code,internal_code,name,manufacturer_name,manufacture_country,manufacturer_item_description,unit_qty,quantity,unit_of_measure,weighted,qty_in_package,price,unit_of_measure_price,allow_discount,status,item_id
55,true,משלוחים לבית,,,משלוחים לבית,יחידה,0.00,יחידה,false,,29.90,0.0000,true,1,34385
301,true,בקבוק ריק חוזר בירה,,,בקבוק ריק חוזר בירה,יחידה,0.00,יחידה,false,,1.20,0.0000,true,1,6851
374,true,פטריות שמפניון,,,פטריות שמפניון,יח',1.00,יח',false,,8.90,8.9000,true,1,50679
519,true,מעורב בבגט,,,מעורב בבגט,יחידה,0.00,יחידה,false,,25.00,0.0000,true,1,223678
1043,true,כרוב לבן כשר,,,כרוב לבן כשר,קילוגרמים,1.00,"ק""ג",true,,14.90,14.9000,true,1,47647
1058,true,חלה רגילה/חלה ציפורי,,,חלה רגילה/חלה ציפורי,גרמים,500.00,100 גרם,false,,5.17,1.0340,true,1,4429
1073,true,סופגניה גדולה בודדת,,,סופגניה גדולה בודדת,יחידה,0.00,יחידה,false,,3.90,0.0000,true,1,2427
1074,true,כרוב אדום כשר,,,כרוב אדום כשר,קילוגרמים,1.00,"ק""ג",true,,14.90,14.9000,true,1,47648
1079,true,מיני סופגניה בודדת,,,מיני סופגניה בודדת,יחידה,0.00,יחידה,false,,3.30,0.0000,true,1,2430
1488,true,אשכולית אדומה,,,אשכולית אדומה,קילוגרמים,1.00,"ק""ג",true,,6.90,6.9000,true,1,50695
1494,true,תפו`א לבן תפזורת,,,תפו`א לבן תפזורת,קילוגרמים,1.00,"ק""ג",true,,5.90,5.9000,true,1,50700
1500,true,פלפל כתום,,,פלפל כתום,קילוגרמים,1.00,"ק""ג",true,,9.90,9.9000,true,1,50704
1501,true,עגבניות,,,עגבניות,קילוגרמים,1.00,"ק""ג",true,,6.90,6.9000,true,1,50705
1502,true,מלפפונים,,,מלפפונים,קילוגרמים,1.00,"ק""ג",true,,5.90,5.9000,true,1,50706
1503,true,גזר ארוז,,,גזר ארוז,קילוגרמים,1.00,"ק""ג",true,,4.90,4.9000,true,1,50707
1504,true,סלק,,,סלק,קילוגרמים,1.00,"ק""ג",true,,6.90,6.9000,true,1,50708
1505,true,כרוב לבן,,,כרוב לבן,קילוגרמים,1.00,"ק""ג",true,,4.90,4.9000,true,1,50709
1506,true,כרוב אדום,,,כרוב אדום,קילוגרמים,1.00,"ק""ג",true,,6.90,6.9000,true,1,50710
1510,true,קישואים,,,קישואים,קילוגרמים,1.00,"ק""ג",true,,6.90,6.9000,true,1,50712
1511,true,חצילים,,,חצילים,קילוגרמים,1.00,"ק""ג",true,,7.90,7.9000,true,1,50713
1513,true,פלפל ירוק,,,פלפל ירוק,קילוגרמים,1.00,"ק""ג",true,,7.90,7.9000,true,1,50714
1515,true,פלפל חריף,,,פלפל חריף,קילוגרמים,1.00,"ק""ג",true,,7.90,7.9000,true,1,50716
1516,true,פלפל אדום,,,פלפל אדום,קילוגרמים,1.00,"ק""ג",true,,9.90,9.9000,true,1,50717
1519,true,בצל יבש,,,בצל יבש,קילוגרמים,1.00,"ק""ג",true,,5.90,5.9000,true,1,50720
1521,true,קולורבי,,,קולורבי,קילוגרמים,1.00,"ק""ג",true,,6.90,6.9000,true,1,50721
1535,true,תפו`א אדום ארוז,,,תפו`א אדום ארוז,קילוגרמים,1.00,"ק""ג",true,,4.90,4.9000,true,1,50728
1545,true,שום ארוז ייבוא יח',,,שום ארוז ייבוא יח',יח',1.00,יח',false,,5.90,5.9000,true,1,50736
1547,true,שומר,,,שומר,קילוגרמים,1.00,"ק""ג",true,,6.90,6.9000,true,1,50738
1548,true,תות שדה ביח',,,תות שדה ביח',יח',1.00,יח',false,,19.90,19.9000,true,1,47780
1550,true,תפו`א לבן ארוז,,,תפו`א לבן ארוז,קילוגרמים,1.00,"ק""ג",true,,4.90,4.9000,true,1,50739
1551,true,לימון,,,לימון,קילוגרמים,1.00,"ק""ג",true,,7.90,7.9000,true,1,50740
1552,true,תפוז,,,תפוז,קילוגרמים,1.00,"ק""ג",true,,6.90,6.9000,true,1,50741
1556,true,בננה מובחרת,,,בננה מובחרת,קילוגרמים,1.00,"ק""ג",true,,6.90,6.9000,true,1,50745
1558,true,אשכולית צהובה,,,אשכולית צהובה,קילוגרמים,1.00,"ק""ג",true,,6.90,6.9000,true,1,50747
1560,true,דלעת ארוזה,,,דלעת ארוזה,קילוגרמים,1.00,"ק""ג",true,,9.90,9.9000,true,1,50749
1561,true,תפוח עץ זהוב,,,תפוח עץ זהוב,קילוגרמים,1.00,"ק""ג",true,,9.90,9.9000,true,1,50750
1563,true,תפוח עץ חרמון,,,תפוח עץ חרמון,קילוגרמים,1.00,"ק""ג",true,,9.90,9.9000,true,1,50752
1564,true,תפוח עץ סמיט,,,תפוח עץ סמיט,קילוגרמים,1.00,"ק""ג",true,,9.90,9.9000,true,1,50753
1568,true,רימון,,,רימון,קילוגרמים,1.00,"ק""ג",true,,13.90,13.9000,true,1,50756
1570,true,קלמנטינה,,,קלמנטינה,קילוגרמים,1.00,"ק""ג",true,,6.90,6.9000,true,1,50757
1572,true,אבוקדו מובחר,,,אבוקדו מובחר,קילוגרמים,1.00,"ק""ג",true,,14.90,14.9000,true,1,50759
1576,true,אגס,,,אגס,קילוגרמים,1.00,"ק""ג",true,,13.90,13.9000,true,1,50762
1581,true,פלפל צהוב,,,פלפל צהוב,קילוגרמים,1.00,"ק""ג",true,,9.90,9.9000,true,1,50764
1590,true,משורית סרט 1590 ממ,,,פומלה,קילוגרמים,1.00,"ק""ג",true,,7.90,7.9000,true,1,50769
1610,true,שרי אשכולות לקג,,,שרי אשכולות לקג,קילוגרמים,1.00,"ק""ג",true,,17.90,17.9000,true,1,50781
1615,true,בצל אדום,,,בצל אדום,קילוגרמים,1.00,"ק""ג",true,,6.90,6.9000,true,1,50785
1616,true,כוסברה כשר,,,כוסברה כשר,יח',1.00,יח',false,,6.90,6.9000,true,1,47650
1617,true,אננס,,,אננס,יח',1.00,יח',false,,36.90,36.9000,true,1,50786
1619,true,פומלית,,,פומלית,קילוגרמים,1.00,"ק""ג",true,,7.90,7.9000,true,1,50788
1620,true,קיווי,,,קיווי,קילוגרמים,1.00,"ק""ג",true,,17.90,17.9000,true,1,50789
1632,true,קישוא זוקיני ירוק,,,קישוא זוקיני ירוק,קילוגרמים,1.00,"ק""ג",true,,11.90,11.9000,true,1,50791
1683,true,תפוח עץ פינק קריפס,,,תפוח עץ פינק קריפס,קילוגרמים,1.00,"ק""ג",true,,11.90,11.9000,true,1,50809
1708,true,גזר תפזורת,,,גזר תפזורת,קילוגרמים,1.00,"ק""ג",true,,4.90,4.9000,true,1,50820
8888,true,פיקדון זיכוי לקוח,,,פיקדון זיכוי לקוח,יחידה,0.00,יחידה,false,,0.30,0.0000,true,1,34533
9999,true,פיקדון בקבוקים,,,פיקדון בקבוקים,יחידה,0.00,יחידה,false,,0.30,0.0000,true,1,70
32147230,false,"מיץ לימון סיצילייה 200 מ""ל",ג'נרל מילס סאן אדריא,,מיץ לימון סיצילייה 2,מיליליטרים,200.00,"100 מ""ל",false,,6.90,3.4500,true,1,338635
40099132,false,מסטיק הובה בובה תות 35ג',,DE,הובה בובה צאנק תות 3,גרמים,35.00,100 גרם,false,,3.00,8.5714,true,1,20578
42123866,false,מסטיק הובה בובה צ'אנק פירות קלאסי 35ג',,,הובה בובה צ'אנק קלאס,גרמים,35.00,100 גרם,false,,3.00,8.5714,true,1,20587
59068907,false,סיגריות פאל מאל כחול דמי סלימס,גלוברנס,,פאל מאל כחול דמי סלי,יחידה,0.00,יחידה,false,,26.00,0.0000,false,1,4085
72917367,false,טעמי 28 חטיף 40 גר',"שטראוס גרופ בע""מ",IL,טעמי 40 גר',גרמים,40.00,100 גרם,false,,3.90,9.7500,true,1,22124
72940754,false,מילקי וניל 133 גרם,"שטראוס גרופ בע""מ",IL,"מילקי וניל 170 מ""ל",מיליליטרים,170.00,"100 מ""ל",false,,2.90,1.7059,true,1,23190
72940761,false,מילקי שוקולד מהדרין 170 ג',מיוצר עי קונדיטוריית,IL,מילקי שוקולד מהדרין,מיליליטרים,170.00,"100 מ""ל",false,,2.90,1.7059,true,1,23191
72940952,false,מילקי פי 2 קצפת אקסטרה 170 ג',"שטראוס גרופ בע""מ",IL,מילקי אקסטראה קצפת מ,מיליליטרים,110.00,"100 מ""ל",false,,3.50,3.1818,true,1,23192
72941041,false,מיני מילקי שוקולד 62 גרם,"שטראוס גרופ בע""מ",IL,מיני מילקי שוקולד 70,מיליליטרים,70.00,"100 מ""ל",false,,2.50,3.5714,true,1,23195
72945308,false,קוביות שמרים לאפיה שמרית 2*25 ג',"פאקא תעשיות בע""מ",IL,שמרית קוביות שמרים ל,גרמים,50.00,100 גרם,false,,3.50,7.0000,true,1,23196
72961209,false,"שמנת חמוצהבד""צ תנובה",,IL,"שמנת חמוצהבד""צ תנובה",מיליליטרים,200.00,"100 מ""ל",false,,2.40,1.2000,true,1,25670
72961223,false,"גילה גדול 200 מ""ל",,IL,"גיל 3% בד""צ 200 מ""ל",מיליליטרים,200.00,"100 מ""ל",false,,1.51,0.7550,true,1,25672
72961506,false,יוגורט עם תות 1.5% שומן 125 ג' פרילי,מיוצר עי קונדיטוריית,IL,פרילי תות 1.5% 125מל,מיליליטרים,125.00,"100 מ""ל",false,,3.70,2.9600,true,1,25673
72961520,false,יוגורט עם אננס 1.5% שומן 125 ג' פרילי,מיוצר עי קונדיטוריית,IL,פרילי אננס 1.5% 125מ,מיליליטרים,125.00,"100 מ""ל",false,,3.70,2.9600,true,1,25675
72961544,false,יוגרט תות 3% 125שומן ג' באדי,מחלבת אלון תבור,IL,באדי תות 125מל,מיליליטרים,125.00,"100 מ""ל",false,,2.90,2.3200,true,1,25676
72963753,false,שמנת אורגינל של פעם 27% שומן 200 ג' תנובה,תנובה מרכז שיתופי לש,IL,תנובה שמנת של פעם 27,מיליליטרים,200.00,"100 מ""ל",false,,4.20,2.1000,true,1,25681
72964132,false,פרילי טבע 1.9% גביע 200 גר,מיוצר עי קונדיטוריית,IL,פרילי טבע עם גרנולה,מיליליטרים,200.00,"100 מ""ל",false,,4.90,2.4500,true,1,25683
72964422,false,"יוגורט פרחים גביע 4.5% 200 מ""ל",מחלבת תנובה,IL,תנובה יוגורט פרחים 4,מיליליטרים,200.00,"100 מ""ל",false,,2.90,1.4500,true,1,25684
72983997,false,גולף גולד 100 פ.ע חפיסה,דובק,,גולף גולד ארוך,יחידה,0.00,יחידה,false,,29.90,0.0000,false,1,4528
72986233,false,באדי מעדן וניל גביע 125גרם 2% בדצ,מחלבת אלון תבור,IL,באדי וניל בדץ 125מל,מיליליטרים,125.00,"100 מ""ל",false,,2.90,2.3200,true,1,25685
72986240,false,באדי מעדן שוקו גביע 125גרם 2% בדצ,מחלבת אלון תבור,IL,באדי שוקו בדץ 125מל,מיליליטרים,125.00,"100 מ""ל",false,,2.90,2.3200,true,1,25686
72991008,false,חטיף פסק זמן במילוי ופל מגולגל 45 גרם,"שטראוס גרופ בע""מ",IL,"פסק זמן קלאסי בד""צ",גרמים,45.00,100 גרם,false,,4.90,10.8889,true,1,22130
72991374,false,סיגריות טיים רד חפיס,דובק,,טיים רד,יחידה,0.00,יחידה,false,,28.90,0.0000,false,1,4530
80773429,false,מסטיק מנטוס פיור פרש בבקבוק בינוני בטעם תות 60 ג',"פרפטי ואן מלה ג'ידה,",TR,מסטיק מנטוס בקבוק בט,גרמים,60.00,100 גרם,false,,10.90,18.1667,true,1,12536
80773443,false,מסטיק מנטוס בבקבוק מעוגל בטעם מנטה מעודנת 60 ג',"פרפטי ואן מלה ג'ידה,",TR,מסטיק מנטוס בקבוק בט,גרמים,60.00,100 גרם,false,,10.90,18.1667,true,1,12537
80780595,false,מסטיק מנטוס ביג בבקבוק מעוגל טעם מנטה-עדינה 90 ג',הרשי,TR,מסטיק מנטוס ביג בבקב,גרמים,90.00,100 גרם,false,,17.90,19.8889,true,1,12539
80790990,false,מסטיק מנטוס בבקבוק מעוגל בטעם פירות -מנטה 60 ג',"פרפטי ואן מלה ג'ידה,",TR,מסטיק מנטוס בקבוק בט,גרמים,60.00,100 גרם,false,,10.90,18.1667,true,1,12541
80862130,false,מסטיק מנטוס פיור פרש בטעם אבטיח 28 גרם,פרפטי ואן מלה ברדה,TR,מסטיק מנטוס פיור פרש,גרמים,28.00,100 גרם,false,,4.50,16.0714,true,1,121829
80913467,false,מסטיק מנטו בבקבוק מעוגל בטעם מנטה 60 ג',פרפטי ואן מלה ברדה,TR,מסטיק מנטוס בקבוק בט,גרמים,60.00,100 גרם,false,,10.90,18.1667,true,1,12562
80954521,false,מסטיק מנטוס פיור פרש בטעם תות 28 גרם,פרפטי ואן מלה ברדה,TR,מסטיק מנטוס פיור פרש,גרמים,28.00,100 גרם,false,,4.50,16.0714,true,1,121830
80986348,false,סוכריות פיור וויט טעם מנטה 60 ג' מנטוס,"פרפטי ואן מלה ג'ידה,",TR,מנטוס פיור וויט ללא,גרמים,60.00,100 גרם,false,,10.90,18.1667,true,1,205579
80995128,false,מנטוס - מסטיק בטעם הדרים בתוספת ויטמינים 60 גרם,ווינפאק,TR,מסטיק מנטוס ויטמין ל,גרמים,60.00,100 גרם,false,,10.90,18.1667,true,1,322804
87108538,false,סוכריות מנטוס תות גל,הדקלאים אגודת שיתופי,NL,מנטוס תות בגליל 37.5,גרמים,37.50,100 גרם,false,,2.90,7.7333,true,1,12575
87108651,false,מנטוס מנטה מארז 4 יח' * 37.5 ג',הדקלאים אגודת שיתופי,NL,סוכריות מנטוס מנטה 1,גרמים,150.00,100 גרם,false,,10.90,7.2667,true,1,12576
87108712,false,מנטוס פירות מארז 4 יח' * 37.5 ג',קדבורי,NL,סוכריות מנטוס פירות,גרמים,150.00,100 גרם,false,,10.90,7.2667,true,1,12577
87311396,false,מנטוס ריינבואו בגליל 40 ג',פרפטי ואן מלה,NL,מנטוס סוכריות גליל,גרמים,37.00,100 גרם,false,,2.90,7.8378,true,1,12581
198888886,false,עיגול אגורות,,,עיגול אגורות,יחידה,0.00,יחידה,false,,1.00,0.0000,true,1,47074
8421361250,false,בובת TY עיניים גדולות (S) דיוק הכלב לבן חום,,,בובות TY עיניים גדול,יחידה,0.00,יחידה,false,,28.90,0.0000,true,1,31735
16000423534,false,ניטשר ואלי חטיף שיבולת שועל שוקולד מריר קראנצי 210ג',ג'נרל מילס סאן אדריא,ES,חטיף קראנצי שיבולת ש,גרמים,210.00,100 גרם,false,,19.50,9.2857,true,1,12587
18000703494,false,תערובת עוגת וניל פיסברי 500 גר',הדקלאים אגודת שיתופי,IL,תערובת לעוגת וניל פר,גרמים,517.00,100 גרם,false,,18.50,3.5783,true,1,12599
25675120006,false,חמצוצים 4 צבעים טבעי 100 גרם,,,חמצוצים חמצוצים טבעי,גרמים,100.00,100 גרם,false,,8.90,8.9000,true,1,3748
25675120020,false,מקלות חמצוצים פטל 100 גרם,,,חמצוצים מקלות פטל 10,גרמים,100.00,100 גרם,false,,8.90,8.9000,true,1,3749
25675120037,false,מקלות חמצוצים תות 100 גרם,,,חמצוצים מקלות תות 10,גרמים,100.00,100 גרם,false,,8.90,8.9000,true,1,3750
25675120068,false,מקלות חמצוצים קולה 100 גרם,,,חמצוצים מקלות קולה 1,גרמים,100.00,100 גרם,false,,8.90,8.9000,true,1,3752
25675300958,false,סטיגלס קשיות עם אבקה חמוצה,,,סטיגלס קשיות עם אבקה,גרמים,9.00,100 גרם,false,,1.20,13.3333,true,1,12957
25675950382,false,סוכריות אודלס פטל פשקס 224 גר',,,פשקס סוכריות אודלס פ,גרמים,224.00,100 גרם,false,,13.90,6.2054,true,1,12959
29424000298,false,ופל שוקולד ללא תוספת,,,ופל שוקולד ללא תוספת,גרמים,180.00,100 גרם,false,,7.90,4.3889,true,1,36017
36000183399,false,האגיס - ליטל סווימרס סמול 12 יח',KC Czech,,האגיס בגד ים חד פעמי,יחידה,0.00,יחידה,false,,33.90,0.0000,true,1,8766
36000516890,false,קלינקס - טישו לושן 3 שכבות 120 דף,קימברלי,GB,קלינקס לושן תלת שכבת,יחידה,0.00,יחידה,false,,20.90,0.0000,true,1,8775
37600207188,false,חמאת בוטנים סקיפי קלאסי 462 גר',חברת המזון אלגוד,US,סקיפי חמאת בוטנים קל,גרמים,462.00,100 גרם,false,,17.90,3.8745,true,1,5213
37600207256,false,חמאת בוטנים סקיפי עם שברי בוטנים 462 גר',חברת המזון אלגוד,US,סקיפי חמאת בוטנים עם,גרמים,462.00,100 גרם,false,,17.90,3.8745,true,1,5214
38000232152,false,פרינגלס ברביקיו 158 גרם – חדש,פרינגלס מניופקצ'ורינ,US,פרינגלס ביג ברביקיו,גרמים,158.00,100 גרם,false,,8.90,5.6329,true,1,52452
38000232183,false,פרינגלס אוריגינל 149 גרם,פרינגלס מניופקצ'ורינ,US,פרינגלס ביג אורגינל,גרמים,158.00,100 גרם,false,,8.90,5.6329,true,1,52454
44600300580,false,"מרסס כלורקס לניקוי עם אקונומיקה 946 מ""ל",כלורוקס אוקלנד,US,כלורקס קלין אפ פרש כ,מיליליטרים,946.00,"100 מ""ל",false,,20.90,2.2093,true,1,133305
50000015474,false,פריסקיז מעדני הים 4*,פורינה,US,פריסקיז מעדני הים 4*,קילוגרמים,1.40,"ק""ג",false,,39.90,28.5000,true,1,141362
50000084500,false,"פריסקיז מנתחי ברביקיו 1.4 ק""ג",פורינה,US,פריסקיז מעדני השף מנ,קילוגרמים,1.43,"ק""ג",false,,39.90,27.9021,true,1,18344
50000100347,false,"פריסקיז - מעדני החתול מועשר בחלב 1.40 ק""ג",פורינה,US,פריסקיז מעדני החתול,קילוגרמים,1.40,"ק""ג",false,,39.90,28.5000,true,1,18346
50000168583,false,"פריסקיז אקסטרא קראנץ 1.43 ק""ג",פורינה,US,פריסקיז אקסטרא קראננ,קילוגרמים,1.42,"ק""ג",false,,39.90,28.0986,true,1,141337
50000225224,false,פריסקיז פריים פילה הודו ברוטב 156 גר,פורינה,US,פריסקיז פריים פילה ה,גרמים,156.00,100 גרם,false,,6.90,4.4231,true,1,18349
50000237951,false,פריסקיז פארטי מיקס מ,פורינה,US,פריסקיז פארטי מיקס מ,גרמים,60.00,100 גרם,false,,11.90,19.8333,true,1,296760
50000429646,false,פנסי פיסט דגי אוקיינוס 85 גרם,פורינה,US,פנסי פיסט פטה דג אוק,גרמים,85.00,100 גרם,false,,5.70,6.7059,true,1,18360
50000574414,false,פריסקיז פארטי מיקס פ,פורינה,US,פריסקיז פארטי מיקס פ,גרמים,60.00,100 גרם,false,,11.90,19.8333,true,1,296762
50000574438,false,פריסקיז פארטי מיקס מ,פורינה,US,פריסקיז פארטי מיקס מ,גרמים,60.00,100 גרם,false,,11.90,19.8333,true,1,296763
50000578238,false,פריסקיז פארטי מיקס ק,פורינה,US,פריסקיז פארטי מיקס ק,גרמים,60.00,100 גרם,false,,11.90,19.8333,true,1,296764
54881000048,false,תה במבחר פרי הדר 20 שקיקים אחמד,,,תה שחור מבחר פרי הדר,גרמים,695.00,100 גרם,false,,8.90,1.2806,true,1,117750
54881000055,false,תה שחור מבחר פירות 20 שקיות אחמד,,,תה שחור מבחר פירות 2,גרמים,695.00,100 גרם,false,,8.90,1.2806,true,1,117751
54881000208,false,תה שחור לימון וגינגיר 20 שקיות אחמד,,,תה שחור לימון וגינג',גרמים,711.00,100 גרם,false,,8.90,1.2518,true,1,117753
54881003971,false,תה ירוק מבחר 20 שקיקים,,,תה ירוקמ בחר 20 שקיו,גרמים,180.00,100 גרם,false,,9.90,5.5000,true,1,117769
54881004787,false,תה ירוק אחמד 100 שקיות,,,תה ירוק 100 שקיות,גרמים,180.00,100 גרם,false,,14.90,8.2778,true,1,117711
54881005654,false,תה ירוק יסמין 20 שקיות AHMAD TEA,,,תה ירוק יסמין 20 שקי,גרמים,180.00,100 גרם,false,,9.90,5.5000,true,1,117770
54881006972,false,תה שחור לימון וליים 20 שקיקים אחמד,,,תה שחור לימון וליים,יחידה,0.00,יחידה,false,,8.90,0.0000,true,1,117755
54881008945,false,תה ירוק 20 שקיות AHMAD TEA,,,תה ירוק 20 שקיות - ת,גרמים,180.00,100 גרם,false,,9.90,5.5000,true,1,117773
54881016001,false,חליטות פרי 4 טעמים 20 שקיקים אחמד,,,תה 4 סוגי חליטות פרי,גרמים,695.00,100 גרם,false,,8.90,1.2806,true,1,117756
70177177669,false,חליטה למון גינגר 30 גרם טווינינג,,PL,טווינינג חליטה למון,גרמים,30.00,100 גרם,false,,17.90,59.6667,true,1,13672
70177177683,false,חליטה קמומיל האני 30 גרם טווינינג,,PL,טווינינג חליטה קמומי,גרמים,30.00,100 גרם,false,,17.90,59.6667,true,1,13674
77245110610,false,סוכריות מאסט ללא סוכר בטעם מנטה 80 ג'עלית,MIESZKO S.A - MS. JO,CO,סוכריות מאסט ללא סוכ,גרמים,80.00,100 גרם,false,,7.90,9.8750,true,1,22139
77975094778,false,שברי בייגלה סניידרס בטעם דבש חרדל 340 גר,סניידרס,US,סניידרס שברי בייגלה,גרמים,340.00,100 גרם,false,,15.90,4.6765,true,1,166571
77975095157,false,סניידרס שברי בייגלה וחלפיניו 340 גרם,סניידרס,US,בייגלה סניידרס בטעם,גרמים,318.00,100 גרם,false,,17.70,5.5660,true,1,284792
611745285432,false,סט 3 מגבות מטבח,,,סט 3 מגבות מטבח,יחידה,0.00,יחידה,false,,14.90,0.0000,true,1,68823
633016004047,false,כרובית 680 גר' מהדרין,,,כרובית פרחים 680 גרם,גרמים,680.00,100 גרם,false,,24.90,3.6618,true,1,142917
634065859329,false,אוזנייה שחורה,,,אוזנייה שחורה,יחידה,0.00,יחידה,false,,29.90,0.0000,true,1,253703
645173911038,false,מלפפון קורנישון מיני בצנצנת 720ג',קלמן אינדיה,,מלפפונים קורנישון מי,גרמים,720.00,100 גרם,false,,10.90,1.5139,true,1,24888
710535495539,false,"אורז בסמטי 96% 1 ק""ג Avel",,IN,"אבאל אורז בסמטי 1 ק""",קילוגרמים,1.00,"ק""ג",false,,11.90,11.9000,true,1,81570
753182231761,false,"משקה אנרגיה BLU ללא תוספת סוכר 250 מ""ל",אקו - ביט,PL,בלו סיקס ללא סוכר 25,מיליליטרים,250.00,"100 מ""ל",false,,4.50,1.8000,true,1,1805
810044130126,false,ספוג ניקוי סקראב ממי,,,ספוג ניקוי דו צדדי ב,יחידה,0.00,יחידה,false,,17.90,0.0000,true,1,323399
811146030291,false,סוכריות טופי פטל סבי,,,סוכריות טופי פטל סבי,גרמים,16.00,100 גרם,false,,1.50,9.3750,true,1,338855
811146030741,false,סוכריות לולי פופ חמוץ משפחתי 144 גרם,,,סוכריות קשות על מקל,גרמים,144.00,100 גרם,false,,13.90,9.6528,true,1,234687
811146030765,false,פרו-זיפס כפול פירות בשקית 255 גר',,,פרו-זיפס כפול פירות,גרמים,255.00,100 גרם,false,,12.90,5.0588,true,1,234656
811250030699,false,פלפל שחור טחון 50 גר,,,פלפל שחור טחון 50 גר,גרמים,50.00,100 גרם,false,,5.90,11.8000,true,1,34709
833949000264,false,"סירופ מייפל אמיתי 100% אורגני 250 מ""ל",כפרי בריא,CA,סירופ מייפל אמיתי 10,גרמים,330.00,100 גרם,false,,35.90,10.8788,true,1,106708
835811000372,false,שקיות הקפאה למזון נשלף 100 יח',,,שקיות הקפאה למזון נש,יחידה,0.00,יחידה,false,,9.90,0.0000,true,1,7416
835811000402,false,כפות 50 יח' קרם עבה,,TR,כפות 50 יח' קרם עבה,יחידה,0.00,יחידה,false,,16.90,0.0000,true,1,7418
835811001522,false,כפיות 100 יח` לקפה ו,,,כפיות 100 יח` לקפה ו,יחידה,0.00,יחידה,false,,9.90,0.0000,true,1,7424
835811001713,false,נילון נצמד 150 מטר רוחב 30 סמ,,,נילון ניצמד 150 מ' ר,מטרים,150.00,מטר,false,,19.90,0.1327,true,1,7438
835811001959,false,תבנית אולמניום עבה רוסטר בינוני 3 יח',,,תבנית אלומניום עבה ר,יחידה,0.00,יחידה,false,,10.90,0.0000,true,1,7458
835811003588,false,צלחות קלאסי גדול לבן 65 יח' הנמל,,,צלחות קלאסי לבן גדול,יחידה,0.00,יחידה,false,,34.90,0.0000,true,1,237091
835811003595,false,צלחות קלאסי קטן לבן 65 יח' הנמל,,,צלחות קלאסי לבן קטן,יחידה,0.00,יחידה,false,,24.90,0.0000,true,1,237092
835811004431,false,מארז ממחטות טישו משי 100X5 יח',,,מארז ממחטות נייר טי,יח',5.00,יח',false,,9.90,1.9800,true,1,208457
835811004523,false,קשים מיוחדים לשייק 75 יח הנמל,,CN,הנמל קשים מיוחדים לש,יח',75.00,יח',false,,9.90,0.1320,true,1,7506
835811005810,false,תבנית אלמניום מרובע קטן מכסה10 יח',,IL,תבנית אלומיניום מרוב,יחידה,0.00,יחידה,false,,11.90,0.0000,true,1,7554
835811005933,false,תבנית אלמניום ענק 5יח',ווינפאק,,תבנית ענקית 5 יח. R-,יחידה,0.00,יחידה,false,,11.90,0.0000,true,1,7556
835811005940,false,תבנית אלמניום גדולה מכסה 8 יח',,IL,תבנית גדולה עם מכסה,יחידה,0.00,יחידה,false,,11.90,0.0000,true,1,7557
835811005957,false,תבנית אלמניום מכסה 8 יח',יבוא ושיווק: הנמל אר,IL,תבנית מלבנית עם מכסה,יחידה,0.00,יחידה,false,,11.90,0.0000,true,1,7558
835811007142,false,עדשים ירוקים הנמל 50,,,עדשים ירוקים הנמל 50,גרמים,500.00,100 גרם,false,,5.90,1.1800,true,1,7621
835811007210,false,חומוס הנמל 500 גרם,יבוא ושיווק: הנמל אר,IL,חומוס הנמל 500 גרם,גרמים,500.00,100 גרם,false,,5.90,1.1800,true,1,7626
835811007258,false,שעועית לבנה הנמל 500,נארז על ידי: הנמל אר,IL,שעועית הנמל 500 גרם,גרמים,500.00,100 גרם,false,,7.90,1.5800,true,1,7630
835811007357,false,לפתניות אובלי 25 יח',,TR,סלטינות 25 יחידות,יחידה,0.00,יחידה,false,,7.90,0.0000,true,1,7631
835811008699,false,כפות שקוף/קרם עבה במיוחד הנמל 50 יח,,TR,כפות 50 יח שקוף עבה,יחידה,0.00,יחידה,false,,16.90,0.0000,true,1,7650
835811008934,false,מזלגות 50 יח שקוף/קרם עבה במיוחד,,TR,מזלגות 50 יח עבה במי,יחידה,0.00,יחידה,false,,16.90,0.0000,true,1,7661
835811008941,false,סכינים 50 יח שקוף/קרם עבה במיוחד,"איטיליאן פוד, אס.פי.",TR,סכינים 50 יח שקוף עב,יחידה,0.00,יחידה,false,,16.90,0.0000,true,1,7662
835811008989,false,כוסות קרטון 12 אוז 5,,,כוסות קרטון 12 אוז 5,יחידה,0.00,יחידה,false,,19.90,0.0000,true,1,7665
841058006633,false,"אדג' ג'יל גילוח מועשר בשיבולת שועל 198 מ""ל",,,ג'ל גילוח אדג' מועשר,מיליליטרים,198.00,"100 מ""ל",false,,19.90,10.0505,true,1,108146
884912365200,false,דגני בוקר אוראו 311 גרם מתכון חדש,פוסט,US,דגני בוקר עם פירורי,גרמים,311.00,100 גרם,false,,22.90,7.3633,true,1,297434
2020222000001,false,אנטיגן 20 יח' COVID19 GENSURE ביתי-,,,ערכת בדיקה אנטיגן 20,יחידה,0.00,יחידה,false,,239.00,0.0000,true,1,224598
3010470155299,false,פריסקיז פטה בקר וירק,ניו פטפוד איטליה,IT,פריסקיז פטה בקר וירק,גרמים,400.00,100 גרם,false,,11.90,2.9750,true,1,18370
3010470158221,false,פריסקיז פטה עוף וירק,ניו פטפוד איטליה,IT,פריסקיז פטה עוף וירק,גרמים,400.00,100 גרם,false,,11.90,2.9750,true,1,18371
3014260201753,false,סכיני גילוח בלו 2 פלוס חמישייה,פרוקטר אנד גמבל,PL,סכיני גילוח חד פעמיי,יחידה,0.00,יחידה,false,,12.90,0.0000,true,1,26739
3045206360609,false,"דזיטול נוזל מחטא בגדים בכביסה, 1 ליטר",,,דזיטול נוזל מחטא בגד,מיליליטרים,1.00,"100 מ""ל",false,,23.90,2390.0000,true,1,244490
3059943016507,false,"אירוויק ספריי בניחוח לבנדר וקמומיל 240 מ""ל",,,איירויק ספריי לבנדר,מיליליטרים,240.00,"100 מ""ל",false,,9.90,4.1250,true,1,20768
3059943016569,false,"אירוויק ספריי בניחוח פריסיה ויסמין 240 מ""ל",,,אירוויק ספריי פרסיה,מיליליטרים,240.00,"100 מ""ל",false,,9.90,4.1250,true,1,20770
3068320063003,false,מים מינרלים אוויאן 330 מל,קריניציה ויטמינה אס,FR,מים מינרלים טבעיים מ,מיליליטרים,330.00,"100 מ""ל",false,,6.20,1.8788,true,1,282118
3162330060479,false,בירה SAER BRAU 6*250,,,בירה SAER BRAU 6*250,ליטרים,1.50,ליטר,false,,14.90,9.9333,true,1,324073
3387390525960,false,קראנץ' דגנים פריכים עם שוקולד 500 גרם,הנסיך- מפעל לייצור ט,FR,דגני קראנץ' נסטלה 50,גרמים,500.00,100 גרם,false,,25.50,5.1000,true,1,18373
3387390730852,false,דגנים מחיטה מלאה 375 ג' פיטנס,האחים פלם הגפן,FR,דגני פיטנס נסטלה 375,גרמים,375.00,100 גרם,false,,21.90,5.8400,true,1,18374
3560070232963,false,קרפור-חליטת פירות יע,,,קרפור-חליטת פירות יע,גרמים,40.00,100 גרם,false,,6.90,17.2500,true,1,324223
3560070852086,false,קרפור-תה ירוק בטעם נ,,,קרפור-תה ירוק בטעם נ,גרמים,40.00,100 גרם,false,,6.90,17.2500,true,1,324254
3560070852116,false,קרפור-תה ירוק נענע 5,,,קרפור-תה ירוק נענע 5,גרמים,80.00,100 גרם,false,,8.90,11.1250,true,1,324239
3560070888108,false,קרפור-תה שחור בטעם ל,,,קרפור-תה שחור בטעם ל,גרמים,40.00,100 גרם,false,,6.90,17.2500,true,1,324270
3560070888115,false,קרפור-חליטת טיליה 25,,,קרפור-חליטת טיליה 25,גרמים,42.50,100 גרם,false,,6.90,16.2353,true,1,324194
3560070888122,false,קרפור-חליטת קמומיל 2,,,קרפור-חליטת קמומיל 2,גרמים,30.00,100 גרם,false,,6.90,23.0000,true,1,324178
3560070888139,false,קרפור-תה שחור בטעם פ,,,קרפור-תה שחור בטעם פ,גרמים,42.50,100 גרם,false,,6.90,16.2353,true,1,324255
3560070888153,false,קרפור-תה ירוק בטעם ל,,,קרפור-תה ירוק בטעם ל,גרמים,40.00,100 גרם,false,,6.90,17.2500,true,1,324285
3560070928194,false,קרפור-חליטת לואיזה 2,,,קרפור-חליטת לואיזה 2,גרמים,32.50,100 גרם,false,,6.90,21.2308,true,1,324179
3560070928347,false,קרפור-חליטת רויבוש ו,,,קרפור-חליטת רויבוש ו,גרמים,40.00,100 גרם,false,,6.90,17.2500,true,1,324224
3560071188689,false,בירה Walberg 6*250 מ,,,בירה Walberg 6*250 מ,ליטרים,1.50,ליטר,false,,17.90,11.9333,true,1,324058
3560071341947,false,שמן זית כתית מעולה ב,,FR,שמן זית כתית מעולה ב,מיליליטרים,750.00,"100 מ""ל",false,,11.50,1.5333,true,1,304265
3560071431945,false,קפסולות קפה קרפור עו,,FR,קפסולות קפה קרפור עו,גרמים,52.00,100 גרם,false,,6.90,13.2692,true,1,306123
3560071432065,false,קפסולות קפה קרפור עו,,FR,קפסולות קפה קרפור עו,גרמים,52.00,100 גרם,false,,6.90,13.2692,true,1,306126
3560071432096,false,קפסולות קפה קרפור עו,,FR,קפסולות קפה קרפור עו,גרמים,52.00,100 גרם,false,,6.90,13.2692,true,1,306127
3560071432157,false,קפסולות קפה וניל קרפ,,FR,קפסולות קפה וניל קרפ,גרמים,52.00,100 גרם,false,,6.90,13.2692,true,1,306128
3560071432218,false,קפסולות קפה אגוז קרפ,,FR,קפסולות קפה אגוז קרפ,גרמים,52.00,100 גרם,false,,6.90,13.2692,true,1,306130
3560071432690,false,קפסולות קפה קרפור עו,,FR,קפסולות קפה קרפור עו,גרמים,52.00,100 גרם,false,,6.90,13.2692,true,1,306138
3560071442545,false,בירה SAER BRAU 6*250,,,בירה SAER BRAU 6*250,ליטרים,1.50,ליטר,false,,14.90,9.9333,true,1,324088
3574661098531,false,ניוטרוגינה תחליב גוף מועשר לעור יבש/רגיש,,GR,ניוטרוג'ינה תחליב גו,מיליליטרים,400.00,"100 מ""ל",false,,33.90,8.4750,true,1,21252
3574661419435,false,תחבושת הגיינית וניה מקסי לילה 12 יח',גונסון,BE,תחבושות הגייניות מקס,יחידה,0.00,יחידה,false,,23.90,0.0000,true,1,282825
3574661485218,false,טמפונים נורמל אובה 32 יח' פרוקומפורט,,,אובה פרוקומפורט נורמ,יחידה,0.00,יחידה,false,,21.90,0.0000,true,1,272126
3574661552576,false,קרפרי מגן תחתון רגיל טנגה לבן 56 יח חדש,הדקלאים אגודת שיתופי,IT,קרפרי רגיל טנגה לבן,יחידה,0.00,יחידה,false,,14.90,0.0000,true,1,64333
3574661554877,false,מגן תחתון קרפרי כותון מבושם 56 יח,הנסיך- מפעל לייצור ט,GR,קרפרי כותון מבושם 56,יחידה,0.00,יחידה,false,,14.90,0.0000,true,1,64320
3574661643359,false,"מי פה ליסטרין נטורלס 96% רכיבים 500 מ""ל",,IT,שטיפת פה בטעם מעודן,מיליליטרים,500.00,"100 מ""ל",false,,19.90,3.9800,true,1,236347
3600522344032,false,לוריאל - אלביב מסכה טוטאל ריפר 300,,,מסכת אלביב טוטל ריפי,מיליליטרים,300.00,"100 מ""ל",false,,24.90,8.3000,true,1,12165
3600523652242,false,"לוריאל - אלביב שמפו קולור פרוטקט 550 מ""ל",,,שמפו קולור אלביב 550,מיליליטרים,550.00,"100 מ""ל",false,,14.90,2.7091,true,1,12278
3600523782567,false,"לוריאל - אלביב שמפו דרים לונג 500 מ""ל",,FR,שמפו דרים לונג אלביב,מיליליטרים,500.00,"100 מ""ל",false,,14.90,2.9800,true,1,12287
3600523782574,false,לוריאל - אלביב מסכה דרים לונג 300,פאפרוג'י,FR,מסכה דרים לונג אלביב,מיליליטרים,300.00,"100 מ""ל",false,,24.90,8.3000,true,1,12288
3600523782581,false,"לוריאל - אלביב מרכך דרים לונג 500 מ""ל",,FR,מרכך דרים לונג אלביב,מיליליטרים,500.00,"100 מ""ל",false,,14.90,2.9800,true,1,12289
3600524051334,false,אלביב מרכך היאלורוני,,,אלביב מרכך היאלורוני,מיליליטרים,400.00,"100 מ""ל",false,,13.90,3.4750,true,1,278692
3600524055400,false,לוריאל - אלביב שמפו היאלורונית 500 מ''ל,,,אלביב שמפו היאלורוני,מיליליטרים,400.00,"100 מ""ל",false,,14.90,3.7250,true,1,278706
3607343817547,false,"אדידס - דאודורנט ספריי לגבר קליימקול 150 מ""ל",COLEPCCL,PT,דאודורנט ספריי לגבר,מיליליטרים,150.00,"100 מ""ל",false,,12.90,8.6000,true,1,104768
3607347918981,false,"אדידס - דאודורנט רול און לאישה קול אנד קר 6 ב-1 50 מ""ל",,,דאו' רולאון לאישה 6,יחידה,0.00,יחידה,false,,13.90,0.0000,true,1,5530
3614223736003,false,"אדידס - דאודורנט ספריי לגבר אדיפיור 150 מ""ל",איגפק אס.איי,PT,דאודורנט ספריי לגבר,מיליליטרים,150.00,"100 מ""ל",false,,12.90,8.6000,true,1,104770
3614224050986,false,"אדידס - דאודורנט ספריי לגבר אדיפאוור 72 שעות 150 מ""ל","ב.א מזון בע""מ",PT,דאודורנט ספריי לגבר,מיליליטרים,150.00,"100 מ""ל",false,,12.90,8.6000,true,1,104771
3616180424856,false,קרפור הום -30 מפיות,,,קרפור הום -30 מפיות,יחידה,0.00,יחידה,false,,5.90,0.0000,true,1,332159
3616180424863,false,קרפור הום -30 מפיות,,,קרפור הום -30 מפיות,יחידה,0.00,יחידה,false,,5.90,0.0000,true,1,332160
3616180424931,false,קרפור הום -30 מפיות,,,קרפור הום -30 מפיות,יחידה,0.00,יחידה,false,,5.90,0.0000,true,1,332162
3616180424948,false,קרפור הום -30 מפיות,,,קרפור הום -30 מפיות,יחידה,0.00,יחידה,false,,5.90,0.0000,true,1,332163
3616180425099,false,קרפור הום -30 מפיות,,,קרפור הום -30 מפיות,יחידה,0.00,יחידה,false,,5.90,0.0000,true,1,332165
3616180425129,false,קרפור הום -30 מפיות,,,קרפור הום -30 מפיות,יחידה,0.00,יחידה,false,,5.90,0.0000,true,1,332166
3616180425174,false,קרפור הום -30 מפיות,,,קרפור הום -30 מפיות,יחידה,0.00,יחידה,false,,5.90,0.0000,true,1,332169
3616180425198,false,קרפור הום -30 מפיות,,,קרפור הום -30 מפיות,יחידה,0.00,יחידה,false,,5.90,0.0000,true,1,332171
3800020403631,false,חטיף שוקולד צאנקי חמאת בוטנים 42ג' קיט קט,נסטלה בולגריה A.D.,BG,קיט קט צ'אנקי חמאת ב,גרמים,42.00,100 גרם,false,,3.90,9.2857,true,1,41902
3800020472712,false,חטיף קיט קאט צאנקי פופקורן 42 ג',,,קיט קט צ'אנקי פופקו,גרמים,42.00,100 גרם,false,,3.90,9.2857,true,1,275486
3800034954150,false,מארז 3 יחידות פריש דריי,,,עץ ריח איירון שלישיה,יחידה,0.00,יחידה,false,,10.50,0.0000,true,1,31702
3800034965798,false,פחתי ריח באריזת בליסטר,,,פחית ריח בבליסטר are,יחידה,0.00,יחידה,false,,14.90,0.0000,true,1,31709
3800034966122,false,מטהר אוייר ברפיום 68 מ''ל,,,"מפית ריח 85 מ""ל אראו",יחידה,0.00,יחידה,false,,19.90,0.0000,true,1,31710
4004666042004,false,"מלרוד - מרסס משמיד עובש 500 מ""ל",מלרוד,DE,מלרוד מחסל עובש+מרסס,מיליליטרים,500.00,"100 מ""ל",false,,32.00,6.4000,true,1,11274
4005808368280,false,לבלו דובדבן בליסטר שפתון,טרופיקל דגיל תעשיות,DE,שפתון דובדבן לבלו 4.,גרמים,4.80,100 גרם,false,,11.90,247.9167,true,1,51000
4005808698103,false,ניוואה תחליב גוף משאבה 500מל,בטר אנד דיפרנט,DE,ניוואה תחליב גוף לע,מיליליטרים,500.00,"100 מ""ל",false,,27.90,5.5800,true,1,323039
4005900513045,false,"ניוואה - דאודורנט ספריי לגבר דיפ 150 מ""ל",ביירסדורף,DE,דאו ספריי לגבר DEEP,מיליליטרים,150.00,"100 מ""ל",false,,14.90,9.9333,true,1,51097
4008287762020,false,בירה קרומבאכר חיטה 0.50 ליטר בקבוק,,DE,בירה קרומבאכר חיטה 5,מיליליטרים,500.00,"100 מ""ל",false,,10.20,2.0400,true,1,250906
4009300525684,false,תה חליטת פומפדור לימון וגינגיר 20 יח,טיקנה,DE,פומפדור חליטת לימוןג,גרמים,35.00,100 גרם,false,,16.90,48.2857,true,1,21305
4009900379564,false,מסטיק הובה בובה באבל טייפ פירות 56 גר',מארס,GB,הובה בובה טייפ פירות,גרמים,56.00,100 גרם,false,,6.50,11.6071,true,1,20647
4009900385824,false,מסטיק אורביט משפחתי חמישיות כחול 65ג',,DE,אורביט סטיקס פפרמינט,גרמים,65.00,100 גרם,false,,9.90,15.2308,true,1,20650
4009900403023,false,מסטיק אורביט בקבוקון דאבל white קלאסי 64ג',"ב.א מזון בע""מ",PL,אורביט וויט מנטה בקב,גרמים,64.00,100 גרם,false,,10.90,17.0313,true,1,20655
4009900406918,false,מסטיק הובה בובה טייפ טריפל מיקס 56ג',מארס,GB,הובה בובה טייפ טריפל,גרמים,56.00,100 גרם,false,,6.50,11.6071,true,1,20658
4009900420129,false,מסטיק אורביט פרופשנל פפרמינט בקבוקון 64 גר',מרס נדרלנד,PL,אורביט פרופשייונל פפ,גרמים,64.00,100 גרם,false,,10.90,17.0313,true,1,20662
4009900465304,false,סקיטלס פירות חמוצים 174 גרם,מארס,CZ,סקיטלס פירות חמוצים,גרמים,174.00,100 גרם,false,,8.90,5.1149,true,1,20672
4009900479998,false,"מסטיק אורביט לל""ס אוכמניות בקבוקון",ריגלי פולין,PL,אורביט מסטיק בקבוקון,גרמים,64.00,100 גרם,false,,10.90,17.0313,true,1,20675
4009900482417,false,מסטיק אורביט פירות מנטה בקבוקון באבל מינט 45יח,ריגלי פולין,PL,אורביט באבל מינט בקב,גרמים,64.00,100 גרם,false,,10.90,17.0313,true,1,20677
4009900491044,false,מסטיק איירובס אוכמניות בקבוקון 60יח',,,אירוויבז בקבוק M מנט,גרמים,84.00,100 גרם,false,,12.90,15.3571,true,1,20692
4009900496247,false,"מסטיק אורביט לל""ס מלבניות בקבוק בבלימנט 60 יח",,,אורביט בבלמינט בקבוק,גרמים,84.00,100 גרם,false,,12.90,15.3571,true,1,20693
4009900531122,false,"מסטיק בטעם מנטה ספירמינט, 64 ג' פרופשיונל אורפיט",מרס נדרלנד,PL,אורביט פרופשייונל ספ,גרמים,64.00,100 גרם,false,,10.90,17.0313,true,1,20714
4009900535519,false,מסטיק אורביט רפרשרס ספירמינט ללא סוכר 15.6גר',,PL,אורביט רפרשרס אריזה,גרמים,15.00,100 גרם,false,,3.90,26.0000,true,1,117874
4009900535540,false,מסטיק אורביט רפרשרס פפרמינט ללא סוכר 15.6גר',,PL,אורביט רפרשרס פפרמינ,גרמים,15.00,100 גרם,false,,3.90,26.0000,true,1,117875
4009900539685,false,"מסטיק פייב באונס בטעם מנטה בקבוקון, 61.8 גרם",ריגלי בעמ רוסיה,PL,מסטיק בטעם מנטה ללא,גרמים,61.80,100 גרם,false,,11.90,19.2557,true,1,236401
4009900540551,false,מסטיק אורביט רפרשרס טרופיקל בקבוקון ללא סוכר,מרס פולין,PL,אורביט רפרשרס טרופיק,גרמים,67.00,100 גרם,false,,11.90,17.7612,true,1,230408
4014400903409,false,בונבוניירה טופיפי שוקולד 250 ג',קריניציה ויטמינה אס,DE,טופיפי 250גר',גרמים,250.00,100 גרם,false,,22.90,9.1600,true,1,12689
4015000031394,false,"ספטיל - משחה להסרת כתמים 200 מ""ל",הנקל,HU,מסיר כתמים ספטיל 200,גרמים,200.00,100 גרם,false,,15.90,7.9500,true,1,34840
4015000519915,false,"פה - דאודורנט ספריי לאישה פינק פרדייס 200 מ""ל",,,דאו' ספריי פינק פרדי,מיליליטרים,200.00,"100 מ""ל",false,,9.90,4.9500,true,1,7937
4015400563747,false,אולוויז - מגן תחתון נורמל 60 יח',פרוקטר אנד גמבל,UA,אולדייז מגן תחתון נו,יחידה,0.00,יחידה,false,,17.90,0.0000,true,1,57082
4015400564324,false,אולוויז - מגן תחתון לארג' 52 יח',פרוקטר אנד גמבל,DE,אולדייז מגן תחתון לא,יחידה,0.00,יחידה,false,,17.90,0.0000,true,1,201880
4015400564454,false,אולוויז מגן תחתון לארג' מגה פק 68 יח',פרוקטר אנד גמבל,DE,מגן תחתון לארג מגה פ,יחידה,0.00,יחידה,false,,18.90,0.0000,true,1,26852
4015400598329,false,אולויז קוואטרו נורמל פלוס 56 יח,,,קוואטרו נורמל פלוס א,יחידה,0.00,יחידה,false,,42.00,0.0000,true,1,26860
4015400690405,false,טמפונים פרל סופר טמפקס קומפאק 18 יח,,,טמפון פרל סופר טמפקס,יחידה,0.00,יחידה,false,,19.90,0.0000,true,1,26889
4015600972103,false,שמפו פנטן שמן מרוקאי,,,שמפו פנטן שמן מרוקאי,מיליליטרים,500.00,"100 מ""ל",false,,13.90,2.7800,true,1,173036
4033100014499,false,סיגריות אל די כחול ח,JTI,,אל.די בלו,יחידה,0.00,יחידה,false,,27.00,0.0000,false,1,4114
4052197000369,false,שישיית בירה בנדיקטינר חיטה 330 מל*6,benediktiner,DE,שישיית בירה בנדיקטינ,ליטרים,1.80,ליטר,false,,39.90,22.1667,true,1,87
4052197000390,false,בירה 5 ליטר CAN- MINI K. BENEDIKTINER,,,בירה בנדקטינר מיני ח,ליטרים,5.00,ליטר,false,,114.90,22.9800,true,1,88
4067700014849,false,ליקר ייגרמייסטר 700,מסט-יגרמייסטר,DE,ליקר ייגרמייסטר 700,מיליליטרים,700.00,"100 מ""ל",false,,84.90,12.1286,true,1,7274
4084500853836,false,"נוזל כלים פיירי ורדים ומשי 515 מ""ל",פרוקטר אנד גמבל,GB,פיירי נוזל כלים ורדי,מיליליטרים,515.00,"100 מ""ל",false,,9.90,1.9223,true,1,27081
4562187932582,false,גרב צמר עבה ארוך,,,גרב צמר עבה ארוך,יחידה,0.00,יחידה,false,,14.90,0.0000,true,1,338737
4600659010854,false,וודקה סטולי בקבוק 70,איי. אס. לטבייאס בלז,LV,וודקה סטוליצ'ניה 700,מיליליטרים,700.00,"100 מ""ל",false,,60.90,8.7000,true,1,7275
4603400000043,false,"וודקה רוסקיי סטנדרט 700 מ""ל",רוסקי סטנדרט וודקה,RU,רוסקי סטנדרט 700מ'ל,מיליליטרים,700.00,"100 מ""ל",false,,70.90,10.1286,true,1,11164
4603928000976,false,"וודקה בלוגה נובל 700 מ""ל+כוס",מרינסקי ליקרו-וודאצ',RU,בלוגה וודקה 700מל,מיליליטרים,700.00,"100 מ""ל",false,,130.90,18.7000,true,1,33757
4800888190529,false,דאב דאו סטיק טאלק סופט לאשה 50 גר,,,דאו' סטיק טאלק סופט,גרמים,50.00,100 גרם,false,,16.90,33.8000,true,1,10070
4800888219541,false,רקסונה - דאודורנט סטיק לאישה פאוודר דרי 50 גרם,,,דאו רקסונה סטיק טלק,מיליליטרים,50.00,"100 מ""ל",false,,17.90,35.8000,true,1,191862
4860019001346,false,בורז'ומי מים מינרליים טבעיים 500מ'ל חדש,אי די אס בורגומי,,בורז'ומי מים מינרליי,מיליליטרים,500.00,"100 מ""ל",false,,7.90,1.5800,true,1,11181
4891228430061,false,סכיני גילוח שיק אקזקטה 2 לנשים ורוד 10 יח',הנסיך- מפעל לייצור ט,CN,סכיני גילוח לאישה שי,יחידה,0.00,יחידה,false,,28.90,0.0000,true,1,21324
4891228430092,false,שיק אקסטרים 3 קומפורט +לנשים 4 יחידות,ENERGIZER SINGAPORE,CN,שיק אקסטרים3 ס.גילוח,יחידה,0.00,יחידה,false,,16.90,0.0000,true,1,21326
4895060592307,false,פלורידה בקבוק חלב מנצ'סטר,,,פלורידה סוכריות נאגט,גרמים,43.00,100 גרם,false,,6.90,16.0465,true,1,13017
4903001904192,false,"רוטב סויה יאמסה פרימיום 500 מ""ל",הדקלאים אגודת שיתופי,JP,רוטב סויה יאמאסה פרמ,מיליליטרים,500.00,"100 מ""ל",false,,18.90,3.7800,true,1,12710
5000146980322,false,"וייט קרם להסרת שיער לעור רגיל 100 מ""ל",,,קרם להסרת שיער ניחוח,מיליליטרים,100.00,"100 מ""ל",false,,30.90,30.9000,true,1,20803
5000157143365,false,מתבל בטעם מיונז וקטשופ היינץ 425 ג',,PL,מתבל בטעם מיונז וקטש,מיליליטרים,425.00,"100 מ""ל",false,,14.90,3.5059,true,1,5237
5000159376655,false,סוכריות סקיטליס פירות 38 גר',ריגלי ממתקים,GB,סוכריות סקיטלס פירות,גרמים,38.00,100 גרם,false,,3.50,9.2105,true,1,20725
5000189974579,false,קיט קאט מיני 200 גרם,,,קיט קט מיני 200 גרם,גרמים,200.00,100 גרם,false,,10.00,5.0000,true,1,41935
5000204114928,false,"גלייד ארוסול בניחוח דובדבן 300 מ""ל",,,גלייד ארוסול בניחוח,מיליליטרים,300.00,"100 מ""ל",false,,9.50,3.1667,true,1,5624
5000204115048,false,"מטהר אוויר גלייד ארוסול לבנדר 300 מ""ל","אס.סי ג'ונסון,מידרכט",NL,גלייד ארוסול בניחוח,מיליליטרים,300.00,"100 מ""ל",false,,9.50,3.1667,true,1,5627
5000204151053,false,"פלדג' אירוסול לניקוי רהיטים קלאסי 250 מ""ל",יורופרייטס,NL,פלדג' אירוסול לניקוי,מיליליטרים,250.00,"100 מ""ל",false,,14.90,5.9600,true,1,248096
5000204155723,false,"גלייד מארז אוטומטי-בניחות מרכך כביסה 269 מ""ל",המאפיה של הרמן,TR,גלייד מארז אוטומטי מ,מיליליטרים,269.00,"100 מ""ל",false,,54.90,20.4089,true,1,93216
5010182996805,false,רייד מונע עש לבנדר 20גר',זובלה,IT,זוג רייד נגד עש לבנ,גרמים,20.00,100 גרם,false,,12.50,62.5000,true,1,5655
5010182997918,false,"טואלט דאק ג'ל אסלה בניחוח ים 55 מ""ל","איטיליאן פוד, אס.פי.",IT,דאק ג'ל אסלה ניחוח י,גרמים,55.00,100 גרם,false,,9.90,18.0000,true,1,5662
5010677850100,false,וודקה גריי גוס בקבוק,גריי גוס,FR,"גריי גוס 700 מ""ל",מיליליטרים,700.00,"100 מ""ל",false,,110.90,15.8429,true,1,13356
5014271310428,false,סן דלפו מעדן דבדבן שחור ללא סוכ 284 ג',המאפיה של הרמן,FR,סאן דלפור מעדן דובדב,גרמים,284.00,100 גרם,false,,20.90,7.3592,true,1,16754
5014271350424,false,מעדן סאנט דלפור ארבע פירות 284 גר,המאפיה של הרמן,FR,סאן דלפור מעדן ארבע,גרמים,284.00,100 גרם,false,,20.90,7.3592,true,1,16756
5014271400426,false,סן דלפו מעדן תות שדה ללא סוכר 284 ג',המאפיה של הרמן,FR,סאן דלפור מעדן תות ש,גרמים,284.00,100 גרם,false,,20.90,7.3592,true,1,16761
5014271795980,false,מעדן סאנט דלפור אוכמניות וחמוציות 284 גר,סנדלפור,FR,סאן דלפור מעדן חמוצי,גרמים,284.00,100 גרם,false,,20.90,7.3592,true,1,16766
5021349701019,false,"וויסקי ויסקי טומינטול 10 שנה 700 מ""ל",,,טומינטול סקוטש וויסק,מיליליטרים,700.00,"100 מ""ל",false,,169.90,24.2714,true,1,128
5024546366609,false,"וויסקי 700 מ""ל LAUDERS SCOTCH",מקדוף אינטרנשנל דיסט,,וויסקי לאודרס 700מל,מיליליטרים,700.00,"100 מ""ל",false,,100.90,14.4143,true,1,129
5029053002439,false,קלינקס - נייר טואולט קליניקס צהוב 9 גלילים,חוגלה קימברלי,GB,נייר טואלט קליניקס צ,מטרים,243.00,מטר,false,,35.90,0.1477,true,1,8783
5029053032658,false,קלינקס ממחטות שמיניה,KC Italy,,ממחטות טישו טו גו ק,יחידה,0.00,יחידה,false,,8.90,0.0000,true,1,8789
5029053510811,false,קוטקס - תחבושות אולטרה נורמל + כנפיים 30 יח',קימברלי קלארק,,תחבושות אולטרה נורמל,יחידה,0.00,יחידה,false,,20.90,0.0000,true,1,8791
5029053523446,false,קוטקס - תחבושות אולטרה נייט + כנפיים 20 יח',קימברלי קלארק,GB,תחבושות אולטרה נייט+,יחידה,0.00,יחידה,false,,20.90,0.0000,true,1,8794
5029053534596,false,קוטקס טמפוני נורמל 32 יח,KC Czech,,טמפון נורמל ללא מולי,יחידה,0.00,יחידה,false,,24.90,0.0000,true,1,8804
5029053535227,false,קוטקס טמפון עם מוליך נורמל 16 יח',KC Czech,,טמפון עם מוליך נורמל,יחידה,0.00,יחידה,false,,23.90,0.0000,true,1,8807
5059001003713,false,איירוויק - מקלות ריחניים בניחוח תאנה ופירות יער,,IT,איירוויק מקלות תאנה,מיליליטרים,30.00,"100 מ""ל",false,,14.90,49.6667,true,1,331112
5060255492185,false,חול חתולים ירוק 6 לריחני,,,אברקלין עוצמה נחוזקת,קילוגרמים,6.00,"ק""ג",false,,58.90,9.8167,true,1,3409
5060751218173,false,"משקה אנרגיה מונסטר Pipline punch פח 500 מ""ל",Monster energy סרביה,IE,מונסטר פייפלין פאנץ',מיליליטרים,500.00,"100 מ""ל",false,,6.90,1.3800,true,1,254145
5060751219033,false,"משקה אנרגיה מונסטר ULTRA PARADISE פח 500 מ""ל",Monster energy סרביה,IE,מונסטר אולטרה פרדייז,מיליליטרים,500.00,"100 מ""ל",false,,6.90,1.3800,true,1,254146
5099864006377,false,סימיילאק שלב 1 חלבי מהדרין 900 גרם,,,"סימילאק מהדרין בד""צ",גרמים,900.00,100 גרם,false,,75.90,8.4333,true,1,29421
5099864006391,false,"סימילאק מהדרין בד""צ שלב 3 900 ג'",,,"סימילאק מהדרין בד""צ",גרמים,900.00,100 גרם,false,,75.90,8.4333,true,1,29423
5201085540084,false,סוכריות ג'ילי מיקס שקית 800 גר',,,סוכריות ג'לו מיקס 70,גרמים,700.00,100 גרם,false,,16.90,2.4143,true,1,34581
5201340003385,false,טונה מעושנת שמן סויה 160 ג' TRATA,,GR,טונה מעושנת בשמן צמח,גרמים,160.00,100 גרם,false,,15.90,9.9375,true,1,193805
5202300014496,false,ולה פלקס ספריי אקסטרה סטרונג,,,אקסטרה סטרונג וולה פ,מיליליטרים,250.00,"100 מ""ל",false,,30.00,12.0000,true,1,27139
5203064007625,false,עוגיות שוקולד צ'יפס 180 גרם תומר,,,תומר עוגיות שוקו צ'י,גרמים,180.00,100 גרם,false,,9.90,5.5000,true,1,207047
5203064007649,false,עוגיות שוקולד צ'יפס טריפל 180 גרם תומר,,,תומר עוגיות שוקו צ'י,גרמים,180.00,100 גרם,false,,9.90,5.5000,true,1,207049
5208049002473,false,קנט ארוך קופסא בודדת,BAT,,קנט ארוך קופסא בודדת,יחידה,0.00,יחידה,false,,36.00,0.0000,false,1,181220
5391523057929,false,סימילאק גולד שלב 1 700 גרם,אבוט לבורטיז,IE,סימילאק גולדשלב 1 7,גרמים,700.00,100 גרם,false,,70.90,10.1286,true,1,29430
5410103161617,false,לוריאל - דרמו פעולה משולשת יבש,,,דרמו פעולה משולשת יב,מיליליטרים,50.00,"100 מ""ל",false,,45.90,91.8000,true,1,12474
5410126106183,false,ביסקויט לוטוס קרמל 312 גר 50 יח ארוז,כלורוקס אוקלנד,BE,ביסקוויט קרמל 312גרם,גרמים,312.00,100 גרם,false,,17.90,5.7372,true,1,5257
5410126116953,false,ממרח עוגיות לוטוס קרמל 400 גר,לוטוס בייקרי בלגיה נ,BE,לוטוס ממרח ביסקוויט,גרמים,400.00,100 גרם,false,,22.90,5.7250,true,1,5259
5410126716016,false,"ביסקוויט בטעם קרמל לוטוס בד""צ 250 ג'",לוטוס ביקרי בלגיה,BE,ביסקוויט בטעם קרמל ל,גרמים,250.00,100 גרם,false,,11.90,4.7600,true,1,5261
5410126726947,false,ממרח עוגיות קראנץ' 380 ג' לוטוס,לוטוס בייקרי בלגיה נ,BE,לוטוס קראנץ ממרח עוג,גרמים,380.00,100 גרם,false,,22.90,6.0263,true,1,5262
5411188110835,false,אלפרו חלב סויה שקדים וניל 1ל',הנסיך- מפעל לייצור ט,BE,אלפרו משקה שקדים 1 ל,ליטרים,1.00,ליטר,false,,13.90,13.9000,true,1,21351
5411188112709,false,"משקה קוקוס אלפרו 1 ליטר משקה שקדים לל""ס",הנסיך- מפעל לייצור ט,BE,אלפרו משקה שקדים ללא,יחידה,0.00,יחידה,false,,13.90,0.0000,true,1,21355
5411188115434,false,משקה אלפרו בריסטה סויה 1 ליטר,,BE,אלפרו משקה בריסטה סו,ליטרים,1.00,100 ליטר,false,,13.90,1390.0000,true,1,264101
5411188115472,false,אלפרו משקה סויה 1 ליטר,הנסיך- מפעל לייצור ט,BE,אלפרו משקה סויה 1 לי,ליטרים,1.00,ליטר,false,,12.90,12.9000,true,1,90940
5411188121923,false,"אלפרו משקה סויה סידן מארז 250X3מ""ל",הנסיך- מפעל לייצור ט,BE,אלפרו סויה סידן שלש,מיליליטרים,750.00,"100 מ""ל",false,,13.90,1.8533,true,1,21366
5411188121978,false,"משקה סויה בטעם שוקולד 3 * 250 מ""ל אלפרו",אלפרו C.V.A,IL,אלפרו סויה שוקו סיד,מיליליטרים,750.00,"100 מ""ל",false,,13.90,1.8533,true,1,21367
5411188127697,false,אלפרו משקה בריסטה שיבולת שועל 1 ליטר,הנסיך- מפעל לייצור ט,BE,אלפרו משקה בריסטה שי,יחידה,0.00,יחידה,false,,13.90,0.0000,true,1,90941
5411188134985,false,אלפרו NOT MILK שיבולת שועל 3.8% שומן 1 ליטר,הנסיך- מפעל לייצור ט,BE,אלפרו 3.5% שומן NOT,ליטרים,1.00,ליטר,false,,13.90,13.9000,true,1,167610
5411188135005,false,אלפרו NOT MILK שיבולת שועל 1.8% שומן 1 ליטר,הנסיך- מפעל לייצור ט,BE,אלפרו 1.8% שומן NOT,ליטרים,1.00,ליטר,false,,13.90,13.9000,true,1,170572
5600289150318,false,צ'יפס תפוחי עץ מיובש,,,צ'יפס תפוחי עץ מיובש,גרמים,20.00,100 גרם,false,,5.90,29.5000,true,1,247933
5689456012109,false,מארז סביבונים מעץ 4 יח,,,מארז סביבונים 4 יח',יחידה,0.00,יחידה,false,,5.90,0.0000,true,1,192912
5701932026964,false,פופקורן הוטפופ מלוח 600ג',פופז בעמ,US,הוט פופ .פופקורן עם,גרמים,600.00,100 גרם,false,,14.90,2.4833,true,1,12718
5701932026971,false,פופקורן הוט חמאה מאגדת 100X6ג',"פופז בע""מ",US,הוט פופ פופקורן בטעם,גרמים,600.00,100 גרם,false,,14.90,2.4833,true,1,12719
5711953148347,false,"גבינת שמנת טבעי ארלה, 300 גרם",,IL,גבינת שמנת טבעי ארלה,גרמים,300.00,100 גרם,false,,23.90,7.9667,true,1,304042
5765220190157,false,עטרות נייר לאפייה 2,,,עטרות נייר לאפייה 2,יח',130.00,יח',false,,4.90,0.0377,true,1,115144
5765220190164,false,עטרות נייר לאפייה 3,,,עטרות נייר לאפייה 3,יח',130.00,יח',false,,4.90,0.0377,true,1,115145
5765220190188,false,עטרות נייר לאפייה 5,,,עטרות נייר לאפייה 5,יח',130.00,יח',false,,5.90,0.0454,true,1,115147
5765220190522,false,סביבון חללית אורות מנגן,,,סביבון חללית אורות מ,יחידה,0.00,יחידה,false,,15.90,0.0000,true,1,101790
5765220190539,false,סביבון קפיץ אורות מנגן,,,סביבון קפיץ אורות מנ,יחידה,0.00,יחידה,false,,15.90,0.0000,true,1,101791
5765220190546,false,סביבון טורבו אורות מנגן,,,סביבון טורבו אורות מ,יחידה,0.00,יחידה,false,,15.90,0.0000,true,1,101792
5765571202615,false,נר נשמה 48 שעות פלסט,,,נר נשמה 48 שעות פלסט,יחידה,0.00,יחידה,false,,4.90,0.0000,true,1,203345
5765571203612,false,מפצל טי שלוש,,,מפצל טי שלוש,יחידה,0.00,יחידה,false,,8.90,0.0000,true,1,309457
5765571206613,false,נר נשמה 9 ימים בפלסט,,,נר נשמה 9 ימים בפלסט,יחידה,0.00,יחידה,false,,9.90,0.0000,true,1,320686
5900020012814,false,דגנים נסקוויק מלחמת הכוכבים 500 גרם,מיוצר עי קונדיטוריית,PL,דגני בוקר נסקוויק נס,גרמים,500.00,100 גרם,false,,27.90,5.5800,true,1,18376
5900020015174,false,פיטנס - חטיף דגנים שוקולד 23.50 גרם * 6,מיוצר עי קונדיטוריית,PL,פיטנס חטיף דגנים שוק,גרמים,141.00,100 גרם,false,,16.90,11.9858,true,1,18377
5900020018908,false,פיטנס - חטיף דגנים עוגיות שוקולד 23.50 גרם * 6,מיוצר עי קונדיטוריית,PL,פיטנס חטיף דגנים קרם,גרמים,141.00,100 גרם,false,,16.90,11.9858,true,1,18378
5900020022325,false,נסטלה - סיני מיניס חטיף דגנים 25 גרם * 6,,,חטיף דגנים סיני מיני,גרמים,150.00,100 גרם,false,,16.90,11.2667,true,1,18383
5900020024817,false,פיטנס - דליס חטיף דגנים שוקולד לבן 22.50 גרם * 6,,,פיטנס בר דליס שוקולד,גרמים,135.00,100 גרם,false,,16.90,12.5185,true,1,18385
5900020025647,false,פיטנס - דליס חטיף דגנים שוקולד חלב 22.50 גרם * 6,מיוצר עי קונדיטוריית,PL,פיטנס בר דליס שוקולד,גרמים,135.00,100 גרם,false,,16.90,12.5185,true,1,18387
5900020026552,false,האני נאט ציריוס מלחמת הכוכבים 625 גרם,הנסיך- מפעל לייצור ט,FR,האני נאט ציריוס נסטל,גרמים,625.00,100 גרם,false,,27.90,4.4640,true,1,18392
5900020029669,false,פיטנס - חטיף דגנים פירות יער 23.50 גרם * 6,,,פיטנס חטיף דגנים פיר,גרמים,141.00,100 גרם,false,,16.90,11.9858,true,1,18394
5900020034021,false,פיטנס בר דליס שוקולד בננה 8*23.5 גרם,מיוצר עי קונדיטוריית,PL,פיטנס חטיף דגנים שוק,גרמים,141.00,100 גרם,false,,16.90,11.9858,true,1,18398
5900020034991,false,דגני בוקר צדפים בטעם שוקולד 450 ג' קראנץ',סי. פי. פולין,IL,קראנץ' צדפים בטעם שו,גרמים,450.00,100 גרם,false,,27.90,6.2000,true,1,18399
5900020036407,false,דגני בוקר שוקולד וקרמל ליון 480 גרם,,FR,דגני בוקר שוקולד וקר,גרמים,480.00,100 גרם,false,,27.90,5.8125,true,1,65385
5900020037916,false,דגני בוקר שיבולת שועל צ'ריוס 375ג',ג'נרל מילס סאן אדריא,FR,צ'יריוס שיבולת שועל,גרמים,375.00,100 גרם,false,,16.90,4.5067,true,1,152221
5900020041142,false,קורנפלקס פיטנס 500 ג' אסם,סי.פי פולין,PL,קורנפלקס פיטנס 500גר,גרמים,500.00,100 גרם,false,,12.90,2.5800,true,1,331684
5902198160403,false,"משקה אנרגיה XL TEN פחית לל""ס 250מ""ל","טמפו משקאות בע""מ",IL,אקס אל משקה אנרגיה ט,מיליליטרים,250.00,"100 מ""ל",false,,4.50,1.8000,true,1,9275
5904941751241,false,"משקה אנרגיה BLU דיי סיקס ללא סוכר 250 מ""ל",אקו - ביט,PL,בלו דיי סיקס משקה אנ,מיליליטרים,250.00,"100 מ""ל",false,,4.10,1.6400,true,1,85175
5904941751302,false,"משקה אנרגיה בלו 250 מ""ל- בודד",אקו - ביט,PL,בלו משקה אנרגיה 250,מיליליטרים,250.00,"100 מ""ל",false,,4.50,1.8000,true,1,1807
5904941751715,false,"משקה אנרגיה בלו קרנברי 250 מ""ל -בודד",אקו - ביט,PL,בלו משקה אנרגיה קרנב,מיליליטרים,250.00,"100 מ""ל",false,,4.50,1.8000,true,1,1809
5904941751920,false,"משקה אנרגיה BLU DAY בודד 250 מ""ל",אקו - ביט,PL,בלו משקה אנרגיה דיי,מיליליטרים,250.00,"100 מ""ל",false,,4.50,1.8000,true,1,1812
5906485301012,false,"משקה אנרגיה XL פחית 250 מ""ל","טמפו משקאות בע""מ",IL,אקס אל משקה אנרגיה 2,מיליליטרים,250.00,"100 מ""ל",false,,4.50,1.8000,true,1,9276
5997321701806,false,"קלגון אבקה למניעת אבנית 1 ק""ג",רקיט בנקיזר פולין,PL,"קלגון אבקה 1 ק""ג",קילוגרמים,1.00,"ק""ג",false,,37.90,37.9000,true,1,20857
6008165274629,false,פאל מאל כחול ארוך סטרים פילטר חפיסה,יושלם,,פאל מאל כחול ארוך סט,יחידה,0.00,יחידה,false,,29.00,0.0000,false,1,4161
6111094000198,false,קוסקוס דארי דק 350 גרם,,,קוסקוס דק דארי 350 ג,גרמים,350.00,100 גרם,false,,8.10,2.3143,true,1,24909
6111094000242,false,תומר קוסקוס דארי דק 500גר,דרי קוספט,MA,קוסקוס דק דארי 500 ג,גרמים,500.00,100 גרם,false,,10.00,2.0000,true,1,24911
6111094000808,false,"קוסקוס דארי בינוני תומר 1 ק""ג + 10% תוספת",דרי קוספט,MA,קוסקוס בינוני דארי 1,קילוגרמים,1.10,"ק""ג",false,,17.90,16.2727,true,1,24913
6201506010010,false,נר הבדלה פירמידה,,,נר הבדלה פירמידה,יחידה,0.00,יחידה,false,,17.90,0.0000,true,1,48492
6841398731244,false,מארז סביבון מצייר 3 יחידות,,,מארז סביבון מצייר 3,יחידה,0.00,יחידה,false,,5.90,0.0000,true,1,320731
6899945609621,false,מסננת כיור איכותית,,,מסננת כיור איכותית,יחידה,0.00,יחידה,false,,6.90,0.0000,true,1,159461
6900021310079,false,"כוס מדידה 1000 מ""ל ע",,,"כוס מדידה 1000 מ""ל ע",יחידה,0.00,יחידה,false,,9.90,0.0000,true,1,289592
6902019042016,false,אטבי כביסה 10 יחידות,,,אטבי כביסה 10 יחידות,יחידה,0.00,יחידה,false,,5.50,0.0000,true,1,13084
6910191800287,false,אצות נורי לסושי מזרח,ננטונג היידה אקווטוק,CN,אצות נורי לסושי מזרח,גרמים,25.00,100 גרם,false,,11.90,47.6000,true,1,47495
6918647655351,false,דבק דו צדדי זוג 1.7*,,,דבק דו צדדי זוג 1.7*,יחידה,0.00,יחידה,false,,9.90,0.0000,true,1,269772
6920072208378,false,מתקן כביסה כחול מבריק,,,מתקן לייבוש כביסה,יחידה,0.00,יחידה,false,,119.90,0.0000,true,1,324805
6920190410011,false,כוסות נייר לאפיה מאפינס גדול 50 יח',,,נייר מאפינס לאפייה ו,יחידה,0.00,יחידה,false,,11.90,0.0000,true,1,13096
6920190410059,false,כוסות נייר אפיה קטן (קאפקייקס) 50יח,,,נייר מאפינס קטנים לא,יחידה,0.00,יחידה,false,,11.90,0.0000,true,1,13099
6920220650028,false,חנוכיית פח זהב/כסף,,,חנוכיה פח זהב/כסף,יחידה,0.00,יחידה,false,,4.90,0.0000,true,1,320716
6936745600783,false,חומץ אורז מיצוקאן 500 מל,Qingdao Sun-growing,CN,"חומץ אורז 500 מ""ל (ד",גרמים,500.00,100 גרם,false,,14.90,2.9800,true,1,47500
6951097101672,false,מאג נבאדה(6 סט),,,מאג נבאדה(6 סט),יחידה,0.00,יחידה,false,,29.90,0.0000,true,1,27994
6980531007577,false,פותחן בקבוקי יין פרפ,,,פותחן בקבוקי יין פרפ,יחידה,0.00,יחידה,false,,25.90,0.0000,true,1,289643
6980531007584,false,קולפן מטאלי איכותי,,,קולפן מטאלי איכותי,יחידה,0.00,יחידה,false,,25.90,0.0000,true,1,289628
6980531007690,false,פומפיה נירוסטה,,,פומפיה נירוסטה,יחידה,0.00,יחידה,false,,14.90,0.0000,true,1,289577
6987965789239,false,דף יצירה צהוב עם מדב,,,דף יצירה צהוב עם מדב,יחידה,0.00,יחידה,false,,1.50,0.0000,true,1,321160
6987965789253,false,דף יצירה עם מדבקות ח,,,דף יצירה עם מדבקות ח,יחידה,0.00,יחידה,false,,1.50,0.0000,true,1,321161
6987965789284,false,דף יצירה עם מדבקות ח,,,דף יצירה עם מדבקות ח,יחידה,0.00,יחידה,false,,1.50,0.0000,true,1,321162
7046110064016,false,ג'ורדן מארז זוג מברשת שיניים לילדים מגיל 3-5,,,זוג מברשות שיניים יל,יחידה,0.00,יחידה,false,,17.40,0.0000,true,1,5706
7262626014158,false,בובת רותי מנגנת,,,בובת רותי מנגנת,יחידה,0.00,יחידה,false,,24.90,0.0000,true,1,31137
7262626058466,false,טייץ שחור מודפס,,,טייץ שחור מודפס,יחידה,0.00,יחידה,false,,29.90,0.0000,true,1,31180
7262626088173,false,גרבי אנגורה נשים,,,גרבי אנגורה נשים,יחידה,0.00,יחידה,false,,9.90,0.0000,true,1,112036
7262626088197,false,טייץ טרמי צבעוני,,,טייץ טרמי צבעוני,יחידה,0.00,יחידה,false,,29.90,0.0000,true,1,96572
7262626088272,false,מטריה סיליקון שחור ח,,,מטריה סיליקון שחור ח,יחידה,0.00,יחידה,false,,39.90,0.0000,true,1,214585
7290000000958,false,ללא אריזה,,,ללא אריזה,יחידה,0.00,יחידה,false,,0.01,0.0000,true,1,46503
7290000000978,true,חסה כשר,,,חסה כשר,יח',1.00,יח',false,,7.90,7.9000,true,1,47657
7290000000985,true,פטרוזיליה כשר,,,פטרוזיליה כשר,יח',1.00,יח',false,,6.90,6.9000,true,1,47658
7290000001524,true,בצל ירוק כשר,,,בצל ירוק כשר,יח',1.00,יח',false,,7.90,7.9000,true,1,47659
7290000001579,true,סלרי אמריקאי כשר,,,סלרי אמריקאי כשר,יח',1.00,יח',false,,7.90,7.9000,true,1,47660
7290000001609,true,מנגולד כשר,,,מנגולד כשר,יח',1.00,יח',false,,7.90,7.9000,true,1,47663
7290000003749,false,עוף טרי ארוז ביסטריצ,,,עוף טרי ארוז ביסטריצ,קילוגרמים,1.00,"ק""ג",true,,24.90,24.9000,true,1,46693
7290000003756,false,חזה עוף טרי ארוז ביס,,,חזה עוף טרי ארוז ביס,קילוגרמים,1.00,"ק""ג",true,,34.90,34.9000,true,1,46694
7290000003763,false,כרעיים עוף טרי ארוז,,,כרעיים עוף טרי ארוז,קילוגרמים,1.00,"ק""ג",true,,34.90,34.9000,true,1,46695
7290000003794,false,שוקיים עוף טרי ארוז,,,שוקיים עוף טרי ארוז,קילוגרמים,1.00,"ק""ג",true,,41.90,41.9000,true,1,46698
7290000003817,false,שניצל עוף טרי ארוז ב,,,שניצל עוף טרי ארוז ב,קילוגרמים,1.00,"ק""ג",true,,39.90,39.9000,true,1,46699
7290000003923,false,כנפיים עוף קפוא ביסט,,,כנפיים עוף קפוא ביסט,קילוגרמים,1.00,"ק""ג",true,,16.90,16.9000,true,1,46705
7290000003954,false,שניצל עוף ארוז קפוא,,,שניצל עוף ארוז קפוא,קילוגרמים,1.00,"ק""ג",true,,37.90,37.9000,true,1,46707
7290000004444,false,שקיות גופיה 20 מקרו,,,שקיות גופיה 20 מקרו,יחידה,0.00,יחידה,false,,0.10,0.0000,true,1,280923
7290000004991,false,מארז תרומה אגרות פתח,,,מארז תרומה אגרות פתח,יחידה,0.00,יחידה,false,,10.00,0.0000,true,1,165046
7290000009351,false,בשר טחון חלק טרי,,,בשר טחון חלק טרי,קילוגרמים,1.00,"ק""ג",true,,49.90,49.9000,true,1,292848
7290000009354,false,צלעות בקר טרי,,,צלעות בקר טרי,קילוגרמים,1.00,"ק""ג",true,,59.90,59.9000,true,1,293119
7290000009374,false,אנטריקוט טרי,,,אנטריקוט טרי,קילוגרמים,1.00,"ק""ג",true,,129.90,129.9000,true,1,293809
7290000009421,false,עצמות בקר טרי,,,עצמות בקר טרי,קילוגרמים,1.00,"ק""ג",true,,39.90,39.9000,true,1,297245
7290000009437,false,בשר טחון מחפוד טרי,,,בשר טחון מחפוד טרי,קילוגרמים,1.00,"ק""ג",true,,64.90,64.9000,true,1,294694
7290000009438,false,צלעות מחפוד טרי,,,צלעות מחפוד טרי,קילוגרמים,1.00,"ק""ג",true,,79.90,79.9000,true,1,294714
7290000009440,false,צלי כתף מחפוד טרי,,,צלי כתף מחפוד טרי,קילוגרמים,1.00,"ק""ג",true,,104.90,104.9000,true,1,294736
7290000009441,false,פילה מדומה מחפוד טרי,,,פילה מדומה מחפוד טרי,קילוגרמים,1.00,"ק""ג",true,,84.90,84.9000,true,1,294754
7290000009442,false,שריר מחפוד טרי,,,שריר מחפוד טרי,קילוגרמים,1.00,"ק""ג",true,,74.90,74.9000,true,1,294755
7290000009443,false,אוסובוקו מחפוד טרי,,,אוסובוקו מחפוד טרי,קילוגרמים,1.00,"ק""ג",true,,64.90,64.9000,true,1,294774
7290000009446,false,אסאדו ע.ע מחפוד טרי,,,אסאדו ע.ע מחפוד טרי,קילוגרמים,1.00,"ק""ג",true,,69.90,69.9000,true,1,294876
7290000009458,false,צוואר ע.ע מחפוד,,,צוואר ע.ע מחפוד,קילוגרמים,1.00,"ק""ג",true,,59.90,59.9000,true,1,303066
7290000009460,false,כתף ע.ע מחפוד,,,כתף ע.ע מחפוד,קילוגרמים,1.00,"ק""ג",true,,59.90,59.9000,true,1,303135
7290000009465,false,אנטריקוט ע.ע מחפוד ט,,,אנטריקוט ע.ע מחפוד ט,קילוגרמים,1.00,"ק""ג",true,,104.90,104.9000,true,1,303332
7290000009466,false,חזה בקר טרי,,,חזה בקר טרי,קילוגרמים,1.00,"ק""ג",true,,54.90,54.9000,true,1,303348
7290000009475,false,אנטריקוט W טרי,,,אנטריקוט W טרי,קילוגרמים,1.00,"ק""ג",true,,170.00,170.0000,true,1,303427
7290000009487,false,בשר ראש בקר מחפוד טר,,,בשר ראש בקר מחפוד טר,קילוגרמים,1.00,"ק""ג",true,,54.90,54.9000,true,1,304172
7290000023809,false,"יין ברקן קלאסיק קברנה סובניון 750מ""ל",יקבי ברקן שיווק והפצ,IL,קלאסיק קברנה סובניון,מיליליטרים,750.00,"100 מ""ל",false,,32.90,4.3867,true,1,9297
7290000023977,false,"יין ברקן קלאסיק מרלו 750 מ""ל",יקבי ברקן שיווק והפצ,IL,קלאסיק מרלו 750מל.,מיליליטרים,750.00,"100 מ""ל",false,,32.90,4.3867,true,1,9304
7290000024202,false,"יין ברקן רזרב קברנה סובניון 750 מ""ל",ברקן שיווק והפצה בעמ,IL,קברנה סוביניון רזרבד,מיליליטרים,750.00,"100 מ""ל",false,,42.90,5.7200,true,1,9307
7290000032665,false,רוטב עגבניות 28% 580ג' פרי זה,,,רוטב עגבניות 28% ברי,גרמים,580.00,100 גרם,false,,7.52,1.2966,true,1,8601
7290000040042,false,יוגורט תות %3 גביע 150 ג' יופלה,תנובה בעמ,IL,יופלה תות שובב 3% 15,מיליליטרים,150.00,"100 מ""ל",false,,5.20,3.4667,true,1,25688
7290000040066,false,יוגורט דובדבן 3% שומן 150 ג' יופלה,תנובה בעמ,IL,יופלה דובדבן פראי 3%,מיליליטרים,150.00,"100 מ""ל",false,,5.20,3.4667,true,1,25689
7290000040080,false,יוגורט אפרסק 3% שומן 150 ג' יופלה,תנובה בעמ,IL,יופלה אפרסק מאוהב 3%,מיליליטרים,150.00,"100 מ""ל",false,,5.20,3.4667,true,1,25690
7290000041407,false,"גיל לבן 3% תנובה 125 מ""ל בד""צ",,IL,"גיל 3% בד""צ 125 מ""ל",מיליליטרים,125.00,"100 מ""ל",false,,0.90,0.7200,true,1,25696
7290000041445,false,גבינת קוטג מהדרין 5% 250 גרם,מיוצר עי קונדיטוריית,IL,"קוטג' 5% תנובה בד""צ",גרמים,250.00,100 גרם,false,,5.50,2.2000,true,1,25697
7290000041452,false,"קוטג' 9% תנובה 250 ג' בד""צ",מחלבת אלון תבור,IL,"קוטג' תנובה בד""צ 9%",גרמים,250.00,100 גרם,false,,5.50,2.2000,true,1,25698
7290000041858,false,"שמנת חמוצה 15% יטבתה 200 מ""ל מהדרין",שטראוס גרופ,IL,יטבתה שמנת חמוצה 15%,מיליליטרים,200.00,"100 מ""ל",false,,2.50,1.2500,true,1,23218
7290000042015,false,חלב טרי 3% תנובה שקית 1ל' מהדרין,תנובה,IL,חלב תנובה טרי שקית,יחידה,0.00,יחידה,false,,5.43,0.0000,true,1,25700
7290000042367,false,"חלב תנובה 3% בקבוק בד""ץ 1ל'",,,חלב תנובה בקבוק 3%,ליטרים,1.00,ליטר,false,,6.23,6.2300,true,1,25704
7290000042404,false,חלב יוטבתה מועשר 3% שקית 1ל',מחלבת יטבתה,IL,יטבתה חלב מועשר שקית,ליטרים,1.00,ליטר,false,,5.90,5.9000,true,1,23221
7290000043814,false,"שמנת מתוקה להקצפה 38% 250 מ""ל תנובה",תנובה מרכז שיתופי לש,IL,שף לבן שמנת לקצפת עמ,מיליליטרים,250.00,"100 מ""ל",false,,6.47,2.5880,true,1,25716
7290000043890,false,רוויון קרטון 1 ליטר %1.5,תנובה מרכז שיתופי לש,IL,ריויון 1.5% 1ל,ליטרים,1.00,ליטר,false,,11.90,11.9000,true,1,25717
7290000044712,false,יוגורט עם תות 1.5% שומן 500 ג' פרילי,מיוצר עי קונדיטוריית,IL,פרילי תות 1.5% 500מל,מיליליטרים,500.00,"100 מ""ל",false,,10.90,2.1800,true,1,25722
7290000044880,false,באדי יוגורט תות 3% שומן 500 ג' תנובה,מיוצר עי קונדיטוריית,IL,באדי תות 3% 500מל,מיליליטרים,500.00,"100 מ""ל",false,,9.50,1.9000,true,1,25724
7290000047546,false,כנען גבינה לבנה 5% 500 גרם ללא מלח,תנובה,IL,שף לבן כנען 5% 500ג,גרמים,500.00,100 גרם,false,,25.10,5.0200,true,1,25731
7290000047621,false,גבינה לבנה רכה 5% תנובה 250ג' מהדרין,תנובה מרכז שיתופי לש,IL,"גבינה לבנה רכה בד""צ",גרמים,250.00,100 גרם,false,,4.98,1.9920,true,1,25732
7290000047942,false,גבינה לבנה 5% 250 גר בדצ,,,תנובה גבינה לבנה 9%,גרמים,250.00,100 גרם,false,,5.00,2.0000,true,1,25733
7290000048185,false,גבינה לבנה 5% שומן 250 ג' תנובה,מיוצר עי קונדיטוריית,IL,גבינה לבנה רכה 5% תנ,גרמים,250.00,100 גרם,false,,4.98,1.9920,true,1,25734
7290000048192,false,גבינה לבנה 9% שומן 250 ג' תנובה,מחלבת אלון תבור,IL,גבינה לבנה רכה 9% בד,גרמים,250.00,100 גרם,false,,5.00,2.0000,true,1,25735
7290000048451,false,פיראוס חרמון מלוחה 1,,IL,פיראוס חרמון מלוחה 1,גרמים,250.00,100 גרם,false,,16.90,6.7600,true,1,25740
7290000050447,false,יוגורט תות 500 ג' יופלה,מיוצר עי קונדיטוריית,IL,יופלהYYY תות 3% 500מ,מיליליטרים,500.00,"100 מ""ל",false,,12.60,2.5200,true,1,25745
7290000050454,false,יוגורט אפרסק 500 ג' יופלה,מיוצר עי קונדיטוריית,IL,יופלהYYY אפרסק 3% 50,מיליליטרים,500.00,"100 מ""ל",false,,12.60,2.5200,true,1,25746
7290000051516,false,פשתן,,,פשתן,קילוגרמים,1.00,"ק""ג",true,,10.00,10.0000,true,1,31584
7290000052311,false,עמק פרוס בקופסא 200 גר 15% שומן,תנובה,IL,עמק מהדרין 15% 200 ג,גרמים,200.00,100 גרם,false,,16.90,8.4500,true,1,25760
7290000052717,false,קוטג' 5%עם שום שמיר 250 ג' תנובה,מיוצר עי קונדיטוריית,IL,קוטג תנובה עם שום שמ,גרמים,250.00,100 גרם,false,,5.90,2.3600,true,1,25764
7290000053981,false,"מאגדת יופלה תות+אפרסק בד""צ 150X4 גרם",,IL,מאגדת יופלה תות ואפר,קילוגרמים,1.20,"ק""ג",false,,24.90,20.7500,true,1,25768
7290000053998,false,"יופלה לבן ביו 1.5% טבעי מארז 150X8מ""ל בד""צ",,IL,יופלה בדץ טבעי 8*150,ליטרים,1.20,ליטר,false,,17.50,14.5833,true,1,25769
7290000055329,false,משקה יוגורט יופלה בטעם תות-מלון 250 גר,תנובה בעמ,IL,יופלה משקה יוגורט תו,מיליליטרים,250.00,"100 מ""ל",false,,5.50,2.2000,true,1,25776
7290000055343,false,משקה יוגורט יופלה בטעם טרופי 250 גר,תנובה בעמ,IL,יופלה משקה יוגורט טר,מיליליטרים,250.00,"100 מ""ל",false,,5.50,2.2000,true,1,25778
7290000055756,false,גבינה לבנה 5% תנובה מארז 850X2ג' בדץ,,,תנובה גבינה לבנה בדץ,קילוגרמים,1.70,"ק""ג",false,,33.80,19.8824,true,1,25783
7290000055893,false,חמאה משמנת מפוסטרת 200ג' כ.מהדרין,תנובה,IL,חמאה מהדרין תנובה 20,גרמים,200.00,100 גרם,false,,8.20,4.1000,true,1,25784
7290000056081,false,מאגדת פרילי טבע 6 יח' * 200 ג',מיוצר עי קונדיטוריית,IL,"פרילי טבע 6*200 מ""ל",קילוגרמים,1.20,"ק""ג",false,,20.80,17.3333,true,1,25786
7290000056753,false,גבינה צהובה עמק פרוס 28%,,IL,"עמק פרוס 28% בד""צ 20",גרמים,200.00,100 גרם,false,,14.90,7.4500,true,1,25789
7290000056760,false,עמק 28% 400גר פרוס בדצ בקופסא,,IL,"עמק פרוס 28% בד""צ 40",גרמים,400.00,100 גרם,false,,26.90,6.7250,true,1,25790
7290000056883,false,יופלה מאגדת פרי 3% 8 יח' * 150 ג',תנובה בעמ,IL,יופלה טעמים משתנים 3,קילוגרמים,1.20,"ק""ג",false,,31.90,26.5833,true,1,25793
7290000057118,false,עמק סמי מעדנייה כשרות מהדרין,תנובה מרכז שיתופי לש,IL,עמק סמי 28% 400 גר,גרמים,400.00,100 גרם,false,,21.90,5.4750,true,1,25801
7290000057132,false,יוגורט תנובה טבעי 1.5% גביע 200 גרם,מחלבת אלון תבור,IL,תנובה יוגורט טבעי 1.,מיליליטרים,200.00,"100 מ""ל",false,,3.50,1.7500,true,1,25802
7290000057149,false,יוגורט תנובה טבעי 3% גביע 200 גרם,מיוצר עי קונדיטוריית,IL,תנובה יוגורט טבעי 3%,גרמים,200.00,100 גרם,false,,3.50,1.7500,true,1,25803
7290000057477,false,חלב בקרטון 3% הומוגני 1.5 ליטר,,IL,חלב תנובה בקרטון 3%,ליטרים,1.50,ליטר,false,,9.34,6.2267,true,1,25804
7290000058030,false,"יופלה שטוזים משקה יוגורט תות 8 יח' * 100 מ""ל",מיוצר עי קונדיטוריית,IL,יופלה שטוזים משקה יו,מיליליטרים,800.00,"100 מ""ל",false,,21.90,2.7375,true,1,25808
7290000058047,false,"שמנת להקצפה 38% שומן 500 מ""ל תנובה",תנובה,IL,שף לבן שמנת מתוקה מה,מיליליטרים,500.00,"100 מ""ל",false,,12.94,2.5880,true,1,25809
7290000058979,false,גיל בטעם תות 3% שומן 125 ג' תנובה,,IL,"גיל בטעם תות בד""צ 3%",גרמים,125.00,100 גרם,false,,1.60,1.2800,true,1,25815
7290000060071,false,אוסם - חטיפי פריכונים מאורז מלא קלוי 80גר,"מיוצר ע""י PT, משווק",IL,חטיפי פריכונים מאורז,גרמים,80.00,100 גרם,false,,7.90,9.8750,true,1,18405
7290000060088,false,בייגלה מקלות מלוחים 400 ג' אסם,מיוצר עי קונדיטוריית,IL,בייגלה אסם מקלות מלו,גרמים,400.00,100 גרם,false,,10.90,2.7250,true,1,18406
7290000060163,false,אטריות דקות 400 ג' אסם,"אסם השקעות בע""מ",IL,אטריות דקות אסם 400,גרמים,400.00,100 גרם,false,,6.90,1.7250,true,1,18409
7290000060200,false,אוסם - פתיתים אפויים קוסקוס 500 גרם,"אסם השקעות בע""מ",IL,פתיתים אפויים קוסקוס,גרמים,500.00,100 גרם,false,,6.90,1.3800,true,1,18410
7290000060217,false,פסטה מקרוני 7 500 ג' אסם,פסטה זארה,IT,פסטה מקרוני אסם 500,גרמים,500.00,100 גרם,false,,5.90,1.1800,true,1,18411
7290000060248,false,פסטה אסם פתיתים תלתלים 500 גר',פסטה זארה,IL,פסטה תלתלים אסם 500,גרמים,500.00,100 גרם,false,,5.90,1.1800,true,1,18412
7290000060316,false,פסטה פרפקטו ספגטי 500ג' אסם,פסטה זארה,IT,פסטה ספגטי פרפקטו 50,גרמים,500.00,100 גרם,false,,6.90,1.3800,true,1,18414
7290000060408,false,פתיתים אפויים טבעות 500 ג' אסם,"אסם השקעות בע""מ",IL,פתיתים אפויים טבעות,גרמים,500.00,100 גרם,false,,6.90,1.3800,true,1,18418
7290000060415,false,פסטה פרפקטו לזאניה אסם 500ג',פסטה לנסי,IL,לזאניה פרפקטו 500 ג,גרמים,500.00,100 גרם,false,,12.90,2.5800,true,1,18419
7290000060576,false,פתיתים אפויים כוכבים 500 ג' אסם,"אסם השקעות בע""מ",IL,פתיתים אפויים כוכבים,גרמים,500.00,100 גרם,false,,6.90,1.3800,true,1,18425
7290000060781,false,פסטה מסולסלים (57) 500 גרם,פסטה זארה,IT,פסטה מסולסלים אסם 50,גרמים,500.00,100 גרם,false,,5.90,1.1800,true,1,18426
7290000060828,false,פסטה קרניים בינוניות (55) 500 גרם,פסטה זארה,IT,פסטה קרניים בינוניות,גרמים,500.00,100 גרם,false,,5.90,1.1800,true,1,18427
7290000060842,false,פסטה צדפים גדולים (56) 500 גרם,פסטה זארה,IT,פסטה צדפים גדולים אס,גרמים,500.00,100 גרם,false,,5.90,1.1800,true,1,18428
7290000060880,false,פסטה מס' 8 ספגטי אסם 500ג',פסטה זארה,IT,ספגטי אסם 500 גרם,גרמים,500.00,100 גרם,false,,5.90,1.1800,true,1,18431
7290000060903,false,אוסם - פתיתים אפויים אורז 500 גרם,"אסם השקעות בע""מ",IL,פתיתים אפויים אורז א,גרמים,500.00,100 גרם,false,,6.90,1.3800,true,1,18432
7290000060958,false,אטריות בינוניות 400 ג' אסם,"אסם השקעות בע""מ",IL,אטריות בינוניות אסם,גרמים,400.00,100 גרם,false,,6.90,1.7250,true,1,18434
7290000060965,false,אטריות רחבות 400 ג' אסם,"אסם השקעות בע""מ",IL,אטריות רחבות אסם 400,גרמים,400.00,100 גרם,false,,6.90,1.7250,true,1,18435
7290000061061,false,אסם קרקר בצל 250גרם,"אסם השקעות בע""מ",IL,אסם קרקר בצל 250גרם,גרמים,250.00,100 גרם,false,,8.90,3.5600,true,1,18437
7290000061108,false,"רוטב טריאקי 290 מ""ל-בקבוק","אסם השקעות בע""מ",IL,רוטב טריאקי אסם 290,מיליליטרים,290.00,"100 מ""ל",false,,11.90,4.1034,true,1,18439
7290000061764,false,נסקפה רד מאג טעם חדש 200ג',נסטלה ספרד,ES,נס קפה רד מאג טעם חד,גרמים,200.00,100 גרם,false,,21.90,10.9500,true,1,18444
7290000062952,false,אוסם - מיני קרוטונים למרק ולסלט 250 גרם,עינת תעשיות,IL,מיני קרוטונים למרק ו,גרמים,250.00,100 גרם,false,,15.50,6.2000,true,1,18450
7290000063102,false,קמח עוגה אסם תופח מאליו 350ג',"אסם השקעות בע""מ",IL,קמח תופח קטן אסם 350,גרמים,350.00,100 גרם,false,,4.90,1.4000,true,1,18453
7290000063140,false,שקדי מרק רכיבים טבעיים בשקית 400 ג' אסם,"אסם השקעות בע""מ",IL,שקדי מרק רכיבים טבעי,גרמים,400.00,100 גרם,false,,12.90,3.2250,true,1,18455
7290000063157,false,"קמח עוגה תופח מאליו 1 ק""ג","אסם השקעות בע""מ",IL,קמח עוגה תופח מאליו,קילוגרמים,1.00,"ק""ג",false,,9.90,9.9000,true,1,18456
7290000064758,false,קוסקוס בינוני אמיתי אסם 350 ג',"מיוצר ע""י קוד יצרן K",IL,קוסקוס אמיתי אסם 350,גרמים,350.00,100 גרם,false,,8.90,2.5429,true,1,18466
7290000064871,false,"אוסם - מנה חמה פירה תפו""א עם בצל 56 גרם","אסם השקעות בע""מ",IL,"מנה חמה פירה תפו""א ו",גרמים,56.00,100 גרם,false,,5.90,10.5357,true,1,18467
7290000065090,false,מיני קרוטונים למרק ולסלט 400 ג' אסם,עינת תעשיות,IL,מיני קרוטונים למרק ו,גרמים,400.00,100 גרם,false,,20.90,5.2250,true,1,18468
7290000065540,false,אוסם - מנה חמה פסטה מוקרמת בטעם עוף 55 גרם,"אסם השקעות בע""מ",IL,מנה חמה פסטה מוקרמת,גרמים,55.00,100 גרם,false,,5.90,10.7273,true,1,18471
7290000065557,false,אוסם - מנה חמה קוסקוס עם ירקות 84 גרם,"אסם תעשיות מזון בע""מ",IL,מנה חמה קוסקוס וירקו,גרמים,84.00,100 גרם,false,,5.90,7.0238,true,1,18472
7290000066134,false,ביסלי בטעם פלאפל 70 גרם,"אסם השקעות בע""מ",IL,ביסלי פלאפל 70גרם,גרמים,70.00,100 גרם,false,,3.90,5.5714,true,1,18479
7290000066141,false,ביסלי בטעם גריל 70 גרם,"אסם השקעות בע""מ",IL,ביסלי גריל 70 גר'.,גרמים,70.00,100 גרם,false,,3.90,5.5714,true,1,18480
7290000066172,false,ביסלי בטעם פיצה 70 גרם,"אסם השקעות בע""מ",IL,ביסלי פיצה 70גרם,גרמים,70.00,100 גרם,false,,3.90,5.5714,true,1,18483
7290000066189,false,ביסלי גדול בטעם פלאפל 200 ג' אסם,"אסם השקעות בע""מ",IL,ביסלי גדול פלאפל 200,גרמים,200.00,100 גרם,false,,6.90,3.4500,true,1,18484
7290000066196,false,ביסלי גדול בטעם גריל 200 ג' אסם,מיוצר עי קונדיטוריית,IL,ביסלי גריל 200גרם,גרמים,200.00,100 גרם,false,,6.90,3.4500,true,1,18485
7290000066226,false,ביסלי בטעם פיצה 200 ג' אסם,מיוצר עי קונדיטוריית,IL,ביסלי טעם פיצה 200גר,גרמים,200.00,100 גרם,false,,6.90,3.4500,true,1,18488
7290000066264,false,אוסם - חטיף דובונים 40 גרם,"אסם השקעות בע""מ",IL,דובונים 40גרם,גרמים,40.00,100 גרם,false,,5.00,12.5000,true,1,18489
7290000066295,false,אסם במבה תות מחומרים טבעיים 30גר,מיוצר עי קונדיטוריית,IL,במבה מתוקה מחומרים ט,גרמים,30.00,100 גרם,false,,2.90,9.6667,true,1,18490
7290000066318,false,במבה קלאסי 80 גרם,"אסם השקעות בע""מ",IL,במבה קלאסי 80 גרם,גרמים,80.00,100 גרם,false,,4.50,5.6250,true,1,18492
7290000066332,false,אפרופו חטיף אסם 50ג',מיוצר עי קונדיטוריית,IL,אפרופו 50 גרם,גרמים,50.00,100 גרם,false,,5.00,10.0000,true,1,18493
7290000066431,false,פופקו חטיף תירס בטעם חמאה ודבש 80 גרם,מיוצר עי קונדיטוריית,IL,פופקו חמאה ודבש 80גר,גרמים,80.00,100 גרם,false,,5.90,7.3750,true,1,18495
7290000067407,false,פרורית מתובלת בשקית 200 גרם,עינת תעשיות,IL,פירורית מתובל שקית 2,גרמים,200.00,100 גרם,false,,6.50,3.2500,true,1,18502
7290000067599,false,אוסם - מנה חמה ספגטי רוטב בולנז 65 גרם,"אסם השקעות בע""מ",IL,מנה חמה ספגטי בולונז,גרמים,65.00,100 גרם,false,,5.90,9.0769,true,1,18508
7290000068138,false,פודינג אינסטנט וניל 80 ג' אסם,מיוצר עי קונדיטוריית,IL,אסם פודינג אינסטנט ו,גרמים,80.00,100 גרם,false,,5.90,7.3750,true,1,18514
7290000068190,false,ג'לי תות שדה צבע טבעי 85 ג',מיוצר עי קונדיטוריית,IL,אסם ג'לי תות שדה צבע,גרמים,90.00,100 גרם,false,,6.90,7.6667,true,1,18518
7290000068206,false,ג'לי משמש אסם צבע טבעי 85 ג',מיוצר עי קונדיטוריית,IL,אסם ג'לי משמש צבעים,גרמים,85.00,100 גרם,false,,6.90,8.1176,true,1,18519
7290000068237,false,ג'לי פטל צבע טבעי 85ג' אסם,מיוצר עי קונדיטוריית,IL,אסם ג'לי פטל צבעים ט,גרמים,85.00,100 גרם,false,,6.90,8.1176,true,1,18520
7290000068701,false,שקדי מרק רכיבים טבעיים 400 גרם-מיכל,"אסם השקעות בע""מ",IL,שקדי מרק במיכל אסם 4,גרמים,400.00,100 גרם,false,,16.90,4.2250,true,1,18525
7290000068770,false,במבה יום הולדת 80 גרם,"אסם השקעות בע""מ",IL,במבה יום הולדת 80גרם,גרמים,80.00,100 גרם,false,,4.50,5.6250,true,1,18526
7290000068787,false,במבה יום הולדת 25 גרם,מיוצר עי קונדיטוריית,IL,במבה יום הולדת 25גרם,גרמים,25.00,100 גרם,false,,2.50,10.0000,true,1,18527
7290000069258,false,פסטה פרפקטו פנה ריגאטה 500ג' אסם,פסטה זארה,IT,פנה ריגאטה פרפקטו 50,גרמים,500.00,100 גרם,false,,6.90,1.3800,true,1,18531
7290000069364,false,פריכונים עגולים אורז דל נתרן אסם 140 גרם,"מיוצר ע""י PT, משווק",IL,פריכונים מאורז מלא ל,גרמים,140.00,100 גרם,false,,6.90,4.9286,true,1,18532
7290000070308,false,אבקת מרק עוף אמיתי 400 גרם-מיכל,"אסם השקעות בע""מ",IL,מרק עוף אמיתי אסם 40,גרמים,400.00,100 גרם,false,,23.90,5.9750,true,1,18542
7290000072067,false,במבה במילוי קרם חלבה 60ג' אסם,מיוצר עי קונדיטוריית,IL,במבה במילוי קרם חלבה,גרמים,60.00,100 גרם,false,,4.50,7.5000,true,1,18554
7290000072241,false,"רוטב פיצה 290 מ""ל-בקבוק","אסם השקעות בע""מ",IL,אסם רוטב פיצה 290מל,מיליליטרים,290.00,"100 מ""ל",false,,11.90,4.1034,true,1,18558
7290000072623,false,קטשופ אסם בקבוק לחיץ 750 גרם,"אסם השקעות בע""מ",IL,אסם קטשופ בקבוק לחיץ,גרמים,750.00,100 גרם,false,,11.90,1.5867,true,1,18560
7290000072630,false,קטשופ אסם חריף 750 גרם-בקבוק,"אסם השקעות בע""מ",IL,אסם קטשופ חריף 750 ג,גרמים,750.00,100 גרם,false,,11.90,1.5867,true,1,18561
7290000072753,false,קפה טייסטר צ'ויס קפה מגורען 200ג',לוטה נסטלה קוריאה,IL,נס קפה טייסטרס צ'ויס,גרמים,200.00,100 גרם,false,,29.90,14.9500,true,1,18563
7290000072760,false,נסקפה טייסטרס צויס 100 גר אוריגנל,,,טייסטרס צ'וייס 100גר,גרמים,100.00,100 גרם,false,,28.90,28.9000,true,1,18564
7290000072777,false,קפה טייסטר צ'ויס מגור' נ.קפאין 200ג',לוטה נסטלה קוריאה,IL,טייסטרס צוייס נטול ק,גרמים,200.00,100 גרם,false,,36.90,18.4500,true,1,18565
7290000072968,false,דגנים סיני מיניס מלחמת הכוכבים 500 גרם,סי. פי. פולין,PL,סיני מיניס דגני נסטל,יחידה,500.00,יחידה,false,,27.90,0.0558,true,1,18571
7290000073125,false,אוסם - מנה חמה פסטה עם עגבניות 62 גרם,"אסם השקעות בע""מ",IL,מנה חמה פסטה עם עגבנ,גרמים,62.00,100 גרם,false,,5.90,9.5161,true,1,18572
7290000073415,false,אוסם - מנה חמה פסטה ברוטב פיצה 61 גרם,"אסם השקעות בע""מ",IL,מנה חמה פסטה ברוטב פ,גרמים,61.00,100 גרם,false,,5.90,9.6721,true,1,18573
7290000073699,false,סלט חומוס צבר 150 גר,סלטי צבר,IL,צבר חומוס חלק 150ג,גרמים,150.00,100 גרם,false,,5.50,3.6667,true,1,19626
7290000073750,false,מנה חמה נודלס אטר+ירקות טעם עוף 70 גרם,,,מנה חמה נודלס בטעם ע,גרמים,70.00,100 גרם,false,,6.90,9.8571,true,1,18575
7290000073767,false,מנה חמה נודלס אטר.+ירקות טעם בקר 70 גרם,,,מנה חמה נודלס בטעם ב,גרמים,70.00,100 גרם,false,,6.90,9.8571,true,1,18576
7290000073774,false,מנה חמה נודלס אטר+ירקות טעם צילי 70 גרם,,,מנה חמה נודלס בטעם פ,גרמים,70.00,100 גרם,false,,6.90,9.8571,true,1,18577
7290000074153,false,ביסקוויט פתיבר שוקו,מיוצר עי קונדיטוריית,IL,אסם פתי בר שוקו 500ג,גרמים,500.00,100 גרם,false,,13.90,2.7800,true,1,18581
7290000074184,false,אוסם - פתי בר בינוני 500 גרם,"אסם השקעות בע""מ",IL,אסם פתי בר 500גרם.,גרמים,500.00,100 גרם,false,,10.90,2.1800,true,1,18583
7290000074245,false,אוסם - קרם קרקר אסם 250 גרם,"אסם השקעות בע""מ",IL,אסם קרם קרקר 250גרם,גרמים,250.00,100 גרם,false,,8.90,3.5600,true,1,18584
7290000074252,false,אסם קרקר שומשום 250 גרם,"אסם השקעות בע""מ",IL,אסם קרקר שומשום 250ג,גרמים,250.00,100 גרם,false,,8.90,3.5600,true,1,18585
7290000074276,false,קרקר פיקנטי טבעון 250 ג' אסם,"אסם השקעות בע""מ",IL,טבעון קרקר פיקנטי 25,גרמים,250.00,100 גרם,false,,9.90,3.9600,true,1,18586
7290000074696,false,"קרם קרקר 1 ק""ג אוסם","אסם השקעות בע""מ",IL,אסם קרם קרקר 1קג,קילוגרמים,1.00,"ק""ג",false,,19.90,19.9000,true,1,18593
7290000074764,false,קרקר זהב אסם 900 גרם,,,קרקר זהב אסם 900 גרם,גרמים,900.00,100 גרם,false,,19.90,2.2111,true,1,18597
7290000075204,false,אוסם - לחמית חיטה מלאה 250 גרם,"אסם השקעות בע""מ",IL,לחמית חיטה מלאה 250ג,גרמים,250.00,100 גרם,false,,8.70,3.4800,true,1,18601
7290000075693,false,עוגת הבית שמרים בריוש שוקולד 360ג',מיוצר עי קונדיטוריית,IL,עוגת שמרים בריוש שוק,גרמים,360.00,100 גרם,false,,14.90,4.1389,true,1,18602
7290000076126,false,אוסם - בייגלה שמיניות קטנות 80 גרם,"אסם השקעות בע""מ",IL,אסם בייגלה שמיניות ק,גרמים,80.00,100 גרם,false,,3.50,4.3750,true,1,18603
7290000076133,false,בייגלה שמיניות קטנות 400 גרם אסם,"אסם השקעות בע""מ",IL,בייגלה אסם שמיניות ק,גרמים,400.00,100 גרם,false,,10.90,2.7250,true,1,18604
7290000076645,false,אוסם - טוסטעים חיטה מלאה 100 גרם,ון דר מולן האלום,IL,טוסטעים חיטה מלאה אס,גרמים,100.00,100 גרם,false,,9.90,9.9000,true,1,18606
7290000077017,false,עוגיות קרמוגית וקרם שוקולד אסם 200 גרם,מיוצר עי קונדיטוריית,IL,אסם קרמוגית במילוי ש,גרמים,200.00,100 גרם,false,,10.90,5.4500,true,1,18608
7290000077253,false,אוסם - לחמית כפרית עם דגנים מלאים 190 גרם,"אסם השקעות בע""מ",IL,לחמית כפרית 190גרם,גרמים,190.00,100 גרם,false,,10.90,5.7368,true,1,18609
7290000078212,false,קרוטונים מתובלים 250 ג' אסם,עינת תעשיות,IL,קרוטונים מתובלים אסם,גרמים,250.00,100 גרם,false,,15.00,6.0000,true,1,18612
7290000078762,false,אוסם - חטיפי פריכונים מאורז מלא בטעם דבש 80גר,סנורייס בלגיום אן. ו,IL,חטיפי פריכונים אורז,גרמים,80.00,100 גרם,false,,7.90,9.8750,true,1,18614
7290000080758,false,אוסם - טוסטעים פת קלוי 100 גרם,ון דר מולן האלום,NL,טוסטעים פת קלוי אסם,גרמים,100.00,100 גרם,false,,9.90,9.9000,true,1,18617
7290000080765,false,טוסטעים פת קלויה עם שומשום 100 ג' אוסם,ון דר מולן האלום,NL,טוסטעים פת קלויה עם,גרמים,100.00,100 גרם,false,,9.90,9.9000,true,1,18618
7290000081663,false,בייגלה טבעות עם שומשום 300 גרם,מיוצר עי קונדיטוריית,IL,בייגלה אסם טבעות שומ,גרמים,300.00,100 גרם,false,,10.90,3.6333,true,1,18620
7290000085180,false,גטניו פתי בר וניל 470 גרם,"אחים גטניו בע""מ",,גטניו - פתיבר וניל 4,גרמים,470.00,100 גרם,false,,9.90,2.1064,true,1,41191
7290000100197,false,לקט אפונה תירס וגזר סנפרוסט 700 גר',,,לקט אפונה תירס וגזר,גרמים,700.00,100 גרם,false,,12.90,1.8429,true,1,25427
7290000100272,false,"כרובית סנפרוסט בד""ץ",,,"כרובית בד""צ 600 גרם",גרמים,600.00,100 גרם,false,,24.90,4.1500,true,1,25429
7290000100289,false,"לקט השדה קפוא סנפרוסט 600 גר' בד""צ",,,"לקט השדה בד""צ 700 גר",גרמים,700.00,100 גרם,false,,17.90,2.5571,true,1,25430
7290000103365,false,מרק ירקות 550 ג' סנפרוסט,"איי, בי, אינבוו",IL,סנפרוסט מרק ירקות 50,גרמים,500.00,100 גרם,false,,16.90,3.3800,true,1,25451
7290000103495,false,אפונת גינה סנפר' 700 ג' בדץ,,IL,סנפרוסט אפונת גינה ב,גרמים,700.00,100 גרם,false,,12.90,1.8429,true,1,25461
7290000103525,false,גזר גמדי -שמיטה 700 גרם סנפרוסט,,IL,"סנפרוסט גזר גמדי בד""",גרמים,700.00,100 גרם,false,,12.90,1.8429,true,1,25464
7290000103532,false,גרעיני תירס סנפרוסט 700ג' בדץ,,IL,סנפרוסט גרעיני תירס,גרמים,700.00,100 גרם,false,,12.90,1.8429,true,1,25465
7290000103556,false,גרגירי חומוס מבושל סנפרוסט 700ג' בדצ,,IL,סנפרוסט גרגירי חומוס,גרמים,700.00,100 גרם,false,,14.90,2.1286,true,1,25467
7290000103846,false,מרק אפונה 570 ג' סנפרוסט,"סנפרוסט בע""מ",IL,סנפרוסט מרק אפונה קפ,גרמים,570.00,100 גרם,false,,16.90,2.9649,true,1,25482
7290000103877,false,מרק שעועית קפוא 640 ג' סנפרוסט,"סנפרוסט בע""מ",IL,סנפרוסט מרק שעועית ק,גרמים,644.00,100 גרם,false,,16.90,2.6242,true,1,25484
7290000104188,false,שעועית אדומה מבושלת סנפרוסט 800גר,"סנפרוסט בע""מ",IL,סנפרוסט שעועית אדומה,גרמים,800.00,100 גרם,false,,17.90,2.2375,true,1,25488
7290000104676,false,אפונה קפואה סנפרוסט 800 גרם,"איי, בי, אינבוו",IL,אפונת גינה סנפרוסט 8,גרמים,800.00,100 גרם,false,,17.90,2.2375,true,1,25493
7290000104683,false,שעועית ירוקה שלמה 800 גר סנפרוסט,"סנפרוסט בע""מ",IL,שעועית שלמה סנפרוסט,גרמים,800.00,100 גרם,false,,19.90,2.4875,true,1,25494
7290000104713,false,פול ירוק 800 גר סנפרוסט,"איי, בי, אינבוו",IL,פול ירוק 800גר,גרמים,800.00,100 גרם,false,,20.90,2.6125,true,1,25497
7290000104737,false,שעועית צהובה חתוכה סנפרוסט 800גר,"סנפרוסט בע""מ",IL,שעועית צהובה חתוכה ס,גרמים,800.00,100 גרם,false,,17.90,2.2375,true,1,25499
7290000104799,false,שעועית לבנה מבושלת סנפרוסט 800גר,"איי, בי, אינבוו",IL,שעועית לבנה מבושלת 8,גרמים,800.00,100 גרם,false,,18.90,2.3625,true,1,25504
7290000104836,false,שעועית עדינה שלמה 600 גר סנפרוסט,"סנפרוסט בע""מ",IL,שעועית עדינה שלמה סנ,גרמים,600.00,100 גרם,false,,21.90,3.6500,true,1,25507
7290000105190,false,פילה מדומה מחפוד קפו,,,פילה מדומה מחפוד קפו,קילוגרמים,1.00,"ק""ג",true,,63.90,63.9000,true,1,46780
7290000105220,false,שריר בשר מס' 8 מחפוד,,,שריר בשר מס' 8 מחפוד,קילוגרמים,1.00,"ק""ג",true,,63.90,63.9000,true,1,46783
7290000105299,false,חזה בקר מס' 3 קפוא מ,,,חזה בקר מס' 3 קפוא מ,קילוגרמים,1.00,"ק""ג",true,,43.90,43.9000,true,1,46786
7290000105442,false,בשר ראש קפוא מחפוד ב,,,בשר ראש קפוא מחפוד ב,קילוגרמים,1.00,"ק""ג",true,,111.90,111.9000,true,1,46790
7290000105572,false,צלי כתף קפוא ארוז מח,,,צלי כתף קפוא ארוז מח,קילוגרמים,1.00,"ק""ג",true,,49.90,49.9000,true,1,46793
7290000107189,false,תחתיות ארטישוק 400 גרם סנפרוסט,"איי, בי, אינבוו",IL,תחתיות ארטישוק 400גר,גרמים,400.00,100 גרם,false,,19.90,4.9750,true,1,25520
7290000112220,false,בארכה טחינה 100% שומשום 500 גרם,רושדי תעשיות מזון בע,IL,בארכה טחינה 100% שומ,גרמים,500.00,100 גרם,false,,14.90,2.9800,true,1,18621
7290000112237,false,בארכה טחינה 100% שומשום 6*1000גרם,רושדי תעשיות מזון בע,IL,בארכה טחינה 100% שומ,קילוגרמים,1.00,"ק""ג",false,,28.90,28.9000,true,1,18622
7290000112619,false,מרק עוף לתיבול והעשרה קנור 400 ג',יוניליוור ישראל מזון,IL,מרק עוף אמיתי לתיבול,גרמים,400.00,100 גרם,false,,17.90,4.4750,true,1,10092
7290000118277,false,כופתאות מצה להכנת מהירה 65 ג' קנור,יוניליוור ישראל מזון,IL,קנור קניידלך 2* 65 ג,גרמים,130.00,100 גרם,false,,12.90,9.9231,true,1,10117
7290000120836,false,הלמנס מיונז אמיתי 394גר ADR,קונפקו אינק' די.בי.א,CA,מיונז הלמנס 394 גרם,גרמים,394.00,100 גרם,false,,12.90,3.2741,true,1,10124
7290000120874,false,מיונז דל קלוריות 424 ג' הלמנס,"שד' קילבורן 2816, שי",US,מיונז הלמנס לייט 424,גרמים,424.00,100 גרם,false,,12.90,3.0425,true,1,10125
7290000121093,false,גבינה מון בלאן שוצרית 120 גרם,האי נאם סי או אל.טי.,IL,מון בלאן שויצרית 7%,גרמים,120.00,100 גרם,false,,11.90,9.9167,true,1,16773
7290000121109,false,"גבינת מון בלאן זיתים, 120 ג'",האי נאם סי או אל.טי.,IL,מון בלאן זיתים 7% 12,גרמים,120.00,100 גרם,false,,11.90,9.9167,true,1,16774
7290000125251,false,בדין שמפו לכביסה עדינה 2 ליטר,"זוהר דליה, קיבוץ דלי",IL,בדין שמפו לכביסה עדי,ליטרים,2.00,ליטר,false,,26.90,13.4500,true,1,10143
7290000135052,false,"XL TEN משקה אנרגיה מנגו ללא סוכר 250 מ""ל","טמפו משקאות בע""מ",IL,אקס אל TEN פחית מנגו,מיליליטרים,250.00,"100 מ""ל",false,,4.50,1.8000,true,1,9340
7290000135113,false,"משקה אנרגיה XL פחית ten נענע ליים 250 מ""ל",,PL,פחית XL TEN נענע ליי,מיליליטרים,250.00,"100 מ""ל",false,,4.50,1.8000,true,1,9341
7290000135151,false,"טמפו סודה למון ליים בקבוק 250 מ""ל",טמפו משקאות בעמ,IL,סודה נגיעות לימון 27,מיליליטרים,275.00,"100 מ""ל",false,,3.50,1.2727,true,1,116342
7290000135465,false,"מי סודה טמפו 12 יח' * 500 מ""ל",,,מארז תריסר סודה טמפו,ליטרים,6.00,100 ליטר,false,,30.90,515.0000,true,1,156353
7290000136165,false,מירינדה בקבוק 1.5 לי,טמפו,IL,מירינדה 1.5 ליטר,ליטרים,1.50,ליטר,false,,7.90,5.2667,true,1,197422
7290000136189,false,דיאט סבן אפ 1.5 ליטר FREE,,IL,סבן אפ דיאט 1.5 ליטר,ליטרים,1.50,ליטר,false,,7.90,5.2667,true,1,197423
7290000136288,false,סירופ בטעם תפוחים 330 מל JUICER,,,סיידר הגליל JUICER ס,מיליליטרים,330.00,"100 מ""ל",false,,13.30,4.0303,true,1,271797
7290000136295,false,"סירופ JUICER פטל 330 מ""ל סיידר",,,סיידר הגליל JUICER ס,מיליליטרים,330.00,"100 מ""ל",false,,13.30,4.0303,true,1,271839
7290000136516,false,משקה בטעם מנגו פסיפלורה תריסר 1.5 ל' ג'אמפ,טמפו,IL,ג`אמפ פסיפלורה 1.5 ל,ליטרים,1.50,ליטר,false,,7.90,5.2667,true,1,197215
7290000136523,false,משקה בטעם ענבים תריסר 1.5 ל' ג'אמפ,טמפו,IL,ג`אמפ ענבים 1.5 ליטר,ליטרים,1.50,ליטר,false,,7.90,5.2667,true,1,197247
7290000136585,false,משקה בטעם תפוזים תריסר 1.5 ל' ג'אמפ,טמפו,IL,ג`אמפ תפוז 1.5 ליטר,ליטרים,1.50,ליטר,false,,7.90,5.2667,true,1,197232
7290000136646,false,משקה מאלט תריסר 1.5 ל' נשר,טמפו,IL,נשר מאלט 1.5 ליטר,ליטרים,1.50,ליטר,false,,8.90,5.9333,true,1,197127
7290000136653,false,משקה מאלט דיאט תריסר 1.5 ל' נשר,טמפו,IL,נשר מאלט דיאט 1.5 לי,ליטרים,1.50,ליטר,false,,8.90,5.9333,true,1,197128
7290000136660,false,סודה טמפו 1.5 ליטר,טמפו,IL,טמפו סודה 1.5 ליטר,ליטרים,1.50,ליטר,false,,3.90,2.6000,true,1,197352
7290000136684,false,פפסי מקס פיקדון 1.5 ליטר,טמפו,IL,פפסי מקס 1.5 ליטר,ליטרים,1.50,ליטר,false,,7.90,5.2667,true,1,197501
7290000136776,false,שישיית פפסי מקס דל קלוריות 1.5 ליטר,טמפו,IL,פפסי מקס 6*1.5 ליטר,ליטרים,9.00,ליטר,false,,37.90,4.2111,true,1,197486
7290000136790,false,מארז סודה שישייה 1.5 ל' טמפו,טמפו,IL,טמפו סודה 6*1.5 ליטר,ליטרים,9.00,ליטר,false,,17.90,1.9889,true,1,197262
7290000136844,false,מים אקווה נובה 2 ליטר שישייה-,טמפו,IL,אקווה נובה 6*2 ליטר,ליטרים,12.00,ליטר,false,,12.90,1.0750,true,1,197169
7290000136851,false,סבן אפ פיקדון 1.5 ליטר,טמפו,IL,סבן אפ 1.5 ליטר,ליטרים,1.50,ליטר,false,,7.90,5.2667,true,1,197456
7290000136868,false,מארז מים שישיה *1.5ל' סאן בנדטו,טמפו,IL,מים סאן בנדטו 6* 1.5,ליטרים,9.00,ליטר,false,,18.90,2.1000,true,1,197170
7290000136875,false,מארז מים מינרלים מוגז 6* 1.5 ל' סאן בנדטו,טמפו,IL,סאן בנדטו מים מינרלי,ליטרים,9.00,ליטר,false,,19.90,2.2111,true,1,197263
7290000136905,false,סודה טמפו אננס 1.5 ליטר-,טמפו,IL,טמפו סודה אננס 1.5 ל,ליטרים,1.50,ליטר,false,,4.30,2.8667,true,1,207943
7290000137513,false,גלידונית גלידה וניל בציפוי שוקולד 60 יח' קרמיסימו,"גלידת שטראוס בע""מ, ר",IL,קרמיסימו גלידונית ש.,גרמים,700.00,100 גרם,false,,49.90,7.1286,true,1,4214
7290000144160,false,"שמן זית כתית מעולה מודגש""עץ-הזית"" 750 מ""ל","מרקאולאו, ספרד.אבסה,",IT,שמן זית כתית מעולה א,מיליליטרים,750.00,"100 מ""ל",false,,33.90,4.5200,true,1,29317
7290000144467,false,שמן חמניות מועשר בנוגדי חמצון 1 ל' עץ הזית,"נארז ע""י : א.ג. גילר",GR,שמן חמניות בריאות מה,ליטרים,1.00,ליטר,false,,15.90,15.9000,true,1,29320
7290000144474,false,שמן עץ הזית קנולה 1 ליטר בריאות מהטבע,סקנולה,EE,שמן קנולה בריאות עץ,ליטרים,1.00,ליטר,false,,15.90,15.9000,true,1,29321
7290000146645,false,הוואי - סבון מוצק שחור מסתורי 100 גרם רביעייה,,IL,סבון מוצק שחור מסתור,גרמים,400.00,100 גרם,false,,11.90,2.9750,true,1,8064
7290000146652,false,הוואי - סבון מוצק ורוד רומנטי 100 גרם רביעייה,,IL,סבון מוצק ורוד הוואי,גרמים,400.00,100 גרם,false,,11.90,2.9750,true,1,8065
7290000146683,false,הוואי - סבון מוצק אפקט דאודורנט 100 גרם רביעייה,,,סבון מוצק אפקט דאודו,גרמים,400.00,100 גרם,false,,11.90,2.9750,true,1,8068
7290000146928,false,"טום וגרי משחת שיניים בטעם ענבים 50 מ""ל",שוורצקוף& הנקל דיסלד,IL,משחת שיניים טעם ענבי,מיליליטרים,50.00,"100 מ""ל",false,,6.90,13.8000,true,1,8072
7290000148380,false,פיסטוק קלוי שקית 200 גרם,"ג'י אנד ג'י בע""מ",IL,פיסטוק קלוי 200 גרם,גרמים,200.00,100 גרם,false,,21.50,10.7500,true,1,12722
7290000148748,false,גרעיני חמניה שקית קליית גת 200 גרם,"ג'י אנד ג'י בע""מ",IL,גרעיני חמניה 200 גרם,גרמים,200.00,100 גרם,false,,6.90,3.4500,true,1,12725
7290000148939,false,שקדים קלויים קלית גת 200 ג',"ג'י אנד ג'י בע""מ",IL,שקדים קלויים 200 גרם,גרמים,200.00,100 גרם,false,,20.90,10.4500,true,1,12726
7290000151885,false,נקניק הודו יחידה עוף טוב 700ג',,,נקניק הודו יחידה 700,גרמים,700.00,100 גרם,false,,19.00,2.7143,true,1,19648
7290000152943,false,פסטרמה כפרית +סלמי כפרי עוף טוב 350X2ג',מולינו ניקולי s.p.a,IL,עוף טוב סלמי פסטרמה,גרמים,700.00,100 גרם,false,,30.90,4.4143,true,1,19653
7290000153445,false,קציצות בקר מתובלות עוף טוב 500 ג',מולינו ניקולי s.p.a,IL,עוף טוב קציצות בקר מ,גרמים,500.00,100 גרם,false,,30.90,6.1800,true,1,19657
7290000158105,false,שניצל עוף מיני דינוזאור מעוף שגדל ללא אנטיביוטיקה,מוצרי עוף טוב (2001),IL,עוף טוב שניצל עוף מי,גרמים,700.00,100 גרם,false,,36.90,5.2714,true,1,19672
7290000169538,false,"נמס בכוס עגבניות וקרוטונים מרק כשרות בד""ץ 62 ג' קנור",יוניליוור ישראל מזון,IL,נמס בכוס עגבניות וקר,גרמים,62.00,100 גרם,false,,6.90,11.1290,true,1,10259
7290000170053,false,שוקולד פרה חלב 100 גרם,"תופינית בע""מ",IL,שוקולד חלב פרה 100 ג,גרמים,100.00,100 גרם,false,,5.20,5.2000,true,1,22149
7290000174723,false,שוקולית אבקה להכנת משקה שוקו 500 גרם,הנסיך- מפעל לייצור ט,IL,שוקולית 500 גרם,גרמים,500.00,100 גרם,false,,14.90,2.9800,true,1,22157
7290000176079,false,קפה עלית טורקי עם הל 100 גרם,הנסיך- מפעל לייצור ט,IL,טורקי עלית קפה עם הל,גרמים,100.00,100 גרם,false,,9.50,9.5000,true,1,22160
7290000176413,false,קפה נמס עלית 50 גרם,הנסיך- מפעל לייצור ט,IL,עלית נמס 50 גר',גרמים,50.00,100 גרם,false,,9.90,19.8000,true,1,22165
7290000176420,false,קפה נמס אבקתי 200ג עלית,שטראוס קפה בי.וי,IL,קפה נמס עלית פחית 20,גרמים,200.00,100 גרם,false,,20.90,10.4500,true,1,22166
7290000178707,false,תפוציפס מלוח 50 גרם,"שטראוס פריטו ליי בע""",IL,תפוציפס טבעי 50 גרם,גרמים,50.00,100 גרם,false,,3.90,7.8000,true,1,24137
7290000178721,false,תפוציפס מלוח 200 גרם,"שטראוס פריטו ליי בע""",IL,תפוציפס טבעי 200 גרם,גרמים,200.00,100 גרם,false,,10.90,5.4500,true,1,24139
7290000180212,false,שוקולוד פרה מריר אגוזים 100ג' עלית,"שטראוס גרופ בע""מ",IL,פרה שוקולד מריר ושבר,גרמים,100.00,100 גרם,false,,5.90,5.9000,true,1,22176
7290000186535,false,נייר טואלט טריו לבן 32 גלילים לילי,קימברלי קלארק ישראל,IL,לילי נייר טואלט טריו,מטרים,537.00,מטר,false,,44.90,0.0836,true,1,8822
7290000187921,false,נייר טואלט לבן 32 גלילים לילי,קימברלי קלארק ישראל,IL,"נייר טואלט ""לילי"" לב",מטרים,588.00,מטר,false,,41.90,0.0713,true,1,8837
7290000187938,false,לילי - נייר טואולט נייר טואלט פסטל 32 יח',חוגלה קימברלי,,"נייר טואלט ""לילי"" פס",מטרים,588.00,מטר,false,,42.90,0.0730,true,1,8838
7290000187952,false,נייר טואלט טריו לילי פרימיום 32גליל,חוגלה קימברלי,,נייר טאולט לילי טריו,מטרים,537.00,מטר,false,,44.90,0.0836,true,1,8839
7290000188355,false,מגבות מטבח ניקול לבנה שישייה,קימברלי-קלארק,IL,מגבות מטבח ניקול לבנ,מטרים,64.80,מטר,false,,13.90,0.2145,true,1,8845
7290000189659,false,ניקול - מטליות לחות לרצפה 10 יח',עלבד משואות יצחק בעמ,IL,ניקול מטליות לחות לר,יחידה,0.00,יחידה,false,,10.90,0.0000,true,1,8875
7290000189871,false,ניקול שקיות אשפה L עם שרוך 55 יח',אשפלסט,IL,אשפתון 55 שקיות,יחידה,0.00,יחידה,false,,23.90,0.0000,true,1,8882
7290000190150,false,מפיות נייר מודפסות 3 שכבות ניקול 20 יח',PALOMA,SI,מפיות תלת שכבתיות ני,יחידה,0.00,יחידה,false,,8.90,0.0000,true,1,8885
7290000191539,false,ממחטות טישו לילי צבעוני חמישיה,,,לילי צבעוני חמישיה-9,יחידה,0.00,יחידה,false,,15.90,0.0000,true,1,8903
7290000192581,false,מגבת נייר גליל כפול ניקול 12=6 גליל,,IL,מגבת כפולה ניקול 6=1,מטרים,129.70,מטר,false,,21.90,0.1689,true,1,8913
7290000193014,false,פדיות אינטרלוד מגיני יום לילי 50יח',Ontex,,מגן תחתון אינטרלוד ל,יחידה,0.00,יחידה,false,,10.90,0.0000,true,1,8914
7290000193083,false,לילי - תחבושות נובה לי 28 יח',Ontex,,תחבושות נובה לי לילי,יחידה,0.00,יחידה,false,,10.90,0.0000,true,1,8916
7290000193472,false,לילי מגני תחתון נטורל נורמל 60 יח',Ontex,,מגן תחתון נטורל נורמ,יחידה,0.00,יחידה,false,,15.90,0.0000,true,1,8921
7290000193540,false,לילי אינטימייט מגן תחתון לונג 52יח',Ontex,,מגן תחתון נטורל לונג,יחידה,0.00,יחידה,false,,15.90,0.0000,true,1,8923
7290000193649,false,לילי תחבושות נטורל אולטרה סופר 24 יח',Ontex,IL,תחבושות נטורל אולטרה,יחידה,0.00,יחידה,false,,15.90,0.0000,true,1,8925
7290000193656,false,לילי תחבושות נטורל אולטרה סופר פלוס 24 יח',Ontex,IL,תחבושות נטורל אולטרה,יחידה,0.00,יחידה,false,,15.90,0.0000,true,1,8926
7290000194178,false,עוף מס' 1 קפוא מחפוד,,,עוף מס' 1 קפוא מחפוד,קילוגרמים,1.00,"ק""ג",true,,27.90,27.9000,true,1,46803
7290000194239,false,מחפוד-חזה עוף קפוא מ,,,מחפוד-חזה עוף קפוא מ,קילוגרמים,1.00,"ק""ג",true,,33.90,33.9000,true,1,46806
7290000194253,false,כנפיים עוף קפוא ארוז,,,כנפיים עוף קפוא ארוז,קילוגרמים,1.00,"ק""ג",true,,13.90,13.9000,true,1,46807
7290000194307,false,מחפוד-כבד עוף קפוא מ,,,מחפוד-כבד עוף קפוא מ,קילוגרמים,1.00,"ק""ג",true,,32.90,32.9000,true,1,46811
7290000194529,false,עוף טרי מחפוד ארוז,,,עוף טרי מחפוד ארוז,קילוגרמים,1.00,"ק""ג",true,,27.90,27.9000,true,1,46814
7290000194536,false,חזה עוף טרי מחפוד אר,,,חזה עוף טרי מחפוד אר,קילוגרמים,1.00,"ק""ג",true,,34.90,34.9000,true,1,46815
7290000194543,false,כרעיים עוף טרי מחפוד,,,כרעיים עוף טרי מחפוד,קילוגרמים,1.00,"ק""ג",true,,34.90,34.9000,true,1,46816
7290000194574,false,מחפוד שוקיים עוף טרי,,,מחפוד שוקיים עוף טרי,קילוגרמים,1.00,"ק""ג",true,,36.90,36.9000,true,1,46819
7290000194598,false,כבד עוף טרי ארוז מחפ,,,כבד עוף טרי ארוז מחפ,קילוגרמים,1.00,"ק""ג",true,,33.90,33.9000,true,1,46821
7290000194837,false,ניקול - שקיות מזון + ידיות קשירה אקסטרה לארג' 200 יח',סין,CN,ניקול שקיות מזון עם,יחידה,0.00,יחידה,false,,13.90,0.0000,true,1,8938
7290000195216,false,נייר אפייה בשקית ניקול 50 יח',אופל,,ניקול נייר אפייה בשק,יחידה,0.00,יחידה,false,,11.90,0.0000,true,1,8945
7290000195537,false,האגיס - מגבוני האגיס דיילי קר לא מבושם 64 יח' * 4,ווטנפס בעמ,IL,מגבוני האגיס דיילי ק,יחידה,0.00,יחידה,false,,20.90,0.0000,true,1,8951
7290000197456,false,האגיס פרידום דריי שלב 4 44 יחידות,קימברלי קלארק ישראל,IL,האגיס פרידום דריי של,יחידה,0.00,יחידה,false,,45.90,0.0000,true,1,8981
7290000197470,false,מקפיאון שקיות הקפאה מתכלות ניקול 250יח',אשלפסט תעשיות בעמ,IL,"ניקול שקיות רב""ש 250",יחידה,0.00,יחידה,false,,14.90,0.0000,true,1,8983
7290000197548,false,האגיס פרידום דריי שלב 5 38 יחידות,קימברלי קלארק ישראל,IL,האגיס פרידום דריי של,יחידה,0.00,יחידה,false,,45.90,0.0000,true,1,8986
7290000197654,false,ניקול אשפתון שקיות אשפה ענקיות 45 יח',אשפלסט,IL,אשפתון שקיות אשפה ענ,יחידה,0.00,יחידה,false,,21.90,0.0000,true,1,8987
7290000197678,false,האגיס פרידום דריי שלב 6 34 יחידות,קימברלי קלארק ישראל,IL,האגיס פרידום דריי ש,יחידה,0.00,יחידה,false,,45.90,0.0000,true,1,8988
7290000197753,false,ניילון נצמד אנטי בטקריאלי ניקול 30X2מ',GTC,,ניקול ניילונית זוג,מטרים,60.00,מטר,false,,12.50,0.2083,true,1,8990
7290000197876,false,ניקול תבנית אלומיניום 4 יח' 2 מכסים,סין,CN,ניקול תבנית אלומיניו,יחידה,0.00,יחידה,false,,10.90,0.0000,true,1,8992
7290000197883,false,ניקול תבניות אלומיניום 4יח',ארץ ייצור: סין,CN,ניקול תבניות אלומיני,יחידה,0.00,יחידה,false,,10.90,0.0000,true,1,8993
7290000197999,false,רדיד אלומיניום עבה ניקול זוגי 30X7.5מ',אופל,IL,ניקול רדיד אלומיניום,מטרים,15.00,מטר,false,,16.90,1.1267,true,1,8996
7290000201832,false,טיטולים פרימיום שלב 3 (5-9) 52 יח',,IL,טיטולים פרימיום שלב,יחידה,0.00,יחידה,false,,32.90,0.0000,true,1,9006
7290000201849,false,טיטולים פרימיום שלב 4 42 יח' (8-14),,IL,טיטולים פרימיום שלב,יחידה,0.00,יחידה,false,,32.90,0.0000,true,1,9007
7290000201856,false,טיטולים פרימיום שלב 4+ 40 יח' (10-16),,IL,טיטולים פרימיום שלב,יחידה,0.00,יחידה,false,,32.90,0.0000,true,1,9008
7290000201863,false,טיטולים פרימיום שלב 5 34 יח',חוגלה קימברלי,IL,טיטולים פרימיום שלב,יחידה,0.00,יחידה,false,,32.90,0.0000,true,1,9009
7290000201870,false,טיטולים פרימיום שלב 6 30 יח',חוגלה קימברלי,IL,טיטולים פרימיום שלב,יחידה,0.00,יחידה,false,,32.90,0.0000,true,1,9010
7290000204086,false,ניקול כרית קרצוף מארז שלישייה,UFO INC,IL,ניקול כרית קרצוף,יחידה,0.00,יחידה,false,,10.90,0.0000,true,1,9027
7290000204147,false,ניקול כריות יפניות 2 ב 1 רביעייה,פלסטופוליש,IL,כריות יפניות 2 ב 1 ר,יחידה,0.00,יחידה,false,,12.90,0.0000,true,1,9028
7290000204215,false,ניקול כריות יפניות 6 יח',פלסטופוליש,IL,ניקול כריות יפניות 6,יחידה,0.00,יחידה,false,,10.90,0.0000,true,1,9029
7290000204253,false,מטליות ניקול רב שימושיות 9יח',נועם אורים-קיבוץ אור,IL,מטלית רב שימושית תשע,יחידה,0.00,יחידה,false,,10.90,0.0000,true,1,9031
7290000204307,false,ניקול מטליות רב שימושיות בגליל 40 יח',נועם אורים-קיבוץ אור,IL,מטליות ניקול 40 רב ש,יחידה,0.00,יחידה,false,,19.90,0.0000,true,1,9032
7290000204512,false,מטליות לחות לרצפה בניחוח לימון 10 יח' ניקול,עלבד משואות יצחק בעמ,IL,מטליות לחות לרצפה בר,יחידה,0.00,יחידה,false,,10.90,0.0000,true,1,9033
7290000204611,false,ספוגית הקסם ניקול שישייה,UFO INC,US,ניקול ספוגית הקסם*6,יחידה,0.00,יחידה,false,,11.90,0.0000,true,1,9034
7290000205762,false,חיתולי האגיס אקסטרה קייר מידה 3 48 יח',,,האגיס אקסטרה קייר מי,יחידה,0.00,יחידה,false,,59.90,0.0000,true,1,9035
7290000207063,false,רוטב עגבניות פריכוז 28% 260 ג' יכין,היינץ צפון אמריקה מק,IL,רוטב עגבניות פריכוז,גרמים,240.00,100 גרם,false,,3.90,1.6250,true,1,8603
7290000207438,false,עגבניות 2.5 A קוביות 850 גרם יכין,"זנלכל בע""מ",IL,עגבניות לקוביות יכין,גרמים,800.00,100 גרם,false,,9.90,1.2375,true,1,8607
7290000208077,false,אפונת גינה רגילה 550 גרם יכין,"זנלכל בע""מ",IL,אפונת גינה גדולה L י,גרמים,335.00,100 גרם,false,,8.90,2.6567,true,1,8612
7290000208220,false,"שעועית צ'לי יכין פ""ק A2 בית יוסף",היינץ צפון אמריקה מק,IL,שעועית צילי חריף יכי,גרמים,355.00,100 גרם,false,,9.90,2.7887,true,1,8621
7290000208350,false,עגבניות מרוסקות בצל 850 גר יכין A 2.5,,IL,עגבניות מרוסקות עם ב,גרמים,800.00,100 גרם,false,,9.90,1.2375,true,1,8629
7290000208404,false,פול A2 בית יוסף יכין,"זנלכל בע""מ",IL,פול מצרי יכין 550 גר,גרמים,350.00,100 גרם,false,,8.90,2.5429,true,1,8631
7290000208534,false,גרעיני תירס מתוק לילדים 550 גרם יכין,"זנלכל בע""מ",IL,גרעיני תירס קיד מתוק,גרמים,335.00,100 גרם,false,,9.90,2.9552,true,1,8637
7290000208855,false,רוטב לפסטה קלאסי 240 גרם יכין,"זנלכל בע""מ",IL,רוטב לפסטה קלאסי יכי,גרמים,260.00,100 גרם,false,,5.50,2.1154,true,1,8640
7290000208893,false,גרעיני תירס מתוק לייט 400 גרם יכין,היינץ צפון אמריקה מק,IL,תירס לייט יכין 400 ג,גרמים,400.00,100 גרם,false,,6.90,1.7250,true,1,8641
7290000208978,false,פריכוז 100 גרם יכין בית יוסף,היינץ צפון אמריקה מק,IL,רוטב עגבניות פריכוז,גרמים,100.00,100 גרם,false,,3.50,3.5000,true,1,8644
7290000209012,false,חומץ הדרים 5% יכין 1,"זנלכל בע""מ",IL,חומץ הדרים 5% יכין 1,ליטרים,1.00,ליטר,false,,5.90,5.9000,true,1,8646
7290000209043,false,מיץ לימון משומר 1 ל' יכין,היינץ צפון אמריקה מק,IL,מיץ לימון משומר יכין,ליטרים,1.00,ליטר,false,,4.90,4.9000,true,1,8647
7290000209173,false,חומץ סינטטי יכין 1 ל',,,חומץ סינטטי 5% יכין,ליטרים,1.00,ליטר,false,,4.70,4.7000,true,1,8648
7290000209388,false,תירס גרגרים לייט וואקום מארז 60X3ג',,,תירס לייט שלישיה יכי,גרמים,420.00,100 גרם,false,,14.90,3.5476,true,1,8657
7290000209722,false,רסק עגבניות פריכוז 28% 600 ג' יכין,"זנלכל בע""מ",IL,רוטב עגבניות מרוכז מ,גרמים,580.00,100 גרם,false,,9.90,1.7069,true,1,8668
7290000209913,false,עגבניות חתוכות לקוביות 240 גרם יכין,"זנלכל בע""מ",IL,עגבניות לקוביות יכין,גרמים,260.00,100 גרם,false,,5.50,2.1154,true,1,8670
7290000209951,false,רוטב עגבניות לפיצה 260 גרם יכין,"זנלכל בע""מ",IL,רוטב עגבניות לפיצה י,מיליליטרים,260.00,"100 מ""ל",false,,5.50,2.1154,true,1,8672
7290000209968,false,רוטב עגבניות ללזניה יכין 240 גרם,"זנלכל בע""מ",IL,רוטב ללזניה יכין 240,גרמים,260.00,100 גרם,false,,5.50,2.1154,true,1,8673
7290000211169,false,"אורז תאילנדי אחד אחד סוגת 1 ק""ג",האי נאם סי או אל.טי.,IL,אורז תאילנדי 1 ק'ג,קילוגרמים,1.00,"ק""ג",false,,6.90,6.9000,true,1,17290
7290000211442,false,"אורז פרסי קלאסי סוגת 1 ק""ג",האי נאם סי או אל.טי.,IL,סוגת אורז פרסי קלאסי,קילוגרמים,1.00,"ק""ג",false,,10.90,10.9000,true,1,17294
7290000211503,false,סוכר לבן ארוז בשקית,"סוגת תעשיות בע""מ",IL,"סוכר סוגת לבן 1 ק""ג",קילוגרמים,1.00,"ק""ג",false,,4.50,4.5000,true,1,17295
7290000211985,false,"אורז ריזוטו עגול סוגת 1 ק""ג","סוגת תעשיות בע""מ",IL,סוגת אורז עגול 1קג,קילוגרמים,1.00,"ק""ג",false,,11.90,11.9000,true,1,17298
7290000212401,false,וופל מצופית מנעמים 400ג',,,ופל מצופית מנעמים 40,גרמים,400.00,100 גרם,false,,9.90,2.4750,true,1,36029
7290000212579,false,וופלים מצופים טעם שוקו 40 יחידות,,,ופל מצופה שוקולד מנע,גרמים,800.00,100 גרם,false,,16.90,2.1125,true,1,36030
7290000212975,false,"ופל שוקו מנעמים 1 ק""",,,"ופל שוקו מנעמים 1 ק""",קילוגרמים,1.00,"ק""ג",false,,16.90,16.9000,true,1,36032
7290000226552,false,קפולסקי עוגת טורט ריבת חלב+ קוקוס קפוא,,IL,עוגת טורט ריבת חלב ע,קילוגרמים,1.00,"ק""ג",false,,65.90,65.9000,true,1,39901
7290000226569,false,קפולסקי עוגת טורט קצפת שוקולד,קריניציה ויטמינה אס,IL,עוגת טורט קצפת שוקול,קילוגרמים,1.00,"ק""ג",false,,65.90,65.9000,true,1,39902
7290000226613,false,עוגות דובוש מצופה שוקולד 400 גר',קריניציה ויטמינה אס,IL,עוגת דובוש מצופה בטע,גרמים,450.00,100 גרם,false,,40.90,9.0889,true,1,39905
7290000238029,false,"בצק עלים צרפתי מרודד מעדנות 1ק""ג",מיוצר עי קונדיטוריית,IL,"בצק עלים 1ק""ג",קילוגרמים,1.00,"ק""ג",false,,20.90,20.9000,true,1,35591
7290000238036,false,מלווח עגול מעדנות 700 ג',מיוצר עי קונדיטוריית,IL,מעדנות מלווח 700גר,גרמים,700.00,100 גרם,false,,16.90,2.4143,true,1,35592
7290000238173,false,מעדנות בורקס גבינה 800גר,מיוצר עי קונדיטוריית,IL,בורקס גבינה מעדנות 8,גרמים,800.00,100 גרם,false,,20.90,2.6125,true,1,35593
7290000238180,false,בורקס תפוחי אדמה מעדנות 800ג',מיוצר עי קונדיטוריית,IL,"בורקס תפו""א 800גר",גרמים,800.00,100 גרם,false,,16.90,2.1125,true,1,35594
7290000243566,false,"שמן קנולה בריאות 750 מ""ל",סקנולה,EE,שמן קנולה בריאות עץ,מיליליטרים,750.00,"100 מ""ל",false,,11.90,1.5867,true,1,29327
7290000244761,false,קרם ידיים וולוטה 80 גרם,תאי פרזידנט פוד פאבל,IL,"קרם ולוטה 80 מ""ל",מיליליטרים,100.00,"100 מ""ל",false,,6.90,6.9000,true,1,8079
7290000245089,false,סוד סגול אלגנט 4 ל מרכך כביסה,"הנקל סוד בע""מ",IL,מרכך כביסה סוד סגול,ליטרים,4.00,ליטר,false,,17.90,4.4750,true,1,34858
7290000245270,false,"פרסיל אבקת כביסה סופרא 1.250 ק""ג","הנקל סוד בע""מ",IL,אבקת כביסה פרסיל סופ,קילוגרמים,1.25,"ק""ג",false,,14.90,11.9200,true,1,34861
7290000245287,false,"אבקת כביסה פרסיל קולור שקית 1.250 ק""ג","הנקל סוד בע""מ",IL,אבקת כביסה פרסיל קול,קילוגרמים,1.25,"ק""ג",false,,14.90,11.9200,true,1,34862
7290000245294,false,"א.כ. פרסיל סופרא שקית 2.5 ק""ג","הנקל סוד בע""מ",IL,אבקת כביסה פרסיל 2.5,קילוגרמים,2.50,"ק""ג",false,,26.90,10.7600,true,1,34863
7290000245782,false,סוד ורוד מסתורי 4 ל מרכך כביסה,"הנקל סוד בע""מ",IL,מרכך כביסה סוד ורוד,ליטרים,4.00,ליטר,false,,17.90,4.4750,true,1,34873
7290000245799,false,סוד כחול מרענן 4 ל מרכך כביסה,"הנקל סוד בע""מ",IL,מרכך כביסה סוד כחול,ליטרים,4.00,ליטר,false,,17.90,4.4750,true,1,34874
7290000253220,false,שוקולד צ'יפס חום אופנהיימר 260 גר',אופנהיימר,IL,שוקולד צ'יפס אופנהיי,גרמים,260.00,100 גרם,false,,12.90,4.9615,true,1,24571
7290000253251,false,שוקולד צ'יפס לבן אופנהיימר 250 גרם,אופנהיימר,IL,שוקולד צ'יפס לבן אופ,גרמים,250.00,100 גרם,false,,12.90,5.1600,true,1,24572
7290000262031,false,נייר טואלט מולט לב 32 גלילים,חוגלה קימברלי,IL,נייר טואלט מולט לב 3,מטרים,563.00,מטר,false,,32.90,0.0584,true,1,9037
7290000262413,false,חיתולי האגיס אקסטרה קייר מידה 5 34יח,,,האגיס אקסטרה קייר מי,יחידה,0.00,יחידה,false,,59.90,0.0000,true,1,9043
7290000272443,false,סירופ עסיס דיאט תפוזים צ.טבעי 1 ל',בית-השיטה עסיס תעשיו,IL,סירופ דיאט תפוז עסיס,יחידה,0.00,יחידה,false,,16.90,0.0000,true,1,18626
7290000272696,false,עסיס מיץ לימון טבעי משומר 1 ל' אסם,בית-השיטה עסיס תעשיו,IL,מיץ לימון משומר עסיס,ליטרים,1.00,ליטר,false,,10.90,10.9000,true,1,18628
7290000272726,false,חומץ טבעי 5% עסיס 1 ל' אסם,,,חומץ טבעי 5% עסיס 1,ליטרים,1.00,ליטר,false,,7.50,7.5000,true,1,18629
7290000286228,false,כרית קרצוף לכלים סנו סושי 6יח',סנו מפעלי ברונו בעמ,IL,סנו סושי שישיות כריו,יחידה,0.00,יחידה,false,,11.90,0.0000,true,1,29663
7290000286549,false,סנו סושי מטליות לניקוי כללי 9 יח',טרופיקל דגיל תעשיות,IL,סנו סושי מטליות לכל,יחידה,0.00,יחידה,false,,11.90,0.0000,true,1,29672
7290000286594,false,"סנו איקס לימון במיכל 600 מ""ל",סנו מפעלי ברונוס בעמ,IL,סנו X לימון במיכל 60,גרמים,600.00,100 גרם,false,,9.90,1.6500,true,1,29674
7290000286824,false,פילה דג נסיכת הנילוס,,,פילה דג נסיכת הנילוס,קילוגרמים,1.00,"ק""ג",true,,39.90,39.9000,true,1,308911
7290000287195,false,"סנו רהיט ספריי עשיר בווקס להברקה 305 מ""ל",מיוצר עי קונדיטוריית,IL,סנו רהיט ספריי עשיר,מיליליטרים,305.00,"100 מ""ל",false,,14.90,4.8852,true,1,29685
7290000287409,false,סנובון שלישיה תות 3 יח' *55 ג',סנו מפעלי ברונוס בעמ,IL,סנובון שלישיה תות 3*,גרמים,165.00,100 גרם,false,,11.90,7.2121,true,1,29688
7290000287430,false,סנובון צבעוני לאסלה בריח לימון שלישייה,סנו מפעלי ברונו בעמ,IL,סנובון שלישיה צבעוני,גרמים,165.00,100 גרם,false,,11.90,7.2121,true,1,29689
7290000288024,false,סנו - ז'אוול אקונומיקה בריח לימון 4 ליטר,"סנו מפעלי ברונוס בע""",IL,סנו ז'אוול בריח לימו,ליטרים,4.00,ליטר,false,,16.90,4.2250,true,1,29699
7290000288048,false,סנו זאוול מרסס מונבלאן 1 ליטר,,,סנו ג'אוול מרסס אילנ,ליטרים,1.00,ליטר,false,,17.90,17.9000,true,1,29701
7290000288352,false,"סנו K-300 חרקים ונמלים 630מ""ל","סנו מפעלי ברונוס בע""",IL,K - 300,מיליליטרים,630.00,"100 מ""ל",false,,20.90,3.3175,true,1,29708
7290000288529,false,"משחת כלים סאן לימון 3.5 ק""ג",,,משחת כלים לימון 3.5,קילוגרמים,3.50,"ק""ג",false,,31.90,9.1143,true,1,126160
7290000288642,false,סנו - מקסימה מרכך כביסה סנסטיב ורוד 4 ליטר,"סנו מפעלי ברונוס בע""",IL,מרכך כביסה סנו מקסימ,ליטרים,4.00,ליטר,false,,22.90,5.7250,true,1,29714
7290000288727,false,"אבקת כביסה מקסימה מאסק 1.25 ק""ג סנו",סנו,,סנו מקסימה מאסק 1.25,קילוגרמים,1.25,"ק""ג",false,,14.90,11.9200,true,1,29717
7290000289069,false,סנו - ז'אוול מרסס קצף ניקוי בתוספת אקונומיקה בריח לימון 1 ליטר,"סנו מפעלי ברונוס בע""",IL,סנו ג'אוול מרסס לימו,ליטרים,1.00,ליטר,false,,17.90,17.9000,true,1,29721
7290000289472,false,סנו סושי שקיות 76*90 50 יח' XXL,מיוצר עי קונדיטוריית,IL,סנו סושי שקיות HD 76,יחידה,0.00,יחידה,false,,20.90,0.0000,true,1,29724
7290000289748,false,"סנו פורטה פלוס מסיר שומנים לתנור 750מ""ל","סנו מפעלי ברונוס בע""",IL,סנו פורטה פלוס לתנור,מיליליטרים,750.00,"100 מ""ל",false,,14.90,1.9867,true,1,29730
7290000292687,false,סנובון לאסלה כחול אפרסק נתלה 55X3ג',מיוצר עי קונדיטוריית,IL,סנובון כחול שלישיה,גרמים,165.00,100 גרם,false,,17.90,10.8485,true,1,29747
7290000292915,false,"סנו רסס ונגב אקדח 750מ""ל","סנו מפעלי ברונוס בע""",IL,סנו רסס ונגב אקדח 75,מיליליטרים,750.00,"100 מ""ל",false,,12.90,1.7200,true,1,29749
7290000293073,false,מרכך כביסה מקסימה ביו לבן 4 ל' סנו,"סנו מפעלי ברונוס בע""",IL,מרכך כביסה סנו מקסימ,ליטרים,4.00,ליטר,false,,22.90,5.7250,true,1,29751
7290000293561,false,"סנו מסיר עובש 750 מ""ל","סנו מפעלי ברונוס בע""",IL,סנו מסיר עובש 750מל,מיליליטרים,750.00,"100 מ""ל",false,,14.90,1.9867,true,1,29755
7290000293837,false,"קרמה מן דאודורנט ג'ל אנטיפרספירנט 70 מ""ל",קוסמופארם בעמ,IL,דאודורנט ג'ל קרמה מן,מיליליטרים,70.00,"100 מ""ל",false,,13.90,19.8571,true,1,29757
7290000293943,false,סנו אנטי קאלק מסיר אבנית וחלודה 1ל',מיוצר עי קונדיטוריית,IL,סנו אנטי קאלק+מתז 1,ליטרים,1.00,ליטר,false,,19.90,19.9000,true,1,29759
7290000294780,false,סנו - ז'אוול אקונומיקה סמיכה מבושמת 4 ליטר,"סנו מפעלי ברונוס בע""",IL,סנו ז'אוול סמיכה 4 ל,ליטרים,4.00,ליטר,false,,16.90,4.2250,true,1,29765
7290000295121,false,מטליות זיגזג סנו סושי לניקוי רצפות 3יח',עופרטקס,,מטלית זיגזג 3יח,יחידה,0.00,יחידה,false,,11.90,0.0000,true,1,29766
7290000295343,false,"אבקת כביסה מקסימה ביו 1.25 ק""ג סנו",סנו,,סנו מקסימה ביו 1.25,קילוגרמים,1.25,"ק""ג",false,,14.90,11.9200,true,1,29770
7290000295404,false,סנו סושי שקית אשפה חזקות 70*50 60 יח',מיוצר עי קונדיטוריית,IL,שקיות אשפה נשלפות סנ,יחידה,0.00,יחידה,false,,22.90,0.0000,true,1,29772
7290000295558,false,רדיד אלומיניום סנו סושי זוגי 30X7.5מ',מולינו ניקולי s.p.a,CN,צמד רדיד אלומיניום ק,מטרים,15.00,מטר,false,,11.90,0.7933,true,1,29775
7290000295565,false,רדיד אלומיניום סנו סושי זוגי 45X7.5מ',,,רדיד אלומיניום רחב ב,מטרים,15.00,מטר,false,,16.90,1.1267,true,1,29776
7290000295794,false,כרית מתכת סנו סושי אל חלד 3יח',,,ספוגיות אל חלד זוג,יחידה,0.00,יחידה,false,,12.90,0.0000,true,1,29780
7290000300900,false,שניצל תירס 750 גרם טבעול,טבעול,IL,שניצל תירס טבעול רכי,גרמים,750.00,100 גרם,false,,24.90,3.3200,true,1,19691
7290000302881,false,פאקט גולף גולד 100,,,גולף גולד 100 (פקט),יחידה,0.00,יחידה,false,,289.00,0.0000,false,1,4516
7290000311067,false,מן-וופלים קוביות מינימן לא מצופה 200גר,,,עוגיות מינימן 250 גר,גרמים,250.00,100 גרם,false,,6.90,2.7600,true,1,20484
7290000311128,false,מן עוגיות בטעם חמאה 300 גרם,תות ממתקי איכות,IL,עוגיות בטעם חמאה 300,גרמים,300.00,100 גרם,false,,6.90,2.3000,true,1,20488
7290000311135,false,מן עוגיות שוקוסטיקס 300 גרם,,IL,עוגיות שוקוסטיקס 300,גרמים,300.00,100 גרם,false,,6.90,2.3000,true,1,20489
7290000311180,false,מאגדת וופלית מן 250 גרם,,IL,מאגדת ופלית צבעונית,גרמים,250.00,100 גרם,false,,6.90,2.7600,true,1,20493
7290000311203,false,וופלים מן בטעם שוקולד 200 גרם,תות ממתקי איכות,IL,ופלים בטעם שוקולד מן,גרמים,200.00,100 גרם,false,,4.50,2.2500,true,1,20495
7290000311210,false,וופלים מן בטעם לימון 200 גרם,,IL,ופלים בטעם לימון מן,גרמים,200.00,100 גרם,false,,4.50,2.2500,true,1,20496
7290000311227,false,ופלים בטעם קפה מן 20,,,ופלים בטעם קפה מן 20,גרמים,200.00,100 גרם,false,,4.50,2.2500,true,1,20497
7290000311234,false,ופלים בטעם וניל מן 2,,,ופלים בטעם וניל מן 2,גרמים,200.00,100 גרם,false,,4.50,2.2500,true,1,20498
7290000311258,false,מן וופל מצופה שוקולד 250 גרם,,,ופל מצופה מן 250 גרם,גרמים,250.00,100 גרם,false,,6.90,2.7600,true,1,20500
7290000311319,false,"מן וופלים מצופים 10 יח' 1 ק""ג",,,ופל מצופה בקופסא מן,קילוגרמים,1.00,"ק""ג",false,,24.00,24.0000,true,1,20503
7290000311357,false,מאגדת מן אגוזים עשיריה 20* 10,,,ופל אגוזית מן עשיריו,גרמים,280.00,100 גרם,false,,9.90,3.5357,true,1,20505
7290000311364,false,מן וופל בטעם שוקולד 10יח אדום,,,מאגדת ופל TAKE1 עשיר,גרמים,210.00,100 גרם,false,,6.90,3.2857,true,1,20506
7290000311425,false,מאגדת מן וופל מצופה כחול -עשירה 24*10,תות ממתקי איכות,IL,ופל מצופה כחול עשירי,גרמים,200.00,100 גרם,false,,6.90,3.4500,true,1,20507
7290000311432,false,עוגיות גרנולה קינמון ללא תוספת סוכר 200ג,,,עוגיות גרנולה קינמון,גרמים,200.00,100 גרם,false,,8.90,4.4500,true,1,236579
7290000311463,false,מן עוגיות חיטה מלאה חמאה ללא סוכר 200 גרם,,,עוגיות חיטה מלאה בטע,גרמים,200.00,100 גרם,false,,8.90,4.4500,true,1,177941
7290000311500,false,מן וופלים בטעם שוקולד 500 גרם,,IL,ופלים בטעם שוקולד מן,גרמים,500.00,100 גרם,false,,8.90,1.7800,true,1,20508
7290000311517,false,מן וופלים בטעם לימון 500 גרם,,IL,ופלים בטעם לימון מן,גרמים,500.00,100 גרם,false,,8.90,1.7800,true,1,20509
7290000311715,false,מן עוגיות כוכבים שוקולד 300 גרם,תות ממתקי איכות,IL,עוגיות כוכבים שוקולד,גרמים,300.00,100 גרם,false,,6.90,2.3000,true,1,20514
7290000311746,false,עוגיות טעם קרמל מן 300 גר,,,עוגיות קרמל 300 גרם,גרמים,300.00,100 גרם,false,,6.90,2.3000,true,1,20517
7290000311753,false,עוגיות חיטה מלאה בטעם חלווה מן 250 גר',,,עוגיות חיטה בטעם חלו,גרמים,250.00,100 גרם,false,,6.90,2.7600,true,1,175579
7290000311845,false,עוגיות קמח מלא ללא תוספת סוכר מן 200ג,,,עוגיות חיטה מלאה ללא,גרמים,200.00,100 גרם,false,,8.90,4.4500,true,1,163494
7290000312767,false,ביגלה שטוח עם מלח 20,,,ביגלה שטוח עם מלח 20,גרמים,200.00,100 גרם,false,,5.90,2.9500,true,1,56979
7290000312811,false,מלך הבייגלה טבעות עם מלח 200ג',,,ביגלה מלח 200 גרם,גרמים,200.00,100 גרם,false,,5.90,2.9500,true,1,56980
7290000313160,false,עוגיות חברים זהבה ו-3 הדובים שוקו' אסם 250 גר',היינץ צפון אמריקה מק,IL,חברים זהבה ושלושת הד,גרמים,250.00,100 גרם,false,,8.50,3.4000,true,1,18630
7290000313184,false,עוגיות חברים גן חיות וניל אסם 250 גר',הגביע מוצרי וופלים ב,IL,חברים ביסקויט גן חיו,גרמים,250.00,100 גרם,false,,8.50,3.4000,true,1,18631
7290000313290,false,אסם נודלס נודלס אטריות מסולסלות 200ג',תאי פרזידנט פוד בנגק,TH,נודלס אטריות מסולסלו,יחידה,200.00,יחידה,false,,8.90,0.0445,true,1,18633
7290000334684,false,טבעות בצל 700 גרם תפוגן,"תעשיות תפוגן בע""מ",IL,טבעות בצל 700 גרם,גרמים,700.00,100 גרם,false,,17.90,2.5571,true,1,19705
7290000334745,false,"אמריקאן צ'יפס תפוגן 1.5 ק""ג","תעשיות תפוגן בע""מ",IL,"אמריקאן ציפס 1.5 ק""ג",קילוגרמים,1.50,"ק""ג",false,,24.90,16.6000,true,1,19706
7290000339849,false,משחת כלים סמדר לימון,,IL,משחת כלים סמדר לימון,קילוגרמים,3.50,"ק""ג",false,,27.90,7.9714,true,1,10286
7290000345284,false,תה ויסוצקי קלאסיק טעם עשיר 100/1.5יח',מולינו ניקולי s.p.a,IL,תה ויסוצקי 1.5 קלאסי,גרמים,150.00,100 גרם,false,,19.90,13.2667,true,1,24581
7290000345291,false,תה ארל גריי 25 שקיקים ויסוצקי,ויסוצקי,IL,תה ארל גריי 1.5/25,גרמים,37.50,100 גרם,false,,15.90,42.4000,true,1,24582
7290000345307,false,תה ארל גריי 50 שקיקים ויסוצקי,מולינו ניקולי s.p.a,IL,תה ארל גריי 1.5/50,גרמים,75.00,100 גרם,false,,30.00,40.0000,true,1,24583
7290000346137,false,חליטת הילולי פירות 25 שקיקים גן קסום,HIQ FOOD PRODUCTS,IL,תה הילולי פירות 25 ש,גרמים,62.50,100 גרם,false,,17.90,28.6400,true,1,24591
7290000346205,false,חליטת קמומיל 25 שקיקים הגן קסום,HIQ FOOD PRODUCTS,IL,תה קמומיל 25 שקיקים,גרמים,37.50,100 גרם,false,,17.90,47.7333,true,1,24596
7290000347738,false,תה ירוק נענע 25 שקיקים 1.5 גרם,HIQ FOOD PRODUCTS,IL,תה ירוק נענע 25 שקיק,גרמים,37.50,100 גרם,false,,23.90,63.7333,true,1,24602
7290000347752,false,תה ירוק לימונית ולואיזה 25 שקיקים *1.5 ג'' ויסוצקי,HIQ FOOD PRODUCTS,IL,תה ירוק לימונית ולוא,גרמים,37.50,100 גרם,false,,23.90,63.7333,true,1,24603
7290000382210,false,שקיות גופיה ינות בית,,,שקיות גופיה ינות בית,יחידה,0.00,יחידה,false,,0.10,0.0000,true,1,43
7290000382234,false,שקיות גופיה מהדרין,,,שקיות גופיה מהדרין,יחידה,0.00,יחידה,false,,0.10,0.0000,true,1,45
7290000408316,false,יוגורט דנונה דל לקטוז 200 גרם,מיוצר עי קונדיטוריית,IL,דנונה טבעי 3% 200מל,מיליליטרים,200.00,"100 מ""ל",false,,3.70,1.8500,true,1,23226
7290000408354,false,יוגורט עם אורז מצופה שוקולד קקאו 175 ג' דנונה,"שטראוס בריאות בע""מ",IL,דנונה קראנצ' פצפוצים,מיליליטרים,175.00,"100 מ""ל",false,,4.60,2.6286,true,1,23227
7290000412139,false,ריצפז סנו אורן 3 ליט,,IL,ריצפז סנו אורן 3 ליט,ליטרים,3.00,ליטר,false,,15.90,5.3000,true,1,29782
7290000412481,false,סנו - מנקה אסלות 00 1 ליטר,מיוצר עי קונדיטוריית,IL,מנקה אסלות 1 ליטר 00,ליטרים,1.00,ליטר,false,,7.90,7.9000,true,1,29784
7290000416618,false,"ממרח שוקולד השחר פרווה בד""צ 400 גר'",השחר העולה בעמ,IL,ממרח שוקולד פרווה הש,גרמים,400.00,100 גרם,false,,11.90,2.9750,true,1,28848
7290000416861,false,"ממרח שוקולד חלבי השחר בד""צ 750 גרם",,,ממרח חלבי השחר 750 ג,קילוגרמים,1.00,"ק""ג",false,,19.90,19.9000,true,1,194776
7290000416878,false,קקאו השחר 500 ג',,,קקאו 500 גר',גרמים,500.00,100 גרם,false,,23.90,4.7800,true,1,28853
7290000419107,false,לנדוור כחול המקורי טחון טורקי 24*100ג,קפה לנדוור בע''מ,IL,לנדוור מקורי קפה טחו,גרמים,100.00,100 גרם,false,,9.90,9.9000,true,1,18634
7290000419909,false,לנדוור לבוקר קפה טחון שחור טורקי 100 גרם,מולינו ניקולי s.p.a,IL,לנדוור לבוקר קפה טחו,גרמים,100.00,100 גרם,false,,9.90,9.9000,true,1,18639
7290000420325,false,פופ קורן טבעי למיקרוגל 5 יח',Preston farms,US,פופסטאר פופקורן טבעי,גרמים,500.00,100 גרם,false,,15.50,3.1000,true,1,5717
7290000420332,false,פופ קורן חמאה למיקרוגל 5יח',Preston farms,US,פופסטאר פופקורן חמאה,גרמים,500.00,100 גרם,false,,15.50,3.1000,true,1,5718
7290000435251,false,סוכריות מיני משמחים עלה 500ג',,IL,מיני משמחים 500 גרם,גרמים,500.00,100 גרם,false,,18.70,3.7400,true,1,207944
7290000436616,false,דובשניות בשקית 180 גר',,,דובשניות ברמן 180 גר,גרמים,180.00,100 גרם,false,,5.90,3.2778,true,1,41197
7290000446325,false,"תרכיזי תפו""ע טבעי 1.2 ל' בי&די",,,"תרכיז תפוחים לל""ס 1.",ליטרים,1.20,ליטר,false,,42.90,35.7500,true,1,337385
7290000446394,false,דייסת קווקר (שיבולת שועל) 200 גר',,,דייסת B&D קווקר (שיב,גרמים,200.00,100 גרם,false,,11.90,5.9500,true,1,1483
7290000446530,false,"חמאת בוטנים 1 ק""ג בי&די",,,חמאת בוטנים B&D מתוק,גרמים,1000.00,100 גרם,false,,27.90,2.7900,true,1,336472
7290000446547,false,חמאת בוטנים טבעי 350ג' בי&די,בטר אנד דיפרנט,IL,חמאת בוטנים B&D טבעי,גרמים,350.00,100 גרם,false,,13.90,3.9714,true,1,1484
7290000446776,false,פתיתי אורז תפוח קל ללא סוכר 500 גרם,,,"פיצפוצי אורז מלא לל""",גרמים,450.00,100 גרם,false,,18.90,4.2000,true,1,336681
7290000453019,false,שמרים טריים לאפייה שקית שמרית 50 ג',"פאקא תעשיות בע""מ",IL,שמרית שמרים טריים לא,גרמים,50.00,100 גרם,false,,4.50,9.0000,true,1,23228
7290000453125,false,שמרים ומשפר אפיה ביתי שמרית 100ג',,,שמרית שמרים טריים לא,גרמים,100.00,100 גרם,false,,7.70,7.7000,true,1,23229
7290000453200,false,"בלילה מצוננת פנקייק שמירת 750 מ""ל","פאקא תעשיות בע""מ",DE,בלילה מצוננת פנקייק,גרמים,750.00,100 גרם,false,,19.90,2.6533,true,1,167801
7290000453408,false,בצק פיצה דק מצונן ומוכן לאפיה 415 גר,"פאקא תעשיות בע""מ",GR,שמרית בצק פיצה דק מצ,גרמים,415.00,100 גרם,false,,17.50,4.2169,true,1,23230
7290000453446,false,פיצה קראסט שמרית 500 גרם,שטראוס,IL,פיצה קראסט שמרית מצו,גרמים,500.00,100 גרם,false,,19.90,3.9800,true,1,196100
7290000453798,false,שמרית שמרים יבשים אקטיביים 500 גר',"גי' בי' רכיבים בע""מ",,שמרים יבשים אקטיביים,גרמים,500.00,100 גרם,false,,12.90,2.5800,true,1,22183
7290000453897,false,מרגרינה בטעם חמאה שימרית 200 ג',גרונבאנג- גרונדנסק א,DK,מרגרינה בטעם חמאה 20,גרמים,200.00,100 גרם,false,,4.90,2.4500,true,1,23236
7290000455234,false,פילה אמנון קפוא 5-7,,,פילה אמנון קפוא 5-7,קילוגרמים,1.00,"ק""ג",true,,29.90,29.9000,true,1,51420
7290000456399,false,צלי כתף קפוא אשפר פר,,,צלי כתף קפוא אשפר פר,קילוגרמים,1.00,"ק""ג",true,,79.90,79.9000,true,1,217069
7290000456566,false,צלעות בקר קפוא אשפר,,,צלעות בקר קפוא אשפר,קילוגרמים,1.00,"ק""ג",true,,39.90,39.9000,true,1,217070
7290000462103,false,סחוג אדום חריף עדין זהבי 150 ג',קריניסה ויטמין אס אי,IL,סחוג אדום חריף עדין,גרמים,150.00,100 גרם,false,,8.50,5.6667,true,1,23237
7290000467153,false,חומוס צבר סמיר הגדול 400ג',סלטי צבר,IL,צבר חומוס סמיר הגדול,גרמים,400.00,100 גרם,false,,13.90,3.4750,true,1,19717
7290000469638,false,ספריי מריטו לגיהוץ קל 500 מל,בולטון מניטובה,IL,מריטו ספריי לגיהוץ 5,מיליליטרים,500.00,"100 מ""ל",false,,19.90,3.9800,true,1,21394
7290000469715,false,חזה בקר מס' 3 חלק אר,,,חזה בקר מס' 3 חלק אר,קילוגרמים,1.00,"ק""ג",true,,31.90,31.9000,true,1,340005
7290000474076,false,חלב 3% טרה 1ל' קרטון מהדרין,טרה,IL,טרה חלב בקרטון 3% 1,ליטרים,1.00,ליטר,false,,6.23,6.2300,true,1,6331
7290000474502,false,גבינה לבנה 5% 250ג' טרה מהדרין,טרה,IL,טרה גבינה לבנה 5% 25,גרמים,250.00,100 גרם,false,,4.98,1.9920,true,1,6341
7290000474540,false,גבינה טוב טעם 3% טרה 250ג' מהדרין,טרה,IL,טוב טעם גבינה 3% 250,גרמים,250.00,100 גרם,false,,10.90,4.3600,true,1,6342
7290000474830,false,גבינה צהובה מגורדת 28% שומן 500 ג' נעם,מילקו תעשיות בעמ,IL,נעם גבינה צהובה מגור,גרמים,500.00,100 גרם,false,,29.90,5.9800,true,1,6343
7290000480107,false,קוואקר שיבולת שועל פחית 500 גר,וולקרס סנקס לימיטד,,"קוואקר מהיר אטוס לל""",גרמים,500.00,100 גרם,false,,12.90,2.5800,true,1,24140
7290000480442,false,קוואקר שבולת שועל שקית 500 גרם,שטראוס גרופ,IL,שיבולת שועל בשקית קו,גרמים,500.00,100 גרם,false,,13.50,2.7000,true,1,24141
7290000481531,false,דגנית עין בר לחמניות אצבע מחיטה מלאה בשקית 750 ג',יוניליוור גרמניה Gm,IL,לחמניות 10 יחידות חי,גרמים,750.00,100 גרם,false,,13.90,1.8533,true,1,4451
7290000481883,false,דגנית עין בר מארז לחמניות 10 יח'*75 ג',יוניליוור גרמניה Gm,IL,10 לחמניות דגנית,גרמים,750.00,100 גרם,false,,13.90,1.8533,true,1,4455
7290000482019,false,שקיות קוקי רגיל צליה 10יח',"ש. שסטוביץ בע""מ",IL,שקיות קוקי רגיל 10יח,יחידה,0.00,יחידה,false,,12.90,0.0000,true,1,21395
7290000484747,false,עלית הארק 40% בקבוק,יקבי הגליל יוסף,,"עלית הארק 40% 700 מ""",מיליליטרים,700.00,"100 מ""ל",false,,59.90,8.5571,true,1,28873
7290000490625,false,שלגונים ציפוי שוקו מאגדת שמינייה 560 ג',,IL,מאגדת שלגונים ציפוי,גרמים,560.00,100 גרם,false,,23.90,4.2679,true,1,71397
7290000493176,false,אבקת רוטב צלי לבשר 22ג' אסם,"אסם השקעות בע""מ",IL,אסם אבקת רוטב צלי לב,גרמים,22.00,100 גרם,false,,3.90,17.7273,true,1,18670
7290000493183,false,אבקת רוטב פטריות לבשר-30 גרם,"אסם השקעות בע""מ",IL,אסם אבקת רוטב פטריות,גרמים,30.00,100 גרם,false,,3.90,13.0000,true,1,18671
7290000496346,false,נתחי פילה סלמון קפוא,,,נתחי פילה סלמון קפוא,קילוגרמים,1.00,"ק""ג",true,,86.90,86.9000,true,1,322014
7290000496780,false,פילה אמנון 5-7 80% ק,,,פילה אמנון 5-7 80% ק,קילוגרמים,1.00,"ק""ג",true,,34.90,34.9000,true,1,321883
7290000504025,false,סוכרזית פטריה 300 טבליות,אף.סי תבליני בגליל ב,IL,סוכרזית פטריה 300 טב,גרמים,246.00,100 גרם,false,,8.50,3.4553,true,1,22190
7290000518169,false,ממתיק מתוק וקל בקבוק,פתח תקווה,IL,מתוק וקל 1000 טבליות,גרמים,800.00,100 גרם,false,,6.90,0.8625,true,1,15775
7290000518176,false,מתוק וקל ענק 250 שקיות,מתוק וקל בעמ,IL,מתוק וקל ענק 250 שקי,גרמים,250.00,100 גרם,false,,17.50,7.0000,true,1,15776
7290000518220,false,סוכרה דיאט ממתיק 100 שקיות,פתח תקווה,IL,סוכרה דיאט 100 יח,גרמים,80.00,100 גרם,false,,24.90,31.1250,true,1,15778
7290000518251,false,מתוק וקל ממתיק זהב 100 שקיות,פתח תקווה,IL,מתוק וקל זהב 100 שקי,גרמים,100.00,100 גרם,false,,11.90,11.9000,true,1,15780
7290000521404,false,"יין מרום גליל קברנה סוביניון סינגל 750 מ""ל",כרמי צבי אחים סגל בע,IL,מרום גליל סינגל קברנ,מיליליטרים,750.00,"100 מ""ל",false,,38.90,5.1867,true,1,9377
7290000522188,false,עוף מס' 2 קפוא רובין,,,עוף מס' 2 קפוא רובין,קילוגרמים,1.00,"ק""ג",true,,26.90,26.9000,true,1,46867
7290000522201,false,כרעיים עוף ארוז קפוא,,,כרעיים עוף ארוז קפוא,קילוגרמים,1.00,"ק""ג",true,,36.90,36.9000,true,1,46869
7290000522272,false,"שמנת לקפה 10% שומן 500 מ""ל",,,חלב הרים שמנת לקפה 1,מיליליטרים,500.00,"100 מ""ל",false,,8.90,1.7800,true,1,6351
7290000523125,false,מלח הארץ הים האדום 250 ג' עדין,חברת מלח הארץ אילת ב,IL,מלח ים יבש הארץ 250,גרמים,250.00,100 גרם,false,,5.90,2.3600,true,1,24605
7290000523514,false,מלח ים יבש מופחת נתרן 250 גר,חברת מלח הארץ אילת ב,IL,מלח 50% פחות נתרן הא,גרמים,250.00,100 גרם,false,,10.30,4.1200,true,1,15448
7290000523804,false,"מלח עדין צנצנת 1 ק""ג מלח הארץ",חברת מלח הארץ אילת ב,IL,מלח עדין בצנצנת הארץ,קילוגרמים,1.00,"ק""ג",false,,7.50,7.5000,true,1,24607
7290000523811,false,"צנצנת מלח גס 1 ק""ג מלח הארץ",חברת מלח הארץ אילת ב,IL,מלח גס בצנצנת הארץ 1,קילוגרמים,1.00,"ק""ג",false,,7.50,7.5000,true,1,24608
7290000533353,false,"בצק עלים צרפתי 1 ק""ג זוגלובק",מאפיית אריאל וגידרון,IL,זוגלובק בצק עלים 1קג,קילוגרמים,1.00,"ק""ג",false,,14.90,14.9000,true,1,38910
7290000554600,false,גבינת מוצרלה מגורדת 22% 300ג' גד,מחלבות גד בעמ,IL,גד מוצרלה מגורדת %18,גרמים,300.00,100 גרם,false,,26.60,8.8667,true,1,14615
7290000554839,false,שמנת מתוקה קשה בסגנון איטלקי 40% שומן 250 ג' גד,מחלבות גד בעמ,IL,גד מסקרפונה 40% 250ג,גרמים,250.00,100 גרם,false,,22.90,9.1600,true,1,14620
7290000561158,false,תערובת בריאות 150 גר,,,תערובת בריאות 150 גר,גרמים,150.00,100 גרם,false,,14.90,9.9333,true,1,1418
7290000561202,false,גרעין חמניה קלוי 200,,,גרעין חמניה קלוי 200,גרמים,200.00,100 גרם,false,,6.90,3.4500,true,1,1422
7290000561363,false,גרעין אבטיח קלוי 200,,,גרעין אבטיח קלוי 200,גרמים,200.00,100 גרם,false,,13.90,6.9500,true,1,1433
7290000561462,false,בננה ציפס 200 גר- חמ,,,בננה ציפס 200 גר- חמ,גרמים,200.00,100 גרם,false,,6.90,3.4500,true,1,1436
7290000561561,false,פוסידון מנצ'יס 200ג,,,פוסידון מנצ'יס 200ג,גרמים,200.00,100 גרם,false,,9.90,4.9500,true,1,1441
7290000561578,false,בוטן אמריקאי 200ג,,,בוטן אמריקאי 200ג,גרמים,200.00,100 גרם,false,,6.90,3.4500,true,1,1442
7290000561585,false,קבוקים 200ג - חממה,,,קבוקים 200ג - חממה,גרמים,200.00,100 גרם,false,,6.90,3.4500,true,1,1443
7290000561714,false,צנובר 100 גרם,,,צנובר 100 גרם,גרמים,100.00,100 גרם,false,,24.90,24.9000,true,1,1447
7290000561981,false,אגוז מלך 200ג,,,אגוז מלך 200ג,גרמים,200.00,100 גרם,false,,19.90,9.9500,true,1,1455
7290000571109,false,פילה סלמון פרימיום ק,,,פילה סלמון פרימיום ק,קילוגרמים,1.00,"ק""ג",true,,64.90,64.9000,true,1,76885
7290000572208,false,חלבה חטיף וניל אחווה 100ג',שוורצקוף& הנקל דיסלד,IL,חלוה וניל אחוה 100 ג,גרמים,100.00,100 גרם,false,,3.50,3.5000,true,1,672
7290000572529,false,חלבה פיסטוק מגש אחווה 400ג',,IL,חלוה אגוז אחוה 400 ג,גרמים,400.00,100 גרם,false,,13.90,3.4750,true,1,675
7290000572536,false,אחווה חלווה ווניל במגש 400 גר,אף.סי תבליני בגליל ב,IL,חלוה וניל אחוה 400 ג,גרמים,400.00,100 גרם,false,,11.90,2.9750,true,1,676
7290000572628,false,חטיפי חלווה ללא סוכר בקופסא 250 גרם,שוורצקוף& הנקל דיסלד,IL,חטיפי חלוה ללא תוספת,גרמים,275.00,100 גרם,false,,12.90,4.6909,true,1,679
7290000572673,false,חלבה קופסת שי אחווה 12יח 300 ג',שוורצקוף& הנקל דיסלד,IL,חטיפי חלוה 50% שומשו,גרמים,300.00,100 גרם,false,,12.90,4.3000,true,1,681
7290000574035,false,לחם אחיד פרוס 750ג' דגנית עין בר,יוניליוור גרמניה Gm,IL,לחם אחיד פרוס דגנית,גרמים,750.00,100 גרם,false,,7.11,0.9480,true,1,4461
7290000574141,false,לחם חיטה מלא 750ג' דגנית עין בר,דגנית עין בר תעשיות,IL,לחם חיטה מלאה דגנית,גרמים,750.00,100 גרם,false,,15.90,2.1200,true,1,4467
7290000574172,false,לחם קל מחיטה מלאה 750 ג' דגנית עין בר,יוניליוור גרמניה Gm,IL,לחם קל חיטה מלאה דגנ,גרמים,750.00,100 גרם,false,,14.90,1.9867,true,1,4469
7290000599472,false,שייני כריות יפניות 6 יח',,,שישיית כריות יפניות,יחידה,0.00,יחידה,false,,7.90,0.0000,true,1,13438
7290000599847,false,רב מגבת מויסקו,,,רב מגבת מויסקו,יחידה,0.00,יחידה,false,,8.90,0.0000,true,1,13453
7290000604343,false,תמר דקל נור 400גר,,,תמר דקל נור 400גר,גרמים,400.00,100 גרם,false,,9.90,2.4750,true,1,42914
7290000611183,false,פילה סלמון נורבגי קפ,,,פילה סלמון נורבגי קפ,קילוגרמים,1.00,"ק""ג",true,,79.90,79.9000,true,1,148027
7290000611299,false,פילה נסיכת הנילוס 50,,,פילה נסיכת הנילוס 50,קילוגרמים,1.00,"ק""ג",true,,69.90,69.9000,true,1,287581
7290000644783,false,נתחי פילה סלמון בואק,X MAK,IL,דגי תנובה נתחי פילה,קילוגרמים,1.00,"ק""ג",true,,89.90,89.9000,true,1,26466
7290000654546,false,פילה אמנון קפוא 100% דג,תנובה,IL,פילה אמנון 7-9 100%,קילוגרמים,1.00,"ק""ג",true,,38.90,38.9000,true,1,90026
7290000659312,false,פילה סלמון פרימיום דגי תנובה,PEQUERA DEL,IL,דגי תנובה פילה סלמון,קילוגרמים,1.00,"ק""ג",true,,79.90,79.9000,true,1,26476
7290000663036,false,פילה אמנון קפוא ללא עור 100% דג תנובה,תנובה,IL,פילה אמנון ללא עור 1,קילוגרמים,1.00,"ק""ג",true,,44.90,44.9000,true,1,151778
7290000670192,false,כנפיים עוף קפוא ארוז,,,כנפיים עוף קפוא ארוז,קילוגרמים,1.00,"ק""ג",true,,18.90,18.9000,true,1,35220
7290000672834,false,פילה נסיכת הנילוס 50,,,פילה נסיכת הנילוס 50,קילוגרמים,1.00,"ק""ג",true,,69.90,69.9000,true,1,191699
7290000679455,false,בשר הודו אדום טרי אר,,,בשר הודו אדום טרי אר,קילוגרמים,1.00,"ק""ג",true,,39.90,39.9000,true,1,49857
7290000679479,false,שווארמה הודו מחפוד ט,,,שווארמה הודו מחפוד ט,קילוגרמים,1.00,"ק""ג",true,,69.90,69.9000,true,1,49859
7290000679523,false,נתחי חזה הודו מחפוד,,,נתחי חזה הודו מחפוד,קילוגרמים,1.00,"ק""ג",true,,25.90,25.9000,true,1,49864
7290000681281,false,עוף טרי מחפוד ארוז-ק,,,עוף טרי מחפוד ארוז-ק,קילוגרמים,1.00,"ק""ג",true,,27.90,27.9000,true,1,49881
7290000681298,false,חזה עוף טרי מחפוד אר,,,חזה עוף טרי מחפוד אר,קילוגרמים,1.00,"ק""ג",true,,34.90,34.9000,true,1,49882
7290000681304,false,כרעיים עוף טרי מחפוד,,,כרעיים עוף טרי מחפוד,קילוגרמים,1.00,"ק""ג",true,,32.90,32.9000,true,1,49883
7290000681311,false,ירכיים עוף טרי מחפוד,,,ירכיים עוף טרי מחפוד,קילוגרמים,1.00,"ק""ג",true,,32.90,32.9000,true,1,49884
7290000681328,false,מחפוד שוקיים עוף טרי,,,מחפוד שוקיים עוף טרי,קילוגרמים,1.00,"ק""ג",true,,36.90,36.9000,true,1,49885
7290000681335,false,פרגיות עוף טרי מחפוד,,,פרגיות עוף טרי מחפוד,קילוגרמים,1.00,"ק""ג",true,,74.90,74.9000,true,1,49886
7290000681366,false,כנפיים עוף מחפוד ב-ק,,,כנפיים עוף מחפוד ב-ק,קילוגרמים,1.00,"ק""ג",true,,14.90,14.9000,true,1,49889
7290000681373,false,גרון עוף טרי מחפוד א,,,גרון עוף טרי מחפוד א,קילוגרמים,1.00,"ק""ג",true,,9.90,9.9000,true,1,49890
7290000681380,false,שניצל עוף טרי מחפוד,,,שניצל עוף טרי מחפוד,קילוגרמים,1.00,"ק""ג",true,,34.90,34.9000,true,1,49891
7290000688084,false,מי עדן בקבוק ספורט 5,מופק ממקור בזלתי עדן,IL,מי עדן 1/2 ליטר ספור,מיליליטרים,500.00,"100 מ""ל",false,,2.90,0.5800,true,1,11449
7290000688374,false,"שישיית מי עדן קטקטים 250 מ""ל","מי עדן בע""מ",IL,"מי עדן בייבי 330 מ""ל",ליטרים,1.98,ליטר,false,,14.90,7.5253,true,1,11452
7290000688381,false,שישיית מי עדן פקק ספורט 0.5 ליטר,"מי עדן בע""מ",IL,מי עדן פקק ספורט 6*5,ליטרים,3.00,ליטר,false,,13.90,4.6333,true,1,11453
7290000688503,false,"שישיית מי עדן ג'ים 750 מ""ל","מי עדן בע""מ",,מי עדן ג'ים 6*750מל,ליטרים,4.50,ליטר,false,,15.90,3.5333,true,1,11456
7290000707369,false,כרעיים עוף טרי ארוז,,,כרעיים עוף טרי ארוז,קילוגרמים,1.00,"ק""ג",true,,26.90,26.9000,true,1,17976
7290000707376,false,ירכיים עוף טרי ארוז,,,ירכיים עוף טרי ארוז,קילוגרמים,1.00,"ק""ג",true,,26.90,26.9000,true,1,17977
7290000707383,false,שוקיים עוף טרי ארוז,,,שוקיים עוף טרי ארוז,קילוגרמים,1.00,"ק""ג",true,,28.90,28.9000,true,1,17978
7290000707390,false,פרגית עוף טרי ארוז ש,,,פרגית עוף טרי ארוז ש,קילוגרמים,1.00,"ק""ג",true,,54.90,54.9000,true,1,17979
7290000707420,false,עוף שלם טרי ארוז,,,עוף שלם טרי ארוז,קילוגרמים,1.00,"ק""ג",true,,19.90,19.9000,true,1,17980
7290000707437,false,כנפיים עוף טרי ארוז,,,כנפיים עוף טרי ארוז,קילוגרמים,1.00,"ק""ג",true,,10.90,10.9000,true,1,17981
7290000707444,false,קורקבן עוף טרי ארוז,,,קורקבן עוף טרי ארוז,קילוגרמים,1.00,"ק""ג",true,,9.90,9.9000,true,1,17982
7290000707451,false,לבבות עוף טרי ארוז,,,לבבות עוף טרי ארוז,קילוגרמים,1.00,"ק""ג",true,,27.90,27.9000,true,1,17983
7290000707468,false,כבד עוף טרי ארוז,,,כבד עוף טרי ארוז,קילוגרמים,1.00,"ק""ג",true,,19.90,19.9000,true,1,17984
7290000707543,false,פילה עוף טרי ארוז,,,פילה עוף טרי ארוז,קילוגרמים,1.00,"ק""ג",true,,37.90,37.9000,true,1,17986
7290000708151,false,שניצל עוף טרי ארוז,,,שניצל עוף טרי ארוז,קילוגרמים,1.00,"ק""ג",true,,37.90,37.9000,true,1,18000
7290000708847,false,חזה עוף שלם טרי ארוז,,,חזה עוף שלם טרי ארוז,קילוגרמים,1.00,"ק""ג",true,,31.90,31.9000,true,1,338740
7290000835961,false,פילה אמנון 7-9 בוואק,,,פילה אמנון 7-9 בוואק,קילוגרמים,1.00,"ק""ג",true,,29.90,29.9000,true,1,69628
7290001041130,false,ממרח תמרים מיה 450 גר',,,ממרח תמרים מיה 450 ג,גרמים,450.00,100 גרם,false,,7.90,1.7556,true,1,14837
7290001041147,false,חומוס גדול יבש מיה 1 ק'ג,מיה,IL,חומוס 1 ק'ג,קילוגרמים,1.00,"ק""ג",false,,11.90,11.9000,true,1,14838
7290001041192,false,"עדשים אדומים יבשים מיה 1 ק""ג",מיה,IL,עדשים אדומות 1 ק'ג,קילוגרמים,1.00,"ק""ג",false,,11.90,11.9000,true,1,14843
7290001041215,false,"חיטה מיה 1 ק""ג",מיה,IL,חיטה 1 ק'ג,קילוגרמים,1.00,"ק""ג",false,,8.90,8.9000,true,1,14845
7290001041222,false,"חומוס לבן ענק יבש מיה 1 ק""ג",מיה,IL,חומוס לבן ענק 1 ק'ג,קילוגרמים,1.00,"ק""ג",false,,17.90,17.9000,true,1,14846
7290001041260,false,שומשום מיה 400 גרם,מיה,IL,שומשום מיה 400 גרם,גרמים,400.00,100 גרם,false,,11.90,2.9750,true,1,14847
7290001041277,false,פירורי לחם רגיל מיה 400ג ',,,פרורי לחם 400 גרם,גרמים,400.00,100 גרם,false,,5.90,1.4750,true,1,14848
7290001041291,false,לקקן סוכריה על מקל 70יח',,,לקקנים סוכריות על מק,גרמים,70.00,100 גרם,false,,16.90,24.1429,true,1,14850
7290001041833,false,אגוזים טחונים 250 גר' מיה,,,מיה אגוזים טחונים 25,גרמים,250.00,100 גרם,false,,18.90,7.5600,true,1,14863
7290001041994,false,"סוכר חום דמררה מיה 1 ק""ג",מיה,IL,סוכר זהב דמררה צנצנת,קילוגרמים,1.00,"ק""ג",false,,10.90,10.9000,true,1,14873
7290001136287,false,"נקה 7 שמפו לשיער רגיל 750 מ""ל","קוסמופארם בעמ, ח.פ 5",IL,שמפו רגיל ירוק נקה 7,מיליליטרים,750.00,"100 מ""ל",false,,11.90,1.5867,true,1,29786
7290001136294,false,"שמפו נקה 7 לשיער יבש אדום 750מ""ל",גוד פוד פרודקטס S.p,IL,שמפו יבש אדום נקה 7,מיליליטרים,750.00,"100 מ""ל",false,,11.90,1.5867,true,1,29787
7290001136683,false,"מרכך לשיער רגיל ירוק 750 מ""ל נקה 7",אמיליה קוסמטיקס בעמ,IL,מרכך רגיל ירוק נקה 7,מיליליטרים,750.00,"100 מ""ל",false,,11.90,1.5867,true,1,29791
7290001201510,false,תבנית ביצים מדיום 30 יח',,,30 ביצים M מ.לסר,יחידה,0.00,יחידה,false,,27.87,0.0000,true,1,13612
7290001201589,false,ביצים אריזון 12 גדול,,,12 ביצים L מ.לסר,יחידה,0.00,יחידה,false,,12.05,0.0000,true,1,13615
7290001201596,false,ביצים אריזון 12 בינוני,,,12 ביצים M מ.לסר,יחידה,0.00,יחידה,false,,11.15,0.0000,true,1,13616
7290001201862,false,ביצי חופש לארג' 12 יחידות,,,12 ביצים חופש L מ. ל,יחידה,0.00,יחידה,false,,18.90,0.0000,true,1,13627
7290001201893,false,ביצים אומגה M 12 יח,,,12 ביצים M אומגה 3,יחידה,0.00,יחידה,false,,16.90,0.0000,true,1,13629
7290001216040,false,טחינה 500 גרם טחינת אל-ארז,דולפין ספא,IL,טחינה אל ארז 100% שו,גרמים,500.00,100 גרם,false,,15.90,3.1800,true,1,34833
7290001216231,false,טחינה גולמית שומשום מלא אל ארז 500ג',דולפין ספא,IL,טחינה מלאה 100% שומש,גרמים,500.00,100 גרם,false,,16.90,3.3800,true,1,34838
7290001231932,false,ווינסטון כחול בוקס חפיסה,JTI,,וינסטון קופסא בודדת,יחידה,0.00,יחידה,false,,32.00,0.0000,false,1,4072
7290001245705,false,אקונומיקה מבושמת טאצ' 4 ליטר,,,אקונומיקה מבושמת 4 ל,ליטרים,4.00,ליטר,false,,10.90,2.7250,true,1,37957
7290001245712,false,אקונומיקה 4 ליטר טאצ,,,אקונומיקה טאצ' 4 ליט,ליטרים,4.00,ליטר,false,,10.90,2.7250,true,1,37958
7290001245729,false,ג'ל כביסה ירוקה טאצ 3 ליטר סלקט,,,ג'ל כביסה ירוק 3 ליט,ליטרים,1.00,ליטר,false,,17.90,17.9000,true,1,37959
7290001245736,false,ג'ל כביסה כחול טאצ' 3 ליטר סלקט,,,ג'ל כביסה כחול 3 ליט,ליטרים,1.00,ליטר,false,,17.90,17.9000,true,1,37960
7290001245828,false,נוזל כלים קלאסי טאצ' 18% 1.6 ליטר,,,נוזל כלים קלאסי 18%,ליטרים,1.60,ליטר,false,,10.90,6.8125,true,1,37964
7290001245835,false,נוזל רצפות אורנים 4 ל' טאצ,,,נוזל רצפות אורנים 4,ליטרים,4.00,ליטר,false,,12.90,3.2250,true,1,37965
7290001245842,false,נוזל רצפות מאסק 4 ל' טאצ,,,נוזל רצפות מאסק 4 לי,ליטרים,4.00,ליטר,false,,12.90,3.2250,true,1,37966
7290001245897,false,נוזל רצפות יסמין 4 ל' טאצ,,,נוזל רצפות יסמין 4 ל,ליטרים,4.00,ליטר,false,,12.90,3.2250,true,1,37971
7290001245965,false,מרכך כביסה כחול טאצ' 4 ליטר,,,מרכך כביסה טאצ' כחול,ליטרים,4.00,ליטר,false,,13.90,3.4750,true,1,37977
7290001245972,false,מרכך כביסה לבן טאצ' 4 ליטר,,,מרכך כביסה טאצ' לבן,ליטרים,4.00,ליטר,false,,13.90,3.4750,true,1,37978
7290001245989,false,מרכך כביסה סגול טאצ' 4 ליטר,,,מרכך כביסה טאצ' סגול,ליטרים,4.00,ליטר,false,,13.90,3.4750,true,1,37979
7290001246054,false,פותח סתימות 1 ליטר טאצ,סאסאטק,IL,פותח סתימות 1 ליטר ט,ליטרים,1.00,ליטר,false,,13.90,13.9000,true,1,37980
7290001246061,false,מרכך מרוכז פרפיום פנטזי טאצ 1ל',,,מרכך פרימיום פנטזי 1,ליטרים,1.00,ליטר,false,,12.90,12.9000,true,1,37981
7290001246078,false,מרכך מרוכז פרפיום סנשואל טאצ' 1 ל',,,מרכך פרימיום סנשואל,ליטרים,1.00,ליטר,false,,12.90,12.9000,true,1,37982
7290001246085,false,טאצ' מרסס ניקוי חלונות 1 ליטר,,,תרסיס מנקה חלונות 1,ליטרים,1.00,ליטר,false,,5.90,5.9000,true,1,37983
7290001246122,false,"תרסיס ניקוי כללי+אקונומיקה 750 מ""ל טאצ",סאסאטק,IL,תרסיס לניקוי כללי 75,מיליליטרים,750.00,"100 מ""ל",false,,12.90,1.7200,true,1,37987
7290001246290,false,"תרסיס רסס נגב 750 סמ""ק טאצ",סאסאטק,IL,תרסיס רסס נגב טאצ' 7,מיליליטרים,750.00,"100 מ""ל",false,,12.90,1.7200,true,1,37990
7290001246351,false,נוזל רצפות לבנדר 4 ל' טאצ,,,נוזל רצפות לבנדר 4 ל,ליטרים,4.00,ליטר,false,,12.90,3.2250,true,1,37995
7290001246634,false,"טאצ' נוזל אסלות ע""ב חומצה 1 ליטר",,,נוזל אסלות על בסיס ח,ליטרים,1.00,ליטר,false,,7.90,7.9000,true,1,37999
7290001246757,false,נוזל רצפות מלון בוטיק טאצ' 2 ליטר,,,נוזל רצפות מלון בוטי,ליטרים,2.00,ליטר,false,,17.90,8.9500,true,1,38000
7290001246825,false,ג'ל כביסה ירוק טאצ',,,ג'ל כביסה ירוק טאצ',ליטרים,5.00,ליטר,false,,29.90,5.9800,true,1,219197
7290001246832,false,ג'ל כביסה כחול טאצ',,,ג'ל כביסה כחול טאצ',ליטרים,5.00,ליטר,false,,29.90,5.9800,true,1,219198
7290001247068,false,קרטונית נקטר ספרינג תות בננה 1 ליטר,"יפאורה תבורי בע""מ",IL,ספרינג תות בננה קרטו,ליטרים,1.00,ליטר,false,,6.90,6.9000,true,1,11470
7290001247082,false,קרטונית נקטר ספרינג עגבניות 1 ליטר,"יפאורה תבורי בע""מ",IL,ספרינג עגבניות קרטונ,ליטרים,1.00,ליטר,false,,6.50,6.5000,true,1,11471
7290001247099,false,קרטונית נקטר ספרינג מנגו 1 ליטר,"יפאורה תבורי בע""מ",IL,ספרינג מנגו קרטונית,ליטרים,1.00,ליטר,false,,6.90,6.9000,true,1,11472
7290001247105,false,קרטונית נקטר ספרינג אפרסק 1 ליטר,"יפאורה תבורי בע""מ",IL,ספרינג נקטר אפרסק 1ל,ליטרים,1.00,ליטר,false,,6.90,6.9000,true,1,11473
7290001247129,false,נקטר ספרינג תפוזים קרטונית 1 ל',"יפאורה תבורי בע""מ",IL,ספרינג תפוז קרטונית,ליטרים,1.00,ליטר,false,,6.90,6.9000,true,1,11475
7290001305058,false,"פלמוליב - נטורלס תחליב רחצה חלב ודבש 500 מ""ל",הנסיך- מפעל לייצור ט,TR,סבון נוזלי חלב ודבש,מיליליטרים,500.00,"100 מ""ל",false,,15.90,3.1800,true,1,21412
7290001305188,false,פלמוליב כלים שקוף לימון 750 בקבוק חדש,יבואן ומשווק: ש. שסט,GR,פלמוליב לכלים פריחת,מיליליטרים,750.00,"100 מ""ל",false,,11.90,1.5867,true,1,21413
7290001327180,false,גלידה וניל ציפ 1.33 ל' קרמיסימו,"גלידת שטראוס בע""מ, ר",IL,קרמיסימו וניל ציפ 1.,ליטרים,1.33,ליטר,false,,20.90,15.7143,true,1,4217
7290001327197,false,קרמיסימו שוקו וניל 1,,,קרמיסימו שוקו וניל 1,ליטרים,1.33,ליטר,false,,20.90,15.7143,true,1,4218
7290001381311,false,נקניקיות עוף 400 גר`,,,נקניקיות עוף 400 גר`,גרמים,400.00,100 גרם,false,,11.90,2.9750,true,1,46986
7290001407547,false,טחינה גולמית משומשום מלא פי 6 בארכה 500ג',רושדי תעשיות מזון בע,IL,בארכה טחינה שומשום מ,גרמים,500.00,100 גרם,false,,15.90,3.1800,true,1,18682
7290001407813,false,חלבה שאמית פיסטוק בקטנה בארכה 350ג',רושדי תעשיות מזון בע,IL,חלבה שאמית וניל עם פ,גרמים,350.00,100 גרם,false,,14.90,4.2571,true,1,18686
7290001419618,false,וופל בלגי עלמה שחור לבן וניל 200ג',גילרו,,וופל עלמה בלגי שוקו,גרמים,200.00,100 גרם,false,,2.90,1.4500,true,1,41214
7290001419779,false,וופל שוקו' עלמה קלאסי 200 גר,"גילרו בע""מ",,וופל עלמה קלאסי 200,גרמים,200.00,100 גרם,false,,2.90,1.4500,true,1,41215
7290001439074,false,ספוג שלישיית כדורי רחצה מוסקו,יושלם,,שלישיית כדור ליפה,יחידה,0.00,יחידה,false,,8.00,0.0000,true,1,14252
7290001459942,false,"אפונה וגזר 800 גר' בד""ץ (ממותג)",,,אפונה וקוביות גזר בל,גרמים,800.00,100 גרם,false,,11.90,1.4875,true,1,301698
7290001468661,false,"מסיר לק ריחני 180 מ""ל",,,מסיר לק ריחני,מיליליטרים,100.00,"100 מ""ל",false,,7.00,7.0000,true,1,15852
7290001483862,false,ביסקוויט חיות היער 200 גר`,,,ביסקוויט גן חיות וני,גרמים,200.00,100 גרם,false,,4.90,2.4500,true,1,334660
7290001485019,false,גבינת שמנת 5% טעם טבעי 200 ג' טרה,טרה,IL,טרה גבינת שמנת טבעי,גרמים,200.00,100 גרם,false,,10.90,5.4500,true,1,6353
7290001491096,false,תה ירוק בתוספת לימונית ולואיזה 50 שקיקים ויסוצקי,ויסוצקי,IL,תה ירוק בתוספת לימונ,גרמים,75.00,100 גרם,false,,46.90,62.5333,true,1,24611
7290001594377,false,פריגת משקה תפוזים 50,מבשלות בירה בינלאומי,IL,פריגת משקה תפוזים 50,מיליליטרים,500.00,"100 מ""ל",false,,6.50,1.3000,true,1,6833
7290001594858,false,"טובורג רד שישייה בקבוק 330 מ""ל",קרלסברג ישראל,,טובורג רד בקבוק פקדו,ליטרים,1.98,ליטר,false,,43.90,22.1717,true,1,6846
7290001594865,false,"קרלסברג שישיה בקבוק 330 מ""ל",קרלסברג ישראל,,קרלסברג בירה בקבוק 6,ליטרים,1.98,ליטר,false,,39.90,20.1515,true,1,6847
7290001670668,false,שקיות קרחונית 12יח',"איטיליאן פוד, אס.פי.",IL,קרחונית 12יח,יחידה,0.00,יחידה,false,,3.50,0.0000,true,1,7729
7290001696620,false,מיקס פיצוחים 350 גר',,,מיקס פיצוחים 350 גר',גרמים,350.00,100 גרם,false,,12.90,3.6857,true,1,1460
7290001696736,false,פקאן סיני 100 גרם,,,פקאן סיני 100 גרם,גרמים,100.00,100 גרם,false,,17.90,17.9000,true,1,1463
7290001696989,false,בוטנת גרעינים שחורים,,,בוטנת גרעינים שחורים,גרמים,200.00,100 גרם,false,,7.50,3.7500,true,1,1465
7290001713167,false,סנט מוריץ - מרסס קצף ניקוי 1 ליטר סניטרי אפור,קומפלקס כימיקלים,IL,קצף לניקוי כלים סניט,ליטרים,1.00,ליטר,false,,12.90,12.9000,true,1,20079
7290001791349,false,אקונומיקה פסגה ריחנית 4ליטר,"סנו מפעלי ברונוס בע""",IL,אקונומיקה ריחנית פסג,ליטרים,4.00,ליטר,false,,11.90,2.9750,true,1,29815
7290001813454,false,עוגיות חיוכים חגיגה שוקו 900 ג',,,חיוכים חגיגה שוק 900,גרמים,900.00,100 גרם,false,,19.90,2.2111,true,1,22200
7290001813478,false,עוגיות חיוכים חגיגה וניל 900 ג',,,חיוכים חגיגה וניל 90,גרמים,900.00,100 גרם,false,,19.90,2.2111,true,1,22201
7290001817377,false,צ'יטוס חטיף איקס עיגול פיצה 60 גרם,"שטראוס פריטו ליי בע""",IL,ציטוס איקס עיגול 60ג,גרמים,60.00,100 גרם,false,,3.50,5.8333,true,1,24142
7290001817728,false,צ'יטוס חטיף כאפה קטשופ 55 גרם,"שטראוס פריטו ליי בע""",IL,ציטוס כאפה 55 גרם,גרמים,55.00,100 גרם,false,,3.50,6.3636,true,1,24144
7290001917527,false,פרש וואנס פדים להסרת איפור 80 יח' *3,,,פדיות קוסמטיות פרש ו,יחידה,0.00,יחידה,false,,19.90,0.0000,true,1,5751
7290001990117,false,שומשום סוגת 100 גרם,האי נאם סי או אל.טי.,IL,שומשום 100 גרם,גרמים,100.00,100 גרם,false,,3.90,3.9000,true,1,17302
7290001990261,false,"סוגת חומוס 1 ק""ג",,,"סוגת חומוס 1 ק""ג",קילוגרמים,1.00,"ק""ג",false,,14.90,14.9000,true,1,17304
7290001990278,false,"שעועית לבנה סוגת 1 ק""ג",סוגת,,סוגת שעועית לבנה 1 ק,קילוגרמים,1.00,"ק""ג",false,,18.90,18.9000,true,1,17305
7290001990391,false,אפונה יבשה 1קג סוגת,,,"אפונה 1 ק""ג",קילוגרמים,1.00,"ק""ג",false,,11.90,11.9000,true,1,17307
7290001990407,false,"עדשים ירוקים 1 ק""ג סוגת",סוגת,,עדשים ירוקים 1 קג,קילוגרמים,1.00,"ק""ג",false,,14.90,14.9000,true,1,17308
7290001990414,false,"עדשים אדומים 1 ק""ג סוגת",,,סוגת עדשים אדומים 1,קילוגרמים,1.00,"ק""ג",false,,14.90,14.9000,true,1,17309
7290001990421,false,"פופקורן גרעינים סוגת 1 ק""ג",,,"סוגת פופקורן 1 ק""ג",קילוגרמים,1.00,"ק""ג",false,,9.90,9.9000,true,1,17310
7290002000143,false,"חדש -פנג'ל ק.ידיים קלאסיק 80מ""ל",מיוצר עי קונדיטוריית,IL,קרם ידיים קלאסיק פנג,מיליליטרים,100.00,"100 מ""ל",false,,7.90,7.9000,true,1,5754
7290002007487,false,צמר פלדה 100 גרם,"איטיליאן פוד, אס.פי.",IL,צמר פלדה 100 גר',גרמים,100.00,100 גרם,false,,3.90,3.9000,true,1,7749
7290002008149,false,מדליק פחם מוצק הנמל אריזת 40יח',"איטיליאן פוד, אס.פי.",,מדליק פחם מוצק 40 קו,גרמים,300.00,100 גרם,false,,6.50,2.1667,true,1,7771
7290002008224,false,סוכריות לקישוט צבעונית הנמל 100 ג',ממתקי עלה בעמ,IL,קישוט לעוגה גליד.,גרמים,60.00,100 גרם,false,,5.90,9.8333,true,1,7776
7290002008347,false,קורנפלור 500 ג' הנמל,,,קורנפלור 500 גרם,גרמים,500.00,100 גרם,false,,6.90,1.3800,true,1,7781
7290002008743,false,סוכר וניל 10*10 ג' הנמל,"מיוצר וארוז ע""י: ר.ס",IL,סוכר וניל 10*10 גרם,גרמים,100.00,100 גרם,false,,2.90,2.9000,true,1,7791
7290002008750,false,אבקת אפיה הנמל מארז 10X10 ג',"מיוצר ע""י:ר.ס. חברה",IL,אבקת אפיה 10*10 גרם,גרמים,100.00,100 גרם,false,,2.90,2.9000,true,1,7792
7290002008989,false,קישקשים קשים לשתיה 225יח הנמל,הנמל אריזות ושיווק ב,CN,קישקשים 225 יח,יחידה,0.00,יחידה,false,,9.90,0.0000,true,1,7801
7290002057031,false,זיתים מבוקע פיקנטי A2 יבנה 560 ג',קדבורי,IL,זיתים מבוקעים פיקנטי,גרמים,560.00,100 גרם,false,,8.90,1.5893,true,1,44679
7290002057123,false,זיתים ירוקים חרוזית מנזנילו A-2,קדבורי,IL,זיתים חרוזית ירוק קב,גרמים,275.00,100 גרם,false,,9.90,3.6000,true,1,44687
7290002057185,false,טבעות זיתים ירוקים 560 ג' יבנה,קדבורי,IL,טבעות זיתים ירוקים ק,גרמים,540.00,100 גרם,false,,9.50,1.7593,true,1,44693
7290002057352,false,מלפפון במלח 7-9 560 ג' יבנה,אף.סי תבליני בגליל ב,IL,מלפפונים במלח 7-9 ק,גרמים,560.00,100 גרם,false,,6.90,1.2321,true,1,44701
7290002057369,false,מלפפון במלח ‏12‏-‏10‏ 560 ג' יבנה,קדבורי,IL,מלפפון במלח 10-12 קב,גרמים,560.00,100 גרם,false,,7.90,1.4107,true,1,44702
7290002057376,false,מלפפון במלח ‏17‏-‏13‏ 560 ג' יבנה,קבוצת יבנה,IL,מלפפון במלח 13-17 קב,גרמים,560.00,100 גרם,false,,9.90,1.7679,true,1,44703
7290002057383,false,מלפפון במלח ‏25‏-‏18‏ 560 ג' יבנה,קדבורי,IL,מלפפון 18-25במלח קבו,גרמים,560.00,100 גרם,false,,11.90,2.1250,true,1,44704
7290002057437,false,שיפקונית קבוצת יבנה,קבוצת יבנה,IL,שיפקונית קבוצת יבנה,גרמים,560.00,100 גרם,false,,9.90,1.7679,true,1,112622
7290002057451,false,מלפפון בחומץ ‏9‏-‏7‏ %‏20‏ 560 ג' יבנה,אף.סי תבליני בגליל ב,IL,מלפפון בחומץ 7-9 קבו,גרמים,560.00,100 גרם,false,,6.90,1.2321,true,1,44707
7290002057468,false,מלפפון חומץ ‏12‏-‏10‏ 560 ג' יבנה,קדבורי,IL,מלפפון בחומץ 10-12 ק,גרמים,560.00,100 גרם,false,,7.90,1.4107,true,1,44708
7290002057475,false,מלפפונים בחומץ 13-17 קטן A2 יבנה 540ג',קדבורי,IL,מלפפון בחומץ 13-17 ק,גרמים,560.00,100 גרם,false,,9.90,1.7679,true,1,28059
7290002057628,false,טבעות זיתים מושחר יבנה 540 גרם,קדבורי,IL,זיתים טבעות מושחר קב,גרמים,275.00,100 גרם,false,,8.90,3.2364,true,1,44711
7290002057819,false,גמבה רצועות פלפל אדום A2 יבנה 300 גרם,קדבורי,IL,גמבה רצועות פלפל אדו,גרמים,300.00,100 גרם,false,,6.90,2.3000,true,1,44717
7290002065555,false,לחמניה אנג'ל ארוכה שקית 6יח,מאפיית שלמה א. אנג'ל,IL,6 לחמניות רכות אנגל,גרמים,450.00,100 גרם,false,,11.50,2.5556,true,1,35409
7290002065616,false,לחם שיפון גרעינים 750 ג' אנג'ל,מאפיית שלמה א. אנג'ל,IL,שיפון גרעינים אנגל 7,גרמים,750.00,100 גרם,false,,13.90,1.8533,true,1,35410
7290002065623,false,לחם שיפון אנגל גרעיני כפרי,מאפיית שלמה א. אנג'ל,IL,לחם שיפון כפרי אנגל,גרמים,750.00,100 גרם,false,,13.90,1.8533,true,1,35411
7290002079033,false,לחם דגנים לייט פרוס 500 גר,מאפיית דוידוביץ ובני,IL,לחם דגנים לייט ללא ת,גרמים,500.00,100 גרם,false,,13.90,2.7800,true,1,326309
7290002079156,false,5 פיתות 500 גרם,מאפיית דוידוביץ,,5 פיתות 500 גרם,גרמים,500.00,100 גרם,false,,8.90,1.7800,true,1,332084
7290002079217,false,מחמצת עם אגוזים שיפון 650 ג',מאפיית אחדות חיפה בע,IL,לחם מחמצת שיפון מלא,גרמים,650.00,100 גרם,false,,12.90,1.9846,true,1,326354
7290002079361,false,לחמניות המבורגר חתוך 6+2*60 ג',מאפיית אחדות חיפה,IL,8 לחמניות המבורגר בס,גרמים,480.00,100 גרם,false,,16.90,3.5208,true,1,327112
7290002079927,false,לחם דגנים מלא דוידוב,מאפיית אחדות חיפה(93,IL,לחם דגנים מלא דוידוב,גרמים,750.00,100 גרם,false,,14.90,1.9867,true,1,326476
7290002079996,false,לחם אחיד קל פרוס 750 ג',הנסיך- מפעל לייצור ט,IL,לחם אחיד קל מאפיית ד,גרמים,750.00,100 גרם,false,,13.90,1.8533,true,1,326982
7290002102038,false,בוקסר לייקרה לגבר,,,בוקסר לייקרה לגבר,יחידה,0.00,יחידה,false,,9.90,0.0000,true,1,338720
7290002105503,false,בורגר מזרחי קפוא גלאט 500ג' מחפוד,,IL,המבורגר טחון 500 גר,גרמים,500.00,100 גרם,false,,19.90,3.9800,true,1,46994
7290002105510,false,קבב מזרחי מתובל וקפוא גלאט הדר בשר 500ג',,,קבב מזרחי 500-מחפוד,גרמים,500.00,100 גרם,false,,20.90,4.1800,true,1,46995
7290002105527,false,גולש עגל 800 גר' מחפוד קפוא,,,גולש בקר 800 גרם מחפ,גרמים,800.00,100 גרם,false,,49.90,6.2375,true,1,46996
7290002105541,false,סטייק אנטריקוט מעובד קפוא ה.הבשר 800ג',,,סטייק אנטריקוט 800 ג,גרמים,800.00,100 גרם,false,,49.90,6.2375,true,1,46998
7290002105558,false,טחון בקר 500 ג' גאלט מחפוד,,,טחון בקר 500-מחפוד,גרמים,500.00,100 גרם,false,,19.90,3.9800,true,1,46999
7290002105565,false,טחון הודו 500 גר' קפוא מחפוד,,IL,טחון הודו 500 גרם מח,גרמים,500.00,100 גרם,false,,13.90,2.7800,true,1,47000
7290002105671,false,טחון עוף 500 גר' קפוא מחפוד,,IL,טחון עוף 500 גר מחפו,גרמים,500.00,100 גרם,false,,13.90,2.7800,true,1,47001
7290002105756,false,"בקר טחון 1 ק""ג מחפוד קפוא",,IL,"טחון בקר 1 ק""ג מחפוד",קילוגרמים,1.00,"ק""ג",false,,39.90,39.9000,true,1,47005
7290002107071,false,פטה עיזים מעודנת בגביע צוריאל 16%,מחלבת משק צוריאל,,צוריאל פטה עיזים מעו,גרמים,200.00,100 גרם,false,,22.90,11.4500,true,1,6361
7290002107385,false,גבינת מה עיזים בגליל צוריאל 180 ג',משק צוריאל,IL,צוריאל גליל גבינת עי,גרמים,180.00,100 גרם,false,,20.90,11.6111,true,1,6362
7290002107491,false,גבינת עזים למריחה טבעי 5% צוריאל 250 ג',משק צוריאל,IL,צוריאל גבינת עזים למ,גרמים,250.00,100 גרם,false,,13.90,5.5600,true,1,6363
7290002107798,false,גבינה בולגרית מעודנת 5% צוריאל 250ג',משק צוריאל,IL,צוריאל בולגרית מעודנ,גרמים,250.00,100 גרם,false,,19.90,7.9600,true,1,6364
7290002109372,false,בורקס פילו אצבעות בולגרי 700 ג' שלושת האופים,,,בורקס פילו אצבעות בו,גרמים,700.00,100 גרם,false,,19.90,2.8429,true,1,16815
7290002111085,false,"רוטב עגבניות 22% ""פרי מבורך"" 100 גרם",,,רוטב עגבניות 22% פרי,גרמים,100.00,100 גרם,false,,2.50,2.5000,true,1,8678
7290002111139,false,"רסק תפו""ע לל""ס A2 פרי מבורך 550 גר'",,,"רסק תפו""ע דיאט פרי מ",גרמים,560.00,100 גרם,false,,8.90,1.5893,true,1,8680
7290002111214,false,גרעיני תירס לייט A2 פרי מבורך 550 גר',,,A2 גרעיני תירס לייט,גרמים,550.00,100 גרם,false,,8.90,1.6182,true,1,8681
7290002111313,false,עגבניות קוביות A2.5 פרי מבורך 800ג' בדצ,,,עגבניות קוביות פרי מ,גרמים,800.00,100 גרם,false,,9.90,1.2375,true,1,8682
7290002111337,false,"רוטב עגבניות 22% ""פרי מבורך"" 240 גרם",,,רוטב עגבניות 22% פרי,גרמים,240.00,100 גרם,false,,4.50,1.8750,true,1,8683
7290002111474,false,אפונה גדולה A2 פרי מבורך 600ג',,,אפונת גדולה פרי מבור,גרמים,335.00,100 גרם,false,,7.90,2.3582,true,1,8684
7290002111511,false,"אפונה וגזר A2 פרי מבורך 550ג' בד""צ.",,,אפונה וגזר פרי מבורך,גרמים,550.00,100 גרם,false,,7.90,1.4364,true,1,8686
7290002111634,false,חומוס 600 גר' פרי מבורך,,,חומוס שלם פרי מבורך,גרמים,550.00,100 גרם,false,,8.90,1.6182,true,1,8687
7290002111696,false,עגבניות מרוסק A2.5 פרי מבורך 800ג',,,עגבניות מרוסקות פרי,גרמים,800.00,100 גרם,false,,9.90,1.2375,true,1,8690
7290002111764,false,"שעועית לבנה ברוטב עגבניות A2 פ""מ עד""ח",,,שעועית לבנה ברוטב עג,גרמים,580.00,100 גרם,false,,8.90,1.5345,true,1,8691
7290002111818,false,גרעיני תירס מתוק ואקום פרי מבורך 400ג',,,גרעיני תירס מתוק פרי,גרמים,246.00,100 גרם,false,,5.90,2.3984,true,1,8692
7290002111825,false,"2A גרעיני תירס מתוק פ""מ עד""ח 550 ג'",,,גרעיני תירס מתוק פרי,גרמים,335.00,100 גרם,false,,7.90,2.3582,true,1,8693
7290002130567,false,דבש טהור מפרחי בר 350 ג' יד מרדכי,מכוורת יד מרדכי שטרא,IL,דבש טהור מפרחי בר בצ,גרמים,350.00,100 גרם,false,,20.90,5.9714,true,1,22211
7290002130574,false,דבש טהור מפרחי בר בזכוכית 500 ג' יד מרדכי,מכוורת יד מרדכי שטרא,IL,דבש טהור מפרחי בר בצ,גרמים,500.00,100 גרם,false,,25.90,5.1800,true,1,22212
7290002130581,false,"דבש טהור יד מרדכי 1 ק""ג",,IL,דבש טהור מפרחי בר בצ,קילוגרמים,1.00,"ק""ג",false,,47.70,47.7000,true,1,22213
7290002190141,false,ריבת חלב בצנצנת 450 גרם,קרלו,IL,ריבת חלב קונדיטור 45,גרמים,450.00,100 גרם,false,,14.90,3.3111,true,1,24917
7290002232964,false,דגש ציפוי פז טחון דק,תירפז בעמ,IL,דגש ציפוי פז טחון דק,גרמים,500.00,100 גרם,false,,32.90,6.5800,true,1,106423
7290002232995,false,ציפוי פז דגש 500 גרם,פ.פ.ח. שאביט,IL,דגש ציפוי פז 500 גרם,גרמים,500.00,100 גרם,false,,32.90,6.5800,true,1,106785
7290002253006,false,שום כתוש בצנצנת 200 גר דורות,דורות,IL,דורות שום כתוש טרי 2,גרמים,200.00,100 גרם,false,,12.90,6.4500,true,1,19722
7290002253105,false,מגשית קוביות שום טרי דורות 80 ג',דורות,IL,דורות מגשית קוביות ש,גרמים,80.00,100 גרם,false,,9.90,12.3750,true,1,19725
7290002253150,false,בזיליקום טרי קצוץ דורות 70 ג',דורות,IL,בזיליקום טרי קצוץ 70,גרמים,70.00,100 גרם,false,,10.50,15.0000,true,1,19726
7290002253198,false,ג'ינג'ר טרי כתוש במגשית 70 ג' דורות,דורות,IL,דורות ג'ינג'ר טרי כת,גרמים,70.00,100 גרם,false,,11.00,15.7143,true,1,19730
7290002255031,false,סיגרים במילוי בשר חט,,,סיגרים במילוי בשר חט,גרמים,800.00,100 גרם,false,,22.90,2.8625,true,1,51467
7290002255086,false,קובה ביתי במילוי בשר,,,קובה ביתי במילוי בשר,גרמים,700.00,100 גרם,false,,22.90,3.2714,true,1,51470
7290002255116,false,קרפלך במילוי בשר חטי,,,קרפלך במילוי בשר חטי,גרמים,800.00,100 גרם,false,,22.90,2.8625,true,1,51471
7290002255130,false,"סיגרים במילוי תפו""א",,,"סיגרים במילוי תפו""א",גרמים,800.00,100 גרם,false,,22.90,2.8625,true,1,51472
7290002255185,false,סמבוסק במילוי חומוס,,,סמבוסק במילוי חומוס,גרמים,600.00,100 גרם,false,,22.90,3.8167,true,1,51474
7290002255215,false,עלים לסיגר 500ג,,,עלים לסיגר 500ג,גרמים,500.00,100 גרם,false,,9.90,1.9800,true,1,51475
7290002255475,false,פסטלים במילוי בשר בד,,,פסטלים במילוי בשר בד,גרמים,800.00,100 גרם,false,,22.90,2.8625,true,1,51479
7290002317005,false,זיתים טבעות מושחר 560ג A2 מטולה,,,טבעות זיתים מושחרים,גרמים,560.00,100 גרם,false,,10.90,1.9464,true,1,24390
7290002317081,false,זיתים נטולי גלעין +20% 670ג A2 מטולה,מוטולה,IL,זיתים נטולי גלעין 20,גרמים,670.00,100 גרם,false,,10.90,1.6269,true,1,24392
7290002317128,false,מלפפון 560ג במלח 10-12 A2 מטולה,מוטולה,IL,מלפפון במלח 10-12 מו,גרמים,560.00,100 גרם,false,,10.90,1.9464,true,1,24393
7290002317135,false,מלפפון 560ג במלח 13-17 A2 מטולה,מוטולה,IL,מלפפון במלח 13-17 מו,גרמים,560.00,100 גרם,false,,10.90,1.9464,true,1,24394
7290002317265,false,מלפפון 650ג במלח +20% 7-9 A2 מטולה,מוטולה,IL,מלפפון במלח 20% 7-9,גרמים,670.00,100 גרם,false,,9.90,1.4776,true,1,24403
7290002317289,false,חצילים כבושים מוטול,מוטולה,IL,חצילים מוטולה 560 גר,גרמים,560.00,100 גרם,false,,9.90,1.7679,true,1,24404
7290002317319,false,מלפפון 650ג בחומץ +20% 7-9 A2 מטולה,מוטולה,IL,מלפפון בחומץ 7-9 20%,גרמים,670.00,100 גרם,false,,9.90,1.4776,true,1,24407
7290002317326,false,זיתים מנזולינו 12-15 +20% 670ג A2 מטולה,,,זיתים מנזלינו 20% 12,גרמים,670.00,100 גרם,false,,9.90,1.4776,true,1,24408
7290002317579,false,זיתים טבעות ירוק 560ג A2 מטולה,מוטולה,IL,טבעות זיתים ירוקים מ,גרמים,560.00,100 גרם,false,,10.90,1.9464,true,1,24421
7290002317609,false,כרוב כבוש 560ג A2 מטולה,מוטולה,IL,כרוב כבוש מוטולה 560,גרמים,560.00,100 גרם,false,,6.90,1.2321,true,1,24422
7290002317616,false,זיתים מרינט 17-19 560ג A2 מטולה,,,זיתים חתוכים מרינט 1,גרמים,560.00,100 גרם,false,,10.90,1.9464,true,1,24423
7290002317661,false,זיתים מנזלינו גדול מ,מוטולה,IL,זיתים מנזלינו גדול מ,גרמים,560.00,100 גרם,false,,10.90,1.9464,true,1,24425
7290002317678,false,"זיתים נטולי גלעין צנצנת זכוכית 560 ג""ר",,,זיתים נטולי גלעין צנ,גרמים,560.00,100 גרם,false,,10.90,1.9464,true,1,24426
7290002317753,false,טבעות זיתים ירוקים ב,,,טבעות זיתים ירוקים ב,גרמים,560.00,100 גרם,false,,10.90,1.9464,true,1,24428
7290002319016,false,אבקת אפיה מיה מארז 10X10 ג',מיה,IL,אבקת אפיה 10 יח' מיה,גרמים,100.00,100 גרם,false,,2.90,2.9000,true,1,14875
7290002319023,false,סוכר וניל מיה עשיריו,מיה,IL,1/10 סוכר וניל,גרמים,100.00,100 גרם,false,,1.90,1.9000,true,1,14876
7290002319061,false,קוקוס טחון מיה 100,מיה,IL,.קוקוס טחון 100 גר.,גרמים,100.00,100 גרם,false,,3.90,3.9000,true,1,14880
7290002319092,false,קמח תפוחי אדמה מיה 500 גר',,,קמח תפוחי אדמה מיה 5,גרמים,500.00,100 גרם,false,,4.90,0.9800,true,1,14883
7290002319115,false,חומוס גדול יבש מיה 500 גר',מיה,IL,חומוס גדול מיה 500 ג,גרמים,500.00,100 גרם,false,,8.90,1.7800,true,1,14884
7290002319122,false,גריסים יבשים מיה 500 גר',מיה,IL,גריסים מיה 500 גרם,גרמים,500.00,100 גרם,false,,4.90,0.9800,true,1,14885
7290002319221,false,חיטה מיה 500 גרם,מיה,IL,חיטה מיה 500 גרם,גרמים,500.00,100 גרם,false,,5.50,1.1000,true,1,14894
7290002319443,false,תבלין כמון 80 גר' מיה,,,.כמון 80גר,גרמים,80.00,100 גרם,false,,5.90,7.3750,true,1,14904
7290002319580,false,תבלין מלח לימון 100גר',,,מיה מלח לימון 150ג,גרמים,150.00,100 גרם,false,,5.90,3.9333,true,1,14909
7290002319597,false,תבלין כוסברה ירוקה בשקית 80 גר' מיה,,,.כוזברה 80גר,גרמים,80.00,100 גרם,false,,5.90,7.3750,true,1,14910
7290002319641,false,תבלין גריל עוף צנצנת 80 גר' מיה,,,מיה גריל עוף 80ג,גרמים,80.00,100 גרם,false,,5.90,7.3750,true,1,14915
7290002319689,false,סודה לשתייה בקופסא 150 גר' מיה,,,סודה לשתיה 150 ג,גרמים,150.00,100 גרם,false,,5.90,3.9333,true,1,14917
7290002319740,false,אגוזים טחונים 100 גר' מיה,מיה,IL,אגוז טחון 100 גרם,גרמים,100.00,100 גרם,false,,11.90,11.9000,true,1,14921
7290002319771,false,"תמצית אפיה וניל 50מ""ל מיה",מיה,IL,תמצית אפיה וניל,מיליליטרים,50.00,"100 מ""ל",false,,2.90,5.8000,true,1,14923
7290002319788,false,"תמצית אפיה רום 50 מ""ל מיה",מיה,IL,תמצית אפיה רום,מיליליטרים,60.00,"100 מ""ל",false,,2.90,4.8333,true,1,14924
7290002319801,false,תבלין שבבי בצל 50 גר' מיה,,,שבבי בצל 50גרם צנצנת,גרמים,50.00,100 גרם,false,,5.90,11.8000,true,1,14926
7290002327042,false,"בורקס תפו""א 800 גרם שלושת האופים",TLV צ'יף,IL,"בורקס תפו""א 800 ג",גרמים,800.00,100 גרם,false,,19.90,2.4875,true,1,16841
7290002327059,false,"בצק עלים 1 ק""ג שלושת האופים",,,בצק עלים 1 ק`ג,קילוגרמים,1.00,"ק""ג",false,,19.90,19.9000,true,1,16842
7290002327073,false,בורקס גבינה 800 גרם שלושת האופים,TLV צ'יף,IL,בורקס גבינה 800 גרם,גרמים,800.00,100 גרם,false,,19.90,2.4875,true,1,16844
7290002331025,false,"מים מינרלים נביעות ספורט 500 מ""ל פקדון",נביעות טבע הגליל בעמ,IL,נביעות 1/2 ליטר ספור,מיליליטרים,500.00,"100 מ""ל",false,,3.90,0.7800,true,1,6859
7290002331094,false,"נביעות+ מים טעם ענבים 755מ""ל",נביעות טבע הגליל בעמ,IL,755מל מים מינרלים TO,מיליליטרים,755.00,"100 מ""ל",false,,3.90,0.5166,true,1,6860
7290002331360,false,"נביעות מים מינרליים טו גו מארז 500X6מ""ל",נביעות,IL,נביעות TO GO שישייה,ליטרים,3.00,ליטר,false,,12.90,4.3000,true,1,6870
7290002331421,false,"מים אישי נביעות מארז שישייה* 755 מ""ל",נביעות,,נביעות 6*755מל,ליטרים,4.53,ליטר,false,,15.80,3.4879,true,1,6871
7290002331476,false,"נביעות בייבי מים מינרלים 250מ""ל",נביעות,,"נביעות בייבי 320 מ""ל",מיליליטרים,320.00,"100 מ""ל",false,,2.20,0.6875,true,1,6872
7290002331483,false,שישיית מים נביעות בייב 330 מל,נביעות טבע הגליל בעמ,IL,נביעות בייבי 320*6 מ,ליטרים,1.92,ליטר,false,,13.90,7.2396,true,1,6873
7290002344032,false,סחבות מיקרופייבר מא,,,סחבות מיקרופייבר מא,יחידה,0.00,יחידה,false,,12.90,0.0000,true,1,276324
7290002344056,false,מטליות מיקרופייבר מ,,,מטליות מיקרופייבר מ,יחידה,0.00,יחידה,false,,12.90,0.0000,true,1,276325
7290002360285,false,תה פומפדור חליטת צמחים קמומיל 20 שק,טיקנה,DE,פומפדור חליטת קמומיל,גרמים,30.00,100 גרם,false,,16.90,56.3333,true,1,21419
7290002374268,false,שמן חמניות מילומור 1 ליטר,,,שמן חמניות מילומור 1,ליטרים,1.00,ליטר,false,,9.90,9.9000,true,1,29331
7290002374312,false,"שמן קנולה מילומור 1 ל' עד""ח","נארז ע""י : א.ג. גילר",IL,שמן קנולה מילומור 1,ליטרים,1.00,ליטר,false,,11.90,11.9000,true,1,29332
7290002374640,false,שמן קנולה פלוס אומגה 3 1 ליטר עץ הזית,,,שמן קנולה פלוס אומגה,ליטרים,1.00,ליטר,false,,16.90,16.9000,true,1,29334
7290002402855,false,נקניקיות קוקטיל מחפוד 400 גר',,,נקניקיות קוקטייל 400,גרמים,400.00,100 גרם,false,,10.90,2.7250,true,1,47018
7290002404583,false,"היוצר בראשית קברנה 750 מ""ל ^^^",יקב היוצר,,יין היוצר בראשית קבר,מיליליטרים,750.00,"100 מ""ל",false,,37.90,5.0533,true,1,11858
7290002404590,false,"היוצר בראשית מרלו 750 מ""ל ^^^",,,יין היוצר בראשית רזר,מיליליטרים,750.00,"100 מ""ל",false,,37.90,5.0533,true,1,11859
7290002407348,false,"שמן זית כתית מעולה 750 מ""ל ג'השאן",,,שמן זית כתית מעולה ג,מיליליטרים,750.00,"100 מ""ל",false,,29.90,3.9867,true,1,5023
7290002512011,false,צנעני גחנון 900 גרם,,IL,צנעני גחנון 900 גרם,גרמים,900.00,100 גרם,false,,21.90,2.4333,true,1,51487
7290002512035,false,בצק עלים 1קג צנעני,,,בצק עלים 1קג צנעני,קילוגרמים,1.00,"ק""ג",false,,17.90,17.9000,true,1,51488
7290002542780,false,"שישייה בירה סטלה ארטואה בקבוק 330X6 מ""ל",סטלה,BE,סטלה ארטואה בקבוק 6*,ליטרים,1.98,ליטר,false,,35.90,18.1313,true,1,153250
7290002543046,false,קלוגס פרוסטיס דגנים וסוכר 750ג',קלוג מנייופרטורינג א,ES,פרוסטיס דגני קלוגס 7,גרמים,750.00,100 גרם,false,,15.90,2.1200,true,1,5272
7290002543237,false,קלוגס קורן פלקס 750 גרם,קלוגס קומפני אוף גרי,IL,קורנפלקס קלוגס 750 ג,גרמים,750.00,100 גרם,false,,14.90,1.9867,true,1,5276
7290002552406,false,טילון שוקו קרמל ריאו 60ג',,,טילון שוקו 70 גרם רי,גרמים,70.00,100 גרם,false,,3.90,5.5714,true,1,20525
7290002552468,false,שלגון גליגלחלבי ריאו,,,שלגון גליגלחלבי ריאו,גרמים,75.00,100 גרם,false,,1.90,2.5333,true,1,20530
7290002581079,false,תן צ'אפ חטיף טבעות 50 גר',,,תן צאפ טבעות 50 גרם,גרמים,50.00,100 גרם,false,,4.20,8.4000,true,1,14938
7290002627210,false,"גפילטעפיש קציצות מדגי קרפיון וכסיף 560 גר' בעל""ז",האי נאם סי או אל.טי.,IL,גפילטע פיש בצנצנת דל,גרמים,560.00,100 גרם,false,,12.90,2.3036,true,1,16896
7290002651116,false,"גחנון חמסי 1 ק""ג",מעדני הטלה,,"גחנון חמסי 1 ק""ג",קילוגרמים,1.00,"ק""ג",false,,19.90,19.9000,true,1,16897
7290002651123,false,חמסי מלווח 1 קילו,חמסי,,"מלווח חמסי 1 ק""ג",קילוגרמים,1.00,"ק""ג",false,,19.90,19.9000,true,1,16898
7290002657408,false,נתחי טונה בשמן 960 ג' פוסידון,,,טונה בשמן פוסידון 96,גרמים,700.00,100 גרם,false,,30.90,4.4143,true,1,16904
7290002674238,false,"אקווה פרש - משחת שיניים מנטה מרענן 125 מ""ל",,,משחת שיניים א.פרש מנ,מיליליטרים,125.00,"100 מ""ל",false,,7.00,5.6000,true,1,3800
7290002692393,false,שמן קנולה מועשר1 ליטר-עץ הזית,,IL,שמן קנולה מועשר עץ ה,ליטרים,1.00,ליטר,false,,15.90,15.9000,true,1,29336
7290002692768,false,"תרסיס קנולה מופחת קלוריות 200 מ""ל עץ הזית",קומפניה,IT,תרסיס שמן קנולה עץ ה,מיליליטרים,200.00,"100 מ""ל",false,,17.90,8.9500,true,1,29341
7290002703068,false,צנצנת דבש עין חרוד 1,,,צנצנת דבש עין חרוד 1,קילוגרמים,1.00,"ק""ג",false,,40.90,40.9000,true,1,47349
7290002703310,false,צנצנת דבש עין חרוד 5,,,צנצנת דבש עין חרוד 5,גרמים,500.00,100 גרם,false,,21.90,4.3800,true,1,47354
7290002703358,false,צנצנת דבש עין חרוד 3,,,צנצנת דבש עין חרוד 3,גרמים,350.00,100 גרם,false,,15.90,4.5429,true,1,47355
7290002703402,false,דבש עין חרוד 400 גרם,,,דבש עין חרוד 400 גרם,גרמים,400.00,100 גרם,false,,19.90,4.9750,true,1,47356
7290002703426,false,דבש לחיץ מכוורת 250,,,דבש לחיץ מכוורת 250,גרמים,250.00,100 גרם,false,,12.90,5.1600,true,1,47357
7290002703655,false,סילאן 100% טבעי עין,,,סילאן 100% טבעי עין,גרמים,385.00,100 גרם,false,,12.90,3.3506,true,1,47359
7290002730262,false,פלמוליב כלים שקוף קלאסי 750 בקבוק חדש,יבואן ומשווק: ש. שסט,GR,פלמוליב לכלים קלאסי,מיליליטרים,750.00,"100 מ""ל",false,,11.90,1.5867,true,1,21423
7290002730811,false,"קולגייט משחת שיניים ג'ל משפחתי 100מ""ל",הנסיך- מפעל לייצור ט,PL,משחת שיניים גל משפחת,מיליליטרים,100.00,"100 מ""ל",false,,13.10,13.1000,true,1,21430
7290002730941,false,בלונס צמר גפן פרוס 100 ג',הנסיך- מפעל לייצור ט,GR,צמר גפן פרוס בלונס 1,גרמים,100.00,100 גרם,false,,6.90,6.9000,true,1,21434
7290002735007,false,"בצק עלים 1 ק""ג",,,"בצק עלים 1 ק""ג",קילוגרמים,1.00,"ק""ג",false,,13.90,13.9000,true,1,20408
7290002735014,false,ינון מלווח ארוז 800,ג'נרל מילס סאן אדריא,IL,ינון מלווח ארוז 800,גרמים,800.00,100 גרם,false,,13.90,1.7375,true,1,20409
7290002735021,false,ינון גחנון ארוז 750,ג'נרל מילס סאן אדריא,IL,ינון גחנון ארוז 750,גרמים,750.00,100 גרם,false,,13.90,1.8533,true,1,20410
7290002735113,false,בורקס גבינה ינון 800,,,בורקס גבינה ינון 800,גרמים,800.00,100 גרם,false,,16.90,2.1125,true,1,20411
7290002735120,false,"בורקס תפו""א ינון 800",,,"בורקס תפו""א ינון 800",גרמים,800.00,100 גרם,false,,13.90,1.7375,true,1,20412
7290002735274,false,גחנון אפוי ינון 600ג,ג'נרל מילס סאן אדריא,IL,ינון גחנון אפוי 600,גרמים,600.00,100 גרם,false,,15.90,2.6500,true,1,20415
7290002752332,false,"סוכריות מנטוס פירות בגליל, 37.5 גרם",הדקלאים אגודת שיתופי,NL,מנטוס .סוכריות פירות,גרמים,37.50,100 גרם,false,,2.90,7.7333,true,1,12734
7290002752349,false,סוכריות מנטוס מנטה 40יח' בגליל 38ג',פרפטי ואן מלה,NL,מנטוס סוכריות מנטה 3,גרמים,37.50,100 גרם,false,,2.90,7.7333,true,1,12735
7290002757139,false,מלאווח תימני מקורי 3 האופים 700 גר',TLV צ'יף,IL,שלושת האופים מלוואח,גרמים,700.00,100 גרם,false,,12.90,1.8429,true,1,16917
7290002757511,false,קציצות דג לבישול דלידג 750ג',האי נאם סי או אל.טי.,IL,דלידג קציצות דג לביש,גרמים,750.00,100 גרם,false,,32.90,4.3867,true,1,16920
7290002757535,false,בורקס פילו אצבעות גבינה 700 ג' שלושת האופים,יוליניבר,IL,בורקס פילו אצבעות גב,גרמים,700.00,100 גרם,false,,19.90,2.8429,true,1,16922
7290002768043,false,"תיאדנט מי-פה ענק פלאוריד 150 מ""ל",טרופיקל דגיל תעשיות,IL,מי פה ענק תיאדנט 150,מיליליטרים,150.00,"100 מ""ל",false,,15.90,10.6000,true,1,29829
7290002775010,false,מיני בורקס פילו גבינה שלושת האופים מהדרין 650 ג',,,מיני בורקס פילו גבינ,גרמים,650.00,100 גרם,false,,19.90,3.0615,true,1,16931
7290002782131,false,"פנינה רוזנבלום - דאודורנט ספריי לאישה מס' 1 150 מ""ל",,,דאו' ספריי לאישה פ.ר,מיליליטרים,150.00,"100 מ""ל",false,,25.00,16.6667,true,1,18101
7290002787884,false,"בורקס מקלות פילו תפו""א 3.האופים 600 ג'",,,שלושת האופים מקלות פ,גרמים,600.00,100 גרם,false,,19.90,3.3167,true,1,16953
7290002787891,false,בורקס מקלות פילו תרד 3.האופים 600 ג',,,שלושת האופים מקלות ב,גרמים,600.00,100 גרם,false,,19.90,3.3167,true,1,16954
7290002805151,false,סיף פנטסטיק לרצפות בניחוח סחלבים 4ל',יוניליוור ישראל טיפו,IL,סיף פנטסטיק לרצפות ב,ליטרים,4.00,ליטר,false,,24.90,6.2250,true,1,10310
7290002814160,false,מסיר שומנים קר סנט מ,,,מסיר שומנים קר סנט מ,יחידה,0.00,יחידה,false,,18.90,0.0000,true,1,20095
7290002814603,false,"סנט מוריץ - מרסס מסיר שומנים קר מבושם לימון 750 מ""ל",,,מסיר שומנים קר מבושם,מיליליטרים,750.00,"100 מ""ל",false,,14.90,1.9867,true,1,20107
7290002814870,false,"סנט מוריץ - מרסס מסיר שומנים קר מבושם לוונדר\פרחים 750 מ""ל",,IL,מסיר שומנים קר מבושם,מיליליטרים,750.00,"100 מ""ל",false,,14.90,1.9867,true,1,20108
7290002824183,false,גבינה לבנה 5% שומן 500 ג' שטראוס,מיוצר עי קונדיטוריית,IL,גבינה לבנה 5% סקי 50,גרמים,500.00,100 גרם,false,,9.50,1.9000,true,1,23252
7290002824466,false,יוגורט דנונה ביו 0% 200 גרם,"שטראוס בריאות בע""מ",IL,דנונה יוגורט ביו 0%,מיליליטרים,200.00,"100 מ""ל",false,,3.70,1.8500,true,1,23253
7290002824640,false,גבינה שטראוס 5% 250 ג',מיוצר עי קונדיטוריית,IL,גבינה 5% סקי 250 גרם,גרמים,250.00,100 גרם,false,,4.98,1.9920,true,1,23254
7290002825722,false,סלט כרוב אדום אחלה,מיוצר עי קונדיטוריית,IL,אחלה כרוב אדום 500ג,גרמים,500.00,100 גרם,false,,13.90,2.7800,true,1,23256
7290002827306,false,נקניקיות עוף ירושלים מחפוד 400 ג',,,עוף ירושלים נקניקיות,גרמים,400.00,100 גרם,false,,10.90,2.7250,true,1,47028
7290002827337,false,נקניקיות עוף פיקנטי 400 גר' מחפוד,,,עוף ירושלים נקניקיות,גרמים,400.00,100 גרם,false,,10.90,2.7250,true,1,47031
7290002868996,false,קוטג' 5% מועשר טרה 250ג' מהדרין,טרה,IL,טרה קוטג מועשר 5% 25,גרמים,250.00,100 גרם,false,,5.50,2.2000,true,1,6369
7290002871361,false,"קרלסברג בירה בק.חוזר 500 מ""ל",מבשלות בירה בינלאומי,IL,קרלסברג בירה בק.חוזר,מיליליטרים,500.00,"100 מ""ל",false,,7.90,1.5800,true,1,6894
7290002881018,false,מעדן תות שדה 100% 284 גרם,,,סן מורנו מעדן תות שד,גרמים,284.00,100 גרם,false,,12.90,4.5423,true,1,24919
7290002881216,false,רסק תפוחי עץ דיאט 708 גרם צנצנת,,,"רסק תפו""ע דיאט תפוחי",גרמים,700.00,100 גרם,false,,11.90,1.7000,true,1,24933
7290002881247,false,אננס שלם פרוסות תומר,,IL,אננס שלם פרוסות תומר,גרמים,850.00,100 גרם,false,,9.90,1.1647,true,1,24935
7290002881254,false,קוקטייל פירות טרופי תומר 820 ג',סאנרייז,,קוקטייל טרופי תומר 8,גרמים,850.00,100 גרם,false,,9.90,1.1647,true,1,24936
7290002881278,false,אפרסק חצאים תומר 820,,,אפרסק חצאים תומר 820,גרמים,820.00,100 גרם,false,,9.90,1.2073,true,1,24938
7290002881407,false,נודלס אטריות ביצים דק תומר 400ג',,,נודלס דק תומר 400 גר,גרמים,400.00,100 גרם,false,,7.90,1.9750,true,1,24943
7290002881414,false,נודלס עבה תומר 400ג'30X,,,נודלס עבה תומר 400 ג,גרמים,400.00,100 גרם,false,,7.90,1.9750,true,1,24944
7290002881742,false,לבבות דקל פרוסות תומר 400 ג',,IL,לבבות דקל פרוסות תומ,גרמים,400.00,100 גרם,false,,7.90,1.9750,true,1,24958
7290002881940,false,סרדינים מרוקאי בשמן חמניות 125ג' תומר,,,סרדין מרוקאי בשמן תו,גרמים,125.00,100 גרם,false,,5.90,4.7200,true,1,24966
7290002904694,false,"טיטניום דאודורנט ספריי לגברים 150 מ""ל",אמיליה קוסמטיקס בעמ,IL,דאודורנט ספריי קלאסי,מיליליטרים,180.00,"100 מ""ל",false,,15.90,8.8333,true,1,29832
7290002921349,false,דבק סופר גלו מארז זוגי,הנקל,,סופר גלו 3 זוגי,יחידה,0.00,יחידה,false,,13.90,0.0000,true,1,11285
7290002946700,false,"מדליק פחמים נוזלי הנמל 200מ""ל","ויק ליין תעשיות בע""מ",IL,מצית פחם נוזלי מהדרי,מיליליטרים,200.00,"100 מ""ל",false,,8.90,4.4500,true,1,7810
7290002971962,false,"קמח שטיבל חיטה מלא ללא ניפוי 1 ק""ג",,,קמח מלא 100% ללא צור,קילוגרמים,1.00,"ק""ג",false,,7.90,7.9000,true,1,208386
7290002971986,false,קמח שיפון ללא צורך ב,,,קמח שיפון ללא צורך ב,קילוגרמים,1.00,"ק""ג",false,,7.90,7.9000,true,1,9212
7290002972006,false,"קמח שטיבל 405 ללא ניפוי 1 ק""ג",,,קמח בהיר 405 ללא צור,קילוגרמים,1.00,"ק""ג",false,,8.90,8.9000,true,1,9214
7290002972365,false,קמח תופח שטיבל 13 ללא צורך בניפוי 1 קג,מיוצר עי קונדיטוריית,IL,קמח תופח ללא צורך בנ,קילוגרמים,1.00,"ק""ג",false,,8.90,8.9000,true,1,9215
7290002972426,false,"קמח חיטה 80% ללא ניפוי שטיבל 1ק""ג",,,קמח מלא 80% ללא צורך,קילוגרמים,1.00,"ק""ג",false,,8.90,8.9000,true,1,9216
7290002973669,false,"קמח שטיבל ללחם 2 ללא ניפוי 1 ק""ג",,,קמח לחם ללא צורך בני,קילוגרמים,1.00,"ק""ג",false,,7.90,7.9000,true,1,98835
7290002974314,false,"קמח פיצה שטיבל 1 ק""ג",,,"קמח פיצה שטיבל 1 ק""ג",קילוגרמים,1.00,"ק""ג",false,,11.90,11.9000,true,1,293104
7290002974352,false,קמח רותה חיטה מלא שט,,,קמח רותה חיטה מלא שט,קילוגרמים,1.00,"ק""ג",false,,9.90,9.9000,true,1,287420
7290002986652,false,גטניו פתי בר שוקו 470 גרם,"אחים גטניו בע""מ",,גטניו - פתיבר שוקו 4,גרמים,470.00,100 גרם,false,,9.90,2.1064,true,1,41238
7290002987963,false,"סלט חומוס אחלה 1 ק""ג",מיוצר עי קונדיטוריית,IL,אחלה חומוס 1קג,קילוגרמים,1.00,"ק""ג",false,,13.90,13.9000,true,1,23257
7290003009312,false,בוטן קלוי קלית גת 200 ג',הדקלאים אגודת שיתופי,IL,בוטן קלוי 200 גרם,גרמים,200.00,100 גרם,false,,7.90,3.9500,true,1,12739
7290003015627,false,סנו ריצפז פרש 2 ליטר אפרסק,"סנו מפעלי ברונוס בע""",IL,ריצפז פרש אפרסק 2 לי,ליטרים,2.00,ליטר,false,,18.90,9.4500,true,1,29841
7290003015641,false,סנו ריצפז פרש 2 ליטר יסמין,סנו,IL,ריצפז פרש יסמין 2 לי,ליטרים,2.00,ליטר,false,,18.90,9.4500,true,1,29843
7290003026029,false,"ד""ר פישר - קמיל בלו סנסיטיב שמפו אלדמע 500 מ""ל",,,קמיל בלו סנסיטיב שמפ,גרמים,500.00,100 גרם,false,,17.90,3.5800,true,1,29052
7290003026036,false,"ד""ר פישר - קמיל בלו סנסיטיב אל סבון עדין לתינוק 1 ליטר",,,קמיל בלו סנסיטיב מוע,יחידה,0.00,יחידה,false,,33.90,0.0000,true,1,29053
7290003029181,false,משקה יטבתה שוקו' בקבוק 1ל מהדרין,מחלבת יטבתה,IL,יטבתה שוקו בקבוק 1ל,ליטרים,1.00,ליטר,false,,11.90,11.9000,true,1,23261
7290003029372,false,משקה חלב בננה בקבוק 1ל' יוטבתה,מחלבת יטבתה,IL,יטבתה משקה חלב בננה,ליטרים,1.00,ליטר,false,,11.90,11.9000,true,1,23264
7290003029389,false,"משקה חלב בננה פקק ספורט 250 מ""ל יוטבתה",שטראוס גרופ,IL,יטבתה משקה חלב בננה+,מיליליטרים,250.00,"100 מ""ל",false,,5.90,2.3600,true,1,23265
7290003029433,false,"משקה יטבתה שוקו פקק 250 מ""ל מהדרין",מחלבת יטבתה,IL,יטבתה שוקו +פקק 250,מיליליטרים,250.00,"100 מ""ל",false,,5.90,2.3600,true,1,23266
7290003029532,false,מוקה בקבוק 1 ל' יוטבתה,מחלבת יטבתה,IL,יטבתה מוקה 1ל,ליטרים,1.00,ליטר,false,,11.90,11.9000,true,1,23268
7290003029815,false,חלב יוטבתה מועשר 3% בכד 2ל',מחלבת יטבתה,IL,חלב מועשר בכד2 ליטר,ליטרים,2.00,ליטר,false,,15.00,7.5000,true,1,23271
7290003029907,false,משקה יטבתה אייס קפה 1ליטר,מחלבת יטבתה,IL,יטבתה אייס קפה 1ל,ליטרים,1.00,ליטר,false,,11.90,11.9000,true,1,23273
7290003031702,false,"נקניקיות הודו מחפוד וואקום 1 ק""ג טירת צבי",,,טירת צבי נקניקיות הו,קילוגרמים,1.00,"ק""ג",false,,24.90,24.9000,true,1,25336
7290003031733,false,פסטרמה על גחלים טירת צבי 400 ג' מחפוד,,IL,טירת צבי פסטרמה על ג,גרמים,400.00,100 גרם,false,,30.90,7.7250,true,1,25337
7290003031788,false,צמד כפרי סלמי+פסטרמה טירת צבי 400X2ג' מחפוד,,IL,צמד כפרי מחפוד נק.סל,גרמים,800.00,100 גרם,false,,29.90,3.7375,true,1,25340
7290003031849,false,"פסטרמה כפרית דבש וברביקיו צמד ט.צבי 300X2ג' בד""ץ",,IL,טירת צבי צמד מהדרין,גרמים,600.00,100 גרם,false,,28.90,4.8167,true,1,25341
7290003069682,false,בצק פילאס קפוא 500 גרם שלושת האופים,יוליניבר,IL,בצק פילאס 500 גרם,גרמים,500.00,100 גרם,false,,19.90,3.9800,true,1,16977
7290003069705,false,"פיצה אישית גבינה דק 80 ג' תפזורת בד""צ",,,פיצה גבינה תפזורת 80,גרמים,80.00,100 גרם,false,,2.50,3.1250,true,1,16978
7290003072521,false,פסטרמה כתף בקר מעושנת 300 גר',,,פסטרמה כתף בקר מעושנ,גרמים,300.00,100 גרם,false,,26.90,8.9667,true,1,25343
7290003102891,false,שקיות צליה הוסטס בקופסה 10יח',,,שקיות צליה הוסטס 10י,יחידה,0.00,יחידה,false,,4.90,0.0000,true,1,871
7290003107148,false,"קמח לבן דגן 1 ק""ג",,,"קמח לבן דגן 1 ק""ג",קילוגרמים,1.00,"ק""ג",false,,4.50,4.5000,true,1,9219
7290003107223,false,"סולת חיטה דגן 1 ק""ג",,,"סולת חיטה דגן 1 ק""ג",קילוגרמים,1.00,"ק""ג",false,,6.50,6.5000,true,1,9222
7290003107315,false,"סולת דגן 1 ק""ג",,,"סולת דגן 1 ק""ג",קילוגרמים,1.00,"ק""ג",false,,4.50,4.5000,true,1,9225
7290003107346,false,קמח חיטה לבן דגן 1 ק,,,קמח חיטה לבן דגן 1 ק,קילוגרמים,1.00,"ק""ג",false,,4.50,4.5000,true,1,9227
7290003126712,false,"משק צוריאל יוגורט עיזים 3% ביו 140מ""ל",משק צוריאל,IL,צוריאל יוגורט עיזים,מיליליטרים,150.00,"100 מ""ל",false,,5.90,3.9333,true,1,6375
7290003126958,false,טופו גבינה גוש בואקום צוריאל 300 ג',א.י.ן תעשיות מזון בע,IL,צוריאל גבינה גוש טופ,גרמים,300.00,100 גרם,false,,12.50,4.1667,true,1,6376
7290003133123,false,לחם זהב עגול אוקראיני 750 ג',מאפיית דוידוביץ ובני,IL,לחם אוקראיני מיוחד ע,גרמים,750.00,100 גרם,false,,12.90,1.7200,true,1,326385
7290003143146,false,ממרח תמרים קליית גת 450 גרם,הדקלאים אגודת שיתופי,IL,ממרח תמרים 450 גרם,גרמים,450.00,100 גרם,false,,6.90,1.5333,true,1,12756
7290003144419,false,סילאן טבעי קליית גת 710 גרם,,IL,סילאן טבעי קלית גת 7,גרמים,710.00,100 גרם,false,,28.90,4.0704,true,1,12767
7290003145751,false,קשיו קלוי קליית גת 200 גר,הדקלאים אגודת שיתופי,IL,קשיו קלוי 200 גרם,גרמים,200.00,100 גרם,false,,19.90,9.9500,true,1,12776
7290003145959,false,פקאן טבעי 150 גרם קליית גת,קוד יצרן JG,IL,אגוז פקאן טבעי 150 ג,גרמים,150.00,100 גרם,false,,19.90,13.2667,true,1,12779
7290003220403,false,מעדני המלך- קרקר מלוח 110 גרם,,,מעדני המלך קרקר עם מ,גרמים,110.00,100 גרם,false,,2.90,2.6364,true,1,41245
7290003220410,false,קרקר שומשום 110 ג' נאפה מעדני מלך,,,מעדני המלך קרקר שומש,גרמים,110.00,100 גרם,false,,2.90,2.6364,true,1,41246
7290003220588,false,"רוטה צ'ילי מתוק ללא סוכר 700 מ""ל WOK",תאי פרידה אינדסטרי ב,,ווק רוטב צ'ילי מתוק,מיליליטרים,700.00,"100 מ""ל",false,,14.90,2.1286,true,1,208125
7290003220595,false,"ווק אורז לסושי 1 ק""ג WOK","מיה תעשיות מזון בע""מ",,אורז לסושי 1 ק'ג WOK,קילוגרמים,1.00,"ק""ג",false,,13.90,13.9000,true,1,208126
7290003220700,false,מחצלת לסושי WOK,קוסומאי במבוק,,מחצלת לסושי,יחידה,0.00,יחידה,false,,6.70,0.0000,true,1,208130
7290003220717,false,ווק נורי סילבר 10 דפים WOK,JAEWON GLOBAL NET,,אצות נורי סילוור 10,גרמים,22.00,100 גרם,false,,11.40,51.8182,true,1,208131
7290003220755,false,ווק רוטב סויה כהה 64,ליאנג סאנג האנד הואד,,ווק רוטב סויה כהה 64,מיליליטרים,640.00,"100 מ""ל",false,,14.90,2.3281,true,1,210075
7290003220946,false,"דפי אורז קוטר 22 ס""מ",אסיאן סופירה פודס חב,,ווק דפי אורז 300 ג,גרמים,300.00,100 גרם,false,,14.50,4.8333,true,1,41260
7290003220977,false,עוגיות חצי ירח מצופה 175 נאפה מעדני מלך,אפיפית,IL,מעדני מלך ירח חצי מצ,גרמים,175.00,100 גרם,false,,6.90,3.9429,true,1,135220
7290003251308,false,אציטון משובח 100מל,שוורץ,,"אציטון משובח 100 מ""",מיליליטרים,100.00,"100 מ""ל",false,,3.90,3.9000,true,1,21164
7290003318100,false,וופל בטעם שוקולד מנעמים 200 ג',,,ופל שוקו מנעמים 200,גרמים,200.00,100 גרם,false,,4.30,2.1500,true,1,36033
7290003318131,false,וופל שוקו זהב מנעמית 200ג',,,ופל אגוז מנעמים 200,גרמים,200.00,100 גרם,false,,4.30,2.1500,true,1,36034
7290003318155,false,וופל טעם לימון מנעמים 200 ג',,,ופל לימון מנעמים 200,גרמים,250.00,100 גרם,false,,4.30,1.7200,true,1,36035
7290003318599,false,"וופל וניל ""מנעמית"" 200 ג'",,,ופל וניל מנעמים 200,גרמים,200.00,100 גרם,false,,4.30,2.1500,true,1,36037
7290003321155,false,יוגורט בר עם פקאן מצופה שוקולד 183 ג' דנונה,"שטראוס בריאות בע""מ",IL,דנונה קראנצ' ששבי פק,מיליליטרים,183.00,"100 מ""ל",false,,4.60,2.5137,true,1,23274
7290003321292,false,גבינה לבנה 9% שומן 250 ג' שטראוס,מיוצר עי קונדיטוריית,IL,גבינה 9% סקי 250 גרם,גרמים,250.00,100 גרם,false,,4.80,1.9200,true,1,23275
7290003332007,false,קפה נחלה סובחי 250ג,סובחי נחלה ובניו,,קפה נחלה סובחי 250ג,גרמים,250.00,100 גרם,false,,13.90,5.5600,true,1,33746
7290003332014,false,קפה נחלה סובחי 500 ג,,,קפה נחלה סובחי 500 ג,גרמים,500.00,100 גרם,false,,27.90,5.5800,true,1,33747
7290003332021,false,"קפה נחלה סובחי 1 ק""ג",,,"קפה נחלה סובחי 1 ק""ג",קילוגרמים,1.00,"ק""ג",false,,50.90,50.9000,true,1,33748
7290003332045,false,קפה נחלה אדום ללא הל 250ג',קפה אל נחלה,,קפה נחלה סובחי 250 ג,גרמים,250.00,100 גרם,false,,13.90,5.5600,true,1,33749
7290003401369,false,"קרם לחות ועיצוב לשיער חוחובה נטורל 400 מ""ל",מיוצר עי אמיליה קוסמ,IL,קרם לחות ועיצוב לשיע,מיליליטרים,400.00,"100 מ""ל",false,,19.90,4.9750,true,1,29847
7290003401376,false,"קרם לחות ועיצוב לשיער אלוורה נטורל 400 מ""ל",מיוצר עי אמיליה קוסמ,IL,קרם לחות ועיצוב לשיע,מיליליטרים,400.00,"100 מ""ל",false,,19.90,4.9750,true,1,29848
7290003411054,false,שקיות צליה גדול דליקטס רוסטי הנמל 5יח`,,,שקיות רוסטי ענק 5 יח,יחידה,0.00,יחידה,false,,3.90,0.0000,true,1,7819
7290003438006,false,ממרח אולביה פסטו וצנובר איטלקי 190ג',מיוצר עי קונדיטוריית,IL,אוליביה ממרח פסטו אי,גרמים,180.00,100 גרם,false,,12.90,7.1667,true,1,51940
7290003438020,false,ממרח עגבניות מיובשות אוליביה 190 גר,מיוצר עי קונדיטוריית,IL,אוליביה ממרח עגבניות,גרמים,190.00,100 גרם,false,,12.90,6.7895,true,1,51942
7290003461677,false,"חומוס אסלי שמיר 1 ק""ג",,IL,"חומוס אסלי 1 ק""ג",קילוגרמים,1.00,"ק""ג",false,,11.90,11.9000,true,1,17681
7290003461868,false,"חציל במיונז אסלי שמיר 1 ק""ג",,IL,"חציל במיונז 1ק""ג",קילוגרמים,1.00,"ק""ג",false,,10.90,10.9000,true,1,17682
7290003514007,false,מנה שקדי מרק מנה 400 גרם,מנה,IL,שקדי מרק מנה 400 גרם,גרמים,400.00,100 גרם,false,,9.90,2.4750,true,1,21440
7290003514366,false,שקדי מרק זהב מנה 400,,,שקדי מרק זהב מנה 400,גרמים,400.00,100 גרם,false,,8.90,2.2250,true,1,63500
7290003521395,false,קמיל בלו אל סבון סנסיטיב,,,קמיל בלו אל סבון ורו,ליטרים,2.00,ליטר,false,,39.90,19.9500,true,1,29069
7290003578078,false,לפתן קוקטיל פירות טרופיים בסירופ 850 גרם,יוליניבר,CN,לפתן קוקטיל טרופי פי,גרמים,850.00,100 גרם,false,,9.90,1.1647,true,1,2857
7290003578108,false,חתיכות אננס בסירופ קל וילי פוד 850 גרם,טקרנג פינאפל אינדסטר,TH,אננס חתוך ויליפוד 85,גרמים,490.00,100 גרם,false,,8.90,1.8163,true,1,2859
7290003578313,false,דובדבנים חמוצים ללא חרצנים 680ג',דל מונטה היילס אס.אי,HU,דובדבנים חמוצים ללא,גרמים,350.00,100 גרם,false,,9.90,2.8286,true,1,2865
7290003643004,false,"אורז בסמטי קלאסי 1 ק""ג סוגת",האי נאם סי או אל.טי.,IL,"סוגת אורז בסמטי 1 ק""",קילוגרמים,1.00,"ק""ג",false,,13.90,13.9000,true,1,17311
7290003643134,false,סוגת סוכר וניל 10 יח,גוד פוד פרודקטס S.p,IL,סוגת סוכר וניל 10 יח,גרמים,100.00,100 גרם,false,,2.50,2.5000,true,1,17313
7290003643325,false,קוסקוס בינוני 350 גרם סוגת,סוגת,IL,קוסקוס בינוני סוגת 3,גרמים,350.00,100 גרם,false,,4.90,1.4000,true,1,17319
7290003643387,false,"סוכר לבן בצנצנת 1 ק""ג סוגת",האי נאם סי או אל.טי.,IL,סוכר לבן בצנצנת סוגת,קילוגרמים,1.00,"ק""ג",false,,9.90,9.9000,true,1,17322
7290003643646,false,"סוכר דמררה קלאסי בצנצנת סוגת 1 ק""ג",האי נאם סי או אל.טי.,IL,סוכר דמררה בצנצנת חו,קילוגרמים,1.00,"ק""ג",false,,12.90,12.9000,true,1,17323
7290003643684,false,אפונה יבשה סוגת 500 גר',האי נאם סי או אל.טי.,IL,אפונה יבשה 500 גרם,גרמים,500.00,100 גרם,false,,5.90,1.1800,true,1,17324
7290003643714,false,חומוס סוגת 500 גרם,האי נאם סי או אל.טי.,IL,חומוס 500 גרם,גרמים,500.00,100 גרם,false,,7.90,1.5800,true,1,17326
7290003643738,false,חיטה סוגת 500 גרם,האי נאם סי או אל.טי.,IL,סוגת חיטה 500 גר,גרמים,500.00,100 גרם,false,,5.90,1.1800,true,1,17327
7290003643745,false,כוסמת סוגת 500 גרם,האי נאם סי או אל.טי.,IL,כוסמת 500 גרם,גרמים,500.00,100 גרם,false,,7.90,1.5800,true,1,17328
7290003643752,false,עדשים ירוקים יבש סוגת 500 גר',האי נאם סי או אל.טי.,IL,עדשים ירוקות 500 גרם,גרמים,500.00,100 גרם,false,,7.90,1.5800,true,1,17329
7290003643769,false,עדשים אדומים יבש סוגת 500 גר',"סוגת תעשיות בע""מ",IL,עדשים אדומות 500 גרם,גרמים,500.00,100 גרם,false,,7.90,1.5800,true,1,17330
7290003643776,false,"פופקורן גרעינים סוגת 500 ג' כשל""פ",האי נאם סי או אל.טי.,IL,סוגת פופקורן 500 גרם,גרמים,500.00,100 גרם,false,,5.90,1.1800,true,1,17331
7290003643783,false,קוקוס סוגת 100 גרם,האי נאם סי או אל.טי.,IL,קוקוס 100 גר,גרמים,100.00,100 גרם,false,,3.90,3.9000,true,1,17332
7290003643806,false,שעועית לבנה יבשה סוגת 500 ג',האי נאם סי או אל.טי.,IL,שעועית לבנה 500 גרם,גרמים,500.00,100 גרם,false,,10.90,2.1800,true,1,17333
7290003643813,false,שעועית אדומה יבשה סוגת 500 גר',האי נאם סי או אל.טי.,IL,שעועית אדומה 500 גרם,גרמים,500.00,100 גרם,false,,10.90,2.1800,true,1,17334
7290003681211,false,צנובר מיה 80 גרם,מיה,IL,צנובר מיה 80 גרם,גרמים,80.00,100 גרם,false,,26.70,33.3750,true,1,14945
7290003681242,false,תבלין זעתר 50 גר' מיה,,,מיה זעתר 50ג,גרמים,50.00,100 גרם,false,,5.90,11.8000,true,1,14948
7290003681334,false,"קוקוס 400 ג' בד""ץ מיה",מיה,IL,קוקוס 400 גר. בדצ,גרמים,400.00,100 גרם,false,,11.90,2.9750,true,1,14952
7290003681365,false,סוכריות קישוט לעוגה צבעוני 70 גר' מיה,מיה,IL,70 סוכריות קישוט לעו,גרמים,70.00,100 גרם,false,,4.90,7.0000,true,1,14954
7290003681532,false,דובדבנים מסוכרים 80 גר' מיה,מיה,IL,דובדבן מסוכר 80 גרם,גרמים,80.00,100 גרם,false,,6.90,8.6250,true,1,14959
7290003681921,false,"סוכריות טופי פירות מיה 200 ג' בד""ץ'",,,טופי מתוק מיה 200 גר,גרמים,200.00,100 גרם,false,,5.80,2.9000,true,1,14980
7290003804320,false,תיבולית שום ופטרוזיליה 72 ג' קנור,יוניליוור ישראל מזון,IL,תיבוליות שום ופטרוזי,גרמים,72.00,100 גרם,false,,9.90,13.7500,true,1,10327
7290003804368,false,"תיבולית בזיליקום בד""ץ 72 ג' קנור",יוניליוור ישראל מזון,IL,תיבולית בזיליקום קנו,גרמים,72.00,100 גרם,false,,9.90,13.7500,true,1,10330
7290003804382,false,"תיבולית פטריות בד""ץ 72 ג' קנור",יוניליוור ישראל מזון,IL,תיבולית פטריות קנור,גרמים,72.00,100 גרם,false,,9.90,13.7500,true,1,10332
7290003864492,false,סרדינים בשמן צמחי חריף פתח קל ויליפוד 110ג',גולדן פרייז קאנינג א,TH,סרדין בשמן צמחי חריף,גרמים,120.00,100 גרם,false,,5.30,4.4167,true,1,2876
7290003882922,false,עלי גפן ממולאים באורז ויליפוד 400ג',הזה פלאקספו פוד קו ב,CN,עלי גפן ממולאים באור,גרמים,360.00,100 גרם,false,,8.90,2.4722,true,1,2879
7290003976607,false,ג'ל אקונומיקה סמיכה לבנדר טאצ' 4 ליטר,,,ג'ל אקונומיקה סמיכה,ליטרים,4.00,ליטר,false,,12.90,3.2250,true,1,90913
7290003976614,false,ג'ל אקונומיקה סמיכה פרחים טאצ' 4 ליטר,,,ג'ל אקונומיקה סמיכה,ליטרים,4.00,ליטר,false,,12.90,3.2250,true,1,90914
7290003976713,false,נוזל רצפות פנטזי אנטיבקטריאלי טאצ' 2 ליטר,,,נוזל רצפות 99.9% אנט,ליטרים,2.00,ליטר,false,,24.90,12.4500,true,1,65186
7290003989096,false,חציל פיקנטי אחלה 500 גרם,מיוצר עי קונדיטוריית,IL,אחלה חציל פיקנטי 500,גרמים,500.00,100 גרם,false,,15.50,3.1000,true,1,23280
7290003989539,false,לורנצו רביולי במילוי גבינה,מיוצר עי קונדיטוריית,IL,EAT GOOD רביולי גבינ,גרמים,400.00,100 גרם,false,,19.90,4.9750,true,1,23281
7290004006440,false,בקבוק חתול עם ידיות,,,בקבוק חתול עם ידיות,יחידה,0.00,יחידה,false,,17.90,0.0000,true,1,877
7290004011284,false,"ריץ' בסיס להכנת קצפת 212 מ""ל",ריצ' פרודקטס קורפריי,US,ריצ בסיס להכנת קצפת,מיליליטרים,212.00,"100 מ""ל",false,,6.90,3.2547,true,1,17016
7290004011338,false,"קצפת מתוקה מכונה 250 מ""ל ריץ'",האי נאם סי או אל.טי.,IT,ריצ קצפת במיכל 250מל,מיליליטרים,250.00,"100 מ""ל",false,,9.90,3.9600,true,1,17018
7290004011345,false,"קצפת ריצ` פרווה במיכל 250 מ""ל",האי נאם סי או אל.טי.,IT,קצפת ריץ במיכל פרווה,מיליליטרים,238.00,"100 מ""ל",false,,9.90,4.1597,true,1,17019
7290004022309,false,M&M עדשי חמאת בוטנים,,,M&M עדשי חמאת בוטנים,גרמים,80.00,100 גרם,false,,6.90,8.6250,true,1,20572
7290004023041,false,לחם שיפון מחמצת 750 גרם,,,לחם שיפון מחמצת 750,גרמים,750.00,100 גרם,false,,13.90,1.8533,true,1,184464
7290004043108,false,M&M עדשי שוקולד 89 ג,,,M&M עדשי שוקולד 89 ג,גרמים,89.00,100 גרם,false,,6.90,7.7528,true,1,20573
7290004048679,false,"קובה למרק שלושת האופים 1 ק""ג",,,קובה למרק 1 קג שלושת,קילוגרמים,1.00,"ק""ג",false,,16.90,16.9000,true,1,17029
7290004063016,false,מלח שולחן מעולה דק 1,האי נאם סי או אל.טי.,IL,"מלח שולחן סלית 1 ק""ג",קילוגרמים,1.00,"ק""ג",false,,1.70,1.7000,true,1,15449
7290004063115,false,"מלח מטבח עבה להמלחת בשר ובישול 1 ק""ג 1ק""ג",האי נאם סי או אל.טי.,IL,מלח מטבח גס לבישול כ,קילוגרמים,1.00,"ק""ג",false,,1.70,1.7000,true,1,15450
7290004064358,false,"מלח דק זורם בקלות מלח הארץ קרטון 1 ק""ג",,IL,מלח דק זורם בקלות בק,קילוגרמים,1.00,"ק""ג",false,,4.90,4.9000,true,1,15456
7290004078263,false,מקלות אוזניים פלסטיק 2* 200 יחידות,,,צמרונים בקופסא זוג ב,יחידה,0.00,יחידה,false,,10.90,0.0000,true,1,21460
7290004078270,false,נוזל כלים פלמוליב צילינדר לימון 1 ליטר,יבואן ומשווק: ש. שסט,GR,פלמוליב לכלים לימון-,יחידה,0.00,יחידה,false,,13.90,0.0000,true,1,21461
7290004091217,false,"גודרס להברקת כלי כסף 125מ""ל",המאפיה של הרמן,PT,גודרס לכלי נחושת וכס,מיליליטרים,125.00,"100 מ""ל",false,,14.90,11.9200,true,1,5782
7290004119225,false,יוגורט אננס 3% שומן 150 ג' יופלה,תנובה בעמ,IL,יופלה אננס 3% 150מל,גרמים,150.00,100 גרם,false,,5.20,3.4667,true,1,25849
7290004119973,false,קרלו מעדן שוקו רביעיה גביע 125 1.5%,מחלבת אלון תבור,IL,קרלו שוקולדה 3% 125מ,מיליליטרים,125.00,"100 מ""ל",false,,2.90,2.3200,true,1,25852
7290004120061,false,קרלו שוניל 3% 125 גרם,תנובה מרכז שיתופי לש,IL,קרלו שוניל 3% 125מל,מיליליטרים,125.00,"100 מ""ל",false,,2.90,2.3200,true,1,25853
7290004120252,false,באדי תות מעדן 125 גרם בדצ העדה החרדית 3%,,IL,"באדי תות בדץ 125 מ""ל",מיליליטרים,125.00,"100 מ""ל",false,,2.90,2.3200,true,1,25856
7290004120283,false,שוקו תנובה בדצ שקית 225 מל 2%,,IL,"שוקו תנובה בד""ץ שקית",מיליליטרים,225.00,"100 מ""ל",false,,2.90,1.2889,true,1,25858
7290004120566,false,גבינה בולגרית פיראוס 24% 250 גרם,תנובה,IL,פיראוס בולגרית 24% 2,גרמים,250.00,100 גרם,false,,21.90,8.7600,true,1,25861
7290004120573,false,גבינה בולגרית פיראוס 16% 250 גרם,תנובה,IL,פיראוס בולגרית בקר 1,גרמים,250.00,100 גרם,false,,21.90,8.7600,true,1,25862
7290004120634,false,גבינה פיראוס בולגרית 5% 250 גרם,פ.פ.ח. שאביט,IL,פיראוס בולגרית 5% 25,גרמים,250.00,100 גרם,false,,21.90,8.7600,true,1,25863
7290004120832,false,חלב תנובה טרי 3% מהדרין כד 2 ל',תנובה,IL,"חלב תנובה טרי 3% בד""",ליטרים,2.00,ליטר,false,,12.46,6.2300,true,1,25865
7290004121488,false,יופלה דיאט אפרסק 0% גביע 150 ג',תנובה בעמ,IL,יופלה דיאט אפרסק 0%,מיליליטרים,150.00,"100 מ""ל",false,,5.10,3.4000,true,1,25866
7290004121525,false,יופלה מאגדת פרי 4 תות 4 אפרסק 3% 8 יח'*150 ג',תנובה בעמ,IL,יופלה אפרסק תות 3% 8,קילוגרמים,1.20,"ק""ג",false,,31.90,26.5833,true,1,25867
7290004121853,false,גבינה בולגרית פיראוס 5% קוביות 200 גרם,תנובה,IL,פיראוס בולגרית בקובי,גרמים,200.00,100 גרם,false,,19.90,9.9500,true,1,25870
7290004122195,false,"גבינת גוש חלב פרוס 28%, כשרות מהדרין, 200 ג'",תנובה,IL,גוש חלב פרוס 28% 200,גרמים,200.00,100 גרם,false,,14.90,7.4500,true,1,25873
7290004122676,false,גבינת חמד לייט 5% פיראוס 250 ג',"תנובה,מחלבת טנא נוגה",IL,פיראוס חמד לייט 5% 2,גרמים,250.00,100 גרם,false,,18.90,7.5600,true,1,25877
7290004124847,false,"קצפת צמחית השף הלבן 500 מ""ל תנובה",סוי מג'יק,IL,שף לבן קצפת צמחית 24,מיליליטרים,500.00,"100 מ""ל",false,,15.90,3.1800,true,1,25888
7290004125370,false,"שמנת חמוצה מופחתת שומן 9% 200 מ""ל",תנובה מרכז שיתופי לש,IL,תנובה שמנת מופחתת 9%,מיליליטרים,200.00,"100 מ""ל",false,,3.90,1.9500,true,1,25890
7290004125400,false,"שלי אשל 4.5% תנובה 200מ""ל מהדרין",פארייפאבה אגרואינדוס,IL,"אשל 4.5% בד""צ מהדרין",מיליליטרים,200.00,"100 מ""ל",false,,1.69,0.8450,true,1,25891
7290004125417,false,"שלי גיל 3% תנובה 200מ""ל מהדרין",תנובה מרכז שיתופי לש,IL,"גיל 3% בד""צ מהדרין",מיליליטרים,200.00,"100 מ""ל",false,,1.51,0.7550,true,1,25892
7290004125455,false,"שמנת אורגינל15% תנובה 200 מ""ל",תנובה מרכז שיתופי לש,IL,תנובה שמנת אורגינל מ,מיליליטרים,200.00,"100 מ""ל",false,,2.40,1.2000,true,1,25893
7290004125462,false,"שמנת אורגינל 15% מהדרין 500 מ""ל",תנובה,IL,תנובה שמנת חמוצה 15%,מיליליטרים,500.00,"100 מ""ל",false,,6.00,1.2000,true,1,25894
7290004125509,false,"שמנת 15% חצי מנה 100 מ""ל תנובה",תנובה,IL,תנובה שמנת חצי מנה 1,מיליליטרים,100.00,"100 מ""ל",false,,1.70,1.7000,true,1,25895
7290004125585,false,משקה סויה וניל על הבוקר 1 ל',תנובה מרכז שיתופי לש,IL,סויה תנובה משקה סויה,ליטרים,1.00,ליטר,false,,10.90,10.9000,true,1,25897
7290004125738,false,שמנת מתוקה להקצפה32% 250מל עמיד השף הלבן,תנובה מרכז שיתופי לש,IL,שף לבן שמנת להקצפה 3,מיליליטרים,250.00,"100 מ""ל",false,,6.80,2.7200,true,1,25900
7290004126759,false,יופלה דיאט פירות יער %0 גביע 150 ג',תנובה בעמ,IL,יופלה דיאט פירות יער,מיליליטרים,150.00,"100 מ""ל",false,,5.10,3.4000,true,1,25905
7290004126872,false,"שוקו תנובה בבקבוק 250 מ""ל תנובה",תנובה,IL,משקאות חלב תנובה שוק,מיליליטרים,250.00,"100 מ""ל",false,,5.90,2.3600,true,1,25906
7290004127077,false,קוטג' 3% שומן 250 ג' תנובה,מיוצר עי קונדיטוריית,IL,קוטג תנובה 3% 250 ג,גרמים,250.00,100 גרם,false,,5.50,2.2000,true,1,25907
7290004127329,false,קוטג' 5% תנובה 250ג' מהדרין,מיוצר עי קונדיטוריית,IL,קוטג' 5% תנובה מהדרי,גרמים,250.00,100 גרם,false,,5.50,2.2000,true,1,25908
7290004127336,false,קוטג' 9% תנובה 250 ג' הדרין,מיוצר עי קונדיטוריית,IL,קוטג' תנובה מהדרין 9,גרמים,250.00,100 גרם,false,,5.50,2.2000,true,1,25909
7290004127800,false,גבינה לבנה 5% שומן 500 ג' תנובה,מיוצר עי קונדיטוריית,IL,תנובה גבינה לבנה 5%,גרמים,500.00,100 גרם,false,,9.96,1.9920,true,1,25911
7290004127817,false,גבינה לבנה 9% שומן 500 ג' תנובה,מיוצר עי קונדיטוריית,IL,תנובה גבינה לבנה 9%,גרמים,500.00,100 גרם,false,,8.90,1.7800,true,1,25912
7290004127862,false,גבינה לבנה 5% שומן 750 ג' תנובה,מחלבת אלון תבור,IL,תנובה גבינה למריחה מ,גרמים,750.00,100 גרם,false,,14.90,1.9867,true,1,25913
7290004127916,false,גבינה לבנה 0.5% שומן 500 ג' תנובה,מחלבת אלון תבור,IL,תנובה גבינת %1/2 500,גרמים,500.00,100 גרם,false,,8.90,1.7800,true,1,25914
7290004128333,false,לאבנה על בסיס יוגורט %9 שומן 500 ג' פיראוס,תנובה,IL,פיראוס לאבנה גביע %9,גרמים,500.00,100 גרם,false,,19.90,3.9800,true,1,25916
7290004129101,false,גבינת שמנת 25% בטעם טבעי 225 ג' נפוליאון,מחלבת אלון תבור,IL,נפוליאון בטעם טבעי 2,גרמים,225.00,100 גרם,false,,14.50,6.4444,true,1,25920
7290004129156,false,גבינת שמנת25% עם שום שמיר 225 ג' נפוליאון,מחלבת אלון תבור,IL,נפוליאון שום שמיר 25,גרמים,225.00,100 גרם,false,,14.50,6.4444,true,1,25922
7290004130794,false,משקה סויה טבעי במתיקות מופחתת 1 ליטר,סוי מג'יק,IL,סויה תנובה טבעי במתי,ליטרים,1.00,ליטר,false,,10.50,10.5000,true,1,25929
7290004131074,false,חלב תנובה 3% 1 ליטר קרטון מהדרין,תנובה מרכז שיתופי לש,IL,חלב תנובה הומוגני מה,ליטרים,1.00,ליטר,false,,6.23,6.2300,true,1,25932
7290004131814,false,גבינה צפתית 5% מעודנת 200 ג' פיראוס,פארייפאבה אגרואינדוס,IL,פיראוס צפתית מעודנת,גרמים,200.00,100 גרם,false,,14.90,7.4500,true,1,25940
7290004132552,false,משקה סויה לייט בטעם טבעי טרי 1 ליטר,תנובה מרכז שיתופי לש,IL,סויה תנובה לייט בטעם,ליטרים,1.00,ליטר,false,,10.50,10.5000,true,1,25947
7290004134945,false,יוגורט מוקה 3% שומן 150 ג' יופלה,תנובה בעמ,IL,יופלה מוקה 3% 150מל,גרמים,150.00,100 גרם,false,,5.20,3.4667,true,1,25959
7290004135058,false,מאגדת קרלו מיני שוקולד 8 יח' * 100 ג',מחלבת אלון תבור,IL,קרלו מהדרין מיני שוק,מיליליטרים,800.00,"100 מ""ל",false,,13.90,1.7375,true,1,25961
7290004135072,false,"מאגדת קרלו מיני 8*100 גרם שוקולד בד""צ",,,קרלו מיני שוקולד בדץ,מיליליטרים,800.00,"100 מ""ל",false,,13.90,1.7375,true,1,25962
7290004135119,false,"מאגדת שמינייה קרלו מיני וניל בד""צ",,IL,קרלו מיני וניל בדץ 8,מיליליטרים,800.00,"100 מ""ל",false,,13.90,1.7375,true,1,25963
7290004135225,false,מעדן תנובה דיאט שוקולדה 0% 150 גרם,תנובה מרכז שיתופי לש,IL,מעדן תנובה דיאט שוקו,מיליליטרים,150.00,"100 מ""ל",false,,3.90,2.6000,true,1,25964
7290004136598,false,מארז הפסקת אוכל עם קורנפלקס ומשקה חלב עמיד בטעם וניל,פארייפאבה אגרואינדוס,IL,מארז הפסקת אוכל חלב,גרמים,150.00,100 גרם,false,,9.90,6.6000,true,1,25973
7290004136857,false,גלי בטעם פטל 125 גרם,תנובה מרכז שיתופי לש,IL,ג'לי תנובה פטל 125מל,מיליליטרים,125.00,"100 מ""ל",false,,2.50,2.0000,true,1,25974
7290004136864,false,ג'לי תנובה אננס עם חתיכות אננס 125 ג',סוי מג'יק,IL,ג'לי תנובה אננס עם ח,מיליליטרים,125.00,"100 מ""ל",false,,2.90,2.3200,true,1,25975
7290004136871,false,ג'לי תנובה אפרסק עם חתיכות אפרסק 125 ג',סוי מג'יק,IL,ג'לי תנובה אפרסק עם,מיליליטרים,125.00,"100 מ""ל",false,,2.90,2.3200,true,1,25976
7290004137021,false,"שמנת לבישול 10% עמיד השף הלבן 250 מ""ל",תנובה מרכז שיתופי לש,IL,שף לבן שמנת לבישול 1,מיליליטרים,250.00,"100 מ""ל",false,,8.40,3.3600,true,1,25978
7290004150136,false,חציל על האש פיקנטי פרימיום 300 גרם,,IL,חציל על האש 300 גרם,גרמים,300.00,100 גרם,false,,14.90,4.9667,true,1,296438
7290004150143,false,חציל במיונז פיקנטי פרימיום 300 גרם,,IL,חציל במיונז 300 גרם,גרמים,300.00,100 גרם,false,,14.90,4.9667,true,1,296439
7290004150174,false,קולוסלאו פיקנטי פרימיום 300 גרם,,IL,סלט קולסלאו 300 גרם,גרמים,300.00,100 גרם,false,,14.90,4.9667,true,1,296442
7290004150181,false,חמוצים סיני פיקנטי פרימיום 300 גרם,,IL,סלט חמוצים סיני 300,גרמים,300.00,100 גרם,false,,14.90,4.9667,true,1,296443
7290004199074,false,סאני פלסטר אינטרסן 5,,,סאני פלסטר אינטרסן 5,100 יח',50.00,100 יח',false,,6.90,13.8000,true,1,879
7290004200244,false,פרסים רמה 3,,,פרסים רמה 3,יחידה,0.00,יחידה,false,,9.50,0.0000,true,1,32209
7290004219826,false,מלבין קפה הולנדי קומפלטה 400ג',פריזלנד פודס קיוויט,NL,קומפלטה מלבין קפה הו,גרמים,400.00,100 גרם,false,,20.00,5.0000,true,1,2884
7290004230944,false,בורקס מקלות פילו גבינה 600 ג'` קפוא,,,מקלות בורקס פילו גבי,גרמים,600.00,100 גרם,false,,19.90,3.3167,true,1,17057
7290004537241,false,אפונת גינה קפואה 800,,,אפונת גינה קפואה 800,גרמים,800.00,100 גרם,false,,13.90,1.7375,true,1,51494
7290004537258,false,אפונה וגזר 800 גר שד,,,אפונה וגזר 800 גר שד,גרמים,800.00,100 גרם,false,,13.90,1.7375,true,1,51495
7290004537265,false,אפונה עדינה קפואה 60,,,אפונה עדינה קפואה 60,גרמים,600.00,100 גרם,false,,14.90,2.4833,true,1,51496
7290004537333,false,חומוס גרגירים 800 גר,,,חומוס גרגירים 800 גר,גרמים,800.00,100 גרם,false,,13.90,1.7375,true,1,51502
7290004575007,false,טילון וניל וופך ושברי אגוז ריאו מארז 70X5ג',,,מארז טילונים 5*70 גר,גרמים,350.00,100 גרם,false,,14.90,4.2571,true,1,20539
7290004575373,false,שלגון מצופים וניל בציפוי שוקולד ריאו מארז 80X8 ג',,,שלגונים מצופים 6 יחי,גרמים,640.00,100 גרם,false,,14.90,2.3281,true,1,20552
7290004575397,false,גלידה בטעמי מוקה וניל פיסטוק 1.8 ל' ריאו,,,גלידת חלבי/ילדודס 1.,ליטרים,1.80,ליטר,false,,14.90,8.2778,true,1,20553
7290004575540,false,קרחון בודד בטעמים ריאו 90 גרם,פריניר,,קרחונים ריאו בודדים,גרמים,82.00,100 גרם,false,,1.50,1.8293,true,1,20560
7290004575571,false,טילון וניל חלבי ריאו 60ג',,,טילון וניל.,גרמים,60.00,100 גרם,false,,3.90,6.5000,true,1,20563
7290004575588,false,טילון ריבת חלב ריאו 60ג 'חלבי,,,טילון ריבת חלב 70 גר,גרמים,70.00,100 גרם,false,,3.90,5.5714,true,1,20564
7290004584306,false,רבעיית גמדים בטעם תות בננה * 100 ג' שטראוס,מיוצר עי קונדיטוריית,IL,גמדים תות בננה 4*100,מיליליטרים,400.00,"100 מ""ל",false,,10.90,2.7250,true,1,23283
7290004584351,false,גבינה לבנה סימפוניה עם תוספות 200 ג' חמישית 200,"שטראוס בריאות בע""מ",IL,סימפוניה חמישית 200ג,גרמים,200.00,100 גרם,false,,11.50,5.7500,true,1,23284
7290004584528,false,יוגורט דנונה ביו טבעי 1.7% 200 גרם,מיוצר עי קונדיטוריית,IL,דנונה יוגורט טבעי 1.,מיליליטרים,200.00,"100 מ""ל",false,,3.70,1.8500,true,1,23285
7290004603175,false,מלח ים גס 500 ג' מלח הארץ,מולינו ניקולי s.p.a,IL,מלח ים האדום גס הארץ,גרמים,500.00,100 גרם,false,,7.90,1.5800,true,1,24638
7290004731083,false,כיף - סבון ידיים ג'ינסנג 1 ליטר,טרופיקל דגיל תעשיות,IL,אלסבון ג'נסנג כיף 1,ליטרים,1.00,ליטר,false,,12.90,12.9000,true,1,29858
7290004731472,false,"אל סבון צבעוני כיף שלישיה* 500 מ""ל",טרופיקל דגיל תעשיות,IL,שלישיית אלסבון צבעונ,ליטרים,1.50,ליטר,false,,19.90,13.2667,true,1,29865
7290004731519,false,"מרכך ומבשם מקסימה למייבש אולטרה פרש 750 מ""ל סנו",,,סנו מקסימה למייבש סנ,מיליליטרים,750.00,"100 מ""ל",false,,18.90,2.5200,true,1,29866
7290004731564,false,"סנו - מקסימה מרסס למייבש כביסה פריחה כחולה 750 מ""ל",סנו,IL,סנו מקסימה מבשם ומרכ,מיליליטרים,750.00,"100 מ""ל",false,,18.90,2.5200,true,1,29868
7290004731670,false,"סנו דואופרש פצ'ולי לבנדר 300 מ""ל","סנו מפעלי ברונוס בע""",IL,דואופרש פצ'ולי לבנדר,מיליליטרים,300.00,"100 מ""ל",false,,11.90,3.9667,true,1,29870
7290004762056,false,שקדי מרק חטיפים מן ה,,,שקדי מרק חטיפים מן ה,גרמים,400.00,100 גרם,false,,9.90,2.4750,true,1,307243
7290004944049,false,טחינה אסלי שמיר 400 ג',סלטי שמיר,,טחינה אסלי 400 גרם,גרמים,400.00,100 גרם,false,,10.90,2.7250,true,1,17692
7290005008184,false,"פלמוליב - תחליב רחצה נטורלס שקדים 500 מ""ל",הנסיך- מפעל לייצור ט,TR,סבון נוזלי חלב שקדים,מיליליטרים,500.00,"100 מ""ל",false,,15.90,3.1800,true,1,21467
7290005008191,false,"פלמוליב סבון נוזלי בניחוח ארומה סגול, 500 מ""ל",הנסיך- מפעל לייצור ט,TR,סבון נוזלי ארומה סגו,מיליליטרים,500.00,"100 מ""ל",false,,15.90,3.1800,true,1,21468
7290005020162,false,"וויסקי בלנטייניס 700 מ""ל",פרנו,IL,וויסקי בלנטיין 700 מ,מיליליטרים,700.00,"100 מ""ל",false,,84.90,12.1286,true,1,33763
7290005084355,false,"סנסודיין - משחת שיניים דואל קר זהב 75 מ""ל",DE MICLEN,IL,משחת שיניים דואל קר,מיליליטרים,75.00,"100 מ""ל",false,,21.90,29.2000,true,1,3809
7290005113222,false,זיתים קוקטייל וגמבה יבנה 350ג',קדבורי,IL,זיתים מיקס יבנה 540,גרמים,340.00,100 גרם,false,,9.90,2.9118,true,1,44723
7290005168253,false,קליל יין לקידוש 750,,,קליל יין לקידוש 750,מיליליטרים,750.00,"100 מ""ל",false,,15.00,2.0000,true,1,11950
7290005168284,false,"יין גן עדן 750 מ""ל",,,"גן עדן 750 מ""ל",מיליליטרים,750.00,"100 מ""ל",false,,19.90,2.6533,true,1,11951
7290005168314,false,יין אצילים אדום מתוק,,,יין אצילים אדום מתוק,מיליליטרים,750.00,"100 מ""ל",false,,15.00,2.0000,true,1,11953
7290005168420,false,מיץ בית סבא 1 ליטר,,,מיץ בית סבא 1 ליטר,ליטרים,1.00,ליטר,false,,17.50,17.5000,true,1,11955
7290005174513,false,חציל במיונז 500 ג' אחלה,מיוצר עי קונדיטוריית,IL,חציל במיונז אחלה 500,גרמים,500.00,100 גרם,false,,15.50,3.1000,true,1,23287
7290005174551,false,סלט חומוס עם צנוברים 125 ג' אחלה,מיוצר עי קונדיטוריית,IL,אחלה חומוס 125ג,גרמים,125.00,100 גרם,false,,4.90,3.9200,true,1,23288
7290005174575,false,טחינה אחלה יום יום משובחת 125ג',מיוצר עי קונדיטוריית,IL,אחלה טחינה 125גר,גרמים,125.00,100 גרם,false,,4.90,3.9200,true,1,23290
7290005197758,false,עוגיות חיוכים שוקו שוקו 150ג',אפיפית נצרת (1971) ב,IL,חיוכים של שוקו,גרמים,150.00,100 גרם,false,,4.90,3.2667,true,1,22226
7290005199288,false,גומי מאסט בטעם פטל לימון 28 ג' עלית,"שטראוס גרופ בע""מ",IL,מאסט פטל לימון 28 גר,גרמים,28.00,100 גרם,false,,4.10,14.6429,true,1,22229
7290005200786,false,תפוצ'יפס שמנת ובצל 50 גרם,"שטראוס פריטו ליי בע""",IL,תפוציפס שמנת ובצל 50,גרמים,50.00,100 גרם,false,,3.90,7.8000,true,1,24147
7290005201882,false,קפה טורקי עלית 200 גרם,הנסיך- מפעל לייצור ט,IL,טורקי עלית 200 גר',גרמים,200.00,100 גרם,false,,15.90,7.9500,true,1,22237
7290005287206,false,טונה סטארקיסט בשמן רביעיות 4*160 גר,"סטארקיסט פודור בע""מ",,טונה בשמן סטארקיסט ר,גרמים,640.00,100 גרם,false,,24.90,3.8906,true,1,26639
7290005287213,false,"טונה סטארקיסט בשמן רביעייה בד""צ",,,טונה בשמן סטארקיסט ב,גרמים,640.00,100 גרם,false,,24.90,3.8906,true,1,26640
7290005287930,false,"טונה במים רביעייה סטארקיסט בד""צ",,,טונה במים סטארקיסט ב,גרמים,640.00,100 גרם,false,,24.90,3.8906,true,1,26661
7290005296260,false,"אסטוניש ספריי רסס ונגב לניקוי כללי 750 מ""ל",פרח,IL,אסטוניש רסס ונגב 750,מיליליטרים,750.00,"100 מ""ל",false,,13.90,1.8533,true,1,11292
7290005384851,false,מיץ לימון משומר וילי,יורופוד,IT,מיץ לימון משומר וילי,מיליליטרים,200.00,"100 מ""ל",false,,3.90,1.9500,true,1,2894
7290005403989,false,במיה קפואה 600 גרם ש,,,במיה קפואה 600 גרם ש,גרמים,600.00,100 גרם,false,,11.90,1.9833,true,1,51508
7290005423253,false,"סנו - מקסימה מרסס למייבש כביסה אולטרה פרש 750 מ""ל","סנו מפעלי ברונוס בע""",IL,סנו מקסימה למייבש או,מיליליטרים,750.00,"100 מ""ל",false,,18.90,2.5200,true,1,29883
7290005423499,false,"סנו נירוסטה אירוסול 500 מ""ל",מיוצר עי קונדיטוריית,IL,סנו נירוסטה אירוסול,מיליליטרים,476.00,"100 מ""ל",false,,19.90,4.1807,true,1,29891
7290005423635,false,ריצפז נוזל לניקוי רצפות דוחה חרקים 2 ל',מיוצר עי קונדיטוריית,IL,נוזל לניקוי רצפות דו,ליטרים,2.00,ליטר,false,,21.90,10.9500,true,1,29895
7290005423734,false,סנו - מקסימה מרכך כביסה אולטרה פרש 4 ליטר,"סנו מפעלי ברונוס בע""",IL,מרכך כביסה סנו מקסימ,ליטרים,4.00,ליטר,false,,22.90,5.7250,true,1,29896
7290005423871,false,אורביטול שלישיה מנטול משחת שיניים,טרופיקל דגיל תעשיות,IL,משחת שיניים אורביטול,גרמים,435.00,100 גרם,false,,16.90,3.8851,true,1,29898
7290005423918,false,סנו - מקסימה מרכך כביסה היפואלרגני אלוורה 4 ליטר,"סנו מפעלי ברונוס בע""",IL,מרכך כביסה סנו מקסימ,ליטרים,4.00,ליטר,false,,23.90,5.9750,true,1,29900
7290005424403,false,"אל סבון כיף אצות ים קטיפתי 1ליטר,",טרופיקל דגיל תעשיות,IL,אל סבון אצות ים כיף,ליטרים,1.00,ליטר,false,,12.90,12.9000,true,1,29905
7290005424847,false,מפיות סנו סושי לבן לאירוח 150יח',מיוצר עי קונדיטוריית,TR,סנו סופט מפיות 30*30,יחידה,0.00,יחידה,false,,8.90,0.0000,true,1,29917
7290005425073,false,"סנו דואופרש יסמין עץ סאנדלווד 300 מ""ל","סנו מפעלי ברונוס בע""",IL,דואופרש יסמין עץ סאנ,מיליליטרים,300.00,"100 מ""ל",false,,11.90,3.9667,true,1,29922
7290005425196,false,"סנו לכביסה מקסימה סנסיטיב 2.5 ק""ג",מיוצר עי קונדיטוריית,IL,אבקת כביסה סנו מקסימ,קילוגרמים,2.50,"ק""ג",false,,26.90,10.7600,true,1,29925
7290005425202,false,אבקת כביסה ביו מקסימה לכתמים קשים,"סנו מפעלי ברונוס בע""",IL,אבקת כביסה סנו מקסימ,קילוגרמים,2.50,"ק""ג",false,,26.90,10.7600,true,1,29926
7290005425646,false,סנו קליר ספריי אקדח לניקוי והברקת חלונות 1ל',"סנו מפעלי ברונוס בע""",IL,סנוקליר נוזל רב תכלי,יחידה,0.00,יחידה,false,,11.90,0.0000,true,1,29933
7290005426193,false,ספוג הפלא אריזת סנו 6יח',טרופיקל דגיל תעשיות,IL,סנו סושי ספוג הפלא,יחידה,0.00,יחידה,false,,11.90,0.0000,true,1,29943
7290005426568,false,"קרמה - קרם לחות לשיער רגיל 400 מ""ל",טרופיקל דגיל תעשיות,IL,קרם לחות לשיער רגיל,מיליליטרים,400.00,"100 מ""ל",false,,19.90,4.9750,true,1,29950
7290005426971,false,סנובון כחול בריח תפוח 3 יח' * 55 ג',,,סנובון כחול שלישיה ב,גרמים,165.00,100 גרם,false,,17.90,10.8485,true,1,29960
7290005427725,false,מגבונים ליטופים מארז חמישיה,,,ליטופים מגבונים מבוש,יחידה,0.00,יחידה,false,,18.90,0.0000,true,1,29979
7290005427978,false,"קרמה תחליב רחצה לפנים 180 מ""ל",גוד פוד פרודקטס S.p,IL,תחליב רחצה לפנים קרמ,מיליליטרים,180.00,"100 מ""ל",false,,13.90,7.7222,true,1,29990
7290005428845,false,סנו סושי מפיות צבעוני 100 יח,"חי מוצרי נייר בע""מ",IL,סנו סופט מפיות 33*33,יחידה,0.00,יחידה,false,,7.90,0.0000,true,1,29992
7290005430602,false,סנו אוקסיגן מסיר כתמים קשים מרסס 750 מל,"סנו מפעלי ברונוס בע""",IL,סנו אוקסיג'ן מסיר כת,מיליליטרים,750.00,"100 מ""ל",false,,17.90,2.3867,true,1,30005
7290005431906,false,עדן קדאיף 82 גרם,תנובה,IL,עדן קדאיף 82 גרם,גרמים,82.00,100 גרם,false,,7.20,8.7805,true,1,25999
7290005431913,false,עוגת גינה פירורים 92 גרם,תנובה,IL,קינוחי עדן עוגת גבינ,גרמים,92.00,100 גרם,false,,7.20,7.8261,true,1,26000
7290005431920,false,עוגת גבינה פירורים לייט 78 ג',תנובה,IL,עדן עוגת גבינה פירור,גרמים,78.00,100 גרם,false,,7.20,9.2308,true,1,26001
7290005431937,false,עדן טירמיסו 82 גרם,תנובה,IL,עדן טירמיסו 82 גרם,גרמים,82.00,100 גרם,false,,7.20,8.7805,true,1,26002
7290005437540,false,פיטריות חתוך טעמן 290 גר',,IL,פיטריות חתוכות טעמן,גרמים,290.00,100 גרם,false,,4.50,1.5517,true,1,9585
7290005437809,false,חתיכות אננס חתבמיץ טבעי 825 גרם טעמן,,,אננס חתוך טעמן 825 ג,גרמים,825.00,100 גרם,false,,11.90,1.4424,true,1,9599
7290005559990,false,בצק פילאס תורכי מעדנות 600 גר,מיוצר עי קונדיטוריית,IL,בצק פילאס תורכי מעדנ,גרמים,600.00,100 גרם,false,,20.90,3.4833,true,1,35608
7290005576010,false,חסה גלאט עלים,,,חסה מהדרין,יח',1.00,יח',false,,7.90,7.9000,true,1,44761
7290005576027,false,פטרוזיליה גלאט עלים,,,פטרוזיליה גלאט עלים,יח',1.00,יח',false,,6.90,6.9000,true,1,44762
7290005576034,false,כוסברה גלאט עלים,,,כוסברה מהדרין,יח',1.00,יח',false,,6.90,6.9000,true,1,44763
7290005576041,false,שמיר גלאט עלים,,,שמיר מהדרין,יח',1.00,יח',false,,6.90,6.9000,true,1,44764
7290005576065,false,סלרי גלאט עלים,,,סלרי מהדרין,יח',1.00,יח',false,,7.90,7.9000,true,1,44766
7290005576072,false,סלק עלים גלאט עלים,,,מנגולד מהדרין,יח',1.00,יח',false,,7.90,7.9000,true,1,44767
7290005576089,false,בצל ירוק גלאט עלים,,,בצל ירוק מהדרין,יח',1.00,יח',false,,7.90,7.9000,true,1,44768
7290005576096,false,"כרוב לבן שלם בד""ץ",,,כרוב לבן גלאט,קילוגרמים,1.00,"ק""ג",true,,15.90,15.9000,true,1,44752
7290005576195,false,לבבות חסה רביבים 250 גר',,,לבבות חסה גלאט עלים,גרמים,200.00,100 גרם,false,,11.90,5.9500,true,1,44755
7290005576201,false,כרוב לבן קצוץ 400 ג' גאלט,,IL,כרוב לבן קצוץ 400 גר,גרמים,400.00,100 גרם,false,,12.90,3.2250,true,1,44774
7290005576218,false,כרוב אדום קצוץ 400 ג' גאלט,,IL,כרוב אדום 400 גרם,גרמים,400.00,100 גרם,false,,12.90,3.2250,true,1,44775
7290005576225,false,קולוסלאו גלאט עלים 400ג' בי&די,,IL,קולסלאו 400 גרם בדץ,גרמים,400.00,100 גרם,false,,12.90,3.2250,true,1,20473
7290005576232,false,חסה אייסברג גלאט 300 גר',,,חסה אייסברג קצוצה,גרמים,300.00,100 גרם,false,,13.90,4.6333,true,1,44776
7290005576249,false,לקט קלאסי ירקות מהדרין 350 גר',,,לקט קלאסי 350 גרם,גרמים,350.00,100 גרם,false,,13.90,3.9714,true,1,44777
7290005576348,false,גזרדק דק 250 גרם,,,גזרדק דק 250 גרם,גרמים,250.00,100 גרם,false,,7.90,3.1600,true,1,44783
7290005576614,false,סלק מבושל וואקום 500 גר',,,סלק בוואקום גלאט עלי,יח',1.00,יח',false,,7.90,7.9000,true,1,44786
7290005589096,false,"ממתק שערות סבתא דלי 100ג' כשל""פ",,,שערות סבתא,גרמים,0.00,100 גרם,false,,10.90,0.0000,true,1,13140
7290005591761,false,דבש טהור מפרחי בר בלחיץ 400 ג' יד מרדכי,מכוורת יד מרדכי שטרא,IL,דבש טהור מפרחי בר בל,גרמים,400.00,100 גרם,false,,22.90,5.7250,true,1,22238
7290005811227,false,"פנקייק 400 גרם ראשון לציון כשל""פ",,,פנקייק ראשון 400 גרם,גרמים,400.00,100 גרם,false,,10.90,2.7250,true,1,239656
7290005838002,false,מעדן גבינה ויוגורט בטעם וניל 88 ג' דניאלה,"שטראוס בריאות בע""מ",IL,דניאלה מעדן גבינה 15,מיליליטרים,150.00,"100 מ""ל",false,,4.10,2.7333,true,1,23292
7290005838613,false,גבינת וניל שטראוס 125 ג',"שטראוס בריאות בע""מ",IL,גבינה וניל 3% סקי 12,גרמים,125.00,100 גרם,false,,3.90,3.1200,true,1,23293
7290005839078,false,"דנונה יוגורט ביו 3% לבן מארז 150X8מ""ל",מיוצר עי קונדיטוריית,IL,דנונה ביו מארז חסכון,קילוגרמים,1.20,"ק""ג",false,,16.90,14.0833,true,1,23295
7290005839108,false,גבינה לבנה סימפוניה עם תוספות 200 ג'+זיתים 5%,"שטראוס בריאות בע""מ",IL,סימפוניה עם זיתים 5%,גרמים,200.00,100 גרם,false,,11.50,5.7500,true,1,23296
7290005839313,false,"מילקי טופ שוקולד מגולגל 170 מ""ל",מיוצר עי קונדיטוריית,IL,מילקי טופ מגולגלת 14,מיליליטרים,142.00,"100 מ""ל",false,,4.90,3.4507,true,1,23297
7290005896439,false,"בירה מכבי בקבוק חוזר 500 מ""ל","טמפו משקאות בע""מ",IL,מכבי בקבוק חוזר 500,מיליליטרים,500.00,"100 מ""ל",false,,5.90,1.1800,true,1,9384
7290005896453,false,"בירה מכבי 7.9% בקבוק חוזר 500מ""ל",טמפו משקאות בע''מ,IL,בירה מכבי 7.9 בקבוק,מיליליטרים,500.00,"100 מ""ל",false,,8.50,1.7000,true,1,9385
7290005896460,false,"בירה איגל חזקה 7.8% 500 מ""ל פחית",,,איגל בירה חזקה 7.8%,מיליליטרים,500.00,"100 מ""ל",false,,6.90,1.3800,true,1,9386
7290005896620,false,מים מוגז ' סאן בנדטו ' יחידה,אקווה מינרלה סאן בנד,IT,סאן בנדטו מים מינרלי,ליטרים,1.50,ליטר,false,,4.50,3.0000,true,1,9387
7290006065049,false,בלו פיש פילה באס יפני 5-7 (לברק),,,פילה באס יפני 7-9 20,קילוגרמים,1.00,"ק""ג",true,,41.90,41.9000,true,1,165222
7290006065179,false,סטייק טונה קפוא בואק,,,סטייק טונה קפוא בואק,קילוגרמים,1.00,"ק""ג",true,,39.90,39.9000,true,1,124496
7290006065391,false,פילה דג נסיכת הנילו,,,פילה דג נסיכת הנילו,קילוגרמים,1.00,"ק""ג",true,,43.90,43.9000,true,1,165179
7290006185501,false,"פנינה רוזנבלום -אל סבון נוזלי ורוד,1 ליטר",,,אל סבון נוזלי ורוד פ,יחידה,0.00,יחידה,false,,9.90,0.0000,true,1,18126
7290006229427,false,שישיית מים מינרלים סאן בנדטו 500 מל,טמפו,,"סאן בנדטו 6*500 מ""ל",ליטרים,3.00,ליטר,false,,13.90,4.6333,true,1,9401
7290006229588,false,בירה איגל לאגר פרימיום חזקה 6.3% 500 מל,"טמפו משקאות בע""מ",IL,איגל בירה פחית זהב 5,מיליליטרים,500.00,"100 מ""ל",false,,5.90,1.1800,true,1,9402
7290006241191,false,אגוזי מלך קליית גת 150 גר,הדקלאים אגודת שיתופי,US,אגוזי מלך 150 גרם קל,גרמים,150.00,100 גרם,false,,17.50,11.6667,true,1,12791
7290006251343,false,תה חליטה הגן הקסום פסיפלורה מנגו 25 שקיקים,HIQ FOOD PRODUCTS,IL,תה חליטה הגן הקסום פ,גרמים,62.50,100 גרם,false,,17.90,28.6400,true,1,24643
7290006251374,false,תה ירוק לימונית וגינגר 25 שקיקים ויסוצקי,ויסוצקי,IL,תה ירוק לימונית וג'י,גרמים,25.00,100 גרם,false,,23.90,95.6000,true,1,24644
7290006251589,false,תה ירוק עם עלי נענע 50 שקיקים ויסוצקי,בית ויסוצקי,IL,תה ירוק עם עלי נענע,גרמים,75.00,100 גרם,false,,46.90,62.5333,true,1,24645
7290006256775,false,גאטו נגרו מלבק 750 מ,,,גאטו נגרו מלבק 750 מ,מיליליטרים,750.00,"100 מ""ל",false,,39.90,5.3200,true,1,245921
7290006265548,false,נבטים סינים מרינה ארוז 360ג',"מרינה פטריות הגליל בע""מ",IL,נבטים סינים,יח',1.00,יח',false,,6.90,6.9000,true,1,41500
7290006271174,false,ג'חנון לאפיה בתנור מעדנות 700 ג',מיוצר עי קונדיטוריית,IL,גחנון לאפיה בתנור מע,גרמים,700.00,100 גרם,false,,17.90,2.5571,true,1,35609
7290006271181,false,ג'חנון אפוי מעדנות 750 ג',מיוצר עי קונדיטוריית,IL,מעדנות גחנון אפוי 75,גרמים,750.00,100 גרם,false,,21.90,2.9200,true,1,35610
7290006271648,false,"מיני בורקס תפו""א מוזל מעדנות","מעדנות בע""מ",IL,מיני בורקס תפו`א 800,גרמים,800.00,100 גרם,false,,21.90,2.7375,true,1,35614
7290006306302,false,רביולי במילוי גבינות פרמזן ריקוטה 400 ג' פסטה נונה,פסטה נונה,IL,פסטה נונה ריביולי פר,גרמים,400.00,100 גרם,false,,26.80,6.7000,true,1,14644
7290006322104,false,לחם ריחיים קל פרוס 500 ג',מאפיית דוידוביץ ובני,IL,לחם ריחיים מלא דוידו,גרמים,500.00,100 גרם,false,,13.90,2.7800,true,1,326294
7290006322111,false,לחמניות רחיים כהה קל,מאפיית דוידוביץ ובני,IL,6 לחמניות ריחיים מאפ,גרמים,450.00,100 גרם,false,,12.90,2.8667,true,1,327040
7290006322128,false,לחמניות קלות 6 יח בחבילה,מאפיית דוידוביץ ובני,IL,6 לחמניות קלות מאפיי,גרמים,450.00,100 גרם,false,,12.90,2.8667,true,1,327011
7290006322838,false,לחם 100% קמח מלא 750 גרם,מאפיית דוידוביץ ובני,IL,לחם 100% מלא דוידובי,גרמים,750.00,100 גרם,false,,14.90,1.9867,true,1,326446
7290006342645,false,עלי טורטייה גדולה 84,אלקטי קוראבייכיסיגיד,TR,טורטייה 840 גרם,גרמים,840.00,100 גרם,false,,14.90,1.7738,true,1,4627
7290006374653,false,דבש לייט מופחת קלוריות יד מרדכי 350 ג',,,דש לייט דבש מופחת קל,גרמים,350.00,100 גרם,false,,26.90,7.6857,true,1,22242
7290006459510,false,נרות חנוכה רגיל 44 יח,,CN,נרות חנוכה שקד,גרמים,157.00,100 גרם,false,,2.90,1.8471,true,1,330084
7290006459527,false,נרות חנוכה לוקס לא נוטפים 45 יח,,CN,נרות חנוכה לוקס שקד,גרמים,330.00,100 גרם,false,,5.90,1.7879,true,1,330085
7290006494924,false,טוסו וופל קלאסי במילוי קרם לימון 200 גרם,,,מרמולייט ופל בטעם לי,גרמים,180.00,100 גרם,false,,10.50,5.8333,true,1,5801
7290006511157,false,פטריות שלמות 400 ג' וילי פוד,אוקצ'מפס אס.איי אויי,PL,פטריות שלמות שמפיניו,גרמים,230.00,100 גרם,false,,6.90,3.0000,true,1,2898
7290006511751,false,פטריות שמפניון חתוך ויליפוד 290X3 ג' בד”צ,,,פטריות חתוכות ויליפו,גרמים,870.00,100 גרם,false,,11.90,1.3678,true,1,2901
7290006560216,false,`צלחות קטנות 7 לבן,,,`צלחות קטנות 7 לבן,יחידה,0.00,יחידה,false,,5.90,0.0000,true,1,7859
7290006567048,false,קוסקוס ישראלי מפתול אסם 350ג',"מיוצר ע""י קוד יצרן K",IL,קוסקוס ישראלי בשקית,גרמים,350.00,100 גרם,false,,8.90,2.5429,true,1,18695
7290006618078,false,"אסטוניש מרסס ניקוי יסודי 750 מ""ל",אסטוניש,,אסטוניש מרסס ניקוי צ,מיליליטרים,750.00,"100 מ""ל",false,,13.90,1.8533,true,1,11301
7290006652027,false,מארז במבה יום הולדת 15X20 גרם,מיוצר עי קונדיטוריית,IL,במבה יום הולדת מאח.1,גרמים,300.00,100 גרם,false,,23.90,7.9667,true,1,18700
7290006653765,false,פסטה פרפקטו פטוציני 500ג' אסם,פסטה זארה,IL,פטוציני פרפקטו 500 ג,גרמים,500.00,100 גרם,false,,6.90,1.3800,true,1,18702
7290006653819,false,פתיתי קוסקוס דק 350 גרם,"מיוצר ע""י קוד יצרן K",IL,קוסקוס דק בשקית אסם,גרמים,350.00,100 גרם,false,,8.90,2.5429,true,1,18703
7290006664037,false,גמדים דגנים ארוחת בוקר מארז 100X4ג',"שטראוס בריאות בע""מ",IL,גמדים ארוחת בוקר 4*1,מיליליטרים,400.00,"100 מ""ל",false,,10.90,2.7250,true,1,23300
7290006664051,false,"אקטימל לבן מארז 100X14 מ""ל",מיוצר עי קונדיטוריית,IL,אקטימל טבעי 14*100מל,ליטרים,1.40,ליטר,false,,29.90,21.3571,true,1,23301
7290006664310,false,גבינה לבנה 3% שומן 250 ג' שטראוס,מיוצר עי קונדיטוריית,IL,גבינה 3% סקי 250 גרם,גרמים,250.00,100 גרם,false,,4.80,1.9200,true,1,23304
7290006664402,false,גבינה 5% שומן 750 ג' שטראוס,מיוצר עי קונדיטוריית,IL,שטראוס גבינה 5% 750ג,גרמים,750.00,100 גרם,false,,12.90,1.7200,true,1,23305
7290006664532,false,יוגורט עם תות 3% שומן 150 ג' דנונה,מיוצר עי קונדיטוריית,IL,דנונה תות 3% 150מל,גרמים,150.00,100 גרם,false,,3.90,2.6000,true,1,23306
7290006664655,false,"אקטימל לבן טבעי מארז 100X8 מ""ל",מיוצר עי קונדיטוריית,IL,אקטימל טבעי 8*100מל,מיליליטרים,800.00,"100 מ""ל",false,,19.90,2.4875,true,1,23308
7290006664693,false,יוגורט עם אפרסק 3% שומן 150 ג' דנונה,מיוצר עי קונדיטוריית,IL,דנונה אפרסק 3% 150מל,גרמים,150.00,100 גרם,false,,3.90,2.6000,true,1,23309
7290006664990,false,דנונה ביו מארז חיסכון 1.5% 8 יח' *150 ג',מיוצר עי קונדיטוריית,IL,דנונה ביו מארז חיסכו,קילוגרמים,1.20,"ק""ג",false,,16.90,14.0833,true,1,23311
7290006737151,false,סוכריות עדשים 80 גרם,,,סוכריות עדשים 80 גרם,גרמים,80.00,100 גרם,false,,3.90,4.8750,true,1,13143
7290006737496,false,בועות סבון,,,בועות סבון,יחידה,0.00,יחידה,false,,1.50,0.0000,true,1,55987
7290006737618,false,טורטיה 6 יח' לנדא 390 גרם,,,טורטיות 6 יח 390 גרם,גרמים,390.00,100 גרם,false,,8.90,2.2821,true,1,333553
7290006737632,false,טורטיה 8 יח' 320 גר' מזונות,,,טורטיות 8 יח מזונות,גרמים,320.00,100 גרם,false,,8.90,2.7813,true,1,333554
7290006737755,false,טורטיה 8 יח' לנדא 320 גרם,,,טורטיות 8 יח 320 גרם,גרמים,320.00,100 גרם,false,,8.90,2.7813,true,1,333570
7290006737854,false,מרשמלו צבעוני 150 גר',,,מרשמלו 150 גרם.,גרמים,150.00,100 גרם,false,,4.90,3.2667,true,1,13150
7290006737878,false,מארז קרטוניה סביבון \נר 80ג',,,מארז קרטוניה סביבון.,יחידה,0.00,יחידה,false,,6.90,0.0000,true,1,13151
7290006737885,false,סביבונים לחנוכה מבחר 4 יח',,,מארז סביבונים 4 יח',יחידה,0.00,יחידה,false,,6.90,0.0000,true,1,13152
7290006739131,false,בצק גולמי פילו זוגלובק 500ג',,IL,זוגלובק בצק פילו 500,גרמים,500.00,100 גרם,false,,16.90,3.3800,true,1,38947
7290006739445,false,שניצל תירס קלאסי 750 ג' זוגלובק,זוגלובק,IL,שניצל תירס קלאסי 750,גרמים,750.00,100 גרם,false,,22.90,3.0533,true,1,38957
7290006741363,false,"בורקס תפו""א זוגלובק בד""צ 800ג'",מאפיית אריאל וגידרון,IL,"זוגלובק בורקס תפו""א",גרמים,800.00,100 גרם,false,,14.90,1.8625,true,1,38970
7290006753915,false,נקניקיות מיני מרגז פ,,IL,נקניקיות מיני מרגז פ,גרמים,500.00,100 גרם,false,,31.90,6.3800,true,1,266301
7290006753922,false,נקניקיות מיני צ'וריס,,,נקניקיות מיני צ'וריס,גרמים,500.00,100 גרם,false,,31.90,6.3800,true,1,266302
7290006764065,false,"בירה נשר מאלט בקבוק חוזר 500 מ""ל","טמפו משקאות בע""ם.",IL,נשר מאלט בקבוק פקדון,מיליליטרים,500.00,"100 מ""ל",false,,4.90,0.9800,true,1,9404
7290006764072,false,"בירה גולדסטאר בק חוזר 500 מ""ל","טמפו משקאות בע""מ",IL,גולדסטאר בירה בק חוז,מיליליטרים,500.00,"100 מ""ל",false,,7.90,1.5800,true,1,9405
7290006764096,false,"בירה איגל 500 מ""ל 3.8% בקבוק חוזר","טמפו משקאות בע""מ",IL,בירה איגל בקבוק 500,מיליליטרים,500.00,"100 מ""ל",false,,5.50,1.1000,true,1,9406
7290006764485,false,"בירה נשר מאלט שחורה מארז 330X6מ""ל",טמפו,,נשר מאלט 6*330מל,ליטרים,1.98,ליטר,false,,31.90,16.1111,true,1,9413
7290006764737,false,"בירה נשר מאלט דיאט 500 מ""ל חוזר","טמפו משקאות בע""ם.",IL,נשר מאלט דיאט בקבוק,מיליליטרים,500.00,"100 מ""ל",false,,4.90,0.9800,true,1,9417
7290006775016,false,עוגת תפוז אחווה 450 גר',אחדות ביחר לטחינה חל,IL,עוגת תפוז מבית טוב 4,גרמים,450.00,100 גרם,false,,10.90,2.4222,true,1,684
7290006775030,false,עוגת שוקולד צ'יפס 450 ג אחוה,אחדות בעמ,IL,עוגת שוקו-ציפס מבית,גרמים,450.00,100 גרם,false,,10.90,2.4222,true,1,686
7290006775047,false,עוגת שוקולד אחווה 450 ג',"אחדות ביח""ר לטחינה",IL,עוגת שוקולד מבית טוב,גרמים,450.00,100 גרם,false,,10.90,2.4222,true,1,687
7290006775054,false,עוגת שיש אחווה 450 ג' אחוה,אחווה,IL,עוגת שיש מבית טוב 45,גרמים,450.00,100 גרם,false,,10.90,2.4222,true,1,688
7290006775337,false,עוגת שמרים פרג 400 ג אחוה,אחדות בעמ,IL,עוגת שמרים פרג 400 ג,גרמים,400.00,100 גרם,false,,10.90,2.7250,true,1,694
7290006775344,false,עוגת שמרים קינמון אגוזים אחוה,אחדות בעמ,IL,עוגת שמרים במילוי קר,גרמים,400.00,100 גרם,false,,10.90,2.7250,true,1,695
7290006775764,false,"עוגת שוקוצ'יפס לל""ס אחדות 400 גר'",אחדות ביחר לטחינה חל,IL,עוגת שוקוצ'יפס ללא ת,גרמים,400.00,100 גרם,false,,11.90,2.9750,true,1,700
7290006788405,false,"קרליין - נושם אקטיב דאודורנט רול און לאישה ברודו 75 מ""ל",,,דאו רול און נושם אקט,מיליליטרים,75.00,"100 מ""ל",false,,12.90,17.2000,true,1,30035
7290006788429,false,"קרליין - נושם סאן רייס דאודורנט רול און לאישה כתום 75 מ""ל",אמיליה קוסמטיקס בעמ,IL,דאו' רולאון נושם סאנ,גרמים,75.00,100 גרם,false,,12.90,17.2000,true,1,30037
7290006788443,false,"קרליין - נושם אוקסיג'ן דאודורנט רול און לאישה סגול 75 מ""ל",מולינו ניקולי s.p.a,IL,דאו' רולאון נושם אוק,גרמים,75.00,100 גרם,false,,12.90,17.2000,true,1,30039
7290006788467,false,"קרליין - נושם אקטיב דאודורנט ספריי לאישה בורדו 200 מ""ל",מיוצר עי : אמיליה קו,IL,דאו' תרסיס נושם בורד,מיליליטרים,200.00,"100 מ""ל",false,,12.90,6.4500,true,1,30041
7290006788481,false,"קרליין - נושם סאן רייס דאודורנט ספריי לאישה כתום 200 מ""ל",מיוצר עי : אמיליה קו,IL,דאו' תרסיס נושם כתום,מיליליטרים,200.00,"100 מ""ל",false,,12.90,6.4500,true,1,30043
7290006788498,false,"קרליין - נושם פיור דאודורנט ספריי לאישה ורוד 200 מ""ל",מיוצר עי : אמיליה קו,IL,דאו' תרסיס נושם ורוד,מיליליטרים,200.00,"100 מ""ל",false,,12.90,6.4500,true,1,30044
7290006788504,false,"קרליין - נושם אוקסיג'ן דאודורנט ספריי לאישה סגול 200 מ""ל",מיוצר עי : אמיליה קו,IL,דאו' תרסיס נושם סגול,מיליליטרים,200.00,"100 מ""ל",false,,12.90,6.4500,true,1,30045
7290006789617,false,"קרליין קרם לחות לתלתלים טבעיים 400 מ""ל",מיוצר עי : אמיליה קו,IL,קרם לחות לתלתלים טבע,מיליליטרים,400.00,"100 מ""ל",false,,14.90,3.7250,true,1,30051
7290006805850,false,תערובת להכנת פנקייק פילסבורי 500 גר,הדקלאים אגודת שיתופי,IL,תערובת להכנת פנקייקס,גרמים,500.00,100 גרם,false,,18.50,3.7000,true,1,12794
7290006908360,false,שקד קלוי 150 גר` פיצ,,,שקד קלוי 150 גר` פיצ,גרמים,150.00,100 גרם,false,,14.90,9.9333,true,1,1471
7290006908384,false,פיסטוק חלבי 150 גרם,,,פיסטוק חלבי 150 גרם,גרמים,150.00,100 גרם,false,,17.90,11.9333,true,1,1473
7290006920447,false,"גבינת פיצרלה מגורדת בד""צ 500 גר'",,IL,פיצרלה פתיתים בדץ כ,גרמים,500.00,100 גרם,false,,23.90,4.7800,true,1,18259
7290006983176,false,אוסם - לחמית שיפון 250 גרם,"אסם השקעות בע""מ",IL,לחמית שיפון אסם 250,גרמים,230.00,100 גרם,false,,8.70,3.7826,true,1,18707
7290006983206,false,תערובת להכנת פלפל קלי קלות 180 גרם,"אסם השקעות בע""מ",IL,תערובת פלאפל בקלי קל,גרמים,180.00,100 גרם,false,,8.90,4.9444,true,1,18708
7290006983763,false,עוגת הבית שוקולד 400 ג' אסם,מיוצר עי קונדיטוריית,IL,עוגת הבית שוקולד 400,גרמים,400.00,100 גרם,false,,13.90,3.4750,true,1,18711
7290006983770,false,עוגת הבית שיש 400 ג' אסם,מיוצר עי קונדיטוריית,IL,עוגת הבית שיש 400גר,גרמים,400.00,100 גרם,false,,13.90,3.4750,true,1,18712
7290006983787,false,עוגת הבית שוקוציפס 400 ג' אסם,מיוצר עי קונדיטוריית,IL,עוגת הבית שוקוציפס 4,גרמים,400.00,100 גרם,false,,13.90,3.4750,true,1,18713
7290006983794,false,עוגת הבית תפוז 400 ג' אסם,מיוצר עי קונדיטוריית,IL,עוגת הבית תפוז 400גר,גרמים,400.00,100 גרם,false,,13.90,3.4750,true,1,18714
7290006992161,false,מטרנה - דייסת קורנפלור פרוביוטי 200 גרם,מולינו ניקולי s.p.a,IL,מטרנה דייסת קורנפלור,גרמים,200.00,100 גרם,false,,13.90,6.9500,true,1,18716
7290006992208,false,מטרנה דייסלה דגנים מעורבים 200 גרם,מטרנה תעשיות ש.מ,IL,מטרנה דייסת דגנים פר,גרמים,200.00,100 גרם,false,,13.90,6.9500,true,1,18719
7290006992390,false,"מטרנה - דייסת וניל פרוביוטי כשל""פ 200 גרם",מולינו ניקולי s.p.a,IL,מטרנה דייסת וניל פרו,גרמים,200.00,100 גרם,false,,13.90,6.9500,true,1,18720
7290008023542,false,סיף פנטסטיק שמפו רצפות כתום 4ל',,IL,סיף פנטסטיק שמפו רצפ,ליטרים,4.00,ליטר,false,,24.90,6.2250,true,1,10396
7290008101318,false,קריספ פירורי לחם זהוב 300 גרם,,IL,פירורי לחם זהוב קלאס,גרמים,300.00,100 גרם,false,,6.90,2.3000,true,1,264168
7290008101356,false,קריספ פאנקו זהוב 300 גרם,,IL,פירורי לחם פנקו זהוב,גרמים,300.00,100 גרם,false,,9.90,3.3000,true,1,264183
7290008102469,false,קריספ פירורי לחם זהוב 800 גרם,,IL,פירורי לחם זהוב קלאס,גרמים,800.00,100 גרם,false,,12.90,1.6125,true,1,264198
7290008116541,false,"שטיפת פה ליסטרין קול מינט 500 מ""ל",ג'ונסון אנד ג'ונסון,IT,מי פה ליסטרין בטעם מ,מיליליטרים,500.00,"100 מ""ל",false,,22.90,4.5800,true,1,29458
7290008116565,false,מי פה ליסטרין פרש בר,ג'ונסון אנד ג'ונסון,IT,מי פה פרש ליסטרין 50,מיליליטרים,500.00,"100 מ""ל",false,,22.90,4.5800,true,1,29460
7290008154222,false,שניצלונים עוף טוב 700 גרם,מולינו ניקולי s.p.a,IL,שניצלונים עוף טוב 70,גרמים,700.00,100 גרם,false,,19.90,2.8429,true,1,19758
7290008257527,false,מארז שלוש מטליות מקרופייבר לרצפה,,,אריסטוקרט מטלית מיקר,יחידה,0.00,יחידה,false,,14.90,0.0000,true,1,1186
7290008330398,false,בדין דפים למייבש כביסה כחול 40 יח',קלין טסט פרודקטס,US,בדין דפי מרכך כחול 4,יחידה,0.00,יחידה,false,,16.90,0.0000,true,1,10401
7290008343466,false,בצק פילו 500 גרם שלושת האופים,כלורוקס אוקלנד,IL,בצק פילו 500 גרם,גרמים,500.00,100 גרם,false,,19.90,3.9800,true,1,17102
7290008343558,false,"סיגרים בשר שלושת האופים 1 ק""ג",,,סיגרים בשר 1 ק`ג שלו,קילוגרמים,1.00,"ק""ג",false,,16.90,16.9000,true,1,17106
7290008343565,false,"סיגרים תפו""א 1 ק""ג שלושת האופים",,,סיגרים תפו`א 1 ק`ג ש,קילוגרמים,1.00,"ק""ג",false,,16.90,16.9000,true,1,17107
7290008343572,false,"אגרול סיני 1 ק""ג שלושת האופים",,,אגרול סיני 1 ק`ג שלו,קילוגרמים,1.00,"ק""ג",false,,16.90,16.9000,true,1,17108
7290008343619,false,"פסטלים תפו""א שלושת האופים 1 ק""ג",,,פסטלים תפו`א שלושת ה,קילוגרמים,1.00,"ק""ג",false,,16.90,16.9000,true,1,17110
7290008345583,false,איקרה ביתית ורוד 300 גרם דלידג,כלורוקס אוקלנד,IL,300 איקרה ביתית ורוד,גרמים,300.00,100 גרם,false,,19.90,6.6333,true,1,17123
7290008415071,false,חומוס עם טחינה 150 ג' צבר,סלטי צבר,IL,צבר חומוס עם טחינה 1,גרמים,150.00,100 גרם,false,,4.90,3.2667,true,1,19761
7290008415514,false,חומוס צבר עם חריף עגול 150ג',סלטי צבר,IL,צבר סלט חומוס עם חרי,גרמים,150.00,100 גרם,false,,5.50,3.6667,true,1,19762
7290008443616,false,"מרכך לשיער יבש אדום 750 מ""ל נקה 7",אמיליה קוסמטיקס בעמ,IL,מרכך לשיער יבש אדום,מיליליטרים,750.00,"100 מ""ל",false,,11.90,1.5867,true,1,30067
7290008462259,false,חרדל דיזיון גרגירים 345 גרם,יוניליוור צרפת,FR,חרדל דיזון חריף גרגי,גרמים,380.00,100 גרם,false,,16.90,4.4474,true,1,17132
7290008464222,false,"בירה מכבי 7.9% פחית 500 מ""ל","טמפו משקאות בע""מ",IL,מכבי 7.9 פחית 500 מל,מיליליטרים,500.00,"100 מ""ל",false,,7.90,1.5800,true,1,9425
7290008464468,false,"בירה גולדסטאר פחית 500 מ""ל","טמפו משקות בע""מ",IL,"גולדסטאר פחית 500מ""ל",מיליליטרים,500.00,"100 מ""ל",false,,7.90,1.5800,true,1,9436
7290008464475,false,"בירה מכבי פחית 500 מ""ל","טמפו משקאות בע""מ",IL,"מכבי פחית 500מ""ל",מיליליטרים,500.00,"100 מ""ל",false,,6.90,1.3800,true,1,9437
7290008464505,false,מים מינרלים סן בנדטו,אקווה מינרלה סאן בנד,IT,סן בנדטו 0.5ל. מים מ,מיליליטרים,500.00,"100 מ""ל",false,,3.50,0.7000,true,1,9439
7290008464604,false,"בירה היינקן פחית 500מ""ל",טמפו משקאות בע''מ,NL,הייניקן בירה פח 500מ,מיליליטרים,500.00,"100 מ""ל",false,,12.50,2.5000,true,1,9445
7290008464673,false,"בירה גולדסטאר SLOWBREW פחית 10%, 500 מ""ל","טמפו משקאות בע""מ",IL,גולדסטאר SLOWBREW 10,מיליליטרים,500.00,"100 מ""ל",false,,8.90,1.7800,true,1,9447
7290008464697,false,"שישיית בירה מכבי 7.9% 330 מ""ל",טמפו,IL,מכבי 7.9% בקבוק 6* 3,ליטרים,1.98,ליטר,false,,37.90,19.1414,true,1,9449
7290008464741,false,"שישייית בירה גולדסטאר כהה 330X6 מ""ל",טמפו,IL,"גולדסטאר ח""פ בקבוק 6",ליטרים,1.98,ליטר,false,,37.90,19.1414,true,1,9452
7290008464796,false,"בירה היינקין ח""פ בקבוק 330X6מ""ל",טמפו,,"הייניקן בקבוק ח""פ 6*",ליטרים,1.98,ליטר,false,,38.90,19.6465,true,1,9455
7290008636018,false,שוקולד כפתורי ם שמיניה 40 ג',,,1/8 כפתורי שוקולד 30,גרמים,30.00,100 גרם,false,,9.90,33.0000,true,1,14994
7290008636919,false,קקאו הולנדי 200ג' שקית,,,קקאו הולנדי 200 גרם,גרמים,200.00,100 גרם,false,,10.90,5.4500,true,1,15008
7290008636926,false,קקאו הולנדי 500 ג' שקית,,,קקאו הולנדי 500גר. ב,גרמים,500.00,100 גרם,false,,16.90,3.3800,true,1,15009
7290008644112,false,סלט מטבוחה יום יום אחלה 125 ג',"שטראוס גרופ בע""מ",IL,אחלה מטבוחה 125ג,גרמים,125.00,100 גרם,false,,4.90,3.9200,true,1,23313
7290008690713,false,פריגת אושן ספריי חמוציות 1ל',מבשלות בירה בינלאומי,IL,אושן ספרי חמוציות 1ל,ליטרים,1.00,ליטר,false,,11.90,11.9000,true,1,6976
7290008693134,false,מעדן גבינה ויוגורט בטעם תות 5% שומן 88 ג' דניאלה,"שטראוס בריאות בע""מ",IL,דניאלה תות מעדן גבינ,מיליליטרים,150.00,"100 מ""ל",false,,4.10,2.7333,true,1,23318
7290008713900,false,לחם שיפון עגול 750 ג' אנג'ל,מאפיית אנג'ל אורנים,IL,לחם שיפון עגול אנגל,גרמים,750.00,100 גרם,false,,13.90,1.8533,true,1,35452
7290008745239,false,תפוציפס אקסטרא טבעי 50 גרם,"שטראוס פריטו ליי בע""",IL,תפוציפס קראנץ טבעי 5,גרמים,50.00,100 גרם,false,,3.90,7.8000,true,1,24149
7290008745345,false,ממרח שוקולד מגדים 50,,,ממרח שוקולד מגדים 50,גרמים,500.00,100 גרם,false,,9.90,1.9800,true,1,22246
7290008747547,false,תפוציפס קראנץ טבעי 200 גרם,"שטראוס פריטו ליי בע""",IL,תפוציפס קראנץ טבעי 2,גרמים,200.00,100 גרם,false,,10.90,5.4500,true,1,24151
7290008753111,false,תפוציפס קראנצי מקסיקני 50 גרם,"שטראוס פריטו ליי בע""",IL,תפוציפס מקסיקני 50גר,גרמים,50.00,100 גרם,false,,3.90,7.8000,true,1,24154
7290008754040,false,ממרח פרה שוקולד 850 גר - מגדים,,,ממרח פרה שוקולד 850,גרמים,850.00,100 גרם,false,,16.90,1.9882,true,1,22264
7290008757980,false,נקטר ספרינג רימונים קרטונית 1 ל',"יפאורה תבורי בע""מ",IL,ספרינג רימונים 1ל,ליטרים,1.00,ליטר,false,,6.90,6.9000,true,1,11566
7290008775816,false,ערגליות שוקו חדש12*300גרם 2020,מיוצר עי קונדיטוריית,IL,ערגליות שוקולד 300 ג,גרמים,300.00,100 גרם,false,,9.90,3.3000,true,1,18723
7290008775823,false,ערגליות תות חדש12*300גרם 2020,מיוצר עי קונדיטוריית,IL,ערגליות תות שדה 300,גרמים,300.00,100 גרם,false,,9.90,3.3000,true,1,18724
7290008792257,false,מפיות נייר מפיון טאצ,"שניב תעשיות נייר בע""",,מפיות נייר מפיון טאצ,יחידה,0.00,יחידה,false,,3.90,0.0000,true,1,24441
7290008792264,false,מפיות טישיו טאצ' 100יח',"שניב תעשיות נייר בע""",IL,מפיות טאצ' 100,יחידה,0.00,יחידה,false,,4.90,0.0000,true,1,24442
7290008801157,false,מרלו אדום יבש 750 מל סלקטד,יקבי כרמל,,יין סלקטד מרלו 750 מ,מיליליטרים,750.00,"100 מ""ל",false,,29.90,3.9867,true,1,509
7290008801522,false,יין קינג דויד קונקורד אדום מתוק 750 מל,אגודת הכורמים הקואופ,IL,יין קונקורד קינג דיו,מיליליטרים,750.00,"100 מ""ל",false,,21.90,2.9200,true,1,515
7290008801539,false,כרמל קינג דיוויד מתוק כרמל 750 מל,אגודת הכורמים הקואופ,IL,יין קונקורד קינג דיו,מיליליטרים,750.00,"100 מ""ל",false,,21.90,2.9200,true,1,516
7290008801546,false,"יין קינג דויד מוסקט מתוק לבן 750 מ""ל",אגודת הכורמים הקואופ,IL,יין קונקורד קינג דיו,מיליליטרים,750.00,"100 מ""ל",false,,21.90,2.9200,true,1,517
7290008801843,false,קברנה סוביניון אדום יבש 750 מל סלקטד,"כד בני דרום בע""מ",IL,יין סלקטד קברנה סובנ,מיליליטרים,750.00,"100 מ""ל",false,,29.90,3.9867,true,1,518
7290008801850,false,סלקטד אמרלד ריזלינג לבן חצי יבש 750 מל,אגודת הכורמים הקואופ,IL,יין סלקטד אמרלד ריזל,מיליליטרים,750.00,"100 מ""ל",false,,29.90,3.9867,true,1,519
7290008802291,false,"יין מרלו פרייוט קולקשן 750 מ""ל",אגודת הכורמים הקואופ,IL,"יין P.C מרלו 750מ""",מיליליטרים,750.00,"100 מ""ל",false,,39.90,5.3200,true,1,520
7290008802512,false,"יין וינו אדום יבש 750 מ""ל","כד בני דרום בע""מ",IL,יין וינו אדום יבש,מיליליטרים,750.00,"100 מ""ל",false,,21.90,2.9200,true,1,521
7290008802529,false,"יין לבן חצי יבש וינו 750 מ""ל",,,יין וינו לבן יבש,מיליליטרים,750.00,"100 מ""ל",false,,21.90,2.9200,true,1,522
7290008805384,false,סלקטד מוסקטו לבן מבעבע 750 מל 2016,אגודת הכורמים הקואופ,IL,יין סלקטד מוסקטו 750,מיליליטרים,750.00,"100 מ""ל",false,,29.90,3.9867,true,1,539
7290008805520,false,קברנה מרלו אדום יבש 750 מל סלקטד,"כד בני דרום בע""מ",IL,יין סלקטד קברנה סובנ,מיליליטרים,750.00,"100 מ""ל",false,,29.90,3.9867,true,1,540
7290008849753,false,רוטב טריאקי אוליביה 300 גרם,מיוצר עי קונדיטוריית,IL,רוטב טריאקי עשיר אול,מיליליטרים,300.00,"100 מ""ל",false,,13.90,4.6333,true,1,51954
7290008849777,false,אוליביה רוטב צילי מתוק 350 גרם,,,אוליביה רוטב צילי מת,גרמים,350.00,100 גרם,false,,13.90,3.9714,true,1,51955
7290008975551,false,מטרנה מהדרין חיסכון שלב 3 700גר',מולינו ניקולי s.p.a,IL,מטרנה מהדרין שלב 3,גרמים,700.00,100 גרם,false,,49.90,7.1286,true,1,18728
7290008989053,false,דייסת דגנים מעורבים 400ג' בי&די,,,דייסת דגנים B&D א. ח,גרמים,400.00,100 גרם,false,,18.90,4.7250,true,1,1487
7290008989091,false,פירכיות אורז מארז 100X3ג',,IL,פריכיות אורז B&D עם,גרמים,300.00,100 גרם,false,,11.90,3.9667,true,1,337585
7290008989169,false,אורז תפוח בשקית 500 גר',,,אורז תפוח בשקית 500,גרמים,500.00,100 גרם,false,,18.90,3.7800,true,1,1488
7290008989572,false,חמאת חלווה וניל אומגה 350ג' בי&די,,,ממרח חלבה B&D בטעם ו,גרמים,350.00,100 גרם,false,,12.90,3.6857,true,1,1491
7290009018004,false,פיקדון בקבוק/פחית בו,,,פיקדון בקבוק/פחית בו,יחידה,0.00,יחידה,false,,0.30,0.0000,true,1,61
7290009018011,false,פיקדון בקבוק/פחיות ש,,,פיקדון בקבוק/פחיות ש,יחידה,0.00,יחידה,false,,1.80,0.0000,true,1,59
7290009018264,false,פיקדון בקבוק/פחית רב,,,פיקדון בקבוק/פחית רב,יחידה,0.00,יחידה,false,,1.20,0.0000,true,1,100
7290009023480,false,פיקדון בקבוק 12 יח,,,פיקדון בקבוק 12 יח,יחידה,0.00,יחידה,false,,3.60,0.0000,true,1,49237
7290009174397,false,כריך א לעובד-כשר לפס,,,כריך עובד מגה,יחידה,0.00,יחידה,false,,1.50,0.0000,true,1,47073
7290009404760,false,"משורית סרט 2340 מ""מ",,,"משורית סרט 2340 מ""מ",יחידה,0.00,יחידה,false,,127.76,0.0000,true,1,136160
7290010002092,false,פלפל שחור גרוס דק 90 ג',,,מימון פלפל שחור גרוס,גרמים,90.00,100 גרם,false,,14.50,16.1111,true,1,247
7290010002146,false,פפריקה מרוקאית מתוקה 100 גרם,א.ל ייצור ושיווק תבל,IL,מימון פפריקה מרוקאית,גרמים,100.00,100 גרם,false,,11.90,11.9000,true,1,252
7290010002207,false,מימון קינמון טחון במ,א.ל ייצור ושיווק תבל,IL,מימון קינמון טחון במ,גרמים,100.00,100 גרם,false,,9.50,9.5000,true,1,255
7290010002214,false,צילי מקסיקני גרוס 70 גרם,TLV צ'יף,IL,מימון צילי גרוס 80 ג,גרמים,80.00,100 גרם,false,,11.90,14.8750,true,1,256
7290010002320,false,תבלין גריל עוף 100 גרם,א.ל ייצור ושיווק תבל,IL,מימון תיבול לגריל עו,גרמים,100.00,100 גרם,false,,11.90,11.9000,true,1,262
7290010002368,false,תערובת חווג למרק 100 גרם,א.ל ייצור ושיווק תבל,IL,מימון תערובת חווג` ל,גרמים,100.00,100 גרם,false,,11.90,11.9000,true,1,266
7290010002481,false,מימון שום טחון במיכל,,,מימון שום טחון במיכל,גרמים,100.00,100 גרם,false,,14.50,14.5000,true,1,275
7290010002498,false,מימון שום גבישי 120,א.ל ייצור ושיווק תבל,IL,מימון שום גבישי 120,גרמים,120.00,100 גרם,false,,14.50,12.0833,true,1,276
7290010002726,false,מימון תיבול לפרגיות,א.ל ייצור ושיווק תבל,IL,מימון תיבול לפרגיות,גרמים,100.00,100 גרם,false,,11.90,11.9000,true,1,279
7290010003051,false,פפריקה הונגרית מתוקה 400 גרם,,,מימון פפריקה הונגרית,גרמים,400.00,100 גרם,false,,27.00,6.7500,true,1,280
7290010003075,false,פפריקה מרוקאית מתוקה 400 גרם,TLV צ'יף,IL,מימון פפריקה מרוקאית,גרמים,400.00,100 גרם,false,,27.00,6.7500,true,1,281
7290010003686,false,מימון עלי דפנה שקית,,,מימון עלי דפנה שקית,גרמים,20.00,100 גרם,false,,5.90,29.5000,true,1,285
7290010003693,false,פפריקה מתוקה 80 גרם שקית,TLV צ'יף,IL,מימון פפריקה מתוקה ש,גרמים,80.00,100 גרם,false,,5.90,7.3750,true,1,286
7290010003754,false,מימון כמון טחון שקית,TLV צ'יף,IL,מימון כמון טחון שקית,גרמים,50.00,100 גרם,false,,5.90,11.8000,true,1,288
7290010003761,false,מימון כורכום טחון שק,א.ל ייצור ושיווק תבל,IL,מימון כורכום טחון שק,גרמים,80.00,100 גרם,false,,5.90,7.3750,true,1,289
7290010003792,false,מלח לימון שקית 100 גרם,א.ל ייצור ושיווק תבל,IL,מימון מלח לימון שקית,גרמים,100.00,100 גרם,false,,5.90,5.9000,true,1,292
7290010003808,false,זעתר ושומשום 80 גרם שקית,TLV צ'יף,IL,מימון זעתר ושומשום ש,גרמים,80.00,100 גרם,false,,5.90,7.3750,true,1,293
7290010003815,false,מימון פלפל שטה יבש 1,,,מימון פלפל שטה יבש 1,גרמים,150.00,100 גרם,false,,15.90,10.6000,true,1,294
7290010003839,false,קינמון טחון 80 גרם שקית,TLV צ'יף,IL,מימון קינמון טחון שק,גרמים,80.00,100 גרם,false,,5.90,7.3750,true,1,296
7290010066025,false,טונה בשמן פילטונה 160 ג',,,טונה בשמן פילטונה 15,גרמים,170.00,100 גרם,false,,6.90,4.0588,true,1,158740
7290010066513,false,נתחי טונה בשמן צמחי רביעיה *158ג' פילטונה,,,נתחי טונה בשמן צמחי,גרמים,632.00,100 גרם,false,,22.90,3.6234,true,1,26572
7290010066520,false,טונה בשמן קנולה פילט,,,טונה בשמן קנולה פילט,גרמים,158.00,100 גרם,false,,5.00,3.1646,true,1,26573
7290010066575,false,נתחי טונה במים רביעיה *158ג' פילטונה,,,נתחי טונה במים פילטו,גרמים,632.00,100 גרם,false,,22.90,3.6234,true,1,26574
7290010066582,false,נתחי טונה בשמן קנולה רביעיה * 158 ג' פילטונה,,,נתחי טונה בשמן קנולה,גרמים,632.00,100 גרם,false,,22.90,3.6234,true,1,26575
7290010116980,false,אבקת שוקולית שקית עלית 850 ג',הנסיך- מפעל לייצור ט,IL,שוקולית 850 גרם,גרמים,850.00,100 גרם,false,,17.90,2.1059,true,1,22278
7290010117864,false,דוריטוס בטעם חריף אש 70 גרם,שטראוס פריטו ליי בע,IL,דוריטוס חריף אש 70 ג,גרמים,70.00,100 גרם,false,,3.90,5.5714,true,1,24161
7290010118328,false,תפוצ'יפס טבעי 6*40 ג,,,תפוצ'יפס טבעי 6*40 ג,גרמים,240.00,100 גרם,false,,13.90,5.7917,true,1,24165
7290010119240,false,מארז תפוצ'יפס טבעי 18X12 גרם,,IL,מארז תפוציפס טבעי 12,גרמים,216.00,100 גרם,false,,14.90,6.8981,true,1,24166
7290010129003,false,עוגיות אוזניים 600 גרם,קריניציה ויטמינה אס,IL,עוגיות אוזניים 600גר,גרמים,600.00,100 גרם,false,,19.90,3.3167,true,1,20142
7290010129041,false,עוגיות מלוחות 600 גרם,שיבולים א.ד.ל,IL,עוגיות טעמים שונים 6,גרמים,600.00,100 גרם,false,,19.90,3.3167,true,1,20146
7290010129676,false,עוגיות מרוקאיות ארוך 350 גרם,,,עוגיות מרוקאיות ארוך,גרמים,350.00,100 גרם,false,,17.90,5.1143,true,1,20177
7290010129959,false,עוגיות שמרים 400 גרם דולצה ויטה,שיבולים א.ד.ל,IL,עוגיות שמרים רוגלעך,גרמים,400.00,100 גרם,false,,12.90,3.2250,true,1,20191
7290010153510,false,בורגול יבש מיה 500 גר',מיה,IL,בורגול מיה 500 גרם,גרמים,500.00,100 גרם,false,,5.50,1.1000,true,1,15022
7290010153527,false,גריש מיה 500 גרם,מיה,IL,גריש 500 גרם,גרמים,500.00,100 גרם,false,,5.90,1.1800,true,1,15023
7290010153541,false,שיבולת שועל קוואקר מהיר הכנה מיה 500 גר',מיה,IL,קוואקר מהיר להכנה מי,גרמים,500.00,100 גרם,false,,6.70,1.3400,true,1,15025
7290010153770,false,ציפוי לשניצל פיקנטי מיה 500 גר',,,ציפוי לשניצל פיקנטי,גרמים,500.00,100 גרם,false,,8.90,1.7800,true,1,15036
7290010153787,false,ציפוי לשניצל עם שום מיה 500 גר',,,ציפוי לשניצל עם שום,גרמים,500.00,100 גרם,false,,8.90,1.7800,true,1,15037
7290010153794,false,ציפוי לשניצל עם עשבי תיבול מיה 500 גר',,,ציפוי לשניצל עם עשבי,גרמים,500.00,100 גרם,false,,8.90,1.7800,true,1,15038
7290010153800,false,ציפוי לשניצל עם תיבול עדין מיה 500 גר',,,ציפוי לשניצל עם תיבו,גרמים,500.00,100 גרם,false,,8.90,1.7800,true,1,15039
7290010153817,false,ממרח ריבת חלב 400 גרם מיה,,IL,ריבת חלב מיה 400 גרם,גרמים,400.00,100 גרם,false,,11.90,2.9750,true,1,15040
7290010153848,false,תבלין פפריקה מרוקאי בשמן 80 גר' מיה,,,מיה פפריקה מרוקאית ב,גרמים,80.00,100 גרם,false,,5.90,7.3750,true,1,15043
7290010153855,false,תבלין פפריקה מרוקאית 300גרם,,,מיה פפריקה מרוקאית ב,גרמים,300.00,100 גרם,false,,16.90,5.6333,true,1,15044
7290010153879,false,ריבת חלב מרוכזת בטעם שמנת מיה 400 גר',,IL,ריבת חלב בטעם שמנת 4,גרמים,400.00,100 גרם,false,,11.90,2.9750,true,1,15046
7290010153978,false,קונפיטורה שזיפים מיה 340 גר',,,קונפיטורה שזיפים 340,גרמים,340.00,100 גרם,false,,8.90,2.6176,true,1,15050
7290010154005,false,סחוג תימני ביטון 250 ג',תבליני ביטון יוחאי,IL,סחוג תימני ירוק 250,גרמים,250.00,100 גרם,false,,13.90,5.5600,true,1,17133
7290010154012,false,לימון כבוש בלאדי ביטון 250 ג',תבליני ביטון יוחאי,IL,לימון כבוש 250 ביטון,גרמים,250.00,100 גרם,false,,13.90,5.5600,true,1,17134
7290010154241,false,סלט חזרת ריף ביטון 250 ג',תבליני ביטון יוחאי,IL,סלט חזרת ביטון 250 ג,גרמים,250.00,100 גרם,false,,13.90,5.5600,true,1,17137
7290010154265,false,פלפל צ'ומה ביטון 250 ג',תבליני ביטון יוחאי,IL,פלפל צ`ומה ביטון 250,גרמים,250.00,100 גרם,false,,13.90,5.5600,true,1,17138
7290010154418,false,יוחאי ביטון סחוג אדו,תבליני ביטון יוחאי,IL,יוחאי ביטון סחוג אדו,גרמים,130.00,100 גרם,false,,8.90,6.8462,true,1,17143
7290010154685,false,סלט שום כתוש 250 ג' ביטון,תבליני ביטון יוחאי,IL,סלט שום כתוש 250 גר',גרמים,250.00,100 גרם,false,,13.90,5.5600,true,1,17149
7290010173044,false,"יין הרי גליל מרלו 750 מ""ל",יקב הרי גליל,IL,הרי גליל מרלו 2007 7,מיליליטרים,750.00,"100 מ""ל",false,,37.90,5.0533,true,1,41607
7290010175819,false,חמאת בוטנים 510גר,,IL,חמאת בוטנים 510גר,גרמים,510.00,100 גרם,false,,11.90,2.3333,true,1,9625
7290010176793,false,סוכריות דחוסות בצורת מיני רולס,,,מארז קונוסי סודה 375,גרמים,375.00,100 גרם,false,,15.90,4.2400,true,1,9638
7290010192045,false,נענע יחידה,חקלאי,IL,נענע יחידה,יח',1.00,יח',false,,4.90,4.9000,true,1,35550
7290010237890,false,"בירה הייניקן בקבוק 500 מ""ל חוזר",טמפו משקאות בע''מ,IL,הייניקן בירה בקבוק ח,מיליליטרים,500.00,"100 מ""ל",false,,8.50,1.7000,true,1,9475
7290010259830,false,מרק עם נודלס סיני פיקנטי מנת השף 70 גר,נמצ'או(תאילנד) בעמ,TH,נודלס בטעם סיני פיקנ,גרמים,70.00,100 גרם,false,,4.90,7.0000,true,1,2918
7290010279227,false,"זיקוק 15 ס""מ 6 בשקית",,,זיקוק 15 ס`מ 6 יח`,יחידה,0.00,יחידה,false,,15.90,0.0000,true,1,32231
7290010300075,false,שמרים נמסים בקופסא 33 גרם,,,שמרים נמסים בקופסה 3,גרמים,33.00,100 גרם,false,,6.00,18.1818,true,1,15886
7290010328451,false,אחווה חלווה עם פולי,,,אחווה חלווה עם פולי,גרמים,400.00,100 גרם,false,,13.90,3.4750,true,1,713
7290010328680,false,עוגה בטעם שוקולד עם שוקוצ'יפס מריר ולבן 450 גרם,,,עוגת שוקלד ציפס 450,גרמים,450.00,100 גרם,false,,10.90,2.4222,true,1,723
7290010429554,false,"שמן זית כתית מעולה יד מרדכי 2 קלאסי, 750 מ""ל",מכוורת יד מרדכי שטרא,IL,שמן זית כתית מעולה 2,מיליליטרים,750.00,"100 מ""ל",false,,33.90,4.5200,true,1,22283
7290010471669,false,יוגורט בר תות קורנפלקס מצופה שוקולד 175 ג' דנונה,"שטראוס בריאות בע""מ",IL,דנונה קראנצ' יוגורט,מיליליטרים,175.00,"100 מ""ל",false,,4.60,2.6286,true,1,23319
7290010627004,false,טחינה גולמית מסורתית ירושלים 500 ג',"בראשית ירושלים בע""מ",IL,טחינה ירושלים 500 גר,גרמים,500.00,100 גרם,false,,15.90,3.1800,true,1,24669
7290010627844,false,טחינה גולמית שומשום מלא ירושלים 500גרם,"בראשית ירושלים בע""מ",IL,טחינה ירושלים 500 מל,גרמים,500.00,100 גרם,false,,15.90,3.1800,true,1,24672
7290010632121,false,כוס אימון עם ידיות ופיה רכה ML360 טוליפס פרמיום,GZ.B.B,CN,כוס אימון עם פיה רכה,יחידה,0.00,יחידה,false,,17.90,0.0000,true,1,912
7290010632534,false,נובי -כוס ומכסה 6 יח,מולינו ניקולי s.p.a,CN,נובי -כוס ומכסה 6 יח,יחידה,0.00,יחידה,false,,29.90,0.0000,true,1,924
7290010690428,false,לבבות חסה בשקית,חקלאי,IL,לבבות חסה בשקית,יח',1.00,יח',false,,7.90,7.9000,true,1,46548
7290010711123,false,"ננס רביעיה ""שייני"" ח",,,"ננס רביעיה ""שייני"" ח",יחידה,0.00,יחידה,false,,6.90,0.0000,true,1,13476
7290010711253,false,מיקרופייבר ניקוי כלל,,,מיקרופייבר ניקוי כלל,יחידה,0.00,יחידה,false,,9.90,0.0000,true,1,13480
7290010711543,false,כף אשפה + גומי SHINY,,,כף אשפה + גומי SHINY,יחידה,0.00,יחידה,false,,5.90,0.0000,true,1,13488
7290010711550,false,דלי שטיפה עם פיה ( 1,,,דלי שטיפה עם פיה ( 1,יחידה,0.00,יחידה,false,,11.90,0.0000,true,1,13489
7290010711901,false,שייני מיקרופייבר לרצפה,,,שייני מטליות מיקרופי,יחידה,0.00,יחידה,false,,15.90,0.0000,true,1,13495
7290010711932,false,שייני מטליות אינטנסיב רב שימושית 9 יח',,,מארז 9 מטליות שייני.,יחידה,0.00,יחידה,false,,8.90,0.0000,true,1,13497
7290010777099,false,פיתה עבודת יד אקספרס מארז 8 יח',מגוון שיווק והפצת מא,,8 פיתות במרקם מיוחד,גרמים,800.00,100 גרם,false,,11.30,1.4125,true,1,21148
7290010777150,false,פיתה חיטה מלאה בריבוע 8יח' שקית 800 גר',מגוון שיווק והפצת מא,,8 פיתות בריבוע חיטה,גרמים,500.00,100 גרם,false,,13.90,2.7800,true,1,21149
7290010777297,false,פיתה אקספרס מארז 12יח',מגוון שיווק והפצת מא,,10 פיתות ביס,קילוגרמים,1.00,"ק""ג",false,,12.90,12.9000,true,1,21154
7290010777358,false,מארז שמיניית פיתות 100% כוסמין מלא,מגוון שיווק והפצת מא,,8 פיתות כוסמין מלא 1,גרמים,400.00,100 גרם,false,,15.90,3.9750,true,1,21157
7290010777488,false,מארז פיתות 100% מחמצת קמח מלא 500 גרם,מאפיית ביכורים מזון,IL,פיתה מחמצת מקמח מלא,יחידה,0.00,יחידה,false,,15.90,0.0000,true,1,260008
7290010777525,false,פיתות 100% כוסמין דק 99 קל 6 יח,מאפיית ביכורים מזון,IL,פיתות קוסמין-פיתה אק,גרמים,50.00,100 גרם,false,,15.90,31.8000,true,1,259994
7290010814244,false,שלשות שוקולד מריר 85 גרם*3 בלמינט *18 בקרטון,"כד בני דרום בע""מ",IL,כרמית שוקולד מריר 3*,גרמים,300.00,100 גרם,false,,10.90,3.6333,true,1,38589
7290010814701,false,כרמית שוקולד חלב ללא סוכר 85,כרמית תעשיות ממתקים,IL,חופשי שוק.חלב ללס 85,גרמים,85.00,100 גרם,false,,5.90,6.9412,true,1,38595
7290010838431,false,"טואלט דאק נוזל כחול זוג * 750 מ""ל",מיוצר עי קונדיטוריית,NL,דאק ג'ל נוזל 750 זוג,ליטרים,1.50,ליטר,false,,16.90,11.2667,true,1,5835
7290010883363,false,כפפות אלוורה סנו סושי גדול קטן,האי נאם סי או אל.טי.,CN,סנו סושי זוג כפפות א,יחידה,0.00,יחידה,false,,9.90,0.0000,true,1,30094
7290010922024,false,"פסיפלורה קפואה, כשרות בד""ץ, 250 גרם",,,פסיפלורה קפואה שייק,גרמים,250.00,100 גרם,false,,12.90,5.1600,true,1,277608
7290010922871,false,טחון בקר 1 קג ארוז קפוא -אשפר,,,"טחון בקר קפוא 1 ק""ג",קילוגרמים,1.00,"ק""ג",false,,29.90,29.9000,true,1,180613
7290010922895,false,המבורגר בקר 400 גר ארוז אשפר,,,המבורגר בקר 400 גרם,גרמים,400.00,100 גרם,false,,13.90,3.4750,true,1,180598
7290010922901,false,קבב מזרחי קפוא ארוז אשפר 400גר,,,קבב מזרחי 400 גרם אש,גרמים,400.00,100 גרם,false,,13.90,3.4750,true,1,180599
7290010922918,false,סטייק מינוט 250 גר ארוז אשפר,,,מינוט סטייק 250 גרם,גרמים,250.00,100 גרם,false,,29.90,11.9600,true,1,180614
7290010931330,false,מטבוחה אחלה 500 גר',מיוצר עי קונדיטוריית,IL,אחלה מטבוחה 500ג,גרמים,500.00,100 גרם,false,,15.50,3.1000,true,1,23325
7290010945146,false,קוטג' 3% מועשר בסידן טרה 250 ג' מהדרין,טרה,IL,טרה קוטג מועשר 3% 25,גרמים,250.00,100 גרם,false,,5.50,2.2000,true,1,6400
7290010945306,false,חלב 3% בקרטון 2 ל' טרה,טרה,IL,טרה חלב בקרטון 3% 2,ליטרים,2.00,ליטר,false,,12.46,6.2300,true,1,6401
7290010945450,false,גבינה לבנה 3% 250 גר מועשר בסידן וויטמין,טרה,,טרה גבינה לבנה מהדרי,גרמים,250.00,100 גרם,false,,4.98,1.9920,true,1,6403
7290011017866,false,"קוקה קולה פחית 330 מ""ל",החברה המרכזית לייצור,IL,קוקה קולה פחית סליק,מיליליטרים,330.00,"100 מ""ל",false,,5.50,1.6667,true,1,7018
7290011017873,false,"קוקה קולה זירו פחית 330 מ""ל",החברה המרכזית לייצור,IL,ZERO קולה פחית סליק,מיליליטרים,330.00,"100 מ""ל",false,,5.50,1.6667,true,1,7019
7290011018443,false,"פנטה אורנג פחית סליק 330 מ""ל",החברה המרכזית לייצור,IL,פאנטה אורנג פחית סלי,מיליליטרים,330.00,"100 מ""ל",false,,5.50,1.6667,true,1,7040
7290011115203,false,נקה 7-סבון מוצק ורוד - רביעייה * 100 ג',טרופיקל דגיל תעשיות,IL,סבון מוצק ורוד נקה 7,גרמים,400.00,100 גרם,false,,10.90,2.7250,true,1,30112
7290011115258,false,נקה 7 סבון מוצק ירוק - רביעייה * 100 ג',גליל כימיקלים בעמ,IL,סבון מוצק ירוק נקה 7,גרמים,400.00,100 גרם,false,,10.90,2.7250,true,1,30114
7290011115289,false,נקה 7- סבון מוצק ליליך - רביעייה * 100 ג',"גליל כימיכלים בע""מ",IL,סבון מוצק לילך נקה 7,גרמים,400.00,100 גרם,false,,10.90,2.7250,true,1,30117
7290011126452,false,חליטת קמומיל ונענע 25 שקיקים גן קסום,HIQ FOOD PRODUCTS,IL,תה קמומיל ונענע 1.5ג,גרמים,37.50,100 גרם,false,,17.90,47.7333,true,1,24681
7290011131463,false,מנת נודלס בטעם עוף 72 גרם,,,מנת נודלס בטעם עוף ג,גרמים,72.00,100 גרם,false,,5.90,8.1944,true,1,13160
7290011131517,false,מנת נודלס בטעם תירס 72 גרם,,,מנת נודלס בטעם תירס,גרמים,72.00,100 גרם,false,,5.90,8.1944,true,1,13162
7290011132507,false,"סודה סן בנדטו מוגז עדין 500מ""ל",אקווה מינרלה סאן בנד,IT,סאן בנדטו מוגז עדין,מיליליטרים,500.00,"100 מ""ל",false,,2.90,0.5800,true,1,9483
7290011153885,false,נייר אכיל ממותג דיסני,גילרוי,,נייר אכיל לעוגה ממות,יחידה,0.00,יחידה,false,,17.90,0.0000,true,1,32241
7290011154080,false,"תרכיז תפוחים צלול טעמי הגליל 500 מ""ל",טעמי הגליל,IL,תרכיז תפוחים צלול טע,מיליליטרים,500.00,"100 מ""ל",false,,19.90,3.9800,true,1,236109
7290011174187,false,"אפונת פרי הגליל בד""ץ",,IL,"אפונת פרי הגליל בד""ץ",גרמים,550.00,100 גרם,false,,4.90,0.8909,true,1,8383
7290011194215,false,מעדן גבינה ויוגורט בטעם בננה 5% שומן 88 ג' דניאלה,"שטראוס בריאות בע""מ",IL,"דניאלה בננה 150 מ""ל",מיליליטרים,150.00,"100 מ""ל",false,,4.10,2.7333,true,1,23326
7290011194246,false,קוטג' 5% שומן 250 ג' שטראוס,מיוצר עי קונדיטוריית,IL,קוטג שטראוס 5% עם סי,גרמים,250.00,100 גרם,false,,5.90,2.3600,true,1,23327
7290011239237,false,חטיפי אגוזים ישראלי,,,חטיפי אגוזים ישראלי,גרמים,250.00,100 גרם,false,,18.90,7.5600,true,1,161443
7290011239404,false,עמוס חטיפים שונים אר,ממתקי מחרום,,עמוס חטיפים שונים אר,גרמים,300.00,100 גרם,false,,14.90,4.9667,true,1,42772
7290011240318,false,"יין שאטו דה למר אדום 750 מ""ל",,,יין שאטו דה למר קברנ,מיליליטרים,750.00,"100 מ""ל",false,,19.90,2.6533,true,1,11962
7290011240332,false,יין תירוש ענבים אדום 1 ליטר.,,,תירוש ענבים טבעי אדו,ליטרים,1.00,ליטר,false,,14.90,14.9000,true,1,11963
7290011240837,false,"יין שאטו דה למר מרלו 750 מ""ל",,,יין שאטו דה למר מרלו,מיליליטרים,750.00,"100 מ""ל",false,,19.90,2.6533,true,1,11976
7290011240868,false,"יין מוסקטו אדום 750 מ""ל",,,יקבי ציון מוסקטו אדו,מיליליטרים,750.00,"100 מ""ל",false,,30.90,4.1200,true,1,11977
7290011249748,false,רולים גלילי ופל במילוי קרם שוקולד 100 ג' עלמה,גילרו,,גילרו רולים שוקו 100,גרמים,100.00,100 גרם,false,,3.90,3.9000,true,1,41285
7290011249755,false,רולים גלילי ופל במילוי קרם אגוזים 100 ג' עלמה,"גילרו בע""מ",,רולים אגוז 100 גרם,גרמים,100.00,100 גרם,false,,3.90,3.9000,true,1,41286
7290011254001,false,זרעי פשתן 450 גרם,,,זרעי פשתן 450 גרם,גרמים,450.00,100 גרם,false,,7.90,1.7556,true,1,15051
7290011254018,false,שעועית מש מיה 500 גר',מיה,IL,שעועית מש 500 גרם,גרמים,500.00,100 גרם,false,,8.90,1.7800,true,1,15052
7290011254025,false,דוחן מיה 500 גרם,מיה,IL,דוחן 500 גרם,גרמים,500.00,100 גרם,false,,7.90,1.5800,true,1,15053
7290011254070,false,תבלין פלפל שחור בשקית 50ג' מיה,,IL,פלפל שחור בשקית 50 ג,גרמים,50.00,100 גרם,false,,7.90,15.8000,true,1,15058
7290011254087,false,תבלין קינמון בשקית 80 גר' מיה,,IL,קינמון בשקית מיה 80,גרמים,80.00,100 גרם,false,,3.90,4.8750,true,1,15059
7290011254094,false,תבלין כמון 80גר' שקית,,,כמון בשקית מיה 80 גר,גרמים,80.00,100 גרם,false,,3.90,4.8750,true,1,15060
7290011254100,false,תבלין כרכום בשקית 80 גר' מיה,,,כרכום שקית מיה 80 גר,גרמים,80.00,100 גרם,false,,3.90,4.8750,true,1,15061
7290011254148,false,תבלין אבקת שום 80 ג' מיה,,IL,אבקת שום שקית מיה 80,גרמים,80.00,100 גרם,false,,6.90,8.6250,true,1,15065
7290011254155,false,תבלין מלח לימון בשקית 80 גר' מיה,,,מלח לימון שקית מיה 8,גרמים,80.00,100 גרם,false,,3.90,4.8750,true,1,15066
7290011254186,false,תבלין שבבי בצל 30ג' מיה,,,שבבי בצל שקית מיה 50,גרמים,50.00,100 גרם,false,,3.90,7.8000,true,1,15069
7290011254193,false,תבלין שביבי שום 50גרם שקית,,,שבבי שום מהדרין מיה,גרמים,50.00,100 גרם,false,,6.90,13.8000,true,1,15070
7290011254209,false,תבלין גבישי שום 80 גר' מיה,,,גבישי שום מיה 80 גרם,גרמים,80.00,100 גרם,false,,6.90,8.6250,true,1,15071
7290011254230,false,תן צ'אפ חטיף טבעות מארז 15X10ג',,,תן צ'אפ טבעות 8 יח'*,גרמים,120.00,100 גרם,false,,7.90,6.5833,true,1,15072
7290011254254,false,שוקולד צ'יפס מיה 300 גר',,,שוקולד ציפס 300גר,גרמים,300.00,100 גרם,false,,8.90,2.9667,true,1,15074
7290011254780,false,"שעועית ארגנטינאית יבשה מיה 1 ק""ג",מיה,IL,מיה שעועית ארגנטינאי,קילוגרמים,1.00,"ק""ג",false,,18.90,18.9000,true,1,15097
7290011378257,false,מאגדת חטיף חלבה וניל קפאן פיסטוק 7*18 ג,רושדי תעשיות מזון בע,IL,בארכה חטיף חלבה פקאן,גרמים,120.00,100 גרם,false,,11.90,9.9167,true,1,18732
7290011378776,false,חלבה חטיף פיסטוק בארכה בקטנה מארז 126ג',רושדי תעשיות מזון בע,IL,בארכה בקטנה מאגדת פי,גרמים,120.00,100 גרם,false,,11.90,9.9167,true,1,18737
7290011379018,false,מארז משפחתי שמפיניון 500 ג' מרינה,מרינה,IL,פטריות צמד חמד,גרמים,500.00,100 גרם,false,,16.90,3.3800,true,1,41514
7290011447359,false,מטרנה שלב 1 אריזת חסכון 700 גר',מולינו ניקולי s.p.a,IL,מטרנה מהדרין שלב 1,גרמים,700.00,100 גרם,false,,49.90,7.1286,true,1,18749
7290011447373,false,מטרנה שלב 2 אריזת חסכון 700 גר',מטרנה תעשיות ש.מ,IL,מטרנה מהדרין שלב 2,גרמים,700.00,100 גרם,false,,49.90,7.1286,true,1,18750
7290011473648,false,"סוכר דמררה אורגני 1 ק""ג",תבואות,BR,סוכר דמררה אורגני תב,קילוגרמים,1.00,"ק""ג",false,,12.90,12.9000,true,1,3564
7290011473655,false,"סוכר קנים אורגני 1 ק""ג",תבואות,BR,סוכר קנים אורגני תבו,קילוגרמים,1.00,"ק""ג",false,,10.90,10.9000,true,1,3565
7290011505585,false,טוליפס סט סינרים לתי,,,טוליפס סט סינרים לתי,יחידה,0.00,יחידה,false,,39.90,0.0000,true,1,948
7290011515911,false,שלגון לייט ריבת חלב מאגדת 6 יח',גלידות נסטלה (נגה גל,IL,מאגדת לייט ריבת חלב,גרמים,312.00,100 גרם,false,,27.90,8.9423,true,1,16099
7290011518561,false,"אקטימל תות משפחתי מארז 14X100מ""ל",מיוצר עי קונדיטוריית,IL,אקטימל תות משפחתי 14,ליטרים,1.40,ליטר,false,,29.90,21.3571,true,1,23338
7290011553456,false,קרוטונים למרק שקית,,,קרוטונים למרק שקית,גרמים,400.00,100 גרם,false,,14.90,3.7250,true,1,330165
7290011553876,false,פרורי לחם קלאסי שקית,,,פרורי לחם קלאסי שקית,גרמים,800.00,100 גרם,false,,11.90,1.4875,true,1,330087
7290011553883,false,פרורים מוזהבים שקית,,,פרורים מוזהבים שקית,גרמים,800.00,100 גרם,false,,11.90,1.4875,true,1,330104
7290011575007,false,"הפי מרסס שומר ברק למקלחון 750 מ""ל",,,הפי-מרסס לאמבט חדש 7,מיליליטרים,750.00,"100 מ""ל",false,,21.00,2.8000,true,1,11314
7290011575755,false,סופר גלו ג'ל - לוקטייט,,,סופר גלו ג'ל 3 גר',יחידה,0.00,יחידה,false,,10.90,0.0000,true,1,11320
7290011587093,false,תירס גמדי תומר 400 ג,איידונג יוזו,IL,תירס גמדי תומר 400 ג,גרמים,400.00,100 גרם,false,,5.90,1.4750,true,1,25004
7290011587123,false,קרם קוקוס תומר 400 מ,,IL,קרם קוקוס תומר 400 מ,מיליליטרים,400.00,"100 מ""ל",false,,9.90,2.4750,true,1,25005
7290011587444,false,מוזלי קראנצ'י בתוספת 35% פירות,,,מוזלי קראנצי פירות ת,גרמים,600.00,100 גרם,false,,13.90,2.3167,true,1,25015
7290011587598,false,שימורי אנשובי בפח 45 ג' תומר,אינוורסיונס פריסקו,IL,פילה אנשובי תומר 45,גרמים,45.00,100 גרם,false,,6.90,15.3333,true,1,25019
7290011587857,false,עגבניות מיובשות מתובלות במגשית,יושלם,IL,עגבניות מיובשות מתוב,גרמים,250.00,100 גרם,false,,9.90,3.9600,true,1,25033
7290011593087,false,"שמן זית כתית מעולה 750 מ""ל סבא חביב",סאן אויל עיבוד ושיוו,IL,סבא חביב שמן זית כתי,מיליליטרים,750.00,"100 מ""ל",false,,30.90,4.1200,true,1,207793
7290011593704,false,"שמן זית סורי 750 מ""ל סבא חביב",,,שמן זית סורי הסדרה ה,מיליליטרים,750.00,"100 מ""ל",false,,42.90,5.7200,true,1,312075
7290011598211,false,"סנו - אנטי קאלק מרסס ניקוי כללי 4 ב-1 700 מ""ל",מיוצר עי קונדיטוריית,IL,מנקה כללי אנטיקאלק 7,מיליליטרים,700.00,"100 מ""ל",false,,17.90,2.5571,true,1,30128
7290011598402,false,סנו מקסימה מרכך כביסה וויט מילק 4 ליטר,סאנו,IL,מרכך כביסה סנו מקסימ,ליטרים,4.00,ליטר,false,,22.90,5.7250,true,1,30132
7290011599836,false,משפר אפיה טבעי 100 ג' רובינפלד,,,משפר אפיה רובינפלד 1,גרמים,100.00,100 גרם,false,,10.90,10.9000,true,1,36800
7290011607180,false,"אבקת כביסה קולון 101 1.25 ק""ג",ריקט בנקיזר ( ניר אי,IL,"קולון 101 1.25 ק""ג",קילוגרמים,1.25,"ק""ג",false,,14.90,11.9200,true,1,20876
7290011607197,false,"אבקת כביסה קולון 101 5 ק""ג",רקיט בנקיזר,IL,"קולון 101 5 ק""ג",קילוגרמים,5.00,"ק""ג",false,,39.90,7.9800,true,1,20877
7290011622428,false,כתמטמינים-חטיף בריאות לתינוקות וילדים 45 ג',מיוצר עבור גולדן האר,IL,כתמטמינים-חטיף בריאו,גרמים,100.00,100 גרם,false,,5.90,5.9000,true,1,3583
7290011622763,false,ביסקוויטמינים פלוס ו,מולינו ניקולי s.p.a,IL,ביסקוויטמינים פלוס ו,גרמים,150.00,100 גרם,false,,16.50,11.0000,true,1,84175
7290011732189,false,סוכריות צמיד זאזא דחוס 8.8X48ג',,,צמיד 48 יח שקית משפח,גרמים,432.00,100 גרם,false,,15.90,3.6806,true,1,9658
7290011732202,false,סוכריות בקבוקי סודה מארז משפחתי 375 גר',,,בקבוקים סודה 36 יח',גרמים,462.00,100 גרם,false,,15.90,3.4416,true,1,9659
7290011732271,false,סוכריות זאזא פ.פלסטיק חמצמץ 8X36ג',,,פירות סודה 32 יחידות,גרמים,432.00,100 גרם,false,,15.90,3.6806,true,1,9662
7290011732943,false,שקדי מרק 400 גרם טעמן,,,שקדי מרק טעמן 400 גר,גרמים,400.00,100 גרם,false,,7.90,1.9750,true,1,9668
7290011765088,false,"קרמה - ג'ל גילוח כחול 200 מ""ל",טרופיקל דגיל תעשיות,TR,ג'ל גילוח לעור רגיל,מיליליטרים,200.00,"100 מ""ל",false,,10.90,5.4500,true,1,30135
7290011765095,false,קרמה מן גל גילוח אלוורה ירוק 200 מל,טרופיקל דגיל תעשיות,TR,ג'ל גילוח לעור עדין,מיליליטרים,200.00,"100 מ""ל",false,,10.90,5.4500,true,1,30136
7290011765118,false,"קרמה - קצף גילוח ירוק 200 מ""ל","אביאפ, איסטנבול, תור",TR,קצף גילוח דליקט קרמה,מיליליטרים,200.00,"100 מ""ל",false,,10.90,5.4500,true,1,30138
7290011800840,false,טחינה בלאדי רפי כהן 400 ג' צבר,סלטי צבר,IL,צבר רפי כהן טחינה בל,גרמים,400.00,100 גרם,false,,16.90,4.2250,true,1,19780
7290011860271,false,תפוגן ביסבול טבעי 700 גר,"תעשיות תפוגן בע""מ",IL,תפוגן ביס בול טבעי 7,גרמים,700.00,100 גרם,false,,15.90,2.2714,true,1,19782
7290011877156,false,סנופרש מטהר אויר בניחוח מאסק 375 מל,מיוצר עי קונדיטוריית,IL,סנו פרש ענק מאסק 375,מיליליטרים,375.00,"100 מ""ל",false,,10.90,2.9067,true,1,30159
7290011877859,false,סנו אינסטלטור חדש פותח סתימות 200ג',מיוצר עי קונדיטוריית,IL,סנו אינסטלטור פותח ס,מיליליטרים,200.00,"100 מ""ל",false,,15.90,7.9500,true,1,30166
7290011879747,false,טוסטר לחיצה פסים,,,טוסטר לחיצה פסים,יחידה,0.00,יחידה,false,,70.90,0.0000,true,1,85380
7290011912642,false,מי פה טאגד ליסטרין 5,,IT,מי פה טאגד ליסטרין 5,מיליליטרים,500.00,"100 מ""ל",false,,22.90,4.5800,true,1,29478
7290011947903,false,מיקס זיתים יווני זיתא 215 ג',זיתא,IL,זיתים מיקס ייווני זי,גרמים,215.00,100 גרם,false,,13.90,6.4651,true,1,179433
7290011977665,false,סרדינים ברוטב עגבניות 125 גר',,,סרדינים ברוטב עגבניו,גרמים,125.00,100 גרם,false,,3.90,3.1200,true,1,9676
7290012019258,false,מחית תפוחי עץ רביעיה 4 * 113 ג' תומר,Cherry growers inc,IL,"רסק תפו""ע מחית תפוחי",גרמים,452.00,100 גרם,false,,10.90,2.4115,true,1,25048
7290012019265,false,"רסק תפוֿֿֿֿ""ע פלסטיק דיאט 4יח'12X",Cherry growers inc,,"מחית תפו""ע ללא סוכר",גרמים,452.00,100 גרם,false,,10.90,2.4115,true,1,25049
7290012025822,false,שמיר סלק אסלי 400 גר,,,שמיר סלק אסלי 400 גר,גרמים,400.00,100 גרם,false,,10.90,2.7250,true,1,17718
7290012025839,false,מטבוחה שמיר אסלי 400 גרם,,,שמיר מטבוחה אסלי 400,גרמים,400.00,100 גרם,false,,10.90,2.7250,true,1,17719
7290012116063,false,"כיף אל סבון פיות בתמציות קמומיל 750 מ""ל",טרופיקל דגיל תעשיות,IL,אל סבון כיף פיות בתמ,מיליליטרים,750.00,"100 מ""ל",false,,11.90,1.5867,true,1,30175
7290012116360,false,סנו פוליויקס גרניט פורצלן 2 ליטר,"מפעלי סנו ברונוס בע""",IL,סנו פוליוקס גרניט פו,ליטרים,2.00,ליטר,false,,20.90,10.4500,true,1,30180
7290012116537,false,"סנו מקסימה אבקת כביסה 2.5 ק""ג מאסק",טרופיקל דגיל תעשיות,IL,אבקת כביסה סנו מקסימ,קילוגרמים,2.50,"ק""ג",false,,26.90,10.7600,true,1,30181
7290012116612,false,אורביטול מברשת שיניים מארז 4 יח',ג'נרל מילס סאן אדריא,CN,מארז מברשות שיניים א,יחידה,0.00,יחידה,false,,11.90,0.0000,true,1,30184
7290012117275,false,"סנו קליר שקית מילוי 750 מ""ל",טרופיקל דגיל תעשיות,IL,סנוקליר שקית מילוי 7,מיליליטרים,750.00,"100 מ""ל",false,,6.90,0.9200,true,1,30199
7290012117350,false,סנו ריצפז פרש 2 ליטר לילך לבנדר,"סנו מפעלי ברונוס בע""",IL,ריצפז פרש לילך לבנדר,ליטרים,2.00,ליטר,false,,18.90,9.4500,true,1,30200
7290012117428,false,"קרמה מן שמפו+גל רחצה 2 ב1 700 מ""ל מעינות",טרופיקל דגיל תעשיות,IL,שמפו וג'ל רחצה לגבר,מיליליטרים,700.00,"100 מ""ל",false,,18.90,2.7000,true,1,30206
7290012117534,false,סנו - מקסימה מרכך כביסה מרוכז קול 1 ליטר,"סנו מפעלי ברונוס בע""",IL,סנו מקסימה מרכך קומפ,יחידה,0.00,יחידה,false,,18.90,0.0000,true,1,30209
7290012117558,false,מרכך כביסה קומפקט מאסק ורוד סנו מקסימה 1 ל',"סנו מפעלי ברונוס בע""",IL,סנו מקסימה מרכך קומפ,יחידה,0.00,יחידה,false,,18.90,0.0000,true,1,30211
7290012117589,false,כפפות סנו סושי לטקס L אריזת 100יח',ווינפאק,TH,L סנו סושי כפפות לטק,יחידה,0.00,יחידה,false,,44.90,0.0000,true,1,30214
7290012117732,false,סנו - מקסימה מרכך כביסה קול שחור 4 ליטר,"סנו מפעלי ברונוס בע""",IL,מרכך כביסה סנו מקסימ,ליטרים,4.00,ליטר,false,,22.90,5.7250,true,1,30219
7290012159275,false,מיונז אמיתי 430 גרם LINA,,,מיונז לינה 430גר' כש,גרמים,430.00,100 גרם,false,,8.90,2.0698,true,1,11197
7290012159480,false,קאווה גוטה דה מרוויה חצי יבש,,,קאווה גוטה דה מרוויה,מיליליטרים,700.00,"100 מ""ל",false,,26.90,3.8429,true,1,11203
7290012159497,false,קאווה גוטה דה מרוויה יבש,יושלם,IL,קאווה גוטה דה מרוויה,מיליליטרים,750.00,"100 מ""ל",false,,26.90,3.5867,true,1,11204
7290012191053,true,המנגליסט גפרור ארוך,,,המנגליסט גפרור ארוך,יחידה,0.00,יחידה,false,,5.90,0.0000,true,1,137430
7290012191084,false,המנגליסט גפרורים עשי,,IN,המנגליסט גפרורים עשי,יחידה,0.00,יחידה,false,,2.90,0.0000,true,1,7875
7290012193125,false,סוכרלוז מרמולייט 150 יחידות,מיוצר עי קונדיטוריית,CN,מרמולייט סוכרלוז 150,גרמים,150.00,100 גרם,false,,23.90,15.9333,true,1,5888
7290012227592,false,פסט' חרמון כפרי וסלמי תה זוגי זוגלובק 300X2ג' מחפוד,,,זוגלובק חרמון כפרי+ת,גרמים,700.00,100 גרם,false,,35.90,5.1286,true,1,39022
7290012227615,false,נקניקיות עוף זוגלובק 800 ג' מחפוד,,,מחפוד נקניקיות עוף ז,גרמים,800.00,100 גרם,false,,22.90,2.8625,true,1,39024
7290012227622,false,פסטרמה חרמון כפרית דבש 400גר מחפוד זוגלובק,,,זוגלובק פסטרמה בדבש,גרמים,400.00,100 גרם,false,,21.90,5.4750,true,1,39025
7290012227738,false,סלמי תה מעושן זוגלובק 370 ג' מחפוד,,,סלמי תה מעושן מחפוד,גרמים,370.00,100 גרם,false,,19.90,5.3784,true,1,39029
7290012227783,false,נקניק תה מעושן מחפוד זוגלובק 400ג',,,זוגלובק נקניק תה מעו,גרמים,400.00,100 גרם,false,,19.90,4.9750,true,1,39033
7290012228407,false,"נקניקיות ג'מבו מחפוד 1.5 ק""ג",,,נקניקיות ג'מבו מחפוד,קילוגרמים,1.50,"ק""ג",false,,40.90,27.2667,true,1,39057
7290012228629,false,נקניקיות עוף זוגלובק 800 גר' קהילות,,,נקניקיות עוף 800 גר',גרמים,800.00,100 גרם,false,,31.90,3.9875,true,1,39067
7290012228766,false,קבנוס מחפוד זוגלובק,,,קבנוס מחפוד זוגלובק,גרמים,120.00,100 גרם,false,,11.90,9.9167,true,1,132901
7290012260827,false,שערות קדאיף 475 גרם,,,שערות קדאיף 475 גרם,גרמים,475.00,100 גרם,false,,13.90,2.9263,true,1,49319
7290012313240,false,יבנה זיתים מיקס ירוק וקלמטה 560 גר',,,מיקס זית ירוק וקלמטה,גרמים,560.00,100 גרם,false,,10.90,1.9464,true,1,112623
7290012335006,false,סוכריות סודה רול מיני מארז משפחתי 375 ג',,,סוכריות רול מיני 33,גרמים,460.00,100 גרם,false,,15.90,3.4565,true,1,9681
7290012335020,false,סוכריות סודה שעון מארז משפחתי 375 גר',,,סוכריות סודה שעון מש,גרמים,490.00,100 גרם,false,,15.90,3.2449,true,1,9682
7290012372100,false,"קמח חיטה מלא 80% 1 ק""ג רובינפלד",,,קמח חיטה 80% רובינפל,קילוגרמים,1.00,"ק""ג",false,,10.90,10.9000,true,1,36801
7290012372117,false,"קמח 100% רובינפלד 1ק""ג",,,קמח חיטה מלא 100% רו,קילוגרמים,1.00,"ק""ג",false,,10.90,10.9000,true,1,36802
7290012372124,false,"קמח כוסמין 100% 1 ק""ג רובינפלד",,,קמח כוסמין 100% רובי,קילוגרמים,1.00,"ק""ג",false,,16.90,16.9000,true,1,246552
7290012372155,false,"קמח כוסמין 80% 1ק""ג רובינפלד",,,קמח כוסמין 80% רובינ,קילוגרמים,1.00,"ק""ג",false,,16.90,16.9000,true,1,36804
7290012372209,false,"קמח חיטה לבן 1 ק""ג רובינפלד",,,קמח חיטה לבן מנופה ר,קילוגרמים,1.00,"ק""ג",false,,7.90,7.9000,true,1,246525
7290012372247,false,"קמח כוסמין לבן 1 ק""ג רובינפלד",,,קמח כוסמין לבן רובינ,קילוגרמים,1.00,"ק""ג",false,,16.90,16.9000,true,1,246566
7290012404955,false,ספרינג קולקשן נקטר חמוציות 1.25 ל',"יפאורה תבורי בע""מ",IL,ספרינג נקטר חמוציות,ליטרים,1.25,ליטר,false,,12.50,10.0000,true,1,11618
7290012454172,false,"סוכריות לל""ס יוגורט תות שדה מיה 80 גר'",,,סוכריות ללא סוכר בטע,גרמים,80.00,100 גרם,false,,5.90,7.3750,true,1,15114
7290012454578,false,סוכריות קישוט לעוגה לבן 70 גר',מיה,IL,מיה קישוט לעוגה בצנצ,גרמים,70.00,100 גרם,false,,4.90,7.0000,true,1,15122
7290012454608,false,תן צ'אפ חטיף גלגלים 50 גר',,,תן צ'אפ גלגלים 50 גר,גרמים,50.00,100 גרם,false,,3.90,7.8000,true,1,15124
7290012522581,false,שניצל תירס טבעול ללא גלוטן 664 גר,טבעול,IL,טבעול שניצל תירס ללא,גרמים,664.00,100 גרם,false,,19.90,2.9970,true,1,19790
7290012557699,false,סביבון אור בליסטר,,,בליסטר סביבון אור,יחידה,0.00,יחידה,false,,3.90,0.0000,true,1,13182
7290012557972,false,עוגיות נמסות במילוי קרם אגוזים 150 ג',,,עוגיות נמסות במילוי,גרמים,150.00,100 גרם,false,,5.90,3.9333,true,1,13191
7290012642586,false,ערמונים קלופים תומר 100 ג',Tangshan huiyuan foo,IL,ערמונים קלופים וקלוי,גרמים,100.00,100 גרם,false,,5.90,5.9000,true,1,25069
7290012803215,false,וופל בלגי בטעם שוקולד 200 גר טוסו,בטר אנד דיפרנט,IL,טוסו וופל בלגי שוקול,גרמים,200.00,100 גרם,false,,10.50,5.2500,true,1,5904
7290012803222,false,וופל בלגי בטעם לימון 200 גר טוסו,בטר אנד דיפרנט,IL,טוסו וופל בלגי לימון,גרמים,200.00,100 גרם,false,,10.50,5.2500,true,1,5905
7290012803352,false,"רייד ארוסול קוטל מעופפים 300מ""ל",אס.סי.ג'ונסון מידרכט,NL,רייד תרסיס קוטל מעופ,מיליליטרים,300.00,"100 מ""ל",false,,16.90,5.6333,true,1,5908
7290012823251,false,אל סבון כיף יסמין לבנדר 1 ליטר,,,אל סבון יסמין לבנדר,ליטרים,1.00,ליטר,false,,12.90,12.9000,true,1,30252
7290012823398,false,מטליות חד פעמיות לניקוי הרצפה בניחוח מרכך כביסה 10יח' סנו,סנו מפעלי ברונו בעמ,IL,ריצפז מטליות לחות בנ,יחידה,0.00,יחידה,false,,11.90,0.0000,true,1,30255
7290012823558,false,סנו סושי מטליות לחות לריצפה ענק 10 יח,סנו מפעלי ברונוס בעמ,IL,סנו סושי מטליות ענק,יחידה,0.00,יחידה,false,,10.90,0.0000,true,1,30259
7290012823923,false,"מרכך כביסה פרפיום גולדן מקסימה 750 מ""ל סנו",סנו מפעלי ברונוס בעמ,IL,סנו מקסימה מרכך פרפי,מיליליטרים,750.00,"100 מ""ל",false,,18.90,2.5200,true,1,30276
7290012823947,false,"סנו - מרכך כביסה מרוכז פרפיום קריסטל נואר 750 מ""ל",מיוצר עי קונדיטוריית,IL,סנו מקסימה מרכך פרפי,מיליליטרים,750.00,"100 מ""ל",false,,18.90,2.5200,true,1,30278
7290012850035,false,מחית ביליבד תפוח ואפרסק 190ג',,,תפוח ואפרסק 190גרם B,גרמים,190.00,100 גרם,false,,5.90,3.1053,true,1,29494
7290012850073,false,מחית ביליבד סלט פירות 190ג',נובופרוך,,בי לאב מחית סלט פירו,גרמים,190.00,100 גרם,false,,5.90,3.1053,true,1,29496
7290012884986,false,צ'יפס לתנור קפוא תפוגן 1.5קר:ג,"תעשיות תפוגן בע""מ",IL,תפוגן ציפס לתנור עד,קילוגרמים,1.50,"ק""ג",false,,24.90,16.6000,true,1,19800
7290012931116,false,"מגב חד להב 40 ס""מ SH",,,"מגב חד להב 40 ס""מ SH",יחידה,0.00,יחידה,false,,23.90,0.0000,true,1,13504
7290012931611,false,שייני כריות ברזל שלשייה,,,כריות ברזל שלישייה,יחידה,0.00,יחידה,false,,6.90,0.0000,true,1,13512
7290012938405,false,דיימונד רדיד אלומיניום עבה במיוחד 7 מטר,,IL,דאיימונד נייר כסף 87,מטרים,7.60,מטר,false,,17.90,2.3553,true,1,3865
7290012938740,false,"משחת שיניים פרש מינט מנטה 75מ""ל סנסודיין",DE MICLEN,,משחת שיניים פרש מינט,מיליליטרים,75.00,"100 מ""ל",false,,21.90,29.2000,true,1,3870
7290012938924,false,"אקווה פרש מי פה מנטה 500 מ""ל",מולינו ניקולי s.p.a,,מי פה אקווה פרש 500,מיליליטרים,500.00,"100 מ""ל",false,,19.70,3.9400,true,1,3871
7290013010001,false,עגבניות מרוסקות פרי מבורך 240 גרם,,,עגבניות מרוסקות פרי,גרמים,260.00,100 גרם,false,,5.50,2.1154,true,1,8699
7290013010025,false,"רוטב מתובל לפיצה ""פרי מבורך"" 240 גרם",,,רוטב לפיצה פרי מבורך,גרמים,260.00,100 גרם,false,,5.50,2.1154,true,1,8701
7290013010032,false,"רוטב מתובל לשקשוקה ""פרי מבורך"" 240 גרם",,,רוטב לשקשוקה פרי מבו,יחידה,260.00,יחידה,false,,5.50,0.0212,true,1,8702
7290013027399,false,לחם קמח מלא קל בתוספת שיפון 750 ג' אנג'ל,מאפיית שלמה א. אנג'ל,IL,לחם 100 בתוספת שיפון,גרמים,750.00,100 גרם,false,,13.90,1.8533,true,1,35471
7290013083661,false,מטרנה אקסטרה קר שלב 1 חסכון 700 גר,מטרנה תעשיות ש.מ,IL,מטרנה אקסטרה קר חסכו,גרמים,700.00,100 גרם,false,,58.90,8.4143,true,1,18754
7290013083685,false,מטרנה אקסטרה קר שלב 3 חסכון 700 גר,מטרנה תעשיות ש.מ,IL,מטרנה אקסטרה קר שלב,גרמים,700.00,100 גרם,false,,58.90,8.4143,true,1,18756
7290013117212,false,בורקס פילו במילוי גבינה מעדנות 600 גר,מיוצר עי קונדיטוריית,IL,בורקס פילו גבינה מעד,גרמים,600.00,100 גרם,false,,19.90,3.3167,true,1,35625
7290013117229,false,"בורקס פילו במילוי תפו""א מעדנות 600 גר",מיוצר עי קונדיטוריית,IL,בורקס פילו תפוא מעדנ,גרמים,600.00,100 גרם,false,,19.90,3.3167,true,1,35626
7290013117526,false,בצק שמרים למאפים מתוקים מעדנות 900 ג',"מעדנות בע""מ",IL,מעדנות בצק שמרים למא,גרמים,900.00,100 גרם,false,,23.90,2.6556,true,1,35634
7290013121158,false,רביעיית לחמניות סנדויץ 460 גר קפוא,דולפין ספא,IL,רביעיית לחמניות סנדב,גרמים,460.00,100 גרם,false,,17.90,3.8913,true,1,49690
7290013144140,false,תערובת להכנת סופגניות ודונאט 600 גרם,מיוצר עי קונדיטוריית,IL,מימונס תערובת לסופגנ,גרמים,600.00,100 גרם,false,,17.50,2.9167,true,1,15338
7290013144171,false,תערובת עוגת שוקולד מימונס 560 ג',מיוצר עי קונדיטוריית,IL,תערובת עוגת שוקולד 5,גרמים,560.00,100 גרם,false,,17.50,3.1250,true,1,15341
7290013144195,false,תערובת כדורי שוקולד מימונס 500 ג',מיוצר עי קונדיטוריית,IL,תערובת כדורי שוקולד,גרמים,500.00,100 גרם,false,,17.50,3.5000,true,1,15343
7290013144218,false,תערובת עוגת וניל מימונס 560 ג',מיוצר עי קונדיטוריית,IL,תערובת עוגת וניל 560,גרמים,560.00,100 גרם,false,,17.50,3.1250,true,1,15345
7290013144232,false,פודינג בטעם וניל מימונס 80 ג',מיוצר עי קונדיטוריית,IL,פודינג וניל מימונס 8,גרמים,80.00,100 גרם,false,,4.90,6.1250,true,1,15347
7290013144270,false,קרם פטיסייר מימונס 100 ג',מיוצר עי קונדיטוריית,IL,קרם פטיסייר 100 גרם,גרמים,100.00,100 גרם,false,,10.90,10.9000,true,1,15350
7290013144287,false,ג'לי בטעם תות מימונס 85 ג',א.ל ייצור ושיווק תבל,IL,ג`לי תות 85 גרם,גרמים,85.00,100 גרם,false,,6.50,7.6471,true,1,15351
7290013144317,false,גלילית וופל למילוי מימונס 18 יח',הגביע מוצרי וופלים ב,IL,ג`וני - גלילית וופל,גרמים,400.00,100 גרם,false,,23.90,5.9750,true,1,15352
7290013144393,false,"תמצית בטעם וניל מימונס 50 מ""ל",מיוצר עי קונדיטוריית,IL,תמצית בטעם וניל 50גר,גרמים,50.00,100 גרם,false,,4.90,9.8000,true,1,15356
7290013144409,false,"תמצית בטעם רום מימונס 50 מ""ל",מיוצר עי קונדיטוריית,IL,תמצית בטעם רום 50גר,מיליליטרים,50.00,"100 מ""ל",false,,4.90,9.8000,true,1,15357
7290013144539,false,צבע מאכל אדום מימונס 50 ג',מיוצר עי קונדיטוריית,IL,צבע מאכל אדום 50גר,גרמים,50.00,100 גרם,false,,4.90,9.8000,true,1,15363
7290013144751,false,סירופ בטעם מייפל מימונס 500 ג',,,מימונס סירופ בטעם מי,מיליליטרים,500.00,"100 מ""ל",false,,13.90,2.7800,true,1,15366
7290013144768,false,סירופ בטעם שוקולד מימונס 500ג',,,מימונס סירופ בטעם שו,מיליליטרים,500.00,"100 מ""ל",false,,13.90,2.7800,true,1,15367
7290013144812,false,אבקת אייס קפה וניל 320 גרם מימונס,,IL,אייס קפה וניל 320 גר,גרמים,320.00,100 גרם,false,,17.90,5.5937,true,1,276915
7290013144911,false,מימונס מיקס שוקולד צ'יפס מריר וחלב 250 גרם,,IL,מיקס שוקולד צ'יפס מר,גרמים,250.00,100 גרם,false,,15.90,6.3600,true,1,322085
7290013145031,false,אגוזי לוז מסוכרים מימונס 100 ג',מיוצר עי קונדיטוריית,IL,מימונס ברס אגוזי לוז,גרמים,100.00,100 גרם,false,,12.90,12.9000,true,1,15374
7290013145055,false,פרג שלם מימונס 100 ג',,,פרג שלם 100גר,גרמים,100.00,100 גרם,false,,6.90,6.9000,true,1,15376
7290013145109,false,שקד מולבן טחון מימונס 100 ג',,,מימונס שקד מולבן טחו,גרמים,100.00,100 גרם,false,,12.90,12.9000,true,1,15380
7290013145123,false,שקד מולבן פרוס מימונס 100 ג',,,מימונס שקד מולבן פרו,גרמים,100.00,100 גרם,false,,12.90,12.9000,true,1,15382
7290013145178,false,קוקוס טחון לבן מימונס 100 ג',,IL,קוקוס טחון לבן 100 ג,גרמים,100.00,100 גרם,false,,4.90,4.9000,true,1,15386
7290013145215,false,שומשום מימונס 400 ג',מיוצר עי קונדיטוריית,IL,שומשום 400גר,גרמים,400.00,100 גרם,false,,15.90,3.9750,true,1,15388
7290013145277,false,עלים לקמשניט מימונס 300 גרם,,IL,עלים לקרמשניט 300 גר,גרמים,300.00,100 גרם,false,,18.90,6.3000,true,1,15390
7290013145406,false,שוקולד ציפס לבן מימונס 250 ג',אינטרגטה תעשיות מזון,IL,מימונס שוקולד ציפס ל,גרמים,250.00,100 גרם,false,,9.90,3.9600,true,1,15393
7290013145444,false,שוקולד מריר מעולה ציפס 66% מימונס 250 ג',המאפיה של הרמן,IL,מימונס שוקולד ציפס 6,גרמים,250.00,100 גרם,false,,16.90,6.7600,true,1,15396
7290013145451,false,אבקת קקאו מימונס 150 ג',מיוצר עי קונדיטוריית,IL,מימונס קקאו 150 גר,גרמים,150.00,100 גרם,false,,9.90,6.6000,true,1,15397
7290013145536,false,סוכריות בטעם שוקולד לקישוט מימונס 85 ג',,,סוכריות בטעם שוקולד,גרמים,90.00,100 גרם,false,,5.90,6.5556,true,1,15400
7290013145567,false,מיני מיני עדשים מימונס 90 ג',מיוצר עי קונדיטוריית,IL,מיני מיני עדשים 90גר,גרמים,90.00,100 גרם,false,,11.90,13.2222,true,1,15401
7290013145574,false,ערכה לקישוט מימונס 100 ג',א.ל ייצור ושיווק תבל,IL,ערכה לקישוט 100 גרם.,גרמים,100.00,100 גרם,false,,11.90,11.9000,true,1,15402
7290013145628,false,סוכריות צבעוניות לקישוט מימונס 200 ג',א.ל ייצור ושיווק תבל,IL,סוכריות צבעוניות לקי,גרמים,200.00,100 גרם,false,,9.90,4.9500,true,1,15404
7290013145826,false,פודניג בטעם וניל לבן במיוחד מימונס 80 ג',א.ל ייצור ושיווק תבל,IL,מימונס פודינג בטעם ו,גרמים,80.00,100 גרם,false,,5.90,7.3750,true,1,15416
7290013145840,false,סוכר וניל מימונס 10* 10 ג',מיוצר עי קונדיטוריית,IL,מימונס סוכר וניל 10*,גרמים,100.00,100 גרם,false,,2.90,2.9000,true,1,15418
7290013145857,false,מימונס אבקת אפיה 10* 10ג',י. כהן בעמ,IL,אבקת אפיה 10* 10 גרם,גרמים,100.00,100 גרם,false,,2.90,2.9000,true,1,15419
7290013145918,false,אבקת סוכר 100 ג' מימונס,א.ל. ייצור ושיווק תב,IL,אבקת סוכר 100 גרם,גרמים,100.00,100 גרם,false,,2.90,2.9000,true,1,15423
7290013145949,false,אבקת סוכר אריזת פטנט 250 גר,מיוצר עי קונדיטוריית,IL,אבקת סוכר באריזת פטנ,גרמים,250.00,100 גרם,false,,17.90,7.1600,true,1,15425
7290013145963,false,שמרים יבשים בוואקום מימונוס 125 ג',,,מימונס שמרים יבשים ב,גרמים,125.00,100 גרם,false,,5.90,4.7200,true,1,15427
7290013145970,false,קורנפלור מימונס בשקית 200 ג',א.ל ייצור ושיווק תבל,IL,מימונס קורנפלור 200,גרמים,200.00,100 גרם,false,,4.90,2.4500,true,1,15428
7290013146243,false,פודינג בטעם וניל מימונס 320 גרם,,,פודינג בטעם וניל 320,גרמים,320.00,100 גרם,false,,18.90,5.9062,true,1,293027
7290013146304,false,קורנפלור מימונס 500 ג',,,מימונס קורנפלור 500,גרמים,500.00,100 גרם,false,,6.90,1.3800,true,1,15440
7290013146410,false,מיני מרנג בצבע כחול מימונס 60 ג',,IL,נשיקות לקישוט צבע כח,יחידה,0.00,יחידה,false,,15.90,0.0000,true,1,65237
7290013146489,false,קונוסים מבצק עלים מימונס 120 ג',,,קונוסים מבצק עלים 12,גרמים,120.00,100 גרם,false,,14.90,12.4167,true,1,145524
7290013146656,false,כוכבים תכלת ירוק לבן לקישוט 60 גרם,"מימונס אפיה בע""מ",IL,כוכבים צבעוניים לקיש,יחידה,0.00,יחידה,false,,11.90,0.0000,true,1,65267
7290013146663,false,סוכריות קונפטי לקישוט מימונס 55 ג',"מימונס אפיה בע""מ",IL,קונפטי לקישוט צבעוני,גרמים,55.00,100 גרם,false,,11.90,21.6364,true,1,65268
7290013146670,false,סוכריות לב סגול ורוד לבן לקישוט 60 גרם,"מימונס אפיה בע""מ",IL,סוכריות לב צבעוניות,יחידה,0.00,יחידה,false,,11.90,0.0000,true,1,65384
7290013146724,false,אבקת אייס קפה 350 גרם מימונס,,,אייס קפה להכנה ביתית,גרמים,350.00,100 גרם,false,,17.90,5.1143,true,1,207209
7290013146762,false,מימונס קצפת 24% 200 גרם,,IL,קצפת לזילוף 24% שומן,גרמים,500.00,100 גרם,false,,6.90,1.3800,true,1,185195
7290013146854,false,קוקוס לבן טחון מימונס 400 ג',,IL,מיימונס קוקוס לבן טח,גרמים,400.00,100 גרם,false,,14.90,3.7250,true,1,15444
7290013153395,false,פריגת סחוט טרי רימונים 1ליטר,,,פריגת סחוט רימונים 1,ליטרים,1.00,ליטר,false,,22.90,22.9000,true,1,6414
7290013220134,false,פירות יער 500 גרם בק,יושלם,,פירות יער 500 גרם בק,גרמים,500.00,100 גרם,false,,19.90,3.9800,true,1,51589
7290013262295,false,רדיד 200 עובי 18 מיק,,,רדיד 200 עובי 18 מיק,יחידה,0.00,יחידה,false,,24.90,0.0000,true,1,28104
7290013268020,false,סנו - מקסימה מרכך כביסה מרוכז אולטרה פרש 1 ליטר,"סנו מפעלי ברונוס בע""",IL,סנו מקסימה אולטרא פר,יחידה,0.00,יחידה,false,,18.90,0.0000,true,1,30280
7290013268242,false,נוזל רצפות ריצפז פרש הום מלון מפנק 2 ל,"סנו מפעלו ברונוס בע""",IL,ריצפז פרש הום בניחוח,ליטרים,2.00,ליטר,false,,21.90,10.9500,true,1,30288
7290013268563,false,"קרמה - דאודורנט ספריי לגבר ללא אלומיניום כחול קול 200 מ""ל",מיוצר עי אמיליה קוסמ,IL,דאודורנט ספרי קרמה מ,מיליליטרים,200.00,"100 מ""ל",false,,13.90,6.9500,true,1,30299
7290013268884,false,סנו ריצפז פרש 2 ליטר מאסק,מיוצר עי קונדיטוריית,IL,ריצפז פרש מאסק 2 ליט,ליטרים,2.00,ליטר,false,,18.90,9.4500,true,1,30315
7290013268891,false,אוקסיג'ן ג'ל מסיר כתמים 3 ל' סנו,"סנו מפעלי ברונוס בע""",IL,סנו אוקסיג'ן 3 ליטר,ליטרים,3.00,ליטר,false,,30.90,10.3000,true,1,30316
7290013268983,false,מרכך כביסה סופר מרוכז בבישום עוצמתי סנו מקסימה 1 ל',"סנו מפעלי ברונוס בע""",IL,מקסימה מרכך כביסה בב,יחידה,0.00,יחידה,false,,18.90,0.0000,true,1,153650
7290013268990,false,סנו - מקסימה מרכך כביסה מרוכז ביו 1 ליטר,"סנו מפעלי ברונוס בע""",IL,סנו מקסימה מרכך מרוכ,יחידה,0.00,יחידה,false,,18.90,0.0000,true,1,30320
7290013269003,false,סנו - מקסימה מרכך כביסה מרוכז בייבי 1 ליטר,"סנו מפעלי ברונוס בע""",IL,סנו מקסימה קר בייבי,ליטרים,1.00,ליטר,false,,19.90,19.9000,true,1,30321
7290013269287,false,סנו - מקסימה ג'ל כביסה מרוכז מאסק 3 ליטר,"סנו מפעלי ברונוס בע""",IL,מקסימה מאסק גל כביסה,ליטרים,3.00,ליטר,false,,33.90,11.3000,true,1,30328
7290013269300,false,סנו סושי ניילון נצמד ללא PVC,"מיוצר בהונג קונג, סי",IL,סנו סושי פלסטיק נצמד,מטרים,150.00,מטר,false,,23.90,0.1593,true,1,30329
7290013269669,false,ריצפז נוזל רצפות פנטזיה 3 ליטר,"סנו מפעלי ברונוס בע""",IL,ריצפז פנטזיה 3ל,ליטרים,3.00,ליטר,false,,12.90,4.3000,true,1,30339
7290013269751,false,מטליות לחותריצפז פרש לניקוי ריצפה בניחות מלון בוטיק 10 יח' סנו,טרופיקל דגיל תעשיות,IL,ריצפז מטליות לחות לנ,יחידה,0.00,יחידה,false,,11.90,0.0000,true,1,30342
7290013269850,false,סנו - סושי נייר אפייה אקולוגי 50 יח',מולינו ניקולי s.p.a,IL,סנו סושי נייר אפיה א,יחידה,0.00,יחידה,false,,17.90,0.0000,true,1,30346
7290013284310,false,רוטב פסטה לילדים 240 גרם פריניר,פריניר ( הדס 1987) ב,IL,רוטב לפסטה לילדים פר,גרמים,240.00,100 גרם,false,,4.90,2.0417,true,1,41308
7290013358356,false,מאסטר שף - פירורי לחם מוזהבים 320 גרם,מנה י.א בעמ,IL,מאסטר שף פירורי לחם,גרמים,350.00,100 גרם,false,,8.90,2.5429,true,1,21487
7290013358363,false,פירורי לחם פנקו מזוהבים מאסטר שף מנה 300 ג',קריניציה ויטמינה אס,IL,מאסטר שף פירורי לחם,גרמים,300.00,100 גרם,false,,9.90,3.3000,true,1,21488
7290013358370,false,פירורי לחם פנקו מוזהבים שום 300 גרם מנה,"מיוצר ע""י מנה י.א בע",IL,מאסטר שף פירורי לחם,גרמים,300.00,100 גרם,false,,9.90,3.3000,true,1,21489
7290013358417,false,מנה אסייאתי רוטב טריאקי 300 מל מאסטר שף,קריניציה ויטמינה אס,TH,מאסטר שף אסייאתי רוט,מיליליטרים,300.00,"100 מ""ל",false,,12.90,4.3000,true,1,21492
7290013358530,false,מאסטר שף אסייאתי רוטב צ'ילי מתוק 700 מל,קריניציה ויטמינה אס,TH,מאסטר שף רוטב צ'ילי,מיליליטרים,700.00,"100 מ""ל",false,,12.90,1.8429,true,1,21502
7290013358547,false,מאסטר שף אסייאתי רוטב צ'ילי חריף 700 מל,מסוונג רונרוג בעמ,TH,מאסטר שף רוטב צ'ילי,מיליליטרים,700.00,"100 מ""ל",false,,12.90,1.8429,true,1,21503
7290013358806,false,מנה מאגדת פריכיות עם מלח 264 גרם,מנה,IL,מאגדת פריכיות עם מלח,גרמים,264.00,100 גרם,false,,12.90,4.8864,true,1,21509
7290013382382,false,קומקום נירוסטה נשלף.,,,קומקום נירוסטה נשלף.,יחידה,0.00,יחידה,false,,65.90,0.0000,true,1,85365
7290013382399,false,בלנדר מקל.,,,בלנדר מקל.,יחידה,0.00,יחידה,false,,59.90,0.0000,true,1,85408
7290013389077,false,"עלי טורטיה מקמח חיטה 25ס""מ 8יח' תומר 420 ג'",,IL,6 טורטיות חיטה תומר,גרמים,425.00,100 גרם,false,,7.90,1.8588,true,1,25085
7290013389381,false,"1 קֿֿֿֿ""ג 10X( פולנטה) קמח תירס",,IL,"קמח תירס תומר 1 ק""ג",קילוגרמים,1.00,"ק""ג",false,,10.80,10.8000,true,1,25098
7290013412966,false,טולי רביעיית מגבונים לחים,,,תולי מגבונים לחים 4*,יחידה,0.00,יחידה,false,,10.50,0.0000,true,1,29510
7290013424822,false,ברוקולי א.ישראל ארוז,,,ברוקולי א.ישראל ארוז,גרמים,700.00,100 גרם,false,,22.90,3.2714,true,1,333957
7290013440648,false,מאגדת שלגוני אבטיח נסטלה 108X5ג',גלידות נסטלה (נגה גל,IL,אבטיח קרחונים מאגדת,גרמים,540.00,100 גרם,false,,24.90,4.6111,true,1,16107
7290013525253,false,שמיר טחינה מיוחדת 16,,,שמיר טחינה מיוחדת 16,גרמים,160.00,100 גרם,false,,5.90,3.6875,true,1,17721
7290013525260,false,שמיר חציל במיונז 160,,,שמיר חציל במיונז 160,גרמים,160.00,100 גרם,false,,5.90,3.6875,true,1,17722
7290013525710,false,חומוס עם טחינה 160 גרם,,,שמיר חומוס עם טחינה,גרמים,160.00,100 גרם,false,,5.90,3.6875,true,1,17725
7290013525789,false,אריסה מרוקאית שמיר 150 גר',,,שמיר אריסה מרוקאית ח,גרמים,150.00,100 גרם,false,,8.90,5.9333,true,1,17729
7290013525796,false,סחוג תימני שמיר 150 גר',,IL,שמיר סחוג תימני 150ג,גרמים,150.00,100 גרם,false,,8.90,5.9333,true,1,17730
7290013531346,false,סירופ דיאט לימונענע יכין 1 ליטר,,,סירופ דיאט לימונענע,ליטרים,1.00,ליטר,false,,16.90,16.9000,true,1,8716
7290013531582,false,מארז זיתים ירוקים מגולענים יכין 200 גרם,קרלו,IL,זיתים חרוזית מגולעני,גרמים,600.00,100 גרם,false,,11.90,1.9833,true,1,8724
7290013531759,false,שעועית אפויה במים 550 ג' יכין,"זנלכל בע""מ",IL,שעועית אפויה במים יכ,גרמים,550.00,100 גרם,false,,9.90,1.8000,true,1,8733
7290013534057,false,"צ'יפס בטטה טבעי מיה 100ג' 'כשל""פ",,,מיה ציפס בטטה טבעי 1,גרמים,100.00,100 גרם,false,,7.90,7.9000,true,1,15128
7290013585233,false,"ספרייט ZERO פחית סליק 330 מ""ל",קוקה קולה,IL,פחית סליק 330 מל ZER,מיליליטרים,330.00,"100 מ""ל",false,,5.50,1.6667,true,1,7070
7290013585387,false,קוקה קולה זירו בקבוק,החברה המרכזית לייצור,IL,קולה זירו 1 ליטר,ליטרים,1.00,ליטר,false,,6.90,6.9000,true,1,7082
7290013585394,false,קוקה קולה 1 ליטר,החברה המרכזית לייצור,IL,קוקה קולה 1 ליטר,ליטרים,1.00,ליטר,false,,7.50,7.5000,true,1,7083
7290013625403,false,חצאי אפרסק צ'וי בסירופ 820 גרם,,IL,חצאי אפרסקים פרימיום,גרמים,470.00,100 גרם,false,,12.90,2.7447,true,1,9736
7290013625922,false,אטריות דקות טעמן 400 ג,,,איטריות דקות טעמן 40,גרמים,400.00,100 גרם,false,,4.90,1.2250,true,1,9746
7290013677013,false,גריסים בוואקום מיה 500 גר',,,גריסים בואקום מיה 50,גרמים,500.00,100 גרם,false,,6.90,1.3800,true,1,15130
7290013677020,false,שעועית לבנה בוואקום מיה 500 גר',,,שעועית לבנה בואקום 5,גרמים,500.00,100 גרם,false,,8.90,1.7800,true,1,15131
7290013677037,false,עדשים ירוקים בוואקום מיה 500 גר',,,עדשים ירוקות בואקום,גרמים,500.00,100 גרם,false,,10.90,2.1800,true,1,15132
7290013677044,false,עדשים אדומים בוואקום מיה 500 גר',,,עדשים אדומות סלקטד 5,גרמים,500.00,100 גרם,false,,9.90,1.9800,true,1,15133
7290013677068,false,כוסמת בוואקום מיה 500 גר',,,כוסמת סלקטד מיה 500,גרמים,500.00,100 גרם,false,,9.90,1.9800,true,1,15135
7290013677075,false,חיטה בוואקום מיה 500 גר',,,חיטה בואקום מיה 500,גרמים,500.00,100 גרם,false,,6.90,1.3800,true,1,15136
7290013677105,false,אפונה בוואקום 500 גר',,,אפונה בואקום מיה 500,גרמים,500.00,100 גרם,false,,6.90,1.3800,true,1,15139
7290013677112,false,בורגול בוואקום מיה 500 גר',,,בורגול סלקטד 500גרם,גרמים,500.00,100 גרם,false,,6.90,1.3800,true,1,15140
7290013677129,false,שעועית מעורבת בוואקום מיה 500 גר',,,מיה סלקטד שעועית מעו,גרמים,500.00,100 גרם,false,,8.90,1.7800,true,1,15141
7290013677204,false,תן צ'אפ חטיף כריות טבעי 50 גר',,,תן צאפ כריות בטעם טב,גרמים,50.00,100 גרם,false,,3.50,7.0000,true,1,15148
7290013677211,false,תן צ'אפ חטיף כריות קטשופ 50 גר',,,תן צ'אפ כריות בטעם ק,גרמים,50.00,100 גרם,false,,3.90,7.8000,true,1,15149
7290013677259,false,תבלין זעתר 50 גרם שקית,,IL,זעתר 50 גרם בשקית,גרמים,50.00,100 גרם,false,,3.90,7.8000,true,1,15151
7290013677266,false,תערובת תיבול לפיצה בשקית,,IL,תבלין לפיצה 80 גרם ב,גרמים,80.00,100 גרם,false,,3.90,4.8750,true,1,15152
7290013677303,false,תבלין חוויג תימני 50 גרם שקית,,IL,חוויג' תימני 50 גרם,גרמים,50.00,100 גרם,false,,3.90,7.8000,true,1,15156
7290013677327,false,תבלין אבקת קארי 80 גרם-שקית,,,אבקת קארי 80גרם שקית,גרמים,80.00,100 גרם,false,,3.90,4.8750,true,1,15158
7290013677419,false,תן צ'אפ טבעות בטעם שמנת בצל,,,תן צ'אפ פלאפל 50 גרם,גרמים,50.00,100 גרם,false,,3.50,7.0000,true,1,15166
7290013677426,false,תן צ'אפ חטיף קטשופ 60 גר',,,תן צ'אפ קטשופ 60 גרם,גרמים,60.00,100 גרם,false,,3.50,5.8333,true,1,15167
7290013677648,false,שמן זית למאור 1 ליטר,,,שמן זית למאור 1 ל' ב,ליטרים,1.00,ליטר,false,,14.90,14.9000,true,1,15171
7290013677686,false,תבלין פפריקה מרוקאית 80 גרם בשקית,,IL,פפריקה מרוקאית בשקית,גרמים,80.00,100 גרם,false,,3.90,4.8750,true,1,15175
7290013677693,false,תבלין פלפל שחור גרוס שקית 50 גרם,,IL,מיה פלפל שחור גרוס ב,גרמים,80.00,100 גרם,false,,7.90,9.8750,true,1,15176
7290013677839,false,"בורגול יבש מיה 1 ק""ג",מיה,IL,בורגול 1 ק'ג,קילוגרמים,1.00,"ק""ג",false,,7.90,7.9000,true,1,15182
7290013702036,false,"שוופס וואטר אפרסק 500מ""ל",יפאורה תבורי בעמ,IL,שוופס אפרסק ווטר 0.5,מיליליטרים,500.00,"100 מ""ל",false,,5.50,1.1000,true,1,11623
7290013702050,false,"שוופס וואטר ענבים 500מ""ל",,,שוופס ענבים ווטר 0.5,מיליליטרים,500.00,"100 מ""ל",false,,5.50,1.1000,true,1,11625
7290013702388,false,"שוופס וואטר תפוח 500מ""ל",יפאורה תבורי בעמ,IL,שוופס תפוח ווטר 0.5,מיליליטרים,500.00,"100 מ""ל",false,,5.50,1.1000,true,1,11630
7290013702883,false,"שוופס מוגז פינק למונייד 500 מ""ל",,,משקה פינק למונייד שו,מיליליטרים,500.00,"100 מ""ל",false,,5.90,1.1800,true,1,11647
7290013725820,false,אגוזי לוז בשוקולד מריר 140 גר שקדיה,"דין שיווק וקליה בע""מ",IL,אגוזי לוז בציפוי שוק,גרמים,140.00,100 גרם,false,,10.90,7.7857,true,1,4674
7290013793102,false,ערכת נוזלי עטרת מלכו,,,ערכת נוזלי עטרת מלכו,יחידה,0.00,יחידה,false,,70.90,0.0000,true,1,18011
7290013847867,false,מארז זוג טונה בשמן סויה 140 ג' סטארקיסט,טונה ויטנאם קו. אל.ט,IL,נתחי טונה בהירה בשמן,גרמים,140.00,100 גרם,false,,12.90,9.2143,true,1,325820
7290013848345,false,מארז מטליות לחות לחיטוי שלישיה 3 * 50 יח' סנו,סנו מפעלי ברונוס בעמ,IL,מטליות לחות לחיטוי י,יחידה,0.00,יחידה,false,,22.90,0.0000,true,1,30357
7290013848420,false,דאודורנט גל קרמה מן אנטיפרספירנט 70 מל,גוד פוד פרודקטס S.p,IL,דאודורנט ג'ל קרמה מן,יחידה,70.00,יחידה,false,,13.90,0.1986,true,1,30359
7290013848437,false,"קרמה - דאודורנט ספריי לגבר אקטיב בלוק 200 מ""ל",מיוצר עי אמיליה קוסמ,IL,דאודורנט ספריי קרמה,מיליליטרים,200.00,"100 מ""ל",false,,13.90,6.9500,true,1,30360
7290013906250,false,סלמי הודו טירת צבי 200 גרם מהדרין,,IL,טירת צבי סלמי מהדרין,גרמים,200.00,100 גרם,false,,9.90,4.9500,true,1,25377
7290013906267,false,נקניק כפרית ט.צבי 200 ג' מהדרין,,IL,טירת צבי כפרית מהדרי,גרמים,200.00,100 גרם,false,,9.90,4.9500,true,1,25378
7290013906335,false,צמד נקניק קהילות ט.צבי 600 ג',,IL,טירת צבי צמד נקניקים,גרמים,600.00,100 גרם,false,,29.90,4.9833,true,1,25384
7290013906694,false,נקניקיות שקית קילו וחצי טירת צבי,הנסיך- מפעל לייצור ט,IL,"נקניקיות עוף 1.5 ק""ג",קילוגרמים,1.50,"100 ק""ג",false,,34.90,2326.6667,true,1,228569
7290013906700,false,"נקניקיות הודו טירת צבי כשרות הרב מחפוד 1.5 ק""ג",,IL,"נקניקיות הודו 1.5 ק""",קילוגרמים,1.50,"100 ק""ג",false,,29.90,1993.3333,true,1,228555
7290013906991,false,סלמי מהדרין מחפוד 400 ג' טירת צבי,,,סלמי מהדרין 400 גרם-,גרמים,400.00,100 גרם,false,,16.90,4.2250,true,1,25404
7290013927200,false,עוגת שוקולד צ'יפס עשירה אחווה 400ג',,,אחווה עוגת שוקולד צי,גרמים,400.00,100 גרם,false,,11.90,2.9750,true,1,755
7290013927323,false,עוגת בראוניס אחווה 400 גר',,,עוגת בראוניס אחוה 40,גרמים,400.00,100 גרם,false,,11.90,2.9750,true,1,758
7290013927996,false,עוגת שמרים קראץ' בטעם שוקולד 400 גר',,,עוגת שמרים קרנץ בטעם,גרמים,400.00,100 גרם,false,,10.90,2.7250,true,1,232070
7290014002203,false,תה ויסוצקי חליטת לימונית ולואיזה 20יח',HIQ FOOD PRODUCTS,IL,תה חליטת לימונית ולו,גרמים,37.50,100 גרם,false,,17.90,47.7333,true,1,24732
7290014059085,false,"משחת שיניים סנסודיין 75 מ""ל פרימיום לשיקום והגנה",DE MICLEN,,משחה לשיקום והגנה סנ,מיליליטרים,75.00,"100 מ""ל",false,,24.90,33.2000,true,1,3886
7290014059436,false,"משחת שיניים סנסודיין 75 מ""ל פרימיום לשיקום והגנה מלבינה 75 מ""ל",DE MICLEN,,משחת שיניים לשיקום ס,מיליליטרים,75.00,"100 מ""ל",false,,24.90,33.2000,true,1,3892
7290014079076,false,נבטי אלפלפא יח,"מרינה פטריות הגליל בע""מ",IL,נבטי אלפלפא,יח',1.00,יח',false,,6.90,6.9000,true,1,41516
7290014083806,false,עוגיות בטעם חמאה 350 גרם בפח,דן קייק,PT,וילי פוד עוגיות בטעם,גרמים,350.00,100 גרם,false,,15.50,4.4286,true,1,2981
7290014095861,false,שיבולת שועל דקה 500 גרם קוואקר,"דין שיווק וקליה בע""מ",,שיבולת שועל דקה קווא,גרמים,500.00,100 גרם,false,,4.90,0.9800,true,1,4731
7290014095960,false,שיבולת שועל עבה 500 גרם קוואקר,"דין שיווק וקליה בע""מ",,שיבולת שועל עבה קווא,גרמים,500.00,100 גרם,false,,4.90,0.9800,true,1,4734
7290014218482,false,"מעדנות חטיפי פיצה גבינה בד""ץ",,,חטיפי פיצה גבינה 650,גרמים,650.00,100 גרם,false,,30.90,4.7538,true,1,35655
7290014218505,false,"פיצת מעדנות שלישייה בחבק 1.08 ק""ג",,,פיצה 3 יח 360 גרם בד,קילוגרמים,1.08,"ק""ג",false,,32.90,30.4630,true,1,35657
7290014256620,false,"יין מבעבע קריניאנו באזז יקבי כרמל 750 מ""ל","כד בני דרום בע""מ",IL,יין באזז קריניאנו 75,מיליליטרים,750.00,"100 מ""ל",false,,27.90,3.7200,true,1,559
7290014256637,false,"יין מבעבע מוסקטו באזז יקבי כרמל 750 מ""ל","כד בני דרום בע""מ",IL,יין באזז מוסקטו 750מ,מיליליטרים,750.00,"100 מ""ל",false,,27.90,3.7200,true,1,560
7290014325036,false,סוכריות ג'לי שמחה 600 גר',,IL,ג'לי שמחות 600 גרם,גרמים,600.00,100 גרם,false,,19.90,3.3167,true,1,15186
7290014325043,false,"פודינג וניל 1 ק""ג שקית",,,מיה פודינג וניל 1 ק`,קילוגרמים,1.00,"ק""ג",false,,17.90,17.9000,true,1,15187
7290014325067,false,תן צ'אפ חטיף כריות טבעי 12 גר',,,1/8 'תן צ'אפ כריות 1,גרמים,96.00,100 גרם,false,,7.90,8.2292,true,1,15189
7290014325074,false,תן צ'אפ חטיף כריות קטשופ 12 גר',,,1/8 תן צ'אפ כריות קט,גרמים,96.00,100 גרם,false,,7.90,8.2292,true,1,15190
7290014325531,false,חמאת בוטנים מיה 500 גר',,,חמאת בוטנים 500 גרם,גרמים,500.00,100 גרם,false,,11.90,2.3800,true,1,15202
7290014397279,false,סנו סושי שקיות מזון XL 300 יח,הורביץ סחר,CN,סנו סושי שקיות מזון,יחידה,0.00,יחידה,false,,13.90,0.0000,true,1,30405
7290014397286,false,מרכך כביסה מקסימה מרוכז חלב ודבש 1 ל' סנו,,,סנו מקסימה קר מרכך מ,ליטרים,1.00,ליטר,false,,18.90,18.9000,true,1,30406
7290014397453,false,סנו אוקסיגן גל מסיר כתמים כביסה לבנה 3 ל,,IL,סנו אוקסיג'ן לכביסה,ליטרים,3.00,ליטר,false,,30.90,10.3000,true,1,30410
7290014397767,false,סנו ריצפז פרש הום כותנה מלטפת 2 ליטר,"סנו מפעלי ברונוס בע""",IL,ריצפז פרש הום כותנה,ליטרים,2.00,ליטר,false,,21.90,10.9500,true,1,30432
7290014397873,false,מרכך כביסה סנו מקסימה גנטל בריז 4 ל,,IL,מרכך כביסה סנו מקסימ,ליטרים,4.00,ליטר,false,,22.90,5.7250,true,1,30440
7290014435803,false,מטיאס הולנדי עם בצל בשמן 200 גר,"סלטי שמיר 2006 בע""מ",IL,מטיאס הולנדי פרובנצי,גרמים,180.00,100 גרם,false,,18.90,10.5000,true,1,17741
7290014435810,false,הרינג כבוש ובצל במרינת חמוץ מתוק שמיר 180 ג',"סלטי שמיר 2006 בע""מ",IL,הרינג כבוש עם בצל במ,גרמים,180.00,100 גרם,false,,18.90,10.5000,true,1,17742
7290014435834,false,מקרל מעושן פרוס בשמן 180 גר',"סלטי שמיר 2006 בע""מ",,מקרל מעושן פרוס בשמן,גרמים,180.00,100 גרם,false,,24.90,13.8333,true,1,17744
7290014455245,false,גבינה גרנה פדנו משולש גד 200 גר',מחלבת סוציאלה מנטובה,IT,גד גרנה פדנו משולש כ,גרמים,200.00,100 גרם,false,,25.90,12.9500,true,1,14689
7290014455467,false,ירח מתוק מעדן חלב 2% ושיבולת שועל גד 150ג',מחלבות גד,IL,גד מעדן שיבולת שועל,מיליליטרים,150.00,"100 מ""ל",false,,6.40,4.2667,true,1,14698
7290014459373,false,"צ'יפס קראנצ'י לתנור קפוא תפוגן 1.5ק""ג",,IL,תפוגן ציפס קראנצי 1.,קילוגרמים,1.50,"ק""ג",false,,27.90,18.6000,true,1,19815
7290014459472,false,"צ'יפס קפוא תפוגן 2 ק""ג כשל""פ",,IL,תפוגן צ`יפס קלאסי 2,קילוגרמים,2.00,"ק""ג",false,,28.90,14.4500,true,1,19817
7290014466609,false,יין מרלו גמלא 2020 750 מל,יקב רמת הגולן,IL,יין גמלא מרלו 2012 7,מיליליטרים,750.00,"100 מ""ל",false,,55.90,7.4533,true,1,41629
7290014471443,false,"גרנולה צימוקים אגוז שקד 1 ק""ג כתום שקדיה",,,גרנולה צימוקים אגוזי,קילוגרמים,1.00,"ק""ג",false,,18.90,18.9000,true,1,4738
7290014473676,false,חמאת בוטנים טבעית טעמן 510 גר',,,חמאת בוטנים 100% טבע,גרמים,510.00,100 גרם,false,,11.90,2.3333,true,1,9759
7290014525573,false,מרבה שוקודליס עוגיות בציפוי קרם שוקולד,הלמה הלום בי.וי,NL,מרבה שוקודליס עוגיות,גרמים,145.00,100 גרם,false,,13.90,9.5862,true,1,21543
7290014534650,false,"פסטה ""לה פסטה"" 400 ג' צינור 400 ג'",,,פסטה פנה 113 לה פסטה,גרמים,400.00,100 גרם,false,,3.70,0.9250,true,1,25119
7290014534681,false,"פסטה ""לה פסטה"" 400 ג' בורג 400 ג'",,,פסטה בורג לה פסטה 40,גרמים,400.00,100 גרם,false,,3.70,0.9250,true,1,25122
7290014534698,false,"פסטה ""לה פסטה"" 400 ג' תלתל 400 ג'",,,פסטה תלתל לה פסטה 40,גרמים,400.00,100 גרם,false,,3.70,0.9250,true,1,25123
7290014562981,false,אבקת קקאו 21% שומן 4,,,אבקת קקאו 21% שומן 4,גרמים,400.00,100 גרם,false,,19.20,4.8000,true,1,335328
7290014636545,false,שלישית מגבות מטבח ג'קרד,,,שלישית מגבות מטבח פס,יחידה,0.00,יחידה,false,,19.90,0.0000,true,1,229383
7290014636675,false,מגבת גוף חלקה 550 גר,,,מגבת גוף מנהטן 70*13,יחידה,0.00,יחידה,false,,34.90,0.0000,true,1,28126
7290014636682,false,מגבת פנים חלקה 550 גרם,,,מגבת פנים,יחידה,0.00,יחידה,false,,19.90,0.0000,true,1,28127
7290014636842,false,כרית ממורי ויסקו,,,כרית ויסקו,יחידה,0.00,יחידה,false,,89.90,0.0000,true,1,232951
7290014673359,false,מלח לימון 400 גרם,TLV צ'יף,IL,מלח לימון 400 גר,גרמים,400.00,100 גרם,false,,21.90,5.4750,true,1,356
7290014673366,false,מימון כורכום טחון 25,TLV צ'יף,IL,מימון כורכום טחון 25,גרמים,250.00,100 גרם,false,,21.90,8.7600,true,1,357
7290014673380,false,מימון כמון טחון 250,,,מימון כמון טחון 250,גרמים,250.00,100 גרם,false,,21.90,8.7600,true,1,359
7290014673397,false,תיבול לגריל עוף 250 גרם,TLV צ'יף,IL,מימון תיבול לגריל עו,גרמים,250.00,100 גרם,false,,21.90,8.7600,true,1,360
7290014673434,false,פלפל שחור גרוס דק שקית 80 גרם,,,פלפל שחור גרוס דק בש,גרמים,80.00,100 גרם,false,,8.90,11.1250,true,1,363
7290014674004,false,קריספ פירורי לחם שומשום ומלח ים 300 גרם,,IL,פירורי לחם עם שומשום,גרמים,300.00,100 גרם,false,,7.90,2.6333,true,1,264169
7290014731264,false,"כוס שתיה ח""פ ר.שמאי 100יח'",,,כוסות לשתיה קרה חד פ,יח',100.00,יח',false,,6.90,0.0690,true,1,28128
7290014748651,false,דג טוב פילה אמנון מצופה נתחי שלם 360גר,מוצרי עוף טוב (2001),IL,דג טוב פילה אמנון מצ,גרמים,360.00,100 גרם,false,,37.90,10.5278,true,1,19873
7290014749245,false,ספיישל רצועות שניצל שומשום עוף טוב 600 גרם,מוצרי עוף טוב (2001),IL,רצועות שניצל שומשום,גרמים,600.00,100 גרם,false,,40.90,6.8167,true,1,65282
7290014749764,false,שניצל עוף ביתי עדין עוף טוב 700 גרם,מוצרי עוף טוב (2001),IL,שניצל עוף ביתי כזה ע,גרמים,700.00,100 גרם,false,,42.00,6.0000,true,1,65224
7290014749849,false,שניצל דק ענק קריספי שומשום עוף טוב 720 גר',מולינו ניקולי s.p.a,IL,שניצל עוף דקיק בציפו,גרמים,720.00,100 גרם,false,,38.90,5.4028,true,1,142891
7290014749863,false,עוף טוב שניצל עוף דק ענק קריספי ציפס 720,מוצרי עוף טוב (2001),IL,שניצל עוף דקיק בציפו,גרמים,720.00,100 גרם,false,,38.90,5.4028,true,1,142877
7290014758100,false,מאגדת יוגורט ביו 3% שומן 8 יח' *150ג' תנובה,מיוצר עי קונדיטוריית,IL,יוגורט תנובה 3% 8*15,קילוגרמים,1.20,"ק""ג",false,,16.90,14.0833,true,1,26015
7290014758117,false,מאגדת יוגורט ביו 1.5% שומן 8 יח' *150 ג' תנובה,מיוצר עי קונדיטוריית,IL,יוגורט תנובה 1.5% 8*,קילוגרמים,1.20,"ק""ג",false,,16.90,14.0833,true,1,26016
7290014758681,false,קוטג' תנובה 1% גביע 250 ג',מיוצר עי קונדיטוריית,IL,קוטג תנובה 1% 250ג,גרמים,250.00,100 גרם,false,,5.50,2.2000,true,1,26022
7290014759084,false,גבינת שמנת 16% בטעם טבעי 225 ג' נפוליאון,הרדוף חלב,IL,נפוליאון 16% 225גר,גרמים,225.00,100 גרם,false,,14.50,6.4444,true,1,26023
7290014759701,false,"מאגדת שמינייה יופלה מעודן בד""צ בנגיעות וניל",,IL,יופלה יוגורט מעודן ט,קילוגרמים,1.20,"ק""ג",false,,21.50,17.9167,true,1,26029
7290014760134,false,מעדן סויה ביו בטעם ו,פ.פ.ח. שאביט,IL,גביע מעדן סויה בטעם,גרמים,125.00,100 גרם,false,,4.40,3.5200,true,1,26035
7290014760141,false,משקה שקדים טרי 1 ל' תנובה,,IL,תנובה משקה שקדים טרי,יחידה,0.00,יחידה,false,,13.50,0.0000,true,1,26036
7290014760912,false,פרוסות גבינה 28% שומן 400 ג' גוש חלב,,IL,גוש חלב 28% מהדרין 4,גרמים,400.00,100 גרם,false,,25.90,6.4750,true,1,26043
7290014761018,false,גיל בטעם וניל 125 גרם,,IL,גיל בטעם וניל 3% 125,גרמים,125.00,100 גרם,false,,1.60,1.2800,true,1,26044
7290014761056,false,מעדן שוקולד חלב מעולה 123 ג' יולו,מיוצר עי קונדיטוריית,IL,יולו שוקולד חלב מעול,גרמים,122.00,100 גרם,false,,5.10,4.1803,true,1,26045
7290014761063,false,מעדן שוקולד מריר מעולה 123 ג' יולו,מיוצר עי קונדיטוריית,IL,יולו שוקולד מריר מעו,גרמים,122.00,100 גרם,false,,5.10,4.1803,true,1,26046
7290014761070,false,מעדן שוקולד לבן מעולה 123 ג' יולו,מיוצר עי קונדיטוריית,IL,יולו שוקולד לבן מעול,גרמים,122.00,100 גרם,false,,5.10,4.1803,true,1,26047
7290014761254,false,"יוגורט ביו 3% תנובה מארז 150X8ג' בד""צ",,IL,תנובה יוגורט ביו 3%,קילוגרמים,1.20,"ק""ג",false,,16.90,14.0833,true,1,26049
7290014761414,false,יולו מעדן שכבות שוקולד חלב ולבן 123 גר,מיוצר עי קונדיטוריית,IL,יולו מעדן שכבות שוקו,גרמים,122.00,100 גרם,false,,5.10,4.1803,true,1,26056
7290014761698,false,"גבינה צהובה עמק פרוס 28% 600 גרם בד""צ",,,עמק סמי מעדנייה בד`צ,גרמים,600.00,100 גרם,false,,30.90,5.1500,true,1,26062
7290014762800,false,מעדן סויה שוקולד גביע 125 ג',תות תעשיות מזון (201,IL,גביע מעדן סויה בטעם,גרמים,125.00,100 גרם,false,,4.40,3.5200,true,1,26080
7290014762831,false,גבינת שמנת חלפיניו 24% שומן 225 ג' נפוליאון,הרדוף חלב,IL,גבינת שמנת נפוליאון,גרמים,225.00,100 גרם,false,,14.50,6.4444,true,1,26081
7290014763272,false,"יוגורט סויה לשתיה תות ובננה 250 מ""ל",תות תעשיות מזון (201,IL,משקה סויה ביו עם תות,מיליליטרים,250.00,"100 מ""ל",false,,6.20,2.4800,true,1,26092
7290014763418,false,"כד יוגרט תנובה 4% שומן 1.5 ליטר, מהדרין",מחלבת אלון תבור,IL,יוגורט כד תנובה 4% 1,ליטרים,1.50,ליטר,false,,15.90,10.6000,true,1,26099
7290014791091,false,"שוויפס לימונייד 500 מ""ל",,,משקה למונייד שוופס 5,מיליליטרים,500.00,"100 מ""ל",false,,5.90,1.1800,true,1,11652
7290014803756,false,"טריאקי רוטב פתאי 300מ""ל",,,רוטב טריאקי פתאי 300,מיליליטרים,100.00,"100 מ""ל",false,,7.90,7.9000,true,1,15969
7290014855434,false,מגבונים בייביסיטר פרפורמנס מבושם רביעיה,די פי אל,,בייביסיטר פרפורמנס מ,יחידה,0.00,יחידה,false,,16.90,0.0000,true,1,29524
7290014855458,false,מגבוני בייביסיטר פרפורמנס ללא בישום מארז 72X4יח',די פי אל,,מגבוני בייבי פרפורמנ,יחידה,0.00,יחידה,false,,16.90,0.0000,true,1,29525
7290014860988,false,שימורי קרם קוקוס 17%,,,שימורי קרם קוקוס 17%,מיליליטרים,400.00,"100 מ""ל",false,,9.90,2.4750,true,1,47505
7290014901896,false,"סנסודיין מיי פה 500 מ""ל",,,מי פה סנסודיין 500 מ,מיליליטרים,500.00,"100 מ""ל",false,,35.90,7.1800,true,1,3931
7290014905160,false,"הפי מטהר אוויר פניני ריח בניחוחות, 130 גרם",יוליניבר,IL,הפי פניני ריח תפוז\ו,גרמים,130.00,100 גרם,false,,15.90,12.2308,true,1,11360
7290014905689,false,"נוזל כלים הפי מרוכז 24% תפוח 750 מ""ל",פרח,IL,הפי לכלים ירוק תפוח,מיליליטרים,750.00,"100 מ""ל",false,,7.90,1.0533,true,1,11370
7290014905696,false,"נוזל כלים הפי מרוכז 24% לימון 750 מ""ל",פרח,IL,הפי לכלים צהוב לימון,מיליליטרים,750.00,"100 מ""ל",false,,7.90,1.0533,true,1,11371
7290014905733,false,"הפי פרפקט לניקוי שמשות 750 מ""ל",יוליניבר,IL,הפי מרסס לניקוי חלונ,מיליליטרים,750.00,"100 מ""ל",false,,9.90,1.3200,true,1,11373
7290014910515,false,שימורי שפרוטים מעושנים בשמן צמחי 250 גר,,,שפרוטים מעושנים רויא,גרמים,250.00,100 גרם,false,,14.90,5.9600,true,1,11218
7290014940901,false,לחם פשוט מלא 750 ג' אנג'ל,,IL,לחם פשוט מלא אנגל 75,גרמים,750.00,100 גרם,false,,14.90,1.9867,true,1,35481
7290014945029,false,גליל מפת אלבד 25 מטר,,,גליל מפת אלבד 25 מטר,מטרים,25.00,מטר,false,,29.90,1.1960,true,1,13530
7290015014182,false,קיסר בנספק,,,לבבות חסה,יח',1.00,יח',false,,9.90,9.9000,true,1,47685
7290015033084,false,קוסקוס חיטה בינוני ד,,,קוסקוס חיטה בינוני ד,גרמים,350.00,100 גרם,false,,5.90,1.6857,true,1,330342
7290015039246,false,נתחי טונה בשמן צמחי רביעיה * 160 ג' וילי פוד,,TH,טונה בהירה בשמן וילי,גרמים,640.00,100 גרם,false,,21.40,3.3437,true,1,3004
7290015039338,false,נתחי טונה במי מלח רביעיה * 160 ג' וילי פוד,,TH,טונה במי מלח ויליפוד,גרמים,640.00,100 גרם,false,,21.40,3.3437,true,1,3006
7290015057066,false,עלי גפן ממולאים טעים 400 גר',,IL,עלי גפן ממולאים טעמן,גרמים,400.00,100 גרם,false,,7.90,1.9750,true,1,9764
7290015057202,false,חומץ טבעי 5% טעמן 1ל',,,חומץ טבעי 5% טעמן 1,ליטרים,1.00,ליטר,false,,5.90,5.9000,true,1,9768
7290015129145,false,סקיני פסטה ספגטי 270 גרם,הוויזאי וואנגייה פוד,CN,סקיני פסטה קונג'אק ב,גרמים,270.00,100 גרם,false,,11.90,4.4074,true,1,229553
7290015139267,false,"כרמית שוקולד מריר עם פצפוצי אורז לל""ס",כרמית תעשיות ממתקים,IL,חופשי שוקולד מריר עם,גרמים,85.00,100 גרם,false,,5.90,6.9412,true,1,38632
7290015150118,false,עגבניות חתוכות דק בלה איטליה 3*400 ג',אמיליאנה קונסרב ס.פ.,IT,עגבניות חתוכות דק בל,גרמים,400.00,100 גרם,false,,18.90,4.7250,true,1,24771
7290015150200,false,עגבניות חתוכות דק 400 גרם,HIQ FOOD PRODUCTS,IT,עגבניות חתוכות דק ו,גרמים,400.00,100 גרם,false,,6.50,1.6250,true,1,24772
7290015155823,false,מחית תפוח חטיפטף פרינוק 120 גר,פרוטה פודיווין איי.א,CZ,פאוץ' פרינוק מחית תפ,גרמים,120.00,100 גרם,false,,5.90,4.9167,true,1,3649
7290015155830,false,מחית תפוח בננה חטיפטף פרינוק 120 גר,פרוטה פודיווין,CZ,פאוץ' פרינוק מחית תפ,גרמים,120.00,100 גרם,false,,5.90,4.9167,true,1,3650
7290015156776,false,מחית פרינוק פאוץ' פירות טרופיים 120 גרם,,,פאוץ' פרינוק פירות ט,גרמים,120.00,100 גרם,false,,5.90,4.9167,true,1,3657
7290015156790,false,מחית פרינוק פאוץ' לפתן פירות 120 גרם,,,פאוץ' פרינוק לפתן פי,גרמים,120.00,100 גרם,false,,5.90,4.9167,true,1,3658
7290015178228,false,מאזטים - ארטישוק בסל,,,מאזטים - ארטישוק בסל,יחידה,180.00,יחידה,false,,12.90,0.0717,true,1,153540
7290015193559,false,מעדני המלך אובלטים מלוחים 300 גרם,אם החיטה,IL,אובלטים מלח 300 גר',גרמים,300.00,100 גרם,false,,9.90,3.3000,true,1,41362
7290015193832,false,קרקר עם שומשום ארומה 300 גרם,פפושדו,IL,ארומה קרקר עם שומשום,גרמים,300.00,100 גרם,false,,8.70,2.9000,true,1,41369
7290015193849,false,קרקר עם מלח ארומה 300 גרם,פפושדו,IL,ארומה קרקר עם מלח 30,גרמים,300.00,100 גרם,false,,8.70,2.9000,true,1,41370
7290015253314,false,"פחם נמיביה אדום 4 ק""",,,"פחם נמיביה אדום 4 ק""",יחידה,0.00,יחידה,false,,26.90,0.0000,true,1,231872
7290015282581,false,חומוס שמיר אבו גוש עם חריף 200 גר',"סלטי שמיר 2006 בע""מ",IL,חומוס אבו גוש עם חרי,גרמים,200.00,100 גרם,false,,10.90,5.4500,true,1,17769
7290015282598,false,חומוס שמיר מסעדות 200 גר',"סלטי שמיר 2006 בע""מ",IL,חומוס מסעדות,גרמים,200.00,100 גרם,false,,10.90,5.4500,true,1,17770
7290015282604,false,טחינה שמיר מיוחדת גורמה 200ג',"סלטי שמיר 2006 בע""מ",IL,טחינה מיוחדת,גרמים,200.00,100 גרם,false,,10.90,5.4500,true,1,17771
7290015282635,false,חומוס שמיר מסבחה 200 גר',"סלטי שמיר 2006 בע""מ",IL,חומוס מסבחה,גרמים,200.00,100 גרם,false,,10.90,5.4500,true,1,17774
7290015282642,false,חומוס שמיר אבו גוש 200 גר',"סלטי שמיר 2006 בע""מ",IL,חומוס אבו גוש,גרמים,200.00,100 גרם,false,,10.90,5.4500,true,1,17775
7290015282673,false,חציל שמיר במיונז ביתי 200 גורמה גר',"סלטי שמיר 2006 בע""מ",IL,חציל במיונז ביתי,גרמים,200.00,100 גרם,false,,10.90,5.4500,true,1,17777
7290015282680,false,קישוא בטעם כבד שמיר 200 גר',"סלטי שמיר 2006 בע""מ",IL,קישוא בטעם כבד סלטי,גרמים,200.00,100 גרם,false,,12.90,6.4500,true,1,17778
7290015282697,false,כרוב אדום שמיר גורמה 200גר,"סלטי שמיר 2006 בע""מ",IL,סלט כרוב אדום 200ג ש,גרמים,200.00,100 גרם,false,,12.90,6.4500,true,1,17779
7290015282710,false,קוביות סלק שמיר 200 גר',"סלטי שמיר 2006 בע""מ",IL,קוביות סלק סלטי שמיר,גרמים,200.00,100 גרם,false,,10.90,5.4500,true,1,17780
7290015282727,false,גזר מרוקאי ברוטב פיקנטי אסלי שמיר 200 ג',"סלטי שמיר 2006 בע""מ",IL,גזר מרוקאי ברוטב פיק,גרמים,200.00,100 גרם,false,,12.90,6.4500,true,1,17781
7290015282734,false,מטבוחה שמיר ביתית גורמה 200 ג ',"סלטי שמיר 2006 בע""מ",IL,מטבוחה ביתית.,גרמים,200.00,100 גרם,false,,12.90,6.4500,true,1,17782
7290015282741,false,חציל תאילנדי אסלי שמיר 200 ג',"סלטי שמיר 2006 בע""מ",IL,חציל תילאנדי סלטי שמ,גרמים,200.00,100 גרם,false,,12.90,6.4500,true,1,17783
7290015282772,false,רצועות פלפל קלוי שמיר 200 גר',"סלטי שמיר 2006 בע""מ",IL,פלפל רצועות קלוי/מטו,גרמים,200.00,100 גרם,false,,12.90,6.4500,true,1,17786
7290015328517,false,נרונים 4 שעות 72 יח',,,נרונים 4 שעות 72 יח',יחידה,0.00,יחידה,false,,19.90,0.0000,true,1,13225
7290015328531,false,להבונים 50 יח' 3 שעו,,,להבונים 50 יח' 3 שעו,יחידה,0.00,יחידה,false,,9.90,0.0000,true,1,13227
7290015328593,false,מגולגלות במילוי קרם אגוזים 115 גרם,,,מגולגלות במילוי קרם,גרמים,115.00,100 גרם,false,,7.90,6.8696,true,1,13230
7290015328647,false,נר נשמה בפח 24 שעות,,,נר נשמה בפח 24 שעות,יחידה,0.00,יחידה,false,,1.90,0.0000,true,1,13234
7290015328661,false,נר נשמה 48 שעות ירוש,,,נר נשמה 48 שעות ירוש,יחידה,0.00,יחידה,false,,4.90,0.0000,true,1,13236
7290015328678,false,נר נשמה 72 שעות ירוש,,,נר נשמה 72 שעות ירוש,יחידה,0.00,יחידה,false,,6.90,0.0000,true,1,13237
7290015328722,false,האשפתון 90*78 2 גליל,,,האשפתון 90*78 2 גליל,יח',20.00,יח',false,,12.90,0.6450,true,1,13242
7290015328791,false,נרות חנוכה צבעוניים 50 יח',,,נרות חנוכה צבעוניים,יחידה,0.00,יחידה,false,,3.90,0.0000,true,1,13247
7290015328807,false,נרות חנוכה דלוקס 24 יח',,,נרות חנוכה לוקס לירו,יחידה,0.00,יחידה,false,,6.90,0.0000,true,1,13248
7290015328814,false,צימרוני אוזניים 300 יחידות,,,צימרוני אוזניים לירו,יחידה,0.00,יחידה,false,,3.90,0.0000,true,1,13249
7290015328838,false,קיסמי עץ לירון קרביץ,,,קיסמי עץ לירון קרביץ,יחידה,0.00,יחידה,false,,2.90,0.0000,true,1,13251
7290015347150,false,שומשום סלקטד 400 גרם,,,זרעי שומשום מיה 400,גרמים,400.00,100 גרם,false,,14.90,3.7250,true,1,194914
7290015347174,false,"אורז פרסי סלקטד מיה 1 ק""ג",,,אורז פרסי בוואקום סל,קילוגרמים,1.00,"ק""ג",false,,11.90,11.9000,true,1,15204
7290015347273,false,נטיפי שוקולד אמיתי לאפיה 250 גר',,,נטיפי שוקולד מריר לא,גרמים,250.00,100 גרם,false,,9.90,3.9600,true,1,15213
7290015347488,false,"סוכר דמררה חום שקית מיה 1 ק""ג",מיה,IL,סוכר דמררה בשקית מיה,קילוגרמים,1.00,"ק""ג",false,,8.90,8.9000,true,1,15228
7290015347679,false,"תבלין צ'ילי גרוס 70 גר' צנצנת כשל""פ",,,צ'ילי גרוס 70 גרם צנ,גרמים,70.00,100 גרם,false,,10.90,15.5714,true,1,15233
7290015347686,false,תבלין צ'ילי גרוס 50 גר' שקית,,,צ'ילי גרום 50 גרם בש,גרמים,50.00,100 גרם,false,,5.90,11.8000,true,1,15234
7290015347976,false,עדשי שוקולד מיה 80 גרם,,,עדשי שוקולד 80גר,גרמים,80.00,100 גרם,false,,6.50,8.1250,true,1,15243
7290015347990,false,עדשי שוקולד שמינייה 160 גרם,,,עדשי שוקולד מיה 8*20,גרמים,160.00,100 גרם,false,,12.90,8.0625,true,1,15244
7290015348096,false,"אמיליאנו למברוסקו רוזה 750 מ""ל",,IL,למברוסקו אמיליאנו רו,מיליליטרים,750.00,"100 מ""ל",false,,24.90,3.3200,true,1,9531
7290015366359,false,מכשיר ספירה 8 שעות+נוזל להרחקת יתושים 45 לילות,זובלה הולדינגס ס.פ.א,IT,ספירה מכשיר נוזל 8 ש,יחידה,0.00,יחידה,false,,29.90,0.0000,true,1,3942
7290015366663,false,"אקווה פרש משחת שיניים מנטה עדין 100מ""ל",DE MICLEN,IL,מש.שיניים מנטה עדין,גרמים,100.00,100 גרם,false,,7.90,7.9000,true,1,3952
7290015366670,false,"אקווה פרש משחת שיניים מנטה 100 מ""ל",DE MICLEN,SK,מש.שיניים מנטה אקווה,גרמים,100.00,100 גרם,false,,7.90,7.9000,true,1,3953
7290015437431,false,רכז רימונים תומר 42,,,רכז רימונים תומר 42,גרמים,420.00,100 גרם,false,,19.90,4.7381,true,1,93647
7290015437646,false,לה פסטה מיחת עגבניות 680 גרם,,IT,מחית עגבניות איטלקיו,גרמים,680.00,100 גרם,false,,11.00,1.6176,true,1,245477
7290015530774,false,לחם 100%קמח שיפון מל,מאפית דוידוביץ,IL,לחם 100% קמח שיפון מ,גרמים,750.00,100 גרם,false,,14.90,1.9867,true,1,331757
7290015644297,false,אנג'ל הלחמניה המלאה 6יח 450 ג',מאפיית שלמה א. אנג'ל,IL,6 לחמניות פשוט מלא א,יחידה,0.00,יחידה,false,,11.50,0.0000,true,1,35482
7290015652278,false,תערובת פיצוחים 250 גרם ששון הקולה,,,תערובת פיצוחים ששון,גרמים,250.00,100 גרם,false,,20.00,8.0000,true,1,4803
7290015652322,false,בוטנים אמריקאיים מצופים 400 גר ששון הקלה,,,בוטנים אמריקאים מצופ,גרמים,400.00,100 גרם,false,,10.00,2.5000,true,1,4808
7290015733205,false,מטרנה אקסטרא קר מהדרין שלב 1 700 גר',,IL,מטרנה אקסטרה קר מהדר,גרמים,700.00,100 גרם,false,,59.90,8.5571,true,1,18781
7290015733229,false,מטרנה אקסטרה קר מהדרין שלב 2 700גר',,IL,מטרנה אקסטרה קר מהדר,גרמים,700.00,100 גרם,false,,59.90,8.5571,true,1,18782
7290015733243,false,מטרנה אקסטרה קר מהדרין שלב 3 700ג',,IL,מטרנה אקסטרה קר מהדר,גרמים,700.00,100 גרם,false,,59.90,8.5571,true,1,18783
7290015733939,false,"מטרנה א.ר בד""ץ 700 גרם",,,"מטרנה A.R. כשרות בד""",גרמים,700.00,100 גרם,false,,74.90,10.7000,true,1,141785
7290015759168,false,נרות חנוכה רגילים,,,נרות חנוכה רגילים,יח',1.00,יח',false,,2.50,2.5000,true,1,46481
7290015781152,false,יין רוזה אימפרשן יקב,יקב טפרברג,IL,אימפרשן יין רוזה,מיליליטרים,750.00,"100 מ""ל",false,,49.90,6.6533,true,1,11821
7290015821483,false,נרות חנוכה ילדים 44יח',,,נרות חנוכה 44 יח,יח',44.00,יח',false,,2.40,0.0545,true,1,28136
7290015842631,false,"כוס ברד 330 מ""ל ח""פ 40יח'",,GR,"כוס בירה 330 מ""ל 40",יחידה,0.00,יחידה,false,,9.90,0.0000,true,1,48190
7290015865692,false,תענוג פרי תות שדה ענ,ענבי ציון,IL,תענוג פרי תות שדה ענ,גרמים,400.00,100 גרם,false,,17.90,4.4750,true,1,209419
7290015865722,false,קונפיטורה לייט תות ש,ענבי ציון,IL,קונפיטורה לייט תות ש,גרמים,400.00,100 גרם,false,,19.90,4.9750,true,1,209448
7290015865746,false,קונפיטורה לייט פירות,,,קונפיטורה לייט פירות,גרמים,400.00,100 גרם,false,,19.90,4.9750,true,1,209463
7290015872096,false,חומוס שמיר אסלי 700 גר',,,חומוס אסלי שמיר 700,גרמים,700.00,100 גרם,false,,8.90,1.2714,true,1,17793
7290015875189,false,טאצ' פיקס ג'ל פיתיון לנמלים 10 גר',,,פיקס ג'ל פיתיון לנמל,גרמים,10.00,100 גרם,false,,44.90,449.0000,true,1,68451
7290016006292,false,נקטר מנגו בננה מלון קרטונית 1 ל' ספרינג,,,ספרינג מנגו בננה מלו,יחידה,0.00,יחידה,false,,6.90,0.0000,true,1,11695
7290016006322,false,מי עדן בקבוק 1 ליטר,מופק ממקור בזלתי עדן,IL,מי עדן 1 ליטר,ליטרים,1.00,ליטר,false,,2.90,2.9000,true,1,11696
7290016006339,false,רביעיית מי עדן 1 ליטר,מופק ממקור בזלתי עדן,IL,מי עדן רביעייה 1 ליט,ליטרים,4.00,ליטר,false,,10.90,2.7250,true,1,11697
7290016006346,false,שישיית שרינק 500 מל שוופס סודה,יפאורה תבורי בעמ,IL,שוופס סודה שישייה 0.,ליטרים,3.00,ליטר,false,,13.90,4.6333,true,1,11698
7290016087123,false,רוטב עגבניות מתובל לפסטה 240 ג' פריניר,,,רוטב עגבניות מתובל ל,גרמים,240.00,100 גרם,false,,4.90,2.0417,true,1,41374
7290016087215,false,עגבניות מרוסקות מרוכזות ושום 230 גרם פריניר,פריניר ( הדס 1987) ב,IL,עגבניות מרוסקות מרוכ,גרמים,230.00,100 גרם,false,,4.90,2.1304,true,1,41378
7290016087222,false,רוטב עגבניות מרוכז לשקשוקה פריניר 230 גר,פריניר ( הדס 1987) ב,IL,ברוטב עגבניות מרוכז,גרמים,240.00,100 גרם,false,,4.90,2.0417,true,1,41379
7290016102062,false,מגש מחולק 4 תאים קשי,,CN,מגש מחולק ל-4 קשיח ר,יחידה,0.00,יחידה,false,,6.90,0.0000,true,1,62782
7290016104073,false,רוטב צ'ילי מתוק 600 גרם פוליבה,,,רוטב צילי מהדרין 600,מיליליטרים,600.00,"100 מ""ל",false,,10.90,1.8167,true,1,13269
7290016104271,false,ריבת חלב פוליבה 340 ג',,,ריבת חלב 340 גר`,גרמים,340.00,100 גרם,false,,12.90,3.7941,true,1,13270
7290016104417,false,ריבת טעם תות פוליבה 850 ג',,,"ריבה בטעם תות 850 ג""",גרמים,850.00,100 גרם,false,,13.90,1.6353,true,1,13274
7290016104615,false,סילאן סירופ תמרים פוליבה צנצנת 900 ג',,,סילאן תמרים 900 גרם,גרמים,900.00,100 גרם,false,,12.90,1.4333,true,1,13277
7290016104868,false,סירופ מייפל פוליבה 700 גר',,,סירופ בטעם מייפל 700,גרמים,700.00,100 גרם,false,,12.90,1.8429,true,1,13284
7290016104875,false,סירופ שוקולד פוליבה 700ג',,,סירופ בטעם שוקולד 70,גרמים,700.00,100 גרם,false,,12.90,1.8429,true,1,13285
7290016117417,false,כרית יפנית 6 יח,,,כרית יפנית 6 יח,יחידה,0.00,יחידה,false,,8.90,0.0000,true,1,276326
7290016136111,false,תערובת להכנת מאפים ללא גלוטן 500 G FREE,,,תערובת קמח להכנת לחם,גרמים,500.00,100 גרם,false,,16.90,3.3800,true,1,40049
7290016144000,false,"קמח חיטה מלאה נפלאות 80% 1 ק""ג","קמח מלכים בע""מ",IL,קמח חיטה 80% נפלאות,קילוגרמים,1.00,"ק""ג",false,,9.90,9.9000,true,1,47343
7290016144017,false,"קמח מלא נפלאות 100% ללא ניפוי 1 ק""ג",קמח מלכים,IL,קמח חיטה מלאה 100% נ,קילוגרמים,1.00,"ק""ג",false,,9.90,9.9000,true,1,47344
7290016144031,false,"קמח לבן מנופה נפלאות 1 ק""ג",,,קמח נפלאות חיטה לבן,קילוגרמים,1.00,"ק""ג",false,,6.90,6.9000,true,1,47346
7290016144055,false,"קמח כוסמין נפלאות 80% 1 ק""ג",,,קמח כוסמין 80% נפלאו,קילוגרמים,1.00,"ק""ג",false,,14.90,14.9000,true,1,47348
7290016162264,false,עוגת גבינה רנסנס 450 גרם,,IL,עוגת גבינה רנסנס 450,גרמים,450.00,100 גרם,false,,40.90,9.0889,true,1,39946
7290016188608,false,"יין למברוסקו לבן חצי יבש 750מ""ל",ג'קובזי,IT,למברוסקו לבן חצי יבש,מיליליטרים,750.00,"100 מ""ל",false,,24.90,3.3200,true,1,610
7290016197495,false,ניקול זוג מטליות הקסם מיקרופייבר לרצפה,UFO INC,CN,מטלית קסם לרצפה מארז,יחידה,0.00,יחידה,false,,18.90,0.0000,true,1,9080
7290016217735,false,חציל על האש סלטי שמי,"סלטי שמיר 2006 בע""מ",IL,חציל על האש סלטי שמי,גרמים,200.00,100 גרם,false,,10.90,5.4500,true,1,17800
7290016217742,false,חציל על אש בטחינה 200 גר,"סלטי שמיר 2006 בע""מ",IL,חציל בטחינה סלטי שמי,גרמים,200.00,100 גרם,false,,10.90,5.4500,true,1,17801
7290016217759,false,חצילים בסגנון מרוקאי,"סלטי שמיר 2006 בע""מ",IL,חצילים בסגנון מרוקאי,גרמים,200.00,100 גרם,false,,12.90,6.4500,true,1,17802
7290016233209,false,רביעיית טונה בהירה בשמן סויה* 140 ג' מונטרי,,TH,טונה מונטריי בשמן תו,גרמים,560.00,100 גרם,false,,24.90,4.4464,true,1,88812
7290016233711,false,"פסטה ""לה פסטה"" לינגוויני 400 גרם",,,פסטה לינגוויני לה פס,גרמים,400.00,100 גרם,false,,3.70,0.9250,true,1,55218
7290016246025,false,"בארכה ללת""ס פנוקיות חלבה 200 גר",רושדי תעשיות מזון בע,IL,בארכה פנוקיות חלבה ל,גרמים,200.00,100 גרם,false,,12.90,6.4500,true,1,18787
7290016246209,false,חטיף חלבה וניל 100 גרם בארכה,,,בארכה חטיף חלבה וניל,גרמים,100.00,100 גרם,false,,3.90,3.9000,true,1,18789
7290016246490,false,בארכה חלבה קלאסית 400 גרם,,IL,בארכה חלבה קלאסית 40,גרמים,400.00,100 גרם,false,,10.50,2.6250,true,1,18795
7290016304404,false,לחם קוביות 100% כוסמין 600 גרם,מאפיית דוידוביץ ובני,IL,לחם מלא כוסמין 100%,גרמים,600.00,100 גרם,false,,14.90,2.4833,true,1,326431
7290016304596,false,לחמניות לסנדביץ 75 גרם,מאפית דוידוביץ ובניו,IL,10 לחמניות לסנדוויץ,גרמים,750.00,100 גרם,false,,17.90,2.3867,true,1,327345
7290016304626,false,לחם שילדים אוכלים 50,,,לחם שילדים אוכלים 50,גרמים,750.00,100 גרם,false,,15.90,2.1200,true,1,331801
7290016320343,false,"דאק נוזל ג'ל לניקוי מתקדם בניחות לבנדר זוג * 750 מ""ל",,,דאק ג'ל נוזל לניקוי,ליטרים,1.50,ליטר,false,,16.90,11.2667,true,1,6022
7290016321555,false,רצועות שעווה לביקיני ולב.שחי מ.הדבש 16+4,VIOKOX,ES,רצועות שעווה ביקיני,יחידה,0.00,יחידה,false,,25.00,0.0000,true,1,6034
7290016321661,false,מגבונים פרש וואנס סנסיטיב קר רביעייה,עלבד משואות יצחק,IL,מגבוני פרש וואנס רבי,יחידה,0.00,יחידה,false,,19.90,0.0000,true,1,6035
7290016370300,false,זית קלמטה שלם צנצנת יבנה,,,זית קלמטה שלם בצנצנת,גרמים,560.00,100 גרם,false,,14.90,2.6607,true,1,112435
7290016372342,false,עגבניות חתוך קוביות גראנד איטליה מארז 400X3ג',,,עגבניות חתוכות לקובי,גרמים,400.00,100 גרם,false,,18.90,4.7250,true,1,24797
7290016416961,false,פס מוס גבינה עם תות שדה,,IL,עוגת פס מוס גבינה תו,גרמים,400.00,100 גרם,false,,40.90,10.2250,true,1,39951
7290016437713,false,תחבושות קוטקס סופר פ,,,תחבושות קוטקס סופר פ,יחידה,0.00,יחידה,false,,39.90,0.0000,true,1,9103
7290016496208,false,פתיל צף המוכן חדש,,,פתיל צף עגול,יחידה,0.00,יחידה,false,,5.90,0.0000,true,1,46482
7290016509342,false,סוד שלישייה סבון לאסל כחול אקטיבי אקנומיקה,,,סוד מארז שלישיה כדור,גרמים,150.00,100 גרם,false,,19.90,13.2667,true,1,34891
7290016509786,false,פרסיל - ג'ל כביסה ירוק 2.50 ליטר,,,פרסיל ג'ל 2.5 ליטר י,ליטרים,2.50,ליטר,false,,35.90,14.3600,true,1,34897
7290016510232,false,"תחליב רחצה הוואי יוגורט קוקוס 700 מ""ל",תאי פרזידנט פוד פאבל,IL,תחליב רחצה יוגורט קו,מיליליטרים,700.00,"100 מ""ל",false,,9.90,1.4143,true,1,8099
7290016510317,false,הוואי ס.נוזל לגבר מלא עוצמה 700מל,,IL,תחליב רחצה לגבר פול,מיליליטרים,700.00,"100 מ""ל",false,,9.90,1.4143,true,1,8106
7290016513684,false,כיסונים כפרי במילוי בשר הודו 750 גרם,,,כיסונים כפריים במילו,גרמים,0.75,100 גרם,false,,29.90,3986.6667,true,1,288745
7290016717754,false,"יין ישן נושן יקבי כרמל 750 מ""ל ^^^",אגודת הכורמים הקואופ,IL,"ישן נושן 750מ""ל.",מיליליטרים,750.00,"100 מ""ל",false,,18.90,2.5200,true,1,633
7290016717976,false,"יין BUZZ ספארקלינג אפרסק 750 מ""ל",,IL,יין באזז ספארקלינג א,מיליליטרים,750.00,"100 מ""ל",false,,27.90,3.7200,true,1,68247
7290016866650,false,"פרודונטקס - משחת שיניים אוריג'ינל 75 מ""ל",DE MICLEN,SK,מש.שיניים אוריגינל פ,מיליליטרים,75.00,"100 מ""ל",false,,31.90,42.5333,true,1,4020
7290016866667,false,"פרודונטקס - משחת שיניים ללא פלאוריד 75 מ""ל",DE MICLEN,SK,מש.שיניים פלאוריד פר,מיליליטרים,75.00,"100 מ""ל",false,,31.90,42.5333,true,1,4021
7290016867008,false,לחם מחמצת כוסמין 750 גרם,,,לחם כוסמין מחמצת 700,גרמים,700.00,100 גרם,false,,17.90,2.5571,true,1,184447
7290016867053,false,לחם קל כוסמין בתוספת מחמצת 450 גרם,,,לחם קל כוסמין בתוספת,גרמים,450.00,100 גרם,false,,18.90,4.2000,true,1,184448
7290016867114,false,לחם כוסמין קל מלא 500 גר',,,לחם כוסמין קל מלא 50,גרמים,500.00,100 גרם,false,,17.90,3.5800,true,1,184449
7290016867176,false,"לחמניות קלות כוסמין שומשום 6יח' ד""ר מרק",,,לחמניות ק. כוסמין שו,גרמים,300.00,100 גרם,false,,13.90,4.6333,true,1,184499
7290016967074,false,לחם חיטה מלאה עם גרעינים ודגנים,מאפיית שלמה א. אנג'ל,IL,חיטה מלאה אנגל 750 ג,גרמים,750.00,100 גרם,false,,16.90,2.2533,true,1,35487
7290016967456,false,לחם צרפתי מחמצת 100% כוסמין 600 ג' אנג'ל,מאפיית שלמה א.אנג'ל,IL,לחם מחמצת כוסמין אנג,גרמים,600.00,100 גרם,false,,17.90,2.9833,true,1,35488
7290017023236,false,"משקה מוגז שוופס מיץ פירות ענבים מארז 330X4מ""ל",,,רביעיית משקה שוופס ב,ליטרים,1.32,ליטר,false,,13.90,10.5303,true,1,11719
7290017023663,false,"שוופס מיץ פירות לימונייד פחית מארז 330X4מ""ל",,,רביעיית משקה שוופס ל,ליטרים,1.32,ליטר,false,,13.90,10.5303,true,1,11734
7290017023816,false,"ספרינג  פירות טרופיים 250 מ""ל רביעייה",,IL,ספרינג פירות טרופיים,ליטרים,1.00,ליטר,false,,11.20,11.2000,true,1,11740
7290017023854,false,"שוופס סודה מארז רביעייה 250 מ""ל",יפאורה תבורי בעמ,IL,"שוופס סודה 250 מ""ל ר",ליטרים,1.00,ליטר,false,,11.90,11.9000,true,1,11743
7290017031811,false,פרודונטקס - זוג מברשות שיניים,,CN,זוג מברשות פרודונטקס,יחידה,0.00,יחידה,false,,19.90,0.0000,true,1,333034
7290017058689,false,זית שחור טבעי תומר 4,,TR,זית שחור טבעי תומר 4,גרמים,400.00,100 גרם,false,,14.90,3.7250,true,1,25192
7290017058733,false,שלישיית חומוס שלם במי מלח *200 ג' תומר,,HU,שלישייה גרעיני חומוס,גרמים,495.00,100 גרם,false,,8.90,1.7980,true,1,25194
7290017062662,false,מרכך כביסה מרוכז כתום 1*5 ליטר טאצ,,,מרכך כביסה מרוכז טאצ,ליטרים,1.00,ליטר,false,,12.90,12.9000,true,1,112133
7290017062693,false,מרכך כביסה מרוכז לבן 1*5 ליטר טאצ,,,מרכך כביסה מרוכז טאצ,ליטרים,1.00,ליטר,false,,12.90,12.9000,true,1,112135
7290017062723,false,מרכך כביסה מרוכז ירוק 1*5 ליטר טאצ,,,מרכך כביסה מרוכז טאצ,ליטרים,1.00,ליטר,false,,12.90,12.9000,true,1,112136
7290017068367,false,שמרים בוואקום 125 גרם,מיה,IL,מיה שמרים בוואקום 12,גרמים,125.00,100 גרם,false,,4.90,3.9200,true,1,15270
7290017068374,false,שמרים בוואקום 500 גרם,מיה,IL,מיה שמרים בוואקום 50,גרמים,500.00,100 גרם,false,,10.90,2.1800,true,1,15271
7290017068381,false,"ריבה משמש לל""ג מיה 370 גר' מיה",,,מעדן משמש 370 גר' לל,גרמים,370.00,100 גרם,false,,12.90,3.4865,true,1,59767
7290017088082,false,בייביסיטר - חיתולי סטנדרט מידה 5 - 36 יח',,,חיתולי ביייביסיטר סט,יח',36.00,יח',false,,34.90,0.9694,true,1,276216
7290017088099,false,בייביסיטר - חיתולי סטנדרט מידה 6 - 30 יח',,,חיתולי ביייביסיטר סט,יח',34.00,יח',false,,34.90,1.0265,true,1,276217
7290017088105,false,חיתולי בייביסיטר נוח,די.פי.אל תעשיות מוצר,IL,ביייביסיטר נוחות מיד,יח',40.00,יח',false,,34.90,0.8725,true,1,29541
7290017088112,false,חיתולי בייביסיטר נוחות 4 36 יח,די.פי.אל תעשיות מוצר,IL,ביייביסיטר נוחות מיד,יח',36.00,יח',false,,34.90,0.9694,true,1,29542
7290017088129,false,חיתולי בייביסיטר נוח,די.פי.אל תעשיות מוצר,IL,ביייביסיטר נוחות מיד,יח',40.00,יח',false,,34.90,0.8725,true,1,29543
7290017088303,false,"קוויק TO GO לניקוי וחיטוי האסלה 15 יח',40 בקרטון",,,קוויק מגבונים לניקוי,יחידה,0.00,יחידה,false,,2.90,0.0000,true,1,29546
7290017088631,false,מגבוני תולי רביעייה ללא בישום 72X4 יח',,,מגבון Tooly רביעייה,יחידה,0.00,יחידה,false,,10.50,0.0000,true,1,62876
7290017088914,false,מגבונים בייביסיטר מבושם 66X6 יח',,,מגבונים מבושם בייביס,יחידה,0.00,יחידה,false,,16.90,0.0000,true,1,97765
7290017090986,false,כירה חשמלית יחיד פלט,,,כירה חשמלית יחיד פלט,יחידה,0.00,יחידה,false,,99.90,0.0000,true,1,85352
7290017094199,false,סלט קוביות חציל ברוטב 200 גר',,,מעדן חצילים 200 גרם,גרמים,200.00,100 גרם,false,,10.90,5.4500,true,1,133959
7290017094861,false,חומוס עם רוטב מסבחה אסלי שמיר 400 ג',,,חומוס עם רוטב מסבחה,גרמים,400.00,100 גרם,false,,10.90,2.7250,true,1,17818
7290017105079,false,שעועית ברוטב עגבניות 200 גרם יכין,היינץ צפון אמריקה מק,IL,שעועית אפויה 6OZ יכי,גרמים,200.00,100 גרם,false,,3.90,1.9500,true,1,8739
7290017105468,false,מארז שלישייה אפונה קטנה יכין 3*200 גר,קשקמט קונסרב הונגריה,IL,אפונה יכין 3*120 גרם,גרמים,360.00,100 גרם,false,,13.90,3.8611,true,1,8747
7290017105550,false,רביעיית רסק עגבניות 100% יכין 4X100 גרם,היינץ צפון אמריקה מק,IL,מאגדת רסק עגבניות יכ,גרמים,400.00,100 גרם,false,,11.90,2.9750,true,1,8748
7290017105895,false,גרגירי חומוס מסעדות יכין 550 גרם,זנלכל,IL,גרגרי חומוס מסעדות י,גרמים,550.00,100 גרם,false,,9.90,1.8000,true,1,82604
7290017121093,false,אריסה חריפה עללחם 250 גרם,"מדשא תעשיות מזון בע""",IL,ממרח אריסה חריפה עלל,גרמים,250.00,100 גרם,false,,14.90,5.9600,true,1,23381
7290017129754,false,שוקולד פרימיום 70% בדצ 100 גר,"כד בני דרום בע""מ",IL,שוקולד פרימיום מריר,גרמים,100.00,100 גרם,false,,8.90,8.9000,true,1,38764
7290017129884,false,חמישיות שוקולד מריר 44% 85 גר*5*12 בקרטון,,,חמישיית שוקולד מריר,גרמים,425.00,100 גרם,false,,16.90,3.9765,true,1,129155
7290017142128,false,"שמן זית כתית מעולה קלאסי עץ הזית 750 מ""ל",,IL,שמן זית כתית מעולה ק,מיליליטרים,750.00,"100 מ""ל",false,,33.90,4.5200,true,1,29353
7290017142159,false,מארז נתחי טונה בהירה בשמן זית 3*80 ג' עץ הזית,הנסיך- מפעל לייצור ט,TH,נתחי טונה בהירה בשמן,גרמים,240.00,100 גרם,false,,23.90,9.9583,true,1,29354
7290017142340,false,שמן זרעי ענבים 1 ליטר עץ הזית,עץ השדה,TH,שמן זרעי ענבים מזוכך,ליטרים,1.00,ליטר,false,,29.90,29.9000,true,1,29366
7290017142388,false,שמן חמניות פלוס אומגה 3 - 1 ליטר,,IL,שמן חמניות פלוס אומג,ליטרים,1.00,ליטר,false,,15.90,15.9000,true,1,29370
7290017142395,false,טונה עם פסטה בשמן זית 160 גרם עץ הזית,,TH,פסטה עם טונה בשמן זי,גרמים,160.00,100 גרם,false,,13.90,8.6875,true,1,29371
7290017142418,false,ארוחה אורז עם עדשים טונה בשמן זית 160 גר',יוניקורד ח.צ בעמ,TH,אורז עדשים עם טונה ב,גרמים,160.00,100 גרם,false,,13.90,8.6875,true,1,29372
7290017153148,false,חלב מרוכז פוליבה 300גר' בדץ,,,"חלב מרוכז 300 ג""ר",גרמים,300.00,100 גרם,false,,13.90,4.6333,true,1,13286
7290017232218,false,לחם קלאסי מופחת פחמימות איטסיין 430 גרם,,,לחם eatsane קלאסי דו,גרמים,430.00,100 גרם,false,,24.90,5.7907,true,1,326654
7290017266725,false,וופל קראנצ' במילוי בטעם שוקולד 30 יח',,,חטיף וופל קראנצ' במ,גרמים,480.00,100 גרם,false,,14.90,3.1042,true,1,105796
7290017285702,false,קרם רוזמרין סרקל 325,,,קרם רוזמרין סרקל 325,מיליליטרים,325.00,"100 מ""ל",false,,24.90,7.6615,true,1,115482
7290017289595,false,"יין אינספייר בלנד אדום יבש 150 שנה 750 מ""ל",,,אינספייר בלנד אדום י,מיליליטרים,750.00,"100 מ""ל",false,,74.90,9.9867,true,1,280098
7290017304885,false,לחם שיפון מחיטה מלאה ללא תוספת סוכר 750 ג' אנג'ל,,,לחם שיפון וחיטה מלאה,גרמים,750.00,100 גרם,false,,16.90,2.2533,true,1,35493
7290017440286,false,"ד""ר פישר - קידס מרכך ויטמינים 750 מ""ל",,IL,"ד""ר פישר מרכך קידס 7",מיליליטרים,750.00,"100 מ""ל",false,,16.90,2.2533,true,1,29304
7290017440934,false,קמיל בלו קלאסיק אל סבון 1 ליטר,,,קמיל בלו קלאסיק אל ס,ליטרים,1.00,ליטר,false,,25.90,25.9000,true,1,29310
7290017457574,false,גל נתלה לאסלה סוד כדוריות פרחים 50 גר*3,,RS,סוד סבון 4 כדוריות ל,גרמים,150.00,100 גרם,false,,19.90,13.2667,true,1,34911
7290017457581,false,"סוד מרכך כביסה מרוכז קוקוס 900 מ""ל",הנקל סוד,IL,מרכך כביסה מרוכז סוד,מיליליטרים,900.00,"100 מ""ל",false,,11.90,1.3222,true,1,34912
7290017457628,false,גל כביסה סוד טוטאל כחול 2.5 ליטר,הנקל סוד,IL,ג'ל כביסה סוד כחול,ליטרים,2.50,ליטר,false,,24.90,9.9600,true,1,72096
7290017457710,false,"מרכך כביסה מרוכז ארומתרפי סגול 900 מ""ל סוד",,IL,מרכך כביסה מרוכז סוד,מיליליטרים,900.00,"100 מ""ל",false,,11.90,1.3222,true,1,34920
7290017457727,false,"סוד - מרכך כביסה מרוכז פרש סקיי 900 מ""ל",הנקל סוד,IL,מרכך כביסה מרוכז סוד,מיליליטרים,900.00,"100 מ""ל",false,,11.90,1.3222,true,1,34921
7290017457734,false,"סוד - מרכך כביסה מרוכז ווילד רוז 900 מ""ל",הנקל סוד,IL,מרכך כביסה מרוכז סוד,מיליליטרים,900.00,"100 מ""ל",false,,11.90,1.3222,true,1,34922
7290017457888,false,ג'ל כביסה סוד כחול 4,,,ג'ל כביסה סוד כחול 4,ליטרים,4.00,ליטר,false,,34.90,8.7250,true,1,72098
7290017476377,false,פקאן סיני 200 גרם -,,,פקאן סיני 200 גרם -,גרמים,200.00,100 גרם,false,,22.90,11.4500,true,1,102459
7290017513485,false,מחית עגבניות רוסטיקה בלה איטליה 680 ג',היצרן: ס.פ. פודנצנו,IT,מחית עגבניות רוסטיקה,גרמים,680.00,100 גרם,false,,11.90,1.7500,true,1,24830
7290017599267,false,סוכרזית סוכרלוז 120 שקיות,ביסקול בע''מ,IL,סוכרזית סוכרלוז ממתי,גרמים,120.00,100 גרם,false,,24.90,20.7500,true,1,299612
7290017599274,false,סוכרזית סטיוויה 120 שקיות,ביסקול בע''מ,IL,סוכרזית סטיוויה ממת,גרמים,120.00,100 גרם,false,,24.90,20.7500,true,1,297870
7290017617046,false,נתחי טונה בשמן זית כתית מעולה רביעיה * 140 ג',,,טונה בשמן זית סטארקי,גרמים,560.00,100 גרם,false,,28.90,5.1607,true,1,26699
7290017641119,false,שוקולד פרימיום 85% בדצ 100 גר,אף.סי תבליני בגליל ב,IL,אגו שוקולד פרימיום 8,גרמים,100.00,100 גרם,false,,8.90,8.9000,true,1,38783
7290017641508,false,אגו מיקס כדורי שוקול,,,אגו מיקס כדורי שוקול,גרמים,55.00,100 גרם,false,,4.90,8.9091,true,1,38798
7290017641737,false,טבלת שוקולד דק 70% שברי אגוז 100 גר',"כד בני דרום בע""מ",IL,שוקולד 70% שברי אגוז,גרמים,100.00,100 גרם,false,,8.90,8.9000,true,1,38809
7290017677804,false,"רוטב סויה קיקומן 444 מ""ל",קיקומן,US,קיקומן רוטב סויה ללא,מיליליטרים,444.00,"100 מ""ל",false,,19.90,4.4820,true,1,5334
7290017682099,false,מקל טיטניום 1.3 מטר,,,מקל טיטניום 1.3 מטר,יחידה,0.00,יחידה,false,,5.90,0.0000,true,1,51910
7290017715506,false,חומץ 5% תומר 1 ליטר,,IL,חומץ תומר 1 ליטר,ליטרים,1.00,ליטר,false,,5.90,5.9000,true,1,65169
7290017715674,false,A2 זית ירוק חרוזית תומר 560 גרם,,IL,זית ירוק חרוזית תומר,גרמים,560.00,100 גרם,false,,9.90,1.7679,true,1,65146
7290017715834,false,A2 זית נובו מבוקע ג.מאוד תומר 560 גרם,,IL,זית נובו מבוקע ג.מאו,גרמים,560.00,100 גרם,false,,10.90,1.9464,true,1,65156
7290017746128,false,מארז 10 פיתות ביס לבן,,,פיתות ביס 10 יח' מאפ,גרמים,500.00,100 גרם,false,,12.90,2.5800,true,1,327257
7290017746135,false,מארז 10 פיתות ביס כוסמין,,,10 מיני פיתות כוסמין,גרמים,500.00,100 גרם,false,,13.90,2.7800,true,1,327390
7290017746197,false,6 לחמניות המבורגר מא,,IL,6 לחמניות המבורגר מא,גרמים,600.00,100 גרם,false,,16.90,2.8167,true,1,327141
7290017746258,true,פרנה לחם מרוקאי מסור,,,פרנה לחם מרוקאי מסור,גרמים,400.00,100 גרם,false,,13.90,3.4750,true,1,327419
7290017746272,false,4 יח' פיתה בצל מנקיש,,,4 יח' פיתה בצל מנקיש,גרמים,480.00,100 גרם,false,,19.90,4.1458,true,1,335506
7290017746289,false,4 יח' פיתה זעתר מנקי,,,4 יח' פיתה זעתר מנקי,גרמים,480.00,100 גרם,false,,19.90,4.1458,true,1,334111
7290017746326,false,חלה מפוארת קלועה דוי,,,חלה מפוארת קלועה דוי,גרמים,750.00,100 גרם,false,,16.90,2.2533,true,1,326536
7290017746586,false,מארז פיתה 10 יחידות,,,מארז פיתה 10 יחידות,קילוגרמים,1.00,"100 ק""ג",false,,13.90,1390.0000,true,1,332099
7290017812380,false,תירוש מיץ ענבים אדום,,,תירוש מיץ ענבים אדום,מיליליטרים,750.00,"100 מ""ל",false,,12.90,1.7200,true,1,644
7290017812571,false,יין תירוש אדום 100%ה טבעי 1 ליטר,"כד בני דרום בע""מ",IL,תירוש מיץ ענבים אדום,ליטרים,1.00,ליטר,false,,19.90,19.9000,true,1,52921
7290017812618,false,תירוש מיץ ענבים רוזה 1 ליטר,,IL,מיץ ענבים רוזה תירוש,ליטרים,1.00,ליטר,false,,19.90,19.9000,true,1,68273
7290017812861,false,יין וינו לבן יבש יקב,,,יין וינו לבן יבש יקב,מיליליטרים,750.00,"100 מ""ל",false,,21.90,2.9200,true,1,166806
7290017816012,false,קרם קרקר כוסמין מקור הכוסמין 250 גר,,IL,קרם קרקר מקור הכוסמי,גרמים,250.00,100 גרם,false,,14.90,5.9600,true,1,217721
7290017871370,true,סבון ידיים מועשר בשמ,,,סבון ידיים מועשר בשמ,מיליליטרים,500.00,"100 מ""ל",false,,9.90,1.9800,true,1,6042
7290017871448,false,טוסו חטיף תמרים וקשיו ללא גלוטן וללא תוספת סוכר,,,טוסו חטיף תמרים וקשי,יחידה,0.00,יחידה,false,,16.90,0.0000,true,1,6046
7290017871462,false,טוסו חטיף פצפוצי אורז מצופה שוקולד מריר ללא תוספת סוכר,המאפיה של הרמן,IL,טוסו חטיף פצפוצי אור,גרמים,0.00,גרם,false,,16.90,0.0000,true,1,6048
7290017872070,false,מארז מגבונים לחים בניחוח מרענן פרש וואנס שלישייה,ווטנאפס,IL,פרשוואנס מגבונים מאר,יחידה,0.00,יחידה,false,,12.90,0.0000,true,1,271131
7290017873008,false,שקיות להקפאה גלילונית 275 יח',,,גלילונית שקיות רב שי,יחידה,0.00,יחידה,false,,13.00,0.0000,true,1,202694
7290017873169,false,"סבון ידיים מועשר בשמן זית 500 מ""ל יהלום",,TR,תחליב רחצה לטיפוח עו,מיליליטרים,500.00,"100 מ""ל",false,,9.90,1.9800,true,1,244556
7290017888026,false,"משקה אננס תפוח גזר פרות & ווג 350 מ""ל",יפאורה תבורי בעמ,IL,פרוט & וג' אננס תפוח,מיליליטרים,330.00,"100 מ""ל",false,,7.90,2.3939,true,1,11756
7290017888095,false,"שוופס מוגז עדין פירות יער פחיות רביעייה 330 מ""ל",,IL,רביעיית מ.עדין שוופס,ליטרים,1.32,ליטר,false,,10.90,8.2576,true,1,11760
7290017888248,false,תרומה מי עדן 1 ל' פ,,,תרומה מי עדן 1 ל' פ,ליטרים,1.00,ליטר,false,,5.00,5.0000,true,1,123062
7290017888644,false,"משקה אננס בננה כורכום פרות & ווג 350 מ""ל","יפאורה תבורי בע""מ",IL,פרוט & וג' אננס בננה,גרמים,330.00,100 גרם,false,,7.90,2.3939,true,1,59586
7290017888729,false,שוופס סודה בקבוק 1 ל',"יפאורה תבורי בע""מ",IL,שוופס סודה 1 ליטר,ליטרים,1.00,ליטר,false,,4.50,4.5000,true,1,69770
7290017894119,false,פוזילי אורז תירס דגש 400 גרם,אנדריאני,IL,דגש פוזלי אורז תירס,גרמים,400.00,100 גרם,false,,9.90,2.4750,true,1,106439
7290017928036,false,מאיר בייגל מקלות גריסיני שומשום 175 ג',,IL,מקלות גריסיני שומשום,גרמים,175.00,100 גרם,false,,11.90,6.8000,true,1,5335
7290017928098,false,שטוחלה מלח מאיר בייגל 330 ג',מאיר בייגל,IL,בייגלה שטוח מלח מאיר,גרמים,330.00,100 גרם,false,,11.90,3.6061,true,1,186476
7290017928616,false,מאיר בייגלה שטוחלה שומשום 300 ג',,IL,שטוחלה שומשום מאיר ב,גרמים,300.00,100 גרם,false,,11.90,3.9667,true,1,5347
7290017928661,false,מאיר בייגל -סמאש-שבורים בטעם צ'דר 300 גרם,,BG,שברי בייגלה בטעם צ'ד,גרמים,300.00,100 גרם,false,,12.90,4.3000,true,1,121326
7290017928722,false,בייגלה שטוח ניגובים שומשום 300 ג' מאיר בייגל,מאיר בייגל,IL,בייגלה שטוח ניגובים,גרמים,300.00,100 גרם,false,,11.90,3.9667,true,1,190424
7290017941110,false,סכינים 100 יח' לבן,,,סכינים 100 יח' לבן,יחידה,0.00,יחידה,false,,7.90,0.0000,true,1,149479
7290017941264,false,מזלגות 40 יח' עבה במ,,,מזלגות 40 יח' עבה במ,יחידה,0.00,יחידה,false,,7.90,0.0000,true,1,127087
7290017941288,false,נר נשמה 24 שעות,,,נר נשמה 24 שעות,יחידה,0.00,יחידה,false,,1.90,0.0000,true,1,161965
7290017941318,false,נר נשמה 72 שעות בזכו,,,נר נשמה 72 שעות בזכו,יחידה,0.00,יחידה,false,,5.50,0.0000,true,1,161980
7290017941325,false,נר נשמה 7 ימים בזכוכ,,,נר נשמה 7 ימים בזכוכ,יחידה,0.00,יחידה,false,,9.90,0.0000,true,1,163786
7290017941332,false,נרונים 66 יח' 6 שעות,,,נרונים 66 יח' 6 שעות,יחידה,0.00,יחידה,false,,24.90,0.0000,true,1,173018
7290017941349,false,נרונים 72 יח' 4 שעות,,,נרונים 72 יח' 4 שעות,יחידה,0.00,יחידה,false,,21.90,0.0000,true,1,173019
7290017941356,false,נר שבת 72 יח',,,נר שבת 72 יח',יחידה,0.00,יחידה,false,,31.90,0.0000,true,1,173003
7290017941370,false,להבונים 50 יח' 3 שעו,,,להבונים 50 יח' 3 שעו,יחידה,0.00,יחידה,false,,9.90,0.0000,true,1,161982
7290017941394,false,נייר סנדוויץ 100 יח',,,נייר סנדוויץ 100 יח',יחידה,0.00,יחידה,false,,9.90,0.0000,true,1,138166
7290017941400,false,כוסות 4OZ אספרסו 50,,,כוסות 4OZ אספרסו 50,יחידה,0.00,יחידה,false,,9.90,0.0000,true,1,152178
7290017941462,false,כוסות שתיה חמה 8B י,,,כוסות שתיה חמה 8B י,יחידה,0.00,יחידה,false,,9.90,0.0000,true,1,133984
7290017941509,false,שקיות פס סגור 15 יח',,,שקיות פס סגור 15 יח',יחידה,0.00,יחידה,false,,8.90,0.0000,true,1,149027
7290017941516,false,שקיות זיפר S לאחסון-,,,שקיות זיפר S לאחסון-,יחידה,0.00,יחידה,false,,6.90,0.0000,true,1,149028
7290017941530,false,כוסות TO-GO לשתייה ח,,,כוסות TO-GO לשתייה ח,יחידה,0.00,יחידה,false,,12.90,0.0000,true,1,141235
7290017941660,false,מארז תבניות לחלה עבו,,,מארז תבניות לחלה עבו,יחידה,0.00,יחידה,false,,12.90,0.0000,true,1,126511
7290017941684,false,מארז תבניות רוסטר ענ,,,מארז תבניות רוסטר ענ,יחידה,0.00,יחידה,false,,12.90,0.0000,true,1,126498
7290017941691,false,מפת שולחן מהודרת 270,,,מפת שולחן מהודרת 270,יחידה,0.00,יחידה,false,,8.90,0.0000,true,1,161983
7290017941790,false,ניילון נצמד 30*30 עם,,,ניילון נצמד 30*30 עם,מטרים,30.00,מטר,false,,8.90,0.2967,true,1,161984
7290017941820,false,כוסות שתיה קרה כחול,,,כוסות שתיה קרה כחול,יחידה,0.00,יחידה,false,,13.90,0.0000,true,1,119380
7290017941851,false,מגש איכותי מרובע 9*1,,,מגש איכותי מרובע 9*1,יחידה,0.00,יחידה,false,,6.90,0.0000,true,1,119407
7290017941912,false,שיפודי במבוק עובי 5,,,שיפודי במבוק עובי 5,יחידה,0.00,יחידה,false,,5.90,0.0000,true,1,129171
7290017941943,false,שיפודי במבוק עובי 3,,,שיפודי במבוק עובי 3,יחידה,0.00,יחידה,false,,2.90,0.0000,true,1,129172
7290017941967,false,שקיות אוכל XL 300 י,,,שקיות אוכל XL 300 י,יחידה,0.00,יחידה,false,,8.90,0.0000,true,1,154798
7290017941998,false,שיפודים רחבים לקבב 9,,,שיפודים רחבים לקבב 9,יחידה,0.00,יחידה,false,,5.90,0.0000,true,1,129188
7290017947105,false,לחם בסגנון אמריקה 500 גר',מאפיית שלמה א. אנג'ל,IL,לחם בסגנון אמריקה אנ,גרמים,500.00,100 גרם,false,,14.90,2.9800,true,1,35494
7290017947495,false,לחמניות כוסמין 450 ג' אנג'ל,"איטיליאן פוד, אס.פי.",IL,6 לחמניות כוסמין אנג,גרמים,450.00,100 גרם,false,,15.90,3.5333,true,1,109578
7290017947891,false,לחם כוסמין וחיטה מלאה 750 ג' אנג'ל,מאפיית שלמה א. אנג'ל,IL,לחם כוסמין וחיטה מלא,גרמים,750.00,100 גרם,false,,16.90,2.2533,true,1,35495
7290017947921,true,מארז לחמניות המבורגר,,,מארז לחמניות המבורגר,גרמים,450.00,100 גרם,false,,14.90,3.3111,true,1,71674
7290017947938,false,מיני לחמניות המבורגר בסגנון אמריקה 400 ג' אנג'ל,מאפיית שלמה א. אנג'ל,IL,8 לחמניות המבורגר בס,גרמים,4000.00,100 גרם,false,,14.90,0.3725,true,1,110097
7290017974255,false,קרפלך גבינה מתוקה 600 גרם,,,קרפלך במילוי גבינה מ,גרמים,0.60,100 גרם,false,,25.90,4316.6667,true,1,288978
7290017974873,false,כיסונים למרק במילוי בשר הודו 750 גרם,,,כיסונים למרק במילוי,גרמים,0.75,100 גרם,false,,29.90,3986.6667,true,1,288746
7290018023495,false,טחינה גולמית 500ג' סבא חביב,,,טחינה גולמית סבא חבי,גרמים,500.00,100 גרם,false,,14.90,2.9800,true,1,278981
7290018071236,false,כפפות ניטרו כחולות אלסטיות XL ללא אבקה 100יח',איזיטאצ,CN,כפפות ניטרו-V כחולות,יחידה,0.00,יחידה,false,,19.90,0.0000,true,1,250633
7290018091029,false,מקלות פילו תפוחי אדמה מעדנות 450 ג',"מעדנות בע""מ",IL,מקלות פילו תפוח אדמה,גרמים,450.00,100 גרם,false,,15.90,3.5333,true,1,81309
7290018091616,false,מקלות פילו גבינה מעדנות 450 ג',מיוצר עי קונדיטוריית,IL,מקלות פילו גבינה 450,גרמים,450.00,100 גרם,false,,15.90,3.5333,true,1,81310
7290018131893,false,אקסטרים טילון פקאן מאגדת 6 יח 432 גרם,גלידות נסטלה (נגה גל,IL,אקסטרים מאגדת טילון,גרמים,432.00,100 גרם,false,,36.90,8.5417,true,1,145408
7290018195178,false,שוקולד מריר 62% קקאו 100 גרם טעמן,,,שוקולד מריר 62% טעמן,גרמים,100.00,100 גרם,false,,5.90,5.9000,true,1,217001
7290018195406,false,"שמן זית כתית ""טעים"" 750 מ""ל טעמן",,IL,שמן זית כתית עגול טע,מיליליטרים,750.00,"100 מ""ל",false,,29.90,3.9867,true,1,216906
7290018198339,false,"תפוגן צ'יפס קלאסי 1.8 ק""ג",,,תפוגן טוגן קלאסי 1.8,קילוגרמים,1.80,"ק""ג",false,,22.90,12.7222,true,1,295851
7290018213247,false,מטליות לרצפה בניחוח,,,מטליות לרצפה בניחוח,יח',10.00,יח',false,,8.90,0.8900,true,1,74892
7290018228586,false,מפיץ ריח מיוחד,,,מפיץ ריח מיוחד,יחידה,0.00,יחידה,false,,29.90,0.0000,true,1,231016
7290018237922,false,עוף טוב שניצלונים ציפוי צ'יפס 700 גרם,,IL,שניצלונים ציפוי ציפס,גרמים,700.00,100 גרם,false,,19.90,2.8429,true,1,277799
7290018237939,false,שניצלונים ציפוי שומשום עוף טוב 700 גרם,,IL,שניצלונים ציפוי שומש,גרמים,700.00,100 גרם,false,,19.90,2.8429,true,1,277813
7290018237960,false,עוף טוב כתף בקר עסיסי 265גרם,,,כתף בקר עסיסי עוף טו,גרמים,265.00,100 גרם,false,,24.90,9.3962,true,1,295744
7290018237984,false,סלמי פפרוני פיקנטי מפולפל 8*320ג עוף טוב,,,סלמי פפרוני פיקנטי מ,גרמים,320.00,100 גרם,false,,24.90,7.7812,true,1,295745
7290018294208,false,"סלקטד אדום יין ישראלי, 750 מ""ל","כד בני דרום בע""מ",IL,יין אדום ישראלי סלקט,מיליליטרים,750.00,"100 מ""ל",false,,29.90,3.9867,true,1,172710
7290018294352,false,"ארק יקבי כרמל 700 מ""",,,"ארק יקבי כרמל 700 מ""",מיליליטרים,700.00,"100 מ""ל",false,,55.20,7.8857,true,1,230753
7290018333631,false,גרנולפלקס קשיו פירות יבשים 500 גרם כשלפ,,,גרנולפלקס קשיו ופירו,גרמים,500.00,100 גרם,false,,23.90,4.7800,true,1,235039
7290018359495,false,תירס מהשדה בלי תוספת סוכר יכין 550 גרם,היינץ צפון אמריקה מק,IL,תירס מהשדה בלי תוספת,גרמים,550.00,100 גרם,false,,8.90,1.6182,true,1,99817
7290018359938,false,"רוטב עגבניות לשקשוקה יכין, 400 גרם",יכין,IL,רוטב עגבניות לשקשוקה,גרמים,400.00,100 גרם,false,,11.90,2.9750,true,1,275513
7290018380871,false,פטיסון כבוש 670 גרם תומר,,,פטיסון כבוש שלם תומר,גרמים,670.00,100 גרם,false,,12.90,1.9254,true,1,239428
7290018400036,false,חגיגת טעמים כתומים סנפרוסט 800 גרם,לחמנו,IL,ירקות מוקפאים מעורבי,גרמים,800.00,100 גרם,false,,19.90,2.4875,true,1,168853
7290018440247,false,צ'אי שקדים 25 שק' ויסוצקי,ויסוצקי,IL,חווית הצ'אי- שקדים 2,גרמים,50.00,100 גרם,false,,19.90,39.8000,true,1,194451
7290018440254,false,צ'אי קרמל מלוח 25 שק' ויסוצקי,ויסוצקי,IL,חווית הצ'אי- קרמל מל,גרמים,50.00,100 גרם,false,,19.90,39.8000,true,1,194452
7290018440438,false,טונה קאלוו איזי פליפ בשמן 65 גר*3,קאלוו,ES,טונה easy flip בשמן,גרמים,195.00,100 גרם,false,,25.90,13.2821,true,1,281454
7290018440483,false,פליפז בייגלה מצופה בקרמל מלוח ושוקולד 140 גרם,שוורצקוף& הנקל דיסלד,TR,בייגלה מצופה קרמל מל,גרמים,140.00,100 גרם,false,,8.90,6.3571,true,1,154465
7290018443422,false,לבבות חסה,,,לבבות חסה,יח',1.00,יח',false,,12.90,12.9000,true,1,346950
7290018443460,false,נבטי אלפלפא (בוסתן),,,נבטי אלפלפא (בוסתן),גרמים,150.00,100 גרם,false,,6.90,4.6000,true,1,171608
7290018443705,false,לבבות חסה,,,לבבות חסה,גרמים,300.00,100 גרם,false,,9.90,3.3000,true,1,196217
7290018471463,false,תפוזינה נקטר תפוז מנגו קרטונית 1 ליטר,"יפאורה תבורי בע""מ",IL,נקטר תפוזינה ENJOY ב,ליטרים,1.00,ליטר,false,,6.90,6.9000,true,1,145098
7290018471470,false,תפוזינה נקטר תפוז פסיפלורה קרטונית 1 ליטר,"יפאורה תבורי בע""מ",IL,נקטר תפוזינה ENJOY ב,ליטרים,1.00,ליטר,false,,6.90,6.9000,true,1,145099
7290018471487,false,תפוזינה נקטר תפוז אננס קרטונית 1 ליטר,"יפאורה תבורי בע""מ",IL,נקטר תפוזינה ENJOY ב,ליטרים,1.00,ליטר,false,,6.90,6.9000,true,1,145100
7290018471494,false,נקטר תפוז גזר קרטונית תפוזינה 1 ל',"יפאורה תבורי בע""מ",IL,נקטר תפוזינה ENJOY ב,ליטרים,1.00,ליטר,false,,6.90,6.9000,true,1,145101
7290018471906,false,שוופס מוגז פירות לימונדה ורודה 1.5 ליטר פיקדון,"יפאורה תבורי בע""מ",IL,שוופס מוגז לימונדה ו,ליטרים,1.50,ליטר,false,,9.50,6.3333,true,1,197545
7290018471913,false,שוופס מוגז פירות תפוחים 1.5 ליטר-,"יפאורה תבורי בע""מ",IL,שוופס פרוטס תפוחים 1,ליטרים,1.50,ליטר,false,,9.50,6.3333,true,1,197559
7290018471920,false,שוופס מוגז פירות ענבים 1.5 ליטר פיקדון,"יפאורה תבורי בע""מ",IL,שוופס ענבים מוגז 1.5,ליטרים,1.50,ליטר,false,,9.50,6.3333,true,1,197560
7290018471937,false,שוופס מוגז פירות תות ליים 1.5 ליטר פיקדון,"יפאורה תבורי בע""מ",IL,שוופס מוגז פירות תות,ליטרים,1.50,ליטר,false,,9.50,6.3333,true,1,197561
7290018471944,false,שוופס מוגז פירות לימונייד 1.5 ליטר פיקדון,"יפאורה תבורי בע""מ",IL,שוופס מוגז למונייד 1,ליטרים,1.50,ליטר,false,,9.50,6.3333,true,1,197562
7290018471951,false,שוופס מוגז פירות אשכולית אדומה 1.5 ליטר פיקדון,"יפאורה תבורי בע""מ",IL,שוופס פרוטס אשכולית,ליטרים,1.50,ליטר,false,,9.50,6.3333,true,1,197563
7290018493892,false,"ד""ר פישר - קמיל בלו סנסיטיב אל סבון 750 מ""ל",,,קמיל בלו סנסיטיב אל,מיליליטרים,750.00,"100 מ""ל",false,,19.90,2.6533,true,1,160543
7290018493977,false,אל סבון קמיל בלו בתמצית שיבולת שועל 1 ל,,,אל סבון ניקיון ולחות,ליטרים,1.00,ליטר,false,,15.90,15.9000,true,1,190341
7290018500361,false,לחם אנג'ל אחיד פרוס 900 גר',מאפיית שלמה א. אנג'ל,IL,לחם אחיד פרוס מאפיית,גרמים,900.00,100 גרם,false,,8.32,0.9244,true,1,277117
7290018500385,true,חלה רגילה אנגל 650 ג,,,חלה רגילה אנגל 650 ג,גרמים,650.00,100 גרם,false,,6.50,1.0000,true,1,298319
7290018500392,true,חלה קלועה אנגל 650 ג,,,חלה קלועה אנגל 650 ג,גרמים,650.00,100 גרם,false,,6.50,1.0000,true,1,298320
7290018540329,false,שקית פיתה פיתה בלדי 800 ג' אנג'ל,מאפיית שלמה א. אנג'ל,IL,פיתה פיתה אנגל 880 ג,יח',10.00,יח',false,,12.90,1.2900,true,1,123530
7290018571064,false,"מקלוני טופי 450 גרם ""מיה""",,,מקלוני טופי מיה 450,גרמים,450.00,100 גרם,false,,14.90,3.3111,true,1,128687
7290018571071,false,"טופי פספסים 450 גרם ""מיה""",,,פספסים טופי מיה 450,גרמים,450.00,100 גרם,false,,14.90,3.3111,true,1,128688
7290018571538,false,סוכריות פרופוליס לילדים 175 גרם מיה פלוס,,IL,סוכריות חורף פרופולי,גרמים,175.00,100 גרם,false,,39.90,22.8000,true,1,309046
7290018571545,false,"סוכריות כורכומין מבוגרים אצבעות, 210 גרם",,IL,סוכריות כורכומין מבו,גרמים,210.00,100 גרם,false,,39.90,19.0000,true,1,309047
7290018571552,false,סוכריות אומגה 3 ילדים אצבעות 210גרם,,IL,סוכריות אומגה 3 -ילד,גרמים,240.00,100 גרם,false,,39.90,16.6250,true,1,309048
7290018571590,false,שמן שקדים מזוכך מיה,,,שמן שקדים מזוכך מיה,ליטרים,1.00,100 ליטר,false,,25.90,2590.0000,true,1,246440
7290018571620,false,סוכריות מולטי ויטמין לנשים 240 גרם מיה פלוס,,IL,סוכריות מולטי ויטמין,גרמים,240.00,100 גרם,false,,39.90,16.6250,true,1,309050
7290018571668,false,סוכריות C+ D אבץ משפחתי כוכב 210 גרם,,IL,סוכריות C+D + אבץ מש,גרמים,210.00,100 גרם,false,,39.90,19.0000,true,1,309054
7290018626016,false,צלחות וינטג' גדולות,,,צלחות וינטג' גדולות,יחידה,0.00,יחידה,false,,17.90,0.0000,true,1,138118
7290018626078,false,"צלחות קטנות ""7 שקוף",,,"צלחות קטנות ""7 שקוף",יחידה,0.00,יחידה,false,,10.90,0.0000,true,1,126526
7290018626085,false,לפתניות 4.5 שקוף 50,,,לפתניות 4.5 שקוף 50,יחידה,0.00,יחידה,false,,8.90,0.0000,true,1,126547
7290018626108,false,קערות אובליות שקוף 5,,,קערות אובליות שקוף 5,יחידה,0.00,יחידה,false,,10.90,0.0000,true,1,126548
7290018626122,false,תבנית R-29 מרוסעת קט,,,תבנית R-29 מרוסעת קט,יחידה,0.00,יחידה,false,,9.90,0.0000,true,1,131254
7290018626207,false,קינוחית אישית מאפינס,,,קינוחית אישית מאפינס,יחידה,0.00,יחידה,false,,12.50,0.0000,true,1,131716
7290018626283,false,פיצה מרגריטה 350 גרם,,,פיצה מרגריטה 350 גרם,גרמים,350.00,100 גרם,false,,11.90,3.4000,true,1,166464
7290018626290,false,פיצה מרגריטה עגבניות,,,פיצה מרגריטה עגבניות,גרמים,420.00,100 גרם,false,,11.90,2.8333,true,1,170630
7290018626306,false,פיצה מרגריטה פיטריות,,,פיצה מרגריטה פיטריות,גרמים,400.00,100 גרם,false,,11.90,2.9750,true,1,170631
7290018626399,false,אובלים וינטג' 10 יח',,,אובלים וינטג' 10 יח',יחידה,0.00,יחידה,false,,9.90,0.0000,true,1,139206
7290018626429,false,צלחות וינטג' קטנות 1,,,צלחות וינטג' קטנות 1,יחידה,0.00,יחידה,false,,12.90,0.0000,true,1,138152
7290018626504,false,שקיות L שרוך 80 יח',,,שקיות L שרוך 80 יח',יחידה,0.00,יחידה,false,,22.90,0.0000,true,1,132927
7290018626528,false,ניילון נצמד 30*150 ע,,,ניילון נצמד 30*150 ע,מטרים,150.00,מטר,false,,18.90,0.1260,true,1,146680
7290018626542,false,שקיות אשפה לפחים גדו,,,שקיות אשפה לפחים גדו,יחידה,0.00,יחידה,false,,12.90,0.0000,true,1,150775
7290018626580,false,צימרונים לאוזנים 100,,,צימרונים לאוזנים 100,יחידה,0.00,יחידה,false,,2.90,0.0000,true,1,167189
7290018626610,false,צימרונים לאוזנים מאר,,,צימרונים לאוזנים מאר,יחידה,0.00,יחידה,false,,9.90,0.0000,true,1,167205
7290018626627,false,מארז תבניות מאפינס 7,,,מארז תבניות מאפינס 7,יחידה,0.00,יחידה,false,,14.90,0.0000,true,1,214515
7290018626795,false,מגש עגול מחולק ל-6 ג,,,מגש עגול מחולק ל-6 ג,יחידה,0.00,יחידה,false,,9.90,0.0000,true,1,187308
7290018626832,false,מגש איכותי עגול גדול,,,מגש איכותי עגול גדול,יחידה,0.00,יחידה,false,,11.90,0.0000,true,1,197748
7290018626887,false,כוסות P.P יהלום שוחר,,,כוסות P.P יהלום שוחר,יחידה,0.00,יחידה,false,,9.90,0.0000,true,1,167240
7290018626894,false,כוסות P.P יהלום כסף,,,כוסות P.P יהלום כסף,יחידה,0.00,יחידה,false,,9.90,0.0000,true,1,167241
7290018652039,false,לה קרמריה קרמל מלוח ונוגט בדצ 1.4 ליטר,נגה גלידות,IL,לה קרמריה קרמל מלוח,ליטרים,1.40,ליטר,false,,22.90,16.3571,true,1,145409
7290018652657,false,מאגדת לייט יוגורט ומנגו 52X6 גרם,נסטלה,IL,מאגדת מנגו-יוגורט לי,גרמים,312.00,100 גרם,false,,29.90,9.5833,true,1,261070
7290018652886,false,נסטלה מאגדת מצופים שוקו בננה 8 יח',נגה גלידות,IL,מאגדת שוקו בננה 8 יח,גרמים,476.00,100 גרם,false,,28.90,6.0714,true,1,233237
7290018720011,false,ביסקוויט קרנבל חיות בטעם וניל 250 ג' מעדני מלך,הגביע מוצרי וופלים,IL,מעדני המלך קרנבל חיו,גרמים,250.00,100 גרם,false,,5.90,2.3600,true,1,135233
7290018720028,false,קרנבל אותיות ביסקוויט בטעם חמאה 250 ג' מעדני מלך,הגביע מוצרי וופלים,IL,מעדני המלך אותיות 25,גרמים,250.00,100 גרם,false,,5.90,2.3600,true,1,135234
7290018720103,false,וופל שוקו ללא סוכר 250 ג' מעדני מלך,,,אפיפיות בטעם שוקו לל,גרמים,250.00,100 גרם,false,,7.90,3.1600,true,1,194479
7290018720110,false,מעדני המלך- יאמי עוגיות ממולאות בקרם אגוזים 30% 150 גרם,,,עוגיות ממולאות בקרם,גרמים,150.00,100 גרם,false,,6.90,4.6000,true,1,191246
7290018795385,false,חסה לליק מהדרין קמעונאי,"מרינה פטריות הגליל בע""מ",IL,חסה לליק,יח',1.00,יח',false,,12.90,12.9000,true,1,208850
7290018835029,false,מרק בטעם עוף פרווה ת,,,מרק בטעם עוף פרווה ת,גרמים,400.00,100 גרם,false,,15.90,3.9750,true,1,286873
7290018835043,false,תערובת תיבול סטייק מונטריאול 140 גרם מימון,,,תערובת תיבול סטייק מ,גרמים,140.00,100 גרם,false,,17.90,12.7857,true,1,335343
7290018878088,false,שלשות שוקולד ללס מריר ב.יוסף 85ג*3*18בקרט,,,שלשות שוקולד ללס מרי,גרמים,255.00,100 גרם,false,,14.90,5.8431,true,1,248010
7290018879849,false,טופי שטוח ענבים ופטל 40 גרם,,,טופי שטוח ענבים ופטל,גרמים,40.00,100 גרם,false,,1.50,3.7500,true,1,188316
7290018886120,false,מפיות תלת שכבתיות 20,,,מפיות תלת שכבתיות 20,יחידה,0.00,יחידה,false,,4.90,0.0000,true,1,182631
7290018886175,false,כפיות עבות 50 יח' ש,,,כפיות עבות 50 יח' ש,יחידה,0.00,יחידה,false,,9.90,0.0000,true,1,167219
7290018886182,false,כפיות עבות 50 יח' ק,,,כפיות עבות 50 יח' ק,יחידה,0.00,יחידה,false,,9.90,0.0000,true,1,167220
7290018886212,false,מזלגות עבות 50 יח',,,מזלגות עבות 50 יח',יחידה,0.00,יחידה,false,,9.90,0.0000,true,1,167223
7290018886236,false,כפות עבות 50 יח' שק,,,כפות עבות 50 יח' שק,יחידה,0.00,יחידה,false,,9.90,0.0000,true,1,167225
7290018886632,false,כוסות דמוי שיש 40 יח,,,כוסות דמוי שיש 40 יח,יחידה,0.00,יחידה,false,,8.90,0.0000,true,1,167245
7290018886649,false,כוס קינוח משולשת 20,,,כוס קינוח משולשת 20,יחידה,0.00,יחידה,false,,10.90,0.0000,true,1,212318
7290018886939,false,מזלגות מוכספים 20 י,,,מזלגות מוכספים 20 י,יחידה,0.00,יחידה,false,,8.90,0.0000,true,1,187392
7290018886991,false,שמן קנולה אלומות 1 ל,,,שמן קנולה אלומות 1 ל,ליטרים,1.00,ליטר,false,,10.90,10.9000,true,1,181153
7290018893005,false,"חטיפי בייגלה אפוי בטעם חרדל ודבש, 160 גרם",,RO,בייגלה שטוח בתוספת ח,גרמים,200.00,100 גרם,false,,6.90,3.4500,true,1,209639
7290018893036,false,ביסקוויט סנדוויץ בטעם שוקולד במילוי קרם וניל 176ג',,,ביסקוויטי סנדוויץ בט,גרמים,176.00,100 גרם,false,,5.90,3.3523,true,1,217673
7290018893098,false,צ'וקטה ביסקוויט מצופה שוקולד חלב 100 גרם,,,צ'וקטה עוגיות מצופות,גרמים,100.00,100 גרם,false,,7.90,7.9000,true,1,256544
7290018893135,false,צ'וקטה גריסיני מלח 120 גרם,,US,צ'וקטה גריסיני מלח 1,גרמים,120.00,100 גרם,false,,8.90,7.4167,true,1,279009
7290018893456,false,צוקטה עוגות אישיות במילוי קרם 10*30 גר,פרדי קונדטוריה אס.פי,IT,צ'וקטה עוגות אישיות,יחידה,300.00,יחידה,false,,12.90,0.0430,true,1,171235
7290018893487,false,צוקטה עוגות אישיות בטעם קוקוס-350 גרם,,,צ'וקטה עוגות אישיות,גרמים,350.00,100 גרם,false,,12.90,3.6857,true,1,187847
7290018893616,false,מארז צוקטה שוקולד מריר 48% 6*100 גר,,,שישיית צוקטה שוקולד4,גרמים,600.00,100 גרם,false,,20.90,3.4833,true,1,199953
7290018893654,false,חטיפי בייגלה דקיקים ופריכים מלח צ'וקטה 200 ג',,RO,צ'וקטה חטיף בייגלה ב,גרמים,200.00,100 גרם,false,,6.90,3.4500,true,1,187831
7290018893708,false,צ'וקטה עוגיות סנדביץ קרם שוקו 250גר,,,צ'וקטה עוגיות סנדביץ,גרמים,250.00,100 גרם,false,,7.90,3.1600,true,1,256546
7290018893807,false,צ'וקטה - שוקולד מריר שלישייה 3 * 100 גרם,,,מארז שוקולד מריר 60%,גרמים,300.00,100 גרם,false,,12.90,4.3000,true,1,217615
7290018893814,false,צ'וקטה שוקולד מריר 48% 5 יח' *100 ג',הדקלאים אגודת שיתופי,ES,צ'וקטה שוקולד 48% 5*,גרמים,500.00,100 גרם,false,,18.90,3.7800,true,1,195209
7290018893852,false,חטיפי בייגלה דקיקים ופריכים שומשום צ'וקטה 200 ג',,RO,צ'וקטה חטיף בייגלה ב,גרמים,200.00,100 גרם,false,,6.90,3.4500,true,1,187832
7290018894002,false,בלקוני וופל קוביות קקאו 250 גרם,בלקוני,IT,בלקוני קוביות וופל ק,גרמים,250.00,100 גרם,false,,12.50,5.0000,true,1,269897
7290018894200,false,בלקוני וופל קוביות וניל 250 גרם,בלקוני,IT,בלקוני קוביות וופל ו,גרמים,250.00,100 גרם,false,,12.50,5.0000,true,1,269898
7290018894408,false,וופל קוביות אגוזי לוז 250 ג' בלקוני,בלקוני,IT,בלקוני קוביות וופל א,גרמים,250.00,100 גרם,false,,12.50,5.0000,true,1,269899
7290018921265,false,"תחליב רחצה מועשר בתמצית אלוורה 700 מ""ל אפקטיב קר",,,תחליב רחצה לגוף מועש,מיליליטרים,700.00,"100 מ""ל",false,,16.90,2.4143,true,1,210384
7290018929209,false,ניילון לכיסוי מזון 30 יח' SHINY,,,Fresh Cover ניילון ל,יחידה,0.00,יחידה,false,,7.90,0.0000,true,1,290457
7290018935026,false,"כוסות קרטון 8B איכותי 30 יח' ר. שמאי כשל""פ עד""ח",,,כוסות 8B שתיה חמה 30,יחידה,0.00,יחידה,false,,5.90,0.0000,true,1,242520
7290018989005,false,שלישיית פולפה עגבניות טבעי יכין 400X3 גרם,זנלכל,IL,פולפה טבעית יכין 3*,קילוגרמים,1.20,"ק""ג",false,,16.90,14.0833,true,1,219936
7290018989128,false,סירופ בטעם ענבים 1 ליטר יכין,,,סירופ בטעם ענבים יכי,יחידה,0.00,יחידה,false,,18.90,0.0000,true,1,275625
7290018989135,false,סירופ בטעם פטל 1 ליטר יכין,,,סירופ בטעם פטל יכין,יחידה,0.00,יחידה,false,,18.90,0.0000,true,1,276199
7290019014010,false,טאצ' נוזל רצפות לגונה 4 ליטר,,,נוזל רצפות לגונה טאצ,ליטרים,4.00,ליטר,false,,12.90,3.2250,true,1,216753
7290019014027,false,טאצ' נוזל רצפות בלוסום 4 ליטר,,,נוזל רצפות בלוסום טא,ליטרים,4.00,ליטר,false,,12.90,3.2250,true,1,214302
7290019014089,false,טאצ' נוזל רצפות 2 ליטר דיונה פראית,,,נוזל רצפות דיונה פרא,ליטרים,2.00,ליטר,false,,17.90,8.9500,true,1,216784
7290019031000,false,WIZ מארז חמישיית ניי,,,WIZ מארז חמישיית ניי,יחידה,0.00,יחידה,false,,10.90,0.0000,true,1,214558
7290019031031,false,להבונים ריחניים מנגו,,,להבונים ריחניים מנגו,יחידה,0.00,יחידה,false,,11.90,0.0000,true,1,247953
7290019031079,false,תבנית R-29 מרובעת קט,,,תבנית R-29 מרובעת קט,יחידה,0.00,יחידה,false,,9.90,0.0000,true,1,236829
7290019031086,false,תבנית R-31 גדולה 7 י,,,תבנית R-31 גדולה 7 י,יחידה,0.00,יחידה,false,,9.90,0.0000,true,1,236830
7290019031109,false,תבנית R-88 אינגליש 1,,,תבנית R-88 אינגליש 1,יחידה,0.00,יחידה,false,,9.90,0.0000,true,1,236832
7290019031116,false,תבנית R-99 ענקית 3 י,,,תבנית R-99 ענקית 3 י,יחידה,0.00,יחידה,false,,9.90,0.0000,true,1,236833
7290019031130,false,WIZ תבניות מאפינס אל,,,WIZ תבניות מאפינס אל,יחידה,0.00,יחידה,false,,15.90,0.0000,true,1,261370
7290019031147,false,WIZ תבניות מאפינס אל,,,WIZ תבניות מאפינס אל,יחידה,0.00,יחידה,false,,17.90,0.0000,true,1,261371
7290019031154,false,מגבת ענק איכותית 76*,,,מגבת ענק איכותית 76*,יחידה,0.00,יחידה,false,,49.90,0.0000,true,1,239780
7290019031178,false,כפפות לטקס 100 יח' S,,,כפפות לטקס 100 יח' S,יחידה,0.00,יחידה,false,,30.90,0.0000,true,1,227852
7290019031185,false,כפפות לטקס 100 יח' M,,,כפפות לטקס 100 יח' M,יחידה,0.00,יחידה,false,,30.90,0.0000,true,1,227867
7290019031215,false,כוסות 10OZ לשתייה חמ,,,כוסות 10OZ לשתייה חמ,יחידה,0.00,יחידה,false,,9.90,0.0000,true,1,242477
7290019031222,false,כוסות 12OZ לשתייה חמ,,,כוסות 12OZ לשתייה חמ,יחידה,0.00,יחידה,false,,11.90,0.0000,true,1,242491
7290019031239,false,כוסות 16OZ לשתייה חמ,,,כוסות 16OZ לשתייה חמ,יחידה,0.00,יחידה,false,,14.90,0.0000,true,1,242492
7290019031307,false,לפתניות לבנות 25 יח',,,לפתניות לבנות 25 יח',יחידה,0.00,יחידה,false,,5.90,0.0000,true,1,231827
7290019031314,false,קערות אובליות לבנות,,,קערות אובליות לבנות,יחידה,0.00,יחידה,false,,6.90,0.0000,true,1,231828
7290019031321,false,"מרקיות 7"" לבנות 25 י",,,"מרקיות 7"" לבנות 25 י",יחידה,0.00,יחידה,false,,9.90,0.0000,true,1,231842
7290019031338,false,"צלחות קטנות 7"" לבנות",,,"צלחות קטנות 7"" לבנות",יחידה,0.00,יחידה,false,,8.90,0.0000,true,1,231843
7290019031345,false,צלחות גדולות 9 לבן 2,,,צלחות גדולות 9 לבן 2,יחידה,0.00,יחידה,false,,12.90,0.0000,true,1,217690
7290019031352,false,"צלחות ענקיות 10"" לבנ",,,"צלחות ענקיות 10"" לבנ",יחידה,0.00,יחידה,false,,23.90,0.0000,true,1,231844
7290019031369,false,"צלחות גדולות 9"" קרם",,,"צלחות גדולות 9"" קרם",יחידה,0.00,יחידה,false,,14.90,0.0000,true,1,231845
7290019031376,false,סבון ידיים אוקיינוס,,,סבון ידיים אוקיינוס,ליטרים,1.00,100 ליטר,false,,9.90,990.0000,true,1,231797
7290019031390,false,סבון ידיים אביבי 1 ל,,,סבון ידיים אביבי 1 ל,ליטרים,1.00,100 ליטר,false,,9.90,990.0000,true,1,231799
7290019031420,false,אל סבון נוזלי שלישיי,,,אל סבון נוזלי שלישיי,מיליליטרים,500.00,"100 מ""ל",false,,11.90,2.3800,true,1,242330
7290019031444,false,אשפתון 65X54 XL חזקו,,,אשפתון 65X54 XL חזקו,יחידה,0.00,יחידה,false,,17.90,0.0000,true,1,254837
7290019031512,false,WIZ צלחות מתכלות גדו,,,WIZ צלחות מתכלות גדו,יחידה,0.00,יחידה,false,,9.90,0.0000,true,1,288820
7290019031543,false,שמן זית כתית מעולה א,,,שמן זית כתית מעולה א,מיליליטרים,750.00,"100 מ""ל",false,,29.90,3.9867,true,1,242290
7290019031604,false,מארז 5 מכלים + מכסים,,,מארז 5 מכלים + מכסים,ליטרים,1.00,ליטר,false,,9.90,9.9000,true,1,237570
7290019031628,false,מטליות מיקרופייבר לר,,,מטליות מיקרופייבר לר,יחידה,0.00,יחידה,false,,12.90,0.0000,true,1,288872
7290019031635,false,פחם מסעדות דרום אמרי,,,פחם מסעדות דרום אמרי,יחידה,0.00,יחידה,false,,24.90,0.0000,true,1,314457
7290019031642,false,WIZ צלחות ענקיות שקו,,,WIZ צלחות ענקיות שקו,יחידה,0.00,יחידה,false,,21.90,0.0000,true,1,288853
7290019031659,false,WIZ צלחות גדולות  שק,,,WIZ צלחות גדולות  שק,יחידה,0.00,יחידה,false,,13.90,0.0000,true,1,288854
7290019031673,false,"WIZ מרקיות שקופות 7""",,,"WIZ מרקיות שקופות 7""",יחידה,0.00,יחידה,false,,9.90,0.0000,true,1,288856
7290019031697,false,WIZ לפתניות שקופות 2,,,WIZ לפתניות שקופות 2,יחידה,0.00,יחידה,false,,5.90,0.0000,true,1,288873
7290019031727,false,דלי מטליות לחות לניק,,,דלי מטליות לחות לניק,יחידה,0.00,יחידה,false,,16.90,0.0000,true,1,335242
7290019031833,false,"WIZ צלחות לבנות 9"" מ",,,"WIZ צלחות לבנות 9"" מ",יחידה,0.00,יחידה,false,,34.90,0.0000,true,1,306836
7290019031864,false,WIZ מפת ניילון 45 מט,,,WIZ מפת ניילון 45 מט,,45.00,100 מטר,false,,29.90,0.6644,true,1,335243
7290019036036,false,פולי סויה אדממה 1 ק,,,פולי סויה אדממה 1 ק,גרמים,1000.00,100 גרם,false,,11.90,1.1900,true,1,333958
7290019056027,false,שוופס מוגז פירות תפוחים ללא סוכר 1.5 ליטר פיקדון,"יפאורה תבורי בע""מ",IL,שוופס מוגז פירות תפו,ליטרים,1.50,ליטר,false,,8.50,5.6667,true,1,197564
7290019056034,false,שוופס מוגז פירות אננס ללא סוכר 1.5 ליטר פיקדון,יפאורה תבורי,IL,שוופס מוגז פירות אננ,ליטרים,1.50,ליטר,false,,8.50,5.6667,true,1,197578
7290019056041,false,שוופס מוגז פירות לימונייד ללא סוכר 1.5 ליטר פיקדון,יפאורה תבורי,IL,שוופס מוגז פירות ללא,ליטרים,1.50,ליטר,false,,8.50,5.6667,true,1,197579
7290019056058,false,שוופס מוגז עדין תפוח ליים 1.5 ליטר פיקדון,"יפאורה תבורי בע""מ",IL,שוופס מוגז עדין תפוח,ליטרים,1.50,ליטר,false,,8.50,5.6667,true,1,197264
7290019056065,false,שוופס מוגז עדין פירות יער 1.5 ליטר פיקדון,"יפאורה תבורי בע""מ",IL,שוופס מוגז עדין פירו,ליטרים,1.50,ליטר,false,,8.50,5.6667,true,1,197265
7290019056072,false,שוופס מוגז עדין אננס 1.5 ליטר פיקדון,יפאורה תבורי בעמ,IL,שוופס מוגז עדין אננס,ליטרים,1.50,ליטר,false,,8.50,5.6667,true,1,197280
7290019056089,false,שוופס מוגז עדין ענבי ריזלינג 1.5 ליטר פיקדון,"יפאורה תבורי בע""מ",IL,שוופס מוגז עדין טעם,ליטרים,1.50,ליטר,false,,8.50,5.6667,true,1,197296
7290019056096,false,שוופס מוגז עדין אפרסק 1.5 ליטר פיקדון,"יפאורה תבורי בע""מ",IL,שוופס מוגז עדין אפרס,ליטרים,1.50,ליטר,false,,8.50,5.6667,true,1,197297
7290019056133,false,שוופס סודה נענע ליים 1.5 ליטר בק' בודד,"יפאורה תבורי בע""מ",IL,שוופס סודה נענע ליים,ליטרים,1.50,ליטר,false,,3.90,2.6000,true,1,197594
7290019056157,false,שוופס סודה פירות יער 1.5 ליטר בק' בודד פיקדון,,,שוופס סודה פירות יער,ליטרים,1.50,ליטר,false,,3.90,2.6000,true,1,200804
7290019056164,false,שוופס סודה 1.5 ליטר רביעייה פיקדון,"יפאורה תבורי בע""מ",IL,שוופס סודה 4*1.5ליטר,ליטרים,6.00,ליטר,false,,12.50,2.0833,true,1,197171
7290019056171,false,שוופס סודה לימון 1.5 ליטר רביעייה פיקדון,"יפאורה תבורי בע""מ",IL,שוופס סודה לימון 4*1,ליטרים,6.00,ליטר,false,,12.50,2.0833,true,1,197186
7290019056188,false,שוופס סודה נענע ליים 1.5 ליטר רביעייה פיקדון,"יפאורה תבורי בע""מ",IL,שוופס סודה נענע ליים,ליטרים,6.00,ליטר,false,,12.50,2.0833,true,1,197201
7290019056201,false,שוופס סודה פירות יער 1.5 ליטר רביעייה פיקדון,"יפאורה תבורי בע""מ",IL,שוופס פירות יער סודה,ליטרים,6.00,ליטר,false,,12.50,2.0833,true,1,197217
7290019056232,false,משקה מוגז בטעם ליים מוחיטו 1.5 ל' שוופס,"יפאורה תבורי בע""מ",IL,שוופס ליים מוחיטו 1.,ליטרים,1.50,ליטר,false,,9.50,6.3333,true,1,197298
7290019056249,false,שוופס מים בטעמים ענבים 1.5 ליטר פיקדון,יפאורה תבורי בעמ,IL,שוופס וואטר ענבים 1.,ליטרים,1.50,ליטר,false,,8.50,5.6667,true,1,197098
7290019056256,false,שוופס מים בטעמים תפוחים 1.5 ליטר פיקדון,יפאורה תבורי בעמ,IL,שוופס וואטר בטעם תפו,ליטרים,1.50,ליטר,false,,8.50,5.6667,true,1,197112
7290019056263,false,שוופס מים בטעמים אפרסק 1.5 ליטר פיקדון,יפאורה תבורי בעמ,IL,שוופס וואטר אפרסק 1.,ליטרים,1.50,ליטר,false,,8.50,5.6667,true,1,197113
7290019056270,false,שוופס מים בטעמים פירות יער 1.5 ליטר פיקדון,"יפאורה תבורי בע""מ",IL,שוופס וואטר פירות יע,ליטרים,1.50,ליטר,false,,8.50,5.6667,true,1,199173
7290019056355,false,תפוזינה לימונדה MIX לימונענע 1.5 ליטר,"יפאורה תבורי בע""מ",IL,תפוזינה לימונדה נענע,ליטרים,1.50,ליטר,false,,8.50,5.6667,true,1,196677
7290019056362,false,תפוזינה ענבים 1.5 ליטר פיקדון,"יפאורה תבורי בע""מ",IL,תפוזינה ענבים 1.5 לי,ליטרים,1.50,ליטר,false,,8.50,5.6667,true,1,196781
7290019056379,false,תפוזינה תפוזים 1.5 ליטר פיקדון,"יפאורה תבורי בע""מ",IL,תפוזינה תפוזים 1.5 ל,ליטרים,1.50,ליטר,false,,8.50,5.6667,true,1,196827
7290019056386,false,פתוזינה אשכולית 1.5 ליטר פיקדון,"יפאורה תבורי בע""מ",IL,תפוזינה אשכוליות 1.5,ליטרים,1.50,ליטר,false,,8.50,5.6667,true,1,196828
7290019056393,false,תפוזינה תות בננה 1.5 ליטר פיקדון,"יפאורה תבורי בע""מ",IL,תפוזינה תות בננה 1.5,ליטרים,1.50,ליטר,false,,8.50,5.6667,true,1,196845
7290019056409,false,תפוזינה מנגו 1.5 ליטר פיקדון,"יפאורה תבורי בע""מ",IL,תפוזינה מנגו עסיסי 1,ליטרים,1.50,ליטר,false,,8.50,5.6667,true,1,196846
7290019056416,false,מיץ בטעם לימונדה ורודה 1.5 ל' תפוזינה,"יפאורה תבורי בע""מ",IL,תפוזינה לימונדה 1.5,ליטרים,1.50,ליטר,false,,8.50,5.6667,true,1,196861
7290019056423,false,מיץ בטעם תפוח רענן 1.5ל' תפוזינה,"יפאורה תבורי בע""מ",IL,תפוזינה תפוח רענן 1.,ליטרים,1.50,ליטר,false,,8.50,5.6667,true,1,196888
7290019056447,false,תפוזינה אשכוליות לייט 1.5 ליטר פיקדון,"יפאורה תבורי בע""מ",IL,תפוזינה אשכוליות 1.5,ליטרים,1.50,ליטר,false,,7.90,5.2667,true,1,196916
7290019056454,false,משקה מוגז בטעם קולה 1.5 ל' אר סי,,IL,אר.סי קולה 1.5 ליטר,ליטרים,1.50,ליטר,false,,6.90,4.6000,true,1,197732
7290019056461,false,מארז משקה בטעם קולה שישייה * 1.5 ל' אר.סי,,IL,אר.סי קולה 6*1.5 ליט,ליטרים,9.00,ליטר,false,,40.90,4.5444,true,1,197716
7290019056508,false,פרוט ווטר ענבים 1.5 ליטר פיקדון,"יפאורה תבורי בע""מ",IL,פרוט ווטר ענבים 1.5,ליטרים,1.50,ליטר,false,,8.90,5.9333,true,1,197001
7290019056515,false,פרוט ווטר אננס 1.5 ליטר פיקדון,"יפאורה תבורי בע""מ",IL,פרוט ווטר אננס 1.5 ל,ליטרים,1.50,ליטר,false,,8.90,5.9333,true,1,197055
7290019056522,false,פרוט ווטר תות 1.5 ליטר פיקדון,"יפאורה תבורי בע""מ",IL,פרוט ווטר תות 1.5 לי,ליטרים,1.50,ליטר,false,,8.90,5.9333,true,1,197069
7290019056546,false,פרוט ווטר אבטיח 1.5 ליטר פיקדון,"יפאורה תבורי בע""מ",IL,פרוט ווטר אבטיח 1.5,ליטרים,1.50,ליטר,false,,8.90,5.9333,true,1,197071
7290019056553,false,שישית מים מינרליים 2ל' עין גדי,עין גדי מים מינרליים,IL,עין גדי מים מינרלים,ליטרים,12.00,ליטר,false,,13.30,1.1083,true,1,197776
7290019056577,false,ספרינג מנגו 1.5 ליטר פיקדון,"יפאורה תבורי בע""מ",IL,ספרינג מנגו 1.5 ליטר,ליטרים,1.50,ליטר,false,,8.50,5.6667,true,1,196550
7290019056584,false,ספרינג תפוזים 1.5 ליטר פיקדון,"יפאורה תבורי בע""מ",IL,ספרינג תפוזים 1.5 לי,ליטרים,1.50,ליטר,false,,8.50,5.6667,true,1,196566
7290019056591,false,ספרינג ענבים 1.5 ליטר פיקדון,"יפאורה תבורי בע""מ",IL,ספרינג ענבים 1.5 ליט,ליטרים,1.50,ליטר,false,,8.50,5.6667,true,1,196580
7290019056621,false,ספרינג פירות טרופיים 1.5 ליטר פיקדון,"יפאורה תבורי בע""מ",IL,ספרינג פירות טרופיים,ליטרים,1.50,ליטר,false,,8.50,5.6667,true,1,196596
7290019056720,false,קריסטל מיץ ענבים 2 ליטר פיקדון,,IL,קריסטל מיץ ענבים 2 ל,ליטרים,2.00,ליטר,false,,7.90,3.9500,true,1,197640
7290019056737,false,קריסטל מיץ אשכוליטרות 2 ליטר,,IL,קריסטל מיץ אשכוליות,ליטרים,2.00,ליטר,false,,7.90,3.9500,true,1,197641
7290019056768,false,קריסטל מיץ מנגו 2 ליטר פיקדון,,IL,קריסטל מיץ מנגו 2 לי,ליטרים,2.00,ליטר,false,,7.90,3.9500,true,1,197657
7290019056775,false,קריסטל מוגז ענבים 2 ליטר פיקדון,,,קריסטל ענבים מוגז 2,ליטרים,2.00,ליטר,false,,7.90,3.9500,true,1,197658
7290019056799,false,קריסטל מוגז אקזוטי 2 ליטר פיקדון,,,קריסטל אקזוטי 2 ליטר,ליטרים,2.00,ליטר,false,,7.90,3.9500,true,1,197673
7290019056805,false,קריסטל מוגז תפוחים 2 ליטר פיקדון,,,משקה מוגז קריסטל תפו,ליטרים,2.00,ליטר,false,,7.90,3.9500,true,1,197687
7290019056812,false,קריסטל מוגז מנטה 2 ליטר פיקדון,,IL,קריסטל מנטה 2 ליטר,ליטרים,2.00,ליטר,false,,7.90,3.9500,true,1,197701
7290019056829,false,קריסטל מוגז תפוזים 2 ליטר פיקדון,,,קריסטל תפוזים 2 ליטר,ליטרים,2.00,ליטר,false,,7.90,3.9500,true,1,197702
7290019056836,false,קריסטל מוגז תות 2 ליטר פיקדון,,IL,תות קריסטל 2 ליטר,ליטרים,2.00,ליטר,false,,7.90,3.9500,true,1,197717
7290019056843,false,קריסטל מוגז קולה 2 ליטר פיקדון,,IL,קריסטל קולה 2 ליטר,ליטרים,2.00,ליטר,false,,7.90,3.9500,true,1,197718
7290019056959,false,מי עדן 1.5 ליטר בק' בודד פיקדון,מופק ממקור בזלתי עדן,IL,מי עדן 1.5 ליטר,ליטרים,1.50,ליטר,false,,3.90,2.6000,true,1,207902
7290019056973,false,שישיית מי עדן 1.5 ליטר משפחתי,מופק ממקור בזלתי עדן,IL,מי עדן 6*1.5 ליטר,ליטרים,9.00,ליטר,false,,12.90,1.4333,true,1,197733
7290019075103,false,קמיל בלו אקסטרה סופט שמפו לתינוק ל',,,קמיל בלו אקסטרה סופט,ליטרים,1000.00,100 ליטר,false,,32.90,3.2900,true,1,287404
7290019075899,false,קמיל בלו אקסטרה סופט אל סבון לתינוק ל',,,קמיל בלו אקסטרה סופט,ליטרים,1000.00,100 ליטר,false,,32.90,3.2900,true,1,287405
7290019145080,false,מראקש ערק לימון 700,,,מראקש ערק לימון 700,מיליליטרים,700.00,"100 מ""ל",false,,39.90,5.7000,true,1,343005
7290019153252,false,שוופס סודה תפוח 1.5 ליטר רביעייה פיקדון,,IL,שוופס סודה תפוח 4*1.,ליטרים,6.00,ליטר,false,,12.50,2.0833,true,1,258262
7290019153269,false,שוופס סודה אננס 1.5 ליטר רביעייה פיקדון,,IL,שוופס סודה אננס 4*1.,ליטרים,6.00,ליטר,false,,12.50,2.0833,true,1,258263
7290019153344,false,מיץ בטעם סנגרייה 1.5 ל' תפוזינה,"יפאורה תבורי בע""מ",IL,תפוזינה סנגריה 1.5 ל,ליטרים,1.50,ליטר,false,,8.50,5.6667,true,1,266219
7290019153351,false,מיץ בטעם פינק אוזו 1.5 ל' תפוזינה,"יפאורה תבורי בע""מ",IL,תפוזינה פינק אוזו 1.,ליטרים,1.50,ליטר,false,,8.50,5.6667,true,1,266220
7290019204305,false,פסטרמה ברביקיו 8*350ג עף טוב,,,פסטרמה ברביקיו עוף ט,גרמים,350.00,100 גרם,false,,24.90,7.1143,true,1,295715
7290019232155,false,"חליטת ""לילה טוב"" קמומיל לבנדר ו25 שקיקים ויסוצקי",ויסוצקי,IL,לילה טוב חליטת קמומי,גרמים,37.50,100 גרם,false,,22.90,61.0667,true,1,330295
7290019232162,false,"חליטת ""לילה טוב"" קמומיל מליסה 25 שקיקים ויסוצקי",ויסוצקי,IL,לילה טוב חליטת קמומי,גרמים,37.50,100 גרם,false,,22.90,61.0667,true,1,330296
7290019232377,false,חווית הצ'איתה שחור בטעם וניל והל 25 יח' ויסוצקי,ויסוצקי,IL,חווית הצ'אי- 25 שקי,גרמים,55.00,100 גרם,false,,19.90,36.1818,true,1,337148
7290019266143,false,פקאן מקולף 200 גר -,,,פקאן מקולף 200 גר -,גרמים,200.00,100 גרם,false,,29.90,14.9500,true,1,242411
7290019297628,false,שקד טבעי 150 גרם ששון הקולה,דין שיווק,IL,שקד טבעי 150 גרם ששו,גרמים,150.00,100 גרם,false,,13.90,9.2667,true,1,4919
7290019303701,false,טבע ירוק פינוקית שומשום מיקס ישראלי 250ג,טבע ירוק,IL,פינוקיות שומשום מיקס,גרמים,220.00,100 גרם,false,,18.90,8.5909,true,1,306243
7290019303756,false,טבע ירוק פינוקית שומשום וגרעינים 250 גר,טבע ירוק,IL,פינוקיות שומשום וגרע,גרמים,220.00,100 גרם,false,,18.90,8.5909,true,1,306244
7290019303800,false,פינוקיות שומשום עם שקדים וחמוציות 250 ג',טבע ירוק,IL,פינוקיות שומשום שקדי,גרמים,220.00,100 גרם,false,,18.90,8.5909,true,1,306245
7290019308188,false,"צ'יפס קלאסי 1.5 ק""ג",,,"צ'יפס קלאסי 1.5 ק""ג",קילוגרמים,1.50,"ק""ג",false,,19.90,13.2667,true,1,333990
7290019393016,false,"קמח חיטה לבן ללא צורך בניפוי 1 ק""ג האופה",טבע ירוק,IL,קמח חיטה לבן מנופה,קילוגרמים,1.00,"ק""ג",false,,8.90,8.9000,true,1,317083
7290019393030,false,"קמח חיטה מלא 100% ללא צורך בניפוי 1 ק""ג האופה",,IL,קמח חיטה מלא מנופה ה,קילוגרמים,1.00,"ק""ג",false,,10.90,10.9000,true,1,317112
7290019393047,false,האופה קמח כוסמין לבן ללא צורך בניפוי 1קג,,IL,קמח כוסמין לבן מנופה,קילוגרמים,1.00,"ק""ג",false,,16.90,16.9000,true,1,317068
7290019393054,false,"קמח כוסמין 80% ללא צורך בניפוי 1 ק""ג האופה",טבע ירוק,IL,קמח כוסמין 80% מנופה,קילוגרמים,1.00,"ק""ג",false,,16.90,16.9000,true,1,317039
7290019393061,false,"קמח כוסמין 100% ללא צורך בניפוי 1 ק""ג האופה",,IL,קמח כוסמין מלא מנופה,קילוגרמים,1.00,"ק""ג",false,,16.90,16.9000,true,1,316982
7290022005074,false,רוטב עגבניות שרי קלאסי 400 גרם,גוסטיבוס,IT,רוטב עגבניות שרי קלא,גרמים,400.00,100 גרם,false,,15.90,3.9750,true,1,325229
7290022005104,false,רוטב עגבניות שרי בזיליקום 400 גרם,GUSTIBUS ITALY,IT,רוטב עגבניות שרי בזי,גרמים,400.00,100 גרם,false,,15.90,3.9750,true,1,374
7290022005111,false,רוטב עגבניות שרי לפיצה 400 גרם,,,רוטב עגבניות שרי לפי,גרמים,400.00,100 גרם,false,,15.90,3.9750,true,1,375
7290022005562,false,קריספ פירורי לחם שום 300 גרם,,IL,פירורי לחם עם שום קר,גרמים,300.00,100 גרם,false,,7.90,2.6333,true,1,264184
7290055090702,false,"כרמית איגלו שלוקים 60 יחידות 29X60מ""ל",מנדלז סי.אר. פרודקשן,IL,כרמית איגלו שלוקים 6,ליטרים,2.03,ליטר,false,,12.90,6.3547,true,1,38821
7290100249598,false,"רוטב לבישול שום ודבש קנור 320ג' בד""צ",יוניליוור ישראל מזון,IL,רוטב לעוף שום ודבש ב,גרמים,310.00,100 גרם,false,,12.90,4.1613,true,1,10491
7290100411254,false,מחית תפוח ובננה 190 גר BELOVED ללא סוכר,,,תפוח ובננה 190גרם BE,גרמים,190.00,100 גרם,false,,5.90,3.1053,true,1,29552
7290100412435,false,קוויק מגבונים לניקוי כללי בניחוח פרחי בר 50 יח',,,מגבונים לניקוי וחיטו,יחידה,0.00,יחידה,false,,7.90,0.0000,true,1,29566
7290100412466,false,מגבונים קוויק לניקוי וחיטוי רצפות בניחוח לימון 10 יח',,IL,מגבונים לניקוי רצפות,יח',10.00,יח',false,,10.90,1.0900,true,1,29569
7290100412831,false,תח.רחצה אנטי איגינג וניל טרופי דר עור700,,,תחליב רחצה אנטי איגי,מיליליטרים,700.00,"100 מ""ל",false,,19.90,2.8429,true,1,29583
7290100570234,false,אביזרי מטבח,,,אביזרי מטבח,יחידה,0.00,יחידה,false,,12.90,0.0000,true,1,34254
7290100572368,false,אביזרי מטבח,,,אביזרי מטבח,יחידה,0.00,יחידה,false,,19.90,0.0000,true,1,34263
7290100572610,false,אביזרי מטבח ב-11.99,,,אביזרי מטבח ב-11.99,יחידה,0.00,יחידה,false,,12.00,0.0000,true,1,34265
7290100572702,false,אביזרי מטבח ב-11.00,,,אביזרי מטבח ב-11.00,יחידה,0.00,יחידה,false,,10.90,0.0000,true,1,34266
7290100573402,false,אביזרי מטבח,,,אביזרי מטבח,יחידה,0.00,יחידה,false,,14.90,0.0000,true,1,34269
7290100573716,false,אביזרי מטבח,,,אביזרי מטבח,יחידה,0.00,יחידה,false,,14.90,0.0000,true,1,34270
7290100658338,false,פלמוליב כלים אוקסי כחול פורמולה חדשה,הנסיך- מפעל לייצור ט,GR,פלמוליב לכלים אוקסי-,מיליליטרים,750.00,"100 מ""ל",false,,11.90,1.5867,true,1,21557
7290100680650,false,מנה חמה נודלס-אטריות ירקות טעם תאילנדי אסם 76 ג',THAI PRESIDENT FOODS,TH,מנה חמה נודלס תאילנד,גרמים,76.00,100 גרם,false,,6.90,9.0789,true,1,18799
7290100680667,false,אוסם - מנה חמה נודלס בטעם סצ'ואן 76 גרם,THAI PRESIDENT FOODS,TH,מנה חמה נודלס ירקות,גרמים,76.00,100 גרם,false,,6.90,9.0789,true,1,18800
7290100680711,false,פירורית זהב אסם זהב 350ג',עינת תעשיות,IL,אסם פירורית זהב 350,גרמים,350.00,100 גרם,false,,8.90,2.5429,true,1,18801
7290100681138,false,אפרופו מארז שלישיה * 50ג' אסם,"אסם השקעות בע""מ",IL,אפרופו מאח 3*50 גר',גרמים,150.00,100 גרם,false,,12.90,8.6000,true,1,18806
7290100683880,false,תבשילים משפחתיים פירה 260 גרם,"אסם השקעות בע""מ",IL,פירה אסם 260 גרם,גרמים,260.00,100 גרם,false,,14.90,5.7308,true,1,18816
7290100685068,false,פודינג וניל עם פצפוצי שוקולד 110 ג' אסם,,,אסם פדנג.אינס.ונל.פצ,גרמים,110.00,100 גרם,false,,5.90,5.3636,true,1,18822
7290100685136,false,"מרק טעם עוף 1 ק""ג בשקית","אסם השקעות בע""מ",IL,מרק בטעם עוף אסם 1 ק,קילוגרמים,1.00,"ק""ג",false,,15.90,15.9000,true,1,18823
7290100685334,false,מרק עוף אמיתי מרכיבים טבעיים 400 גרם,"אסם השקעות בע""מ",IL,מרק עוף מרכיבים טבעי,גרמים,400.00,100 גרם,false,,28.00,7.0000,true,1,18825
7290100685341,false,מרק תיבול טעם עוף זך רכיבים טיבעיים 400,"אסם השקעות בע""מ",IL,מרק זך טעם עוף רכיבי,גרמים,400.00,100 גרם,false,,18.50,4.6250,true,1,18826
7290100686164,false,מארז מולטיפק ביסלי ברביקיו 6 יח 35 גר יח,מיוצר עי קונדיטוריית,IL,ביסלי ברביקיו מאח.8,גרמים,210.00,100 גרם,false,,12.90,6.1429,true,1,18833
7290100686171,false,מארז מולטיפק ביסלי גריל 6 יח 35 גר ליח,,,ביסלי גריל מאח.8 6*3,גרמים,210.00,100 גרם,false,,12.90,6.1429,true,1,18834
7290100687109,false,במבה במילוי קרם נוגט 60ג' אסם,"אסם השקעות בע""מ",IL,במבה במילוי קרם נוגט,גרמים,60.00,100 גרם,false,,4.50,7.5000,true,1,18837
7290100689301,false,אבקת מרק עוף זך עדיף אסם 400 גר',"אסם השקעות בע""מ",IL,מרק בטעם עוף זך אסם,גרמים,400.00,100 גרם,false,,13.90,3.4750,true,1,18844
7290100700020,false,גריסי פנינה סוגת 500 גר',האי נאם סי או אל.טי.,IL,סוגת גריסי פנינה 500,גרמים,500.00,100 גרם,false,,5.90,1.1800,true,1,17339
7290100700075,false,פירורי לחם מוזהבים 200 ג' סוגת,"סוגת תעשיות בע""מ",IL,פירורי לחם מוזהבים ש,גרמים,200.00,100 גרם,false,,3.90,1.9500,true,1,17340
7290100700266,false,פירורי לחם לבן סוגת 200ג',,IL,סוגת פרורי לחם לבן 2,גרמים,200.00,100 גרם,false,,3.90,1.9500,true,1,17342
7290100700310,false,"כוסמת 1ק""ג סוגת",,,כוסמת 1 ק'ג,קילוגרמים,1.00,"ק""ג",false,,14.90,14.9000,true,1,17345
7290100700372,false,"אורז בסמטי מלא סוגת 1 ק""ג",האי נאם סי או אל.טי.,IL,אורז בסמטי מלא 1 ק'ג,קילוגרמים,1.00,"ק""ג",false,,10.00,10.0000,true,1,17349
7290100700396,false,"אורז יסמין קלאסי 1 ק""ג סוגת",האי נאם סי או אל.טי.,IL,סוגת אורז יסמין קלאס,קילוגרמים,1.00,"ק""ג",false,,11.90,11.9000,true,1,17351
7290100700402,false,"חומוס ענק 1 ק""ג סוגת",,,חומוס ענק 1 ק'ג,קילוגרמים,1.00,"ק""ג",false,,19.90,19.9000,true,1,17352
7290100700563,false,אורז מיקס קלאסי 1 ק',,IL,אורז מיקס קלאסי 1 ק',קילוגרמים,1.00,"ק""ג",false,,12.90,12.9000,true,1,17356
7290100700587,false,"בורגול ""סוגת"" 500 גרם",האי נאם סי או אל.טי.,IL,סוגת בורגול 500 גר,גרמים,500.00,100 גרם,false,,5.90,1.1800,true,1,17357
7290100701157,false,"אורז לסושי סוגת 1 ק""ג",,IL,אורז סושי 1 קג,קילוגרמים,1.00,"ק""ג",false,,11.90,11.9000,true,1,17360
7290100701331,false,"קמח רב תכליתי 1 ק""ג סוגת","שטיבל בע""מ - טחנות ק",IL,קמח רב תכליתי סוגת,קילוגרמים,1.00,"ק""ג",false,,6.90,6.9000,true,1,17363
7290100701386,false,"קמח לחלה סוגת 1 ק""ג","שטיבל בע""מ - טחנות ק",IL,"קמח לחלה סוגת 1 ק""ג",קילוגרמים,1.00,"ק""ג",false,,6.90,6.9000,true,1,17366
7290100701454,false,גרישה 500 גרם סוגת,"סוגת תעשיות בע""מ",IL,גרישה 500 גרם,גרמים,500.00,100 גרם,false,,5.90,1.1800,true,1,17369
7290100701874,false,"קמח כוסמין 1 ק""ג סוגת",טחנות קמח שטיבל באר,IL,"קמח כוסמין סוגת 1 ק""",קילוגרמים,1.00,"ק""ג",false,,14.00,14.0000,true,1,17374
7290100702260,false,קוסקוס דק סוגת 350 גר',,,קוסקוס דק סוגת 350 ג,גרמים,350.00,100 גרם,false,,4.90,1.4000,true,1,17380
7290100702284,false,קוסקוס מלא סוגת 350 גרם,,,קוסקוס מלא סוגת 350,גרמים,350.00,100 גרם,false,,4.90,1.4000,true,1,17382
7290100702383,false,"קמח תופח סוגת 1 ק""ג",,IL,"קמח תופח סוגת 1 ק""ג",קילוגרמים,1.00,"ק""ג",false,,6.90,6.9000,true,1,17385
7290100702611,false,פתיתים אפויים אורז 500 גרם סוגת,אסיף,,פתיתים אפויים אורז ס,גרמים,500.00,100 גרם,false,,4.90,0.9800,true,1,17394
7290100702628,false,פתיתים אפויים קוסקוס 500 גרם סוגת,יושלם,IL,פתיתים אפויים קוסקוס,גרמים,500.00,100 גרם,false,,4.90,0.9800,true,1,17395
7290100702635,false,פתיתים אפויים כוכבים סוגת 500 ג',,,פתיתים אפויים כוכבים,גרמים,500.00,100 גרם,false,,4.90,0.9800,true,1,17396
7290100702741,false,"סוכר חום בהיר בצנצנת 1 ק""ג סוגת",,,סוכר חום בהיר בצנצנת,קילוגרמים,1.00,"ק""ג",false,,12.90,12.9000,true,1,17405
7290100702987,false,פתיתי שיבולת שועל דק סוגת 500ג',סוגת תעשיות,,פתיתי שיבולת שועל סו,גרמים,500.00,100 גרם,false,,6.90,1.3800,true,1,17422
7290100702994,false,סוכר דמררה קלאסי בשקית 500 גר סוגת,"סוגת תעשיות בע""מ",IL,סוכר דמררה בשקית סוג,גרמים,500.00,100 גרם,false,,5.90,1.1800,true,1,17423
7290100703564,false,פתיתי שיבולת שועל עבה סוגת 500 ג',,,שיבולת שועל עבה סוגת,גרמים,500.00,100 גרם,false,,6.90,1.3800,true,1,17448
7290100703632,false,"קמח מלא ללא ניפוי 1 ק""ג סוגת",,,קמח מלא ללא ניפוי סו,קילוגרמים,1.00,"ק""ג",false,,7.90,7.9000,true,1,17452
7290100703687,false,"קמח חלה ללא ניפוי 1 ק""ג סוגת",,,קמח חלה ללא ניפוי סו,קילוגרמים,1.00,"ק""ג",false,,7.90,7.9000,true,1,17456
7290100703861,false,"תערובת קמח קסם לחלה סוגת 1 ק""ג",סוגת,IL,קמח תערובת קסם לחלה,קילוגרמים,1.00,"ק""ג",false,,7.90,7.9000,true,1,17459
7290100703915,false,מארז פופקורן למיקרוגל בטעם חמאה 5+1 במתנה,,IL,מארז פופקורן למיקרוג,גרמים,540.00,100 גרם,false,,12.90,2.3889,true,1,17463
7290100703922,false,מארז פופקורן למיקרוגל בטעם טבעי 5+1במתנה,,IL,מארז פופקורן למיקרוג,גרמים,540.00,100 גרם,false,,12.90,2.3889,true,1,17464
7290100704141,false,סודה לשתייה 100 ג' סוגת,א.ל. ייצור ושיווק תב,IL,סוגת סודה לשתייה 100,גרמים,100.00,100 גרם,false,,2.90,2.9000,true,1,17474
7290100704615,false,סוכר לבן דק דק בצנצנת 500 גרם,,IL,סוכר לבן דק דק בצנצנ,גרמים,500.00,100 גרם,false,,7.90,1.5800,true,1,210068
7290100704622,false,סוכר דמררה דק דק בצנצנת 500 גרם,,IL,סוכר דמררה דק דק בצנ,גרמים,500.00,100 גרם,false,,7.90,1.5800,true,1,210069
7290100850909,false,דוריטוס נאצו מקסיקני 70 גרם,שטראוס פריטו ליי בע,IL,דוריטוס נאצו מקסיקני,גרמים,70.00,100 גרם,false,,3.90,5.5714,true,1,24168
7290100850916,false,דוריטוס חמוץ חריף 70 גרם,"שטראוס פריטו ליי בע""",IL,דוריטוס חמוץ חריף 70,גרמים,70.00,100 גרם,false,,3.90,5.5714,true,1,24169
7290100850923,false,דוריטוס גריל 70 גרם,שטראוס פריטו ליי בע,IL,דוריטוס גריל 70 גרם,גרמים,70.00,100 גרם,false,,3.90,5.5714,true,1,24170
7290100850930,false,דוריטוס טבעי 70 גרם,שטראוס פריטו ליי בע,IL,דוריטוס טבעי 70 גרם,גרמים,70.00,100 גרם,false,,3.90,5.5714,true,1,24171
7290100858592,false,אבקת קקאו עלית שקית 150 ג',הנסיך- מפעל לייצור ט,IL,עלית קקאו 150ג,גרמים,150.00,100 גרם,false,,10.50,7.0000,true,1,22354
7290100922569,false,"ולוטה קרם רב שימושי מארז שלישייה*100 מ""ל",,IL,80*3 ולוטה קרם ידיים,מיליליטרים,300.00,"100 מ""ל",false,,19.90,6.6333,true,1,8156
7290100922651,false,הוואי - סבון מוצק מי קוקוס 100 גרם רביעייה,,,סבון מוצק מי קוקוס ה,גרמים,400.00,100 גרם,false,,11.90,2.9750,true,1,8161
7290100924457,false,סוד סבון לאסלה 4 כדוריות לימון שלישיה,,,סוד סבון 4 כדוריות ל,גרמים,150.00,100 גרם,false,,19.90,13.2667,true,1,34952
7290100924464,false,סוד סבון לאסלה 4 כדוריות אקונומיקה שלישיה,,,סוד סבון 4 כדוריות ל,גרמים,150.00,100 גרם,false,,19.90,13.2667,true,1,34953
7290100924631,false,"סוד - מרכך כביסה מרוכז בייבי סנסטיב 900 מ""ל","הנקל סוד בע""מ",IL,מרכך כביסה סוד מרוכז,מיליליטרים,900.00,"100 מ""ל",false,,11.90,1.3222,true,1,34962
7290101110279,false,גלידה בלסימו פאדג' פקאן 1.3 ל' פלדמן,פלדמן,IL,בליסימו בטעם שוקולד,ליטרים,1.30,ליטר,false,,21.90,16.8462,true,1,137217
7290101113904,false,מארז מנבו וניל 12 יח' פלדמן,,IL,מנבו וניל 12 יח 288,גרמים,288.00,100 גרם,false,,20.90,7.2569,true,1,313055
7290101453888,false,נר מספר - 1,סודי,CN,נר מספר 1,יחידה,0.00,יחידה,false,,4.50,0.0000,true,1,32268
7290101459880,false,נרות אותיות- יום הול,,,נרות אותיות- יום הול,יחידה,0.00,יחידה,false,,9.90,0.0000,true,1,32470
7290101551539,false,דנונה פרו 20 ג' חלבון בטעם אפרסק 200 ג',,IL,דנונה פרו 20 אפרסק 2,גרמים,200.00,100 גרם,false,,5.90,2.9500,true,1,23386
7290101551584,false,תפוצ'יפס קידס מארז 10 יח' * 20 ג',"שטראוס פריטו ליי בע""",IL,מארז תפוצ'יפס קידס 1,גרמים,200.00,100 גרם,false,,14.10,7.0500,true,1,24176
7290101551638,false,מארז ציטוס טעם קטשופ כאפה 10 * 20 גר,"שטראוס פריטו ליי בע""",IL,מארז צ'יטוס כאפה 10*,גרמים,200.00,100 גרם,false,,14.10,7.0500,true,1,24180
7290101551645,false,מארז ציטוס טעם פיצה איקס עיגול 10* 20 גר,הנסיך- מפעל לייצור ט,IL,מארז צ'יטוס איקס עיג,גרמים,200.00,100 גרם,false,,14.10,7.0500,true,1,24181
7290101863410,false,"סיליט ניקוי עוצמתי מכיל אקונומיקה 750 מ""ל",רקיט בנקיזר,PL,סיליט באנג ספריי אקו,מיליליטרים,750.00,"100 מ""ל",false,,14.90,1.9867,true,1,20892
7290101864127,false,"ספריי להסרת כתמים 750 מ""ל וניש קליה",רקיט בנקיזר,IL,קליה אוקסי ספריי 750,מיליליטרים,750.00,"100 מ""ל",false,,16.90,2.2533,true,1,20896
7290101866633,false,וניש קליה ג'ל מסיר כתמים 3 ליטר,רקיט בנקיזר,IL,וניש קליה ג'ל 3 ליטר,ליטרים,3.00,ליטר,false,,29.90,9.9667,true,1,20909
7290101866787,false,מסיר כתמים ומלבין לכביסה לבנה 3 ל וניש קליה,רקיט בנקיזר בעמ,IL,וניש נוזל מסיר כתמים,ליטרים,3.00,ליטר,false,,29.90,9.9667,true,1,20912
7290101868460,false,"אבקת כביסה 101 8 ק""ג קולון",,,אבקת כביסה קולון 101,קילוגרמים,8.00,"ק""ג",false,,54.90,6.8625,true,1,20931
7290101869726,false,ג'ל 1 ליטר AIO פיניש,,,ג'ל 1 ליטר AIO פיניש,ליטרים,1.00,ליטר,false,,42.90,42.9000,true,1,20946
7290101869788,false,אירוויק פרשמטיק ניחוח חלום ליל קיץ,,,איירוויק מילוי מבשם,מיליליטרים,250.00,"100 מ""ל",false,,14.90,5.9600,true,1,20952
7290101869795,false,אירוויק מילוי מבשם אוטומטי חלום ליל קיץ,,,איירוויק מילוי מבשם,מיליליטרים,250.00,"100 מ""ל",false,,14.90,5.9600,true,1,20953
7290101869825,false,מילוי מבשם אויר חשמלי אואזיס בודד,,,איירוויק מילוי מבשם,מיליליטרים,19.00,"100 מ""ל",false,,16.90,88.9474,true,1,20956
7290101982470,false,ממתק רולר 30 מל' בטעמים,יושלם,,ממתק רולר 30 גרם,גרמים,30.00,100 גרם,false,,7.00,23.3333,true,1,32494
7290101999720,false,נרות מטה לבבות פו,,,נרות מטה לבבות פו,יחידה,0.00,יחידה,false,,7.50,0.0000,true,1,32804
7290102030330,false,תפוציפס קראנצ מקסיקני 200 גרם,"שטראוס פריטו ליי בע""",IL,תפוצ'יפס קראנץ מקסיק,גרמים,200.00,100 גרם,false,,10.90,5.4500,true,1,24189
7290102031276,false,"אקטימל תות בננה 8 יח' * 100 מ""ל דנונה",מיוצר עי קונדיטוריית,IL,אקטימל תות בננה 8*10,מיליליטרים,800.00,"100 מ""ל",false,,19.90,2.4875,true,1,23407
7290102032334,false,קפה נמס בטעם וניל 200 ג' עלית,,,קפה נמס עלית בטעם ונ,גרמים,200.00,100 גרם,false,,21.90,10.9500,true,1,22368
7290102062195,false,אלמקס גוניור משחת שיניים לגילאי 6-12,יבואן ומשווק: ש. שסט,PE,אלמקס משחת שיניים אל,מיליליטרים,75.00,"100 מ""ל",false,,14.90,19.8667,true,1,21574
7290102390427,false,יוגורט ביו עם קציפת תות 3% שומן 150 ג' מולר,טרה,,מולר פרופ תות 3% 150,גרמים,150.00,100 גרם,false,,5.50,3.6667,true,1,6431
7290102390465,false,יוגורט ביו עם קציפת אפרסק ופסיפלורה 3% שומן 150 ג' מולר,טרה,,מולר פרופ אפרסק פסיפ,גרמים,150.00,100 גרם,false,,5.50,3.6667,true,1,6432
7290102390489,false,יוגורט ביו עם קציפת לימון 3% שומן 150 ג' מולר,טרה,,מולר פרופ לימון 3% 1,גרמים,150.00,100 גרם,false,,5.50,3.6667,true,1,6434
7290102391844,false,יוגורט ביו עם קציפת פירות יער3% שומן 150 ג' מולר,טרה,,מולר פרופ לבן+קציפת,גרמים,150.00,100 גרם,false,,5.50,3.6667,true,1,6441
7290102392049,false,גבינה תבור לאפייה 5% 500 ג' צוריאל,משק צוריאל,IL,צוריאל תבור 5% 500ג,גרמים,500.00,100 גרם,false,,23.90,4.7800,true,1,6443
7290102392254,false,חלב 1% בקרטון 2 ל' טרה,מילקו תעשיות בעמ,IL,טרה חלב 1% 2ל,ליטרים,2.00,ליטר,false,,11.72,5.8600,true,1,6447
7290102393268,false,גבינה לבנה 5% שומן 750 ג' טרה,,,טרה גבינה לבנה אריזת,גרמים,750.00,100 גרם,false,,14.90,1.9867,true,1,6470
7290102393299,false,יוגורט עיזים לשתייה 3% שומן 500 ג' צוריאל,מיוצר עי קוד יצרן HG,IL,צוריאל יוגורט עיזים,מיליליטרים,500.00,"100 מ""ל",false,,11.90,2.3800,true,1,6471
7290102394081,false,מיקס יוגורט קורנפקלס מצופה שוקולד 170 ג' מולר,מילקו תעשייה בעמ,IL,מולר מיקס קורנפקלס מ,גרמים,170.00,100 גרם,false,,5.90,3.4706,true,1,6479
7290102394258,false,עז מה 9% מופחתת שומן צוריאל 180 גר,משק צוריאל,IL,צוריאל מה עז 9% 180ג,גרמים,180.00,100 גרם,false,,20.90,11.6111,true,1,6481
7290102394463,false,נעם גבינה צהובה וואקום 28% 500 גרם,טרה,IL,נעם גבינה צהובה וואק,גרמים,500.00,100 גרם,false,,24.90,4.9800,true,1,6488
7290102394821,false,"נעם גבינה צהובה דק דק פ""ח 28% 200 גר",מילקו תעשיות בעמ,IL,נעם גבינה צהובה דק ד,גרמים,200.00,100 גרם,false,,14.90,7.4500,true,1,6492
7290102394845,false,גבינה צהובה דק דקה 9% 200 ג' נעם,מילקו תעשיות בעמ,IL,נעם גבינה צהובה דק ד,גרמים,200.00,100 גרם,false,,14.90,7.4500,true,1,6493
7290102395101,false,ממרח גבינה ושוקולד שוקי 200 גר,מילקו תעשיות בעמ,IL,מוו ממרח גבינה ושוקו,גרמים,200.00,100 גרם,false,,10.90,5.4500,true,1,6496
7290102395217,false,מאגדת שמיניה מולר במתיקות מעודנת 1.2% 8*150 ג',טרה,,מולר ביאנקו במתיקות,קילוגרמים,1.20,"ק""ג",false,,18.90,15.7500,true,1,6500
7290102395224,false,יוגורט מולר ביאנקו 1.7% מארז 150X8ג',טרה,,מולר נטורל 1.7% 8*15,קילוגרמים,1.20,"ק""ג",false,,15.90,13.2500,true,1,6501
7290102395262,false,מולר סימפלי תות אפרסק 3% מאגדת 8 יח' * 150 ג',טרה,IL,מולר תות שדה ואפרסק,קילוגרמים,1.20,"ק""ג",false,,30.90,25.7500,true,1,6503
7290102395378,false,גבינה צהובה נועם 28% וואקום פרוס 360ג',טרה,IL,נעם גבינה צהובה ואקו,גרמים,360.00,100 גרם,false,,19.50,5.4167,true,1,6505
7290102395439,false,מולר סימפלי פירות יער וקיווי 3% מאגדת 8 יח' * 150 ג',מילקו תעשיות בעמ,IL,מולר סימפלי פירות יע,קילוגרמים,1.20,"ק""ג",false,,30.90,25.7500,true,1,6507
7290102395446,false,מעדן חלב בטעם וניל עם קצפת 123 ג' טרה,טרה,IL,מוו וניל קצפת 123מל,מיליליטרים,123.00,"100 מ""ל",false,,2.90,2.3577,true,1,6508
7290102395477,false,מעדן חלב בטעם שוקולד עם קצפת 123 ג' טרה,טרה,IL,מוו שוקולד קצפת 123מ,מיליליטרים,123.00,"100 מ""ל",false,,2.90,2.3577,true,1,6511
7290102395521,false,"שמנת לבישול 15% שומן 500 מ""ל טרה",מילקו תעשיות בעמ,IL,טרה שמנת לבישול 15%+,מיליליטרים,500.00,"100 מ""ל",false,,16.50,3.3000,true,1,6512
7290102396399,false,מאגדת שמיניה מעדן שוקולד 100*8 גר,,,מוו מעדן שוקולד 100*,גרמים,800.00,100 גרם,false,,12.90,1.6125,true,1,6529
7290102396405,false,מאגדת שמיניה מעדן וניל 100*8 גר,,,מוו מעדן וניל 100*8,גרמים,800.00,100 גרם,false,,12.90,1.6125,true,1,6530
7290102396436,false,מעדן שוקולד 1.5% שומן 125 ג' טרה,,,מוו מעדן שוקולד 1.5%,גרמים,125.00,100 גרם,false,,2.90,2.3200,true,1,6533
7290102396443,false,מעדן וניל 1.5% שומן 125 ג' טרה,,,מוו מעדן וניל 1.5% 1,גרמים,125.00,100 גרם,false,,2.90,2.3200,true,1,6534
7290102396580,false,מעדן שוקולד ומוס שוקולד 123 ג' טרה,טרה,IL,מוו מעדן שוקולד ומוס,גרמים,118.00,100 גרם,false,,2.90,2.4576,true,1,6538
7290102396665,false,פרוסות גבינה 15% שומן 200 ג' נעם,מילקו תעשיות בעמ,IL,גבנ`צ דקדק פתח סגור,גרמים,200.00,100 גרם,false,,14.90,7.4500,true,1,6542
7290102396672,false,זבינה צהובה נעם דק דק 9% 360 גר,,,נעם צהובה דק דק 9% 3,גרמים,360.00,100 גרם,false,,24.90,6.9167,true,1,6543
7290102396719,false,מולר סימפלי פרוט תות 0% 150 ג',טרה,IL,מולר סימפלי פרוט תות,גרמים,170.00,100 גרם,false,,5.50,3.2353,true,1,6545
7290102396740,false,מולר סימפלי %0 תות ואפרסק מאגדת 8 יח' * 150 ג',מילקו תעשיות בעמ,IL,מולר סימפלי פרוט 0%,קילוגרמים,1.20,"ק""ג",false,,30.90,25.7500,true,1,6548
7290102397204,false,פרוסות גבינה 22% שומן 200 ג' נעם,מילקו תעשיות בעמ,IL,נעם צהובה דק דק 22%,גרמים,200.00,100 גרם,false,,15.20,7.6000,true,1,6569
7290102397310,false,מעדן מיני בטעם שוקולד קצפת מוו מאגדת 8 יח' * 70 ג',,,מאגדת שמינייה מיני מ,מיליליטרים,944.00,"100 מ""ל",false,,11.90,1.2606,true,1,6573
7290102397464,false,יוגורט ביו בתוספת גרעינים אגוזים וחמוציות 170 ג' מולר,טרה,IL,מולר יוגורט נטורל +,גרמים,150.00,100 גרם,false,,5.90,3.9333,true,1,6584
7290102397600,false,מיקס יוגורט בתוספת שקדים ובוטנים מקורמלים 170 ג' מולר,מילקו תעשייה בעמ,IL,מולר מיקס שקדים ובוט,גרמים,168.00,100 גרם,false,,5.90,3.5119,true,1,6594
7290102397617,false,מיקס מולר יוגורט און טופ קליק חטיף חום לבן 170ג',טרה,IL,מולר מיקס קליק 168 ג,גרמים,168.00,100 גרם,false,,5.90,3.5119,true,1,6595
7290102397730,false,פרוסות גבינה אמנטל חצי קשה 30% שומן 200 ג' נעם,טרה,IL,גבינת אמנטל נעם פתיח,גרמים,200.00,100 גרם,false,,16.90,8.4500,true,1,6603
7290102397747,false,מוצרלה נעם רכיבים טבעיים 200 גרם,טרה,IL,מוצרלה נעם רכיבים ט,גרמים,200.00,100 גרם,false,,18.90,9.4500,true,1,6604
7290102397891,false,גבינת מותכת 18% צוריאל 100ג',משק צוריאל,IL,רביעייה גבינה מותכת,גרמים,100.00,100 גרם,false,,7.50,7.5000,true,1,6611
7290102398331,false,חלב מעושר 2% דל לקטוז טרה 1ל',טרה,IL,חלב מועשר 1 ליטר דל,ליטרים,1.00,ליטר,false,,7.50,7.5000,true,1,6639
7290102398553,false,שוקו טרה בבקבוק 1.5 ליטר,מילקו תעשיות בעמ,IL,שוקו טרה בבקבוק 1.5,ליטרים,1.50,ליטר,false,,16.90,11.2667,true,1,6653
7290102398560,false,שוקו מעושר בבקבוק 1ל' טרה,מילקו תעשיות בעמ,IL,שוקו טרה מועשר בבקבו,ליטרים,1.00,ליטר,false,,11.90,11.9000,true,1,6654
7290102398577,false,"שוקו מועשר בבקבוק פקק 250 מ""ל טרה",מילקו תעשיות בעמ,IL,שוקו טרה מועשר בבקבו,מיליליטרים,250.00,"100 מ""ל",false,,5.50,2.2000,true,1,6655
7290102398614,false,משקה חלב בטעם בננה 1ל' טרה,מילקו תעשיות בעמ,IL,משקה חלב בטעם בננה 1,ליטרים,1.00,ליטר,false,,11.90,11.9000,true,1,6656
7290102398638,false,משקה חלב בטעם מוקה 1ל' טרה,מילקו תעשיות בעמ,IL,משקה חלב בטעם מוקה 1,ליטרים,1.00,ליטר,false,,11.90,11.9000,true,1,6657
7290102398669,false,משקה חלב אייס קפוצינו 1 ל' טרה,מילקו תעשיות בעמ,IL,אייס קפוצ'ינו מווו ט,ליטרים,1.00,ליטר,false,,11.90,11.9000,true,1,79421
7290102398782,false,משקה סויה קלאסי משק צוריאל 1 ליטר,ואל סויה,IT,משקה סויה קלאסי משק,ליטרים,1.00,ליטר,false,,9.90,9.9000,true,1,6663
7290102398799,false,משקה סויה במתיקות מופחתת צוריאל 1 ליטר,ואל סויה,IT,משקה סויה במתיקות מו,ליטרים,1.00,ליטר,false,,9.90,9.9000,true,1,6664
7290102398805,false,משקה סויה בטעם וניל משק צוריאל 1 ליטר,,IL,משקה סויה בטעם וניל,ליטרים,1.00,ליטר,false,,9.90,9.9000,true,1,6665
7290102398836,false,משקה שקדים קלאסי משק צוריאל 1 ליטר,,IT,משקה שקדים קלאסי משק,ליטרים,1.00,ליטר,false,,11.90,11.9000,true,1,6667
7290102399635,false,"מולר פרופ יוגורט ביו עם קציפת קוקוס ואננס 150 מ""ל",טרה,IL,מעדן מולר פרופ קוקוס,גרמים,150.00,100 גרם,false,,5.50,3.6667,true,1,80202
7290102399796,false,מעדן יוגורט לבן מועשר בחלבון 200 ג' מולר אקטיב,טרה,IL,יוגורט חלבון לבן 250,גרמים,200.00,100 גרם,false,,5.90,2.9500,true,1,73572
7290102399819,false,יוגורט עם פירות יער מולר אקטיב מועשר בחלבון 200 גר',טרה,IL,יוגורט חלבון פ.יער 2,גרמים,200.00,100 גרם,false,,5.90,2.9500,true,1,73574
7290102840182,false,פודינג שוקולד 85 ג' מיה,,,פודינג שוקולד 85 ג,גרמים,85.00,100 גרם,false,,3.80,4.4706,true,1,15274
7290103129408,false,ליידי ספיד סטיק - דאודורנט סטיק לאישה פרש אסנס פריחת הפרדס 65 גרם,קולגייט פלמוליב,US,דאו' פריחת הפרדס ליי,גרמים,65.00,100 גרם,false,,19.90,30.6154,true,1,21605
7290103156480,false,מזלג לבן 100 יחידות,,,מזלג לבן 100 יחידות,יחידה,0.00,יחידה,false,,7.90,0.0000,true,1,37152
7290103156497,false,סכין 100יח,,,סכין 100יח,יחידה,0.00,יחידה,false,,7.90,0.0000,true,1,37153
7290103401429,false,קפה קצב ברזילאי אוריגינס 200 גר,הנסיך- מפעל לייצור ט,IL,קפה אוריגינס קצב ברז,גרמים,200.00,100 גרם,false,,27.90,13.9500,true,1,22382
7290103404758,false,סלט כרוב אדום יום יו,מיוצר עי קונדיטוריית,IL,אחלה כרוב אדום 120ג,גרמים,120.00,100 גרם,false,,5.50,4.5833,true,1,23415
7290103700195,false,שאפו רדיד אלומיניום צר 30*7.5 2יח',"שניב תעשיות נייר בע""",,טאצ רדיד אלומיניום ק,מטרים,15.00,מטר,false,,11.90,0.7933,true,1,24446
7290103700225,false,רדיד אלומניום רוחב 45 עובי 14 מיקרון,,,טאצ רדיד אלומיניום ר,יחידה,0.00,יחידה,false,,16.90,0.0000,true,1,24447
7290103700386,false,טאצ כריות יפניות מארז שישיה,"שניב תעשיות נייר בע""",IL,טאצ' כריות יפניות 6י,יחידה,0.00,יחידה,false,,9.90,0.0000,true,1,24449
7290103700539,false,נייר טואלט חתוך טאצ' עשירייה,,,נייר טואלט חתוך שניב,יחידה,0.00,יחידה,false,,14.90,0.0000,true,1,60744
7290103700652,false,טאצ' ספוג הפלא מארז שישייה,"שניב תעשיות נייר בע""",,טאצ' ספוג הפלא 6יח,יחידה,0.00,יחידה,false,,9.90,0.0000,true,1,24451
7290103701093,false,טאצ' מטליות מיקרופייבר לרצפה 2 יח',"שניב תעשיות נייר בע""",,טאצ מטליות מקרופייבר,יחידה,0.00,יחידה,false,,13.90,0.0000,true,1,24458
7290103701130,false,מטליות מיקרופייבר לניקוי כללי טאצ 7 יח,,,טאצ מטליות מקרופייבר,יחידה,0.00,יחידה,false,,14.90,0.0000,true,1,24459
7290103702229,false,טאצ מפות שולחן שמינייה עבות במיוחד,"שניב תעשיות נייר בע""",,טאצ מפות עבות במיוחד,יחידה,0.00,יחידה,false,,8.90,0.0000,true,1,24467
7290103702236,false,טאצ מפות שולחן שישייה עבות במיוחד,"שניב תעשיות נייר בע""",,טאצ מפות עבות במיוחד,יחידה,0.00,יחידה,false,,8.90,0.0000,true,1,24468
7290103702298,false,טאצ' אשפתון עבה בגליל 77*90 50 יח',"שניב תעשיות נייר בע""",,טאצ אשפתון בגליל 50,יחידה,0.00,יחידה,false,,15.90,0.0000,true,1,24472
7290103702304,false,טאצ אשפתון עבה במיוחד 35 יחידות,"שניב תעשיות נייר בע""",,טאצ אשפתון בגליל 35,יחידה,0.00,יחידה,false,,15.90,0.0000,true,1,24473
7290103702540,false,נייר טואלט מהדרות כדור פורח 30 גלילים טאצ',,,נייר טואלט 30 יח' מ,יחידה,0.00,יחידה,false,,23.90,0.0000,true,1,64629
7290103702779,false,מפיות אירוח טאצ` 15,,,מפיות אירוח טאצ` 15,יחידה,0.00,יחידה,false,,8.90,0.0000,true,1,24483
7290103703233,false,מטליות טאצ' לחות תפוח לניקוי כללי דלי,,,טאצ' מטליות לחות לני,יחידה,0.00,יחידה,false,,20.90,0.0000,true,1,38117
7290103703370,false,טאצ מגבוני טואלט לחים מארז שלישייה,,,טאצ' מגבוני נייר טוא,יח',3.00,יח',false,,14.90,4.9667,true,1,24490
7290103703578,false,לובלי נייר טואלט תלת,,,לובלי נייר טואלט תלת,יחידה,0.00,יחידה,false,,42.90,0.0000,true,1,24493
7290103704155,false,מגבת נייר למטבח טאצ' 6יח',"שניב תעשיות נייר בע""",IL,מגבות נייר 6 גלילים,מטרים,63.00,מטר,false,,10.90,0.1730,true,1,157254
7290103704162,false,נייר טואלט טאצ' פרימיום 32 גלילים,"שניב תעשיות נייר בע""",IL,נייר טואלט טאצ' 32 ג,יח',0.00,יח',false,,31.90,0.0000,true,1,135157
7290103704186,false,מגבות טאצ 6 גלילים כפול מהדורת 2021,,,מגבות טאצ' גליל כפול,יחידה,0.00,יחידה,false,,19.90,0.0000,true,1,216697
7290103704575,false,נייר טואלט טאצ' פרימיום 48 גלילים,,,נייר טואלט טאצ' 48 י,יחידה,0.00,יחידה,false,,39.90,0.0000,true,1,135171
7290103704681,false,טאצ' שקיות קוקי גדולות 10 יח',,,שקיות קוקי 10 יח' טא,יחידה,0.00,יחידה,false,,4.90,0.0000,true,1,278830
7290103704698,false,טאצ' שקיות קוקי ענקיות 5 יח',,,שקיות קוקי 5 יח' טאצ,יחידה,0.00,יחידה,false,,4.90,0.0000,true,1,278831
7290103704766,false,נייר טואלט 24 גליל כפול מהדורת פרח סגול,,,נייר טואלט 24 גליל,יחידה,0.00,יחידה,false,,42.90,0.0000,true,1,265271
7290103746001,false,ממחטות אף טאצ' מארז 100X5יח',"שניב תעשיות נייר בע""",IL,ממחטות טאצ' חמישייה,יחידה,0.00,יחידה,false,,11.90,0.0000,true,1,24505
7290104061417,false,חומוס טחינה אחלה 400 ג',"שטראוס גרופ בע""מ",IL,אחלה חומוס טחינה 400,גרמים,400.00,100 גרם,false,,10.90,2.7250,true,1,23420
7290104061431,false,חומוס אחלה עם צנובר 400 ג',"שטראוס גרופ בע""מ",IL,אחלה חומוס צנובר 400,גרמים,400.00,100 גרם,false,,10.90,2.7250,true,1,23422
7290104061448,false,חומוס עם חריף 400 ג' אחלה,מיוצר עי קונדיטוריית,IL,אחלה חומוס חריף 400ג,גרמים,400.00,100 גרם,false,,10.90,2.7250,true,1,23423
7290104062599,false,גמדים בכפית תות בננה דיסני 8 יח' * 100 ג',,,גמדים תות בננה 8*100,מיליליטרים,800.00,"100 מ""ל",false,,18.90,2.3625,true,1,23424
7290104065187,false,קפה נמס בטעם מוקה 200 ג' עלית,,,קפה נמס עלית בטעם מו,גרמים,200.00,100 גרם,false,,21.90,10.9500,true,1,22410
7290104066566,false,טחינה שומשום מלא אחלה 500 גר',מיוצר עי קונדיטוריית,IL,אחלה טחינה 500ג,גרמים,500.00,100 גרם,false,,13.90,2.7800,true,1,23427
7290104068539,false,גומי מאסט בטעם מלון ואבטיח 28 ג' עלית,"שטראוס גרופ בע""מ",IL,מאסט מלון ואבטיח 28ג,גרמים,28.00,100 גרם,false,,4.10,14.6429,true,1,22416
7290104068546,false,גומי מאסט בטעם לימון קולה ללא סוכר 28 ג' עלית,"שטראוס גרופ בע""מ",IL,מאסט קולה 28 גרם,גרמים,28.00,100 גרם,false,,4.10,14.6429,true,1,22417
7290104500572,false,אפרופו חטיף איטליאנו 50 ג' אסם,מיוצר עי קונדיטוריית,IL,אפרופו איטלקי 36*50ג,גרמים,50.00,100 גרם,false,,5.00,10.0000,true,1,18847
7290104501661,false,פודינג אינסטנט בטעם וניל צרפתי 80 גר,מיוצר עי קונדיטוריית,IL,אסם פודינג בטעם וניל,גרמים,80.00,100 גרם,false,,5.90,7.3750,true,1,18848
7290104504228,false,דובונים מולטיפק מארז 5 יח' * 20 ג' אסם,"אסם השקעות בע""מ",IL,דובונים קדמ.מארז אחי,גרמים,100.00,100 גרם,false,,13.90,13.9000,true,1,18853
7290104508943,false,במבה אריזת חסכון 200 גרם,"אסם השקעות בע""מ",IL,במבה קלאסי 18*200 גר,גרמים,200.00,100 גרם,false,,10.90,5.4500,true,1,18862
7290104570131,false,"תמר מג'הול 1 ק""ג",,,"תמר מג'הול 1 ק""ג",קילוגרמים,1.00,"ק""ג",false,,17.90,17.9000,true,1,42920
7290104570162,false,תמרים כבוש ביסאן 500 ג',,,תמר כבוש 500 גרם,גרמים,500.00,100 גרם,false,,12.90,2.5800,true,1,42921
7290104570292,false,"תמר מג`הול 1 ק`ג בד""",,,"תמר מג`הול 1 ק`ג בד""",קילוגרמים,1.00,"ק""ג",false,,19.90,19.9000,true,1,42922
7290104720499,false,דני וניל מאגדת 8 יח' *125 ג',מיוצר עי קונדיטוריית,IL,מארז דני וניל 8*125,מיליליטרים,125.00,"100 מ""ל",false,,16.90,13.5200,true,1,23432
7290104721762,false,מארז קפה טורקי עלית 3*85 גר,,IL,טורקי עלית 3*85 גר'.,גרמים,255.00,100 גרם,false,,19.90,7.8039,true,1,22421
7290104722530,false,תפוצ'יפס שמנת בצל 200 גרם,"שטראוס פריטו ליי בע""",IL,תפוציפס שמנת בצל 200,גרמים,200.00,100 גרם,false,,10.90,5.4500,true,1,24212
7290104726262,false,דני לשתיה שוקולד דיסני מארז 125X4 ג',מיוצר עי קונדיטוריית,IL,דני שוקולד לשתייה מא,מיליליטרים,500.00,"100 מ""ל",false,,10.90,2.1800,true,1,23442
7290104726712,false,"מילקי שוקולד וקצפת מארז 170X8מ""ל","שטראוס גרופ בע""מ",IL,מילקי שמינייה מארז 8,קילוגרמים,1.06,"ק""ג",false,,19.90,18.7736,true,1,23443
7290104728310,false,"שמנת עמידה לקצפת 38% שומן 250 מ""ל יוטבתה",מחלבת יטבתה,IL,יטבתה שמנת עמידה לקצ,מיליליטרים,250.00,"100 מ""ל",false,,6.47,2.5880,true,1,23448
7290104729010,false,"לבן בטעם תות יטבתה 100 מ""ל מהדרין",,IL,יטבתה לבן בטעם תות 3,מיליליטרים,100.00,"100 מ""ל",false,,1.50,1.5000,true,1,23450
7290104960239,false,"תחליב רחצה נקה 7 ארומה לבן 750 מ""ל",טרופיקל דגיל תעשיות,IL,תחליב רחצה קמומיל נק,מיליליטרים,750.00,"100 מ""ל",false,,11.90,1.5867,true,1,30450
7290104960253,false,"תחליב רחצה נקה 7 לבנדר סגול 750מ""ל",טרופיקל דגיל תעשיות,IL,תחליב רחצה לבנדר נקה,מיליליטרים,750.00,"100 מ""ל",false,,11.90,1.5867,true,1,30452
7290104961250,false,"נקה 7 תחליב רחצה מגע קטיפה וניל מאסק 750 מ""ל",טרופיקל דגיל תעשיות,IL,תחליב רחצה וניל מאסק,מיליליטרים,750.00,"100 מ""ל",false,,11.90,1.5867,true,1,30464
7290104962073,false,"טיטניום דאודורנט ספריי גולד 180 מ""ל",אמיליה קוסמטיקס בעמ,IL,דאו' ספריי גולד טיטנ,מיליליטרים,180.00,"100 מ""ל",false,,15.90,8.8333,true,1,30485
7290104963223,false,סופטקר - אל סבון עדין לתינוק לעור רגיש 1 ליטר,,,סופטקר אלסבון קלאסי,יחידה,0.00,יחידה,false,,17.90,0.0000,true,1,30518
7290104963650,false,סופטקר - שמפו אל דמע 1 ליטר,,,סופטקר שמפו אלדמע 1,ליטרים,1.00,ליטר,false,,17.90,17.9000,true,1,30520
7290104963667,false,אלסבון ושמפו אל דמע 2 ב1 סופטקר 1 ליטר,קוסמופארם בע''מ,IL,סופטקר 2ב-1 אלסבון ו,יחידה,0.00,יחידה,false,,17.90,0.0000,true,1,30521
7290105182289,false,בדי בדיקה גן עדן יהודית,,,בדי בדיקה יהודית,יחידה,0.00,יחידה,false,,9.00,0.0000,true,1,285497
7290105360250,false,קפסולות 09 עשיר וארומטי למכונת נספרסו עלית 10יח',הנסיך- מפעל לייצור ט,IL,עלית קפסולות מקיאטו,גרמים,50.00,100 גרם,false,,17.90,35.8000,true,1,22438
7290105360328,false,קפסולות אספרסו חזק למכונות נספרסו 10 יח',הנסיך- מפעל לייצור ט,IL,עלית קפסולות אספרסו,גרמים,50.00,100 גרם,false,,17.90,35.8000,true,1,22439
7290105360335,false,קפסולות אספרסו למכונות נספרסו 50 גר,הנסיך- מפעל לייצור ט,IL,עלית קפסולות אספרסו,גרמים,50.00,100 גרם,false,,17.90,35.8000,true,1,22440
7290105360755,false,"שמן זית 3 חזק 750 מ""ל יד מרדכי",מכוורת יד מרדכי שטרא,IL,שמן זית 3 חזק כתית י,מיליליטרים,750.00,"100 מ""ל",false,,33.90,4.5200,true,1,22443
7290105360762,false,"שמן זית 1 עדין 750 מ""ל יד מרדכי",מכוורת יד מרדכי שטרא,IL,שמן זית 1 עדין כתית,מיליליטרים,750.00,"100 מ""ל",false,,33.90,4.5200,true,1,22444
7290105362339,false,"שמנת לבישול 15% 250 מ""ל יטבתה מהדרין",מחלבת יטבתה,IL,יטבתה שמנת לבישול 15,מיליליטרים,250.00,"100 מ""ל",false,,7.90,3.1600,true,1,23453
7290105366993,false,גבינה לבנה סימפוניה עם תוספות 200 ג' פלפל שיפקה,"שטראוס בריאות בע""מ",IL,סימפוניה פלפל שיפקה,גרמים,200.00,100 גרם,false,,11.50,5.7500,true,1,23463
7290105368331,false,מילקי תות 8% וקצפת 133ג',מחלבת אחיהוד,IL,"מילקי תות 170 מ""ל",מיליליטרים,170.00,"100 מ""ל",false,,2.90,1.7059,true,1,23474
7290105368904,false,"שמנת מתוקה להקצפה 32% שומן 250 מ""ל יוטבתה",מחלבת יטבתה,IL,יטבתה שמנת עמידה לקצ,מיליליטרים,250.00,"100 מ""ל",false,,7.50,3.0000,true,1,23483
7290105368928,false,"שמנת 9% שומן 200 מ""ל יוטבתה",מחלבת יטבתה,IL,יטבתה שמנת 9% 200מל,מיליליטרים,200.00,"100 מ""ל",false,,2.90,1.4500,true,1,23484
7290105369130,false,גבינת סימפוניה עם בצל ירוק 200 גרם,"שטראוס בריאות בע""מ",IL,סימפוניה שטראוס בצל,גרמים,200.00,100 גרם,false,,11.50,5.7500,true,1,23487
7290105431868,false,"פלמוליב ספא קוקוס גרגרים נוזלי 500 מ""ל",הנסיך- מפעל לייצור ט,TR,פלמוליב סבון נוזלי ס,מיליליטרים,500.00,"100 מ""ל",false,,15.90,3.1800,true,1,21619
7290105434050,false,ספיד סטיק - דאודורנט סטיק לגבר XL ירוק רגיולר 85 גרם,,,דאו' ירוק רגיולר ספי,גרמים,85.00,100 גרם,false,,14.90,17.5294,true,1,21632
7290105434067,false,ספיד סטיק - דאודורנט סטיק לגבר XL אושן סרף 85 גרם,,,ספיד סטיק כחול אושיי,גרמים,85.00,100 גרם,false,,19.90,23.4118,true,1,21633
7290105500151,false,וודקה פינלנדיה בקבוק,"אלטיה קורפ, הלסינקי,",FI,וודקה פינלנדיה 700 מ,מיליליטרים,700.00,"100 מ""ל",false,,60.90,8.7000,true,1,13386
7290105691248,false,פריכונים חטיפי טורטיה תירס 60 ג' אוסם,"מיוצר ע""י PT, משווק",IL,חטיפי פריכונים טורטי,גרמים,60.00,100 גרם,false,,7.50,12.5000,true,1,18874
7290105691897,false,קוסקוס מחיטה מלאה אסם 350 גר',"מיוצר ע""י קוד יצרן K",IL,קוסקוס עם חיטה מלאה,גרמים,350.00,100 גרם,false,,9.90,2.8286,true,1,18879
7290105693341,false,במבה מארז 10 יח' * 25 ג' אסם,"אסם השקעות בע""מ",IL,במבה מאח.15 10*25גרם,גרמים,250.00,100 גרם,false,,16.90,6.7600,true,1,18888
7290105693457,false,עוגת הבית דמקה שוקו וניל 320 ג' אסם,מיוצר עי קונדיטוריית,IL,עוגת הבית דמקה שוקו,גרמים,320.00,100 גרם,false,,13.90,4.3438,true,1,18889
7290105693952,false,פירורית זהב אסם זהב שומשום 200 ג',מיוצר עי קונדיטוריית,IL,פירורית זהב שומשום 2,גרמים,200.00,100 גרם,false,,6.50,3.2500,true,1,18891
7290105694928,false,אבקת מרק בצל רכיבים טבעיים 220 ג' אסם,"אסם השקעות בע""מ",IL,אבקת מרק בצל רכיבים,גרמים,220.00,100 גרם,false,,18.90,8.5909,true,1,18896
7290105695024,false,פתיתים אפויים אורז עם אטריות 500 ג' אסם,"אסם השקעות בע""מ",IL,פתיתים אפויים אורז ע,גרמים,500.00,100 גרם,false,,6.90,1.3800,true,1,18897
7290105695321,false,עוגת שוקולד בראוניז פאדג' 380 ג',מיוצר עי קונדיטוריית,IL,הבית עוגות בראוניס פ,גרמים,380.00,100 גרם,false,,18.50,4.8684,true,1,18900
7290105964564,false,אחלה חומוס אחלה 400ג,מיוצר עי קונדיטוריית,IL,אחלה חומוס אחלה 400ג,גרמים,400.00,100 גרם,false,,8.90,2.2250,true,1,23494
7290105965738,false,יוגורט לשתיה בטעם תות בננה267 ג' דנונה,מיוצר עי קונדיטוריית,IL,דנונה משקה תות בננה,גרמים,267.00,100 גרם,false,,4.90,1.8352,true,1,23500
7290105968098,false,סלט קולסלאו אחלה 500 ג',,,אחלה קולסלאו 500ג,גרמים,500.00,100 גרם,false,,15.50,3.1000,true,1,23506
7290105968654,false,רביולי בטטה פרווה פסטה נונה 400 ג',מיוצר עי קונדיטוריית,IL,שטראוס רביולי בטטה 4,גרמים,400.00,100 גרם,false,,19.90,4.9750,true,1,23507
7290106520066,false,רבע לשבע וופל שוקולד 120 גרם,הגביע מוצרי וופלים ב,IL,רבע לשבע 160 גרם,גרמים,160.00,100 גרם,false,,10.90,6.8125,true,1,22490
7290106520912,false,"שמנת לבישול 9% 250 מ""ל יטבתה",מחלבת יטבתה,IL,יטבתה שמנת לבישול 9%,מיליליטרים,250.00,"100 מ""ל",false,,7.90,3.1600,true,1,23518
7290106521926,false,שקית קפה טורקי 150 ג' עלית,,,קפה טורקי עלית 150 ג,גרמים,150.00,100 גרם,false,,12.90,8.6000,true,1,22498
7290106524439,false,תפוצ'יפס טבעי פופס 60גר',"שטראוס פריטו ליי בע""",IL,תפוציפס פופס 60 גרם,גרמים,60.00,100 גרם,false,,3.90,6.5000,true,1,24231
7290106525368,false,גלילי וופל רבע לשבע אין סייד אוט 125 גר,הגביע מוצרי וופלים ב,IL,רבע לשבע אין סייד או,גרמים,125.00,100 גרם,false,,10.90,8.7200,true,1,22506
7290106526822,false,פריכיות אורז עם תחתית שוקולד חלב 80 ג' אנרגי,"טחנת האבן תעשיות בע""",IL,פריכיות עם תחתית שוק,גרמים,80.00,100 גרם,false,,8.30,10.3750,true,1,22515
7290106528567,false,חטיף דוריטוס גריל 185 גרם,הנסיך- מפעל לייצור ט,IL,דוריטוס גריל 185 גר`,גרמים,185.00,100 גרם,false,,8.20,4.4324,true,1,24237
7290106528628,false,חטיף דוריטוס טבעי 185 גרם,"שטראוס פריטו ליי בע""",IL,דוריטוס טבעי 185 גר`,גרמים,185.00,100 גרם,false,,8.20,4.4324,true,1,24238
7290106572027,false,אוסם - לחמית חמישה דגנים 190 גרם,"אסם השקעות בע""מ",IL,לחמית חמישה דגנים אס,גרמים,190.00,100 גרם,false,,8.70,4.5789,true,1,18920
7290106572959,false,אפרופו מארז 5 יח' *25 ג' אסם,,IL,אפרופו קלאסי מאח.8 5,גרמים,75.00,100 גרם,false,,12.90,17.2000,true,1,18925
7290106573314,false,אוסם - קריספי טאפאס כפרי 150 גרם,מיוצר עי קונדיטוריית,IL,אסם קריספי טאפאס כפר,גרמים,150.00,100 גרם,false,,11.90,7.9333,true,1,18932
7290106573598,false,חומוס צבר לבנוני 400 ג',סלטי צבר,IL,צבר חומוס לבנוני 400,גרמים,400.00,100 גרם,false,,12.50,3.1250,true,1,19912
7290106573628,false,חומוס צבר עם טחינה 400 ג',סלטי צבר,IL,צבר חומוס עם טחינה 4,גרמים,400.00,100 גרם,false,,12.50,3.1250,true,1,19913
7290106573642,false,חומוס עם צנובר צבר 400 גר,סלטי צבר,IL,צבר חומוס צנובר 400,גרמים,400.00,100 גרם,false,,12.50,3.1250,true,1,19914
7290106574793,false,עוגת הבית שוקו שוקוצ''יפס 350 ג' אסם,מיוצר עי קונדיטוריית,IL,עוגת הבית שוקו שוקוצ,גרמים,350.00,100 גרם,false,,13.90,3.9714,true,1,18940
7290106574953,false,בייגלה אסם שטוחים שומשום 300 גר,מיוצר עי קונדיטוריית,IL,אסם בייגלה שטוחים שו,גרמים,300.00,100 גרם,false,,10.90,3.6333,true,1,18941
7290106574977,false,בייגלה שטוחים עם מלח 300 ג' אסם,מיוצר עי קונדיטוריית,IL,אסם בייגלה שטוחים עם,גרמים,300.00,100 גרם,false,,10.90,3.6333,true,1,18942
7290106575257,false,עוגת הבית סופלה בטעם שוקולד 340 ג' אסם,מיוצר עי קונדיטוריית,IL,עוגת הבית סופלה בטעם,גרמים,340.00,100 גרם,false,,13.90,4.0882,true,1,18945
7290106575431,false,עוגת הבית סופלה בטעם שוקוניל 340 ג' אסם,מיוצר עי קונדיטוריית,IL,עוגת הבית סופלה בטעם,גרמים,340.00,100 גרם,false,,13.90,4.0882,true,1,18949
7290106576513,false,סלט חומוס צבר 400 גר,סלטי צבר,IL,צבר חומוס 400 גרם,גרמים,400.00,100 גרם,false,,8.90,2.2250,true,1,19918
7290106576537,false,חומוס מסעדה צבר 700 גר,סלטי צבר,IL,צבר חומוס מסעדה 700,גרמים,700.00,100 גרם,false,,10.90,1.5571,true,1,19919
7290106576797,false,"לה קרמריה גלידת וניל איטלקי כשל""פ 1.4ל'",תות תעשיות מזון (201,IL,לה קרמריה וניל איטלק,ליטרים,1.40,ליטר,false,,22.90,16.3571,true,1,16137
7290106576810,false,גלידה לה קרמריה ריבת חלב 1.4 ל' נסטלה,המאפיה של הרמן,IL,לה קרמריה ריבת חלב 1,ליטרים,1.40,ליטר,false,,22.90,16.3571,true,1,16138
7290106576834,false,גלידה לה קרמריה פונטש בננה1.4 ל' נסטלה,תות תעשיות מזון (201,IL,גלידה קרמריה פונטש ב,ליטרים,1.40,ליטר,false,,22.90,16.3571,true,1,16139
7290106576858,false,גלידה לה קרמריה תותים בשמנת 1.4 ל' נסטלה,המאפיה של הרמן,IL,גלידה קרמריה תותים ב,ליטרים,1.40,ליטר,false,,22.90,16.3571,true,1,16140
7290106576919,false,לה קרמריה גלידת סורבה תות לימון 1.4ל',המאפיה של הרמן,IL,גלידה קרמריה סורבה ת,ליטרים,1.40,ליטר,false,,22.90,16.3571,true,1,16142
7290106576971,false,גלידה לה קרמריה שוקולד בלגי 1.4 ל' נסטלה,תות תעשיות מזון (201,IL,לה קרמריה שוקולד בלג,ליטרים,1.40,ליטר,false,,22.90,16.3571,true,1,16145
7290106577282,false,טחינה צבר מרובע 400 ג',סלטי צבר,IL,צבר מרובע טחינה 400ג,גרמים,400.00,100 גרם,false,,12.90,3.2250,true,1,19920
7290106577541,false,כרוב אדום מרובע 400 ג' צבר,סלטי צבר,IL,צבר מרובע כרוב אדום,גרמים,400.00,100 גרם,false,,12.90,3.2250,true,1,19926
7290106577572,false,מטבוחה מרובע 400 ג' צבר,סלטי צבר,IL,צבר מרובע מטבוחה 40,גרמים,400.00,100 גרם,false,,12.90,3.2250,true,1,19927
7290106578692,false,אוסם - במבה ביסלי מיקס 80 גרם,פרו מן יו פתרונות אר,IL,במבה ביסלי מיקס 36*8,גרמים,80.00,100 גרם,false,,4.50,5.6250,true,1,18964
7290106578821,false,הבית עוגת שמרים קלאסית בטעם שוקולד 350גר,מיוצר עי קונדיטוריית,IL,עוגת הבית שמרים קלאס,גרמים,350.00,100 גרם,false,,18.50,5.2857,true,1,18965
7290106658479,false,וופל טורטית שוקלד מגדים 40ג',"שטראוס גרופ בע""מ",IL,עלית וופל בטעם טורטי,גרמים,40.00,100 גרם,false,,3.90,9.7500,true,1,22547
7290106660410,false,רביולי תרד וגבינה שטראוס 400 ג',מיוצר עי קונדיטוריית,IL,שטראוס ריביולי תרד ו,גרמים,400.00,100 גרם,false,,19.90,4.9750,true,1,23541
7290106663503,false,קונפיטורה תות לייט יד מרדכי 250 ג',אף.סי תבליני בגליל ב,IL,קונפיטורת לייט תות 2,גרמים,230.00,100 גרם,false,,12.90,5.6087,true,1,22582
7290106663558,false,"רוטב טריאקי ורימון יד מרדכי 280מ""ל",אף.סי תבליני בגליל ב,IL,יד מרדכי רוטב טריאקי,מיליליטרים,280.00,"100 מ""ל",false,,13.90,4.9643,true,1,22587
7290106664555,false,"רוטב שמנת עם עגבניות 9% שומן 250 מ""ל יוטבתה",מחלבת יטבתה,IL,יטבתה רוטב שמנת עם ע,מיליליטרים,250.00,"100 מ""ל",false,,9.90,3.9600,true,1,23563
7290106664562,false,רוטב שמנת עם פטריות 9% שומן 258 ג' יוטבתה,מחלבת יטבתה,IL,יטבתה רוטב שמנת עם פ,גרמים,250.00,100 גרם,false,,9.90,3.9600,true,1,23564
7290106666788,false,עלית - סוכריות נוסטלגיה דבש ממולאות 80 גרם,פלזנסקי,PL,סוכריות נוסטלגיה דבש,גרמים,80.00,100 גרם,false,,7.30,9.1250,true,1,22600
7290106667266,false,חטיף דוריטוס חמוץ חריף 185 גרם,הנסיך- מפעל לייצור ט,IL,דוריטוס חמוץ חריף 18,גרמים,185.00,100 גרם,false,,8.20,4.4324,true,1,24291
7290106668577,false,"מיץ לימון טבעי יד מרדכי 250 מ""ל",האי נאם סי או אל.טי.,IT,מיץ לימון טבעי יד מר,מיליליטרים,250.00,"100 מ""ל",false,,7.90,3.1600,true,1,22606
7290106668713,false,יוגורט עם פירות יער 3% שומן 150 ג' דנונה,מיוצר עי קונדיטוריית,IL,דנונה פירות יער3% 15,מיליליטרים,150.00,"100 מ""ל",false,,3.90,2.6000,true,1,23567
7290106725867,false,"סירופ מייפל טהור 189 מ""ל יד מרדכי",קוסלסי פוד,CA,יד מרדכי סירופ מייפל,מיליליטרים,189.00,"100 מ""ל",false,,30.90,16.3492,true,1,22669
7290107280013,false,מגבונים ליטופים ללא בושם חמישיה,,,ליטופים מגבונים ללא,יחידה,0.00,יחידה,false,,18.90,0.0000,true,1,30546
7290107280020,false,מטליות לחות סנו סושי לניקוי כללי שלישיה *50 יח',טרופיקל דגיל- תעשיות,IL,סנו סושי מגבונים לני,יחידה,0.00,יחידה,false,,19.90,0.0000,true,1,30547
7290107280099,false,מגבוני טואלט לחים סנו סופט שלישייה * 48 יח',טרופיקל דגיל- תעשיות,IL,סנו סופט מגבוני טואל,יחידה,0.00,יחידה,false,,15.90,0.0000,true,1,30553
7290107280112,false,נייר טואלט סופט סילק 24 גליל,,,סנו סופט נייר טואלט,מטרים,441.00,מטר,false,,25.90,0.0587,true,1,30555
7290107280341,false,ריצפז מטליות לחות לניקוי הרצפה בניחוח מלון מפנק,"סנו מפעלי ברונוס סע""",IL,ריצפז מטליות לחות לנ,יחידה,0.00,יחידה,false,,11.90,0.0000,true,1,30560
7290107280563,false,אוקסיג'ן ג'ל לכביסה בייבי 3ל',"איי, בי, אינבוו",IL,סנו ג'ל אוקסיג'ן ביי,ליטרים,3.00,ליטר,false,,30.90,10.3000,true,1,30571
7290107280570,false,סנו - מקסימה ג'ל כביסה מרוכז לכביסה צבעונית 3 ליטר,מיוצר עי קונדיטוריית,IL,מקסימה ג'ל כביסה מיק,ליטרים,3.00,ליטר,false,,33.90,11.3000,true,1,30572
7290107280587,false,סנובון מוצק דבל אקשן בניחוח פרחים ורודי,,,סנובון דאבל אקשן בני,גרמים,165.00,100 גרם,false,,11.90,7.2121,true,1,30573
7290107280723,false,"סנו ספארק נוזל כלים לימון 700 מ""ל",סנו כימיקלים,IL,סנו ספארק נוזל לניקו,מיליליטרים,700.00,"100 מ""ל",false,,9.90,1.4143,true,1,30583
7290107280747,false,"סנו ספארק נוזל כלים קלאסי 700 מ""ל",סנו כימיקלים,IL,סנו ספארק נוזל לניקו,מיליליטרים,700.00,"100 מ""ל",false,,9.90,1.4143,true,1,30586
7290107280754,false,נוזל כלים סנו ספארק היפואלרגי 700 מל,סנו,,ספארק נוזל לכלים עדי,מיליליטרים,700.00,"100 מ""ל",false,,9.90,1.4143,true,1,30587
7290107280761,false,סנו ספארק נוזל כלים בניחוח לימון עם משאבה 1 ל',מיוצר עי קונדיטוריית,IL,ספארק נוזל לכלים לימ,יחידה,0.00,יחידה,false,,11.90,0.0000,true,1,30588
7290107340243,false,מטען בית אייפון,,,מטען בית אייפון,יחידה,0.00,יחידה,false,,39.90,0.0000,true,1,253705
7290107340526,false,מטען בית טייפ סי,,,מטען בית טייפ סי,יחידה,0.00,יחידה,false,,39.90,0.0000,true,1,253707
7290107341356,false,כבל אייפון,,,כבל אייפון,יחידה,0.00,יחידה,false,,19.90,0.0000,true,1,247418
7290107645591,false,אבקת מרק טעם עוף רכביים טבעיים קנור 400ג',יוניליוור ישראל מזון,IL,מרק טעם עוף רכיבים ט,גרמים,400.00,100 גרם,false,,16.90,4.2250,true,1,10593
7290107649100,false,בייגלה טבעות שומשום 300 גר',בייגל את בייגל מזון,IL,בייגלה טבעות שומשום,גרמים,300.00,100 גרם,false,,10.90,3.6333,true,1,10702
7290107871532,false,מאגדת קרחונים דובדבן מלון 10 יח' נסטלה,גלידות נסטלה (נגה גל,IL,מאגדת שלגוני דובדבן,גרמים,750.00,100 גרם,false,,18.90,2.5200,true,1,16158
7290107871990,false,פסטה צינורות 500 גר אסם,פסטה זארה,IT,פסטה צינורות אסם 500,גרמים,500.00,100 גרם,false,,5.90,1.1800,true,1,18991
7290107874502,false,ביסלי גריל קדמ. מארז אחיד 10 4*55 גרם,מיוצר עי קונדיטוריית,IL,ביסלי גריל 4*55 גרם,גרמים,220.00,100 גרם,false,,12.90,5.8636,true,1,19013
7290107875004,false,פופקורן חמאה ודבש מארז12*20גר',,,פופקו חמאה ודבש מארז,גרמים,240.00,100 גרם,false,,18.90,7.8750,true,1,19018
7290107875271,false,ביסלי ברביקיו קדמ. מארז אחיד10 4*55 גרם,,IL,ביסלי ברבקיו מארז 4*,גרמים,220.00,100 גרם,false,,12.90,5.8636,true,1,19024
7290107877619,false,מארז במבה במילוי קרם נוגט 5*30ג' אסם,,IL,במבה במילוי קרם נוגט,גרמים,150.00,100 גרם,false,,13.90,9.2667,true,1,19059
7290107930321,false,קונפיטורת יד מרדכי דובדובן 340 גרם,,,יד מרדכי קונפיטורה ד,גרמים,340.00,100 גרם,false,,12.90,3.7941,true,1,22690
7290107932080,false,חלב מועשר יוטבתה בבקבוק 3% 1 ליטר,מחלבת יטבתה,IL,יטבתה חלב בבקבוק 3%,ליטרים,1.00,ליטר,false,,7.70,7.7000,true,1,23612
7290107932134,false,חלב מועשר יוטבתה בבקבוק 1% 1 ליטר,מחלבת יטבתה,IL,יטבתה חלב בבקבוק 1%,ליטרים,1.00,ליטר,false,,7.70,7.7000,true,1,23614
7290107934473,false,יוגורט לבן 1.5%שומן 8 יח' * 150 ג' אקטיביה,,,אקטיביה מארז מיוחד 1,קילוגרמים,1.20,"ק""ג",false,,19.90,16.5833,true,1,23629
7290107937542,false,משקה אקטיביה תות 265 ג' דנונה,מיוצר עי קונדיטוריית,IL,משקה אקטיביה תות 1.2,מיליליטרים,265.00,"100 מ""ל",false,,4.90,1.8491,true,1,23640
7290107937627,false,צנצנת מסטיק מאסט קוביות ספירמינט 58 ג' עלית,אסקום קונפקשיין,DE,צנצנת קוביות ספירמינ,גרמים,58.00,100 גרם,false,,10.50,18.1034,true,1,22746
7290107937641,false,מסטיק בצנצנת קוביות בזוקה 58 ג',אסקום קונפקשיין,DE,צנצנת קוביות בזוקה 5,גרמים,58.00,100 גרם,false,,10.50,18.1034,true,1,22748
7290107938396,false,"אקטימל משקה פרוביוטי תות 100X8 מ""ל",מיוצר עי קונדיטוריית,IL,דנונה Actimel בנים ב,גרמים,864.00,100 גרם,false,,20.90,2.4190,true,1,23646
7290107940030,false,חומוס אחלה 650 גר',,,חומוס אחלה 650 גר,גרמים,650.00,100 גרם,false,,8.90,1.3692,true,1,23663
7290107940467,false,אקטיביה יוגורט 1.5% שומן 200 ג' דנונה,מיוצר עי קונדיטוריית,IL,דנונה אקטיביה יוגורט,גרמים,200.00,100 גרם,false,,3.90,1.9500,true,1,23669
7290107944243,false,וופלים אפיפיות בטעם שוקולד 200 גר,"שטראוס גרופ בע""מ",IL,"אפיפית ללא גלוטן בד""",גרמים,200.00,100 גרם,false,,6.90,3.4500,true,1,22803
7290107944472,false,סימפוניה שום שמיר 5% 200 ג' שטראוס,"שטראוס בריאות בע""מ",IL,סימפוניה 5% שום שמיר,גרמים,200.00,100 גרם,false,,11.50,5.7500,true,1,23714
7290107945165,false,קונפיטורת יד מרדכי משמש 340 גר,אף.סי תבליני בגליל ב,IL,יד מרדכי קונפיטורת מ,גרמים,340.00,100 גרם,false,,12.90,3.7941,true,1,22819
7290107950190,false,מעדן שטראוס דיאט 0% שוקולד מריר 130ג',מיוצר עי קונדיטוריית,IL,מעדן דיאט שוקולד מרי,גרמים,130.00,100 גרם,false,,3.50,2.6923,true,1,23774
7290107951104,false,בפלות שוקולד ארוך עלית 200ג',"א.ג. גילרו בע""מ",IL,בפלות 200 גרם שוקולד,גרמים,200.00,100 גרם,false,,4.10,2.0500,true,1,22855
7290107953559,false,קפה טורקי עלית לדרך שקיות 24X7ג',הנסיך- מפעל לייצור ט,IL,קפה טורקי לדרך 168 ג,גרמים,168.00,100 גרם,false,,18.90,11.2500,true,1,22882
7290107954709,false,קונפיטורת פירות יער 340 גר יד מרדכי,,,יד מרדכי קונפיטורת פ,גרמים,340.00,100 גרם,false,,12.90,3.7941,true,1,22903
7290107956963,false,"דנונה וניל 3% תות מארז 12X100מ""ל",,,יוגורט עם תות 3% דנו,קילוגרמים,1.20,"ק""ג",false,,17.90,14.9167,true,1,23855
7290107958035,false,יוגורט במתיקות מעודנת 2% מאגדת 8 יח' *120 ג' דנונה,,,8 דנונה מתיקות מעודנ,קילוגרמים,1.20,"ק""ג",false,,18.50,15.4167,true,1,23875
7290107971751,false,"קולגייט - מי פה טוטל כחול פפרמינט 500 מ""ל",יבואן ומשווק: ש. שסט,PL,קולגייט מי פה טוטל כ,מיליליטרים,500.00,"100 מ""ל",false,,30.90,6.1800,true,1,21678
7290107973014,false,פלמוליב סבון ידיים חלב ודבש 300 מ'ל,הנסיך- מפעל לייצור ט,TR,פלמוליב סבון ידיים ח,מיליליטרים,300.00,"100 מ""ל",false,,9.90,3.3000,true,1,21685
7290107973861,false,מאסטר שף - עגבניות קצוצות דק שלישיה 400 גרם * 3,קונסרזיו קאסאלאסקו ד,IT,עגבניות קצוצות דק מא,קילוגרמים,1.20,"ק""ג",false,,15.90,13.2500,true,1,21697
7290107974080,false,מנה עלי טורטיה קמח לבן מ.שף 25 סמ 840 גר,הדקלאים אגודת שיתופי,DE,עלי טורטיה קמח לבן מ,גרמים,820.00,100 גרם,false,,15.90,1.9390,true,1,21704
7290107974301,false,ליידי ספיד סטיק - דאודורנט ג'ל לאישה אלוורה 45 גרם,,,דיאודורנט ג'ל אלוורה,גרמים,65.00,100 גרם,false,,17.90,27.5385,true,1,21705
7290107974806,false,"מאסטר שף - אורז בסמטי 1 ק""ג",,,אורז בסמטי מאסטר שף,קילוגרמים,1.00,"ק""ג",false,,12.90,12.9000,true,1,21712
7290107974813,false,"אורז יסמין 1 ק""ג מאסטר שף",,,אורז יסמין מאסטר שף,קילוגרמים,1.00,"ק""ג",false,,12.90,12.9000,true,1,21713
7290107974820,false,מנה מאסטר שף ממרח מתובל ספייסי 248 גר,,,מאסטר שף ממרח מתובל,גרמים,252.00,100 גרם,false,,7.90,3.1349,true,1,21714
7290107978330,false,מאסטר שף איטריות דקות 400 גרם,הדקלאים אגודת שיתופי,PL,איטריות דקות מאסטר ש,גרמים,400.00,100 גרם,false,,5.90,1.4750,true,1,21752
7290107978347,false,מאסטר שף איטריות בינוניות 400 גר,הדקלאים אגודת שיתופי,PL,איטריות בינוניות מאס,גרמים,400.00,100 גרם,false,,5.90,1.4750,true,1,21753
7290107978453,false,קראנצו'ס גריל 55 גרם,,,קראנצו'ס גריל 55 גרם,גרמים,55.00,100 גרם,false,,3.90,7.0909,true,1,21756
7290108070316,false,שקית 50 פסטל,,,שקית 50 פסטל,יחידה,0.00,יחידה,false,,11.90,0.0000,true,1,33083
7290108074659,false,סוכריה טבעת הלו קיטי,,,סוכריה טבעת הלו קיטי,יחידה,0.00,יחידה,false,,5.50,0.0000,true,1,33194
7290108079333,false,מארז בלונים על מקל ל,,,מארז בלונים על מקל ל,יחידה,0.00,יחידה,false,,30.90,0.0000,true,1,33309
7290108201437,false,"אבקת כביסה קולון 101 2.5 ק""ג",,,קולון 101 אבקה 2.5 ק,קילוגרמים,3.00,"ק""ג",false,,24.90,8.3000,true,1,20987
7290108201871,false,קולון קפסולות גל לכביסה 42 יחידות,,,קולון ג'ל קאפס 42,יחידה,0.00,יחידה,false,,40.90,0.0000,true,1,21000
7290108350128,false,סנו סושי שקיות אשפה חזקות במיוחד 40 יח',מיוצר עי קונדיטוריית,IL,סנו סושי שקיות חזקות,יחידה,0.00,יחידה,false,,24.90,0.0000,true,1,30595
7290108350203,false,סנו סושי כריות קרצוף ללכלוך 6 יח',UFO,US,כריות קרצוף עם ספוג,יחידה,0.00,יחידה,false,,9.90,0.0000,true,1,30602
7290108350258,false,סופט נייר טואלט גליל ארוך 12 גלילים=36,מפעלי ברונוס בעמ,IL,סופט נייר טואלט גליל,מטרים,180.00,מטר,false,,42.90,0.2383,true,1,30605
7290108350531,false,סנו ספארק נוזל כלים בניחוח קלאסי עם משאבה 1 ל',מיוצר עי קונדיטוריית,IL,סנו ספארק משאבה בניח,ליטרים,1.00,ליטר,false,,11.90,11.9000,true,1,30611
7290108350555,false,סנו ספארק נוזל כלים בניחוח שקדים עם משאבה 1 ל',,,סנו ספארק משאבה בניח,ליטרים,1.00,ליטר,false,,11.90,11.9000,true,1,30613
7290108350586,false,ספארק נוזל כלים בניחוח לימון רענן 1.5 ל,,,ספארק נוזל כלים בניח,ליטרים,1.50,ליטר,false,,14.90,9.9333,true,1,30615
7290108350616,false,סנו - מקסימה מרכך כביסה מרוכז פריחה כחולה 1 ליטר,"סנו מפעלי ברונוס בע""",IL,מרכך כביסה מקסימה סו,יחידה,0.00,יחידה,false,,18.90,0.0000,true,1,30618
7290108350623,false,מרכך כביסה סופר מרוכז סופט סילק מקסימה 1 ל' סנו,"סנו מפעלי ברונוס בע""",IL,מרכך כביסה מקסימה סו,יחידה,0.00,יחידה,false,,18.90,0.0000,true,1,30619
7290108351149,false,סנו - ג'ט לניקוי כללי ורצפות בתוספת אבקת סודה 1.5 ליטר,"סנו מפעלי ברונוס בע""",IL,סנו ג`ט פלוס לניקוי,יחידה,0.00,יחידה,false,,12.90,0.0000,true,1,30650
7290108351156,false,סנו - ג'ט לניקוי כללי ורצפות בתוספת חומץ 1.5 ליטר,"סנו מפעלי ברונוס בע""",IL,סנו ג`ט פלוס לניקוי,יחידה,0.00,יחידה,false,,12.90,0.0000,true,1,30651
7290108351507,false,מרכך כביסה מקסימה סופט סילק 4 ל' סנו,הורביץ סחר,IL,מרכך כביסה סנו מקסימ,ליטרים,4.00,ליטר,false,,22.90,5.7250,true,1,30653
7290108351514,false,סנו מקסימה מרכך כביסה בלו בלוסום 4 ל',סנו,IL,מרכך כביסה סנו מקסימ,ליטרים,4.00,ליטר,false,,22.90,5.7250,true,1,30654
7290108351521,false,גל כביסה סנו מקסימ בניחוח מאסק 5 ל,,,סנו מקסימה ג`ל כביסה,ליטרים,5.00,ליטר,false,,47.90,9.5800,true,1,30655
7290108351538,false,"סנו פרש הום פרש הום מבשם יבש בלו 200 מ""ל",סנו מפעלי ברונוס בעמ,IL,סנו פרש הום -מבשם יב,מיליליטרים,200.00,"100 מ""ל",false,,11.90,5.9500,true,1,30656
7290108351552,false,"סנו - ג'ט לניקוי כללי בתוספת חומץ בניחוח לבנדר 750 מ""ל","סנו מפעלי ברונוס בע""",IL,סנו ג'ט מתז חומץ 750,מיליליטרים,750.00,"100 מ""ל",false,,12.90,1.7200,true,1,30658
7290108351606,false,מטהר אוויר בלו בלוסום סנו פרש הום 350 מל,,,סנו פרש הום סופט סיל,מיליליטרים,350.00,"100 מ""ל",false,,11.90,3.4000,true,1,30662
7290108351613,false,סנו ריצפז פרש הום בניחוח מלון חלומי 2 ל,"סנו מפעלי ברונוס בע""",IL,ריצפז פרש הום מלון ח,ליטרים,2.00,ליטר,false,,21.90,10.9500,true,1,30663
7290108351699,false,סנו - ג'ט מטליות לחות לניקוי כללי בתוספת חומץ לבנדר שלישיה,סנו מפעלי ברונוס על,IL,מגבונים ג'ט+חומץ מאר,יחידה,0.00,יחידה,false,,19.90,0.0000,true,1,30671
7290108351705,false,פניני בישום fresh linen גר 275,value smart prodacts,IL,פניני בישום לכביסה כ,גרמים,275.00,100 גרם,false,,19.90,7.2364,true,1,30672
7290108351712,false,פניני בישום לכביסה 275 ג' מקסימה,value smart prodacts,IL,פניני בישום LOVELY ו,גרמים,275.00,100 גרם,false,,19.90,7.2364,true,1,30673
7290108351804,false,סנו - מקסימה מרכך כביסה מרוכז ג'נטל בריז 1 ליטר,מיוצר עי קונדיטוריית,IL,סנו מקסימה מרכך כביס,יחידה,0.00,יחידה,false,,18.90,0.0000,true,1,30677
7290108351835,false,מרכך כביסה סנו מקסימה פלורל טאצ 4 ל,מיוצר עי קונדיטוריית,IL,מרכך כביסה סנו מקסימ,ליטרים,4.00,ליטר,false,,22.90,5.7250,true,1,30679
7290108351842,false,"מקסימה בושם מרוכז לכביסה FOREVER כחול 600מ""ל","איי, בי, אינבוו",IL,מקסימה בושם מרוכז לכ,יחידה,0.00,יחידה,false,,21.90,0.0000,true,1,30680
7290108351934,false,סנובון סבון אסלה מוצק RINGS בניחוח לימון שלישיה,DRAMERSSA SWARZEDZ,PL,סנובון סבון אסלה מוצ,יחידה,0.00,יחידה,false,,13.90,0.0000,true,1,30686
7290108351972,false,מטהר אוויר סנו פרש הום מלון בוטיק 200 מל,מיוצר עי קונדיטוריית,IL,סנו פרש הום יבש לבית,יחידה,200.00,יחידה,false,,11.90,0.0595,true,1,30690
7290108352054,false,אורביטול - צמד מברשות שיניים 980 + חוט דנטלי במתנה,,,אורביטול מברשת לניקו,יחידה,0.00,יחידה,false,,19.90,0.0000,true,1,235067
7290108352146,false,"סנובון נוזלי בניחוח מגנוליה ונרולי 750 מ""ל",סנו מפעלי ברונוס בעמ,IL,סנובון נוזלי בניחוח,מיליליטרים,750.00,"100 מ""ל",false,,11.90,1.5867,true,1,68323
7290108352207,false,מקסימה קפסולות לכביסה פלורל 40 יחידות,טרופיקל דגיל תעשיות,IL,קפס' כביסה בניחוח פל,גרמים,840.00,100 גרם,false,,35.90,4.2738,true,1,68325
7290108352214,false,סנו - מקסימה קפסולות כביסה בניחוח בריזה מרעננת 40 יח',טרופיקל דגיל תעשיות,IL,קפסולות כביסה בניחוח,גרמים,840.00,100 גרם,false,,35.90,4.2738,true,1,68326
7290108352221,false,"מטהר אוויר סנו פרש הום מלון מפנק 350 מ""ל",סנו מפעלי ברונוס בעמ,IL,סנו פרש הום מלון מפנ,מיליליטרים,350.00,"100 מ""ל",false,,11.90,3.4000,true,1,71836
7290108352252,false,סנו ספארק נוזל כלים בניחוח קלאסי עם משאבה 1 ל'',"סנו מפעלי ברונוס בע""",IL,ספארק נוזל לכלים 1,יחידה,0.00,יחידה,false,,11.90,0.0000,true,1,87533
7290108352320,false,"מטהר אוויר סנו פרש הום מלון בוטיק350 מ""ל",מיוצר עי קונדיטוריית,IL,סנו פרש הום מלון בוט,מיליליטרים,350.00,"100 מ""ל",false,,11.90,3.4000,true,1,71837
7290108352337,false,"סנו - פרש מילוי למטהר אוויר מלון מפנק 250 מ""ל",מיוצר עי קונדיטוריית,IL,סנו פרש הום אוטומטיק,גרמים,250.00,100 גרם,false,,13.90,5.5600,true,1,71856
7290108352344,false,"סנו - פרש מילוי למטהר אוויר מלון בוטיק 250 מ""ל",מיוצר עי קונדיטוריית,IL,סנו פרש הום אוטומטיק,גרמים,250.00,100 גרם,false,,13.90,5.5600,true,1,71857
7290108352399,false,רצפז פ.הום בניחוח מרכך כביסה מקסימה 2 ליטר,"סנו מפעלי ברונוס בע""",IL,ריצפז פרש הום פלורל,ליטרים,2.00,ליטר,false,,21.90,10.9500,true,1,215952
7290108352474,false,"מטהר אוויר סנומוד ליידי קוקו 150 מ""ל","סנו מפעלי ברונוס בע""",IL,מטהר אוויר סנומוד לי,מיליליטרים,150.00,"100 מ""ל",false,,11.90,7.9333,true,1,125824
7290108352481,false,"מטהר אוויר סנומוד נרסיסוס 150 מ""ל","סנו מפעלי ברונוס בע""",IL,מטהר אוויר סנומוד טר,מיליליטרים,150.00,"100 מ""ל",false,,11.90,7.9333,true,1,125811
7290108352566,false,מרכך כביסה בבישום עוצמתי 4 ל' סנו מקסינה,"סנו מפעלי ברונוס בע""",IL,מרכך JOY בבישום עוצמ,ליטרים,4.00,ליטר,false,,22.90,5.7250,true,1,192279
7290108352573,false,מרכך כביסה מקסימה בבישום עוצמתי 4 ל' סנו,סנו,IL,מרכך כביסה CALM בבי,ליטרים,4.00,ליטר,false,,22.90,5.7250,true,1,242778
7290108352689,false,סנו סושי כריות קרצוף ללכלוך קשה 9 יח',טרופיקל דגיל תעשיות,US,כריות קרצוף ללכלוך ק,יחידה,0.00,יחידה,false,,9.90,0.0000,true,1,30704
7290108352702,false,מגבוני טואלט לחים סנו סופט בוב ספוג שלישיה,,,שלישיית מגבוני טואלט,יחידה,0.00,יחידה,false,,15.90,0.0000,true,1,30706
7290108352801,false,סנו - סושי שקיות אשפה לפח קטן 100 יחידות,"סנו מפעלי ברונוס בע""",IL,סנו סושי 100 שקיות א,יח',100.00,יח',false,,23.00,0.2300,true,1,30710
7290108352870,false,סנו סושי שקיות צלייה 10יח' מידה XL,מיוצר עי קונדיטוריית,IL,סנו סושי-10 שקיות צל,יחידה,0.00,יחידה,false,,7.90,0.0000,true,1,30716
7290108353006,false,שקיות אוכל סנו סושי נקשרות 250 יח,מיוצר עי קונדיטוריית,IL,סנו סושי 250 שקיות א,יחידה,0.00,יחידה,false,,13.90,0.0000,true,1,30729
7290108353037,false,4 תבנית אפייה מנייר עגולה סנו,מיוצר עי קונדיטוריית,CN,סנו-סושי-4 תבניות אפ,יחידה,0.00,יחידה,false,,12.90,0.0000,true,1,30732
7290108353501,false,סנו סושי שקיות אשפה עם ידיות 25 יח' XXL,טרופיקל דגיל תעשיות,TR,שקיות אשפה עם ידיות,יחידה,0.00,יחידה,false,,19.90,0.0000,true,1,30748
7290108353556,false,נייר טואלט סופט שלוש שכבות 32 גלילים סנו,טרופיקל דגיל תעשיות,IL,נייר טואלט סנו סופט,יחידה,0.00,יחידה,false,,44.90,0.0000,true,1,69433
7290108353662,false,"סנו סושי מפת שולחן מוטבעת 120*270 ס""מ",,,סנוסושי מפת שולחן מו,יחידה,0.00,יחידה,false,,10.90,0.0000,true,1,270963
7290108353983,false,"קרמה - קרם גוף קרמה קלאסי 500 מ""ל",טרופיקל דגיל תעשיות,IL,קרם גוף קרמה קלאסי 5,מיליליטרים,500.00,"100 מ""ל",false,,24.90,4.9800,true,1,97670
7290108353990,false,"קרמה - קרם גוף קרמה מאסק 500 מ""ל",טרופיקל דגיל תעשיות,IL,קרם גוף קרמה מאסק 50,מיליליטרים,500.00,"100 מ""ל",false,,24.90,4.9800,true,1,97671
7290108354065,false,"קרמה - מן ג'ל רחצה פילינג 700 מ""ל",קוסמופארם בע''מ,IL,ג'ל רחצה פילינג קרמה,מיליליטרים,700.00,"100 מ""ל",false,,18.90,2.7000,true,1,217688
7290108354270,false,מרכך כביסה מרוכז בבישום עוצמתי 1 ל' סנו מקסימה,מיוצר עי קונדיטוריית,IL,מרכך בבישום עוצמתי מ,ליטרים,1.00,ליטר,false,,18.90,18.9000,true,1,192265
7290108354430,false,"שמפו כיף לשיקום והזנה שמן קוקוס וקרטין 700 מ""ל",קוסמופארם בעמ,IL,שמפו כיף לשיקום והזנ,מיליליטרים,700.00,"100 מ""ל",false,,11.90,1.7000,true,1,121545
7290108354485,false,"קרליין - מרכך 10 שמן ארגן 700 מ""ל",סנו,IL,מרכך לשיער ארגן קר,מיליליטרים,700.00,"100 מ""ל",false,,13.90,1.9857,true,1,235162
7290108354492,false,"קרליין - שמפו 10 שמן ארגן 700 מ""ל",סנו,IL,שמפו לשיער רגיל קרלי,מיליליטרים,700.00,"100 מ""ל",false,,13.90,1.9857,true,1,235163
7290108354591,false,"תחליב רחצה בניחוח מי קקטוס ושמן באבאסו 750 מ""ל נקה 7",סנו,IL,תחליב רחצה ביו נקה,מיליליטרים,750.00,"100 מ""ל",false,,11.90,1.5867,true,1,270931
7290108354607,false,"שמפו בניחוח מי קקטוס ושמן באבאסו 750 מ""ל נקה 7",סנו,IL,שמפו ביו נקה 7 750 מ,מיליליטרים,750.00,"100 מ""ל",false,,11.90,1.5867,true,1,270932
7290108354720,false,סנו פרש הום מקלות ריחניים בניחוח ליידי קוקו 100מל',,IL,מקלות ריחניים פרש הו,מיליליטרים,100.00,"100 מ""ל",false,,19.90,19.9000,true,1,334081
7290108354751,false,"סנו - ג'ט מרסס לניקוי כללי בתוספת אבקת סודה 750 מ""ל","סנו מפעלי ברונוס בע""",IL,מתז JET+בתוספת סודה,מיליליטרים,750.00,"100 מ""ל",false,,12.90,1.7200,true,1,30754
7290108354829,false,"קרמה - קרם ידיים ורד הוניל 100 מ""ל",קוסמופארם,IL,קרם ידיים קרמה ורד ו,מיליליטרים,100.00,"100 מ""ל",false,,9.90,9.9000,true,1,92963
7290108355147,false,"נקה 7 תחליב רחצה שמני הזנה 750מ""ל",,,תחליב רחצה שמני הזנה,מיליליטרים,750.00,"100 מ""ל",false,,11.90,1.5867,true,1,30772
7290108355161,false,"מרכך שיער שמני הזנה 750 מ""ל נקה 7",,,מרכך שמני הזנה נקה 7,מיליליטרים,750.00,"100 מ""ל",false,,11.90,1.5867,true,1,30774
7290108355178,false,"קרמה - קרם ידיים חמאת שיאה וקוקוי 100 מ""ל",קוסמופארם,IL,קרם ידיים קרמה חמאת,מיליליטרים,100.00,"100 מ""ל",false,,9.90,9.9000,true,1,92964
7290108355277,false,"נקה 7 - שמפו ומרכך לגבר 2 ב-1 750 מ""ל",,IL,נקה 7 מן 2 ב-1 שמפו,מיליליטרים,750.00,"100 מ""ל",false,,11.90,1.5867,true,1,30781
7290108356113,false,"כיף - תחליב רחצה דבש 700 מ""ל",קוסמופארם בעמ,IL,תחליב רחצה דבש כיף 7,מיליליטרים,700.00,"100 מ""ל",false,,11.90,1.7000,true,1,30810
7290108356137,false,"כיף - תחליב רחצה לבנדר 700 מ""ל",,IL,תחליב רחצה לבנדר כיף,מיליליטרים,700.00,"100 מ""ל",false,,11.90,1.7000,true,1,30812
7290108356151,false,"תחליב רחצה כיף מאסק יסמין 700 מ""ל",גוד פוד פרודקטס S.p,IL,תחליב רחצה מאסק יסמי,מיליליטרים,700.00,"100 מ""ל",false,,11.90,1.7000,true,1,30813
7290108356168,false,"כיף - תחליב רחצה אוקיינוס 700 מ""ל",גוד פוד פרודקטס S.p,IL,תחליב רחצה אוקיינוס,מיליליטרים,700.00,"100 מ""ל",false,,11.90,1.7000,true,1,30814
7290108356229,false,"קרמה - ג'ל גילוח קרבון 200 מ""ל",טרופיקל דגיל תעשיות,TR,גל גילוח קרמה מן קרב,מיליליטרים,200.00,"100 מ""ל",false,,10.90,5.4500,true,1,81039
7290108356519,false,קרליין שמפו 10למניעת קשקשים 700מל,סנו,IL,שמפו לשיער בתוספת שמ,מיליליטרים,700.00,"100 מ""ל",false,,13.90,1.9857,true,1,216225
7290108356533,false,קרוליין 10 שמפו לשיער מתולתל 700 מל,,IL,שמפו לשיער מתולתל קר,מיליליטרים,700.00,"100 מ""ל",false,,13.90,1.9857,true,1,216240
7290108356540,false,קרוליין 10 שמפו לשיער צבוע 700 מל,,IL,שמפו לשיער צבוע קרלי,מיליליטרים,700.00,"100 מ""ל",false,,13.90,1.9857,true,1,216254
7290108356564,false,"קרליין - מרכך 10 לשיער רגיל 700 מ""ל",סנו,IL,מרכך לשיער רגיל קרלי,מיליליטרים,700.00,"100 מ""ל",false,,13.90,1.9857,true,1,216256
7290108356588,false,קרוליין 10 מרכך לשיער מתולתל 700 מל,,IL,מרכך לשיער מתולתל קר,מיליליטרים,700.00,"100 מ""ל",false,,13.90,1.9857,true,1,216271
7290108357011,false,"מרכך כיף ורד ושמן קוקוי 700 מ""ל",טרופיקל דגיל תעשיות,IL,כיף מרכך לשיער ורד ו,מיליליטרים,700.00,"100 מ""ל",false,,11.90,1.7000,true,1,30816
7290108357059,false,"קרליין - נושם ביו דאודורנט רול און 75 מ""ל Secret Garden לאישה",קוסמופארם,IL,דיאודורנט רול און בנ,מיליליטרים,75.00,"100 מ""ל",false,,12.90,17.2000,true,1,243388
7290108357189,false,"מבשם ומרכך למייבש הכביסה מקסימה פלורל 750 מ""ל סנו","איי, בי, אינבוו",IL,סנו מקסימה מבשם ומרכ,מיליליטרים,750.00,"100 מ""ל",false,,18.90,2.5200,true,1,30818
7290108357196,false,"ג'ט פלוס לניקוי כללי בתוספת תמצית עץ התה 750 מ""ל סנו",מיוצר עי קונדיטוריית,IL,סנו ג'ט פלוס לניקוי,מיליליטרים,750.00,"100 מ""ל",false,,12.90,1.7200,true,1,157464
7290108357202,false,סנוקליר לניקוי בניחוח בלו בלוסום 1 ליטר,"סנו מפעלי ברונוס בע""",IL,סנו קליר אקדח בניחוח,ליטרים,1.00,ליטר,false,,11.90,11.9000,true,1,126161
7290108357226,false,"אוקסיגן POWER אבקה לכביסה לבנה והסרת כתמים 1.4 ק""ג סנו",,,אוקסיג'ן אבקה להסרת,קילוגרמים,1.40,"ק""ג",false,,29.90,21.3571,true,1,230365
7290108357240,false,"סנו אוקסיג'ן POWER לניקוי כתמים קשים 1.4 ק""ג",סנו,IL,אוקסיג'ן אבקה תוסף ל,קילוגרמים,1.40,"ק""ג",false,,29.90,21.3571,true,1,230366
7290108357264,false,"פרש אוטומטי מילוי בניחוח מרכך הכביסה אולטרה 375 מ""ל סנו",סנו,IL,מבשם לבית בניחוח אול,גרמים,250.00,100 גרם,false,,13.90,5.5600,true,1,271698
7290108357288,false,אקונומיקה ז'אוול בניחוח פריחה לבנה 4 ל' סנו,סנו,IL,סנו ז'אוול בניחוח פר,ליטרים,4.00,ליטר,false,,16.90,4.2250,true,1,231813
7290108357295,false,"סנו - אוקסיג'ן פאוור מרסס להסרת כתמים 750 מ""ל",סנו,IL,מרסס אוקסיג'ן מסיר כ,מיליליטרים,750.00,"100 מ""ל",false,,17.90,2.3867,true,1,271713
7290108357509,false,"קרם גוף קרמה וניל ופלפל ורוד 500 מ""ל",טרופיקל דגיל תעשיות,IL,קרם גוף קרמה וניל ופ,מיליליטרים,500.00,"100 מ""ל",false,,24.90,4.9800,true,1,145242
7290108357707,false,"כיף שמפו לשיער רגיל-תפוח זרעי צ'יה 700 מ""ל",גוד פוד פרודקטס S.p,IL,שמפו לשיער רגיל תפוח,מיליליטרים,700.00,"100 מ""ל",false,,11.90,1.7000,true,1,30819
7290108357714,false,"כיף שמפו לשיער יבש -רימונים ושמן ארגן 700 מ""ל",גוד פוד פרודקטס S.p,IL,שמפו לשיער יבש רימונ,מיליליטרים,700.00,"100 מ""ל",false,,11.90,1.7000,true,1,30820
7290108357745,false,"כיף שמפו ומרכך 700 מ""ל 2ב-1 תאנה ומנטה",גוד פוד פרודקטס S.p,IL,שמפו ומרכך תאנה ומנט,מיליליטרים,700.00,"100 מ""ל",false,,11.90,1.7000,true,1,30822
7290108357844,false,שקית מילוי אל סבון בניחוח גינסנג 1 ל' כיף,סנו,IL,אל סבון כיף שקית מיל,ליטרים,1.00,ליטר,false,,8.90,8.9000,true,1,271825
7290108357875,false,"כיף - שמפו לחות מוגברת עם אפרסק וחמאת מורומורו 700 מ""ל",קוסמופארם,IL,שמפו לחות מוגברת אפר,מיליליטרים,700.00,"100 מ""ל",false,,11.90,1.7000,true,1,243302
7290108357882,false,"כיף - מרכך לחות מוגברת עם אפרסק וחמאת מורומורו 700 מ""ל",קוסמופארם,IL,מרכך לחות מוגברת אפר,מיליליטרים,700.00,"100 מ""ל",false,,11.90,1.7000,true,1,243316
7290108358087,false,"תחליב רחצה קרמה מאסק 700 מ""ל",גוד פוד פרודקטס S.p,IL,קרמה תחליב רחצה מאסק,מיליליטרים,700.00,"100 מ""ל",false,,16.90,2.4143,true,1,100347
7290108358124,false,דפי בישום לחים למייבש הכביסה בניחוח מרכך כביסה 20 יח' מקסימה,,,דפי בישום לחים למייב,יחידה,0.00,יחידה,false,,12.90,0.0000,true,1,323354
7290108359060,false,סנו סושי כריות הפלא רב תכלתיות *4 לשבת,,IL,כריות ניקוי לשבת 4 י,יחידה,0.00,יחידה,false,,11.90,0.0000,true,1,193969
7290108359077,false,סנו - סופט לושן ממחטות אף בקופסא 3 שכבות 120 יח',Solo Soft,IL,ממחטות אף בקופסא 3 ש,יחידה,0.00,יחידה,false,,12.90,0.0000,true,1,217588
7290108359084,false,כיסוי ניילון עם גומי 30 יח' M סנו סושי,סנו,IL,סנו סושי כיסוי ניילו,יחידה,0.00,יחידה,false,,11.90,0.0000,true,1,311586
7290108359190,false,סושי מגבת הפלא 4 יח' = 12 גליל ארוך פי 3,,IL,סנו סושי מגבות הפלא,יחידה,0.00,יחידה,false,,24.90,0.0000,true,1,327864
7290108359824,false,"כיף - בייבי כיף קרם 500 מ""ל",קוסמופארם בעמ,IL,קרם גוף HYDROMOIST ב,מיליליטרים,500.00,"100 מ""ל",false,,21.90,4.3800,true,1,30828
7290108359893,false,"תחליב רחצה בייבי כיף+משאבה 750 מ""ל",גוד פוד פרודקטס S.p,IL,תחליב רחצה HYDROMOIS,מיליליטרים,750.00,"100 מ""ל",false,,15.90,2.1200,true,1,30835
7290108359985,false,סנו - ז'אוול מרסס קצף לניקוי וחינו בניחוח פריחה לבנה 1 ליטר,סנו,IL,אקונומיקה מרסס עם ממ,ליטרים,1.00,ליטר,false,,17.90,17.9000,true,1,231917
7290108501353,false,פילה אנשובי אמיתי ארוך בשמן וילי פוד 45,,,פילה אנשובי ארוך בשמ,גרמים,45.00,100 גרם,false,,6.00,13.3333,true,1,3064
7290108501971,false,חטיף בוטנים ומשמש הפי נאטס מארז 35X4ג',פודס,GR,חטיף שקדים ומשמש HAP,גרמים,140.00,100 גרם,false,,12.90,9.2143,true,1,3115
7290108503043,false,תפוחונים חטיף פלחים מיובשים מארז 22X4ג',הביי דונגפנג פוד קו.,CN,מארז רביעייה תפוחוני,גרמים,88.00,100 גרם,false,,13.90,15.7955,true,1,3173
7290108504699,false,נתחי טונה בשמן קנולה רביעיה * 160 ג' וילי פוד,,TH,נתחי טונה בשמן קנולה,גרמים,640.00,100 גרם,false,,21.40,3.3437,true,1,3254
7290108509229,false,ויליפוד חטיף אורז אפוי לתינוקות בננה 50 גרם,,TH,חטיף אורז אפוי לתינו,גרמים,50.00,100 גרם,false,,11.90,23.8000,true,1,212778
7290108509700,false,"אורז פרסי DAAWAT 1 ק""ג",אל טי פוד,IN,"אורז פרסי 1 ק""ג DAAW",קילוגרמים,1.00,"ק""ג",false,,9.90,9.9000,true,1,194968
7290108509939,false,פרוסות פילה טונה 120 ג' ויליפוד,,,פרוסות פילה טונה 120,גרמים,120.00,100 גרם,false,,12.90,10.7500,true,1,212832
7290108620054,false,"יין אסטייט קברנה סוביניון 750 מ""ל",,,יין אסטייט קברנה סוב,מיליליטרים,750.00,"100 מ""ל",false,,40.20,5.3600,true,1,82001
7290108620108,false,"יין אימפריאל קברנה סוביניון 750 מ""ל",,,יין קברנה סובניון אי,מיליליטרים,750.00,"100 מ""ל",false,,30.20,4.0267,true,1,82004
7290109351025,false,חומוס צבר מלך חומוס טחינה חלק 400ג',סלטי צבר,IL,מלך החומוס חומוס טחי,גרמים,400.00,100 גרם,false,,13.90,3.4750,true,1,19945
7290109351971,false,פיטנס בר פריכיות שוקולד חלב 84 גרם,CA,IL,בר פריכיות שוקולד חל,גרמים,84.00,100 גרם,false,,14.90,17.7381,true,1,19950
7290109352916,false,פיטנס בר פריכיות שוקולד לבן 84 גרם,PT,IL,בר פריכיות שוקולד לב,גרמים,84.00,100 גרם,false,,14.90,17.7381,true,1,19954
7290109353272,false,פסטה פרפקטו ספגטי סיבים 500 ג' אסם,פסטה זארה,IT,ספגטי עתיר בסיבים פר,גרמים,500.00,100 גרם,false,,6.90,1.3800,true,1,19130
7290109354996,false,פתי בר ללא גלוטן שוקו 200 גרם אסם,מיוצר עי קונדיטוריית,IL,אסם פתי בר ללא גלוטן,גרמים,200.00,100 גרם,false,,9.90,4.9500,true,1,19144
7290109358284,false,טבעול שניצל תירס עם חלבון 6*664גרם,טבעול,IL,טבעול שניצל תירס ע,גרמים,664.00,100 גרם,false,,30.90,4.6536,true,1,19979
7290109358765,false,דגני בוקר קראנץ' רולס נוגט 450 גרם,"אסם השקעות בע""מ",IL,דגני קראנץ' רולס נוג,גרמים,450.00,100 גרם,false,,27.90,6.2000,true,1,19175
7290109492414,false,סכיני מטבח שישיה שח,,,סכיני מטבח שישיה שח,יחידה,0.00,יחידה,false,,11.90,0.0000,true,1,119033
7290109580043,false,"שניצל תירס קלאסי זוגלובק 1.75 ק""ג",,IL,זוגלובק שניצל תירס 1,קילוגרמים,1.75,"ק""ג",false,,49.90,28.5143,true,1,101887
7290109580142,false,"נקניקיות מן הצומח זוגלובק 1.75 ק""ג",,IL,נקניקיות מן הצומח 1.,קילוגרמים,1.75,"ק""ג",false,,50.90,29.0857,true,1,149352
7290109580326,false,נקניקיות עוף 800 גרם בית יוסף,,,נקניקיות עוף 800 גרם,גרמים,800.00,100 גרם,false,,29.90,3.7375,true,1,313280
7290109640198,false,מגורדת לפיצה ואפיה 20% שומן משומשו 200 ג,,IL,מגורדת לפיצה ואפייה,גרמים,200.00,100 גרם,false,,17.90,8.9500,true,1,6156
7290109921372,false,אסטוניש משחה לניקוי תנורים וגריל+ספוג 250 גר',אסטוניש,GB,משחת אסטוניש+ספוג 25,גרמים,250.00,100 גרם,false,,18.90,7.5600,true,1,11409
7290109921853,false,משחת פרימיום עם עוצמה אסטוניש 150 גר',אסטוניש,GB,המשחה המקורית לניקוי,גרמים,150.00,100 גרם,false,,17.90,11.9333,true,1,236758
7290109923024,false,"אסטוניש - מרסס פרמיום ארומטיק למטבח 750 מ""ל",,,אסטוניש פרימיום ארומ,מיליליטרים,750.00,"100 מ""ל",false,,14.90,1.9867,true,1,242142
7290110000448,false,סילאן לחיץ 385 גרם,,,סילאן B&D לחיץ 385 ג,גרמים,385.00,100 גרם,false,,11.90,3.0909,true,1,336615
7290110050740,false,תחתית לשולחן - הלו ק,,,תחתית לשולחן - הלו ק,יחידה,0.00,יחידה,false,,10.00,0.0000,true,1,33322
7290110058814,false,ביצי שוקולד סמיילי שלישייה,,,שלישיית ביצי שוקולד,גרמים,60.00,100 גרם,false,,15.90,26.5000,true,1,33396
7290110110659,false,"ספרייט לימון ליים פחית 330מ""ל",החברה המרכזית לייצור,IL,סליק ספרייט חדש 330,מיליליטרים,330.00,"100 מ""ל",false,,5.50,1.6667,true,1,7183
7290110113827,false,ספרייט זירו 15 קלורי,,,ספרייט זירו 15 קלורי,ליטרים,1.50,ליטר,false,,6.90,4.6000,true,1,82723
7290110114787,false,נביעות+תפוח 1.5 ליטר פיקדון,נביעות טבע הגליל בעמ,IL,נביעות + תפוח 1.5 לי,ליטרים,1.50,ליטר,false,,8.90,5.9333,true,1,196443
7290110114794,false,נביעות+אפרסק 1.5 ליטר פיקדון,"נביעות טבע הגליל בע""",IL,נביעות + אפרסק 1.5 ל,ליטרים,1.50,ליטר,false,,8.90,5.9333,true,1,196460
7290110114800,false,נביעות פלוס בטעם ענבים 1.5 ליטר-,"נביעות טבע הגליל בע""",IL,נביעות + ענבים 1.5 ל,ליטרים,1.50,ליטר,false,,8.90,5.9333,true,1,196461
7290110114824,false,נביעות+רכיבי פרי אבטיח 1.5 ליטר פיקדון,"נביעות טבע הגליל בע""",IL,נביעות+ פרי אבטיח 1.,ליטרים,1.50,ליטר,false,,8.90,5.9333,true,1,196610
7290110114855,false,"נביעות מים מינרליים, שישיה 6 * 1.5 ליטר פקדון",נביעות טבע הגליל בעמ,IL,מי נביעות שישייה 1.5,ליטרים,9.00,ליטר,false,,13.90,1.5444,true,1,196489
7290110114954,false,מיץ תפוזים מתקתקים 100% 2 ל' פריגת,,,מיץ תפוזים מתקתק 100,ליטרים,2.00,ליטר,false,,22.20,11.1000,true,1,196384
7290110114961,false,מיץ בטעם תפוזים 1.5ל' פריגת,מבשלות בירה בינלאומי,IL,פריגת תפוזים 1.5 ליט,ליטרים,1.50,ליטר,false,,8.90,5.9333,true,1,196490
7290110114985,false,פריגת אשכולית 1.5 ליטר פיקדון,מבשלות בירה בינלאומי,IL,פריגת אשכולית 1.5 לי,ליטרים,1.50,ליטר,false,,8.90,5.9333,true,1,196505
7290110114992,false,פריגת light אשכולית 1.5 ליטר פיקדון,מבשלות בירה בינלאומי,IL,פריגת דיאט אשכולית 1,ליטרים,1.50,ליטר,false,,8.50,5.6667,true,1,196506
7290110115005,false,פריגת ענבים 1.5 ליטר פיקדון,מבשלות בירה בינלאומי,IL,פריגת ענבים 1.5 ליטר,ליטרים,1.50,ליטר,false,,8.90,5.9333,true,1,196520
7290110115012,false,מיץ ענבים בניחוח מרלו 1.5 ל' פריגת,,IL,פריגת ענבים בניחוח מ,ליטרים,1.50,ליטר,false,,8.90,5.9333,true,1,196521
7290110115029,false,"פריגת משק""ל תפוח 1.5 ליטר פיקדון",מבשלות בירה בינלאומי,IL,פריגת תפוחים 1.5 ליט,ליטרים,1.50,ליטר,false,,8.90,5.9333,true,1,196548
7290110115036,false,פריגת מנגו 1.5 ליטר פיקדון,מבשלות בירה בינלאומי,IL,פריגת מנגו 1.5 ליטר,ליטרים,1.50,ליטר,false,,8.90,5.9333,true,1,196549
7290110115043,false,פריגת לימונענע 1.5 ליטר פיקדון,מבשלות בירה בינלאומי,IL,פריגת לימונענע 1.5 ל,ליטרים,1.50,ליטר,false,,8.90,5.9333,true,1,196564
7290110115050,false,פריגת מיקס תות בננה 1.5 ליטר פיקדון,מבשלות בירה בינלאומי,IL,פריגת מיקס תות בננה,ליטרים,1.50,ליטר,false,,8.90,5.9333,true,1,196565
7290110115067,false,פריגת אפרסק 1.5 ליטר פיקדון,מבשלות בירה בינלאומי,IL,פריגת אפרסק 1.5 ליטר,ליטרים,1.50,ליטר,false,,8.90,5.9333,true,1,196612
7290110115074,false,פריגת תפוח דובדבן 1.5 ליטר פיקדון,מבשלות בירה בינלאומי,IL,פריגת דובדבן 1.5 ליט,ליטרים,1.50,ליטר,false,,8.90,5.9333,true,1,196613
7290110115081,false,פריגת צלול ענבים 1.5 ליטר פיקדון,מבשלות בירה לישראל ב,IL,פריגת צלול ענבים 1.5,ליטרים,1.50,ליטר,false,,8.50,5.6667,true,1,196630
7290110115111,false,פריגת צלול אננס 1.5 ליטר פיקדון,מבשלות בירה לישראל ב,IL,פריגת צלול אננס 1.5,ליטרים,1.50,ליטר,false,,8.50,5.6667,true,1,196633
7290110115128,false,פריגת צלול בטעם לימונענע 1.5 ליטר פיקדון,מבשלות בירה לישראל ב,IL,פריגת צלול בטעם לימו,ליטרים,1.50,ליטר,false,,8.50,5.6667,true,1,196634
7290110115180,false,מים נביעות בקבוק 1.5,"נביעות טבע הגליל בע""",IL,נביעות 1.5 ליטר,ליטרים,1.50,ליטר,false,,4.20,2.8000,true,1,210952
7290110115203,false,קוקה קולה 1.5 ליטר פיקדון,,IL,קוקה קולה 1.5 ליטר,ליטרים,1.50,ליטר,false,,8.90,5.9333,true,1,196655
7290110115210,false,דיאט קוקה קולה 1.5 ליטר פיקדון,,IL,דיאט קוקה קולה 1.5 ל,ליטרים,1.50,ליטר,false,,8.50,5.6667,true,1,196656
7290110115227,false,קוקה קולה זירו 1.5 ליטר -,,IL,קוקה קולה זירו בקבוק,ליטרים,1.50,ליטר,false,,8.90,5.9333,true,1,196657
7290110115234,false,קוקה קולה זירו נטול 1.5 ליטר -,החברה המרכזית לייצור,IL,קולה ZERO נטול 1.5 ל,ליטרים,1.50,ליטר,false,,8.90,5.9333,true,1,196671
7290110115241,false,קוקה קולה זירו לימון 1.5 ליטר -,החברה המרכזית לייצור,IL,קולה ZERO לימון 1.5,ליטרים,1.50,ליטר,false,,8.90,5.9333,true,1,196672
7290110115258,false,קוקה קולה זירו מנגו 1.5 ליטר -,החברה המרכזית לייצור,IL,קוקה קולה זירו מנגו,ליטרים,1.50,ליטר,false,,8.90,5.9333,true,1,196673
7290110115265,false,ספרייט לימון ליים 1.5 ליטר-,,IL,ספרייט 1.5 ליטר LIME,ליטרים,1.50,ליטר,false,,8.90,5.9333,true,1,196732
7290110115272,false,ZERO ספרייט 1.5 ליטר פיקדון,,IL,ספרייט זירו 1.5 ליטר,ליטרים,1.50,ליטר,false,,8.50,5.6667,true,1,196746
7290110115296,false,פאנטה אורנג' 1.5 ליטר פיקדון,החברה המרכזית לייצור,IL,פאנטה אורנג' 1.5 ליט,ליטרים,1.50,ליטר,false,,8.90,5.9333,true,1,196762
7290110115302,false,פאנטה ZERO אורנג' 1.5 ליטר פיקדון,החברה המרכזית לייצור,IL,פאנטה זירו בטעם אורנ,ליטרים,1.50,ליטר,false,,8.90,5.9333,true,1,196777
7290110115319,false,פאנטה אקזוטיק 1.5 ליטר פיקדון,החברה המרכזית לייצור,IL,פאנטה אקזוטיק 1.5 לי,ליטרים,1.50,ליטר,false,,8.90,5.9333,true,1,196778
7290110115333,false,פאנטה תות 1.5 ליטר פיקדון,החברה המרכזית לייצור,IL,פאנטה תות 1.5 ליטר,ליטרים,1.50,ליטר,false,,8.90,5.9333,true,1,196795
7290110115340,false,פאנטה ענבים 1.5 ליטר פיקדון,,IL,פאנטה ענבים 1.5 ליטר,ליטרים,1.50,ליטר,false,,8.90,5.9333,true,1,196796
7290110115357,false,קינלי סודה 1.5 ליטר פיקדון,,IL,קינלי סודה 1.5 ליטר,ליטרים,1.50,ליטר,false,,4.50,3.0000,true,1,196810
7290110115364,false,קוקה קולה שישיות 1.5 ליטר פיקדון,החברה המרכזית לייצור,IL,קוקה קולה 6*1.5 ליטר,ליטרים,9.00,ליטר,false,,49.90,5.5444,true,1,196674
7290110115388,false,ספרייט ליים שישיות 1.5 ליטר פיקדון,החברה המרכזית לייצור,IL,ספרייט 6*1.5 ליטר L,ליטרים,9.00,ליטר,false,,49.90,5.5444,true,1,196747
7290110115395,false,ZERO ספרייט שישיות 1.5 ליטר פיקדון,החברה המרכזית לייצור,IL,ספרייט זירו 6* 1.5 ל,ליטרים,9.00,ליטר,false,,47.10,5.2333,true,1,196763
7290110115401,false,קינלי סודה שישיה 1.5 ליטר פיקדון,החברה המרכזית לייצור,IL,קינלי סודה 6*1.5 ליט,ליטרים,9.00,ליטר,false,,14.90,1.6556,true,1,206557
7290110115418,false,מארז שישייה קוקה קולה זירו 1.5 ל',החברה המרכזית לייצור,IL,קוקה קולה זירו שישיי,ליטרים,9.00,ליטר,false,,46.90,5.2111,true,1,196676
7290110115425,false,FUZE TEA גרין לימונענע -נענע 1.5 ליטר פיקדון,מבשלות בירה בינלאומי,IL,פיוז טי לימון נענע 1,ליטרים,1.50,ליטר,false,,8.90,5.9333,true,1,196824
7290110115449,false,אייס תה בטעם מנגו אננס 1.5ל' FUZE TEA,מבשלות בירה בינלאומי,IL,פיוז טי מנגו אננס 1.,ליטרים,1.50,ליטר,false,,9.50,6.3333,true,1,196826
7290110115463,false,אייס תה בטעם אפרסק 1.5ל' FUZE TEA,מבשלות בירה בינלאומי,IL,פיוז טי אפרסק 1.5 לי,ליטרים,1.50,ליטר,false,,9.50,6.3333,true,1,196843
7290110115494,false,אייס תה בטעם ענבים 1.5ל' FUZE TEA,מבשלות בירה בינלאומי,IL,פיוז טי ענבים 1.5 לי,ליטרים,1.50,ליטר,false,,9.50,6.3333,true,1,196860
7290110115531,false,פאנטה אורנג' זירו תפוח 1.5 ליטר-,החברה המרכזית לייצור,IL,פאנטה זירו בטעם תפוח,ליטרים,1.50,ליטר,false,,8.90,5.9333,true,1,196780
7290110115616,false,אייס תה בטעם גרין אננס 1.5ל' FUZE TEA,מבשלות בירה בינלאומי,IL,פיוז טי ZERO גרין אנ,ליטרים,1.50,ליטר,false,,8.90,5.9333,true,1,222264
7290110115869,false,קוקה קולה זירו 1.5 ליטר פיקדון,תות תעשיות מזון (201,IL,קוקה קולה זירו בקבוק,ליטרים,1.50,ליטר,false,,8.90,5.9333,true,1,314649
7290110116064,false,פאנטה ZERO פירות ירוק 1.5 ליטר פיקדון,החברה המרכזית לייצור,IL,פאנטה זירו 1.5 ליטר,ליטרים,1.50,ליטר,false,,8.90,5.9333,true,1,258231
7290110116125,false,סירופ בטעם פטל 750 מל פריגת,פריגת,IL,סירופ פריגת טעם פטל,מיליליטרים,750.00,"100 מ""ל",false,,21.90,2.9200,true,1,271654
7290110116132,false,סירופ בטעם לימון 750 מל פריגת,פריגת,IL,סירופ פריגת טעם לימו,מיליליטרים,750.00,"100 מ""ל",false,,21.90,2.9200,true,1,271655
7290110116149,false,סירופ בטעם ענבים 750 מל פריגת,פריגת,IL,סירופ פריגת טעם ענבי,מיליליטרים,750.00,"100 מ""ל",false,,21.90,2.9200,true,1,271656
7290110116156,false,נביעות+רכיבי פרי מנגו-פסיפלורה 1.5 ליטר-,,,נביעות+ פרי בטעם מנג,ליטרים,1.50,ליטר,false,,8.90,5.9333,true,1,287108
7290110116170,false,נביעות+רכיבי פרי אננס-קוקוס 1.5 ליטר-,,,נביעות+ פרי בטעם אננ,ליטרים,1.50,ליטר,false,,8.90,5.9333,true,1,287109
7290110116194,false,נביעות+ סדרת 0 קלוריות לימון-ליים 1.5 לי,"נביעות טבע הגליל בע""",IL,נביעות+ לימון ליים 0,ליטרים,1.50,ליטר,false,,9.90,6.6000,true,1,287154
7290110116484,false,מיץ סחוט תות בננה 1 ל' פריגת,גת,IL,פריגת סחוט MIX תות ב,ליטרים,1.00,ליטר,false,,14.90,14.9000,true,1,305958
7290110116491,false,מיץ סחוט אפרסק משמש 1 ל' פריגת,גת,IL,פריגת סחוט MIX אפרסק,ליטרים,1.00,ליטר,false,,14.90,14.9000,true,1,305959
7290110116514,false,"פריגת מיקס תות בננה 400 מ""ל",גת,IL,פריגת סחוט MIX תות ב,מיליליטרים,400.00,"100 מ""ל",false,,8.90,2.2250,true,1,322879
7290110116521,false,"פריגת מיקס אפרסק משמש 400 מ""ל",גת,IL,פריגת סחוט MIX אפרסק,מיליליטרים,400.00,"100 מ""ל",false,,8.90,2.2250,true,1,322864
7290110320867,false,פתיתים גבינה 28% שומן 500 ג' עמק,"תנובה, מחלבת תל יוסף",IL,עמק פתיתים למאפים 28,גרמים,500.00,100 גרם,false,,35.90,7.1800,true,1,26177
7290110321277,false,קוטג' בקטנה % 5 100 ג' תנובה,פארייפאבה אגרואינדוס,IL,קוטג' תנובה בקטנה 5,גרמים,100.00,100 גרם,false,,2.50,2.5000,true,1,26208
7290110321284,false,קוטג' בקטנה 9% 100 ג' תנובה,פארייפאבה אגרואינדוס,IL,קוטג' תנובה בקטנה 9,גרמים,100.00,100 גרם,false,,2.50,2.5000,true,1,26209
7290110323097,false,מעדן גבינה עם תות 5% שומן 80 ג' תנובה,,,תאומים 80 גרם גביע ב,גרמים,80.00,100 גרם,false,,2.00,2.5000,true,1,26283
7290110325619,false,אלטרנטיב משקה שיבולת שועל 1 ליטר,מיוצר עי קונדיטוריית,IL,תנובה משקה שיבולת שו,יחידה,0.00,יחידה,false,,13.50,0.0000,true,1,26438
7290110327514,false,משקה שיבולת שועל בטעם אגוזי לוז 1 ל' alternative,תנובה,IL,משקה שיבולת שועל בטע,יחידה,0.00,יחידה,false,,13.50,0.0000,true,1,163158
7290110327804,false,חטיף חלבון GO בטעם בצק עוגיות 20 גרם חלבון,"בלמונט קונפקציות בע""",US,GO חטיף חלבון בטעם ב,גרמים,60.00,100 גרם,false,,14.90,24.8333,true,1,149984
7290110328931,false,פתיתי גבינה למאפים השף הלבן 500 גרם,,,פתיתי גבינה למאפים ה,גרמים,500.00,100 גרם,false,,26.90,5.3800,true,1,307959
7290110329600,false,שלישיית שמנת לבישול 15% השף הלבן,,IL,שמנת לבישול 15% שף ל,מיליליטרים,750.00,"100 מ""ל",false,,19.90,2.6533,true,1,222074
7290110550226,false,מטבעות שוקולד מריר לאפיה 400 גרם עלית,,IT,מטבעות שוקולד מריר ל,גרמים,400.00,100 גרם,false,,29.90,7.4750,true,1,253002
7290110550370,false,פריכיות משולשות קינואה ופלפל 65 גרם,,,אנרגי פריכיות משולשו,גרמים,65.00,100 גרם,false,,9.90,15.2308,true,1,313040
7290110552121,false,יוגורט בתוספת סידן וויטמין ד 100 ג' דנונה,,IL,היוגורט הראשון שלי 5,גרמים,100.00,100 גרם,false,,2.30,2.3000,true,1,263346
7290110553029,false,פריכיות חלבון קייל חומוס ומלח 60 ג' שטראוס,"פרח תעשיו מזון בע""מ",IL,פריכיות חלבון קייל ח,גרמים,60.00,100 גרם,false,,9.90,16.5000,true,1,218918
7290110553036,false,פריכיות חלבון בטטה סגולה ואפונה 60 ג' שטראוס,"פרח תעשיו מזון בע""מ",IL,פרכית חלבון בטטה סגו,גרמים,60.00,100 גרם,false,,9.90,16.5000,true,1,218919
7290110554101,false,"סירופ מייפל טבעי בפאוץ' 125 מ""ל",,IL,סירופ מייפל טבעי 125,מיליליטרים,125.00,"100 מ""ל",false,,17.90,14.3200,true,1,305890
7290110554583,false,מארז צ'יטוס פאפס גבינה 10 יח' *20 ג',,IL,מארז צ'יטוס PUFFS בט,גרמים,200.00,100 גרם,false,,14.10,7.0500,true,1,209320
7290110554729,false,קפסולות עלית אספרסו 04 תואמות למכונות NESPRESSO,,,עלית קפסולות אספרסו,גרמים,50.00,100 גרם,false,,17.90,35.8000,true,1,260520
7290110555009,false,פאסטה זוג מחית עגבניות 700 גרם יד מרדכי,,IT,פסאטה זוגות 700 גרם,גרמים,700.00,100 גרם,false,,11.90,1.7000,true,1,297840
7290110555306,false,רבע לשבע טבעוני סינמון באן 25ג' עלית,הגביע מוצרי וופלים ב,IL,רבע לשבע טבעוני סינמ,גרמים,120.00,100 גרם,false,,10.90,9.0833,true,1,255967
7290110555603,false,אבקת שוקולוטה ספלנדיד 360 גרם עלית,"ג'אלוסיס י. בע""מ",GR,אבקה להכנת שוקולטה ס,גרמים,360.00,100 גרם,false,,24.00,6.6667,true,1,322965
7290110556242,false,עלית - שוקולד מריר פרווה בדץ 100 גרם,"שטראוס גרופ בע""מ.",FR,שוקולד מריר מעולה 10,גרמים,100.00,100 גרם,false,,5.20,5.2000,true,1,301889
7290110557027,false,חומוס עשיר 50% טחינה גולמית 400 ג' אחלה,מיוצר עי קונדיטוריית,IL,חומוס הסדרה עשיר ב50,גרמים,400.00,100 גרם,false,,12.90,3.2250,true,1,199885
7290110557102,false,מעדן חלב עם שוקולד מועשר בחלבון 150 ג' שטראוס,מיוצר עי קונדיטוריית,IL,מעדן פרו חלב עם שוקו,גרמים,150.00,100 גרם,false,,5.50,3.6667,true,1,185735
7290110557133,false,מעדן הגולן וניל 125 ג' שטראוס,מיוצר עי קונדיטוריית,IL,מעדן הגולן מעדן חלב,גרמים,125.00,100 גרם,false,,2.90,2.3200,true,1,195195
7290110557317,false,יוגורט בתוספת סידן וויטמין ד עם שיבולת שועל 100 ג' דנונה,,IL,היוגורט הראשון שלי ש,גרמים,100.00,100 גרם,false,,2.30,2.3000,true,1,263360
7290110558130,false,יוגורט אקטיביה שיבולת שועל ודבש 150 גרם,"שטראוס בריאות בע""מ",IL,אקטיביה עם דבש ושיבו,גרמים,150.00,100 גרם,false,,4.50,3.0000,true,1,260985
7290110558154,false,דנונה לייט אנד פרי עוגת תפוחים 150ג דנונה,"שטראוס בריאות בע""מ",IL,דנונה לייט אנד פרי ת,גרמים,150.00,100 גרם,false,,4.90,3.2667,true,1,278140
7290110558215,false,"דנונה קראנצ`פיסטוק עם פיצפוץ לבן קראנצי פיסטוק, 173 גרם","שטראוס בריאות בע""מ",IL,דנונה קראנצ' בטעם פי,גרמים,173.00,100 גרם,false,,4.60,2.6590,true,1,303985
7290110558222,false,"וואו יוגורט עם שכבה בטעם בנופי פאי 5.4%, 150ג דנונה","שטראוס בריאות בע""מ",IL,WOW יוגורט בטעם בנופ,גרמים,150.00,100 גרם,false,,4.90,3.2667,true,1,278110
7290110558253,false,"דנונה ריפרש בננה אננס וצ`יה, 250 גרם","שטראוס בריאות בע""מ",IL,יוגורט עם אננס בננה,גרמים,250.00,100 גרם,false,,5.50,2.2000,true,1,261001
7290110558666,false,מעדן גבינה בטעם תפוח 88 ג' דניאלה,"שטראוס בריאות בע""מ",IL,דניאלה בטעם תפוח 88,גרמים,88.00,100 גרם,false,,4.10,4.6591,true,1,303927
7290110560317,false,פריכיות משולשות מלח ים 30 ג' הטעימות,"פרח תעשיו מזון בע""מ",IL,פריכיות משולשות מלח,גרמים,30.00,100 גרם,false,,5.20,17.3333,true,1,22976
7290110560836,false,מילקי פסק זמן מהדרין 133ג',מיוצר עי קונדיטוריית,IL,מילקי בטעם פסק זמן 1,מיליליטרים,170.00,"100 מ""ל",false,,2.90,1.7059,true,1,23896
7290110561604,false,גמדים מעדן תות בננה מעורב מארז 100x8ג',,IL,שמיניית גמדים תות בנ,גרמים,800.00,100 גרם,false,,18.90,2.3625,true,1,23922
7290110565435,false,ג'לי לימבו פטל חלבי שטראוס 125ג',,IL,לימבו בטעם פטל 0% שו,גרמים,125.00,100 גרם,false,,2.50,2.0000,true,1,23952
7290110566623,false,קפסולות קולומביה עלית 08 למכונת נספרסו מארז 5X10ג',,IL,עלית קפסולות קולומבי,גרמים,50.00,100 גרם,false,,17.90,35.8000,true,1,23024
7290110566975,false,דנונה פרו יוגורט 0% תות עשיר בחלבון 200ג',"שטראוס בריאות בע""מ",IL,דנונה PRO 20 גרם חלב,גרמים,200.00,100 גרם,false,,5.90,2.9500,true,1,23964
7290110568559,false,דוריטוס עלית מארז חמוץ חריף 10 יח' *25 ג',שטראוס פריטוליי,IL,מארז דוריטוס חמוץ חר,גרמים,250.00,100 גרם,false,,13.90,5.5600,true,1,24365
7290110568566,false,דוריטוס גריל עלית מארז 10 יח' *25 ג',,IL,מארז דוריטוס גריל 10,גרמים,250.00,100 גרם,false,,13.90,5.5600,true,1,24366
7290110570125,false,"משקה קפה קר בטעם אייריש קרים230 מ""ל יוטבתה",אנסטל מילק kg,AT,קפה קר אייריש קרים 2,מיליליטרים,230.00,"100 מ""ל",false,,7.90,3.4348,true,1,303897
7290110571382,false,מעדן חלב בטעם וניל מעושר בחלבון 150 ג' שטראוס,"שטראוס בריאות בע""מ",IL,מעדן חלב מועשר בחלבו,גרמים,150.00,100 גרם,false,,5.00,3.3333,true,1,248320
7290110571399,false,עלית - צנצנת מאסט בטעם גלידה תות,,,מסטיק ללא סוכר בטעם,גרמים,66.00,100 גרם,false,,10.50,15.9091,true,1,271471
7290110571405,false,עלית - מיני פינוקיות בגביע פסק זמן 180 גרם,הגביע מוצרי ופלים בע,IL,מיני פינוקיות פסק זמ,גרמים,180.00,100 גרם,false,,10.90,6.0556,true,1,321556
7290110571412,false,עלית - מיני פינוקיות בגביע פאדג' 180 גרם,הגביע מוצרי ופלים בע,IL,מיני פינוקיות בגביע,גרמים,180.00,100 גרם,false,,10.90,6.0556,true,1,321541
7290110571474,false,רבע לשבע טבעוני פופקורן 125 ג' עלית,הגביע מוצרי וופלים ב,IL,רבע לשבע טבעוני פופק,גרמים,125.00,100 גרם,false,,10.90,8.7200,true,1,289820
7290110572976,false,כיף כף פצפצים קרם לבן 135 ג עלית,שולן צ'יקולטה גידה ס,TR,כיף כף פצפצים קרם לב,גרמים,135.00,100 גרם,false,,10.40,7.7037,true,1,278169
7290110574413,false,עלית - פופקורן בטעם טעמי 70 גרם,סראנו בעבור שטראוס,קפריסין,נשנושי פופקורן מתוק,גרמים,70.00,100 גרם,false,,7.90,11.2857,true,1,329452
7290110574420,false,עלית - פופקורן בטעם פסק זמן 70 גרם,סראנו בעבור שטראוס,קפריסין,נשנושי פופקורן מתוק,גרמים,70.00,100 גרם,false,,7.90,11.2857,true,1,329453
7290110576752,false,טבלאות שוקולד ספלנדיד מריר 70% 100 ג' עלית,קימ'ס גריפלנן,BE,שוקולד ספלנדיד מריר,גרמים,100.00,100 גרם,false,,10.90,10.9000,true,1,321766
7290110576776,false,טבלאות שוקולד ספלנדיד מריר 85% 100 ג' עלית,קימ'ס גריפלנן,BE,שוקולד ספלנדיד מריר,גרמים,100.00,100 גרם,false,,10.90,10.9000,true,1,321767
7290110576790,false,סקי בטעם מוקה 125 ג' שטראוס,"שטראוס בריאות בע""מ",IL,מעדן גבינה בטעם מוקה,גרמים,125.00,100 גרם,false,,3.90,3.1200,true,1,303912
7290110576868,false,רבעיית גמדים סלט פירוט * 100 ג' שטראוס,שטראוס,IL,גמדים סלט פירות רביע,מיליליטרים,400.00,"100 מ""ל",false,,10.90,2.7250,true,1,305464
7290110577711,false,"משקה שייק חלבון מי גבינה עם אפרסק ומנגו350מ""ל יטבתה",מחלבת יטבתה,IL,שייק חלבון whey אפרס,מיליליטרים,350.00,"100 מ""ל",false,,7.90,2.2571,true,1,322207
7290111092985,false,מארז מגבונים לחים בייביסיטר ללא בישום רביעייה,,,מגבוני בייבי פרפורמנ,יחידה,0.00,יחידה,false,,16.90,0.0000,true,1,268692
7290111093005,false,"I-CARE מג'להסרת איפור, 25 יח בפלופק",די פי אל,IL,מגבונים להסרת איפור,יחידה,0.00,יחידה,false,,7.90,0.0000,true,1,29600
7290111094248,false,"קוויק שקית אשפה חזקה וגדולה במיוחד (90*78), 20 יח'",,TR,שקיות אשפה XL עם שרו,יחידה,0.00,יחידה,false,,19.90,0.0000,true,1,29601
7290111094651,false,שקיות אשפה L עם ידית 40 יח' קוייק,,TR,קוויק שקיות אשפה L ח,יחידה,0.00,יחידה,false,,12.90,0.0000,true,1,194023
7290111097041,false,בייביסיטר מגבונים לח,,,בייביסיטר מגבונים לח,יחידה,0.00,יחידה,false,,20.90,0.0000,true,1,161252
7290111097836,false,מגבונים דוחה אבק למשטחים בניחוח מרכך כביסה 50 יח' קוויק,,,קוויק מגבונים לניקוי,יחידה,0.00,יחידה,false,,7.90,0.0000,true,1,233182
7290111098536,false,מגבונים לחים לתינוק,,,מגבונים לחים לתינוק,יחידה,0.00,יחידה,false,,14.90,0.0000,true,1,246468
7290111340185,false,מטליות לחות ניקול לניקוי רצפות בניחוח מרכך 10 יח',,,ניקול לחות לניקוי רצ,יחידה,0.00,יחידה,false,,10.90,0.0000,true,1,9109
7290111341359,false,רדיד אלומיניום+סכין חיתוך ניקול 60 מטר,,IL,ניקול רדיד אלומיניום,יח',1.00,יח',false,,46.90,46.9000,true,1,9120
7290111341366,false,מפיות אירוח חד שכבתי 150 יחידות,,IL,ניקול מפיות לאירוח 1,יח',150.00,יח',false,,10.90,0.0727,true,1,9121
7290111342042,false,כריות יפניות ניקול לניקוי אנטיבקטריאלי 4,סנו,IL,כריות יפניות אנטיבקט,יחידה,0.00,יחידה,false,,12.90,0.0000,true,1,9142
7290111342189,false,מפיות אירוח 1 שכבתי 150יח' צבעוני,,,ניקול מפיות אירוח חד,יח',150.00,יח',false,,10.90,0.0727,true,1,9145
7290111342523,false,מפיות אירוח לשימוש יומיומי ניקול 100 יח,,IL,מפיות צבעוני ניקול 1,יחידה,0.00,יחידה,false,,8.90,0.0000,true,1,9146
7290111342738,false,לילי - מגבוני נייר טואלט לח קידס רביעייה,,IL,לילי טואלט לח KIDS מ,יחידה,0.00,יחידה,false,,21.90,0.0000,true,1,9148
7290111344077,false,מטליות לחות אנטיבקטר,,,מטליות לחות אנטיבקטר,מארז,0.00,מארז,false,,24.90,0.0000,true,1,75748
7290111344206,false,האגיס נטורל קר מגבונים לחים בבישום עדין רביעייה,קימברלי,IL,מגבוני האגיס נטורל ק,יחידה,0.00,יחידה,false,,20.90,0.0000,true,1,193680
7290111344527,false,זוג שקיות אשפה ניקול שחורות XXL 10 יח,,IL,שקיות אשפה ניקול XXL,יחידה,0.00,יחידה,false,,25.90,0.0000,true,1,141694
7290111344732,false,קלינקס - טיישו אלרג'י קומפורט ניילון זוגות 140 דף,קימברלי,IL,קלינקס אלרג'י קומפור,יחידה,0.00,יחידה,false,,13.90,0.0000,true,1,186152
7290111344824,false,מגן תחתון קוטקס אקסטרא אנטיבקטריאלי לארג',,CN,מגיני תחתון אנטיבקטר,יחידה,0.00,יחידה,false,,17.90,0.0000,true,1,209815
7290111344831,false,קוטקס - מגיני יום אקסטרא פרוטקט נורמל ביג 60 יח',,CN,מגיני תחתון סופר פרו,יחידה,0.00,יחידה,false,,17.90,0.0000,true,1,209800
7290111344855,false,קוטקס - מגיני יום אקסטרא פרוטקט לארג' ביג 52 יח',,CN,מגיני תחתון סופר פרו,יחידה,0.00,יחידה,false,,17.90,0.0000,true,1,209801
7290111345753,false,תחבושות נטורל דואו נורמל 24 יח' קוטקס,,CN,תחבושות כותנה נורמל,יחידה,0.00,יחידה,false,,20.90,0.0000,true,1,232802
7290111345760,false,תחבושות נטורל דואו סופר 18 יח' קוטקס,,CN,תחבושות כותנה סופר +,יחידה,0.00,יחידה,false,,20.90,0.0000,true,1,232816
7290111345814,false,נייר טואלט לילי נטורל קר 30 גלילים מהדורה,קימברלי,IL,נייר טואלט נטורל קר,יח',30.00,יח',false,,34.90,1.1633,true,1,209869
7290111345821,false,נייר טואלט לילי לבן גמבו 16 גל=32 גל,קימברלי,IL,נייר טואלט נטורל קר,יח',16.00,יח',false,,37.90,2.3687,true,1,209883
7290111350726,false,חטיף נאצוס הוטפופ בסגנון מקסיקני 322 גר,פופז,US,הוטפופ נאצ'וס בסגנון,גרמים,322.00,100 גרם,false,,16.90,5.2484,true,1,12811
7290111352140,false,חמוציות מיובשות ברכז תפוחים קליית גת 150,,IL,חמוציות מיובשות ברכז,גרמים,150.00,100 גרם,false,,11.90,7.9333,true,1,12825
7290111352973,false,יוגטה קוביות חמוצות 220 גרם ללא ג'לטין,סאדאט,IL,יוגטה קוביות חמוציות,גרמים,220.00,100 גרם,false,,6.90,3.1364,true,1,88851
7290111353079,false,יוגטה סוכריות גומי דובונים 180 ג' קופסא,סאדת,TR,סוכריות גומי דובונים,גרמים,180.00,100 גרם,false,,9.90,5.5000,true,1,114771
7290111353109,false,סוכריות גומי נחשים מבריק יוגטה 200 גר,סאדת,TR,יוגטה סוכריות גומי נ,גרמים,200.00,100 גרם,false,,9.90,4.9500,true,1,103312
7290111353680,false,גרעיני חמנייה 350 גר,,,גרעיני חמנייה 350 גר,גרמים,350.00,100 גרם,false,,10.00,2.8571,true,1,146281
7290111354748,false,כדורגל קליית גת מתנה,,CN,כדורגל קליית גת מתנה,יחידה,0.00,יחידה,false,,0.01,0.0000,true,1,312654
7290111564277,false,פריכיות פיטנס שלושה דגנים דקות 120 גר,PT,IL,פריכיות 3 דגנים דקות,גרמים,120.00,100 גרם,false,,10.90,9.0833,true,1,19212
7290111564291,false,פריכיות דקות משלושה דגנים וקינואה,PT,IL,פריכיות קינואה דקות,גרמים,120.00,100 גרם,false,,10.90,9.0833,true,1,19213
7290111566561,false,שניצל ברוקולי 99 קלוריות טבעול 560 גר,טבעול ישראל,IL,טבעול שניצל ברוקולי,גרמים,630.00,100 גרם,false,,30.90,4.9048,true,1,20014
7290111566585,false,טבעול שניצל צמחוני 99 קלוריות 650 גר',טבעול ישראל,IL,שניצל מן הצומח מופח,גרמים,650.00,100 גרם,false,,30.90,4.7538,true,1,20015
7290111566752,false,טבעול שניצל תירס 99 קלוריות 693 גר',טבעול ישראל,IL,שניצל תירס לייט טבעו,גרמים,693.00,100 גרם,false,,30.90,4.4589,true,1,20020
7290111568206,false,ביסלי פארטי מיקס 150 ג' אסם,פרו מן יו פתרונות אר,IL,ביסלי פארטי מיקס ברב,גרמים,150.00,100 גרם,false,,6.90,4.6000,true,1,19259
7290111568251,false,אטריות נודלס להקפצה אסם אסייתי 350 גר',תאי פרזידנטפוד,TH,נודלס אטריות להקפצה,גרמים,350.00,100 גרם,false,,8.90,2.5429,true,1,19260
7290111568466,false,אסם רוטב אסייתי למוקפץ 9*290 מל-,אסם השקעות,IL,אסם רוטב אסיאתי למוק,מיליליטרים,290.00,"100 מ""ל",false,,12.90,4.4483,true,1,19268
7290111871061,false,מרשמלו מסולסל ארוך 18 גר'-סמי הכבאי,,CN,מרשמלו מסולסל ארוך 1,גרמים,432.00,100 גרם,false,,29.90,6.9213,true,1,191659
7290111879074,false,בקבוק טריטן מרובע 60,,,בקבוק טריטן מרובע 60,יחידה,0.00,יחידה,false,,24.90,0.0000,true,1,33425
7290111930805,false,קראנצ'וס טעם ברביקיו 55 גר',חברת מנה בעמ,IL,קראנצו'ס ברביקיו 55,גרמים,55.00,100 גרם,false,,3.90,7.0909,true,1,21774
7290111930850,false,קראנצ'וס טעם פיצה 55גר',,,קראנצו'ס פיצה 55 גרם,גרמים,55.00,100 גרם,false,,3.90,7.0909,true,1,21779
7290111930898,false,חטיף פוף כוכבים גריל אמריקאי 40 גרם,מנה,IL,פוף כוכבים גריל אמרי,גרמים,40.00,100 גרם,false,,4.90,12.2500,true,1,21783
7290111930911,false,חטיף פוף לבבות קלאסי 40 גרם,מנה,IL,פוף לבבות קלאסי 40 ג,גרמים,40.00,100 גרם,false,,3.90,9.7500,true,1,21785
7290111932380,false,"זוג מרידול משחת שיניים 75 מ""ל כשל""פ",,PL,מרידול משחות שיניים,גרמים,150.00,100 גרם,false,,29.90,19.9333,true,1,21802
7290111932502,false,"קולגייט משחת שיניים אופטיק וייט אקספרט 75 מ""ל",COLGATE ($) -PALMOLI,MX,מש.שיניים אופטיק ויי,מיליליטרים,75.00,"100 מ""ל",false,,27.90,37.2000,true,1,21803
7290111933554,false,עגבניות קוביות שלישיה * 400 ג' מאסטר שף,,IT,עגבניות קוביות מאסטר,קילוגרמים,1.20,"ק""ג",false,,15.90,13.2500,true,1,21817
7290111935961,false,מאסטר שף מחית עגבניות 690 גרם,,,מחית עגבניות מאסטר ש,גרמים,690.00,100 גרם,false,,10.50,1.5217,true,1,21831
7290111936487,false,"קולגייט זוג משחת שיניים טוטל קלין להלבנה 100 מ""ל",,PL,קולגייט טוטל הלבנה ז,מיליליטרים,200.00,"100 מ""ל",false,,29.90,14.9500,true,1,21841
7290111938481,false,"רוטב סויה בהירה מאסטר שף 300 מ""ל",,TH,רוטב סויה בהירה מ.שף,מיליליטרים,300.00,"100 מ""ל",false,,9.90,3.3000,true,1,74864
7290112000408,false,"דטול - תרסיס לניקוי כללי 750 מ""ל",,GB,תרסיס ניקוי וחיטוי ר,מיליליטרים,750.00,"100 מ""ל",false,,15.90,2.1200,true,1,21028
7290112000736,false,AIO טבליות פיניש 80 יחידות,,,פיניש הכל ב-1 80 טבל,יחידה,0.00,יחידה,false,,59.90,0.0000,true,1,21034
7290112002099,false,גל כביסה קולון מרוכז כחול 2.5 ל,רקיט בנקיזר,IL,קולון ג'ל 2.5 ליטר ב,ליטרים,2.50,ליטר,false,,24.90,9.9600,true,1,21062
7290112002136,false,גל כביסה קולון מרוכז כחול 4 ל,,IL,קולון ג'ל 4 ליטר רגי,ליטרים,4.00,ליטר,false,,34.90,8.7250,true,1,21066
7290112002143,false,גל כביסה קולון מרוכז סגול 4 ל,,IL,קולון ג'ל 4 ליטר ליל,ליטרים,4.00,ליטר,false,,34.90,8.7250,true,1,21067
7290112002150,false,קולון ג'ל 4 ליטר בניחוח ורדים,,IL,קולון ג'ל 4 ליטר בני,ליטרים,4.00,ליטר,false,,34.90,8.7250,true,1,21068
7290112003140,false,"אירוויק ספרי אוטמטי מילוי מנגו מרענן 250 מ""ל",,,איירוויק פרשמטיק מיל,מיליליטרים,250.00,"100 מ""ל",false,,14.90,5.9600,true,1,72005
7290112003232,false,אבקת כביסה בניחוח לבנדר קולון 5 ק''ג,,,אבקת כביסה קולון לבנ,קילוגרמים,5.00,"ק""ג",false,,39.90,7.9800,true,1,82761
7290112003249,false,אבקת כביסה בניחוח מאסק קולון 5 ק''ג,,,אבקת כביסה קולון מאס,קילוגרמים,5.00,"ק""ג",false,,39.90,7.9800,true,1,82762
7290112003508,false,"איירוויק ספריי נטול גז יער ועשבי בר 236 מ""ל",,PL,איירוויק בוטניקה ספר,מיליליטרים,236.00,"100 מ""ל",false,,19.90,8.4322,true,1,117554
7290112004413,false,וניש ספריי הסרת כתמים לבגדים לבנים 750 מ,,IL,מסיר כתמים ספריי כבי,מיליליטרים,750.00,"100 מ""ל",false,,16.90,2.2533,true,1,240187
7290112004703,false,ג'ל וניש שקוף לכביסה צבעונית ועדינה 750מל',,IT,וניש מסיר כתמים ג'לי,ליטרים,750.00,100 ליטר,false,,19.90,2.6533,true,1,323431
7290112004710,false,"ג'ל וניש שקוף לכביסה לבנה ועדינה 750 מ""ל",,IT,וניש מסיר כתמים ג'לי,ליטרים,750.00,100 ליטר,false,,19.90,2.6533,true,1,323416
7290112005045,false,וניש מסיר כתמים אבקה לכביסה לבנה 480 גרם,רקיט בנקיזר,IT,וניש אבקה לכביסה לבנ,מיליליטרים,480.00,"100 מ""ל",false,,16.90,3.5208,true,1,278776
7290112005083,false,וניש אבקה ורודה מולטי פאואר 1.5קג,,IT,וניש אבקה לכביסה צבע,ליטרים,1.50,100 ליטר,false,,39.90,2660.0000,true,1,278762
7290112191274,false,טורטיה מקמח חיטה 780גרם 12 יחידות,,,12 טורטיות מקמח חיט,גרמים,780.00,100 גרם,false,,12.90,1.6538,true,1,49358
7290112195579,false,שמן זית איטליה 750 מ,,,שמן זית איטליה 750 מ,מיליליטרים,750.00,"100 מ""ל",false,,30.90,4.1200,true,1,204554
7290112330352,false,יוגורט פרו 20 ג' וניל 0% שומן 200 ג' דנונה,"שטראוס בריאות בע""מ",IL,דנונה פרו 20 גר וניל,גרמים,200.00,100 גרם,false,,5.90,2.9500,true,1,23986
7290112330390,false,יוגורט פרו פירות יער 0% שומן 200 ג' דנונה,"שטראוס בריאות בע""מ",IL,דנונה פרו 20 גר פירו,גרמים,200.00,100 גרם,false,,5.90,2.9500,true,1,23988
7290112332691,false,פינוקיות עוגיות קרם פסק זמן אגוזים 200 גרם,הגביע מוצרי ופלים בע,IL,פינוקיות עוגיית קרם,גרמים,200.00,100 גרם,false,,11.50,5.7500,true,1,23079
7290112334596,false,אבקה להכנת שוקו 850,,,אבקה להכנת שוקו 850,גרמים,935.00,100 גרם,false,,17.90,1.9144,true,1,325965
7290112334749,false,קפה טורקי שקית 10% תוספת 200 ג' עלית,שטראוס קפה בי.וי,IL,עלית טורקי שקית 200,גרמים,220.00,100 גרם,false,,15.90,7.2273,true,1,23085
7290112335487,false,פריכיות הטעימות קצח ודגנים אנרגי 135 גר,פרח תעשיות,IL,פריכיות הטעימות קצח,גרמים,135.00,100 גרם,false,,11.90,8.8148,true,1,23093
7290112335494,false,פריכיות הטעימות פוטטוס אנרגי 135 גר,"פרח תעשיות מזון בע""מ",IL,פריכיות הטעימות פוטט,גרמים,135.00,100 גרם,false,,11.90,8.8148,true,1,23094
7290112336637,false,סוכריות מאסט ללא סוכר תות אוכמניות 80 ג' עלית,מיישקו,PL,"סוכריות מאסט לל""ס יו",גרמים,80.00,100 גרם,false,,7.90,9.8750,true,1,23106
7290112336651,false,סוכריות מאסט ללא סוכר ריבת חלב 80 ג' עלית,פלזנסקי,PL,סוכריות מאסט ללא סוכ,גרמים,80.00,100 גרם,false,,7.90,9.8750,true,1,23108
7290112338877,false,מעדן גבינה בטעם תות 3% 125ג' סקי,"שטראוס בריאות בע""מ",IL,גבינת סקי תות 3% 125,גרמים,125.00,100 גרם,false,,3.90,3.1200,true,1,24020
7290112339171,false,מילקי מוס עם שוקולד וקצפת,מיוצר עי קונדיטוריית,IL,מילקי מוס 81 גרם.,גרמים,81.00,100 גרם,false,,3.50,4.3210,true,1,24027
7290112339867,false,גמדים סקוויז בודד תות 100 ג',,IL,גמדים סקוויז בודד תו,גרמים,100.00,100 גרם,false,,5.90,5.9000,true,1,24047
7290112339874,false,גמדים סקוויז בודד תות בננה 100ג' שטראוס,,IL,גמדים סקוויז בודד תו,גרמים,100.00,100 גרם,false,,5.90,5.9000,true,1,24048
7290112340252,false,צנצנת מסטיק מאסט בטעם אבטיח מלון 66 ג' עלית,"שטראוס גרופ בע""מ",IL,צנצנת מאסט בטעם אבטי,גרמים,66.00,100 גרם,false,,10.50,15.9091,true,1,23123
7290112340276,false,פינוקיות עוגיות קרם קפה 200 גרם,הגביע מוצרי ופלים בע,IL,פינוקיות עוגיית קרם,גרמים,200.00,100 גרם,false,,11.50,5.7500,true,1,23125
7290112341679,false,דנונה אקטיביה 3% שומן 200 גרם,מיוצר עי קונדיטוריית,IL,דנונה אקטיביה 3% 200,גרמים,200.00,100 גרם,false,,3.90,1.9500,true,1,24061
7290112342508,false,דוריטוס ציזי טוויסט 70 גר,שטראוס,IL,דוריטוס קול ראנץ' 70,גרמים,70.00,100 גרם,false,,3.90,5.5714,true,1,24385
7290112343260,false,יטבתה רוטב שמנת עם פטריות 9% 250 גר,,IL,יטבתה רוטב שמנת קלאס,גרמים,260.00,100 גרם,false,,9.90,3.8077,true,1,24077
7290112343499,false,ציטוס 55 גרם 48 יחידות puffs,"שטראוס פריטו ליי בע""",IL,ציטוס Puffs בטעם גבי,גרמים,55.00,100 גרם,false,,3.50,6.3636,true,1,187675
7290112344724,false,מעדן בטעם שוקולד בלונדי 170 ג' מילקי,מיוצר עי קונדיטוריית,IL,מילקי בטעם שוקולד בל,מיליליטרים,170.00,"100 מ""ל",false,,3.50,2.0588,true,1,24087
7290112344755,false,מילקי עם 26% פחות סוכר 135 גר',מיוצר עי קונדיטוריית,IL,מילקי עם 26% פחות סו,מיליליטרים,135.00,"100 מ""ל",false,,2.90,2.1481,true,1,111039
7290112346360,false,בפלות אחת אחת בציפוי שוקולד חלב 180 ג' עלית,טוטיז-בינגו סיאי,GR,בפלות אחת אחת בציפוי,גרמים,180.00,100 גרם,false,,14.90,8.2778,true,1,23165
7290112346537,false,עוגיות פינוקיות בטעם טורטית 200 ג' עלית,הגביע מוצרי ופלים בע,IL,פינוקיות עוגיות בטעם,גרמים,200.00,100 גרם,false,,11.50,5.7500,true,1,23166
7290112346629,false,"יוגורט עם קורנפלקס מצופה שוקולד חלב ולבן 172 מ""ל דנונה",,IL,דנונה קראנצ' עם קורנ,מיליליטרים,172.00,"100 מ""ל",false,,4.60,2.6744,true,1,75875
7290112346827,false,אקטימל פטל ויטמין C שמינייה,שטראוס,IL,אקטימל ויטמין C פטל,מיליליטרים,800.00,"100 מ""ל",false,,19.90,2.4875,true,1,105732
7290112347008,false,גמדים ארוחת בוקר תות סקוויז 100 ג',מיוצר עי קונדיטוריית,IL,גמדים ארוחת בוקר תות,גרמים,100.00,100 גרם,false,,5.90,5.9000,true,1,24112
7290112347473,false,דנונה לייט אנד פריי תות ואפרסק מאגדת 8 יח' * 150 ג',מיוצר עי קונדיטוריית,IL,דנונה לייט אנד פריי,קילוגרמים,1.20,"ק""ג",false,,27.90,23.2500,true,1,24115
7290112349606,false,מעדן גבינה ויוגורט תות בננה 88 ג' דניאלה,"שטראוס בריאות בע""מ",IL,דניאלה תות בננה 150,מיליליטרים,150.00,"100 מ""ל",false,,4.10,2.7333,true,1,216090
7290112349736,false,בזיליקום רוטב עגבניות לפסטה 350 ג' יד מרדכי,אמיליאנה קונסרב סוסי,IT,רוטב עגבניות בזיליקו,גרמים,350.00,100 גרם,false,,11.90,3.4000,true,1,23174
7290112349743,false,ארביאטה רוטב עגבניות פיקנטי לפסטה 350 ג' יד מרדכי,,IT,רוטב עגבניות ארביאטה,גרמים,350.00,100 גרם,false,,11.90,3.4000,true,1,23175
7290112350275,false,קפסולות לונגו למכונות נספרסו 55 גר,,IL,קפסולות LUNGO למכונו,גרמים,50.00,100 גרם,false,,17.90,35.8000,true,1,23177
7290112351104,false,שוקולד פרה ממולא פיצפוצי אורז 100 ג' עלית,שטראוס,IL,שוקולד פרה פיצפוצי א,גרמים,100.00,100 גרם,false,,5.90,5.9000,true,1,73031
7290112351128,false,שוקולד פרה סוכריות קופצות 100 ג' עלית,"שטראוס גרופ בע""מ",IL,שוקולד פרה חלב סוכרי,גרמים,100.00,100 גרם,false,,5.90,5.9000,true,1,155237
7290112351258,false,עוגיית קקאו פינוקיות שחור לבן 200 גר,,IL,פינוקיות עוגיית שחור,גרמים,200.00,100 גרם,false,,11.50,5.7500,true,1,90579
7290112354211,false,פיצה מרגריטה דלישס 400 גרם,סקרלינפיצה אס. אר. א,IT,פיצה מרגריטה שטראוס,גרמים,400.00,100 גרם,false,,26.90,6.7250,true,1,193530
7290112354228,false,פיצה מרגריטה זיתים דלישס 400 גרם,,IT,פיצה מרגריטה זיתים ש,גרמים,400.00,100 גרם,false,,26.90,6.7250,true,1,193531
7290112355027,false,דנונה פרו 20 גרם חלבון קרמל מלוח 200 גרם,"שטראוס בריאות בע""מ",IL,דנונה פרו 20 גר' בטע,גרמים,200.00,100 גרם,false,,5.90,2.9500,true,1,111055
7290112355102,false,גמדים סקוויז 100 גרם פאוץ סלט פירות 100 גרם,"שטראוס בריאות בע""מ",IL,סקוויז גמדים לדרך סל,גרמים,100.00,100 גרם,false,,5.90,5.9000,true,1,117258
7290112357045,false,עגבניות איטלקיות מרוסקות ט.הטבע קופסה 390 גר',קונסרברס,IT,עגבניות איטלקיות מרו,גרמים,390.00,100 גרם,false,,6.60,1.6923,true,1,67974
7290112357069,false,מחית עגבניות איטלקיות ט.הטבע קופסה 500 גר',קונסרברס,IT,מחית עגבניות איטלקיו,גרמים,500.00,100 גרם,false,,8.20,1.6400,true,1,67975
7290112357175,false,קפסולות בוסט למכונות נספרסו 50 גר,,IL,קפסולות BOOST למכונו,גרמים,50.00,100 גרם,false,,17.90,35.8000,true,1,23178
7290112415400,false,עוגיות אלפחורס קפולסקי 280 גר',קפולסקי,IL,עוגיות אלפאחורס 280,גרמים,280.00,100 גרם,false,,30.90,11.0357,true,1,39970
7290112490032,false,"נמס בכוס תירס קנור בד""ץ, זוגי 22.5X2 גרם,",,IL,נמס בכוס תירס קנור 2,גרמים,45.00,100 גרם,false,,6.90,15.3333,true,1,10730
7290112490209,false,נמס בכוס עגבניות קרוטונים ר.טבעי קנור 24X2ג',,IL,נמס בכוס מרק עגבניות,גרמים,56.00,100 גרם,false,,6.90,12.3214,true,1,10736
7290112490650,false,קונפיטורה תות שדה 340 גרם-צנצנת,קונפיטורות לה-ארדניי,FR,קונפיטורה 778 תות שד,גרמים,340.00,100 גרם,false,,14.90,4.3824,true,1,10748
7290112490735,false,מרק עשיר עגבניות פסטה ר.טבעי קנור 105ג',,IL,מרק היום מרק עגבניות,גרמים,105.00,100 גרם,false,,11.90,11.3333,true,1,185921
7290112492531,false,"פינוק מרכך לשיער רגיל 700 מ""ל",,IL,פינוק מרכך לשיער רגי,מיליליטרים,700.00,"100 מ""ל",false,,11.90,1.7000,true,1,58557
7290112492548,false,"מרכך פינוק עם שמן חוחובה 700 מ""ל",,IL,פינוק מרכך לשיער יבש,מיליליטרים,700.00,"100 מ""ל",false,,11.90,1.7000,true,1,58558
7290112492579,false,"פינוק - מרכך שמן קוקוס 700 מ""ל",,IL,פינוק מרכך שמן קוקוס,מיליליטרים,700.00,"100 מ""ל",false,,11.90,1.7000,true,1,58559
7290112492593,false,תחליב רחצה פינוק בניחוח פינוק קלאסי 700,,IL,פינוק תחליב רחצה קלא,מיליליטרים,700.00,"100 מ""ל",false,,9.90,1.4143,true,1,58560
7290112492609,false,"תחליב רחצה פינוק 700 מ""ל לבנדר ווניל",,IL,פינוק תחליב רחצה לבנ,מיליליטרים,700.00,"100 מ""ל",false,,9.90,1.4143,true,1,58575
7290112492944,false,תיבול עוף קנור 400 גר' כשלפ,יוניליוור ישראל מזון,IL,מרק עוף לתיבול והעשר,גרמים,400.00,100 גרם,false,,17.90,4.4750,true,1,10811
7290112492999,false,מרק טעם עוף 400 גרם צנצנת קנור,יוניליוור ישראל מזון,IL,מרק טעם עוף קנור 400,גרמים,400.00,100 גרם,false,,15.90,3.9750,true,1,10813
7290112494993,false,דגני בוקר וניל 686ג' כריות,יוניליוור שפע ישראל,IL,"כריות וניל תלמה בד""ץ",גרמים,686.00,100 גרם,false,,29.90,4.3586,true,1,10855
7290112495037,false,דגני בוקר בטעם שוקולד כדורים 375 ג' קוקומן,יוניליוור שפע ישראל,IL,קוקומן כדורים תלמה ב,גרמים,375.00,100 גרם,false,,20.90,5.5733,true,1,10859
7290112495785,false,רוטב לסלט שום הלמנס 300ג,יוניליוור ישראל מזון,IL,רוטב שום הלמנס 300 ג,גרמים,300.00,100 גרם,false,,10.50,3.5000,true,1,53104
7290112495815,false,רוטב סלט חרדל דבש לייט הלמנס 305ג',יוניליוור ישראל מזון,IL,הלמנס רוטב לסלט חרדל,מיליליטרים,305.00,"100 מ""ל",false,,10.90,3.5738,true,1,54820
7290112497000,false,נוזל ניקוי כללי סיף פנטסטיק לימון 1 ל,"זוהר דליה, קיבוץ דלי",IL,סיף פנטסטיק ניקוי כל,יחידה,0.00,יחידה,false,,12.90,0.0000,true,1,62862
7290112497864,false,מרק עוף רכיבים טבעיים 33% פחות נתרו 400ג',,IL,מרק בטעם עוף רכיבים,גרמים,400.00,100 גרם,false,,22.90,5.7250,true,1,185853
7290112498007,false,גרנולה פרוטאין בתוספת חלבון שקדים וחמוציות תלמה 300 ג',,,גרנולה PROTEIN בתוספ,גרמים,300.00,100 גרם,false,,17.90,5.9667,true,1,194657
7290112498267,false,"אל סבון ידיים נוזלי קלאסי פינוק 950 מ""ל",קוסטר אירוסול ולף סנ,IL,אל סבון לידיים בניחו,מיליליטרים,950.00,"100 מ""ל",false,,11.90,1.2526,true,1,157578
7290112498915,false,מאגדת מיני מגנום שקדים מובחרים 250 ג',"מיוצר ע""י גלידת שטרא",IL,מאגדת מיני מגנום שקד,גרמים,310.00,100 גרם,false,,27.90,9.0000,true,1,150283
7290112499189,false,"גלידת קרמיסימו חד קרן וניל תות, 1.33 ליטר","גלידת שטראוס בע""מ, ר",IL,קרמיסימו חד קרן בטעמ,ליטרים,1.33,ליטר,false,,20.90,15.7143,true,1,285512
7290112499462,false,"פינוק - תחליב רחצה שמן קוקוס 700 מ""ל",יוניליוור ישראל טיפו,IL,תחליב רחצה בתוספת שמ,מיליליטרים,700.00,"100 מ""ל",false,,9.90,1.4143,true,1,150353
7290112700810,false,סוכריות סודה צמיד עם שעון שקית -מפרץ הרפ,,CN,סוכריות סודה בצורת צ,גרמים,150.00,100 גרם,false,,10.90,7.2667,true,1,232114
7290112961464,false,פיטנס חטיפי פריכיות דקות מתובלות 60 גרם,"פרח תעשיות מזון בע""מ",IL,חטיפי פריכיות דקות מ,גרמים,60.00,100 גרם,false,,8.90,14.8333,true,1,19296
7290112962737,false,שניצל מן הצומח עם חלבון טבעול 664 גר,,IL,טבעול שניצל מן הצומח,גרמים,664.00,100 גרם,false,,30.90,4.6536,true,1,20047
7290112963918,false,פיטנס חטיפי קרקר דק רוזמרין 140 גרם,אסם,IL,פיטנס חטיפי קרקר דק,גרמים,140.00,100 גרם,false,,11.90,8.5000,true,1,19322
7290112964410,false,רוטב אוסם אלף האיים לסלט 290 ג' אסם,אסם,IL,אסם רוטב אלף האיים ל,מיליליטרים,290.00,"100 מ""ל",false,,11.90,4.1034,true,1,19335
7290112964458,false,רוטב ויניגרט חדש לסלט 295 גרם אסם,אסם,IL,אסם רוטב ויניגרט לסל,מיליליטרים,295.00,"100 מ""ל",false,,11.90,4.0339,true,1,19337
7290112964472,false,"רוטב שום לסלט 290 מ""ל אסם",אסם,IL,אסם רוטב שום לסלט 29,מיליליטרים,295.00,"100 מ""ל",false,,11.90,4.0339,true,1,19338
7290112964625,false,רוטב שום לייט לסלט 310 גרם אסם,אסם,IL,אסם רוטב שום לייט לס,מיליליטרים,295.00,"100 מ""ל",false,,11.90,4.0339,true,1,19344
7290112965165,false,מרק נמס בטעם פטריות זוג * 24 ג' אסם,,IL,זוג מרק נמס פטריות ב,גרמים,48.00,100 גרם,false,,5.90,12.2917,true,1,19351
7290112965240,false,מרק נמס בטעם עגבניות זוג * 44 ג' אסם,,IL,זוג מרק נמס עגבניות,גרמים,60.00,100 גרם,false,,5.90,9.8333,true,1,19355
7290112965264,false,אוסם - מרק נמס אפונה זוג 26 גרם * 2,,IL,זוג מרק נמס אפונה בד,גרמים,30.00,100 גרם,false,,5.90,19.6667,true,1,19356
7290112965288,false,אוסם - מרק נמס ירקות זוג 28 גרם * 2,,IL,זוג מרק נמס ירקות בד,גרמים,30.00,100 גרם,false,,5.90,19.6667,true,1,19357
7290112965301,false,אוסם - מרק נמס טעם עוף זוג 26 גרם * 2,,IL,זוג מרק נמס טעם עוף,גרמים,38.00,100 גרם,false,,5.90,15.5263,true,1,19358
7290112965585,false,פרפקטו פסטה קסרצה 500 גרם,,IL,פסטה קסרצה פרפקטו 50,גרמים,500.00,100 גרם,false,,6.90,1.3800,true,1,19364
7290112965783,false,אוסם - ביסלי פריסטייל על האש 60 גרם,"אסם השקעות בע""מ",IL,ביסלי פריסטייל על הא,גרמים,60.00,100 גרם,false,,4.90,8.1667,true,1,157536
7290112965806,false,אוסם - ביסלי פריסטייל חמוץ חריף 60 גרם,אסם,IL,ביסלי פריסטייל חמוץ,גרמים,60.00,100 גרם,false,,4.90,8.1667,true,1,157537
7290112965868,false,קרם קרקר במליחות מעודנת 250 גרם אסם,,IL,אסם קרם קרקר במליחות,גרמים,250.00,100 גרם,false,,8.90,3.5600,true,1,19369
7290112965967,false,טבעול נאגטס ירקות כתומים 6*500גרם,טבעול תעשיות מזון בע,IL,טבעול נאגטס ירקות כת,גרמים,500.00,100 גרם,false,,30.90,6.1800,true,1,109592
7290112966094,false,הבית עוגת תפוז מופחתת סוכר 400 גרם,מיוצר עי קונדיטוריית,IL,עוגת הבית תפוז מופחת,גרמים,400.00,100 גרם,false,,13.90,3.4750,true,1,19374
7290112966841,false,אסם פודינג בטעם שוקולד מריר 90 גרם,מיוצר עי קונדיטוריית,IL,אסם פודינג בטעם שוקו,גרמים,90.00,100 גרם,false,,5.90,6.5556,true,1,19387
7290112967138,false,בייגלה שמיניות ללא גלוטן 250 גרם אסם,מיוצר עי קונדיטוריית,IL,אסם בייגלה שמיניות ל,גרמים,250.00,100 גרם,false,,13.90,5.5600,true,1,19388
7290112967220,false,מארז ביסלי ברביקיו 20X10 גרם,,,ביסלי ברביקיו מארז 1,גרמים,200.00,100 גרם,false,,11.90,5.9500,true,1,73113
7290112968685,false,חומוס גרגרים רכים בטבילה צבר 400 גרם,שוורצקוף& הנקל דיסלד,IL,חומוס גרגרים בטבילה,גרמים,400.00,100 גרם,false,,13.90,3.4750,true,1,20067
7290112968708,false,"טבעול שניצל תירס עדה חרדית 1.3 ק""ג",,IL,שניצל תירס עדה חרדי,קילוגרמים,1.30,"ק""ג",false,,40.90,31.4615,true,1,60630
7290112968722,false,"טבעול נקניקיות מן הצומח 1.2 ק""ג",,IL,נקניקיות מן הצומח הע,קילוגרמים,1.20,"ק""ג",false,,40.90,34.0833,true,1,60643
7290112968807,false,פיטנס - קרקר דק סלק 140 גרם,מפעל אסם יקנעם,IL,פיטנס קרקר דק סלק 14,גרמים,140.00,100 גרם,false,,11.90,8.5000,true,1,117987
7290112968821,false,פיטנס - קרקר דק בטטה 140 גרם,מפעל אסם יקנעם,IL,פיטנס קרקר דק בטטה 1,גרמים,140.00,100 גרם,false,,11.90,8.5000,true,1,117988
7290113192300,false,זיתים מושחרים חרוזית 275 גרם בית השיטה,,IL,זיתים חרוזית מושחר ב,גרמים,275.00,100 גרם,false,,9.90,3.6000,true,1,19413
7290113192317,false,טבעות זיתים מושחרים 280 גרם בית השיטה,,IL,טבעות זיתים מושחרים,גרמים,280.00,100 גרם,false,,12.90,4.6071,true,1,19414
7290113192324,false,בית השיטה זית ירוק א2 12*340גרם חדש,,IL,זית ירוק בית השיטה 3,גרמים,340.00,100 גרם,false,,8.90,2.6176,true,1,19415
7290113192355,false,חרוזית זיתים ירוקים ללא גלעין 275 ג' בית השיטה,,IL,זיתים חרוזית ירוק בי,גרמים,275.00,100 גרם,false,,9.90,3.6000,true,1,19418
7290113192362,false,זיתים ירוקים טבעות A2 בית השיטה 280 גרם,,IL,טבעות זיתים ירוקים ב,גרמים,280.00,100 גרם,false,,10.90,3.8929,true,1,19419
7290113192393,false,קוקטייל זיתים A2 בית השיטה 336 גרם,,IL,קוקטייל זיתים בית הש,גרמים,336.00,100 גרם,false,,10.90,3.2440,true,1,19422
7290113192478,false,מלפפונים במלח 10-12 בית השטה 320 גרם,,IL,מלפפון במלח 10-12 בי,גרמים,320.00,100 גרם,false,,7.90,2.4688,true,1,19430
7290113192485,false,בית השיטה מלפ.חומץ ר.טבע.א2 12-10 290גר',,IL,מלפפון בחומץ 12-10 ב,גרמים,290.00,100 גרם,false,,7.90,2.7241,true,1,19431
7290113192508,false,מלפפון במלח 17-13 בית השיטה 320 גרם,,IL,מלפפון במלח 13-17 בי,גרמים,320.00,100 גרם,false,,9.90,3.0938,true,1,19433
7290113192515,false,מלפפון במלח 18-25 320 גרם בית השיטה,,IL,מלפפון במלח 18-25 בי,גרמים,320.00,100 גרם,false,,10.90,3.4063,true,1,19434
7290113192522,false,מלפפון בחומץ א2 25-18 290ג' בית השיטה,,IL,מלפפון בחומץ 18-25 ב,גרמים,290.00,100 גרם,false,,10.90,3.7586,true,1,19435
7290113192539,false,מלפפון במלח 7-9 בית השיטה 320 גר,,IL,מלפפון במלח 7-9 בית,גרמים,560.00,100 גרם,false,,6.90,1.2321,true,1,19436
7290113192546,false,ב.הש.מלפ.בחומץ ר.טבע.א2 7-9 12*290ג חדש,,IL,מלפפון בחומץ 7-9 בית,גרמים,560.00,100 גרם,false,,6.90,1.2321,true,1,19437
7290113192553,false,מלפפונים במלח באלדי 13-17 בית השיטה 320ג,,IL,מלפפון במלח בלדי 13-,גרמים,320.00,100 גרם,false,,10.90,3.4063,true,1,19438
7290113192577,false,כרוב כבוש A2 בית השיטה 430 גרם,,IL,כרוב כבוש בית השיטה,יחידה,430.00,יחידה,false,,7.90,0.0184,true,1,19440
7290113193000,false,פלפל שיפקונית 230 גרם בית השיטה,שוורצקוף& הנקל דיסלד,IL,פלפל שיפקונית בית הש,גרמים,230.00,100 גרם,false,,11.90,5.1739,true,1,104628
7290113193017,false,קוקטייל זיתים 275 גרם בית השיטה,,IL,בית השיטה קוקטייל זי,גרמים,275.00,100 גרם,false,,12.90,4.6909,true,1,104612
7290113193369,false,בית השיטה תרסיס שמן קנולה מזוכך 150 מל,,IL,תרסיס שמן קנולה מזוכ,גרמים,150.00,100 גרם,false,,14.90,9.9333,true,1,128230
7290113193888,false,חצילים מוחמצים 320 גרם בית השיטה,שוורצקוף& הנקל דיסלד,IL,בית השיטה חצילים מוח,גרמים,320.00,100 גרם,false,,9.90,3.0938,true,1,157120
7290113195042,false,מלפפון חמוץ במלח כבישה ביתית בית השיטה 750 גר',שוורצקוף& הנקל דיסלד,IL,מלפפון מלח כבישה בית,גרמים,750.00,100 גרם,false,,24.90,3.3200,true,1,157135
7290113195080,false,חלבה טורקית בטעם שוקו וניל 400 גרם,,,חלבה טורקית בטעם שוק,גרמים,500.00,100 גרם,false,,12.90,2.5800,true,1,177384
7290113196544,false,קשיו קלוי 250 גרם,,,קשיו קלוי 250 גרם,גרמים,250.00,100 גרם,false,,20.90,8.3600,true,1,146882
7290113196551,false,פיסטוק קלוי 250 גר',,,פיסטוק קלוי 250 גר',גרמים,250.00,100 גרם,false,,19.90,7.9600,true,1,210132
7290113196575,false,שקד קלוי 250 גרם ג,,,שקד קלוי 250 גרם ג,גרמים,250.00,100 גרם,false,,21.90,8.7600,true,1,146884
7290113196582,false,בוטנים קלויים 300 גר,,,בוטנים קלויים 300 גר,גרמים,300.00,100 גרם,false,,14.90,4.9667,true,1,146885
7290113196643,false,"קשיו טבעי 200 גר בד""",,,"קשיו טבעי 200 גר בד""",גרמים,200.00,100 גרם,false,,14.90,7.4500,true,1,210133
7290113196704,false,גרעין חמניה מקולף -,,,גרעין חמניה מקולף -,גרמים,300.00,100 גרם,false,,14.90,4.9667,true,1,146893
7290113196926,false,מנה חמה אטריות אורז בטעם ירקות 70 ג' סו שף,,,מנה חמה אטריות אורז,גרמים,60.00,100 גרם,false,,7.90,13.1667,true,1,300410
7290113198067,false,פקאן מצופה שוקולד לבן 150 גרם,"דין שיווק וקליה בע""מ",IL,פקאן מצופה שוקולד לב,גרמים,150.00,100 גרם,false,,14.90,9.9333,true,1,177468
7290113284517,false,נייר טואלט דו שכבתי,,,נייר טואלט דו שכבתי,יחידה,0.00,יחידה,false,,29.90,0.0000,true,1,332408
7290113289048,false,צלחות קטנות אלגנט קר,,,צלחות קטנות אלגנט קר,יחידה,0.00,יחידה,false,,7.90,0.0000,true,1,182958
7290113289055,false,צלחות קטנות אלגנט זה,,,צלחות קטנות אלגנט זה,יחידה,0.00,יחידה,false,,7.90,0.0000,true,1,182959
7290113289062,false,צלחות קטנות אלגנט כס,,,צלחות קטנות אלגנט כס,יחידה,0.00,יחידה,false,,7.90,0.0000,true,1,182973
7290113289109,false,קערות אלגנט קרם 25 י,,,קערות אלגנט קרם 25 י,יחידה,0.00,יחידה,false,,5.90,0.0000,true,1,183003
7290113289147,false,לפתניות אלגנט זהב 25,,,לפתניות אלגנט זהב 25,יחידה,0.00,יחידה,false,,5.90,0.0000,true,1,183033
7290113289215,false,צלחות מתכלות יהלום ע,,,צלחות מתכלות יהלום ע,יחידה,0.00,יחידה,false,,19.90,0.0000,true,1,204871
7290113289222,false,מרקיות מתכלות יהלום,,,מרקיות מתכלות יהלום,יחידה,0.00,יחידה,false,,12.90,0.0000,true,1,204885
7290113289239,false,קערות אובליות מתכלות,,,קערות אובליות מתכלות,יחידה,0.00,יחידה,false,,9.90,0.0000,true,1,204886
7290113289321,false,מגשי דקל מלבניים גדו,,,מגשי דקל מלבניים גדו,יחידה,0.00,יחידה,false,,12.90,0.0000,true,1,234141
7290113289543,false,כוסות שקופות 150 יחי,,,כוסות שקופות 150 יחי,יחידה,0.00,יחידה,false,,14.90,0.0000,true,1,233881
7290113289550,false,צלחות מתכלות גדולות,,,צלחות מתכלות גדולות,יחידה,0.00,יחידה,false,,29.90,0.0000,true,1,204839
7290113317123,false,שלישיית ביצי שוקולד,,,שלישיית ביצי שוקולד,יחידה,0.00,יחידה,false,,14.90,0.0000,true,1,249928
7290113560055,false,"מי פה פרודונטקס לטיפול יום יומי 500 מ""ל",,,פרודונטקס מי פה 500,מיליליטרים,500.00,"100 מ""ל",false,,30.90,6.1800,true,1,97656
7290114310215,false,"שמנת מתוקה 38% שומן 250 מ""ל טרה",מילקו תעשיות בעמ,IL,שמנת מתוקה 38% בקבוק,מיליליטרים,250.00,"100 מ""ל",false,,6.47,2.5880,true,1,68676
7290114310222,false,חלב טרה מועשר בסידן וויטמין 3% 1.5ל',מילקו תעשיות בעמ,IL,חלב מועשר בסידן 1.5,ליטרים,1.50,ליטר,false,,10.90,7.2667,true,1,80448
7290114310239,false,חלב טרה נטול לקטוז מועשר בוויטמין D 2% 1.5 ל',מילקו תעשיות בעמ,IL,חלב נטול לקטוז 1.5,ליטרים,1.50,ליטר,false,,10.90,7.2667,true,1,80435
7290114310338,false,צפתית מעודנת 5% 225 גר' משק צוריאל,משק צוריאל,IL,צפתית מעודנת 5% משק,גרמים,225.00,100 גרם,false,,16.90,7.5111,true,1,113451
7290114310383,false,Muller Froop מולר יוגורט מוקצף בטעם וניל 90 גרם,מילקו,IL,יוגורט מוקצף בטעם ונ,גרמים,97.00,100 גרם,false,,5.50,5.6701,true,1,304263
7290114310390,false,מולר קציפת יוגורט בטעם בננה לוטי 97 גרם,מילקו,IL,יוגורט מוקצף בטעם בנ,גרמים,97.00,100 גרם,false,,5.50,5.6701,true,1,304280
7290114310536,false,יוגורט לייט מעושר בחלבון בטעם וניל מולר 200 ג',,IL,מולר אקטיב לייט יוגו,גרמים,25.00,100 גרם,false,,5.90,23.6000,true,1,138612
7290114310550,false,פטה עיזים מעודנת בגביע 5% 200 ג',משק צוריאל,IL,פטה עיזים מעודנת 5%,גרמים,200.00,100 גרם,false,,22.90,11.4500,true,1,138573
7290114310567,false,לאבנה עיזים 5% צוריא,משק צוריאל,IL,לאבנה עיזים 5% משק צ,גרמים,200.00,100 גרם,false,,13.90,6.9500,true,1,138548
7290114310574,false,גבינת קרם שמנת עיזים 5% 200 גר',משק צוריאל,IL,גבינת קרם שמנת עיזים,גרמים,200.00,100 גרם,false,,13.90,6.9500,true,1,138499
7290114310611,false,"משקה חלב בננה בבקבוק פקק ספורט טרה 250 מ""ל",,IL,משקה חלב בננה בבקבוק,מיליליטרים,250.00,"100 מ""ל",false,,5.50,2.2000,true,1,154865
7290114310673,false,לאבנה מחלב בקר 9% 25,טרה,IL,לאבנה מחלב בקר 9% 25,גרמים,250.00,100 גרם,false,,11.90,4.7600,true,1,138626
7290114311014,false,"משקה חלב אייס קפוצינו יטבתה 250 מ""ל פקק",,,משקה חלב אייס קפוצ'י,מיליליטרים,250.00,"100 מ""ל",false,,5.50,2.2000,true,1,256390
7290114311021,false,"משקה חלב וניל עוגיות טרה 250 מ""ל פקק ספו",,,משקה חלב וניל עוגיות,מיליליטרים,250.00,"100 מ""ל",false,,5.50,2.2000,true,1,256404
7290114311038,false,"שמנת מתוקה 32% 250 מ""ל בבקבוק טרה",,,שמנת מתוקה 32% בקבוק,מיליליטרים,250.00,"100 מ""ל",false,,6.90,2.7600,true,1,256376
7290114311069,false,מעדן יוגורט בטעם טבעי חלבון 200 ג' מולר אקטיב,טרה,IL,יוגורט בטעם טבעי 25,גרמים,200.00,100 גרם,false,,5.90,2.9500,true,1,237553
7290114311076,false,"חמאת מולר צהובה עם שום, 200 גרם",טרה,IL,חמאה צהובה עם שום מו,גרמים,200.00,100 גרם,false,,10.90,5.4500,true,1,253113
7290114311083,false,"חמאת מולר צהובה עם מלח, 200 גרם",טרה,IL,חמאה צהובה עם מלח מו,גרמים,200.00,100 גרם,false,,10.90,5.4500,true,1,253127
7290114311182,false,תום עיזים צוריאל 15,מילקו תעשיות בעמ,IL,גבינת תום עיזים 28%,גרמים,150.00,100 גרם,false,,24.90,16.6000,true,1,252170
7290114311298,false,יוגורט מולר פרופ בטעם תות בננה מלון 150,,IL,מולר פרופ תות בננה מ,גרמים,150.00,100 גרם,false,,5.50,3.6667,true,1,279920
7290114311304,false,יוגורט קציפת מנגו פסיפלורה בננה 150 ג' מולר,,IL,מולר פרופ מנגו פסיפל,גרמים,150.00,100 גרם,false,,5.50,3.6667,true,1,279935
7290114311328,false,חלב דל לקטוז מועשר בויטמין D 2% 1 ליטר,מילקו תעשיות בעמ,IL,חלב נטול לקטוז טרה 1,ליטרים,1.00,ליטר,false,,7.10,7.1000,true,1,289984
7290114311359,false,יוגורט עם קציפת מנגו 3% שומן פרופ 150 ג' מולר,,IL,מולר פרופ מנגו 3% 15,גרמים,150.00,100 גרם,false,,5.50,3.6667,true,1,279921
7290114311434,false,מולר אקטיב יוגורט בטעם קרמל מלוח 200 גרם,טרה,IL,מולר אקטיב בטעם קרמל,גרמים,200.00,100 גרם,false,,5.90,2.9500,true,1,304247
7290114311502,false,"משקה חלב בקבוק בטעם סחלב, 1 ליטר",מילקו תעשיות בעמ,IL,משקה חלב בטעם סחלב 1,ליטרים,1.00,ליטר,false,,11.90,11.9000,true,1,339976
7290114600941,false,מיונז מאסטר שף מיונז לחיץ 435 ג',רמיה סי.וי,NL,מאסטר שף מאסטר שף מ,גרמים,435.00,100 גרם,false,,14.90,3.4253,true,1,84095
7290114600996,false,"רוטב שום מאסטר שף 250 מ""ל",REMIA,NL,מאסטר שף רוטב שום 25,מיליליטרים,250.00,"100 מ""ל",false,,10.90,4.3600,true,1,84109
7290114603041,false,"פרי גרנולה בוטנים אגוזים וקוקוס, 300 ג'","אפקט טבעי בע""מ",IL,פרי גרנולה בוטנים אג,גרמים,300.00,100 גרם,false,,14.90,4.9667,true,1,110493
7290114603591,false,PLAY חטיף פוף בטעם קטשופ 40 גרם,,,פוף PLAY בטעם קטשופ,גרמים,40.00,100 גרם,false,,3.90,9.7500,true,1,84082
7290114603768,false,"נוזל ניקוי שירותים אגקס 750 מ""ל*2 זוג",,FR,אג'קס שירותים 750 מ',מיליליטרים,750.00,"100 מ""ל",false,,30.90,4.1200,true,1,84720
7290114604840,false,דפי אורז קוטר 16 מאסטר שף 400 ג',,,דפי אורז קוטר 16 כשל,גרמים,400.00,100 גרם,false,,9.90,2.4750,true,1,124925
7290114604857,false,"דפי אורז מאסטר שף קוטר 22 ס""מ 400 גרם",,,דפי אורז קוטר 22 כשל,גרמים,400.00,100 גרם,false,,9.90,2.4750,true,1,124926
7290114604864,false,מאסטר שף קוסקוס דק 350 גרם,דוידוביץ,IL,קוסקוס דק מאסטר שף 3,גרמים,350.00,100 גרם,false,,5.90,1.6857,true,1,178245
7290114604871,false,מאסטר שף קוסקוס בינוני 350 גרם,דוידוביץ,IL,קוסקוס בינוני מאסטר,גרמים,350.00,100 גרם,false,,5.90,1.6857,true,1,178083
7290114604901,false,ממרח שום לחיץ מאסטר שף 444 גרם,Remia,NL,מאסטר שף ממרח שום לח,גרמים,242.00,100 גרם,false,,14.90,6.1570,true,1,139947
7290114604932,false,רוטב ברביקיו דבש מאסטר שף 520 ג',,,מאסטר שף רוטב ברביקי,מיליליטרים,520.00,"100 מ""ל",false,,13.90,2.6731,true,1,139932
7290114605533,false,משטח חיתוך חד פעמי 30 יח' קוקי,,CN,"משטח חיתוך חד""פ",יחידה,0.00,יחידה,false,,19.90,0.0000,true,1,254160
7290114606547,false,מיונז פטריות כמהין לחיץ מאסטר שף 242 גרם,Remia,NL,מאסטר שף מיונז עם כמ,גרמים,242.00,100 גרם,false,,14.90,6.1570,true,1,139949
7290114606578,false,שקדי מרק מאסטר שף 400 גרם,,IL,שקדי מרק מאסטר שף 40,גרמים,400.00,100 גרם,false,,10.90,2.7250,true,1,181829
7290114607315,false,"מקס וויט מארז זוג 125 מ""ל",,,מקס וויט מארז זוג 2*,מיליליטרים,250.00,"100 מ""ל",false,,29.90,11.9600,true,1,172962
7290114608695,false,מיונז עם ווסאבי לחיץ מאסטר שף 241 גרם,רמיה סי.וי,NL,מיונז עם ווסאבי מאסט,גרמים,241.00,100 גרם,false,,14.90,6.1826,true,1,228528
7290114657297,false,מיני פופ סוכריה על מקל עם כדור 8גר LOL,,CN,מיני פופ סוכריה על מ,גרמים,8.00,100 גרם,false,,10.90,136.2500,true,1,117104
7290115071498,false,מטבעות שוקולד ברשת פי גיי 31 גר,,NL,מטבעות שוקולד ברשת 3,גרמים,31.00,100 גרם,false,,3.90,12.5806,true,1,117057
7290115071511,false,מטבעות שוקולד ברשת טרולים 31 גר,,NL,מטבעות שוקולד ברשת 3,גרמים,31.00,100 גרם,false,,3.90,12.5806,true,1,117059
7290115073676,true,מארז מסכות 3 שכבות צ,,,מארז מסכות 3 שכבות צ,יחידה,0.00,יחידה,false,,9.90,0.0000,true,1,81865
7290115075182,false,מטבעות שוקולד ברשת חד קרן 31 גר,,NL,מטבעות שוקולד ברשת 3,גרמים,31.00,100 גרם,false,,3.90,12.5806,true,1,117062
7290115075199,false,מטבעות שוקולד ברשת ליגת הצגק 31 גר,,NL,מטבעות שוקולד ברשת 3,גרמים,31.00,100 גרם,false,,3.90,12.5806,true,1,234890
7290115190007,false,סיגריות PPמרלבורו רד,פיליפ מוריס,,מרלבורו רד פאקט 10*2,יחידה,0.00,יחידה,false,,335.00,0.0000,false,1,101844
7290115190014,false,סיגריות מרלבורו רד קצר בוקס,פיליפ מוריס,,סיגריות מרלבורו חפי,יחידה,0.00,יחידה,false,,35.00,0.0000,false,1,101774
7290115190076,false,סיגריות מרלבורו גולד ארוך 100 בוקס,פיליפ מוריס,,סיגריות מרלבורו חפי,יחידה,0.00,יחידה,false,,35.00,0.0000,false,1,109226
7290115190083,false,מרלבורו גולד קצר פאקט,פיליפ מוריס,,מרלבורו גולד פאקט 1,יחידה,0.00,יחידה,false,,335.00,0.0000,false,1,101806
7290115190090,false,סיגריות מרלבורו גולד קצר בוקס,פיליפ מוריס,,סיגריות מרלבורו חפי,יחידה,0.00,יחידה,false,,35.00,0.0000,false,1,101793
7290115190151,false,מלבורו גולד טאצ 7.1 חפיסה,פיליפ מוריס,,מרלבורו גולד טאצ בוד,יחידה,0.00,יחידה,false,,31.00,0.0000,false,1,101755
7290115190199,false,סיגריות פרלמנט (חפיס,פיליפ מוריס,,סיגריות פרלמנט (חפיס,יחידה,0.00,יחידה,false,,40.00,0.0000,false,1,142193
7290115190212,false,פרלמנט ארוך בלו RCB קופסא,פיליפ מוריס,,סיגריות פרלמנט (חפיס,יחידה,0.00,יחידה,false,,40.00,0.0000,false,1,101738
7290115190328,false,ל.מ. בלו לייבל ארוך פאקט,פיליפ מוריס,,אל אם בלו 100 פאקט 1,יחידה,0.00,יחידה,false,,300.00,0.0000,false,1,144356
7290115190335,false,ל.מ.בלו לייבל ארוך בוקס חפיסה,פיליפ מוריס,,אל אם בלו ארוך,יחידה,0.00,יחידה,false,,31.00,0.0000,false,1,144369
7290115190342,false,LM בלו לייבל קצר פאקט,פיליפ מוריס,,אל אם בלו קצר פאקט,יחידה,0.00,יחידה,false,,300.00,0.0000,false,1,95294
7290115190359,false,L&M בלו לייבל קצר-חפיסה,פיליפ מוריס,,אל אם בלו לייבל קצר,יחידה,0.00,יחידה,false,,31.00,0.0000,false,1,95295
7290115190397,false,סיגריות LM רד לייבל קצר,פיליפ מוריס,,אל אם רד לייבל קצר,יחידה,0.00,יחידה,false,,31.00,0.0000,false,1,95266
7290115190434,false,סיגריות LM לייט וייב סלימס,פיליפ מוריס,IL,אל אם וייב סלימס,יחידה,0.00,יחידה,false,,31.00,0.0000,false,1,95313
7290115190458,false,סיגריות נקסט אדג בוד,פיליפ מוריס,,נקסט אדג` בודד,יחידה,0.00,יחידה,false,,26.00,0.0000,false,1,109228
7290115190465,false,סיגריות נקסט פיין אד,פיליפ מוריס,,נקסט פיין אדג` (פקט),יחידה,0.00,יחידה,false,,255.00,0.0000,false,1,114420
7290115190472,false,סיגריות נקסט פיין אדג',פיליפ מוריס,,נקסט פיין אדג` בודד,יחידה,0.00,יחידה,false,,26.00,0.0000,false,1,114421
7290115190496,false,סיגריות נקסט פיין 10,פיליפ מוריס,IL,סיגריות נקסט (בודד),יחידה,0.00,יחידה,false,,30.00,0.0000,false,1,123422
7290115190519,false,סיגריות נקסט פיין חפ,פיליפ מוריס,,סיגריות נקסט (בודד),יחידה,0.00,יחידה,false,,30.00,0.0000,false,1,101759
7290115190533,false,סיגריות נקסט כחול ארוך,פיליפ מוריס,,סיגריות נקסט (בודד),יחידה,0.00,יחידה,false,,28.00,0.0000,false,1,109213
7290115190571,false,סיגריות נקסט לילךPP,פיליפ מוריס,,סיגריות נקסט (בודד),יחידה,0.00,יחידה,false,,30.00,0.0000,false,1,95280
7290115190588,false,נקסט אוריגינל PP קרטוש,פיליפ מוריס,,נקסט אוריג'ינל פאקט,יחידה,0.00,יחידה,false,,289.00,0.0000,false,1,101810
7290115190595,false,סיגריות נקסט אוריגינ,פיליפ מוריס,,סיגריות נקסט(בודד),יחידה,0.00,יחידה,false,,30.00,0.0000,false,1,101740
7290115200003,false,אסם פתי בר פינוקי וניל 220 גרם,תאי פרזידנט פוד פאבל,PL,פתי בר פינוקי וניל 2,גרמים,220.00,100 גרם,false,,11.90,5.4091,true,1,110757
7290115200027,false,אסם פתי בר פינוקי שוקו 220 גרם,DR GERARD,IL,פתי בר פינוקי שוקו 2,גרמים,220.00,100 גרם,false,,11.90,5.4091,true,1,110758
7290115200713,false,במבה קלאסי מארז אחיד 8 50*5 ג',,IL,מארז במבה קלאסי אסם,גרמים,250.00,100 גרם,false,,11.90,4.7600,true,1,112709
7290115201031,false,אסם פתי בר דובי שוקולד 175 גרם,טרופיקל דגיל תעשיות,IL,אסם פתיבר דובי שוקול,גרמים,175.00,100 גרם,false,,10.90,6.2286,true,1,138774
7290115201680,false,ביסלי ברביקיו 70 גרם,"אסם השקעות בע""מ",IL,ביסלי ברביקיו 70 גרם,גרמים,70.00,100 גרם,false,,3.90,5.5714,true,1,117244
7290115201741,false,ביסלי בטעם בצל 70 גרם,"אסם השקעות בע""מ",IL,ביסלי בצל 70 גרם,גרמים,70.00,100 גרם,false,,3.90,5.5714,true,1,112076
7290115202434,false,צבר סלט חומוס עם זעתר 375 גרם,ג'נרל מילס סאן אדריא,IL,חומוס עם זעתר צבר 37,גרמים,375.00,100 גרם,false,,12.50,3.3333,true,1,127571
7290115202786,false,מנה חמה פאוצ נדלס.אטר.טעם בקר 70 גרם,,,מנה חמה פאוצ' נדלסאט,גרמים,70.00,100 גרם,false,,4.90,7.0000,true,1,138733
7290115202816,false,מנה חמה פאוצ נדלס.אטר.טעם עוף 70 גרם,,,מנה חמה פאוצ' נדלסאט,גרמים,70.00,100 גרם,false,,4.90,7.0000,true,1,138734
7290115202847,false,מנה חמה פאוצ' נדלס ספייסי אסם 70 ג',,,מנה חמה פאוצ' נדלסאט,גרמים,70.00,100 גרם,false,,4.90,7.0000,true,1,138735
7290115203134,false,פופקו פופקורן במבה 80 ג' אסם,"אסם השקעות בע""מ",IL,פופקו פופקורן במבה 4,גרמים,80.00,100 גרם,false,,5.90,7.3750,true,1,153134
7290115203295,false,פרפקטו פסטה ריציאולי מהדורה 12*500גרם,ניולט פוד ס.פ.א,IT,פרפקטו פסטה ריציאולי,גרמים,400.00,100 גרם,false,,9.90,2.4750,true,1,138716
7290115203486,false,אסם פירורית בטעם ביסלי גריל 200 גרם,קיבוץ עינת,IL,אסם פירורית בטעם ביס,גרמים,200.00,100 גרם,false,,6.50,3.2500,true,1,144824
7290115204056,false,אסם קטשופ 56% פחות סוכר 690 גרם,אסם,IL,אסם קטשופ מופחת סוכר,גרמים,690.00,100 גרם,false,,11.90,1.7246,true,1,145864
7290115205176,false,פיטנס - קרקר דק כפרי פיטנס 140 גרם,אסם יקנעם,IL,פיטנס קרקר THIN כפרי,גרמים,140.00,100 גרם,false,,11.90,8.5000,true,1,198036
7290115205312,false,פיטנס - קרקר דק זיתי קלמטה 140 גרם,"אסם השקעות בע""מ",IL,פיטנס קרקר Thin Deli,גרמים,140.00,100 גרם,false,,11.90,8.5000,true,1,268977
7290115205978,false,"פתי בר אצבעות שוקולד אוסם, 180 גרם","ד""ר ג'רארד בע""מ",PL,פתי בר אצבעות שוקולד,גרמים,180.00,100 גרם,false,,11.90,6.6111,true,1,239542
7290115206531,false,אסם קרמוגית במילוי קרם בייגלה 12*200 גרם,אסם-נסטלה,IL,אסם קרמוגית במילוי ק,גרמים,200.00,100 גרם,false,,10.90,5.4500,true,1,205091
7290115207507,false,צבר סלט טורקי 360 גרם,ג'נרל מילס סאן אדריא,IL,צבר סלט טורקי 360 גר,גרמים,360.00,100 גרם,false,,16.90,4.6944,true,1,220202
7290115207620,false,"רוטב בסגנון סויה קלאסי 290 מ""ל אסם",,,אסם רוטב בסגנון סויה,מיליליטרים,320.00,"100 מ""ל",false,,12.90,4.0313,true,1,268842
7290115207682,false,"אסם רוטב בסגנון סויה סיני 290 מ""ל",,IL,אסם רוטב בסגנון סויה,מיליליטרים,330.00,"100 מ""ל",false,,11.90,3.6061,true,1,268799
7290115207941,false,ויטמינצ'יק תרכיז אננס 1 ליטר,בית-השיטה עסיס תעשיו,IL,ויטמינצ'יק אננס 1 לי,ליטרים,1.00,ליטר,false,,22.50,22.5000,true,1,226985
7290115207989,false,ויטמינצ'יק תרכיז לימון 1 ליטר,בית-השיטה עסיס תעשיו,IL,ויטמינצ'יק לימון 1 ל,ליטרים,1.00,ליטר,false,,22.50,22.5000,true,1,227001
7290115208009,false,ויטמינצ'יק תרכיז ענבים 1 ליטר,בית-השיטה עסיס תעשיו,IL,ויטמינצ'יק ענבים 1 ל,ליטרים,1.00,ליטר,false,,22.50,22.5000,true,1,227002
7290115208047,false,ויטמינצ'יק תרכיז פטל 1 ליטר,בית-השיטה עסיס תעשיו,IL,ויטמינצ'יק פטל 1 ליט,ליטרים,1.00,ליטר,false,,22.50,22.5000,true,1,226986
7290115208061,false,ויטמינצ'יק תרכיז תפוח 1 ליטר,בית השיטה עסיס תעשיו,IL,ויטמינצ'יק תפוח 1 לי,ליטרים,1.00,ליטר,false,,22.50,22.5000,true,1,227003
7290115208320,false,אפרופו בטעם ביסלי בצל 50ג' אסם,"אסם השקעות בע""מ",IL,אפרופו בטעם ביסלי בצ,גרמים,50.00,100 גרם,false,,5.00,10.0000,true,1,310178
7290115208801,false,לחמית דבש ואגוזים 190ג אסם,אסם,IL,לחמית דבש ואגוזים 19,גרמים,190.00,100 גרם,false,,10.90,5.7368,true,1,281647
7290115209198,false,במבה אורירית 80 ג' אסם,אסם השקעות בעמ,IL,במבה אורירית 80 גרם,גרמים,80.00,100 גרם,false,,4.50,5.6250,true,1,270947
7290115209372,false,במבה במילוי בראוניז 150ג' אסם,"אסם השקעות בע""מ",IL,במבה במילוי בראוניז,גרמים,150.00,100 גרם,false,,10.00,6.6667,true,1,309877
7290115403312,false,עוגיות מלוחות קריספי,,,עוגיות מלוחות קריספי,גרמים,450.00,100 גרם,false,,15.90,3.5333,true,1,258430
7290115403404,false,עוגיות פרפריות שוקו,,,עוגיות פרפריות שוקו,גרמים,450.00,100 גרם,false,,15.90,3.5333,true,1,258438
7290115403411,false,עוגיות עינוגים בטעם,,,עוגיות עינוגים בטעם,גרמים,500.00,100 גרם,false,,15.90,3.1800,true,1,258439
7290115403459,false,עוגיות נסיכה בטעם תו,,,עוגיות נסיכה בטעם תו,גרמים,500.00,100 גרם,false,,15.90,3.1800,true,1,258443
7290115403466,false,עוגיות נסיכה מיקס אד,,,עוגיות נסיכה מיקס אד,גרמים,500.00,100 גרם,false,,15.90,3.1800,true,1,258444
7290115403480,false,עוגיות בסגנון מרוקאי,,,עוגיות בסגנון מרוקאי,גרמים,500.00,100 גרם,false,,15.90,3.1800,true,1,258446
7290115403510,false,עוגיות מגולגלות תמרי,,,עוגיות מגולגלות תמרי,גרמים,500.00,100 גרם,false,,15.90,3.1800,true,1,258448
7290115403527,false,עוגיות עינוגי תמרים,,,עוגיות עינוגי תמרים,גרמים,500.00,100 גרם,false,,15.90,3.1800,true,1,258449
7290115403565,false,עוגיות קיפל וניל אדל,,,עוגיות קיפל וניל אדל,גרמים,500.00,100 גרם,false,,15.90,3.1800,true,1,258453
7290115405774,false,פחזניות ממולאות בטעם וניל קפולסקי 180 גר,תופינים מקבוצת קפולס,IL,פחזניות בטעם וניל תו,גרמים,180.00,100 גרם,false,,14.90,8.2778,true,1,266597
7290115410068,false,חציל במיונז 400 גרם,,,חציל במיונז 400 גרם,גרמים,400.00,100 גרם,false,,10.90,2.7250,true,1,176335
7290115410075,false,טחינה 400 גרם סלטי ה,,,טחינה 400 גרם סלטי ה,גרמים,400.00,100 גרם,false,,10.90,2.7250,true,1,176336
7290115410112,false,חומוס 400 גרם סלטי ה,,,חומוס 400 גרם סלטי ה,גרמים,400.00,100 גרם,false,,10.90,2.7250,true,1,176321
7290115410150,false,כרוב אדום 400 גרם סל,,,כרוב אדום 400 גרם סל,גרמים,400.00,100 גרם,false,,10.90,2.7250,true,1,232438
7290115410631,false,חציל בטעם כבד 250 גר,,,חציל בטעם כבד 250 גר,גרמים,250.00,100 גרם,false,,10.90,4.3600,true,1,176306
7290115411928,false,"תפו""א 400 גרם סלטי ה",,,"תפו""א 400 גרם סלטי ה",גרמים,400.00,100 גרם,false,,10.90,2.7250,true,1,176340
7290115671223,false,מאסט פאן מסטיק אבטיח מנגו 58 גרם,אסקום קונפקשיין,DE,מסטיק קוביות ללא סוכ,גרמים,58.00,100 גרם,false,,10.50,18.1034,true,1,219027
7290115671308,false,"מסטיק מאסט פאן תות דובדבן, 58 גרם",אסקום קונפשטיין,DE,מסטיק קוביות ללס במי,גרמים,58.00,100 גרם,false,,10.50,18.1034,true,1,219013
7290115671339,false,מיני פינוקיות בראוניז בייגל בוטן עלית 180 ג' עלית,הגביע מוצרי ופלים בע,IL,מיני פינוקיות בראוני,גרמים,180.00,100 גרם,false,,10.90,6.0556,true,1,166271
7290115671346,false,מיני פינוקיות טופי קרמל מלוח 180 ג' עלית,הגביע מוצרי ופלים בע,IL,מיני פינוקיות במילוי,גרמים,180.00,100 גרם,false,,10.90,6.0556,true,1,166285
7290115675986,false,מעדן דנונה בר עם אגוזים מקורמלים 173 גרם,"שטראוס בריאות בע""מ",IL,דנונה קראנצ' אגוזים,גרמים,173.00,100 גרם,false,,4.60,2.6590,true,1,117673
7290115677089,false,קונפיטורת יד מרדכי תפוח וקינמון 340 גרם,"ב.א מזון בע""מ",IL,קונפיטורת תפוח וקינמ,גרמים,340.00,100 גרם,false,,12.90,3.7941,true,1,162237
7290115678376,false,מעדן הגולן שוקולד 125 גרם,מיוצר עי קונדיטוריית,IL,מעדן הגולן מעדן חלב,גרמים,125.00,100 גרם,false,,2.90,2.3200,true,1,167773
7290115678383,false,מעדן הגולן שוקולד מריר 125 גרם,מיוצר עי קונדיטוריית,IL,מעדן הגולן מעדן חלב,גרמים,125.00,100 גרם,false,,2.90,2.3200,true,1,167787
7290115679960,false,ציטוס פופקורן בטעם טבעי 60 ג 24 יח,"שטראוס פריטו ליי בע""",IL,ציטוס פופקורן בטעם ט,גרמים,60.00,100 גרם,false,,3.90,6.5000,true,1,189513
7290116242378,false,מיני פופ סוכריה על מקל עם כדור 8גר סמי הכבאי,,,מיני פופ סוכריה על מ,גרמים,8.00,100 גרם,false,,10.90,136.2500,true,1,232980
7290116242415,false,מיני פופ סוכריה על מקל עם כדור 8גר מפרץ הרפתקאות,,CN,מיני פופ סוכריה על מ,גרמים,8.00,100 גרם,false,,10.90,136.2500,true,1,232983
7290116243986,false,אצבעות שוקולד ממולא בקרם חלב עם מדבקות 50 גרם - ברבי,,UA,אצבעות שוקולד ממולא,גרמים,50.00,100 גרם,false,,4.90,9.8000,true,1,269056
7290116243993,false,אצבעות שוקולד ממולא,,UA,אצבעות שוקולד ממולא,גרמים,50.00,100 גרם,false,,4.90,9.8000,true,1,269057
7290116244006,false,אצבעות שוקולד ממולא בקרם חלב עם מדבקות 50 גרם - מפרץ הרפתקאות,,UA,אצבעות שוקולד ממולא,גרמים,50.00,100 גרם,false,,4.90,9.8000,true,1,269071
7290116244051,false,אצבעות שוקולד חלב 84 גרם LOL,,NL,אצבעות שוקולד חלב 84,גרמים,84.00,100 גרם,false,,7.90,9.4048,true,1,232034
7290116244068,false,אצבעות שוקולד חלב 84 גר'-כוח פי גיי,,NL,אצבעות שוקולד חלב כו,גרמים,84.00,100 גרם,false,,7.90,9.4048,true,1,232035
7290116244082,false,מפרץ הרפתקאות אצבעות שוקולד חלב 84 גרם,,NL,אצבעות שוקולד חלב מפ,גרמים,84.00,100 גרם,false,,7.90,9.4048,true,1,232037
7290116531762,false,בדין - דפים למייבש כביסה ורוד 40 יחידות,,US,בדין דפי מייבש ורוד,יחידה,0.00,יחידה,false,,16.90,0.0000,true,1,219251
7290116532462,false,גלידת שמנת קליק בטעמי שוקולד בננה 384 ג' שטראוס,"גלידת שטראוס בע""מ, ר",IL,גלידת שמנת קליק בטעם,מיליליטרים,520.00,"100 מ""ל",false,,17.90,3.4423,true,1,274422
7290116532479,false,קליק גלידת שמנת בטעמי שוקולד לבן עוגיות 384 ג' שטראוס,"גלידת שטראוס בע""מ, ר",IL,קליק גלידת שמנת בטעם,מיליליטרים,520.00,"100 מ""ל",false,,17.90,3.4423,true,1,274436
7290116533216,false,"קנור מרק תיבול ירקות 235 מ""ל",,IL,מרק ירקות 100% רכיבי,גרמים,235.00,100 גרם,false,,20.90,8.8936,true,1,313382
7290116930015,false,חטיף חלבון GO קרמל חמאת בוטנים קריספי 20 גרם,תנובה,IL,חטיף חלבון בטעם קרמל,גרמים,60.00,100 גרם,false,,14.90,24.8333,true,1,243664
7290116930022,false,חטיף חלבון GO קרם עוגיות ציפוי קריספי 20 גרם,תנובה,IL,חטיף חלבון בטעם קרם,גרמים,60.00,100 גרם,false,,14.90,24.8333,true,1,251438
7290117380154,false,"מאסטר שף רוטב אסיאתי עם סויה 260 מ""ל",Remia CV,NL,רוטב אסיאתי עם סויה,מיליליטרים,264.00,"100 מ""ל",false,,10.90,4.1288,true,1,257975
7290117380864,false,עוגות בראוניס אישיות בטעם שוקולד 120 ג' סלים דליס פייבר,הלמה הלום,NL,סלים דליס פייבר - עו,גרמים,120.00,100 גרם,false,,10.90,9.0833,true,1,271375
7290117383711,false,"מארז זוג תחליב רחצה חלב ודבש *750 מ""ל פלמוליב",,TR,פלמוליב חלב ודבש 750,ליטרים,1500.00,100 ליטר,false,,30.00,2.0000,true,1,318129
7290117760819,false,כפפות נטריל ללא אבקה 100 יח' S,,,כפפות ניטריל כחולות,יחידה,0.00,יחידה,false,,24.90,0.0000,true,1,317381
7290117760833,false,כפפות ניטריל ללא אבקה 100יח L,,,כפפות ניטריל כחולות,יחידה,0.00,יחידה,false,,24.90,0.0000,true,1,317383
7290117760840,false,כפפות נטריל ללא אבקה 100 יח' XL,,,כפפות ניטריל כחולות,יחידה,0.00,יחידה,false,,24.90,0.0000,true,1,317384
7290117821381,false,ביצת הפתעה פלסטיק עם סוכריות קשות 10 גרם קפיץ,שמחה,IL,ביצת הפתעה פלסטיק עם,גרמים,10.00,100 גרם,false,,5.90,59.0000,true,1,279617
7290117821404,false,ביצת הפתעה פלסטיק עם סוכריות קשות 10 גרם בצק,שמחה,IL,ביצת הפתעה פלסטיק עם,גרמים,10.00,100 גרם,false,,5.90,59.0000,true,1,279619
7290117823798,false,בדיקה עצמית מהירה לזיהוי אנטיגן 5 יח,,CN,בדיקה עצמית מהירה לז,יחידה,0.00,יחידה,false,,39.90,0.0000,true,1,225935
7290117829615,false,צמר גפן מתוק בדלי 50,,,צמר גפן מתוק בדלי 50,גרמים,50.00,100 גרם,false,,10.00,20.0000,true,1,322768
7290117860045,false,"הוואי - שמפו מטפח לשיער רגיל 700 מ""ל",,,שמפו מטפח לשיער רגיל,מיליליטרים,700.00,"100 מ""ל",false,,14.90,2.1286,true,1,315382
7290117860144,false,"הוואי - שמפו למניעת קשקשים 700 מ""ל",,,שמפו נגד קשקשים הווא,מיליליטרים,700.00,"100 מ""ל",false,,14.90,2.1286,true,1,315384
7290117860748,false,"הוואי שמפו מעניק נפח, 700 מ""ל",,,שמפו מעניק נפח הוואי,מיליליטרים,700.00,"100 מ""ל",false,,14.90,2.1286,true,1,320431
7290118420071,false,במבה ביסלי ברביקיו מיקס 80ג' אסם,"אסם השקעות בע""מ",IL,במבה ביסלי ברביקיו מ,גרמים,80.00,100 גרם,false,,4.50,5.6250,true,1,309892
7290118420378,false,אסם פתי בר פינוקים תותים ושמנת 220 גרם,דר גררד,IL,פתי בר פינוקים תותים,גרמים,220.00,100 גרם,false,,11.90,5.4091,true,1,310147
7290118420514,false,אסם אינסטנט פודינג נוגט 75 גרם,"אסם השקעות בע""מ",IL,אינסטנט פודינג נוגט,גרמים,80.00,100 גרם,false,,5.90,7.3750,true,1,307916
7296102521779,false,סט 4 קופסאות פלסטיק,,,סט 4 קופסאות פלסטיק,יחידה,0.00,יחידה,false,,19.90,0.0000,true,1,202309
7296102831540,false,סט 4 קערות מילאנו 13,,,סט 4 קערות מילאנו 13,יחידה,0.00,יחידה,false,,15.00,0.0000,true,1,224503
7296102831557,false,סט 4 צלחות עמוקות תמ,,,סט 4 צלחות עמוקות תמ,יחידה,0.00,יחידה,false,,15.00,0.0000,true,1,224517
7296102831571,false,סט 4 כוסות לשתיה,,,סט 4 כוסות לשתיה,יחידה,0.00,יחידה,false,,15.00,0.0000,true,1,224489
7297028161575,false,קרסוליות גבר (10 ) לבן/שחור/מעורב,,,עשיריית גרבי גרב,יחידה,0.00,יחידה,false,,29.90,0.0000,true,1,187142
7297028161582,false,קרסוליות נשים (10 )שחור/לבן/מעורב,,,עשיריית גרבי נשים,יחידה,0.00,יחידה,false,,29.90,0.0000,true,1,187143
7297029069191,false,גרבי גבר שלישייה,,,גרבי גבר שלישייה,יחידה,0.00,יחידה,false,,9.90,0.0000,true,1,338721
7297029069337,false,גרבי נשים שלישייה שח,,,גרבי נשים שלישייה שח,יחידה,0.00,יחידה,false,,9.90,0.0000,true,1,338722
7297292000426,false,בדי טהרה בדית 18 יח',,,בדי טהרה בדית 18 יח',יחידה,0.00,יחידה,false,,5.90,0.0000,true,1,11995
7297478004712,false,גופייה לבנה לגבר,,,גופייה לבנה לגבר,יחידה,0.00,יחידה,false,,14.90,0.0000,true,1,196414
7297488098282,false,אבקת מרק בטעם עוף 500 גרם,אף.סי. תבליני הגליל,IL,דגש אבקת מרק בטעם עו,גרמים,500.00,100 גרם,false,,19.90,3.9800,true,1,106248
7394376616778,false,"אוטלי משקה שיבולת שועל להקצפה בריסטה , 1 ל'",,SE,משקה שיבולת שועל להק,ליטרים,1.00,ליטר,false,,17.90,17.9000,true,1,80333
7450014901344,false,נעלי בית חורף נשים צ,,,נעלי בית חורף נשים צ,יחידה,0.00,יחידה,false,,39.90,0.0000,true,1,333084
7501013122190,false,ג'ומקס משקה תפוחים קרטונית 1 ליטר,חומקס קומר קומרסאליז,MX,ג'ומקס משקה תפוחים ק,ליטרים,1.00,ליטר,false,,10.50,10.5000,true,1,39402
7501013138184,false,משקה יוניקו פרסקו חמוציות קרטונית 1 ליטר,חומקס קומר קומרסאליז,MX,יוניקו פרסקו משקה חמ,ליטרים,1.00,ליטר,false,,11.50,11.5000,true,1,39410
7501064191398,false,"שישיית בירה קורונה 355 מ""ל בקבוק",קריניציה ויטמינה אס,MX,קורונה מארז שישיה 6*,ליטרים,2.13,ליטר,false,,38.90,18.2629,true,1,29625
7503024460681,false,"שישיית בירה קורונה אקסטרה 355 מ""ל בקבוק",,,שישיית בירה קורונה 3,ליטרים,2.13,ליטר,false,,35.90,16.8545,true,1,331904
7509546061160,false,קולגייט משחת שיניים לילדים מיניונים 75 מל,CP UK,MX,משחת שיניים קולגייט,מיליליטרים,75.00,"100 מ""ל",false,,15.90,21.2000,true,1,260492
7509546061672,false,ספיד סטיק אקסטרים סטיק 50 גר,CP UK,US,דאודורנט ספיד סטיק,גרמים,50.00,100 גרם,false,,19.90,39.8000,true,1,307025
7613030979647,false,דגני בוקר טריקס פירות עולם היורה 480 ג',ג'נרל מילס סאן אדריא,IL,דגני בוקר טריקס 480,גרמים,480.00,100 גרם,false,,27.90,5.8125,true,1,19443
7613032045753,false,פיטנס - דגני בוקר שוקולד 375 גרם,הנסיך- מפעל לייצור ט,FR,דגני פיטנס שוקולד נס,גרמים,375.00,100 גרם,false,,21.90,5.8400,true,1,19449
7613033548192,false,פיטנס - דגני בוקר שוקולד מריר 375 גרם,הנסיך- מפעל לייצור ט,FR,דגני בוקר פיטנס שוקו,גרמים,375.00,100 גרם,false,,21.90,5.8400,true,1,19466
7613035548374,false,גולדן מיניס מלחמת הכוכבים 570 גרם,סי. פי. צרפת,FR,דגני בוקר גולדן מיני,גרמים,570.00,100 גרם,false,,27.90,4.8947,true,1,19491
7613035807778,false,פרפקטו רוטב עגבניות לבולונז 400 ג' אסם,נסטלה ספרד,ES,פרפקטו רוטב עגבניות,גרמים,400.00,100 גרם,false,,9.90,2.4750,true,1,19498
7613036105545,false,דוגלי בטעם בקר גזע ק,פורינה,HU,דוגלי בטעם בקר גזע ק,קילוגרמים,3.00,"ק""ג",false,,49.90,16.6333,true,1,19508
7613036105576,false,"דוגלי בוגר עוף 3 ק""ג",פורינה,HU,"דוגלי בוגר עוף 3 ק""ג",קילוגרמים,3.00,"ק""ג",false,,53.90,17.9667,true,1,19509
7613036105606,false,דוגלי בוגר בקר 4*3קג,פורינה,HU,דוגלי בוגר בקר 4*3קג,קילוגרמים,3.00,"ק""ג",false,,53.90,17.9667,true,1,19510
7613036288026,false,"דוגלי גורים 4*3ק""ג",פורינה,HU,דוגלי גורים 4*3קג,קילוגרמים,3.00,"ק""ג",false,,54.90,18.3000,true,1,19517
7613036710879,false,קיט קט ציאנקי מיני 194 גרם,,DE,קיט קט צ'אנקי מיני 1,גרמים,194.00,100 גרם,false,,10.00,5.1546,true,1,42057
7613036880534,false,גרבר מחית ירקות מעורבים מטרנה 190 גר',נסטלה פולסקה אס.איי,PL,גרבר מחית מרק ירקות,גרמים,190.00,100 גרם,false,,5.90,3.1053,true,1,19531
7613037276091,false,נסטלה מיקס מיני אריזות דגני בוקר 200 גרם,SPI SAS,FR,מיקס מיני אריזות דגנ,גרמים,200.00,100 גרם,false,,19.90,9.9500,true,1,19544
7613037686906,false,פיטנס - דגני בוקר שקדים ודבש 355 גרם,הנסיך- מפעל לייצור ט,FR,פיטנס שקדים ודבש נסט,גרמים,355.00,100 גרם,false,,21.90,6.1690,true,1,19545
7613039879382,false,גרבר - מחית תפוחי עץ 190 גרם,,PL,גרבר מחית תפוחי עץ 1,גרמים,190.00,100 גרם,false,,5.90,3.1053,true,1,165460
7613039880807,false,גרבר מחית תפוח גזר 190 גרם,,PL,גרבר מחית תפוח גזר 1,גרמים,190.00,100 גרם,false,,5.90,3.1053,true,1,203482
7613287121783,false,סמארטיס מיני 16*187 גרם,,DE,סמרטיס מיני 187 גרם,גרמים,187.00,100 גרם,false,,10.00,5.3476,true,1,275531
7613287302373,false,קפסולות סטארבקס איטלאן סטייל רוסט 57*10גר',,CH,קפסולות סטארבקס איטל,גרמים,56.00,100 גרם,false,,22.90,40.8929,true,1,140990
7613287325808,false,אוסם - דיפ אנד ספרד מטבל איולי שום 295 גרם,נסטלה פולין,PL,רוטב איולי שום לחיץ,גרמים,295.00,100 גרם,false,,14.90,5.0508,true,1,198348
7613287325853,false,אוסם - דיפ אנד ספרד מטבל איולי ספייסי 295 גרם,נסטלה פולין,PL,רוטב ספייסי איולי לח,גרמים,295.00,100 גרם,false,,14.90,5.0508,true,1,198350
7613287394323,false,אסם מולטי צ'יריוס 14*600 גרם 2021,CPU,GB,מולטי צ'יריוס 100% ד,גרמים,600.00,100 גרם,false,,22.90,3.8167,true,1,154603
7613287476494,false,אוסם - דיפ אנד ספרד מיונז בסגנון צרפתי 280 גרם,נסטלה פולין,PL,מיונז לחיץ אסם 280 ג,גרמים,280.00,100 גרם,false,,14.90,5.3214,true,1,198334
7622010001858,false,אוראו ממולאות קרם וניל באטמן 176 גרם,פי אר ג'יי אס אי מנד,UA,עוגיות אוראו סנדביץ,גרמים,176.00,100 גרם,false,,8.90,5.0568,true,1,5117
7622201798154,false,גבינת פילדלפיה שמנת לייט 150 גרם,,,פילדלפיה גבינת שמנת,גרמים,150.00,100 גרם,false,,16.90,11.2667,true,1,189979
7622201801809,false,מילקה- שוק' חלב עם אגוזים 100 גר' חדש,מנדלז דויצ'לנד סנקס,DE,מילקה שוקוד חלב עם א,גרמים,100.00,100 גרם,false,,6.90,6.9000,true,1,167517
7622201802394,false,שוקולד מילקה חלב מסרונים 100 גרם,מנדלז דויצ'לנד סנקס,DE,מילקה שוקולד חלב 100,גרמים,100.00,100 גרם,false,,6.90,6.9000,true,1,167503
7622201808631,false,אוראו מיני כוסות בטעם וניל 67 גרם,פי.טי. מונדלז אינדונ,ID,אוראו מיני כוסות בטע,גרמים,67.00,100 גרם,false,,9.90,14.7761,true,1,172803
7622210137234,false,עוגיות אוראו עם דאבל קרים וניל 170 גר,,,עוגיות סנדביץ אוראו,גרמים,170.00,100 גרם,false,,8.90,5.2353,true,1,5121
7622210453327,false,עוגיות מילקה סנסיישן 156 גרם,מנדלז פולסקה פרודקשן,PL,מילקה סנסיישן 156 גר,גרמים,156.00,100 גרם,false,,13.90,8.9103,true,1,5125
7622210464729,false,"עוגיות אוראו גולדן, 154 גרם",,UA,עוגיות אוראו גולדן 1,גרמים,154.00,100 גרם,false,,7.90,5.1299,true,1,5127
7622300503079,false,מילקה מוו - ביסקוויט מצופה שוקולד חלב 200 ג',מונדלז פולסקה פרודקש,PL,מילקה מוו - ביסקוויט,גרמים,200.00,100 גרם,false,,13.90,6.9500,true,1,5154
7622300617820,false,שוקלד מילקה טבלת חלב אוראו 100ג',מנדלז דויצ'לנד סנקס,DE,מילקה שוקולד אוראו 1,גרמים,100.00,100 גרם,false,,6.90,6.9000,true,1,5155
7638900248357,false,סוללות אנרג'ייזר ליתיום 2032זוג ריפרש,,,אנרג'ייזר סוללות 203,יחידה,0.00,יחידה,false,,19.90,0.0000,true,1,6079
7702174066631,false,לקקן יוגטה פין פופ במילוי מסטיק 170 גר,הדקלאים אגודת שיתופי,CO,יוגטה פינפופ לקקן 10,גרמים,180.00,100 גרם,false,,10.90,6.0556,true,1,42060
7702174068826,false,לקקן יוגטה בטעם פירות 12 יח 204 גרם,אלדור,CO,יוגטה לקקן חדש 12יח,גרמים,216.00,100 גרם,false,,10.90,5.0463,true,1,42063
7790040420076,false,בון בון אלפחורס 117 גרם,,,אלפחורס עוגיות סנדבי,גרמים,117.00,100 גרם,false,,8.90,7.6068,true,1,106911
7790040423022,false,חטיף בון בון אלפחורס 19.50 גרם,,AR,בון בון סנדוויץ אלפח,גרמים,19.50,100 גרם,false,,1.90,9.7436,true,1,264296
7790580014216,false,בון בון חטיף שוקולד מצופה וממולא 27ג',,,בון בון חטיף שוק ממו,גרמים,27.00,100 גרם,false,,2.00,7.4074,true,1,13301
7790580279158,false,וופל בון בון 30 גרם,,,וופל בון בון 30 גרם,גרמים,30.00,100 גרם,false,,2.00,6.6667,true,1,13304
7790580315979,false,סוכריות ממולאות טעם פירות 470ג' מהדרין,,,סוכריות ממולאות פירו,גרמים,470.00,100 גרם,false,,14.50,3.0851,true,1,13307
7790580315986,false,סוכריות ממולאות תות 453ג' מהדרין,,AR,סוכריות ממולאות תות,גרמים,470.00,100 גרם,false,,14.50,3.0851,true,1,13308
7790580412654,false,בון בון צהוב 270 גרם,,,בון בון צהוב 270 גרם,גרמים,270.00,100 גרם,false,,16.90,6.2593,true,1,13317
7790580419738,false,ביצי שוקולד בון בון 156 גרם,,,ביצי שוקולד בון בון,גרמים,156.00,100 גרם,false,,12.90,8.2692,true,1,120541
7790580421663,false,שוקולד בון בון ריבת חלב 288 גרם,,,בון בון ריבת חלב וקר,גרמים,288.00,100 גרם,false,,19.90,6.9097,true,1,299527
7800601801005,false,פלסטרים מיקס בצבע עור 100יח,,,פלסטרים 100 יח' - לי,יחידה,0.00,יחידה,false,,7.90,0.0000,true,1,97737
7800601801098,false,נר הבדלה דקורטיבי פמוט,,,נר הבדלה דקורטיבי פמ,יחידה,0.00,יחידה,false,,15.90,0.0000,true,1,13326
7800601801104,false,נר הבדלה פירמידה דקורטיבי,,,נר הבדלה פירמידה דקו,יחידה,0.00,יחידה,false,,15.90,0.0000,true,1,13327
7800601801159,false,סביבון מכני אורות ברשת,,,סביבון מכני אורות בר,יחידה,0.00,יחידה,false,,9.90,0.0000,true,1,13329
7800601801173,false,"רשת למנגל 24*20 ס""מ",,,"רשת למנגל 24*20 ס""מ",יחידה,0.00,יחידה,false,,12.90,0.0000,true,1,90704
7800601801180,false,"רשת למנגל 34*22 ס""מ",,,"רשת למנגל 34*22 ס""מ",יחידה,0.00,יחידה,false,,14.90,0.0000,true,1,90705
7891024027998,false,קולגייט מי פה טוטל כחול פפרמינט 500 מל,,,קולגייט מי פה טוטל ס,מיליליטרים,500.00,"100 מ""ל",false,,30.90,6.1800,true,1,275920
7892021529010,false,בלוני יצירה 20 יחידות+ משאבה,,,בלוני ניפוח יצירה +,יחידה,0.00,יחידה,false,,9.90,0.0000,true,1,220630
7897654496197,true,חנוכייה מתכת,,,חנוכייה מתכת,יחידה,0.00,יחידה,false,,19.90,0.0000,true,1,192914
8000215204370,false,ויטריז לבישול תחל. שמנת צמחי אורגני 200,ויטריז,IT,ויטריז לבישול - תחלי,מיליליטרים,200.00,"100 מ""ל",false,,6.40,3.2000,true,1,106264
8000215204561,false,VITASI משקה שקדים אורגני 1 ליטר,בטר אנד דיפרנט,IT,משקה שקדים 1 ליטר,ליטרים,1.00,ליטר,false,,16.90,16.9000,true,1,106281
8000215204714,false,משקה שיבולת שועל אורגני 1 ליטר PRIMAVENA,בטר אנד דיפרנט,IT,משקה שיבולת שועל אור,ליטרים,1.00,ליטר,false,,14.90,14.9000,true,1,106282
8000380187119,false,עוגיות במילוי קרם אגוזי לוז לואקר 100 גר,לואקר,AT,עוגיות לואקר אגוזי ל,גרמים,100.00,100 גרם,false,,13.90,13.9000,true,1,102991
8000380192243,false,וופלים לואקר מקסי בטעם אגוז 200 גר',,,וופל לואקר מקסי אגוז,גרמים,200.00,100 גרם,false,,13.90,6.9500,true,1,12891
8000380206896,false,וופל לואקר גרדנה חמאת בוטנים 200 גר,,IT,לואקר גרדנה חמאת בוט,גרמים,200.00,100 גרם,false,,13.50,6.7500,true,1,276929
8000380207183,false,שוקולד לואקר טורטינה חמאת בוטנים 126 גר,,IT,טורטינה 1/6 חמאת בוט,גרמים,126.00,100 גרם,false,,15.90,12.6190,true,1,275779
8000500029350,false,קינדר בואנו חטיף מארז שלישייה 129ג',פררו,IT,קינדר בואנו 3*43 גרם,גרמים,129.00,100 גרם,false,,10.90,8.4496,true,1,41451
8000500121436,false,קינדר בואנו לבן חטיף מארז שלישייה 129ג',פררו,IT,קינדר בואנו לבן 3*43,גרמים,117.00,100 גרם,false,,10.90,9.3162,true,1,41460
8000500256213,false,קינדר שוקולד מיני 120 גרם,קדבורי,IT,פרר-קינדר שוקולד מינ,גרמים,120.00,100 גרם,false,,11.90,9.9167,true,1,41485
8000500269169,false,קינדר קארדס חמישייה 128 גרם,פררו,IT,קינדר קארדס 128 גרם,גרמים,128.00,100 גרם,false,,12.90,10.0781,true,1,112397
8000798000925,false,מטאטא רך שיער איטלקי עבה,,,מטאטא יהלום,יחידה,0.00,יחידה,false,,12.90,0.0000,true,1,13593
8001090222879,false,"הרבל אסנסס - מרכך שיקום שמן ארגן 400 מ""ל",,FR,מרכך שיקום שמן ארגן,מיליליטרים,400.00,"100 מ""ל",false,,14.90,3.7250,true,1,27396
8001090375285,false,"מרכך מרוכז למגע רך כמשי 200 מ""ל פנטן",,,פנטן מרכך מרוכז 200,מיליליטרים,200.00,"100 מ""ל",false,,21.90,10.9500,true,1,27407
8001090540577,false,"מי פה אורל בי להלבנה 500 מ""ל",,DE,אורל בי 3D WHITE מי,מיליליטרים,500.00,"100 מ""ל",false,,24.90,4.9800,true,1,165795
8001090832856,false,"קונדישנר פנטן מרוקאי משקם 660 מ""ל",,,מרכך שמן מרוקאי משקם,מיליליטרים,660.00,"100 מ""ל",false,,19.90,3.0152,true,1,67410
8001090891273,false,לנור כדוריות הבושם בניחוח סחלב 210 ג',פרוקטר אנד גמבל,US,לנור כדוריות הבושם ב,גרמים,210.00,100 גרם,false,,30.90,14.7143,true,1,99931
8001090899194,false,תחבושות אולוויז פלטינום נורמל 24 יח',,DE,תחבושות פלטינום נורמ,יחידה,0.00,יחידה,false,,19.90,0.0000,true,1,27477
8001440118944,false,שלישיית עגבניות פולפה *400 ג' צ'יריו,,IT,שלישיית עגבניות פולפ,גרמים,1200.00,100 גרם,false,,16.90,1.4083,true,1,340418
8001620011935,false,"שישיית סאן בנדטו מוגז עדין 500 מ""ל",אקווה מינרלה סאן בנד,IT,סאן בנדטו מוגז 6*500,ליטרים,3.00,ליטר,false,,13.90,4.6333,true,1,9549
8001841006710,false,לנור כדוריות הבושם בניחוח רענן 210 ג',,GB,לנור כדוריות הבושם ב,גרמים,210.00,100 גרם,false,,30.90,14.7143,true,1,99932
8001841137179,false,קונדישינר הד&שולדרס הנוסחה הקלאסית 275מל,פרוקטר אנד גמבל,RO,מרכך הנוסחה הקלאסית,מיליליטרים,275.00,"100 מ""ל",false,,16.90,6.1455,true,1,27501
8001841137216,false,"קונדישנר למגע רך כמשי הד אנד שולדרס 275 מ""ל",,RO,מרכך למגע רך כמשי הד,מיליליטרים,275.00,"100 מ""ל",false,,16.90,6.1455,true,1,27502
8001841470252,false,נוזל ניקוי כלים פייר,,,נוזל ניקוי כלים פייר,מיליליטרים,500.00,"100 מ""ל",false,,9.90,1.9800,true,1,324865
8001841470290,false,נוזל ניקוי כלים פייר,,,נוזל ניקוי כלים פייר,מיליליטרים,750.00,"100 מ""ל",false,,13.90,1.8533,true,1,324820
8001841566771,false,לנור כדוריות הבושם בניחוח יסמין 210 ג',,GB,לנור כדוריות הבושם ב,גרמים,210.00,100 גרם,false,,30.90,14.7143,true,1,99933
8001841625188,false,"נוזל כלים פיירי פלטינום לימון 515 מ""ל",פרוקטר אנד גמבל,GB,פיירי נוזל כלים פלטי,מיליליטרים,515.00,"100 מ""ל",false,,9.90,1.9223,true,1,71988
8001841625362,false,"נוזל כלים בניחוח לימון פלטינום 780 מ""ל פיירי",,GB,פיירי נוזל כלים פלטי,מיליליטרים,780.00,"100 מ""ל",false,,12.90,1.6538,true,1,261086
8001841664866,false,"פנטן - שמפו סופר פוד 400 מ""ל",,,"שמפו פאנטן 400 מ""ל",מיליליטרים,400.00,"100 מ""ל",false,,14.90,3.7250,true,1,338927
8001841664903,false,"שמפו פאנטן 400 מ""ל",,,"שמפו פאנטן 400 מ""ל",מיליליטרים,400.00,"100 מ""ל",false,,14.90,3.7250,true,1,338928
8001841665498,false,"שמפו פאנטן 400 מ""ל",,,"שמפו פאנטן 400 מ""ל",מיליליטרים,400.00,"100 מ""ל",false,,14.90,3.7250,true,1,338930
8001841667508,false,שמפו וקונדישינר 2ב1 head&shoulders,,,שמפו הד ושולדרס קלאס,מיליליטרים,400.00,"100 מ""ל",false,,14.90,3.7250,true,1,132741
8002205319835,false,פורינה ONE חתול בוגר סלמון 800 גרם,נסטלה פורינה צרפת,FR,פורינה ONE חתול בוגר,גרמים,800.00,100 גרם,false,,46.90,5.8625,true,1,19554
8002267016475,false,ביצת שוקולד הפתעה בוב הבנאי שלישייה 60 ג,מולינו ניקולי s.p.a,IT,צ'וקטה ביצת הפתעה בו,יח',60.00,יח',false,,11.90,0.1983,true,1,42091
8003130129506,false,חטיף ציפס 50 גרם CL,,,חטיף ציפס 50 גרם CL,גרמים,50.00,100 גרם,false,,5.90,11.8000,true,1,278352
8003130129544,false,חטיף ציפס 50 גרם,,,חטיף ציפס 50 גרם,גרמים,50.00,100 גרם,false,,5.90,11.8000,true,1,278353
8003477500044,false,"פרימלוצ'י ספגטי מ""ס",,,"פרימלוצ'י ספגטי מ""ס",גרמים,500.00,100 גרם,false,,5.90,1.1800,true,1,304807
8003477500051,false,"פרימלוצ'י ספגטי מ""ס",,,"פרימלוצ'י ספגטי מ""ס",גרמים,500.00,100 גרם,false,,5.90,1.1800,true,1,304808
8003477500327,false,פרימלוצ'י קורנטי 500,,,פרימלוצ'י קורנטי 500,גרמים,500.00,100 גרם,false,,5.90,1.1800,true,1,304809
8003477500365,false,פרימלוצ'י קונקילייה,,,פרימלוצ'י קונקילייה,גרמים,500.00,100 גרם,false,,5.90,1.1800,true,1,304810
8004030344938,false,טונה בשמן זית ריו מרה שלישיה * 80 ג',"בולטון אלימנטרי בע""מ",IT,טונה בשמן זית ריו מר,גרמים,240.00,100 גרם,false,,28.90,12.0417,true,1,21884
8005200256587,false,משקה תה בטעם אפרסק 1.5ל' NESTEA,מפעל סאנפלגרינו S.P.,IT,נסטי אפרסק 1.5 ליטר,ליטרים,1.50,ליטר,false,,8.90,5.9333,true,1,197529
8005200286584,false,משקה תה בטעם מנגו אננס 1.5 ל' NESTEA,מפעל סאנפלגרינו S.P.,IT,נסטי מנגו אננס 1.5 ל,ליטרים,1.50,ליטר,false,,8.90,5.9333,true,1,197530
8005803010357,false,גריסיני קלאסי עם שמן זית ומלח 125 גר,"אינסטנטה בע""מ",IT,גריסיני בטעם קלאסי 1,גרמים,125.00,100 גרם,false,,8.50,6.8000,true,1,12898
8006540106709,false,אולוויז - מגן תחתון נורמל 58 יח',,,מגן תחתון מגה פק נור,יחידה,0.00,יחידה,false,,17.90,0.0000,true,1,323199
8006540112823,false,"לנור מרכך כביסה מרוכז בניחוח האוקיינוס 900 מ""ל",פרוקטר אנד גמבל,FR,לנור מרכך מרוכז בניח,מיליליטרים,900.00,"100 מ""ל",false,,15.90,1.7667,true,1,150269
8006540491539,false,"נוזל כלים פיירי פלטינום אוריגינל 780 מ""ל",,GB,פיירי נוזל כלים פלטי,מיליליטרים,780.00,"100 מ""ל",false,,12.90,1.6538,true,1,261042
8006540495216,false,"לנור מרכך כביסה מרוכז בניחוח אמאטיסט 900 מ""ל",,,לנור מרכך מרוכז בניח,מיליליטרים,900.00,"100 מ""ל",false,,15.90,1.7667,true,1,275991
8006540495247,false,"לנור מרכך כביסה מרוכז ורוד""פרח בר"" 900 מ""ל",,,לנור מרכך מרוכז בניח,מיליליטרים,900.00,"100 מ""ל",false,,15.90,1.7667,true,1,323955
8006540628737,false,שמפו הד שולדרס קלאסי,,,שמפו הד שולדרס קלאסי,מיליליטרים,350.00,"100 מ""ל",false,,16.90,4.8286,true,1,299470
8006540690260,false,"שמפו פאנטן 400 מ""ל",,,"שמפו פאנטן 400 מ""ל",מיליליטרים,400.00,"100 מ""ל",false,,14.90,3.7250,true,1,338936
8008660210052,false,מעדן ריבה מנץ אנד גאססר תפוז 320 גר,,,מעדן פרי תפוז 300 גר,גרמים,300.00,100 גרם,false,,16.90,5.6333,true,1,24850
8008857310343,false,"פסטה רג'ייה 1 ק""ג",,,"פסטה רג'ייה 1 ק""ג",קילוגרמים,1.00,"ק""ג",false,,10.00,10.0000,true,1,267298
8023788030665,false,עוגיות מלוחות בטעם ב,,,עוגיות מלוחות בטעם ב,גרמים,400.00,100 גרם,false,,12.90,3.2250,true,1,314633
8023788030672,false,עוגיות מלוחות בתוספת,,,עוגיות מלוחות בתוספת,גרמים,400.00,100 גרם,false,,12.90,3.2250,true,1,314634
8024985008037,false,סמוזי נטורה נובה סמוצי תפוח 100 גרם,"נטורפוד בע""מ",IT,נטורה נובה - סמוזי ת,גרמים,100.00,100 גרם,false,,5.90,5.9000,true,1,106490
8076800105056,false,"ברילה ספגטי 1 ק""ג קופסה",,IT,פסטה ספגטי בקופסה בר,קילוגרמים,1.00,"ק""ג",false,,12.90,12.9000,true,1,286799
8076800195057,false,ברילה - צ.א ספגטי מס5 חדש 500 גרם,ברילה גי.אי.אר פרטלי,IT,ספגטיני מס' 5 ברילה,גרמים,500.00,100 גרם,false,,6.90,1.3800,true,1,21894
8076808060654,false,ברילה - צ.ק פרפלה חדש 500 גרם,ברילה גי.אי.אר פרטלי,IT,פסטה פרפלה 65 ברילה,גרמים,500.00,100 גרם,false,,6.90,1.3800,true,1,21904
8076808150072,false,ברילה - צ.א ספגטוני מס7 חדש 500 גרם,ברילה גי.אי.אר פרטלי,IT,ספגטי מס' 7 ברילה 50,גרמים,500.00,100 גרם,false,,6.90,1.3800,true,1,21906
8076809512268,false,ברילה - צ.ק גירנדולה חדש 500 גרם,ברילה גי.אי.אר פרטלי,IT,פסטה גירנדולה מס' 34,גרמים,500.00,100 גרם,false,,6.90,1.3800,true,1,21908
8076809513654,false,בסיס רוטב עגבניות לבולונז 400 גרם ברילה,ברילה גי.אי.אר פרטלי,IT,ברילה רוטב עגבניות ל,גרמים,400.00,100 גרם,false,,14.90,3.7250,true,1,21912
8076809513739,false,רוטב פסטה ברילה בזיליקום 400 ג',ברילה גי.אי.אר פרטלי,IT,ברילה רוטב בזיליקום,גרמים,400.00,100 גרם,false,,14.90,3.7250,true,1,21915
8121300207004,false,טרוביה - סטיביה ממתיק בצנצנת 270 גרם,,US,טרוביה - סטיביה ממתי,גרמים,270.00,100 גרם,false,,33.90,12.5556,true,1,113266
8358110076302,false,כסות פלסטיק קר 40יח',"איטיליאן פוד, אס.פי.",IL,'כוסות לחיים 40 יח,יחידה,0.00,יחידה,false,,8.90,0.0000,true,1,7884
8410076600622,false,חטיף נייטשר וואלי חטיף שבבי שוקולד מריר 42X5ג',ג'נרל מילס סאן אדריא,ES,חטיף קראנצי שבבי שוק,גרמים,210.00,100 גרם,false,,19.50,9.2857,true,1,12911
8410104045111,false,"פיניש מלח למדיח כלים 2ק""ג",פ.פ.ח. שאביט,IL,"פיניש מלח למדיח 2 ק""",קילוגרמים,2.00,"ק""ג",false,,14.90,7.4500,true,1,21094
8423207206488,false,חטיף דגנים מלאים מצופה שוקולד חלב 120 גר,אף.סי תבליני בגליל ב,ES,סלים דליס חטיף דגנים,גרמים,120.00,100 גרם,false,,10.90,9.0833,true,1,21944
8423207207362,false,חטיף דגנים סלים דליס שוקולד לבן 120 גר,ביסנצ'ורי אס.אל.יו,ES,סלים דליס חטיף דגנים,גרמים,120.00,100 גרם,false,,10.90,9.0833,true,1,21948
8423207208697,false,מרבה סלים דליס לילדים עם שוקולד לבן חדש,ביסנצ'ורי אס.אל.יו,ES,סלים דליס קידס עוגיו,גרמים,120.00,100 גרם,false,,10.90,9.0833,true,1,21953
8423207208888,false,פריכיות תירס בטעם עגבניות ועשבי תיבול סלים דליס 123 ג',,,פריכיות תירס בטעם עג,גרמים,123.00,100 גרם,false,,9.90,8.0488,true,1,3698
8435495805199,false,"תינוקלין אבקת כביסה 3 ק""ג",מולינו ניקולי s.p.a,TR,אבקת כביסה תינוקלין,קילוגרמים,3.00,"ק""ג",false,,40.90,13.6333,true,1,42097
8435495805229,false,אבקת כביסה ביומט 8 ק,,,אבקת כביסה ביומט 8 ק,קילוגרמים,8.00,"ק""ג",false,,45.90,5.7375,true,1,42098
8435495807636,false,ג'ל כביסה היפואלרגני 2 ל' תינוקלין,בלו סאן,TR,תינוקלין ג'ל כביסה 2,ליטרים,2.00,ליטר,false,,35.90,17.9500,true,1,42101
8435495819363,false,תינוקלין - מרכך כביסה פרש & ג'נטל 1 ליטר,,,תינוקלין מרכך כביסה,ליטרים,1.00,ליטר,false,,19.90,19.9000,true,1,179206
8436575292205,false,ארטיק חמשושים מאגדת 15*12 גר',שוורצקוף& הנקל דיסלד,IL,מאגדת חמשושים אננס מ,גרמים,180.00,100 גרם,false,,19.90,11.0556,true,1,16246
8437000906209,false,"טורטיה ספרדי קמח 25 ס""מ 325 גרם",,,8 טורטיות חיטה תומר,גרמים,325.00,100 גרם,false,,7.90,2.4308,true,1,25234
8545812009183,false,משחק קובייה,,,משחק קובייה,יחידה,0.00,יחידה,false,,8.90,0.0000,true,1,321177
8606109023715,false,פרוויטה מיץ תפוחי עץ ואפרסקים 750 מל,,RS,מיץ פרוויטה תפוחי עץ,מיליליטרים,750.00,"100 מ""ל",false,,11.30,1.5067,true,1,149154
8646464131359,false,נפנף למנגל,,,נפנף למנגל,יחידה,0.00,יחידה,false,,3.90,0.0000,true,1,90691
8666000501019,false,משחק טטריס,,,משחק טטריס,יחידה,0.00,יחידה,false,,9.90,0.0000,true,1,159446
8681863065362,false,מלח ים עם פלפל שחור 350 ג' ויליפוד,,,מלח ים עם פלפל שחור,גרמים,350.00,100 גרם,false,,24.90,7.1143,true,1,274499
8681863065478,false,מלח מתובל וילי פוד 110 גר,,TR,מלח מתובל 110 גרם SA,גרמים,110.00,100 גרם,false,,14.90,13.5455,true,1,274450
8683130008355,false,מיונז עם שום הלמנס לחיץ 400 גרם,יוניליוור ישראל שיוו,TR,מיונז עם שום הלמנס 4,גרמים,400.00,100 גרם,false,,13.90,3.4750,true,1,309923
8683130025574,false,"מרכך כביסה אקסטרה לבנדר 960 מ""ל בדין",,TR,בדין אקסטרא לבנדר-96,מיליליטרים,960.00,"100 מ""ל",false,,14.90,1.5521,true,1,260274
8683323063024,false,יוגטה שטיחים תותי פרוטי 220 גרם,מוטקה החולב,TR,יוגטה חיספוסים שטיחי,גרמים,220.00,100 גרם,false,,6.90,3.1364,true,1,42108
8686868600037,false,המותג אביזרי שיער,,,המותג אביזרי שיער,יחידה,0.00,יחידה,false,,5.90,0.0000,true,1,74893
8686868600068,false,המותג אביזרי שיער,,,המותג אביזרי שיער,יחידה,0.00,יחידה,false,,8.90,0.0000,true,1,31035
8686868600075,false,המותג אביזרי שיער,,,המותג אביזרי שיער,יחידה,0.00,יחידה,false,,9.90,0.0000,true,1,31036
8686868600105,false,המותג אביזרי שיער,,,המותג אביזרי שיער,יחידה,0.00,יחידה,false,,12.90,0.0000,true,1,31038
8686868600129,false,המותג אביזרי שיער,,,המותג אביזרי שיער,יחידה,0.00,יחידה,false,,14.90,0.0000,true,1,31040
8686868600150,false,המותג אביזרי שיער,,,המותג אביזרי שיער,יחידה,0.00,יחידה,false,,17.90,0.0000,true,1,31041
8690120060408,false,וופלים אגוזי לוז רוי,קוניאק גדוה,TR,וופלים אגוזי לוז רוי,גרמים,35.00,100 גרם,false,,1.90,5.4286,true,1,180925
8690120160405,false,וופל נמבר ואן ירוק 24 יח',,,מארז וופלים רויאל קנ,גרמים,840.00,100 גרם,false,,28.90,3.4405,true,1,174097
8690120559995,false,וופל מצופה שוקולד מריר 35ג'*24 יח' NO1,,,מארז וופלים רויאל קנ,גרמים,840.00,100 גרם,false,,28.90,3.4405,true,1,174098
8690526019178,false,אי טי אי - וופל קקאו במילוי קרם קוקוס 142 גרם,מולינו ניקולי s.p.a,TR,וופל קקאו במילוי קרם,יחידה,0.00,יחידה,false,,7.90,0.0000,true,1,70297
8690637503856,false,ממרח הלמנס לחיץ מופחת שומן 355 גרם,,TR,ממרח הלמנ'ס בקבוק לח,גרמים,355.00,100 גרם,false,,13.90,3.9155,true,1,309925
8690637555084,false,מרכך כביסה בדין אקסטרא פריחת תפוז 960 מל,יוניליוור סנאיי וי ט,TR,בדין אקסטרה לבן 960,מיליליטרים,960.00,"100 מ""ל",false,,14.90,1.5521,true,1,10905
8690637704291,false,דאב שמפו לשיקום יומיומי,יוניליוור טורקיה. אז,TR,"שמפו משקם דאב 600 מ""",מיליליטרים,600.00,"100 מ""ל",false,,16.90,2.8167,true,1,10929
8690637971310,false,"מרכך כביסה אקסטרה בניחוח יערת הדבש 960 מ""ל בדין",יוניליוור סנאיי וי ט,TR,בדין אקסטרא פריחת הת,מיליליטרים,960.00,"100 מ""ל",false,,14.90,1.5521,true,1,108763
8690777206051,false,חצילים קלויים על האש סארה 650 גר',קוראהן פזלרמה וי דיס,TR,חציל קלוי על האש סרה,גרמים,650.00,100 גרם,false,,11.90,1.8308,true,1,3291
8690777221405,false,פלפל אדום קלויים על האש 650 גרם SERA,קוראהן פזלרמה וי דיס,TR,פלפל אדום קלוי על הא,גרמים,650.00,100 גרם,false,,11.90,1.8308,true,1,3293
8690946270074,false,פסטה ספגטי 500 גרם B,,,פסטה ספגטי 500 גרם B,גרמים,500.00,100 גרם,false,,3.90,0.7800,true,1,315993
8690946270111,false,פסטה פוזלי 500 גרם B,,,פסטה פוזלי 500 גרם B,גרמים,500.00,100 גרם,false,,3.90,0.7800,true,1,315994
8690946270241,false,פסטה קונכיות גדולות,,,פסטה קונכיות גדולות,גרמים,500.00,100 גרם,false,,3.90,0.7800,true,1,315995
8690946272207,false,פסטה פנה 500 גרם BAH,,,פסטה פנה 500 גרם BAH,גרמים,500.00,100 גרם,false,,3.90,0.7800,true,1,315996
8690946272320,false,פסטה מקרוני 500 גרם,,,פסטה מקרוני 500 גרם,גרמים,500.00,100 גרם,false,,3.90,0.7800,true,1,315997
8691058141238,false,ערמונים שלמים קלויים וקלופים 100 ג' Avel,,,AVEL ערמונים שלמים ק,גרמים,100.00,100 גרם,false,,4.90,4.9000,true,1,48882
8691459255008,false,תבנית לקרח+מכסה,,,תבנית לקרח+מכסה,יחידה,0.00,יחידה,false,,12.90,0.0000,true,1,274182
8691900174056,false,קוטקס תחבושות אולטרה לילה 16 י',,,תחבושות קוטקס לילה,100 יח',16.00,100 יח',false,,16.90,105.6250,true,1,276382
8693323099107,false,מרשמלו יוגטה לבבות 150 גרם,,,יוגטה מרשמלו לבבות 1,גרמים,150.00,100 גרם,false,,7.90,5.2667,true,1,42146
8697530910743,false,סיגריות פאל מאל כחול קצר מטאליק,BAT,,פאל מאל בלו,יחידה,0.00,יחידה,false,,29.00,0.0000,false,1,4180
8697530910750,false,סיגריות פאל מאל כחול ארוך האוס,BAT,,פאל מאל בלו ארוך,יחידה,0.00,יחידה,false,,29.00,0.0000,false,1,4181
8697975032505,false,"בקבוק ספורט 630 מ""ל",,,"בקבוק ספורט 630 מ""ל",יחידה,0.00,יחידה,false,,24.90,0.0000,true,1,274197
8699237890199,false,צלחות קטנות 7 קרם 2,,,צלחות קטנות 7 קרם 2,יחידה,0.00,יחידה,false,,5.90,0.0000,true,1,7887
8699922115248,false,מגבת גוף לבן,,,מגבת גוף לבן,יחידה,0.00,יחידה,false,,14.90,0.0000,true,1,116569
8710502064814,false,עוגיות מרבה שוקולד ציפס במרקם רך 175 גר,בנקטבקריי מרבה בי.וי,NL,מרבה עוגיות שוקוציפס,גרמים,175.00,100 גרם,false,,9.90,5.6571,true,1,21980
8710502194825,false,מרבה - עוגיות שוקוצ'יפס כשר למהדרין 150 גרם,,NL,מרבה עוגיות שוקולד צ,גרמים,150.00,100 גרם,false,,6.90,4.6000,true,1,21983
8710800961310,false,סוכריות מנטוס תות מארז 37.5X4ג',קדבורי,NL,מנטוס 1/4 תות,גרמים,150.00,100 גרם,false,,10.90,7.2667,true,1,12937
8710847892127,false,בדין כדוריות הבושם צ,,,בדין כדוריות הבושם צ,גרמים,275.00,100 גרם,false,,29.90,10.8727,true,1,10991
8710847898853,false,רקסונה מן ספריי אקסטרא קול 150מל,,,דאו' ספריי אקסטרה קו,מיליליטרים,150.00,"100 מ""ל",false,,13.90,9.2667,true,1,10993
8712400802499,false,נוטרילון מבית נוטרישה 1 800 גר,פרוטרופיק סיה.,NL,נוטרילון שלב 1- 800,גרמים,800.00,100 גרם,false,,64.90,8.1125,true,1,5199
8712400802512,false,נוטרילון מבית נוטרישה 2 800 גר,פרוטרופיק סיה.,NL,נוטרילון שלב 2- 800,גרמים,800.00,100 גרם,false,,64.90,8.1125,true,1,5201
8712400802536,false,נוטרילון מבית נוטרישה 3 800 גר,פרוטרופיק סיה.,NL,נוטרילון שלב 3- 800,גרמים,800.00,100 גרם,false,,64.90,8.1125,true,1,5203
8712561594240,false,"דאב - תחליב רחצה להזנה עמוקה 500 מ""ל","יוניליוור גרמניה, Gm",DE,דאב תחליב רחצה להזנה,מיליליטרים,500.00,"100 מ""ל",false,,17.90,3.5800,true,1,11052
8712561594608,false,"דאב תחליב רחיצה להזנה עמוקה 750 מ""ל","יוניליוור גרמניה, Gm",DE,תחליב רחצה להזנה עמו,מיליליטרים,750.00,"100 מ""ל",false,,19.90,2.6533,true,1,11053
8712561611183,false,"דאב - תחליב רחצה תה ירוק ומלפפון 500 מ""ל","יוניליוור גרמניה, Gm",DE,דאב תחליב רחצה תה יר,מיליליטרים,500.00,"100 מ""ל",false,,17.90,3.5800,true,1,11054
8712561611411,false,"תחליב רחצה דאב תה ירוק ומלפפון 750 מ""ל","יוניליוור גרמניה, Gm",DE,תחליב רחצה תה ירוק ו,מיליליטרים,750.00,"100 מ""ל",false,,19.90,2.6533,true,1,11055
8712561626286,false,"תחליב רחצה דאב זוהר כמשי 750 מ""ל",,,תחליב רחצה זוהר כמשי,מיליליטרים,750.00,"100 מ""ל",false,,19.90,2.6533,true,1,11057
8712561646024,false,"תחליב רחצה דאב קרם פיסטוק ומגנול 750 מ""ל",,,תחליב רחצה קרם פיסטו,מיליליטרים,750.00,"100 מ""ל",false,,19.90,2.6533,true,1,232130
8714599410530,false,גייקובס קרונינג שקית רפיל 200 גרם,,,גייקובס קפה נמס 200ג,גרמים,200.00,100 גרם,false,,19.90,9.9500,true,1,5183
8714599513835,false,קפה ג'יקובס נטול קופאין מיובש בהקפאה 200 ג',,,קפה ג`יקובס נטול קופ,גרמים,200.00,100 גרם,false,,35.90,17.9500,true,1,5189
8714599513866,false,"ג'ייקובס קרוננג מיובש בהקפאה כשל""פ 200 ג'",אל.אל.סי גייקובס דאו,DE,קפה ג'יקובס קרונונג,גרמים,200.00,100 גרם,false,,27.90,13.9500,true,1,5190
8714789177229,false,קולגייט מברשת שיניים אקסטרא קלין רביעייה,הנסיך- מפעל לייצור ט,CN,מב.שיניים אקסטרא קלי,יחידה,0.00,יחידה,false,,10.90,0.0000,true,1,21995
8714789402918,false,אגקס חגיגת הפרחים אדום 1.5 ליטר חדש,הנסיך- מפעל לייצור ט,GR,חגיגת הפרחים אדום אג,ליטרים,1.50,ליטר,false,,19.90,13.2667,true,1,22004
8714789450315,false,פלמוליב נוזל כלים לימון 1.5 ליטר,הנסיך- מפעל לייצור ט,GR,פלמוליב שקוף לימון 1,ליטרים,1.50,ליטר,false,,15.90,10.6000,true,1,22008
8714789797786,false,פלמוליב כלים שקוף גרם בלסטר 750,יבואן ומשווק: ש. שסט,GR,פלמוליב לכלים 4ב1 כ,מיליליטרים,750.00,"100 מ""ל",false,,11.90,1.5867,true,1,22021
8714789834467,false,פלמוליב נוזל כלים 1.5 ליטר,,,פלמוליב נוזל כלים 1.,ליטרים,1.50,ליטר,false,,15.90,10.6000,true,1,22026
8715700110141,false,מיונז קרמי היינץ צנצנת 460ג',ה.י.היינץ הולדינג בי,NL,מיונז היינץ אמיתי צנ,גרמים,460.00,100 גרם,false,,12.00,2.6087,true,1,5395
8715700110158,false,מיונז לייט בצנצנת היינץ 490 גרם,ה.י.היינץ הולדינג בי,NL,מיונז היינץ לייט צנצ,גרמים,490.00,100 גרם,false,,12.00,2.4490,true,1,5396
8715700422381,false,מיונז אמיתי היינץ 420 גרם,,,מיונז היינץ אמיתי צנ,גרמים,420.00,100 גרם,false,,11.90,2.8333,true,1,5408
8715700423906,false,קטשופ מתובל עגבניות 50% פחות סוכר 555ג' היינץ,היינץ צפון אמריקה מק,NL,מתבל עגבניות היינץ 2,גרמים,555.00,100 גרם,false,,11.90,2.1441,true,1,5411
8717163607305,false,סבון מוצק גרגירים 4 *100 ג' דאב,יוניליוור גרמניה Gm,DE,סבון מוצק גרגירים דא,גרמים,400.00,100 גרם,false,,17.90,4.4750,true,1,11081
8717163655825,false,"רקסונה דאו' ספריי לנשים בניחוח כותנה, 150 מ""ל",,GB,רקסונה ספריי כותנה 1,מיליליטרים,150.00,"100 מ""ל",false,,13.90,9.2667,true,1,71892
8717163663493,false,"רקסונה - דאודורנט ספריי לגבר קובלט דריי 150 מ""ל",,GB,רקסונה ספריי אקטיב ל,מיליליטרים,150.00,"100 מ""ל",false,,13.90,9.2667,true,1,11100
8717163714850,false,"דאב - דאודורנט ספריי לאישה קוקוס ויסמין 150 מ""ל",,GB,דאו' ספריי אוריגינל,מיליליטרים,150.00,"100 מ""ל",false,,14.90,9.9333,true,1,204707
8718951001596,false,"אג'קס ספריי אמבטיה 600 מ""ל",הנסיך- מפעל לייצור ט,GR,אגקס ספריי כחול אמבט,מיליליטרים,600.00,"100 מ""ל",false,,12.90,2.1500,true,1,22038
8718951030169,false,"מש.שיניים קולגייט סנסטיב להלבנה 75 מ""ל",,PL,משחת קולגייט סנסטיב,מיליליטרים,75.00,"100 מ""ל",false,,17.90,23.8667,true,1,62820
8718951093331,false,מרידול מברשת שיניים אקסטרה סופט זוג,,,מברשת שיניים מרידול,יחידה,0.00,יחידה,false,,35.90,0.0000,true,1,22048
8718951166288,false,"משחת שיניים קולגייט מקס וייט 125 מ""ל",הנסיך- מפעל לייצור ט,PL,קולגייט משחת שיניים,מיליליטרים,125.00,"100 מ""ל",false,,17.90,14.3200,true,1,22060
8718951166561,false,"משחת שיניים קולגייט מקס פרש כחול 125 מ""ל",הנסיך- מפעל לייצור ט,PL,קולגייט משחת שיניים,מיליליטרים,125.00,"100 מ""ל",false,,17.90,14.3200,true,1,22061
8718951175600,false,"משחת שיניים קולגייט אוטאל קליין מינט 75 מ""ל",,,קולגייט משחת שיניים,מיליליטרים,75.00,"100 מ""ל",false,,12.90,17.2000,true,1,105897
8718951187115,false,אלמקס זוג מברשות שיניים לילדים 3-6,,,אלמקס מברשת שיניים ז,יחידה,0.00,יחידה,false,,22.90,0.0000,true,1,22068
8718951236806,false,"קולגייט טוטאל הלבנה להסרת כתמים מהשן 100 מ""ל",Colgate (Euro)-Palmo,PL,מש.שיניים להלבנה קול,מיליליטרים,100.00,"100 מ""ל",false,,16.90,16.9000,true,1,22077
8718951240742,false,"קולגייט טוטאל משחת שיניים פסים מרעננים 100 מ""ל",Colgate (Euro)-Palmo,PL,מש.שיניים פסים מרעננ,גרמים,128.00,100 גרם,false,,16.90,13.2031,true,1,22079
8718951315303,false,"קולגייט - משחת שיניים אדומה ביטיוב 100 מ""ל",קולגייט-פלמוליב,PL,משחת שיניים קולגייט,מיליליטרים,200.00,"100 מ""ל",false,,19.90,9.9500,true,1,82789
8718951345119,false,נוזל לניקוי רצפות וכללי היביסקוס 2 ליטר,הנסיך- מפעל לייצור ט,GR,אג'קס ניקוי כללי עוצ,ליטרים,2.00,ליטר,false,,22.90,11.4500,true,1,115044
8718951382718,false,"פלמוליב ג'ל רחצה חימר התחדשות 750 מ""ל",CP UK,TR,ג'ל רחצה חימר התחדשו,מיליליטרים,750.00,"100 מ""ל",false,,19.90,2.6533,true,1,100122
8718951461413,false,"קולגייט טוטאל קלין מינט ביטיוב 100 מ""ל*2 כשל""פ",,,משחת שיניים קולגייט,מיליליטרים,200.00,"100 מ""ל",false,,29.90,14.9500,true,1,240267
8718951461444,false,"זוג משחת שיניים טוטאל הלבנה ביטיו *100 מ""ל קולגייט",,,משחת שיניים קולגייט,מיליליטרים,200.00,"100 מ""ל",false,,29.90,14.9500,true,1,240281
8718951498754,false,שישיית מברשות שיניים סופר פלקסי קולגייט,,,מברשת שיניים פלקסי פ,יחידה,0.00,יחידה,false,,17.90,0.0000,true,1,276474
8719200998001,false,מרגרינה לאפיה ובישול בלי מלח 200 ג' בלו בנד,מיוצר עי קונדיטוריית,IL,בלו בנד ללא מלח 200,גרמים,200.00,100 גרם,false,,4.90,2.4500,true,1,11110
8719200998018,false,מחמאה מרגרינה בטעם חמאה 200 ג' בלו בנד,פארייפאבה אגרואינדוס,IL,מחמאה מרגרינה בטעם ח,גרמים,200.00,100 גרם,false,,4.90,2.4500,true,1,11111
8719200998032,false,מזולה גלורי טעם חמאה 250ג',פארייפאבה אגרואינדוס,IL,מזולה בטעם חמאה 250,גרמים,250.00,100 גרם,false,,9.90,3.9600,true,1,11113
8719200998100,false,מרגרינה בטעם חמאה לאפייה 200 ג' מזולה,פארייפאבה אגרואינדוס,IL,מזולה מרגרינה לאפייה,גרמים,200.00,100 גרם,false,,6.90,3.4500,true,1,11120
8720181046605,false,דאב - דאודורנט ספריי לאישה אורגינל כחול 150מל,יוניליוור,GB,דאו' ספריי אוריגינל,מיליליטרים,150.00,"100 מ""ל",false,,14.90,9.9333,true,1,108776
8720182253156,false,דאב אל סבון מוצק מלפפונים 90 גרם *4,,DE,סבון מוצק מלפפון ות,גרמים,400.00,100 גרם,false,,17.90,4.4750,true,1,276267
8720182256850,false,רביעיית מארז דאב סבון מוצק 360 גר',,DE,סבון מוצק לבן דאב 4*,גרמים,400.00,100 גרם,false,,17.90,4.4750,true,1,276281
8801055707966,false,קפה טייסטר צו'יס נס קפה בריסטה 180ג',לוטה נסטלה קוריאה,,נס קפה טייסטרס צ'ויס,גרמים,180.00,100 גרם,false,,29.90,16.6111,true,1,19568
8801055708772,false,מארז טייסטרס צ'ויס 200 גרם+50 גר' מתנה,לוטה נסטלה קוריאה,IL,נס קפה טייסטרס צ'ויס,גרמים,250.00,100 גרם,false,,29.90,11.9600,true,1,19570
8801055709458,false,נסטלה - נסקפה קפוצינו קרמל 17 גרם * 10,,KR,נסקפה קפוצ'ינו קרמל,גרמים,170.00,100 גרם,false,,19.50,11.4706,true,1,272205
8801055709465,false,נסטלה - נסקפה קפוצינו וניל 18.50 גרם * 10,לוטה נסטלה קוריאה,DE,נסקפה קפוצ'ינו וניל,גרמים,185.00,100 גרם,false,,19.50,10.5405,true,1,238504
8801055709472,false,נסטלה - נסקפה קפוצ'ינו קלאסי 12.50 גרם * 10,לוטה נסטלה קוריאה,DE,נסקפה קפוצ'ינו קלאסי,גרמים,185.00,100 גרם,false,,19.50,10.5405,true,1,238505
8803733180788,false,"קופסא 807 -470 מ""ל עם מכסה ורוד/כחול/צהוב",,,"קופסא807 -470מ""ל L&L",יחידה,0.00,יחידה,false,,29.90,0.0000,true,1,43116
8803733181525,false,"קופסא 850 מ""ל 815M",,,"קופסא 850 מ""ל 815M",יחידה,0.00,יחידה,false,,36.90,0.0000,true,1,43120
8803733181716,false,קופסא 1.4 ליטר 817H,,,קופסא 1.4 ליטר 817H,יחידה,0.00,יחידה,false,,45.90,0.0000,true,1,43123
8850180040028,false,קמח טמפורה להכנת בלי,,,קמח טמפורה להכנת בלי,גרמים,500.00,100 גרם,false,,10.90,2.1800,true,1,47520
8850206250592,false,רוטב צ`ילי סיראצ`ה 540 גרם,יאן וואל יון קו.לטד,TH,רוטב צ'ילי סיראצ'ה מ,גרמים,540.00,100 גרם,false,,19.90,3.6852,true,1,250066
8850389103159,false,"משקה ליצ'י עם חתיכות גלי קוקוס 320 מ""ל מוגו מוגו",סאפה פובליק קומפני ל,TH,ליצי' משקה עם חתיכות,מיליליטרים,320.00,"100 מ""ל",false,,6.90,2.1562,true,1,237480
8850389105832,false,סאפה אלוורה תפוחים 1 ליטר,סאפה פובליק קומפני ל,TH,סאפה משקה אלוורה תפו,ליטרים,1.00,ליטר,false,,13.50,13.5000,true,1,39424
8850389105849,false,סאפה אלוורה אפרסק 1 ליטר,סאפה פובליק קומפני ל,TH,סאפה משקה אלוורה אפר,ליטרים,1.00,ליטר,false,,13.50,13.5000,true,1,39425
8850389111352,false,"משקה מלון עם חתיכות גלי קוקוס 320 מ""ל מוגו מוגו",סאפה פובליק קומפני ל,TH,מלון משקה עם חתיכות,מיליליטרים,320.00,"100 מ""ל",false,,6.90,2.1562,true,1,237481
8850632604259,false,מקלות חספוסים יוגטה טעם תות שדה 50 גר,ג'נרל קנדי בעמ,TH,יוגטה חיספוסים מקלות,גרמים,50.00,100 גרם,false,,3.90,7.8000,true,1,42156
8850632604266,false,מקלות חספוסים יוגטה טעם קולה 50 גר,ג'נרל קנדי בעמ,TH,יוגטה חיספוסים מקלות,גרמים,50.00,100 גרם,false,,3.90,7.8000,true,1,42157
8850632604372,false,יוגטה חמצוצים שטיח בטעם תות שדה 50גר,ג'נרל קנדי בעמ,TH,יוגטה ממתק תות שדה ב,גרמים,50.00,100 גרם,false,,3.90,7.8000,true,1,42158
8850632604402,false,חספוסים יוגוטה שטיח חמוץ מעורב 50 ג',"ג'נרל קנדי בע""מ",TH,יוגטה ממתק תות ענבים,גרמים,50.00,100 גרם,false,,3.90,7.8000,true,1,42159
8858271002887,false,"רוטב טרייאקי 250 מ""ל מקסצאפ",Yan Wal Yun Corpora,TH,רוטב טריאקי MAXCHUP,מיליליטרים,250.00,"100 מ""ל",false,,10.90,4.3600,true,1,47537
8858271005451,false,רוטב סויה פורמולה 1 - 250 מל מקסצאפ,Yan Wal Yun Corpora,TH,רוטב סויה בהיר-פורמו,מיליליטרים,700.00,"100 מ""ל",false,,9.90,1.4143,true,1,297275
8888021200256,false,סוללות אנרג'יזר MAX AA שמינייה,יצרן: אנרג'ייזר סינג,SG,AAאנרג'ייזר סוללות מ,יחידה,0.00,יחידה,false,,29.90,0.0000,true,1,6127
8888021200720,false,סוללות אנרג'יזר MAX AAA שמינייה,יצרן: אנרג'ייזר סינג,SG,AAAאנרג'ייזר סוללות,יחידה,0.00,יחידה,false,,29.90,0.0000,true,1,6128
8901314517463,false,קולגייט מברשת שיניים,,,קולגייט מברשת שיניים,יחידה,0.00,יחידה,false,,19.90,0.0000,true,1,245533
8901537024014,false,"אורז בסמטי מובחר דאווט 1 ק""ג",הנסיך- מפעל לייצור ט,IN,וילי פוד אורז בסמטי,גרמים,1000.00,100 גרם,false,,13.50,1.3500,true,1,3307
8934878081811,false,"דפי אורז ל0 גלוטן 400 גרם 22 ס""מ",Chanh Khang Company,CN,דפים על בסיס קמח טפי,גרמים,400.00,100 גרם,false,,11.90,2.9750,true,1,47553
8970903689751,false,משחק גוגו משיכה,,,משחק גוגו משיכה,יחידה,0.00,יחידה,false,,17.90,0.0000,true,1,320938
8970906000447,false,מגדל משחק חישוק טבעו,,,מגדל משחק חישוק טבעו,יחידה,0.00,יחידה,false,,14.90,0.0000,true,1,320795
8970922915527,false,ערכת לוח ושיחוק כדור,,,ערכת לוח ושיחוק כדור,יחידה,0.00,יחידה,false,,29.00,0.0000,true,1,321129
8970922958937,false,משחק הופך מרובוט לרכ,,,משחק הופך מרובוט לרכ,יחידה,0.00,יחידה,false,,24.90,0.0000,true,1,321145
9000101380255,false,דיסקס לכביסה ניקיון הגייני 22 יח' פרסיל,,HU,פרסיל דיסקס לכביסה ל,יח',22.00,יח',false,,34.90,1.5864,true,1,170439
9000101515817,false,קפסולות ג'ל כביסה לבנה וצבעונית 56 יח' פרסיל,,,פרסיל פאוור קאפס קפס,יחידה,0.00,יחידה,false,,65.90,0.0000,true,1,180488
9001616202100,false,זוג מוצצי סיליקון לאב אנד אפקשן 6+,,,מוצץ לתינוק,יח',2.00,יח',false,,35.00,17.5000,true,1,1078
9044400851672,false,סוכריות פז סוגים שונים + 3 מילויים,פז,HU,פז דמויות מתחלפות 25,גרמים,25.50,100 גרם,false,,10.90,42.7451,true,1,272703
9720188060108,false,טופוטי ממרח על בסיס סויה בסגנון שמנת 340ג',טופוטי ברנדס אינק.ג',IL,טופוטי ממרח טופו בטע,גרמים,340.00,100 גרם,false,,21.20,6.2353,true,1,6750
9921071700013,false,משחק זיכרון קטן,,,משחק זיכרון קטן,יחידה,0.00,יחידה,false,,29.00,0.0000,true,1,289660
