code,internal_code,name,manufacturer_name,manufacture_country,manufacturer_item_description,unit_qty,quantity,unit_of_measure,weighted,qty_in_package,price,unit_of_measure_price,allow_discount,status,item_id
300,false,פיתה פרינה,,,פיתה ש.י.שאשא,Unknown,0.00,Unknown,false,1,1.50,1.50,true,1,
602,false,בצל יבש,,,בצל יבש,Unknown,0.00,"ק""ג",true,0,4.90,4.90,true,1,
619,false,פלפל אדום,,,פלפל אדום,Unknown,0.00,"ק""ג",true,0,12.90,12.90,true,1,
678,false,ברוקולי,,,ברוקולי,Unknown,0.00,Unknown,false,1,14.90,14.90,true,1,
5942,false,"תפו""ע קריספי",,,"תפו""ע קריספי",Unknown,0.00,"ק""ג",true,0,19.90,19.90,true,1,
9988,false,איסוף עצמי,,,איסוף עצמי,Unknown,0.00,Unknown,false,1,15.00,15.00,true,1,
46020,false,גבינה צהובה גלבוע 22% במשקל תנובה,,,גבינה צהובה גלבוע-במ,Unknown,0.00,"ק""ג",true,0,42.58,42.58,true,1,
47034,false,קולאז רוקפור גליל במשקל-חריץ,,,קולאז רוקפור גליל,קילוגרמים,0.00,"ק""ג",true,0,126.00,126.00,true,1,
47485,false,בולגרית פיראוס 24% במשקל,,,בולגרית פיראוס 24% ב,Unknown,0.00,"ק""ג",true,0,59.00,59.00,true,1,
53219,false,גבינה חריץ טל העמק 32% במשקל,,,גבינה טל העמק 32%,Unknown,0.00,"ק""ג",true,0,58.00,58.00,true,1,
54766,false,מארז לחמניות,,,מארז גבטה,Unknown,0.00,Unknown,false,1,16.90,16.90,true,1,
56326,false,גבינה שוויצרית במשקל,,,גבינה שוויצרית במשקל,Unknown,0.00,"ק""ג",true,0,74.00,74.00,true,1,
86958,false,גבינה סלמי במשקל,,,גבינה סלמי במשקל,Unknown,0.00,"ק""ג",true,0,62.00,62.00,true,1,
90010,false,מסכה *10 ללא החזרה KN95,,,ללא החזרה KN95 מסכות,Unknown,0.00,Unknown,false,1,129.90,129.90,true,1,
304050,false,מסיכה כירורגית 1 יחידה,,,מסיכה כירורגית 1 יחי,Unknown,0.00,Unknown,false,1,0.50,0.50,true,1,
342776,false,שקית נייר,,,שקית נייר,Unknown,0.00,Unknown,false,1,1.00,1.00,true,1,
363189,false,נקניק סרוולט טירת צבי,,,נקניק סרוולט,Unknown,0.00,"ק""ג",true,0,148.00,148.00,true,1,
363462,false,סלמי מעושן איטלקי טירת צבי במשקל,,,סלמי מעושן איטלקי,Unknown,0.00,"ק""ג",true,0,75.00,75.00,true,1,
363486,false,נקניק תה טירת צבי במשקל,,,נקניק תה טירת צבי,Unknown,0.00,"ק""ג",true,0,55.00,55.00,true,1,
365954,false,פסטרמה גחליםטירת צבי,,,פסטרמה גחלים,Unknown,0.00,"ק""ג",true,0,85.00,85.00,true,1,
369341,false,לבנה אבו גוש ירוק במשקל,,,לבנה אבו גוש ירוק במ,Unknown,0.00,"ק""ג",true,0,50.00,50.00,true,1,
554754,false,מוצרלה במים קטן במשקל,,,מוצרלה קטן במשקל,Unknown,0.00,"ק""ג",true,0,92.00,92.00,true,1,
554792,false,בולגרית מעודנת 5% במשקל,,,בולגרית מעודנת 5%,Unknown,0.00,"ק""ג",true,0,60.00,60.00,true,1,
554815,false,מוצרלה טבעית במשקל,,,מוצרלה טבעית במשקל,Unknown,0.00,"ק""ג",true,0,83.00,83.00,true,1,
554891,false,בולגרית מעודנת 16%,,,בולגרית מעודנת 16%,Unknown,0.00,"ק""ג",true,0,60.00,60.00,true,1,
554969,false,גבינת שמנת 30% טבעי,,,גבינת שמנת 30% טבעי,Unknown,0.00,"ק""ג",true,0,45.00,45.00,true,1,
554990,false,מוצרלה כדורים גדולים במשקל,,,כדורי מוצרלה במשקל,Unknown,0.00,"ק""ג",true,0,95.00,95.00,true,1,
571119,false,גבינת גאודה טבעי המחלבה במשקל,,,גבינת גאודה טבעי,Unknown,0.00,"ק""ג",true,0,121.00,121.00,true,1,
644783,false,פילה סלמון קפוא מנות תנובה,,,פילה סלמון קפוא מנות,Unknown,0.00,"ק""ג",true,0,84.90,84.90,true,1,
663036,false,פילה אמנון קפוא ללא עור,,,פילה אמנון קפוא ללא,Unknown,0.00,"ק""ג",true,0,36.90,36.90,true,1,
1101346,false,בוזנינה לבנה להב,,,בוזנינה לבנה,Unknown,0.00,"ק""ג",true,0,109.00,109.00,true,1,
1101407,false,נקניק לוביטלסקיה במשקל להב,,,פריזר לוביטלסקיה,Unknown,0.00,"ק""ג",true,0,85.00,85.00,true,1,
1101414,false,סינטה לבנה מעושנת-להב,,,סינטה לבנה מעושנת,Unknown,0.00,"ק""ג",true,0,105.00,105.00,true,1,
1101865,false,פולקה איטלקי להב,,,פולקה איטלקי,Unknown,0.00,"ק""ג",true,0,95.00,95.00,true,1,
1134221,false,גרון הודו טרי ארוז,,IL,גרון הודו טרי ארוז,Unknown,0.00,"ק""ג",true,0,41.90,41.90,true,1,
1356111,false,הרינג כספי במשקל,,,הרינג כספי במשקל,Unknown,0.00,"ק""ג",true,0,32.00,32.00,true,1,
1356258,false,מקרל מעושן M במשקל,,,מקרל מעושן M במשקל,Unknown,0.00,"ק""ג",true,0,77.00,77.00,true,1,
1356418,false,פילה הרינג במשקל,,,פילה הרינג במשקל,Unknown,0.00,"ק""ג",true,0,59.00,59.00,true,1,
1356425,false,פילה מטיאס במשקל,,,פילה מטיאס במשקל,Unknown,0.00,"ק""ג",true,0,62.00,62.00,true,1,
1356500,false,קילקה בלי ראש במשקל,,,קילקה בלי ראש במשקל,Unknown,0.00,"ק""ג",true,0,74.00,74.00,true,1,
1356630,false,פילה  הרינג כבוש במשקל,,,פילה  הרינג כבוש במש,Unknown,0.00,"ק""ג",true,0,62.00,62.00,true,1,
1356814,false,מויבה  במשקל,,,מויבה  במשקל,Unknown,0.00,"ק""ג",true,0,96.00,96.00,true,1,
1356838,false,פלטוס במשקל,,,פלטוס במשקל,Unknown,0.00,"ק""ג",true,0,159.00,159.00,true,1,
1356951,false,סלמון פלטה פרוס,,,סלמון פלטה פרוס,Unknown,0.00,"ק""ג",true,0,220.00,220.00,true,1,
1401163,false,פריזר דוקטורסקייה מיני,,,פריזר דוקטורסקייה,Unknown,0.00,"ק""ג",true,0,59.00,59.00,true,1,
1402399,false,פריזר דוקטורסקייה,,IL,פריזר דוקטורסקייה,Unknown,0.00,"ק""ג",true,0,59.00,59.00,true,1,
1403075,false,פסטרמה שינקן,,,פסטרמה שינקן,Unknown,0.00,"ק""ג",true,0,125.00,125.00,true,1,
1403457,false,פסטרמה קוטלט שינקן,,,פסטרמה קוטלט שינקן,Unknown,0.00,"ק""ג",true,0,139.00,139.00,true,1,
1404379,false,נקניק בריאנסקיה,,,נקניק בריאנסקיה,Unknown,0.00,"ק""ג",true,0,82.00,82.00,true,1,
1404447,false,נקניק סופר דומגנייאה,,,נקניק סופר דומגנייאה,Unknown,0.00,"ק""ג",true,0,120.00,120.00,true,1,
1406045,false,נקניקיות ווינר ולדמן,,,נקניקיות ווינר,Unknown,0.00,"ק""ג",true,0,69.00,69.00,true,1,
1406113,false,פריזר פרלמנט במשקל,,,פריזר פרלמנט במשקל,Unknown,0.00,"ק""ג",true,0,95.00,95.00,true,1,
1418239,false,פריזר לארוחת בוקר במשקל,,,פריזר לארוחת בוקר,Unknown,0.00,"ק""ג",true,0,79.00,79.00,true,1,
1418475,false,פריזר אליטנאיה במשקל,,,פריזר אליטנאיה במשקל,Unknown,0.00,"ק""ג",true,0,89.00,89.00,true,1,
1418789,false,פריזר אליטנאיה קטן במשקל,,,פריזר אליטנאיה קטן,Unknown,0.00,"ק""ג",true,0,89.00,89.00,true,1,
1421109,false,בוזנינה  פסטיבל ביתי,,,בוזנינה  פסטיבל ביתי,Unknown,0.00,"ק""ג",true,0,125.00,125.00,true,1,
1427149,false,פריזר צאינאייה מיני,,IL,פריזר צאינאייה מיני,Unknown,0.00,"ק""ג",true,0,82.00,82.00,true,1,
1440469,false,פסטרמה סטליצנייה,,,פסטרמה סטליצנייה,Unknown,0.00,"ק""ג",true,0,139.00,139.00,true,1,
1457771,false,פריזר סליבצנאייה,,IL,פריזר סליבצנאיה,Unknown,0.00,"ק""ג",true,0,89.00,89.00,true,1,
1499115,false,סלמי דוקטורסקיה להב,,,פריזר דוקטורסקיה,Unknown,0.00,"ק""ג",true,0,85.00,85.00,true,1,
1499313,false,פסטרמה קוטלט מעושן להב,,,פסטרמה קוטלט מעושן,Unknown,0.00,"ק""ג",true,0,96.00,96.00,true,1,
1499689,false,פסטרמה צוואר מעושן להב,,,פסטרמה צוואר מעושן,Unknown,0.00,"ק""ג",true,0,120.00,120.00,true,1,
2073390,false,אוסובוקו לבן טרי,,,אוסובוקו לבן טרי,Unknown,0.00,"ק""ג",true,0,28.90,28.90,true,1,
2385738,false,מנצגו חלב כבשים במשקל,,,מנצגו חלב כבשים,Unknown,0.00,"ק""ג",true,0,137.00,137.00,true,1,
2400509,false,פילה עגל סקין פריים,,IL,פילה עגל סקין פריים,Unknown,0.00,"ק""ג",true,0,254.90,254.90,true,1,
2400554,false,טיבון טלה סקין פריים,,IL,טיבון טלה סקין פריים,Unknown,0.00,"ק""ג",true,0,144.90,144.90,true,1,
2511137,false,פטה עיזים 20% במשקל,,,פטה עיזים 20% במשקל,Unknown,0.00,"ק""ג",true,0,105.00,105.00,true,1,
2511243,false,גבינה בולגרית 16% במשקל,,,גבינה בולגרית 16%,גרמים,0.00,"ק""ג",true,0,50.00,50.00,true,1,
2511281,false,ברינזה צאן במשקל,,,ברינזה צאן במשקל,Unknown,0.00,"ק""ג",true,0,89.00,89.00,true,1,
2511427,false,אצבעות שוקלד וניל במשקל,,,אצבעות שוקלד וניל במ,Unknown,0.00,"ק""ג",true,0,70.00,70.00,true,1,
2578499,false,רוסיסקי גולד חלבי שקיל,,,רוסיסקי גולד חלבי,Unknown,0.00,"ק""ג",true,0,73.00,73.00,true,1,
2617471,false,גבינת צדר אנגלית מיושנת במשקל,,,גבינת צדר אנגלית,Unknown,0.00,"ק""ג",true,0,126.00,126.00,true,1,
2617488,false,גבינת צדר אנגלית מיושנת במשקל,,,גבינת צדר אנגלית,Unknown,0.00,"ק""ג",true,0,120.00,120.00,true,1,
2617495,false,גבינת צדר אנגלית עם וויסקי במשקל,,,גבינת צדר אנגלית,Unknown,0.00,"ק""ג",true,0,159.00,159.00,true,1,
2617501,false,גבינת צדר עם חמוציות במשקל,,,גבינת צדר עם חמוציות,Unknown,0.00,"ק""ג",true,0,166.00,166.00,true,1,
2749561,false,נקניקיות בוואריה מזרע,,,נקניקיות בוואריה,Unknown,0.00,"ק""ג",true,0,79.00,79.00,true,1,
2749899,false,פילה לבן טרי,,,פילה לבן טרי,Unknown,0.00,"ק""ג",true,0,84.90,84.90,true,1,
2812530,false,גאודה הולנדי עשבי תיבול במשקל,,,גאודה עשבי תיבול,Unknown,0.00,"ק""ג",true,0,102.00,102.00,true,1,
2837046,false,גבינת קרלובסקי במשקל,,,גבינת קרלובסקי במשקל,Unknown,0.00,"ק""ג",true,0,85.00,85.00,true,1,
2837121,false,גבינת פושיחונסקי במשקל,,,גבינת פושיחונסקי במש,Unknown,0.00,"ק""ג",true,0,79.00,79.00,true,1,
2859512,false,חזה אווז קפוא בלדי,,,חזה אווז קפוא,Unknown,0.00,"ק""ג",true,0,179.00,179.00,true,1,
2920311,false,גבינת קממבר צאן במשקל גד,,,גבינת קממבר צאן במשק,Unknown,0.00,"ק""ג",true,0,144.00,144.00,true,1,
3006021,false,קוביות מעדן פטה במשקל,,,קוביות מעדן פטה,Unknown,0.00,"ק""ג",true,0,92.00,92.00,true,1,
3006120,false,טאפס שכונתי במשקל,,,טאפס שכונתי במשקל,Unknown,0.00,"ק""ג",true,0,170.00,170.00,true,1,
3018246,false,פיקוליני שישליק אישי במשקל דימוב,,,פיקוליני שישליק אישי,Unknown,0.00,"ק""ג",true,0,165.00,165.00,true,1,
3018307,false,נקניקיות שויצרסקיה במשקל דימוב,,,נקניקיות שויצרסקיה,Unknown,0.00,"ק""ג",true,0,85.00,85.00,true,1,
3018338,false,נקניקיות סבינייה במשקל דימוב,,,נקניקיות סבינייה,Unknown,0.00,"ק""ג",true,0,75.00,75.00,true,1,
3018345,false,נקניק דוקטורסקיה במשקל דימוב,,,נקניק דוקטורסקיה,Unknown,0.00,"ק""ג",true,0,85.00,85.00,true,1,
3018352,false,סלמי מולוצניה דימוב,,,פריזר מולוצניה,Unknown,0.00,"ק""ג",true,0,85.00,85.00,true,1,
3018512,false,נקניק בראונשווגסקיה במשקל דימוב,,,נקניק בראונשווגסקיה,Unknown,0.00,"ק""ג",true,0,165.00,165.00,true,1,
3018598,false,פיקוליני בייקון אישי במשקל דימוב,,,פיקוליני בייקון אישי,Unknown,0.00,"ק""ג",true,0,165.00,165.00,true,1,
3018611,false,פיקוליני גבינה אישי במשקל דימוב,,,פיקוליני גבינה אישי,Unknown,0.00,"ק""ג",true,0,165.00,165.00,true,1,
3018703,false,סלמי פינסקיה דימוב,,,סלמי פינסקיה,Unknown,0.00,"ק""ג",true,0,105.00,105.00,true,1,
3189045,false,צהובה הולנדית במשקל,,,צהובה הולנדית במשקל,קילוגרמים,0.00,"ק""ג",true,0,37.00,37.00,true,1,
3189199,false,צהובה חריפה במשקל,,,צהובה חריפה במשקל,Unknown,0.00,"ק""ג",true,0,39.00,39.00,true,1,
3189274,false,צהובה מעושנת במשקל,,,צהובה מעושנת במשקל,קילוגרמים,0.00,"ק""ג",true,0,40.00,40.00,true,1,
3714339,false,וינר עבה במשקל מניה,,,וינר עבה במשקל מניה,Unknown,0.00,"ק""ג",true,0,69.00,69.00,true,1,
3800001,false,כנפיים טרי לוקס,,,כנפיים טרי לוקס,Unknown,0.00,"ק""ג",true,0,21.90,21.90,true,1,
4050191,false,נקניק סלמי הונגרי,,,נקניק סלמי הונגרי,Unknown,0.00,"ק""ג",true,0,175.00,175.00,true,1,
4050269,false,קוטלט צלע קפוא מעובד,,,קוטלט צלע קפוא,Unknown,0.00,"ק""ג",true,0,59.90,59.90,true,1,
4050283,false,פפרוני עגל במשקל,,,פפרוני עגל במשקל,Unknown,0.00,"ק""ג",true,0,165.00,165.00,true,1,
4050368,false,סלמי קופצסקי סרוולט,,,סלמי קופצסקי סרוולט,Unknown,0.00,"ק""ג",true,0,110.00,110.00,true,1,
4050382,false,סלמי ספרטק,,,סלמי ספרטק,Unknown,0.00,"ק""ג",true,0,150.00,150.00,true,1,
4050443,false,בייקון במשקל,,,בייקון במשקל,Unknown,0.00,"ק""ג",true,0,200.00,200.00,true,1,
4050597,false,פרושוטו,,,פרושוטו,Unknown,0.00,"ק""ג",true,0,312.00,312.00,true,1,
4050801,false,לשון בקר איטלקי,,,לשון בקר איטלקי,Unknown,0.00,"ק""ג",true,0,135.00,135.00,true,1,
4050894,false,נקניק סלמי כפרי,,,נקניק סלמי כפרי,Unknown,0.00,"ק""ג",true,0,175.00,175.00,true,1,
4051037,false,נקניקיות סליווצנה,,,נקניקיות סליווצנה,Unknown,0.00,"ק""ג",true,0,60.00,60.00,true,1,
4051082,false,קורנביף במשקל,,,קורנביף במשקל,Unknown,0.00,"ק""ג",true,0,120.00,120.00,true,1,
4051143,false,חזה הודו מעושן דל שומן,,,חזה הודו מעושן דל שו,Unknown,0.00,"ק""ג",true,0,80.00,80.00,true,1,
4051174,false,סרוולט אוסטרי במשקל,,,סרוולט אוסטרי,Unknown,0.00,"ק""ג",true,0,175.00,175.00,true,1,
4051204,false,פסטרמה הודו עם אווז,,,פסטרמה הודו עם אווז,Unknown,0.00,"ק""ג",true,0,135.00,135.00,true,1,
4051402,false,צוואר מעושן במשקל,,,צוואר מעושן במשקל,Unknown,0.00,"ק""ג",true,0,170.00,170.00,true,1,
4051464,false,נקניק סלמי מילאנו,,,נקניק סלמי מילאנו,Unknown,0.00,"ק""ג",true,0,155.00,155.00,true,1,
4051495,false,בוזנינה כפרית במשקל,,,בוזנינה כפרית במשקל,Unknown,0.00,"ק""ג",true,0,170.00,170.00,true,1,
4051563,false,נקניק סלמי צרפתי,,,נקניק סלמי צרפתי,Unknown,0.00,"ק""ג",true,0,175.00,175.00,true,1,
4051594,false,נקניק סלמי פארמה במשקל,,,נקניק סלמי פארמה,Unknown,0.00,"ק""ג",true,0,105.00,105.00,true,1,
4051617,false,נקניק סלמי רוונה במשקל,,,נקניק סלמי רוונה,Unknown,0.00,"ק""ג",true,0,100.00,100.00,true,1,
4051785,false,מורטדלה איטלקית,,,מורטדלה איטלקית,Unknown,0.00,"ק""ג",true,0,70.00,70.00,true,1,
4052034,false,נקניק מוסקובסקיה -מזרע,,,נקניק מוסקובסקיה,Unknown,0.00,"ק""ג",true,0,115.00,115.00,true,1,
4052386,false,פסטרמה אסאדו לבן במשקל,,,פסטרמה אסאדו לבן במש,Unknown,0.00,"ק""ג",true,0,140.00,140.00,true,1,
4052423,false,ברזאולה,,,ברזאולה,Unknown,0.00,"ק""ג",true,0,295.00,295.00,true,1,
4052577,false,שווארמה הודו צועני במשקל,,,שווארמה הודו צועני,Unknown,0.00,"ק""ג",true,0,125.00,125.00,true,1,
4052799,false,פסטרמה לבנה,,,פסטרמה לבנה,Unknown,0.00,"ק""ג",true,0,120.00,120.00,true,1,
4052973,false,רוסטביף ללא חומר משמר במשקל,,,רוסטביף,Unknown,0.00,"ק""ג",true,0,195.00,195.00,true,1,
4053000,false,נקניק רו סרוולט,,,נקניק רו סרוולט,Unknown,0.00,"ק""ג",true,0,165.00,165.00,true,1,
4053017,false,נקניק סלמי הרץ מזרע,,,נקניק סלמי הרץ מזרע,Unknown,0.00,"ק""ג",true,0,152.00,152.00,true,1,
4053024,false,נקניק פפרוני,,,נקניק פפרוני,Unknown,0.00,"ק""ג",true,0,165.00,165.00,true,1,
4053161,false,נקניק רוסקי סרוולט,,,נקניק רוסקי סרוולט,Unknown,0.00,"ק""ג",true,0,165.00,165.00,true,1,
4053611,false,סינטה בקר מיושנת,,,בייבי ריבס לבן,Unknown,0.00,"ק""ג",true,0,129.90,129.90,true,1,
4053918,false,כתף בקר מעושנת במשקל,,,כתף בקר מעושנת במשקל,Unknown,0.00,"ק""ג",true,0,125.00,125.00,true,1,
4054014,false,שינקן מעושן במשקל,,,שינקן מעושן במשקל,Unknown,0.00,"ק""ג",true,0,130.00,130.00,true,1,
4054021,false,שינקן פולני פולני חצי במשקל,,,שינקן פולני במשקל,Unknown,0.00,"ק""ג",true,0,120.00,120.00,true,1,
4054038,false,שינקן צועני במשקל,,,שינקן צועני במשקל,Unknown,0.00,"ק""ג",true,0,120.00,120.00,true,1,
4054366,false,סלמי מוסקובסקי סרוולט,,,מוסקובסקי סרוולד,Unknown,0.00,"ק""ג",true,0,160.00,160.00,true,1,
4054380,false,סלמי זרניסטיה,,,סלמי זרניסטיה,Unknown,0.00,"ק""ג",true,0,160.00,160.00,true,1,
4054397,false,פרושוטו רוסי,,,פרושוטו רוסי,Unknown,0.00,"ק""ג",true,0,215.00,215.00,true,1,
4054427,false,שוק חזירון בלי עצם,,,פסטרמה שוק חזירון,Unknown,0.00,"ק""ג",true,0,110.00,110.00,true,1,
4054502,false,לשון עגל קרושה,,,לשון עגל קרושה,Unknown,0.00,"ק""ג",true,0,90.00,90.00,true,1,
4054946,false,סלמי קרמליובסקי סרוולט,,,סלמי קרמליובסקי,Unknown,0.00,"ק""ג",true,0,100.00,100.00,true,1,
4054953,false,סרוולט איטלקי,,,סרוולט איטלקי,Unknown,0.00,"ק""ג",true,0,115.00,115.00,true,1,
4054960,false,נקניק סבינייה,,,נקניק סבינייה,Unknown,0.00,"ק""ג",true,0,190.00,190.00,true,1,
4055103,false,נקניקיות עגל במשקל,,,נקניקיות עגל במשקל,Unknown,0.00,"ק""ג",true,0,50.00,50.00,true,1,
4055479,false,פסטרמה בקר בפלפל,,,פסטרמה בקר בפלפל,Unknown,0.00,"ק""ג",true,0,125.00,125.00,true,1,
4055608,false,פריזר איטלקי,,,פריזר איטלקי,Unknown,0.00,"ק""ג",true,0,62.00,62.00,true,1,
4055615,false,פריזר עגל,,,פריזר עגל,Unknown,0.00,"ק""ג",true,0,45.00,45.00,true,1,
4055813,false,נקניק טורו מבשר בקר,,,נקניק טורו מבשר בקר,Unknown,0.00,"ק""ג",true,0,135.00,135.00,true,1,
4055943,false,לקס עגל,,,לקס עגל,Unknown,0.00,"ק""ג",true,0,220.00,220.00,true,1,
4068332,false,קממבר בקר משולשים,,,קממבר בקר משולשים,Unknown,0.00,"ק""ג",true,0,117.00,117.00,true,1,
4068394,false,קממבר בקר במשקל,,,קממבר בקר במשקל,Unknown,0.00,"ק""ג",true,0,105.00,105.00,true,1,
4068400,false,קאשקבל במשקל,,,קאשקבל במשקל,Unknown,0.00,"ק""ג",true,0,129.00,129.00,true,1,
4068417,false,ברי פקאן מחלב בקר במשקל,,,ברי פקאן מחלב בקר במ,Unknown,0.00,"ק""ג",true,0,132.00,132.00,true,1,
4412135,false,לוף,,,לוף,Unknown,0.00,"ק""ג",true,0,17.90,17.90,true,1,
4412142,false,"תפו""ע גאלה",,,תפוע גאלה,Unknown,0.00,"ק""ג",true,0,12.90,12.90,true,1,
4412166,false,אשכולית אדומה,,,אשכולית אדומה,Unknown,0.00,"ק""ג",true,0,7.90,7.90,true,1,
4412210,false,זנגביל,,,זנגביל,Unknown,0.00,"ק""ג",true,0,29.90,29.90,true,1,
4412227,false,"תפו""א אדום",,,תפוא אדום,Unknown,0.00,"ק""ג",true,0,4.90,4.90,true,1,
4412319,false,בטטה,,,בטטה,Unknown,0.00,"ק""ג",true,0,9.90,9.90,true,1,
4412340,false,קלמנטינה,,,קלמנטינה,Unknown,0.00,"ק""ג",true,0,8.90,8.90,true,1,
4412357,false,רימון,,,רימון,Unknown,0.00,"ק""ג",true,0,8.90,8.90,true,1,
4412395,false,תפוז ברשת,,,תפוז ברשת,Unknown,0.00,"ק""ג",true,0,6.90,6.90,true,1,
4412418,false,קיווי,,,קיווי,Unknown,0.00,"ק""ג",true,0,24.90,24.90,true,1,
4412432,false,תפוזים,,,תפוזים,Unknown,0.00,"ק""ג",true,0,7.90,7.90,true,1,
4412449,false,"תפו""ע יהונתן",,,תפוע יהונתן,Unknown,0.00,"ק""ג",true,0,19.90,19.90,true,1,
4412456,false,"תפו""ע חרמון",,,תפוע חרמון,Unknown,0.00,"ק""ג",true,0,12.90,12.90,true,1,
4412463,false,"תפו""ע מוזהב",,,תפוע מוזהב,Unknown,0.00,"ק""ג",true,0,12.90,12.90,true,1,
4412470,false,"תפו""ע סמיט",,,תפוע סמיט,Unknown,0.00,"ק""ג",true,0,12.90,12.90,true,1,
4412487,false,שזיף אדום,,,שזיף אדום,Unknown,0.00,"ק""ג",true,0,17.90,17.90,true,1,
4412500,false,בצל אדום,,,בצל אדום,Unknown,0.00,"ק""ג",true,0,6.90,6.90,true,1,
4412524,false,פומלית,,,פומלית,Unknown,0.00,"ק""ג",true,0,7.90,7.90,true,1,
4412531,false,ענבים ירוקים,,,ענבים ירוקים,Unknown,0.00,"ק""ג",true,0,28.90,28.90,true,1,
4412548,false,ענבים שחורים,,,ענבים שחורים,Unknown,0.00,"ק""ג",true,0,23.90,23.90,true,1,
4412579,false,מנגו,,,מנגו,Unknown,0.00,"ק""ג",true,0,16.90,16.90,true,1,
4412586,false,לימון,,,לימון,Unknown,0.00,"ק""ג",true,0,8.90,8.90,true,1,
4412616,false,בננות,,,בננות,Unknown,0.00,"ק""ג",true,0,9.90,9.90,true,1,
4412623,false,אגסים,,,אגסים,Unknown,0.00,"ק""ג",true,0,13.90,13.90,true,1,
4412630,false,אשכוליות,,,אשכוליות,Unknown,0.00,"ק""ג",true,0,7.90,7.90,true,1,
4412647,false,אבוקדו,,,אבוקדו,Unknown,0.00,"ק""ג",true,0,15.90,15.90,true,1,
4412654,false,אפרסמון,,,אפרסמון,Unknown,0.00,"ק""ג",true,0,19.90,19.90,true,1,
4412678,false,"תפו""א לבן",,,תפוא לבן,Unknown,0.00,"ק""ג",true,0,4.90,4.90,true,1,
4412685,false,פומלה,,,פומלה,Unknown,0.00,"ק""ג",true,0,12.90,12.90,true,1,
4412708,false,קולרבי,,,קולורבי,Unknown,0.00,"ק""ג",true,0,11.90,11.90,true,1,
4412715,false,קשואים,,,קישואים,Unknown,0.00,"ק""ג",true,0,8.90,8.90,true,1,
4412746,false,פלפל חריף,,,פלפל חריף,Unknown,0.00,"ק""ג",true,0,10.90,10.90,true,1,
4412777,false,פלפל צהוב,,,פלפל צהוב,Unknown,0.00,"ק""ג",true,0,9.90,9.90,true,1,
4412784,false,עגבניות,,,עגבניות,Unknown,0.00,"ק""ג",true,0,8.90,8.90,true,1,
4412791,false,סלק,,,סלק,Unknown,0.00,"ק""ג",true,0,4.90,4.90,true,1,
4412814,false,מלפפונים,,,מלפפונים,Unknown,0.00,"ק""ג",true,0,7.90,7.90,true,1,
4412838,false,כרובית,,,כרובית,Unknown,0.00,"ק""ג",true,0,12.90,12.90,true,1,
4412852,false,כרוב לבן,,,כרוב לבן,Unknown,0.00,"ק""ג",true,0,4.90,4.90,true,1,
4412869,false,חצילים,,,חצילים,Unknown,0.00,"ק""ג",true,0,7.90,7.90,true,1,
4412876,false,דלעת,,,דלעת,Unknown,0.00,"ק""ג",true,0,8.90,8.90,true,1,
4412883,false,גזר,,,גזר,Unknown,0.00,"ק""ג",true,0,4.90,4.90,true,1,
4429614,false,גבינה נועה בסגנון גאודה בזיליקום במשקל,,,גבינה נועה בסגנון,Unknown,0.00,"ק""ג",true,0,153.00,153.00,true,1,
4429676,false,קשקבל כבשים במשקל מחלבנה,,,קשקבל כבשים במשקל מח,Unknown,0.00,"ק""ג",true,0,147.00,147.00,true,1,
4485214,false,פילה עוף טרי במגש משק ארצי,,,פילה עוף טרי,Unknown,0.00,"ק""ג",true,0,46.90,46.90,true,1,
4485221,false,שניצל עוף טרי במגש משק ארצי,,,שניצל עוף טרי,Unknown,0.00,"ק""ג",true,0,52.90,52.90,true,1,
4530044,false,אמנטל צרפתי במשקל,,,אמנטל צרפתי במשקל,Unknown,0.00,"ק""ג",true,0,115.00,115.00,true,1,
4535209,false,סטייק צוואר פרוס טרי,,,סטייק צוואר פרוס טרי,Unknown,0.00,"ק""ג",true,0,94.90,94.90,true,1,
4535490,false,סטייק צלע לבן פרוס טרי,,,סטייק צלע לבן פרוס ט,Unknown,0.00,"ק""ג",true,0,86.90,86.90,true,1,
4725600,false,גבינה צהובה סקנדינבית 31% במשקל,,,גבינה צהובה סקנדינבי,Unknown,0.00,"ק""ג",true,0,75.00,75.00,true,1,
4861025,false,גבינה בולגרית 5%,,,גבינה בולגרית 5%,Unknown,0.00,"ק""ג",true,0,50.00,50.00,true,1,
4861285,false,טבורוג טבעי 9%,,,טבורוג טבעי 9%,Unknown,0.00,"ק""ג",true,0,39.00,39.00,true,1,
5079412,false,גבינה אמנטל נעם במשקל,,,גבינה אמנטל נעם במשק,Unknown,0.00,"ק""ג",true,0,68.00,68.00,true,1,
5678400,false,ענבים ראד גלוב חרצנים,,,ענבים ראד גלוב חרצני,Unknown,0.00,"ק""ג",true,0,31.90,31.90,true,1,
5697166,false,קממבר עיזים במשקל גלילי,,,קממבר עיזים גלילי,Unknown,0.00,"ק""ג",true,0,170.00,170.00,true,1,
5697173,false,ברי עיזים במשקל גלילי,,,ברי עיזים במשקל,Unknown,0.00,"ק""ג",true,0,170.00,170.00,true,1,
5697210,false,גבינת סנט מור במשקל גלילי,,,גבינת סנט מור במשקל,Unknown,0.00,"ק""ג",true,0,195.00,195.00,true,1,
5697241,false,גבינת קממבר בקר במשקל גלילי,,,גבינת קממבר בקר,Unknown,0.00,"ק""ג",true,0,126.00,126.00,true,1,
5697296,false,תום עיזים בורדו מנות שקיל,,,תום עיזים בורדו מנות,Unknown,0.00,"ק""ג",true,0,248.00,248.00,true,1,
5697357,false,ולנסי עיזים מנות שקיל,,,ולנסי עיזים מנות שקי,Unknown,0.00,"ק""ג",true,0,220.00,220.00,true,1,
5697388,false,קממבר גלילי מנות שקיל,,,קממבר גלילי מנות שקי,Unknown,0.00,"ק""ג",true,0,154.00,154.00,true,1,
5697395,false,ברי גלילי מנות במשקל,,,ברי גלילי מנות במשקל,Unknown,0.00,"ק""ג",true,0,158.00,158.00,true,1,
5697494,false,גבינה תום כמהין,,,גבינה תום כמהין גליל,Unknown,0.00,"ק""ג",true,0,231.00,231.00,true,1,
5992667,false,בולגרית 5% במשקל,,,בולגרית 5% במשקל,Unknown,0.00,"ק""ג",true,0,60.00,60.00,true,1,
5992858,false,פטה 5% מעודנת במשקל,,,פטה 5% מעודנת במשקל,Unknown,0.00,"ק""ג",true,0,119.00,119.00,true,1,
5992872,false,צפתית במים 5% במשקל,,,צפתית 5% במשקל,Unknown,0.00,"ק""ג",true,0,64.00,64.00,true,1,
5992889,false,גבינת שמנת 30% שמיר,,,גבינת שמנת 30% שמיר,קילוגרמים,0.00,"ק""ג",true,0,45.00,45.00,true,1,
6187253,false,סלמי סוגוק,,,סלמי סוגוק,Unknown,0.00,"ק""ג",true,0,150.00,150.00,true,1,
6187260,false,סינטה לבן טרי מפורק,,,סינטה לבנה  מפורקת,Unknown,0.00,"ק""ג",true,0,79.90,79.90,true,1,
6188663,false,חזה הודו ברביקיו דל שומן מזרע,,,חזה הודו דל שומן,Unknown,0.00,"ק""ג",true,0,80.00,80.00,true,1,
6188717,false,חזה הודו רומני דל שומן מזרע,,,חזה הודו רומני דל.ש,Unknown,0.00,"ק""ג",true,0,85.00,85.00,true,1,
6191915,false,גבינה מגורדת,,,גבינה מגורדת,Unknown,0.00,"ק""ג",true,0,55.00,55.00,true,1,
6194190,false,קצוות נקניק,,,קצוות נקניק,Unknown,0.00,"ק""ג",true,0,33.00,33.00,true,1,
6217943,false,נקניקיות וינר עבה מניה,,,נקניקיות וינר,קילוגרמים,0.00,"ק""ג",true,0,69.00,69.00,true,1,
6217950,false,נקניקיות וינר חדש פרדי מניה,,,נקניקיות וינר פרדי,Unknown,0.00,"ק""ג",true,0,75.00,75.00,true,1,
6218643,false,נקניקיות עוף לילדים מניה,,,נקניקיות עוף לילדים,Unknown,0.00,"ק""ג",true,0,40.00,40.00,true,1,
6219077,false,נקניק סלמי רוחברג מניה,,,נקניק סלמי רוחברג,Unknown,0.00,"ק""ג",true,0,160.00,160.00,true,1,
6219640,false,קוסטיצה לבן במשקל מניה,,,קוסטיצה לבנה במשקל,קילוגרמים,0.00,"ק""ג",true,0,139.00,139.00,true,1,
6219879,false,פריזר טעם של פעם מניה,,,פריזר טעם של פעם,Unknown,0.00,"ק""ג",true,0,70.00,70.00,true,1,
6336156,false,רוסיסקי בסגנון במשקל,,,רוסיסקי בסגנון במשקל,Unknown,0.00,"ק""ג",true,0,63.00,63.00,true,1,
6357571,false,סמוקרלה בסגנון שקיל,,,סמוקרלה בסגנון שקיל,Unknown,0.00,"ק""ג",true,0,84.00,84.00,true,1,
6519320,false,תחליף גבינה מעושנת במשקל GURMAN,,,גבינה אנלוגי מעושנת,Unknown,0.00,"ק""ג",true,0,70.00,70.00,true,1,
6519511,false,פריזר עוף מזרע,,,פריזר עוף,Unknown,0.00,"ק""ג",true,0,35.00,35.00,true,1,
6519566,false,פריזר אדום גדול,,,פריזר אדום גדול,Unknown,0.00,"ק""ג",true,0,59.00,59.00,true,1,
6519597,false,נקניק מוסקובסקיה חצי יבש מזרע,,,נקניק מוסקובסקיה,Unknown,0.00,"ק""ג",true,0,95.00,95.00,true,1,
6520395,false,בשר עוף טרי טחון,,,בשר עוף טרי טחון,Unknown,0.00,"ק""ג",true,0,36.90,36.90,true,1,
6625410,false,גאודה צילי במשקל,,,גאודה צילי במשקל,Unknown,0.00,"ק""ג",true,0,109.00,109.00,true,1,
6835147,false,פסטרמה לבנה רוסית בשום מזרע,,,פסטרמה לבנה רוסית,Unknown,0.00,"ק""ג",true,0,115.00,115.00,true,1,
6835161,false,פסטרמה לבנה רוסית מעושנת מזרע,,,פסטרמה לבנה רוסית,Unknown,0.00,"ק""ג",true,0,120.00,120.00,true,1,
6836496,false,ברי אגוזים במשקל,,,ברי אגוזים במשקל,Unknown,0.00,"ק""ג",true,0,157.00,157.00,true,1,
6843371,false,ספריבס חזה לבן ללא עור טרי,,,ספריבס חזה לבן ללא ע,Unknown,0.00,"ק""ג",true,0,85.90,85.90,true,1,
6843944,false,עוף שלם טרי,,,עוף שלם טרי,Unknown,0.00,"ק""ג",true,0,17.90,17.90,true,1,
6843951,false,גרון/גב/עצמות עוף טרי,,,גרון/גב/עצמות עוף טר,Unknown,0.00,"ק""ג",true,0,5.90,5.90,true,1,
8286947,false,"פילה סלמון  מנות ע""ע",,NO,"פילה סלמון  מנות ע""ע",Unknown,0.00,"ק""ג",true,0,84.90,84.90,true,1,
8379854,false,גבינה גרוזינסקי במשקל,,,גבינה גרוזינסקי במשק,Unknown,0.00,"ק""ג",true,0,59.00,59.00,true,1,
8379977,false,גבינת סולוגוני במשקל,,,גבינת סולוגוני במשקל,Unknown,0.00,"ק""ג",true,0,74.00,74.00,true,1,
8433426,false,פילה הייק קפוא,,,פילה הייק קפוא,Unknown,0.00,"ק""ג",true,0,54.90,54.90,true,1,
8433686,false,נקניקיות מרגז קפוא ארוז,,,נקניקיות מרגז קפואות,Unknown,0.00,"ק""ג",true,0,68.90,68.90,true,1,
8433853,false,כתף בקר מעושן מזרע,,,כתף בקר מעושנת מזרע,Unknown,0.00,"ק""ג",true,0,130.00,130.00,true,1,
8434683,false,צדר אדום גרמני במשקל,,,צדר אדום גרמני במשקל,Unknown,0.00,"ק""ג",true,0,89.00,89.00,true,1,
8434799,false,צדר לבן גרמני במשקל,,,צדר לבן גרמני במשקל,Unknown,0.00,"ק""ג",true,0,95.00,95.00,true,1,
8438667,false,פסטרמה כתף רומני מזרע,,,פסטרמה כתף רומני,Unknown,0.00,"ק""ג",true,0,120.00,120.00,true,1,
8439213,false,פסטרמה הודו פרפר על האש מזרע,,,פסטרמה הודו פרפר על,Unknown,0.00,"ק""ג",true,0,75.00,75.00,true,1,
8439510,false,פסטרמה הודו בדבש מזרע,,,פסטרמה הודו בדבש,Unknown,0.00,"ק""ג",true,0,70.00,70.00,true,1,
8439527,false,פסטרמה הודו פרפר מעושן מזרע,,,פסטרמה הודו פרפר מעו,Unknown,0.00,"ק""ג",true,0,75.00,75.00,true,1,
8439541,false,פסטרמה הודו על האש,,,פסטרמה הודו על האש,Unknown,0.00,"ק""ג",true,0,70.00,70.00,true,1,
8439787,false,פסטרמה לבנה רומנית מזרע,,,פסטרמה לבנה רומנית,Unknown,0.00,"ק""ג",true,0,120.00,120.00,true,1,
8440004,false,ירך לבן (פולקה) טרי,,,ירך לבן טרי,Unknown,0.00,"ק""ג",true,0,64.90,64.90,true,1,
8440059,false,אקסים לבן טרי,,,אקסים לבן טרי,Unknown,0.00,"ק""ג",true,0,39.90,39.90,true,1,
8440851,false,ספריבס לבן טרי,,,ספריבס לבן טרי,Unknown,0.00,"ק""ג",true,0,119.90,119.90,true,1,
8440868,false,כתף לבן מפורק נקי טרי,,,כתף לבן מפורק טרי,Unknown,0.00,"ק""ג",true,0,64.90,64.90,true,1,
8441056,false,זלץ מזרע,,,זלץ,Unknown,0.00,"ק""ג",true,0,80.00,80.00,true,1,
8442060,false,נקניק קבנוס מזרע,,,נקניק קבנוס מזרע,Unknown,0.00,"ק""ג",true,0,90.00,90.00,true,1,
8442350,false,גבינה מעושנת SNACKS במשקל,,,SNACKS גבינה אנלוגי,Unknown,0.00,"ק""ג",true,0,125.00,125.00,true,1,
8442398,false,אסאדו עגל טרי רצועות,,,אסאדו עגל טרי רצועות,Unknown,0.00,"ק""ג",true,0,54.90,54.90,true,1,
8442473,false,נקניק הרץ יבש מזרע,,,נקניק הרץ יבש,Unknown,0.00,"ק""ג",true,0,175.00,175.00,true,1,
8442602,false,נקניק פיקולו יבש,,,נקניק פיקולו יבש,Unknown,0.00,"ק""ג",true,0,152.00,152.00,true,1,
8442688,false,נקניק כפרית יבש מזרע,,,נקניק כפרית יבש,Unknown,0.00,"ק""ג",true,0,162.00,162.00,true,1,
8442831,false,שינקין מעודן מעושן דל שומן מזרע,,,שינקין מעודן מעושן,Unknown,0.00,"ק""ג",true,0,135.00,135.00,true,1,
8461047,false,גבינת ברי לה רוסטיק במשקל,,,גבינת ברי לה רוסטיק,Unknown,0.00,"ק""ג",true,0,172.00,172.00,true,1,
8498449,false,גבינת קומטה 16 חודש,,,גבינת קומטה 16 חודש,Unknown,0.00,"ק""ג",true,0,236.00,236.00,true,1,
8498456,false,פרובלונה דולצה שקיל,,,פרובלונה דולצה שקיל,Unknown,0.00,"ק""ג",true,0,166.00,166.00,true,1,
8498531,false,גבינת עיזים כמהין במשקל,,,גבינת עיזים כמהין במ,Unknown,0.00,"ק""ג",true,0,314.00,314.00,true,1,
8498685,false,גבינת גרוייר מיושנת במשקל,,CH,גבינת גרוייר מיושנת,Unknown,0.00,"ק""ג",true,0,230.00,230.00,true,1,
8498906,false,גאודה פטריות כמהין הולנד,,,גאודה פטריות כמהין ה,Unknown,0.00,"ק""ג",true,0,275.00,275.00,true,1,
8498913,false,גבינת לנדנה עיזים יין שקיל,,,גבינת לנדנה עיזים יי,Unknown,0.00,"ק""ג",true,0,210.00,210.00,true,1,
8618007,false,פילה סלמון פרוס טרי סקין,,IL,פילה סלמון פרוס טרי,Unknown,0.00,"ק""ג",true,0,119.90,119.90,true,1,
8618021,false,פילה דניס טרי סקין,,IL,פילה דניס טרי,Unknown,0.00,"ק""ג",true,0,134.90,134.90,true,1,
8618038,false,פילה לברק טרי סקין,,IL,פילה לברק טרי,Unknown,0.00,"ק""ג",true,0,154.90,154.90,true,1,
8618083,false,פילה אמנון טרי סקין,,IL,פילה אמנון טרי,Unknown,0.00,"ק""ג",true,0,84.90,84.90,true,1,
8713438,false,גאודה מיושנת גלגל במשקל D DAIRY,,,גאודה הולנדית מיושנת,Unknown,0.00,"ק""ג",true,0,129.00,129.00,true,1,
8776066,false,סטייק סינטה עגל,,,סטייק סינטה עגל,Unknown,0.00,"ק""ג",true,0,114.90,114.90,true,1,
8776097,false,פרוסות עגל טרי לצלי,,,פרוסות עגל טרי לצלי,Unknown,0.00,"ק""ג",true,0,69.90,69.90,true,1,
8776851,false,טיבון עגל טרי,,,טיבון עגל טרי,Unknown,0.00,"ק""ג",true,0,154.90,154.90,true,1,
8776875,false,סטייק ניו יורק,,,סטייק ניו יורק,Unknown,0.00,"ק""ג",true,0,119.90,119.90,true,1,
9441017,false,עגבניות שרי,,,עגבניות שרי,Unknown,0.00,"ק""ג",true,0,24.90,24.90,true,1,
11549475,false,לחמניה שמרים,,,לחמניה שמרים,גרמים,180.00,100 גרם,false,1,3.90,2.17,true,1,
40084107,false,קינדר ביצת הפתעה,,,קינדר ביצת הפתעה,Unknown,0.00,Unknown,false,1,5.50,5.50,true,1,
40111216,false,חטיף באונטי 57 גרם,,,חטיף באונטי 57 גרם,גרמים,57.00,100 גרם,false,1,3.90,6.84,true,1,
40111445,false,מ&מס פינאטס 45 גרם,,,מ&מס פינאטס 45 גרם,גרמים,45.00,100 גרם,false,1,4.90,10.89,true,1,
40144016,false,סוכריות חמאה וורטר אורגינל גליל בודד 50,,,סוכריות חמאה וורטר א,גרמים,50.00,100 גרם,false,1,5.20,10.40,true,1,
40345512,false,-XXL סוכריות סמרטיז עדשים צבעוני 130 ג,,AT,-XXL סוכריות סמרטיז,גרמים,130.00,100 גרם,false,1,13.90,10.69,true,1,
41024355,false,בירה ביטבורגר 4.8% 500 מל פחית,,,בירה ביטבורגר 4.8% 5,מיליליטרים,500.00,"100 מ""ל",false,1,7.90,1.58,true,1,
42134978,false,סרגל מרציפן סנטה ארסמי כאסטן 100 גר,,,סרגל מרציפן סנטה ארס,גרמים,100.00,100 גרם,false,1,13.90,13.90,true,1,
42135012,false,סרגל איש קרח נוגט 100 ג CARSTEN,,,סרגל איש קרח נוגט 10,גרמים,100.00,100 גרם,false,1,11.80,11.80,true,1,
42138105,false,ווינסטון סופר סלימס כחול חפיסה,,,ווינסטון סופר סלימס,Unknown,0.00,Unknown,false,1,32.00,32.00,true,1,
42138129,false,ווינסטון סופר סלימס נטוראל חפיסה,,,ווינסטון סופר סלימס,Unknown,0.00,Unknown,false,1,32.00,32.00,true,1,
42154662,false,אורביט באריזת מעטפה ספירמינט מסטיק,,,אורביט באריזת מעטפה,Unknown,0.00,Unknown,false,1,7.40,7.40,true,1,
42188889,false,אורביט פייב אבטיח 12 סטיקס 29 גר,,,אורביט פייב אבטיח 12,Unknown,0.00,Unknown,false,1,6.90,6.90,true,1,
42370314,false,גונץ-סמרטיז קלפר מולטי מיקס 55.5 גר,,,גונץ-סמרטיז קלפר מול,גרמים,55.00,100 גרם,false,1,15.90,28.91,true,1,
45358850,false,אוסובוקו טרי פרוס,,,אוסובוקו טרי,Unknown,0.00,"ק""ג",true,0,49.90,49.90,true,1,
59039549,false,ווג פריזון מנטול חפיסה,,,ווג פריזון מנטול חפי,Unknown,0.00,Unknown,false,1,37.50,37.50,true,1,
59068907,false,פאל מאל כחול דמי סלימס חפיסה,,,פאל מאל כחול דמי סלי,Unknown,0.00,Unknown,false,1,26.00,26.00,true,1,
59068914,false,פאל מאל סילבר דמי סלימס חפיסה,,,פאל מאל סילבר דמי סל,Unknown,0.00,Unknown,false,1,26.00,26.00,true,1,
59082637,false,"דאו רקסונה מן רול און אקסטרה קול 50 מ""ל",,GB,דאו רקסונה מן רול או,מיליליטרים,50.00,"100 מ""ל",false,1,20.90,41.80,true,1,
59455233,false,ווג סופרסלימס כחול,,,ווג סופרסלימס כחול,יחידה,1.00,יחידה,false,1,37.50,37.50,true,1,
59455240,false,ווג סופרסלימס לילך חפיסה,,,ווג סופרסלימס לילך,יחידה,1.00,יחידה,false,1,37.50,37.50,true,1,
72940754,false,מילקי וניל 130 גרם,,,מילקי וניל 130 גרם,גרמים,130.00,100 גרם,false,1,2.90,2.23,true,1,
72940761,false,מילקי שוקולד 130 גרם,,,מילקי שוקולד 130 גרם,גרמים,130.00,100 גרם,false,1,2.90,2.23,true,1,
72963753,false,"שמנת של פעם 27% 200 מ""ל",,,שמנת של פעם 27% 200,מיליליטרים,200.00,"100 מ""ל",false,1,4.00,2.00,true,1,
72986370,false,"בן אנד גריס גלידת וניל 500 מ""ל",,,בן אנד גריס גלידת ונ,מיליליטרים,500.00,"100 מ""ל",false,1,24.90,4.98,true,1,
72986424,false,"בן אנד גריס גלידת קרם עוגיות 500 מ""ל",,,בן אנד גריס גלידת קר,מיליליטרים,500.00,"100 מ""ל",false,1,24.90,4.98,true,1,
72986448,false,"בן אנד גריס גלידת טופי קראנץ 500 מ""ל",,,בן אנד גריס גלידת טו,מיליליטרים,800.00,"100 מ""ל",false,1,24.90,3.11,true,1,
72986455,false,"בן אנד גריס גלידת ניו יורק סופר 500 מ""ל",,,בן אנד גריס גלידת ני,מיליליטרים,500.00,"100 מ""ל",false,1,24.90,4.98,true,1,
72986479,false,"בן אנד גריס גלידת צאקי מנקי 500 מ""ל",,,בן אנד גריס גלידת צא,מיליליטרים,500.00,"100 מ""ל",false,1,24.90,4.98,true,1,
72989425,false,"בן אנד גריס שוקולד בראוניס 500 מ""ל",,,בן אנד גריס שוקולד ב,מיליליטרים,500.00,"100 מ""ל",false,1,24.90,4.98,true,1,
72991497,false,נובלס פילטר חפיסה,,,נובלס פילטר חפיסה,Unknown,0.00,Unknown,false,1,29.50,29.50,true,1,
72993637,false,מעדן דני שוקולד 125 גר,,,מעדן דני שוקולד 125,גרמים,125.00,100 גרם,false,1,2.90,2.32,true,1,
72994061,false,פסק זמן טו גוד 36 גר,,,פסק זמן טו גוד 36 גר,גרמים,36.00,100 גרם,false,1,4.90,13.61,true,1,
76136184,false,פאל מאל סופרסלימס כחול,,,פאל מאל סופרסלימס כח,Unknown,0.00,Unknown,false,1,30.00,30.00,true,1,
80001287,false,חטיף גרדנה 38 גרם,,,חטיף גרדנה 38 גרם,גרמים,38.00,100 גרם,false,1,4.40,11.58,true,1,
80001485,false,חטיף גרדנה קוקוס,,,חטיף גרדנה קוקוס,גרמים,38.00,100 גרם,false,1,4.40,11.58,true,1,
80001911,false,גרדנה שוקולד לבן במילוי קרם אגוזים 38 ג,,,גרדנה שוקולד לבן במי,גרמים,38.00,100 גרם,false,1,4.40,11.58,true,1,
80042556,false,POLPA עגבניות חתוכות דק 400 גרם MUTTI,,,POLPA עגבניות חתוכות,גרמים,400.00,100 גרם,false,1,6.80,1.70,true,1,
80050025,false,סוכריות טיק טק בטעם תפוז,,,סוכריות טיק טק בטעם,גרמים,16.00,100 גרם,false,1,3.50,21.88,true,1,
80050124,false,סוכריות טיק טק בטעם מנטה,,,סוכריות טיק טק בטעם,גרמים,16.00,100 גרם,false,1,3.50,21.88,true,1,
80052487,false,חטיף רפאלו 1/3 30 גר,,,חטיף רפאלו 1/3 30 גר,גרמים,30.00,100 גרם,false,1,4.50,15.00,true,1,
80052760,false,חטיף קינדר בואנו 43 גר,,,חטיף קינדר בואנו 43,גרמים,43.00,100 גרם,false,1,3.90,9.07,true,1,
80052883,false,טיק טק בודד מנטה חזק 16 גר,,ZA,טיק טק בודד מנטה חזק,גרמים,16.00,100 גרם,false,1,3.50,21.88,true,1,
80136194,false,קינדר הפי היפו אגוזי לוז חמישייה 103.5 ג,,,קינדר הפי היפו אגוזי,גרמים,104.00,100 גרם,false,1,12.50,12.02,true,1,
80176732,false,קינדר הפי הפי בודד 35 גר,,,קינדר הפי הפי בודד 3,גרמים,35.00,100 גרם,false,1,4.00,11.43,true,1,
80176800,false,ממרח שוקולד נוטלה 750 גרם,,,ממרח שוקולד נוטלה 75,גרמים,750.00,100 גרם,false,1,25.90,3.45,true,1,
80177173,false,ממרח נוטלה 350 גרם,,,ממרח נוטלה 350 גרם,גרמים,350.00,100 גרם,false,1,14.90,4.26,true,1,
80177180,false,שוקולד קינדר קאונטרי 23.5 גרם,,,שוקולד קינדר קאונטרי,גרמים,24.00,100 גרם,false,1,3.10,12.92,true,1,
80177616,false,טבלת שוקולד קינדר 100 גרם,,,טבלת שוקולד קינדר 10,גרמים,100.00,100 גרם,false,1,8.40,8.40,true,1,
80273561,false,פלפל שחור במטחנה 45 גר ארומה דה טוסקנה,,,פלפל שחור במטחנה 45,גרמים,45.00,100 גרם,false,1,14.20,31.56,true,1,
80273592,false,פלפל ארבע עונות 30 גר ארומה דה טוסקנה,,,פלפל ארבע עונות 30 ג,גרמים,30.00,100 גרם,false,1,14.20,47.33,true,1,
80273639,false,מלח ים במטחנה 90 גר ארומה דה טוסקנה,,,מלח ים במטחנה 90 גר,גרמים,90.00,100 גרם,false,1,14.20,15.78,true,1,
80273660,false,שום במטחנה 50 גר ארומה דה טוסקנה,,,שום במטחנה 50 גר ארו,גרמים,50.00,100 גרם,false,1,14.20,28.40,true,1,
80310167,false,קינדר מקסי שישייה 126 גר,,,קינדר מקסי שישייה 12,גרמים,126.00,100 גרם,false,1,9.90,7.86,true,1,
80310549,false,קינדר הפי היפו אגוזי לוז 35 גר,,,קינדר הפי היפו אגוזי,גרמים,35.00,100 גרם,false,1,3.80,10.86,true,1,
80473213,false,כמון אורגני 32 גרם קנהמלה,,,כמון אורגני 32 גרם ק,גרמים,32.00,100 גרם,false,1,15.90,49.69,true,1,
80525288,false,Agnesi רוטב עגבניות וזיתים 400 גר,,IT,Agnesi רוטב עגבניות,גרמים,400.00,100 גרם,false,0,14.60,3.65,true,1,
80525462,false,Agnesi רוטב עגבניות נפוליטנה 400 גר,,IT,Agnesi רוטב עגבניות,גרמים,400.00,100 גרם,false,0,14.60,3.65,true,1,
80651017,false,תערובת עשבי טוסקנה במטחנה 15 ארומה דה טו,,,תערובת עשבי טוסקנה ב,גרמים,15.00,100 גרם,false,1,14.20,94.67,true,1,
80761761,false,קינדר בואנו לבן בודד 39 גר,,,קינדר בואנו לבן בודד,גרמים,39.00,100 גרם,false,1,3.90,10.00,true,1,
80762362,false,מסטיק מנטוס וויט מנטה אקליפטוס 60 גר,,TR,מסטיק מנטוס וויט מנט,גרמים,60.00,100 גרם,false,1,9.90,16.50,true,1,
80768838,false,מסטיק מנטוס וויט ביג פירות מנטה 105 גר,,,מסטיק מנטוס וויט ביג,גרמים,105.00,100 גרם,false,1,17.90,17.05,true,1,
80773429,false,מנטוס בבקבוק בינוני פיור פרש תות 60 גר,,,מנטוס בבקבוק פיור,Unknown,0.00,Unknown,false,1,9.90,9.90,true,1,
80773443,false,מנטוס בבקבוק מעוגל טעם מנטה עדינה 60 גר,,,מנטוס בבקבוק מעוגל ט,Unknown,0.00,Unknown,false,1,9.90,9.90,true,1,
80822141,false,קינדר עץ חג המולד 76 גרם,,,קינדר עץ חג המולד 76,גרמים,76.00,100 גרם,false,1,22.90,30.13,true,1,
80831402,false,"מנטוס מנטה עדינה לל""ס 21 גר Clean Breat",,,"מנטוס מנטה עדינה לל""",גרמים,21.00,100 גרם,false,1,7.30,34.76,true,1,
80843184,false,מנטוס בבקבוק פיור בטעם ענבים 60 גר,,,מנטוס בבקבוק פיור בט,גרמים,60.00,100 גרם,false,1,9.90,16.50,true,1,
80854753,false,"מנטוס מנטה לל""ס 21 גר Clean Breath",,,"מנטוס מנטה לל""ס 21 ג",גרמים,21.00,100 גרם,false,1,7.30,34.76,true,1,
80862260,false,מסטיק מנטוס פיור וויט מנטה מתוקה 150 גר,,TR,מסטיק מנטוס פיור ווי,גרמים,150.00,100 גרם,false,1,18.90,12.60,true,1,
80874652,false,קינדר קארדס 25.6 גרם,,IT,וופל קינדר קארדס 25.,גרמים,26.00,100 גרם,false,1,3.50,13.46,true,1,
80913467,false,מנטוס בבקבוק מעוגל בטעם מנטה 60 גר,,,מנטוס בבקבוק מעוגל ב,Unknown,0.00,Unknown,false,1,9.90,9.90,true,1,
80929277,false,מסטיק מנטוס פיור וויט מנטה עדינה 150 גר,,TR,מסטיק מנטוס פיור ווי,גרמים,150.00,100 גרם,false,1,18.90,12.60,true,1,
80945468,false,מסטיק מנטוס וייט מנטה מתוקה  60 גרם,,,מסטיק מנטוס וייט מנט,גרמים,60.00,100 גרם,false,1,9.90,16.50,true,1,
80957706,false,מסטיק מנטוס פיור וויט מנטה 150 גר,,TR,מסטיק מנטוס פיור ווי,גרמים,150.00,100 גרם,false,1,18.90,12.60,true,1,
80974482,false,ביצה קינדר גוי כחול,,,ביצה קינדר גוי כחול,גרמים,20.00,100 גרם,false,1,5.90,29.50,true,1,
80979128,false,מנטוס בבקבוק פיור בטעם דובדבן 60 גר,,,מנטוס בבקבוק פיור בט,גרמים,60.00,100 גרם,false,1,9.90,16.50,true,1,
80982470,false,גומי לעיסה פיור פרוסט בטעם מנטה חזקה,,TR,גומי לעיסה פיור פרוס,גרמים,60.00,100 גרם,false,1,9.90,16.50,true,1,
80986348,false,מסטיק מנטוס וייט מנטה  60 גרם,,,מסטיק מנטוס וייט מנט,גרמים,60.00,100 גרם,false,1,9.90,16.50,true,1,
80995128,false,מסטיק מנטוס ויטמין בטעם הדרים ללא סוכר60,פרפטי,TR,מסטיק מנטוס ויטמין ב,גרמים,60.00,100 גרם,false,1,9.90,16.50,true,1,
84127730,false,"קקאולט משקה קקאו 200 מ""ל",,ES,קקאולט משקה קקאו 200,מיליליטרים,200.00,"100 מ""ל",false,1,10.90,5.45,true,1,
85939868,false,נייר קצר ללא פילטר PIH,,,נייר קצר ללא פילטר P,יחידה,1.00,יחידה,false,1,3.00,3.00,true,1,
85942707,false,נייר קצר ללא פילטר עבה PIH,,,נייר קצר ללא פילטר ע,יחידה,1.00,יחידה,false,1,3.00,3.00,true,1,
85967069,false,נייר גלגול גדול כולל פילטר חום,,CZ,נייר גלגול גדול כולל,יחידה,1.00,יחידה,false,1,6.00,6.00,true,1,
87108538,false,מנטוס תות שדה,,,מנטוס תות שדה,Unknown,0.00,Unknown,false,1,3.60,3.60,true,1,
87108651,false,מנטוס מנטה 1/4,,,מנטוס מנטה 1/4,גרמים,150.00,100 גרם,false,1,13.50,9.00,true,1,
87221503,false,מיונז גאודס הולנדי אמיתי 650 גר,,NL,מיונז גאודס הולנדי א,גרמים,650.00,100 גרם,false,1,23.90,3.68,true,1,
87311396,false,מנטוס RAINBOW,,,מנטוס RAINBOW,Unknown,0.00,Unknown,false,1,3.60,3.60,true,1,
90057861,false,"שלומברגר קלימט יבש 750 מ""ל",,,שלומברגר קלימט יבש 7,Unknown,0.00,Unknown,false,1,72.90,72.90,true,1,
90087011,false,מיץ תפוחים  100% קרטונית ראוך,,,מיץ תפוחים  100% קרט,מיליליטרים,1000.00,"100 מ""ל",false,1,14.60,1.46,true,1,
90087547,false,מיץ עגבניות 1 ליטר ראוך קרטונית,,,מיץ עגבניות 1 ליטר ר,מיליליטרים,1000.00,"100 מ""ל",false,1,11.40,1.14,true,1,
90162602,false,"משקה רד בול מוגז פחית 250 מ""ל",,,משקה רד בול מוגז פחי,מיליליטרים,250.00,"100 מ""ל",false,1,7.20,2.88,true,1,
90162800,false,"משקה רד בול מוגז פחית 250 מ""ל שוגרפרי",,,משקה רד בול מוגז,מיליליטרים,250.00,"100 מ""ל",false,1,7.20,2.88,true,1,
90446269,false,"משקה רד בול אבטיח מוגז פחית 250 מ""ל",,,משקה רד בול אבטיח מו,מיליליטרים,250.00,"100 מ""ל",false,1,7.20,2.88,true,1,
90448867,false,"רד בול ללא פחמימות 250 מ""ל",,,משקה אנרגיה רד בול ל,מיליליטרים,250.00,"100 מ""ל",false,1,7.20,2.88,true,1,
90453427,false,"משקה אנרגיה רד בול פיטאיה 250 מ""ל",רד בול,,משקה אנרגיה רד בול פ,מיליליטרים,250.00,"100 מ""ל",false,1,7.20,2.88,true,1,
8112100298,false,שמן שומשום 185 מל,,,"שמן שומשום 185 מ""ל",מיליליטרים,185.00,"100 מ""ל",false,1,14.90,8.05,true,1,
9800800056,false,נוטלה & גו 52 גרם,,,נוטלה & גו 52 גרם,גרמים,52.00,100 גרם,false,1,5.00,9.62,true,1,
11182700916,false,שעועית לבנה צפונית 454 גרם,,,שעועית לבנה צפונית 4,גרמים,454.00,100 גרם,false,1,12.10,2.67,true,1,
11182700923,false,שעועית אדומה בהירה 454 גרם,,,שעועית אדומה בהירה 4,גרמים,454.00,100 גרם,false,1,12.10,2.67,true,1,
11210002500,false,"רוטב טבסקו בפאלו 150 מ""ל",,,רוטב טבסקו בפאלו 150,מיליליטרים,150.00,"100 מ""ל",false,1,20.90,13.93,true,1,
11359650143,false,דיפ סלסה חריפה 190 גרם,,,דיפ סלסה חריפה 190 ג,גרמים,190.00,100 גרם,false,1,9.90,5.21,true,1,
12086322112,false,יין דרוהין שבלי רזרב 750 מל,,,יין דרוהין שבלי רזרב,מיליליטרים,750.00,"100 מ""ל",false,1,142.90,19.05,true,1,
12086322211,false,יין דרוהין שבלי 750 מל צרפתי,,,יין דרוהין שבלי 750,Unknown,0.00,Unknown,false,1,104.90,104.90,true,1,
13300555392,false,פילסברי מיקס בראוניז שוקולד חלב 521ג,,US,פילסברי מיקס בראוניז,גרמים,521.00,100 גרם,false,1,15.90,3.05,true,1,
13300760406,false,פילסברי ציפוי שוקולד חלב 453ג,,US,פילסברי ציפוי שוקולד,גרמים,453.00,100 גרם,false,1,19.90,4.39,true,1,
13409128442,false,רוטב באפלו חריף לכנפיים 473 גרם,,US,רוטב באפלו חריף לכנפ,גרמים,473.00,100 גרם,false,1,23.90,5.05,true,1,
14100074120,false,עוגיות פפרידג פארם מילנו 198 גרם,,,עוגיות פפרידג פארם,גרמים,198.00,100 גרם,false,1,24.90,12.58,true,1,
14100077084,false,עוגיות פפרידג פארם פקאן 206 גר,,,עוגיות פפרידג פארם,גרמים,206.00,100 גרם,false,1,24.90,12.09,true,1,
16000185517,false,פייבר וואן 555 גרם,,,פייבר וואן 555 גרם,גרמים,555.00,100 גרם,false,1,32.50,5.86,true,1,
16000423534,false,קראנצי שיבולת שועל ושוקולד מריר 210 גר,,,קראנצי שיבולת שועל ו,גרמים,210.00,100 גרם,false,1,17.90,8.52,true,1,
16000548602,false,קראנצי בטעם קנמון 210 גר,,,קראנצי בטעם קנמון,גרמים,210.00,100 גרם,false,1,17.90,8.52,true,1,
16000548909,false,חטיף ניישטר וואלי 1/5 בריאות מעורב 210 ג,,,חטיף ניישטר וואלי 1/,גרמים,210.00,100 גרם,false,1,17.90,8.52,true,1,
16229924263,false,"קרם קוקוס 250 מ""ל",,,"קרם קוקוס 250 מ""ל",מיליליטרים,250.00,"100 מ""ל",false,1,10.40,4.16,true,1,
18000701223,false,תערובת לעוגת שוקולד 517 גרם פילסבורי,,,תערובת לעוגת שוקולד,גרמים,517.00,100 גרם,false,1,17.90,3.46,true,1,
19582000568,false,בולס איי רוטב ברביקיו אוריגינל 496 גר,,US,בולס איי רוטב ברביקי,גרמים,496.00,100 גרם,false,1,14.90,3.00,true,1,
21000046867,false,מטבל סלסה בחריפות מע,,US,מטבל סלסה בחריפות מע,Unknown,1.00,Unknown,false,1,14.90,14.90,true,1,
21000067060,false,קרפט מקרוני וגבינה אורגינל 206 גרם,,US,פסטה קראפט מק אנד צי,גרמים,206.00,100 גרם,false,1,9.90,4.81,true,1,
21723339994,false,רוטב דגים 300מ`ל,,,רוטב דגים 300מ`ל,מיליליטרים,300.00,"100 מ""ל",false,1,10.40,3.47,true,1,
22014051021,false,"רסק תפו""ע בפאוץ אורגני 360 גרם",,US,"רסק תפו""ע בפאוץ אורג",גרמים,360.00,100 גרם,false,1,22.90,6.36,true,1,
22224200837,false,וולבי ליקריץ שחור בסגנון אוסטרלי 114 גרם,,,וולבי ליקריץ שחור בס,גרמים,114.00,100 גרם,false,1,12.90,11.32,true,1,
24100204113,false,סנשיין קרקר ציז איט אורגינל 198 גר,,,סנשיין קרקר ציז איט,גרמים,198.00,100 גרם,false,1,16.60,8.38,true,1,
24100226429,false,סנשיין קרקר ציז איט אורגינל קטן 127 גרם,,,סנשיין קרקר ציז איט,גרמים,127.00,100 גרם,false,1,10.90,8.58,true,1,
24100315345,false,סנשיין קרקר צ`יז צ`דר לבן בשקית 85 גר,,,סנשיין קרקר צ`יז צ`ד,גרמים,85.00,100 גרם,false,1,7.50,8.82,true,1,
24463061071,false,ממרח פלפל צילי חריף 226 גר,,,ממרח פלפל צילי חריף,גרמים,226.00,100 גרם,false,1,23.50,10.40,true,1,
25675120020,false,מקלות חמצוצים פטל 100 גרם,,,מקלות חמצוצים פטל 10,גרמים,100.00,100 גרם,false,1,9.90,9.90,true,1,
25675120037,false,מקלות חמצוצים תות 100 גרם,,,מקלות חמצוצים תות 10,גרמים,100.00,100 גרם,false,1,9.90,9.90,true,1,
25675121034,false,חמצוצים רחב תות 115 גרם,,,חמצוצים רחב 115 גר ת,גרמים,115.00,100 גרם,false,1,11.40,9.91,true,1,
25675301108,false,מקלות חמצוצים תות 50 גרם,,,מקלות חמצוצים תות 50,גרמים,50.00,100 גרם,false,1,5.90,11.80,true,1,
29801025203,false,עוגיות חמאה קריספי - ב. באטרס 200 גר,,,עוגיות חמאה קריספי -,גרמים,200.00,100 גרם,false,1,20.90,10.45,true,1,
30000315958,false,קוואקר פרוטאין בננה אגוזים 366 גר,,US,קוואקר פרוטאין בננה,גרמים,366.00,100 גרם,false,1,21.30,5.82,true,1,
30000315989,false,קוואקר פרוטאין חמוציות ושקדים 372 גר,,US,קוואקר פרוטאין חמוצי,גרמים,372.00,100 גרם,false,1,21.30,5.73,true,1,
30100100553,false,קרקר קלאב טאון האוס אורגנל 391 גרם קיבלר,,,קרקר קלאב טאון האוס,גרמים,391.00,100 גרם,false,1,20.00,5.12,true,1,
30100472414,false,סנדוויץ קרקר קלאב צדר 311 גרם,,,סנדוויץ קרקר קלאב צד,גרמים,311.00,100 גרם,false,1,28.50,9.16,true,1,
34000470563,false,ריסז מיניס 215 גר,,US,ריסז מיניס 215 גר,גרמים,215.00,100 גרם,false,1,22.90,10.65,true,1,
38000138638,false,פרינגלס פיצה 158 גרם,,,פרינגלס פיצה 158 גרם,גרמים,158.00,100 גרם,false,1,8.90,5.63,true,1,
38000138720,false,פרינגלס ראנץ 158 גרם,,,פרינגלס ראנץ 158 גרם,גרמים,158.00,100 גרם,false,1,8.90,5.63,true,1,
38000183928,false,פרינגלס חרדל ודבש 158 גרם,,US,פרינגלס חרדל ודבש 15,גרמים,158.00,100 גרם,false,1,8.90,5.63,true,1,
38000202278,false,פרינגלס וייב אורגינל 130 גרם,,US,פרינגלס וייב אורגינל,גרמים,130.00,100 גרם,false,1,8.90,6.85,true,1,
38000232152,false,פרינגלס ברביקיו 158 גרם,,,פרינגלס ברביקיו 158,גרמים,158.00,100 גרם,false,1,8.90,5.63,true,1,
38000232176,false,פרינגלס שמנת בצל 158 גרם,,,פרינגלס שמנת בצל 158,גרמים,158.00,100 גרם,false,1,8.90,5.63,true,1,
38000232183,false,פרינגלס אוריגינל 149 גרם,,,פרינגלס אוריגינל 149,גרמים,149.00,100 גרם,false,1,8.90,5.97,true,1,
38527591060,false,דגני בוקר מרובעים  411 גרם קוואקר,,,דגני בוקר מרובעים  4,גרמים,411.00,100 גרם,false,1,17.90,4.36,true,1,
39000008051,false,אורטגה טאקו ארוחת קיט 283 גרם,,,אורטגה טאקו ארוחת קי,גרמים,283.00,100 גרם,false,1,36.50,12.90,true,1,
39000010351,false,פלפל חלפיניו בצנצנת אורטגה 340 גרם,,,פלפל חלפיניו בצנצנת,גרמים,340.00,100 גרם,false,1,20.90,6.15,true,1,
39000015622,false,C&T סלסה מדיום אורטגה 453 גרם,,,C&T סלסה מדיום אורטג,גרמים,453.00,100 גרם,false,1,24.90,5.50,true,1,
39000015677,false,C&T סלסה מיילד אורטגה 454 גרם,,,C&T סלסה מיילד אורטג,גרמים,454.00,100 גרם,false,1,24.90,5.48,true,1,
39047001152,false,ווקרס עוגיות חמאה פינגרס 150 גרם,,,ווקרס עוגיות חמאה פי,גרמים,150.00,100 גרם,false,1,19.80,13.20,true,1,
39047001404,false,ווקרס עוגיות חמאה עגולות 33% 200 גרם,,,ווקרס עוגיות חמאה עג,גרמים,200.00,100 גרם,false,1,19.80,9.90,true,1,
39047005426,false,ווקרס ביסקוויט גינגר 150 גרם,,,ווקרס ביסקוויט עם גי,גרמים,150.00,100 גרם,false,1,19.80,13.20,true,1,
41190022663,false,שופ רייט דייסת מייפל סוכר חום 430 גרם,,,שופ רייט דייסת מייפל,גרמים,430.00,100 גרם,false,1,27.90,6.49,true,1,
41190032518,false,חרדל חום מתובל 340 גרם,,,חרדל חום מתובל 340 ג,גרמים,340.00,100 גרם,false,1,11.80,3.47,true,1,
41224700260,false,צלפים מיניאטורים בחומץ 90 ג,,,צלפים מיניאטורים בחו,Unknown,0.00,Unknown,false,1,19.50,19.50,true,1,
41224700925,false,"פירות הצלף בחומץ 466 מ""ל",,,צלפים מיניאטורים בחו,מיליליטרים,466.00,"100 מ""ל",false,1,26.70,5.73,true,1,
41331124379,false,שעועית פינטו 439 גרם,,,שעועית פינטו 439 גרם,גרמים,439.00,100 גרם,false,1,11.90,2.71,true,1,
41331124669,false,גויה שעועית שחורה 439 גרם,,,גויה שעועית שחורה 43,גרמים,439.00,100 גרם,false,1,11.90,2.71,true,1,
41390001079,false,"רוטב סויה מופחת נתרן קיקומן 444 מ""ל",,US,רוטב סויה מופחת נתרן,מיליליטרים,444.00,"100 מ""ל",false,1,19.90,4.48,true,1,
41500000428,false,חרדל חום חריף 340 גר Frenches,,US,ממרח חרדל בטעם פיקנט,גרמים,340.00,100 גרם,false,1,19.90,5.85,true,1,
41500013183,false,"רוטב וורצסטר 443 מ""ל FRENCHS",,,"רוטב וורצסטר 443 מ""ל",מיליליטרים,443.00,"100 מ""ל",false,1,23.90,5.40,true,1,
41500818467,false,"פרנצ רוטב ווסטר מופחת נתרן 443 מ""ל",,US,רוטב וורצסטר דל נתרן,מיליליטרים,443.00,"100 מ""ל",false,1,23.90,5.40,true,1,
43647320018,false,קונפיטורה משמש 340 גר TIPTREE,,,קונפיטורה משמש 340 ג,גרמים,340.00,100 גרם,false,1,29.90,8.79,true,1,
46214372250,false,"עוגיות  שטרודל תפו""ע  וצימוקים 225 גר",,,"עוגיות  שטרודל תפו""ע",גרמים,225.00,100 גרם,false,1,8.90,3.96,true,1,
46214382259,false,עוגיות בראוניס 200 גר,,,עוגיות בראוניס 200 ג,גרמים,200.00,100 גרם,false,1,8.90,4.45,true,1,
46214731552,false,עוגיות מרבה שוקולד ציפס 225 גר,,,עוגיות מרבה שוקולד צ,גרמים,225.00,100 גרם,false,1,8.90,3.96,true,1,
47800175477,false,"רייטס רוטב מסקיט מעושן מרוכז 103 מ""ל",,US,רייטס רוטב מסקיט מעו,מיליליטרים,103.00,"100 מ""ל",false,1,19.90,19.32,true,1,
48327203513,false,"שמן זית כתית מעולה 750 מ""ל YBARRA",,ES,שמן זית כתית מעולה 7,מיליליטרים,750.00,"100 מ""ל",false,1,39.90,5.32,true,1,
50000015474,false,פריסקיז דגים 1.40 קג,,,פריסקיז מעדני הים 1.,קילוגרמים,0.00,"ק""ג",false,1,34.90,34.90,true,1,
50000100347,false,פריסקיז מעדני חתול 1.43 גרם,,,פריסקיז מעדני החתול,קילוגרמים,0.00,"ק""ג",false,1,34.90,34.90,true,1,
50000168583,false,פריסקיז אקסטרא קראנץ,,,פריסקיז אקסטרא קראנץ,Unknown,1.00,Unknown,false,1,34.90,34.90,true,1,
50000397587,false,נסטלה אבקת שוקו חלב 121 גרם,,US,נסטלה אבקת שוקו חלב,גרמים,121.00,100 גרם,false,1,21.90,18.10,true,1,
52100002453,false,תערובת תיבול לסטייק 96 גר,,US,תערובת תיבול לסטייק,גרמים,96.00,100 גרם,false,1,19.90,20.73,true,1,
52100002460,false,תערובת תיבול לעוף ודג 77 גר,,US,תערובת תיבול לעוף וד,גרמים,77.00,100 גרם,false,1,19.90,25.84,true,1,
52100004389,false,קינמון טחון 67 גר,,US,קינמון טחון 67 גר,גרמים,67.00,100 גרם,false,1,21.90,32.69,true,1,
52100006260,false,אבקת שום 88 גר,,US,אבקת שום 88 גר,גרמים,88.00,100 גרם,false,1,29.50,33.52,true,1,
52100070667,false,"תמצית אניס טהורה 29 מ""ל",,US,תמצית אניס טהורה 29,מיליליטרים,29.00,"100 מ""ל",false,1,17.90,61.72,true,1,
52100070827,false,"תמצית בטעם רום 29 מ""ל",,,"תמצית בטעם רום 29 מ""",מיליליטרים,29.00,"100 מ""ל",false,1,10.90,37.59,true,1,
52100070865,false,תמצית וניל טהור 29 גר,,US,תמצית וניל תהור 29 ג,גרמים,29.00,100 גרם,false,1,29.90,103.10,true,1,
52100070995,false,תמצית טעם וניל 59 גר,,US,תמצית טעם וניל 59 גר,גרמים,59.00,100 גרם,false,1,10.90,18.47,true,1,
52100071138,false,אורגנו עלים 38 גר,,US,אורגנו עלים 38 גר,גרמים,38.00,100 גרם,false,1,19.90,52.37,true,1,
52100746043,false,תערובת פלפלים במטחנה 24 גר,,FR,תערובת תיבול פלפלים,גרמים,24.00,100 גרם,false,1,17.90,74.58,true,1,
52600751219,false,פלאף- ממרח מרשמלו בטעם וניל 213 גרם,,US,פלאף- ממרח מרשמלו בט,גרמים,213.00,100 גרם,false,1,17.90,8.40,true,1,
54881000055,false,תה שחור מבחר פירות 20 שקיות אחמד,,,תה שחור מבחר פירות 2,Unknown,0.00,Unknown,false,1,13.00,13.00,true,1,
54881000062,false,תה שחור לימונית וקמומיל 20 שקיות אחמד,,,תה שחור לימונית וקמו,Unknown,0.00,Unknown,false,1,13.00,13.00,true,1,
54881001052,false,אחמד מארז תה שחור 6 סוגים 120 גרם,,,אחמד מארז תה שחור 6,גרמים,120.00,100 גרם,false,1,31.50,26.25,true,1,
54881004787,false,תה ירוק 100 שקיקים,,,תה ירוק 100 שקיקים,Unknown,0.00,Unknown,false,1,23.90,23.90,true,1,
54881005654,false,תה ירוק יסמין 20 שקיקים,,,תה ירוק יסמין 20 שקי,Unknown,0.00,Unknown,false,1,16.00,16.00,true,1,
54881006941,false,תה שחור תפוח 20 שקיקים אחמד,,,תה שחור תפוח 20 שקיק,Unknown,0.00,Unknown,false,1,13.00,13.00,true,1,
54881006958,false,תה שחור קינמון 20 שקיקים אחמד,,,תה שחור קינמון 20 שק,Unknown,0.00,Unknown,false,1,13.00,13.00,true,1,
54881006972,false,תה שחור לימון וליים 20 שקיקים אחמד,,,תה שחור לימון וליים,Unknown,0.00,Unknown,false,1,13.00,13.00,true,1,
54881006996,false,תה אפרסק ופסיפלורה 20 שקיקים אחמד,,,תה אפרסק ופסיפלורה 2,Unknown,0.00,Unknown,false,1,13.00,13.00,true,1,
54881007108,false,תה שחור דומדמניות 20 שקיקים אחמד,,,תה שחור דומדמניות 20,Unknown,0.00,Unknown,false,1,13.00,13.00,true,1,
54881007115,false,תה שחור וניל 20 שקיקים אחמד,,,תה שחור וניל 20 שקיק,Unknown,0.00,Unknown,false,1,13.00,13.00,true,1,
54881007535,false,תה ירוק בטעם לימון 20 שקיקים 40 גרם,,,תה ירוק בטעם לימון 2,Unknown,0.00,Unknown,false,1,16.00,16.00,true,1,
54881008167,false,תה אחמד אינגליש ברק 100 שקיות,,,תה אחמד אינגליש ברק,גרמים,200.00,100 גרם,false,1,21.50,10.75,true,1,
54881008174,false,תה אחמד ארל גריי 100 שקיקים,,,תה אחמד ארל גריי 100,גרמים,180.00,100 גרם,false,1,21.50,11.94,true,1,
54881008181,false,תה אחמד אינגליש 100 שקיקים,,,תה אחמד אינגליש 100,גרמים,200.00,100 גרם,false,1,21.50,10.75,true,1,
54881008945,false,תה ירוק 20 שקיקים,,,תה ירוק 20 שקיקים,Unknown,0.00,Unknown,false,1,16.00,16.00,true,1,
54881009522,false,תה שחור פטל 20 שקיקים אחמד,,,תה שחור פטל 20 שקיקי,Unknown,0.00,Unknown,false,1,13.00,13.00,true,1,
55369902564,false,"רסק תפו""ע ללת""ס רביעיות 113 גרם",,,"רסק תפו""ע ללת""ס רביע",גרמים,113.00,100 גרם,false,1,17.40,15.40,true,1,
57000009403,false,רוטב 425 גר HP,,,רוטב 400 גר HP,גרמים,425.00,100 גרם,false,1,19.80,4.66,true,1,
62558212519,false,"סירופ מייפל טהור 251 מ""ל",,,סירופ מייפל טחור 251,מיליליטרים,251.00,"100 מ""ל",false,1,35.90,14.30,true,1,
70177077563,false,תה ארל גריי 25 שקיות טוינינגס 50 גר,,,תה ארל גריי 25 שקיות,גרמים,50.00,100 גרם,false,1,18.90,37.80,true,1,
70177077693,false,תה אנגליש ברקפסט 25 שקיות טוינינגס 50 גר,,,תה אנגליש ברקפסט 25,גרמים,50.00,100 גרם,false,1,18.90,37.80,true,1,
70177084769,false,טווינינגס שחור ונילה 50 גרם,,,טווינינגס שחור ונילה,גרמים,50.00,100 גרם,false,1,18.90,37.80,true,1,
70221011116,false,טובלרון שוקולד חלב 100 גרם,,,טובלרון שוקולד חלב 1,גרמים,100.00,100 גרם,false,1,10.40,10.40,true,1,
70672000516,false,פסטל מחית דלעת  425 גרם,,,פסטל מחית דלעת  425,גרמים,425.00,100 גרם,false,1,16.90,3.98,true,1,
71053000019,false,"נוזל עשון היקורי 118 מ""ל קולגין",,,נוזל עשון היקורי 118,מיליליטרים,118.00,"100 מ""ל",false,1,18.70,15.85,true,1,
71505022415,false,קרם ציז במשקל,,,קרם ציז במשקל,Unknown,0.00,"ק""ג",true,0,59.00,59.00,true,1,
71505022453,false,גבינה אמריקן הריטייג חפיסה 227 גרם,,,גבינה אמריקן הריטייג,גרמים,227.00,100 גרם,false,1,16.90,7.44,true,1,
71570004293,false,גלי בלי סוכריות פניניות 70 גרם,,,גלי בלי סוכריות פנינ,גרמים,70.00,100 גרם,false,1,13.90,19.86,true,1,
72320111766,false,סטאופר חטיפי קרקר צדר 198 גרם,,,סטאופר חטיפי קרקר,גרמים,198.00,100 גרם,false,1,16.90,8.54,true,1,
72600005846,false,הר טורטיה דיפר מתירס לבן 383 גרם,,,הר טורטיה דיפר מתירס,גרמים,383.00,100 גרם,false,1,26.50,6.92,true,1,
72600007123,false,הר חטיף תפוח אדמה קטל טבעי 170 גרם,,,הר חטיף תפוח אדמה קט,גרמים,170.00,100 גרם,false,1,23.90,14.06,true,1,
72600007130,false,הר חטיף תפוח אדמה חלפינו חריף 170 גרם,,,הר חטיף תפוח אדמה,גרמים,170.00,100 גרם,false,1,23.90,14.06,true,1,
72600009257,false,הר חטיפי טורטיה תירס לבן 255 גרם,,,הר חטיפי טורטיה תירס,גרמים,255.00,100 גרם,false,1,23.90,9.37,true,1,
72600062306,false,הר חטיפים בטעם גבינה 198 גרם,,,הר חטיפים בטעם גבינה,גרמים,198.00,100 גרם,false,1,24.90,12.58,true,1,
72600062313,false,הר חטיף גבינה בפאלו גבינה כחולה 198 גר,,,הר חטיף גבינה בפאלו,גרמים,198.00,100 גרם,false,1,24.90,12.58,true,1,
72600062320,false,הר חטיף גבינה בטעם פיצה 198 גרם,,,הר חטיף גבינהה בטעם,גרמים,198.00,100 גרם,false,1,24.90,12.58,true,1,
74261021333,false,רוטב סויה מיושן 1 ליטר,,,רוטב סויה מיושן 1 לי,ליטרים,0.00,ליטר,false,1,37.60,37.60,true,1,
74570004003,false,גלידה האגן דאז וניל,,,גלידה האגן דאז וניל,גרמים,417.00,100 גרם,false,1,26.50,6.35,true,1,
74570024001,false,גלידה האגן דאז תות שדה,,,גלידה האגן דאז תות,גרמים,417.00,100 גרם,false,1,26.50,6.35,true,1,
74570174003,false,גלידה האגן דאז מקדמיה,,,גלידה האגן דאז מקדמי,מיליליטרים,473.00,"100 מ""ל",false,1,26.50,5.60,true,1,
74570274000,false,גלידה האגן דאז קרם עוגיות,,,גלידה האגן דאז,מיליליטרים,473.00,"100 מ""ל",false,1,26.50,5.60,true,1,
74570610051,false,גלידה האגן דאז שוקולד בלגי,,,גלידה האגן דאז שוקול,גרמים,417.00,100 גרם,false,1,26.50,6.35,true,1,
74570950010,false,האגן דאז גבינה ותות,,,האגן דאז גבינה ותות,מיליליטרים,473.00,"100 מ""ל",false,1,26.50,5.60,true,1,
75810021255,false,תמרי רוטב סויה סאן,,,תמרי רוטב סויה סאן,מיליליטרים,296.00,"100 מ""ל",false,1,28.90,9.76,true,1,
76808009330,false,עוגיות סנדוויץ אגוזי לוז קקאו 200 גרם,,,עוגיות סנדוויץ אגוזי,גרמים,200.00,100 גרם,false,1,14.90,7.45,true,1,
76808009347,false,עוגיות בטעם חמאה 180 גרם,,,עוגיות בטעם חמאה 180,גרמים,180.00,100 גרם,false,1,14.90,8.28,true,1,
76808009354,false,עוגיות קקאו שוקולד חלב ומריר 200 גרם,,,עוגיות קקאו שוקולד ח,גרמים,180.00,100 גרם,false,1,14.90,8.28,true,1,
76840036745,false,"בן אנד גריס גלידת שמנת מרשמלו 428 מ""ל",,US,בן אנד גריס גלידת,מיליליטרים,428.00,"100 מ""ל",false,1,24.90,5.82,true,1,
76840100156,false,"בן אנד גריס גלידת צרי גרסיה 500 מ""ל",,US,גלידת צרי גרסיה בן,גרמים,441.00,100 גרם,false,1,24.90,5.65,true,1,
76840100583,false,"בן אנד גריס וניל עם בצק עוגיות 500 מ""ל",,,בן אנד גריס וניל עם,גרמים,500.00,100 גרם,false,1,24.90,4.98,true,1,
76840400218,false,"בן אנד גריס עוגת גבינה עם תות 473 מ""ל",,,בן אנד גריס עוגת גבי,מיליליטרים,473.00,"100 מ""ל",false,1,24.90,5.26,true,1,
77245110610,false,סוכריות מאסט מנטה ללא סוכר 80 גר,,PL,"סוכריות מאסט לל""ס מנ",Unknown,80.00,Unknown,false,1,10.40,0.13,true,1,
77975010167,false,סניידרס מקלוני חיטה בתוספת דבש 340 גר,,,סניידרס מקלוני חיטה,גרמים,340.00,100 גרם,false,1,16.90,4.97,true,1,
77975034071,false,סניידרס חטיף בייגלה ניברלס 255.2 גרם,,US,ביסוני בייגלה ניבלרס,גרמים,255.00,100 גרם,false,1,16.90,6.63,true,1,
77975036976,false,סלסה מטבל עגב.חריפות עדינה 439 ג סניידרס,,,סלסה מטבל עגב.חריפות,גרמים,439.00,100 גרם,false,1,18.80,4.28,true,1,
77975093108,false,בייגלה סניידרס בציפוי שוקולד לבן 141 גר,,,בייגלה סניידרס בציפו,גרמים,141.00,100 גרם,false,1,17.90,12.70,true,1,
77975094631,false,סניידרס סנדוויץ בייגלה קרם צידר 283 גר,,,סניידרס סנדוויץ בייג,גרמים,283.00,100 גרם,false,1,16.90,5.97,true,1,
77975094761,false,שברי בייגלה סניידרס בטעם צידר 340 גרם,,,שברי בייגלה סניידרס,גרמים,340.00,100 גרם,false,1,16.90,4.97,true,1,
77975094778,false,שברי בייגלה סניידרס בטעם דבש חרדל 340 גר,,,שברי בייגלה סניידרס,גרמים,340.00,100 גרם,false,1,16.90,4.97,true,1,
77975095157,false,שברי בייגלה סניידרס חלפיניו 318 גר,,US,שברי בייגלה סניידרס,גרמים,318.00,100 גרם,false,1,16.90,5.31,true,1,
82184090442,false,וויסקי גק דניאלס 1 ליטר,,,וויסקי גק דניאלס 1 ל,מיליליטרים,1000.00,"100 מ""ל",false,1,140.90,14.09,true,1,
84213017475,false,מיסלי אורגני עם פירות 500 גרם,,,מיסלי אורגני עם פירו,גרמים,500.00,100 גרם,false,1,19.90,3.98,true,1,
84380957949,false,סאנט דלפור תפוזים 284 גרם,,,סאנט דלפור תפוזים 28,גרמים,284.00,100 גרם,false,1,20.90,7.36,true,1,
84380985812,false,אנט דלפור פטל שחור 284 גרם,,,אנט דלפור פטל שחור 2,גרמים,284.00,100 גרם,false,1,20.90,7.36,true,1,
85696608037,false,טופו רך ללא גלוטן 340 גר,,,טופו רך ללא גלוטן 34,מיליליטרים,340.00,"100 מ""ל",false,1,13.50,3.97,true,1,
87666052888,false,"רוטב סריראצ`ה עם למון גראס 455 מ""ל",,,רוטב סריראצ`ה עם למו,מיליליטרים,455.00,"100 מ""ל",false,1,29.50,6.48,true,1,
96749021345,false,"וויסקי הבן ויליאמס 750 מ""ל",,,וויסקי הבן ויליאמס 7,מיליליטרים,750.00,"100 מ""ל",false,1,134.90,17.99,true,1,
605453520961,false,סורימי דליקטס שרימפס 300 גר,,,סורימי דליקטס שרימפס,גרמים,300.00,100 גרם,false,1,34.90,11.63,true,1,
608614253586,false,חטיף חלבון טבעוני  בטעם שוקולד,,,חטיף חלבון טבעוני  ב,גרמים,60.00,100 גרם,false,1,14.50,24.17,true,1,
608614342648,false,שמרים גבינה דובדבן,,,שמרים גבינה דובדבן,Unknown,0.00,Unknown,false,1,43.90,43.90,true,1,
608614342655,false,קראנץ אגוזים,,,קראנץ אגוזים,Unknown,0.00,Unknown,false,1,43.90,43.90,true,1,
608614342662,false,קראנץ שוקולד,,,קראנץ שוקולד,Unknown,0.00,Unknown,false,1,43.90,43.90,true,1,
608614342686,false,בריוש אוכמניות,,,בריוש אוכמניות,Unknown,0.00,Unknown,false,1,43.90,43.90,true,1,
608614342693,false,קראנץ חלבה,,,קראנץ חלבה,Unknown,0.00,Unknown,false,1,43.90,43.90,true,1,
608614342716,false,שטרודל תפוחים,,,שטרודל תפוחים,Unknown,0.00,Unknown,false,1,43.90,43.90,true,1,
608614342747,false,פאי אגוזים,,,פאי אגוזים,Unknown,0.00,Unknown,false,1,43.90,43.90,true,1,
608614342754,false,עוגיות פרימיום,,,עוגיות פרימיום,Unknown,0.00,Unknown,false,1,37.90,37.90,true,1,
608614342761,false,כדורי שוקולד,,,כדורי שוקולד,Unknown,0.00,Unknown,false,1,37.90,37.90,true,1,
608614342778,false,סברינה,,,סברינה,Unknown,0.00,Unknown,false,1,15.90,15.90,true,1,
608614342785,false,פאי פרג,,,פאי פרג,Unknown,0.00,"ק""ג",true,0,57.90,57.90,true,1,
608614342792,false,מארז פחזניות,,,מארז פחזניות,Unknown,0.00,Unknown,false,1,49.90,49.90,true,1,
608614342808,false,בגט אוטנטיק,,,בגט אוטנטיק,Unknown,0.00,Unknown,false,1,8.90,8.90,true,1,
608614342815,false,מארז לחמניות,,,מארז לחמניות,Unknown,0.00,Unknown,false,1,16.90,16.90,true,1,
608614342860,false,לחם מיוחד שמרים,,,לחם מיוחד שמרים,Unknown,0.00,Unknown,false,1,19.90,19.90,true,1,
608614342921,false,חלת שמרים,,,חלת שמרים,Unknown,0.00,Unknown,false,1,15.90,15.90,true,1,
608614342952,false,גליליות ממולאות,,,גליליות ממולאות,Unknown,0.00,Unknown,false,1,34.90,34.90,true,1,
609628012114,false,זית קלמטה בפח 430 גרם,,GR,זית קלמטה בפח 430 גר,גרמים,430.00,100 גרם,false,1,19.80,4.60,true,1,
613008742348,false,אריזונה גנסנג ודבש בקבוק 1 ליטר,,DE,אריזונה גנסנג ודבש ב,מיליליטרים,1000.00,"100 מ""ל",false,1,11.80,1.18,true,1,
613008742409,false,אריזונה אפרסק בקבוק 1 ליטר,,DE,אריזונה אפרסק בקבוק,מיליליטרים,1000.00,"100 מ""ל",false,1,11.80,1.18,true,1,
613008753290,false,"אריזונה אפרסק 450 מ""ל",,BG,"אריזונה אפרסק 450 מ""",מיליליטרים,450.00,"100 מ""ל",false,1,7.50,1.67,true,1,
613008753320,false,"אריזונה גינסנג ודבש 450 מ""ל",,BG,אריזונה גינסנג ודבש,מיליליטרים,450.00,"100 מ""ל",false,1,7.50,1.67,true,1,
613008753351,false,"אריזונה רימונים 450 מ""ל",,BG,אריזונה רימונים 450,מיליליטרים,450.00,"100 מ""ל",false,1,7.50,1.67,true,1,
628154383659,false,דגנים בטעם פירות 311 גר POST,,US,דגנים בטעם פירות 311,גרמים,311.00,100 גרם,false,1,21.90,7.04,true,1,
633824208040,false,"וודקה ואן גוך דאבל אספרסו 750 מ""ל",,,וודקה ואן גוך דאבל א,מיליליטרים,750.00,"100 מ""ל",false,1,129.90,17.32,true,1,
637793024540,false,מאקייס ריבת רפטל שחור 340 גרם,,,מאקייס ריבת רפטל שחו,גרמים,340.00,100 גרם,false,1,22.90,6.74,true,1,
644209420957,false,דנקן היינס תערובת בראוני כהה 561 גר,,,דנקן היינס תערובת,גרמים,561.00,100 גרם,false,1,24.90,4.44,true,1,
645173911038,false,קורנישון מיני בצנצנת 720 גרם,,,קורנישון מיני בצנצנת,גרמים,720.00,100 גרם,false,1,10.90,1.51,true,1,
645173995632,false,רוטב שזיפים טקמלי אימרטי 370 גר,,,רוטב שזיפים טקמלי אי,גרמים,370.00,100 גרם,false,1,11.90,3.22,true,1,
645173995694,false,רוטב עגבניות סאציבלי אימרטי 370 גר,,,רוטב עגבניות סאציבלי,גרמים,370.00,100 גרם,false,1,11.90,3.22,true,1,
649660013281,false,"היל ויו מיץ שזיפים 946 מ""ל",,,היל ויו מיץ שזיפים 9,מיליליטרים,946.00,"100 מ""ל",false,1,22.90,2.42,true,1,
649660432020,false,היל ויו שזיפים מיובשים מגולענים 567 גרם,,,היל ויו שזיפים מיובש,גרמים,567.00,100 גרם,false,1,29.90,5.27,true,1,
649870162809,false,דונאט בופלו מצופה,,,דונאט בופלו מצופה,Unknown,0.00,Unknown,false,1,14.90,14.90,true,1,
649870165695,false,חטיף נייטיב לכלב מקל,,,חטיף נייטיב לכלב מקל,Unknown,1.00,Unknown,false,1,14.90,14.90,true,1,
649870165732,false,חטיף נייטיב לכלב קוב,,,חטיף נייטיב לכלב קוב,Unknown,1.00,Unknown,false,1,14.90,14.90,true,1,
693493095532,false,עוגיות אלפחורס ממולא,,,עוגיות אלפחורס ממולא,Unknown,0.00,Unknown,false,1,37.90,37.90,true,1,
693493095549,false,עוגיות אלפחורס מצופא,,,עוגיות אלפחורס מצופא,Unknown,0.00,Unknown,false,1,37.90,37.90,true,1,
693493095570,false,עוגיות חמאה,,,עוגיות חמאה,Unknown,0.00,Unknown,false,1,37.90,37.90,true,1,
693493095594,false,עוגיות מלוחות,,,עוגיות מלוחות,Unknown,0.00,Unknown,false,1,37.90,37.90,true,1,
693493095686,false,גבינה פירורים,,,גבינה פירורים,Unknown,0.00,Unknown,false,1,57.90,57.90,true,1,
693493095716,false,גבינה שווצרית,,,גבינה שווצרית,Unknown,0.00,Unknown,false,1,57.90,57.90,true,1,
693493095754,false,פררו רושה,,,פררו רושה,Unknown,0.00,Unknown,false,1,57.90,57.90,true,1,
693493095778,false,מוס שוקולד מקופלת,,,מוס שוקולד מקופלת,Unknown,0.00,Unknown,false,1,57.90,57.90,true,1,
693493095877,false,קראנץ שוקולד נוגטלה,,,קראנץ שוקולד נוגטלה,Unknown,0.00,Unknown,false,1,43.90,43.90,true,1,
693493095884,false,נפוליאון קרם שניט,,,נפוליאון קרם שניט,Unknown,0.00,Unknown,false,1,57.90,57.90,true,1,
693493095914,false,מארז שנק וניל,,,מארז שנק וניל,Unknown,0.00,Unknown,false,1,26.90,26.90,true,1,
693493095969,false,עוגת דבש,,,עוגת דבש,Unknown,0.00,Unknown,false,1,39.90,39.90,true,1,
693493095976,false,עוגת דבש ותפוחים,,,עוגת דבש ותפוחים,Unknown,0.00,Unknown,false,1,39.90,39.90,true,1,
693493095983,false,עוגת דבש ואגוזים,,,עוגת דבש ואגוזים,Unknown,0.00,Unknown,false,1,39.90,39.90,true,1,
707595100169,false,מחית חצילים קלויים 480 גרם,,GR,מחית חצילים קלויים 4,גרמים,480.00,100 גרם,false,1,13.90,2.90,true,1,
707595100206,false,מלפפונים חמוצים 355 גרם,,GR,מלפפונים חמוצים 355,גרמים,355.00,100 גרם,false,1,14.60,4.11,true,1,
711464506686,false,אלפז רוטב עגבניות להכנת קציצות 450 גר,,GB,אלפז רוטב עגבניות לה,גרמים,450.00,100 גרם,false,1,12.90,2.87,true,1,
720516024450,false,"תחליף ביצים טבעוני לל""ג 250 מ""ל",,AU,תחליף ביצים טבעוני ל,מיליליטרים,250.00,"100 מ""ל",false,1,25.90,10.36,true,1,
721733000739,false,פטרון סילבר טקילה מארז TIN 2016) ) 700,,MX,פטרון סילבר טקילה 70,מיליליטרים,700.00,"100 מ""ל",false,1,179.90,25.70,true,1,
728229123613,false,ציפס 110 גרם טרה כחול,,,ציפס 110 גרם טרה כחו,גרמים,110.00,100 גרם,false,1,15.90,14.45,true,1,
728229124764,false,חטיף ציפס בטטה עם מלח ים 110 גרם,,US,חטיף ציפס בטטה עם מל,גרמים,110.00,100 גרם,false,1,15.90,14.45,true,1,
728229124771,false,חטיף ציפס טרה מבטטה בטעם ברביקיו 110 גרם,,,חטיף ציפס טרה מבטטה,גרמים,110.00,100 גרם,false,1,15.90,14.45,true,1,
728229130444,false,חטיף ציפס מירקות כחולים עם מלח 110 גרם,,,חטיף ציפס מירקות כחו,גרמים,110.00,100 גרם,false,1,15.90,14.45,true,1,
732494000524,false,קרטורס פופקורן שיקגו קרמל 213 גרם,,,קרטורס פופקורן שיקגו,גרמים,213.00,100 גרם,false,1,29.90,14.04,true,1,
734756000020,false,רוטב ברביקיו אורגינל 510 גרם,,US,רוטב ברביקיו אורגינל,גרמים,510.00,100 גרם,false,1,29.90,5.86,true,1,
761720051108,false,"קארו סירופ תירס בהיר 470 מ""ל",,,קארו סירופ תירס בהיר,מיליליטרים,470.00,"100 מ""ל",false,1,33.90,7.21,true,1,
768404001640,false,"בן אנד גריס בטעם קפה 500 מ""ל",,,בן אנד גריס בטעם קפה,מיליליטרים,500.00,"100 מ""ל",false,1,24.90,4.98,true,1,
777915888299,false,"אקיטה רוטב סויה ללא גלוטן 450 מ""ל",,,אקיטה רוטב סויה ללא,מיליליטרים,450.00,"100 מ""ל",false,1,16.90,3.76,true,1,
791669336530,false,רלסטון דייסה ש. שועל מהירה קינמון 430 ג,,,רלסטון דייסה ש. שועל,גרמים,430.00,100 גרם,false,1,27.90,6.49,true,1,
807259441505,false,גירי שעווה עבים בתלי,,,גירי שעווה עבים בתלי,Unknown,0.00,Unknown,false,1,12.90,12.90,true,1,
810044130126,false,ספוג ניקוי סקראב ממי,,,ספוג ניקוי סקראב ממי,Unknown,0.00,Unknown,false,1,19.90,19.90,true,1,
839762000641,false,משקה איילנד מנגו 1 ליטר,,,משקה איילנד מנגו 1 ל,מיליליטרים,1000.00,"100 מ""ל",false,1,14.90,1.49,true,1,
839762000658,false,משקה איילנד גויאבה 1 ליטר,,,משקה איילנד גויאבה 1,מיליליטרים,1000.00,"100 מ""ל",false,1,14.90,1.49,true,1,
844510012227,false,"יין פרדס 750 מ""ל רמת חברון",,IL,"יין פרדס 750 מ""ל רמת",מיליליטרים,750.00,"100 מ""ל",false,1,114.90,15.32,true,1,
850307005662,false,אטריות ביצים חינקל 500 גר,,,אטריות ביצים חינקל 5,גרמים,500.00,100 גרם,false,1,10.40,2.08,true,1,
851621000043,false,"בירה 1664 Blanc בקבוק 330 מ""ל",,,בירה 1664 Blanc בקבו,מיליליטרים,330.00,"100 מ""ל",false,1,9.90,3.00,true,1,
851621000050,false,"שישיית בירה 1664 Blanc בקבוק 330 מ""ל",,,שישיית בירה 1664 Bla,מיליליטרים,1980.00,"100 מ""ל",false,1,39.90,2.02,true,1,
856591000062,false,עבאדי עוגיות מזרחיות מלח 400 גרם,,,עבאדי עוגיות מזרחיות,גרמים,400.00,100 גרם,false,1,18.90,4.73,true,1,
856591000109,false,עבאדי עוגיות מזרחיות פריך במיוחד 400 גרם,,,עבאדי עוגיות מזרחיות,גרמים,400.00,100 גרם,false,1,18.90,4.73,true,1,
856591000918,false,מארז חטיף טבעי 8*40 גרם,,IL,מארז חטיף טבעי 8*40,גרמים,320.00,100 גרם,false,1,21.90,6.84,true,1,
856591000949,false,עבאדי - מאפה חיטה מלוח 350 גר,,,מאפה חיטה עבאדי מלוח,גרמים,35000.00,100 גרם,false,1,21.90,0.06,true,1,
856591000956,false,מאפה חיטה עבאדי קטנטנים בטעם גריל 350 גר,,,מאפה חיטה עבאדי קטנט,גרמים,350.00,100 גרם,false,1,21.90,6.26,true,1,
856591000970,false,מאפה חיטה עבאדי מקלונים בטעם חריף 400 גר,,,מאפה חיטה עבאדי מקלו,גרמים,400.00,100 גרם,false,1,18.90,4.73,true,1,
875213000600,false,בירה פטרוס דובדבן 330 מל בבקבוק,,,"בירה ""פטרוס"" דובדבן",מיליליטרים,330.00,"100 מ""ל",false,1,14.90,4.52,true,1,
884620007256,false,פנס דורסל voyager,,CN,פנס דורסל voyager,Unknown,0.00,Unknown,false,1,14.90,14.90,true,1,
884912126115,false,דגני סלקט  גרייט גריינס 454 גרם פוסט,,,דגני סלקט  גרייט גרי,גרמים,454.00,100 גרם,false,1,25.90,5.70,true,1,
884912129512,false,דגני בוקר קוקו פבלס פלינסטון 311 גר,,US,דגני בוקר קוקו פבלס,גרמים,311.00,100 גרם,false,1,22.90,7.36,true,1,
884912342737,false,דגני פוסט וואפל קריספ 326 גר,,,דגני פוסט וואפל קריס,גרמים,326.00,100 גרם,false,1,22.60,6.93,true,1,
884912359155,false,האני באנצס רוסטד 340 גר,,,האני באנצס רוסטד 340,גרמים,340.00,100 גרם,false,1,22.90,6.74,true,1,
884912359421,false,האני באנצס רוסטד 340 גר,,US,האני באנצס רוסטד 340,גרמים,340.00,100 גרם,false,1,22.90,6.74,true,1,
884912359483,false,האני באנצס עם תות 311 גר,,US,האני באנצס עם תות 31,גרמים,311.00,100 גרם,false,1,22.90,7.36,true,1,
893594002068,false,חטיף פופקורן עם מלח 32 גר,PepsiCo inc. Frito lay Division,US,חטיף פופקורנס מלח ים,גרמים,28.00,100 גרם,false,1,5.90,21.07,true,1,
1220000070233,false,"יין ברזין 750 מ""ל",,,"יין ברזין 750 מ""ל",Unknown,0.00,Unknown,false,1,93.90,93.90,true,1,
1230000116022,false,המבורגר ביונד מיט זוג 226 גרם,,US,המבורגר ביונד מיט זו,גרמים,226.00,100 גרם,false,1,34.90,15.44,true,1,
2235355045057,false,גראנה פדנו איטלקי במשקל,,,גרנה פדנו איטלקית,Unknown,0.00,"ק""ג",true,0,130.00,130.00,true,1,
2261746002521,false,גבינת בלו סטילטון אנגלית במשקל,,,גבינת בלו סטילטון,Unknown,0.00,"ק""ג",true,0,184.00,184.00,true,1,
3014260100667,false,מברשת שיניים אורל בי לילדים 3-5,,IE,מברשת שיניים אורל בי,Unknown,0.00,Unknown,false,1,16.30,16.30,true,1,
3014260262693,false,מכשיר גילוח ונוס + 2 סכינים,,,מכשיר גילוח ונוס + 2,Unknown,0.00,Unknown,false,1,38.50,38.50,true,1,
3045206360609,false,דזיטול נוזל מחטא בגדים בכביסה 1 ליטר,,,דזיטול נוזל מחטא בגד,יחידה,1.00,יחידה,false,1,23.90,23.90,true,1,
3046920010801,false,לינדט שוקולד אקסלנס הזלנט 100 גר,,,לינדט שוקולד אקסלנס,גרמים,100.00,100 גרם,false,1,14.90,14.90,true,1,
3046920010856,false,לינדט שוקולד אקסלנס לימון גינגיר 100 גר,,CH,לינדט שוקולד אקסלנס,גרמים,100.00,100 גרם,false,1,14.90,14.90,true,1,
3046920028004,false,לינדט שוקולד אקסלנס מריר 70% 100 גר,,,לינדט שוקולד אקסלנס,גרמים,100.00,100 גרם,false,1,14.90,14.90,true,1,
3046920028363,false,לינדט אקסלנס 85% 100 גרם,,,לינדט אקסלנס 85% 100,גרמים,100.00,100 גרם,false,1,14.90,14.90,true,1,
3046920028721,false,לינדט אקסלנס 99% 50 גרם,,,לינדט אקסלנס 99%,גרמים,50.00,100 גרם,false,1,14.90,29.80,true,1,
3046920029674,false,לינדט אקס סולט 100 גר,,,לינדט אקס סולט 100 ג,גרמים,100.00,100 גרם,false,1,14.90,14.90,true,1,
3046920029681,false,לינדט שוקולד אקסלנס מילד 85% קקאו 100 גר,,DE,לינדט שוקולד אקסלנס,גרמים,100.00,100 גרם,false,1,14.90,14.90,true,1,
3046920029759,false,"לינדט אקס 90%, 100 גרם",,,"לינדט אקס 90%, 100 ג",גרמים,100.00,100 גרם,false,1,14.90,14.90,true,1,
3059943015128,false,"איירויק נטול גז לבנדר 345 מ""ל",,,איירויק נטול גז לבנד,מיליליטרים,345.00,"100 מ""ל",false,1,16.90,4.90,true,1,
3068320014067,false,מים מינרלים אוויאן 750 מל,,,מים מינרלים אוויאן 7,מיליליטרים,1000.00,"100 מ""ל",false,1,9.90,0.99,true,1,
3068320017846,false,מים מינרלים אוויאן 1 ליטר,,,מים מינרלים אוויאן 1,מיליליטרים,1000.00,"100 מ""ל",false,1,10.90,1.09,true,1,
3068320055008,false,מים מינרלים אוויאן 500 מל,,,מים מינרלים אוויאן 5,מיליליטרים,500.00,"100 מ""ל",false,1,6.90,1.38,true,1,
3068320085005,false,מים מינלים אוויאן 1.5 ליטר,,,מים מינלים אוויאן 1.,ליטרים,0.00,ליטר,false,1,13.60,13.60,true,1,
3068320103631,false,מים מינרלים אוויאן  330 מל זכוכית,,,מים מינרלים אוויאן,מיליליטרים,330.00,"100 מ""ל",false,1,6.90,2.09,true,1,
3068320127644,false,מים מינרלים אוויאן מבעבע  330 מל זכוכית,,,מים מינרלים אוויאן מ,מיליליטרים,330.00,"100 מ""ל",false,1,6.90,2.09,true,1,
3073780574242,false,גבינה לה וואש קירי 16 280 גר,,,גבינה לה וואש קירי,גרמים,280.00,100 גרם,false,1,28.50,10.18,true,1,
3073780591591,false,גבינה לה וואש קירי 12 192 גרם,,,גבינה לה וואש קירי,גרמים,192.00,100 גרם,false,1,20.90,10.89,true,1,
3073780593083,false,גבינה לה וואש קירי 32 480 גר,,,גבינה לה וואש קירי,גרמים,480.00,100 גרם,false,1,50.50,10.52,true,1,
3073781162790,false,בייבי בל אדם 120 גר,,,בייבי בל אדם 120 גר,גרמים,120.00,100 גרם,false,1,20.90,17.42,true,1,
3092718586706,false,"סירופ מנטה 600 מ""ל טסייר",,,"סירופ מנטה 600 מ""ל ט",מיליליטרים,600.00,"100 מ""ל",false,1,36.80,6.13,true,1,
3107874905138,false,ברון לירונדאו אדום 750 מל,,,ברון לירונדאו אדום 7,Unknown,0.00,Unknown,false,1,32.90,32.90,true,1,
3120581457523,false,"יין שבלי צרלס רנואר לבן יבש 750 מ""ל",,FR,יין שבלי צרלס רנואר,מיליליטרים,750.00,"100 מ""ל",false,1,109.90,14.65,true,1,
3141360054405,false,מפיץ ריח למדיח בניחוח לימון פיניש,,,מפיץ ריח למדיח בניחו,Unknown,0.00,Unknown,false,1,22.50,22.50,true,1,
3161712996153,false,מיני ברי כחולה 125 גרם,,,מיני ברי כחולה 125 ג,גרמים,125.00,100 גרם,false,1,26.50,21.20,true,1,
3161911229199,false,אלוויר חמאה רכה 250 גר,,,אלוויר חמאה רכה 250,גרמים,250.00,100 גרם,false,1,21.00,8.40,true,1,
3161911366429,false,אלוויר חמאה רכה מלוחה 250 גר,,,אלוויר חמאה רכה מלוח,גרמים,250.00,100 גרם,false,1,21.00,8.40,true,1,
3161911393210,false,אלוויר חמאה נורמנדי מלוחה 200 גרם,,FR,אלוויר חמאה נורמנדי,גרמים,200.00,100 גרם,false,1,20.90,10.45,true,1,
3175460000017,false,גבינת בורסאן שום ועשבי תיבול 150 גר,,,גבינת בורסאן שום 150,גרמים,150.00,100 גרם,false,1,23.90,15.93,true,1,
3175529633941,false,"יין אדום ויו פאפ מרלו סירה 750 מ""ל",,FR,יין אדום ויו פאפ מרל,Unknown,0.00,Unknown,false,1,41.90,41.90,true,1,
3178530402353,false,מיני מדליינס סאן מישל 175 גרם,,,מיני מדליינס סאן מיש,גרמים,175.00,100 גרם,false,1,12.50,7.14,true,1,
3178530407938,false,מיני מדליין 175 גר,,,מיני מדליין 175 גר,גרמים,175.00,100 גרם,false,1,13.90,7.94,true,1,
3178530409673,false,עוגיות פלמיה קרמל 100 גרם,,,עוגיות פלמיה קרמל 10,גרמים,100.00,100 גרם,false,1,14.90,14.90,true,1,
3178530411478,false,ביסקוויט סאן מישל גדול 150 גר,,,ביסקוויט סאן מישל גד,גרמים,150.00,100 גרם,false,1,12.90,8.60,true,1,
3178530412703,false,דונאט עם שוקולד 180 גרם,,,דונאט עם שוקולד 180,גרמים,180.00,100 גרם,false,1,14.90,8.28,true,1,
3178530417418,false,דונאט עם שוקולד ציפס 180 גרם,,,דונאט עם שוקולד ציפס,גרמים,180.00,100 גרם,false,1,14.90,8.28,true,1,
3181448677010,false,"יין לבן מיסטרל קוט דה פרובאנס 750 מ""ך",,FR,יין לבן מיסטרל קוט ד,Unknown,0.00,Unknown,false,1,79.90,79.90,true,1,
3184030003570,false,גבינה קממברט 250 גר מנות,,,גבינה קממבר 250 גר,גרמים,250.00,100 גרם,false,1,43.90,17.56,true,1,
3211200108756,false,"יין מיזון קסטל מרלו רוזה 750 מ""ל",,,יין מיזון קסטל מרלו,Unknown,0.00,Unknown,false,1,46.90,46.90,true,1,
3211201046439,false,מיזון קסטל קברנה סוביניון 750 מל,,,מיזון קסטל קברנה סוב,Unknown,0.00,Unknown,false,1,46.90,46.90,true,1,
3211201046460,false,"מיזון קסטל מרלו  750 מ""ל",,,מיזון קסטל מרלו  750,Unknown,0.00,Unknown,false,1,46.90,46.90,true,1,
3211201046521,false,מיזון קסטל סוביניון בלאן 750 מל,,,מיזון קסטל סוביניון,Unknown,0.00,Unknown,false,1,46.90,46.90,true,1,
3211201046613,false,מיזון קסטל בורדו מרלו 750 מל,,,מיזון קסטל בורדו מרל,Unknown,0.00,Unknown,false,1,51.90,51.90,true,1,
3211203429315,false,ברון דה לסטאק בלאן בורדו 750 מל,,,ברון דה לסטאק בלאן,Unknown,0.00,Unknown,false,1,59.90,59.90,true,1,
3211203433220,false,ברון דה לסטאק בורדו 750 מל,,,ברון דה לסטאק בורדו,Unknown,0.00,Unknown,false,1,59.90,59.90,true,1,
3211203444141,false,מיזון קסטל גרנד רזרב סירה 750 מל,,,מיזון קסטל גרנד רזרב,Unknown,0.00,Unknown,false,1,51.90,51.90,true,1,
3211209117902,false,"יין  מיזון קסטל מוסקט לבן חצי 750  מ""ל",,,יין  מיזון קסטל מוסק,Unknown,0.00,Unknown,false,1,46.90,46.90,true,1,
3211209133452,false,שאטו בארייר קרו בורזואה הו מדוק 750 מל,,,שאטו בארייר קרו,Unknown,0.00,Unknown,false,1,107.90,107.90,true,1,
3211209134442,false,שאטו פראנד בלאן גראב 750 מל,,,שאטו פראנד בלאן גראב,Unknown,0.00,Unknown,false,1,122.90,122.90,true,1,
3211209134510,false,"יין שאטו דה הוט קולון 750 מ""ל",,FR,יין שאטו דה הוט קולו,מיליליטרים,750.00,"100 מ""ל",false,1,135.90,18.12,true,1,
3211209149897,false,יין ברון דה לסטאק רוזה בורדו 750 מל,,,יין ברון דה לסטאק רו,Unknown,0.00,Unknown,false,1,59.90,59.90,true,1,
3211209194507,false,מיזון קסטל שרדונה 750 מל,,,מיזון קסטל שרדונה 75,Unknown,0.00,Unknown,false,1,46.90,46.90,true,1,
3211209265900,false,"יין פמלי קסטל ברוט מבעבע 750 מ""ל",,,יין מיזון קסטל ברוט,Unknown,0.00,Unknown,false,1,62.90,62.90,true,1,
3211209267126,false,מיזון קסטל גוורצטרמינר 750 מל,,,מיזון קסטל גוורצטרמי,Unknown,0.00,Unknown,false,1,44.90,44.90,true,1,
3211209282167,false,"מיזון קסטל ברוט רוזה מבעבע 750 מ""ל",,,מיזון קסטל ברוט רוזה,Unknown,0.00,Unknown,false,1,62.90,62.90,true,1,
3211209719342,false,שאטו דו בוסקה קוט דה בורג 750 מל,,,שאטו דו בוסקה קוט דה,Unknown,0.00,Unknown,false,1,83.90,83.90,true,1,
3211209973379,false,"יין לאודלה מרסאן רוסיאן 750 מ""ל",,FR,יין לאודלה מרסאן רוס,מיליליטרים,750.00,"100 מ""ל",false,1,47.90,6.39,true,1,
3211209987550,false,שאטו קבלייר רוזה קוט דה פרובאנס 750,,,שאטו קבלייר רוזה קוט,Unknown,0.00,Unknown,false,1,67.90,67.90,true,1,
3211209991793,false,ברון דה לסטק בורדו מואל לבן חצי מתוק 750,,,ברון דה לסטק בורדו מ,Unknown,0.00,Unknown,false,1,59.90,59.90,true,1,
3256760106392,false,חמאה צרפתית 100 גר פלשארד,,FR,חמאה צרפתית 100 גר,גרמים,100.00,100 גרם,false,1,5.50,5.50,true,1,
3256761201003,false,פלשארד בסגנון פטה מעודנת 500 גר קרטונית,,,פלשארד בסגנון פטה מע,גרמים,500.00,100 גרם,false,1,12.50,2.50,true,1,
3257150030020,false,"ברנדי קורייר VSOP נפוליאון 700 מ""ל",,,ברנדי קורייר VSOP נפ,מיליליטרים,700.00,"100 מ""ל",false,1,94.90,13.56,true,1,
3257150100204,false,"קוניאק צרפתי מיוקוב 700 מ""ל V.S",,,קוניאק צרפתי מיוקוב,מיליליטרים,700.00,"100 מ""ל",false,1,156.90,22.41,true,1,
3257150101119,false,"מארז קוניאק מיוקוב 5 כוכבים 700 מ""ל",,,מארז קוניאק מיוקוב 5,מיליליטרים,700.00,"100 מ""ל",false,1,177.90,25.41,true,1,
3258368370045,false,"מארז גרנד אמפרר VSOP כשר 700 מ""ל",,,VSOP מארז גרנד אמפרר,מיליליטרים,700.00,"100 מ""ל",false,1,124.90,17.84,true,1,
3263280106429,false,"קוארפו קוקטייל מוחיטו 750 מ""ל",,,קוארפו קוקטייל מוחיט,מיליליטרים,750.00,"100 מ""ל",false,1,67.90,9.05,true,1,
3263280107310,false,"קוארפו פינה קולדה 700 מ""ל",,,קוארפו פינה קולדה  7,מיליליטרים,700.00,"100 מ""ל",false,1,62.90,8.99,true,1,
3263280107495,false,חסוםסנגריה מריה אולה 1.5ליטר,,,משקה מבוסס על יין סנ,מיליליטרים,1500.00,"100 מ""ל",false,1,21.90,1.46,true,1,
3269863001891,false,"ברנדי דרוסארק נפולאון 70 מ""ל מארז שי",,,ברנדי דרוסארק נפולאו,מיליליטרים,700.00,"100 מ""ל",false,1,74.90,10.70,true,1,
3270620001702,false,"קוניאק לואי רוייה 700 מ""ל VSOP",,,קוניאק לואי רוייה 70,מיליליטרים,700.00,"100 מ""ל",false,1,200.90,28.70,true,1,
3270620001757,false,"קוניאק VS לואי רוייה 700 מ""ל",,,קוניאק VS לואי רוייה,מיליליטרים,700.00,"100 מ""ל",false,1,149.90,21.41,true,1,
3270620001764,false,קוניאק VS לואי רוייה 1 ליטר,,,קוניאק VS לואי רוייה,מיליליטרים,1000.00,"100 מ""ל",false,1,149.90,14.99,true,1,
3271470759935,false,"סיידר אותנטיק יבש 750 מ""ל",,,סיידר אותנטיק יבש,מיליליטרים,750.00,"100 מ""ל",false,1,22.90,3.05,true,1,
3274551585461,false,פיליפ דרסלר אלזס ריזלינג 750 מל,,,פיליפ דרסלר אלזס ריז,Unknown,0.00,Unknown,false,1,69.90,69.90,true,1,
3274551885561,false,פיליפ דרסלר אלזס גוורצטרמינר 750 מל,,,פיליפ גוורצטרמינר,Unknown,0.00,Unknown,false,1,69.90,69.90,true,1,
3276210811102,false,יין אדום יבש פינו נואר 750 מל,,,יין לה פטיט פרייר יב,Unknown,0.00,Unknown,false,1,51.90,51.90,true,1,
3276210812109,false,יין לה פטיט פרייר פינו נואר רוזה 750 מל,,,יין לה פטיט פרייר פי,Unknown,0.00,Unknown,false,1,51.90,51.90,true,1,
3289850041419,false,"יין מולנייר קברנה פרנק 750 מ""ל",,FR,יין מולנייר שנין בלא,מיליליטרים,750.00,"100 מ""ל",false,1,64.90,8.65,true,1,
3328640121945,false,וויסקי היילנד קווין בלנדד שרי פיניש 1 ל,,,וויסקי היילנד קווין,מיליליטרים,1000.00,"100 מ""ל",false,1,99.90,9.99,true,1,
3328640121976,false,"ויסקי היילנד קווין בלנדד 700 מ""ל",,,ויסקי היילנד קווין ב,מיליליטרים,700.00,"100 מ""ל",false,1,76.90,10.99,true,1,
3387390320244,false,דגני בוקר פיטנס עם פירות 375 גרם,,,דגני בוקר פיטנס עם פ,גרמים,375.00,100 גרם,false,1,19.90,5.31,true,1,
3387390730852,false,דגני בוקר פיטנס 375 גרם,,,דגני בוקר פיטנס 375,גרמים,375.00,100 גרם,false,1,19.90,5.31,true,1,
3412290023640,false,אמנטל צרפתי ארוז 250 גר,,,אמנטל צרפתי ארוז 250,גרמים,250.00,100 גרם,false,1,28.50,11.40,true,1,
3451271002809,false,"יין אלן זופרואה שאבלי 750 מ""ל",,,אלן זופרואה שאבלי,Unknown,0.00,Unknown,false,1,104.90,104.90,true,1,
3451272001535,false,"יין אלן זופרואה פרמייר קרו 750 מ""ל",,FR,יין אלן זופרואה פרמי,Unknown,0.00,Unknown,false,1,166.90,166.90,true,1,
3451276001012,false,"יין גופרואה פטיט שאבלי 750 מ""ל",,FR,יין גופרואה פטיט שאב,מיליליטרים,750.00,"100 מ""ל",false,1,90.90,12.12,true,1,
3523230025638,false,מיני בושה עיזים טבעי 125 גר,,,גבינה מיני בושה עיזי,גרמים,125.00,100 גרם,false,1,24.90,19.92,true,1,
3523230026888,false,גב עיזים למריחה שום ועשבי תיבול פירמידה,,,גב עיזים למריחה שום,גרמים,140.00,100 גרם,false,1,24.90,17.79,true,1,
3563490014898,false,חרדל לחיץ ריין דיזיון 265 גרם,,,חרדל לחיץ ריין דיזיו,גרמים,265.00,100 גרם,false,1,14.60,5.51,true,1,
3574660115154,false,אובה סופר 32 חדש,,,אובה סופר 32 חדש,Unknown,0.00,Unknown,false,1,21.90,21.90,true,1,
3574661114637,false,"מי פה ליסטרין זירו מנטה עדין 500 מ""ל",,IT,מי פה ליסטרין מנטה ע,מיליליטרים,500.00,"100 מ""ל",false,1,19.80,3.96,true,1,
3574661487328,false,מגן תחתון קרפרי רגיל 56 יח,,IT,מגן תחתון קרפרי רגיל,Unknown,0.00,Unknown,false,1,24.90,24.90,true,1,
3574661487335,false,מגן תחתון קרפרי מקסי לונג ריחני 40 יח,,IT,מגן תחתון קרפרי מקסי,Unknown,0.00,Unknown,false,1,24.90,24.90,true,1,
3574661487618,false,מגן תחתון קרפרי מקסי מבושם 48 יח,,IT,מגן תחתון קרפרי מקסי,Unknown,0.00,Unknown,false,1,24.90,24.90,true,1,
3574661491806,false,"מי פה ליסטרין אדוונס וייט 500 מ""ל",,IT,מי פה ליסטרין אדוונס,מיליליטרים,500.00,"100 מ""ל",false,1,23.90,4.78,true,1,
3574661552576,false,מגן תחתון קרפרי רגיל טנגה לבן 56 יח,,IT,מגן תחתון קרפרי רגיל,Unknown,0.00,Unknown,false,1,24.90,24.90,true,1,
3574661554884,false,מגן תחתון קרפרי רגיל ריחני 56 יח,,IT,מגן תחתון קרפרי רגיל,Unknown,0.00,Unknown,false,1,24.90,24.90,true,1,
3574669908665,false,אל סבון לפני שינה גו,,IT,אל סבון לפני שינה גו,Unknown,0.00,Unknown,false,1,22.90,22.90,true,1,
3607343817547,false,"דאו אדידס ספריי לגבר קליימקול 150 מ""ל",,PT,דאו אדידס ספריי לגבר,מיליליטרים,150.00,"100 מ""ל",false,1,15.90,10.60,true,1,
3608580730231,false,קונפיטורה בטעם תות 370 גר BONNE MAMAN,,,קונפיטורה בטעם תות 3,גרמים,370.00,100 גרם,false,1,20.90,5.65,true,1,
3608580730255,false,קונפיטורה בטעם משמש 370 גר BONNE MAMAN,,,קונפיטורה בטעם משמש,גרמים,370.00,100 גרם,false,1,20.90,5.65,true,1,
3608580730286,false,קונפיטורה ארבע פירות 370 גר BONNE MAMAN,,FR,קונפיטורה ארבע פירות,גרמים,370.00,100 גרם,false,1,20.90,5.65,true,1,
3608580730323,false,קונפיטורה בטעם פטל 370 גר BONNE MAMAN,,,קונפיטורה בטעם פטל 3,גרמים,370.00,100 גרם,false,1,20.90,5.65,true,1,
3608580873402,false,קונפיטורת תות בון מאמא 20% תוספת 444 גר,,,קונפיטורת תות בון מא,גרמים,444.00,100 גרם,false,1,17.90,4.03,true,1,
3614223736003,false,"דאו אדידס ספריי לגבר אדיפיור 150 מ""ל",,PT,דאו אדידס ספריי לגבר,מיליליטרים,150.00,"100 מ""ל",false,1,15.90,10.60,true,1,
3800016701239,false,פלפל סבא פפרוני 580 גרם אורזיץ,,,פלפל סבא פפרוני 580,גרמים,580.00,100 גרם,false,1,10.70,1.84,true,1,
3800016703554,false,"שימורי עגבניות שרי סבא 580 מ""ל",,,שימורי עגבניות שרי ס,מיליליטרים,580.00,"100 מ""ל",false,1,10.70,1.84,true,1,
3800023801359,false,GUSTO רולדה וניל ותו,,BG,GUSTO רולדה וניל ותו,Unknown,0.00,Unknown,false,1,8.90,8.90,true,1,
3800061605049,false,עוגיות פרסטיז במילוי בטעם תאנים 155 גר,,,עוגיות פרסטיז במילוי,גרמים,155.00,100 גרם,false,0,8.90,5.74,true,1,
3800061605650,false,עוגיות פרסטיז מצופות בטעם תות שדה 200 גר,,,עוגיות פרסטיז מצופות,גרמים,200.00,100 גרם,false,0,8.90,4.45,true,1,
3800061605667,false,עוגיות פרסטיז מצופות בטעם פטל 200 גר,,,עוגיות פרסטיז מצופות,גרמים,200.00,100 גרם,false,0,8.90,4.45,true,1,
3800061605674,false,עוגיות פרסטיז מצופות בטעם אוכמניות 200 ג,,,עוגיות פרסטיז מצופות,גרמים,200.00,100 גרם,false,0,8.90,4.45,true,1,
3800065781114,false,עוגת וופל צודו בוטנים 250 גרם,,BG,עוגת וופל במ.קרם קקא,גרמים,250.00,100 גרם,false,1,12.50,5.00,true,1,
3800065781268,false,עוגת וופל צודו בוטנים 180 גרם,,BG,עוגת וופל במ.קרם קקא,גרמים,180.00,100 גרם,false,1,9.90,5.50,true,1,
3800202840063,false,OVI&SARI מאפה ממולא,,BG,OVI&SARI מאפה ממולא,Unknown,0.00,Unknown,false,1,7.90,7.90,true,1,
3800205875208,false,צנימים אובן בקד בטעם קרם פטריות 70 גר,,,צנימים אובן בקד,גרמים,70.00,100 גרם,false,1,5.90,8.43,true,1,
3800205875307,false,צנימים אובן בקד בטעם שום ובצל 70 גר,,,צנימים אובן בקד בטעם,גרמים,70.00,100 גרם,false,1,5.90,8.43,true,1,
3800205877325,false,צנימים בטעם קרם ובצל 70 גרם,,,צנימים בטעם קרם ובצל,גרמים,70.00,100 גרם,false,1,5.90,8.43,true,1,
3800727040320,false,"קרנפלוט לפתן אפרסק 1 ק""ג",,,קרנפלוט לפתן אפרסק 1,גרמים,1000.00,100 גרם,false,1,19.90,1.99,true,1,
3800740028220,false,רוטב עגבניות ברביקיו קלאסי 330 גר,,BG,רוטב עגבניות ברביקיו,גרמים,330.00,100 גרם,false,1,12.90,3.91,true,1,
3838945027854,false,מולטי ויטמין פירות אד. 100% 1 ל FRUCTAL,,,מולטי ויטמין פירות א,מיליליטרים,1000.00,"100 מ""ל",false,1,14.60,1.46,true,1,
3838945509015,false,נקטר אוכמניות שחורות 25% 1 ל FRUCTAL,,,נקטר אוכמניות שחורות,מיליליטרים,1000.00,"100 מ""ל",false,1,14.60,1.46,true,1,
3838945509022,false,נקטר נקטר תות שדה 45% 1 ל FRUCTAL,,,נקטר נקטר תות שדה 45,מיליליטרים,1000.00,"100 מ""ל",false,1,14.60,1.46,true,1,
3838945509077,false,מיץ אננס 100% 1 ליטר FRUCTAL,,,מיץ אננס 100% 1 ליטר,מיליליטרים,1000.00,"100 מ""ל",false,1,14.60,1.46,true,1,
3850104008443,false,תערובת תבלינים עם ירקות ווגטה 500 גר,,HR,תערובת תבלינים עם יר,גרמים,500.00,100 גרם,false,1,38.90,7.78,true,1,
3850104008597,false,תערובת תבלינים עם ירקות ווגטה 250 גר,,HR,תערובת תבלינים עם יר,גרמים,250.00,100 גרם,false,1,20.90,8.36,true,1,
4000161060901,false,נידרגר מרציפן שחור&לבן 110 ג,,,נידרגר מרציפן שחור&ל,גרמים,110.00,100 גרם,false,1,19.90,18.09,true,1,
4000161850335,false,נידרגר-אבקת שוקו בטעם מרציפן 250 גר,J.G Niederegger Gmbh.Co.Kg,DE,נידרגר-אבקת שוקו בטע,גרמים,250.00,100 גרם,false,1,39.90,15.96,true,1,
4000417023001,false,שוקולד RITTER SPORT שקדים 100 גרם,,,שוקולד RITTER SPORT,גרמים,100.00,100 גרם,false,1,10.90,10.90,true,1,
4000417025005,false,שוקולד ריטר ספורט מרצפן 100 גרם,,,שוקולד RITTER SPORT,גרמים,100.00,100 גרם,false,1,8.90,8.90,true,1,
4000417211002,false,ריטר ספורט מוס קרמל ושברי שקדים 100 גרם,,,ריטר ספורט מוס קרמל,גרמים,100.00,100 גרם,false,1,8.90,8.90,true,1,
4000417212009,false,שוקולד ריטר ספורט שקדים וקליפות תפוז 100,,DE,שוקולד ריטר ספורט שק,גרמים,100.00,100 גרם,false,1,8.90,8.90,true,1,
4000417294005,false,שוקולד ריטר ספורט מוס קקאו 100 גרם,,,שוקולד RITTER SPORT,גרמים,100.00,100 גרם,false,1,8.90,8.90,true,1,
4000417298003,false,שוקולד ריטר ספורט קוקוס 100 גרם,,,שוקולד ריטר ספורט קו,גרמים,100.00,100 גרם,false,1,8.90,8.90,true,1,
4000417707000,false,שוקולד RITTER SPORT שקדים 100 גרם,,,ריטר ספורט חלב קשיו,גרמים,100.00,100 גרם,false,1,10.90,10.90,true,1,
4000504149324,false,גבינת רוגט גרמני 125 גרם,,DE,גבינת רוגט גרמני 125,גרמים,125.00,100 גרם,false,0,22.90,18.32,true,1,
4000504149423,false,גבינת קמבוזולה 125 גרם,,DE,גבינת קמבוזולה 125 ג,גרמים,125.00,100 גרם,false,1,21.90,17.52,true,1,
4000539280726,false,שוקולד לינדט אקסלנס מילד 70% 100 גר,,DE,שוקולד לינדט אקסלנס,גרמים,100.00,100 גרם,false,1,14.90,14.90,true,1,
4000539280740,false,שוקולד לינדט אקסלנס 78% 100 גר,,DE,שוקולד לינדט אקסלנס,גרמים,100.00,100 גרם,false,1,14.90,14.90,true,1,
4000539363108,false,שוקולד לינדור סטיקס 38 גרם,,,שוקולד לינדור סטיקס,גרמים,38.00,100 גרם,false,1,7.30,19.21,true,1,
4001507161948,false,קווקר פתיתי שיבולת שועל דקה 500 גר,,,קווקר פתיתי שיבולת ש,גרמים,500.00,100 גרם,false,1,6.20,1.24,true,1,
4001686301524,false,הריבו גולדבירס מיני דובוני גומי 250 גרם,,DE,הריבו גולדבירס מיני,גרמים,250.00,100 גרם,false,1,16.70,6.68,true,1,
4001686309506,false,הריבו גומי דובדבן 200 גרם,,DE,הריבו גומי דובדבן 20,גרמים,200.00,100 גרם,false,1,9.90,4.95,true,1,
4001751038669,false,חזרת עם וואסבי 190 גרם,,,חזרת עם וואסבי 190 ג,גרמים,190.00,100 גרם,false,1,9.40,4.95,true,1,
4001751094283,false,רוטב חרדל בטעם תפוזים סקנידה 210 גרם,,,רוטב חרדל בטעם תפוזי,גרמים,210.00,100 גרם,false,1,10.40,4.95,true,1,
4002103248323,false,"ארדינגר פיקנטוס 7.3% כהה 500 מ""ל",,,ארדינגר פיקנטוס 7.3%,מיליליטרים,500.00,"100 מ""ל",false,1,13.90,2.78,true,1,
4002103311515,false,"בירה ארדינגר כהה  500 מ""ל בקבוק",,,בירה ארדינגר כהה  50,מיליליטרים,500.00,"100 מ""ל",false,1,10.90,2.18,true,1,
4002309009100,false,ממרח שוקולד 350 גר KIDDY DUO,,LT,ממרח שוקולד 350 גר K,גרמים,350.00,100 גרם,false,1,15.90,4.54,true,1,
4002590000022,false,קלפני פירות אוכמניות 150 גרם,,,קלפני פירות אוכמניות,גרמים,150.00,100 גרם,false,1,13.70,9.13,true,1,
4002720005736,false,קפה פילטר מליטה 250 גרם,,,קפה פילטר מליטה 250,גרמים,250.00,100 גרם,false,1,18.80,7.52,true,1,
4002899701118,false,קונטיננטל דובשניות מצופות שוקול חלב 500ג,,NL,קונטיננטל דובשניות מ,גרמים,500.00,100 גרם,false,1,21.90,4.38,true,1,
4003301051364,false,יין ריזלינג מייבאך חצי מתוק 750 מל,,,יין ריזלינג מייבאך ח,Unknown,0.00,Unknown,false,1,56.90,56.90,true,1,
4003301058486,false,"יין מייבאך סוביניון בלא לבן 750 מ""ל",,,יין מייבאך סוביניון,Unknown,0.00,Unknown,false,1,56.90,56.90,true,1,
4003301085673,false,יין רוזה מתוק מייבאך פורטוגיזר 750 מ,,,יין רוזה מתוק מייבאך,Unknown,0.00,Unknown,false,1,56.90,56.90,true,1,
4003754021679,false,בונ עיגולי מרציפן עם מחית דובדבן בשוקול,,DE,בונ עיגולי מרציפן עם,גרמים,210.00,100 גרם,false,1,26.90,12.81,true,1,
4003754081000,false,מרציפן חטיף 100 גר CARSTENS ERASMI,,DE,מרציפן חטיף 100 גר C,גרמים,100.00,100 גרם,false,1,8.50,8.50,true,1,
4005500310105,false,"MAGGI-רוטב לתיבול 202 מ""ל",,AT,MAGGI-רוטב לתיבול 20,מיליליטרים,202.00,"100 מ""ל",false,1,20.90,10.35,true,1,
4006387085407,false,פילטר מקסטרה+ שלישייה,,,פילטר מקסטרה+ שלישיי,Unknown,0.00,Unknown,false,1,139.00,139.00,true,1,
4006814000720,false,סנטה קלנדר 75 גר WAWI,,,סנטה קלנדר 75 ג WAWI,Unknown,0.00,Unknown,false,1,10.90,10.90,true,1,
4006814000751,false,סנטה בודד עם כובע 80 גר,,,סנטה בודד עם כובע,גרמים,80.00,100 גרם,false,1,13.90,17.38,true,1,
4006814011061,false,שוקולד סנטה 60 גר,,,שוקולד סנטה 60 גר,גרמים,60.00,100 גרם,false,1,4.90,8.17,true,1,
4006814072000,false,סנטה שקית 200 גרם WAWI,,,סנטה שקית 200 גרם WA,גרמים,200.00,100 גרם,false,1,14.90,7.45,true,1,
4007745058811,false,חרדל צרפתי חלק אורגני 200 גרם,,,חרדל צרפתי חלק אורגנ,גרמים,200.00,100 גרם,false,1,15.50,7.75,true,1,
4008287762020,false,"בירה וואיזן קרומבאחכר 500 מ""ל",,DE,בירה קרומבאכר חיטה 5,מיליליטרים,500.00,"100 מ""ל",false,1,10.50,2.10,true,1,
4008400121321,false,פררו גיוטו בשקית 116 גרם,,,פררו גיוטו בשקית 116,גרמים,116.00,100 גרם,false,1,27.90,24.05,true,1,
4008400209524,false,קינדר - מארז שוקולד קריסמס 102 גרם,,IT,קינדר - מארז שוקולד,גרמים,102.00,100 גרם,false,1,22.90,22.45,true,1,
4008400290126,false,קינדר פינגווי עוגת ספוג במילוי חלבי 30 ג,,,קינדר פינגווי עוגת,גרמים,30.00,100 גרם,false,1,4.50,15.00,true,1,
4008400351926,false,פררו חנותה מיני 200 גרם,,DE,פררו חנותה מיני 200,גרמים,200.00,100 גרם,false,1,25.90,12.95,true,1,
4008400511825,false,שוקולד קינדר בצורת סנטה קלאוס 110 גרם,,IT,שוקולד קינדר בצורת ס,גרמים,110.00,100 גרם,false,1,22.90,20.82,true,1,
4009211007378,false,ראקסים אבקת קקאו פליפ-טופ 20% שומן 125 ג,,DE,ראקסים אבקת קקאו פלי,גרמים,125.00,100 גרם,false,1,11.90,9.52,true,1,
4009300002307,false,הרבה תיוני תה מיקס פירות 20 יח 40 גרם,,,הרבה תיוני תה מיקס פ,גרמים,40.00,100 גרם,false,1,7.90,19.75,true,1,
4009300522935,false,פומפדור תה ירוק עם לימונית ולואיזה,,,פומפדור תה ירוק עם ל,Unknown,0.00,Unknown,false,1,22.90,22.90,true,1,
4009300522966,false,פומפדור תה ירוק נענע,,,פומפדור תה ירוק נענע,Unknown,0.00,Unknown,false,1,22.90,22.90,true,1,
4009300524588,false,תה חליטת פומפדור פירות יער 20 יח,,,תה חליטת פומפדור פיר,Unknown,0.00,Unknown,false,1,18.80,18.80,true,1,
4009300526438,false,פומפדור תה ירוק קלאסי 30 גרם,,,פומפדור תה ירוק קלאס,Unknown,0.00,Unknown,false,1,22.90,22.90,true,1,
4009300528821,false,"פומפדור  תה ירוק גינגר קינמון 30 מ""ל",,,פומפדור  תה ירוק גינ,מיליליטרים,30.00,"100 מ""ל",false,1,22.90,76.33,true,1,
4009300528845,false,"פומפדור  תה ירוק עם לימונית דבש 30 מ""ל",,,פומפדור  תה ירוק עם,מיליליטרים,30.00,"100 מ""ל",false,1,22.90,76.33,true,1,
4009300529514,false,תה חליטת פומפדור פירות אוכמניות 20 יח,,DE,תה חליטת פומפדור פיר,גרמים,50.00,100 גרם,false,1,18.80,37.60,true,1,
4009300529576,false,תה חליטת פומפדור פירות רימונים 20 יח,,,תה חליטת פומפדור פיר,Unknown,0.00,Unknown,false,1,18.80,18.80,true,1,
4009309742426,false,רסק תפוח מנגו אורגני 700 גר נטורפוד,,,רסק תפוח מנגו אורגני,גרמים,700.00,100 גרם,false,1,18.90,2.70,true,1,
4009900403023,false,מסטיק אורביט WHITE בטעם מנטה,,,מסטיק אורביט WHITE ב,Unknown,0.00,Unknown,false,1,10.00,10.00,true,1,
4009900420129,false,מסטיק אורביט פרופשיונל פפרמינט בקבוקון,,PL,מסטיק אורביט פרופשיו,Unknown,0.00,Unknown,false,1,10.00,10.00,true,1,
4009900426039,false,מסטיק איירוויבז מנטה אקליפטוס בקבוקון 64,,PL,מסטיק איירוויבז מנטה,גרמים,64.00,100 גרם,false,1,10.90,17.03,true,1,
4009900426121,false,מסטיק איירוויבז אוכמניות בקבוקון 64 גר,,,מסטיק איירוויבז אוכמ,גרמים,64.00,100 גרם,false,1,10.90,17.03,true,1,
4009900455299,false,סקיטלס פירות 174 גרם,,,סקיטלס פירות 174 גרם,גרמים,174.00,100 גרם,false,1,10.40,5.98,true,1,
4009900465304,false,סקיטלס פירות חמוצים 174 גרם,,,סקיטלס פירות חמוצים,גרמים,174.00,100 גרם,false,1,10.40,5.98,true,1,
4009900479998,false,"מסטיק אורביט לל""ס אוכמניות בקבוקון",,,"מסטיק אורביט לל""ס או",Unknown,0.00,Unknown,false,1,10.00,10.00,true,1,
4009900482417,false,מסטיק אורביט באבל מינט בקבוקון,,,מסטיק אורביט באבל מי,Unknown,0.00,Unknown,false,1,10.00,10.00,true,1,
4009900521581,false,סוכריות אורביט מינטס מנטה בבקבוקון 77 גר,,,סוכריות אורביט מינטס,גרמים,77.00,100 גרם,false,1,10.90,14.16,true,1,
4009900531122,false,מסטיק אורביט פרופשיונל ספירמינט בקבוקון,,PL,מסטיק אורביט פרופשיו,Unknown,0.00,Unknown,false,1,10.00,10.00,true,1,
4009900535519,false,אורביט רפרשרס ספירמינט  אישית   15.6 גר,,PL,אורביט רפרשרס ספירמי,גרמים,16.00,100 גרם,false,1,3.90,24.38,true,1,
4009900539340,false,סקיטלס גיינט סאוור 141 גר,,,סקיטלס גיינט סאוור 1,גרמים,141.00,100 גרם,false,1,10.40,7.38,true,1,
4009900539685,false,מסטיק פייב באונס מנטה בקבוקון 61.8 גר,,,מסטיק פייב באונס מנט,גרמים,62.00,100 גרם,false,1,12.20,19.68,true,1,
4011800528416,false,קורני בייס סויט & סולט 6 יח 150 גר,,DE,קורני בייס סויט & סו,גרמים,150.00,100 גרם,false,1,11.90,7.93,true,1,
4011800567613,false,קורני מילק דארק וואיט 4 יח 120 גר,,DE,קורני מילק דארק וואי,גרמים,120.00,100 גרם,false,1,13.50,11.25,true,1,
4011800568610,false,קורני מילק קלאסיק 4 יח 120 גר,,DE,קורני מילק קלאסיק 4,גרמים,120.00,100 גרם,false,1,13.50,11.25,true,1,
4011800577810,false,קורני פרי (6) נוגט 120 גרם,,,קורני פרי (6) נוגט 1,גרמים,120.00,100 גרם,false,1,11.90,9.92,true,1,
4011800617615,false,קורני ביג שוקו 50 גר,,DE,קורני ביג שוקו 50 גר,גרמים,50.00,100 גרם,false,1,4.90,9.80,true,1,
4011800617714,false,קורני ביג שוקו בננה 50 גר,,DE,קורני ביג שוקו בננה,גרמים,50.00,100 גרם,false,1,4.90,9.80,true,1,
4011800617912,false,קורני ביג נאטס 50 גר,,DE,קורני ביג נאטס 50 גר,גרמים,50.00,100 גרם,false,1,4.90,9.80,true,1,
4011800628512,false,חטיף קורני שוקולד חלב 6 יח 150 גר,,DE,חטיף קורני שוקולד חל,גרמים,150.00,100 גרם,false,1,11.90,7.93,true,1,
4011800629519,false,קורני בייס נאטס 150 גר 6 יח 150 גר,,DE,קורני בייס נאטס 150,גרמים,150.00,100 גרם,false,1,11.90,7.93,true,1,
4011800630515,false,חטיף קורני שוקולד חלב ובננה 6 יח 150 גר,,DE,חטיף קורני שוקולד חל,גרמים,150.00,100 גרם,false,1,11.90,7.93,true,1,
4011800632519,false,קורני בייס קוקונט 6 יח 150 גר,,DE,קורני בייס קוקונט 6,גרמים,150.00,100 גרם,false,1,11.90,7.93,true,1,
4011800633516,false,קורני בייס דרק שוקו 6 יח 138 גר,,DE,קורני בייס דרק שוקו,גרמים,138.00,100 גרם,false,1,11.90,8.62,true,1,
4011800636517,false,קורני פרי שוקולד חלב 6 יח 120 גר,,DE,קורני פרי שוקולד חלב,גרמים,120.00,100 גרם,false,1,13.50,11.25,true,1,
4011800637514,false,קורני פרי ואיט שוקולד לבן 6 יח 120 גר,,DE,קורני פרי ואיט שוקול,גרמים,120.00,100 גרם,false,1,13.50,11.25,true,1,
4012200321058,false,חזרת לבנה ביתית 250 גר,,,חזרת לבנה ביתית 250,גרמים,250.00,100 גרם,false,1,14.90,5.96,true,1,
4012839597596,false,כבד דג 120 גרם,,IS,כבד דג 120 גרם,גרמים,120.00,100 גרם,false,1,16.90,14.08,true,1,
4013197062061,false,סקיי סוכריות קשות בטעם דובדבן 130 גרם,,,סקיי סוכריות קשות בט,גרמים,130.00,100 גרם,false,1,8.90,6.85,true,1,
4013227013391,false,"אוטום קרים 750 מ""ל",,,"אוטום קרים 750 מ""ל",מיליליטרים,750.00,"100 מ""ל",false,1,39.90,5.32,true,1,
4014303116265,false,הלורן כדורי שוקולד ממולא שרי 125 גרם,,DE,הלורן כדורי שוקולד מ,גרמים,125.00,100 גרם,false,1,10.90,8.72,true,1,
4014303119402,false,הלורן שוקולד חלב ממולא קרם קוקוס 125 גרם,,,הלורן שוקולד חלב ממו,גרמים,125.00,100 גרם,false,1,10.90,8.72,true,1,
4014303516904,false,הלורן-כדורי מוצארט קוגלן 200 גרם,,,הלורן-כדורי מוצארט ק,גרמים,200.00,100 גרם,false,1,29.90,14.95,true,1,
4014400900217,false,בונבוניירה מרסי 400 גרם,,,בונבוניירה מרסי 400,גרמים,400.00,100 גרם,false,1,49.90,12.48,true,1,
4014400901191,false,בונבוניירה מרסי 250 גרם,,,בונבוניירה מרסי 250,גרמים,250.00,100 גרם,false,1,27.30,10.92,true,1,
4014400904390,false,סוכריות שטרוק וולמילש 325 גרם,,,סוכריות שטרוק וולמיל,גרמים,325.00,100 גרם,false,1,23.90,7.35,true,1,
4014400914269,false,מרסי שוקולד חלב עם קפה ושוקול לבן 100 גר,,,מרסי שוקולד חלב עם ק,גרמים,100.00,100 גרם,false,1,11.90,11.90,true,1,
4014400917543,false,טופיפי 100 גרם,,DE,טופיפי 100 גרם,מיליליטרים,100.00,"100 מ""ל",false,1,9.90,9.90,true,1,
4014400920857,false,סוכריות  וורטר ללא סוכר טעם שוקול 70 גרם,,,סוכריות  וורטר ללא ס,Unknown,0.00,Unknown,false,1,8.00,8.00,true,1,
4014400925326,false,וורטרס אורגינל פופקורן קרמל ובייגלה 140,,,וורטרס אורגינל פופקו,גרמים,140.00,100 גרם,false,1,20.90,14.93,true,1,
4014400929010,false,וופל מיני קנופרס 200 גר 10 גר*20 יחידות,,DE,וופל מיני קנופרס 200,גרמים,200.00,100 גרם,false,1,18.90,9.45,true,1,
4014600204863,false,רגולדס מיקס סוכריות פירות בצנצנת 950 גרם,,,רגולדס מיקס סוכריות,גרמים,950.00,100 גרם,false,1,41.80,4.40,true,1,
4014600397633,false,רגולדס וולמינט פוקט ל.סוכר מנטה,,,רגולדס וולמינט פוקט,גרמים,20.00,100 גרם,false,1,8.90,44.50,true,1,
4014964117663,false,בירה קוסטריצה מיני חבית 5 ליטר,,,בירה קוסטריצה מיני ח,ליטרים,0.01,ליטר,false,1,99.60,9960.00,true,1,
4015400564034,false,אולדייז מגה פק לונג פלוס 58 יח,,,אולדייז מגה פק לונג,Unknown,0.00,Unknown,false,1,19.90,19.90,true,1,
4015400564454,false,אולדייז מגה פק לארג 68 יח,,,אולדייז מגה פק לארג,Unknown,0.00,Unknown,false,1,19.90,19.90,true,1,
4015400598329,false,אולויז קוואטרו נורמל פלוס 56 יח,,,אולויז קוואטרו נורמל,Unknown,0.00,Unknown,false,1,36.90,36.90,true,1,
4015400598411,false,אולוייז קוואטרו לילה 40 יח,,,תחבושות אולוויז קווא,Unknown,0.00,Unknown,false,1,36.90,36.90,true,1,
4015400681670,false,תחבושות אולוויז לילה בטוח וליו פק 18 יח,,,תחבושות אולוויז לילה,Unknown,0.00,Unknown,false,1,19.90,19.90,true,1,
4015400690313,false,טמפונים פרל רגולר טמפקס קומפאק 18 יח,,,טמפונים פרל רגולר טמ,Unknown,0.00,Unknown,false,1,28.50,28.50,true,1,
4015400731719,false,תחבושות אולוויז כפול לילה 20 יח,,,תחבושות אולוויז כפול,Unknown,0.00,Unknown,false,1,19.90,19.90,true,1,
4015400746812,false,מגן תחתון נורמל אולוויז מגה פק 80 יח,,,מגן תחתון נורמל,Unknown,0.00,Unknown,false,1,19.90,19.90,true,1,
4015400755241,false,תחבושות אולוויז וליו פק נורמל+ 28 יח,,,תחבושות אולוויז וליו,Unknown,0.00,Unknown,false,1,19.90,19.90,true,1,
4015400755487,false,תחבושות אולוויז וליו פק לונג+  24 יח,,,תחבושות אולוויז וליו,Unknown,0.00,Unknown,false,1,19.90,19.90,true,1,
4015576156835,false,"בירה בהירה לא מסוננת ברלינר 500 מ""ל",,DE,בירה בהירה לא מסוננת,מיליליטרים,500.00,"100 מ""ל",false,1,8.90,1.78,true,1,
4015576235493,false,"בירה בהירה ברלינר גשיחטה הל בפחית 500 מ""",,DE,בירה בהירה ברלינר גש,מיליליטרים,500.00,"100 מ""ל",false,1,8.90,1.78,true,1,
4015600762742,false,"הד&שולדרס שמפו קלאסי 500 מ""ל",,,הד&שולדרס שמפו 500 מ,מיליליטרים,500.00,"100 מ""ל",false,1,20.90,4.18,true,1,
4015600762780,false,"הד&שולדרס 2 ב 1 קלאסי 500 מ""ל",,,הד&שולדרס 2 ב 1 500,מיליליטרים,500.00,"100 מ""ל",false,1,20.90,4.18,true,1,
4015600762940,false,"הד&שולדרס שמפו תפוח 500 מ""ל",,,הד&שולדרס שמפו 500 מ,מיליליטרים,500.00,"100 מ""ל",false,1,20.90,4.18,true,1,
4015600766900,false,"הד&שולדרס 2 ב-1 מנטול 500 מ""ל",,,הד&שולדרס 2 ב-1 מנטו,מיליליטרים,500.00,"100 מ""ל",false,1,20.90,4.18,true,1,
4015600807573,false,דאו גל 75 מל PR-PB,,,דאו גילט גל לגבר פאו,מיליליטרים,75.00,"100 מ""ל",false,1,22.90,30.53,true,1,
4017100198151,false,ביסקוויט ממולא קרם וניל היט 220 גרם,,,ביסקוויט ממולא קרם ו,גרמים,220.00,100 גרם,false,1,10.40,4.73,true,1,
4017100219900,false,וופלטן גליליות וופל עם שוקולד 100 גרם,,,וופלטן גליליות וופל,גרמים,100.00,100 גרם,false,1,15.60,15.60,true,1,
4017100364112,false,ביסקוויט ממולא קרם שוקולד היט 220 גרם,,,ביסקוויט ממולא קרם ש,גרמים,220.00,100 גרם,false,1,10.40,4.73,true,1,
4018344511188,false,סלמון פראי ברוטב שום לארסן 200 גרם,,,סלמון פראי ברוטב שום,גרמים,200.00,100 גרם,false,1,12.90,6.45,true,1,
4018722100188,false,אטריות רחבות כוסמין וביצים אורגניות,,,אטריות רחבות כוסמין,גרמים,250.00,100 גרם,false,1,14.90,5.96,true,1,
4018722303459,false,מקרוני כוסמין אורגני 250 גרם,,,מקרוני כוסמין אורגני,גרמים,250.00,100 גרם,false,1,13.10,5.24,true,1,
4018722344308,false,פפרדלה כוסמין אורגני אלב גולד 500 גרם,,DE,פפרדלה כוסמין אורגני,גרמים,500.00,100 גרם,false,1,20.90,4.18,true,1,
4019400440657,false,הלורן דפדפי שוקולד מנטה 200 גר,,,שוקולד במילוי מנטה 2,גרמים,200.00,100 גרם,false,1,16.90,8.45,true,1,
4022025000137,false,יין בלו נאן גוורצטרמינר 750 מל,,,יין בלו נאן גוורצטרמ,Unknown,0.00,Unknown,false,1,46.90,46.90,true,1,
4022025372036,false,"בלו נאן מבעבע יבש מהדורת הזהב 750 מ""ל",,,בלו נאן זהב מבעבע 75,Unknown,0.00,Unknown,false,1,51.90,51.90,true,1,
4022025379035,false,"בלו נאן רוזה מבעבע 750 מ""ל",,,בלו נאן רוזה מבעבע 7,Unknown,0.00,Unknown,false,1,51.90,51.90,true,1,
4030300022057,false,וויקס סוכריות עם שמן ואוקליפ ללא סוכר,,,וויקס סוכריות עם שמן,גרמים,72.00,100 גרם,false,1,12.90,17.92,true,1,
4030300022088,false,וויקס סוכריות לימון ומנטה ללא סוכר,,,וויקס סוכריות לימון,גרמים,72.00,100 גרם,false,1,12.90,17.92,true,1,
4032900111292,false,ווינסטון קומפלקט כחול חפיסה,,,ווינסטון קומפלקט כחו,Unknown,0.00,Unknown,false,1,28.50,28.50,true,1,
4032900111308,false,ווינסטון קומפלקט סילבר חפיסה,,,ווינסטון קומפלקט סיל,Unknown,0.00,Unknown,false,1,28.50,28.50,true,1,
4032900124254,false,ווינסטון קומפלקט ברי PP חפיסה,,,ווינסטון קומפלקט ברי,Unknown,0.00,Unknown,false,1,28.50,28.50,true,1,
4033100013348,false,LD 100,,,LD 100,Unknown,0.00,Unknown,false,1,27.50,27.50,true,1,
4033100014499,false,LD כחול,,,LD כחול,Unknown,0.00,Unknown,false,1,27.50,27.50,true,1,
4033100014529,false,LD  סלימס,,,LD  סלימס בודד,Unknown,0.00,Unknown,false,1,25.90,25.90,true,1,
4033100024146,false,ווינסטון CODE חפיסה,,,ווינסטון CODE חפיסה,יחידה,1.00,יחידה,false,1,30.90,30.90,true,1,
4033100024252,false,ווינסטון AQUA חפיסה,,,ווינסטון AQUA חפיסה,יחידה,1.00,יחידה,false,1,30.90,30.90,true,1,
4033100064036,false,וינסטון כחול טבק לגלגול חפיסה,,,וינסטון כחול טבק לגל,יחידה,1.00,יחידה,false,1,76.90,76.90,true,1,
4043058008778,false,טבק אמריקן ספיריט כחול פאוצ,,,טבק לגלגול אמריקון 3,יחידה,1.00,יחידה,false,1,81.90,81.90,true,1,
4043058010412,false,טבק אמריקן ספיריט צהוב פאוצ,,,טבק אמריקן ספיריט צה,יחידה,1.00,יחידה,false,1,81.90,81.90,true,1,
4044889002225,false,ויואני-שוקולד לבישול 70% אורגני 200 גר,,,ויואני-שוקולד לבישול,גרמים,200.00,100 גרם,false,1,31.90,15.95,true,1,
4044889002522,false,ויואני בר שוקולד מריר עם דובדבן שחור,,,ויואני בר שוקולד מרי,גרמים,35.00,100 גרם,false,1,9.90,28.29,true,1,
4044889002539,false,ויואני בר שוקולד אורגני תפוז שקד 35 גר,,,ויואני בר שוקולד אור,גרמים,35.00,100 גרם,false,1,9.50,27.14,true,1,
4044889004106,false,ויואני-שוקולד אורגני מריר 100% 100 גר,,,ויואני-שוקולד אורגני,גרמים,80.00,100 גרם,false,1,21.90,27.38,true,1,
4049366003429,false,ארנסט לודוויג גוורצטרמינר 750 מל,,,ארנסט לודוויג גוורצט,Unknown,0.00,Unknown,false,1,46.90,46.90,true,1,
4052197000017,false,"בירה בנדיקטינר חיטה לא מסוננת 500 מ""ל",,,בירה בנדיקטינר חיטה,מיליליטרים,500.00,"100 מ""ל",false,1,10.90,2.18,true,1,
4052197000352,false,"בירה 330 מ""ל WHEAT BEER BENEDIKTINER",,,"בירה 330 מ""ל WHEAT B",מיליליטרים,330.00,"100 מ""ל",false,1,8.90,2.70,true,1,
4052197000369,false,שישיית בירה בנדיקטינר חיטה 330 מל*6,,,שישיית בירה בנדיקטינ,מיליליטרים,1980.00,"100 מ""ל",false,1,47.90,2.42,true,1,
4052197000390,false,בירה 5 ליטר CAN- MINI K. BENEDIKTINER,,,בירה 5 ליטר CAN- MIN,ליטרים,0.01,ליטר,false,1,99.60,9960.00,true,1,
4052197000925,false,בירה בנדקטינר דונקל כהה 500 מל,,,בירה בנדקטינר דונקל,מיליליטרים,500.00,"100 מ""ל",false,1,11.90,2.38,true,1,
4052197001281,false,בירה בנדיקטינר 500 מל פחית,,,בירה בנדיקטינר 500 מ,מיליליטרים,500.00,"100 מ""ל",false,1,8.90,1.78,true,1,
4052197001366,false,"בירה בנדקטינר ללא אלכוהול 500 מ""ל",,,בירה בנדקטינר ללא אל,מיליליטרים,500.00,"100 מ""ל",false,1,11.90,2.38,true,1,
4052197002806,false,"מארז בירה בנדיקטינר 4*500 מ""ל פחית",,,מארז בירה בנדיקטינר,מיליליטרים,2000.00,"100 מ""ל",false,1,29.90,1.50,true,1,
4052197002844,false,"מארז בירה בנדיקטינר לאגר 4*500 מ""ל פחית",,,מארז בירה בנדיקטינר,מיליליטרים,2000.00,"100 מ""ל",false,1,29.90,1.50,true,1,
4052197003254,false,"בירה בנדיקטינר לאגר אורגינל 500 מ""ל",,,בירה בנדיקטינר לאגר,מיליליטרים,500.00,"100 מ""ל",false,1,10.90,2.18,true,1,
4052197004459,false,בירה בנדקטינר דונקל 500 פחית,,DE,בירה בנדקטינר דונקל,מיליליטרים,500.00,"100 מ""ל",false,1,8.90,1.78,true,1,
4052197004466,false,"מארז בירה בנדיקטינר דונקל 4*500 מ""ל פחית",,,מארז בירה בנדיקטינר,מיליליטרים,2000.00,"100 מ""ל",false,1,29.90,1.50,true,1,
4052197005272,false,"בירה בנדיקטינר לאגר 500 מ""ל פחית",,,בירה בנדיקטינר לאגר,מיליליטרים,500.00,"100 מ""ל",false,1,8.90,1.78,true,1,
4056489379508,false,קונטיננטל-ביסקויט סנדוויץ עם קרם חלב 250,,,קונטיננטל-ביסקויט סנ,גרמים,250.00,100 גרם,false,1,5.90,2.36,true,1,
4056489379515,false,קונטיננטל-ביסקויט סנדוויץ עם קרם שוק 250,,,קונטיננטל-ביסקויט סנ,גרמים,250.00,100 גרם,false,1,5.90,2.36,true,1,
4056489460039,false,קפטן רונדו-ביסקויט סנדוויץ  קרם שוק 500ג,,,קפטן רונדו-ביסקויט ס,גרמים,500.00,100 גרם,false,1,9.90,1.98,true,1,
4061445096702,false,קפה דוידוף מגורען 100 גר FINE AROMA,,CO,קפה דווידוף פיין ארו,גרמים,100.00,100 גרם,false,1,22.90,22.90,true,1,
4061445096726,false,קפה דוידוף מגורען 100 גר RICH AROMA,,CO,קפה דווידוף ריץ ארומ,גרמים,100.00,100 גרם,false,1,22.90,22.90,true,1,
4062400115483,false,"טקילה סיירה סילבר 700 מ""ל",,,טקילה סיירה סילבר 70,מיליליטרים,700.00,"100 מ""ל",false,1,85.00,12.14,true,1,
4062400543125,false,"טקילה סיירה רפוסאדו 700 מ""ל",,,טקילה סיירה רפוסאדו,מיליליטרים,700.00,"100 מ""ל",false,1,85.00,12.14,true,1,
4066600601920,false,"בירה פאולנר 500 מ""ל פחית",,DE,"בירה פאולנר 500 מ""ל",מיליליטרים,500.00,"100 מ""ל",false,1,11.90,2.38,true,1,
4066600999614,false,"בירה פאולנר חיטה 500 מ""ל בקובק",,,בירה פאולנר חיטה 500,מיליליטרים,500.00,"100 מ""ל",false,1,11.90,2.38,true,1,
4072700001188,false,"בירה פרנסיסקאנר כהה בקבוק 500 מ""ל",,,בירה פרנסיסקאנר כהה,מיליליטרים,500.00,"100 מ""ל",false,1,12.90,2.58,true,1,
4072700001775,false,בירה פרנסיסקאנר בהירה פחית 500 מל,,,בירה פרנסיסקאנר בהיר,מיליליטרים,500.00,"100 מ""ל",false,1,11.90,2.38,true,1,
4072700003649,false,"בירה פרנסיסקאנר בהירה 500 מ""ל",,,בירה פרנסיסקאנר בהיר,מיליליטרים,500.00,"100 מ""ל",false,1,12.90,2.58,true,1,
4076300015804,false,"בירה קלר ביר 500 מ""ל",,,"בירה קלר ביר 500 מ""ל",מיליליטרים,500.00,"100 מ""ל",false,1,13.90,2.78,true,1,
4084500081314,false,משחת שיניים אורל בי פרואקספרט ניקוי עמוק,,DE,משחת שיניים אורל בי,מיליליטרים,75.00,"100 מ""ל",false,1,15.30,20.40,true,1,
4084500088917,false,"נוזל כלים פיירי לימון 650 מ""ל",,,נוזל כלים פיירי לימו,מיליליטרים,650.00,"100 מ""ל",false,1,10.90,1.68,true,1,
4084500149526,false,גל כביסה טייד 2.48 ליטר,,,גל כביסה טייד 2.48 ל,ליטרים,0.00,ליטר,false,1,25.90,25.90,true,1,
4084500739253,false,3D WHITEמשחת שיניים אורל בי לובן מהודר,,DE,3D WHITEמשחת שיניים,Unknown,0.00,Unknown,false,1,32.50,32.50,true,1,
4084500853836,false,"נוזל כלים פיירי ורדים ומשי 515 מ""ל",,GB,נוזל כלים פיירי ורדי,מיליליטרים,515.00,"100 מ""ל",false,1,10.90,2.12,true,1,
4101540707353,false,שטולן לחם צימוקים וקליפות הדרים מסוכ 500,,,שטולן לחם צימוקים וק,גרמים,500.00,100 גרם,false,1,27.90,5.58,true,1,
4101540710919,false,שטולן לחם בטעם מרציפן וצימוקים 500 גרם,,,שטולן לחם בטעם מרציפ,גרמים,500.00,100 גרם,false,1,27.90,5.58,true,1,
4101540773723,false,עוגת שטולן 450 גר,,DE,עוגת שטולן 450 גר,גרמים,450.00,100 גרם,false,1,29.90,6.64,true,1,
4101540775413,false,עוגת שטולן עשירה עם מרצפן 950 גר,,DE,עוגת שטולן עשירה עם,גרמים,950.00,100 גרם,false,1,52.90,5.57,true,1,
4101940131611,false,"בירה 500 מ""ל STEPHANS BRAU LAGER",,,"בירה 500 מ""ל STEPHAN",מיליליטרים,500.00,"100 מ""ל",false,1,7.90,1.58,true,1,
4101940131628,false,"בירה 500 מ""ל STEPHANS BRAU WEISBER",,,"בירה 500 מ""ל STEPHAN",מיליליטרים,500.00,"100 מ""ל",false,1,7.90,1.58,true,1,
4101940426823,false,"בירה 500 מ""ל 7.9% APOSTEL BRAU",,,"בירה 500 מ""ל 7.9% AP",מיליליטרים,500.00,"100 מ""ל",false,1,7.90,1.58,true,1,
4102430310615,false,"שישיית בירה ביטבורגר דרייב 6*330 מ""ל",,,שישיית בירה ביטבורגר,מיליליטרים,1980.00,"100 מ""ל",false,1,46.90,2.37,true,1,
4105120623941,false,"בירה ויינשטפן  500 מ""ל בקבוק",,,בירה ויינשטפן  500 מ,מיליליטרים,330.00,"100 מ""ל",false,1,11.90,3.61,true,1,
4105120624412,false,"בירה ויינשטפן ויטוס 500 מ""ל",,IL,בירה ויינשטפן ויטוס,מיליליטרים,500.00,"100 מ""ל",false,1,11.90,2.38,true,1,
4250231136375,false,הלורן-שוקולד במילוי קרם לימון 100 גר,,,הלורן-שוקולד במילוי,גרמים,100.00,100 גרם,false,1,3.90,3.90,true,1,
4250231139956,false,הלורן-רויאל טינס דפדפי פטל 200 גרם,,,הלורן-רויאל טינס דפד,גרמים,200.00,100 גרם,false,1,15.90,7.95,true,1,
4250231139970,false,הלורן-רויאל טינס דפדפי מנגו 200 גרם,,,הלורן-רויאל טינס דפד,גרמים,200.00,100 גרם,false,1,15.90,7.95,true,1,
4250231139994,false,הלורן-רויאל טינס דפדפי דומדמניות 200 גרם,,,הלורן-רויאל טינס דפד,גרמים,200.00,100 גרם,false,1,15.90,7.95,true,1,
4250231145056,false,הלורן-מאדאם פומפדור תות וודקה 150 גרם,,DE,הלורן-מאדאם פומפדור,גרמים,150.00,100 גרם,false,1,14.90,9.93,true,1,
4260007240151,false,ממרח חצילים אולן 360 גר,,,ממרח חצילים אולן 360,גרמים,350.00,100 גרם,false,1,13.90,3.97,true,1,
4260007247891,false,"עגבניות ומלפפונים בחומץ אולן 1.6 ק""ג",,,אסורטי אולן אמפ 1.63,קילוגרמים,0.00,"ק""ג",false,1,33.50,33.50,true,1,
4260007247907,false,"עגבניות מוחמצות גולד כבושות אולן 1.6 ק""ג",,,עגבניות אולן גולד כב,קילוגרמים,0.00,"ק""ג",false,1,31.90,31.90,true,1,
4260423410886,false,"בירה הופייגר חיטה גרמנית 500 מ""ל",,CZ,בירה הופייגר חיטה גר,מיליליטרים,500.00,"100 מ""ל",false,1,7.20,1.44,true,1,
4260651480019,false,אטריות אדממה אורגני 250 גרם,,,אטריות אדממה אורגני,גרמים,250.00,100 גרם,false,1,21.90,8.76,true,1,
4600068009043,false,קוואס אוצקובסקי 2 ליטר,,,קוואס אוצקובסקי 2 לי,ליטרים,0.00,ליטר,false,1,25.90,25.90,true,1,
4600068009883,false,"קוואס אוצקובסקי 500 מ""ל פחית",,,קוואס אוצקובסקי 500,מיליליטרים,500.00,"100 מ""ל",false,1,8.90,1.78,true,1,
4600080298593,false,שוקולד חלב אגוזי וצימוקים 90 גר ALIONKA,,RU,שוקולד חלב אגוזי וצי,גרמים,90.00,100 גרם,false,1,7.90,8.78,true,1,
4600080310400,false,סוכריות גריליאז 200 גרם,,,סוכריות גריליאז,גרמים,200.00,100 גרם,false,1,22.90,11.45,true,1,
4600300077656,false,בונבוניירה טרטיאקובסקיה גלריה 240 גר,,,בונבוניירה טרטיאקובס,גרמים,240.00,100 גרם,false,1,29.90,12.46,true,1,
4600300080335,false,סוכריות חלב ציפור 225 גרם,,,סוכריות חלב ציפור 22,גרמים,225.00,100 גרם,false,1,17.50,7.78,true,1,
4600300082599,false,בונ. ARTPASSION עם אגוזי לוז 240 גר,,,בונ. ARTPASSION עם א,גרמים,240.00,100 גרם,false,1,29.90,12.46,true,1,
4600300086863,false,ממתק וופל מצופה מישקה קוס 200 גרם,,,ממתק וופל מצופה,גרמים,200.00,100 גרם,false,1,22.90,11.45,true,1,
4600300088577,false,ממתק שוקולד קארטושקה רוט פרונט 250 גר,,,ממתק שוקולד קארטושקה,גרמים,250.00,100 גרם,false,1,11.90,4.76,true,1,
4600495522320,false,קינוח סופלה תות בשוקולד 232 גר BONJOUR,,RU,קינוח סופלה תות בשוק,גרמים,232.00,100 גרם,false,0,16.90,7.28,true,1,
4600495544803,false,קינוח סופלה בטעם פטל 232 גר BONJOUR,,RU,קינוח סופלה בטעם פטל,גרמים,232.00,100 גרם,false,1,16.90,7.28,true,1,
4600528347289,false,מיונז ריאבה פרוואנסל 200 גרם,,,מיונז ריאבה פרוואנסל,גרמים,200.00,100 גרם,false,1,6.90,3.45,true,1,
4600528347296,false,מיונז  ריאבה אוליבקווי 200 גרם,,,מיונז  ריאבה אוליבקו,גרמים,200.00,100 גרם,false,1,6.90,3.45,true,1,
4600528347821,false,מיונז פרוואנסל 410 גר,,,"מיונז ""פרוואנסל"" 410",גרמים,410.00,100 גרם,false,1,12.90,3.15,true,1,
4600528347838,false,"מיונז ""אוליבקווי"" 390 גרם",,,"מיונז ""אוליבקווי"" 39",גרמים,390.00,100 גרם,false,1,12.90,3.31,true,1,
4600528355963,false,מיונז עם ביצי שליו 372 גר RYABA,,,מיונז עם ביצי שליו 3,גרמים,372.00,100 גרם,false,1,12.90,3.47,true,1,
4600528357981,false,"רוטב מיונז ""המבורגר""",,RU,"רוטב מיונז ""המבורגר""",גרמים,233.00,100 גרם,false,1,10.50,4.51,true,1,
4600528359091,false,רוטב מיונז סנדוויץ 233 גר ASTORIA,,RU,רוטב מיונז סנדוויץ 2,גרמים,233.00,100 גרם,false,1,10.50,4.51,true,1,
4600528359107,false,רוטב מיונז בטעם גבינה 233 גר ASTORIA,,RU,רוטב מיונז בטעם גבינ,גרמים,233.00,100 גרם,false,1,10.50,4.51,true,1,
4600528359114,false,רוטב מיונז צסר גבינה 233 גר ASTORIA,,RU,רוטב מיונז צסר גבינה,גרמים,233.00,100 גרם,false,1,10.50,4.51,true,1,
4600682023524,false,בירה גורקובסקאיה בוהמיין פילס 440 מ,,,בירה גורקובסקאיה בוה,מיליליטרים,440.00,"100 מ""ל",false,1,8.90,2.02,true,1,
4600682023654,false,בירה גורקובסקאיה וויזאן לא  מסוננת 440 מ,,,בירה גורקובסקאיה ווי,מיליליטרים,440.00,"100 מ""ל",false,1,8.90,2.02,true,1,
4600699501121,false,שמן חמניות מזוכך 1ליטר  SLOBODA,,,שמן חמניות מזוכך 1לי,מיליליטרים,1000.00,"100 מ""ל",false,1,18.90,1.89,true,1,
4600699502494,false,שמן חמניות מזוכך  1.8 ליטר SLOBODA,,,שמן חמניות מזוכך  1.,ליטרים,0.00,ליטר,false,1,33.90,33.90,true,1,
4600699505433,false,שמן חמניות לא מזוכך 1ליטר  SLOBODA,,,שמן חמניות לא מזוכך,מיליליטרים,1000.00,"100 מ""ל",false,1,18.90,1.89,true,1,
4600699505525,false,מיונז סלובדה דוי פק 67% 800 גר PROVENSAL,,,מיונז סלובדה דוי פק,גרמים,800.00,100 גרם,false,1,19.90,2.49,true,1,
4600699505570,false,מיונז סלובדה דוי פק  67% זיתים 800 גרם,,,מיונז סלובדה דוי פק,גרמים,800.00,100 גרם,false,1,19.90,2.49,true,1,
4600823031098,false,שוקולד בטונציק 50 גרם,,,שוקולד בטונציק 50 גר,גרמים,50.00,100 גרם,false,1,3.90,7.80,true,1,
4600823093010,false,שוקולד בבאיבסקי עם מנדל 100 גר,,,שוקולד בביבסקי,גרמים,100.00,100 גרם,false,1,8.90,8.90,true,1,
4600823094017,false,שוקולד בבאיבסקי מריר פונדוק 100 גר,,,שוקולד בבייבסקי מריר,גרמים,100.00,100 גרם,false,1,8.90,8.90,true,1,
4600823122017,false,שוקולד בביבסקי עלית 100 גר,,,שוקולד בביבסקי עלית,גרמים,100.00,100 גרם,false,1,8.90,8.90,true,1,
4600823173019,false,שוקולד אליונקה עם חלב 100 גר,,,שוקולד אליונקה,גרמים,100.00,100 גרם,false,1,7.90,7.90,true,1,
4600823525047,false,סוכריות בלוצקה 200 גרם,,,סוכריות בלוצקה,גרמים,200.00,100 גרם,false,1,22.90,11.45,true,1,
4600851008758,false,חרדל 195 גרם STOLICHNAEA,,,חרדל 195 גרם STOLICH,גרמים,195.00,100 גרם,false,1,7.90,4.05,true,1,
4600851010669,false,מיונז פרובונסל 450 גרם,,FI,מיונז פרובונסל 450 ג,גרמים,450.00,100 גרם,false,1,14.90,3.31,true,1,
4600851014537,false,"מיונז פרובנסל קלאסיק 67% דויפק 400 מ""ל",,RU,מיונז פרובנסל קלאסיק,מיליליטרים,400.00,"100 מ""ל",false,1,9.90,2.48,true,1,
4600893900997,false,וודקה מרקה ירוקה 0.7 ליטר קדרובה,,,וודקה מרקה ירוקה 0.7,מיליליטרים,700.00,"100 מ""ל",false,1,62.90,8.99,true,1,
4601021049342,false,וופלים ארטק 200 גר,,,וופלים ארטק 200 גר,גרמים,200.00,100 גרם,false,1,7.90,3.95,true,1,
4601513007997,false,רולדה קורובקה בטעם חלב מבושל 200 גר,,,רולדה קורובקה בטעם ח,גרמים,200.00,100 גרם,false,1,9.90,4.95,true,1,
4601513008581,false,רולדה אליונקה בטעם שוקולד חלב 200 גר,,,רולדה אליונקה בטעם ש,גרמים,200.00,100 גרם,false,1,9.90,4.95,true,1,
4601513009250,false,רולדה חלב ציפור בטעם שמנת 200 גר,,,רולדה חלב ציפור בטעם,גרמים,200.00,100 גרם,false,1,9.90,4.95,true,1,
4601576004100,false,מיונז מצטה חוזייקי קלאסי רוטב לסלט 873 ג,,,רוטב תיבול פרובנסל ק,מיליליטרים,900.00,"100 מ""ל",false,1,23.90,2.66,true,1,
4601576010101,false,"רוטב תיבול עם ביצי שליו מצטה חוז 900 מ""ל",,,רוטב תיבול עם ביצי ש,מיליליטרים,900.00,"100 מ""ל",false,1,23.90,2.66,true,1,
4601713000873,false,קרקר קליידסקוף 400 גר,,RU,קרקרים וולשבני קלייד,גרמים,400.00,100 גרם,false,1,11.90,2.98,true,1,
4601713001702,false,דובשניות טולסקיי פריאניק פירות 140 גר,,,דובשניות טולסקיי פרי,גרמים,140.00,100 גרם,false,1,6.90,4.93,true,1,
4601713001719,false,דובשניות טולסקיי פריאניק בטעם חלב 140 גר,,,דובשניות טולסקיי פרי,גרמים,140.00,100 גרם,false,1,6.90,4.93,true,1,
4601713006813,false,קרקרים וסיולי קליידוסקופ 400 גר,,RU,קרקרים וסיולי קליידו,גרמים,400.00,100 גרם,false,1,11.90,2.98,true,1,
4601713008190,false,דובשנית טול. פריאניק אוכמניות 140 גרם,,,דובשנית טול. פריאניק,גרמים,140.00,100 גרם,false,1,6.90,4.93,true,1,
4601780006211,false,סולת מאקפה 700 גר,,,סולת מאקפה 700 גר,גרמים,700.00,100 גרם,false,1,13.50,1.93,true,1,
4601780010003,false,כוסמת 5*80 גר מאקפה,,,כוסמת 5*80 גר מאקפה,גרמים,400.00,100 גרם,false,1,11.50,2.88,true,1,
4601780010140,false,גריסי שעורה 5*80 גרם,,,גריסי שעורה 5*80 גרם,גרמים,400.00,100 גרם,false,1,7.90,1.98,true,1,
4602009008399,false,דג ליבקית מיובש וממולח ארנה 150 גר,,,דג ליבקית מיובש וממו,גרמים,15000.00,100 גרם,false,1,25.90,0.17,true,1,
4602009299742,false,ממתקים מוקצפים בטעם וניל 420 גר,,,ממתקים מוקצפים בטעם,גרמים,420.00,100 גרם,false,1,16.50,3.93,true,1,
4602009299759,false,ממתקים מוקצפים לבן ורוד 420 גר פיטרסקיי,,,ממתקים מוקצפים לבן ו,גרמים,420.00,100 גרם,false,1,16.50,3.93,true,1,
4602009299773,false,ממתקים מוקצפים וניל מצופה שוקולד 450 גר,,,ממתקים מוקצפים וניל,גרמים,450.00,100 גרם,false,1,16.50,3.67,true,1,
4602441005116,false,משקה 2 ליטר TARCHUN,,,משקה 2 ליטר TARCHUN,ליטרים,0.00,ליטר,false,1,16.50,16.50,true,1,
4602441017911,false,סוכריות קרמל 120 גר MIX,,RU,סוכריות קרמל 120 גר,גרמים,120.00,100 גרם,false,1,5.50,4.58,true,1,
4602486000954,false,וודקה בלניקאיה 1 ל,,,וודקה בלניקאיה 1 ל,מיליליטרים,1000.00,"100 מ""ל",false,1,82.90,8.29,true,1,
4602486002071,false,"וודקה בלנקאיה גולד 700 מ""ל",,RU,וודקה בלנקאיה גולד 7,מיליליטרים,700.00,"100 מ""ל",false,1,54.90,7.84,true,1,
4602486002477,false,"וודקה בלנקאיה אקסטרה 700 מ""ל",,RU,וודקה בלנקאיה אקסטרה,מיליליטרים,700.00,"100 מ""ל",false,1,67.90,9.70,true,1,
4602486002484,false,וודקה בלנקאיה אקסטרה 1  ליטר,,,וודקה בלנקאיה אקסטרה,מיליליטרים,1000.00,"100 מ""ל",false,1,93.90,9.39,true,1,
4603400000043,false,"וודקה רוסקיי סטנדרט 700 מ""ל",,,וודקה רוסקיי סטנדרט,מיליליטרים,700.00,"100 מ""ל",false,1,59.90,8.56,true,1,
4603400000180,false,"וודקה סטנדרט פלטינום 700 מ""ל",,,וודקה סטנדרט פלטינום,מיליליטרים,700.00,"100 מ""ל",false,1,93.90,13.41,true,1,
4603400000197,false,"וודקה רוסקי סטנדרט 500 מ""ל",,,וודקה רוסקי סטנדרט 5,מיליליטרים,500.00,"100 מ""ל",false,1,60.90,12.18,true,1,
4603514006771,false,"וודקה 700 מ""ל IMPERIAL COLLECTION",,,"וודקה 700 מ""ל IMPERI",מיליליטרים,700.00,"100 מ""ל",false,1,83.90,11.99,true,1,
4603514009277,false,"גין באריסטר יבש 700 מ""ל",,RU,גין באריסטר יבש 700,מיליליטרים,700.00,"100 מ""ל",false,1,98.90,14.13,true,1,
4603514010327,false,"גין באריסטר פינק מתובל 700 מ""ל",,RU,גין באריסטר פינק מתו,מיליליטרים,700.00,"100 מ""ל",false,1,104.90,14.99,true,1,
4603514010341,false,"גין באריסטר בלו מתובל 700 מ""ל",,RU,גין באריסטר בלו מתוב,מיליליטרים,700.00,"100 מ""ל",false,1,104.90,14.99,true,1,
4603928000976,false,"וודקה בלוגה נובל 700 מ""ל",,RU,וודקה בלוגה נובל 700,מיליליטרים,700.00,"100 מ""ל",false,1,122.90,17.56,true,1,
4603928005551,false,וודקה בלוגה טראנסאטלנטיק 1 ליטר,,,וודקה בלוגה טראנסאטל,מיליליטרים,1000.00,"100 מ""ל",false,1,192.90,19.29,true,1,
4603955001915,false,שוקולד רוסקיי פוריסטי קרמל 100 גר,,,שוקולד רוסקיי פוריסט,גרמים,100.00,100 גרם,false,1,7.90,7.90,true,1,
4604248000103,false,מיונז מאחייב זיתים 50.5% 800 גרם,,,מיונז מאחייב זיתים 8,גרמים,800.00,100 גרם,false,1,19.90,2.49,true,1,
4604248000349,false,מיונז מאחייב פרובנסאל 380 גר,,,מיונז מאחייב פרובנסא,גרמים,380.00,100 גרם,false,1,11.90,3.13,true,1,
4604248000844,false,מיונז מאחייב עם שמן זית 380 גרם,,,מיונז מאחייב עם שמן,גרמים,380.00,100 גרם,false,1,11.90,3.13,true,1,
4604248002671,false,מיונז מאחייב בטעם לימון 50.5% 800 גרם,,,מיונז מאחייב בטעם לי,גרמים,800.00,100 גרם,false,1,19.90,2.49,true,1,
4604248003043,false,קטשופ  שישליק 500 גרם מחייב,,,קטשופ  שישליק 500 גר,גרמים,500.00,100 גרם,false,1,12.50,2.50,true,1,
4604248003067,false,קטשופ לצו 500 גרם מחייב,,,קטשופ לצו 500 גרם מח,גרמים,500.00,100 גרם,false,1,12.50,2.50,true,1,
4604248003081,false,מיונז מאחייב פרובנסאל 420 גר PEREPEL,,,מיונז מאחייב פרובנסא,גרמים,420.00,100 גרם,false,1,11.90,2.83,true,1,
4604248003517,false,חרדל רוסקיה 140 גרם,,,חרדל רוסי 140 גר Mah,גרמים,140.00,100 גרם,false,1,6.70,4.79,true,1,
4604248003784,false,חזרת 140 גרם,,RU,חזרת 140 גרם,גרמים,140.00,100 גרם,false,1,6.90,4.93,true,1,
4604248006952,false,ריבת תות שדה מאחייב בזכוכית 400 גר,,RU,ריבת תות שדה מאחייב,גרמים,400.00,100 גרם,false,1,22.90,5.73,true,1,
4604248008635,false,ריבת מאחייב  אוכמניות בזכוכית 400 גר,,,ריבת מאחייב  אוכמניו,גרמים,400.00,100 גרם,false,1,22.90,5.73,true,1,
4604248016197,false,תערובת תבלינים תחמיץ ברביקיו מאחייב 300,,,תערובת תבלינים תחמיץ,גרמים,300.00,100 גרם,false,1,9.90,3.30,true,1,
4604248016272,false,ריבת מאחייב דובדבן בזכוכית 400 גר,,,ריבת מאחייב דובדבן,גרמים,400.00,100 גרם,false,1,22.90,5.73,true,1,
4604248018276,false,רוטב בטעם גבינה 200 גרם,,,רוטב בטעם גבינה 200,גרמים,200.00,100 גרם,false,1,7.90,3.95,true,1,
4604248018283,false,רוטב בטעם שמנת חמוצה עם פטריות 200 גרם,,,רוטב בטעם שמנת חמוצה,גרמים,200.00,100 גרם,false,1,7.90,3.95,true,1,
4604248018290,false,רוטב בטעם שום ושמנת 200 גרם,,,רוטב בטעם שום ושמנת,גרמים,200.00,100 גרם,false,1,7.90,3.95,true,1,
4604248022709,false,מיונז מאחייב ביצים 50.5% 800 גרם,,RU,מיונז מאחייב ביצים 5,גרמים,800.00,100 גרם,false,1,19.90,2.49,true,1,
4605246003523,false,תה גרינפילד שחור גולדן צילוני 25 שקי 50 גר,,RU,תה גרינפילד שחור גול,גרמים,50.00,100 גרם,false,1,12.50,25.00,true,1,
4605246003738,false,תה גרינפילד ירוק יסמין 25 שקי 50 גר,,RU,תה גרינפילד ירוק יסמ,גרמים,50.00,100 גרם,false,1,12.50,25.00,true,1,
4605246004278,false,תה גרינפילד שחור ארל גריי 25 שקי 50 גר,,RU,תה גרינפילד שחור ארל,גרמים,50.00,100 גרם,false,1,12.50,25.00,true,1,
4605246004339,false,חליטה תה גרינפילד סאמר בוקט 25 שקי,,RU,חליטה תה גרינפילד סא,גרמים,38.00,100 גרם,false,1,12.50,32.89,true,1,
4605246005237,false,תה גרינפילד כמומיל דבש  1/25 שקיקים 37.5,,,תה גרינפילד חליטת תה,יחידה,1.00,יחידה,false,1,12.50,12.50,true,1,
4605246005817,false,תה גרינפילד גולדן ציילון 100 שקי 200 גר,,,תה גרינפילד גולדן צי,גרמים,100.00,100 גרם,false,1,33.90,33.90,true,1,
4605246005855,false,תה גרינפילד ירוק דרקון 100 שקי 200 גר,,,תה גרינפילד ירוק דרק,גרמים,200.00,100 גרם,false,1,33.90,16.95,true,1,
4605246005947,false,תה טס פלזה 25 שקיקים,,,תה טס פלזה 25 שקיקים,Unknown,0.00,Unknown,false,1,12.90,12.90,true,1,
4605246007118,false,תה גרינפילד שחור לימון 25 שקי 37.5 גר,,RU,תה גרינפילד שחור לימ,גרמים,38.00,100 גרם,false,1,12.50,32.89,true,1,
4605246009006,false,תה גרינפילד פירמידה ארל גריי 20 שקי 40 ג,,,תה גרינפילד פירמידה,Unknown,0.00,Unknown,false,1,14.90,14.90,true,1,
4605246009969,false,תה גרינפילד אוכמניות 1/25 שקיקים,,RU,תה גרינפילד אוכמניות,גרמים,38.00,100 גרם,false,1,12.50,32.89,true,1,
4605246011191,false,תה שחור צמחי טיליה בטעם דבש-25 שקיות,,RU,תה שחור צמחי טיליה ב,גרמים,38.00,100 גרם,false,1,12.50,32.89,true,1,
4605246013690,false,תה גרינפלד בתפזורת 100 גר Summer Bouquet,,RU,תה גרינפלד בתפזורת 1,גרמים,100.00,100 גרם,false,1,11.90,11.90,true,1,
4605246013881,false,תה ירוק בטעם גינגר וחבושים-25 שקיות,,RU,תה ירוק בטעם גינגר ו,גרמים,50.00,100 גרם,false,1,12.50,25.00,true,1,
4605246015267,false,תה שחור טס שוקולד קיס 20 שקיקים,,,תה שחור טס שוקולד קי,גרמים,36.00,100 גרם,false,1,14.90,41.39,true,1,
4605362008716,false,גרעינים שחורים 300 גר בבקיני,,,גרעינים שחורים 300 ג,גרמים,300.00,100 גרם,false,1,18.90,6.30,true,1,
4605504512378,false,עוגיות שמנת 200 גר סורמובסקויה,,,עוגיות שמנת 200 גר ס,גרמים,200.00,100 גרם,false,1,5.90,2.95,true,1,
4605504512569,false,עוגיות קפה 200 גר סורמובסקויה,,,עוגיות קפה 200 גר סו,גרמים,200.00,100 גרם,false,1,5.90,2.95,true,1,
4605504512620,false,עוגיות ריבת חלב 200 גר סורמובסקויה,,,עוגיות ריבת חלב 200,גרמים,200.00,100 גרם,false,1,5.90,2.95,true,1,
4605504518646,false,זפיר לבן ורוד אקסטרה 280 גרם,,,זפיר לבן ורוד אקסטרה,גרמים,280.00,100 גרם,false,1,11.90,4.25,true,1,
4605516025538,false,זפיר וודוחנובניה סורבה תפוז מצופה 245 ג,,,זפיר וודוחנובניה סור,גרמים,245.00,100 גרם,false,1,29.90,12.20,true,1,
4605561010329,false,חתיכות פילה הרינג מעושן בשמן 500 גרם,,RU,חתיכות פילה הרינג,גרמים,500.00,100 גרם,false,1,30.50,6.10,true,1,
4605561010343,false,חתיכות פילה הרינג בשמן 500 גרם,,RU,חתיכות פילה הרינג,גרמים,500.00,100 גרם,false,1,30.50,6.10,true,1,
4605561011975,false,חתיכות פילה הרינג בשמן 150 גרם,,,חתיכות פילה הרינג בש,גרמים,200.00,100 גרם,false,1,8.30,4.15,true,1,
4605561012613,false,פילה הרינג (קצוץ) בשמן 400 גרם,,,פילה הרינג (קצוץ) בש,גרמים,400.00,100 גרם,false,1,17.70,4.43,true,1,
4605561013009,false,פילה הרינג בשמן 400 גרם,,,פילה הרינג בשמן 400,גרמים,400.00,100 גרם,false,1,17.70,4.43,true,1,
4605627003104,false,פרוטיס אפרסק/פסיפלורה/דובדבן 115 מל,,,פרוטיס אפרסק/פסיפלור,מיליליטרים,115.00,"100 מ""ל",false,1,5.50,4.78,true,1,
4605627003142,false,פרוטיס משמש/מנגו/פירות יער 115 מל,,,פרוטיס משמש/מנגו/פיר,מיליליטרים,115.00,"100 מ""ל",false,1,5.50,4.78,true,1,
4605627003166,false,פרוטיס תות שדה/תפוח/אגס 115 מל,,,פרוטיס תות שדה/תפוח/,מיליליטרים,115.00,"100 מ""ל",false,1,5.50,4.78,true,1,
4605627006600,false,פרוטיס תות שדה 290 מל,,RU,פרוטיס תות שדה 290 מ,מיליליטרים,290.00,"100 מ""ל",false,1,10.90,3.76,true,1,
4605627006624,false,פרוטיס אפרסק 320 מל,,,פרוטיס אפרסק 320 מל,מיליליטרים,320.00,"100 מ""ל",false,1,10.90,3.41,true,1,
4605664011308,false,"בירה בוצקה קלאסיק 4.7% 450 מ""ל פחית",,,בירה בוצקה קלאסיק 4.,מיליליטרים,450.00,"100 מ""ל",false,1,9.50,2.11,true,1,
4606260000185,false,תערובת לתיבול שישליק,,RU,תערובת לתיבול שישליק,Unknown,0.00,Unknown,false,1,2.90,2.90,true,1,
4606260000192,false,תערובת לתיבול פלוב ר,,RU,תערובת לתיבול פלוב ר,Unknown,0.00,Unknown,false,1,2.90,2.90,true,1,
4606260000208,false,תערובת לתיבול דג 15,,RU,תערובת לתיבול דג 15,Unknown,0.00,Unknown,false,1,2.90,2.90,true,1,
4606260000529,false,תערובת לתיבול תפוחי,,RU,תערובת לתיבול תפוחי,Unknown,0.00,Unknown,false,1,2.90,2.90,true,1,
4606260000888,false,תבלין שום מיובש 10 ג,,RU,תבלין שום מיובש 10 ג,Unknown,0.00,Unknown,false,1,2.90,2.90,true,1,
4606260004428,false,ויטקס תערובת תיבול ירקות מיובשים 50 גרם,,,ויטקס תערובת תיבול י,גרמים,50.00,100 גרם,false,1,9.10,18.20,true,1,
4606260004473,false,תערובת לתיבול דג אדו,,RU,תערובת לתיבול דג אדו,Unknown,0.00,Unknown,false,1,2.90,2.90,true,1,
4606260004541,false,תבלין זירה 10 גרם וי,,RU,תבלין זירה 10 גרם וי,Unknown,0.00,Unknown,false,1,2.90,2.90,true,1,
4606260004985,false,ויטקס תערובת תיבול ירק מיובש 30 גרם,,,ויטקס תערובת תיבול י,גרמים,30.00,100 גרם,false,1,9.10,30.33,true,1,
4606260005326,false,ויטקס עלי דפנה 50 גרם,,,ויטקס עלי דפנה 50 גר,גרמים,50.00,100 גרם,false,1,10.30,20.60,true,1,
4606260005340,false,ויטקס תערובת תיבול מטבח עולמי 200 גרם,,,ויטקס תערובת תיבול מ,גרמים,200.00,100 גרם,false,1,10.20,5.10,true,1,
4606598001397,false,"תבלין לתפו""א מגיה ווסטוקה  15 גרם",,,תבלין לתפוא מגיה ווס,Unknown,0.00,Unknown,false,1,3.90,3.90,true,1,
4606598001427,false,תבלין חמלי-סונלי מגיה ווסטוקה  15 גרם,,,תבלין חמלי-סונלי מגי,Unknown,0.00,Unknown,false,1,3.90,3.90,true,1,
4606598001458,false,תבלין לשישליק מגיה ווסטוקה 15 גרם,,,תבלין לשישליק מגיה,Unknown,0.00,Unknown,false,1,3.90,3.90,true,1,
4606598001465,false,תבלין לבשר לבן מגיה ווסטוקה 15 גרם,,,תבלין לבשר לבן מגיה,Unknown,0.00,Unknown,false,1,3.90,3.90,true,1,
4606598002745,false,תבלין לסולומון מגיה ווסטוקה 15 גרם,,,תבלין לסולומון מגיה,Unknown,0.00,Unknown,false,1,3.90,3.90,true,1,
4606598007412,false,תבלין זירה מגיה ווסטוקה  15 גרם,,,תבלין זירה מגיה ווסט,Unknown,0.00,Unknown,false,1,3.90,3.90,true,1,
4606598007559,false,תבלין ציפורן שלם מגיה ווסטוקה 10 גר,,,תבלין ציפורן שלם מגי,Unknown,0.00,Unknown,false,1,5.90,5.90,true,1,
4606598007603,false,תבלין קינמון טחון מגיה ווסטוקה  15 גרם,,,תבלין קינמון טחון מג,Unknown,0.00,Unknown,false,1,3.90,3.90,true,1,
4607001414445,false,טארטלט מתוק 180 גרם DESERT,,,טארטלט מתוק 180 גרם,גרמים,180.00,100 גרם,false,1,9.90,5.50,true,1,
4607001415442,false,עוגה אישית ארנבון במילוי שוקולד 150 גר,,,עוגה אישית ארנבון במ,גרמים,150.00,100 גרם,false,1,11.90,7.93,true,1,
4607001415732,false,"עוגת טורט ""סיציליה"" 350 גר בייקר האוס",,,"עוגת טורט ""סיציליה""",גרמים,350.00,100 גרם,false,1,17.90,5.11,true,1,
4607001416241,false,מיני קקס בטעם ריבת חלב 470 גר קוביס,,,מיני קקס בטעם ריבת ח,גרמים,470.00,100 גרם,false,1,16.90,3.60,true,1,
4607001417569,false,טורט דבש (מאדוביק)במילוי ריבת חלב 350 גר,,,טורט דבש (מאדוביק)במ,גרמים,350.00,100 גרם,false,1,17.90,5.11,true,1,
4607002990238,false,שעועית אדומה דוד וניה  400 גר,,,שעועית אדומה דוד וני,גרמים,400.00,100 גרם,false,1,9.90,2.48,true,1,
4607002990252,false,שעועית לבנה דוד וניה 400 גר,,,שעועית לבנה דוד וניה,גרמים,400.00,100 גרם,false,1,9.90,2.48,true,1,
4607002990290,false,מלפפונים מוחמצים 680 גר   D. Vanya,,,מלפפונים מוחמצים 680,גרמים,680.00,100 גרם,false,1,13.90,2.04,true,1,
4607002990474,false,עגבניות מוחמצות דיאדיה וניה 680 גר,,,עגבניות מוחמצות דיאד,גרמים,680.00,100 גרם,false,1,13.90,2.04,true,1,
4607002990481,false,עגבניות במיץ עגבניות דיאדיה וניה 680 גרם,,,עגבניות במיץ עגבניות,גרמים,680.00,100 גרם,false,1,13.90,2.04,true,1,
4607002991235,false,אסורטי עגבניות ומלפפונים 1.8ל דאדיה וניה,,RU,אסורטי עגבניות ומלפפ,ליטרים,0.00,ליטר,false,1,29.90,29.90,true,1,
4607002991358,false,מלפפונים מוחמצים 1.8 ל דאדיה וניה,,RU,מלפפונים מוחמצים 1.8,ליטרים,0.00,ליטר,false,1,29.90,29.90,true,1,
4607002991587,false,עגבניות מוחמצות 1.8 ל דאדיה וניה,,RU,עגבניות מוחמצות 1.8,ליטרים,0.00,ליטר,false,1,29.90,29.90,true,1,
4607002995752,false,אסורטי עגבניות/מלפפונים דיאדיה וניה 680,,,אסורטי עגבניות/מלפפו,גרמים,680.00,100 גרם,false,1,13.90,2.04,true,1,
4607002995868,false,לציו דיאדיה וניה 680 גרם,,,לציו דיאדיה וניה 680,גרמים,680.00,100 גרם,false,1,13.90,2.04,true,1,
4607002995943,false,ממרח קישואים קלויים דיאדיה וניה 460 גר,,RU,ממרח קישואים קלויים,גרמים,460.00,100 גרם,false,1,11.90,2.59,true,1,
4607002997558,false,סלט הונגרי דיאדיה וניה 460 גרם,,RU,סלט הונגרי דיאדיה ונ,גרמים,460.00,100 גרם,false,1,11.90,2.59,true,1,
4607002997633,false,אגיקה פיקנטי ביתי דיאדיה וניה 460 גרם,,,אגיקה פיקנטי ביתי די,גרמים,460.00,100 גרם,false,1,11.90,2.59,true,1,
4607002998180,false,מלפפונים במלח 950 גר דאדיה וניה,,RU,מלפפונים במלח 950 גר,מיליליטרים,950.00,"100 מ""ל",false,1,16.70,1.76,true,1,
4607002999187,false,קורנישונים צרפתי דיאדיה וניה 680 גרם,,RU,קורנישונים צרפתי דיא,גרמים,680.00,100 גרם,false,1,13.90,2.04,true,1,
4607002999323,false,ממרח חצילים דיאדיה וניה 460 גר,,RU,ממרח חצילים דיאדיה ו,גרמים,460.00,100 גרם,false,1,11.90,2.59,true,1,
4607002999545,false,שעועית אדומה לוביו דיאדיה וניה 480 גר,,RU,שעועית אדומה לוביו ד,גרמים,480.00,100 גרם,false,1,11.90,2.48,true,1,
4607002999620,false,כוסמת עם פטריות דיאדיה וניה 460 גר,,RU,כוסמת עם פטריות דיאד,גרמים,460.00,100 גרם,false,1,11.90,2.59,true,1,
4607012350992,false,גרעיני חמניות מרטין 100 גרם,,,גרעיני חמניות מרטין,גרמים,100.00,100 גרם,false,1,7.90,7.90,true,1,
4607012351005,false,גרעיני חמניות מרטין ללא מלח 200 גרם,,,גרעיני חמניות מרטין,גרמים,200.00,100 גרם,false,1,12.90,6.45,true,1,
4607012351791,false,"צנימים ""MARTIN""  בטעם גבינה  60 גר",,,"צנימים ""MARTIN""  בטע",גרמים,60.00,100 גרם,false,1,4.90,8.17,true,1,
4607012351807,false,"צנימים ""MARTIN"" בטעם בייקון  60 גר",,,"צנימים ""MARTIN"" בטעם",גרמים,60.00,100 גרם,false,1,4.90,8.17,true,1,
4607012351821,false,"צנימים ""MARTIN"" בטעם ירק עם שמנת 60 גר",,,"צנימים ""MARTIN"" בטעם",Unknown,0.00,Unknown,false,1,4.90,4.90,true,1,
4607012351951,false,גרעיני חמניות מרטין עם מלח 100 גרם,,,גרעיני חמניות מרטין,גרמים,100.00,100 גרם,false,1,7.90,7.90,true,1,
4607012351999,false,גרעיני חמניות מרטין עם מלח 200 גרם,,,גרעיני חמניות מרטין,גרמים,200.00,100 גרם,false,1,12.90,6.45,true,1,
4607012352095,false,גרעיני חמניות מרטין עם מלח 500 גרם,,,גרעיני חמניות מרטין,גרמים,500.00,100 גרם,false,1,29.90,5.98,true,1,
4607012352538,false,גרעיני חמניות מרטין מיקס 200 גרם,,,גרעיני חמניות מרטין,גרמים,200.00,100 גרם,false,1,12.90,6.45,true,1,
4607012352804,false,בוטנים קלופים קלויים עם מלח מרטין 100 גר,,RU,בוטנים קלופים קלויים,גרמים,100.00,100 גרם,false,1,7.50,7.50,true,1,
4607012352927,false,בוטנים קלויים בקליפה מרטין 200 גר,,RU,בוטנים קלויים בקליפה,גרמים,200.00,100 גרם,false,1,12.90,6.45,true,1,
4607012353429,false,200 תערובת פיצוחים מיקס מקס  גר,,,200 תערובת פיצוחים מ,גרמים,200.00,100 גרם,false,1,21.90,10.95,true,1,
4607012353566,false,מרטין טורבומיקס גרעינים ובוטנים 150גר,,,מרטין טורבומיקס גרעי,גרמים,150.00,100 גרם,false,1,10.90,7.27,true,1,
4607012353702,false,גרעיני חמנייה מרטין פסים עם מלח 250 גר,,,גרעיני חמנייה מרטין,גרמים,250.00,100 גרם,false,1,15.60,6.24,true,1,
4607014780551,false,שמן חמניות  מזוכך בלגו 1 ל,,,שמן חמניות  מזוכך בל,מיליליטרים,1000.00,"100 מ""ל",false,1,21.90,2.19,true,1,
4607014782111,false,שמן חמניות לא מזוכך בלגו 1 ל,,,שמן חמניות לא מזוכך,מיליליטרים,1000.00,"100 מ""ל",false,1,21.90,2.19,true,1,
4607014788014,false,שמן קנולה 1 ליטר בית יוסף,,RU,שמן קנולה 1 ליטר בית,מיליליטרים,1000.00,"100 מ""ל",false,1,11.90,1.19,true,1,
4607016240398,false,סולת 700 גרם,,,סולת 700 גרם,גרמים,700.00,100 גרם,false,1,9.90,1.41,true,1,
4607016240893,false,כוסמת אובלקה 800 גרם,,RU,כוסמת אובלקה 800 גרם,גרמים,80000.00,100 גרם,false,1,16.90,0.02,true,1,
4607016240930,false,דוחן 800 גרם,,,דוחן 800 גרם,גרמים,800.00,100 גרם,false,1,13.50,1.69,true,1,
4607016243108,false,ש.שועל עם פטל 5*40גר,,,ש.שועל עם פטל 5*40גר,גרמים,200.00,100 גרם,false,1,14.60,7.30,true,1,
4607016245430,false,דגנים-תערובת 6 דגנים 350 גרם אובלקה,,,דגנים-תערובת 6 דגנים,גרמים,350.00,100 גרם,false,1,9.90,2.83,true,1,
4607016245478,false,דוחן 5*80 גרם,,,דוחן 5*80 גרם,גרמים,400.00,100 גרם,false,1,10.90,2.73,true,1,
4607016245805,false,דייסת ש.שועל עם תערובת פירות יער 5*40גר,,,דייסת ש.שועל עם תערו,גרמים,200.00,100 גרם,false,1,14.60,7.30,true,1,
4607016248448,false,דייסה שיבולת שועל עם בננה ותות שדה 200 ג,,RU,דייסה שיבולת שועל עם,גרמים,200.00,100 גרם,false,1,13.90,6.95,true,1,
4607016419060,false,דובשניות עם מילוי בטעם ריבת חלב 500 גר,,,דובשניות עם מילוי בט,גרמים,500.00,100 גרם,false,1,16.90,3.38,true,1,
4607025280019,false,"קמח 2 ק""ג",,,"קמח 2 ק""ג",קילוגרמים,0.00,"ק""ג",false,1,20.90,20.90,true,1,
4607025280026,false,קמח חיטה 1 קג,,,"קמח חיטה 1 ק""ג",גרמים,1000.00,100 גרם,false,1,10.90,1.09,true,1,
4607025280217,false,אובלקה תערובת להכנת בלינצס 500 גר,,,אובלקה תערובת להכנת,גרמים,500.00,100 גרם,false,1,13.90,2.78,true,1,
4607026342341,false,"יין מבעבע ""אבראו דורסו"" חצי מתוק 750 מל",,RU,"יין מבעבע ""אבראו דור",מיליליטרים,750.00,"100 מ""ל",false,1,41.90,5.59,true,1,
4607026342495,false,"יין מבעבע ""אבראו דורסו"" ברוט 750 מ""ל",,RU,"יין מבעבע ""אבראו דור",מיליליטרים,750.00,"100 מ""ל",false,1,41.90,5.59,true,1,
4607030830490,false,פופקורן בטעם חמאה 99 גרם,,LV,פופקורן בטעם חמאה 99,גרמים,99.00,100 גרם,false,1,4.50,4.55,true,1,
4607030830520,false,פופקורן עם מלח 99 גרם,,LV,פופקורן עם מלח 99 גר,גרמים,99.00,100 גרם,false,1,4.50,4.55,true,1,
4607032239963,false,"ברנדי גולדן רזרב 500 מ""ל",,,ברנדי גולדן רזרב 500,מיליליטרים,500.00,"100 מ""ל",false,1,64.90,12.98,true,1,
4607037431164,false,זפיר בטעם חמאה 420 גרם NEVA,,,זפיר בטעם חמאה 420 ג,גרמים,420.00,100 גרם,false,1,19.90,4.74,true,1,
4607037431225,false,זפיר ורוד-לבן 420 גרם NEVA,,,זפיר ורוד-לבן 420 גר,גרמים,420.00,100 גרם,false,1,19.90,4.74,true,1,
4607037431300,false,זפיר וניל 420 גרם NEVA,,,זפיר וניל 420 גרם NE,גרמים,420.00,100 גרם,false,1,19.90,4.74,true,1,
4607037433380,false,מבחר ממתקי גלי בטעם פירות 250 גרם,,RU,מבחר ממתקי גלי בטעם,גרמים,250.00,100 גרם,false,1,14.90,5.96,true,1,
4607037437296,false,פסטילה וניל 200 גרם NEVA,,,פסטילה וניל 200 גרם,גרמים,200.00,100 גרם,false,1,11.90,5.95,true,1,
4607037439535,false,פסטילה וניל דושחבתי עם מרמלד 240 גר NEVA,,,פסטילה וניל דושחבתי,גרמים,240.00,100 גרם,false,1,12.90,5.38,true,1,
4607037439962,false,זפיר וניל על פרוקטוזה 200 גרם,,,זפיר וניל על פרוקטוז,גרמים,200.00,100 גרם,false,1,19.90,9.95,true,1,
4607041230647,false,צנימים עם צימוקים 250 גרם POSOLSKIE,,,צנימים עם צימוקים 25,גרמים,250.00,100 גרם,false,1,8.90,3.56,true,1,
4607041232689,false,כעכים עם פרג 200 גרם MALUTKA,,,כעכים עם פרג 200 גרם,גרמים,200.00,100 גרם,false,1,5.90,2.95,true,1,
4607041232757,false,כעכים 200 גרם MALUTKA,,,כעכים 200 גרם MALUTK,גרמים,200.00,100 גרם,false,1,5.90,2.95,true,1,
4607041310035,false,גרעיני חמניות קלויים 300 גרם,,,גרעיני חמניות קלויים,גרמים,300.00,100 גרם,false,1,17.90,5.97,true,1,
4607054450810,false,גרעיני חמניות סטניצניה עם מלח 20 גרם,,,גרעיני חמניות סטניצנ,גרמים,200.00,100 גרם,false,1,12.40,6.20,true,1,
4607054450865,false,גרעינים סטניצניה 400 גר XXL,,,גרעינים סטניצניה 400,גרמים,400.00,100 גרם,false,1,27.80,6.95,true,1,
4607054450988,false,גרעיני דלעת קלויים עם מלח סטאניצניי 200,,,גרעיני דלעת קלויים,גרמים,200.00,100 גרם,false,1,29.90,14.95,true,1,
4607054451718,false,"גרעינים 230 גר ""VOLK*",,,"גרעינים 230 גר ""VOLK",גרמים,230.00,100 גרם,false,1,12.00,5.22,true,1,
4607054451732,false,גרעינים 400 גר VOLK  XXL,,,גרעינים 400 גר VOLK,גרמים,400.00,100 גרם,false,1,18.50,4.63,true,1,
4607054451831,false,גרעינים עם מלח 200 גר *VOLK*,,,גרעינים עם מלח 200 ג,גרמים,230.00,100 גרם,false,1,12.00,5.22,true,1,
4607054452319,false,גרעינים  דלעת טמבווסקיי וולק 200 גרם,,RU,גרעינים  דלעת טמבווס,גרמים,200.00,100 גרם,false,1,21.90,10.95,true,1,
4607054452555,false,גרעיני חמניות קלויים מלח סטאניצניי 500 ג,,,גרעיני חמניות קלויים,גרמים,500.00,100 גרם,false,1,27.90,5.58,true,1,
4607054453651,false,בוטנים קלויים  VOLK 250 גר,,,בוטנים קלויים  VOLK,גרמים,250.00,100 גרם,false,1,15.90,6.36,true,1,
4607056587507,false,"משקה לתת מוגז חבית צהובה פחית 1.5 מ""ל",,,משקה לתת מוגז חבית צ,מיליליטרים,1500.00,"100 מ""ל",false,1,20.20,1.35,true,1,
4607065580070,false,איטריות להכנה מהירה קויסטי בקר 70 גר קוי,,,איטריות להכנה מהירה,גרמים,70.00,100 גרם,false,1,3.50,5.00,true,1,
4607065580087,false,איטריות להכנה מהירה קויסטי עוף 70 גר קוי,,,תבשיל אטריות להכנה מ,Unknown,0.00,Unknown,false,1,3.50,3.50,true,1,
4607065580094,false,תבשיל אטריות פטריות 70 ג DOSHIRAK QUISTY,,UA,תבשיל אטריות פטריות,גרמים,70.00,100 גרם,false,1,3.50,5.00,true,1,
4607065580193,false,דושירק בטעם טלה 90 גרם,,,דושירק בטעם טלה 90 ג,גרמים,90.00,100 גרם,false,1,9.90,11.00,true,1,
4607065580216,false,דושירק בטעם בקר 90 גרם,,,מרק דושירק בטעם בקר,גרמים,90.00,100 גרם,false,1,9.90,11.00,true,1,
4607065580223,false,דושירק בטעם עוף 90 גרם,,,דושירק בטעם עוף 90 ג,גרמים,90.00,100 גרם,false,1,9.90,11.00,true,1,
4607065580230,false,דושירק בטעם פטריות 90 גרם,,,דושירק בטעם פטריות 9,גרמים,90.00,100 גרם,false,1,9.90,11.00,true,1,
4607065580247,false,דושירק בטעם בקון 90 גר,,,דושירק בטעם בקון 90,גרמים,90.00,100 גרם,false,1,9.90,11.00,true,1,
4607065580285,false,פירה דושירק בטעם פטריות 40 גר,,UA,"פירה תפו""א בטעם פטרי",גרמים,40.00,100 גרם,false,1,5.90,14.75,true,1,
4607065580353,false,מרק דושירק בטעם קימצי 90 גר,,,מרק דושירק בטעם קימצ,Unknown,0.00,Unknown,false,1,9.90,9.90,true,1,
4607065580575,false,תבשיל אטריות להכנה מהירה בטעם בקר 110 גר,,,תבשיל אטריות להכנה מ,גרמים,110.00,100 גרם,false,1,11.90,10.82,true,1,
4607065580643,false,"מרק תפו""א בטעם עוף 30 גר DOSHIRAK",,UA,"מרק תפו""א בטעם עוף 3",גרמים,30.00,100 גרם,false,1,5.90,19.67,true,1,
4607065580650,false,"מרק תפו""א בטעם גבינה 30 גר DOSHIRAK",,UA,"מרק תפו""א בטעם גבינה",גרמים,30.00,100 גרם,false,1,5.90,19.67,true,1,
4607084351385,false,עוגיות 360 גרם CHOCO-PIE,,RU,עוגיות 360 גרם CHOCO,גרמים,360.00,100 גרם,false,1,15.60,4.33,true,1,
4607084352115,false,עוגיות 360 גר ORION CHOCO-PIE ORANGE,,RU,עוגיות 360 גר ORION,גרמים,360.00,100 גרם,false,1,14.90,4.14,true,1,
4607084352245,false,עוגיות 360 גר ORION* CHOCO-PIE CHERRY,,RU,עוגיות 360 גר ORION*,גרמים,360.00,100 גרם,false,1,14.90,4.14,true,1,
4607084352511,false,עוגיות 360 ORION CHOCO-PIE BLAK CURRANT,,RU,עוגיות 360 ORION CHO,גרמים,360.00,100 גרם,false,1,14.90,4.14,true,1,
4607084419375,false,שעועית לבנה עם פטריות בסגנון יווני 510ג,,RU,שעועית לבנה עם פטריו,גרמים,510.00,100 גרם,false,1,13.90,2.73,true,1,
4607084419382,false,חצילים מטוגנים בסגנון הונגרי 480 גר EKO,,RU,חצילים מטוגנים בסגנו,גרמים,480.00,100 גרם,false,1,13.90,2.90,true,1,
4607114150162,false,גריסי סולת יוורוזלק 600 גר EVROZLAK,,,גריסי סולת יוורוזלק,גרמים,600.00,100 גרם,false,1,16.90,2.82,true,1,
4607117890690,false,סוכריות רומשקי 250 גרם,,,סוכריות רומשקי 250 ג,גרמים,250.00,100 גרם,false,1,14.90,5.96,true,1,
4607117890768,false,סוכריות מוסקביצקה 250 גרם,,,סוכריות מוסקביצקה 25,גרמים,250.00,100 גרם,false,1,13.90,5.56,true,1,
4607117890843,false,סוכריות רקוביה שייקה 250 גרם,,,סוכריות רקוביה שייקה,גרמים,250.00,100 גרם,false,1,13.90,5.56,true,1,
4607117890904,false,סוכריות לסטוצקה 250 גרם,,,סוכריות לסטוצקה 250,גרמים,250.00,100 גרם,false,1,13.90,5.56,true,1,
4607117890973,false,סוכריות בטונציק רוט - פרונט 250 גרם,,,סוכריות בטונציק רוט,גרמים,250.00,100 גרם,false,1,17.70,7.08,true,1,
4607117891017,false,סוכריות זולוטוי קלוציק 250 גרם,,,סוכריות זולוטוי קלוצ,גרמים,250.00,100 גרם,false,1,12.90,5.16,true,1,
4607117891802,false,סוכריות קראקום 250 גרם,,,סוכריות קראקום 250 ג,גרמים,250.00,100 גרם,false,1,19.90,7.96,true,1,
4607135892317,false,עוגת וופל מישקה 250 גר,,,עוגת וופל מישקה 250,גרמים,250.00,100 גרם,false,1,17.90,7.16,true,1,
4607144733526,false,זפיר סלדקיי איסטוריי קרם ברולה 250 גרם,,,זפיר סלדקיי איסטוריי,גרמים,250.00,100 גרם,false,1,13.90,5.56,true,1,
4607167191228,false,ריבה דומדמניות שחורות 550 גר EMPIRE JAM,,,ריבה דומדמניות שחורו,גרמים,550.00,100 גרם,false,1,39.90,7.25,true,1,
4610028130236,false,"וודקה לגנד אוף קרמלין עם ספר 700 מ""ל",,,וודקה לגנד אוף קרמלי,מיליליטרים,700.00,"100 מ""ל",false,1,129.90,18.56,true,1,
4610028891625,false,ריבה פטל שחור 440 גר ZOLOTOI UROJAI,,AM,ריבה פטל שחור 440 גר,גרמים,440.00,100 גרם,false,1,16.90,3.84,true,1,
4610028891748,false,ריבה תאנים 440 גר ZOLOTOI UROJAI,,AM,ריבה תאנים 440 גר ZO,גרמים,440.00,100 גרם,false,1,16.90,3.84,true,1,
4620015854700,false,תה ריצרד 54.4 גרם   ROYAL CHESS,,,תה ריצרד 54.4 גרם,גרמים,54.00,100 גרם,false,1,44.90,83.15,true,1,
4620016960356,false,תערובת תבליני לתפוח אדמה פריפרבקה 15 גר,,,תערובת תבליני לתפוח,Unknown,0.00,Unknown,false,1,3.90,3.90,true,1,
4620016960417,false,תערובת תבלין לפלוב פריפרבקה 15 גר,,,תבלין לפלוב 30 גר פר,Unknown,0.00,Unknown,false,1,3.90,3.90,true,1,
4620016960424,false,תבלין לדגים פריפרבקה 15 גר,,,תבלין לדגים פריפרבקה,Unknown,0.00,Unknown,false,1,3.90,3.90,true,1,
4620016960486,false,תבלין שיפודים פריפרבקה 15 גר,,,תבלין שיפודים פריפרב,Unknown,0.00,Unknown,false,1,3.90,3.90,true,1,
4620016960738,false,תבלין לעוף פריפרבקה 15 גר,,,תבלין לעוף פריפרבקה,Unknown,0.00,Unknown,false,1,3.90,3.90,true,1,
4623721717444,false,"ממתקים מוקצפים בטעם ת""ע ירוק  420 גר",,,ממתקים מוקצפים בטעם,גרמים,420.00,100 גרם,false,1,16.50,3.93,true,1,
4630038370828,false,עגבניות כבושות במלח דוד וניה 950 גר,,,עגבניות כבושות במלח,גרמים,950.00,100 גרם,false,1,16.70,1.76,true,1,
4630049326746,false,"שמן חמניות בראביטה 870 מ""ל",,,שמן חמניות בראביטה 8,מיליליטרים,870.00,"100 מ""ל",false,1,13.90,1.60,true,1,
4640001890031,false,סודה לשתייה 500 גר,,,סודה לשתייה 500 גר,גרמים,500.00,100 גרם,false,1,10.90,2.18,true,1,
4640018993343,false,טבליות למדיח פיניש קוואנטום רגיל 30 יח,,PL,טבליות למדיח פיניש ק,Unknown,0.00,Unknown,false,1,34.90,34.90,true,1,
4640174750187,false,קטשופ חריף בלטימור 5,,,קטשופ חריף בלטימור 5,Unknown,1.00,Unknown,false,1,12.50,12.50,true,1,
4670001495035,false,קוואס יאחונט 2 ליטר,,RU,קוואס יאחונט 2 ליטר,ליטרים,0.00,ליטר,false,1,18.90,18.90,true,1,
4680009030404,false,שימורי סלט אצות ים 220 גר,,RU,שימורי סלט אצות ים 2,גרמים,220.00,100 גרם,false,1,7.50,3.41,true,1,
4680009731318,false,בייגל מלוטקה 500 גר BKK,,,בייגל מלוטקה 500 גר,גרמים,500.00,100 גרם,false,1,13.90,2.78,true,1,
4680009735859,false,דובשניות עם מילוי בטעם דובדבנים 500 גר,,,דובשניות עם מילוי בט,גרמים,500.00,100 גרם,false,1,16.90,3.38,true,1,
4680036910151,false,"תמד עם נענע 4.0% 450 מ""ל",,,תמד עם נענע 4.0% 450,מיליליטרים,450.00,"100 מ""ל",false,1,13.50,3.00,true,1,
4680036910199,false,"בירה קראפט 450 מ""ל APA",,,"בירה קראפט 450 מ""ל A",מיליליטרים,450.00,"100 מ""ל",false,1,13.50,3.00,true,1,
4680036910212,false,"בירה קראפט 450 מ""ל BLANSH DE MAZAJ",,RU,"בירה קראפט 450 מ""ל B",מיליליטרים,450.00,"100 מ""ל",false,1,13.50,3.00,true,1,
4680036914333,false,"סיידר קראפט 450 מ""ל SIDROVA KOZA",,RU,"סיידר קראפט 450 מ""ל",מיליליטרים,450.00,"100 מ""ל",false,1,13.50,3.00,true,1,
4680036914395,false,"בירה קראפט IPA לא מסוננת 450 מ""ל WOLFBRE",,RU,בירה קראפט IPA לא מס,מיליליטרים,450.00,"100 מ""ל",false,1,13.50,3.00,true,1,
4680036915231,false,בירה קראפט 450 מל MISHENKA POD VISHENKOY,,RU,בירה קראפט 450 מל MI,מיליליטרים,450.00,"100 מ""ל",false,1,13.50,3.00,true,1,
4699302736913,false,חטיפי פיתה לבשיקי בצל ירוק 100 גר,אזארוב,,חטיפי פיתה אזאר לבשי,גרמים,100.00,100 גרם,false,1,8.90,8.90,true,1,
4699302736920,false,חטיפי פיתה אזאר לבשיקי נקניקיות שום 100ג,אזארוב,,חטיפי פיתה אזאר לבשי,גרמים,100.00,100 גרם,false,1,8.90,8.90,true,1,
4710068001692,false,"מאסטר קפה לאטה 240 מ""ל",,,מאסטר קפה לאטה 240 מ,מיליליטרים,240.00,"100 מ""ל",false,1,7.90,3.29,true,1,
4710068001715,false,"מאסטר קפה טירמיסו 240 מ""ל",,,מאסטר קפה טירמיסו 24,מיליליטרים,240.00,"100 מ""ל",false,1,7.90,3.29,true,1,
4710068001739,false,"מאסטר קפה קולוביאני 240 מ""ל",,,מאסטר קפה קולוביאני,מיליליטרים,250.00,"100 מ""ל",false,1,7.90,3.16,true,1,
4710068002798,false,"מאסטר קפה וונילה 240 מ""ל",,,מאסטר קפה וניל 240 מ,מיליליטרים,240.00,"100 מ""ל",false,1,7.90,3.29,true,1,
4710068002811,false,"מאסטר קפה וונילה  240 מ""ל",,,מאסטר קפה וונילה  24,מיליליטרים,240.00,"100 מ""ל",false,1,7.90,3.29,true,1,
4710068003313,false,"מאסטר קפה אמריקנו 240 מ""ל",,,מאסטר קפה אמריקנו 24,מיליליטרים,240.00,"100 מ""ל",false,1,7.90,3.29,true,1,
4711476002790,false,"קפה קר פיפו לאטה 240 מ""ל",,TW,קפה קר פיפו לאטה 240,מיליליטרים,240.00,"100 מ""ל",false,1,8.60,3.58,true,1,
4711476002813,false,"קפה קר פיפו מוקצינו 240 מ""ל",,TW,קפה קר פיפו מוקצינו,מיליליטרים,240.00,"100 מ""ל",false,1,8.60,3.58,true,1,
4740098079316,false,"סיידר ""FIZZ"" תות שדה 500 מ""ל",,,"סיידר ""FIZZ"" תות שדה",מיליליטרים,500.00,"100 מ""ל",false,1,8.20,1.64,true,1,
4740098084440,false,"סיידר ""FIZZ"" תפוח עץ 500 מ""ל",,,"סיידר ""FIZZ"" תפוח עץ",מיליליטרים,500.00,"100 מ""ל",false,1,8.20,1.64,true,1,
4740098098331,false,"קוקטייל בלו לגון אה לה קוק 330 מ""ל",,,קוקטייל בלו לגון אה,מיליליטרים,330.00,"100 מ""ל",false,1,11.90,3.61,true,1,
4740098098355,false,"קוקטייל מוחיטו אה לה קוק 330 מ""ל",,,קוקטייל מוחיטו אה לה,מיליליטרים,330.00,"100 מ""ל",false,1,11.90,3.61,true,1,
4740098098379,false,"קוקטייל מרגריטה אה לה קוק 330 מ""ל",,,קוקטייל מרגריטה אה ל,מיליליטרים,330.00,"100 מ""ל",false,1,11.90,3.61,true,1,
4740098098393,false,"קוקטייל און דה ביץ  אה לה קוק 330 מ""ל",,,קוקטייל און דה ביץ,מיליליטרים,330.00,"100 מ""ל",false,1,11.90,3.61,true,1,
4750001814743,false,בונבוניירה ורדים אדומים 470 גר LAIMA,,,בונבוניירה ורדים אדו,גרמים,470.00,100 גרם,false,1,41.90,8.91,true,1,
4750001950946,false,שוקולד מריר 70% 100 גרם ליימה,,,שוקולד מריר 70% 100,גרמים,100.00,100 גרם,false,1,10.90,10.90,true,1,
4750001951141,false,שוקולד מריר אורירי 70% קקאו 90 גר לאימה,,,שוקולד מריר לאימה,גרמים,90.00,100 גרם,false,1,10.90,12.11,true,1,
4750001955507,false,LAIMA עוגות וופל 350 גר 18 יח,,LV,LAIMA עוגות וופל 350,גרמים,350.00,100 גרם,false,1,23.90,6.83,true,1,
4750001955545,false,LAIMA עוגות וופל בלוצקה 350 גר 18 יח,,LV,LAIMA עוגות וופל בלו,גרמים,350.00,100 גרם,false,1,23.90,6.83,true,1,
4750007897375,false,ביסקויט חיות לאימה 500 גרם,,,ביסקויט חיות לאימה 5,גרמים,500.00,100 גרם,false,1,12.50,2.50,true,1,
4750010492826,false,שפרוטים מעושנים ריגה בצנצנת 250 גר,,LV,שפרוטים מעושנים ריגה,גרמים,250.00,100 גרם,false,1,15.60,6.24,true,1,
4750011850809,false,אוכמניות מצופה שוקולד מריר 140 גר ליימה,,,אוכמניות מצופה שוקול,גרמים,140.00,100 גרם,false,1,17.90,12.79,true,1,
4750017001861,false,פילה דג סלמון ברוטב עגבניות 200 גר,,,פילה דג סלמון ברוטב,גרמים,200.00,100 גרם,false,1,13.70,6.85,true,1,
4750021101380,false,"ריגה בלזם בלאק 700 מ""ל",,,ריגה בלזם בלאק 700 מ,מיליליטרים,700.00,"100 מ""ל",false,1,104.90,14.99,true,1,
4750021201592,false,וודקה 1 ליור RIGA BLACK,,,וודקה 1 ליטר RIGA BL,מיליליטרים,1000.00,"100 מ""ל",false,1,83.90,8.39,true,1,
4750024001137,false,חטיפי תירס טאפל שמנת חמוצה ובצל 190 גר,,LV,חטיפי תירס טאפל שמנת,גרמים,190.00,100 גרם,false,1,18.90,9.95,true,1,
4750024001908,false,טוגני תפוחי אדמה בטעם שמיר 130 גר TAFFEL,,LV,טוגני תפוחי אדמה בטע,גרמים,130.00,100 גרם,false,1,15.90,12.23,true,1,
4750024002172,false,"טוגני תפ""א שישליק ובצל מטוגן 130ג TAFFEL",,LV,"טוגני תפ""א שישליק וב",גרמים,130.00,100 גרם,false,1,15.90,12.23,true,1,
4750024002189,false,"טוגני תפ""א שמנת חמוצה ובצל 130 גר TAFFEL",,LV,"טוגני תפ""א שמנת חמוצ",גרמים,130.00,100 גרם,false,1,15.90,12.23,true,1,
4750024002196,false,"טוגני תפ""א בטעם גבינה שמנת 130 גר TAFFEL",,LV,"טוגני תפ""א בטעם גבינ",גרמים,130.00,100 גרם,false,1,15.90,12.23,true,1,
4750042000150,false,משקה פירות שדה  1.5 ליטר פרוטו,,,משקה פירות שדה  1.5,ליטרים,0.00,ליטר,false,1,15.90,15.90,true,1,
4750042000181,false,נקטר תפוחים 1.5 ליטר פרוטו,,,נקטר תפוחים 1.5 ליטר,ליטרים,0.00,ליטר,false,1,15.90,15.90,true,1,
4750042804215,false,מיץ תפוחים 100% 1 ליטר CIDO,,,מיץ תפוחים 100% 1 לי,מיליליטרים,1000.00,"100 מ""ל",false,1,15.90,1.59,true,1,
4750042804338,false,מיץ ירקות  100% 1 ליטר CIDO RIGA,,,מיץ ירקות  100% 1 לי,מיליליטרים,1000.00,"100 מ""ל",false,1,15.90,1.59,true,1,
4750042884668,false,נקטר שזיפים 35% 1 ליטר CIDO,,,נקטר שזיפים 35% 1 לי,מיליליטרים,1000.00,"100 מ""ל",false,1,15.90,1.59,true,1,
4750142002078,false,"בירה צסו יורמלה 500 מ""ל",,LV,בירה צסו יורמלה 500,מיליליטרים,500.00,"100 מ""ל",false,1,7.20,1.44,true,1,
4750142002719,false,"בירה בירה לא  מסוננת צסו יורמלה 500 מ""ל",,LV,בירה בירה לא  מסוננת,מיליליטרים,500.00,"100 מ""ל",false,1,7.20,1.44,true,1,
4750142005000,false,"בירה כהה בוהמיין צסו 568 מ""ל",,,בירה כהה בוהמיין צסו,מיליליטרים,568.00,"100 מ""ל",false,1,8.90,1.57,true,1,
4750211430412,false,כוסמת עם פטריות שמפיניון 500 גרם KRONIS,,,כוסמת עם פטריות שמפי,גרמים,500.00,100 גרם,false,1,12.00,2.40,true,1,
4750211710415,false,"מרק 500 מ""ל BORSH",,,"מרק 500 מ""ל BORSH",מיליליטרים,500.00,"100 מ""ל",false,1,12.40,2.48,true,1,
4750211730413,false,מרק  500 גרם KRONIS  RASSOLNIK,,,מרק  500 גרם KRONIS,גרמים,500.00,100 גרם,false,1,11.40,2.28,true,1,
4750211760410,false,בסיס להכנה מרק אפונה 500 גרם KRONIS,,,בסיס להכנה מרק אפונה,גרמים,500.00,100 גרם,false,1,12.00,2.40,true,1,
4750211770419,false,בסיס להכנה מרק חרצו 480 גרם KRONIS,,,בסיס להכנה מרק חרצו,גרמים,480.00,100 גרם,false,1,12.00,2.50,true,1,
4750239003735,false,"משקה בטעם מאלט ""קוואס"" לבן 1.5 ליטר",,,"משקה בטעם מאלט ""קווא",ליטרים,0.00,ליטר,false,1,15.90,15.90,true,1,
4750239577724,false,"משקה בטעם מאלט ""קוואס"" לקלאסי 1.5 ליטר",,,"משקה בטעם מאלט ""קווא",ליטרים,0.00,ליטר,false,1,15.90,15.90,true,1,
4750616000593,false,שפרוטים מעושנים ריגה 190 גר,,LV,שפרוטים בשמן ריגה 19,גרמים,190.00,100 גרם,false,1,9.90,5.21,true,1,
4750616001217,false,סרדינים בשמן 240 גר BRIVAIS VILNIS,,LV,סרדינים בשמן 240 גר,גרמים,240.00,100 גרם,false,1,10.40,4.33,true,1,
4750616002276,false,קילקה עם צילי במיץ עגבניות 240 גר,,,קילקה עם צילי במיץ ע,גרמים,240.00,100 גרם,false,1,6.90,2.88,true,1,
4750616002337,false,קילקה במיץ עגבניות בריווס וילנוס 240 גר,,,קילקה במיץ עגבניות ב,גרמים,240.00,100 גרם,false,1,6.90,2.88,true,1,
4750616006571,false,סרדינים על הגריל בשמן זית עם צילי 190 ג,,,סרדינים על הגריל בשמ,גרמים,190.00,100 גרם,false,1,12.50,6.58,true,1,
4750817032003,false,סלט סלומון עם ירקות בטעם אסיאתי 240 גר,,LV,סלט סלומון עם ירקות,גרמים,240.00,100 גרם,false,1,7.90,3.29,true,1,
4750817032010,false,סלט סלומון עם ירקות בטעם מקסיקני 240 גר,,LV,סלט סלומון עם ירקות,גרמים,240.00,100 גרם,false,1,7.90,3.29,true,1,
4750817111616,false,פילה סלומון רוטב עגבניות 200 BEST OF RIG,,LV,פילה סלומון רוטב עגב,גרמים,200.00,100 גרם,false,1,11.40,5.70,true,1,
4750817130808,false,סאיירה במיץ טבעי 240 גר  BEST OF RIGA,,,סאיירה במיץ טבעי 240,גרמים,240.00,100 גרם,false,1,10.90,4.54,true,1,
4750817132505,false,פילה קלמרי במיץ טבעי עם שמיר 240 גר,,LV,פילה קלמרי במיץ טבעי,גרמים,240.00,100 גרם,false,1,14.60,6.08,true,1,
4750817134943,false,שפרוטים גדולים מעושנים בשמן צמחי 240 גר,,,שפרוטים גדולים מעושנ,גרמים,240.00,100 גרם,false,1,11.90,4.96,true,1,
4750817136619,false,קילקה ברוטב עגבניות 240 גר BEST OF RIGA,,LV,קילקה ברוטב עגבניות,גרמים,240.00,100 גרם,false,1,5.50,2.29,true,1,
4750817137821,false,מקרל בשמן 240 גר BEST OF RIGA,,LV,מקרל בשמן 240 גר BES,גרמים,240.00,100 גרם,false,1,9.50,3.96,true,1,
4750817138125,false,סאיירה בשמן צמחי 240 גר  BEST OF RIGA,,,סאיירה בשמן צמחי 240,גרמים,240.00,100 גרם,false,1,10.90,4.54,true,1,
4750817138811,false,סאיירה ברוטב עגבניות 240 גר  BEST OF RIG,,,סאיירה ברוטב עגבניות,גרמים,240.00,100 גרם,false,1,10.90,4.54,true,1,
4751001580348,false,שימורי קילקה ברוטב עגבניות עם צילי 175,,LV,שימורי קילקה ברוטב ע,גרמים,175.00,100 גרם,false,1,9.90,5.66,true,1,
4751001583820,false,שפרוטים שקוף מעושנים בשמן צמחי 240 גר,,LV,שפרוטים שקוף מעושנים,גרמים,240.00,100 גרם,false,1,13.50,5.63,true,1,
4751002121953,false,לחם שיפון חמוץ מתוק 500 גר,,LV,לחם שיפון חמוץ מתוק,גרמים,500.00,100 גרם,false,1,12.90,2.58,true,1,
4751002122325,false,לחם שיפון רזיסקי ריגה 500 גר,,LV,לחם שיפון רזיסקי ריג,גרמים,500.00,100 גרם,false,1,12.90,2.58,true,1,
4751002127467,false,לחם שיפון בורודינסקי פרוס 500 גר,,LV,לחם שיפון בורודינסקי,גרמים,500.00,100 גרם,false,1,12.90,2.58,true,1,
4751005703569,false,שפרוטים מעושנים בשמן 250 גר AMBERFISH,,LV,שפרוטים מעושנים בשמן,גרמים,250.00,100 גרם,false,1,16.90,6.76,true,1,
4751007732666,false,פילה סלומון ברוטב עגבניות פיקנטי 170 גר,,LV,פילה סלומון ברוטב עג,גרמים,170.00,100 גרם,false,1,12.50,7.35,true,1,
4751007732758,false,פילה סלמון (סיומגה) במיץ טבעי 170 גר,,,פילה סלמון (סיומגה),גרמים,170.00,100 גרם,false,1,12.50,7.35,true,1,
4751007732833,false,פילה סלמון ברוטב עגבניות 170 גרם,,,פילה סלמון ברוטב עגב,גרמים,170.00,100 גרם,false,1,11.90,7.00,true,1,
4751007732840,false,פילה סלמון ברוטב מתובל 170 גרם,,,פילה סלמון ברוטב מתו,גרמים,170.00,100 גרם,false,1,11.90,7.00,true,1,
4751007732864,false,שימורי פילה סלמון ברוטב חרדל 200 גר,,,שימורי פילה סלמון בר,גרמים,200.00,100 גרם,false,1,11.90,5.95,true,1,
4751007732970,false,סלט איטלקי עם סלומון 170 גרם,,,סלט איטלקי עם סלומון,גרמים,170.00,100 גרם,false,1,11.90,7.00,true,1,
4751007732994,false,סלט מקסיקני עם סלומון 170 גרם,,,סלט מקסיקני עם סלומו,גרמים,170.00,100 גרם,false,1,11.90,7.00,true,1,
4751007733007,false,סלט צרפתי עם סלומון 170 גרם,,,סלט צרפתי עם סלומון,גרמים,170.00,100 גרם,false,1,11.90,7.00,true,1,
4751007738095,false,סלט סלמון וירקות מקסיקני לארסן 220 גרם,,,סלט סלמון וירקות מקס,גרמים,220.00,100 גרם,false,1,11.90,5.41,true,1,
4751007738101,false,סלט סלמון וירקות איטלקי לארסן 220 גרם,,,סלט סלמון וירקות איט,גרמים,220.00,100 גרם,false,1,11.90,5.41,true,1,
4751007738392,false,שימורי דג שפרוטים מעושנים בשמן צמחי 240ג,,LV,שימורי דג שפרוטים 24,גרמים,240.00,100 גרם,false,1,10.90,4.54,true,1,
4751007738804,false,שימורי דג שפרוטים מעושנים בשמן צמחי 190ג,,LV,שימורי דג שפרוטים 19,גרמים,190.00,100 גרם,false,1,10.90,5.74,true,1,
4751017942079,false,"מעדן פרי אורגני לל""ג פטל וציה 250 ג",,LV,"מעדן פרי אורגני לל""ג",גרמים,250.00,100 גרם,false,1,18.90,7.56,true,1,
4751027950026,false,"שוקולד מריר לל""ס שקדים תפוזים 100 גר RED",,LV,"שוקולד מריר לל""ס שקד",גרמים,100.00,100 גרם,false,1,11.90,11.90,true,1,
4751027950194,false,"שוקולד מריר לל""ס 60% קקאו 100 גר RED",,LV,"שוקולד מריר לל""ס 60%",גרמים,100.00,100 גרם,false,1,10.90,10.90,true,1,
4751032740315,false,"מרק סוליאנקה 500 מ""ל LATFOOD",,,"מרק סוליאנקה 500 מ""ל",מיליליטרים,500.00,"100 מ""ל",false,1,9.90,1.98,true,1,
4751032740339,false,"מרק בורשט עם כרוב חמוץ 500 מ""ל LATFOOD",,,מרק בורשט עם כרוב חמ,מיליליטרים,500.00,"100 מ""ל",false,1,9.90,1.98,true,1,
4751032740346,false,"מרק בורשט עם כרוב טרי 500 מ""ל LATFOOD",,,מרק בורשט עם כרוב טר,מיליליטרים,500.00,"100 מ""ל",false,1,9.90,1.98,true,1,
4751032740353,false,"מרק רסולניק 500 מ""ל LATFOOD",,,"מרק רסולניק 500 מ""ל",מיליליטרים,500.00,"100 מ""ל",false,1,9.90,1.98,true,1,
4751032740377,false,סלט וינגרט 500 גר latfood,,LV,סלט וינגרט 500 גר la,גרמים,500.00,100 גרם,false,1,13.50,2.70,true,1,
4760013403637,false,וופלים בטעם לימון 200 גר SLADOK,,,וופלים בטעם לימון 20,גרמים,200.00,100 גרם,false,1,5.90,2.95,true,1,
4760013403644,false,וופלים בטעם חלב 200 גר SLADOK,,,וופלים בטעם חלב 200,גרמים,200.00,100 גרם,false,1,5.90,2.95,true,1,
4760062100297,false,תה שחור בוקט 100 גר אזרצאי,,AZ,תה שחור בוקט 100 גר,גרמים,100.00,100 גרם,false,1,12.90,12.90,true,1,
4760065708964,false,עגבניות אדומות קלופות חתוכות במיץ 660 גר,,AZ,עגבניות אדומות קלופו,גרמים,660.00,100 גרם,false,1,12.90,1.95,true,1,
4760065709145,false,מלפפונים בחומץ 670 גר,אזרסאן,AZ,מלפפונים בחומץ 670 ג,גרמים,670.00,100 גרם,false,1,14.90,2.22,true,1,
4760068001468,false,סלט מנגל 630 גרם ביזים טארלה,,AZ,סלט מנגל 630 גרם ביז,גרמים,630.00,100 גרם,false,1,19.90,3.16,true,1,
4760074601058,false,גלידת שמנת וניל בציפו שוקולד אוסקר 100 ג,,,גלידת שמנת וניל בציפ,גרמים,75.00,100 גרם,false,1,7.30,9.73,true,1,
4760074601072,false,גלידת שמנת וניל בציפו שוקולד ואגוזי לוז,,,גלידת שמנת וניל בציפ,גרמים,75.00,100 גרם,false,1,7.30,9.73,true,1,
4760074601324,false,גלידת שמנת בטעם שוקולד ובציפוי קקאו לקומ,,,גלידת שמנת בטעם שוקו,גרמים,90.00,100 גרם,false,1,7.30,8.11,true,1,
4760074601331,false,גלידת שמנת בטעם וניל בציפוי קקאו לקומקה,,,גלידת שמנת בטעם וניל,גרמים,90.00,100 גרם,false,1,7.30,8.11,true,1,
4760127703203,false,מאפינס בטעם תות שדה ושמנת 210 גר DARENKA,,,מאפינס בטעם תות שדה,גרמים,210.00,100 גרם,false,1,9.90,4.71,true,1,
4760127703753,false,מאפינס בטעם וניל לימון 210 גר DARENKA,,,מאפינס בטעם וניל לימ,גרמים,210.00,100 גרם,false,1,9.90,4.71,true,1,
4760129500978,false,BAGDANריבת תות שדה 400 גר,,UZ,BAGDANריבת תות שדה 4,גרמים,400.00,100 גרם,false,1,18.90,4.73,true,1,
4760165590094,false,דובשניות ממולאות בטעם משמש 240 BOROWSKI,,,דובשניות ממולאות בטע,גרמים,240.00,100 גרם,false,1,8.90,3.71,true,1,
4770075450036,false,"בירה חזקה ""סטורמנו"" 7.3%  פחית 500 מ""ל",,LT,"בירה חזקה ""סטורמנו""",מיליליטרים,500.00,"100 מ""ל",false,12,8.90,1.78,true,1,
4770237049290,false,גלידה אסקימו פלומביר 58 גר,,,גלידה אסקימו פלומביר,גרמים,58.00,100 גרם,false,1,6.90,11.90,true,1,
4770237049313,false,גלידה אסקימו פלומביר עם שקדים 63 גר,,,גלידה אסקימו פלומביר,גרמים,63.00,100 גרם,false,1,6.90,10.95,true,1,
4770237051804,false,חטיף גבינה וניל 45 גר,,,חטיף גבינה וניל 45 ג,גרמים,4500.00,100 גרם,false,1,4.50,0.10,true,1,
4770237051811,false,חטיף גבינה עם ריבת חלב 45 גר,,,חטיף גבינה עם ריבת ח,גרמים,4500.00,100 גרם,false,1,4.50,0.10,true,1,
4770237051828,false,חטיף גבינה תות שדה 45 גר,,,חטיף גבינה תות שדה 4,גרמים,4500.00,100 גרם,false,1,4.50,0.10,true,1,
4770237051842,false,חטיף גבינה בטעם שוקולד 45 גר,,,חטיף גבינה בטעם שוקו,גרמים,4500.00,100 גרם,false,1,4.50,0.10,true,1,
4770237054423,false,גלידה שרבט מנגו ואפרסק בכוס 85 גר,,,גלידה שרבט מנגו ואפר,גרמים,85.00,100 גרם,false,1,6.90,8.12,true,1,
4770237055048,false,שמנת 15% 350 גר,,,15% 350 גר SMETANKA,גרמים,350.00,100 גרם,false,1,12.50,3.57,true,1,
4770237055055,false,שמנת 30% 200 גר,,,30% 200 גר SMETANKA,גרמים,200.00,100 גרם,false,1,11.50,5.75,true,1,
4770237055567,false,גלידה אסקימו שוקו אגוזים עגול סבליה 63 ג,,,גלידה אסקימו שוקו אג,גרמים,63.00,100 גרם,false,1,6.90,10.95,true,1,
4770237055574,false,גלידה אסקימו סליבוצניה עם שקדים 85 גר,,,גלידה אסקימו סליבוצנ,גרמים,85.00,100 גרם,false,1,6.90,8.12,true,1,
4770265045264,false,דייסת שיבולת שועל 200 גר,,,דייסת שיבולת שועל,גרמים,200.00,100 גרם,false,1,7.90,3.95,true,1,
4770265046452,false,גבינה מותכת 28% סבליה 185 גר,,LT,גבינה מותכת 28% סבלי,גרמים,185.00,100 גרם,false,1,19.90,10.76,true,1,
4770265213786,false,משקה חלב ריזנקה 500 מל,,,משקה חלבי ריזנקה 500,מיליליטרים,500.00,"100 מ""ל",false,1,11.50,2.30,true,1,
4770265214752,false,יוגורט יווני 200 גר,,,יוגורט יווני 200 גר,גרמים,200.00,100 גרם,false,1,10.50,5.25,true,1,
4770265219405,false,גבינה אנלוגי 600 גרם SVALIA,,,גבינה אנלוגי 600 גרם,גרמים,600.00,100 גרם,false,1,44.90,7.48,true,1,
4770265219535,false,גבינה אנגולי מעושנת 150 גר גורמן,,,גבינה אנגולי מעושנת,גרמים,150.00,100 גרם,false,1,11.90,7.93,true,1,
4770266127853,false,חלבה חנמיות 300 גר,,LT,חלבה חנמיות 300 גר,גרמים,300.00,100 גרם,false,1,8.50,2.83,true,1,
4770275049580,false,טבורוג 5% סבליה 370 גר,,,טבורוג אנלוגי סבליה,גרמים,370.00,100 גרם,false,1,19.90,5.38,true,1,
4770275049603,false,טבורוג 9% סבליה 370 גר,,,טבורוג אנלוגי 9% סבל,גרמים,370.00,100 גרם,false,1,19.90,5.38,true,1,
4770275049696,false,"משקה חלב קפיר 900 מ""ל",,,משקה חלבי קפיר 900 מ,מיליליטרים,900.00,"100 מ""ל",false,1,15.50,1.72,true,1,
4770301230821,false,בירה אינדיה  פייל אייל וולפאס אנגלמן 568,,,בירה אינדיה  פייל אי,מיליליטרים,568.00,"100 מ""ל",false,1,10.90,1.92,true,1,
4770301234973,false,בירה בלנש חיטה בלגית  וולפאס אנגלמן 568מ,,,בירה בלנש חיטה בלגית,מיליליטרים,568.00,"100 מ""ל",false,1,10.90,1.92,true,1,
4770301235246,false,"בירה חיטה מייסטר 500 מ""ל פחית",,,בירה חיטה מייסטר 500,מיליליטרים,500.00,"100 מ""ל",false,1,6.90,1.38,true,1,
4770301236861,false,קווס משקה לחם לבובסקי 1.5 ל,,,קווס משקה לחם לבובסק,ליטרים,0.00,ליטר,false,1,13.90,13.90,true,1,
4770337046427,false,פרוסות גבינה 27% שומן 150 גרם MASSDAM,,,פרוסות גבינה 27% שומ,גרמים,150.00,100 גרם,false,1,19.10,12.73,true,1,
4770337046748,false,גבינה פרמזן PARNIDZIO 200 גר,,IL,גבינה פרמזן PARNIDZI,גרמים,200.00,100 גרם,false,1,24.90,12.45,true,1,
4770337047431,false,תחליף גבינה 150 גר SVALIA,,,גבינה אנלוגי  150 גר,גרמים,150.00,100 גרם,false,1,12.50,8.33,true,1,
4770337047448,false,תחליף גבינה 150 גר DRAVO,,,גבינה אנלוגי  150 גר,גרמים,150.00,100 גרם,false,1,12.50,8.33,true,1,
4770337047455,false,תחליף גבינה רוסיסקי 150 גר,,,גבינה אנלוגי רוסיסקי,גרמים,150.00,100 גרם,false,1,12.50,8.33,true,1,
4770337048377,false,פרוסות גבינה 27% שומן 150 גרם Vilnius,,,פרוסות גבינה 27% שומ,גרמים,150.00,100 גרם,false,1,19.10,12.73,true,1,
4770337048797,false,פרוסות גבינה 27% שומן 150 גרם EMMENTAL,,,פרוסות גבינה 27% שומ,גרמים,150.00,100 גרם,false,1,19.10,12.73,true,1,
4770583228240,false,ממרח סלומון בטעם גריל 280 גר ZAKUSKA,,,ממרח סלומון בטעם גרי,גרמים,280.00,100 גרם,false,1,16.90,6.04,true,1,
4771632311944,false,בוטנים מצופים בטעם שמנת חמוצה ובצל 180 ג,,LT,בוטנים מצופים בטעם ש,גרמים,180.00,100 גרם,false,1,16.90,9.39,true,1,
4779021230630,false,שוקולד אקסקלוסיב מריר 72% 100 גר,,LT,שוקולד אקסקלוסיב מרי,גרמים,100.00,100 גרם,false,1,9.90,9.90,true,1,
4779021230654,false,שוקולד אקסקלוסיב מריר 82% 100 גר,מסקנס,LT,שוקולד אקסקלוסיב מרי,גרמים,100.00,100 גרם,false,1,9.90,9.90,true,1,
4779021230913,false,שוקולד אקסקלוסיב מריר 90% אקסטרה 90 גר,מסקנס,LT,שוקולד אקסקלוסיב מרי,גרמים,90.00,100 גרם,false,1,10.90,12.11,true,1,
4779036941149,false,עוגיות בצורת פטריות 150 גר,,,עוגיות בצורת פטריות,גרמים,150.00,100 גרם,false,1,11.20,7.47,true,1,
4779039730283,false,מרק פטריות מוקרם אורגני 400 גר,,,מרק פטריות מוקרם אור,קילוגרמים,0.40,"ק""ג",false,1,19.90,49.75,true,1,
4779039731143,false,מרק עדשים אורגני 400 גר,,,מרק עדשים אורגני 400,גרמים,400.00,100 גרם,false,1,19.90,4.98,true,1,
4779039731167,false,אאוגה מרק דלורית ובטטה אורגני 400 גר,,,אאוגה מרק דלורית ובט,גרמים,400.00,100 גרם,false,1,19.90,4.98,true,1,
4780022250787,false,קורט 142  גר BIO KURT,,,קורט 142  גר BIO KUR,גרמים,142.00,100 גרם,false,1,29.90,21.06,true,1,
4780030690063,false,AGROMIRתערובת עגבניות שרי ומלפפונים 720,,,AGROMIRתערובת עגבניו,גרמים,720.00,100 גרם,false,1,14.90,2.07,true,1,
4780030690292,false,AGROMIRמלפפונים בחומץ עם שום ושמיר 720מ,,,AGROMIRמלפפונים בחומ,גרמים,750.00,100 גרם,false,1,13.90,1.85,true,1,
4780048900185,false,תערובת תבלינים לבשר 50 גרם,,,תערובת תבלינים לבשר,גרמים,50.00,100 גרם,false,1,14.90,29.80,true,1,
4780064180073,false,צימוקים בהירים אוזבקיים 150 גר,,,צימוקים בהירים אוזבק,גרמים,150.00,100 גרם,false,1,11.90,7.93,true,1,
4780064180080,false,צימוקים בהירים אוזבקיים 150 גר,,,צימוקים בהירים אוזבק,גרמים,150.00,100 גרם,false,1,11.90,7.93,true,1,
4791045001874,false,תה אינגליש אריסטוקרטיק 100 שק סרי לנקה,,,תה אינגליש אריסטוקרט,גרמים,200.00,100 גרם,false,1,27.50,13.75,true,1,
4791045002536,false,תה עלים ירוק אנגלי 230 גרם היליס,,,תה עלים ירוק אנגלי 2,גרמים,230.00,100 גרם,false,1,27.50,11.96,true,1,
4791045010937,false,תה היליס ארל גריי 250 גרם,,,תה היליס ארל גריי 25,גרמים,250.00,100 גרם,false,1,29.50,11.80,true,1,
4791045011361,false,תה היליס שחור ארל גריי 100 שקיקים,,,תה היליס שחור ארל גר,גרמים,150.00,100 גרם,false,1,27.50,18.33,true,1,
4792252001084,false,תה פירות פטל ורוז היפ 2 גר* 20 שק,,,תה פירות פטל ורוז הי,Unknown,0.00,Unknown,false,1,18.90,18.90,true,1,
4792252100398,false,תה שחור עם חמוציות 100 גרם,,,תה שחור עם חמוציות 1,גרמים,100.00,100 גרם,false,1,19.90,19.90,true,1,
4796019790013,false,"שמן קוקוס אורגני 300 מ""ל",,,שמן קוקוס אורגני 300,מיליליטרים,300.00,"100 מ""ל",false,1,23.90,7.97,true,1,
4810014018412,false,בירה קריניצה זיגולובסקויה אוסובויה 450 מ,,BY,בירה קריניצה זיגולוב,מיליליטרים,450.00,"100 מ""ל",false,1,6.90,1.53,true,1,
4810014018559,false,"בירה קריניצה קלאסיצנה פחית 500 מ""ל",,,בירה קריניצה קלאסיצנ,מיליליטרים,500.00,"100 מ""ל",false,1,6.90,1.38,true,1,
4810065006987,false,חלב מרוכז ממותק דוי פק רוגציוב 380 גרם,,BY,חלב מרוכז ממותק דוי,גרמים,380.00,100 גרם,false,1,14.90,3.92,true,1,
4810065013121,false,חלב מרוכז ממותק דוי פק רוגציוב 280 גרם,,BY,חלב מרוכז ממותק דוי,גרמים,280.00,100 גרם,false,1,15.90,5.68,true,1,
4810073007235,false,חטיף גבינה על וופל בלגי עם אוכמניות 65גר,,BY,חטיף גבינה על וופל ב,גרמים,65.00,100 גרם,false,1,5.50,8.46,true,1,
4810073007242,false,חטיף גבינה על וופל בלגי טעם וניל 65 גר,,BY,חטיף גבינה על וופל ב,גרמים,65.00,100 גרם,false,1,5.50,8.46,true,1,
4810073007259,false,חטיף גבינה על וופל בלגי טעם טריופל 65 גר,,BY,חטיף גבינה על וופל ב,גרמים,65.00,100 גרם,false,1,5.50,8.46,true,1,
4810073007853,false,חטיף גבינה עם עוגיות בראוניס במילוי טעם,,BY,חטיף גבינה עם עוגיות,גרמים,65.00,100 גרם,false,1,5.50,8.46,true,1,
4810073008423,false,חטיף גבינה עם ביסקוויט במילוי רום מצופה,,BY,חטיף גבינה עם ביסקוו,גרמים,65.00,100 גרם,false,1,5.50,8.46,true,1,
4810108007506,false,Glubokoeחלב מרוכז 380 גר,,BY,חלב מרוכז 380 גר  Gl,גרמים,380.00,100 גרם,false,1,13.90,3.66,true,1,
4810168000011,false,פילה הרינג מלוח 250 גר,,,פילה הרינג מלוח 250,גרמים,250.00,100 גרם,false,1,15.20,6.08,true,1,
4810168000066,false,פילה הרינג מלוח עם תבלינים 250 גר,,BY,פילה הרינג מלוח עם ת,גרמים,250.00,100 גרם,false,1,15.20,6.08,true,1,
4810168000103,false,פילה הרינג מטיאס 250גר,,BY,פילה הרינג מלוח מעוש,גרמים,250.00,100 גרם,false,1,15.20,6.08,true,1,
4810168000998,false,חתיכות פילה הרינג מלוח מצונן בצל 260 גר,,,חתיכות פילה הרינג,גרמים,260.00,100 גרם,false,1,19.40,7.46,true,1,
4810168001056,false,חתיכות פילה הרינג מלוח מצונן 260 גר,,,חתיכות פילה הרינג,גרמים,260.00,100 גרם,false,1,19.40,7.46,true,1,
4810168001933,false,מקלות סורימי בטעם סרטן קפוא 200 גרם,,,מקלות סורימי בטעם סר,גרמים,200.00,100 גרם,false,1,7.30,3.65,true,1,
4810168004132,false,ביצי דג טרוטונית אטלנטי מומלח מצונן 180,,,ביצי דג טרוטונית אטל,גרמים,180.00,100 גרם,false,1,17.70,9.83,true,1,
4810168004149,false,ביצי דג טרוטונית אטלנטי מעושן מצונן 180,,,ביצי דג טרוטונית אטל,גרמים,180.00,100 גרם,false,1,17.70,9.83,true,1,
4810168004156,false,ביצי דג טרוטונית אטלנטי סלמון מעושן 180ג,,,ביצי דג טרוטונית אטל,גרמים,180.00,100 גרם,false,1,17.70,9.83,true,1,
4810168011017,false,סורימי בטעם סרטן קפוא 150 גרם,,,סורימי בטעם סרטן קפו,גרמים,150.00,100 גרם,false,1,9.90,6.60,true,1,
4810168016104,false,ביצי דג טרוטונית אטלנטי חסילונים 180 גר,,,ביצי דג טרוטונית אטל,גרמים,180.00,100 גרם,false,1,17.70,9.83,true,1,
4810168018795,false,חתיכות פילה הרינג מלוח 200 גר,,,חתיכות פילה הרינג מל,גרמים,200.00,100 גרם,false,1,15.20,7.60,true,1,
4810168019051,false,פילה הרינג מלוח עם תבלין 200 גר,,BY,פילה הרינג מלוח עם ת,גרמים,200.00,100 גרם,false,1,15.20,7.60,true,1,
4810168020309,false,אצות ים מוחמצות 150 גר,,,אצות ים מוחמצות 150,גרמים,150.00,100 גרם,false,1,7.30,4.87,true,1,
4810168020330,false,אצות ים מוחמצות פטריות 150 גר,,,אצות ים מוחמצות,גרמים,150.00,100 גרם,false,1,7.30,4.87,true,1,
4810168020361,false,אצות ים מוחמצות עם חצילים 150 גר,,,אצות ים מוחמצות עם ח,גרמים,150.00,100 גרם,false,1,7.30,4.87,true,1,
4810168023478,false,סלט אצות ים צוקה 150 גרם,,,סלט אצות ים צוקה 150,גרמים,150.00,100 גרם,false,1,14.90,9.93,true,1,
4810168024260,false,ביצי דג שיבוט מומלח מצונן 130 גר,,,ביצי דג שיבוט מומלח,גרמים,130.00,100 גרם,false,1,16.70,12.85,true,1,
4810168024512,false,חתיכות פילה הרינג מלוח מצונן תבלין 260גר,,,חתיכות פילה הרינג,גרמים,260.00,100 גרם,false,1,19.40,7.46,true,1,
4810168025793,false,ביצי דג זהבנון מומלח מצונן 130 גר,,,ביצי דג זהבנון מומלח,גרמים,130.00,100 גרם,false,1,16.70,12.85,true,1,
4810168031794,false,ביצי דג הרינג אטלנטי מומלח מצונן 110 גר,,,ביצי דג הרינג אטלנטי,גרמים,110.00,100 גרם,false,1,16.70,15.18,true,1,
4810168035785,false,ממרח עם קריל 150 גר,,BY,ממרח עם קריל 150 גר,גרמים,150.00,100 גרם,false,1,15.20,10.13,true,1,
4810168035792,false,ממרח עם קריל מעושן 150 גר,,BY,ממרח עם קריל מעושן 1,גרמים,150.00,100 גרם,false,1,15.20,10.13,true,1,
4810168035808,false,ממרח עם קריל ברוטב שמנת ושום 150 גר,,BY,ממרח עם קריל ברוטב ש,גרמים,150.00,100 גרם,false,1,15.20,10.13,true,1,
4810168037888,false,גלידה פלומביר אסקימו אגוזים יוקי 65 גר,,BY,גלידה פלומביר אסקימו,גרמים,65.00,100 גרם,false,1,6.90,10.62,true,1,
4810168038250,false,גלידת חלב ציפורים אסקימו 65 גר,,,גלידת חלב ציפורים,גרמים,65.00,100 גרם,false,1,6.90,10.62,true,1,
4810168038267,false,גלידה שמנת בטעם וניל צימוקים 65 גר,,,גלידה שמנת בטעם וניל,גרמים,65.00,100 גרם,false,1,6.90,10.62,true,1,
4810168038977,false,גלידה פלומביר 75 גר,,,גלידה פלומביר 75 גר,גרמים,75.00,100 גרם,false,1,6.90,9.20,true,1,
4810168038984,false,גלידה פלומביר סנדוויץ 80 גר,,,גלידה פלומביר סנדווי,גרמים,80.00,100 גרם,false,1,6.90,8.63,true,1,
4810168045098,false,גלידה פלומביר קרם בורלה יוקי 70 גר,,BY,גלידה פלומביר קרם בו,גרמים,70.00,100 גרם,false,1,6.90,9.86,true,1,
4810168045432,false,גלידה טרופל אסקימו 65 גר,,,גלידה טרופל אסקימו 6,גרמים,65.00,100 גרם,false,1,6.90,10.62,true,1,
4810168049966,false,בלינצס במילוי דובדבן מוקפא 360 גרם,,BY,בלינצס במילוי דובדבן,גרמים,360.00,100 גרם,false,1,14.60,4.06,true,1,
4810168055875,false,חתיכות פילה דג הרינג מתובל מומלח בשמן,,,חתיכות פילה דג הרינג,גרמים,1200.00,100 גרם,false,1,41.90,3.49,true,1,
4810168055899,false,פילה דג הרינג מומלח בשמן מצונן 1200 גרם,,,פילה דג הרינג מומלח,גרמים,1200.00,100 גרם,false,1,41.90,3.49,true,1,
4810168055905,false,פילה דג הרינג סקנדינבי מומלח בשמן מצונן,,,פילה דג הרינג סקנדינ,גרמים,1200.00,100 גרם,false,1,41.90,3.49,true,1,
4810168057435,false,חתיכות פילה הרינג מלוח בשמן XXL 500 גרם,,RU,חתיכות פילה הרינג מל,גרמים,500.00,100 גרם,false,1,30.50,6.10,true,1,
4810168057510,false,חתיכות פילה הרינג מתובל מלוח בשמן 400 גר,,,חתיכות פילה הרינג מת,גרמים,400.00,100 גרם,false,1,30.50,7.63,true,1,
4810168058876,false,ביצי דג טרוטונית Moiva עם אבוקדו וסלמון,,,ביצי דג טרוטונית Moi,גרמים,180.00,100 גרם,false,1,16.90,9.39,true,1,
4810168058975,false,חתיכות פילה דג הרינג סקנדינבי מלוח מצונן,,,חתיכות פילה דג הרינג,גרמים,260.00,100 גרם,false,1,19.40,7.46,true,1,
4810168058982,false,חתיכות פילה דג הרינג סקנדינבי מלוח בשמן,,RU,חתיכות פילה דג הרינג,גרמים,400.00,100 גרם,false,1,30.50,7.63,true,1,
4810168058999,false,פילה הרינג סקנדינבי מלוח 250 גרם,,,פילה הרינג סקנדינבי,גרמים,250.00,100 גרם,false,1,15.20,6.08,true,1,
4810168061142,false,בסגנון קוויאר אדום כדורי דג סלמון ופורל,,,בסגנון קוויאר אדום כ,גרמים,230.00,100 גרם,false,1,14.90,6.48,true,1,
4810268027345,false,טבורוג 5% סבושקין קלאסי 300 גרם,,BY,טבורוג 5% סבושקין קל,גרמים,300.00,100 גרם,false,1,19.90,6.63,true,1,
4810268028847,false,טבורוג 5% סבושקין זרניסטיי 350 גרם,,BY,טבורוג 5% סבושקין זר,גרמים,200.00,100 גרם,false,1,15.90,7.95,true,1,
4810268028908,false,טבורוג 5% סבושקין קלאסי 350 גרם,,BY,טבורוג 5% סבושקין קל,גרמים,350.00,100 גרם,false,1,21.90,6.26,true,1,
4810268030178,false,טבורוג 5% סבושקין קלאסי 300 גרם,,BY,טבורוג 5% סבושקין קל,גרמים,300.00,100 גרם,false,1,14.90,4.97,true,1,
4810268041907,false,טבורוג 5% סבושקין קלאסי 200 גרם,,BY,טבורוג 5% סבושקין קל,גרמים,200.00,100 גרם,false,1,9.90,4.95,true,1,
4810268041914,false,טבורוג 5% סבושקין קלאסי 200 גרם,,BY,טבורוג 5% סבושקין קל,גרמים,200.00,100 גרם,false,1,13.50,6.75,true,1,
4820000191579,false,בירה אובולון בהירה 2 ליטר,,,בירה אובולון בהירה 2,ליטרים,0.00,ליטר,false,1,24.90,24.90,true,1,
4820000192101,false,"בירה בירמיקס קלה בטעם לימון 500 מ""ל",,,בירה קלה בטעם לימון,מיליליטרים,500.00,"100 מ""ל",false,1,8.90,1.78,true,1,
4820000192125,false,"בירה בירמיקס קלה בטעם דובדבן 500 מ""ל",,,בירה קלה בטעם דובדבן,מיליליטרים,500.00,"100 מ""ל",false,1,8.90,1.78,true,1,
4820000943871,false,מיקדו יין אדום מתוק מתובל בדובדבנים 700,,,מיקדו יין אדום מתוק,Unknown,0.00,Unknown,false,1,32.90,32.90,true,1,
4820002302058,false,קרקר עדין 400 גר,,,קרקר עדין 400 גר,גרמים,400.00,100 גרם,false,1,13.90,3.48,true,1,
4820002710242,false,בירה אובולון ברחטנויה 1 ליטר,,,בירה אובולון ברחטנוי,מיליליטרים,1000.00,"100 מ""ל",false,1,13.90,1.39,true,1,
4820003689189,false,מיץ עגבניות 1.93 ליטר אודסה,,,מיץ עגבניות 1.93 ליט,ליטרים,0.00,ליטר,false,1,24.90,24.90,true,1,
4820003689363,false,נקטר עגבניות עם מלח 1.93 ליטר נאש סוק,,UA,נקטר עגבניות עם מלח,ליטרים,0.00,ליטר,false,1,24.90,24.90,true,1,
4820003689387,false,נקטר דובדבן 1.93 ליטר נאש סוק,,,נקטר דובדבן 1.93 ליט,ליטרים,0.00,ליטר,false,1,24.90,24.90,true,1,
4820005193073,false,שוקולד מילניום גולד מריר אגוז 100 גרם,,,שוקולד מילניום גולד,גרמים,100.00,100 גרם,false,1,7.90,7.90,true,1,
4820005193097,false,שוקולד MILLENNIUM GOLD לבן  אגוז 100,,,שוקולד MILLENNIUM GO,גרמים,100.00,100 גרם,false,1,7.90,7.90,true,1,
4820012790210,false,פטריות לבנות מיובשות וחתוכות 15 גר,,UA,פטריות לבנות מיובשות,גרמים,15.00,100 גרם,false,1,18.90,126.00,true,1,
4820024797511,false,איקרא קישואים גספודרוצקה פתח קל 475 גר,,,איקרא קישואים גספודר,גרמים,475.00,100 גרם,false,1,11.90,2.51,true,1,
4820024797535,false,איקרה חצילים 445 גרם גספודרוצקה,,,איקרה חצילים 445 גרם,גרמים,445.00,100 גרם,false,1,12.40,2.79,true,1,
4820026671673,false,בונבוניירה אסורטי פרמיאום  300 גרם,,,בונבוניירה אסורטי פר,גרמים,300.00,100 גרם,false,1,32.90,10.97,true,1,
4820029431090,false,"משקה כהלי מוגז בטעם ברנדי קולה 330 מ""ל",,,משקה כהלי מוגז בטעם,מיליליטרים,330.00,"100 מ""ל",false,1,12.80,3.88,true,1,
4820029431106,false,"משקה כהלי מוגז בטעם רום עם קולה 330 מ""ל",,,משקה כהלי מוגז בטעם,מיליליטרים,330.00,"100 מ""ל",false,1,12.80,3.88,true,1,
4820030561380,false,ממרח קישואים קייץ 500 גרם דרי באבושקה,,,ממרח קישואים קייץ 50,גרמים,500.00,100 גרם,false,1,11.90,2.38,true,1,
4820030561526,false,שימורי אפונה ירוקה 510 גרם באבושקה,,,שימורי אפונה ירוקה 5,מיליליטרים,500.00,"100 מ""ל",false,1,12.90,2.58,true,1,
4820030561557,false,שעועית לבנה 540 גרם באבושקינה,,,שעועית לבנה 540 גרם,גרמים,540.00,100 גרם,false,1,12.90,2.39,true,1,
4820039290014,false,פלפל שחור שלם 20 גר,,,פלפל שחור שלם 20 גר,Unknown,0.00,Unknown,false,1,9.90,9.90,true,1,
4820039290397,false,עלי דפנה פריפרבקה 10 גרם,,,עלי דפנה פריפרבקה 10,Unknown,0.00,Unknown,false,1,3.90,3.90,true,1,
4820039710628,false,"מעדן ארוניה פוסולסקי דבור 1.25 ק""ג",,,מעדן ארוניה פוסולסקי,קילוגרמים,0.00,"ק""ג",false,1,37.90,37.90,true,1,
4820039710710,false,"מעדן פטל פוסולסקי דבור 1.25 ק""ג",,,מעדן פטל יפוסולסקי ד,קילוגרמים,0.00,"ק""ג",false,1,37.90,37.90,true,1,
4820043010028,false,"שמן אגוזי מלך(סחיטה קרה) 350 מ""ל",,,"שמן אגוז 350 מ""ל גול",מיליליטרים,350.00,"100 מ""ל",false,1,49.90,14.26,true,1,
4820046960511,false,"בירה חזקה כהה ""אבטורסקוה 500 ,6.5% ""מ""ל",,,"בירה חזקה כהה ""אבטור",מיליליטרים,500.00,"100 מ""ל",false,1,11.90,2.38,true,1,
4820046962652,false,בירה בהירה בוצקובוה 4.3% לא מסוננת 500 מ,,UA,בירה בהירה בוצקובוה,מיליליטרים,500.00,"100 מ""ל",false,1,11.90,2.38,true,1,
4820046962782,false,"בירה בטעם דובדבן טטרב 7% 500 מ""ל",,,בירה בטעם דובדבן טטר,מיליליטרים,500.00,"100 מ""ל",false,1,11.90,2.38,true,1,
4820046962829,false,"בירה כהה בוצקובוה 4.3% לא מסוננת 500 מ""ל",,,בירה כהה בוצקובוה 4.,מיליליטרים,500.00,"100 מ""ל",false,1,11.90,2.38,true,1,
4820056380354,false,עולש נמס גאלקה פלוס 100 גר,,,עולש נמס גאלקה פלוס,גרמים,100.00,100 גרם,false,1,8.50,8.50,true,1,
4820061980433,false,שימורי דג ביצקי ירקות ברוטב עגבניות 250,,,שימורי דג ביצקי ירקו,גרמים,250.00,100 גרם,false,1,8.90,3.56,true,1,
4820077081124,false,"שמן חמניות לא מזוכך גרנה 850 מ""ל",,,שמן חמניות לא מזוכך,מיליליטרים,850.00,"100 מ""ל",false,1,12.90,1.52,true,1,
4820077081148,false,"שמן חמניות מזוכך גרנה 850 מ""ל",,,שמן חמניות מזוכך גרנ,מיליליטרים,850.00,"100 מ""ל",false,1,12.90,1.52,true,1,
4820103341543,false,חלב מרוכז מבושל 370 גרם פחית,,,חלב מרוכז מבושל 370,גרמים,370.00,100 גרם,false,1,12.90,3.49,true,1,
4820103341574,false,חלב מרוכז 370 גרם,,,חלב מרוכז 370 גרם,גרמים,370.00,100 גרם,false,1,11.90,3.22,true,1,
4820106160691,false,גרעיני חמניות עם קליפה קלויים 200ג ALMAZ,אזארנה,UA,גרעיני חמניות עם קלי,גרמים,200.00,100 גרם,false,1,11.90,5.95,true,1,
4820165641384,false,סושקה מליוטקה וניל פלורה 300 גר,,,סושקה מליוטקה וניל פ,גרמים,300.00,100 גרם,false,1,8.90,2.97,true,1,
4820165641391,false,סושקה וניל פלורה 300 גר,,,סושקה וניל פלורה 300,גרמים,300.00,100 גרם,false,1,8.90,2.97,true,1,
4820165641421,false,סולומקה מתוקה חרומטיק 250 גרם,,,סולומקה מתוקה חרומטי,גרמים,250.00,100 גרם,false,1,8.90,3.56,true,1,
4820165641438,false,סולומקה בטעם פירות 250 גרם,,,סולומקה בטעם פירות 2,גרמים,250.00,100 גרם,false,1,8.90,3.56,true,1,
4820179251593,false,איטריות רולטון בטעם בקר בבכוס 75 גרם,,,איטריות רולטון בטעם,גרמים,0.00,100 גרם,false,1,7.50,7.50,true,1,
4820179251616,false,איטריות רולטון בטעם עוף בבכוס 75 גרם,,,איטריות רולטון בטעם,גרמים,0.00,100 גרם,false,1,7.50,7.50,true,1,
4820179254013,false,פירה בטעם שמנת בכוס 40 גרם Rolton,Mareven Food Ukraine LLC,UA,פירה בטעם שמנת בכוס,גרמים,40.00,100 גרם,false,1,5.90,14.75,true,1,
4820179254044,false,פירה בטעם עוף בכוס 40 גרם Rolton,Mareven Food Ukraine LLC,UA,פירה בטעם עוף בכוס 4,גרמים,40.00,100 גרם,false,1,5.90,14.75,true,1,
4820179254051,false,פירה בטעם שמנת בשקית 40 גרם Rolton,Mareven Food Ukraine LLC,UA,פירה בטעם שמנת בשקית,גרמים,40.00,100 גרם,false,1,3.90,9.75,true,1,
4820179254082,false,פירה בטעם עוף בשקית 40 גרם Rolton,Mareven Food Ukraine LLC,UA,פירה בטעם עוף בשקית,גרמים,40.00,100 גרם,false,1,3.90,9.75,true,1,
4820179254693,false,פירה  להכנה מהירה בטעם שינקן וגבי55 גר,,,פירה  להכנה מהירה בט,גרמים,55.00,100 גרם,false,1,8.90,16.18,true,1,
4820179254716,false,פירה  להכנה מהירה בטעם עוף בכוס 55 גר,,,פירה  להכנה מהירה בט,גרמים,55.00,100 גרם,false,1,8.90,16.18,true,1,
4820179255003,false,איטריות רולטון להכנה מהירה בטעם גבינה ו,,,איטריות רולטון להכנה,גרמים,0.00,100 גרם,false,1,7.50,7.50,true,1,
4820180250042,false,צמות סולוגוני מעושן סירויישקה 100 גרם,,UA,צמות סולוגוני מעושן,גרמים,100.00,100 גרם,false,1,19.90,19.90,true,1,
4820180251018,false,צמות סולוגוני מעושן אדיגייסקי 100 גרם,,UA,צמות סולוגוני מעושן,גרמים,100.00,100 גרם,false,1,19.90,19.90,true,1,
4820182740053,false,ציפס בטעם סרטן 70 גר,,,ציפס בטעם סרטן 70 גר,גרמים,70.00,100 גרם,false,1,8.50,12.14,true,1,
4820182740077,false,ציפס בטעם גבינה 70 גר,,,ציפס בטעם גבינה 70 ג,גרמים,70.00,100 גרם,false,1,8.50,12.14,true,1,
4820182740084,false,ציפס בטעם בקון 70 גר,,,ציפס בטעם בקון 70 גר,Unknown,0.00,Unknown,false,1,8.50,8.50,true,1,
4820182741777,false,ציפס בטעם שישליק 70 גר Chipsters,,UA,ציפס בטעם שישליק 70,גרמים,70.00,100 גרם,false,1,8.50,12.14,true,1,
4820182742019,false,ציפס בטעם כנפיים ברביקיו 70 גר פלינט,,,ציפס כנפיים ברביקיו,גרמים,70.00,100 גרם,false,1,8.50,12.14,true,1,
4820182742897,false,קרוטונים פלינט בטעם בקון 35 גר,,UA,קרוטונים פלינט בטעם,גרמים,35.00,100 גרם,false,1,2.90,8.29,true,1,
4820182742972,false,קרוטונים פלינט בטעם קוויאר 35 גרם,,UA,קרוטונים פלינט בטעם,גרמים,35.00,100 גרם,false,1,2.90,8.29,true,1,
4820182743009,false,קרוטונים פלינט בטעם שישליק 35 גרם,,UA,קרוטונים פלינט בטעם,גרמים,35.00,100 גרם,false,1,2.90,8.29,true,1,
4820182743160,false,קרוטונים  בטעם שום 70 גרם FLINT,,,קרוטונים  בטעם שום 7,גרמים,70.00,100 גרם,false,1,4.50,6.43,true,1,
4820182746895,false,קרוטונים בטעם קבנוס 70 גר FLINT,,,קרוטונים בטעם קבנוס,גרמים,70.00,100 גרם,false,1,4.50,6.43,true,1,
4820182746918,false,קרוטונים בטעם עגל עם אדזיקה 70 גר FLINT,,,קרוטונים בטעם עגל עם,גרמים,70.00,100 גרם,false,1,4.50,6.43,true,1,
4820244330130,false,מזלג מעץ לבנה 50 יח,,UA,מזלג מעץ לבנה 50 יח,יחידה,1.00,יחידה,false,1,9.90,9.90,true,1,
4823005000372,false,"בירה LVIVSKE 1715  פחית 500 מ""ל פחית",,,בירה LVIVSKE 1715  פ,מיליליטרים,500.00,"100 מ""ל",false,1,8.90,1.78,true,1,
4823006801862,false,איקרה קישואים נזין 450 גרם,,,איקרה קישואים נזין 4,גרמים,450.00,100 גרם,false,1,15.90,3.53,true,1,
4823006802050,false,שימורי עגבניות ומלפפונים בתחמיץ920 NEZEN,,UA,שימורי עגבניות ומלפפ,גרמים,920.00,100 גרם,false,1,21.90,2.38,true,1,
4823006802401,false,אדגיקה חריפה נזין 450 גרם,,,אדגיקה חריפה נזין 45,גרמים,450.00,100 גרם,false,1,15.90,3.53,true,1,
4823006802418,false,חציל יווני עם שמן זית נזין 450 גרם,,,חציל יווני עם שמן זי,גרמים,450.00,100 גרם,false,1,15.90,3.53,true,1,
4823006803873,false,רטאטוי 450 גרם,,,רטאטוי 450 גרם,גרמים,920.00,100 גרם,false,1,15.90,1.73,true,1,
4823006804016,false,סלק בתחמיץ 450 גרם NEZHIN,,,סלק בתחמיץ 450 גרם N,גרמים,450.00,100 גרם,false,1,11.90,2.64,true,1,
4823063113007,false,"נקטר רימונים סנדורה 950 מ""ל",,,נקטר רימונים סנדורה,מיליליטרים,950.00,"100 מ""ל",false,1,17.70,1.86,true,1,
4823063113052,false,"מורס חמוציות סנדורה 950 מ""ל",,,מורס חמוציות סנדורה,מיליליטרים,950.00,"100 מ""ל",false,1,17.70,1.86,true,1,
4823077602863,false,סוכריות דבורה משוגעת 200 גרם שקית,,UA,"רושן סוכריות גלי ""קר",גרמים,200.00,100 גרם,false,1,6.90,3.45,true,1,
4823077604294,false,"סוכריות בים בום ק""ג 1 רושן",,,"סוכריות בים בום ק""ג",גרמים,1000.00,100 גרם,false,1,17.90,1.79,true,1,
4823077604379,false,"סוכריות ראצקי 1 ק""ג  רושן",,,"סוכריות ראצקי 1 ק""ג",גרמים,1000.00,100 גרם,false,1,24.90,2.49,true,1,
4823077605215,false,"סוכריות גלי 1 ק""ג  רושן",,UA,סוכריות רושן גלי 1 ק,קילוגרמים,0.00,"ק""ג",false,1,29.90,29.90,true,1,
4823077608513,false,סוכריות קורובקה 205 גרם רושן,,,סוכריות קורובקה 205,גרמים,205.00,100 גרם,false,1,6.90,3.37,true,1,
4823077612732,false,סוכריות קרמל רושן בים בום 200 גר,,UA,סוכריות קרמל רושן בי,גרמים,200.00,100 גרם,false,1,4.90,2.45,true,1,
4823077613630,false,באטונציק קרם ברולה 43 גר רושן,,,באטונציק קרם ברולה 4,גרמים,43.00,100 גרם,false,1,3.90,9.07,true,1,
4823077614675,false,ביסקוויט חלב 185 גר רושן,,,ביסקוויט חלב 185 גר,גרמים,185.00,100 גרם,false,1,3.90,2.11,true,1,
4823077614699,false,ביסקוויט וניל 185 גר רושן,,,ביסקוויט וניל 185 גר,גרמים,185.00,100 גרם,false,1,3.90,2.11,true,1,
4823077614767,false,שוקולד רושן חלב נוגט בטעם אגוזי לוז 90 ג,,,שוקולד רושן חלב נוגט,גרמים,90.00,100 גרם,false,1,4.90,5.44,true,1,
4823077615757,false,בונבוניירה סטרלה 200 גר רושן,,,בונבוניירה סטרלה 200,גרמים,200.00,100 גרם,false,1,24.90,12.45,true,1,
4823077617041,false,באטונציק קרמל 40 גר רושן,,,באטונציק קרמל 40 גר,גרמים,40.00,100 גרם,false,1,3.90,9.75,true,1,
4823077618161,false,וופל רול קונאפטו חלב רושן 140 גר,,,וופל רול קונאפטו חלב,גרמים,140.00,100 גרם,false,1,6.90,4.93,true,1,
4823077618901,false,בונבוניירה שוטרס רום ליקר 150 גר,,,בונבוניירה שוטרס רום,גרמים,150.00,100 גרם,false,1,13.90,9.27,true,1,
4823077620737,false,בונבוניירה רושן וציניי קייב 352 גר,,,בונבוניירה רושן,גרמים,352.00,100 גרם,false,1,39.90,11.34,true,1,
4823077621154,false,באטונציק 43 גר רושן,,,באטונציק 43 גר רושן,גרמים,43.00,100 גרם,false,1,3.90,9.07,true,1,
4823077625602,false,וופל וואפרס שוקולד רושן 216 גר,,UA,וופל וואפרס שוקולד ר,גרמים,216.00,100 גרם,false,1,6.90,3.19,true,1,
4823077625626,false,וופל וואפרס אגוז רושן 216 גר,,UA,וופל וואפרס אגוז רוש,גרמים,216.00,100 גרם,false,1,6.90,3.19,true,1,
4823077625879,false,אסורטי רושן 145 גר COMPLIMENT,,UA,אסורטי רושן 145 גר C,גרמים,145.00,100 גרם,false,1,19.90,13.72,true,1,
4823077626241,false,שוקולד אורירי לבן קרמל 80 גר רושן,,UA,שוקולד אורירי לבן קר,גרמים,80.00,100 גרם,false,1,6.90,8.63,true,1,
4823077627606,false,רולדה רושן 180 גר PRAZSKIY,,UA,רולדה רושן 180 גר PR,גרמים,180.00,100 גרם,false,1,5.90,3.28,true,1,
4823077630439,false,סנדוויץ קרקר שוקולד רושן 235 גר,,,סנדוויץ קרקר שוקולד,גרמים,235.00,100 גרם,false,1,9.90,4.21,true,1,
4823077630996,false,סנדוויץ קרקר קקאו-אגוז רושן 235 גר,,,סנדוויץ קרקר קקאו-אג,גרמים,235.00,100 גרם,false,1,9.90,4.21,true,1,
4823077631467,false,קרקר עם מלח ים רושן 168 גר,,,קרקר עם מלח ים רושן,גרמים,168.00,100 גרם,false,1,4.90,2.92,true,1,
4823077631474,false,קרקר קלאסי רושן 168 גר,,,קרקר קלאסי רושן 168,גרמים,168.00,100 גרם,false,1,4.90,2.92,true,1,
4823077631856,false,וופל רול קונאפטו קוקוס 140 גר,,UA,וופל רול קונאפטו קוק,גרמים,140.00,100 גרם,false,1,6.90,4.93,true,1,
4823077631863,false,וופל רול קונאפטו וניל 140 גר,,UA,וופל רול קונאפטו וני,גרמים,140.00,100 גרם,false,1,6.90,4.93,true,1,
4823077632112,false,וופל בטעם קקאו חלב רושן 216 גר,,,וופל בטעם קקאו חלב ר,גרמים,216.00,100 גרם,false,1,6.90,3.19,true,1,
4823077632259,false,באטונציק קרם עם בוטנים 38 גר,,,באטונציק קרם עם בוטנ,גרמים,38.00,100 גרם,false,1,3.90,10.26,true,1,
4823077632518,false,"פרלינים ""מונבלאן"" שוקולד+אגוזי לוז 1 קג",,UA,"פרלינים ""מונבלאן"" שו",גרמים,1000.00,100 גרם,false,1,69.90,6.99,true,1,
4823077632570,false,שוקולד רושן מריר 85 גר BRUT,,UA,שוקולד רושן מריר 85,גרמים,85.00,100 גרם,false,1,6.90,8.12,true,1,
4823077632587,false,שוקולד רושן חלב עם שקד שלם  90 גר LACMI,,,שוקולד רושן חלב עם ש,גרמים,90.00,100 גרם,false,1,7.90,8.78,true,1,
4823077633317,false,עוגיות שוקולד עם חתיכות שוקולד 150 גר,,,עוגיות שוקולד עם חתי,גרמים,150.00,100 גרם,false,1,6.90,4.60,true,1,
4823077633324,false,עוגיות רושן עם חתיכות שוקולד 150 גר,,,עוגיות שוקוציפס  עם,גרמים,150.00,100 גרם,false,1,6.90,4.60,true,1,
4823077633515,false,חטיף וופל רושן במילוי קרם חלבי מצופה 34,,UA,חטיף וופל רושן במילו,גרמים,34.00,100 גרם,false,1,3.90,11.47,true,1,
4823077633690,false,בונבוניירה רושן שוטרס ויסקי 150 גר,,,בונבוניירה רושן שוטר,גרמים,150.00,100 גרם,false,1,13.90,9.27,true,1,
4823077634130,false,"רושן סוכריות בטעם קולה ""שיפוצקה"" 1 ק""ג",,,רושן סוכריות בטעם קו,גרמים,1000.00,100 גרם,false,1,24.90,2.49,true,1,
4823077634178,false,עוגיות עם מילוי תפוח קינמון 168 גר LOVIT,,,עוגיות עם מילוי תפוח,גרמים,168.00,100 גרם,false,1,6.90,4.11,true,1,
4823077634192,false,עוגיות עם מילוי דובדבן וניל 168 גר LOVIT,,,עוגיות עם מילוי דובד,גרמים,168.00,100 גרם,false,1,6.90,4.11,true,1,
4823077634222,false,עוגיות תפוז 135 גר LOVITA,,,עוגיות תפוז 135 גר L,גרמים,135.00,100 גרם,false,1,6.90,5.11,true,1,
4823077634246,false,עוגיות פטל 135 גר LOVITA,,,עוגיות פטל 135 גר LO,גרמים,135.00,100 גרם,false,1,6.90,5.11,true,1,
4823077634277,false,עוגיות תות שדה 135 גר LOVITA,,,עוגיות תות שדה 135 ג,גרמים,135.00,100 גרם,false,1,6.90,5.11,true,1,
4823077634369,false,שוקולד רושן חלב אוורירי 85 גר LACMI,,UA,שוקולד רושן חלב אוור,גרמים,85.00,100 גרם,false,1,6.90,8.12,true,1,
4823077634376,false,שוקולד רושן חלב אוורירי 85 גר LACMI NUT,,UA,שוקולד רושן חלב אוור,גרמים,85.00,100 גרם,false,1,6.90,8.12,true,1,
4823077634741,false,עוגיות עם מילוי תות שדה  168 גר LOVITA,,,עוגיות עם מילוי תות,גרמים,168.00,100 גרם,false,1,6.90,4.11,true,1,
4823077636059,false,עוגיות קקאו דובדבן  420 גר LOVITA,,UA,עוגיות קקאו דובדבן,גרמים,420.00,100 גרם,false,1,17.90,4.26,true,1,
4823077636073,false,עוגיות תות שדה 420 גר LOVITA,,,עוגיות תות שדה 420 ג,גרמים,420.00,100 גרם,false,1,17.90,4.26,true,1,
4823077636097,false,עוגיות פטל 420 גר LOVITA,,,עוגיות פטל 420 גר LO,גרמים,420.00,100 גרם,false,1,17.90,4.26,true,1,
4823077636110,false,עוגיות תפוז 420 גר LOVITA,,,עוגיות תפוז 420 גר L,גרמים,420.00,100 גרם,false,1,17.90,4.26,true,1,
4823077636172,false,וופל רושן בטעם לימון 216 גר,,UA,וופל רושן בטעם לימון,גרמים,216.00,100 גרם,false,1,5.80,2.69,true,1,
4823077636547,false,סוכריות ממולאות פירות בים בום468ג ROSHEN,,,סוכריות ממולאות פירו,גרמים,468.00,100 גרם,false,1,11.90,2.54,true,1,
4823077638220,false,מתנה סילבסטר מס 8 468 גר,,UA,מתנה סילבסטר מס 8 46,גרמים,468.00,100 גרם,false,1,39.90,8.53,true,1,
4823077638282,false,מתנה סילבסטר מס 5 385 גר,,UA,מתנה סילבסטר מס 5 38,גרמים,385.00,100 גרם,false,1,34.90,9.06,true,1,
4823077638305,false,מתנה סילבסטר מס 4 333 גר,,UA,מתנה סילבסטר מס 4 33,גרמים,333.00,100 גרם,false,1,34.90,10.48,true,1,
4823077638329,false,מתנה סילבסטר מס 3 298 גר,,UA,מתנה סילבסטר מס 3 29,גרמים,298.00,100 גרם,false,1,29.90,10.03,true,1,
4823077638343,false,מתנה סילבסטר מס 2 294 גר,,UA,מתנה סילבסטר מס 2 29,גרמים,294.00,100 גרם,false,1,29.90,10.17,true,1,
4823084201134,false,תה ליפטון פירמידה פירות טרופים 20 שק,,UA,תה ליפטון פירמידה פי,גרמים,34.00,100 גרם,false,1,9.90,29.12,true,1,
4823090302481,false,ביסקוויט בטעם חלב אפוי לוזיוק 180 גרם,,UA,ביסקוויט בטעם חלב אפ,גרמים,180.00,100 גרם,false,1,5.90,3.28,true,1,
4823090302498,false,ביסקוויט בטעם שמנת לוזיוק 180 גרם,,UA,ביסקוויט בטעם שמנת ל,גרמים,180.00,100 גרם,false,1,5.90,3.28,true,1,
4823090302528,false,ביסקוויט בטעם ריבת חלב לוזיוק 180 גרם,,UA,ביסקוויט בטעם ריבת ח,גרמים,180.00,100 גרם,false,1,5.90,3.28,true,1,
4823090303525,false,עוגת וופל קפריזוליה  בטעם שוקולד 220 גר,,,עוגת וופל קפריזוליה,גרמים,220.00,100 גרם,false,1,10.90,4.95,true,1,
4823092700926,false,חלבה חמניות בטעם וניל 200 גרם,,,חלבה חמניות בטעם וני,גרמים,200.00,100 גרם,false,1,5.90,2.95,true,1,
4823092700964,false,חלבה חמניות עם בוטנים 200 גרם,,,חלבה חמניות עם בוטני,גרמים,200.00,100 גרם,false,1,5.90,2.95,true,1,
4823097809778,false,גלידה בריקט שוקולד 90 גר,,,גלידה בריקט שוקולד 9,גרמים,90.00,100 גרם,false,1,6.90,7.67,true,1,
4823105400119,false,מלפפונים בחומץ 770 גרם,,,מלפפונים בחומץ 770 ג,גרמים,770.00,100 גרם,false,1,20.90,2.71,true,1,
4823105400393,false,אגיקה בסגנון גרוזיני 310 גרם,,,אגיקה בסגנון גרוזיני,גרמים,310.00,100 גרם,false,1,13.90,4.48,true,1,
4823105400560,false,ממרח זוקיני עם ירקות 500 גר,,,ממרח זוקיני עם ירקות,גרמים,500.00,100 גרם,false,1,13.90,2.78,true,1,
4823105400799,false,אפונה במי מלח 200 גרם,,,אפונה במי מלח 200 גר,גרמים,200.00,100 גרם,false,1,7.90,3.95,true,1,
4823105400805,false,אפונה במי מלח 510 גרם,,,אפונה במי מלח 510 גר,גרמים,510.00,100 גרם,false,1,12.90,2.53,true,1,
4823105400898,false,מרינדה לברביקיו 140 גרם,"טי.או בי. ""ויז'י פרודקשן""",,מרינדה לברביקיו 140,גרמים,140.00,100 גרם,false,1,6.90,4.93,true,1,
4823105402960,false,רוטב עגבניות לתיבול לבשר בקר 200 גרם,"טי.או בי. ""ויז'י פרודקשן""",,רוטב עגבניות לתיבול,גרמים,200.00,100 גרם,false,1,7.90,3.95,true,1,
4823105403004,false,פלפל שחור טחון 20 גרם,"טי.או בי. ""ויז'י פרודקשן""",,פלפל שחור טחון 20 גר,גרמים,20.00,100 גרם,false,1,3.90,19.50,true,1,
4840008001199,false,מיני סושקה וניל 500 גרם FRANZELUTA,,,מיני סושקה וניל 500,גרמים,500.00,100 גרם,false,1,10.40,2.08,true,1,
4840008001205,false,מיני סושקה עם פרג 500 גרם FRANZELUTA,,,מיני סושקה עם פרג 50,גרמים,500.00,100 גרם,false,1,10.40,2.08,true,1,
4840008017763,false,פרנזלוטה צנימים מיני עם צימוקים 200 גר,,,פרנזלוטה צנימים מיני,גרמים,200.00,100 גרם,false,1,7.90,3.95,true,1,
4840008018319,false,דובשניות עם שזיף 400 גרם פרנצלוטה,,,דובשניות עם שזיף 400,גרמים,400.00,100 גרם,false,1,9.40,2.35,true,1,
4840008031806,false,דובשניות טעם חלב מרוכז 400 גר פרנצלוטה,,,דובשניות טעם חלב מרו,גרמים,400.00,100 גרם,false,1,9.40,2.35,true,1,
4840008037778,false,סופר מיני סושקה ווניל 300 גר,,,סופר מיני סושקה ווני,גרמים,300.00,100 גרם,false,1,8.90,2.97,true,1,
4840022004626,false,מיץ עגבניות 2 לט VITA NATURALIS,,MD,מיץ עגבניות 2 לט VIT,ליטרים,0.00,ליטר,false,1,21.90,21.90,true,1,
4840022005265,false,מיץ תפוחים 1 ליטר VITA,,,מיץ תפוחים 1 ליטר VI,מיליליטרים,1000.00,"100 מ""ל",false,1,13.50,1.35,true,1,
4840022005272,false,מיץ תפוח ענבים 1 ליטר VITA,,,מיץ תפוח ענבים 1 ליט,מיליליטרים,1000.00,"100 מ""ל",false,1,13.50,1.35,true,1,
4840022005289,false,מיץ משמש 1 ליטר VITA,,,מיץ משמש 1 ליטר VITA,מיליליטרים,1000.00,"100 מ""ל",false,1,13.50,1.35,true,1,
4840022005661,false,ריבת פטל 680גר VITA,,,ריבת פטל 680גר VITA,גרמים,680.00,100 גרם,false,1,34.90,5.13,true,1,
4840034001866,false,שימורי אפונה ירוקה 510 גרם,,,שימורי אפונה ירוקה 5,גרמים,470.00,100 גרם,false,1,10.40,2.21,true,1,
4840048000299,false,"ברנדי בליי איסט 500 מ""ל מולדובה",,,ברנדי בליי איסט 500,מיליליטרים,500.00,"100 מ""ל",false,1,67.90,13.58,true,1,
4840095003090,false,מרמלד דולקי תפוז לימון 350 גר BUCURIA,,MD,מרמלד דולקי תפוז לימ,גרמים,350.00,100 גרם,false,1,13.50,3.86,true,1,
4840095033134,false,עוגת חלב ציפורים בוקוריה 350 גר,,,עוגת חלב ציפורים בוק,גרמים,350.00,100 גרם,false,1,24.90,7.11,true,1,
4840526001398,false,יין וייג מוסקט לבן 1 ליטר,,,יין וייג מוסקט לבן 1,Unknown,0.00,Unknown,false,1,44.90,44.90,true,1,
4850001111016,false,מיץ YAN תפוזים טבעי  930 מל,,,מיץ YAN תפוזים טבעי,גרמים,930.00,100 גרם,false,12,18.90,2.03,true,1,
4850001111085,false,מיץ YAN תפוח טבעי  930 מל,,,מיץ YAN תפוח טבעי  9,גרמים,930.00,100 גרם,false,12,18.90,2.03,true,1,
4850001111603,false,משקה כוהלי רימונים  ויניאן  750 מל,,,משקה כוהלי רימונים,מיליליטרים,750.00,"100 מ""ל",false,12,29.90,3.99,true,1,
4850001118954,false,שיכר פטל אדום  ויניאן    750 מל,,,שיכר פטל אדום  ויניא,מיליליטרים,750.00,"100 מ""ל",false,12,29.90,3.99,true,1,
4850001397649,false,JOYCO PANDA דרזיה שוקולד חלב 150 גר,,,JOYCO PANDA דרזיה שו,גרמים,150.00,100 גרם,false,1,11.40,7.60,true,1,
4850011110818,false,קונפיטורת דובדבנים 400 גר TAMARA,,,קונפיטורת דובדבנים 4,גרמים,400.00,100 גרם,false,1,24.90,6.23,true,1,
4850011110856,false,קונפיטורת דובדובנים לבנים 400 גר TAMARA,,,קונפיטורת דובדובנים,גרמים,400.00,100 גרם,false,1,26.90,6.73,true,1,
4860009000014,false,מיץ רימונים 1 ליטר תוצרת גרוזיה,,,מיץ רימונים 1 ליטר ת,מיליליטרים,1000.00,"100 מ""ל",false,1,21.90,2.19,true,1,
4860019001346,false,"מים מינרלים בורגומי 500 מ""ל",,,מים מינרלים בורגומי,מיליליטרים,500.00,"100 מ""ל",false,1,6.90,1.38,true,1,
4860019001421,false,"שישיית מים בורגומי 750 מ""ל",,,שישיית מים בורגומי 7,מיליליטרים,6500.00,"100 מ""ל",false,1,44.90,0.69,true,1,
4860103350107,false,משקה גזוז טרחון 1 ליטר,גרוזינסקי פיבנייה,GE,משקה גזוז טרחון 1 לי,מיליליטרים,1000.00,"100 מ""ל",false,1,10.90,1.09,true,1,
4860103350183,false,משקה גזוז דיושס (אגס) 1 ליטר,גרוזינסקי פיבנייה,GE,משקה גזוז דיושס (אגס,מיליליטרים,1000.00,"100 מ""ל",false,1,10.90,1.09,true,1,
4860108700150,false,רוטב שזיפי בר  גר 540 NENA*  TKEMALI GR,,,רוטב שזיפי בר טקמלי,גרמים,540.00,100 גרם,false,1,13.90,2.57,true,1,
4860108700174,false,רוטב שזיפי בר 540 גר NENA*  TKEMALI RE,,,רוטב שזיפי בר 540 גר,גרמים,540.00,100 גרם,false,1,13.90,2.57,true,1,
4860108700617,false,רוטב עגבניות (חריף)  סציבלי 540 גרם,,,רוטב עגבניות (חריף),גרמים,540.00,100 גרם,false,1,13.90,2.57,true,1,
4865602000027,false,"מים מינרלים מוגזים ""נבגלבי"" 1 ליטר  PET",,,מים מינרלים מוגזים,מיליליטרים,1000.00,"100 מ""ל",false,1,8.20,0.82,true,1,
4891130001199,false,רוטב צדפות 450 גרם,,,רוטב צדפות 450 גרם,גרמים,450.00,100 גרם,false,1,17.70,3.93,true,1,
4891228430092,false,שיק  אקסטרים 3 פס לחות בתוספת ויטמין,,,שיק  אקסטרים 3 פס לח,Unknown,0.00,Unknown,false,1,25.20,25.20,true,1,
4903001904192,false,"רוטב סויה יאמסה פרימיום 500 מ""ל",,,רוטב סויה יאמסה 500,מיליליטרים,500.00,"100 מ""ל",false,1,17.90,3.58,true,1,
4903001925784,false,"רוטב סויה יאמאסה פרמיום דל מלח 500 מ""ל",,,רוטב סויה יאמאסה פרמ,מיליליטרים,500.00,"100 מ""ל",false,1,17.90,3.58,true,1,
4978094999219,false,מחית סויה לבנה שירו מיסו 500 גרם,,,מחית סויה לבנה שירו,גרמים,500.00,100 גרם,false,1,19.80,3.96,true,1,
5000111047364,false,רוטב ברביקיו דבש 465 גרם,,NL,רוטב ברביקיו דבש 465,גרמים,465.00,100 גרם,false,1,17.90,3.85,true,1,
5000111047371,false,רוטב ברביקיו קלאסי 465 גרם,,,רוטב ברביקיו קלאסי 4,גרמים,465.00,100 גרם,false,1,18.80,4.04,true,1,
5000127163195,false,דגני ספיישל קיי 500 גרם,,,דגני ספיישל קיי 500,גרמים,500.00,100 גרם,false,1,24.90,4.98,true,1,
5000146057710,false,נוזל וונדולין כחול 750 מל,,,נוזל וונדולין כחול 7,מיליליטרים,750.00,"100 מ""ל",false,1,10.40,1.39,true,1,
5000157076021,false,היינץ צנצנת ממרח לסנדוויץ 300 גרם,,GB,היינץ צנצנת ממרח לסנ,גרמים,300.00,100 גרם,false,1,18.90,6.30,true,1,
5000157143365,false,"מתבל בטעם מיונז וקטשופ 425 מ""ל",,PL,מתבל בטעם מיונז וקטש,מיליליטרים,425.00,"100 מ""ל",false,1,14.90,3.51,true,1,
5000159020312,false,מלטיזרס 37 גרם,,,מלטיזרס 37 גרם,גרמים,37.00,100 גרם,false,1,4.90,13.24,true,1,
5000159304245,false,מ&מס קריספי 36 גרם,,,מ&מס קריספי 36 גרם,גרמים,36.00,100 גרם,false,1,4.90,13.61,true,1,
5000159344074,false,מאגדת סניקרס 6 יח,,FR,מאגדת סניקרס 6 יח,Unknown,0.00,Unknown,false,1,29.90,29.90,true,1,
5000159376655,false,סקיטלס פירות 38 גרם,,,סקיטלס פירות 38 גרם,גרמים,38.00,100 גרם,false,1,3.30,8.68,true,1,
5000159376792,false,סקיטלס חמוץ 38 גרם,,,סקיטלס חמוץ 38 גרם,גרמים,38.00,100 גרם,false,1,3.30,8.68,true,1,
5000159382694,false,מארס עשירייה 450 גרם,,NL,מארס עשירייה 450 גרם,גרמים,450.00,100 גרם,false,1,24.90,5.53,true,1,
5000159382731,false,סניקרס 10*50 גרם,,,סניקרס 10*50 גרם,גרמים,500.00,100 גרם,false,1,24.90,4.98,true,1,
5000159461122,false,חטיף סניקרס 50 גרם,,,חטיף סניקרס 50 גרם,גרמים,50.00,100 גרם,false,1,3.90,7.80,true,1,
5000159471510,false,אם אנד אם בוטנים 220 גרם,,FR,אם אנד אם בוטנים 220,גרמים,220.00,100 גרם,false,1,16.70,7.59,true,1,
5000159471794,false,אם אנד אם שוקולד 220 גרם,,BE,אם אנד אם שוקולד 220,גרמים,220.00,100 גרם,false,1,16.70,7.59,true,1,
5000159484695,false,מאגדת טוויקס 6 יח,,FR,מאגדת טוויקס 6 יח,Unknown,0.00,Unknown,false,1,29.90,29.90,true,1,
5000159500258,false,מארז סלבריישן 186 גרם,,,מארז סלבריישן 186 גר,גרמים,186.00,100 גרם,false,1,26.90,14.46,true,1,
5000204153729,false,"מילוי אוטומטי גלייד לבנדר וניל 269 מ""ל",,TR,מילוי אוטומטי גלייד,מיליליטרים,269.00,"100 מ""ל",false,1,20.90,7.77,true,1,
5000213000359,false,בירה גינס בקבוק 330 מל,,,בירה גינס בקבוק 330,מיליליטרים,330.00,"100 מ""ל",false,1,14.90,4.52,true,1,
5000232902450,false,שעועית אפויה 420 גר HP,,,שעועית אפויה 420 גר,גרמים,420.00,100 גרם,false,1,8.30,1.98,true,1,
5000267116303,false,מארז וויסקי גוני ווקר דאבל בלק 700 מל,,,מארז וויסקי גוני ווק,מיליליטרים,700.00,"100 מ""ל",false,1,156.90,22.41,true,1,
5000299609347,false,"וויסקי גלנליווט פאונדרס רזרב 700 מ""ל",,,וויסקי גלנליווט פאונ,מיליליטרים,700.00,"100 מ""ל",false,1,159.90,22.84,true,1,
5000312000700,false,אבקת קקאו קדבורי 250 גרם,,,אבקת קקאו קדבורי 250,גרמים,250.00,100 גרם,false,1,32.90,13.16,true,1,
5000328181844,false,דוריטוס - רוטב דיפ נאציו גבינה  280גרם,,GB,דוריטוס - רוטב דיפ נ,גרמים,280.00,100 גרם,false,1,19.90,7.11,true,1,
5000394140820,false,סוללות דורסל פלוס פאוור AA שישיית,,BE,סוללות דורסל פלוס פא,יחידה,1.00,יחידה,false,1,15.90,15.90,true,1,
5000394203921,false,סוללות דורסל ליתיום זוג,,CN,סוללות דורסל ליתיום,Unknown,0.00,Unknown,false,1,18.30,18.30,true,1,
5000396037531,false,מקוויטיס ביסקוויט מצופה שוקולד חלב 200 ג,,,מקוויטיס ביסקוויט מצ,גרמים,200.00,100 גרם,false,1,12.50,6.25,true,1,
5000396037548,false,מקוויטיס ביסקוויט מצופה שוקולד מריר 200,,,מקוויטיס ביסקוויט מצ,גרמים,200.00,100 גרם,false,1,12.50,6.25,true,1,
5000396037944,false,מקוויטיס ביסקוויט 250 גרם,,,מקוויטיס ביסקוויט 25,גרמים,250.00,100 גרם,false,1,11.40,4.56,true,1,
5010029221091,false,דגנים מלאים פרוטאין שוקולד וויטביקס 450,,,דגנים מלאים פרוטאין,גרמים,450.00,100 גרם,false,1,27.90,6.20,true,1,
5010035068352,false,פוקס-עוגיות שוקולד ציפס משוקולד חלב 180,,,פוקס-עוגיות שוקולד צ,גרמים,180.00,100 גרם,false,1,11.90,6.61,true,1,
5010035068383,false,פוקס-עוגיות שוק ציפס חצי-מצופות שוק 180ג,,,פוקס-עוגיות שוק ציפס,גרמים,180.00,100 גרם,false,1,11.90,6.61,true,1,
5010038454831,false,בירה בלו מון 330 מל בקבוק,,,בירה בלו מון 330 מל,מיליליטרים,330.00,"100 מ""ל",false,1,13.50,4.09,true,1,
5010182997253,false,"רייד מקס קוטל חרקים 400 מ""ל",,,רייד מקס קוטל חרקים,מיליליטרים,400.00,"100 מ""ל",false,1,19.40,4.85,true,1,
5010196065061,false,"וויסקי וויט אנד מקאי בלנדד 700 מ""ל",,GB,וויסקי וויט אנד מקאי,מיליליטרים,700.00,"100 מ""ל",false,1,89.90,12.84,true,1,
5010314048907,false,"וויסקי מקאלן פיין אוק 12 שנה 700 מ""ל",,,וויסקי מקלן פיין אוק,מיליליטרים,700.00,"100 מ""ל",false,1,265.00,37.86,true,1,
5010327658544,false,"בירה אינס אנד גון אוריגינל 330 מ""ל",,,בירה אינס אנד גון או,מיליליטרים,330.00,"100 מ""ל",false,1,13.90,4.21,true,1,
5010622005012,false,חוט דנטלי ללא שעווה,,,חוט דנטלי ללא שעווה,Unknown,0.00,Unknown,false,1,19.40,19.40,true,1,
5010677551281,false,"בקרדי בריזר לימון 275 מ""ל",,,בקרדי בריזר לימון,מיליליטרים,275.00,"100 מ""ל",false,1,14.50,5.27,true,1,
5010677551397,false,"בקרדי בריזר לימון ליים 275 מ""ל",,,בקרדי בריזר לימון לי,מיליליטרים,275.00,"100 מ""ל",false,1,14.50,5.27,true,1,
5010677552387,false,"בקרדי בריזר אננס 275 מ""ל",,,בקרדי בריזר אננס 275,מיליליטרים,275.00,"100 מ""ל",false,1,14.50,5.27,true,1,
5010677554398,false,"בקרדי בריזר אבטיח 275 מ""ל",,,בקרדי בריזר אבטיח,מיליליטרים,275.00,"100 מ""ל",false,1,14.50,5.27,true,1,
5010677850100,false,"וודקה גריי גוס 700 מ""ל",,FR,וודקה גריי גוס 700 מ,מיליליטרים,700.00,"100 מ""ל",false,1,109.90,15.70,true,1,
5010909006121,false,היילנד עוגיות חמאה סקוטיות משולשות 125 ג,,GB,היילנד עוגיות חמאה ס,גרמים,125.00,100 גרם,false,1,6.50,5.20,true,1,
5011013100132,false,"אייריש קרים בייליס 750 מ""ל",,,אייריש קרים בייליס 7,מיליליטרים,750.00,"100 מ""ל",false,1,88.90,11.85,true,1,
5011013500680,false,"ליקר שרידנס 700 מ""ל",,,"ליקר שרידנס 700 מ""ל",מיליליטרים,700.00,"100 מ""ל",false,1,99.90,14.27,true,1,
5011013935178,false,"בייליס  פאי תפוחים 700 מ""ל",,IE,בייליס  פאי תפוחים 7,מיליליטרים,700.00,"100 מ""ל",false,1,119.90,17.13,true,1,
5011157630281,false,"אורז בסמטי טילדה 1 ק""ג",,,אורז בסמטי טילדה 1 ק,גרמים,1000.00,100 גרם,false,1,24.90,2.49,true,1,
5011166055358,false,"בירה קראביס גינגר 330 מ""ל ללא גלוטן",,,בירה קראביס גינגר 33,מיליליטרים,330.00,"100 מ""ל",false,1,13.90,4.21,true,1,
5011308001977,false,פטקס משחת קארי טיקה 300 גרם,,,פטקס משחת קארי טיקה,גרמים,300.00,100 גרם,false,1,17.90,5.97,true,1,
5011417552247,false,"איירויק נטול גז לילך 345 מ""ל",,,איירויק נטול גז לילך,מיליליטרים,345.00,"100 מ""ל",false,1,16.90,4.90,true,1,
5013387205826,false,פרואט-חטיף ללא גלוטן שוקולד 100 גרם,,GB,פרואט-חטיף ללא גלוטן,גרמים,100.00,100 גרם,false,1,15.90,15.90,true,1,
5013414333232,false,"בירה תורנברידג קוקואה וונדרלנד 330 מ""ל",,,בירה תורנברידג קוקוא,מיליליטרים,330.00,"100 מ""ל",false,1,15.90,4.82,true,1,
5013965948428,false,משחת שיניים אורל בי פרואקספרט מנטה 75 מל,,DE,משחת שיניים אורל בי,מיליליטרים,75.00,"100 מ""ל",false,1,15.30,20.40,true,1,
5013965953354,false,"משחת שיניים אורל בי פרש 123 100 מ""ל",,BE,משחת שיניים אורל בי,Unknown,0.00,Unknown,false,1,13.20,13.20,true,1,
5013967003958,false,"וויסקי גון באר 700 מ""ל",,GB,גון באאר פיינסט 700,מיליליטרים,700.00,"100 מ""ל",false,1,77.90,11.13,true,1,
5013967015401,false,"טמנאוולין שרי פיניש סינגל מאלט 700 מ""ל",,GB,טמנאוולין שרי פיניש,מיליליטרים,700.00,"100 מ""ל",false,1,156.90,22.41,true,1,
5014201701623,false,ווסטונס אינגליש וינטג סיידר 750 מל,,,ווסטונס אינגליש וינט,מיליליטרים,750.00,"100 מ""ל",false,1,25.90,3.45,true,1,
5014201800869,false,"הנרי ווסטונס וינטג Perry (אגסים) 500 מ""",,,הנרי ווסטונס וינטג P,מיליליטרים,500.00,"100 מ""ל",false,1,19.90,3.98,true,1,
5014271350424,false,מעדן סאנט דלפור ארבע פירות 284 גר,,,מעדן סאנט דלפור ארבע,גרמים,284.00,100 גרם,false,1,19.90,7.01,true,1,
5014271370422,false,מעדן סאנט דלפור אפרסק 284 גר,,,מעדן סאנט דלפור אפרס,גרמים,284.00,100 גרם,false,1,19.90,7.01,true,1,
5014271400426,false,מעדן סאנט דלפור תות שדה 284 גר,,,מעדן סאנט דלפור תות,גרמים,284.00,100 גרם,false,1,19.90,7.01,true,1,
5014271560427,false,מעדן סאנט דלפור תפוז גינגר 284 גר,,,מעדן סאנט דלפור תפוז,גרמים,284.00,100 גרם,false,1,19.90,7.01,true,1,
5014271795980,false,מעדן סאנט דלפור אוכמניות וחמוציות 284 גר,,,מעדן סאנט דלפור אוכמ,גרמים,284.00,100 גרם,false,1,19.90,7.01,true,1,
5014379009972,false,בירה לאגר באדוויזר פחית 500 מל,,GB,בירה לאגר באדוויזר פ,מיליליטרים,500.00,"100 מ""ל",false,1,9.20,1.84,true,1,
5017375433888,false,מיליונס סוכריות לעיסה תות 85 גרם,,,מיליונס סוכריות לעיס,גרמים,85.00,100 גרם,false,1,9.50,11.18,true,1,
5017375433895,false,מיליונס סוכריות לעיסה בטעם מסטיק 85 גרם,,,מיליונס סוכריות לעיס,גרמים,85.00,100 גרם,false,1,9.50,11.18,true,1,
5018357006731,false,תערובת דגנים 40% פירות ואגוזים 560 גרם,,,תערובת דגנים 40% פיר,גרמים,560.00,100 גרם,false,1,31.50,5.63,true,1,
5018357006816,false,תערובת דגנים 30% פירות ואגוזים 620 גרם,,,תערובת דגנים 30% פיר,גרמים,620.00,100 גרם,false,1,25.90,4.18,true,1,
5018481022003,false,"וויסקי טומאטין סינגל מאלט לגאסי 700 מ""ל",,,וויסקי טומאטין סינגל,מיליליטרים,700.00,"100 מ""ל",false,1,135.90,19.41,true,1,
5020628001475,false,"תאצרס רוזה סיידר תפוחים 4%  500 מ""ל",,,תאצרס רוזה סיידר תפו,מיליליטרים,500.00,"100 מ""ל",false,1,10.90,2.18,true,1,
5023625004487,false,"בירה הובגובלין 500 מ""ל",,,בירה הובגובלין 500 מ,מיליליטרים,500.00,"100 מ""ל",false,1,17.90,3.58,true,1,
5024546366609,false,"וויסקי 700 מ""ל LAUDERS SCOTCH",,,"וויסקי 700 מ""ל LAUDE",מיליליטרים,700.00,"100 מ""ל",false,1,83.90,11.99,true,1,
5024546366630,false,וויסקי לאודרס 1 ליטר SCOTCH,,,וויסקי לאודרס 1 ליטר,מיליליטרים,1000.00,"100 מ""ל",false,1,104.90,10.49,true,1,
5029053002408,false,נ.טואלט קלינקס לבן 9 גל,,,נ.טואלט קלינקס לבן 9,מטרים,275.00,מטר,false,1,33.90,0.12,true,1,
5029053002439,false,נ.טואלט קלינקס צהוב 9 גלילים,,,נ.טואלט קלינקס צהוב,מטרים,275.00,מטר,false,1,33.90,0.12,true,1,
5029053510811,false,תחבושת קוטקס נורמל  +,,,תחבושת קוטקס נורמל,Unknown,0.00,Unknown,false,1,18.90,18.90,true,1,
5029053523446,false,תחבושת קוטקס נייט,,,תחבושת קוטקס נייט,Unknown,0.00,Unknown,false,1,18.90,18.90,true,1,
5029053578309,false,קלינקס אולטרה סופט קוביה 48 דף,,,קלינקס אולטרה סופט ק,יחידה,1.00,יחידה,false,1,7.30,7.30,true,1,
5029054220085,false,מגבוני האגיס רך נולד 4 יח,,IL,מגבוני האגיס רך נולד,Unknown,0.00,Unknown,false,1,29.90,29.90,true,1,
5030544902121,false,גבינה מעושנת DORSET RED במשקל,,,גבינה מעושנת DORSET,Unknown,0.00,"ק""ג",true,0,143.00,143.00,true,1,
5032678004870,false,"מי טוניק 200 מ""ל",,GB,"מי טוניק 200 מ""ל",מיליליטרים,200.00,"100 מ""ל",false,1,7.20,3.60,true,1,
5035766060253,false,מרפיס פחית 500 מל,,,"מרפיס פחית 500 מ""ל",מיליליטרים,500.00,"100 מ""ל",false,1,12.80,2.56,true,1,
5050083302862,false,קלוגס-דגני בוקר באסס פופס עם דבש 375 גר,,ES,קלוגס-דגני בוקר באסס,גרמים,375.00,100 גרם,false,1,20.90,5.57,true,1,
5053827110679,false,"קלוגס ""פרוט לופס"" דגני בוקר 375 גרם",,,"קלוגס ""פרוט לופס"" דג",גרמים,375.00,100 גרם,false,1,20.90,5.57,true,1,
5053827207102,false,קלוגס-דגני בוקר שוקו קריספיס 330 גר,,ES,קלוגס-דגני בוקר שוקו,גרמים,330.00,100 גרם,false,1,20.90,6.33,true,1,
5053827215862,false,קוקו פופס 500 גרם,,,קוקו פופס 500 גרם,גרמים,500.00,100 גרם,false,1,18.90,3.78,true,1,
5056357900925,false,סניקרס חטיף חלבון חמאת בוטנים 57 גרם,,NL,סניקרס חטיף חלבון חמ,גרמים,57.00,100 גרם,false,1,16.90,29.65,true,1,
5056357901427,false,אם אנד אם חטיף חלבון שוקולד 51 גרם,,NL,אם אנד אם חטיף חלבון,גרמים,51.00,100 גרם,false,1,16.90,33.14,true,1,
5056357902936,false,סניקרס לבן חטיף היי פרוטאין 57 ג,,,סניקרס לבן חטיף היי,גרמים,57.00,100 גרם,false,1,16.90,29.65,true,1,
5056357903834,false,באונטי חטיף חלבון 52 גרם,,,באונטי חטיף חלבון 52,גרמים,52.00,100 גרם,false,1,16.90,32.50,true,1,
5056357905579,false,מארס טריפל טריט 128 גרם,,IE,מארס טריפל טריט 128,גרמים,227.00,100 גרם,false,1,16.90,7.44,true,1,
5056357905616,false,באונטי טריפל טריט 128 גרם,,IE,באונטי טריפל טריט 12,גרמים,227.00,100 גרם,false,1,16.90,7.44,true,1,
5056357905630,false,גלאקסי טריפל טריט 128 גרם,,IE,גלאקסי טריפל טריט 12,גרמים,227.00,100 גרם,false,1,16.90,7.44,true,1,
5056357906323,false,אם אנד אם קריספי חלבון 52 גרם,,,אם אנד אם קריספי חלב,גרמים,52.00,100 גרם,false,1,16.90,32.50,true,1,
5060045590213,false,"וויסקי גים בים תפוח 700 מ""ל",,,וויסקי גים בים תפוח,מיליליטרים,700.00,"100 מ""ל",false,1,83.90,11.99,true,1,
5060074861513,false,היילנד קווין סינגל מאלט מגסטי 12 ש 700 מ,,,היילנד קווין סינגל מ,מיליליטרים,700.00,"100 מ""ל",false,1,149.90,21.41,true,1,
5060122036849,false,"משקה סניקרס 350 מ""ל",,GB,"משקה סניקרס 350 מ""ל",מיליליטרים,350.00,"100 מ""ל",false,1,12.90,3.69,true,1,
5060123607802,false,לונדון חליטת גינגר לימון  20 שקיקים,,,לונדון חליטת גינגר ל,Unknown,0.00,Unknown,false,1,16.90,16.90,true,1,
5060123608397,false,לונדון חליטת תפוז חדש  20 שקיקים,,,לונדון חליטת תפוז חד,Unknown,0.00,Unknown,false,1,16.90,16.90,true,1,
5060190560741,false,"בירה אינס אנד גון רום פיניש 330 מ""ל",,,בירה אינס אנד גון רו,מיליליטרים,330.00,"100 מ""ל",false,1,13.90,4.21,true,1,
5060250343741,false,עוגיות הרשיז ראונדס,,PL,עוגיות הרשיז ראונדס,Unknown,1.00,Unknown,false,1,10.90,10.90,true,1,
5060250343765,false,ריסס עוגיות קקאו במילוי חמאת בוטנים 96 ג,,,עוגיות ריסז ראונדס ב,גרמים,96.00,100 גרם,false,1,10.90,11.35,true,1,
5060255492284,false,חול חתולים  EVER CLEAN לבנדר 6 ל,,,אברקלין   6ל (סגול ),ליטרים,0.01,ליטר,false,1,59.90,5990.00,true,1,
5060309490150,false,דיאבלו סוכריות ללא סוכר קפוצינו  75 גרם,,GB,דיאבלו סוכריות ללא ס,גרמים,75.00,100 גרם,false,1,9.90,13.20,true,1,
5060323903933,false,הילפילד שעועית צ`ילי 400 גר,,,הילפילד שעועית צ`ילי,גרמים,400.00,100 גרם,false,1,7.80,1.95,true,1,
5060326870898,false,חטיף ציפס חלבון בטעם ברביקיו מתוק85 ג,,GB,חטיף ציפס חלבון בטעם,גרמים,85.00,100 גרם,false,1,9.90,11.65,true,1,
5060326870911,false,חטיף ציפס חלבון בטעם מלח ופלפל85 ג,,GB,חטיף ציפס חלבון בטעם,גרמים,85.00,100 גרם,false,1,9.90,11.65,true,1,
5060386620044,false,"בירה גאמא ריי 330 מ""ל בבירטאון",,GB,"בירה גאמא ריי 330 מ""",מיליליטרים,330.00,"100 מ""ל",false,1,19.90,6.03,true,1,
5060386620204,false,"בירה בלאדי הל 330 מ""ל בבירטאון",,GB,"בירה בלאדי הל 330 מ""",מיליליטרים,330.00,"100 מ""ל",false,1,19.90,6.03,true,1,
5060402900860,false,"משקה אם אנד אם בוטנים 350 מ""ל",,,משקה אם אנד אם בוטני,גרמים,350.00,100 גרם,false,1,12.90,3.69,true,1,
5060402902130,false,"משקה טוויקס 350 מ""ל",,GB,"משקה טוויקס 350 מ""ל",מיליליטרים,350.00,"100 מ""ל",false,1,12.90,3.69,true,1,
5060402908248,false,סניקרס חטיף חלבון 55 גרם,,NL,סניקרס חטיף חלבון 55,גרמים,55.00,100 גרם,false,1,16.90,30.73,true,1,
5060402908286,false,מארס חטיף חלבון 59 גרם,,NL,מארס חטיף חלבון 59 ג,גרמים,59.00,100 גרם,false,1,16.90,28.64,true,1,
5060462260539,false,אצבעות וופל קרם אגוזים שוקולד 45 גרם,,ES,אצבעות וופל קרם אגוז,גרמים,45.00,100 גרם,false,1,15.90,35.33,true,1,
5060462260683,false,אצבעות וופל קרם אגוזים ש. לבן 45 גרם,,ES,אצבעות וופל קרם אגוז,גרמים,45.00,100 גרם,false,1,15.90,35.33,true,1,
5060465390004,false,"בירה סקיני ללא גלוטן 330 מ""ל",,GB,בירה סקיני ללא גלוטן,מיליליטרים,330.00,"100 מ""ל",false,1,11.50,3.48,true,1,
5060517886486,false,"מונסטר אנרגי פח 500 מ""ל",,RS,מונסטר אנרגי פח 500,מיליליטרים,500.00,"100 מ""ל",false,1,6.90,1.38,true,1,
5060639128051,false,"מונסטר ULTRA פחית 500 מ""ל",,RS,מונסטר ULTRA פחית 50,מיליליטרים,500.00,"100 מ""ל",false,1,6.90,1.38,true,1,
5060639129102,false,"Mango Loco מונסטר 500 מ""ל",,,Mango Loco מונסטר 50,מיליליטרים,500.00,"100 מ""ל",false,1,6.90,1.38,true,1,
5060751218173,false,"מונסטר פייפליין פאנצ 500 מ""ל",,,מונסטר פייפליין פאנצ,מיליליטרים,500.00,"100 מ""ל",false,1,6.50,1.30,true,1,
5060751219033,false,"מונסטר אולטרה פרדייס 500 מ""ל",,,מונסטר אולטרה פרדייס,מיליליטרים,500.00,"100 מ""ל",false,1,6.50,1.30,true,1,
5060805990703,false,חברים-עוגיות רייצל עוגיות רד וולוט 150ג,,,חברים-עוגיות רייצל ע,גרמים,150.00,100 גרם,false,1,21.90,14.60,true,1,
5060805990710,false,חברים-עוגיות צ’נדלר  קרמל מלוח 150 גר,,,חברים-עוגיות צ’נדלר,גרמים,150.00,100 גרם,false,1,21.90,14.60,true,1,
5099873007143,false,"וויסקי גק דניאלס סינגל בארל ריי 700 מ""ל",,,וויסקי גק דניאלס סינ,מיליליטרים,700.00,"100 מ""ל",false,1,219.90,31.41,true,1,
5099873011720,false,"טנסי וויסקי שיפון גק דניאלס ריי 700 מ""ל",,US,טנסי וויסקי שיפון גק,מיליליטרים,700.00,"100 מ""ל",false,1,159.90,22.84,true,1,
5200100943541,false,חטיף דגנים עם פתיתי שוק מריר ללא 180 גר,,,חטיף דגנים עם פתיתי,גרמים,180.00,100 גרם,false,1,21.90,12.17,true,1,
5200100943749,false,עוגיות  משיבולת שועל במילוי חמאת בוטנים,,GR,עוגיות  משיבולת שועל,גרמים,180.00,100 גרם,false,1,11.90,6.61,true,1,
5200100943800,false,עוגיות סובין שוקולד מריר 170 גר VIOLANTA,,GR,עוגיות סובין שוקולד,גרמים,170.00,100 גרם,false,1,11.90,7.00,true,1,
5201004020338,false,קפריס רולס קלאסיק 400 גרם,,GR,גליליות וופל קפריס ר,גרמים,400.00,100 גרם,false,1,19.90,4.98,true,1,
5201043004412,false,זיתי קלמטה שחורים 200 גר,,,זיתי קלמטה שחורים 37,מיליליטרים,370.00,"100 מ""ל",false,1,16.90,4.57,true,1,
5201306800812,false,זית קלמטה 465 גר דולפין,,GR,זית קלמטה 465 גר דול,גרמים,465.00,100 גרם,false,1,26.90,5.78,true,1,
5201340003088,false,טונה מעושנת וקינואה 160 גרם,,GR,טונה מעושנת וקינואה,גרמים,160.00,100 גרם,false,1,15.90,9.94,true,1,
5201940010110,false,זיתים שחורים מזן קלמטה בפח 454  גרם,,,זיתים שחורים מזן קלמ,גרמים,454.00,100 גרם,false,1,14.90,3.28,true,1,
5202152200108,false,זיתים ירוקים שלמים במי מלח רגינה 370 גר,,GR,זיתים ירוקים שלמים ב,גרמים,370.00,100 גרם,false,1,13.90,3.76,true,1,
5202152200207,false,זיתים ירוקים מגולענים עם פפריקה רגינה370,,GR,זיתים ירוקים מגולעני,גרמים,370.00,100 גרם,false,1,15.90,4.30,true,1,
5202152213108,false,זיתים קלמנטה במי מלח רגינה 370 גר,,GR,זיתים קלמנטה במי מלח,גרמים,370.00,100 גרם,false,1,13.90,3.76,true,1,
5202175001515,false,נאצ`וס בטעם מלוח 225 גר,,,נאצ`וס בטעם מלוח 225,גרמים,225.00,100 גרם,false,1,11.40,5.07,true,1,
5202175002451,false,"טורטיה 25 ס""מ 4 יח",,,"טורטיה 25 ס""מ",Unknown,0.00,Unknown,false,1,9.40,9.40,true,1,
5202175002581,false,"טורטיה 20 ס""מ 5 יח 200 גר",,,"טורטיה 20 ס""מ 5 יח 2",גרמים,200.00,100 גרם,false,1,9.40,4.70,true,1,
5202300014496,false,"פלקס אקסטרה סטרונג 250 מ""ל",,,פלקס אקסטרה סטרונג,מיליליטרים,250.00,"100 מ""ל",false,1,34.90,13.96,true,1,
5202390014192,false,צהובה טבעונית עם זיתים 200 גר,,,צהובה טבעונית עם זית,גרמים,200.00,100 גרם,false,1,23.50,11.75,true,1,
5202390014239,false,צהובה טבעונית עם עשבי תיבול 200 גר,,,צהובה טבעונית עם עשב,גרמים,200.00,100 גרם,false,1,23.50,11.75,true,1,
5202390016325,false,צהובה טבעונית טעם מעושן 200 גר,,,צהובה טבעונית טעם מע,גרמים,200.00,100 גרם,false,1,23.90,11.95,true,1,
5208049001452,false,גולדן וירגיניה ירוק 30 גר+נייר PP,,,גולדן וירגיניה ירוק,יחידה,1.00,יחידה,false,1,69.90,69.90,true,1,
5208049001513,false,גולדן וירגיניה צהוב30 גר+נייר לגלגול יח,,,גולדן וירגיניה צהוב3,יחידה,1.00,יחידה,false,1,69.90,69.90,true,1,
5208049004781,false,פאל מאל ברי דמי סלימס חפיסה,,,פאל מאל ברי דמי סלימ,Unknown,0.00,Unknown,false,1,26.00,26.00,true,1,
5214000101369,false,"שמן זית יווני כתית מעולה 750 מ""ל Oleum",Oleum,,שמן זית יווני כתית מ,מיליליטרים,750.00,"100 מ""ל",false,1,54.90,7.32,true,1,
5391500600117,false,"בירה אוהרהס איריש סטאוט 330 מ""ל בקבוק",,IE,בירה אוהרס - אייריש,מיליליטרים,330.00,"100 מ""ל",false,1,13.90,4.21,true,1,
5391500600698,false,"בירה אוהרהס ליין פוליין 330 מ""ל בקבוק",,,בירה אוהרס ליין פולי,מיליליטרים,330.00,"100 מ""ל",false,1,13.90,4.21,true,1,
5391500602210,false,"בירה אוהרס אייריש סטאוט ניטרו  440 מ""ל",,IE,בירה אוהרס אייריש סט,מיליליטרים,440.00,"100 מ""ל",false,1,17.90,4.07,true,1,
5391500602487,false,"בירה אוהרס ווסט קוסט אי פי אי 440 מ""ל",,IE,בירה אוהרס ווסט קוסט,מיליליטרים,440.00,"100 מ""ל",false,1,17.90,4.07,true,1,
5391500602678,false,"פחית בירה דאבל א.פי.איי אוהרס  440 מ""ל",,IE,פחית בירה דאבל א.פי.,מיליליטרים,440.00,"100 מ""ל",false,1,17.90,4.07,true,1,
5391523277891,false,וויסקי אירי טילינג סמול באטש 700 מל א.שי,,,וויסקי אירי טילינג ס,מיליליטרים,700.00,"100 מ""ל",false,1,208.90,29.84,true,1,
5400265019055,false,פרלין בלגי בארוזת מתנה זהב 125 גר,,,פרלין בלגי בארוזת מת,גרמים,125.00,100 גרם,false,1,22.90,18.32,true,1,
5400265021553,false,המלט מארז 12 סוכריות סבא 170 גר,,,המלט מארז 12 סוכריות,גרמים,170.00,100 גרם,false,1,15.90,9.35,true,1,
5400265022796,false,המלט- שוקוליס דפדפי קריספי  125 גר,,,המלט- שוקוליס דפדפי,גרמים,125.00,100 גרם,false,1,16.70,13.36,true,1,
5400265022819,false,המלט- שוקוליס דפדפי אגוז קריספי  125 גר,,,המלט- שוקוליס דפדפי,גרמים,125.00,100 גרם,false,1,16.70,13.36,true,1,
5400265022826,false,המלט- שוקוליס דפדפי תפוז קריספי  125 גר,,,המלט- שוקוליס דפדפי,גרמים,125.00,100 גרם,false,1,16.70,13.36,true,1,
5400265024233,false,קופידו-פרלינים בלגים במילוי ויסקי טיצרס,,,קופידו-פרלינים בלגים,גרמים,150.00,100 גרם,false,1,17.90,11.93,true,1,
5400265024349,false,המלט מאפה מבצק עלים מסוכר 250 גר,,,המלט מאפה מבצק עלים,גרמים,250.00,100 גרם,false,1,13.50,5.40,true,1,
5400265026510,false,המלט מרשמלו 250 גר,,BE,המלט מרשמלו 250 גר,גרמים,250.00,100 גרם,false,1,12.90,5.16,true,1,
5400265030074,false,המלט -  מתנה אמאג ליין אדום 125 גרם,,,המלט -  מתנה אמאג לי,גרמים,125.00,100 גרם,false,1,22.90,18.32,true,1,
5400265032320,false,המלט-אריזת מתנה צסטרפילד שחור 125 גר,,,המלט-אריזת מתנה צסטר,גרמים,125.00,100 גרם,false,1,22.90,18.32,true,1,
5410091750909,false,פרסיל קפסולות גל לכביסה 14 יח UNIVERSAL,,,פרסיל קפסולות גל לכב,יחידה,1.00,יחידה,false,1,18.90,18.90,true,1,
5410126006087,false,ביסקוויט לוטוס קרמל 700 גרם,,,ביסקוויט לוטוס קרמל,גרמים,700.00,100 גרם,false,1,26.90,3.84,true,1,
5410126037005,false,מאגדת גלידה לוטוס 4 יח 284 גר,,BE,מאגדת גלידה לוטוס 4,Unknown,0.00,Unknown,false,1,41.90,41.90,true,1,
5410126106022,false,מארז עוגיות לוטוס 250 גר*2,,,מארז עוגיות לוטוס 25,גרמים,500.00,100 גרם,false,1,17.90,3.58,true,1,
5410126106183,false,ביסקויט לוטוס קרמל 312 גר 50 יח ארוז,,,ביסקויט לוטוס קרמל 3,גרמים,312.00,100 גרם,false,1,16.80,5.38,true,1,
5410126116953,false,ממרח עוגיות לוטוס קרמל 400 גר,,,ממרח עוגיות לוטוס קר,גרמים,400.00,100 גרם,false,1,20.90,5.23,true,1,
5410126297003,false,מארז גלידת לוטוס שוקולד לבן על מקל 284 ג,,BE,מארז גלידת לוטוס שוק,גרמים,284.00,100 גרם,false,1,41.90,14.75,true,1,
5410126666038,false,עוגיות לוטוס 279 גרם,,BE,עוגיות לוטוס 279 גרם,גרמים,279.00,100 גרם,false,1,12.90,4.62,true,1,
5410228144755,false,"בירה סטלה ארטואה שישייה בקבוק 330 מ""ל",,,שישיית סטלה ארטואה,מיליליטרים,1980.00,"100 מ""ל",false,1,29.90,1.51,true,1,
5410316983693,false,"סמירנוף אייס בודד 275 מ""ל",,,סמירנוף אייס בודד 27,מיליליטרים,275.00,"100 מ""ל",false,1,12.90,4.69,true,1,
5410358453024,false,הריבו מרשמלו אקזוטי 175 גרם,,BE,הריבו מרשמלו אקזוטי,גרמים,175.00,100 גרם,false,1,7.90,4.51,true,1,
5410358453116,false,הריבו- מרשמלו מיקס 175 גרם,,BE,הריבו- מרשמלו מיקס 1,גרמים,175.00,100 גרם,false,1,7.90,4.51,true,1,
5410481080043,false,קרלייר-נוגט פירות יער 100 גר,,BE,קרלייר-נוגט פירות יע,גרמים,100.00,100 גרם,false,1,15.60,15.60,true,1,
5410481080050,false,קרלייר-נוגט קפה 100 גר,,BE,קרלייר-נוגט קפה 100,גרמים,100.00,100 גרם,false,1,15.60,15.60,true,1,
5410481080166,false,קרלייר-נוגט וניל עם שקדים 100 גר,,BE,קרלייר-נוגט וניל עם,גרמים,100.00,100 גרם,false,1,15.60,15.60,true,1,
5410601598014,false,רד בנד טו גו גומי מסוכרים מנטה 200 גרם,,,רד בנד טו גו גומי מס,גרמים,200.00,100 גרם,false,1,9.90,4.95,true,1,
5410601598038,false,רד בנד טו גו מיקס גומי פירות 200 גרם,,,רד בנד טו גו מיקס גו,גרמים,200.00,100 גרם,false,1,9.90,4.95,true,1,
5410769100098,false,"בקבוק לה שוף 750 מ""ל בקבוק",,,"בקבוק לה שוף 750 מ""ל",מיליליטרים,750.00,"100 מ""ל",false,1,29.90,3.99,true,1,
5410769200088,false,"בירה מק שוף 330 מ""ל בקבוק",,,"בירה מק שוף 330 מ""ל",מיליליטרים,330.00,"100 מ""ל",false,1,14.90,4.52,true,1,
5410976826019,false,שוקולד מריר 72% 100 גר גיליאן,,BE,שוקולד מריר 72% 100,גרמים,100.00,100 גרם,false,1,16.90,16.90,true,1,
5411081003661,false,"בירה קסטיל רוז 750 מ""ל",,,בירה קסטיל רוז 750 מ,מיליליטרים,750.00,"100 מ""ל",false,1,36.90,4.92,true,1,
5411081008420,false,"בירה בירה שושנע קסטיל 330 מ""ל",,,בירה בירה שושנע קסטי,מיליליטרים,330.00,"100 מ""ל",false,1,12.20,3.70,true,1,
5411081008628,false,"בירה קסטיל רוז נייטרו 300 מ""ל",,,בירה קסטיל רוז נייטר,מיליליטרים,330.00,"100 מ""ל",false,1,15.90,4.82,true,1,
5411081008680,false,"בירה קסטיל קוואד נייטרו 300 מ""ל",,,בירה קסטיל קוואד ניי,מיליליטרים,330.00,"100 מ""ל",false,1,15.90,4.82,true,1,
5411188081852,false,אלפרו סויה בטעם וניל 1 ליטר,,,אלפרו סויה בטעם וניל,מיליליטרים,1000.00,"100 מ""ל",false,1,15.90,1.59,true,1,
5411188106159,false,אלפרו סויה לייט מופחת שומן 1.2% 1 ליטר,,,אלפרו סויה לייט מופח,מיליליטרים,1000.00,"100 מ""ל",false,1,13.90,1.39,true,1,
5411188110835,false,אלפרו משקה שקדים 1 ליטר,,,אלפרו משקה שקדים 1 ל,מיליליטרים,1000.00,"100 מ""ל",false,1,13.90,1.39,true,1,
5411188112709,false,אלפרו משקה שקדים ללא סוכר 1 ליטר,,,אלפרו משקה שקדים ללא,מיליליטרים,1000.00,"100 מ""ל",false,1,13.90,1.39,true,1,
5411188115434,false,אלפרו משקה בריסטה סויה 1ל,,BE,אלפרו משקה בריסטה סו,מיליליטרים,1000.00,"100 מ""ל",false,1,15.90,1.59,true,1,
5411188115472,false,אלפרו משקה סויה 1 ליטר,,BE,אלפרו משקה סויה 1 לי,מיליליטרים,1000.00,"100 מ""ל",false,1,13.90,1.39,true,1,
5411188120742,false,אלפרו משקה שקדים בטעם וניל 1 ליטר,,,אלפרו משקה שקדים בטע,מיליליטרים,1000.00,"100 מ""ל",false,1,13.90,1.39,true,1,
5411188121923,false,"שלישיות סויה סידן 750 מ""ל",,,שלישיות אלפרו סויה ב,מיליליטרים,750.00,"100 מ""ל",false,1,15.90,2.12,true,1,
5411188121978,false,"שלישיות סויה סידן 750 מ""ל",,,שלישיות אלפרו סויה ש,מיליליטרים,750.00,"100 מ""ל",false,1,15.90,2.12,true,1,
5411188122586,false,"אלפרו משקה שקדים 250 מ""ל",,,אלפרו משקה שקדים 250,מיליליטרים,250.00,"100 מ""ל",false,1,6.30,2.52,true,1,
5411188122661,false,אלפרו משקה שקדים לא קלוים לא סוכר 1 ליטר,,,אלפרו משקה שקדים לא,מיליליטרים,1000.00,"100 מ""ל",false,1,13.90,1.39,true,1,
5411188124726,false,אלפרו משקה שיבולת שועל שקדים 1 ליטר,,,אלפרו משקה שיבולת שו,מיליליטרים,1000.00,"100 מ""ל",false,1,13.90,1.39,true,1,
5411188126195,false,אלפרו משקה שקדים אורגני 1 ליטר,,BE,אלפרו משקה שקדים,מיליליטרים,1000.00,"100 מ""ל",false,1,13.90,1.39,true,1,
5411188127697,false,אלפרו בריסטה משקה שיבולת שועל 1 ליטר,,BE,אלפרו בריסטה משקה שי,מיליליטרים,1000.00,"100 מ""ל",false,1,13.90,1.39,true,1,
5411188129899,false,אלפרו בריסטה משקה שקדים 1 ליטר,,BE,אלפרו בריסטה משקה שק,מיליליטרים,1000.00,"100 מ""ל",false,1,13.90,1.39,true,1,
5411188543398,false,אלפרו משקה סויה ללא סוכר 1 ליטר,,BE,אלפרו משקה סויה ללא,מיליליטרים,1000.00,"100 מ""ל",false,1,13.90,1.39,true,1,
5411223100463,false,"בירה לינדמנס קריק דובדבנים 250 מ""ל",,,בירה לינדמנס קריק דו,מיליליטרים,250.00,"100 מ""ל",false,1,14.90,5.96,true,1,
5411616002190,false,"בירה STRONG מרטינס  8.5% כהל 500 מ""ל",,,בירה STRONG מרטינס,מיליליטרים,500.00,"100 מ""ל",false,1,8.20,1.64,true,1,
5411616133245,false,"בירה מרטנס 500 מ""ל-פחית",,,"בירה מרטנס 500 מ""ל-פ",מיליליטרים,500.00,"100 מ""ל",false,1,7.20,1.44,true,1,
5411676100928,false,"בירת ברבר רוז 330 מ""ל",,BE,"בירת ברבר רוז 330 מ""",מיליליטרים,330.00,"100 מ""ל",false,1,16.50,5.00,true,1,
5411681038001,false,בירה מרדסו טריפל 330 מל,,,בירה מרדסו טריפל 330,מיליליטרים,330.00,"100 מ""ל",false,1,15.90,4.82,true,1,
5411681038070,false,בירה מרדסו טריפל 750 מל,,,בירה מרדסו טריפל 750,מיליליטרים,750.00,"100 מ""ל",false,1,29.90,3.99,true,1,
5412186000043,false,"בירה דליריום טרמנס בהירה 750 מ""ל",,BE,בירה דליריום טרמנס ח,מיליליטרים,750.00,"100 מ""ל",false,1,34.90,4.65,true,1,
5412186000135,false,"בירה גיליוטינה בהיר 330 מ""ל",,BE,בירה גיליוטינה בהיר,מיליליטרים,330.00,"100 מ""ל",false,1,14.90,4.52,true,1,
5412186002436,false,בירה דליריאום רד בטעמי פירות 8.0% 330 מל,,BE,בירה דילריום רד - בק,מיליליטרים,330.00,"100 מ""ל",false,1,14.90,4.52,true,1,
5412186003495,false,בירה דליריאום רד בטעמי פירות 8.0% 750 מל,,BE,בירה דליריאום רד בטע,מיליליטרים,750.00,"100 מ""ל",false,1,34.90,4.65,true,1,
5412186003594,false,בירה דליריאום  אמבר  7% 330 מל Argentum,,BE,בירה דליריאום  אמבר,מיליליטרים,330.00,"100 מ""ל",false,1,14.90,4.52,true,1,
5412514999919,false,פוקו-לוקו סלסה מקסיקנית 325 גרם,,,פוקו-לוקו סלסה מקסיק,גרמים,325.00,100 גרם,false,1,27.90,8.58,true,1,
5412514999933,false,פוקו לוקו -סלסה חריפה 325 גרם,,,פוקו לוקו -סלסה חריפ,מיליליטרים,325.00,"100 מ""ל",false,1,27.90,8.58,true,1,
5412956213482,false,שוקולד חלב קאשט אורגני שברי קרמל ומלח100,KIMS,BE,שוקולד חלב קאשט אורג,גרמים,100.00,100 גרם,false,1,11.90,11.90,true,1,
5412956214540,false,שוקולד מריר עם גינגר ואוכמניות 100 גרם,,BE,שוקולד מריר עם גינגר,גרמים,100.00,100 גרם,false,1,10.50,10.50,true,1,
5412956214649,false,שוקולד מריר 85% קקאו 100 גרם,,BE,שוקולד מריר 85% קקאו,גרמים,100.00,100 גרם,false,1,10.50,10.50,true,1,
5412956214670,false,שוקולד מריר 70% קקאו 100 גרם,,BE,שוקולד מריר 70% קקאו,גרמים,100.00,100 גרם,false,1,10.50,10.50,true,1,
5412956221173,false,שוקולד קאשט מריר 70% קקאו 180 גר,KIMS,BE,שוקולד מריר קאשט 70%,גרמים,180.00,100 גרם,false,1,12.90,7.17,true,1,
5412956221197,false,שוקולד קאשט חלב שברי בייגלה ובראוניז180ג,KIMS,BE,שוקולד חלב קאשט שברי,גרמים,180.00,100 גרם,false,1,12.90,7.17,true,1,
5412956221203,false,שוקולד חלב קאשט שברי קרמל ומלח ים 180 גר,KIMS,BE,שוקולד חלב קאשט שברי,גרמים,180.00,100 גרם,false,1,12.90,7.17,true,1,
5413121355075,false,שוקולד בלגי מריר עם תפוז פרסטיז 100 גרם,,,שוקולד בלגי מריר עם,גרמים,100.00,100 גרם,false,1,13.50,13.50,true,1,
5413121355099,false,שוקולד בלגי מריר קפה פרסטיז 100 גרם,,,שוקולד בלגי מריר קפה,גרמים,100.00,100 גרם,false,1,13.50,13.50,true,1,
5413121356737,false,"BCG שוקולד מריר ללת""ס 100 גר",,,"BCG שוקולד מריר ללת""",גרמים,100.00,100 גרם,false,1,17.50,17.50,true,1,
5413121356829,false,שוקולד חלב 100 גר ללתס,,,שוקולד חלב 100 גר,גרמים,100.00,100 גרם,false,1,17.50,17.50,true,1,
5413121358694,false,שוקולד בלגי מריר משובח 85%פרסטיז 100 גרם,,,שוקולד בלגי מריר משו,גרמים,100.00,100 גרם,false,1,13.50,13.50,true,1,
5413121364121,false,בלג`יאן טראפלס קקאו 150 גר,,BE,בלג`יאן טראפלס קקאו,גרמים,150.00,100 גרם,false,1,11.90,7.93,true,1,
5413121365616,false,שוקולד בלגי מריר  90% בלגיאן 100 גרם,,,שוקולד בלגי מריר  90,גרמים,100.00,100 גרם,false,1,13.50,13.50,true,1,
5413121388905,false,בלגיאן-טראפלס אגוז חג שמח 150 גרם,,BE,בלגיאן-טראפלס אגוז ח,גרמים,150.00,100 גרם,false,1,11.90,7.93,true,1,
5413202810141,false,בונ פרלינים בלגיים 400 גר DELAFAILLE,,,בונ פרלינים בלגיים 4,גרמים,400.00,100 גרם,false,1,56.90,14.23,true,1,
5413216990242,false,צדפי שוקולד ממולאים קרם אגוז 250 גר,,,צדפי שוקולד ממולאים,גרמים,250.00,100 גרם,false,1,19.90,7.96,true,1,
5413548040479,false,בונבוניירה רפאלו 240 גר,,,בונבוניירה רפאלו 240,גרמים,240.00,100 גרם,false,1,26.50,11.04,true,1,
5414145035622,false,וויסקי בורבון קנטקי גק 1 ליטר,,,וויסקי בורבון קנטקי,מיליליטרים,1000.00,"100 מ""ל",false,1,124.90,12.49,true,1,
5414145036919,false,ליקר קנטקי גק דבש עם וויסקי בורבון 700 מ,,,ליקר קנטקי גק דבש עם,מיליליטרים,700.00,"100 מ""ל",false,1,80.90,11.56,true,1,
5420066330203,false,ביאנקה טרופל קקאו באריזת זהב 175 גר,,,ביאנקה טרופל קקאו בא,גרמים,175.00,100 גרם,false,1,14.60,8.34,true,1,
5420066330210,false,ביאנקה טרופל קקאו באריזת כסף 175 גר,,,ביאנקה טרופל קקאו בא,גרמים,175.00,100 גרם,false,1,14.60,8.34,true,1,
5420066370001,false,טראפל בלגי קרמל 150 גרם,,,טראפל בלגי קרמל 150,גרמים,150.00,100 גרם,false,1,10.90,7.27,true,1,
5420066370025,false,טראפל בלגי קפה 150 גרם,,,טראפל בלגי קפה 150 ג,גרמים,150.00,100 גרם,false,1,10.90,7.27,true,1,
5420066370032,false,טראפל בלגי מריר 150 גרם,,,טראפל בלגי מריר 150,גרמים,150.00,100 גרם,false,1,10.90,7.27,true,1,
5420066370049,false,טראפל בלגי תפוז  150 גרם,,,טראפל בלגי תפוז  150,גרמים,150.00,100 גרם,false,1,10.90,7.27,true,1,
5420066370384,false,טראפל בלגי אגוזים 150 גרם,,,טראפל בלגי אגוזים 15,גרמים,150.00,100 גרם,false,1,10.90,7.27,true,1,
5600395034816,false,פילה טונה צהובה בשמן זית 190 גרם,,PT,פילה טונה צהובה בשמן,גרמים,190.00,100 גרם,false,1,23.90,12.58,true,1,
5600787049213,false,"משקה אורגני ע""ב קמבוצה ותה ירוק עם 400",,PT,"משקה אורגני ע""ב קמבו",מיליליטרים,400.00,"100 מ""ל",false,1,20.90,5.23,true,1,
5601008200444,false,עוגיות טבעת מצופה שוק. חלב 150 גר גודיס,,,עוגיות טבעת מצופה שו,גרמים,150.00,100 גרם,false,1,10.80,7.20,true,1,
5601008200451,false,עוגיות טבעת מצופה שוק. מריר 150 גר גודיס,,,עוגיות טבעת מצופה שו,גרמים,150.00,100 גרם,false,1,10.80,7.20,true,1,
5601012021509,false,"יין מטאוס לבן פורטוגל 750 מ""ל",,,יין מטאוס לבן פורטוג,Unknown,0.00,Unknown,false,1,41.90,41.90,true,1,
5601012837636,false,"יין סילק אנד ספייס אדום 750 מ""ל",,,יין סילק אנד ספייס א,Unknown,0.00,Unknown,false,1,62.90,62.90,true,1,
5601045300022,false,משקה גוארנה  אנטרטיקה פחית 355 מל,,,משקה גוארנה  אנטרטיק,מיליליטרים,356.00,"100 מ""ל",false,1,6.90,1.94,true,1,
5601055005375,false,שלישייה עדשי שוקולד פינטרולס 66 גרם,פינטרולס,PT,שלישייה עדשי שוקולד,גרמים,66.00,100 גרם,false,1,9.40,14.24,true,1,
5601996023780,false,"יין פורטה 6 רוזה 750 מ""ל",,PT,יין פורטה 6 רוזה 750,Unknown,0.00,Unknown,false,1,49.90,49.90,true,1,
5601996355485,false,"יין פורטה 6 לבן 750 מ""ל",,PT,יין פורטה 6 לבן 750,Unknown,0.00,Unknown,false,1,49.90,49.90,true,1,
5601996669872,false,"יין פורטה 6 וינו ורדה 750 מ""ל",,PT,יין פורטה 6 וינו ורד,Unknown,0.00,Unknown,false,1,49.90,49.90,true,1,
5701215042391,false,קממברט 125 גרם,,,קממבר 125 גרם,גרמים,125.00,100 גרם,false,1,17.90,14.32,true,1,
5701215042407,false,ברי 125 גרם,,,ברי 125 גרם,גרמים,125.00,100 גרם,false,1,21.90,17.52,true,1,
5701932026964,false,הוט פופ מלוח 600 גרם,,,הוטפופ מלוח 600 גרם,גרמים,600.00,100 גרם,false,1,14.90,2.48,true,1,
5701932026971,false,הוטפופ חמאה 600 גרם,,,הוטפופ חמאה 600 גרם,גרמים,600.00,100 גרם,false,1,14.90,2.48,true,1,
5701932026995,false,פופקורן הוט פופ טבעי לייט 510 ג,,,פופקורן הופ פופ טבעי,גרמים,510.00,100 גרם,false,1,14.90,2.92,true,1,
5709120175852,false,ברי צרפתי 500 גרם,,FR,ברי צרפתי 500 גרם,גרמים,500.00,100 גרם,false,1,49.50,9.90,true,1,
5740900403215,false,ממרח לורפק עם מלח 250 גר,,DK,ממרח לורפק עם מלח 25,גרמים,250.00,100 גרם,false,1,16.90,6.76,true,1,
5740900403239,false,ממרח לורפק ללא מלח 250 גר,,DK,ממרח לורפק ללא מלח 2,גרמים,250.00,100 גרם,false,1,16.90,6.76,true,1,
5774540133904,false,אנטון ברג-מיני טאבלטס מיקס 100 גר,,,אנטון ברג-מיני טאבלט,גרמים,100.00,100 גרם,false,1,24.90,24.90,true,1,
5774540870007,false,אנטון ברג-בקבוקוני שוקולד עם ליקרים 62גר,,,אנטון ברג-בקבוקוני ש,גרמים,62.00,100 גרם,false,1,21.90,35.32,true,1,
5774540924502,false,מרציפן מצופה שוקולד מריר 75 גר אנטון ברג,,,מרציפן מצופה שוקולד,גרמים,75.00,100 גרם,false,1,13.50,18.00,true,1,
5774540984056,false,אנטון ברג-מרציפן תות שדה ושמפניה 220 גר,,,אנטון ברג-מרציפן תות,גרמים,220.00,100 גרם,false,1,41.90,19.05,true,1,
5774540984155,false,אנטון ברג-מרציפן אוכמניות בוודקה  220 גר,,,אנטון ברג-מרציפן אוכ,גרמים,220.00,100 גרם,false,1,41.90,19.05,true,1,
5774540990057,false,אנטון ברג-מרציפן אוכמניות בוודקה  220 גר,,,אנטון ברג-מרציפן אוכ,גרמים,220.00,100 גרם,false,1,41.90,19.05,true,1,
5900020012814,false,דגנים נסקוויק מלחמת הכוכבים 500 גרם,,,דגנים נסקוויק 500 גר,גרמים,375.00,100 גרם,false,1,25.50,6.80,true,1,
5900020015174,false,פיטנס חטיף דגנים שוקולד 141 גרם,,,פיטנס חטיף דגנים שוק,גרמים,141.00,100 גרם,false,1,18.80,13.33,true,1,
5900020024817,false,פיטנס בר דליס שוקולד לבן 6*22.5 גרם,,,פיטנס בר דליס שוקולד,גרמים,135.00,100 גרם,false,1,18.80,13.93,true,1,
5900020026552,false,האני נאט ציריוס מלחמת הכוכבים 625 גרם,,,האני נאט ציריוס מלחמ,גרמים,625.00,100 גרם,false,1,25.90,4.14,true,1,
5900020031877,false,מארז חטיף דגנים צריוס האני 6 *22 גרם,,,מארז חטיף דגנים צריו,גרמים,132.00,100 גרם,false,1,16.90,12.80,true,1,
5900020033314,false,ליון חטיף דגנים 150 גרם,,PL,ליון חטיף דגנים 150,גרמים,150.00,100 גרם,false,1,16.90,11.27,true,1,
5900020034021,false,פיטנס בר דליס שוקולד בננה  8*23.5 גרם,,PL,פיטנס בר דליס שוקולד,גרמים,188.00,100 גרם,false,1,18.80,10.00,true,1,
5900020036407,false,דגני בוקר שוקולד וקרמל ליון 480 גרם,,FR,דגני בוקר שוקולד וקר,גרמים,480.00,100 גרם,false,1,25.90,5.40,true,1,
5900020037916,false,צריוס שיבולת שועל 375 גרם,,FR,צריוס שיבולת שועל 37,גרמים,375.00,100 גרם,false,1,19.40,5.17,true,1,
5900020039590,false,פיטנס חטיף דגנים קלאסי פרווה 6*23.5ג,,PL,פיטנס חטיף דגנים קלא,גרמים,141.00,100 גרם,false,1,18.80,13.33,true,1,
5900020039620,false,פיטנס חטיף דגנים שקדים ודבש פרווה 6*23ג,,PL,פיטנס חטיף דגנים שקד,גרמים,140.00,100 גרם,false,1,18.80,13.43,true,1,
5900073020071,false,חטיפי תפוא בט.בייקון מעושן פרזיסנקי135גר,,,חטיפי תפוא בט.בייקון,גרמים,135.00,100 גרם,false,1,14.90,11.04,true,1,
5900073020088,false,חטיפי תפוא בטעם גבינה ובצל פרזיסנקי 135ג,,,חטיפי תפוא בטעם גבינ,גרמים,135.00,100 גרם,false,1,14.90,11.04,true,1,
5900073180935,false,חטיפי תפוא בטעם חמאה פרזיסנקי 135 גר,,,חטיפי תפוא בטעם חמאה,גרמים,135.00,100 גרם,false,1,14.90,11.04,true,1,
5900073180959,false,חטיפי תפוא בטעם שמנת ובצל פרזיסנקי 135גר,,,חטיפי תפוא בטעם שמנת,גרמים,135.00,100 גרם,false,1,14.90,11.04,true,1,
5900130034171,false,גלידה מילקה יוגורט תות 4 יח 284 גרם,,,גלידה מילקה יוגורט ת,גרמים,284.00,100 גרם,false,1,34.90,12.29,true,1,
5900238584349,false,לשנות חתול 100 גרם,,PL,ברון שוקולד לשונות ח,גרמים,100.00,100 גרם,false,1,9.90,9.90,true,1,
5900343005296,false,"וודקה זוברובקה 700 מ""ל",,,וודקה זוברובקה 700 מ,מיליליטרים,700.00,"100 מ""ל",false,1,88.90,12.70,true,1,
5900353646755,false,שקית סליווקה שזיפים בשוקולד מריר 255 ג,,,שקית סליווקה שזיפים,גרמים,255.00,100 גרם,false,1,18.90,7.41,true,1,
5900396016157,false,חליטת ורד הבר ותפוח פירמידה 40 גרם LOYD,,PL,חליטת ורד הבר ותפוח,גרמים,40.00,100 גרם,false,1,10.90,27.25,true,1,
5900396016188,false,תה ירוק לימון פירמידה 40 גרם LOYD,,PL,תה ירוק לימון פירמיד,גרמים,40.00,100 גרם,false,1,10.90,27.25,true,1,
5900396020864,false,חליטת מאטה מנדרין פירמידה 40 גר LOYD,,,חליטת מאטה מנדרין פי,Unknown,0.00,Unknown,false,1,10.90,10.90,true,1,
5900649056701,false,מלבין לקפה 400 גרם LOYD,,,LOYD מלבין לקפה 400,גרמים,400.00,100 גרם,false,1,16.60,4.15,true,1,
5900820014230,false,גבינה נורווסקי סלמון 150 גר,,,גבינה נורווסקי סלמון,גרמים,150.00,100 גרם,false,1,14.90,9.93,true,1,
5901008990100,false,פרוסות מלפפון ופלפל 850 גר POLAN,,PL,פרוסות מלפפון ופלפל,גרמים,850.00,100 גרם,false,1,14.90,1.75,true,1,
5901008990155,false,עגבניות ירוקות-פלפל 840 גר Polan,,PL,עגבניות ירוקות פלפל,גרמים,840.00,100 גרם,false,1,13.50,1.61,true,1,
5901008990292,false,סלט כרוב וגזר כבוש 900 גרם Polan,,PL,סלט כרוב וגזר כבוש 9,גרמים,900.00,100 גרם,false,1,15.90,1.77,true,1,
5901008990322,false,שימורי פטיסונים מוחמצים 860 גר POLAN,,,שימורי פטיסונים מוחמ,גרמים,860.00,100 גרם,false,1,21.90,2.55,true,1,
5901008990339,false,פרוסות מלפפונים מוחמצים 660 גר POLAN,,,פרוסות מלפפונים מוחמ,גרמים,660.00,100 גרם,false,1,15.30,2.32,true,1,
5901008990407,false,שימורי מלפפונים מוחמצים 860 גר POLAN,,,שימורי מלפפונים מוחמ,גרמים,860.00,100 גרם,false,1,19.90,2.31,true,1,
5901008990421,false,שימורי עגבניות שרי כבושות 880 גר POLAN,,PL,שימורי עגבניות שרי כ,גרמים,880.00,100 גרם,false,1,19.90,2.26,true,1,
5901008990445,false,ריבועי פלפל אדום 680 גר POLAN,,,ריבועי פלפל אדום 680,גרמים,680.00,100 גרם,false,1,16.90,2.49,true,1,
5901008990452,false,כרוב כבוש 900 גר POLAN,,,כרוב כבוש 900 גר POL,גרמים,900.00,100 גרם,false,1,16.90,1.88,true,1,
5901008990599,false,מלפפונים קורנישונים מוחמצים 860 גר POLAN,,,מלפפונים קורנישונים,גרמים,860.00,100 גרם,false,1,21.90,2.55,true,1,
5901046990315,false,חזרת אדומה 180 גר POLAN,,,חזרת אדומה 180 גר PO,גרמים,180.00,100 גרם,false,1,10.90,6.06,true,1,
5901064000331,false,"שיכר דובדבנים 750 מ""ל NALEWKA BABUNI",,,"שיכר דובדבנים 750 מ""",מיליליטרים,750.00,"100 מ""ל",false,1,30.90,4.12,true,1,
5901177153597,false,סרגל שרי פאשן 98 גר VOBRO,,,סרגל שרי פאשן 98 גר,גרמים,98.00,100 גרם,false,1,15.90,16.22,true,1,
5901330014161,false,"חטיף ע""ב חלבונים פירות יער 60 גרם",,,"חטיף ע""ב חלבונים פיר",גרמים,60.00,100 גרם,false,1,16.00,26.67,true,1,
5901414200411,false,ביסקוויט מיניס ממולא שוקולד היט 130 גר,,,ביסקוויט מיניס ממולא,גרמים,130.00,100 גרם,false,1,8.90,6.85,true,1,
5901677000926,false,ברון שוקולד מריר מנטה 100 גרם,,PL,ברון שוקולד מריר מנט,גרמים,100.00,100 גרם,false,1,9.90,9.90,true,1,
5902198160403,false,"XL TEN משקה אנרגיה ללא סוכר 250 מ""ל",,,XL TEN משקה אנרגיה,מיליליטרים,250.00,"100 מ""ל",false,1,4.90,1.96,true,1,
5902377000629,false,ממרח על בסיס גבינה מותכת פטריות 100 גר,,,ממרח על בסיס גבינה מ,גרמים,100.00,100 גרם,false,1,5.90,5.90,true,1,
5902377000643,false,ממרח על בסיס גבינה מותכת אמנטל 100 גר,",                    ,",PL,ממרח על בסיס גבינה מ,גרמים,100.00,100 גרם,false,1,5.90,5.90,true,1,
5902377000650,false,ממרח על בסיס גבינה מותכת סלמון 100 גר,,,ממרח על בסיס גבינה מ,גרמים,100.00,100 גרם,false,1,5.90,5.90,true,1,
5902510274146,false,ממרח סלמון עם שום 100 גר,,PL,ממרח סלמון עם שום 10,גרמים,100.00,100 גרם,false,1,4.90,4.90,true,1,
5902510274153,false,ממרח סלמון קלאסי 100 גר,,PL,ממרח סלמון קלאסי 100,גרמים,100.00,100 גרם,false,1,4.90,4.90,true,1,
5902510275310,false,ממרח כבד אווז ופטריות 130 גר GURMANOFF,,,ממרח כבד אווז ופטריו,גרמים,130.00,100 גרם,false,1,5.90,4.54,true,1,
5902510275327,false,ממרח בטעם כבד אווז ופטריות 300 גרם PASHT,,,ממרח בטעם כבד אווז ו,גרמים,300.00,100 גרם,false,1,10.90,3.63,true,1,
5902510275341,false,ממרח בטעם כבד אווז דליקטס 300 ג,,PL,ממרח בטעם כבד אווז ד,גרמים,300.00,100 גרם,false,1,10.90,3.63,true,1,
5902510275365,false,"ממרח בטעם כבד ברווז ""צרפתי"" 300 גרם",,PL,ממרח בטעם כבד ברווז,גרמים,300.00,100 גרם,false,1,10.90,3.63,true,1,
5902510275389,false,"ממרח בטעם כבד ברווז ""צרפתי"" 300 גרם PASH",,,ממרח בטעם כבד ברווז,גרמים,300.00,100 גרם,false,1,10.90,3.63,true,1,
5902510275396,false,ממרח בטעם כבד עוף עדין 130 גר GURMANOFF,,,ממרח בטעם כבד עוף עד,גרמים,130.00,100 גרם,false,1,5.90,4.54,true,1,
5902768879025,false,כבד דג שיבוט במיץ טבעי 230 גר ROYAL FISH,,LT,כבד דג שיבוט במיץ טב,גרמים,230.00,100 גרם,false,1,16.70,7.26,true,1,
5902808786672,false,"טורטילאב-דפי טורטייה 20 ס""מ 320 גרם",,PL,טורטילאב-דפי טורטייה,גרמים,320.00,100 גרם,false,1,10.90,3.41,true,1,
5903228101250,false,גונץ-מרשמלו פפה שוקו וניל מצופה 190 גר,,,גונץ-מרשמלו פפה שוקו,גרמים,190.00,100 גרם,false,1,19.90,10.47,true,1,
5904358560122,false,ברון שוקולד מריר בתוספת מלח ים 100 גרם,,PL,ברון שוקולד מריר בתו,גרמים,100.00,100 גרם,false,1,9.90,9.90,true,1,
5904603190302,false,סלט כרוב  כבוש  850 גר  *DWOREK*,,,סלט כרוב  כבוש  850,גרמים,850.00,100 גרם,false,1,11.90,1.40,true,1,
5904603191323,false,מלפפונים כבושים 850 גר DWOREK,,,מלפפונים כבושים 850,גרמים,850.00,100 גרם,false,1,13.50,1.59,true,1,
5904603192054,false,מלפפונים בחומץ ברוטב חרדל 700 גר,,,מלפפונים בחומץ ברוטב,גרמים,700.00,100 גרם,false,1,13.90,1.99,true,1,
5906485301012,false,"משקה אנרגיה XL פחית 250 מ""ל",,,משקה אנרגיה XL פחית,מיליליטרים,250.00,"100 מ""ל",false,1,4.90,1.96,true,1,
5907443601991,false,ברון סוויט אובסשן 250 גרם,,PL,ברון סוויט אובסשן 25,גרמים,250.00,100 גרם,false,1,19.90,7.96,true,1,
5907443604275,false,ברון אצבעות ש.מריר מרציפן ופיסטוק 200 גר,,PL,ברון אצבעות ש.מריר מ,גרמים,100.00,100 גרם,false,1,12.90,12.90,true,1,
5907623350404,false,כבד דג שיבות 240 גרם,,,כבד דג שיבות 240 גרם,גרמים,240.00,100 גרם,false,1,18.80,7.83,true,1,
5941021000899,false,טבלת היידי גראנדור מריר אגוז 100ג,,,היידי מריר אגוז 100ג,גרמים,100.00,100 גרם,false,1,10.40,10.40,true,1,
5941021001247,false,טבלת היידי גראנדור קפה 80 גר,,,טבלת היידי גראנדור,Unknown,0.00,Unknown,false,1,9.90,9.90,true,1,
5941021001254,false,טבלת היידי גראנדור תפוז 80 גר,,,טבלת היידי גראנדור ת,גרמים,80.00,100 גרם,false,1,9.90,12.38,true,1,
5941021001261,false,שוקולד היידי 75% 80 גר,,RO,שוקולד היידי 75% 80,גרמים,80.00,100 גרם,false,1,10.80,13.50,true,1,
5941021001674,false,היידי 85% 80ג,,,היידי 85% 80ג,Unknown,0.00,Unknown,false,1,10.80,10.80,true,1,
5941021005122,false,היידי חמוציות 80ג,,,היידי חמוציות 80ג,גרמים,80.00,100 גרם,false,1,10.80,13.50,true,1,
5941021007577,false,טבלת היידי גראנדור פיסטוק  80 גר,היידי שוקולד,,טבלת היידי גראנדור פ,Unknown,0.00,Unknown,false,1,9.90,9.90,true,1,
5941021008208,false,טבלת היידי גראנדור מלח שחור 80 גר,,RO,טבלת היידי גראנדור מ,גרמים,80.00,100 גרם,false,1,9.90,12.38,true,1,
5941021008673,false,טבלת היידי גראנדור לבן שקד פיסטוק 100 גר,היידי שוקולד,,טבלת היידי גראנדור ל,גרמים,100.00,100 גרם,false,1,10.40,10.40,true,1,
5941021011147,false,טבלת היידי גראנדור פלורנטין מריר 100 גר,,,טבלת היידי גראנדור פ,גרמים,100.00,100 גרם,false,1,10.40,10.40,true,1,
5941021014483,false,טבלת היידי גראנדור פלורנטין לבן 100 גר,,RO,טבלת היידי גראנדור פ,גרמים,100.00,100 גרם,false,1,10.40,10.40,true,1,
5941021015596,false,טבלת היידי שוקולד מריר אוכמניות 80 גר,,PL,טבלת היידי שוקולד מר,גרמים,80.00,100 גרם,false,1,9.90,12.38,true,1,
5941021016401,false,טבלת היידי גראנדור מריר שקד 100 גר,,PL,טבלת היידי גראנדור מ,גרמים,100.00,100 גרם,false,1,10.40,10.40,true,1,
5941850163024,false,רולדה במילוי קרם בטעם וניל 175 גר,,RO,רול ממולא קרם וניל א,גרמים,350.00,100 גרם,false,1,15.90,4.54,true,1,
5941868202852,false,חטיף תירס גבינה 80 ג,,RO,חטיף תירס גבינה 80 ג,Unknown,1.00,Unknown,false,1,8.90,8.90,true,1,
5941868202876,false,חטיף תירס בצל ושמנת,,RO,חטיף תירס בצל ושמנת,Unknown,1.00,Unknown,false,1,8.90,8.90,true,1,
5941868204917,false,חטיף תירס גבינה טבעו,,RO,חטיף תירס גבינה טבעו,Unknown,1.00,Unknown,false,1,7.90,7.90,true,1,
5941868204924,false,חטיף תירס בצל טבעות,,RO,חטיף תירס בצל טבעות,Unknown,1.00,Unknown,false,1,7.90,7.90,true,1,
5941868204931,false,חטיף תירס פיצה טבעות,,RO,חטיף תירס פיצה טבעות,Unknown,1.00,Unknown,false,1,7.90,7.90,true,1,
5941868206089,false,חטיף תירס עם אבקת חל,,RO,חטיף תירס עם אבקת חל,Unknown,1.00,Unknown,false,1,8.90,8.90,true,1,
5941868206096,false,חטיף תירס פיצה 80 גר,,RO,חטיף תירס פיצה 80 גר,Unknown,1.00,Unknown,false,1,8.90,8.90,true,1,
5941974202678,false,"בירה בהירה ""לופ"" בלונד 500 מ""ל",,RO,"בירה בהירה ""לופ"" בלו",מיליליטרים,500.00,"100 מ""ל",false,1,5.90,1.18,true,1,
5942219000059,false,מים מינרלים בורסק 1.5 ליטר,,,מים מינרלים בורסק,ליטרים,0.00,ליטר,false,1,9.90,9.90,true,1,
5998749108550,false,1X8X60Gויסקס טמפציקן&צז,,,ויסקס טמפציקן 60 גר,גרמים,60.00,100 גרם,false,1,13.90,23.17,true,1,
5999076223596,false,חטיף חלבון זירו בר שוקולד קפוצינו 50 גר,,,חטיף חלבון זירו בר ש,גרמים,50.00,100 גרם,false,1,14.90,29.80,true,1,
5999076223619,false,חטיף חלבון זירו בר שוקולד קרמל 50 גרם,,,חטיף חלבון זירו בר ש,גרמים,50.00,100 גרם,false,1,14.90,29.80,true,1,
5999076223664,false,חטיף חלבון זירו בר דאבל שוקולד 50 גרם,,,חטיף חלבון זירו בר ד,גרמים,50.00,100 גרם,false,1,14.90,29.80,true,1,
5999887527067,false,"חד קרן-משקה מוגז עדין בטעם תפוח 750 מ""ל",,HU,חד קרן-משקה מוגז עדי,מיליליטרים,750.00,"100 מ""ל",false,1,19.90,2.65,true,1,
6001067017332,false,קולגייט מברשת שיניים 360 אופטיק וייט בוד,,,קולגייט מברשת שיניים,Unknown,0.00,Unknown,false,1,20.90,20.90,true,1,
6001067017530,false,מברשת קולגייט ספיידרמן,,,מברשת שיניים קולגייט,Unknown,0.00,Unknown,false,1,14.90,14.90,true,1,
6001108093769,false,ליקר אמרולה בטעם וניל 700 מל,,ZA,ליקר אמרולה בטעם וני,מיליליטרים,700.00,"100 מ""ל",false,1,88.90,12.70,true,1,
6001452283861,false,נידרברג קברנה מרלו 750 מל EDELROOD,,,נידרברג קברנה מרלו,Unknown,0.00,Unknown,false,1,57.90,57.90,true,1,
6001452301862,false,יין נידרברג קברנה סוביניון 750 מל,,,יין נידרברג קברנה סו,Unknown,0.00,Unknown,false,1,57.90,57.90,true,1,
6001495062591,false,"ליקר אמרולה 750 מ""ל",,,ליקר אמרולה,מיליליטרים,750.00,"100 מ""ל",false,1,88.90,11.85,true,1,
6003241003292,false,ורי פרי רוטב אפריקאי חריף 250 גרם,,ZA,ורי פרי רוטב אפריקאי,מיליליטרים,250.00,"100 מ""ל",false,1,18.90,7.56,true,1,
6008165003984,false,פאל מאל כחול סטרים פילטר חפיסה,,,פאל מאל כחול סטרים פ,יחידה,1.00,יחידה,false,1,29.00,29.00,true,1,
6008165271192,false,פאל מאל אדום ארוך האוס חפיסה,,,פאל מאל אדום ארוך הא,Unknown,0.00,Unknown,false,1,30.00,30.00,true,1,
6008165274629,false,פאל מאל כחול ארוך סטרים פילטר חפיסה,,,פאל מאל כחול ארוך סט,Unknown,0.00,Unknown,false,1,29.00,29.00,true,1,
6008165276098,false,רוטמנס כחול,,,רוטמנס כחול,Unknown,0.00,Unknown,false,1,28.00,28.00,true,1,
6111094000198,false,קוסקוס דארי דק 350 גרם,,,קוסקוס דארי דק 350 ג,גרמים,360.00,100 גרם,false,1,7.90,2.19,true,1,
6111094002123,false,דארי אטריות דקות תוספת 10% 550 גרם,,MA,דארי אטריות דקות תוס,גרמים,550.00,100 גרם,false,1,9.50,1.73,true,1,
6194029100279,false,שימורי פילה טונה בשמן זית 200 גרם,,תוניס,שימורי פילה טונה בשמ,גרמים,200.00,100 גרם,false,1,39.90,19.95,true,1,
6411401028373,false,פייזר סוכריות לקריץ חריפות,,,פייזר סוכריות לקריץ,יחידה,1.00,יחידה,false,1,8.90,8.90,true,1,
6411401072703,false,פייזר גיישה שוקו חלב קרם אגוזים 150 גרם,,FI,פייזר גיישה שוקולד ח,גרמים,150.00,100 גרם,false,1,26.50,17.67,true,1,
6416453025646,false,פייזר גיישה שוקולד חלב עם אגוזים  158 גר,,FI,פייזר גיישה שוקולד ח,גרמים,158.00,100 גרם,false,1,59.90,37.91,true,1,
6416453072770,false,פייזר שוקולדים מיקס ליקרים 150 גרם,,FI,פייזר שוקולדים מיקס,גרמים,150.00,100 גרם,false,1,26.50,17.67,true,1,
6416453072817,false,פייזר גיישה שוקולד מריר קרם אגוזים 150 ג,,FI,פייזר גיישה שוקולד מ,גרמים,150.00,100 גרם,false,1,26.50,17.67,true,1,
6416453435636,false,פייזר מריאנה שוקולד במילוי מנטה,,,פייזר מריאנה שוקולד,יחידה,1.00,יחידה,false,1,11.90,11.90,true,1,
6910191800287,false,אצות נורי בלו 10 דפים,,,אצות נורי בלו 10 דפי,Unknown,0.00,Unknown,false,1,12.90,12.90,true,1,
6912977000140,false,אטריות שעועית דקות 250 גרם,,,אטריות שעועית דקות 2,גרמים,250.00,100 גרם,false,1,8.80,3.52,true,1,
6920510424926,false,"סוויט בוקס צעצוע ו דובוני גלי ""מאשה והדוב"" 10 גר",,,סוויט בוקס צעצוע ו ד,גרמים,10.00,100 גרם,false,1,12.50,125.00,true,1,
6920510504345,false,צעצוע פרוזן עם ממתק סוויט בוקס,,,צעצוע פרוזן עם ממתק,גרמים,10.00,100 גרם,false,1,12.50,125.00,true,1,
6920510504420,false,צעצוע ספיידרמן עם ממתק סוויט בוקס,,,צעצוע ספיידרמן עם ממ,גרמים,10.00,100 גרם,false,1,12.50,125.00,true,1,
6921052701001,false,אצות ווקאמה 40 גרם,,,אצות ווקאמה 40 גרם,גרמים,40.00,100 גרם,false,1,10.40,26.00,true,1,
6925100320138,false,מעמד+סלוטייפ,,,מעמד+סלוטייפ,יחידה,1.00,יחידה,false,1,4.90,4.90,true,1,
6934731210138,false,אטריות טריות עבות 200 גרם,,CN,אטריות טריות עבות 20,גרמים,200.00,100 גרם,false,1,7.30,3.65,true,1,
6936745600462,false,מירין דאניינג 500 מל,,,מירין דאניינג,מיליליטרים,500.00,"100 מ""ל",false,1,20.90,4.18,true,1,
6941156100166,false,מחית סויה אדומה אקא מיסו 500 גרם,,,מחית סויה אדומה אקא,גרמים,500.00,100 גרם,false,1,19.80,3.96,true,1,
6942971507031,false,"סוויט בוקס צעצוע ו דובוני גלי ""חתולים""",,,סוויט בוקס צעצוע ו ד,Unknown,0.00,Unknown,false,1,12.50,12.50,true,1,
6942971507123,false,"סוויט בוקס צעצוע ו דובוני גלי ""גורים""",,,סוויט בוקס צעצוע ו ד,Unknown,0.00,Unknown,false,1,12.50,12.50,true,1,
6974640730167,false,פטריות שיטאקי 100 גרם,,,פטריות שיטאקי 100 גר,גרמים,100.00,100 גרם,false,1,14.90,14.90,true,1,
7271730901261,false,פסטה עם גבינה הכנה מהירה 156 גרם,,,פסטה עם גבינה הכנה מ,גרמים,156.00,100 גרם,false,1,10.90,6.99,true,1,
7290000000157,false,ג ינג יר,,,גינגיר,Unknown,0.00,"ק""ג",true,0,24.90,24.90,true,1,
7290000000159,false,פלפל צבעוני,,,פלפל צבעוני,Unknown,0.00,Unknown,false,1,6.90,6.90,true,1,
7290000000374,false,פטריות,,,פטריות,Unknown,0.00,Unknown,false,1,11.90,11.90,true,1,
7290000000603,false,בצל ירוק,,,בצל ירוק,Unknown,0.00,Unknown,false,1,4.90,4.90,true,1,
7290000000608,false,חסה ערבית,,,חסה ערבית,Unknown,0.00,Unknown,false,1,3.90,3.90,true,1,
7290000000617,false,שורש -פטרוזילה,,,שורש -פטרוזילה,Unknown,0.00,Unknown,false,1,5.90,5.90,true,1,
7290000000632,false,שום,,,שום ברשת,Unknown,0.00,Unknown,false,1,9.90,9.90,true,1,
7290000000636,false,תירס ארוז,,,תירס ארוז,Unknown,0.00,"ק""ג",true,0,12.90,12.90,true,1,
7290000000641,false,אננס טרי,,,אננס טרי,Unknown,0.00,Unknown,false,1,39.90,39.90,true,1,
7290000000685,false,פטריות,,,פטריות,Unknown,0.00,Unknown,false,1,7.99,7.99,true,1,
7290000000729,false,חמצוץ,,,חמצוץ,Unknown,0.00,Unknown,false,1,9.90,9.90,true,1,
7290000000733,false,"תפו""א למיקרו",,,תפוא למיקרו,Unknown,0.00,Unknown,false,1,4.99,4.99,true,1,
7290000000831,false,בצלי פנינה,,,בצלי פנינה,Unknown,0.00,Unknown,false,1,6.60,6.60,true,1,
7290000000858,false,אגס נשי,,,אגס נשי,Unknown,0.00,"ק""ג",true,0,18.90,18.90,true,1,
7290000001104,false,פטריות פרטובלה,,,פטריות פרטובלה,Unknown,0.00,Unknown,false,1,14.90,14.90,true,1,
7290000004679,false,ירק תפזורת-פטר/שמיר/נענע/כוסברה,,,ירק תפזורת,Unknown,0.00,Unknown,false,1,5.90,5.90,true,1,
7290000036144,false,קורנפלור גלעם 200 גרם,,,קורנפלור גלעם 200 גר,גרמים,200.00,100 גרם,false,1,5.20,2.60,true,1,
7290000040042,false,יופלה תות 3% 150 גר,,,יופלה תות 3% 150 גרם,גרמים,150.00,100 גרם,false,1,5.00,3.33,true,1,
7290000040066,false,יופלה דובדבן 3%  150 גר,,,יופלה דובדבן 3%  150,גרמים,150.00,100 גרם,false,1,5.00,3.33,true,1,
7290000040080,false,יופלה אפרסק 3% 150 גר,,,יופלה אפרסק 3% 150 ג,גרמים,150.00,100 גרם,false,1,5.00,3.33,true,1,
7290000040974,false,חלב טרי דל לקטוז 1 ל,,,חלב טרי דל לקטוז 1 ל,מיליליטרים,1000.00,"100 מ""ל",false,1,7.10,0.71,true,1,
7290000041858,false,"שמנת חמוצה 15% 200 מ""ל",,,שמנת חמוצה 15% 200 מ,מיליליטרים,200.00,"100 מ""ל",false,1,2.40,1.20,true,1,
7290000042435,false,חלב דל שומן בקרטון+פקק 1 ליטר 1%,,,חלב דל שומן בקרטון,מיליליטרים,1000.00,"100 מ""ל",false,1,5.86,0.59,true,1,
7290000042640,false,"חלב עמיד 3% 250 מ""ל",,,"חלב עמיד 3% 250 מ""ל",מיליליטרים,250.00,"100 מ""ל",false,1,2.90,1.16,true,1,
7290000043111,false,חמאה 200 גרם,,,חמאה 200 גרם,גרמים,200.00,100 גרם,false,1,7.80,3.90,true,1,
7290000043814,false,"שמנת עמידה להקצפה 38% 250 מ""ל",,,שמנת עמידה להקצפה 38,גרמים,250.00,100 גרם,false,1,6.47,2.59,true,1,
7290000043890,false,רויון 1.5% 1 ליטר,,,רויון 1.5% 1 ליטר,מיליליטרים,1000.00,"100 מ""ל",false,1,11.30,1.13,true,1,
7290000044712,false,פרילי תות 500 גרם,,,פרילי תות 500 גרם,גרמים,500.00,100 גרם,false,1,11.10,2.22,true,1,
7290000044880,false,"באדי תות 3% 500 מ""ל",,,"באדי תות 3% 500 מ""ל",גרמים,500.00,100 גרם,false,1,9.60,1.92,true,1,
7290000046327,false,גבינת גלבוע פרוס 200 גרם,,,גבינת גלבוע פרוס 200,גרמים,200.00,100 גרם,false,1,13.00,6.50,true,1,
7290000047546,false,גבינת כנען 5% 500 גרם,,,גבינת כנען 5% 500 גר,גרמים,500.00,100 גרם,false,1,23.70,4.74,true,1,
7290000047621,false,גבינה למריחה 5% מהדרין 250 גרם,,,גבינה למריחה 5% מהדר,גרמים,250.00,100 גרם,false,1,4.98,1.99,true,1,
7290000048185,false,גבינה לבנה 5% 250 גר,,,גבינה לבנה 5% 250 גר,גרמים,250.00,100 גרם,false,1,4.98,1.99,true,1,
7290000048192,false,גבינה למריחה 9% 250 גרם,,,גבינה למריחה 9% 250,גרמים,250.00,100 גרם,false,1,4.98,1.99,true,1,
7290000048437,false,צפתית פיראוס 5% 200 גרם,,,צפתית פיראוס 5% 200,גרמים,200.00,100 גרם,false,1,14.90,7.45,true,1,
7290000050447,false,יופלה תות 3% 500גר,,,יופלה תות 3% 500גר,גרמים,500.00,100 גרם,false,1,14.10,2.82,true,1,
7290000050454,false,יופלה אפרסק 3% 500 גר,,,יופלה אפרסק 3% 500 ג,גרמים,500.00,100 גרם,false,1,14.10,2.82,true,1,
7290000051352,false,חלב של פעם 3.5% 1 ל,,,חלב של פעם 3.5% 1 ל,מיליליטרים,1000.00,"100 מ""ל",false,1,7.40,0.74,true,1,
7290000051376,false,יופלה דיאט אננס ספורטיבי 0% 150גר,,,יופלה דיאט אננס ספור,גרמים,150.00,100 גרם,false,1,5.00,3.33,true,1,
7290000051710,false,פיראוס לאבנה עם שמן זית וזעתר 260גר,,,פיראוס לאבנה עם שמן,גרמים,260.00,100 גרם,false,1,13.80,5.31,true,1,
7290000052311,false,עמק פרוס בקופסא 200 גר 15% שומן,,,עמק פרוס בקופסא 200,גרמים,200.00,100 גרם,false,1,15.80,7.90,true,1,
7290000052649,false,פיראוס לאבנה גביע 500 גר 5%,,,פיראוס לאבנה גביע 50,גרמים,500.00,100 גרם,false,1,19.50,3.90,true,1,
7290000055015,false,פיראוס פטה כבשים 5% 250 גר,,,פיראוס פטה כבשים 5%,גרמים,250.00,100 גרם,false,1,26.80,10.72,true,1,
7290000055329,false,משקה יוגורט יופלה בטעם תות-מלון 250 גר,,,משקה יוגורט יופלה בט,גרמים,250.00,100 גרם,false,1,5.40,2.16,true,1,
7290000055336,false,משקה יוגורט יופלה בטעם בננה אפרסק 250 גר,,,משקה יוגורט יופלה בט,גרמים,250.00,100 גרם,false,1,5.40,2.16,true,1,
7290000055343,false,משקה יוגורט יופלה בטעם טרופי 250 גר,,,משקה יוגורט יופלה בט,גרמים,250.00,100 גרם,false,1,5.40,2.16,true,1,
7290000055350,false,גבינה צהובה חריץ עמק 28% במשקל,,,גבינה צהובה עמק 28%,Unknown,0.00,"ק""ג",true,0,44.79,44.79,true,1,
7290000055893,false,חמאה מהדרין 200 גר,,,חמאה מהדרין 200 גר,גרמים,200.00,100 גרם,false,1,7.80,3.90,true,1,
7290000056906,false,שמיניית יופלה לבן טבעי 1.5%,,,שמיניית יופלה לבן,גרמים,1200.00,100 גרם,false,1,19.30,1.61,true,1,
7290000056951,false,"שמנת 15% באריזה עם פקק 500 מ""ל",,,שמנת 15% באריזה עם פ,מיליליטרים,500.00,"100 מ""ל",false,1,16.20,3.24,true,1,
7290000057088,false,עמק דק 200 גרם,,,עמק דק 200 גרם,גרמים,200.00,100 גרם,false,1,15.80,7.90,true,1,
7290000057118,false,גבינה סמי 28% 400 גרם,,,גבינה סמי 28% 400 גר,גרמים,400.00,100 גרם,false,1,20.90,5.23,true,1,
7290000057132,false,יוגורט 1.5% 200 גרם,,,יוגורט 1.5% 200 גרם,גרמים,200.00,100 גרם,false,1,3.10,1.55,true,1,
7290000057149,false,יוגורט תנובה 3% 200 גר,,,יוגורט תנובה 3% 200,גרמים,200.00,100 גרם,false,1,3.20,1.60,true,1,
7290000058047,false,"שמנת 38% עם פקק 500 מ""ל",,IL,שמנת 38% עם פקק 500,מיליליטרים,500.00,"100 מ""ל",false,1,12.94,2.59,true,1,
7290000058580,false,קוקילידה וניל,,,קוקילידה וניל,Unknown,0.00,Unknown,false,1,10.00,10.00,true,1,
7290000060071,false,פריכונים מאורז מלא מלוח עדין 80 גרם,,,פריכונים טבעי  80 גר,גרמים,80.00,100 גרם,false,1,7.50,9.38,true,1,
7290000060200,false,פתיתים אפויים קוסקוס 500 גרם,,,פתיתים אפויים קוסקוס,גרמים,500.00,100 גרם,false,1,6.90,1.38,true,1,
7290000060316,false,פסטה ספגטי פרפקטו 500 גרם,,,פסטה ספגטי פרפקטו 50,גרמים,500.00,100 גרם,false,1,7.90,1.58,true,1,
7290000060408,false,פתיתים אפויים טבעות 500 גרם,,,פתיתים אפויים טבעות,גרמים,500.00,100 גרם,false,1,6.90,1.38,true,1,
7290000060781,false,פסטה מסולסלים (57) 500 גרם,,,פסטה מסולסלים (57) 5,גרמים,500.00,100 גרם,false,1,5.90,1.18,true,1,
7290000060828,false,פסטה קרניים בינוניות (55) 500 גרם,,,פסטה קרניים בינוניות,גרמים,500.00,100 גרם,false,1,5.90,1.18,true,1,
7290000060880,false,ספגטי (3) 500 גרם,,,ספגטי (3) 500 גרם,גרמים,500.00,100 גרם,false,1,5.90,1.18,true,1,
7290000060958,false,אטריות בינוניות 400 גרם,,,אטריות בינוניות 400,גרמים,400.00,100 גרם,false,1,6.90,1.73,true,1,
7290000060965,false,אטריות  רחבות 400 גרם,,,אטריות  רחבות 400 גר,גרמים,400.00,100 גרם,false,1,6.90,1.73,true,1,
7290000061061,false,קרקר בצל 250 גרם,,,קרקר בצל 250 גרם,גרמים,250.00,100 גרם,false,1,9.90,3.96,true,1,
7290000061214,false,פתיתים קוסקוס עם בצל 500 גר,,,פתיתים קוסקוס עם בצל,גרמים,500.00,100 גרם,false,1,6.90,1.38,true,1,
7290000061245,false,עוגיות שוקוציפס ממולאות שוקולד 220 גרם,,,עוגיות שוקוציפס ממול,גרמים,220.00,100 גרם,false,1,10.60,4.82,true,1,
7290000061764,false,נסקפה רד מאג 200 גרם,,,נס קפה רד מאג 200 גר,גרמים,200.00,100 גרם,false,1,21.90,10.95,true,1,
7290000063102,false,קמח עוגה תופח מאליו 350 גרם,,,קמח עוגה תופח מאליו,גרמים,350.00,100 גרם,false,1,4.90,1.40,true,1,
7290000063140,false,שקדי מרק 400 גרם -שקית,,,שקדי מרק 400 גרם -שק,גרמים,400.00,100 גרם,false,1,10.00,2.50,true,1,
7290000063157,false,"קמח עוגה תופח מאליו 1 ק""ג",,,קמח עוגה תופח מאליו,גרמים,1000.00,100 גרם,false,1,8.90,0.89,true,1,
7290000064758,false,קוסקוס אמיתי בשקית 350 גרם,,,קוסקוס אמיתי בשקית 3,גרמים,350.00,100 גרם,false,1,7.90,2.26,true,1,
7290000064871,false,"מנה חמה פירה תפו""א ובצל 56 גרם",,,"מנה חמה פירה תפו""א ו",גרמים,56.00,100 גרם,false,1,8.30,14.82,true,1,
7290000064970,false,עוגיות פרימיום בציפוי שוקולד,,,עוגיות פרימיום,Unknown,0.00,Unknown,false,1,37.90,37.90,true,1,
7290000065328,false,חלה מתוקה שאשא,,,חלה מתוקה שאשא,Unknown,0.00,Unknown,false,1,16.90,16.90,true,1,
7290000065557,false,מנה חמה קוסקוס עם ירקות 62 גר,,,מנה חמה קוסקוס עם יר,גרמים,62.00,100 גרם,false,1,8.30,13.39,true,1,
7290000065977,false,אסם חטיפי פריכונים תירס כלפ 80 גרם,,IL,אסם חטיפי פריכונים ת,גרמים,80.00,100 גרם,false,1,7.50,9.38,true,1,
7290000066141,false,ביסלי בטעם גריל 70 גרם,,,ביסלי בטעם גריל 70 ג,גרמים,70.00,100 גרם,false,1,4.40,6.29,true,1,
7290000066196,false,ביסלי בטעם גריל 200 גרם,,,ביסלי בטעם גריל 200,גרמים,200.00,100 גרם,false,1,7.50,3.75,true,1,
7290000066318,false,במבה 80 גרם,,,במבה 80 גרם,גרמים,80.00,100 גרם,false,1,4.30,5.38,true,1,
7290000067544,false,פירורית זהב 200 גרם,,,פירורית זהב 200 גרם,גרמים,200.00,100 גרם,false,1,6.40,3.20,true,1,
7290000067599,false,מנה חמה ספגטי בולונז 65 גרם,,,מנה חמה ספגטי בולונז,גרמים,65.00,100 גרם,false,1,8.30,12.77,true,1,
7290000068138,false,פודינג אינסטנט בטעם וניל,,,פודינג אינסטנט בטעם,גרמים,80.00,100 גרם,false,1,5.50,6.88,true,1,
7290000068190,false,גלי בזק בטעם תות שדה,,,גלי בזק בטעם תות שדה,גרמים,85.00,100 גרם,false,1,7.90,9.29,true,1,
7290000068343,false,פריכונים מאורז מלא 140 גרם,,,פריכונים מאורז מלא 1,גרמים,140.00,100 גרם,false,1,7.90,5.64,true,1,
7290000068770,false,במבה יום הולדת 80 גרם,,,במבה יום הולדת 80 גר,גרמים,80.00,100 גרם,false,1,4.30,5.38,true,1,
7290000069258,false,פסטה פרפקטו פנה ריגטה 500 גרם,,,פסטה פרפקטו פנה ריגט,גרמים,500.00,100 גרם,false,1,7.90,1.58,true,1,
7290000069715,false,חטיפי קרקר מלוח 300 גרם,,,חטיפי קרקר מלוח 300,גרמים,300.00,100 גרם,false,1,13.50,4.50,true,1,
7290000070308,false,אבקת מרק  עוף אמיתי 400 גרם-מיכל,,,אבקת מרק עוף אמיתי,גרמים,400.00,100 גרם,false,1,16.90,4.23,true,1,
7290000070919,false,בייגלה רשתות מלח 400 גרם,,,בייגלה רשתות מלח 400,גרמים,400.00,100 גרם,false,1,15.60,3.90,true,1,
7290000071008,false,בייגלה שטוחים עם מלח 60 גרם,,,בייגלה שטוחים עם מלח,גרמים,60.00,100 גרם,false,1,3.90,6.50,true,1,
7290000072630,false,קטשופ אסם חריף 750 גרם-בקבוק,,,קטשופ אסם חריף 750 ג,גרמים,750.00,100 גרם,false,1,10.90,1.45,true,1,
7290000072753,false,נסקפה טייסטרס צויס 200 גר,,,נסקפה טייסטרס צויס,גרמים,200.00,100 גרם,false,1,29.80,14.90,true,1,
7290000073125,false,מנה חמה פסטה עם עגבניות 62 גר,,,מנה חמה פסטה עם עגבנ,גרמים,62.00,100 גרם,false,1,8.30,13.39,true,1,
7290000073415,false,מנה חמה פסטה ברוטב פיצה 61 גרם,,,מנה חמה פסטה ברוטב פ,גרמים,61.00,100 גרם,false,1,8.30,13.61,true,1,
7290000073750,false,מנה חמה נודלס אטר+ירקות טעם עוף 70 גרם,,,מנה חמה נודלס אטר+יר,גרמים,70.00,100 גרם,false,1,5.90,8.43,true,1,
7290000073767,false,מנה חמה נודלס אטר.+ירקות טעם בקר 70 גרם,,,מנה חמה נודלס אטר.+י,גרמים,70.00,100 גרם,false,1,5.90,8.43,true,1,
7290000073774,false,מנה חמה נודלס אטר+ירקות טעם צילי 70 גרם,,,מנה חמה נודלס אטר+יר,גרמים,70.00,100 גרם,false,1,5.90,8.43,true,1,
7290000074184,false,פתי בר וניל 500 גרם,,,פתי בר וניל 500 גרם,גרמים,500.00,100 גרם,false,1,10.90,2.18,true,1,
7290000074245,false,קרם קרקר 250 גרם,,,קרם קרקר 250 גרם,גרמים,250.00,100 גרם,false,1,9.80,3.92,true,1,
7290000074276,false,קרקר קלאסי 250 גרם אסם,,IL,קרקר קלאסי 250 גרם א,גרמים,250.00,100 גרם,false,1,9.90,3.96,true,1,
7290000075204,false,לחמית חיטה מלאה 250 גרם,,,לחמית חיטה מלאה 250,גרמים,250.00,100 גרם,false,1,10.40,4.16,true,1,
7290000076126,false,בייגלה שמיניות קטנות 80 גרם,,,בייגלה שמיניות קטנות,גרמים,80.00,100 גרם,false,1,3.90,4.88,true,1,
7290000076133,false,בייגלה שמיניות קטנות 400 גרם,,,בייגלה שמיניות קטנות,גרמים,400.00,100 גרם,false,1,9.90,2.48,true,1,
7290000077017,false,עוגיות קרמוגית במילוי שוקולד 200 גרם,,,עוגיות קרמוגית במילו,גרמים,200.00,100 גרם,false,1,11.40,5.70,true,1,
7290000078762,false,פריכונים מאורז מלא בטעם דבש 80 גרם,,,פריכונים מאורז מלא ב,גרמים,80.00,100 גרם,false,1,7.50,9.38,true,1,
7290000080765,false,טוסטעים פת קלויה שומשום 100 גרם,,,טוסטעים פת קלויה שומ,גרמים,100.00,100 גרם,false,1,10.50,10.50,true,1,
7290000100128,false,תות קפוא סנפרוסט 300 גרם,,IL,תות קפוא סנפרוסט 300,גרמים,300.00,100 גרם,false,1,17.90,5.97,true,1,
7290000100135,false,פירות קפואים סנפרוסט דובדבן 300 גר,,IL,פירות קפואים דובדבן,גרמים,300.00,100 גרם,false,1,17.90,5.97,true,1,
7290000100296,false,סמודיז תות בננה סנפרוסט 300 גר,,IL,סמודיז תות בננה סנפר,גרמים,300.00,100 גרם,false,1,18.90,6.30,true,1,
7290000100609,false,קוביות אנטיפסטי להקפצה 600 גרם,,IL,קוביות אנטיפסטי להקפ,גרמים,600.00,100 גרם,false,0,27.50,4.58,true,1,
7290000101927,false,אוכמניות כחולות מוקפאות סנפרוסט 300 גרם,,,אוכמניות כחולות מוקפ,גרמים,300.00,100 גרם,false,1,17.90,5.97,true,1,
7290000101934,false,מיקס פירות יער מוקפא סנפרוסט 300 גרם,,,מיקס פירות יער מוקפא,גרמים,300.00,100 גרם,false,1,17.90,5.97,true,1,
7290000101941,false,אננס מוקפא סנפרוסט 300 גרם,,,אננס מוקפא סנפרוסט,גרמים,300.00,100 גרם,false,1,17.90,5.97,true,1,
7290000101958,false,מנגו מוקפא סנפרוסט 300 גרם,,,מנגו מוקפא סנפרוסט,גרמים,300.00,100 גרם,false,1,17.90,5.97,true,1,
7290000103433,false,לקט ירקות סנפרוסט לתנור 800 גר,,,לקט ירקות סנפרוסט לת,גרמים,800.00,100 גרם,false,1,22.90,2.86,true,1,
7290000103846,false,מרק אפונה 572 גרם,,,מרק אפונה 572 גרם,גרמים,572.00,100 גרם,false,1,19.80,3.46,true,1,
7290000103860,false,מרק עדשים 572 גרם,,,מרק עדשים 572 גרם,גרמים,572.00,100 גרם,false,1,19.80,3.46,true,1,
7290000104201,false,אפונה עדינה 600 גר סנפרוסט,,,אפונה עדינה 600 גר,גרמים,600.00,100 גרם,false,1,17.90,2.98,true,1,
7290000104676,false,אפונת גינה 800 גרם-סנפרוסט,,,אפונת גינה 800 גרם,גרמים,800.00,100 גרם,false,1,17.90,2.24,true,1,
7290000104683,false,שעועית ירוקה שלמה 800 גר סנפרוסט,,,שעועית ירוקה שלמה,גרמים,800.00,100 גרם,false,1,19.90,2.49,true,1,
7290000104690,false,תירס גרעינים 800 גרם סנפרוסט,,,תירס גרעינים 800 גרם,גרמים,800.00,100 גרם,false,1,17.90,2.24,true,1,
7290000104720,false,שעועית ירוקה חתוכה 800גר סנפרוסט,,,שעועית ירוקה חתוכה 8,גרמים,800.00,100 גרם,false,1,18.70,2.34,true,1,
7290000104744,false,כרובית 800 גר סנפרוסט,,,כרובית 800גר סנפרוסט,גרמים,800.00,100 גרם,false,1,27.90,3.49,true,1,
7290000104799,false,שעועית לבנה 800 גר סנפרוסט,,,שעועית לבנה 800 גרם,גרמים,800.00,100 גרם,false,1,19.70,2.46,true,1,
7290000104805,false,חומוס קפוא סנפרוסט 800 גרם,,,חומוס קפוא סנפרוסט,גרמים,800.00,100 גרם,false,1,19.70,2.46,true,1,
7290000107165,false,חטיף סויה סנפרוסט 400 גר,,,חטיף סויה סנפרוסט,גרמים,400.00,100 גרם,false,1,14.60,3.65,true,1,
7290000107295,false,ברוקולי 800 גרם סנפרוסט,,,ברוקולי 800 גרם סנפר,גרמים,800.00,100 גרם,false,1,24.90,3.11,true,1,
7290000110851,false,"כפלי בצל בד""צ 70 גרם",,,"כפלי בצל בד""צ 70 גרם",גרמים,70.00,100 גרם,false,1,5.90,8.43,true,1,
7290000111000,false,שתיה קרה בודד,,,שתיה קרה בודד,Unknown,0.00,Unknown,false,1,1.00,1.00,true,1,
7290000111063,false,מיונז תלמה 250 גרם,,,מיונז תלמה 250 גרם,גרמים,250.00,100 גרם,false,1,7.60,3.04,true,1,
7290000111186,false,מיונז תלמה 500 גרם-צנצנת,,,מיונז תלמה 500 גרם-צ,גרמים,500.00,100 גרם,false,1,9.90,1.98,true,1,
7290000111353,false,מיונז 1 קג-צנצנת,,,"מיונז 1 ק""ג-צנצנת",גרמים,1000.00,100 גרם,false,1,16.90,1.69,true,1,
7290000111384,false,חרדל תלמה 550 גרם-צנצנת,,,חרדל תלמה 550 גרם-צנ,גרמים,550.00,100 גרם,false,1,10.40,1.89,true,1,
7290000112503,false,מרק עשיר ירקות קנור 69 גרם - שקיות,,,מרק עשיר ירקות קנור,גרמים,69.00,100 גרם,false,1,13.50,19.57,true,1,
7290000112619,false,אבקת מרק עוף קנור 400 גרם-צנצנת,,,אבקת מרק עוף קנור,גרמים,400.00,100 גרם,false,1,19.90,4.98,true,1,
7290000116884,false,רוטב קנור ברביקיו 300 גר,,,רוטב קנור ברביקיו,גרמים,300.00,100 גרם,false,1,10.90,3.63,true,1,
7290000116921,false,"רוטב קנור צילי מתוק 300 מ""ל",,,רוטב קנור צילי מתוק,מיליליטרים,300.00,"100 מ""ל",false,1,10.90,3.63,true,1,
7290000116945,false,"רוטב קנור סויה 300 מ""ל",,,רוטב קנור סויה 300 מ,מיליליטרים,300.00,"100 מ""ל",false,1,14.60,4.87,true,1,
7290000117171,false,מרק טעם עוף דל קלוריות 48 גרם-קופסא,,,מרק טעם עוף דל קלורי,גרמים,48.00,100 גרם,false,1,9.00,18.75,true,1,
7290000117720,false,מרק נמס בכוס פטריות 43 גרם- קנור,,,מרק נמס בכוס פטריות,גרמים,43.00,100 גרם,false,1,6.90,16.05,true,1,
7290000120836,false,מיונז הלמנס 394 גרם,,,מיונז הלמנס 394 גרם,גרמים,433.00,100 גרם,false,1,10.90,2.52,true,1,
7290000120874,false,מיונז הלמנס לייט 424 גרם,,,מיונז הלמנס לייט 424,גרמים,476.00,100 גרם,false,1,10.90,2.29,true,1,
7290000121154,false,מון בלאן סלמון 120 גר,,,מון בלאן סלמון 120 ג,גרמים,120.00,100 גרם,false,1,14.40,12.00,true,1,
7290000122830,false,רוטב בישול סצואן 370 גרם קנור,,,רוטב בישול סצואן 370,גרמים,370.00,100 גרם,false,1,10.90,2.95,true,1,
7290000129457,false,קנור רוטב פטריות באבקה 29 גרם,,,קנור רוטב פטריות באב,גרמים,29.00,100 גרם,false,1,4.90,16.90,true,1,
7290000135045,false,"XL TEN משקה אנרגיה פתוח ללא סוכר 250 מ""ל",,,XL TEN משקה אנרגיה פ,מיליליטרים,250.00,"100 מ""ל",false,1,4.90,1.96,true,1,
7290000135052,false,"XL TEN משקה אנרגיה מנגו ללא סוכר 250 מ""ל",,,XL TEN משקה אנרגיה מ,מיליליטרים,250.00,"100 מ""ל",false,1,4.90,1.96,true,1,
7290000135113,false,"פחית XL TEN נענע ליים 250 מ""ל",,,פחית XL TEN נענע ליי,מיליליטרים,250.00,"100 מ""ל",false,1,4.90,1.96,true,1,
7290000135311,false,פפסי מקס ליים 1.5 ליטר,,,פפסי מקס ליים 1.5 לי,ליטרים,0.00,ליטר,false,1,7.60,7.60,true,1,
7290000136158,false,פפסי מקס 1.5 ליטר,,IL,פפסי מקס 1.5 ליטר,ליטרים,0.00,ליטר,false,1,7.60,7.60,true,1,
7290000136295,false,סירופ בטעם פטל 330 מל  JUICER,,,סירופ בטעם פטל 330 מ,מיליליטרים,330.00,"100 מ""ל",false,1,13.60,4.12,true,1,
7290000136301,false,סירופ בטעם ענבים 330 מל  JUICER,,,סירופ בטעם ענבים 330,מיליליטרים,330.00,"100 מ""ל",false,1,13.60,4.12,true,1,
7290000136646,false,נשר מאלט 1.5 ליטר,,IL,נשר מאלט 1.5 ליטר,ליטרים,0.00,ליטר,false,1,8.90,8.90,true,1,
7290000136653,false,דיאט נשר מאלט 1.5 ליטר,,IL,דיאט נשר מאלט 1.5 לי,ליטרים,0.00,ליטר,false,1,8.90,8.90,true,1,
7290000136677,false,פפסי קולה 1.5 ליטר,,IL,פפסי קולה 1.5 ליטר,ליטרים,0.00,ליטר,false,1,8.20,8.20,true,1,
7290000136684,false,פפסי מקס 1.5 ליטר,,IL,פפסי מקס 1.5 ליטר,ליטרים,0.00,ליטר,false,1,7.60,7.60,true,1,
7290000136707,false,מירינדה 1.5 ליטר,,IL,מירינדה 1.5 ליטר,ליטרים,0.00,ליטר,false,1,8.20,8.20,true,1,
7290000136752,false,שישיית סבן אפ דיאט 1.5 ליטר,,IL,שישיית סבן אפ דיאט,ליטרים,0.01,ליטר,false,1,37.90,3790.00,true,1,
7290000136769,false,פפסי קולה שישיה 1.5 ליטר,,IL,פפסי קולה שישיה 1.5,ליטרים,0.01,ליטר,false,1,37.90,3790.00,true,1,
7290000136776,false,שישיית פפסי מקס דל קלוריות 1.5 ליטר,,IL,שישיית פפסי מקס דל ק,ליטרים,0.01,ליטר,false,1,37.50,3750.00,true,1,
7290000136868,false,שישיית מים סאן בנדטו 1.5 ליטר,,IL,שישיית מים סאן בנדטו,ליטרים,0.01,ליטר,false,1,18.90,1890.00,true,1,
7290000136875,false,שישיית סאן בנדטו מוגז  1.5 ליטר,,IL,שישיית סאן בנדטו מוג,ליטרים,0.01,ליטר,false,1,19.90,1990.00,true,1,
7290000136943,false,פפסי מקס 1.5 ליטר 1+5 חינם,,IL,פפסי מקס 1.5 ליטר,ליטרים,0.01,ליטר,false,1,37.90,3790.00,true,1,
7290000137513,false,גלידונית 60 יחידות,,,גלידונית 60 יחידות,גרמים,700.00,100 גרם,false,1,44.90,6.41,true,1,
7290000137643,false,שמיניית טעמקור,,,שמיניית טעמקור,גרמים,400.00,100 גרם,false,1,39.90,9.98,true,1,
7290000144160,false,שמן זית כתית מעולה בטעם מודגש 750 מל,,,שמן זית כתית מעולה ב,מיליליטרים,750.00,"100 מ""ל",false,1,29.90,3.99,true,1,
7290000144474,false,שמן עץ הזית קנולה 1 ליטר בריאות מהטבע,,,שמן עץ הזית קנולה 1,מיליליטרים,1000.00,"100 מ""ל",false,1,14.90,1.49,true,1,
7290000148380,false,פיסטוק קלוי שקית 200 גרם,,,פיסטוק קלוי שקית 200,גרמים,200.00,100 גרם,false,1,24.90,12.45,true,1,
7290000149905,false,טקסטיל שמפו לכביסה 1 ליטר,,,טקסטיל שמפו לכביסה 1,מיליליטרים,1000.00,"100 מ""ל",false,1,17.70,1.77,true,1,
7290000168173,false,ברנפלקס קרנצים 375 גרם,,,ברנפלקס קרנצים 375 ג,גרמים,375.00,100 גרם,false,1,20.90,5.57,true,1,
7290000169538,false,מרק נמס בכוס עגבניות וקרוטונים 56 ג קנור,,,מרק נמס בכוס עגבניות,גרמים,56.00,100 גרם,false,1,6.90,12.32,true,1,
7290000169798,false,עוגי 20% פחות סוכר 500 גרם,,,עוגי 20% פחות סוכר 5,גרמים,500.00,100 גרם,false,1,24.90,4.98,true,1,
7290000176062,false,קפה עלית טורקי 100 גרם,,,קפה עלית טורקי 100 ג,גרמים,100.00,100 גרם,false,1,8.90,8.90,true,1,
7290000176079,false,קפה עלית טורקי עם הל 100 גרם,,,קפה עלית טורקי עם הל,גרמים,100.00,100 גרם,false,1,8.90,8.90,true,1,
7290000176116,false,קפה עלית טורקי וואקום,,,קפה עלית טורקי,גרמים,1000.00,100 גרם,false,1,101.20,10.12,true,1,
7290000176413,false,קפה נמס עלית 50 גרם,,,קפה נמס עלית 50 גרם,גרמים,50.00,100 גרם,false,1,12.60,25.20,true,1,
7290000176420,false,קפה נמס עלית 200 גרם,,,קפה נמס עלית 200 גרם,גרמים,200.00,100 גרם,false,1,19.90,9.95,true,1,
7290000178707,false,תפוציפס טבעי 50 גרם,,,תפוציפס טבעי 50 גרם,גרמים,50.00,100 גרם,false,1,4.00,8.00,true,1,
7290000178721,false,תפוציפס טבעי 200 גרם,,,תפוציפס טבעי 200 גרם,גרמים,200.00,100 גרם,false,1,9.90,4.95,true,1,
7290000185224,false,סילאן בקבוק לחיץ תמר כנרת 650 גר,,IL,סילאן בקבוק לחיץ תמר,גרמים,650.00,100 גרם,false,1,16.70,2.57,true,1,
7290000185330,false,סילאן טבעי תמר כנרת 900 גר,,,סילאן טבעי תמר כנרת,גרמים,900.00,100 גרם,false,1,23.90,2.66,true,1,
7290000186030,false,מגבוני האגיס תחליב דיספנסר רביעייה,,,מגבוני האגיס תחליב ד,Unknown,0.00,Unknown,false,1,34.50,34.50,true,1,
7290000186931,false,ניקול סקוטש חתוך 12 יח,,,ניקול סקוטש חתוך 12,Unknown,0.00,Unknown,false,1,12.80,12.80,true,1,
7290000187860,false,מגבוני טואלט לחים  לילי דיספנסר 40 יח,,IL,נייר טואלט לח לילי פ,Unknown,0.00,Unknown,false,1,7.90,7.90,true,1,
7290000187938,false,לילי פסטל 32 גלילים,,,לילי פסטל 32 גלילים,מטרים,588.00,מטר,false,1,36.90,0.06,true,1,
7290000187952,false,לילי טריו 32 גלילים,,,לילי טריו ורוד 32 גל,מטרים,537.28,מטר,false,1,42.90,0.08,true,1,
7290000189116,false,תבניות אינגליש קייק 6 יח,,,תבניות אינגליש קייק,Unknown,0.00,Unknown,false,1,10.90,10.90,true,1,
7290000189192,false,סופר מגבת ניקול 64 יחידות,,,סופר מגבת ניקול 64 י,מטרים,1.85,מטר,false,1,16.90,9.14,true,1,
7290000189260,false,תבניות מלבניות 5 יח,,,תבניות מלבניות 5 יח,Unknown,0.00,Unknown,false,1,10.90,10.90,true,1,
7290000189277,false,תבניות מלבניות גדולות ועמוקות 3 יח,,,תבניות מלבניות גדולו,Unknown,0.00,Unknown,false,1,10.90,10.90,true,1,
7290000189482,false,תבנית אפייה מקרטון מרובעת,,,תבנית אפייה מקרטון מ,Unknown,0.00,Unknown,false,1,14.60,14.60,true,1,
7290000189499,false,תבנית אפייה מקרטון עגולה,,,תבנית אפייה מקרטון ע,Unknown,0.00,Unknown,false,1,14.60,14.60,true,1,
7290000189536,false,שקיות אשפה ניקול 40 יח,,,שקיות אשפה ניקול 40,Unknown,0.00,Unknown,false,1,19.80,19.80,true,1,
7290000189550,false,זוג אשפתון ניקול ענק מתכלה 10 יח,,,XXL ניקול שקיות אשפה,Unknown,0.00,Unknown,false,1,25.90,25.90,true,1,
7290000189598,false,ניקול מטלית לחות חד פעמיות לניקוי כללי,,,ניקול מטלית לחות חד,Unknown,0.00,Unknown,false,1,11.90,11.90,true,1,
7290000189659,false,ניקול מטליות לחות לרצפה,,,ניקול מטליות לחות לר,Unknown,0.00,Unknown,false,1,10.90,10.90,true,1,
7290000189734,false,מטליות לחות לפרקטים,,,מטליות לחות לפרקטים,Unknown,0.00,Unknown,false,1,18.40,18.40,true,1,
7290000190150,false,20 מפיות מודפסת,,PL,מפיות ניקול מודפסות,יחידה,1.00,יחידה,false,1,8.50,8.50,true,1,
7290000190198,false,מטלית ניקול לניקוי חדרי שירותים ואמבט,,,מטלית ניקול לניקוי ח,Unknown,0.00,Unknown,false,1,11.90,11.90,true,1,
7290000190853,false,לילי פיור נייר טואלט דו שכבתי 30 גלילים,,,לילי פיור נייר טואלט,מטרים,588.00,מטר,false,1,41.90,0.07,true,1,
7290000191539,false,ממחטות נייר לילי 5 יח,,,ממחטות נייר לילי 5 י,Unknown,0.00,Unknown,false,1,14.90,14.90,true,1,
7290000191966,false,נייר טואלט לח סנסטיב,,IL,נייר טואלט לח לילי נ,Unknown,0.00,Unknown,false,1,7.90,7.90,true,1,
7290000193014,false,לילי אינטרלוד,,,לילי אינטרלוד,Unknown,0.00,Unknown,false,1,12.90,12.90,true,1,
7290000193076,false,שלישיית מטליות לריצפה ניקול,,,שלישיית מטליות לריצפ,Unknown,0.00,Unknown,false,1,12.50,12.50,true,1,
7290000194837,false,שקיות מזון גדולות עם ידיות קשירה 200 יח,,,שקיות מזון גדולות עם,Unknown,0.00,Unknown,false,1,15.60,15.60,true,1,
7290000195537,false,מגבוני האגיס רביעיה ללא בישום,,,מגבוני האגיס רביעיה,Unknown,0.00,Unknown,false,1,19.90,19.90,true,1,
7290000195773,false,מגבוני האגיס קמומיל רבעייה,,,מגבוני האגיס קמומיל,Unknown,0.00,Unknown,false,1,19.90,19.90,true,1,
7290000196039,false,מפות שולחן ניקול זוג,,,מפות שולחן ניקול זוג,Unknown,0.00,Unknown,false,1,12.00,12.00,true,1,
7290000196763,false,השקית החזקה ניקול 40 יח,,,השקית החזקה ניקול 40,Unknown,0.00,Unknown,false,1,25.90,25.90,true,1,
7290000197081,false,ניקול ניילון נצמד 150 מטר עם סליידר,,,ניילון נצמד ניקול עם,מטרים,150.00,מטר,false,1,29.90,0.20,true,1,
7290000197326,false,רדיד אלומיניום ניקול קצר זוג,,,רדיד אלומיניום ניקול,מטרים,15.00,מטר,false,1,10.90,0.73,true,1,
7290000197340,false,זוג רדיד ניקול ארוך אלומיניום,,,זוג רדיד ניקול ארוך,מטרים,15.00,מטר,false,1,21.90,1.46,true,1,
7290000197432,false,זוג סנדביצון ענק,,,זוג סנדביצון ענק,Unknown,0.00,Unknown,false,1,13.90,13.90,true,1,
7290000197463,false,האגיס פרידום דריי שלב 4+ 42 יחידות,,,האגיס פרידום דריי של,Unknown,0.00,Unknown,false,1,41.90,41.90,true,1,
7290000197470,false,שקיות רב שימושיות,,,שקיות רב שימושיות,Unknown,0.00,Unknown,false,1,13.80,13.80,true,1,
7290000197548,false,האגיס פרידום דריי שלב 5 38 יחידות,,,האגיס פרידום דריי של,Unknown,0.00,Unknown,false,1,41.90,41.90,true,1,
7290000197654,false,אשפתון ניקול ענק 50,,,אשפתון ניקול ענק 45,Unknown,0.00,Unknown,false,1,21.80,21.80,true,1,
7290000197678,false,האגיס פרידום דריי שלב 6 34 יחידות,,,האגיס פרידום דריי של,Unknown,0.00,Unknown,false,1,41.90,41.90,true,1,
7290000197753,false,זוג ניילון נצמד ניקול,,,זוג ניילון נצמד ניקו,מטרים,60.00,מטר,false,1,11.90,0.20,true,1,
7290000197876,false,מגשית חד פעמית 26 ניקול,,,מגשית חד פעמית ניקול,Unknown,0.00,Unknown,false,1,9.90,9.90,true,1,
7290000197999,false,זוג רדיד ניקול עבה  אלומיניום,,,זוג רדיד ניקול עבה,מטרים,15.00,מטר,false,1,17.70,1.18,true,1,
7290000199313,false,קוטקס לנערות 28 יח,,,קוטקס לנערות 28 יח,Unknown,0.00,Unknown,false,1,18.90,18.90,true,1,
7290000201795,false,מגבוני האגיס שלישייה בושם,,,מגבוני האגיס שלישייה,Unknown,0.00,Unknown,false,1,21.90,21.90,true,1,
7290000204253,false,מטליות ניקול 9 יח,,,מטליות ניקול 9 יח,Unknown,0.00,Unknown,false,1,10.50,10.50,true,1,
7290000208008,false,חריסה 550 גר יכין A/2,,,חריסה 550 גר יכין A/,גרמים,550.00,100 גרם,false,1,9.90,1.80,true,1,
7290000208077,false,אפונת גינה רגילה 550 גרם יכין,,,אפונת גינה רגילה 550,גרמים,550.00,100 גרם,false,1,8.50,1.55,true,1,
7290000208114,false,אפונה וגזר יכין 550 גר,,,אפונה וגזר יכין 550,גרמים,550.00,100 גרם,false,1,8.50,1.55,true,1,
7290000208145,false,תירס לייט יכין 550 גרם A2,,,תירס לייט יכין 550 ג,גרמים,550.00,100 גרם,false,1,9.90,1.80,true,1,
7290000208213,false,שעועית יכין אפויה 580 גר A/2,,,שעועית יכין אפויה 58,גרמים,580.00,100 גרם,false,1,8.90,1.53,true,1,
7290000208251,false,שעועית ירוקה יכין 560 גרם,,,שעועית ירוקה יכין 56,גרמים,560.00,100 גרם,false,1,9.90,1.77,true,1,
7290000208312,false,תירס ואקום 400 גרם יכין,,IL,תירס מתוק יכין 400 ג,גרמים,400.00,100 גרם,false,1,6.90,1.73,true,1,
7290000208329,false,תירס גרעינים 550 גר A2 יכין,,,תירס גרעינים 550 גר,גרמים,550.00,100 גרם,false,1,8.50,1.55,true,1,
7290000208343,false,עגבניות מרוסקות שום 850 גר יכין A 2.5,,,עגבניות מרוסקות שום,גרמים,850.00,100 גרם,false,1,9.90,1.16,true,1,
7290000208367,false,עגבניות מרוסקות בזיליקום יכין 850  A 2.5,,,עגבניות מרוסקות בזיל,גרמים,800.00,100 גרם,false,1,9.90,1.24,true,1,
7290000208404,false,פול יכין 560 גרם,,,פול יכין 560 גרם,גרמים,560.00,100 גרם,false,1,8.90,1.59,true,1,
7290000208459,false,לקט תפוחי אדמה A2 יכין 550 גר,,,לקט תפוחי אדמה A2 יכ,גרמים,550.00,100 גרם,false,1,9.90,1.80,true,1,
7290000208480,false,תירס בטעם חמאה יכין 500 גר A/2,,,תירס בטעם חמאה יכין,גרמים,550.00,100 גרם,false,1,9.90,1.80,true,1,
7290000208534,false,תירס קיד יכין 550 גר,,,תירס קיד יכין 550 גר,גרמים,550.00,100 גרם,false,1,9.90,1.80,true,1,
7290000208800,false,תירס ואקום קיד 400 גרם יכין,,,תירס ואקום קיד 400 ג,גרמים,400.00,100 גרם,false,1,6.90,1.73,true,1,
7290000208930,false,עגבניות +שום 260 גרם יכין,,,עגבניות +שום 260 גרם,גרמים,260.00,100 גרם,false,1,6.50,2.50,true,1,
7290000208947,false,עגבניות מרוסקות 260 גרם יכין,,,עגבניות מרוסקות 260,גרמים,260.00,100 גרם,false,1,6.50,2.50,true,1,
7290000208978,false,רסק עגבניות פריכוז 100 גרם,,,רסק עגבניות פריכוז 1,גרמים,100.00,100 גרם,false,1,3.40,3.40,true,1,
7290000209012,false,חומץ הדרים 1 ליטר,,,חומץ הדרים 1 ליטר,מיליליטרים,1000.00,"100 מ""ל",false,1,5.90,0.59,true,1,
7290000209708,false,עגבניות +בזיליקום 260 גרם יכין,,,עגבניות +בזיליקום 26,גרמים,260.00,100 גרם,false,1,6.50,2.50,true,1,
7290000209722,false,רסק עגבניות פריכוז A2 580,,,רסק עגבניות פריכוז A,גרמים,580.00,100 גרם,false,1,10.90,1.88,true,1,
7290000209906,false,עגבניות מרוסקות עם בצל 260 גרם יכין,,,עגבניות מרוסקות עם ב,גרמים,260.00,100 גרם,false,1,6.50,2.50,true,1,
7290000209913,false,עגבניות קוביות 260 גרם יכין,,,עגבניות קוביות 260 ג,גרמים,260.00,100 גרם,false,1,6.50,2.50,true,1,
7290000209951,false,רוטב  עגבניות לפיצה 260 גרם יכין,,,רוטב  עגבניות לפיצה,גרמים,260.00,100 גרם,false,1,6.50,2.50,true,1,
7290000209968,false,רוטב  עגבניות ללזניה 260 גרם יכין,,,רוטב  עגבניות ללזניה,גרמים,260.00,100 גרם,false,1,6.50,2.50,true,1,
7290000210148,false,אפונה ירוקה אלפא 550 גר,,,אפונה ירוקה אלפא 550,גרמים,550.00,100 גרם,false,1,8.90,1.62,true,1,
7290000210469,false,עגבניות 2.5 A שלמות 850 גר יכין,,,עגבניות 2.5 A שלמות,גרמים,850.00,100 גרם,false,1,9.90,1.16,true,1,
7290000211312,false,אורז מלא 1 קג,,,"אורז מלא 1 ק""ג",גרמים,1000.00,100 גרם,false,1,10.40,1.04,true,1,
7290000211374,false,"קמח מלא 1 ק""ג סוגת",,,"קמח מלא 1 ק""ג סוגת",גרמים,1000.00,100 גרם,false,1,7.50,0.75,true,1,
7290000211442,false,"אורז פרסי 1 ק""ג סוגת",,,"אורז פרסי 1 ק""ג  סוג",גרמים,1000.00,100 גרם,false,1,10.80,1.08,true,1,
7290000211503,false,"סוכר לבן 1 ק""ג",,,"סוכר לבן 1 ק""ג",קילוגרמים,0.00,"ק""ג",false,1,3.90,3.90,true,1,
7290000211985,false,אורז עגול 1 קג,,,אורז עגול 1 קג,גרמים,1000.00,100 גרם,false,1,9.90,0.99,true,1,
7290000238029,false,"בצק עלים מרודד 1 ק""ג מעדנות",,,"בצק עלים מרודד 1 ק""ג",גרמים,1000.00,100 גרם,false,1,21.90,2.19,true,1,
7290000238036,false,מלאווח 700גר מעדנות,,,מלאווח מעדנות 700 גר,גרמים,700.00,100 גרם,false,1,16.90,2.41,true,1,
7290000238173,false,בורקס גבינה מעדנות 800גר,,,בורקס גבינה מעדנות,גרמים,800.00,100 גרם,false,1,19.90,2.49,true,1,
7290000238180,false,"בורקס תפו""א 800 גרם מעדנות",,,"בורקס תפו""א 800 גרם",גרמים,800.00,100 גרם,false,1,19.70,2.46,true,1,
7290000240541,false,ריבועי בצק עלים 800גר מעדנות,,,ריבועי בצק עלים 800,גרמים,800.00,100 גרם,false,1,27.90,3.49,true,1,
7290000253220,false,שוקולד ציפס אופנהיימר 260 גר,,IL,שוקולד ציפס אופנהיימ,גרמים,260.00,100 גרם,false,1,10.90,4.19,true,1,
7290000253251,false,שוקו ציפס לבן אופנהיימר 300 גר,,IL,שוקו ציפס לבן אופנהי,גרמים,300.00,100 גרם,false,1,10.90,3.63,true,1,
7290000253374,false,מיני שוקולד ציפס 250 גרם- 66% מוצקי קקא,,IL,מיני שוקולד ציפס 250,גרמים,250.00,100 גרם,false,1,15.60,6.24,true,1,
7290000253800,false,אופנהיימר סוכריות קישוט 90 גר,,IL,סוכריות קישוט צבעים,גרמים,90.00,100 גרם,false,1,8.90,9.89,true,1,
7290000267012,false,שקד מולבן שלם 100 גרם,,,שקד מולבן שלם 100 גר,גרמים,100.00,100 גרם,false,1,10.00,10.00,true,1,
7290000267029,false,שקד מולבן חצוי 100 גרם,,,שקד מולבן חצוי 100 ג,גרמים,100.00,100 גרם,false,1,10.00,10.00,true,1,
7290000267036,false,שקד מולבן משובב 100 גרם,,,שקד מולבן משובב 100,גרמים,100.00,100 גרם,false,1,10.00,10.00,true,1,
7290000267043,false,שקד מולבן פרוס 100 גרם,,,שקד מולבן פרוס 100 ג,גרמים,100.00,100 גרם,false,1,10.00,10.00,true,1,
7290000267050,false,שקד מולבן טחון 100 גרם,,,שקד מולבן טחון 100 ג,גרמים,100.00,100 גרם,false,1,10.00,10.00,true,1,
7290000267104,false,שקד מולבן גרוס/מרוסק 100 גרם,,,שקד מולבן גרוס/מרוסק,גרמים,100.00,100 גרם,false,1,10.00,10.00,true,1,
7290000267500,false,קליפות הדר מצופות בשוקולד 200 גרם,,,קליפות הדר מצופות בש,גרמים,200.00,100 גרם,false,1,13.10,6.55,true,1,
7290000267548,false,אגוז גרוס 100 גרם,,,אגוז גרוס 100 גרם,גרמים,100.00,100 גרם,false,1,11.90,11.90,true,1,
7290000267678,false,גרעין דלעת טבעי קלוף 150 גרם,,,גרעין דלעת טבעי קלוף,גרמים,150.00,100 גרם,false,1,13.50,9.00,true,1,
7290000272726,false,חומץ טבעי עסיס 5% -1 ליטר,,,חומץ טבעי עסיס 5% -1,מיליליטרים,1000.00,"100 מ""ל",false,1,6.90,0.69,true,1,
7290000286228,false,סנו סושי כרית יפנית שישייה,,,סנו סושי כרית יפנית,Unknown,0.00,Unknown,false,1,10.90,10.90,true,1,
7290000286549,false,סנו סושי מטלית לכל 9 יח,,,סנו סושי מטלית לכל 9,Unknown,0.00,Unknown,false,1,10.50,10.50,true,1,
7290000286945,false,סנו רהיט נוזל+אקדח,,,סנו רהיט נוזל+אקדח,מיליליטרים,500.00,"100 מ""ל",false,1,22.90,4.58,true,1,
7290000287430,false,סנובון שלישייה צבעוני,,,סנובון שלישייה צבעונ,Unknown,0.00,Unknown,false,1,13.50,13.50,true,1,
7290000288048,false,סנו זאוול מרסס מונבלאן 1 ליטר,,,סנו זאוול מרסס מונבל,מיליליטרים,1000.00,"100 מ""ל",false,1,18.90,1.89,true,1,
7290000289069,false,סנו זאוול מרסס לימון 1 ליטר,,,סנו זאוול מרסס לימון,מיליליטרים,1000.00,"100 מ""ל",false,1,18.90,1.89,true,1,
7290000289380,false,סנו זאוול לאסלות מונבלאן 750 מל,,IL,גל ניקוי אסלה סנו זא,מיליליטרים,750.00,"100 מ""ל",false,1,15.60,2.08,true,1,
7290000289496,false,סנו זאוול גל קרם לימון 750 מל,,,סנו זאוול גל קרם לימ,מיליליטרים,750.00,"100 מ""ל",false,1,14.20,1.89,true,1,
7290000289748,false,סנו פורטה פלוס 750 מל,,,סנו פורטה פלוס 750 מ,מיליליטרים,750.00,"100 מ""ל",false,1,14.90,1.99,true,1,
7290000291963,false,סנו זאוול סמיכה 1 ליטר,,,סנו זאוול סמיכה 1 לי,מיליליטרים,1000.00,"100 מ""ל",false,1,8.30,0.83,true,1,
7290000292137,false,סנו מנקה עור נוזלי,,,סנו מנקה עור נוזלי,מיליליטרים,500.00,"100 מ""ל",false,1,35.50,7.10,true,1,
7290000294575,false,סנו רב מגבת,,,סנו רב מגבת,Unknown,0.00,Unknown,false,1,12.90,12.90,true,1,
7290000294780,false,סנו זאוול סמיכה 4 ליטר,,,סנו זאוול סמיכה 4 לי,ליטרים,0.00,ליטר,false,1,16.90,16.90,true,1,
7290000295404,false,סנו סושי אשפה  60 שקיות 50/70,,,סנו סושי אשפה  60 שק,Unknown,0.00,Unknown,false,1,21.90,21.90,true,1,
7290000295503,false,סנו סושי 150 שקיות בקרטון צמד,,,סנו סושי 150 שקיות ב,Unknown,0.00,Unknown,false,1,13.90,13.90,true,1,
7290000295541,false,סנו רב מגבת גמבו,,,סנו רב מגבת גמבו,Unknown,0.00,Unknown,false,1,16.90,16.90,true,1,
7290000300900,false,שניצל תירס 750 גרם טבעול,,,שניצל תירס 750 גרם,גרמים,750.00,100 גרם,false,1,24.90,3.32,true,1,
7290000313160,false,עוגיות חברים זהבה 3 הדובים שוקו 250 גרם,,,עוגיות חברים זהבה 3,גרמים,250.00,100 גרם,false,1,9.90,3.96,true,1,
7290000313528,false,חלת שמרים,,,חלה בית מאפה שמרים,Unknown,0.00,Unknown,false,1,15.90,15.90,true,1,
7290000315126,false,ציר עוף 300 גרם קנור,,,ציר עוף 300 גרם קנור,גרמים,300.00,100 גרם,false,1,26.50,8.83,true,1,
7290000315133,false,ציר בקר 300 גרם קנור,,,ציר בקר 300 גרם קנור,גרמים,300.00,100 גרם,false,1,26.50,8.83,true,1,
7290000336053,false,סיידר תרכיז 330 מל זכוכית,,,"סיידר תרכיז 330 מ""ל",מיליליטרים,330.00,"100 מ""ל",false,1,13.60,4.12,true,1,
7290000342832,false,בדין 4 ליטר צהוב,,IL,מרכך כביסה בדין צהוב,ליטרים,0.00,ליטר,false,1,19.90,19.90,true,1,
7290000342856,false,בדין 4 ליטר כחול,,,בדין 4 ליטר כחול,ליטרים,0.00,ליטר,false,1,19.90,19.90,true,1,
7290000345116,false,תה ויסוצקי ירוק 125 גרם,,,תה ויסוצקי ירוק 125,גרמים,125.00,100 גרם,false,1,14.90,11.92,true,1,
7290000345208,false,תה ויסוצקי 25 שקיקים 1 גרם,,,תה ויסוצקי 25 שקיקים,Unknown,0.00,Unknown,false,1,7.70,7.70,true,1,
7290000345215,false,תה קלאסיק 100 שקיקים * 1 גרם,,IL,תה קלאסיק 100 שקיקים,גרמים,100.00,100 גרם,false,1,15.90,15.90,true,1,
7290000345260,false,תה ויסוצקי 25 שקיקים 1.5 גרם,,,תה ויסוצקי 25 שקיקים,Unknown,0.00,Unknown,false,1,8.40,8.40,true,1,
7290000345284,false,תה קלאסיק 100 שקיקים * 1.5 גרם,,IL,תה קלאסיק 100 שקיקים,גרמים,150.00,100 גרם,false,1,16.90,11.27,true,1,
7290000345307,false,תה ארל גריי 50 שקיקים 1.5 גרם,,,תה ארל גריי 50 שקיקי,Unknown,0.00,Unknown,false,1,29.90,29.90,true,1,
7290000345666,false,תה אינגליש ברקפסט 25 שקיקים 2 גרם,,,תה אינגליש ברקפסט 25,Unknown,0.00,Unknown,false,1,17.60,17.60,true,1,
7290000346021,false,חליטת קמומיל בבונג גן קסום 50 שקיקים,,,חליטת קמומיל בבונג ג,Unknown,0.00,Unknown,false,1,35.90,35.90,true,1,
7290000346120,false,חליטת קסם הקינמון 25 שקיקים גן קסום,,,חליטת קסם הקינמון 25,Unknown,0.00,Unknown,false,1,18.90,18.90,true,1,
7290000346137,false,חליטת הילולי פירות 25 שקיקים גן קסום,,,חליטת הילולי פירות,Unknown,0.00,Unknown,false,1,18.90,18.90,true,1,
7290000346168,false,חליטת שומר 25 שקיקים גן קסום,,,חליטת שומר 25 שקיקים,Unknown,0.00,Unknown,false,1,18.90,18.90,true,1,
7290000346205,false,חליטת קמומיל 25 שקיקים הגן קסום,,,חליטת קמומיל 25 שקיק,Unknown,0.00,Unknown,false,1,18.90,18.90,true,1,
7290000346960,false,תה נענע 50 שקיקים 1.5 גרם,,,תה נענע 50 שקיקים,Unknown,0.00,Unknown,false,1,38.90,38.90,true,1,
7290000363011,false,סלמי קוניאק מובחר טירת צבי במשקל,,,סלמי קוניאק מובחר,Unknown,0.00,"ק""ג",true,0,75.00,75.00,true,1,
7290000363899,false,נקניקיות פיקנטיות 400 גרםטירת צבי,,,נקניקיות פיקנטיות,גרמים,400.00,100 גרם,false,1,12.90,3.23,true,1,
7290000364261,false,סלסולי כתף בקר 120גר טירת צבי,,,סלסולי כתף בקר 120גר,גרמים,120.00,100 גרם,false,1,14.90,12.42,true,1,
7290000364278,false,סלסולי סלמי איטלקי משובח  120גרטירת צבי,,,סלסולי סלמי איטלקי,גרמים,120.00,100 גרם,false,1,14.90,12.42,true,1,
7290000364285,false,סלסולי פסטרמה הודו  120גרטירת צבי,,,סלסולי פסטרמה הודו,גרמים,120.00,100 גרם,false,1,14.90,12.42,true,1,
7290000364292,false,סלסולי גחלים 120גר טירת צבי,,,סלסולי גחלים 120גר,גרמים,120.00,100 גרם,false,1,14.90,12.42,true,1,
7290000364858,false,"טירת צבי נקניקיות עוף טרי 1 ק""ג",,,טירת צבי נקניקיות עו,קילוגרמים,0.00,"ק""ג",false,1,22.90,22.90,true,1,
7290000364872,false,נקניקיות עוף 400 גרםטירת צבי,,,נקניקיות עוף 400 גרם,גרמים,400.00,100 גרם,false,1,13.90,3.48,true,1,
7290000365398,false,חזה הודו בדבשטירת צבי,,,חזה הודו בדבש,Unknown,0.00,"ק""ג",true,0,85.00,85.00,true,1,
7290000367590,false,צמד כפרי טירת צבי 800 גרם,,,צמד כפרי טירת צבי,גרמים,800.00,100 גרם,false,1,26.90,3.36,true,1,
7290000369037,false,קוביות בולגרית מתובלות 200 גר,,,קוביות בולגרית מתובל,גרמים,200.00,100 גרם,false,1,17.70,8.85,true,1,
7290000369365,false,בולגרית למריחה עם חציל 200 גר,,,בולגרית למריחה עם חצ,גרמים,200.00,100 גרם,false,1,15.60,7.80,true,1,
7290000369617,false,כדורי פטה מתובלים 150 גר,,,כדורי פטה מתובלים 15,גרמים,150.00,100 גרם,false,1,17.70,11.80,true,1,
7290000369709,false,חמאה  מתובלת 100 גר,,,חמאה  מתובלת 100 גר,גרמים,100.00,100 גרם,false,1,15.60,15.60,true,1,
7290000377209,false,בוטן מטוגן 200 גרם,,,בוטן מטוגן 200 גרם,גרמים,200.00,100 גרם,false,1,8.30,4.15,true,1,
7290000377445,false,חטיף נש צאנס 200 גרם,,,חטיף נש צאנס 200 גרם,גרמים,200.00,100 גרם,false,1,9.90,4.95,true,1,
7290000377452,false,גרעיני אבטיח שקית 200 גרם,,,גרעיני אבטיח שקית 20,גרמים,200.00,100 גרם,false,1,14.60,7.30,true,1,
7290000408316,false,יוגורט דנונה דל לקטוז 200 גרם,,,דנונה דל לקטוז,גרמים,200.00,100 גרם,false,1,3.70,1.85,true,1,
7290000408354,false,דנונה בר פצפוצים 173 גר,,,דנונה בר פצפוצים 173,גרמים,173.00,100 גרם,false,1,4.60,2.66,true,1,
7290000416021,false,ממרח השחר 500 גרם,,,ממרח השחר 500 גרם,גרמים,500.00,100 גרם,false,1,13.90,2.78,true,1,
7290000416045,false,"ממרח השחר 1 ק""ג",,,"ממרח השחר 1 ק""ג",גרמים,1000.00,100 גרם,false,1,24.90,2.49,true,1,
7290000419107,false,קפה לנדור כחול 100 גרם,,,קפה לנדור כחול 100 ג,גרמים,100.00,100 גרם,false,1,8.30,8.30,true,1,
7290000419893,false,קפה לנדוור לבוקר טחון טורקי 100 ג,,,קפה לנדוור לבוקר טחו,גרמים,100.00,100 גרם,false,1,8.30,8.30,true,1,
7290000419909,false,קפה לנדוור טעם אקספרסו טחון טורקי 100ג,,,קפה לנדוור טעם אקספר,גרמים,100.00,100 גרם,false,1,8.30,8.30,true,1,
7290000420325,false,פופ קורן טבעי למיקרוגל 5 יח,,,פופ קורן טבעי למיקרו,גרמים,300.00,100 גרם,false,1,12.90,4.30,true,1,
7290000420332,false,פופ קורן חמאה למיקרוגל 5 יח,,,פופ קורן חמאה למיקרו,גרמים,300.00,100 גרם,false,1,12.90,4.30,true,1,
7290000430102,false,"קוביות קרח 2 ק""ג",,,"קוביות קרח 2 ק""ג",קילוגרמים,0.00,"ק""ג",false,1,10.90,10.90,true,1,
7290000432663,false,נרות חימום 10 קוד,,,נרות חימום 10 קוד,Unknown,0.00,Unknown,false,1,6.00,6.00,true,1,
7290000446547,false,חמאת בוטנים ב.ד 350 גרם,,,חמאת בוטנים טבעית בט,גרמים,350.00,100 גרם,false,1,14.20,4.06,true,1,
7290000446554,false,חמאת בוטנים טבעית בט,,,חמאת בוטנים טבעית בט,גרמים,1000.00,100 גרם,false,1,26.90,2.69,true,1,
7290000453408,false,בצק פיצה דק מצונן ומוכן לאפיה 415 גר,,FR,בצק פיצה דק מצונן,גרמים,415.00,100 גרם,false,1,17.50,4.22,true,1,
7290000453422,false,בצק פילו ומוכן לאפיה 300 גר,,FR,בצק פילו מוכן לאפיה,גרמים,300.00,100 גרם,false,1,16.70,5.57,true,1,
7290000453781,false,שמרים יבשים שמרית 125 גרם,,PT,שמרים יבשים שמרית 12,גרמים,125.00,100 גרם,false,1,6.90,5.52,true,1,
7290000453866,false,נטורינה קוקוס שמרית 200 גרם,,,נטורינה קוקוס שמרית,גרמים,200.00,100 גרם,false,1,7.30,3.65,true,1,
7290000461625,false,בייגלה שמיניות מלוח 400 גרם,,,בייגלה שמיניות מלוח,גרמים,400.00,100 גרם,false,1,13.50,3.38,true,1,
7290000461656,false,בייגלה אחד אחד 400 גרם,,,בייגלה אחד אחד 400 ג,גרמים,400.00,100 גרם,false,1,13.50,3.38,true,1,
7290000461700,false,בייגל גדול גדול 400 גרם,,,בייגל גדול גדול 400,גרמים,400.00,100 גרם,false,1,16.70,4.18,true,1,
7290000461793,false,מקלות ארוך 150 גרם,,,מקלות ארוך 150 גרם,גרמים,150.00,100 גרם,false,1,7.30,4.87,true,1,
7290000462141,false,זחוק אדום מריף מאוד 150גר,,,זחוק אדום מריף מאוד,גרמים,350.00,100 גרם,false,1,10.40,2.97,true,1,
7290000467320,false,חומוס אבו מרוואן 400 גר,,,חומוס אבו מרוואן 400,גרמים,400.00,100 גרם,false,1,13.90,3.48,true,1,
7290000469638,false,ספריי מריטו לגיהוץ קל 500 מל,,,ספריי מריטו לגיהוץ ק,מיליליטרים,500.00,"100 מ""ל",false,1,25.20,5.04,true,1,
7290000474090,false,חלב 1% בקרטון 1 ליטר,,,חלב 1% בקרטון 1 ליטר,מיליליטרים,1000.00,"100 מ""ל",false,1,5.86,0.59,true,1,
7290000474373,false,"שמנת חמוצה 200 מ""ל",,,"שמנת חמוצה 200 מ""ל",מיליליטרים,200.00,"100 מ""ל",false,1,2.40,1.20,true,1,
7290000474502,false,גבינה לבנה 5% 250 גר,,,גבינה לבנה 5%,גרמים,250.00,100 גרם,false,1,4.98,1.99,true,1,
7290000474540,false,טוב טעם 250 גרם,,,טוב טעם 250 גרם,גרמים,250.00,100 גרם,false,1,11.90,4.76,true,1,
7290000480107,false,קוואקר שיבולת שועל פחית 500 גר,,,קוואקר שיבולת שועל פ,גרמים,500.00,100 גרם,false,1,12.90,2.58,true,1,
7290000480442,false,קוואקר 500 גרם שקית,,,קוואקר 500 גרם שקית,גרמים,500.00,100 גרם,false,1,12.80,2.56,true,1,
7290000483641,false,מרציפן חלה המרשלג 75 גרם,,,מרציפן חלה המרשלג 75,גרמים,75.00,100 גרם,false,1,9.60,12.80,true,1,
7290000483887,false,מרציפן המרשלג ללא תוספת סוכר 75 גרם,,,מרציפן המרשלג ללא תו,גרמים,75.00,100 גרם,false,1,16.20,21.60,true,1,
7290000493183,false,אבקת רוטב פטריות לבשר-30 גרם,,,אבקת רוטב פטריות לבש,גרמים,30.00,100 גרם,false,1,5.50,18.33,true,1,
7290000497044,false,לחם ברמן אקטיב 750 גר,,,לחם ברמן אקטיב 750 ג,גרמים,750.00,100 גרם,false,1,15.90,2.12,true,1,
7290000497112,false,אחיד פרוס ברמן,,,אחיד פרוס ברמן,גרמים,750.00,100 גרם,false,1,7.11,0.95,true,1,
7290000497228,false,שש לחמניות בשקית,,,שש לחמניות בשקית,גרמים,450.00,100 גרם,false,1,10.50,2.33,true,1,
7290000497273,false,לחמניות אקטיב ברמן 450 גר,,,לחמניות אקטיב ברמן 4,גרמים,450.00,100 גרם,false,1,14.50,3.22,true,1,
7290000497303,false,שש לחמניות בשקית,,,שש לחמניות בשקית,גרמים,450.00,100 גרם,false,1,12.50,2.78,true,1,
7290000497426,false,לחם ברמן לענין פלוס 500 גרם,,,לחם ברמן לענין פלוס,גרמים,500.00,100 גרם,false,1,14.50,2.90,true,1,
7290000497532,false,לחם ברמן לעניין 750 גר,,,לחם ברמן לעניין 750,גרמים,750.00,100 גרם,false,1,14.50,1.93,true,1,
7290000497570,false,לחם דגנים פלוס ברמן 500 גרם,,,לחם דגנים פלוס ברמן,גרמים,500.00,100 גרם,false,1,14.50,2.90,true,1,
7290000498003,false,לחם מקמח חיטה מלא 750 גר,,,לחח מקמח חיטה מלא 75,גרמים,750.00,100 גרם,false,1,15.90,2.12,true,1,
7290000498034,false,לחם מקמח כוסמין מלא 750 גרם,,IL,לחם מקמח כוסמין מלא,גרמים,750.00,100 גרם,false,1,15.90,2.12,true,1,
7290000504025,false,סוכרזית פטריה 300 טבליות,,,סוכרזית פטריה 300 טב,גרמים,300.00,100 גרם,false,1,10.90,3.63,true,1,
7290000504261,false,סוויט דיאט כמו סוכר 75 גרם,,,סוויט דיאט כמו סוכר,Unknown,0.00,Unknown,false,1,33.90,33.90,true,1,
7290000504278,false,סוכרזית פטנט 700 טבליות,,,סוכרזית פטנט 700 טבל,גרמים,574.00,100 גרם,false,1,14.90,2.60,true,1,
7290000518190,false,מתוק וקל סטיביה 100 שקיות,,,מתוק וקל סטיביה 100,Unknown,0.00,Unknown,false,1,29.50,29.50,true,1,
7290000518220,false,סוכרה דיאט 100 שקיות,,,סוכרה דיאט 100 שקיות,גרמים,100.00,100 גרם,false,1,25.90,25.90,true,1,
7290000518251,false,מתוק וקל זהב 100 שקיות,,,מתוק וקל זהב 100 שקי,Unknown,0.00,Unknown,false,1,15.00,15.00,true,1,
7290000518336,false,MOOOSH צמר גפן מתוק,,IL,MOOOSH צמר גפן מתוק,גרמים,10.00,100 גרם,false,1,5.20,52.00,true,1,
7290000522159,false,חלב הרים טהור-עמיד- קרטון 1 לי 1%,,,חלב הרים טהור-עמיד-,מיליליטרים,1000.00,"100 מ""ל",false,1,9.40,0.94,true,1,
7290000522272,false,"שמנת לקפה 10% שומן 500 מ""ל",,,שמנת לקפה 10% שומן 5,מיליליטרים,500.00,"100 מ""ל",false,1,10.90,2.18,true,1,
7290000523125,false,מלח הארץ ים יבש  250 גרם,,,מלח הארץ ים יבש  250,גרמים,250.00,100 גרם,false,1,5.90,2.36,true,1,
7290000523224,false,מלח הארץ ים יבש  500 גרם,,,מלח הארץ ים יבש  500,גרמים,500.00,100 גרם,false,1,7.90,1.58,true,1,
7290000523514,false,מלח ים יבש מופחת נתרן 250 גר,,,מלח ים יבש מופחת נתר,גרמים,250.00,100 גרם,false,1,12.50,5.00,true,1,
7290000523521,false,מלח הארץ מועשר ביוד 250 גרם,,,מלח הארץ מועשר ביוד,גרמים,250.00,100 גרם,false,1,6.90,2.76,true,1,
7290000523811,false,מלח גס 1 קג צנצנת,,,"מלח גס 1 ק""ג צנצנת",גרמים,1000.00,100 גרם,false,1,9.00,0.90,true,1,
7290000525969,false,מיץ תפוזים סחוט 1 ל פרימור,,,מיץ תפוזים סחוט 1 ל,מיליליטרים,1000.00,"100 מ""ל",false,1,15.80,1.58,true,1,
7290000540931,false,עוגיות האחים 400 גרם פירמידה,,,עוגיות האחים 400 גרם,גרמים,400.00,100 גרם,false,1,13.50,3.38,true,1,
7290000542546,false,בגט צרפתי קלאסי,,,בגט אוטנטיק,Unknown,0.00,Unknown,false,1,8.90,8.90,true,1,
7290000554402,false,מעדן מלבי 160 גר,,,מעדן מלבי 160 גר,גרמים,160.00,100 גרם,false,1,5.60,3.50,true,1,
7290000554457,false,צפתית מיני 5% 350 גרם,,,צפתית מיני 5% 350 גר,גרמים,350.00,100 גרם,false,1,21.00,6.00,true,1,
7290000554471,false,מוצרלה 180 גרם,,,מוצרלה 180 גרם,גרמים,180.00,100 גרם,false,1,16.40,9.11,true,1,
7290000554532,false,צפתית מעודנת 5% במלח ים טבעי 200גר,,,צפתית מעודנת 5% במלח,גרמים,200.00,100 גרם,false,1,14.90,7.45,true,1,
7290000554600,false,מוצרלה מגורדת 300 גרם,,,מוצרלה מגורדת 300 גר,גרמים,300.00,100 גרם,false,1,24.90,8.30,true,1,
7290000554624,false,מעדן ירח מתוק 150 גר,,,מעדן ירח מתוק 150 גר,גרמים,150.00,100 גרם,false,1,5.60,3.73,true,1,
7290000554686,false,לבנה בשמן זית וזעתר 250 גר,,,לבנה בשמן זית וזעתר,גרמים,250.00,100 גרם,false,1,15.00,6.00,true,1,
7290000554822,false,ריקוטה 250 גרם,,,ריקוטה 250 גרם,גרמים,250.00,100 גרם,false,1,14.50,5.80,true,1,
7290000554839,false,גבינת מסקרפונה 250 גרם,,,גבינת מסקרפונה 250 ג,גרמים,250.00,100 גרם,false,1,20.90,8.36,true,1,
7290000555505,false,פיקדון זוג,,,פיקדון זוג,Unknown,0.00,Unknown,false,1,0.60,0.60,true,1,
7290000560557,false,אדג גל לרכוך העור,,,אדג גל לרכוך העור 19,גרמים,198.00,100 גרם,false,1,20.90,10.56,true,1,
7290000571232,false,גבינת גאודה טבעי פרוס 200 גרם,,,גבינת גאודה טבעי פרו,גרמים,200.00,100 גרם,false,1,22.90,11.45,true,1,
7290000571300,false,גבינת גאודה מעושנת פרוס 200 גרם,,,גבינת גאודה מעושנת,גרמים,200.00,100 גרם,false,1,22.90,11.45,true,1,
7290000571386,false,יוגורמה יוגורט כבשים 850 גר,,,יוגורמה יוגורט כבשים,גרמים,850.00,100 גרם,false,1,26.90,3.16,true,1,
7290000571881,false,"משקה יוגורט מחלב עיזים 3.6% 500 מ""ל",,,משקה יוגורט מחלב עיז,מיליליטרים,500.00,"100 מ""ל",false,1,12.50,2.50,true,1,
7290000571928,false,יוגורמה יוגורט כבשים עם אגוזים 140 גרם,,IL,יוגורמה יוגורט כבשים,גרמים,140.00,100 גרם,false,1,6.20,4.43,true,1,
7290000571935,false,יוגורמה יוגורט כבשים עם גרנולה 140 גר,,IL,יוגורמה יוגורט כבשים,גרמים,140.00,100 גרם,false,1,6.20,4.43,true,1,
7290000572536,false,אחווה חלווה ווניל במגש 400 גר,,,אחווה חלווה ווניל במ,גרמים,400.00,100 גרם,false,1,14.90,3.73,true,1,
7290000654546,false,פילה אמנון קפוא 7-9,,,פילה אמנון קפוא 7-9,Unknown,0.00,"ק""ג",true,0,36.90,36.90,true,1,
7290000688077,false,מי עדן פקק גדיל 500 מל,,,"מי עדן 500 מ""ל",מיליליטרים,500.00,"100 מ""ל",false,1,1.90,0.38,true,1,
7290000688381,false,"מי עדן שישיה אישי 500 מ""ל",,,מי עדן שישיה אישי,מיליליטרים,3000.00,"100 מ""ל",false,1,14.90,0.50,true,1,
7290000692456,false,אגקס לניקוי חלונות כחול 1.5 ליטר,,,אגקס לניקוי חלונות כ,ליטרים,0.00,ליטר,false,1,25.90,25.90,true,1,
7290000742540,false,לחם מיוחד בריאות של שמרים,,,לחם מיוחד בריאות,Unknown,0.00,Unknown,false,1,21.90,21.90,true,1,
7290000789538,false,קרנץ שמרים,,,קרנץ שמרים,Unknown,0.00,Unknown,false,1,43.90,43.90,true,1,
7290000801476,false,אקמול לשיכוך כאבים וחום,,,אקמול לשיכוך כאבים ו,Unknown,0.00,Unknown,false,1,15.90,15.90,true,1,
7290000801483,false,אקמול טו גו לשיכוך כאבים וחום,,,אקמול טו גו לשיכוך כ,Unknown,0.00,Unknown,false,1,19.90,19.90,true,1,
7290000803180,false,"מרידול מי פה 400 מ""ל",,,"מרידול מי פה 400 מ""ל",מיליליטרים,400.00,"100 מ""ל",false,1,34.50,8.63,true,1,
7290000805900,false,לה-קט 2.85 קג עוף,,,לה קט 2.85 קג עוף,קילוגרמים,0.00,"ק""ג",false,1,59.90,59.90,true,1,
7290000805917,false,לה-קט 2.85 קג כבד,,,לה-קט 2.85 קג כבד,קילוגרמים,0.00,"ק""ג",false,1,59.90,59.90,true,1,
7290000850160,false,"נורופן לילדים בטעם תפוז 100 מ""ל",,,נורופן לילדים בטעם ת,מיליליטרים,100.00,"100 מ""ל",false,1,25.90,25.90,true,1,
7290000993461,false,שרי צהוב,,,שרי צהוב,Unknown,0.00,Unknown,false,1,11.90,11.90,true,1,
7290000993560,false,שרי מנומר,,,שרי מנומר,Unknown,0.00,Unknown,false,1,12.90,12.90,true,1,
7290000995410,false,נבטים סינים,,,נבטים סינים,Unknown,0.00,Unknown,false,1,7.90,7.90,true,1,
7290000995441,false,קייל - כרוב על,,,קייל - כרוב על,Unknown,0.00,Unknown,false,1,16.90,16.90,true,1,
7290000995939,false,פטרוזיליה,,,פטרוזיליה,Unknown,0.00,Unknown,false,1,5.90,5.90,true,1,
7290000995953,false,כוסברה,,,כוסברה,Unknown,0.00,Unknown,false,1,5.90,5.90,true,1,
7290001072127,false,אל סבון ירוק+משאבה 1ל נובו,,,אל סבון ירוק+משאבה 1,Unknown,0.00,Unknown,false,12,9.90,9.90,true,1,
7290001072134,false,אל סבון סגול+משאבה 1ל נובו,,,אל סבון סגול+משאבה 1,Unknown,0.00,Unknown,false,12,9.90,9.90,true,1,
7290001111500,false,לחם מחמצת בטעמים 700 גרם,,,לחם מחמצת בטעמים 700,גרמים,700.00,100 גרם,false,1,18.30,2.61,true,1,
7290001201589,false,ביצים אריזון 12 גדול,,,ביצים אריזון 12 גדול,Unknown,0.00,Unknown,false,1,12.05,12.05,true,1,
7290001201824,false,ביצים אורגניות 12 יח L,,,ביצים אורגניות 12 יח,Unknown,0.00,Unknown,false,1,21.90,21.90,true,1,
7290001201862,false,ביצי חופש 12 יח L,,,ביצי חופש 12 יח L,Unknown,0.00,Unknown,false,1,19.50,19.50,true,1,
7290001201893,false,ביצים אומגה M 12 יח,,,ביצים אומגה M 12 יח,יחידה,1.00,יחידה,false,1,18.90,18.90,true,1,
7290001216040,false,טחינה 500 גרם טחינת אל-ארז,,,טחינה 500 גרם טחינת,גרמים,500.00,100 גרם,false,1,16.20,3.24,true,1,
7290001216057,false,"טחינה 1 ק""ג טחינת אל-ארז",,,"טחינה 1 ק""ג טחינת אל",גרמים,500.00,100 גרם,false,1,32.30,6.46,true,1,
7290001216231,false,טחינה מלאה 500 גרם טחינת אל-ארז,,,טחינה מלאה 500 גרם ט,גרמים,500.00,100 גרם,false,1,17.20,3.44,true,1,
7290001230234,false,כאמל סופט חפיסה,,,כאמל סופט חפיסה,Unknown,0.00,Unknown,false,1,30.90,30.90,true,1,
7290001230331,false,כאמל בוקס חפיסה,,,כאמל בוקס חפיסה,Unknown,0.00,Unknown,false,1,30.90,30.90,true,1,
7290001230739,false,כאמל כחול חפיסה,,,כאמל כחול חפיסה,Unknown,0.00,Unknown,false,1,30.90,30.90,true,1,
7290001231932,false,ווינסטון כחול בוקס חפיסה,,,ווינסטון כחול בוקס ח,Unknown,0.00,Unknown,false,1,32.00,32.00,true,1,
7290001235938,false,ווינסטון כחול ארוך,,,ווינסטון כחול ארוך,Unknown,0.00,Unknown,false,1,32.00,32.00,true,1,
7290001245712,false,אקונומיקה 4 ליטר טאצ,,,אקונומיקה 4 ליטר טאצ,Unknown,0.00,Unknown,false,1,9.90,9.90,true,1,
7290001247068,false,קרטונית נקטר ספרינג תות בננה 1 ליטר,,,קרטונית נקטר ספרינג,מיליליטרים,1000.00,"100 מ""ל",false,1,6.90,0.69,true,1,
7290001247082,false,קרטונית נקטר ספרינג עגבניות 1 ליטר,,,קרטונית נקטר ספרינג,מיליליטרים,1000.00,"100 מ""ל",false,1,6.60,0.66,true,1,
7290001247099,false,קרטונית נקטר ספרינג מנגו 1 ליטר,,,קרטונית נקטר ספרינג,מיליליטרים,1000.00,"100 מ""ל",false,1,6.90,0.69,true,1,
7290001247112,false,קרטונית נקטר ספרינג לימונענע 1 ליטר,,,קרטונית נקטר ספרינג,מיליליטרים,1000.00,"100 מ""ל",false,1,6.90,0.69,true,1,
7290001247129,false,קרטונית נקטר ספרינג תפוזים,,,קרטונית נקטר ספרינג,מיליליטרים,1000.00,"100 מ""ל",false,1,6.90,0.69,true,1,
7290001247143,false,קרטונית נקטר ספרינג תפוחים,,,קרטונית נקטר ספרינג,מיליליטרים,1000.00,"100 מ""ל",false,1,6.90,0.69,true,1,
7290001305188,false,פלמוליב לכלים אקטיב לימון 750 צהוב,,,פלמוליב לכלים אקטיב,מיליליטרים,750.00,"100 מ""ל",false,1,11.90,1.59,true,1,
7290001327180,false,קרמיסימו וניל ציפס 1.33 ליטר,,,קרמיסימו וניל ציפס 1,ליטרים,0.00,ליטר,false,1,21.90,21.90,true,1,
7290001330234,false,קייבסקי טורט,,,קייבסקי טורט,גרמים,600.00,100 גרם,false,1,93.90,15.65,true,1,
7290001330265,false,עוגת ערב בפראג עגול,,,עוגת ערב בפראג עגול,גרמים,900.00,100 גרם,false,1,93.90,10.43,true,1,
7290001330746,false,עוגת ליצן מלבנית,,,עוגת ליצן מלבנית,גרמים,450.00,100 גרם,false,1,52.50,11.67,true,1,
7290001330753,false,עוגת שחרחורת מלבנית,,,עוגת שחרחורת מלבנית,גרמים,450.00,100 גרם,false,1,52.50,11.67,true,1,
7290001330760,false,עוגת תותי פרוטי מלבנית,,,עוגת תותי פרוטי מלבנ,גרמים,450.00,100 גרם,false,1,52.50,11.67,true,1,
7290001330814,false,עוגת שזיף 900 גרם,,,עוגת שזיף 900 גרם,גרמים,900.00,100 גרם,false,1,93.90,10.43,true,1,
7290001330890,false,עוגה פולינז שוקו בונדוק 700 גר,,,עוגה פולינז שוקו,גרמים,450.00,100 גרם,false,1,86.90,19.31,true,1,
7290001330951,false,עוגה סיביר ריבת חלב 800גר,,,עוגה סיביר ריבת חלב,גרמים,800.00,100 גרם,false,1,93.90,11.74,true,1,
7290001330968,false,פחזניות קרם וניל 300 גר,,,פחזניות קרם וניל 300,גרמים,300.00,100 גרם,false,1,35.50,11.83,true,1,
7290001356166,false,סלמון מעושן 100 גרם,,,סלמון מעושן 100 גרם,גרמים,100.00,100 גרם,false,1,24.90,24.90,true,1,
7290001356173,false,סלמון פרוס 200 גרם,,,סלמון פרוס 200 גרם,גרמים,200.00,100 גרם,false,1,45.90,22.95,true,1,
7290001361009,false,טורט קייבסקי,,,טורט קייבסקי,גרמים,700.00,100 גרם,false,1,79.90,11.41,true,1,
7290001361016,false,עוגה גינגית  600 גרם,,,עוגה גינגית  600 גרם,גרמים,600.00,100 גרם,false,1,44.90,7.48,true,1,
7290001361054,false,אקלרים וניל 600 גרם,,,אקלרים וניל 600 גרם,גרמים,600.00,100 גרם,false,1,43.90,7.32,true,1,
7290001361177,false,עוגת דובדבנים,,,עוגת דובדבנים,גרמים,650.00,100 גרם,false,1,49.90,7.68,true,1,
7290001361207,false,עוגת אוכמניות,,,עוגת אוכמניות,גרמים,650.00,100 גרם,false,1,48.90,7.52,true,1,
7290001361290,false,טורט מוצרט 1גק,,,"טורט מוצרט 1 ק""ג",גרמים,1000.00,100 גרם,false,1,108.90,10.89,true,1,
7290001361580,false,פס היער השחור נטלי 550 גרם,,,פס היער השחור נטלי,גרמים,550.00,100 גרם,false,1,46.90,8.53,true,1,
7290001361894,false,פס טראפלס 500 גר,,,פס טראפלס 500 גר,גרמים,500.00,100 גרם,false,1,39.90,7.98,true,1,
7290001361924,false,פס גבינה פרורוים 500 גר,,,פס גבינה פרורוים 500,גרמים,500.00,100 גרם,false,1,39.90,7.98,true,1,
7290001361979,false,פס גבינה ללא סוכר 500 גר,,,"פס גבינה ללת""ס",גרמים,500.00,100 גרם,false,1,44.90,8.98,true,1,
7290001407547,false,טחינה משומשום מלא פי 6 500 גרם,,,טחינה משומשום מלא פי,גרמים,500.00,100 גרם,false,1,15.90,3.18,true,1,
7290001407769,false,טחינה משומשום מלא 500 גר בארכה,,,טחינה משומשום מלא,גרמים,500.00,100 גרם,false,1,17.80,3.56,true,1,
7290001407820,false,חלבה שאמית קלאסית 350 גרם,,,חלבה שאמית קלאסית 35,גרמים,350.00,100 גרם,false,1,17.30,4.94,true,1,
7290001427255,false,קשת מיץ תפוחים טבעי,,,קשת מיץ תפוחים טבעי,מיליליטרים,1000.00,"100 מ""ל",false,1,17.90,1.79,true,1,
7290001436790,false,מיני מרגז חריף 500 גרם,,,מיני מרגז חריף 500 ג,גרמים,500.00,100 גרם,false,1,29.50,5.90,true,1,
7290001468715,false,אבקת סוכר 100 גרם,,,אבקת סוכר 100 גרם,גרמים,100.00,100 גרם,false,1,1.60,1.60,true,1,
7290001482384,false,אננס חתוך וילי פוד 2,,VN,אננס חתוך וילי פוד 2,גרמים,227.00,100 גרם,false,1,4.80,2.11,true,1,
7290001485019,false,גבינה שמנת טבעי 5% 200 גר מהדרין,,,גבינה שמנת טבעי 5% 2,גרמים,200.00,100 גרם,false,1,12.90,6.45,true,1,
7290001581049,false,שיפודי פרגיות קפוא מזרע,,,שיפודי פרגיות קפואים,Unknown,0.00,"ק""ג",true,0,64.90,64.90,true,1,
7290001581094,false,כנפיים עוף ללא נוצות טרי,,,כנפיים עוף ללא נוצות,Unknown,0.00,"ק""ג",true,0,17.90,17.90,true,1,
7290001594025,false,קוקה קולה קלאסי 350 מל,,,קוקה קולה קלאסי 350,מיליליטרים,350.00,"100 מ""ל",false,1,6.10,1.74,true,1,
7290001594155,false,"קוקה קולה 500 מ""ל",,,"קוקה קולה 500 מ""ל",מיליליטרים,500.00,"100 מ""ל",false,1,7.50,1.50,true,1,
7290001594377,false,"פריגת תפוזים 500 מ""ל",,,"פריגת תפוזים 500 מ""ל",מיליליטרים,500.00,"100 מ""ל",false,1,5.90,1.18,true,1,
7290001594544,false,טובורג מאלט בקבוק 330 מ|ל,,,טובורג מאלט בקבוק 33,מיליליטרים,330.00,"100 מ""ל",false,1,5.90,1.79,true,1,
7290001594568,false,"קרלסברג פחית 500 מ""ל",,,"קרלסברג פחית 500 מ""ל",מיליליטרים,500.00,"100 מ""ל",false,1,9.20,1.84,true,1,
7290001594575,false,"טובורג 500 מ""ל",,,"בירה טובורג 500 מ""ל",מיליליטרים,500.00,"100 מ""ל",false,1,9.20,1.84,true,1,
7290001594810,false,"שישיית  מאלט 330 מ""ל בקבוקים",,,"שישיית מאלט 330 מ""ל",מיליליטרים,1980.00,"100 מ""ל",false,1,31.90,1.61,true,1,
7290001594858,false,"טובורג רד שישייה בקבוק 330 מ""ל",,,טובורג רד שישייה בקב,מיליליטרים,1980.00,"100 מ""ל",false,1,32.90,1.66,true,1,
7290001594865,false,"קרלסברג שישיה בקבוק 330 מ""ל",,,קרלסברג שישיה בקבוק,מיליליטרים,1980.00,"100 מ""ל",false,1,29.90,1.51,true,1,
7290001780428,false,מאגדת שישיית גלידיאט שלגוני שוקולד,,,מאגדת שישיית גלידיאט,גרמים,312.00,100 גרם,false,1,27.90,8.94,true,1,
7290001780800,false,קראנץ ליבת נוגט,,,קראנץ ליבת נוגט,Unknown,0.00,Unknown,false,1,9.90,9.90,true,1,
7290001791349,false,פסגה אקונומיקה 4 ליטר,,,פסגה אקונומיקה 4 ליט,ליטרים,0.00,ליטר,false,1,9.90,9.90,true,1,
7290001817728,false,ציטוס כאפה עידן הקרח 55 גרם,,,ציטוס כאפה עידן הקרח,גרמים,55.00,100 גרם,false,1,3.50,6.36,true,1,
7290001881040,false,מלפפון בייבי 600 גרם,,IL,מלפפון בייבי 600 גרם,גרמים,600.00,100 גרם,false,1,31.50,5.25,true,1,
7290001881095,false,עגבניות שרי 1 קג,,,עגבניות שרי 1 קג,קילוגרמים,0.00,"ק""ג",false,1,29.50,29.50,true,1,
7290001881873,false,כרוב עם חמוציות 1 קג,,,כרוב עם חמוציות 1 קג,קילוגרמים,0.00,"ק""ג",false,1,20.90,20.90,true,1,
7290001901656,false,היימיש פיש הדג המיוחד 7 קציצות 600 גרם,,,היימיש פיש הדג המיוח,גרמים,600.00,100 גרם,false,1,17.90,2.98,true,1,
7290001901670,false,גפילטע פיש גולד ללא סוכר 470 ג הדג המיוח,,,גפילטע פיש גולד ללא,גרמים,470.00,100 גרם,false,1,24.90,5.30,true,1,
7290001975992,false,"בירה ויינשטפן 330 מ""ל",,,"בירה ויינשטפן 330 מ""",מיליליטרים,330.00,"100 מ""ל",false,1,14.50,4.39,true,1,
7290001990094,false,סוכר חום קלאסי בצנצנת 1 קג,,,סוכר חום קלאסי בצנצנ,גרמים,1000.00,100 גרם,false,1,15.60,1.56,true,1,
7290001990148,false,סוכר גולדן קלאסי צנצנת 1 קג,,,סוכר גולדן קלאסי צנצ,גרמים,1000.00,100 גרם,false,1,12.90,1.29,true,1,
7290001990261,false,"חומוס 1 ק""ג",,,"חומוס 1 ק""ג",גרמים,1000.00,100 גרם,false,1,14.90,1.49,true,1,
7290001990391,false,"אפונה 1 ק""ג",,,"אפונה 1 ק""ג",גרמים,1000.00,100 גרם,false,1,12.90,1.29,true,1,
7290001990414,false,עדשים אדומים 1 קג,,,"עדשים אדומים 1 ק""ג",גרמים,1000.00,100 גרם,false,1,15.60,1.56,true,1,
7290001990421,false,פופקורן 1 קג,,,"פופקורן 1 ק""ג",גרמים,1000.00,100 גרם,false,1,10.40,1.04,true,1,
7290002037057,false,לחם לבן פרוס ודש,,,לחם לבן פרוס ודש,גרמים,500.00,100 גרם,false,1,6.10,1.22,true,1,
7290002037125,false,חלה פרוסה,,,חלה פרוסה,גרמים,500.00,100 גרם,false,1,9.90,1.98,true,1,
7290002037309,false,שמיניית לחמניות המבורגר,,,שמיניית לחמניות המבו,גרמים,300.00,100 גרם,false,1,12.50,4.17,true,1,
7290002037637,false,מארז 4 חליות מתוקות,,,מארז 4 חליות מתוקות,גרמים,360.00,100 גרם,false,1,12.50,3.47,true,1,
7290002043065,false,פריכוני אורז חום מלא שוקולד מריר 70 גר,,,פריכוני אורז חום מלא,גרמים,70.00,100 גרם,false,0,8.90,12.71,true,1,
7290002043072,false,פריכוני אורז חום מלא שוקולד חלב 70 גרם,,,פריכוני אורז חום מלא,גרמים,70.00,100 גרם,false,0,8.90,12.71,true,1,
7290002043096,false,פריכוני אורז חום מלא שוקולד לבן 70 גרם,,,פריכוני אורז חום מלא,גרמים,70.00,100 גרם,false,0,8.90,12.71,true,1,
7290002043218,false,ציפס אורז חום מלא מלח 60 גרם,,BG,ציפס אורז חום מלא מל,Unknown,0.00,Unknown,false,0,6.90,6.90,true,1,
7290002043379,false,ציפס אורז חום מלא עדשים שחורות 60 גרם,,BG,ציפס אורז חום מלא עד,גרמים,60.00,100 גרם,false,0,7.90,13.17,true,1,
7290002057048,false,זית סורי מבוקע יבנה 540 גרם,,,זית סורי מבוקע יבנה,גרמים,540.00,100 גרם,false,1,12.50,2.31,true,1,
7290002057123,false,חרוזית ירוק יבנה 540 גרם,,,חרוזית ירוק יבנה 540,גרמים,540.00,100 גרם,false,1,9.60,1.78,true,1,
7290002057185,false,טבעות זיתים ירוק יבנה 540 גרם,,,טבעות זיתים ירוקים,גרמים,540.00,100 גרם,false,1,9.90,1.83,true,1,
7290002057369,false,מלפפון במלח יבנה 10-12,,,מלפפון במלח יבנה 10-,גרמים,540.00,100 גרם,false,1,7.90,1.46,true,1,
7290002057376,false,מלפפון במלח יבנה 13-17,,,מלפפון במלח יבנה 13-,גרמים,540.00,100 גרם,false,1,9.90,1.83,true,1,
7290002057383,false,מלפפון במלח 18-25 יבנה 540 גרם,,,מלפפון במלח 18-25 יב,גרמים,540.00,100 גרם,false,1,12.90,2.39,true,1,
7290002057468,false,מלפפון בחומץ יבנה 10-12,,,מלפפון בחומץ יבנה 10,גרמים,540.00,100 גרם,false,1,7.90,1.46,true,1,
7290002057475,false,מלפפון בחומץ יבנה 13-17,,,מלפפון בחומץ יבנה 13,גרמים,540.00,100 גרם,false,1,9.90,1.83,true,1,
7290002057482,false,מלפפון בחומץ 18-25 יבנה 540 גרם,,,מלפפון בחומץ 18-25 י,גרמים,540.00,100 גרם,false,1,12.90,2.39,true,1,
7290002057604,false,שימורי שיפקה יבנה 540 גרם A2,,,שימורי שיפקה יבנה 54,גרמים,540.00,100 גרם,false,1,6.60,1.22,true,1,
7290002057628,false,טבעות זיתים מושחר יבנה 540 גרם,,,טבעות זיתים מושחר יב,גרמים,540.00,100 גרם,false,1,9.90,1.83,true,1,
7290002073628,false,גאודה אגוזים הולנדי במשקל,,,גאודה אגוזים הולנדי,Unknown,0.00,"ק""ג",true,0,145.00,145.00,true,1,
7290002073680,false,גבינה קברה ביין ספרדי עיזים במשקל,,,גבינה קברה ביין ספרד,Unknown,0.00,"ק""ג",true,0,210.00,210.00,true,1,
7290002107491,false,גבינת עיזים למריחה 5% צוריאל 250 גר,,,גבינת עיזים למריחה 5,גרמים,250.00,100 גרם,false,1,16.90,6.76,true,1,
7290002107798,false,בולגרית בקר 5% בגביע 250 גר,,,בולגרית בקר 5% בגביע,גרמים,250.00,100 גרם,false,1,24.90,9.96,true,1,
7290002107965,false,צוריאל גבינה טבורוג 5% 500 גר,,,צוריאל גבינה טבורוג,גרמים,500.00,100 גרם,false,1,24.90,4.98,true,1,
7290002130567,false,דבש טהור יד מרדכי 350 גרם,,,דבש טהור יד מרדכי 35,גרמים,350.00,100 גרם,false,1,18.90,5.40,true,1,
7290002130574,false,דבש טהור 500 גר יד מרדכי זכוכית,,,דבש טהור יד מרדכי500,גרמים,500.00,100 גרם,false,1,24.70,4.94,true,1,
7290002132011,false,עבאדי עוגיות מזרחיות 400 גרם,,,עבאדי עוגיות מזרחיות,גרמים,400.00,100 גרם,false,1,18.90,4.73,true,1,
7290002133032,false,פתיתי קשקבל 300 גרם,,,פתיתי קשקבל 300 גרם,גרמים,300.00,100 גרם,false,1,30.50,10.17,true,1,
7290002133162,false,בולגרית % 5 בגביע 250 גר,,,בולגרית % 5 בגביע 25,גרמים,200.00,100 גרם,false,1,19.50,9.75,true,1,
7290002133612,false,יוגורט יווני אותנטי 180גר,,,יוגורט יווני אותנטי,גרמים,180.00,100 גרם,false,1,6.00,3.33,true,1,
7290002133643,false,פטה צאן 200 גרם בגביע,,,פטה צאן 200 גרם בגבי,גרמים,200.00,100 גרם,false,1,16.90,8.45,true,1,
7290002190516,false,ממרח ריבת חלב 500 גר,,,ממרח ריבת חלב 500 גר,גרמים,500.00,100 גרם,false,1,13.90,2.78,true,1,
7290002253006,false,שום כתוש בצנצנת 200 גר דורות,,,שום כתוש בצנצנת 200,גרמים,200.00,100 גרם,false,1,16.90,8.45,true,1,
7290002253167,false,מגשית פטרוזיליה דורות  70 גר,,,מגשית פטרוזיליה דורו,גרמים,70.00,100 גרם,false,1,12.50,17.86,true,1,
7290002253198,false,מגשית גינגר כתוש קפוא 70גר,,,מגשית גינגר כתוש קפו,גרמים,70.00,100 גרם,false,1,13.50,19.29,true,1,
7290002263562,false,"מיץ לימון משומר 200 מ""ל",,,מיץ לימון משומר 200,מיליליטרים,200.00,"100 מ""ל",false,0,6.90,3.45,true,1,
7290002263661,false,"מיץ לימון 100% טבעי 250 מ""ל",,IT,מיץ לימון 100% טבעי,מיליליטרים,250.00,"100 מ""ל",false,0,7.50,3.00,true,1,
7290002291046,false,המבורגר מסעדות 480 גרם,,,המבורגר מסעדות 480 ג,גרמים,480.00,100 גרם,false,1,26.90,5.60,true,1,
7290002304609,false,קונפיטורה ביתי ענבי ציון תות 600 גרם,,IL,קונפיטורה ביתי ענבי,גרמים,600.00,100 גרם,false,1,19.90,3.32,true,1,
7290002304623,false,קונפיטורה ביתי ענבי ציון פירות יער 600 גר,,IL,קונפיטורה ביתי ענבי,גרמים,600.00,100 גרם,false,1,19.90,3.32,true,1,
7290002304661,false,קונפיטורה ביתי ענבי ציון אוכמניות 600 גרם,,IL,קונפיטורה ביתי ענבי,גרמים,600.00,100 גרם,false,1,19.90,3.32,true,1,
7290002331025,false,נביעות 500 מל פקק ספורט,,,"נביעות 500 מ""ל",מיליליטרים,500.00,"100 מ""ל",false,1,5.90,1.18,true,1,
7290002331360,false,"שישיית מים נביעות 500 מ""ל",,,שישיית מים נביעות,מיליליטרים,3000.00,"100 מ""ל",false,1,14.90,0.50,true,1,
7290002331421,false,שישיית נביעות 755 מל,,,"שישיית נביעות 755 מ""",מיליליטרים,4530.00,"100 מ""ל",false,1,16.90,0.37,true,1,
7290002360278,false,תה חליטת פומפדור מנטה 20 יח,,,תה חליטת מנטה 20 יח,Unknown,0.00,Unknown,false,1,18.80,18.80,true,1,
7290002371526,false,סלסולי פסטרמה שום וצילי 120 גר טירת צבי,,,סלסולי פסטרמה שום,גרמים,120.00,100 גרם,false,1,14.90,12.42,true,1,
7290002371533,false,סלסולי פסטרמה ודבש 120 גר טירת צבי,,,סלסולי פסטרמה ודבש 1,גרמים,120.00,100 גרם,false,1,14.90,12.42,true,1,
7290002371571,false,פסטרמה פרגיות לבאגט במשקלטירת צבי,,,פסטרמה פרגיות לבאגט,Unknown,0.00,"ק""ג",true,0,85.00,85.00,true,1,
7290002371854,false,"נקניקיות חריפות 1 ק""ג טירת צבי",,,נקניקיות חריפות 1 קג,קילוגרמים,0.00,"ק""ג",false,1,22.90,22.90,true,1,
7290002374312,false,שמן קנולה 1 ליטר,,,שמן קנולה 1 ליטר,מיליליטרים,1000.00,"100 מ""ל",false,1,10.90,1.09,true,1,
7290002374640,false,שמן קנולה פלוס אומגה 3 1 ליטר עץ הזית,,,שמן קנולה פלוס אומגה,מיליליטרים,1000.00,"100 מ""ל",false,1,16.90,1.69,true,1,
7290002385196,false,גבינת דיניש בלו במשקל,,,גבינת דיניש בלו במשק,Unknown,0.00,"ק""ג",true,0,139.00,139.00,true,1,
7290002408178,false,ינטר קרם 235 גרם,,NL,ינטר קרם 235 גרם,גרמים,235.00,100 גרם,false,1,16.70,7.11,true,1,
7290002408468,false,"איירן 300 מ""ל",,IL,"איירן 300 מ""ל",מיליליטרים,300.00,"100 מ""ל",false,0,6.20,2.07,true,1,
7290002408505,false,גבינת לטבייסקי ממרח בסיס על שמנת 350 גרם,,LV,גבינת לטבייסקי ממרח,גרמים,350.00,100 גרם,false,0,10.40,2.97,true,1,
7290002408840,false,מוצרלה איטלקית במשקל,,,מוצרלה איטלקית במשקל,Unknown,0.00,"ק""ג",true,0,90.00,90.00,true,1,
7290002421153,false,גבינת חלומי תרשיחא 180 גרם,,,גבינת חלומי תרשיחא 1,גרמים,180.00,100 גרם,false,1,24.90,13.83,true,1,
7290002421160,false,גבינת פטה 19% 160 גרם,,,גבינת פטה 19% 160 גר,גרמים,160.00,100 גרם,false,1,23.90,14.94,true,1,
7290002421399,false,גבינת גאודה צילי 200 גרם,,,גבינת גאודה צילי 200,גרמים,200.00,100 גרם,false,1,24.90,12.45,true,1,
7290002421610,false,גבינת פרמזן 200 גרם,,,גבינת פרמזן 200 גרם,גרמים,200.00,100 גרם,false,1,37.70,18.85,true,1,
7290002477556,false,כבד עוף טרי,,,כבד עוף טרי,Unknown,0.00,"ק""ג",true,0,19.90,19.90,true,1,
7290002485049,false,חומוס מסבחה 500גר,,,חומוס מסבחה 500גר,גרמים,500.00,100 גרם,false,1,16.20,3.24,true,1,
7290002485063,false,חומוס אבו גוש 500גר,,,חומוס אבו גוש 500גר,גרמים,500.00,100 גרם,false,1,16.20,3.24,true,1,
7290002488422,false,תמר מגהול פרימיום 600 גרם,,IL,תמר מגהול פרימיום 60,גרמים,600.00,100 גרם,false,1,19.90,3.32,true,1,
7290002543237,false,קלוגס קורן פלקס 750 גרם,,,קלוגס קורן פלקס 750,גרמים,750.00,100 גרם,false,1,14.90,1.99,true,1,
7290002544227,false,ממרח זיתים שחורים 190 גרם,,,ממרח זיתים שחורים,גרמים,190.00,100 גרם,false,1,20.90,11.00,true,1,
7290002544234,false,ממרח עגבניות מיובשות 190 גרם,,,ממרח עגבניות מיובשות,גרמים,190.00,100 גרם,false,1,20.90,11.00,true,1,
7290002551003,false,טונה סטארקיסט בשמן 160 גרם,,,טונה סטארקיסט בשמן,גרמים,160.00,100 גרם,false,1,7.40,4.63,true,1,
7290002551010,false,טונה סטארקיסט במים 160 גרם,,,טונה סטארקיסט במים,גרמים,160.00,100 גרם,false,1,7.40,4.63,true,1,
7290002603474,false,פיצה רוטב פטריות בטעם כמהין שגב 200 גר,,,פיצה רוטב פטריות בטע,גרמים,200.00,100 גרם,false,1,16.90,8.45,true,1,
7290002603498,false,פיצה אנטיפסטי שגב 200 גר,,,פיצה אנטיפסטי שגב 20,גרמים,200.00,100 גרם,false,1,16.90,8.45,true,1,
7290002617013,false,מונטניולו גרמני במשקל,,,מונטניולו גרמני במשק,Unknown,0.00,"ק""ג",true,0,168.00,168.00,true,1,
7290002617518,false,צוריסוס עגל קפוא,,,צוריסוס עגל קפוא,Unknown,0.00,"ק""ג",true,0,69.90,69.90,true,1,
7290002617709,false,"שרימפס מקולף גמבו 1 ק""ג קפוא 16/20",,,שרימפס מקולף גמבו 1,קילוגרמים,0.00,"ק""ג",false,1,135.90,135.90,true,1,
7290002617723,false,"שרימפס מקולף 1 ק""ג גדול קפוא 26/30",,,שרימפס מקולף גדול,קילוגרמים,0.00,"ק""ג",false,1,109.90,109.90,true,1,
7290002627210,false,גפילטע פיש 570 גר,,,גפילטע פיש 570 גר,גרמים,570.00,100 גרם,false,1,15.60,2.74,true,1,
7290002661153,false,"לחם דני קל 1 ק""ג",,,"לחם דני קל 1 ק""ג",גרמים,1000.00,100 גרם,false,1,15.90,1.59,true,1,
7290002692393,false,שמן קנולה עץ הזית 1 ל מועשר,,,שמן קנולה עץ הזית 1,מיליליטרים,1000.00,"100 מ""ל",false,1,15.90,1.59,true,1,
7290002692768,false,"תרסיס שמן קנולה מזוכך עץ הזית 200 מ""ל",,IL,תרסיס שמן קנולה מזוכ,מיליליטרים,200.00,"100 מ""ל",false,1,15.90,7.95,true,1,
7290002692782,false,"תרסיס שמן זית כתית מעולה עץ הזית 150 מ""ל",,IL,תרסיס שמן זית כתית מ,מיליליטרים,150.00,"100 מ""ל",false,1,15.90,10.60,true,1,
7290002697114,false,10 פיתות עבודת יד,,,10 פיתות עבודת יד,גרמים,500.00,100 גרם,false,1,16.90,3.38,true,1,
7290002697176,false,פיתה תימנית 5 יחידות עבודת יד,,,פיתה תימנית 5 יחידות,גרמים,500.00,100 גרם,false,1,7.90,1.58,true,1,
7290002715504,false,מרק עוף מגיק בכוס 70 גרם,,,מרק עוף מגיק בכוס 70,גרמים,70.00,100 גרם,false,1,4.90,7.00,true,1,
7290002715511,false,מרק בשר מגיק בכוס 70 גרם,,,מרק בשר מגיק בכוס 70,גרמים,70.00,100 גרם,false,1,4.90,7.00,true,1,
7290002715528,false,מרק ירקות מגיק בכוס 70 גרם,,,מרק ירקות מגיק בכוס,גרמים,70.00,100 גרם,false,1,4.90,7.00,true,1,
7290002730262,false,פלמוליב לכלים אקטיב קלאסי 750 ירוק,,,פלמוליב לכלים אקטיב,מיליליטרים,750.00,"100 מ""ל",false,1,11.90,1.59,true,1,
7290002730538,false,פדים להסרת איפור,,,בלונס מסיר איפור,Unknown,0.00,Unknown,false,1,11.40,11.40,true,1,
7290002730675,false,"משחת שיניים קולגייט משפחתי 100 מ""ל",,,משחת שיניים קולגייט,Unknown,0.00,Unknown,false,1,10.90,10.90,true,1,
7290002730958,false,סבון מוצק פלמוליב ירוק זית,,,סבון מוצק פלמוליב יר,גרמים,400.00,100 גרם,false,1,21.90,5.48,true,1,
7290002749059,false,מיני פולטבסקיה 290 גר,,,מיני פולטבסקיה 290 ג,גרמים,290.00,100 גרם,false,1,45.00,15.52,true,1,
7290002750963,false,בגט רוסטיק,,,רוסטיק שיפון,Unknown,0.00,Unknown,false,1,8.90,8.90,true,1,
7290002752493,false,טיק טק מנטה רביעייה 64 גר,,,טיק טק מנטה רביעייה,גרמים,64.00,100 גרם,false,1,10.90,17.03,true,1,
7290002753223,false,טיק טק תפוז רביעייה 64 גר,,,טיק טק תפוז רביעייה,גרמים,64.00,100 גרם,false,1,10.90,17.03,true,1,
7290002766056,false,עגבניות שרי,,,עגבניות שרי,Unknown,0.00,Unknown,false,1,12.90,12.90,true,1,
7290002771111,false,קפה עם הל 250 גרם,,,קפה עם הל 250 גרם,גרמים,250.00,100 גרם,false,1,16.50,6.60,true,1,
7290002771128,false,קפה בלי הל 250 גרם,,,קפה בלי הל 250 גרם,גרמים,250.00,100 גרם,false,1,16.50,6.60,true,1,
7290002793311,false,שירות והחלפה מילוי גז 60,,,שירות והחלפה מילוי ג,Unknown,0.00,Unknown,false,1,59.90,59.90,true,1,
7290002824183,false,סקי משפחתי 5% 500 גרם,,,סקי משפחתי 5% 500 גר,גרמים,500.00,100 גרם,false,1,9.96,1.99,true,1,
7290002824466,false,יוגורט דנונה ביו 0% 200 גרם,,,יוגורט דנונה ביו 0%,מיליליטרים,200.00,"100 מ""ל",false,1,3.70,1.85,true,1,
7290002824640,false,גבינת סקי 5% 250 גרם,,IL,גבינת סקי 5% 250 גרם,גרמים,250.00,100 גרם,false,1,4.98,1.99,true,1,
7290002825722,false,כרוב אדום 500 גר,,,כרוב אדום 500 גר,גרמים,500.00,100 גרם,false,1,14.20,2.84,true,1,
7290002837039,false,פרמזן דזוגס במשקל,,,פרמזן דזוגס במשקל,Unknown,0.00,"ק""ג",true,0,84.00,84.00,true,1,
7290002842002,false,מורנפלייק שיבולת שועל הכנה מהירה 500 גר,,GB,מורנפלייק שיבולת שוע,גרמים,500.00,100 גרם,false,1,11.90,2.38,true,1,
7290002842309,false,סרדין מינרבה בשמן 120 גרם,,,סרדין מינרבה בשמן 12,גרמים,120.00,100 גרם,false,1,8.90,7.42,true,1,
7290002842699,false,יולה מיץ שזיפים יבשים 946 מל,,,יולה מיץ שזיפים יבשי,מיליליטרים,946.00,"100 מ""ל",false,1,27.90,2.95,true,1,
7290002851721,false,מלפפון בייבי 600 גרם,,,מלפפון ביבי 600 גרם,גרמים,100.00,100 גרם,false,1,21.90,21.90,true,1,
7290002862208,false,ממרח צמיצורי 190 גרם,,,ממרח צמיצורי 190 גרם,גרמים,190.00,100 גרם,false,1,20.90,11.00,true,1,
7290002868996,false,קוטג 5% מועשר 250 גרם,,,קוטג 5% מועשר 250 גר,גרמים,250.00,100 גרם,false,1,5.90,2.36,true,1,
7290002879282,false,סומבררו-תירס טבעי 200 גרם,,,סומבררו-תירס טבעי 20,גרמים,200.00,100 גרם,false,1,18.50,9.25,true,1,
7290002881018,false,מעדן תות שדה 100% 284 גרם,,,מעדן תות שדה 100% 28,גרמים,284.00,100 גרם,false,1,14.90,5.25,true,1,
7290002881247,false,אננס שלם תומר 850 גרם,,,אננס שלם תומר 850 גר,גרמים,850.00,100 גרם,false,1,11.90,1.40,true,1,
7290002881278,false,אפרסק חצאים 820 גרם,,,אפרסק חצאים 820 גרם,גרמים,820.00,100 גרם,false,1,11.90,1.45,true,1,
7290002881414,false,נודלס עבה 400 גרם,,,נודלס עבה 400 גרם,גרמים,400.00,100 גרם,false,1,7.50,1.88,true,1,
7290002881506,false,חמאת בוטנים  500 גרם,,,חמאת בוטנים  500 גרם,גרמים,500.00,100 גרם,false,1,16.90,3.38,true,1,
7290002881513,false,חמאת בוטנים עם שברי בוטנים 500 גרם,,,חמאת בוטנים עם שברי,גרמים,500.00,100 גרם,false,1,16.90,3.38,true,1,
7290002881865,false,פטריות חתוכות 400 גר תומר,,,פטריות חתוכות 400 גר,גרמים,400.00,100 גרם,false,1,5.20,1.30,true,1,
7290002881919,false,שימורי פטריות 8 שלם 400 גר,,,שימורי פטריות 8 שלם,גרמים,400.00,100 גרם,false,1,8.10,2.03,true,1,
7290002909569,false,פילה ברבוניה 400 גרם,,,פילה ברבוניה 400 גרם,גרמים,400.00,100 גרם,false,1,22.90,5.73,true,1,
7290002909880,false,פולי סויה אדממה 400 גר בלדי,,,פולי סויה אדממה 400,גרמים,400.00,100 גרם,false,1,9.40,2.35,true,1,
7290002921240,false,שמפוזר קרבונה אדום,,,שמפוזר קרבונה אדום,מיליליטרים,650.00,"100 מ""ל",false,1,34.50,5.31,true,1,
7290002921349,false,סופר גלו 3 זוגי,,,סופר גלו 3 זוגי,Unknown,0.00,Unknown,false,1,13.90,13.90,true,1,
7290002966005,false,קוויאר אדום מאצות ים 100גר,,,קוויאר אדום מאצות ים,גרמים,100.00,100 גרם,false,1,13.90,13.90,true,1,
7290002966012,false,קוויאר שחור מאצות ים 100גר,,,קוויאר שחור מאצות ים,גרמים,100.00,100 גרם,false,1,13.90,13.90,true,1,
7290002966036,false,קוויאר שחור מאצות ים 120גר,,,קוויאר שחור מאצות ים,גרמים,120.00,100 גרם,false,1,13.90,11.58,true,1,
7290002966784,false,סלט איקרא ורודה 200 גרם,,IL,סלט איקרא ורודה 200,גרמים,200.00,100 גרם,false,1,13.90,6.95,true,1,
7290002966791,false,סלט איקרא לבנה 200 גרם,,IL,סלט איקרא לבנה 200 ג,גרמים,200.00,100 גרם,false,1,13.90,6.95,true,1,
7290002971009,false,"קמח לבן שטיבל 1 ק""ג",,,"קמח לבן שטיבל 1 ק""ג",גרמים,1000.00,100 גרם,false,1,4.80,0.48,true,1,
7290002971955,false,"קמח שטיבל 650 ללא ניפוי 1 ק""ג",,,קמח שטיבל 650 ללא ני,גרמים,1000.00,100 גרם,false,1,9.40,0.94,true,1,
7290002971962,false,"קמח שטיבל חיטה מלא ללא ניפוי 1 ק""ג",,,קמח שטיבל חיטה מלא ל,גרמים,1000.00,100 גרם,false,1,9.40,0.94,true,1,
7290002973676,false,"קמח שטיבל לחלה 18 ללא ניפוי 1 ק""ג",,,קמח שטיבל לחלה 18 לל,גרמים,1000.00,100 גרם,false,1,9.40,0.94,true,1,
7290002973829,false,"קמח כוסמין לבן ללא ניפוי שטיבל 1 ק""ג",,IL,קמח כוסמין לבן ללא נ,גרמים,1000.00,100 גרם,false,1,15.60,1.56,true,1,
7290002986652,false,פתי בר שוקו 470 גר,,,פתי בר שוקו,גרמים,470.00,100 גרם,false,1,10.40,2.21,true,1,
7290003009312,false,בוטן קלוי שקית 200 ג,,,בוטן קלוי שקית 200 ג,גרמים,200.00,100 גרם,false,1,8.30,4.15,true,1,
7290003009329,false,בוטן אמריקאי שקית 200 ג,,,בוטן אמריקאי שקית 20,גרמים,200.00,100 גרם,false,1,7.30,3.65,true,1,
7290003009336,false,קבוקים שקית 200 ג,,,קבוקים שקית 200 ג,גרמים,200.00,100 גרם,false,1,7.30,3.65,true,1,
7290003009596,false,"סירופ דיאט אשכוליות  בקבוק 750 מ""ל",,,סירופ דיאט אשכוליות,מיליליטרים,750.00,"100 מ""ל",false,1,22.90,3.05,true,1,
7290003015672,false,סנו סופט מפיות צבעוני 50 יח,,,סנו סופט מפיות צבעונ,Unknown,0.00,Unknown,false,1,8.50,8.50,true,1,
7290003024001,false,גבינה ברי צרפתי במשקל,,,גבינה ברי צרפתי,Unknown,0.00,"ק""ג",true,0,184.00,184.00,true,1,
7290003029181,false,שוקו 1ליטר בקבוק,,IL,שוקו בקבוק יטבתה,מיליליטרים,1000.00,"100 מ""ל",false,1,11.90,1.19,true,1,
7290003029372,false,משקה חלב בננה 1 ליטר בקבוק,,,משקה חלב בננה 1 ליטר,מיליליטרים,1000.00,"100 מ""ל",false,1,11.90,1.19,true,1,
7290003029389,false,"משקה בננה פקק 250 מ""ל",,,"בננה פקק 250 מ""ל",מיליליטרים,250.00,"100 מ""ל",false,1,5.50,2.20,true,1,
7290003029433,false,"שוקו פקק יטבתה 250 מ""ל",,,שוקו פקק יטבתה 250 מ,מיליליטרים,250.00,"100 מ""ל",false,1,5.50,2.20,true,1,
7290003029532,false,מוקה בקבוק 1 ליטר,,,מוקה בקבוק 1 ליטר,מיליליטרים,1000.00,"100 מ""ל",false,1,11.90,1.19,true,1,
7290003029815,false,חלב יטבתה 3% מועשר 2 ליטר,,,חלב יטבתה 3% מועשר 2,ליטרים,0.00,ליטר,false,1,15.00,15.00,true,1,
7290003029907,false,קפה יטבתה 1 ליטר,,,קפה יטבתה 1ליטר,מיליליטרים,1000.00,"100 מ""ל",false,1,11.90,1.19,true,1,
7290003054060,false,אבקת חרדל קולמנס אנגלי 113 גרם,,,אבקת חרדל קולמנס אנג,גרמים,113.00,100 גרם,false,1,26.50,23.45,true,1,
7290003054176,false,לחם שיפון פומפרניקל 500 גרם,,,לחם שיפון פומפרניקל,גרמים,500.00,100 גרם,false,1,14.90,2.98,true,1,
7290003054183,false,לחם שיפון מלא 500 גרם,,,לחם שיפון מלא 500 גר,גרמים,500.00,100 גרם,false,1,14.90,2.98,true,1,
7290003054190,false,לחם שיפון 3 דגנים 500 גרם,,,לחם שיפון 3 דגנים 50,גרמים,500.00,100 גרם,false,1,14.90,2.98,true,1,
7290003054213,false,לחם שיפון כפרי 500 גרם,,,לחם שיפון כפרי 500 ג,גרמים,500.00,100 גרם,false,1,14.90,2.98,true,1,
7290003054220,false,לחם שיפון פומפרניקל 500 גרם,,,לחם שיפון פומפרניקל,גרמים,500.00,100 גרם,false,1,14.90,2.98,true,1,
7290003054657,false,חרדל דיזיון 370 גר,,,חרדל דיזיון 370 גר,גרמים,370.00,100 גרם,false,1,11.50,3.11,true,1,
7290003072606,false,מיני נקניקיות עוף טירת צבי 350 גר,,IL,מיני נקניקיות עוף טי,גרמים,350.00,100 גרם,false,1,12.90,3.69,true,1,
7290003072811,false,נקניקיות בראטוורסט 320 גרם,,IL,נקניקיות בראטוורסט 3,גרמים,320.00,100 גרם,false,1,19.90,6.22,true,1,
7290003072835,false,נקניקיות קנאקוורסט 320 גרם,,IL,נקניקיות קנאקוורסט 3,גרמים,320.00,100 גרם,false,1,19.90,6.22,true,1,
7290003072965,false,קבנוס חריף מעושן טירת צבי 120 גרם,,,קבנוס חריף מעושן טיר,גרמים,120.00,100 גרם,false,1,11.90,9.92,true,1,
7290003072972,false,קבנוס בתיבול מעושן טירת צבי 120 גרם,,,קבנוס בתיבול מעושן ט,גרמים,120.00,100 גרם,false,1,11.90,9.92,true,1,
7290003094400,false,קוויאר פחיות 140 גר,,,קוויאר פחיות 140 גר,Unknown,0.00,Unknown,false,1,44.90,44.90,true,1,
7290003126712,false,"משק צוריאל יוגורט עיזים 3% ביו 140מ""ל",,,משק צוריאל יוגורט עי,גרמים,140.00,100 גרם,false,1,6.50,4.64,true,1,
7290003126958,false,טופו גולמי 300גר,,,טופו גולמי 300גר,גרמים,300.00,100 גרם,false,1,13.50,4.50,true,1,
7290003141159,false,מרשמלו יוגטה 180 גרם,,,מרשמלו יוגטה 180 גרם,גרמים,180.00,100 גרם,false,1,8.30,4.61,true,1,
7290003144310,false,תערובת אגוזים וחמוציות קליית גת 150 גרם,,,תערובת אגוזים וחמוצי,גרמים,150.00,100 גרם,false,1,21.90,14.60,true,1,
7290003145751,false,קשיו קלוי קליית גת 200 גר,,,קשיו קלוי קליית גת 2,גרמים,200.00,100 גרם,false,1,23.90,11.95,true,1,
7290003145959,false,פקאן טבעי 150 גרם קליית גת,,,פקאן טבעי 150 גרם קל,גרמים,150.00,100 גרם,false,1,23.90,15.93,true,1,
7290003208579,false,וודקה גריי גוס 1 ליטר,,,וודקה גריי גוס 1 ליט,מיליליטרים,1000.00,"100 מ""ל",false,1,144.90,14.49,true,1,
7290003208586,false,"וורמוט מרטיני לבן 750 מ""ל",,,וורמוט מרטיני לבן 75,Unknown,0.00,Unknown,false,1,49.90,49.90,true,1,
7290003208593,false,"וורמוט מרטיני לבן יבש 750 מ""ל",,,וורמוט מרטיני לבן יב,Unknown,0.00,Unknown,false,1,49.90,49.90,true,1,
7290003220588,false,רוטב צ`ילי מתוק ללא,,,רוטב צ`ילי מתוק ללא,מיליליטרים,700.00,"100 מ""ל",false,1,17.70,2.53,true,1,
7290003220595,false,אורז לסושי 1 ק`ג,,,אורז לסושי 1 ק`ג,גרמים,1000.00,100 גרם,false,1,13.50,1.35,true,1,
7290003224128,false,"כיסונים תפו""א 800 גרם",,,"כיסונים תפו""א 800 גר",גרמים,800.00,100 גרם,false,1,13.30,1.66,true,1,
7290003224272,false,כיסונים מוסקובסקי 1 קג,,,כיסונים מוסקובסקי 1,גרמים,1000.00,100 גרם,false,1,26.20,2.62,true,1,
7290003224357,false,קוואס ביתי 2 ליטר,,,קוואס ביתי 2 ליטר,ליטרים,0.00,ליטר,false,1,15.90,15.90,true,1,
7290003229109,false,פסטרמה בפפריקה 400 גרםטירת צבי,,,פסטרמה בפפריקה 400 ג,גרמים,400.00,100 גרם,false,1,25.90,6.48,true,1,
7290003229116,false,פסטרמה בדבש 400 גרםטירת צבי,,,פסטרמה בדבש 400 גרם,גרמים,400.00,100 גרם,false,1,25.90,6.48,true,1,
7290003229123,false,פסטרמה על גחלים 400 גרםטירת צבי,,,פסטרמה על גחלים,גרמים,400.00,100 גרם,false,1,25.90,6.48,true,1,
7290003229154,false,סלמי קוניאק 300 גרםטירת צבי,,,סלמי קוניאק 300 גרם,גרמים,300.00,100 גרם,false,1,25.90,8.63,true,1,
7290003229192,false,כתף בקר מעושן 400 גרםטירת צבי,,,כתף בקר מעושן 400 גר,גרמים,400.00,100 גרם,false,1,28.90,7.23,true,1,
7290003229208,false,פסטרמה ספרדית 360 גרטירת צבי,,,פסטרמה ספרדית 360 גר,גרמים,360.00,100 גרם,false,1,29.90,8.31,true,1,
7290003229215,false,פסטרמה איטלקית 360 גרטירת צבי,,,פסטרמה איטלקית 360 ג,גרמים,360.00,100 גרם,false,1,29.90,8.31,true,1,
7290003229222,false,סלמי תה משובח 300 גרטירת צבי,,,סלמי תה משובח 300 גר,גרמים,300.00,100 גרם,false,1,19.90,6.63,true,1,
7290003251308,false,"אציטון 100 מ""ל",,,"אציטון 100 מ""ל",מיליליטרים,10.00,"100 מ""ל",false,1,4.90,49.00,true,1,
7290003287260,false,צוריסוס 600 גרם קפוא,,,צוריסוס 600 גרם קפוא,גרמים,600.00,100 גרם,false,1,29.50,4.92,true,1,
7290003287291,false,קבב טלה וצנובר 500 גרם,,,קבב טלה וצנובר 500 ג,גרמים,500.00,100 גרם,false,1,29.50,5.90,true,1,
7290003321155,false,דנונה בר פקאן 183 גר,,,דנונה בר פקאן 183 גר,גרמים,183.00,100 גרם,false,1,4.60,2.51,true,1,
7290003400500,false,חטיף הרשי ריזס נאטרייגיס 47 גרם,,,חטיף הרשי ריזס,גרמים,47.00,100 גרם,false,1,5.80,12.34,true,1,
7290003402809,false,חטיף הרשי ריזס שוקולד לבן 39 גר,,US,חטיף הרשי ריזס שוקול,גרמים,39.00,100 גרם,false,1,3.90,10.00,true,1,
7290003423909,false,חטיף הרשי קוקיס קרם לבן 43 גרם,,,חטיף הרשי קוקיס קרם,Unknown,0.00,Unknown,false,1,5.20,5.20,true,1,
7290003427154,false,"שמן זית כתית מעולה מעודן זיתא 750 מ""ל",,IL,שמן זית כתית מעולה מ,מיליליטרים,750.00,"100 מ""ל",false,1,32.90,4.39,true,1,
7290003438006,false,ממרח פסטו איטלקי אוליביה 180 גרם,,,ממרח פסטו איטלקי,גרמים,180.00,100 גרם,false,1,13.90,7.72,true,1,
7290003438013,false,ממרח זיתים ירוקים אוליביה 190 גרם,,,ממרח זיתים ירוקים,גרמים,190.00,100 גרם,false,1,13.90,7.32,true,1,
7290003438020,false,ממרח עגבניות מיובשות אוליביה 190 גר,,,ממרח עגבניות מיובשות,גרמים,190.00,100 גרם,false,1,13.90,7.32,true,1,
7290003438709,false,ממרח זיתים שחורים אוליביה 190 גרם,,,ממרח זיתים שחורים,גרמים,190.00,100 גרם,false,1,13.90,7.32,true,1,
7290003438853,false,אריסה חריפה אוליביה 180 גר,,,אריסה חריפה אוליביה,גרמים,180.00,100 גרם,false,1,13.90,7.72,true,1,
7290003444009,false,חטיף הרשי ריזס שוקולד חלב  42 גר,,,חטיף הרשי ריזס שוקול,גרמים,42.00,100 גרם,false,1,3.90,9.29,true,1,
7290003475124,false,צמר גפן עננים,,,צמר גפן עננים,Unknown,0.00,Unknown,false,1,6.60,6.60,true,1,
7290003514007,false,שקדי מרק מנה  400 גרם,,,שקדי מרק מנה  400 גר,גרמים,400.00,100 גרם,false,1,10.40,2.60,true,1,
7290003570928,false,קבב 500 גרם,,,קבב 500 גרם,גרמים,500.00,100 גרם,false,1,29.50,5.90,true,1,
7290003598311,false,מינוט סטייק 300 גרם קפוא,,IL,מינוט סטייק 300 גרם,גרמים,300.00,100 גרם,false,1,34.90,11.63,true,1,
7290003610129,false,בשר טחון טרי לקבב/המבורגר,,,בשר טחון טרי,Unknown,0.00,"ק""ג",true,0,39.90,39.90,true,1,
7290003610952,false,אנטריקוט אנגוס פרימיום מבשר קפוא,,,סטייק בלק אנגוס טרי,Unknown,0.00,"ק""ג",true,0,199.90,199.90,true,1,
7290003637003,false,לחם שיפון מיוחד,,,לחם שיפון מיוחד,גרמים,600.00,100 גרם,false,1,16.90,2.82,true,1,
7290003637065,false,לחם שיפון עם קימל 600 גרם,,IL,לחם שיפון עם קימל 60,גרמים,600.00,100 גרם,false,1,16.90,2.82,true,1,
7290003643004,false,"אורז בסמטי 1 ק""ג",,,"אורז בסמטי 1 ק""ג",גרמים,1000.00,100 גרם,false,1,13.90,1.39,true,1,
7290003643165,false,קורנפלור 500 גרם,,,קורנפלור 500 גרם,גרמים,500.00,100 גרם,false,1,6.10,1.22,true,1,
7290003643325,false,קוסקוס בינוני 350 גרם,,,קוסקוס בינוני 350 גר,גרמים,350.00,100 גרם,false,1,5.00,1.43,true,1,
7290003643646,false,"סוכר חום דמררה צנצנת 1 ק""ג",,,סוכר חום דמררה צנצנת,גרמים,1000.00,100 גרם,false,1,12.90,1.29,true,1,
7290003643684,false,אפונה 500 גרם,,,אפונה 500 גרם,גרמים,500.00,100 גרם,false,1,5.90,1.18,true,1,
7290003643707,false,גריסים 500 גרם,,,גריסים 500 גרם,גרמים,500.00,100 גרם,false,1,5.20,1.04,true,1,
7290003643714,false,חומוס 500 גרם,,,חומוס 500 גרם,גרמים,500.00,100 גרם,false,1,7.90,1.58,true,1,
7290003643745,false,כוסמת 500 גרם,,,כוסמת 500 גרם,גרמים,500.00,100 גרם,false,1,6.90,1.38,true,1,
7290003643769,false,עדשים אדומים 500 גרם,,,עדשים אדומים 500 גרם,גרמים,500.00,100 גרם,false,1,8.50,1.70,true,1,
7290003643776,false,פופקורן 500 גרם,,,פופקורן 500 גרם,גרמים,500.00,100 גרם,false,1,5.90,1.18,true,1,
7290003643783,false,קוקוס 100 גרם,,,קוקוס 100 גרם,גרמים,100.00,100 גרם,false,1,3.90,3.90,true,1,
7290003643806,false,שעועית לבנה 500 גרם,,,שעועית לבנה 500 גרם,גרמים,500.00,100 גרם,false,1,11.80,2.36,true,1,
7290003643813,false,שעועית אדומה 500 גרם,,,שעועית אדומה 500 גרם,גרמים,500.00,100 גרם,false,1,12.50,2.50,true,1,
7290003779093,false,סלרי עלים,,,סלרי עלים,Unknown,0.00,Unknown,false,1,5.90,5.90,true,1,
7290003804252,false,תיבולית נוסח הודי קנור 72 גרם,,,תיבולית נוסח הודי קנ,גרמים,72.00,100 גרם,false,1,11.40,15.83,true,1,
7290003804320,false,תיבולית שום קנור 72 גרם,,,תיבולית שום קנור 72,גרמים,95.00,100 גרם,false,1,11.40,12.00,true,1,
7290003804382,false,תיבולית פטריות קנור 72 גרם,,,תיבולית פטריות קנור,גרמים,72.00,100 גרם,false,1,11.40,15.83,true,1,
7290003805501,false,"פתית שוודי חסכוני בד""צ 300 גרם",,,פתית שוודי חסכוני בד,גרמים,300.00,100 גרם,false,1,16.90,5.63,true,1,
7290003805587,false,"פתית חיטה מלאה בד""צ 250 גרם-קופסא",,,"פתית חיטה מלאה בד""צ",גרמים,250.00,100 גרם,false,1,16.90,6.76,true,1,
7290003807178,false,"רוטב קנור סויה בסגנון סיני 300 מ""ל",,,רוטב קנור סויה בסגנו,מיליליטרים,300.00,"100 מ""ל",false,1,10.90,3.63,true,1,
7290003807482,false,"רוטב קנור טריאקי  300 מ""ל",,,רוטב קנור טריאקי  30,מיליליטרים,300.00,"100 מ""ל",false,1,10.90,3.63,true,1,
7290003864478,false,סרדינים בשמן צמחי 100 גרם פתח -קל,,,סרדינים בשמן צמחי 11,גרמים,110.00,100 גרם,false,1,5.20,4.73,true,1,
7290003989096,false,חציל פיקנטי אחלה 500 גרם,,,חציל פיקנטי אחלה 500,גרמים,500.00,100 גרם,false,1,15.50,3.10,true,1,
7290004011338,false,ריץ קצפת במיכל 250 גר חלבי,,,ריץ קצפת במיכל 250 ג,גרמים,250.00,100 גרם,false,1,9.90,3.96,true,1,
7290004030100,false,מיץ תפוזים סחוט ולנסיה 1 ליטר,,,מיץ תפוזים סחוט ולנס,מיליליטרים,1000.00,"100 מ""ל",false,1,18.90,1.89,true,1,
7290004030223,false,מיץ תפוח סחוט 100% 1 ליטר,,,מיץ תפוח סחוט 100% 1,מיליליטרים,1000.00,"100 מ""ל",false,1,21.90,2.19,true,1,
7290004030445,false,מיץ תפוזים 1 ליטר,,,מיץ תפוזים 1 ליטר,מיליליטרים,1000.00,"100 מ""ל",false,1,14.80,1.48,true,1,
7290004030612,false,מיץ קיווי אגס 90% 1 ל,,,מיץ קיווי אגס 90% 1,מיליליטרים,1000.00,"100 מ""ל",false,1,18.90,1.89,true,1,
7290004030810,false,שייק 100% בננה פסיפלורה תפוז מופחת סוכר1,,,שייק 100% בננה פסיפל,מיליליטרים,1000.00,"100 מ""ל",false,1,22.90,2.29,true,1,
7290004033705,false,"לחמניות ""הבורגריה"" 600 גרם",,,"לחמניות ""הבורגריה"" 6",גרמים,600.00,100 גרם,false,1,13.90,2.32,true,1,
7290004033712,false,לחם עננים מקמח מלא 750 גרם,,IL,לחם עננים מקמח מלא 7,גרמים,750.00,100 גרם,false,1,16.50,2.20,true,1,
7290004033729,false,לחם עננים מקמח כוסמין 750 גרם,,IL,לחם עננים מקמח כוסמי,גרמים,750.00,100 גרם,false,1,16.50,2.20,true,1,
7290004033736,false,לחם עננים בסגנון בריוש 750 גרם,,IL,לחם עננים בסגנון ברי,גרמים,750.00,100 גרם,false,1,16.50,2.20,true,1,
7290004050788,false,בייקון 170 גר,,,בייקון 170 גר,גרמים,170.00,100 גרם,false,1,49.90,29.35,true,1,
7290004050856,false,סלמי מילאנו פרוס 170 גר,,,סלמי מילאנו פרוס 170,גרמים,170.00,100 גרם,false,1,33.90,19.94,true,1,
7290004050863,false,סלמי הרץ 170 גר,,,סלמי הרץ 170 גר,גרמים,170.00,100 גרם,false,1,32.90,19.35,true,1,
7290004050870,false,שינקן פולני פרוס 200 גר,,,שינקן פולני פרוס 200,גרמים,200.00,100 גרם,false,1,32.90,16.45,true,1,
7290004050887,false,פרושוטו 120 גר,,,פרושוטו 120 גר,גרמים,120.00,100 גרם,false,1,39.90,33.25,true,1,
7290004050948,false,סלמי כפרית פרוס 170 גר,,,סלמי כפרית פרוס 170,גרמים,170.00,100 גרם,false,1,34.90,20.53,true,1,
7290004050955,false,פטה כבד עוף 170 גר,,,פטה כבד עוף 170 גר,גרמים,170.00,100 גרם,false,1,16.90,9.94,true,1,
7290004050986,false,רו בייקון 170 גר,,,רו בייקון 170 גר,גרמים,170.00,100 גרם,false,1,57.90,34.06,true,1,
7290004051044,false,סלמי הונגרי פרוס 170גר,,,סלמי הונגרי פרוס 170,גרמים,170.00,100 גרם,false,1,34.90,20.53,true,1,
7290004051068,false,שינקן מעושן פרוס 200 גר,,,שינקן מעושן פרוס 200,גרמים,200.00,100 גרם,false,1,31.90,15.95,true,1,
7290004051136,false,סלמי צרפתי פרוס 170 גר,,,סלמי צרפתי פרוס,גרמים,170.00,100 גרם,false,1,34.90,20.53,true,1,
7290004051150,false,סלמי רו סרוולט 170 גר,,,סלמי רו סרוולט 170 ג,גרמים,170.00,100 גרם,false,1,34.90,20.53,true,1,
7290004051167,false,ברזאולה 120 גר,,,ברזאולה 120 גר,גרמים,120.00,100 גרם,false,1,48.90,40.75,true,1,
7290004051334,false,פפרוני עגל 170 גר,,,פפרוני עגל 170 גר,גרמים,170.00,100 גרם,false,1,30.90,18.18,true,1,
7290004051365,false,קרפצו 120 גר,,,קרפצו 120 גר,גרמים,120.00,100 גרם,false,1,35.90,29.92,true,1,
7290004051419,false,ממרח כבד מיני 220 גר,,,ממרח כבד מיני 220 גר,גרמים,220.00,100 גרם,false,1,18.90,8.59,true,1,
7290004051792,false,נקניקיות קוקטייל 900 גר,,,נקניקיות קוקטייל 900,גרמים,900.00,100 גרם,false,1,53.90,5.99,true,1,
7290004052041,false,קבנוס קלאסי 210 גר,,,קבנוס קלאסי 210 גר,גרמים,210.00,100 גרם,false,1,29.90,14.24,true,1,
7290004052256,false,חזה הודו מעושן פרוס 200 גר,,,חזה הודו מעושן 200 ג,גרמים,200.00,100 גרם,false,1,21.90,10.95,true,1,
7290004052690,false,נקניקיות פרגית 600 גר,,,נקניקיות פרגית 600 ג,גרמים,600.00,100 גרם,false,1,22.90,3.82,true,1,
7290004053192,false,נקניקיות עגל 600 גר,,,נקניקיות עגל 600 גר,גרמים,600.00,100 גרם,false,1,26.90,4.48,true,1,
7290004053291,false,קרפלך עגל בטעם ביתי 600 גר,,,קרפלך עגל בטעם ביתי,גרמים,600.00,100 גרם,false,1,21.90,3.65,true,1,
7290004054236,false,גיוזה עוף 320 גר,,,גיוזה עוף 320 גר,גרמים,320.00,100 גרם,false,1,35.90,11.22,true,1,
7290004054243,false,גיוזה ירקות 320 גר,,,גיוזה ירקות 320 גר,גרמים,320.00,100 גרם,false,1,35.90,11.22,true,1,
7290004054267,false,נקניקיות פרנקפורטר 900 גר,,,נקניקיות פרנקפורטר,גרמים,900.00,100 גרם,false,1,54.90,6.10,true,1,
7290004054649,false,מיני מוסקובסקיה 300 גרם,,,מיני מוסקובסקיה 300,גרמים,300.00,100 גרם,false,1,37.90,12.63,true,1,
7290004054885,false,נקניקיות איטלקיות עם גבינה 400 גר,,,נקניקיות איטלקיות עם,גרמים,400.00,100 גרם,false,1,28.90,7.23,true,1,
7290004055745,false,נקניקיות סליווצניה 600 גר,,,נקניקיות סליווצניה,גרמים,600.00,100 גרם,false,1,32.90,5.48,true,1,
7290004063016,false,"מלח דק 1 ק""ג",,,"מלח דק 1 ק""ג",גרמים,1000.00,100 גרם,false,1,2.07,0.21,true,1,
7290004063115,false,"מלח מטבח רגיל 1 ק""ג",,,"מלח מטבח גס 1 ק""ג",גרמים,1000.00,100 גרם,false,1,2.07,0.21,true,1,
7290004064082,false,מטחנה מלח ים טבעי 250 גרם מלח הארץ,,,מטחנה מלח ים טבעי 25,גרמים,250.00,100 גרם,false,1,14.60,5.84,true,1,
7290004064174,false,"מלח הימלאיה דק בצנצנת 1 ק""ג",,,מלח הימלאיה דק בצנצנ,גרמים,1000.00,100 גרם,false,1,19.80,1.98,true,1,
7290004064181,false,"מלח הימלאיה גס בצנצנת 1 ק""ג",,,מלח הימלאיה גס בצנצנ,גרמים,1000.00,100 גרם,false,1,19.80,1.98,true,1,
7290004064198,false,מטחנת מלח תבלינים ספייסי 115 גרם,,,מטחנת מלח תבלינים,גרמים,115.00,100 גרם,false,1,17.90,15.57,true,1,
7290004064365,false,"מלח דק מועשר ביוד מלח הארץ קרטון 1 ק""ג",,IL,מלח דק מועשר ביוד מל,גרמים,1000.00,100 גרם,false,1,6.50,0.65,true,1,
7290004064389,false,מלח הימלאיה דק  250 גר,,,מלח הימלאיה דק  250,גרמים,250.00,100 גרם,false,1,11.90,4.76,true,1,
7290004068011,false,יוגורט כבשים 600 גר,,,יוגורט כבשים 600 גר,גרמים,600.00,100 גרם,false,1,17.20,2.87,true,1,
7290004068028,false,ציזקי 3.5% 500 מל,,,ציזקי 3.5% 500 מל,גרמים,500.00,100 גרם,false,1,9.20,1.84,true,1,
7290004068172,false,יוגורט עיזים דלי 600 גר 5%,,,יוגורט עיזים דלי 600,גרמים,600.00,100 גרם,false,1,17.30,2.88,true,1,
7290004078225,false,מי-פה פלקס טוטל ירוק,,,מי-פה פלקס טוטל ירוק,מיליליטרים,500.00,"100 מ""ל",false,1,32.90,6.58,true,1,
7290004091255,false,וזלין פטרוליום 212 גר,,,וזלין פטרוליום 212 ג,גרמים,212.00,100 גרם,false,1,23.50,11.08,true,1,
7290004119225,false,יופלה אננס 3% 150 גר,,,יופלה אננס 3% 150 גר,גרמים,150.00,100 גרם,false,1,5.00,3.33,true,1,
7290004120566,false,גבינה בולגרית פיראוס 24% 250 גרם,,,גבינה בולגרית פיראוס,גרמים,250.00,100 גרם,false,1,23.70,9.48,true,1,
7290004120573,false,גבינה בולגרית פיראוס 16% 250 גרם,,,גבינה בולגרית פיראוס,גרמים,250.00,100 גרם,false,1,23.70,9.48,true,1,
7290004120634,false,גבינה פיראוס בולגרית 5%  250 גרם,,,גבינה פיראוס בולגרית,גרמים,250.00,100 גרם,false,1,21.90,8.76,true,1,
7290004120832,false,כד חלב 2 ליטר 3%,,,כד חלב 2 ליטר 3%,ליטרים,0.00,ליטר,false,1,12.46,12.46,true,1,
7290004121525,false,מאגדת 8 יופלה אפרסק תות,,,מאגדת 8 יופלה אפרסק,ליטרים,0.00,ליטר,false,1,29.90,29.90,true,1,
7290004121754,false,יופלה עוגת גבינה ותות 3% 150 גר,,,יופלה עוגת גבינה,גרמים,150.00,100 גרם,false,1,5.00,3.33,true,1,
7290004121839,false,גבינה פטה פיראוס 250 גרם,,,גבינה פטה פיראוס 250,גרמים,250.00,100 גרם,false,1,26.80,10.72,true,1,
7290004121853,false,גבינה בולגרית פיראוס 5% קוביות 200 גרם,,,גבינה בולגרית פיראוס,גרמים,200.00,100 גרם,false,1,21.50,10.75,true,1,
7290004122119,false,פתיתי פרמזן לפסטה 100 גרם,,IL,פתיתי פרמזן לפסטה הש,גרמים,220.00,100 גרם,false,1,12.20,5.55,true,1,
7290004122195,false,גבינה צהובה גוש חלב 200 גרם,,,גבינה צהובה גוש חלב,גרמים,200.00,100 גרם,false,1,13.80,6.90,true,1,
7290004122270,false,גבינה עמק פרוס בקופסה 28% 200 גרם,,,גבינה עמק פרוס בקופס,גרמים,200.00,100 גרם,false,1,15.80,7.90,true,1,
7290004122348,false,גבינת עמק לייט פרוס בקופסא 200 גרם,,,גבינת עמק לייט פרוס,גרמים,200.00,100 גרם,false,1,16.60,8.30,true,1,
7290004122683,false,אצבעות עמק 172 גר,,,אצבעות עמק 172 גר,גרמים,172.00,100 גרם,false,1,16.40,9.53,true,1,
7290004124205,false,דיאט יופלה תות 150 גר,,,דיאט יופלה תות 150 ג,גרמים,150.00,100 גרם,false,1,5.00,3.33,true,1,
7290004125370,false,"שמנת חמוצה מופחתת שומן 9% 200 מ""ל",,,שמנת חמוצה מופחתת שו,מיליליטרים,200.00,"100 מ""ל",false,1,3.50,1.75,true,1,
7290004125400,false,"שלי אשל 200 מ""ל",,,"שלי אשל 200 מ""ל",מיליליטרים,200.00,"100 מ""ל",false,1,1.69,0.85,true,1,
7290004125417,false,"שלי גיל 200 מ""ל",,,"שלי גיל 200 מ""ל",מיליליטרים,200.00,"100 מ""ל",false,1,1.50,0.75,true,1,
7290004125455,false,"שמנת חמוצה 15% 200 מ""ל",,,שמנת חמוצה 15% 200 מ,גרמים,200.00,100 גרם,false,1,2.40,1.20,true,1,
7290004125462,false,"שמנת חמוצה 15% 500 מ""ל",,,שמנת חמוצה 15% 500 מ,מיליליטרים,500.00,"100 מ""ל",false,1,6.00,1.20,true,1,
7290004125509,false,"שמנת חמוצה 100 מ""ל",,,"שמנת חמוצה 100 מ""ל",מיליליטרים,100.00,"100 מ""ל",false,1,1.70,1.70,true,1,
7290004125578,false,משקה סויה מועשר 1 ליטר,,,משקה סויה מועשר 1 לי,מיליליטרים,1000.00,"100 מ""ל",false,1,10.90,1.09,true,1,
7290004125585,false,משקה סויה על הבוקר 1 ליטר,,,משקה סויה על הבוקר 1,מיליליטרים,1000.00,"100 מ""ל",false,1,10.90,1.09,true,1,
7290004125721,false,"שמנת לבישול 15% השף הלבן 250 מ""ל",,,שמנת לבישול 15% השף,גרמים,250.00,100 גרם,false,1,8.30,3.32,true,1,
7290004125738,false,"שמנת מתוקה להקצפה 32% 250 מ""ל",,,שמנת מתוקה להקצפה 32,גרמים,250.00,100 גרם,false,1,6.50,2.60,true,1,
7290004125776,false,עמק פרוס בקופסה 400גר 28%,,,עמק פרוס בקופסה 400ג,גרמים,400.00,100 גרם,false,1,27.90,6.98,true,1,
7290004126674,false,טל העמק לייט 200 גרם,,,טל העמק לייט 200 גרם,גרמים,200.00,100 גרם,false,1,18.50,9.25,true,1,
7290004127329,false,גבינת קוטג  5% 250 גרם,,,גבינת קוטג 5% 250 גר,גרמים,250.00,100 גרם,false,1,5.50,2.20,true,1,
7290004127336,false,גבינת קוטג 9% 250 גרם,,,גבינת קוטג 9% 250 גר,גרמים,250.00,100 גרם,false,1,5.50,2.20,true,1,
7290004127800,false,גבינה לבנה למריחה 5% 500 גר,,,גבינה לבנה למריחה 5%,גרמים,500.00,100 גרם,false,1,9.96,1.99,true,1,
7290004128333,false,גבינה לאבנה 9% 500 גרם,,,גבינה לאבנה 9% 500 ג,גרמים,500.00,100 גרם,false,1,19.50,3.90,true,1,
7290004128432,false,פתיתים מיוחדים לפיצה על בסיס גבינה 500 ג,,,פתיתים מיוחדים לפיצה,גרמים,500.00,100 גרם,false,1,21.90,4.38,true,1,
7290004129101,false,נפוליאון טבעי 225 גרם,,,נפוליאון טבעי 225 גר,גרמים,225.00,100 גרם,false,1,13.90,6.18,true,1,
7290004129156,false,נפוליאון שום שמיר 225 גרם,,,נפוליאון שום שמיר 22,גרמים,225.00,100 גרם,false,1,13.90,6.18,true,1,
7290004129767,false,שמיניית יופלה לבן  3% 150 גרם,,,שמיניית יופלה לבן,ליטרים,0.00,ליטר,false,1,17.30,17.30,true,1,
7290004130794,false,משקה סויה טבעי מתיקות מופחתת 1ל,,,משקה סויה טבעי מתיקו,מיליליטרים,1000.00,"100 מ""ל",false,1,9.90,0.99,true,1,
7290004130916,false,יופלה פירות יער בשמנת 150 גר,,,יופלה פירות יער בשמנ,גרמים,150.00,100 גרם,false,1,5.00,3.33,true,1,
7290004131074,false,חלב קרטון+פקק 3% תנובה 1 ליטר,,,חלב קרטון+פקק 3% תנו,מיליליטרים,1000.00,"100 מ""ל",false,1,6.23,0.62,true,1,
7290004131814,false,פיראוס צפתית מעודנת 5% 200 גר,,,פיראוס צפתית מעודנת,גרמים,200.00,100 גרם,false,1,14.90,7.45,true,1,
7290004132552,false,דיאט סויה טבעי 1 ליטר,,,דיאט סויה טבעי 1 ליט,מיליליטרים,1000.00,"100 מ""ל",false,1,10.90,1.09,true,1,
7290004132712,false,אצבעות מוצרלה 172 גר,,,אצבעות מוצרלה 172 גר,גרמים,172.00,100 גרם,false,1,16.40,9.53,true,1,
7290004133511,false,יופלה לבן מאגדת שמינייה 1.5% מעודן,,,יופלה לבן שמינייה,ליטרים,0.00,ליטר,false,1,20.40,20.40,true,1,
7290004136598,false,מארז הפסקת אוכל-חלב לילדים עם דגנים,,,מארז הפסקת אוכל-חלב,גרמים,250.00,100 גרם,false,1,9.90,3.96,true,1,
7290004136857,false,גלי פטל 125גר,,,גלי פטל 125גר,גרמים,125.00,100 גרם,false,1,2.70,2.16,true,1,
7290004136864,false,גלי אננס עם חתיכות אננס 125גר,,,גלי אננס עם חתיכות א,גרמים,125.00,100 גרם,false,1,3.10,2.48,true,1,
7290004136871,false,גלי אפרסק עם חתיכות אפרסק 125גר,,,גלי אפרסק עם חתיכות,גרמים,150.00,100 גרם,false,1,3.10,2.07,true,1,
7290004137021,false,"שמנת לבישול 10%-השף הלבן 250 מ""ל",,,שמנת לבישול 10%-השף,גרמים,250.00,100 גרם,false,1,8.30,3.32,true,1,
7290004137311,false,עמק לייט פרוס 9% 400 גר,,,עמק לייט פרוס 9% 400,גרמים,400.00,100 גרם,false,1,30.90,7.73,true,1,
7290004150112,false,חומוס מזרחי פיקנטי פרימיום 300 גרם,,IL,חומוס מזרחי פיקנטי פ,גרמים,300.00,100 גרם,false,1,15.90,5.30,true,1,
7290004150129,false,טחינה פיקנטי פרימיום 300 גרם,,IL,טחינה פיקנטי פרימיום,גרמים,300.00,100 גרם,false,1,15.90,5.30,true,1,
7290004150143,false,חציל במיונז פיקנטי פרימיום 300 גרם,,IL,חציל במיונז פיקנטי פ,גרמים,300.00,100 גרם,false,1,15.90,5.30,true,1,
7290004150150,false,חציל בטחינה פיקנטי פרימיום 300 גרם,,IL,חציל בטחינה פיקנטי פ,גרמים,300.00,100 גרם,false,1,15.90,5.30,true,1,
7290004150167,false,תפואדמה במיונז פיקנטי פרימיום 300 גרם,,IL,תפוחי אדמה במיונז פי,גרמים,300.00,100 גרם,false,1,15.90,5.30,true,1,
7290004150198,false,סלק מגורד פיקנטי פרימיום 300 גרם,,IL,סלק מגורד פיקנטי פרי,גרמים,300.00,100 גרם,false,1,15.90,5.30,true,1,
7290004150204,false,מטבוחה  300 גרם פיקנטי פרימיום,,IL,מטבוחה  300 גרם פיקנ,גרמים,300.00,100 גרם,false,1,15.90,5.30,true,1,
7290004150211,false,תורכי איסטנבול 300 גרם פיקנטי פרימיום,,IL,תורכי איסטנבול 300 ג,גרמים,300.00,100 גרם,false,1,15.90,5.30,true,1,
7290004150228,false,כרוב אדום 300 גרם פיקנטי פרימיום,,IL,כרוב אדום 300 גרם פי,גרמים,300.00,100 גרם,false,1,15.90,5.30,true,1,
7290004150235,false,חומוס עם חריף 300 גרם פיקנטי פרימיום,,IL,חומוס עם חריף 300 גר,גרמים,300.00,100 גרם,false,1,15.90,5.30,true,1,
7290004386825,false,שעועית ענק ברוטב עגבניות וילי פוד 420 גר,,GR,שעועית ענק ברוטב עגב,גרמים,420.00,100 גרם,false,1,10.40,2.48,true,1,
7290004419042,false,וואלס עגולה 700 גר,,,וואלס עגולה 700 גר,גרמים,700.00,100 גרם,false,1,86.90,12.41,true,1,
7290004419134,false,אוכמניות מלבנית 500 גר יח,,,אוכמניות מלבנית 500,גרמים,500.00,100 גרם,false,1,41.90,8.38,true,1,
7290004419141,false,עוגת דובדבן בשוקולד מלבנית 500 גר,,,עוגת דובדבן בשוקולד,גרמים,500.00,100 גרם,false,1,41.90,8.38,true,1,
7290004419165,false,קרם בורלה מלבנית 500 גר יח,,,קרם בורלה מלבנית 500,גרמים,500.00,100 גרם,false,1,41.90,8.38,true,1,
7290004419394,false,עוגה עדינה שוקולד 400 גר,,,עוגה עדינה שוקולד 40,גרמים,400.00,100 גרם,false,1,41.90,10.48,true,1,
7290004479305,false,מסר מילניון עוגיות מזל 160 גרם,,,מסר מילניון עוגיות מ,גרמים,160.00,100 גרם,false,1,22.90,14.31,true,1,
7290004480349,false,גאודה עזים משולשים במשקל,,,גאודה עזים משולשים ב,Unknown,0.00,"ק""ג",true,0,131.00,131.00,true,1,
7290004492762,false,נשנושים תירס 325 גרם,,,נשנושים תירס 325 גרם,גרמים,325.00,100 גרם,false,1,12.70,3.91,true,1,
7290004494148,false,יין דלתון מרלו 750 מל,,,"מרלו  דלתון 750 מ""ל",Unknown,0.00,Unknown,false,1,54.90,54.90,true,1,
7290004502690,false,וודקה פינלנדיה 1 ליטר,,,וודקה פינלנדיה 1 ל,מיליליטרים,1000.00,"100 מ""ל",false,1,93.90,9.39,true,1,
7290004584351,false,סימפוניה 5% 200 גרם,,,סימפוניה 5% 200 גרם,גרמים,200.00,100 גרם,false,1,11.00,5.50,true,1,
7290004584528,false,יוגורט דנונה ביו טבעי 1.7% 200 גרם,,,יוגורט דנונה ביו טבע,גרמים,200.00,100 גרם,false,1,3.70,1.85,true,1,
7290004585907,false,"מעדן דני וניל 125 מ""ל",,,"מעדן דני וניל 125 מ""",מיליליטרים,125.00,"100 מ""ל",false,1,2.90,2.32,true,1,
7290004603175,false,מלח ים האדום גס 500 גרם,,,מלח ים האדום גס 500,גרמים,500.00,100 גרם,false,1,8.90,1.78,true,1,
7290004658960,false,יין ארמלד ריזלינג P.C לבן חצי יבש 750 מ,,,יין אמרלד ריזלינג P.,Unknown,0.00,Unknown,false,1,37.90,37.90,true,1,
7290004685010,false,שיפון פלוס לחם הארץ 500 גרם,,IL,לחם 100% שיפון מקמח,גרמים,500.00,100 גרם,false,1,16.50,3.30,true,1,
7290004685027,false,לחם חיטה מלאה פלוס לחם הארץ 500 גרם,,,לחם חיטה מלאה פלוס,גרמים,500.00,100 גרם,false,1,16.50,3.30,true,1,
7290004685089,false,לחם חמניות 500 גרם,,,לחם חמניות 500 גרם,גרמים,500.00,100 גרם,false,1,16.50,3.30,true,1,
7290004685157,false,לחם שיפון 100%,,,לחם שיפון 100%,גרמים,750.00,100 גרם,false,1,16.50,2.20,true,1,
7290004685195,false,לחם 10 דגנים,,,לחם 10 דגנים,גרמים,750.00,100 גרם,false,1,16.50,2.20,true,1,
7290004685201,false,לחם אגוזים,,,לחם אגוזים,גרמים,500.00,100 גרם,false,1,16.50,3.30,true,1,
7290004685225,false,לחם שיפון פומפרניקל מקמח שיפון,,,לחם שיפון פומפרניקל,גרמים,750.00,100 גרם,false,1,16.50,2.20,true,1,
7290004685430,false,לחם כוסמין 100% 500 גר,,,לחם כוסמין 100% 500,גרמים,500.00,100 גרם,false,1,16.50,3.30,true,1,
7290004685447,false,שישיית לחמניות כוסמין,,IL,שישיית לחמניות כוסמי,Unknown,0.00,Unknown,false,1,15.50,15.50,true,1,
7290004685478,false,פיתות כוסמין 100% כוסמין 550 גרם,,,פיתות כוסמין 100% כו,גרמים,550.00,100 גרם,false,1,17.90,3.25,true,1,
7290004737719,false,אספרגוס שלם מקולף 330 גרם צנצנת,,,אספרגוס שלם מקולף 33,גרמים,330.00,100 גרם,false,1,12.10,3.67,true,1,
7290004737900,false,חלב מרוכז ממותק וילי פוד 397 גר,,LT,חלב מרוכז ממותק וילי,גרמים,397.00,100 גרם,false,1,10.90,2.75,true,1,
7290004768911,false,אונט ריב מובחר טרי,,,אונט ריב מובחר טרי,Unknown,0.00,"ק""ג",true,0,64.90,64.90,true,1,
7290004850432,false,אגיסטן אלוורה 20 גרם,,,אגיסטן אלוורה 20 גרם,גרמים,20.00,100 גרם,false,1,31.90,159.50,true,1,
7290004872731,false,אקסטרים וניל,,,אקסטרים וניל,Unknown,0.00,Unknown,false,1,8.00,8.00,true,1,
7290004982355,false,טריפל צדר במשקל,,,טריפל צדר במשקל,Unknown,0.00,"ק""ג",true,0,130.00,130.00,true,1,
7290005020346,false,"רום בקרדי לבן 750 מ""ל",,,"רום בקרדי לבן 750 מ""",מיליליטרים,750.00,"100 מ""ל",false,1,109.90,14.65,true,1,
7290005020353,false,רום בקרדי לבן 1 ליטר,,,רום בקרדי לבן 1 ליטר,מיליליטרים,1000.00,"100 מ""ל",false,1,124.90,12.49,true,1,
7290005053023,false,רזיניקה 3% 1 ליטר,,,רזיניקה 3% 1 ליטר,ליטרים,0.00,ליטר,false,1,13.60,13.60,true,1,
7290005053047,false,פרוסטקוושה 1 ליטר,,,פרוסטקוושה 1 ליטר,מיליליטרים,1000.00,"100 מ""ל",false,1,13.60,1.36,true,1,
7290005053054,false,שמנת 42% מיוחד 300גר,,,שמנת 42% מיוחד 300,גרמים,300.00,100 גרם,false,1,11.50,3.83,true,1,
7290005053078,false,קאפיר 3% 1 ליטר,,,קאפיר 3% 1 ליטר,ליטרים,0.00,ליטר,false,1,13.60,13.60,true,1,
7290005053085,false,שמנת חמוצה 15% 500 גרם,,,שמנת חמוצה 15% 500 ג,גרמים,500.00,100 גרם,false,1,11.20,2.24,true,1,
7290005053115,false,גבינת טבורג 500 5% גרם,,,גבינת טבורג 500 5% ג,גרמים,500.00,100 גרם,false,1,15.00,3.00,true,1,
7290005053139,false,משקה יוגורט רזינקה דל לקטוז 1 ליטר,,,משקה יוגורט רזינקה,ליטרים,0.00,ליטר,false,1,13.50,13.50,true,1,
7290005053214,false,טבורוג דובדבן 500 גר,,,טבורוג דובדבן 500 גר,גרמים,500.00,100 גרם,false,1,16.00,3.20,true,1,
7290005053221,false,טבורוג עם משמש 500,,,טבורוג עם משמש 500,גרמים,500.00,100 גרם,false,1,16.00,3.20,true,1,
7290005053238,false,טבורוג צימוקים 5% 500 גר,,,טבורוג צימוקים 5%,גרמים,500.00,100 גרם,false,1,16.00,3.20,true,1,
7290005053276,false,ריזינקה 0.5ל,,,"ריזינקה 500 מ""ל",מיליליטרים,500.00,"100 מ""ל",false,1,7.50,1.50,true,1,
7290005079290,false,גבינה צהובה נעם 15%,,,גבינה צהובה נעם 15%,Unknown,0.00,"ק""ג",true,0,65.00,65.00,true,1,
7290005095344,false,נר נשמה שבועי,,CN,נר נשמה שבועי,Unknown,0.00,Unknown,false,1,13.50,13.50,true,1,
7290005095375,false,כוסות לשתייה קרה 100 יח,,TR,כוסות לשתייה קרה 100,Unknown,0.00,Unknown,false,1,8.50,8.50,true,1,
7290005095573,false,מצת קליפר,,,מצת קליפר,Unknown,0.00,Unknown,false,1,6.70,6.70,true,1,
7290005095702,false,חיטה תפוחה בדבש 200 גר שלוה,,,חיטה תפוחה בדבש 200,גרמים,200.00,100 גרם,false,1,9.90,4.95,true,1,
7290005174513,false,חצילים במיונז 500 גר,,,חצילים במיונז 500 גר,גרמים,500.00,100 גרם,false,1,15.90,3.18,true,1,
7290005174551,false,חומוס יום יום 125 גרם,,,חומוס יום יום 125 גר,גרמים,125.00,100 גרם,false,1,4.90,3.92,true,1,
7290005174568,false,חצילים במיונז 125 גרם,,,חצילים במיונז 125 גר,גרמים,125.00,100 גרם,false,1,4.90,3.92,true,1,
7290005174575,false,טחינה יום יום 125 גרם,,,טחינה יום יום 125 גר,גרמים,125.00,100 גרם,false,1,4.90,3.92,true,1,
7290005175589,false,"קמח תירס תירס 1 ק""ג",,,"קמח תירס תירס 1 ק""ג",גרמים,1000.00,100 גרם,false,1,9.90,0.99,true,1,
7290005197758,false,חיוכים שוקו 150 גרם,,,חיוכים שוקו 150 גרם,גרמים,150.00,100 גרם,false,1,6.50,4.33,true,1,
7290005200786,false,תפוציפס שמנת ובצל 50 גרם,,,תפוציפס שמנת ובצל 50,גרמים,50.00,100 גרם,false,1,4.00,8.00,true,1,
7290005201882,false,קפה טורקי עלית 200 גרם,,IL,קפה טורקי עלית 200 ג,גרמים,200.00,100 גרם,false,1,15.90,7.95,true,1,
7290005287206,false,טונה סטארקיסט בשמן רביעיות 4*160 גר,,,טונה סטארקיסט בשמן ר,גרמים,640.00,100 גרם,false,1,24.90,3.89,true,1,
7290005287251,false,טונה סטארקיסט במים רביעיות 4*160 גר,,,טונה סטארקיסט במים ר,גרמים,640.00,100 גרם,false,1,24.90,3.89,true,1,
7290005287510,false,טונה בשמן עם פלפל חריף 160 גרם פ.ק,,,טונה בשמן עם פלפל חר,גרמים,160.00,100 גרם,false,1,8.90,5.56,true,1,
7290005287527,false,טונה בשמן עם לימון 160 גרם פ.ק,,,טונה בשמן עם לימון 1,גרמים,160.00,100 גרם,false,1,8.90,5.56,true,1,
7290005287534,false,טונה בשמן עישון טבעי 160 גרם פ.ק,,,טונה בשמן עישון טבעי,גרמים,160.00,100 גרם,false,1,8.90,5.56,true,1,
7290005296246,false,"פותח סתימות 946 מ""ל",,,פותח סתימות,מיליליטרים,946.00,"100 מ""ל",false,1,30.90,3.27,true,1,
7290005296857,false,"ספריי רהיטים פוליבוי יעקבי 300 מ""ל",,,ספריי רהיטים פוליבוי,מיליליטרים,300.00,"100 מ""ל",false,1,16.90,5.63,true,1,
7290005326387,false,עגבניות מיובשות אוליביה 270 גרם,,,עגבניות מיובשות,גרמים,270.00,100 גרם,false,1,19.80,7.33,true,1,
7290005326523,false,ממרח פסטו פטרוזיליה ונענע אוליביה 180 גר,,,ממרח פסטו פטרוזיליה,גרמים,180.00,100 גרם,false,1,13.90,7.72,true,1,
7290005358241,false,לשון בקר קפוא,,,לשון בקר קפואה,Unknown,0.00,"ק""ג",true,0,35.90,35.90,true,1,
7290005423055,false,מרסס סנו פורטה פלוס לבן 1 ליטר,,IL,מרסס סנו פורטה פלוס,מיליליטרים,1000.00,"100 מ""ל",false,1,17.90,1.79,true,1,
7290005423482,false,סנו קרם לניקוי כיריים 300 מל,,,סנו קרם לניקוי כיריי,מיליליטרים,300.00,"100 מ""ל",false,1,18.90,6.30,true,1,
7290005423833,false,סנו פוליויקס פרקט 2 ליטר,,,סנו פוליויקס פרקט 2,ליטרים,0.00,ליטר,false,1,23.90,23.90,true,1,
7290005424021,false,"סנופרש הום מנטרל ריחות רעים 350 מ""ל",,,סנופרש הום מנטרל ריח,מיליליטרים,350.00,"100 מ""ל",false,1,17.90,5.11,true,1,
7290005424847,false,סנו סופט 150 מפיות לבן,,,סנו סופט 150 מפיות ל,Unknown,0.00,Unknown,false,1,8.50,8.50,true,1,
7290005425585,false,סנו רהיט מטליות,,,סנו רהיט מטליות,Unknown,0.00,Unknown,false,1,17.90,17.90,true,1,
7290005426964,false,סנובון כחול שלישייה בריח אפרסק,,,סנובון כחול שלישייה,Unknown,0.00,Unknown,false,1,16.90,16.90,true,1,
7290005430480,false,מטלית פלא סנו סושי,,,מטלית פלא סנו סושי,Unknown,0.00,Unknown,false,1,7.90,7.90,true,1,
7290005430510,false,נייר טואלט סופט 40 גלילים,,,נייר טואלט סופט 40 ג,מטרים,736.00,מטר,false,1,41.90,0.06,true,1,
7290005431883,false,מלבי חלבי 165 גר,,IL,מלבי חלבי 165 גר,גרמים,165.00,100 גרם,false,1,6.90,4.18,true,1,
7290005431906,false,קדאיף 82 גר,,IL,קדאיף 82 גר,גרמים,82.00,100 גרם,false,1,6.90,8.41,true,1,
7290005431913,false,עוגת גינה פירורים 92 גרם,,IL,עוגת גבינה פירורים,גרמים,92.00,100 גרם,false,1,6.90,7.50,true,1,
7290005431920,false,עוגת גינה פירורים לייט 78 גר,,IL,עוגת גבינה פירורים,גרמים,78.00,100 גרם,false,1,6.90,8.85,true,1,
7290005431937,false,טירמיסו 82 גר,,IL,טירמיסו 82 גר,גרמים,82.00,100 גרם,false,1,6.90,8.41,true,1,
7290005431951,false,מוס שוקולד 75 גרם,,IL,מוס שוקולד 75 גרם,גרמים,75.00,100 גרם,false,1,7.90,10.53,true,1,
7290005431968,false,מלבי שמנת 150 גרם,,IL,מלבי שמנת 150 גרם,גרמים,150.00,100 גרם,false,1,6.90,4.60,true,1,
7290005555100,false,פיקדון רביעייה,,,פיקדון רביעייה,Unknown,0.00,Unknown,false,1,1.20,1.20,true,1,
7290005555101,false,פיקדון שישייה,,,פיקדון שישייה,Unknown,0.00,Unknown,false,1,1.80,1.80,true,1,
7290005555127,false,פיקדון 30 אג,,,פיקדון 30 אג,Unknown,0.00,Unknown,false,1,0.30,0.30,true,1,
7290005555777,false,"פיקדון חוזר 1.2 ש""ח בק 500 מ""ל",,,"פיקדון חוזר 1.2 ש""ח",Unknown,0.00,Unknown,false,1,1.20,1.20,true,1,
7290005559907,false,פיצה משפחתית גבינה מעדנות 500 גר,,,פיצה משפחתית גבינה,גרמים,500.00,100 גרם,false,1,23.90,4.78,true,1,
7290005559914,false,פיצה משפחתית זיתים מעדנות 550 גר,,,פיצה משפחתית זיתים מ,גרמים,550.00,100 גרם,false,1,21.90,3.98,true,1,
7290005559990,false,בצק פילאס תורכי מעדנות 600 גר,,,בצק פילאס תורכי מעדנ,גרמים,600.00,100 גרם,false,1,22.90,3.82,true,1,
7290005571022,false,צלי כתף טרי,,,צלי כתף טרי,Unknown,0.00,"ק""ג",true,0,89.90,89.90,true,1,
7290005571046,false,כתף בקר מרכזי טרי,,,כתף בקר מרכזי טרי,Unknown,0.00,"ק""ג",true,0,69.90,69.90,true,1,
7290005571183,false,שייטל בקר שלם,,,שייטל שלם,Unknown,0.00,"ק""ג",true,0,79.90,79.90,true,1,
7290005571367,false,לשון עגל טרי,,,לשון עגל טריה,Unknown,0.00,"ק""ג",true,0,42.90,42.90,true,1,
7290005610509,false,צנונית,,,צנונית,Unknown,0.00,Unknown,false,1,6.90,6.90,true,1,
7290005651366,false,בונזו כבד 3 קג,,,בונזו כבד 3 קג,קילוגרמים,0.00,"ק""ג",false,1,49.90,49.90,true,1,
7290005678318,false,אוטום קריספ,,,ענבי אוטום קריספ,Unknown,0.00,"ק""ג",true,0,28.90,28.90,true,1,
7290005678585,false,סקרלוטה ללא חרצנים,,,סקרלוטה ללא חרצנים,Unknown,0.00,"ק""ג",true,0,19.90,19.90,true,1,
7290005697333,false,קממבר עיזים מנות שקיל גלילי,,,קממבר עיזים מנות שקי,Unknown,0.00,"ק""ג",true,0,193.00,193.00,true,1,
7290005697517,false,"יוגורט עיזים טבעי ביו 500 מ""ל",,,יוגורט עיזים טבעי בי,מיליליטרים,500.00,"100 מ""ל",false,1,18.80,3.76,true,1,
7290005697524,false,"יוגורט עיזים תמרים ביו 500 מ""ל",,,יוגורט עיזים תמרים ב,מיליליטרים,500.00,"100 מ""ל",false,1,18.80,3.76,true,1,
7290005697531,false,"יוגורט עיזים תות ביו 500 מ""ל",,,יוגורט עיזים תות ביו,מיליליטרים,500.00,"100 מ""ל",false,1,18.80,3.76,true,1,
7290005697630,false,"יוגורט עיזים ביו תאנים 500 מ""ל",,,יוגורט עיזים ביו תאנ,מיליליטרים,500.00,"100 מ""ל",false,1,18.80,3.76,true,1,
7290005811111,false,בייגלה מקמח כוסמין עם מלח 300 גרם,,IL,בייגלה מקמח כוסמין ע,גרמים,300.00,100 גרם,false,1,15.90,5.30,true,1,
7290005811128,false,בייגלה מקמח כוסמין עם שומשום 300 גרם,,IL,בייגלה מקמח כוסמין ע,גרמים,300.00,100 גרם,false,1,15.90,5.30,true,1,
7290005838002,false,דניאלה 88 גרם,,,דניאלה וניל 100 גרם,גרמים,88.00,100 גרם,false,1,4.10,4.66,true,1,
7290005838613,false,סקי וניל 125 גרם,,,סקי וניל 125 גרם,גרמים,125.00,100 גרם,false,1,3.70,2.96,true,1,
7290005839078,false,מולטיפק יוגורט דנונה טבעי 3%,,,מולטיפק יוגורט דנונה,ליטרים,0.00,ליטר,false,1,16.90,16.90,true,1,
7290005839108,false,סימפוניה 5% עם זיתים 200 גרם,,,סימפוניה 5% עם זיתים,גרמים,200.00,100 גרם,false,1,11.00,5.50,true,1,
7290005839313,false,מילקי טופ מגולגלת 130 גרם,,,מילקי טופ מגולגלת 13,גרמים,130.00,100 גרם,false,1,4.90,3.77,true,1,
7290005896415,false,"בירה איגל לאגר פרימיום 5% 500 מ""ל פחית",,,בירה איגל לאגר פרימי,מיליליטרים,500.00,"100 מ""ל",false,1,6.90,1.38,true,1,
7290005896620,false,מים סאן בנדטו 1.5 ל מוגז,,,מים סאן בנדטו 1.5 ל,ליטרים,0.00,ליטר,false,1,3.50,3.50,true,1,
7290005896637,false,מים סאן בנדיטו 1.5 ליטר,,IL,מים סאן בנדיטו 1.5 ל,ליטרים,0.00,ליטר,false,1,4.20,4.20,true,1,
7290005966422,false,יין ירדן שרדונה 2020 750 מל,,,יין ירדן שרדונה 2020,Unknown,0.00,Unknown,false,1,77.90,77.90,true,1,
7290005992018,false,יוגורט עיזים 500 מל,,,יוגורט עיזים 500 מל,גרמים,500.00,100 גרם,false,1,12.20,2.44,true,1,
7290005992575,false,בולגרית למריחה 250 גר,,,בולגרית למריחה 250 ג,גרמים,250.00,100 גרם,false,1,15.90,6.36,true,1,
7290005992735,false,גבינה לבנה טבעית 250 גר,,,גבינה לבנה טבעית 250,גרמים,250.00,100 גרם,false,1,12.50,5.00,true,1,
7290006189358,false,סטייק אנטריקוט מוצר בשר מעובד מופשר,,,אנטריקוט מעובד מופשר,Unknown,0.00,"ק""ג",true,0,99.90,99.90,true,1,
7290006194015,false,גבינת גורגונזולה פיקנטית במשקל,,,גבינת גורגונזולה פיק,Unknown,0.00,"ק""ג",true,0,191.00,191.00,true,1,
7290006194022,false,גורגונזולה דולצה איטלקי במשקל,,,גורגונזולה דולצה,Unknown,0.00,"ק""ג",true,0,191.00,191.00,true,1,
7290006210661,false,בגט,,,בגט,Unknown,0.00,Unknown,false,1,7.90,7.90,true,1,
7290006229427,false,שישיית מים מינרלים סאן בנדטו 500 מל,,,שישיית מים מינרלים ס,ליטרים,0.02,ליטר,false,1,12.90,645.00,true,1,
7290006241214,false,שקד טבעי 200 ג שקית,,,שקד טבעי 200 ג שקית,גרמים,200.00,100 גרם,false,1,20.90,10.45,true,1,
7290006251275,false,תה ירוק סיני 25 שקיקים של 1.5 ג,,,תה ירוק סיני 25 שקיק,Unknown,0.00,Unknown,false,1,24.90,24.90,true,1,
7290006251374,false,תה ירוק לימונית וגינגר 25 שקיקים,,,תה ירוק לימונית וגינ,Unknown,0.00,Unknown,false,1,24.90,24.90,true,1,
7290006251589,false,תה ירוק נענע באריזה 50 יח,,,תה ירוק נענע באריזה,Unknown,0.00,Unknown,false,1,44.90,44.90,true,1,
7290006265500,false,פטריות שמפיניון ארוז,,,פטריות שמפיניון ארוז,Unknown,0.00,Unknown,false,1,11.90,11.90,true,1,
7290006271174,false,גחנון בצק 700גר מעדנות,,,גחנון בצק מעדנות,גרמים,700.00,100 גרם,false,1,20.90,2.99,true,1,
7290006271181,false,גחנון אפוי 750גר מעדנות,,,גחנון אפוי 750 גר,גרמים,750.00,100 גרם,false,1,25.60,3.41,true,1,
7290006271648,false,"מיני בורקס תפו""א 800 גרם",,,"מיני בורקס תפו""א 800",גרמים,650.00,100 גרם,false,1,28.50,4.38,true,1,
7290006271655,false,מיני בורקס גבינה 800 גרם,,,מיני בורקס גבינה,גרמים,800.00,100 גרם,false,1,26.90,3.36,true,1,
7290006272072,false,חטיפי פיצה גבינה 650 גר,,,חטיפי פיצה גבינה,גרמים,650.00,100 גרם,false,1,33.90,5.22,true,1,
7290006306302,false,רביולי גבינה ופרמזן 400 גר,פסטה נונה,IL,רביולי גבינה ופרמזן,גרמים,400.00,100 גרם,false,1,23.90,5.98,true,1,
7290006306319,false,רביולי בטטה 400 גר,,,רביולי בטטה 400 גר,גרמים,400.00,100 גרם,false,1,23.90,5.98,true,1,
7290006306333,false,רביולי תרד 400 גר,,,רביולי תרד 400 גר,גרמים,400.00,100 גרם,false,1,23.90,5.98,true,1,
7290006306357,false,רביולי גבינת עיזים 400 גר,,,רביולי גבינת עיזים 4,גרמים,400.00,100 גרם,false,1,22.90,5.73,true,1,
7290006337016,false,בלינצס בשר 800 גרם,,,בלינצס בשר 800 גרם,גרמים,800.00,100 גרם,false,1,36.90,4.61,true,1,
7290006337023,false,בלינצס גבינה 800 גרם,,,בלינצס גבינה 800 גרם,גרמים,800.00,100 גרם,false,1,36.90,4.61,true,1,
7290006337085,false,ציבורקי 600 גרם,,,ציבורקי 600 גרם,גרמים,600.00,100 גרם,false,1,32.90,5.48,true,1,
7290006337214,false,צבוצקי 600 גר,,,צבוצקי 600 גר,גרמים,600.00,100 גרם,false,1,32.90,5.48,true,1,
7290006337443,false,"פלמני כבש 1.3 ק""ג",,,"פלמני כבש 1.3 ק""ג",קילוגרמים,0.00,"ק""ג",false,1,38.90,38.90,true,1,
7290006337450,false,"פלמני לבן 1.3 ק""ג",,,"פלמני לבן 1.3 ק""ג",קילוגרמים,0.00,"ק""ג",false,1,38.90,38.90,true,1,
7290006337467,false,"פלמני דומשניה 1.3 ק""ג",,,"פלמני דומשניה 1.3 ק""",קילוגרמים,0.00,"ק""ג",false,1,38.90,38.90,true,1,
7290006337474,false,"פלמני עגל 1.3 ק""ג",,,"פלמני עגל 1.3 ק""ג",קילוגרמים,0.00,"ק""ג",false,1,38.00,38.00,true,1,
7290006337504,false,פלמני משפחתי 1300 גרם,"מפעלי אירנה לבצק ממולא בע""מ",IL,"פלמני משפחתי 1.3 ק""ג",קילוגרמים,0.00,"ק""ג",false,1,38.90,38.90,true,1,
7290006337993,false,פלמני אליטניי 1.3 קג,,,פלמני אליטניי 1.3 קג,קילוגרמים,0.00,"ק""ג",false,1,45.90,45.90,true,1,
7290006342065,false,בוטן קלויים 200 גרם ששון הקולה,,,בוטן קלויים 200 גרם,גרמים,200.00,100 גרם,false,1,7.50,3.75,true,1,
7290006342072,false,גרעין לבן 200 גרם ששון הקולה,,,גרעין לבן 200 גרם,גרמים,200.00,100 גרם,false,1,9.40,4.70,true,1,
7290006342089,false,גרעין שחור 200 גרם ששון הקולה,,,גרעין שחור 200 גרם ש,גרמים,200.00,100 גרם,false,1,6.30,3.15,true,1,
7290006342515,false,מנצס 200 גרם ששון הקולה,,,מנצס 200 גרם ששון הק,גרמים,200.00,100 גרם,false,1,6.50,3.25,true,1,
7290006342553,false,קבוקים 200 גרם ששון וקולה,,,קבוקים 200 גרם ששון,גרמים,200.00,100 גרם,false,1,5.50,2.75,true,1,
7290006342560,false,בוטן אמריקאי 200 גרם ששון הקולה,,,בוטן אמריקאי 200 גרם,גרמים,200.00,100 גרם,false,1,5.50,2.75,true,1,
7290006355065,false,קשקבליו איטלקי במשקל,,,קשקבליו איטלקי במשקל,Unknown,0.00,"ק""ג",true,0,199.00,199.00,true,1,
7290006355119,false,קשקבליו איטלקי מעושן במשקל,,,קשקבליו איטלקי מעושן,Unknown,0.00,"ק""ג",true,0,199.00,199.00,true,1,
7290006358745,false,ביצי דג שחור בופין במלח 56.8 גר,,,ביצי דג שחור בופין ב,גרמים,57.00,100 גרם,false,1,114.90,201.58,true,1,
7290006374615,false,דבש מזון מלכות 340 גרם,,,דבש מזון מלכות 340 ג,גרמים,340.00,100 גרם,false,1,51.90,15.26,true,1,
7290006374738,false,קונפיטורת יד מרדכי תות 340 גרם,,,קונפיטורת יד מרדכי ת,גרמים,340.00,100 גרם,false,1,15.60,4.59,true,1,
7290006401571,false,אדוויל ליקווי גל,,,אדוויל ליקווי גל,Unknown,0.00,Unknown,false,1,31.50,31.50,true,1,
7290006449023,false,עירית,,,עירית,Unknown,0.00,Unknown,false,1,3.90,3.90,true,1,
7290006459350,false,נפנף,,,נפנף,Unknown,0.00,Unknown,false,1,3.90,3.90,true,1,
7290006459510,false,נרות חנוכה רגיל 44 יח,,CN,נרות חנוכה רגיל 44 י,Unknown,0.00,Unknown,false,1,3.50,3.50,true,1,
7290006459947,false,"פחמים גריל פרימיום שקד 2 ק""ג",,דרום אמריקה,פחמים גריל פרימיום ש,קילוגרמים,0.00,"ק""ג",false,1,19.90,19.90,true,1,
7290006459961,false,קרקר אובלטים קלאסי עם קימל 282 גר,,,קרקר אובלטים קלאסי ע,גרמים,282.00,100 גרם,false,1,11.90,4.22,true,1,
7290006459978,false,קרקר אובלטים קלאסי עם שומשום 282 גר,,,קרקר אובלטים קלאסי ע,גרמים,282.00,100 גרם,false,1,11.90,4.22,true,1,
7290006492432,false,מוצרלה בייבי 150 גרם,,,מוצרלה בייבי 150 גרם,גרמים,170.00,100 גרם,false,1,13.90,8.18,true,1,
7290006492616,false,בולגרית בפרוסות 5% 250 גר,,,בולגרית בפרוסות 5% 2,גרמים,250.00,100 גרם,false,1,26.80,10.72,true,1,
7290006492630,false,גליל גבינת עיזים 180גר,,,גליל גבינת עיזים 180,גרמים,180.00,100 גרם,false,1,22.90,12.72,true,1,
7290006492647,false,מטבעות גבינת עיזים 150גר,,,מטבעות גבינת עיזים 1,גרמים,150.00,100 גרם,false,1,27.50,18.33,true,1,
7290006492685,false,לבנה עיזים 3% 250 גרם,,,לבנה עיזים 3% 250 גר,גרמים,250.00,100 גרם,false,1,17.40,6.96,true,1,
7290006492852,false,גבינה לבנה עיזים 250 גרם,,,גבינה לבנה עיזים 250,גרמים,250.00,100 גרם,false,1,16.40,6.56,true,1,
7290006492913,false,לבנה ציזיקי 250 גרם,,,לבנה ציזיקי 250 גרם,גרמים,250.00,100 גרם,false,1,13.20,5.28,true,1,
7290006520500,false,שוקיים עוף טרי,,,שוקיים עוף טרי,Unknown,0.00,"ק""ג",true,0,27.90,27.90,true,1,
7290006582799,false,גינגר מסוכר 200 גרם,,,גינגר מסוכר 200 גרם,גרמים,200.00,100 גרם,false,1,13.90,6.95,true,1,
7290006618146,false,"הפי נוזל הדלקת פחמים 500 מ""ל",,,הפי נוזל הדלקת פחמים,מיליליטרים,500.00,"100 מ""ל",false,1,18.80,3.76,true,1,
7290006652027,false,במבה מולטי פק 15 יחידות,,,במבה מולטי פק 15 יחי,גרמים,300.00,100 גרם,false,1,23.90,7.97,true,1,
7290006664051,false,מארז 14 יח אקטימל טבעי,,,מארז 14 יח אקטימל טב,ליטרים,0.00,ליטר,false,1,29.90,29.90,true,1,
7290006664655,false,אקטימל טבעי שמינייה,,,אקטימל טבעי שמינייה,מיליליטרים,800.00,"100 מ""ל",false,1,20.90,2.61,true,1,
7290006664990,false,מארז ביו 1.7% 2+6 150 גר*8,,,מארז ביו 1.7% 2+6 15,ליטרים,0.00,ליטר,false,1,16.90,16.90,true,1,
7290006678805,false,סרדין מרוקאי 125 ג ברוטב עגבניות,,,סרדין מרוקאי 125 ג ב,גרמים,100.00,100 גרם,false,1,5.90,5.90,true,1,
7290006681553,false,שטראוס קרמבו וניל 8 יח,,,שטראוס קרמבו וניל 8,Unknown,0.00,Unknown,false,1,13.90,13.90,true,1,
7290006704221,false,פטריות פורטובלו,,,פטריות פורטובלו,Unknown,0.00,Unknown,false,1,14.90,14.90,true,1,
7290006705334,false,מקלות סורימי 200 גרם,,,מקלות סורימי 200 גרם,גרמים,200.00,100 גרם,false,1,4.80,2.40,true,1,
7290006705594,false,נתחי סורימי 200 גרם,,,נתחי סורימי 200 גרם,גרמים,200.00,100 גרם,false,1,5.20,2.60,true,1,
7290006764072,false,"בירה גולדסטאר בק חוזר 500 מ""ל",,,"בירה גולדסטאר 500 מ""",מיליליטרים,500.00,"100 מ""ל",false,1,7.50,1.50,true,1,
7290006765000,false,טורטיה מקמח מלא 540 גרם,,,טורטיה מקמח מלא 540,גרמים,540.00,100 גרם,false,1,10.40,1.93,true,1,
7290006765765,false,פפאיה 200 גרם,,,פפאיה 200 גרם,גרמים,200.00,100 גרם,false,1,11.50,5.75,true,1,
7290006765772,false,אננס מיובש 200 גרם ששון הקולה,,,אננס מיובש 200 גרם ש,גרמים,200.00,100 גרם,false,1,12.50,6.25,true,1,
7290006766014,false,רצועות קוקוס 200 גרם,,,רצועות קוקוס 200 גרם,גרמים,200.00,100 גרם,false,1,18.90,9.45,true,1,
7290006784360,false,חלונית סנט מוריץ לניקוי חלונות 1 ליטר,,,חלונית סנט מוריץ לני,ליטרים,0.00,ליטר,false,1,6.90,6.90,true,1,
7290006805355,false,תערובת להכנת כדורי שוקולד 500 גרם,,,תערובת להכנת כדורי ש,גרמים,500.00,100 גרם,false,1,17.90,3.58,true,1,
7290006805850,false,תערובת  להכנת פנקייק פילסבורי 500 גר,,,תערובת  להכנת פנקייק,גרמים,500.00,100 גרם,false,1,17.90,3.58,true,1,
7290006822192,false,נקטר פריגת דיאט חמוציות 1 ליטר,,,נקטר פריגת דיאט חמוצ,מיליליטרים,1000.00,"100 מ""ל",false,1,11.90,1.19,true,1,
7290006833822,false,נקניקיות עוף 600 גר מזרע,,,נקניקיות עוף 600 גר,גרמים,600.00,100 גרם,false,1,22.90,3.82,true,1,
7290006834539,false,גבינת קומבוזולה גרמנית במשקל,,,גבינת קומבוזולה,Unknown,0.00,"ק""ג",true,0,194.00,194.00,true,1,
7290006834546,false,גבינת שמברי גרמנית במשקל,,,גבינת שמברי גרמנית,Unknown,0.00,"ק""ג",true,0,204.00,204.00,true,1,
7290006834553,false,גבינת רוגט גרמני במשקל,,,גבינת רוגט גרמני,Unknown,0.00,"ק""ג",true,0,219.00,219.00,true,1,
7290006855183,false,ברבריא חטיף תמרים שומשום אגוז מלך 30*4,,,ברבריא חטיף תמרים שו,גרמים,120.00,100 גרם,false,1,17.90,14.92,true,1,
7290006855190,false,ברבריא חטיף תמריםבננה 30*4,,,ברבריא חטיף תמריםבננ,גרמים,120.00,100 גרם,false,1,17.90,14.92,true,1,
7290006855206,false,ברבריא חטיף שזיפים קוקוס 30*4,,,ברבריא חטיף שזיפים ק,גרמים,120.00,100 גרם,false,1,17.90,14.92,true,1,
7290006855244,false,ברבריא חטיף אגוזים שקדים וצימוקים 30*4,,,ברבריא חטיף אגוזים ש,גרמים,120.00,100 גרם,false,1,17.90,14.92,true,1,
7290006960023,false,כרוב כבוש 750 גר,,,כרוב כבוש 750 גר,גרמים,750.00,100 גרם,false,1,20.90,2.79,true,1,
7290006960337,false,מיקס פטריות יח 400 גרם,,IL,מיקס פטריות יח 400 ג,גרמים,600.00,100 גרם,false,12,31.50,5.25,true,1,
7290006960399,false,פטריות שמפיניון 400 גרם,,,פטריות שמפיניונים יח,גרמים,600.00,100 גרם,false,12,31.50,5.25,true,1,
7290006960429,false,כרוב בולגרי 1 קג,,,כרוב בולגרי 1 קג,קילוגרמים,0.00,"ק""ג",false,1,20.90,20.90,true,1,
7290006983176,false,לחמית שיפון 230 גרם,,,לחמית שיפון 230 גרם,גרמים,230.00,100 גרם,false,1,10.40,4.52,true,1,
7290006983770,false,עוגת שיש 400 גרם,,,עוגת שיש 400 גרם,גרמים,400.00,100 גרם,false,1,12.50,3.13,true,1,
7290006983787,false,עוגת שוקוציפס 400 גרם,,,עוגת שוקוציפס 400 גר,גרמים,400.00,100 גרם,false,1,12.50,3.13,true,1,
7290006983794,false,עוגת תפוז 400 גרם,,,עוגת תפוז 400 גרם,גרמים,400.00,100 גרם,false,1,12.50,3.13,true,1,
7290008000796,false,משחת שיניים לילדים כצט סופרמן 50 מל,,,משחת שיניים לילדים כ,Unknown,0.00,Unknown,false,1,11.80,11.80,true,1,
7290008000826,false,משחת שיניים לילדים כצט ברבי 50 מל,,,משחת שיניים לילדים כ,Unknown,0.00,Unknown,false,1,11.80,11.80,true,1,
7290008066145,false,בירה קורונה,,,"בירה קורונה 355 מ""ל",מיליליטרים,355.00,"100 מ""ל",false,1,8.20,2.31,true,1,
7290008101264,false,זרעי ציה 150 גרם,,IL,זרעי ציה 150 גרם,גרמים,150.00,100 גרם,false,0,14.90,9.93,true,1,
7290008102674,false,זובירקס קרם 5%,,,זובירקס קרם 5%,גרמים,2.00,100 גרם,false,1,35.50,1775.00,true,1,
7290008154222,false,שניצלונים עוף טוב 700 גרם,,,שניצלונים עוף טוב 70,גרמים,700.00,100 גרם,false,1,22.90,3.27,true,1,
7290008329255,false,מזלגות לבנות   100 י,,TR,מזלגות לבנות   100 י,Unknown,0.00,Unknown,false,1,10.90,10.90,true,1,
7290008329286,false,כפיות לבנות  100,,TR,כפיות לבנות  100,Unknown,0.00,Unknown,false,1,8.50,8.50,true,1,
7290008329293,false,סכינים פרימיום שקוף/,,TR,סכינים פרימיום שקוף/,Unknown,1.00,Unknown,false,1,8.90,8.90,true,1,
7290008329316,false,כפות פרימיום שקוף/קר,,TR,כפות פרימיום שקוף/קר,Unknown,1.00,Unknown,false,1,8.90,8.90,true,1,
7290008330107,false,בדין 4 ליטר סגול,,,בדין 4 ליטר סגול,ליטרים,0.00,ליטר,false,1,19.90,19.90,true,1,
7290008409124,false,שניצל גונגל 700 גרם,,,שניצל גונגל מאמא עוף,גרמים,700.00,100 גרם,false,1,36.90,5.27,true,1,
7290008409216,false,שניצל דק דק פריך 700 גר,,,שניצל דק דק פריך 700,גרמים,700.00,100 גרם,false,1,39.90,5.70,true,1,
7290008409315,false,מאמא עוף מיני שניצלים בציפוי פריך 500 ג,,,מאמא עוף מיני שניצלי,גרמים,500.00,100 גרם,false,1,27.90,5.58,true,1,
7290008409551,false,שניצל עוף אמיתי בציפוי מעודן-700 גרם,,,שניצל עוף אמיתי בציפ,גרמים,700.00,100 גרם,false,1,41.70,5.96,true,1,
7290008409582,false,שניצל עוף אמיתי ביתי 700 גרם,,,שניצל עוף אמיתי ביתי,גרמים,700.00,100 גרם,false,1,41.70,5.96,true,1,
7290008415071,false,חומוס עם טחינה 150 גרם,,,חומוס עם טחינה 150 ג,גרמים,150.00,100 גרם,false,1,5.80,3.87,true,1,
7290008425711,false,"נקטר קוקטייל 330 מ""ל",,,"נקטר קוקטייל 330 מ""ל",מיליליטרים,330.00,"100 מ""ל",false,1,13.20,4.00,true,1,
7290008425728,false,נקטר קוקטייל 1 ליטר אורגני,,,נקטר קוקטייל 1 ליטר,מיליליטרים,1000.00,"100 מ""ל",false,1,25.90,2.59,true,1,
7290008437127,false,רגל עגל חלב קפוא מזרע,,,רגל עגל קפוא מזרע,Unknown,0.00,"ק""ג",true,0,34.00,34.00,true,1,
7290008437646,false,שקית גופיה טיב טעם,,,שקית גופיה,Unknown,0.00,Unknown,false,1,0.10,0.10,true,1,
7290008438285,false,גבינה אמנטל שוויצרי במשקל,,,גבינה אמנטל שוויצרי,Unknown,0.00,"ק""ג",true,0,215.00,215.00,true,1,
7290008439411,false,בלוק פטה אווז במשקל,,,בלוק פטה אווז במשקל,Unknown,0.00,"ק""ג",true,0,70.00,70.00,true,1,
7290008464024,false,"בירה גולדסטאר לא מסוננת 500 מ""ל פחית",,,בירה גולדסטאר לא מסו,מיליליטרים,500.00,"100 מ""ל",false,1,9.50,1.90,true,1,
7290008464338,false,בירה מכבי בקבוק 330 מל,,,בירה מכבי בקבוק 330,מיליליטרים,330.00,"100 מ""ל",false,1,6.50,1.97,true,1,
7290008464345,false,בירה גולדסטאר בקבוק 330 מל,,,בירה גולדסטאר בקבוק,מיליליטרים,330.00,"100 מ""ל",false,1,7.50,2.27,true,1,
7290008464468,false,"גולדסטאר פחית 500 מ""ל",,,"גולדסטאר פחית 500 מ""",מיליליטרים,500.00,"100 מ""ל",false,1,8.50,1.70,true,1,
7290008464475,false,"בירה מכבי פחית 500 מ""ל",,,בירה מכבי פחית 500 מ,מיליליטרים,500.00,"100 מ""ל",false,1,8.90,1.78,true,1,
7290008464505,false,"מים סאן בנדטו 500 מ""ל",,,"מים סאן בנדטו 500 מ""",מיליליטרים,500.00,"100 מ""ל",false,1,2.90,0.58,true,1,
7290008464604,false,"היינקן פחית 500 מ""ל",,,"היינקן פחית 500 מ""ל",מיליליטרים,500.00,"100 מ""ל",false,1,9.90,1.98,true,1,
7290008464673,false,"בירה גולדסטאר SLOW BREW פחית 500 מ""ל",,IL,בירה גולדסטאר SLOW B,מיליליטרים,500.00,"100 מ""ל",false,1,9.70,1.94,true,1,
7290008464734,false,"שישיית גולדסטאר  330 מ""ל SLOW BREW",,,שישיית גולדסטאר 330,מיליליטרים,1980.00,"100 מ""ל",false,1,36.90,1.86,true,1,
7290008464741,false,"שישיית בקבוקי גולדסטאר 330 מ""ל",,,שישיית בקבוקי גולדסט,מיליליטרים,1980.00,"100 מ""ל",false,1,27.90,1.41,true,1,
7290008464796,false,"שישיית הייניקן בקבוק 330 מ""ל",,,שישיית הייניקן בקבוק,מיליליטרים,1980.00,"100 מ""ל",false,1,34.90,1.76,true,1,
7290008493413,false,פירורי גריסיני מאיר בייגל  200 גרם,,,פירורי גריסיני מאיר,גרמים,200.00,100 גרם,false,1,6.20,3.10,true,1,
7290008493710,false,פירורי גריסיני בייגל זהב 200 גרם,,,פירורי גריסיני בייגל,גרמים,200.00,100 גרם,false,1,6.20,3.10,true,1,
7290008644112,false,מטבוחה יום יום 125 ג,,,מטבוחה יום יום 125 ג,גרמים,125.00,100 גרם,false,1,4.90,3.92,true,1,
7290008644235,false,עלי בייבי אחלה טבע,,,עלי בייבי אחלה טבע,גרמים,120.00,100 גרם,false,1,11.90,9.92,true,1,
7290008644839,false,חסה אחלה טבע,,,חסה אחלה טבע,גרמים,300.00,100 גרם,false,1,10.90,3.63,true,1,
7290008644945,false,סלט המושבה אחלה טבע,,,סלט המושבה אחלה טבע,גרמים,450.00,100 גרם,false,1,11.90,2.64,true,1,
7290008645935,false,חומוס אחלה 750 גר,,,חומוס אחלה 750 גרם,גרמים,750.00,100 גרם,false,1,9.90,1.32,true,1,
7290008670142,false,רקנאטי יסמין אדום 750 מל,,,רקנאטי יסמין אדום 75,Unknown,0.00,Unknown,false,1,31.90,31.90,true,1,
7290008670159,false,רקנאטי יסמין לבן 750 מל,,,רקנאטי יסמין לבן 201,Unknown,0.00,Unknown,false,1,31.90,31.90,true,1,
7290008670913,false,רקנאטי גליל עליון קברנה סובניון 750 מל,,,רקנאטי גליל עליון קב,Unknown,0.00,Unknown,false,1,62.90,62.90,true,1,
7290008690713,false,נקטר אושן ספריי חמוציות 1 ל,,,נקטר אושן ספריי 1 ל,מיליליטרים,1000.00,"100 מ""ל",false,1,11.90,1.19,true,1,
7290008693134,false,דניאלה תות 88 גרם,,,דניאלה תות 88 גרם,גרמים,88.00,100 גרם,false,1,4.10,4.66,true,1,
7290008713504,false,גאודה הולנדיד פסטו אדום במשקל,,,גאודה הולנדית פסטו,Unknown,0.00,"ק""ג",true,0,130.00,130.00,true,1,
7290008745239,false,תפוציפס אקסטרא טבעי 50 גרם,,,תפוציפס אקסטרא טבעי,גרמים,50.00,100 גרם,false,1,4.00,8.00,true,1,
7290008747547,false,תפוציפס קראנץ טבעי 200 גרם,,,תפוציפס קראנץ טבעי 2,גרמים,200.00,100 גרם,false,1,9.90,4.95,true,1,
7290008750264,false,מסטיק מאסט LL פליפ.דובדבן מגדים 28 גר,,,מסטיק מאסט LL פליפ.ד,Unknown,0.00,Unknown,false,1,4.90,4.90,true,1,
7290008752244,false,תפוציפס קראנצי גריל 50 גרם,,IL,תפוציפס קראנצי גריל,גרמים,50.00,100 גרם,false,1,4.00,8.00,true,1,
7290008753111,false,תפוציפס קראנצי מקסיקני 50 גרם,,,תפוציפס קראנצי מקסיק,גרמים,50.00,100 גרם,false,1,4.00,8.00,true,1,
7290008754415,false,מסטיק מאסט מגדים ספירמינט עדין ללס 28 גר,,IL,מסטיק מאסט מגדים ספי,Unknown,0.00,Unknown,false,1,4.60,4.60,true,1,
7290008754422,false,מסטיק מאסט מגדים פפרמינט 28 גרם,,IL,מסטיק מאסט מגדים פפר,Unknown,0.00,Unknown,false,1,4.60,4.60,true,1,
7290008757003,false,"שוופס גינגר 250 מ""ל",,,"שוופס גינגר 250 מ""ל",מיליליטרים,250.00,"100 מ""ל",false,1,6.90,2.76,true,1,
7290008757027,false,שוופס 250 טוניק בקבוק,,,שוופס 250 טוניק בקבו,מיליליטרים,250.00,"100 מ""ל",false,1,6.90,2.76,true,1,
7290008757034,false,שוופס סודה 250 מל זכוכית,,,"שוופס סודה 250 מ""ל ז",מיליליטרים,250.00,"100 מ""ל",false,1,4.50,1.80,true,1,
7290008757980,false,קרטונית ספרינג רימונים 1 ליטר,,,קרטונית ספרינג רימונ,מיליליטרים,1000.00,"100 מ""ל",false,1,6.90,0.69,true,1,
7290008776103,false,קוביות לגולש עגל טרי,,,קוביות לגולש עגל טרי,Unknown,0.00,"ק""ג",true,0,69.90,69.90,true,1,
7290008801119,false,סלקטד סוביניון בלאן לבן יבש 750 מל,,,סלקטד סוביניון בלאן,Unknown,0.00,Unknown,false,1,29.90,29.90,true,1,
7290008801850,false,סלקטד אמרלד ריזלינג לבן חצי יבש 750 מל,,,סלקטד אמרלד ריזלינג,Unknown,0.00,Unknown,false,1,29.90,29.90,true,1,
7290008806985,false,פינוקי גלידה שוקו וניל 630 גר,,,פינוקי גלידה שוקו,גרמים,630.00,100 גרם,false,1,44.90,7.13,true,1,
7290008835992,false,פילה נסיכת הנילוס קפוא בלדי,,,פילה נסיכת הנילוס,Unknown,0.00,"ק""ג",true,0,74.00,74.00,true,1,
7290008836494,false,תירוש אדום 1 ליטר,,,תירוש אדום 1 ליטר,Unknown,0.00,Unknown,false,1,16.90,16.90,true,1,
7290008846219,false,שמן זית כתית מעולה 750 מל,,,שמן זית כתית מעולה 7,מיליליטרים,750.00,"100 מ""ל",false,1,41.90,5.59,true,1,
7290008849470,false,ממרח פלפל ציומה אוליביה 190 גר,,,ממרח פלפל ציומה,גרמים,190.00,100 גרם,false,1,13.90,7.32,true,1,
7290008849586,false,רוטב ריבת בצל לעוף אוליביה  310 גר,,,רוטב ריבת בצל לעוף,גרמים,310.00,100 גרם,false,1,13.90,4.48,true,1,
7290008909761,false,קרלסברג בקבוק 330 מל,,,קרלסברג בקבוק 330 מל,מיליליטרים,330.00,"100 מ""ל",false,1,8.90,2.70,true,1,
7290008909853,false,"קוקה קולה 500  מ""ל ZERO",,,"קוקה קולה 500  מ""ל Z",מיליליטרים,500.00,"100 מ""ל",false,1,7.50,1.50,true,1,
7290008909884,false,קוקה קולה ZERO קלאסי 350 מל-,,,קוקה קולה ZERO קלאסי,מיליליטרים,350.00,"100 מ""ל",false,1,5.90,1.69,true,1,
7290008925853,false,פילה מרלוזה,,,פילה מרלוזה,Unknown,0.00,"ק""ג",true,0,34.90,34.90,true,1,
7290008961127,false,טושיונקה בקר רוסית 400 גרם,,,טושיונקה בקר רוסית 4,גרמים,400.00,100 גרם,false,1,22.90,5.73,true,1,
7290008961172,false,"מעדן -קונפיטורה דובדבנים מתוקים 1.25 ק""ג",,UA,קונפיטורה דובדבנים מ,קילוגרמים,0.00,"ק""ג",false,1,37.90,37.90,true,1,
7290008961561,false,קווקר 500 גרם,,,קווקר 500 גרם,גרמים,500.00,100 גרם,false,1,6.60,1.32,true,1,
7290008961585,false,כוסמת פוסולסקי דבור 800 גר,,IL,כוסמת פוסולסקי דבור,גרמים,800.00,100 גרם,false,1,13.90,1.74,true,1,
7290010002009,false,תערובת לציפוי מאפים מלוחים 130 גרם,,,תערובת לציפוי מאפים,גרמים,100.00,100 גרם,false,1,11.90,11.90,true,1,
7290010002016,false,כוסברה טחון 100 גרם,,,כוסברה טחון 100 גרם,גרמים,100.00,100 גרם,false,1,9.40,9.40,true,1,
7290010002023,false,כורכום הודי טחון 100 גרם,,,כורכום הודי טחון 100,גרמים,100.00,100 גרם,false,1,11.60,11.60,true,1,
7290010002092,false,פלפל שחור גס דק 90 גרם,,,פלפל שחור גס דק 90 ג,גרמים,90.00,100 גרם,false,1,15.50,17.22,true,1,
7290010002108,false,פלפל שחור גרוס גס 90 גרם,,,פלפל שחור גרוס גס 90,גרמים,90.00,100 גרם,false,1,15.50,17.22,true,1,
7290010002122,false,פפריקה הונגרית מתוקה 100 גרם,,,פפריקה הונגרית מתוקה,גרמים,100.00,100 גרם,false,1,11.60,11.60,true,1,
7290010002146,false,פפריקה מרוקאית מתוקה 100 גרם,,,פפריקה מרוקאית מתוקה,גרמים,100.00,100 גרם,false,1,11.60,11.60,true,1,
7290010002153,false,פפריקה מרוקאית חריפה 100 גרם,,,פפריקה מרוקאית חריפה,גרמים,100.00,100 גרם,false,1,11.60,11.60,true,1,
7290010002207,false,קינמון טחון 100 גרם,,,קינמון טחון 100 גרם,גרמים,100.00,100 גרם,false,1,9.40,9.40,true,1,
7290010002351,false,זעתר ושומשום בלדי 100 גרם,,,זעתר ושומשום בלדי 10,גרמים,100.00,100 גרם,false,1,11.40,11.40,true,1,
7290010002375,false,מדרס קארי 100 גרם,,,מדרס קארי 100 גרם,גרמים,100.00,100 גרם,false,1,11.40,11.40,true,1,
7290010002382,false,אורגנו 40 גרם,,,אורגנו 40 גרם,Unknown,0.00,Unknown,false,1,9.40,9.40,true,1,
7290010002429,false,עלי דפנה 20 גרם,,,עלי דפנה 20 גרם,Unknown,0.00,Unknown,false,1,9.40,9.40,true,1,
7290010002498,false,שום גבישי 120 גרם,,,שום גבישי 120 גרם,גרמים,120.00,100 גרם,false,1,15.50,12.92,true,1,
7290010002696,false,אקסטרה ציפס אורז חום מלא שמנת בצל 60 גרם,,BG,אקסטרה ציפס אורז חום,גרמים,60.00,100 גרם,false,1,6.90,11.50,true,1,
7290010003075,false,פפריקה מרוקאית מתוקה 400 גרם,,,פפריקה מרוקאית מתוקה,גרמים,400.00,100 גרם,false,1,26.90,6.73,true,1,
7290010003693,false,פפריקה מתוקה 80 גרם שקית,,,פפריקה מתוקה 80 גרם,Unknown,0.00,Unknown,false,1,6.50,6.50,true,1,
7290010003761,false,כורכום טחון 80 שקית,,,כורכום טחון 80 שקית,Unknown,0.00,Unknown,false,1,6.50,6.50,true,1,
7290010003778,false,תיבול לגריל עוף  שקית 80 גרם,,,תיבול לגריל עוף  שקי,Unknown,0.00,Unknown,false,1,6.50,6.50,true,1,
7290010003792,false,מלח לימון שקית 100 גרם,,,מלח לימון שקית 100 ג,גרמים,100.00,100 גרם,false,1,6.50,6.50,true,1,
7290010003808,false,זעתר ושומשום 80 גרם שקית,,,זעתר ושומשום 80 גרם,Unknown,0.00,Unknown,false,1,6.50,6.50,true,1,
7290010003822,false,פפריקה חריפה  80 גרם שקית,,,פפריקה חריפה  80 גרם,Unknown,0.00,Unknown,false,1,6.50,6.50,true,1,
7290010003990,false,פטרוזיליה 20 גרם שקית,,,פטרוזיליה 20 גרם שקי,Unknown,0.00,Unknown,false,1,6.50,6.50,true,1,
7290010023141,false,לימונענע 25 שקיקים גן קסום,,,לימונענע 25 שקיקים,Unknown,0.00,Unknown,false,1,18.90,18.90,true,1,
7290010023943,false,תה רויבוש קינמון ווניל,,,תה רויבוש קינמון וונ,Unknown,0.00,Unknown,false,1,33.90,33.90,true,1,
7290010065332,false,"פרינוק גוניור תפ""ע+בננה 190 גר",,,"פרינוק גוניור תפ""ע+ב",גרמים,190.00,100 גרם,false,1,7.90,4.16,true,1,
7290010117864,false,דוריטוס בטעם חריף אש  70 גרם,,IL,דוריטוס חריף אש  70,גרמים,70.00,100 גרם,false,1,3.60,5.14,true,1,
7290010117970,false,סבבה בוטנים אמריקאים 50 גרם,,,סבבה בוטנים אמריקאים,Unknown,0.00,Unknown,false,1,3.10,3.10,true,1,
7290010124107,false,סטייק בורגר 400 גרם,,,סטייק בורגר 400 גרם,גרמים,400.00,100 גרם,false,1,20.90,5.23,true,1,
7290010124190,false,שניצל בקר מלינסה 250 גרם,,,שניצל בקר מלינסה 250,גרמים,250.00,100 גרם,false,1,14.60,5.84,true,1,
7290010129010,false,עוגיות ריבה 600 גרם,,,עוגיות ריבה 600 גרם,גרמים,600.00,100 גרם,false,1,19.40,3.23,true,1,
7290010129027,false,עוגיות מרוקאיות 600 גרם,,,עוגיות מרוקאיות 600,גרמים,600.00,100 גרם,false,1,19.40,3.23,true,1,
7290010129324,false,עוגיות מעמול  600 גרם,,,עוגיות מעמול  600 גר,גרמים,600.00,100 גרם,false,1,19.40,3.23,true,1,
7290010129553,false,עוגיות רולדה תמרים 600 גרם,,,עוגיות רולדה תמרים 6,גרמים,600.00,100 גרם,false,1,19.40,3.23,true,1,
7290010129959,false,עוגיות שמרים 400 גרם דולצה ויטה,,,עוגיות שמרים 400 גרם,גרמים,400.00,100 גרם,false,1,18.50,4.63,true,1,
7290010140732,false,טאמס בטעם פירות יער,,,טאמס בטעם פירות יער,Unknown,0.00,Unknown,false,1,35.20,35.20,true,1,
7290010154265,false,פלפל צומה 250 גר,,,פלפל צומה 250 גר,גרמים,250.00,100 גרם,false,1,15.60,6.24,true,1,
7290010154685,false,שום כתוש 250 גר,,,סלט שום כתוש 250 גר,גרמים,250.00,100 גרם,false,1,15.60,6.24,true,1,
7290010163069,false,צנובר 100 גרם ששון הקולה,,,צנובר 100 גרם ששון ו,גרמים,100.00,100 גרם,false,1,28.90,28.90,true,1,
7290010237685,false,"בירה הייניקן 330 מ""ל פחית",,,"בירה הייניקן 330 מ""ל",מיליליטרים,330.00,"100 מ""ל",false,1,9.90,3.00,true,1,
7290010259823,false,מרק עם נודלס טעם עוף מנת השף  70 גר,,,מרק עם נודלס טעם עוף,גרמים,70.00,100 גרם,false,1,5.70,8.14,true,1,
7290010259847,false,מרק עם נודלס טעם תירס מנת השף 70 גר,,,מרק עם נודלס טעם תיר,גרמים,70.00,100 גרם,false,1,5.70,8.14,true,1,
7290010279227,false,"זיקוק 15 ס""מ 6 יח",,,"זיקוק 15 ס""מ 6 יח",Unknown,0.00,Unknown,false,1,26.50,26.50,true,1,
7290010296705,false,ממרח חרדל 150 גרם,,,ממרח חרדל 150 גרם,גרמים,150.00,100 גרם,false,1,8.90,5.93,true,1,
7290010300075,false,שמרים נמסים בקופסא 33 גרם,,,שמרים נמסים בקופסא 3,גרמים,33.00,100 גרם,false,1,6.90,20.91,true,1,
7290010328246,false,אחווה טחינה משומשום מלא 500 גר,,,אחווה טחינה משומשום,גרמים,500.00,100 גרם,false,1,14.60,2.92,true,1,
7290010328253,false,אחווה טחינה משומשום טבעי 500 גר,,,אחווה טחינה משומשום,גרמים,500.00,100 גרם,false,1,14.60,2.92,true,1,
7290010328505,false,אחווה חטיפי מיני חלווה ללא סוכר 15 יח,,,אחווה חטיפי מיני חלו,גרמים,250.00,100 גרם,false,1,12.50,5.00,true,1,
7290010367009,false,שמנת גביע 500 גר,,,שמנת גביע 500 גר,גרמים,500.00,100 גרם,false,1,13.90,2.78,true,1,
7290010429554,false,שמן זית כתית מעולה 2 קלאסי 750 יד מרדכי,,,שמן זית כתית מעולה 2,מיליליטרים,750.00,"100 מ""ל",false,1,33.90,4.52,true,1,
7290010471669,false,דנונה בר תות קורנפלקס 175 גר,,,דנונה בר תות קורנפלק,גרמים,175.00,100 גרם,false,1,4.60,2.63,true,1,
7290010502202,false,"קפה טורקי וואקום 1 ק""ג",,,קפה טורקי וואקום 1 ק,גרמים,1000.00,100 גרם,false,1,43.90,4.39,true,1,
7290010513727,false,פירורי לחם קינגדאו פנקו 200 גר,,,פירורי לחם קינגדאו פ,גרמים,200.00,100 גרם,false,1,7.90,3.95,true,1,
7290010546763,false,חטיף חלבון עם פיצוחים וחמאת בוטנים,,,חטיף חלבון עם פיצוחי,גרמים,0.00,100 גרם,false,1,19.90,19.90,true,1,
7290010613519,false,דלי מטליות לניקוי בניחוח מלון בוטיק טאצ,,,דלי מטליות לניקוי בנ,Unknown,0.00,Unknown,false,1,25.90,25.90,true,1,
7290010627004,false,טחינה ירושלים 500 גרם,,,טחינה ירושלים 500 גר,גרמים,500.00,100 גרם,false,1,15.90,3.18,true,1,
7290010627844,false,טחינה ירושלים מלא 500 גרם,,,טחינה ירושלים מלא 50,גרמים,500.00,100 גרם,false,1,15.90,3.18,true,1,
7290010701353,false,רגל קרושה 400 גר,,,רגל קרושה 400 גר,גרמים,400.00,100 גרם,false,1,27.90,6.98,true,1,
7290010701360,false,עוף קרוש 400 גר,,,עוף קרוש 400 גר,גרמים,400.00,100 גרם,false,1,27.90,6.98,true,1,
7290010701384,false,רגל קרושה מעורבת 400 גר,,,רגל קרושה מעורבת 400,גרמים,400.00,100 גרם,false,1,27.90,6.98,true,1,
7290010701391,false,ממרח כבד בקר 225 גרם,,IL,ממרח כבד בקר 225 גרם,גרמים,225.00,100 גרם,false,1,17.90,7.96,true,1,
7290010701407,false,ממרח כבד עוף 225 גרם,,IL,ממרח כבד עוף 225 גרם,גרמים,225.00,100 גרם,false,1,17.90,7.96,true,1,
7290010701414,false,פטה סלמון 200 גרם,,IL,פטה סלמון 200 גרם,גרמים,200.00,100 גרם,false,1,19.90,9.95,true,1,
7290010701711,false,ממרח כבד ביתי נקניק 200 גרם,,,ממרח כבד ביתי נקניק,גרמים,200.00,100 גרם,false,1,12.90,6.45,true,1,
7290010701735,false,קציצות ביתיות 350 גרם,,IL,קציצות ביתיות 350 גר,גרמים,350.00,100 גרם,false,1,18.90,5.40,true,1,
7290010701902,false,ממרח כבד בקר נקניק 200 גר,,IL,ממרח כבד בקר נקניק,גרמים,200.00,100 גרם,false,1,12.90,6.45,true,1,
7290010701919,false,פטה כבד צרפתי ביין לבן 180 גר,,,פטה כבד צרפתי ביין ל,גרמים,180.00,100 גרם,false,1,22.90,12.72,true,1,
7290010748860,false,קרם ידיים לעור יבש אפקטיב קר 150 מל,,,קרם ידיים לעור יבש,מיליליטרים,150.00,"100 מ""ל",false,1,16.30,10.87,true,1,
7290010766949,false,ממרח ארטישוק אוליביה 190 גר,,,ממרח ארטישוק אוליביה,גרמים,190.00,100 גרם,false,1,13.90,7.32,true,1,
7290010766956,false,ממרח פלפ גמבה אוליביה 190 גר,,,ממרח פלפ גמבה,גרמים,190.00,100 גרם,false,1,13.90,7.32,true,1,
7290010777051,false,מארז לחמניות המבורגר 5 יח,,,מארז לחמניות המבורגר,Unknown,0.00,Unknown,false,1,14.90,14.90,true,1,
7290010777068,false,מארז לחמניות מתוקות/קלועות 5 יח,,,מארז לחמניות מתוקות/,Unknown,0.00,Unknown,false,1,14.90,14.90,true,1,
7290010777136,false,לחמנייה שמיניה 5 יח,,,לחמניה קלועה 5 יח,Unknown,0.00,Unknown,false,1,13.90,13.90,true,1,
7290010777150,false,פיתה בריבוע חיטה מלאה 8 יח,,,פיתה בריבוע חיטה מלא,Unknown,0.00,Unknown,false,1,16.90,16.90,true,1,
7290010777297,false,פיתה ביס לבן,,,פיתה ביס לבן,גרמים,500.00,100 גרם,false,1,16.90,3.38,true,1,
7290010777358,false,מארז שמיניית פיתות 100% כוסמין מלא,,,מארז שמיניית פיתות 1,גרמים,400.00,100 גרם,false,1,16.90,4.23,true,1,
7290010777488,false,מארז פיתות 100% מחמצת קמח מלא 500 גרם,,IL,מארז פיתות 100% מחמצ,גרמים,500.00,100 גרם,false,1,17.90,3.58,true,1,
7290010777525,false,מארז פיתות כוסמין 6 יח,,,מארז פיתות כוסמין 6,Unknown,0.00,Unknown,false,1,18.90,18.90,true,1,
7290010838219,false,סטיביה 100 שקיות 100 גרם מרמולייט,,,סטיביה 100 שקיות 100,גרמים,100.00,100 גרם,false,1,29.90,29.90,true,1,
7290010859283,false,פניסטיל גל 30 גרם,,,פניסטיל גל 30 גרם,גרמים,30.00,100 גרם,false,1,39.90,133.00,true,1,
7290010859306,false,"אוטריוין למבוגרים 10 מ""ל",,,אוטריוין למבוגרים 10,מיליליטרים,10.00,"100 מ""ל",false,1,29.90,299.00,true,1,
7290010859320,false,"אוטריוין מנטול 10 מ""ל",,,"אוטריוין מנטול 10 מ""",מיליליטרים,10.00,"100 מ""ל",false,1,29.90,299.00,true,1,
7290010922819,false,מלון קפוא Shake It 250 גרם,,IL,מלון קפוא Shake It 2,גרמים,250.00,100 גרם,false,1,10.90,4.36,true,1,
7290010931330,false,מטבוחה 500 גר,,,מטבוחה 500 גר,גרמים,500.00,100 גרם,false,1,18.30,3.66,true,1,
7290010945146,false,קוטג 3% מועשר 250 גרם,,,קוטג 3% מועשר 250 גר,גרמים,250.00,100 גרם,false,1,5.90,2.36,true,1,
7290010945450,false,גבינה לבנה 3% 250 גר מועשר בסידן וויטמין,,,גבינה לבנה 3% 250 גר,גרמים,250.00,100 גרם,false,1,4.98,1.99,true,1,
7290010970056,false,שמן זית כתית מעולה `טעמים`0.8% חומציות,,,שמן זית כתית מעולה `,מיליליטרים,750.00,"100 מ""ל",false,1,37.60,5.01,true,1,
7290010970186,false,דבש פרחי בר טעמים 1 קג,,,דבש פרחי בר טעמים 1,קילוגרמים,0.00,"ק""ג",false,1,49.50,49.50,true,1,
7290010970247,false,שמן זית כתית מעולה 500 מל טעמים,,,שמן זית כתית מעולה 5,מיליליטרים,500.00,"100 מ""ל",false,1,28.20,5.64,true,1,
7290010970254,false,חומץ טעמים יין לבן,,,חומץ טעמים יין לבן,מיליליטרים,500.00,"100 מ""ל",false,1,14.90,2.98,true,1,
7290010970261,false,חומץ תפוחי עץ 500 מל,,,חומץ תפוחי עץ 500 מל,מיליליטרים,500.00,"100 מ""ל",false,1,14.90,2.98,true,1,
7290010970445,false,שמן זית כתית מעולה  זן פישולין 750 מל טע,,,שמן זית כתית מעולה,מיליליטרים,750.00,"100 מ""ל",false,1,41.80,5.57,true,1,
7290010970759,false,"סירופ מלבי 250 מ""ל",,IL,"סירופ מלבי 250 מ""ל",מיליליטרים,250.00,"100 מ""ל",false,1,10.90,4.36,true,1,
7290010970773,false,סילאן תמרים 100% טבעי בקבוק לחיץ 350 גרם,,,סילאן תמרים 100% טבע,גרמים,350.00,100 גרם,false,1,13.50,3.86,true,1,
7290010970940,false,ממרח פסטו אדום 180 גרם,,IT,ממרח פסטו אדום 180 ג,גרמים,180.00,100 גרם,false,1,13.90,7.72,true,1,
7290011017866,false,"פחית סליק ק""ק 330 מ""ל",,,"פחית סליק ק""ק 330 מ""",מיליליטרים,330.00,"100 מ""ל",false,1,5.40,1.64,true,1,
7290011017873,false,"פחית סליק זירו 330 מ""ל",,,פחית סליק זירו 330 מ,מיליליטרים,330.00,"100 מ""ל",false,1,5.40,1.64,true,1,
7290011017880,false,"פחית סליק ד. ק""ק 330 מ""ל",,,"פחית סליק ד. ק""ק 330",מיליליטרים,330.00,"100 מ""ל",false,1,5.40,1.64,true,1,
7290011018184,false,"תה פיוז אפרסק 500 מ""ל",,,"תה פיוז אפרסק 500 מ""",מיליליטרים,500.00,"100 מ""ל",false,1,7.40,1.48,true,1,
7290011018924,false,ק.קולה דיאט פרידגפק סליק 330 מל שישייה,,,ק.קולה דיאט פרידגפק,ליטרים,0.00,ליטר,false,1,22.90,22.90,true,1,
7290011051358,false,"שוופס סודה לימון 250 מ""ל זכוכית",,,שוופס סודה לימון 250,מיליליטרים,250.00,"100 מ""ל",false,1,4.50,1.80,true,1,
7290011051433,false,שוופס מוגז עדין אפרסק  0.5 ליטר,,,שוופס מוגז עדין אפרס,מיליליטרים,500.00,"100 מ""ל",false,1,7.50,1.50,true,1,
7290011064020,false,בולגרית למריחה בטעמים 200 גר,,,בולגרית למריחה בטעמי,גרמים,200.00,100 גרם,false,1,16.40,8.20,true,1,
7290011064075,false,לבנה עם תוספות 200 גר,,,לבנה עם תוספות 200 ג,גרמים,200.00,100 גרם,false,1,16.40,8.20,true,1,
7290011064099,false,טאפס שכונתי 125 גר,,,טאפס שכונתי 125 גר,גרמים,125.00,100 גרם,false,1,19.90,15.92,true,1,
7290011065416,false,פלפל שחור מטחנה 60 גרם,,,פלפל שחור מטחנה 60 ג,גרמים,60.00,100 גרם,false,1,17.90,29.83,true,1,
7290011065430,false,צילי מטחנה 50 גרם,,,צילי מטחנה 50 גרם,גרמים,50.00,100 גרם,false,1,17.90,35.80,true,1,
7290011065829,false,פלפל ארבע עונות מטחנה 60 גרם,,,פלפל ארבע עונות מטחנ,גרמים,60.00,100 גרם,false,1,17.90,29.83,true,1,
7290011126452,false,חליטת קמומיל ונענע 25 שקיקים גן קסום,,,חליטת קמומיל ונענע 2,Unknown,0.00,Unknown,false,1,18.90,18.90,true,1,
7290011131395,false,"מיזלי קראנץ 30% פירות 1 ק""ג",,,מיזלי קראנץ 30% פירו,גרמים,1000.00,100 גרם,false,1,25.90,2.59,true,1,
7290011142001,false,לחם דואט 550 גר,,,לחם דואט 550 גר,גרמים,550.00,100 גרם,false,1,12.90,2.35,true,1,
7290011142018,false,לחם שיפון נבסקי 630גר,,,לחם שיפון נבסקי 630ג,גרמים,630.00,100 גרם,false,1,12.90,2.05,true,1,
7290011142032,false,לחם בורודינסקי 630 גר,,,לחם בורודינסקי 630 ג,גרמים,630.00,100 גרם,false,1,12.90,2.05,true,1,
7290011142049,false,לחם בריאות 650 גר,,,לחם בריאות 650 גר,גרמים,650.00,100 גרם,false,1,12.90,1.98,true,1,
7290011142148,false,מארז שישית לחמניות,,,מארז שישית לחמניות,גרמים,450.00,100 גרם,false,1,12.90,2.87,true,1,
7290011142193,false,4 לחמניות מתוקות,,,4 לחמניות מתוקות,Unknown,0.00,Unknown,false,1,12.90,12.90,true,1,
7290011142315,false,פרנה מאורך רביעיה 550 גר,,,פרנה מאורך רביעיה 55,Unknown,0.00,Unknown,false,1,14.90,14.90,true,1,
7290011142407,false,לחם משפחתי 1100 גר,,,לחם משפחתי 1100 גר,קילוגרמים,0.00,"ק""ג",false,1,17.90,17.90,true,1,
7290011142445,false,לחם כוסמין 600 גר,,,לחם כוסמין 600 גר,גרמים,600.00,100 גרם,false,1,16.90,2.82,true,1,
7290011142650,false,לחם 100% שיפון 900 גר,,,לחם 100% שיפון 900 ג,גרמים,900.00,100 גרם,false,1,17.90,1.99,true,1,
7290011148898,false,גבעולי ברוקולי משקל 400 גר,,,גבעולי ברוקולי 400 ג,קילוגרמים,0.00,"ק""ג",false,1,12.90,12.90,true,1,
7290011153885,false,נייר אכיל ממותג דיסני,,,נייר אכיל ממותג דיסנ,Unknown,0.00,Unknown,false,1,20.40,20.40,true,1,
7290011194215,false,דניאלה בננה 88 גרם,,,דניאלה אננס 88 גרם,גרמים,88.00,100 גרם,false,1,4.10,4.66,true,1,
7290011194246,false,קוטג 5% 250 גר,,,קוטג 5% 250 גר,גרמים,250.00,100 גרם,false,1,5.90,2.36,true,1,
7290011223045,false,ביסקוטים 200 גר,,,ביסקוטים 200 גר,גרמים,200.00,100 גרם,false,1,7.30,3.65,true,1,
7290011235024,false,רוזמרין,,,רוזמרין,Unknown,0.00,Unknown,false,1,5.90,5.90,true,1,
7290011235055,false,בזיליקום,,,בזיליקום,Unknown,0.00,Unknown,false,1,5.90,5.90,true,1,
7290011235062,false,עירית,,,עירית,Unknown,0.00,Unknown,false,1,5.90,5.90,true,1,
7290011235079,false,רוזמרין,,,קורנית,Unknown,0.00,Unknown,false,1,5.90,5.90,true,1,
7290011236649,false,נטיפי שוקולד ציפס 54% מוצקי קקאו 300 גרם,,,נטיפי שוקולד ציפס 54,גרמים,300.00,100 גרם,false,1,14.20,4.73,true,1,
7290011249748,false,רולים שוקו 100 גר,,,רולים שוקו 100 גר,גרמים,100.00,100 גרם,false,1,3.90,3.90,true,1,
7290011249755,false,רולים אגוזים 100 גר,,,רולים אגוזים 100 גר,גרמים,100.00,100 גרם,false,1,3.90,3.90,true,1,
7290011378233,false,"מאגדת ללת""ס חטיף חלבה וניל 126 גר",,,"מאגדת ללת""ס חטיף חלב",גרמים,126.00,100 גרם,false,1,13.50,10.71,true,1,
7290011438142,false,"משקה חלב בטעם קפה 350מ""ל בקבוק",,IL,משקה חלב בטעם קפה,מיליליטרים,350.00,"100 מ""ל",false,1,6.90,1.97,true,1,
7290011447014,false,מטרנה דייסת סלט פירות 200 גרם,,,מטרנה דייסת סלט פירו,גרמים,200.00,100 גרם,false,1,18.60,9.30,true,1,
7290011447748,false,סופר-קט 3 קג בטעם אוקיאנוס וטונה,,,סופר קט מזון לחתולים,קילוגרמים,0.00,"ק""ג",false,1,49.90,49.90,true,1,
7290011447908,false,סופר-קט 3 קג בטעם עוף כבד,,,סופר קט מזון לחתולים,קילוגרמים,0.00,"ק""ג",false,1,39.90,39.90,true,1,
7290011499051,false,פטה כבשים מסורתית  250 גר,,,פטה כבשים מסורתית  2,גרמים,250.00,100 גרם,false,1,24.90,9.96,true,1,
7290011499105,false,בולגרית 5% 250גר,,,בולגרית 5% 250גר,גרמים,250.00,100 גרם,false,1,22.60,9.04,true,1,
7290011499112,false,בולגרית 16% 250גר,,,בולגרית 16% 250גר,גרמים,250.00,100 גרם,false,1,22.60,9.04,true,1,
7290011499129,false,קוביות בולגרית מעודנת  5% 200 גר,,,קוביות בולגרית מעודנ,גרמים,200.00,100 גרם,false,1,20.90,10.45,true,1,
7290011499303,false,גבינה בולגרית מעודנת עיזים 5% 250 גר,,,גבינה בולגרית מעודנת,גרמים,250.00,100 גרם,false,1,30.90,12.36,true,1,
7290011499327,false,גבינה בולגרית מעודנת חלב בקר 250 גר,,,גבינה בולגרית מעודנת,גרמים,250.00,100 גרם,false,1,22.90,9.16,true,1,
7290011499341,false,קשקאבל ארוז 200 גר,,IL,קשקאבל ארוז 200 גר,גרמים,200.00,100 גרם,false,1,28.90,14.45,true,1,
7290011499358,false,גבינת פטה עיזים 200 גר,,,גבינת פטה עיזים 200,גרמים,200.00,100 גרם,false,1,26.00,13.00,true,1,
7290011499365,false,גבינת חלומי 200 גר,,,גבינת חלומי 200 גר,גרמים,200.00,100 גרם,false,1,20.90,10.45,true,1,
7290011499419,false,גבינת במרקם שמנת 5% טבעי 200 גר,,,גבינה במרקם שמנת 5%,גרמים,200.00,100 גרם,false,1,11.40,5.70,true,1,
7290011499624,false,גבינת שמנת 30% טבעי 200 גר,,,גבינת שמנת 30% טבעי,גרמים,200.00,100 גרם,false,1,12.90,6.45,true,1,
7290011499846,false,ריקוטה פרסקה 9% 300 גר,,,ריקוטה פרסקה 9% 300,גרמים,150.00,100 גרם,false,1,18.00,12.00,true,1,
7290011499853,false,גבינת שמנת זיתים 30% 200 גר,,,גבינת שמנת זיתים 30%,גרמים,200.00,100 גרם,false,1,12.90,6.45,true,1,
7290011501617,false,חמוציות ברכז תפוחים ללא סוכר 250 גרם,,,חמוציות תפוחים ללא ס,גרמים,250.00,100 גרם,false,1,19.70,7.88,true,1,
7290011502850,false,מיזלי פירות 500 גר שקדיה,,,מיזלי פירות 500 גר,גרמים,500.00,100 גרם,false,1,14.90,2.98,true,1,
7290011502867,false,גרנולה אגוזים 500 גרם שקדיה,,,גרנולה אגוזים 500 גר,גרמים,500.00,100 גרם,false,1,14.90,2.98,true,1,
7290011502874,false,גרנולה פירות 500 גרם שקדיה,,,גרנולה פירות 500 גרם,גרמים,500.00,100 גרם,false,1,14.90,2.98,true,1,
7290011515911,false,מאגדת לייט ריבת חלב 6יח,,,מאגדת לייט ריבת חלב,Unknown,0.00,Unknown,false,1,29.90,29.90,true,1,
7290011518561,false,אקטימל תות מארז משפחתי,,,אקטימל תות מארז משפח,ליטרים,0.00,ליטר,false,1,29.90,29.90,true,1,
7290011530358,false,שייק איט 450 גרם friday מיקס פירות קפוא,,IL,שייק איט 450 גרם,גרמים,450.00,100 גרם,false,1,31.50,7.00,true,1,
7290011530549,false,שייק איט יום ראשון,,IL,שייק איט 450 גרם,גרמים,450.00,100 גרם,false,1,31.50,7.00,true,1,
7290011530747,false,שייק איט יום רביעי,,IL,שייק איט 450 גרם,גרמים,450.00,100 גרם,false,1,31.50,7.00,true,1,
7290011570088,false,ריבת חלב ללא סוכר 450 גר,,,"ריבת חלב ללת""ס 450 ג",גרמים,450.00,100 גרם,false,1,23.90,5.31,true,1,
7290011575250,false,הפי מבריק נעליים,,,הפי מבריק נעליים,Unknown,0.00,Unknown,false,1,11.50,11.50,true,1,
7290011585198,false,כיסונים במילוי בשר 1400 גרם,,,כיסונים השף במילוי,גרמים,1400.00,100 גרם,false,1,49.90,3.56,true,1,
7290011585228,false,כיסונים במילוי בשר 1500 גרם,,,כיסונים במילוי בשר 1,גרמים,1500.00,100 גרם,false,1,41.90,2.79,true,1,
7290011585235,false,מיני ציבורקי 600 גרם,,,מיני ציבורקי 600 גרם,גרמים,600.00,100 גרם,false,1,31.90,5.32,true,1,
7290011585754,false,כיסונים סיבירסקי במילוי בשר 900 גרם,,,כיסונים סיבירסקי במי,גרמים,900.00,100 גרם,false,1,31.90,3.54,true,1,
7290011585785,false,ציבורקי קלאסי 600 גרם,,,ציבורקי קלאסי 600 גר,גרמים,600.00,100 גרם,false,1,31.90,5.32,true,1,
7290011585853,false,בלינצס במילוי בשר 600 גרם,,,בלינצס במילוי בשר 60,גרמים,600.00,100 גרם,false,1,31.90,5.32,true,1,
7290011585884,false,"בלינצס עם תפו""ע 600 גרם",,,"בלינצס עם תפו""ע 600",גרמים,600.00,100 גרם,false,1,31.90,5.32,true,1,
7290011585891,false,בלינצס במילוי דובדבן 600 גרם,,,בלינצס עם דובדבן 600,גרמים,600.00,100 גרם,false,1,31.90,5.32,true,1,
7290011587079,false,חרדל דיזון גרגירים 370 גרם,,,חרדל דיזון גרגירים 3,גרמים,370.00,100 גרם,false,1,11.40,3.08,true,1,
7290011587123,false,קרם קוקוס 400 גר,,,קרם קוקוס 400 גר,גרמים,400.00,100 גרם,false,1,8.90,2.23,true,1,
7290011587307,false,ארטישוק תחתיות,,,ארטישוק תחתיות,גרמים,400.00,100 גרם,false,1,12.40,3.10,true,1,
7290011587444,false,מוזלי קראנצ פרות 600 גר,,,מוזלי קראנצ פרות 600,מיליליטרים,600.00,"100 מ""ל",false,1,15.60,2.60,true,1,
7290011587451,false,גרנולה פירות 600 גר,,,גרנולה פירות 600 גר,גרמים,600.00,100 גרם,false,1,15.60,2.60,true,1,
7290011587598,false,אנשובי בפח 45 גרם,,,פילה אנשובי 45 גרם,גרמים,45.00,100 גרם,false,1,6.90,15.33,true,1,
7290011587703,false,ממרח עגבניות חריף פסטו 360 גר,,,ממרח עגבניות חריף פס,גרמים,360.00,100 גרם,false,1,15.90,4.42,true,1,
7290011587758,false,נודלס דק 200 גר,,,נודלס דק 200 גר,גרמים,200.00,100 גרם,false,1,4.50,2.25,true,1,
7290011587826,false,חרדל דיזון 370 גרם,,,חרדל דיזון 370 גרם,גרמים,370.00,100 גרם,false,1,11.40,3.08,true,1,
7290011587833,false,עגבניות מיובשות בשמן 340 גר,,,עגבניות מיובשות בשמן,גרמים,340.00,100 גרם,false,1,15.90,4.68,true,1,
7290011587857,false,עגבניות מיובשות מתובלות 250 גרם,,,עגבניות מיובשות מתוב,גרמים,250.00,100 גרם,false,1,11.70,4.68,true,1,
7290011607180,false,"אבקת כביסה קולון 101 1.25 ק""ג",,,אבקת כביסה קולון 101,קילוגרמים,0.00,"ק""ג",false,1,16.70,16.70,true,1,
7290011644000,false,מקלות תירס ממותקים 80 גרם,,,מקלות תירס ממותקים 8,גרמים,90.00,100 גרם,false,1,5.20,5.78,true,1,
7290011695545,false,אלפא אטבים איכותיים 55 יח`,,,אלפא אטבים איכותיים,Unknown,0.00,Unknown,false,1,11.20,11.20,true,1,
7290011695712,false,חמאת בוטנים קרמי 510,,,חמאת בוטנים קרמי 510,גרמים,510.00,100 גרם,false,1,14.90,2.92,true,1,
7290011723200,false,טחינה הר ברכה 100% שומשום טהור 500 גר,,,טחינה הר ברכה 100% ש,גרמים,500.00,100 גרם,false,1,18.90,3.78,true,1,
7290011728298,false,חליפניו קיץ ירוק חריף 210 גר,,IL,חלפיניו ירוק פרוס עם,גרמים,195.00,100 גרם,false,1,24.90,12.77,true,1,
7290011728335,false,סלסה פלפל אדום וצ`יפוטלה 330 גרם,,IL,סלסה פלפל אדום וצ`יפ,גרמים,330.00,100 גרם,false,1,26.90,8.15,true,1,
7290011743833,false,"משחת שיניים סנסודיין פרונאמל  75 מ""ל",,,משחת שיניים סנסודיין,Unknown,0.00,Unknown,false,1,28.50,28.50,true,1,
7290011800840,false,טחינה בלאדי רפי כהן 400 גר,,,טחינה בלאדי רפי כהן,גרמים,400.00,100 גרם,false,1,18.30,4.58,true,1,
7290011860271,false,תפוגן ביסבול טבעי 700 גר,,,תפוגן ביסבול טבעי 70,גרמים,700.00,100 גרם,false,1,18.80,2.69,true,1,
7290011877859,false,"סנו אינסטלטור פותח סתימות 200 מ""ל",,,סנו אינסטלטור פותח ס,מיליליטרים,200.00,"100 מ""ל",false,1,13.90,6.95,true,1,
7290011878375,false,תמרים דקל נור 400 גרם,,,תמרים דקל נור 400 גר,גרמים,40000.00,100 גרם,false,1,17.90,0.04,true,1,
7290011878924,false,חטיף אורגני שזיף 30 גרם נאות סמדר,,,חטיף אורגני שזיף 30,גרמים,30.00,100 גרם,false,1,7.30,24.33,true,1,
7290011947316,false,זיתי קלמטה  215 גרם,,,זיתי קלמטה  215 גרם,גרמים,215.00,100 גרם,false,1,13.90,6.47,true,1,
7290011947521,false,"שמן זית כתית מעולה מודגש זיתא 750 מ""ל",,IL,שמן זית כתית מעולה מ,מיליליטרים,750.00,"100 מ""ל",false,1,32.90,4.39,true,1,
7290011947781,false,מיקס זית ירוק/קלמטה ללא גלעין זיתא 190 ג,,IL,מיקס זית ירוק/קלמטה,גרמים,190.00,100 גרם,false,0,14.60,7.68,true,1,
7290011947798,false,זית קלמטה ללא גלעין זיתא 190 גר,,IL,זית קלמטה ללא גלעין,גרמים,190.00,100 גרם,false,0,14.60,7.68,true,1,
7290012013089,false,עוגיות אגוזים ר.חלב300 גרם,,,עוגיות אגוזים,גרמים,300.00,100 גרם,false,1,23.90,7.97,true,1,
7290012013225,false,עוגת גבינה אפויה 420 גרם,,,עוגת גבינה אפויה,גרמים,420.00,100 גרם,false,1,44.90,10.69,true,1,
7290012019012,false,אספרגוס לבן 350 גר,,,אספרגוס לבן 350 גר,גרמים,350.00,100 גרם,false,1,9.80,2.80,true,1,
7290012019265,false,"רסק תפו""ע דיאט  4 יח 113 גר",,,"רסק תפו""ע דיאט  4 יח",גרמים,113.00,100 גרם,false,1,13.50,11.95,true,1,
7290012019401,false,מיץ דובדבן 100% 1 ליטר תוצרת גרוזיה,,,מיץ דובדבן 100% 1 לי,מיליליטרים,1000.00,"100 מ""ל",false,1,21.90,2.19,true,1,
7290012022005,false,פריכיות חיטה 60 גרם,,,פריכיות חיטה 70 גרם,גרמים,70.00,100 גרם,false,1,11.90,17.00,true,1,
7290012022050,false,פריכיות חיטה מלאה 100 גרם,,,פריכיות חיטה מלאה,גרמים,100.00,100 גרם,false,1,13.90,13.90,true,1,
7290012022067,false,קריספיות קידס,,IL,קריספיות קידס 30 גרם,גרמים,30.00,100 גרם,false,1,10.90,36.33,true,1,
7290012022876,false,נגיסי קוקס אפויים קרמל מלוח,,TH,נגיסי קוקס אפויים קר,גרמים,50.00,100 גרם,false,1,11.90,23.80,true,1,
7290012040481,false,טבק לגלגול סוגריות מלברו גולד 30 גר בודד,,,טבק לגלגול סוגריות מ,יחידה,1.00,יחידה,false,1,74.90,74.90,true,1,
7290012052163,false,רפאל-גרנולה אגוזים ופירות 350 גר,,,רפאל-גרנולה אגוזים ו,גרמים,350.00,100 גרם,false,1,16.90,4.83,true,1,
7290012052187,false,רפאל-גרנולה חלבה תמר ושקד 350 גר,,,רפאל-גרנולה חלבה תמר,גרמים,350.00,100 גרם,false,1,16.90,4.83,true,1,
7290012116735,false,נייר טואלט סנו סופט גמבו קומפקט 24 גל,,,נייר טואלט סנו סופט,מטרים,900.00,מטר,false,1,39.90,0.04,true,1,
7290012117275,false,"סנוקליר שקית מילוי 750 מ""ל",,,סנוקליר שקית מילוי 7,מיליליטרים,750.00,"100 מ""ל",false,1,9.40,1.25,true,1,
7290012117558,false,מרכך כביסה מקסימה סופר מרוכז 1 ל מאסק,,,מרכך כביסה מקסימה סו,מיליליטרים,1000.00,"100 מ""ל",false,1,17.90,1.79,true,1,
7290012117916,false,סנו אינסטלטור נוזלי 1 ליטר,,,סנו אינסטלטור נוזלי,מיליליטרים,1000.00,"100 מ""ל",false,1,26.90,2.69,true,1,
7290012159275,false,מיונז אמיתי 430 גרם LINA,,,מיונז אמיתי 430 גרם,גרמים,430.00,100 גרם,false,1,10.40,2.42,true,1,
7290012159909,false,ינטר 100 גר,,,ינטר 100 גר,גרמים,100.00,100 גרם,false,1,5.00,5.00,true,1,
7290012191053,false,גפרורים ארוכים לגרילים,,,גפרור מטבח ארוך,Unknown,0.00,Unknown,false,1,7.30,7.30,true,1,
7290012193125,false,סוכרלוז מרמולייט 150 יחידות,,,סוכרלוז מרמולייט 150,גרמים,150.00,100 גרם,false,1,37.90,25.27,true,1,
7290012193163,false,סבון נוזלי פמלי לקשרי פריחת הדובדבן 1 ל,,,סבון נוזלי פמלי,מיליליטרים,1000.00,"100 מ""ל",false,1,14.90,1.49,true,1,
7290012247316,false,לב עוף טרי,,,לב עוף טרי,Unknown,0.00,"ק""ג",true,0,34.90,34.90,true,1,
7290012251047,false,קבנוס כפרי 250 גרם מזרע,,,קבנוס כפרי 250 גרם,גרמים,250.00,100 גרם,false,1,17.90,7.16,true,1,
7290012251108,false,סלמי טורו 170 גרם,,,סלמי טורו 170 גרם,גרמים,170.00,100 גרם,false,1,30.90,18.18,true,1,
7290012251160,false,מיני קרמליובסקי סרוולט 350 גר,,,מיני קרמליובסקי,גרמים,350.00,100 גרם,false,1,36.90,10.54,true,1,
7290012251177,false,מיני סרוולט איטלקי 400 גר,,,מיני סרוולט איטלקי,גרמים,400.00,100 גרם,false,1,47.90,11.98,true,1,
7290012251276,false,תיק בד טיב טעם,,,תיק רב פעמי ממוחזר,Unknown,0.00,Unknown,false,1,5.90,5.90,true,1,
7290012251313,false,גיוזה בטטה 320 גר קפוא מזרע,,,גיוזה בטטה 320 גר,גרמים,320.00,100 גרם,false,1,35.90,11.22,true,1,
7290012251320,false,גיוזה בקר 320 גר קפוא מזרע,,,גיוזה בקר 320 גר,גרמים,320.00,100 גרם,false,1,35.90,11.22,true,1,
7290012251368,false,דים סאם אורז בקר 360 גר קפוא,,,דים סאם אורז בקר 360,גרמים,360.00,100 גרם,false,1,42.90,11.92,true,1,
7290012251382,false,פריזר ביצת הזהב 500 גר מזרע,,,פריזר ביצת הזהב 500,גרמים,500.00,100 גרם,false,1,44.90,8.98,true,1,
7290012251412,false,"קרפלך עוף מזרע 1 ק""ג",,,"קרפלך עוף מזרע 1 ק""ג",גרמים,1000.00,100 גרם,false,1,36.50,3.65,true,1,
7290012251474,false,שרימפס מקולף 500 גר קפוא XL,,,שרימפס מקולף 500 גר,גרמים,500.00,100 גרם,false,1,47.90,9.58,true,1,
7290012251498,false,שרימפס מקולף 500 גר קפוא M,,,שרימפס מקולף 500 גר,גרמים,500.00,100 גרם,false,1,51.50,10.30,true,1,
7290012251528,false,נקניקיות בוואריה עם גבינה 700 גר מזרע,,,נקניקיות בוואריה,גרמים,700.00,100 גרם,false,1,64.90,9.27,true,1,
7290012251535,false,שרימפס מבושל 750 גר קפוא,,,שרימפס מבושל קפוא,גרמים,750.00,100 גרם,false,1,58.50,7.80,true,1,
7290012251542,false,"שרימפס לא מקולף גדול 1 ק""ג קפוא 26/30",,,שרימפס לא מקולף גדול,קילוגרמים,0.00,"ק""ג",false,1,104.50,104.50,true,1,
7290012251672,false,חמאה צרפתית 200 גר,,,חמאה צרפתית 200 גר,גרמים,200.00,100 גרם,false,1,10.90,5.45,true,1,
7290012251757,false,קרפלך תפוחי אדמה 600 גר,,,קרפלך תפוחי אדמה 600,גרמים,600.00,100 גרם,false,1,21.90,3.65,true,1,
7290012306204,false,"אורז עגול בוכרי לאוש פלוב 1 ק""ג",,,אורז עגול בוכרי לאוש,גרמים,1000.00,100 גרם,false,1,19.90,1.99,true,1,
7290012306532,false,פריכיות כוסמת עם מלח 150 גרם,,,פריכיות כוסמת עם מלח,גרמים,150.00,100 גרם,false,1,12.50,8.33,true,1,
7290012306723,false,"אורז עגול לאוש פלוב 1ק""ג",,,אורז עגול לאוש פלוב,גרמים,1000.00,100 גרם,false,1,16.90,1.69,true,1,
7290012309311,false,ערמונים קלופים שלמים 100 גר,,,ערמונים קלופים שלמים,גרמים,100.00,100 גרם,false,1,5.80,5.80,true,1,
7290012309892,false,חלבה וניל 500 גרם,,,חלבה וניל 500 גרם,גרמים,500.00,100 גרם,false,1,15.60,3.12,true,1,
7290012309939,false,חלבה מסולסלת 500 גרם,,,חלבה מסולסלת 500 גרם,גרמים,500.00,100 גרם,false,1,18.80,3.76,true,1,
7290012313141,false,מלפפון פרוס 600 גרם A2 יבנה,,,מלפפון פרוס 600 גרם,גרמים,600.00,100 גרם,false,1,6.50,1.08,true,1,
7290012349560,false,מלח הימלאיה 500 גר ע,,,מלח הימלאיה 500 גר ע,גרמים,500.00,100 גרם,false,1,19.50,3.90,true,1,
7290012404177,false,"שוופס FRUITS תפוחים 330 מ""ל",,,שוופס FRUITS תפוחים,מיליליטרים,330.00,"100 מ""ל",false,1,5.70,1.73,true,1,
7290012404184,false,"שוופס FRUITS לימונים 330 מ""ל",,,שוופס FRUITS לימונים,מיליליטרים,330.00,"100 מ""ל",false,1,5.70,1.73,true,1,
7290012404955,false,ספרינג Collection חמוציות 1.25 ליטר,,,ספרינג Collection,ליטרים,0.00,ליטר,false,1,12.90,12.90,true,1,
7290012404993,false,ספרינג Collection דיאט חמוציות 1.25 ליטר,,,ספרינג Collection די,ליטרים,0.00,ליטר,false,1,12.90,12.90,true,1,
7290012475306,false,מיץ תפוזים אורגני 1 ליטר,,TR,מיץ תפוזים אורגני 1,מיליליטרים,1000.00,"100 מ""ל",false,1,17.90,1.79,true,1,
7290012525049,false,קרחון אבטיח 108 גר,,IL,קרחון אבטיח 108 גר,גרמים,108.00,100 גרם,false,1,6.00,5.56,true,1,
7290012634161,false,סט כלי במבוק 6 חל,,,סט כלי במבוק 6 חל,Unknown,0.00,Unknown,false,1,36.50,36.50,true,1,
7290012642562,false,"מיץ שזיפים יבשים 946 מ""ל",,,מיץ שזיפים יבשים 946,מיליליטרים,946.00,"100 מ""ל",false,1,18.90,2.00,true,1,
7290012642586,false,ערמונים קלופים 100 גרם,,,ערמונים קלופים 100 ג,גרמים,100.00,100 גרם,false,1,7.30,7.30,true,1,
7290012642852,false,פלפל אדום על האש 520 גר,,,פלפל אדום על האש 520,גרמים,520.00,100 גרם,false,1,15.70,3.02,true,1,
7290012642869,false,פלפלונים אדום בחומץ חריץ 530 גר,,,פלפלונים אדום בחומץ,גרמים,530.00,100 גרם,false,1,15.70,2.96,true,1,
7290012642876,false,פלפלונים מעורב בחומץ חריץ 530 גר,,,פלפלונים מעורב בחומץ,גרמים,530.00,100 גרם,false,1,15.70,2.96,true,1,
7290012759529,false,טראפלס טחינה ושקדים,,IL,טראפלס טחינה ושקדים,גרמים,280.00,100 גרם,false,1,33.50,11.96,true,1,
7290012759789,false,טראפלס שוקולד פקאן,,IL,טראפלס שוקולד פקאן,גרמים,280.00,100 גרם,false,1,33.50,11.96,true,1,
7290012823374,false,מגבונים אנטי קאלק,,,מגבונים אנטי קאלק,Unknown,0.00,Unknown,false,1,15.20,15.20,true,1,
7290012864001,false,נבטי חמניה,,,נבטי חמניה,Unknown,0.00,Unknown,false,1,9.90,9.90,true,1,
7290012864025,false,נבטי אלפלפא,,,נבטי אלפלפא,Unknown,0.00,Unknown,false,1,6.90,6.90,true,1,
7290012901355,false,פולד מקרוני & ציז 206 גרם,,,פולד מקרוני & ציז 20,גרמים,206.00,100 גרם,false,1,11.90,5.78,true,1,
7290012901959,false,אטריות עם גבינה מסולסלים 156 גרם,,US,אטריות עם גבינה מסול,גרמים,156.00,100 גרם,false,1,11.40,7.31,true,1,
7290012901973,false,שעועית אדומה גאלה 400 גרם,,IT,שעועית אדומה גאלה 40,גרמים,400.00,100 גרם,false,1,11.40,2.85,true,1,
7290012936944,false,תבלינים אגוז מוסקט טחון 40 גרם,,,תבלינים אגוז מוסקט ט,Unknown,0.00,Unknown,false,1,15.50,15.50,true,1,
7290012938580,false,סנסודיין משחת שיניים,,,סנסודיין משחת שיניים,Unknown,0.00,Unknown,false,1,22.90,22.90,true,1,
7290012938740,false,"משחת שיניים סנסודיין מנטה 75 מ""ל",,,משחת שיניים סנסודיין,Unknown,0.00,Unknown,false,1,22.90,22.90,true,1,
7290012958014,false,ביצי דגים 113 גר זכוכית,,,ביצי דגים 113 גר זכו,גרמים,113.00,100 גרם,false,1,57.50,50.88,true,1,
7290012958045,false,ביצי דגים 200 גר פחית,,,ביצי דגים 200 גר פחי,גרמים,200.00,100 גרם,false,1,104.50,52.25,true,1,
7290012983153,false,סילאן טבעי בקבוק לחיץ תמר כנרת 400 גר,,,סילאן טבעי בקבוק לחי,גרמים,400.00,100 גרם,false,1,17.90,4.48,true,1,
7290012996450,false,מרכך כביסה מרוכז פרחי אביב הפי 1 ליטר,,,מרכך כביסה מרוכז פרח,מיליליטרים,1000.00,"100 מ""ל",false,1,14.90,1.49,true,1,
7290013073235,false,מדבקות קבוצה 12 קידל,,,מדבקות קבוצה 12 קידל,Unknown,0.00,Unknown,false,1,12.90,12.90,true,1,
7290013073341,false,מדבקות קבוצה 9 קידלי,,CN,מדבקות קבוצה 9 קידלי,Unknown,0.00,Unknown,false,1,12.90,12.90,true,1,
7290013073389,false,סט 3 עטים בכרטיס קיד,,,סט 3 עטים בכרטיס קיד,Unknown,0.00,Unknown,false,1,9.90,9.90,true,1,
7290013073488,false,מדבקות קבוצה 11 קידל,,,מדבקות קבוצה 11 קידל,Unknown,0.00,Unknown,false,1,14.90,14.90,true,1,
7290013073518,false,מדבקות קבוצה 1 קידלי,,,מדבקות קבוצה 1 קידלי,Unknown,0.00,Unknown,false,1,10.90,10.90,true,1,
7290013073525,false,מדבקות קבוצה 6 קידלי,,,מדבקות קבוצה 6 קידלי,Unknown,0.00,Unknown,false,1,11.90,11.90,true,1,
7290013073556,false,בצק בגביע אומגה,,,בצק בגביע אומגה,Unknown,0.00,Unknown,false,1,12.90,12.90,true,1,
7290013073600,false,טוש מכחול 6 קידליין,,CN,טוש מכחול 6 קידליין,Unknown,0.00,Unknown,false,1,19.90,19.90,true,1,
7290013073617,false,צבעי פסטל 12 קידליין,,,צבעי פסטל 12 קידליין,Unknown,0.00,Unknown,false,1,11.90,11.90,true,1,
7290013073686,false,דבק פלסטי קידליין,,,דבק פלסטי קידליין,Unknown,0.00,Unknown,false,1,4.90,4.90,true,1,
7290013073846,false,סט 4 מדגשים קידליין,,,סט 4 מדגשים קידליין,Unknown,0.00,Unknown,false,1,9.90,9.90,true,1,
7290013073877,false,מדבקות קבוצה 4 קידלי,,,מדבקות קבוצה 4 קידלי,Unknown,0.00,Unknown,false,1,13.90,13.90,true,1,
7290013073884,false,סט סלוטייפ שלישיה קי,,,סט סלוטייפ שלישיה קי,Unknown,0.00,Unknown,false,1,4.90,4.90,true,1,
7290013073891,false,מדבקות קבוצה 5 קידלי,,,מדבקות קבוצה 5 קידלי,Unknown,0.00,Unknown,false,1,11.90,11.90,true,1,
7290013073976,false,פלטת צבעים בינוני קי,,,פלטת צבעים בינוני קי,Unknown,0.00,Unknown,false,1,11.90,11.90,true,1,
7290013073990,false,סט פלסטלינה גדול קיד,,,סט פלסטלינה גדול קיד,Unknown,0.00,Unknown,false,1,13.90,13.90,true,1,
7290013083678,false,מטרנה אקסטרה קר שלב 2 חסכון 700 גר,,,מטרנה אקסטרה קר שלב,גרמים,700.00,100 גרם,false,1,59.90,8.56,true,1,
7290013092571,false,בפנטן פלוס קרם משחה לפצעים וכוויות 30 גר,,,בפנטן פלוס קרם משחה,גרמים,30.00,100 גרם,false,1,36.50,121.67,true,1,
7290013117212,false,בורקס פילו במילוי גבינה מעדנות 600 גר,,,בורקס פילו במילוי גב,גרמים,600.00,100 גרם,false,1,19.90,3.32,true,1,
7290013117229,false,"בורקס פילו במילוי תפו""א מעדנות 600 גר",,,בורקס פילו במילוי תפ,גרמים,600.00,100 גרם,false,1,19.90,3.32,true,1,
7290013117243,false,בורקס פילו בולגרית 600 גר,,,בורקס פילו בולגרית 6,גרמים,600.00,100 גרם,false,1,19.90,3.32,true,1,
7290013117427,false,בצק פריך מלוח 900 גר מעדנות,,,בצק פריך מלוח 900 גר,גרמים,900.00,100 גרם,false,1,25.90,2.88,true,1,
7290013144195,false,תערובת כדורי שוקולד 500 גר,,,תערובת כדורי שוקולד,גרמים,500.00,100 גרם,false,1,18.90,3.78,true,1,
7290013144232,false,פודינג וניל 85 גר,,,פודינג וניל 85 גר,גרמים,85.00,100 גרם,false,1,6.20,7.29,true,1,
7290013144317,false,גלילית וופל למילוי 18 יח גוני,,,גלילית וופל למילוי 1,Unknown,0.00,Unknown,false,1,23.90,23.90,true,1,
7290013144409,false,"תמצית רום 50 מ""ל",,,"תמצית רום 50 מ""ל",מיליליטרים,50.00,"100 מ""ל",false,1,4.80,9.60,true,1,
7290013144508,false,"תמצית ורדים 50 מ""ל",,,"תמצית ורדים 50 מ""ל",מיליליטרים,50.00,"100 מ""ל",false,1,10.50,21.00,true,1,
7290013144539,false,"צבע מאכל אדום 50 מ""ל",,,"צבע מאכל אדום 50 מ""ל",מיליליטרים,50.00,"100 מ""ל",false,1,4.90,9.80,true,1,
7290013144614,false,סירופ מייפל אמיתי 100% מקנדה 236 מל,,,סירופ מייפל אמיתי,מיליליטרים,236.00,"100 מ""ל",false,1,41.90,17.75,true,1,
7290013144768,false,סירופ בטעם שוקולד 500 גרם,,,סירופ בטעם שוקולד 50,גרמים,500.00,100 גרם,false,1,14.90,2.98,true,1,
7290013144911,false,מיקס שוקולד ציפס מריר וחלב 250 גרם,,IL,מיקס שוקולד ציפס מרי,גרמים,250.00,100 גרם,false,1,14.90,5.96,true,1,
7290013145062,false,"סירופ מייפל אמיתי 100% 187 מ""ל",,,סירופ מייפל אמיתי 10,מיליליטרים,187.00,"100 מ""ל",false,1,31.50,16.84,true,1,
7290013145109,false,שקד מולבן טחון 100 גר,,,שקד מולבן טחון 100 ג,גרמים,100.00,100 גרם,false,1,14.90,14.90,true,1,
7290013145116,false,שקד מולבן מקלות 100 גר,,,שקד מולבן מקלות 100,גרמים,100.00,100 גרם,false,1,14.90,14.90,true,1,
7290013145130,false,שקד מולבן חצוי 100 גר,,,שקד מולבן חצוי 100 ג,גרמים,100.00,100 גרם,false,1,14.90,14.90,true,1,
7290013145178,false,קוקוס טחון לבן 100 גר,,,קוקוס טחון לבן 100 ג,גרמים,100.00,100 גרם,false,1,5.50,5.50,true,1,
7290013145215,false,שומשום 400 גר,,,שומשום 400 גר,גרמים,400.00,100 גרם,false,1,16.90,4.23,true,1,
7290013145246,false,גרעין חמניות מקולף 100 גרם,,,גרעין חמניות מקולף 1,גרמים,100.00,100 גרם,false,1,6.10,6.10,true,1,
7290013145277,false,עלים לקמשניט מימונס 300 גרם,,,עלים לקמשניט מימונס,גרמים,300.00,100 גרם,false,1,17.90,5.97,true,1,
7290013145406,false,שוקולד ציפס לבן 250 גר,,,שוקולד ציפס לבן 250,גרמים,250.00,100 גרם,false,1,9.90,3.96,true,1,
7290013145437,false,שוקולד ציפס 48% 250 גרם,,,שוקולד ציפס 48% 250,גרמים,250.00,100 גרם,false,1,15.50,6.20,true,1,
7290013145536,false,סוכריות בטעם שוקולד לקישוט 85 גר,,,סוכריות בטעם שוקולד,גרמים,85.00,100 גרם,false,1,6.40,7.53,true,1,
7290013145567,false,מיני מיני עדשים 90 גר,,,מיני מיני עדשים 90 ג,גרמים,90.00,100 גרם,false,1,12.60,14.00,true,1,
7290013145628,false,סוכריות צבעוניות 200 גרם,,,סוכריות צבעוניות 200,גרמים,200.00,100 גרם,false,1,9.90,4.95,true,1,
7290013145710,false,דובדבנים מסוכרים 100 גר,,,דובדבנים מסוכרים 100,גרמים,100.00,100 גרם,false,1,9.90,9.90,true,1,
7290013145826,false,פודינג בטעם וניל לבן במיוחד 80 גר,,,פודינג בטעם וניל לבן,גרמים,80.00,100 גרם,false,1,6.20,7.75,true,1,
7290013145840,false,סוכר וניל 10 יח בצלופן,,,סוכר וניל 10 יח בצלו,Unknown,0.00,Unknown,false,1,2.70,2.70,true,1,
7290013145857,false,אבקת אפיה 10 יח בצלופן,,,אבקת אפיה 10 יח בצלו,Unknown,0.00,Unknown,false,1,2.70,2.70,true,1,
7290013145918,false,אבקת סוכר 100 גר,,,אבקת סוכר 100 גר,גרמים,100.00,100 גרם,false,1,2.00,2.00,true,1,
7290013145963,false,שמרים יבשים בואקום 125 גרם,,,שמרים יבשים בואקום 1,גרמים,125.00,100 גרם,false,1,6.20,4.96,true,1,
7290013146007,false,מימונס מלית פרג 400 גר,,,מימונס מלית פרג 400,גרמים,400.00,100 גרם,false,1,16.90,4.23,true,1,
7290013146670,false,סוכריות לב סגול ורוד לבן לקישוט 60 גרם,,,סוכריות לב סגול ורוד,גרמים,60.00,100 גרם,false,1,11.90,19.83,true,1,
7290013153432,false,"פריגת סחוט לימונע 400 מ""ל",,IL,פריגת סחוט לימונע 40,מיליליטרים,400.00,"100 מ""ל",false,1,9.90,2.48,true,1,
7290013176004,false,יוגורט עיזים 500 טבע,,,יוגורט עיזים 500 טבע,מיליליטרים,500.00,"100 מ""ל",false,1,17.60,3.52,true,1,
7290013176028,false,יוגורט עיזים תות,,,יוגורט עיזים תות,מיליליטרים,500.00,"100 מ""ל",false,1,17.60,3.52,true,1,
7290013176035,false,יוגורט עיזים  תמר בנ,,,יוגורט עיזים  תמר בנ,מיליליטרים,500.00,"100 מ""ל",false,1,17.60,3.52,true,1,
7290013176288,false,יוגורט עיזים בטעם תמ,,,יוגורט עיזים בטעם תמ,גרמים,150.00,100 גרם,false,1,5.50,3.67,true,1,
7290013182043,false,אבטיח 600 גר,,,אבטיח 600 גר,גרמים,600.00,100 גרם,false,1,21.90,3.65,true,1,
7290013182074,false,סלט אצות ים 250 גרם,,IL,סלט אצות ים 250 גרם,גרמים,250.00,100 גרם,false,1,13.90,5.56,true,1,
7290013187482,false,"אוזו פלומארי 700 מ""ל במארז כוס גבוה",,,"אוזו פלומארי 700 מ""ל",מיליליטרים,700.00,"100 מ""ל",false,1,83.90,11.99,true,1,
7290013187765,false,ברוקולי טבעפרוסט 800 גר,,,ברוקולי טבעפרוסט 800,גרמים,800.00,100 גרם,false,1,18.90,2.36,true,1,
7290013187772,false,אפונה ירוקה עדינה טבעפרוסט 800 גר,,,אפונה ירוקה עדינה טב,גרמים,800.00,100 גרם,false,1,18.90,2.36,true,1,
7290013187802,false,שעועית ירוקה עדינה טבעפרוסט 800 גר,,,שעועית ירוקה עדינה ט,גרמים,800.00,100 גרם,false,1,15.90,1.99,true,1,
7290013187819,false,שעועית ירוקה חתוכה טבעפרוסט 800 גר,,,שעועית ירוקה חתוכה ט,גרמים,800.00,100 גרם,false,1,15.90,1.99,true,1,
7290013187826,false,כרוב ניצנים טבעפרוסט 800 גר,,,כרוב ניצנים טבעפרוסט,גרמים,800.00,100 גרם,false,1,15.90,1.99,true,1,
7290013187833,false,כרובית טבעפרוסט 800 גר,,,כרובית טבעפרוסט 800,גרמים,800.00,100 גרם,false,1,15.90,1.99,true,1,
7290013187857,false,תרד טבעפרוסט 800 גר,,,תרד טבעפרוסט 800 גר,גרמים,800.00,100 גרם,false,1,15.90,1.99,true,1,
7290013187864,false,נקניקיות שפיקצקי 600 גרם,,,נקניקיות שפיקצקי,גרמים,600.00,100 גרם,false,1,42.90,7.15,true,1,
7290013187871,false,סרוולט אוסטרי 170 גר,,,סרוולט אוסטרי 170 גר,גרמים,170.00,100 גרם,false,1,34.90,20.53,true,1,
7290013187888,false,רוסקי סרוולט 170 גר,,,רוסקי סרוולט 170 גר,גרמים,170.00,100 גרם,false,1,34.90,20.53,true,1,
7290013215017,false,פיטריות דואט,,,פיטריות דואט,Unknown,0.00,Unknown,false,1,17.90,17.90,true,1,
7290013215024,false,מגה פורטבלה,,,מגה פורטבלה,Unknown,0.00,Unknown,false,1,18.90,18.90,true,1,
7290013268839,false,פוליווקס פרקט בניחוח מלון 2 ליטר,,,פוליווקס פרקט,ליטרים,0.00,ליטר,false,1,23.90,23.90,true,1,
7290013268938,false,סנובון שלישייה גל סופר קצף מאסק,,,סנובון שלישייה גל סו,Unknown,0.00,Unknown,false,1,13.50,13.50,true,1,
7290013269003,false,מרכך כביסה מקסימה בייבי 1 ל,,,מרכך כביסה מקסימה,מיליליטרים,1000.00,"100 מ""ל",false,1,17.90,1.79,true,1,
7290013276117,false,"בירה נגב אואזיס 330 מ""ל",,,בירה נגב אואזיס 330,מיליליטרים,330.00,"100 מ""ל",false,1,15.90,4.82,true,1,
7290013284662,false,רוטב פיצה פיתה 240 גרם פריניר,,,רוטב פיצה פיתה 240 ג,גרמים,240.00,100 גרם,false,1,5.80,2.42,true,1,
7290013329141,false,"שמן קוקוס 500 מ""ל",,,"שמן קוקוס 500 מ""ל",מיליליטרים,500.00,"100 מ""ל",false,1,31.90,6.38,true,1,
7290013358363,false,פירורי לחם פנקו 300 גרם מנה,,,פירורי לחם פנקו 300,גרמים,300.00,100 גרם,false,1,9.80,3.27,true,1,
7290013358431,false,מנה קרוטונים לסלט עגבניות ובזיליקום 200,,,מנה קרוטונים לסלט עג,גרמים,200.00,100 גרם,false,1,15.60,7.80,true,1,
7290013358448,false,מנה קרוטונים לסלט 4 דגנים 200 גרם,,,מנה קרוטונים לסלט 4,גרמים,200.00,100 גרם,false,1,15.60,7.80,true,1,
7290013358462,false,מנה קרוטונים למרק שום בצל פטרוזיליה 350ג,,,מנה קרוטונים למרק שו,גרמים,350.00,100 גרם,false,1,15.90,4.54,true,1,
7290013358509,false,מאסטר שף מיקסלט 200 גרם,,,מאסטר שף מיקסלט 200,גרמים,200.00,100 גרם,false,1,17.70,8.85,true,1,
7290013358530,false,"רוטב צילי מתוק מנה אסייאתי 700 מ""ל מ.שף",,,רוטב צילי מתוק מנה א,מיליליטרים,700.00,"100 מ""ל",false,1,11.90,1.70,true,1,
7290013366634,false,חסה ראשים 200 גר,,,חסה ראשים 200 גר,גרמים,200.00,100 גרם,false,1,14.90,7.45,true,1,
7290013381910,false,"טורטיות ללא חומר משמר דגנים 20 ס""מ 8",,,טורטיות ללא חומר משמ,Unknown,0.00,Unknown,false,1,9.90,9.90,true,1,
7290013381996,false,סרדינים בשמן זית 125 גרם,,,סרדינים בשמן זית 125,גרמים,125.00,100 גרם,false,1,6.10,4.88,true,1,
7290013389114,false,"ניוקי תפו""א 500 גרם",,,"ניוקי תפו""א 500 גרם",גרמים,500.00,100 גרם,false,1,9.30,1.86,true,1,
7290013389145,false,מיני ניוקי 500 גרם,,,מיני ניוקי 500 גרם,גרמים,500.00,100 גרם,false,1,12.20,2.44,true,1,
7290013451927,false,פריכיות כוסמת ללא מלח 175 גרם,,IL,פריכיות כוסמת טבעי 1,גרמים,175.00,100 גרם,false,1,11.40,6.51,true,1,
7290013456281,false,"ערק מאלכי קלאסי 700 מ""ל",,,ערק מאלכי קלאסי 700,מיליליטרים,700.00,"100 מ""ל",false,1,59.90,8.56,true,1,
7290013492005,false,תפוחוני אדמה למיקרוגל,,,תפוחוני אדמה למיקרו,גרמים,700.00,100 גרם,false,1,9.90,1.41,true,1,
7290013493019,false,בירה בזלת פילזנר 330 מל,,,בירה בזלת פילזנר 330,מיליליטרים,330.00,"100 מ""ל",false,1,12.90,3.91,true,1,
7290013493071,false,בירה בזלת אייל ענברי 330 מל,,,בירה בזלת אייל ענברי,מיליליטרים,330.00,"100 מ""ל",false,1,15.90,4.82,true,1,
7290013531117,false,רוטב לפסטה קידס 260 גר יכין,,,רוטב לפסטה קידס 260,מיליליטרים,260.00,"100 מ""ל",false,1,6.50,2.50,true,1,
7290013531490,false,פול מתובל יכין 560 גרם,,,פול מתובל יכין 560 ג,גרמים,560.00,100 גרם,false,1,9.90,1.77,true,1,
7290013531759,false,שעועית לבנה במים 550 גרם,,,שעועית לבנה במים 550,גרמים,550.00,100 גרם,false,1,9.90,1.80,true,1,
7290013542144,false,כוס נייר 4OZ  לאספרס,,CN,כוס נייר 4OZ  לאספרס,Unknown,1.00,Unknown,false,1,6.50,6.50,true,1,
7290013542236,false,כוס שתיה קרה 100 יח,,TR,כוס שתיה קרה 100 יח,Unknown,0.00,Unknown,false,1,10.40,10.40,true,1,
7290013542342,false,נייר אפיה ביתי  50 י,,FR,נייר אפיה ביתי  50 י,Unknown,1.00,Unknown,false,1,8.30,8.30,true,1,
7290013542427,false,שיפוד במבוק מובחר 10,,CN,שיפוד במבוק מובחר 10,Unknown,1.00,Unknown,false,1,2.90,2.90,true,1,
7290013542441,false,שיפוד רחב במבוק,,CN,שיפוד רחב במבוק,Unknown,0.00,Unknown,false,1,5.90,5.90,true,1,
7290013542458,false,קיסמי שיניים מלחיה 3,,CN,קיסמי שיניים מלחיה 3,Unknown,0.00,Unknown,false,1,1.90,1.90,true,1,
7290013542526,false,כוס נייר 50 יח לשתיה,,CN,כוס נייר 50 יח לשתיה,Unknown,0.00,Unknown,false,1,10.90,10.90,true,1,
7290013542533,false,כוס נייר גדולה לשתיה,,CN,כוס נייר גדולה לשתיה,Unknown,1.00,Unknown,false,1,23.90,23.90,true,1,
7290013542588,false,תבניות אלומיניום 731,,CN,תבניות אלומיניום 731,Unknown,1.00,Unknown,false,1,10.00,10.00,true,1,
7290013542595,false,תבניות אלומיניום עגו,,CN,תבניות אלומיניום עגו,Unknown,1.00,Unknown,false,1,9.50,9.50,true,1,
7290013542601,false,תבניות אלומיניום אינ,,CN,תבניות אלומיניום אינ,Unknown,1.00,Unknown,false,1,9.50,9.50,true,1,
7290013542632,false,מפת שולחן גדולה ראנר,,CN,מפת שולחן גדולה ראנר,Unknown,0.00,Unknown,false,1,7.50,7.50,true,1,
7290013579492,false,פיטאיה קפואה Shake It 250 גרם,,IL,פיטאיה קפואה Shake I,גרמים,250.00,100 גרם,false,1,10.90,4.36,true,1,
7290013580009,false,המבורגר זהב 400 גרם,,,המבורגר זהב 400 גרם,גרמים,400.00,100 גרם,false,1,20.90,5.23,true,1,
7290013585233,false,"ספרייט ZERO פחית סליק 330 מ""ל",,,ספרייט ZERO פחית סלי,מיליליטרים,330.00,"100 מ""ל",false,1,5.40,1.64,true,1,
7290013585257,false,"ספרייט ZERO בקבוק 500 מ""ל",,,ספרייט ZERO בקבוק 50,מיליליטרים,500.00,"100 מ""ל",false,1,7.50,1.50,true,1,
7290013585455,false,"ויינשטפן פסטביר בק 330 מ""ל",,,ויינשטפן פסטביר בק 3,מיליליטרים,330.00,"100 מ""ל",false,1,14.50,4.39,true,1,
7290013585967,false,מארז ספרייט זירו 6 * 330 פח Fridge- pack,,,מארז ספרייט זירו 6 *,ליטרים,0.00,ליטר,false,1,22.90,22.90,true,1,
7290013650313,false,"שמן שומשום 250 מ""ל",,US,"שמן שומשום 250 מ""ל",מיליליטרים,250.00,"100 מ""ל",false,1,29.90,11.96,true,1,
7290013702883,false,"שוופס מוגז פינק למונייד 500 מ""ל",,,שוופס מוגז פינק למונ,מיליליטרים,500.00,"100 מ""ל",false,1,7.20,1.44,true,1,
7290013713018,false,"בירה גמס לאגר כהה 330 מ""ל",,,בירה גמס לאגר כהה 33,מיליליטרים,330.00,"100 מ""ל",false,1,12.90,3.91,true,1,
7290013713025,false,"בירה  פילס 330 מ""ל גמס",,,"בירה  פילס 330 מ""ל ג",מיליליטרים,330.00,"100 מ""ל",false,1,12.90,3.91,true,1,
7290013713049,false,"בירה גמס 8.8 איל בלגי מחוזקת 330 מ""ל",,,בירה גמס 8.8 איל בלג,מיליליטרים,330.00,"100 מ""ל",false,1,12.90,3.91,true,1,
7290013713094,false,"בירה I.P.A  גמס 330 מ""ל",,,בירה I.P.A  גמס 330,מיליליטרים,330.00,"100 מ""ל",false,1,12.90,3.91,true,1,
7290013720313,false,סורימי שרימפס 200 גר,,,סורימי שרימפס 200 גר,גרמים,200.00,100 גרם,false,1,9.40,4.70,true,1,
7290013720498,false,פיין שרימפס מבושל 750 גר M,,,פיין שרימפס מבושל,גרמים,750.00,100 גרם,false,1,60.90,8.12,true,1,
7290013720818,false,קלמרי 1 קג קפוא,,,קלמרי 1 קג קפוא,קילוגרמים,0.00,"ק""ג",false,1,89.90,89.90,true,1,
7290013720924,false,ממרח פטה אווז 140 גר,,,ממרח פטה אווז 140 גר,גרמים,140.00,100 גרם,false,1,14.90,10.64,true,1,
7290013724939,false,חמוציות בשוקולד מריר 140 גר שקדיה,,,חמוציות בשוקולד מריר,גרמים,140.00,100 גרם,false,1,11.90,8.50,true,1,
7290013750839,false,לוח חיתוך אנטי 25*15,,,לוח חיתוך אנטי 25*15,Unknown,0.00,Unknown,false,1,31.50,31.50,true,1,
7290013764027,false,סיידר תפוחים יבש 330 מל,,,סיידר תפוחים יבש 330,מיליליטרים,330.00,"100 מ""ל",false,1,13.90,4.21,true,1,
7290013771131,false,לאבנה עיזים 5% 250 גר,,,לאבנה עיזים 5% 250,גרמים,250.00,100 גרם,false,1,17.90,7.16,true,1,
7290013771216,false,פטאקי 16% 250 גר,,,פטאקי 16% 250 גר,גרמים,250.00,100 גרם,false,1,14.90,5.96,true,1,
7290013816894,false,שוקולד מריר אורגני קמינו ורדה הולי 100 ג,,IL,שוקולד מריר אורגני ק,גרמים,100.00,100 גרם,false,1,20.90,20.90,true,1,
7290013816917,false,שוקולד מריר אורגני קמינו ורדה הולי 100%,,IL,שוקולד מריר אורגני ק,גרמים,100.00,100 גרם,false,1,20.90,20.90,true,1,
7290013847119,false,סטארקיסט טונה בשמן קנולה 4*160 גר,,VN,טונה סטארקיסט בשמן ק,גרמים,640.00,100 גרם,false,1,24.90,3.89,true,1,
7290013847409,false,ס.ק לייט טונה 4% שומן לימון ופלפל חריף,,,ס.ק לייט טונה 4% שומ,גרמים,140.00,100 גרם,false,1,8.50,6.07,true,1,
7290013847454,false,טונה סטארקיסט שמן קנולה רביעיות 4*160 גר,,,טונה סטארקיסט שמן קנ,גרמים,640.00,100 גרם,false,1,24.90,3.89,true,1,
7290013847553,false,סטארקיסט טונה רביעייה דלת נתרן מים 4*160,,,סטארקיסט טונה 4*160,גרמים,640.00,100 גרם,false,1,24.90,3.89,true,1,
7290013847836,false,מארז זוגות טונה בשמן קנולה 140*2 גרם,,,טונה סטארקיסט בשמן ק,גרמים,280.00,100 גרם,false,1,13.50,4.82,true,1,
7290013847867,false,מארז זוגות טונה בשמן סויה 2* 140 גר,,,טונה סטארקיסט בשמן ס,גרמים,280.00,100 גרם,false,1,13.50,4.82,true,1,
7290013861054,false,צימוקים בשוקולד חלב 140 גר שקדיה,,,צימוקים בשוקולד חלב,גרמים,140.00,100 גרם,false,1,11.90,8.50,true,1,
7290013861412,false,המתוקים של ששון קוקוס 250 גרם,,,המתוקים של ששון קוקו,גרמים,250.00,100 גרם,false,1,12.60,5.04,true,1,
7290013861429,false,המתוקים של ששון שומשום 250 גרם,,,המתוקים של ששון שומש,גרמים,250.00,100 גרם,false,1,12.60,5.04,true,1,
7290013861443,false,המתוקים של ששון בוטנים 250 גרם,,,המתוקים של ששון בוטנ,גרמים,250.00,100 גרם,false,1,12.60,5.04,true,1,
7290013906441,false,קבנוס טירת צבי 120 גר,,,קבנוס טירת צבי 120 ג,גרמים,120.00,100 גרם,false,1,9.90,8.25,true,1,
7290013906458,false,קבנוס בטעם פיקנטי טירת צבי 120 גר,,,קבנוס בטעם פיקנטי טי,גרמים,120.00,100 גרם,false,1,11.90,9.92,true,1,
7290013906489,false,חטיפי קבנוס טירת צבי 120 גר,,,חטיפי קבנוס טירת צבי,גרמים,120.00,100 גרם,false,1,11.90,9.92,true,1,
7290013906496,false,פסטרמה עגל בסגנון רומני טירת צבי 120 גר,,,פסטרמה עגל בסגנון רו,גרמים,120.00,100 גרם,false,1,18.80,15.67,true,1,
7290013906687,false,צמד כפרית ברבקיו ודבש טירת צבי 600 גרם,,,צמד כפרית ברבקיו,גרמים,600.00,100 גרם,false,1,29.90,4.98,true,1,
7290014002944,false,גן קסום חליטת םירות וצמחים חמדת שקד 25 ש,,,גן קסום חליטת םירות,Unknown,0.00,Unknown,false,1,18.90,18.90,true,1,
7290014056008,false,"בירה שפירא פייל אייל 330 מ""ל",,IL,בירה שפירא פייל אייל,מיליליטרים,330.00,"100 מ""ל",false,1,15.90,4.82,true,1,
7290014059436,false,סנסודיין משחת שיניים,,,סנסודיין משחת שיניים,Unknown,0.00,Unknown,false,1,28.50,28.50,true,1,
7290014066359,false,לנדוור קפסולות אספרסו בלאנסד 10 יח,,,לנדוור קפסולות אספרס,Unknown,0.00,Unknown,false,1,17.70,17.70,true,1,
7290014066366,false,לנדוור קפסולות אספרסו ריסטרטו 10 יח,,,לנדוור קפסולות אספרס,Unknown,0.00,Unknown,false,1,17.70,17.70,true,1,
7290014066373,false,לנדוור קפסולות אספרסו קלאסיק 10 יח,,,לנדוור קפסולות אספרס,Unknown,0.00,Unknown,false,1,17.70,17.70,true,1,
7290014066526,false,לנדוור קפסולות אספרסו תערובת הבית 10 יח,,,לנדוור קפסולות אספרס,Unknown,0.00,Unknown,false,1,17.70,17.70,true,1,
7290014079014,false,לבבות קיסר,,,לבבות קיסר,Unknown,0.00,Unknown,false,1,11.90,11.90,true,1,
7290014094338,false,דלעת מקולפת 250 גר,,,דלעת מקולפת 250 גר,גרמים,250.00,100 גרם,false,1,22.90,9.16,true,1,
7290014094345,false,חמניה מקולפת 300 גר,,,חמניה מקולפת 300 גר,גרמים,300.00,100 גרם,false,1,11.80,3.93,true,1,
7290014094369,false,שקד טבעי  200 גר קופסא ששון הקולה,,,שקד טבעי  200 גר קופ,גרמים,200.00,100 גרם,false,1,22.90,11.45,true,1,
7290014094376,false,שזיפים ללא גלעין 330 גר,,,שזיפים ללא גלעין 330,גרמים,330.00,100 גרם,false,1,23.90,7.24,true,1,
7290014094383,false,משמש 330 גר,,,משמש 330 גר,גרמים,330.00,100 גרם,false,1,27.50,8.33,true,1,
7290014094390,false,חמוציות 330 גר,,,חמוציות 330 גר,גרמים,330.00,100 גרם,false,1,16.20,4.91,true,1,
7290014094406,false,צימוק לבן 330 גר,,,צימוק לבן 330 גר,גרמים,330.00,100 גרם,false,1,18.80,5.70,true,1,
7290014094642,false,קשיו טבעי גדול  250 גר,,,קשיו טבעי גדול 250 ג,גרמים,250.00,100 גרם,false,1,29.50,11.80,true,1,
7290014094659,false,בונדוק טבעי 250 גר,,,בונדוק טבעי 250 גר,גרמים,250.00,100 גרם,false,1,30.50,12.20,true,1,
7290014094895,false,אגוזים מלך קלופים 150 גרם ששון הקולה,,,אגוזים מלך קלופים 15,גרמים,150.00,100 גרם,false,1,11.90,7.93,true,1,
7290014094901,false,פקאן טבעי 150 גרם ששון הקולה,,,פקאן טבעי 150 גרם שש,גרמים,150.00,100 גרם,false,1,22.90,15.27,true,1,
7290014095861,false,שיבולת שועל דקה 500 גרם קוואקר,,,שיבולת שועל דקה 500,גרמים,500.00,100 גרם,false,1,6.90,1.38,true,1,
7290014095953,false,משוקלדים פקאן חלב 140 גר שקדיה,,,משוקלדים פקאן חלב 14,גרמים,140.00,100 גרם,false,1,11.90,8.50,true,1,
7290014095960,false,שיבולת שועל עבה 500 גרם קוואקר,,,שיבולת שועל עבה 500,גרמים,500.00,100 גרם,false,1,6.90,1.38,true,1,
7290014229945,false,קולפן Y נירוסטה להב משונן בבליסטר קארד,,,קולפן Y נירוסטה  להב,Unknown,0.00,Unknown,false,1,19.90,19.90,true,1,
7290014318151,false,ממרח ארטישוק 212,,,ממרח ארטישוק 212,מיליליטרים,212.00,"100 מ""ל",false,1,18.70,8.82,true,1,
7290014318281,false,מחית כמהין 5 % כשר 90 גר,,,מחית כמהין 5 % כשר 9,גרמים,90.00,100 גרם,false,1,46.90,52.11,true,1,
7290014318311,false,עגבניות פולפה שלישיות 400*3,,,עגבניות פולפה,קילוגרמים,0.00,"ק""ג",false,1,18.80,18.80,true,1,
7290014318434,false,זיתים איטלקיים מזן צריניולה 540 גר BELL,,,זיתים איטלקיים מזן צ,גרמים,540.00,100 גרם,false,1,21.90,4.06,true,1,
7290014397286,false,מרכך כביסה מקסימה חלב ודבש 1 ל,,,מרכך כביסה מקסימה,מיליליטרים,1000.00,"100 מ""ל",false,1,17.90,1.79,true,1,
7290014435704,false,סלמון מעושן 100 גר,,,סלמון מעושן 100 גר,גרמים,100.00,100 גרם,false,1,24.90,24.90,true,1,
7290014440463,false,"יין מדבר שרדונה  סדרה 22 750 מ""ל",,IL,יין מדבר שרדונה  סדר,מיליליטרים,750.00,"100 מ""ל",false,1,51.90,6.92,true,1,
7290014440470,false,"יין מדבר סוביניון בלאן  סדרה 22 750 מ""ל",,IL,יין מדבר סוביניון בל,מיליליטרים,750.00,"100 מ""ל",false,1,51.90,6.92,true,1,
7290014440494,false,"יין מדבר רוזה  סדרה 22 750 מ""ל",,IL,יין מדבר רוזה  סדרה,מיליליטרים,750.00,"100 מ""ל",false,1,51.90,6.92,true,1,
7290014455245,false,גרנה פדנו משולש 200 גרם,,,גרנה פדנו משולש 200,גרמים,200.00,100 גרם,false,1,25.20,12.60,true,1,
7290014455252,false,גבינה גרנהפדנו מגורד 100 גר,,,גבינה גרנה פדנו,גרמים,100.00,100 גרם,false,1,11.90,11.90,true,1,
7290014455320,false,כדור מוצרלה פרסקה 100 גר,,,כדור מוצרלה פרסקה 10,גרמים,100.00,100 גרם,false,1,9.70,9.70,true,1,
7290014455467,false,מעדן שיבולת שועל וחלב 2% 150 גר,,,מעדן שיבולת שועל וחל,גרמים,150.00,100 גרם,false,1,6.10,4.07,true,1,
7290014466890,false,"יין גמלא השמורה קברנה מרלו 2020 750 מ""ל",,,יין גמלא השמורה קברנ,Unknown,0.00,Unknown,false,1,69.90,69.90,true,1,
7290014472136,false,גרעין שחור קלוי 150 ג ששון הקולה,,,גרעין שחור קלוי 150,גרמים,150.00,100 גרם,false,1,4.80,3.20,true,1,
7290014472471,false,גרעינים שחור ענק 200 גר פרימיום,,,גרעיני חמניה קלויים,גרמים,200.00,100 גרם,false,1,6.90,3.45,true,1,
7290014472488,false,שקד קלוי ענק 250 גרם פרימיום ששון הקולה,,,שקד קלוי ענק 250 גרם,גרמים,250.00,100 גרם,false,1,23.90,9.56,true,1,
7290014472495,false,קשיו קלוי ענק 250 גר פרימיום ששון הקולה,,,קשיו קלוי ענק 250 גר,גרמים,250.00,100 גרם,false,1,21.90,8.76,true,1,
7290014472501,false,פיסטוק קלוי ענק 250 ג פרימיום ששון הקולה,,,פיסטוק קלוי ענק 250,גרמים,250.00,100 גרם,false,1,23.90,9.56,true,1,
7290014472518,false,בוטן קלוי ענק 250 גר פרימיום ששון הקולה,,,בוטן קלוי ענק 250 גר,גרמים,250.00,100 גרם,false,1,11.90,4.76,true,1,
7290014472525,false,תערובת מובחרת 250 גר פרימיום ששון הקולה,,,תערובת מובחרת 250 גר,גרמים,250.00,100 גרם,false,1,23.90,9.56,true,1,
7290014503137,false,"יין כנען אדום דלתון 750 מ""ל",,,יין כנען אדום דלתון,Unknown,0.00,Unknown,false,1,44.90,44.90,true,1,
7290014503144,false,יין כנען לבן דלתון 750 מל,,,יין כנען לבן דלתון 7,Unknown,0.00,Unknown,false,1,44.90,44.90,true,1,
7290014525306,false,חטיף מרבה סלים דליס קריספי אוכמניות 125,,,חטיף מרבה סלים דליס,גרמים,125.00,100 גרם,false,1,10.90,8.72,true,1,
7290014525313,false,חטיף מרבה סלים דליס קריספי שוקולד 125 ג,,,חטיף מרבה סלים דליס,גרמים,125.00,100 גרם,false,1,10.90,8.72,true,1,
7290014673021,false,פלפל שחור שלם 100 גרם,,,פלפל שחור שלם 100 גר,גרמים,100.00,100 גרם,false,1,15.50,15.50,true,1,
7290014673410,false,פלפל שחור גרוס דק 250 גרם,,,פלפל שחור גרוס דק 25,גרמים,250.00,100 גרם,false,1,30.90,12.36,true,1,
7290014673434,false,פלפל שחור גרוס דק 50 גרם שקית,,,פלפל שחור גרוס 80 גר,Unknown,0.00,Unknown,false,1,9.90,9.90,true,1,
7290014686779,false,כף הגשה מיקי שמו סיליקון,,,כף הגשה שטוחה 28 סמ,Unknown,0.00,Unknown,false,1,24.90,24.90,true,1,
7290014692749,false,"שמן זית כתית מעולה 750 מ""ל",,ES,שמן זית כתית מעולה 7,מיליליטרים,750.00,"100 מ""ל",false,1,34.50,4.60,true,1,
7290014718357,false,סט דבק נוצצים גדול ק,,,סט דבק נוצצים גדול ק,Unknown,0.00,Unknown,false,1,19.90,19.90,true,1,
7290014718708,false,מדבקות קבוצה 21,,CN,מדבקות קבוצה 21,Unknown,0.00,Unknown,false,1,10.90,10.90,true,1,
7290014718753,false,מדבקות קבוצה 22,,,מדבקות קבוצה 22,Unknown,0.00,Unknown,false,1,9.90,9.90,true,1,
7290014718784,false,פסיפסים בלרינה,,CN,פסיפסים בלרינה,יחידה,1.00,יחידה,false,1,24.90,24.90,true,1,
7290014718845,false,מדבקות,,,מדבקות,יחידה,1.00,יחידה,false,1,14.90,14.90,true,1,
7290014749726,false,עוף טוב שניצל עוף ביתי קריספי 700 גרם,,,עוף טוב שניצל עוף בי,גרמים,700.00,100 גרם,false,1,44.90,6.41,true,1,
7290014749887,false,שניצל דק ענק קריספ קלאסי 720 גרם,,,שניצל דק ענק קריספ ק,גרמים,720.00,100 גרם,false,1,36.50,5.07,true,1,
7290014758100,false,שמיניית מאגדת BIO יוגורט 3% 150 גרם,,,שמיניית מאגדת BIO,גרמים,150.00,100 גרם,false,1,16.90,11.27,true,1,
7290014758117,false,שמיניית יוגורט ביו 1.5% 150 גרם,,,שמיניית יוגורט ביו,קילוגרמים,0.00,"ק""ג",false,1,17.20,17.20,true,1,
7290014759084,false,נפוליאון מופחת שומן 16% 225 גר,,,נפוליאון מופחת שומן,גרמים,225.00,100 גרם,false,1,13.90,6.18,true,1,
7290014759534,false,פיראוס בולגרית למריחה 5% 200 גר,,,פיראוס בולגרית למריח,גרמים,200.00,100 גרם,false,1,16.80,8.40,true,1,
7290014759978,false,קולאז קשקבל גלעד פלח 200 גר,,,קולאז קשקבל גלעד פלח,גרמים,200.00,100 גרם,false,1,26.60,13.30,true,1,
7290014759985,false,קולאז פרמזן גבע פלח 200 גר,,,קולאז פרמזן גבע פלח,גרמים,200.00,100 גרם,false,1,25.50,12.75,true,1,
7290014759992,false,קולאז רוקפור גליל פלח 140 גר,,,קולאז רוקפור גליל פל,גרמים,140.00,100 גרם,false,1,19.40,13.86,true,1,
7290014760134,false,מעדן סויה וניל 125 גר,,,מעדן סויה וניל,גרמים,125.00,100 גרם,false,1,4.60,3.68,true,1,
7290014760141,false,משקה שקדים טרי 1 ליטר,,,משקה שקדים טרי 1 ליט,מיליליטרים,1000.00,"100 מ""ל",false,1,12.90,1.29,true,1,
7290014760448,false,מאגדת גלבוע 22% 400 גר,,,גלבוע פרוס 22% 400 ג,גרמים,400.00,100 גרם,false,1,23.90,5.98,true,1,
7290014760912,false,מאגדת גוש חלב 28% 400 גר,,,מאגדת גוש חלב 28%,גרמים,400.00,100 גרם,false,1,26.00,6.50,true,1,
7290014761056,false,יולו שוקולד חלב מעולה 123 גר,,,יולו שוקולד חלב,גרמים,123.00,100 גרם,false,1,4.70,3.82,true,1,
7290014761063,false,יולו שוקולד מריר מעולה 123 גר,,,יולו שוקולד מריר,גרמים,123.00,100 גרם,false,1,4.70,3.82,true,1,
7290014761070,false,YOLO שוקולד לבן מעולה 123 ג,,,YOLO שוקולד לבן מעול,גרמים,123.00,100 גרם,false,1,4.70,3.82,true,1,
7290014761414,false,יולו מעדן שכבות שוקולד חלב ולבן 123 גר,,,יולו מעדן שכבות,גרמים,123.00,100 גרם,false,1,4.70,3.82,true,1,
7290014761612,false,YOLO מעדן שכבות שוקולד מריר ולבן 123 גר,,,YOLO מעדן שכבות שוקו,גרמים,123.00,100 גרם,false,1,4.70,3.82,true,1,
7290014762756,false,נפוליאון 16%בטעם בצל 225 גר,,,נפוליאון 16%בטעם בצל,גרמים,225.00,100 גרם,false,1,13.90,6.18,true,1,
7290014762800,false,מעדן סויה שוקולד 125 גר,,,מעדן סויה שוקולד 125,גרמים,125.00,100 גרם,false,1,4.80,3.84,true,1,
7290014762831,false,גבינת שמנת נפוליאו 25% חלפיניו 225 גר,,,גבינת שמנת נפוליאו 2,גרמים,225.00,100 גרם,false,1,13.90,6.18,true,1,
7290014762909,false,פתיתי מוצרלה 200 גר,,IL,פתיתי מוצרלה השף הלב,גרמים,220.00,100 גרם,false,1,15.90,7.23,true,1,
7290014763272,false,משקה סויה ביו תות בננה 250 מל,,,משקה סויה ביו תות בנ,מיליליטרים,250.00,"100 מ""ל",false,1,5.90,2.36,true,1,
7290014789913,false,מארז עוגיות אוראו עם קרם וניל 3*176 גרם,,,מארז עוגיות אוראו עם,גרמים,528.00,100 גרם,false,1,21.90,4.15,true,1,
7290014791572,false,"שוופס מוגז ענבים 330 מ""ל",,,שוופס מוגז ענבים 330,מיליליטרים,330.00,"100 מ""ל",false,1,5.70,1.73,true,1,
7290014791664,false,שישיה מי עדן אישי פקק רגיל 500 מל,,,שישיה מי עדן אישי פק,ליטרים,0.00,ליטר,false,1,10.90,10.90,true,1,
7290014791831,false,"FRUT WATER ענבים 500 מ""ל",,,FRUT WATER ענבים 500,מיליליטרים,500.00,"100 מ""ל",false,1,6.50,1.30,true,1,
7290014791848,false,"FRUT WATER אננס 500 מ""ל",,,FRUT WATER אננס 500,מיליליטרים,500.00,"100 מ""ל",false,1,6.50,1.30,true,1,
7290014791862,false,"FRUT WATER אפרסק 500 מ""ל",,,FRUT WATER אפרסק 500,מיליליטרים,500.00,"100 מ""ל",false,1,6.50,1.30,true,1,
7290014791879,false,"FRUT WATER אבטיח 500 מ""ל",,,FRUT WATER אבטיח 500,מיליליטרים,500.00,"100 מ""ל",false,1,6.50,1.30,true,1,
7290014821569,false,כבל סנכרון אלומניום אייפון 6 2 מטר,,,כבל סנכרון אלומניום,Unknown,0.00,Unknown,false,1,29.90,29.90,true,1,
7290014855434,false,בייביסיטר מגבונים פרפורמנס מבושם 4 יח,,,בייביסיטר מגבונים פר,Unknown,0.00,Unknown,false,1,16.90,16.90,true,1,
7290014855458,false,בייביסיטר מגבונים פרפורמנס ללא בישום 4 י,,,בייביסיטר מגבונים פר,Unknown,0.00,Unknown,false,1,16.90,16.90,true,1,
7290014860070,false,"מקלות אורז ללא גלוטן 5 מ""מ 454 גרם",,,מקלות אורז ללא גלוטן,גרמים,454.00,100 גרם,false,1,11.40,2.51,true,1,
7290014860087,false,מקלוני אורז ללא גלוטן 5 ממ 250 גרם,,,מקלוני אורז ללא גלוט,גרמים,250.00,100 גרם,false,1,7.90,3.16,true,1,
7290014905344,false,הפי קצף לשטיחים מנקה ומרענן,,,הפי קצף לשטיחים מנקה,מיליליטרים,800.00,"100 מ""ל",false,1,24.90,3.11,true,1,
7290014905689,false,"הפי נוזל כלים ירוק תפוח 750 מ""ל",,,הפי נוזל כלים ירוק ת,מיליליטרים,750.00,"100 מ""ל",false,1,11.90,1.59,true,1,
7290014905733,false,"הפי נקה חלונות פרפקט 750 מ""ל",,,הפי נקה חלונות פרפקט,מיליליטרים,750.00,"100 מ""ל",false,1,11.40,1.52,true,1,
7290014910287,false,טבורוג דריבנסקי כפרי במשקל,,,טבורוג דריבנסקי כפרי,Unknown,0.00,"ק""ג",true,0,32.00,32.00,true,1,
7290014910461,false,"ערק יודה 700 מ""ל",,IL,"ערק יודה 700 מ""ל",מיליליטרים,700.00,"100 מ""ל",false,1,54.90,7.84,true,1,
7290014910515,false,שימורי  שפרוטים מעושנים בשמן צמחי 250 גר,,,שימורי  שפרוטים מעוש,גרמים,250.00,100 גרם,false,1,12.50,5.00,true,1,
7290014947047,false,פריכיות כוסמת עם מלח 175 גרם,,IL,פריכיות כוסמת עם מלח,גרמים,175.00,100 גרם,false,1,10.90,6.23,true,1,
7290014948013,false,סאן-מלח הימלאיה 950 גרם דק (בשקית),,,סאן-מלח הימלאיה 950,גרמים,950.00,100 גרם,false,1,17.90,1.88,true,1,
7290015009010,false,"חומץ בן יין אדום 500 מ""ל",,,חומץ בן יין אדום 500,מיליליטרים,500.00,"100 מ""ל",false,1,20.60,4.12,true,1,
7290015009126,false,עלי טורטייה מקמח מלא 420 גר 25 סמ,,,עלי טורטייה מקמח מלא,גרמים,420.00,100 גרם,false,1,16.00,3.81,true,1,
7290015009188,false,"ניוקי תפוח""א עם דלעת 300 גרם",,,"ניוקי תפוח""א עם דלעת",גרמים,300.00,100 גרם,false,1,9.90,3.30,true,1,
7290015009218,false,ניוקי עם ערמונים 300 גרם,,,ניוקי עם ערמונים 300,גרמים,300.00,100 גרם,false,1,9.90,3.30,true,1,
7290015009324,false,נאצ`וס ברביקיו 200 גרם,,,נאצ`וס ברביקיו 200 ג,גרמים,200.00,100 גרם,false,1,12.90,6.45,true,1,
7290015009393,false,זיתים שחורים מגולענים מזן קלמטה  430 גרם,,GR,זיתים שחורים מגולעני,גרמים,430.00,100 גרם,false,1,16.90,3.93,true,1,
7290015009447,false,זיתים שחורים מזן קלמטה 440 גרם,,GR,זיתים שחורים מזן קלמ,גרמים,440.00,100 גרם,false,1,19.40,4.41,true,1,
7290015022897,false,אולטרה- סכין שף 20 ס,,,אולטרה- סכין שף 20 ס,Unknown,0.00,Unknown,false,1,74.90,74.90,true,1,
7290015039246,false,רביעית טונה בהירה בשמן וילי פוד 4*160 גר,,TH,רביעית טונה בהירה בש,גרמים,640.00,100 גרם,false,1,19.90,3.11,true,1,
7290015039338,false,רביעית טונה במי מלח וילי פוד 4*160 גר,,TH,רביעית טונה במי מלח,גרמים,640.00,100 גרם,false,1,19.90,3.11,true,1,
7290015127066,false,תמר בהרי אורגני נאות סמדר 400 גרם,,,תמר בהרי אורגני,גרמים,400.00,100 גרם,false,1,19.90,4.98,true,1,
7290015129121,false,סקיני פסטה נודלס 270 גרם,,,סקיני פסטה נודלס 270,גרמים,270.00,100 גרם,false,1,10.90,4.04,true,1,
7290015129145,false,סקיני פסטה ספגטי 270 גרם,,,סקיני פסטה ספגטי 270,גרמים,270.00,100 גרם,false,1,10.90,4.04,true,1,
7290015129749,false,סקיני פסטה שיבולת שועל נודלס 270 גרם,,CN,סקיני פסטה שיבולת שו,גרמים,270.00,100 גרם,false,1,10.90,4.04,true,1,
7290015129756,false,סקיני פסטה שיבולת שועל פטוציני 270 גרם,,CN,סקיני פסטה שיבולת שו,גרמים,270.00,100 גרם,false,1,10.90,4.04,true,1,
7290015140027,false,משטח ייבוש כלים לבן 38*51,,,משטח ייבוש כלים 38X5,Unknown,0.00,Unknown,false,1,31.90,31.90,true,1,
7290015140058,false,צמד משטחי יבוש ירוק,,,צמד משטחי ייבוש/הנחה,Unknown,0.00,Unknown,false,1,39.90,39.90,true,1,
7290015140065,false,צמד משטחי יבוש חום,,,צמד משטחי ייבוש/הנחה,Unknown,0.00,Unknown,false,1,39.90,39.90,true,1,
7290015150088,false,מחית עגבניות גראנד איטליה 700 גרם,,,מחית עגבניות גראנד א,גרמים,700.00,100 גרם,false,1,12.30,1.76,true,1,
7290015150118,false,עגבניות חתוכות דק 3*400 גרם,,,עגבניות חתוכות דק בל,גרמים,1200.00,100 גרם,false,1,17.60,1.47,true,1,
7290015155793,false,פרמיו כריות מיקס,,,פרמיו כריות מיקס,Unknown,0.00,Unknown,false,1,14.90,14.90,true,1,
7290015155823,false,מחית תפוח חטיפטף פרינוק 120 גר,,,מחית תפוח חטיפטף פרי,גרמים,120.00,100 גרם,false,1,6.50,5.42,true,1,
7290015155830,false,מחית תפוח בננה חטיפטף פרינוק 120 גר,,,מחית תפוח בננה חטיפט,גרמים,120.00,100 גרם,false,1,6.50,5.42,true,1,
7290015155847,false,מחית סלט פירות חטיפטף פרינוק 120 גר,,,מחית סלט פירות חטיפט,גרמים,120.00,100 גרם,false,1,6.50,5.42,true,1,
7290015161589,false,"פת פריכה אורגנית לל""ג ירקות גינה 100 גר",,CZ,"פת פריכה אורגנית לל""",גרמים,100.00,100 גרם,false,1,14.60,14.60,true,1,
7290015161848,false,"פת פריכה אורגנית לל""ג כוסמת וקינואה 100",,CZ,"פת פריכה אורגנית לל""",גרמים,100.00,100 גרם,false,1,14.60,14.60,true,1,
7290015161923,false,"קרם קוקוס 22% אורגני ללא גלוטן 400 מ""ל",,,קרם קוקוס 22% אורגני,מיליליטרים,400.00,"100 מ""ל",false,1,14.60,3.65,true,1,
7290015193849,false,קרקר עם מלח ארומה 300 גרם,,IL,קרקר עם מלח ארומה 30,גרמים,300.00,100 גרם,false,1,7.90,2.63,true,1,
7290015210225,false,מלחיה ענק נרוסטה + י,,,מלחיה ענק נרוסטה + י,Unknown,0.00,Unknown,false,1,21.90,21.90,true,1,
7290015282390,false,תורכי 200 גר,,,תורכי 200 גר,גרמים,200.00,100 גרם,false,1,13.50,6.75,true,1,
7290015282581,false,חומוס אבו גוש עם חריף 200 גר,,,חומוס אבו גוש עם חרי,גרמים,200.00,100 גרם,false,1,11.00,5.50,true,1,
7290015282604,false,טחינה מיוחדת 200 גר,,,טחינה מיוחדת 200 גר,גרמים,200.00,100 גרם,false,1,11.00,5.50,true,1,
7290015282635,false,חומוס מסבחה 200 גר,,,חומוס מסבחה 200 גר,גרמים,200.00,100 גרם,false,1,11.00,5.50,true,1,
7290015282642,false,חומוס אבו גוש 200 גר,,,חומוס אבו גוש 200 גר,גרמים,200.00,100 גרם,false,1,11.00,5.50,true,1,
7290015282697,false,כרוב אדום 200 גר,,,כרוב אדום 200 גר,גרמים,200.00,100 גרם,false,1,13.50,6.75,true,1,
7290015282734,false,מטבוחה ביתית 200 גר,,,מטבוחה ביתית 200 גר,גרמים,200.00,100 גרם,false,1,13.50,6.75,true,1,
7290015340281,false,קמח שקדים ללא גלוטן 500 גרם,,,קמח שקדים ללא גלוטן,גרמים,500.00,100 גרם,false,1,41.90,8.38,true,1,
7290015341509,false,רוגלך אנטקוביץ 400 גרם,,IL,רוגלך אנטקוביץ 400 ג,גרמים,400.00,100 גרם,false,1,14.90,3.73,true,1,
7290015341516,false,קראנץ שמרים 500 גרם,,IL,קראנץ שמרים 500 גרם,גרמים,500.00,100 גרם,false,1,16.90,3.38,true,1,
7290015354899,false,חרדל דיזון מעודן 350 גרם,,FR,חרדל דיזון מעודן 350,גרמים,350.00,100 גרם,false,1,13.90,3.97,true,1,
7290015366663,false,"אקוה פרש משחת שיניים עדין 100 מ""ל",,,אקוה פרש משחת שיניים,Unknown,0.00,Unknown,false,1,10.40,10.40,true,1,
7290015395021,false,גרגירי גוגי 180 גרם בקופסא,,,גרגירי גוגי 180 גרם,גרמים,180.00,100 גרם,false,1,26.50,14.72,true,1,
7290015395045,false,קינואה 400 גרם חתם סופר,,,קינואה 400 גרם חתם ס,גרמים,400.00,100 גרם,false,1,14.60,3.65,true,1,
7290015395939,false,חטיף אורז בטעם מתוק מלוח 120 גרם,,IL,חטיף אורז בטעם מתוק,גרמים,150.00,100 גרם,false,1,15.90,10.60,true,1,
7290015437578,false,מוזלי קראנצ צימוק תפוח מיובש  600 גר,,,מוזלי קראנצ צימוק תפ,גרמים,600.00,100 גרם,false,1,15.60,2.60,true,1,
7290015437646,false,לה פסטה מחית עגבניות 690 גר,,IT,לה פסטה מחית עגבניות,גרמים,690.00,100 גרם,false,1,9.90,1.43,true,1,
7290015519090,false,מטען קיר גלקסי A2,,,מטען קיר גלקסי A2,Unknown,0.00,Unknown,false,1,39.90,39.90,true,1,
7290015528320,false,צלחת פלסטיק 7 קטנה ק,,CN,צלחת פלסטיק 7 קטנה ק,Unknown,1.00,Unknown,false,1,12.50,12.50,true,1,
7290015528825,false,צלחת  קטנה 7 מתכלה מ,,IN,צלחת  קטנה 7 מתכלה מ,Unknown,1.00,Unknown,false,1,10.40,10.40,true,1,
7290015528832,false,צלחת 9 בינוני מתכלה,,IN,צלחת 9 בינוני מתכלה,Unknown,1.00,Unknown,false,1,12.10,12.10,true,1,
7290015597210,false,מאגדת קורנטו פרווה 6 יח טבעוני 378 גר,,,מאגדת קורנטו פרווה 6,Unknown,0.00,Unknown,false,1,34.90,34.90,true,1,
7290015597326,false,מאגדת קרחוני אייס לייט 3 טעמים 260 גר,,,מאגדת קרחוני אייס לי,גרמים,260.00,100 גרם,false,1,28.50,10.96,true,1,
7290015603232,false,איטריות בתוספת דלעת 454 גרם,,,איטריות בתוספת דלעת,גרמים,454.00,100 גרם,false,1,10.90,2.40,true,1,
7290015603546,false,שימורי קרם קוקוס 17-19% 400 מל ASIATIC,,,שימורי קרם קוקוס 17-,מיליליטרים,400.00,"100 מ""ל",false,1,9.90,2.48,true,1,
7290015603560,false,"שימורי קרם קוקוס 20-22% 400 מ""ל",,,שימורי קרם קוקוס 20-,מיליליטרים,400.00,"100 מ""ל",false,1,9.90,2.48,true,1,
7290015603584,false,גינגר לבן כבוש ללא מונוסודיום 160 גרם,,,גינגר לבן כבוש ללא מ,גרמים,160.00,100 גרם,false,1,7.90,4.94,true,1,
7290015603591,false,גינגר כבוש וורוד 160 גרם,,,גינגר כבוש וורוד 160,גרמים,160.00,100 גרם,false,1,8.30,5.19,true,1,
7290015652070,false,קשיו קלוי 150 גרם ששון הקולה,,,קשיו קלוי 150 גרם שש,גרמים,150.00,100 גרם,false,1,13.50,9.00,true,1,
7290015652087,false,תערובת פיצוחים 150 גרם ששון הקולה,,,תערובת פיצוחים 150 ג,גרמים,150.00,100 גרם,false,1,13.30,8.87,true,1,
7290015652254,false,גרעיני חמניה קלויים 400 גרם ששון הקלה,,,גרעיני חמניה קלויים,גרמים,400.00,100 גרם,false,1,10.00,2.50,true,1,
7290015652278,false,תערובת פיצוחים 250 גרם ששון הקולה,,,תערובת פיצוחים 250 ג,גרמים,250.00,100 גרם,false,1,20.00,8.00,true,1,
7290015652285,false,אגוזים קלופים 250 גרם ששון הקולה,,,אגוזים קלופים 250 גר,גרמים,250.00,100 גרם,false,1,20.00,8.00,true,1,
7290015652292,false,קבוקים עם שומשום 400 גרם ששון הקלה,,,קבוקים עם שומשום 400,גרמים,400.00,100 גרם,false,1,10.00,2.50,true,1,
7290015652308,false,מנצס 300 גרם ששון הקולה,,,מנצס 300 גרם ששון הק,גרמים,300.00,100 גרם,false,1,10.00,3.33,true,1,
7290015652322,false,בוטנים אמריקאיים מצופים 400 גר ששון הקלה,,,בוטנים אמריקאיים מצו,גרמים,400.00,100 גרם,false,1,10.00,2.50,true,1,
7290015652384,false,"קמח תירס הכנה מהירה ללא גלוטן 1 ק""ג",,,קמח תירס הכנה מהירה,גרמים,1000.00,100 גרם,false,1,13.50,1.35,true,1,
7290015652391,false,"קמח תירס הכנה מהירה ללא גלוטן 1 ק""ג",,,קמח תירס הכנה מהירה,גרמים,1000.00,100 גרם,false,1,13.50,1.35,true,1,
7290015652407,false,פיסטוק קלוי 250 גר דין שיווק,,,פיסטוק קלוי 250 גר ד,גרמים,250.00,100 גרם,false,1,20.00,8.00,true,1,
7290015652568,false,אהרוני עשבי טיבול לדגים 70 גר,,,אהרוני עשבי טיבול לד,Unknown,0.00,Unknown,false,1,15.60,15.60,true,1,
7290015652605,false,פיסטוק קלוף 100 גרם השף,,,פיסטוק קלוף 100 גרם,גרמים,100.00,100 גרם,false,1,29.20,29.20,true,1,
7290015670043,false,מטבעות תמרים ואגוזים,,IL,מטבעות תמרים ואגוזים,Unknown,0.00,Unknown,false,1,34.90,34.90,true,1,
7290015670067,false,עוגיות לוז קשיו ושבבי קוקוס 230 גרם,,,עוגיות לוז קשיו ושבב,גרמים,230.00,100 גרם,false,1,34.90,15.17,true,1,
7290015670128,false,מטבעות קשיו ושומשום,,IL,מטבעות קשיו ושומשום,Unknown,0.00,Unknown,false,1,34.90,34.90,true,1,
7290015670203,false,מטבעות פיצוחים,,IL,מטבעות פיצוחים,Unknown,0.00,Unknown,false,1,34.90,34.90,true,1,
7290015670227,false,מטבעות פירות יער,,IL,מטבעות פירות יער,Unknown,0.00,Unknown,false,1,34.90,34.90,true,1,
7290015670234,false,מטבעות שומשום דלעת ו,,IL,מטבעות שומשום דלעת ו,Unknown,0.00,Unknown,false,1,34.90,34.90,true,1,
7290015670258,false,עוגיות שקד פרוס ותפו,,IL,עוגיות שקד פרוס ותפו,Unknown,0.00,Unknown,false,1,34.90,34.90,true,1,
7290015670418,false,עוגיות אלפחורס,,IL,עוגיות אלפחורס,Unknown,0.00,Unknown,false,1,34.90,34.90,true,1,
7290015670425,false,מטבעות פרחי ריבה,,IL,מטבעות פרחי ריבה,Unknown,0.00,Unknown,false,1,34.90,34.90,true,1,
7290015670432,false,עוגיות גרנולה בריאות,מרסי,IL,עוגיות גרנולה בריאות,Unknown,0.00,Unknown,false,1,34.90,34.90,true,1,
7290015670463,false,עוגיות שוקולד ציפס,,IL,עוגיות שוקולד ציפס,Unknown,0.00,Unknown,false,1,34.90,34.90,true,1,
7290015670494,false,עוגיות לימון שקד פרו,מרסי,IL,עוגיות לימון שקד פרו,Unknown,0.00,Unknown,false,1,34.90,34.90,true,1,
7290015670548,false,רולדה פרג 250 גרם,,IL,רולדה פרג 250 גרם,Unknown,250.00,Unknown,false,1,34.90,0.14,true,1,
7290015670562,false,עוגיות חלווה,,IL,עוגיות חלווה,Unknown,0.00,Unknown,false,1,34.90,34.90,true,1,
7290015670623,false,ביסקוטים פירות יבשים,מרסי,IL,ביסקוטים פירות יבשים,Unknown,0.00,Unknown,false,1,34.90,34.90,true,1,
7290015670630,false,עוגיות מרוקאיות בנגי,,IL,עוגיות מרוקאיות בנגי,Unknown,0.00,Unknown,false,1,34.90,34.90,true,1,
7290015670654,false,שוקולדים,,IL,שוקולדים,Unknown,0.00,Unknown,false,1,34.90,34.90,true,1,
7290015670708,false,כעכי שומשום,,IL,כעכי שומשום,Unknown,0.00,Unknown,false,1,34.90,34.90,true,1,
7290015670753,false,מקלות פרמזן,,IL,מקלות פרמזן,Unknown,0.00,Unknown,false,1,34.90,34.90,true,1,
7290015781008,false,יין VISION מרלו  750 מל,,,יין VISION מרלו  750,Unknown,0.00,Unknown,false,1,39.90,39.90,true,1,
7290015781015,false,יין VISION מלבק  750 מל,,,יין VISION מלבק  750,Unknown,0.00,Unknown,false,1,39.90,39.90,true,1,
7290015781053,false,יין VISION לבן  יבש 750 מל,,,יין VISION לבן  יבש,Unknown,0.00,Unknown,false,1,39.90,39.90,true,1,
7290015781091,false,יין VISION קברנה סוביניון  750 מל,,,יין VISION קברנה סוב,Unknown,0.00,Unknown,false,1,39.90,39.90,true,1,
7290015781138,false,יין IMPRES שרדונה 750 מל,,,יין IMPRES שרדונה 75,Unknown,0.00,Unknown,false,1,49.90,49.90,true,1,
7290015781152,false,יין IMPRES רוזה 750 מל,,,יין IMPRES רוזה 750,Unknown,0.00,Unknown,false,1,49.90,49.90,true,1,
7290015781282,false,יין IMPRES גוורצטרמינר 750 מל,,,יין IMPRES גוורצטרמי,Unknown,0.00,Unknown,false,1,49.90,49.90,true,1,
7290015790000,false,גרעיני רימון,,,גרעיני רימון,קילוגרמים,0.00,"ק""ג",false,1,17.90,17.90,true,1,
7290015858106,false,ממרח פסטו ביתי 180 גר,,,מצונן פסטו ביתי 180,גרמים,180.00,100 גרם,false,1,16.90,9.39,true,1,
7290015858687,false,איולי שום עללחם 295 גרם,,IL,איולי שום עללחם 295,גרמים,295.00,100 גרם,false,1,16.90,5.73,true,1,
7290015858694,false,איולי שום לימון עללחם 295 גרם,,IL,איולי שום לימון עללח,גרמים,295.00,100 גרם,false,1,16.90,5.73,true,1,
7290015867269,false,סט 4 כפיות מדידה מיקי שמו,,,מיקי שמו סט 4 כפיות,Unknown,0.00,Unknown,false,1,19.90,19.90,true,1,
7290015951227,false,"יין גמלא השמורה סירה 2021 750 מ""ל",,,יין גמלא סירה 2019 7,Unknown,0.00,Unknown,false,1,70.90,70.90,true,1,
7290015976299,false,צנצנת תבלינים צילינדר,,,צנצנת לתבלינים עם מכ,Unknown,0.00,Unknown,false,1,10.90,10.90,true,1,
7290015976329,false,בקבוק 500 שמן/חומץ+פייה סיליקון,,,בקבוק שמן/חומץ גדול,קילוגרמים,0.00,"ק""ג",false,1,27.90,27.90,true,1,
7290015977111,false,לוח חיתוך 30*23במבוק ארקוסטיל,,,לוח חיתוך 30*23במבוק,Unknown,0.00,Unknown,false,1,39.90,39.90,true,1,
7290015979559,false,חסה עגולה,,,חסה ערבית,Unknown,0.00,Unknown,false,1,4.90,4.90,true,1,
7290015979665,false,חסה עגולה,,,חסה עגולה,Unknown,0.00,Unknown,false,1,5.90,5.90,true,1,
7290015996983,false,סוכרזית סוכרלוז 0 קלוריות 130 גר,,,סוכרזית סוכרלוז 0 קל,גרמים,136.00,100 גרם,false,1,35.90,26.40,true,1,
7290016006292,false,קרטונית נקטר ספרינג מנגו בננה מלון 1 ל,,,קרטונית נקטר ספרינג,מיליליטרים,1000.00,"100 מ""ל",false,1,6.90,0.69,true,1,
7290016006322,false,מי עדן 1 ליטר,,,מי עדן 1 ליטר,מיליליטרים,1000.00,"100 מ""ל",false,1,2.90,0.29,true,1,
7290016006339,false,רביעיית מי עדן 1 ליטר,,,רביעיית מי עדן 1 ליט,מיליליטרים,4000.00,"100 מ""ל",false,1,10.90,0.27,true,1,
7290016006346,false,שישיית שרינק 500 מל שוופס סודה,,,שישיית שוופס סודה 50,מיליליטרים,1500.00,"100 מ""ל",false,1,14.50,0.97,true,1,
7290016006377,false,"שוופס FRUITS תות ליים 330 מ""ל",,,שוופס FRUITS תות ליי,מיליליטרים,330.00,"100 מ""ל",false,1,5.70,1.73,true,1,
7290016028157,false,כוס ליקר (ציסר) 50 יח,,TR,כוס ליקר (ציסר),Unknown,0.00,Unknown,false,1,11.50,11.50,true,1,
7290016028447,false,נר נשמה 24 שעות,,CN,נר נשמה 24 שעות,Unknown,1.00,Unknown,false,1,2.20,2.20,true,1,
7290016028645,false,שיפוד יקיטורי 18 סמ,,CN,שיפוד יקיטורי 18 סמ,Unknown,1.00,Unknown,false,1,5.90,5.90,true,1,
7290016028836,false,קש מתקפל צבעוני 150 יח,,CN,קשית מתקפלת צבעונית,Unknown,0.00,Unknown,false,1,8.30,8.30,true,1,
7290016076011,false,לבש ארמני 4 יח 330 גרם,,IL,לבש ארמני 4 יח,גרמים,330.00,100 גרם,false,1,17.50,5.30,true,1,
7290016080551,false,מתבל עגבניות אורגני 580 גרם היינץ,,,מתבל עגבניות אורגני,גרמים,580.00,100 גרם,false,1,17.70,3.05,true,1,
7290016150391,false,סלק ואקום 500 גרם,,,סלק ואקום 500 גרם,Unknown,0.00,Unknown,false,1,7.90,7.90,true,1,
7290016197488,false,ניקול מטלית קסם לשיש מארז שלישייה,,,ניקול מטלית קסם לשיש,Unknown,0.00,Unknown,false,1,11.90,11.90,true,1,
7290016197495,false,ניקול מטלית קסם לרצפה מארז זוג,,,ניקול מטלית קסם לרצפ,Unknown,0.00,Unknown,false,1,22.90,22.90,true,1,
7290016197624,false,דיפנד תחבושות סופר 8 יח,,,דיפנד תחבושות סופר 8,Unknown,0.00,Unknown,false,1,23.90,23.90,true,1,
7290016197877,false,שקית לפחי אשפה קטנים 80 יח M,,,שקית לפחי אשפה קטנים,Unknown,0.00,Unknown,false,1,26.50,26.50,true,1,
7290016217735,false,חציל על אש 200 גר,,,חציל על אש 200 גר,גרמים,200.00,100 גרם,false,1,11.00,5.50,true,1,
7290016217742,false,חציל על אש בטחינה 200 גר,,,חציל על אש בטחינה 20,גרמים,200.00,100 גרם,false,1,11.00,5.50,true,1,
7290016217759,false,חציל מרוקאי 200 גר,,,חציל מרוקאי 200 גר,גרמים,200.00,100 גרם,false,1,13.50,6.75,true,1,
7290016223293,false,סט 6 סכיני מטבח שחור,,,פרו מיקס סט 6 סכיני,Unknown,0.00,Unknown,false,1,89.90,89.90,true,1,
7290016246711,false,בארכה טחינה גולמית מעודנת הריסה 300 גרם,,IL,בארכה טחינה גולמית מ,גרמים,310.00,100 גרם,false,1,12.90,4.16,true,1,
7290016248074,false,יין מסע ישראלי אדום ויתקין 750 מל,,,יין מסע ישראלי אדום,Unknown,0.00,Unknown,false,1,79.90,79.90,true,1,
7290016270570,false,מלפפון בייבי,,,מלפפון בייבי,Unknown,0.00,Unknown,false,1,12.90,12.90,true,1,
7290016270877,false,פלפלון ארוז,,,פלפלון ארוז,Unknown,0.00,Unknown,false,1,9.90,9.90,true,1,
7290016277562,false,אגוזים קלופים ששון הקולה 300 גרם,,IL,אגוזים קלופים ששון ה,גרמים,300.00,100 גרם,false,1,22.90,7.63,true,1,
7290016277630,false,צנובר 150 גרם ששון - קופסא,,,צנובר 150 גרם ששון -,גרמים,150.00,100 גרם,false,1,29.90,19.93,true,1,
7290016277654,false,פיסטוק קלוף טבעי 150 גרם ששון- קופסא,,,פיסטוק קלוף טבעי 150,גרמים,150.00,100 גרם,false,1,41.90,27.93,true,1,
7290016299069,false,"קרם ידיים אלוורה קמומיל ותה ירוק 100 מ""ל",,IL,קרם ידיים אלוורה קמו,מיליליטרים,100.00,"100 מ""ל",false,1,19.90,19.90,true,1,
7290016299205,false,קרם ידיים קולגן לבנדר וחומצה היאלרונית,,,קרם ידיים קולגן לבנד,מיליליטרים,100.00,"100 מ""ל",false,1,19.90,19.90,true,1,
7290016321661,false,מגבונים פרש וואנס סנסיטיב קר רביעייה,,IL,מגבונים פרש וואנס סנ,Unknown,0.00,Unknown,false,1,15.90,15.90,true,1,
7290016321678,false,מגבונים פרש וואנס נטורל קר רביעייה,,IL,מגבונים פרש וואנס נט,Unknown,0.00,Unknown,false,1,15.90,15.90,true,1,
7290016321883,false,נייר טואלט פרש וואנס מתכלה לילדים 3 יח,,IL,נייר טואלט פרש וואנס,Unknown,0.00,Unknown,false,1,16.70,16.70,true,1,
7290016321890,false,נייר טואלט פרש וואנס מתכלה למבוגרים 3 יח,,IL,נייר טואלט פרש וואנס,Unknown,0.00,Unknown,false,1,16.70,16.70,true,1,
7290016334616,false,בצל ירוק,,,בצל ירוק,Unknown,0.00,Unknown,false,1,5.90,5.90,true,1,
7290016372373,false,רסק עגבניות גראנד איטליה 2 * 135 גרם,,IT,רסק עגבניות גראנד בל,גרמים,270.00,100 גרם,false,1,7.90,2.93,true,1,
7290016372458,false,חליטת לימונית לואיזה גן קסום 50 שקיקים,,,חליטת לימונית לואיזה,Unknown,0.00,Unknown,false,1,35.90,35.90,true,1,
7290016372496,false,סודות הצמחים גינגר ודבש 20 שקיקים,,,סודות הצמחים גינגר ו,Unknown,0.00,Unknown,false,1,21.90,21.90,true,1,
7290016381962,false,משקה אורז  שקדים אורגני כרם 1 ליטר,,,משקה אורז  שקדים אור,מיליליטרים,1000.00,"100 מ""ל",false,1,10.90,1.09,true,1,
7290016437645,false,האגיס פרידום דריי PANTS מידה 5 34 יח,,,האגיס פרידום דריי PA,Unknown,0.00,Unknown,false,1,44.90,44.90,true,1,
7290016448399,false,"אפונה ירוקה בצנצנת 720 מ""ל",,,אפונה ירוקה בצנצנת 7,מיליליטרים,720.00,"100 מ""ל",false,1,9.90,1.38,true,1,
7290016448634,false,שפרוטים ריגה זהב בצנצנת 250 גרם,,LV,שפרוטים ריגה זהב בצנ,גרמים,250.00,100 גרם,false,1,15.90,6.36,true,1,
7290016448801,false,"משקה זרעי ציה בטעם קיווי 290 מ""ל",,VN,משקה זרעי ציה בטעם ק,מיליליטרים,290.00,"100 מ""ל",false,1,7.90,2.72,true,1,
7290016448832,false,"קפה קר בטעם אספרסו 250 מ""ל",,VN,קפה קר בטעם אספרסו,גרמים,250.00,100 גרם,false,1,6.90,2.76,true,1,
7290016448887,false,שפרוטים 240 גרם,,UA,שפרוטים 240 גרם,גרמים,240.00,100 גרם,false,1,9.40,3.92,true,1,
7290016505009,false,שוקולד פנדה קרם בוטנים טבעוני  100 גרם,,,שוקולד פנדה קרם בוטנ,גרמים,100.00,100 גרם,false,1,20.80,20.80,true,1,
7290016505023,false,שוקולד פנדה קרם נוגט טבעוני  100 גרם,,,שוקולד פנדה קרם נוגט,גרמים,100.00,100 גרם,false,1,20.80,20.80,true,1,
7290016509342,false,סבון לאסלה כחול אקטיב סוד כדוריות 3 יח,,,סבון לאסלה כחול אקטי,Unknown,0.00,Unknown,false,1,26.50,26.50,true,1,
7290016509786,false,גל פרסיל ירוק 2.5 ל,,,גל פרסיל ירוק 2.5 ל,ליטרים,0.00,ליטר,false,1,29.90,29.90,true,1,
7290016509809,false,גל פרסיל קולור 2.5 ל,,,גל פרסיל קולור 2.5 ל,ליטרים,0.00,ליטר,false,1,29.90,29.90,true,1,
7290016513011,false,מנגו קפוא 250 גר,,,מנגו קפוא 250 גר,גרמים,250.00,100 גרם,false,1,13.90,5.56,true,1,
7290016513042,false,מיקס פירות גן קפוא 250 גר,,,אובליפיחה 250 גר,גרמים,250.00,100 גרם,false,1,15.90,6.36,true,1,
7290016513240,false,אוכמניות כחולות 250 גר,,,אוכמניות כחולות 250,גרמים,250.00,100 גרם,false,1,16.70,6.68,true,1,
7290016513271,false,חמוציות 250 גר,,,חמוציות 250 גר,גרמים,250.00,100 גרם,false,1,10.90,4.36,true,1,
7290016513288,false,פטל אדום 250 גר,,,פטל אדום 250 גר,גרמים,250.00,100 גרם,false,1,21.90,8.76,true,1,
7290016513295,false,דומדומית אדומה 250 גר,,,דומדומית אדומה 250 ג,גרמים,250.00,100 גרם,false,1,11.40,4.56,true,1,
7290016513301,false,דומדומית שחורה 250 גר,,,דומדומית שחורה 250 ג,גרמים,250.00,100 גרם,false,1,11.40,4.56,true,1,
7290016513318,false,אוכמניות שחורות 250 גר,,,אוכמניות שחורות 250,גרמים,250.00,100 גרם,false,1,17.70,7.08,true,1,
7290016513332,false,מיקס פירות 250 גר,,,מיקס פירות 250 גר,גרמים,250.00,100 גרם,false,1,11.40,4.56,true,1,
7290016523195,false,"סטימר לאידוי עץ ""8",,,"סטימר לאידוי עץ ""8",Unknown,0.00,Unknown,false,1,37.90,37.90,true,1,
7290016580105,false,כוס וויסקי 9 OZ ארוז,,CN,כוס וויסקי 9 OZ ארוז,Unknown,1.00,Unknown,false,1,20.90,20.90,true,1,
7290016580174,false,צלחת 9  גדולה צבעוני,,TR,צלחת 9  גדולה צבעוני,Unknown,1.00,Unknown,false,1,52.50,52.50,true,1,
7290016580341,false,מפיות שולחן מהודרות,,CN,מפיות שולחן מהודרות,Unknown,1.00,Unknown,false,1,4.90,4.90,true,1,
7290016667431,false,"טורטיה ענק 30 ס""מ 540 גרם",,DE,"טורטיה ענק 30 ס""מ 54",גרמים,540.00,100 גרם,false,1,14.60,2.70,true,1,
7290016682038,false,מיץ תפוזים פריניב 400 מל,,,מיץ תפוזים פריניב 40,מיליליטרים,400.00,"100 מ""ל",false,1,9.90,2.48,true,1,
7290016682083,false,מיץ תות בננה פריניב 400 מל,,,מיץ תות בננה פריניב,מיליליטרים,400.00,"100 מ""ל",false,1,9.90,2.48,true,1,
7290016682182,false,שייק תמר בננה מופחת סוכר 1 ל,,,שייק תמר בננה מופחת,מיליליטרים,1000.00,"100 מ""ל",false,1,18.90,1.89,true,1,
7290016682199,false,שייק תות בננה מופחת סוכר 1 ל,,,שייק תות בננה מופחת,מיליליטרים,1000.00,"100 מ""ל",false,1,18.90,1.89,true,1,
7290016682243,false,מיץ אשכולית אדומה 1 ל,,IL,מיץ אשכולית אדומה 1,מיליליטרים,1000.00,"100 מ""ל",false,1,18.90,1.89,true,1,
7290016682328,false,מיץ תפוזים עשוי מרכז 2 ליטר,,,מיץ תפוזים עשוי מרכז,ליטרים,0.00,ליטר,false,1,24.90,24.90,true,1,
7290016682335,false,סחוט טרי תפוזים 2 ליטר,,,סחוט טרי תפוזים 2 לי,ליטרים,0.00,ליטר,false,1,24.90,24.90,true,1,
7290016682342,false,מיץ תפוז וולנסיה 100% 2 ליטר,,,מיץ תפוז וולנסיה 100,ליטרים,0.00,ליטר,false,1,24.90,24.90,true,1,
7290016682359,false,מיץ תפוז שמוטי 100% 2 ליטר פריניב,,,מיץ תפוז שמוטי 100%,ליטרים,0.00,ליטר,false,1,24.90,24.90,true,1,
7290016682366,false,סחוט טרי תפוח צלול 2 ליטר,,,סחוט טרי תפוח צלול 2,ליטרים,0.00,ליטר,false,1,24.90,24.90,true,1,
7290016682380,false,סחוט טרי תפוח צלול 2 ליטר,,,מיץ לימונדה לואיזה פ,ליטרים,0.00,ליטר,false,1,24.90,24.90,true,1,
7290016682441,false,מיץ תפוזים 1 ליטר,,IL,מיץ תפוזים פריניב 1,מיליליטרים,1000.00,"100 מ""ל",false,1,15.90,1.59,true,1,
7290016717754,false,"יין ישן נושן אדום מתוק 750 מ""ל",,,יין ישן נושן אדום,Unknown,0.00,Unknown,false,1,20.90,20.90,true,1,
7290016866643,false,"משחת שיניים פרודונטקס פרש 75 מ""ל",,,משחת שיניים פרודנטקס,Unknown,0.00,Unknown,false,1,30.90,30.90,true,1,
7290016945034,false,עגבניה מגי,,,עגבניה מגי,Unknown,0.00,"ק""ג",true,0,9.90,9.90,true,1,
7290017023199,false,"שוופס מוגז פירות תות ליים פחית 330 מ""ל",,,שוופס מוגז פירות תות,מיליליטרים,330.00,"100 מ""ל",false,1,4.50,1.36,true,1,
7290017023229,false,"שוופס מוגז פירות תות ליים 4*330 מ""ל",,,שוופס מוגז פירות תות,מיליליטרים,1320.00,"100 מ""ל",false,1,16.70,1.27,true,1,
7290017023236,false,"רביעיית שוופס מוגז פירות ענבים 330 מ""ל",,,רביעיית שוופס מוגז פ,מיליליטרים,1320.00,"100 מ""ל",false,1,16.70,1.27,true,1,
7290017023526,false,"שוופס FRUITS תפוח ללא סוכר 330 מ""ל",,,FRUITS שוופס תפוח,מיליליטרים,330.00,"100 מ""ל",false,1,5.70,1.73,true,1,
7290017023854,false,"שוופס סודה 250 מ""ל רביעייה",,,"שוופס סודה 250 מ""ל ר",מיליליטרים,1000.00,"100 מ""ל",false,1,14.90,1.49,true,1,
7290017023861,false,"שוופס סודה לימון 250 מ""ל רביעייה",,,שוופס סודה לימון 250,מיליליטרים,1000.00,"100 מ""ל",false,1,14.90,1.49,true,1,
7290017031811,false,מברשות שיניים פרודונטקס זוג,,CN,מברשות שיניים פרודונ,Unknown,0.00,Unknown,false,1,27.90,27.90,true,1,
7290017031859,false,"משחת שיניים פרודונטקס אולטרא קלין 75 מ""ל",,GB,משחת שיניים פרודונטק,Unknown,0.00,Unknown,false,1,30.90,30.90,true,1,
7290017058528,false,ממרח זיתים ירוקים 200 גרם,,,ממרח זיתים ירוקים 20,גרמים,200.00,100 גרם,false,1,13.90,6.95,true,1,
7290017058795,false,תירס גמדי שלם במי מלח בצנצנת 340 גרם,,,תירס גמדי שלם במי מל,גרמים,340.00,100 גרם,false,1,7.90,2.32,true,1,
7290017058887,false,טונה מונטריי צילי חריף רביעייה 140 גרם,,TH,טונה מונטריי צילי חר,גרמים,140.00,100 גרם,false,1,23.90,17.07,true,1,
7290017062679,false,מרכך כביסה מרוכז צהוב 1 5 Xל טאצ,,,מרכך כביסה מרוכז צהו,Unknown,0.00,Unknown,false,12,11.90,11.90,true,1,
7290017065007,false,פרוסות מוצרלה גד 200 גרם,,,פרוסות מוצרלה גד 200,גרמים,200.00,100 גרם,false,1,18.50,9.25,true,1,
7290017065137,false,ריקוטה למריחה 5% טבעית 200 גר,,,ריקוטה למריחה 5% טבע,גרמים,200.00,100 גרם,false,1,10.10,5.05,true,1,
7290017065144,false,ריקוטה למריחה 5% בזיליקום 200 גר,,,ריקוטה למריחה 5% בזי,גרמים,200.00,100 גרם,false,1,10.10,5.05,true,1,
7290017065168,false,גבינה כחולה 100 גר,,,גבינה כחולה 100 גר,גרמים,100.00,100 גרם,false,1,18.80,18.80,true,1,
7290017065212,false,קרם מסקרפונה 250 גר,,,קרם מסקרפונה 250 גר,גרמים,250.00,100 גרם,false,1,17.60,7.04,true,1,
7290017065236,false,גבינה בולגרית מעודנת 24% 250 גר,,,גבינה בולגרית מעודנת,גרמים,250.00,100 גרם,false,1,22.60,9.04,true,1,
7290017065380,false,שבבי גרנה פדנו 100 גר,,IL,שבבי גרנה פדנו 100 ג,גרמים,100.00,100 גרם,false,1,13.90,13.90,true,1,
7290017065434,false,פרוסות גאודה בקר 200 גר,,IL,פרוסות גאודה בקר 200,גרמים,200.00,100 גרם,false,1,21.90,10.95,true,1,
7290017065441,false,פרוסות גאודה עיזים 200 גר,,IL,פרוסות גאודה עיזים 2,גרמים,200.00,100 גרם,false,1,33.90,16.95,true,1,
7290017065526,false,גבינה קוואטרו פורמאגי 300 גר,,IL,גבינה קוואטרו פורמאג,גרמים,300.00,100 גרם,false,1,29.90,9.97,true,1,
7290017065588,false,יוגורט יווני 10% 600 גר,,IL,יוגורט יווני 10% 600,גרמים,600.00,100 גרם,false,1,15.90,2.65,true,1,
7290017065649,false,קרם פטיסייר 250 גר,,IL,קרם פטיסייר 250 גר,גרמים,250.00,100 גרם,false,1,19.90,7.96,true,1,
7290017065731,false,גבינת שמנת עם כמהין 30%,,IL,גבינת שמנת עם כמהין,גרמים,200.00,100 גרם,false,1,12.90,6.45,true,1,
7290017065762,false,גבינת מאנורי 100 גרם,,IL,גבינת מאנורי 100 גרם,גרמים,100.00,100 גרם,false,1,10.90,10.90,true,1,
7290017065786,false,צדר 210 גרם,,,צדר 210 גרם,גרמים,210.00,100 גרם,false,1,22.90,10.90,true,1,
7290017105079,false,שימורי יכין שעועית אפויה 200 גר,,,שימורי יכין שעועית א,גרמים,200.00,100 גרם,false,1,4.50,2.25,true,1,
7290017105086,false,שימורי יכין שעועית צילי 200 גר,,,שימורי יכין שעועית צ,גרמים,200.00,100 גרם,false,1,4.50,2.25,true,1,
7290017105116,false,שימורי יכין תורמוס 200 גר,,,שימורי יכין תורמוס 2,גרמים,200.00,100 גרם,false,1,4.50,2.25,true,1,
7290017105550,false,מאגדת יכין רסק 100% עגבנייה 4*100 גרם,,IL,מאגדת רסק 100% עגבני,גרמים,400.00,100 גרם,false,1,11.80,2.95,true,1,
7290017105895,false,גרגירי חומוס מסעדות יכין 550 גרם,,IL,גרגירי חומוס מסעדות,Unknown,550.00,Unknown,false,1,8.90,0.02,true,1,
7290017118949,false,מאג פורצלן לבן ורוד,,,מאג פורצלן לבן ורוד,Unknown,0.00,Unknown,false,1,13.90,13.90,true,1,
7290017118956,false,מאג פורצלן לבן נייבי,,,מאג פורצלן לבן נייבי,Unknown,0.00,Unknown,false,1,13.90,13.90,true,1,
7290017121093,false,מצונן אריסה חריפה,,,מצונן אריסה חריפה,גרמים,250.00,100 גרם,false,1,17.70,7.08,true,1,
7290017142111,false,פתיתי טונה בשמן זית טו גו עץ הזית 85 גרם,,TH,פתיתי טונה בשמן זית,גרמים,85.00,100 גרם,false,1,9.90,11.65,true,1,
7290017142128,false,"שמן זית כתית מעולה קלאסי עץ הזית 750 מ""ל",,,שמן זית כתית מעולה ק,מיליליטרים,750.00,"100 מ""ל",false,1,29.90,3.99,true,1,
7290017142159,false,שלישיה טונה בשמן זית עץ הזית 3*80 גרם,,,שלישיה טונה בשמן זית,גרמים,240.00,100 גרם,false,1,20.90,8.71,true,1,
7290017142166,false,פילה טונה פרוס עם שמן זית עץ הזית 120 גר,,,פילה טונה פרוס עם שמ,גרמים,120.00,100 גרם,false,1,15.60,13.00,true,1,
7290017142180,false,פילה טונה פרוס בשמן זית לימון פלפל 120 ג,,,פילה טונה פרוס בשמן,גרמים,120.00,100 גרם,false,1,15.60,13.00,true,1,
7290017142203,false,פילה טונה פרוס בשמן זית טעם מעושן 120 גר,,,פילה טונה פרוס בשמן,גרמים,120.00,100 גרם,false,1,15.60,13.00,true,1,
7290017142340,false,שמן זרעי ענבים 1 ליטר עץ הזית,,TH,שמן זרעי ענבים 1 ליט,מיליליטרים,1000.00,"100 מ""ל",false,1,31.50,3.15,true,1,
7290017142487,false,בורגול עם גרגירי חומוס  עם טונה בשמן זי,,TH,בורגול עם גרגירי חומ,גרמים,160.00,100 גרם,false,1,13.90,8.69,true,1,
7290017180588,false,ריבת בצל יין אדום וסויה 250 גרם,,IL,ריבת בצל יין אדום וס,גרמים,250.00,100 גרם,false,1,18.90,7.56,true,1,
7290017189536,false,"עוגיות כוסמין מלא א.מלך ללת""ס 250 גר",,IL,עוגיות כוסמין מלא א.,גרמים,250.00,100 גרם,false,1,17.90,7.16,true,1,
7290017320014,false,מאג אוריינט שחור/לבן,,,מאג ניו בון ציינה או,Unknown,0.00,Unknown,false,1,9.90,9.90,true,1,
7290017322926,false,סיר פסטה מכסה מסננת 5 ליטר,,,סיר פסטה 22סמ - 5ל ע,קילוגרמים,0.00,"ק""ג",false,1,119.00,119.00,true,1,
7290017386133,false,"קמח חיטה מלא 100% כרם 1 ק""ג",,IL,קמח חיטה מלא 100% כר,גרמים,1000.00,100 גרם,false,0,9.90,0.99,true,1,
7290017386263,false,"סירופ מייפל אורגני כרם 250 מ""ל",,,סירופ מייפל אורגני כ,מיליליטרים,250.00,"100 מ""ל",false,1,28.90,11.56,true,1,
7290017389011,false,מנגו מיובש ללא סוכר 160 גרם קופסא,,,מנגו מיובש ללא סוכר,גרמים,160.00,100 גרם,false,1,22.90,14.31,true,1,
7290017440309,false,"שמפו ד""ר פישר קידס 750 מ""ל",,IL,"שמפו ד""ר פישר קידס 7",מיליליטרים,750.00,"100 מ""ל",false,1,16.90,2.25,true,1,
7290017477275,false,גרעיני חמניה קלופים קלויים 200 גרם,,IL,גרעיני חמניה קלופים,גרמים,200.00,100 גרם,false,1,9.90,4.95,true,1,
7290017477299,false,געלה 200 גרם,,IL,געלה 200 גרם,גרמים,200.00,100 גרם,false,1,9.90,4.95,true,1,
7290017477305,false,זרעי ציה 250 גרם,,IL,זרעי ציה 250 גרם,גרמים,250.00,100 גרם,false,1,9.90,3.96,true,1,
7290017477350,false,תערובת לסלט ירוק 200 גרם,,IL,תערובת לסלט ירוק,גרמים,200.00,100 גרם,false,1,9.90,4.95,true,1,
7290017477381,false,מטבעות שוקולד מריר לאפיה 300 גרם,,IL,מטבעות שוקולד מריר,גרמים,300.00,100 גרם,false,1,15.60,5.20,true,1,
7290017477596,false,תמר מגהול פרימיום 400 גרם,,IL,תמר מגהול פרימיום 40,גרמים,400.00,100 גרם,false,1,19.90,4.98,true,1,
7290017513393,false,תה ירוק ספירולינה וצמחים ירוקים 25 שקי,,IL,תה ירוק ספירולינה וצ,גרמים,38.00,100 גרם,false,1,24.90,65.53,true,1,
7290017513409,false,תה ירוק טעם אוכמניות ואסאי 25 שק*1.5 גר,,IL,תה ירוק טעם אוכמניות,גרמים,38.00,100 גרם,false,1,24.90,65.53,true,1,
7290017513782,false,בייגלה פליפז מצופה בשוקולד מריר 140 גר,,TR,בייגלה פליפז מצופה ב,גרמים,140.00,100 גרם,false,1,8.90,6.36,true,1,
7290017513850,false,תה ירוק נענע + ויטמינים 25 שקי,,,תה ירוק נענע + ויטמי,גרמים,38.00,100 גרם,false,1,24.90,65.53,true,1,
7290017589633,false,"רזרב גולד אדישיין קברנה סוביניון 750 מ""ל",,,רזרב גולד אדישיין קב,Unknown,0.00,Unknown,false,1,49.90,49.90,true,1,
7290017617046,false,רביעיית טונה בשמן זית כתית  4*140 גר,,,רביעיית טונה בשמן זי,גרמים,560.00,100 גרם,false,1,28.90,5.16,true,1,
7290017617084,false,סטארקיסט מיקס טו גו טונה ושעועית 185 גרם,,,סטארקיסט מיקס טו גו,גרמים,185.00,100 גרם,false,1,13.50,7.30,true,1,
7290017617091,false,סטארקיסט מיקס טו גו טונה ופתיתים 185 גרם,,,סטארקיסט מיקס טו גו,גרמים,185.00,100 גרם,false,1,13.50,7.30,true,1,
7290017617107,false,סטארקיסט מיקס טו גו טונה 4 דגנים 185 גרם,,,סטארקיסט מיקס טו גו,גרמים,185.00,100 גרם,false,1,13.50,7.30,true,1,
7290017617411,false,טונה סטארקיסט סלמון אורז מלא וירקות 160ג,,PL,טונה סטארקיסט סלמון,גרמים,160.00,100 גרם,false,1,15.90,9.94,true,1,
7290017617428,false,טונה סטארקיסט סלמון פסטה ברוטב עגבני 160,,PL,טונה סטארקיסט סלמון,גרמים,160.00,100 גרם,false,1,15.90,9.94,true,1,
7290017617435,false,טונה סטארקיסט סלמון עדשים קינואה וירק160,,PL,טונה סטארקיסט סלמון,גרמים,160.00,100 גרם,false,1,15.90,9.94,true,1,
7290017631790,false,טושונקה עגל 400 גר,,IL,טושונקה עגל 400 גר,גרמים,400.00,100 גרם,false,1,19.90,4.98,true,1,
7290017647425,false,יין גמלא קברנה סוביניון 2019 750 מל,,,יין גמלא קברנה סובינ,Unknown,0.00,Unknown,false,1,64.40,64.40,true,1,
7290017647708,false,"יין גמלא גוורצטרמינר 21 עברית  750 מ""ל",,,יין גמלא גוורצטרמינר,Unknown,0.00,Unknown,false,1,64.90,64.90,true,1,
7290017647944,false,"יין פינו נואר ירדן 2020 750 מ""ל",,,יין פינו נואר ירדן 2,Unknown,0.00,Unknown,false,1,104.90,104.90,true,1,
7290017671703,false,סט 2 מגבות פס כחול 100% כותנה ארקוסטיל,,,סט 2 מגבות מטבח פס כ,Unknown,0.00,Unknown,false,1,32.90,32.90,true,1,
7290017675015,false,טחינה היונה 450 גרם,,IL,טחינה היונה 450 גרם,גרמים,450.00,100 גרם,false,1,15.60,3.47,true,1,
7290017712734,false,פרמיו גור עוף וכבד 1,,,פרמיו גור עוף וכבד 1,Unknown,0.00,Unknown,false,1,4.90,4.90,true,1,
7290017715186,false,"טורטיה חיטה מלאה 20 ס""מ 320 גרם",,ES,טורטיה חיטה מלאה 20,גרמים,320.00,100 גרם,false,1,11.30,3.53,true,1,
7290017715315,false,זית על האש 740 גרם,,TR,זית על האש 740 גרם,גרמים,740.00,100 גרם,false,1,24.90,3.36,true,1,
7290017715346,false,זית שחור טאסוס  400 גרם,,TR,זית שחור טאסוס  400,גרמים,400.00,100 גרם,false,1,14.90,3.73,true,1,
7290017715506,false,חומץ 5% תומר 1 ליטר,,IL,חומץ 5% תומר 1 ליטר,מיליליטרים,1000.00,"100 מ""ל",false,1,5.50,0.55,true,1,
7290017715681,false,A2 זית מושחר חרוזית תומר 560 גרם,,IL,A2 זית מושחר חרוזית,גרמים,560.00,100 גרם,false,1,9.50,1.70,true,1,
7290017715735,false,A2 זית סורי מבוקע תומר 560 גרם,,IL,A2 זית סורי מבוקע תו,גרמים,560.00,100 גרם,false,1,9.50,1.70,true,1,
7290017715889,false,מוזלי עם אגוזים 600 גר,,,מוזלי עם אגוזים 600,מיליליטרים,600.00,"100 מ""ל",false,1,15.60,2.60,true,1,
7290017744162,false,שימורי שפרוטים מעושנים ברוטב עגבניות 250,,,שימורי שפרוטים מעושנ,גרמים,250.00,100 גרם,false,1,12.50,5.00,true,1,
7290017757988,false,כרית ניקוי סיליקון ארקוסטיל,,,כרית ניקיון מסיליקון,Unknown,0.00,Unknown,false,1,24.90,24.90,true,1,
7290017791142,false,קרקר כוסמין מלא שקית,,IL,קרקר כוסמין מלא שקית,גרמים,225.00,100 גרם,false,1,26.50,11.78,true,1,
7290017791203,false,קרקר כוסמין מלא סלק שקית,,IL,קרקר כוסמין מלא סלק,גרמים,225.00,100 גרם,false,1,26.50,11.78,true,1,
7290017812571,false,יין תירוש אדום 100%ה טבעי 1 ליטר,,,יין תירוש אדום 100%,Unknown,0.00,Unknown,false,1,19.90,19.90,true,1,
7290017870762,false,מגש מלבני מתכלה מעץ,,IN,מגש מלבני מתכלה מעץ,Unknown,1.00,Unknown,false,1,14.50,14.50,true,1,
7290017872667,false,"סבון ידיים פמלי יהלום שמן קמומיל 500 מ""ל",,,סבון ידיים פמלי יהלו,מיליליטרים,500.00,"100 מ""ל",false,1,10.90,2.18,true,1,
7290017888026,false,"פרוט & וג אננס תפוח גזר 350 מ""ל",,IL,פרוט & וג אננס תפוח,מיליליטרים,350.00,"100 מ""ל",false,1,7.50,2.14,true,1,
7290017888033,false,"פרוט & וג בננה מלון נענע 350 מ""ל",,IL,פרוט & וג בננה מלון,מיליליטרים,350.00,"100 מ""ל",false,1,7.50,2.14,true,1,
7290017888095,false,"שוופס מוגז עדין פירות יער 4*330 מ""ל פחית",,IL,שוופס מוגז עדין פירו,מיליליטרים,1320.00,"100 מ""ל",false,1,15.50,1.17,true,1,
7290017888347,false,מי עדן אישי 500 מל,,IL,מי עדן אישי 500 מל,מיליליטרים,500.00,"100 מ""ל",false,1,2.90,0.58,true,1,
7290017888644,false,"פרוט & וג בננה מלון נענע 350 מ""ל",,IL,פרוט & וג בננה מלון,מיליליטרים,350.00,"100 מ""ל",false,1,7.50,2.14,true,1,
7290017894287,false,שקיות אוכל מנייר אקולוגי 50 יח,,IL,שקיות אוכל מנייר אקו,Unknown,0.00,Unknown,false,1,14.90,14.90,true,1,
7290017917757,false,"קרם גוף אפקטיב קר ד""ר פישר שמן כותנה 450",,,"קרם גוף אפקטיב קר ד""",מיליליטרים,450.00,"100 מ""ל",false,1,24.90,5.53,true,1,
7290017924205,false,דפי אורז יסמין שחור 375 גרם,,VN,דפי אורז יסמין שחור,גרמים,375.00,100 גרם,false,1,14.90,3.97,true,1,
7290017924670,false,עדשים ירוקות אורגני 500 גרם,,IL,עדשים ירוקות אורגני,גרמים,500.00,100 גרם,false,1,11.90,2.38,true,1,
7290017924694,false,עדשים אדומות אורגני 500 גרם,,IL,עדשים אדומות אורגני,גרמים,500.00,100 גרם,false,1,11.50,2.30,true,1,
7290017924717,false,בורגול עבה אורגני 500 גרם,,IL,בורגול עבה אורגני 50,גרמים,500.00,100 גרם,false,1,7.90,1.58,true,1,
7290017924779,false,זרעי דוחן קלוםים אורגני 500 גרם,,IL,זרעי דוחן קלוםים אור,גרמים,500.00,100 גרם,false,1,9.50,1.90,true,1,
7290017924786,false,זרעי שומשום מלא אורגני 500 גרם,,IL,זרעי שומשום מלא אורג,גרמים,500.00,100 גרם,false,1,12.90,2.58,true,1,
7290017928036,false,מקלות גריסיני שומשום 175 גרם,,IL,מקלות גריסיני שומשום,גרמים,175.00,100 גרם,false,1,12.50,7.14,true,1,
7290017928043,false,גריסיני קראנץ מלח 175 גרם,,IL,גריסיני קראנץ מלח 17,גרמים,175.00,100 גרם,false,1,12.50,7.14,true,1,
7290017928432,false,גריסיני קראנץ פרג 175 גרם,,IL,גריסיני קראנץ פרג 17,גרמים,175.00,100 גרם,false,1,12.50,7.14,true,1,
7290017928630,false,גריסיני קראנץ פינוקים 175 גרם,,IL,גריסיני קראנץ פינוקי,גרמים,175.00,100 גרם,false,1,12.50,7.14,true,1,
7290017932088,false,בסיס פאי אפוי 170 גר,,,בסיס פאי אפוי 170 גר,גרמים,170.00,100 גרם,false,1,15.60,9.18,true,1,
7290017973005,false,קונפיטורה אוכמניות מעובדות רוסמן 900 גרם,,IL,קונפיטורה אוכמניות מ,גרמים,900.00,100 גרם,false,1,24.90,2.77,true,1,
7290017973029,false,קונפיטורה תות שדה רוסמן 900 גרם,,IL,קונפיטורה תות שדה רו,גרמים,900.00,100 גרם,false,1,24.90,2.77,true,1,
7290017973494,false,שפרוטים בשמן ליפתית 200 גרם,,LV,שפרוטים בשמן ליפתית,גרמים,200.00,100 גרם,false,1,8.90,4.45,true,1,
7290017973951,false,שבבי קלמר מיובש ומומלח 90 גרם,,,שבבי קלמר מיובש ומומ,גרמים,90.00,100 גרם,false,1,14.60,16.22,true,1,
7290017973968,false,רצועות קלמרי מעושן מיובש ומומלח 90 גרם,,,רצועות קלמרי מעושן מ,גרמים,90.00,100 גרם,false,1,14.60,16.22,true,1,
7290017973975,false,רצועות קלמרי מיובש ומומלח עם פלפל צילי,,,רצועות קלמרי מיובש ו,גרמים,90.00,100 גרם,false,1,14.60,16.22,true,1,
7290017973999,false,פרוסות דג שיבוט אלבין מיובש ומומלח 100 ג,,,פרוסות דג שיבוט אלבי,גרמים,100.00,100 גרם,false,1,13.90,13.90,true,1,
7290018045695,false,דגניםבמילוי קרם קרמל מלוח 480 גרם,,DE,דגניםבמילוי קרם קרמל,מטרים,0.00,מטר,false,1,23.90,23.90,true,1,
7290018045893,false,דגניםבמילוי קרם נוגט 480 גרם,,DE,דגניםבמילוי קרם נוגט,מטרים,0.00,מטר,false,1,23.90,23.90,true,1,
7290018071267,false,כפפות פלסטיק שחורות איזי טאצ L 100 יח,,CN,כפפות פלסטיק שחורות,יחידה,1.00,יחידה,false,1,10.40,10.40,true,1,
7290018091821,false,פיצה נפוליטנה 200 גרם,,,פיצה נפוליטנה 200 גר,גרמים,200.00,100 גרם,false,1,17.70,8.85,true,1,
7290018131251,false,אקסטרים מטבע שוקולד לבן וליבת קרם 128 גר,,,אקסטרים מטבע שוקולד,גרמים,128.00,100 גרם,false,1,10.00,7.81,true,1,
7290018131336,false,שלגון ליון 71 גרם,,,שלגון ליון 71 גרם,גרמים,71.00,100 גרם,false,1,10.00,14.08,true,1,
7290018131534,false,מאגדת מיני בייטס מילקה 201 גרם,,,מאגדת מיני בייטס מיל,גרמים,201.00,100 גרם,false,1,23.90,11.89,true,1,
7290018131756,false,מאגדת שלגון וניל מצופה תות נסטלה 440 גרם,,,מאגדת שלגון וניל מצו,גרמים,450.00,100 גרם,false,1,31.50,7.00,true,1,
7290018131855,false,אקסטרים טילון בראוניז מאגדת 6 יח 432 גרם,,IL,אקסטרים טילון בראוני,גרמים,432.00,100 גרם,false,1,33.90,7.85,true,1,
7290018131879,false,אקסטרים טילון ריבת חלב מאגדת 6 יח 432 גר,,IL,אקסטרים טילון ריבת ח,גרמים,432.00,100 גרם,false,1,33.90,7.85,true,1,
7290018131954,false,לה פרוטה תות נסטלה 350 גרם,,,לה פרוטה תות נסטלה 3,מיליליטרים,350.00,"100 מ""ל",false,1,34.50,9.86,true,1,
7290018198056,false,תפוגן רוסטיק ציפס 1.5 קג,,,ציפס קוביות תפוגן 1.,גרמים,1500.00,100 גרם,false,1,27.50,1.83,true,1,
7290018198254,false,תפוגן קריספי ציפס פוטטוס 1.25 קג,,IL,תפוגן קריספי ציפס פו,גרמים,1250.00,100 גרם,false,1,26.50,2.12,true,1,
7290018237922,false,שניצלונים ציפוי ציפס עוף טוב 700 גרם,,,שניצלונים ציפוי ציפס,גרמים,700.00,100 גרם,false,1,22.90,3.27,true,1,
7290018249994,false,סוויטאנגו 700 גרם,,IL,סוויטאנגו 700 גרם,גרמים,700.00,100 גרם,false,1,56.90,8.13,true,1,
7290018359334,false,רכז עגבניות טבעי פריכוז שף יכין 580 גר,,IL,רכז עגבניות טבעי פרי,גרמים,580.00,100 גרם,false,1,10.90,1.88,true,1,
7290018359570,false,שעועית צילי הקטניה  יכין מארז 3* 200 גר,,,שעועית צילי הקטניה,גרמים,600.00,100 גרם,false,1,12.90,2.15,true,1,
7290018359655,false,פטריות חתוכות יכין 185 גר,,,פטריות חתוכות יכין 1,גרמים,185.00,100 גרם,false,1,11.90,6.43,true,1,
7290018359686,false,חומוס ענק יכין 550 ג A2,,IL,חומוס ענק יכין 550 ג,גרמים,550.00,100 גרם,false,1,9.90,1.80,true,1,
7290018359969,false,רוטב עגבניות לפיצה יכין 400 גר,,,רוטב עגבניות לפיצה י,גרמים,400.00,100 גרם,false,1,11.90,2.98,true,1,
7290018380383,false,שיבולת שועל אינסטנט 510 גרם,,US,שיבולת שועל אינסטנט,גרמים,510.00,100 גרם,false,1,10.90,2.14,true,1,
7290018380505,false,"אורז פרסי לבן ארוך 1 ק""ג",,TH,אורז פרסי לבן ארוך 1,גרמים,1000.00,100 גרם,false,1,7.90,0.79,true,1,
7290018380529,false,לבבות דקל חתיכות תומר 400 גרם,,EC,לבבות דקל חתיכות תומ,גרמים,400.00,100 גרם,false,1,6.90,1.73,true,1,
7290018380543,false,"סקוויז מחית תפו""ע 100 גרם",,,"סקוויז מחית תפו""ע 10",גרמים,100.00,100 גרם,false,1,5.90,5.90,true,1,
7290018380628,false,צלפים עם גבעול במי מלח 370 גרם,,MA,צלפים עם גבעול במי מ,גרמים,370.00,100 גרם,false,1,13.50,3.65,true,1,
7290018440223,false,צאי מסאלה  25 שקיקים 50 גר,,,צאי מסאלה  25 שקיקים,גרמים,50.00,100 גרם,false,1,21.90,43.80,true,1,
7290018440230,false,צאי ורדים  25 שקיקים 50 גר,,,צאי ורדים  25 שקיקים,גרמים,50.00,100 גרם,false,1,21.90,43.80,true,1,
7290018440247,false,צאי שקדים  25 שקיקים 50 גר,,,צאי שקדים 25 שקיקים,גרמים,50.00,100 גרם,false,1,21.90,43.80,true,1,
7290018440254,false,צאי קרמל מלוח  25 שקיקים 50 גר,,,צאי קרמל מלוח  25 שק,גרמים,50.00,100 גרם,false,1,21.90,43.80,true,1,
7290018440438,false,טונה קאלוו איזי פליפ בשמן 65 גר*3,קאלוו,ES,טונה קאלוו איזי פליפ,גרמים,195.00,100 גרם,false,1,25.90,13.28,true,1,
7290018440445,false,טונה קאלוו בשמן זית 160 גר,,,טונה קאלוו בשמן זית,גרמים,160.00,100 גרם,false,1,16.90,10.56,true,1,
7290018440476,false,140 בייגלה מצופה בקרם עוגת גבינג,,,140 בייגלה מצופה בקר,גרמים,140.00,100 גרם,false,1,8.90,6.36,true,1,
7290018440483,false,140  בייגלה מצופה בקרמל מלוח ושוקולד גר,,,140  בייגלה מצופה בק,גרמים,140.00,100 גרם,false,1,8.90,6.36,true,1,
7290018468302,false,נקניקיה טבעונית בסגנון מרגז טירת צבי 400 ג,,IL,נקניקיה טבעונית בסגנ,גרמים,400.00,100 גרם,false,1,41.90,10.48,true,1,
7290018471029,false,שישיית שוופס סודה לימון 500 מל,,,שישיית שוופס סודה לי,מיליליטרים,1500.00,"100 מ""ל",false,1,14.50,0.97,true,1,
7290018471197,false,פרוט & ווג תפוח בננה מלון נענע 1 ל,,IL,פרוט & ווג תפוח בננה,מיליליטרים,1000.00,"100 מ""ל",false,1,14.90,1.49,true,1,
7290018471210,false,קרטונית נקטר ספרינג תפוח סברס 1 ליטר,,,קרטונית נקטר ספרינג,מיליליטרים,1000.00,"100 מ""ל",false,1,6.90,0.69,true,1,
7290018471470,false,תפוזינה תפוז פסיפלורה 1 ל קרטונית enjoy,,,תפוזינה תפוז פסיפלור,מיליליטרים,1000.00,"100 מ""ל",false,1,7.60,0.76,true,1,
7290018471487,false,תפוזינה תפוז אננס 1 ל קרטונית enjoy,,,תפוזינה תפוז אננס 1,מיליליטרים,1000.00,"100 מ""ל",false,1,7.60,0.76,true,1,
7290018471494,false,תפוזינה תפוז גזר 1 ל קרטונית enjoy,,,תפוזינה תפוז גזר 1 ל,מיליליטרים,1000.00,"100 מ""ל",false,1,7.60,0.76,true,1,
7290018471616,false,שוופס טוניק קלאסי 1 ליטר,,IL,שוופס טוניק קלאסי 1,מיליליטרים,1000.00,"100 מ""ל",false,1,9.20,0.92,true,1,
7290018471623,false,שוופס טוניק אשכוליות ליצי 1 ליטר,,IL,שוופס טוניק אשכוליות,מיליליטרים,1000.00,"100 מ""ל",false,1,9.20,0.92,true,1,
7290018471692,false,ספרינג שייק בננה אננס קוקוס פ.יער 1 ליטר,,IL,ספרינג שייק בננה אננ,מיליליטרים,1000.00,"100 מ""ל",false,1,14.30,1.43,true,1,
7290018471906,false,שוופס מוגז לימונדה ורודה 1.5 ליטר,,IL,שוופס מוגז לימונדה ו,ליטרים,0.00,ליטר,false,1,9.20,9.20,true,1,
7290018471913,false,שוופס מוגז תפוחים 1.5 ל,,IL,שוופס מוגז תפוחים 1.,ליטרים,0.00,ליטר,false,1,9.20,9.20,true,1,
7290018471920,false,שוופס מוגז ענבים 1.5 ל,,IL,שוופס מוגז ענבים 1.5,ליטרים,0.00,ליטר,false,1,9.20,9.20,true,1,
7290018471937,false,שוופס מוגז פירות תות ליים 1.5 ל,,IL,שוופס מוגז פירות תות,ליטרים,0.00,ליטר,false,1,9.20,9.20,true,1,
7290018471944,false,שוופס מוגז לימונייד 1.5 ליטר,,IL,שוופס מוגז לימונייד,ליטרים,0.00,ליטר,false,1,9.20,9.20,true,1,
7290018471951,false,שוופס מוגז אשכולית אדומה 1.5 ל,,IL,שוופס מוגז אשכולית א,ליטרים,0.00,ליטר,false,1,9.20,9.20,true,1,
7290018542019,false,כפות רויאל   10 יח,,TR,כפות רויאל   10 יח,Unknown,0.00,Unknown,false,1,6.90,6.90,true,1,
7290018542132,false,צלחת 7.5 אבן שיש לבנ,,CN,צלחת 7.5 אבן שיש לבנ,Unknown,1.00,Unknown,false,1,23.90,23.90,true,1,
7290018542965,false,צלחת מתכלה 9 סדרת שמ,,CN,צלחת מתכלה 9 סדרת שמ,Unknown,1.00,Unknown,false,1,16.90,16.90,true,1,
7290018542972,false,צלחת מתכלה 10 סדרת ש,,CN,צלחת מתכלה 10 סדרת ש,Unknown,1.00,Unknown,false,1,23.90,23.90,true,1,
7290018593301,false,קשיו כמהין חצי קשה טבעוני פלנטי 200 גרם,,IL,קשיו כמהין חצי קשה ט,גרמים,200.00,100 גרם,false,1,29.90,14.95,true,1,
7290018593325,false,לאבנה שקדים טבעוני פלנטי 220 גרם,,IL,לאבנה שקדים טבעוני פ,גרמים,220.00,100 גרם,false,1,20.90,9.50,true,1,
7290018652053,false,ביסקולידה אקסטרה שוקו וניל 90 גרם,,IL,ביסקולידה אקסטרה שוק,גרמים,90.00,100 גרם,false,1,5.90,6.56,true,1,
7290018652886,false,מאגדת שוקו בננה 440 גרם,,,מאגדת שוקו בננה 440,גרמים,450.00,100 גרם,false,1,29.90,6.64,true,1,
7290018652909,false,מאגדת 99 תות עוגת גבינה 275 גרם,,,מאגדת 99 תות עוגת גב,גרמים,275.00,100 גרם,false,1,27.90,10.15,true,1,
7290018677018,false,לחם מחמצת כוסמין מלא אורגני 375 גרם,,CZ,לחם מחמצת כוסמין מלא,גרמים,375.00,100 גרם,false,1,18.90,5.04,true,1,
7290018677070,false,"קרם קוקוס אורגני 330 מ""ל",,LK,קרם קוקוס אורגני 330,מיליליטרים,330.00,"100 מ""ל",false,1,13.50,4.09,true,1,
7290018677155,false,"תערובת קמחים רב תכליתי לל""ג 500 גרם",,IT,תערובת קמחים רב תכלי,גרמים,500.00,100 גרם,false,1,19.90,3.98,true,1,
7290018708125,false,בארכה חלבה מסולסלת וניל 250 גרם,,,בארכה חלבה מסולסלת ו,גרמים,250.00,100 גרם,false,1,16.50,6.60,true,1,
7290018720011,false,עוגיות קרנבל חיות 250 גרם,,IL,עוגיות קרנבל חיות 25,גרמים,250.00,100 גרם,false,1,6.50,2.60,true,1,
7290018720028,false,עוגיות קרנבל אותיות 250 גרם,,IL,עוגיות קרנבל אותיות,גרמים,250.00,100 גרם,false,1,6.50,2.60,true,1,
7290018749210,false,מיני כיסונים קלאסיים במילוי בשר והודו למ,,,מיני כיסונים קלאסיים,גרמים,600.00,100 גרם,false,1,31.90,5.32,true,1,
7290018792841,false,אבקת קקאו טבעי גאנה 150 גר,,,אבקת קקאו טבעי גאנה,גרמים,150.00,100 גרם,false,1,9.90,6.60,true,1,
7290018874004,false,"יין יראון יקב הרי הגליל 2019 750 מ""ל",,,יין יראון יקב הרי הג,Unknown,0.00,Unknown,false,1,114.90,114.90,true,1,
7290018893005,false,בייגלה ציוקטה חרדל ודבש 160 גר,,RO,בייגלה ציוקטה חרדל ו,גרמים,160.00,100 גרם,false,1,7.90,4.94,true,1,
7290018949023,false,"גרופר משקה קל מוגז אורגני לימוננ 330 מ""ל",,PL,גרופר משקה קל מוגז א,מיליליטרים,330.00,"100 מ""ל",false,1,9.50,2.88,true,1,
7290018989081,false,חומוס הבית להכנת חומוס טרי יכין 400 גר,,,חומוס הבית להכנת חומ,גרמים,410.00,100 גרם,false,1,7.90,1.93,true,1,
7290019056027,false,שוופס מוגז פירות ללא סוכר תפוח 1.5 ל,,IL,שוופס מוגז פירות,ליטרים,0.00,ליטר,false,1,8.70,8.70,true,1,
7290019056034,false,שוופס מוגז אננס ללא סוכר  1.5 ל,,IL,שוופס מוגז אננס ללא,ליטרים,0.00,ליטר,false,1,8.70,8.70,true,1,
7290019056041,false,שוופס מוגז  ללא סוכר למונייד 1.5 ל,,IL,שוופס מוגז  ללא סוכר,ליטרים,0.00,ליטר,false,1,8.70,8.70,true,1,
7290019056058,false,שוופס מוגז עדין תפוח ליים 1.5 ליטר,,IL,שוופס מוגז עדין תפוח,ליטרים,0.00,ליטר,false,1,9.20,9.20,true,1,
7290019056065,false,שוופס מוגז עדין פירות יער  1.5 ליטר,,IL,שוופס מוגז עדין פירו,ליטרים,0.00,ליטר,false,1,9.20,9.20,true,1,
7290019056072,false,שוופס מוגז עדין אננס 1.5 ליטר,,IL,שוופס מוגז עדין אננס,ליטרים,0.00,ליטר,false,1,9.20,9.20,true,1,
7290019056096,false,שוופס מוגז עדין אפרסק  1.5 ליטר,,IL,שוופס מוגז עדין אפרס,ליטרים,0.00,ליטר,false,1,9.20,9.20,true,1,
7290019056164,false,רביעיית שוופס סודה 1.5 לי,,IL,רביעיית שוופס סודה 1,ליטרים,0.00,ליטר,false,1,12.10,12.10,true,1,
7290019056171,false,רביעיית שוופס סודה לימון 1.5 לי,,IL,רביעיית שוופס סודה ל,ליטרים,0.00,ליטר,false,1,12.10,12.10,true,1,
7290019056188,false,רביעיית שוופס סודה נענע ליים 1.5 לי,,IL,רביעיית שוופס סודה נ,ליטרים,0.00,ליטר,false,1,12.10,12.10,true,1,
7290019056232,false,שוופס ליים מוחיטו 1.5 ליטר,,IL,שוופס ליים מוחיטו 1.,ליטרים,0.00,ליטר,false,1,10.90,10.90,true,1,
7290019056256,false,שוופס WATER תפוח 1.5 ליטר,,IL,שוופס WATER תפוח 1.5,ליטרים,0.00,ליטר,false,1,9.50,9.50,true,1,
7290019056263,false,שוופס WATER אפרסק 1.5 ליטר,,IL,שוופס WATER אפרסק 1.,ליטרים,0.00,ליטר,false,1,9.50,9.50,true,1,
7290019056270,false,שוופס WATER פירות יער 1.5 ליטר,,IL,שוופס WATER פירות יע,ליטרים,0.00,ליטר,false,1,9.50,9.50,true,1,
7290019056294,false,שוופס גינגר 1.5 ליטר,,IL,שוופס גינגר 1.5 ליטר,ליטרים,0.00,ליטר,false,1,12.20,12.20,true,1,
7290019056300,false,שוופס ביטר 1.5 ליטר,,IL,שוופס ביטר 1.5 ליטר,ליטרים,0.00,ליטר,false,1,12.20,12.20,true,1,
7290019056317,false,משקה 1.5 ל  SCHWEPPES RUSSCHIAN,,IL,משקה  שוופס ראשן 1.5,ליטרים,0.00,ליטר,false,1,12.20,12.20,true,1,
7290019056324,false,שוופס טוניק 1.5 ליטר,,IL,שוופס טוניק 1.5 ליטר,ליטרים,0.00,ליטר,false,1,12.20,12.20,true,1,
7290019056331,false,שוופס טוניק ללא סוכר 1.5 ליטר,,IL,שוופס טוניק ללא סוכר,ליטרים,0.00,ליטר,false,1,11.90,11.90,true,1,
7290019056355,false,תפוזינה לימונדה MIX לימונענע 1.5 ליטר,,IL,תפוזינה לימונענע 1.5,ליטרים,0.00,ליטר,false,1,9.20,9.20,true,1,
7290019056362,false,תפוזינה ענבים 1.5 ליטר,,IL,תפוזינה ענבים 1.5 לי,ליטרים,0.00,ליטר,false,1,9.20,9.20,true,1,
7290019056379,false,תפוזינה תפוזים 1.5 ליטר,,IL,תפוזינה תפוזים 1.5 ל,ליטרים,0.00,ליטר,false,1,9.20,9.20,true,1,
7290019056393,false,תפוזינה תות בננה 1.5 ליטר,,IL,תפוזינה תות בננה 1.5,ליטרים,0.00,ליטר,false,1,9.20,9.20,true,1,
7290019056409,false,תפוזינה מנגו עסיסי 1.5 ליטר,,IL,תפוזינה מנגו עסיסי 1,ליטרים,0.00,ליטר,false,1,9.20,9.20,true,1,
7290019056430,false,תפוזינה תפוזים לייט 1.5 ליטר,,IL,תפוזינה תפוזים לייט,ליטרים,0.00,ליטר,false,1,8.90,8.90,true,1,
7290019056447,false,תפוזינה אשכוליות לייט 1.5 ליטר,,IL,תפוזינה אשכוליות ליי,ליטרים,0.00,ליטר,false,1,8.90,8.90,true,1,
7290019056478,false,משקה ספרינג טי אפרסק  1.5 ליטר,,IL,משקה ספרינג טי אפרסק,ליטרים,0.00,ליטר,false,1,8.20,8.20,true,1,
7290019056492,false,משקה ספרינג טי טעם נולד  1.5 ליטר,,IL,ספרינג תה מנגו אפרסק,ליטרים,0.00,ליטר,false,1,8.20,8.20,true,1,
7290019056522,false,FRUIT WATER תות 1.5 ל,,IL,FRUIT WATER תות 1.5,ליטרים,0.00,ליטר,false,1,9.50,9.50,true,1,
7290019056546,false,FRUIT WATER אבטיח 1.5 ל,,IL,FRUIT WATER אבטיח 1.,ליטרים,0.00,ליטר,false,1,9.50,9.50,true,1,
7290019056553,false,שישיית מים עין גדי 2 ליטר,,IL,שישיית מים עין גדי 2,ליטרים,0.01,ליטר,false,1,13.30,1330.00,true,1,
7290019056577,false,ספרינג מנגו 1.5 ליטר,,IL,ספרינג מנגו 1.5 ליטר,ליטרים,0.00,ליטר,false,1,9.20,9.20,true,1,
7290019056584,false,ספרינג תפוז 1.5 ליטר,,IL,ספרינג תפוז 1.5 ליטר,ליטרים,0.00,ליטר,false,1,9.20,9.20,true,1,
7290019056607,false,ספרינג תפוח 1.5 ליטר,,IL,ספרינג תפוח 1.5 ליטר,ליטרים,0.00,ליטר,false,1,9.20,9.20,true,1,
7290019056614,false,ספרינג אפרסק 1.5 ליטר,,IL,ספרינג אפרסק 1.5 ליט,ליטרים,0.00,ליטר,false,1,9.20,9.20,true,1,
7290019056621,false,ספרינג 1.5 ליטר פירות טרופים,,IL,ספרינג 1.5 ליטר פירו,ליטרים,0.00,ליטר,false,1,9.20,9.20,true,1,
7290019056645,false,ספרינג 1.5 ליטר אגסים סברס תפוח,,IL,ספרינג 1.5 ליטר אגסי,ליטרים,0.00,ליטר,false,1,9.20,9.20,true,1,
7290019056652,false,ספרינג אננס בננה 1.5 ליטר,,IL,ספרינג אננס בננה 1.5,ליטרים,0.00,ליטר,false,1,9.20,9.20,true,1,
7290019056669,false,ספרינג תפוחים לייט 1.5 ליטר,,IL,ספרינג תפוחים לייט 1,ליטרים,0.00,ליטר,false,1,8.90,8.90,true,1,
7290019056676,false,ספרינג אשכוליות אננס לייט 1.5 ליטר,,IL,ספרינג אשכוליות אננס,ליטרים,0.00,ליטר,false,1,8.90,8.90,true,1,
7290019056881,false,שוופס סודה 1.5 ליטר,,,שוופס סודה 1.5 ליטר,ליטרים,0.00,ליטר,false,1,3.80,3.80,true,1,
7290019056942,false,מי עין גדי 2 ל,,IL,מי עין גדי 2 ל,ליטרים,0.00,ליטר,false,1,2.80,2.80,true,1,
7290019056966,false,מי עדן 1.5 ליטר,,IL,מי עדן 1.5 ליטר,ליטרים,0.00,ליטר,false,1,4.20,4.20,true,1,
7290019056973,false,שישיית מי עדן 1.5 ליטר משפחתי,,IL,שישיית מי עדן 1.5 לי,ליטרים,0.01,ליטר,false,1,13.90,1390.00,true,1,
7290019153078,false,שוופס ביטר למון לייט 1.5 ל,,,שוופס ביטר למון לייט,ליטרים,0.00,ליטר,false,1,11.90,11.90,true,1,
7290019153085,false,שוופס לייםמוחיטו ללא סוכר 1.5 ל,,,שוופס ליים מוחיטו לל,ליטרים,0.00,ליטר,false,1,9.90,9.90,true,1,
7290019153252,false,שוופס סודה תפוח 1.5 ל רביעיות,,IL,שוופס סודה תפוח 1.5,ליטרים,0.00,ליטר,false,1,12.10,12.10,true,1,
7290019153351,false,תפוזינה פינק אוזו 1.5 ל,,IL,תפוזינה פינק אוזו 1.,ליטרים,0.00,ליטר,false,1,9.20,9.20,true,1,
7290019153375,false,תפוזינה מוחיטו 1.5 ל,,IL,תפוזינה מוחיטו 1.5 ל,ליטרים,0.00,ליטר,false,1,9.20,9.20,true,1,
7290019167020,false,עוגת גבינה עם פירות יער לייט 80 גרם,,,עוגת גבינה עם פירות,גרמים,80.00,100 גרם,false,1,6.90,8.63,true,1,
7290019167037,false,תותים בקצפת 80 גרם,,,תותים בקצפת 80 גרם,גרמים,80.00,100 גרם,false,1,6.90,8.63,true,1,
7290019176022,false,פילה טונה בשמן קנולה 160 גר,,LV,פילה טונה בשמן קנולה,גרמים,160.00,100 גרם,false,1,15.90,9.94,true,1,
7290019226123,false,קניידלך קמח מצה מוקפאים תומר 400 גרם,,,קניידלך קמח מצה מוקפ,גרמים,400.00,100 גרם,false,1,19.90,4.98,true,1,
7290019232834,false,בייגלה פליפז מצופה קרם עוגיות ושוקולד140,,,בייגלה פליפז מצופה ק,גרמים,140.00,100 גרם,false,1,8.90,6.36,true,1,
7290019297239,false,צימוק חום 330 גר,,,צימוק חום 330 גר,גרמים,330.00,100 גרם,false,1,14.60,4.42,true,1,
7290019297536,false,חמאת בוטנים עם שברי בוטנים 510 גרם,,,חמאת בוטנים עם שברי,גרמים,510.00,100 גרם,false,1,14.20,2.78,true,1,
7290019297550,false,בוטנים מטוגנים בקוספא 185 גרם,,,בוטנים מטוגנים בקוספ,גרמים,185.00,100 גרם,false,1,9.90,5.35,true,1,
7290019297628,false,שקד טבעי 150 גרם ששון הקולה,,,שקד טבעי 150 גרם ששו,גרמים,150.00,100 גרם,false,1,15.90,10.60,true,1,
7290019297635,false,שקד קלויים 150 גרם ששון הקולה,,,שקד קלויים 150 גרם ש,גרמים,150.00,100 גרם,false,1,17.70,11.80,true,1,
7290019297642,false,גרעין שחור קלוי ללא מלח 150 ג ששון הקולה,,,גרעין שחור קלוי ללא,גרמים,150.00,100 גרם,false,1,4.80,3.20,true,1,
7290089617074,false,פטריות  מסליאטה מוחמצות 680 ג,,CN,פטריות  מסליאטה מוחמ,גרמים,680.00,100 גרם,false,1,16.70,2.46,true,1,
7290089617210,false,פטריות  אסורטי מוחמצים 680 ג,,CN,פטריות  אסורטי מוחמצ,גרמים,680.00,100 גרם,false,1,16.70,2.46,true,1,
7290100240137,false,בדין תרסיס למייבש כחול,,,בדין תרסיס למייבש כח,מיליליטרים,500.00,"100 מ""ל",false,1,22.50,4.50,true,1,
7290100240144,false,בדין תרסיס למייבש ורוד,,,בדין תרסיס למייבש ור,מיליליטרים,500.00,"100 מ""ל",false,1,22.50,4.50,true,1,
7290100240632,false,"פתית 6 דגנים בד""צ 250 גרם",,,"פתית 6 דגנים בד""צ 25",גרמים,250.00,100 גרם,false,1,16.90,6.76,true,1,
7290100240656,false,"פתית שיפון בד""צ 250 גרם",,,"פתית שיפון בד""צ 250",גרמים,300.00,100 גרם,false,1,16.90,5.63,true,1,
7290100243084,false,מיונז הלמנס 789 גרם,,,מיונז הלמנס 789 גרם,מיליליטרים,400.00,"100 מ""ל",false,1,27.90,6.98,true,1,
7290100243671,false,בדין אקסטרא כחול 960 מל,,,בדין אקסטרא כחול 960,מיליליטרים,960.00,"100 מ""ל",false,1,15.90,1.66,true,1,
7290100245231,false,מרק נמס בכוס ועוד ט.עוף שקדי מרק - קנור,,,מרק נמס בכוס ועוד ט.,גרמים,50.00,100 גרם,false,1,6.90,13.80,true,1,
7290100321775,false,חזה עוף טרי,,,חזה עוף טרי,Unknown,0.00,"ק""ג",true,0,34.90,34.90,true,1,
7290100323038,false,כרעיים עוף טרי,,,כרעיים עוף טרי,Unknown,0.00,"ק""ג",true,0,22.90,22.90,true,1,
7290100335406,false,ירך הודו זכר,,,ירך הודו זכר,Unknown,0.00,"ק""ג",true,0,58.90,58.90,true,1,
7290100570234,false,אבזרי מטבח,,,אבזרי מטבח,Unknown,0.00,Unknown,false,1,12.90,12.90,true,1,
7290100571279,false,אבזרי מטבח,,,אבזרי מטבח,Unknown,0.00,Unknown,false,1,39.90,39.90,true,1,
7290100572368,false,אבזרי מטבח,,,אבזרי מטבח,Unknown,0.00,Unknown,false,1,19.90,19.90,true,1,
7290100572702,false,אביזרי מטבח,,,אביזרי מטבח,Unknown,0.00,Unknown,false,1,10.90,10.90,true,1,
7290100573396,false,אביזרי מטבח,,,אביזרי מטבח,Unknown,0.00,Unknown,false,1,9.90,9.90,true,1,
7290100573716,false,אביזרי מטבח,,,אביזרי מטבח,Unknown,0.00,Unknown,false,1,14.90,14.90,true,1,
7290100575055,false,אבזרי מטבח,,,אבזרי מטבח,Unknown,0.00,Unknown,false,1,29.90,29.90,true,1,
7290100575086,false,אבזרי מטבח,,,אבזרי מטבח,Unknown,0.00,Unknown,false,1,6.90,6.90,true,1,
7290100658338,false,"פלמוליב אוקסי פלוס כחול 750 מ""ל שקוף",,,פלמוליב אוקסי פלוס כ,מיליליטרים,750.00,"100 מ""ל",false,1,11.90,1.59,true,1,
7290100659090,false,חטיף פרי תמרים וקינמ ללא סוכר 90 גר 5 יח,,,חטיף פרי תמרים וקינמ,גרמים,90.00,100 גרם,false,1,19.80,22.00,true,1,
7290100680650,false,מנה חמה נודלס טעם ירקות תילאנדי 70 גרם,,,מנה חמה נודלס טעם יר,גרמים,70.00,100 גרם,false,1,5.90,8.43,true,1,
7290100680711,false,פירורית זהב 350 גרם,,,פירורית זהב 350 גרם,גרמים,350.00,100 גרם,false,1,8.80,2.51,true,1,
7290100680728,false,פירורית 350 גרם,,,פירורית 350 גרם,גרמים,350.00,100 גרם,false,1,7.60,2.17,true,1,
7290100685242,false,במבה תות על סרט 30 גרם,,,במבה תות על סרט 30 ג,גרמים,30.00,100 גרם,false,1,3.40,11.33,true,1,
7290100689301,false,מרק טעם עוף זך עדיף  400 גרם,,,מרק טעם עוף זך עדיף,גרמים,400.00,100 גרם,false,1,17.70,4.43,true,1,
7290100700020,false,גריסי פנינה 500 גרם,,,גריסי פנינה 500 גרם,גרמים,200.00,100 גרם,false,1,5.90,2.95,true,1,
7290100700068,false,שעועית צבעונית 500 גרם,,,שעועית צבעונית 500 ג,גרמים,500.00,100 גרם,false,1,7.90,1.58,true,1,
7290100700242,false,אורז מלא עגול 1 קג,,,"אורז מלא עגול 1 ק""ג",גרמים,1000.00,100 גרם,false,1,11.40,1.14,true,1,
7290100700297,false,עדשים מנומרות 500 גרם,,,עדשים מנומרות 500 גר,גרמים,500.00,100 גרם,false,1,8.30,1.66,true,1,
7290100700310,false,כוסמת 1 קג,,,"כוסמת 1 ק""ג",גרמים,1000.00,100 גרם,false,1,14.60,1.46,true,1,
7290100700327,false,"גריסי פניניה 1 ק""ג",,,"גריסי פניניה 1 ק""ג",גרמים,1000.00,100 גרם,false,1,10.00,1.00,true,1,
7290100700334,false,"קינואה סוגת 1 ק""ג",,IL,"קינואה סוגת 1 ק""ג",קילוגרמים,0.00,"ק""ג",false,1,20.90,20.90,true,1,
7290100700389,false,אורז  אדום 1 קג,,,"אורז  אדום 1 ק""ג",גרמים,1000.00,100 גרם,false,1,15.60,1.56,true,1,
7290100700396,false,אורז יסמין קלאסי 1 קג,,,אורז יסמין קלאסי 1 ק,גרמים,1000.00,100 גרם,false,1,11.90,1.19,true,1,
7290100700402,false,"חומוס ענק 1 ק""ג",,,"חומוס ענק 1 ק""ג",גרמים,1000.00,100 גרם,false,1,15.90,1.59,true,1,
7290100700419,false,בורגול 1 קג,,,"בורגול 1 ק""ג",גרמים,1000.00,100 גרם,false,1,10.00,1.00,true,1,
7290100700563,false,אורז מיקס 1 קג,,,"אורז מיקס 1 ק""ג",גרמים,1000.00,100 גרם,false,1,15.60,1.56,true,1,
7290100700587,false,בורגול 500 גרם,,,בורגול 500 גרם,גרמים,500.00,100 גרם,false,1,5.20,1.04,true,1,
7290100701157,false,אורז סושי 1 קג,,,"אורז סושי 1 ק""ג",גרמים,1000.00,100 גרם,false,1,12.80,1.28,true,1,
7290100701300,false,קינואה אדומה 500 גר סוגת,,,קינואה אדומה 500 גר,גרמים,500.00,100 גרם,false,1,13.90,2.78,true,1,
7290100701331,false,"קמח רב תכליתי 1 ק""ג סוגת",,,"קמח רב תכליתי 1 ק""ג",גרמים,1000.00,100 גרם,false,1,7.50,0.75,true,1,
7290100701348,false,"קמח שיפון מלא 1 ק""ג סוגת",,,"קמח שיפון מלא 1 ק""ג",גרמים,1000.00,100 גרם,false,1,7.50,0.75,true,1,
7290100701454,false,גרישה 500 גר,,,גרישה 500 גר,גרמים,500.00,100 גרם,false,1,4.90,0.98,true,1,
7290100701577,false,"קמח לחם 1 ק""ג סוגת",,,"קמח לחם 1 ק""ג סוגת",גרמים,1000.00,100 גרם,false,1,7.50,0.75,true,1,
7290100701898,false,"קמח פסטה 1 ק""ג סוגת",,,"קמח פסטה 1 ק""ג סוגת",גרמים,1000.00,100 גרם,false,1,14.90,1.49,true,1,
7290100702611,false,פתיתים אפויים אורז 500 גרם סוגת,,,פתיתים אפויים אורז 5,גרמים,500.00,100 גרם,false,1,6.50,1.30,true,1,
7290100702673,false,פתיתים אפויים 3 צבעים 400 גר גרם סוגת,,,פתיתים אפויים 3 צבעי,גרמים,400.00,100 גרם,false,1,6.50,1.63,true,1,
7290100702741,false,סוכר חום בהיר 1 קג בצנצנת,,,"סוכר חום בהיר 1 ק""ג",גרמים,1000.00,100 גרם,false,1,13.50,1.35,true,1,
7290100702994,false,סוכר דמררה קלאסי בשקית 500 גר סוגת,,,סוכר דמררה קלאסי בשק,גרמים,500.00,100 גרם,false,1,6.50,1.30,true,1,
7290100703007,false,עדשים שחורות בלוגה 500 גר,,,עדשים שחורות בלוגה 5,גרמים,500.00,100 גרם,false,1,8.90,1.78,true,1,
7290100703434,false,בורגול חום 500 גרם,,,בורגול חום 500 גרם,גרמים,500.00,100 גרם,false,1,4.90,0.98,true,1,
7290100703458,false,כוסמת ללא קליה 500 גרם,,,כוסמת ללא קליה 500 ג,גרמים,500.00,100 גרם,false,1,7.30,1.46,true,1,
7290100703489,false,פרורים לחם לבנים 500 גרם,,,פרורים לחם לבנים 500,גרמים,500.00,100 גרם,false,1,5.90,1.18,true,1,
7290100703632,false,"קמח מלא ללא ניפוי 1 ק""ג",,,קמח מלא ללא ניפוי 1,גרמים,1000.00,100 גרם,false,1,8.30,0.83,true,1,
7290100703649,false,"קמח מלא חיטה 80% ללא ניפוי 1 ק""ג",,,קמח מלא חיטה 80% ללא,גרמים,1000.00,100 גרם,false,1,8.30,0.83,true,1,
7290100703670,false,קמח כוסמין מלא ללא ניפוי 1 קג,,,קמח כוסמין מלא ללא נ,גרמים,1000.00,100 גרם,false,1,14.90,1.49,true,1,
7290100703687,false,"קמח חלה ללא ניפוי 1 ק""ג",,,קמח חלה ללא ניפוי 1,קילוגרמים,0.00,"ק""ג",false,1,8.30,8.30,true,1,
7290100703908,false,"סוכר דמררה 1 ק""ג",,,"סוכר דמררה 1 ק""ג",גרמים,1000.00,100 גרם,false,1,12.50,1.25,true,1,
7290100703922,false,מארז פופקורן למיקרוגל טבעי 5+1,,,מארז פופקורן למיקרוג,גרמים,540.00,100 גרם,false,1,11.40,2.11,true,1,
7290100850909,false,דוריטוס נאצו מקסיקני 70 גרם,,IL,דוריטוס נאצו מקסיקני,גרמים,70.00,100 גרם,false,1,3.60,5.14,true,1,
7290100850916,false,דוריטוס חמוץ חריף 70 גרם,,,דוריטוס חמוץ חריף 70,גרמים,70.00,100 גרם,false,1,3.60,5.14,true,1,
7290100850923,false,דוריטוס גריל 70 גרם,,,דוריטוס גריל 70 גרם,גרמים,70.00,100 גרם,false,1,3.60,5.14,true,1,
7290100850930,false,דוריטוס טבעי 70 גרם,,,דוריטוס טבעי 70 גרם,גרמים,70.00,100 גרם,false,1,3.60,5.14,true,1,
7290100858592,false,קקאו 150 גרם,,,קקאו 150 גרם,גרמים,150.00,100 גרם,false,1,9.90,6.60,true,1,
7290100858608,false,קקאו 500 גרם,,,קקאו 500 גרם,גרמים,500.00,100 גרם,false,1,23.90,4.78,true,1,
7290101486688,false,חטיף פרי אנרגיה דגנים עם שוקולד חמישייה,,,חטיף פרי אנרגיה דגני,גרמים,100.00,100 גרם,false,1,19.80,19.80,true,1,
7290101500001,false,בייבי מיקס,,,בייבי מיקס,Unknown,0.00,Unknown,false,1,11.90,11.90,true,1,
7290101500070,false,סופר מיקס נספק,,,סופר מיקס,Unknown,0.00,Unknown,false,1,11.90,11.90,true,1,
7290101500131,false,מיקס חסה נספק,,,מיקס חסה,Unknown,0.00,Unknown,false,1,11.90,11.90,true,1,
7290101500193,false,חסה רומית נספק,,,חסה רומית,Unknown,0.00,Unknown,false,1,11.90,11.90,true,1,
7290101500506,false,פטרוזיליה ארוזה,,,פטרוזיליה ארוזה,Unknown,0.00,Unknown,false,1,5.90,5.90,true,1,
7290101500513,false,שמיר ארוז,,,שמיר ארוז,Unknown,0.00,Unknown,false,1,5.90,5.90,true,1,
7290101500520,false,כוסברה ארוזה,,,כוסברה ארוזה,Unknown,0.00,Unknown,false,1,5.90,5.90,true,1,
7290101500537,false,נענע ארוזה,,,נענע ארוזה,Unknown,0.00,Unknown,false,1,5.90,5.90,true,1,
7290101500551,false,סלרי אמריקאי ארוז,,,סלרי אמריקאי ארוז,Unknown,0.00,Unknown,false,1,5.90,5.90,true,1,
7290101500568,false,סלרי ראש ארוז,,,סלרי ראש ארוז,Unknown,0.00,Unknown,false,1,5.90,5.90,true,1,
7290101500926,false,תרד ארוז רכות,,,תרד ארוז רכות,Unknown,0.00,Unknown,false,1,12.90,12.90,true,1,
7290101501176,false,פלפל טינקרבל,,,פלפל טינקרבל,Unknown,0.00,Unknown,false,1,9.90,9.90,true,1,
7290101501305,false,מלפפוני טעם,,,מלפפוני טעם,Unknown,0.00,Unknown,false,1,12.90,12.90,true,1,
7290101551027,false,קפסולות 14 חזק במיוחד למכונות נספרסו 50,,IL,קפסולות 14 חזק במיוח,גרמים,50.00,100 גרם,false,1,16.50,33.00,true,1,
7290101551300,false,סילאן טבעי לחיץ יד מרדכי 380 גרם,,,סילאן טבעי לחיץ יד מ,גרמים,700.00,100 גרם,false,1,14.90,2.13,true,1,
7290101551539,false,דנונה פרו 20 גרם חלבון אפרסק 200 גר,,IL,דנונה פרו 20 גרם חלב,גרמים,200.00,100 גרם,false,1,5.90,2.95,true,1,
7290101864127,false,קליה אוקסי ספריי 750 מל,,,קליה אוקסי ספריי 750,מיליליטרים,500.00,"100 מ""ל",false,1,15.90,3.18,true,1,
7290101865261,false,"פיניש הברקה 800 מ""ל",,,"פיניש הברקה 800 מ""ל",מיליליטרים,800.00,"100 מ""ל",false,1,19.90,2.49,true,1,
7290101866633,false,קליה גל 3 ל,,,קליה גל 3 ל,ליטרים,0.00,ליטר,false,1,29.90,29.90,true,1,
7290101868392,false,נורופן טבליות,,,נורופן טבליות,Unknown,0.00,Unknown,false,1,19.90,19.90,true,1,
7290101868446,false,נורופן גל,,,נורופן גל,Unknown,0.00,Unknown,false,1,31.50,31.50,true,1,
7290101868507,false,נורופן לכאבי מחזור,,,נורופן לכאבי מחזור,Unknown,0.00,Unknown,false,1,19.90,19.90,true,1,
7290101868958,false,"פיניש הברקה לימון 800 מ""ל",,,פיניש הברקה לימון 80,מיליליטרים,800.00,"100 מ""ל",false,1,19.90,2.49,true,1,
7290101869726,false,גל AIO פיניש 1 ליטר,,,גל AIO פיניש 1 ליטר,מיליליטרים,1000.00,"100 מ""ל",false,1,42.90,4.29,true,1,
7290101869917,false,אירוויק מילוי מבשם אוטומטי היער הקסום,,,אירוויק מילוי מבשם א,Unknown,0.00,Unknown,false,1,22.90,22.90,true,1,
7290101869962,false,אירוויק מקלות ריחניים חלום ליל קיץ,,,אירוויק מקלות ריחניי,Unknown,0.00,Unknown,false,1,19.90,19.90,true,1,
7290101869979,false,אירוויק מקלות ריחניים אואזיס,,,אירוויק מקלות ריחניי,Unknown,0.00,Unknown,false,1,19.90,19.90,true,1,
7290101952121,false,מקסי מיץ,,IL,פטרוצן עם שומן כבש,גרמים,500.00,100 גרם,false,1,27.90,5.58,true,1,
7290101952176,false,קבנוס ציידים 200 גרם,,,קבנוס ציידים 200 גרם,גרמים,200.00,100 גרם,false,1,26.50,13.25,true,1,
7290101952329,false,המבורגר טקסס 400 גרם,,,המבורגר טקסס 400 גרם,גרמים,400.00,100 גרם,false,1,25.90,6.48,true,1,
7290101952343,false,המבורגר מסעדות 400 גרם,,,המבורגר מסעדות,גרמים,400.00,100 גרם,false,1,25.90,6.48,true,1,
7290101952459,false,קבב כבש 600 גרם,,,קבב כבש 600 גרם,גרמים,600.00,100 גרם,false,1,41.90,6.98,true,1,
7290101952510,false,לקט פרובנס טבעפרוסט 800 גר,,,לקט פרובנס טבעפרוסט,גרמים,800.00,100 גרם,false,1,18.80,2.35,true,1,
7290102030330,false,תפוציפס קראנצ מקסיקני 200 גרם,,,תפוציפס קראנצ מקסיקנ,גרמים,200.00,100 גרם,false,1,9.90,4.95,true,1,
7290102031276,false,אקטימל תות בננה,,,אקטימל תות בננה,גרמים,850.00,100 גרם,false,1,20.90,2.46,true,1,
7290102032334,false,קפה נמס בטעם וניל 200 גר,,,קפה נמס וניל 200 גר,גרמים,200.00,100 גרם,false,1,24.90,12.45,true,1,
7290102062195,false,משחת שיניים אלמקס גוניור 75 מל,,,משחת שיניים אלמקס,Unknown,0.00,Unknown,false,1,18.20,18.20,true,1,
7290102300860,false,צדר אנגלי 200 גרם,,,צדר אנגלי 200 גרם,גרמים,200.00,100 גרם,false,1,24.90,12.45,true,1,
7290102300884,false,צדר אנגלי כתום במשקל,,,צדר אנגלי כתום במשקל,Unknown,0.00,"ק""ג",true,0,129.00,129.00,true,1,
7290102301881,false,גבינת טרטר עשבי תיבול 150 גר,,,גבינת טרטר עשבי תיבו,גרמים,150.00,100 גרם,false,1,24.90,16.60,true,1,
7290102302246,false,גבינת גאודה הולנדית 200 גרם,,,גבינת גאודה הולנדית,גרמים,200.00,100 גרם,false,0,23.90,11.95,true,1,
7290102302253,false,גבינת עיזים 200 גרם,,,גבינת עיזים 200 גרם,גרמים,200.00,100 גרם,false,1,35.90,17.95,true,1,
7290102302833,false,גבינת גאודה הולנדית 150 גרם,,,גבינת גאודה הולנדית,גרמים,150.00,100 גרם,false,0,20.90,13.93,true,1,
7290102302840,false,גבינת עיזים 150 גרם,,,גבינת עיזים 150 גרם,גרמים,150.00,100 גרם,false,1,26.90,17.93,true,1,
7290102302864,false,גבינת גאודה פסטו ירוק 200 גרם,,NL,גבינת גאודה פסטו ירו,גרמים,200.00,100 גרם,false,1,35.90,17.95,true,1,
7290102303977,false,גוש טונה בשמן זית רוברט 140 גרם,,PT,גוש טונה בשמן זית רו,גרמים,140.00,100 גרם,false,1,11.90,8.50,true,1,
7290102303984,false,גוש טונה במים רוברט 140 גרם,,PT,גוש טונה במים רוברט,גרמים,140.00,100 גרם,false,1,10.90,7.79,true,1,
7290102390427,false,יוגורט מולר פרופ בטעם תות 150גר,,,יוגורט מולר פרופ בטע,גרמים,150.00,100 גרם,false,1,5.30,3.53,true,1,
7290102390465,false,"פרופ אפרסק פסיפלורה מולר 150 מ""ל",,,פרופ אפרסק פסיפלורה,מיליליטרים,150.00,"100 מ""ל",false,1,5.30,3.53,true,1,
7290102390489,false,"פרופ לימון מולר 150 מ""ל",,,פרופ לימון מולר 150,מיליליטרים,150.00,"100 מ""ל",false,1,5.30,3.53,true,1,
7290102391844,false,"פרופ  מולר פירות יער 150 מ""ל",,,פרופ  מולר פירות יער,גרמים,150.00,100 גרם,false,1,5.30,3.53,true,1,
7290102392049,false,צוריאל תבור גבינה לאפיה 500גר,,,צוריאל תבור גבינה לא,גרמים,500.00,100 גרם,false,1,24.90,4.98,true,1,
7290102392094,false,חלב עיזים בקרטון 1ל,,,חלב עיזים בקרטון 1ל,מיליליטרים,1000.00,"100 מ""ל",false,1,15.90,1.59,true,1,
7290102393039,false,מולר מיקס יוגורט קרמי עם פצפוצים 150ג,,,מולר מיקס יוגורט,גרמים,150.00,100 גרם,false,1,6.20,4.13,true,1,
7290102393060,false,מולר מיקס יוגורט קרמי עם קרם אגוזים 150ג,,,מולר מיקס יוגורט קרמ,גרמים,150.00,100 גרם,false,1,6.20,4.13,true,1,
7290102393169,false,SIMPLY FRUIT מולר בטעם תות 3% 150 גר,,,SIMPLY FRUIT מולר בט,מיליליטרים,150.00,"100 מ""ל",false,1,5.30,3.53,true,1,
7290102393176,false,SIMPLY FRUIT מולר בטעם אפרסק 3% 150 גר,,,SIMPLY FRUIT מולר בט,מיליליטרים,150.00,"100 מ""ל",false,1,5.30,3.53,true,1,
7290102393190,false,SIMPLY FRUIT מולר בטעם פירות יער 3%,,,SIMPLY FRUIT מולר בט,מיליליטרים,150.00,"100 מ""ל",false,1,5.30,3.53,true,1,
7290102393848,false,"משק צוריאל יוגורט עיזים תות 3% 140 מ""ל",,,משק צוריאל יוגורט עי,מיליליטרים,140.00,"100 מ""ל",false,1,6.50,4.64,true,1,
7290102393855,false,"משק צוריאל יוגורט עיזים אפרסק 3% 140 מ""ל",,,משק צוריאל יוגורט עי,מיליליטרים,140.00,"100 מ""ל",false,1,6.50,4.64,true,1,
7290102393947,false,SIMPLY FRUIT מולר בטעם קיווי 3% 150 גר,,,SIMPLY FRUIT מולר בט,מיליליטרים,150.00,"100 מ""ל",false,1,5.30,3.53,true,1,
7290102394463,false,נעם גבינה צהובה וואקום 28% 500 גרם,,,נעם גבינה צהובה וואק,גרמים,500.00,100 גרם,false,1,29.90,5.98,true,1,
7290102394845,false,נעם גבינה צהובה דק דק 9% 200 גר,,,נעם גבינה צהובה דק ד,גרמים,200.00,100 גרם,false,1,17.90,8.95,true,1,
7290102395217,false,מאגדת שמיניה מולר במתיקות מעודנת 1.2%,,,מאגדת שמיניה מולר,גרמים,1200.00,100 גרם,false,1,21.90,1.83,true,1,
7290102395224,false,מאגדת שמיניה מולר נטורל 1.7%,,,מאגדת שמיניה מולר,גרמים,1200.00,100 גרם,false,1,18.90,1.58,true,1,
7290102395231,false,מאגדת שמיניה מולר נטורל 2.8%,,,מאגדת שמיניה מולר,גרמים,1200.00,100 גרם,false,1,18.90,1.58,true,1,
7290102395262,false,מאגדת 8 מולר סימפלי פרוט תות אפרסק 3%,,,מאגדת 8 מולר סימפלי,גרמים,900.00,100 גרם,false,1,31.90,3.54,true,1,
7290102395408,false,נעם גבינה צהובה 28% במשקל,,,נעם גבינה צהובה 28%,Unknown,0.00,"ק""ג",true,0,44.79,44.79,true,1,
7290102395415,false,נעם גבינה צהובה 9% במשקל,,,נעם גבינה צהובה 9% ב,Unknown,0.00,"ק""ג",true,0,86.00,86.00,true,1,
7290102395422,false,נעם גבינה צהובה 22% במשקל,,,נעם גבינה צהובה 22%,Unknown,0.00,"ק""ג",true,0,42.58,42.58,true,1,
7290102395439,false,מאגדת 8 מולר סימפלי פרוט פ.יער 3%,,,מאגדת 8 מולר סימפלי,גרמים,900.00,100 גרם,false,1,31.90,3.54,true,1,
7290102395446,false,מעדן מו וניל 123 גר,,,מעדן מו וניל 123 גר,גרמים,123.00,100 גרם,false,1,3.40,2.76,true,1,
7290102395477,false,מעדן מו שוקולד  123 גר,,,מעדן מו שוקולד  123,גרמים,123.00,100 גרם,false,1,3.40,2.76,true,1,
7290102395521,false,שמנת לבישול 15% 500 מל,,,שמנת לבישול 15% 500,מיליליטרים,500.00,"100 מ""ל",false,1,16.90,3.38,true,1,
7290102396399,false,מאגדת שמיניה מעדן שוקולד 100*8 גר,,,מאגדת שמיניה מעדן שו,גרמים,800.00,100 גרם,false,1,15.20,1.90,true,1,
7290102396436,false,מעדן מו שוקולד 123 גר,,,מעדן מו שוקולד 123 ג,גרמים,123.00,100 גרם,false,1,3.00,2.44,true,1,
7290102396443,false,מעדן מו וניל 123 גר,,,מעדן מו וניל 123 גר,גרמים,123.00,100 גרם,false,1,3.00,2.44,true,1,
7290102396580,false,מעדן מו שוקולד ומוס שוקולד 123 גר,,,מעדן מו שוקולד ומוס,גרמים,123.00,100 גרם,false,1,3.40,2.76,true,1,
7290102396597,false,מעדן מוו וניל ומוס שוקולד 123 גר,,,מעדן מוו וניל ומוס ש,גרמים,123.00,100 גרם,false,1,3.40,2.76,true,1,
7290102396719,false,מולר SIMPLY FRUIT תות 0% 150 גר,,,מולר SIMPLY FRUIT תו,גרמים,150.00,100 גרם,false,1,5.30,3.53,true,1,
7290102396726,false,מולר SIMPLY FRUIT אפרסק 0% 150 גר,,,מולר SIMPLY FRUIT אפ,גרמים,150.00,100 גרם,false,1,5.00,3.33,true,1,
7290102396948,false,חלב טרה 1 ליטר 3% קרטון רבנות,,,חלב טרה 1 ליטר 3% קר,ליטרים,0.00,ליטר,false,1,6.23,6.23,true,1,
7290102397204,false,גבינה צהובה נעם דק דק 22% 200 גר,,,גבינה צהובה נעם דק ד,גרמים,200.00,100 גרם,false,1,17.90,8.95,true,1,
7290102397310,false,מאגדת מעדן מיני מוו שוקולדת קצפת 8 יח,,,מאגדת מעדן מיני מוו,גרמים,560.00,100 גרם,false,1,13.90,2.48,true,1,
7290102397334,false,בולגרית 5% 250 גר,,,בולגרית 5% 250 גר,גרמים,250.00,100 גרם,false,1,24.90,9.96,true,1,
7290102397464,false,מולר נטורל+ פקאן גרעינים וחמוציות 170 גר,,,מולר נטורל+ פקאן גרע,גרמים,170.00,100 גרם,false,1,6.20,3.65,true,1,
7290102397600,false,מולר מיקס שקדים ובוטנים מקורמלים 170 גר,,,מולר מיקס שקדים ובוט,גרמים,170.00,100 גרם,false,1,6.20,3.65,true,1,
7290102397617,false,מולר מיקס קליק 170 גר,,,מולר מיקס קליק 170 ג,גרמים,170.00,100 גרם,false,1,6.20,3.65,true,1,
7290102397730,false,גבינת אמנטל נעם 200 גרם,,,גבינת אמנטל נעם 200,גרמים,200.00,100 גרם,false,1,18.90,9.45,true,1,
7290102398065,false,קרטון חלב 2 ליטר 3% מהדרין,,,חלב 3% מהדרין 2 ליטר,ליטרים,0.00,ליטר,false,1,12.46,12.46,true,1,
7290102398072,false,חלב טרה 1 ליטר 3% קרטון,,,חלב טרה  3% קרטון 1,מיליליטרים,1000.00,"100 מ""ל",false,1,6.23,0.62,true,1,
7290102398553,false,שוקו טרה בבקבוק 1.5 ליטר,,,שוקו טרה בבקבוק 1.5,ליטרים,0.00,ליטר,false,1,17.50,17.50,true,1,
7290102398577,false,מששוקו מועשר טרה 250 מל,,IL,שוקו מועשר טרה 250 מ,מיליליטרים,250.00,"100 מ""ל",false,1,5.90,2.36,true,1,
7290102398669,false,אייס קפוצינו 1 ליטר,,IL,אייס קפוצינו 1 ליטר,ליטרים,0.00,ליטר,false,1,12.50,12.50,true,1,
7290102399697,false,SIMPLY FRUIT מולר בטעם מנגו  1.5% 150 גר,,IL,SIMPLY FRUIT מולר בט,מיליליטרים,150.00,"100 מ""ל",false,1,5.00,3.33,true,1,
7290102399789,false,מולר ספרדבל ממרח חמאה ללא מלח 250 גרם,,,מולר ספרדבל ממרח חמא,גרמים,250.00,100 גרם,false,1,19.90,7.96,true,1,
7290102399796,false,מולר אקטיב יוגורט חלבון לבן 200 גרם,,IL,מולר אקטיב יוגורט חל,גרמים,200.00,100 גרם,false,1,5.90,2.95,true,1,
7290102399802,false,מולר אקטיב יוגורט חלבון תות 200 גרם,,IL,מולר אקטיב יוגורט חל,גרמים,200.00,100 גרם,false,1,6.50,3.25,true,1,
7290102399819,false,מולר אקטיב יוגורט חלבון פירות 200 גרם,,IL,מולר אקטיב יוגורט,גרמים,200.00,100 גרם,false,1,6.50,3.25,true,1,
7290102399857,false,מולר אקטיב לייט יוגורט חלבון תות 200 גר,,IL,מולר אקטיב לייט יוגו,גרמים,200.00,100 גרם,false,1,6.50,3.25,true,1,
7290102611836,false,להבונים בשקית 50 יח,,CN,להבונים בשקית 50 יח,Unknown,1.00,Unknown,false,1,11.90,11.90,true,1,
7290103124601,false,פלמוליב סבון נוזלי חלב ודבש משאבה 750 מל,,,פלמוליב סבון נוזלי ח,מיליליטרים,750.00,"100 מ""ל",false,1,19.90,2.65,true,1,
7290103400194,false,"כרוב לבן 400 גר בד""צ ירקות שטראוס",,,כרוב לבן 400 גר,גרמים,400.00,100 גרם,false,1,10.90,2.73,true,1,
7290103400255,false,"סלט קולסלאו 400 גר בד""צ ירקות שטראוס",,,סלט קולסלאו 400 גר,גרמים,400.00,100 גרם,false,1,9.90,2.48,true,1,
7290103404758,false,כרוב אדום 120 גר,,,כרוב אדום 120 גר,גרמים,125.00,100 גרם,false,1,4.80,3.84,true,1,
7290103408206,false,עלי חסה שטופים בקופסה 250גר,,,עלי חסה שטופים בקופס,גרמים,250.00,100 גרם,false,1,11.90,4.76,true,1,
7290103704186,false,מגבות טאצ 6 גלילים כפול מהדורת 2021,,,מגבות טאצ 6 גלילים כ,יחידה,1.00,יחידה,false,1,18.90,18.90,true,1,
7290104061424,false,חומוס זעתר 400 גר,,,חומוס זעתר 400 גר,גרמים,400.00,100 גרם,false,1,10.90,2.73,true,1,
7290104061431,false,חומוס צנובר 400 גר,,,חומוס צנובר 400 גר,גרמים,400.00,100 גרם,false,1,10.90,2.73,true,1,
7290104061448,false,חומוס חריף 400 גרם,,,חומוס חריף 400 גרם,גרמים,400.00,100 גרם,false,1,10.90,2.73,true,1,
7290104065187,false,קפה נמס בטעם מוקה 200 גר,,,קפה נמס בטעם מוקה 20,גרמים,200.00,100 גרם,false,1,24.90,12.45,true,1,
7290104065934,false,עלי רוקט 150גר,,,עלי רוקט 150גר,גרמים,150.00,100 גרם,false,1,10.90,7.27,true,1,
7290104066566,false,טחינה 500 גרם,,,טחינה 500 גרם,גרמים,500.00,100 גרם,false,1,18.30,3.66,true,1,
7290104068539,false,מסטיק MUST LL  פליפטופ מלון ואבטיח  28 ג,,,מסטיק MUST LL  פליפט,Unknown,0.00,Unknown,false,1,4.60,4.60,true,1,
7290104068546,false,מסטיק מאסט פליפטופ קולה 28 גר,,,מסטיק מאסט פליפטופ ק,Unknown,0.00,Unknown,false,1,4.90,4.90,true,1,
7290104508189,false,גביעי גלידה ממותקים 24 יח,,,גביעי גלידה ממותקים,Unknown,0.00,Unknown,false,1,16.10,16.10,true,1,
7290104508943,false,במבה קלאסי 200 גרם,,,במבה קלאסי 200 גרם,גרמים,200.00,100 גרם,false,1,8.90,4.45,true,1,
7290104615238,false,צמחים,,,צמחים,Unknown,0.00,Unknown,false,1,30.00,30.00,true,1,
7290104615252,false,צמחים,,,צמחים,Unknown,0.00,Unknown,false,1,40.00,40.00,true,1,
7290104615276,false,צמחים,,,צמחים,Unknown,0.00,Unknown,false,1,65.00,65.00,true,1,
7290104615283,false,עציצים,,,עציצים,Unknown,0.00,Unknown,false,1,60.00,60.00,true,1,
7290104615344,false,צמחים,,,צמחים,Unknown,0.00,Unknown,false,1,50.00,50.00,true,1,
7290104615375,false,עציצים,,,עציצים,Unknown,0.00,Unknown,false,1,170.00,170.00,true,1,
7290104615412,false,צמחים,,,צמחים,Unknown,0.00,Unknown,false,1,13.00,13.00,true,1,
7290104615450,false,צמחים,,,צמחים,Unknown,0.00,Unknown,false,1,17.00,17.00,true,1,
7290104615498,false,צמחים,,,צמחים,Unknown,0.00,Unknown,false,1,21.00,21.00,true,1,
7290104615641,false,חבילת פרחים,,,חבילת פרחים,Unknown,0.00,Unknown,false,1,34.00,34.00,true,1,
7290104615849,false,צמחים,,,צמחים,Unknown,0.00,Unknown,false,1,45.00,45.00,true,1,
7290104615894,false,צמחים,,,צמחים,Unknown,0.00,Unknown,false,1,50.00,50.00,true,1,
7290104615948,false,צמחים,,,צמחים,Unknown,0.00,Unknown,false,1,55.00,55.00,true,1,
7290104618239,false,צמחים,,,צמחים,Unknown,0.00,Unknown,false,1,75.00,75.00,true,1,
7290104618260,false,צמחים,,,צמחים,Unknown,0.00,Unknown,false,1,90.00,90.00,true,1,
7290104618277,false,צמחים,,,צמחים,Unknown,0.00,Unknown,false,1,95.00,95.00,true,1,
7290104721762,false,מארז קפה טורקי עלית 3*85 גר,,,מארז קפה טורקי עלית,גרמים,255.00,100 גרם,false,1,19.90,7.80,true,1,
7290104721953,false,לקט מסולסלים 350 גר ירקות שטראוס,,,לקט מסולסלים 350 גר,גרמים,350.00,100 גרם,false,1,13.90,3.97,true,1,
7290104722530,false,תפוציפס שמנת בצל 200 גרם,,,תפוציפס שמנת בצל 200,גרמים,200.00,100 גרם,false,1,9.90,4.95,true,1,
7290104729003,false,"שמן זית כתית מעולה יד מרדכי 750 מ""ל",,IL,שמן זית כתית מעולה י,מיליליטרים,750.00,"100 מ""ל",false,1,29.90,3.99,true,1,
7290104963018,false,סופטקר מגבונים ללא בישום רביעייה,,,סופטקר מגבונים ללא ב,Unknown,0.00,Unknown,false,1,16.90,16.90,true,1,
7290105360328,false,קפסולות אספרסו חזק למכונות נספרסו 50 גר,,,קפסולות אספרסו חזק ל,Unknown,0.00,Unknown,false,1,16.50,16.50,true,1,
7290105360762,false,"שמן זית 1 עדין 750 מ""ל יד מרדכי",,,שמן זית 1 עדין 750 מ,מיליליטרים,750.00,"100 מ""ל",false,1,33.90,4.52,true,1,
7290105360878,false,מארז תפוציפס טבעי 50 גרם * 4,,,מארז תפוציפס טבעי 50,גרמים,200.00,100 גרם,false,1,10.50,5.25,true,1,
7290105363602,false,כיף כף מקלות קלאסי 40 גרם,,,כיף כף מקלות קלאסי 4,Unknown,0.00,Unknown,false,1,4.80,4.80,true,1,
7290105364289,false,כיף כף מקלות פצפוצים 40 גרם,,,כיף כף מקלות פצפוצים,Unknown,0.00,Unknown,false,1,4.80,4.80,true,1,
7290105364302,false,כיף כף מקלות אגוזים 42 גרם,,,כיף כף מקלות אגוזים,גרמים,42.00,100 גרם,false,1,4.80,11.43,true,1,
7290105364678,false,משקה אקטיביה  אפרסק 250 מל,,,משקה אקטיביה  אפרסק,מיליליטרים,250.00,"100 מ""ל",false,1,6.00,2.40,true,1,
7290105366047,false,טחינה לבנה  400 גר,,,טחינה לבנה  400 גר,גרמים,400.00,100 גרם,false,1,18.30,4.58,true,1,
7290105366993,false,סימפוניה פלפל שיפקה חריף 5% 200 גר,,,סימפוניה פלפל שיפקה,גרמים,200.00,100 גרם,false,1,11.00,5.50,true,1,
7290105369130,false,סימפוניה בצל ירוק 5% 200 גרם,,,סימפוניה בצל ירוק 3%,גרמים,200.00,100 גרם,false,1,11.00,5.50,true,1,
7290105430458,false,פלמוליב תחליב רחצה שקדים 750 מל,,,פלמוליב תחליב רחצה ש,מיליליטרים,750.00,"100 מ""ל",false,1,19.90,2.65,true,1,
7290105431516,false,מארז חטיפי תמרים ובוטנים 125 גרם FREE,,,מארז חטיפי תמרים ובו,גרמים,110.00,100 גרם,false,1,19.80,18.00,true,1,
7290105436382,false,חטיף מארז פרי אנרגיה תמרים עם קשיו 125,,,חטיף מארז פרי אנרגיה,גרמים,125.00,100 גרם,false,1,19.80,15.84,true,1,
7290105500151,false,"וודקה פינלנדיה 700 מ""ל",,,וודקה פינלנדיה 700 מ,מיליליטרים,700.00,"100 מ""ל",false,1,57.90,8.27,true,1,
7290105500885,false,מרטיני וורמוט  אדום 1 ליטר,,,מרטיני וורמוט  אדום,Unknown,0.00,Unknown,false,1,57.90,57.90,true,1,
7290105500953,false,"וויסקי גק דניאלס דבש 700 מ""ל",,,וויסקי גק דניאלס דבש,מיליליטרים,700.00,"100 מ""ל",false,1,109.90,15.70,true,1,
7290105691224,false,חטיפי פריכונים טורטיה שום ובצל 60 גרם,,,חטיפי פריכונים טורטי,גרמים,60.00,100 גרם,false,1,7.50,12.50,true,1,
7290105691934,false,קמח שמרים 1 קג,,,"קמח שמרים 1 ק""ג",גרמים,1000.00,100 גרם,false,1,9.90,0.99,true,1,
7290105693341,false,מארז במבה 25 גרם 10 יחי,,,מארז במבה 25 גרם 10,גרמים,250.00,100 גרם,false,1,14.90,5.96,true,1,
7290105694614,false,ספגטי מהיר הכנה 500 גרם אסם,,,ספגטי מהיר הכנה 500,גרמים,500.00,100 גרם,false,1,7.90,1.58,true,1,
7290105964564,false,חומוס אחלה 400 גר,,,חומוס אחלה 400 גר,גרמים,400.00,100 גרם,false,1,9.40,2.35,true,1,
7290105965738,false,"משקה בוקר תות בננה 267 מ""ל",,,משקה בוקר תות בננה 2,מיליליטרים,267.00,"100 מ""ל",false,1,5.00,1.87,true,1,
7290105966469,false,חומץ בלסמי יד מרדכי 250 מל,,,חומץ בלסמי יד מרדכי,מיליליטרים,250.00,"100 מ""ל",false,1,14.70,5.88,true,1,
7290105968098,false,קולסלאו 500 גר,,,קולסלאו 500 גר,גרמים,500.00,100 גרם,false,1,15.90,3.18,true,1,
7290105968777,false,פריכיות אנרגי תחתית שוקולד מריר 70 גרם,,,פריכיות אנרגי תחתית,גרמים,70.00,100 גרם,false,1,7.90,11.29,true,1,
7290106506961,false,תחב.רדיאנט וליו פק לונג פלוס אולוויז 20,,,תחב.רדיאנט וליו פק ל,Unknown,0.00,Unknown,false,1,37.90,37.90,true,1,
7290106520066,false,אצבעות וופל רבע לשבע  160 גר,,,אצבעות וופל רבע לשבע,גרמים,160.00,100 גרם,false,1,10.90,6.81,true,1,
7290106520905,false,סלט טורקי 400 גר,,,סלט טורקי 400 גר,גרמים,400.00,100 גרם,false,1,18.30,4.58,true,1,
7290106524439,false,תפוציפס פופס 60 גרם,,,תפוציפס פופס 60 גרם,גרמים,60.00,100 גרם,false,1,4.00,6.67,true,1,
7290106525320,false,שוקולית לאפייה 500 גרם,,,שוקולית לאפייה 500 ג,גרמים,500.00,100 גרם,false,1,15.60,3.12,true,1,
7290106525368,false,גלילי וופל רבע לשבע אין סייד אוט 125 גר,,IL,גלילי וופל רבע לשבע,גרמים,125.00,100 גרם,false,1,10.90,8.72,true,1,
7290106525399,false,קפסולות ברזיל 06 למכונות נספרסו 50 גר,,,קפסולות ברזיל 06 למכ,גרמים,50.00,100 גרם,false,1,16.50,33.00,true,1,
7290106525405,false,קפסולות  נטול למכונות נספרסו,,,קפסולות  נטול למכונו,Unknown,0.00,Unknown,false,1,16.50,16.50,true,1,
7290106526822,false,פריכיות אנרגי תחתית חלב 80 גרם,,,פריכיות אנרגי תחתית,גרמים,80.00,100 גרם,false,1,7.90,9.88,true,1,
7290106528567,false,חטיף דוריטוס גריל 185 גרם,,,חטיף דוריטוס גריל 18,גרמים,185.00,100 גרם,false,1,7.40,4.00,true,1,
7290106528628,false,חטיף דוריטוס טבעי 185 גרם,,,Dippas חטיף דוריטוס,גרמים,185.00,100 גרם,false,1,7.40,4.00,true,1,
7290106528949,false,לקט ערוגות,,,לקט ערוגות,Unknown,0.00,Unknown,false,1,12.90,12.90,true,1,
7290106572027,false,לחמית חמישה דגנים 190 גרם,,,לחמית חמישה דגנים 19,גרמים,190.00,100 גרם,false,1,10.40,5.47,true,1,
7290106572065,false,חטיפי פריכונים טורטיה חמוץ מתוק 60 גרם,,,חטיפי פריכונים טורטי,גרמים,60.00,100 גרם,false,1,7.50,12.50,true,1,
7290106572959,false,מארז אפרופו 25 גרם*5,,,מארז אפרופו 25 גרם*5,גרמים,125.00,100 גרם,false,1,14.60,11.68,true,1,
7290106574120,false,גומיגם 90 גר,",                    ,",,גומיגם 90 גר,גרמים,90.00,100 גרם,false,1,7.50,8.33,true,1,
7290106574953,false,בייגלה שטוחים שומשום 300 גרם,,,בייגלה שטוחים שומשום,גרמים,300.00,100 גרם,false,1,10.90,3.63,true,1,
7290106574977,false,בייגלה שטוחים עם מלח 300 גרם,,,בייגלה שטוחים עם מלח,גרמים,300.00,100 גרם,false,1,10.90,3.63,true,1,
7290106575332,false,פתיתים אפויים פלוס בורגול 400 גרם,,,פתיתים אפויים פלוס ב,גרמים,400.00,100 גרם,false,1,6.90,1.73,true,1,
7290106576513,false,חומוס חלק 400 גרם,,,חומוס חלק 400 גרם,גרמים,400.00,100 גרם,false,1,9.90,2.48,true,1,
7290106576537,false,חומוס מסעדה צבר 700 גר,,,חומוס מסעדה צבר 700,גרמים,700.00,100 גרם,false,1,10.90,1.56,true,1,
7290106576957,false,לה קרמריה שוקו וניל פליק פרווה כשל 1.4 ל,,,לה קרמריה שוקו וניל,ליטרים,0.00,ליטר,false,1,18.90,18.90,true,1,
7290106576971,false,"לה קרמריה שוקולד בלגי כשל""פ 1.4 ל",,,לה קרמריה שוקולד בלג,ליטרים,0.00,ליטר,false,1,18.90,18.90,true,1,
7290106577039,false,"לה קרמריה וניל שוקו פליק כשל""פ 1.4 ל",,,לה קרמריה וניל שוקו,ליטרים,0.00,ליטר,false,1,18.90,18.90,true,1,
7290106577541,false,סלט כרוב אדום 400 גר,,,סלט כרוב אדום 400 גר,גרמים,400.00,100 גרם,false,1,12.90,3.23,true,1,
7290106577572,false,סלט מטבוחה 400 גר,,,סלט מטבוחה 400 גר,גרמים,400.00,100 גרם,false,1,12.90,3.23,true,1,
7290106578692,false,ביסלי במבה גריל מיקס  80 גרם,,,ביסלי במבה גריל מיקס,גרמים,80.00,100 גרם,false,1,4.30,5.38,true,1,
7290106652996,false,כיף כף מקלות קוקוס 40 גרם,,,כיף כף מקלות קוקוס 4,Unknown,0.00,Unknown,false,1,4.80,4.80,true,1,
7290106653504,false,סבבה בוטנים אמריקאים ברביקיו 50 גרם,,,סבבה בוטנים אמריקאים,גרמים,50.00,100 גרם,false,1,3.10,6.20,true,1,
7290106653689,false,לקט לסלט אסייתי 350 גר,,,לקט לסלט אסייתי 350,גרמים,350.00,100 גרם,false,1,11.90,3.40,true,1,
7290106656727,false,חיוכים שוקו 600 גרם,,,חיוכים שוקו 600 גרם,גרמים,600.00,100 גרם,false,1,20.90,3.48,true,1,
7290106656734,false,חיוכים וניל 600 גרם,,,חיוכים וניל 600 גרם,גרמים,600.00,100 גרם,false,1,20.90,3.48,true,1,
7290106663121,false,עוגה אישית מילקי 34 גר CAKE,,,עוגה אישית מילקי 34,גרמים,34.00,100 גרם,false,1,3.20,9.41,true,1,
7290106663558,false,רוטב טריאקי יד מרדכי 320 גרם,,IL,רוטב טריאקי רימון 28,גרמים,320.00,100 גרם,false,1,14.60,4.56,true,1,
7290106666788,false,סוכריות נוסטלגיה דבש ממולאות 80 גרם,,PL,סוכריות נוסטלגיה דבש,גרמים,80.00,100 גרם,false,1,6.80,8.50,true,1,
7290106667266,false,חטיף דוריטוס חמוץ חריף 185 גרם,,,חטיף דוריטוס חמוץ חר,גרמים,185.00,100 גרם,false,1,7.40,4.00,true,1,
7290106668577,false,"מיץ לימון 250 מ""ל יד מרדכי",,,"מיץ לימון 250 מ""ל יד",מיליליטרים,250.00,"100 מ""ל",false,1,7.80,3.12,true,1,
7290106669857,false,קפסולות אספרסו בטעם וניל 50 גר,,,קפסולות אספרסו בטעם,גרמים,50.00,100 גרם,false,1,16.50,33.00,true,1,
7290106720626,false,ציטוס בטעם גבינה 80 גר,,,ציטוס בטעם גבינה 80,גרמים,80.00,100 גרם,false,1,4.50,5.63,true,1,
7290106721913,false,צנצנת מסטיקים ריח פה ציקלט 66 גרם,,,צנצנת מסטיקים ריח פה,Unknown,0.00,Unknown,false,1,9.90,9.90,true,1,
7290106723689,false,תרד בייבי  200 גר,,,תרד בייבי  200 גר,גרמים,200.00,100 גרם,false,1,10.90,5.45,true,1,
7290106727984,false,כיף כף גביע פצפצים 135 גרם,,,כיף כף גביע פצפצים 1,גרמים,135.00,100 גרם,false,1,11.80,8.74,true,1,
7290107280020,false,סנו סושי מטליות לחות לנ.כללי עבות שלישיה,,,סנו סושי מטליות לחות,Unknown,0.00,Unknown,false,1,16.90,16.90,true,1,
7290107280082,false,תבניות אלומיניום מוארכות לאפיה 7 יח,,,תבניות אלומיניום מוא,Unknown,0.00,Unknown,false,1,11.40,11.40,true,1,
7290107280341,false,מט.לחות לרצפה סנו רצפז פרש מלון מפנק 10,,IL,מט.לחות לרצפה סנו רצ,Unknown,0.00,Unknown,false,1,10.90,10.90,true,1,
7290107280716,false,מלח למדיח סנו בפארק 2 קג,,,מלח למדיח סנו ספארק,קילוגרמים,0.00,"ק""ג",false,1,14.60,14.60,true,1,
7290107280754,false,נוזל כלים סנו ספארק היפואלרגי 700 מל,,,נוזל כלים סנו ספארק,מיליליטרים,700.00,"100 מ""ל",false,1,10.40,1.49,true,1,
7290107645584,false,מרק עוף אמיתי רכיבים טבעיים 400 גרם,,,מרק עוף אמיתי רכיבים,גרמים,400.00,100 גרם,false,1,19.90,4.98,true,1,
7290107646062,false,קנור מרק בצל רכיבים טבעיים 400 גרם,,,קנור מרק בצל רכיבים,גרמים,400.00,100 גרם,false,1,24.90,6.23,true,1,
7290107646147,false,מאגדת שוגי קורנפלקס 6 יחידות 156 גרם,,,מאגדת שוגי קורנפלקס,גרמים,156.00,100 גרם,false,1,12.90,8.27,true,1,
7290107646154,false,מאגדת קוקומן פצפוצים 6 יחידות 126 גרם,,,מאגדת קוקומן פצפוצים,גרמים,126.00,100 גרם,false,1,12.90,10.24,true,1,
7290107646826,false,מאגדת פתיתי תירס שוקולד 6 יחידות 156 גרם,,,מאגדת פתיתי תירס שוק,גרמים,156.00,100 גרם,false,1,12.90,8.27,true,1,
7290107646895,false,קנור רוטב נפוליטנה 415 גרם,,,קנור רוטב נפוליטנה 4,גרמים,415.00,100 גרם,false,1,12.90,3.11,true,1,
7290107646918,false,קנור רוטב שקשוקה 415 גרם,,,קנור רוטב שקשוקה 415,גרמים,415.00,100 גרם,false,1,12.90,3.11,true,1,
7290107646963,false,ממרח ספייסי מיו תלמה 250 גרם,,,ממרח ספייסי מיו תלמה,גרמים,250.00,100 גרם,false,1,9.50,3.80,true,1,
7290107646970,false,ממרח איולי שום תלמה 250 גרם,,,ממרח איולי שום תלמה,גרמים,250.00,100 גרם,false,1,9.50,3.80,true,1,
7290107647656,false,קרחון קוקוס ואננס פרווה 290 גר,,,קרחון קוקוס ואננס פר,גרמים,290.00,100 גרם,false,1,28.50,9.83,true,1,
7290107647816,false,"דגני ברנפלקס ללא תוספת סוכר 500 גרם בד""צ",,,דגני ברנפלקס ללא תוס,גרמים,500.00,100 גרם,false,1,23.90,4.78,true,1,
7290107647823,false,"פינוקי בריאות ברנפלקס בד""צ 500 גרם",,,פינוקי בריאות ברנפלק,גרמים,500.00,100 גרם,false,1,20.90,4.18,true,1,
7290107647854,false,שוגי 20% פחות סוכר 500 גרם,,,שוגי 20% פחות סוכר 5,גרמים,500.00,100 גרם,false,1,24.90,4.98,true,1,
7290107648974,false,קנור רוטב עם בזיליקום לפסטה  415 גרם,,,קנור רוטב עם בזיליקו,גרמים,415.00,100 גרם,false,1,12.90,3.11,true,1,
7290107649100,false,בייגלה טבעות 300 גרם,,,בייגלה טבעות 300 גרם,גרמים,300.00,100 גרם,false,1,13.50,4.50,true,1,
7290107870047,false,אקסטרים טילון בראוניז מטבע ענק,,,אקסטרים טילון בראוני,גרמים,115.00,100 גרם,false,1,10.00,8.70,true,1,
7290107871297,false,פריכונים מיני עשבי תיבול 25 גרם אסם,,,פריכונים מיני עשבי ת,גרמים,25.00,100 גרם,false,1,4.90,19.60,true,1,
7290107874427,false,פריכונים מיני זעתר 25 גרם אסם,,,פריכונים מיני זעתר 2,גרמים,25.00,100 גרם,false,1,4.90,19.60,true,1,
7290107874502,false,ביסלי גריל קדמ. מארז אחיד 10 4*55 גרם,,,ביסלי גריל קדמ. מארז,גרמים,200.00,100 גרם,false,1,13.50,6.75,true,1,
7290107875400,false,לה קרמריה פיסטוק מוקה פרווה 1.4 ל,,,לה קרמריה פיסטוק מוק,ליטרים,0.00,ליטר,false,1,18.90,18.90,true,1,
7290107879521,false,מאגדת לה פרוטה תות 5 יח,,,מאגדת לה פרוטה תות 5,Unknown,0.00,Unknown,false,1,27.50,27.50,true,1,
7290107879569,false,מאגדת לה פרוטה מנגו 5 יח,,,מאגדת לה פרוטה מנגו,Unknown,0.00,Unknown,false,1,27.50,27.50,true,1,
7290107931397,false,כיף כף פצפוצים במילוי שוקולד 40 גרם,,,כיף כף פצפוצים במילו,Unknown,0.00,Unknown,false,1,6.20,6.20,true,1,
7290107932080,false,חלב מועשר יוטבתה בבקבוק 3% 1 ליטר,,,חלב מועשר יוטבתה בבק,מיליליטרים,1000.00,"100 מ""ל",false,1,7.70,0.77,true,1,
7290107933155,false,לקט סלנובה 200 גר,,,לקט סלנובה 200 גר,גרמים,200.00,100 גרם,false,1,13.90,6.95,true,1,
7290107936309,false,דנונה יווני לבן 5.8% 120 גר,,,דנונה יווני לבן 5.8%,גרמים,120.00,100 גרם,false,1,3.50,2.92,true,1,
7290107937634,false,צנצנת קוביות פפירמינט 58 גר מאסט,,,צנצנת קוביות פפירמינ,Unknown,0.00,Unknown,false,1,9.90,9.90,true,1,
7290107937641,false,צנצנת קוביות בזוקה 58 גר,,,צנצנת קוביות בזוקה 5,Unknown,0.00,Unknown,false,1,9.90,9.90,true,1,
7290107937856,false,קפסולות אספרסו 11 למכונות נספרסו 50 גר,,,קפסולות אספרסו 11 למ,Unknown,0.00,Unknown,false,1,16.50,16.50,true,1,
7290107938396,false,שמיניית אקטימל תות בנים 864 גר,,,שמיניית אקטימל תות 8,גרמים,864.00,100 גרם,false,1,20.90,2.42,true,1,
7290107939027,false,גזר דק דק 250 גרם,,,גזר דק דק 250 גרם,גרמים,250.00,100 גרם,false,1,7.90,3.16,true,1,
7290107940467,false,יוגורט אקטיביה 1.5% 200 גר,,,יוגורט אקטיביה 1.5%,גרמים,200.00,100 גרם,false,1,3.90,1.95,true,1,
7290107944472,false,סימפוניה שום שמיר 5% 200 גר,,,סימפוניה שום שמיר 5%,גרמים,200.00,100 גרם,false,1,11.00,5.50,true,1,
7290107945165,false,קונפיטורת  יד מרדכי משמש 340 גר,,,קונפיטורת  יד מרדכי,גרמים,340.00,100 גרם,false,1,15.60,4.59,true,1,
7290107951104,false,בפלות שוקולד 200 גרם,,,בפלות שוקולד 200 גרם,גרמים,200.00,100 גרם,false,1,5.90,2.95,true,1,
7290107951715,false,מאסט צנצנת קוביות ענבים 58 גרם,,,מאסט צנצנת קוביות ענ,Unknown,0.00,Unknown,false,1,9.90,9.90,true,1,
7290107956642,false,"תרסיס שמן זית יד מרדכי 150 מ""ל",,,תרסיס שמן זית יד מרד,מיליליטרים,150.00,"100 מ""ל",false,1,17.90,11.93,true,1,
7290107956932,false,קפסולות אספרסו אידונזיה למכונות 50 גר,,,קפסולות אספרסו אידונ,גרמים,50.00,100 גרם,false,1,16.50,33.00,true,1,
7290107957076,false,צנצנת עלמה בטעם ספירמינט 66 גר,,,צנצנת עלמה בטעם ספיר,Unknown,0.00,Unknown,false,1,9.90,9.90,true,1,
7290107957991,false,מילקי CAKE מינייס 144 גר,,IT,מילקי CAKE מינייס 14,גרמים,144.00,100 גרם,false,1,16.70,11.60,true,1,
7290107958035,false,מארז דנונה מתיקות מעודנת ללא סוכר 8יח 2%,,,"מארז דנונה ללת""ס",גרמים,1200.00,100 גרם,false,1,18.50,1.54,true,1,
7290107973014,false,פלמוליב סבון ידיים חלב ודבש 300 מל,,,פלמוליב סבון ידיים ח,מיליליטרים,300.00,"100 מ""ל",false,1,12.50,4.17,true,1,
7290107973038,false,פלמוליב סבון ידיים אקווריום 300 מל,,,פלמוליב סבון ידיים א,מיליליטרים,300.00,"100 מ""ל",false,1,12.50,4.17,true,1,
7290107973793,false,מנה עגבניות שלמות 400 גר מאסטר שף,,,מנה עגבניות שלמות 40,גרמים,400.00,100 גרם,false,1,7.20,1.80,true,1,
7290107974066,false,מנה עלי טורטיה קמח מלא מ.שף 20 סמ 320 גר,,,מנה עלי טורטיה קמח מ,גרמים,320.00,100 גרם,false,1,10.90,3.41,true,1,
7290107974080,false,מנה עלי טורטיה קמח לבן מ.שף 25 סמ 840 גר,,,מנה עלי טורטיה קמח ל,גרמים,840.00,100 גרם,false,1,17.90,2.13,true,1,
7290107974806,false,"מנה אורז בסמטי 1 ק""ג",,,"מנה אורז בסמטי 1 ק""ג",גרמים,1000.00,100 גרם,false,1,13.90,1.39,true,1,
7290107974820,false,מנה מאסטר שף ממרח מתובל ספייסי 248 גר,,,מנה מאסטר שף ממרח מת,גרמים,248.00,100 גרם,false,1,9.10,3.67,true,1,
7290107974837,false,מנה מאסטר שף ממרח מתובל שום 246 גר,,,מנה מאסטר שף ממרח מת,גרמים,246.00,100 גרם,false,1,9.10,3.70,true,1,
7290107975346,false,דאו גל כח הטבע אולנג ספיד סטיק 65 גר,,,דאו גל כח הטבע אולנג,גרמים,65.00,100 גרם,false,1,20.90,32.15,true,1,
7290107976848,false,סבון מוצק פלמוליב קמומיל 90 גר*4,,,סבון מוצק פלמוליב קמ,Unknown,0.00,Unknown,false,1,21.90,21.90,true,1,
7290107976916,false,"סבון ידיים חלב זיתים פלמוליב 300 מ""ל",,,סבון ידיים חלב זיתים,מיליליטרים,300.00,"100 מ""ל",false,1,12.50,4.17,true,1,
7290107977456,false,"גל רחצה ושמפו לגבר פלמוליב ספורט 750 מ""ל",,,גל רחצה ושמפו לגבר פ,מיליליטרים,750.00,"100 מ""ל",false,1,19.90,2.65,true,1,
7290107978330,false,מאסטר שף איטריות דקות 400 גר,,,מאסטר שף איטריות דקו,גרמים,400.00,100 גרם,false,1,6.20,1.55,true,1,
7290108070309,false,שקית בלונים פסטל מעו,,,שקית בלונים פסטל מעו,Unknown,0.00,Unknown,false,1,26.50,26.50,true,1,
7290108201802,false,"ספריי דטול לחיטוי בניחוח כביסה 400 מ""ל",,US,ספריי דטול לחיטוי בנ,מיליליטרים,400.00,"100 מ""ל",false,1,25.90,6.48,true,1,
7290108351668,false,מטליות לניקוי כללי,,,מטליות לניקוי כללי,Unknown,0.00,Unknown,false,1,12.50,12.50,true,1,
7290108352382,false,מגבונים לחים סנו 99.9% אישיות 20 יח,,IL,מגבונים לחים סנו 99.,יחידה,1.00,יחידה,false,1,11.90,11.90,true,1,
7290108352795,false,שקיות סנו סושי M זיפר 50 יח,,,שקיות סנו סושי M זיפ,Unknown,0.00,Unknown,false,1,14.60,14.60,true,1,
7290108353372,false,צמד מברשת שיניים 12000פחם סיבים אורביטול,,,צמד מברשת שיניים 120,יחידה,1.00,יחידה,false,1,31.90,31.90,true,1,
7290108353549,false,נייר אפייה סנו סושי 100 יח,,IL,נייר אפייה סנו סושי,Unknown,0.00,Unknown,false,1,21.90,21.90,true,1,
7290108353723,false,"קרמה תחליב רחצה חימר תה ירוק 500 מ""ל",,IL,קרמה תחליב רחצה חימר,Unknown,0.00,Unknown,false,1,12.90,12.90,true,1,
7290108354140,false,מגבוני דאודורנט קרליין נושם פיור ורוד20י,,IL,מגבוני דאודורנט קרלי,יחידה,1.00,יחידה,false,1,12.90,12.90,true,1,
7290108354621,false,כיף מסיכה לשיער לחות מוגברת אפרסק 500 מל,,IL,כיף מסיכה לשיער לחות,יחידה,1.00,יחידה,false,1,27.90,27.90,true,1,
7290108354713,false,"קרמה תחליב רחצה קלאסי 500 מ""ל",,,קרמה תחליב רחצה קלאס,Unknown,0.00,Unknown,false,1,12.90,12.90,true,1,
7290108355055,false,לחו.לשיער מקצועי גלייז נטורל פורמולה 400,,,לחו.לשיער מקצועי גלי,מיליליטרים,400.00,"100 מ""ל",false,1,32.40,8.10,true,1,
7290108356199,false,אל סבון כיף בניחוח אפרסק ופלפל שחור 1 ל,,IL,אל סבון כיף בניחוח א,ליטרים,0.00,ליטר,false,1,15.20,15.20,true,1,
7290108356229,false,"גל גילוח קרמה קרבון 200 מ""ל",,IL,גל גילוח קרמה קרבון,מיליליטרים,200.00,"100 מ""ל",false,1,13.50,6.75,true,1,
7290108356519,false,קרוליין 10 שמפו לשיער רגיל 700 מל,,IL,קרוליין 10 שמפו לשיע,יחידה,1.00,יחידה,false,1,12.90,12.90,true,1,
7290108356526,false,קרוליין 10 שמפו לשיער יבש 700 מל,,IL,קרוליין 10 שמפו לשיע,יחידה,1.00,יחידה,false,1,12.90,12.90,true,1,
7290108357196,false,"גט מתז לניקוי וחיטי בתוספת תה 750 מ""ל",,IL,גט מתז לניקוי וחיטי,מיליליטרים,750.00,"100 מ""ל",false,1,13.90,1.85,true,1,
7290108357202,false,סנוקליר לניקוי בניחוח בלו בלוסום 1 ליטר,,IL,סנוקליר לניקוי בניחו,ליטרים,0.00,ליטר,false,1,9.90,9.90,true,1,
7290108357264,false,מטהר אוויר סנו פרש אוטו אולטרה פרש 250מל,,IL,מטהר אוויר סנו פרש א,מיליליטרים,250.00,"100 מ""ל",false,1,14.90,5.96,true,1,
7290108357271,false,סנובון מוצק בניחוח כח החמצן שלישייה,,,סנובון מוצק בניחוח כ,מיליליטרים,0.00,"100 מ""ל",false,1,11.90,11.90,true,1,
7290108359046,false,שקיות אשפה חזקות במיוחד 30 יח,,IL,שקיות אשפה חזקות במי,Unknown,0.00,Unknown,false,1,28.50,28.50,true,1,
7290108359060,false,סנו סושי כריות הפלא רב תכלתיות *4 לשבת,,,סנו סושי כריות הפלא,Unknown,0.00,Unknown,false,1,13.50,13.50,true,1,
7290108359077,false,ממחטות אף סופט לושן 3 שכבות,,IL,ממחטות אף סופט לושן,יחידה,1.00,יחידה,false,1,14.60,14.60,true,1,
7290108359169,false,"תבניות עגולות 28 ס""מ",,IL,"תבניות עגולות 28 ס""מ",Unknown,0.00,Unknown,false,1,11.90,11.90,true,1,
7290108359985,false,סנו זאוול מרסס פריחה לבנה 1 ליטר,,,סנו זאוול מרסס פריחה,מיליליטרים,1000.00,"100 מ""ל",false,1,18.90,1.89,true,1,
7290108500677,false,כבד דג שיבוט בשמן הדג 115 גרם,,,כבד דג שיבוט בשמן הד,גרמים,115.00,100 גרם,false,1,11.40,9.91,true,1,
7290108502329,false,רביעית טונה בשמן זית וילי פוד 4*160 גר,,TH,רביעית טונה בשמן זית,גרמים,640.00,100 גרם,false,1,28.50,4.45,true,1,
7290108503043,false,מארז תפוחונים 4 * 22 גר,,CN,מארז תפוחונים 4 * 22,גרמים,88.00,100 גרם,false,0,14.90,16.93,true,1,
7290108506549,false,גלילי וופל עם קרם וניל פינוקים 400 גר,,GR,גלילי וופל עם קרם ונ,גרמים,400.00,100 גרם,false,1,16.90,4.23,true,1,
7290108507058,false,ביסקויט פריך בשוקולד חלב 100 גרם,,TR,ביסקויט פריך בשוקולד,גרמים,100.00,100 גרם,false,1,6.90,6.90,true,1,
7290108508765,false,קונכיות פתיתים 400גרם,,TR,קונכיות פתיתים 400גר,גרמים,400.00,100 גרם,false,1,6.90,1.73,true,1,
7290108509205,false,חטיף אורז אפוי טבעי לתינוקות 50 גרם,,TH,חטיף אורז אפוי טבעי,גרמים,50.00,100 גרם,false,1,12.90,25.80,true,1,
7290108509410,false,חלבה טורקית עם קקאו 350גרם,,,חלבה טורקית עם קקאו,גרמים,350.00,100 גרם,false,1,11.90,3.40,true,1,
7290108509960,false,נתחי טונה בהירה בשמן זית 3*80 גרם,,,נתחי טונה בהירה בשמן,גרמים,240.00,100 גרם,false,1,14.90,6.21,true,1,
7290109351025,false,מלך חומוס חומוסטחינה צבר 400 גר,,,מלך חומוס חומוסטחינה,גרמים,400.00,100 גרם,false,1,16.70,4.18,true,1,
7290109354057,false,מאגדת לה פרוטה תפוז אננס 5 יח,,,מאגדת לה פרוטה תפוז,Unknown,0.00,Unknown,false,1,27.50,27.50,true,1,
7290109580036,false,"שניצל תירס 1.25 ק""ג זוגלובק",,,"שניצל תירס 1.25 ק""ג",גרמים,1250.00,100 גרם,false,1,37.90,3.03,true,1,
7290109580241,false,נאגטס מן הצומח זוגלובק 500 גרם,,,נאגטס מן הצומח זוגלו,גרמים,500.00,100 גרם,false,1,29.90,5.98,true,1,
7290109640198,false,מגורדת לפיצה ואפיה 20% שומן משומשו 200 ג,,IL,מגורדת לפיצה ואפיה 2,גרמים,200.00,100 גרם,false,1,19.90,9.95,true,1,
7290109640372,false,ממרח זיתים בסיס רכיבי קוקוס 200 גר,,IL,ממרח זיתים בסיס רכיב,גרמים,200.00,100 גרם,false,1,17.90,8.95,true,1,
7290109640402,false,ממרח טבעי 9% בסיס רכיבי קוקוס 200 גר,,IL,ממרח טבעי 9% בסיס רכ,גרמים,200.00,100 גרם,false,1,17.90,8.95,true,1,
7290109920580,false,"מרסס עם אקונומיקה אסטוניש 750 מ""ל",,,מרסס עם אקונומיקה אס,מיליליטרים,750.00,"100 מ""ל",false,1,19.80,2.64,true,1,
7290109920665,false,מרסס מסיר אוכל שרוף במטבח אסטוניש 750 מל,,,מרסס מסיר אוכל שרוף,מיליליטרים,750.00,"100 מ""ל",false,1,19.80,2.64,true,1,
7290109920740,false,מרכך כביסה מרוכז לבנדר הפי 1 ליטר,,,מרכך כביסה מרוכז לבנ,מיליליטרים,1000.00,"100 מ""ל",false,1,14.90,1.49,true,1,
7290109920757,false,מרכך כביסה מרוכז ורדים הפי 1 ליטר,,,מרכך כביסה מרוכז ורד,מיליליטרים,1000.00,"100 מ""ל",false,1,14.90,1.49,true,1,
7290109920870,false,גל כביסה הפי מיוחד לכביסה שחורה וכהה,,,גל כביסה הפי מיוחד ל,מיליליטרים,1000.00,"100 מ""ל",false,1,15.30,1.53,true,1,
7290109920887,false,גל כביסה הפי מיוחד לכביסה ביד צמר ומשי,,,גל כביסה הפי מיוחד ל,מיליליטרים,1000.00,"100 מ""ל",false,1,15.30,1.53,true,1,
7290109921334,false,דפי כביסה אידיאל 15 יח,,ES,דפי כביסה אידיאל 15,Unknown,0.00,Unknown,false,1,18.80,18.80,true,1,
7290109921853,false,משחה לניקוי עם עוצמה אסטוניש 150 גרם,,GB,משחה לניקוי עם עוצמה,גרמים,150.00,100 גרם,false,1,18.50,12.33,true,1,
7290109921952,false,גל כביסה  סופר אקלור ירוק 2.5 ליטר,,,גל כביסה  סופר אקלור,ליטרים,0.00,ליטר,false,1,24.90,24.90,true,1,
7290109922843,false,אקונומיקה נוסחה עוצמתית 2 ליטר,,,אקונומיקה נוסחה עוצמ,יחידה,1.00,יחידה,false,1,11.90,11.90,true,1,
7290109922881,false,דורגול מרסס מרוכז למ,,IL,דורגול מרסס מרוכז למ,Unknown,1.00,Unknown,false,1,24.90,24.90,true,1,
7290109922911,false,דזיטול חיטוי נעליים מפטריות חיידקים,,,דזיטול חיטוי נעליים,Unknown,0.00,Unknown,false,1,19.90,19.90,true,1,
7290109923024,false,"אסטוניש מרסס פרמיום ארומטיק למטבח 750מ""ל",,,אסטוניש מרסס פרמיום,יחידה,1.00,יחידה,false,1,15.90,15.90,true,1,
7290109923130,false,מדליק פחמים הפי קוביות,,,מדליק פחמים הפי קובי,Unknown,0.00,Unknown,false,1,14.60,14.60,true,1,
7290109923147,false,אסטוניש מהדורה פרימי,,IL,אסטוניש מהדורה פרימי,Unknown,1.00,Unknown,false,1,14.90,14.90,true,1,
7290110110369,false,שישיית בירה קרלסברג LUMA בקבוק 330 מל,,IL,שישיית בירה קרלסברג,מיליליטרים,1980.00,"100 מ""ל",false,1,34.90,1.76,true,1,
7290110110703,false,"מארז ספרייט חדש 6*330 מ""ל Fridge- pack",,,מארז ספרייט חדש 6*33,ליטרים,0.00,ליטר,false,1,22.90,22.90,true,1,
7290110111809,false,"פאנטה אוגנל סליק 330 מ""ל שישייה",,,שישיית פאנטה אורנג,ליטרים,0.00,ליטר,false,1,22.90,22.90,true,1,
7290110113476,false,"שישיית בירה קרלסברג 0.0 בק 330 מ""ל",,IL,שישיית בירה קרלסברג,מיליליטרים,1980.00,"100 מ""ל",false,1,30.90,1.56,true,1,
7290110114855,false,שישיית מים נביעות,,IL,שישיית מים נביעות,ליטרים,0.01,ליטר,false,1,12.70,1270.00,true,1,
7290110114893,false,פריגת סחוט טרי תפוז 2 ליטר,,,פריגת סחוט טרי תפוז,ליטרים,0.00,ליטר,false,1,23.90,23.90,true,1,
7290110114961,false,פריגת תפוזים 1.5 ליט,,IL,פריגת תפוזים 1.5 ליט,ליטרים,0.00,ליטר,false,1,8.90,8.90,true,1,
7290110114985,false,פריגת אשכוליות 1.5 ל,,IL,פריגת אשכוליות 1.5 ל,ליטרים,0.00,ליטר,false,1,8.90,8.90,true,1,
7290110114992,false,פריגת דיאט אשכוליות,,IL,פריגת דיאט אשכוליות,ליטרים,0.00,ליטר,false,1,8.50,8.50,true,1,
7290110115005,false,פריגת ענבים 1.5 ליטר,,IL,פריגת ענבים 1.5 ליטר,ליטרים,0.00,ליטר,false,1,8.90,8.90,true,1,
7290110115036,false,פריגת מנגו 1.5 ליטר,,IL,פריגת מנגו 1.5 ליטר,ליטרים,0.00,ליטר,false,1,8.90,8.90,true,1,
7290110115043,false,פריגת לימונענע 1.5 ל,,IL,פריגת לימונענע 1.5 ל,ליטרים,0.00,ליטר,false,1,8.90,8.90,true,1,
7290110115050,false,פריגת מיקס תות בננה,,IL,פריגת מיקס תות בננה,ליטרים,0.00,ליטר,false,1,8.90,8.90,true,1,
7290110115081,false,פריגת צלול ענבים 1.5 ליטר,,IL,פריגת צלול ענבים 1.5,ליטרים,0.00,ליטר,false,1,8.70,8.70,true,1,
7290110115104,false,פריגת צלול אפרסק 1.5,,IL,פריגת צלול אפרסק 1.5,ליטרים,0.00,ליטר,false,1,8.70,8.70,true,1,
7290110115128,false,פריגת צלול לימונענע,,IL,פריגת צלול לימונענע,ליטרים,0.00,ליטר,false,1,8.70,8.70,true,1,
7290110115210,false,קוקה קולה דיאט 1.5 ל,,IL,קוקה קולה דיאט 1.5 ל,ליטרים,0.00,ליטר,false,1,8.50,8.50,true,1,
7290110115234,false,קולה ZERO נטול 1.5 ל,,IL,קולה ZERO נטול 1.5 ל,ליטרים,0.00,ליטר,false,1,8.50,8.50,true,1,
7290110115241,false,קולה ZERO לימון 1.5,,IL,קולה ZERO לימון 1.5,ליטרים,0.00,ליטר,false,1,8.50,8.50,true,1,
7290110115265,false,ספרייט לימון- ליים 1,,IL,ספרייט לימון- ליים 1,ליטרים,0.00,ליטר,false,1,8.90,8.90,true,1,
7290110115289,false,ספרייט לימון- נענע 1,,IL,ספרייט לימון- נענע 1,ליטרים,0.00,ליטר,false,1,8.90,8.90,true,1,
7290110115296,false,פאנטה אורנג 1.5 ליטר,,IL,פאנטה אורנג 1.5 ליטר,ליטרים,0.00,ליטר,false,1,8.90,8.90,true,1,
7290110115302,false,פאנטה ZERO אורנג 1.5,,IL,פאנטה ZERO אורנג 1.5,ליטרים,0.00,ליטר,false,1,8.90,8.90,true,1,
7290110115319,false,פאנטה אקזוטיק 1.5 לי,,IL,פאנטה אקזוטיק 1.5 לי,ליטרים,0.00,ליטר,false,1,8.90,8.90,true,1,
7290110115333,false,פאנטה תות 1.5 ליטר,,IL,פאנטה תות 1.5 ליטר,ליטרים,0.00,ליטר,false,1,8.90,8.90,true,1,
7290110115340,false,פאנטה ענבים 1.5 ליטר,,IL,פאנטה ענבים 1.5 ליטר,ליטרים,0.00,ליטר,false,1,8.90,8.90,true,1,
7290110115364,false,קוקה קולה שישייה 1.5,,IL,קוקה קולה שישייה 1.5,ליטרים,0.01,ליטר,false,1,49.90,4990.00,true,1,
7290110115395,false,ספרייט ZERO שישייה 1,,IL,ספרייט ZERO שישייה 1,ליטרים,0.01,ליטר,false,1,43.90,4390.00,true,1,
7290110115401,false,קינלי סודה  שישייה 1,,IL,קינלי סודה  שישייה 1,ליטרים,0.01,ליטר,false,1,15.70,1570.00,true,1,
7290110115418,false,קוקה קולה דיאט ZERO,,IL,קוקה קולה דיאט ZERO,ליטרים,0.01,ליטר,false,1,46.90,4690.00,true,1,
7290110115425,false,תה פיוז לימון-נענע 1,,IL,תה פיוז לימון-נענע 1,ליטרים,0.00,ליטר,false,1,8.90,8.90,true,1,
7290110115463,false,תה פיוז אפרסק 1.5 לי,,IL,תה פיוז אפרסק 1.5 לי,ליטרים,0.00,ליטר,false,1,9.00,9.00,true,1,
7290110115494,false,תה פיוז ענבים 1.5 לי,,IL,תה פיוז ענבים 1.5 לי,ליטרים,0.00,ליטר,false,1,9.00,9.00,true,1,
7290110115593,false,פריגת אשכוליות 19 קל,,IL,פריגת אשכוליות 19 קל,ליטרים,0.00,ליטר,false,1,8.70,8.70,true,1,
7290110115623,false,פיוז טי זירו אפרסק 1.5 ליטר,,IL,פיוז טי זירו אפרסק 1,ליטרים,0.00,ליטר,false,1,8.90,8.90,true,1,
7290110115777,false,נביעות 1.5 ליטר,,,נביעות 1.5 ליטר,ליטרים,0.00,ליטר,false,1,3.90,3.90,true,1,
7290110115821,false,ספרייט לימון- ליים 1.5 ליטר,,,ספרייט לימון- ליים 1,ליטרים,0.00,ליטר,false,1,8.90,8.90,true,1,
7290110115838,false,ספרייט לימון- ליים 1.5 ליטר,,IL,ספרייט זירו לימון- ל,ליטרים,0.00,ליטר,false,1,8.90,8.90,true,1,
7290110115845,false,קוקה קולה 1.5 ליטר,,,קוקה קולה 1.5 ליטר,ליטרים,0.00,ליטר,false,1,8.50,8.50,true,1,
7290110115852,false,קוקה קולה דיאט 1.5 ליטר,,,קוקה קולה דיאט 1.5 ל,ליטרים,0.00,ליטר,false,1,8.50,8.50,true,1,
7290110115869,false,קוקה קולה  1.5 ליטר ZERO,,IL,קוקה קולה  1.5 ליטר,ליטרים,0.00,ליטר,false,1,8.50,8.50,true,1,
7290110115876,false,קינלי סודה 1.5 ליטר,,,קינלי סודה 1.5 ליטר,ליטרים,0.00,ליטר,false,1,3.10,3.10,true,1,
7290110116064,false,פאנטה זירו פירות ירוק 1.5 ליטר,,IL,פאנטה זירו פירות ירו,ליטרים,0.00,ליטר,false,1,8.90,8.90,true,1,
7290110116217,false,נביעות+ סדרת 0 קלוריות אשכוליות 1.5 ליטר,,,נביעות+ סדרת 0 קלורי,ליטרים,0.00,ליטר,false,1,7.90,7.90,true,1,
7290110116224,false,נביעות+ סדרת 0 קלוריות אשכוליות 0.5  לי,,,נביעות+ סדרת 0 קלורי,מיליליטרים,500.00,"100 מ""ל",false,1,5.50,1.10,true,1,
7290110116385,false,"סליק סטפאני זירו 330 מ""ל",,,סליק סטפאני זירו 330,מיליליטרים,330.00,"100 מ""ל",false,1,5.40,1.64,true,1,
7290110116552,false,ספרייט למון היט 1.5 ליטר,,IL,ספרייט למון היט 1.5,ליטרים,0.00,ליטר,false,1,8.90,8.90,true,1,
7290110116569,false,ספרייט ZERO בקבוק 1.5 ליטר,,IL,ספרייט ZERO בקבוק 1.,ליטרים,0.00,ליטר,false,1,8.90,8.90,true,1,
7290110116576,false,"ספרייט זירו למון היט 500 מ""ל",,,ספרייט זירו למון היט,מיליליטרים,500.00,"100 מ""ל",false,1,7.50,1.50,true,1,
7290110320850,false,פתיתי עמק 200 גר,,,פתיתי עמק 200 גר,גרמים,200.00,100 גרם,false,1,15.20,7.60,true,1,
7290110320867,false,פתיתי עמק למאפים 28% 500 גר,,,פתיתי עמק למאפים 28%,גרמים,500.00,100 גרם,false,1,34.90,6.98,true,1,
7290110320935,false,פרוסות מוצרלה 150 גר,,,פרוסות מוצרלה 150 גר,גרמים,150.00,100 גרם,false,1,15.90,10.60,true,1,
7290110321680,false,יופלה תות 200 מל GO,,,יופלה גו תות חלבון,מיליליטרים,200.00,"100 מ""ל",false,1,5.70,2.85,true,1,
7290110321697,false,יופלה אפרסק 200 מל GO,,,יופלה אפרסק GO,מיליליטרים,200.00,"100 מ""ל",false,1,5.70,2.85,true,1,
7290110321703,false,יופלה GO פירות יער 200 מל,,,יופלה GO פירות יער 2,מיליליטרים,200.00,"100 מ""ל",false,1,5.70,2.85,true,1,
7290110322014,false,טופו טבעי 300 גר,,,טופו טבעי 300 גר,גרמים,300.00,100 גרם,false,1,12.50,4.17,true,1,
7290110322021,false,טופו בזיליקום 300 גר,,,טופו בזיליקום 300 גר,גרמים,300.00,100 גרם,false,1,12.50,4.17,true,1,
7290110322038,false,טופו פיקנטי 300 גר,,,טופו פיקנטי 300 גר,גרמים,300.00,100 גרם,false,1,12.50,4.17,true,1,
7290110323073,false,משקה יוגורט מועשר בחלבון תות פטל 1% 250מ,,IL,משקה יוגורט מועשר בח,מיליליטרים,250.00,"100 מ""ל",false,1,6.30,2.52,true,1,
7290110323585,false,יוגורט עם דובדבן מופחת שומן 200 מל GO,,IL,יוגורט עם דובדבן מופ,מיליליטרים,200.00,"100 מ""ל",false,1,5.70,2.85,true,1,
7290110323592,false,יוגורט עם אפרסק מופחת שומן 200 מל GO,,IL,יוגורט עם אפרסק מופח,מיליליטרים,200.00,"100 מ""ל",false,1,5.70,2.85,true,1,
7290110323714,false,משקה קוקוס שקדים 1 ליטר,,IL,משקה קוקוס שקדים 1 ל,מיליליטרים,1000.00,"100 מ""ל",false,1,12.90,1.29,true,1,
7290110324353,false,יופלה אננס לייט 200 מל GO,,IL,יופלה גו אננס לייט,מיליליטרים,200.00,"100 מ""ל",false,1,5.70,2.85,true,1,
7290110324551,false,יופלה טיוב במרקם חלק תות 348 גר,,IL,יופלה טיוב במרקם חלק,גרמים,348.00,100 גרם,false,1,14.60,4.20,true,1,
7290110324711,false,ממרח סויה טבעי 9% 250 גר,,IL,ממרח סויה טבעי 9% 25,גרמים,250.00,100 גרם,false,1,10.40,4.16,true,1,
7290110324841,false,מעדן שקדים עם שוקולד מריר 125 גרם,,IL,מעדן שקדים עם שוקולד,גרמים,125.00,100 גרם,false,1,5.00,4.00,true,1,
7290110324858,false,מעדן שקדים בטעם אגוזי לוז 125 גרם,,IL,מעדן שקדים בטעם אגוז,גרמים,125.00,100 גרם,false,1,5.00,4.00,true,1,
7290110324872,false,גלבוע 5% 200 גרם,,,גלבוע 5% 200 גרם,גרמים,200.00,100 גרם,false,1,17.90,8.95,true,1,
7290110324926,false,משקה סויה ללא תוספת סוכר 1 ליטר,,,משקה סויה ללא תוספת,מיליליטרים,1000.00,"100 מ""ל",false,1,10.90,1.09,true,1,
7290110325114,false,משקה יוגורט גו לייט תות בננה 250 מל,,IL,משקה יוגורט גו לייט,מיליליטרים,250.00,"100 מ""ל",false,1,5.90,2.36,true,1,
7290110325305,false,מעדן סויה גו 20 גר חלבון במתיקות  מעודנת,,IL,מעדן סויה גו 200 גרם,גרמים,200.00,100 גרם,false,1,5.70,2.85,true,1,
7290110325312,false,מעדן סויה גו 20 גר חלבון תות 200 גר,,IL,מעדן סויה גו 20 גר ח,גרמים,200.00,100 גרם,false,1,5.70,2.85,true,1,
7290110325619,false,מאגדת זוג משקה שקדים 2*1 ליטר,,IL,משקה שיבולת שועל 1 ל,ליטרים,0.00,ליטר,false,1,12.90,12.90,true,1,
7290110325701,false,גבינת פיראוס יווני 9% שומן על בסיס יוגור,,,גבינת פיראוס יווני 9,גרמים,250.00,100 גרם,false,1,13.50,5.40,true,1,
7290110325893,false,"אייס קפה  GO 340 מ""ל",,IL,"אייס קפה GO 340 מ""ל",גרמים,340.00,100 גרם,false,1,8.50,2.50,true,1,
7290110326210,false,יופלה און טופ פצפוצים 157 גרם,,,יופלה און טופ פצפוצי,גרמים,157.00,100 גרם,false,1,5.50,3.50,true,1,
7290110326227,false,יופלה און טופ קורנפלקס 157 גרם,,,יופלה און טופ קורנפל,גרמים,157.00,100 גרם,false,1,5.50,3.50,true,1,
7290110326234,false,יופלה און טופ פצפוצים 157 גרם,,,יופלה און טופ כוכבים,גרמים,157.00,100 גרם,false,1,5.50,3.50,true,1,
7290110326241,false,ייופלה און טופ גרנולה 157 גרם,,,יופלה און טופ גרנולה,גרמים,157.00,100 גרם,false,1,5.50,3.50,true,1,
7290110326333,false,גבינה סקנדינבית פרוסות 170 גרם,,IL,גבינה סקנדינבית פרוס,גרמים,170.00,100 גרם,false,0,19.90,11.71,true,1,
7290110327033,false,משקה סויה גו מועשר מתיקות מופחתת 1 ליטר,,,משקה סויה גו מועשר מ,מיליליטרים,1000.00,"100 מ""ל",false,1,12.90,1.29,true,1,
7290110327514,false,משקה שיבולת שועל בטעם אגוזי לוז 1 ליטר,,,משקה שיבולת שועל בטע,מיליליטרים,1000.00,"100 מ""ל",false,1,12.90,1.29,true,1,
7290110327545,false,יופלה און טופ תות עם פצפוצי שוקולד 157 ג,,,יופלה און טופ תות עם,גרמים,157.00,100 גרם,false,1,5.20,3.31,true,1,
7290110327798,false,GO חטיף חלבון בטעם שוקולד 60 גרם,,US,GO חטיף חלבון בטעם ש,גרמים,60.00,100 גרם,false,1,11.90,19.83,true,1,
7290110327804,false,GO חטיף חלבון בטעם בצק עוגיות 60 גרם,,US,GO חטיף חלבון בטעם ב,גרמים,60.00,100 גרם,false,1,11.90,19.83,true,1,
7290110327828,false,GGO חטיף חלבון בטעם חמאת בוטנים 60 גרם,,US,GO חטיף חלבון בטעם ח,גרמים,60.00,100 גרם,false,1,11.90,19.83,true,1,
7290110328610,false,משקה אורז ושקדים בריסטה alternative 1 לי,,,משקה אורז ושקדים ברי,ליטרים,1.00,ליטר,false,1,12.90,12.90,true,1,
7290110328627,false,יוגורט סמיך בננה קרמל 0% 200 מל GO,,,יוגורט גו סמיך בננה,מיליליטרים,200.00,"100 מ""ל",false,1,5.90,2.95,true,1,
7290110328764,false,יוגורט סמיך תות 0% 200 מל GO,,,יוגורט גו סמיך תות,מיליליטרים,200.00,"100 מ""ל",false,1,5.70,2.85,true,1,
7290110328771,false,יוגורט סמיך פירות יער 0% 200 מל GO,,,יוגורט גו סמיך פירות,מיליליטרים,200.00,"100 מ""ל",false,1,5.90,2.95,true,1,
7290110328788,false,יוגורט סמיך אפרסק 0% 200 מל GO,,,יוגורט גו סמיך אפרסק,מיליליטרים,200.00,"100 מ""ל",false,1,5.90,2.95,true,1,
7290110329136,false,מעדן חלב go בטעם שוקולד 12 ג חלבון 120 ג,,,מעדן חלב go בטעם שוק,גרמים,120.00,100 גרם,false,1,5.10,4.25,true,1,
7290110329143,false,מעדן חלב go בטעם וניל 12 ג חלבון 120 גרם,,,מעדן חלב go בטעם וני,גרמים,120.00,100 גרם,false,1,5.10,4.25,true,1,
7290110329303,false,פרוסות בטעם צהובה קלאסית אלטרנטיב 200 גר,,,פרוסות בטעם צהובה קל,גרמים,200.00,100 גרם,false,1,23.90,11.95,true,1,
7290110329686,false,"משקה חלב גו בטעם עוגיות 340 מ""ל",,,משקה חלב גו בטעם עוג,מיליליטרים,340.00,"100 מ""ל",false,1,8.50,2.50,true,1,
7290110329792,false,סויה BIO אפרסק גביע Alternative 150 גרם,,IL,סויה BIO אפרסק גביע,גרמים,150.00,100 גרם,false,1,4.80,3.20,true,1,
7290110329808,false,סויה BIO תות גביע 150 גרם Alternative,,IL,סויה BIO תות גביע 15,גרמים,150.00,100 גרם,false,1,4.80,3.20,true,1,
7290110329815,false,מעדן סויה ביו מתיקות מעודנת alternative,,IL,מעדן סויה ביו מתיקות,גרמים,150.00,100 גרם,false,1,4.80,3.20,true,1,
7290110329822,false,מעדן סויה ביו פירות יער alternative 150,,IL,מעדן סויה ביו פירות,גרמים,150.00,100 גרם,false,1,4.80,3.20,true,1,
7290110329846,false,סויה BIO טבעי גביע Alternative 150 גרם,,IL,סויה BIO טבעי גביע A,גרמים,150.00,100 גרם,false,1,4.80,3.20,true,1,
7290110550202,false,מטבעות שוקולד חלב לאפיה  400 גר,,IT,מטבעות שוקולד חלב לא,גרמים,400.00,100 גרם,false,1,33.90,8.48,true,1,
7290110550226,false,מטבעות שוקולד מריר לאפיה  400 גר,,IT,מטבעות שוקולד מריר ל,גרמים,400.00,100 גרם,false,1,33.90,8.48,true,1,
7290110550363,false,משולשות קינואה ומלח ים 65 גרם,,IL,משולשות קינואה ומלח,גרמים,65.00,100 גרם,false,1,12.10,18.62,true,1,
7290110550370,false,משולשות קינואה ופלפל שחור 65  גר,,,משולשות קינואה ופלפל,גרמים,65.00,100 גרם,false,1,12.10,18.62,true,1,
7290110553098,false,אנרגי מיקס צימוקים אגוזים וש. חלב 100 גר,,,אנרגי מיקס צימוקים א,גרמים,100.00,100 גרם,false,1,18.90,18.90,true,1,
7290110553425,false,קפה נמס 200+20  2022,,,קפה נמס 200+20  2022,גרמים,220.00,100 גרם,false,1,19.90,9.05,true,1,
7290110553623,false,ציטוס קראנץ צדר חלפיניו 80 גר,,IL,ציטוס קראנץ צדר חלפי,גרמים,80.00,100 גרם,false,1,4.50,5.63,true,1,
7290110554422,false,רוטב עגבניות ופלפלים לשקשוקה 350 גרם,,IT,רוטב עגבניות ופלפלים,גרמים,350.00,100 גרם,false,1,13.50,3.86,true,1,
7290110554699,false,"קפסולות שת""פ קפה עולה נספרסו 50 גר",,,"קפסולות שת""פ קפה עול",גרמים,50.00,100 גרם,false,1,19.90,39.80,true,1,
7290110554705,false,"קפסולות שת""פ קפה יוניקו  נספרסו 50 גר",,,"קפסולות שת""פ קפה יונ",גרמים,50.00,100 גרם,false,1,19.90,39.80,true,1,
7290110554712,false,"קפסולות שת""פ קפה נחת  נספרסו 50 גר",,,"קפסולות שת""פ קפה נחת",גרמים,50.00,100 גרם,false,1,19.90,39.80,true,1,
7290110554729,false,קפסולות אספרסו  04 למכונות נספרסו 50 גר,,,קפסולות אספרסו  04 ל,גרמים,50.00,100 גרם,false,1,16.50,33.00,true,1,
7290110556242,false,שוקולד מריר פרווה  חדש 100 גרם,,,שוקולד מריר פרווה  ח,גרמים,100.00,100 גרם,false,1,5.50,5.50,true,1,
7290110557102,false,מעדן חלב עם שוקולד מועשר בחלבון 150 גרם,,IL,מעדן חלב עם שוקולד,גרמים,150.00,100 גרם,false,1,5.50,3.67,true,1,
7290110557133,false,מעדן הגולן וניל 125 גרם,,IL,מעדן הגולן וניל 125,גרמים,125.00,100 גרם,false,1,3.30,2.64,true,1,
7290110558314,false,דנונה פרו פיסטוק 20 ג ללא סוכר 200 ג,,,דנונה פרו פיסטוק 20,גרמים,200.00,100 גרם,false,1,5.90,2.95,true,1,
7290110558666,false,דניאלה בטעם תפוח 88 גרם,,,דניאלה בטעם תפוח 88,גרמים,88.00,100 גרם,false,1,4.10,4.66,true,1,
7290110559014,false,שעועית שחורה 380 גר שטראוס טעם הטבע,,,שעועית שחורה 380 גר,גרמים,380.00,100 גרם,false,1,7.30,1.92,true,1,
7290110560300,false,פריכיות משולשות אנרגי פלפל שחור 30 גר,,IL,פריכיות משולשות אנרג,גרמים,30.00,100 גרם,false,1,5.00,16.67,true,1,
7290110560324,false,פריכיות משולשות אנרגי אפונה ירוקה 30 גר,,IL,פריכיות משולשות אנרג,גרמים,30.00,100 גרם,false,1,5.00,16.67,true,1,
7290110563431,false,משקה קפה קר 1.6% קלאסי 230 מל,אנסטל מילק,AT,משקה קפה קר 1.6% קלא,מיליליטרים,230.00,"100 מ""ל",false,1,8.30,3.61,true,1,
7290110563448,false,משקה קפה קר 1.6% מעודן 230 מל,,IL,משקה קפה קר 1.6% מעו,מיליליטרים,230.00,"100 מ""ל",false,1,8.30,3.61,true,1,
7290110563462,false,חלב נטול לקטוז 2% בבקבוק 1 ליטר,,IL,חלב נטול לקטוז 2% בב,ליטרים,0.00,ליטר,false,1,8.20,8.20,true,1,
7290110564339,false,חומוס עשיר ב-30% טחינה אל ארז 400 גר,,,חומוס עשיר ב-30% טחי,גרמים,400.00,100 גרם,false,1,13.90,3.48,true,1,
7290110564360,false,חומוס עשיר ב-40% טחינה 400 גר,,,חומוס עשיר ב-40% טחי,גרמים,400.00,100 גרם,false,1,13.90,3.48,true,1,
7290110565527,false,דנונה פרו 20 גרם חלבון 1.5% 200 גר,,,דנונה פרו 20 גרם חלב,גרמים,200.00,100 גרם,false,1,5.90,2.95,true,1,
7290110566623,false,קפסולות קולומביה 08 למכונות נספרסו 50 גר,,IL,קפסולות קולומביה 08,גרמים,50.00,100 גרם,false,1,16.50,33.00,true,1,
7290110566975,false,דנונה פרו תות 20 גרם 12 יח,,,דנונה פרו תות 20 גרם,גרמים,200.00,100 גרם,false,1,5.90,2.95,true,1,
7290110568276,false,משקה פרו וניל יטבתה 350 מל,,,משקה פרו וניל יטבתה,מיליליטרים,350.00,"100 מ""ל",false,1,6.50,1.86,true,1,
7290110570224,false,"משקה קפה קר בטעם עוגיות 230 מ""ל",,AT,משקה קפה קר בטעם עוג,מיליליטרים,230.00,"100 מ""ל",false,1,8.30,3.61,true,1,
7290110570569,false,"פולי אספרסו עשירים וארומטיים 1 ק""ג עוצמה",,,פולי אספרסו עשירים ו,גרמים,1000.00,100 גרם,false,1,89.90,8.99,true,1,
7290110571184,false,עדשים חומות 380 גר שטראוס טעם הטבע,,,עדשים חומות 380 גר ש,גרמים,380.00,100 גרם,false,1,7.30,1.92,true,1,
7290110571375,false,אנרגי מיקס צימוקים תמרים טופי ופקאן 100,,,אנרגי מיקס צימוקים ת,גרמים,100.00,100 גרם,false,1,18.90,18.90,true,1,
7290110571382,false,מעדן חלב בטעם וניל מועשר בחלבון 150 גרם,,IL,מעדן חלב בטעם וניל מ,גרמים,150.00,100 גרם,false,1,5.50,3.67,true,1,
7290110571474,false,רבע לשבע טבעוני פופקורן 125 גר,,,רבע לשבע טבעוני פופק,גרמים,125.00,100 גרם,false,1,10.90,8.72,true,1,
7290110571535,false,מארז טורקי הל 3*100 גרם,,IL,מארז טורקי הל 3*100,גרמים,300.00,100 גרם,false,1,24.90,8.30,true,1,
7290110572129,false,כיף כף מקלות שוקולד לבן 40 גר,,,כיף כף מקלות שוקולד,Unknown,0.00,Unknown,false,1,4.80,4.80,true,1,
7290110572884,false,קפסולות 20 למכונות NESPRESSO,,,קפסולות 20 למכונות N,גרמים,50.00,100 גרם,false,1,16.50,33.00,true,1,
7290110572969,false,כיף כף פצפצים קרם לבן 40 גר,,,כיף כף פצפצים קרם לב,גרמים,40.00,100 גרם,false,1,6.20,15.50,true,1,
7290110576370,false,מארז שלישיית אגוז מריר  3*100 גר,,,מארז שלישיית אגוז מר,גרמים,300.00,100 גרם,false,1,26.90,8.97,true,1,
7290110576387,false,מארז שלישיית אגוז חלב  3*100 גר,,FR,מארז שלישיית אגוז חל,גרמים,300.00,100 גרם,false,1,26.90,8.97,true,1,
7290110576868,false,גמדים רביעיית סלט פירות 200 גרם,,,גמדים רביעיית סלט פי,גרמים,200.00,100 גרם,false,1,11.70,5.85,true,1,
7290111098703,false,מארז מסכות פנים 50 יח,,CN,מארז מסכות פנים 50 י,יחידה,1.00,יחידה,false,1,9.90,9.90,true,1,
7290111340178,false,מטל.לחות לניקוי כללי בנ.מרכך כביסה 50 יח,,,מטל.לחות לניקוי כללי,Unknown,0.00,Unknown,false,1,11.90,11.90,true,1,
7290111340185,false,מטליות לחות לנ.רצפה בנ.מרכך כביסה 10 יח,,,מטליות לחות לנ.רצפה,Unknown,0.00,Unknown,false,1,10.90,10.90,true,1,
7290111340956,false,מט.לחות ניקול לנ.רצפה פריחה לבנה 10 יח,,,מט.לחות ניקול לנ.רצפ,Unknown,0.00,Unknown,false,1,10.90,10.90,true,1,
7290111341359,false,רדיד אלומיניום+סכין חיתוך ניקול 60 מטר,,IL,רדיד אלומיניום+סכין,מטרים,60.00,מטר,false,1,44.90,0.75,true,1,
7290111341373,false,לילי נייר פסטל 30 גלילים,,,לילי נייר פסטל 30 גל,מטרים,588.00,מטר,false,1,34.90,0.06,true,1,
7290111341984,false,נייר טואלט לילי לח מארז רביעייה,,IL,נייר טואלט לילי לח מ,Unknown,0.00,Unknown,false,1,20.00,20.00,true,1,
7290111342004,false,נייר טואלט לח לילי קידס 56 דפים,,IL,נייר טואלט לח לילי ק,Unknown,0.00,Unknown,false,1,7.90,7.90,true,1,
7290111343858,false,מטליות לחות ניקול לרצפה אנטיבקטריאלי 10,,IL,מטליות לחות ניקול לר,Unknown,0.00,Unknown,false,1,13.90,13.90,true,1,
7290111344145,false,מטליות ניקול מיקרופייבר לרצפה 2 יח,,CN,מטליות ניקול מיקרופי,יחידה,1.00,יחידה,false,1,29.90,29.90,true,1,
7290111344206,false,מגבוני האגיס רביעייה  מבושם,,,מגבוני האגיס רביעייה,Unknown,0.00,Unknown,false,1,19.90,19.90,true,1,
7290111344558,false,ניקול שקיות אשפה גדולות   100 יח,,,ניקול שקיות אשפה גדו,Unknown,0.00,Unknown,false,1,34.50,34.50,true,1,
7290111344565,false,ניקול שקיות זיפר מארז משולב מידות,,CN,ניקול שקיות זיפר מאר,יחידה,1.00,יחידה,false,1,13.90,13.90,true,1,
7290111344572,false,25 יח ניקול שקיות אשפה עם ידיות,,,25  ניקול שקיות אשפה,Unknown,0.00,Unknown,false,1,26.50,26.50,true,1,
7290111344916,false,כרית יפנית אנטיבקטריאלי שישיה,,IL,כרית יפנית אנטיבקטרי,Unknown,0.00,Unknown,false,1,14.60,14.60,true,1,
7290111344930,false,מט.לחות ניקול לנ.רצפה מרכך כביסה 10 יח,,,מט.לחות ניקול לנ.רצפ,Unknown,0.00,Unknown,false,1,10.90,10.90,true,1,
7290111345050,false,כריות מיקרופייבר ניקול לניקוי עדין,,IL,כריות מיקרופייבר ניק,Unknown,0.00,Unknown,false,1,15.60,15.60,true,1,
7290111345722,false,ניקול שקיות לשמירה על הטריות 5 יח,,CN,ניקול שקיות לשמירה ע,יחידה,1.00,יחידה,false,1,16.90,16.90,true,1,
7290111345814,false,לילי נייר טואלט נטורל קר 30 גלילים,,,לילי נייר טואלט נטור,מטרים,588.00,מטר,false,1,41.90,0.07,true,1,
7290111346125,false,מגבוני האגיס שלישייה ללא בושם,,,מגבוני האגיס שלישייה,Unknown,0.00,Unknown,false,1,21.90,21.90,true,1,
7290111346132,false,מגבוני האגיס שלישייה סנסטיב קר,,,מגבוני האגיס שלישייה,Unknown,0.00,Unknown,false,1,21.90,21.90,true,1,
7290111346293,false,מגבות ניקול שישייה מהדורה חגיגית,,,מגבות ניקול שישייה מ,Unknown,0.00,Unknown,false,1,12.90,12.90,true,1,
7290111346347,false,קלינקס סופט,,,קלינקס סופט חמישייה,יחידה,1.00,יחידה,false,1,15.90,15.90,true,1,
7290111350092,false,מארז מיקס חטיפי מיני לואקר בסט 200 גר,,,מארז מיקס חטיפי מיני,גרמים,200.00,100 גרם,false,1,23.90,11.95,true,1,
7290111350726,false,חטיף נאצוס הוטפופ בסגנון מקסיקני 322 גר,,US,חטיף נאצוס הוטפופ בס,גרמים,322.00,100 גרם,false,1,16.90,5.25,true,1,
7290111351280,false,תערובת אגוזים קלויים ללא מלח 150 גרם,,,תערובת אגוזים קלויים,גרמים,150.00,100 גרם,false,1,21.90,14.60,true,1,
7290111565502,false,גלידה סנדוויץ אוראו 80 גר,,,גלידה סנדוויץ אוראו,גרמים,80.00,100 גרם,false,1,10.00,12.50,true,1,
7290111566332,false,נקניקיות וינר צמחוניות טבעול 680 גר,,,נקניקיות וינר צמחוני,גרמים,680.00,100 גרם,false,1,36.50,5.37,true,1,
7290111566547,false,חזה בגריל צמחוני טבעול 560 גר,,,חזה בגריל צמחוני טבע,גרמים,560.00,100 גרם,false,1,31.90,5.70,true,1,
7290111566561,false,שניצל ברוקולי 99 קלוריות טבעול 560 גר,,,שניצל ברוקולי 99 קלו,גרמים,560.00,100 גרם,false,1,36.50,6.52,true,1,
7290111566691,false,שניצל תרד 99 קלוריות טבעול 560 גר,,,שניצל תרד 99 קלוריות,גרמים,560.00,100 גרם,false,1,36.50,6.52,true,1,
7290111566776,false,נקניקיות קוקטייל צמחוניות טבעול 680 גר,,,נקניקיות קוקטייל צמח,גרמים,680.00,100 גרם,false,1,36.50,5.37,true,1,
7290111568466,false,"רוטב אסייתי למוקפץ אסם 290 מ""ל",,,רוטב אסייתי למוקפץ א,מיליליטרים,290.00,"100 מ""ל",false,1,16.70,5.76,true,1,
7290111930799,false,קראנצוס בצל 55 גרם,,,קראנצוס בצל 55 גרם,גרמים,55.00,100 גרם,false,1,3.50,6.36,true,1,
7290111930898,false,חטיף פוף כוכבים גריל אמריקאי 40 גרם,,,חטיף פוף כוכבים גריל,גרמים,40.00,100 גרם,false,1,4.60,11.50,true,1,
7290111930935,false,חטיף פוף טבעות קלאסי 40 גרם,,,חטיף פוף טבעות קלאסי,גרמים,40.00,100 גרם,false,1,4.60,11.50,true,1,
7290111933462,false,"רוטב צילי מתוק מאסטר שף 300 מ""ל",,,רוטב צילי מתוק מאסטר,מיליליטרים,300.00,"100 מ""ל",false,1,10.90,3.63,true,1,
7290111935817,false,דאו ליידי ספיד סטיק סטיק דרמה פנינה 45 ג,,,דאו ליידי ספיד סטיק,גרמים,45.00,100 גרם,false,1,20.90,46.44,true,1,
7290111938498,false,"מנה אסייאתי רוטב סויה בהירה 700 מ""ל מ.שף",,,מנה אסייאתי רוטב סוי,מיליליטרים,700.00,"100 מ""ל",false,1,17.70,2.53,true,1,
7290111939136,false,נייר אפייה קוקי עגול קוטר 26,,FR,נייר אפייה קוקי עגול,Unknown,0.00,Unknown,false,1,8.50,8.50,true,1,
7290111939174,false,ניילון נצמד קוקי עם גומי מידה L,,CN,ניילון נצמד קוקי עם,Unknown,0.00,Unknown,false,1,10.90,10.90,true,1,
7290111939181,false,ניילון נצמד קוקי עם גומי מיקס,,CN,ניילון נצמד קוקי עם,Unknown,0.00,Unknown,false,1,10.90,10.90,true,1,
7290112000842,false,מגבונים דטול לניקוי כללי 60 יח,,PL,מגבונים דטול לניקוי,Unknown,0.00,Unknown,false,1,17.10,17.10,true,1,
7290112001436,false,"מנקה מדיח פיניש לימון 250 מ""ל",,PL,מנקה מדיח פיניש לימו,מיליליטרים,250.00,"100 מ""ל",false,1,14.90,5.96,true,1,
7290112002099,false,גל כביסה קולון מרוכז כחול 2.5 ל,,IL,גל כביסה קולון מרוכז,ליטרים,0.00,ליטר,false,1,28.50,28.50,true,1,
7290112002129,false,גל כביסה קולון מרוכז ירוק 2.5 ל,,IL,גל כביסה קולון מרוכז,ליטרים,0.00,ליטר,false,1,28.50,28.50,true,1,
7290112004208,false,פיניש טבליות הכל ב-1 50 יח,,PL,פיניש טבליות הכל ב-1,Unknown,0.00,Unknown,false,1,37.90,37.90,true,1,
7290112005052,false,וניש אבקת כביסה לבנה 1500 גרם,,IT,וניש אבקת כביסה לבנה,יחידה,1.00,יחידה,false,1,36.50,36.50,true,1,
7290112005083,false,וניש אבקת כביסה לצבעונית 1500 גרם,,IT,וניש אבקת כביסה לצבע,יחידה,1.00,יחידה,false,1,36.50,36.50,true,1,
7290112190116,false,וופל הולנדי במילוי קרמל 224 גרם,,,וופל הולנדי במילוי ק,גרמים,224.00,100 גרם,false,1,10.90,4.87,true,1,
7290112330352,false,דנונה פרו וניל 20 גרם חלבון 0% 200 גר,,IL,דנונה פרו וניל 20 גר,גרמים,200.00,100 גרם,false,1,5.90,2.95,true,1,
7290112330390,false,דנונה פרו פירות יער 20 גרם חלבון 0% 200ג,,IL,דנונה פרו פירות יער,גרמים,200.00,100 גרם,false,1,5.90,2.95,true,1,
7290112332691,false,עוגיית קרם פסק זמן אגוזים 200 גרם,,IL,עוגיית קרם פסק זמן א,גרמים,200.00,100 גרם,false,1,12.50,6.25,true,1,
7290112334749,false,קפה עלית טורקי 200 גרם + 10% תוספת,,,קפה עלית טורקי 200 ג,גרמים,220.00,100 גרם,false,1,15.90,7.23,true,1,
7290112335050,false,מרשמלו וניל עלית 150 גרם,,IL,מרשמלו וניל עלית 150,גרמים,150.00,100 גרם,false,1,7.30,4.87,true,1,
7290112335487,false,פריכיות הטעימות קצח ודגנים אנרגי 135 גר,,IL,פריכיות הטעימות קצח,גרמים,135.00,100 גרם,false,1,10.90,8.07,true,1,
7290112335500,false,פריכיות הטעימות חלבון אנרגי 135 גר,,IL,פריכיות הטעימות חלבו,גרמים,135.00,100 גרם,false,1,10.90,8.07,true,1,
7290112336613,false,עד חצות עוגיות סנדוויץ שוקולד חלב 135 גר,,FR,עד חצות עוגיות סנדוו,גרמים,135.00,100 גרם,false,1,11.90,8.81,true,1,
7290112336637,false,"סוכריות מאסט לל""ס יוגורט תות אוכמניות 80",,PL,"סוכריות מאסט לל""ס יו",גרמים,80.00,100 גרם,false,1,10.40,13.00,true,1,
7290112336651,false,"סוכריות מאסט לל""ס ריבת חלב 80 גר",,PL,"סוכריות מאסט לל""ס רי",גרמים,80.00,100 גרם,false,1,10.40,13.00,true,1,
7290112336712,false,דנונה פרו 21 גרם חלבון 0% 200 גר,,IL,דנונה פרו 21 גרם חלב,גרמים,200.00,100 גרם,false,1,5.90,2.95,true,1,
7290112337474,false,"סוכריות מאסט לל""ס פטל לימון 80 גר",,PL,"סוכריות מאסט לל""ס פט",גרמים,80.00,100 גרם,false,1,10.40,13.00,true,1,
7290112337481,false,"סוכריות מאסט לל""ס קפוצינו 80 גר",,PL,"סוכריות מאסט לל""ס קפ",גרמים,80.00,100 גרם,false,1,10.40,13.00,true,1,
7290112339867,false,גמדים סקוויז תות 100 גר,,IL,גמדים סקוויז תות 100,גרמים,100.00,100 גרם,false,1,5.90,5.90,true,1,
7290112339874,false,גמדים סקוויז תות בננה 100 גר,,IL,גמדים סקוויז תות,גרמים,100.00,100 גרם,false,1,5.90,5.90,true,1,
7290112340122,false,פריכיות טעימות 3 דגנים אנרגי 135 גר,,IL,פריכיות טעימות 3 דגנ,גרמים,135.00,100 גרם,false,1,10.90,8.07,true,1,
7290112340245,false,צנצנת מאסט בטעם דובדבן 66 גר,,IL,צנצנת מאסט בטעם דובד,גרמים,66.00,100 גרם,false,1,9.90,15.00,true,1,
7290112340276,false,עוגית קרם קפה נמס 200 גרם,,IL,עוגית קרם קפה נמס 20,גרמים,200.00,100 גרם,false,1,12.50,6.25,true,1,
7290112343420,false,"משקה חלב עם דגנים ובננה 350 מ""ל",,IL,משקה חלב עם דגנים וב,מיליליטרים,350.00,"100 מ""ל",false,1,7.50,2.14,true,1,
7290112343499,false,ציטוס 55 גרם 48 יחידות  puffs,,,ציטוס 55 גרם 48 יחיד,גרמים,55.00,100 גרם,false,1,3.50,6.36,true,1,
7290112343512,false,ציטוס  160 גרם 9 יחידות puffs,,,ציטוס  160 גרם 9 יחי,גרמים,160.00,100 גרם,false,1,7.90,4.94,true,1,
7290112344724,false,מילקי מוס 133 גר,,IL,מילקי מוס 133 גרם,גרמים,81.00,100 גרם,false,1,3.70,4.57,true,1,
7290112344755,false,מילקי מופחת סוכר 133 גרם,,,מילקי מופחת סוכר 133,גרמים,133.00,100 גרם,false,1,2.90,2.18,true,1,
7290112344786,false,קפה פלטינום קלאסיק 200 גרם,,IL,קפה פלטינום קלאסיק 2,גרמים,200.00,100 גרם,false,1,21.90,10.95,true,1,
7290112346360,false,בפלות אחת אחת בציפוי שוקולד חלב 180 גר,,,בפלות אחת אחת בציפוי,גרמים,180.00,100 גרם,false,1,15.50,8.61,true,1,
7290112346537,false,עוגיות פינוקיות בטעם טורטית 200 גר,,IL,עוגיות פינוקיות בטעם,גרמים,200.00,100 גרם,false,1,12.50,6.25,true,1,
7290112347008,false,גמדים סקוויז תות בננה 100 גר,,IL,גמדים סקוויז תות בננ,גרמים,100.00,100 גרם,false,1,5.90,5.90,true,1,
7290112348142,false,שעועית לבנה טעם הטבע קופסה 380 גר,,IT,שעועית לבנה טעם הטבע,גרמים,380.00,100 גרם,false,1,7.30,1.92,true,1,
7290112348999,false,פריכיות טעימות תירס דקות 135 ג,,IL,פריכיות טעימות תירס,גרמים,135.00,100 גרם,false,1,10.90,8.07,true,1,
7290112349606,false,דניאלה תות בננה 88 גרם,,,דניאלה תות בננה 88 ג,גרמים,88.00,100 גרם,false,1,4.10,4.66,true,1,
7290112349705,false,רוטב עגבניות לפסטה קלאסי פומודורו 350 גר,,IT,רוטב עגבניות לפסטה ק,גרמים,350.00,100 גרם,false,1,13.50,3.86,true,1,
7290112349736,false,רוטב עגבניות לפסטה בזיליקום יד מרדכי 350,,IT,רוטב עגבניות לפסטה ב,גרמים,350.00,100 גרם,false,1,13.50,3.86,true,1,
7290112349750,false,רוטב עגבניות לפיצה יד מרדכי 350 גר,,IT,רוטב עגבניות לפיצה י,גרמים,350.00,100 גרם,false,1,13.50,3.86,true,1,
7290112349897,false,מסטיק מאסט קוביות מנטה ללא גלוטן 86 גר,,DE,מסטיק מאסט קוביות מנ,גרמים,86.00,100 גרם,false,1,14.90,17.33,true,1,
7290112350275,false,קפסולות לונגו למכונות נספרסו 55 גר,,IL,קפסולות לונגו למכונו,גרמים,55.00,100 גרם,false,1,16.50,30.00,true,1,
7290112350312,false,קפסולות 15 למכונות נספרסו 50 גר,,IL,קפסולות 15 למכונות נ,גרמים,50.00,100 גרם,false,1,16.50,33.00,true,1,
7290112351258,false,עוגיית קקאו פינוקיות שחור לבן 200 גר,,IL,עוגיית קקאו פינוקיות,גרמים,200.00,100 גרם,false,1,12.50,6.25,true,1,
7290112351463,false,שלישיית סוכריות פטל לימון 45 גר FRESH,,,שלישיית סוכריות פטל,גרמים,45.00,100 גרם,false,1,9.50,21.11,true,1,
7290112351470,false,שלישיית סוכריות רימון תות 45 גר FRESH,,,שלישיית סוכריות רימו,גרמים,45.00,100 גרם,false,1,9.50,21.11,true,1,
7290112354945,false,תפוציפס טבעי 50 גר WAVY,,IL,תפוציפס טבעי 50 גר W,גרמים,50.00,100 גרם,false,1,4.00,8.00,true,1,
7290112355027,false,דנונה פרו 20 גרם חלבון קרמל מלוח 200 גרם,,,דנונה פרו 20 גרם חלב,גרמים,200.00,100 גרם,false,1,5.90,2.95,true,1,
7290112355102,false,גמדים פאוץ סלט פירות 100 גר,,IL,גמדים פאוץ סלט פירות,גרמים,100.00,100 גרם,false,1,5.90,5.90,true,1,
7290112355775,false,סימפוניה עירית 200 גרם,,,סימפוניה עירית 200 ג,גרמים,200.00,100 גרם,false,1,11.00,5.50,true,1,
7290112357045,false,עגבניות איטלקיות מרוסקות טעם הטבע 390 גר,,IT,עגבניות איטלקיות מרו,גרמים,390.00,100 גרם,false,1,6.90,1.77,true,1,
7290112357113,false,גרגרי חומוס טעם הטבע קופסה 380 גר,,IT,גרגרי חומוס טעם הטבע,גרמים,380.00,100 גרם,false,1,7.30,1.92,true,1,
7290112357175,false,קפסולות בוסט למכונות נספרסו 50 גר,,IL,קפסולות בוסט למכונות,גרמים,50.00,100 גרם,false,1,16.50,33.00,true,1,
7290112357892,false,שלישיית סוכריות מנטה 45 גר FRESH,,,שלישיית סוכריות מנטה,גרמים,45.00,100 גרם,false,1,9.50,21.11,true,1,
7290112358004,false,פסק זמן קראנץ 32 גר,,IL,פסק זמן קראנץ 32 גר,גרמים,45.00,100 גרם,false,1,4.90,10.89,true,1,
7290112358127,false,דנונה פרו 20 ג חלבון עם מגנזיום 200 גרם,,IL,דנונה פרו 20 ג חלבון,גרמים,200.00,100 גרם,false,1,6.40,3.20,true,1,
7290112358219,false,רוטב צילי מתוק יד מרדכי 300 גר,,,רוטב צילי מתוק יד מר,גרמים,300.00,100 גרם,false,1,14.60,4.87,true,1,
7290112358257,false,רוטב לעוף עם שזיפים יד מרדכי 300 גרם,,IL,רוטב לעוף עם שזיפים,גרמים,300.00,100 גרם,false,1,14.60,4.87,true,1,
7290112359353,false,קפה טורקי אלדין 200 גרם,,,קפה טורקי אלדין 200,גרמים,200.00,100 גרם,false,1,23.90,11.95,true,1,
7290112490032,false,מרק קנור נמס בכוס תירס  45 גרם,,IL,מרק קנור נמס בכוס תי,גרמים,45.00,100 גרם,false,1,6.90,15.33,true,1,
7290112490209,false,מרק נמס בכוס עגבניות 56 גרם,,IL,מרק נמס בכוס עגבניות,גרמים,56.00,100 גרם,false,1,6.90,12.32,true,1,
7290112490216,false,מרק קנור נמס בכוס עוף וקרוטונים 48 גרם,,IL,מרק קנור נמס בכוס עו,גרמים,48.00,100 גרם,false,1,6.90,14.38,true,1,
7290112490230,false,מרק נמס בכוס אפונה 50 גרם,,IL,מרק נמס בכוס אפונה 5,גרמים,50.00,100 גרם,false,1,6.90,13.80,true,1,
7290112490582,false,הלמנס חרדל דיזון 350 גרם,,FR,הלמנס חרדל דיזון 350,גרמים,350.00,100 גרם,false,1,15.90,4.54,true,1,
7290112490759,false,מרק עוף עם אטריות 100% רכיבים טבעיים,,IL,מרק עוף עם אטריות,גרמים,74.00,100 גרם,false,1,14.60,19.73,true,1,
7290112490896,false,"רוטב קנור צילי חריף 370 מ""ל",,,רוטב קנור צילי חריף,מיליליטרים,370.00,"100 מ""ל",false,1,10.90,2.95,true,1,
7290112491701,false,ברנפלקס אקסטרה פרוטאין 375 גרם,,IL,ברנפלקס אקסטרה פרוטא,גרמים,375.00,100 גרם,false,1,21.90,5.84,true,1,
7290112491770,false,בייגלה דקים דקים מלח ים 300 גרם,,,בייגלה דקים דקים מלח,גרמים,300.00,100 גרם,false,1,13.50,4.50,true,1,
7290112491787,false,בייגלה דקים דקים שומשום קלאסי 300 גרם,,,בייגלה דקים דקים שומ,גרמים,300.00,100 גרם,false,1,13.50,4.50,true,1,
7290112491794,false,בייגלה דקים דקים בטעם שמנת בצל 300 גרם,,,בייגלה דקים דקים בטע,גרמים,400.00,100 גרם,false,1,13.50,3.38,true,1,
7290112492449,false,"שמפו פינוק לשיער רגיל 700 מ""ל",,IL,שמפו פינוק לשיער רגי,מיליליטרים,700.00,"100 מ""ל",false,1,11.90,1.70,true,1,
7290112492456,false,"שמפו פינוק לשיער יבש/פגום 700 מ""ל",,IL,שמפו פינוק לשיער יבש,מיליליטרים,700.00,"100 מ""ל",false,1,11.90,1.70,true,1,
7290112492500,false,"שמפו פינוק שמן קוקוס 700 מ""ל",,IL,שמפו פינוק שמן קוקוס,מיליליטרים,700.00,"100 מ""ל",false,1,11.90,1.70,true,1,
7290112492531,false,"מרכך פינוק לשיער רגיל 700 מ""ל",,IL,מרכך פינוק לשיער רגי,מיליליטרים,700.00,"100 מ""ל",false,1,11.90,1.70,true,1,
7290112492593,false,תחליב רחצה פינוק בניחוח פינוק קלאסי 700,,IL,תחליב רחצה פינוק בני,מיליליטרים,700.00,"100 מ""ל",false,1,15.60,2.23,true,1,
7290112492609,false,"תחליב רחצה פינוק לבנדר וניל 700 מ""ל",,IL,תחליב רחצה פינוק לבנ,מיליליטרים,700.00,"100 מ""ל",false,1,15.60,2.23,true,1,
7290112492647,false,"שמפו פינוק 3 ב-1 לגבר ספורט 700 מ""ל",,IL,שמפו פינוק 3 ב-1 לגב,מיליליטרים,700.00,"100 מ""ל",false,1,11.90,1.70,true,1,
7290112492715,false,שמפו פינוק לילדים ללא דמעות לסירוק קל700,,IL,שמפו פינוק לילדים לל,מיליליטרים,700.00,"100 מ""ל",false,1,13.90,1.99,true,1,
7290112492838,false,מט.לחות סיף לנ.כללי בניחוח מרכך כביסה 50,,IL,מט.לחות סיף לנ.כללי,Unknown,0.00,Unknown,false,1,14.30,14.30,true,1,
7290112492999,false,מרק טעם עוף 400 גרם צנצנת קנור,,,מרק טעם עוף 400 גרם,גרמים,400.00,100 גרם,false,1,15.90,3.98,true,1,
7290112493088,false,מרק קנור נמס בכוס עדשים 54 גרם,,,מרק קנור נמס בכוס עד,גרמים,54.00,100 גרם,false,1,6.90,12.78,true,1,
7290112493095,false,מרק קנור נמס בכוס עגבניות חריף 48 גרם,,,מרק קנור נמס בכוס עג,גרמים,48.00,100 גרם,false,1,6.90,14.38,true,1,
7290112493293,false,מרק קנור נמס בכוס ירקות 44 גרם,,,מרק קנור נמס בכוס יר,גרמים,44.00,100 גרם,false,1,6.90,15.68,true,1,
7290112493316,false,מרק היום אפונה 117 גרם,,IL,מרק היום אפונה 117 ג,גרמים,117.00,100 גרם,false,1,14.60,12.48,true,1,
7290112493927,false,קרמיסימו ריבת חלב 1.33 ליטר,,,קרמיסימו ריבת חלב 1.,ליטרים,0.00,ליטר,false,1,21.90,21.90,true,1,
7290112494153,false,תיבולית ניחוח צלי קנור 72 גרם,,,תיבולית ניחוח צלי קנ,גרמים,72.00,100 גרם,false,1,11.40,15.83,true,1,
7290112494221,false,קליק ביסקוויט 65 גרם,,,קליק ביסקוויט 65 גרם,גרמים,65.00,100 גרם,false,1,5.90,9.08,true,1,
7290112494238,false,קליק כדורי חלב 65 גרם,,,קליק כדורי חלב 65 גר,גרמים,65.00,100 גרם,false,1,5.90,9.08,true,1,
7290112494283,false,קליק חום לבן 65 גרם,,,קליק חום לבן 65 גרם,גרמים,65.00,100 גרם,false,1,5.90,9.08,true,1,
7290112494344,false,קורנפלקס של אלופים כספי 850 גרם,,,קורנפלקס של אלופים כ,גרמים,850.00,100 גרם,false,1,17.60,2.07,true,1,
7290112494351,false,קורנפלקס של אלופים 850 גרם,,,קורנפלקס של אלופים 8,גרמים,850.00,100 גרם,false,1,17.60,2.07,true,1,
7290112494795,false,"גל כביסה בדין בניחוח בדין כחול 2.5 ק""ג",,IL,גל כביסה בדין בניחוח,קילוגרמים,0.00,"ק""ג",false,1,36.50,36.50,true,1,
7290112495006,false,כריות נוגט 686 גרם - קופסא,,,כריות נוגט 686 גרם -,גרמים,686.00,100 גרם,false,1,24.90,3.63,true,1,
7290112495105,false,נשנושים תפוא בצל 260 גרם,,,נשנושים תפוא בצל 260,גרמים,260.00,100 גרם,false,1,12.70,4.88,true,1,
7290112495228,false,קורנפלקס דבש 448 גרם,,,קורנפלקס דבש 448 גרם,גרמים,448.00,100 גרם,false,1,18.70,4.17,true,1,
7290112495280,false,ריבועי ברנפלקס קינמון 400 גרם,,,ריבועי ברנפלקס קינמו,גרמים,400.00,100 גרם,false,1,20.90,5.23,true,1,
7290112495433,false,דליפקאן 400 גרם,,,דליפקאן 400 גרם,גרמים,400.00,100 גרם,false,1,20.90,5.23,true,1,
7290112495662,false,קרקר חיטה מלאה עם פשתן 300 גרם,,,קרקר חיטה מלאה עם פש,גרמים,300.00,100 גרם,false,1,11.40,3.80,true,1,
7290112495754,false,"הלמנס לסלט אלף האיים 305 מ""ל",,,הלמנס לסלט אלף האיים,מיליליטרים,305.00,"100 מ""ל",false,1,14.60,4.79,true,1,
7290112495761,false,"הלמנס לסלט אלף האיים לייט 305 מ""ל",,,הלמנס לסלט אלף האיים,מיליליטרים,305.00,"100 מ""ל",false,1,14.60,4.79,true,1,
7290112495785,false,הלמנס רוטב שום 300 גרם,,,הלמנס רוטב שום 300 ג,גרמים,300.00,100 גרם,false,1,14.60,4.87,true,1,
7290112495792,false,"הלמנס לסלט שום לייט 300 מ""ל",,,הלמנס לסלט שום לייט,מיליליטרים,300.00,"100 מ""ל",false,1,14.60,4.87,true,1,
7290112495815,false,הלמנס רוטב חרדל דבש לייט 305 גרם,,,הלמנס רוטב חרדל דבש,גרמים,305.00,100 גרם,false,1,14.60,4.79,true,1,
7290112495938,false,קרקר 6 דגנים 250 גרם,,,קרקר 6 דגנים 250 גרם,גרמים,250.00,100 גרם,false,1,11.40,4.56,true,1,
7290112495976,false,פריכיות אורז מצופות שוקולד חלב 35 גרם,,PL,פריכיות אורז מצופות,גרמים,35.00,100 גרם,false,1,6.20,17.71,true,1,
7290112495983,false,פריכיות אורז שוקולד חלב ושבבי קרמל 35 גר,,PL,פריכיות אורז שוקולד,גרמים,35.00,100 גרם,false,1,6.20,17.71,true,1,
7290112496034,false,סירופ מייפל 580 גרם-בקבוק,,,סירופ מייפל 580 גרם-,גרמים,580.00,100 גרם,false,1,18.80,3.24,true,1,
7290112496218,false,רוטב קנור טריאקי  340 גרם,,IL,רוטב קנור טריאקי  34,גרמים,340.00,100 גרם,false,1,10.90,3.21,true,1,
7290112496287,false,פתית ציפס בטטה בטעם טבעי 21 ג,,GB,פתית ציפס בטטה בטעם,גרמים,21.00,100 גרם,false,1,5.80,27.62,true,1,
7290112496294,false,פתית ציפס אפונה בתוספת צילי 22 ג,,GB,פתית ציפס אפונה בתוס,גרמים,22.00,100 גרם,false,1,5.80,26.36,true,1,
7290112496430,false,נמס בכוס אקסטרה עגבניות ואטריות קנור 37,,,נמס בכוס אקסטרה עגבנ,גרמים,37.00,100 גרם,false,1,4.50,12.16,true,1,
7290112496447,false,נמס בכוס אקסטרה טעם עוף ואטריות קנור 27,,,נמס בכוס אקסטרה טעם,גרמים,27.00,100 גרם,false,1,4.50,16.67,true,1,
7290112496461,false,מרק נמס בכוס אקסטרה ירקות ואיטריות קנור,,,מרק נמס בכוס אקסטרה,גרמים,32.00,100 גרם,false,1,4.50,14.06,true,1,
7290112497123,false,סחלב 112 גרם-קופסא,,,סחלב 112 גרם-קופסא,גרמים,112.00,100 גרם,false,1,16.20,14.46,true,1,
7290112497727,false,אל סבון אל דמע לתינוקות,,,אל סבון אל דמע לתינו,Unknown,0.00,Unknown,false,1,16.90,16.90,true,1,
7290112497864,false,מרק עוף אמיתי פחות נתרן  400 גרם,,,מרק עוף אמיתי פחות נ,גרמים,400.00,100 גרם,false,1,19.90,4.98,true,1,
7290112497994,false,גרנולה פרוטאין בתוספת חלבון ואגוזים 300,,,גרנולה פרוטאין בתוספ,גרמים,300.00,100 גרם,false,1,19.80,6.60,true,1,
7290112498007,false,גרנולה פרוטאין ת.חלבון שקדים חמוציות 300,,,גרנולה פרוטאין ת.חלב,גרמים,300.00,100 גרם,false,1,19.80,6.60,true,1,
7290112498526,false,פתית ציפס בטטה סגולה שמנת ובצל 22 ג,,GB,פתית ציפס בטטה סגולה,גרמים,22.00,100 גרם,false,1,5.80,26.36,true,1,
7290112498885,false,גודיז תותים ושוקולד לבן 235 גרם,,,גודיז תותים ושוקולד,גרמים,235.00,100 גרם,false,1,28.50,12.13,true,1,
7290112498922,false,מאגדת מיני מגנום לבן 250 גרם,,IL,מאגדת מיני מגנום לבן,גרמים,250.00,100 גרם,false,1,26.90,10.76,true,1,
7290112499189,false,קרמיסימו חד קרן וניל תות בננה 1.33 ליטר,,,קרמיסימו חד קרן וניל,ליטרים,0.00,ליטר,false,1,21.90,21.90,true,1,
7290112499219,false,גודיז פיסטוק 235 גרם,,IL,גודיז פיסטוק 235 גרם,גרמים,235.00,100 גרם,false,1,28.50,12.13,true,1,
7290112499776,false,גודיז 3 שוקולדים,,,גודיז 3 שוקולדים,גרמים,240.00,100 גרם,false,1,28.50,11.88,true,1,
7290112499844,false,מאגדת מיני מגנום דאבל 310 גר,,,מאגדת מיני מגנום דאב,גרמים,310.00,100 גרם,false,1,26.90,8.68,true,1,
7290112499943,false,מיני מגנום וניל+שוקו,,,מיני מגנום וניל+שוקו,גרמים,270.00,100 גרם,false,1,26.90,9.96,true,1,
7290112960856,false,גלידה אקסטרים מטבע שוקולד וריבת חלב 115ג,,IL,גלידה אקסטרים מטבע ש,גרמים,115.00,100 גרם,false,1,10.00,8.70,true,1,
7290112961266,false,בייגלה כפיות פיזור איטלקי 300 גרם,,,בייגלה כפיות פיזור א,גרמים,300.00,100 גרם,false,1,10.90,3.63,true,1,
7290112961327,false,בייגלה כפיות פיזור כפרי 300 גרם,,,בייגלה כפיות פיזור כ,גרמים,300.00,100 גרם,false,1,10.90,3.63,true,1,
7290112961464,false,פיטנס חטיפי פריכיות דקות מתובלות 60 גרם,,IL,פיטנס חטיפי פריכיות,גרמים,60.00,100 גרם,false,1,8.90,14.83,true,1,
7290112963918,false,פיטנס קרקר דק רוזמרין 140 גרם,,IL,פיטנס קרקר דק רוזמרי,גרמים,140.00,100 גרם,false,1,11.90,8.50,true,1,
7290112964724,false,טבעול המבורגר טבעוני 580 גרם,,,טבעול המבורגר טבעוני,גרמים,580.00,100 גרם,false,1,36.50,6.29,true,1,
7290112965301,false,אסם זוג מרק נמס טעם עוף 38 גרם,,IL,אסם זוג מרק נמס טעם,גרמים,52.00,100 גרם,false,1,5.90,11.35,true,1,
7290112965585,false,פרפקטו פסטה קסרצה 500 גרם,,,פרפקטו פסטה קסרצה 50,גרמים,500.00,100 גרם,false,1,7.90,1.58,true,1,
7290112965684,false,פיטנס חטיף מולטיגריין ע.תיבול 25 גרם,,IL,פיטנס חטיף מולטיגריי,גרמים,25.00,100 גרם,false,1,4.90,19.60,true,1,
7290112965707,false,פיטנס חטיף מולטיגריין צילי מעודן 25 גרם,,IL,פיטנס חטיף מולטיגריי,גרמים,25.00,100 גרם,false,1,4.90,19.60,true,1,
7290112966247,false,לחמית כוסמין 200 גרם,,,לחמית כוסמין 200 גרם,גרמים,200.00,100 גרם,false,1,9.90,4.95,true,1,
7290112966445,false,במבה מתוקה אריזה גדולה 100 גרם,,IL,במבה מתוקה אריזה גדו,גרמים,100.00,100 גרם,false,1,7.90,7.90,true,1,
7290112967619,false,"אסם רוטב סויה קלאסי מופחת נתרן 290 מ""ל",,,אסם רוטב סויה קלאסי,מיליליטרים,290.00,"100 מ""ל",false,1,16.70,5.76,true,1,
7290112968203,false,סלט טחינה בלדי 250 גרם,,IL,סלט טחינה בלדי 250 ג,גרמים,250.00,100 גרם,false,1,12.10,4.84,true,1,
7290112968340,false,חומוס צבר גרוס גס גס 400 גרם,,IL,חומוס צבר גרוס גס גס,גרמים,400.00,100 גרם,false,1,16.70,4.18,true,1,
7290112968449,false,סלט טחינה כרוב אדום 250 גרם,,IL,סלט טחינה כרוב אדום,גרמים,250.00,100 גרם,false,1,12.10,4.84,true,1,
7290112968807,false,פיטנס קרקר דק סלק 140 גרם,,,פיטנס קרקר דק סלק 14,גרמים,140.00,100 גרם,false,1,11.90,8.50,true,1,
7290112968821,false,פיטנס קרקר דק בטטה 140 גרם,,,פיטנס קרקר דק בטטה 1,גרמים,140.00,100 גרם,false,1,11.90,8.50,true,1,
7290113190450,false,ממרח תמרים שאן 450 גרם,,,ממרח תמרים שאן 450 ג,גרמים,450.00,100 גרם,false,1,7.90,1.76,true,1,
7290113191907,false,טורטיה חיטה להכנת פיצה 440 גרם,,TR,טורטיה חיטה להכנת פי,גרמים,440.00,100 גרם,false,1,11.40,2.59,true,1,
7290113192164,false,אגוזי קשיו קלופים 150 גרם,,IL,אגוזי קשיו קלופים 15,גרמים,150.00,100 גרם,false,1,16.90,11.27,true,1,
7290113192171,false,מיקס אגוזים שקדים וחמוציות 150 גרם,,IL,מיקס אגוזים שקדים וח,גרמים,150.00,100 גרם,false,1,17.70,11.80,true,1,
7290113192201,false,תערובת להכנת סחלב 500 גרם,,IL,תערובת להכנת סחלב 50,גרמים,500.00,100 גרם,false,1,15.90,3.18,true,1,
7290113192324,false,זית ירוק A2 בית השיטה 340 גרם,,IL,זית ירוק A2 בית השיט,גרמים,340.00,100 גרם,false,1,10.50,3.09,true,1,
7290113192355,false,זית חרוזית ירוק A2 בית השיטה 275 גרם,,,זית חרוזית ירוק A2 ב,גרמים,275.00,100 גרם,false,1,10.30,3.75,true,1,
7290113192362,false,זיתים ירוקים טבעות A2 בית השיטה 280 גרם,,IL,זיתים ירוקים טבעות A,גרמים,280.00,100 גרם,false,1,10.60,3.79,true,1,
7290113192393,false,קוקטייל זיתים A2 בית השיטה 336 גרם,,IL,קוקטייל זיתים A2 בית,גרמים,336.00,100 גרם,false,1,11.90,3.54,true,1,
7290113192478,false,מלפפונים במלח 10-12 בית השטה 320 גרם,,IL,מלפפונים במלח 10-12,גרמים,320.00,100 גרם,false,1,7.60,2.38,true,1,
7290113192485,false,מלפפונים בחומץ 10-12 בית השטה 320 גרם,,IL,מלפפונים בחומץ 10-12,גרמים,320.00,100 גרם,false,1,7.60,2.38,true,1,
7290113192508,false,מלפפון במלח 17-13 בית השיטה 320 גרם,,IL,מלפפון במלח 17-13 בי,גרמים,320.00,100 גרם,false,1,10.90,3.41,true,1,
7290113192539,false,מלפפון במלח  7-9 בית השיטה 320 גר,,IL,מלפפון במלח  7-9 בית,גרמים,320.00,100 גרם,false,1,6.90,2.16,true,1,
7290113192546,false,מלפפון בחומץ  7-9 בית השיטה 290 גר,,IL,מלפפון בחומץ  7-9 בי,גרמים,290.00,100 גרם,false,1,6.90,2.38,true,1,
7290113192553,false,מלפפונים במלח באלדי 13-17 בית השיטה 320ג,,IL,מלפפונים במלח באלדי,גרמים,320.00,100 גרם,false,1,10.70,3.34,true,1,
7290113192560,false,פלפל שיפקה  A2 בית השיטה 230 גרם,,IL,פלפל שיפקה  A2 בית ה,גרמים,230.00,100 גרם,false,1,8.30,3.61,true,1,
7290113192881,false,טורטיה חיטה מופחתת קלוריות 270 גרם,,TR,טורטיה חיטה מופחתת ק,גרמים,270.00,100 גרם,false,1,10.00,3.70,true,1,
7290113192997,false,זית מרוקאי  340 גרם בית השיטה,,IL,זית מרוקאי  340 גרם,גרמים,340.00,100 גרם,false,1,13.90,4.09,true,1,
7290113193888,false,חצילים מוחמצים 320 גרם בית השיטה,,IL,חצילים מוחמצים 320 ג,גרמים,320.00,100 גרם,false,1,13.50,4.22,true,1,
7290113195066,false,חלבה טורקית בטעם וניל 400 גרם,,,חלבה טורקית בטעם וני,גרמים,400.00,100 גרם,false,1,12.90,3.23,true,1,
7290113195172,false,בית השיטה רצועות קולורבי בתחמיץ  215 גר,,,בית השיטה רצועות קול,גרמים,215.00,100 גרם,false,1,10.90,5.07,true,1,
7290113195196,false,"רסק תפוחי עץ ללת""ס 710 גרם",,PL,"רסק תפוחי עץ ללת""ס 7",גרמים,710.00,100 גרם,false,1,10.90,1.54,true,1,
7290113195271,false,ממרח פלפלים פיקנטיים 360 גרם,,MK,ממרח פלפלים פיקנטיים,גרמים,360.00,100 גרם,false,1,11.90,3.31,true,1,
7290113195967,false,שיבולת שועל פחית 500 גרם,,,שיבולת שועל פחית 500,גרמים,500.00,100 גרם,false,1,9.90,1.98,true,1,
7290113196513,false,פריכיות כוסמת בתוספת שקדים 150 גרם,,IL,פריכיות כוסמת בתוספת,גרמים,150.00,100 גרם,false,1,11.40,7.60,true,1,
7290113196896,false,"תרסיס שמן זית 170 מ""ל",,TR,"תרסיס שמן זית 170 מ""",מיליליטרים,170.00,"100 מ""ל",false,1,12.50,7.35,true,1,
7290113199781,false,ממרח אגוזים ובוטנים 100% 200 גרם,,,ממרח אגוזים ובוטנים,גרמים,200.00,100 גרם,false,1,15.90,7.95,true,1,
7290113302303,false,חטיף בונזו סטיקים עם,,,חטיף בונזו סטיקים עם,Unknown,0.00,Unknown,false,1,9.90,9.90,true,1,
7290113302310,false,בונזו בטטה רול 80 גרם,,,בונזו בטטה רול 80 גר,Unknown,0.00,Unknown,false,1,9.90,9.90,true,1,
7290113302341,false,חטיפי בונזו עוף ואור,,,חטיפי בונזו עוף ואור,Unknown,0.00,Unknown,false,1,9.90,9.90,true,1,
7290113302365,false,חטיפי בונזו ברווז בצ,,,חטיפי בונזו ברווז בצ,Unknown,0.00,Unknown,false,1,9.90,9.90,true,1,
7290114310215,false,שמנת מתוקה 38% 250 מל בקבוק,,IL,שמנת מתוקה 38% 250 מ,גרמים,250.00,100 גרם,false,1,6.47,2.59,true,1,
7290114310239,false,חלב נטול לקטוז מועשר בוויטמין D 2% 1.5 ל,,IL,חלב נטול לקטוז מועשר,מיליליטרים,1500.00,"100 מ""ל",false,1,12.50,0.83,true,1,
7290114310345,false,מעדן מו תות 1.5% 123 גר,,,מעדן מו תות 1.5% 123,גרמים,123.00,100 גרם,false,1,3.00,2.44,true,1,
7290114310536,false,מולר אקטיב לייט יוגורט 25 ג חלבון 0% שו,,IL,מולר אקטיב לייט,גרמים,200.00,100 גרם,false,1,6.50,3.25,true,1,
7290114310611,false,"משקה חלב בננה טרה 250 מ""ל",,IL,משקה חלב בננה טרה 25,מיליליטרים,250.00,"100 מ""ל",false,1,5.90,2.36,true,1,
7290114310895,false,מאגדת שמינייה סימפלי 1.5% מנגו ותות 1200,,,מאגדת שמינייה סימפלי,גרמים,1200.00,100 גרם,false,1,31.90,2.66,true,1,
7290114310901,false,גבינה לבנה 5% 250 גר,,,גבינה לבנה טרה 5%,גרמים,250.00,100 גרם,false,1,4.98,1.99,true,1,
7290114310963,false,יוגורט עיזים בדלי 3.7% משק צוריאל  500 ג,,IL,יוגורט עיזים בדלי 3.,גרמים,500.00,100 גרם,false,1,14.90,2.98,true,1,
7290114311014,false,"משקה חלב אייס קפוצינו יטבתה 250 מ""ל פקק",,,משקה חלב אייס קפוצינ,גרמים,200.00,100 גרם,false,1,5.90,2.95,true,1,
7290114311021,false,"משקה חלב וניל עוגיות טרה 250 מ""ל פקק ספו",,,משקה חלב וניל עוגיות,מיליליטרים,250.00,"100 מ""ל",false,1,5.90,2.36,true,1,
7290114311069,false,מולר אקטיב 25 ג חלבון 0% שומן 150 גרם,,IL,מולר אקטיב 25 ג חלבו,גרמים,150.00,100 גרם,false,1,5.90,3.93,true,1,
7290114311298,false,יוגורט מולר פרופ בטעם תות בננה מלון 150,,IL,יוגורט מולר פרופ בטע,גרמים,150.00,100 גרם,false,1,5.00,3.33,true,1,
7290114311304,false,יוגורט מולר פרופ בטעם מנגו פסיפלורה בננה,,IL,יוגורט מולר פרופ בטע,גרמים,150.00,100 גרם,false,1,5.00,3.33,true,1,
7290114311359,false,יוגורט מולר פרופ בטעם מנגו 3% 150 גרם,,IL,יוגורט מולר פרופ בטע,גרמים,150.00,100 גרם,false,1,5.00,3.33,true,1,
7290114311458,false,חלב בקרטון מועשר ויטמין D 3% 1 ליטר,,,חלב בקרטון מועשר ויט,מיליליטרים,1000.00,"100 מ""ל",false,1,8.40,0.84,true,1,
7290114600927,false,מנה עלי טורטיה חיט מלאה מ.שף 320 גר,,,מנה עלי טורטיה חיט מ,גרמים,320.00,100 גרם,false,1,10.90,3.41,true,1,
7290114600989,false,"רוטב אלף האיים מאסטר שף 250 מ""ל",,NL,רוטב אלף האיים מאסטר,מיליליטרים,250.00,"100 מ""ל",false,1,9.90,3.96,true,1,
7290114603584,false,PLAY חטיף פוף בטעם גריל 40 גרם,,,PLAY חטיף פוף בטעם ג,גרמים,40.00,100 גרם,false,1,4.60,11.50,true,1,
7290114604116,false,עננים 500 מקלני כותנה,,CN,עננים 500 מקלני כותנ,Unknown,0.00,Unknown,false,1,10.40,10.40,true,1,
7290114604857,false,"דפי אורז 22 ס""מ 400 גרם",,,"דפי אורז 22 ס""מ 400",גרמים,400.00,100 גרם,false,1,10.90,2.73,true,1,
7290114604925,false,"קרם קוקוס לייט מאסטר שף 400 מ""ל",,,קרם קוקוס לייט מאסטר,מיליליטרים,400.00,"100 מ""ל",false,1,9.40,2.35,true,1,
7290114606547,false,מיונז פטריות כמהין לחיץ מאסטר שף 242 גרם,,NL,מיונז פטריות כמהין ל,גרמים,242.00,100 גרם,false,1,13.50,5.58,true,1,
7290114606554,false,מיונז לייט לחיץ מאסטר שף 470 גרם,,NL,מיונז לייט לחיץ מאסט,גרמים,470.00,100 גרם,false,1,13.50,2.87,true,1,
7290114606561,false,מנה אסייאתי אטריות אורז דקות 400 ג מ.שף,,,מנה אסייאתי אטריות א,גרמים,400.00,100 גרם,false,1,9.90,2.48,true,1,
7290114608633,false,דפי אצה מאסטר שף 25 גרם,,,דפי אצה מאסטר שף 25,גרמים,25.00,100 גרם,false,1,12.50,50.00,true,1,
7290114608640,false,קרוטונים לסלט כוסמין מאסטר שף 260 גרם,,IL,קרוטונים לסלט כוסמין,גרמים,260.00,100 גרם,false,1,21.90,8.42,true,1,
7290114608695,false,מיונז עם ווסאבי לחיץ מאסטר שף 241 גרם,,NL,מיונז עם ווסאבי לחיץ,גרמים,241.00,100 גרם,false,1,13.50,5.60,true,1,
7290114659949,false,מסכה לפנים חד פעמי 50 יח,,,מסכה לפנים חד פעמי 5,יחידה,1.00,יחידה,false,1,9.90,9.90,true,1,
7290114821469,false,כבד דג שיבוט מעושן במיץ טבעי 120 גר,,,כבד דג שיבוט מעושן ב,גרמים,120.00,100 גרם,false,1,15.60,13.00,true,1,
7290115180251,false,יחידות טבק לחימום אמבר PP קרטוש,,,יחידות טבק לחימום אמ,Unknown,0.00,Unknown,false,1,26.50,26.50,true,1,
7290115180275,false,יחידות טבק לחימום טורקיז PP,,,יחידות טבק לחימום טו,Unknown,0.00,Unknown,false,1,26.50,26.50,true,1,
7290115180282,false,יחידות טבק לחימום ברונז PP,,,יחידות טבק לחימום בר,Unknown,0.00,Unknown,false,1,26.50,26.50,true,1,
7290115180299,false,יחידות טבק לחימום סיינה PP,,,יחידות טבק לחימום סי,Unknown,0.00,Unknown,false,1,26.50,26.50,true,1,
7290115180305,false,יחידות טבק לחימום אמבר PP,,,יחידות טבק לחימום אמ,Unknown,0.00,Unknown,false,1,260.00,260.00,true,1,
7290115180671,false,יחידות טבק לחימום סגול PP קרטוש,,,יחידות טבק לחימום סג,Unknown,0.00,Unknown,false,1,260.00,260.00,true,1,
7290115180688,false,יחידות טבק לחימום סגול PP,,,יחידות טבק לחימום סג,Unknown,0.00,Unknown,false,1,26.50,26.50,true,1,
7290115190007,false,מרלבורו רד PP קרטוש,,,מרלבורו רד PP קרטוש,Unknown,0.00,Unknown,false,1,330.00,330.00,true,1,
7290115190014,false,מרלבורו רד קצר בוקס חפיסה,,,מרלבורו רד קצר בוקס,Unknown,0.00,Unknown,false,1,33.50,33.50,true,1,
7290115190076,false,מרלבורו גולד 100 חפיסה,,,מרלבורו גולד 100 חפי,Unknown,0.00,Unknown,false,1,33.90,33.90,true,1,
7290115190083,false,מרלבורו גולד PP קרטוש,,,מרלבורו גולד PP קרטו,Unknown,0.00,Unknown,false,1,330.00,330.00,true,1,
7290115190090,false,מרלבורו גולד קצר,,,מרלבורו גולד קצר,Unknown,0.00,Unknown,false,1,33.50,33.50,true,1,
7290115190120,false,מרלבורו פיין טאץ PP קרטוש,,,מרלבורו פיין טאץ PP,יחידה,1.00,יחידה,false,1,285.00,285.00,true,1,
7290115190137,false,מלבורו פיין טאצ 7.1 חפיסה,,,מלבורו פיין טאצ 7.1,יחידה,1.00,יחידה,false,1,31.90,31.90,true,1,
7290115190144,false,מרלבורו טאץ PP קרטוש,,,מרלבורו טאץ PP קרטוש,יחידה,1.00,יחידה,false,1,285.00,285.00,true,1,
7290115190151,false,מלבורו גולד טאצ 7.1 חפיסה,,,מלבורו גולד טאצ 7.1,יחידה,1.00,יחידה,false,1,31.90,31.90,true,1,
7290115190175,false,פרלמנט סופר סלימס חפיסה,,,פרלמנט סופר סלימס חפ,Unknown,0.00,Unknown,false,1,38.50,38.50,true,1,
7290115190199,false,פרלמנט ארוך RCB חפיסה,,,פרלמנט ארוך RCB חפיס,Unknown,0.00,Unknown,false,1,38.50,38.50,true,1,
7290115190212,false,פרלמנט ארוך בלו RCB חפיסה,,,פרלמנט ארוך בלו RCB,Unknown,0.00,Unknown,false,1,38.50,38.50,true,1,
7290115190229,false,פרלמנט בלו PP קרטוש,,,פרלמנט בלו PP קרטוש,Unknown,0.00,Unknown,false,1,380.00,380.00,true,1,
7290115190236,false,פרלמנט קצר בלו חפיסה,,,פרלמנט קצר בלו חפיסה,Unknown,0.00,Unknown,false,1,38.50,38.50,true,1,
7290115190250,false,פרלמנט נייט PP חפיסה,,,פרלמנט נייט PP חפיסה,Unknown,0.00,Unknown,false,1,38.50,38.50,true,1,
7290115190274,false,פרלמנט סילבר חפיסה,,,פרלמנט סילבר חפיסה,Unknown,0.00,Unknown,false,1,38.50,38.50,true,1,
7290115190335,false,ל.מ.בלו לייבל ארוך בוקס חפיסה,,,ל.מ.בלו לייבל ארוך ב,Unknown,0.00,Unknown,false,1,29.50,29.50,true,1,
7290115190342,false,ל.מ בלו PP קרטוש,,,ל.מ בלו PP קרטוש,Unknown,0.00,Unknown,false,1,290.00,290.00,true,1,
7290115190359,false,L&M בלו לייבל קצר-חפיסה,,,L&M בלו לייבל קצר-חפ,Unknown,0.00,Unknown,false,1,29.50,29.50,true,1,
7290115190366,false,ל.מ. קפסולה PP קרטוש,,,ל.מ. קפסולה PP קרטוש,Unknown,0.00,Unknown,false,1,290.00,290.00,true,1,
7290115190373,false,ל.מ.פורוורד חפיסה,,,ל.מ.פורוורד חפיסה,Unknown,0.00,Unknown,false,1,29.50,29.50,true,1,
7290115190397,false,ל.מ.רד לייבל קצר חפיסה,,,ל.מ רדPP חפיסה,Unknown,0.00,Unknown,false,1,29.50,29.50,true,1,
7290115190410,false,ל.מ. סילבר לייבל חפיסה,,,ל.מ. סילבר לייבל חפי,Unknown,0.00,Unknown,false,1,29.50,29.50,true,1,
7290115190427,false,ל.מ וייב PP קרטוש,,,ל.מ וייב PP קרטוש,Unknown,0.00,Unknown,false,1,290.00,290.00,true,1,
7290115190434,false,ל.מ וייב PP חפיסה,,,ל.מ וייב PP חפיסה,Unknown,0.00,Unknown,false,1,29.50,29.50,true,1,
7290115190458,false,נקסט ארג חפיסה,,,נקסט ארג חפיסה,Unknown,0.00,Unknown,false,1,24.90,24.90,true,1,
7290115190472,false,נקסט  פיין ארג חפיסה,,,נקסט  פיין ארג חפיסה,Unknown,0.00,Unknown,false,1,24.90,24.90,true,1,
7290115190496,false,נקסט פיין 100 חפיסה PP,,,נקסט פיין 100 חפיסה,Unknown,0.00,Unknown,false,1,28.50,28.50,true,1,
7290115190519,false,נקסט חפיסה,,,נקסט חפיסה,Unknown,0.00,Unknown,false,1,28.50,28.50,true,1,
7290115190533,false,נקסט 100 ריסס חפיסה,,,נקסט 100 ריסס חפיסה,Unknown,0.00,Unknown,false,1,25.90,25.90,true,1,
7290115190557,false,נקסט ריסס חפיסה,,,נקסט ריסס חפיסה,Unknown,0.00,Unknown,false,1,25.90,25.90,true,1,
7290115190571,false,נקסט לילך חפיסה,,,נקסט לילך PP חפיסה,Unknown,0.00,Unknown,false,1,28.50,28.50,true,1,
7290115190595,false,נקסט FF חפיסה,,,נקסט FF חפיסה,Unknown,0.00,Unknown,false,1,28.50,28.50,true,1,
7290115190977,false,מלבורו  טאצ אדום חפיסה,,,מלבורו  טאצ אדום חפי,יחידה,1.00,יחידה,false,1,28.90,28.90,true,1,
7290115191035,false,מרלבורו סאמר ספלאש חפיסה,,,מרלבורו סאמר ספלאש ח,יחידה,1.00,יחידה,false,1,28.90,28.90,true,1,
7290115201031,false,אסם פתיבר דובי שוקולד 175 גרם,,,אסם פתיבר דובי שוקול,גרמים,175.00,100 גרם,false,1,10.90,6.23,true,1,
7290115202236,false,טופו קראנצ טבעול 470 גר,,IL,טופו קראנצ טבעול 470,גרמים,470.00,100 גרם,false,1,36.50,7.77,true,1,
7290115203172,false,במבה פרו 80 גרם,,,במבה פרו 80 גרם,גרמים,80.00,100 גרם,false,1,4.30,5.38,true,1,
7290115203295,false,פרפקטו פסטה ריציאולי מהדורה  500 גרם,,,פרפקטו פסטה ריציאולי,גרמים,500.00,100 גרם,false,1,12.90,2.58,true,1,
7290115203806,false,"אסם רוטב בסיס 290 מ""ל",,,"אסם רוטב בסיס 290 מ""",מיליליטרים,290.00,"100 מ""ל",false,1,16.70,5.76,true,1,
7290115204155,false,צבר סחוג אדום 190 גרם,,,צבר סחוג אדום 190 גר,יחידה,1.00,יחידה,false,1,12.90,12.90,true,1,
7290115204186,false,צבר פסטו 190 גרם,,,צבר פסטו 190 גרם,יחידה,1.00,יחידה,false,1,19.80,19.80,true,1,
7290115204261,false,צבר אריסה 190 גרם,,,צבר אריסה 190 גרם,יחידה,1.00,יחידה,false,1,12.90,12.90,true,1,
7290115205527,false,פיטנס חטיף מולטגריין עם עדשים 25 גרם,,,פיטנס חטיף מולטגריין,גרמים,25.00,100 גרם,false,1,4.90,19.60,true,1,
7290115207484,false,צבר סלט חציל על האש היתר 360 גרם,,,צבר סלט חציל על האש,גרמים,360.00,100 גרם,false,1,18.30,5.08,true,1,
7290115208009,false,סירופ ויטמינציק ענבים 1 ליטר,,,סירופ ויטמינציק ענבי,מיליליטרים,1000.00,"100 מ""ל",false,1,21.90,2.19,true,1,
7290115208047,false,סירופ ויטמינציק פטל 1 ליטר,,,סירופ ויטמינציק פטל,מיליליטרים,1000.00,"100 מ""ל",false,1,21.90,2.19,true,1,
7290115208801,false,לחמית דבש ואגוזים 190 גרם,,,לחמית דבש ואגוזים 19,גרמים,190.00,100 גרם,false,1,9.90,5.21,true,1,
7290115209198,false,במבה אורירית 80 גרם,,,במבה אורירית 80 גרם,גרמים,80.00,100 גרם,false,1,4.30,5.38,true,1,
7290115209235,false,אסם פתי בר קפה 500 גרם,,,אסם פתי בר קפה 500 ג,גרמים,500.00,100 גרם,false,1,13.90,2.78,true,1,
7290115209358,false,במבה במילוי בראוניז 60 גר,,,במבה במילוי בראוניז,גרמים,60.00,100 גרם,false,1,4.30,7.17,true,1,
7290115209372,false,במבה במילוי בראוניז 150 גר,,,במבה במילוי בראוניז,גרמים,150.00,100 גרם,false,1,10.90,7.27,true,1,
7290115250503,false,קרקר כוסמין שום ועשבי תיבול שקית 225 גרם,,IL,קרקר כוסמין שום ועשב,גרמים,225.00,100 גרם,false,1,26.50,11.78,true,1,
7290115250527,false,קרקר חומוס 225 גרם,,IL,קרקר חומוס 225 גרם,גרמים,225.00,100 גרם,false,1,26.50,11.78,true,1,
7290115252330,false,וירו מנת קינואה ספרדי 470 גרם,,,וירו מנת קינואה ספרד,גרמים,470.00,100 גרם,false,1,15.90,3.38,true,1,
7290115252354,false,וירו מנת קינואה ים תיכוני 470 גרם,,,וירו מנת קינואה ים ת,גרמים,470.00,100 גרם,false,1,15.90,3.38,true,1,
7290115252378,false,וירו מנת קינואה אקזוטי 470 גרם,,,וירו מנת קינואה אקזו,גרמים,470.00,100 גרם,false,1,15.90,3.38,true,1,
7290115252484,false,פאי פיצוחים 400 גרם,,IL,פאי פיצוחים 400 גרם,גרמים,400.00,100 גרם,false,1,44.90,11.23,true,1,
7290115671155,false,שלישיית סוכריות ענבים 45 גר FRESH,,,שלישיית סוכריות ענבי,גרמים,45.00,100 גרם,false,1,9.50,21.11,true,1,
7290115671223,false,מאסט פאן אבטיח מנגו 58 גרם,,,מאסט פאן אבטיח מנגו,גרמים,58.00,100 גרם,false,1,9.90,17.07,true,1,
7290115675559,false,מארז טורקי לדרך 70 גרם,,,מארז טורקי לדרך 70 ג,גרמים,70.00,100 גרם,false,1,9.40,13.43,true,1,
7290115675696,false,קוואקר  אגוזים 375 גר 6 יח Cruesli,,,קוואקר  אגוזים 375 ג,גרמים,375.00,100 גרם,false,1,17.90,4.77,true,1,
7290115678376,false,מעדן הגולן שוקולד 125 גרם,,,מעדן הגולן שוקולד,גרמים,125.00,100 גרם,false,1,3.30,2.64,true,1,
7290116530062,false,הלמנס רוטב ויניגרט לסלט 295 גרם,,,הלמנס רוטב ויניגרט ל,גרמים,295.00,100 גרם,false,1,14.60,4.95,true,1,
7290116530888,false,גל לכביסה בדין לבנה וצבעונית 2.5 ליטר,,,גל לכביסה בדין,קילוגרמים,0.00,"ק""ג",false,1,36.50,36.50,true,1,
7290116531069,false,מרק בצל קנור 225 גרם,,IL,מרק בצל קנור 225 גרם,גרמים,225.00,100 גרם,false,1,19.80,8.80,true,1,
7290116531083,false,"דגני ברנפלקס דבש ושקדים ללת""ס 400 גרם",,IL,דגני ברנפלקס דבש ושק,גרמים,400.00,100 גרם,false,1,20.90,5.23,true,1,
7290116531557,false,מאגדת פתית פריכיות תירס דקות 150 גרם,,PL,מאגדת פתית פריכיות ת,גרמים,150.00,100 גרם,false,1,13.90,9.27,true,1,
7290116531564,false,מאגדת פתית פריכיות קינואה בזיליקום 150 ג,,PL,מאגדת פתית פריכיות ק,גרמים,150.00,100 גרם,false,1,13.90,9.27,true,1,
7290116531571,false,מט.לחות לניקוי כללי בניחוח לימון סיף,,,מט.לחות לניקוי כללי,Unknown,0.00,Unknown,false,1,10.90,10.90,true,1,
7290116531793,false,הלמנס רוטב לסלט קיסר 295 גרם,,IL,הלמנס רוטב לסלט קיסר,גרמים,295.00,100 גרם,false,1,14.60,4.95,true,1,
7290116532264,false,גודיז פרי אפרסק 300 גרם,,IL,גודיז פרי אפרסק 300,גרמים,300.00,100 גרם,false,1,28.50,9.50,true,1,
7290116532721,false,הלמנס רוטב לסלט לימון זעתר 295 גרם,,,הלמנס רוטב לסלט לימו,גרמים,295.00,100 גרם,false,1,14.60,4.95,true,1,
7290116532769,false,גרנולה פרוטאין ת.חלבון תפוח קינמון 300 ג,,,גרנולה פרוטאין ת.חלב,גרמים,300.00,100 גרם,false,1,19.80,6.60,true,1,
7290116930022,false,GO חטיף חלבון קרם עוגיות קריספי 60 גרם,,US,GO חטיף חלבון קרם עו,גרמים,60.00,100 גרם,false,1,11.90,19.83,true,1,
7290116930282,false,ארוחה בקטנה עם קרקרים 150 גרם,,,ארוחה בקטנה לאבנה עם,גרמים,150.00,100 גרם,false,1,7.90,5.27,true,1,
7290116930435,false,"יוגורט גו סמיך דובדבן 0% 200 מ""ל",,IL,יוגורט גו סמיך דובדב,מיליליטרים,200.00,"100 מ""ל",false,1,5.70,2.85,true,1,
7290116930442,false,"יופלה שייק בננה מנגו תפוז גזר ציה 230 מ""",,,יופלה שייק בננה מנגו,מיליליטרים,230.00,"100 מ""ל",false,1,8.50,3.70,true,1,
7290116930459,false,"יופלה שייק מנגו בננה אננס וקוקוס 230 מ""ל",,,יופלה שייק מנגו בננה,מיליליטרים,230.00,"100 מ""ל",false,1,8.50,3.70,true,1,
7290116930466,false,"יופלה שייק מנגו בננה פסיפלורה והל 230 מ""",,,יופלה שייק מנגו בננה,מיליליטרים,230.00,"100 מ""ל",false,1,8.50,3.70,true,1,
7290116930480,false,"יופלה שייק בננה קיווי תפוח 230 מ""ל",,,יופלה שייק בננה קיוו,מיליליטרים,230.00,"100 מ""ל",false,1,8.50,3.70,true,1,
7290116930626,false,ארוחה בקטנה ציזיקי עם קרקרים 150 גרם,,,ארוחה בקטנה ציזיקי ע,גרמים,150.00,100 גרם,false,1,7.90,5.27,true,1,
7290116930701,false,מעדן חלב go בטעם קרמל מלוח 120 גרם,,,מעדן חלב go בטעם קרמ,גרמים,120.00,100 גרם,false,1,5.10,4.25,true,1,
7290116931081,false,מעדן סויה בטעם טופי קרמל 125 גרם,,,מעדן סויה בטעם טופי,גרמים,125.00,100 גרם,false,1,4.60,3.68,true,1,
7290116931104,false,"יוגורט גו סמיך עם אננס 0% 200 מ""ל",,,יוגורט גו סמיך עם אנ,מיליליטרים,200.00,"100 מ""ל",false,1,5.90,2.95,true,1,
7290117260227,false,קפה טורקי אמיתי מטורקיה 100 גרם,,,קפה טורקי אמיתי מטור,גרמים,100.00,100 גרם,false,1,5.90,5.90,true,1,
7290117260968,false,ביסקוויטים וילי פוד ללא גלוטן 125 גר,,,ביסקוויטים וילי פוד,גרמים,125.00,100 גרם,false,1,9.90,7.92,true,1,
7290117261019,false,זיתים ירוק ממולאים מחית פלפלים אדומים300,,TR,זיתים ירוק ממולאים מ,גרמים,300.00,100 גרם,false,1,8.90,2.97,true,1,
7290117261521,false,סלמון אטלנטי בשמן קנולה וילי פוד 120 גר,,LV,סלמון אטלנטי בשמן קנ,גרמים,120.00,100 גרם,false,1,13.90,11.58,true,1,
7290117261545,false,סלמון אטלנטי ברוטב טריאקי וילי פוד 120 ג,,LV,סלמון אטלנטי ברוטב ט,גרמים,120.00,100 גרם,false,1,13.90,11.58,true,1,
7290117261576,false,סרדינים בריסלינג מעושנים ברוטב עגבניות,,LV,סרדינים בריסלינג מעו,גרמים,185.00,100 גרם,false,1,13.90,7.51,true,1,
7290117261583,false,סרדינים בריסלינג מעושנים בשמן קנולה 185,,LV,סרדינים בריסלינג מעו,גרמים,185.00,100 גרם,false,1,13.90,7.51,true,1,
7290117261590,false,סרדינים בריסלינג מעושנים בשמן זית 185 ג,,LV,סרדינים בריסלינג מעו,גרמים,185.00,100 גרם,false,1,13.90,7.51,true,1,
7290117262054,false,וופל שוקולד שוויצרי וילי פוד 200 גר,,GR,וופל שוקולד שוויצרי,גרמים,200.00,100 גרם,false,1,11.90,5.95,true,1,
7290117380154,false,"רוטב אסייתי סויה מאסטר שף 264 מ""ל",,,רוטב אסייתי סויה מאס,מיליליטרים,264.00,"100 מ""ל",false,1,9.90,3.75,true,1,
7290117380178,false,טוויסט פוף שוקולד חלב 50 גרם,,IL,טוויסט פוף שוקולד חל,גרמים,50.00,100 גרם,false,1,4.90,9.80,true,1,
7290117380185,false,טוויסט פוף שוקולד חלב ולבן 50 גרם,,IL,טוויסט פוף שוקולד חל,גרמים,50.00,100 גרם,false,1,4.90,9.80,true,1,
7290117380192,false,חטיף פוף קראנץ בטעם גריל 60 גרם,,,חטיף פוף קראנץ בטעם,גרמים,60.00,100 גרם,false,1,4.60,7.67,true,1,
7290117380215,false,חטיף פוף קראנץ בטעם טאקו 60 גרם,,,חטיף פוף קראנץ בטעם,גרמים,60.00,100 גרם,false,1,4.60,7.67,true,1,
7290117380864,false,סלים דליס פייבר עוגיות בראוניז שוקול 120,,,סלים דליס פייבר עוגי,גרמים,120.00,100 גרם,false,1,10.90,9.08,true,1,
7290117381236,false,פוף פריכיות מ.שוקולד מריר 70 גרם,,RS,פוף פריכיות מ.שוקולד,גרמים,70.00,100 גרם,false,1,7.50,10.71,true,1,
7290117381243,false,פוף פריכיות מ.שוקולד חלב תות 70 גרם,,RS,פוף פריכיות מ.שוקולד,גרמים,70.00,100 גרם,false,1,7.50,10.71,true,1,
7290117381250,false,פוף פריכיות מ.שוקולד מריר תפוז 70 גרם,,RS,פוף פריכיות מ.שוקולד,גרמים,70.00,100 גרם,false,1,7.50,10.71,true,1,
7290117382318,false,חטיף חלבון מ.שוקולד מריר סלים דליס 60 גר,,IT,חטיף חלבון מ.שוקולד,גרמים,60.00,100 גרם,false,1,12.90,21.50,true,1,
7290117382325,false,חטיף חלבון מ.שוקולד חלב סלים דליס 60 גרם,,IT,חטיף חלבון מ.שוקולד,גרמים,60.00,100 גרם,false,1,12.90,21.50,true,1,
7290117382332,false,חטיף חלבון מ.שוקו עוגיות סלים דליס 60 גר,,IT,חטיף חלבון מ.שוקו עו,גרמים,60.00,100 גרם,false,1,12.90,21.50,true,1,
7290117383711,false,פלמוליב חלב ודבש 750 מל מארז זוג,,TR,פלמוליב חלב ודבש 750,Unknown,0.00,Unknown,false,1,30.00,30.00,true,1,
7290117383728,false,פלמוליב לומינוס אבוקדו 750 מל מארז זוג,,TR,פלמוליב לומינוס אבוק,Unknown,0.00,Unknown,false,1,30.00,30.00,true,1,
7290117383735,false,פלמוליב חימר ורדים 750 מל מארז זוג,,TR,פלמוליב חימר ורדים 7,Unknown,0.00,Unknown,false,1,30.00,30.00,true,1,
7290117383742,false,פלמוליב גבר מרענן 750 מל מארז זוג,,TR,פלמוליב גבר מרענן 75,Unknown,0.00,Unknown,false,1,30.00,30.00,true,1,
7290117900949,false,בוטנים מצופים אמריקאים 250 גרם,,IL,בוטנים מצופים אמריקא,גרמים,250.00,100 גרם,false,1,10.00,4.00,true,1,
7290117900956,false,תערובת פיצוחים קלויים 180 גרם,,IL,תערובת פיצוחים קלויי,גרמים,180.00,100 גרם,false,1,15.00,8.33,true,1,
7290117900963,false,בוטנים קלויים 270 גרם,,IL,בוטנים קלויים 270 גר,גרמים,270.00,100 גרם,false,1,10.00,3.70,true,1,
7290117900970,false,שקדים קלויים 180 גרם,,IL,שקדים קלויים 180 גרם,גרמים,180.00,100 גרם,false,1,15.90,8.83,true,1,
7290117900994,false,פקאן סיני מסוכר 140 גרם,,IL,פקאן סיני מסוכר 140,גרמים,140.00,100 גרם,false,1,15.00,10.71,true,1,
7290117901007,false,פיסטוקים קלויים 130 גרם,,IL,פיסטוקים קלויים 130,גרמים,130.00,100 גרם,false,1,15.00,11.54,true,1,
7290117901014,false,קשיו קלוי 160 גרם,,IL,קשיו קלוי 160 גרם,גרמים,160.00,100 גרם,false,1,15.00,9.38,true,1,
7290117901021,false,קבוקים בוטנים מצופים שומשום 220 גרם,,IL,קבוקים בוטנים מצופים,גרמים,220.00,100 גרם,false,1,10.00,4.55,true,1,
7290117901038,false,אגוזי מלך קלופים 190 גרם,,IL,אגוזי מלך קלופים 190,גרמים,190.00,100 גרם,false,1,15.00,7.89,true,1,
7290117901045,false,בוטן רביולי 200 גרם,,IL,בוטן רביולי 200 גרם,גרמים,200.00,100 גרם,false,1,15.00,7.50,true,1,
7290117901052,false,שקדים קלופים 180 גרם,,IL,שקדים קלופים 180 גרם,גרמים,180.00,100 גרם,false,1,15.00,8.33,true,1,
7290117901168,false,מיקס אגוזים וחמוציות 250 גרם ששון הקולה,,,מיקס אגוזים וחמוציות,גרמים,250.00,100 גרם,false,1,20.00,8.00,true,1,
7290117901175,false,שקדים קלופים 250 גרם ששון הקולה,,,שקדים קלופים 250 גרם,גרמים,250.00,100 גרם,false,1,20.00,8.00,true,1,
7297488098015,false,גרנולה קרנצ שוקו דגש 250 גרם,,,גרנולה קרנצ שוקו דגש,גרמים,250.00,100 גרם,false,1,16.90,6.76,true,1,
7297488098152,false,קמח חומוס 500 גרם,,,קמח חומוס 500 גרם,גרמים,500.00,100 גרם,false,1,17.50,3.50,true,1,
7297488098220,false,קמח תפוא 500 גרם,,,"קמח תפו""א 500 גרם",גרמים,500.00,100 גרם,false,1,12.90,2.58,true,1,
7297488098305,false,קמח שקדים דגש 250 גרם,,,קמח שקדים דגש 250 גר,גרמים,250.00,100 גרם,false,1,26.90,10.76,true,1,
7297488099821,false,גרנולה ללא תוספת סוכר 250 גרם,,,גרנולה ללא תוספת סוכ,גרמים,250.00,100 גרם,false,1,15.90,6.36,true,1,
7298074500615,false,ערכה לבדיקת הריון בודד סנסו טסט,,,ערכה לבדיקת הריון בו,Unknown,0.00,Unknown,false,1,35.00,35.00,true,1,
7298087000959,false,וולטרן משחה 50 גרם,,,וולטרן משחה 50 גרם,גרמים,50.00,100 גרם,false,1,47.90,95.80,true,1,
7310511802301,false,דאיים מיני 200 גרם,,SE,דאיים מיני 200 גרם,Unknown,1.00,Unknown,false,1,16.90,16.90,true,1,
7312220035735,false,אנאס עוגיות דקות בטעם תפוז 150 גר,Annas Pepparkakor,SE,אנאס עוגיות דקות בטע,גרמים,150.00,100 גרם,false,1,11.90,7.93,true,1,
7390010296733,false,גזר קוריאני 500 גר,,,גזר קוריאני 500 גר,גרמים,500.00,100 גרם,false,1,12.50,2.50,true,1,
7394376123337,false,משקה ש.שועל אורגני 1 ליטר,,,משקה ש.שועל אורגני 1,מיליליטרים,1000.00,"100 מ""ל",false,1,13.90,1.39,true,1,
7394376615825,false,משקה ש.שועל מועשר בסידן וויטמינים 1 ליטר,,,משקה ש.שועל מועשר בס,מיליליטרים,1000.00,"100 מ""ל",false,1,13.90,1.39,true,1,
7441000720599,false,לבבות דקל(פח)400 גרם,,EC,לבבות דקל(פח)400 גרם,גרמים,400.00,100 גרם,false,1,11.90,2.98,true,1,
7441000720605,false,לבבות דקל(צנצנת)410 גרם,,EC,לבבות דקל(צנצנת)410,גרמים,410.00,100 גרם,false,1,16.90,4.12,true,1,
7500162900000,false,"בירה סול  330 מ""ל בקבוק",,NL,"בירה סול  330 מ""ל בק",מיליליטרים,330.00,"100 מ""ל",false,1,6.90,2.09,true,1,
7501013101348,false,"גומקס נקטר מנגו 473 מ""ל",,,גומקס נקטר מנגו 473,מיליליטרים,473.00,"100 מ""ל",false,1,9.50,2.01,true,1,
7501013101355,false,"גומקס נקטר אפרסק 473 מ""ל",,,גומקס נקטר אפרסק 473,מיליליטרים,473.00,"100 מ""ל",false,1,9.50,2.01,true,1,
7501013101362,false,"גומקס משקה קוקוס אננס 473 מ""ל",,,גומקס משקה קוקוס אננ,מיליליטרים,473.00,"100 מ""ל",false,1,9.50,2.01,true,1,
7501013101393,false,"גומקס  משקה אננס 473 מ""ל",,,גומקס  משקה אננס 473,מיליליטרים,473.00,"100 מ""ל",false,1,9.50,2.01,true,1,
7501013122053,false,גומקס נקטר אפרסק קרטונית 1 ליטר,,,גומקס נקטר אפרסק קרט,מיליליטרים,1000.00,"100 מ""ל",false,1,11.10,1.11,true,1,
7501013122114,false,גומקס משקה אננס קרטונית 1 ליטר,,,גומקס משקה אננס קרטו,מיליליטרים,1000.00,"100 מ""ל",false,1,11.10,1.11,true,1,
7501013122190,false,גומקס משקה תפוחים קרטונית 1 ליטר,,,גומקס משקה תפוחים קר,מיליליטרים,1000.00,"100 מ""ל",false,1,11.10,1.11,true,1,
7501013122992,false,גומקס משקה קוקוס אננס קרטונית 1 ליטר,,,גומקס משקה קוקוס אננ,מיליליטרים,1000.00,"100 מ""ל",false,1,11.10,1.11,true,1,
7501049936945,false,"בירה  סול שישייה בקבוק 330 מ""ל",,NL,בירה  סול שישייה בקב,מיליליטרים,1980.00,"100 מ""ל",false,1,31.90,1.61,true,1,
7501064191466,false,"שישיית בירה קורונה 355 מ""ל בקבוק",,,שישיית בירה קורונה 3,מיליליטרים,2130.00,"100 מ""ל",false,1,29.90,1.40,true,1,
7509546061160,false,"קולגייט מ. שיניים מיניונים 2-5 75 מ""ל",,,קולגייט מ. שיניים מי,Unknown,0.00,Unknown,false,1,15.90,15.90,true,1,
7509546063515,false,ליידי ספיד סטיק פרו 5 ספריי 150 מל,,,ליידי ספיד סטיק פרו,מיליליטרים,150.00,"100 מ""ל",false,1,15.90,10.60,true,1,
7509546678702,false,קולגייט טוטל אנטי טרטר  מתקדמת 100 מל,,MX,קולגייט טוטל אנטי טר,מיליליטרים,100.00,"100 מ""ל",false,1,19.90,19.90,true,1,
7590010296751,false,כרוב כבוש  500 גר,,,כרוב כבוש  500 גר,גרמים,500.00,100 גרם,false,1,11.40,2.28,true,1,
7590010296768,false,"כרוב כבוש  1 ק""ג",,,"כרוב כבוש  1 ק""ג",גרמים,1000.00,100 גרם,false,1,23.90,2.39,true,1,
7610008059073,false,טבלת שוקולד רגוסה קלאסי עם שקדים 100 גר,,CH,טבלת שוקולד רגוסה קל,גרמים,100.00,100 גרם,false,1,18.10,18.10,true,1,
7610008059080,false,טבלת שוקולד רגוסה מריר עם שקדים 100 גר,,CH,טבלת שוקולד רגוסה מר,גרמים,100.00,100 גרם,false,1,18.10,18.10,true,1,
7610008709008,false,בונבוניירה רגוסה חלב 400 גר,,CH,בונבוניירה רגוסה חלב,גרמים,400.00,100 גרם,false,1,62.90,15.73,true,1,
7610008713500,false,בונבוניירה טורינו שוקולד חלב 300 גר,,,בונבוניירה טורינו,גרמים,300.00,100 גרם,false,1,62.90,20.97,true,1,
7610100034084,false,מיונז טומי 265 גר,,,מיונז טומי 265 גר,גרמים,265.00,100 גרם,false,1,11.90,4.49,true,1,
7610202466769,false,"סטלה-שוק מריר 72% פולי קקאו לל""ס 100 גרם",,ES,סטלה-שוק מריר 72% פו,גרמים,100.00,100 גרם,false,1,17.90,17.90,true,1,
7610211130804,false,הרמזית 800 טבליות,,,הרמזית 800 טבליות,גרמים,800.00,100 גרם,false,1,29.90,3.74,true,1,
7610243004463,false,דורגול  מרסס 500 מל,,,דורגול  מרסס 600 מל,מיליליטרים,600.00,"100 מ""ל",false,1,25.90,4.32,true,1,
7610400010481,false,לינדט אקסלנס מילק 100 גר,,,לינדט אקסלנס מילק,גרמים,100.00,100 גרם,false,1,14.90,14.90,true,1,
7610400014632,false,לינדט שוקולד לבן 100 גרם,,,לינדט שוקולד לבן 100,גרמים,100.00,100 גרם,false,1,15.80,15.80,true,1,
7610400068529,false,בונבוניירה לינדור אבורטד 200 גרם,,,בונבוניירה לינדור אב,גרמים,200.00,100 גרם,false,1,29.90,14.95,true,1,
7610400075794,false,לינדט לה גרנד לבן שקד 150 גר,,,לינדט לה גרנד לבן שק,גרמים,150.00,100 גרם,false,1,23.90,15.93,true,1,
7610400086202,false,לינדט לה גרנד בלו אנד קרנ 150 גר,,,לינדט לה גרנד בלו אנ,גרמים,150.00,100 גרם,false,1,23.90,15.93,true,1,
7610400091060,false,לינדט שוקולד אקסלנס אורנגי 100 גרם,,,לינדט שוקולד אקסלנס,גרמים,100.00,100 גרם,false,1,14.90,14.90,true,1,
7610563208374,false,גרוייר שוויצרי פרוס 150 גר,,,גרוייר שוויצרי פרוס,גרמים,150.00,100 גרם,false,1,40.90,27.27,true,1,
7610700612859,false,"ריקולה ס.קשות לל""ס בטעם פירות יער 45 גר",,CH,"ריקולה ס.קשות לל""ס ב",גרמים,45.00,100 גרם,false,1,10.50,23.33,true,1,
7613031241576,false,אפטר אייט מקלות שוקולד מנטה 125 גרם,,,אפטר אייט מקלות שוקו,גרמים,125.00,100 גרם,false,1,17.90,14.32,true,1,
7613032045753,false,פיטנס שוקולד 375 ג,,,פיטנס שוקולד 375 ג,גרמים,375.00,100 גרם,false,1,19.90,5.31,true,1,
7613033548192,false,דגני בוקר פיטנס שוקולד מריר 375 גרם,,,דגני בוקר פיטנס שוקו,גרמים,375.00,100 גרם,false,1,19.90,5.31,true,1,
7613035622623,false,פיטנס גרנולה שקדים ודבש 300 גרם,,,פיטנס גרנולה שקדים ו,גרמים,300.00,100 גרם,false,1,17.70,5.90,true,1,
7613035635845,false,פיטנס גרנולה שוקולד 300 גרם,,,פיטנס גרנולה שוקולד,גרמים,300.00,100 גרם,false,1,17.70,5.90,true,1,
7613036314114,false,נס קפה גולד 200 גרם,,,נס קפה גולד 200 גרם,גרמים,200.00,100 גרם,false,1,45.90,22.95,true,1,
7613036723701,false,נסטלה דולצה שוקולד חלב 100 גרם,,,נסטלה דולצה שוקולד ח,גרמים,100.00,100 גרם,false,1,7.90,7.90,true,1,
7613036976657,false,פאוץ פריסקיז הודו 85,,,פאוץ פריסקיז הודו 85,Unknown,1.00,Unknown,false,1,4.90,4.90,true,1,
7613036976695,false,פאוץ פריסקיז בקר 85,,,פאוץ פריסקיז בקר 85,Unknown,0.00,Unknown,false,1,4.90,4.90,true,1,
7613036976718,false,פאוץ פריסקיז ברווז 8,,,פאוץ פריסקיז ברווז 8,Unknown,0.00,Unknown,false,1,4.90,4.90,true,1,
7613037686906,false,דגני בוקר פיטנס שקדים ודבש  355 גרם,,,דגני בוקר פיטנס שקדי,גרמים,375.00,100 גרם,false,1,19.90,5.31,true,1,
7613039770450,false,טבעול סנסשיונל בורגר 226 גרם,,IL,טבעול סנסשיונל בורגר,גרמים,226.00,100 גרם,false,1,34.90,15.44,true,1,
7613039905920,false,סמרטיז שלישייה 102 גרם,,,סמרטיז שלישייה 102 ג,גרמים,102.00,100 גרם,false,1,10.90,10.69,true,1,
7613287302373,false,קפסולות סטארבקס איטלאן סטייל רוסט  56 ג,,CH,קפסולות סטארבקס איטל,גרמים,55.00,100 גרם,false,1,21.90,39.82,true,1,
7613287325952,false,רוטב ברביקיו לחיץ 345 גרם אסם,,,רוטב ברביקיו לחיץ 34,גרמים,345.00,100 גרם,false,1,16.70,4.84,true,1,
7613287457486,false,אפטר אייט מוחיטו ומנטה 200 גר,,,אפטר אייט מוחיטו ומנ,גרמים,200.00,100 גרם,false,1,15.20,7.60,true,1,
7613287821348,false,טבעול נתחוני עוף סנסשיונל 350*6 גרם,,IL,טבעול נתחוני עוף סנס,גרמים,350.00,100 גרם,false,1,34.90,9.97,true,1,
7613287855640,false,סטארבקס קפסולות גוואטמלה 52 גרם,,,סטארבקס קפסולות גווא,גרמים,57.00,100 גרם,false,1,21.90,38.42,true,1,
7614500010013,false,טובלרון חלב 100 גר,,,טובלרון חלב 100 גר,גרמים,100.00,100 גרם,false,1,10.40,10.40,true,1,
7614500010310,false,טובלרון לבן 100 גר,,,טובלרון לבן 100 גר,גרמים,100.00,100 גרם,false,1,10.40,10.40,true,1,
7614500010617,false,טובלרון מריר 100 גרם,,,טובלרון מריר 100 גרם,גרמים,100.00,100 גרם,false,1,10.40,10.40,true,1,
7622010001858,false,אוראו ממולאות קרם וניל באטמן 176 גרם,,,אוראו ממולאות קרם ונ,גרמים,176.00,100 גרם,false,1,8.90,5.06,true,1,
7622201050757,false,שוקולד חלב עם קרמל מילקה  100 גרם,,,שוקולד חלב עם קרמל מ,גרמים,100.00,100 גרם,false,1,6.90,6.90,true,1,
7622201137052,false,מילקה מיני קוקיז 110 גרם,,ES,מילקה מיני קוקיז 110,גרמים,110.00,100 גרם,false,1,8.90,8.09,true,1,
7622201139278,false,גבינת פילדלפיה 27% 150 גר,,,גבינת פילדלפיה 27%,גרמים,150.00,100 גרם,false,1,13.90,9.27,true,1,
7622201401900,false,עוגיות מילקה סנסיישן אוראו 156 גרם,,PL,עוגיות מילקה סנסיישן,גרמים,156.00,100 גרם,false,1,10.90,6.99,true,1,
7622201492878,false,מילקה שוקו לופס 132 גרם,,CZ,מילקה שוקו לופס 132,גרמים,132.00,100 גרם,false,1,13.90,10.53,true,1,
7622201502515,false,מילקה קוקי לופ 132 גרם,,,מילקה קוקי לופ 132 ג,גרמים,132.00,100 גרם,false,1,10.90,8.26,true,1,
7622201802363,false,שוקולד מילקה  צימוק 100 גרם,,,שוקולד מילקה  צימוק,גרמים,100.00,100 גרם,false,1,6.90,6.90,true,1,
7622201802394,false,שוקולד מילקה חלב 100 גרם,,,שוקולד מילקה חלב 100,גרמים,100.00,100 גרם,false,1,6.90,6.90,true,1,
7622201813390,false,עוגיות מילקה וואפל במילוי קרם קקאו 150 ג,,,עוגיות מילקה וואפל ב,גרמים,150.00,100 גרם,false,1,10.90,7.27,true,1,
7622210078131,false,שוקולד חלב עם דאיים מילקה 100 גרם,,,שוקולד חלב עם דאיים,גרמים,100.00,100 גרם,false,1,6.90,6.90,true,1,
7622210137234,false,עוגיות אוראו עם דאבל קרים וניל 170 גר,,,עוגיות אוראו עם דאבל,גרמים,170.00,100 גרם,false,1,9.90,5.82,true,1,
7622210163899,false,שוקולד חלב עם עדשים מילקה 100 גר,,DE,שוקולד חלב עם עדשים,גרמים,100.00,100 גרם,false,1,6.90,6.90,true,1,
7622210248671,false,מילקה ש.חלב עדשים וסוכריות 250 גרם,,,מילקה ש.חלב עדשים וס,גרמים,250.00,100 גרם,false,1,19.80,7.92,true,1,
7622210421968,false,לו ביסקוויט פטיט אקולייה 150 גר,,,לו ביסקוויט פטיט אקו,גרמים,150.00,100 גרם,false,1,20.90,13.93,true,1,
7622210453327,false,עוגיות מילקה סנסיישן 156 גרם,,,מילקה סנסיישן 156 גר,גרמים,100.00,100 גרם,false,1,10.90,10.90,true,1,
7622210464729,false,אוראו גולדן 154 גרם,,UA,אוראו גולדן 154 גרם,גרמים,154.00,100 גרם,false,1,6.90,4.48,true,1,
7622210585639,false,מילקה כדורי ש.חלב במילוי אוראו 86 גרם,,DE,מילקה כדורי ש.חלב במ,גרמים,86.00,100 גרם,false,1,10.90,12.67,true,1,
7622210597915,false,מילקה לבבות פרלינים 110 גרם,,BG,מילקה לבבות פרלינים,גרמים,110.00,100 גרם,false,1,11.90,10.82,true,1,
7622210635105,false,אוראו תות 154 גרם,,UA,אוראו תות 154 גרם,גרמים,154.00,100 גרם,false,1,6.90,4.48,true,1,
7622210637994,false,אוראו ביס קראנצי אורגינל 110 גרם,,ES,אוראו ביס קראנצי אור,גרמים,110.00,100 גרם,false,1,8.90,8.09,true,1,
7622210638021,false,אוראו ביס קראנצי ציפוי שוקולד 110 גרם,,ES,אוראו ביס קראנצי ציפ,גרמים,110.00,100 גרם,false,1,8.90,8.09,true,1,
7622210690852,false,מילקה טריוולד 280 גרם,,,מילקה טריוולד 280 גר,גרמים,280.00,100 גרם,false,1,19.80,7.07,true,1,
7622210765338,false,עוגיות אוראו 176 גרם,,,עוגיות אוראו 176 גרם,גרמים,176.00,100 גרם,false,1,8.90,5.06,true,1,
7622210826053,false,שוקולד מילקה אוראו סנדביץ 92 גר,,DE,שוקולד מילקה אוראו ס,גרמים,92.00,100 גרם,false,1,6.90,7.50,true,1,
7622210835338,false,אוראו בראוניז 176 גר,,,אוראו בראוניז 176 גר,גרמים,176.00,100 גרם,false,1,8.90,5.06,true,1,
7622300270506,false,עוגיות ש.שועל מצופות שוקולד 168 גר מילקה,,,עוגיות ש.שועל מצופות,גרמים,168.00,100 גרם,false,1,10.90,6.49,true,1,
7622300315283,false,"אוראו וניל 154 גרם בד""צ",,UA,אוראו וניל 154 גרם ב,גרמים,154.00,100 גרם,false,1,9.40,6.10,true,1,
7622300340285,false,גבינת פילדלפיה 22% 175 גר,,,גבינת פילדלפיה 22%,גרמים,175.00,100 גרם,false,1,14.90,8.51,true,1,
7622300340292,false,גבינת פילדלפיה 11% 175 גר,,,גבינת פילדלפיה 11%,גרמים,175.00,100 גרם,false,1,14.90,8.51,true,1,
7622300441715,false,עוגיות מילקה שוקו מיני 150 גרם,,,עוגיות מילקה שוקו מי,גרמים,150.00,100 גרם,false,1,10.90,7.27,true,1,
7622300489427,false,אוראו פאג שוקולד לבן 246 גרם,,,אוראו פאג שוקולד לבן,גרמים,246.00,100 גרם,false,1,18.90,7.68,true,1,
7622300489434,false,אוראו פאדג שוקולד חלב 246 גרם,,,אוראו פאדג שוקולד חל,גרמים,246.00,100 גרם,false,1,18.90,7.68,true,1,
7622300495046,false,שוקולד מילקה אקסטרה קקאו 100 גרם,,,שוקולד מילקה אקסטרה,גרמים,100.00,100 גרם,false,1,6.90,6.90,true,1,
7622300498429,false,שוקולד מילקה קרם תות 100 גרם,,,שוקולד מילקה קרם תות,גרמים,100.00,100 גרם,false,1,6.90,6.90,true,1,
7622300503079,false,ביסקוויט מצופה שוקולד חלב 200 גר מילקה,,,ביסקוויט מצופה שוקול,גרמים,200.00,100 גרם,false,1,10.90,5.45,true,1,
7622300756413,false,גבינת פילדלפיה 20% עם תבלינים 175 גר,,,גבינת פילדלפיה 20%,גרמים,175.00,100 גרם,false,1,14.90,8.51,true,1,
7622400013423,false,שוקולד קוטדור 86% קקאו 100 גרם,,,שוקולד קוטדור 86% קק,גרמים,100.00,100 גרם,false,1,15.60,15.60,true,1,
7622400904608,false,מילקה שוק.חלב עם קרם יוגורט קריספי 300 ג,,,מילקה שוקולד חלב עם,גרמים,300.00,100 גרם,false,1,19.80,6.60,true,1,
7630477891592,false,סטארבקס קפסולות האוס בלנד 57 גרם,,,סטארבקס קפסולות האוס,גרמים,57.00,100 גרם,false,1,21.90,38.42,true,1,
7630477891615,false,סטארבקס קפסולות סומטרה 55 גרם,,,סטארבקס קפסולות סומט,גרמים,55.00,100 גרם,false,1,21.90,39.82,true,1,
7630477891653,false,סטארבקס קפסולות אספרסו נטול 57 גרם,,,סטארבקס קפסולות אספר,גרמים,57.00,100 גרם,false,1,21.90,38.42,true,1,
7630477891691,false,סטארבקס קפסולות קולומביה 57 גרם,,,סטארבקס קפסולות קולו,גרמים,57.00,100 גרם,false,1,21.90,38.42,true,1,
7630477891738,false,סטארבקס קפסולות אספרסו בלונד 53 גרם,,,סטארבקס קפסולות אספר,גרמים,53.00,100 גרם,false,1,21.90,41.32,true,1,
7638900426663,false,סוללות 9V,,,סוללות 9V,יחידה,1.00,יחידה,false,1,31.50,31.50,true,1,
7640175743451,false,משקה כוהלי על בסיס גין בומביי ספייר 250מ,,BE,משקה כוהלי על בסיס ג,מיליליטרים,250.00,"100 מ""ל",false,1,14.90,5.96,true,1,
7690010296765,false,עגבניות שרי 350 גר,,,עגבניות שרי 350 גר,גרמים,350.00,100 גרם,false,1,12.00,3.43,true,1,
7690010296772,false,עגבניות שרי במלח 600גר,,,עגבניות שרי במלח 600,גרמים,600.00,100 גרם,false,1,20.90,3.48,true,1,
7702018263875,false,8 סכיני פיוזן פרוגליד פלקסבול ידני,,,8 סכיני פיוזן פרוגלי,Unknown,0.00,Unknown,false,1,179.90,179.90,true,1,
7702018321582,false,"גילט דאו סטיק מתקדם 45 מ""ל CW",,,גילט דאו סטיק מתקדם,Unknown,0.00,Unknown,false,1,22.90,22.90,true,1,
7702018420476,false,מארז סווירל  ונוס גילט ידית+3 סכינים,,,מארז סווירל  ונוס גי,Unknown,0.00,Unknown,false,1,57.90,57.90,true,1,
7702018468447,false,סכיני גילוח בלו 2 פלוס 10 יח,,PL,סכיני גילוח בלו 2 פל,יחידה,1.00,יחידה,false,1,31.90,31.90,true,1,
7702024074625,false,חטיפי קרקר חיטה מלאה פיטנס 234 גרם,,CO,חטיפי קרקר חיטה מלאה,גרמים,234.00,100 גרם,false,1,11.90,5.09,true,1,
7702024258322,false,פיטנס חטיפי קרקר ציה ופשתן 234 גר,,,פיטנס חטיפי קרקר ציה,גרמים,234.00,100 גרם,false,1,11.90,5.09,true,1,
7702174068826,false,לקקן יוגטה בטעם פירות 12 יח 204 גרם,,,לקקן יוגטה בטעם פירו,גרמים,204.00,100 גרם,false,1,13.50,6.62,true,1,
7702174068833,false,לקקן יוגטה טעם גלידה בשקית 12 יח 204 גר,,,לקקן יוגטה טעם גלידה,גרמים,204.00,100 גרם,false,1,13.50,6.62,true,1,
7702174070201,false,לקקן יוגטה בטעם מגיק 12 יח 204 גרם,,,לקקן יוגטה בטעם מגיק,גרמים,204.00,100 גרם,false,1,13.50,6.62,true,1,
7790010296724,false,עגבניות 600גר,,,עגבניות 600גר,גרמים,600.00,100 גרם,false,1,16.40,2.73,true,1,
7790240020052,false,יין אדום טרפיצה סירה סדרת OAK CASK,,,יין אדום טרפיצה סירה,Unknown,0.00,Unknown,false,1,57.90,57.90,true,1,
7790240072808,false,יין אדום טרפיצה מלבק סדרת OAK CASK,,,יין אדום טרפיצה מלבק,Unknown,0.00,Unknown,false,1,57.90,57.90,true,1,
7790240090178,false,"יין טרפיצה ברוקל שרדונה 750 מ""ל",,,יין טרפיצה ברוקל שרד,Unknown,0.00,Unknown,false,1,72.90,72.90,true,1,
7790762001348,false,סנטה אנה מלבק 750 מל,,,סנטה אנה מלבק 750 מל,Unknown,0.00,Unknown,false,1,40.90,40.90,true,1,
7791875005353,false,הוואנה דולצה דה לצה 450 גרם,,,ריבת חלב הוואנה דולצ,גרמים,450.00,100 גרם,false,1,20.90,4.64,true,1,
7792860006218,false,בייבי דול לקקן 24 גרם,,,לקקן בייבי דול 24 גר,גרמים,24.00,100 גרם,false,1,2.00,8.33,true,1,
7798159560096,false,"יין ארגנטו קלאסיק קברנה סוביניו 750 מ""ל",,AR,יין ארגנטו קלאסיק קב,Unknown,0.00,Unknown,false,1,39.90,39.90,true,1,
7798159560102,false,יין ארגנטו קלאסיק שרדונה סוביניון 750 מ,,AR,יין ארגנטו קלאסיק שר,Unknown,0.00,Unknown,false,1,39.90,39.90,true,1,
7891024124826,false,"קולגייט משחת אופטיק וויט 75 מ""ל",,,קולגייט משחת אופטיק,מיליליטרים,75.00,"100 מ""ל",false,1,19.90,26.53,true,1,
8000020000365,false,"וורמוט צינזנו ביאנקו 750 מ""ל",,,וורמוט צינזנו ביאנקו,Unknown,0.00,Unknown,false,1,32.90,32.90,true,1,
8000040000802,false,קמפרי 1 ליטר,,,קמפרי 1 ליטר,מיליליטרים,1000.00,"100 מ""ל",false,1,89.90,8.99,true,1,
8000070012219,false,אורו פולי קפה 250 גר לוואצה,,,אורו פולי קפה 250 גר,גרמים,250.00,100 גרם,false,1,41.90,16.76,true,1,
8000070029996,false,קפה לוואצה קלוי וטחון אורו שחור 250 גר,,IT,קפה לוואצה קלוי וטחו,גרמים,250.00,100 גרם,false,1,39.90,15.96,true,1,
8000070038868,false,קפה לוואצה קלוי וטחון חוזק 8 קלאסיקו 250 גר,,IT,לוואצה חוזק 8 קרמה ג,גרמים,250.00,100 גרם,false,1,29.90,11.96,true,1,
8000070053472,false,קפסולות לוואצה קרמה גוסטו קלאסיקו חוזק12,,IT,קפסולות לוואצה קרמה,יחידה,1.00,יחידה,false,1,21.90,21.90,true,1,
8000070053526,false,קפסולות לוואצה רוסה חוזק 10 10 יח,,IT,קפסולות לוואצה רוסה,יחידה,1.00,יחידה,false,1,21.90,21.90,true,1,
8000070059832,false,קפסולות לוואצה קרמה גוסטו ריקו חוזק 11,,IT,קפסולות לוואצה קרמה,יחידה,1.00,יחידה,false,1,21.90,21.90,true,1,
8000139000942,false,פסטה גרפולו לומצינה 500 גרם,,,פסטה גרפולו לומקינה,גרמים,500.00,100 גרם,false,1,13.50,2.70,true,1,
8000139001253,false,פסטה גרפולו פוזילי לונגי 500 גרם,,,פסטה גרפולו פוזילי,גרמים,500.00,100 גרם,false,1,14.60,2.92,true,1,
8000139002021,false,פסטה גרפולו קלמרטה 500 גרם,,,פסטה גרפולו קלמרטה 5,גרמים,500.00,100 גרם,false,1,14.60,2.92,true,1,
8000139910159,false,פסטה גרפולו לינגוין 500 גרם,,,פסטה גרפולו לינגוין,גרמים,500.00,100 גרם,false,1,13.50,2.70,true,1,
8000139910173,false,פסטה גרפולו אורזו 500 גרם,,,פסטה גרפולו אורזו 50,גרמים,500.00,100 גרם,false,1,13.50,2.70,true,1,
8000139910234,false,פסטה גרפולו פנה ריגטה 500 גר,,,פסטה גרפולו פנה ריגט,גרמים,500.00,100 גרם,false,1,13.50,2.70,true,1,
8000139910241,false,פסטה פארפאלה גרפולו 500 גרם,,,פסטה פארפאלה גרפולו,גרמים,500.00,100 גרם,false,1,13.50,2.70,true,1,
8000139910265,false,פסטה ראדיאטורי גרפולו 500 גר,,,פסטה ראדיאטורי גרפול,גרמים,500.00,100 גרם,false,1,13.50,2.70,true,1,
8000139910272,false,פסטה גרפולו פפרדלה נידו 500 גר,,,פסטה גרפולו פפרדלה נ,גרמים,500.00,100 גרם,false,1,14.60,2.92,true,1,
8000139910289,false,פסטה טליאטלה גרפולו 500 גר,,,פסטה גרפולו טליאטלה,גרמים,500.00,100 גרם,false,1,14.60,2.92,true,1,
8000139910357,false,פסטה לומאקוני גרפולו 500 גרם,,,פסטה לומאקוני גארופא,גרמים,500.00,100 גרם,false,1,14.60,2.92,true,1,
8000139910371,false,פסטה גרפולו פרימוורה 500 גרם,,,פסטה גרפולו פרימוורה,גרמים,500.00,100 גרם,false,1,14.60,2.92,true,1,
8000139910432,false,פסטה גרפולו פטוציה 500 גרם,,,פסטה גרפולו פטוציה 5,גרמים,500.00,100 גרם,false,1,13.50,2.70,true,1,
8000139910753,false,פסטה קאזארסה גרפולו 500 גר,,,פסטה גרפולו קסרצה,גרמים,500.00,100 גרם,false,1,13.50,2.70,true,1,
8000139910852,false,לזניה גרפולו 500 גרם,,,לזניה גרפולו 500 גרם,גרמים,500.00,100 גרם,false,1,17.70,3.54,true,1,
8000139920875,false,ניוקי תפוח אדמה גרפולו 500 גרם,,,ניוקי תפוח אדמה גרפו,גרמים,500.00,100 גרם,false,1,14.60,2.92,true,1,
8000193000452,false,"אורז ריזוטו איטלקי 1 ק""ג",,,אורז ריזוטו איטלקי 1,גרמים,1000.00,100 גרם,false,1,28.50,2.85,true,1,
8000215204219,false,משקה אורז - אורגני 1 ליטר,,,משקה אורז - אורגני 1,מיליליטרים,1000.00,"100 מ""ל",false,1,14.90,1.49,true,1,
8000215204240,false,משקה שקדים ואורז - אורגני 1 ליטר,,,משקה שקדים ואורז - א,מיליליטרים,1000.00,"100 מ""ל",false,1,14.90,1.49,true,1,
8000215204394,false,משקה אגוזי לוז ואורז אורגני 1 ליטר,,,משקה אגוזי לוז ואורז,מיליליטרים,1000.00,"100 מ""ל",false,1,18.90,1.89,true,1,
8000215204554,false,משקה אורז קוקוס אורגני 1 ליטר ויטריז,,,משקה אורז קוקוס אורג,מיליליטרים,1000.00,"100 מ""ל",false,1,14.90,1.49,true,1,
8000215204561,false,VITASI משקה שקדים אורגני 1 ליטר,,IT,VITASI משקה שקדים או,מיליליטרים,1000.00,"100 מ""ל",false,1,13.90,1.39,true,1,
8000215204653,false,VITASI משקה סויה 1 ליטר,,,VITASI משקה סויה 1 ל,מיליליטרים,1000.00,"100 מ""ל",false,1,13.50,1.35,true,1,
8000215204677,false,משקה ש.שועל בריסטה אורגני 1 ליטר ויטריז,,,משקה ש.שועל בריסטה א,מיליליטרים,1000.00,"100 מ""ל",false,1,14.90,1.49,true,1,
8000215204714,false,משקה שיבולת שועל אורגני 1 ליטר PRIMAVENA,,,משקה שיבולת שועל אור,מיליליטרים,1000.00,"100 מ""ל",false,1,14.90,1.49,true,1,
8000320010026,false,עגבניות תמר מקולפות CIRIO 400 גר,,IT,עגבניות תמר מקולפות,גרמים,400.00,100 גרם,false,1,6.90,1.73,true,1,
8000320010088,false,רסק עגבניות CIRIO בקבוק 680 גר,,IT,פסאטה במרקם גס 680 מ,מיליליטרים,680.00,"100 מ""ל",false,1,13.90,2.04,true,1,
8000320010095,false,"פסאטה במרקם עדין 700 מ""ל CIRIO",,IT,פסאטה במרקם עדין 700,מיליליטרים,700.00,"100 מ""ל",false,1,11.90,1.70,true,1,
8000350001148,false,מאפה ממולא קרם פטיסייר 125 גרם,MATILDE VICENZI,IT,חטיף עוגיה פריכה עם,גרמים,125.00,100 גרם,false,1,9.90,7.92,true,1,
8000350004491,false,עוגיות ביס פריכות עם,MATILDE VICENZI,,עוגיות ביס פריכות עם,Unknown,0.00,Unknown,false,1,9.90,9.90,true,1,
8000350007393,false,עוגיות במילוי קרם ונ,MATILDE VICENZI,IT,עוגיות במילוי קרם ונ,גרמים,150.00,100 גרם,false,1,9.90,6.60,true,1,
8000380001446,false,לואקיני וופל פריך בשוקולד חלב 100 גר,,,לואקיני וופל פריך בש,גרמים,100.00,100 גרם,false,1,15.90,15.90,true,1,
8000380003723,false,עוגיות גרנד פטיסרי 100 ג אגוזים,,,עוגיות גרנד פטיסרי 1,גרמים,100.00,100 גרם,false,1,12.20,12.20,true,1,
8000380003761,false,עוגיות גרנד פטיסרי 100 ג קוקוס,,,עוגיות גרנד פטיסרי 1,גרמים,100.00,100 גרם,false,1,12.20,12.20,true,1,
8000380004669,false,וופל שוקולד לואקר 200 גרם,,,וופל שוקולד לואקר 20,גרמים,200.00,100 גרם,false,1,12.80,6.40,true,1,
8000380004676,false,וופל וניל 200 גרם,,,וופל וניל 200 גרם,גרמים,200.00,100 גרם,false,1,12.80,6.40,true,1,
8000380004881,false,וופל קואדרטיני טירמיסו 250 ג,,,וופל קואדרטיני טירמי,גרמים,220.00,100 גרם,false,1,13.90,6.32,true,1,
8000380004911,false,וופל קוארדטיני אגוז 250 גרם,,,וופל קוארדטיני אגוז,גרמים,250.00,100 גרם,false,1,13.90,5.56,true,1,
8000380004942,false,קואדרטיני וניל 250 גר,,,קואדרטיני וניל 250 ג,גרמים,250.00,100 גרם,false,1,13.90,5.56,true,1,
8000380004966,false,וופל קוארדטיני קקאו 250 גרם,,,וופל קוארדטיני קקאו,גרמים,250.00,100 גרם,false,1,13.90,5.56,true,1,
8000380007219,false,וופל לואקר אגוז 175 גרם,,,וופל לואקר אגוז 175,גרמים,175.00,100 גרם,false,1,11.80,6.74,true,1,
8000380007257,false,וופל גרדנה אגוז 200 גרם,,,וופל גרדנה אגוז 200,גרמים,200.00,100 גרם,false,1,14.40,7.20,true,1,
8000380007264,false,וופל לואקר קקאו 175 גרם,,,וופל לואקר קקאו 175,גרמים,175.00,100 גרם,false,1,11.80,6.74,true,1,
8000380007271,false,וופל לואקר חלב 175 גרם,,,וופל לואקר חלב 175 ג,גרמים,175.00,100 גרם,false,1,11.80,6.74,true,1,
8000380144044,false,וופל גרדנה שוקולד 200 גרם,,,וופל גרדנה שוקולד 20,גרמים,200.00,100 גרם,false,1,14.40,7.20,true,1,
8000380148035,false,עוגיות גרנד פטיסרי 100 גרם מריר אגוז,,,עוגיות גרנד פטיסרי 1,גרמים,100.00,100 גרם,false,1,12.20,12.20,true,1,
8000380153534,false,טורטינה לבן 1/6 125 גר לואקר,,,טורטינה לבן 1/6 125,גרמים,125.00,100 גרם,false,1,17.60,14.08,true,1,
8000380156573,false,בונבוניירה ורד דולומיטים בטעמים 150 גר,,,בונבוניירה ורד דולומ,גרמים,150.00,100 גרם,false,1,28.90,19.27,true,1,
8000380158546,false,לואקיני וופל פריך בשוקולד מריר 100 גר,,,לואקיני וופל פריך,גרמים,100.00,100 גרם,false,1,15.90,15.90,true,1,
8000380180745,false,לואקר קוביות וופל קקאו עם קרם חלבי 250 ג,,,לואקר קוביות וופל קק,גרמים,250.00,100 גרם,false,1,13.90,5.56,true,1,
8000380192151,false,טורטינה טריפל שוקולד מריר 125 גר לואקר,,IT,טורטינה טריפל שוקולד,גרמים,125.00,100 גרם,false,1,17.60,14.08,true,1,
8000380192199,false,וופל לואקר דאבל שוקולד 175 גרם,,AT,וופל לואקר דאבל שוקו,גרמים,175.00,100 גרם,false,1,11.80,6.74,true,1,
8000380192588,false,וופל קואדרטיני דאבל שוקולד 250 גר,,AT,וופל קואדרטיני דאבל,גרמים,250.00,100 גרם,false,1,13.90,5.56,true,1,
8000380205400,false,וופל לואקר קואדרטיני חמאת בוטנים 250 גר,,AT,וופל לואקר קואדרטיני,גרמים,250.00,100 גרם,false,1,13.90,5.56,true,1,
8000380205523,false,וופל לואקר קלאסיק חמאת בוטנים 175 גר,,AT,וופל לואקר קלאסיק חמ,גרמים,175.00,100 גרם,false,1,11.80,6.74,true,1,
8000500023624,false,קינדר הפי היפו חמישייה 103.5 גר,,,קינדר הפי היפו חמישי,גרמים,104.00,100 גרם,false,1,12.50,12.02,true,1,
8000500023976,false,בונבוניירה רפאלו 150 גרם,,,בונבוניירה רפאלו 150,גרמים,150.00,100 גרם,false,1,15.90,10.60,true,1,
8000500026731,false,שלישיית ביצי הפתעה קינדר 60 גר,,,שלישיית ביצי הפתעה ק,גרמים,60.00,100 גרם,false,1,14.90,24.83,true,1,
8000500028124,false,קינדר גוי מארז 1/3,,ZA,ביצת הפתעה קינדר גוי,גרמים,60.00,100 גרם,false,1,14.90,24.83,true,1,
8000500029350,false,שלישייה קינדר בואנו חלב 129 גרם,,,שלישייה קינדר בואנו,גרמים,129.00,100 גרם,false,1,9.90,7.67,true,1,
8000500037874,false,בונבוניירה פררו רושה 200 גרם,,,בונבוניירה פררו רושה,גרמים,200.00,100 גרם,false,1,23.90,11.95,true,1,
8000500071083,false,קינדר שוקולד מארז 200 גרם,,,קינדר שוקולד מארז 20,גרמים,200.00,100 גרם,false,1,12.50,6.25,true,1,
8000500075708,false,קינדר גוי כחול מארז 3*20 גר,,,קינדר גוי כחול מארז,גרמים,60.00,100 גרם,false,1,14.90,24.83,true,1,
8000500121436,false,שלישייה קינדר בואנו לבן 129 גרם,,,שלישייה קינדר בואנו,גרמים,129.00,100 גרם,false,1,9.90,7.67,true,1,
8000500127728,false,קינדר מילק סלייס עוגת ספוג במילוי 112 ג,,,קינדר מילק סלייס,גרמים,112.00,100 גרם,false,1,14.20,12.68,true,1,
8000500167656,false,קינדר שוקולד עם דגנים 94 גר,,IT,קינדר שוקולד עם דגני,גרמים,94.00,100 גרם,false,1,6.90,7.34,true,1,
8000500227848,false,וופל נוטלה בי רדי שישייה 132 גרם,,IT,וופל נוטלה בי רדי שי,גרמים,132.00,100 גרם,false,1,12.50,9.47,true,1,
8000500247167,false,פררו קולקשיין 269 גרם,,,פררו קולקשיין 269 גר,גרמים,269.00,100 גרם,false,1,52.50,19.52,true,1,
8000500249352,false,קינדר בואנו מיני מיקס 205 גרם,,,קינדר בואנו מיני מיק,גרמים,205.00,100 גרם,false,1,18.90,9.22,true,1,
8000500256213,false,קינדר שוקולד מיני 120 גרם,,IT,קינדר שוקולד מיני 12,גרמים,120.00,100 גרם,false,1,10.00,8.33,true,1,
8000500266557,false,ביצי קינדר ענקיות- קריסמס (בנות) 220 גרם,,IT,ביצי קינדר ענקיות- ק,גרמים,220.00,100 גרם,false,1,64.90,29.50,true,1,
8000500266564,false,ביצי קינדר ענקיות- קריסמס (בנים) 220 גרם,,IT,ביצי קינדר ענקיות- ק,גרמים,220.00,100 גרם,false,1,64.90,29.50,true,1,
8000500267103,false,עוגת קינדר דליס 390 גר,,IT,עוגת קינדר דליס 390,גרמים,390.00,100 גרם,false,1,19.90,5.10,true,1,
8000500269169,false,קינדר קארדס חמישייה 128 גרם,,IT,וופל קינדר קארדס 128,גרמים,128.00,100 גרם,false,1,13.90,10.86,true,1,
8000500283158,false,עוגת קינד במילוי קרם חלב 270 גרם,,,עוגת קינד במילוי קרם,גרמים,270.00,100 גרם,false,1,29.90,11.07,true,1,
8000500283219,false,עוגת קינדר קקאו במילוי קרם שוקולד 290 גר,,,עוגת קינדר קקאו במיל,גרמים,290.00,100 גרם,false,1,29.90,10.31,true,1,
8000500331798,false,פררו חנותה ריגל חמישייה 172.5 גרם,,DE,פררו חנותה ריגל חמיש,גרמים,173.00,100 גרם,false,1,22.90,13.24,true,1,
8000500359884,false,טבלת שוקולד פררו רושה לבן 90 גרם,,DE,טבלת שוקולד פררו רוש,גרמים,90.00,100 גרם,false,1,17.70,19.67,true,1,
8000500384664,false,מאגדת גלידה קינדר בואנו רביעייה 284 גרם,,DE,מאגדת גלידה קינדר בו,גרמים,284.00,100 גרם,false,1,34.90,12.29,true,1,
8000500384718,false,מאגדת גלידה קינדר בואנו שוקולד לבן רביעי,,DE,מאגדת גלידה קינדר בו,גרמים,284.00,100 גרם,false,1,34.90,12.29,true,1,
8000500386941,false,ממרח נוטלה 900 גר,,IT,ממרח נוטלה 900 גר,גרמים,900.00,100 גרם,false,1,27.90,3.10,true,1,
8000500392027,false,קינדר מיני ביצים אגוזי לוז 85 גרם,,,קינדר מיני ביצים אגו,גרמים,85.00,100 גרם,false,1,17.90,21.06,true,1,
8000500392041,false,קינדר מיני ביצים שוקולד חלב 85 גרם,,,קינדר מיני ביצים שוק,גרמים,85.00,100 גרם,false,1,17.90,21.06,true,1,
8000570048022,false,"וורמוט מרטיני פיירו 750 מ""ל",,,וורמוט מרטיני פיירו,Unknown,0.00,Unknown,false,1,49.90,49.90,true,1,
8000570283607,false,"יין מבעבע מרטיני אסטי 750 מ""ל",,IT,יין מבעבע מרטיני אסט,מיליליטרים,750.00,"100 מ""ל",false,1,64.90,8.65,true,1,
8000698036642,false,בונבוניירה אלינור 450 גר FELETTI,,,בונבוניירה אלינור 45,גרמים,450.00,100 גרם,false,1,69.90,15.53,true,1,
8000895003355,false,עוגיות קנטוציני שקדים 175 גרם SAPORI,,,עוגיות קנטוציני שקדי,גרמים,175.00,100 גרם,false,1,12.50,7.14,true,1,
8000895003379,false,עוגיות רכות עם שקדים 175 גרם SAPORI,,,עוגיות רכות עם שקדים,גרמים,175.00,100 גרם,false,1,17.40,9.94,true,1,
8001090016003,false,טבליות למדיח פיירי 84 יחידות,,,טבליות למדיח פיירי 8,Unknown,0.00,Unknown,false,1,44.90,44.90,true,1,
8001090184412,false,"נוזל כלים פיירי לימון 900 מ""ל",,GB,נוזל כלים פיירי לימו,מיליליטרים,900.00,"100 מ""ל",false,1,12.90,1.43,true,1,
8001090222428,false,"שמפו הרבל אסנסס חלב קוקוס 400 מ""ל",,FR,שמפו הרבל אסנסס חלב,מיליליטרים,400.00,"100 מ""ל",false,1,26.50,6.63,true,1,
8001090290830,false,3D WHITEמשחת שיניים אורל בי פנינה בוהקת,,,3D WHITEמשחת שיניים,Unknown,0.00,Unknown,false,1,32.50,32.50,true,1,
8001090336491,false,חיתולי פמפרס בייבי דריי מידה +4 31 יח,,DE,חיתולי פמפרס בייבי ד,Unknown,0.00,Unknown,false,1,36.50,36.50,true,1,
8001090336606,false,חיתולי פמפרס בייבי דריי מידה 6 26 יח,,DE,חיתולי פמפרס בייבי ד,Unknown,0.00,Unknown,false,1,36.50,36.50,true,1,
8001090379337,false,חיתולי פמפרס פרימיום VP מידה 3 40 יח,,,חיתולי פמפרס פרימיום,Unknown,0.00,Unknown,false,1,34.40,34.40,true,1,
8001090379399,false,חיתולי פמפרס פרימיום VP מידה 5 30 יח,,,חיתולי פמפרס פרימיום,Unknown,0.00,Unknown,false,1,34.40,34.40,true,1,
8001090632715,false,מש.שיניים אורל בי לילדים פרוזן וקארס120ג,,DE,מש.שיניים אורל בי לי,גרמים,120.00,100 גרם,false,1,12.90,10.75,true,1,
8001090737809,false,מגן תחתון אולוויז סינגל טנגה 36 יח,,,מגן תחתון אולוויז סי,Unknown,0.00,Unknown,false,1,16.00,16.00,true,1,
8001090740717,false,מגן תחתון אולוויז מגה פק נורמל פרש 76 יח,,,מגן תחתון אולוויז מג,Unknown,0.00,Unknown,false,1,19.90,19.90,true,1,
8001090748607,false,מרכך כביסה לנור מרוכז מיסתרי 1 ל,,SA,מרכך כביסה לנור מרוכ,ליטרים,0.00,ליטר,false,1,31.50,31.50,true,1,
8001090802385,false,קפסולות גל לכביסה טייד בניחוח לנור 26 יח,,FR,קפסולות גל לכביסה טי,Unknown,0.00,Unknown,false,1,29.90,29.90,true,1,
8001090832450,false,"שמפו פנטן הנוסחה הקלאסית 660 מ""ל",,,שמפו פנטן הנוסחה הקל,מיליליטרים,660.00,"100 מ""ל",false,1,19.90,3.02,true,1,
8001090832535,false,"שמפו פנטן שמן מרוקאי משקם 660 מ""ל",,,שמפו פנטן שמן מרוקאי,מיליליטרים,660.00,"100 מ""ל",false,1,19.90,3.02,true,1,
8001090832573,false,"שמפו פנטן לחות מוגברת 660 מ""ל",,,שמפו פנטן לחות מוגבר,מיליליטרים,660.00,"100 מ""ל",false,1,19.90,3.02,true,1,
8001090832610,false,"שמפו פנטן למגע רך כמשי 660 מ""ל",,,שמפו פנטן למגע רך כמ,מיליליטרים,660.00,"100 מ""ל",false,1,19.90,3.02,true,1,
8001090832818,false,"קונדישנר פנטן הנוסחה הקלאסית 660 מ""ל",,,קונדישנר פנטן הנוסחה,מיליליטרים,660.00,"100 מ""ל",false,1,19.90,3.02,true,1,
8001090832856,false,"קונדישנר פנטן מרוקאי משקם 660 מ""ל",,,קונדישנר פנטן מרוקאי,מיליליטרים,660.00,"100 מ""ל",false,1,19.90,3.02,true,1,
8001090832894,false,"קונדישנר פנטן לחות מוגברת 660 מ""ל",,,קונדישנר פנטן לחות מ,מיליליטרים,660.00,"100 מ""ל",false,1,19.90,3.02,true,1,
8001090832931,false,"קונדישנר פנטן למגע רך כמשי 660 מ""ל",,,קונדישנר פנטן למגע ר,מיליליטרים,660.00,"100 מ""ל",false,1,19.90,3.02,true,1,
8001090833136,false,גל כביסה אריאל בייבי 2.255 ליטר,,FR,גל כביסה אריאל בייבי,ליטרים,0.00,ליטר,false,1,32.90,32.90,true,1,
8001090833167,false,גל כביסה אריאל בניחוח הרים 2.365 ליטר,,FR,גל כביסה אריאל בניחו,ליטרים,0.00,ליטר,false,1,32.90,32.90,true,1,
8001090833198,false,גל כביסה אריאל בניחוח מרענן 2.365 ליטר,,FR,גל כביסה אריאל בניחו,ליטרים,0.00,ליטר,false,1,32.90,32.90,true,1,
8001090899194,false,תחבושות אולוויז פלטינום נורמל 24 יח,,DE,תחבושות אולוויז פלטי,Unknown,0.00,Unknown,false,1,26.50,26.50,true,1,
8001090899224,false,תחבושות אולוויז פלטינום לונג 20 יח,,DE,תחבושות אולוויז פלטי,Unknown,0.00,Unknown,false,1,26.50,26.50,true,1,
8001090899255,false,תחבושות אולוויז פלטינום לילה 16 יח,,DE,תחבושות אולוויז פלטי,Unknown,0.00,Unknown,false,1,26.50,26.50,true,1,
8001090899286,false,תחבושות אולוויז פלטינום לילה בטוח 14 יח,,DE,תחבושות אולוויז פלטי,Unknown,0.00,Unknown,false,1,26.50,26.50,true,1,
8001100050546,false,עוגת פנטונה עם צימוקים וקליפות תפו 500 ג,,,עוגת פנטונה עם צימוק,גרמים,500.00,100 גרם,false,1,35.90,7.18,true,1,
8001100051055,false,עוגת פנטונה עם צימוקים בציפוי אגוזי 750ג,,,עוגת פנטונה עם צימוק,גרמים,750.00,100 גרם,false,1,46.90,6.25,true,1,
8001100058979,false,עוגת פנטונה בציפוי סוכר 750 גרם,,IT,עוגת פנדורו בחושה קל,גרמים,750.00,100 גרם,false,1,52.90,7.05,true,1,
8001100059198,false,עוגת פנטונה בלוקו 100 גרם,,,עוגת פנטונה בלוקו,Unknown,0.00,Unknown,false,1,15.90,15.90,true,1,
8001100062518,false,פנטונה 750 גרם PANDORO פח,,,פנטונה 750 גרם PANDO,גרמים,750.00,100 גרם,false,1,72.90,9.72,true,1,
8001100062525,false,פנטונה 750 גרם פח,,,פנטונה 750 גרם,גרמים,750.00,100 גרם,false,1,72.90,9.72,true,1,
8001100063690,false,פנדורו במילוי קרם טירמיסו 800 גר Balocco,,IT,פנדורו במילוי קרם טי,גרמים,800.00,100 גרם,false,1,52.90,6.61,true,1,
8001100064802,false,עוגת סאן סירו 500 גרם,,IT,עוגת סאן סירו 500 גר,גרמים,500.00,100 גרם,false,1,29.90,5.98,true,1,
8001100067667,false,עוגת פנדורו בון נאטלה 700 גרם,,IT,עוגת פנדורו בון נאטל,גרמים,700.00,100 גרם,false,1,41.90,5.99,true,1,
8001160000888,false,"גטורייד ספורט תפוז 500 מ""ל",,,גטורייד ספורט תפוז 5,מיליליטרים,500.00,"100 מ""ל",false,1,12.20,2.44,true,1,
8001160001786,false,"גטורייד ספורט כחול 500 מ""ל",,,גטורייד ספורט כחול 5,מיליליטרים,500.00,"100 מ""ל",false,1,12.20,2.44,true,1,
8001160001892,false,"גטורייד ספורט תפוז אדום 500 מ""ל",,,גטורייד ספורט תפוז א,מיליליטרים,500.00,"100 מ""ל",false,1,12.20,2.44,true,1,
8001193050041,false,וופל טוסט בלגי 240 גרם,,,וופל טוסט בלגי 240 ג,גרמים,240.00,100 גרם,false,1,11.80,4.92,true,1,
8001200023808,false,פסטה אליציה צבעוני 500 גר Agnesi,,,פסטה אליציה צבעוני 5,גרמים,500.00,100 גרם,false,1,8.30,1.66,true,1,
8001200025505,false,פסטה פוזילי מס.78 500 גר Agnesi,,,פסטה פוזילי מס.78 50,גרמים,500.00,100 גרם,false,1,8.30,1.66,true,1,
8001200039014,false,פסטה פנה חיטה מלאה 500 גר Agnesi,,,פסטה פנה חיטה מלאה 5,גרמים,500.00,100 גרם,false,1,13.50,2.70,true,1,
8001200045039,false,פסטה ספגטי מס.3 500 גר Agnesi,,IT,פסטה ספגטי מס.3 500,גרמים,500.00,100 גרם,false,1,8.30,1.66,true,1,
8001200045176,false,פסטה בוקטיני 500 גר Agnesi,,IT,פסטה בוקטיני 500 גר,גרמים,500.00,100 גרם,false,1,8.30,1.66,true,1,
8001200045190,false,פסטה אליציה מס.56 500 גר Agnesi,,,פסטה אליציה מס.56 50,גרמים,500.00,100 גרם,false,1,8.30,1.66,true,1,
8001200045299,false,פסטה פנה ריגטה 500 גר Agnesi,,IT,פסטה פנה ריגטה 500 ג,גרמים,500.00,100 גרם,false,1,8.30,1.66,true,1,
8001200045350,false,פסטה ניוקי 500 גר Agnesi,,IT,פסטה ניוקי 500 גר Ag,גרמים,500.00,100 גרם,false,1,8.30,1.66,true,1,
8001200045374,false,פסטה צילנטני מסולסל 500 גר Agnesi,,,פסטה צילנטני מסולסל,גרמים,500.00,100 גרם,false,1,8.30,1.66,true,1,
8001200045473,false,פסטה ריגטוני 500 גר Agnesi,,,פסטה ריגטוני 500 גר,גרמים,500.00,100 גרם,false,1,8.30,1.66,true,1,
8001200045916,false,פסטה טליאטלה ביצים 250 גר Agnesi,,,פסטה טליאטלה ביצים 2,גרמים,250.00,100 גרם,false,1,13.50,5.40,true,1,
8001200045978,false,פסטה פפרדלה ביצים 250 גר Agnesi,,,פסטה פפרדלה ביצים 25,גרמים,250.00,100 גרם,false,1,13.50,5.40,true,1,
8001200045992,false,פסטה ביצים ותרד 250 גר Agnesi,,,פסטה ביצים ותרד 250,גרמים,250.00,100 גרם,false,1,13.50,5.40,true,1,
8001291057515,false,ברון קיאנטי דל ברון ריקאסולי 750 מל,,,ברון קיאנטי דל ברון,Unknown,0.00,Unknown,false,1,51.90,51.90,true,1,
8001440118944,false,עגבניות פולפה 3*400 גר CIRIO,,IT,עגבניות פולפה 3*400,קילוגרמים,0.00,"ק""ג",false,1,15.90,15.90,true,1,
8001440134487,false,עגבניות שרי מקולפות 400 גר CIRIO,,IT,עגבניות שרי מקולפות,גרמים,400.00,100 גרם,false,1,9.90,2.48,true,1,
8001505001785,false,ממרח אגוזי לוז לבן אורגני 270 גרם,,,ממרח אגוזי לוז לבן א,גרמים,270.00,100 גרם,false,1,23.90,8.85,true,1,
8001561015580,false,ריבת בצל סגול איטלקית 300 גרם,,,ריבת בצל סגול איטלקי,גרמים,300.00,100 גרם,false,1,31.90,10.63,true,1,
8001620011935,false,"שישיית סאן בנדטו מוגז עדין 500 מ""ל",,,שישיית סאן בנדטו מוג,מיליליטרים,1500.00,"100 מ""ל",false,1,12.90,0.86,true,1,
8001620015629,false,"סן בנדטו תפוז ותפוז אדום 400 מ""ל",,,סן בנדטו תפוז ותפוז,מיליליטרים,400.00,"100 מ""ל",false,1,7.90,1.98,true,1,
8001691751624,false,סט 3 כוסות נטורל מיל,,,סט 3 כוסות נטורל מיל,Unknown,0.00,Unknown,false,1,24.90,24.90,true,1,
8001841216584,false,תחבושות אולוויז לילה בטוח 36 יח,,,תחבושות אולוויז לילה,Unknown,0.00,Unknown,false,1,36.90,36.90,true,1,
8001841500799,false,"שמפו הרבל אסנסס אלוורה ומנגו 380 מ""ל",,FR,שמפו הרבל אסנסס אלוו,מיליליטרים,380.00,"100 מ""ל",false,1,26.50,6.97,true,1,
8001841502298,false,"מרכך הרבל אסנסס אלוורה ומנגו 275 מ""ל",,FR,מרכך הרבל אסנסס אלוו,מיליליטרים,380.00,"100 מ""ל",false,1,26.50,6.97,true,1,
8001841625188,false,"נוזל כלים פיירי פלטינום לימון 515 מ""ל",,GB,נוזל כלים פיירי פלטי,מיליליטרים,515.00,"100 מ""ל",false,1,10.90,2.12,true,1,
8001841625461,false,"נוזל כלים פיירי פלטינום אורגינל 515 מ""ל",,GB,נוזל כלים פיירי פלטי,מיליליטרים,515.00,"100 מ""ל",false,1,10.90,2.12,true,1,
8001841640204,false,טייד קפסולות בניחוח לנור 58 יח,,,טייד קפסולות בניחוח,Unknown,0.00,Unknown,false,1,67.90,67.90,true,1,
8001841660530,false,"קרם לחות פנטן מיראקלס במבוק 270 מ""ל",,FR,קרם לחות פנטן מיראקל,ליטרים,2.75,ליטר,false,1,21.90,7.96,true,1,
8001841669465,false,קפסולות לכביסה אריאל 24 יח בניחוח לנור,,FR,קפסולות לכביסה אריאל,Unknown,0.00,Unknown,false,1,34.90,34.90,true,1,
8001841669519,false,קפסולות לכביסה אריאל 55 יח,,FR,קפסולות לכביסה אריאל,יחידה,1.00,יחידה,false,1,66.90,66.90,true,1,
8001841893990,false,טבליות למדיח פלטינום פיירי 37 יחידות,,,טבליות למדיח פלטינום,יחידה,1.00,יחידה,false,1,41.90,41.90,true,1,
8001841941929,false,תחבושות אולוויז וליו פק לילה אקסטרא,,DE,תחבושות אולוויז וליו,Unknown,0.00,Unknown,false,1,19.90,19.90,true,1,
8001841960081,false,טבליות למדיח פלטינום פיירי 37 יחידות,,,טבליות למדיח פלטינום,יחידה,1.00,יחידה,false,1,41.90,41.90,true,1,
8001860250828,false,משקה חלב אורז שקדים 1 ליטר,,IT,משקה חלב אורז שקדים,מיליליטרים,1000.00,"100 מ""ל",false,1,9.90,0.99,true,1,
8001860250958,false,משקה חלב סויה 1 ליטר,,IT,משקה חלב סויה 1 ליטר,מיליליטרים,1000.00,"100 מ""ל",false,1,9.90,0.99,true,1,
8002200141837,false,קפה קימבו נאופלי אלומינ עוצמה 10 - 10 קפ,,,קפה קימבו נאופלי אלו,Unknown,0.00,Unknown,false,1,18.80,18.80,true,1,
8002213004068,false,1 קמח לפיצה PZ2 ורוד,,,"קמח לפיצה 1 ק""ג PZ2",גרמים,1000.00,100 גרם,false,1,13.00,1.30,true,1,
8002230000012,false,אפרול 1 ליטר,,,אפרול 1 ליטר,מיליליטרים,1000.00,"100 מ""ל",false,1,89.90,8.99,true,1,
8002270236792,false,שישיית סאן פלגרינו לימון 500 גר,,,שישיית סאן פלגרינו ל,מיליליטרים,3000.00,"100 מ""ל",false,1,31.90,1.06,true,1,
8002270236808,false,סאן פלגרינו בטעם תפוז אדום ופטל 500 מ,,,סאן פלגרינו בטעם תפו,מיליליטרים,500.00,"100 מ""ל",false,1,5.90,1.18,true,1,
8002270256790,false,שישיית סאן פלגרינו בטעם תפוז ופטל 500 ג,,,שישיית סאן פלגרינו ב,מיליליטרים,3000.00,"100 מ""ל",false,1,31.90,1.06,true,1,
8002270436581,false,"שישיית מים סאן פלגרינו פלסט 500 מ""ל",,,שישיית מים סאן פלגרי,מיליליטרים,3000.00,"100 מ""ל",false,1,27.90,0.93,true,1,
8002270846472,false,מים סאן פלגרינו פלסט 500 מל,,,מים סאן פלגרינו פלסט,מיליליטרים,500.00,"100 מ""ל",false,1,5.20,1.04,true,1,
8002305003320,false,רוקה דלה מאציה סנגיובזה סירה 750 מל,,,רוקה דלה מאציה,Unknown,0.00,Unknown,false,1,69.90,69.90,true,1,
8002305008271,false,רוקה דלה מאציה קיאנטי קלאסיקו רזרב 750 מ,,,רוקה דלה מאציה קיאנט,Unknown,0.00,Unknown,false,1,110.90,110.90,true,1,
8002305008370,false,"רוקה דלה מאציה מנדוס פרימיטיבו 750 מ""ל",,,רוקה דלה מאציה מנדוס,Unknown,0.00,Unknown,false,1,79.90,79.90,true,1,
8003007800712,false,פסטה פיורי פרחים  4 טעמים  500 גרם,,,פסטה פיורי פרחים  4,גרמים,500.00,100 גרם,false,1,15.90,3.18,true,1,
8003207997854,false,"יין פאבולינו קיאנטי  750 מ""ל",,IT,יין פאבולינו קיאנטי,Unknown,0.00,Unknown,false,1,39.90,39.90,true,1,
8003207997960,false,"פאבולינו קיאנטי רזרב 750 מ""ל",,IT,פאבולינו קיאנטי רזרב,מיליליטרים,750.00,"100 מ""ל",false,1,54.90,7.32,true,1,
8003340091280,false,בונבוניירה לינדור60% 200 גרם,,,בונבוניירה לינדור60%,גרמים,200.00,100 גרם,false,1,29.90,14.95,true,1,
8003490037206,false,מאפה בצורת מקלות מלח 250 גר,,IT,רוברטו-מקלות גריסיני,גרמים,250.00,100 גרם,false,1,24.90,9.96,true,1,
8003490044808,false,רוברטו-ברוסקטה שמן זית 100 גר,,,רוברטו-ברוסקטה שמן ז,גרמים,100.00,100 גרם,false,1,11.90,11.90,true,1,
8003490044815,false,רוברטו-ברוסקטה רוזמרין 100 גר,,,רוברטו-ברוסקטה רוזמר,גרמים,100.00,100 גרם,false,1,11.90,11.90,true,1,
8003490044839,false,רוברטו-ברוסקטה עגבניות בזיליקום 100 גר,,,רוברטו-ברוסקטה עגבני,גרמים,100.00,100 גרם,false,1,11.90,11.90,true,1,
8003753900438,false,קפה לנדוור אילי אספרסו טחון 250 גרם,,,קפה לנדוור אילי אספר,גרמים,250.00,100 גרם,false,1,42.90,17.16,true,1,
8003753900469,false,קפה לנדוור אילי קלייה כהה 250 גרם,,,קפה לנדוור אילי קליי,גרמים,250.00,100 גרם,false,1,42.90,17.16,true,1,
8003866012196,false,פחית קפה טחון 100% ארביקה 250 גרם DIEMME,,,פחית קפה טחון 100% א,גרמים,250.00,100 גרם,false,1,32.90,13.16,true,1,
8004030022010,false,ריו מרה אינסלטיסימי ירקות גינה טונה 160,,,ריו מרה אינסלטיסימי,גרמים,160.00,100 גרם,false,1,15.00,9.38,true,1,
8004030026018,false,ריו מרה אינסלטיסימי מקסיקני עם טונה 160,,,ריו מרה אינסלטיסימי,גרמים,160.00,100 גרם,false,1,15.00,9.38,true,1,
8004030044005,false,טונה בשמן זית ריו מרה 160 גרם,,,טונה בשמן זית ריו מר,גרמים,160.00,100 גרם,false,1,16.80,10.50,true,1,
8004030081024,false,טונה בשמן זית שום ופלפל ריו מרה 160 גרם,,,טונה בשמן זית שום ופ,גרמים,160.00,100 גרם,false,1,16.80,10.50,true,1,
8004030177000,false,שלישיית טונה בשמן זית עם צילי 3*80 גרם,,,טונה בשמן זית עם ציל,גרמים,240.00,100 גרם,false,1,26.90,11.21,true,1,
8004030180000,false,טונה בשמן זית כתית ריו מרה 3*80 גרם,,,טונה בשמן זית כתית ר,גרמים,240.00,100 גרם,false,1,31.50,13.13,true,1,
8004030344938,false,שלישיית טונה ריו מרה 3*80 גרם,,,שלישיית טונה ריו מרה,גרמים,240.00,100 גרם,false,1,26.90,11.21,true,1,
8004030845046,false,ריו מרה אינסלטיסימי אורז עם טונה 160,,,ריו מרה אינסלטיסימי,גרמים,160.00,100 גרם,false,1,15.00,9.38,true,1,
8004030860001,false,ריו מרה אינסלטיסימי קוסקוס עם טונה 160,,,ריו מרה אינסלטיסימי,גרמים,160.00,100 גרם,false,1,15.00,9.38,true,1,
8004123004893,false,"שמן מתובל בטעם פטריות כמהין 250 מ""ל",,IT,שמן מתובל בטעם פטריו,מיליליטרים,250.00,"100 מ""ל",false,1,38.90,15.56,true,1,
8004275058775,false,שמן זית כתית מעולה 500 מל CIRIO,,,שמן זית כתית מעולה 5,מיליליטרים,500.00,"100 מ""ל",false,1,25.50,5.10,true,1,
8004275058942,false,"שמן זית כתית מעולה 750 מ""ל CIRIO",,,שמן זית כתית מעולה 7,מיליליטרים,750.00,"100 מ""ל",false,1,38.90,5.19,true,1,
8004275059543,false,"חומץ בלסמי ממודנה גלייז 250 מ""ל CIRIO",,,חומץ בלסמי ממודנה,מיליליטרים,250.00,"100 מ""ל",false,1,20.90,8.36,true,1,
8004275079442,false,שמן זית כתית מעולה לא מסונן 1 ליטר CIRIO,,,שמן זית כתית מעולה,מיליליטרים,1000.00,"100 מ""ל",false,1,56.50,5.65,true,1,
8004309015217,false,בורטה איטלקית 125 גרם,,IT,בורטה איטלקית 125 גר,גרמים,125.00,100 גרם,false,1,23.90,19.12,true,1,
8004800000071,false,גלילי וופל לאגו פלאסיר קרם אגוזי לוז 100,,,גלילי וופל לאגו פלאס,גרמים,100.00,100 גרם,false,1,11.90,11.90,true,1,
8004800005519,false,גלילי ופל לאגו מיני רול קרם אגוזי לוז125,,,גלילי ופל לאגו מיני,גרמים,125.00,100 גרם,false,1,10.90,8.72,true,1,
8005110060106,false,מארז זוג עגבניות מקולפות 400*2 גרם MUTTI,,,מארז זוג עגבניות מקו,גרמים,800.00,100 גרם,false,1,14.20,1.78,true,1,
8005110180002,false,קטשופ עגבניות 340 גרם MUTTI,,,קטשופ עגבניות 340 גר,גרמים,340.00,100 גרם,false,1,9.90,2.91,true,1,
8005110550508,false,עגבניות שרי 400 גרם MUTTI,,,עגבניות שרי 400 גרם,מיליליטרים,400.00,"100 מ""ל",false,1,9.40,2.35,true,1,
8005110551253,false,רוטב פיצה   400 גרם MUTTI,,,רוטב פיצה   400 גרם,גרמים,400.00,100 גרם,false,1,9.40,2.35,true,1,
8005390036099,false,סרטורי מרלו 750 מל,,,וילה מורה מרלו 750 מ,Unknown,0.00,Unknown,false,1,37.90,37.90,true,1,
8005390046579,false,"סרטורי, פינו גריגיו רוזה, לאב סטורי 750מ",,,סרטורי פינו גריגיו,Unknown,0.00,Unknown,false,1,51.90,51.90,true,1,
8005390083291,false,יין סרטורי וילה מורה פינו ביאנקו 750 מל,,,יין וילה מורה פינו ב,Unknown,0.00,Unknown,false,1,37.90,37.90,true,1,
8005390083437,false,יין וילה מורה סואבה 750 מל,,,יין וילה מורה סואבה,Unknown,0.00,Unknown,false,1,37.90,37.90,true,1,
8005390095317,false,יין סרטורי קוסטוזה 750 מל,,,יין סרטורי קוסטוזה 7,Unknown,0.00,Unknown,false,1,51.90,51.90,true,1,
8005390936153,false,"סרטורי פינו גריגיו ארכולה 750 מ""ל",,,סרטורי פינו גריגיו,Unknown,0.00,Unknown,false,1,51.90,51.90,true,1,
8005469981602,false,פילה אנשובי איטלקי ש.חמניות 80 גר SCALIA,,,פילה אנשובי איטלקי ש,גרמים,80.00,100 גרם,false,1,15.90,19.88,true,1,
8005493000966,false,יין ציטרה קרוסו 750 מל,,,יין ציטרה קרוסו 750,Unknown,0.00,Unknown,false,1,79.90,79.90,true,1,
8005493003455,false,יין ציטרה פאליו פקורינו 750 מל,,,יין ציטרה פאליו פקור,Unknown,0.00,Unknown,false,1,58.90,58.90,true,1,
8005709201064,false,דפי לזניה גרנד ארמנדו 500 גרם,,,דפי לזניה גרנד ארמנד,גרמים,500.00,100 גרם,false,1,13.90,2.78,true,1,
8005829120474,false,"ליקר בוטגה נרו 500 מ""ל",,,ליקר בוטגה נרו 500 מ,מיליליטרים,500.00,"100 מ""ל",false,1,83.90,16.78,true,1,
8005840020272,false,לואקר גלידה סנדוויץ לאטה אלפינו 264 גרם,,IT,לואקר גלידה סנדוויץ,גרמים,264.00,100 גרם,false,1,44.90,17.01,true,1,
8006227001372,false,סמנצאטו לחם לבן שמן זית ללא קשה 400 גר,,,סמנצאטו לחם לבן שמן,גרמים,400.00,100 גרם,false,1,19.90,4.98,true,1,
8006227001389,false,סמנצאטו לחם מלא שמן זית ללא קשה 400 גר,,,סמנצאטו לחם מלא שמן,גרמים,400.00,100 גרם,false,1,19.90,4.98,true,1,
8006423162556,false,מטבעות שוקולד ברשת 50 גרם SORINI,,IT,מטבעות שוקולד ברשת 5,גרמים,50.00,100 גרם,false,1,5.20,10.40,true,1,
8006423461055,false,בונבוניירה בקבוק 280 גר FUEGO SORINI,,,בונבוניירה בקבוק 280,גרמים,280.00,100 גרם,false,1,41.90,14.96,true,1,
8006423461987,false,בונבוניירה סילין 300 גרם SORINI,,,בונבוניירה סילין 300,גרמים,300.00,100 גרם,false,1,52.50,17.50,true,1,
8006423466388,false,בונבוניירה תיק זהב/כסף 150 גר SORINI,,,בונבוניירה תיק זהב/כ,גרמים,150.00,100 גרם,false,1,41.90,27.93,true,1,
8006540157374,false,"מרכך פנטן מיראקלס במבוק 275 מ""ל",,FR,מרכך פנטן מיראקלס במ,מיליליטרים,275.00,"100 מ""ל",false,1,21.90,7.96,true,1,
8006540352960,false,טמפקס פרל רגולר 20 יח,,,טמפקס פרל רגולר 20 י,Unknown,0.00,Unknown,false,1,26.50,26.50,true,1,
8006540353004,false,טמפקס פרל סופר 18 יח,,,טמפקס פרל סופר 18 יח,Unknown,0.00,Unknown,false,1,24.90,24.90,true,1,
8006540358498,false,טמפקס פרל סופר 18 יח,,,טמפקס פרל סופר 18 יח,Unknown,0.00,Unknown,false,1,24.90,24.90,true,1,
8006540425930,false,קפסולות לכביסה אריאל כתמים קשים 24 יח,,,קפסולות לכביסה אריאל,Unknown,0.00,Unknown,false,1,34.90,34.90,true,1,
8006540429327,false,"פיירי סבון כלים לימון 440 מ""ל",,,פיירי סבון כלים לימו,יחידה,1.00,יחידה,false,1,10.90,10.90,true,1,
8006663001042,false,גראנה פדאנה 200 גר,,IT,גרנה פדנו איטלקי,גרמים,200.00,100 גרם,false,1,27.50,13.75,true,1,
8006663001073,false,פרמזנו רגאנו איטלקי 200 גרם,,IT,פרמזנו רגאנו איטלקי,גרמים,200.00,100 גרם,false,1,33.50,16.75,true,1,
8007178120310,false,חומץ בלסמי גקובזי 500 מל,,,חומץ בלסמי גקובזי 50,מיליליטרים,500.00,"100 מ""ל",false,1,21.90,4.38,true,1,
8007270126791,false,"שמן זית אורגני קוסטה דאורו 750 מ""ל",,IT,שמן זית אורגני קוסטה,מיליליטרים,750.00,"100 מ""ל",false,1,50.50,6.73,true,1,
8007270501017,false,"שמן זית  קוסטה דאורו 750 מ""ל",,IT,שמן זית  קוסטה דאורו,מיליליטרים,750.00,"100 מ""ל",false,1,46.90,6.25,true,1,
8007537005203,false,טורטיליה ציפס  עגול 450 גר,,,טורטיליה ציפס  עגול,גרמים,450.00,100 גרם,false,1,26.50,5.89,true,1,
8007537006538,false,"טורטיליה ציפס תירס כחול לל""ג 450 גרם",,IT,טורטיליה ציפס תירס כ,גרמים,450.00,100 גרם,false,1,26.50,5.89,true,1,
8008440249425,false,בירה אסהי יבשה מאד 330 מל בקבוק,,,בירה אסהי  330 מל בק,מיליליטרים,330.00,"100 מ""ל",false,1,11.90,3.61,true,1,
8008660210014,false,מעדן ריבה מנץ אנד גאססר משמש 300 גר,,,מעדן ריבה מנץ אנד גא,גרמים,300.00,100 גרם,false,1,18.80,6.27,true,1,
8008660210038,false,מעדן ריבה מנץ אנד גאססר תות שדה 300 גר,,,מעדן ריבה מנץ אנד גא,גרמים,300.00,100 גרם,false,1,18.80,6.27,true,1,
8008660210069,false,מעדן מנץ אנד גאססר אפרסק פסיפלורה 320 גר,,,מעדן מנץ אנד גאססר א,גרמים,320.00,100 גרם,false,1,18.80,5.88,true,1,
8008825005363,false,עגבניות מרוסקות  3*400 גר Rodolfi,,,עגבניות מרוסקות  3*4,קילוגרמים,0.00,"ק""ג",false,1,17.70,17.70,true,1,
8008825012538,false,מחית עגבניות 690 גרם Rodolfi,,,מחית עגבניות 690 גרם,גרמים,690.00,100 גרם,false,1,11.90,1.72,true,1,
8008825012545,false,מחית עגבניות/זרעים 690 גרם  Rodolfi,,,מחית עגבניות/זרעים 6,גרמים,690.00,100 גרם,false,1,12.00,1.74,true,1,
8008857500003,false,אטריות עגולות דקות 500 גרם,,,אטריות עגולות דקות 5,גרמים,500.00,100 גרם,false,1,7.90,1.58,true,1,
8008920590061,false,למברוסקו ספומנטה רוזה 750 מל CORONA,,,למברוסקו ספומנטה אדו,Unknown,0.00,Unknown,false,1,30.90,30.90,true,1,
8008920590078,false,למברוסקו ספומנטה לבן 750 מל CORONA,,,למברוסקו ספומנטה לבן,Unknown,0.00,Unknown,false,1,30.90,30.90,true,1,
8008920590085,false,למברוסקו ספומנטה אדום 750 מל CORONA,,,למברוסקו ספומנטה רוז,Unknown,0.00,Unknown,false,1,30.90,30.90,true,1,
8009915000039,false,פסטה קפליני ללא גלוטן 250 גרם,,,פסטה קפליני ללא גלוט,גרמים,250.00,100 גרם,false,1,14.90,5.96,true,1,
8009915000282,false,פסטה פטוציני ללא גלוטן 250 גרם,,,פסטה פטוציני ללא גלו,גרמים,250.00,100 גרם,false,1,14.90,5.96,true,1,
8009915001227,false,פסטה פנה ללא גלוטן 250 גרם,,,פסטה פנה ללא גלוטן 2,גרמים,250.00,100 גרם,false,1,14.90,5.96,true,1,
8009915008714,false,לזניה ללא גלוטן 250 גרם,,,לזניה ללא גלוטן 250,גרמים,250.00,100 גרם,false,1,19.50,7.80,true,1,
8009915008912,false,מיני גריסיני ל.גלוטן זרעי ציה שומשום 250,,,מיני גריסיני ל.גלוטן,גרמים,250.00,100 גרם,false,1,17.90,7.16,true,1,
8014601026354,false,"קמח ""00"" איטלקי לפיצה שף אדום 1 ק""ג",,,"קמח ""00"" איטלקי לפיצ",גרמים,1000.00,100 גרם,false,1,15.60,1.56,true,1,
8014601028747,false,קמח 00 איטלקי כחול 1 קג CAPUTO,,,"קמח ""00"" איטלקי כחול",גרמים,1000.00,100 גרם,false,1,12.50,1.25,true,1,
8015997000133,false,מאריני-קנטוציני עוגיות עם שקדים 200 ג,,IT,מאריני-קנטוציני עוגי,גרמים,200.00,100 גרם,false,1,14.60,7.30,true,1,
8015997000911,false,מאריני בישקוטים 200 גרם,,,מאריני בישקוטים 200,ליטרים,0.00,ליטר,false,1,7.60,7.60,true,1,
8017070766554,false,קרקרים קלאסיים 150 גרם,,,קרקרים קלאסיים 150 ג,גרמים,150.00,100 גרם,false,1,10.90,7.27,true,1,
8017070766578,false,קרקרים בתיבול עגבניות ואורגנו 150 גרם,,,קרקרים בתיבול עגבניו,גרמים,150.00,100 גרם,false,1,10.90,7.27,true,1,
8017746286539,false,"יין  קיאנטי פוגיו סו וינצי 750 מ""ל",,,יין  קיאנטי פוגיו סו,Unknown,0.00,Unknown,false,1,51.90,51.90,true,1,
8017938005184,false,"חומץ תפוחים אורגני 750 מ""ל",,,חומץ תפוחים אורגני 7,מיליליטרים,750.00,"100 מ""ל",false,1,16.90,2.25,true,1,
8018102000110,false,ריזוטו ארבוריו סופרפינו 500 גרם,,,ריזוטו ארבוריו סופרפ,גרמים,500.00,100 גרם,false,1,18.90,3.78,true,1,
8019428000013,false,משקה אורז אורגני 1 ליטר,,,משקה אורז אורגני 1 ל,מיליליטרים,1000.00,"100 מ""ל",false,1,13.90,1.39,true,1,
8019428000099,false,משקה אורז אורגני בתוספת שקדים 1 ליטר,,,משקה אורז אורגני בתו,מיליליטרים,1000.00,"100 מ""ל",false,1,14.60,1.46,true,1,
8019428000105,false,משקה שיבולת שועל אורגני 1 ליטר,,,משקה שיבולת שועל אור,מיליליטרים,1000.00,"100 מ""ל",false,1,13.90,1.39,true,1,
8019428007005,false,משקה סויה אורגני 1 ליטר,,,משקה סויה אורגני 1 ל,מיליליטרים,1000.00,"100 מ""ל",false,1,11.40,1.14,true,1,
8022470253634,false,דרגה ליקר קפה בשוקולד לבן 500 גר,,IT,דרגה ליקר קפה בשוקול,גרמים,500.00,100 גרם,false,1,42.90,8.58,true,1,
8022470253757,false,דרגה ליקר דובדבן בשוקולד לבן  500 גר,,IT,דרגה ליקר דובדבן בשו,גרמים,500.00,100 גרם,false,1,42.90,8.58,true,1,
8022734000103,false,"חומץ בלסמי ממודנה 250 מ""ל ORO",,,חומץ בלסמי ממודנה 25,מיליליטרים,250.00,"100 מ""ל",false,1,102.90,41.16,true,1,
8022734000158,false,"חומץ בלסמי ממודנה 250 מ""ל ARGENTO",,,חומץ בלסמי ממודנה 25,מיליליטרים,250.00,"100 מ""ל",false,1,62.90,25.16,true,1,
8023492000695,false,סטיק שוקולד מריר אגוזים וקפה 150 גר DG 3,,,סטיק שוקולד מריר אגו,גרמים,150.00,100 גרם,false,1,15.90,10.60,true,1,
8024985000116,false,מחית תפוח אוכמ 100% פרי 200 ג נטורה נובה,,,מחית תפוח אוכמ 100%,גרמים,200.00,100 גרם,false,1,9.90,4.95,true,1,
8024985002943,false,סמוזי נטורה נובה תפוח אננס קוקוס 100 גרם,,,סמוזי נטורה נובה תפו,גרמים,100.00,100 גרם,false,1,5.90,5.90,true,1,
8024985002950,false,סמוזי שזיף אורגני 100 גרם,,IT,סמוזי שזיף אורגני 10,גרמים,100.00,100 גרם,false,1,5.90,5.90,true,1,
8024985002967,false,סמוזי נטורה נובה בננה תרד 100 גרם,,,סמוזי נטורה נובה בננ,גרמים,100.00,100 גרם,false,1,5.90,5.90,true,1,
8024985003988,false,סמוזי תפוח בננה 100 גר נטורה נובה,,,סמוזי תפוח בננה 100,גרמים,100.00,100 גרם,false,1,5.90,5.90,true,1,
8024985005296,false,סמוזי אגס בננה תפוח וקינואה אורגני,,,סמוזי אגס בננה תפוח,גרמים,120.00,100 גרם,false,1,7.50,6.25,true,1,
8024985008037,false,סמוזי נטורה נובה סמוצי תפוח 100 גרם,,,מחית נטורה נובה סמוצ,גרמים,100.00,100 גרם,false,1,5.90,5.90,true,1,
8024985008051,false,סמוזי נטורה נובה סמוצי פירות אדומים 100,,,מחית נטורה נובה סמוצ,גרמים,100.00,100 גרם,false,1,5.90,5.90,true,1,
8032523530452,false,ממרח פיסטוק 200 גרם,,,ממרח פיסטוק 200 גרם,גרמים,200.00,100 גרם,false,1,36.50,18.25,true,1,
8032793912910,false,"בלסמי כמהין שחור אסטייה מלפיגי 100 מ""ל",,IT,בלסמי כמהין שחור אסט,מיליליטרים,100.00,"100 מ""ל",false,1,59.90,59.90,true,1,
8032804430846,false,פליסיה פוזילי חומוס אורגני 250 גרם,,,פליסיה פוזילי חומוס,גרמים,250.00,100 גרם,false,1,15.60,6.24,true,1,
8032804435643,false,פוזילי אורז מלא אורגני 340 גרם פליסיה,,,פוזילי אורז מלא אורג,גרמים,340.00,100 גרם,false,1,13.90,4.09,true,1,
8033020445973,false,"PIVETTI קמח 00 לכל מטרה 1 ק""ג",,IT,PIVETTI קמח 00 לכל מ,גרמים,1000.00,100 גרם,false,1,7.90,0.79,true,1,
8034023208503,false,TERREעגבניות מיובשות בשמן חמניות 280 גר,,,TERREעגבניות מיובשות,גרמים,280.00,100 גרם,false,1,15.90,5.68,true,1,
8034141060106,false,וורמוט ביאנקו 1 ל GRAN TORINO,,,וורמוט ביאנקו 1 ל GR,Unknown,0.00,Unknown,false,1,34.90,34.90,true,1,
8034141060175,false,יין מבעבע לבן  אסטי 750 מל GRAN TORINO,,,יין מבעבע לבן  אסטי,Unknown,0.00,Unknown,false,1,64.90,64.90,true,1,
8050705434763,false,עוגה  ממולאת קרם שוקולד 300 גר La Torta,,IT,עוגה  ממולאת קרם שוק,גרמים,300.00,100 גרם,false,1,17.90,5.97,true,1,
8050847513258,false,פיו בואנו חטיף שומשו,,IT,פיו בואנו חטיף שומשו,Unknown,1.00,Unknown,false,1,9.90,9.90,true,1,
8051407911170,false,"יין מבעבע לבן יבש פרוסקו קאבוטה 750 מ""ל",,,יין מבעבע לבן יבש פר,Unknown,0.00,Unknown,false,1,61.90,61.90,true,1,
8056732070103,false,פיו בואנו עוגיות מלו,,IT,פיו בואנו עוגיות מלו,Unknown,1.00,Unknown,false,1,8.90,8.90,true,1,
8056732070127,false,פיו בואנו עוגיות מלו,,IT,פיו בואנו עוגיות מלו,Unknown,1.00,Unknown,false,1,8.90,8.90,true,1,
8076800195019,false,ספגטי מס 1 קפליני  500 גר ברילה,,,ספגטי מס 1 קפליני  5,גרמים,500.00,100 גרם,false,1,6.90,1.38,true,1,
8076800195033,false,ספגטי ברילה מס 3 ברילה,,,ספגטי ברילה מס 3 ברי,גרמים,500.00,100 גרם,false,1,6.90,1.38,true,1,
8076800195057,false,ספגטי ברילה מס 5 ברילה,,,ספגטי ברילה מס 5 ברי,גרמים,500.00,100 גרם,false,1,6.90,1.38,true,1,
8076800195132,false,פסטה ברילה מס 13,,,פסטה ברילה מס 13,גרמים,500.00,100 גרם,false,1,6.90,1.38,true,1,
8076800315097,false,ספגטי ברילה בוקטיני מס 9,,,ספגטי ברילה בוקטיני,גרמים,500.00,100 גרם,false,1,6.90,1.38,true,1,
8076802085738,false,פסטה ברילה פנה רגטה מס 73,,,פסטה ברילה פנה רגטה,גרמים,500.00,100 גרם,false,1,6.90,1.38,true,1,
8076802085837,false,פסטה ברילה טורטליוני מס 83,,,פסטה ברילה טורטליוני,גרמים,500.00,100 גרם,false,1,6.90,1.38,true,1,
8076802085936,false,ברילה קונציליאה ריגאטי מס 93,,,ברילה קונציליאה ריגא,גרמים,500.00,100 גרם,false,1,6.90,1.38,true,1,
8076802085981,false,פסטה ברילה פוזילי מס 98,,,פסטה ברילה פוזילי מס,גרמים,500.00,100 גרם,false,1,6.90,1.38,true,1,
8076808050440,false,פסטה ברילה מקרוני מס 44,,,פסטה ברילה מקרוני,גרמים,500.00,100 גרם,false,1,6.90,1.38,true,1,
8076808060654,false,ברילה פרפלה מס 65,,,ברילה פרפלה מס 65,גרמים,500.00,100 גרם,false,1,6.90,1.38,true,1,
8076808070882,false,פסטה למילוי קנלוני 250 גר,,,פסטה למילוי קנלוני 2,גרמים,500.00,100 גרם,false,1,16.70,3.34,true,1,
8076808150072,false,ספגטי ברילה מס 7 ברילה,,,ספגטי ברילה מס 7 ברי,גרמים,500.00,100 גרם,false,1,6.90,1.38,true,1,
8076809512268,false,ברילה גירנדולה מס 34,,,ברילה גירנדולה מס 34,גרמים,500.00,100 גרם,false,1,6.90,1.38,true,1,
8076809513739,false,רוטב בזיליקום 400 גרם ברילה,,,רוטב בזיליקום 400 גר,גרמים,400.00,100 גרם,false,1,14.90,3.73,true,1,
8076809514774,false,פסטה עם ביצים פפרדלה 250 גר,,,פסטה עם ביצים פפרדלה,גרמים,250.00,100 גרם,false,1,17.90,7.16,true,1,
8076809523561,false,רוטב פסטה בטעם פיצה 400 גרם ברילה,,,רוטב פסטה בטעם פיצה,גרמים,400.00,100 גרם,false,1,14.90,3.73,true,1,
8076809523714,false,ברילה איטריות 500 גרם,,,ברילה איטריות 500 גר,גרמים,500.00,100 גרם,false,1,22.90,4.58,true,1,
8076809523738,false,ברילה לזניה 500 גרם,,,ברילה לזניה 500 גרם,גרמים,500.00,100 גרם,false,1,21.70,4.34,true,1,
8076809545457,false,ברילה פסטה ללא גלוטן צורת צינורות 400 גר,,,ברילה פסטה ללא גלוטן,גרמים,400.00,100 גרם,false,1,14.90,3.73,true,1,
8076809547956,false,ברילה צ.ק קיפרי 500 גרם,,IT,ברילה  קיפרי 500 גר,גרמים,500.00,100 גרם,false,1,6.90,1.38,true,1,
8076809572828,false,מולינו ביאנקו טרלוסי עוגיות פריכות 350 ג,,,מולינו ביאנקו טרלוסי,גרמים,350.00,100 גרם,false,1,11.90,3.40,true,1,
8121300208780,false,תחליף סוכר לכל מטרה טרוביה 360 גר,,US,תחליף סוכר לכל מטרה,גרמים,360.00,100 גרם,false,1,34.90,9.69,true,1,
8190010296523,false,"כרוב חמוציות 1 ק""ג",,,"כרוב חמוציות 1 ק""ג",גרמים,1000.00,100 גרם,false,1,23.90,2.39,true,1,
8190010296547,false,כרוב חמוציות 500 גר,,,כרוב חמוציות 500 גר,גרמים,500.00,100 גרם,false,1,13.50,2.70,true,1,
8290010296858,false,אסורטי 600 גר,,,אסורטי 600 גר,גרמים,600.00,100 גרם,false,1,19.70,3.28,true,1,
8390010296831,false,כרוב בולגרי 500 גר,,,כרוב בולגרי 500 גר,גרמים,600.00,100 גרם,false,1,12.00,2.00,true,1,
8410013992094,false,יין קאווה באך חצי יבש 750 מל,,,יין קאווה באך חצי יב,Unknown,0.00,Unknown,false,1,41.90,41.90,true,1,
8410031132519,false,צופה צופס-לקקן 16 יח בשקית  120 גר,,AT,צופה צופס-לקקן 16 יח,גרמים,120.00,100 גרם,false,1,14.60,12.17,true,1,
8410076600622,false,נייטשר וואלי שוקו ציפס,,,נייטשר וואלי שוקו צי,גרמים,175.00,100 גרם,false,1,17.90,10.23,true,1,
8410076610379,false,חטיף נייטשר ואלי פרוטאין שוקולד 210 גרם,,,חטיף נייטשר ואלי פרו,גרמים,210.00,100 גרם,false,1,24.90,11.86,true,1,
8410076610386,false,חטיף נייטשר ואלי פרוטאין קרם מלוח 210 גר,,,חטיף נייטשר ואלי פרו,גרמים,210.00,100 גרם,false,1,24.90,11.86,true,1,
8410076621009,false,חטיף פייבר 1 בטעם קרמל מלוח 120 גרם,,,חטיף פייבר 1 בטעם קר,גרמים,120.00,100 גרם,false,1,17.70,14.75,true,1,
8410104045111,false,פיניש מלח 2 קג,,,פיניש מלח 2 קג,קילוגרמים,0.00,"ק""ג",false,1,14.90,14.90,true,1,
8410109056549,false,ואלור טב שוק חלב במילוי קרם אגוזים 100,,,ואלור טב שוק חלב במי,גרמים,100.00,100 גרם,false,1,13.90,13.90,true,1,
8410134016839,false,זיתים ירוקים עם סלומון 300 גרם FRAGATA,,,זיתים ירוקים עם סלומ,גרמים,300.00,100 גרם,false,1,8.50,2.83,true,1,
8410134119509,false,זיתים שחורים 350 גרם FRAGATA,,,זיתים שחורים 350 גרם,גרמים,350.00,100 גרם,false,1,8.50,2.43,true,1,
8410179002798,false,זיתים ירוקים ממולאים בלימון 314 גר,,ES,זיתים ירוקים ממולאים,גרמים,314.00,100 גרם,false,1,10.40,3.31,true,1,
8410179002828,false,זיתים ירוקים ממולאים בסלמון 300 גר ITLV,,ES,זיתים ירוקים ממולאים,גרמים,300.00,100 גרם,false,1,10.40,3.47,true,1,
8410179002873,false,זיתים ירוקים ממולאים בשרימפס 300 גר ITLV,,ES,זיתים ירוקים ממולאים,גרמים,300.00,100 גרם,false,1,10.40,3.47,true,1,
8410300238164,false,קוביות גלינה בלנקה עוף עם ירק 80 גר,,,קוביות גלינה בלנקה ע,גרמים,80.00,100 גרם,false,1,13.90,17.38,true,1,
8410342005595,false,"טוראס-שוקולד חלב ללת""ס 75 גרם",,ES,טוראס-שוקולד חלב ללת,גרמים,75.00,100 גרם,false,1,9.90,13.20,true,1,
8410342007421,false,"טוראס-שוקולד חלב אגוזים ללת""ס 150 גר",,ES,טוראס-שוקולד חלב אגו,גרמים,150.00,100 גרם,false,1,19.90,13.27,true,1,
8410376006070,false,בסקוויט גולון מריה 800ג,,,בסקוויט גולון מריה 8,גרמים,800.00,100 גרם,false,1,11.90,1.49,true,1,
8410376009408,false,"ביסקויט ללת""ס זהב 330 גר",,,"ביסקויט זהב ללת""ס",גרמים,330.00,100 גרם,false,1,20.90,6.33,true,1,
8410376013191,false,קרקר פיק קוקטייל בצילינדר 350 גר גולון,,,קרקר פיק קוקטייל 350,גרמים,350.00,100 גרם,false,1,15.90,4.54,true,1,
8410376014051,false,גולון-קרקר פיק מיניס 350 גר,,,קרקר פיק מיניס 350 ג,גרמים,350.00,100 גרם,false,1,15.90,4.54,true,1,
8410376014068,false,קרקר פיק דגים 350 גר גולון,,,קרקר פיק דגים 350 גר,גרמים,350.00,100 גרם,false,1,15.90,4.54,true,1,
8410376017113,false,גולון ביסקוויט סנדוויץ שוקו 500 גר,,ES,גולון ביסקוויט סנדוו,גרמים,500.00,100 גרם,false,1,10.40,2.08,true,1,
8410376017342,false,עוגיות גולון  שוקו ציפס ללא גלוטן 200 גר,,,עוגיות גולון  שוקו צ,גרמים,200.00,100 גרם,false,1,24.50,12.25,true,1,
8410376024326,false,"עוגיות ללת""ס חיטה מלאה בציפוי שוקולד",,,עוגיות חיטה מלאה בצי,גרמים,300.00,100 גרם,false,1,28.90,9.63,true,1,
8410376028416,false,גולון או2 לצה 252ג,,ES,עוגיות מצופות שוקולד,גרמים,252.00,100 גרם,false,1,12.90,5.12,true,1,
8410376035407,false,גולון בישקוטים 200ג,,,גולון בישקוטים 200ג,גרמים,200.00,100 גרם,false,1,6.90,3.45,true,1,
8410376036862,false,גולון ביסקוויט סנדוויץ וניל 500 גר,,ES,גולון ביסקוויט סנדוו,גרמים,500.00,100 גרם,false,1,10.40,2.08,true,1,
8410376037319,false,קרקר פיק מלח גולון 300 גר,,ES,קרקר פיק מלח גולון 3,גרמים,300.00,100 גרם,false,1,9.90,3.30,true,1,
8410376056334,false,עוגיות גולון ויטאל ג,,ES,עוגיות גולון ויטאל ג,Unknown,1.00,Unknown,false,1,12.90,12.90,true,1,
8410376059380,false,גולון וופל וניל ללא תוספת סוכר 180 גרם,,ES,גולון וופל וניל ללא,גרמים,180.00,100 גרם,false,1,16.90,9.39,true,1,
8410376059397,false,גולון וופל שוקולד ללא תוספת סוכר 180 גרם,,ES,גולון וופל שוקולד לל,גרמים,180.00,100 גרם,false,1,16.90,9.39,true,1,
8410376060461,false,גולון-ביסקוויט דיאגסטיב תפוז 280 גרם,,ES,גולון-ביסקוויט דיאגס,גרמים,280.00,100 גרם,false,1,14.50,5.18,true,1,
8410406811001,false,מרקז דה קסרס ריוחה לבן חובן 750 מל,,,מרקס דה קסרס ריוחה,Unknown,0.00,Unknown,false,1,56.90,56.90,true,1,
8410525116711,false,פיני גומי נחשים חמוץ 90 גרם,,ES,פיני גומי נחשים חמוץ,גרמים,90.00,100 גרם,false,1,6.90,7.67,true,1,
8410525116759,false,פיני גומי בננה 90 גרם,,ES,פיני גומי בננה 90 גר,גרמים,90.00,100 גרם,false,1,6.90,7.67,true,1,
8410525116803,false,פיני גומי תנינים 90 גרם,,ES,פיני גומי תנינים 90,Unknown,0.00,Unknown,false,1,6.90,6.90,true,1,
8410525116827,false,פיני מסטיק עגול 90 גרם,,ES,פיני מסטיק עגול 90 ג,Unknown,1.00,Unknown,false,1,6.90,6.90,true,1,
8410525125973,false,פיני גומי נחשים 90 גרם,,ES,פיני גומי נחשים 90 ג,גרמים,90.00,100 גרם,false,1,6.90,7.67,true,1,
8410525144264,false,פיני מיני טיובס 90 גרם,,ES,פיני מיני טיובס 90 ג,גרמים,90.00,100 גרם,false,1,6.90,7.67,true,1,
8410525150364,false,פיני גלאקסי מיקס מסוכר 90 גרם,,ES,פיני גלאקסי מיקס מסו,גרמים,90.00,100 גרם,false,1,6.90,7.67,true,1,
8410525175589,false,פיני סוכריות גלי בטעם דובדבן 80 גרם,,ES,פיני סוכריות גלי בטע,Unknown,1.00,Unknown,false,1,6.90,6.90,true,1,
8410525220562,false,פיני בום ומפייר 65 גרם,,ES,פיני בום ומפייר 65 ג,גרמים,65.00,100 גרם,false,1,6.90,10.62,true,1,
8410525226434,false,פיני מרשמלו תכלת 80 גרם,,ES,פיני מרשמלו תכלת 80,Unknown,0.00,Unknown,false,1,6.90,6.90,true,1,
8410525228315,false,פיני גומי תות חמוץ במילוי מתוק 75 גרם,,ES,פיני גומי תות חמוץ ב,Unknown,0.00,Unknown,false,1,6.90,6.90,true,1,
8410628460605,false,טונה ספרדית בשמן זית בצנצנת 190 גרם,,ES,טונה ספרדית בשמן זית,גרמים,190.00,100 גרם,false,1,28.50,15.00,true,1,
8410628460612,false,טונה ספרדית בשמן זית ולימון 190 גרם,,ES,טונה ספרדית בשמן זית,גרמים,190.00,100 גרם,false,1,28.50,15.00,true,1,
8410655001147,false,בירה סאן מיגל 500 מל פחית,,,בירה סאן מיגל אספסיא,מיליליטרים,500.00,"100 מ""ל",false,1,9.20,1.84,true,1,
8410655002458,false,"בירה סאן מיגל ללא גלוטן 330 מ""ל",,,בירה סאן מיגל ללא גל,מיליליטרים,330.00,"100 מ""ל",false,1,12.50,3.79,true,1,
8410679030048,false,טבלת טראפה ל.ס. לבן 75ג,,ES,טבלת טראפה ל.ס. לבן,גרמים,75.00,100 גרם,false,1,8.90,11.87,true,1,
8410679030062,false,טבלת טראפה ל.ס. חלב שקד 75ג,,ES,טבלת טראפה ל.ס. חלב,גרמים,75.00,100 גרם,false,1,8.90,11.87,true,1,
8410743700303,false,יין קווה קסטילו פרלדה חצי יבש 750 מל,,,יין קווה קסטילו פרלד,Unknown,0.00,Unknown,false,1,51.90,51.90,true,1,
8411320239001,false,נתחי טונה לבנה מובחרים 110 גרם ORTIZ,,,נתחי טונה לבנה מובחר,גרמים,110.00,100 גרם,false,1,54.90,49.91,true,1,
8411320334027,false,נתחי טונה צהובה בשמן זית 112 גר ORTIZ,,,נתחי טונה צהובה בשמן,גרמים,112.00,100 גרם,false,1,16.40,14.64,true,1,
8411320382967,false,נתחי טונה צהובה בשמן זית 220 ג ORTIZ,,,נתחי טונה צהובה בשמן,גרמים,220.00,100 גרם,false,1,42.90,19.50,true,1,
8412700714101,false,"קקאולט משקה קקאו זכוכית 200 מ""ל",,ES,קקאולט משקה קקאו זכו,מיליליטרים,200.00,"100 מ""ל",false,1,10.90,5.45,true,1,
8412997000390,false,"ארטי אייס פופ -שלגונים להקפאה 650 מ""ל",,,ארטי אייס פופ -שלגונ,מיליליטרים,650.00,"100 מ""ל",false,1,8.90,1.37,true,1,
8413165061618,false,אוגרטה ריוחה קריאנזה 750 מל,,,אוגרטה ריוחה קריאנזה,Unknown,0.00,Unknown,false,1,57.90,57.90,true,1,
8413664511447,false,צנימים בטעם שום ופטרוזיליה 150 גרם,,,פאפאס ארגנטה-ברוסקטה,גרמים,150.00,100 גרם,false,1,12.90,8.60,true,1,
8414753700124,false,פילה אנשובי בשמן זית 100 גרם צנצנת,,,פילה אנשובי בשמן זית,גרמים,100.00,100 גרם,false,1,23.90,23.90,true,1,
8420822130600,false,"סופר מסיר שומנים 750 מ""ל",,,סופר מסיר שומנים 750,יחידה,1.00,יחידה,false,1,17.90,17.90,true,1,
8423207206488,false,חטיף דגנים מלאים מצופה שוקולד חלב 120 גר,,,חטיף דגנים מלאים מצו,גרמים,120.00,100 גרם,false,1,10.90,9.08,true,1,
8423207206495,false,חטיף דגנים מלאים מצופה שוקולד מריר 120 ג,,,חטיף דגנים מלאים מצו,גרמים,120.00,100 גרם,false,1,10.90,9.08,true,1,
8423207207362,false,חטיף דגנים סלים דליס שוקולד לבן 120 גר,,,חטיף דגנים סלים דליס,גרמים,120.00,100 גרם,false,1,10.90,9.08,true,1,
8423207208680,false,סלים דליס לילדים עם שוקולד חלב 120 גרם,,,סלים דליס לילדים עם,גרמים,120.00,100 גרם,false,1,10.90,9.08,true,1,
8423207208703,false,סלים דליס מהדורה  עם שוקולד מריר 120 גרם,,,סלים דליס מהדורה  עם,גרמים,120.00,100 גרם,false,1,10.90,9.08,true,1,
8423207210287,false,סלים דליס שוקולד לבן בטעם יוגורט 120 גר,,,סלים דליס שוקולד לבן,גרמים,120.00,100 גרם,false,1,10.90,9.08,true,1,
8423207210928,false,סלים דליס טופינג אגוז לוז 90 גרם,,ES,סלים דליס טופינג אגו,גרמים,90.00,100 גרם,false,1,10.90,12.11,true,1,
8423207210942,false,סלים דליס טופינג פירות יער 90 גרם,,ES,סלים דליס טופינג פיר,גרמים,90.00,100 גרם,false,1,10.90,12.11,true,1,
8423371007577,false,פיסטוקים  קלויים סאליסול 50 גר,,,פיסטוקים  קלויים סאל,גרמים,50.00,100 גרם,false,1,9.90,19.80,true,1,
8423371007591,false,שקדים קלויים סאליסול 50 גר,,,שקדים קלויים סאליסול,גרמים,50.00,100 גרם,false,1,9.90,19.80,true,1,
8423371007614,false,מיקס אגוזים חמוציות וצימוק סאליסול 50 גר,,ES,מיקס אגוזים חמוציות,גרמים,50.00,100 גרם,false,1,9.90,19.80,true,1,
8423453905692,false,"בירה ווילדר לאגר 500 מ""ל פחית",,ES,בירה ווילדר לאגר 500,מיליליטרים,500.00,"100 מ""ל",false,1,7.20,1.44,true,1,
8423453905739,false,"שישיית בירה ווילדר לאגר 330 מ""ל בקבוק",,ES,שישיית בירה ווילדר ל,מיליליטרים,1980.00,"100 מ""ל",false,1,29.90,1.51,true,1,
8425206000081,false,ריבת חלב מרדל 450 גרם,,,ריבת חלב מרדל 450 גר,גרמים,450.00,100 גרם,false,1,17.90,3.98,true,1,
8431438000256,false,מנצגו קייסו ספרדי במשקל,,,מנצגו קייסו ספרדי במ,Unknown,0.00,"ק""ג",true,0,208.00,208.00,true,1,
8435185953711,false,"משקה מוגז ד""ר פפר 330 מ""ל ללא סוכר",,,"משקה מוגז ד""ר פפר 33",מיליליטרים,330.00,"100 מ""ל",false,1,5.90,1.79,true,1,
8436575292205,false,מאגדת חמשושים 180 גר,,IL,מאגדת חמשושים 180 גר,גרמים,180.00,100 גרם,false,1,23.90,13.28,true,1,
8437000209997,false,טארט לימון 300 גרם,,,טארט לימון 300 גרם,גרמים,300.00,100 גרם,false,1,15.90,5.30,true,1,
8437013158657,false,גבינה קשה כבשים כמהין במשקל,,,גבינה קשה כבשים כמהי,Unknown,0.00,"ק""ג",true,0,198.00,198.00,true,1,
8437013158732,false,מנצגו עם שום במשקל,,,מנצגו עם שום במשקל,Unknown,0.00,"ק""ג",true,0,199.00,199.00,true,1,
8593868000302,false,"בירה סטארופרמן לאגר בקבוק 5% 500 מ""ל",,CZ,בירה סטארופרמן פרימי,מיליליטרים,500.00,"100 מ""ל",false,1,11.90,2.38,true,1,
8593868002368,false,בירה סטארופרמן אנפילטר בירה 500 מל בקבוק,,CZ,בירה סטארופרמן אנפיל,מיליליטרים,500.00,"100 מ""ל",false,1,10.90,2.18,true,1,
8594006931328,false,בירה פרימטור ויצן 500 מל צכיה,,,בירה פרימטור ויצן 50,מיליליטרים,500.00,"100 מ""ל",false,1,12.90,2.58,true,1,
8594009923429,false,"בירה קרושוביצה אמפריאל 500 מ""ל פחית",,,בירה קרושוביצה אמפרי,מיליליטרים,500.00,"100 מ""ל",false,1,11.90,2.38,true,1,
8594071650292,false,כדורי עוגת קלאסיק 235 גר מרלנקה,,CZ,עוגיות דבש מרלנקה,גרמים,235.00,100 גרם,false,1,34.90,14.85,true,1,
8594071650308,false,כדורי עוגת דבש קקאו 235 גר מרלנקה,,,כדורי עוגת דבש קקאו,גרמים,235.00,100 גרם,false,1,34.90,14.85,true,1,
8594071650711,false,עוגת נפוליאון 300 גרם,,CZ,עוגת נפוליאון 300 גר,גרמים,300.00,100 גרם,false,1,34.90,11.63,true,1,
8594071650841,false,פחזניות מרלנקה 235 גרם,,,פחזניות מרלנקה 235 ג,גרמים,235.00,100 גרם,false,1,34.90,14.85,true,1,
8594071650896,false,עוגיות דבש ללא גלוטן מרלנקה 235 גרם,,,עוגיות דבש ללא גלוטן,גרמים,235.00,100 גרם,false,1,36.90,15.70,true,1,
8594071651381,false,עוגת נפוליאון מרלנקה 300 גרם,,CZ,עוגת נפוליאון מרלנקה,גרמים,300.00,100 גרם,false,1,34.90,11.63,true,1,
8594403707649,false,"בירה באדוויזר דארק לאגר 500 מ""ל פחית",,,בירה באדוויזר דארק ל,מיליליטרים,500.00,"100 מ""ל",false,1,8.50,1.70,true,1,
8595134503302,false,פילטר ארוך 6 ממ,,,פילטר ארוך 6 ממ,Unknown,0.00,Unknown,false,1,5.00,5.00,true,1,
8595134503487,false,פילטרים לגילגול 5.3 ארוך PIH,,,פילטרים לגילגול 5.3,יחידה,1.00,יחידה,false,1,4.00,4.00,true,1,
8595134503975,false,נייר גלגול בינוני  כולל פילטר PIH,,,נייר גלגול בינוני  כ,יחידה,1.00,יחידה,false,1,6.00,6.00,true,1,
8606018615827,false,פיינט אוראו 480 גרם,,,פיינט אוראו 480 גרם,גרמים,480.00,100 גרם,false,1,19.90,4.15,true,1,
8606018615865,false,פיינט מילקה קרמל ליבת שוקולד 480 גרם,,,פיינט מילקה קרמל ליב,גרמים,480.00,100 גרם,false,1,19.90,4.15,true,1,
8606109023593,false,פרוויטה מיץ תפוחי עץ ואגסים 750 מל,,RS,פרוויטה מיץ תפוחי עץ,מיליליטרים,750.00,"100 מ""ל",false,1,13.90,1.85,true,1,
8606109023609,false,"פרוויטה מיץ תפוחי עץ ודובדבנים 750 מ""ל",,RS,פרוויטה מיץ תפוחי עץ,מיליליטרים,750.00,"100 מ""ל",false,1,13.90,1.85,true,1,
8606109023623,false,פרוויטה מיץ תפוחי עץ ולימון ליים 750 מ,,RS,פרוויטה מיץ תפוחי עץ,מיליליטרים,750.00,"100 מ""ל",false,1,13.90,1.85,true,1,
8606109023715,false,פרוויטה מיץ תפוחי עץ ואפרסקים 750 מל,,RS,פרוויטה מיץ תפוחי עץ,מיליליטרים,750.00,"100 מ""ל",false,1,13.90,1.85,true,1,
8683130008355,false,מיונז עם שום הלמנס לחיץ  400 גרם,,TR,מיונז עם שום הלמנס ל,גרמים,400.00,100 גרם,false,1,14.90,3.73,true,1,
8683130008935,false,ממרח קטשיונז לחיץ 425 גם,,TR,ממרח קטשיונז לחיץ 42,גרמים,425.00,100 גרם,false,1,14.90,3.51,true,1,
8683130025574,false,בדין אקסטרא לבנדר 960 מל,,,בדין אקסטרא לבנדר 96,מיליליטרים,960.00,"100 מ""ל",false,1,15.90,1.66,true,1,
8683130025581,false,בדין אקסטרא gbcr 960 מל,,,בדין אקסטרא gbcr 960,מיליליטרים,960.00,"100 מ""ל",false,1,15.90,1.66,true,1,
8686868600075,false,אביזרי שיער,,,אביזרי שיער,Unknown,0.00,Unknown,false,1,9.90,9.90,true,1,
8686868600105,false,אביזרי שיער,,,אביזרי שיער,Unknown,0.00,Unknown,false,1,12.90,12.90,true,1,
8686868600112,false,אביזרי שיער,,,אביזרי שיער,Unknown,0.00,Unknown,false,1,13.90,13.90,true,1,
8686868600129,false,אביזרי שיער,,,אביזרי שיער,Unknown,0.00,Unknown,false,1,14.90,14.90,true,1,
8686868600150,false,אביזרי שיער,,,אביזרי שיער,Unknown,0.00,Unknown,false,1,17.90,17.90,true,1,
8686868600174,false,אביזרי רחצה,,,אביזרי רחצה,Unknown,0.00,Unknown,false,1,19.90,19.90,true,1,
8686868600204,false,אביזרי מניקור,",                    ,",,אביזרי מניקור,Unknown,0.00,Unknown,false,1,9.90,9.90,true,1,
8690504081913,false,מקוויטיס טינס מצופה שוקולד חלב 150 גרם,,TR,מקוויטיס טינס מצופה,גרמים,150.00,100 גרם,false,1,11.40,7.60,true,1,
8690504081920,false,מקוויטיס טינס מצופה שוקולד מריר 150 גרם,,,מקוויטיס טינס מצופה,גרמים,150.00,100 גרם,false,1,11.40,7.60,true,1,
8690504081937,false,מקוויטיס טינס שוקולד חלב וקפוצינו 150 גר,,,מקוויטיס טינס שוקולד,גרמים,150.00,100 גרם,false,1,11.40,7.60,true,1,
8690504153740,false,שוקולד מריר גודייבה קרם גנאש שוקולד 86 ג,,TR,שוקולד מריר גודייבה,גרמים,86.00,100 גרם,false,1,14.90,17.33,true,1,
8690504156543,false,שוקולד חלב גודייבה קרם גנאש שוקולד 88 גר,,TR,שוקולד חלב גודייבה ק,גרמים,88.00,100 גרם,false,1,14.90,16.93,true,1,
8690526019178,false,וופל קקאו במילוי קרם קוקוס 142 גרם,,TR,וופל קקאו במילוי קרם,יחידה,1.00,יחידה,false,1,7.90,7.90,true,1,
8690526019185,false,וופל במילוי קרם שוקולד חלב  142 גרם,,TR,וופל במילוי קרם שוקו,יחידה,1.00,יחידה,false,1,7.90,7.90,true,1,
8690526029238,false,וופל בציפוי עם שוקולד מריר ובמילוי 3*50,,TR,וופל בציפוי ש.מריר ו,גרמים,150.00,100 גרם,false,1,9.90,6.60,true,1,
8690526039206,false,מיני וופל במילוי קרם קקאו 140 גרם,,TR,מיני וופל קרם קקאו ו,גרמים,140.00,100 גרם,false,1,11.90,8.50,true,1,
8690637503856,false,ממרח הלמנס לחיץ מופחת שומן 355 גרם,,TR,ממרח הלמנס לחיץ מופח,גרמים,355.00,100 גרם,false,1,14.90,4.20,true,1,
8690637505607,false,"מרכך כביסה בדין פינוק כחול 960 מ""ל",,,מרכך כביסה בדין פינו,מיליליטרים,960.00,"100 מ""ל",false,1,15.90,1.66,true,1,
8690637555084,false,מרכך כביסה בדין אקסטרא פריחת תפוז 960 מל,,,מרכך כביסה בדין אקסט,מיליליטרים,960.00,"100 מ""ל",false,1,15.90,1.66,true,1,
8690637842399,false,מאגדת מיני מגנום דאבל פירות יער 6 יחידות,,,מאגדת מיני מגנום,גרמים,379.00,100 גרם,false,1,29.90,7.89,true,1,
8690637858741,false,גל לנ.כללי סיף אקונומיקה בנ.רוח ים 750 מ,,IL,גל לנ.כללי סיף אקונו,מיליליטרים,750.00,"100 מ""ל",false,1,16.70,2.23,true,1,
8690637871108,false,ממרח חרדל הלמנס 250 גרם,,,ממרח חרדל הלמנס 250,גרמים,250.00,100 גרם,false,1,15.60,6.24,true,1,
8690637871245,false,מיונז אמיתי הלמנס לחיץ 395 גם,,TR,מיונז אמיתי הלמנס לח,גרמים,395.00,100 גרם,false,1,14.90,3.77,true,1,
8690637890666,false,מאגדת מיני מגנום דאבל פיסטוק/שוקולד 6 יח,,IL,מאגדת מיני מגנום דאב,גרמים,282.00,100 גרם,false,1,29.90,10.60,true,1,
8690637946301,false,"מרכך כביסה בדין אקסטרא בייבי 960 מ""ל",,TR,מרכך כביסה בדין אקסט,מיליליטרים,960.00,"100 מ""ל",false,1,15.90,1.66,true,1,
8690637946318,false,"מרכך כביסה בדין אקסטרא בייבי טלק 960 מ""ל",,TR,מרכך כביסה בדין אקסט,מיליליטרים,960.00,"100 מ""ל",false,1,15.90,1.66,true,1,
8690637987564,false,"דאב שמפו למניעת קשקשים 600 מ""ל",,TR,דאב שמפו למניעת קשקש,מיליליטרים,600.00,"100 מ""ל",false,1,20.80,3.47,true,1,
8690637989612,false,מאגדת מיני מגנום דולצה גולד 6 יח 246 גרם,,,מאגדת מיני מגנום דול,גרמים,282.00,100 גרם,false,1,29.90,10.60,true,1,
8690766156367,false,שוקולד חלב גודייבה מעולה 90 גר,,TR,שוקולד חלב גודייבה מ,גרמים,90.00,100 גרם,false,1,14.90,16.56,true,1,
8690766156381,false,שוקולד מריר 90% גודייבה 90 גר,,TR,שוקולד מריר 90% גודי,גרמים,90.00,100 גרם,false,1,14.90,16.56,true,1,
8690766156398,false,שוקולד חלב גודייבה שקדים קלויים ודבש 90,,TR,שוקולד חלב גודייבה ש,גרמים,90.00,100 גרם,false,1,14.90,16.56,true,1,
8690766156404,false,שוקולד מריר גודייבה בטעם תפוז אדום 90 גר,,TR,שוקולד מריר גודייבה,גרמים,90.00,100 גרם,false,1,14.90,16.56,true,1,
8690766156411,false,שוקולד מריר גודייבה תות ופלפל ורוד 90 גר,,TR,שוקולד מריר גודייבה,גרמים,90.00,100 גרם,false,1,14.90,16.56,true,1,
8690777203012,false,פלפל ירוק כבוש לא חריף 600 גר SERA,,,פלפל ירוק כבוש לא חר,גרמים,600.00,100 גרם,false,1,11.90,1.98,true,1,
8690777204071,false,פלפל חריף 640 גרם SERA,,,פלפל חריף 640 גרם SE,גרמים,640.00,100 גרם,false,1,15.60,2.44,true,1,
8690784516662,false,גל לניקוי עם אקונומיקה בניחוח לבנדר דאק,,,גל לניקוי דאק,Unknown,0.00,Unknown,false,1,15.00,15.00,true,1,
8690784516778,false,גל לניקוי עם אקונומיקה בניחוח ים דאק,,,גל דאק לניקוי,Unknown,0.00,Unknown,false,1,15.00,15.00,true,1,
8690799020192,false,ממתק 80 גר CHURCHKHELA,,,ממתק 80 גר CHURCHKHE,Unknown,0.00,Unknown,false,1,7.90,7.90,true,1,
8691351103148,false,טורקיש דילייט אגוזי לוז 125 גרם,,TR,טורקיש דילייט אגוזי,גרמים,125.00,100 גרם,false,1,9.90,7.92,true,1,
8691351103650,false,נוגט עם שקדים ופירות אקזוטיים 100 גרם,,TR,נוגט עם שקדים ופירות,גרמים,100.00,100 גרם,false,1,10.90,10.90,true,1,
8691351103667,false,נוגט עם שקדים וחמוציות 100 גרם,,TR,נוגט עם שקדים וחמוצי,גרמים,100.00,100 גרם,false,1,10.90,10.90,true,1,
8691351103674,false,נוגט עם שקדים ולימון 100 גרם,,TR,נוגט עם שקדים ולימון,גרמים,100.00,100 גרם,false,1,10.90,10.90,true,1,
8691530924670,false,רכז רימונים טבעי 345 גר,,,רכז רימונים טבעי 345,גרמים,345.00,100 גרם,false,1,18.90,5.48,true,1,
8693323099107,false,מרשמלו יוגטה לבבות 150 גרם,,,מרשמלו יוגטה לבבות 1,גרמים,150.00,100 גרם,false,1,9.60,6.40,true,1,
8693495051002,false,מברשת שיניים לילדים מיניונים קולגייט 6+,,,מברשת שיניים לילדים,Unknown,0.00,Unknown,false,1,14.90,14.90,true,1,
8697418280128,false,עלי טורטייה 20 סמ 540 גרם LAVALIA,,,"עלי טורטייה 20 ס""מ 5",גרמים,540.00,100 גרם,false,1,22.90,4.24,true,1,
8697418280180,false,עלי טורטייה 360 גר LAVALIA,,,עלי טורטייה 360 גר L,גרמים,360.00,100 גרם,false,1,18.30,5.08,true,1,
8697418280333,false,שערות קדאיף מיובשות 500 גרם,,,שערות קדאיף מיובשות,גרמים,500.00,100 גרם,false,1,21.90,4.38,true,1,
8697419747316,false,גליז גומי פירות יער 180 גרם,,,גליז גומי פירות יער,גרמים,180.00,100 גרם,false,1,9.90,5.50,true,1,
8697419747323,false,גליז מיני דרופס 180 גרם,,,גליז מיני דרופס 180,גרמים,180.00,100 גרם,false,1,9.90,5.50,true,1,
8697419747330,false,גליז גומי בצורת לב 180 גרם,,,גליז גומי בצורת לב 1,גרמים,180.00,100 גרם,false,1,9.90,5.50,true,1,
8697419747361,false,גליז גומי לב מצופה 180 גרם,,,גליז גומי לב מצופה 1,גרמים,180.00,100 גרם,false,1,9.90,5.50,true,1,
8697420500375,false,מיץ תפוחים אורגני 1 ליטר,,TR,מיץ תפוחים אורגני 1,מיליליטרים,1000.00,"100 מ""ל",false,1,16.50,1.65,true,1,
8697431460378,false,קונפיטורה 70% שזיפים 450 גר,,,קונפיטורה 70% שזיפים,גרמים,450.00,100 גרם,false,1,17.70,3.93,true,1,
8697431921701,false,קונפיטורה 70% תות שדה 454 גרם,,,קונפיטורה 70% תות שד,גרמים,450.00,100 גרם,false,1,17.70,3.93,true,1,
8697431921718,false,קונפיטורה 70% דובדבן חמוץ 454 גרם,,,קונפיטורה 70% דובדבן,גרמים,454.00,100 גרם,false,1,17.70,3.90,true,1,
8697431925143,false,קונפיטורה 70% פירות יער 450 גרם,,,קונפיטורה 70% פירות,גרמים,450.00,100 גרם,false,1,17.70,3.93,true,1,
8697530910743,false,פאל מאל כחול קצר האוס חפיסה,,,פאל מאל כחול קצר האו,Unknown,0.00,Unknown,false,1,30.00,30.00,true,1,
8697530910750,false,פאל מאל כחול ארוך האוס חפיסה,,,פאל מאל כחול ארוך הא,Unknown,0.00,Unknown,false,1,30.00,30.00,true,1,
8697530910781,false,פאל מאל אדום האוס חפיסה,,,פאל מאל אדום האוס חפ,Unknown,0.00,Unknown,false,1,30.00,30.00,true,1,
8697530911276,false,קנט קצר,,,קנט קצר,Unknown,0.00,Unknown,false,1,37.00,37.00,true,1,
8697659225186,false,"מטהר אוויר משב הכותנה יעקבי 250 מ""ל",,,מטהר אוויר משב הכותנ,מיליליטרים,250.00,"100 מ""ל",false,1,15.90,6.36,true,1,
8697826469092,false,טורטיה קטנה  12 יחידות 540 גרם,,,טורטיה קטנה  12 יחיד,גרמים,540.00,100 גרם,false,1,9.90,1.83,true,1,
8699250035041,false,זית שחור יבש במלח 700 גר,,,זית שחור יבש במלח 70,גרמים,700.00,100 גרם,false,1,19.90,2.84,true,1,
8710447211052,false,"שמפו טרזמה בוטניק 400 מ""ל",,PL,שמפו טרזמה בוטניק 40,מיליליטרים,400.00,"100 מ""ל",false,1,19.90,4.98,true,1,
8710448569879,false,מיונז הולנדי לחיץ 750 גרם,,,מיונז הולנדי לחיץ 75,גרמים,750.00,100 גרם,false,1,27.90,3.72,true,1,
8710448634331,false,מיונז ללא ביצים טבעוני רמייה 350 גר,,NL,מיונז ללא ביצים טבעו,גרמים,350.00,100 גרם,false,1,11.90,3.40,true,1,
8710488190439,false,כרוב כבוש לבן מובחר 850 גרם,,,כרוב כבוש לבן מובחר,גרמים,850.00,100 גרם,false,1,14.20,1.67,true,1,
8710502060021,false,מרבה פטיסרי עוגיות מאפין רכות 210 גרם,,NL,מרבה פטיסרי עוגיות מ,גרמים,210.00,100 גרם,false,1,10.90,5.19,true,1,
8710502064814,false,עוגיות מרבה שוקולד ציפס במרקם רך 175 גר,,,עוגיות מרבה שוקולד צ,גרמים,175.00,100 גרם,false,1,8.90,5.09,true,1,
8710502139017,false,עוגיות שוקולד מצופות שוקולד 180 גר,,,עוגיות שוקולד מצופות,גרמים,180.00,100 גרם,false,1,8.90,4.94,true,1,
8710502194801,false,מרבה עוגיות שוקולד ציפס פירות יער 175 גר,,,מרבה עוגיות שוקולד צ,גרמים,175.00,100 גרם,false,1,8.90,5.09,true,1,
8710502279010,false,עוגיות מרבה שוקולד ציפס מ.שוקולד 175 גר,,,עוגיות מרבה שוקולד צ,גרמים,175.00,100 גרם,false,1,8.90,5.09,true,1,
8710502285509,false,עוגיות לימון שוקולד ציפס במרקם רך 175 גר,,,עוגיות לימון שוקולד,גרמים,175.00,100 גרם,false,1,8.90,5.09,true,1,
8710502405204,false,עוגיות שוק.ציפס ממולאות קרם שוקולד 175 ג,,,עוגיות שוק.ציפס ממול,גרמים,175.00,100 גרם,false,1,8.90,5.09,true,1,
8710502470028,false,עוגיות מרבה נוגטלי 160 גרם,,,עוגיות מרבה נוגטלי 1,גרמים,160.00,100 גרם,false,1,8.90,5.56,true,1,
8710502470035,false,מרבה פטיסרי עוגיות נוגטלי אגוזים 200 גרם,,NL,מרבה פטיסרי עוגיות נ,גרמים,200.00,100 גרם,false,1,10.90,5.45,true,1,
8710522957769,false,"מיונז בלגי בצנצנת קאלווה 650 מ""ל",,NL,מיונז בלגי בצנצנת קא,מיליליטרים,650.00,"100 מ""ל",false,1,19.90,3.06,true,1,
8710625700026,false,"ליקר נפוליאון מנדרין 700 מ""ל דה קוויפר",,,ליקר נפוליאון מנדרין,מיליליטרים,700.00,"100 מ""ל",false,1,129.90,18.56,true,1,
8710679158385,false,"ציפס פריטס קלאסי 2.5 ק""ג",,,"ציפס קלאסי 2.5 ק""ג",קילוגרמים,0.00,"ק""ג",false,1,44.90,44.90,true,1,
8710732228918,false,מצת קריקט,,,מצת קריקט,Unknown,0.00,Unknown,false,1,6.70,6.70,true,1,
8710739494897,false,תחנת רוח וופל טוסט 12 יח במארז 250 גר,,,תחנת רוח וופל טוסט 1,גרמים,250.00,100 גרם,false,1,13.90,5.56,true,1,
8710800961310,false,מנטוס תות 1/4,,,מנטוס תות 1/4,גרמים,160.00,100 גרם,false,1,13.50,8.44,true,1,
8710847860843,false,"דאו רקסונה רול און אינביזיבל 50 מ""ל",,GB,דאו רקסונה רול און א,מיליליטרים,50.00,"100 מ""ל",false,1,20.90,41.80,true,1,
8710998477464,false,הלר סוכריות קשות פירות בצנצנת 300 גרם,,DE,הלר סוכריות קשות פיר,גרמים,300.00,100 גרם,false,1,21.90,7.30,true,1,
8711000371176,false,קפסולות קפה אספרסו קלאסיקו גייקובס 52 גר,,FR,קפסולות קפה אספרסו ק,גרמים,52.00,100 גרם,false,1,16.90,32.50,true,1,
8711000371206,false,קפסולות קפה אספרסו ריסטרטו גייקובס 52 גר,,FR,קפסולות קפה אספרסו ר,גרמים,52.00,100 גרם,false,1,16.90,32.50,true,1,
8711000371244,false,קפסולות קפה אספרסו לונגו גייקובס 52 גר,,FR,קפסולות קפה אספרסו ל,גרמים,52.00,100 גרם,false,1,16.90,32.50,true,1,
8711000472040,false,קפסולות קפה אספרסו סלקשיין גייקובס 52 גר,,FR,קפסולות קפה אספרסו ס,גרמים,52.00,100 גרם,false,1,16.90,32.50,true,1,
8711200484874,false,"רוטב חרדל דבש בקבוק קאלווה 450 מ""ל",,NL,רוטב חרדל דבש בקבוק,מיליליטרים,450.00,"100 מ""ל",false,1,18.90,4.20,true,1,
8711281023344,false,חרדל הולנדי מקורי חלק קרמי 335 גרם,,,חרדל הולנדי מקורי חל,גרמים,335.00,100 גרם,false,1,15.90,4.75,true,1,
8712000051099,false,"שישיית בירה היינקן 0.0% אלכוהול 330 מ""ל",,,שישיית בירה היינקן 0,מיליליטרים,1980.00,"100 מ""ל",false,1,32.90,1.66,true,1,
8712100739231,false,תה בשקיות פירמיד,,,תה בשקיות פירמיד,גרמים,125.00,100 גרם,false,1,21.90,17.52,true,1,
8712561594240,false,"דאב תחליב רחצה להזנה עמוקה 500 מ""ל",,,דאב תחליב רחצה להזנה,מיליליטרים,500.00,"100 מ""ל",false,1,19.80,3.96,true,1,
8712561594608,false,"תחליב רחצה דאב להזנה עמוקה 750 מ""ל",,,תחליב רחצה דאב להזנה,מיליליטרים,750.00,"100 מ""ל",false,1,15.00,2.00,true,1,
8713501034406,false,גאודה שום הולנדית במשקל,,,גאודה שום הולנדית,Unknown,0.00,"ק""ג",true,0,121.00,121.00,true,1,
8713800121807,false,רד בנד בצורת מפתחות 200 גר,,,רד בנד בצורת מפתחות,גרמים,200.00,100 גרם,false,1,9.90,4.95,true,1,
8714200207962,false,ונקו -ממתק לקריץ בצורת חתולים 155 גרם,,,ונקו -ממתק לקריץ בצו,גרמים,155.00,100 גרם,false,1,10.20,6.58,true,1,
8714200208013,false,ונקו ממתק לקריץ בציפוי דרגה צבעוני 166 ג,,,ונקו ממתק לקריץ בציפ,גרמים,166.00,100 גרם,false,1,10.20,6.14,true,1,
8714200208037,false,ונקו - ממתק לקריץ בצורות שונות 127 גרם,,,ונקו - ממתק לקריץ בצ,גרמים,127.00,100 גרם,false,1,10.20,8.03,true,1,
8714200208051,false,ממתק לקריץ בציפוי דרגה בצורת גיר 156 ג,,,ממתק לקריץ בציפוי דר,גרמים,152.00,100 גרם,false,1,10.20,6.71,true,1,
8714599104316,false,קפה שחור קלוי וטחון טורקי גייקובס 200 גר,,RU,קפה שחור קלוי וטחון,גרמים,200.00,100 גרם,false,1,15.60,7.80,true,1,
8714599410806,false,קפה גייקובס קרונונג שקית ריפיל 160 גר,,,קפה גייקובס קרונונג,גרמים,160.00,100 גרם,false,1,19.90,12.44,true,1,
8714599412220,false,גייקובס וולווט קפה נמס מיובש 95 גרם,,RU,גייקובס וולווט קפה נ,גרמים,95.00,100 גרם,false,1,16.70,17.58,true,1,
8714599412336,false,גיקובס בריסטה אמריקנו קפה נמס 160 גר,,,גיקובס בריסטה אמריקנ,גרמים,160.00,100 גרם,false,1,26.90,16.81,true,1,
8714599513781,false,גיקובס גולד מיובש בהקפאה 200 גר,,,גיקובס גולד מיובש בה,גרמים,200.00,100 גרם,false,1,25.90,12.95,true,1,
8714599513835,false,קפה גיקובס קרונונג נטול קופאין 200 גר,,,קפה גיקובס קרונונג נ,גרמים,200.00,100 גרם,false,1,34.90,17.45,true,1,
8714599513866,false,גיקובס קרונונג מיובש בהקפאה 200 גר,,,גיקובס קרונונג מיובש,גרמים,200.00,100 גרם,false,1,26.90,13.45,true,1,
8714789450315,false,פלמוליב נוזל כלים לימון 1.5 ליטר,,,פלמוליב נוזל כלים לי,ליטרים,0.00,ליטר,false,1,17.70,17.70,true,1,
8714789834467,false,פלמוליב נוזל כלים 1.5 ליטר,,,פלמוליב נוזל כלים,ליטרים,0.00,ליטר,false,1,17.70,17.70,true,1,
8714800004114,false,"בירה 8.6 אורגינל 500 מ""ל פחית",,,בירה 8.6 אורגינל 500,מיליליטרים,500.00,"100 מ""ל",false,1,8.50,1.70,true,1,
8714800011426,false,משקה מאלט בוואריה 0% אורגינל 500 מל,,NL,משקה מאלט בוואריה 0%,מיליליטרים,500.00,"100 מ""ל",false,1,5.50,1.10,true,1,
8714800021395,false,"בירה 8.6 גולד 500 מ""ל פחית",,,"בירה 8.6 גולד 500 מ""",מיליליטרים,500.00,"100 מ""ל",false,1,8.50,1.70,true,1,
8714800034548,false,"בירה חבשה 5%  330 מ""ל",,NL,"בירה חבשה 5%  330 מ""",מיליליטרים,330.00,"100 מ""ל",false,1,7.00,2.12,true,1,
8714800041645,false,"בירה 8.6 אקסטרים חזקה מאוד 500 מ""ל פחית",,,בירה 8.6 אקסטרים חזק,מיליליטרים,500.00,"100 מ""ל",false,1,8.50,1.70,true,1,
8714800043182,false,"בירה 8.6 איי.פי.אל  500 מ""ל פחית",,,בירה 8.6 איי.פי.אל,מיליליטרים,500.00,"100 מ""ל",false,1,8.50,1.70,true,1,
8715675121029,false,דרוסטה שוקולד מריר (אדום) 85 גרם,,NL,דרוסטה שוקולד מריר (,גרמים,85.00,100 גרם,false,1,8.90,10.47,true,1,
8715675121036,false,דרוסטה שוקולד חלב מריר (ורוד) 85 גרם,,NL,דרוסטה שוקולד חלב,גרמים,85.00,100 גרם,false,1,8.90,10.47,true,1,
8715675121043,false,דרוסטה שוקולד חלב לבן (ורוד) 85 גרם,,NL,דרוסטה שוקולד חלב לב,גרמים,85.00,100 גרם,false,1,8.90,10.47,true,1,
8715675121050,false,דרוסטה ש.מריר אקסטרה קקאו (סגול) 80 גרם,,NL,דרוסטה ש.מריר אקסטרה,גרמים,80.00,100 גרם,false,1,8.90,11.13,true,1,
8715675121081,false,דרוסטה שוקולד מריר מנטה (ירוק) 85 גרם,,NL,דרוסטה שוקולד מריר מ,גרמים,85.00,100 גרם,false,1,8.90,10.47,true,1,
8715675125300,false,"דרוסטה מארז שוקולד חלב, מריר, תפוז 255 ג",,NL,דרוסטה מארז שוקולד ח,גרמים,255.00,100 גרם,false,1,29.90,11.73,true,1,
8715700110141,false,מיונז בצנצנת היינץ 460 גרם,,,מיונז בצנצנת היינץ 4,גרמים,460.00,100 גרם,false,1,11.90,2.59,true,1,
8715700110158,false,מיונז לייט בצנצנת היינץ 490 גרם,,,מיונז לייט בצנצנת הי,גרמים,490.00,100 גרם,false,1,11.90,2.43,true,1,
8715700115641,false,ממרח קרמי לחיץ לייט היינץ 420 גרם,,NL,ממרח קרמי לחיץ לייט,גרמים,420.00,100 גרם,false,1,14.90,3.55,true,1,
8715700117805,false,"מתבל עגבניות ללת""ס ומלח 425 מ""ל",,NL,"מתבל עגבניות ללת""ס ו",מיליליטרים,425.00,"100 מ""ל",false,1,10.90,2.56,true,1,
8715700120874,false,קטשופ שום היינץ 460 גרם,,NL,קטשופ שום היינץ 460,גרמים,460.00,100 גרם,false,1,10.40,2.26,true,1,
8715700416021,false,ממרח סנדויץ מלפפונים 300 גרם,,NL,ממרח סנדויץ מלפפונים,גרמים,300.00,100 גרם,false,1,16.60,5.53,true,1,
8715700419695,false,רוטב ברביקיו מתוק 500 גרם,,,רוטב ברביקיו מתוק 50,גרמים,500.00,100 גרם,false,1,17.90,3.58,true,1,
8715700419732,false,מתבל היינץ 700 גרם,,,מתבל היינץ 700 גרם,גרמים,700.00,100 גרם,false,1,11.90,1.70,true,1,
8715700421032,false,ממרח סנדויץ טבעי 300 גרם,,,ממרח סנדויץ טבעי 300,גרמים,300.00,100 גרם,false,1,17.70,5.90,true,1,
8715700421056,false,ממרח סנדויץ פיקנטי 300 גרם,,,ממרח סנדויץ פיקנטי 3,גרמים,300.00,100 גרם,false,1,16.60,5.53,true,1,
8715700421322,false,רוטב ברביקיו צילי 490 גרם,,,רוטב ברביקיו צילי,גרמים,490.00,100 גרם,false,1,17.90,3.65,true,1,
8715700422473,false,מיונז לחיץ היינץ 395 גרם,,,מיונז לחיץ היינץ 395,גרמים,395.00,100 גרם,false,1,14.90,3.77,true,1,
8715700423906,false,"מתבל עגבניות מופחת נתרן,פחות סוכר 555 גר",,,מתבל עגבניות מופחת נ,גרמים,555.00,100 גרם,false,1,11.50,2.07,true,1,
8716605000995,false,גבינה מסדאם הולנדית במשקל,,,גבינה מסדאם הולנדית,Unknown,0.00,"ק""ג",true,0,80.00,80.00,true,1,
8716605001022,false,גבינת דניש בלו 100 גר,,,גבינת דניש בלו 100 ג,גרמים,100.00,100 גרם,false,1,14.20,14.20,true,1,
8716695413873,false,רסק תפוח עץ 720 גרם,,,רסק תפוח עץ 720 גרם,גרמים,720.00,100 גרם,false,1,11.90,1.65,true,1,
8717163647226,false,"דאו אקס ספריי גוף לגבר בלאק 150 מ""ל",,GB,דאו אקס ספריי גוף לג,מיליליטרים,150.00,"100 מ""ל",false,1,20.90,13.93,true,1,
8717163647240,false,"דאו אקס ספריי גוף לגבר שוקולד 150 מ""ל",,GB,דאו אקס ספריי גוף לג,מיליליטרים,150.00,"100 מ""ל",false,1,20.90,13.93,true,1,
8717163658314,false,"ת.רחצה דאב מי מיסלריים לעור רגיש 500 מ""ל",,DE,ת.רחצה דאב מי מיסלרי,מיליליטרים,500.00,"100 מ""ל",false,1,18.90,3.78,true,1,
8717163663493,false,"דאו רקסונה מן ספריי קובלט דריי 150 מ""ל",,GB,דאו רקסונה מן ספריי,מיליליטרים,150.00,"100 מ""ל",false,1,20.90,13.93,true,1,
8717677332175,false,טוני שוקולונלי שוקולד חלב אגוזי לוז 180ג,,NL,טוני שוקולונלי שוקול,מיליליטרים,180.00,"100 מ""ל",false,1,20.90,11.61,true,1,
8717677334094,false,טוני שוקולונלי שוקולד חלב 180 גרם,,NL,טוני שוקולונלי שוקול,מיליליטרים,180.00,"100 מ""ל",false,1,20.90,11.61,true,1,
8717677334117,false,טוני שוקולונלי שוקולד מריר 70% 180 גרם,,NL,טוני שוקולונלי שוקול,מיליליטרים,180.00,"100 מ""ל",false,1,20.90,11.61,true,1,
8717677337842,false,טוני שוקולונלי שוקולד לבן 180 גרם,,NL,טוני שוקולונלי שוקול,מיליליטרים,180.00,"100 מ""ל",false,1,20.90,11.61,true,1,
8717677338597,false,טוני שוקולונלי שוקולד חלב מריר 42% 180 ג,,NL,טוני שוקולונלי שוקול,מיליליטרים,180.00,"100 מ""ל",false,1,20.90,11.61,true,1,
8718114734484,false,מיונז מייל 320 גרם,,,מיונז מייל 320 גרם,גרמים,320.00,100 גרם,false,1,13.90,4.34,true,1,
8718951170445,false,מש.שיניים קולגייט סמיילס לילדים 2-5 50 מ,,,מש.שיניים קולגייט סמ,Unknown,0.00,Unknown,false,1,13.50,13.50,true,1,
8718951228801,false,"משחת שיניים קולגייט מקס פרש כחול 125 מ""ל",,PL,משחת שיניים קולגייט,מיליליטרים,125.00,"100 מ""ל",false,1,17.90,14.32,true,1,
8718951319806,false,גל רחצה ושמפו פלמוליב לגבר מרענן 750 מל,,TR,גל רחצה ושמפו פלמולי,מיליליטרים,750.00,"100 מ""ל",false,1,19.90,2.65,true,1,
8718951334090,false,"מרכך כביסה סופלין מרוכז כחול 650 מ""ל",,GR,מרכך כביסה סופלין מר,מיליליטרים,650.00,"100 מ""ל",false,1,11.90,1.83,true,1,
8718951334120,false,"מרכך כביסה סופלין מרוכז לבנדר 650 מ""ל",,GR,מרכך כביסה סופלין מר,מיליליטרים,650.00,"100 מ""ל",false,1,11.90,1.83,true,1,
8718951338128,false,"ליידי ספיד סטיק רול און שאוור פרש 50 מ""ל",,MX,ליידי ספיד סטיק רול,מיליליטרים,50.00,"100 מ""ל",false,1,15.90,31.80,true,1,
8718951338364,false,"מרסס אגקס טריגר פיור הום תפוח 500 מ""ל",,GR,מרסס אגקס טריגר פיור,מיליליטרים,500.00,"100 מ""ל",false,1,15.90,3.18,true,1,
8718951382640,false,"גל רחצה פלמוליב חימר דיטוקס 750 מ""ל",,TR,גל רחצה פלמוליב חימר,מיליליטרים,750.00,"100 מ""ל",false,1,19.90,2.65,true,1,
8718951400474,false,פלמוליב תחליב רחצה קמליה ושקדים  750 מל,,,פלמוליב תחליב רחצה ק,מיליליטרים,750.00,"100 מ""ל",false,1,17.90,2.39,true,1,
8718951423558,false,פלמוליב סבון רחצה גוף ונשמה קמומי 750 מל,,,פלמוליב סבון רחצה גו,יחידה,1.00,יחידה,false,1,24.90,24.90,true,1,
8718951428492,false,פלמוליב סבון רחצה לגבר 4 ב-1 פחם 750 מל,,,פלמוליב סבון רחצה לג,מיליליטרים,750.00,"100 מ""ל",false,1,19.90,2.65,true,1,
8718951428522,false,גל רחצה פלמוליב לגבר 4 ב 1  750 מל,,,גל רחצה פלמוליב לגבר,מיליליטרים,750.00,"100 מ""ל",false,1,19.90,2.65,true,1,
8718951509627,false,קולגייט אופטיק וויט לאהבי קפה  75 מל,,PL,קולגייט אופטיק וויט,מיליליטרים,75.00,"100 מ""ל",false,1,24.90,33.20,true,1,
8719200998032,false,מזולה בטעם חמאה 250 גר,,,מזולה בטעם חמאה 250,גרמים,250.00,100 גרם,false,1,11.00,4.40,true,1,
8719200998049,false,מזולה בטעם טבעי 250 גרם,,,מזולה בטעם טבעי 250,גרמים,250.00,100 גרם,false,1,10.00,4.00,true,1,
8719325897227,false,ציקולה עץ קריסמס פרליני א.לוז 150 גרם,,,ציקולה עץ קריסמס פרל,גרמים,150.00,100 גרם,false,1,17.90,11.93,true,1,
8719325897821,false,גוי קו ביסקוויט עם קציפה ציפוי קוקוס 150,,,גוי קו ביסקוויט עם ק,גרמים,150.00,100 גרם,false,1,10.90,7.27,true,1,
8719956496707,false,טוני שוקולונלי שוק. חלב ושבבי אגוזי 180ג,,,טוני שוקולונלי שוק.,מיליליטרים,180.00,"100 מ""ל",false,1,20.90,11.61,true,1,
8719992179596,false,גוי&קו קרמבו בציפוי קוקוס 200 גר,,,גוי&קו קרמבו בציפוי,גרמים,200.00,100 גרם,false,1,10.90,5.45,true,1,
8720100012445,false,וופל טוסט בלגי 6 יח 250 גרם בקרסלנד,,,וופל טוסט בלגי 6 יח,גרמים,250.00,100 גרם,false,1,13.90,5.56,true,1,
8720181046605,false,דאב דאודורנט ספריי אורגינל לאשה 150 מל,,,דאב דאודורנט ספריי א,מיליליטרים,150.00,"100 מ""ל",false,1,17.70,11.80,true,1,
8720181046612,false,"דאודורנט דאב  רול און אורגינל 50 מ""ל",,GB,דאודורנט דאב רול און,מיליליטרים,50.00,"100 מ""ל",false,1,26.90,53.80,true,1,
8720182253156,false,דאב אל סבון מוצק מלפפונים 90 גרם *4,,DE,דאב אל סבון מוצק מלפ,גרמים,360.00,100 גרם,false,1,12.90,3.58,true,1,
8720182256850,false,דאב אל סבון מוצק קלאסי 90 גרם *4,,DE,דאב אל סבון מוצק קלא,גרמים,360.00,100 גרם,false,1,12.90,3.58,true,1,
8721200060107,false,סטרופ וופל 260 גר בקרסלנד,,,סטרופ וופל 260 גר בק,גרמים,260.00,100 גרם,false,1,15.50,5.96,true,1,
8723400756552,false,מנטוסRAINBOW 1/4,,,מנטוסRAINBOW 1/4,גרמים,150.00,100 גרם,false,1,13.50,9.00,true,1,
8801043031011,false,נונגשים ראמאן-נודלס שין חריף בכוס 68 ג,,KR,נונגשים ראמאן-נודלס,גרמים,68.00,100 גרם,false,1,11.90,17.50,true,1,
8801043053167,false,נונגשים ראמאן-נודלס שין חריף מאוד 120 גר,,,נונגשים ראמאן-נודלס,גרמים,120.00,100 גרם,false,1,10.90,9.08,true,1,
8801043157759,false,נונגשים ראמאן-נודלס צמפונג פירות ים 120ג,,,נונגשים ראמאן-נודלס,גרמים,120.00,100 גרם,false,1,10.90,9.08,true,1,
8801055709458,false,נסקפה קפוצינו קרמל  10*17גרם,,,נסקפה קפוצינו קרמל,גרמים,170.00,100 גרם,false,1,19.30,11.35,true,1,
8801055709472,false,נסקפה קפוצינו קלאסי  10*12.5 גר,,,נסקפה קפוצינו קלאסי,גרמים,125.00,100 גרם,false,1,19.30,15.44,true,1,
8801055709489,false,נסקפה קפוצינו אגוזים  10*18 גר,,,נסקפה קפוצינו אגוזים,גרמים,180.00,100 גרם,false,1,19.30,10.72,true,1,
8801055709526,false,נסקפה קפוצינו שוקולד לבן 18*10,,,נסקפה קפוצינו שוקולד,גרמים,180.00,100 גרם,false,1,19.30,10.72,true,1,
8801085020301,false,אטריות נאמה אודון 200 גרם,,,אטריות נאמה אודון 20,גרמים,200.00,100 גרם,false,1,10.00,5.00,true,1,
8850161166204,false,"קרם קוקוס 500 מ""ל",,,"קרם קוקוס 500 מ""ל",מיליליטרים,500.00,"100 מ""ל",false,1,10.90,2.18,true,1,
8850161167089,false,חלב קוקוס קוקו וואי 1 ליטר,,TH,חלב קוקוס קוקו וואי,מיליליטרים,1000.00,"100 מ""ל",false,1,16.90,1.69,true,1,
8850180040028,false,טמפורה 500 גרם GOGI,,,טמפורה 500 גרם GOGI,גרמים,500.00,100 גרם,false,1,11.40,2.28,true,1,
8850367990443,false,"רוטב לסלט בסגנון אסייאתי 285 מ""ל TCC",,,רוטב לסלט בסגנון אסי,מיליליטרים,285.00,"100 מ""ל",false,1,11.90,4.18,true,1,
8850367992164,false,קרם קוקוס 250 מל 20-22% ללא חומר משמר,,,"קרם קוקוס 250 מ""ל 20",גרמים,250.00,100 גרם,false,1,8.40,3.36,true,1,
8850367994021,false,"רוטב צילי מתוק ללא סוכר לל""ג 280 מ""ל",,,רוטב צילי מתוק ללא ס,מיליליטרים,280.00,"100 מ""ל",false,1,12.90,4.61,true,1,
8850389105825,false,סאפה אלוורה ענבים 1 ליטר,,,סאפה אלוורה ענבים 1,מיליליטרים,1000.00,"100 מ""ל",false,1,14.90,1.49,true,1,
8850632604259,false,מקלות חספוסים יוגטה טעם תות שדה 50 גר,,,מקלות חספוסים יוגטה,גרמים,50.00,100 גרם,false,1,5.90,11.80,true,1,
8850632604402,false,שטיח חספוסים יוגטה טעם מעורב 50 גר,,,שטיח חספוסים יוגטה,גרמים,50.00,100 גרם,false,1,5.90,11.80,true,1,
8850632606390,false,שטיח חספוסים יוגטה טעם אבטיח 50 גר,,,שטיח חספוסים יוגטה,גרמים,50.00,100 גרם,false,1,5.90,11.80,true,1,
8850999112107,false,בירה סינגה 330 מל בקבוק,,,"בירה סינגה 330 מ""ל ב",מיליליטרים,330.00,"100 מ""ל",false,1,10.90,3.30,true,1,
8851613101378,false,"נוזל קוקוס ארוי די 250 מ""ל",,,נוזל קוקוס,מיליליטרים,250.00,"100 מ""ל",false,1,10.40,4.16,true,1,
8851613101385,false,חלב קוקוס 500 מל,,,"חלב קוקוס 500 מ""ל",מיליליטרים,500.00,"100 מ""ל",false,1,12.90,2.58,true,1,
8853662004020,false,"רוטב צילי מתוק 725 מ""ל EXOTIC",,,רוטב צילי מתוק 725 מ,מיליליטרים,725.00,"100 מ""ל",false,1,16.20,2.23,true,1,
8853662040400,false,"רוטב סויה 725 מ""ל EXOTIC",,,רוטב סויה EXOTIK,מיליליטרים,725.00,"100 מ""ל",false,1,13.90,1.92,true,1,
8853662056661,false,"רוטב סריראצ`ה מיו 455 מ""ל",,,רוטב סריראצ`ה מיו 45,מיליליטרים,455.00,"100 מ""ל",false,1,29.50,6.48,true,1,
8853662057088,false,מחית קארי ירוק 400 גרם,,TH,מחית קארי ירוק 400 ג,גרמים,400.00,100 גרם,false,1,16.90,4.23,true,1,
8853662057095,false,מחית קארי אדום 400 גרם,,TH,מחית קארי אדום 400 ג,גרמים,400.00,100 גרם,false,1,16.90,4.23,true,1,
8854404000621,false,מחית קארי ירוק 70 גרם,,TH,מחית קארי ירוק 70 גר,גרמים,70.00,100 גרם,false,1,13.50,19.29,true,1,
8854404000829,false,מחית קארי מסמאן 70 גרם,,TH,מחית קארי מסמאן 70 ג,גרמים,70.00,100 גרם,false,1,13.50,19.29,true,1,
8854404001055,false,מחית קארי אדום 70 גרם,,TH,מחית קארי אדום 70 גר,גרמים,70.00,100 גרם,false,1,13.50,19.29,true,1,
8854661001843,false,שרימפס בייבי 500 גרם קפוא,,,שרימפס בייבי 500 גרם,גרמים,500.00,100 גרם,false,1,34.50,6.90,true,1,
8854661002055,false,שרימפס 500 גר לא מקולף 31/40,,,שרימפס קפוא לא קלוף,גרמים,500.00,100 גרם,false,1,48.90,9.78,true,1,
8854661003786,false,שרימפס מבושל עם ראש 500 גר,,,שרימפס מבושל עם ראש,גרמים,510.00,100 גרם,false,1,34.50,6.76,true,1,
8854661007012,false,"שרימפס מבושל מקולף 1 ק""ג קפוא",,,שרימפס מבושל מקולף,קילוגרמים,0.00,"ק""ג",false,1,83.50,83.50,true,1,
8854661009726,false,שרימפס טמפורה 300 גר,,,שרימפס טמפורה 300 גר,גרמים,300.00,100 גרם,false,1,35.50,11.83,true,1,
8857101301008,false,"רוטב צילי מתוק 700 מ""ל",,,רוטב צילי מתוק 700 מ,מיליליטרים,700.00,"100 מ""ל",false,1,12.90,1.84,true,1,
8858271002870,false,"רוטב פאד תאי 250 מ""ל מקסצאפ",,,"רוטב פאד תאי 250 מ""ל",מיליליטרים,250.00,"100 מ""ל",false,1,11.90,4.76,true,1,
8858271002887,false,"רוטב טרייאקי 250 מ""ל מקסצאפ",,,"רוטב טרייאקי 250 מ""ל",מיליליטרים,250.00,"100 מ""ל",false,1,11.90,4.76,true,1,
8858271003020,false,רוטב סויה פורמולה 1 700 גרם מקסצאפ,,,רוטב סויה פורמולה 1,מיליליטרים,700.00,"100 מ""ל",false,1,16.70,2.39,true,1,
8858271003068,false,"רוטב סויה מתוקה כהה 250 מ""ל מקסצאפ",,,רוטב סויה מתוק כהה,מיליליטרים,250.00,"100 מ""ל",false,1,11.90,4.76,true,1,
8858271003938,false,"רוטב קארי ירוק 250 מ""ל מקסצאפ",,,רוטב קארי ירוק 250 מ,מיליליטרים,250.00,"100 מ""ל",false,1,11.90,4.76,true,1,
8858271004034,false,"רוטב צילי חריף 700 מ""ל מקסצאפ",,,רוטב צילי חריף 700 מ,מיליליטרים,700.00,"100 מ""ל",false,1,15.90,2.27,true,1,
8858271004300,false,רוטב טריאקי מקסצאפ 700 מל,,,רוטב טריאקי מקסצאפ 7,מיליליטרים,700.00,"100 מ""ל",false,1,19.90,2.84,true,1,
8858271004423,false,רוטב טום יאם 250 מל מקסצאפ,,,"רוטב טום יאם 250 מ""ל",מיליליטרים,250.00,"100 מ""ל",false,1,15.00,6.00,true,1,
8858271004799,false,"רוטב צילי מתוק אל פורפסיס 700 מ""ל",,,רוטב צילי מתוק אל פו,מיליליטרים,700.00,"100 מ""ל",false,1,13.50,1.93,true,1,
8858271005451,false,רוטב סויה פורמולה 1 - 250 מל מקסצאפ,,,רוטב סויה פורמולה 1,מיליליטרים,250.00,"100 מ""ל",false,1,14.60,5.84,true,1,
8859103400697,false,דג בברית צנינית צהובה מלוח מיובש 100 גר,,,דג בברית צנינית צהוב,גרמים,100.00,100 גרם,false,1,14.60,14.60,true,1,
8859103400734,false,דג צנינון מלוח מיובש 100 גר,,,דג צנינון מלוח מיובש,גרמים,100.00,100 גרם,false,1,14.60,14.60,true,1,
8859103401199,false,דג ברקודה מלוח מיובש 100 גר,,,דג ברקודה מלוח מיובש,גרמים,100.00,100 גרם,false,1,14.60,14.60,true,1,
8859103401984,false,דג צלופח מטוגן מלוח מיובש 100 גר,,TH,דג צלופח מטוגן מלוח,קילוגרמים,0.00,"ק""ג",false,1,13.90,13.90,true,1,
8888021200256,false,סוללות  אנרגייזר שמינייה  AA,,,סוללות  אנרגייזר שמי,Unknown,0.00,Unknown,false,1,29.50,29.50,true,1,
8888021200720,false,סוללות  אנרגייזר שמינייה  AAA,,,סוללות  אנרגייזר שמי,Unknown,0.00,Unknown,false,1,29.50,29.50,true,1,
8901537024014,false,"אורז בסמטי מובחר דאווט 1 ק""ג",,,אורז בסמטי מובחר,גרמים,1000.00,100 גרם,false,1,12.90,1.29,true,1,
8906118240388,false,קורנישונים כבושים קן,,,קורנישונים כבושים קן,Unknown,1.00,Unknown,false,1,13.50,13.50,true,1,
8908000959361,false,קורנישונים כבושים בחומץ 680 גר,,,קורנישונים כבושים בח,גרמים,680.00,100 גרם,false,1,13.50,1.99,true,1,
8934878081811,false,"דפי אורז 22 ס""מ 400 גר",,,"דפי אורז 22 ס""מ 400",גרמים,400.00,100 גרם,false,1,11.90,2.98,true,1,
8935083158008,false,קוקטייל פירות ים 500 גר,,,קוקטייל פירות ים 500,גרמים,500.00,100 גרם,false,1,31.50,6.30,true,1,
8935215401873,false,טבעות קלמרי 500 גר,,,קלמרי טבעות 500 גר,גרמים,500.00,100 גרם,false,1,29.50,5.90,true,1,
8938535541366,false,"דפי אורז צבעוניים לל""ג 22 ס""מ 400 גרם",,VN,דפי אורז צבעוניים לל,גרמים,400.00,100 גרם,false,1,15.90,3.98,true,1,
8997206332016,false,סוכר קוקוס אורגני 454 גרם אינדונזיה,,,סוכר קוקוס אורגני 45,גרמים,454.00,100 גרם,false,1,21.90,4.82,true,1,
9000101329322,false,ברף בניחוח מתחלף תפוח נופר 50 גר,,RS,ברף בניחוח מתחלף תפו,יחידה,1.00,יחידה,false,1,9.90,9.90,true,1,
9000101380255,false,פרסיל דיסק ניקיון הגייני 22 יח,,HU,פרסיל דיסק ניקיון הג,Unknown,0.00,Unknown,false,1,36.50,36.50,true,1,
9001148803103,false,שום קלוף,,,שום קלוף,Unknown,0.00,Unknown,false,1,14.90,14.90,true,1,
9002859011061,false,מקלות אפויים עם מלח ים 250 גר גונץ,,,מקלות אפויים עם מלח,גרמים,250.00,100 גרם,false,1,17.60,7.04,true,1,
9002859025204,false,פלחי מרמלדה 200 גרם גונץ,,,פלחי מרמלדה 200 גרם,גרמים,200.00,100 גרם,false,1,11.20,5.60,true,1,
9002859026270,false,מיץ לימון ליים 200 מל גונץ,,,מיץ לימון ליים 200 מ,מיליליטרים,200.00,"100 מ""ל",false,1,4.50,2.25,true,1,
9002859031434,false,גונץ - בוגי גילי פירות 250 גר,,,גונץ - בוגי גילי פיר,גרמים,250.00,100 גרם,false,1,10.90,4.36,true,1,
9002859033544,false,"גונץ- איס לוליס שלוקים 400 מ""ל",,DE,גונץ- איס לוליס שלוק,מיליליטרים,400.00,"100 מ""ל",false,1,8.90,2.23,true,1,
9002859037023,false,לקקנים בצילינדר 150 גרם גונץ,,,לקקנים בצילינדר 150,גרמים,150.00,100 גרם,false,1,10.90,7.27,true,1,
9002859041242,false,גונץ שימורי חומוס 800 גרם,,IT,גונץ שימורי חומוס 80,גרמים,800.00,100 גרם,false,1,15.90,1.99,true,1,
9002859042409,false,גונץ שעועית אדומה 800 גרם,,IT,גונץ שעועית אדומה 80,גרמים,800.00,100 גרם,false,1,15.90,1.99,true,1,
9002859044694,false,דפדפי שוקולד מנטה - גונץ 200 גרם,,,דפדפי שוקולד מנטה -,גרמים,200.00,100 גרם,false,1,16.70,8.35,true,1,
9002859048173,false,גונץ-מרשמלו ברבקיו 300 גרם,,,גונץ-מרשמלו ברבקיו 3,גרמים,300.00,100 גרם,false,1,14.90,4.97,true,1,
9002859049200,false,ניקו מיקס פרובנס במטחנה 56 גרם גונץ,,,ניקו מיקס פרובנס במט,גרמים,56.00,100 גרם,false,1,12.90,23.04,true,1,
9002859049224,false,ניקו מיקס פלפלים במטחנה 56 גרם גונץ,,,ניקו מיקס פלפלים במט,גרמים,56.00,100 גרם,false,1,12.90,23.04,true,1,
9002859049248,false,ניקו פלפל שחור במטחנה 56 גרם גונץ,,,ניקו פלפל שחור במטחנ,גרמים,56.00,100 גרם,false,1,12.90,23.04,true,1,
9002859050183,false,טורטילה ציפס עם צילי 200 גר גנוץ,,AT,גונץ טורטילה ציפס חר,גרמים,220.00,100 גרם,false,1,12.90,5.86,true,1,
9002859050367,false,בובות סנטה קטנות בשקית 100 גר גונץ,,,בובות סנטה קטנות בשק,גרמים,100.00,100 גרם,false,1,10.90,10.90,true,1,
9002859050381,false,מיקס סנטה גדול בשקית 100 גר גונץ,,,מיקס סנטה גדול בשקית,גרמים,100.00,100 גרם,false,1,10.90,10.90,true,1,
9002859050749,false,גונץ-כדורי שוקולד קריסמיס רשת 100 גר,,,גונץ-כדורי שוקולד קר,גרמים,100.00,100 גרם,false,1,10.90,10.90,true,1,
9002859054099,false,מוצרט משושה 300 גרם גונץ,,,מוצרט משושה 300 גרם,גרמים,300.00,100 גרם,false,1,29.90,9.97,true,1,
9002859055553,false,בוגי-סוכריות בפחית בטעםי פירות  200 גר,,,בוגי-סוכריות בפחית ב,גרמים,200.00,100 גרם,false,1,12.50,6.25,true,1,
9002859055591,false,בוגי-סוכריות בפחית בטעם לימון  200 גרם,,,בוגי-סוכריות בפחית ב,גרמים,200.00,100 גרם,false,1,12.50,6.25,true,1,
9002859055614,false,בוגי-סוכריות בפחית בטעם פירות יער 200 גר,,,בוגי-סוכריות בפחית ב,גרמים,200.00,100 גרם,false,1,12.50,6.25,true,1,
9002859058172,false,בונבוניירה בננה ציפוי שוקולד מריר 300 גר,,,בונבוניירה בננה ציפו,גרמים,300.00,100 גרם,false,1,13.80,4.60,true,1,
9002859064104,false,בוגי-סוכריות בפחית בטעם מנטה 200 גרם,,,בוגי-סוכריות בפחית ב,גרמים,200.00,100 גרם,false,1,12.50,6.25,true,1,
9002859064708,false,בוגי - סוכריותפירות בצנצנת 300 גר,,,בוגי - סוכריותפירות,גרמים,300.00,100 גרם,false,1,18.30,6.10,true,1,
9002859064982,false,חמישיית שוקולדים קריסמס 75 גר גונץ,,,חמישיית שוקולדים קרי,גרמים,75.00,100 גרם,false,1,8.90,11.87,true,1,
9002859066047,false,בוגי-סוכריות בפחית בטעם קפה 200 גרם,,,בוגי-סוכריות בפחית ב,גרמים,200.00,100 גרם,false,1,12.50,6.25,true,1,
9002859067570,false,דפדפי שוקולד תפוז - גונץ 200 גרם,,,דפדפי שוקולד תפוז -,גרמים,200.00,100 גרם,false,1,16.70,8.35,true,1,
9002859071911,false,שוקולד חלב סנטה 4100 גר גונץ,,,שוקולד חלב סנטה 100,גרמים,100.00,100 גרם,false,1,10.90,10.90,true,1,
9002859072741,false,ניקו מלח הימאלייה במטחנה 95 גרם גונץ,,,ניקו מלח הימאלייה במ,גרמים,95.00,100 גרם,false,1,12.90,13.58,true,1,
9002859087257,false,גונץ-קרקר קלאסי עם מלח 200 גרם,,,גונץ-קרקר קלאסי עם מ,גרמים,200.00,100 גרם,false,1,11.90,5.95,true,1,
9002859099373,false,גונץ-מטבעות קריסמס ברשת 85 גרם,,,גונץ-מטבעות קריסמס ב,גרמים,85.00,100 גרם,false,1,10.90,12.82,true,1,
9002859101021,false,גונץ-מקלות אפויים בטעם פיצה 250 ר,,,גונץ-מקלות אפויים בט,גרמים,250.00,100 גרם,false,1,15.90,6.36,true,1,
9002859102936,false,גונץ-סוכריה על מקל עם מסטיק פירות 144 ג,,,גונץ-סוכריה על מקל ע,גרמים,144.00,100 גרם,false,1,9.90,6.88,true,1,
9002859103117,false,גונץ מקלות בייגלה עם מלח 200 גר,,,גונץ מקלות בייגלה עם,גרמים,200.00,100 גרם,false,1,10.40,5.20,true,1,
9002859107054,false,גונץ-אצבעות שוקולד פרחים 200 גרם,,AT,גונץ-אצבעות שוקולד פ,גרמים,200.00,100 גרם,false,1,17.90,8.95,true,1,
9002859110870,false,פיאצלי צלפים במים וחומץ ברנדי 95 גר,,,פיאצלי צלפים במים וח,גרמים,95.00,100 גרם,false,1,11.90,12.53,true,1,
9002859111976,false,גונץ חטיף בוטנים אורגני 80 גרם,,AT,גונץ חטיף בוטנים אור,גרמים,80.00,100 גרם,false,1,11.90,14.88,true,1,
9002859113758,false,גונץ סנטה פרליני ש.חלב  ק.חלב 100 גר,,,גונץ סנטה פרליני ש.ח,גרמים,100.00,100 גרם,false,1,15.90,15.90,true,1,
9002975393812,false,סוכריות גילי הריבו האפי צירי 70 גרם,,AT,סוכריות גילי הריבו ה,גרמים,70.00,100 גרם,false,1,7.30,10.43,true,1,
9002975393829,false,סוכריות גילי הריבו פיציס 70 גרם,,AT,סוכריות גילי הריבו פ,גרמים,70.00,100 גרם,false,1,7.30,10.43,true,1,
9002975393836,false,סוכריות גילי הריבו האפי קולה 70 גרם,,AT,סוכריות גילי הריבו ה,גרמים,70.00,100 גרם,false,1,7.30,10.43,true,1,
9002975393843,false,סוכריות גילי הריבו גולדברס 70 גרם,,AT,סוכריות גילי הריבו ג,גרמים,70.00,100 גרם,false,1,7.30,10.43,true,1,
9002975393850,false,סוכריות גילי הריבו וורמס 70 גרם,,AT,סוכריות גילי הריבו ו,גרמים,70.00,100 גרם,false,1,7.30,10.43,true,1,
9003402664079,false,"בירה שטיגל רדלר לימון פחית 500 מ""ל",,,בירה שטיגל רדלר לימו,מיליליטרים,500.00,"100 מ""ל",false,1,8.20,1.64,true,1,
9004380071408,false,"לנדסה-אייס קפה לטה 230 מ""ל",,AT,לנדסה-אייס קפה לטה 2,מיליליטרים,230.00,"100 מ""ל",false,1,10.90,4.74,true,1,
9008700111546,false,נקטר דובדבן 1 ליטר ראוך,,,נקטר דובדבן 1 ליטר,מיליליטרים,1000.00,"100 מ""ל",false,1,14.60,1.46,true,1,
9008700146982,false,מיץ מולטיויטמין פרי אדומים 100% 1 ל ראוך,,,מיץ מולטיויטמין פרי,מיליליטרים,1000.00,"100 מ""ל",false,1,14.60,1.46,true,1,
9044400885578,false,סוכריות מילוי PEZ,,,סוכריות מילוי PEZ,Unknown,0.00,Unknown,false,1,10.90,10.90,true,1,
9310072028750,false,טים טם דאבל 200 גרם,,,טים טם דאבל 200 גרם,גרמים,200.00,100 גרם,false,1,19.90,9.95,true,1,
9312631143737,false,תה ירוק דילמה 100 שק*1.5 ג,,,תה ירוק דילמה 100 שק,גרמים,150.00,100 גרם,false,1,27.90,18.60,true,1,
9322969000015,false,פריכיות תירס 150 גרם טעם אורגינלי,,,פריכיות תירס 150 גרם,גרמים,150.00,100 גרם,false,1,12.80,8.53,true,1,
9322969000022,false,פרכיות תירס 150 גרם עם סויה וזרעי פשתן,,,פרכיות תירס 150 גרם,גרמים,150.00,100 גרם,false,1,12.80,8.53,true,1,
9322969000039,false,פריכיות תירס 150 גרם עם 5 סוגי דגנים,,,פריכיות תירס 150 גרם,גרמים,150.00,100 גרם,false,1,12.80,8.53,true,1,
9322969000046,false,פריכיות תירס אורגני + שומשום 150 גר,,,פריכויות תירס אורגני,גרמים,150.00,100 גרם,false,1,12.80,8.53,true,1,
9414202007858,false,בקבוק 460 מל סיסטמה,,,לאנצ בקבוק 460 מל  ס,Unknown,0.00,Unknown,false,1,27.90,27.90,true,1,
9414202213563,false,אחסון לסלט 1.1 סיסטמה,,,טו גו - קופסת אחסון,Unknown,0.00,Unknown,false,1,49.90,49.90,true,1,
9414202213587,false,מיכל מחולק  1.6 סיסטמה,,,קופסת אחסון לסלט וסנ,Unknown,0.00,Unknown,false,1,56.90,56.90,true,1,
9414202214676,false,מארז 3 אחסוניות מיני,,,מארז 3 אחסוניות מיני,Unknown,0.00,Unknown,false,1,37.90,37.90,true,1,
9414202216908,false,קופסא 1.65+ מיכל סיסטמה,,,טו גו - בנטו לאנצ  ש,Unknown,0.00,Unknown,false,1,64.90,64.90,true,1,
9414202239655,false,קופסאת איחסון מלבנית מחולקת + בקבוק,,,לאנצ - קופסת איחסון,Unknown,0.00,Unknown,false,1,59.90,59.90,true,1,
9414202416858,false,קוביית בנטו 1.25 ליט,,,קוביית בנטו 1.25 ליט,Unknown,0.00,Unknown,false,1,59.90,59.90,true,1,
9414202541055,false,מארז 4 אחסוניות 669 טייק אלונג סיסטמה,,,מארז 4 אחסוניות מרוב,Unknown,0.00,Unknown,false,1,29.50,29.50,true,1,
9414202541208,false,מארז 3 אחסוניות 950 טייק אלונג סיסטמה,,,מארז 3 אחסוניות מלבן,Unknown,0.00,Unknown,false,1,29.50,29.50,true,1,
9414202541253,false,מארז 3 אחסוניות 1.4 טייק אלונג סיסטמה,,,מארז 3 אחסוניות עגול,Unknown,0.00,Unknown,false,1,34.50,34.50,true,1,
9414202617002,false,אקסנטס-קופסת אחסון מלבנית 2 ליטר,,,אקסנטס-קופסת אחסון מ,Unknown,0.00,Unknown,false,1,34.90,34.90,true,1,
9720006678751,false,כבד דגים איסלנד 115 גרם,,,כבד דגים 115 גרם,גרמים,115.00,100 גרם,false,1,8.90,7.74,true,1,
9770793914006,false,עיתון גירוסלים פוסט יום שישי,,,עיתון גירוסלים פוסט,Unknown,0.00,Unknown,false,1,22.00,22.00,true,1,
9771565025005,false,מעריב סוף השבוע,,,מעריב סוף השבוע,Unknown,0.00,Unknown,false,1,20.00,20.00,true,1,
9771565039125,false,עיתון לאישה יום ב,,,עיתון לאישה יום ב,Unknown,0.00,Unknown,false,1,21.90,21.90,true,1,
9771565051066,false,ידיעות אחרונות שישי,,,ידיעות אחרונות שישי,Unknown,0.00,Unknown,false,1,20.00,20.00,true,1,
9771565785008,false,עיצוב,,,עיצוב,Unknown,0.00,Unknown,false,1,44.90,44.90,true,1,
9871184221363,false,גאודה הולנדית עגבניות זיתים ובזיליקום,,,גאודה הולנדית עגבניה,Unknown,0.00,"ק""ג",true,0,127.00,127.00,true,1,
9871184221365,false,גאודה הולנדית עם רוטב חריף סמבל במשקל,,,גאודה הולנדית,Unknown,0.00,"ק""ג",true,0,119.00,119.00,true,1,
9871184221367,false,גאודה עיזים הולנדית במשקל,,,גאודה עיזים הולנדית,Unknown,0.00,"ק""ג",true,0,127.00,127.00,true,1,
