code,internal_code,name,manufacturer_name,manufacture_country,manufacturer_item_description,unit_qty,quantity,unit_of_measure,weighted,qty_in_package,price,unit_of_measure_price,allow_discount,status,item_id
103,true,לחמניה בריאות,,,לחמניה בריאות,,1.00,"100 מ""ל",false,,3.90,3.9000,true,1,4451
161,true,קישוא עגול,,,קישוא עגול,קילוגרמים,1.00,"ק""ג",true,,13.90,13.9000,true,1,1777
301,true,בקבוק ריק חוזר בירה,,,בקבוק ריק חוזר בירה,יחידה,0.00,יחידה,false,,1.20,0.0000,true,1,8465
996,true,חלה קלועה,,,חלה קלועה,,1.00,יח',false,,13.90,13.9000,true,1,210585
1009,true,בגט שלם,,,בגט שלם,,1.00,"100 מ""ל",false,,5.50,5.5000,true,1,4107
1014,true,בגט רוסטיק,,,בגט רוסטיק,,1.00,"100 מ""ל",false,,9.50,9.5000,true,1,66049
1028,true,חצי בגט,,,חצי בגט,,1.00,"100 מ""ל",false,,4.20,4.2000,true,1,118168
1058,true,חלה רגילה/חלה ציפורי,,,חלה רגילה/חלה ציפורי,,500.00,100 גרם,false,,5.17,0.0103,true,1,118546
1073,true,סופגניה גדולה בודדת,,,סופגניה גדולה בודדת,יחידה,0.00,יחידה,false,,4.30,0.0000,true,1,118171
1074,true,כרוב אדום כשר,,,כרוב אדום כשר,קילוגרמים,1.00,"ק""ג",true,,14.90,14.9000,true,1,1804
1079,true,מיני סופגניה בודדת,,,מיני סופגניה בודדת,יחידה,0.00,יחידה,false,,3.60,0.0000,true,1,118172
1091,true,צנונית בייבי,,,צנונית בייבי,,400.00,100 גרם,false,,6.90,0.0173,true,1,1809
1095,true,בייבי בטטה,,,בייבי בטטה,,1.00,יח',false,,8.90,8.9000,true,1,1812
1108,true,לחמנית יאמיס,,,לחמנית יאמיס,,1.00,יח',false,,2.70,2.7000,true,1,118175
1212,true,לחמנית כריך/ביס/לבן/,,,לחמנית כריך/ביס/לבן/,,1.00,יח',false,,2.90,2.9000,true,1,4123
1477,true,עגבניות מגי,,,עגבניות מגי,,450.00,100 גרם,false,,14.90,0.0331,true,1,104283
1486,true,פומלה אדומה,,,פומלה אדומה,קילוגרמים,1.00,"ק""ג",true,,8.90,8.9000,true,1,1829
1488,true,אשכולית אדומה,,,אשכולית אדומה,קילוגרמים,1.00,"ק""ג",true,,6.90,6.9000,true,1,1831
1494,true,תפו`א לבן תפזורת,,,תפו`א לבן תפזורת,קילוגרמים,1.00,"ק""ג",true,,5.90,5.9000,true,1,1837
1495,true,תפו`א אדום תפזורת,,,תפו`א אדום תפזורת,קילוגרמים,1.00,"ק""ג",true,,6.90,6.9000,true,1,104208
1500,true,פלפל כתום,,,פלפל כתום,קילוגרמים,1.00,"ק""ג",true,,10.90,10.9000,true,1,1843
1501,true,עגבניות,,,עגבניות,קילוגרמים,1.00,"ק""ג",true,,7.90,7.9000,true,1,1844
1502,true,מלפפונים,,,מלפפונים,קילוגרמים,1.00,"ק""ג",true,,7.90,7.9000,true,1,1845
1503,true,גזר ארוז,,,גזר ארוז,קילוגרמים,1.00,"ק""ג",true,,5.90,5.9000,true,1,1846
1504,true,סלק,,,סלק,קילוגרמים,1.00,"ק""ג",true,,5.90,5.9000,true,1,1847
1505,true,כרוב לבן,,,כרוב לבן,קילוגרמים,1.00,"ק""ג",true,,5.90,5.9000,true,1,1848
1506,true,כרוב אדום,,,כרוב אדום,קילוגרמים,1.00,"ק""ג",true,,5.90,5.9000,true,1,1849
1507,true,כרובית,,,כרובית,קילוגרמים,1.00,"ק""ג",true,,11.90,11.9000,true,1,1850
1510,true,קישואים,,,קישואים,קילוגרמים,1.00,"ק""ג",true,,8.90,8.9000,true,1,1852
1511,true,חצילים,,,חצילים,קילוגרמים,1.00,"ק""ג",true,,8.90,8.9000,true,1,1853
1514,true,פלפל בהיר,,,פלפל בהיר,קילוגרמים,1.00,"ק""ג",true,,10.90,10.9000,true,1,1855
1515,true,פלפל חריף,,,פלפל חריף,קילוגרמים,1.00,"ק""ג",true,,9.90,9.9000,true,1,1856
1516,true,פלפל אדום,,,פלפל אדום,קילוגרמים,1.00,"ק""ג",true,,10.90,10.9000,true,1,1857
1517,true,פלפל רומרו,,,פלפל רומרו,קילוגרמים,1.00,"ק""ג",true,,12.90,12.9000,true,1,104288
1519,true,בצל יבש,,,בצל יבש,קילוגרמים,1.00,"ק""ג",true,,5.90,5.9000,true,1,1860
1521,true,קולורבי,,,קולורבי,קילוגרמים,1.00,"ק""ג",true,,7.90,7.9000,true,1,1861
1531,true,לפת,,,לפת,קילוגרמים,1.00,"ק""ג",true,,8.90,8.9000,true,1,1870
1535,true,תפו`א אדום ארוז,,,תפו`א אדום ארוז,קילוגרמים,1.00,"ק""ג",true,,5.90,5.9000,true,1,1874
1541,true,ארטישוק,,,ארטישוק,קילוגרמים,1.00,"ק""ג",true,,18.90,18.9000,true,1,103141
1545,true,שום ארוז ייבוא יח',,,שום ארוז ייבוא יח',,1.00,יח',false,,5.90,5.9000,true,1,1884
1548,true,תות שדה ביח',,,תות שדה ביח',,1.00,יח',false,,21.90,21.9000,true,1,101953
1551,true,לימון,,,לימון,קילוגרמים,1.00,"ק""ג",true,,8.90,8.9000,true,1,1890
1552,true,תפוז,,,תפוז,קילוגרמים,1.00,"ק""ג",true,,6.90,6.9000,true,1,1891
1553,true,ענב לבן,,,ענב לבן,קילוגרמים,1.00,"ק""ג",true,,29.90,29.9000,true,1,1892
1555,true,תפוז ארוז,,,תפוז ארוז,קילוגרמים,1.00,"ק""ג",true,,5.90,5.9000,true,1,1894
1556,true,בננה מובחרת,,,בננה מובחרת,קילוגרמים,1.00,"ק""ג",true,,6.90,6.9000,true,1,1895
1557,true,צנון,,,צנון,קילוגרמים,1.00,"ק""ג",true,,8.90,8.9000,true,1,1896
1558,true,אשכולית צהובה,,,אשכולית צהובה,קילוגרמים,1.00,"ק""ג",true,,6.90,6.9000,true,1,1897
1561,true,תפוח עץ זהוב,,,תפוח עץ זהוב,קילוגרמים,1.00,"ק""ג",true,,10.90,10.9000,true,1,1900
1563,true,תפוח עץ חרמון,,,תפוח עץ חרמון,קילוגרמים,1.00,"ק""ג",true,,10.90,10.9000,true,1,1902
1564,true,תפוח עץ סמיט,,,תפוח עץ סמיט,קילוגרמים,1.00,"ק""ג",true,,10.90,10.9000,true,1,1903
1570,true,קלמנטינה,,,קלמנטינה,קילוגרמים,1.00,"ק""ג",true,,6.90,6.9000,true,1,1908
1571,true,פלפל שושקה,,,פלפל שושקה,קילוגרמים,1.00,"ק""ג",true,,12.90,12.9000,true,1,1909
1572,true,אבוקדו מובחר,,,אבוקדו מובחר,קילוגרמים,1.00,"ק""ג",true,,9.90,9.9000,true,1,1910
1574,true,בטטה מתוקה,,,בטטה מתוקה,קילוגרמים,1.00,"ק""ג",true,,10.90,10.9000,true,1,1912
1576,true,אגס,,,אגס,קילוגרמים,1.00,"ק""ג",true,,13.90,13.9000,true,1,1913
1577,true,אגס נאשי,,,אגס נאשי,קילוגרמים,1.00,"ק""ג",true,,17.90,17.9000,true,1,1914
1581,true,פלפל צהוב,,,פלפל צהוב,קילוגרמים,1.00,"ק""ג",true,,10.90,10.9000,true,1,1917
1588,true,תירס ארוז,,,תירס ארוז,קילוגרמים,1.00,"ק""ג",true,,9.90,9.9000,true,1,1922
1604,true,אפרסמון,,,אפרסמון,קילוגרמים,1.00,"ק""ג",true,,15.90,15.9000,true,1,1935
1610,true,שרי אשכולות לקג,,,שרי אשכולות לקג,קילוגרמים,1.00,"ק""ג",true,,19.90,19.9000,true,1,1940
1615,true,בצל אדום,,,בצל אדום,קילוגרמים,1.00,"ק""ג",true,,7.90,7.9000,true,1,1945
1617,true,אננס,,,אננס,,1.00,יח',false,,39.90,39.9000,true,1,1946
1619,true,פומלית,,,פומלית,קילוגרמים,1.00,"ק""ג",true,,6.90,6.9000,true,1,1948
1683,true,תפוח עץ פינק קריפס,,,תפוח עץ פינק קריפס,קילוגרמים,1.00,"ק""ג",true,,14.90,14.9000,true,1,1989
1708,true,גזר תפזורת,,,גזר תפזורת,קילוגרמים,1.00,"ק""ג",true,,5.90,5.9000,true,1,2006
1733,true,שורש פטרוזיליה,,,שורש פטרוזיליה,,1.00,יח',false,,6.90,6.9000,true,1,2014
1845,true,שעועית ירוקה יח`,,,שעועית ירוקה יח`,,1.00,יח',false,,16.90,16.9000,true,1,55906
2000,true,"בורקס גבינה/תפו""א",,,"בורקס גבינה/תפו""א",קילוגרמים,1.00,"ק""ג",true,,44.00,44.0000,true,1,4124
2012,true,מב אוזני פיל פרווה,,,אוזני פיל פרווה,קילוגרמים,1.00,"ק""ג",true,,27.90,27.9000,true,1,4134
4015,true,קוקוס ראש,,,קוקוס ראש,,1.00,יח',false,,6.90,6.9000,true,1,2077
5504,true,דונאטס בטעמים מצופה,,,דונאטס בטעמים מצופה,,45.00,100 גרם,false,,6.90,0.1533,true,1,186049
5506,true,דונאטס בטעמים ממולא,,,דונאטס בטעמים ממולא,,65.00,100 גרם,false,,7.90,0.1215,true,1,496910
6303,true,6 יח' יאמיס,,,6 יח' יאמיס,,1.00,יח',false,,15.90,15.9000,true,1,118196
6306,true,6יח לחמניות אצבע מאר,,,6יח לחמניות אצבע מאר,,1.00,יח',false,,11.90,11.9000,true,1,118197
8888,true,פיקדון זיכוי לקוח,,,פיקדון זיכוי לקוח,יחידה,0.00,יחידה,false,,0.30,0.0000,true,1,40790
9999,true,פיקדון בקבוקים,,,פיקדון בקבוקים,יחידה,0.00,יחידה,false,,0.30,0.0000,true,1,17
72917367,false,טעמי חטיף במילוי קרם נוגט וקרמל,"שטראוס גרופ בע""מ",IL,טעמי 40 גר',,40.00,100 גרם,false,,4.90,0.1225,true,1,25285
72940754,false,מעדן מילקי בטעם וניל עם קצפת,"שטראוס גרופ בע""מ",IL,"מילקי וניל 170 מ""ל",,170.00,"100 מ""ל",false,,2.90,0.0171,true,1,26018
72940761,false,מעדן מילקי בטעם שוקולד עם קצפת,מיוצר עי קונדיטוריית,IL,מילקי שוקולד מהדרין,,170.00,"100 ק""ג",false,,2.90,0.0171,true,1,26019
72940952,false,מעדן מילקי בטעם שוקולד עם אקסטרה קצפת,"שטראוס גרופ בע""מ",IL,מילקי אקסטראה קצפת מ,,110.00,"100 מ""ל",false,,4.10,0.0373,true,1,26020
72945308,false,קוביות שמרים לאפיה שמרית 2*25 ג',"פאקא תעשיות בע""מ",IL,שמרית קוביות שמרים ל,,50.00,100 גרם,false,,4.00,0.0800,true,1,26024
72961506,false,יוגורט עם תות 1.5% שומן 125 ג' פרילי,מיוצר עי קונדיטוריית,IL,פרילי תות 1.5% 125מל,,125.00,"100 מ""ל",false,,4.10,0.0328,true,1,28388
72961520,false,יוגורט עם אננס 1.5% שומן 125 ג' פרילי,מיוצר עי קונדיטוריית,IL,פרילי אננס 1.5% 125מ,,125.00,"100 מ""ל",false,,4.10,0.0328,true,1,28390
72961544,false,באדי יוגורט בטעם תות שדה 3%,מחלבת אלון תבור,IL,באדי תות 125מל,,125.00,"100 מ""ל",false,,3.50,0.0280,true,1,28391
72963753,false,שמנת אורגינל של פעם 27% שומן 200 ג' תנובה,תנובה מרכז שיתופי לש,IL,תנובה שמנת של פעם 27,,200.00,"100 מ""ל",false,,4.20,0.0210,true,1,28397
72964132,false,פרילי טבע עם גרנולה 1.5% 200מל,מיוצר עי קונדיטוריית,IL,פרילי טבע עם גרנולה,,200.00,"100 מ""ל",false,,5.50,0.0275,true,1,28399
72964422,false,תנובה יוגורט פרחים 4.5% 200מל,מחלבת תנובה,IL,תנובה יוגורט פרחים 4,,200.00,"100 מ""ל",false,,3.50,0.0175,true,1,28401
72983997,false,סיגריות גולף גולד 10,דובק,,גולף גולד ארוך,יחידה,0.00,יחידה,false,,30.90,0.0000,false,1,6442
72986370,false,"גלידת בן & ג'ריס פיינטים וניל 500מ""ל",מוצרי איכות אמריקאים,IL,גלידת פיינטים וניל צ,,420.00,"100 מ""ל",false,,24.90,0.0593,true,1,16359
72986424,false,"גלידת בן & ג'ריס פיינטים קרם עוגיות 500מ""ל",מוצרי איכות אמריקאיי,IL,גלידת פיינטים קרם עו,,420.00,"100 מ""ל",false,,24.90,0.0593,true,1,16360
72986448,false,"גלידת בן & ג'ריס פיינטים טופי קראנץ 500מ""ל",מוצרי איכות אמריקאיי,IL,גלידת טופי קרנץ,,420.00,"100 מ""ל",false,,24.90,0.0593,true,1,16361
72986455,false,"ניו יורק סופר גלידת שוקולד, חתיכות פאדג' ואגוזים",מוצרי איכות אמריקאיי,IL,גלידת פיינטים ניו-יו,,420.00,"100 מ""ל",false,,24.90,0.0593,true,1,16362
72989425,false,"גלידת בן & ג'ריס פיינטים שוקולד בראוניז 500מ""ל",מוצרי איכות אמריקאיי,IL,גלידת פיינטים שוקולד,,500.00,"100 מ""ל",false,,24.90,0.0498,true,1,16365
72991374,false,סיגריות טיים רד חפיס,דובק,,טיים רד,יחידה,0.00,יחידה,false,,29.90,0.0000,false,1,6444
72991497,false,נובלס ורג'יניה פילטר,דובק,,נובלס ורג'יניה פילטר,יחידה,0.00,יחידה,false,,29.90,0.0000,false,1,6454
72993637,false,מעדן חלב בטעם שוקולד 125 ג' דני,מחלבת אחיהוד,IL,דני מהדרין שוקו בודד,,125.00,"100 מ""ל",false,,2.90,0.0232,true,1,26027
80052760,false,קינדר בואנו Kinder Bueno עם חלב ואגוזי לוז,קריות זול,PL,חטיף קינדר בואנו שוק,,43.00,100 גרם,false,,5.90,0.1372,true,1,50021
80176800,false,"ממרח שוקולד נוטלה, 750 גר",פררו תעשיות איטליה ס,IT,ממרח שוקולד נוטלה 75,,750.00,100 גרם,false,,29.00,0.0387,true,1,50023
80177173,false,ממרח אגוזי לוז עם קקאו,נוטלה Nutella,IT,ממרח נוטלה קקאו עם א,,350.00,100 גרם,false,,17.90,0.0511,true,1,50024
80310891,false,ביצת הפתעה קינדר ג'וי כתום,קריות זול,ZA,קינדר ג'וי 20 גרם,,20.00,100 גרם,false,,7.30,0.3650,true,1,509395
80761761,false,קינדר בואנו לבן בודד 39 גרם,קדבורי,PL,קינדר בואנו לבן 39ג,,43.00,100 גרם,false,,5.90,0.1372,true,1,50027
80773429,false,מסטיק מנטוס פיור פרש בבקבוק בינוני בטעם תות 60 ג',פרפטי ואן מלה הולנד,TR,מסטיק מנטוס בקבוק בט,,60.00,100 גרם,false,,10.90,0.1817,true,1,114907
80773443,false,מסטיק מנטוס בבקבוק מעוגל בטעם מנטה מעודנת 60 ג',פרפטי ואן מלה הולנד,TR,מסטיק מנטוס בקבוק בט,,60.00,100 גרם,false,,10.90,0.1817,true,1,85364
80896081,false,מסטיק מנטוס פיור פרש בבקבוק בינוני בטעם אבטיח 60 ג',פרפטי ואן מלה הולנד,TR,מסטיק מנטוס בקבוק בט,,60.00,100 גרם,false,,10.90,0.1817,true,1,114908
80913467,false,מסטיק מנטו בבקבוק מעוגל בטעם מנטה 60 ג',פרפטי ואן מלה הולנד,TR,מסטיק מנטוס בקבוק בט,,60.00,100 גרם,false,,10.90,0.1817,true,1,85366
87108538,false,סוכריות מנטוס Mentos תות שדה,הדקלאים אגודת שיתופי,NL,מנטוס תות בגליל 37.5,,37.50,100 גרם,false,,4.50,0.1200,true,1,15038
87108651,false,מארז סוכריות מנטוס Mentos מנטה,הדקלאים אגודת שיתופי,NL,סוכריות מנטוס מנטה 1,,150.00,100 גרם,false,,11.90,0.0793,true,1,15039
87108712,false,מארז סוכריות מנטוס Mentos פירות,פרפטי ואן מלה ברדה,NL,סוכריות מנטוס פירות,,150.00,100 גרם,false,,11.90,0.0793,true,1,15040
87221503,false,מיונז הולנדי אמיתי 6,,,מיונז הולנדי אמיתי 6,,650.00,100 גרם,false,,34.90,0.0537,true,1,454404
90087806,false,100% מיץ אשכוליות Happy Day,ראוך Rauch,,מיץ אששכוליות 100% 1,ליטרים,1.00,ליטר,false,,12.50,12.5000,true,1,92185
90162602,false,משקה אנרגיה רד בול 250 מ''ל,רד בול ג'י.אם.בי. אץ,AT,משקה אנרגיה RED BULL,,250.00,"100 מ""ל",false,,8.50,0.0340,true,1,13169
198888886,false,עיגול אגורות,,,עיגול אגורות,יחידה,0.00,יחידה,false,,1.00,0.0000,true,1,57831
8421361250,false,בובת TY עיניים גדולות (S) דיוק הכלב לבן חום,,,בובות TY עיניים גדול,יחידה,0.00,יחידה,false,,28.90,0.0000,true,1,35629
9800800056,false,חטיף שוקולד עם מקלות לחם אנד גו,נוטלה Nutella,DE,ממרח נוטלה & GO,,52.00,100 גרם,false,,6.90,0.1327,true,1,50031
10900678148,false,רדיד אלומיניום נון ס,,,רדיד אלומיניום נון ס,יחידה,0.00,יחידה,false,,15.90,0.0000,true,1,371886
11210000094,false,"רוטב ""טבסקו"" על בסיס פלפל אדום 60 מ""ל",מקאילהייני אייבורי,US,טבסקו,,60.00,"100 מ""ל",false,,12.90,0.2150,true,1,52911
16000185517,false,דגני בוקר פייבר וואן עתירי סובין FIBRE1,בטר אנד דיפרנט,US,פייבר1- דגני בוקר עת,,555.00,100 גרם,false,,26.90,0.0485,true,1,370231
16000548503,false,ניטשר ואלי קראנצי חטיף גרנולהומייפל 10 יח' 210 ג',ג'נרל מילס סאן אדריא,ES,חטיף קראנצי גרנולה מ,,210.00,100 גרם,false,,21.90,0.1043,true,1,67570
16229924263,false,"קרם קוקוס 250 מ""ל.",ארוי די AROY-D,,"קרם קוקוס 250 מ""ל.",,250.00,"100 מ""ל",false,,10.90,0.0436,true,1,110870
30000315958,false,קוואקר פרוטאין בננה אגוזים 366ג',קוואקר אוטס קומפני,US,פרוטאין בננה אגוזים,,366.00,100 גרם,false,,23.90,0.0653,true,1,143792
37600207188,false,חמאת בוטנים סקיפי קלאסי 462 גר',חברת המזון אלגוד,US,סקיפי חמאת בוטנים קל,,462.00,100 גרם,false,,20.90,0.0452,true,1,7118
38000232152,false,פרינגלס ברביקיו 158 גרם – חדש,פרינגלס מניופקצ'ורינ,US,פרינגלס ביג ברביקיו,,158.00,100 גרם,false,,10.90,0.0690,true,1,215657
38000232176,false,חטיף צ'יפס שמנת חמוצה ובצל,פרינגלס מניופקצ'ורינ,US,פרינגלס ביג שמנת בצל,,158.00,100 גרם,false,,10.90,0.0690,true,1,215658
38000232183,false,פרינגלס אורגינל 149 גרם,פרינגלס מניופקצ'ורינ,US,פרינגלס ביג אורגינל,,158.00,100 גרם,false,,10.90,0.0690,true,1,215643
38527591053,false,קוואקר מרובעים קינמון דגני בוקר 412 גרם,BEVERAGES FOODS & SE,US,דגני בוקר מרובעים קי,,412.00,100 גרם,false,,22.70,0.0551,true,1,26610
46214372250,false,"עוגיות שטרודל פריכות תפו""ע וצימוקים",מרבה Merba,NL,מרבה עוגיות שטרודל פ,,225.00,100 גרם,false,,11.90,0.0529,true,1,68863
46214731552,false,עוגיות שוקולד ציפס מובחרות 225 ג',קריניציה ויטמינה אס,NL,מרבה עוגיות שוקולד צ,,225.00,100 גרם,false,,11.90,0.0529,true,1,24554
50000084500,false,מזון יבש לחתול בטעם נתחי ברביקיו פריסקיז Friskies,נסטלה פורינה USA מק,US,פריסקיז מעדני השף מנ,קילוגרמים,1.43,"ק""ג",false,,39.90,27.9021,true,1,22264
50000100347,false,"פריסקיז - מעדני החתול מועשר בחלב 1.40 ק""ג",נסטלה פורינה USA מק,US,פריסקיז מעדני החתול,קילוגרמים,1.40,"ק""ג",false,,39.90,28.5000,true,1,22266
50000429646,false,פנסי פיסט - דג אוקיינוס 85 גרם,נסטלה פורינה USA ג',US,פנסי פיסט פטה דג אוק,,85.00,100 גרם,false,,6.90,0.0812,true,1,22279
50000574414,false,פריסקיז פרטי מיקס פק,פורינה,US,פריסקיז פארטי מיקס פ,,60.00,100 גרם,false,,13.90,0.2317,true,1,472751
54490000040,false,קוקה קולה 6*1.5ל,,,קוקה קולה 6*1.5ל,ליטרים,9.00,ליטר,false,,38.90,4.3222,true,1,296615
64144090013,false,תרסיס שמן טעם חמאה פאם 141 ג',קונאגרה פודס,US,תרסיס שמן פאם חמאה 1,,148.00,"100 מ""ל",false,,21.00,0.1419,true,1,15084
70177077563,false,תה טווינינג ארל גריי,אר. טווינינגס אנד קו,PL,טווינינג ארל גריי 50,,50.00,100 גרם,false,,19.90,0.3980,true,1,130075
72600062306,false,הר חטיף גבינה 198 גרם,הר פודס,,הר חטיף גבינת 198 גר,,198.00,100 גרם,false,,21.90,0.1106,true,1,78659
72600062320,false,הר חטיף גבינה בטעם פיצה 198 גרם,הר פודס,,הר חטיף גבינה בטעם פ,,198.00,100 גרם,false,,21.90,0.1106,true,1,78661
76840100583,false,"גלידת וניל עם בצק עוגיות בן וג'ירי 473 מ""ל",מוצרי איכות אמריקאיי,IL,גלידה וניל +בצק עוגי,,473.00,"100 מ""ל",false,,24.90,0.0526,true,1,16376
76840400218,false,"גלידה בן&ג'ריס תות שדה ועוגת גבינה 500מ""ל",מוצרי איכות אמריקאיי,IL,בן&גריס גלידה תות שד,,475.00,"100 מ""ל",false,,24.90,0.0524,true,1,16391
77245110610,false,סוכריות מאסט ללא סוכר בטעם מנטה 80 ג'עלית,MIESZKO S.A - MS. JO,IL,סוכריות מאסט ללא סוכ,,80.00,100 גרם,false,,8.90,0.1113,true,1,25299
77975094631,false,סנדביץ בייגלה במילוי קרם בטעם צ'דר 226 גרם סניידרס,סניידרס Snyder's,,סניידרס בייגלה סנדוו,,266.00,100 גרם,false,,21.50,0.0808,true,1,299213
77975094761,false,שברי בייגלה בטעם צ'דר 340 גרם סניידרס,סניידרס Snyder's,US,סניידרס צ'דר 340 גרם,,340.00,100 גרם,false,,21.50,0.0632,true,1,299214
77975094778,false,סניידרס שברי בייגל בטעם דבש וחרדל 340 גר,סניידרס Snyder's,US,סניידרס שברי בייגלה,,340.00,100 גרם,false,,21.50,0.0632,true,1,333865
608614256808,false,ירק שטוף דרלן,,,ירק שטוף דרלן,קילוגרמים,1.00,"ק""ג",true,,29.90,29.9000,true,1,250718
611745285685,true,אבוקדו בשל יח,,,אבוקדו בשל יח,,470.00,100 גרם,false,,9.90,0.0211,true,1,110623
693493065641,false,טחינה הר כנען 500 גר,,,טחינת הר כנען 100% ש,,500.00,100 גרם,false,,15.90,0.0318,true,1,379609
814109021350,false,קנדי מפופ פופקורן עם,,,פופקורן סניקרס 149 ג,יחידה,0.00,יחידה,false,,22.90,0.0000,true,1,363090
814109021374,false,קנדי מפופ פופקורן עם,,,פופקורן אם אנד מנס,,149.00,100 גרם,false,,22.90,0.1537,true,1,355056
814109021381,false,קנדי מפופ פופקורן עם,,,פופקורן טוויקס 149 ג,יחידה,0.00,יחידה,false,,22.90,0.0000,true,1,363091
835811005728,false,עלים לקרמשניט 400 גר`,רונית מאפים בעמ,IL,עלים לקרמשניט 400 גר,,400.00,100 גרם,false,,18.90,0.0472,true,1,118925
835811008347,false,גפרור ארוך מאוד להבי,הנמל,SE,גפרור ענק,יחידה,0.00,יחידה,false,,7.90,0.0000,true,1,9543
835811008958,false,כפיות 50 יח` שקוף עבה במיוחד,הנמל אריזות.,,כפיות 50 יח שקוף עבה,יחידה,0.00,יחידה,false,,17.90,0.0000,true,1,9560
3014260201753,false,סכיני גילוח ג'ילט בלו 2 להבים - מארז 5 יח',פרוקטר אנד גמבל,PL,סכיני גילוח חד פעמיי,יחידה,0.00,יחידה,false,,14.80,0.0000,true,1,29816
3046920028752,false,לינדט אקסלנס מריר מנ,לינדט ושפרונגלי,FR,לינדט אקסלנס מריר מנ,,100.00,100 גרם,false,,17.90,0.1790,true,1,15997
3046920029674,false,שוקולד מריר אקסלנס עם מלח ים,לינדט ושפרונגלי,DE,לינדט אקסלנס עם שבבי,,100.00,100 גרם,false,,17.90,0.1790,true,1,15998
3046920029759,false,שוקולד מריר אקסלנס 90% קקאו,לינדט ושפרונגלי ג'י.,DE,לינדט אקסלנס 90% 100,,100.00,100 גרם,false,,17.90,0.1790,true,1,15999
3161911366429,false,חמאה רכה מלוחה אלווי,ארזינא,FR,אלוויר חמאה רכה מלוח,,250.00,100 גרם,false,,23.90,0.0956,true,1,19536
3162330060479,false,בירה SAER BRAU 6*250,,,בירה SAER BRAU 6*250,ליטרים,1.50,ליטר,false,,15.90,10.6000,true,1,501089
3245412211409,false,שוקולד חלב מעולה עם,,FR,שוקולד חלב מעולה עם,,300.00,100 גרם,false,,16.90,0.0563,true,1,443954
3270190128151,false,קרפור שוקולד חלב אור,,FR,קרפור שוקולד חלב אור,,100.00,100 גרם,false,,7.90,0.0790,true,1,516621
3270190151654,false,שוקולד מריר מעולה עם,,FR,שוקולד מריר מעולה עם,,100.00,100 גרם,false,,6.90,0.0690,true,1,443972
3270190174936,false,שוקולד חלב עם תכולת,,FR,שוקולד חלב עם תכולת,,100.00,100 גרם,false,,6.90,0.0690,true,1,443988
3387390525960,false,קראנץ' Crunch דגנים פריכים עם שוקולד,הנסיך- מפעל לייצור ט,FR,דגני קראנץ' נסטלה 50,,500.00,100 גרם,false,,26.90,0.0538,true,1,68315
3387390730852,false,פיטנס Fitness קלאסי דגנים מלאים ואורז,נסטלה צרפת איטנקורט,FR,דגני פיטנס נסטלה 375,,375.00,100 גרם,false,,22.90,0.0611,true,1,22294
3523230025652,false,גבינהת עזים מיני בוש,,,גבינהת עזים מיני בוש,,125.00,100 גרם,false,,26.90,0.2152,true,1,19561
3560070230778,false,קרפור-תה אנגלי שחור,,,קרפור-תה אנגלי שחור,,50.00,100 גרם,false,,7.90,0.1580,true,1,501361
3560070249343,false,קרפור- שוקולד חלב עם,,FR,קרפור- שוקולד חלב עם,,100.00,100 גרם,false,,6.90,0.0690,true,1,516527
3560070415755,false,קרפור-תה ירוק 25 יחי,,,קרפור-תה ירוק 25 יחי,,32.50,100 גרם,false,,8.90,0.2738,true,1,501185
3560070582884,false,קרפור סטייליס עם שוק,,,קרפור סטייליס עם שוק,,300.00,100 גרם,false,,9.90,0.0330,true,1,481675
3560070659517,false,קרפור-תה ארל גריי 20,,,קרפור-תה ארל גריי 20,,36.00,100 גרם,false,,10.90,0.3028,true,1,501169
3560070669981,false,שוקולד מריר מעולה 80,,FR,שוקולד מריר מעולה 80,,80.00,100 גרם,false,,5.90,0.0738,true,1,443939
3560070701407,false,שוקולד מריר מעולה עם,,FR,שוקולד מריר מעולה עם,,100.00,100 גרם,false,,6.90,0.0690,true,1,443973
3560070720859,false,שוקולד מריר מעולה 72,,FR,שוקולד מריר מעולה 72,,80.00,100 גרם,false,,5.90,0.0738,true,1,443956
3560070820221,false,קרפור-חטיף דגנים אגו,,,קרפור-חטיף דגנים אגו,,125.00,100 גרם,false,,6.90,0.0552,true,1,501442
3560070888108,false,קרפור-תה שחור בטעם ל,,,קרפור-תה שחור בטעם ל,,40.00,100 גרם,false,,7.90,0.1975,true,1,501344
3560070888153,false,קרפור-תה ירוק בטעם ל,,,קרפור-תה ירוק בטעם ל,,40.00,100 גרם,false,,7.90,0.1975,true,1,501345
3560070928194,false,קרפור-חליטת לואיזה 2,,,קרפור-חליטת לואיזה 2,,32.50,100 גרם,false,,7.90,0.2431,true,1,501217
3560071005191,false,קרפור -שוקולד לבן עם,,FR,קרפור -שוקולד לבן עם,,100.00,100 גרם,false,,6.90,0.0690,true,1,516543
3560071006327,false,שוקולד מריר מעולה קר,,FR,שוקולד מריר מעולה קר,,200.00,100 גרם,false,,6.90,0.0345,true,1,443957
3560071013127,false,קרפור סטייליס עם שוק,,,קרפור סטייליס עם שוק,,300.00,100 גרם,false,,9.90,0.0330,true,1,481691
3560071013196,false,קרפור סטייליס בטעם ט,,,קרפור סטייליס בטעם ט,,500.00,100 גרם,false,,10.90,0.0218,true,1,481692
3560071018566,false,קרפור-חטיף דגנים בוט,,,קרפור-חטיף דגנים בוט,,125.00,100 גרם,false,,6.90,0.0552,true,1,501443
3560071081263,false,קרפור-תה ירוק סיני 2,,,קרפור-תה ירוק סיני 2,,36.00,100 גרם,false,,10.90,0.3028,true,1,501153
3560071095598,false,קרפור-חטיף דגנים חמו,,,קרפור-חטיף דגנים חמו,,125.00,100 גרם,false,,6.90,0.0552,true,1,501459
3560071095659,false,קרפור-חטיף דגנים קוק,,,קרפור-חטיף דגנים קוק,,125.00,100 גרם,false,,6.90,0.0552,true,1,501460
3560071188689,false,בירה Walberg 6*250 מ,,,בירה Walberg 6*250 מ,ליטרים,1.50,ליטר,false,,19.90,13.2667,true,1,501058
3560071413750,false,קרפור-שוקולד מריר 80,,FR,קרפור-שוקולד מריר 80,,100.00,100 גרם,false,,7.90,0.0790,true,1,516605
3560071431914,false,קפסולות קפה קרפור עו,,FR,קפסולות קפה קרפור עו,,52.00,100 גרם,false,,7.90,0.1519,true,1,482719
3560071432003,false,קפסולות קפה קרפור עו,,FR,קפסולות קפה קרפור עו,,52.00,100 גרם,false,,7.90,0.1519,true,1,482768
3560071432065,false,קפסולות קפה קרפור עו,,FR,קפסולות קפה קרפור עו,,52.00,100 גרם,false,,7.90,0.1519,true,1,482770
3560071432157,false,קפסולות קפה וניל קרפ,,FR,קפסולות קפה וניל קרפ,,52.00,100 גרם,false,,7.90,0.1519,true,1,482772
3560071432188,false,קפסולות קפה קרמל קרפ,,FR,קפסולות קפה קרמל קרפ,,52.00,100 גרם,false,,7.90,0.1519,true,1,482773
3560071432218,false,קפסולות קפה אגוז קרפ,,FR,קפסולות קפה אגוז קרפ,,52.00,100 גרם,false,,7.90,0.1519,true,1,482774
3560071432249,false,קפסולות קפה ברזיל קר,,FR,קפסולות קפה ברזיל קר,,52.00,100 גרם,false,,7.90,0.1519,true,1,482775
3560071432270,false,קפסולות קפה קולומביה,,FR,קפסולות קפה קולומביה,,52.00,100 גרם,false,,7.90,0.1519,true,1,482776
3560071432300,false,קפסולות קפה אתיופיה,,FR,קפסולות קפה אתיופיה,,52.00,100 גרם,false,,7.90,0.1519,true,1,482777
3560071432331,false,קפסולות קפה לאוס קרפ,,FR,קפסולות קפה לאוס קרפ,,52.00,100 גרם,false,,7.90,0.1519,true,1,482778
3560071432362,false,קפסולות קפה קניה קרפ,,FR,קפסולות קפה קניה קרפ,,52.00,100 גרם,false,,7.90,0.1519,true,1,482779
3560071432393,false,קפסולות קפה קוסטה רי,,FR,קפסולות קפה קוסטה רי,,52.00,100 גרם,false,,7.90,0.1519,true,1,482780
3560071432515,false,קפסולות קפה קרפור עו,,FR,קפסולות קפה קרפור עו,,52.00,100 גרם,false,,7.90,0.1519,true,1,482781
3560071442545,false,בירה SAER BRAU 6*250,,,בירה SAER BRAU 6*250,ליטרים,1.50,ליטר,false,,15.90,10.6000,true,1,501105
3574661114637,false,"מי פה ליסטרין זירו מנטה עדין 500 מ""ל",ג'ונסון אנד ג'ונסון,IT,מי פה זירו ליסטרין 5,,500.00,"100 מ""ל",false,,23.90,0.0478,true,1,32811
3574661610344,false,"קרם לחות אינטנסיבי 300 מ""ל ניוטרוג'ינה",,,ניוטרוג'ינה קרם לחות,,300.00,"100 מ""ל",false,,33.90,0.1130,true,1,499252
3574661643359,false,ליסטרין נטורל שטיפת פה בטעם מעודן,ליסטרין Listerine,,שטיפת פה בטעם מעודן,,500.00,"100 מ""ל",false,,21.90,0.0438,true,1,408251
3574661650029,false,ליסטרין שטיפת פה להגנה על החניכיים בטעם מעודן,ליסטרין Listerine,,שטיפת פה להגנה על הח,,500.00,"100 מ""ל",false,,21.90,0.0438,true,1,408252
3600523651870,false,שמפו לחיזוק סיב השערה לכל סוגי השיער,לוריאל - אלביב Elvive,TR,שמפו ארגנין אלביב 55,,550.00,"100 מ""ל",false,,17.90,0.0325,true,1,125914
3600523651900,false,מרכך לחיזוק סיב השערה לכל סוגי השיער,לוריאל - אלביב Elvive,,מרכך ארגנין אלביב 55,,550.00,"100 מ""ל",false,,17.90,0.0325,true,1,125916
3608580071389,false,ממרח ערמונים בון מא,,FR,ממרח ערמונים 370 גרם,,370.00,100 גרם,false,,21.90,0.0592,true,1,446878
3616180424856,false,קרפור הום -30 מפיות,,,קרפור הום -30 מפיות,יחידה,0.00,יחידה,false,,6.90,0.0000,true,1,509302
3616180425099,false,קרפור הום -30 מפיות,,,קרפור הום -30 מפיות,יחידה,0.00,יחידה,false,,6.90,0.0000,true,1,509308
3616180425129,false,קרפור הום -30 מפיות,,,קרפור הום -30 מפיות,יחידה,0.00,יחידה,false,,6.90,0.0000,true,1,509309
3616180425150,false,קרפור הום -30 מפיות,,,קרפור הום -30 מפיות,יחידה,0.00,יחידה,false,,6.90,0.0000,true,1,509311
3800020403631,false,חטיף שוקולד צאנקי חמאת בוטנים 42ג' קיט קט,נסטלה בולגריה A.D.,BG,קיט קט צ'אנקי חמאת ב,,42.00,100 גרם,false,,4.90,0.1167,true,1,1246
3800034954150,false,מארז 3 יחידות פריש דריי,,,עץ ריח איירון שלישיה,יחידה,0.00,יחידה,false,,10.50,0.0000,true,1,35510
4000539280740,false,שוקולד לינדט אקסלנס,,,לינדט אקסלנס 78% 100,,100.00,100 גרם,false,,17.90,0.1790,true,1,460477
4005808890507,false,ניוואה סופט קרם לחות 200מל,ניוואה Nivea,IT,קרם ניוואה סופט 200,,200.00,"100 מ""ל",false,,29.90,0.1495,true,1,1143
4009300522935,false,תה פומפדור תה ירוק לימונית ולואיזה 20 יח',"איטיליאן פוד, אס.פי.",DE,פומפדור תה ירוק לימו,,30.00,100 גרם,false,,20.90,0.6967,true,1,24629
4009300524588,false,תה פומפדור חליטת צמחים פירות יער 20 יח',פומפדור Pompadour,DE,פומפדור חליטת פירות,,60.00,100 גרם,false,,17.90,0.2983,true,1,24631
4009900379564,false,מסטיק הובה בובה Hubba Bubba טייפ בטעם פירות,הובה בובה Hubba Bubba,GB,הובה בובה טייפ פירות,,56.00,100 גרם,false,,6.70,0.1196,true,1,49644
4009900402965,false,מסטיק אורביט וויט בטעם פירות ללא סוכר,ריגלי פולין,PL,אורביט וויט פירות בק,,64.00,100 גרם,false,,11.90,0.1859,true,1,49656
4009900403023,false,מסטיק אורביט בקבוקון דאבל white קלאסי 64ג',"ב.א מזון בע""מ",PL,אורביט וויט מנטה בקב,,64.00,100 גרם,false,,11.90,0.1859,true,1,49657
4009900420129,false,מסטיק אורביט פרופשנל פפרמינט בקבוקון 64 גר',מרס נדרלנד,PL,אורביט פרופשייונל פפ,,64.00,100 גרם,false,,11.90,0.1859,true,1,138256
4009900465304,false,סוכריות סקיטלס פירות חמוצים 174 גרם,סקיטלס Skittles,CZ,סקיטלס פירות חמוצים,,174.00,100 גרם,false,,9.90,0.0569,true,1,49678
4009900479998,false,מסטיק אורביט בטעם אוכמניות ללא סוכר,ריגלי פולין,PL,אורביט מסטיק בקבוקון,,64.00,100 גרם,false,,11.90,0.1859,true,1,49683
4009900482417,false,מסטיק אורביט פירות מנטה בקבוקון באבל מינט 45יח,ריגלי פולין,PL,אורביט באבל מינט בקב,,64.00,100 גרם,false,,11.90,0.1859,true,1,49685
4009900531122,false,"מסטיק בטעם מנטה ספירמינט, 64 ג' פרופשיונל אורפיט",מרס נדרלנד,PL,אורביט פרופשייונל ספ,,64.00,100 גרם,false,,11.90,0.1859,true,1,138257
4009900536288,false,מסטיק אורביט רפרשרס פפרמינט בקבוקון ללא סוכר 67 גר',מרס ריגלי קונפקשונרי,PL,מסטיק אורביט רפרשרס,,67.00,100 גרם,false,,12.90,0.1925,true,1,307220
4009900539746,false,"מסטיק פייב באונס בטעם אבטיח בקבוקון, 61.8 גרם",ריגלי בעמ רוסיה,PL,מסטיק בטעם אבטיח ללא,,31.80,100 גרם,false,,12.90,0.4057,true,1,408324
4011800630515,false,חטיף דגנים עם שוקולד חלב ובננה,מיוצר עי קונדיטוריית,DE,חטיף דגנים עם שוקולד,,150.00,100 גרם,false,,14.90,0.0993,true,1,7549
4014400901191,false,בונבונירה מרסי קלאסי 250 גרם חלב נוכרי,אוגוסט שטורק,DE,בונבונירה מרסי 250 ג,,250.00,100 גרם,false,,28.90,0.1156,true,1,15138
4014400904376,false,סוכריות טופי שוקולדן שטורק 325 ג',קריניציה ויטמינה אס,DE,סוכ.שטורק שוקולדן 32,,325.00,100 גרם,false,,18.80,0.0578,true,1,15145
4014400914696,false,וורטר אורגינל סוכריות ללא סוכר 80 ג',אוגוסט שטורק,DE,80 סוכריות חמאה וורט,,80.00,100 גרם,false,,9.90,0.1238,true,1,15156
4014400923711,false,טופיפי 125 גר' - חלב נוכרי,אוגוסט שטורק,DE,טופיפי בונבונירה שוק,,125.00,100 גרם,false,,13.90,0.1112,true,1,15161
4014522120203,false,בודטה-סוכריות בטעם דובדבן לל.ס 100ג,,,סוכריות בטעם דובדבן,,100.00,100 גרם,false,,11.00,0.1100,true,1,454263
4015000615891,false,"פה - דאודורנט ספריי לאישה אקווה 200 מ""ל",הנקל סוד,DE,פה דאו ספריי אקווה 2,,200.00,"100 מ""ל",false,,9.90,0.0495,true,1,9869
4015400564034,false,מגני תחתון אולוויז לונג פלוס עם ניחוח,פרוקטר אנד גמבל,DE,מגן תחתון לונג פלוס,יחידה,0.00,יחידה,false,,18.90,0.0000,true,1,29984
4015400564454,false,מגני תחתון אולוויז לארג' עם ניחוח מגה פק,פרוקטר אנד גמבל,DE,מגן תחתון לארג מגה פ,יחידה,0.00,יחידה,false,,18.90,0.0000,true,1,29988
4015400690405,false,טמפונים טמפקס קומפק פרל סופר,טמפקס Tampax,,טמפון פרל סופר טמפקס,יחידה,0.00,יחידה,false,,24.90,0.0000,true,1,30027
4015400746812,false,מגני תחתון אולוויז נורמל עם ניחוח מגה פק,פרוקטר אנד גמבל,UA,מגן תחתון מגה פק נור,יחידה,0.00,יחידה,false,,18.90,0.0000,true,1,30053
4018722100133,false,אטריות כוסמין וביצים,אלב גולד,DE,אלב גולד - איטריות כ,,250.00,100 גרם,false,,15.90,0.0636,true,1,271678
4018722344308,false,טליאטלה כוסמין אורגנ,אלב גולד,DE,אלב גולד - טליאטלה כ,,500.00,100 גרם,false,,18.90,0.0378,true,1,271697
4022025001905,false,יין בלו ווין מבעבע זהב כשר 750 מל,היי סישל סוהן טראבן,DE,בלו וויין מבעבע זהב,,750.00,"100 מ""ל",false,,55.90,0.0745,true,1,139689
4033100014529,false,סיגריות אל די סלים ח,Unknown,,אל.די סלימס,יחידה,0.00,יחידה,false,,27.00,0.0000,false,1,5961
4066600999614,false,"בירה פאולנר 500 מ""ל בקבוק",מבשלת פאולנר,DE,בירה פאולנר בקבוק 50,,500.00,"100 מ""ל",false,,13.50,0.0270,true,1,119042
4640018993343,false,פיניש קואנטום קפסולות ג'יל רגיל 30 יחי,רקיט בנקיזר,PL,פיניש קוואנטום למדיח,יחידה,0.00,יחידה,false,,43.90,0.0000,true,1,231025
4640018993398,false,קפסולות ג'יל רגיל קואנטום 60 יח' פיניש,רקיט בנקיזר,PL,פיניש קוואנטום למדיח,יחידה,0.00,יחידה,false,,62.90,0.0000,true,1,231028
4987176071545,false,אורל בי מברשות שיניים שישייה,,,שישיית מברשות שיניים,יחידה,0.00,יחידה,false,,15.90,0.0000,true,1,405753
5000159452540,false,סניקרס מארז חמישייה 5*50 גרם,סניקרס Snickers,NL,חטיף סניקרס מארז 5*2,יחידה,250.00,יחידה,false,,12.90,0.0516,true,1,315129
5000159452977,false,מארז מיקס מיני חטיפי שוקולד,טוויקס Twix,NL,מיני מיקס 400 גרם,,400.00,100 גרם,false,,24.90,0.0622,true,1,16030
5010677552387,false,"בקרדי בריזר אננס 275 מ""ל בקבוק",בקרדי בריזר Bacardi Breezer,BE,בקרדי בריזר אננס.,,275.00,"100 מ""ל",false,,14.90,0.0542,true,1,11411
5010677554398,false,"בקרדי בריזר אבטיח 275 מ""ל בקבוק",בקרדי בריזר Bacardi Breezer,BE,בקרדי בריזר אבטיח,,275.00,"100 מ""ל",false,,14.90,0.0542,true,1,67174
5014271310428,false,סן דלפו מעדן דבדבן שחור ללא סוכ 284 ג',המאפיה של הרמן,FR,סאן דלפור מעדן דובדב,,284.00,100 גרם,false,,22.90,0.0806,true,1,19577
5014271330426,false,מעדן פרי אוכמניות כחולות,סנדלפור St.dalfour,FR,סאן דלפור מעדן אוכמנ,,284.00,100 גרם,false,,22.90,0.0806,true,1,19578
5014271350424,false,מעדן סנט דלפור 4 פירות 284ג',המאפיה של הרמן,FR,סאן דלפור מעדן ארבע,,284.00,100 גרם,false,,22.90,0.0806,true,1,19579
5014271370422,false,סן דלפו מעדן אפרסק ללא סוכר 284גר,סנדלפור St.dalfour,FR,סאן דלפור מעדן אפרסק,,284.00,100 גרם,false,,22.90,0.0806,true,1,19581
5014271795980,false,מעדן פרי חמוציות ואוכמניות,סנדלפור St.dalfour,FR,סאן דלפור מעדן חמוצי,,284.00,100 גרם,false,,22.90,0.0806,true,1,19589
5029053523446,false,קוטקס - תחבושות אולטרה נייט + כנפיים 20 יח',קימברלי קלארק,,תחבושות אולטרה נייט+,יחידה,0.00,יחידה,false,,19.90,0.0000,true,1,10853
5060517886486,false,"משקה אנרגיה מונסטר פח 500 מ""ל",מונסטר אנרג'י Monster Energy,RU,מונסטר אנרג'י פחית 5,,500.00,"100 מ""ל",false,,7.90,0.0158,true,1,210099
5410076933129,false,אריאל שושן צחור שקית,פרוקטר אנד גמבל,TR,אריאל שושן צחור שקית,קילוגרמים,3.00,"ק""ג",false,,38.90,12.9667,true,1,30439
5410103161518,false,קרם יום עם פעולה משולשת לעור רגיל ומעורב,"לוריאל ישראל בע""מ",DE,דרמו פעולה משולשת רג,,50.00,"100 מ""ל",false,,49.90,0.9980,true,1,14912
5410103161617,false,קרם יום עם פעולה משולשת Triple active לעור יבש ועדין,"לוריאל ישראל בע""מ",DE,דרמו פעולה משולשת יב,,50.00,"100 מ""ל",false,,49.90,0.9980,true,1,14913
5410126106183,false,ביסקוויט קרמל 312גרם 50יח,כלורוקס אוקלנד,BE,ביסקוויט קרמל 312גרם,,312.00,100 גרם,false,,19.70,0.0631,true,1,66796
5410126116953,false,ממרח עוגיות קרמל 400 ג' לוטוס,לוטוס בייקרי בלגיה נ,BE,לוטוס ממרח ביסקוויט,,400.00,100 גרם,false,,26.20,0.0655,true,1,7224
5410126666038,false,עוגיות לוטוס 18*2 279 גרם,לוטוס ביקרי,BE,עוגיות לוטוס 279 גרם,,279.00,100 גרם,false,,16.90,0.0606,true,1,131604
5410126716016,false,"ביסקוויט בטעם קרמל לוטוס בד""צ 250 ג'",לוטוס ביקרי בלגיה,BE,ביסקוויט בטעם קרמל ל,,250.00,100 גרם,false,,12.90,0.0516,true,1,30446
5410173210055,false,קפה טחון וקלוי לפילטר Rombouts,קרלו,BE,רומבוסט קפה טחון וקל,,70.00,100 גרם,false,,22.50,0.3214,true,1,15182
5411188110835,false,אלפרו חלב סויה שקדים וניל 1ל',הנסיך- מפעל לייצור ט,BE,אלפרו משקה שקדים 1 ל,ליטרים,1.00,ליטר,false,,16.80,16.8000,true,1,24674
5411188112709,false,משקה אלפרו שקדים ללא סוכר 1 ליטר,הנסיך- מפעל לייצור ט,BE,אלפרו משקה שקדים ללא,יחידה,0.00,יחידה,false,,16.80,0.0000,true,1,24678
5411188115434,false,משקה אלפרו בריסטה סויה 1 ליטר,אלפרו Alpro,BE,אלפרו משקה בריסטה סו,,1.00,100 ליטר,false,,16.80,16.8000,true,1,437526
5411188115472,false,אלפרו משקה סויה 1 ליטר,הנסיך- מפעל לייצור ט,BE,אלפרו משקה סויה 1 לי,ליטרים,1.00,ליטר,false,,14.90,14.9000,true,1,255485
5411188121978,false,"משקה סויה בטעם שוקולד 3 * 250 מ""ל אלפרו",אלפרו C.V.A,BE,אלפרו סויה שוקו סיד,,750.00,"100 מ""ל",false,,15.90,0.0212,true,1,110277
5411188543398,false,משקה סויה ללא סוכר 1 ל' אלפרו,הנסיך- מפעל לייצור ט,BE,אלפרו משקה סויה ללא,ליטרים,1.00,ליטר,false,,14.90,14.9000,true,1,259892
5413121355082,false,שוקולד פרסטיז בלגיאן,BCG,,שוקולד בלגי מריר 72%,,100.00,100 גרם,false,,12.90,0.1290,true,1,21984
5413121355099,false,בלג'יאן-שוקולד מריר 72% פוךי קפה 100ג',BCG,,שוקולד מריר 72% עם פ,,100.00,100 גרם,false,,12.90,0.1290,true,1,457063
5413121355105,false,בלג'יאן-שוקולד חלב משובח 72% 100ג',BCG,,שוקולד בלגי חלב משוב,,100.00,100 גרם,false,,12.90,0.1290,true,1,457124
5413121364121,false,"בלגיאן -טראפלס קקאו ""חג שמח"" 150ג'",,,שוקולד טראפלס קקאו ז,,150.00,100 גרם,false,,15.90,0.1060,true,1,457989
5413121388905,false,"בלג'יאן-טראפלס אגוז ""חג שמח""150גר'",,,שוקולד טראפלס אגוז,,150.00,100 גרם,false,,15.90,0.1060,true,1,457125
5413149655522,false,"אבקת כביסה שושן צחור 1.25 ק""ג אריאל",פרוקטר אנד גמבל,,אריאל אבקת כביסה שוש,קילוגרמים,1.25,"ק""ג",false,,19.90,15.9200,true,1,30461
5413548280189,false,קינדר שוקובון 125 גרם,פררו,BE,קינדר שוקו בון 125ג,,125.00,100 גרם,false,,15.90,0.1272,true,1,50034
5420066370384,false,טראפל בלגי אגוזים 150 ג',,,טראפל שוקולד בלגי אג,,150.00,100 גרם,false,,15.90,0.1060,true,1,458039
5601010211070,false,סרדינים במי מלח רמיר,רמירז קונסרב,PT,סרדינים במי מלח רמיר,,100.00,100 גרם,false,,10.90,0.1090,true,1,74651
5601010211087,false,סרדינים פילה בשמן זי,רמירז קונסרב,PT,פילה סרדין בשמן זית,,100.00,100 גרם,false,,15.90,0.1590,true,1,74639
5701932026971,false,פופקורן להכנה במיקרוגל בטעם חמאה 6 שקיות,הוט פופ Hot pop,US,הוט פופ פופקורן בטעם,,600.00,100 גרם,false,,16.90,0.0282,true,1,67599
5701932026995,false,פופקורן להכנה במיקרוגל בטעם טבעי מופחת שומן 6 שקיות,קריניציה ויטמינה אס,US,הוט פופ פופקורן לייט,,510.00,100 גרם,false,,16.90,0.0331,true,1,15191
5711953106583,false,גבינת שמנת בטעם טבעי 200 גרם ארלה,ארלה פודס אמבה,DK,ארלה גבינת שמנת טבעי,,200.00,100 גרם,false,,16.90,0.0845,true,1,192300
5711953106590,false,גבינת שמנת עם שום 200 גרם ארלה,ארלה פודס אמבה,DK,ארלה גבינת שמנת שום,,200.00,100 גרם,false,,16.90,0.0845,true,1,192301
5711953148347,false,"גבינת שמנת טבעי ארלה, 300 גרם",,,גבינת שמנת טבעי ארלה,,300.00,100 גרם,false,,24.90,0.0830,true,1,480392
5740900403215,false,ממרח לורפק חמאה עם מלח 250 ג',לורפאק Lurpak,,ממרח לורפק עם מלח 25,,250.00,100 גרם,false,,17.90,0.0716,true,1,135172
5740900403222,false,ממרח לורפק חמאה עם מלח מופחת שומן 250 ג,לורפאק Lurpak,,ממרח לורפק עם מלח מו,,250.00,100 גרם,false,,17.90,0.0716,true,1,135173
5740900403239,false,ממרח לורפק חמאה בלי מלח 250 ג',לורפאק Lurpak,,ממרח לורפק ללא מלח 2,,250.00,100 גרם,false,,17.90,0.0716,true,1,135174
5740900403246,false,ממרח לורפק חמאה בלי מלח 500 ג',לורפאק Lurpak,,ממרח לורפק ללא מלח 5,,500.00,100 גרם,false,,30.80,0.0616,true,1,135175
5740900403253,false,ממרח לורפק חמאה עם מלח 500 ג',לורפאק Lurpak,,ממרח לורפק עם מלח 50,,500.00,100 גרם,false,,30.80,0.0616,true,1,135176
5740900403260,false,ממרח מחמאת לורפק ללא מלח 27% פחות שומן,ארלה פודס אמבה,DK,ממרח לורפק ללא מלח מ,,250.00,100 גרם,false,,17.90,0.0716,true,1,135177
5765220150618,false,קוצץ איכותי,,,קוצץ איכותי,יחידה,0.00,יחידה,false,,6.90,0.0000,true,1,329602
5765571206613,false,נר נשמה 9 ימים בפלסטיק,,,נר נשמה 9 ימים בפלסט,יחידה,0.00,יחידה,false,,11.90,0.0000,true,1,497564
5900020012814,false,דגני בוקר בטעם שוקולד נסקוויק Nesquik,מיוצר עי קונדיטוריית,PL,דגני בוקר נסקוויק נס,,500.00,100 גרם,false,,27.90,0.0558,true,1,22296
5900020018908,false,חטיף פיטנס דגנים עם עוגיות ופצפוצי שוקולד לבן,מיוצר עי קונדיטוריית,PL,פיטנס חטיף דגנים קרם,,141.00,100 גרם,false,,17.90,0.1270,true,1,22303
5900020031877,false,צ'יריוס האני חטיף דגנים מארז 8 6*22ג 8N,נסטלה פולין ברים,PL,חטיף דגנים צ'יריוס ה,,132.00,100 גרם,false,,17.90,0.1356,true,1,129747
5900020041142,false,קורנפלקס פיטנס 500 ג' אסם,נסטלה צרפת איטנקורט,PL,קורנפלקס פיטנס 500גר,,500.00,100 גרם,false,,14.90,0.0298,true,1,508825
5901414200411,false,מיני עוגיות היט Hit במילוי קרם שוקולד,באלזן Bahlsen,PL,היט מיניס קרם קקאו 1,,130.00,100 גרם,false,,6.90,0.0531,true,1,121793
5902198160403,false,"משקה אנרגיה XL TEN פחית לל""ס 250מ""ל","טמפו משקאות בע""מ",IL,אקס אל משקה אנרגיה ט,,250.00,"100 מ""ל",false,,4.90,0.0196,true,1,83657
5904941750312,false,"משקה אנרגיה BLU מוחיטו 250 מ""ל",אקו - ביט,PL,בלו בודד מוחיטו 250,,250.00,"100 מ""ל",false,,4.90,0.0196,true,1,3507
5904941751302,false,"משקה אנרגיה בלו 250 מ""ל- בודד",אקו - ביט,PL,בלו משקה אנרגיה 250,,250.00,"100 מ""ל",false,,4.90,0.0196,true,1,3511
5904941751715,false,"משקה אנרגיה בלו קרנברי 250 מ""ל -בודד",אקו - ביט,PL,בלו משקה אנרגיה קרנב,,250.00,"100 מ""ל",false,,4.90,0.0196,true,1,3516
5906485301012,false,"משקה אנרגיה XL פחית 250 מ""ל","טמפו משקאות בע""מ",IL,אקס אל משקה אנרגיה 2,,250.00,"100 ק""ג",false,,4.90,0.0196,true,1,11422
5941021001247,false,טבלת שוקולד בטעם קפה היידי גראנדור 80 ג',,,טבלת היידי גראנדור ק,,80.00,100 גרם,false,,12.90,0.1613,true,1,436971
5941021011147,false,טבלת שוקולד פלורנטין מריר היידי גראנדור 100 ג',,,טבלת היידי גראנדור פ,,100.00,100 גרם,false,,12.90,0.1290,true,1,437006
5997321701806,false,אבקה למניעת אבנית במכונת כביסה 2 ב-1,רקיט בנקיזר פולין,PL,"קלגון אבקה 1 ק""ג",קילוגרמים,1.00,"ק""ג",false,,37.90,37.9000,true,1,88725
6111094000013,false,"קוסקוס דארי בינוני תומר 1 ק""ג",קריות זול,,קוסקוס בינוני דארי 1,קילוגרמים,1.00,"ק""ג",false,,18.90,18.9000,true,1,120619
6111094000259,false,קוסקוס דארי בינוני ת,דארי Dari,,קוסקוס בינוני דארי 5,,500.00,100 גרם,false,,10.90,0.0218,true,1,120622
6912977000140,false,אטריות שעועית מזרח ו,יאנטאי ינסידה לנוגקא,CN,אטריות שעועית ללא גל,,250.00,100 גרם,false,,9.90,0.0396,true,1,59542
6920220650028,false,חנוכיית פח זהב /כסף,,,חנוכיה פח זהב/כסף,יחידה,0.00,יחידה,false,,4.90,0.0000,true,1,497596
6987965789239,false,דף יצירה צהוב עם מדב,,,דף יצירה צהוב עם מדב,יחידה,0.00,יחידה,false,,1.50,0.0000,true,1,498055
6987965789253,false,דף יצירה עם מדבקות ח,,,דף יצירה עם מדבקות ח,יחידה,0.00,יחידה,false,,1.50,0.0000,true,1,498056
7262626088173,false,גרבי אנגורה נשים,,,גרבי אנגורה נשים,יחידה,0.00,יחידה,false,,9.90,0.0000,true,1,277101
7262626088272,false,מטריה סיליקון שחור ח,,,מטריה סיליקון שחור ח,יחידה,0.00,יחידה,false,,39.90,0.0000,true,1,384592
7290000000004,false,לחמניית אצבע עם נקני,,,לחמניית אצבע עם נקני,יחידה,0.00,יחידה,false,,9.90,0.0000,true,1,39216
7290000000104,false,סנדוויץ' עובד,,,סנדוויץ' עובד,יחידה,0.00,יחידה,false,,5.00,0.0000,true,1,105898
7290000000311,false,קרואסון ביס בטעמים ח,,,קרואסון ביס בטעמים ח,קילוגרמים,1.00,"ק""ג",true,,44.00,44.0000,true,1,4079
7290000001483,false,עוגיות קוקיס גרנולה,,,עוגיות קוקיס גרנולה,קילוגרמים,1.00,"ק""ג",true,,48.00,48.0000,true,1,69525
7290000002021,false,גבינה קוסטרומסקוי,,,רוגלך פרווה,קילוגרמים,1.00,"ק""ג",true,,44.00,44.0000,true,1,4139
7290000002022,false,פרווה ביס שוקולד/מאפ,,,פרווה ביס שוקולד/מאפ,קילוגרמים,1.00,"ק""ג",true,,44.00,44.0000,true,1,4140
7290000004444,false,שקיות גופיה 20 מקרו,,,שקיות גופיה 20 מקרו,יחידה,0.00,יחידה,false,,0.10,0.0000,true,1,455552
7290000005025,false,בייגל בטעמים,,,בייגל בטעמים,,1.00,"100 מ""ל",false,,5.50,5.5000,true,1,96689
7290000014510,false,חסה עגולה,,,חסה עגולה,,1.00,יח',false,,7.90,7.9000,true,1,2085
7290000023809,false,"יין ברקן קלאסיק קברנה סובניון 750מ""ל",יקבי ברקן שיווק והפצ,IL,קלאסיק קברנה סובניון,,750.00,"100 מ""ל",false,,35.50,0.0473,true,1,11448
7290000023816,false,"יין ברקן קלאסיק אמרלד ריזלינג 750מ""ל",יקבי ברקן שיווק והפצ,IL,קלאסיק אמרלד ריזלינג,,750.00,"100 מ""ל",false,,35.50,0.0473,true,1,11449
7290000023977,false,"יין ברקן קלאסיק מרלו 750 מ""ל",יקבי ברקן שיווק והפצ,IL,קלאסיק מרלו 750מל.,,750.00,"100 מ""ל",false,,35.50,0.0473,true,1,11455
7290000024264,false,"יין ברקן רזרב מרלו 750 מ""ל",כרמי צבי - אחים סגל,IL,מרלו ריזרב,,750.00,"100 מ""ל",false,,46.90,0.0625,true,1,11461
7290000024523,false,מיץ ענבים תירוש אדום,כרמי צבי - האחים סגל,IL,תירוש של סגל 1 ליטר,ליטרים,1.00,ליטר,false,,15.90,15.9000,true,1,11466
7290000032665,false,רוטב עגבניות 28% 580ג' פרי זה,,,רוטב עגבניות 28% ברי,,580.00,100 גרם,false,,8.50,0.0147,true,1,10621
7290000040042,false,יוגורט תות %3 גביע 150 ג' יופלה,תנובה בעמ,IL,יופלה תות שובב 3% 15,,150.00,"100 מ""ל",false,,5.70,0.0380,true,1,28406
7290000040080,false,יוגורט אפרסק 3% שומן 150 ג' יופלה,תנובה בעמ,IL,יופלה אפרסק מאוהב 3%,,150.00,"100 מ""ל",false,,5.70,0.0380,true,1,28409
7290000040301,false,"גבינת קולאז קממבר עין גדי 24%, 125 ג'",תנובה מרכז שיתופי לש,IL,תנובה גבינת קממבר עי,,125.00,100 גרם,false,,20.60,0.1648,true,1,28412
7290000040318,false,גבינת ברי 24% קולאז עדי תנובה 125 ג',תנובה מרכז שיתופי לש,IL,תנובה גבינת ברי 24%,,125.00,100 גרם,false,,21.60,0.1728,true,1,28413
7290000040974,false,חלב תנובה קרטון דל לקטוז 2% 1ל,תנובה מרכז שיתופי לש,IL,חלב תנובה קרטון דל ל,ליטרים,1.00,ליטר,false,,7.50,7.5000,true,1,28416
7290000041445,false,קוטג' 5% תנובה מהדרין 250ג',מיוצר עי קונדיטוריית,IL,"קוטג' 5% תנובה בד""צ",,250.00,100 גרם,false,,5.70,0.0228,true,1,28418
7290000041858,false,"שמנת חמוצה 15% יטבתה 200 מ""ל מהדרין",שטראוס גרופ,IL,יטבתה שמנת חמוצה 15%,,200.00,"100 מ""ל",false,,2.50,0.0125,true,1,26028
7290000041865,false,"לבן 4.5% יטבתה מהדרין 200מ""ל",מחלבת יטבתה,IL,יטבתה לבן 4.5% 200מל,,200.00,"100 מ""ל",false,,2.50,0.0125,true,1,26029
7290000042008,false,חלב תנובה טרי 3% שקית 1 ל',"תנובה, מחלבת רחובות",IL,חלב תנובה רבנות 3% ב,ליטרים,1.00,ליטר,false,,5.43,5.4300,true,1,28423
7290000042015,false,חלב טרי 3% תנובה שקית 1ל' מהדרין,תנובה מרכז שיתופי לש,IL,חלב תנובה טרי שקית,יחידה,0.00,יחידה,false,,5.43,0.0000,true,1,28424
7290000042435,false,חלב טרי 1% קרטון פקק 1ל' תנובה,תנובה מרכז שיתופי לש,IL,חלב תנובה בקרטון 1%,ליטרים,1.00,ליטר,false,,5.86,5.8600,true,1,28430
7290000042442,false,חלב הומוגני 3% בקרטון 1ל' תנובה,קריות זול,IL,חלב תנובה בקרטון רבנ,ליטרים,1.00,ליטר,false,,6.23,6.2300,true,1,28431
7290000042640,false,"חלב תנובה עמיד 3% קרטון 250 מ""ל",קריות זול,IL,חלב תנובה עמיד 3% מה,,250.00,"100 מ""ל",false,,2.90,0.0116,true,1,28437
7290000042855,false,יוטבתה שוקו שקית 225מל,שטראוס גרופ,IL,יטבתה שוקו שקית 225,,225.00,"100 ק""ג",false,,2.90,0.0129,true,1,26033
7290000043012,false,"שוקו עמיד 2% בקרטון 250 מ""ל תנובה",תנובה מרכז שיתופי לש,IL,שוק שוקו עמיד 2% בקר,,250.00,"100 מ""ל",false,,4.90,0.0196,true,1,28440
7290000043814,false,"שמנת מתוקה להקצפה 38% 250 מ""ל תנובה",תנובה מרכז שיתופי לש,IL,שף לבן שמנת לקצפת עמ,,250.00,"100 מ""ל",false,,6.47,0.0259,true,1,28443
7290000043890,false,רויון בקרטון 1 ליטר,תנובה מרכז שיתופי לש,IL,ריויון 1.5% 1ל,ליטרים,1.00,ליטר,false,,12.50,12.5000,true,1,28446
7290000043944,false,כד יוגורט תנובה 4% שומן 1.5 ליטר,מיוצר עי קונדיטוריית,IL,יוגורט כדים תנובה 1.,ליטרים,1.50,ליטר,false,,17.70,11.8000,true,1,28447
7290000044248,false,"רויון קרטון 1.5% שומן 500 מ""ל תנובה",קריות זול,IL,ריויון 2% 500מל,,500.00,"100 מ""ל",false,,6.90,0.0138,true,1,28452
7290000044712,false,יוגורט עם תות 1.5% שומן 500 ג' פרילי,מיוצר עי קונדיטוריית,IL,פרילי תות 1.5% 500מל,,500.00,"100 מ""ל",false,,10.90,0.0218,true,1,28453
7290000044880,false,באדי יוגורט תות 3% שומן 500 ג' תנובה,מיוצר עי קונדיטוריית,IL,באדי תות 3% 500מל,,500.00,"100 מ""ל",false,,9.90,0.0198,true,1,28455
7290000045580,false,"גבינת מותכת נעמה חורש 25%, 240 ג'",תנובה מרכז שיתופי לש,IL,נעמה גבינת מותכת 25%,,240.00,100 גרם,false,,18.90,0.0787,true,1,28458
7290000045917,false,תנובה גבינת פרומעז 23% גלילית 200ג,קריות זול,IL,תנובה גבינת פרומעז 2,,200.00,100 גרם,false,,28.60,0.1430,true,1,28460
7290000046327,false,"גבינת גלבוע פרוס 22%, 200 ג' תנובה",תנובה מרכז שיתופי לש,IL,גלבוע גבינה פרוסה 22,,200.00,100 גרם,false,,13.30,0.0665,true,1,28463
7290000047546,false,כנען גבינה לבנה ללא מלח 5% 500 ג',תנובה מרכז שיתופי לש,IL,שף לבן כנען 5% 500ג,,500.00,100 גרם,false,,27.20,0.0544,true,1,28466
7290000048185,false,גבינה לבנה 5% שומן 250 ג' תנובה,מיוצר עי קונדיטוריית,IL,גבינה לבנה רכה 5% תנ,,250.00,100 גרם,false,,4.98,0.0199,true,1,28471
7290000048192,false,גבינה לבנה 9% שומן 250 ג' תנובה,מחלבת אלון תבור,IL,גבינה לבנה רכה 9% בד,,250.00,100 גרם,false,,5.00,0.0200,true,1,28472
7290000048307,false,קוטג' 5% וזיתים ירוקים 250ג' תנובה,מיוצר עי קונדיטוריית,IL,קוטג תנובה עם זיתים,,250.00,100 גרם,false,,5.90,0.0236,true,1,28474
7290000048413,false,גבינה חמד %16 שקית 250 ג' פיראוס,תנובה מרכז שיתופי לש,IL,פיראוס חמד 16% 250ג,,250.00,100 גרם,false,,20.90,0.0836,true,1,28476
7290000048437,false,גבינה צפתית 5% 200 ג' פיראוס,פארייפאבה אגרואינדוס,IL,פיראוס צפתית 5% 200,,200.00,100 גרם,false,,16.90,0.0845,true,1,28477
7290000050447,false,יוגורט תות 500 ג' יופלה,מיוצר עי קונדיטוריית,IL,יופלהYYY תות 3% 500מ,,500.00,"100 ק""ג",false,,13.80,0.0276,true,1,28489
7290000050454,false,יוגורט אפרסק 500 ג' יופלה,מיוצר עי קונדיטוריית,IL,יופלהYYY אפרסק 3% 50,,500.00,"100 ק""ג",false,,13.80,0.0276,true,1,28490
7290000051307,false,מארז הפסקת אוכל עם דגני עוגי ומשקה חלב עמיד בטעם וניל,תנובה מרכז שיתופי לש,IL,חלב תנובה הפ.אוכל עו,,150.00,"100 מ""ל",false,,10.30,0.0687,true,1,28508
7290000051352,false,חלב מלא בטעם של פעם 3.4% תנובה קרטון 1 ל',תנובה מרכז שיתופי לש,IL,חלב תנובה של פעם בקר,ליטרים,1.00,ליטר,false,,7.40,7.4000,true,1,28509
7290000051376,false,יופלה דיאט אננס גביע 150 ג',תנובה מרכז שיתופי לש,IL,יופלה דיאט אננס ספור,,150.00,"100 מ""ל",false,,5.60,0.0373,true,1,28510
7290000051710,false,לאבנה 9% עם שמן זית וזעתר 263 ג' פיראוס,"תנובה, מחלבת אלון תב",IL,פיראוס לאבנה עם שמן,,263.00,100 גרם,false,,14.50,0.0551,true,1,28513
7290000052311,false,גבינה צהובה לייט 15% 200 ג' עמק,תנובה מרכז שיתופי לש,IL,עמק מהדרין 15% 200 ג,,200.00,100 גרם,false,,16.90,0.0845,true,1,28526
7290000052649,false,גבינת לאבנה 5% שומן 500 ג' פיראוס,תנובה מרכז שיתופי לש,IL,פיראוס לאבנה 5% 500ג,,500.00,100 גרם,false,,21.90,0.0438,true,1,28532
7290000052717,false,קוטג' 5%עם שום שמיר 250 ג' תנובה,מיוצר עי קונדיטוריית,IL,קוטג תנובה עם שום שמ,,250.00,100 גרם,false,,5.90,0.0236,true,1,28536
7290000055329,false,יופלה משקה יוגורט תות מלון 1.5% 250מל.,תנובה מרכז שיתופי לש,IL,יופלה משקה יוגורט תו,,250.00,"100 מ""ל",false,,6.50,0.0260,true,1,28582
7290000055343,false,יופלה משקה יוגורט טרופי 1.5% 250מל,תנובה מרכז שיתופי לש,IL,יופלה משקה יוגורט טר,,250.00,"100 מ""ל",false,,6.50,0.0260,true,1,28584
7290000055893,false,חמאה משמנת מפוסטרת 200ג' כ.מהדרין,תנובה מרכז שיתופי לש,IL,חמאה מהדרין תנובה 20,,200.00,100 גרם,false,,8.20,0.0410,true,1,28590
7290000056845,false,חלב טרי 3% הומוגני קרטון 1.5 ל' תנובה,פארייפאבה אגרואינדוס,IL,חלב תנובה בקרטון 3%,ליטרים,1.50,ליטר,false,,9.34,6.2267,true,1,28608
7290000056890,false,דיאט יופלה שמינייה טעמים שונים,מיוצר עי קונדיטוריית,IL,יופלה דיאט טעמים שונ,קילוגרמים,1.20,"ק""ג",false,,34.90,29.0833,true,1,28611
7290000056951,false,"שמנת לבישול 15% שומן 500 מ""ל תנובה",תנובה מרכז שיתופי לש,IL,שף לבן שמנת לבישול +,,500.00,"100 מ""ל",false,,17.90,0.0358,true,1,28615
7290000057088,false,גבינת דק דק 28% 200 ג' עמק,תנובה מרכז שיתופי לש,IL,עמק דק דק 28% 200גר,,200.00,100 גרם,false,,17.90,0.0895,true,1,28619
7290000057118,false,עמק סמי מעדנייה כשרות מהדרין,תנובה מרכז שיתופי לש,IL,עמק סמי 28% 400 גר,,400.00,100 גרם,false,,24.20,0.0605,true,1,28621
7290000057132,false,יוגורט טבעי 1.5% שומן 200 ג' תנובה,מחלבת אלון תבור,IL,תנובה יוגורט טבעי 1.,,200.00,"100 מ""ל",false,,3.50,0.0175,true,1,28622
7290000057149,false,יוגורט טבעי 3% שומן 200 ג' תנובה,מיוצר עי קונדיטוריית,IL,תנובה יוגורט טבעי 3%,,200.00,100 גרם,false,,3.50,0.0175,true,1,28623
7290000058047,false,**שף לבן שמנת מתוקה מהדרין 38% פקק 500מ,תנובה מרכז שיתופי לש,IL,שף לבן שמנת מתוקה מה,,500.00,"100 מ""ל",false,,12.94,0.0259,true,1,28644
7290000060071,false,אוסם - חטיפי פריכונים מאורז מלא קלוי 80גר,"מיוצר ע""י PT, משווק",IL,חטיפי פריכונים מאורז,,80.00,100 גרם,false,,8.90,0.1113,true,1,68334
7290000060088,false,בייגלה אסם מקלות מלוחים 400 גרם,מיוצר עי קונדיטוריית,IL,בייגלה אסם מקלות מלו,,400.00,100 גרם,false,,11.90,0.0298,true,1,22325
7290000060163,false,פסטה אסם אטריות דקות 400גר,"אסם השקעות בע""מ",IL,אטריות דקות אסם 400,,400.00,100 גרם,false,,7.90,0.0198,true,1,22328
7290000060200,false,פסטה אסם פתיתים אפויים קוסקוס 500גר,"אסם השקעות בע""מ",IL,פתיתים אפויים קוסקוס,,500.00,100 גרם,false,,7.90,0.0158,true,1,22329
7290000060248,false,פסטה אסם פתיתים תלתלים 500גר,קריות זול,IT,פסטה תלתלים אסם 500,,500.00,100 גרם,false,,6.90,0.0138,true,1,22331
7290000060316,false,פסטה פרפקטו ספגטי 500ג' אסם,קריות זול,IT,פסטה ספגטי פרפקטו 50,,500.00,100 גרם,false,,7.90,0.0158,true,1,22333
7290000060408,false,פסטה אסם פתיתים אפויים טבעות 500 גר,"אסם השקעות בע""מ",IL,פתיתים אפויים טבעות,,500.00,100 גרם,false,,7.90,0.0158,true,1,22337
7290000060415,false,פסטה פרפקטו לזאניה אסם 500ג',קריות זול,IT,לזאניה פרפקטו 500 ג,,500.00,100 גרם,false,,15.40,0.0308,true,1,22338
7290000060781,false,פסטה אסם פתיתים מסולסלים 500גר,קריות זול,IT,פסטה מסולסלים אסם 50,,500.00,100 גרם,false,,6.90,0.0138,true,1,68342
7290000060828,false,פסטה קרניים בינוניות 500 ג' אסם,קריות זול,IT,פסטה קרניים בינוניות,,500.00,100 גרם,false,,6.90,0.0138,true,1,22345
7290000060880,false,פסטה מס' 8 ספגטי אסם 500ג',קריות זול,IT,ספגטי אסם 500 גרם,,500.00,100 גרם,false,,6.90,0.0138,true,1,22348
7290000060903,false,פסטה אסם פתיתים אפויים אורז 500גר,"אסם השקעות בע""מ",IL,פתיתים אפויים אורז א,,500.00,100 גרם,false,,7.90,0.0158,true,1,22349
7290000060958,false,פסטה אסם אטריות בינוניות 400 גרם,"אסם השקעות בע""מ",IL,אטריות בינוניות אסם,,400.00,100 גרם,false,,7.90,0.0198,true,1,68344
7290000061061,false,קרקר בצל אסם 250 גרם,"אסם השקעות בע""מ",IL,אסם קרקר בצל 250גרם,,250.00,100 גרם,false,,11.60,0.0464,true,1,22354
7290000062952,false,אוסם - מיני קרוטונים למרק ולסלט 250 גרם,עינת תעשיות מזון,IL,מיני קרוטונים למרק ו,,250.00,100 גרם,false,,16.90,0.0676,true,1,68347
7290000063102,false,קמח עוגה אסם תופח מאליו 350ג',"אסם השקעות בע""מ",IL,קמח תופח קטן אסם 350,,350.00,100 גרם,false,,5.80,0.0166,true,1,22370
7290000063140,false,שקדי מרק רכיבים טבעיים בשקית 400 ג' אסם,"אסם השקעות בע""מ",IL,שקדי מרק רכיבים טבעי,,400.00,100 גרם,false,,13.90,0.0348,true,1,22372
7290000063157,false,"קמח תופח מאליו אסם 1 ק""ג","אסם השקעות בע""מ",IL,קמח עוגה תופח מאליו,קילוגרמים,1.00,"ק""ג",false,,10.30,10.3000,true,1,22373
7290000065090,false,מיני קרוטונים למרק ולסלט 400 ג' אסם,עינת תעשיות מזון,IL,מיני קרוטונים למרק ו,,400.00,100 גרם,false,,27.50,0.0688,true,1,22385
7290000065557,false,אוסם - מנה חמה קוסקוס עם ירקות 84 גרם,"אסם תעשיות מזון בע""מ",IL,מנה חמה קוסקוס וירקו,,84.00,100 גרם,false,,6.90,0.0821,true,1,22389
7290000065977,false,חטיפי פריכונים תירס שומשום 80 ג' אוסם,"מיוצר ע""י פרח, משווק",IL,חטיפי פריכונים תירס,,80.00,100 גרם,false,,8.90,0.1113,true,1,68354
7290000066141,false,ביסלי בטעם גריל אסם,"אסם השקעות בע""מ",IL,ביסלי גריל 70 גר'.,,70.00,100 גרם,false,,4.90,0.0700,true,1,22397
7290000066172,false,ביסלי בטעם פיצה אסם,"אסם השקעות בע""מ",IL,ביסלי פיצה 70גרם,,70.00,100 גרם,false,,4.90,0.0700,true,1,22400
7290000066189,false,ביסלי גדול בטעם פלאפל 200 ג' אסם,"אסם השקעות בע""מ",IL,ביסלי גדול פלאפל 200,,200.00,100 גרם,false,,7.90,0.0395,true,1,119984
7290000066226,false,ביסלי בטעם פיצה 200 ג' אסם,מיוצר עי קונדיטוריית,IL,ביסלי טעם פיצה 200גר,,200.00,100 גרם,false,,7.90,0.0395,true,1,119985
7290000066264,false,אוסם - חטיף דובונים 40 גרם,"אסם השקעות בע""מ",IL,דובונים 40גרם,,40.00,100 גרם,false,,5.00,0.1250,true,1,22406
7290000066318,false,במבה קלאסי 80 גרם,"אסם השקעות בע""מ",IL,במבה קלאסי 80 גרם,,80.00,100 גרם,false,,4.90,0.0613,true,1,22409
7290000066349,false,אפרופו גדול אסם 100ג',מיוצר עי קונדיטוריית,IL,אפרופו 100גרם,,100.00,100 גרם,false,,9.50,0.0950,true,1,22411
7290000066431,false,פופקו חטיף תירס בטעם חמאה ודבש 80 גרם,מיוצר עי קונדיטוריית,IL,פופקו חמאה ודבש 80גר,,80.00,100 גרם,false,,5.90,0.0738,true,1,22412
7290000067131,false,"ג'לי תות שדה אוסם 85 ג' כשל""פ",מיוצר עי קונדיטוריית,IL,אסם גלי בזק תות צבע,,88.00,100 גרם,false,,7.90,0.0898,true,1,22417
7290000067407,false,פירורית מתובל שקית 200גר,עינת תעשיות מזון,IL,פירורית מתובל שקית 2,,200.00,100 גרם,false,,7.90,0.0395,true,1,119988
7290000067544,false,פירורית זהב שקית 200גר,עינת תעשיות מזון,IL,אסם פירורית פירורי ל,,200.00,100 גרם,false,,7.90,0.0395,true,1,22420
7290000067599,false,אוסם - מנה חמה ספגטי רוטב בולנז 65 גרם,"אסם השקעות בע""מ",IL,מנה חמה ספגטי בולונז,,65.00,100 גרם,false,,6.90,0.1062,true,1,22424
7290000068138,false,אסם פודינג אינסטנט וניל 80 גרם,מיוצר עי קונדיטוריית,IL,אסם פודינג אינסטנט ו,,80.00,100 גרם,false,,6.50,0.0813,true,1,22430
7290000068237,false,ג'לי פטל צבע טבעי 85ג' אסם,מיוצר עי קונדיטוריית,IL,אסם ג'לי פטל צבעים ט,,85.00,100 גרם,false,,7.90,0.0929,true,1,22436
7290000068343,false,אוסם - פירכונים מאורז מלא 140 גרם,"מיוצר ע""י PT, משווק",IL,פריכונים מאורז מלא א,,140.00,100 גרם,false,,8.90,0.0636,true,1,22440
7290000068701,false,שקדי מרק רכיבים טבע.מיכל 400ג' אסם,"אסם השקעות בע""מ",IL,שקדי מרק במיכל אסם 4,,400.00,100 גרם,false,,17.10,0.0428,true,1,119990
7290000068770,false,במבה יום הולדת אסם 8,"אסם השקעות בע""מ",IL,במבה יום הולדת 80גרם,,80.00,100 גרם,false,,4.90,0.0613,true,1,22442
7290000069364,false,פריכונים עגולים אורז דל נתרן אסם 140 גרם,"מיוצר ע""י PT, משווק",IL,פריכונים מאורז מלא ל,,140.00,100 גרם,false,,8.90,0.0636,true,1,22450
7290000070322,false,אבקת מרק פטריות רכיבים טבעיים אוסם 400 ג',"אסם השקעות בע""מ",IL,אבקת מרק פטריות רכיב,,400.00,100 גרם,false,,29.90,0.0747,true,1,22462
7290000070353,false,אבקת מרק בצל רכיבים טבעיים 400 ג' אסם,"אסם השקעות בע""מ",IL,אבקת מרק בצל רכיבים,,400.00,100 גרם,false,,29.90,0.0747,true,1,22463
7290000072241,false,אסם רוטב לפיצה בקבוק,"אסם השקעות בע""מ",IL,אסם רוטב פיצה 290מל,,290.00,"100 מ""ל",false,,12.90,0.0445,true,1,22482
7290000072623,false,אסם קטשופ בקבוק לחיץ,"אסם השקעות בע""מ",IL,אסם קטשופ בקבוק לחיץ,,750.00,100 גרם,false,,12.50,0.0167,true,1,22484
7290000072630,false,קטשופ חריף אוסם 750 ג',"אסם השקעות בע""מ",IL,אסם קטשופ חריף 750 ג,,750.00,100 גרם,false,,15.80,0.0211,true,1,22485
7290000072760,false,קפה נמס טייסטרס צ'ויס 100ג',נסטלה קוריאה - קפה,KR,טייסטרס צ'וייס 100גר,,100.00,100 גרם,false,,29.70,0.2970,true,1,22488
7290000072968,false,דגני בוקר סיני מיניס נסטלה 500 ג',נסטלה פולין דגני בוק,PL,סיני מיניס דגני נסטל,יחידה,500.00,יחידה,false,,27.90,0.0558,true,1,22495
7290000073415,false,אוסם - מנה חמה פסטה ברוטב פיצה 61 גרם,"אסם השקעות בע""מ",IL,מנה חמה פסטה ברוטב פ,,61.00,100 גרם,false,,6.90,0.1131,true,1,68374
7290000073750,false,אוסם - מנה חמה נודלס בטעם עוף 70 גרם,טאי רזידנט,CN,מנה חמה נודלס בטעם ע,,70.00,100 גרם,false,,6.90,0.0986,true,1,68375
7290000074153,false,ביסקוויט פתיבר שוקו,מיוצר עי קונדיטוריית,IL,אסם פתי בר שוקו 500ג,,500.00,100 גרם,false,,15.50,0.0310,true,1,22506
7290000074184,false,אוסם - פתי בר בינוני 500 גרם,"אסם השקעות בע""מ",IL,אסם פתי בר 500גרם.,,500.00,100 גרם,false,,12.00,0.0240,true,1,22508
7290000074245,false,אוסם - קרם קרקר אסם 250 גרם,"אסם השקעות בע""מ",IL,אסם קרם קרקר 250גרם,,250.00,100 גרם,false,,11.90,0.0476,true,1,22509
7290000074252,false,קרקר אסם שומשום 250 גרם,"אסם השקעות בע""מ",IL,אסם קרקר שומשום 250ג,,250.00,100 גרם,false,,11.20,0.0448,true,1,22510
7290000074276,false,קרקר פיקנטי טבעון 250 ג' אסם,"אסם השקעות בע""מ",IL,טבעון קרקר פיקנטי 25,,250.00,100 גרם,false,,11.90,0.0476,true,1,22511
7290000074375,false,אוסם - קרקר זהב 150 גרם,"אסם השקעות בע""מ",IL,אסם קרקר זהב 150גרם,,150.00,100 גרם,false,,8.50,0.0567,true,1,22514
7290000074481,false,לחמית אגוזים אסם 160 ג',"אסם השקעות בע""מ",IL,לחמית אגוזים 160גרם,,160.00,100 גרם,false,,11.90,0.0744,true,1,22516
7290000074696,false,"קרם קרקר 1 ק""ג אוסם","אסם השקעות בע""מ",IL,אסם קרם קרקר 1קג,קילוגרמים,1.00,"ק""ג",false,,24.90,24.9000,true,1,22235
7290000075693,false,עוגת הבית שמרים בריוש שוקולד 360ג',מיוצר עי קונדיטוריית,IL,עוגת שמרים בריוש שוק,,360.00,100 גרם,false,,18.50,0.0514,true,1,22527
7290000075792,false,עוגיות קוקיס שוקו צ',,,עוגיות קוקיס שוקו צ',קילוגרמים,1.00,"ק""ג",true,,47.00,47.0000,true,1,120821
7290000077017,false,עוגיות קרמוגית וקרם שוקולד אסם 200 גרם,מיוצר עי קונדיטוריית,IL,אסם קרמוגית במילוי ש,,200.00,100 גרם,false,,11.90,0.0595,true,1,22532
7290000077253,false,אוסם - לחמית כפרית עם דגנים מלאים 190 גרם,"אסם השקעות בע""מ",IL,לחמית כפרית 190גרם,,190.00,100 גרם,false,,11.90,0.0626,true,1,22533
7290000078762,false,אוסם - חטיפי פריכונים מאורז מלא בטעם דבש 80גר,סנורייס בלגיום אן. ו,BE,חטיפי פריכונים אורז,,80.00,100 גרם,false,,8.90,0.1113,true,1,22538
7290000080758,false,אוסם - טוסטעים פת קלוי 100 גרם,ון דר מולן האלום,NL,טוסטעים פת קלוי אסם,,100.00,100 גרם,false,,11.40,0.1140,true,1,68389
7290000081663,false,בייגלה אסם טבעות שומשום 300 גרם,מיוצר עי קונדיטוריית,IL,בייגלה אסם טבעות שומ,,300.00,100 גרם,false,,11.90,0.0397,true,1,68390
7290000085180,false,פתי בר וניל 470 גר' גטניו,"אחים גטניו בע""מ",,גטניו - פתיבר וניל 4,,470.00,100 גרם,false,,9.90,0.0211,true,1,121945
7290000100018,false,גביניות,,,גביניות,קילוגרמים,1.00,"ק""ג",true,,44.00,44.0000,true,1,4173
7290000100128,false,פירות קפואים תות סנפרוסט 300 ג',סנפרוסט בעמ,IL,סדרת פירות קפואים-תו,,300.00,100 גרם,false,,18.90,0.0630,true,1,126941
7290000100300,false,לחם מחמצת טוסקני כפר,,,לחם מחמצת טוסקני כפר,,530.00,100 גרם,false,,17.90,0.0338,true,1,216572
7290000100615,false,5 יח' חליות לחמניו,,,5 יח' חליות לחמניו,,1.00,"100 מ""ל",false,,14.90,14.9000,true,1,118226
7290000101927,false,אוכמניות כחולות מוקפאות סנפרוסט 300 גרם,"איי, בי, אינבוו",IL,אוכמניות כחולות מוקפ,,300.00,100 גרם,false,,18.90,0.0630,true,1,79574
7290000103365,false,מרק ירקות 550 ג' סנפרוסט,"איי, בי, אינבוו",IL,סנפרוסט מרק ירקות 50,,500.00,100 גרם,false,,19.90,0.0398,true,1,28092
7290000103433,false,לקט ירקות לתנור סנפר,"איי, בי, אינבוו",IL,לקט ירקות לתנור 800,,800.00,100 גרם,false,,24.90,0.0311,true,1,28099
7290000103846,false,מרק אפונה 570 ג' סנפרוסט,"סנפרוסט בע""מ",IL,סנפרוסט מרק אפונה קפ,,570.00,100 גרם,false,,19.90,0.0349,true,1,115150
7290000104201,false,סנפרוסט אפונה עדינה,"איי, בי, אינבוו",IL,אפונה עדינה סנפרוסט,,600.00,100 גרם,false,,19.90,0.0332,true,1,28136
7290000104218,false,במיה סנפרוסט 600 גרם,"איי, בי, אינבוו",IL,סנפרוסט במיה 600גר,,600.00,100 גרם,false,,17.90,0.0298,true,1,28137
7290000104676,false,אפונה קפואה סנפרוסט 800 גרם,"איי, בי, אינבוו",IL,אפונת גינה סנפרוסט 8,,800.00,100 גרם,false,,19.90,0.0249,true,1,28140
7290000104683,false,שעועית שלמה 800 ג' סנפרוסט,"סנפרוסט בע""מ",IL,שעועית שלמה סנפרוסט,,800.00,100 גרם,false,,23.90,0.0299,true,1,28141
7290000104690,false,תירס גרעינים 800 ג' סנפרוסט,"איי, בי, אינבוו",IL,תירס גרעינים 800גר,,800.00,100 גרם,false,,19.90,0.0249,true,1,28142
7290000104720,false,שעועית ירוקה סנפרוסט 800ג',"סנפרוסט בע""מ",IL,שעועית ירוקה חתוכה ס,,800.00,100 גרם,false,,20.80,0.0260,true,1,28145
7290000104751,false,כרוב ניצנים סנפרוסט 800 גרם,"איי, בי, אינבוו",IL,כרוב ניצנים 800גר,,800.00,100 גרם,false,,28.80,0.0360,true,1,28148
7290000104768,false,תרד עלים סנפרוסט 800 ג ',"איי, בי, אינבוו",IL,תרד עלים 800 גרם,,800.00,100 גרם,false,,29.40,0.0367,true,1,28149
7290000104775,false,תרד מדליונים סנפרוסט,"איי, בי, אינבוו",IL,תרד מדליונים 800גר,,800.00,100 גרם,false,,28.80,0.0360,true,1,28150
7290000104799,false,שעועית לבנה מבושלת סנפרוסט 800גר,"איי, בי, אינבוו",IL,שעועית לבנה מבושלת 8,,800.00,100 גרם,false,,21.70,0.0271,true,1,28151
7290000104805,false,גרגירי חומוס קפוא 800 ג' סנפרוסט,"איי, בי, אינבוו",IL,גרגירי חומוס קפוא 80,,800.00,100 גרם,false,,21.70,0.0271,true,1,28152
7290000104836,false,שעועית עדינה שלמה סנפרוסט 600ג',"סנפרוסט בע""מ",IL,שעועית עדינה שלמה סנ,,600.00,100 גרם,false,,25.90,0.0432,true,1,28154
7290000104881,false,אפונה וגזר קפוא סנפרוסט 800ג',"איי, בי, אינבוו",IL,אפונה וגזר 800 גרם ס,,800.00,100 גרם,false,,17.90,0.0224,true,1,28157
7290000104911,false,לקט נורמנדי סנפרוסט 800ג',"איי, בי, אינבוו",IL,לקט נורמנדי 800גר,,800.00,100 גרם,false,,24.90,0.0311,true,1,28159
7290000106526,false,ירקות מעורבים מוקפאים חגיגה ירוקה להקפצה,"איי, בי, אינבוו",IL,סנפרוסט חגיגה ירוקה,,800.00,100 גרם,false,,27.40,0.0342,true,1,145514
7290000107165,false,פולי סויה אדממה סנפרוסט 400 ג',"איי, בי, אינבוו",IL,פולי סויה אדממה קפוא,,400.00,100 גרם,false,,14.90,0.0373,true,1,28163
7290000107189,false,תחתיות ארטישוק סנפרוסט 400גר,"איי, בי, אינבוו",IL,תחתיות ארטישוק 400גר,,400.00,100 גרם,false,,24.90,0.0622,true,1,28164
7290000112220,false,טחינה גולמית 100%בארכה 500ג',רושדי תעשיות מזון בע,IL,בארכה טחינה 100% שומ,,500.00,100 גרם,false,,15.90,0.0318,true,1,22545
7290000116921,false,רוטב צ'ילי מתוק 370ג'12x קנור,יוניליוור ישראל מזון,IL,רוטב צילי מתוק קנור,,300.00,"100 מ""ל",false,,13.90,0.0463,true,1,12459
7290000121154,false,"גבינת מון בלאן סלמון, 120 ג'",האי נאם סי או אל.טי.,IL,מון בלאן סלמון 7% 12,,120.00,100 גרם,false,,12.90,0.1075,true,1,19601
7290000134550,false,טעם וריח עלי דפנה שק,תות ממתקי איכות,IL,טעם וריח עלי דפנה שק,,20.00,100 גרם,false,,6.90,0.3450,true,1,50892
7290000135045,false,"משקה אנרגיה XL TEN תפוח 250 מ""ל","טמפו משקאות בע""מ",IL,אקס אל TEN פחית תפוח,,250.00,"100 מ""ל",false,,4.90,0.0196,true,1,142927
7290000135151,false,"סודה נגיעות לימון ליים 275 מ""ל",טמפו משקאות בעמ,IL,סודה נגיעות לימון 27,,275.00,"100 מ""ל",false,,3.50,0.0127,true,1,281589
7290000136141,false,משקה בטעם קולה 1.5ל' פפסי,פפסי Pepsi,IL,פפסי קולה 1.5 ליטר,ליטרים,1.50,ליטר,false,,8.50,5.6667,true,1,366478
7290000136158,false,פפסי מקס 1.5 ליטר פיקדון,פפסי Pepsi,IL,פפסי מקס 1.5 ליטר,ליטרים,1.50,ליטר,false,,8.50,5.6667,true,1,366495
7290000136288,false,סירופ בטעם תפוחים סיידר הגליל JUICER,סיידר הגליל,,סיידר הגליל JUICER ס,,330.00,"100 מ""ל",false,,13.60,0.0412,true,1,445860
7290000136295,false,סירופ בטעם פטל סיידר הגליל JUICER,סיידר הגליל,,סיידר הגליל JUICER ס,,330.00,"100 מ""ל",false,,13.60,0.0412,true,1,445891
7290000136301,false,סירופ בטעם ענבים סיידר הגליל JUICER,סיידר הגליל,,סיידר הגליל JUICER ס,,330.00,"100 מ""ל",false,,13.60,0.0412,true,1,445892
7290000136653,false,משקה מאלט דיאט תריסר 1.5 ל' נשר,טמפו,IL,נשר מאלט דיאט 1.5 לי,ליטרים,1.50,ליטר,false,,9.90,6.6000,true,1,366085
7290000136660,false,סודה טמפו ליטר וחצי,טמפו,IL,טמפו סודה 1.5 ליטר,ליטרים,1.50,ליטר,false,,4.50,3.0000,true,1,366338
7290000136684,false,פפסי מקס פיקדון 1.5 ליטר,טמפו,IL,פפסי מקס 1.5 ליטר,ליטרים,1.50,ליטר,false,,8.50,5.6667,true,1,366496
7290000136844,false,מארז מים מזוככים אקווה נובה שישיית 2 ליטר,אקווה נובה Aqua Nova,IL,אקווה נובה 6*2 ליטר,ליטרים,12.00,ליטר,false,,12.90,1.0750,true,1,366129
7290000136851,false,סבן אפ פיקדון 1.5 ליטר,טמפו,IL,סבן אפ 1.5 ליטר,ליטרים,1.50,ליטר,false,,8.50,5.6667,true,1,366463
7290000136868,false,שישיית מים מינרלים סאן בנדטו,סאן בנדטו San Benedetto,IL,מים סאן בנדטו 6* 1.5,ליטרים,9.00,ליטר,false,,19.90,2.2111,true,1,366130
7290000136875,false,מארז מים מינרלים מוגז 6* 1.5 ל' סאן בנדטו,סאן בנדטו San Benedetto,IL,סאן בנדטו מים מינרלי,ליטרים,9.00,ליטר,false,,19.90,2.2111,true,1,366228
7290000136936,false,סבן אפ דיאט בקבוק 1.,טמפו,IL,סבן אפ דיאט 1.5 ליטר,ליטרים,1.50,ליטר,false,,8.10,5.4000,true,1,366415
7290000137513,false,גלידונית גלידה וניל בציפוי שוקולד 60 יח' קרמיסימו,"גלידת שטראוס בע""מ, ר",IL,קרמיסימו גלידונית ש.,,700.00,100 גרם,false,,50.90,0.0727,true,1,6055
7290000144160,false,שמן זית כתית מעולה ארומתי מודגש 750מל,"מרקאולאו, ספרד.אבסה,",IT,שמן זית כתית מעולה א,,750.00,"100 מ""ל",false,,37.90,0.0505,true,1,32766
7290000144467,false,שמן חמניות מועשר בנוגדי חמצון 1 ל' עץ הזית,"נארז ע""י : א.ג. גילר",GR,שמן חמניות בריאות מה,ליטרים,1.00,ליטר,false,,17.90,17.9000,true,1,32770
7290000144474,false,שמן קנולה בריאות מהטבע 1 ליטר,שמן תעשיות,EE,שמן קנולה בריאות עץ,ליטרים,1.00,ליטר,false,,17.90,17.9000,true,1,32771
7290000146645,false,הוואי - סבון מוצק שחור מסתורי 100 גרם רביעייה,טרופיקל דגיל,IL,סבון מוצק שחור מסתור,,400.00,100 גרם,false,,12.90,0.0323,true,1,9970
7290000149905,false,טקסטיל שמפו לכביסה ביד 1 ליטר,מיוצר עי קונדיטוריית,IL,טקסטיל שמפו-1 ליטר נ,ליטרים,1.00,ליטר,false,,15.90,15.9000,true,1,33040
7290000153445,false,קציצות בקר מתובלות עוף טוב 500 ג',מולינו ניקולי s.p.a,IL,עוף טוב קציצות בקר מ,,500.00,100 גרם,false,,34.90,0.0698,true,1,68585
7290000158105,false,שניצל עוף טוב מיני דינוזאור 700 גרם,מוצרי עוף טוב (2001),IL,עוף טוב שניצל עוף מי,,700.00,100 גרם,false,,40.90,0.0584,true,1,68589
7290000169798,false,"עוגי מופחת סוכר 20% פצפוצי שוקו' 500ג' בד""צ",יוניליוור שפע ישראל,IL,עוגי מופחת סוכר 20%,,500.00,100 גרם,false,,24.10,0.0482,true,1,12637
7290000170053,false,שוקולד פרה 100 ג' חלב.,"תופינית בע""מ",IL,שוקולד חלב פרה 100 ג,,100.00,100 גרם,false,,6.00,0.0600,true,1,25303
7290000174723,false,אבקת שוקולית עלית קופסא 500ג',הנסיך- מפעל לייצור ט,IL,שוקולית 500 גרם,,500.00,100 גרם,false,,13.90,0.0278,true,1,25311
7290000176079,false,קפה טורקי עם היל עלית 100 ג',הנסיך- מפעל לייצור ט,IL,טורקי עלית קפה עם הל,,100.00,100 גרם,false,,10.50,0.1050,true,1,25314
7290000176413,false,קפה נמס אבקתי עלית 5,הנסיך- מפעל לייצור ט,IL,עלית נמס 50 גר',,50.00,100 גרם,false,,10.90,0.2180,true,1,25319
7290000176420,false,קפה נמס אבקתי 200ג עלית,שטראוס קפה בי.וי,IL,קפה נמס עלית פחית 20,,200.00,100 גרם,false,,21.90,0.1095,true,1,25320
7290000176468,false,קפה נמס נטול קפאין 50 ג' קפה האג,"איי, בי, אינבוו",IL,האג קפה נטול קפאין 5,,50.00,100 גרם,false,,10.90,0.2180,true,1,25321
7290000178707,false,חטיף תפוציפס טבעי 50,"שטראוס פריטו ליי בע""",IL,תפוציפס טבעי 50 גרם,,50.00,100 גרם,false,,4.50,0.0900,true,1,26614
7290000178721,false,חטיף תפוציפס טבעי 20,"שטראוס פריטו ליי בע""",IL,תפוציפס טבעי 200 גרם,,200.00,100 גרם,false,,10.90,0.0545,true,1,26616
7290000189192,false,מגבת רב שימושית סופר ניקול 64 דף,קימברלי קלארק,CO,ניקול מטלית חכמה יומ,,64.00,יח',false,,19.90,0.3109,true,1,10912
7290000189505,false,תבנית קרטון אפיה אינגליש ניקול 5יח',"דוקארט בעמ, קיבוץ כפ",IL,ניקול תבנית אפייה מק,יחידה,0.00,יחידה,false,,10.90,0.0000,true,1,10924
7290000192581,false,מגבת נייר גליל כפול ניקול 12=6 גליל,,,מגבת כפולה ניקול 6=1,,129.70,מטר,false,,23.90,0.1843,true,1,127368
7290000195773,false,האגיס - מגבוני האגיס סנסטיב קר לא מבושם 64 יח' * 4,חוגלה קימברלי,IL,מגבוני האגיס סנסטיב,יחידה,0.00,יחידה,false,,21.90,0.0000,true,1,11005
7290000197029,false,ניקול שקיות ניילון ריצרץ לאחסון 12יח',קריות זול,,ניקול שקיות ניילון ר,יחידה,0.00,יחידה,false,,17.90,0.0000,true,1,115076
7290000197081,false,ניקול ניילון נצמד חסכון 150 מ',אופל,IL,ניילונית נצמד ניקול,,150.00,מטר,false,,30.90,0.2060,true,1,11015
7290000197470,false,שקיות רב שימושית 50 יח' ניקול,אשלפסט תעשיות בעמ,IL,"ניקול שקיות רב""ש 250",יחידה,0.00,יחידה,false,,15.20,0.0000,true,1,11032
7290000197548,false,האגיס - פרידום דריי שלב 5 36 יח',קימברלי קלארק ישראל,IL,האגיס פרידום דריי של,יחידה,0.00,יחידה,false,,48.90,0.0000,true,1,11035
7290000197982,false,רדיד אלומיניום עבה 45 ניקול 7.5 מ' זוגי,אופל,IL,ניקול רדיד אלומיניום,,15.00,מטר,false,,22.90,1.5267,true,1,11043
7290000197999,false,רדיד אלומיניום עבה ניקול זוגי 30X7.5מ',קריות זול,IL,ניקול רדיד אלומיניום,,15.00,מטר,false,,17.90,1.1933,true,1,11044
7290000204215,false,ניקול כריות יפניות 6 יח',פלסטו פוליש (ברקן),IL,ניקול כריות יפניות 6,יחידה,0.00,יחידה,false,,12.90,0.0000,true,1,11080
7290000204307,false,ניקול מטליות רב שימושיות בגליל 40 יח',נועם אורים-קיבוץ אור,IL,מטליות ניקול 40 רב ש,יחידה,0.00,יחידה,false,,22.90,0.0000,true,1,11083
7290000207063,false,רסק עגבניות פריכוז 28% 240 גרם יכין,היינץ צפון אמריקה מק,IL,רוטב עגבניות פריכוז,,240.00,100 גרם,false,,4.90,0.0204,true,1,10624
7290000207162,false,רוטב עגבניות מרכיב טבעי 100 ג' יכין,"זנלכל בע""מ",IL,רוטב עגבניות 100 גרם,,100.00,100 גרם,false,,2.50,0.0250,true,1,10627
7290000208022,false,עגבניות מרוסקות פריכוז 800 ג' יכין,"זנלכל בע""מ",IL,עגבניות מרוסקות יכין,,800.00,100 גרם,false,,10.90,0.0136,true,1,10631
7290000208077,false,אפונת גינה גדולה 550 גרם יכין,"זנלכל בע""מ",IL,אפונת גינה גדולה L י,,335.00,100 גרם,false,,9.90,0.0296,true,1,10633
7290000208114,false,אפונת גינה וגזר 550 ג' יכין,"זנלכל בע""מ",IL,אפונת גינה וגזר יכין,,330.00,100 גרם,false,,9.90,0.0300,true,1,10636
7290000208145,false,גרגרי תירס מתוק לייט A2 יכין 550 ג',"זנלכל בע""מ",IL,גרעיני תירס לייט יכי,,335.00,100 גרם,false,,9.90,0.0296,true,1,10639
7290000208213,false,שעועית לבנה אפויה A2 ברוטב עגבניות יכין 560ג',היינץ צפון אמריקה מק,IL,שעועית לבנה ברוטב עג,,355.00,100 גרם,false,,9.90,0.0279,true,1,10641
7290000208312,false,גרעיני תירס מתוק בואקום יכין 400 גר',"זנלכל בע""מ",IL,גרעיני תירס מתוק יכי,,400.00,100 גרם,false,,7.90,0.0198,true,1,10646
7290000208329,false,גרעיני תירס מתוק A2 יכין 550ג',"זנלכל בע""מ",IL,גרעיני תירס מתוק יכי,,335.00,100 גרם,false,,9.90,0.0296,true,1,10647
7290000208404,false,A2 פול מצרי 550 גרם יכין,"זנלכל בע""מ",IL,פול מצרי יכין 550 גר,,350.00,100 גרם,false,,8.90,0.0254,true,1,10652
7290000208428,false,חומוס שלם יכין 550גר,"זנלכל בע""מ",IL,חומוס שלם יכין 550 ג,,290.00,100 גרם,false,,9.90,0.0341,true,1,10653
7290000208534,false,גרעיני תירס ילדים 550 גרם יכין,"זנלכל בע""מ",IL,גרעיני תירס קיד מתוק,,335.00,100 גרם,false,,11.90,0.0355,true,1,10658
7290000208800,false,תירס קיד מתוק יכין 4,,,תירס קיד מתוק יכין 4,,400.00,100 גרם,false,,6.90,0.0173,true,1,10660
7290000208855,false,רוטב פסטה עגבניות יכין 240 ג',"זנלכל בע""מ",IL,רוטב לפסטה קלאסי יכי,,260.00,100 גרם,false,,6.50,0.0250,true,1,10661
7290000208930,false,עגבניות מרוסקות בתוספת שום 240 ג' יכין,"זנלכל בע""מ",IL,עגבניות מרוסקות עם ש,,260.00,100 גרם,false,,6.50,0.0250,true,1,10663
7290000208978,false,רסק עגבניות פריכוז 100 גרם,היינץ צפון אמריקה מק,IL,רוטב עגבניות פריכוז,,100.00,100 גרם,false,,3.90,0.0390,true,1,10665
7290000209043,false,מיץ לימון משומר 1 ל' יכין,היינץ צפון אמריקה מק,IL,מיץ לימון משומר יכין,ליטרים,1.00,ליטר,false,,5.90,5.9000,true,1,10668
7290000209371,false,שלישיית תירס קטן יכי,היינץ צפון אמריקה מק,IL,תירס שלישיה יכין 3*1,,495.00,100 גרם,false,,15.90,0.0321,true,1,10680
7290000209388,false,תירס גרגרים לייט וואקום מארז 60X3ג',יכין,,תירס לייט שלישיה יכי,,420.00,100 גרם,false,,15.90,0.0379,true,1,10681
7290000209517,false,סירופ יכין לימון דיא,היינץ צפון אמריקה מק,IL,סירופ דייאט לימון יכ,ליטרים,1.00,ליטר,false,,17.90,17.9000,true,1,10683
7290000209524,false,סירופ דייאט פטל יכין,זנלכל,IL,סירופ דייאט פטל יכין,ליטרים,1.00,ליטר,false,,17.90,17.9000,true,1,10684
7290000209708,false,עגבניות מרוסקות עם בזיליקום 240 גרם יכין,היינץ צפון אמריקה מק,IL,עגבניות מרוסקות בזיל,,260.00,100 גרם,false,,6.50,0.0250,true,1,10690
7290000209722,false,רסק עגבניות 28% פריכוז 580 גרם יכין,"זנלכל בע""מ",IL,רוטב עגבניות מרוכז מ,,580.00,100 גרם,false,,10.90,0.0188,true,1,10692
7290000209944,false,רוטב לעגבניות בסיס לשקשוקה 240 ג' יכין,"זנלכל בע""מ",IL,רוטב לעגבניות לשקשוק,,260.00,100 גרם,false,,6.50,0.0250,true,1,10695
7290000209968,false,רוטב עגבניות ללזניה יכין 240 גרם,"זנלכל בע""מ",IL,רוטב ללזניה יכין 240,,260.00,100 גרם,false,,6.50,0.0250,true,1,10697
7290000211169,false,"אורז תאילנדי אחד אחד סוגת 1 ק""ג",האי נאם סי או אל.טי.,IL,אורז תאילנדי 1 ק'ג,קילוגרמים,1.00,"ק""ג",false,,7.90,7.9000,true,1,20662
7290000211312,false,סוגת אורז מלא פרסי אחד אחד 1 קג,האי נאם סי או אל.טי.,IL,אורז מלא אחד אחד 1קג,קילוגרמים,1.00,"ק""ג",false,,9.90,9.9000,true,1,20663
7290000211442,false,"סוגת אורז פרסי קלאסי שקית 1 ק""ג",האי נאם סי או אל.טי.,IL,סוגת אורז פרסי קלאסי,קילוגרמים,1.00,"ק""ג",false,,11.90,11.9000,true,1,20666
7290000211503,false,סוכר לבן ארוז בשקית,"סוגת תעשיות בע""מ",IL,"סוכר סוגת לבן 1 ק""ג",קילוגרמים,1.00,"ק""ג",false,,4.90,4.9000,true,1,20667
7290000211985,false,"אורז ריזוטו עגול סוגת 1 ק""ג","סוגת תעשיות בע""מ",IL,סוגת אורז עגול 1קג,קילוגרמים,1.00,"ק""ג",false,,12.90,12.9000,true,1,20670
7290000212579,false,וופל מצופה מנעמים מארז 40X20ג',מנעמים תעשיות מזון,IL,ופל מצופה שוקולד מנע,,800.00,100 גרם,false,,17.90,0.0224,true,1,27316
7290000212975,false,"ופל שוקו מנעמים 1 ק""",,,"ופל שוקו מנעמים 1 ק""",קילוגרמים,1.00,"ק""ג",false,,17.90,17.9000,true,1,69165
7290000238029,false,"בצק עלים צרפתי מרודד מעדנות 1ק""ג",מיוצר עי קונדיטוריית,IL,"בצק עלים 1ק""ג",קילוגרמים,1.00,"ק""ג",false,,24.90,24.9000,true,1,40263
7290000238036,false,מלאווח 6יח' מעדנות 700ג',מיוצר עי קונדיטוריית,IL,מעדנות מלווח 700גר,,700.00,100 גרם,false,,18.90,0.0270,true,1,40264
7290000238180,false,בורקס תפוחי אדמה מעדנות 800ג',מיוצר עי קונדיטוריית,IL,"בורקס תפו""א 800גר",,800.00,100 גרם,false,,21.90,0.0274,true,1,40266
7290000243566,false,"שמן קנולה בריאות 750 מ""ל",שמן תעשיות,EE,שמן קנולה בריאות עץ,,750.00,"100 מ""ל",false,,12.90,0.0172,true,1,32778
7290000245287,false,"פרסיל אבקת כביסה 1.250 ק""ג קולור ויניגר","הנקל סוד בע""מ",IL,אבקת כביסה פרסיל קול,קילוגרמים,1.25,"ק""ג",false,,15.90,12.7200,true,1,39485
7290000245294,false,"א.כ. פרסיל סופרא שקית 2.5 ק""ג","הנקל סוד בע""מ",IL,אבקת כביסה פרסיל 2.5,קילוגרמים,2.50,"ק""ג",false,,28.90,11.5600,true,1,39486
7290000262031,false,נייר טואלט מולט לב 32 גליל,חוגלה קימברלי,,נייר טואלט מולט לב 3,,563.00,מטר,false,,30.90,0.0549,true,1,11089
7290000262413,false,חיתולי האגיס אקסטרה קייר מידה 5 34יח,חוגלה קימברלי,IL,האגיס אקסטרה קייר מי,יחידה,0.00,יחידה,false,,57.90,0.0000,true,1,11095
7290000267104,false,שקד מולבן גרוס/מרוסק,"דין שיווק וקליה בע""מ",IL,שקדיה שקד טבעי גרוס,,100.00,100 גרם,false,,12.90,0.1290,true,1,6537
7290000272696,false,עסיס מיץ לימון טבעי משומר 1 ל' אסם,בית-השיטה עסיס תעשיו,IL,מיץ לימון משומר עסיס,ליטרים,1.00,ליטר,false,,11.90,11.9000,true,1,22555
7290000272726,false,חומץ טבעי 5% עסיס 1 ל' אסם,בית השיטה עסיס תעשיו,IL,חומץ טבעי 5% עסיס 1,ליטרים,1.00,ליטר,false,,7.50,7.5000,true,1,22556
7290000284316,false,קוקה קולה 1.5 ליטר,קוקה קולה,,קוקה קולה 1.5 ליטר,ליטרים,1.50,ליטר,false,,8.70,5.8000,true,1,8869
7290000284354,false,ספרייט 1.5 ליטר,,,ספרייט 1.5 ל',ליטרים,1.50,ליטר,false,,9.70,6.4667,true,1,8871
7290000286228,false,כרית קרצוף לכלים סנו סושי 6יח',סנו מפעלי ברונו בעמ,IL,סנו סושי שישיות כריו,יחידה,0.00,יחידה,false,,12.90,0.0000,true,1,33044
7290000286525,false,כיף ספוג לרחצה פרינה,קוסמופארם,IL,ספוג פרינה כיף,יחידה,0.00,יחידה,false,,11.90,0.0000,true,1,33051
7290000288024,false,סנו - ז'אוול אקונומיקה בריח לימון 4 ליטר,"סנו מפעלי ברונוס בע""",IL,סנו ז'אוול בריח לימו,ליטרים,4.00,ליטר,false,,17.90,4.4750,true,1,33081
7290000288048,false,סנו ז'אוול קצף לבנדר מרסס 1ל',"סנו מפעלי ברונוס בע""",IL,סנו ג'אוול מרסס אילנ,ליטרים,1.00,ליטר,false,,19.90,19.9000,true,1,33083
7290000288079,false,סנו - ז'אוול אקונומיקה לימון 2 ליטר,"סנו מפעלי ברונוס בע""",IL,סנו זאוול בריח לימון,ליטרים,2.00,ליטר,false,,13.90,6.9500,true,1,33084
7290000288086,false,"סנו ז'אוול אבקת ואקונומיקה לימון 600 מ""ל",מיוצר עי קונדיטוריית,IL,אבקת ניקוי ג'אוול לי,,600.00,100 גרם,false,,12.90,0.0215,true,1,33085
7290000288642,false,סנו - מקסימה מרכך כביסה סנסטיב ורוד 4 ליטר,"סנו מפעלי ברונוס בע""",IL,מרכך כביסה סנו מקסימ,ליטרים,4.00,ליטר,false,,23.90,5.9750,true,1,33097
7290000288727,false,"אבקת כביסה מקסימה מאסק 1.25 ק""ג סנו",קריות זול,IL,סנו מקסימה מאסק 1.25,קילוגרמים,1.25,"ק""ג",false,,15.90,12.7200,true,1,33099
7290000289069,false,סנו - ז'אוול מרסס קצף ניקוי בתוספת אקונומיקה בריח לימון 1 ליטר,"סנו מפעלי ברונוס בע""",IL,סנו ג'אוול מרסס לימו,ליטרים,1.00,ליטר,false,,19.90,19.9000,true,1,33103
7290000289472,false,סנו סושי שקיות 76*90 50 יח' XXL,מיוצר עי קונדיטוריית,IL,סנו סושי שקיות HD 76,יחידה,0.00,יחידה,false,,21.90,0.0000,true,1,33105
7290000289885,false,"סנו פרש ענק אושן כחול 375 מ""ל",קריות זול,IL,סנו פרש ענק אושן כחו,,375.00,"100 מ""ל",false,,11.90,0.0317,true,1,33111
7290000293530,false,סופג לחות שקית מילוי,קריות זול,IL,מילוי סופג לחות,,340.00,"100 מ""ל",false,,13.90,0.0409,true,1,33132
7290000293820,false,"קרמה מן שמפו וג'ל גל רחצה אקטיב בלוק 700מ""ל",קוסמופארם בעמ,IL,שמפו וג'ל רחצה קרבון,,700.00,"100 מ""ל",false,,19.90,0.0284,true,1,126202
7290000294780,false,סנו - ז'אוול אקונומיקה סמיכה מבושמת 4 ליטר,"סנו מפעלי ברונוס בע""",IL,סנו ז'אוול סמיכה 4 ל,ליטרים,4.00,ליטר,false,,17.90,4.4750,true,1,33142
7290000295336,false,"סנו - מקסימה אבקת כביסה סנסטיב 1.25 ק""ג",סנו מפעלי ברונוס בעמ,IL,סנו מקסימה סנסיטיב 1,קילוגרמים,1.25,"ק""ג",false,,15.90,12.7200,true,1,33146
7290000295404,false,סנו סושי שקית אשפה חזקות 70*50 60 יח',מיוצר עי קונדיטוריית,IL,שקיות אשפה נשלפות סנ,יחידה,0.00,יחידה,false,,24.90,0.0000,true,1,33149
7290000295541,false,סנו רב מגבת גמבו 75 דפים בגליל,מיוצר עי קונדיטוריית,IL,סנו רב מגבת גמבו,יחידה,0.00,יחידה,false,,21.90,0.0000,true,1,33151
7290000295565,false,רדיד אלומיניום סנו סושי זוגי 45X7.5מ',בורסה פזרי,IL,רדיד אלומיניום רחב ב,,15.00,מטר,false,,18.90,1.2600,true,1,33153
7290000300900,false,טבעול שניצל תירס 8*750גרם רכיבים טבעיים,עיצובים 2020 (4.8),IL,שניצל תירס טבעול רכי,,750.00,100 גרם,false,,27.90,0.0372,true,1,23358
7290000313160,false,עוגיות חברים זהבה ו-3 הדובים שוקו' אסם 250 גר',היינץ צפון אמריקה מק,IL,חברים זהבה ושלושת הד,,250.00,100 גרם,false,,9.50,0.0380,true,1,120002
7290000313184,false,עוגיות חברים גן חיות וניל אסם 250 גר',הגביע מוצרי וופלים ב,IL,חברים ביסקויט גן חיו,,250.00,100 גרם,false,,9.50,0.0380,true,1,22558
7290000313290,false,אסם נודלס נודלס אטריות מסולסלות 200גר,תאי פרזידנט פוד בנגק,TH,נודלס אטריות מסולסלו,יחידה,200.00,יחידה,false,,10.90,0.0545,true,1,22560
7290000318943,false,פסטרמה של פעם יחיעם,תאי פרזידנט פוד פאבל,IL,פסטרמה של פעם 200 גר,,200.00,100 גרם,false,,23.90,0.1195,true,1,17738
7290000319520,false,סאלמי צרפתי יחיעם 10,מעדני יחיעם 1993,IL,סאלמי צרפתי יחיעם 10,,100.00,100 גרם,false,,22.90,0.2290,true,1,17750
7290000334684,false,טבעות בצל 700 ג' תפוגן,"תעשיות תפוגן בע""מ",IL,טבעות בצל 700 גרם,,700.00,100 גרם,false,,19.90,0.0284,true,1,23371
7290000339191,false,אבקת הלבנה רן ללא כל,קריות זול,IL,אבקת הלבנה רן 350 גר,,350.00,100 גרם,false,,21.90,0.0626,true,1,12660
7290000339566,false,מרכך כביסה ורוד 4 ל' בדין,יוניליור ישראל טיפוח,IL,בדין מרכך כביסה ורוד,ליטרים,4.00,ליטר,false,,20.90,5.2250,true,1,12661
7290000342856,false,מרכך כביסה כחול 4 ל' בדין,יוניליור ישראל טיפוח,IL,בדין מרכך כביסה כחול,ליטרים,4.00,ליטר,false,,20.90,5.2250,true,1,12668
7290000345215,false,תה ויסוצקי קלאסיק 100/1 כחול מעודן,מולינו ניקולי s.p.a,IL,תה ויסוצקי קלאסיק 10,,100.00,100 גרם,false,,20.90,0.2090,true,1,27324
7290000345284,false,תה ויסוצקי קלאסיק טעם עשיר 100/1.5יח',מולינו ניקולי s.p.a,IL,תה ויסוצקי 1.5 קלאסי,,150.00,100 גרם,false,,20.90,0.1393,true,1,27327
7290000345291,false,תה ארל גריי 25 שקיקים ויסוצקי,קריות זול,IL,תה ארל גריי 1.5/25,,37.50,100 גרם,false,,18.50,0.4933,true,1,27328
7290000345307,false,תה ארל גריי 50 שקיקים ויסוצקי,מולינו ניקולי s.p.a,IL,תה ארל גריי 1.5/50,,75.00,100 גרם,false,,33.90,0.4520,true,1,27329
7290000345536,false,תה נענע 25 שקיקים *1.5 ג',מולינו ניקולי s.p.a,IL,תה נענע 25 שקיות 1.5,,37.50,100 גרם,false,,19.90,0.5307,true,1,27330
7290000346120,false,תה ויסוצקי חליטת קסם הקינמון 25יח',קריות זול,IL,תה קסם הקנמון 25 שקי,,62.50,100 גרם,false,,19.90,0.3184,true,1,27337
7290000346199,false,תה הגן הקסום תה פירות יער 25 יח',קריות זול,IL,תה פירות יער 25 שקיק,,67.50,100 גרם,false,,19.90,0.2948,true,1,27342
7290000346205,false,תה הגן הקסום תה קמומיל 25 יח',קריות זול,IL,תה קמומיל 25 שקיקים,,37.50,100 גרם,false,,19.90,0.5307,true,1,27343
7290000347738,false,תה ירוק נענע 25 שקיקים 1.5 גרם,קריות זול,IL,תה ירוק נענע 25 שקיק,,37.50,100 גרם,false,,26.90,0.7173,true,1,27351
7290000363363,false,קבנוס מיוחד טירת צבי,הנסיך- מפעל לייצור ט,IL,קבנוס מיוחד 160 גרם,,160.00,100 גרם,false,,19.70,0.1231,true,1,28006
7290000364261,false,דקניקים סלסולי כתף בקר 120 ג' טירת צבי,הנסיך- מפעל לייצור ט,IL,סלסולי כתף בקר 120 ג,,120.00,100 גרם,false,,15.90,0.1325,true,1,28010
7290000364278,false,דקניקים סילסולי סלמי איטלקי 120 ג' טירת צבי,הנסיך- מפעל לייצור ט,IL,סלסולי סלמי איטלקי מ,,120.00,100 גרם,false,,15.90,0.1325,true,1,28011
7290000364285,false,דקניקים סלסולי פסטרמה הודו 120 ג' טירת צבי,הנסיך- מפעל לייצור ט,IL,טירת צבי סלסולי פסטר,,120.00,100 גרם,false,,15.90,0.1325,true,1,28012
7290000364810,false,נקנקיות עגל טירת צבי 500 ג',הנסיך- מפעל לייצור ט,IL,נקנקיות עגל 500 גרם,,500.00,100 גרם,false,,33.10,0.0662,true,1,28017
7290000364858,false,"נקניקיות עוף טרי 1 ק""ג טירת צבי",הנסיך- מפעל לייצור ט,IL,נקניקיות עוף טרי 1 ק,קילוגרמים,1.00,"ק""ג",false,,29.90,29.9000,true,1,28018
7290000364872,false,נקניקיות עוף טירת צבי 400 ג',טיב טירת צבי 2000,IL,נקניקיות עוף 400 גרם,,400.00,100 גרם,false,,13.90,0.0348,true,1,28019
7290000367590,false,צמד כפרי סלמי+פסטרמה 800 גרם טירת צבי,טיב טירת צבי 2000,IL,צמד כפרי נק.סלמי+פסט,,800.00,100 גרם,false,,29.90,0.0374,true,1,28022
7290000377612,false,"מיץ סחוט תפוזים פריגת 400 מ""ל",גת גבעת חיים,IL,פריגת סחוט תפוזים 40,,400.00,"100 מ""ל",false,,10.90,0.0273,true,1,8372
7290000379104,false,לחם אנג'ל אחיד פרוס 750ג',מאפיית אנג'ל אורנים,IL,לחם אחיד פרוס 750 גר,,750.00,100 גרם,false,,7.11,0.0095,true,1,69790
7290000382227,false,שקיות גופיה מגה בעיר,,,שקיות גופיה מגה בעיר,יחידה,0.00,יחידה,false,,0.10,0.0000,true,1,6
7290000408316,false,דנונה ביו יוגורט טבעי 3% 200 ג',מיוצר עי קונדיטוריית,IL,דנונה טבעי 3% 200מל,,200.00,"100 ק""ג",false,,3.90,0.0195,true,1,26037
7290000408354,false,יוגורט עם אורז מצופה שוקולד קקאו 175 ג' דנונה,"שטראוס בריאות בע""מ",IL,דנונה קראנצ' פצפוצים,,175.00,"100 מ""ל",false,,4.90,0.0280,true,1,26038
7290000416021,false,ממרח שוקולד השחר חלבי 500 גר',השחר העולה,IL,ממרח שוקולד השחר 500,,500.00,100 גרם,false,,15.90,0.0318,true,1,32315
7290000416045,false,ממרח שוקולד השחר דלי,השחר העולה,IL,ממרח שוקולד השחר 1 ק,קילוגרמים,1.00,"ק""ג",false,,27.90,27.9000,true,1,32317
7290000416618,false,"ממרח שוקולד השחר פרווה בד""צ 400 גר'",השחר העולה בעמ,IL,ממרח שוקולד פרווה הש,,400.00,100 גרם,false,,13.90,0.0348,true,1,32327
7290000419107,false,לנדוור מקורי - קפה טחון טורקי 100 גרם,קפה לנדוור בע''מ,IL,לנדוור מקורי קפה טחו,,100.00,100 גרם,false,,9.90,0.0990,true,1,22561
7290000419220,false,לנדוור כחול המקורי קפה טחון טורקי 3*100 גרם 16 יח',קפה לנדוור,IL,לנדוור כחול המקורי ק,,300.00,100 גרם,false,,19.90,0.0663,true,1,22563
7290000419909,false,לנדוור לבוקר - קפה טחון טורקי 100 גרם,מולינו ניקולי s.p.a,IL,לנדוור לבוקר קפה טחו,,100.00,100 גרם,false,,9.90,0.0990,true,1,22566
7290000420325,false,פופ קורן טבעי למיקרוגל 5 יח',קריות זול,US,פופסטאר פופקורן טבעי,,500.00,100 גרם,false,,17.50,0.0350,true,1,7658
7290000420332,false,פופ קורן חמאה למיקרוגל 5יח',קריות זול,US,פופסטאר פופקורן חמאה,,500.00,100 גרם,false,,17.50,0.0350,true,1,7659
7290000420417,false,גלילונית שקיות אשפה 50*70 - 60 יח',"איטיליאן פוד, אס.פי.",TH,גלילונית שקיות אשפה,יחידה,0.00,יחידה,false,,23.90,0.0000,true,1,7660
7290000453019,false,שמרים טריים לאפייה שקית שמרית 50 ג',"פאקא תעשיות בע""מ",IL,שמרית שמרים טריים לא,,50.00,100 גרם,false,,4.90,0.0980,true,1,26039
7290000453125,false,שמרית שמרים טריים לאפייה +משפר אפייה 100ג,"פאקא תעשיות בע""מ",IL,שמרית שמרים טריים לא,,100.00,100 גרם,false,,8.50,0.0850,true,1,26040
7290000453798,false,שמרים יבשים אקטיביים שימרית 500 ג',"גי' בי' רכיבים בע""מ",,שמרים יבשים אקטיביים,,500.00,100 גרם,false,,13.90,0.0278,true,1,25337
7290000453866,false,נטורינה קוקוס לאפייה שמרית 200ג',גרונבאנג- גרונדנסק א,DK,נטורינה קוקוס שטראוס,,200.00,100 גרם,false,,8.50,0.0425,true,1,106555
7290000453897,false,מרגרינה בטעם חמאה שימרית 200 ג',גרונבאנג- גרונדנסק א,IL,מרגרינה בטעם חמאה 20,,200.00,100 גרם,false,,5.50,0.0275,true,1,26042
7290000461700,false,בייגלה שמיניות גדולו,בייגל את בייגל מזון,IL,ביגלה שמיניות גדולות,,400.00,100 גרם,false,,15.90,0.0398,true,1,119178
7290000461793,false,בייגלה ארוך ארוך סידרה ירוקה 200גר,בייגל את בייגל מזון,IL,ביגלה ארוך ארוך דל ש,,150.00,100 גרם,false,,6.90,0.0460,true,1,119181
7290000462141,false,סחוג אדום חריף מאוד (מכסה אדום) 150 גרם,קריניסה ויטמין אס אי,IL,סחוג אדום חריף מאוד,,150.00,100 גרם,false,,8.90,0.0593,true,1,26044
7290000474076,false,חלב 3% טרה 1ל' קרטון מהדרין,קריות זול,IL,טרה חלב בקרטון 3% 1,ליטרים,1.00,ליטר,false,,6.23,6.2300,true,1,8379
7290000474502,false,גבינה לבנה 5% 250ג' טרה מהדרין,קריות זול,IL,טרה גבינה לבנה 5% 25,,250.00,100 גרם,false,,4.98,0.0199,true,1,8389
7290000474540,false,גבינה טוב טעם 3% טרה 250ג' מהדרין,קריות זול,IL,טוב טעם גבינה 3% 250,,250.00,100 גרם,false,,11.70,0.0468,true,1,8390
7290000474830,false,גבינה צהובה מגורדת 28% שומן 500 ג' נעם,מילקו תעשיות בעמ,IL,נעם גבינה צהובה מגור,,500.00,100 גרם,false,,33.60,0.0672,true,1,8391
7290000480107,false,קוואקר שיבולת שועל פחית 500 גר',וולקרס סנקס לימיטד,GB,"קוואקר מהיר אטוס לל""",,500.00,100 גרם,false,,15.90,0.0318,true,1,26619
7290000480442,false,קוואקר שיבולת שועל שקית 500 גר',פריטו ליי FRITO-LAY,IL,שיבולת שועל בשקית קו,,500.00,100 גרם,false,,14.90,0.0298,true,1,26620
7290000481074,false,לחם משלושה קמחים מלאים 750 גר,,,לחם טריו מלא דגנית 7,,750.00,100 גרם,false,,21.90,0.0292,true,1,454093
7290000481883,false,דגנית עין בר מארז לחמניות 10 יח'*75 ג',יוניליוור גרמניה Gm,IL,10 לחמניות דגנית,,750.00,100 גרם,false,,14.90,0.0199,true,1,6353
7290000484747,false,עראק עלית 700 מל 40% כהל,יקב הגליל שווק בעמ,IL,"עלית הארק 40% 700 מ""",,700.00,"100 מ""ל",false,,60.90,0.0870,true,1,32405
7290000490311,false,קרמבו מנבו וניל 144 ג',,,מנבו וניל 6 יחידות,,144.00,100 גרם,false,,12.90,0.0896,true,1,40926
7290000493183,false,אבקת רוטב פיטריות 30 ג' אסם,"אסם השקעות בע""מ",IL,אסם אבקת רוטב פטריות,,30.00,100 גרם,false,,4.00,0.1333,true,1,22597
7290000496360,false,פילה בקלה דרום אפרי,,,פילה בקלה דרום אפרי,קילוגרמים,1.00,"ק""ג",true,,43.90,43.9000,true,1,346875
7290000496780,false,פילה אמנון 5-7 80% ק,,,פילה אמנון 5-7 80% ק,קילוגרמים,1.00,"ק""ג",true,,34.90,34.9000,true,1,498767
7290000504049,false,סוכרזית קנקן 1200 טבליות,אף.סי תבליני בגליל ב,IL,סוכרזית קנקן 1200 טב,,984.00,100 גרם,false,,21.90,0.0223,true,1,25344
7290000504278,false,סוכרזית - קלאסי פטנט 700 טבליות,אף.סי תבליני בגליל ב,IL,סוכרזית פטנט 700 טבל,,574.00,100 גרם,false,,16.90,0.0294,true,1,25347
7290000518220,false,סוכרה דיאט ממתיק 100 שקיות,פתח תקווה,IL,סוכרה דיאט 100 יח,,80.00,100 גרם,false,,30.90,0.3862,true,1,81763
7290000521008,false,"יין אדום יבש סגל 750 מ""ל",כרמי צבי - אחים סגל,IL,אדום יבש סגל.,,750.00,"100 מ""ל",false,,22.90,0.0305,true,1,11513
7290000521022,false,יין של סגל לבן חצי י,"מיוצר ע""י כרמי צבי-",IL,סגל לבן חצי יבש 750,,750.00,"100 מ""ל",false,,22.90,0.0305,true,1,11515
7290000521428,false,יין מרום גליל שרדונה,כרמי צבי-אחים סגל בע,IL,מרום גליל סינגל שרד,,750.00,"100 מ""ל",false,,42.90,0.0572,true,1,11526
7290000523125,false,מלח הארץ הים האדום 250 ג' עדין,חברת מלח הארץ אילת ב,IL,מלח ים יבש הארץ 250,,250.00,100 גרם,false,,6.90,0.0276,true,1,27355
7290000523224,false,מלח הארץ הים האדום 500 ג' עדין,חברת מלח הארץ אילת ב,IL,מלח ים יבש הארץ 500,,500.00,100 גרם,false,,8.90,0.0178,true,1,27356
7290000525969,false,פרימור סחוט תפוזים טבעי 1ל',"גניר (1992) בע""מ",IL,פרימור מיץ תפוזים 1ל,ליטרים,1.00,ליטר,false,,17.20,17.2000,true,1,26050
7290000530116,false,נקניק סלמי מעושן בשן 470 ג' זוגלובק,נקניק נהריה כשר זוגל,IL,סלמי מעושן בשן זוגלו,,470.00,100 גרם,false,,27.90,0.0594,true,1,43960
7290000530468,false,נקניקיות וינר זוגלוב,,,נקניקיות וינר טרי 1ק,קילוגרמים,1.00,"ק""ג",false,,32.90,32.9000,true,1,43964
7290000530598,false,נקניקיות וינר 500 ג' טרי זוגלובק,נקניק נהריה כשר זוגל,IL,נקניקיות וינר טרי זו,,500.00,100 גרם,false,,16.90,0.0338,true,1,43967
7290000530703,false,זוג במארז חרמון הודו + סלמי תה זוגלובק 800 גר',נקניק נהריה כשר זוגל,IL,זוג תה 400 + חרמון 4,,800.00,100 גרם,false,,34.90,0.0436,true,1,43969
7290000533353,false,"בצק עלים צרפתי 1 ק""ג זוגלובק",מאפיית אריאל וגידרון,IL,זוגלובק בצק עלים 1קג,קילוגרמים,1.00,"ק""ג",false,,16.90,16.9000,true,1,121433
7290000537566,false,נקניקיות עוף טרי 400 ג' זוגלובק,נקניק נהריה כשר זוגל,IL,נקניקיות עוף טרי 400,,400.00,100 גרם,false,,13.90,0.0348,true,1,43993
7290000537603,false,נקניקיות עוף זוגלובק,זוגלובק,IL,"נקנקיות עוף 1 ק""ג -ז",קילוגרמים,1.00,"ק""ג",false,,32.90,32.9000,true,1,43994
7290000552569,false,סטייק בורגר נטו 400 גרם,"טיבון ויל אחזקות בע""",IL,סטייק בורגר 400 ג'-ט,,400.00,100 גרם,false,,23.90,0.0597,true,1,19613
7290000552927,false,טחון עוף 500 גרם,"טיבון ויל אחזקות בע""",IL,טחון עוף 500 גרם,,500.00,100 גרם,false,,16.50,0.0330,true,1,19616
7290000552989,false,בשר טחון מובחר טיבון 500 ג',"טיבון ויל אחזקות בע""",IL,בשר עגל טחון קפוא 50,,500.00,100 גרם,false,,22.90,0.0458,true,1,19618
7290000554402,false,מלבי 160גר מחלבות גד,"מיוצר ע""י קוד יצרן E",IL,"גד מלבי 160 מ""ל",,160.00,"100 מ""ל",false,,7.00,0.0438,true,1,16744
7290000554532,false,גבינה צפתית מעודנת במלח ים 5% 200 ג' גד,הנסיך- מפעל לייצור ט,IL,גד צפתית מעודנת במלח,,200.00,100 גרם,false,,16.90,0.0845,true,1,16747
7290000554624,false,ירח מתוק 3% 150 גרם רובין,"מיוצר ע""י קוד יצרן E",IL,גד ירח מתוק 150מל,,150.00,100 גרם,false,,7.00,0.0467,true,1,16749
7290000554686,false,לאבנה שמן זית וזעתר 5% 250 גרם - רבנות,מחלבות גד בעמ,IL,גד לאבנה בשמן זית וז,,250.00,100 גרם,false,,17.20,0.0688,true,1,16750
7290000554822,false,גבינת ריקוטה טבעי 5% שומן 250 ג' גד,מחלבות גד בעמ,IL,גד ריקוטה טבעי 5% 25,,250.00,100 גרם,false,,16.40,0.0656,true,1,16751
7290000554839,false,שמנת מתוקה קשה בסגנון איטלקי 40% שומן 250 ג' גד,מחלבות גד בעמ,IL,גד מסקרפונה 40% 250ג,,250.00,100 גרם,false,,23.40,0.0936,true,1,16752
7290000560533,false,אדג' ג'ל ירוק לעור רגיל 198גרם,אס.סי ג'ונסון ובניו,US,ג'ל גילוח ירוק לעור,,200.00,"100 מ""ל",false,,17.90,0.0895,true,1,7666
7290000574028,false,לחם שחור מועשר פלוס 750 גר'.,יוניליוור גרמניה Gm,IL,לחם אחיד פרוס מועשר,,750.00,100 גרם,false,,8.90,0.0119,true,1,198529
7290000574035,false,לחם אחיד פרוס 750ג' דגנית עין בר,יוניליוור גרמניה Gm,IL,לחם אחיד פרוס דגנית,,750.00,100 גרם,false,,7.11,0.0095,true,1,6359
7290000574141,false,לחם חיטה מלא 750ג' דגנית עין בר,דגנית עין בר תעשיות,IL,לחם חיטה מלאה דגנית,,750.00,100 גרם,false,,15.90,0.0212,true,1,6366
7290000574172,false,לחם קל מחיטה מלאה 750 ג' דגנית עין בר,יוניליוור גרמניה Gm,IL,לחם קל חיטה מלאה דגנ,,750.00,100 גרם,false,,15.90,0.0212,true,1,6368
7290000604343,false,תמר דקל נור 400 גר,פרי וירק טמרה ושותפי,,תמר דקל נור 400גר,,400.00,100 גרם,false,,12.90,0.0323,true,1,2670
7290000611839,false,שוקיים פטם ארוז ע.עוז,,,שוקיים עוף טרי ארוז,קילוגרמים,1.00,"ק""ג",true,,34.90,34.9000,true,1,42809
7290000611846,false,כרעיים עוף טרי ארוז ע.עוז,,,כרעיים עוף טרי ארוז.,קילוגרמים,1.00,"ק""ג",true,,29.90,29.9000,true,1,42810
7290000611853,false,כנפיים עוף טרי ארוז ע.עוז,,,כנפיים עוף טרי ארוז,קילוגרמים,1.00,"ק""ג",true,,12.90,12.9000,true,1,42811
7290000611860,false,חזה עוף טרי ארוז ע.עוז,,,חזה עוף שלם טרי ארוז,קילוגרמים,1.00,"ק""ג",true,,34.90,34.9000,true,1,42812
7290000611983,false,שניצל פרוס טרי ארוז ע.עוז,,,חזה עוף פרוס טרי ארו,קילוגרמים,1.00,"ק""ג",true,,38.90,38.9000,true,1,42818
7290000614580,false,בשר לחמין חלק ארוז,,,בשר לחמין חלק ארוז,קילוגרמים,1.00,"ק""ג",true,,34.90,34.9000,true,1,381688
7290000646299,false,פילה נסיכת הנילוס קפ,דגי תנובה,ZA,פילה נסיכה 100% דגי,קילוגרמים,1.00,"ק""ג",true,,69.90,69.9000,true,1,318148
7290000652177,false,נתחי פילה נסיכת הנילוס 100%,,,נתחי פילה נסיכה 100%,קילוגרמים,1.00,"ק""ג",true,,69.90,69.9000,true,1,254368
7290000652894,false,תנובה סטייק טונה קפוא ארוז,,,סטייק דג טונה 100% ד,קילוגרמים,1.00,"ק""ג",true,,44.90,44.9000,true,1,254369
7290000654546,false,פילה אמנון 7-9 100% דג,תנובה,IL,פילה אמנון 7-9 100%,קילוגרמים,1.00,"ק""ג",true,,39.90,39.9000,true,1,254340
7290000655376,false,פילה דניס קפוא 100%,,TR,פילה דניס קפוא,קילוגרמים,1.00,"ק""ג",true,,89.90,89.9000,true,1,63882
7290000659312,false,דגי תנובה פילה סלומון קפוא בוואקום,PEQUERA DEL,,דגי תנובה פילה סלמון,קילוגרמים,1.00,"ק""ג",true,,79.90,79.9000,true,1,29282
7290000662817,false,סלמון מעושן 100 גרם נורבגי,,צ'ילה (TDE),סלמון מעושן פרוס 100,,100.00,100 גרם,false,,21.90,0.2190,true,1,293988
7290000663036,false,פילה אמנון ללא עור 100% דג,תנובה,IL,פילה אמנון ללא עור 1,קילוגרמים,1.00,"ק""ג",true,,44.90,44.9000,true,1,318149
7290000688084,false,מים מינרליים פקק ספו,מופק ממקור בזלתי עדן,IL,מי עדן 1/2 ליטר ספור,,500.00,"100 מ""ל",false,,3.50,0.0070,true,1,13504
7290000688114,false,מים מינרלים מי עדן 1.5 ליטר,מופק ממקור בזלתי עדן,IL,מי עדן 1.5 ליטר,ליטרים,1.50,ליטר,false,,3.60,2.4000,true,1,13505
7290000688381,false,מי עדן פקק ספורט 6*500 מל.,"מי עדן בע""מ",IL,מי עדן פקק ספורט 6*5,ליטרים,3.00,ליטר,false,,15.90,5.3000,true,1,13508
7290000688732,false,מי עדן אריזת 1.5X6ליטר,,,מי עדן 6*1.5 ליטר,ליטרים,9.00,ליטר,false,,13.10,1.4556,true,1,13511
7290000692227,false,נוזל כלים פלמוליב צילינדר קלאסי 1 ליטר,יבואן ומשווק: ש. שסט,GR,פלמוליב לכלים קלאסי-,יחידה,0.00,יחידה,false,,14.90,0.0000,true,1,24718
7290000803180,false,מרידול מי פהשטיפה דנטלית 400 מל,קולגייט פלמוליב,CH,מי פה דנטלית מרידול,,400.00,"100 מ""ל",false,,32.90,0.0822,true,1,24726
7290000910291,false,פלפל צ`ילי,,,פלפל צ`ילי,,100.00,100 גרם,false,,7.90,0.0790,true,1,2677
7290000993294,false,עגבניות שרי לובלו 46,,,עגבניות שרי לובלו 46,,460.00,100 גרם,false,,12.90,0.0280,true,1,450528
7290001041130,false,ממרח תמרים מיה 450 גר',,,ממרח תמרים מיה 450 ג,,450.00,100 גרם,false,,7.80,0.0173,true,1,53867
7290001041192,false,"עדשים אדומים יבשים מיה 1 ק""ג",מיה,IL,עדשים אדומות 1 ק'ג,קילוגרמים,1.00,"ק""ג",false,,13.90,13.9000,true,1,53873
7290001041260,false,שומשום מיה 400 גרם,מיה תעשיות מזון בעמ,IL,שומשום מיה 400 גרם,,400.00,100 גרם,false,,13.90,0.0348,true,1,16949
7290001041840,false,"שקדים טחונים 250ג' מיה בד""ץ כשל""פ",מיה תעשיות מזון,IL,שקדים טחונים 250 גרם,,250.00,100 גרם,false,,19.90,0.0796,true,1,16962
7290001123775,false,שווארמה פרגיות 500 ג',"טיבול ויל אחזקות בע""",IL,שווארמה פרגיות 500 ג,,500.00,100 גרם,false,,26.90,0.0538,true,1,19624
7290001136287,false,"נקה 7 - שמפו רגיל ירוק 750 מ""ל","קוסמופארם בעמ, ח.פ 5",IL,שמפו רגיל ירוק נקה 7,,750.00,"100 מ""ל",false,,12.90,0.0172,true,1,33164
7290001136362,false,נקה 7 תחליב רחצה אלוורה ארומה ירוק 1 ל',מיוצר בסין.יבוא ושיו,IL,תחליב רחצה אלוורה ות,יחידה,0.00,יחידה,false,,16.90,0.0000,true,1,33167
7290001201589,false,ביצים 12 יח גדול לסר,לסר,IL,12 ביצים L מ.לסר,יחידה,0.00,יחידה,false,,12.05,0.0000,true,1,15935
7290001201596,false,ביצים 12 יח בינוני ל,לסר,IL,12 ביצים M מ.לסר,יחידה,0.00,יחידה,false,,11.15,0.0000,true,1,15936
7290001201862,false,ביצים לארג' חופש 12 יח',לסר,IL,12 ביצים חופש L מ. ל,יחידה,0.00,יחידה,false,,19.90,0.0000,true,1,15945
7290001201893,false,12 ביצים M אומגה 3,,,12 ביצים M אומגה 3,יחידה,0.00,יחידה,false,,17.90,0.0000,true,1,97075
7290001216040,false,טחינת אל ארז 500 גרם,דולפין ספא,IL,טחינה אל ארז 100% שו,,500.00,100 גרם,false,,18.90,0.0378,true,1,39450
7290001230331,false,סיגריות כאמל בוקס חפ,Unknown,,כאמל בוקס קופסא בודד,יחידה,0.00,יחידה,false,,33.00,0.0000,false,1,5913
7290001231932,false,סיגריות וינסטון כחול,Unknown,,וינסטון קופסא בודדת,יחידה,0.00,יחידה,false,,34.00,0.0000,false,1,5918
7290001246054,false,פותח סתימות 1 ליטר טאצ,סאסאטק,IL,פותח סתימות 1 ליטר ט,ליטרים,1.00,ליטר,false,,14.90,14.9000,true,1,153843
7290001246061,false,מרכך מרוכז פרפיום פנטזי טאצ 1ל',סאסאטק,IL,מרכך פרימיום פנטזי 1,ליטרים,1.00,ליטר,false,,13.90,13.9000,true,1,153844
7290001246528,false,מרכך כביסה מרוכז פרפיום מיסטרי טאצ' 1 ל',סאסאטק,IL,מרכך כביסה מרוכז פרפ,ליטרים,1.00,ליטר,false,,13.90,13.9000,true,1,200106
7290001247068,false,נקטר ספרינג תות בננה קרטונית 1 ל',"יפאורה תבורי בע""מ",IL,ספרינג תות בננה קרטו,ליטרים,1.00,ליטר,false,,7.90,7.9000,true,1,13513
7290001247082,false,נקטר ספרינג עגבניות קרטונית 1 ל',"יפאורה תבורי בע""מ",IL,ספרינג עגבניות קרטונ,ליטרים,1.00,ליטר,false,,7.90,7.9000,true,1,13515
7290001247099,false,נקטר ספרינג מנגו קרטונית 1 ל',"יפאורה תבורי בע""מ",IL,ספרינג מנגו קרטונית,ליטרים,1.00,ליטר,false,,7.90,7.9000,true,1,13516
7290001247105,false,נקטר ספרינג אפרסק קרטונית 1 ל',"יפאורה תבורי בע""מ",IL,ספרינג נקטר אפרסק 1ל,ליטרים,1.00,ליטר,false,,7.90,7.9000,true,1,13517
7290001247112,false,נקטר ספרינג לימונענע קרטונית 1 ל',"יפאורה תבורי בע""מ",IL,ספרינג לימונענע קרטו,ליטרים,1.00,ליטר,false,,7.90,7.9000,true,1,13518
7290001247129,false,נקטר ספרינג תפוזים קרטונית 1 ל',"יפאורה תבורי בע""מ",IL,ספרינג תפוז קרטונית,ליטרים,1.00,ליטר,false,,7.90,7.9000,true,1,13519
7290001247143,false,נקטר ספרינג תפוחים קרטונית 1 ל',"יפאורה תבורי בע""מ",IL,ספרינג תפוח קרטונית,ליטרים,1.00,ליטר,false,,7.90,7.9000,true,1,13521
7290001274934,false,פופסיקל גלידה לימון 640 ג',הגלידות של פלדמן,IL,פופסיקל בטעם לימון 8,,640.00,100 גרם,false,,29.90,0.0467,true,1,40931
7290001305188,false,פלמוליב כלים שקוף לימון 750 בקבוק חדש,יבואן ומשווק: ש. שסט,GR,פלמוליב לכלים פריחת,,750.00,"100 מ""ל",false,,12.90,0.0172,true,1,24730
7290001407547,false,טחינה גולמית משומשום מלא פי 6 בארכה 500ג',רושדי תעשיות מזון בע,IL,בארכה טחינה שומשום מ,,500.00,100 גרם,false,,19.20,0.0384,true,1,22608
7290001407769,false,טחינה גולמית שומשום מלא בארכה 500ג',רושדי תעשיות מזון בע,IL,בארכה טחינה עם שומשו,,500.00,100 גרם,false,,19.20,0.0384,true,1,22611
7290001427033,false,מיץ תפוחים סחוט טבעי,"פריניב בע""מ",IL,קשת מיץ תפוחים טבעי,ליטרים,1.00,ליטר,false,,17.90,17.9000,true,1,50731
7290001459935,false,אפונה בלאדי 800 גר',,,אפונה בלדי 800 גרם,,800.00,100 גרם,false,,12.90,0.0161,true,1,477901
7290001485019,false,גבינת שמנת 5% טעם טבעי 200 ג' טרה,קריות זול,IL,טרה גבינת שמנת טבעי,,200.00,100 גרם,false,,11.90,0.0595,true,1,8404
7290001491096,false,תה ירוק בתוספת לימונית ולואיזה 50 שקיקים ויסוצקי,קריות זול,IL,תה ירוק בתוספת לימונ,,75.00,100 גרם,false,,49.50,0.6600,true,1,27363
7290001591710,false,המבורגר אנגוס 600 ג' טיבון ויל,,,המבורגר אנגוס טיבון,,600.00,100 גרם,false,,24.90,0.0415,true,1,412630
7290001594032,false,קוקה קולה דיאט קלאסי,החברה המרכזית לייצור,IL,קוקה קולה דיאט קלאסי,,350.00,"100 מ""ל",false,,7.50,0.0214,true,1,8878
7290001594179,false,פאנטה אורנג בקבוק 50,החברה המרכזית לייצור,IL,פאנטה אורנג' 500 בקב,,500.00,"100 מ""ל",false,,7.90,0.0158,true,1,8416
7290001594377,false,פריגת משקה תפוזים 50,מבשלות בירה בינלאומי,IL,פריגת משקה תפוזים 50,,500.00,"100 מ""ל",false,,7.90,0.0158,true,1,8890
7290001594858,false,"בירה טובורג בקבוק 330X6מ""ל",קרלסברג ישראל,IL,טובורג רד בקבוק פקדו,ליטרים,1.98,ליטר,false,,44.90,22.6768,true,1,8902
7290001791349,false,אקונומיקה פסגה ריחנית 4ליטר,"סנו מפעלי ברונוס בע""",IL,אקונומיקה ריחנית פסג,ליטרים,4.00,ליטר,false,,12.90,3.2250,true,1,33236
7290001817377,false,צ'יטוס חטיף איקס עיגול פיצה 60 גרם,"שטראוס פריטו ליי בע""",IL,ציטוס איקס עיגול 60ג,,60.00,100 גרם,false,,3.90,0.0650,true,1,26622
7290001817728,false,צ'יטוס חטיף כאפה קטשופ 55 גרם,"שטראוס פריטו ליי בע""",IL,ציטוס כאפה 55 גרם,,55.00,100 גרם,false,,3.90,0.0709,true,1,26624
7290001873458,false,סטייק בורגר בלאק אנג,מולינו ניקולי s.p.a,IL,סטייק בורגר בלאק אנג,,320.00,100 גרם,false,,24.90,0.0778,true,1,219409
7290001990094,false,"סוכר חום כהה צנצנת קלאסי סוגת 1ק""ג",האי נאם סי או אל.טי.,IL,סוכר חום בצנצנת קלאס,קילוגרמים,1.00,"ק""ג",false,,16.90,16.9000,true,1,20673
7290001990278,false,"שעועית לבנה סוגת 1 ק""ג",סוגת,,סוגת שעועית לבנה 1 ק,קילוגרמים,1.00,"ק""ג",false,,19.90,19.9000,true,1,20677
7290001990407,false,"עדשים ירוקים 1 ק""ג סוגת",סוגת,,עדשים ירוקים 1 קג,קילוגרמים,1.00,"ק""ג",false,,16.90,16.9000,true,1,20680
7290002008224,false,סוכריות לקישוט צבעונית הנמל 100 ג',ממתקי עלה בעמ,IL,קישוט לעוגה גליד.,,60.00,100 גרם,false,,6.90,0.1150,true,1,9679
7290002008989,false,קישקשים קשים לשתיה 225יח הנמל,הנמל אריזות ושיווק ב,CN,קישקשים 225 יח,יחידה,0.00,יחידה,false,,10.90,0.0000,true,1,9702
7290002043782,false,ציפס אורז חום מלא טקסס ברביקיו אקסטרא 60 ג',נוהלס,BG,צ'יפס טקסס ברבקיו אק,,60.00,100 גרם,false,,9.40,0.1567,true,1,261524
7290002057185,false,טבעות זיתים ירוקים 560 ג' יבנה,קריות זול,IL,טבעות זיתים ירוקים ק,,540.00,100 גרם,false,,9.90,0.0183,true,1,56108
7290002057352,false,מלפפון במלח 7-9 560 ג' יבנה,אף.סי תבליני בגליל ב,IL,מלפפונים במלח 7-9 ק,,560.00,100 גרם,false,,7.90,0.0141,true,1,56113
7290002057369,false,מלפפון במלח ‏12‏-‏10‏ 560 ג' יבנה,קבוצת יבנה,IL,מלפפון במלח 10-12 קב,,560.00,100 גרם,false,,8.90,0.0159,true,1,56114
7290002057376,false,מלפפון במלח ‏17‏-‏13‏ 560 ג' יבנה,קבוצת יבנה,IL,מלפפון במלח 13-17 קב,,560.00,100 גרם,false,,10.90,0.0195,true,1,56115
7290002057383,false,מלפפון במלח ‏25‏-‏18‏ 560 ג' יבנה,קריות זול,IL,מלפפון 18-25במלח קבו,,560.00,100 גרם,false,,13.90,0.0248,true,1,56116
7290002057451,false,מלפפון בחומץ ‏9‏-‏7‏ %‏20‏ 560 ג' יבנה,אף.סי תבליני בגליל ב,IL,מלפפון בחומץ 7-9 קבו,,560.00,100 גרם,false,,7.90,0.0141,true,1,56118
7290002065555,false,לחמניה אנג'ל ארוכה שקית 6יח,מאפיית שלמה א. אנג'ל,IL,6 לחמניות רכות אנגל,,450.00,100 גרם,false,,11.90,0.0264,true,1,69844
7290002065616,false,לחם שיפון גרעינים 750 ג' אנג'ל,מאפיית שלמה א. אנג'ל,IL,שיפון גרעינים אנגל 7,,750.00,100 גרם,false,,14.90,0.0199,true,1,69845
7290002065623,false,לחם שיפון כפרי 750 ג' אנג'ל,מאפיית שלמה א. אנג'ל,IL,לחם שיפון כפרי אנגל,,750.00,100 גרם,false,,14.90,0.0199,true,1,115172
7290002079033,false,לחם דגנים לייט פרוס 500 ג',מאפיית דוידוביץ ובני,IL,לחם דגנים לייט ללא ת,,500.00,100 גרם,false,,16.90,0.0338,true,1,503343
7290002079217,false,מחמצת עם אגוזים שיפון 650 ג',מאפיית אחדות חיפה בע,IL,לחם מחמצת שיפון מלא,,650.00,100 גרם,false,,14.90,0.0229,true,1,503391
7290002079354,false,פרורים מוזהבים שקית,,,פרורים מוזהבים שקית,,200.00,100 גרם,false,,5.90,0.0295,true,1,507197
7290002079927,false,לחם דגנים מלא דוידוב,מאפיית אחדות חיפה(93,IL,לחם דגנים מלא דוידוב,,750.00,100 גרם,false,,15.90,0.0212,true,1,503550
7290002079996,false,לחם אחיד קל פרוס 750 גרם,הנסיך- מפעל לייצור ט,IL,לחם אחיד קל מאפיית ד,,750.00,100 גרם,false,,16.90,0.0225,true,1,504104
7290002107798,false,גבינה בולגרית מעודנת 5% צוריאל 250ג',מחלבת משק צוריאל,IL,צוריאל בולגרית מעודנ,,250.00,100 גרם,false,,22.90,0.0916,true,1,8430
7290002107965,false,טבורוג גבינה לאפייה 5% צוריאל 500 ג',מחלבת משק צוריאל,IL,צוריאל טבורוג גבינה,,500.00,100 גרם,false,,26.70,0.0534,true,1,8431
7290002111085,false,רסק עגבניות 22% 100 גר' פרי מבורך,זנלכל,IL,רוטב עגבניות 22% פרי,,100.00,100 גרם,false,,2.50,0.0250,true,1,10708
7290002111139,false,"רסק תפו""ע לל""ס A2 פרי מבורך 550 גר'",זנלכל,IL,"רסק תפו""ע דיאט פרי מ",,560.00,100 גרם,false,,10.90,0.0195,true,1,10710
7290002111337,false,רסק עגבניות 22% 260 גר' פרי מבורך,זנלכל,IL,רוטב עגבניות 22% פרי,,240.00,100 גרם,false,,5.50,0.0229,true,1,115069
7290002111634,false,חומוס פרי מבורך 550 גר A2,זנלכל,IL,חומוס שלם פרי מבורך,,550.00,100 גרם,false,,9.90,0.0180,true,1,10717
7290002111764,false,שעועית לבנה אפויה פרי מבורך 600 ג',זנלכל,IL,שעועית לבנה ברוטב עג,,580.00,100 גרם,false,,9.90,0.0171,true,1,10721
7290002111818,false,גרעיני תירס מתוק ואקום פרי מבורך 400ג',זנלכל,IL,גרעיני תירס מתוק פרי,,246.00,100 גרם,false,,6.90,0.0280,true,1,10722
7290002129455,false,פיצה איטלקית XL שלוש,,,פיצה איטלקית 450 ג,,450.00,100 גרם,false,,21.90,0.0487,true,1,119698
7290002130567,false,דבש טהור מפרחי בר בזכוכית 350 גרם,מכוורת יד מרדכי שטרא,IL,דבש טהור מפרחי בר בצ,,350.00,100 גרם,false,,21.90,0.0626,true,1,25360
7290002130581,false,דבש טהור מפרחי בר בצ,קריות זול,IL,דבש טהור מפרחי בר בצ,קילוגרמים,1.00,"ק""ג",false,,46.90,46.9000,true,1,25362
7290002232995,false,פירורי לחם דגש ציפוי,פ.פ.ח. שאביט,IL,דגש ציפוי פז 500 גרם,,500.00,100 גרם,false,,32.90,0.0658,true,1,271880
7290002253006,false,דורות שום כתוש טרי 200 גרם,עיצובים 2020 (3.8),IL,דורות שום כתוש טרי 2,,200.00,100 גרם,false,,17.90,0.0895,true,1,23386
7290002253105,false,מגשית קוביות שום טרי דורות 80 ג',עיצובים 2020 (3.8),IL,דורות מגשית קוביות ש,,80.00,100 גרם,false,,14.90,0.1863,true,1,23389
7290002253150,false,בזיליקום טרי קצוץ דורות 70 ג',עיצובים 2020 (3.8),IL,בזיליקום טרי קצוץ 70,,70.00,100 גרם,false,,11.90,0.1700,true,1,23390
7290002253167,false,פטרוזליה קצוצה דורות 70 גר',עיצובים 2020 (3.8),IL,פטרוזליה טרייה קצוצה,,70.00,100 גרם,false,,11.90,0.1700,true,1,23391
7290002259664,false,רדיד אלומיניום דיימונד גדול 60X0.60מ',ריינולדס מוצרי צריכה,US,רדיד אלומניום 30*60.,,60.90,מטר,false,,59.90,0.9836,true,1,5708
7290002317166,false,מלפפון 560ג בחומץ 10-12 A2 מטולה,,,מלפפון בחומץ 10-12 מ,,560.00,100 גרם,false,,12.50,0.0223,true,1,26960
7290002317173,false,מלפפון בחומץ 13-17 560ג A2 מטולה,שימורי מוטולה,IL,מלפפון בחומץ 13-17 מ,,560.00,100 גרם,false,,12.50,0.0223,true,1,26961
7290002317265,false,מלפפון 650ג במלח +20% 7-9 A2 מטולה,שימורי מוטולה,IL,מלפפון במלח 20% 7-9,,670.00,100 גרם,false,,11.40,0.0170,true,1,26967
7290002317319,false,מלפפון 650ג בחומץ +20% 7-9 A2 מטולה,שימורי מוטולה,IL,מלפפון בחומץ 7-9 20%,,670.00,100 גרם,false,,11.40,0.0170,true,1,26971
7290002317753,false,טבעות זיתים ירוקים ב,שימורי מוטולה,IL,טבעות זיתים ירוקים ב,,560.00,100 גרם,false,,12.50,0.0223,true,1,26999
7290002319016,false,אבקת אפיה מיה מארז 10X10 ג',מיה תעשיות מזון בעמ,IL,אבקת אפיה 10 יח' מיה,,100.00,100 גרם,false,,2.90,0.0290,true,1,53889
7290002319092,false,קמח תפוחי אדמה מיה 500 גר',מיה תעשיות מזון,IL,קמח תפוחי אדמה מיה 5,,500.00,100 גרם,false,,5.90,0.0118,true,1,16971
7290002319115,false,חומוס גדול יבש מיה 500 גר',מיה תעשיות מזון בעמ,IL,חומוס גדול מיה 500 ג,,500.00,100 גרם,false,,8.90,0.0178,true,1,53896
7290002319221,false,חיטה מיה 500 גרם,מיה,IL,חיטה מיה 500 גרם,,500.00,100 גרם,false,,6.50,0.0130,true,1,53905
7290002319740,false,אגוזים טחונים 100 גר' מיה,מיה תעשיות מזון,IL,אגוז טחון 100 גרם,,100.00,100 גרם,false,,15.80,0.1580,true,1,53929
7290002319771,false,"תמצית אפיה וניל 50מ""ל מיה",מיה תעשיות מזון בעמ,IL,תמצית אפיה וניל,,50.00,"100 מ""ל",false,,2.90,0.0580,true,1,53931
7290002319825,false,אבקת סוכר מיה 100גרם,מיה תעשיות מזון,IL,.אבקת סוכר 100 גר. ב,,100.00,100 גרם,false,,2.90,0.0290,true,1,53933
7290002331025,false,"מים מינרלים נביעות ספורט 500 מ""ל פקדון",נביעות טבע הגליל בעמ,IL,נביעות 1/2 ליטר ספור,,500.00,"100 מ""ל",false,,4.90,0.0098,true,1,8434
7290002331322,false,נביעות שישייה מים 1.,נביעות,IL,מי נביעות שישייה 1.5,ליטרים,9.00,ליטר,false,,11.90,1.3222,true,1,8919
7290002331360,false,"נביעות מים מינרליים טו גו מארז 500X6מ""ל",קריות זול,IL,נביעות TO GO שישייה,ליטרים,3.00,ליטר,false,,18.90,6.3000,true,1,8920
7290002331421,false,"מים אישי נביעות מארז שישייה* 755 מ""ל",קריות זול,IL,נביעות 6*755מל,ליטרים,4.53,ליטר,false,,20.40,4.5033,true,1,8439
7290002345022,false,אנטריקוט דק דק אל גאצ'ו 250ג' מינוט,"טיבון ויל אחזקות בע""",IL,אנטריקוט דקדק 250 ג,,250.00,100 גרם,false,,15.90,0.0636,true,1,110097
7290002348061,false,פטריות שמפניון חתוכות 385 ג' וליגיר,גריניארד פריפרד,NL,פטריות חתוכות שמפניו,,400.00,100 גרם,false,,5.90,0.0148,true,1,19698
7290002360285,false,תה פומפדור חליטת צמחים קמומיל 20 שק,TEEKANNE- POMPADOU,DE,פומפדור חליטת קמומיל,,30.00,100 גרם,false,,17.90,0.5967,true,1,24736
7290002371533,false,דקניקים סלסולי פסטרמה בדבש 120 ג' טירת צבי,הנסיך- מפעל לייצור ט,IL,טירת צבי סלסולי פסטר,,120.00,100 גרם,false,,15.90,0.1325,true,1,28026
7290002371540,false,דקניקים קורנדביף 120 ג' טירת צבי,הנסיך- מפעל לייצור ט,IL,טירת צבי קורנדביף דק,,120.00,100 גרם,false,,15.90,0.1325,true,1,28027
7290002371854,false,"נקניקיות עוף מתובלות 1 ק""ג טירת צבי",הנסיך- מפעל לייצור ט,IL,נקניקיות עוף מתובלות,קילוגרמים,1.00,"ק""ג",false,,30.90,30.9000,true,1,28029
7290002371939,false,סרוולד פסטרמה בסגנון,הנסיך- מפעל לייצור ט,IL,טירת צבי סרוולד צרפת,,120.00,100 גרם,false,,30.90,0.2575,true,1,28030
7290002374268,false,שמן חמניות מילומור 1 ליטר,שמן תעשיות,IL,שמן חמניות מילומור 1,ליטרים,1.00,ליטר,false,,13.90,13.9000,true,1,32784
7290002374640,false,שמן קנולה פלוס אומגה 3 1ל' עץ הזית,שמן תעשיות,IL,שמן קנולה פלוס אומגה,ליטרים,1.00,ליטר,false,,18.90,18.9000,true,1,32787
7290002512066,false,ג'חנון אפוי צנעני 65,,,ג'חנון אפוי צנעני 65,,650.00,100 גרם,false,,22.90,0.0352,true,1,377732
7290002608509,false,לחם מחמצת זיתי קלמנט,,,לחם מחמצת זיתי קלמנט,,530.00,100 גרם,false,,18.90,0.0357,true,1,216660
7290002608516,false,לחם מחמצת מקמח מלא (,פילסברי,,לחם מחמצת מקמח מלא,,530.00,100 גרם,false,,17.90,0.0338,true,1,216661
7290002627210,false,"גפילטעפיש קציצות מדגי קרפיון וכסיף 560 גר' בעל""ז",האי נאם סי או אל.טי.,IL,גפילטע פיש בצנצנת דל,,560.00,100 גרם,false,,13.90,0.0248,true,1,210149
7290002651116,false,"גחנון חמסי 1 ק""ג",מעדני הטלה,,"גחנון חמסי 1 ק""ג",קילוגרמים,1.00,"ק""ג",false,,19.90,19.9000,true,1,67561
7290002651123,false,חמסי מלווח 1 קילו,חמסי,,"מלווח חמסי 1 ק""ג",קילוגרמים,1.00,"ק""ג",false,,19.90,19.9000,true,1,14157
7290002651253,false,ג'חנון אפוי חמסי 60,מעדני הטלה,,ג'חנון אפוי חמסי 60,,600.00,100 גרם,false,,19.90,0.0332,true,1,67562
7290002692393,false,שמן קנולה מועשר עץ ה,שמן תעשיות,IL,שמן קנולה מועשר עץ ה,ליטרים,1.00,ליטר,false,,17.90,17.9000,true,1,32790
7290002692782,false,"תרסיס מופחת קלוריות זית 200 מ""ל עץ הזית",י.ב טכנולוגיות אריזה,IL,תרסיס שמן זית עץ הזי,,200.00,"100 מ""ל",false,,19.90,0.0995,true,1,32801
7290002703068,false,צנצנת דבש עין חרוד 1,עין חרוד,IL,צנצנת דבש עין חרוד 1,קילוגרמים,1.00,"ק""ג",false,,45.90,45.9000,true,1,40521
7290002703310,false,צנצנת דבש עין חרוד 5,,,צנצנת דבש עין חרוד 5,,500.00,100 גרם,false,,23.90,0.0478,true,1,40527
7290002703358,false,צנצנת דבש עין חרוד 3,עין חרוד,IL,צנצנת דבש עין חרוד 3,,350.00,100 גרם,false,,18.90,0.0540,true,1,40528
7290002703426,false,דבש לחיץ מכוורת 250,,,דבש לחיץ מכוורת 250,,250.00,100 גרם,false,,13.90,0.0556,true,1,40530
7290002703679,false,סילאן 100% טבעי עין,,,סילאן 100% טבעי עין,,900.00,100 גרם,false,,21.00,0.0233,true,1,40532
7290002730958,false,פלמוליב סבון מוצק? ירוק זית רביעייה * 100 ג',הנסיך- מפעל לייצור ט,TR,סבון מוצק ירוק זית פ,,400.00,100 גרם,false,,17.90,0.0447,true,1,24752
7290002735007,false,"בצק עלים 1 ק""ג ינון",,,"בצק עלים 1 ק""ג",קילוגרמים,1.00,"ק""ג",false,,14.90,14.9000,true,1,68716
7290002735274,false,ינון גחנון אפוי 600 גר,ג'נרל מילס סאן אדריא,IL,ינון גחנון אפוי 600,,600.00,100 גרם,false,,16.90,0.0282,true,1,120282
7290002750338,false,לחם רוסטיק עגבניות מ,,,לחם עגבניות מיובשות,,530.00,100 גרם,false,,17.90,0.0338,true,1,216663
7290002752332,false,"סוכריות מנטוס פירות בגליל, 37.5 גרם",הדקלאים אגודת שיתופי,NL,מנטוס .סוכריות פירות,,37.50,100 גרם,false,,4.50,0.1200,true,1,15208
7290002752493,false,רביעיה סוכריות מנטה 4* 16 ג' טיק טק,קריות זול,ZA,טיק טק 1/4,,64.00,100 גרם,false,,12.90,0.2016,true,1,50035
7290002757511,false,דלידג קציצות דג לבישול 750 גר קהילות,האי נאם סי או אל.טי.,IL,דלידג קציצות דג לביש,,750.00,100 גרם,false,,35.90,0.0479,true,1,19751
7290002757672,false,המבורגר מזרחי טיבון ויל 400ג',טיבון ויל,,המבורגר 400גרם נטו,,400.00,100 גרם,false,,13.90,0.0348,true,1,19756
7290002814160,false,מסיר שומנים קר סנט מ,,,מסיר שומנים קר סנט מ,יחידה,0.00,יחידה,false,,19.90,0.0000,true,1,136732
7290002824183,false,גבינה לבנה 5% שומן 500 ג' שטראוס,מיוצר עי קונדיטוריית,IL,גבינה לבנה 5% סקי 50,,500.00,100 גרם,false,,9.50,0.0190,true,1,26058
7290002824466,false,דנונה יוגורט ביו 0% 200מל,"שטראוס בריאות בע""מ",IL,דנונה יוגורט ביו 0%,,200.00,"100 מ""ל",false,,3.90,0.0195,true,1,26059
7290002824640,false,גבינה שטראוס 5% 250 ג',מיוצר עי קונדיטוריית,IL,גבינה 5% סקי 250 גרם,,250.00,100 גרם,false,,4.98,0.0199,true,1,26060
7290002825722,false,סלט כרוב אדום אחלה 5,מיוצר עי קונדיטוריית,IL,אחלה כרוב אדום 500ג,,500.00,100 גרם,false,,15.90,0.0318,true,1,26062
7290002868996,false,קוטג' 5% מועשר טרה 250ג' מהדרין,קריות זול,IL,טרה קוטג מועשר 5% 25,,250.00,100 גרם,false,,5.50,0.0220,true,1,8445
7290002871248,false,"בירה טובורג רד חוזר 500 מ""ל",מבשלות בירה בינלאומי,IL,בירה טובורג רד בקבוק,,500.00,"100 מ""ל",false,,10.90,0.0218,true,1,8943
7290002871361,false,"קרלסברג בירה בק.חוזר 500 מ""ל",מבשלות בירה בינלאומי,IL,קרלסברג בירה בק.חוזר,,500.00,"100 ק""ג",false,,10.90,0.0218,true,1,8944
7290002881612,false,לפתן דובדבנים חמוצים,Fructo sliven jsc,,לפתן דובדבנים חמוצים,,700.00,100 גרם,false,,9.90,0.0141,true,1,27640
7290002900566,false,פסטרמה ברביקיו דל שומן טירת צבי 360 ג',הנסיך- מפעל לייצור ט,IL,פסטרמה ברביקיו דל שו,,360.00,100 גרם,false,,34.90,0.0969,true,1,28031
7290002909880,false,פולי סויה אדממה קפוא 400 גר',,,פולי סויה אדממה בלדי,,400.00,100 גרם,false,,12.90,0.0323,true,1,39905
7290002909989,false,שעועית ירוקה חתוכה בלדי 800 גר',,,שעועית ירוקה חתוכה ב,,800.00,100 גרם,false,,12.90,0.0161,true,1,478027
7290002909996,false,שעועית צהובה שלמה בלדי 800 גר',,,שעועית צהובה שלמה בל,,800.00,100 גרם,false,,12.90,0.0161,true,1,478044
7290002922117,false,עוגיות אקלר פרמיום,אקלר,,מארז עוגיות אקלר 250,,250.00,100 יח',false,,24.90,0.0996,true,1,396806
7290002923466,false,טחון בקר 1 ק`ג,,,טחון בקר 1 ק`ג,קילוגרמים,1.00,"ק""ג",false,,24.90,24.9000,true,1,19800
7290002971993,false,"קמח כוסמין מלא שטיבל 1 ק""ג",,,קמח כוסמין מלא ללא צ,קילוגרמים,1.00,"ק""ג",false,,15.90,15.9000,true,1,84839
7290002972006,false,קמח בהיר 405 ללא צור,,,קמח בהיר 405 ללא צור,קילוגרמים,1.00,"ק""ג",false,,9.90,9.9000,true,1,119031
7290002987963,false,"סלט חומוס אחלה 1 ק""ג",מיוצר עי קונדיטוריית,IL,אחלה חומוס 1קג,קילוגרמים,1.00,"ק""ג",false,,14.90,14.9000,true,1,26063
7290003029181,false,משקה יטבתה שוקו' בקבוק 1ל מהדרין,מחלבת יטבתה,IL,יטבתה שוקו בקבוק 1ל,ליטרים,1.00,ליטר,false,,12.50,12.5000,true,1,26067
7290003029372,false,משקה חלב בננה בקבוק 1ל' יוטבתה,מחלבת יטבתה,IL,יטבתה משקה חלב בננה,ליטרים,1.00,ליטר,false,,12.50,12.5000,true,1,26070
7290003029389,false,"משקה חלב בננה פקק ספורט 250 מ""ל יוטבתה",שטראוס גרופ,IL,יטבתה משקה חלב בננה+,,250.00,"100 מ""ל",false,,5.90,0.0236,true,1,26071
7290003029433,false,"משקה יטבתה שוקו פקק 250 מ""ל מהדרין",מחלבת יטבתה,IL,יטבתה שוקו +פקק 250,,250.00,"100 מ""ל",false,,5.90,0.0236,true,1,26072
7290003029532,false,מוקה בקבוק 1 ל' יוטבתה,מחלבת יטבתה,IL,יטבתה מוקה 1ל,ליטרים,1.00,ליטר,false,,12.50,12.5000,true,1,26074
7290003029815,false,חלב יוטבתה מועשר 3% בכד 2ל',מחלבת יטבתה,IL,חלב מועשר בכד2 ליטר,ליטרים,2.00,ליטר,false,,15.90,7.9500,true,1,26077
7290003029907,false,משקה יטבתה אייס קפה 1ליטר,מחלבת יטבתה,IL,יטבתה אייס קפה 1ל,ליטרים,1.00,ליטר,false,,12.50,12.5000,true,1,26079
7290003054657,false,חרדל דיזון אקסטרה פורטה 370 גרם,מרום את קונפינו,FR,חרדל דיג'ון אקסטרא פ,,370.00,100 גרם,false,,13.10,0.0354,true,1,30500
7290003072804,false,פסטרמה של פעם טירת צבי 200 ג',טירת צבי,,טירת צבי פסטרמה של פ,,200.00,100 גרם,false,,21.90,0.1095,true,1,168088
7290003072811,false,נקניקיות בראטוורסט מבשר בקר והודו,טירת צבי,,טירת צבי נקניקיות בר,,320.00,100 גרם,false,,21.90,0.0684,true,1,168089
7290003072859,false,רוסטביף טירת צבי 120 ג',הנסיך- מפעל לייצור ט,IL,רוסטביף טירת צבי 120,,120.00,100 גרם,false,,22.90,0.1908,true,1,218784
7290003102136,false,צמר גפן COTTON SOFT רפואי 100 גר' 3102136,הדקלאים אגודת שיתופי,TR,צמר גפן כוטון סופט 1,,100.00,100 גרם,false,,5.90,0.0590,true,1,886
7290003107216,false,קמח 1 קג שימורי איכ,טחנות קמח דגן 2006,IL,"קמח לבן דגן 1 ק""ג",קילוגרמים,1.00,"ק""ג",false,,6.90,6.9000,true,1,11337
7290003107223,false,"סולת חיטה דגן 1 ק""ג",טחנות קמח דגן 2006,IL,"סולת חיטה דגן 1 ק""ג",קילוגרמים,1.00,"ק""ג",false,,6.90,6.9000,true,1,11338
7290003107315,false,"סולת דגן 1 ק""ג",,,"סולת דגן 1 ק""ג",קילוגרמים,1.00,"ק""ג",false,,4.90,4.9000,true,1,11340
7290003107346,false,טחנת קמח דגן קמח 1 קג,,,קמח חיטה לבן דגן 1 ק,קילוגרמים,1.00,"ק""ג",false,,4.90,4.9000,true,1,11342
7290003133123,false,לחם זהב עגול אוקראיני 750 ג',מאפיית דוידוביץ ובני,IL,לחם אוקראיני מיוחד ע,,750.00,100 גרם,false,,14.90,0.0199,true,1,121902
7290003133505,false,לחם שיפונטו דוידוביץ,,,לחם שיפונטו דוידוביץ,,750.00,100 גרם,false,,14.90,0.0199,true,1,503408
7290003141159,false,מרשמלו יוגטה 180 גרם,סאדאט,IL,יוגטה מרשמלו 180 גר',,180.00,100 גרם,false,,8.90,0.0494,true,1,15219
7290003143146,false,ממרח תמרים קליית גת 450 ג',הדקלאים אגודת שיתופי,IL,ממרח תמרים 450 גרם,,450.00,100 גרם,false,,6.90,0.0153,true,1,15237
7290003145751,false,קשיו קלוי קלית גת 200 ג',הדקלאים אגודת שיתופי,IL,קשיו קלוי 200 גרם,,200.00,100 גרם,false,,21.90,0.1095,true,1,15297
7290003163939,false,"נקניקיות גריל 1.5 ק""",יושלם,,"נקניקיות גריל 1.5 ק""",קילוגרמים,1.50,"ק""ג",false,,29.90,19.9333,true,1,14161
7290003229109,false,פסטרמה בפפריקה טירת צבי 400 ג',הנסיך- מפעל לייצור ט,IL,א.מ .פסטרמה בפפריקה,,400.00,100 גרם,false,,30.90,0.0772,true,1,28040
7290003229116,false,פסטרמה בדבש טירת צבי 400 ג',הנסיך- מפעל לייצור ט,IL,א.מ פסטרמה בדבש 400,,400.00,100 גרם,false,,30.90,0.0772,true,1,28041
7290003229123,false,פסטרמה על גחלים טירת צבי 400 ג',הנסיך- מפעל לייצור ט,IL,א.מ. פסטרמה על גחלים,,400.00,100 גרם,false,,30.90,0.0772,true,1,28042
7290003229147,false,נקניק סלמי איטלקי טירת צבי 300 ג',הנסיך- מפעל לייצור ט,IL,סלמי בסגנון איטלקי 3,,300.00,100 גרם,false,,33.90,0.1130,true,1,28043
7290003229192,false,כתף בקר מעושן טירת צבי 400 ג' צבי,טיב טירת צבי 2000,IL,א.מ. כתף בקר מעושן 4,,400.00,100 גרם,false,,33.00,0.0825,true,1,28046
7290003251308,false,"אציטון משובח 100 מ""",שוורץ,,"אציטון משובח 100 מ""",,100.00,"100 מ""ל",false,,4.90,0.0490,true,1,24528
7290003268252,false,לחם חיטה מלא לילדים 750 ג' דגנית עין בר,יוניליוור גרמניה Gm,IL,לחם חיטה מלא ללא גרע,,750.00,100 גרם,false,,14.90,0.0199,true,1,6403
7290003268429,false,לחם ירוק מקמח מלא 750 ג' דגנית עין בר,מולינו ניקולי s.p.a,IL,לחם מקמח מלא דגנית 7,,750.00,100 גרם,false,,15.90,0.0212,true,1,6404
7290003318100,false,וופל בטעם שוקולד מנעמים 200 ג',מנעמים תעשיות מזון,IL,ופל שוקו מנעמים 200,,200.00,100 גרם,false,,4.90,0.0245,true,1,27366
7290003318131,false,ופל קלאסיק אגוז 200 גרם מנעמים,מנעמים תעשיות מזון,IL,ופל אגוז מנעמים 200,,200.00,100 גרם,false,,4.90,0.0245,true,1,121223
7290003318599,false,וופל וניל 200 גרם מנעמים,מנעמים תעשיות מזון,IL,ופל וניל מנעמים 200,,200.00,100 גרם,false,,4.90,0.0245,true,1,121225
7290003321155,false,יוגורט בר עם פקאן מצופה שוקולד 183 ג' דנונה,"שטראוס בריאות בע""מ",IL,דנונה קראנצ' ששבי פק,,183.00,"100 מ""ל",false,,4.90,0.0268,true,1,26080
7290003321292,false,גבינה לבנה 9% שומן 250 ג' שטראוס,מיוצר עי קונדיטוריית,IL,גבינה 9% סקי 250 גרם,,250.00,100 גרם,false,,4.80,0.0192,true,1,26081
7290003332007,false,קפה נחלה סובחי 250גר,סובחי נחלה ובניו,,קפה נחלה סובחי 250ג,,250.00,100 גרם,false,,15.50,0.0620,true,1,38348
7290003332014,false,קפה נחלה אדום עם הל,קפה נחלה,IL,קפה נחלה סובחי 500 ג,,500.00,100 גרם,false,,29.30,0.0586,true,1,38349
7290003332045,false,קפה נחלה אדום ללא הל 250ג',קפה אל נחלה,,קפה נחלה סובחי 250 ג,,250.00,100 גרם,false,,15.50,0.0620,true,1,38351
7290003438006,false,ממרח אולביה פסטו וצנובר איטלקי 190ג',מיוצר עי קונדיטוריית,IL,אוליביה ממרח פסטו אי,,180.00,100 גרם,false,,14.50,0.0806,true,1,5331
7290003438013,false,ממרח זיתים ירוקים 190 ג' אוליביה,קריות זול,IL,אוליביה ממרח זיתים א,,190.00,100 גרם,false,,14.50,0.0763,true,1,5332
7290003438020,false,ממרח עגבניות מיובשות 190 ג' אוליביה,מיוצר עי קונדיטוריית,IL,אוליביה ממרח עגבניות,,190.00,100 גרם,false,,14.50,0.0763,true,1,5333
7290003438709,false,ממרח אולביה זיתים שחורים וירוקים 190 ג',גוד פוד פרודקטס S.p,IL,אוליביה ממרח זיתים ש,,190.00,100 גרם,false,,14.50,0.0763,true,1,5344
7290003450602,false,חרדל אמיתי צהוב בקבוק לחיץ 255 גר,היינץ צפון אמריקה -,US,חרדל אמיתי צהוב בקבו,,255.00,100 גרם,false,,11.90,0.0467,true,1,30504
7290003521760,false,"פישר אפטרסול ג'ל אלוורה להרגעת העור, 200 מ""ל",פישר מעבדות פרמצבטיו,IL,ג'ל לחות אלוורה אולט,,200.00,"100 מ""ל",false,,19.90,0.0995,true,1,32559
7290003525904,false,סלט טונה פיקנטי שלישיה * 160 ג',,,סלט טונה פיקנטי וילי,,480.00,100 גרם,false,,17.90,0.0373,true,1,19849
7290003578108,false,אננס חתיכות ויליפוד 850 ג',טקרנג פינאפל אינדסטר,TH,אננס חתוך ויליפוד 85,,490.00,100 גרם,false,,9.90,0.0202,true,1,4833
7290003643004,false,"אורז בסמטי קלאסי 1 ק""ג סוגת",האי נאם סי או אל.טי.,IL,"סוגת אורז בסמטי 1 ק""",קילוגרמים,1.00,"ק""ג",false,,14.90,14.9000,true,1,20684
7290003643325,false,קוסקוס בינוני 350 גרם סוגת,קריות זול,IL,קוסקוס בינוני סוגת 3,,350.00,100 גרם,false,,5.90,0.0169,true,1,20693
7290003643387,false,"סוכר לבן בצנצנת 1 ק""ג סוגת",האי נאם סי או אל.טי.,IL,סוכר לבן בצנצנת סוגת,קילוגרמים,1.00,"ק""ג",false,,10.90,10.9000,true,1,20695
7290003643646,false,"סוכר דמררה קלאסי בצנצנת סוגת 1 ק""ג",האי נאם סי או אל.טי.,IL,סוכר דמררה בצנצנת חו,קילוגרמים,1.00,"ק""ג",false,,14.50,14.5000,true,1,20696
7290003643684,false,אפונה יבשה סוגת 500 גר',האי נאם סי או אל.טי.,IL,אפונה יבשה 500 גרם,,500.00,100 גרם,false,,7.90,0.0158,true,1,20697
7290003643738,false,סוגת חיטה 500 גרם,האי נאם סי או אל.טי.,IL,סוגת חיטה 500 גר,,500.00,100 גרם,false,,5.90,0.0118,true,1,20700
7290003643745,false,סוגת כוסמת 500 גרם,האי נאם סי או אל.טי.,IL,כוסמת 500 גרם,,500.00,100 גרם,false,,7.90,0.0158,true,1,20701
7290003643752,false,עדשים ירוקים יבש סוגת 500 גר',האי נאם סי או אל.טי.,IL,עדשים ירוקות 500 גרם,,500.00,100 גרם,false,,9.90,0.0198,true,1,20702
7290003643776,false,"פופקורן גרעינים סוגת 500 ג' כשל""פ",האי נאם סי או אל.טי.,IL,סוגת פופקורן 500 גרם,,500.00,100 גרם,false,,5.90,0.0118,true,1,20704
7290003643806,false,שעועית לבנה יבשה סוגת 500 ג',האי נאם סי או אל.טי.,IL,שעועית לבנה 500 גרם,,500.00,100 גרם,false,,11.90,0.0238,true,1,20706
7290003643813,false,שעועית אדומה יבשה סוגת 500 גר',האי נאם סי או אל.טי.,IL,שעועית אדומה 500 גרם,,500.00,100 גרם,false,,11.90,0.0238,true,1,20707
7290003681334,false,קוקוס טחון 400 גרם ב,מיה,IL,קוקוס 400 גר. בדצ,,400.00,100 גרם,false,,13.90,0.0348,true,1,53949
7290003706167,false,בצל ירוק ארוז,,,בצל ירוק ארוז,,1.00,יח',false,,5.90,5.9000,true,1,78580
7290003779499,false,גינגר ארוז 200 גרם,"מרינה פטריות הגליל בע""מ",IL,ג`ינג`ר יח` 200 גרם,,1.00,יח',false,,9.90,9.9000,true,1,75366
7290003781850,false,גבינת קשקבל פרוסות 2,,ES,גבינת קשקבל פרוסות 2,,200.00,100 גרם,false,,21.90,0.1095,true,1,354794
7290003804252,false,תיבולית בנוסח הודי 72 ג' קנור,יוניליוור ישראל מזון,IL,תיבולית בנוסח הודי ק,,72.00,100 גרם,false,,10.90,0.1514,true,1,12705
7290003804320,false,תיבולית שום ופטרוזיליה 72 ג' קנור,יוניליוור ישראל מזון,IL,תיבוליות שום ופטרוזי,,72.00,100 גרם,false,,10.90,0.1514,true,1,12706
7290003804382,false,"תיבולית פטריות בד""ץ 72 ג' קנור",יוניליוור ישראל מזון,IL,תיבולית פטריות קנור,,72.00,100 גרם,false,,10.90,0.1514,true,1,12711
7290003864478,false,סרדינים בשמן צמחי ויליפוד 110ג' פתח קל,גולדן פרייז קאנינג א,TH,סרדין בשמן צמחי וילי,,110.00,100 גרם,false,,6.50,0.0591,true,1,4848
7290003864492,false,סרדינים בשמן צמחי חריף פתח קל ויליפוד 110ג',גולדן פרייז קאנינג א,TH,סרדין בשמן צמחי חריף,,120.00,100 גרם,false,,6.50,0.0542,true,1,4850
7290003989096,false,סלט חציל פיקנטי אחלה,מיוצר עי קונדיטוריית,IL,אחלה חציל פיקנטי 500,,500.00,100 גרם,false,,15.90,0.0318,true,1,26082
7290003989553,false,"פסטה טורטליני פטריות, 400 גרם",מיוצר עי קונדיטוריית,IL,שטראוס טורטליני פטרי,,400.00,100 גרם,false,,21.70,0.0542,true,1,26084
7290004011345,false,"קצפת ריצ` פרווה במיכל 250 מ""ל",האי נאם סי או אל.טי.,IT,קצפת ריץ במיכל פרווה,,238.00,"100 מ""ל",false,,12.90,0.0542,true,1,19875
7290004026776,false,לחם מחמצת אגוזים וצי,פילסברי,,לחם מחמצת אגוזים וצי,,530.00,100 גרם,false,,18.90,0.0357,true,1,216643
7290004030100,false,מיץ תפוזים ולנסיה סחוט 1 ליטר100%,,,מיץ תפוזים סחוט וולנ,ליטרים,1.00,ליטר,false,,16.80,16.8000,true,1,215955
7290004030216,false,פריניב נקטר חמוציות 1ליטר,פריניב בעמ,IL,פריניב נקטר חמוציות,ליטרים,1.00,ליטר,false,,14.70,14.7000,true,1,44133
7290004030445,false,פריניב סחוט טבעי תפוזים 1ליטר,פריניב בעמ,IL,פרי ניב תפוז סחוט 1ל,ליטרים,1.00,ליטר,false,,15.90,15.9000,true,1,44146
7290004030834,false,פריניב מיץ רימונים סחוט 1 ליטר,פריניב בעמ,IL,מיץ סחוט רימונים 100,ליטרים,1.00,ליטר,false,,25.30,25.3000,true,1,44160
7290004043108,false,אמ&אמס אריזה בינונית,מרס,,M&M עדשי שוקולד 89 ג,,89.00,100 גרם,false,,7.50,0.0843,true,1,98311
7290004048679,false,"קובה למרק שלושת האופים 1 ק""ג",שלושת האופים,IL,קובה למרק 1 קג שלושת,קילוגרמים,1.00,"ק""ג",false,,17.90,17.9000,true,1,119772
7290004063016,false,מלח שולחן מעולה דק 1,האי נאם סי או אל.טי.,IL,"מלח שולחן סלית 1 ק""ג",קילוגרמים,1.00,"ק""ג",false,,2.07,2.0700,true,1,17656
7290004063115,false,"מלח מטבח עבה להמלחת בשר ובישול 1 ק""ג 1ק""ג",האי נאם סי או אל.טי.,IL,מלח מטבח גס לבישול כ,קילוגרמים,1.00,"ק""ג",false,,2.07,2.0700,true,1,17657
7290004078942,false,ליידי ספיד סטיק - דאודורנט ג'ל לאישה 65 גרם,קולגייט פלמוליב,BY,דיאודורנט ג'ל מרענן,,65.00,100 גרם,false,,18.90,0.2908,true,1,24785
7290004091248,false,וזלין פטרוליום אינטנסיב קאר ג'ל 106 גר',"יוניליוור ארה""ב, ג'ו",US,וזלין אינטנסיב קאר פ,,106.00,"100 מ""ל",false,,16.90,0.1594,true,1,12770
7290004102326,false,תרד לא שטוף,,,תרד לא שטוף,,180.00,100 גרם,false,,11.90,0.0661,true,1,2804
7290004119133,false,כד יוגורט תנובה 6.5% שומן 1.5 ליטר,מיוצר עי קונדיטוריית,IL,יוגורט כדים תנובה 7%,ליטרים,1.50,ליטר,false,,18.70,12.4667,true,1,28707
7290004119225,false,יוגורט אננס 3% שומן 150 ג' יופלה,תנובה מרכז שיתופי לש,IL,יופלה אננס 3% 150מל,,150.00,100 גרם,false,,5.70,0.0380,true,1,28708
7290004119928,false,מעדן וניל גביע 1.5% שומן 125 ג' קרלו,מחלבת אלון תבור,IL,קרלו וניל 3% 125מל,,125.00,"100 מ""ל",false,,3.50,0.0280,true,1,28713
7290004119973,false,מעדן שוקו 1.5% שומן 125 ג' קרלו,תנובה מרכז שיתופי לש,IL,קרלו שוקולדה 3% 125מ,,125.00,"100 מ""ל",false,,3.50,0.0280,true,1,28714
7290004120061,false,קרלו שוקולד וניל 125,תנובה מרכז שיתופי לש,IL,קרלו שוניל 3% 125מל,,125.00,"100 מ""ל",false,,3.50,0.0280,true,1,28715
7290004120108,false,יופלה דיאט יוגורט דובדבן %0 גביע 150ג',תנובה מרכז שיתופי לש,IL,יופלה דיאט דובדבן 0%,,150.00,"100 מ""ל",false,,5.60,0.0373,true,1,28718
7290004120573,false,גבינה בולגרית %16 250 ג' פיראוס,תנובה מרכז שיתופי לש,IL,פיראוס בולגרית בקר 1,,250.00,100 גרם,false,,26.90,0.1076,true,1,28737
7290004120832,false,חלב תנובה טרי 3% מהדרין כד 2 ל',תנובה מרכז שיתופי לש,IL,"חלב תנובה טרי 3% בד""",ליטרים,2.00,ליטר,false,,12.46,6.2300,true,1,28740
7290004121488,false,יופלה דיאט אפרסק 0% גביע 150 ג',תנובה מרכז שיתופי לש,IL,יופלה דיאט אפרסק 0%,,150.00,"100 מ""ל",false,,5.60,0.0373,true,1,28745
7290004121525,false,יופלה מאגדת פרי 4 תות 4 אפרסק 3% 8 יח'*150 ג',תנובה מרכז שיתופי לש,IL,יופלה אפרסק תות 3% 8,קילוגרמים,1.20,"ק""ג",false,,34.90,29.0833,true,1,28746
7290004121839,false,גבינת פטה כבשים 20% 250 ג' פיראוס,תנובה מרכז שיתופי לש,IL,פיראוס פטה כבשים 20%,,250.00,100 גרם,false,,31.00,0.1240,true,1,28751
7290004121853,false,גבינה בולגרית בקוביות %5 200 ג' פיראוס,תנובה מרכז שיתופי לש,IL,פיראוס בולגרית בקובי,,200.00,100 גרם,false,,22.90,0.1145,true,1,28752
7290004122119,false,פתיתי פרמזן לפסטה %23 100 ג' השף הלבן,פ.פ.ח. שאביט,IL,שף לבן פתיתי פרמזן ל,,100.00,100 גרם,false,,13.90,0.1390,true,1,28756
7290004122195,false,"גבינת גוש חלב פרוס 28%, כשרות מהדרין, 200 ג'",קריות זול,IL,גוש חלב פרוס 28% 200,,200.00,100 גרם,false,,15.90,0.0795,true,1,28757
7290004122270,false,גבינה צהובה פרוס בקופסא %28 200 ג' עמק,תנובה מרכז שיתופי לש,IL,עמק פרוס סגירה חוזרת,,200.00,100 גרם,false,,17.50,0.0875,true,1,28758
7290004122348,false,עמק לייט 9% פרוס בקופסא,תנובה מרכז שיתופי לש,IL,עמק לייט 9% 200ג,,200.00,100 גרם,false,,17.90,0.0895,true,1,28760
7290004122676,false,גבינת חמד לייט 5% פיראוס 250 ג',"תנובה,מחלבת טנא נוגה",IL,פיראוס חמד לייט 5% 2,,250.00,100 גרם,false,,20.90,0.0836,true,1,28764
7290004124205,false,יוגורט דיאט תות %0 שומן 150 ג' יופלה,תנובה מרכז שיתופי לש,IL,יופלה דיאט תות 0% 15,,150.00,"100 מ""ל",false,,5.60,0.0373,true,1,28780
7290004124847,false,"קצפת צמחית השף הלבן 500 מ""ל תנובה",תנובה מרכז שיתופי לש,IL,שף לבן קצפת צמחית 24,,500.00,"100 מ""ל",false,,18.50,0.0370,true,1,28787
7290004125370,false,שמנת חמוצה מופחתת שומן 9%,תנובה מרכז שיתופי לש,IL,תנובה שמנת מופחתת 9%,,200.00,"100 מ""ל",false,,4.10,0.0205,true,1,28791
7290004125400,false,"שלי אשל 4.5% תנובה 200מ""ל מהדרין",פארייפאבה אגרואינדוס,IL,"אשל 4.5% בד""צ מהדרין",,200.00,"100 מ""ל",false,,1.69,0.0084,true,1,28792
7290004125417,false,"שלי גיל 3% תנובה 200מ""ל מהדרין",תנובה מרכז שיתופי לש,IL,"גיל 3% בד""צ מהדרין",,200.00,"100 מ""ל",false,,1.51,0.0076,true,1,28793
7290004125455,false,**תנובה שמנת אורגינל מהדרין 15% 200מל,תנובה מרכז שיתופי לש,IL,תנובה שמנת אורגינל מ,,200.00,"100 מ""ל",false,,2.40,0.0120,true,1,28794
7290004125462,false,"שמנת אורגינל 15% מהדרין 500 מ""ל",תנובה מרכז שיתופי לש,IL,תנובה שמנת חמוצה 15%,,500.00,"100 מ""ל",false,,6.00,0.0120,true,1,28795
7290004125509,false,"שמנת 15% חצי מנה 100 מ""ל תנובה",תנובה מרכז שיתופי לש,IL,תנובה שמנת חצי מנה 1,,100.00,"100 מ""ל",false,,1.80,0.0180,true,1,28796
7290004125578,false,משקה סויה מעושר בסידן תנובה 1ל',תנובה מרכז שיתופי לש,IL,משקה סויה תנובה מועש,ליטרים,1.00,ליטר,false,,12.50,12.5000,true,1,28797
7290004125585,false,משקה סויה וניל תנובה E אלטרנטיב,תנובה מרכז שיתופי לש,IL,סויה תנובה משקה סויה,ליטרים,1.00,ליטר,false,,12.50,12.5000,true,1,28798
7290004125721,false,"שמנת לבישול 15% שומן 250 מ""ל תנובה",תנובה מרכז שיתופי לש,IL,שף לבן שמנת לבישול 1,,250.00,"100 מ""ל",false,,8.90,0.0356,true,1,28801
7290004125738,false,שמנת מתוקה עמידה להקצפה 32% השף הלבן,תנובה מרכז שיתופי לש,IL,שף לבן שמנת להקצפה 3,,250.00,"100 מ""ל",false,,7.20,0.0288,true,1,28802
7290004125776,false,גבינה צהובה 28% שומן 400 ג' עמק,קריות זול,IL,עמק גבינה קשה פרוסה,,400.00,100 גרם,false,,31.90,0.0797,true,1,28805
7290004126674,false,פרוסות גבינה חצי קשה 9% שומן 200 ג' עמק,תנובה מרכז שיתופי לש,IL,עמק טל לייט 9% 200ג,,200.00,100 גרם,false,,19.90,0.0995,true,1,28813
7290004126759,false,יופלה דיאט פירות יער %0 גביע 150 ג',תנובה בעמ,IL,יופלה דיאט פירות יער,,150.00,"100 מ""ל",false,,5.60,0.0373,true,1,28814
7290004126872,false,משקאות חלב תנובה שוקו בקבוק 250מל,קריות זול,IL,משקאות חלב תנובה שוק,,250.00,"100 ק""ג",false,,5.90,0.0236,true,1,28815
7290004127077,false,קוטג' 3% שומן 250 ג' תנובה,מיוצר עי קונדיטוריית,IL,קוטג תנובה 3% 250 ג,,250.00,100 גרם,false,,5.70,0.0228,true,1,28816
7290004127329,false,קוטג' 5% תנובה 250ג' מהדרין,מיוצר עי קונדיטוריית,IL,קוטג' 5% תנובה מהדרי,,250.00,100 גרם,false,,5.70,0.0228,true,1,28818
7290004127336,false,קוטג' 9% תנובה 250 ג' הדרין,מיוצר עי קונדיטוריית,IL,קוטג' תנובה מהדרין 9,,250.00,100 גרם,false,,5.70,0.0228,true,1,28819
7290004127800,false,גבינה לבנה 5% שומן 500 ג' תנובה,מיוצר עי קונדיטוריית,IL,תנובה גבינה לבנה 5%,,500.00,100 גרם,false,,9.96,0.0199,true,1,28823
7290004127817,false,גבינה לבנה 9% שומן 500 ג' תנובה,מיוצר עי קונדיטוריית,IL,תנובה גבינה לבנה 9%,,500.00,100 גרם,false,,9.50,0.0190,true,1,28824
7290004127862,false,**תנובה גבינה למריחה מהדרין 5% 750ג,תנובה מרכז שיתופי לש,IL,תנובה גבינה למריחה מ,,750.00,100 גרם,false,,14.90,0.0199,true,1,28825
7290004128432,false,פתיתים מיוחדים לפיצה על בסיס גבינה 500 ג',תנובה,IL,שף לבן פתיתי גבינה מ,,500.00,100 גרם,false,,22.50,0.0450,true,1,28838
7290004129101,false,גבינת שמנת 25% בטעם טבעי 225 ג' נפוליאון,תנובה מרכז שיתופי לש,IL,נפוליאון בטעם טבעי 2,,225.00,100 גרם,false,,15.90,0.0707,true,1,28841
7290004129118,false,גבינת שמנת 24% עם זיתים ירוקים 225 ג' נפוליאון,תנובה מרכז שיתופי לש,IL,נפוליאון בטעם זיתים,,225.00,100 גרם,false,,15.90,0.0707,true,1,28842
7290004129156,false,גבינת שמנת25% עם שום שמיר 225 ג' נפוליאון,תנובה מרכז שיתופי לש,IL,נפוליאון שום שמיר 25,,225.00,100 גרם,false,,15.90,0.0707,true,1,28843
7290004129736,false,יוגורט במתיקות מעודנת 1.5% שומן 200 ג' יופלה,תנובה מרכז שיתופי לש,IL,יופלה קרם יוגרט מעוד,,200.00,"100 מ""ל",false,,4.90,0.0245,true,1,28846
7290004129767,false,יופלה לבן טבעי מאגדת 3% 8*150מל,מחלבת אלון תבור,IL,יופלה לבן מאגדת 3% 8,קילוגרמים,1.20,"ק""ג",false,,19.50,16.2500,true,1,28847
7290004130794,false,משקה סויה טבעי במתיקות מופחתת 1 ליטר,תנובה מרכז שיתופי לש,IL,סויה תנובה טבעי במתי,ליטרים,1.00,ליטר,false,,12.50,12.5000,true,1,28854
7290004130916,false,יוגורט 3% פירות יער בשמנת 150 ג' יופלה,תנובה מרכז שיתופי לש,IL,יופלה בטעם פירות יער,,150.00,100 גרם,false,,5.70,0.0380,true,1,28856
7290004131074,false,**חלב תנובה טרי מהדרין קרטון 3% 1ל,תנובה מרכז שיתופי לש,IL,חלב תנובה הומוגני מה,ליטרים,1.00,ליטר,false,,6.23,6.2300,true,1,28861
7290004131432,false,יוגורט ביו 3% שומן 200 ג' יופלה,מיוצר עי קונדיטוריית,IL,יופלה לבן 3% 200מל,,200.00,"100 מ""ל",false,,4.50,0.0225,true,1,28868
7290004131531,false,משקאות חלב תנובה שוקו בקבוק 1ל,תנובה מרכז שיתופי לש,IL,משקה חלב תנובה שוקו,ליטרים,1.00,ליטר,false,,14.00,14.0000,true,1,28873
7290004132552,false,משקה סויה לייט בטעם טבעי טרי 1 ליטר,תנובה מרכז שיתופי לש,IL,סויה תנובה לייט בטעם,ליטרים,1.00,ליטר,false,,12.50,12.5000,true,1,28888
7290004132712,false,חטיף אצבעות גבינת מוצרלה 20% 172 ג' עמק,תנובה מרכז שיתופי לש,IL,עמק אצבעות מוצרלה 20,,174.00,100 גרם,false,,17.90,0.1029,true,1,28892
7290004133511,false,יופלה מאגדת לבן 1.5% מעודן 8 יח' * 150 ג',מיוצר עי קונדיטוריית,IL,יופלה לבן מעודן 1.5%,ליטרים,1.20,ליטר,false,,22.90,19.0833,true,1,28905
7290004134945,false,יוגורט מוקה 3% שומן 150 ג' יופלה,תנובה מרכז שיתופי לש,IL,יופלה מוקה 3% 150מל,,150.00,100 גרם,false,,5.70,0.0380,true,1,28920
7290004135614,false,גבינה בולגרית מעודנת 5% 250 ג' פיראוס,קריות זול,IL,פיראוס בולגרית מעודנ,,250.00,100 גרם,false,,23.70,0.0948,true,1,28939
7290004136857,false,מעדן גלי בטעם פטל 12,תנובה מרכז שיתופי לש,IL,ג'לי תנובה פטל 125מל,,125.00,"100 ק""ג",false,,2.90,0.0232,true,1,28957
7290004136864,false,ג'לי תנובה אננס עם חתיכות אננס 125מל,קריות זול,IL,ג'לי תנובה אננס עם ח,,125.00,"100 מ""ל",false,,2.90,0.0232,true,1,28958
7290004136871,false,ג'לי תנובה אפרסק עם חתיכות אפרסק 125מל,תנובה מרכז שיתופי לש,IL,ג'לי תנובה אפרסק עם,,125.00,"100 ק""ג",false,,2.90,0.0232,true,1,28959
7290004137021,false,"שמנת לבישול 10% עמיד השף הלבן 250 מ""ל",תנובה מרכז שיתופי לש,IL,שף לבן שמנת לבישול 1,,250.00,"100 מ""ל",false,,8.90,0.0356,true,1,28961
7290004137311,false,עמק לייט משפחתית 9% 400ג-ועדת מהדרין,תנובה,IL,עמק לייט משפחתית 9%,,400.00,100 גרם,false,,32.90,0.0822,true,1,28964
7290004200244,false,שקית פרסים,,,פרסים רמה 3,יחידה,0.00,יחידה,false,,9.50,0.0000,true,1,36373
7290004324605,false,"גבינת מון בלאן רוקפור 7%, 120 ג'",האי נאם סי או אל.טי.,IL,מון בלאן רוקפור 7% 1,,120.00,100 גרם,false,,12.90,0.1075,true,1,19943
7290004324858,false,קבב כבש500 גר טי,"טיבון ויל אחזקות בע""",IL,קבב כבש 500 גרם,,500.00,100 גרם,false,,23.90,0.0478,true,1,19944
7290004584306,false,רבעיית גמדים בטעם תות בננה * 100 ג' שטראוס,מיוצר עי קונדיטוריית,IL,גמדים תות בננה 4*100,,400.00,"100 מ""ל",false,,11.90,0.0298,true,1,26085
7290004584351,false,גבינה במרקם שמנת 5% טבעי 200 ג' סימפוניה,"שטראוס בריאות בע""מ",IL,סימפוניה חמישית 200ג,,200.00,100 גרם,false,,12.90,0.0645,true,1,26086
7290004584528,false,דנונה ביו יוגורט טבעי 1.5% 200 ג',מיוצר עי קונדיטוריית,IL,דנונה יוגורט טבעי 1.,,200.00,"100 ק""ג",false,,3.90,0.0195,true,1,26087
7290004585907,false,דני ועדן וניל 1.5% 125ג' שטראוס,מיוצר עי קונדיטוריית,IL,דני וניל מהדרין 130מ,,130.00,"100 מ""ל",false,,2.90,0.0223,true,1,26088
7290004737900,false,וילי פוד חלב מרוכז ממותק397ג,יו.איי.בי מאריג'אמפו,LT,וילי פוד חלב מרוכז מ,,397.00,100 גרם,false,,10.90,0.0275,true,1,4865
7290004762056,false,שקדי מרק חטיפים מן ה,,,שקדי מרק חטיפים מן ה,,400.00,100 גרם,false,,11.90,0.0298,true,1,483888
7290004762063,false,פתיתים אפויים עגולים,,,פתיתים אפויים עגולים,,500.00,100 גרם,false,,7.90,0.0158,true,1,507311
7290005008184,false,"פלמוליב - תחליב רחצה נטורלס שקדים 500 מ""ל",הנסיך- מפעל לייצור ט,TR,סבון נוזלי חלב שקדים,,500.00,"100 מ""ל",false,,17.90,0.0358,true,1,24789
7290005008481,false,ספיד סטיק - דאודורנט ג'ל לגבר ספורט 85 גרם,הנסיך- מפעל לייצור ט,BY,דאודורנט ג'ל ספורט ס,,85.00,100 גרם,false,,21.90,0.2576,true,1,24791
7290005084355,false,"סנסודיין - משחת שיניים דואל קר זהב 75 מ""ל",גלקסו סמית קליין,GB,משחת שיניים דואל קר,,75.00,"100 מ""ל",false,,22.70,0.3027,true,1,5722
7290005174513,false,חציל במיונז 500 ג' אחלה,מיוצר עי קונדיטוריית,IL,חציל במיונז אחלה 500,,500.00,100 גרם,false,,16.90,0.0338,true,1,26089
7290005174551,false,סלט חומוס עם צנוברים 125 ג' אחלה,מיוצר עי קונדיטוריית,IL,אחלה חומוס 125ג,,125.00,100 גרם,false,,5.90,0.0472,true,1,26090
7290005174575,false,טחינה אחלה יום יום משובחת 125ג',מיוצר עי קונדיטוריית,IL,אחלה טחינה 125גר,,125.00,100 גרם,false,,5.90,0.0472,true,1,26092
7290005197758,false,עוגיות חיוכים שוקו שוקו 150ג',אפיפית נצרת תעשיות ב,IL,חיוכים של שוקו,,150.00,100 גרם,false,,6.50,0.0433,true,1,25375
7290005200786,false,תפוצ'יפס שמנת ובצל 50 גרם,"שטראוס פריטו ליי בע""",IL,תפוציפס שמנת ובצל 50,,50.00,100 גרם,false,,4.50,0.0900,true,1,26628
7290005201455,false,קפה נמס ארומה עלית 200 ג',"אינסטנטה בע""מ",IL,ארומה קפה נמס 200 גר,,200.00,100 גרם,false,,23.90,0.1195,true,1,25387
7290005201882,false,קפה טורקי קלוי וטחון,הנסיך- מפעל לייצור ט,IL,טורקי עלית 200 גר',,200.00,100 גרם,false,,17.90,0.0895,true,1,25389
7290005287206,false,טונה בשמן סטארקיסט 4*160 ג',"סטארקיסט פודור בע""מ",,טונה בשמן סטארקיסט ר,,640.00,100 גרם,false,,25.90,0.0405,true,1,29734
7290005287213,false,נתחי טונה בשמן סטארק,,,טונה בשמן סטארקיסט ב,,640.00,100 גרם,false,,25.90,0.0405,true,1,29735
7290005287251,false,טונה במים סטארקיסט 4*160 ג',"איטיליאן פוד, אס.פי.",,טונה במים סטארקיסט ר,,640.00,100 גרם,false,,25.90,0.0405,true,1,29737
7290005403989,false,במיה קפואה 600 גרם ש,,,במיה קפואה 600 גרם ש,,600.00,100 גרם,false,,13.90,0.0232,true,1,110927
7290005423499,false,"סנו נירוסטה אירוסול 500 מ""ל",מיוצר עי קונדיטוריית,IL,סנו נירוסטה אירוסול,,476.00,"100 מ""ל",false,,20.90,0.0439,true,1,33331
7290005423918,false,סנו - מקסימה מרכך כביסה היפואלרגני אלוורה 4 ליטר,"סנו מפעלי ברונוס בע""",IL,מרכך כביסה סנו מקסימ,ליטרים,4.00,ליטר,false,,24.90,6.2250,true,1,33340
7290005425110,false,"חיטוי משטחים 99.9% מתז מחטא ומשמיד 750 מ""ל","סנו מפעלי ברונוס בע""",IL,מתז מחטא ומשמיד 99.9,,750.00,"100 מ""ל",false,,16.90,0.0225,true,1,140572
7290005425196,false,"סנו לכביסה מקסימה סנסיטיב 2.5 ק""ג",מיוצר עי קונדיטוריית,IL,אבקת כביסה סנו מקסימ,קילוגרמים,2.50,"ק""ג",false,,28.90,11.5600,true,1,33361
7290005425202,false,"מקסימה לכביסה ביו 2.5 ק""ג","סנו מפעלי ברונוס בע""",IL,אבקת כביסה סנו מקסימ,קילוגרמים,2.50,"ק""ג",false,,28.90,11.5600,true,1,33362
7290005425646,false,סנו קליר ספריי אקדח לניקוי והברקת חלונות 1ל',"סנו מפעלי ברונוס בע""",IL,סנוקליר נוזל רב תכלי,יחידה,0.00,יחידה,false,,12.90,0.0000,true,1,33369
7290005426940,false,"סנו K-300 פלוס 8 400 מ""ל",טרופיקל דגיל תעשיות,IL,סנו 300 K פלוס 8,,400.00,"100 מ""ל",false,,21.90,0.0547,true,1,33394
7290005426964,false,סנובון לאסלה לובר מוצק נתלה 55X3ג',קריות זול,IL,סנובון כחול שלישיה ב,,165.00,100 גרם,false,,18.90,0.1145,true,1,33395
7290005429279,false,"אבקת כביסה מקסימה אפקט 6 ק""ג סנו",סנו,IL,אבקת כביסה סנו מקסימ,קילוגרמים,6.00,"ק""ג",false,,51.90,8.6500,true,1,33437
7290005431159,false,תותים בקצפת לייט 80 ג' עדן,עדן קינוחים,IL,תותים בקצפת לייט 80,,80.00,100 גרם,false,,8.20,0.1025,true,1,369239
7290005431883,false,קינוח מלבי חלבי עדן,עדן קינוחים Eden,IL,עדן מלבי חלבי 165 גר,,165.00,100 גרם,false,,8.20,0.0497,true,1,206727
7290005431906,false,קינוח קדאיף עדן 82 ג,עדן קינוחים Eden,IL,עדן קדאיף 82 גרם,,82.00,100 גרם,false,,8.20,0.1000,true,1,206729
7290005431913,false,עוגת גבינה פירורים 92 גרם.,עדן קינוחים Eden,IL,קינוחי עדן עוגת גבינ,,92.00,100 גרם,false,,8.20,0.0891,true,1,206730
7290005431920,false,עוגת גבינה פירורים ללא תוספת סוכר,עדן קינוחים Eden,IL,עדן עוגת גבינה פירור,,78.00,100 גרם,false,,8.20,0.1051,true,1,206731
7290005431937,false,קינוח טירמיסו עדן 82,עדן קינוחים Eden,IL,עדן טירמיסו 82 גרם,,82.00,100 גרם,false,,8.20,0.1000,true,1,206732
7290005559709,false,בורקס פיצה מעדנות 700 ג',"מעדנות בע""מ",IL,בורקס פיצה 700 גרם,,700.00,100 גרם,false,,29.90,0.0427,true,1,69990
7290005559907,false,פיצה משפחתית גבינה 500 ג' מעדנות,מיוצר עי קונדיטוריית,IL,פיצה משפחתית גבינה 5,,500.00,100 גרם,false,,24.90,0.0498,true,1,40276
7290005559990,false,בצק פילאס תורכי מעדנות 600 גרם,מיוצר עי קונדיטוריית,IL,בצק פילאס תורכי מעדנ,,600.00,100 גרם,false,,28.90,0.0482,true,1,40282
7290005591761,false,דבש טהור מפרחי בר בלחיץ 400 ג' יד מרדכי,מכוורת יד מרדכי שטרא,IL,דבש טהור מפרחי בר בל,,400.00,100 גרם,false,,27.00,0.0675,true,1,25390
7290005610127,false,תפו`א גורמה לבן דוד,אראל תוצרת חקלאית בע,IL,תפו`א גורמה לבן דוד,קילוגרמים,1.00,"ק""ג",true,,7.90,7.9000,true,1,2243
7290005610196,false,תפוח אדמה בייבי גורמ,אראל תוצרת חקלאית בע,IL,תפו`א בייבי גורמה,קילוגרמים,1.00,"ק""ג",true,,6.90,6.9000,true,1,143281
7290005719189,false,לחם מחמצת שיפון אגוז,,,לחם מחמצת שיפון אגו,,1.00,יח',false,,18.90,18.9000,true,1,144965
7290005838002,false,מעדן גבינה ויוגורט בטעם וניל 88 ג' דניאלה,"שטראוס בריאות בע""מ",IL,דניאלה מעדן גבינה 15,,150.00,"100 ק""ג",false,,4.50,0.0300,true,1,26094
7290005838613,false,שטראוס גבינת וניל 3% 125ג,"שטראוס בריאות בע""מ",IL,גבינה וניל 3% סקי 12,,125.00,100 גרם,false,,3.90,0.0312,true,1,26095
7290005839078,false,"דנונה יוגורט ביו 3% לבן מארז 150X8מ""ל",מיוצר עי קונדיטוריית,IL,דנונה ביו מארז חסכון,קילוגרמים,1.20,"ק""ג",false,,17.90,14.9167,true,1,26097
7290005839108,false,סימפוניה 5% עם זיתים 200 ג' שטראוס,"שטראוס בריאות בע""מ",IL,סימפוניה עם זיתים 5%,,200.00,100 גרם,false,,12.90,0.0645,true,1,26098
7290005839313,false,"מילקי טופ שוקולד מגולגל 170 מ""ל",מיוצר עי קונדיטוריית,IL,מילקי טופ מגולגלת 14,,142.00,"100 ק""ג",false,,5.00,0.0352,true,1,26099
7290005896439,false,"בירה מכבי בקבוק חוזר 500 מ""ל","טמפו משקאות בע""מ",IL,מכבי בקבוק חוזר 500,,500.00,"100 מ""ל",false,,8.50,0.0170,true,1,11531
7290005896835,false,סאן בנדטו מים מינרלי,טמפו,,סאן בנדטו מים מינרלי,ליטרים,9.00,ליטר,false,,19.70,2.1889,true,1,11535
7290005901454,false,סטייק מינוט טעים טעי,,,סטייק מינוט טעים טעי,,300.00,100 גרם,false,,37.90,0.1263,true,1,141163
7290005992018,false,יוגורט עיזים 3% שומן 500 ג' גד,"מיוצר ע""י קוד יצרן M",IL,גד יוגורט עיזים 3% 5,,500.00,"100 מ""ל",false,,14.40,0.0288,true,1,16762
7290005992575,false,בולגרית למריחה 5% 250 גרם - רבנות,מחלבות גד בעמ,IL,גד בולגרית למריחה 5%,,250.00,100 גרם,false,,19.50,0.0780,true,1,16765
7290006065179,false,סטייק טונה קפוא בואק,,,סטייק טונה קפוא בואק,קילוגרמים,1.00,"ק""ג",true,,39.90,39.9000,true,1,290020
7290006199027,false,שלגוני גלידל שמינייה,הגלידות של פלדמן,IL,גלידל מאגדת בטעם תות,,600.00,100 גרם,false,,34.90,0.0582,true,1,40933
7290006199218,false,גלידל מאגדת בטעם איי,הגלידות של פלדמן,IL,גלידל מאגדת בטעם איי,,400.00,100 גרם,false,,34.90,0.0872,true,1,40934
7290006229588,false,בירה איגל פחית זהב 500 מל',"טמפו משקאות בע""מ",IL,איגל בירה פחית זהב 5,,500.00,"100 מ""ל",false,,6.90,0.0138,true,1,125139
7290006251374,false,תה ירוק לימונית וגינגר 25 שקיקים ויסוצקי,קריות זול,IL,תה ירוק לימונית וג'י,,25.00,100 גרם,false,,26.90,1.0760,true,1,27398
7290006265548,false,נבטים סינים מרינה ארוז 360ג',"מרינה פטריות הגליל בע""מ",IL,נבטים סינים,,1.00,יח',false,,7.90,7.9000,true,1,2836
7290006265890,false,נבטי גרעיני חמניה יח,"מרינה פטריות הגליל בע""מ",IL,נבטי חמניה יח,,1.00,יח',false,,8.90,8.9000,true,1,2837
7290006271655,false,מיני בורקס גבינה 800 ג' מעדנות,מיוצר עי קונדיטוריית,IL,מיני בורקס גבינה 800,,800.00,100 גרם,false,,27.90,0.0349,true,1,121176
7290006272072,false,חטיפי פיצה בשקית מעדנות 650ג',"מעדנות בע""מ",IL,חטיפי פיצה מעדנות 65,,650.00,100 גרם,false,,36.90,0.0568,true,1,121178
7290006322104,false,לחם ריחיים קל פרוס 500 ג',מאפיית דוידוביץ ובני,IL,לחם ריחיים מלא דוידו,,500.00,100 גרם,false,,16.90,0.0338,true,1,503327
7290006322111,false,לחמניות ריחיים שישיי,מאפיית דוידוביץ ובני,IL,6 לחמניות ריחיים מאפ,,450.00,100 גרם,false,,13.90,0.0309,true,1,504105
7290006322128,false,לחמניות קלות שישייה,מאפיית דוידוביץ ובני,IL,6 לחמניות קלות מאפיי,,450.00,100 גרם,false,,13.90,0.0309,true,1,504106
7290006322838,false,לחם 100% קמח מלא 750 ג',מאפיית דוידוביץ ובני,IL,לחם 100% מלא דוידובי,,750.00,100 גרם,false,,15.90,0.0212,true,1,503518
7290006322968,false,לחם זיץ ברויט דוידוב,מאפיית דווידוביץ ובנ,IL,לחם זיץ ברויט דוידוב,קילוגרמים,1.20,"ק""ג",false,,22.90,19.0833,true,1,503676
7290006342065,false,בוטנים קלויים 200 ג ששון הקולה,,,בוטנים קלויים 200 ג,,200.00,100 גרם,false,,8.90,0.0445,true,1,6561
7290006342072,false,גרעין דלעת קלוי ששון,דין שיווק,IL,גרעין לבן 200 גרם,,200.00,100 גרם,false,,10.90,0.0545,true,1,6562
7290006374738,false,קונפיטורה תות 340 ג' יד מרדכי,אף.סי תבליני בגליל ב,IL,קונפיטורת תות יד מור,,340.00,100 גרם,false,,13.90,0.0409,true,1,25397
7290006449955,false,מלפפון בייבי מארז,"מרינה פטריות הגליל בע""מ",IL,מלפפון בייבי,,1.00,יח',false,,9.90,9.9000,true,1,330285
7290006459510,false,נרות חנוכה 44 יח,מנורה,,נרות חנוכה שקד,,157.00,100 גרם,false,,3.30,0.0210,true,1,507195
7290006459527,false,נרות חנוכה לוקס שקד,,,נרות חנוכה לוקס שקד,,330.00,100 גרם,false,,6.90,0.0209,true,1,507196
7290006492432,false,גבינת מוצרלה בייבי 18% 300 ג' גד,מחלבות גד בעמ,IL,גד בייבי מוצרלה 150ג,,170.00,100 גרם,false,,17.00,0.1000,true,1,16768
7290006492616,false,גבינה בולגרית פרוסות 5% 250 ג' גד,DSH עבור מחלבות גד ב,IL,גד בולגרית פרוסות 5%,,250.00,100 גרם,false,,30.50,0.1220,true,1,16770
7290006492685,false,לאבנה עיזים 5% 250 גרם - רובין,מחלבות גד בעמ,IL,גד לאבנה עזים 3% 250,,250.00,100 גרם,false,,20.40,0.0816,true,1,16773
7290006492852,false,גבינת עיזים למריחה 5% שומן 250 ג' גד,קריות זול,IL,גד גבינת עיזים למריח,,250.00,100 גרם,false,,20.00,0.0800,true,1,16774
7290006511157,false,"פטריות שלמות ויליפוד 400 גרם בד""ץ",אוקצ'מפס אס.איי אויי,PL,פטריות שלמות שמפיניו,,230.00,100 גרם,false,,8.50,0.0370,true,1,4874
7290006511751,false,פטריות שמפניון חתוך ויליפוד 290X3 ג' בד”צ,לוטס,,פטריות חתוכות ויליפו,,870.00,100 גרם,false,,13.00,0.0149,true,1,4877
7290006567048,false,קוסקוס ישראלי מפתול אסם 350ג',"מיוצר ע""י קוד יצרן K",IL,קוסקוס ישראלי בשקית,,350.00,100 גרם,false,,8.90,0.0254,true,1,68398
7290006644480,false,"תפוזינה תפוזים 500 מ""ל","יפאורה תבורי בע""מ",IL,משקה תפוזים Move תפו,,500.00,"100 מ""ל",false,,6.20,0.0124,true,1,13549
7290006644510,false,"מיץ ענבים 500 מ""ל תפוזינה","יפאורה תבורי בע""מ",IL,משקה ענבים Move תפוז,,500.00,"100 מ""ל",false,,6.20,0.0124,true,1,115087
7290006644527,false,"תפוזינה תות בננה 500 מ""ל","יפאורה תבורי בע""מ",IL,משקה תות בננה Move ת,,500.00,"100 מ""ל",false,,6.20,0.0124,true,1,13553
7290006653765,false,פסטה פרפקטו פטוציני 500ג' אסם,קריות זול,IT,פטוציני פרפקטו 500 ג,,500.00,100 גרם,false,,7.90,0.0158,true,1,22628
7290006653819,false,קוסקוס דק בשקית אסם,"מיוצר ע""י קוד יצרן K",IL,קוסקוס דק בשקית אסם,,350.00,100 גרם,false,,8.90,0.0254,true,1,22629
7290006664310,false,גבינה לבנה 3% שומן 250 ג' שטראוס,מיוצר עי קונדיטוריית,IL,גבינה 3% סקי 250 גרם,,250.00,100 גרם,false,,4.80,0.0192,true,1,26108
7290006664402,false,גבינה 5% שומן 750 ג' שטראוס,מיוצר עי קונדיטוריית,IL,שטראוס גבינה 5% 750ג,,750.00,100 גרם,false,,14.25,0.0190,true,1,26110
7290006664532,false,יוגורט עם תות 3% שומן 150 ג' דנונה,מיוצר עי קונדיטוריית,IL,דנונה תות 3% 150מל,,150.00,100 גרם,false,,3.90,0.0260,true,1,26111
7290006664655,false,"אקטימל לבן טבעי מארז 100X8 מ""ל",מיוצר עי קונדיטוריית,IL,אקטימל טבעי 8*100מל,,800.00,"100 מ""ל",false,,22.90,0.0286,true,1,26113
7290006664693,false,יוגורט עם אפרסק 3% שומן 150 ג' דנונה,מיוצר עי קונדיטוריית,IL,דנונה אפרסק 3% 150מל,,150.00,100 גרם,false,,3.90,0.0260,true,1,26114
7290006664990,false,דנונה ביו מארז חיסכון 1.5% 8 יח' *150 ג',מיוצר עי קונדיטוריית,IL,דנונה ביו מארז חיסכו,קילוגרמים,1.20,"ק""ג",false,,17.90,14.9167,true,1,26117
7290006681003,false,גלידה תות לימון סורבה 1.33 ל' קרמיסימו,"גלידת שטראוס בע""מ, ר",IL,קרמיסימו תות לימון ס,ליטרים,1.33,ליטר,false,,21.90,16.4662,true,1,6089
7290006704511,false,"תפו""א גמדי אדום למיקרו מרינה 750ג'","מרינה פטריות הגליל בע""מ",IL,תפוא ננסי מיקרוגל,,750.00,100 גרם,false,,7.90,0.0105,true,1,2855
7290006737878,false,מארז קרטונייה סביבון/נר חנוכה,,,מארז קרטוניה סביבון.,יחידה,0.00,יחידה,false,,6.90,0.0000,true,1,15558
7290006739544,false,כתף בקר 300 ג' זוגלובק,זוגלובק,IL,כתף בקר זוגלובק 300,,300.00,100 גרם,false,,34.90,0.1163,true,1,44037
7290006742292,false,פסטרמה הודו בדבש 330 ג' זוגלובק,נקניק נהריה כשר זוגל,IL,פסטרממיה בדבש 1% 330,,330.00,100 גרם,false,,33.90,0.1027,true,1,44063
7290006764072,false,"גולדסטאר בירה בק חוזר 500 מ""ל","טמפו משקאות בע""מ",IL,גולדסטאר בירה בק חוז,,500.00,"100 מ""ל",false,,7.90,0.0158,true,1,11542
7290006784308,false,"PURE מבשם אוויר ניחוח חופשה בפרובנס 400 מ""ל",,,"מבשם אוויר 400 מ""ל נ",,400.00,"100 מ""ל",false,,10.90,0.0273,true,1,364457
7290006784469,false,"PURE מבשם אוויר ניחוח חופשה במיקונוס 400 מ""ל",,,"מבשם אוויר 400 מ""ל נ",,400.00,"100 מ""ל",false,,10.90,0.0273,true,1,364472
7290006804877,false,פיתה ביס פילסברי 1/,פילסברי,,פיתלה 10 יח',,1.00,יח',false,,12.90,12.9000,true,1,216716
7290006804907,false,פיתות אסלי קפוא 5 יח' אפיה,פילסברי,,פיתות אסלי 5 יח',,500.00,100 גרם,false,,8.90,0.0178,true,1,216717
7290006805850,false,תערובת להכנת פנקייקס 500ג' פילסברי,הדקלאים אגודת שיתופי,IL,תערובת להכנת פנקייקס,,500.00,100 גרם,false,,19.90,0.0398,true,1,119381
7290006983152,false,קרוטונים מתובלים למרק 400 ג' אסם,עינת תעשיות מזון,IL,קרוטונים מתובלים אסם,,400.00,100 גרם,false,,20.90,0.0522,true,1,68403
7290006983763,false,עוגת הבית שוקולד 400 גרם אסם.,מיוצר עי קונדיטוריית,IL,עוגת הבית שוקולד 400,,400.00,100 גרם,false,,14.90,0.0373,true,1,22637
7290006983770,false,עוגת הבית שיש 400 ג' אסם,מיוצר עי קונדיטוריית,IL,עוגת הבית שיש 400גר,,400.00,100 גרם,false,,14.90,0.0373,true,1,22638
7290006983787,false,עוגת הבית שוקוציפס 400 גרם אסם,מיוצר עי קונדיטוריית,IL,עוגת הבית שוקוציפס 4,,400.00,100 גרם,false,,14.90,0.0373,true,1,22639
7290006983794,false,עוגת הבית תפוז 400 ג' אסם,מיוצר עי קונדיטוריית,IL,עוגת הבית תפוז 400גר,,400.00,100 גרם,false,,14.90,0.0373,true,1,22640
7290006992208,false,מטרנה - דייסת דגנים מעורבים 200 גרם,מטרנה תעשיות ש.מ,IL,מטרנה דייסת דגנים פר,,200.00,100 גרם,false,,15.90,0.0795,true,1,22646
7290008116541,false,"שטיפת פה ליסטרין קול מינט 500 מ""ל",ג'ונסון אנד ג'ונסון,IT,מי פה ליסטרין בטעם מ,,500.00,"100 מ""ל",false,,23.90,0.0478,true,1,32870
7290008116565,false,מי פה ליסטרין פרש בר,ג'ונסון אנד ג'ונסון,IT,מי פה פרש ליסטרין 50,,500.00,"100 מ""ל",false,,23.90,0.0478,true,1,32872
7290008175210,false,גבינת פרמזן מגורדת 90ג' ויליפוד,זנטי אס.איי.,IT,וילי פוד פרמזן מגורד,,90.00,100 גרם,false,,18.20,0.2022,true,1,115040
7290008268288,true,מארז תפוח קריפס פינק,,,מארז תפוח קריפס פינק,,900.00,100 גרם,false,,13.90,0.0154,true,1,516940
7290008268301,false,אוכמניות יחידה,מרינה,IL,אוכמניות,,120.00,100 גרם,false,,14.90,0.1242,true,1,144663
7290008268455,false,קיווי ישראלי בראשית,חקלאי,IL,קיווי ארוז בראשית,,1.00,יח',false,,12.90,12.9000,true,1,370735
7290008333115,false,אבקת ג'לטין טהור נטו 28 ג',ג'ליק פיניור,,.ג'לטין טהור 28 גר,,28.00,100 גרם,false,,11.50,0.4107,true,1,19963
7290008344272,false,המבורגר 100% 400 ג' טיבון ויל,טיבון ויל אחזקות בעמ,IL,המבורגר 100% 400 ג'-,,400.00,100 גרם,false,,23.90,0.0597,true,1,19995
7290008345583,false,"סלט איקרה ורודה, 300 גרם דלידג",כלורוקס אוקלנד,IL,300 איקרה ביתית ורוד,,300.00,100 גרם,false,,20.90,0.0697,true,1,20003
7290008347211,false,אצבעות דג מצופות נטו,אף.סי תבליני בגליל ב,IL,דלידג אצבעות דג 700,,700.00,100 גרם,false,,27.90,0.0399,true,1,20005
7290008409124,false,מאמא עוף קפוא שניצל ג'ונגל פריך 700 גרם,תנובה גליל שותפות מו,IL,מאמא עוף קפוא שניצל,,700.00,100 גרם,false,,38.90,0.0556,true,1,29603
7290008409216,false,מאמא עוף קפוא שניצל דק פריך 700 גרם,תנובה גליל,IL,מאמא עוף קפוא שניצל,,700.00,100 גרם,false,,43.90,0.0627,true,1,29604
7290008409315,false,מיני מיני דק שניצלונים בציפוי פריך מאמא עוף 500 ג',תנובה גליל,IL,מאמא עוף מיני דק שני,,500.00,100 גרם,false,,29.50,0.0590,true,1,29607
7290008409568,false,שניצל ציפס אמיתי מאמא עוף 700 ג',תנובה גליל שותפות מו,IL,שניצל ציפס אמיתי מאמ,,700.00,100 גרם,false,,44.50,0.0636,true,1,29616
7290008409582,false,שניצל אמיתי בציפוי ביתי מאמא עוף 700 ג',תנובה גליל שותפות מו,IL,שניצל אמיתי בציפוי ב,,700.00,100 גרם,false,,44.50,0.0636,true,1,29618
7290008409605,false,כוכבי עוף מאמא עוף 700 גר',תנובה גליל שותפות מו,IL,כוכבי עוף בציפוי מעו,,700.00,100 גרם,false,,38.90,0.0556,true,1,69380
7290008443616,false,"מרכך לשיער יבש אדום 750 מ""ל נקה 7",אמיליה קוסמטיקס בעמ,IL,מרכך לשיער יבש אדום,,750.00,"100 מ""ל",false,,12.90,0.0172,true,1,33563
7290008464208,false,מכבי 7.9% בקבוק בודד 330 מל,טמפו משקאות בע''מ,IL,בירה מכבי 7.9% בקבוק,,330.00,"100 מ""ל",false,,6.50,0.0197,true,1,338688
7290008464345,false,"בירה גולדסטאר בקבוק 330 מ""ל",טמפו משקאות בע''מ,IL,"גולדסטאר בירה ח""פ 33",יחידה,330.00,יחידה,false,,8.70,0.0264,true,1,119061
7290008464468,false,"בירה גולדסטאר פחית 500 מ""ל","טמפו משקות בע""מ",IL,"גולדסטאר פחית 500מ""ל",,500.00,"100 ק""ג",false,,9.90,0.0198,true,1,11570
7290008464604,false,"בירה היינקן פחית 500מ""ל",טמפו משקאות בע''מ,NL,הייניקן בירה פח 500מ,,500.00,"100 מ""ל",false,,13.90,0.0278,true,1,11577
7290008464697,false,"בירה מכבי 7.9% מארז 330X6 מ""ל",טמפו,,מכבי 7.9% בקבוק 6* 3,ליטרים,1.98,ליטר,false,,37.90,19.1414,true,1,67194
7290008464703,false,"שישיית בירה מכבי 6 *330מ""ל",טמפו,,בירה מכבי מארז 6 *33,ליטרים,1.98,ליטר,false,,36.90,18.6364,true,1,67195
7290008464741,false,"בירה גולדסטאר בק' מארז 330X6מ""ל",קריות זול,IL,"גולדסטאר ח""פ בקבוק 6",ליטרים,1.98,ליטר,false,,40.90,20.6566,true,1,11581
7290008464796,false,"בירה היינקין ח""פ בקבוק 330X6מ""ל",קריות זול,IL,"הייניקן בקבוק ח""פ 6*",ליטרים,1.98,ליטר,false,,46.90,23.6869,true,1,11584
7290008500159,false,עוגת שמרים טעם גבינה,,,עוגת שמרים טעם גבינה,,480.00,100 גרם,false,,27.90,0.0581,true,1,298226
7290008644235,false,עלי בייבי טעם הטבע 1,שטראוס בריאות ירקות,IL,עלי בייבי 120 ג ירקו,,120.00,100 גרם,false,,10.90,0.0908,true,1,55931
7290008670159,false,"יין רקנאטי יסמין לבן 750 מ""ל","יקבי רקנאטי בע""מ",IL,רקנאטי יסמין לבן 750,,750.00,"100 מ""ל",false,,39.90,0.0532,true,1,9333
7290008690713,false,פריגת אושן ספריי חמוציות 1ל',מבשלות בירה בינלאומי,IL,אושן ספרי חמוציות 1ל,ליטרים,1.00,ליטר,false,,13.50,13.5000,true,1,9019
7290008693134,false,מעדן גבינה ויוגורט בטעם תות 5% שומן 88 ג' דניאלה,"שטראוס בריאות בע""מ",IL,דניאלה תות מעדן גבינ,,150.00,"100 ק""ג",false,,4.50,0.0300,true,1,26124
7290008713900,false,לחם שיפון עגול 750 ג' אנג'ל,מאפיית אנג'ל אורנים,IL,לחם שיפון עגול אנגל,,750.00,100 גרם,false,,14.90,0.0199,true,1,69918
7290008745239,false,תפוצ'יפס אקסטרא טבעי 50 ג',"שטראוס פריטו ליי בע""",IL,תפוציפס קראנץ טבעי 5,,50.00,100 גרם,false,,4.50,0.0900,true,1,26631
7290008752244,false,תפוצ'יפס אקסטרא גריל 50 גרם,"שטראוס פריטו ליי בע""",IL,תפוציפס קראנץ גריל 5,,50.00,100 גרם,false,,4.50,0.0900,true,1,26639
7290008753111,false,תפוציפס קראנץ מקסיקנ,"שטראוס פריטו ליי בע""",IL,תפוציפס מקסיקני 50גר,,50.00,100 גרם,false,,4.50,0.0900,true,1,26641
7290008754040,false,ממרח פרה שוקולד 850 גר - מגדים,STRAUSS-ISRAEL,IL,ממרח פרה שוקולד 850,,850.00,100 גרם,false,,17.90,0.0211,true,1,25415
7290008757034,false,"שוופס סודה זכוכית 250 מ""ל","יפאורה תבורי בע""מ",IL,"סודה שוופס 250 מ""ל ב",,250.00,"100 מ""ל",false,,4.50,0.0180,true,1,13567
7290008757980,false,נקטר ספרינג רימונים קרטונית 1 ל',"יפאורה תבורי בע""מ",IL,ספרינג רימונים 1ל,ליטרים,1.00,ליטר,false,,7.90,7.9000,true,1,13594
7290008775816,false,ערגליות שוקו חדש12*300גרם 2020,מיוצר עי קונדיטוריית,IL,ערגליות שוקולד 300 ג,,300.00,100 גרם,false,,11.90,0.0397,true,1,22649
7290008775823,false,ערגליות תות חדש12*300גרם 2020,מיוצר עי קונדיטוריית,IL,ערגליות תות שדה 300,,300.00,100 גרם,false,,11.90,0.0397,true,1,22650
7290008802512,false,"יין וינו אדום יבש 750 מ""ל","כד בני דרום בע""מ",IL,יין וינו אדום יבש,,750.00,"100 מ""ל",false,,23.90,0.0319,true,1,528
7290008805520,false,"יין סלקטד קברנה מרלו 750מ""ל","כד בני דרום בע""מ",IL,יין סלקטד קברנה סובנ,,750.00,"100 מ""ל",false,,32.90,0.0439,true,1,549
7290008806985,false,נישנושים גלידה שוקו וניל בציפוי שוקולד 60 יח' קרמיסימו,שטראוס גלידות,IL,קרמיסימו נישנושים ש.,,630.00,100 גרם,false,,50.90,0.0808,true,1,6105
7290008849845,false,ממרח אוליביה אריסה פיקנטי 180 ג',"אוליביה גרומה בע""מ",IL,אוליביה אריסה פיקנטי,,185.00,100 גרם,false,,12.90,0.0697,true,1,126963
7290009018004,false,פיקדון בקבוק/פחית בו,Unknown,,פיקדון בקבוק/פחית בו,יחידה,0.00,יחידה,false,,0.30,0.0000,true,1,49
7290009018011,false,פיקדון בקבוק/פחיות ש,,,פיקדון בקבוק/פחיות ש,יחידה,0.00,יחידה,false,,1.80,0.0000,true,1,864
7290009018264,false,פיקדון בקבוק/פחית רב,,,פיקדון בקבוק/פחית רב,יחידה,0.00,יחידה,false,,1.20,0.0000,true,1,635
7290009174397,false,כריך עובד מגה,,,כריך עובד מגה,יחידה,0.00,יחידה,false,,1.50,0.0000,true,1,56003
7290009377354,false,6804426 מארז8 לחמניו,,,6804426 מארז8 לחמניו,יחידה,0.00,יחידה,false,,9.90,0.0000,true,1,118293
7290010002030,false,מימון כמון במיכל 100,א.ל ייצור ושיווק תבל,IL,מימון כמון במיכל 100,,100.00,100 גרם,false,,12.90,0.1290,true,1,171
7290010002207,false,מימון קינמון טחון במ,א.ל ייצור ושיווק תבל,IL,מימון קינמון טחון במ,,100.00,100 גרם,false,,10.50,0.1050,true,1,185
7290010002290,false,תיבול לשווארמה 100 גרם,א.ל ייצור ושיווק תבל,IL,מימון תערובת לשווארמ,,100.00,100 גרם,false,,12.90,0.1290,true,1,189
7290010002344,false,מימון תיבול לדג 100,,,מימון תיבול לדג 100,,100.00,100 גרם,false,,12.90,0.1290,true,1,194
7290010002375,false,מימון קארי 100 גרם,א.ל ייצור ושיווק תבל,IL,מימון קארי 100 גרם,,100.00,100 גרם,false,,12.90,0.1290,true,1,197
7290010003075,false,פפריקה מרוקאית מתוקה 400 גרם,TLV צ'יף,IL,מימון פפריקה מרוקאית,,400.00,100 גרם,false,,27.40,0.0685,true,1,211
7290010003693,false,מימון פפריקה מתוקה ש,TLV צ'יף,IL,מימון פפריקה מתוקה ש,,80.00,100 גרם,false,,6.50,0.0813,true,1,217
7290010003709,false,מימון פלפל שחור טחון,TLV צ'יף,IL,מימון פלפל שחור טחון,,50.00,100 גרם,false,,8.70,0.1740,true,1,218
7290010003754,false,מימון כמון טחון שקית,TLV צ'יף,IL,מימון כמון טחון שקית,,50.00,100 גרם,false,,6.50,0.1300,true,1,219
7290010003761,false,מימון כורכום טחון שק,א.ל ייצור ושיווק תבל,IL,מימון כורכום טחון שק,,80.00,100 גרם,false,,6.50,0.0813,true,1,220
7290010003792,false,מימון מלח לימון שקית,א.ל ייצור ושיווק תבל,IL,מימון מלח לימון שקית,,100.00,100 גרם,false,,6.50,0.0650,true,1,223
7290010003808,false,מימון זעתר ושומשום ש,TLV צ'יף,IL,מימון זעתר ושומשום ש,,80.00,100 גרם,false,,6.50,0.0813,true,1,224
7290010003839,false,מימון קינמון טחון שק,TLV צ'יף,IL,מימון קינמון טחון שק,,80.00,100 גרם,false,,6.50,0.0813,true,1,227
7290010003846,false,מימון אורגנו שקית 20,,,מימון אורגנו שקית 20,,20.00,100 גרם,false,,6.50,0.3250,true,1,228
7290010066025,false,טונה בשמן פילטונה 158גרם,,,טונה בשמן פילטונה 15,,170.00,100 גרם,false,,6.90,0.0406,true,1,325630
7290010066513,false,נתחי טונה בשמן צמחי רביעיה *158ג' פילטונה,,,נתחי טונה בשמן צמחי,,632.00,100 גרם,false,,25.90,0.0410,true,1,29673
7290010066575,false,נתחי טונה במים רביעיה *158ג' פילטונה,,,נתחי טונה במים פילטו,,632.00,100 גרם,false,,25.90,0.0410,true,1,29675
7290010066599,false,נתחי טונה בשמן זית 4*158ג' פילטונה,תעשיות פילטונה,IL,נתחי טונה בשמן זית פ,,632.00,100 גרם,false,,31.90,0.0505,true,1,94298
7290010116980,false,אבקת שוקולית שקית עלית 850 ג',הנסיך- מפעל לייצור ט,IL,שוקולית 850 גרם,,850.00,100 גרם,false,,18.90,0.0222,true,1,25429
7290010124213,false,סינטה בקר דק דק אל מטאדור 250 ג',בלאדי,IL,סינטה בקר דק דק אל מ,,250.00,100 גרם,false,,18.90,0.0756,true,1,143406
7290010129010,false,עוגיות כתר ריבה 600,קריניציה ויטמינה אס,IL,עוגיות ריבה 600גר,,600.00,100 גרם,false,,21.90,0.0365,true,1,120250
7290010154012,false,לימון בלאדי - סלט לימון כבוש,תבליני ביטון יוחאי,IL,לימון כבוש 250 ביטון,,250.00,100 גרם,false,,15.90,0.0636,true,1,20017
7290010154685,false,סלט שום כתוש 250 ג' ביטון יוחאי,תבליני ביטון יוחאי,IL,סלט שום כתוש 250 גר',,250.00,100 גרם,false,,15.90,0.0636,true,1,123296
7290010192007,false,פטרוזיליה,,,פטרוזיליה,,1.00,יח',false,,4.90,4.9000,true,1,2882
7290010192014,false,שמיר,,,שמיר,,1.00,יח',false,,4.90,4.9000,true,1,2883
7290010192021,false,כוסברה ארוז,,,כוסברה,,1.00,יח',false,,4.90,4.9000,true,1,2884
7290010192038,false,שורש פטרוזיליה ארוז,,,שורש פטרוזיליה ארוז,,1.00,יח',false,,6.90,6.9000,true,1,2885
7290010192045,false,נענע יחידה,,,נענע יחידה,,1.00,יח',false,,4.90,4.9000,true,1,2886
7290010192052,false,סלרי עלים (אמריקאי),,,סלרי עלים (אמריקאי),,1.00,יח',false,,6.90,6.9000,true,1,2887
7290010192069,false,סלרי ראש ארוז,,,סלרי ראש ארוז,,1.00,יח',false,,6.90,6.9000,true,1,2888
7290010199907,false,"סבון ידיים משאבה תה ירוק סטייל 500 מ""ל",דולפין ספא,TR,אלסבון ידיים תה ירוק,,500.00,"100 מ""ל",false,,8.50,0.0170,true,1,5748
7290010237890,false,"בירה הייניקן בקבוק 500 מ""ל חוזר",טמפו משקאות בע''מ,IL,הייניקן בירה בקבוק ח,,500.00,"100 ק""ג",false,,11.50,0.0230,true,1,11606
7290010259823,false,מנת השף מרק עם נודלס טעם עוף בדץ 70ג,נמצ'או(תאילנד) בעמ,TH,נודלס בטעם עוף מנת ה,,70.00,100 גרם,false,,5.90,0.0843,true,1,118463
7290010279227,false,"זיקוק 15 ס""מ 6 בשקית",,,זיקוק 15 ס`מ 6 יח`,יחידה,0.00,יחידה,false,,15.90,0.0000,true,1,36406
7290010627004,false,טחינה גולמית מסורתית ירושלים 500 ג',"בראשית ירושלים בע""מ",IL,טחינה ירושלים 500 גר,,500.00,100 גרם,false,,17.90,0.0358,true,1,27426
7290010711031,false,מברשת אבק גדולה 1522,מ.א. ייצור ויבוא מטליות,,מברשת אבק גדולה 1522,יחידה,0.00,יחידה,false,,14.90,0.0000,true,1,15808
7290010711550,false,דלי שטיפה עם פיה ( 1,,,דלי שטיפה עם פיה ( 1,יחידה,0.00,יחידה,false,,11.90,0.0000,true,1,15829
7290010931330,false,סלט מטבוחה אחלה 500ג,מיוצר עי קונדיטוריית,IL,אחלה מטבוחה 500ג,,500.00,100 גרם,false,,15.90,0.0318,true,1,26133
7290010945146,false,קוטג' 3% מועשר בסידן טרה 250 ג' מהדרין,קריות זול,IL,טרה קוטג מועשר 3% 25,,250.00,100 גרם,false,,5.50,0.0220,true,1,8513
7290010945450,false,טרה גבינה לבנה מהדרין 3% 250ג,קריות זול,IL,טרה גבינה לבנה מהדרי,,250.00,100 גרם,false,,4.98,0.0199,true,1,8517
7290011017729,false,סודה לימון 1.5 ליטר,,,סודה לימון 1.5 ליטר,ליטרים,1.50,ליטר,false,,3.90,2.6000,true,1,9074
7290011017866,false,קוקה קולה קלאסי בפחית,החברה המרכזית לייצור,IL,קוקה קולה פחית סליק,,330.00,"100 ק""ג",false,,5.70,0.0173,true,1,9078
7290011017873,false,"קוקה קולה זירו פחית 330 מ""ל",החברה המרכזית לייצור,IL,ZERO קולה פחית סליק,,330.00,"100 מ""ל",false,,5.50,0.0167,true,1,9079
7290011018368,false,שישיית בירה ויינשטפן,"ויינשטפן, ת.ד 1155 פ",DE,ויינשטפן בירה לבנה 6,ליטרים,1.98,ליטר,false,,76.70,38.7374,true,1,66958
7290011018443,false,"פנטה אורנג פחית סליק 330 מ""ל",החברה המרכזית לייצור,IL,פאנטה אורנג פחית סלי,,330.00,"100 מ""ל",false,,5.70,0.0173,true,1,9102
7290011051525,false,ספרינג טי קר אפרסק 500מל,,,ספרינג טי קר אפרסק 5,,500.00,"100 מ""ל",false,,6.50,0.0130,true,1,13610
7290011126452,false,תה הגן הקסום קמומיל ונענע 25 יח',קריות זול,IL,תה קמומיל ונענע 1.5ג,,37.50,100 גרם,false,,19.90,0.5307,true,1,27437
7290011148911,false,פלפלים מתוקים טינקרב,מרינה פטריות הגליל,IL,פלפלים מתוקים טינקרב,,300.00,100 גרם,false,,9.90,0.0330,true,1,2945
7290011194215,false,מעדן גבינה ויוגורט בטעם בננה 5% שומן 88 ג' דניאלה,"שטראוס בריאות בע""מ",IL,"דניאלה בננה 150 מ""ל",,150.00,"100 מ""ל",false,,4.50,0.0300,true,1,26134
7290011194246,false,קוטג שטראוס 5% עם סידן 250ג,מיוצר עי קונדיטוריית,IL,קוטג שטראוס 5% עם סי,,250.00,100 גרם,false,,6.00,0.0240,true,1,26135
7290011312381,false,פטריות חורש למנגל 320 ג',"מרינה פטריות הגליל בע""מ",IL,פורטבלה על אש מרינה,,300.00,100 גרם,false,,16.90,0.0563,true,1,115205
7290011378028,false,חלבה קלאסית בטעם וניל ללא תוספת סוכר,רושדי תעשיות מזון בע,IL,בארכה חלבה וניל ללא,,350.00,100 גרם,false,,15.90,0.0454,true,1,22659
7290011379018,false,פטריות טריות מיקס מרינה זוגי 250X2ג',"מרינה פטריות הגליל בע""מ",IL,פטריות צמד חמד,,500.00,100 גרם,false,,16.90,0.0338,true,1,2949
7290011438142,false,"משקה יטבתה אייס קפה בבקבוק אישי 350 מ""ל",שטראוס גרופ,IL,יטבתה אייס קפה בבקבו,,350.00,"100 מ""ל",false,,6.90,0.0197,true,1,26141
7290011499105,false,בולגרית מסורתית 5% 250 גרם -רבנות,ג'נרל מילס סאן אדריא,IL,גד בולגרית 5% 250ג,,250.00,100 גרם,false,,24.90,0.0996,true,1,16777
7290011499129,false,בולגרית מעודנת קוביות קטנות 5% 200 גרם - רבנות,קוד יצרן DSH,IL,גד בולגרית מעודנת קו,,200.00,100 גרם,false,,25.30,0.1265,true,1,16779
7290011499846,false,גבינת ריקוטה פרסקה 9% 300 ג' גד,מחלבות גד בעמ,IL,גד ריקוטה פרסקה 5% 3,,300.00,100 גרם,false,,20.50,0.0683,true,1,16808
7290011515683,false,מעדן קפוא אקסטרים Extreme בטעם וניל - 6 יח',תות תעשיות מזון (201,IL,אקסטרים וניל מאגדת 6,,432.00,100 גרם,false,,39.90,0.0924,true,1,18320
7290011518561,false,"אקטימל תות משפחתי מארז 14X100מ""ל",מיוצר עי קונדיטוריית,IL,אקטימל תות משפחתי 14,ליטרים,1.40,ליטר,false,,32.90,23.5000,true,1,26146
7290011530945,false,קרפציו עגל פרימיום 2,בלדי,IL,קרפציו עגל 210 גר',,210.00,100 גרם,false,,40.90,0.1948,true,1,202489
7290011553876,false,פרורי לחם קלאסי שקית,,,פרורי לחם קלאסי שקית,,800.00,100 גרם,false,,12.90,0.0161,true,1,507198
7290011553883,false,פרורים מוזהבים שקית,,,פרורים מוזהבים שקית,,800.00,100 גרם,false,,12.90,0.0161,true,1,507216
7290011587468,false,מוזלי קראנצ'י בתוספת אגוזים,ויטליה,,מוזלי קראנצ + אגוז ת,,600.00,100 גרם,false,,16.90,0.0282,true,1,69245
7290011593087,false,"שמן זית כתית מעולה 750 מ""ל סבא חביב",סאן אויל עיבוד ושיוו,IL,סבא חביב שמן זית כתי,,750.00,"100 מ""ל",false,,33.90,0.0452,true,1,52953
7290011593704,false,"שמן זית סורי 750 מ""ל סבא חביב",,,שמן זית סורי הסדרה ה,,750.00,"100 מ""ל",false,,44.00,0.0587,true,1,489055
7290011593742,false,"שמן זית פיקואל 750 מ""ל סבא חביב",,,שמן זית פיקואל הסדרה,,750.00,"100 מ""ל",false,,44.00,0.0587,true,1,492002
7290011598211,false,"סנו - אנטי קאלק מרסס ניקוי כללי 4 ב-1 700 מ""ל",מיוצר עי קונדיטוריית,IL,מנקה כללי אנטיקאלק 7,,700.00,"100 מ""ל",false,,19.90,0.0284,true,1,33733
7290011598402,false,מרכך כביסה מקסימה מאסק ורוד 4 ל' סנו,סנו מקסימה,IL,מרכך כביסה סנו מקסימ,ליטרים,4.00,ליטר,false,,23.90,5.9750,true,1,33737
7290011622756,false,ביסקוויטמינים פלוס ש,,,ביסקוויטמינים פלוס ש,,150.00,100 גרם,false,,17.50,0.1167,true,1,248501
7290011723200,false,טחינה הר ברכה טחינה,הר ברכה תעשיות,,טחינה הר ברכה טחינה,,500.00,100 גרם,false,,21.90,0.0438,true,1,79061
7290011860271,false,ביסבול כדורי פירה בציפוי פריך,"תעשיות תפוגן בע""מ",IL,תפוגן ביס בול טבעי 7,,700.00,100 גרם,false,,17.90,0.0256,true,1,23445
7290011877859,false,סנו אינסטלטור חדש פותח סתימות 200ג',מיוצר עי קונדיטוריית,IL,סנו אינסטלטור פותח ס,,200.00,"100 מ""ל",false,,16.90,0.0845,true,1,33771
7290011912642,false,מי פה ליסטרין מנטה רענן,ליסטרין Listerine,,מי פה טאגד ליסטרין 5,,500.00,"100 מ""ל",false,,23.90,0.0478,true,1,32895
7290012001994,false,חרדל דיז'ון גרעינים 350 ג' ריין דיזון,ריין דיז'ון reine dijon,FR,חרדל דיגון גרעינים 3,,350.00,100 גרם,false,,13.90,0.0397,true,1,7257
7290012019265,false,"רסק תפו""ע דיאט תומר מארז 113X4ג'",Cherry growers inc,,"מחית תפו""ע ללא סוכר",,452.00,100 גרם,false,,11.90,0.0263,true,1,27748
7290012086113,false,עגבניות שרי צימן קופסא 500ג',ירקט,IL,עגבניות שרי,,500.00,100 גרם,false,,9.90,0.0198,true,1,2954
7290012117091,false,אבקת -כביסה סנו מקסימה סנסיטיב 6 קג,סנו מקסימה,IL,אבקת כביסה סנו מקסימ,קילוגרמים,6.00,"ק""ג",false,,51.90,8.6500,true,1,33805
7290012117350,false,ריצפז פרש 2 ליטר לילך לבנדר,"סנו מפעלי ברונוס בע""",IL,ריצפז פרש לילך לבנדר,ליטרים,2.00,ליטר,false,,19.90,9.9500,true,1,33807
7290012117558,false,מרכך כביסה קומפקט מאסק ורוד סנו מקסימה 1 ל',"סנו מפעלי ברונוס בע""",IL,סנו מקסימה מרכך קומפ,יחידה,0.00,יחידה,false,,18.90,0.0000,true,1,33818
7290012117565,false,כפפות לטקס 100 יח' - S סנו סושי,סנו סושי,IL,סנו סושי 100 כפפות ל,יחידה,0.00,יחידה,false,,44.90,0.0000,true,1,33819
7290012117572,false,כפפות לטקס 100 יח' - M סנו סושי,סנו סושי,TH,M סנו סושי כפפות לטק,יחידה,0.00,יחידה,false,,44.90,0.0000,true,1,33820
7290012117916,false,סנו אינסטלאטור פותח סתימות נוזלי 1 ל',"סנו מפעלי ברונוס בע""",IL,סנו אינסטלאטור פותח,יחידה,0.00,יחידה,false,,30.90,0.0000,true,1,33829
7290012226021,false,סלמי מעושן פראג יבש 400 ג' זוגלובק,נקניק נהריה כשר זוגל,IL,סלמי מעושן פראג יבש,,400.00,100 גרם,false,,23.90,0.0597,true,1,44072
7290012226120,false,קבנוס זוגלובק 135גר,נקניק נהריה כשר זוגל,IL,זוגלובק קבנוס 135ג.,,135.00,100 גרם,false,,12.90,0.0956,true,1,44073
7290012226342,false,נקניקיה טבעונית למחבת או לתנור עשירה בחלבון,זוגלו'ס Zoglos,,נקניקיה מן הצומח טבע,,460.00,100 גרם,false,,32.90,0.0715,true,1,122321
7290012226939,false,קבנוס עם צ'ילי חריף 135ג' זוגלובק,נקניק נהריה כשר זוגל,IL,זוגלובק קבנוס בטעם צ,,135.00,100 גרם,false,,12.90,0.0956,true,1,44080
7290012227912,false,קבנוס עודן 135 ג' זוגלובק,זוגלובק,,קבנוס מעודן זוגלובק,,135.00,100 גרם,false,,12.90,0.0956,true,1,44124
7290012227974,false,פסטרמה הודו בדבש טהור דק דק דק,זוגלובק,IL,זוגלובק פסטרמה בדבש,,120.00,100 גרם,false,,14.90,0.1242,true,1,109050
7290012227998,false,פסטרמה דק דק חזה בקר 120 ג' זוגלובק,זוגלובק,IL,זוגלובק חזה בקר 12,,120.00,100 גרם,false,,14.90,0.1242,true,1,109058
7290012372209,false,"קמח חיטה לבן 1 ק""ג רובינפלד",,,קמח חיטה לבן מנופה ר,קילוגרמים,1.00,"ק""ג",false,,8.90,8.9000,true,1,419274
7290012404955,false,ספרינג קולקשן נקטר חמוציות 1.25 ל',"יפאורה תבורי בע""מ",IL,ספרינג נקטר חמוציות,ליטרים,1.25,ליטר,false,,13.50,10.8000,true,1,13652
7290012522581,false,טבעול שניצל תירס ללא גלוטן טבעול 664 גרם,עיצובים 2020 (4.8),IL,טבעול שניצל תירס ללא,,664.00,100 גרם,false,,26.90,0.0405,true,1,68615
7290012561313,false,דורות בצל מטוגן 400 גר',עיצובים 2020 (3.8),IL,בצל מטוגן דורות 400,,400.00,100 גרם,false,,18.90,0.0472,true,1,333736
7290012576607,false,"יין פרימייר אדום קברנה סובניון ומלבק 750 מ""ל","ברקן שיווק והפצה בע""",IL,ברקן יין פרמייר אדום,,750.00,"100 מ""ל",false,,26.90,0.0359,true,1,11647
7290012576614,false,יין Premieur לבן חצי יבש אמרלד ריזלינג קולומברד,יקבי ברקן שיווק והפצ,IL,ברקן יין פרמייר לבן,,750.00,"100 מ""ל",false,,26.90,0.0359,true,1,11648
7290012803321,false,מרמולייט סוכרלוז 200 שקיות אישיות,מרמולייט,IL,מרמולייט סוכרלוז 200,,200.00,100 גרם,false,,44.90,0.2245,true,1,7885
7290012838026,false,עוגיות מלוחות עדי 35,,,עוגיות מלוחות עדי 35,,350.00,100 גרם,false,,16.90,0.0483,true,1,413993
7290012884986,false,תפוגן ציפס לתנור עד 4% שומן 1.5 קג,"תעשיות תפוגן בע""מ",IL,תפוגן ציפס לתנור עד,קילוגרמים,1.50,"ק""ג",false,,30.90,20.6000,true,1,23462
7290012901355,false,דודלס ארוחת אטריות עם גבינה 206 גרם,האי נאם סי או אל.טי.,US,דודלס ארוחת איטריות,,206.00,100 גרם,false,,11.90,0.0578,true,1,70200
7290012931116,false,מגב חד להב סיליקון,מ.א. ייצור ויבוא מטליות,,"מגב חד להב 40 ס""מ SH",יחידה,0.00,יחידה,false,,23.90,0.0000,true,1,15843
7290012931611,false,שייני כריות ברזל שלשייה,,,כריות ברזל שלישייה,יחידה,0.00,יחידה,false,,7.90,0.0000,true,1,15851
7290012936944,false,אגוז מוסקט טחון 40 גרם - חדש,,,מימון אגוז מוסקט טחו,,40.00,100 גרם,false,,15.90,0.3975,true,1,281
7290012962929,false,כפפות ניטרל סייף טאץ,,,כפפות ניטריל סייף טא,יחידה,0.00,יחידה,false,,29.90,0.0000,true,1,423563
7290013027399,false,לחם קמח מלא קל בתוספת שיפון 750 ג' אנג'ל,מאפיית שלמה א. אנג'ל,IL,לחם 100 בתוספת שיפון,,750.00,100 גרם,false,,15.90,0.0212,true,1,69938
7290013038432,false,מים מזוככים אקווה נובה,אקווה נובה Aqua Nova,IL,אקווה נובה 2 ליטר,ליטרים,2.00,ליטר,false,,4.90,2.4500,true,1,11653
7290013117212,false,בורקס פילו גבינה מעדנות מעדנות 600 ג',מיוצר עי קונדיטוריית,IL,בורקס פילו גבינה מעד,,600.00,100 גרם,false,,23.90,0.0398,true,1,40301
7290013117427,false,בצק פריך מרודד למאפים מלוחים 900 ג' מעדנות,מיוצר עי קונדיטוריית,IL,מעדנות בצק פריך מרוד,,900.00,100 גרם,false,,27.40,0.0304,true,1,70017
7290013144171,false,תערובת עוגת שוקולד מימונס 560 ג',מיוצר עי קונדיטוריית,IL,תערובת עוגת שוקולד 5,,560.00,100 גרם,false,,17.90,0.0320,true,1,67868
7290013144232,false,פודינג בטעם וניל מימונס 80 ג',מיוצר עי קונדיטוריית,IL,פודינג וניל מימונס 8,,80.00,100 גרם,false,,6.50,0.0813,true,1,17558
7290013144270,false,קרם פטיסייר מימונס 100 ג',מיוצר עי קונדיטוריית,IL,קרם פטיסייר 100 גרם,,100.00,100 גרם,false,,10.90,0.1090,true,1,17561
7290013144393,false,"תמצית בטעם וניל מימונס 50 מ""ל",מיוצר עי קונדיטוריית,IL,תמצית בטעם וניל 50גר,,50.00,100 גרם,false,,5.50,0.1100,true,1,17569
7290013144522,false,צבע מאכל ירוק מימונס 50 ג',מיוצר עי קונדיטוריית,IL,צבע מאכל ירוק 50גר,,50.00,100 גרם,false,,5.20,0.1040,true,1,17575
7290013144539,false,צבע מאכל אדום מימונס 50 ג',מיוצר עי קונדיטוריית,IL,צבע מאכל אדום 50גר,,50.00,100 גרם,false,,5.20,0.1040,true,1,17576
7290013144614,false,"סירופ מייפל אמיתי 100% מימונס 236 מ""ל",הנסיך- מפעל לייצור ט,DK,סירופ מייפל אמיתי 10,,236.00,"100 מ""ל",false,,44.90,0.1903,true,1,17579
7290013144751,false,מימונס סירופ בטעם מייפל 500 מל,,,מימונס סירופ בטעם מי,,500.00,"100 מ""ל",false,,14.90,0.0298,true,1,17580
7290013145093,false,שקד מולבן גרוס מימונס 100 ג',,,מימונס שקד מולבן גרו,,100.00,100 גרם,false,,13.90,0.1390,true,1,17592
7290013145109,false,שקד מולבן טחון מימונס 100 גר',,,מימונס שקד מולבן טחו,,100.00,100 גרם,false,,13.90,0.1390,true,1,17593
7290013145178,false,קוקוס טחון לבן מימונס 100 ג',,,קוקוס טחון לבן 100 ג,,100.00,100 גרם,false,,5.90,0.0590,true,1,17599
7290013145192,false,שומשום מימונס 100 ג',,,שומשום 100גר,,100.00,100 גרם,false,,6.90,0.0690,true,1,17600
7290013145277,false,עלים לקרמשניט 300 גר מימונס,,,עלים לקרמשניט 300 גר,,300.00,100 גרם,false,,19.90,0.0663,true,1,81238
7290013145444,false,שוקולד מריר מעולה ציפס 66% מימונס 250 ג',המאפיה של הרמן,IL,מימונס שוקולד ציפס 6,,250.00,100 גרם,false,,17.90,0.0716,true,1,17608
7290013145451,false,אבקת קקאו מימונס 150 ג',מיוצר עי קונדיטוריית,IL,מימונס קקאו 150 גר,,150.00,100 גרם,false,,10.90,0.0727,true,1,17609
7290013145840,false,סוכר וניל מימונס 10* 10 ג',מיוצר עי קונדיטוריית,IL,מימונס סוכר וניל 10*,,100.00,100 גרם,false,,3.50,0.0350,true,1,17631
7290013145857,false,אבקת אפייה 10 יח' בצלופן,י. כהן בעמ,IL,אבקת אפיה 10* 10 גרם,,100.00,100 גרם,false,,3.50,0.0350,true,1,17632
7290013145864,false,ג'לטין טהור מימונס 28 ג',א.ל ייצור ושיווק תבל,IL,מימונס ג`לטין טהור א,,28.00,100 גרם,false,,12.90,0.4607,true,1,17633
7290013145901,false,סודה לשתיה מימונס 100 ג',,,סודה לשתיה 100 גרם,,100.00,100 גרם,false,,2.90,0.0290,true,1,17635
7290013145949,false,אבקת סוכר באריזת פטנט 250גר,מיוצר עי קונדיטוריית,IL,אבקת סוכר באריזת פטנ,,250.00,100 גרם,false,,17.90,0.0716,true,1,17638
7290013145956,false,שמרים יבשים בוואקום מימונס 500 ג',הנסיך- מפעל לייצור ט,CN,מימונס שמרים יבשים ב,,500.00,100 גרם,false,,14.90,0.0298,true,1,17639
7290013145963,false,שמרים יבשים בוואקום מימונוס 125 ג',,,מימונס שמרים יבשים ב,,125.00,100 גרם,false,,7.90,0.0632,true,1,17640
7290013146243,false,פודינג בטעם וניל 320,,,פודינג בטעם וניל 320,,320.00,100 גרם,false,,20.90,0.0653,true,1,468791
7290013146304,false,קורנפלור 500 גרם מימונס.,,,מימונס קורנפלור 500,,500.00,100 גרם,false,,7.90,0.0158,true,1,115104
7290013146670,false,סוכריות לב סגול ורוד לבן לקישוט 60 גרם,"מימונס אפיה בע""מ",IL,סוכריות לב צבעוניות,יחידה,0.00,יחידה,false,,12.90,0.0000,true,1,229031
7290013146762,false,קצפת לזילוף 24% שומן,,,קצפת לזילוף 24% שומן,,500.00,100 גרם,false,,8.90,0.0178,true,1,353561
7290013156006,false,עוגיות כעכים לקפה מרוקאיות 200גר,,,עוגיות מרוקאיות גיק,,350.00,100 גרם,false,,18.90,0.0540,true,1,396919
7290013156822,false,עוגיות רייף גיקובס 3,,,עוגיות רייף גיקובס 3,,350.00,100 גרם,false,,18.90,0.0540,true,1,396922
7290013268884,false,ריצפז פרש בניחוח מאסק,מיוצר עי קונדיטוריית,IL,ריצפז פרש מאסק 2 ליט,ליטרים,2.00,ליטר,false,,19.90,9.9500,true,1,33927
7290013268891,false,מסיר כתמים ג'ל אוקסיג'ן ללא אקונומיקה,"סנו מפעלי ברונוס בע""",IL,סנו אוקסיג'ן 3 ליטר,ליטרים,3.00,ליטר,false,,32.90,10.9667,true,1,33928
7290013268990,false,סנו - מקסימה מרכך כביסה מרוכז ביו 1 ליטר,"סנו מפעלי ברונוס בע""",IL,סנו מקסימה מרכך מרוכ,יחידה,0.00,יחידה,false,,18.90,0.0000,true,1,33932
7290013269287,false,סנו - מקסימה ג'ל כביסה מרוכז מאסק 3 ליטר,"סנו מפעלי ברונוס בע""",IL,מקסימה מאסק גל כביסה,ליטרים,3.00,ליטר,false,,35.90,11.9667,true,1,33943
7290013269645,false,מטליות לחות לניקוי הרצפה בניחוח מאסק ריצפז פרש,סנו מפעלי ברונוס בעמ,IL,ריצפז פרש מטליות לחו,יחידה,0.00,יחידה,false,,12.90,0.0000,true,1,33951
7290013269850,false,סנו - סושי נייר אפייה אקולוגי 50 יח',מולינו ניקולי s.p.a,IL,סנו סושי נייר אפיה א,יחידה,0.00,יחידה,false,,17.90,0.0000,true,1,33960
7290013358530,false,מאסטר שף אסייאתי רוטב צ'ילי מתוק 700 מל,קריניציה ויטמינה אס,TH,מאסטר שף רוטב צ'ילי,,700.00,"100 מ""ל",false,,15.90,0.0227,true,1,24825
7290013531117,false,רוטב פסטה לילדים 240 גרם יכין,"זנלכל בע""מ",IL,רוטב לפסטה לילדים יכ,,260.00,100 גרם,false,,6.50,0.0250,true,1,10754
7290013531582,false,זיתים מגולענים יכין מארז 3*60 גר',קרלו,IL,זיתים חרוזית מגולעני,,600.00,100 גרם,false,,19.90,0.0332,true,1,10764
7290013531759,false,שעועית אפויה במים 550 ג' יכין,"זנלכל בע""מ",IL,שעועית אפויה במים יכ,,550.00,100 גרם,false,,10.90,0.0198,true,1,10772
7290013579232,false,"Shake""אוכמניות כחולות קפואות 250 ג",,,אוכמניות כחולות קפוא,,250.00,100 גרם,false,,11.90,0.0476,true,1,452007
7290013581648,false,מינוט סטייק אל מטאד,,,מינוט סטייק אל מטאד,,250.00,100 גרם,false,,27.90,0.1116,true,1,266980
7290013585387,false,קוקה קולה זירו בקבוק,החברה המרכזית לייצור,IL,קולה זירו 1 ליטר,ליטרים,1.00,ליטר,false,,7.90,7.9000,true,1,9144
7290013585394,false,קוקה קולה קלאסי,החברה המרכזית לייצור,IL,קוקה קולה 1 ליטר,ליטרים,1.00,ליטר,false,,7.90,7.9000,true,1,9145
7290013702036,false,"שוופס וואטר אפרסק 500מ""ל",יפאורה תבורי בעמ,IL,שוופס אפרסק ווטר 0.5,,500.00,"100 מ""ל",false,,6.50,0.0130,true,1,115088
7290013702050,false,"שוופס וואטר ענבים 500מ""ל",,,שוופס ענבים ווטר 0.5,,500.00,"100 מ""ל",false,,6.50,0.0130,true,1,115089
7290013702388,false,"שוופס וואטר תפוח 500מ""ל",יפאורה תבורי בעמ,IL,שוופס תפוח ווטר 0.5,,500.00,"100 מ""ל",false,,6.50,0.0130,true,1,13666
7290013724946,false,משוקלדים שקד מריר 160 גר' קופסא,"דין שיווק וקליה בע""מ",IL,שקדים בציפוי שוקלד מ,,140.00,100 גרם,false,,11.90,0.0850,true,1,6616
7290013724953,false,חמוציות בשוקולד חלב 160ג,שקדיה,IL,חמוציות בציפוי שוקול,,140.00,100 גרם,false,,11.90,0.0850,true,1,6617
7290013724960,false,משוקלדים שקד חלב 160 גר' קופסא,"דין שיווק וקליה בע""מ",IL,שקדים בציפוי שוקולד,,140.00,100 גרם,false,,11.90,0.0850,true,1,6618
7290013724991,false,משוקולדים לוז חלב 160 גר' סקופסא,דין שיווק,IL,אגוזי לוז בציפוי שוק,,140.00,100 גרם,false,,11.90,0.0850,true,1,6621
7290013725820,false,משוקלדים לוז מריר 160 גר' קופסא,"דין שיווק וקליה בע""מ",IL,אגוזי לוז בציפוי שוק,,140.00,100 גרם,false,,11.90,0.0850,true,1,6624
7290013725844,false,חטיף שומשום בשוקולד מריר 160ג,"דין שיווק וקליה בע""מ",,שקדיה שומשום בשוק.מר,,140.00,100 גרם,false,,11.90,0.0850,true,1,6626
7290013793072,false,ערכת נוזלי אור והדר.,,,ערכת נוזלי אור והדר.,יחידה,0.00,יחידה,false,,70.90,0.0000,true,1,109395
7290013793126,false,ערכת מוצק אור והדר,,,ערכת מוצק אור והדר,יחידה,0.00,יחידה,false,,60.90,0.0000,true,1,109398
7290013847867,false,מארז זוג טונה בשמן סויה 140 ג' סטארקיסט,טונה ויטנאם קו. אל.ט,IL,נתחי טונה בהירה בשמן,,140.00,100 גרם,false,,13.90,0.0993,true,1,503000
7290013848758,false,סנו - מקסימה ג'ל כביסה מרוכז בייבי 3 ליטר,"סנו מפעלי ברונוס בע""",IL,סנו מקסימה ג'ל כביסה,ליטרים,3.00,ליטר,false,,38.90,12.9667,true,1,33986
7290013861054,false,משוקלדים צימוק חלב 140 ג' קופסא,"דין שיווק וקליה בע""מ",IL,שקדיה צימוקים בשוק.ח,,140.00,100 גרם,false,,11.90,0.0850,true,1,6627
7290013906205,false,פסטרמה עם שום וצילי טירת צבי 400 ג',הנסיך- מפעל לייצור ט,IL,טירת צבי פסטרמה שום,,400.00,100 גרם,false,,30.90,0.0772,true,1,28053
7290013906212,false,"נקנקיות וינר טירת 1 ק""ג טירת צבי",הנסיך- מפעל לייצור ט,IL,טירת צבי נקניקיות וי,קילוגרמים,1.00,"ק""ג",false,,28.90,28.9000,true,1,28054
7290013906441,false,קבנוס טירת צבי 120גר,הנסיך- מפעל לייצור ט,IL,טירת צבי קבנוס 120 ג,,120.00,100 גרם,false,,11.90,0.0992,true,1,28067
7290013906458,false,קבנוס טעם פיקנטי טירת צבי 120 ג',הנסיך- מפעל לייצור ט,IL,טירת צבי קבנוס פיקנט,,120.00,100 גרם,false,,11.90,0.0992,true,1,28068
7290013906687,false,פסט' צמד כפרית ברביקיו ודבש 300X2ג' טירת צבי,הנסיך- מפעל לייצור ט,IL,טירת צבי צמד כפרית ב,,600.00,100 גרם,false,,28.90,0.0482,true,1,28073
7290013906694,false,נקניקיות שקית קילו וחצי טירת צבי,הנסיך- מפעל לייצור ט,IL,"נקניקיות עוף 1.5 ק""ג",,1.50,"100 ק""ג",false,,37.90,25.2667,true,1,399873
7290014059436,false,"סנסודיין משחת שיניים לשיקום והגנה מלבינה 75 מ""ל",סמית קליין ביצ'ם,GB,משחת שיניים לשיקום ס,,75.00,"100 מ""ל",false,,26.90,0.3587,true,1,5809
7290014066526,false,לנדוור-קפסולות אספרסו תערובת הבית(11) - 10יח'12X יח,קפה לנדוור,IL,לנדוור קפסולות אספרס,יחידה,0.00,יחידה,false,,16.90,0.0000,true,1,227065
7290014079014,false,לבבות קיסר ארוז נספק,"מרינה פטריות הגליל בע""מ",IL,לבבות קיסר,,300.00,100 גרם,false,,10.90,0.0363,true,1,60480
7290014079076,false,נבטי אלפלפא יח,"מרינה פטריות הגליל בע""מ",IL,נבטי אלפלפא,,1.00,יח',false,,7.90,7.9000,true,1,2999
7290014079847,false,צמד פטריות בייבי בלה,"מרינה פטריות הגליל בע""מ",IL,פטריות בייבי בלה מאר,,1.00,יח',false,,15.90,15.9000,true,1,3002
7290014079854,false,זוג לבבות חסה ארץ הג,"מרינה פטריות הגליל בע""מ",IL,זוג לבבות חסה ארץ הג,,1.00,יח',false,,10.90,10.9000,true,1,3003
7290014094260,false,שיני שום קלוף קמעונאי,"מרינה פטריות הגליל בע""מ",IL,שום קלוף 200 גרם,,200.00,100 גרם,false,,10.90,0.0545,true,1,115197
7290014094376,false,שזיפים ללא גלעין ששו,"דין שיווק וקליה בע""מ",,שזיף ללא גלעין בקופס,,250.00,100 גרם,false,,25.90,0.1036,true,1,6642
7290014094406,false,צימוק לבן 330 ג' בקופסא,"דין שיווק וקליה בע""מ",,צימוק בהיר בקופסא 2,,250.00,100 גרם,false,,17.90,0.0716,true,1,6645
7290014094895,false,אגוזים קלופים ששון הקולה 150 ג',,,אגוז מלך 150גר ששון,,150.00,100 גרם,false,,11.90,0.0793,true,1,6675
7290014095861,false,שיבולת שועל דקה להכנה מהירה,"דין שיווק וקליה בע""מ",IL,שיבולת שועל דקה קווא,,500.00,100 גרם,false,,6.90,0.0138,true,1,6680
7290014095946,false,משוקלדים פקאן בשוקולד מריר 140 גרם,"דין שיווק וקליה בע""מ",IL,פקאן בציפוי שוקולד מ,,140.00,100 גרם,false,,11.90,0.0850,true,1,6681
7290014204560,false,"סבון נוזלי שלישייה * 500 מ""ל פנינה",,,סבון נוזלי פנינה רוז,ליטרים,1.50,ליטר,false,,13.90,9.2667,true,1,21777
7290014204690,false,"פנינה רוזנבלום- סבון נוזלי משאבה ורוד,1 ליטר",,,סבון נוזלי משאבה ורו,יחידה,0.00,יחידה,false,,13.90,0.0000,true,1,21790
7290014217157,false,תערובת תיבול טוסקנה מיכל 120 גר,תות ממתקי איכות,IL,תבלין תערובת תיבול ט,,120.00,100 גרם,false,,9.80,0.0817,true,1,50980
7290014325036,false,סוכריות ג'לי עטופות שמחות 600גרם,מיה תעשיות מזון בעמ,IL,ג'לי שמחות 600 גרם,,600.00,100 גרם,false,,20.90,0.0348,true,1,17238
7290014325531,false,חמאת בוטנים מיה 500 גר',,,חמאת בוטנים 500 גרם,,500.00,100 גרם,false,,13.90,0.0278,true,1,17256
7290014397514,false,"סנו פרש הום מבשם כותנה מלטפת 350מ""ל","סנו מפעלי ברונוס בע""",IL,סנו פרש הום כותנה מל,,350.00,"100 מ""ל",false,,12.90,0.0369,true,1,34019
7290014397873,false,מרכך כביסה בבישום עוצמתי ג'נטל בריז,סנו מקסימה,IL,מרכך כביסה סנו מקסימ,ליטרים,4.00,ליטר,false,,23.90,5.9750,true,1,198509
7290014435704,false,סלמון מעושן 100גר' שמיר,שבעת הימים - שמיר,IL,סלמון מעושן סלטי שמי,,100.00,100 גרם,false,,28.90,0.2890,true,1,21196
7290014435810,false,הרינג כבוש ובצל במרינת חמוץ מתוק שמיר 180 ג',שבעת הימים - שמיר,IL,הרינג כבוש עם בצל במ,,180.00,100 גרם,false,,21.90,0.1217,true,1,21199
7290014455320,false,גבינה כדורי מוצרלה פרסקה גד 100ג',מחלבות גד בעמ,IL,גד כדור מוצרלה פרסקה,,100.00,100 גרם,false,,11.20,0.1120,true,1,16816
7290014459137,false,"צ'יפס תפוגן סטייק 1.5 ק""ג","תעשיות תפוגן בע""מ",IL,תפוגן סטייק ציפס 1.5,קילוגרמים,1.50,"ק""ג",false,,28.90,19.2667,true,1,23473
7290014472136,false,גרעין שחור קלוי ששון הקולה 150 ג',דין שיווק,IL,גרעין שחור קלוי 150,,150.00,100 גרם,false,,4.90,0.0327,true,1,6696
7290014472471,false,גרעינים שחור ענק 200גר' פרימיום,דין שיווק,IL,גרעין שחור ענק 200 ג,,200.00,100 גרם,false,,7.90,0.0395,true,1,6706
7290014472495,false,קשיו קלוי ענק פרימיו,דין שיווק,IL,קשיו קלוי ענק פרימיו,,250.00,100 גרם,false,,21.90,0.0876,true,1,6708
7290014472501,false,פיסטוק קלוי ענק 250 ג' פרימיום,דין שיווק,IL,פיסטוק קלוי ענק 250,,250.00,100 גרם,false,,26.90,0.1076,true,1,6709
7290014472525,false,תערובת פיצוחים מובחר,דין שיווק,IL,תערובת פיצוחים מובחר,,250.00,100 גרם,false,,21.90,0.0876,true,1,64883
7290014636545,false,שלישית מגבות מטבח ג'קרד,,,שלישית מגבות מטבח פס,יחידה,0.00,יחידה,false,,19.90,0.0000,true,1,400819
7290014636675,false,מגבת גוף חלקה 550 גר,,,מגבת גוף מנהטן 70*13,יחידה,0.00,יחידה,false,,34.90,0.0000,true,1,125371
7290014636842,false,כרית ממורי ויסקו,,,כרית ויסקו,יחידה,0.00,יחידה,false,,89.90,0.0000,true,1,404640
7290014692299,false,גבינת ברי 125 ג' קסטיאלו ויליפוד,יורו צ'יז Euro Cheese,DK,גבינת ברי 125 גרם EU,,125.00,100 גרם,false,,19.90,0.1592,true,1,4969
7290014731189,false,"כפיות ח""פ לבן 100 יח",,,כפיות P.P לבן 100 יח,,100.00,יח',false,,7.90,0.0790,true,1,58619
7290014731264,false,כוסות לשתייה קרה 100 יחי',,,כוסות לשתיה קרה חד פ,,100.00,יח',false,,7.90,0.0790,true,1,31490
7290014749764,false,עוף טוב שניצל עוף ביתי עדין 700,מוצרי עוף טוב (2001),IL,שניצל עוף ביתי כזה ע,,700.00,100 גרם,false,,45.90,0.0656,true,1,228872
7290014758100,false,מאגדת יוגורט ביו 3% שומן 8 יח' *150ג' תנובה,מיוצר עי קונדיטוריית,IL,יוגורט תנובה 3% 8*15,קילוגרמים,1.20,"ק""ג",false,,17.50,14.5833,true,1,29033
7290014758117,false,מאגדת יוגורט ביו 1.5% שומן 8 יח' *150 ג' תנובה,מיוצר עי קונדיטוריית,IL,יוגורט תנובה 1.5% 8*,קילוגרמים,1.20,"ק""ג",false,,17.50,14.5833,true,1,29034
7290014758162,false,חלב עיזים מלא 3.6% קרטון 1 ל' תנובה,תנובה מרכז שיתופי לש,IL,חלב תנובה עיזים מלא,ליטרים,1.00,ליטר,false,,16.70,16.7000,true,1,29036
7290014758681,false,קוטג' תנובה 1% גביע 250 ג',מיוצר עי קונדיטוריית,IL,קוטג תנובה 1% 250ג,,250.00,100 גרם,false,,5.70,0.0228,true,1,29055
7290014759084,false,גבינת שמנת 16% בטעם טבעי 225 ג' נפוליאון,תנובה מרכז שיתופי לש,IL,נפוליאון 16% 225גר,,225.00,100 גרם,false,,15.90,0.0707,true,1,29058
7290014759909,false,פיראוס פטה עזים פיראוס 5% 250גר,"תנובה, מחלבת טנא נוג",IL,פיראוס פטה עזים פירא,,250.00,100 גרם,false,,31.00,0.1240,true,1,29073
7290014759978,false,"גבינת קצקבל פלח גלעד 27%, 200 ג'",תנובה,IL,גבינות תנובה קצקבל פ,,200.00,100 גרם,false,,29.50,0.1475,true,1,29075
7290014759992,false,גבינת רוקפור גליל פלח 140 ג' תנובה,"תנובה, מחלבת תל יוסף",IL,גבינות תנובה רוקפור,,140.00,100 גרם,false,,20.00,0.1429,true,1,29077
7290014760141,false,משקה שקדים תנובה E אלטרנטיב,תנובה Alternative,IL,תנובה משקה שקדים טרי,יחידה,0.00,יחידה,false,,15.50,0.0000,true,1,29079
7290014760448,false,גבינה צהובה גלבוע 400 גרם 22% שומן תנובה,מחלבת בית יצחק,IL,גלבוע 22% 400 גרם,,400.00,100 גרם,false,,25.20,0.0630,true,1,29086
7290014760912,false,פרוסות גבינה 28% שומן 400 ג' גוש חלב,תנובה מרכז שיתופי לש,IL,גוש חלב 28% מהדרין 4,,400.00,100 גרם,false,,27.90,0.0697,true,1,29100
7290014761056,false,מעדן שוקולד חלב מעולה 123 ג' יולו,מיוצר עי קונדיטוריית,IL,יולו שוקולד חלב מעול,,122.00,100 גרם,false,,5.70,0.0467,true,1,29104
7290014761063,false,מעדן שוקולד מריר מעולה 123 ג' יולו,מיוצר עי קונדיטוריית,IL,יולו שוקולד מריר מעו,,122.00,100 גרם,false,,5.70,0.0467,true,1,29105
7290014761193,false,יוגורט עם פירות יער 1.5% שומן 125 ג' פרילי,תנובה מרכז שיתופי לש,IL,פרילי פירות יער 1.5%,,125.00,100 גרם,false,,4.10,0.0328,true,1,29109
7290014761414,false,מעדן שכבות שוקולד חלב ולבן 123 ג' יולו,מיוצר עי קונדיטוריית,IL,יולו מעדן שכבות שוקו,,122.00,100 גרם,false,,5.70,0.0467,true,1,29123
7290014762756,false,נפוליאון גבינת שמנת עם בצל 16% שומן,הרדוף חלב,IL,נפוליאון 16% עם בצל,,225.00,100 גרם,false,,15.90,0.0707,true,1,29178
7290014762831,false,גבינת שמנת חלפיניו 24% שומן 225 ג' נפוליאון,תנובה מרכז שיתופי לש,IL,גבינת שמנת נפוליאון,,225.00,100 גרם,false,,15.90,0.0707,true,1,29180
7290014762909,false,פתיתי מוצרלה 20% שומן 200 ג' השף הלבן,"תנובה, מחלבת תל יוסף",IL,פתיתי מוצרלה 200 גר`,,200.00,100 גרם,false,,17.90,0.0895,true,1,29186
7290014791091,false,"שוויפס לימונייד 500 מ""ל",,,משקה למונייד שוופס 5,,500.00,"100 מ""ל",false,,6.50,0.0130,true,1,115091
7290014855434,false,מגבונים בייביסיטר פרפורמנס מבושם רביעיה,בייביסיטר Babysitter,,בייביסיטר פרפורמנס מ,יחידה,0.00,יחידה,false,,17.90,0.0000,true,1,32954
7290014855458,false,מגבוני בייביסיטר פרפורמנס ללא בישום מארז 72X4יח',בייביסיטר Babysitter,,מגבוני בייבי פרפורמנ,יחידה,0.00,יחידה,false,,17.90,0.0000,true,1,32955
7290014940901,false,לחם פשוט מלא 750 ג' אנג'ל,מאפית אנגל,IL,לחם פשוט מלא אנגל 75,,750.00,100 גרם,false,,15.90,0.0212,true,1,69953
7290015009218,false,ניוקי תפוא ערמונים ד,סיאמה,IT,ניוקי תפוחי אדמה עם,,300.00,100 גרם,false,,11.00,0.0367,true,1,122052
7290015009300,false,עלי טורטייה עם קמח ת,,,עלי טורטייה עם קמח ת,,360.00,100 גרם,false,,16.90,0.0469,true,1,436517
7290015009386,false,מיץ ליים משומר דניאל,,,מיץ ליים דניאל 946 מ,,946.00,"100 מ""ל",false,,21.00,0.0222,true,1,436566
7290015009393,false,זיתים שחורים מגולענים במי מלח,אידיאל ס.א,GR,זיתים שחורים מגולעני,,430.00,100 גרם,false,,20.90,0.0486,true,1,431398
7290015033299,false,פרורי לחם קלאסי שקית,חטיפים מן הארץ,,פרורי לחם קלאסי שקית,,400.00,100 גרם,false,,5.90,0.0148,true,1,507200
7290015039246,false,נתחי טונה בשמן צמחי רביעיה * 160 ג' וילי פוד,וילי פוד,TH,טונה בהירה בשמן וילי,,640.00,100 גרם,false,,24.60,0.0384,true,1,4999
7290015150088,false,מחית עגבניות גרנד איטליה 700גרם,שוורצקוף& הנקל דיסלד,IT,מחית עגבניות בלה איט,,700.00,100 גרם,false,,12.90,0.0184,true,1,27515
7290015150118,false,עגבניות חתוכות דק בלה איטליה 3*400 ג',אמיליאנה קונסרב ס.פ.,IT,עגבניות חתוכות דק בל,,400.00,100 גרם,false,,19.90,0.0497,true,1,27518
7290015193634,false,אובלטים דקיקים קימל מעדני המלך 300 גר',אם החיטה,,אובלטים קימל 300 גרם,,300.00,100 גרם,false,,10.90,0.0363,true,1,121735
7290015282000,false,איקרה אדומה שמיר 200 ג',שבעת הימים - שמיר,,איקרה אדומה סלטי שמי,,200.00,100 גרם,false,,15.90,0.0795,true,1,21207
7290015282024,false,איקרה לבנה סלטי שמיר,שבעת הימים - שמיר,,איקרה לבנה סלטי שמיר,,200.00,100 גרם,false,,15.90,0.0795,true,1,21209
7290015282581,false,חומוס שמיר אבו גוש עם חריף 200 גר',"סלטי שמיר 2006 בע""מ",IL,חומוס אבו גוש עם חרי,,200.00,100 גרם,false,,11.90,0.0595,true,1,80179
7290015282598,false,חומוס שמיר מסעדות 200 גר',"סלטי שמיר 2006 בע""מ",IL,חומוס מסעדות,,200.00,100 גרם,false,,11.90,0.0595,true,1,80180
7290015282604,false,טחינה שמיר מיוחדת גורמה 200ג',"סלטי שמיר 2006 בע""מ",IL,טחינה מיוחדת,,200.00,100 גרם,false,,11.90,0.0595,true,1,80181
7290015282628,false,חציל שמיר בטעם כבד 200 גר',"סלטי שמיר 2006 בע""מ",IL,חציל בטעם כבד סלטי ש,,200.00,100 גרם,false,,13.90,0.0695,true,1,80182
7290015282635,false,חומוס שמיר מסבחה 200 גר',"סלטי שמיר 2006 בע""מ",IL,חומוס מסבחה,,200.00,100 גרם,false,,11.90,0.0595,true,1,80183
7290015282642,false,חומוס שמיר אבו גוש 200 גר',"סלטי שמיר 2006 בע""מ",IL,חומוס אבו גוש,,200.00,100 גרם,false,,11.90,0.0595,true,1,80184
7290015282673,false,חציל שמיר במיונז ביתי 200 גורמה גר',"סלטי שמיר 2006 בע""מ",IL,חציל במיונז ביתי,,200.00,100 גרם,false,,11.90,0.0595,true,1,80185
7290015282697,false,כרוב אדום שמיר גורמה 200גר,"סלטי שמיר 2006 בע""מ",IL,סלט כרוב אדום 200ג ש,,200.00,100 גרם,false,,13.90,0.0695,true,1,80187
7290015282741,false,חציל תאילנדי אסלי שמיר 200 ג',"סלטי שמיר 2006 בע""מ",IL,חציל תילאנדי סלטי שמ,,200.00,100 גרם,false,,13.90,0.0695,true,1,80191
7290015282796,false,"סלט תפו""א שמיר במיונז 200ג'","סלטי שמיר 2006 בע""מ",IL,סלט תפוח אדמה 200 ג,,200.00,100 גרם,false,,13.90,0.0695,true,1,80195
7290015324007,false,תבלין פלפל שחור גרוס 80 ג',תות ממתקי איכות,IL,טעם וריח פלפל שחור ג,,80.00,100 גרם,false,,12.90,0.1613,true,1,50993
7290015328531,false,להבונים 50 יח' 3 שעו,,,להבונים 50 יח' 3 שעו,יחידה,0.00,יחידה,false,,10.90,0.0000,true,1,115246
7290015348096,false,למברוסקו אמיליאנו רו,,,למברוסקו אמיליאנו רו,,750.00,"100 מ""ל",false,,27.20,0.0363,true,1,11656
7290015603522,false,נוזל אגוזי קוקוס 5-7,אסי אטיק גרו אינדוסט,TH,נוזל אגוזי קוקוס 5-7,,400.00,"100 מ""ל",false,,7.90,0.0198,true,1,16567
7290015603560,false,שימורי קרם קוקוס 400,אסי אטיק גרו אינדוסט,TH,שימורי קרם קוקוס 20-,,400.00,"100 מ""ל",false,,9.90,0.0248,true,1,62948
7290015603638,false,אורז קלרוז מזרח ומער,מינה פונג גרין אגריק,CN,אורז עגול קלרוז לסוש,קילוגרמים,1.00,"ק""ג",false,,12.90,12.9000,true,1,59543
7290015652070,false,אגוזי קשיו קלויים שש,דין שיווק,IL,קשיו קלוי 150 גרם שש,,150.00,100 גרם,false,,13.90,0.0927,true,1,6500
7290015652087,false,תערובת פיצוחים 150 גר' שקדיה,דין שיווק,IL,תערובת פיצוחים 150גר,,150.00,100 גרם,false,,12.90,0.0860,true,1,65136
7290015652278,false,תערובת פיצוחים ששון,"דין שיווק וקליה בע""מ",IL,תערובת פיצוחים ששון,,250.00,100 גרם,false,,20.00,0.0800,true,1,64806
7290015652285,false,אגוזים קלופים 250 גר,"דין שיווק וקליה בע""מ",IL,אגוזים קלופים 250 גר,,250.00,100 גרם,false,,20.00,0.0800,true,1,6757
7290015652292,false,קבוקים עם שומשום 400גר,"דין שיווק וקליה בע""מ",IL,קבוקים עם שומשום ששו,,400.00,100 גרם,false,,10.00,0.0250,true,1,118654
7290015652308,false,מנצ'ס ששון הקולה 300,,,מנצ'ס ששון הקולה 300,,300.00,100 גרם,false,,10.00,0.0333,true,1,118655
7290015652315,false,חמוציות מסוכרות ששון,דין שיווק,IL,חמוציות מסוכרות ששון,,300.00,100 גרם,false,,10.00,0.0333,true,1,115048
7290015652322,false,בוטנים אמריקאים מצופים 400 ג',דין שיווק,IL,בוטנים אמריקאים מצופ,,400.00,100 גרם,false,,10.00,0.0250,true,1,118656
7290015652407,false,פיסטוק קלוי ששון הקו,"דין שיווק וקליה בע""מ",IL,פיסטוק קלוי ששון הקו,,250.00,100 גרם,false,,20.00,0.0800,true,1,6768
7290015766005,false,עגבניות שרי וויטני,אראל תוצרת חקלאית בע,IL,שרי וויטני יחידה,,500.00,100 גרם,false,,10.90,0.0218,true,1,125675
7290015781121,false,"קברנה סוביניון אימפרשיאון 750 מ""ל-מרכז",יקב טפרברג 1870 בעמ,IL,אימפרשן קברנה סובניו,,750.00,"100 מ""ל",false,,54.90,0.0732,true,1,13785
7290015781152,false,יין רוזה אימפרשן יקב,יקב טפרברג,,אימפרשן יין רוזה,,750.00,"100 מ""ל",false,,54.90,0.0732,true,1,13788
7290015781282,false,"יין גוורצטמינר אימפרשן 750מ""ל",יקב טפרברג 1870,,אימפרשן גוורצטרמינר,,750.00,"100 מ""ל",false,,54.90,0.0732,true,1,13792
7290015865722,false,קונפיטורת תות שדה ענ,ענבי ציון,IL,קונפיטורה לייט תות ש,,400.00,100 גרם,false,,21.90,0.0547,true,1,379174
7290016006148,false,"שוופס מוגז עדין ענבים בקבוק 500מ""ל",,,משקה מוגז ענבים שוופ,,500.00,"100 מ""ל",false,,6.50,0.0130,true,1,13727
7290016006346,false,שוופס סודה מארז שישייה * 0.5 ל',יפאורה תבורי בעמ,IL,שוופס סודה שישייה 0.,ליטרים,3.00,ליטר,false,,15.90,5.3000,true,1,13734
7290016096217,false,רביעיית נתחי טונה קט,,,רביעיית נתחי טונה קט,,560.00,100 גרם,false,,24.90,0.0445,true,1,89415
7290016096675,false,טונה בשמן זית פילטונ,,,טונה בשמן זית פילטונ,,240.00,100 גרם,false,,18.90,0.0787,true,1,128908
7290016096811,false,רביעיית ממרח טונה פילטונה 160 גר'*4,תעשיות פילטונה,IL,ממרח טונה פילטונה רב,,160.00,100 גרם,false,,21.90,0.1369,true,1,275459
7290016096934,false,מארז זוגות סלט טונה 2*160 ג' פילטונה,פילטונה,IL,סלט טונה 2 יח' פילטו,,320.00,100 גרם,false,,12.90,0.0403,true,1,315196
7290016104271,false,ריבת חלב פוליבה 340 גר,,,ריבת חלב 340 גר`,,340.00,100 גרם,false,,13.90,0.0409,true,1,15611
7290016144000,false,"קמח חיטה מלאה נפלאות 80% 1 ק""ג","קמח מלכים בע""מ",IL,קמח חיטה 80% נפלאות,קילוגרמים,1.00,"ק""ג",false,,10.90,10.9000,true,1,121994
7290016144017,false,"קמח חיטה מלאה נפלאות 100% 1 ק""ג",קמח מלכים,IL,קמח חיטה מלאה 100% נ,קילוגרמים,1.00,"ק""ג",false,,10.90,10.9000,true,1,121995
7290016144031,false,"קמח חיטה לבן נפלאות 1 ק""ג",קמח מלכים,IL,קמח נפלאות חיטה לבן,קילוגרמים,1.00,"ק""ג",false,,7.90,7.9000,true,1,122044
7290016150117,false,סלק אדום מבושל 500 ג' בוואקום,חקלאי,IL,מעדן סלק בוואקום 500,,500.00,100 גרם,false,,6.90,0.0138,true,1,99156
7290016197488,false,מטליות מיקרופייבר למשטחים ניקול 3יח',UFO INC,CN,מטלית קסם לשיש מארז,יחידה,0.00,יחידה,false,,12.90,0.0000,true,1,11130
7290016197495,false,מטלית קסם מיקרופייבר לרצפה ניקול 2יח',חוגלה קימברלי,CN,מטלית קסם לרצפה מארז,יחידה,0.00,יחידה,false,,19.90,0.0000,true,1,11131
7290016217735,false,חציל על האש סלטי שמי,"סלטי שמיר 2006 בע""מ",IL,חציל על האש סלטי שמי,,200.00,100 גרם,false,,11.90,0.0595,true,1,80196
7290016246018,false,בארכה מיקס פינוקיות חלווה 10*20ג,רושדי תעשיות מזון בע,IL,בארכה מיקס פינוקיות,,200.00,100 גרם,false,,13.90,0.0695,true,1,22707
7290016246025,false,בארכה מיקס פינוקיות חלווה ללא סוכר 10*20ג,רושדי תעשיות מזון בע,IL,בארכה פנוקיות חלבה ל,,200.00,100 גרם,false,,13.90,0.0695,true,1,22708
7290016270907,false,ברוקולי ארוז במגשית,,,ברוקולי,,1.00,יח',false,,9.90,9.9000,true,1,139539
7290016273090,false,סוכריה על מקל בטעם תות בננה 31 גרם,אוריגינל גורמה,US,סוכרית לוליפופ על מק,,31.00,100 גרם,false,,5.50,0.1774,true,1,142921
7290016304404,false,לחם קוביות 100% כוסמין 600 ג',מאפיית דוידוביץ ובני,IL,לחם מלא כוסמין 100%,,600.00,100 גרם,false,,16.90,0.0282,true,1,503502
7290016304596,false,מארז 10 לחמניות בשקית,מאפית דוידוביץ ובניו,IL,10 לחמניות לסנדוויץ,,750.00,100 גרם,false,,17.90,0.0239,true,1,504358
7290016372335,false,עגבניות חתוכות לקובי,,,עגבניות חתוכות לקובי,,400.00,100 גרם,false,,7.00,0.0175,true,1,325885
7290016372373,false,רסק עגבניות ללא תוספת סוכר ומלח - מארז זוג,גרנד איטליה Grand Italia,,רסק עגבניות איטליה ב,,280.00,100 גרם,false,,8.90,0.0318,true,1,97533
7290016440881,false,תערובת ירקות חמוצים בטעם טבעי,,,ירקות חמוצים בטעם טב,,500.00,100 גרם,false,,23.90,0.0478,true,1,353445
7290016440911,false,מלפפונים ביתיים כבושים,מעדני עופר,,מלפפונים ביתיים כבוש,,500.00,100 גרם,false,,23.90,0.0478,true,1,353415
7290016440959,false,ירקות חמוצים סיני מע,,,ירקות חמוצים סיני מע,,300.00,100 גרם,false,,19.90,0.0663,true,1,415571
7290016509342,false,סוד שלישייה סבון לאסל כחול אקטיבי אקנומיקה,סוד,,סוד מארז שלישיה כדור,,150.00,100 גרם,false,,19.90,0.1327,true,1,87114
7290016509823,false,ג'ל לכביסה לבנה וצבעונית בניחוח רענן,פרסיל Persil,,פרסיל ג'ל 2.5 ליטר ב,ליטרים,2.50,ליטר,false,,37.90,15.1600,true,1,126404
7290016513974,false,קרפלך במילוי פטריות 600 גר,,,קרפלך במילוי פטריות,,0.60,100 גרם,false,,22.90,38.1667,true,1,464050
7290016513981,false,קרפלך תפוא מהדורה חד,,,קרפלך במילוי תפוח אד,,0.60,100 גרם,false,,19.90,33.1667,true,1,464051
7290016584011,false,חטיפוני גזר 350 גרם,"מרינה פטריות הגליל בע""מ",IL,חטיפוני גזר 350 גרם,,350.00,100 גרם,false,,12.90,0.0369,true,1,115037
7290016682250,false,מיץ תפוז וגזר סחוט 1,,,מיץ תפוז וגזר סחוט 1,ליטרים,1.00,ליטר,false,,17.90,17.9000,true,1,479111
7290016682328,false,מיץ תפוזים מרכז 2 ליטר,פריניב,IL,פרי ניב מיץ תפוזים ט,ליטרים,2.00,ליטר,false,,21.80,10.9000,true,1,365296
7290016682359,false,מיץ תפוזים שמוטי 2 ליטר,פריניב,IL,פרי ניב מיץ 100% טבע,ליטרים,2.00,ליטר,false,,27.90,13.9500,true,1,365312
7290016717631,false,יין מוסקטו בעל חוזק אלכוהול נמוך פרייבט קולקשן,אגודת הכורמים הקואופ,IL,יין P.C מוסקטו יין,,750.00,"100 מ""ל",false,,44.90,0.0599,true,1,122849
7290016717754,false,"יין ישן נושן היובל 750 מ""ל",אגודת הכורמים הקואופ,IL,"ישן נושן 750מ""ל.",,750.00,"100 מ""ל",false,,20.90,0.0279,true,1,116818
7290016823004,false,בזיליקום יח freshlid,"מרינה פטריות הגליל בע""מ",IL,בזיליקום יח',,1.00,יח',false,,6.90,6.9000,true,1,75227
7290016867039,false,פיתות קלות כוסמין בתוספת מחמצת 6 יח',המאפה של דר מרק בריא,IL,פיתות קלות כוסמין בת,,324.00,100 גרם,false,,16.90,0.0522,true,1,352870
7290016867053,false,לחם קל כוסמין בתוספת מחמצת 450 גר',המאפה של דר מרק בריא,IL,לחם קל כוסמין בתוספת,,450.00,100 גרם,false,,20.90,0.0464,true,1,352802
7290016867114,false,לחם כוסמין קל מלא 500 גר',המאפה של דר מרק בריא,IL,לחם כוסמין קל מלא 50,,500.00,100 גרם,false,,19.90,0.0398,true,1,352803
7290016867152,false,"פיתות קלות כוסמין ד""ר מרק 5יח'",המאפה של דר מרק בריא,IL,פיתות קלות כוסמין 29,,292.00,100 גרם,false,,14.90,0.0510,true,1,352854
7290016867176,false,"לחמניות קלות כוסמין שומשום 6יח' ד""ר מרק",המאפה של דר מרק,IL,לחמניות ק. כוסמין שו,,300.00,100 גרם,false,,15.90,0.0530,true,1,352855
7290016883107,false,חרדל עם גרגירים שקדי,,FR,חרדל דיז'ון גרגירים,,350.00,100 גרם,false,,12.90,0.0369,true,1,456543
7290016967074,false,לחם אנג'ל 100 חיטה מלאה 750 גר',מאפיית שלמה א. אנג'ל,IL,חיטה מלאה אנגל 750 ג,,750.00,100 גרם,false,,17.90,0.0239,true,1,69789
7290017062693,false,מרכך כביסה מרוכז לבן טאצ 1ל',סאסאטק,IL,מרכך כביסה מרוכז טאצ,ליטרים,1.00,ליטר,false,,13.90,13.9000,true,1,277220
7290017062747,false,"נוזל כלים 36% תפוח +משאבה 750 מ""ל",,,נוזל כלים תפוח 36% 7,,750.00,"100 מ""ל",false,,9.90,0.0132,true,1,268649
7290017065137,false,ריקוטה למריחה 5% טבעית 200 גרם - רובין,האי נאם סי או אל.טי.,IL,גבינה ריקוטה למריחה,,200.00,100 גרם,false,,11.50,0.0575,true,1,108326
7290017068978,false,שיבולת שועל מלאה להכנה מהירה 500 גר',,,שיבולת שועל מלאה להכ,קילוגרמים,1.00,"ק""ג",false,,11.90,11.9000,true,1,447025
7290017088914,false,מגבונים בייביסיטר מבושם 66X6 יח',,,מגבונים מבושם בייביס,יחידה,0.00,יחידה,false,,17.90,0.0000,true,1,262757
7290017105079,false,שעועית אפויה OZ6 יכי,היינץ צפון אמריקה מק,IL,שעועית אפויה 6OZ יכי,,200.00,100 גרם,false,,4.90,0.0245,true,1,104542
7290017105086,false,שעועית צילי OZ6 יכין,"זנלכל בע""מ",IL,שעועית צ'ילי 6OZ יכי,,200.00,100 גרם,false,,4.90,0.0245,true,1,104543
7290017105123,false,פול מצרי OZ6 יכין 20,היינץ צפון אמריקה מק,IL,פול מצרי 6OZ יכין 20,,200.00,100 גרם,false,,4.90,0.0245,true,1,104547
7290017105468,false,שלישיית אפונה קטן -,קשקמט קונסרב הונגריה,HU,אפונה יכין 3*120 גרם,,360.00,100 גרם,false,,14.90,0.0414,true,1,213430
7290017105550,false,רסק עגבניות מארז 100X4גר',היינץ צפון אמריקה מק,IL,מאגדת רסק עגבניות יכ,,400.00,100 גרם,false,,12.90,0.0323,true,1,213018
7290017105895,false,גרגרי חומוס להכנת חומוס 550 גרם יכין,זנלכל,IL,גרגרי חומוס מסעדות י,,550.00,100 גרם,false,,10.90,0.0198,true,1,246731
7290017142340,false,שמן זרעי ענבים מזוכך 1 ל',עץ השדה,IL,שמן זרעי ענבים מזוכך,ליטרים,1.00,ליטר,false,,32.90,32.9000,true,1,200137
7290017142388,false,שמן חמניות אומגה 3 פלוס 1 ליטר עץ הזית,עץ הזית,,שמן חמניות פלוס אומג,ליטרים,1.00,ליטר,false,,17.90,17.9000,true,1,155166
7290017232218,false,לחם כפרי דווידוביץ 4,,,לחם eatsane קלאסי דו,,430.00,100 גרם,false,,25.90,0.0602,true,1,503770
7290017232225,false,לחם גלילי דווידוביץ,,,לחם eatsane גלילי 45,,450.00,100 גרם,false,,25.90,0.0576,true,1,503801
7290017232232,false,לחמניות ארוכות איטסי,,,לחמניות ארוכות איטסי,,390.00,100 גרם,false,,24.90,0.0638,true,1,504072
7290017304885,false,לחם שיפון מחיטה מלאה ללא תוספת סוכר 750 ג' אנג'ל,מאפית אנגל,IL,לחם שיפון וחיטה מלאה,,750.00,100 גרם,false,,17.90,0.0239,true,1,153797
7290017457727,false,"סוד - מרכך כביסה מרוכז פרש סקיי 900 מ""ל",הנקל סוד,IL,מרכך כביסה מרוכז סוד,,900.00,"100 מ""ל",false,,13.90,0.0154,true,1,141795
7290017457734,false,"סוד - מרכך כביסה מרוכז ווילד רוז 900 מ""ל",הנקל סוד,IL,מרכך כביסה מרוכז סוד,,900.00,"100 מ""ל",false,,13.90,0.0154,true,1,141796
7290017477169,false,קשיו קלוי ששון הקולה,ששון,IL,קשיו קלוי ששון הקולה,,250.00,100 גרם,false,,20.00,0.0800,true,1,125153
7290017495552,false,מטאטא גב עץ,,,מטאטא גב עץ,יחידה,0.00,יחידה,false,,16.90,0.0000,true,1,290372
7290017513829,false,תה ירוק לימונית ג'ינג'ר 25 שקיקים בתוספת ויטמין Cּּ+D,ויסוצקי ירוק,IL,תה ירוק לימונית ג'ינ,,37.50,100 גרם,false,,26.90,0.7173,true,1,266268
7290017589633,false,יין רזרב קברנה סוביניון Gold Edition,יקבי ברקן Barkan,IL,יין רזרב קברנה גולד,,750.00,"100 מ""ל",false,,49.90,0.0665,true,1,139676
7290017617046,false,נתחי טונה בשמן זית כתית מעולה רביעיה * 140 ג',דרדנל,TR,טונה בשמן זית סטארקי,,560.00,100 גרם,false,,30.90,0.0552,true,1,210103
7290017677804,false,"רוטב סויה קיקומן ללא חומרים משמרים 444 מ""ל",ראקוטו קאסיי,US,קיקומן רוטב סויה ללא,,444.00,"100 מ""ל",false,,21.90,0.0493,true,1,144332
7290017724065,false,עוגיות מעדן תפוע ואג,אקלר,IL,"עוגיות מעדן תפו""ע וא",,250.00,100 גרם,false,,24.90,0.0996,true,1,396821
7290017724089,false,עוגיות ואן גוך אקלר,,,עוגיות ואן גוך אקלר,,200.00,100 גרם,false,,24.90,0.1245,true,1,396790
7290017724102,false,עוגיות סיגרים תמרים/,אקלר,IL,עוגיות סיגרים תמרים/,,250.00,100 גרם,false,,24.90,0.0996,true,1,396824
7290017724126,false,עוגיות טחינה אקלר 25,אקלר,IL,עוגיות טחינה אקלר 25,,250.00,100 גרם,false,,24.90,0.0996,true,1,396825
7290017724232,false,עוגיות שומשומית אקלר,אקלר,IL,עוגיות שומשומית אקלר,,200.00,100 גרם,false,,24.90,0.1245,true,1,396872
7290017724287,false,עוגיות אצבעות פקאן ל,אקלר,IL,עוגיות אצבעות פקאן ל,,250.00,100 גרם,false,,24.90,0.0996,true,1,396898
7290017724294,false,גרנולה ציפס חמוציות,,,עוגיות גרנולה צ'יפס,,200.00,100 גרם,false,,24.90,0.1245,true,1,396899
7290017746128,false,מארז 10 פיתות ביס לבן,,,פיתות ביס 10 יח' מאפ,,500.00,100 גרם,false,,13.90,0.0278,true,1,504279
7290017746135,false,מארז 10 פיתות ביס כוסמין,,,10 מיני פיתות כוסמין,,500.00,100 גרם,false,,14.90,0.0298,true,1,504421
7290017746197,false,6 לחמניות המבורגר מא,,,6 לחמניות המבורגר מא,,600.00,100 גרם,false,,18.90,0.0315,true,1,504155
7290017746241,false,לחם לבן בסגנון ניו יורק 500 ג',,,לחם לבן מיוחד בסגנון,,500.00,100 גרם,false,,15.90,0.0318,true,1,503707
7290017746258,true,פרנה לחם מרוקאי מסור,,,פרנה לחם מרוקאי מסור,,400.00,100 גרם,false,,15.90,0.0398,true,1,504452
7290017746289,false,4 יח' פיתה זעתר מנקי,,,4 יח' פיתה זעתר מנקי,,480.00,100 גרם,false,,21.90,0.0456,true,1,511338
7290017746586,false,מארז פיתה 10 יחידות,,,מארז פיתה 10 יחידות,,1.00,"100 ק""ג",false,,14.90,14.9000,true,1,509238
7290017812052,false,יין שיראז קברנה סוביניון אקסלנס Excellence,יקבי כרמל Carmel Winery,IL,אקסלנס שיראז קברנה ס,,750.00,"100 מ""ל",false,,30.90,0.0412,true,1,136828
7290017812380,false,תירוש מיץ ענבים אדום,,,תירוש מיץ ענבים אדום,,750.00,"100 מ""ל",false,,12.90,0.0172,true,1,161981
7290017812571,false,מיץ ענבים אדום 100% טבעי 1 ליטר,יקבי כרמל Carmel Winery,IL,תירוש מיץ ענבים אדום,ליטרים,1.00,ליטר,false,,22.90,22.9000,true,1,216125
7290017888026,false,"משקה אננס תפוח גזר פרות & ווג 350 מ""ל",פרוט אנד וג' Fruit & Veg,IL,פרוט & וג' אננס תפוח,,330.00,"100 מ""ל",false,,8.90,0.0270,true,1,141908
7290017888644,false,"משקה אננס בננה כורכום פרות & ווג 350 מ""ל",פרוט אנד וג' Fruit & Veg,IL,פרוט & וג' אננס בננה,,330.00,100 גרם,false,,8.90,0.0270,true,1,223139
7290017894058,false,דגש תערובת להכנת לחם,"אף סי, תבליני הגליל",IL,דגש - תערובת להכנת ל,,500.00,100 גרם,false,,19.90,0.0398,true,1,271811
7290017928524,false,בייגלה שטוח ניגובים מלח 330 ג' מאיר בייגל,מאיר בייגל,IL,בייגלה שטוח ניגובים,,300.00,100 גרם,false,,12.90,0.0430,true,1,359121
7290017941226,false,מזלגות 40 יח' עבה במ,,,מזלגות 40 יח' עבה במ,יחידה,0.00,יחידה,false,,8.90,0.0000,true,1,292550
7290017941288,false,נר נשמה 24 שעות,,,נר נשמה 24 שעות,יחידה,0.00,יחידה,false,,2.50,0.0000,true,1,329004
7290017941370,false,להבונים 50 יח' 3 שעו,,,להבונים 50 יח' 3 שעו,יחידה,0.00,יחידה,false,,10.90,0.0000,true,1,329023
7290017941455,false,כוסות 9oz לשתיה חמה,,,כוסות 9oz לשתיה חמה,יחידה,0.00,יחידה,false,,14.90,0.0000,true,1,306737
7290017941462,false,50 כוסות שתייה חמה 8B,,,כוסות שתיה חמה 8B י,יחידה,0.00,יחידה,false,,10.90,0.0000,true,1,299255
7290017941493,false,שקיות פס סגור 25 יח',,,שקיות פס סגור 25 יח',יחידה,0.00,יחידה,false,,8.90,0.0000,true,1,315097
7290017941509,false,שקיות פס סגור 15 יח',,,שקיות פס סגור 15 יח',יחידה,0.00,יחידה,false,,9.90,0.0000,true,1,315098
7290017941608,false,קערות אובליות לבן 50,,,קערות אובליות לבן 50,יחידה,0.00,יחידה,false,,11.90,0.0000,true,1,292010
7290017941653,false,שקיות אשפה לפחים קטנ,,,שקיות אשפה לפחים קטנ,יחידה,0.00,יחידה,false,,9.90,0.0000,true,1,321508
7290017941707,false,WIZ זוג מפות ארוח 180*120,,,זוג מפות אירוח 120*1,יחידה,0.00,יחידה,false,,8.90,0.0000,true,1,329040
7290017941790,false,ניילון נצמד 30*30 עם,,,ניילון נצמד 30*30 עם,,30.00,מטר,false,,9.90,0.3300,true,1,329024
7290017941813,false,קיסמי במבוק בעטיפה א,,,קיסמי במבוק בעטיפה א,יחידה,0.00,יחידה,false,,5.50,0.0000,true,1,294631
7290017947105,false,לחם בסגנון אמריקה 500 גר',מאפיית שלמה א. אנג'ל,IL,לחם בסגנון אמריקה אנ,,500.00,100 גרם,false,,15.90,0.0318,true,1,213445
7290017947464,false,מארז 8 פיתות מקמח כוסמין מלא 400ג',"איטיליאן פוד, אס.פי.",IL,שמיניית פיתות כוסמין,,400.00,100 גרם,false,,17.90,0.0447,true,1,260029
7290017947891,false,לחם כוסמין וחיטה מלאה 750 ג' אנג'ל,מאפיית שלמה א. אנג'ל,IL,לחם כוסמין וחיטה מלא,,750.00,100 גרם,false,,17.90,0.0239,true,1,212246
7290017947921,true,מארז לחמניות המבורגר,,,מארז לחמניות המבורגר,,450.00,100 גרם,false,,15.90,0.0353,true,1,235341
7290017947938,false,מיני לחמניות המבורגר בסגנון אמריקה 400 ג' אנג'ל,מאפיית שלמה א. אנג'ל,IL,8 לחמניות המבורגר בס,,4000.00,100 גרם,false,,15.90,0.0040,true,1,275194
7290017974255,false,קרפלך גבינה מתוקה 600 גר,,,קרפלך במילוי גבינה מ,,0.60,100 גרם,false,,27.90,46.5000,true,1,464067
7290017974873,false,כיסונים למרק במילוי בשר הודו 750 גר,,,כיסונים למרק במילוי,,0.75,100 גרם,false,,31.90,42.5333,true,1,463821
7290018043844,false,חטיף חלבון בוטנים קרמל קראנץ 60 ג' פראוד,פראוד PROUD,NL,חטיף חלבון בטעם בוטנ,,60.00,100 גרם,false,,14.90,0.2483,true,1,419124
7290018045503,false,דגני חיטה ואורז בטעם,,,דגני חיטה ואורז בטעם,,311.00,100 גרם,false,,26.90,0.0865,true,1,509505
7290018071229,false,כפפות ניטרו כחולות אלסטיות L ללא אבקה 100יח',איזיטאצ,CN,כפפות ניטרו-V כחולות,יחידה,0.00,יחידה,false,,21.90,0.0000,true,1,423611
7290018091029,false,מקלות פילו תפוחי אדמה מעדנות 450 ג',"מעדנות בע""מ",IL,מקלות פילו תפוח אדמה,,450.00,100 גרם,false,,17.90,0.0398,true,1,245333
7290018091616,false,מקלות פילו גבינה מעדנות 450 ג',מיוצר עי קונדיטוריית,IL,מקלות פילו גבינה 450,,450.00,100 גרם,false,,17.90,0.0398,true,1,245319
7290018127438,false,תערובת קניידלך גלוטר,,,קניידלך ללא גלוטן כש,,130.00,100 גרם,false,,17.90,0.1377,true,1,286642
7290018192023,true,סלרי מקלות ליח,,,סלרי מקלות ליח,,1.00,יח',false,,6.90,6.9000,true,1,198281
7290018213100,false,דלי מגבונים לניקוי ו,,,דלי מגבונים לניקוי ו,יחידה,0.00,יחידה,false,,26.90,0.0000,true,1,262743
7290018213247,false,מטליות לרצפה בניחוח,,,מטליות לרצפה בניחוח,,10.00,יח',false,,9.90,0.9900,true,1,238662
7290018213353,false,מטליות לרצפה בניחוח,,,מטליות לרצפה בניחוח,,10.00,יח',false,,9.90,0.9900,true,1,465731
7290018237373,false,עוף טוב פסטרמה צרובה על הגריל נתח שלם 300 גר',עיצובים 2020 (4.9),IL,פסטרמה צרובה על הגרי,,300.00,100 גרם,false,,30.90,0.1030,true,1,328125
7290018237502,false,עוף טוב דק דק כתף בק,עיצובים 2020 (4.9),IL,עוף טוב דק דק כתף בק,,200.00,100 גרם,false,,22.90,0.1145,true,1,377515
7290018249802,false,ממתיק סוויטאנגו צנצנת 280 גרם,סוויטאנגו Sweetango,IL,כמו סוכר באריזת צנצנ,קילוגרמים,280.00,"ק""ג",false,,29.90,0.1068,true,1,243202
7290018294352,false,"ארק יקבי כרמל 700 מ""",יקבי כרמל Carmel Winery,IL,"ארק יקבי כרמל 700 מ""",,700.00,"100 מ""ל",false,,60.20,0.0860,true,1,402231
7290018294895,false,"יין מונלייט לבן חצי מתוק 750 מ""ל",יקבי כרמל Carmel Winery,IL,יין מונלייט לבן יקבי,,750.00,"100 מ""ל",false,,39.90,0.0532,true,1,453973
7290018294901,false,מונלייט אדום יבש 750 מל',יקבי כרמל Carmel Winery,IL,יין מונלייט אדום יבש,,750.00,"100 מ""ל",false,,39.90,0.0532,true,1,453974
7290018344095,false,חטיף חלבון בטעם בוטנים מלח 50 ג' VEG PROTEIN,טבע ירוק,IL,חטיף חלבון בוטנים ומ,,50.00,100 גרם,false,,11.90,0.2380,true,1,359839
7290018344101,false,חטיף חלבון בטעם קקאו וקפה 50 ג' VEG PROTEIN,טבע ירוק,IL,חטיף חלבון קקאו וקפה,,50.00,100 גרם,false,,11.90,0.2380,true,1,359855
7290018359686,false,יכין חומוס ענק 550 גר,היינץ צפון אמריקה מק,IL,חומוס ענק יכין 550 ג,,550.00,100 גרם,false,,10.90,0.0198,true,1,344829
7290018400470,false,כרישה חתוכה קפואה סנ,,,כרישה חתוכה קפואה סנ,,600.00,100 גרם,false,,16.90,0.0282,true,1,465164
7290018440254,false,צ'אי קרמל מלוח 25 שק' ויסוצקי,קריות זול,IL,חווית הצ'אי- קרמל מל,,50.00,100 גרם,false,,23.90,0.4780,true,1,363303
7290018440438,false,טונה בשמן זית פתיחה קלה 3 * 65 גר,,,טונה easy flip בשמן,,195.00,100 גרם,false,,26.90,0.1379,true,1,456179
7290018468425,false,נקניק טבעוני בטעם מעושן,טיב טירת צבי 2000,IL,נקניק טבעוני בטעם מע,,100.00,100 גרם,false,,16.90,0.1690,true,1,489153
7290018468432,false,"נקניק טבעוני בטעם מעושן, 100 גרם",טיב טירת צבי 2000,IL,נקניק טבעוני בטעם פי,,100.00,100 גרם,false,,16.90,0.1690,true,1,489135
7290018471180,false,פרוט&ווג אננס תפוח גזר 1 ליטר,פרוט אנד וג' Fruit & Veg,IL,פרוט ווג אננס תפוח ו,ליטרים,1.00,ליטר,false,,14.50,14.5000,true,1,296331
7290018471463,false,תפוזינה נקטר תפוז מנגו קרטונית 1 ליטר,"יפאורה תבורי בע""מ",IL,נקטר תפוזינה ENJOY ב,ליטרים,1.00,ליטר,false,,7.90,7.9000,true,1,310986
7290018471470,false,תפוזינה נקטר תפוז פסיפלורה קרטונית 1 ליטר,"יפאורה תבורי בע""מ",IL,נקטר תפוזינה ENJOY ב,ליטרים,1.00,ליטר,false,,7.90,7.9000,true,1,310987
7290018471487,false,תפוזינה נקטר תפוז אננס קרטונית 1 ליטר,"יפאורה תבורי בע""מ",IL,נקטר תפוזינה ENJOY ב,ליטרים,1.00,ליטר,false,,7.90,7.9000,true,1,310988
7290018471920,false,שוופס מוגז פירות ענבים 1.5 ליטר פיקדון,"יפאורה תבורי בע""מ",IL,שוופס ענבים מוגז 1.5,ליטרים,1.50,ליטר,false,,9.90,6.6000,true,1,366560
7290018471944,false,שוופס מוגז פירות לימונייד 1.5 ליטר פיקדון,"יפאורה תבורי בע""מ",IL,שוופס מוגז למונייד 1,ליטרים,1.50,ליטר,false,,9.90,6.6000,true,1,366562
7290018500231,false,"לחם וויקאנד אנג`ל, 750 גרם",מאפיית אנג'ל,IL,לחם וויקאנד אנג'ל 75,,750.00,100 גרם,false,,19.90,0.0265,true,1,444644
7290018500361,false,לחם אנג'ל אחיד פרוס 900 גר',מאפיית שלמה א. אנג'ל,IL,לחם אחיד פרוס מאפיית,,900.00,100 גרם,false,,8.53,0.0095,true,1,451514
7290018500392,true,חלה קלועה אנגל 650 ג,,,חלה קלועה אנגל 650 ג,,650.00,100 גרם,false,,6.50,0.0100,true,1,474384
7290018540329,false,שקית פיתה פיתה בלדי 800 ג' אנג'ל,מאפיית שלמה א. אנג'ל,IL,פיתה פיתה אנגל 880 ג,,10.00,יח',false,,13.90,1.3900,true,1,289029
7290018540817,false,ארטיזנל כוסנין-לחם מחמצת 500 גר',מאפיית אורנים,IL,לחם ארטיזנל כוסמין א,,500.00,100 גרם,false,,19.90,0.0398,true,1,416308
7290018540831,false,לחם מחמצת חיטה מלאה וגרעינים 500 ג' ארטיזנל,מאפיית אורנים,IL,לחם מחמצת חיטה מלאה,,500.00,100 גרם,false,,19.90,0.0398,true,1,416639
7290018564721,false,ממרח אריסה שף הטבע 2,,,ממרח אריסה שף הטבע 2,,200.00,100 גרם,false,,12.90,0.0645,true,1,409070
7290018626023,false,צלחות וינטג' קטנות 1,,,צלחות וינטג' קטנות 1,יחידה,0.00,יחידה,false,,13.90,0.0000,true,1,303390
7290018626108,false,קערות אובליות שקוף 5,,,קערות אובליות שקוף 5,יחידה,0.00,יחידה,false,,11.90,0.0000,true,1,291990
7290018626160,false,תבנית R-99 ענקית 5 י,,,תבנית R-99 ענקית 5 י,יחידה,0.00,יחידה,false,,9.90,0.0000,true,1,296586
7290018626405,false,צלחות וינטג' ענקיות,,,צלחות וינטג' ענקיות,יחידה,0.00,יחידה,false,,22.90,0.0000,true,1,303359
7290018652688,false,לה קרמריה טרופי ופירות אדומים 1.4 ל' נסטלה,גלידות נסטלה,IL,גלידת בטעמי פירות טר,,1.40,100 ליטר,false,,25.90,18.5000,true,1,402461
7290018652886,false,מאגדת מצופים שוקו בננה 8 יח-476 ג',גלידות נסטלה,IL,מאגדת שוקו בננה 8 יח,,476.00,100 גרם,false,,30.90,0.0649,true,1,404975
7290018720011,false,ביסקוויט קרנבל חיות בטעם וניל 250 ג' מעדני מלך,הגביע מוצרי וופלים,IL,מעדני המלך קרנבל חיו,,250.00,100 גרם,false,,6.90,0.0276,true,1,300475
7290018792841,false,אבקת קקאו טבעי 150ג גאנה,גאנס לודרס,IL,אבקת קקאו דל שומן 15,,150.00,100 גרם,false,,11.90,0.0793,true,1,484904
7290018795385,false,חסה לליק מהדרין קמעונאי,"מרינה פטריות הגליל בע""מ",IL,חסה לליק,,1.00,יח',false,,12.90,12.9000,true,1,378632
7290018835029,false,מרק בטעם עוף פרווה ת,,,מרק בטעם עוף פרווה ת,,400.00,100 גרם,false,,17.90,0.0447,true,1,461685
7290018886212,false,מזלגות עבות 50 יח',,,מזלגות עבות 50 יח',יחידה,0.00,יחידה,false,,10.90,0.0000,true,1,334609
7290018886236,false,כפות עבות 50 יח' שק,,,כפות עבות 50 יח' שק,יחידה,0.00,יחידה,false,,10.90,0.0000,true,1,334611
7290018886243,false,כפות עבות 50 יח' קר,,,כפות עבות 50 יח' קר,יחידה,0.00,יחידה,false,,10.90,0.0000,true,1,334612
7290018886809,false,קערת סלט בועות שקוף,,,קערת סלט בועות שקוף,יחידה,0.00,יחידה,false,,8.90,0.0000,true,1,355882
7290018886991,false,שמן קנולה אלומות 1 ל,סקנולה,EE,שמן קנולה אלומות 1 ל,ליטרים,1.00,ליטר,false,,12.90,12.9000,true,1,349644
7290018893456,false,צ'וקטה מארז עוגות אישיות במילוי קרם ובציפוי שוקולד 10*30ג,פרדי קונדטוריה אס.פי,IT,צ'וקטה עוגות אישיות,יחידה,300.00,יחידה,false,,14.90,0.0497,true,1,338880
7290018893951,false,עוגיות וופל חמאה קינמון 100 ג',,BE,צ'וקטה וופל חמאה בטע,,100.00,100 גרם,false,,11.90,0.1190,true,1,484827
7290018894408,false,קוביות וופל במילוי קרם אגוזי לוז - חלבי,בלקוני Balconi,IT,בלקוני קוביות וופל א,,250.00,100 גרם,false,,13.90,0.0556,true,1,443775
7290018925065,false,פרימור מיץ תפוזים סחוט 2 ליטר,פרימור,IL,פרימור מיץ תפוזים סח,ליטרים,2.00,ליטר,false,,28.90,14.4500,true,1,373950
7290018989005,false,יכין פולפה טבעית 400*3 גר,זנלכל,IL,פולפה טבעית יכין 3*,קילוגרמים,1.20,"ק""ג",false,,17.90,14.9167,true,1,390392
7290018989128,false,סירופ בטעם ענבים יכין 1 ליטר,זנלכל,IL,סירופ בטעם ענבים יכי,יחידה,0.00,יחידה,false,,20.90,0.0000,true,1,450054
7290018989135,false,סירופ בטעם פטל יכין 1 ליטר,זנלכל,IL,סירופ בטעם פטל יכין,יחידה,0.00,יחידה,false,,20.90,0.0000,true,1,450585
7290019031024,false,נר הבדלה כחול לבן,,,נר הבדלה כחול לבן,יחידה,0.00,יחידה,false,,9.90,0.0000,true,1,420724
7290019031079,false,תבנית R-29 מרובעת קט,,,תבנית R-29 מרובעת קט,יחידה,0.00,יחידה,false,,9.90,0.0000,true,1,408754
7290019031086,false,תבנית R-31 גדולה 7 י,,,תבנית R-31 גדולה 7 י,יחידה,0.00,יחידה,false,,9.90,0.0000,true,1,408755
7290019031116,false,תבנית R-99 ענקית 3 י,,,תבנית R-99 ענקית 3 י,יחידה,0.00,יחידה,false,,9.90,0.0000,true,1,408758
7290019031178,false,כפפות לטקס 100 יח' S,,,כפפות לטקס 100 יח' S,יחידה,0.00,יחידה,false,,32.90,0.0000,true,1,399202
7290019031314,false,קערות אובליות לבנות,,,קערות אובליות לבנות,יחידה,0.00,יחידה,false,,7.90,0.0000,true,1,403408
7290019031352,false,"צלחות ענקיות 10"" לבנ",,,"צלחות ענקיות 10"" לבנ",יחידה,0.00,יחידה,false,,24.90,0.0000,true,1,403425
7290019031369,false,"צלחות גדולות 9"" קרם",,,"צלחות גדולות 9"" קרם",יחידה,0.00,יחידה,false,,15.90,0.0000,true,1,403426
7290019031406,false,רביעיית מגבונים לחים,,,רביעיית מגבונים לחים,יחידה,0.00,יחידה,false,,10.90,0.0000,true,1,414816
7290019031444,false,אשפתון 65X54 XL חזקו,,,אשפתון 65X54 XL חזקו,יחידה,0.00,יחידה,false,,19.90,0.0000,true,1,427827
7290019031543,false,שמן זית כתית מעולה א,,,שמן זית כתית מעולה א,,750.00,"100 מ""ל",false,,32.90,0.0439,true,1,414729
7290019031604,false,מארז 5 מכלים + מכסים,,,מארז 5 מכלים + מכסים,ליטרים,1.00,ליטר,false,,10.90,10.9000,true,1,409548
7290019031611,false,מארז 4 מכלים + מכסים,,,מארז 4 מכלים + מכסים,ליטרים,1.00,ליטר,false,,10.90,10.9000,true,1,409593
7290019031659,false,WIZ צלחות גדולות  שק,,,WIZ צלחות גדולות  שק,יחידה,0.00,יחידה,false,,15.90,0.0000,true,1,463936
7290019031666,false,WIZ צלחות קטנות שקופ,,,WIZ צלחות קטנות שקופ,יחידה,0.00,יחידה,false,,10.90,0.0000,true,1,463937
7290019031673,false,"WIZ מרקיות שקופות 7""",,,"WIZ מרקיות שקופות 7""",יחידה,0.00,יחידה,false,,10.90,0.0000,true,1,463938
7290019031697,false,WIZ לפתניות שקופות 2,,,WIZ לפתניות שקופות 2,יחידה,0.00,יחידה,false,,6.90,0.0000,true,1,463956
7290019056027,false,שוופס מוגז פירות תפוחים ללא סוכר 1.5 ליטר פיקדון,"יפאורה תבורי בע""מ",IL,שוופס מוגז פירות תפו,ליטרים,1.50,ליטר,false,,8.90,5.9333,true,1,366578
7290019056041,false,שוופס מוגז פירות לימונייד ללא סוכר 1.5 ליטר פיקדון,"יפאורה תבורי בע""מ",IL,שוופס מוגז פירות ללא,ליטרים,1.50,ליטר,false,,8.90,5.9333,true,1,366594
7290019056058,false,שוופס מוגז עדין תפוח ליים 1.5 ליטר פיקדון,"יפאורה תבורי בע""מ",IL,שוופס מוגז עדין תפוח,ליטרים,1.50,ליטר,false,,8.90,5.9333,true,1,366229
7290019056065,false,שוופס מוגז עדין פירות יער 1.5 ליטר פיקדון,"יפאורה תבורי בע""מ",IL,שוופס מוגז עדין פירו,ליטרים,1.50,ליטר,false,,8.90,5.9333,true,1,366246
7290019056089,false,שוופס מוגז עדין ענבי ריזלינג 1.5 ליטר פיקדון,"יפאורה תבורי בע""מ",IL,שוופס מוגז עדין טעם,ליטרים,1.50,ליטר,false,,8.90,5.9333,true,1,366263
7290019056096,false,שוופס מוגז עדין אפרסק 1.5 ליטר פיקדון,"יפאורה תבורי בע""מ",IL,שוופס מוגז עדין אפרס,ליטרים,1.50,ליטר,false,,8.90,5.9333,true,1,366264
7290019056119,false,שוופס סודה 1.5 ליטר פיקדון,"יפאורה תבורי בע""מ",IL,שוופס סודה 1.5ליטר,ליטרים,1.50,ליטר,false,,4.50,3.0000,true,1,366114
7290019056133,false,שוופס סודה נענע ליים 1.5 ליטר בק' בודד,"יפאורה תבורי בע""מ",IL,שוופס סודה נענע ליים,ליטרים,1.50,ליטר,false,,4.50,3.0000,true,1,366610
7290019056164,false,שוופס סודה 1.5 ליטר רביעייה פיקדון,"יפאורה תבורי בע""מ",IL,שוופס סודה 4*1.5ליטר,ליטרים,6.00,ליטר,false,,13.10,2.1833,true,1,366131
7290019056171,false,שוופס סודה לימון 1.5 ליטר רביעייה פיקדון,"יפאורה תבורי בע""מ",IL,שוופס סודה לימון 4*1,ליטרים,6.00,ליטר,false,,13.10,2.1833,true,1,366147
7290019056188,false,שוופס סודה נענע ליים 1.5 ליטר רביעייה פיקדון,"יפאורה תבורי בע""מ",IL,שוופס סודה נענע ליים,ליטרים,6.00,ליטר,false,,13.10,2.1833,true,1,366163
7290019056249,false,שוופס מים בטעמים ענבים 1.5 ליטר פיקדון,"יפאורה תבורי בע""מ",IL,שוופס וואטר ענבים 1.,ליטרים,1.50,ליטר,false,,9.50,6.3333,true,1,366053
7290019056256,false,שוופס מים בטעמים תפוחים 1.5 ליטר פיקדון,"יפאורה תבורי בע""מ",IL,שוופס וואטר בטעם תפו,ליטרים,1.50,ליטר,false,,9.50,6.3333,true,1,366068
7290019056270,false,שוופס מים בטעמים פירות יער 1.5 ליטר פיקדון,"יפאורה תבורי בע""מ",IL,שוופס וואטר פירות יע,ליטרים,1.50,ליטר,false,,9.50,6.3333,true,1,368278
7290019056324,false,שוופס טוניק 1.5 ליטר פיקדון,"יפאורה תבורי בע""מ",IL,שוופס מי טוניק 1.5 ל,ליטרים,1.50,ליטר,false,,12.90,8.6000,true,1,366643
7290019056331,false,שוופס טוניק ללא סוכר 1.5 ליטר פיקדון,"יפאורה תבורי בע""מ",IL,שוופס טוניק ללא סוכר,ליטרים,1.50,ליטר,false,,11.90,7.9333,true,1,366644
7290019056362,false,תפוזינה ענבים 1.5 ליטר פיקדון,"יפאורה תבורי בע""מ",IL,תפוזינה ענבים 1.5 לי,ליטרים,1.50,ליטר,false,,9.50,6.3333,true,1,365742
7290019056379,false,תפוזינה תפוזים 1.5 ליטר פיקדון,"יפאורה תבורי בע""מ",IL,תפוזינה תפוזים 1.5 ל,ליטרים,1.50,ליטר,false,,9.50,6.3333,true,1,365774
7290019056386,false,פתוזינה אשכולית 1.5 ליטר פיקדון,"יפאורה תבורי בע""מ",IL,תפוזינה אשכוליות 1.5,ליטרים,1.50,ליטר,false,,9.50,6.3333,true,1,365794
7290019056393,false,תפוזינה תות בננה 1.5 ליטר פיקדון,"יפאורה תבורי בע""מ",IL,תפוזינה תות בננה 1.5,ליטרים,1.50,ליטר,false,,9.50,6.3333,true,1,365810
7290019056546,false,פרוט ווטר אבטיח 1.5 ליטר פיקדון,"יפאורה תבורי בע""מ",IL,פרוט ווטר אבטיח 1.5,ליטרים,1.50,ליטר,false,,9.50,6.3333,true,1,366038
7290019056553,false,עין גדי מים מינרלים 2 ליטר*6 יח',עין גדי מים מינרליים,IL,עין גדי מים מינרלים,ליטרים,12.00,ליטר,false,,13.80,1.1500,true,1,366790
7290019056560,false,עין גדי 2 ליטר בק' בודד פיקדון,יפאורה תבורי,IL,עין גדי מים מינרלים,ליטרים,2.00,ליטר,false,,4.50,2.2500,true,1,366805
7290019056577,false,ספרינג מנגו 1.5 ליטר פיקדון,"יפאורה תבורי בע""מ",IL,ספרינג מנגו 1.5 ליטר,ליטרים,1.50,ליטר,false,,9.50,6.3333,true,1,365482
7290019056584,false,ספרינג תפוזים 1.5 ליטר פיקדון,"יפאורה תבורי בע""מ",IL,ספרינג תפוזים 1.5 לי,ליטרים,1.50,ליטר,false,,9.50,6.3333,true,1,365514
7290019056591,false,ספרינג ענבים 1.5 ליטר פיקדון,"יפאורה תבורי בע""מ",IL,ספרינג ענבים 1.5 ליט,ליטרים,1.50,ליטר,false,,9.50,6.3333,true,1,365529
7290019056614,false,ספרינג אפרסק 1.5 ליטר פיקדון,"יפאורה תבורי בע""מ",IL,ספרינג אפרסק 1.5 ליט,ליטרים,1.50,ליטר,false,,9.50,6.3333,true,1,365545
7290019056638,false,ספרינג תות בננה 1.5 ליטר פיקדון,"יפאורה תבורי בע""מ",IL,ספרינג תות בננה 1.5,ליטרים,1.50,ליטר,false,,9.50,6.3333,true,1,365563
7290019056645,false,ספרחנג אגס תפוח סברס 1.5 ליטר פיקדון,"יפאורה תבורי בע""מ",IL,ספרינג אגס סברס תפוח,ליטרים,1.50,ליטר,false,,9.50,6.3333,true,1,365564
7290019056652,false,ספרינג אננס בננה 1.5 ליטר פיקדון,"יפאורה תבורי בע""מ",IL,ספרינג אננס בננה 1.5,ליטרים,1.50,ליטר,false,,9.50,6.3333,true,1,365610
7290019056720,false,קריסטל מיץ ענבים 2 ליטר פיקדון,יפאורה תבורי,IL,קריסטל מיץ ענבים 2 ל,ליטרים,2.00,ליטר,false,,8.50,4.2500,true,1,366659
7290019056768,false,קריסטל מיץ מנגו 2 ליטר פיקדון,יפאורה תבורי,IL,קריסטל מיץ מנגו 2 לי,ליטרים,2.00,ליטר,false,,8.50,4.2500,true,1,366677
7290019056805,false,קריסטל מוגז תפוחים 2 ליטר פיקדון,יפאורה תבורי,IL,משקה מוגז קריסטל תפו,ליטרים,2.00,ליטר,false,,8.50,4.2500,true,1,366709
7290019056812,false,קריסטל מוגז מנטה 2 ליטר פיקדון,יפאורה תבורי,IL,קריסטל מנטה 2 ליטר,ליטרים,2.00,ליטר,false,,8.50,4.2500,true,1,366710
7290019056959,false,מי עדן 1.5 ליטר בק' בודד פיקדון,מופק ממקור בזלתי עדן,IL,מי עדן 1.5 ליטר,ליטרים,1.50,ליטר,false,,3.90,2.6000,true,1,377573
7290019056973,false,מי עדן 1.5 ליטר שישייה פיקדון,מופק ממקור בזלתי עדן,IL,מי עדן 6*1.5 ליטר,ליטרים,9.00,ליטר,false,,14.90,1.6556,true,1,366758
7290019153351,false,מיץ בטעם פינק אוזו 1.5 ל' תפוזינה,"יפאורה תבורי בע""מ",IL,תפוזינה פינק אוזו 1.,ליטרים,1.50,ליטר,false,,9.50,6.3333,true,1,439773
7290019153375,false,מיץ בטעם מוחיטו 1.5 ל' תפוזינה,"יפאורה תבורי בע""מ",IL,תפוזינה מוחיטו 1.5 ל,ליטרים,1.50,ליטר,false,,9.50,6.3333,true,1,439774
7290019204008,false,עוף טוב פסטרמה ארבעה פלפלים 350 גר',עיצובים 2020 (4.9),,פסטרמה ארבעה פלפלים,,350.00,100 גרם,false,,27.90,0.0797,true,1,471748
7290019204305,false,חזה הודו פסטרמה ברביקיו 350 גר',עיצובים 2020 (4.9),,פסטרמה ברביקיו עוף ט,,350.00,100 גרם,false,,27.90,0.0797,true,1,471715
7290019230021,false,חלה גדולה ספיישל ביקרי,ספיישל בייקרי,IL,חלה גדולה ארוזה בייק,,500.00,100 גרם,false,,15.90,0.0318,true,1,368456
7290019232384,false,"תה צאי מוקה 50 גרם, 25 שקיקים",קריות זול,IL,חווית הצ'אי- מוקה 25,,50.00,100 גרם,false,,23.90,0.4780,true,1,514591
7290019245001,false,שמן קנולה אלומות 1 ל,סקנולה,EE,שמן קנולה אלומות 1 ל,ליטרים,1.00,ליטר,false,,12.90,12.9000,true,1,426350
7290019297239,false,צימוק חום 250 גרם בק,"דין שיווק וקליה בע""מ",,צימוק כהה 250 גרם,,250.00,100 גרם,false,,14.90,0.0596,true,1,6813
7290019297628,false,שקד טבעי 150 גרם ששון הקולה שקית,דין שיווק,IL,שקד טבעי 150 גרם ששו,,150.00,100 גרם,false,,15.90,0.1060,true,1,6834
7290019303701,false,פינוקיות שומשום מיקס ישראלי 250 ג',טבע ירוק,IL,פינוקיות שומשום מיקס,,220.00,100 גרם,false,,19.90,0.0905,true,1,482909
7290019303756,false,פינוקיות שומשום וגרעינים 250 ג',טבע ירוק,IL,פינוקיות שומשום וגרע,,220.00,100 גרם,false,,19.90,0.0905,true,1,482910
7290019393016,false,"קמח חיטה לבן ללא צורך בניפוי 1 ק""ג האופה",טבע ירוק,IL,קמח חיטה לבן מנופה,קילוגרמים,1.00,"ק""ג",false,,10.90,10.9000,true,1,493995
7290022005074,false,רוטב עגבניות שרי קלא,,,רוטב עגבניות שרי קלא,,400.00,100 גרם,false,,16.90,0.0422,true,1,306
7290100240656,false,"פתית שיפון תלמה 300ג' בד""צ",יוניליוור ישראל מזון,IL,פתית שיפון תלמה 300,,300.00,100 גרם,false,,18.90,0.0630,true,1,67442
7290100243671,false,מרכך כביסה אקסטרא בניחוח יסמין מרענן,יוניליוור סנאיי וי ט,TR,בדין אקסטרא כחול-960,,960.00,"100 מ""ל",false,,17.90,0.0186,true,1,12849
7290100412770,false,"ד""ר עור - תחליב רחצה קלאסי בניחוח מאסק 700 מ""ל","ד""ר עור DOCTOR OR",,תחליב רחצה קלאסי מאס,,700.00,"100 מ""ל",false,,19.90,0.0284,true,1,110652
7290100413593,false,מגבונים גדולים XL לניקוי כללי בניחוח פרחי בר,קוויק,,קוויק מטליות XL בניח,יחידה,0.00,יחידה,false,,8.90,0.0000,true,1,32994
7290100570234,false,אביזרי מטבח,,,אביזרי מטבח,יחידה,0.00,יחידה,false,,12.90,0.0000,true,1,39065
7290100572368,false,אביזרי מטבח,,,אביזרי מטבח,יחידה,0.00,יחידה,false,,19.90,0.0000,true,1,39074
7290100572702,false,אביזרי מטבח ב-11.00,,,אביזרי מטבח ב-11.00,יחידה,0.00,יחידה,false,,10.90,0.0000,true,1,39078
7290100573402,false,אביזרי מטבח,,,אביזרי מטבח,יחידה,0.00,יחידה,false,,14.90,0.0000,true,1,39081
7290100653463,false,"פלמוליב - ארומה ג'ל רחצה מסאז' 500 מ""ל",קולגייט פלמוליב,IT,סבון נוזלי ספא מסאג',,500.00,"100 מ""ל",false,,17.90,0.0358,true,1,24873
7290100680650,false,מנה חמה נודלס-אטריות ירקות טעם תאילנדי אסם 76 ג',THAI PRESIDENT FOODS,TH,מנה חמה נודלס תאילנד,,76.00,100 גרם,false,,6.90,0.0908,true,1,22712
7290100680667,false,מנה חמה נודלס-אטריות+ירקות טעם סצ'ואן,THAI PRESIDENT FOODS,TH,מנה חמה נודלס ירקות,,76.00,100 גרם,false,,6.90,0.0908,true,1,68407
7290100680711,false,פירורית זהב אסם זהב 350ג',עינת תעשיות מזון,IL,אסם פירורית זהב 350,,350.00,100 גרם,false,,9.90,0.0283,true,1,22714
7290100680728,false,פירורית רגילה שקית 350 גרם,מיוצר עי קונדיטוריית,IL,פירורית רגילה שקית 3,,350.00,100 גרם,false,,8.90,0.0254,true,1,68408
7290100683880,false,אבקה להכנת פירה 260 ג' אסם,"אסם השקעות בע""מ",IL,פירה אסם 260 גרם,,260.00,100 גרם,false,,15.90,0.0612,true,1,68409
7290100685136,false,"מרק בטעם עוף 1 ק""ג אסם","אסם השקעות בע""מ",IL,מרק בטעם עוף אסם 1 ק,קילוגרמים,1.00,"ק""ג",false,,16.90,16.9000,true,1,22741
7290100685334,false,אבקת מרק עוף אמיתי ר.טבעיים 400ג' אסם,"אסם השקעות בע""מ",IL,מרק עוף מרכיבים טבעי,,400.00,100 גרם,false,,26.70,0.0667,true,1,22743
7290100685341,false,מרק בטעם עוף זך רכיבים טבעיים 400 ג' אסם,"אסם השקעות בע""מ",IL,מרק זך טעם עוף רכיבי,,400.00,100 גרם,false,,18.90,0.0472,true,1,22744
7290100686164,false,ביסלי ברביקיו מארז 6 יח' * 35 ג' אסם,מיוצר עי קונדיטוריית,IL,ביסלי ברביקיו מאח.8,,210.00,100 גרם,false,,14.50,0.0690,true,1,22752
7290100686171,false,ביסלי גריל מארז 6 יח' * 35 ג' אסם,אסם תעשיות,IL,ביסלי גריל מאח.8 6*3,,210.00,100 גרם,false,,14.50,0.0690,true,1,22753
7290100687109,false,במבה במילוי קרם נוגט 60ג' אסם,"אסם השקעות בע""מ",IL,במבה במילוי קרם נוגט,,60.00,100 גרם,false,,5.90,0.0983,true,1,22756
7290100689301,false,אבקת מרק עוף זך עדיף אסם 400 גר',"אסם השקעות בע""מ",IL,מרק בטעם עוף זך אסם,,400.00,100 גרם,false,,15.90,0.0398,true,1,22763
7290100700020,false,סוגת גריסי פנינה 500גרם,האי נאם סי או אל.טי.,IL,סוגת גריסי פנינה 500,,500.00,100 גרם,false,,6.90,0.0138,true,1,20717
7290100700273,false,קינואה סוגת 500 גרם,האי נאם סי או אל.טי.,IL,קינואה סוגת 500 גרם,,500.00,100 גרם,false,,15.90,0.0318,true,1,20721
7290100700372,false,"אורז בסמטי מלא סוגת 1 ק""ג",האי נאם סי או אל.טי.,IL,אורז בסמטי מלא 1 ק'ג,קילוגרמים,1.00,"ק""ג",false,,14.90,14.9000,true,1,20727
7290100700396,false,"סוגת אורז יסמין קלאסי 1 ק""ג",האי נאם סי או אל.טי.,IL,סוגת אורז יסמין קלאס,קילוגרמים,1.00,"ק""ג",false,,13.90,13.9000,true,1,20729
7290100700587,false,סוגת בורגול 500 גרם,האי נאם סי או אל.טי.,IL,סוגת בורגול 500 גר,,500.00,100 גרם,false,,6.90,0.0138,true,1,20734
7290100701157,false,אורז להכנת סושי סוגת,Unknown,,אורז סושי 1 קג,קילוגרמים,1.00,"ק""ג",false,,14.80,14.8000,true,1,20737
7290100701331,false,קמח רב תכליתי שטיבל קמח חיטה לבן בהיר,"שטיבל בע""מ - טחנות ק",IL,קמח רב תכליתי סוגת,קילוגרמים,1.00,"ק""ג",false,,8.90,8.9000,true,1,20740
7290100701409,false,קמח תירס סוגת 500 גר,,,קמח תירס סוגת 500 גר,,500.00,100 גרם,false,,7.90,0.0158,true,1,20744
7290100701577,false,קמח לחם קמח חיטה לבן שטיבל,שטיבל טחנות קמח,IL,קמח לחם מועשר בויטמי,קילוגרמים,1.00,"ק""ג",false,,8.90,8.9000,true,1,119817
7290100701881,false,קמח פיצה ופוקצ'ה- קמח חיטה לבן בהיר שטיבל,"שטיבל בע""מ - טחנת קמ",IL,קמח פיצה ופוקצה סוגת,קילוגרמים,1.00,"ק""ג",false,,8.90,8.9000,true,1,20753
7290100702260,false,קוסקוס דק סוגת 350 גר',סוגת,IL,קוסקוס דק סוגת 350 ג,,350.00,100 גרם,false,,5.90,0.0169,true,1,20756
7290100702611,false,פתיתים אפויים אורז סוגת 500 ג',אסיף,,פתיתים אפויים אורז ס,,500.00,100 גרם,false,,5.20,0.0104,true,1,68111
7290100702628,false,פתיתים אפויים קוסקוס סוגת 500 ג',יושלם,,פתיתים אפויים קוסקוס,,500.00,100 גרם,false,,5.20,0.0104,true,1,20770
7290100702635,false,פתיתים אפויים כוכבים סוגת 500 ג',,,פתיתים אפויים כוכבים,,500.00,100 גרם,false,,5.20,0.0104,true,1,20771
7290100702741,false,"סוכר חום בהיר בצנצנת 1 ק""ג סוגת",סוגת,IL,סוכר חום בהיר בצנצנת,קילוגרמים,1.00,"ק""ג",false,,14.50,14.5000,true,1,20780
7290100702994,false,סוגת סוכר דמררה קלאסי בשקית 500 גרם,"סוגת תעשיות בע""מ",IL,סוכר דמררה בשקית סוג,,500.00,100 גרם,false,,6.90,0.0138,true,1,20798
7290100703007,false,עדשים שחורות בלוגה סוגת 500 גר',האי נאם סי או אל.טי.,IL,סוגת עדשים שחורות בל,,500.00,100 גרם,false,,9.90,0.0198,true,1,20799
7290100703564,false,פתיתי שיבולת שועל עבה סוגת 500 ג',,,שיבולת שועל עבה סוגת,,500.00,100 גרם,false,,7.90,0.0158,true,1,119843
7290100703915,false,פופקורן להכנה במיקרוגל בטעם חמאה - מארז 6 שקיות,סוגת,,מארז פופקורן למיקרוג,,540.00,100 גרם,false,,14.90,0.0276,true,1,117813
7290100704615,false,סוכר לבן דק דק בצנצנת 500 ג',סוגת,,סוכר לבן דק דק בצנצנ,,500.00,100 גרם,false,,8.90,0.0178,true,1,363153
7290100704622,false,סוכר דמררה דק דק בצנצנת 500 ג',סוגת,,סוכר דמררה דק דק בצנ,,500.00,100 גרם,false,,8.90,0.0178,true,1,363154
7290100704660,false,קינואה מיקס סוגת 500 ג',"סוגת תעשיות בע""מ",IL,קינואה מיקס סוגת 500,,500.00,100 גרם,false,,15.90,0.0318,true,1,313281
7290100704684,false,"קמח שמרים כוסמין סוגת רב תכליתי 1 ק""ג סוגת",,,קמח שמרים כוסמין רב,קילוגרמים,1.00,"ק""ג",false,,22.90,22.9000,true,1,419092
7290100850909,false,דוריטוס בטעם נאצ'ו מקסיקני,שטראוס פריטו ליי בע,IL,דוריטוס נאצו מקסיקני,,70.00,100 גרם,false,,4.30,0.0614,true,1,26659
7290100850916,false,דוריטוס בטעם חמוץ חריף,"שטראוס פריטו ליי בע""",IL,דוריטוס חמוץ חריף 70,,70.00,100 גרם,false,,4.30,0.0614,true,1,26660
7290100850923,false,דוריטוס גריל 70 גרם,שטראוס פריטו ליי בע,IL,דוריטוס גריל 70 גרם,,70.00,100 גרם,false,,4.30,0.0614,true,1,26661
7290100850930,false,דוריטוס דיפ טבעי 70ג,שטראוס פריטו ליי בע,IL,דוריטוס טבעי 70 גרם,,70.00,100 גרם,false,,4.30,0.0614,true,1,26662
7290100858608,false,אבקת קקאו עלית שקית 500 ג',שטראוס גרופ,IL,עלית קקאו 500ג,,500.00,100 גרם,false,,27.90,0.0558,true,1,25487
7290101113157,false,גלידל וניל עוגיות מאגדת שישייה 312 ג',הגלידות של פלדמן,IL,גלידל חלבי וניל עוגי,,672.00,100 גרם,false,,27.90,0.0415,true,1,145453
7290101113430,false,מאגדת גלידל שוקולד עם סירופ 312 ג',הגלידות של פלדמן,IL,מאגדת גלידל סירופ שו,,312.00,100 גרם,false,,27.90,0.0894,true,1,302510
7290101486688,false,פרי חטיפי בריאות מארז 5 דגנים עם שוקולד,טבעית מוצרים מן הטבע,IL,פרי חטיפי בריאות מאר,,100.00,100 גרם,false,,19.70,0.1970,true,1,64844
7290101551539,false,יוגורט PRO בטעם אפרסק 0% 20 גרם חלבון בגביע,דנונה - שטראוס,IL,דנונה פרו 20 אפרסק 2,,200.00,100 גרם,false,,6.50,0.0325,true,1,135053
7290101551577,false,קוואקר שיבות שועל פחית מארז 2*500 גר',קואקר אוטס,GB,זוג קוואקר פחית שיבו,קילוגרמים,1.00,"ק""ג",false,,24.90,24.9000,true,1,135130
7290101551584,false,תפוצ'יפס קידס מארז 10 יח' * 20 ג',"שטראוס פריטו ליי בע""",IL,מארז תפוצ'יפס קידס 1,,200.00,100 גרם,false,,15.90,0.0795,true,1,133779
7290101551614,false,חטיף צ'יטוס קראנץ בטעם גבינה - מארז 8 יח',הנסיך- מפעל לייצור ט,IL,מארז צ'יטוס קראנצ' ג,,240.00,100 גרם,false,,14.90,0.0621,true,1,132837
7290101864127,false,"ספריי להסרת כתמים 750 מ""ל וניש קליה",קליה וניש Kalia Vanish,IL,קליה אוקסי ספריי 750,,750.00,"100 מ""ל",false,,19.90,0.0265,true,1,24205
7290101982470,false,ממתק רולר תפוח ורוד 30 גר,יושלם,,ממתק רולר 30 גרם,,30.00,100 גרם,false,,7.00,0.2333,true,1,36739
7290102030330,false,תפוצ'יפס קראנצ' בטעם מקסיקני,"שטראוס פריטו ליי בע""",IL,תפוצ'יפס קראנץ מקסיק,,200.00,100 גרם,false,,10.90,0.0545,true,1,26670
7290102031276,false,מארז 8 יחידות אקטימל משקה יוגורט בטעם תות בננה,מיוצר עי קונדיטוריית,IL,אקטימל תות בננה 8*10,,800.00,"100 מ""ל",false,,22.90,0.0286,true,1,26179
7290102390427,false,יוגורט ביו עם קציפת תות 3% שומן 150 ג' מולר,מולר Muller,IL,מולר פרופ תות 3% 150,,150.00,100 גרם,false,,5.50,0.0367,true,1,8560
7290102390465,false,יוגורט ביו עם קציפת אפרסק ופסיפלורה 3% שומן 150 ג' מולר,מולר Muller,IL,מולר פרופ אפרסק פסיפ,,150.00,100 גרם,false,,5.50,0.0367,true,1,8561
7290102391844,false,יוגורט ביו עם קציפת פירות יער3% שומן 150 ג' מולר,מולר Muller,IL,מולר פרופ לבן+קציפת,,150.00,100 גרם,false,,5.50,0.0367,true,1,8581
7290102392049,false,גבינה תבור לאפייה 5% 500 ג' צוריאל,מחלבת משק צוריאל,IL,צוריאל תבור 5% 500ג,,500.00,100 גרם,false,,27.80,0.0556,true,1,8585
7290102392094,false,חלב עיזים 4.1% צוריאל 1 ל' קרטון,מילקו תעשיות בעמ,IL,צוריאל חלב עיזים 1ל,ליטרים,1.00,ליטר,false,,16.90,16.9000,true,1,8589
7290102392254,false,חלב 1% בקרטון 2 ל' טרה,מילקו תעשיות בעמ,IL,טרה חלב 1% 2ל,ליטרים,2.00,ליטר,false,,11.72,5.8600,true,1,8594
7290102393039,false,מולר מיקס יוגורט קרמי בתוספת פצפוצי שוקולד 170 ג',קריות זול,IL,מולר מיקס בתוספת פצפ,,170.00,"100 מ""ל",false,,5.90,0.0347,true,1,8618
7290102393190,false,סימפלי פרוט פירות היער 3% שומן 150 ג' מולר,מילקו תעשיות בעמ,IL,מולר סימפלי פרוט פיר,,150.00,100 גרם,false,,5.50,0.0367,true,1,8629
7290102393268,false,**טרה גבינה לבנה אריזת חיסכון 5% 750ג,טרה,IL,טרה גבינה לבנה אריזת,,750.00,100 גרם,false,,14.90,0.0199,true,1,8630
7290102393947,false,סימפלי פרוט יוגורט בטעם קיווי 3% שומן 150 ג' מולר,מילקו תעשיות בעמ,IL,מולר סימפלי פרוט קיו,,150.00,"100 מ""ל",false,,5.50,0.0367,true,1,8645
7290102394081,false,מולר מיקס יוגורט קרמי עם קורנפלקס מצופה שוקולד,מילקו תעשייה בעמ,IL,מולר מיקס קורנפקלס מ,,170.00,100 גרם,false,,5.90,0.0347,true,1,8651
7290102394463,false,נעם גבינה צהובה וואקום 28% 500גרם,Unknown,IL,נעם גבינה צהובה וואק,,500.00,100 גרם,false,,28.00,0.0560,true,1,8663
7290102394821,false,נעם גבינה צהובה דק דק פ.ח 28% 200גר,מילקו תעשיות בעמ,IL,נעם גבינה צהובה דק ד,,200.00,100 גרם,false,,16.20,0.0810,true,1,8669
7290102394845,false,פרוסות גבינת נעם מופחתת שומן 9%,מילקו תעשיות בעמ,IL,נעם גבינה צהובה דק ד,,200.00,100 גרם,false,,17.00,0.0850,true,1,8670
7290102395101,false,גבינה עם ממרח שוקולד 200ג' טרה,מילקו תעשיות בעמ,IL,מוו ממרח גבינה ושוקו,,200.00,100 גרם,false,,11.90,0.0595,true,1,8677
7290102395224,false,מארז 8 גביעים יוגורט ביו בטעם טבעי 1.7%,מולר Muller,IL,מולר נטורל 1.7% 8*15,קילוגרמים,1.20,"ק""ג",false,,16.90,14.0833,true,1,8682
7290102395231,false,מולר נטורל 2.8% ביאנקו מאגדת 8 יח' * 150 ג',מולר Muller,IL,מולר נטורל 2.8% 8*15,קילוגרמים,1.20,"ק""ג",false,,16.90,14.0833,true,1,8683
7290102395378,false,גבינה צהובה נועם 28% וואקום פרוס 360ג',טרה,IL,נעם גבינה צהובה ואקו,,360.00,100 גרם,false,,20.60,0.0572,true,1,8686
7290102395439,false,מארז 8 גביעים יוגורט בטעם פירות יער וקיווי 3% Simply Fruit,מילקו תעשיות בעמ,IL,מולר סימפלי פירות יע,קילוגרמים,1.20,"ק""ג",false,,32.40,27.0000,true,1,8691
7290102396399,false,מארז 8 יחידות מעדן חלב בטעם שוקולד 1.5%,טרה,IL,מוו מעדן שוקולד 100*,,800.00,100 גרם,false,,13.90,0.0174,true,1,8731
7290102396443,false,מעדן וניל 1.5% שומן 125 ג' טרה,טרה,IL,מוו מעדן וניל 1.5% 1,,125.00,100 גרם,false,,3.50,0.0280,true,1,8735
7290102396719,false,יוגורט ביו עם תות שדה 0% Simply Fruit,מולר Muller,IL,מולר סימפלי פרוט תות,,170.00,100 גרם,false,,5.50,0.0324,true,1,8752
7290102397204,false,פרוסות גבינה 22% שומן 200 ג' נעם,מילקו תעשיות בעמ,IL,נעם צהובה דק דק 22%,,200.00,100 גרם,false,,16.20,0.0810,true,1,8780
7290102397600,false,מיקס יוגורט בתוספת שקדים ובוטנים מקורמלים 170 ג' מולר,מילקו תעשייה בעמ,IL,מולר מיקס שקדים ובוט,,168.00,100 גרם,false,,5.90,0.0351,true,1,8805
7290102397617,false,יוגורט ביו קרמי עם כדורים מצופים שוקולד חום לבן,מולר Muller,IL,מולר מיקס קליק 168 ג,,168.00,100 גרם,false,,5.90,0.0351,true,1,8806
7290102397730,false,פרוסות גבינה אמנטל חצי קשה 30% שומן 200 ג' נעם,Unknown,IL,גבינת אמנטל נעם פתיח,,200.00,100 גרם,false,,17.90,0.0895,true,1,82221
7290102397747,false,פרוסות גבינת מוצרלה נעם מחלב בקר 22%,טרה,IL,מוצרלה נעם רכיבים ט,,200.00,100 גרם,false,,19.90,0.0995,true,1,107796
7290102397891,false,גבינת מותכת 18% צוריאל 100ג',משק צוריאל,IL,רביעייה גבינה מותכת,,100.00,100 גרם,false,,7.90,0.0790,true,1,74606
7290102398560,false,שוקו מעושר בבקבוק 1ל' טרה,מילקו תעשיות בעמ,IL,שוקו טרה מועשר בבקבו,ליטרים,1.00,ליטר,false,,12.50,12.5000,true,1,126680
7290102398577,false,משקה חלב בטעם שוקו 2% בבקבוק אישי,מילקו תעשיות בעמ,IL,שוקו טרה מועשר בבקבו,,250.00,"100 ק""ג",false,,5.90,0.0236,true,1,135171
7290102399772,false,ממרח חמאת מולר ושמן לפתית במליחות עדינה,Molkerei Weihensteph,DE,מולר ממרח חמאה במליח,,250.00,100 גרם,false,,18.90,0.0756,true,1,241416
7290102399819,false,יוגורט עם פירות יער מולר אקטיב מועשר בחלבון 200 גר',מולר Muller,IL,יוגורט חלבון פ.יער 2,,200.00,100 גרם,false,,6.90,0.0345,true,1,237329
7290103404758,false,כרוב אדום במיונז אחל,מיוצר עי קונדיטוריית,IL,אחלה כרוב אדום 120ג,,120.00,100 גרם,false,,5.90,0.0492,true,1,26189
7290103408206,false,עלי חסה ערבית שטופים,שטראוס בריאות ירקות,IL,עלי חסה ערבית שטופים,,250.00,100 גרם,false,,11.90,0.0476,true,1,26193
7290103681173,false,"יין תבור הר קברנה סוביניון 750 מ""ל",מיוצר על ידי יקב תבו,IL,הר תבור קברנה סוביני,,750.00,"100 מ""ל",false,,39.90,0.0532,true,1,141241
7290103701093,false,טאצ' מטליות מיקרופייבר לרצפה 2 יח',"שניב תעשיות נייר בע""",,טאצ מטליות מקרופייבר,יחידה,0.00,יחידה,false,,14.90,0.0000,true,1,27042
7290103702298,false,טאצ' אשפתון עבה בגליל 77*90 50 יח',"שניב תעשיות נייר בע""",,טאצ אשפתון בגליל 50,יחידה,0.00,יחידה,false,,16.90,0.0000,true,1,27058
7290103702304,false,טאצ' אשפתון עבה במיוחד 35 יח',"שניב תעשיות נייר בע""",,טאצ אשפתון בגליל 35,יחידה,0.00,יחידה,false,,16.90,0.0000,true,1,27059
7290103702328,false,שקיות אשפה עבות במיו,"שניב תעשיות נייר בע""",,טאצ אשפתון בגליל 25,יחידה,0.00,יחידה,false,,16.90,0.0000,true,1,27061
7290103704155,false,נייר מגבת טאצ' 6 גלילים מהדורת 2021,"שניב תעשיות נייר בע""",IL,מגבות נייר 6 גלילים,,63.00,מטר,false,,10.90,0.1730,true,1,324061
7290103704179,false,מגבת נייר למטבח טאצ' 8 יח',,,מגבות נייר 8 גלילים,,83.00,מטר,false,,14.90,0.1795,true,1,323261
7290103704186,false,מגבות מטבח כפול טאצ`מהדורת 2021 6 יחידות,,,מגבות טאצ' גליל כפול,יחידה,0.00,יחידה,false,,20.90,0.0000,true,1,386956
7290103704766,false,נייר טואלט 24 גליל כפול מהדורת פרח סגול,,,נייר טואלט 24 גליל,יחידה,0.00,יחידה,false,,43.90,0.0000,true,1,438753
7290104061417,false,חומוס טחינה אחלה 400 ג',"שטראוס גרופ בע""מ",IL,אחלה חומוס טחינה 400,,400.00,100 גרם,false,,11.90,0.0298,true,1,26196
7290104061431,false,חומוס אחלה עם צנובר 400 ג',"שטראוס גרופ בע""מ",IL,אחלה חומוס צנובר 400,,400.00,100 גרם,false,,11.90,0.0298,true,1,26198
7290104061448,false,חומוס עם חריף 400 ג' אחלה,מיוצר עי קונדיטוריית,IL,אחלה חומוס חריף 400ג,,400.00,100 גרם,false,,11.90,0.0298,true,1,26199
7290104064012,false,חטיף פסק זמן שוקולד לבן 36 ג' עלית,שולן צ'יקולטה גידה ס,TR,פסק זמן 2GOOD לבן 36,,36.00,100 גרם,false,,5.90,0.1639,true,1,126991
7290104065934,false,שטראוס עלי רוקט 150ג,שטראוס בריאות ירקות,IL,שטראוס עלי רוקט 150ג,,150.00,100 גרם,false,,10.90,0.0727,true,1,26202
7290104066566,false,טחינה שומשום מלא אחלה 500 גר',מיוצר עי קונדיטוריית,IL,אחלה טחינה 500ג,,500.00,100 גרם,false,,15.90,0.0318,true,1,26205
7290104068539,false,גומי מאסט בטעם מלון ואבטיח 28 ג' עלית,"שטראוס גרופ בע""מ",IL,מאסט מלון ואבטיח 28ג,,28.00,100 גרם,false,,4.90,0.1750,true,1,25547
7290104501661,false,אינסטנט פודינג בטעם וניל צרפתי,מיוצר עי קונדיטוריית,IL,אסם פודינג בטעם וניל,,80.00,100 גרם,false,,6.50,0.0813,true,1,22769
7290104508943,false,במבה אריזת חסכון 200 גרם,"אסם השקעות בע""מ",IL,במבה קלאסי 18*200 גר,,200.00,100 גרם,false,,9.50,0.0475,true,1,22787
7290104509353,false,בונז'ור עוגת בריוש פרג 550 ג',בונז'ור,IL,עוגת בריוש פרג 550 ג,,550.00,100 גרם,false,,29.90,0.0544,true,1,69706
7290104570131,false,תמר מג'הול הדקלאים,,,"תמר מג'הול 1 ק""ג",קילוגרמים,1.00,"ק""ג",false,,18.90,18.9000,true,1,61095
7290104570162,false,תמרים כבוש ביסאן 500 ג',תמר העמקים בית שאן,,תמר כבוש 500 גרם,,500.00,100 גרם,false,,12.90,0.0258,true,1,3073
7290104726712,false,מארז 8 יחידות מעדן מילקי בטעם שוקולד עם קצפת,"שטראוס גרופ בע""מ",IL,מילקי שמינייה מארז 8,קילוגרמים,1.06,"ק""ג",false,,21.90,20.6604,true,1,26226
7290104960246,false,"נקה 7 - תחליב רחצה ורד ויסמין 750 מ""ל",אמיליה קוסמטיקס,IL,תחליב רחצה ורד ויסמי,,750.00,"100 מ""ל",false,,12.90,0.0172,true,1,34054
7290104963216,false,סופטקר - אל סבון עדין לתינוק לעור רגיש 1 ליטר,קוסמופארם בע''מ,IL,סופטקר אלסבון עדין ל,יחידה,0.00,יחידה,false,,19.90,0.0000,true,1,34124
7290105360328,false,קפסולות אספרסו חזק למכונות נספרסו 10 יח',הנסיך- מפעל לייצור ט,IL,עלית קפסולות אספרסו,,50.00,100 גרם,false,,18.90,0.3780,true,1,25574
7290105360762,false,שמן כתית מעולה עדין 1,מכוורת יד מרדכי שטרא,IL,שמן זית 1 עדין כתית,,750.00,"100 מ""ל",false,,38.90,0.0519,true,1,25579
7290105360878,false,תפוצ'יפס מארז 4 יח' *50ג',"שטראוס פריטו ליי בע""",IL,תפוציפס מארז 4*50ג,,200.00,100 גרם,false,,12.90,0.0645,true,1,26725
7290105362339,false,"שמנת לבישול 15% 250 מ""ל יטבתה מהדרין",מחלבת יטבתה,IL,יטבתה שמנת לבישול 15,,250.00,"100 מ""ל",false,,8.90,0.0356,true,1,26236
7290105364302,false,"עלית חטיף שוקולד כיף כף מקלות אגוזים, 40 גרם","איי, בי, אינבוו",TR,כיף כף מקלות אגוזים,,42.00,100 גרם,false,,5.90,0.1405,true,1,25590
7290105366023,false,חציל אחלה בטעם כבד 400 גר' אחלה,מיוצר עי קונדיטוריית,IL,אחלה חציל בטעם כבד 4,,400.00,100 גרם,false,,16.90,0.0422,true,1,26239
7290105366993,false,סימפוניה גבינה במרקם שמנת פלפל שיפקה חריף 5%,"שטראוס בריאות בע""מ",IL,סימפוניה פלפל שיפקה,,200.00,100 גרם,false,,12.90,0.0645,true,1,26247
7290105368331,false,מעדן מילקי בטעם תות עם קצפת,מחלבת אחיהוד,IL,"מילקי תות 170 מ""ל",,170.00,"100 מ""ל",false,,2.90,0.0171,true,1,26259
7290105368904,false,"שמנת מתוקה להקצפה 32% שומן 250 מ""ל יוטבתה",מחלבת יטבתה,IL,יטבתה שמנת עמידה לקצ,,250.00,"100 מ""ל",false,,7.90,0.0316,true,1,26269
7290105369130,false,סימפוניה גבינה במרקם שמנת בצל ירוק 5%,"שטראוס בריאות בע""מ",IL,סימפוניה שטראוס בצל,,200.00,100 גרם,false,,12.90,0.0645,true,1,26273
7290105691248,false,פריכונים חטיפי טורטיה תירס 60 ג' אוסם,"מיוצר ע""י PT, משווק",IL,חטיפי פריכונים טורטי,,60.00,100 גרם,false,,8.10,0.1350,true,1,22810
7290105691897,false,קוסקוס פלוס עם קמח חיטה מלא,"מיוצר ע""י קוד יצרן K",IL,קוסקוס עם חיטה מלאה,,350.00,100 גרם,false,,9.90,0.0283,true,1,22817
7290105693341,false,במבה מארז 10 יח' * 25 ג' אסם,"אסם השקעות בע""מ",IL,במבה מאח.15 10*25גרם,,250.00,100 גרם,false,,17.90,0.0716,true,1,22827
7290105693457,false,עוגת הבית דמקה שוקו וניל 320 ג' אסם,מיוצר עי קונדיטוריית,IL,עוגת הבית דמקה שוקו,,320.00,100 גרם,false,,14.90,0.0466,true,1,68445
7290105964564,false,אחלה חומוס אחלה 400ג,מיוצר עי קונדיטוריית,IL,אחלה חומוס אחלה 400ג,,400.00,100 גרם,false,,9.90,0.0248,true,1,26280
7290105965738,false,יוגורט לשתיה בטעם תות בננה267 ג' דנונה,מיוצר עי קונדיטוריית,IL,דנונה משקה תות בננה,,267.00,100 גרם,false,,5.50,0.0206,true,1,26288
7290105966469,false,"חומץ בלסמי יד מרדכי 250מ""ל",אצטייה ג'וזפה קרמוני,IT,חומץ בלסמי יד מרדכי,,250.00,100 גרם,false,,16.90,0.0676,true,1,25628
7290105968098,false,סלט קולסלאו אחלה 500 ג',אחלה - שטראוס,IL,אחלה קולסלאו 500ג,,500.00,100 גרם,false,,16.90,0.0338,true,1,26300
7290105968654,false,רביולי בטטה פרווה פסטה נונה 400 ג',מיוצר עי קונדיטוריית,IL,שטראוס רביולי בטטה 4,,400.00,100 גרם,false,,21.70,0.0542,true,1,26301
7290106520066,false,רבע לשבע במילוי קרם אגוזים ובציפוי שוקולד חלב,הגביע מוצרי וופלים ב,IL,רבע לשבע 160 גרם,,160.00,100 גרם,false,,12.90,0.0806,true,1,25637
7290106520288,false,יוגורט פרו חלבון עם תות 2.4% שומן 150 ג' דנונה,"שטראוס בריאות בע""מ",IL,דנונה פרו תות 150 גר,,150.00,100 גרם,false,,4.90,0.0327,true,1,26303
7290106520912,false,"שמנת לבישול 9% 250 מ""ל יטבתה",מחלבת יטבתה,IL,יטבתה שמנת לבישול 9%,,250.00,"100 מ""ל",false,,8.90,0.0356,true,1,26313
7290106521926,false,שקית קפה טורקי 150 ג' עלית,עלית,,קפה טורקי עלית 150 ג,,150.00,100 גרם,false,,13.90,0.0927,true,1,90056
7290106524439,false,תפוצ'יפס טבעי פופס 60גר',"שטראוס פריטו ליי בע""",IL,תפוציפס פופס 60 גרם,,60.00,100 גרם,false,,4.50,0.0750,true,1,111210
7290106528628,false,דוריטוס טבעי עלית 185 ג',"שטראוס פריטו ליי בע""",IL,דוריטוס טבעי 185 גר`,,185.00,100 גרם,false,,8.50,0.0459,true,1,26756
7290106528949,false,סלט ערוגות טעם הטבע,שטראוס בריאות ירקות,IL,לקט ערוגות,,450.00,100 גרם,false,,13.90,0.0309,true,1,26341
7290106571921,false,עוגיות פיטנס עוגיות חמוציות 180 גר',מיוצר עי קונדיטוריית,IL,פיטנס עוגיות חמוציות,,180.00,100 גרם,false,,12.70,0.0706,true,1,22856
7290106572027,false,אוסם - לחמית חמישה דגנים 190 גרם,"אסם השקעות בע""מ",IL,לחמית חמישה דגנים אס,,190.00,100 גרם,false,,9.90,0.0521,true,1,22858
7290106573277,false,אוסם - קריספי טאפאס זיתים 150 גרם,מיוצר עי קונדיטוריית,IL,אסם קריספי טאפאס זית,,150.00,100 גרם,false,,13.50,0.0900,true,1,68459
7290106574953,false,בייגלה שטוחים כעכים שטוחים עם שומשום,מיוצר עי קונדיטוריית,IL,אסם בייגלה שטוחים שו,,300.00,100 גרם,false,,11.90,0.0397,true,1,22893
7290106574977,false,בייגלה שטוחים כעכים שטוחים עם מלח,מיוצר עי קונדיטוריית,IL,אסם בייגלה שטוחים עם,,300.00,100 גרם,false,,11.90,0.0397,true,1,22894
7290106575011,false,פתיתים אפויים פלוס חיטה מלאה 400 ג' אסם,מיוצר עי קונדיטוריית,IL,פתיתים אפויים חיטה מ,,400.00,100 גרם,false,,7.90,0.0198,true,1,22895
7290106575257,false,עוגת הבית סופלה בטעם שוקולד 340 ג' אסם,מיוצר עי קונדיטוריית,IL,עוגת הבית סופלה בטעם,,340.00,100 גרם,false,,14.90,0.0438,true,1,68472
7290106575431,false,עוגת הבית סופלה בטעם שוקוניל 340 ג' אסם,מיוצר עי קונדיטוריית,IL,עוגת הבית סופלה בטעם,,340.00,100 גרם,false,,14.90,0.0438,true,1,22902
7290106577282,false,צבר טחינה מרובע 400גרם,סלטי צבר,IL,צבר מרובע טחינה 400ג,,400.00,100 גרם,false,,14.90,0.0373,true,1,23534
7290106578821,false,הבית עוגת שמרים קלאסית בטעם שוקולד 350גר.,מיוצר עי קונדיטוריית,IL,עוגת הבית שמרים קלאס,,350.00,100 גרם,false,,19.50,0.0557,true,1,22924
7290106652996,false,כיף כף מקלות קוקוס חלבי 40 גר',SOLEN CIKOLATA GIDA,TR,כיף כף מקלות קוקוס 4,,40.00,100 גרם,false,,5.90,0.1475,true,1,498464
7290106656734,false,עוגיות חיוכים וניל 600 ג'רם,אפיפית נצרת,IL,"חיוכים וניל בד""צ 600",,600.00,100 גרם,false,,21.70,0.0362,true,1,120522
7290106658479,false,עלית וופל בטעם טורטית אגוזים 360גר,"שטראוס גרופ בע""מ",IL,עלית וופל בטעם טורטי,,40.00,100 גרם,false,,4.90,0.1225,true,1,25720
7290106662025,false,תפוצ'יפס טבעי מלח פלפל 50 ג',"שטראוס פריטו ליי בע""",IL,תפוציפס טבעי מלח פלפ,,50.00,100 גרם,false,,4.50,0.0900,true,1,26792
7290106663503,false,יד מרדכי קונפיטורת לייט תות 230 גר,אף.סי תבליני בגליל ב,IL,קונפיטורת לייט תות 2,,230.00,100 גרם,false,,14.90,0.0648,true,1,25759
7290106666788,false,עלית - סוכריות נוסטלגיה דבש ממולאות 80 גרם,פלזנסקי,IL,סוכריות נוסטלגיה דבש,,80.00,100 גרם,false,,7.90,0.0988,true,1,25781
7290106668713,false,יוגורט עם פירות יער 3% שומן 150 ג' דנונה,מיוצר עי קונדיטוריית,IL,דנונה פירות יער3% 15,,150.00,"100 ק""ג",false,,3.90,0.0260,true,1,26404
7290106669857,false,קפסולות 06 אספרסו בטעם וניל עלית 10יח',הנסיך- מפעל לייצור ט,IL,עלית קפסולות בטעם ונ,,50.00,100 גרם,false,,18.90,0.3780,true,1,63292
7290106720626,false,צ'יטוס קראנצ' בטעם גבינה - חלבי,"שטראוס פריטו ליי בע""",IL,ציטוס גבינה 80 גרם,,80.00,100 גרם,false,,5.50,0.0688,true,1,77116
7290106721913,false,מסטיק מאסט MUST ללא סוכר בטעם מנטה מרעננת,"שטראוס גרופ בע""מ",IL,מאסט צנצנת ריח פה צ',,66.00,100 גרם,false,,11.90,0.1803,true,1,25826
7290106721920,false,צנצנת מסטיק מאסט בטעם ספירמינט עדין 66 ג' עלית,"שטראוס גרופ בע""מ.",IL,מאסט צנצנת ספירמינט,,66.00,100 גרם,false,,11.90,0.1803,true,1,25827
7290106723689,false,עלי תרד בייבי שטראוס,שטראוס בריאות ירקות,IL,שטראוס תרד בייבי 200,,200.00,100 גרם,false,,11.90,0.0595,true,1,26415
7290107280020,false,מטליות לחות סנו סושי לניקוי כללי שלישיה *50 יח',טרופיקל דגיל- תעשיות,IL,סנו סושי מגבונים לני,יחידה,0.00,יחידה,false,,20.90,0.0000,true,1,34140
7290107280099,false,מגבוני טואלט לחים סנו סופט שלישייה * 48 יח',טרופיקל דגיל- תעשיות,IL,סנו סופט מגבוני טואל,יחידה,0.00,יחידה,false,,18.90,0.0000,true,1,34146
7290107280341,false,ריצפז מטליות לחות לניקוי הרצפה בניחוח מלון מפנק,"סנו מפעלי ברונוס סע""",IL,ריצפז מטליות לחות לנ,יחידה,0.00,יחידה,false,,12.90,0.0000,true,1,199959
7290107280709,false,"סנו ספארק נוזל הברקה למדיח 700 מ""ל","סנו מפעלי ברונוס בע""",IL,סנו ספארק נוזל הברקה,,700.00,"100 מ""ל",false,,18.90,0.0270,true,1,34169
7290107280723,false,נוזל לניקוי כלים סנו ספארק Spark בניחוח לימון רענן,סנו כימיקלים,IL,סנו ספארק נוזל לניקו,,700.00,"100 מ""ל",false,,11.90,0.0170,true,1,34171
7290107280747,false,נוזל לניקוי כלים סנו ספארק Spark קלאסי,סנו כימיקלים,IL,סנו ספארק נוזל לניקו,,700.00,"100 מ""ל",false,,11.90,0.0170,true,1,34174
7290107280761,false,נוזל לניקוי כלים בניחוח לימון רענן סנו ספארק Spark,מיוצר עי קונדיטוריית,IL,ספארק נוזל לכלים לימ,יחידה,0.00,יחידה,false,,12.90,0.0000,true,1,34176
7290107341356,false,כבל אייפון imx,,,כבל אייפון,יחידה,0.00,יחידה,false,,19.90,0.0000,true,1,420129
7290107341394,false,אוזניות לבן imx,,,אוזנייה לבנה,יחידה,0.00,יחידה,false,,29.90,0.0000,true,1,426721
7290107342087,false,אוזניות חיבור ישיר ט,,,אוזניות חיבור ישיר ט,יחידה,0.00,יחידה,false,,49.90,0.0000,true,1,426737
7290107647816,false,ברנפלקס ללא סוכר בדצ 500גרם***,יוניליוור ישראל מזון,IL,ברנפלקס ללא סוכר בד',,500.00,100 גרם,false,,27.00,0.0540,true,1,100281
7290107871990,false,פסטה צינורות 500 ג' אסם,פסטה זארה,IT,פסטה צינורות אסם 500,,500.00,100 גרם,false,,6.90,0.0138,true,1,22955
7290107874502,false,ביסלי גריל מארז 4 יח' * 55 ג' אסם,מיוצר עי קונדיטוריית,IL,ביסלי גריל 4*55 גרם,,220.00,100 גרם,false,,12.90,0.0586,true,1,22984
7290107876889,false,אוסם - במבה במילוי קרם נוגט 45 גרם,"אסם השקעות בע""מ",IL,במבה במילוי קרם נוגט,,45.00,100 גרם,false,,5.90,0.1311,true,1,139432
7290107879521,false,קרחוני לה פרוטה La Frutta תות שדה - 5 יח',גלידות נסטלה Nestle,IL,לה פרוטה תות 5 יח,,350.00,100 גרם,false,,29.90,0.0854,true,1,18450
7290107879569,false,קרחון לה פרוטה שרבט מנגו מאגדת 5יח',גלידות נסטלה Nestle,IL,לה פרוטה מנגו 5 יח,,350.00,100 גרם,false,,29.90,0.0854,true,1,18451
7290107930321,false,קונפיטורה דובדבן יד מרדכי 340 ג',בית אל מזון,IL,יד מרדכי קונפיטורה ד,,340.00,100 גרם,false,,13.90,0.0409,true,1,25902
7290107932080,false,חלב בבקבוק 3% שומן 1 ל' יוטבתה,מחלבת יטבתה,IL,יטבתה חלב בבקבוק 3%,ליטרים,1.00,ליטר,false,,7.90,7.9000,true,1,26459
7290107932134,false,חלב בבקבוק 1% שומן 1 ל' יוטבתה,מחלבת יטבתה,IL,יטבתה חלב בבקבוק 1%,ליטרים,1.00,ליטר,false,,7.90,7.9000,true,1,26461
7290107933193,false,שטראוס סלק מבושל בוו,הורקסה 5 גאמא ס.א.,ES,שטראוס סלק מבושל בוו,,500.00,100 גרם,false,,7.90,0.0158,true,1,26464
7290107934473,false,מארז 8 יח' אקטיביה יוגורט קרמי 1.5% שומן,דנונה - שטראוס,IL,אקטיביה מארז מיוחד 1,קילוגרמים,1.20,"ק""ג",false,,21.90,18.2500,true,1,26477
7290107937542,false,משקה יוגורט אקטיביה עם תות 1.2% שומן,מיוצר עי קונדיטוריית,IL,משקה אקטיביה תות 1.2,,265.00,"100 מ""ל",false,,5.50,0.0208,true,1,26495
7290107937641,false,מסטיק בצנצנת קוביות בזוקה 58 ג',אסקום קונפקשיין,DE,צנצנת קוביות בזוקה 5,,58.00,100 גרם,false,,11.90,0.2052,true,1,25959
7290107938396,false,"אקטימל משקה פרוביוטי תות 100X8 מ""ל",מיוצר עי קונדיטוריית,IL,דנונה Actimel בנים ב,,864.00,100 גרם,false,,22.90,0.0265,true,1,26501
7290107940030,false,חומוס אחלה 650 גר',,,חומוס אחלה 650 גר,,650.00,100 גרם,false,,10.90,0.0168,true,1,26520
7290107944472,false,סימפוניה גבינה במרקם שמנת 5% שום שמיר,"שטראוס בריאות בע""מ",IL,סימפוניה 5% שום שמיר,,200.00,100 גרם,false,,12.90,0.0645,true,1,26560
7290107945165,false,קונפיטורה משמש יד מרדכי 340 ג',אף.סי תבליני בגליל ב,IL,יד מרדכי קונפיטורת מ,,340.00,100 גרם,false,,13.90,0.0409,true,1,61878
7290107951715,false,צנצנת מסטיק מאסט קוביות בטעם ענבים 58 ג' עלית,אסקום קונפקשיין,IL,מאסט צנצנת קוביות ענ,,58.00,100 גרם,false,,11.90,0.2052,true,1,61004
7290107953559,false,קפה טורקי עלית לדרך שקיות 24X7ג',הנסיך- מפעל לייצור ט,IL,קפה טורקי לדרך 168 ג,,168.00,100 גרם,false,,19.90,0.1185,true,1,26011
7290107956901,false,קפסולות אגוזי לוז למוכנת נספרסו,עלית,,עלית קפסולות אספרסו,,150.00,100 גרם,false,,18.90,0.1260,true,1,107255
7290107957069,false,צנצנת מסטיק בטעם אוכמניות 66 ג' עלמה,"שטראוס גרופ בע""מ",IL,מסטיק עלמה בטעם אוכמ,,66.00,100 גרם,false,,11.90,0.1803,true,1,102359
7290107957076,false,צנצנת מסטיק בטעם ספירמינט 66 ג' עלמה,"שטראוס גרופ בע""מ",IL,מסטיק עמלה בטעם ספיר,,66.00,100 גרם,false,,11.90,0.1803,true,1,102360
7290107957113,false,סימפוניה 5% זיתים פיקנטיים 200 ג' שטראוס,קריות זול,IL,סימפוניה עם זיתים פי,,200.00,100 גרם,false,,12.90,0.0645,true,1,135080
7290107958035,false,יוגורט במתיקות מעודנת 2% ללא תוספת סוכר- מארז 8 יח,דנונה - שטראוס,IL,8 דנונה מתיקות מעודנ,קילוגרמים,1.20,"ק""ג",false,,19.50,16.2500,true,1,107345
7290107973861,false,מאסטר שף - עגבניות קצוצות דק שלישיה 400 גרם * 3,קונסרזיו קאסאלאסקו ד,IT,עגבניות קצוצות דק מא,קילוגרמים,1.20,"ק""ג",false,,17.90,14.9167,true,1,25031
7290107974066,false,"עלי טורטיה קמח מלא 20ס""מ 8יח' מאסטר שף 320ג'",אלקטי קורביישיסי,DE,עלי טורטיה קמח מלא מ,,320.00,100 גרם,false,,11.90,0.0372,true,1,68928
7290107974073,false,עלי טורטיה קמח לבן מאסטר שף 320ג',הנסיך- מפעל לייצור ט,DE,עלי טורטיה קמח לבן מ,,320.00,100 גרם,false,,11.90,0.0372,true,1,68929
7290107976916,false,פלמוליב סבון ידיים חלב זייתים 300מל,פלמוליב Palmolive,,פלמוליב סבון ידיים ח,,300.00,"100 מ""ל",false,,10.90,0.0363,true,1,89996
7290108070316,false,שקית 50 פסטל,,,שקית 50 פסטל,יחידה,0.00,יחידה,false,,11.90,0.0000,true,1,37543
7290108350210,false,סנו סושי שקיות אשפה חזקות 30 יח' XL,מיוצר עי קונדיטוריית,IL,סושי שקיות אקסטרא חז,יחידה,0.00,יחידה,false,,26.90,0.0000,true,1,34193
7290108350258,false,נייר טואלט סנו סופט גליל ארוך 12=36 יח',מפעלי ברונוס בעמ,IL,סופט נייר טואלט גליל,,180.00,מטר,false,,44.90,0.2494,true,1,34194
7290108350616,false,סנו - מקסימה מרכך כביסה מרוכז פריחה כחולה 1 ליטר,"סנו מפעלי ברונוס בע""",IL,מרכך כביסה מקסימה סו,יחידה,0.00,יחידה,false,,18.90,0.0000,true,1,34205
7290108351514,false,מרכך כביסה בבישום עוצמתי פריחה כחולה,סנו מקסימה,IL,מרכך כביסה סנו מקסימ,ליטרים,4.00,ליטר,false,,23.90,5.9750,true,1,34231
7290108351606,false,"סנופרש הום בניחוח מרכך כביסה 350 מ""ל",,,סנו פרש הום סופט סיל,,350.00,"100 מ""ל",false,,12.90,0.0369,true,1,90545
7290108351613,false,סנו ריצפז פרש הום 2 ליטר בניחוח מלון חלומי,"סנו מפעלי ברונוס בע""",IL,ריצפז פרש הום מלון ח,ליטרים,2.00,ליטר,false,,24.90,12.4500,true,1,80320
7290108351811,false,מקסימה מרכך כביסה סופר מרוכז פלור טאצ' 1 ליטר,מיוצר עי קונדיטוריית,IL,סנו מקסימה מרכך כביס,יחידה,0.00,יחידה,false,,18.90,0.0000,true,1,162972
7290108351835,false,מרכך כביסה בבישום עוצמתי פלורל טאצ',מיוצר עי קונדיטוריית,IL,מרכך כביסה סנו מקסימ,ליטרים,4.00,ליטר,false,,23.90,5.9750,true,1,198510
7290108352047,false,אורביטול - צמד מברשות שיניים 808 + חוט דנטלי במתנה,סנו,IL,אורביטול מברשת לחניכ,יחידה,0.00,יחידה,false,,21.90,0.0000,true,1,406906
7290108352214,false,סנו - מקסימה קפסולות כביסה בניחוח בריזה מרעננת 40 יח',טרופיקל דגיל תעשיות,IL,קפסולות כביסה בניחוח,,840.00,100 גרם,false,,44.90,0.0535,true,1,231958
7290108352337,false,"סנו - פרש מילוי למטהר אוויר מלון מפנק 250 מ""ל",מיוצר עי קונדיטוריית,IL,סנו פרש הום אוטומטיק,,250.00,100 גרם,false,,16.90,0.0676,true,1,235531
7290108352566,false,מרכך כביסה בבישום עוצמתי 4 ל' סנו מקסינה,"סנו מפעלי ברונוס בע""",IL,מרכך JOY בבישום עוצמ,ליטרים,4.00,ליטר,false,,23.90,5.9750,true,1,361055
7290108352573,false,מרכך כביסה מקסימה בבישום עוצמתי 4 ל' סנו,סנו,IL,מרכך כביסה CALM בבי,ליטרים,4.00,ליטר,false,,23.90,5.9750,true,1,415238
7290108353549,false,נייר אפיה סנו סושי 100 יח',"טופ פלסט 2002 בע""מ",IL,נייר אפיה סנו סושי 1,יחידה,0.00,יחידה,false,,22.90,0.0000,true,1,202561
7290108353556,false,נייר טואלט סופט שלוש שכבות 32 גלילים סנו,טרופיקל דגיל תעשיות,IL,נייר טואלט סנו סופט,יחידה,0.00,יחידה,false,,47.90,0.0000,true,1,233058
7290108354270,false,מרכך כביסה מרוכז בבישום עוצמתי 1 ל' סנו מקסימה,מיוצר עי קונדיטוריית,IL,מרכך בבישום עוצמתי מ,ליטרים,1.00,ליטר,false,,18.90,18.9000,true,1,361040
7290108354720,false,סנו פרש הום מקלות ריחניים בניחוח ליידי קוקו 100מל',,,מקלות ריחניים פרש הו,,100.00,"100 מ""ל",false,,21.90,0.2190,true,1,511306
7290108355802,false,"תחליב רחצה קרמה ורד ווניל 700 מ""ל",גוד פוד פרודקטס S.p,IL,קרמה תחליב רחצה ורד,,700.00,"100 מ""ל",false,,17.90,0.0256,true,1,251859
7290108357288,false,אקונומיקה ז'אוול בניחוח פריחה לבנה 4 ל' סנו,סנו ז'אוול Javel,IL,סנו ז'אוול בניחוח פר,ליטרים,4.00,ליטר,false,,17.90,4.4750,true,1,403392
7290108357295,false,"סנו - אוקסיג'ן פאוור מרסס להסרת כתמים 750 מ""ל",סנו,IL,מרסס אוקסיג'ן מסיר כ,,750.00,"100 מ""ל",false,,20.90,0.0279,true,1,445756
7290108358087,false,"תחליב רחצה קרמה מאסק 700 מ""ל",גוד פוד פרודקטס S.p,IL,קרמה תחליב רחצה מאסק,,700.00,"100 מ""ל",false,,17.90,0.0256,true,1,265542
7290108359091,false,כיסוי ניילון עם גומי 30 יח' L סנו סושי,סנו,IL,סנו סושי כיסוי ניילו,יחידה,0.00,יחידה,false,,12.90,0.0000,true,1,488594
7290108359176,false,סופט ממחטות אף 3 שכבות 200יח,סנו,,סנו סופט ממחטות אף ת,,200.00,יח',false,,14.90,0.0745,true,1,503046
7290108500677,false,כבד דג שיבוט מעושן בשמן הדג,"איטיליאן פוד, אס.פי.",IT,כבד דג שיבוט בשמן וי,,115.00,100 גרם,false,,10.90,0.0948,true,1,5045
7290108501353,false,אנשובי פילה ארוך בשמן ויליפוד 50 ג',,,פילה אנשובי ארוך בשמ,,45.00,100 גרם,false,,7.90,0.1756,true,1,115577
7290108503043,false,תפוחונים חטיף פלחים מיובשים מארז 22X4ג',ינטאי זונגקאן פוד קו,CN,מארז רביעייה תפוחוני,,88.00,100 גרם,false,,14.70,0.1670,true,1,136731
7290108503067,false,פרמזנו משולש ויליפוד,וילי פוד,IL,פרמז'נו משולש 150 גר,,150.00,100 גרם,false,,16.90,0.1127,true,1,135063
7290108505726,false,גבינה חצי קשה-אצבעות,סאסו פטוראגס קומטויס,TR,אצבעות גבינה חצי קשה,,200.00,100 גרם,false,,16.90,0.0845,true,1,234983
7290108508499,false,"איירן משקה יוגורט בסגנון טורקי יורו 293 מ""ל",Euro יורו מחלבות אירופה,TR,משקה יוגורט בסגנון ט,,293.00,100 גרם,false,,5.90,0.0201,true,1,298267
7290108509700,false,אורז פרסי דאווט 1 קג,אל טי פוד,IN,"אורז פרסי 1 ק""ג DAAW",קילוגרמים,1.00,"ק""ג",false,,11.90,11.9000,true,1,363829
7290109351971,false,פריכיות דגנים פיטנס מצופות שוקולד חלב,נסטלה Nestle,IL,בר פריכיות שוקולד חל,,84.00,100 גרם,false,,14.90,0.1774,true,1,23556
7290109354057,false,קרחוני לה פרוטה La Frutta בטעמי אננס תפוז- 5 יח',תות תעשיות מזון (201,IL,"מאגדת 5 י""ח לה פרוטה",,350.00,100 גרם,false,,29.90,0.0854,true,1,18465
7290109580135,false,פרימיום קורנדביף זוגלובק 180 ג',זוגלובק,IL,קורנדביף זוגלובק פרמ,,180.00,100 גרם,false,,27.90,0.1550,true,1,298084
7290109580241,false,נאגטס מן הצומח 500 ג' זוגלובק,זוגלובק טבע,IL,נאגטס מן הצומח זוגלו,,500.00,100 גרם,false,,27.90,0.0558,true,1,444819
7290109580432,false,פסטרמה חזה הודו מעושן 120 גר' זוגלובק,זוגלובק,IL,פסטרמה אקסטרה מעושנת,,120.00,100 גרם,false,,14.90,0.1242,true,1,445047
7290109920627,false,"אסטוניש קרם ואקונומיקה לניקוי אמבטיות 500 מ""ל",אסטוניש,GB,"אסטוניש קרם 500 מ""ל",,500.00,"100 מ""ל",false,,13.90,0.0278,true,1,113718
7290109923031,false,"מרסס פרמיום ארומטיק למקלחון 750 מ""ל אסטוניש",,,אסטוניש פרימיום ארומ,,750.00,"100 מ""ל",false,,16.90,0.0225,true,1,414557
7290110058814,false,ביצי שוקולד סמיילי שלישייה,מונדזיר,,שלישיית ביצי שוקולד,,60.00,100 גרם,false,,14.90,0.2483,true,1,37878
7290110110369,false,בירה קרלסברג לומה LUMA שישייה,מבשלות בירה בינלאומי,IL,שישיית בירה קרלסברג,ליטרים,1.98,ליטר,false,,37.70,19.0404,true,1,238693
7290110110659,false,"ספרייט לימון ליים פחית 330מ""ל",החברה המרכזית לייצור,IL,סליק ספרייט חדש 330,,330.00,"100 מ""ל",false,,5.70,0.0173,true,1,115867
7290110113476,false,בירה קרלסברג ללא אלכוהול - שישייה,קרלסברג רומניהיבואן:,RO,קרלסברג 0.0 בקבוק 6*,ליטרים,1.98,ליטר,false,,37.60,18.9899,true,1,217055
7290110114329,false,כפית זהב מולר,,,כפית זהב מולר,יחידה,0.00,יחידה,false,,9.90,0.0000,true,1,300105
7290110114787,false,נביעות + תפוח 1.5 ליטר פיקדון,נביעות טבע הגליל בעמ,IL,נביעות + תפוח 1.5 לי,ליטרים,1.50,ליטר,false,,10.90,7.2667,true,1,365327
7290110114794,false,נביעות + אפרסק 1.5 ליטר פיקדון,"נביעות טבע הגליל בע""",IL,נביעות + אפרסק 1.5 ל,ליטרים,1.50,ליטר,false,,10.90,7.2667,true,1,365345
7290110114800,false,נביעות + ענבים 1.5 ליטר פיקדון,"נביעות טבע הגליל בע""",IL,נביעות + ענבים 1.5 ל,ליטרים,1.50,ליטר,false,,10.90,7.2667,true,1,365346
7290110114855,false,"נביעות מים מינרליים, שישיה 6 * 1.5 ליטר פקדון",נביעות טבע הגליל בעמ,IL,מי נביעות שישייה 1.5,ליטרים,9.00,ליטר,false,,14.90,1.6556,true,1,365376
7290110114893,false,מיץ סחוט תפוז 2 ל' פריגת,פריגת,IL,פריגת סחוט תפוזים 2,ליטרים,2.00,ליטר,false,,30.30,15.1500,true,1,365260
7290110114961,false,מיץ בטעם תפוזים 1.5ל' פריגת,מבשלות בירה בינלאומי,IL,פריגת תפוזים 1.5 ליט,ליטרים,1.50,ליטר,false,,9.90,6.6000,true,1,365405
7290110114985,false,פריגת אשכולית 1.5 ליטר פיקדון,מבשלות בירה בינלאומי,IL,פריגת אשכולית 1.5 לי,ליטרים,1.50,ליטר,false,,9.90,6.6000,true,1,365407
7290110115005,false,פריגת ענבים 1.5 ליטר פיקדון,מבשלות בירה בינלאומי,IL,פריגת ענבים 1.5 ליטר,ליטרים,1.50,ליטר,false,,9.90,6.6000,true,1,365437
7290110115036,false,פריגת מנגו 1.5 ליטר פיקדון,מבשלות בירה בינלאומי,IL,פריגת מנגו 1.5 ליטר,ליטרים,1.50,ליטר,false,,9.90,6.6000,true,1,365497
7290110115043,false,פריגת לימונענע 1.5 ליטר פיקדון,מבשלות בירה בינלאומי,IL,פריגת לימונענע 1.5 ל,ליטרים,1.50,ליטר,false,,9.90,6.6000,true,1,365512
7290110115050,false,פריגת מיקס תות בננה 1.5 ליטר פיקדון,מבשלות בירה בינלאומי,IL,פריגת מיקס תות בננה,ליטרים,1.50,ליטר,false,,9.90,6.6000,true,1,365513
7290110115074,false,פריגת תפוח דובדבן 1.5 ליטר פיקדון,מבשלות בירה בינלאומי,IL,פריגת דובדבן 1.5 ליט,ליטרים,1.50,ליטר,false,,9.90,6.6000,true,1,365580
7290110115081,false,פריגת צלול ענבים 1.5 ליטר פיקדון,מבשלות בירה לישראל ב,IL,פריגת צלול ענבים 1.5,ליטרים,1.50,ליטר,false,,9.90,6.6000,true,1,365581
7290110115180,false,מים מינרליים נביעות,"נביעות טבע הגליל בע""",IL,נביעות 1.5 ליטר,ליטרים,1.50,ליטר,false,,4.20,2.8000,true,1,380775
7290110115203,false,קוקה קולה 1.5 ליטר פיקדון,קוקה קולה Coca Cola,IL,קוקה קולה 1.5 ליטר,ליטרים,1.50,ליטר,false,,9.50,6.3333,true,1,365605
7290110115210,false,דיאט קוקה קולה 1.5 ליטר פיקדון,קוקה קולה Coca Cola,IL,דיאט קוקה קולה 1.5 ל,ליטרים,1.50,ליטר,false,,9.90,6.6000,true,1,365606
7290110115227,false,קולה ZERO 1.5 ליטר פיקדון,קוקה קולה Coca Cola,IL,קוקה קולה זירו בקבוק,ליטרים,1.50,ליטר,false,,9.90,6.6000,true,1,365607
7290110115265,false,ספרייט 1.5 ליטר LIME פיקדון,החברה המרכזית לייצור,IL,ספרייט 1.5 ליטר LIME,ליטרים,1.50,ליטר,false,,9.00,6.0000,true,1,365690
7290110115272,false,ZERO ספרייט זירו 1.5 ליטר פיקדון,החברה המרכזית לייצור,IL,ספרייט זירו 1.5 ליטר,ליטרים,1.50,ליטר,false,,9.90,6.6000,true,1,365691
7290110115296,false,פאנטה אורנג' 1.5 ליטר פיקדון,החברה המרכזית לייצור,IL,פאנטה אורנג' 1.5 ליט,ליטרים,1.50,ליטר,false,,10.50,7.0000,true,1,365723
7290110115319,false,פאנטה אקזוטיק 1.5 ליטר פיקדון,החברה המרכזית לייצור,IL,פאנטה אקזוטיק 1.5 לי,ליטרים,1.50,ליטר,false,,10.50,7.0000,true,1,365739
7290110115357,false,קינלי סודה 1.5 ליטר פיקדון,קריות זול,,קינלי סודה 1.5 ליטר,ליטרים,1.50,ליטר,false,,5.50,3.6667,true,1,365773
7290110115364,false,קוקה קולה שישיות 1.5 ליטר פיקדון,החברה המרכזית לייצור,IL,קוקה קולה 6*1.5 ליטר,ליטרים,9.00,ליטר,false,,52.90,5.8778,true,1,365628
7290110115418,false,מארז שישייה קוקה קולה זירו 1.5 ל',החברה המרכזית לייצור,IL,קוקה קולה זירו שישיי,ליטרים,9.00,ליטר,false,,49.90,5.5444,true,1,365645
7290110115449,false,אייס תה בטעם מנגו אננס 1.5ל' FUZE TEA,מבשלות בירה בינלאומי,IL,פיוז טי מנגו אננס 1.,ליטרים,1.50,ליטר,false,,10.50,7.0000,true,1,365791
7290110115456,false,"תה קר בטעם אפרסק 19 קלוריות ב- 100 מ""ל",מבשלות בירה בינלאומי,IL,פיוז טי אפרסק 19 קל,ליטרים,1.50,ליטר,false,,10.50,7.0000,true,1,365792
7290110115463,false,אייס תה בטעם אפרסק 1.5ל' FUZE TEA,מבשלות בירה בינלאומי,IL,פיוז טי אפרסק 1.5 לי,ליטרים,1.50,ליטר,false,,10.50,7.0000,true,1,365793
7290110116132,false,"מיץ לימון 750 מ""ל פריגת",סירופ גבעת חיים,IL,סירופ פריגת טעם לימו,,750.00,"100 מ""ל",false,,21.90,0.0292,true,1,445652
7290110116149,false,"מיץ ענבים 750 מ""ל פריגת",סירופ גבעת חיים,IL,סירופ פריגת טעם ענבי,,750.00,"100 מ""ל",false,,21.90,0.0292,true,1,445653
7290110116156,false,נביעות+ רכיבי פרי מנגו פסיפלורה 1.5 ליטר,נביעות,IL,נביעות+ פרי בטעם מנג,ליטרים,1.50,ליטר,false,,10.90,7.2667,true,1,461967
7290110116200,false,מים 0 קלוריות בטעם לימון-ליים 0.5 ל נביעות,"נביעות טבע הגליל בע""",IL,נביעות+ פרי בטעם מנג,,500.00,"100 מ""ל",false,,7.20,0.0144,true,1,462032
7290110116217,false,נביעות+ אשכוליות 0קלוריות 1.5 ליטר,"נביעות טבע הגליל בע""",IL,נביעות+ אשכולית 0 קל,ליטרים,1.50,ליטר,false,,10.90,7.2667,true,1,462000
7290110116224,false,מים 0 קלוריות בטעם אשכולית 0.5 ל נביעות,"נביעות טבע הגליל בע""",IL,נביעות+ אשכולית 0 קל,,500.00,"100 מ""ל",false,,7.20,0.0144,true,1,462033
7290110116392,false,מיץ תפוזים 750 מל פריגת,סירופ גבעת חיים,IL,סירופ בטעם תפוזים 75,,750.00,"100 מ""ל",false,,21.90,0.0292,true,1,462049
7290110116484,false,מיץ סחוט תות בננה 1 ל' פריגת,Unknown,IL,פריגת סחוט MIX תות ב,ליטרים,1.00,ליטר,false,,15.90,15.9000,true,1,482591
7290110320850,false,פתיתים גבינה חצי קשה מגורדת 28% שומן,תנובה מרכז שיתופי לש,IL,עמק פתיתים 200 גרם,,200.00,100 גרם,false,,15.90,0.0795,true,1,103242
7290110320867,false,פתיתים גבינה חצי קשה מגורדת 28% שומן,תנובה מרכז שיתופי לש,IL,עמק פתיתים למאפים 28,,500.00,100 גרם,false,,36.90,0.0738,true,1,99114
7290110320935,false,גבינת מוצרלה תנובה 150ג' פרוסות,תנובה מרכז שיתופי לש,IL,פרוסות מוצרלה 150 גר,,150.00,100 גרם,false,,18.90,0.1260,true,1,99125
7290110321277,false,קוטג' בקטנה % 5 100 ג' תנובה,פארייפאבה אגרואינדוס,IL,קוטג' תנובה בקטנה 5,,100.00,100 גרם,false,,2.70,0.0270,true,1,108468
7290110321284,false,קוטג' בקטנה 9% 100 ג' תנובה,פארייפאבה אגרואינדוס,IL,קוטג' תנובה בקטנה 9,,100.00,100 גרם,false,,2.70,0.0270,true,1,108469
7290110321680,false,יוגורט GO בטעם תות 20 גרם חלבון בגביע,מיוצר עי קונדיטוריית,IL,יופלה גו בטעם תות 20,,200.00,100 גרם,false,,6.20,0.0310,true,1,111992
7290110321697,false,יוגורט GO בטעם אפרסק 20 גרם חלבון בגביע,מיוצר עי קונדיטוריית,IL,יופלה גו בטעם אפרסק,,200.00,"100 מ""ל",false,,6.20,0.0310,true,1,111993
7290110321703,false,יוגורט GO בטעם פירות יער 20 גרם חלבון בגביע,מיוצר עי קונדיטוריית,IL,יופלה גו בטעם פרות י,,200.00,"100 מ""ל",false,,6.20,0.0310,true,1,125720
7290110321789,false,גבינת מסקרפונה 38% השף הלבן 250 ג',תנובה,IL,גבינת מסקרפונה 38% ש,,250.00,100 גרם,false,,21.60,0.0864,true,1,123232
7290110322014,false,טופו בטעם טבעי תנובה ALTERNATIVE,שוורצקוף& הנקל דיסלד,IL,טופו טבעי 300 גרם,,300.00,100 גרם,false,,13.50,0.0450,true,1,125728
7290110323585,false,יופלה יוגורט עם דובדבן מופחת קלוריות 200 ג' GO,יופלה Yoplait,,יופלה GO לייט עם דוב,,200.00,100 גרם,false,,6.20,0.0310,true,1,137400
7290110323714,false,משקה קוקוס שקדים תנובה E אלטרנטיב,מיוצר עי קונדיטוריית,IL,תנובה משקה קוקוס שקד,יחידה,0.00,יחידה,false,,15.50,0.0000,true,1,138637
7290110324070,false,גבינת חלומי מחלב בקר 22%שומן 200גר,"תנובה בע""מ",IL,גבינת חלומי מחלב בקר,,200.00,100 גרם,false,,19.90,0.0995,true,1,194970
7290110324728,false,ממרח סויה עם שום שמיר 9% שומן אלטרנטיב,מיוצר עי קונדיטוריית,IL,ממרח סויה 9% עם שום,,250.00,100 גרם,false,,10.90,0.0436,true,1,145508
7290110324926,false,משקה סויה ללא תוספת סוכר E אלטרנטיב,תנובה מרכז שיתופי לש,IL,משקה סויה ללא תוספת,יחידה,0.00,יחידה,false,,12.50,0.0000,true,1,194560
7290110325114,false,"משקה יוגורט יופלה גו לייט תות בננה 250 מ""ל - רבנות",מיוצר עי קונדיטוריית,IL,יופלה משקה יוגורט גו,,250.00,"100 מ""ל",false,,7.90,0.0316,true,1,162917
7290110325121,false,משקה יוגורט יופלה גו לייט מנגו אננס,"תנובה בע""מ",IL,יופלה משקה יוגורט גו,,250.00,"100 מ""ל",false,,7.90,0.0316,true,1,162918
7290110325510,false,יופלה טיוב יוגורט במרקם חלק בטעם וניל - 348 ג',"תנובה בע""מ",IL,יופלה טיוב יוגורט במ,,348.00,"100 מ""ל",false,,13.90,0.0399,true,1,206658
7290110325619,false,משקה שיבולת שועל תנובה E אלטרנטיב,מיוצר עי קונדיטוריית,IL,תנובה משקה שיבולת שו,יחידה,0.00,יחידה,false,,15.50,0.0000,true,1,209511
7290110325893,false,משקה חלב GO מועשר בחלבון בטעם אייס קפה,מיוצר עי קונדיטוריית,IL,משקה תנובה GO אייס ק,,340.00,100 גרם,false,,7.90,0.0232,true,1,209513
7290110326173,false,יולו COOKIES שוקולדלבן בטעם קרם עוגיות+עוגיות ונטיפי שוקולד 120 ג',תנובה,IL,יולו קוקיז ש.לבן בטע,,120.00,100 גרם,false,,5.60,0.0467,true,1,232625
7290110326333,false,פרוסות גבינה בסגנון סקנדינבי 31%,פ.פ.ח. שאביט,IL,פרוסות גבינה סקנדינב,,170.00,100 גרם,false,,20.90,0.1229,true,1,311688
7290110326906,false,חלב נטול לקטוז 3% 1 ליטר,מיוצר עי קונדיטוריית,IL,חלב נטול לקטוז 3% שו,ליטרים,1.00,ליטר,false,,7.90,7.9000,true,1,275235
7290110327514,false,משקה שיבולת שועל בטעם אגוזי לוז 1 ליטר אלטרנטיב,תנובה מרכז שיתופי לש,IL,משקה שיבולת שועל בטע,יחידה,0.00,יחידה,false,,15.50,0.0000,true,1,330300
7290110328627,false,יוגורט יופלה GO במרקם סמיך בטעם בננה קרמל 0%,מיוצר עי קונדיטוריית,IL,יוגורט גו סמיך 0% בנ,,200.00,100 גרם,false,,6.20,0.0310,true,1,319746
7290110328764,false,יוגורט יופלה GO במרקם סמיך עם תות 0%,מיוצר עי קונדיטוריית,IL,יוגורט גו סמיך 0% תו,,200.00,100 גרם,false,,6.20,0.0310,true,1,319762
7290110328771,false,יוגורט יופלה GO במרקם סמיך עם פירות יער 0%,מיוצר עי קונדיטוריית,IL,יוגורט גו סמיך 0% פי,,200.00,100 גרם,false,,6.20,0.0310,true,1,319747
7290110328788,false,יוגורט יופלה GO במרקם סמיך בטעם אפרסק 0%,תנובה מרכז שיתופי לש,IL,יוגורט גו סמיך 0% אפ,,200.00,100 גרם,false,,6.20,0.0310,true,1,319731
7290110328887,false,"חלב תנובה בקבוק 3%, כשרות מהדרין, 1 ליטר",תנובה מרכז שיתופי לש,IL,חלב תנובה בבקבוק 3%,ליטרים,1.00,ליטר,false,,6.23,6.2300,true,1,398651
7290110329136,false,מעדן חלב מעושר בחלבון בטעם שוקולד 120 ג' GO,תנובה מרכז שיתופי לש,IL,מעדן חלב גו בטעם שוק,,120.00,100 גרם,false,,4.90,0.0408,true,1,369972
7290110329143,false,מעדן חלב מעושר בחלבון בטעם וניל גביע 120 ג' GO,תנובה מרכז שיתופי לש,IL,מעדן חלב גו בטעם וני,,120.00,100 גרם,false,,4.90,0.0408,true,1,369957
7290110329716,false,משקה קפה קר בטעם קפוצ'ינו 230 ג' תנובה,תנובה מרכז שיתופי לש,IL,קפה קר בטעם קפוצ'ינו,,230.00,"100 מ""ל",false,,7.90,0.0343,true,1,425510
7290110329730,false,"משקה חלב עם שוקולד וקפה בסגנון לאטה 2.7%  230 מ""ל תנובה",תנובה מרכז שיתופי לש,IL,קפה קר בטעם לאטה שוק,,230.00,"100 מ""ל",false,,7.90,0.0343,true,1,426112
7290110329792,false,יוגורט סויה BIO Alternative אפרסק 150 ג' תנובה,מיוצר עי קונדיטוריית,IL,סויה BIO אפרסק גביע,,150.00,100 גרם,false,,5.50,0.0367,true,1,392687
7290110329808,false,יוגורט סויה BIO Alternative תות 150 ג' תנובה,מיוצר עי קונדיטוריית,IL,סויה BIO תות גביע 15,,150.00,100 גרם,false,,5.50,0.0367,true,1,392688
7290110329914,false,מאגדת משקה שיבולת שועל ושקדים 100 גרם*6 יח' ביו אלטרנטיב,תנובה מרכז שיתופי לש,IL,מאגדת משקה שיבולת שו,,618.00,100 גרם,false,,21.90,0.0354,true,1,453710
7290110550394,false,שוקולד PERFECT BITE קרם אגוזים ושברי אגוזים 234 ג' עלית,"שטראוס גרופ בע""מ",IL,מיני חטיפי שוקולד PE,,234.00,100 גרם,false,,21.90,0.0936,true,1,357593
7290110552220,false,יוגורט PRO בטעם תות 0% סוכר לבן 20 גרם חלבון בגביע,"שטראוס בריאות בע""מ",IL,דנונה PRO 20 גרם חלב,,200.00,100 גרם,false,,6.50,0.0325,true,1,386319
7290110552237,false,יוגורט פרו בטעם אפרסק מנגו ללא סוכר 200 ג' דנונה,"שטראוס בריאות בע""מ",IL,דנונה PRO 20 גרם חלב,,200.00,100 גרם,false,,6.50,0.0325,true,1,386304
7290110554262,false,חלבית מלבין קפה חלבי 350 ג' עלית,,,מלבין קפה חלבי 350 ג,,350.00,100 גרם,false,,18.00,0.0514,true,1,401481
7290110554729,false,קפסולות עלית אספרסו 04 תואמות למכונות NESPRESSO,שטראוס קפה בי.וי,IL,עלית קפסולות אספרסו,,50.00,100 גרם,false,,18.90,0.3780,true,1,433798
7290110555603,false,ספלנדיד אבקה להכנת משקה בטעם שוקולטה,"ג'אלוסיס י. בע""מ",GR,אבקה להכנת שוקולטה ס,,360.00,100 גרם,false,,23.90,0.0664,true,1,499878
7290110556242,false,"שוקולד מריר פרווה 100 גר' בד""ץ תוצרת חוץ","שטראוס גרופ בע""מ.",IL,שוקולד מריר מעולה 10,,100.00,100 גרם,false,,6.00,0.0600,true,1,478151
7290110557133,false,מעדן הגולן וניל 125 ג' שטראוס,מיוצר עי קונדיטוריית,IL,מעדן הגולן מעדן חלב,,125.00,100 גרם,false,,3.50,0.0280,true,1,364073
7290110558130,false,אקטיביה עם שיבולת שועל ודבש 150 ג' דנונה,"שטראוס בריאות בע""מ",IL,אקטיביה עם דבש ושיבו,,150.00,100 גרם,false,,4.90,0.0327,true,1,434324
7290110558215,false,"דנונה קראנצ`פיסטוק עם פיצפוץ לבן קראנצי פיסטוק, 173 גרם","שטראוס בריאות בע""מ",IL,דנונה קראנצ' בטעם פי,,173.00,100 גרם,false,,4.90,0.0283,true,1,480331
7290110558284,false,יוגורט ביו מולטי 200 ג' דנונה,"שטראוס בריאות בע""מ",IL,דנונה מולטי 3% שומן,,200.00,"100 מ""ל",false,,4.50,0.0225,true,1,444818
7290110558307,false,יוגורט דנונה PRO עם שיבולת שועל במתיקות מעודנת,"שטראוס בריאות בע""מ",IL,דנונה פרו עם שיבולת,,200.00,"100 מ""ל",false,,6.90,0.0345,true,1,434887
7290110558314,false,דנונה פרו 20 ג' חלבון ללא סוכר פיסטוק 200 גרם,"שטראוס בריאות בע""מ",IL,דנונה פרו ללא סוכר 2,,200.00,100 גרם,false,,6.50,0.0325,true,1,452612
7290110558666,false,מעדן גבינה בטעם תפוח 88 ג' דניאלה,"שטראוס בריאות בע""מ",IL,דניאלה בטעם תפוח 88,,88.00,100 גרם,false,,4.50,0.0511,true,1,480299
7290110560317,false,"הפריכיות הטעימות חומוס, עדשים שחורות, קינואה ומלח ים","פרח תעשיו מזון בע""מ",IL,פריכיות משולשות מלח,,30.00,100 גרם,false,,5.90,0.1967,true,1,137884
7290110560324,false,"הפריכיות הטעימות תפו""א, אורז, אפונה ומלח ים","פרח תעשיו מזון בע""מ",IL,פריכיות משולשות אפונ,,30.00,100 גרם,false,,5.90,0.1967,true,1,137885
7290110561352,false,דנונה יוגורט ביו פרוביוטי 3% דל לקטוז 150ג',"שטראוס בריאות בע""מ",IL,דנונה ביו דל לקטוז ב,,200.00,100 גרם,false,,3.90,0.0195,true,1,125205
7290110561604,false,מארז 8 יחידות מעדן גמדים בטעם תות בננה,שטראוס,IL,שמיניית גמדים תות בנ,,800.00,100 גרם,false,,18.90,0.0236,true,1,113536
7290110563431,false,"משקה קפה קר בסגנון קלאסי 230 מ""ל 1.6% יוטבתה",האי נאם סי או אל.טי.,AT,יטבתה משקה קפה קר בס,,230.00,"100 מ""ל",false,,7.90,0.0343,true,1,139734
7290110563448,false,"משקה קפה קר בסגנון מעודן 230 מ""ל 1.6% יוטבתה",האי נאם סי או אל.טי.,AT,יטבתה משקה קפה קר בס,,230.00,"100 מ""ל",false,,7.90,0.0343,true,1,139735
7290110563462,false,חלב בבקבוק נטול לקטוז 2% יטבתה 1 ל',מחלבת יטבתה,IL,יטבתה חלב בבקבוק נטו,ליטרים,1.00,ליטר,false,,8.90,8.9000,true,1,141119
7290110564360,false,חומוס אחלה הסידרה המובחר 40% טחינה 400 גר',מיוצר עי קונדיטוריית,IL,חומוס אחלה עשיר ב 40,,400.00,100 גרם,false,,15.20,0.0380,true,1,113456
7290110565527,false,יוגורט PRO פרו 1.5% 20 גרם חלבון בגביע,"שטראוס בריאות בע""מ",IL,דנונה PRO 20 גרם חלב,,200.00,100 גרם,false,,6.50,0.0325,true,1,107348
7290110566975,false,דנונה פרו יוגורט 0% תות עשיר בחלבון 200ג',"שטראוס בריאות בע""מ",IL,דנונה PRO 20 גרם חלב,,200.00,100 גרם,false,,6.50,0.0325,true,1,125250
7290110568627,false,עלית - פסק זמן רול שוקולד חלב עם קרם אגוזים 26 גרם,STRAUSS-ISRAEL,,פסק זמן רול ש.חלב עם,,28.00,100 גרם,false,,4.50,0.1607,true,1,224876
7290110570224,false,משקה קפה קר בטעם עוגיות 230ג' יוטבתה,אנסטל מילק kg,AT,משקה קפה קר בטעם עוג,,230.00,"100 מ""ל",false,,7.90,0.0343,true,1,445017
7290110571474,false,רבע לשבע טבעוני פופקורן 125 ג' עלית,הגביע מוצרי וופלים ב,IL,רבע לשבע טבעוני פופק,,125.00,100 גרם,false,,12.90,0.1032,true,1,465085
7290110572884,false,"קפסולות קפה מספר 20 למכונת אספרס אספרסו, 50 גרם",שטראוס קפה בי.וי.,IL,קפסולות אספרסו קפה ע,,50.00,100 גרם,false,,18.90,0.3780,true,1,498594
7290110572969,false,כיף כף פצפצים עקרם לבן 40ג' עלית,שולן צ'יקולטה גידה ס,TR,כיף כף פצפצים קרם לב,,40.00,100 גרם,false,,5.90,0.1475,true,1,452701
7290110572976,false,כיף כף פצפצים בגביע במילוי קרם בטעם שוקולד לבן,שולן צ'יקולטה גידה ס,TR,כיף כף פצפצים קרם לב,,135.00,100 גרם,false,,11.90,0.0881,true,1,452642
7290110576752,false,טבלאות שוקולד ספלנדיד מריר 70% 100 ג' עלית,קימ'ס גריפלנן,BE,שוקולד ספלנדיד מריר,,100.00,100 גרם,false,,12.90,0.1290,true,1,498672
7290110576776,false,טבלאות שוקולד ספלנדיד מריר 85% 100 ג' עלית,קימ'ס גריפלנן,BE,שוקולד ספלנדיד מריר,,100.00,100 גרם,false,,12.90,0.1290,true,1,498673
7290110576851,false,"גמדים לשתיה סלט פירות 8 יח' *100מ""ל",קריות זול,IL,מארז גמדים לשתייה ס,,864.00,"100 מ""ל",false,,20.90,0.0242,true,1,482062
7290110576868,false,רבעיית גמדים סלט פירוט * 100 ג' שטראוס,קריות זול,IL,גמדים סלט פירות רביע,,400.00,"100 מ""ל",false,,11.90,0.0298,true,1,482078
7290110577230,false,משקה חלב בטעם פיסטוק יטבתה 1 ליטר,מחלבת יטבתה,IL,משקה חלב פיסטוק יטבת,יחידה,0.00,יחידה,false,,12.50,0.0000,true,1,480219
7290111093982,false,טרופיקל תחליב רחצה פסיפלורה ואינקה אינצ'י דר עור,,,תחליב רחצה פסיפלורה,,700.00,"100 מ""ל",false,,19.90,0.0284,true,1,482381
7290111340185,false,מטליות לחות ניקול לניקוי רצפות בניחוח מרכך 10 יח',ניקול,,ניקול לחות לניקוי רצ,יחידה,0.00,יחידה,false,,12.50,0.0000,true,1,86762
7290111342042,false,כריות יפניות לניקוי וקרצוף אנטיבקטריאלי,פלסטו פוליש,IL,כריות יפניות אנטיבקט,יחידה,0.00,יחידה,false,,13.90,0.0000,true,1,212530
7290111344206,false,האגיס נטורל קר מגבונים לחים בבישום עדין רביעייה,חוגלה קימברלי,IL,מגבוני האגיס נטורל ק,יחידה,0.00,יחידה,false,,21.90,0.0000,true,1,362518
7290111344855,false,קוטקס - מגיני יום אקסטרא פרוטקט לארג' ביג 52 יח',חוגלה קימברלי,CN,מגיני תחתון סופר פרו,יחידה,0.00,יחידה,false,,17.90,0.0000,true,1,379580
7290111346293,false,מגבת נייר ניקול שישייה מהדורת חג,קימברלי קלארק,IL,מגבות מטבח ניקול לבנ,,64.80,מטר,false,,12.90,0.1991,true,1,435119
7290111352973,false,יוגוטה קוביות חמוצות ממולאות בטעם פירות,יוגטה yogueta,TR,יוגטה קוביות חמוציות,,220.00,100 גרם,false,,7.90,0.0359,true,1,253072
7290111353550,false,חמאת בוטנים טבעית 350ג',,,חמאת בוטנים טבעית קל,,300.00,100 גרם,false,,16.90,0.0563,true,1,452434
7290111564291,false,פריכיות דקות ונימוחות 3 דגנים וקינואה פיטנס Fitness,פרח תעשיות,IL,פריכיות קינואה דקות,,120.00,100 גרם,false,,11.90,0.0992,true,1,120151
7290111564666,false,כדורי בשר צמחוניים עם המון חלבון,עיצובים 2020 (4.8),IL,כדורי בשר 500 גרם,,630.00,100 גרם,false,,32.90,0.0522,true,1,113312
7290111566240,false,טבעול שניצל דק בטעם צילי חריף 564 ג',עיצובים 2020 (4.8),IL,שניצל דק צמחוני בטע,,564.00,100 גרם,false,,35.90,0.0637,true,1,120222
7290111566271,false,טבעול חטיפי תירס 657 גר',עיצובים 2020 (4.8),IL,חטיפי תירס טבעול 65,,657.00,100 גרם,false,,34.90,0.0531,true,1,120223
7290111566318,false,טבעול שניצל דק מן הצומח 564 גר',עיצובים 2020 (4.8),IL,שניצל דק צמחוני בט,,564.00,100 גרם,false,,35.90,0.0637,true,1,120225
7290111566332,false,טבעול נקניקיות וינר צמחוניות 680 גר',עיצובים 2020 (4.8),IL,נקניקיה וינר 680 גר,,680.00,100 גרם,false,,35.90,0.0528,true,1,120226
7290111566547,false,טבעול חזה בגריל צמחוני 99 קלוריות 560ג',עיצובים 2020 (4.8),IL,חזה בגריל מו הצומח,,560.00,100 גרם,false,,35.90,0.0641,true,1,120229
7290111566561,false,טבעול שניצל ברוקולי 99 קלוריות 560גר',עיצובים 2020 (4.8),IL,טבעול שניצל ברוקולי,,630.00,100 גרם,false,,35.90,0.0570,true,1,120230
7290111566585,false,טבעול שניצל צמחוני 99 קלוריות 650 גר',עיצובים 2020 (4.8),IL,שניצל מן הצומח מופח,,650.00,100 גרם,false,,35.90,0.0552,true,1,120231
7290111870897,false,מרשמלו מסולסל ארוך בשקית 18 גר'-LOL,,,מרשמלו מסולסל ארוך 1,,432.00,100 גרם,false,,32.90,0.0762,true,1,360384
7290111879074,false,בקבוק טריטן מרובע 60,,,בקבוק טריטן מרובע 60,יחידה,0.00,יחידה,false,,24.90,0.0000,true,1,127696
7290111930898,false,פוף כוכבים גריל אמריקאי 40 גר',פוף POOF,IL,פוף כוכבים גריל אמרי,,40.00,100 גרם,false,,4.50,0.1125,true,1,102648
7290111930911,false,פוף חטיף לבבות קלאסי 40 ג',פוף POOF,IL,פוף לבבות קלאסי 40 ג,,40.00,100 גרם,false,,4.40,0.1100,true,1,102650
7290111933554,false,עגבניות איטלקיות קוביות - מארז שלישיה,פראנו אנריקו ופיגלי,IT,עגבניות קוביות מאסטר,קילוגרמים,1.20,"ק""ג",false,,17.90,14.9167,true,1,135034
7290111934827,false,"סבון ידיים היגיינה 300 מ""ל פלמוליב",פלמוליב Palmolive,TR,פלמוליב סבון ידיים ה,,300.00,"100 מ""ל",false,,10.90,0.0363,true,1,143707
7290112002105,false,ג'ל כביסה מרוכז קולון 101 בניחוח לילך,זוהר דליה,IL,קולון ג'ל 2.5 ליטר כ,ליטרים,2.50,ליטר,false,,29.90,11.9600,true,1,191823
7290112002136,false,ג'ל כביסה מרוכז קולון 101 קלאסי,רקיט בנקיזר,IL,קולון ג'ל 4 ליטר רגי,ליטרים,4.00,ליטר,false,,38.90,9.7250,true,1,191826
7290112003140,false,"אירוויק ספרי אוטמטי מילוי מנגו מרענן 250 מ""ל",,,איירוויק פרשמטיק מיל,,250.00,"100 מ""ל",false,,14.90,0.0596,true,1,235669
7290112005052,false,וניש תוסף כביסה רב תכליתי לבגדים לבנים,קליה וניש Kalia Vanish,IT,וניש אבקה לכביסה לבנ,,1500.00,100 ליטר,false,,42.90,0.0286,true,1,453249
7290112195579,false,שמן זית איטליה 750 מ,,,שמן זית איטליה 750 מ,,750.00,"100 מ""ל",false,,33.90,0.0452,true,1,374148
7290112196774,false,ביסקוויט חצי מצופה כ,,,ביסקוויט חצי מצופה כ,,175.00,100 גרם,false,,13.90,0.0794,true,1,463325
7290112196798,false,קמח כוסמין מלא מנופה,,,קמח כוסמין מלא מנופה,קילוגרמים,1.00,"ק""ג",false,,19.90,19.9000,true,1,463294
7290112330352,false,"יוגורט PRO בטעם וניל 0% , 20 גרם חלבון בגביע","שטראוס בריאות בע""מ",IL,דנונה פרו 20 גר וניל,,200.00,100 גרם,false,,6.50,0.0325,true,1,143896
7290112332585,false,"פריכיות תפו""א, אורז בתיבול סלק ומלח חי 30 גר'","פרח תעשיו מזון בע""מ",IL,"פריכיות הטעימות תפו""",,30.00,100 גרם,false,,5.90,0.1967,true,1,145527
7290112332691,false,עוגיות קרם אגוזים פסק זמן 200 ג' עלית,הגביע מוצרי ופלים בע,IL,פינוקיות עוגיית קרם,,200.00,100 גרם,false,,12.90,0.0645,true,1,147786
7290112336613,false,עוגיות עד חצות סנדוויץ 135 ג' עלית,STRAUSS-ISRAEL,,עד חצות סנדוויץ' 135,,135.00,100 גרם,false,,10.90,0.0807,true,1,205824
7290112336637,false,סוכריות מאסט Must ללא סוכר יוגורט תות ואוכניות,MIESZKO S.A - MS. JO,PL,"סוכריות מאסט לל""ס יו",,80.00,100 גרם,false,,8.90,0.1113,true,1,192680
7290112336644,false,סוכריות מאסט ללא סוכר לימון 80 ג' עלית,MIESZKO S.A - MS. JO,PL,"סוכריות מאסט לל""ס לי",,80.00,100 גרם,false,,8.90,0.1113,true,1,192681
7290112336712,false,יוגורט PRO לבן 0% 21 גרם חלבון בגביע,"שטראוס בריאות בע""מ",IL,דנונה פרו 21 0% שומן,,200.00,100 גרם,false,,6.50,0.0325,true,1,141123
7290112337474,false,סוכריות מאסט ללא סוכר פטל לימון 80 ג' עלית,MIESZKO S.A - MS. JO,PL,"סוכריות מאסט לל""ס פט",,80.00,100 גרם,false,,8.90,0.1113,true,1,192682
7290112339171,false,מעדן מילקי מוס שוקול,מיוצר עי קונדיטוריית,IL,מילקי מוס 81 גרם.,,81.00,100 גרם,false,,3.90,0.0481,true,1,138159
7290112339867,false,גמדים לדרך גבינה לבנה עם מחית תות,שטראוס,IL,גמדים סקוויז בודד תו,,100.00,100 גרם,false,,5.90,0.0590,true,1,139743
7290112340122,false,הפריכיות הטעימות 3 דגנים 135 גרם.,אנרג'י Energy - שטראוס,IL,פריכיות הטעימות 3 דג,,135.00,100 גרם,false,,13.90,0.1030,true,1,145090
7290112341556,false,אקטיביה עם צ'יה ותות 150 ג' דנונה,דנונה - שטראוס,IL,אקטיביה עם צ'יה ותות,,150.00,100 גרם,false,,4.90,0.0327,true,1,191798
7290112341686,false,מארז שמיניה אקטיביה 3% 150 ג',מיוצר עי קונדיטוריית,IL,אקטיביה מארז 3% 8*15,קילוגרמים,1.20,"ק""ג",false,,21.90,18.2500,true,1,191804
7290112342102,false,סימפוניה גבינה במרקם שמנת בצל מקורמל 5%,"שטראוס בריאות בע""מ",IL,סימפוניה 5% בצל מקור,,200.00,100 גרם,false,,12.90,0.0645,true,1,212015
7290112343420,false,"משקה חלב עם דגנים מלאים ובננה פרו יטבתה 350מ""ל",מחלבת יטבתה,IL,משקה יטבתה פרו 20 אר,,350.00,"100 מ""ל",false,,7.90,0.0226,true,1,200500
7290112343499,false,חטיף צ'יטוס פאפס אפוי בטעם גבינה,"שטראוס פריטו ליי בע""",IL,ציטוס Puffs בטעם גבי,,55.00,100 גרם,false,,3.90,0.0709,true,1,356227
7290112344724,false,מעדן בטעם שוקולד בלונדי 170 ג' מילקי,מיוצר עי קונדיטוריית,IL,מילקי בטעם שוקולד בל,,170.00,"100 מ""ל",false,,3.90,0.0229,true,1,200486
7290112346537,false,עוגיות פינוקיות בטעם טורטית 200 ג' עלית,הגביע מוצרי ופלים בע,IL,פינוקיות עוגיות בטעם,,200.00,100 גרם,false,,12.90,0.0645,true,1,205757
7290112346629,false,דנונה בר יוגורט+קורנפלקס מצופה שוקולד חלב ולבן 172 גרם,דנונה - שטראוס,IL,דנונה קראנצ' עם קורנ,,172.00,"100 מ""ל",false,,4.90,0.0285,true,1,239671
7290112346827,false,"אקטימל ויטמין C פטל 8*100 מ""ל",קריות זול,IL,אקטימל ויטמין C פטל,,800.00,"100 מ""ל",false,,22.90,0.0286,true,1,270830
7290112347008,false,גמדים לדרך גבינה לבנה עם מחית תות ושיבולת שועל,מיוצר עי קונדיטוריית,IL,גמדים ארוחת בוקר תות,,100.00,100 גרם,false,,5.90,0.0590,true,1,200488
7290112349606,false,מעדן גבינה ויוגורט תות בננה 88 ג' דניאלה,"שטראוס בריאות בע""מ",IL,דניאלה תות בננה 150,,150.00,"100 ק""ג",false,,4.50,0.0300,true,1,386334
7290112349736,false,בזיליקום רוטב עגבניות לפסטה 350 גר' יד מרדכי,אמיליאנה קונסרב סוסי,IT,רוטב עגבניות בזיליקו,,350.00,100 גרם,false,,11.90,0.0340,true,1,213253
7290112350275,false,קפסולות LUNGO למכונות נספרסו 55 גר',שטראוס קפה בי.וי,IL,קפסולות LUNGO למכונו,,50.00,100 גרם,false,,18.90,0.3780,true,1,213061
7290112350312,false,קפסולות 15 קפה יותר למכונות נספרסו עלית 10יח',הנסיך- מפעל לייצור ט,IL,עלית קפסולות 15 למכ,,50.00,100 גרם,false,,18.90,0.3780,true,1,262414
7290112351104,false,שוקולד פרה ממולא פיצפוצי אורז 100 ג' עלית,STRAUSS-ISRAEL,IL,שוקולד פרה פיצפוצי א,,100.00,100 גרם,false,,6.90,0.0690,true,1,236736
7290112351128,false,שוקולד פרה סוכריות קופצות 100 ג' עלית,"שטראוס גרופ בע""מ",IL,שוקולד פרה חלב סוכרי,,100.00,100 גרם,false,,6.90,0.0690,true,1,321955
7290112351524,false,עלי סלנובה טעם הטבע,שטראוס טעם הטבע,,עלי סלנובה טעם הטבע,,200.00,100 גרם,false,,12.90,0.0645,true,1,244708
7290112354945,false,תפוצ'יפס wavy טבעי 50ג היתר מכירה,שטראוס פריטו ליי בע”,IL,תפוצ'יפס wavy 50 גר,,50.00,100 גרם,false,,4.50,0.0900,true,1,501980
7290112355102,false,גמדים פאוץ סלט פירות 100 ג' שטראוס,"שטראוס בריאות בע""מ",IL,סקוויז גמדים לדרך סל,,100.00,100 גרם,false,,5.90,0.0590,true,1,282550
7290112355393,false,"יטבתה רוטב שמנת+בטטה 9% שומן 250 מ""ל",מחלבת יטבתה,IL,רוטב שמנת עם בטטה 9%,,257.00,100 גרם,false,,11.50,0.0447,true,1,482046
7290112356536,false,אבקת קקאו עלית 150+10% גר',הנסיך- מפעל לייצור ט,IL,עלית קקאו 150 גרם +,,150.00,100 גרם,false,,10.50,0.0700,true,1,251611
7290112357045,false,עגבניות איטלקיות מרוסקות 390 גר' בקופסה טעם הטבע,שטראוס טעם הטבע,IT,עגבניות איטלקיות מרו,,390.00,100 גרם,false,,6.90,0.0177,true,1,231617
7290112357083,false,אפונת גינה טעם הטבע 380 גר' בקופסה,שטראוס טעם הטבע,,אפונה ירוקה טעם הטבע,,380.00,100 גרם,false,,7.90,0.0208,true,1,348349
7290112357106,false,שעועית אדומה 380 גר' בקופסה טעם הטבע,שטראוס טעם הטבע,,שעועית אדומה טעם הטב,,380.00,100 גרם,false,,7.90,0.0208,true,1,231619
7290112358219,false,יד מרדכי רוטב צ'ילי מתוק 300 גרם,אף.סי תבליני בגליל ב,IL,יד מורדכי רוטב צ'ילי,,300.00,"100 מ""ל",false,,14.90,0.0497,true,1,251553
7290112358240,false,יד מרדכי רוטב גריל 300 גרם,יד מרדכי,,יד מורדכי רוטב גריל,,300.00,"100 מ""ל",false,,14.90,0.0497,true,1,290796
7290112492531,false,"מרכך לשיער רגיל 700 מ""ל פינוק",יוניליוור,IL,פינוק מרכך לשיער רגי,,700.00,"100 מ""ל",false,,11.90,0.0170,true,1,222045
7290112492999,false,מרק בטעם עוף קנור 400 ג' צנצנת,יוניליוור ישראל מזון,IL,מרק טעם עוף קנור 400,,400.00,100 גרם,false,,17.80,0.0445,true,1,206058
7290112493088,false,נמס בכוס עדשים מרק רכיבים טבעיים קנור 54 ג',יוניליוור,IL,נמס בכוס מרק עדשים ח,,54.00,100 גרם,false,,7.90,0.1463,true,1,159569
7290112493095,false,נמס בכוס מרק עגבניות חריף רכיבים טבעיים קנור 48 ג',יוניליוור,IL,נמס בכוס מרק עגבניות,,48.00,100 גרם,false,,7.90,0.1646,true,1,159570
7290112493965,false,גלידה מסטיגם 1.33ל'קרמיסימו,"גלידת שטראוס בע""מ, ר",IL,קרמיסימו מסטיגם 1.33,יחידה,1.33,יחידה,false,,21.90,16.4662,true,1,210434
7290112494351,false,תלמה קורנפלקס של אלופים 850 ג',יוניליוור שפע ישראל,IL,קורנפלקס של אלופים ת,,850.00,100 גרם,false,,18.90,0.0222,true,1,219557
7290112495006,false,כריות - כריות נוגט 686 גרם,יוניליוור שפע ישראל,IL,"כריות נוגט תלמה בד""ץ",,686.00,100 גרם,false,,27.90,0.0407,true,1,198136
7290112495044,false,קוקומן פצפוצים בטעם שוקולד,יוניליור שפע ישראל ב,IL,קוקומן פצפוצים תלמה,,375.00,100 גרם,false,,23.40,0.0624,true,1,198138
7290112495280,false,ריבועי ברנפלקס קינמון 400 ג',יוניליוור,IL,ריבועי ברנפלקס קינמו,,400.00,100 גרם,false,,27.00,0.0675,true,1,236642
7290112497994,false,גרנולה פרוטאין בתוספת חלבון ואגוזים תלמה 300 ג',יוניליוור,IL,גרנולה PROTEIN בתוספ,,300.00,100 גרם,false,,17.90,0.0597,true,1,337308
7290112498007,false,גרנולה פרוטאין בתוספת חלבון שקדים וחמוציות תלמה 300 ג',יוניליוור,IL,גרנולה PROTEIN בתוספ,,300.00,100 גרם,false,,17.90,0.0597,true,1,363523
7290112498441,false,רוטב אסייתי למוקפץ קנור 370 גרם,אתר חיפה 778,,טעמים מהמזרח רוטב רו,,370.00,100 גרם,false,,13.90,0.0376,true,1,486548
7290112499097,false,"מאגדת מיני מגנום מריר כשל""פ","מיוצר ע""י גלידת שטרא",IL,מאגדת מיני מגנום מרי,,240.00,100 גרם,false,,30.90,0.1287,true,1,387402
7290112499189,false,"גלידת קרמיסימו חד קרן וניל תות, 1.33 ליטר","גלידת שטראוס בע""מ, ר",IL,קרמיסימו חד קרן בטעמ,ליטרים,1.33,ליטר,false,,21.90,16.4662,true,1,460335
7290112499196,false,גלידה בטעם החלב של הקורנפלקס 1.33 ל' קרמיסימו,"גלידת שטראוס בע""מ, ר",IL,קרמיסימו בטעם החלב ש,ליטרים,1.33,ליטר,false,,21.90,16.4662,true,1,460336
7290112499844,false,מאגדת מיני מגנום דואט שוקולד עם נוגט 5 יח' שטראוס,"מיוצר ע""י גלידת שטרא",IL,מגנום מיני דואט מאגד,,310.00,100 גרם,false,,30.90,0.0997,true,1,210417
7290112499943,false,מאגדת מיני מגנום קלאסיק שוקולד 5 יח' שטראוס,"מיוצר ע""י גלידת שטרא",IL,מגנום מאגדת מיני שוק,,250.00,100 גרם,false,,30.90,0.1236,true,1,210418
7290112961440,false,פיטנס בר פריכיות שוקולד מריר 84 גר',כרמית,IL,פיטנס בר פריכיות שוק,,84.00,100 גרם,false,,14.90,0.1774,true,1,229039
7290112963918,false,חטיפי קרקר דק רוזמרין 140 ג' פיטנס,נסטלה Nestle,IL,פיטנס חטיפי קרקר דק,,140.00,100 גרם,false,,13.90,0.0993,true,1,155094
7290112964434,false,רוטב לסלט קיסר 295 ג' אוסם,אסם,IL,אסם רוטב קיסר לסלט 2,,295.00,"100 מ""ל",false,,12.90,0.0437,true,1,148129
7290112964472,false,רוטב שום לסלט 290 ג' אסם,Unknown,IL,אסם רוטב שום לסלט 29,,295.00,"100 מ""ל",false,,12.90,0.0437,true,1,148140
7290112964564,false,רוטב אלף האיים לייט לסלט 310 ג' אסם,אסם,IL,אסם רוטב אלף האיים ל,,295.00,"100 מ""ל",false,,12.90,0.0437,true,1,148131
7290112964625,false,רוטב שום לייט לסלט 310 ג' אסם,אסם,IL,אסם רוטב שום לייט לס,,295.00,"100 מ""ל",false,,12.90,0.0437,true,1,148132
7290112965585,false,פרפקטו פסטה קסרצה 500 גר',אסם פרפקטו Perfecto,IL,פסטה קסרצה פרפקטו 50,,500.00,100 גרם,false,,7.90,0.0158,true,1,161991
7290112965783,false,אוסם - ביסלי פריסטייל על האש 60 גרם,"אסם השקעות בע""מ",IL,ביסלי פריסטייל על הא,,60.00,100 גרם,false,,4.90,0.0817,true,1,324364
7290112965806,false,אוסם - ביסלי פריסטייל חמוץ חריף 60 גרם,Unknown,IL,ביסלי פריסטייל חמוץ,,60.00,100 גרם,false,,4.90,0.0817,true,1,324365
7290112966094,false,עוגת הבית בטעם תפוז - פחות סוכר,מיוצר עי קונדיטוריית,IL,עוגת הבית תפוז מופחת,,400.00,100 גרם,false,,14.90,0.0373,true,1,199772
7290112966803,false,פודינג אינסטנט שוקולד 88 ג' אסם,"אסם השקעות בע""מ",IL,אסם פודינג אינסטנט ש,,88.00,100 גרם,false,,6.50,0.0739,true,1,199764
7290112967138,false,בייגלה שמיניות ללא גלוטן 250 גר' אסם,מיוצר עי קונדיטוריית,IL,אסם בייגלה שמיניות ל,,250.00,100 גרם,false,,14.90,0.0596,true,1,199871
7290112968807,false,פיטנס - קרקר דק סלק 140 גרם,מפעל אסם יקנעם,IL,פיטנס קרקר דק סלק 14,,140.00,100 גרם,false,,13.90,0.0993,true,1,283192
7290112968821,false,פיטנס - קרקר דק בטטה 140 גרם,מפעל אסם יקנעם,IL,פיטנס קרקר דק בטטה 1,,140.00,100 גרם,false,,13.90,0.0993,true,1,283193
7290112969248,false,אסם בישולים רוטב סילאן ובצל 335 גר'.,"אסם השקעות בע""מ",IL,אוסם בישולים רוטב סי,,335.00,100 גרם,false,,17.90,0.0534,true,1,279976
7290113192317,false,בית השיטה טבעות זיתים מושחרים 280 גר',בית השיטה,IL,טבעות זיתים מושחרים,,280.00,100 גרם,false,,12.90,0.0461,true,1,206132
7290113192324,false,זיתים ירוקים שלמים בינוניים,בית השיטה,IL,זית ירוק בית השיטה 3,,340.00,100 גרם,false,,10.90,0.0321,true,1,206147
7290113192331,false,זיתים ירוק גדול A2 בית השיטה 340ג',בית השיטה,IL,זיתים ירוק גדול בית,,340.00,100 גרם,false,,11.50,0.0338,true,1,206148
7290113192348,false,זיתים ירוקים שלמים גדולים מאוד בטעם שום,בית השיטה,IL,זית ירוק שום 17-19בי,,560.00,100 גרם,false,,11.90,0.0213,true,1,206149
7290113192355,false,חרוזית זיתים ירוקים ללא גלעין 275 ג' בית השיטה,בית השיטה,IL,זיתים חרוזית ירוק בי,,275.00,100 גרם,false,,10.90,0.0396,true,1,206150
7290113192362,false,טבעות זיתים ירוקים 280 ג' בית השיטה,בית השיטה,IL,טבעות זיתים ירוקים ב,,280.00,100 גרם,false,,11.90,0.0425,true,1,206164
7290113192379,false,בית השיטה זיתים ירוקים מבוקעים א2 340גר',בית השיטה,IL,זיתים ירוקים מבוקעים,,340.00,100 גרם,false,,11.90,0.0350,true,1,206165
7290113192386,false,זיתים סורי מבוקע A2 בית השיטה 340ג',בית השיטה,IL,זית סורי מבוקע בית ה,,340.00,100 גרם,false,,12.90,0.0379,true,1,206166
7290113192393,false,בית השיטה קוקטייל זיתים א2 336גר',בית השיטה,IL,קוקטייל זיתים בית הש,,336.00,100 גרם,false,,12.90,0.0384,true,1,206180
7290113192478,false,בית השיטה מלפפונים במלח בינוני 10-12 320 גרם,בית השיטה,IL,מלפפון במלח 10-12 בי,,320.00,100 גרם,false,,8.90,0.0278,true,1,206385
7290113192485,false,בית השיטה מלפפונים בחומץ בינוני 10-12 290 גרם,בית השיטה,IL,מלפפון בחומץ 12-10 ב,,290.00,100 גרם,false,,8.90,0.0307,true,1,206386
7290113192492,false,בית השיטה מלפפונים בחומץ קטנים 1317 290 גרם,בית השיטה,IL,מלפפון בחומץ 13-17 ב,,290.00,100 גרם,false,,11.90,0.0410,true,1,206387
7290113192508,false,בית השיטה מלפפונים במלח קטן 1317 320 גרם,בית השיטה,IL,מלפפון במלח 13-17 בי,,320.00,100 גרם,false,,11.90,0.0372,true,1,206388
7290113192515,false,בית השיטה מלפפונים במלח קטן מאוד 1825 320 גרם,בית השיטה,IL,מלפפון במלח 18-25 בי,,320.00,100 גרם,false,,13.90,0.0434,true,1,206389
7290113192539,false,בית השיטה מלפפונים במלח גדול 79 320 גרם,בית השיטה,IL,מלפפון במלח 7-9 בית,,560.00,100 גרם,false,,7.90,0.0141,true,1,206404
7290113192553,false,בית השיטה מלפפונים במלח 13-17 בלדי 320 גר',בית השיטה,IL,מלפפון במלח בלדי 13-,,320.00,100 גרם,false,,12.90,0.0403,true,1,206419
7290113192577,false,בית השיטה כרוב כבוש חתוך 430 גרם,בית השיטה,IL,כרוב כבוש בית השיטה,יחידה,430.00,יחידה,false,,8.90,0.0207,true,1,206421
7290113192997,false,בית השיטה זית מרוקאי 340 גר',בית השיטה,IL,זית מרוקאי בית השיטה,,340.00,100 גרם,false,,15.90,0.0468,true,1,269805
7290113193000,false,בית השיטהפלפל שיפקונית 230 גר',שוורצקוף& הנקל דיסלד,IL,פלפל שיפקונית בית הש,,230.00,100 גרם,false,,12.90,0.0561,true,1,269806
7290113193017,false,בית השיטה קוקטייל זיתים 275 גר',בית השיטה,IL,בית השיטה קוקטייל זי,,275.00,100 גרם,false,,12.90,0.0469,true,1,269789
7290113193031,false,חרוזית קלמטה - זיתים שחורים ללא גלעין קלמטה,שוורצקוף& הנקל דיסלד,IL,חרוזית קלמטה בית השי,,275.00,100 גרם,false,,15.90,0.0578,true,1,269790
7290113193321,false,"שמן זית כתית מעולה בית השיטה 750 מ""ל",בית השיטה,IL,שמן זית כתית מעולה ב,,750.00,"100 מ""ל",false,,33.90,0.0452,true,1,364161
7290113193406,false,"קוקטייל טבעות זיתים - זיתים ירוקים, שחורים מרינד",בית השיטה,IL,טבעות קוקטיל זיתים ב,,560.00,100 גרם,false,,11.90,0.0213,true,1,269791
7290113195042,false,מלפפון חמוץ במלח כבישה ביתית בית השיטה 750 גר',שוורצקוף& הנקל דיסלד,IL,מלפפון מלח כבישה בית,,750.00,100 גרם,false,,30.90,0.0412,true,1,323961
7290113195066,false,חלבה טורקית בטעם וניל 400 גרם,,,חלבה טורקית בטעם וני,,400.00,100 גרם,false,,12.90,0.0323,true,1,345718
7290113196940,false,חטיפי תירס טורטיה בט,אן וי רוגר,BE,חטיפי תירס טורטיה בט,,300.00,100 גרם,false,,14.90,0.0497,true,1,444568
7290113199927,false,סוכריות חמצוצים בטעם פירות 180 ג' שקדיה,דין שיווק,IL,סוכריות חמצוצים בטעם,,180.00,100 גרם,false,,10.90,0.0606,true,1,407536
7290113284517,false,נייר טואלט דו שכבתי,,,נייר טואלט דו שכבתי,יחידה,0.00,יחידה,false,,29.90,0.0000,true,1,509567
7290113289208,false,צלחות מתכלות יהלום ג,,,צלחות מתכלות יהלום ג,יחידה,0.00,יחידה,false,,14.90,0.0000,true,1,374501
7290113289321,false,מגשי דקל מלבניים גדו,,,מגשי דקל מלבניים גדו,יחידה,0.00,יחידה,false,,12.90,0.0000,true,1,405834
7290113289345,false,צלחות דקל מרובעות גד,,,צלחות דקל מרובעות גד,יחידה,0.00,יחידה,false,,16.90,0.0000,true,1,405783
7290113289369,false,מגשי דקל מלבניים קטנ,,,מגשי דקל מלבניים קטנ,יחידה,0.00,יחידה,false,,17.90,0.0000,true,1,405818
7290114310215,false,"**טרה שמנת מתוקה 38% 250 מ""ל בקבוק.",מילקו תעשיות בעמ,IL,שמנת מתוקה 38% בקבוק,,250.00,"100 מ""ל",false,,6.47,0.0259,true,1,232333
7290114310253,false,גבינה גרנה פדנו מגו,,,גרנה פדנו מגורדת 100,,100.00,100 גרם,false,,13.90,0.1390,true,1,286843
7290114310338,false,צפתית מעודנת 5% 225 גר' משק צוריאל,מחלבת משק צוריאל,IL,צפתית מעודנת 5% משק,,225.00,100 גרם,false,,17.90,0.0796,true,1,278612
7290114310383,false,מולר קציפת יוגורט בטעם וניל צרפתי 97 גרם,מולר Muller,IL,יוגורט מוקצף בטעם ונ,,97.00,100 גרם,false,,5.50,0.0567,true,1,480623
7290114310390,false,"מולר פרופ קציפת יוגורט בננה לוטי 5% 150 מ""ל",מולר Muller,IL,יוגורט מוקצף בטעם בנ,,97.00,100 גרם,false,,5.50,0.0567,true,1,480641
7290114310406,false,"מולר פרופ קציפת יוגורט תות 5% 150 מ""ל",מולר Muller,IL,יוגורט מוקצף בטעם תו,,97.00,100 גרם,false,,5.50,0.0567,true,1,480642
7290114310567,false,לאבנה עיזים 5% שומן 200 גרם,משק צוריאל,IL,לאבנה עיזים 5% משק צ,,200.00,100 גרם,false,,14.90,0.0745,true,1,303874
7290114311014,false,"משקה חלב אייס קפוצ'ינו בבקבוק 250 מ""ל",Unknown,IL,משקה חלב אייס קפוצ'י,,250.00,"100 מ""ל",false,,5.90,0.0236,true,1,429457
7290114311076,false,"חמאת מולר צהובה עם שום, 200 גרם",מולר Muller,IL,חמאה צהובה עם שום מו,,200.00,100 גרם,false,,11.90,0.0595,true,1,426049
7290114311328,false,חלב נטול לקטוז 2% שומן מועשר בויטמין D,ג'י.אר.אמ.גרופו אלימ,IL,חלב נטול לקטוז טרה 1,ליטרים,1.00,ליטר,false,,7.90,7.9000,true,1,465245
7290114311502,false,"משקה חלב בקבוק בטעם סחלב, 1 ליטר",מילקו תעשיות בעמ,IL,משקה חלב בטעם סחלב 1,ליטרים,1.00,ליטר,false,,12.50,12.5000,true,1,517472
7290114600941,false,מיונז מאסטר שף מיונז לחיץ 435 ג',קפה לנדוור,NL,מאסטר שף מאסטר שף מ,,435.00,100 גרם,false,,15.90,0.0366,true,1,248389
7290114603041,false,"פרי גרנולה בוטנים אגוזים וקוקוס, 300 ג'","אפקט טבעי בע""מ",IL,פרי גרנולה בוטנים אג,,300.00,100 גרם,false,,15.90,0.0530,true,1,275582
7290114603768,false,"מארז אג'קס כלורון נוזל לניקוי אסלות 750 מ""ל*2 יח'",,,אג'קס שירותים 750 מ',,750.00,"100 מ""ל",false,,32.90,0.0439,true,1,249131
7290114604840,false,דפי אורז קוטר 16 מאסטר שף 400 ג',מאסטר שף,,דפי אורז קוטר 16 כשל,,400.00,100 גרם,false,,10.90,0.0273,true,1,290439
7290114604857,false,דפי אורז קוטר 22 מאסטר שף 400 ג',מאסטר שף,,דפי אורז קוטר 22 כשל,,400.00,100 גרם,false,,10.90,0.0273,true,1,290440
7290114606561,false,מאסטר שף אטריות אורז דקות ורמיצ'לי 400 ג,,TH,אטריות אורז דקות מאס,,400.00,100 גרם,false,,12.90,0.0323,true,1,416769
7290115071481,false,מטבעות שוקולד ברשת 3,,,מטבעות שוקולד ברשת 3,,31.00,100 גרם,false,,4.90,0.1581,true,1,282360
7290115071504,false,מטבעות שוקולד ברשת 3,,,מטבעות שוקולד ברשת 3,,31.00,100 גרם,false,,4.90,0.1581,true,1,282362
7290115071535,false,מטבעות שוקולד ברשת 3,,,מטבעות שוקולד ברשת 3,,31.00,100 גרם,false,,4.90,0.1581,true,1,282365
7290115075182,false,מטבעות שוקולד ברשת 3,,,מטבעות שוקולד ברשת 3,,31.00,100 גרם,false,,4.90,0.1581,true,1,282366
7290115190014,false,סיגריות מרלבורו רד קצר בוקס,פיליפ מוריס,,סיגריות מרלבורו חפי,יחידה,0.00,יחידה,false,,36.50,0.0000,false,1,266856
7290115190076,false,סיגריות מרלבורו גולד ארוך 100 בוקס,פיליפ מוריס,,סיגריות מרלבורו חפי,יחידה,0.00,יחידה,false,,36.50,0.0000,false,1,274385
7290115190090,false,סיגריות מרלבורו גולד קצר בוקס,פיליפ מוריס,,סיגריות מרלבורו חפי,יחידה,0.00,יחידה,false,,36.50,0.0000,false,1,266891
7290115190137,false,מלברו עדין פיין טאץ 7.1,פיליפ מוריס,,מרלבורו פיין טאצ בוד,יחידה,0.00,יחידה,false,,32.50,0.0000,false,1,266859
7290115190151,false,סיגריות מרלבורו טאץP,פיליפ מוריס,,מרלבורו גולד טאצ בוד,יחידה,0.00,יחידה,false,,32.50,0.0000,false,1,266860
7290115190236,false,סיגריות פרלמנט קצר בלו,פיליפ מוריס,,סיגריות פרלמנט (חפיס,יחידה,0.00,יחידה,false,,42.00,0.0000,false,1,266839
7290115190250,false,סיגריות פרלמנט נייטP,פיליפ מוריס,,סיגריות פרלמנט (חפיס,יחידה,0.00,יחידה,false,,42.00,0.0000,false,1,260191
7290115190335,false,ל.מ כחול לייבל ארוך,פיליפ מוריס,,אל אם בלו ארוך,יחידה,0.00,יחידה,false,,33.00,0.0000,false,1,310119
7290115190359,false,סיגריות ל.מ בלוPP חפ,פיליפ מוריס,,אל אם בלו לייבל קצר,יחידה,0.00,יחידה,false,,33.00,0.0000,false,1,260161
7290115190397,false,סיגריות LM רד לייבל קצר,פיליפ מוריס,,אל אם רד לייבל קצר,יחידה,0.00,יחידה,false,,33.00,0.0000,false,1,260129
7290115190434,false,סיגריות LM לייט וייב סלימס,פיליפ מוריס,IL,אל אם וייב סלימס,יחידה,0.00,יחידה,false,,33.00,0.0000,false,1,260193
7290115190519,false,סיגריות נקסט פיין חפ,פיליפ מוריס,,סיגריות נקסט (בודד),יחידה,0.00,יחידה,false,,31.50,0.0000,false,1,266841
7290115190595,false,סיגריות נקסט אוריגינ,פיליפ מוריס,,סיגריות נקסט(בודד),יחידה,0.00,יחידה,false,,31.50,0.0000,false,1,266823
7290115190977,false,מרלבורו טאצ אדום בוד,פיליפ מוריס,TR,מרלבורו טאצ אדום בוד,יחידה,0.00,יחידה,false,,32.50,0.0000,false,1,456339
7290115200003,false,פתי בר פינוקי וניל 220 גר' אסם,תאי פרזידנט פוד פאבל,PL,פתי בר פינוקי וניל 2,,220.00,100 גרם,false,,11.90,0.0541,true,1,275797
7290115200027,false,פתי בר פינוקי שוקו 220 גר' אסם.,קריות זול,PL,פתי בר פינוקי שוקו 2,,220.00,100 גרם,false,,11.90,0.0541,true,1,275798
7290115200713,false,מארז במבה קלאסי 5*50 ג' אסם,אסם,IL,מארז במבה קלאסי אסם,,250.00,100 גרם,false,,12.90,0.0516,true,1,277787
7290115200782,true,חמישיית פיתות 10*500,,,חמישיית פיתות 10*500,,500.00,100 גרם,false,,7.90,0.0158,true,1,275445
7290115201680,false,ביסלי ברביקיו אסם 70,"אסם השקעות בע""מ",IL,ביסלי ברביקיו 70 גרם,,70.00,100 גרם,false,,4.90,0.0700,true,1,282522
7290115201741,false,ביסלי בטעם בצל אסם 7,"אסם השקעות בע""מ",IL,ביסלי בצל 70 גרם,,70.00,100 גרם,false,,4.90,0.0700,true,1,277171
7290115202786,false,מנה חמה פאוצ' נדלס טעם בקר 70 ג' אסם,Unknown,,מנה חמה פאוצ' נדלסאט,,70.00,100 גרם,false,,4.90,0.0700,true,1,304033
7290115202816,false,מנה חמה פאוצ' נדלס טעם עוף 70 ג' אסם,Unknown,,מנה חמה פאוצ' נדלסאט,,70.00,100 גרם,false,,4.90,0.0700,true,1,304034
7290115202847,false,מנה חמה פאוצ' נדלס ספייסי אסם 70 ג',Unknown,,מנה חמה פאוצ' נדלסאט,,70.00,100 גרם,false,,4.90,0.0700,true,1,304035
7290115204056,false,אסם קטשופ מופחת סוכר 690 גר',קריות זול,IL,אסם קטשופ מופחת סוכר,,690.00,100 גרם,false,,11.90,0.0172,true,1,311823
7290115205176,false,פיטנס - קרקר דק כפרי פיטנס 140 גרם,נסטלה Nestle,IL,פיטנס קרקר THIN כפרי,,140.00,100 גרם,false,,13.90,0.0993,true,1,367069
7290115205312,false,קרקר פיטנס דק עם זיתי קלמטה ועשבי תיבול,"אסם השקעות בע""מ",IL,פיטנס קרקר Thin Deli,,140.00,100 גרם,false,,13.90,0.0993,true,1,442771
7290115205633,false,טבעול סנסשיונל/גורמה נקנקיות 350 גר',עיצובים 2020 (4.8),,טבעול סנסשיונל נקנקי,,350.00,100 גרם,false,,36.90,0.1054,true,1,454671
7290115205978,false,פתיבר ואצבעות שוקולד 180 גרם - רבנות,"ד""ר ג'רארד בע""מ",PL,פתי בר אצבעות שוקולד,,180.00,100 גרם,false,,11.90,0.0661,true,1,411764
7290115207620,false,"רוטב בסגנון סויה קלאסי 290 מ""ל אסם",,,אסם רוטב בסגנון סויה,,320.00,"100 מ""ל",false,,12.90,0.0403,true,1,442640
7290115208047,false,סירופ פטל 1 ל' ויטמינצ'יק,בית-השיטה עסיס תעשיו,IL,ויטמינצ'יק פטל 1 ליט,ליטרים,1.00,ליטר,false,,23.50,23.5000,true,1,398275
7290115209136,false,"טבעול חטיפי עוף צימחי העדה החרדית 1ק""ג",טבעול ישראל,IL,חטיפים צמחוניים בטעם,,1.20,"100 ק""ג",false,,44.90,37.4167,true,1,465133
7290115209198,false,במבה אורירית 80 ג' אסם,אסם השקעות בעמ,IL,במבה אורירית 80 גרם,,80.00,100 גרם,false,,4.90,0.0613,true,1,444926
7290115209358,false,במבה במילוי קרם בטעם בראוניז,"אסם השקעות בע""מ",IL,במבה במילוי בראוניז,,60.00,100 גרם,false,,5.90,0.0983,true,1,486658
7290115209372,false,במבה במילוי בראוניז 150ג' אסם,"אסם השקעות בע""מ",IL,במבה במילוי בראוניז,,150.00,100 גרם,false,,11.90,0.0793,true,1,486674
7290115403299,false,עוגיות פרפריות אדל 4,,,עוגיות פרפריות אדל 4,,450.00,100 גרם,false,,18.90,0.0420,true,1,431531
7290115403381,false,עוגיות פיצפוצים לבן,,,עוגיות פיצפוצים לבן,,500.00,100 גרם,false,,18.90,0.0378,true,1,431539
7290115403435,false,עוגיות מעמול תמר אדל,,,עוגיות מעמול תמר אדל,,500.00,100 גרם,false,,18.90,0.0378,true,1,431544
7290115410068,false,סלט חציל במיונז 400 גר',סלטי היום,IL,חציל במיונז 400 גרם,,400.00,100 גרם,false,,13.90,0.0348,true,1,344635
7290115410075,false,טחינה 400 גרם סלטי ה,סלטי היום,IL,טחינה 400 גרם סלטי ה,,400.00,100 גרם,false,,13.90,0.0348,true,1,344636
7290115410082,false,סלט טורקי סלטי היום,סלטי היום,IL,טורקי 400 גרם סלטי ה,,400.00,100 גרם,false,,13.90,0.0348,true,1,344652
7290115410112,false,חומוס 400 גרם סלטי ה,סלטי היום,IL,חומוס 400 גרם סלטי ה,,400.00,100 גרם,false,,13.90,0.0348,true,1,344619
7290115410150,false,כרוב אדום סלטי היום,סלטי היום,IL,כרוב אדום 400 גרם סל,,400.00,100 גרם,false,,13.90,0.0348,true,1,404047
7290115410549,false,המעדניה חומוס ירושלים 250 גר',סלטי היום,IL,חומוס מסעדות המעדניה,,250.00,100 גרם,false,,11.90,0.0476,true,1,344552
7290115410556,false,המעדניה חומוס מסבחה ירוק 250 גר',סלטי היום,IL,חומוס מסבחה 250 גרם,,250.00,100 גרם,false,,11.90,0.0476,true,1,344581
7290115410594,false,המעדניה חציל תיאלנדי 250 גר',סלטי היום,IL,חציל תאילנדי 250 גרם,,250.00,100 גרם,false,,11.90,0.0476,true,1,344585
7290115410631,false,המעדניה חציל בטעם כבד 250 גר',,,חציל בטעם כבד 250 גר,,250.00,100 גרם,false,,11.90,0.0476,true,1,344603
7290115671155,false,שלישיית סוכריות FRESH ענבים 45 ג' בזוקה,ALPRO,,שלישיית סוכריות בזוק,,45.00,100 גרם,false,,9.50,0.2111,true,1,389441
7290115675559,false,מארז קפה טורקי לדרך 70ג' עלית,שטראוס קפה בי.וי.,IL,מארז קפה טורקי לדרך,,70.00,100 גרם,false,,8.90,0.1271,true,1,283497
7290115675986,false,יוגורט עם אגוזי לוז ושקדים בקרמל מלוח 4.5%,"שטראוס בריאות בע""מ",IL,דנונה קראנצ' אגוזים,,173.00,100 גרם,false,,4.90,0.0283,true,1,282932
7290115676051,false,"אקטיביה משקה+שיבולת שועל במתיקות מעודנת 250 מ""ל",מיוצר עי קונדיטוריית,IL,משקה אקטיביה עם שיבו,,265.00,100 גרם,false,,5.50,0.0208,true,1,358100
7290115676082,false,משקה דנונה פרו 20 יוגורט תות 255 ג' רבנות,"שטראוס בריאות בע""מ.",IL,משקה יוגורט עם חלבון,,255.00,100 גרם,false,,7.50,0.0294,true,1,313024
7290115676273,false,קקאו 500גר' +10% תוספת,שטראוס גרופ,IL,עלית קקאו 500 גרם +1,,500.00,100 גרם,false,,26.90,0.0538,true,1,305524
7290115677140,false,"תפוצ'יפס WAVY פפריקה, 200 ג'",שטראוס פריטו ליי בע”,IL,תפוצ'יפס wavy פפריקה,,200.00,100 גרם,false,,10.90,0.0545,true,1,501883
7290115677966,false,ממרח אבוקדו 200 ג' שטראוס,סנטה אירפואטו,MX,ממרח אבוקדו אחלה 200,,200.00,100 גרם,false,,16.90,0.0845,true,1,351923
7290115678376,false,מעדן הגולן שוקולד 125 גרם,מיוצר עי קונדיטוריית,IL,מעדן הגולן מעדן חלב,,125.00,100 גרם,false,,3.50,0.0280,true,1,335240
7290115678383,false,מעדן הגולן שוקולד מריר 125 גר,מיוצר עי קונדיטוריית,IL,מעדן הגולן מעדן חלב,,125.00,100 גרם,false,,3.50,0.0280,true,1,335255
7290116244037,false,אצבעות שוקולד חלב 84 גר'-חד קרן,,,אצבעות שוקולד חלב חד,,84.00,100 גרם,false,,8.90,0.1060,true,1,403612
7290116244051,false,אצבעות שוקולד חלב 84 גר'- LOL,,,אצבעות שוקולד חלב 84,,84.00,100 גרם,false,,8.90,0.1060,true,1,403614
7290116244075,false,אצבעות שוקולד חלב 84 גר'-סמי הכבאי,,,אצבעות שוקולד חלב סמ,,84.00,100 גרם,false,,8.90,0.1060,true,1,403616
7290116244082,false,אצבעות שוקולד חלב 84 גר'-מפרץ הרפתקאות,,,אצבעות שוקולד חלב מפ,,84.00,100 גרם,false,,8.90,0.1060,true,1,403617
7290116530185,false,דגני בוקר דלישקד קרמל מלוח 400 ג' תלמה,יוניליוור שפע ישראל,IL,דגני בוקר דלישקד קרמ,,400.00,100 גרם,false,,24.90,0.0622,true,1,390452
7290116531977,false,"דאו ספריי סקייט וורדים 150 מ""ל אקס",יוניליוור,GB,דאודורנט ספריי גוף ס,,150.00,"100 מ""ל",false,,17.90,0.1193,true,1,461829
7290116532899,false,נשנושים איירביס פלאפל 155 גר',קריות זול,,נשנושים איירביס חטיף,,155.00,100 גרם,false,,13.90,0.0897,true,1,497629
7290116930459,false,"משקה SHAKE בננה אננס וקוקוס 230 מ""ל יופלה",יופלה Yoplait,IL,יופלה SHAKE בננה אנ,,230.00,"100 מ""ל",false,,8.50,0.0370,true,1,453745
7290116930466,false,"משקה SHAKE בננה מנגן פסיפלורה והל 230 מ""ל יופלה",יופלה Yoplait,IL,יופלה SHAKE מנגו בנ,,230.00,"100 מ""ל",false,,8.50,0.0370,true,1,453746
7290116930626,false,ארוחה בקטנה ציזיקי עם קרקרים 150ג' תנובה,תנובה,IL,ציזיקי עם קרקרים תנו,,150.00,100 גרם,false,,8.50,0.0567,true,1,453652
7290116930954,false,יוגורט טעם פאי תפוחים 3% 150 ג' יופלה,"תנובה בע""מ",IL,יופלה בטעם פאי תפוחי,,150.00,"100 מ""ל",false,,5.70,0.0380,true,1,500947
7290117260104,false,חטיף גבינה לבנה בטעם,,,חטיף גבינה לבנה בטעם,,120.00,100 גרם,false,,15.90,0.1325,true,1,463045
7290117261569,false,סלמון אטלנטי מעושן בשמן קנולה 120 גרם,קריות זול,LV,סלמון אטלנטי מעושן ב,,120.00,100 גרם,false,,12.90,0.1075,true,1,482558
7290117380888,false,עוגיות סנדוויץ' מרבה 140 ג' טייק אווי,,,מרבה טייק אווי - עוג,,140.00,100 גרם,false,,10.90,0.0779,true,1,484794
7290117829592,false,צמר גפן מתוק בדלי 50,,,צמר גפן מתוק בדלי 50,,50.00,100 גרם,false,,10.00,0.2000,true,1,499681
7290117829608,false,צמר גפן מתוק בדלי 50,,,צמר גפן מתוק בדלי 50,,50.00,100 גרם,false,,10.00,0.2000,true,1,499682
7290117860137,false,"הוואי קרם רחצה בניחוח פרח הקמליה, 700 מ""ל",הוואי,,תחליב רחצה בניחוח פר,,700.00,"100 מ""ל",false,,15.90,0.0227,true,1,495895
7290117860144,false,שמפו למניעת קשקשים לשימוש יומיומי,"טרופיקל גליל בע""מ",IL,שמפו נגד קשקשים הווא,,700.00,"100 מ""ל",false,,15.90,0.0227,true,1,492343
7290117860236,false,"הוואי - קרם רחצה בניחוח ויולה ורודה 700 מ""ל",הוואי,,תחליב רחצה בניחוח וי,,700.00,"100 מ""ל",false,,15.90,0.0227,true,1,495897
7290117860243,false,"הוואי - מרכך מעניק לחות לשיער יבש 700 מ""ל","טרופיקל גליל בע""מ",IL,מרכך לשיער יבש הוואי,,700.00,"100 מ""ל",false,,15.90,0.0227,true,1,492345
7290117860335,false,"ג'ל רחצה לגבר בניחוח מעורר 700 מ""ל הוואי",,,ג'ל רחצה לגבר בניחוח,,700.00,"100 מ""ל",false,,15.90,0.0227,true,1,495899
7290117860496,false,שמפו + מרכך 2 ב 1 לגבר תמצית ג'ינג'ר,קריות זול,,שמפו לגבר + מרכך 2ב-,,700.00,"100 מ""ל",false,,15.90,0.0227,true,1,492348
7290117860649,false,"שמפו קרטין, שמן קיק ומי ורדים",טרופיקל דגיל,IL,שמפו ללא סולפטים הוו,,700.00,"100 מ""ל",false,,15.90,0.0227,true,1,497289
7290117900932,false,גרעיני אבטיח קלויים,,,גרעיני אבטיח קלויים,,130.00,100 גרם,false,,10.90,0.0838,true,1,446558
7290117900956,false,תערובת פיצוחים קלויי,,,תערובת פיצוחים קלויי,,180.00,100 גרם,false,,15.90,0.0883,true,1,446560
7290117901267,false,ממרח פלפלים אדומים וחצילים קלויים 290 ג' גורמה,,,ממרח חצילים קלויים ו,,290.00,100 גרם,false,,14.90,0.0514,true,1,500592
7290117901274,false,ממרח זיתים 290 גר' גורמה,,,ממרח זיתים גורמט 290,,290.00,100 גרם,false,,14.90,0.0514,true,1,500556
7290118420378,false,פתיבר פינוקים בטעם תותים בשמנת - חלבי,קריות זול,IL,פתי בר פינוקים תותים,,220.00,100 גרם,false,,11.90,0.0541,true,1,486932
7290118420477,false,בייגלה שטוחים בטעם ביסלי בצל 300ג' אסם,אסם,IL,בייגלה שטוחים בטעם ב,,300.00,100 גרם,false,,11.90,0.0397,true,1,486948
7290900010367,false,טורטייה שמינייה משקל נקי 360 ג' Avel,Turka Invest,PL,טורטייה אבאל 360 גרם,,360.00,100 גרם,false,,10.90,0.0303,true,1,81835
7291008084915,false,תמר מג'הול 500גר,,,תמר מג'הול 500גר,,500.00,100 גרם,false,,10.00,0.0200,true,1,414385
7296051081676,false,מתקן כביסה מתכת,,,מתקן כביסה מתכת,יחידה,0.00,יחידה,false,,69.90,0.0000,true,1,133510
7296082000035,false,ביצים פלוס אומגה3 6י,המכון למיון ושיווק ב,IL,6 ביצים L אומגה ביצה,יחידה,0.00,יחידה,false,,15.90,0.0000,true,1,52562
7297028161575,false,קרסוליות גבר (10 ) לבן/שחור/מעורב,,,עשיריית גרבי גרב,יחידה,0.00,יחידה,false,,29.90,0.0000,true,1,355684
7297028161582,false,קרסוליות נשים (10 )שחור/לבן/מעורב,,,עשיריית גרבי נשים,יחידה,0.00,יחידה,false,,29.90,0.0000,true,1,355685
7297488098282,false,דגש אבקת מרק בטעם עו,אף.סי. תבליני הגליל,IL,דגש אבקת מרק בטעם עו,,500.00,100 גרם,false,,19.90,0.0398,true,1,51874
7297488199620,false,פצפוצי אורז מלא תפוח ללא גלוטן,דגש- דוכן גן שמואל,IL,דגש פצפוצי אורז מלא,,450.00,100 גרם,false,,23.90,0.0531,true,1,271320
7298171187221,false,פיג'מת נשים כותנה בו,,,פיג'מת נשים כותנה בו,יחידה,0.00,יחידה,false,,89.90,0.0000,true,1,376154
7394376616778,false,אוטלי משקה שיבולת שועל להקצפה בריסטה 1 ליטר,אוטלי OATLY,SE,משקה שיבולת שועל להק,ליטרים,1.00,ליטר,false,,17.90,17.9000,true,1,244306
7450014901351,false,נעלי בית חורף נשים -,,,נעלי בית חורף נשים -,יחידה,0.00,יחידה,false,,39.90,0.0000,true,1,195411
7450014901450,false,נעלי בית חורף נשים -,,,נעלי בית חורף נשים -,יחידה,0.00,יחידה,false,,39.90,0.0000,true,1,264068
7501064191466,false,קורונה מארז שישיה 6*,סובסריה מודלו,,קורונה מארז שישיה 6*,ליטרים,2.13,ליטר,false,,37.90,17.7934,true,1,33020
7610100034084,false,מיונז טומי בשפורפרת,נסטלה שוויץ ס.א,US,מיונז טומי 265 גרם,,265.00,100 גרם,false,,15.90,0.0600,true,1,77779
7610400074155,false,שוקולד מריר במילוי קרם,"לינדט ושפרונגלי, CH-",CH,לינדט לינדור 60% 100,,100.00,100 גרם,false,,18.00,0.1800,true,1,16120
7610400085946,false,שוקולד לינדט לגרנד ש,לינדט,,לינדט לה גרנד ד.אלמו,,150.00,100 גרם,false,,24.90,0.1660,true,1,212691
7610400091060,false,שוקולד מריר לינדט אקסלנס בתוספת תפוז ושקדים,לינדט ושפרונגלי,,לינדט מריר אקסלנס תפ,,100.00,100 גרם,false,,17.90,0.1790,true,1,234589
7613035809109,false,פרפקטו רוטב עגבניות ובזיליקום 400 ג'אסם,אסם פרפקטו Perfecto,ES,פרפקטו רוטב עגבניות,,400.00,100 גרם,false,,10.90,0.0273,true,1,23183
7613036737623,false,דגני בוקר קראנץ מקס,,,דגני בוקר קראנץ מקס,,410.00,100 גרם,false,,27.90,0.0680,true,1,134749
7613036976671,false,פריסקיז - פאוץ עוף ברוטב 85 גרם,יו פי אף,FR,פריסקיז פאוצ' עוף 85,,85.00,100 גרם,false,,5.90,0.0694,true,1,212498
7613037012095,false,פיטנס - גרנולה שוקולד קינואה ושקדים 300 גרם,NESTLE WATERS,,פיטנס גרנולה שוקולד,,300.00,100 גרם,false,,15.90,0.0530,true,1,141886
7613037276091,false,נסטלה מיקס מיני אריזות דגני בוקר 200 ג',נסטלה Nestle,FR,מיקס מיני אריזות דגנ,,200.00,100 גרם,false,,19.90,0.0995,true,1,148182
7613038268262,false,דגני בוקר צ'יריוס דבש ושקדים במתיקות מעודנת,נסטלה פולין דגני בוק,FR,האני נאט ציריוס מופח,,410.00,100 גרם,false,,21.90,0.0534,true,1,213669
7613039770450,false,סנסשיונל בורגר טבעול 226 ג',ג'נרל מילס סאן אדריא,IL,בורגר צמחוני טבעוני,,226.00,100 גרם,false,,35.90,0.1588,true,1,269420
7613287008497,false,סטארבקס - פולי קפה פייק פלייס 450 גרם,Unknown,IL,סטארבקס פולי קפה פיי,,450.00,100 גרם,false,,54.90,0.1220,true,1,313674
7613287182357,false,מחית אגס תפוח ופירות יער ויטמינצ'יק 110 ג',נסטלה,ES,פאוץ אגס תפוח ופירות,,110.00,100 גרם,false,,5.90,0.0536,true,1,341932
7613287325808,false,אוסם - דיפ אנד ספרד מטבל איולי שום 295 גרם,נסטלה פולין,PL,רוטב איולי שום לחיץ,,295.00,100 גרם,false,,15.90,0.0539,true,1,367446
7613287325952,false,אוסם - דיפ אנד ספרד מטבל ברבקיו 345 גרם,דפטונה פולין,PL,רוטב ברביקיו לחיץ אס,,345.00,100 גרם,false,,15.90,0.0461,true,1,367415
7622010001858,false,עוגיות אוראו ממולאות קרם וניל 176 ג',פי אר ג'יי אס אי מנד,UA,עוגיות אוראו סנדביץ,,176.00,100 גרם,false,,10.50,0.0597,true,1,7156
7622201139278,false,גבינת שמנת 27% שומן 150 ג' פילדלפיה,מיודלז אספניה פרודוק,ES,פילדלפיה גבינת שמנת,,150.00,100 גרם,false,,15.90,0.1060,true,1,212947
7622201801809,false,מילקה- שוק' חלב עם אגוזים 100 גר' חדש,מנדלז דויצ'לנד סנקס,DE,מילקה שוקוד חלב עם א,,100.00,100 גרם,false,,7.90,0.0790,true,1,334951
7622201802363,false,שוקולד מילקה טבלה חלב צימוקים ואגוזים 100ג',מנדלז דויצ'לנד סנקס,DE,מילקה שוקולד חלב עם,,100.00,100 גרם,false,,7.90,0.0790,true,1,334935
7622201802394,false,שוקולד מילקה טבלה חלב 100 ג',מנדלז דויצ'לנד סנקס,DE,מילקה שוקולד חלב 100,,100.00,100 גרם,false,,7.90,0.0790,true,1,334936
7622201808631,false,מיני עוגיות אוראו במילוי קרם בטעם וניל,פי.טי. מונדלז אינדונ,ID,אוראו מיני כוסות בטע,,67.00,100 גרם,false,,10.90,0.1627,true,1,340590
7622201813390,false,וופל במילוי קרם קקאו בציפוי שוקולד חלב,מונדליז סי.אר. ביסקו,,מילקה וואפל במילוי ק,,150.00,100 גרם,false,,14.90,0.0993,true,1,322642
7622210137234,false,עוגיות אוראו עם דאבל קרם וניל 170 ג',אוראו Oreo,,עוגיות סנדביץ אוראו,,170.00,100 גרם,false,,10.50,0.0618,true,1,66782
7622300270506,false,מילקה גריינס - עוגיות שיבולת שועל מצופות שוקולד 168 ג',מונדלז פולסקה פרודקש,PL,מילקה גריינס עוגיות,,168.00,100 גרם,false,,14.90,0.0887,true,1,118719
7622300489427,false,עוגיות אוראו בציפוי שוקולד לבן 246 גרם,מנדלז אספנה גאלטס פר,ES,אוראו פאג שוקולד לבן,,246.00,100 גרם,false,,21.90,0.0890,true,1,118721
7622300489434,false,"עוגיות אוראו פאדג' בציפוי שוקולד חלב, 246 גרם",מנדלז אספנה גאלטס פר,ES,אוראו פאג שוקולד חלב,,246.00,100 גרם,false,,21.90,0.0890,true,1,118722
7630311507016,false,קפסולות סטארבקס סאני דיי,נסטלה שוויץ - קפה,CH,סטארבקס קפסולות סאני,,57.00,100 גרם,false,,22.90,0.4018,true,1,444941
7630477891592,false,קפסולות האוס בלנד לונגו עוצמה 8 - 10 יח',נסטלה שוויץ - קפה,CH,קפסולות האוס בלנד סט,,57.00,100 גרם,false,,22.90,0.4018,true,1,273921
7630477891639,false,קפסולות קפה ורונה עוצמה 10 - 10 יח',נסטלה שוויץ - קפה,CH,סטארבקס קפסולות ורונ,,55.00,100 גרם,false,,22.90,0.4164,true,1,264023
7630477891653,false,סטארבקס - קפסולות אספרסו נטול 57 גרם * 10,נסטלה שוויץ - קפה,IL,סטארבקס קפסולות אספר,,57.00,100 גרם,false,,22.90,0.4018,true,1,264024
7630477891691,false,סטארבקס - קפסולות קולומביה 57 גרם * 10,נסטלה שוויץ - קפה,IL,סטארבקס קפסולות קולו,,57.00,100 גרם,false,,22.90,0.4018,true,1,264025
7630477891738,false,סטארבקס - קפסולות אספרסו בלונד 53 גרם * 10,נסטלה שוויץ - קפה,CH,סטארבקס קפסולות אספר,,53.00,100 גרם,false,,22.90,0.4321,true,1,264026
7638900426809,false,סוללת MAX אנרג'ייזר,אנרג'יזר Energizer,,סוללת MAX אנרג'ייזר,יחידה,0.00,יחידה,false,,24.90,0.0000,true,1,278409
7702174066631,false,לקקן פין פופ 10 יח' 170 גר' וסטהיים,הדקלאים אגודת שיתופי,CO,יוגטה פינפופ לקקן 10,,180.00,100 גרם,false,,11.90,0.0661,true,1,15340
7702174068833,false,סוכריות לקקן במילוי טופי בטעמי גלידת פירות,יוגטה yogueta,CO,'לקקן יוגטה אייס קרי,,216.00,100 גרם,false,,11.90,0.0551,true,1,15343
7790580412654,false,בונבוניירה בון בון צ,ארקור,AR,בון בון צהוב 270 גרם,,270.00,100 גרם,false,,18.90,0.0700,true,1,138789
7792860006218,false,סוכריות לקקנים בייבי דול Baby Doll לריטר,גוד פוד פרודקטס S.p,AR,בייבי דול לקקן 20גר,,24.00,100 גרם,false,,2.90,0.1208,true,1,16124
7860001950123,false,מפזר סוכר רשת נירוסטא,,,מפזר סוכר רשת נירוסט,יחידה,0.00,יחידה,false,,14.90,0.0000,true,1,39094
7897654496197,true,חנוכייה מתכת,,,חנוכייה מתכת,יחידה,0.00,יחידה,false,,19.90,0.0000,true,1,361652
8000070003880,false,קפסולות קפה קרמה דולצ'ה AMM6 לוואצה 120ג',לוואצה Lavazza,,קפסולת LAVAZZA CREMA,,120.00,100 גרם,false,,29.90,0.2492,true,1,475439
8000070064553,false,קפסולות קפה אורו 120 ג' AMM8 לוואצה,Unknown,,קפסולת LAVAZZA ROSSA,,120.00,100 גרם,false,,29.90,0.2492,true,1,475441
8000380003723,false,גרנד פטיסרי עוגיות וופל אגוזים 100ג',קריניציה ויטמינה אס,IT,גרנד פטיסרי ופל אגוז,,100.00,100 גרם,false,,13.40,0.1340,true,1,119384
8000380004911,false,קוביות וופל קואדרטיני Quadratini קרם אגוזים,קריניציה ויטמינה אס,AT,וופל קואדרטיני אגוז,,250.00,100 גרם,false,,15.50,0.0620,true,1,67621
8000380004966,false,וופל קוארדטיני לואקר קוביות שוקולד 250ג',קריניציה ויטמינה אס,AT,וופל קואדרטיני קקאו,,250.00,100 גרם,false,,15.50,0.0620,true,1,119391
8000380007219,false,וופל לואקר אגוז קלאסי 175ג',קריות זול,AT,וופל לואקר אגוז 175,,175.00,100 גרם,false,,12.90,0.0737,true,1,119394
8000380007257,false,וופל גרנדה מצופה שוקולד 200ג',קריניציה ויטמינה אס,IT,.וופל מצופה שוקולד ג,,200.00,100 גרם,false,,14.90,0.0745,true,1,119396
8000380007264,false,וופל עם קרם בטעם קקאו,קריניציה ויטמינה אס,AT,וופל לואקר קקאו 175,,175.00,100 גרם,false,,12.90,0.0737,true,1,15368
8000380007271,false,וופל לואקר קרם חלב 175ג',לואקר Loacker,AT,וופל לואקר חלב 175 ג,,175.00,100 גרם,false,,12.90,0.0737,true,1,15369
8000380144044,false,וופל גרדנה לואקר שוקולד 200ג',"א. לואקר , AG/SpA, ו",IT,וופל גרדנה שוקולד 20,,200.00,100 גרם,false,,14.90,0.0745,true,1,119399
8000380180745,false,קוביות וופל קואדרטיני קקאו במילוי קר חלב,"א. לואקר, קונפקט ג'י",AT,וופל קואדרטיני לואקר,,250.00,100 גרם,false,,15.50,0.0620,true,1,119406
8000380207183,false,טורטינה חמאת בוטנים לואקר 6*21גר,לואקר Loacker,,טורטינה 1/6 חמאת בוט,,126.00,100 גרם,false,,18.50,0.1468,true,1,450204
8000500009673,false,בונבוניירה פררו רושה 300ג',קריות זול,IT,רושר בונבוניירה 300,,300.00,100 גרם,false,,50.90,0.1697,true,1,50037
8000500023624,false,חטיפי הפי היפו Happy Hippo במילוי קרם חלב וקקאו,קינדר Kinder,DE,הפי היפו 5*20ג,,102.00,100 גרם,false,,14.90,0.1461,true,1,15403
8000500023976,false,בונבוניירת רפאלו Raffaello,קריות זול,PL,בונבוניירת רפאלו 150,,150.00,100 גרם,false,,18.90,0.1260,true,1,50038
8000500028124,false,"קינדר ג'וי, שלישיה 3 * 20 גרם",קריות זול,,קינדר ג'וי 3*20 גרם,,60.00,100 גרם,false,,16.90,0.2817,true,1,509411
8000500029350,false,מארז וופל מצופה 3יח' *43 גרם קינדר בואנו,קינדר Kinder,PL,קינדר בואנו 3*43 גרם,,129.00,100 גרם,false,,12.90,0.1000,true,1,50040
8000500037874,false,בונבוניירה פררו רושה 200ג',קריות זול,IT,בונבוניירת רושר 200ג,,200.00,100 גרם,false,,29.90,0.1495,true,1,50042
8000500071083,false,אצבעות שוקולד קינדר Kinder שש עשרה יחידות,קינדר Kinder,IT,קינדר אצבעות שוקולד,,200.00,100 גרם,false,,15.90,0.0795,true,1,50043
8000500094976,false,"בונבוניירה פררו רושר רושה קונוס, 212 גרם T17X4",פררו,IT,פררו רושר קונוס 212.,,212.00,100 גרם,false,,44.20,0.2085,true,1,15404
8000500121436,false,מארז קינדר בואנו Kinder Bueno לבן שלוש יחידות,קינדר Kinder,PL,קינדר בואנו לבן 3*43,,117.00,100 גרם,false,,12.90,0.1103,true,1,50045
8000500172810,false,סוכריות בטעם תות שדה מנטה- מארז רביעייה,טיק טק Tic Tac,ZA,טיק טק תות שדה 4*16ג,,64.00,100 גרם,false,,12.90,0.2016,true,1,50048
8000500227848,false,נוטלה - בי רדי אצבעות ביסקוויט במילוי שוקולד 6 יח' * 22 גרם,Unknown,,'וופל מלוח במילוי ממ,,132.00,100 גרם,false,,13.90,0.1053,true,1,125306
8000500256213,false,קינדר שוקולד מיני בשקית.,קדבורי,IT,פרר-קינדר שוקולד מינ,,120.00,100 גרם,false,,11.90,0.0992,true,1,140711
8000500267103,false,קינדר דליס שוקול' אישי מארז 10 יח' 420 גר',קינדר Kinder,,פררו-קינדר דליס עשיר,יחידה,0.00,יחידה,false,,21.90,0.0000,true,1,130667
8000500294345,false,שוקולד איש שלג פררו,,,פררו איש שלג 90 גרם,,90.00,100 גרם,false,,14.90,0.1656,true,1,198818
8000500366073,true,ביסקוויטים במילוי נו,,,ביסקוויטים במילוי נו,,276.00,100 גרם,false,,22.90,0.0830,true,1,511432
8001003100164,false,יוגטה סוכריות ג'לי בטעמי פירות,יוגטה yogueta,,יוגטה סוכריות ג'לי פ,,450.00,100 גרם,false,,13.90,0.0309,true,1,130815
8001090336491,false,טיטולי פמפרס בייבי דריי מידה 4+ 31 יח',פרוקטר אנד גמבל,DE,פמפרס בייבי דריי מיד,יחידה,0.00,יחידה,false,,33.90,0.0000,true,1,197532
8001841470252,false,נוזל ניקוי כלים פייר,,,נוזל ניקוי כלים פייר,,500.00,"100 מ""ל",false,,10.90,0.0218,true,1,501964
8001841470290,false,נוזל ניקוי כלים פייר,,,נוזל ניקוי כלים פייר,,750.00,"100 מ""ל",false,,14.90,0.0199,true,1,501916
8001841663654,false,"פיירי נוזל כלים אקסטרה 650 מ""ל - צהוב",,,פיירי נוזל כלים 650,,650.00,"100 מ""ל",false,,10.90,0.0168,true,1,468435
8002270846472,false,סן פלגרינו פלאסטיק ב,סן פלגרינו,IT,סאן פלגרינו 500מל,,500.00,"100 מ""ל",false,,4.90,0.0098,true,1,11676
8003340091280,false,בונבוניירת לינדור Lindor שוקולד מריר,לינדוט ושופרונגלי אי,IT,בונבוניירות לינדור 6,,200.00,100 גרם,false,,33.90,0.1695,true,1,16125
8003477500051,false,"פרימלוצ'י ספגטי מ""ס",,,"פרימלוצ'י ספגטי מ""ס",,500.00,100 גרם,false,,6.90,0.0138,true,1,481316
8003477500327,false,פרימלוצ'י קורנטי 500,,,פרימלוצ'י קורנטי 500,,500.00,100 גרם,false,,6.90,0.0138,true,1,481317
8003477500365,false,פרימלוצ'י קונקילייה,,,פרימלוצ'י קונקילייה,,500.00,100 גרם,false,,6.90,0.0138,true,1,481318
8003477500556,false,פרימלוצ'י פוסילי 500,,,פרימלוצ'י פוסילי 500,,500.00,100 גרם,false,,6.90,0.0138,true,1,481628
8003753900438,false,קפה טחון לאספרסו קליה בינונית,קפה לנדוור,IL,אילי אספרסו טחון בפח,,250.00,100 גרם,false,,49.90,0.1996,true,1,23191
8004030022010,false,ירקות גינה עם טונה ריו מרה אינסלטיסימי 160 ג',"בולטון אלימנטרי בע""מ",IT,טונה וירקות גינה ריו,,160.00,100 גרם,false,,18.90,0.1181,true,1,25073
8004030044005,false,נתחי טונה בשמן זית ריו מרה 160 ג',"בולטון אלימנטרי בע""מ",IT,נתחי טונה בשמן זית ר,,160.00,100 גרם,false,,20.90,0.1306,true,1,25075
8004030081024,false,נתחי טונה עם שום ופלפל אדום ריו מרה 160 ג',"בולטון אלימנטרי בע""מ",IT,נתחי טונה שמן זית שו,,160.00,100 גרם,false,,20.90,0.1306,true,1,25076
8004030177000,false,טונה בשמן זית וצ'ילי ריו מרה מארז 80X3 גר',ריו מארה Rio Mare,,טונה בשמן זית עם צ'י,,240.00,100 גרם,false,,32.90,0.1371,true,1,127904
8004030381681,false,טונה בשמן זית ריו מרה זוגות * 160 ג',,,טונה בשמן זית ריו מר,,320.00,100 גרם,false,,34.90,0.1091,true,1,146030
8004800000071,false,לאגו פלאסיר- גלילי ופל במילוי קרם אגוזי לוז שוקולד חלב - 100 ג',לאגו,IT,לאגו פלאסיר- גלילי ו,,100.00,100 גרם,false,,11.90,0.1190,true,1,485187
8004800005519,false,וופל רול גלילי במילוי קרם אגוזי לוז- 125 ג' לאגו,לגו גרופ ס.פ.א.,IT,לאגו מיני רול- גלילי,,125.00,100 גרם,false,,10.90,0.0872,true,1,485171
8005110002243,false,רכז עגבניות Doppio Concentr בשפופרת 185 ג' MUTTI,"איי, בי, אינבוו",IT,תרכיז MUTTI עגבניות,,185.00,100 גרם,false,,8.90,0.0481,true,1,261819
8005200256587,false,משקה תה בטעם אפרסק 1.5ל' NESTEA,מפעל סאנפלגרינו S.P.,IT,נסטי אפרסק 1.5 ליטר,ליטרים,1.50,ליטר,false,,9.90,6.6000,true,1,366527
8005469951452,false,ממרח אנשובי עם שמן חמניות,בנדטו סקלייה סרל,IT,ממרח אנשובי עם שמן ח,,60.00,100 גרם,false,,13.90,0.2317,true,1,74928
8006227000405,false,סמנצאטו לחם מחמצת פר,,,לחם מחמצת פרוס חיטה,,400.00,100 גרם,false,,17.90,0.0447,true,1,454387
8006227000429,false,לחם מחמצת פרוס 8 דגנ,,,לחם מחמצת פרוס 8 דגנ,,400.00,100 גרם,false,,17.90,0.0447,true,1,454389
8006540106709,false,אולוויז - מגן תחתון נורמל 58 יח',,,מגן תחתון מגה פק נור,יחידה,0.00,יחידה,false,,18.90,0.0000,true,1,500158
8006540628737,false,שמפו הד שולדרס קלאסי,,,שמפו הד שולדרס קלאסי,,350.00,"100 מ""ל",false,,16.90,0.0483,true,1,475628
8008620009290,false,קריץ-קרקר חיטה מלאה 500 ג',,,קרקר חיטה מלאה 500 ג,,500.00,100 גרם,false,,21.90,0.0438,true,1,70452
8008620009337,false,קריץ-קרקר חיטה מלאה 250ג',,,קרקר חיטה מלאה 250 ג,,250.00,100 גרם,false,,9.90,0.0396,true,1,454355
8008660210052,false,מעדן פרי תפוז 100% מנז&גאסר 300ג',מנז אנד גאסר Menz&Gasser,IT,מעדן פרי תפוז 300 גר,,300.00,100 גרם,false,,17.90,0.0597,true,1,144035
8008912010072,false,ספגטי לינגוויני 500ג ליגורי,,,פסטה לינגוויני מספר,,500.00,100 גרם,false,,8.90,0.0178,true,1,444675
8015997000911,false,מאריני- בישקוטים 200 ג',Biscottificio Verona,,בישקוטים פריכים 200,,200.00,100 גרם,false,,7.90,0.0395,true,1,454371
8017938005122,false,חומץ תפוחים אורגני 7,מריה לוצ'יה מלצ'יורי,IT,חומץ תפוחים אורגני 7,,750.00,"100 מ""ל",false,,20.80,0.0277,true,1,271249
8023788030610,false,שוקולד חלב 300 גרם,,,שוקולד חלב 300 גרם,,300.00,100 גרם,false,,19.90,0.0663,true,1,462548
8023788030627,false,שוקולד מריר מעולה 3,,,שוקולד מריר מעולה 3,,300.00,100 גרם,false,,18.90,0.0630,true,1,462532
8023788030672,false,עוגיות מלוחות בתוספת,,,עוגיות מלוחות בתוספת,,400.00,100 גרם,false,,14.90,0.0373,true,1,491629
8023788030689,false,עוגיות מלוחות בטעם ע,,,עוגיות מלוחות בטעם ע,,400.00,100 גרם,false,,14.90,0.0373,true,1,492063
8024985002943,false,סמוזי נטורה נובה תפו,נטורה נובה,IT,נטורה נובה - סמוזי ת,,100.00,100 גרם,false,,6.50,0.0650,true,1,271574
8024985002967,false,סמוזי נטורה בננה תרד,נטורה נובה,IT,נטורה נובה - סמוזי ב,,100.00,100 גרם,false,,6.50,0.0650,true,1,420907
8024985005234,false,סמוזי תפוח אפרסק מנג,נטורה נובה,IT,נטורה נובה - סמוזי ת,,100.00,100 גרם,false,,6.50,0.0650,true,1,271595
8024985008037,false,סמוזי נטורה נובה תפו,"נטורפוד בע""מ",IT,נטורה נובה - סמוזי ת,,100.00,100 גרם,false,,6.50,0.0650,true,1,271576
8024985008044,false,סמוזי נטורה נובה אגס,"נטורפוד בע""מ",IT,נטורה נובה - סמוזי א,,100.00,100 גרם,false,,6.50,0.0650,true,1,271577
8076800105056,false,פסטה ספגטי בקופסה בר,ברילה Barilla,,פסטה ספגטי בקופסה בר,קילוגרמים,1.00,"ק""ג",false,,14.90,14.9000,true,1,461606
8076800105735,false,פנה ריגטה בקופסה ברי,,,פנה ריגטה בקופסה ברי,קילוגרמים,1.00,"ק""ג",false,,14.90,14.9000,true,1,461622
8076800105988,false,פוזלי בקופסה ברילה 1,ברילה Barilla,,פוזלי בקופסה ברילה 1,קילוגרמים,1.00,"ק""ג",false,,14.90,14.9000,true,1,461638
8076800195033,false,ברילה - צ.א ספגטיני מס3 חדש 500 גרם,ברילה גי.אי.אר פרטלי,IT,ספגטי מס' 3 ברילה 50,,500.00,100 גרם,false,,8.90,0.0178,true,1,68942
8076800195057,false,ברילה - צ.א ספגטי מס5 חדש 500 גרם,ברילה גי.אי.אר פרטלי,IT,ספגטיני מס' 5 ברילה,,500.00,100 גרם,false,,8.90,0.0178,true,1,25083
8076802085738,false,ברילה - צ.ק פנה רגטה חדש 500 גרם,ברילה גי.אי.אר פרטלי,IT,פנה רגטה מס' 73 בריל,,500.00,100 גרם,false,,8.90,0.0178,true,1,25087
8076802085981,false,ברילה - צ.ק פוזילי חדש 500 גרם,ברילה גי.אי.אר פרטלי,IT,פסטה פוזילי 98 ברילה,,500.00,100 גרם,false,,8.90,0.0178,true,1,25090
8076808050440,false,ברילה פסטה מקרוני מס 44 500 גר,ברילה Barilla,IT,פסטה מקרוני מס' 44 ב,,500.00,100 גרם,false,,8.90,0.0178,true,1,120465
8076808060654,false,ברילה - צ.ק פרפלה חדש 500 גרם,ברילה גי.אי.אר פרטלי,IT,פסטה פרפלה 65 ברילה,,500.00,100 גרם,false,,8.90,0.0178,true,1,25092
8076808150072,false,ברילה - צ.א ספגטוני מס7 חדש 500 גרם,ברילה גי.אי.אר פרטלי,IT,ספגטי מס' 7 ברילה 50,,500.00,100 גרם,false,,8.90,0.0178,true,1,25094
8076809513395,false,רוטב פסטה ברילה פורמודרו 400ג',ברילה גי.אי.אר פרטלי,IT,ברילה רוטב פורמודרו,,400.00,100 גרם,false,,16.90,0.0422,true,1,25098
8076809514774,false,ברילה איטריות ביצים פפרדלה 250ג',ברילה גי.אי.אר פרטלי,IT,ברילה פפרדלה ביצים 2,,250.00,100 גרם,false,,18.90,0.0756,true,1,120467
8076809545457,false,פסטה צינורות ללא גלוטין ברילה 400ג',ברילה ג'.אי.אר פרטלי,IT,ברילה צינורות עבה קמ,,400.00,100 גרם,false,,15.90,0.0398,true,1,68957
8410655000423,false,רביעיית בירה סאן מיג,,,סאן מיגל בקבוק 4*330,ליטרים,1.32,ליטר,false,,23.90,18.1061,true,1,117935
8410655001147,false,בירה סאן מיגל פחית 5,SAN MIGUEL,,סן מיגל בירה 4.5% כה,,500.00,"100 מ""ל",false,,9.90,0.0198,true,1,484180
8420822130600,false,"ספריי סופר מסיר שומנים 750מ""ל יעקבי",יעקבי,,ספריי סופר מסיר שומנ,,750.00,"100 מ""ל",false,,18.90,0.0252,true,1,386664
8436575292205,false,ארטיק חמשושים מאגדת 15*12 גר',שוורצקוף& הנקל דיסלד,IL,מאגדת חמשושים אננס מ,,180.00,100 גרם,false,,22.90,0.1272,true,1,141675
8606018615841,false,גלידת וניל עם ליבת שוקולד חלב 480 ג' מילקה,נסטלה,IL,פיינט מילקה וניל ליב,,300.00,"100 מ""ל",false,,13.90,0.0463,true,1,505590
8683323063024,false,ממתק בטעם תותי פרוטי בצורת שטיח,מוטקה החולב,TR,יוגטה חיספוסים שטיחי,,220.00,100 גרם,false,,7.90,0.0359,true,1,121808
8690526009353,false,אי טי אי - מיני חטיף בוטנים נוגט קרמל מצופה שוקולד חלב 140 גרם,,,מיני חטיף בוטנים נוג,,140.00,100 גרם,false,,10.90,0.0779,true,1,270516
8690526019147,false,אי טי אי - וופל במילוי קרם אגוזי לוז 142 גרם,ETi,,וופל קקאו במילוי קרם,יחידה,0.00,יחידה,false,,8.90,0.0000,true,1,233910
8690637704376,false,שמפו יום יומי לשיער רגיל,יוניליוור טורקיה. אז,TR,שמפו יום יומי דאב 60,,600.00,"100 מ""ל",false,,19.90,0.0332,true,1,13074
8690637946301,false,"בדין - מרכך כביסה אקסטרא בייביי כחול 960 מ""ל",יוניליוור סנאיי וי ט,TR,בדין אקסטרה בייבי כ,,960.00,"100 מ""ל",false,,17.90,0.0186,true,1,218055
8690766156381,false,שוקולד גודייבה מריר מעולה 90% קקאו 90 גר,"אולקר מקבוצת פלאדיס,",TR,גודייבה ש.מריר מעולה,,90.00,100 גרם,false,,16.90,0.1878,true,1,234520
8690777206051,false,חצילים קלויים על האש סארה 650 גר',קוראהן פזלרמה וי דיס,TR,חציל קלוי על האש סרה,,650.00,100 גרם,false,,14.90,0.0229,true,1,5082
8690784516662,false,טואלט דאק ג'ל לניקוי,אס.סי.גונסון,NL,דאק נוזל ג'ל לניקוי,,750.00,"100 מ""ל",false,,12.90,0.0172,true,1,127279
8690946270074,false,פסטה ספגטי 500 גרם B,,,פסטה ספגטי 500 גרם B,,500.00,100 גרם,false,,4.90,0.0098,true,1,493038
8690946270111,false,פסטה פוזלי 500 גרם B,,,פסטה פוזלי 500 גרם B,,500.00,100 גרם,false,,4.90,0.0098,true,1,493039
8690946270241,false,פסטה קונכיות גדולות,,,פסטה קונכיות גדולות,,500.00,100 גרם,false,,4.90,0.0098,true,1,493040
8691058141238,false,ערמונים שלמים קלויים וקלופים 100 ג' Avel,,,AVEL ערמונים שלמים ק,,100.00,100 גרם,false,,4.90,0.0490,true,1,135676
8697530910743,false,סיגריות פאל מאל כחול קצר מטאליק,Unknown,,פאל מאל בלו,יחידה,0.00,יחידה,false,,31.00,0.0000,false,1,6014
8710502064814,false,עוגיות שוקולד ציפס במרקם רך 175 ג',בנקטבקריי מרבה בי.וי,NL,מרבה עוגיות שוקוציפס,,175.00,100 גרם,false,,11.90,0.0680,true,1,25158
8710502470028,false,עוגיות שוקולד צ'יפס ממולאות בקרם נוגט,קריניציה ויטמינה אס,NL,מרבה עוגיות נוגטלי 1,,160.00,100 גרם,false,,11.90,0.0744,true,1,25169
8710800027573,false,סוכריות מיני מנטוס פירות שקית 178ג',מנטוס Mentos,NL,מיני מנטוס שקית,,178.00,100 גרם,false,,17.80,0.1000,true,1,15483
8710800961310,false,סוכריות מנטוס תות מארז 37.5X4ג',פרפטי ואן מלה ברדה,NL,מנטוס 1/4 תות,,150.00,100 גרם,false,,11.90,0.0793,true,1,15485
8711000371183,false,קפסולות קפה אספרסו אינטנסו 10*52 ג' ג'ייקובס,קריניציה ויטמינה אס,FR,ג'ייקובס קפסולות קפה,,52.00,100 גרם,false,,17.90,0.3442,true,1,139981
8711327475663,false,פיינט וניל שוקולד לבן 260 ג' מגנום,"מפעל גלידות בווספרם,",HU,גלידת שמנת בטעם וניל,,260.00,100 גרם,false,,23.90,0.0919,true,1,311645
8712000051099,false,"בירה הייניקן 0% אלכהול 330 מ""ל*6 יח'",פארייפאבה אגרואינדוס,NL,הייניקן בירה 0% בק',ליטרים,1.98,ליטר,false,,35.60,17.9798,true,1,143622
8712561594608,false,"דאב תחליב רחיצה להזנה עמוקה 750 מ""ל","יוניליוור גרמניה, Gm",DE,תחליב רחצה להזנה עמו,,750.00,"100 מ""ל",false,,21.90,0.0292,true,1,13125
8714599513781,false,קפה נמס גולד מיובש בהקפאה 200 ג' ג'ייקובס,אל.אל. סי ג''יקובס ד,RU,קפה ג'יקובס גולד 200,,200.00,100 גרם,false,,30.90,0.1545,true,1,7186
8714599513835,false,קפה ג'יקובס נטול קופאין מיובש בהקפאה 200 ג',ג'ייקובס Jacobs,,קפה ג`יקובס נטול קופ,,200.00,100 גרם,false,,40.90,0.2045,true,1,7187
8714599513866,false,"ג'ייקובס קרוננג מיובש בהקפאה כשל""פ 200 ג'",אל.אל.סי גייקובס דאו,UA,קפה ג'יקובס קרונונג,,200.00,100 גרם,false,,30.90,0.1545,true,1,7188
8714789303925,false,מברשת שיניים 360 Sensitive אקסטרא סופט - מארז זוג,קולגייט- פלמוליב,CH,זוג מברשת שיניים 360,יחידה,0.00,יחידה,false,,30.90,0.0000,true,1,25179
8714789450315,false,נוזל כלים בניחוח פריחת הלימון,הנסיך- מפעל לייצור ט,GR,פלמוליב שקוף לימון 1,ליטרים,1.50,ליטר,false,,16.90,11.2667,true,1,25184
8714789582764,false,אג'קס ספריי לניקוי חלונות ומשטחים,"ש. שסטוביץ בע""מ",GR,אגקס חלונות 750מל,,750.00,"100 מ""ל",false,,15.90,0.0212,true,1,25192
8715700110141,false,מיונז קרמי היינץ צנצנת 460ג',ה.י.היינץ הולדינג בי,NL,מיונז היינץ אמיתי צנ,,460.00,100 גרם,false,,12.90,0.0280,true,1,102579
8715700110158,false,מיונז לייט היינץ צנצנת 490 גר',ה.י.היינץ הולדינג בי,NL,מיונז היינץ לייט צנצ,,490.00,100 גרם,false,,12.90,0.0263,true,1,102580
8715700419732,false,מתבל עגבניות היינץ 7,ה.י. היינץ,NL,היינץ קטשופ 700 גרם,,700.00,100 גרם,false,,14.90,0.0213,true,1,7294
8715700423906,false,קטשופ מתובל עגבניות 50% פחות סוכר 555ג' היינץ,היינץ צפון אמריקה מק,NL,מתבל עגבניות היינץ 2,,555.00,100 גרם,false,,11.90,0.0214,true,1,116700
8717163647240,false,"אקס דאודורנט ספריי גוף לגבר שוקולד 150 מ""ל",ארנסט. רחוב קומבינצק,TR,ספריי גוף שוקולד אקס,,150.00,"100 מ""ל",false,,17.90,0.1193,true,1,140550
8718951030169,false,משחת שיניים Sensifoam לשיניים רגישות ולהלבנה,קולגייט Colgate,,משחת קולגייט סנסטיב,,75.00,"100 מ""ל",false,,19.90,0.2653,true,1,226302
8718951144064,false,מרידול מברשת שיניים פרודונט אקספרט זוג,מרידול Meridol,,זוג מברשות שיניים פר,יחידה,0.00,יחידה,false,,37.90,0.0000,true,1,25230
8718951175600,false,"משחת שיניים קלין מינט 75 מ""ל קולגייט טוטאל",Unknown,,קולגייט משחת שיניים,,75.00,"100 מ""ל",false,,14.90,0.1987,true,1,270969
8718951315303,false,משחת שיניים קולגייט הגנה מקסימלית - מארז זוג,קולגייט-פלמוליב,PL,משחת שיניים קולגייט,,200.00,"100 מ""ל",false,,20.90,0.1045,true,1,246982
8718951334090,false,"מרכך כביסה מרוכז כחול 650 מ""ל סופלין",סופלין Soupline,GR,סופלין מרכך כביסה מר,,650.00,"100 מ""ל",false,,12.90,0.0198,true,1,226178
8718951461413,false,"קולגייט טוטאל קלין מינט ביטיוב 100 מ""ל*2 כשל""פ",קולגייט פלמוליב,PL,משחת שיניים קולגייט,,200.00,"100 מ""ל",false,,29.90,0.1495,true,1,412555
8718951498754,false,שישיית מברשות שיניים סופר פלקסי קולגייט,קולגייט פלמוליב,VN,מברשת שיניים פלקסי פ,יחידה,0.00,יחידה,false,,18.90,0.0000,true,1,450851
8719200998001,false,מרגרינה לאפיה ובישול בלי מלח 200 ג' בלו בנד,מיוצר עי קונדיטוריית,IL,בלו בנד ללא מלח 200,,200.00,100 גרם,false,,4.90,0.0245,true,1,198550
8719200998018,false,מחמאה מרגרינה בטעם חמאה 200 ג' בלו בנד,פארייפאבה אגרואינדוס,IL,מחמאה מרגרינה בטעם ח,,200.00,100 גרם,false,,5.50,0.0275,true,1,198551
8719200998049,false,מרגרינה מזולה בטעם טבעי,פארייפאבה אגרואינדוס,IL,מזולה בטעם טבעי 250,,250.00,100 גרם,false,,9.90,0.0396,true,1,198574
8719200998094,false,מרגרינה מזולה בטעם טבעי ללא תוספת מלח,"מיוצר ע""י יוניליוור",IL,מזולה מרגרינה לאפייה,,200.00,100 גרם,false,,6.90,0.0345,true,1,198558
8720181114472,false,"אקס - דאודורנט ספריי לגבר אפולו 150 מ""ל",,,דאורדורנט ספריי אקס,,150.00,"100 מ""ל",false,,12.90,0.0860,true,1,371288
8723400756552,false,מארז סוכריות מנטוס Mentos ריינבואו,פרפטי ואן מלה ברדה,NL,RAINBOW רביעית סוכרי,,150.00,100 גרם,false,,11.90,0.0793,true,1,15487
8801055707966,false,קפה טייסטר צו'יס נס קפה בריסטה 180ג',נסטלה קוריאה - קפה,IL,נס קפה טייסטרס צ'ויס,,180.00,100 גרם,false,,33.90,0.1883,true,1,23213
8801055709434,false,קפה נמס טייסטר צ'ויס קולומביה 100 גר',לוטה נסטלה קוריאה,KR,נסקפה טייסטרס צ'ויס,,100.00,100 גרם,false,,25.90,0.2590,true,1,367399
8801055709458,false,אבקה להכנת משקה קפה בטעם קפוצ'ינו קרמל,נסטלה קוריאה - קפה,,נסקפה קפוצ'ינו קרמל,,170.00,100 גרם,false,,20.50,0.1206,true,1,446302
8801055709472,false,נסטלה - נסקפה קפוצ'ינו קלאסי 12.50 גרם * 10,נסטלה קוריאה - קפה,DE,נסקפה קפוצ'ינו קלאסי,,185.00,100 גרם,false,,20.50,0.1108,true,1,410599
8850180040028,false,קמח טמפורה להכנת בלי,קרנחם אוטאי פחרה,TH,קמח טמפורה להכנת בלי,,500.00,100 גרם,false,,11.90,0.0238,true,1,16582
8850367992164,false,קרם קוקוס ללא גלוטן,טאפ פאד ונגפורן,CN,קרם קוקוס ללא גלוטן,,250.00,100 גרם,false,,8.90,0.0356,true,1,16585
8850389103128,false,"סאפה אלוורה תפוח 300מ""ל",סאפה פובליק קומפני ל,TH,סאפה משקה אלוורה תפו,,300.00,"100 מ""ל",false,,7.90,0.0263,true,1,44498
8850389105825,false,סאפה אלוורה ענבים 1ליטר,סאפה פובליק קומפני ל,TH,סאפה משקה אלוורה ענב,ליטרים,1.00,ליטר,false,,14.50,14.5000,true,1,11685
8850389105832,false,משקה אלוורה בטעם תפוחים,סאפה פובליק קומפני ל,TH,סאפה משקה אלוורה תפו,ליטרים,1.00,ליטר,false,,14.50,14.5000,true,1,11686
8888021200256,false,סוללות אנרגייזר שמינ,יצרן: אנרג'ייזר סינג,SG,AAאנרג'ייזר סוללות מ,יחידה,0.00,יחידה,false,,29.90,0.0000,true,1,8054
8888021200720,false,סוללת אנרגייזר שמיני,יצרן: אנרג'ייזר סינג,SG,AAAאנרג'ייזר סוללות,יחידה,0.00,יחידה,false,,29.90,0.0000,true,1,8055
8901537024014,false,"אורז בסמטי מובחר 1 ק""ג - דוואט) יורה דיעה",הנסיך- מפעל לייצור ט,IN,וילי פוד אורז בסמטי,,1000.00,100 גרם,false,,14.90,0.0149,true,1,5091
9000101372878,false,קפסולות דיסקס לניקוי כביסה לבנה וצבעונית Deep Clean,פרסיל Persil,HU,פרסיל דיסקס לכביסה ל,,22.00,יח',false,,36.90,1.6773,true,1,322114
9000101511635,false,קפסולות ג'ל לכביסה פרסיל דיסקס לעור רגיש,פרסיל Persil,HU,פרסיל דיסקס סנסיטיב,,22.00,יח',false,,36.90,1.6773,true,1,440484
9000101521436,false,סבון אסלה בניחוח מתחלף לוטוס במבוק 50 ג' ברף,,,כדוריות לאסלה Bref,,50.00,100 גרם,false,,10.90,0.2180,true,1,352056
9002859036644,false,גונץ שוקולד עם ק. טר,,,גונץ שוקולד עם ק. טר,,100.00,100 גרם,false,,10.90,0.1090,true,1,457830
9002859053801,false,שוקולד סטיקס מריר מנ,,,שוקולד סטיקס מריר מנ,,75.00,100 גרם,false,,12.90,0.1720,true,1,458148
9002859053849,false,שוקולד סטיקס מריר תפ,,,שוקולד סטיקס מריר תפ,,75.00,100 גרם,false,,12.90,0.1720,true,1,458150
9002859058172,false,גונץ-בננה ציפוי שוקולד מריר 300ג',GUNZ WARENHANDELS,AT,בננה ציפוי שוקולד מר,,300.00,100 גרם,false,,15.90,0.0530,true,1,22186
9002859105630,false,גונץ מרציפן מצופה שוק חלב ונוגט 75גר,,,מרציפן מצופה שוקולד,,75.00,100 גרם,false,,11.90,0.1587,true,1,458087
9044400851672,false,סוכריות פז סוגים שונים + 3 מילויים,פז פרודוקשיין,HU,פז דמויות מתחלפות 25,,25.50,100 גרם,false,,11.90,0.4667,true,1,446847
9120025834723,false,חטיף אוראו מצונן 120 גרם רבנות,בובארד איטליה אס.פי.,IT,חטיף אוראו מצונן 120,,120.00,100 גרם,false,,15.90,0.1325,true,1,464730
9310072028750,false,טים טם Tim Tam וופל שוקולד ציפוי כפול,"ארנוטס ביסקוויטס בע""",AU,טים טם קרם דאבל 200,,200.00,100 גרם,false,,21.70,0.1085,true,1,67760
9322969000015,false,פריכיות תירס בטעם אורגינל ריל פודס 150 ג',אף.סי תבליני בגליל ב,AU,פריכיות תירס בטעם או,,150.00,100 גרם,false,,14.00,0.0933,true,1,66921
