code,internal_code,name,manufacturer_name,manufacture_country,manufacturer_item_description,unit_qty,quantity,unit_of_measure,weighted,qty_in_package,price,unit_of_measure_price,allow_discount,status,item_id
23458,true,ליקר סטוק שרי ברנדי,,,ליקר סטוק שרי ברנדי,מיליליטרים,0.00,"100 מ""ל",false,,49.90,0.0000,true,1,4869
56968,true,שמנת להקצפה 38% השף,,,שמנת להקצפה 38% השף,מיליליטרים,0.00,"100 מ""ל",false,,11.70,0.0000,true,1,34449
72791,true,נסקפה גולד בלנד ארגו,,,נסקפה גולד בלנד ארגו,,0.00,,false,,42.90,0.0000,true,1,9370
72814,true,נסקפה גולד אספרסו אר,,,נסקפה גולד אספרסו אר,,0.00,,false,,42.90,0.0000,true,1,9369
116099,true,"מרק בצל קנור 1 ק""ג",,,"מרק בצל קנור 1 ק""ג",פריט,0.00,"ק""ג",false,,39.90,0.0000,true,1,50452
123158,true,מרגרינה בטעם חמאה מז,,,מרגרינה בטעם חמאה מז,גרמים,0.00,100 גרם,false,,9.90,0.0000,true,1,263
160771,true,"כריות וניל בד""צ 750",,,"כריות וניל בד""צ 750",גרמים,0.00,100 גרם,false,,23.90,0.0000,true,1,6437
162386,true,רוטב שום הלמנס 300 ג,,,רוטב שום הלמנס 300 ג,מיליליטרים,0.00,"100 מ""ל",false,,9.90,0.0000,true,1,6449
166421,true,מרגרינה בטעם חמאה מז,,,מרגרינה בטעם חמאה מז,גרמים,0.00,100 גרם,false,,6.50,0.0000,true,1,7879
199313,true,תחבושות קוטקס יאנג 2,,,תחבושות קוטקס יאנג 2,Unknown,0.00,יחידה,false,,18.90,0.0000,true,1,13986
287621,true,אנטי קאלק לאסלה 750,,,אנטי קאלק לאסלה 750,מיליליטרים,0.00,"100 מ""ל",false,,9.90,0.0000,true,1,883
288659,true,סנו די רול און גונגל,,,סנו די רול און גונגל,מיליליטרים,0.00,"100 מ""ל",false,,0.00,0.0000,true,1,37380
313160,true,עוגיות זהבה שוקולד 2,,,עוגיות זהבה שוקולד 2,גרמים,0.00,100 גרם,false,,6.90,0.0000,true,1,39424
591742,true,קמח מצה כרמל 500 גרם,,,קמח מצה כרמל 500 גרם,גרמים,0.00,100 גרם,false,,5.90,0.0000,true,1,50710
904238,true,פלסטיק לעוגות,,,פלסטיק לעוגות,Unknown,0.00,יחידה,false,,1.00,0.0000,true,1,7028
909592,true,מגוון אריסה תוניסאית,,,מגוון אריסה תוניסאית,גרמים,0.00,100 גרם,false,,5.90,0.0000,true,1,23149
909608,true,מגוון סלטי אסלי 500,,,מגוון סלטי אסלי 500,גרמים,0.00,100 גרם,false,,8.90,0.0000,true,1,23150
912578,true,מגוון עוגיות 500 גרם,,,מגוון עוגיות 500 גרם,גרמים,0.00,100 גרם,false,,25.90,0.0000,true,1,23899
912585,true,מגוון עוגיות 100 גרם,,,מגוון עוגיות 100 גרם,גרמים,0.00,100 גרם,false,,11.90,0.0000,true,1,23900
912592,true,מגוון עוגיות לנדאוס,,,מגוון עוגיות לנדאוס,גרמים,0.00,100 גרם,false,,12.90,0.0000,true,1,23901
912608,true,מגוון מיני קרקר 1.2,,,מגוון מיני קרקר 1.2,פריט,0.00,"ק""ג",false,,19.90,0.0000,true,1,23902
912776,true,מגוון מארז עשיריית ק,,,מגוון מארז עשיריית ק,פריט,0.00,"ק""ג",false,,19.90,0.0000,true,1,23919
912837,true,מגוון עוגיות ממולאות,,,מגוון עוגיות ממולאות,פריט,0.00,"ק""ג",false,,19.90,0.0000,true,1,23925
912844,true,מגוון קרם עוגית 900,,,מגוון קרם עוגית 900,גרמים,0.00,100 גרם,false,,19.90,0.0000,true,1,23926
913001,true,מגוון מי פה ליסטרין,,,מגוון מי פה ליסטרין,מיליליטרים,0.00,"100 מ""ל",false,,19.90,0.0000,true,1,23944
913346,true,מגוון עוגות פס לנדאו,,,מגוון עוגות פס לנדאו,גרמים,0.00,100 גרם,false,,18.90,0.0000,true,1,23978
913353,true,מגוון תערובות לעוגות,,,מגוון תערובות לעוגות,גרמים,0.00,100 גרם,false,,11.90,0.0000,true,1,23979
913377,true,מגוון פסטות לנדאוס 2,,,מגוון פסטות לנדאוס 2,גרמים,0.00,100 גרם,false,,8.90,0.0000,true,1,23980
913384,true,מגוון קוסקוס לנדאוס,,,מגוון קוסקוס לנדאוס,גרמים,0.00,100 גרם,false,,9.90,0.0000,true,1,23981
913735,true,מגוון עוגיות קרם עוג,,,מגוון עוגיות קרם עוג,Unknown,0.00,יחידה,false,,9.90,0.0000,true,1,24047
913810,true,מגוון עוגיות עגולות,,,מגוון עוגיות עגולות,פריט,0.00,"ק""ג",false,,19.90,0.0000,true,1,24055
913896,true,מגוון מארז גליליות 1,,,מגוון מארז גליליות 1,גרמים,0.00,100 גרם,false,,19.90,0.0000,true,1,24063
913933,true,"מגוון פתיבר 2 ק""ג כי",,,"מגוון פתיבר 2 ק""ג כי",פריט,0.00,"ק""ג",false,,19.90,0.0000,true,1,24067
914022,true,מגוון גלילי וופל מומ,,,מגוון גלילי וופל מומ,גרמים,0.00,100 גרם,false,,19.90,0.0000,true,1,24076
914114,true,מגוון קרם עוגית 150,,,מגוון קרם עוגית 150,גרמים,0.00,100 גרם,false,,4.90,0.0000,true,1,24085
914145,true,מגוון עוגיות רוליקס,,,מגוון עוגיות רוליקס,גרמים,0.00,100 גרם,false,,3.90,0.0000,true,1,24087
914213,true,מגוון אטריות לנדאוס,,,מגוון אטריות לנדאוס,גרמים,0.00,100 גרם,false,,8.90,0.0000,true,1,24094
915517,true,מגוון עוגיות סנדוויץ,,,מגוון עוגיות סנדוויץ,גרמים,0.00,100 גרם,false,,19.90,0.0000,true,1,24244
915746,true,מגוון פירורי לחם 1.1,,,מגוון פירורי לחם 1.1,פריט,0.00,"ק""ג",false,,9.90,0.0000,true,1,24265
915753,true,מגוון וורמוט 1 ליטר,,,מגוון וורמוט 1 ליטר,קילוגרמים,0.00,ליטר,false,,49.90,0.0000,true,1,24266
916668,true,תחתון בוקסר,,,תחתון בוקסר,Unknown,0.00,יחידה,false,,9.90,0.0000,true,1,31938
917856,true,מגוון שקיות אשפה גדו,,,מגוון שקיות אשפה גדו,Unknown,0.00,יחידה,false,,99.90,0.0000,true,1,42891
918044,true,מגוון מקרל מקולף בשמ,,,מגוון מקרל מקולף בשמ,גרמים,0.00,100 גרם,false,,24.90,0.0000,true,1,42904
918181,true,מגוון נוזל כלים פייר,,,מגוון נוזל כלים פייר,קילוגרמים,0.00,ליטר,false,,9.90,0.0000,true,1,42898
918242,true,מגוון פילה מטיאס 300,,,מגוון פילה מטיאס 300,גרמים,0.00,100 גרם,false,,16.90,0.0000,true,1,42903
919164,true,מגוון דאו ספריי דאב,,,מגוון דאו ספריי דאב,מיליליטרים,0.00,"100 מ""ל",false,,19.90,0.0000,true,1,42982
1041123,true,שקד מולבן פרוס 100 ג,,,שקד מולבן פרוס 100 ג,גרמים,0.00,100 גרם,false,,10.90,0.0000,true,1,150
1041222,true,חומוס לבן ענק מיה 1,,,חומוס לבן ענק מיה 1,פריט,0.00,"ק""ג",false,,17.90,0.0000,true,1,50302
1041284,true,לקקנים בטעם תות 20 י,,,לקקנים בטעם תות 20 י,גרמים,0.00,100 גרם,false,,8.90,0.0000,true,1,152
1041949,true,אגוז מלך 200 גרם,,,אגוז מלך 200 גרם,,0.00,,false,,19.90,0.0000,true,1,162
1041956,true,שקד טבעי 200 גרם,,,שקד טבעי 200 גרם,,0.00,,false,,19.90,0.0000,true,1,163
1041963,true,אגוז פקאן מקולף 200,,,אגוז פקאן מקולף 200,,0.00,,false,,24.90,0.0000,true,1,164
1200841,true,פילה נסיכת הנילוס ג,,,פילה נסיכת הנילוס ג,קילוגרמים,1.00,"ק""ג",true,,29.90,29.9000,true,1,46965
1209264,true,בקר טחון 100% עטרה 5,,,בקר טחון 100% עטרה 5,גרמים,0.00,100 גרם,false,,24.90,0.0000,true,1,242
1341766,true,סוודר יוקרה,,,סוודר יוקרה,Unknown,0.00,יחידה,false,,49.90,0.0000,true,1,25142
1341940,true,סוודר יוקרה,,,סוודר יוקרה,Unknown,0.00,יחידה,false,,49.90,0.0000,true,1,25150
1341957,true,סוודר יוקרה,,,סוודר יוקרה,Unknown,0.00,יחידה,false,,49.90,0.0000,true,1,25151
1341971,true,סוודר יוקרה,,,סוודר יוקרה,Unknown,0.00,יחידה,false,,49.90,0.0000,true,1,25152
1342015,true,סוודר יוקרה,,,סוודר יוקרה,Unknown,0.00,יחידה,false,,49.90,0.0000,true,1,25153
1405024,true,סוודר וי סטייל3,,,סוודר וי סטייל3,Unknown,0.00,יחידה,false,,49.90,0.0000,true,1,25156
1405031,true,סוודר וי סטייל3,,,סוודר וי סטייל3,Unknown,0.00,יחידה,false,,49.90,0.0000,true,1,25157
1405055,true,סוודר וי סטייל3,,,סוודר וי סטייל3,Unknown,0.00,יחידה,false,,49.90,0.0000,true,1,25159
1405079,true,סוודר וי סטייל3,,,סוודר וי סטייל3,Unknown,0.00,יחידה,false,,49.90,0.0000,true,1,25160
1405123,true,סוודר וי סטייל3,,,סוודר וי סטייל3,Unknown,0.00,יחידה,false,,49.90,0.0000,true,1,25162
1405376,true,סוודר רוכסן אפור,,,סוודר רוכסן אפור,Unknown,0.00,יחידה,false,,49.90,0.0000,true,1,25171
1405550,true,סוודר כפתור שחור,,,סוודר כפתור שחור,Unknown,0.00,יחידה,false,,49.90,0.0000,true,1,25179
1405659,true,סוודר כפתור שחור,,,סוודר כפתור שחור,Unknown,0.00,יחידה,false,,49.90,0.0000,true,1,25184
1405666,true,סוודר כפתור שחור,,,סוודר כפתור שחור,Unknown,0.00,יחידה,false,,49.90,0.0000,true,1,25185
1405734,true,סוודר כפתור אפור,,,סוודר כפתור אפור,Unknown,0.00,יחידה,false,,49.90,0.0000,true,1,25186
1405758,true,סוודר כפתור אפור,,,סוודר כפתור אפור,Unknown,0.00,יחידה,false,,49.90,0.0000,true,1,25188
1405772,true,סוודר כפתור אפור,,,סוודר כפתור אפור,Unknown,0.00,יחידה,false,,49.90,0.0000,true,1,25190
1405833,true,סוודר כפתור אפור,,,סוודר כפתור אפור,Unknown,0.00,יחידה,false,,49.90,0.0000,true,1,25192
1405840,true,סוודר כפתור אפור,,,סוודר כפתור אפור,Unknown,0.00,יחידה,false,,49.90,0.0000,true,1,25193
1405918,true,אפודה שחור,,,אפודה שחור,Unknown,0.00,יחידה,false,,49.90,0.0000,true,1,25194
1405925,true,אפודה שחור,,,אפודה שחור,Unknown,0.00,יחידה,false,,49.90,0.0000,true,1,25195
1405949,true,אפודה שחור,,,אפודה שחור,Unknown,0.00,יחידה,false,,49.90,0.0000,true,1,25197
1405956,true,אפודה שחור,,,אפודה שחור,Unknown,0.00,יחידה,false,,49.90,0.0000,true,1,25198
1405970,true,אפודה שחור,,,אפודה שחור,Unknown,0.00,יחידה,false,,49.90,0.0000,true,1,25199
1406014,true,אפודה שחור,,,אפודה שחור,Unknown,0.00,יחידה,false,,49.90,0.0000,true,1,25200
1406021,true,אפודה שחור,,,אפודה שחור,Unknown,0.00,יחידה,false,,49.90,0.0000,true,1,25201
1406090,true,אפודה כפתור שחור,,,אפודה כפתור שחור,Unknown,0.00,יחידה,false,,49.90,0.0000,true,1,25202
1406113,true,אפודה כפתור שחור,,,אפודה כפתור שחור,Unknown,0.00,יחידה,false,,49.90,0.0000,true,1,25204
1406199,true,אפודה כפתור שחור,,,אפודה כפתור שחור,Unknown,0.00,יחידה,false,,49.90,0.0000,true,1,25208
1406205,true,אפודה כפתור שחור,,,אפודה כפתור שחור,Unknown,0.00,יחידה,false,,49.90,0.0000,true,1,25209
1406274,true,אפודה רוכסן שחור,,,אפודה רוכסן שחור,Unknown,0.00,יחידה,false,,49.90,0.0000,true,1,25210
1406281,true,אפודה רוכסן שחור,,,אפודה רוכסן שחור,Unknown,0.00,יחידה,false,,49.90,0.0000,true,1,25211
1406298,true,אפודה רוכסן שחור,,,אפודה רוכסן שחור,Unknown,0.00,יחידה,false,,49.90,0.0000,true,1,25212
1406304,true,אפודה רוכסן שחור,,,אפודה רוכסן שחור,Unknown,0.00,יחידה,false,,49.90,0.0000,true,1,25213
1406311,true,אפודה רוכסן שחור,,,אפודה רוכסן שחור,Unknown,0.00,יחידה,false,,49.90,0.0000,true,1,25214
1406335,true,אפודה רוכסן שחור,,,אפודה רוכסן שחור,Unknown,0.00,יחידה,false,,49.90,0.0000,true,1,25215
1406373,true,אפודה רוכסן שחור,,,אפודה רוכסן שחור,Unknown,0.00,יחידה,false,,49.90,0.0000,true,1,25216
1406380,true,אפודה רוכסן שחור,,,אפודה רוכסן שחור,Unknown,0.00,יחידה,false,,49.90,0.0000,true,1,25217
1406458,true,אפודה רוכסן אפור,,,אפודה רוכסן אפור,Unknown,0.00,יחידה,false,,49.90,0.0000,true,1,25218
1406465,true,אפודה רוכסן אפור,,,אפודה רוכסן אפור,Unknown,0.00,יחידה,false,,49.90,0.0000,true,1,25219
1406472,true,אפודה רוכסן אפור,,,אפודה רוכסן אפור,Unknown,0.00,יחידה,false,,49.90,0.0000,true,1,25220
1406489,true,אפודה רוכסן אפור,,,אפודה רוכסן אפור,Unknown,0.00,יחידה,false,,49.90,0.0000,true,1,25221
1406496,true,אפודה רוכסן אפור,,,אפודה רוכסן אפור,Unknown,0.00,יחידה,false,,49.90,0.0000,true,1,25222
1406519,true,אפודה רוכסן אפור,,,אפודה רוכסן אפור,Unknown,0.00,יחידה,false,,49.90,0.0000,true,1,25223
1406557,true,אפודה רוכסן אפור,,,אפודה רוכסן אפור,Unknown,0.00,יחידה,false,,49.90,0.0000,true,1,25224
1406564,true,אפודה רוכסן אפור,,,אפודה רוכסן אפור,Unknown,0.00,יחידה,false,,49.90,0.0000,true,1,25225
1406632,true,אפודה כפתור אפור,,,אפודה כפתור אפור,Unknown,0.00,יחידה,false,,49.90,0.0000,true,1,25226
1406656,true,אפודה כפתור אפור,,,אפודה כפתור אפור,Unknown,0.00,יחידה,false,,49.90,0.0000,true,1,25228
1406663,true,אפודה כפתור אפור,,,אפודה כפתור אפור,Unknown,0.00,יחידה,false,,49.90,0.0000,true,1,25229
1406694,true,אפודה כפתור אפור,,,אפודה כפתור אפור,Unknown,0.00,יחידה,false,,49.90,0.0000,true,1,25231
1406731,true,אפודה כפתור אפור,,,אפודה כפתור אפור,Unknown,0.00,יחידה,false,,49.90,0.0000,true,1,25232
1406748,true,אפודה כפתור אפור,,,אפודה כפתור אפור,Unknown,0.00,יחידה,false,,49.90,0.0000,true,1,25233
1512005,true,נקניקיות עוף 1 קג,,,נקניקיות עוף 1 קג,קילוגרמים,0.00,ליטר,false,,25.99,0.0000,true,1,343
1986578,true,חזה הודו פרוס 400 גר,,,חזה הודו פרוס 400 גר,,0.00,,false,,25.99,0.0000,true,1,459
2007036,true,כוסמת 500 גרם,,,כוסמת 500 גרם,גרמים,0.00,100 גרם,false,,0.00,0.0000,true,1,4063
2007937,true,כפפות לטקס XL הנמל 1,,,כפפות לטקס XL הנמל 1,Unknown,0.00,יחידה,false,,16.90,0.0000,true,1,476
2007944,true,כפפות לטקס L הנמל 10,,,כפפות לטקס L הנמל 10,Unknown,0.00,יחידה,false,,16.90,0.0000,true,1,477
2008002,true,כפפות לטקס M הנמל 10,,,כפפות לטקס M הנמל 10,גרמים,0.00,100 גרם,false,,16.90,0.0000,true,1,478
2014867,true,אריסה טוניסאית מיקי,,,אריסה טוניסאית מיקי,גרמים,0.00,100 גרם,false,,5.90,0.0000,true,1,510
2016212,true,ממרח טפנד זית מרינד,,,ממרח טפנד זית מרינד,גרמים,0.00,100 גרם,false,,12.90,0.0000,true,1,9258
2016229,true,ממרח טפנד זית ירוק צ,,,ממרח טפנד זית ירוק צ,גרמים,0.00,100 גרם,false,,12.90,0.0000,true,1,41727
2016236,true,ממרח פסטו בזיליקום צ,,,ממרח פסטו בזיליקום צ,גרמים,0.00,100 גרם,false,,12.90,0.0000,true,1,9261
2016243,true,ממרח עגבניות מיובשות,,,ממרח עגבניות מיובשות,גרמים,0.00,100 גרם,false,,12.90,0.0000,true,1,9260
2016816,true,ממרח לימון כבוש צנצ,,,ממרח לימון כבוש צנצ,גרמים,0.00,100 גרם,false,,12.90,0.0000,true,1,9259
2016854,true,ממרח אריסה צנצנת 230,,,ממרח אריסה צנצנת 230,גרמים,0.00,100 גרם,false,,12.90,0.0000,true,1,19614
2016939,true,ממרח ארטישוק צנצנת 2,,,ממרח ארטישוק צנצנת 2,גרמים,0.00,100 גרם,false,,12.90,0.0000,true,1,19613
2027218,true,פרלין במילוי קרם בטע,,,פרלין במילוי קרם בטע,גרמים,0.00,100 גרם,false,,19.90,0.0000,true,1,44599
2027300,true,פרלין במילוי קרם בטע,,,פרלין במילוי קרם בטע,גרמים,0.00,100 גרם,false,,19.90,0.0000,true,1,44600
2027386,true,פרלין במילוי קרם בטע,,,פרלין במילוי קרם בטע,גרמים,0.00,100 גרם,false,,19.90,0.0000,true,1,43357
2027652,true,פרלין במילוי קרם אגו,,,פרלין במילוי קרם אגו,גרמים,0.00,100 גרם,false,,19.90,0.0000,true,1,44704
2058052,true,"בלינצס תפו""ע 400 גרם",,,"בלינצס תפו""ע 400 גרם",,0.00,,false,,13.90,0.0000,true,1,20569
2319610,true,שקד טחון 100 גרם,,,שקד טחון 100 גרם,גרמים,0.00,100 גרם,false,,10.90,0.0000,true,1,668
2399513,true,רוסט טונה מעושן מיקי,,,רוסט טונה מעושן מיקי,גרמים,0.00,100 גרם,false,,24.90,0.0000,true,1,38752
2399520,true,רוסט סלמון מעושן מיק,,,רוסט סלמון מעושן מיק,,0.00,,false,,29.90,0.0000,true,1,38753
2581079,true,חטיף תן צאפ טבעות 50,,,חטיף תן צאפ טבעות 50,גרמים,0.00,100 גרם,false,,3.50,0.0000,true,1,25981
2716211,true,פפריקה מתוקה דרומה 8,,,פפריקה מתוקה דרומה 8,Unknown,0.00,יחידה,false,,5.80,0.0000,true,1,810
2730910,true,סבון מוצק פלמוליב פר,,,סבון מוצק פלמוליב פר,גרמים,0.00,100 גרם,false,,12.90,0.0000,true,1,17740
2741077,true,כריות ציקולדה 750 גר,,,כריות ציקולדה 750 גר,גרמים,0.00,100 גרם,false,,23.90,0.0000,true,1,5654
2967415,true,פרפר פורל מעושן במשק,,,פרפר פורל מעושן במשק,קילוגרמים,1.00,"ק""ג",true,,239.00,239.0000,true,1,47603
2979944,true,פנקייק אמריקאי 400 ג,,,פנקייק אמריקאי 400 ג,,0.00,,false,,13.90,0.0000,true,1,20566
2979975,true,וופל בלגי 400 גרם,,,וופל בלגי 400 גרם,,0.00,,false,,13.90,0.0000,true,1,20567
3119165,true,מארז קוקה קולה דיאט,,,מארז קוקה קולה דיאט,קילוגרמים,0.00,ליטר,false,,36.90,0.0000,true,1,1050
3153831,true,שוש חטיף בוטנים 80 ג,,,שוש חטיף בוטנים 80 ג,גרמים,0.00,100 גרם,false,,2.90,0.0000,true,1,1064
3411009,true,כפפות לטקס S הנמל 10,,,כפפות לטקס S הנמל 10,Unknown,0.00,יחידה,false,,16.90,0.0000,true,1,1124
3434770,true,פרלין אגוזים מריר הד,,,פרלין אגוזים מריר הד,גרמים,0.00,100 גרם,false,,10.90,0.0000,true,1,49341
3681211,true,צנובר 100 גרם,,,צנובר 100 גרם,,0.00,,false,,17.90,0.0000,true,1,1217
3681532,true,דובדבנים מסוכרים 80,,,דובדבנים מסוכרים 80,,0.00,,false,,6.90,0.0000,true,1,1226
3681921,true,סוכריות טופי 200 גרם,,,סוכריות טופי 200 גרם,גרמים,0.00,100 גרם,false,,5.90,0.0000,true,1,1239
3805402,true,מרק בצל קנור 400 גרם,,,מרק בצל קנור 400 גרם,גרמים,0.00,100 גרם,false,,22.90,0.0000,true,1,5768
3805709,true,"כריות נוגט בד""צ 750",,,"כריות נוגט בד""צ 750",גרמים,0.00,100 גרם,false,,23.90,0.0000,true,1,19
3832347,true,נקניק עממי שלם 500 ג,,,נקניק עממי שלם 500 ג,,0.00,,false,,21.99,0.0000,true,1,1280
3832781,true,נקניק עממי 400 גרם,,,נקניק עממי 400 גרם,,0.00,,false,,19.99,0.0000,true,1,1281
3893386,true,פילה אמנון ווינר פוד,,,פילה אמנון ווינר פוד,קילוגרמים,1.00,"ק""ג",true,,39.90,39.9000,true,1,24609
4026028,true,סוכריות פרוט ביי דה,,,סוכריות פרוט ביי דה,,0.00,,false,,9.90,0.0000,true,1,21150
4026035,true,סוכריות פרוט ביי דה,,,סוכריות פרוט ביי דה,,0.00,,false,,9.90,0.0000,true,1,21151
4026042,true,סוכריות פרוט ביי דה,,,סוכריות פרוט ביי דה,,0.00,,false,,9.90,0.0000,true,1,21152
4120283,true,"שוקו 225 מ""ל בד""צ",,,"שוקו 225 מ""ל בד""צ",,0.00,,false,,2.90,0.0000,true,1,17914
4225407,true,סרדין בשמן צמחי חריף,,,סרדין בשמן צמחי חריף,גרמים,0.00,100 גרם,false,,3.90,0.0000,true,1,8727
4244521,true,מנות נסיכת הנילוס הד,,,מנות נסיכת הנילוס הד,קילוגרמים,1.00,"ק""ג",true,,39.90,39.9000,true,1,42050
4492342,true,נשנושים קוקטייל מלח,,,נשנושים קוקטייל מלח,גרמים,0.00,100 גרם,false,,11.90,0.0000,true,1,1493
4492755,true,נשנושים בצל שמנת 300,,,נשנושים בצל שמנת 300,גרמים,0.00,100 גרם,false,,11.90,0.0000,true,1,1494
4492779,true,נשנושים זעתר 300 גרם,,,נשנושים זעתר 300 גרם,גרמים,0.00,100 גרם,false,,11.90,0.0000,true,1,1496
4492816,true,נשנושים מלח 350 גרם,,,נשנושים מלח 350 גרם,גרמים,0.00,100 גרם,false,,11.90,0.0000,true,1,1498
4492854,true,נשנושים קוקטייל שומש,,,נשנושים קוקטייל שומש,גרמים,0.00,100 גרם,false,,11.90,0.0000,true,1,1500
4551018,true,תמצית וניל דרומה,,,תמצית וניל דרומה,,0.00,,false,,2.10,0.0000,true,1,1504
4551445,true,פלפל שחור שקית דרומה,,,פלפל שחור שקית דרומה,גרמים,0.00,100 גרם,false,,5.90,0.0000,true,1,1506
4551469,true,גבישי שום שקית דרומה,,,גבישי שום שקית דרומה,גרמים,0.00,100 גרם,false,,3.50,0.0000,true,1,1508
4551605,true,פפריקה מתוקה שקית דר,,,פפריקה מתוקה שקית דר,גרמים,0.00,100 גרם,false,,3.50,0.0000,true,1,1509
5423086,true,מבשם סנומוד פרדייס 1,,,מבשם סנומוד פרדייס 1,מיליליטרים,0.00,"100 מ""ל",false,,9.90,0.0000,true,1,31885
5437984,true,פסטה ניוקי טעמן 500,,,פסטה ניוקי טעמן 500,גרמים,0.00,100 גרם,false,,0.00,0.0000,true,1,1789
6463593,true,לחמניות שליש באגט כל,,,לחמניות שליש באגט כל,גרמים,0.00,100 גרם,false,,14.90,0.0000,true,1,50561
6463883,true,"לחמניות המבורגר כל""פ",,,"לחמניות המבורגר כל""פ",גרמים,0.00,100 גרם,false,,14.90,0.0000,true,1,50562
8166348,true,פיסטוק חלבי 400 גרם,,,פיסטוק חלבי 400 גרם,,0.00,,false,,25.90,0.0000,true,1,2635
8257961,true,ספוג רחצה דו צדדי,,,ספוג רחצה דו צדדי,Unknown,0.00,יחידה,false,,3.50,0.0000,true,1,2662
8304238,true,רביולי בטטה 400 גרם,,,רביולי בטטה 400 גרם,,0.00,,false,,14.90,0.0000,true,1,20573
8304276,true,רביולי תרד 400 גרם,,,רביולי תרד 400 גרם,,0.00,,false,,14.90,0.0000,true,1,20570
8304467,true,בלינצס גבינה מתוקה 4,,,בלינצס גבינה מתוקה 4,,0.00,,false,,13.90,0.0000,true,1,20568
8304955,true,רביולי פטריות 400 גר,,,רביולי פטריות 400 גר,,0.00,,false,,14.90,0.0000,true,1,20571
8449274,true,קופסת אחסון שקופה 20,,,קופסת אחסון שקופה 20,Unknown,0.00,יחידה,false,,14.90,0.0000,true,1,44493
8515849,true,רביולי גבינה 400 גרם,,,רביולי גבינה 400 גרם,,0.00,,false,,14.90,0.0000,true,1,20572
8571180,true,פחזניות רפאל 180 גרם,,,פחזניות רפאל 180 גרם,גרמים,0.00,100 גרם,false,,9.90,0.0000,true,1,16108
8609531,true,נייר אפיה לפיד 50 יח,,,נייר אפיה לפיד 50 יח,Unknown,0.00,יחידה,false,,7.90,0.0000,true,1,16164
8636957,true,שקד מולבן גרוס 100 ג,,,שקד מולבן גרוס 100 ג,גרמים,0.00,100 גרם,false,,10.90,0.0000,true,1,2749
8636964,true,שקד שבבים 100 גרם,,,שקד שבבים 100 גרם,גרמים,0.00,100 גרם,false,,10.90,0.0000,true,1,2750
8636971,true,שקד מולבן שלמים 100,,,שקד מולבן שלמים 100,גרמים,0.00,100 גרם,false,,10.90,0.0000,true,1,2751
8867733,true,חטיף מלוח פסח ביס שו,,,חטיף מלוח פסח ביס שו,גרמים,0.00,100 גרם,false,,19.90,0.0000,true,1,50235
9030204,true,שטיח למקרר,,,שטיח למקרר,Unknown,0.00,יחידה,false,,7.40,0.0000,true,1,32567
9030211,true,שטיח כיור,,,שטיח כיור,Unknown,0.00,יחידה,false,,7.40,0.0000,true,1,21808
9991205,true,ברקוד לא בגיוון,,,ברקוד לא בגיוון,,0.00,,false,,0.00,0.0000,true,1,11487
9991210,true,ברקוד לא בגיוון,,,ברקוד לא בגיוון,Unknown,0.00,יחידה,false,,0.00,0.0000,true,1,6315
9991321,true,ברקוד לא בגיון,,,ברקוד לא בגיון,Unknown,0.00,יחידה,false,,0.00,0.0000,true,1,4957
9991335,true,ברקוד לא בגיוון,,,ברקוד לא בגיוון,Unknown,0.00,יחידה,false,,0.00,0.0000,true,1,7718
9991358,true,ברקוד לא בגיוון,,,ברקוד לא בגיוון,Unknown,0.00,יחידה,false,,0.00,0.0000,true,1,8867
9991377,true,ברקוד לא בגיוון,,,ברקוד לא בגיוון,,0.00,,false,,0.00,0.0000,true,1,24040
9991600,true,ברקוד לא בגיון,,,ברקוד לא בגיון,Unknown,0.00,יחידה,false,,0.00,0.0000,true,1,5141
9991806,true,ברקוד לא בגיוון,,,ברקוד לא בגיוון,,0.00,,false,,0.00,0.0000,true,1,16472
9991902,true,ברקוד לא בגיוון,,,ברקוד לא בגיוון,Unknown,0.00,יחידה,false,,0.00,0.0000,true,1,5738
9992110,true,ברקוד לא בגיוון,,,ברקוד לא בגיוון,Unknown,0.00,יחידה,false,,0.00,0.0000,true,1,5263
9992121,true,ברקוד לא בגיוון,,,ברקוד לא בגיוון,Unknown,0.00,יחידה,false,,0.00,0.0000,true,1,5495
9992210,true,ברקוד לא בגיוון,,,ברקוד לא בגיוון,Unknown,0.00,יחידה,false,,0.00,0.0000,true,1,4898
9999147,true,ברקוד לא בגיוון,,,ברקוד לא בגיוון,,0.00,,false,,0.00,0.0000,true,1,13724
9999165,true,ברקוד לא בגיוון,,,ברקוד לא בגיוון,,0.00,,false,,0.00,0.0000,true,1,19361
9999309,true,ברקוד לא בגיוון,,,ברקוד לא בגיוון,Unknown,0.00,יחידה,false,,0.00,0.0000,true,1,7333
9999312,true,ברקוד לא בגיוון,,,ברקוד לא בגיוון,Unknown,0.00,יחידה,false,,0.00,0.0000,true,1,9096
9999424,true,ברקוד לא בגיוון,,,ברקוד לא בגיוון,,0.00,,false,,0.00,0.0000,true,1,27491
54051140,false,מעדן סויה טעם וניל אלפרו רביעיה * 125 ג',הנסיך- מפעל לייצור ט,BE,מארז מעדן סויה וניל,גרמים,500.00,100 גרם,false,,15.90,0.0318,true,1,6661
54051157,false,מעדן סויה טעם שוקו אלפרו רביעיה 125 ג',קריות זול,BE,מארז מעדן סויה שוקול,גרמים,500.00,100 גרם,false,,15.90,0.0318,true,1,14417
72917367,false,טעמי חטיף במילוי קרם נוגט וקרמל,"שטראוס גרופ בע""מ",IL,טעמי 40 גרם,גרמים,40.00,100 גרם,false,,3.90,0.0975,true,1,61195
72940754,false,מעדן מילקי בטעם וניל עם קצפת,"שטראוס גרופ בע""מ",IL,מילקי וניל 133 גרם,גרמים,133.00,100 גרם,false,,2.80,0.0211,true,1,2509
72940761,false,מעדן מילקי בטעם שוקולד עם קצפת,מיוצר עי קונדיטוריית,IL,מילקי שוקולד 133 גרם,מיליליטרים,133.00,"100 מ""ל",false,,2.80,0.0211,true,1,2510
72940952,false,מעדן מילקי בטעם שוקולד עם אקסטרה קצפת,"שטראוס גרופ בע""מ",IL,מילקי אקסטרה קצפת 17,מיליליטרים,170.00,"100 מ""ל",false,,3.50,0.0206,true,1,25
72945308,false,קוביות שמרים לאפיה שמרית 2*25 ג',"פאקא תעשיות בע""מ",IL,קוביות שמרים טריים ש,גרמים,50.00,100 גרם,false,,3.30,0.0660,true,1,2511
72961209,false,**תנובה שמנת חמוצה 15% 200מל,תנובה מרכז שיתופי לש,IL,שמנית חמוצה 15% תנוב,מיליליטרים,200.00,"100 מ""ל",false,,2.40,0.0120,true,1,2513
72961223,false,"גילה גדול 200 מ""ל",תנובה מרכז שיתופי לש,IL,"גיל תנובה 200 מ""ל",מיליליטרים,200.00,"100 מ""ל",false,,1.50,0.0075,true,1,2515
72961520,false,יוגורט עם אננס 1.5% שומן 125 ג' פרילי,מיוצר עי קונדיטוריית,IL,פרילי אננס 125 גרם,מיליליטרים,125.00,"100 מ""ל",false,,3.40,0.0272,true,1,2524
72986370,false,"גלידת בן & ג'ריס פיינטים וניל 500מ""ל",מוצרי איכות אמריקאים,IL,גלידת שמנת בן אנד גר,מיליליטרים,500.00,"100 מ""ל",false,,16.90,0.0338,true,1,42631
72986424,false,"גלידת בן & ג'ריס פיינטים קרם עוגיות 500מ""ל",מוצרי איכות אמריקאיי,IL,גלידת שמנת בן אנד גר,מיליליטרים,500.00,"100 מ""ל",false,,16.90,0.0338,true,1,42633
72989425,false,"גלידת בן & ג'ריס פיינטים שוקולד בראוניז 500מ""ל",מוצרי איכות אמריקאיי,IL,גלידת שמנת בן אנד גר,מיליליטרים,500.00,"100 מ""ל",false,,16.90,0.0338,true,1,46056
72991886,false,"גלידת דולצ'ה בטעם ריבת חלב עם פאדג' בן וג'ירי 500 מ""ל",מוצרי איכות אמריקאיי,IL,גלידת שמנת בן אנד גר,מיליליטרים,500.00,"100 מ""ל",false,,16.90,0.0338,true,1,42634
80773429,false,מסטיק מנטוס פיור פרש בבקבוק בינוני בטעם תות 60 ג',פרפטי ואן מלה הולנד,TR,מסטיק מנטוס צנצנת בט,גרמים,60.00,100 גרם,false,,8.90,0.1483,true,1,42218
80773443,false,מסטיק מנטוס בבקבוק מעוגל בטעם מנטה מעודנת 60 ג',פרפטי ואן מלה הולנד,TR,מסטיק מנטוס ספרמנט ב,גרמים,60.00,100 גרם,false,,8.90,0.1483,true,1,31756
80790990,false,מסטיק מנטוס בבקבוק מעוגל בטעם פירות -מנטה 60 ג',פרפטי ואן מלה הולנד,TR,מסטיק מנטוס בבלפרש ב,גרמים,60.00,100 גרם,false,,8.90,0.1483,true,1,31755
80843184,false,מנטוס מסטיק פיור פרש בטעם ענבים 60גר,פרפטי ואן מלה הולנד,TR,מסטיק מנטוס פיור פרש,Unknown,0.00,יחידה,false,,8.90,0.0000,true,1,59001
80862260,false,מסטיק pure white XXL-מנטה מתוקה 150 גרם,פרפטי ואן מלה ברדה,TR,מסטיק מנטוס פיור מנט,גרמים,150.00,100 גרם,false,,15.90,0.1060,true,1,62493
80864295,false,סוכריות פיור וויט טעם מנטה עדינה 60 ג' מנטוס,פרפטי ואן מלה הולנד,TR,מסטיק מנטוס פיור ווי,גרמים,60.00,100 גרם,false,,8.90,0.1483,true,1,59000
80896081,false,מסטיק מנטוס פיור פרש בבקבוק בינוני בטעם אבטיח 60 ג',פרפטי ואן מלה הולנד,TR,מסטיק מנטוס צנצנת בט,גרמים,60.00,100 גרם,false,,8.90,0.1483,true,1,43403
80913467,false,מסטיק מנטו בבקבוק מעוגל בטעם מנטה 60 ג',פרפטי ואן מלה הולנד,TR,מסטיק מנטוס מנטה בבק,גרמים,60.00,100 גרם,false,,8.90,0.1483,true,1,31757
80929277,false,מסטיק pure white XXL-מנטה עדינה 150 גרם,פרפטי ואן מלה ברדה,TR,מסטיק מנטוס פיור מנט,גרמים,150.00,100 גרם,false,,15.90,0.1060,true,1,62494
80945468,false,סוכריות פיור וויט טעם מנטה מתוקה 60 ג' מנטוס,פרפטי ואן מלה הולנד,TR,מסטיק מנטוס פיור ווי,Unknown,0.00,יחידה,false,,8.90,0.0000,true,1,59002
80957706,false,מסטיק pure white XXL -מנטה 150 גרם,פרפטי ואן מלה ברדה,TR,מסטיק מנטוס פיור מנט,גרמים,150.00,100 גרם,false,,15.90,0.1060,true,1,62495
80979128,false,מסטיק מנטוס פיור בטעם דובדבן 60 ג',פרפטי ואן מלה הולנד,TR,מסטיק מנטוס פיור פרש,גרמים,60.00,100 גרם,false,,8.90,0.1483,true,1,59003
80986348,false,סוכריות פיור וויט טעם מנטה 60 ג' מנטוס,פרפטי ואן מלה הולנד,TR,מסטיק מנטוס פיור ווי,גרמים,64.00,100 גרם,false,,8.90,0.1391,true,1,59004
80995128,false,מנטוס - מסטיק בטעם הדרים בתוספת ויטמינים 60 גרם,פרפטי ואן מלה הולנד,TR,מסטיק מנטוס צנצנת בט,גרמים,60.00,100 גרם,false,,8.90,0.1483,true,1,64850
87108651,false,מארז סוכריות מנטוס Mentos מנטה,הדקלאים אגודת שיתופי,NL,מנטוס מנטה 4 יח,גרמים,150.00,100 גרם,false,,9.90,0.0660,true,1,2766
87108712,false,מארז סוכריות מנטוס Mentos פירות,פרפטי ואן מלה ברדה,NL,מנטוס טעם פירות 4 יח,גרמים,150.00,100 גרם,false,,9.90,0.0660,true,1,2767
99991901,true,ברקוד לא בגיוון,,,ברקוד לא בגיוון,Unknown,0.00,יחידה,false,,0.00,0.0000,true,1,3945
99991904,true,ברקוד לא בגיוון,,,ברקוד לא בגיוון,Unknown,0.00,יחידה,false,,0.00,0.0000,true,1,3959
401562064,true,שלישיית מעמד עגול קש,,,שלישיית מעמד עגול קש,Unknown,0.00,יחידה,false,,29.90,0.0000,true,1,43371
5074363211,true,מטבח ליטל טייקס,,,מטבח ליטל טייקס,Unknown,0.00,יחידה,false,,49.90,0.0000,true,1,37156
11210000155,false,"רוטב טבסקו על בסיס פלפל אדום 150 מ""ל",ניצן,US,רוטב טבסקו אדום 150,מיליליטרים,150.00,"100 מ""ל",false,,17.90,0.1193,true,1,38961
11210002500,false,טבסקו רוטב כנפי באפא,"ניצן מותגי מזון בע""מ",US,רוטב טבסקו באפלו 150,מיליליטרים,150.00,"100 מ""ל",false,,17.90,0.1193,true,1,9762
11210007352,false,רוטב טבסקו שום 150 מ,ניצן,US,רוטב טבסקו שום 150 מ,מיליליטרים,150.00,"100 מ""ל",false,,17.90,0.1193,true,1,50808
11210007703,false,רוטב טבסקו צ'יפוטלי,ניצן,US,רוטב טבסקו צ'יפוטלי,מיליליטרים,150.00,"100 מ""ל",false,,17.90,0.1193,true,1,50810
11210009219,false,רוטב טבסקו ירוק 150,ניצן,US,רוטב טבסקו ירוק 150,מיליליטרים,150.00,"100 מ""ל",false,,17.90,0.1193,true,1,50809
11210698055,false,רוטב סרירצ'ה טבסקו 5,ניצן,US,רוטב סרירצ'ה טבסקו 5,גרמים,566.00,100 גרם,false,,24.90,0.0440,true,1,38960
11274000276,true,קרים ציז מוקצף 30% 2,,,קרים ציז מוקצף 30% 2,,0.00,,false,,24.90,0.0000,true,1,21748
11274000290,true,קרים ציז 30% 227 גרם,,,קרים ציז 30% 227 גרם,,0.00,,false,,24.90,0.0000,true,1,27867
11274000306,true,גבינת קרים ציז טעם ש,,,גבינת קרים ציז טעם ש,,0.00,,false,,24.90,0.0000,true,1,26759
13495113506,true,קליק ביסקוויט 75 גרם,,,קליק ביסקוויט 75 גרם,גרמים,0.00,100 גרם,false,,4.90,0.0000,true,1,305
13495113537,true,קליק חום לבן מעורב 7,,,קליק חום לבן מעורב 7,גרמים,0.00,100 גרם,false,,4.90,0.0000,true,1,308
13495113582,true,קליק כריות 75 גרם,,,קליק כריות 75 גרם,גרמים,0.00,100 גרם,false,,4.90,0.0000,true,1,310
14353112013,true,גבינת צהובה אמריקן צ,,,גבינת צהובה אמריקן צ,,0.00,,false,,24.90,0.0000,true,1,26764
14353112037,true,גבינה מאונסטר פרוסה,,,גבינה מאונסטר פרוסה,,0.00,,false,,24.90,0.0000,true,1,30017
14353112112,true,גבינת פיצה מגורדת 22,,,גבינת פיצה מגורדת 22,,0.00,,false,,24.90,0.0000,true,1,26763
14353112150,true,גבינת מוצרלה מגורדת,,,גבינת מוצרלה מגורדת,,0.00,,false,,24.90,0.0000,true,1,26761
14353112181,true,גבינת מוצרלה סטיקס 1,,,גבינת מוצרלה סטיקס 1,,0.00,,false,,24.90,0.0000,true,1,30024
16000185517,false,דגני בוקר פייבר וואן עתירי סובין FIBRE1,בטר אנד דיפרנט,US,דגני בוקר פייבר וואן,גרמים,555.00,100 גרם,false,,24.90,0.0449,true,1,59649
16000548404,true,קראנצי חטיף גרנולה 5,,,קראנצי חטיף גרנולה 5,גרמים,0.00,100 גרם,false,,18.90,0.0000,true,1,359
18000701223,false,תערובת להכנת עוגה בטעם שוקולד,הדקלאים אגודת שיתופי,IL,תערובת לעוגת שוקולד,גרמים,500.00,100 גרם,false,,15.90,0.0318,true,1,405
18000703494,false,תערובת עוגת וניל פיסברי 500 גר',הדקלאים אגודת שיתופי,IL,תערובת לעוגת וניל 50,גרמים,500.00,100 גרם,false,,15.90,0.0318,true,1,406
18000703517,false,תערובת עוגת שיש פילסברי 500 גר',הדקלאים אגודת שיתופי,IL,תערובת לעוגת שיש פרו,גרמים,550.00,100 גרם,false,,15.90,0.0289,true,1,407
18000766413,false,תערובת בראוניס פילסברי 500 גר',הדקלאים אגודת שיתופי,IL,תערובת לעוגה בראוניס,גרמים,550.00,100 גרם,false,,15.90,0.0289,true,1,408
18176783207,true,שוקולד טורינו מריר,,,שוקולד טורינו מריר,,0.00,,false,,13.30,0.0000,true,1,418
18176787007,false,שוקולד טורינו מריר פרווה 100 גר',שוקולה קמיל בלוך,,שוקולד טורינו 100 גר,גרמים,100.00,100 גרם,false,,9.90,0.0990,true,1,422
21248165894,false,תערובת תבלינים לבייג,קוסקו הולסייל,US,תערובת תבלינים לבייג,גרמים,326.00,100 גרם,false,,34.90,0.1071,true,1,55994
21859046308,false,דגני בוקר קינמון קמח,KEMOCH FOOD,US,דגני בוקר קינמון קמח,גרמים,346.00,100 גרם,false,,27.90,0.0806,true,1,47496
22200956932,false,דאודורנט ג'ל לגבר Fresh Rush 24h,הנסיך- מפעל לייצור ט,US,דאו גל ספיד סטיק כחו,גרמים,85.00,100 גרם,false,,18.90,0.2224,true,1,9562
22200956949,false,דאודורנט ג'ל לגבר Cool Fusion 24h,קולגייט פלמוליב,BY,דאו גל ספיד סטיק כתו,Unknown,0.00,יחידה,false,,18.90,0.0000,true,1,9561
25675094703,false,לקקן טופי דובדבן פשק,DORI ALIMENTOS LTDA,NL,לקקן טופי דובדבן פשק,גרמים,540.00,100 גרם,false,,15.90,0.0294,true,1,4099
25675094710,false,לקקן טופי יוגורט פשק,DORI ALIMENTOS LTDA,NL,לקקן טופי יוגורט פשק,גרמים,540.00,100 גרם,false,,15.90,0.0294,true,1,9346
25675094741,false,לקקן טופי פטל פשקס 5,DORI ALIMENTOS LTDA,NL,לקקן טופי פטל פשקס 5,גרמים,540.00,100 גרם,false,,15.90,0.0294,true,1,4098
25675124783,true,מרשמלו מיני 225 גרם,,,מרשמלו מיני 225 גרם,,0.00,,false,,10.90,0.0000,true,1,9819
25675124790,true,מרשמלו מיני בטעם פיר,,,מרשמלו מיני בטעם פיר,,0.00,,false,,10.90,0.0000,true,1,9335
25675950313,false,סוכריות אודלס תות פשקס 224 גר',ג'ודילינג פודס קומפנ,CN,סוכריות אודלס פשקס ב,גרמים,224.00,100 גרם,false,,12.90,0.0576,true,1,24710
25675950351,false,סוכריות אודלס דובדבן פשקס 224 גר',ג'ודילינג פודס קומפנ,CN,סוכריות אודלס פשקס ב,גרמים,224.00,100 גרם,false,,12.90,0.0576,true,1,24711
25675950382,false,סוכריות אודלס פטל פשקס 224 גר',ג'ודילינג פודס קומפנ,CN,סוכריות אודלס פשקס ב,גרמים,224.00,100 גרם,false,,12.90,0.0576,true,1,24712
34000544028,false,סוכריות ארוכות בטעם תות טוויזלרס Twizzlers,הרשי שוקולד,US,טוויזלרס ממתק בטעם ת,גרמים,198.00,100 גרם,false,,6.90,0.0348,true,1,7624
34000544431,false,טוויזלרס ממתק בטעם דובדבן 172 ג',הרשי שוקולד,US,טוויזלרס ממתק בטעם ד,גרמים,170.00,100 גרם,false,,6.90,0.0406,true,1,59989
35000458476,false,קולגייט מברשת שיניים ילדים מארז רביעייה,קולגייט פלמוליב,VN,מברשת קולגייט ילדים,Unknown,0.00,יחידה,false,,19.90,0.0000,true,1,46034
37600207188,false,חמאת בוטנים סקיפי קלאסי 462 גר',חברת המזון אלגוד,US,חמאת בוטנים קלאסי סק,גרמים,462.00,100 גרם,false,,17.90,0.0387,true,1,56534
37600207256,false,חמאת בוטנים סקיפי עם שברי בוטנים 462 גר',חברת המזון אלגוד,US,חמאת בוטנים עם שברי,גרמים,462.00,100 גרם,false,,17.90,0.0387,true,1,56535
38000232183,false,פרינגלס אורגינל 149 גרם,פרינגלס מניופקצ'ורינ,US,פרינגלס אורגינל 149,גרמים,149.00,100 גרם,false,,7.90,0.0530,true,1,49634
41390001451,false,רוטב סויה קיקומן 1.2,קיקומן פודז אינק,US,רוטב סויה קיקומן 1.2,קילוגרמים,1.20,ליטר,false,,29.90,24.9167,true,1,63634
43427001014,true,עוגיות מיניס סנדוויץ,,,עוגיות מיניס סנדוויץ,,0.00,,false,,9.90,0.0000,true,1,15236
43427200493,true,דובדבן מתוק 430 גרם,,,דובדבן מתוק 430 גרם,,0.00,,false,,18.90,0.0000,true,1,15475
43427221801,true,אצבעות קריספי למרק /,,,אצבעות קריספי למרק /,,0.00,,false,,9.90,0.0000,true,1,13536
43427221818,true,אצבעות קריספי למרק /,,,אצבעות קריספי למרק /,,0.00,,false,,9.90,0.0000,true,1,13537
43427245005,false,"מחית תפוחים ממותק פאוץ 4*90 גרם ֿֿֿֿ""ליברסֿֿֿֿ""",ליברס,US,"מחית תפו""ע עם פקק לי",גרמים,360.00,100 גרם,false,,9.90,0.0275,true,1,61853
43427246002,false,"מחית תפו""ע ללא סוכר",ליברס,US,"מחית תפו""ע ללא סוכר",גרמים,360.00,100 גרם,false,,9.90,0.0275,true,1,61854
43427247009,false,מחית תפוחים ממותק פאוץ 4*90 גרם ליברס,ליברס,US,"מחית תפו""ע ותות עם פ",גרמים,360.00,100 גרם,false,,9.90,0.0275,true,1,63229
43427721103,false,"רוטב אלף האיים כשל""פ 473 מ""ל ""ליברס""",ליברס,US,רוטב אלף האיים ליברס,מיליליטרים,473.00,"100 מ""ל",false,,9.90,0.0209,true,1,50181
44164002890,true,נר 48 שעות משמן זית,,,נר 48 שעות משמן זית,Unknown,0.00,יחידה,false,,5.90,0.0000,true,1,26670
44164005044,true,נר הבדלה צבעוני שרגא,,,נר הבדלה צבעוני שרגא,Unknown,0.00,יחידה,false,,7.90,0.0000,true,1,26671
44164102385,false,נרונים 72 יחידות 4 שעות - שרגא,שרגא שווק ויצור נרות,IL,נרונים 4 שעות שרגא 7,Unknown,0.00,יחידה,false,,25.90,0.0000,true,1,1468
44164102453,false,נרונים 72 יחידות 6 שעות - שרגא,שרגא שווק ויצור נרות,IL,נרונים 6 שעות שרגא 7,Unknown,0.00,יחידה,false,,31.90,0.0000,true,1,1469
44164234345,false,שמן פראפין למאור סגו,שרגא שווק ויצור נרות,IL,שמן פראפין למאור סגו,קילוגרמים,1.00,ליטר,false,,19.90,19.9000,true,1,59168
44164236950,false,שמן פראפין למאור כחו,שרגא שווק ויצור נרות,IL,שמן פראפין למאור כחו,קילוגרמים,1.00,ליטר,false,,19.90,19.9000,true,1,59169
44164267695,false,שמן פראפין למאור אדו,שרגא שווק ויצור נרות,IL,שמן פראפין למאור אדו,קילוגרמים,1.00,ליטר,false,,19.90,19.9000,true,1,59170
44164290907,false,שמן פראפין למאור צהו,שרגא שווק ויצור נרות,IL,שמן פראפין למאור צהו,קילוגרמים,1.00,ליטר,false,,19.90,19.9000,true,1,59172
44164341142,false,נר נשמה שבועי להבה בפלסטיק.,שרגא שווק ויצור נרות,IL,נר זכרון 7 ימים שרגא,Unknown,0.00,יחידה,false,,8.90,0.0000,true,1,26663
44164369962,false,נר זכרון 9 ימים שרגא,שרגא שווק ויצור נרות,IL,נר זכרון 9 ימים שרגא,Unknown,0.00,יחידה,false,,11.90,0.0000,true,1,26662
48256219456,false,תרסיס אסטוניש לניקוי,יעקב יעקובי,IL,תרסיס אסטוניש לניקוי,מיליליטרים,750.00,"100 מ""ל",false,,9.90,0.0132,true,1,60556
48256297164,false,תרסיס אסטוניש לניקוי,יעקב יעקובי,IL,תרסיס אסטוניש לניקוי,מיליליטרים,750.00,"100 מ""ל",false,,9.90,0.0132,true,1,24240
48256299557,false,תרסיס אסטוניש מסיר ע,יעקב יעקובי,IL,תרסיס אסטוניש מסיר ע,מיליליטרים,750.00,"100 מ""ל",false,,9.90,0.0132,true,1,24241
50743627552,true,משחק ליטל טייקס,,,משחק ליטל טייקס,Unknown,0.00,יחידה,false,,49.90,0.0000,true,1,37155
64144090006,true,תרסיס שמן קנולה 148,,,תרסיס שמן קנולה 148,,0.00,,false,,13.90,0.0000,true,1,7466
64144090020,false,תרסיס שמן שמן זית פאם 141 ג',קונאגרה פודס,US,תרסיס שמן זית פאם 14,מיליליטרים,148.00,"100 מ""ל",false,,13.90,0.0939,true,1,7467
64144090051,false,"תרסיס שמן קנולה פאם 148 מ""ל",קונאגרה פודס,US,תרסיס שמן קנולה פאם,מיליליטרים,148.00,"100 מ""ל",false,,13.90,0.0939,true,1,15210
70970471254,false,מייק לייק - סוכריות ג'לי בינס קרטונית פירות ירוק 141 גרם,ג'אסט בורן,US,סוכריות ג'לי פירות מ,גרמים,141.00,100 גרם,false,,7.90,0.0560,true,1,53464
70970471261,false,מייק לייק - סוכריות ג'לי בינס קרטונית טרופי אדום 141 גרם,גאסט בורן,US,סוכריות ג'לי טרופי,גרמים,141.00,100 גרם,false,,7.90,0.0560,true,1,54354
70970471278,false,מייק לייק - סוכריות ג'לי בינס קרטונית פירות יער כחול 141 גרם,גאסט בורן,US,סוכריות ג'לי אוכמניו,גרמים,141.00,100 גרם,false,,7.90,0.0560,true,1,54355
70970471285,false,סוכריות ג'לי רד רייג,גאסט בורן,US,סוכריות ג'לי רד רייג,גרמים,141.00,100 גרם,false,,7.90,0.0560,true,1,55381
70970471308,false,"סוכריות מייק אייק רד רייג'רס, 141 ג'",גאסט בורן,US,סוכריות ג'לי ענבים מ,גרמים,141.00,100 גרם,false,,7.90,0.0560,true,1,56553
70970473562,false,מייק לייק - סוכריות ג'לי בינס קרטונית מגה מיקס 141 גרם,ג'אסט בורן,US,סוכריות ג'לי מגה מיק,גרמים,141.00,100 גרם,false,,7.90,0.0560,true,1,53465
70970473609,false,סוכריות ג'לי מייק&נייק מגה מיקס חמוץ 141 גר',גאסט בורן,US,סוכריות ג'לי מגה מיק,גרמים,141.00,100 גרם,false,,7.90,0.0560,true,1,53466
72916096491,true,טונה בשמן פילטונה 3*,,,טונה בשמן פילטונה 3*,גרמים,0.00,100 גרם,false,,8.90,0.0000,true,1,43327
72916096507,true,טונה בשמן קנולה פילט,,,טונה בשמן קנולה פילט,גרמים,0.00,100 גרם,false,,8.90,0.0000,true,1,43326
73490132346,false,משקה ענבים קונקורד ל,קדם,IL,משקה ענבים קונקורד ל,קילוגרמים,2.84,ליטר,false,,38.90,13.6972,true,1,31369
73490153396,false,"מיץ ענבים מוגז גאולה קונקורד 750 מ""ל",קדם,IL,מיץ ענבים מוגז קונקו,מיליליטרים,750.00,"100 מ""ל",false,,19.90,0.0265,true,1,5211
73490153419,false,מיץ ענבים קדם גאולה קונקורד 1.89 ליטר,קדם,IL,מיץ ענבים קדם 1.89 ל,קילוגרמים,1.89,ליטר,false,,27.20,14.3915,true,1,24691
73490154027,false,מיץ ענבים גאולה 2.84,קדם,IL,מיץ ענבים גאולה 2.84,קילוגרמים,2.84,ליטר,false,,38.90,13.6972,true,1,8872
73490154317,false,מיץ ענבים גאולה לבן 1.89 ל קדם,,,מיץ ענבים לבן גאולה,קילוגרמים,1.89,ליטר,false,,27.20,14.3915,true,1,52321
75442100229,false,בונבונירה מתומן דובדבן 135גרם פינוקים,תות ממתקי איכות,IL,בונבוניירה פרוגרס דו,גרמים,135.00,100 גרם,false,,11.90,0.0881,true,1,2585
77245110610,false,סוכריות מאסט ללא סוכר בטעם מנטה 80 ג'עלית,MIESZKO S.A - MS. JO,IL,סוכריות מאסט מנטה 80,גרמים,80.00,100 גרם,false,,6.90,0.0863,true,1,2603
77975036976,false,מטבל עגבניות בחריפות עדינה סניידרס 439 ג',סניידרס Snyder's,US,מטבל עגבניות סלסה בח,גרמים,439.00,100 גרם,false,,16.90,0.0385,true,1,60176
77975036983,false,מטבל עגבניות בחריפות סניידרס 439 ג',שניידרס,US,מטבל עגבניות סלסה חר,גרמים,439.00,100 גרם,false,,16.90,0.0385,true,1,60175
80432400432,false,וויסקי שיבאס רגאל 12,מזקקת האחים שיבאס,,ויסקי שיבאס 12 שנה 1,קילוגרמים,1.00,ליטר,false,,129.90,129.9000,true,1,36414
87752001318,true,יין קדם קרים לבן 750,,,יין קדם קרים לבן 750,,0.00,,false,,19.90,0.0000,true,1,7512
87752002056,true,יין פורט אדום מתוק 7,,,יין פורט אדום מתוק 7,,0.00,,false,,59.90,0.0000,true,1,10488
87752002537,true,"יין שנין בלאן 750 מ""",,,"יין שנין בלאן 750 מ""",,0.00,,false,,39.90,0.0000,true,1,10491
87752003794,true,יין ברון הרצוג זינפנ,,,יין ברון הרצוג זינפנ,,0.00,,false,,51.90,0.0000,true,1,5698
87752003800,true,יין קרם ניגרה מתוק ל,,,יין קרם ניגרה מתוק ל,,0.00,,false,,19.90,0.0000,true,1,10487
87752005644,false,"יין מוסקטו ברטנורה 750 מ""ל",מיסזקו אס.איי,IT,יין ברטנורא מוסקטו,מיליליטרים,750.00,"100 מ""ל",false,,48.90,0.0652,true,1,5609
87752006238,true,יין מלבסיה רוזה חצי,,,יין מלבסיה רוזה חצי,,0.00,,false,,49.90,0.0000,true,1,5610
87752006474,false,יין JOYVIN אדום תוס,ארלדיקה קסטלברו אס.ס,IT,יין JOYVIN אדום תוס,מיליליטרים,750.00,"100 מ""ל",false,,49.90,0.0665,true,1,44046
87752011713,true,יין גאולה רויאל יבש,,,יין גאולה רויאל יבש,,0.00,,false,,19.90,0.0000,true,1,5607
87752012994,true,יין שרדונה גנס 750 מ,,,יין שרדונה גנס 750 מ,,0.00,,false,,48.90,0.0000,true,1,10489
87752014875,true,יין אדום מתוק פיאמונ,,,יין אדום מתוק פיאמונ,,0.00,,false,,49.90,0.0000,true,1,10493
87752015315,true,יין מוסקטו פינק גנס,,,יין מוסקטו פינק גנס,,0.00,,false,,48.90,0.0000,true,1,10490
96619016273,false,סירופ מייפל 1 ליטר ק,קיקומן פודז אינק,US,סירופ מייפל 1 ליטר ק,קילוגרמים,1.00,ליטר,false,,79.90,79.9000,true,1,64482
96619115471,false,קפסולות ג'ל כביסה או,מקברייד,BE,קפסולות ג'ל כביסה או,גרמים,882.00,100 גרם,false,,44.90,0.0509,true,1,64232
96619164998,false,פלפל שחור גרוס קירקל,קוסקו הולסייל,US,פלפל שחור גרוס קירקל,גרמים,359.00,100 גרם,false,,4.90,0.0136,true,1,52651
96619194162,false,נוזל כביסה בניחוח לב,קוסקו הולסייל,US,נוזל כביסה בניחוח לב,קילוגרמים,5.73,ליטר,false,,69.90,12.1990,true,1,55059
96619199914,false,וודקה קירקלנד 1.75 ל,,,וודקה קירקלנד 1.75 ל,קילוגרמים,1.75,ליטר,false,,99.90,57.0857,true,1,18689
96619206841,false,תרסיס שמן קנולה קירק,,,תרסיס שמן קנולה קירק,מיליליטרים,394.00,"100 מ""ל",false,,22.90,0.0581,true,1,49063
96619215645,false,שקיות אשפה ענק קירקל,,,שקיות אשפה ענק קירקל,Unknown,0.00,יחידה,false,,99.90,0.0000,true,1,47370
96619251810,false,שום גבישי קליפורניה,קוסקו הולסייל,US,שום גבישי קליפורניה,גרמים,510.00,100 גרם,false,,4.90,0.0096,true,1,52653
96619332717,false,מלח גס ים תיכוני עם,קוסקו הולסייל,US,מלח גס ים תיכוני עם,גרמים,737.00,100 גרם,false,,19.90,0.0270,true,1,52655
96619332724,false,פלפל שחור שלם עם מטח,קוסקו הולסייל,US,פלפל שחור שלם עם מטח,גרמים,356.00,100 גרם,false,,4.90,0.0138,true,1,52656
96619365395,false,כורכום קירקלנד 340 ג,קוסקו הולסייל,US,כורכום קירקלנד 340 ג,גרמים,340.00,100 גרם,false,,4.90,0.0144,true,1,55983
96619713165,false,מטלית מיקרופייבר קיר,,,מטלית מיקרופייבר קיר,Unknown,0.00,יחידה,false,,99.90,0.0000,true,1,14403
97643044553,false,שוקולד טבלה שוויצרי מריר 85% שמרלינג 100ג',,,שוקולד שמרלינג מריר,גרמים,100.00,100 גרם,false,,11.50,0.1150,true,1,25831
97643051445,false,שוקולד רוזמרי מוקה שויצרי 100 גרם,,,שוקולד שמרלינג פרלין,גרמים,100.00,100 גרם,false,,11.50,0.1150,true,1,5677
97643082449,false,שמרלינגס שוקולד רוזמרי 100ג,מסטרני,CH,שוקולד שמרלינג פרלין,גרמים,100.00,100 גרם,false,,11.50,0.1150,true,1,5673
97643082548,false,שמרלינגס שוקולד מריר רוזמרי 100ג,מסטרני,CH,שוקולד שמרלינג מריר,גרמים,100.00,100 גרם,false,,11.50,0.1150,true,1,5674
97643090345,false,"שוקולד טבלה רוזמרי חלבי לל""ס 100 גר'",,,שוקולד שמרלינג חלב ל,גרמים,100.00,100 גרם,false,,13.90,0.1390,true,1,10427
97643090444,false,שוקולד רוזמרי פרווה ללא סוכר 100 גר',,,שוקולד שמרלינג פרווה,גרמים,100.00,100 גרם,false,,13.90,0.1390,true,1,10428
194961000169,false,שוקולד שניידרס לבן 1,שניידרס,FR,שוקולד שניידרס לבן 1,גרמים,100.00,100 גרם,false,,8.90,0.0890,true,1,64960
194961000176,false,שוקולד שניידרס לבן ש,שניידרס,FR,שוקולד שניידרס לבן ש,גרמים,100.00,100 גרם,false,,8.90,0.0890,true,1,64961
194961000404,false,ביסקוויט בציפוי שוקו,שניידרס,FR,ביסקוויט בציפוי שוקו,גרמים,150.00,100 גרם,false,,12.90,0.0860,true,1,59364
194961000411,false,ממרח שוקולד וניל שני,SHNEIDER'S,NL,ממרח שוקולד וניל שני,גרמים,700.00,100 גרם,false,,21.90,0.0313,true,1,54426
194961000435,false,סוכריות קנדי פלנט לב,שניידרס,FR,סוכריות קנדי פלנט לב,גרמים,150.00,100 גרם,false,,9.90,0.0660,true,1,57334
194961001432,false,עוגיות פתיבר חמאה שנ,שניידרס,FR,עוגיות פתיבר חמאה שנ,גרמים,167.00,100 גרם,false,,9.90,0.0593,true,1,62726
194961001500,false,עוגיות חמאה שניידס 1,שניידרס,FR,עוגיות חמאה שניידס 1,גרמים,125.00,100 גרם,false,,9.90,0.0792,true,1,62728
194961001647,false,עוגיות חמאה שוקולד צ,שניידרס,FR,עוגיות חמאה שוקולד צ,גרמים,167.00,100 גרם,false,,9.90,0.0593,true,1,63166
194961002330,false,שוקולד שניידרס חלב ג,שניידרס,FR,שוקולד שניידרס חלב ג,גרמים,100.00,100 גרם,false,,8.90,0.0890,true,1,64962
308910525744,false,אטריות אורז דקות מזר,ליאן תאי רייס,TH,אטריות אורז דקות מזר,מיליליטרים,454.00,"100 מ""ל",false,,10.50,0.0231,true,1,49702
659824938089,false,כפפות לטקס 100 יח',,TH,כפפות לטקס 100 יח',Unknown,0.00,יחידה,false,,27.90,0.0000,true,1,51965
675470000142,false,נייר אפיה קשת 72 יח,טופ פלסט 2002 בעמ,IL,נייר אפיה קשת 72 יח,Unknown,0.00,יחידה,false,,9.90,0.0000,true,1,19431
689423005009,true,ציפס בצל שום 142 גרם,,,ציפס בצל שום 142 גרם,,0.00,,false,,11.90,0.0000,true,1,10574
693493008686,false,פרוביוטיקה 50B,,,פרוביוטיקה 50B,Unknown,0.00,יחידה,false,,59.90,0.0000,true,1,62963
693493034456,false,סרדין מרוקאי בשמן זי,אטלנטיק הום סרדינס א,MA,סרדין מרוקאי בשמן זי,גרמים,125.00,100 גרם,false,,5.90,0.0472,true,1,50684
693493034524,false,מארז פילה אנשובי בשמ,פאטינה פוד,MA,מארז פילה אנשובי בשמ,גרמים,200.00,100 גרם,false,,21.90,0.1095,true,1,59153
693493089319,false,מולטי ויטמין אקסטרה,,,מולטי ויטמין אקסטרה,Unknown,0.00,יחידה,false,,59.90,0.0000,true,1,58969
693493089340,false,ויטמין C לא חומצי +,,,ויטמין C לא חומצי +,Unknown,0.00,יחידה,false,,59.90,0.0000,true,1,58964
693493089371,false,ויטמין C לא חומצי 10,,,ויטמין C לא חומצי 10,Unknown,0.00,יחידה,false,,59.90,0.0000,true,1,58965
693493089388,false,"חומצה פולית 400 מק""ג",,,"חומצה פולית 400 מק""ג",Unknown,0.00,יחידה,false,,59.90,0.0000,true,1,58970
693493089425,false,פרוביוטיקה אקסטרה פא,,,פרוביוטיקה אקסטרה פא,Unknown,0.00,יחידה,false,,59.90,0.0000,true,1,58968
693493089463,false,דובוני ויטמין D לילד,,,דובוני ויטמין D לילד,Unknown,0.00,יחידה,false,,39.90,0.0000,true,1,58992
693493089487,false,דובוני מולטי ויטמין,,,דובוני מולטי ויטמין,Unknown,0.00,יחידה,false,,39.90,0.0000,true,1,58972
693493089548,false,קומפלקס ויטמין B אקס,,,קומפלקס ויטמין B אקס,Unknown,0.00,יחידה,false,,59.90,0.0000,true,1,58974
693493089586,false,מולטי ויטמין + ברזל,,,מולטי ויטמין + ברזל,Unknown,0.00,יחידה,false,,39.90,0.0000,true,1,61157
693493089661,false,קולגן פלוס ויטל,,,קולגן פלוס ויטל,Unknown,0.00,יחידה,false,,89.90,0.0000,true,1,62900
693493089685,false,תוסף ברזל נוזלי אקסט,,,תוסף ברזל נוזלי אקסט,Unknown,0.00,יחידה,false,,59.90,0.0000,true,1,63711
693493113687,false,מארז פילה אנשובי וצל,,,מארז פילה אנשובי וצל,גרמים,200.00,100 גרם,false,,21.90,0.1095,true,1,64883
693493192514,false,אבקת חלבון בטעם וניל,,,אבקת חלבון בטעם וניל,גרמים,400.00,100 גרם,false,,69.00,0.1725,true,1,64249
693493192521,false,אבקת חלבון בטעם שוקו,,,אבקת חלבון בטעם שוקו,גרמים,400.00,100 גרם,false,,69.00,0.1725,true,1,64250
693493192569,false,תמצית ולריאן כמוסות,,,תמצית ולריאן כמוסות,Unknown,0.00,יחידה,false,,59.90,0.0000,true,1,62898
710069082236,false,חרדל גפן 454 גרם,,,חרדל גפן 454 גרם,גרמים,454.00,100 גרם,false,,9.90,0.0218,true,1,23696
710069082403,true,חרדל חום 340 גרם,,,חרדל חום 340 גרם,,0.00,,false,,9.90,0.0000,true,1,10575
710069305168,false,רסק תפוחים תות גפן 6,,,רסק תפוחים תות גפן 6,גרמים,672.00,100 גרם,false,,15.90,0.0237,true,1,6629
710069812031,false,רוטב פיצה רגיל גפן 7,,,רוטב פיצה רגיל גפן 7,גרמים,737.00,100 גרם,false,,13.90,0.0189,true,1,11930
710069812048,false,רוטב עגבניות בזיליקום גפן 737ג',,,רוטב פיצה אורגנו גפן,גרמים,737.00,100 גרם,false,,13.90,0.0189,true,1,12042
710069812147,false,"רסק תפו""ע גפן 1.36 ק",,,"רסק תפו""ע גפן 1.36 ק",פריט,1.36,"ק""ג",false,,19.90,14.6324,true,1,56337
710069812154,false,"רסק תפו""ע גפן ללא סו",,,"רסק תפו""ע גפן ללא סו",פריט,1.36,"ק""ג",false,,19.90,14.6324,true,1,58114
710069812161,false,רסק תפוחים גפן 6*112,,,רסק תפוחים גפן 6*112,גרמים,672.00,100 גרם,false,,15.90,0.0237,true,1,58261
710069812178,false,רסק תפוחים ללא סוכר,,,רסק תפוחים ללא סוכר,גרמים,672.00,100 גרם,false,,15.90,0.0237,true,1,58262
712963001801,false,שוקולד מריר עלים עם שברי אגוזים 125 גר',,,עלי שוקולד מריר גרוס,גרמים,125.00,100 גרם,false,,16.90,0.1352,true,1,3400
712963001818,false,שוקולד עלים מריר בטעם תפוז 125 גר',,,עלי שוקולד מריר תפוז,גרמים,125.00,100 גרם,false,,16.90,0.1352,true,1,11563
712963001832,false,"גרוס עלי שוקולד בד""צ חלב 125גר",,,עלי שוקולד חלב גרוס,גרמים,125.00,100 גרם,false,,16.90,0.1352,true,1,11560
712963001849,false,גרוס עלי שוקולד חלב אגוזים 125 גרם,,,עלי שוקולד חלב אגוזי,גרמים,125.00,100 גרם,false,,16.90,0.1352,true,1,11561
712963001856,false,"גרוס עלי שוקולד בד""צ קרמל 125ג",,,עלי שוקולד חלב קרמל,גרמים,125.00,100 גרם,false,,16.90,0.1352,true,1,11562
712963003805,false,"חטיף שוקולד מאי וואי 40 גר בד""ץ",,,חטיף שוקולד מאי 40 ג,גרמים,40.00,100 גרם,false,,3.60,0.0900,true,1,32116
712963003812,false,חטיף שוקולד קרמל ובוטנים 40ג',,,חטיף שוקולד קראנץ בו,גרמים,40.00,100 גרם,false,,3.60,0.0900,true,1,32117
712963004758,false,שוקולד חלב ממולא קרם קרמל 100 ג',גרוסליין,HR,שוקולד גרוס חלב במיל,גרמים,100.00,100 גרם,false,,7.90,0.0790,true,1,62337
712963004772,false,שוקולד חלב ממולא קרם תות 100 ג',גרוסליין,HR,שוקולד גרוס חלב במיל,גרמים,100.00,100 גרם,false,,7.90,0.0790,true,1,62338
712963004932,false,שוקולד דקיק מילוי קרם פטל 200 גר',,,בונבוניירה דקיקי פטל,גרמים,200.00,100 גרם,false,,14.90,0.0745,true,1,48683
712963004970,false,שוקולד מריר 60% גרוס 90 גר',זוקו,,שוקולד מריר 60% גרוס,גרמים,90.00,100 גרם,false,,6.90,0.0767,true,1,49277
712963005410,false,שוקו GO במילוי קרם חלב 115 גר' גרוסליין,גרוסליין,HR,שוקולד GO גרוס במילו,גרמים,80.00,100 גרם,false,,6.80,0.0850,true,1,62391
712963005441,false,שוקו GO במילוי קרם בוטנים 115 גר' גרוסליין,גרוסליין,HR,שוקולד GO גרוס במילו,גרמים,80.00,100 גרם,false,,6.80,0.0850,true,1,62392
712963005502,false,שוקו GO במילוי כרמל 115 גר' גרוסליין,גרוסליין,HR,שוקולד GO גרוס במילו,גרמים,80.00,100 גרם,false,,6.80,0.0850,true,1,62394
712963005557,false,"שוקולד חלב לל""ס 100 גר'",גרוסליין,HR,"שוקולד גרוס חלב ללת""",גרמים,100.00,100 גרם,false,,14.90,0.1490,true,1,62914
712963005588,false,שוקולד גרוס מריר ללת,גרוסליין,HR,שוקולד גרוס מריר ללת,גרמים,100.00,100 גרם,false,,14.90,0.1490,true,1,62916
712963005601,false,שוקולד גרוס חלב עם ש,גרוסליין,HR,שוקולד גרוס חלב עם ש,גרמים,100.00,100 גרם,false,,14.90,0.1490,true,1,62917
712963005724,false,שוקולד חלב במילוי קרם חלב 100 גרם,גרוסליין,HR,שוקולד גרוס חלב במיל,גרמים,100.00,100 גרם,false,,7.90,0.0790,true,1,62340
712963005755,false,שוקולד חלב ממולא מוס 100 גרם,גרוסליין,HR,שוקולד גרוס חלב במיל,גרמים,100.00,100 גרם,false,,7.90,0.0790,true,1,62341
712963005922,false,שוקולד עלים מריר מנטה 125 גר',,,עלי שוקולד מריר מנטה,גרמים,125.00,100 גרם,false,,16.90,0.1352,true,1,64832
722776001509,false,ממתיק ספלנדה 1200 יח,,,ממתיק ספלנדה 1200 יח,פריט,1.20,"ק""ג",false,,129.90,108.2500,true,1,29215
722776002445,false,מארז ממתיק ספלנדה שק,,,מארז ממתיק ספלנדה שק,גרמים,715.00,100 גרם,false,,89.90,0.1257,true,1,36538
729010792018,true,תחתון ללא תפר ביקיני,,,תחתון ללא תפר ביקיני,Unknown,0.00,יחידה,false,,6.90,0.0000,true,1,13559
732973006009,false,דג וייטפיש 624 גר' קפוא,Ocean Gourmet,US,קציצות דג וויט פיש א,גרמים,624.00,100 גרם,false,,34.90,0.0559,true,1,5242
744985658817,false,סלמי בקר ONEG 200 ג,דליקטס,IL,סלמי בקר ONEG 200 ג,גרמים,200.00,100 גרם,false,,24.90,0.1245,true,1,65132
768404001640,false,"גלידה בן&ג'ריס קפה משפחתית 500מ""ל",מוצרי איכות אמריקאיי,IL,גלידת שמנת בן אנד גר,מיליליטרים,500.00,"100 מ""ל",false,,16.90,0.0338,true,1,42632
769904000607,false,שקדי מרק ללא גלוטן 200 גר',גיי אפ פי ייצור מזון,IL,"שקדי מרק משובח כל""פ",גרמים,200.00,100 גרם,false,,9.90,0.0495,true,1,4525
769904000645,false,"שקדי מרק משובח 200 גר' בד""צ",גיי אפ פי ייצור מזון,IL,"שקדי מרק משובח כשל""פ",גרמים,200.00,100 גרם,false,,9.90,0.0495,true,1,2599
769904001420,true,חטיפי בוקר בטעם שוקו,,,חטיפי בוקר בטעם שוקו,גרמים,0.00,100 גרם,false,,13.90,0.0000,true,1,50381
769904001437,true,חטיפי בוקר בטעם דבש,,,חטיפי בוקר בטעם דבש,גרמים,0.00,100 גרם,false,,13.90,0.0000,true,1,50382
769904001444,true,חטיפי בוקר בטעם פירו,,,חטיפי בוקר בטעם פירו,גרמים,0.00,100 גרם,false,,13.90,0.0000,true,1,50383
769904001451,true,חטיפי בוקר בטעם מתוק,,,חטיפי בוקר בטעם מתוק,גרמים,0.00,100 גרם,false,,13.90,0.0000,true,1,50384
786150000281,false,שישיית בירה חזקה לף בראון,לף Leffe,,מארז בירה לף בראון 6,קילוגרמים,1.98,ליטר,false,,49.90,25.2020,true,1,55080
811146030307,false,מארז סוכריות אודלס ס,JUNDILONG FOODS COMP,CN,מארז סוכריות אודלס ס,גרמים,384.00,100 גרם,false,,19.90,0.0518,true,1,52313
811146030383,false,סוכריות קשות לקקן בצורת ספינר 12 יחי',פרימיום פודס,CN,סוכריות קשות בצורת ס,גרמים,180.00,100 גרם,false,,11.90,0.0661,true,1,48618
811146030390,false,סוכריות קשות לקקן בצורת שבשבת 12 יחי',פרימיום פודס,CN,סוכריות קשות בצורת ש,גרמים,180.00,100 גרם,false,,11.90,0.0661,true,1,48619
811146030666,false,לקקן טוויסטי פופ בור,פרימיום פודס,CN,לקקן טוויסטי פופ בור,גרמים,408.00,100 גרם,false,,29.90,0.0733,true,1,49032
811146030680,false,לקקן טוויסטי פופ עגו,פרימיום פודס,CN,לקקן טוויסטי פופ עגו,גרמים,408.00,100 גרם,false,,29.90,0.0733,true,1,49034
811146030758,false,פרו-זיפס פירות בשקית 255 גר',גוגרנולא פוד אינדסטר,PK,סוכריות טופי פרוזיפס,גרמים,255.00,100 גרם,false,,9.90,0.0388,true,1,59107
811146030765,false,פרו-זיפס כפול פירות בשקית 255 גר',גוגרנולא פוד אינדסטר,PK,סוכריות טופי פרוזיפס,גרמים,255.00,100 גרם,false,,9.90,0.0388,true,1,59108
811146031007,false,לקקן טוויסטי פופ לב,פרימיום פודס,CN,לקקן טוויסטי פופ לב,גרמים,408.00,100 גרם,false,,29.90,0.0733,true,1,64355
811146031359,false,לקקן טוויסטי פופ סבי,קואנזו שנגואון פוד ק,CN,לקקן טוויסטי פופ סבי,Unknown,0.00,יחידה,false,,29.90,0.0000,true,1,64885
811146031397,false,ספין פופ לקקן סביבון,צ'אן אן צ'אונגטסוי פ,CN,ספין פופ לקקן סביבון,גרמים,156.00,100 גרם,false,,11.90,0.0763,true,1,64886
835811000068,false,מגבוני טואלט קשת 3*4,עלבד משואות יצחק,IL,מגבוני טואלט קשת 3*4,Unknown,0.00,יחידה,false,,11.90,0.0000,true,1,48141
835811000075,false,עדשים ירוקות הנמל 1.,הנמל,IL,עדשים ירוקות הנמל 1.,פריט,1.20,"ק""ג",false,,13.90,11.5833,true,1,52243
835811000099,false,עדשים אדומות הנמל 1.,הנמל,IL,עדשים אדומות הנמל 1.,פריט,1.20,"ק""ג",false,,13.90,11.5833,true,1,52244
835811000112,false,שעועית לחמין הנמל 1.,הנמל,IL,שעועית לחמין הנמל 1.,פריט,1.20,"ק""ג",false,,14.90,12.4167,true,1,52245
835811000136,false,"כוסמת הנמל 1.2 ק""ג",הנמל,IL,"כוסמת הנמל 1.2 ק""ג",פריט,1.20,"ק""ג",false,,12.90,10.7500,true,1,52246
835811000143,false,מפת ניילון בגליל 40 מטר הנמל,,IL,מפת ניילון בגליל 1.5,Unknown,0.00,יחידה,false,,29.90,0.0000,true,1,61342
835811000150,false,"בורגול הנמל 1.2 ק""ג",הנמל,IL,"בורגול הנמל 1.2 ק""ג",פריט,1.20,"ק""ג",false,,8.90,7.4167,true,1,52247
835811000174,false,שעועית לבנה הנמל 1.2,הנמל,IL,שעועית לבנה הנמל 1.2,פריט,1.20,"ק""ג",false,,13.90,11.5833,true,1,52248
835811000204,false,צמרוני אזניים עץ הנמ,גרנג יוניברס,CN,צמרוני אזניים עץ הנמ,Unknown,0.00,יחידה,false,,4.90,0.0000,true,1,46950
835811000228,false,"חומוס הנמל 1.2 ק""ג",הנמל,IL,"חומוס הנמל 1.2 ק""ג",פריט,1.20,"ק""ג",false,,13.90,11.5833,true,1,52249
835811000280,false,גריסי פנינה הנמל 1.2,הנמל,IL,גריסי פנינה הנמל 1.2,פריט,1.20,"ק""ג",false,,9.90,8.2500,true,1,52251
835811000303,false,"אפונה הנמל 1.2 ק""ג",הנמל,IL,"אפונה הנמל 1.2 ק""ג",פריט,1.20,"ק""ג",false,,8.90,7.4167,true,1,52252
835811000310,false,ספוג לניקוי קשת 4 יח,,IL,ספוג לניקוי קשת 4 יח,Unknown,0.00,יחידה,false,,10.90,0.0000,true,1,49674
835811000327,false,חומוס ענק הנמל 1.2 ק,הנמל,IL,חומוס ענק הנמל 1.2 ק,פריט,1.20,"ק""ג",false,,21.90,18.2500,true,1,52253
835811000334,false,ספוגיות לניקוי קשת 1,סדובסקי,IL,ספוגיות לניקוי קשת 1,Unknown,0.00,יחידה,false,,10.90,0.0000,true,1,49675
835811000341,false,"חיטה הנמל 1.2 ק""ג",הנמל,IL,"חיטה הנמל 1.2 ק""ג",פריט,1.20,"ק""ג",false,,8.90,7.4167,true,1,52254
835811000358,false,מטליות לניקוי כללי מ,סדובסקי,IL,מטליות לניקוי כללי מ,Unknown,0.00,יחידה,false,,19.90,0.0000,true,1,50262
835811000365,false,מטליות רצפה מיקרופיי,סדובסקי,IL,מטליות רצפה מיקרופיי,Unknown,0.00,יחידה,false,,29.90,0.0000,true,1,50263
835811000372,false,שקיות הקפאה למזון נשלף 100 יח',זמזמ תעשיות פלסטיק,IL,שקיות הקפאה עבות הנמ,Unknown,0.00,יחידה,false,,9.90,0.0000,true,1,45612
835811000389,false,שקיות אוכל למזון נשלף 200 יח',זמזמ תעשיות פלסטיק,IL,שקיות אוכל עבות הנמל,Unknown,0.00,יחידה,false,,9.90,0.0000,true,1,45613
835811000396,false,נייר אפיה לתבנית מוארכת - מארז 30 ניירות,הנמל,CN,נייר אפיה לתבנית מאו,Unknown,0.00,יחידה,false,,9.90,0.0000,true,1,48416
835811000464,false,"תמצית מטעם רום 250 מ""ל הנמל",,IL,תמצית רום הנמל 250 מ,מיליליטרים,250.00,"100 מ""ל",false,,8.90,0.0356,true,1,46054
835811000471,false,"תמצית מטעם וניל 250 מ""ל",,IL,תמצית בטעם וניל הנמל,מיליליטרים,250.00,"100 מ""ל",false,,8.90,0.0356,true,1,46055
835811000501,false,סירופ מייפל טהור 100% 250 גר',פרסטייל מייפל,CA,סירופ מייפל 100% דלי,גרמים,250.00,100 גרם,false,,21.90,0.0876,true,1,64113
835811000518,false,תמצית וניל טהור הנמל,,IL,תמצית וניל טהור הנמל,מיליליטרים,29.00,"100 מ""ל",false,,21.90,0.7552,true,1,64217
835811000549,false,מגבוני טואלט מועשר ב,עלבד משואות יצחק,IL,מגבוני טואלט מועשר ב,Unknown,0.00,יחידה,false,,11.90,0.0000,true,1,64619
835811000693,false,כוסיות לחיים מרובעות,ביירט,CN,כוסיות לחיים מרובעות,Unknown,0.00,יחידה,false,,17.90,0.0000,true,1,47385
835811000709,false,מטליות לניקוי רצפה ק,,,מטליות לניקוי רצפה ק,Unknown,0.00,יחידה,false,,6.90,0.0000,true,1,46968
835811000723,false,נרות חימום 100 יח הנ,מולר פבריקה נרות,PL,נרות חימום 100 יח הנ,Unknown,0.00,יחידה,false,,17.90,0.0000,true,1,46958
835811000730,false,גליליות וופל למילוי 15 יח` 150 גר`**ללא החזרות**,גילרו,IL,מארז גליליות הנמל למ,גרמים,150.00,100 גרם,false,,14.90,0.0993,true,1,47711
835811000747,false,מזלגות איכותיות קרם,מיקרו,TR,מזלגות איכותיות קרם,Unknown,0.00,יחידה,false,,26.90,0.0000,true,1,47456
835811000754,false,כפות איכותיות קרם בל,מיקרו,TR,כפות איכותיות קרם בל,Unknown,0.00,יחידה,false,,26.90,0.0000,true,1,47457
835811000761,false,כפיות איכותיות קרם ב,מיקרו,TR,כפיות איכותיות קרם ב,Unknown,0.00,יחידה,false,,26.90,0.0000,true,1,47458
835811000785,false,מזלגות איכותיות שקוף,מיקרו,TR,מזלגות איכותיות שקוף,Unknown,0.00,יחידה,false,,26.90,0.0000,true,1,47460
835811000792,false,כפות איכותיות שקוף ב,מיקרו,TR,כפות איכותיות שקוף ב,Unknown,0.00,יחידה,false,,26.90,0.0000,true,1,47461
835811000808,false,כפיות איכותיות שקוף,מיקרו,TR,כפיות איכותיות שקוף,Unknown,0.00,יחידה,false,,26.90,0.0000,true,1,47462
835811000815,false,סכינים איכותיים שקוף,מיקרו,TR,סכינים איכותיים שקוף,Unknown,0.00,יחידה,false,,26.90,0.0000,true,1,47455
835811000860,false,מפיות מודפסות תלת שכ,דקו פרינט,DE,מפיות מודפסות תלת שכ,Unknown,0.00,יחידה,false,,9.90,0.0000,true,1,49247
835811000907,false,כוסות יין מעוטרות כס,,TR,כוסות יין מעוטרות כס,Unknown,0.00,יחידה,false,,7.90,0.0000,true,1,52256
835811001096,false,סוכריות לקישוט מיני,ממתקי עלה,IL,סוכריות לקישוט מיני,גרמים,400.00,100 גרם,false,,17.90,0.0447,true,1,49919
835811001133,true,קוקוס הנמל 400 גרם,,,קוקוס הנמל 400 גרם,גרמים,0.00,100 גרם,false,,9.90,0.0000,true,1,50315
835811001232,false,"נייר אפיה לתבנית עגולה 26 ס""מ - מארז 10 ניירות",האנג טונג,CN,נייר אפיה לתבנית עגו,Unknown,0.00,יחידה,false,,9.90,0.0000,true,1,55783
835811001300,false,סט אירוח צלחות ונציה,מיקרון מקינה,TR,סט אירוח צלחות ונציה,Unknown,0.00,יחידה,false,,36.90,0.0000,true,1,52258
835811001317,false,סט צלחות שטוחות נצנצ,מיקרון מקינה,TR,סט צלחות שטוחות נצנצ,Unknown,0.00,יחידה,false,,36.90,0.0000,true,1,52259
835811001324,false,סט מרקיות ולפתניות צ,מיקרון מקינה,TR,סט מרקיות ולפתניות צ,Unknown,0.00,יחידה,false,,34.90,0.0000,true,1,52260
835811001331,false,סט מרקיות ולפתניות נ,מיקרון מקינה,TR,סט מרקיות ולפתניות נ,Unknown,0.00,יחידה,false,,34.90,0.0000,true,1,52261
835811001355,false,כוסות מרובעות בלו שי,בי רייט,CN,כוסות מרובעות בלו שי,Unknown,0.00,יחידה,false,,29.90,0.0000,true,1,52262
835811001409,false,"תבנית ח""פ עבה רוסטר",אופל אריזות בעמ,IL,"תבנית ח""פ עבה רוסטר",Unknown,0.00,יחידה,false,,19.90,0.0000,true,1,56053
835811001416,false,"תבנית ח""פ עבה לחלה 1",אופל אריזות בעמ,IL,"תבנית ח""פ עבה לחלה 1",Unknown,0.00,יחידה,false,,19.90,0.0000,true,1,56054
835811001423,false,"תבנית ח""פ עבה רוסטר",אופל אריזות בעמ,IL,"תבנית ח""פ עבה רוסטר",Unknown,0.00,יחידה,false,,19.90,0.0000,true,1,56055
835811001430,false,"תבנית ח""פ עבה רוסטר",אופל אריזות בעמ,IL,"תבנית ח""פ עבה רוסטר",Unknown,0.00,יחידה,false,,19.90,0.0000,true,1,56056
835811001454,false,גפרורים ארוך מאוד הנ,נור,SE,גפרורים ארוך מאוד הנ,Unknown,0.00,יחידה,false,,9.90,0.0000,true,1,56339
835811001461,false,גפרורים בינוני הנרות,,IL,גפרורים בינוני הנרות,Unknown,0.00,יחידה,false,,5.90,0.0000,true,1,56814
835811001621,false,"קינואה הנמל 1.2 ק""ג",הנמל,IL,"קינואה הנמל 1.2 ק""ג",פריט,1.20,"ק""ג",false,,19.90,16.5833,true,1,55148
835811001713,false,"נילון נצמד 150 מ' רוחב 30 ס""מ",ווינפאק סחר בעמ,IL,ניילון נצמד הנמל 150,מטרים,150.00,מטר,false,,14.90,0.0993,true,1,19501
835811001782,false,זוג מזלגות הגשה מפלס,מיקרון מקינה,TR,זוג מזלגות הגשה מפלס,Unknown,0.00,יחידה,false,,2.90,0.0000,true,1,16742
835811001805,false,כוס קינוח אלגנטית 12 יח' +מכסה 120 CC,מיקרו,CN,כוס קינוח אלגנטית +,Unknown,0.00,יחידה,false,,11.90,0.0000,true,1,16746
835811001928,false,קוקטים לאפייה 50 יח 3 אונז (מקרטון צבעוני),בי רייט,CN,תבניות אישיות לאפיה,Unknown,0.00,יחידה,false,,6.90,0.0000,true,1,13794
835811002239,false,מאפינס צבעוני מס' 3 הנמל 200 יח',יונק,,מאפינס צבעוני 200 יח,Unknown,0.00,יחידה,false,,8.90,0.0000,true,1,26788
835811002246,false,מאפינס צבעוני מס' 2 הנמל 200 יח',יונק,,מאפינס צבעוני 200 יח,Unknown,0.00,יחידה,false,,7.90,0.0000,true,1,26787
835811002253,false,מאפינס צבעוני 200 יח` מס` 1.5,יונק,,מאפינס צבעוני 200 יח,Unknown,0.00,יחידה,false,,6.90,0.0000,true,1,26786
835811002277,false,"שיפודים במבוק עבים 35 ס""מ 50 יח'",גרנג יוניברס,CN,שיפודי במבוק עבים הנ,Unknown,0.00,יחידה,false,,5.90,0.0000,true,1,57221
835811002406,false,מטליות רצפה מותאם למ,עופרטקס תעשיות 1997,IL,מטליות רצפה מותאם למ,Unknown,0.00,יחידה,false,,19.90,0.0000,true,1,21374
835811002451,false,נרות צבעוני 6 שעות 2,מולר פבריקה נרות,PL,נרות צבעוני 6 שעות 2,Unknown,0.00,יחידה,false,,12.90,0.0000,true,1,20151
835811002628,false,ופל קראנץ עלמה 60 יח,גילרו,IL,ופל קראנץ עלמה 60 יח,גרמים,720.00,100 גרם,false,,17.90,0.0249,true,1,54473
835811002703,false,סט אירוח צלחות ונציה,מיקרון מקינה,TR,סט אירוח צלחות ונציה,Unknown,0.00,יחידה,false,,36.90,0.0000,true,1,55477
835811002970,false,סט אירוח צלחות ונציה,מיקרון מקינה,TR,סט אירוח צלחות ונציה,Unknown,0.00,יחידה,false,,36.90,0.0000,true,1,56599
835811002987,false,סט אירוח צלחות ונציה,מיקרון מקינה,TR,סט אירוח צלחות ונציה,Unknown,0.00,יחידה,false,,36.90,0.0000,true,1,56600
835811002994,false,סט מרקיות ולפתניות צ,מיקרון מקינה,TR,סט מרקיות ולפתניות צ,Unknown,0.00,יחידה,false,,34.90,0.0000,true,1,56601
835811003007,false,סט מרקיות ולפתניות צ,מיקרון מקינה,TR,סט מרקיות ולפתניות צ,Unknown,0.00,יחידה,false,,34.90,0.0000,true,1,56602
835811003106,false,כפות הגשה שקוף 10 יח' הנמל,מיקרון מקינה,TR,כפות הגשה מפלסטיק שק,Unknown,0.00,יחידה,false,,12.90,0.0000,true,1,61376
835811003113,false,מזלגות איכותיות שקוף,מיקרו,TR,מזלגות איכותיות שקוף,Unknown,0.00,יחידה,false,,26.90,0.0000,true,1,57765
835811003120,false,כפות איכותיות שקוף נ,מיקרו,TR,כפות איכותיות שקוף נ,Unknown,0.00,יחידה,false,,26.90,0.0000,true,1,57766
835811003137,false,כפיות איכותיות שקוף,מיקרו,TR,כפיות איכותיות שקוף,Unknown,0.00,יחידה,false,,26.90,0.0000,true,1,57763
835811003144,false,סכינים איכותיים שקוף,מיקרו,TR,סכינים איכותיים שקוף,Unknown,0.00,יחידה,false,,26.90,0.0000,true,1,57764
835811003199,false,נייר אפיה לתבנית מרובע 6X32 16 יח',,CN,נייר אפיה לתבנית מלב,Unknown,0.00,יחידה,false,,17.90,0.0000,true,1,58643
835811003328,false,"תבנית ח""פ עבות במיוח",,IL,"תבנית ח""פ עבות במיוח",Unknown,0.00,יחידה,false,,44.90,0.0000,true,1,60410
835811003601,false,מקלוני כותנה לתינוק 90 יח`,ספה,TR,צמרוני אוזניים לתינו,Unknown,0.00,יחידה,false,,5.90,0.0000,true,1,37372
835811003670,false,סירופ בטעם שוקולד 60,O.S,,סירופ בטעם שוקולד 60,גרמים,600.00,100 גרם,false,,9.90,0.0165,true,1,32955
835811003694,false,מזוודה טישו משי הנמל 140*10 יח',לילה,TR,טישו הנמל 10*140 יח,Unknown,0.00,יחידה,false,,23.90,0.0000,true,1,32587
835811003700,false,סודה לשתייה הנמל 250,"פוליבה בע""מ",IL,סודה לשתייה הנמל 250,גרמים,250.00,100 גרם,false,,5.90,0.0236,true,1,51447
835811003861,true,מפת אלבד 1.4*2.7 מטר,,,מפת אלבד 1.4*2.7 מטר,Unknown,0.00,יחידה,false,,7.90,0.0000,true,1,45684
835811003878,false,"שקיות אשפה עם ידיות 50*70 ס""מ 40 יח'",זמזמ תעשיות פלסטיק,IL,שקיות אשפה עם ידיות,Unknown,0.00,יחידה,false,,11.90,0.0000,true,1,30337
835811004189,false,פרורי לחם מוזהבים בתוספת שומשום 800 גר',הנמל,IL,פירורי לחם מוזהבים ה,גרמים,800.00,100 גרם,false,,9.90,0.0124,true,1,64677
835811004202,false,מפות ניילון עבות הנמ,זמזמ תעשיות פלסטיק,IL,מפות ניילון עבות הנמ,Unknown,0.00,יחידה,false,,9.90,0.0000,true,1,36045
835811004219,false,מפות שולחן ניילון עבה הנמל 8 יח',זמזמ תעשיות פלסטיק,IL,מפות ניילון עבות הנמ,Unknown,0.00,יחידה,false,,9.90,0.0000,true,1,36046
835811004226,false,מפת ניילון בגליל 45 מטר,,IL,מפת ניילון בגליל 45,Unknown,0.00,יחידה,false,,29.90,0.0000,true,1,56424
835811004233,false,מפות ניילון 18 יח ה,זמזמ תעשיות פלסטיק,IL,מפות ניילון 18 יח ה,Unknown,0.00,יחידה,false,,16.90,0.0000,true,1,38384
835811004240,false,מפות ניילון 22 יח הנ,זמזמ תעשיות פלסטיק,IL,מפות ניילון 22 יח הנ,Unknown,0.00,יחידה,false,,16.90,0.0000,true,1,38383
835811004257,false,"רדיד אלומיניום 45 ס""מ 30 מטר 16 מיקרון",גי.טי,CN,נייר אלומיניום הנמל,מטרים,30.00,מטר,false,,19.90,0.6633,true,1,36104
835811004271,false,סלטינה אמריקאית 100 יח',ביירט,CN,צלחות סלטינה אמריקאי,Unknown,0.00,יחידה,false,,20.90,0.0000,true,1,44011
835811004417,false,ריבת חלב הנמל 340 גר,,,ריבת חלב הנמל 340 גר,גרמים,340.00,100 גרם,false,,11.90,0.0350,true,1,49395
835811004424,false,חלב מרוכז 340 גר פוליבה,פוליבה בעמ,IL,חלב מרוכז הנמל 340 ג,גרמים,340.00,100 גרם,false,,11.90,0.0350,true,1,39058
835811004523,false,קשים מיוחדים לשייק 75 יח הנמל,,CN,קשים לשייק הנמל 75 י,Unknown,0.00,יחידה,false,,6.90,0.0000,true,1,45012
835811004653,false,"תבנית אלומ` עבה משפחתית4 יח` 32X26 ס""מ",,,"תבניות ח""פ הנמל 4 יח",Unknown,0.00,יחידה,false,,8.90,0.0000,true,1,44012
835811004684,false,עטרות אלו` 3 לאפייה 100 יח` כסף /זהב,הנג טון,CN,מנגטים לאפייה כסף/זה,Unknown,0.00,יחידה,false,,6.90,0.0000,true,1,5712
835811004943,false,קעריות קסרול שקופות,אינפלסטיק בעמ,IL,קסרול שקוף אלגנט 10,Unknown,0.00,יחידה,false,,10.90,0.0000,true,1,5070
835811005025,false,סיר אלומיניום בינוני+מכסה 2יח 3.85 ליטר,קינפויל גאנגזו,CN,סיר אלומיניום בינוני,Unknown,0.00,יחידה,false,,14.90,0.0000,true,1,4894
835811005247,false,קערות מהודרות משובחות ואיכותיות,הנג טונג,CN,קערה שקופה 4 יח 4 או,Unknown,0.00,יחידה,false,,7.90,0.0000,true,1,7004
835811005421,false,"שיפודים עבים 25 ס""מ 75 יח` הנמל",שוורצקוף& הנקל דיסלד,IN,"שיפודים עבים 25 ס""מ",Unknown,0.00,יחידה,false,,2.50,0.0000,true,1,6130
835811005506,true,ספוג מגיק הנמל 6 יח,,,ספוג מגיק הנמל 6 יח,Unknown,0.00,יחידה,false,,5.90,0.0000,true,1,5549
835811005728,false,עלים לקרמשניט 400 גר`,רונית מאפים בעמ,IL,עלים לקרמשניט 400 גר,גרמים,400.00,100 גרם,false,,14.90,0.0373,true,1,9197
835811005735,false,כריות לכלים הנמל 12,סדובסקי,IL,כריות לכלים הנמל 12,Unknown,0.00,יחידה,false,,9.90,0.0000,true,1,8701
835811005803,false,שקיות אשפה עם ידיות 25 יח' X90-מרכז,תעשיות והשקעה אל רסא,IL,שקיות אשפה עם ידיות,Unknown,0.00,יחידה,false,,11.90,0.0000,true,1,13181
835811006046,false,ליפתן אמרקאיות 5 אונז` 100 יח`,בי רייט,CN,לפתניות אמריקאיות 10,Unknown,0.00,יחידה,false,,17.90,0.0000,true,1,18705
835811006176,false,כוס קינוח קריסטל 24 יח' 60 CC,מיקרון מקינה,TR,כוס קינוח קריסטלי 60,Unknown,0.00,יחידה,false,,14.90,0.0000,true,1,7740
835811006183,false,כוס קינוח קריסטל 24 יח` 120 C,מיקרון מקינה,TR,כוס קינוח קריסטלי 12,Unknown,0.00,יחידה,false,,14.90,0.0000,true,1,7739
835811006497,false,אבקת סוכר הנמל 500גר,ר.ס. חברה ליבוא ויצו,IL,אבקת סוכר הנמל 500 ג,גרמים,500.00,100 גרם,false,,6.90,0.0138,true,1,19432
835811006534,false,"כוסות קרטון לשתיה חמה 475 מ""ל",הנמל,CN,כוסות נייר 50 יח 16,Unknown,0.00,יחידה,false,,22.90,0.0000,true,1,12398
835811006589,false,כוס קינוח נאפולי 60C,מיקרו,CN,כוס קינוח נאפולי 60C,Unknown,0.00,יחידה,false,,11.90,0.0000,true,1,63472
835811006596,false,לפתן הגשה 6 אונז + מ,מיקרון מקינה,TR,לפתן הגשה 6 אונז + מ,Unknown,0.00,יחידה,false,,11.90,0.0000,true,1,10603
835811006763,false,הנמל תבניות אלומיניום לאפייה אישיות 20 יח,האנוי ואיוין אינטרנש,CN,"תבניות ח""פ לאפיה איש",Unknown,0.00,יחידה,false,,5.90,0.0000,true,1,9928
835811007166,false,כוסות חד פעמיות מקרטון עם מכסה פלסטיק,הנג טונג,IL,כוסות לקפה + מכסה 16,Unknown,0.00,יחידה,false,,12.90,0.0000,true,1,2685
835811007494,false,גלטין טהור מדגים 2 יח` 14 X גר`,ג'ליס פיוניר,IL,אבקת גלטין טהור הנמל,גרמים,28.00,100 גרם,false,,8.90,0.3179,true,1,2687
835811007562,false,תבניות קרטון אינגליש קייק 6יח` ארוז 29X9X6,דוקרט תעשיית אריזות,IL,תבניות קרטון אינגליש,Unknown,0.00,יחידה,false,,8.90,0.0000,true,1,2688
835811007661,false,שקיות הקפאה 200 יחידות,סאם גלובל תורכיה,CN,שקיות הקפאה הנמל 200,Unknown,0.00,יחידה,false,,6.90,0.0000,true,1,2689
835811007678,false,שקיות אוכל הנמל 200 יח',סאם גלובל תורכיה,CN,שקיות אוכל הנמל 200,Unknown,0.00,יחידה,false,,2.80,0.0000,true,1,2690
835811008132,false,כריות מתכת בגליל 6יח,שוורצקוף& הנקל דיסלד,CN,ספוג מתכת הנמל 6 יח,Unknown,0.00,יחידה,false,,9.90,0.0000,true,1,2693
835811008347,false,גפרור ארוך מאוד להבי,הנמל,SE,גפרורים ענק הנרות,Unknown,0.00,יחידה,false,,3.90,0.0000,true,1,2698
835811008606,false,"סיר אלומיניום ומכסה ח""פ הנמל 3 יח'",קינפויל/גאנגזו,CN,סיר אלומיניום 3 יחיד,Unknown,0.00,יחידה,false,,12.90,0.0000,true,1,3034
835811008729,false,צלחות ענק אמריקאיות הנמל 100 יח,בי רייט,CN,צלחות אמריקאיות ענק,Unknown,0.00,יחידה,false,,59.90,0.0000,true,1,18704
835811008736,false,"צלחות אמרקאיות גדול ח""פ 100 יח'",בי רייט,CN,צלחות אמריקאיות גדול,Unknown,0.00,יחידה,false,,48.90,0.0000,true,1,18703
835811008774,false,"צלחות אמריקאיות 7"" קטן ח""פ 100 יח'",בי רייט,CN,צלחות אמריקאיות קטנו,Unknown,0.00,יחידה,false,,29.90,0.0000,true,1,18702
835811008781,false,"מרקיות אמריקאיות 12OZ ח""פ 100 יח'",בי רייט,CN,"מרקיות אמריקאיות ח""פ",Unknown,0.00,יחידה,false,,29.90,0.0000,true,1,18701
835811008927,false,כוס ויסקי הנמל 10 יח,בי רייט,CN,כוס ויסקי הנמל 10 יח,Unknown,0.00,יחידה,false,,11.50,0.0000,true,1,64678
835811008996,false,"כוסות חד פעמי קרטון 295 מ""ל",הנמל,CN,כוסות נייר 50 יח 300,Unknown,0.00,יחידה,false,,13.90,0.0000,true,1,3025
835811009016,false,"כוסות אספרסו 120 מ""ל",הנמל,CN,כוסות נייר 50 יח 120,Unknown,0.00,יחידה,false,,6.90,0.0000,true,1,3026
835811009146,false,קערה קטן אובלי אלגנט,מיקרון מקינה,CN,קערה קטן אובלי אלגנט,Unknown,0.00,יחידה,false,,13.90,0.0000,true,1,3042
835811009443,false,מפיות מודפסות תלת שכ,גאט פיפר,DE,מפיות מודפסות תלת שכ,Unknown,0.00,יחידה,false,,5.90,0.0000,true,1,2703
838948000055,false,סוכריות קנדי פלנט תו,שניידרס,FR,סוכריות קנדי פלנט תו,גרמים,150.00,100 גרם,false,,9.90,0.0660,true,1,57339
838948000086,false,סוכריות קנדי פלנט בנ,שניידרס,FR,סוכריות קנדי פלנט בנ,גרמים,150.00,100 גרם,false,,9.90,0.0660,true,1,61385
838948000390,false,סוכריות קנדי פלנט טב,שניידרס,FR,סוכריות קנדי פלנט טב,גרמים,150.00,100 גרם,false,,9.90,0.0660,true,1,57338
838948002257,false,עוגיות שוקולד ציפס א,SHNEIDER'S,FR,עוגיות שוקולד ציפס א,גרמים,200.00,100 גרם,false,,8.90,0.0445,true,1,13317
838948002271,false,עוגיות שוקולד ציפס ק,SHNEIDER'S,FR,עוגיות שוקולד ציפס ק,גרמים,200.00,100 גרם,false,,8.90,0.0445,true,1,13315
838948002332,true,סוכריות גלי 100 גרם,,,סוכריות גלי 100 גרם,,0.00,,false,,6.90,0.0000,true,1,14313
838948004497,false,עוגיות שוקולד ציפס ש,SHNEIDER'S,FR,עוגיות שוקולד ציפס ש,גרמים,200.00,100 גרם,false,,8.90,0.0445,true,1,13316
838948005968,false,סוכריות קנדי פלנט לק,שניידרס,FR,סוכריות קנדי פלנט לק,גרמים,200.00,100 גרם,false,,9.90,0.0495,true,1,29953
838948005999,false,סוכריות קנדי פלנט או,שניידרס,FR,סוכריות קנדי פלנט או,גרמים,200.00,100 גרם,false,,9.90,0.0495,true,1,61386
838948006583,false,סוכריות קנדי פלנט צי,שניידרס,FR,סוכריות קנדי פלנט צי,גרמים,150.00,100 גרם,false,,9.90,0.0660,true,1,57342
838948006798,false,סוכריות קנדי פלנט לק,שניידרס,FR,סוכריות קנדי פלנט לק,גרמים,200.00,100 גרם,false,,9.90,0.0495,true,1,29642
838948007542,false,שוקולד שניידרס מריר,שניידרס,FR,שוקולד שניידרס מריר,גרמים,100.00,100 גרם,false,,8.90,0.0890,true,1,15045
838948007559,false,שוקולד שניידרס מריר,שניידרס,FR,שוקולד שניידרס מריר,גרמים,100.00,100 גרם,false,,8.90,0.0890,true,1,15046
838948007580,false,שוקולד שניידרס מריר,שניידרס,FR,שוקולד שניידרס מריר,גרמים,100.00,100 גרם,false,,8.90,0.0890,true,1,15051
838948007597,false,שוקולד שניידרס חלב ש,שניידרס,FR,שוקולד שניידרס חלב ש,גרמים,100.00,100 גרם,false,,8.90,0.0890,true,1,15053
838948008112,true,סוכריות גלי 100 גרם,,,סוכריות גלי 100 גרם,,0.00,,false,,6.90,0.0000,true,1,14315
838948008495,false,שוקולד שניידרס חלב א,שניידרס,FR,שוקולד שניידרס חלב א,גרמים,100.00,100 גרם,false,,8.90,0.0890,true,1,15052
838948008532,false,שוקולד שניידרס מריר,שניידרס,FR,שוקולד שניידרס מריר,גרמים,100.00,100 גרם,false,,8.90,0.0890,true,1,15049
838948008563,false,שוקולד שניידרס מריר,שניידרס,FR,שוקולד שניידרס מריר,גרמים,100.00,100 גרם,false,,8.90,0.0890,true,1,15047
838948008969,false,קרקר יו מרובע שניידר,שניידרס,FR,קרקר יו מרובע שניידר,גרמים,300.00,100 גרם,false,,9.90,0.0330,true,1,38909
838948010863,false,סוכריות ריינבולס בטע,שניידרס,FR,סוכריות ריינבולס בטע,גרמים,150.00,100 גרם,false,,9.90,0.0660,true,1,61387
838948010870,false,סוכריות ריינבולס חמו,שניידרס,FR,סוכריות ריינבולס חמו,גרמים,150.00,100 גרם,false,,9.90,0.0660,true,1,61388
844510012104,false,יין רמת יהודה קברנה,אגדת,IL,יין רמת יהודה קברנה,מיליליטרים,750.00,"100 מ""ל",false,,69.90,0.0932,true,1,51947
844510012111,false,יין רמת יהודה קברנה,אגדת,IL,יין רמת יהודה קברנה,מיליליטרים,750.00,"100 מ""ל",false,,69.90,0.0932,true,1,51948
844510012128,false,יין רמת יהודה מרלו,אגדת,IL,יין רמת יהודה מרלו,מיליליטרים,750.00,"100 מ""ל",false,,69.90,0.0932,true,1,51949
844510012135,false,יין רמת יהודה פטיט ו,אגדת,IL,יין רמת יהודה פטיט ו,מיליליטרים,750.00,"100 מ""ל",false,,69.90,0.0932,true,1,51950
844510013101,false,יין ירושלים הילס קבר,אגדת,IL,יין ג'רוזלם הילז קבר,מיליליטרים,750.00,"100 מ""ל",false,,39.90,0.0532,true,1,51952
844510013187,false,יין ירושלים הילס מוס,אנטי פוד משקאות,IL,יין ג'רוזלם הילז מוס,מיליליטרים,750.00,"100 מ""ל",false,,39.90,0.0532,true,1,60592
854928007067,false,שוקולד מריר 41% רוקה,מאונטיין צוקולט ק.פ.,HK,שוקולד מריר 41% רוקה,גרמים,600.00,100 גרם,false,,14.90,0.0248,true,1,51991
856591000055,false,עוגיות מזרחיות קריספי שרוף במיוחד,עבאדי,IL,עוגיות מזרחיות קריספ,גרמים,400.00,100 גרם,false,,15.90,0.0398,true,1,48896
856591000062,false,עוגיות מזרחיות מלח 400 ג' עבאדי,מאפיית יוסף ושמחה עב,IL,עוגיות מזרחיות מלח ע,גרמים,400.00,100 גרם,false,,15.90,0.0398,true,1,33583
856591000109,false,עבאדי עוגיות מזרחיות פריכות 400ג',מאפיית יוסף ושמחה עב,IL,עוגיות מזרחיות פריכו,גרמים,400.00,100 גרם,false,,15.90,0.0398,true,1,48897
856591000970,false,מאפה חיטה מקלונים - חריף 400 גרם,עבאדי,IL,עוגיות מזרחיות מקלונ,גרמים,400.00,100 גרם,false,,16.90,0.0422,true,1,63650
858754006140,false,יין דרימיה סהר 2016,חבל יתיר,IL,יין דרימיה סהר 2016,מיליליטרים,750.00,"100 מ""ל",false,,99.90,0.1332,true,1,55749
884912359155,false,HBO פתיתי תירס חיטה ושיבולת שועל רוסטד 340 גרם,פוסט לקיוויל,US,דגני בוקר האני בנצ',גרמים,340.00,100 גרם,false,,21.90,0.0644,true,1,63540
884912359162,false,דגני בוקר האני באנצס שקדים 340 ג' POST,פוסט לקיוויל,US,דגני בוקר האני בנצ',גרמים,340.00,100 גרם,false,,21.90,0.0644,true,1,63541
884912359414,false,דגני בוקר האני באנצס קינמון 340 ג' POST,פוסט לקיוויל,US,דגני בוקר האני בנצ',גרמים,340.00,100 גרם,false,,21.90,0.0644,true,1,63542
884912359421,false,דגני בוקר האני באנצס פקאן ומייפל 340 ג' POST,פוסט לקיוויל,US,דגני בוקר האני בנצ',גרמים,340.00,100 גרם,false,,21.90,0.0644,true,1,63543
884912365200,false,דגני בוקר אוראו הדור הבא 311 ג',פוסט לקיוויל,US,דגני בוקר עם פירורי,גרמים,311.00,100 גרם,false,,19.90,0.0640,true,1,63636
884912378118,false,דגני בוקר רייזן ברן,פוסט לקיוויל,US,דגני בוקר רייזן ברן,גרמים,471.00,100 גרם,false,,22.90,0.0486,true,1,63539
1025675950121,false,מארז סוכריות אודלס ס,JUNDILONG FOODS COMP,CN,מארז סוכריות אודלס ס,גרמים,384.00,100 גרם,false,,19.90,0.0518,true,1,51883
3014400012157,false,ליקר פסטיס אפרון בטע,פיטר הרינג,DK,ליקר פסטיס אפרון בטע,קילוגרמים,1.00,ליטר,false,,59.90,59.9000,true,1,24816
3035542001908,false,ליקר קואנטרו 1 ליטר,קואנטרו,FR,ליקר קואנטרו 1 ליטר,קילוגרמים,1.00,ליטר,false,,119.90,119.9000,true,1,52662
3059944021197,false,"ויט קרם הסרת שיער לעור רגיש - 400 מ""ל",רקיט בנקיזר,FR,קרם להסרת שיער ויט 4,מיליליטרים,400.00,"100 מ""ל",false,,39.90,0.0997,true,1,57815
3141360054405,false,פיניש מפיץ ריח למדיח בניחוח לימון וליים,הדקלאים אגודת שיתופי,PL,מפיג ריח פיניש לימון,Unknown,0.00,יחידה,false,,14.90,0.0000,true,1,27205
3387390320244,false,פיטנס Fitness דגנים מלאים עם פירות,נסטלה צרפת איטנקורט,FR,דגני בוקר פיטנס עם פ,גרמים,375.00,100 גרם,false,,19.90,0.0531,true,1,48538
3387390525960,false,קראנץ' Crunch דגנים פריכים עם שוקולד,הנסיך- מפעל לייצור ט,FR,דגני בוקר קראנצ 500,גרמים,500.00,100 גרם,false,,19.90,0.0398,true,1,18096
3574660058857,false,"שמן לתינוק גונסון 500 מ""ל",גונסון אנד גונסון,IT,שמן גונסונס בייבי 50,גרמים,500.00,100 גרם,false,,29.90,0.0598,true,1,45687
3574660089547,false,או-בה טמפונים קלאסי נורמל 32יח',ג'ונסון אנד ג'ונסון,GR,טמפונים אובה פרוקומפ,Unknown,0.00,יחידה,false,,19.90,0.0000,true,1,6664
3574660115154,false,או-בה טמפונים קלאסי סופר 32יח',ג'ונסון אנד ג'ונסון,IT,טמפונים אובה פרוקומפ,Unknown,0.00,יחידה,false,,19.90,0.0000,true,1,6666
3574660239829,false,ניוטרגינה ס.נורבגית קרם ידיים קל 75מל,ניוטרוג'ינה Neutrogena,FR,קרם ידיים ניוטרוג'ינ,מיליליטרים,75.00,"100 מ""ל",false,,19.90,0.2653,true,1,64567
3574660464337,false,מגני תחתון קרפרי נורמל אוורירי מבושם,ג'ונסון אנד ג'ונסון,IT,מגן תחתון קרפרי נורמ,Unknown,0.00,יחידה,false,,19.90,0.0000,true,1,15956
3574660464368,false,קרפרי מגן תחתון אוורירי אלוורה 76 יח'',גונסון אנד גונסון,IT,מגן תחתון קרפרי אלוו,Unknown,0.00,יחידה,false,,19.90,0.0000,true,1,15957
3574660464399,true,מגן תחתון קרפרי לארג,,,מגן תחתון קרפרי לארג,Unknown,0.00,יחידה,false,,19.90,0.0000,true,1,15958
3574660514643,false,נוטרוגינה קרם לחות עשיר 300 מל,ניוטרוג'ינה Neutrogena,FR,קרם לחות מרגיע ניוטר,מיליליטרים,300.00,"100 מ""ל",false,,19.90,0.0663,true,1,64576
3574660520132,false,ליסטרין מי פה קולמינט 1 ליטר-מרכז,גונסון אנד גונסון,IT,מי פה ליסטרין מנטה 1,קילוגרמים,1.00,ליטר,false,,29.90,29.9000,true,1,19282
3574661098531,false,ניוטרוגינה תחליב גוף מועשר לעור יבש/רגיש,ניוטרוג'ינה Neutrogena,GR,תחליב גוף ניוטרוג'ינ,מיליליטרים,400.00,"100 מ""ל",false,,19.90,0.0497,true,1,64570
3574661098937,false,ניוטריגינה ת.גוף עור יבש משאבה 400מל,ניוטרוג'ינה Neutrogena,GR,תחליב גוף ניוטרוג'ינ,מיליליטרים,400.00,"100 מ""ל",false,,19.90,0.0497,true,1,64571
3574661135601,false,ליסטרין - מי פה קול מינט 1 ליטר,גונסון אנד גונסון,IT,מי פה ליסטרין קול מי,קילוגרמים,1.00,ליטר,false,,29.90,29.9000,true,1,56543
3574661487632,false,מגני תחתון פלוס לארג' בניחוח עדין L,קרפרי Carefree,IT,מגן תחתון קרפרי לארג,Unknown,0.00,יחידה,false,,19.90,0.0000,true,1,49098
3574661491950,false,מי פה ליסטרין הלבנה,גונסון אנד גונסון,IT,מי פה ליסטרין הלבנה,קילוגרמים,1.00,ליטר,false,,34.90,34.9000,true,1,60474
3574669907682,false,גונסונס בייבי טלק 500 ג',גונסון אנד גונסון,IT,טלק גונסונס בייבי 50,גרמים,500.00,100 גרם,false,,29.90,0.0598,true,1,47545
3574669907729,false,"גונסונס בייבי שמפו גולד 750 מ""ל",גונסון אנד גונסון,IT,שמפו גונסונס בייבי ג,מיליליטרים,750.00,"100 מ""ל",false,,23.90,0.0319,true,1,62167
3574669908665,false,גונסון בייבי אל סבון לפני שינה 750 חדש,גונסון אנד גונסון,IT,אל סבון לפני השינה ג,מיליליטרים,750.00,"100 מ""ל",false,,19.90,0.0265,true,1,47502
3574669908948,false,גונסון בייבי אל סבון לרחצה עדינה 750 חדש,גונסון אנד גונסון,IT,תחליב רחצה עדין גונס,מיליליטרים,750.00,"100 מ""ל",false,,19.90,0.0265,true,1,47503
3607343817547,false,"אדידס - דאודורנט ספריי לגבר קליימקול 150 מ""ל",קולפ,PT,דאו אדידס ספריי לגבר,מיליליטרים,150.00,"100 מ""ל",false,,11.90,0.0793,true,1,64010
3607349687458,false,"דאו' ספריי לגבר קול דריי פרש 150מ""ל",קולפ,PT,דאו אדידס ספריי לגבר,מיליליטרים,150.00,"100 מ""ל",false,,11.90,0.0793,true,1,64011
3614223736003,false,"אדידס - דאודורנט ספריי לגבר אדיפיור 150 מ""ל",איגפק אס.איי,PT,דאו אדידס ספריי לגבר,מיליליטרים,150.00,"100 מ""ל",false,,11.90,0.0793,true,1,64012
3661163991146,false,"אדידס - דאודורנט ספריי לאישה קול אנד קר פרש 150 מ""ל",מיוצר עי קונדיטוריית,PT,דאו אדידס ספריי לאיש,מיליליטרים,150.00,"100 מ""ל",false,,11.90,0.0793,true,1,64008
3661163991344,false,"אדידס דאודורנט ספריי מקס פרו-קליר לאישה 150 מ""ל",מיוצר עי קונדיטוריית,PT,דאו אדידס ספריי לאיש,מיליליטרים,150.00,"100 מ""ל",false,,11.90,0.0793,true,1,64009
3760262540023,false,יין נדיב קברנה וסירה,יקב רקאנטי,IL,יין נדיב קברנה וסירה,מיליליטרים,750.00,"100 מ""ל",false,,149.90,0.1999,true,1,52470
3760262540054,false,יין נדיב אלאון קברנה,יקב רקאנטי,IL,יין נדיב אלאון קברנה,מיליליטרים,750.00,"100 מ""ל",false,,139.90,0.1865,true,1,52471
4001432773230,false,יין בלו נאן בלו וויי,יקב רמת הגולן,DE,יין בלו ווין מוסקטו,מיליליטרים,750.00,"100 מ""ל",false,,49.90,0.0665,true,1,61311
4002448017684,false,"סיליט באנג ספריי רב שימושי כתום 750 מ""ל",הדקלאים אגודת שיתופי,PL,תרסיס סיליט באנג 750,מיליליטרים,750.00,"100 מ""ל",false,,12.50,0.0167,true,1,20637
4002448019480,false,"סיליט באנג ספריי מסיר שומנים 750 מ""ל",סיליט באנג Cillit Bang,PL,תרסיס סיליט באנג מסי,מיליליטרים,750.00,"100 מ""ל",false,,12.50,0.0167,true,1,20638
4006387003975,true,קנקן מרלה לבן- בריטה,,,קנקן מרלה לבן- בריטה,Unknown,0.00,יחידה,false,,99.00,0.0000,true,1,4348
4008287051032,false,"פחית בירה קרומבאכר פילס 500 מ""ל",מנדלז סי.אר. פרודקשן,DE,בירה קרומבאכר פילס פ,מיליליטרים,500.00,"100 מ""ל",false,,9.90,0.0198,true,1,56392
4008287058161,false,בירה קרומבאכר פילס 4.8% שישיה 6 * 330 מל,מנדלז סי.אר. פרודקשן,DE,מארז בירה קרומבאכר פ,קילוגרמים,1.98,ליטר,false,,36.90,18.6364,true,1,56395
4008287762020,false,"בירה קרומבאכר חיטה 500 מ""ל",קרומבכר Krombacher,IL,בירה קרומבאכר חיטה ב,מיליליטרים,500.00,"100 מ""ל",false,,9.90,0.0198,true,1,56393
4008496884896,false,מארז 10 סוללות ורטה,,,מארז 10 סוללות ורטה,Unknown,0.00,יחידה,false,,14.90,0.0000,true,1,53147
4008496927364,false,מארז 10 סוללות VARTA AAA -חדש,,,מארז 10 סוללות ורטה,Unknown,0.00,יחידה,false,,14.90,0.0000,true,1,53148
4008535095351,false,בננית מצופה שוקולד ש,שקדיה,IL,בננית מצופה שוקולד ש,גרמים,300.00,100 גרם,false,,12.90,0.0430,true,1,58320
4008789041296,true,פליימוביל משאית זבל,,,פליימוביל משאית זבל,Unknown,0.00,יחידה,false,,129.90,0.0000,true,1,49107
4008789061591,true,פליימוביל בית נופש ע,,,פליימוביל בית נופש ע,Unknown,0.00,יחידה,false,,99.90,0.0000,true,1,26432
4008789091185,true,פליימוביל ספינת פירא,,,פליימוביל ספינת פירא,Unknown,0.00,יחידה,false,,119.90,0.0000,true,1,48075
4008789093141,true,פליימוביל משאית להוב,,,פליימוביל משאית להוב,Unknown,0.00,יחידה,false,,139.90,0.0000,true,1,46326
4009300522966,false,פומפדור תה ירוק נענע 20 שקיקים,"איטיליאן פוד, אס.פי.",DE,תה ירוק פומפדור נענע,גרמים,30.00,100 גרם,false,,14.90,0.4967,true,1,10916
4009300524588,false,תה פומפדור חליטת צמחים פירות יער 20 יח',פומפדור Pompadour,DE,חליטת צמחים פומפדור,גרמים,60.00,100 גרם,false,,11.90,0.1983,true,1,10913
4009300524625,false,תה פומפדור צאי מסאלה 20 שקיקים,פומפדור Pompadour,DE,תה פומפדר צאי מסאלה,גרמים,40.00,100 גרם,false,,11.90,0.2975,true,1,19553
4009300525011,false,פומפידור תה ירוק עם תפוז וג'ינגר 25 שקיקים,"איטיליאן פוד, אס.פי.",DE,תה ירוק פומפדור תפוז,גרמים,30.00,100 גרם,false,,14.90,0.4967,true,1,19555
4009300525684,false,חליטת צמחים ג'ינג'ר לימונית,פומפדור Pompadour,DE,חליטת פירות פומפדור,גרמים,35.00,100 גרם,false,,11.90,0.3400,true,1,10910
4009300526438,false,פומפדור תה ירוק קלאסי 30 ג',"איטיליאן פוד, אס.פי.",DE,תה ירוק פומפדור קלאס,גרמים,30.00,100 גרם,false,,14.90,0.4967,true,1,13892
4009900402965,false,מסטיק אורביט וויט בטעם פירות ללא סוכר,ריגלי פולין,PL,מסטיק אורביט בבקבוק,Unknown,0.00,יחידה,false,,9.40,0.0000,true,1,19409
4009900403023,false,מסטיק אורביט בקבוקון דאבל white קלאסי 64ג',"ב.א מזון בע""מ",PL,מסטיק אורביט בבקבוק,Unknown,0.00,יחידה,false,,9.40,0.0000,true,1,19405
4009900420129,false,מסטיק אורביט פרופשנל פפרמינט בקבוקון 64 גר',מרס נדרלנד,PL,מסטיק אורביט בבקבוק,Unknown,0.00,יחידה,false,,9.40,0.0000,true,1,45881
4009900455299,false,סוכריות סקיטלס פירות 174 גרם,ריגלי ממתקים,CZ,סוכריות סקיטלס פירות,גרמים,174.00,100 גרם,false,,7.90,0.0454,true,1,14641
4009900465304,false,סוכריות סקיטלס פירות חמוצים 174 גרם,ריגלי ממתקים,CZ,סוכריות סקיטלס פירות,גרמים,174.00,100 גרם,false,,7.90,0.0454,true,1,14642
4009900479998,false,מסטיק אורביט בטעם אוכמניות ללא סוכר,ריגלי פולין,PL,מסטיק אורביט בבקבוק,גרמים,64.00,100 גרם,false,,9.40,0.1469,true,1,19407
4009900482417,false,מסטיק אורביט פירות מנטה בקבוקון באבל מינט 45יח,ריגלי פולין,PL,מסטיק אורביט בבקבוק,גרמים,64.00,100 גרם,false,,9.40,0.1469,true,1,19406
4009900483803,false,מסטיק איירובס מנטה אקליפטוס בקבוקון 60יח',איירוויבס Airwaves,PL,מסטיק אירוובס פרופשי,גרמים,84.00,100 גרם,false,,12.90,0.1536,true,1,45755
4009900484060,false,מסטיק אורביט פרופשיונל בטעם מנטה ללא סוכר,אורביט Orbit,PL,מסטיק אורביט פרופשיו,גרמים,84.00,100 גרם,false,,12.90,0.1536,true,1,14643
4009900484091,true,מסטיק אורביט פרופשיו,,,מסטיק אורביט פרופשיו,Unknown,0.00,יחידה,false,,12.90,0.0000,true,1,14644
4009900484305,true,מסטיק אורביט סוויטמי,,,מסטיק אורביט סוויטמי,Unknown,0.00,יחידה,false,,12.90,0.0000,true,1,14645
4009900491044,false,מסטיק איירובס אוכמניות בקבוקון 60יח',איירוויבס Airwaves,PL,מסטיק אירוובס אוכמנ,גרמים,84.00,100 גרם,false,,12.90,0.1536,true,1,45761
4009900496247,false,"מסטיק אורביט לל""ס מלבניות בקבוק בבלימנט 60 יח",אורביט Orbit,PL,מסטיק אורביט בבלימנט,גרמים,84.00,100 גרם,false,,12.90,0.1536,true,1,45756
4009900531122,false,"מסטיק בטעם מנטה ספירמינט, 64 ג' פרופשיונל אורפיט",מרס נדרלנד,PL,מסטיק אורביט בבקבוק,גרמים,64.00,100 גרם,false,,9.40,0.1469,true,1,45882
4012273123009,false,"קרם ידיים ניטרוגינה 50 מ""ל",גונסון אנד גונסון,FR,קרם ידיים ניוטרוג'ינ,מיליליטרים,50.00,"100 מ""ל",false,,19.90,0.3980,true,1,64568
4015400564454,false,מגני תחתון אולוויז לארג' עם ניחוח מגה פק,פרוקטר אנד גמבל,DE,מגן תחתון אולוויז מג,Unknown,0.00,יחידה,false,,16.90,0.0000,true,1,9103
4015400598381,false,תחבושות היגייניות אולטרה לונג - מארז קוואטרו 48 יח',פרוקטר אנד גמבל,HU,תחבושות אלוויז קוואט,Unknown,0.00,יחידה,false,,29.90,0.0000,true,1,9527
4015400598411,false,תחבושות היגייניות יום ולילה Day & Night - מארז 40 יח',פרוקטר אנד גמבל,HU,תחבושות אלוויז קוואט,Unknown,0.00,יחידה,false,,29.90,0.0000,true,1,9526
4015400695677,false,חיתולי פמפרס בייבי ד,פרוקטר & גמבל,TR,חיתולי פמפרס בייבי ד,Unknown,0.00,יחידה,false,,64.90,0.0000,true,1,61275
4015400746812,false,מגני תחתון אולוויז נורמל עם ניחוח מגה פק,פרוקטר אנד גמבל,UA,מגן תחתון אולוויז מג,Unknown,0.00,יחידה,false,,16.90,0.0000,true,1,24884
4015400990543,false,"אבקת כביסה קולור 8 ק""ג אריאל",פרוקטר & גמבל,FR,אבקת כביסה צבעונית א,פריט,8.00,"ק""ג",false,,54.90,6.8625,true,1,20774
4015600762742,false,שמפו יומיומי למניעת קשקשים הנוסחה הקלאסית,פרוקטר אנד גמבל,RO,שמפו הד&שולדרס קלאסי,מיליליטרים,500.00,"100 מ""ל",false,,17.90,0.0358,true,1,10196
4015600762780,false,שמפו וקונדישינר יומיומי למניעת קשקשים הנוסחה הקלאסית 2in1,פרוקטר אנד גמבל,RO,שמפו ומרכך הד&שולדרס,מיליליטרים,500.00,"100 מ""ל",false,,17.90,0.0358,true,1,10197
4015600762902,false,"שמפו מנטול הד אנד שולדרס 500 מ""ל",פרוקטר אנד גמבל,RO,שמפו הד&שולדרס מנטול,מיליליטרים,500.00,"100 מ""ל",false,,17.90,0.0358,true,1,10198
4015600762940,false,שמפו יומיומי למניעת קשקשים בניחוח תפוח,פרוקטר אנד גמבל,RO,שמפו הד&שולדרס תפוח,מיליליטרים,500.00,"100 מ""ל",false,,17.90,0.0358,true,1,41364
4015600810849,false,דאודורנט ג'ל לגבר Sport power rush 48h,פרוקטר אנד גמבל,PL,דאו גל גילט קליר פאו,גרמים,70.00,100 גרם,false,,17.90,0.2557,true,1,22040
4022025001905,false,יין בלו ווין מבעבע זהב כשר 750 מל,היי סישל סוהן טראבן,DE,יין בלו ווין זהב 24K,מיליליטרים,750.00,"100 מ""ל",false,,49.90,0.0665,true,1,61314
4022025001929,false,בלו וויין מבעבע כחול,יקב רמת הגולן,IL,יין בלו ווין כחול מב,מיליליטרים,750.00,"100 מ""ל",false,,49.90,0.0665,true,1,61312
4022025261002,false,יין בלו ווין גוורצטרמינר 750 מל,לנגוט טראבן,DE,יין לבן בלו ווין גוו,מיליליטרים,750.00,"100 מ""ל",false,,44.90,0.0599,true,1,52281
4022025290408,false,"בלו ווין פינק כשר 750 מ""ל",יקב רמת הגולן,IL,יין בלו ווין פינק רו,מיליליטרים,750.00,"100 מ""ל",false,,49.90,0.0665,true,1,61313
4053700292455,false,ויט רצועות שעווה תמצית צמחים לעור רגיל,רקיט בנקיזר,FR,רצועות שעווה לעור רג,Unknown,0.00,יחידה,false,,19.90,0.0000,true,1,49452
4066600999614,false,"בירה פאולנר 500 מ""ל בקבוק",מבשלת פאולנר,DE,בירה מעוננת פאולנר 5,מיליליטרים,500.00,"100 מ""ל",false,,10.90,0.0218,true,1,29973
4084500178137,false,טייד נוזל כביסה 4 ליטר,פרוקטר אנד גמבל,FR,גל טייד אלפיין 4 ליט,קילוגרמים,4.00,ליטר,false,,31.90,7.9750,true,1,13069
4084500371422,false,"אריאל לכביסה שושן צחור 8 ק""ג",פרוקטר & גמבל,FR,אבקת כביסה אריאל שוש,פריט,8.00,"ק""ג",false,,54.90,6.8625,true,1,14618
4084500371453,false,"אבקת כביסה אלפיין 8 ק""ג טייד",פרוקטר & גמבל,FR,אבקת טייד אלפיין 8 ק,פריט,8.00,"ק""ג",false,,39.90,4.9875,true,1,14617
4105120623941,false,"בירה ויינשטפן בק' ח""פ 500 מ""ל",ווינשטפן Weihenstephaner,DE,בירה ויינשטפן 5.4% 5,מיליליטרים,500.00,"100 מ""ל",false,,10.90,0.0218,true,1,31179
4105120624412,false,"בירה וינשטפן ויטוס 500 מ""ל",קרלסברג ישראל,IL,בירה ויינשטפן 7.7% 5,מיליליטרים,500.00,"100 מ""ל",false,,10.90,0.0218,true,1,54330
4210201181477,false,ראשי מילוי למברשת שיניים חשמלית פרוזן,פרוקטר & גמבל,IE,ראש חשמלי למברשת שינ,Unknown,0.00,יחידה,false,,69.90,0.0000,true,1,60557
4210201245193,false,מברשת חשמלית נטענת לילדים +3 פרוזן D100,פרוקטר & גמבל,DE,מברשת שיניים חשמלית,Unknown,0.00,יחידה,false,,69.90,0.0000,true,1,52091
4210201262183,false,מברשת שיניים חשמלית ויטליטי Vitality נטענת,פרוקטר & גמבל,DE,מברשת שיניים חשמלית,Unknown,0.00,יחידה,false,,69.90,0.0000,true,1,50526
4210201320111,false,מברשת שיניים ויטליטי ספיידרמן אורל בי,פרוקטר & גמבל,DE,מברשת שיניים חשמלית,Unknown,0.00,יחידה,false,,69.90,0.0000,true,1,60560
4210201320210,false,ראש חשמלי למברשת שינ,פרוקטר & גמבל,IE,ראש חשמלי למברשת שינ,Unknown,0.00,יחידה,false,,69.90,0.0000,true,1,60561
4210201360742,false,אורל בי ראש חשמלי לניקוי יסודי 4 יח',פרוקטר & גמבל,IE,ראש חשמלי למברשת שינ,Unknown,0.00,יחידה,false,,69.90,0.0000,true,1,59818
4210201365334,false,אורל בי ראש מילוי חשמלי פחם 4 יחידות,פרוקטר & גמבל,IE,ראש חשמלי למברשת שינ,Unknown,0.00,יחידה,false,,69.90,0.0000,true,1,60558
4210201403319,false,אורל בי מברשת חשמלית נטענת ויטליטי פחם,פרוקטר & גמבל,DE,מברשת שיניים חשמלית,Unknown,0.00,יחידה,false,,69.90,0.0000,true,1,60559
4603400000203,false,וודקה רוסקי סטנדרט 1,,,וודקה רוסקי סטנדרט 1,קילוגרמים,1.00,ליטר,false,,79.90,79.9000,true,1,44424
4603928000983,false,וודקה בלוגה 1 ליטר,מרינסק דיסטילרי,,וודקה בלוגה 1 ליטר,קילוגרמים,1.00,ליטר,false,,129.90,129.9000,true,1,31456
4640018993398,false,קפסולות ג'יל רגיל קואנטום 60 יח' פיניש,רקיט בנקיזר,PL,טבליות פיניש קוואנטו,Unknown,0.00,יחידה,false,,54.90,0.0000,true,1,51172
4710964104916,false,שמן שומשום טהור מזרח,פלייבור פול פודס טיי,TW,שמן שומשום טהור מזרח,מיליליטרים,370.00,"100 מ""ל",false,,22.50,0.0608,true,1,49725
4710964170799,false,שומשום שחור קלוי 91 גרם,פלייבור פול פודס טיי,TH,שומשום שחור קלוי מזר,גרמים,91.00,100 גרם,false,,16.50,0.1813,true,1,49716
4744283010863,true,שמן קנולה 1 ליטר,,,שמן קנולה 1 ליטר,קילוגרמים,0.00,ליטר,false,,6.90,0.0000,true,1,50241
4751007730938,false,שפרוטים מעושנים בשמן,karavela,LV,שפורט מעושן בשמן דבר,גרמים,240.00,100 גרם,false,,7.90,0.0329,true,1,38694
4791021002789,false,תה ירוק אימפרה 100 ש,IMPERIAL TEA EXPORT,,תה ירוק 100 שקיקים,גרמים,200.00,100 גרם,false,,19.90,0.0995,true,1,16421
4791021003588,false,תה שחור אימפרה 100 ש,IMPERIAL TEA EXPORT,LK,תה שחור אימפרה 100 ש,גרמים,150.00,100 גרם,false,,9.90,0.0660,true,1,14500
4791021004554,false,תה ירוק מנטה 25 שקיק,IMPERIAL TEA EXPORT,,תה ירוק מנטה 25 שקיק,גרמים,50.00,100 גרם,false,,9.90,0.1980,true,1,35073
4791021006695,false,תה ירוק יסמין 25 שקי,IMPERIAL TEA EXPORT,,תה ירוק יסמין 25 שקי,גרמים,50.00,100 גרם,false,,9.90,0.1980,true,1,35074
4791021009399,false,תה ירוק קלאסי 25 שקי,IMPERIAL TEA EXPORT,,תה ירוק קלאסי 25 שקי,גרמים,50.00,100 גרם,false,,9.90,0.1980,true,1,35071
4791021901983,false,תה ירוק צאי מסלה 25,IMPERIAL TEA EXPORT,,תה ירוק צאי מסלה 25,גרמים,50.00,100 גרם,false,,9.90,0.1980,true,1,35070
4791021904861,false,תה ירוק גינגר 25 שקי,IMPERIAL TEA EXPORT,,תה ירוק גינגר 25 שקי,גרמים,50.00,100 גרם,false,,9.90,0.1980,true,1,35068
4791021944720,false,תה ארל גריי ספיישל 1,IMPERIAL TEA EXPORT,,תה ארל גריי שחור 10,גרמים,200.00,100 גרם,false,,19.90,0.0995,true,1,36463
4891228430054,false,סכיני גילוח שיק אקזקטה 2 ורוד 5 יח',שיק,CN,סכיני גילוח לנשים שי,Unknown,0.00,יחידה,false,,9.90,0.0000,true,1,27223
4891228430092,false,שיק אקסטרים 3 קומפורט +לנשים 4 יחידות,אנרג'יזר Energizer,CN,סכיני גילוח לנשים שי,Unknown,0.00,יחידה,false,,14.90,0.0000,true,1,29950
4894212000172,true,קופסא קליפ זכוכית 1.,,,קופסא קליפ זכוכית 1.,Unknown,0.00,יחידה,false,,49.90,0.0000,true,1,9903
4894212000417,true,קופסא קליפ פרש מרובע,,,קופסא קליפ פרש מרובע,Unknown,0.00,יחידה,false,,18.90,0.0000,true,1,9900
4903001904192,false,"רוטב סויה יאמסה פרימיום 500 מ""ל",הדקלאים אגודת שיתופי,JP,רוטב סויה יאמאסה 500,גרמים,500.00,100 גרם,false,,17.50,0.0350,true,1,62460
4903001925784,false,סויה יאמאסה 500 מל דל נתרן,הדקלאים אגודת שיתופי,JP,רוטב סויה מופחת נתרן,גרמים,500.00,100 גרם,false,,17.50,0.0350,true,1,62461
4903001930993,false,"רוטב טריאקי יאמאסה 500מ""ל",יאמאסה yamasa,JP,רוטב טריאקי יאמאסה 5,גרמים,500.00,100 גרם,false,,17.50,0.0350,true,1,62464
4987176128188,false,ORAL B Cavity Defense Bacterial Fighter 6s (SOFT),פרוקטר & גמבל,IN,מברשת שיניים אורל בי,Unknown,0.00,יחידה,false,,9.90,0.0000,true,1,64086
5000146048671,false,בראסו מטליות לניקוי כלי נחושת,רקיט בנקיזר,PT,סילבו מטליות לניקוי,Unknown,0.00,יחידה,false,,12.90,0.0000,true,1,8778
5000157143365,false,מתבל בטעם מיונז וקטשופ היינץ 425 ג',היינץ Heinz,PL,רוטב בטעם מיונז וקטש,גרמים,425.00,100 גרם,false,,14.90,0.0351,true,1,55360
5000299225004,false,וויסקי שיבאס רגאל 18,מזקקת האחים שיבאס,,ויסקי שיבאס ריגל 18,מיליליטרים,700.00,"100 מ""ל",false,,199.90,0.2856,true,1,26230
5000299225028,false,ויסקי שיבאס ריגל 18,,,ויסקי שיבאס ריגל 18,מיליליטרים,750.00,"100 מ""ל",false,,189.90,0.2532,true,1,24795
5000299607176,false,ויסקי סקאפה גלאנסה ס,,IS,ויסקי סקאפה גלאנסה ס,מיליליטרים,700.00,"100 מ""ל",false,,229.90,0.3284,true,1,59962
5000299609347,false,וויסקי גלנליווט Glenlivet,גורג וגיי גי סמית,,ויסקי גלנליווט פאונד,מיליליטרים,700.00,"100 מ""ל",false,,149.90,0.2141,true,1,36415
5000394018570,false,סוללות דורסל בייסיק,פרוקטר & גמבל,,סוללות דורסל בייסיק,Unknown,0.00,יחידה,false,,19.90,0.0000,true,1,24923
5000394093812,false,סוללות דורסל סימפלי,דורסל,,סוללות דורסל סימפלי,Unknown,0.00,יחידה,false,,19.90,0.0000,true,1,36049
5000394093836,false,סוללות דורסל סימפלי,דורסל,,סוללות דורסל סימפלי,Unknown,0.00,יחידה,false,,19.90,0.0000,true,1,36050
5010029000252,false,דיגני בריאות וויטביק,וויטביקס,GB,דגני בוקר וויטביקס א,גרמים,430.00,100 גרם,false,,21.90,0.0509,true,1,63553
5010106111956,false,וויסקי בלנטיין Ballantines,בלנטיינ'ס Ballantines,US,ויסקי בלנטיינס 1 ליט,קילוגרמים,1.00,ליטר,false,,99.90,99.9000,true,1,36422
5010327603056,false,ויסקי מאנקי שולדר 1,וויליאם גרנט ובניו,GB,ויסקי מאנקי שולדר 1,קילוגרמים,1.00,ליטר,false,,179.90,179.9000,true,1,57244
5010391101007,false,ליקר דרמבוי 1 ליטר,גלזגו,GB,ליקר דרמבוי 1 ליטר,קילוגרמים,1.00,ליטר,false,,139.90,139.9000,true,1,58357
5010494560121,false,ויסקי גלנמורנגי 1 לי,,,ויסקי גלנמורנגי 1 לי,קילוגרמים,1.00,ליטר,false,,189.90,189.9000,true,1,31459
5010496003565,false,ויסקי אוכנטושן קלאסי,מוריסון בואומור,GB,ויסקי אוכנטושן 700 מ,מיליליטרים,700.00,"100 מ""ל",false,,129.90,0.1856,true,1,62131
5010677551281,false,"בקרדי בריזר לימון 275 מ""ל בקבוק",בקרדי בריזר Bacardi Breezer,BE,בקרדי בריזר לימון 27,מיליליטרים,275.00,"100 מ""ל",false,,12.90,0.0469,true,1,36368
5010677551397,false,"בקרדי בריזר ליים 275 מ""ל בקבוק",בקרדי בריזר Bacardi Breezer,BE,בקרדי בריזר ליים 275,מיליליטרים,275.00,"100 מ""ל",false,,12.90,0.0469,true,1,49545
5010677552387,false,"בקרדי בריזר אננס 275 מ""ל בקבוק",בקרדי בריזר Bacardi Breezer,BE,בקרדי בריזר אננס 275,מיליליטרים,275.00,"100 מ""ל",false,,12.90,0.0469,true,1,36369
5010677554398,false,"בקרדי בריזר אבטיח 275 מ""ל בקבוק",בקרדי בריזר Bacardi Breezer,BE,בקרדי בריזר אבטיח 27,מיליליטרים,275.00,"100 מ""ל",false,,12.90,0.0469,true,1,36367
5011007003227,false,ויסקי גיימסון 1 ליטר,אייריש דיסטלריז,,ויסקי גיימסון 1 ליטר,קילוגרמים,1.00,ליטר,false,,109.90,109.9000,true,1,36462
5013965953354,false,"משחת שיניים אורל בי 123 פרש 100 מ""ל",פרוקטר אנד גמבל,DE,משחת אורל בי 123 פרש,מיליליטרים,100.00,"100 מ""ל",false,,7.90,0.0790,true,1,60187
5024546356587,false,ויסקי גראנד מקניש 1,אגדת,IL,ויסקי גראנד מקניש 1,קילוגרמים,1.00,ליטר,false,,69.90,69.9000,true,1,56823
5024546366630,false,ויסקי סקוטש לאודרס 1,אגדת,IL,ויסקי לאודרס סקוטי 1,קילוגרמים,1.00,ליטר,false,,79.90,79.9000,true,1,57214
5050083559761,false,קלוגס קוקו פופס שוקו 500ג',קלוגס מניופקטורינג א,DE,קלוגס קוקו פופס שוקו,גרמים,500.00,100 גרם,false,,14.90,0.0298,true,1,23716
5053827215862,false,קלוגס קוקו פופס שוקו 500ג',קלוגס Kellogg's,GB,קלוגס קוקו פופס שוקו,גרמים,500.00,100 גרם,false,,14.90,0.0298,true,1,56954
5060060210219,false,תרסיס אסטוניש מבריק,יעקב יעקובי,IL,תרסיס אסטוניש מבריק,מיליליטרים,750.00,"100 מ""ל",false,,9.90,0.0132,true,1,24242
5060060211612,false,קרם אסטוניש לניקוי ע,יעקב יעקובי,IL,קרם אסטוניש לניקוי ע,מיליליטרים,500.00,"100 מ""ל",false,,9.90,0.0198,true,1,60555
5060809351371,false,כפפות ויניל 100 יח מ,,,כפפות ויניל 100 יח מ,Unknown,0.00,יחידה,false,,14.90,0.0000,true,1,58309
5060809351395,false,כפפות ויניל 100 יח מ,,,כפפות ויניל 100 יח מ,Unknown,0.00,יחידה,false,,14.90,0.0000,true,1,58311
5060809351401,false,כפפות ויניל 100 יח מ,,,כפפות ויניל 100 יח מ,Unknown,0.00,יחידה,false,,14.90,0.0000,true,1,58312
5060809354747,false,כפפות ניטריל 100 יחי,,,כפפות ניטריל 100 יחי,Unknown,0.00,יחידה,false,,21.90,0.0000,true,1,60678
5060809354754,false,כפפות ניטריל 100 יחי,,,כפפות ניטריל 100 יחי,Unknown,0.00,יחידה,false,,21.90,0.0000,true,1,60676
5060809354761,false,כפפות ניטריל 100 יחי,,,כפפות ניטריל 100 יחי,Unknown,0.00,יחידה,false,,21.90,0.0000,true,1,60677
5099864006377,false,סימילאק למהדרין שלב 1 אריזת חיסכון 900 ג.,אבוט מעבדות רפואיות,NL,סימילאק מהדרין שלב 1,גרמים,900.00,100 גרם,false,,68.90,0.0766,true,1,5959
5099864006384,false,סימילאק למהדרין שלב 2 אריזת חיסכון 900 ג.,אבוט,NL,סימילאק מהדרין שלב 2,גרמים,900.00,100 גרם,false,,68.90,0.0766,true,1,5960
5099864006391,false,סימילאק למהדרין שלב 3 אריזת חיסכון 900 ג,אבוט מעבדות רפואיות,NL,סימילאק מהדרין שלב 3,גרמים,900.00,100 גרם,false,,68.90,0.0766,true,1,5961
5099873088654,false,ויסקי ג'ק דניאלס סינ,ג'ק דניאלס,US,ויסקי ג ק דניאלס סינ,מיליליטרים,700.00,"100 מ""ל",false,,169.90,0.2427,true,1,58330
5201085540084,false,סוכריות ג'ילי מיקס שקית 800 גר',אולמפיק,GR,סוכריות גילו מיקס 70,גרמים,700.00,100 גרם,false,,13.90,0.0199,true,1,17955
5201347400545,false,רצועות שעווה מוכנות לשימוש לפנים ולאזורים רגישים,רקיט בנקיזר,FR,רצועות שעווה פנים וי,Unknown,0.00,יחידה,false,,19.90,0.0000,true,1,49521
5202175001515,false,נאצ'וס בטעם מלוח מזר,אל סבור מקסיקן פוד,TW,נאצ'וס בטעם מלוח אל,גרמים,225.00,100 גרם,false,,10.50,0.0467,true,1,49703
5202175001546,false,ציפס נאצו בטעם ברביק,אל סבור מקסיקן פוד,TW,נאצ'וס בטעם ברביקיו,גרמים,225.00,100 גרם,false,,10.50,0.0467,true,1,49704
5202175002451,false,טורטייה- מאפה על בסי,אל סבור מקסיקן פוד,TW,טורטיות אל סאבור 4*6,גרמים,245.00,100 גרם,false,,8.90,0.0363,true,1,49726
5290074003211,false,מיץ אננס 100% 1 ליטר 'פאן',קהאן,קפריסין,מיץ אננס 100% פאן 1,קילוגרמים,1.00,ליטר,false,,9.90,9.9000,true,1,63602
5290074003228,false,מיץ תפוחים 100% 1 ליטר 'פאן',קהאן,קפריסין,מיץ תפוחים 100% פאן,קילוגרמים,1.00,ליטר,false,,9.90,9.9000,true,1,63603
5410126006087,false,לוטוס עוגיות קרמל 700 גרם,כלורוקס אוקלנד,BE,ביסקוויט קרמל לוטוס,גרמים,700.00,100 גרם,false,,19.90,0.0284,true,1,12297
5410126106022,false,לוטוס מארז חגים 250X2 גר',לוטוס בייקרי,BE,עוגיות לוטוס מארז חג,גרמים,500.00,100 גרם,false,,14.90,0.0298,true,1,63858
5410126116953,false,ממרח עוגיות קרמל 400 ג' לוטוס,לוטוס בייקרי בלגיה נ,BE,ממרח עוגיות לוטוס 40,גרמים,400.00,100 גרם,false,,19.90,0.0497,true,1,8665
5410126666038,false,עוגיות לוטוס 18*2 279 גרם,לוטוס ביקרי,BE,ביסקוויט קרמל לוטוס,גרמים,279.00,100 גרם,false,,9.90,0.0355,true,1,39167
5410126726947,false,ממרח עוגיות לוטוס קראנץ' 380 גרם,לוטוס בייקרי בלגיה נ,BE,ממרח עוגיות קראנצ לו,גרמים,380.00,100 גרם,false,,19.90,0.0524,true,1,13185
5410228141785,false,"בירה הוגרדן 330 מ""ל",קרלסברג יבוא יצוא,BE,"בירה הוגרדן 330 מ""ל",מיליליטרים,330.00,"100 מ""ל",false,,1.20,0.0036,true,1,48550
5410228217732,false,פחית בירה סטלה ארטואה,מנדלז סי.אר. פרודקשן,BE,בירה סטלה ארטואה 5.2,מיליליטרים,440.00,"100 מ""ל",false,,12.90,0.0293,true,1,63072
5410316983693,false,"אייס סמירנוף בודד 275 מ""ל",סמירנוף אייס Smirnoff ice,IT,"סמירנוף אייס 275 מ""ל",מיליליטרים,275.00,"100 מ""ל",false,,12.90,0.0469,true,1,52235
5411081003654,false,בירה קסטיל רוז 330 מ,מבשלת קסטל ואן הונסב,BE,בירה קסטיל רוז 330 מ,מיליליטרים,330.00,"100 מ""ל",false,,11.90,0.0361,true,1,62727
5411188080268,false,משקה סויה אורגני 1 ל' אלפרי,הנסיך- מפעל לייצור ט,BE,משקה סויה אורגני אלפ,קילוגרמים,1.00,ליטר,false,,11.90,11.9000,true,1,12674
5411188081852,false,אלפרו משקה סויה בטעם וניל 1 ל',הנסיך- מפעל לייצור ט,BE,משקה סויה וניל אלפרו,קילוגרמים,1.00,ליטר,false,,11.90,11.9000,true,1,12673
5411188094159,false,מעדן סויה שוקולד בלגי אלפרו 4*125 ג',הנסיך- מפעל לייצור ט,BE,מארז מעדן סויה שוקול,גרמים,500.00,100 גרם,false,,15.90,0.0318,true,1,6662
5411188094173,false,רביעיה מעדן סויה טעם קרמל 125 ג' אלפרו,אלפרו,BE,מארז מעדן סויה בטעם,גרמים,500.00,100 גרם,false,,15.90,0.0318,true,1,64606
5411188096108,false,"אלפרו שמנת צמחית לבישול לייט 250מ""ל",אלפרו C.V.A,BE,סויה לבישול 4.7% אלפ,מיליליטרים,250.00,"100 מ""ל",false,,7.90,0.0316,true,1,14414
5411188110835,false,אלפרו חלב סויה שקדים וניל 1ל',הנסיך- מפעל לייצור ט,BE,משקה שקדים אלפרו 1 ל,קילוגרמים,1.00,ליטר,false,,11.90,11.9000,true,1,14410
5411188112709,false,משקה אלפרו שקדים ללא סוכר 1 ליטר,הנסיך- מפעל לייצור ט,BE,משקה שקדים לא ממותק,קילוגרמים,1.00,ליטר,false,,11.90,11.9000,true,1,38725
5411188115366,false,אלפרו משקה שיבולת שועל 1 ליטר,הנסיך- מפעל לייצור ט,BE,משקה שיבולת שועל אלפ,קילוגרמים,1.00,ליטר,false,,12.90,12.9000,true,1,14407
5411188115434,false,משקה אלפרו בריסטה סויה 1 ליטר,אלפרו Alpro,BE,משקה בריסטה סויה אלפ,קילוגרמים,1.00,ליטר,false,,12.90,12.9000,true,1,62152
5411188115472,false,אלפרו משקה סויה 1 ליטר,הנסיך- מפעל לייצור ט,BE,משקה סויה אלפרו 1 לי,קילוגרמים,1.00,ליטר,false,,10.90,10.9000,true,1,52694
5411188120742,false,אלפרו חלב משקה שקדים בטעם וניל 1 ל',הנסיך- מפעל לייצור ט,BE,משקה שקדים וניל אלפר,קילוגרמים,1.00,ליטר,false,,12.90,12.9000,true,1,23165
5411188120957,false,"אלפרו תערובת לבישול על בסיס קוקוס 250 מ""ל",אלפרו Alpro,IL,קוקוס לבישול 14% אלפ,מיליליטרים,250.00,"100 מ""ל",false,,7.90,0.0316,true,1,60960
5411188124689,false,משקה שיבולת שועל ללא סוכר 1ל' אלפרו,אלפרו Alpro,BE,משקה שיבולת שועל ללא,קילוגרמים,1.00,ליטר,false,,12.90,12.9000,true,1,54629
5411188134985,false,אלפרו 3.5% NOT M*LK שיבולת שועל 1 ליטר בית יוסף,הנסיך- מפעל לייצור ט,BE,משקה שיבולת שועל 3.5,קילוגרמים,1.00,ליטר,false,,13.90,13.9000,true,1,60961
5411188135005,false,אלפרו 1.8% NOT M*LK שיבולת שועל 1 ליטר בית יוסף,הנסיך- מפעל לייצור ט,BE,משקה שיבולת 1.8% שו,קילוגרמים,1.00,ליטר,false,,13.90,13.9000,true,1,60962
5411188300328,false,"אלפרו משקה סויה שוקו 500מ""ל",הנסיך- מפעל לייצור ט,BE,משקה סויה שוקו אלפרו,קילוגרמים,1.00,ליטר,false,,11.90,11.9000,true,1,12672
5411188513483,false,"אלפרו סויה לבישול 14% שומן 250 מ""ל",אלפרו C.V.A,BE,סויה לבישול 14% אלפר,מיליליטרים,250.00,"100 מ""ל",false,,9.90,0.0396,true,1,60963
5411188543398,false,משקה סויה ללא סוכר 1 ל' אלפרו,הנסיך- מפעל לייצור ט,BE,משקה סויה ללא תוספת,קילוגרמים,1.00,ליטר,false,,10.90,10.9000,true,1,52695
5412865030750,false,מיני שוקולדים קרמל מ,,ES,מיני שוקולדים קרמל מ,גרמים,128.00,100 גרם,false,,11.90,0.0930,true,1,61289
5412865030767,false,מיני שוקולדים קרם חל,,ES,מיני שוקולדים קרם חל,גרמים,128.00,100 גרם,false,,11.90,0.0930,true,1,61290
5412865030774,false,מיני שוקולדים מריר 7,,ES,מיני שוקולדים מריר 7,גרמים,128.00,100 גרם,false,,11.90,0.0930,true,1,61291
5412865030781,false,מיני שוקולדים מינט מ,,ES,מיני שוקולדים מינט מ,גרמים,128.00,100 גרם,false,,11.90,0.0930,true,1,61292
5604912415041,false,סרדינים בשמן חמניה פורטוס 125 ג',קונסרבס פורטוגל נורט,PT,סרדין בשמן חמניות פו,גרמים,125.00,100 גרם,false,,5.90,0.0472,true,1,45549
5604912415058,false,סרדינים בשמן חמניה חריף פורטוס 125 ג',פורטוס Porthos,PT,סרדין בשמן חמניות חר,גרמים,125.00,100 גרם,false,,5.90,0.0472,true,1,45548
5604912425057,false,מקרלים בשמן חמניה חריף 125 ג' פורטוס,קונסרבס פורטוגל נורט,PT,מקרל בשמן חמניות חרי,גרמים,125.00,100 גרם,false,,5.90,0.0472,true,1,45560
5700006007090,false,מארז 10 סביבונים כד,,,מארז 10 סביבונים כד,Unknown,0.00,יחידה,false,,11.90,0.0000,true,1,65470
5700006007113,false,מארז 10 סביבונים סבי,,,מארז 10 סביבונים סבי,Unknown,0.00,יחידה,false,,11.90,0.0000,true,1,65471
5711953106583,false,גבינת שמנת בטעם טבעי 200 גרם ארלה,ארלה פודס אמבה,DK,גבינת שמנת טבעי 24.5,גרמים,200.00,100 גרם,false,,13.90,0.0695,true,1,48922
5711953106590,false,גבינת שמנת עם שום 200 גרם ארלה,ארלה פודס אמבה,DK,גבינת שמנת שום 24% א,גרמים,200.00,100 גרם,false,,13.90,0.0695,true,1,48923
5711953106606,false,גבינת שמנת עם תבלינים ועשבי תיבול 23.5%,ארלה פודס אמבה,DK,גבינת שמנת עשבי תיבו,גרמים,200.00,100 גרם,false,,13.90,0.0695,true,1,48924
5800245802613,false,מארז 24 סביבוני פלסט,,,מארז 24 סביבוני פלסט,Unknown,0.00,יחידה,false,,11.90,0.0000,true,1,65472
5900020026552,false,דגני בוקר האני נאט צ'יריוס בטעם דבש ושקדים,נסטלה צרפת איטנקורט,FR,דגני בוקר האני נאט צ,גרמים,625.00,100 גרם,false,,19.90,0.0318,true,1,49974
5900020041142,false,קורנפלקס פיטנס 500 ג' אסם,נסטלה צרפת איטנקורט,PL,קורנפלקס פיטנס 500 ג,גרמים,500.00,100 גרם,false,,12.90,0.0258,true,1,64913
5900907000583,false,מלפפון בחומץ בצנצנת,ברצה אורבנק,PL,מלפפון בחומץ בצנצנת,גרמים,920.00,100 גרם,false,,13.90,0.0151,true,1,19448
5900907000835,false,מלפפון בחומץ אורבנק,אורבנק,PL,מלפפון בחומץ אורבנק,פריט,2.55,"ק""ג",false,,29.90,11.7255,true,1,19447
5901483010102,false,"חליטת תפו""ע פירות יע",bifix,,"חליטת תפו""ע פירות יע",גרמים,50.00,100 גרם,false,,7.90,0.1580,true,1,14206
5901483020309,false,חליטת פירות יער 25 ש,bifix,,חליטת פירות יער 25 ש,גרמים,50.00,100 גרם,false,,7.90,0.1580,true,1,14298
5901483060022,false,חליטת עלי מרווה ביופ,bifix,,חליטת עלי מרווה 20 ש,גרמים,40.00,100 גרם,false,,7.90,0.1975,true,1,14303
5901483060060,false,חליטת שומר 20 שקיקים,bifix,,חליטת שומר 20 שקיקים,גרמים,40.00,100 גרם,false,,7.90,0.1975,true,1,35075
5901483060206,false,חליטת מנטה 20 שקיקים,bifix,,חליטת מנטה 20 שקיקים,גרמים,40.00,100 גרם,false,,7.90,0.1975,true,1,14301
5901483060404,false,חליטת בבונג 20 שקיקי,bifix,,חליטת בבונג 20 שקיקי,גרמים,35.00,100 גרם,false,,7.90,0.2257,true,1,14204
5901483081027,false,חליטת לואיזה 20 שקיק,bifix,,חליטת לואיזה 20 שקיק,גרמים,35.00,100 גרם,false,,7.90,0.2257,true,1,14851
5902198160403,false,"משקה אנרגיה XL TEN פחית לל""ס 250מ""ל","טמפו משקאות בע""מ",IL,משקה אנרגיה אקסל ללא,מיליליטרים,250.00,"100 מ""ל",false,,3.90,0.0156,true,1,29413
5904941751302,false,"משקה אנרגיה בלו 250 מ""ל- בודד",אקו - ביט,PL,משקה אנרגיה בלו 250,מיליליטרים,250.00,"100 מ""ל",false,,4.50,0.0180,true,1,3929
5906485301012,false,"משקה אנרגיה XL פחית 250 מ""ל","טמפו משקאות בע""מ",IL,משקה אנרגיה אקסל 250,מיליליטרים,250.00,"100 מ""ל",false,,3.90,0.0156,true,1,4818
5997321770307,false,"ויט רצועות שעווה לעור רגיש, 12 יח'",רקיט בנקיזר,FR,רצועות שעווה לעור רג,Unknown,0.00,יחידה,false,,19.90,0.0000,true,1,49453
6009684861000,false,חטיף דגנים דבש בוטנים 168ג',דין שיווק,MK,חטיף דגנים בטעם דבש,גרמים,125.00,100 גרם,false,,7.90,0.0632,true,1,3296
6102021100869,false,מארז 19 סוללות כפתור פאואר,,,מארז 19 סוללות כפתור,Unknown,0.00,יחידה,false,,14.90,0.0000,true,1,59677
6102022100202,false,מארז 12 סוללות אלקלי,,,מארז 12 סוללות אלקלי,Unknown,0.00,יחידה,false,,11.90,0.0000,true,1,62846
6102022100219,false,מארז 12 סוללות אלקלי,,,מארז 12 סוללות אלקלי,Unknown,0.00,יחידה,false,,11.90,0.0000,true,1,62847
6102022101506,false,בקבוק הזלפה,,,בקבוק הזלפה,Unknown,0.00,יחידה,false,,5.90,0.0000,true,1,65464
6102022101544,false,סביבון אקדח+פרופלורי,,,סביבון אקדח+פרופלורי,Unknown,0.00,יחידה,false,,9.90,0.0000,true,1,65465
6102022101551,false,סביבון דיסקיות+פרופל,,,סביבון דיסקיות+פרופל,Unknown,0.00,יחידה,false,,5.90,0.0000,true,1,65466
6102022101575,false,קופסא לפתילות,,,קופסא לפתילות,Unknown,0.00,יחידה,false,,6.90,0.0000,true,1,65467
6111049000051,false,סרדין מרוקאי חריף ספ,,,סרדין מרוקאי בשמן סו,גרמים,125.00,100 גרם,false,,4.90,0.0392,true,1,7193
6111049000150,false,סרדין בשמן סויה לימו,אטלנטיק הום סרדינס א,MA,סרדין בשמן ולימון 12,גרמים,125.00,100 גרם,false,,4.90,0.0392,true,1,8960
6111049002055,false,סרדין מרוקאי בשמן קפ,אטלנטיק הום סרדינס א,MA,סרדין מרוקאי בשמן סו,גרמים,125.00,100 גרם,false,,4.90,0.0392,true,1,7194
6111049003106,false,מארז סרדין מרוקאי בש,אטלנטיק הום סרדינס א,MA,מארז סרדין מרוקאי בש,גרמים,500.00,100 גרם,false,,14.90,0.0298,true,1,46960
6111049003113,false,מארז סרדין מרוקאי בש,אטלנטיק הום סרדינס א,MA,מארז סרדין מרוקאי בש,גרמים,500.00,100 גרם,false,,14.90,0.0298,true,1,46961
6111119000028,false,קוסקוס פרידה 500 גרם,,,קוסקוס פרידה 500 גרם,גרמים,500.00,100 גרם,false,,5.90,0.0118,true,1,55372
6112014100301,false,נר הבדלה פמוט פירמיד,,,נר הבדלה פמוט פירמיד,Unknown,0.00,יחידה,false,,14.90,0.0000,true,1,15009
6112014100318,false,נר הבדלה דלוקס,,,נר הבדלה דלוקס,Unknown,0.00,יחידה,false,,5.90,0.0000,true,1,15008
6112017100513,false,נר הבדלה דגם מס 7,,,נר הבדלה דגם מס 7,Unknown,0.00,יחידה,false,,12.90,0.0000,true,1,27335
6112017103811,false,כדוריות אולינהום לאס,yiwu kai yun,CN,כדוריות אולינהום לאס,גרמים,224.00,100 גרם,false,,4.90,0.0219,true,1,40434
6112017103996,false,שקיות הקפאה פסגור או,יואן קאי יון,CN,שקיות הקפאה פסגור או,Unknown,0.00,יחידה,false,,14.90,0.0000,true,1,43382
6112017104016,false,שקיות אוכל פסגור אול,,,שקיות אוכל פסגור אול,Unknown,0.00,יחידה,false,,14.90,0.0000,true,1,44061
6112017104030,false,ספוג מסאג אמבטיה 2 י,,,ספוג מסאג אמבטיה 2 י,Unknown,0.00,יחידה,false,,13.90,0.0000,true,1,40630
6112017105358,false,שקיות הקפאה 30 יח,,,שקיות הקפאה 30 יח,Unknown,0.00,יחידה,false,,14.90,0.0000,true,1,47613
6112017105549,false,כריות קרצוף זוג מסיל,,,כריות קרצוף זוג מסיל,Unknown,0.00,יחידה,false,,16.90,0.0000,true,1,47717
6112017105556,false,כריות קרצוף זוג מסיל,,,כריות קרצוף זוג מסיל,Unknown,0.00,יחידה,false,,16.90,0.0000,true,1,47718
6112017105723,false,חוט דנטלי זוג,,,חוט דנטלי זוג,Unknown,0.00,יחידה,false,,9.90,0.0000,true,1,48159
6112017105860,false,אטבי כביסה מסיליקון,,,אטבי כביסה מסיליקון,Unknown,0.00,יחידה,false,,17.90,0.0000,true,1,48840
6112017105877,false,אטבי כביסה אולינהום,,,אטבי כביסה אולינהום,Unknown,0.00,יחידה,false,,17.90,0.0000,true,1,48841
6112017106072,false,כדוריות אולינהום לאס,yiwu kai yun,CN,כדוריות אולינהום לאס,גרמים,224.00,100 גרם,false,,12.90,0.0576,true,1,49798
6112017106256,false,אטבי כביסה אולינהום,,,אטבי כביסה אולינהום,Unknown,0.00,יחידה,false,,17.90,0.0000,true,1,49688
6112017106294,false,כפפות גומי L אולינהו,,,כפפות גומי L אולינהו,Unknown,0.00,יחידה,false,,8.90,0.0000,true,1,49444
6112017106782,false,ספוג למקלחת זוג,,,ספוג למקלחת זוג,Unknown,0.00,יחידה,false,,19.90,0.0000,true,1,54293
6112017106799,false,זוג מברשות לניקוי בק,,,זוג מברשות לניקוי בק,Unknown,0.00,יחידה,false,,11.90,0.0000,true,1,52942
6112017106881,false,כפפות גומי 4 יח' S א,,,כפפות גומי 4 יח' S א,Unknown,0.00,יחידה,false,,8.90,0.0000,true,1,52947
6224009175062,false,תחתיות ארטישוק קפוא,O.K FRUIT,EG,תחתיות ארטישוק קפוא,פריט,1.00,"ק""ג",false,,14.90,14.9000,true,1,49834
6224009175123,false,פול קפוא אינדירה 1,O.K FRUIT,EG,פול קפוא אינדירה 1,פריט,1.00,"ק""ג",false,,13.90,13.9000,true,1,49835
6224009175147,false,"במיה קפואה 1 ק""ג",O.K FRUIT,EG,"במיה קפואה 1 ק""ג",פריט,1.00,"ק""ג",false,,11.90,11.9000,true,1,49836
6224009175192,false,"תות שדה 1 ק""ג קפוא ב",O.K FRUIT,EG,"תות שדה קפוא 1 ק""ג",פריט,1.00,"ק""ג",false,,14.90,14.9000,true,1,49837
6412700021027,false,וודקה פינלנדיה 1 ליט,,,וודקה פינלנדיה 1 ליט,קילוגרמים,1.00,ליטר,false,,79.90,79.9000,true,1,30015
6910191800287,false,אצות נורי בלו 10 דף (ננגטונג),ננטונג היידה אקווטוק,CN,אצות נורי לסושי מזרח,Unknown,0.00,יחידה,false,,11.90,0.0000,true,1,49707
6912977000140,false,אטריות שעועית מזרח ו,יאנטאי ינסידה לנוגקא,CN,אטריות שעועית מזרח ו,גרמים,250.00,100 גרם,false,,8.90,0.0356,true,1,49695
6921850649116,true,מארז 6 נורות לד טאגו,,,מארז 6 נורות לד טאגו,Unknown,0.00,יחידה,false,,39.90,0.0000,true,1,29620
6922276100083,false,מחית וואסבי חזרת מזר,דליאן ג'ינדה קונדימנ,CN,מחית וואסבי חזרת מזר,גרמים,43.00,100 גרם,false,,9.90,0.2302,true,1,49708
6923634954713,false,מאגדת סטיקס 130 גרם,שנטו גאבט פודס ושות,CN,מאגדת סטיקס 130 גרם,גרמים,130.00,100 גרם,false,,9.90,0.0762,true,1,53471
6934731200078,false,אטריות טריות דקות מז,יאנטאי ינסידה לנוגקא,CN,אטריות טריות דקות מז,גרמים,200.00,100 גרם,false,,6.90,0.0345,true,1,64737
6934731210138,false,אטריות טריות עבות מז,יאנטאי ינסידה לנוגקא,CN,אטריות טריות עבות מז,גרמים,200.00,100 גרם,false,,6.90,0.0345,true,1,64738
6934930849016,false,שמן חמניות אורו 1 לי,גומא,RU,שמן חמניות אורו 1 לי,קילוגרמים,1.00,ליטר,false,,8.90,8.9000,true,1,63239
6934931807268,false,פסטרמה איטלקית ONEG,דליקטס,IL,פסטרמה איטלקית ONEG,גרמים,200.00,100 גרם,false,,24.90,0.1245,true,1,64221
6934931807336,false,כתף בקר מפולפל ONEG,דליקטס,IL,כתף בקר מפולפל ONEG,גרמים,150.00,100 גרם,false,,24.90,0.1660,true,1,64222
6934931807404,false,קורנביף ONEG 150 גרם,דליקטס,IL,קורנביף ONEG 150 גרם,גרמים,150.00,100 גרם,false,,24.90,0.1660,true,1,64228
6934931807640,false,כתף בקר מעושן ONEG 1,דליקטס,IL,כתף בקר מעושן ONEG 1,גרמים,150.00,100 גרם,false,,24.90,0.1660,true,1,64229
6935487561246,false,מסיכה כירורגית שחורה מארז 50 יח',,,מסכות כירורגיות 50 י,Unknown,0.00,יחידה,false,,5.90,0.0000,true,1,55013
6936065411076,true,מסכות כירורגיות 50 י,,,מסכות כירורגיות 50 י,Unknown,0.00,יחידה,false,,79.90,0.0000,true,1,50732
6936745600462,false,רוטב מירין לתיבול מז,דאנינג יוה פודס קו,CN,מירין מזרח ומערב 500,מיליליטרים,500.00,"100 מ""ל",false,,17.90,0.0358,true,1,49717
6936745600783,false,"חומץ אורז 500 מ""ל (דאניינג)",דאנינג יוה פודס קו,CN,חומץ אורז מזרח ומערב,מיליליטרים,500.00,"100 מ""ל",false,,14.90,0.0298,true,1,49709
6948233328116,true,"קערה מלמין לילדים 6""",,,"קערה מלמין לילדים 6""",Unknown,0.00,יחידה,false,,2.90,0.0000,true,1,15718
6948233328123,true,"קערה מלמין לילדים 7""",,,"קערה מלמין לילדים 7""",Unknown,0.00,יחידה,false,,2.90,0.0000,true,1,15719
6948233328185,true,צלחת שטוחה מלמין,,,צלחת שטוחה מלמין,Unknown,0.00,יחידה,false,,3.90,0.0000,true,1,15721
6948233328338,true,"קערה מלמין 6""",,,"קערה מלמין 6""",Unknown,0.00,יחידה,false,,2.90,0.0000,true,1,15716
6948233328345,true,"קערה מלמין 7""",,,"קערה מלמין 7""",Unknown,0.00,יחידה,false,,2.90,0.0000,true,1,15717
6948233328352,true,"קערה מלמין 8""",,,"קערה מלמין 8""",Unknown,0.00,יחידה,false,,3.90,0.0000,true,1,15715
6952379521317,false,ספוג רחצה 3 יח',,,ספוג רחצה 3 יח',Unknown,0.00,יחידה,false,,12.90,0.0000,true,1,12926
6955984558785,true,מסכות הגנה לפנים 10,,,מסכות הגנה לפנים 10,Unknown,0.00,יחידה,false,,100.00,0.0000,true,1,50366
6974800740104,false,"טבעות תפו""ע טבעי עם",היאגואן,CN,"טבעות תפו""ע טבעי עם",גרמים,88.00,100 גרם,false,,12.90,0.1466,true,1,63626
6974800740203,false,"טבעות תפו""ע טבעי עם",היאגואן,CN,"טבעות תפו""ע טבעי עם",גרמים,88.00,100 גרם,false,,12.90,0.1466,true,1,63627
6974800740302,false,"טבעות תפו""ע טבעי מיו",היאגואן,CN,"טבעות תפו""ע טבעי מיו",גרמים,88.00,100 גרם,false,,12.90,0.1466,true,1,63628
6980259102004,true,קופסת פח בצורת לב דג,,,קופסת פח בצורת לב דג,Unknown,0.00,יחידה,false,,4.90,0.0000,true,1,26294
6980259102103,true,קופסת פח בצורת לב דג,,,קופסת פח בצורת לב דג,Unknown,0.00,יחידה,false,,4.90,0.0000,true,1,26295
6980259102202,true,קופסת פח בצורת לב דג,,,קופסת פח בצורת לב דג,Unknown,0.00,יחידה,false,,4.90,0.0000,true,1,26299
6980259102301,true,קופסת פח בצורת לב דג,,,קופסת פח בצורת לב דג,Unknown,0.00,יחידה,false,,4.90,0.0000,true,1,26297
6980259102400,true,קופסת פח בצורת לב דג,,,קופסת פח בצורת לב דג,Unknown,0.00,יחידה,false,,4.90,0.0000,true,1,26296
6980259102509,true,קופסת פח בצורת לב דג,,,קופסת פח בצורת לב דג,Unknown,0.00,יחידה,false,,4.90,0.0000,true,1,26298
6985425120165,false,ליפה לרחצה,,,ליפה לרחצה,Unknown,0.00,יחידה,false,,7.90,0.0000,true,1,5240
7162203029004,false,שמיכת פוך יחיד אינדי,,,שמיכת פוך יחיד אינדי,Unknown,0.00,יחידה,false,,99.90,0.0000,true,1,65058
7290000000282,false,שום 12 ראשים,אראל תוצרת חקלאית בע,IL,שום 12 ראשים,Unknown,12.00,יחידה,false,,17.90,1.4917,true,1,847
7290000000411,false,שום ייבוא ליח,אראל תוצרת חקלאית בע,IL,שום 4 ראשים,Unknown,0.00,יחידה,false,,7.90,0.0000,true,1,21221
7290000000978,false,חסה גלאט ברכת קטיף,ברכת קטיף,IL,חסה גלאט ברכת קטיף,Unknown,0.00,יחידה,false,,4.90,0.0000,true,1,3157
7290000000985,false,פטרוזיליה גלאט ברכת,ברכת קטיף,IL,פטרוזיליה גלאט ברכת,Unknown,0.00,יחידה,false,,5.90,0.0000,true,1,3158
7290000001043,false,כרוב לבן ברכת קטיף,ברכת קטיף,IL,כרוב לבן ברכת קטיף,קילוגרמים,1.00,"ק""ג",true,,9.90,9.9000,true,1,3165
7290000001074,false,כרוב אדום ברכת קטיף,קרלברג ייצור ושיווק,IL,כרוב אדום ברכת קטיף,קילוגרמים,1.00,"ק""ג",true,,11.90,11.9000,true,1,3167
7290000001524,false,מולוצנייה בייבי,מעדני מניה תעשיות בש,IL,בצל ירוק,Unknown,0.00,יחידה,false,,5.90,0.0000,true,1,3164
7290000001579,false,סלרי גלאט ברכת קטיף,ברכת קטיף,IL,סלרי גלאט ברכת קטיף,Unknown,0.00,יחידה,false,,5.90,0.0000,true,1,3162
7290000001609,false,סלק עלים גלאט,ברכת קטיף,IL,עלי סלק גלאט,Unknown,0.00,יחידה,false,,5.90,0.0000,true,1,3163
7290000001616,false,כוסברה גלאט ברכת קטי,ברכת קטיף,IL,כוסברה גלאט ברכת קטי,Unknown,0.00,יחידה,false,,5.90,0.0000,true,1,3159
7290000001982,false,אפרסמון,אראל תוצרת חקלאית בע,IL,אפרסמון,קילוגרמים,1.00,"ק""ג",true,,19.90,19.9000,true,1,49127
7290000023007,false,"ברנדי שטוק 84 40% 750 מ""ל","יקבי ברקן בע""ם",IL,"ברנדי שטוק 84 750 מ""",מיליליטרים,750.00,"100 מ""ל",false,,64.90,0.0865,true,1,20911
7290000023083,false,ערק אשקלון 40% בקבוק,"יקבי ברקן בע""מ",IL,ארק אשקלון 40% 700 מ,מיליליטרים,700.00,"100 מ""ל",false,,46.90,0.0670,true,1,12802
7290000023427,false,ליקר שטוק אמרטו 750מ,"יקבי ברקן בע""מ",IL,ליקר סטוק אמרטו 750,מיליליטרים,750.00,"100 מ""ל",false,,49.90,0.0665,true,1,4867
7290000023434,false,ליקר שטוק וישניאק 75,"יקבי ברקן בע""מ",IL,ליקר סטוק וישניאק 75,מיליליטרים,750.00,"100 מ""ל",false,,49.90,0.0665,true,1,4870
7290000023472,false,ליקר סטוק טריפל סק 7,יקבי ברקן,,ליקר סטוק טריפל סק 7,מיליליטרים,750.00,"100 מ""ל",false,,49.90,0.0665,true,1,4868
7290000023809,false,"יין ברקן קלאסיק קברנה סובניון 750מ""ל",יקבי ברקן שיווק והפצ,IL,יין קלאסיק קברנה,מיליליטרים,750.00,"100 מ""ל",false,,27.90,0.0372,true,1,4558
7290000023816,false,"יין ברקן קלאסיק אמרלד ריזלינג 750מ""ל",יקבי ברקן שיווק והפצ,IL,יין קלאסיק אמרלד ריז,מיליליטרים,750.00,"100 מ""ל",false,,27.90,0.0372,true,1,4458
7290000023977,false,"יין ברקן קלאסיק מרלו 750 מ""ל",יקבי ברקן שיווק והפצ,IL,יין קלאסיק מרלו,מיליליטרים,750.00,"100 מ""ל",false,,27.90,0.0372,true,1,3735
7290000024202,false,"יין ברקן רזרב קברנה סובניון 750 מ""ל",ברקן שיווק והפצה בעמ,IL,יין רזרב קברנה סובני,מיליליטרים,750.00,"100 מ""ל",false,,30.90,0.0412,true,1,10068
7290000024264,false,"יין ברקן רזרב מרלו 750 מ""ל",כרמי צבי - אחים סגל,IL,יין רזרב מרלו,מיליליטרים,750.00,"100 מ""ל",false,,30.90,0.0412,true,1,10069
7290000024554,false,יין אסמבלאז ריחן 200,יקבי ברקן,IL,יין ריחן אסמבלאז,מיליליטרים,750.00,"100 מ""ל",false,,49.90,0.0665,true,1,36515
7290000024561,false,ברקן אסמבלאז' איתן 7,יקבי ברקן,IL,יין אסמבלאז איתן,מיליליטרים,750.00,"100 מ""ל",false,,49.90,0.0665,true,1,36513
7290000024912,false,וודקה קגלביץ לימון 7,"יקבי ברקן בע""מ",IL,וודקה קגלביץ לימון 2,מיליליטרים,700.00,"100 מ""ל",false,,39.90,0.0570,true,1,3542
7290000040301,false,"גבינת קולאז קממבר עין גדי 24%, 125 ג'",תנובה מרכז שיתופי לש,IL,גבינה קממבר 24% תנוב,גרמים,125.00,100 גרם,false,,16.90,0.1352,true,1,1318
7290000040318,false,גבינת ברי 24% קולאז עדי תנובה 125 ג',תנובה מרכז שיתופי לש,IL,גבינת עדי/ברי תנובה,גרמים,125.00,100 גרם,false,,17.90,0.1432,true,1,1319
7290000040462,false,גבינת טוסטי עמק אמריקאי אדם 23% 200 ג',תנובה מרכז שיתופי לש,IL,גבינה טעם אמריקאי 22,גרמים,200.00,100 גרם,false,,16.90,0.0845,true,1,1320
7290000040974,false,חלב תנובה קרטון דל לקטוז 2% 1ל,תנובה מרכז שיתופי לש,IL,חלב טרי דל לקטוז 1 ל,קילוגרמים,1.00,ליטר,false,,6.90,6.9000,true,1,6100
7290000041407,false,"גיל לבן 3% תנובה 125 מ""ל בד""צ",תנובה מרכז שיתופי לש,IL,"גיל תנובה 125 מ""ל",מיליליטרים,125.00,"100 מ""ל",false,,0.90,0.0072,true,1,1402
7290000041445,false,קוטג' 5% תנובה מהדרין 250ג',מיוצר עי קונדיטוריית,IL,קוטג 5% תנובה 250 גר,גרמים,250.00,100 גרם,false,,5.50,0.0220,true,1,1403
7290000041452,false,קוטג תנובה מהדרין 9% 250ג,תנובה מרכז שיתופי לש,IL,קוטג 9% תנובה 250 גר,גרמים,250.00,100 גרם,false,,5.50,0.0220,true,1,1404
7290000041858,false,"שמנת חמוצה 15% יטבתה 200 מ""ל מהדרין",שטראוס גרופ,IL,שמנת חמוצה 15% יטבתה,מיליליטרים,200.00,"100 מ""ל",false,,2.50,0.0125,true,1,5889
7290000042671,false,חלב תנובה עמיד בדץ קרטון 3% 1ל,תנובה מרכז שיתופי לש,IL,חלב עמיד 3% תנובה 1,קילוגרמים,1.00,ליטר,false,,6.90,6.9000,true,1,1450
7290000042855,false,יוטבתה שוקו שקית 225מל,שטראוס גרופ,IL,שוקו שקית יטבתה 225,מיליליטרים,225.00,"100 מ""ל",false,,2.50,0.0111,true,1,5516
7290000043012,false,"שוקו עמיד 2% בקרטון 250 מ""ל תנובה",תנובה מרכז שיתופי לש,IL,שוקו עמיד תנובה 250,מיליליטרים,250.00,"100 מ""ל",false,,4.40,0.0176,true,1,1455
7290000043814,false,"שמנת מתוקה להקצפה 38% 250 מ""ל תנובה",תנובה מרכז שיתופי לש,IL,שמנת להקצפה 38% השף,מיליליטרים,250.00,"100 מ""ל",false,,6.40,0.0256,true,1,1463
7290000043890,false,רויון בקרטון 1 ליטר,תנובה מרכז שיתופי לש,IL,רויון 1.5% תנובה 1 ל,קילוגרמים,1.00,ליטר,false,,9.90,9.9000,true,1,1464
7290000044880,false,באדי יוגורט תות 3% שומן 500 ג' תנובה,מיוצר עי קונדיטוריית,IL,"באדי תות 500 מ""ל",מיליליטרים,500.00,"100 מ""ל",false,,8.90,0.0178,true,1,1489
7290000045399,false,ניר גבינה מותכת 26% 200ג,תנובה מרכז שיתופי לש,IL,גבינה מותכת 26% ניר,גרמים,200.00,100 גרם,false,,13.40,0.0670,true,1,1503
7290000047546,false,כנען גבינה לבנה ללא מלח 5% 500 ג',תנובה מרכז שיתופי לש,IL,גבינת כנען 5% 500 גר,גרמים,500.00,100 גרם,false,,22.90,0.0458,true,1,1571
7290000047621,false,גבינה לבנה רכה 5% תנובה 250ג' מהדרין,תנובה מרכז שיתופי לש,IL,גבינה 5% תנובה 250 ג,גרמים,250.00,100 גרם,false,,4.90,0.0196,true,1,1573
7290000047942,false,**תנובה גבינה לבנה מהדרין 9% 250ג,תנובה מרכז שיתופי לש,IL,גבינה 9% תנובה 250 ג,גרמים,250.00,100 גרם,false,,4.90,0.0196,true,1,1574
7290000048185,false,גבינה לבנה 5% שומן 250 ג' תנובה,מיוצר עי קונדיטוריית,IL,גבינה 5% תנובה 250 ג,גרמים,250.00,100 גרם,false,,4.90,0.0196,true,1,19238
7290000048307,false,קוטג' 5% וזיתים ירוקים 250ג' תנובה,מיוצר עי קונדיטוריית,IL,קוטג עם זיתים 5% תנו,גרמים,250.00,100 גרם,false,,5.80,0.0232,true,1,1575
7290000048413,false,גבינה חמד %16 שקית 250 ג' פיראוס,תנובה מרכז שיתופי לש,IL,גבינת חמד 16% פיראוס,גרמים,250.00,100 גרם,false,,17.50,0.0700,true,1,1576
7290000048437,false,גבינה צפתית 5% 200 ג' פיראוס,פארייפאבה אגרואינדוס,IL,גבינה צפתית 5% פיראו,גרמים,200.00,100 גרם,false,,13.90,0.0695,true,1,1583
7290000048451,false,פיראוס חרמון מלוחה 16% 250ג,תנובה מרכז שיתופי לש,IL,גבינת חרמון 16% פירא,גרמים,250.00,100 גרם,false,,17.90,0.0716,true,1,1585
7290000050447,false,יוגורט תות 500 ג' יופלה,מיוצר עי קונדיטוריית,IL,יופלה תות 3% 500 גרם,מיליליטרים,500.00,"100 מ""ל",false,,12.60,0.0252,true,1,38519
7290000050454,false,יוגורט אפרסק 500 ג' יופלה,מיוצר עי קונדיטוריית,IL,יופלה אפרסק 3% 500 ג,מיליליטרים,500.00,"100 מ""ל",false,,12.60,0.0252,true,1,38507
7290000051307,false,מארז הפסקת אוכל עם דגני עוגי ומשקה חלב עמיד בטעם וניל,תנובה מרכז שיתופי לש,IL,מארז הפסקת אוכל דגני,מיליליטרים,150.00,"100 מ""ל",false,,8.90,0.0593,true,1,9823
7290000051376,false,יופלה דיאט אננס גביע 150 ג',תנובה מרכז שיתופי לש,IL,יופלה דיאט 0% אננס 1,גרמים,150.00,100 גרם,false,,4.70,0.0313,true,1,47263
7290000052311,false,גבינה צהובה לייט 15% 200 ג' עמק,תנובה מרכז שיתופי לש,IL,גבינה עמק מופחת שומן,גרמים,200.00,100 גרם,false,,14.90,0.0745,true,1,5542
7290000052649,false,גבינת לאבנה 5% שומן 500 ג' פיראוס,תנובה מרכז שיתופי לש,IL,לאבנה על בסיס יוגורט,גרמים,500.00,100 גרם,false,,18.90,0.0378,true,1,4710
7290000052717,false,קוטג' 5%עם שום שמיר 250 ג' תנובה,מיוצר עי קונדיטוריית,IL,קוטג עם שום שמיר 5%,גרמים,250.00,100 גרם,false,,5.80,0.0232,true,1,8792
7290000052946,false,"יופלה לבן מעודן מאגדת שמינייה בד""צ",תנובה מרכז שיתופי לש,IL,מארז יופלה וניל במתי,גרמים,800.00,100 גרם,false,,19.90,0.0249,true,1,4852
7290000055015,false,גבינת פיראוס פטה כבשים 5% 250 ג' פיראוס,תנובה מרכז שיתופי לש,IL,גבינת פטה כבשים 5% פ,גרמים,250.00,100 גרם,false,,24.90,0.0996,true,1,5761
7290000055329,false,יופלה משקה יוגורט תות מלון 1.5% 250מל.,תנובה מרכז שיתופי לש,IL,משקה יוגורט יופלה תו,גרמים,250.00,100 גרם,false,,4.90,0.0196,true,1,38608
7290000055336,false,יופלה משקה יוגורט בננה אפרסק 1.5% 250מל,תנובה מרכז שיתופי לש,IL,משקה יוגורט יופלה בנ,גרמים,250.00,100 גרם,false,,4.90,0.0196,true,1,38609
7290000055343,false,יופלה משקה יוגורט טרופי 1.5% 250מל,תנובה מרכז שיתופי לש,IL,משקה יוגורט יופלה טר,גרמים,250.00,100 גרם,false,,4.90,0.0196,true,1,38610
7290000055756,false,גבינה לבנה 5% תנובה מארז 850X2ג' בדץ,תנובה מרכז שיתופי לש,IL,מארז גבינה 5% תנובה,פריט,1.70,"ק""ג",false,,31.90,18.7647,true,1,5762
7290000055893,false,חמאה משמנת מפוסטרת 200ג' כ.מהדרין,תנובה מרכז שיתופי לש,IL,חמאה תנובה 200 גרם,גרמים,200.00,100 גרם,false,,7.60,0.0380,true,1,6388
7290000056883,false,יופלה מאגדת פרי 3% 8 יח' * 150 ג',תנובה מרכז שיתופי לש,IL,מארז יופלה פרי 8*150,פריט,1.20,"ק""ג",false,,24.90,20.7500,true,1,38561
7290000056890,false,דיאט יופלה שמינייה טעמים שונים,מיוצר עי קונדיטוריית,IL,מארז יופלה פרי דיאט,קילוגרמים,1.20,ליטר,false,,24.90,20.7500,true,1,6616
7290000056951,false,"שמנת לבישול 15% שומן 500 מ""ל תנובה",תנובה מרכז שיתופי לש,IL,שמנת לבישול 15% השף,מיליליטרים,500.00,"100 מ""ל",false,,15.90,0.0318,true,1,7216
7290000057088,false,גבינת דק דק 28% 200 ג' עמק,תנובה מרכז שיתופי לש,IL,גבינה עמק דק דק 28%,גרמים,200.00,100 גרם,false,,14.90,0.0745,true,1,10752
7290000058047,false,**שף לבן שמנת מתוקה מהדרין 38% פקק 500מ,תנובה מרכז שיתופי לש,IL,שמנת להקצפה 38% השף,גרמים,500.00,100 גרם,false,,12.80,0.0256,true,1,7681
7290000058979,false,גיל בטעם תות 3% שומן 125 ג' תנובה,תנובה מרכז שיתופי לש,IL,גיל בטעם תות תנובה 1,גרמים,125.00,100 גרם,false,,1.30,0.0104,true,1,8461
7290000060071,false,אוסם - חטיפי פריכונים מאורז מלא קלוי 80גר,"מיוצר ע""י PT, משווק",IL,פריכונים אורז מלא 80,גרמים,80.00,100 גרם,false,,6.90,0.0863,true,1,33641
7290000060088,false,בייגלה אסם מקלות מלוחים 400 גרם,מיוצר עי קונדיטוריית,IL,בייגלה מקלות מלח אסם,גרמים,400.00,100 גרם,false,,8.90,0.0223,true,1,5527
7290000060163,false,פסטה אסם אטריות דקות 400גר,"אסם השקעות בע""מ",IL,אטריות דקות אסם 400,גרמים,400.00,100 גרם,false,,4.90,0.0123,true,1,1888
7290000060200,false,פסטה אסם פתיתים אפויים קוסקוס 500גר,"אסם השקעות בע""מ",IL,פתיתים קוסקוס אסם 50,גרמים,500.00,100 גרם,false,,4.90,0.0098,true,1,1889
7290000060248,false,פסטה אסם פתיתים תלתלים 500גר,קריות זול,IT,פסטה תלתלים אסם 500,גרמים,500.00,100 גרם,false,,4.90,0.0098,true,1,1891
7290000060408,false,פסטה אסם פתיתים אפויים טבעות 500 גר,"אסם השקעות בע""מ",IL,פתיתים טבעות אסם 500,גרמים,500.00,100 גרם,false,,4.90,0.0098,true,1,1893
7290000060415,false,פסטה פרפקטו לזאניה אסם 500ג',קריות זול,IT,לזניה פרפקטו 500 גרם,גרמים,500.00,100 גרם,false,,9.90,0.0198,true,1,1894
7290000060576,false,פסטה אסם פתיתים אפוי כוכב 500גר,"אסם השקעות בע""מ",IL,פתיתים כוכבים אסם 50,גרמים,500.00,100 גרם,false,,4.90,0.0098,true,1,1896
7290000060781,false,פסטה אסם פתיתים מסולסלים 500גר,קריות זול,IT,פסטה מסולסלת אסם 500,גרמים,500.00,100 גרם,false,,4.90,0.0098,true,1,1898
7290000060828,false,פסטה קרניים בינוניות 500 ג' אסם,קריות זול,IT,פסטה קרניים אסם 500,גרמים,500.00,100 גרם,false,,4.90,0.0098,true,1,1899
7290000060842,false,פסטה אסם פתיתים צדפים גדולים 500גר,קריות זול,IT,פסטה צדפים גדולים אס,גרמים,500.00,100 גרם,false,,4.90,0.0098,true,1,1900
7290000060880,false,פסטה מס' 8 ספגטי אסם 500ג',קריות זול,IT,ספגטי אסם 500 גרם,גרמים,500.00,100 גרם,false,,4.90,0.0098,true,1,1902
7290000060903,false,פסטה אסם פתיתים אפויים אורז 500גר,"אסם השקעות בע""מ",IL,פתיתים אורז אסם 500,גרמים,500.00,100 גרם,false,,4.90,0.0098,true,1,1903
7290000060958,false,פסטה אסם אטריות בינוניות 400 גרם,"אסם השקעות בע""מ",IL,אטריות בינוניות אסם,גרמים,400.00,100 גרם,false,,4.90,0.0123,true,1,1904
7290000060965,false,פסטה אסם אטריות רחבות 400גר,"אסם השקעות בע""מ",IL,אטריות רחבות אסם 400,גרמים,400.00,100 גרם,false,,4.90,0.0123,true,1,1905
7290000060972,false,פסטה אסם אטריות דקיקות 400 גרם,קריות זול,IT,אטריות דקיקות אסם 40,גרמים,400.00,100 גרם,false,,4.90,0.0123,true,1,1906
7290000061061,false,קרקר בצל אסם 250 גרם,"אסם השקעות בע""מ",IL,קרקר בצל אסם 250 גרם,גרמים,250.00,100 גרם,false,,8.90,0.0356,true,1,1909
7290000061108,false,"רוטב טריאקי 290 מ""ל אסם","אסם השקעות בע""מ",IL,רוטב טריאקי אסם 360,גרמים,360.00,100 גרם,false,,8.90,0.0247,true,1,1911
7290000061764,false,נסקפה רד מאג טעם חדש 200ג',נסטלה ספרד קפה,ES,קפה נמס מגורען רד מא,גרמים,200.00,100 גרם,false,,18.90,0.0945,true,1,1914
7290000062129,false,"פודינג אינסטנט טעם וניל 1ק""ג אסם","אסם השקעות בע""מ",IL,פודינג אינסטנט וניל,פריט,1.00,"ק""ג",false,,19.90,19.9000,true,1,1919
7290000063140,false,שקדי מרק רכיבים טבעיים בשקית 400 ג' אסם,"אסם השקעות בע""מ",IL,שקדי מרק אסם 400 גרם,גרמים,400.00,100 גרם,false,,9.60,0.0240,true,1,1945
7290000063157,false,"קמח תופח מאליו אסם 1 ק""ג","אסם השקעות בע""מ",IL,"קמח תופח אסם 1 ק""ג",פריט,1.00,"ק""ג",false,,7.90,7.9000,true,1,1946
7290000064871,false,"אוסם - מנה חמה פירה תפו""א עם בצל 56 גרם","אסם השקעות בע""מ",IL,מנה חמה פירה בצל אסם,גרמים,56.00,100 גרם,false,,4.90,0.0875,true,1,1967
7290000065090,false,מיני קרוטונים למרק ולסלט 400 ג' אסם,עינת תעשיות מזון,IL,מיני קרוטונים למרק/ס,גרמים,400.00,100 גרם,false,,20.90,0.0522,true,1,1980
7290000065335,false,אוסם - מנה חמה פירה עם ירקות 55 גרם,"אסם השקעות בע""מ",IL,מנה חמה פירה עם ירקו,גרמים,55.00,100 גרם,false,,4.90,0.0891,true,1,1987
7290000065540,false,אוסם - מנה חמה פסטה מוקרמת בטעם עוף 55 גרם,"אסם השקעות בע""מ",IL,מנה חמה פסטה מוקרמת,גרמים,55.00,100 גרם,false,,4.90,0.0891,true,1,19505
7290000065557,false,אוסם - מנה חמה קוסקוס עם ירקות 84 גרם,"אסם תעשיות מזון בע""מ",IL,מנה חמה קוסקוס וירקו,גרמים,84.00,100 גרם,false,,4.90,0.0583,true,1,19506
7290000066134,false,ביסלי בטעם פלאפל אסם,"אסם השקעות בע""מ",IL,ביסלי פלאפל 70 גרם,גרמים,70.00,100 גרם,false,,3.90,0.0557,true,1,1995
7290000066141,false,ביסלי בטעם גריל אסם,"אסם השקעות בע""מ",IL,ביסלי גריל 70 גרם,גרמים,70.00,100 גרם,false,,3.90,0.0557,true,1,1996
7290000066172,false,ביסלי בטעם פיצה אסם,"אסם השקעות בע""מ",IL,ביסלי פיצה 70 גרם,גרמים,70.00,100 גרם,false,,3.90,0.0557,true,1,1999
7290000066189,false,ביסלי גדול בטעם פלאפל 200 ג' אסם,"אסם השקעות בע""מ",IL,ביסלי פלאפל 200 גרם,גרמים,200.00,100 גרם,false,,6.50,0.0325,true,1,2000
7290000066196,false,ביסלי גדול בטעם גריל 200 ג' אסם,מיוצר עי קונדיטוריית,IL,ביסלי גריל 200 גרם,גרמים,200.00,100 גרם,false,,6.50,0.0325,true,1,2001
7290000066226,false,ביסלי בטעם פיצה 200 ג' אסם,מיוצר עי קונדיטוריית,IL,ביסלי פיצה 200 גרם,גרמים,200.00,100 גרם,false,,6.50,0.0325,true,1,2004
7290000066264,false,אוסם - חטיף דובונים 40 גרם,"אסם השקעות בע""מ",IL,דובונים 40 גרם,גרמים,40.00,100 גרם,false,,3.90,0.0975,true,1,2005
7290000066318,false,במבה קלאסי 80 גרם,"אסם השקעות בע""מ",IL,במבה 80 גרם,גרמים,80.00,100 גרם,false,,3.90,0.0487,true,1,2007
7290000066332,false,אפרופו חטיף אסם 50ג',מיוצר עי קונדיטוריית,IL,אפרופו 50 גרם,גרמים,50.00,100 גרם,false,,4.50,0.0900,true,1,2008
7290000066431,false,פופקו חטיף תירס בטעם חמאה ודבש 80 גרם,מיוצר עי קונדיטוריית,IL,פופקו 80 גרם,גרמים,80.00,100 גרם,false,,4.50,0.0563,true,1,2009
7290000067599,false,אוסם - מנה חמה ספגטי רוטב בולנז 65 גרם,"אסם השקעות בע""מ",IL,מנה חמה ספגטי בולונז,גרמים,65.00,100 גרם,false,,4.90,0.0754,true,1,2050
7290000068138,false,אסם פודינג אינסטנט וניל 80 גרם,מיוצר עי קונדיטוריית,IL,פודינג אינסטנט וניל,גרמים,80.00,100 גרם,false,,4.90,0.0613,true,1,2100
7290000068190,false,ג'לי תות שדה צבע טבעי 85 ג',מיוצר עי קונדיטוריית,IL,גלי בטעם תות אסם 85,גרמים,85.00,100 גרם,false,,5.90,0.0694,true,1,2102
7290000068343,false,אוסם - פירכונים מאורז מלא 140 גרם,"מיוצר ע""י PT, משווק",IL,פריכונים מאורז מלא א,גרמים,140.00,100 גרם,false,,6.90,0.0493,true,1,5842
7290000070308,false,אבקת מרק עוף אמיתי במיכל 400 גרם,"אסם השקעות בע""מ",IL,מרק עוף אמיתי אסם 40,גרמים,400.00,100 גרם,false,,14.90,0.0373,true,1,2138
7290000070322,false,אבקת מרק פטריות רכיבים טבעיים אוסם 400 ג',"אסם השקעות בע""מ",IL,מרק פטריות ר.טבעיים,גרמים,400.00,100 גרם,false,,21.90,0.0547,true,1,2139
7290000070353,false,אבקת מרק בצל רכיבים טבעיים 400 ג' אסם,"אסם השקעות בע""מ",IL,מרק בצל ר.טבעיים אסם,גרמים,400.00,100 גרם,false,,21.90,0.0547,true,1,2140
7290000072623,false,אסם קטשופ בקבוק לחיץ,"אסם השקעות בע""מ",IL,קטשופ לחיץ אסם 750 ג,גרמים,750.00,100 גרם,false,,8.90,0.0119,true,1,2148
7290000072630,false,קטשופ חריף אוסם 750 ג',"אסם השקעות בע""מ",IL,קטשופ חריף אסם 750 ג,גרמים,750.00,100 גרם,false,,11.90,0.0159,true,1,2149
7290000072753,false,קפה טייסטר צ'ויס קפה מגורען 200ג',נסטלה קוריאה - קפה,IL,קפה נמס טסטרס צויס 2,גרמים,200.00,100 גרם,false,,29.90,0.1495,true,1,2151
7290000072777,false,קפה טייסטר צ'ויס מגור' נ.קפאין 200ג',נסטלה קוריאה - קפה,IL,קפה נמס טסטרס צויס נ,גרמים,200.00,100 גרם,false,,35.90,0.1795,true,1,2152
7290000073415,false,אוסם - מנה חמה פסטה ברוטב פיצה 61 גרם,"אסם השקעות בע""מ",IL,מנה חמה פסטה רוטב פי,גרמים,61.00,100 גרם,false,,4.90,0.0803,true,1,2569
7290000073750,false,אוסם - מנה חמה נודלס בטעם עוף 70 גרם,טאי רזידנט,CN,מנה חמה נודלס בטעם ע,גרמים,70.00,100 גרם,false,,4.90,0.0700,true,1,5217
7290000073767,false,אוסם - מנה חמה נודלס בטעם בקר 70 גרם,טאי רזידנט,CN,מנה חמה נודלס בטעם ב,גרמים,71.00,100 גרם,false,,4.90,0.0690,true,1,2570
7290000073774,false,אוסם - מנה חמה נודלס בטעם פיקנטי 70 גרם,טאי רזידנט,CN,מנה חמה נודלס פיקנטי,גרמים,70.00,100 גרם,false,,4.90,0.0700,true,1,5218
7290000074153,false,ביסקוויט פתיבר שוקו,מיוצר עי קונדיטוריית,IL,פתיבר שוקו אסם 500 ג,גרמים,500.00,100 גרם,false,,8.90,0.0178,true,1,22436
7290000074184,false,אוסם - פתי בר בינוני 500 גרם,"אסם השקעות בע""מ",IL,פתיבר אסם 500 גרם,גרמים,500.00,100 גרם,false,,8.90,0.0178,true,1,22327
7290000074245,false,אוסם - קרם קרקר אסם 250 גרם,"אסם השקעות בע""מ",IL,קרם קרקר 250 גרם,גרמים,250.00,100 גרם,false,,7.80,0.0312,true,1,2572
7290000074252,false,קרקר אסם שומשום 250 גרם,"אסם השקעות בע""מ",IL,קרקר שומשום אסם 250,גרמים,250.00,100 גרם,false,,7.90,0.0316,true,1,2573
7290000074276,false,קרקר פיקנטי טבעון 250 ג' אסם,"אסם השקעות בע""מ",IL,קרקר קלאסי אסם 250 ג,גרמים,250.00,100 גרם,false,,8.90,0.0356,true,1,2574
7290000074375,false,אוסם - קרקר זהב 150 גרם,"אסם השקעות בע""מ",IL,קרקר זהב 150 גרם,גרמים,150.00,100 גרם,false,,6.50,0.0433,true,1,2576
7290000074481,false,לחמית אגוזים אסם 160 ג',"אסם השקעות בע""מ",IL,לחמית אגוזים 160 גרם,גרמים,160.00,100 גרם,false,,8.90,0.0556,true,1,6785
7290000074696,false,"קרם קרקר 1 ק""ג אוסם","אסם השקעות בע""מ",IL,"קרם קרקר 1 ק""ג",פריט,1.00,"ק""ג",false,,19.90,19.9000,true,1,2577
7290000074764,false,קרקר זהב אסם 900 גרם,אסם תעשיות,IL,קרקר זהב 900 גרם,גרמים,900.00,100 גרם,false,,19.90,0.0221,true,1,2581
7290000075204,false,אוסם - לחמית חיטה מלאה 250 גרם,"אסם השקעות בע""מ",IL,לחמית חיטה מלאה 250,גרמים,250.00,100 גרם,false,,7.90,0.0316,true,1,2584
7290000075693,false,עוגת הבית שמרים בריוש שוקולד 360ג',מיוצר עי קונדיטוריית,IL,עוגת שמרים בריוש שוק,גרמים,360.00,100 גרם,false,,14.90,0.0414,true,1,6314
7290000076133,false,בייגלה שמיניות קטנות 400 גרם אסם,"אסם השקעות בע""מ",IL,בייגלה שמיניות מלח א,גרמים,400.00,100 גרם,false,,8.90,0.0223,true,1,2588
7290000077017,false,עוגיות קרמוגית וקרם שוקולד אסם 200 גרם,מיוצר עי קונדיטוריית,IL,עוגיות ממולאות שוקול,גרמים,200.00,100 גרם,false,,9.90,0.0495,true,1,2600
7290000077253,false,אוסם - לחמית כפרית עם דגנים מלאים 190 גרם,"אסם השקעות בע""מ",IL,לחמית כפרית 190 גרם,גרמים,190.00,100 גרם,false,,8.90,0.0468,true,1,4999
7290000078762,false,אוסם - חטיפי פריכונים מאורז מלא בטעם דבש 80גר,סנורייס בלגיום אן. ו,BE,פריכונים אורז מלא וד,גרמים,80.00,100 גרם,false,,6.90,0.0863,true,1,2610
7290000081663,false,בייגלה אסם טבעות שומשום 300 גרם,מיוצר עי קונדיטוריית,IL,בייגלה טבעות שומשום,גרמים,300.00,100 גרם,false,,8.90,0.0297,true,1,2634
7290000100197,false,לקט אפונה תירס וגזר סנפרוסט 700 גר',סנפרוסט בעמ,IL,לקט אפונה תירס וגזר,גרמים,700.00,100 גרם,false,,14.90,0.0213,true,1,32101
7290000100289,false,"לקט השדה קפוא סנפרוסט 600 גר' בד""צ",סנפרוסט בעמ,IL,לקט ירקות השדה סנפרו,גרמים,700.00,100 גרם,false,,19.90,0.0284,true,1,40210
7290000100302,false,פול ירוק ללא קליפה 600ג',"סנפרוסט בע""מ",IL,פול ירוק קלוף סנפרוס,גרמים,600.00,100 גרם,false,,21.90,0.0365,true,1,44763
7290000100593,false,פרוסות אנטיפסטי לתנור סנפורסט 600 ג',"סנפרוסט בע""מ",IL,פרוסות אנטיפסטי לתנו,גרמים,600.00,100 גרם,false,,15.90,0.0265,true,1,50403
7290000100609,false,קוביות אנטי פסטי להקפצה סנפורסט 600 ג',"סנפרוסט בע""מ",IL,קוביות אנטיפסטי להקפ,גרמים,600.00,100 גרם,false,,19.90,0.0332,true,1,50327
7290000100975,false,שעועית ירוקה עדינה סנפרוסט 600ג',סנפרוסט בעמ,IL,שעועית ירוקה עדינה ש,גרמים,600.00,100 גרם,false,,19.90,0.0332,true,1,32102
7290000103501,false,"שעועית ירוקה חתוכה סנפרוסט 700 גר' בד""צ",סנפרוסט בעמ,IL,שעועית ירוקה חתוכה ס,גרמים,700.00,100 גרם,false,,15.90,0.0227,true,1,12805
7290000103525,false,"סנפרוסט גזר גמדי בד""ץ 700גר",סנפרוסט בעמ,IL,גזר גמדי סנפרוסט 700,גרמים,700.00,100 גרם,false,,15.90,0.0227,true,1,12807
7290000103532,false,"סנפרוסט גרעיני תירס בד""ץ 700גר",סנפרוסט בעמ,IL,גרעיני תירס סנפרוסט,גרמים,700.00,100 גרם,false,,15.90,0.0227,true,1,12808
7290000103549,false,אפונה עדינה קפואה סנפרוסט 600 ג' בדץ,סנפרוסט בעמ,IL,אפונה עדינה סנפרוסט,גרמים,600.00,100 גרם,false,,16.90,0.0282,true,1,12809
7290000103556,false,גרגירי חומוס מבושל סנפרוסט 700ג' בדצ,סנפרוסט בעמ,IL,גרגירי חומוס מבושלים,גרמים,700.00,100 גרם,false,,15.90,0.0227,true,1,12810
7290000104218,false,במיה סנפרוסט 600 גרם,"איי, בי, אינבוו",IL,במיה סנפרוסט 600 גרם,גרמים,600.00,100 גרם,false,,14.90,0.0248,true,1,168
7290000104713,false,פול ירוק סנפרוסט 800 ג',"איי, בי, אינבוו",IL,פול ירוק סנפרוסט 800,גרמים,800.00,100 גרם,false,,16.90,0.0211,true,1,176
7290000104768,false,תרד עלים סנפרוסט 800 ג ',"איי, בי, אינבוו",IL,עלי תרד סנפרוסט 800,גרמים,800.00,100 גרם,false,,19.90,0.0249,true,1,16142
7290000104775,false,תרד מדליונים סנפרוסט,"איי, בי, אינבוו",IL,מדליוני תרד סנפרוסט,גרמים,800.00,100 גרם,false,,19.90,0.0249,true,1,16143
7290000104799,false,שעועית לבנה מבושלת סנפרוסט 800גר,"איי, בי, אינבוו",IL,שעועית לבנה סנפרוסט,גרמים,800.00,100 גרם,false,,14.90,0.0186,true,1,179
7290000107189,false,תחתיות ארטישוק סנפרוסט 400גר,"איי, בי, אינבוו",IL,תחתיות ארטישוק סנפרו,גרמים,400.00,100 גרם,false,,19.90,0.0497,true,1,186
7290000111353,false,"מיונז אמיתי תלמה 1 ק""ג",יוניליוור ישראל מזון,IL,"מיונז תלמה 1 ק""ג",פריט,1.00,"ק""ג",false,,15.90,15.9000,true,1,197
7290000112237,false,"בארכה טחינה גולמית, 1 ק""ג",רושדי תעשיות מזון בע,IL,"טחינה בארכה 1 ק""ג",פריט,1.00,"ק""ג",false,,19.90,19.9000,true,1,19507
7290000121079,false,גבינה מון בלאן 9% שום שמיר 120ג',שלושת האופים,IL,גבינה מותכת שום שמיר,גרמים,120.00,100 גרם,false,,8.90,0.0742,true,1,257
7290000121093,false,גבינה מון בלאן שוויצרית 120ג',האי נאם סי או אל.טי.,IL,גבינה מותכת שוויצרי,גרמים,120.00,100 גרם,false,,8.90,0.0742,true,1,258
7290000121109,false,"גבינת מון בלאן זיתים, 120 ג'",האי נאם סי או אל.טי.,IL,גבינה מותכת זיתים 7%,גרמים,120.00,100 גרם,false,,8.90,0.0742,true,1,259
7290000133645,false,אורביטול משחת שיניים סודה שלישיה* 145 ג',טרופיקל דגיל,IL,משחת אורביטול הלבנה,גרמים,435.00,100 גרם,false,,16.50,0.0379,true,1,298
7290000135045,false,"משקה אנרגיה XL TEN תפוח 250 מ""ל","טמפו משקאות בע""מ",IL,משקה אנרגיה אקסל תן,מיליליטרים,250.00,"100 מ""ל",false,,3.90,0.0156,true,1,46437
7290000135052,false,"משקה אנרגיה XL TEN מנגו 250 מ""ל","טמפו משקאות בע""מ",IL,משקה אנרגיה אקסל תן,מיליליטרים,250.00,"100 מ""ל",false,,3.90,0.0156,true,1,46438
7290000135113,false,"משקה אנרגיה XL פחית ten נענע ליים 250 מ""ל",טמפו,IL,משקה אנרגיה אקסל נענ,מיליליטרים,250.00,"100 מ""ל",false,,3.90,0.0156,true,1,49487
7290000135182,false,"מארז 7 אפ פרי דל קלוריות בטעם לימון ליים פחית צרה 330 מ""ל*6 יח'","טמפו משקאות בע""מ",AL,מארז סבן אפ פרי 6*33,קילוגרמים,1.98,ליטר,false,,16.90,8.5354,true,1,51866
7290000135311,false,פפסי מקס ליים 1.5 ליטר בודד,"טמפו משקאות בע""מ",IL,פפסי מקס ליים 1.5 לי,קילוגרמים,1.50,ליטר,false,,6.90,4.6000,true,1,63316
7290000135465,false,"מי סודה 500 מ""ל - מארז 12 בקבוקים",טמפו,IL,מארז סודה טמפו 12*50,קילוגרמים,6.00,ליטר,false,,24.90,4.1500,true,1,56768
7290000135595,false,פפסי מקס בטעם דובדבן 1.5 ליטר,"איי, בי, אינבוו",IL,פפסי מקס דובדבן 1.5,קילוגרמים,1.50,ליטר,false,,6.90,4.6000,true,1,56772
7290000135625,false,"רביעיית פחיות גולדסטאר 500 מ""ל",טמפו,IL,מארז בירה גולדסטאר 4,קילוגרמים,2.00,ליטר,false,,24.90,12.4500,true,1,58251
7290000135632,false,"פחיות גולדסטאר לא מסונן 4*500 מ""ל",טמפו,IL,מארז בירה גולדסטאר 4,קילוגרמים,2.00,ליטר,false,,27.90,13.9500,true,1,58252
7290000136141,false,משקה בטעם קולה 1.5ל' פפסי,פפסי Pepsi,IL,פפסי קולה 1.5 ליטר,קילוגרמים,1.50,ליטר,false,,6.90,4.6000,true,1,59539
7290000136158,false,פפסי מקס 1.5 ליטר פיקדון,פפסי Pepsi,IL,פפסי מקס 1.5 ליטר,קילוגרמים,1.50,ליטר,false,,6.90,4.6000,true,1,59540
7290000136165,false,מירינדה בקבוק 1.5 לי,מירינדה Mirinda,IL,מירינדה 1.5 ליטר,קילוגרמים,1.50,ליטר,false,,6.90,4.6000,true,1,59541
7290000136172,false,סבן אפ בקבוק 1.5 ליט,סבן אפ 7up,IL,סבן אפ 1.5 ליטר,קילוגרמים,1.50,ליטר,false,,6.90,4.6000,true,1,59542
7290000136189,false,דיאט סבן אפ 1.5 ליטר FREE,סבן אפ 7up,IL,סבן אפ דיאט 1.5 ליטר,קילוגרמים,1.50,ליטר,false,,6.90,4.6000,true,1,59536
7290000136240,false,סודה 1.5 ליטר שישייה בודד,טמפו,IL,סודה טמפו 1.5 ליטר,קילוגרמים,1.50,ליטר,false,,2.90,1.9333,true,1,59535
7290000136455,false,משקה בטעם אשכוליות תריסר 1.5 ל' ג'אמפ,ג'אמפ,IL,גאמפ אשכוליות 1.5 לי,קילוגרמים,1.50,ליטר,false,,6.90,4.6000,true,1,59506
7290000136486,false,משקה בטעם אשכוליות דיאט תריסר 1.5 ל' ג'אמפ,ג'אמפ,IL,גאמפ אשכוליות דיאט 1,קילוגרמים,1.50,ליטר,false,,6.90,4.6000,true,1,59507
7290000136516,false,משקה בטעם מנגו פסיפלורה תריסר 1.5 ל' ג'אמפ,ג'אמפ,IL,גאמפ מנגו פסיפלורה 1,קילוגרמים,1.50,ליטר,false,,6.90,4.6000,true,1,59503
7290000136561,false,משקה בטעם תות בננה תריסר 1.5 ל' ג'אמפ,ג'אמפ,IL,גאמפ תות בננה 1.5 לי,קילוגרמים,1.50,ליטר,false,,6.90,4.6000,true,1,59509
7290000136585,false,משקה בטעם תפוזים תריסר 1.5 ל' ג'אמפ,ג'אמפ,IL,גאמפ תפוז 1.5 ליטר,קילוגרמים,1.50,ליטר,false,,6.90,4.6000,true,1,59504
7290000136608,false,משקה בטעם תפוח צלול תריסר 1.5 ל' ג'אמפ,ג'אמפ,IL,גאמפ תפוח 1.5 ליטר,קילוגרמים,1.50,ליטר,false,,6.90,4.6000,true,1,59531
7290000136646,false,משקה מאלט תריסר 1.5 ל' נשר,טמפו,IL,בירה נשר מאלט 1.5 לי,קילוגרמים,1.50,ליטר,false,,8.80,5.8667,true,1,59500
7290000136653,false,משקה מאלט דיאט תריסר 1.5 ל' נשר,טמפו,IL,בירה נשר מאלט דיאט 1,קילוגרמים,1.50,ליטר,false,,8.80,5.8667,true,1,59501
7290000136691,false,מארז שישייה סבן אפ 1.5 ל',סבן אפ 7up,IL,מארז סבן אפ 6 *1.5 ל,קילוגרמים,9.00,ליטר,false,,37.90,4.2111,true,1,59543
7290000136752,false,סבן אפ דיאט מארז שישייה 1.5 ל' FREE,"טמפו משקאות בע""מ",IL,מארז סבן אפ דיאט 6*,קילוגרמים,9.00,ליטר,false,,35.90,3.9889,true,1,59537
7290000136769,false,מארז שישיה בטעם קולה 1.5 ל' פפסי,פפסי Pepsi,IL,מארז פפסי קולה 6*1.5,קילוגרמים,9.00,ליטר,false,,35.90,3.9889,true,1,59544
7290000136776,false,מארז פפסי מקס שישיה 1.5ל',פפסי Pepsi,IL,מארז פפסי מקס 6*1.5,קילוגרמים,9.00,ליטר,false,,35.90,3.9889,true,1,59545
7290000136783,false,מארז שישייה מרינדה 1.5 ל',מירינדה Mirinda,IL,מארז מירינדה 6*1.5 ל,קילוגרמים,9.00,ליטר,false,,37.90,4.2111,true,1,59538
7290000136790,false,מארז סודה שישייה 1.5 ל' טמפו,טמפו,IL,מארז סודה טמפו 6*1.5,קילוגרמים,9.00,ליטר,false,,15.90,1.7667,true,1,59533
7290000136806,false,מארז סודה רביעייה לימון ליים 1.5 ל' טמפו,טמפו,IL,מארז סודה לימון ליים,קילוגרמים,6.00,ליטר,false,,10.90,1.8167,true,1,60270
7290000136813,false,סודה בטעם אננס מארז רביעייה 1.5 ל' טמפו,טמפו,IL,מארז סודה אננס טמפו,קילוגרמים,6.00,ליטר,false,,10.90,1.8167,true,1,60272
7290000136820,false,סודה בטעם פירות יער מארז ריבעיה * 1.5 ל' טמפו,טמפו,IL,מארז סודה פירות יער,קילוגרמים,6.00,ליטר,false,,10.90,1.8167,true,1,60273
7290000136837,false,גזוז בנגיעות טעם אפרסק - מארז רביעייה,טמפו,IL,מארז סודה אפרסק טמפו,קילוגרמים,6.00,ליטר,false,,10.90,1.8167,true,1,60271
7290000136844,false,מארז מים מזוככים אקווה נובה שישיית 2 ליטר,אקווה נובה Aqua Nova,IL,מים אקווה נובה 6*2 ל,קילוגרמים,12.00,ליטר,false,,11.90,0.9917,true,1,59502
7290000136868,false,שישיית מים מינרלים סאן בנדטו,סאן בנדטו San Benedetto,IL,מים סאן בנדטו 6*1.5,קילוגרמים,9.00,ליטר,false,,16.90,1.8778,true,1,59505
7290000136875,false,מארז מים מינרלים מוגז 6* 1.5 ל' סאן בנדטו,סאן בנדטו San Benedetto,IL,מים מוגז סאן בנדטו 6,קילוגרמים,9.00,ליטר,false,,18.90,2.1000,true,1,59534
7290000139104,false,שלווה חיטה תפוחה ומת,"אשב""ל בע""מ",IL,שלווה חיטה תפוחה ומת,גרמים,230.00,100 גרם,false,,7.90,0.0343,true,1,316
7290000139227,false,דגן לבן משפחתי אשבול 150ג',אשבול בעמ,IL,תירס תפוח מתוק אשבול,גרמים,150.00,100 גרם,false,,7.90,0.0527,true,1,317
7290000143187,false,"הוואי שמפו 2 ב 1 לגבר 700 מ""ל",שוורצקוף& הנקל דיסלד,IL,שמפו הוואי לגבר 700,מיליליטרים,700.00,"100 מ""ל",false,,8.90,0.0127,true,1,19825
7290000143200,false,"הוואי - מרכך לשיער יבש 700 מ""ל",שוורצקוף& הנקל דיסלד,IL,מרכך הוואי לשיער יבש,מיליליטרים,700.00,"100 מ""ל",false,,8.90,0.0127,true,1,4941
7290000143217,false,"הוואי שמפו יבש מסולסל 700 מ""ל",שוורצקוף& הנקל דיסלד,IL,שמפו הוואי לשיער יבש,מיליליטרים,700.00,"100 מ""ל",false,,8.90,0.0127,true,1,4940
7290000143262,false,"הוואי - שמפו ילדים 700 מ""ל",שוורצקוף& הנקל דיסלד,IL,שמפו הוואי לילדים 70,מיליליטרים,700.00,"100 מ""ל",false,,8.90,0.0127,true,1,4939
7290000143286,false,"מרכך הוואי לשיער רגיל 700 מ""ל",שוורצקוף& הנקל דיסלד,IL,מרכך הוואי לשיער רגי,מיליליטרים,700.00,"100 מ""ל",false,,8.90,0.0127,true,1,4437
7290000143293,false,"הוואי - מרכך ילדים מתיר קשרים 700 מ""ל",טרופיקל דגיל,IL,מרכך הוואי לילדים 70,מיליליטרים,700.00,"100 מ""ל",false,,8.90,0.0127,true,1,323
7290000144467,false,שמן חמניות מועשר בנוגדי חמצון 1 ל' עץ הזית,"נארז ע""י : א.ג. גילר",GR,שמן חמניות בריאות עץ,קילוגרמים,1.00,ליטר,false,,13.90,13.9000,true,1,325
7290000144474,false,שמן קנולה בריאות מהטבע 1 ליטר,שמן תעשיות,EE,שמן קנולה בריאות עץ,קילוגרמים,1.00,ליטר,false,,14.90,14.9000,true,1,326
7290000146669,false,הוואי - סבון מוצק שמיים כחולים 100 גרם רביעייה,תאי פרזידנט פוד פאבל,IL,סבון מוצק הוואי כחול,גרמים,400.00,100 גרם,false,,10.90,0.0273,true,1,5880
7290000146676,false,הוואי - סבון מוצק לגבר 100 גרם רביעייה,טרופיקל דגיל,IL,סבון מוצק הוואי לגבר,גרמים,400.00,100 גרם,false,,10.90,0.0273,true,1,6114
7290000146683,false,הוואי - סבון מוצק אפקט דאודורנט 100 גרם רביעייה,טרופיקל דגיל,IL,סבון מוצק הוואי אפקט,גרמים,400.00,100 גרם,false,,10.90,0.0273,true,1,6113
7290000149851,false,סינטבון סבון מארז 460X2ג',יבואן ומשווק: ש. שסט,IL,סינטבון כפול לנקיון,גרמים,460.00,100 גרם,false,,9.90,0.0215,true,1,338
7290000149905,false,טקסטיל שמפו לכביסה ביד 1 ליטר,מיוצר עי קונדיטוריית,IL,טקסטיל שמפו נוזלי 1,קילוגרמים,1.00,ליטר,false,,12.90,12.9000,true,1,339
7290000151885,false,נקניק הודו יחידה 700גר,עוף טוב,IL,נקניק הודו עוף טוב 7,גרמים,700.00,100 גרם,false,,14.90,0.0213,true,1,4849
7290000152288,false,עוף טוב נקניקיות עוף מיס לוסי 400 ג',מוצרי עוף טוב (2001),IL,נקניקיות עוף טוב 400,גרמים,400.00,100 גרם,false,,11.90,0.0298,true,1,14469
7290000152943,false,פסטרמה כפרית +סלמי כפרי עוף טוב 350X2ג',מולינו ניקולי s.p.a,IL,מארז פסטרמה/סלמי כפר,גרמים,700.00,100 גרם,false,,18.90,0.0270,true,1,45034
7290000153469,false,עוף טוב קציצות עוף קלאסיות 600 גר',מוצרי עוף טוב (2001),IL,קציצות עוף קלאסיות ע,גרמים,600.00,100 גרם,false,,24.90,0.0415,true,1,6459
7290000158105,false,שניצל עוף מיני דינוזאור 700גר',מוצרי עוף טוב (2001),IL,שניצל עוף דינוזאור ע,גרמים,700.00,100 גרם,false,,29.90,0.0427,true,1,8069
7290000170053,false,שוקולד פרה 100 ג' חלב.,"תופינית בע""מ",IL,שוקולד פרה חלב 100 ג,גרמים,100.00,100 גרם,false,,4.90,0.0490,true,1,23114
7290000174723,false,אבקת שוקולית עלית קופסא 500ג',הנסיך- מפעל לייצור ט,IL,שוקולית 500 גרם,גרמים,500.00,100 גרם,false,,11.90,0.0238,true,1,44749
7290000176079,false,קפה טורקי עם היל עלית 100 ג',הנסיך- מפעל לייצור ט,IL,קפה טורקי הל עלית 10,גרמים,100.00,100 גרם,false,,8.90,0.0890,true,1,60223
7290000176420,false,קפה נמס אבקתי 200ג עלית,שטראוס קפה בי.וי,IL,קפה נמס 200 גרם,גרמים,200.00,100 גרם,false,,18.90,0.0945,true,1,394
7290000176475,false,קפה נמס האג נטול קפאין 200 ג',קריות זול,IL,קפה נמס האג נטול קפא,גרמים,200.00,100 גרם,false,,33.90,0.1695,true,1,395
7290000178721,false,חטיף תפוציפס טבעי 20,"שטראוס פריטו ליי בע""",IL,תפוציפס מלוח 200 גרם,גרמים,200.00,100 גרם,false,,9.90,0.0495,true,1,19358
7290000186337,false,ניקול מטליות לחות לנ,עלבד משואות יצחק,IL,מטליות לחות לניקוי כ,Unknown,0.00,יחידה,false,,21.90,0.0000,true,1,18080
7290000187921,false,נייר טואלט לבן 32 גלילים לילי,קימברלי קלארק ישראל,IL,נייר טואלט לבן לילי,מטרים,588.00,מטר,false,,41.50,0.0706,true,1,42756
7290000187938,false,נייר טואלט פסטל 32 גלילים לילי,קימברלי קלארק,IL,נייר טואלט פסטל לילי,מטרים,0.00,מטר,false,,38.90,0.0000,true,1,35175
7290000187952,false,נייר טואלט טריו לילי פרימיום 32גליל,קימברלי קלארק,IL,נייר טואלט לילי טריפ,מטרים,537.00,מטר,false,,41.90,0.0780,true,1,52295
7290000188386,false,מגבת ניקול לבנה 12 ג,חוגלה קימברלי,IL,מגבות נייר ניקול 12,מטרים,129.00,מטר,false,,22.40,0.1736,true,1,13966
7290000188553,false,קוטקס - מגן תחתון סילק נורמל 60 יח',קימברלי קלארק,CN,מגן תחתון קוטקס נורמ,Unknown,0.00,יחידה,false,,18.50,0.0000,true,1,13984
7290000188591,false,קוטקס - מגן תחתון סילק יאנג 60 יח',קימברלי קלארק,CN,מגן תחתון קוטקס יאנג,Unknown,0.00,יחידה,false,,18.50,0.0000,true,1,13985
7290000189680,false,מארז זוג מטליות לחות לריצפה,חוגלה קימברלי,IL,מטליות לחות לרצפה ני,Unknown,0.00,יחידה,false,,19.90,0.0000,true,1,18079
7290000191225,false,האגיס - רך נולד מידה 2 מוקטן 44 יח',קימברלי קלארק שיווק,IL,חיתולי האגיס 44 יח ש,Unknown,0.00,יחידה,false,,31.50,0.0000,true,1,17789
7290000191539,false,ממחטות טישו לילי צבעוני חמישיה,חוגלה קימברלי,IL,טישו צבעוני לילי 5*9,Unknown,450.00,יחידה,false,,13.70,0.0304,true,1,440
7290000191645,false,האגיס חיתול רך נולד NB ארוז 36יח',קימברלי קלארק ארהב,IL,חיתולי האגיס 36 יח נ,Unknown,0.00,יחידה,false,,31.50,0.0000,true,1,12205
7290000191652,false,קלינקס ממחטות טישו אולטרא סופט מארז 90X3יח',חוגלה קימברלי,IL,טישו קלינקס 3*90 יח,Unknown,270.00,יחידה,false,,10.70,0.0396,true,1,13964
7290000193014,false,פדיות אינטרלוד מגיני יום לילי 50יח',חוגלה קימברלי,IL,מגן תחתון לילי אינטר,Unknown,0.00,יחידה,false,,9.90,0.0000,true,1,441
7290000193083,false,לילי - תחבושות נובה לי 28 יח',חוגלה קימברלי,IL,תחבושות לילי נובה לי,Unknown,0.00,יחידה,false,,8.90,0.0000,true,1,442
7290000193472,false,לילי מגני תחתון נטורל נורמל 60 יח',חוגלה קימברלי,IL,מגן תחתון לילי נטורל,Unknown,0.00,יחידה,false,,14.90,0.0000,true,1,446
7290000193540,false,לילי אינטימייט מגן תחתון לונג 52יח',חוגלה קימברלי,IL,מגן תחתון לילי נטורל,Unknown,0.00,יחידה,false,,14.90,0.0000,true,1,447
7290000193953,false,תחבושות ללי נורמל עם,אונטקס,ES,תחבושות ללי נורמל עם,Unknown,0.00,יחידה,false,,24.90,0.0000,true,1,44665
7290000193960,false,תחבושות לילי סופר +,אונטקס,ES,תחבושות לילי סופר +,Unknown,0.00,יחידה,false,,24.90,0.0000,true,1,44666
7290000194172,false,חטיפי ממתקים ללא סוכ,ממתקי השלום,IL,חטיפים מעורב 250 גרם,גרמים,300.00,100 גרם,false,,12.90,0.0430,true,1,5029
7290000195537,false,האגיס - מגבוני האגיס דיילי קר לא מבושם 64 יח' * 4,חוגלה קימברלי,IL,מגבונים האגיס ללא בי,Unknown,0.00,יחידה,false,,20.70,0.0000,true,1,455
7290000195773,false,האגיס - מגבוני האגיס סנסטיב קר לא מבושם 64 יח' * 4,חוגלה קימברלי,IL,מגבונים האגיס ללא בי,Unknown,0.00,יחידה,false,,20.70,0.0000,true,1,58960
7290000197425,false,האגיס - פרידום דריי שלב 3 52 יח',קימברלי קלארק ישראל,IL,חיתולי האגיס פרידום,Unknown,0.00,יחידה,false,,43.90,0.0000,true,1,54428
7290000197456,false,האגיס - פרידום דריי שלב 4 44 יח',קימברלי קלארק ישראל,IL,חיתולי האגיס פרידום,Unknown,0.00,יחידה,false,,43.90,0.0000,true,1,54429
7290000197463,false,האגיס - פרידום דריי שלב 4+ 40 יח',קימברלי קלארק ישראל,IL,חיתולי האגיס פרידום,Unknown,0.00,יחידה,false,,43.90,0.0000,true,1,54430
7290000197548,false,האגיס - פרידום דריי שלב 5 36 יח',קימברלי קלארק ישראל,IL,חיתולי האגיס פרידום,Unknown,0.00,יחידה,false,,43.90,0.0000,true,1,54431
7290000197678,false,האגיס - פרידום פלוס שלב 6 30 יח',קימברלי קלארק ישראל,IL,חיתולי האגיס פרידום,Unknown,0.00,יחידה,false,,43.90,0.0000,true,1,54432
7290000201818,false,טיטולים פרימיום שלב 2 64 יח',חוגלה קימברלי,IL,חיתולי טיטולים פרימי,Unknown,0.00,יחידה,false,,31.90,0.0000,true,1,47374
7290000201832,false,טיטולים פרימיום שלב 3 52 יח',חוגלה קימברלי,IL,חיתולי טיטולים פרימי,Unknown,0.00,יחידה,false,,31.90,0.0000,true,1,47375
7290000201849,false,טיטולים פרימיום שלב 4 40 יח',חוגלה קימברלי,IL,חיתולי טיטולים פרימי,Unknown,0.00,יחידה,false,,31.90,0.0000,true,1,47376
7290000201856,false,טיטולים פרימיום שלב 4 + 40יח',חוגלה קימברלי,IL,חיתולי טיטולים פרימי,Unknown,0.00,יחידה,false,,31.90,0.0000,true,1,47377
7290000201863,false,טיטולים פרימיום שלב 5 34 יח',חוגלה קימברלי,IL,חיתולי טיטולים פרימי,Unknown,0.00,יחידה,false,,31.90,0.0000,true,1,47378
7290000201870,false,טיטולים פרימיום שלב 6 30 יח',חוגלה קימברלי,IL,חיתולי טיטולים פרימי,Unknown,0.00,יחידה,false,,31.90,0.0000,true,1,47379
7290000204086,false,כרית קרצוף סקוטש ניקול 1+2,חוגלה קימברלי,US,כריות קרצוף ניקול 3,Unknown,0.00,יחידה,false,,9.90,0.0000,true,1,552
7290000204215,false,ניקול כריות יפניות 6 יח',פלסטו פוליש (ברקן),IL,כריות יפניות ניקול 6,Unknown,0.00,יחידה,false,,9.90,0.0000,true,1,553
7290000204253,false,מטליות ניקול רב שימושיות 9יח',נועם אורים-קיבוץ אור,IL,מטליות לניקוי כללי נ,Unknown,0.00,יחידה,false,,9.90,0.0000,true,1,554
7290000205762,false,חיתולי האגיס אקסטרה קייר מידה 3 48 יח',חוגלה קימברלי,IL,חיתולי האגיס אקסטרא,Unknown,0.00,יחידה,false,,54.90,0.0000,true,1,65179
7290000205915,false,חיתולי האגיס אקסטרה קייר מידה 4 40יח,חוגלה קימברלי,IL,חיתולי האגיס אקסטרא,Unknown,0.00,יחידה,false,,54.90,0.0000,true,1,65180
7290000208077,false,אפונת גינה גדולה 550 גרם יכין,"זנלכל בע""מ",IL,אפונה גדולה יכין 550,גרמים,550.00,100 גרם,false,,6.90,0.0125,true,1,8111
7290000208114,false,אפונת גינה וגזר 550 ג' יכין,"זנלכל בע""מ",IL,אפונה וגזר יכין 550,גרמים,550.00,100 גרם,false,,6.90,0.0125,true,1,8177
7290000208138,false,סירופ ענבים דיאט 1 ליטר יכין,"זנלכל בע""מ",IL,סירופ יכין ענבים דיא,קילוגרמים,1.00,ליטר,false,,17.90,17.9000,true,1,6102
7290000208213,false,שעועית לבנה אפויה A2 ברוטב עגבניות יכין 560ג',היינץ צפון אמריקה מק,IL,שעועית לבנה ברוטב יכ,גרמים,560.00,100 גרם,false,,6.90,0.0123,true,1,564
7290000208220,false,שעועית צילי חריף 550 ג' יכין,היינץ צפון אמריקה מק,IL,שעועית צילי חריף יכי,גרמים,580.00,100 גרם,false,,9.50,0.0164,true,1,565
7290000208329,false,גרעיני תירס מתוק A2 יכין 550ג',"זנלכל בע""מ",IL,תירס גרעינים יכין 55,גרמים,550.00,100 גרם,false,,6.90,0.0125,true,1,8176
7290000208428,false,גרגרי חומוס שלם 550 גרם יכין,"זנלכל בע""מ",IL,חומוס שלם יכין 550 ג,גרמים,550.00,100 גרם,false,,6.90,0.0125,true,1,566
7290000209012,false,חומץ הדרים יכין 1 לי,"זנלכל בע""מ",IL,חומץ 5% יכין 1 ליטר,קילוגרמים,1.00,ליטר,false,,6.90,6.9000,true,1,567
7290000209043,false,מיץ לימון משומר 1 ל' יכין,היינץ צפון אמריקה מק,IL,רוטב לימון משומר יכי,קילוגרמים,1.00,ליטר,false,,5.90,5.9000,true,1,568
7290000209524,false,סירופ דייאט פטל יכין,זנלכל,IL,סירופ יכין פטל דיאט,קילוגרמים,1.00,ליטר,false,,17.90,17.9000,true,1,6103
7290000209579,false,סירופ דיאט אננס 1 ליטר,"זנלכל בע""מ",IL,סירופ יכין אננס דיאט,קילוגרמים,1.00,ליטר,false,,17.90,17.9000,true,1,6108
7290000209722,false,רסק עגבניות 28% פריכוז 580 גרם יכין,"זנלכל בע""מ",IL,תרכיז עגבניות פריכוז,גרמים,580.00,100 גרם,false,,9.90,0.0171,true,1,569
7290000211442,false,"סוגת אורז פרסי קלאסי שקית 1 ק""ג",האי נאם סי או אל.טי.,IL,"אורז פרסי סוגת 1 ק""ג",פריט,1.00,"ק""ג",false,,9.90,9.9000,true,1,597
7290000211503,false,סוכר לבן ארוז בשקית,"סוגת תעשיות בע""מ",IL,"סוכר סוגת 1 ק""ג",פריט,1.00,"ק""ג",false,,4.90,4.9000,true,1,598
7290000211985,false,"אורז ריזוטו עגול סוגת 1 ק""ג","סוגת תעשיות בע""מ",IL,אורז ריזוטו עגול סוג,פריט,1.00,"ק""ג",false,,9.90,9.9000,true,1,600
7290000226514,false,עוגת דובוש ריבת חלב 400 גר',קפולסקי שיווק וקמעונ,IL,עוגת דובוש ריבת חלב,גרמים,450.00,100 גרם,false,,38.90,0.0864,true,1,27582
7290000226545,false,עוגת טורט היער השחור 1 קג',קפולסקי שיווק וקמעונ,IL,עוגת טורט היער השחור,פריט,1.00,"ק""ג",false,,63.90,63.9000,true,1,633
7290000226552,false,"עוגת טורט ריבת חלב קוקוס 1 ק""ג",קפולסקי שיווק וקמעונ,IL,עוגת טורט בטעם ריבת,פריט,1.00,"ק""ג",false,,63.90,63.9000,true,1,634
7290000226569,false,עוגת טורט קצפת שוקולד 1 קג',קפולסקי שיווק וקמעונ,IL,עוגת טורט קצפת בטעם,פריט,1.00,"ק""ג",false,,63.90,63.9000,true,1,635
7290000226576,false,עוגת טורט מצופה שוקולד 1 קג',קפולסקי שיווק וקמעונ,IL,עוגת טורט בטעם שוקול,פריט,1.00,"ק""ג",false,,63.90,63.9000,true,1,636
7290000226613,false,עוגות דובוש מצופה שוקולד 400 גר',קפולסקי שיווק וקמעונ,IL,עוגת דובוש מצופה שוק,גרמים,400.00,100 גרם,false,,38.90,0.0972,true,1,27583
7290000238029,false,"בצק עלים צרפתי מרודד מעדנות 1ק""ג",מיוצר עי קונדיטוריית,IL,בצק עלים מרודד מעדנו,פריט,1.00,"ק""ג",false,,17.90,17.9000,true,1,717
7290000238036,false,מלאווח 6יח' מעדנות 700ג',מיוצר עי קונדיטוריית,IL,מלוואח מעדנות 700 גר,גרמים,700.00,100 גרם,false,,12.90,0.0184,true,1,718
7290000238173,false,בורקס גבינה 800 ג' מעדנות,מיוצר עי קונדיטוריית,IL,בורקס גבינה מעדנות 8,גרמים,800.00,100 גרם,false,,17.90,0.0224,true,1,719
7290000238180,false,בורקס תפוחי אדמה מעדנות 800ג',מיוצר עי קונדיטוריית,IL,בורקס תפוא מעדנות 80,גרמים,800.00,100 גרם,false,,16.90,0.0211,true,1,720
7290000245089,false,סוד סופט מרכך כביסה סגול 4 ליטר,"הנקל סוד בע""מ",IL,מרכך סוד סגול 4 ליטר,קילוגרמים,4.00,ליטר,false,,16.90,4.2250,true,1,748
7290000245157,false,סוד סופט מרכך כביסה סנסיישן 4 ליטר,"הנקל סוד בע""מ",IL,מרכך סוד לבן 4 ליטר,קילוגרמים,4.00,ליטר,false,,16.90,4.2250,true,1,749
7290000245782,false,סוד סופט מרכך כביסה ורוד 4 ליטר,"הנקל סוד בע""מ",IL,מרכך סוד ורוד 4 ליטר,קילוגרמים,4.00,ליטר,false,,16.90,4.2250,true,1,751
7290000245799,false,סוד סופט מרכך כביסה כחול 4 ליטר,"הנקל סוד בע""מ",IL,מרכך סוד כחול 4 ליטר,קילוגרמים,4.00,ליטר,false,,16.90,4.2250,true,1,752
7290000253107,false,צמקאו לבישול ואפיה א,אופנהיימר,IL,צמקאו לבישול ואפיה א,גרמים,900.00,100 גרם,false,,16.90,0.0188,true,1,15777
7290000253206,false,שוקולד ציפס אופנהיימ,אופנהיימר,IL,שוקולד ציפס אופנהיימ,גרמים,680.00,100 גרם,false,,19.90,0.0293,true,1,11357
7290000253251,false,שוקולד צ'יפס לבן אופנהיימר 300ג',אופנהיימר,IL,שוקולד ציפס לבן אופנ,גרמים,250.00,100 גרם,false,,9.90,0.0396,true,1,5617
7290000253329,false,צמקאו חום/לבן לבישול,אופנהיימר,IL,צמקאו חום/לבן לבישול,גרמים,900.00,100 גרם,false,,16.90,0.0188,true,1,16187
7290000253596,false,מזרה צבעוני עגול אופ,אופנהיימר,IL,מזרה צבעוני עגול אופ,גרמים,200.00,100 גרם,false,,6.90,0.0345,true,1,51977
7290000262413,false,חיתולי האגיס אקסטרה קייר מידה 5 34יח,חוגלה קימברלי,IL,חיתולי האגיס אקסטרא,Unknown,0.00,יחידה,false,,54.90,0.0000,true,1,65181
7290000263359,false,האגיס - פיור נטורל שלב 1 ניו בורן 40 יח',קימברלי קלארק שיווק,IL,חיתולי האגיס 40 יח ש,Unknown,0.00,יחידה,false,,31.50,0.0000,true,1,13972
7290000267036,false,שקדים משובבים השף 100 ג',"דין שיווק וקליה בע""מ",IL,שקד מולבן משובב 100,גרמים,100.00,100 גרם,false,,9.90,0.0990,true,1,3208
7290000267050,false,שקדים טבעיים טחונים,"דין שיווק וקליה בע""מ",IL,שקד מולבן טחון 100 ג,גרמים,100.00,100 גרם,false,,9.90,0.0990,true,1,3206
7290000267104,false,שקד מולבן גרוס/מרוסק,"דין שיווק וקליה בע""מ",IL,שקד מולבן גרוס/מרוסק,גרמים,100.00,100 גרם,false,,9.90,0.0990,true,1,3205
7290000267425,false,שמן זית שקדיה כתית מעולה 750מל,,ES,שמן זית כתית שקדיה 7,מיליליטרים,750.00,"100 מ""ל",false,,29.90,0.0399,true,1,25660
7290000267586,false,גרעייני חמניה קלופים 150 גר,"דין שיווק וקליה בע""מ",IL,גרעין חמניה קלוף 150,גרמים,150.00,100 גרם,false,,6.90,0.0460,true,1,3691
7290000272443,false,סירופ עסיס דיאט תפוזים צ.טבעי 1 ל',בית-השיטה עסיס תעשיו,IL,סירופ עסיס תפוז דיאט,קילוגרמים,1.00,ליטר,false,,15.90,15.9000,true,1,825
7290000272467,false,סירופ עסיס דיאט פטל 1ל,בית-השיטה עסיס תעשיו,IL,סירופ עסיס פטל דיאט,קילוגרמים,1.00,ליטר,false,,15.90,15.9000,true,1,826
7290000272696,false,עסיס מיץ לימון טבעי משומר 1 ל' אסם,בית-השיטה עסיס תעשיו,IL,מיץ לימון משומר עסיס,קילוגרמים,1.00,ליטר,false,,8.30,8.3000,true,1,827
7290000272726,false,חומץ טבעי 5% עסיס 1 ל' אסם,בית השיטה עסיס תעשיו,IL,חומץ 5% עסיס 1 ליטר,קילוגרמים,1.00,ליטר,false,,5.90,5.9000,true,1,828
7290000286228,false,כרית קרצוף לכלים סנו סושי 6יח',סנו מפעלי ברונו בעמ,IL,ספוגיות סנו סושי 6 י,Unknown,0.00,יחידה,false,,9.90,0.0000,true,1,858
7290000286297,false,"סנו אנטי קאלק מסיר אבן מקומקום 700 מ""ל",סנו מפעלי ברונוס בעמ,IL,נוזל אנטי קאלק מסיר,מיליליטרים,700.00,"100 מ""ל",false,,9.90,0.0141,true,1,859
7290000286488,false,ספוג רחצה כיף פיראט,קוסמופארם,IL,ספוג כיף פיראט,Unknown,0.00,יחידה,false,,6.90,0.0000,true,1,860
7290000286525,false,כיף ספוג לרחצה פרינה,קוסמופארם,IL,ספוג כיף רחצה פרינה,Unknown,0.00,יחידה,false,,9.90,0.0000,true,1,862
7290000286549,false,סנו סושי מטליות לניקוי כללי 9 יח',טרופיקל דגיל תעשיות,IL,מטליות לניקוי כללי ס,Unknown,0.00,יחידה,false,,9.90,0.0000,true,1,863
7290000286761,false,ניילון נצמד סנו סושי פלסטיק מארז 30X2 מ',מיוצר עי קונדיטוריית,CN,ניילון נצמד סנו סושי,מטרים,60.00,מטר,false,,9.90,0.1650,true,1,865
7290000286921,false,"סנוקל רסס וכבס 750 מ""ל",סנו מפעלי ברונוס בעמ,IL,תרסיס רסס כבס סנוקל,מיליליטרים,750.00,"100 מ""ל",false,,10.90,0.0145,true,1,3321
7290000287102,false,"סנו שמפו שטיחים אירוסול 600 מ""ל",מיוצר עי קונדיטוריית,IL,תרסיס סנו שטיחים איר,מיליליטרים,600.00,"100 מ""ל",false,,19.70,0.0328,true,1,871
7290000287195,false,"סנו רהיט ספריי עשיר בווקס להברקה 305 מ""ל",מיוצר עי קונדיטוריית,IL,תרסיס סנו רהיט 305 מ,מיליליטרים,305.00,"100 מ""ל",false,,13.70,0.0449,true,1,877
7290000287409,false,סנובון שלישיה תות 3 יח' *55 ג',סנו מפעלי ברונוס בעמ,IL,סבון אסלה סנובון תות,גרמים,165.00,100 גרם,false,,10.70,0.0648,true,1,879
7290000287485,false,סנובון לובר לאסלה 3 יח' * 55 ג',סנו מפעלי ברונו בעמ,IL,סבון אסלה סנובון לוב,גרמים,165.00,100 גרם,false,,10.70,0.0648,true,1,881
7290000287492,false,"סנו - סנובון נוזלי לימון 750 מ""ל","איי, בי, אינבוו",IL,סנובון נוזלי לימון 7,מיליליטרים,750.00,"100 מ""ל",false,,8.90,0.0119,true,1,882
7290000288024,false,סנו - ז'אוול אקונומיקה בריח לימון 4 ליטר,"סנו מפעלי ברונוס בע""",IL,אקונומיקה סנו גאוול,קילוגרמים,4.00,ליטר,false,,16.90,4.2250,true,1,889
7290000288048,false,סנו ז'אוול קצף לבנדר מרסס 1ל',"סנו מפעלי ברונוס בע""",IL,תרסיס ניקוי סנו ז'או,קילוגרמים,1.00,ליטר,false,,16.90,16.9000,true,1,891
7290000288086,false,"סנו ז'אוול אבקת ואקונומיקה לימון 600 מ""ל",מיוצר עי קונדיטוריית,IL,אבקת ניקוי סנו גאוול,גרמים,600.00,100 גרם,false,,9.90,0.0165,true,1,892
7290000288307,false,סנו - מט מכשיר דוחה יתושים + טבליות,קריות זול,IT,מכשיר סנומט + 30 טבל,Unknown,1.00,יחידה,false,,24.90,24.9000,true,1,895
7290000288352,false,"סנו K-300 חרקים ונמלים 630מ""ל","סנו מפעלי ברונוס בע""",IL,"קוטל K300 סנו 630 מ""",מיליליטרים,630.00,"100 מ""ל",false,,19.90,0.0316,true,1,896
7290000288390,false,"סנו K-600 מעופפים 500מ""ל","סנו מפעלי ברונוס בע""",IL,"קוטל K600 סנו 500 מ""",מיליליטרים,500.00,"100 מ""ל",false,,19.90,0.0398,true,1,898
7290000288529,false,"משחת כלים סאן לימון 3.5 ק""ג",סנו,IL,משחת כלים סנוסאן ברי,פריט,3.50,"ק""ג",false,,19.90,5.6857,true,1,901
7290000288642,false,סנו - מקסימה מרכך כביסה סנסטיב ורוד 4 ליטר,"סנו מפעלי ברונוס בע""",IL,מרכך מקסימה סנסטיב 4,קילוגרמים,4.00,ליטר,false,,21.50,5.3750,true,1,902
7290000289052,false,פוליוקס 4 ליטר סחלבים,סנו,IL,פוליויקס סחלבים 4 לי,קילוגרמים,4.00,ליטר,false,,34.90,8.7250,true,1,904
7290000289069,false,סנו - ז'אוול מרסס קצף ניקוי בתוספת אקונומיקה בריח לימון 1 ליטר,"סנו מפעלי ברונוס בע""",IL,תרסיס ניקוי סנו גאוו,קילוגרמים,1.00,ליטר,false,,16.90,16.9000,true,1,905
7290000289236,false,K3 נמלים פיתיון ג'ל - קוטל נמלים בבית ובחצר,"סנו מפעלי ברונוס בע""",IL,ג'ל פיתיון נמלים K3,גרמים,10.00,100 גרם,false,,39.90,3.9900,true,1,51304
7290000289472,false,סנו סושי שקיות 76*90 50 יח' XXL,מיוצר עי קונדיטוריית,IL,שקיות אשפה 76*90 סנו,Unknown,0.00,יחידה,false,,16.90,0.0000,true,1,909
7290000289595,false,"אורביטול משחת שיניים לילדים בטעם תות שדה 145 מ""ל",טרופיקל דגיל תעשיות,IL,משחת אורביטול ילדים,גרמים,145.00,100 גרם,false,,7.50,0.0517,true,1,910
7290000291932,false,"סנובון לניקוי לבנדר 750מ""ל",קריות זול,IL,סנובון נוזלי לבנדר 7,מיליליטרים,750.00,"100 מ""ל",false,,8.90,0.0119,true,1,917
7290000292007,false,K3 פיתיון ג'ל קוטל תיקנים (ג'וקים) בבית ובחצר,מיוצר עי קונדיטוריית,IL,גל פיתיון K3 סנו,גרמים,10.00,100 גרם,false,,39.90,3.9900,true,1,45315
7290000292137,false,"סנו: נוזל ניקוי וטיפול במוצרי עור 500 מ""",מיוצר עי קונדיטוריית,IL,תחליב סנו לניקוי עור,מיליליטרים,500.00,"100 מ""ל",false,,29.90,0.0598,true,1,919
7290000292687,false,סנובון לאסלה כחול אפרסק נתלה 55X3ג',מיוצר עי קונדיטוריית,IL,סנובון כחול 3 יח,גרמים,165.00,100 גרם,false,,14.90,0.0903,true,1,929
7290000292915,false,"סנו רסס ונגב אקדח 750מ""ל","סנו מפעלי ברונוס בע""",IL,תרסיס סנו רסס ונגב 7,מיליליטרים,750.00,"100 מ""ל",false,,12.90,0.0172,true,1,931
7290000293073,false,מרכך כביסה מקסימה ביו לבן 4 ל' סנו,"סנו מפעלי ברונוס בע""",IL,מרכך מקסימה ביו 4 לי,קילוגרמים,4.00,ליטר,false,,21.50,5.3750,true,1,932
7290000293943,false,סנו אנטי קאלק מסיר אבנית וחלודה 1ל',מיוצר עי קונדיטוריית,IL,תרסיס אנטי קאלק מסיר,קילוגרמים,1.00,ליטר,false,,16.70,16.7000,true,1,946
7290000294780,false,סנו - ז'אוול אקונומיקה סמיכה מבושמת 4 ליטר,"סנו מפעלי ברונוס בע""",IL,אקונומיקה סנו גאוול,קילוגרמים,4.00,ליטר,false,,16.90,4.2250,true,1,963
7290000295503,false,סנו סושי שקיות אוכל מתכלות זוג *150 יח',אשפלסט תעשיות,CN,שקיות אוכל סנו סושי,Unknown,0.00,יחידה,false,,13.70,0.0000,true,1,970
7290000295558,false,רדיד אלומיניום סנו סושי זוגי 30X7.5מ',מולינו ניקולי s.p.a,CN,נייר אלומיניום סנו ס,מטרים,15.00,מטר,false,,9.90,0.6600,true,1,972
7290000295565,false,רדיד אלומיניום סנו סושי זוגי 45X7.5מ',בורסה פזרי,IL,נייר אלומניום סנו סו,מטרים,15.00,מטר,false,,15.90,1.0600,true,1,973
7290000295749,false,ספוג כייף סאקי מסאז 1יח',גוד פוד פרודקטס S.p,IL,ספוג כיף סאקי מסאז,Unknown,0.00,יחידה,false,,9.90,0.0000,true,1,976
7290000295824,false,סנו סושי רדיד אלומיניום 100 מ',מולינו ניקולי s.p.a,IL,נייר אלומיניום סנו ס,Unknown,0.00,יחידה,false,,47.90,0.0000,true,1,62943
7290000305882,false,יונה אס דגים עם ירק ברוטב 120ג,סטארקיסט פודור בעמ,IL,סלט אס ירקות עם דגים,גרמים,120.00,100 גרם,false,,4.90,0.0408,true,1,1021
7290000311098,false,ופל מן לימון 3*200 ג,רוקחמן,IL,ופל מן לימון 3*200 ג,גרמים,600.00,100 גרם,false,,12.90,0.0215,true,1,51682
7290000311128,false,עוגיות מן חמאה 300 גרם,תות ממתקי איכות,IL,עוגיות בטעם חמאה מן,גרמים,300.00,100 גרם,false,,6.70,0.0223,true,1,1037
7290000311180,false,מאגדת ופלית מן צבעונית 20*10,רוקחמן,IL,ופלית מן 10 יח,גרמים,250.00,100 גרם,false,,6.90,0.0276,true,1,1039
7290000311203,false,וופלים מן שוקולד 200 גר,תות ממתקי איכות,IL,ופל מן בטעם שוקולד 2,גרמים,200.00,100 גרם,false,,3.90,0.0195,true,1,1040
7290000311258,false,ופלים מצופים בטעם שו,מן,IL,ופלים מצופים בטעם שו,גרמים,250.00,100 גרם,false,,6.70,0.0268,true,1,38705
7290000311326,false,ופל קפה מן 3*200 גרם,רוקחמן,IL,ופל קפה מן 3*200 גרם,גרמים,600.00,100 גרם,false,,12.90,0.0215,true,1,51683
7290000311357,false,מאגדת מן אגוזים עשיריה 20* 10,רוקחמן,IL,ופל אגוזית מן 10 יח,גרמים,280.00,100 גרם,false,,9.90,0.0354,true,1,1041
7290000311425,false,מאגדת מן וופל מצופה כחול -עשירה 24*10,תות ממתקי איכות,IL,ופל מצופה מן 10 יח,גרמים,220.00,100 גרם,false,,6.90,0.0314,true,1,1042
7290000311463,false,"עוגיות חיטה מלאה בטעם חמאה 200 גר' לל""ס",רוקחמן,IL,עוגיות חיטה בטעם חמא,גרמים,200.00,100 גרם,false,,8.70,0.0435,true,1,63568
7290000311500,false,וופלים מן 500 גר שוקו,רוקחמן,IL,ופל שוקולד מן 500 גר,גרמים,500.00,100 גרם,false,,8.90,0.0178,true,1,1043
7290000311517,false,וופלים מן 500 גר לימון,רוקחמן,IL,ופל לימון מן 500 גרם,גרמים,500.00,100 גרם,false,,8.90,0.0178,true,1,1044
7290000311708,false,עוגיות מן חיטה מלאה 300 גרם,תות ממתקי איכות,IL,עוגיות חיטה מלאה מן,גרמים,300.00,100 גרם,false,,6.70,0.0223,true,1,1045
7290000311715,false,עוגיות בטעם שוקו מן 300 גר,תות ממתקי איכות,IL,עוגיות כוכבים שוקולד,גרמים,300.00,100 גרם,false,,6.70,0.0223,true,1,1046
7290000311753,false,עוגיות חיטה מלאה בטעם חלווה מן 250 גר',רוקחמן,IL,עוגיות חיטה מלאה בטע,גרמים,250.00,100 גרם,false,,6.70,0.0268,true,1,48540
7290000311845,false,עוגיות קמח מלא ללא תוספת סוכר מן 200ג,רוקחמן,IL,עוגיות חיטה ללא סוכר,גרמים,200.00,100 גרם,false,,8.70,0.0435,true,1,20523
7290000311890,false,ופל בטעם לימון ללא סוכר 180 גר',"רוקחמן בע""מ",IL,ופל ללא סוכר בטעם לי,גרמים,180.00,100 גרם,false,,7.90,0.0439,true,1,52308
7290000311975,false,ופל מן 5*200 גרם,רוקחמן,IL,ופל מן 5*200 גרם,פריט,1.00,"ק""ג",false,,19.70,19.7000,true,1,1052
7290000312767,false,בייגלה שטוחים מלוח מ,מאיר בייגל,IL,בייגלה שטוחים מלוח מ,גרמים,200.00,100 גרם,false,,4.90,0.0245,true,1,11791
7290000312811,false,מלך הבייגלה טבעות עם מלח 200ג',מאיר בייגל,IL,בייגלה שמיניות מלך ה,גרמים,200.00,100 גרם,false,,3.90,0.0195,true,1,65583
7290000312842,false,בייגלה שמיניות מלך ה,מאיר בייגל,IL,בייגלה שמיניות מלך ה,גרמים,300.00,100 גרם,false,,5.90,0.0197,true,1,56327
7290000312866,false,גריסיני שומשום מלך ה,מאיר בייגל,IL,גריסיני שומשום מלך ה,גרמים,160.00,100 גרם,false,,5.90,0.0369,true,1,56329
7290000327020,false,"מארז פפסי פחית צרה 330 מ""ל*6 יח'",מודרן גרופ משקאות בע,IL,"מארז פפסי 6*330 מ""ל",קילוגרמים,1.98,ליטר,false,,18.90,9.5455,true,1,61696
7290000327037,false,"מארז מירינדה פחית צרה 330 מ""ל*6 יח'",מודרן גרופ משקאות בע,IL,מארז מירינדה 6*330 מ,קילוגרמים,1.98,ליטר,false,,18.90,9.5455,true,1,61697
7290000327044,false,"מארז סבן אפ פחית צרה 330 מ""ל*6 יח'",מודרן גרופ משקאות בע,IL,"מארז סבן אפ 6*330 מ""",קילוגרמים,1.98,ליטר,false,,18.90,9.5455,true,1,61695
7290000345048,false,תה ויסוצקי 74 - 125ג',HIQ FOOD PRODUCTS,IL,תה 74 ויסוצקי 125 גר,גרמים,125.00,100 גרם,false,,12.80,0.1024,true,1,1149
7290000345055,false,תה ויסוצקי ארל גריי 100 ג',מולינו ניקולי s.p.a,IL,תה ארל גריי תה עלים,גרמים,100.00,100 גרם,false,,12.90,0.1290,true,1,1150
7290000345215,false,תה ויסוצקי קלאסיק 100/1 כחול מעודן,מולינו ניקולי s.p.a,IL,תה ויסוצקי טעם מעודן,גרמים,100.00,100 גרם,false,,15.90,0.1590,true,1,1152
7290000345307,false,תה ארל גריי 50 שקיקים ויסוצקי,מולינו ניקולי s.p.a,IL,תה ארל גריי ויסוצקי,גרמים,75.00,100 גרם,false,,21.90,0.2920,true,1,1155
7290000345536,false,תה נענע 25 שקיקים *1.5 ג',מולינו ניקולי s.p.a,IL,תה נענע 1.5 גרם 25 ש,גרמים,38.00,100 גרם,false,,16.50,0.4342,true,1,33191
7290000346205,false,תה הגן הקסום תה קמומיל 25 יח',קריות זול,IL,תה קמומיל הגן קסום 1,גרמים,38.00,100 גרם,false,,17.50,0.4605,true,1,1164
7290000347738,false,תה ירוק נענע 25 שקיקים 1.5 גרם,קריות זול,IL,תה ירוק נענע 25 שקיק,גרמים,38.00,100 גרם,false,,22.90,0.6026,true,1,1168
7290000347752,false,תה ירוק לימונית ולואיזה 25 שקיקים *1.5 ג'' ויסוצקי,קריות זול,IL,תה ירוק לימון ולואיז,גרמים,38.00,100 גרם,false,,22.90,0.6026,true,1,1169
7290000363363,false,קבנוס מיוחד טירת צבי,הנסיך- מפעל לייצור ט,IL,קבנוס מיוחד טירת צבי,גרמים,160.00,100 גרם,false,,12.90,0.0806,true,1,35178
7290000364261,false,דקניקים סלסולי כתף בקר 120 ג' טירת צבי,הנסיך- מפעל לייצור ט,IL,סלסולי כתף בקר מעושן,גרמים,120.00,100 גרם,false,,12.90,0.1075,true,1,7080
7290000364858,false,"נקניקיות עוף טרי 1 ק""ג טירת צבי",הנסיך- מפעל לייצור ט,IL,נקניקיות עוף טירת צב,פריט,1.00,"ק""ג",false,,22.90,22.9000,true,1,1202
7290000367590,false,צמד כפרי סלמי+פסטרמה 800 גרם טירת צבי,טיב טירת צבי 2000,IL,מארז פסטרמה כפרי/סלמ,גרמים,800.00,100 גרם,false,,24.90,0.0311,true,1,1211
7290000369037,false,סלט קוביות בולגרית 200 ג' ניצן,נטורל קייקס,IL,סלט קוביות בולגרית ב,גרמים,200.00,100 גרם,false,,12.90,0.0645,true,1,27834
7290000369617,false,כדורי מעדן גבינה בשמן 225 ג' ניצן,"ניצן מותגי מזון בע""מ",IL,כדורי פטה בשמן ניצן,גרמים,150.00,100 גרם,false,,16.90,0.1127,true,1,27829
7290000379258,false,חלת קונדיטורית ארוזה 500 ג' אנג'ל,מאפיית שלמה א. אנג'ל,IL,חלה קונדיטוריה אנגל,גרמים,500.00,100 גרם,false,,12.90,0.0258,true,1,39030
7290000396224,false,תפוח אדמה גורמה,אראל תוצרת חקלאית בע,IL,תפוח אדמה גורמה,Unknown,0.00,יחידה,false,,17.90,0.0000,true,1,28685
7290000408354,false,יוגורט עם אורז מצופה שוקולד קקאו 175 ג' דנונה,"שטראוס בריאות בע""מ",IL,דנונה בר פצפוצים,מיליליטרים,175.00,"100 מ""ל",false,,4.30,0.0246,true,1,1326
7290000412481,false,סנו - מנקה אסלות 00 1 ליטר,מיוצר עי קונדיטוריית,IL,מנקה אסלות 00 1 ליטר,קילוגרמים,1.00,ליטר,false,,7.50,7.5000,true,1,1343
7290000416632,false,"ממרח שוקולד השחר פרווה 1ק""ג",השחר העולה תעשית ממת,IL,ממרח בטעם שוקולד השח,פריט,1.00,"ק""ג",false,,22.90,22.9000,true,1,4014
7290000416861,false,ממרח השחר קלאסי 750 גר' בית יוסף,השחר העולה תעשית ממת,IL,ממרח בטעם שוקולד השח,גרמים,750.00,100 גרם,false,,19.90,0.0265,true,1,52280
7290000418131,false,תחבושות טופ פד מקופלת 18 יח',מוצרי נייר עמיר,IL,תחבושות טופ פד 18 יח,Unknown,0.00,יחידה,false,,5.90,0.0000,true,1,1407
7290000418155,false,תחבושות סופר פלוס טופ-פד 16 יח',מוצרי נייר עמיר,IL,תחבושות טופ פד סופר,Unknown,0.00,יחידה,false,,5.90,0.0000,true,1,1408
7290000419220,false,קפה כחול לנדוור שלישיה 100*3,קפה לנדוור,IL,מארז קפה טורקי לנדוו,גרמים,300.00,100 גרם,false,,19.90,0.0663,true,1,6404
7290000419374,false,לנדוור לבוקר טחון טורקי 3*100גר,קפה לנדוור,IL,מארז קפה טורקי לנדוו,גרמים,300.00,100 גרם,false,,19.90,0.0663,true,1,6405
7290000426921,false,ברוקולי פרחים בודק קפוא 907 גר,"מטר ארצכם בע""מ",IL,ברוקולי פרחים בודק 9,גרמים,709.00,100 גרם,false,,34.90,0.0492,true,1,58467
7290000432205,false,נר תמיד בכוס פאלאס 4,פאלאס,CN,נר תמיד בכוס פאלאס 4,Unknown,0.00,יחידה,false,,3.90,0.0000,true,1,18936
7290000432359,false,נר נשמה בכוס שבועי פ,פאלאס,CN,נר נשמה בכוס שבועי פ,Unknown,0.00,יחידה,false,,9.90,0.0000,true,1,18935
7290000436326,false,עוגיות שוקולד ציפס ב,ברמן שוקולד ועוגיות,IL,עוגיות שוקולד ציפס ב,פריט,1.00,"ק""ג",false,,19.90,19.9000,true,1,33786
7290000436340,false,עוגיות במילוי שוקולד,ברמן שוקולד ועוגיות,IL,עוגיות במילוי שוקולד,גרמים,900.00,100 גרם,false,,19.90,0.0221,true,1,33788
7290000436357,false,עוגיות ממולאות בטעם,ברמן שוקולד ועוגיות,IL,עוגיות ממולאות בטעם,פריט,1.00,"ק""ג",false,,19.90,19.9000,true,1,37764
7290000436364,false,עוגיות כתר במילוי תו,ברמן שוקולד ועוגיות,IL,עוגיות כתר במילוי תו,גרמים,900.00,100 גרם,false,,19.90,0.0221,true,1,37765
7290000436371,false,עוגיות סהר בציפוי שו,ברמן שוקולד ועוגיות,IL,עוגיות סהר בציפוי שו,פריט,1.00,"ק""ג",false,,19.90,19.9000,true,1,37763
7290000442310,false,טפטפים - בייביסקין משחה לתינוק 100 גרם,"רצט שקיים בע""מ",IL,משחת החתלה לתינוק 10,גרמים,100.00,100 גרם,false,,10.90,0.1090,true,1,45562
7290000446325,false,"תרכיזי תפו""ע טבעי 1.2 ל' בי&די",בטר אנד דיפרנט,IL,תרכיז ב.ד תפוחים טבע,קילוגרמים,1.20,ליטר,false,,41.90,34.9167,true,1,3347
7290000446394,false,בטר אנד דיפרנט דייסת שיבולת שועל 200 גר',בטר אנד דיפרנט B&D,IL,דייסת שיבולת שועל ב.,גרמים,200.00,100 גרם,false,,9.90,0.0495,true,1,1474
7290000446523,false,חמאת בוטנים מתוקה 350ג' בי&די,בטר אנד דיפרנט,IL,חמאת בוטנים מתוקה ב.,גרמים,350.00,100 גרם,false,,13.90,0.0397,true,1,1476
7290000446530,false,"חמאת בוטנים 1 ק""ג בי&די",בטר אנד דיפרנט,IL,חמאת בוטנים מתוקה ב.,פריט,1.00,"ק""ג",false,,26.90,26.9000,true,1,1477
7290000446547,false,חמאת בוטנים טבעית ללא סוכר 350גר,בטר אנד דיפרנט B&D,IL,חמאת בוטנים טבעית ב.,גרמים,350.00,100 גרם,false,,13.90,0.0397,true,1,1478
7290000446554,false,"חמאת בוטנים טבעית 1 ק""ג בי&די",בטר אנד דיפרנט B&D,IL,חמאת בוטנים טבעית ב.,פריט,1.00,"ק""ג",false,,26.90,26.9000,true,1,1479
7290000446721,false,מארז פריכיות אורז ב.,בטר אנד דיפרנט,IL,מארז פריכיות אורז ב.,גרמים,420.00,100 גרם,false,,14.90,0.0355,true,1,1482
7290000446745,false,חמאת שקדים 100% טבעי 350ג' בי&די,בטר אנד דיפרנט,IL,חמאת שקדים ב.ד 350 ג,גרמים,350.00,100 גרם,false,,38.90,0.1111,true,1,8514
7290000446776,false,פתיתי אורז תפוח קל ללא סוכר 500 גרם,בטר אנד דיפרנט,IL,פצפוצי אורז ללא תוספ,גרמים,450.00,100 גרם,false,,18.90,0.0420,true,1,1483
7290000446936,false,ציפ.לשניצל ללא גלוטן שקית 300גר,בטר אנד דיפרנט,IL,פירורי קורנפלקס לציפ,גרמים,250.00,100 גרם,false,,9.90,0.0396,true,1,8535
7290000453019,false,שמרים טריים לאפייה שקית שמרית 50 ג',"פאקא תעשיות בע""מ",IL,שמרים טריים שמרית 50,גרמים,50.00,100 גרם,false,,3.90,0.0780,true,1,1501
7290000453385,false,שמרים יבשים פאקא אינסטנט 500ג',פאקא תעשיות בעמ,IL,שמרים יבשים פאקא 500,גרמים,500.00,100 גרם,false,,12.90,0.0258,true,1,6547
7290000453408,false,בצק פיצה דק מצונן ומוכן לאפייה שמרית,"פאקא תעשיות בע""מ",GR,בצק פיצה מוכן לאפיה,גרמים,415.00,100 גרם,false,,15.80,0.0381,true,1,52674
7290000453415,false,בצק עלים מצונן ומוכן לאפייה שמרית,"פאקא תעשיות בע""מ",FR,בצק עלים מוכן לאפיה,גרמים,300.00,100 גרם,false,,14.80,0.0493,true,1,52675
7290000453422,false,בצק פילו מצונן ומרודד מוכן לאפיה,"פאקא תעשיות בע""מ",GR,בצק פילו מוכן לאפיה,גרמים,300.00,100 גרם,false,,14.80,0.0493,true,1,52676
7290000453866,false,נטורינה קוקוס לאפייה שמרית 200ג',גרונבאנג- גרונדנסק א,DK,נטורינה תחליף מרגרינ,גרמים,200.00,100 גרם,false,,6.50,0.0325,true,1,49083
7290000453880,false,"מרגרינה לל""מ לאפיה ובישול שימרית 200 ג'","פאקא תעשיות בע""מ",IL,מרגרינה ללא מלח שמרי,גרמים,200.00,100 גרם,false,,4.60,0.0230,true,1,22593
7290000453897,false,מרגרינה בטעם חמאה שימרית 200 ג',גרונבאנג- גרונדנסק א,DK,מרגרינה בטעם חמאה שמ,גרמים,200.00,100 גרם,false,,4.60,0.0230,true,1,22592
7290000462103,false,סחוג אדום חריף עדין (מכסה לבן) 150 גרם,קריניסה ויטמין אס אי,IL,סחוג תימני זהבי 150,גרמים,150.00,100 גרם,false,,6.90,0.0460,true,1,3416
7290000462141,false,סחוג אדום חריף מאוד (מכסה אדום) 150 גרם,קריניסה ויטמין אס אי,IL,סחוג תימני חריף זהבי,גרמים,150.00,100 גרם,false,,6.90,0.0460,true,1,3417
7290000462172,false,סחוג ירוק חריף מאוד מ.ירוק 150 גרם,קריניסה ויטמין אס אי,IL,סחוג ירוק זהבי 150 ג,גרמים,140.00,100 גרם,false,,6.90,0.0493,true,1,3418
7290000467153,false,צבר חומוס סמיר הגדול 400גר,סלטי צבר,IL,חומוס עם המון טחינה,גרמים,400.00,100 גרם,false,,13.90,0.0348,true,1,12551
7290000467320,false,צבר חומוס אבו מרוואן 400גר,צבר,IL,חומוס אבו מרוואן צבר,גרמים,400.00,100 גרם,false,,13.90,0.0348,true,1,12552
7290000474502,false,גבינה לבנה 5% 250ג' טרה מהדרין,קריות זול,IL,גבינה 5% טרה 250 גרם,גרמים,250.00,100 גרם,false,,4.90,0.0196,true,1,3530
7290000474540,false,גבינה טוב טעם 3% טרה 250ג' מהדרין,קריות זול,IL,גבינה 3% טוב טעם 250,גרמים,250.00,100 גרם,false,,10.20,0.0408,true,1,1568
7290000474830,false,גבינה צהובה מגורדת 28% שומן 500 ג' נעם,מילקו תעשיות בעמ,IL,גבינה מגורדת 28% טרה,גרמים,500.00,100 גרם,false,,19.90,0.0398,true,1,1569
7290000480107,false,קוואקר שיבולת שועל פחית 500 גר',וולקרס סנקס לימיטד,GB,שיבולת שועל קוואקר 5,גרמים,500.00,100 גרם,false,,10.90,0.0218,true,1,6431
7290000484747,false,עראק עלית 700 מל 40% כהל,יקב הגליל שווק בעמ,IL,"עלית הארק 40% 700 מ""",מיליליטרים,700.00,"100 מ""ל",false,,49.90,0.0713,true,1,23145
7290000490397,false,קרמבו מנבו וניל 480 ג',הגלידות של פלדמן,IL,מנבו וניל 20 יח,גרמים,480.00,100 גרם,false,,29.90,0.0623,true,1,10165
7290000490762,false,שלגוני גלידל שמינייה,הגלידות של פלדמן,IL,מאגדת גלידל שלגון בט,גרמים,400.00,100 גרם,false,,28.90,0.0722,true,1,64523
7290000493176,false,אבקת רוטב צלי לבשר 22ג' אסם,"אסם השקעות בע""מ",IL,אבקה להכנת רוטב צלי,גרמים,22.00,100 גרם,false,,3.60,0.1636,true,1,1599
7290000493183,false,אבקת רוטב פיטריות 30 ג' אסם,"אסם השקעות בע""מ",IL,אבקת רוטב פטריות אסם,גרמים,30.00,100 גרם,false,,3.50,0.1167,true,1,1600
7290000494760,false,קפה טורקי בוואקום כת,רוני רג'ואן,IL,קפה טורקי בוואקום כת,פריט,1.00,"ק""ג",false,,39.90,39.9000,true,1,44698
7290000497044,false,ברמן אקטיב לחם ארוז,מאפית י את א ברמן בע,IL,לחם אקטיב ברמן 750 ג,גרמים,750.00,100 גרם,false,,15.90,0.0212,true,1,13912
7290000497198,false,מארז פיתות עשירייה אסלי,מאפית י את א ברמן בע,IL,פיתות ברמן 10 יח,פריט,1.00,"ק""ג",false,,11.90,11.9000,true,1,3704
7290000497228,false,לחמניה רגילה בשקית ברמן 6יח',מאפית י את א ברמן בע,IL,לחמניות אצבע ברמן 6,גרמים,450.00,100 גרם,false,,9.90,0.0220,true,1,1612
7290000497273,false,לחמניות אקטיב מארז 6 יח',מאפית י את א ברמן בע,IL,לחמניות קמח מלא אקטי,גרמים,450.00,100 גרם,false,,13.90,0.0309,true,1,24226
7290000497303,false,לחמניה מקמח מלא 6יח' ברמן 450ג',מאפית י את א ברמן בע,IL,לחמניות קמח מלא ברמן,גרמים,450.00,100 גרם,false,,12.90,0.0287,true,1,1613
7290000497358,false,חלה מתוקה ארוזה חלומית 500 גר',מאפית י את א ברמן בע,IL,חלה מתוקה חלומית ברמ,גרמים,500.00,100 גרם,false,,11.90,0.0238,true,1,3716
7290000497426,false,לחם לעניין פלוס 500 גר',מאפית י את א ברמן בע,IL,לחם לעניין פלוס ברמן,גרמים,500.00,100 גרם,false,,13.90,0.0278,true,1,3709
7290000497532,false,"לחם מקמח מלא""לעניין"" 750 גר'",מאפית י את א ברמן בע,IL,לחם קמח מלא לעניין ב,גרמים,750.00,100 גרם,false,,12.90,0.0172,true,1,1615
7290000497570,false,לחם דגנים פלוס 500 גר',מאפית י את א ברמן בע,IL,לחם דגנים פלוס ברמן,גרמים,500.00,100 גרם,false,,13.90,0.0278,true,1,3710
7290000498003,false,לחם מקמח מלא ברמן 75,מאפית י את א ברמן בע,IL,לחם קמח מלא E-FREE ב,גרמים,750.00,100 גרם,false,,14.90,0.0199,true,1,33270
7290000498034,false,לחם אי פרי קמח כוסמין מלא 750 גר',מאפית י את א ברמן בע,IL,לחם קמח מלא כוסמין E,גרמים,750.00,100 גרם,false,,14.90,0.0199,true,1,47995
7290000498058,false,חלה כוסמין חלומית בר,מאפית י את א ברמן בע,IL,חלה כוסמין חלומית בר,גרמים,500.00,100 גרם,false,,15.90,0.0318,true,1,62253
7290000498300,false,חלה מתוקה ברמן 500 ג,מאפית י את א ברמן בע,IL,חלה מתוקה ברמן 500 ג,גרמים,500.00,100 גרם,false,,10.90,0.0218,true,1,55952
7290000504049,false,סוכרזית קנקן 1200 טבליות,אף.סי תבליני בגליל ב,IL,ממתיק קלאסי סוכרזית,גרמים,98.00,100 גרם,false,,17.90,0.1827,true,1,1632
7290000504209,false,"סוכרזית דיאט טיפ נוזלי 220 מ""ל",אף.סי תבליני בגליל ב,IL,ממתיק נוזלי קלאסי סו,מיליליטרים,220.00,"100 מ""ל",false,,14.80,0.0673,true,1,1633
7290000504278,false,סוכרזית - קלאסי פטנט 700 טבליות,אף.סי תבליני בגליל ב,IL,ממתיק קלאסי סוכרזית,Unknown,0.00,יחידה,false,,13.90,0.0000,true,1,1634
7290000521008,false,"יין אדום יבש סגל 750 מ""ל",כרמי צבי - אחים סגל,IL,יין סגל אדום יבש,מיליליטרים,750.00,"100 מ""ל",false,,21.50,0.0287,true,1,1655
7290000521022,false,יין של סגל לבן חצי י,"מיוצר ע""י כרמי צבי-",IL,יין סגל לבן חצי יבש,מיליליטרים,750.00,"100 מ""ל",false,,21.50,0.0287,true,1,28430
7290000523224,false,מלח הארץ הים האדום 500 ג' עדין,חברת מלח הארץ אילת ב,IL,מלח עדין הים האדום 5,גרמים,500.00,100 גרם,false,,7.90,0.0158,true,1,1659
7290000523804,false,"מלח עדין צנצנת 1 ק""ג מלח הארץ",חברת מלח הארץ אילת ב,IL,"מלח עדין 1 ק""ג בצנצנ",פריט,1.00,"ק""ג",false,,6.90,6.9000,true,1,10098
7290000523811,false,"צנצנת מלח גס 1 ק""ג מלח הארץ",חברת מלח הארץ אילת ב,IL,"מלח גס 1 ק""ג בצנצנת",פריט,1.00,"ק""ג",false,,6.90,6.9000,true,1,10099
7290000530086,false,נקניק סלמי מעושן 600 ג' זוגלובק,נקניק נהריה כשר זוגל,IL,סלמי מעושן 7000 זוגל,גרמים,600.00,100 גרם,false,,24.90,0.0415,true,1,4801
7290000530109,false,קבנוס זוגי בואקום זוגלובק 180ג',נקניק נהריה כשר זוגל,IL,זוג קבנוס זוגלובק 2*,גרמים,360.00,100 גרם,false,,24.90,0.0692,true,1,4803
7290000530116,false,נקניק סלמי מעושן בשן 470 ג' זוגלובק,נקניק נהריה כשר זוגל,IL,סלמי בשן זוגלובק 470,גרמים,470.00,100 גרם,false,,24.90,0.0530,true,1,4802
7290000530468,false,נקניקיות וינר זוגלוב,,,נקניקיות וינר זוגלוב,פריט,1.00,"ק""ג",false,,23.90,23.9000,true,1,20043
7290000530703,false,זוג במארז חרמון הודו + סלמי תה זוגלובק 800 גר',נקניק נהריה כשר זוגל,IL,מארז סלמי תה/חרמון ז,גרמים,800.00,100 גרם,false,,25.90,0.0324,true,1,5083
7290000531977,false,בורקס גבינה 800 ג' זוגלובק,נקניק נהריה כשר זוגל,IL,בורקס גבינה זוגלובק,גרמים,800.00,100 גרם,false,,13.90,0.0174,true,1,4976
7290000533353,false,"בצק עלים צרפתי 1 ק""ג זוגלובק",מאפיית אריאל וגידרון,IL,בצק עלים זוגלובק 1 ק,פריט,1.00,"ק""ג",false,,13.50,13.5000,true,1,1670
7290000536316,false,"שניצל מן הצומח זוגלובק 1 ק""ג",נקניק נהריה כשר זוגל,IL,שניצל מן הצומח זוגלו,פריט,1.00,"ק""ג",false,,23.90,23.9000,true,1,1671
7290000536743,false,קריספי סטיקס תירס 500 ג' זוגלובק,נקניק נהריה כשר זוגל,IL,קריספי סטיקס טבעי זו,גרמים,500.00,100 גרם,false,,14.90,0.0298,true,1,14098
7290000536774,false,"נקניקיות מן הצומח זוגלובק 1ק""ג בד""צ",זוגלובק,IL,נקניקיות מן הצומח זו,פריט,1.00,"ק""ג",false,,19.90,19.9000,true,1,1673
7290000537603,false,נקניקיות עוף זוגלובק,זוגלובק,IL,נקניקיות עוף זוגלובק,פריט,1.00,"ק""ג",false,,24.90,24.9000,true,1,4804
7290000554402,false,מלבי 160גר מחלבות גד,"מיוצר ע""י קוד יצרן E",IL,מלבי גד 160 גרם,מיליליטרים,160.00,"100 מ""ל",false,,5.90,0.0369,true,1,1791
7290000554471,false,גבינת מוצרלה 22% נקניק 180ג' גד,"מחלבות גד בע""מ",IL,גבינת מוצרלה 22% גד,גרמים,180.00,100 גרם,false,,16.90,0.0939,true,1,1792
7290000554600,false,מוצרלה מגורדת 18% 300 גרם - רובין,מחלבות גד בעמ,IL,גבינת מוצרלה מגורדת,גרמים,300.00,100 גרם,false,,19.90,0.0663,true,1,1793
7290000554624,false,ירח מתוק 3% 150 גרם רובין,"מיוצר ע""י קוד יצרן E",IL,מעדן ירח מתוק 3% גד,מיליליטרים,150.00,"100 מ""ל",false,,5.50,0.0367,true,1,1794
7290000554822,false,גבינת ריקוטה טבעי 5% שומן 250 ג' גד,מחלבות גד בעמ,IL,גבינת ריקוטה 5% גד 2,גרמים,250.00,100 גרם,false,,13.90,0.0556,true,1,20612
7290000554839,false,שמנת מתוקה קשה בסגנון איטלקי 40% שומן 250 ג' גד,מחלבות גד בעמ,IL,גבינת מסקרפונה 40% ג,גרמים,250.00,100 גרם,false,,21.90,0.0876,true,1,33263
7290000571812,false,פרמזן מגורד בית יצחק,גבינות משק אחים מאיר,IL,גבינה פרמזן מגורדת ה,גרמים,200.00,100 גרם,false,,21.90,0.1095,true,1,12298
7290000572055,false,"חלבה לל""ס וסיבים ואגוז אחווה 400ג'",אחדות ביחר לטחינה חל,IL,חלוה אגוזים ללא סוכר,גרמים,400.00,100 גרם,false,,14.90,0.0373,true,1,1845
7290000572086,false,טחינה גולמית אורגנית 500ג',אחדות ביחר לטחינה חל,IL,טחינה אורגנית אחוה 5,גרמים,500.00,100 גרם,false,,10.90,0.0218,true,1,1846
7290000572215,false,חלבה וניל מצופה אחווה 80ג',אחדות ביחר לטחינה חל,IL,חטיף חלוה מצופה אחוה,גרמים,80.00,100 גרם,false,,2.90,0.0362,true,1,5385
7290000572222,false,חלבה וניל בבלוק אחווה 500ג',שוורצקוף& הנקל דיסלד,IL,חלוה בטעם וניל אחוה,גרמים,500.00,100 גרם,false,,9.80,0.0196,true,1,1847
7290000572529,false,חלבה פיסטוק מגש אחווה 400ג',אחדות ביחר לטחינה חל,IL,חלוה פיסטוק אחוה 400,גרמים,400.00,100 גרם,false,,11.90,0.0298,true,1,1848
7290000572536,false,חלבה וניל מגש אחווה 400ג'',אחדות ביחר לטחינה חל,IL,חלוה וניל אחוה 400 ג,גרמים,400.00,100 גרם,false,,9.80,0.0245,true,1,1849
7290000572543,false,חלבה שוקו וניל אחווה 400ג',אחדות ביחר לטחינה חל,IL,חלוה שוקו וניל אחוה,גרמים,400.00,100 גרם,false,,9.80,0.0245,true,1,1850
7290000572628,false,חלבה חטיף ללא סוכר בקופסה 276 ג',שוורצקוף& הנקל דיסלד,IL,חטיפי חלוה ללא תוספת,גרמים,275.00,100 גרם,false,,11.90,0.0433,true,1,1852
7290000572673,false,אחווה חטיף חלווה ט.שונים 12*25גר,שוורצקוף& הנקל דיסלד,IL,חטיפי חלוה בטעמים אח,גרמים,300.00,100 גרם,false,,11.90,0.0397,true,1,2962
7290000572819,false,"טחינה גולמית אחווה 1 ק""ג",אחדות ביחר לטחינה חל,IL,"טחינה אחוה 1 ק""ג",פריט,1.00,"ק""ג",false,,18.90,18.9000,true,1,1855
7290000598116,false,מצות חמץ יהודה 1.5 ק,מצות יהודה,IL,מצות חמץ יהודה 1.5 ק,פריט,1.50,"ק""ג",false,,24.90,16.6000,true,1,1871
7290000598130,false,מצות חמץ יהודה 400 ג,מצות יהודה,IL,מצות חמץ יהודה 400 ג,גרמים,400.00,100 גרם,false,,15.90,0.0398,true,1,3843
7290000598147,false,קמח מצה חמץ יהודה 50,מצות יהודה,IL,קמח מצה חמץ יהודה 50,גרמים,500.00,100 גרם,false,,6.50,0.0130,true,1,4773
7290000598680,false,"פתי בר 1.8 ק""ג מצות יהודה",מצות יהודה,IL,"פתיבר יהודה 1.8 ק""ג",פריט,1.80,"ק""ג",false,,23.90,13.2778,true,1,1879
7290000598949,false,מצות מקמח מלא יהודה 300 גר',מצות יהודה,IL,מצות חמץ חיטה מלאה י,גרמים,300.00,100 גרם,false,,16.50,0.0550,true,1,1883
7290000630076,false,עוף מס' 2 עטרה קפוא,עטרה,IL,עוף מס 2 קפוא עטרה,קילוגרמים,1.00,"ק""ג",true,,21.90,21.9000,true,1,1931
7290000631035,false,כבד עוף קפוא עטרה,עטרה,IL,כבד עוף קפוא עטרה,קילוגרמים,1.00,"ק""ג",true,,29.90,29.9000,true,1,1940
7290000631226,false,כבד עוף טרי ארוז עטר,,,כבד עוף טרי עטרה,קילוגרמים,1.00,"ק""ג",true,,32.90,32.9000,true,1,1942
7290000631295,false,לבבות עוף טרי ארוז ע,,,לבבות עוף טרי עטרה,קילוגרמים,1.00,"ק""ג",true,,32.90,32.9000,true,1,1944
7290000632209,false,חזה עוף קפוא עטרה,עטרה,IL,חזה עוף קפוא עטרה,קילוגרמים,1.00,"ק""ג",true,,29.90,29.9000,true,1,1947
7290000632391,false,כרעיים עוף קפוא עטרה,עטרה,IL,כרעיים עוף קפוא עטרה,קילוגרמים,1.00,"ק""ג",true,,29.90,29.9000,true,1,1948
7290000632599,false,ירכיים עוף קפוא עטרה,עטרה,IL,ירכיים עוף קפוא עטרה,קילוגרמים,1.00,"ק""ג",true,,29.90,29.9000,true,1,1949
7290000632698,false,שוקיים עוף קפוא עטרה,עטרה,IL,שוקיים עוף קפוא עטרה,קילוגרמים,1.00,"ק""ג",true,,28.90,28.9000,true,1,1950
7290000633800,false,כנפיים עוף קפוא עטרה,עטרה,IL,כנפיים עוף קפוא עטרה,קילוגרמים,1.00,"ק""ג",true,,11.90,11.9000,true,1,1952
7290000644516,false,גרונות הודו קפוא עטר,,,גרונות הודו קפוא עטר,קילוגרמים,1.00,"ק""ג",true,,29.90,29.9000,true,1,1962
7290000646114,false,כנפיים הודו קפוא עטר,,,כנפיים הודו קפוא עטר,קילוגרמים,1.00,"ק""ג",true,,16.90,16.9000,true,1,1965
7290000688381,false,מי עדן פקק ספורט 6*500 מל.,"מי עדן בע""מ",IL,"מים מי עדן 6*500 מ""ל",קילוגרמים,3.00,ליטר,false,,12.90,4.3000,true,1,2114
7290000688503,false,מים מינרליים מי עדן,"מי עדן בע""מ",IL,מים מי עדן ספורט 6*7,קילוגרמים,4.50,ליטר,false,,14.90,3.3111,true,1,9271
7290000692135,false,ספיד סטיק בסיסי ירוק א.פ פרש,קולגייט פלמוליב,BY,דאו ספיד סטיק פאואר,מיליליטרים,51.00,"100 מ""ל",false,,18.90,0.3706,true,1,9569
7290000692203,false,אג'קס ניקוי כללי 2לימון-מרכז,הנסיך- מפעל לייצור ט,BY,נוזל אג'קס לימון 2 ל,קילוגרמים,2.00,ליטר,false,,19.90,9.9500,true,1,6650
7290000692210,false,אג'קס ניקוי כללי לוונדר 2ל',הנסיך- מפעל לייצור ט,GR,נוזל אג'קס לבנדר 2 ל,קילוגרמים,2.00,ליטר,false,,19.90,9.9500,true,1,6648
7290000694108,false,מקלוני חומוס דאבייל,חטיפי יעקובי,IL,מקלוני חומוס דאבייל,גרמים,230.00,100 גרם,false,,11.90,0.0517,true,1,5586
7290000803180,false,מרידול מי פהשטיפה דנטלית 400 מל,קולגייט פלמוליב,CH,"מי פה מרידול 400 מ""ל",מיליליטרים,400.00,"100 מ""ל",false,,24.90,0.0622,true,1,2626
7290000901046,false,מיחזור אריזה זכוכית,,,מיחזור אריזה,Unknown,0.00,יחידה,false,,0.30,0.0000,true,1,28
7290000901091,false,מיחזור אריזה פלסטיק,,,מיחזור אריזה פלסטיק,Unknown,0.00,יחידה,false,,1.80,0.0000,true,1,2115
7290000901107,false,מיחזור אריזה זכוכית,,,מיחזור אריזה זכוכית,Unknown,0.00,יחידה,false,,1.80,0.0000,true,1,357
7290000901114,false,מיחזור אריזה פחית שי,,,מיחזור אריזה פחית שי,Unknown,0.00,יחידה,false,,1.80,0.0000,true,1,2856
7290000901121,false,צלעות טרי בלי עצם עט,,,צלעות טרי בלי עצם עט,קילוגרמים,1.00,"ק""ג",true,,69.90,69.9000,true,1,3635
7290000901152,false,צלעות כבש טרי עטרה,,,צלעות כבש טרי עטרה,קילוגרמים,1.00,"ק""ג",true,,199.90,199.9000,true,1,3972
7290000902203,false,בשר עגל טחון טרי עטר,,,בשר עגל טחון טרי עטר,קילוגרמים,1.00,"ק""ג",true,,49.90,49.9000,true,1,4271
7290000902241,false,אנטריקוט עגל טרי עטר,,,אנטריקוט עגל טרי עטר,קילוגרמים,1.00,"ק""ג",true,,119.90,119.9000,true,1,4276
7290000902258,false,צלי כתף עגל טרי עטרה,,,צלי כתף עגל טרי עטרה,קילוגרמים,1.00,"ק""ג",true,,89.90,89.9000,true,1,4277
7290000902265,false,פילה מדומה עגל טרי ע,,,פילה מדומה עגל טרי ע,קילוגרמים,1.00,"ק""ג",true,,79.90,79.9000,true,1,4278
7290000902272,false,כתף עגל טרי עטרה,,,כתף עגל טרי עטרה,קילוגרמים,1.00,"ק""ג",true,,59.90,59.9000,true,1,4279
7290000902289,false,אוסובוקו עגל טרי עטר,,,אוסובוקו עגל טרי עטר,קילוגרמים,1.00,"ק""ג",true,,59.90,59.9000,true,1,4280
7290000902296,false,שריר עגל טרי עטרה,,,שריר עגל טרי עטרה,קילוגרמים,1.00,"ק""ג",true,,64.90,64.9000,true,1,4281
7290000902357,false,אסאדו עם עצם טרי עטר,,,אסאדו עם עצם טרי עטר,קילוגרמים,1.00,"ק""ג",true,,69.90,69.9000,true,1,4289
7290000902494,false,בשר טחון מקפוא עטרה,,,בשר טחון מקפוא עטרה,קילוגרמים,1.00,"ק""ג",true,,39.90,39.9000,true,1,4299
7290000902609,false,מיחזור אריזה בקבוק 1,,,מיחזור אריזה בקבוק 1,Unknown,0.00,יחידה,false,,3.60,0.0000,true,1,4559
7290000902616,false,מיחזור אריזה 4 יח,,,מיחזור אריזה 4 יח,Unknown,0.00,יחידה,false,,1.20,0.0000,true,1,4561
7290000904900,false,מגבת נייר קירקלנד 1,,,מגבת נייר קירקלנד 1,מטרים,24.78,מטר,false,,9.90,0.3995,true,1,9751
7290000916354,false,"ספריבס ע""ע עגל וויל",,,"ספריבס ע""ע עגל וויל",קילוגרמים,1.00,"ק""ג",true,,49.90,49.9000,true,1,30140
7290000976433,false,קשיו קלוי במשקל,דין שיווק,VN,קשיו טבעי במשקל,קילוגרמים,1.00,"ק""ג",true,,85.00,85.0000,true,1,48124
7290000976471,false,גרעין דלעת מקולפת במ,דין שיווק,IL,גרעין דלעת מקולפת במ,קילוגרמים,1.00,"ק""ג",true,,55.00,55.0000,true,1,3294
7290000976846,false,פיסטוק מקולף במשקל,דין שיווק,IL,פיסטוק מקולף,קילוגרמים,1.00,"ק""ג",true,,150.00,150.0000,true,1,4466
7290000977102,false,תערובת פיצוחים במשקל,דין שיווק,TR,תערובת פיצוחים במשקל,קילוגרמים,1.00,"ק""ג",true,,85.00,85.0000,true,1,3773
7290000978307,false,חמוציות ללא סוכר במש,דין שיווק,US,חמוציות ללא סוכר במש,קילוגרמים,1.00,"ק""ג",true,,69.00,69.0000,true,1,3345
7290000978703,false,סוכריות קשות במשקל,,GB,סוכריות קשות במשקל,קילוגרמים,1.00,"ק""ג",true,,36.00,36.0000,true,1,3256
7290000989778,false,חמוציות במשקל,דין שיווק,IL,חמוציות במשקל,קילוגרמים,1.00,"ק""ג",true,,50.00,50.0000,true,1,3343
7290001041017,false,תבלין חוואיג' תימני 50 גר' מיה,מיה תעשיות מזון בעמ,IL,חוואיג תימני מיה 50,גרמים,50.00,100 גרם,false,,5.80,0.1160,true,1,145
7290001041048,false,תבלין על האש 50גרם צנצנת,מיה תעשיות מזון בעמ,IL,תבלין על האש מיה 50,גרמים,50.00,100 גרם,false,,5.80,0.1160,true,1,148
7290001041291,false,לקקן סוכריה על מקל 70יח',מיה תעשיות מזון בעמ,IL,לקקנים בטעם פירות מי,גרמים,600.00,100 גרם,false,,16.90,0.0282,true,1,153
7290001041482,false,תבלין זנגויל 50 גר' מיה,מיה תעשיות מזון בעמ,IL,זנגוויל מיה 50 גרם,גרמים,50.00,100 גרם,false,,5.80,0.1160,true,1,154
7290001072882,false,"שמפו לסירוק קל נובו 700 מ""ל",סאסאטק,IL,שמפו לסירוק קל נובו,מיליליטרים,700.00,"100 מ""ל",false,,5.90,0.0084,true,1,64641
7290001072899,false,"מרכך לסירוק קל נובו 700 מ""ל",סאסאטק,IL,מרכך לסירוק קל נובו,מיליליטרים,700.00,"100 מ""ל",false,,5.90,0.0084,true,1,64642
7290001123041,false,בשר מס 5 צלי כתף קפו,פריזא,,בשר מס 5 צלי כתף קפו,קילוגרמים,1.00,"ק""ג",true,,69.90,69.9000,true,1,204
7290001123072,false,בשר מס 8 שריר קפוא ח,טאק טורו,,בשר מס 8 שריר קפוא ח,קילוגרמים,1.00,"ק""ג",true,,29.90,29.9000,true,1,206
7290001134146,false,שישליק הודו טרי ארוז,,,שישליק הודו טרי ארוז,קילוגרמים,1.00,"ק""ג",true,,24.90,24.9000,true,1,42241
7290001136287,false,"נקה 7 - שמפו רגיל ירוק 750 מ""ל","קוסמופארם בעמ, ח.פ 5",IL,שמפו נקה 7 לשיער רגי,מיליליטרים,750.00,"100 מ""ל",false,,8.70,0.0116,true,1,213
7290001136294,false,"שמפו נקה 7 לשיער יבש אדום 750מ""ל",גוד פוד פרודקטס S.p,IL,שמפו נקה 7 לשיער יבש,מיליליטרים,700.00,"100 מ""ל",false,,8.70,0.0124,true,1,214
7290001136362,false,נקה 7 תחליב רחצה אלוורה ארומה ירוק 1 ל',מיוצר בסין.יבוא ושיו,IL,תחליב נקה 7 אלוורה ו,קילוגרמים,1.00,ליטר,false,,12.70,12.7000,true,1,216
7290001136683,false,"מרכך לשיער רגיל ירוק 750 מ""ל נקה 7",אמיליה קוסמטיקס בעמ,IL,מרכך נקה 7 לשיער רגי,מיליליטרים,750.00,"100 מ""ל",false,,8.70,0.0116,true,1,218
7290001136799,false,נקה 7 תחליב רחצה ארומה ורוד יסמין 1 ל',מיוצר בסין.יבוא ושיו,IL,תחליב נקה 7 ורד ויסמ,קילוגרמים,1.00,ליטר,false,,12.70,12.7000,true,1,219
7290001136973,false,נקה 7 תחליב רחצה ארומה קמומיל לבן 1 ל',טרופיקל דגיל תעשיות,IL,תחליב נקה 7 קמומיל 1,קילוגרמים,1.00,ליטר,false,,12.70,12.7000,true,1,220
7290001201510,false,ביצים 30 יח בינוני ל,לסר,IL,ביצים 30 יח בינוני ל,Unknown,30.00,יחידה,false,,27.80,0.9267,true,1,47169
7290001201602,false,ביצים 18 יח גדול לסר,לסר,IL,ביצים 18 יח גדול לסר,Unknown,18.00,יחידה,false,,18.00,1.0000,true,1,5544
7290001201619,false,ביצים 18 יח בינוני ל,לסר,IL,ביצים 18 יח בינוני ל,Unknown,18.00,יחידה,false,,16.70,0.9278,true,1,5569
7290001201657,false,ביצים אומגה 30 יח בי,לסר,IL,ביצים אומגה 30 יח בי,Unknown,30.00,יחידה,false,,37.90,1.2633,true,1,5546
7290001201671,false,מארז ביצים בינוני 2*,לסר,IL,מארז ביצים בינוני 2*,Unknown,60.00,יחידה,false,,55.50,0.9250,true,1,5545
7290001201855,false,ביצים לארג' אומגה 12 יח',לסר,IL,ביצים אומגה 12 יח גד,Unknown,12.00,יחידה,false,,16.90,1.4083,true,1,50188
7290001209042,false,רוסטביף מעובד קפוא ע,עטרה,IL,רוסטביף מעובד קפוא ע,קילוגרמים,1.00,"ק""ג",true,,56.90,56.9000,true,1,237
7290001209103,false,עוף טחון עטרה 500 גר,עטרה,IL,עוף טחון עטרה 500 גר,גרמים,500.00,100 גרם,false,,12.90,0.0258,true,1,239
7290001209158,false,שניצל עוף קפוא עטרה,עטרה,IL,שניצל עוף קפוא עטרה,קילוגרמים,1.00,"ק""ג",true,,31.90,31.9000,true,1,240
7290001209189,false,נקניקיות חריפות עטרה 400ג' מהדרין,עטרה,IL,נקניקיות חריפות קפוא,גרמים,400.00,100 גרם,false,,9.90,0.0248,true,1,241
7290001209271,false,חזה חצוי טרי ארוז עט,,,חזה עוף פרימיום טרי,קילוגרמים,1.00,"ק""ג",true,,29.90,29.9000,true,1,20235
7290001209295,false,פרגיות עוף קפוא עטרה,,,פרגיות עוף קפוא עטרה,קילוגרמים,1.00,"ק""ג",true,,64.90,64.9000,true,1,243
7290001209349,false,עוף טרי שלם ארוז עטר,,,עוף שלם טרי עטרה,קילוגרמים,1.00,"ק""ג",true,,23.90,23.9000,true,1,244
7290001209356,false,כרעיים עוף טרי ארוז עטרה,,,כרעיים עוף טרי עטרה,קילוגרמים,1.00,"ק""ג",true,,29.90,29.9000,true,1,245
7290001209363,false,שניצל עוף טרי ארוז עטרה,,,שניצל עוף טרי עטרה,קילוגרמים,1.00,"ק""ג",true,,35.90,35.9000,true,1,246
7290001209370,false,ירכיים טרי ארוז עטרה,,,ירכיים עוף טרי עטרה,קילוגרמים,1.00,"ק""ג",true,,29.90,29.9000,true,1,247
7290001209387,false,שוק עוף טרי ארוז עטרה,,,שוקיים עוף טרי עטרה,קילוגרמים,1.00,"ק""ג",true,,33.90,33.9000,true,1,248
7290001209394,false,כנפיים עוף טרי ארוז עטרה,,,כנפיים עוף טרי עטרה,קילוגרמים,1.00,"ק""ג",true,,12.90,12.9000,true,1,249
7290001209516,false,סטייק עין עטרה מעובד עטרה 800 גרם,עטרה,IL,סטייק עין עטרה 800 ג,גרמים,800.00,100 גרם,false,,49.90,0.0624,true,1,252
7290001209547,false,פילה עוף קפוא עטרה,עטרה,IL,פילה עוף קפוא עטרה,קילוגרמים,1.00,"ק""ג",true,,34.90,34.9000,true,1,21517
7290001216057,false,"טחינה גולמית אל ארז 1 ק""ג",טחינה אל ארז,IL,"טחינה אל ארז 1 ק""ג",פריט,1.00,"ק""ג",false,,26.90,26.9000,true,1,36479
7290001216101,false,אל ארז טחינה מלאה 1קג,טחינה אל ארז,IL,טחינה מלאה אל ארז 1,פריט,1.00,"ק""ג",false,,28.90,28.9000,true,1,54169
7290001245613,false,מטליות לחות לניקוי כ,סאסאטק,IL,מטליות לחות לניקוי כ,Unknown,0.00,יחידה,false,,14.90,0.0000,true,1,44425
7290001246061,false,מרכך מרוכז פרפיום פנטזי טאצ 1ל',סאסאטק,IL,מרכך מרוכז טאצ' כחול,קילוגרמים,1.00,ליטר,false,,9.90,9.9000,true,1,63439
7290001246078,false,מרכך מרוכז פרפיום סנשואל טאצ' 1 ל',סאסאטק,IL,מרכך מרוכז טאצ' סגול,קילוגרמים,1.00,ליטר,false,,9.90,9.9000,true,1,64548
7290001246498,false,נוזל רצפות מגיק סחלב,סאסאטק,IL,נוזל רצפות מגיק סחלב,קילוגרמים,4.00,ליטר,false,,9.90,2.4750,true,1,5730
7290001246504,false,אקונומיקה מגיק מבושמ,סאסאטק,IL,אקונומיקה מגיק מבושמ,קילוגרמים,4.00,ליטר,false,,7.90,1.9750,true,1,13097
7290001247068,false,נקטר ספרינג תות בננה קרטונית 1 ל',"יפאורה תבורי בע""מ",IL,נקטר ספרינג תות בננה,קילוגרמים,1.00,ליטר,false,,6.50,6.5000,true,1,272
7290001247082,false,נקטר ספרינג עגבניות קרטונית 1 ל',"יפאורה תבורי בע""מ",IL,נקטר ספרינג עגבניות,קילוגרמים,1.00,ליטר,false,,6.50,6.5000,true,1,273
7290001247099,false,נקטר ספרינג מנגו קרטונית 1 ל',"יפאורה תבורי בע""מ",IL,נקטר ספרינג מנגו 1 ל,קילוגרמים,1.00,ליטר,false,,6.50,6.5000,true,1,274
7290001247105,false,נקטר ספרינג אפרסק קרטונית 1 ל',"יפאורה תבורי בע""מ",IL,נקטר ספרינג אפרסק 1,קילוגרמים,1.00,ליטר,false,,6.50,6.5000,true,1,275
7290001247112,false,נקטר ספרינג לימונענע קרטונית 1 ל',"יפאורה תבורי בע""מ",IL,נקטר ספרינג לימון 1,קילוגרמים,1.00,ליטר,false,,6.50,6.5000,true,1,276
7290001247129,false,נקטר ספרינג תפוזים קרטונית 1 ל',"יפאורה תבורי בע""מ",IL,נקטר ספרינג תפוז 1 ל,קילוגרמים,1.00,ליטר,false,,6.50,6.5000,true,1,277
7290001247143,false,נקטר ספרינג תפוחים קרטונית 1 ל',"יפאורה תבורי בע""מ",IL,נקטר ספרינג תפוח 1 ל,קילוגרמים,1.00,ליטר,false,,6.50,6.5000,true,1,278
7290001274934,false,פופסיקל גלידה לימון 640 ג',הגלידות של פלדמן,IL,מאגדת גלידל פרי לימו,גרמים,640.00,100 גרם,false,,21.90,0.0342,true,1,52576
7290001274941,false,פופסיקל גלידה פטל 640 ג',הגלידות של פלדמן,IL,מאגדת גלידל פרי פטל,גרמים,640.00,100 גרם,false,,21.90,0.0342,true,1,52577
7290001335895,false,שיפודי כבד עגל ארוז,נתח אדום,IL,שיפודי כבד עגל ארוז,גרמים,500.00,100 גרם,false,,29.90,0.0598,true,1,63476
7290001342183,false,סלמון אפוי על גחלים-,אלדג,IL,סלמון אפוי על גחלים,קילוגרמים,1.00,"ק""ג",true,,230.00,230.0000,true,1,58478
7290001342251,false,"שום כתוש אלדג, 360 גרם",אלדג,IL,שום כתוש אלדג 360 גר,גרמים,360.00,100 גרם,false,,16.90,0.0469,true,1,61742
7290001342350,false,מטיאס הולנדי עם בצל 700גר,אלדג,IL,פילה הרינג עם בצל אל,גרמים,700.00,100 גרם,false,,44.90,0.0641,true,1,43086
7290001342565,false,"חזרת ללא סוכר 300 ג' כשל""פ",אלדג,IL,חזרת ללא סוכר אלדג 3,גרמים,300.00,100 גרם,false,,16.90,0.0563,true,1,4724
7290001343845,false,"גרנולה פירות 1 ק""ג - 845 - ורוד שקדיה",הנסיך- מפעל לייצור ט,IL,גרנולה עם פירות יבשי,פריט,1.00,"ק""ג",false,,19.90,19.9000,true,1,304
7290001407936,false,בארכה-טחינה גולמית מעודנת בקבוק לחיץ 310 ג',רושדי תעשיות מזון בע,IL,טחינה מעודנת בארכה ל,גרמים,310.00,100 גרם,false,,10.50,0.0339,true,1,23577
7290001476208,false,גבינה ברי משולש כבשי,מחלבות גד,IL,גבינה ברי פקאן גד במ,קילוגרמים,1.00,"ק""ג",true,,99.00,99.0000,true,1,7305
7290001482094,false,גבינה פרמז'נו משולשים ויליפוד 200ג',זנטי אס. אי לאלין,IT,פרמזנו משולש ויליפוד,גרמים,200.00,100 גרם,false,,17.90,0.0895,true,1,16087
7290001485019,false,גבינת שמנת 5% טעם טבעי 200 ג' טרה,קריות זול,IL,גבינת שמנת טבעי 5% ט,גרמים,200.00,100 גרם,false,,9.90,0.0495,true,1,330
7290001491096,false,תה ירוק בתוספת לימונית ולואיזה 50 שקיקים ויסוצקי,קריות זול,IL,תה ירוק לימונית לואי,גרמים,75.00,100 גרם,false,,36.90,0.4920,true,1,336
7290001532010,false,סלמון בעישון חם הרמס,"הרמס דגים בע""מ",IL,סלמון בעישון חם הרמס,קילוגרמים,1.00,"ק""ג",true,,149.00,149.0000,true,1,48810
7290001532027,false,סלמון מעושן פרוס הרמ,"הרמס דגים בע""מ",IL,סלמון מעושן פרוס הרמ,קילוגרמים,1.00,"ק""ג",true,,159.00,159.0000,true,1,48913
7290001532065,false,טונה מעושנת הרמס במש,"הרמס דגים בע""מ",IL,טונה מעושנת הרמס במש,קילוגרמים,1.00,"ק""ג",true,,109.00,109.0000,true,1,48902
7290001532225,false,פילה מקרל מעושן הרמס,"הרמס דגים בע""מ",IL,פילה מקרל מעושן הרמס,קילוגרמים,1.00,"ק""ג",true,,109.00,109.0000,true,1,48592
7290001546666,false,ענבים לבנים,אראל תוצרת חקלאית בע,IL,ענבים לבנים,קילוגרמים,1.00,"ק""ג",true,,8.90,8.9000,true,1,43053
7290001594568,false,"בירה קרלסברג פחית 500 מ""ל",מבשלות בירה בינלאומי,RO,בירה קרלסברג פחית 5%,מיליליטרים,500.00,"100 מ""ל",false,,9.90,0.0198,true,1,57959
7290001594575,false,"בירה טובורג פחית 500 מ""ל",מבשלות בירה בינלאומי,IL,בירה טובורג רד פחית,מיליליטרים,500.00,"100 מ""ל",false,,9.90,0.0198,true,1,57987
7290001594810,false,"בירה שחורה מאלטי בקב' מארז 330X6מ""ל",קרלסברג ישראל,,"בירה מאלטי 6*330 מ""ל",קילוגרמים,1.98,ליטר,false,,19.90,10.0505,true,1,34866
7290001594858,false,"בירה טובורג בקבוק 330X6מ""ל",קרלסברג ישראל,IL,מארז בירה טובורג רד,קילוגרמים,1.98,ליטר,false,,29.90,15.1010,true,1,356
7290001594865,false,"קרלסברג בירה בקבוק 6* 330 מ""ל",קרלסברג ישראל,IL,מארז בירה קרלסברג 5%,קילוגרמים,1.98,ליטר,false,,29.90,15.1010,true,1,358
7290001648285,false,אבקה להכנת שוקו מוקו,רוני רג'ואן,IL,אבקה להכנת שוקו מוקו,פריט,1.30,"ק""ג",false,,11.90,9.1538,true,1,60107
7290001648643,false,מארז קפה טורקי כתר 3,רוני רג'ואן,IL,מארז קפה טורקי כתר 3,גרמים,300.00,100 גרם,false,,13.90,0.0463,true,1,60106
7290001670514,false,מלית אוכמניות - 400 גרם פוליבה,"פוליבה בע""מ",IL,מלית אוכמניות הנמל 4,גרמים,400.00,100 גרם,false,,9.90,0.0248,true,1,382
7290001670668,false,שקיות הקפאה לקרח הנמ,"איטיליאן פוד, אס.פי.",TR,שקיות הקפאה לקרח הנמ,Unknown,0.00,יחידה,false,,2.90,0.0000,true,1,384
7290001670859,false,מלית דובדבנים פוליבה 400 ג',קריות זול,IL,מלית דובדבנים הנמל 4,גרמים,400.00,100 גרם,false,,9.90,0.0248,true,1,387
7290001670873,false,"צלחות גדולות לבנות קשיח ח""פ הנמל 66יח'",הנמל אריזות ושיווק ב,IL,צלחות גדולות עבות במ,Unknown,0.00,יחידה,false,,38.90,0.0000,true,1,388
7290001679609,false,מארז עוגיות אוראו 4*,מונדליז,CZ,מארז עוגיות אוראו 4*,גרמים,704.00,100 גרם,false,,25.90,0.0368,true,1,37990
7290001780428,false,מאגדת גלידת לייט שוקולד נסטלה 6יח' 312ג',גלידות נסטלה (נגה גל,IL,שלגוני לייט נסטלה שו,גרמים,312.00,100 גרם,false,,21.90,0.0702,true,1,400
7290001791349,false,אקונומיקה פסגה ריחנית 4ליטר,"סנו מפעלי ברונוס בע""",IL,אקונומיקה פסגה 4 ליט,קילוגרמים,4.00,ליטר,false,,9.90,2.4750,true,1,401
7290001791356,false,"סנו - פרש מילוי למטהר אוויר בלו אייר 250 מ""ל",קריות זול,IL,מבשם אויר סנו פרש או,מיליליטרים,250.00,"100 מ""ל",false,,12.90,0.0516,true,1,38704
7290001791776,false,"סנו - די רולאון דוחה יתושים אלוורה 50 מ""ל",גוד פוד פרודקטס S.p,IL,סנו די רול און אלוור,מיליליטרים,50.00,"100 מ""ל",false,,19.90,0.3980,true,1,3310
7290001813454,false,עוגיות חיוכים חגיגה שוקו 900 ג',אפיפית נצרת תעשיות ב,IL,עוגיות חיוכים שוקו ע,גרמים,900.00,100 גרם,false,,18.90,0.0210,true,1,410
7290001813478,false,עוגיות חיוכים חגיגה וניל 900 ג',אפיפית נצרת תעשיות ב,IL,עוגיות חיוכים וניל ע,גרמים,900.00,100 גרם,false,,18.90,0.0210,true,1,411
7290001855232,false,שמן למאור מרום הגליל,ירושלים שיווק שמן זי,IL,שמן למאור מרום הגליל,קילוגרמים,1.00,ליטר,false,,10.90,10.9000,true,1,8321
7290001867655,false,תפוא לבן פרמיום לאפי,אראל תוצרת חקלאית בע,IL,תפוח אדמה פרימיום,Unknown,0.00,יחידה,false,,17.90,0.0000,true,1,56482
7290001873984,false,טונה בשמן ויליגר 6*1,ויליגר,,טונה בשמן ויליגר 6*1,גרמים,840.00,100 גרם,false,,27.90,0.0332,true,1,56187
7290001901045,false,דג גפילטע פיש ירושלמי 600ג',דג טעים בעמ,IL,רולדה גפילטע פיש ירו,גרמים,600.00,100 גרם,false,,24.90,0.0415,true,1,431
7290001901410,false,רולדה גפילטעפיש הונגרי 500 גרם,דג טעים בעמ,IL,רולדה גפילטע פיש הונ,גרמים,500.00,100 גרם,false,,19.90,0.0398,true,1,4428
7290001901656,false,גפילטע פיש היימיש 7 קציצות כשלפ בדץ,דג טעים בעמ,IL,גפילטע פיש היימיש פי,גרמים,555.00,100 גרם,false,,8.90,0.0160,true,1,24457
7290001943496,false,כורכומין טרימוורה MP,תרימוורה,,כורכומין טרימוורה MP,Unknown,0.00,יחידה,false,,114.90,0.0000,true,1,59062
7290001970263,false,רחת לוקום במשקל,דין שיווק,IL,רחת לוקום במשקל,קילוגרמים,1.00,"ק""ג",true,,79.00,79.0000,true,1,42706
7290001970478,false,אגוזי מלך קלופים חצא,,US,אגוז מלך קלופים שקיל,קילוגרמים,1.00,"ק""ג",true,,89.00,89.0000,true,1,31313
7290001970485,false,אגוזי מלך שלמים במשק,,,אגוז מלך שלמים שקיל,קילוגרמים,1.00,"ק""ג",true,,100.00,100.0000,true,1,31315
7290001970492,false,קשיו קלוי על גחלים ב,דין שיווק,VN,קשיו קלוי על גחלים ב,קילוגרמים,1.00,"ק""ג",true,,96.00,96.0000,true,1,31314
7290001970768,false,פקאן קלוי במשקל,דין שיווק,IL,פקאן קלוי במשקל,קילוגרמים,1.00,"ק""ג",true,,130.00,130.0000,true,1,38386
7290002003168,false,קרם ידיים מארז שלישיית פנג'ל 3X80-גרם,אינטרקוסמא 1985 במ,IL,קרם ידיים פנגל 3*80,גרמים,240.00,100 גרם,false,,13.90,0.0579,true,1,4463
7290002007296,false,צמר פלדה הנמל 350 גר,פלסטו פוליש,IL,צמר פלדה הנמל 350 גר,גרמים,350.00,100 גרם,false,,8.90,0.0254,true,1,468
7290002007357,false,שקיות צליה דליקטס מיקרוגל הנמל 10 יח',הנמל,IL,שקיות לצליה דליקטס 1,Unknown,0.00,יחידה,false,,3.90,0.0000,true,1,470
7290002007487,false,צמר פלדה הנמל 100 גר,"איטיליאן פוד, אס.פי.",IL,צמר פלדה הנמל 100 גר,Unknown,0.00,יחידה,false,,2.90,0.0000,true,1,471
7290002007500,false,קיסמי שיניים במבוק בחבית 500 יח',הנמל אריזות ושיווק ב,IL,קיסמי שיניים הנמל 50,Unknown,0.00,יחידה,false,,2.70,0.0000,true,1,472
7290002007623,false,כוסות ליין 50 יחידות,"איטיליאן פוד, אס.פי.",TR,כוסיות ליין 50 יח,Unknown,0.00,יחידה,false,,3.90,0.0000,true,1,473
7290002007760,false,"פירורי לחם הנמל 1 ק""",הנמל,IL,"פירורי לחם הנמל 1 ק""",פריט,1.00,"ק""ג",false,,9.90,9.9000,true,1,18104
7290002008040,false,"שיפודים עץ 30 ס""מ הנמל 100יח'",הנמל אריזות ושיווק ב,IL,שיפודים 100 יח,Unknown,0.00,יחידה,false,,2.50,0.0000,true,1,480
7290002008071,false,עטרות חום 2 מספר הנמל,הנמל אריזות ושיווק ב,IL,עטרות חום בקופסא מס2,Unknown,0.00,יחידה,false,,3.90,0.0000,true,1,481
7290002008149,false,מדליק פחם מוצק הנמל אריזת 40יח',מ.א.יצור ויבוא מטליו,IL,מדליק פחם מוצק 40 קו,מיליליטרים,300.00,"100 מ""ל",false,,5.90,0.0197,true,1,482
7290002008156,false,עטרות חום 5 מספר הנמל,קריות זול,IL,עטרות חום בקופסא מס5,Unknown,0.00,יחידה,false,,4.90,0.0000,true,1,483
7290002008170,false,עטרות חום 3 מספר הנמל,הנמל,IL,עטרות מס 3 חום בקופס,Unknown,0.00,יחידה,false,,4.90,0.0000,true,1,484
7290002008309,false,עטרות נייר חום לעוגה מס' 4 הנמל 130יח',הנמל אריזות ושיווק ב,IL,עטרות מס 4 חום בקופס,Unknown,0.00,יחידה,false,,4.90,0.0000,true,1,485
7290002008460,false,עטרות חום 1.5 מספר הנמל,קריות זול,IL,עטרות חום מס 1.5 קופ,Unknown,0.00,יחידה,false,,3.30,0.0000,true,1,486
7290002008569,false,מלבין קפה בקופסא 200 גר',הנמל אריזות ושיווק ב,IL,מלבין קפה בקופסא,גרמים,200.00,100 גרם,false,,12.90,0.0645,true,1,3032
7290002008903,false,נייר טואלט חתוך במזודה 12 יח',הויזהו טאימי פפר,CN,נייר טואלט חתוך הנמל,Unknown,0.00,יחידה,false,,14.90,0.0000,true,1,494
7290002008989,false,קישקשים קשים לשתיה 225יח הנמל,הנמל אריזות ושיווק ב,CN,קישקשים בקופסא 225 י,Unknown,0.00,יחידה,false,,6.90,0.0000,true,1,496
7290002015444,false,זית חרוזית בני דרום,בני דרום,IL,זית חרוזית בני דרום,פריט,1.25,"ק""ג",false,,15.90,12.7200,true,1,531
7290002015451,false,זית מנזלינו בני דרום,בני דרום,IL,זית מנזלינו בני דרום,פריט,1.25,"ק""ג",false,,13.90,11.1200,true,1,532
7290002015765,false,חציל במלח בני דרום 5,בני דרום,IL,חציל במלח בני דרום 5,גרמים,560.00,100 גרם,false,,5.90,0.0105,true,1,540
7290002015833,false,זית חרוזית בני דרום,בני דרום,IL,זית חרוזית בני דרום,פריט,3.00,"ק""ג",false,,29.90,9.9667,true,1,542
7290002016472,false,מלפפון במלח צנצנת 720 גרם,בני דרום,IL,מלפפון במלח צנצנת בנ,גרמים,540.00,100 גרם,false,,7.90,0.0146,true,1,4892
7290002024002,false,"חומוס שמיר 3 ק""ג",סלטי שמיר 2006 בעמ,IL,"חומוס שמיר 3 ק""ג",פריט,3.00,"ק""ג",false,,29.90,9.9667,true,1,31132
7290002026341,false,בטטה צ'יפס רגיל אריסטו קראנץ 500 ג',האי נאם סי או אל.טי.,CA,ציפס בטטה קראנצ 500,גרמים,500.00,100 גרם,false,,15.90,0.0318,true,1,19931
7290002026358,false,צ'יפס בטטה זיגזג אריסטו 500ג',האי נאם סי או אל.טי.,CA,ציפס בטטה זיגזג קראנ,גרמים,500.00,100 גרם,false,,15.90,0.0318,true,1,19930
7290002026365,false,טבעות בצל אריסטו קראנץ 500 ג',היידי שוקולד בירונטי,IL,טבעות בצל קראנצ 500,גרמים,500.00,100 גרם,false,,8.90,0.0178,true,1,19929
7290002026402,false,בראנץ אנד קראנץ בלינצס גבינה 350 גרם,מוצרי איכות אמריקאיי,IL,בלינצס גבינה ב.קראנצ,גרמים,350.00,100 גרם,false,,9.90,0.0283,true,1,16301
7290002026440,false,פרצלס בייגלה בראנץ אנד קראנץ 280 ג',מוצרי איכות אמריקאיי,IL,פרצל ב.קראנצ 280 גרם,גרמים,280.00,100 גרם,false,,10.90,0.0389,true,1,16299
7290002026587,false,וופל בלגי פרווה בראנץ אנד קראנץ 8 יח',בראנץ' אנד קראנץ Brunch& Crunch,BE,וופל בלגי ב.קראנצ 2,גרמים,280.00,100 גרם,false,,10.90,0.0389,true,1,51055
7290002035121,false,פילה מטיאס אמיתי 300ג,אלדג,IL,מטיאס בשמן אלדג 300,גרמים,300.00,100 גרם,false,,44.90,0.1497,true,1,43090
7290002035138,false,מקרל מעושן בואקום לפי שקילה,אלדג,IL,מקרל שלם אלדג במשקל,קילוגרמים,1.00,"ק""ג",true,,119.00,119.0000,true,1,43091
7290002035145,false,מעדן לקרדה פרוס בואקום שקיל-אלדג,אלדג,IL,מקרל מעושן לקרדה אלד,קילוגרמים,1.00,"ק""ג",true,,129.00,129.0000,true,1,43092
7290002035169,false,פילה מקרל-מקרוסקה מעושנת בואקום שקיל,אלדג,IL,פילה מקרל מקרוסקה אל,קילוגרמים,1.00,"ק""ג",true,,149.00,149.0000,true,1,43093
7290002035206,false,חזרת אלדג 360 גרם,אלדג,IL,חזרת אלדג 360 גרם,גרמים,360.00,100 גרם,false,,16.90,0.0469,true,1,546
7290002035312,false,טונה מעושנת פרוס בואקום שקיל,אלדג,IL,טונה מעושנת אלדג במש,קילוגרמים,1.00,"ק""ג",true,,199.00,199.0000,true,1,43095
7290002035336,false,מטיאס הולנדי בשמן 300 גר',אלדג,IL,פילה הרינג הולנדי אל,גרמים,300.00,100 גרם,false,,24.90,0.0830,true,1,43096
7290002035343,false,הרינג כבוש אלדג 300,אלדג,IL,הרינג כבוש אלדג 300,גרמים,300.00,100 גרם,false,,24.90,0.0830,true,1,43097
7290002035770,false,מקרל בשמן אלדג 300 ג,,IL,מקרל בשמן אלדג 300 ג,גרמים,300.00,100 גרם,false,,44.90,0.1497,true,1,58724
7290002035879,false,פילה הרינג כבוש אלדג,אלדג,IL,פילה הרינג כבוש אלדג,גרמים,700.00,100 גרם,false,,44.90,0.0641,true,1,58477
7290002035886,false,מטיאס הולנדי עם בצל 300 גר',אלדג,IL,פילה הרינג עם בצל וש,גרמים,300.00,100 גרם,false,,24.90,0.0830,true,1,43100
7290002035947,false,מעדן נסיכת הנילוס מעושנת שקיל,אלדג,IL,מעדן נסיכת הנילוס מע,קילוגרמים,1.00,"ק""ג",true,,199.00,199.0000,true,1,58479
7290002037040,false,חלה קלה וודש 500 גרם,מאפית י את א ברמן בע,IL,חלה קלה ודש 500 גרם,גרמים,500.00,100 גרם,false,,14.90,0.0298,true,1,3818
7290002037125,false,חלה פרוסה וודש 500גר,מאפית י את א ברמן בע,IL,חלה פרוסה ודש 500 גר,גרמים,500.00,100 גרם,false,,8.90,0.0178,true,1,3814
7290002037309,false,לחמניות המבורגר 8יח 400גר,מאפית י את א ברמן בע,IL,לחמניות המבורגר ודש,גרמים,400.00,100 גרם,false,,11.90,0.0298,true,1,3798
7290002037637,false,חליות מתוקות מארז 4יח',מאפית י את א ברמן בע,IL,לחמניות מתוקות ודש 4,גרמים,360.00,100 גרם,false,,10.90,0.0303,true,1,3797
7290002040064,false,קוסקוס דק הנמל 350 גר',טרופיקל דגיל תעשיות,IL,קוסקוס דק מזון 350 ג,גרמים,350.00,100 גרם,false,,4.50,0.0129,true,1,549
7290002040071,false,קוסקוס עבה הנמל 350 גר',"קוסקוס מזון בע""מ",IL,קוסקוס עבה מזון 350,גרמים,350.00,100 גרם,false,,4.50,0.0129,true,1,550
7290002040088,false,קוסקוס חיטה מלאה 350 ג',"קוסקוס מזון בע""מ",IL,קוסקוס מלא מזון 350,גרמים,350.00,100 גרם,false,,6.30,0.0180,true,1,551
7290002040095,false,קוסקוס רגיל מארז 350X3ג' קוסקוס מזון,טרופיקל דגיל תעשיות,IL,מארז קוסקוס מזון 3*3,פריט,1.05,"ק""ג",false,,13.90,13.2381,true,1,3047
7290002044628,false,שומן כבש קפוא עטרה 2,,,שומן כבש קפוא עטרה 2,גרמים,200.00,100 גרם,false,,24.90,0.1245,true,1,5192
7290002065555,false,לחמניה אנג'ל ארוכה שקית 6יח,מאפיית שלמה א. אנג'ל,IL,לחמניות רגילות אנגל,גרמים,450.00,100 גרם,false,,10.90,0.0242,true,1,39044
7290002065616,false,לחם שיפון גרעינים 750 ג' אנג'ל,מאפיית שלמה א. אנג'ל,IL,לחם שיפון בתוספת גרע,גרמים,750.00,100 גרם,false,,12.90,0.0172,true,1,39023
7290002077268,false,מיני קציצות דג לבישול 500 גרם קהילות,האי נאם סי או אל.טי.,IL,מיני קציצות דג לבישו,גרמים,500.00,100 גרם,false,,18.90,0.0378,true,1,8178
7290002077725,false,סלומון נורווגי מצונן דלידג 100ג',וי קינג V King,IL,סלמון מעושן ויקינג 1,גרמים,100.00,100 גרם,false,,16.90,0.1690,true,1,7146
7290002096498,false,דובשניות חפץ 600 גרם,דובשנית,IL,דובשניות חפץ 600 גרם,גרמים,600.00,100 גרם,false,,10.70,0.0178,true,1,5129
7290002107071,false,צוריאל פטה עיזים מעודנת גביע 16% 200ג,מחלבת משק צוריאל,IL,גבינת בולגרית עיזים,גרמים,200.00,100 גרם,false,,22.90,0.1145,true,1,3531
7290002107385,false,גבינת מה עיזים בגליל צוריאל 180 ג',מחלבת משק צוריאל,IL,גבינה מה עז 20% צורי,גרמים,180.00,100 גרם,false,,19.90,0.1106,true,1,3532
7290002107491,false,גבינת עזים למריחה טבעי 5% צוריאל 250 ג',מחלבת משק צוריאל,IL,גבינת עיזים 5% למריח,גרמים,250.00,100 גרם,false,,13.90,0.0556,true,1,572
7290002107798,false,גבינה בולגרית מעודנת 5% צוריאל 250ג',מחלבת משק צוריאל,IL,גבינה בולגרית מעודנת,גרמים,250.00,100 גרם,false,,17.90,0.0716,true,1,573
7290002107965,false,טבורוג גבינה לאפייה 5% צוריאל 500 ג',מחלבת משק צוריאל,IL,גבינה טבורוג 5% צורי,גרמים,500.00,100 גרם,false,,19.90,0.0398,true,1,574
7290002109037,false,טחון עוף נתח בקר 500,טיבון ויל,IL,טחון עוף נתח בקר 500,גרמים,500.00,100 גרם,false,,8.90,0.0178,true,1,6804
7290002109051,false,בקר טחון נתח בקר 500,טיבון ויל,IL,בקר טחון נתח בקר 500,גרמים,500.00,100 גרם,false,,10.90,0.0218,true,1,6805
7290002109372,false,בורקס פילו אצבעות בולגרי 700 ג' שלושת האופים,שלושת האופים,IL,בורקס פילו גבינה בול,גרמים,700.00,100 גרם,false,,16.90,0.0241,true,1,13153
7290002111085,false,רסק עגבניות 22% 100 גר' פרי מבורך,זנלכל,IL,רוטב עגבניות מרוכז מ,גרמים,100.00,100 גרם,false,,2.20,0.0220,true,1,575
7290002111122,false,"רסק תפו""ע מתוק A2 פרי מבורך 560 גר'",זנלכל,IL,"רסק תפו""ע בתוספת סוכ",גרמים,560.00,100 גרם,false,,8.90,0.0159,true,1,576
7290002111139,false,"רסק תפו""ע לל""ס A2 פרי מבורך 550 גר'",זנלכל,IL,"רסק תפו""ע ללא תוספת",גרמים,560.00,100 גרם,false,,8.90,0.0159,true,1,577
7290002111214,false,גרעיני תירס לייט A2 פרי מבורך 550 גר',זנלכל,IL,תירס גרעינים לייט מב,גרמים,550.00,100 גרם,false,,8.90,0.0162,true,1,578
7290002111313,false,עגבניות קוביות A2.5 פרי מבורך 800ג' בדצ,זנלכל,IL,עגבניות קוביות מבורך,גרמים,800.00,100 גרם,false,,9.90,0.0124,true,1,579
7290002111337,false,רסק עגבניות 22% 260 גר' פרי מבורך,זנלכל,IL,רוטב עגבניות מרוכז מ,גרמים,240.00,100 גרם,false,,3.90,0.0162,true,1,580
7290002111474,false,אפונה גדולה A2 פרי מבורך 600ג',זנלכל,IL,אפונה גדולה מבורך 55,גרמים,550.00,100 גרם,false,,6.90,0.0125,true,1,581
7290002111511,false,"אפונה וגזר A2 פרי מבורך 550ג' בד""צ.",זנלכל,IL,אפונה וגזר מבורך 550,גרמים,550.00,100 גרם,false,,6.90,0.0125,true,1,583
7290002111634,false,חומוס פרי מבורך 550 גר A2,זנלכל,IL,חומוס שלם מבורך 550,גרמים,550.00,100 גרם,false,,5.90,0.0107,true,1,584
7290002111665,false,עגבניות תרכיז 28% A2 פרי מבורך 600ג',זנלכל,IL,רוטב עגבניות 28% מבו,גרמים,600.00,100 גרם,false,,9.90,0.0165,true,1,585
7290002111672,false,"רסק עגבניות A2 22% פרי מבורך 570ג' בד""צ",זנלכל,IL,רוטב עגבניות 22% מבו,גרמים,570.00,100 גרם,false,,7.90,0.0139,true,1,586
7290002111696,false,עגבניות מרוסקות 800 גר' פרי מבורך,זנלכל,IL,עגבניות מרוסקות מבור,גרמים,800.00,100 גרם,false,,9.90,0.0124,true,1,588
7290002111764,false,שעועית לבנה אפויה פרי מבורך 600 ג',זנלכל,IL,שעועית לבנה ברוטב מב,גרמים,560.00,100 גרם,false,,6.90,0.0123,true,1,590
7290002111818,false,גרעיני תירס מתוק ואקום פרי מבורך 400ג',זנלכל,IL,תירס גרעינים מבורך 4,גרמים,400.00,100 גרם,false,,5.90,0.0148,true,1,591
7290002111825,false,גרעיני תירס מתוק 550 גרם פרי מבורך,זנלכל,IL,תירס גרעינים מבורך 5,גרמים,550.00,100 גרם,false,,6.90,0.0125,true,1,592
7290002111948,false,שעועית ירוקה A2 פרי מבורך 600 ג',זנלכל,IL,שעועית ירוקה מבורך 5,גרמים,550.00,100 גרם,false,,9.90,0.0180,true,1,594
7290002118435,false,צמרוני ביוטי ענק הנמל 300יח',ספה,TR,צמרוני אוזניים ביוטי,Unknown,0.00,יחידה,false,,4.90,0.0000,true,1,3048
7290002129424,false,"שניצל דג מצופה דלידג, כשרות בד""ץ, 1 ק""ג",דלידג,IL,שניצל דג מצופה דלידג,פריט,1.00,"ק""ג",false,,29.90,29.9000,true,1,25576
7290002129493,false,מארז פיצה איטלקית דק,,,מארז פיצה איטלקית דק,גרמים,960.00,100 גרם,false,,29.90,0.0311,true,1,27703
7290002132011,false,עוגיות מזרחיות 400 ג' עבאדי,מאפיית יוסף ושמחה עב,IL,עוגיות מזרחיות עבאדי,גרמים,400.00,100 גרם,false,,15.90,0.0398,true,1,33568
7290002133551,false,לאבנה עם שמן זית וזע,מחלבת השומרון,IL,לאבנה עם שמן זית וזע,גרמים,500.00,100 גרם,false,,15.90,0.0318,true,1,6881
7290002133889,false,גבינה בולגרית מעודנת,מחלבת השומרון,IL,גבינה בולגרית מעודנת,גרמים,250.00,100 גרם,false,,15.90,0.0636,true,1,6874
7290002157427,false,סינטה בקר טרי עטרה,,,סינטה בקר טרי עטרה,קילוגרמים,1.00,"ק""ג",true,,79.90,79.9000,true,1,22160
7290002157694,false,כבד עוף צלוי טרי עטר,,,כבד עוף צלוי טרי עטר,גרמים,200.00,100 גרם,false,,24.90,0.1245,true,1,20170
7290002157953,false,מארז נתחי טונה בהירה בשמן קנולה - 4 יחידות,דיאמנט פוד פרודקט,TH,טונה בשמן קנולה וילי,גרמים,560.00,100 גרם,false,,19.90,0.0355,true,1,22897
7290002157960,false,טונה במים ויליגר רביעיה * 140ג',ויליגר,,טונה במים ויליגר 4*1,גרמים,560.00,100 גרם,false,,19.90,0.0355,true,1,21717
7290002206682,false,שניצל פרמיום טרי ארוז קהילות,,,שניצל עוף פרימיום טר,קילוגרמים,1.00,"ק""ג",true,,48.90,48.9000,true,1,19762
7290002206729,false,עצמות מח קפוא קהילות,,,עצמות מח קפוא קהילות,קילוגרמים,1.00,"ק""ג",true,,44.90,44.9000,true,1,13248
7290002206736,false,עצמות עגל קהילות.,,,עצמות עגל קהילות,קילוגרמים,1.00,"ק""ג",true,,29.90,29.9000,true,1,44018
7290002253006,false,דורות שום כתוש טרי 200 גרם,עיצובים 2020 (3.8),IL,שום כתוש דורות 200 ג,גרמים,200.00,100 גרם,false,,15.90,0.0795,true,1,625
7290002253013,false,שום כתוש דורות 400 ג,עיצובים 2020 (3.8),IL,שום כתוש דורות 400 ג,גרמים,400.00,100 גרם,false,,19.90,0.0497,true,1,48943
7290002253105,false,מגשית קוביות שום טרי דורות 80 ג',עיצובים 2020 (3.8),IL,שום קוביות דורות 80,גרמים,80.00,100 גרם,false,,9.90,0.1238,true,1,627
7290002253150,false,בזיליקום טרי קצוץ דורות 70 ג',עיצובים 2020 (3.8),IL,בזיליקום קצוץ דורות,גרמים,70.00,100 גרם,false,,9.50,0.1357,true,1,628
7290002253167,false,פטרוזליה קצוצה דורות 70 גר',עיצובים 2020 (3.8),IL,פטרוזיליה קצוצה דורו,גרמים,70.00,100 גרם,false,,9.50,0.1357,true,1,629
7290002253181,false,כוסברה טריה קצוצה 70 ג' דורות,עיצובים 2020 (3.8),IL,כוסברה קצוצה דורות 7,גרמים,70.00,100 גרם,false,,9.50,0.1357,true,1,631
7290002253198,false,ג'ינג'ר טרי כתוש במגשית 70 ג' דורות,עיצובים 2020 (3.8),IL,גינגר כתוש דורות 70,גרמים,70.00,100 גרם,false,,9.50,0.1357,true,1,632
7290002253235,false,רוטב פסטו דורות 160 ג',עיצובים 2020 (3.8),IL,רוטב פסטו דורות 160,גרמים,160.00,100 גרם,false,,10.90,0.0681,true,1,48128
7290002255031,false,סיגרים במילוי בשר חט,חטיפי אלקיים בעמ,IL,סיגרים במילוי בשר אל,גרמים,800.00,100 גרם,false,,21.90,0.0274,true,1,4240
7290002255055,false,פלאפל חטיפי אלקיים 7,חטיפי אלקיים בעמ,IL,פלאפל אלקיים 700 גרם,גרמים,700.00,100 גרם,false,,13.90,0.0199,true,1,4248
7290002255086,false,קובה ביתי במילוי בשר,חטיפי אלקיים בעמ,IL,קובה ביתית אלקיים 70,גרמים,700.00,100 גרם,false,,21.90,0.0313,true,1,4245
7290002255116,false,קרפלך במילוי בשר חטי,חטיפי אלקיים בעמ,IL,קרפלך בשר אלקיים 800,גרמים,800.00,100 גרם,false,,21.90,0.0274,true,1,4251
7290002255284,false,"קובה חמוסטה בד""צ חטי",חטיפי אלקיים בעמ,IL,קובה חמוסטה אלקיים 8,גרמים,800.00,100 גרם,false,,21.90,0.0274,true,1,4247
7290002255475,false,פסטלים בשר אלקיים 80,חטיפי אלקיים בעמ,IL,פסטלים בשר אלקיים 80,גרמים,800.00,100 גרם,false,,21.90,0.0274,true,1,4242
7290002281405,false,סלט סלמון מעושן וילי,ויליגר,IL,סלט סלמון מעושן וילי,גרמים,320.00,100 גרם,false,,9.90,0.0309,true,1,47497
7290002281429,false,סטייק טונה אדומה דלי,בון צון פישארי,VN,סטייק טונה אדומה דלי,קילוגרמים,1.00,"ק""ג",true,,59.90,59.9000,true,1,43274
7290002281436,false,סטייק דג טונה בהירה קפוא ללא עור,דלידג,IL,סטייק טונה בהירה דלי,קילוגרמים,1.00,"ק""ג",true,,44.90,44.9000,true,1,44381
7290002281443,false,סטייק דג טונה קפוא עור,בון צון פישארי,VN,סטייק טונה דלידג,קילוגרמים,1.00,"ק""ג",true,,39.90,39.9000,true,1,43275
7290002281474,false,מארז פיצה דקה טעם מה,שלושת האופים,IL,מארז פיצה דקה טעם מה,פריט,2.00,"ק""ג",false,,39.90,19.9500,true,1,45679
7290002281498,false,גבינה צהובה מגורדת על בסיס חלב 500 ג' ריץ,האי נאם סי או אל.טי.,PL,צהובה מגורדת ריצ 500,גרמים,500.00,100 גרם,false,,17.90,0.0358,true,1,43314
7290002285069,false,קבב חריף אש עטרה 500,,,קבב חריף אש עטרה 500,גרמים,500.00,100 גרם,false,,14.90,0.0298,true,1,4079
7290002285816,false,שניצל פרימיום טרי עט,,,שניצל עוף פרימיום טר,קילוגרמים,1.00,"ק""ג",true,,44.90,44.9000,true,1,19763
7290002285830,false,פילה עוף טרי ארוז עטרה,,,פילה עוף טרי עטרה,קילוגרמים,1.00,"ק""ג",true,,38.90,38.9000,true,1,6503
7290002292142,false,קבב אנגוס עטרה 700 גר',טיבון ויל,IL,קבב אנגוס עטרה 700 ג,גרמים,700.00,100 גרם,false,,29.90,0.0427,true,1,60469
7290002292159,false,בורגר אנגוס עטרה 700 גר',טיבון ויל,IL,המבורגר אנגוס עטרה 7,גרמים,700.00,100 גרם,false,,29.90,0.0427,true,1,60470
7290002292166,false,קבבוני טלה עטרה 700 גר',טיבון ויל,IL,קבבוני טלה עטרה 700,גרמים,700.00,100 גרם,false,,29.90,0.0427,true,1,60471
7290002292173,false,שיפודי קבב עטרה 700 גר',טיבון ויל,IL,שיפודי קבב עטרה 700,גרמים,700.00,100 גרם,false,,29.90,0.0427,true,1,60472
7290002292203,false,פילה עוף פרימיום טרי,,,פילה עוף פרימיום טר,קילוגרמים,1.00,"ק""ג",true,,44.90,44.9000,true,1,60479
7290002292210,false,שניצל פרימיום טרי מה,,,שניצל פרימיום טרי מה,קילוגרמים,1.00,"ק""ג",true,,49.90,49.9000,true,1,60480
7290002292227,false,כנפיים עוף פרימיום ח,,,כנפיים עוף פרימיום ח,קילוגרמים,1.00,"ק""ג",true,,17.90,17.9000,true,1,60481
7290002292234,false,שוקיים עוף פרימיום ב,,,שוקיים עוף פרימיום ב,קילוגרמים,1.00,"ק""ג",true,,39.90,39.9000,true,1,60482
7290002292265,false,"פרגית לתנור ע""ע טרי",,,"פרגית לתנור ע""ע טרי",קילוגרמים,1.00,"ק""ג",true,,59.90,59.9000,true,1,60613
7290002292289,false,"פרגית לתנור ע""ע טרי",,,"פרגית לתנור ע""ע טרי",קילוגרמים,1.00,"ק""ג",true,,48.90,48.9000,true,1,61299
7290002292548,false,כבד עוף צלוי טרי לנד,,,כבד עוף צלוי טרי לנד,גרמים,200.00,100 גרם,false,,29.90,0.1495,true,1,61572
7290002292982,false,מרגז אמיתי עטרה 700,טיבון ויל,IL,מרגז אמיתי עטרה 700,גרמים,700.00,100 גרם,false,,29.90,0.0427,true,1,63697
7290002292999,false,נקניקיות פיקנטיות 400 גר' קהילות,,,נקניקיות עוף פיקנטיו,גרמים,400.00,100 גרם,false,,11.90,0.0298,true,1,63522
7290002296003,false,"נקניקיות קראנץ 1 ק""ג עטרה",עטרה,IL,נקניקיות עוף קראנץ',פריט,1.00,"ק""ג",false,,23.90,23.9000,true,1,63780
7290002296034,false,פילה עוף טרי עוף הכפ,,,פילה עוף טרי עוף הכפ,קילוגרמים,1.00,"ק""ג",true,,38.90,38.9000,true,1,63222
7290002296447,false,פרגית עוף דק דק משק,,,פרגית עוף דק דק משק,קילוגרמים,1.00,"ק""ג",true,,49.90,49.9000,true,1,65539
7290002319405,false,תבלין קינמון בקופסא 80 גר' מיה,מיה תעשיות מזון בעמ,IL,קינמון מיה 80 גרם,גרמים,80.00,100 גרם,false,,5.80,0.0725,true,1,657
7290002319412,false,תבלין פפריקה חריפה 80 גר' מיה,מיה תעשיות מזון בעמ,IL,פפריקה חריפה מיה 80,גרמים,80.00,100 גרם,false,,5.80,0.0725,true,1,658
7290002319429,false,תבלין פפריקה מתוקה 80 גר' מיה,מיה תעשיות מזון בעמ,IL,פפריקה מתוקה מיה 80,גרמים,80.00,100 גרם,false,,5.80,0.0725,true,1,659
7290002319436,false,תבלין פלפל שחור צנצנת 70גר` מיה,מיה תעשיות מזון בעמ,IL,פלפל שחור מיה 70 גרם,גרמים,70.00,100 גרם,false,,8.90,0.1271,true,1,660
7290002319443,false,תבלין כמון 80 גר' מיה,מיה תעשיות מזון בעמ,IL,כמון מיה 80 גרם,גרמים,80.00,100 גרם,false,,5.80,0.0725,true,1,661
7290002319450,false,תבלין כרכום צנצנת 80 גר' מיה,מיה תעשיות מזון בעמ,IL,כורכום מיה 80 גרם,גרמים,80.00,100 גרם,false,,5.80,0.0725,true,1,662
7290002319467,false,תבלין אורגנו 35 ג' מיה,מיה תעשיות מזון בעמ,IL,אורגנו מיה 35 גרם,גרמים,35.00,100 גרם,false,,5.80,0.1657,true,1,663
7290002319474,false,תבלין אבקת שום מיכל 80 ג' מיה,מיה תעשיות מזון בעמ,IL,אבקת שום מיה 80 גרם,גרמים,80.00,100 גרם,false,,7.90,0.0988,true,1,664
7290002319580,false,מלח לימון 150גרם צנצנת,מיה תעשיות מזון בעמ,IL,מלח לימון מיה 100 גר,גרמים,100.00,100 גרם,false,,5.80,0.0580,true,1,665
7290002319597,false,תבלין כוסברה ירוקה בשקית 80 גר' מיה,מיה תעשיות מזון בעמ,IL,כוסברה מיה 80 גרם,גרמים,80.00,100 גרם,false,,5.80,0.0725,true,1,666
7290002319641,false,תבלין גריל עוף צנצנת 80 גר' מיה,מיה תעשיות מזון בעמ,IL,גריל עוף מיה 80 גרם,גרמים,80.00,100 גרם,false,,5.80,0.0725,true,1,671
7290002319658,false,תבלין לסטייק 80גרם צנצנת,מיה תעשיות מזון בעמ,IL,תבלין לסטייק מיה 80,גרמים,80.00,100 גרם,false,,5.80,0.0725,true,1,672
7290002319689,false,סודה לשתייה בקופסא 150 גר' מיה,מיה תעשיות מזון בעמ,IL,סודה לשתיה מיה 150 ג,גרמים,150.00,100 גרם,false,,5.80,0.0387,true,1,673
7290002319702,false,תבלין ציפורן שלם 40 גר' מיה,מיה תעשיות מזון בעמ,IL,ציפורן שלם מיה 40 גר,גרמים,40.00,100 גרם,false,,8.90,0.2225,true,1,675
7290002319801,false,תבלין שבבי בצל 50 גר' מיה,מיה תעשיות מזון בעמ,IL,שבבי בצל מיה 50 גרם,גרמים,50.00,100 גרם,false,,5.80,0.1160,true,1,680
7290002327042,false,"בורקס תפו""א 800 גר' שלושת האופים קהילות",שלושת האופים,IL,בורקס תפוא ש.האופים,גרמים,800.00,100 גרם,false,,16.90,0.0211,true,1,697
7290002327059,false,"בצק עלים 1 ק""ג שלושת האופים קהילות",שלושת האופים,IL,בצק עלים ש.האופים 1,פריט,1.00,"ק""ג",false,,16.90,16.9000,true,1,698
7290002327066,false,קונכיות למילוי 625 ג' שלושת האופים,שלושת האופים,IL,קונכיות בצק למילוי ש,גרמים,625.00,100 גרם,false,,16.90,0.0270,true,1,699
7290002327073,false,בורקס גבינה 800 גר' שלושת האופים קהילות,שלושת האופים,IL,בורקס גבינה ש.האופים,גרמים,800.00,100 גרם,false,,16.90,0.0211,true,1,700
7290002331360,false,"נביעות מים מינרליים טו גו מארז 500X6מ""ל",קריות זול,IL,מים נביעות טו גו 6*5,קילוגרמים,3.00,ליטר,false,,14.70,4.9000,true,1,20454
7290002345299,false,פילה סלמון טרי דלידג,,,פילה סלמון טרי דלידג,קילוגרמים,1.00,"ק""ג",true,,89.90,89.9000,true,1,31966
7290002360124,false,חליטת תה ורד הבר פומפדור 20 שקיקים,TEEKANNE- POMPADOU,DE,חליטת צמחים פומפדור,גרמים,70.00,100 גרם,false,,11.90,0.1700,true,1,10911
7290002360155,false,חליטת תה פרחי שומר פומפדור 20 שקיקים,קריות זול,DE,חליטת צמחים פומפדור,גרמים,40.00,100 גרם,false,,11.90,0.2975,true,1,10915
7290002360278,false,חליטת תה מנטה פומפדור 20 שקיקים,"איטיליאן פוד, אס.פי.",DE,חליטת צמחים פומפדור,גרמים,45.00,100 גרם,false,,11.90,0.2644,true,1,10912
7290002360285,false,תה פומפדור חליטת צמחים קמומיל 20 שק,TEEKANNE- POMPADOU,DE,חליטת צמחים פומפדור,גרמים,30.00,100 גרם,false,,11.90,0.3967,true,1,10914
7290002371540,false,דקניקים קורנדביף 120 ג' טירת צבי,הנסיך- מפעל לייצור ט,IL,קורנדביף טירת צבי 12,גרמים,120.00,100 גרם,false,,12.90,0.1075,true,1,13172
7290002381808,false,נר נשמה בפח 24 שעות,,CN,נר נשמה בפח 24 שעות,Unknown,0.00,יחידה,false,,1.20,0.0000,true,1,3078
7290002385738,false,גבינת מנצ'גו משולשים,מחלבות גד,IL,גבינה מנצגו גד במשקל,קילוגרמים,1.00,"ק""ג",true,,99.00,99.0000,true,1,6930
7290002385745,false,גבינת פקורינו משולשי,מחלבות גד,IL,גבינה פקורינו גד במש,קילוגרמים,1.00,"ק""ג",true,,99.00,99.0000,true,1,6931
7290002386834,false,קהילות נקניקיות עוף קפואות 400גר,,,נקניקיות עוף קפוא קה,גרמים,400.00,100 גרם,false,,11.90,0.0298,true,1,5543
7290002386872,false,רולדה הודו ארוז קהילות,,,רולדה חזה הודו קהילו,קילוגרמים,1.00,"ק""ג",true,,44.90,44.9000,true,1,9061
7290002405757,false,פת בוקר חיטה מלאה 1,מצות כרמל,IL,פת בוקר חיטה מלאה 1,פריט,1.00,"ק""ג",false,,19.90,19.9000,true,1,5067
7290002505013,false,כרעיים עוף קפוא קהיל,קהילות,IL,כרעיים עוף קפוא קהיל,קילוגרמים,1.00,"ק""ג",true,,37.90,37.9000,true,1,5145
7290002505020,false,שוקיים עוף קפוא קהילות,קהילות,IL,שוקיים עוף קפוא קהיל,קילוגרמים,1.00,"ק""ג",true,,39.90,39.9000,true,1,5146
7290002505037,false,ירכיים עוף קפוא קהילות,,,ירכיים עוף קפוא קהיל,קילוגרמים,1.00,"ק""ג",true,,37.90,37.9000,true,1,5147
7290002505044,false,חזה עוף קפוא קהילות,קהילות,IL,חזה עוף קפוא קהילות,קילוגרמים,1.00,"ק""ג",true,,41.90,41.9000,true,1,5148
7290002505051,false,כנפיים עוף קפוא קהילות.,קהילות,IL,כנפיים עוף קפוא קהיל,קילוגרמים,1.00,"ק""ג",true,,18.50,18.5000,true,1,5149
7290002505068,false,שניצל עוף פרוס קהילות מח,,,שניצל עוף קפוא קהילו,קילוגרמים,1.00,"ק""ג",true,,43.50,43.5000,true,1,5150
7290002505198,false,פרגיות עוף קפוא קהיל,,,פרגיות עוף קפוא קהיל,קילוגרמים,1.00,"ק""ג",true,,69.90,69.9000,true,1,5154
7290002505297,false,עוף מס 2 קפוא קהילות,קהילות,IL,עוף מס 2 קפוא קהילות,קילוגרמים,1.00,"ק""ג",true,,25.90,25.9000,true,1,5143
7290002505471,false,חזה עוף טרי ארוז קהילות,,,חזה עוף טרי קהילות,קילוגרמים,1.00,"ק""ג",true,,39.90,39.9000,true,1,5178
7290002505600,false,גרונות הודו קפוא קהי,,,גרונות הודו קפוא קהי,קילוגרמים,1.00,"ק""ג",true,,34.90,34.9000,true,1,5157
7290002505624,false,שוקיים הודו קפוא קהי,,,שוקיים הודו קפוא קהי,קילוגרמים,1.00,"ק""ג",true,,24.90,24.9000,true,1,5159
7290002507451,false,קציצות דג סלמון דלידג 750 גר',דלידג,IL,קציצות דג סלמון לביש,גרמים,750.00,100 גרם,false,,24.90,0.0332,true,1,28515
7290002512004,false,מלוואח צנעני 900 גרם,צנעני,IL,מלוואח צנעני 900 גרם,גרמים,900.00,100 גרם,false,,19.90,0.0221,true,1,6371
7290002512011,false,צנעני גחנון 900 גרם,צנעני,IL,גחנון צנעני 900 גרם,גרמים,900.00,100 גרם,false,,19.90,0.0221,true,1,6372
7290002512257,false,מלווח מופחת שמן צנענ,צנעני,IL,מלוואח מופחת שומן רו,גרמים,700.00,100 גרם,false,,16.90,0.0241,true,1,63056
7290002512264,false,ג'חנון מופחת שומן רו,צנעני,IL,ג'חנון מופחת שומן רו,גרמים,700.00,100 גרם,false,,16.90,0.0241,true,1,63057
7290002512509,false,מלוואח אלפא 700 גרם,,,מלוואח אלפא 700 גרם,גרמים,700.00,100 גרם,false,,5.90,0.0084,true,1,25825
7290002512547,false,בצק עלים אלפא 750 גר,צנעני,IL,בצק עלים אלפא 750 גר,גרמים,750.00,100 גרם,false,,5.90,0.0079,true,1,55018
7290002512554,false,גחנון אלפא 700 גרם,,,גחנון אלפא 700 גרם,גרמים,700.00,100 גרם,false,,5.90,0.0084,true,1,25826
7290002538110,false,קרמבו 32 יח',,,קרמבו 32 יח',Unknown,0.00,יחידה,false,,26.90,0.0000,true,1,58890
7290002538899,false,קרמבו 12 יח',,,קרמבו 12 יח',גרמים,300.00,100 גרם,false,,7.90,0.0263,true,1,30143
7290002542780,false,"שישיית בירה סטלה ארטואה 330 מ""ל*6",סטלה ארטואה Stella Artois,BE,מארז בירה סטלה 5% 6*,קילוגרמים,1.98,ליטר,false,,34.90,17.6263,true,1,59182
7290002542841,false,שישיית בירה לף בלונד,לף Leffe,BE,מארז בירה לף בלונד 6,קילוגרמים,1.98,ליטר,false,,49.90,25.2020,true,1,54768
7290002542865,false,שישיית בירה הוגרדן 6,הוגרדן,BE,מארז בירה הוגרדן 4.9,קילוגרמים,1.98,ליטר,false,,49.90,25.2020,true,1,54769
7290002543237,false,קלוגס קורנפלקס 750גר,קלוגס קומפני אוף גרי,DE,קורנפלקס קלוגס 750 ג,גרמים,750.00,100 גרם,false,,13.90,0.0185,true,1,6651
7290002552260,false,"קרחון טעם משמש לל""ס ריאו מארז 90X8ג'","גלידות ריאו ביח""ר לג",IL,קרחוני לייט בטעמי פי,גרמים,720.00,100 גרם,false,,14.50,0.0201,true,1,776
7290002552345,false,מאגדת שלגונים גלי גל פרווה 8 יח' ריאו,"גלידות ריאו ביח""ר לג",IL,שלגוני גלי גל 8 יח',גרמים,600.00,100 גרם,false,,12.90,0.0215,true,1,777
7290002552499,false,מאגדת שלגוני שרבט פרווה תות מנגו 8 יח' ריאו,"גלידות ריאו ביח""ר לג",IL,קרחוני ריאו פרי מנגו,גרמים,720.00,100 גרם,false,,14.50,0.0201,true,1,779
7290002552772,false,מאגדת ארטיק קרח 10 יח' ריאו,"גלידות ריאו ביח""ר לג",IL,קרחוני ריאו בטעמים 1,גרמים,820.00,100 גרם,false,,9.90,0.0121,true,1,780
7290002603474,false,פיצת השף רוטב פטריות,סוילה אס.אר.אל,IT,פיצת השף רוטב פטריות,גרמים,200.00,100 גרם,false,,14.90,0.0745,true,1,33795
7290002603481,false,פיצת השף מאיטליה CHEF שגב פסטו ועגבניות 200 גרם,האי נאם סי או אל.טי.,IT,פיצת השף פסטו ועגבני,גרמים,200.00,100 גרם,false,,14.90,0.0745,true,1,33797
7290002603498,false,פיצת השף שגב אנטיפסט,האי נאם סי או אל.טי.,IT,פיצת השף אנטיפסטי שג,גרמים,200.00,100 גרם,false,,14.90,0.0745,true,1,33798
7290002603504,false,פיצת השף מאיטליה CHEF שגב עגבניות ובצל סגול 200 גרם,סוילה אס.אר.אל,IT,פיצת השף עגבניות שרי,גרמים,200.00,100 גרם,false,,14.90,0.0745,true,1,33796
7290002603634,false,"פיצה משולש תפזורת בד""צ 80ג'",שמגור בעמ,IL,משולש פיצה מרגריטה ש,גרמים,80.00,100 גרם,false,,2.80,0.0350,true,1,31246
7290002657866,false,פילה אמנון דלידג העד,גואנדונג יוג'יה סיפו,IL,פילה אמנון דלידג העד,קילוגרמים,1.00,"ק""ג",true,,24.90,24.9000,true,1,4631
7290002661115,false,לחם שיפון הולנדי 1.2 מהדרין,מאפית י את א ברמן בע,IL,"לחם הולנדי ברמן 1 ק""",פריט,1.00,"ק""ג",false,,15.90,15.9000,true,1,3781
7290002661153,false,"לחם דני קל ברמן 1 ק""",מאפית י את א ברמן בע,IL,"לחם דני קל ברמן 1 ק""",פריט,1.00,"ק""ג",false,,15.90,15.9000,true,1,3815
7290002661214,false,ברמן לחם גליל קל מהדרין 750 גרם,מאפית י את א ברמן בע,IL,לחם קל גלילי ברמן 75,גרמים,750.00,100 גרם,false,,11.90,0.0159,true,1,5605
7290002661856,false,מיני קרוטונים מתובלים למרק וסלט 350 גר',מאפית י את א ברמן בע,IL,מיני קרוטונים למרק/ס,גרמים,350.00,100 גרם,false,,14.90,0.0426,true,1,48337
7290002661863,false,קרוטונים מתובלים למרק 350 גר'.,מאפית י את א ברמן בע,IL,קרוטונים למרק ברמן 3,גרמים,350.00,100 גרם,false,,14.90,0.0426,true,1,48338
7290002661900,false,לחמניה שמיניה שומשום/פרג 6 יח' 720 גר',מאפית י את א ברמן בע,IL,מארז 6 לחמניות 720 ג,גרמים,720.00,100 גרם,false,,10.90,0.0151,true,1,37159
7290002661948,false,לחמניות כפריות ארוכות 720 גר',מאפית י את א ברמן בע,IL,מארז 6 לחמניות כפריו,גרמים,720.00,100 גרם,false,,10.90,0.0151,true,1,38689
7290002692768,false,"תרסיס קנולה מופחת קלוריות 200 מ""ל עץ הזית",טרנסומס פוד איי בי,IT,תרסיס שמן קנולה עץ ה,מיליליטרים,200.00,"100 מ""ל",false,,14.90,0.0745,true,1,22042
7290002692782,false,"תרסיס מופחת קלוריות זית 200 מ""ל עץ הזית",י.ב טכנולוגיות אריזה,IL,תרסיס שמן זית כתית ע,מיליליטרים,150.00,"100 מ""ל",false,,14.90,0.0993,true,1,22043
7290002715504,false,כוס בטעם עוף מג'יק 70 ג',טאט הוי פוד בעמ,SG,ארוחת נודלס בטעם עוף,גרמים,70.00,100 גרם,false,,4.50,0.0643,true,1,30935
7290002715511,false,מג'יק טעם בשר בכוס 70 ג',טאט הוי פוד בעמ,SG,ארוחת נודלס בטעם בשר,גרמים,70.00,100 גרם,false,,4.50,0.0643,true,1,30936
7290002715528,false,כוס בטעם ירקות מג'יק 70 ג',טאט הוי פוד בעמ,SG,ארוחת נודלס ירקות מג,גרמים,70.00,100 גרם,false,,4.50,0.0643,true,1,30937
7290002715580,false,מג'יק טעם סיני בכוס 70 ג',טאט הוי פוד בעמ,SG,ארוחת נודלס סיני מגי,גרמים,70.00,100 גרם,false,,4.50,0.0643,true,1,30938
7290002716280,false,שבבי תפוא דרומה 500,דרומה י.א.ט בעמ,IL,שבבי תפוא דרומה 500,גרמים,500.00,100 גרם,false,,11.90,0.0238,true,1,811
7290002716402,false,אגוז מלך טבעי דרומה,דרומה י.א.ט בעמ,IL,אגוז מלך טבעי דרומה,גרמים,400.00,100 גרם,false,,29.90,0.0747,true,1,814
7290002730811,false,"קולגייט משחת שיניים ג'ל משפחתי 100מ""ל",הנסיך- מפעל לייצור ט,PL,משחת קולגייט טריפל ג,גרמים,100.00,100 גרם,false,,11.90,0.1190,true,1,6633
7290002730958,false,פלמוליב סבון מוצק? ירוק זית רביעייה * 100 ג',הנסיך- מפעל לייצור ט,TR,סבון מוצק פלמוליב יר,גרמים,360.00,100 גרם,false,,16.50,0.0458,true,1,17739
7290002739159,false,רולדה בקר קהילות,,,רולדה בקר קהילות,קילוגרמים,1.00,"ק""ג",true,,59.90,59.9000,true,1,5855
7290002739685,false,נקניקיות מרגז 400 ג' עטרה,עטרה,IL,נקניקיות מרגז קפוא ע,גרמים,400.00,100 גרם,false,,19.90,0.0497,true,1,22116
7290002739692,false,נקניקיות צ'וריסוס 500 ג' מוכן עטרה,עטרה,IL,נקניקיות צוריסוס קפו,גרמים,500.00,100 גרם,false,,24.90,0.0498,true,1,22117
7290002753223,false,רביעייה סוכריות תפוז 4*16 ג' טיק טק,קריות זול,ZA,סוכריות טיק טק תפוז,גרמים,64.00,100 גרם,false,,9.90,0.1547,true,1,18611
7290002757139,false,מלוואח 700 גר' שלושת האופים קהילות,שלושת האופים,IL,מלוואח ש.האופים 700,גרמים,700.00,100 גרם,false,,13.90,0.0199,true,1,4237
7290002757146,false,"קובה חמוסטה למרק שלושת האופים 1ק""ג",שלושת האופים,IL,קובה חמוסטה ש.האופים,פריט,1.00,"ק""ג",false,,18.90,18.9000,true,1,3425
7290002757511,false,דלידג קציצות דג לבישול 750 גר קהילות,האי נאם סי או אל.טי.,IL,קציצות דג לבישול דלי,גרמים,750.00,100 גרם,false,,24.90,0.0332,true,1,3936
7290002757535,false,בורקס פילו אצבעות גבינה 700 ג' שלושת האופים,שלושת האופים,IL,בורקס פילו אצבעות גב,גרמים,700.00,100 גרם,false,,16.90,0.0241,true,1,3934
7290002768036,false,"מי פה תיאדנט ענק מונע עששת 150מ""ל",אמיליה קוסמטיקס,IL,"מי פה תיאדנט 150 מ""ל",מיליליטרים,150.00,"100 מ""ל",false,,14.70,0.0980,true,1,836
7290002768043,false,"תיאדנט מי-פה ענק פלאוריד 150 מ""ל",טרופיקל דגיל תעשיות,IL,מי פה תיאדנט פלואורי,מיליליטרים,150.00,"100 מ""ל",false,,14.70,0.0980,true,1,837
7290002780007,false,מלפפון במלח 30-36 בנ,בני דרום,IL,מלפפון במלח 30-36 בנ,פריט,3.00,"ק""ג",false,,17.90,5.9667,true,1,839
7290002780045,false,מלפפון בחומץ 30-36 ב,בני דרום,IL,מלפפון בחומץ 30-36 ב,פריט,3.00,"ק""ג",false,,17.90,5.9667,true,1,840
7290002780571,false,"מלפפון במלח15-20 1.25 ק""ג",בני דרום,IL,מלפפון במלח 15-20 בנ,פריט,1.25,"ק""ג",false,,11.90,9.5200,true,1,842
7290002780588,false,זית חרוזית מושחר בני,בני דרום,IL,זית חרוזית מושחר בני,גרמים,560.00,100 גרם,false,,7.90,0.0141,true,1,843
7290002780601,false,מלפפון בחומץ 15-20 ב,בני דרום,IL,מלפפון בחומץ 15-20 ב,פריט,1.25,"ק""ג",false,,11.90,9.5200,true,1,844
7290002781691,false,ממרח שוקולד 400 גר מיטב בדץ,מיטב,IL,ממרח קקאו בטעם שוקול,גרמים,400.00,100 גרם,false,,4.90,0.0123,true,1,6604
7290002804758,false,כרעיים עוף קפוא דליק,,,כרעיים עוף קפוא דליק,קילוגרמים,1.00,"ק""ג",true,,29.90,29.9000,true,1,9063
7290002804772,false,כנפיים עוף קפוא דליק,,,כנפיים עוף קפוא דליק,קילוגרמים,1.00,"ק""ג",true,,12.90,12.9000,true,1,9065
7290002804796,false,שוקיים עוף קפוא דליק,,,שוקיים עוף קפוא דליק,קילוגרמים,1.00,"ק""ג",true,,32.90,32.9000,true,1,9067
7290002804802,false,ירכיים עוף קפוא דליק,,,ירכיים עוף קפוא דליק,קילוגרמים,1.00,"ק""ג",true,,29.90,29.9000,true,1,9068
7290002804819,false,שניצל עוף קפוא דליקט,,,שניצל עוף קפוא דליקט,קילוגרמים,1.00,"ק""ג",true,,35.90,35.9000,true,1,9069
7290002814016,false,"מסיר שומנים קר מתז סנט מוריץ 750מ""ל",קומפלקס כימיקלים,IL,תרסיס סנט מוריץ מסיר,מיליליטרים,750.00,"100 מ""ל",false,,10.90,0.0145,true,1,3928
7290002814603,false,"סנט מוריץ - מרסס מסיר שומנים קר מבושם לימון 750 מ""ל",אלמוג דיל בעמ,IL,תרסיס סנט מוריץ מסיר,מיליליטרים,750.00,"100 מ""ל",false,,9.90,0.0132,true,1,32586
7290002814870,false,"סנט מוריץ - מרסס מסיר שומנים קר מבושם לוונדר\פרחים 750 מ""ל",,,תרסיס סנט מוריץ מסיר,מיליליטרים,750.00,"100 מ""ל",false,,9.90,0.0132,true,1,50294
7290002824183,false,גבינה לבנה 5% שומן 500 ג' שטראוס,מיוצר עי קונדיטוריית,IL,גבינה 5% סקי 500 גרם,גרמים,500.00,100 גרם,false,,9.30,0.0186,true,1,848
7290002824466,false,דנונה יוגורט ביו 0% 200מל,"שטראוס בריאות בע""מ",IL,יוגורט ביו דנונה 0%,גרמים,200.00,100 גרם,false,,3.40,0.0170,true,1,16722
7290002824640,false,גבינה שטראוס 5% 250 ג',מיוצר עי קונדיטוריית,IL,גבינה 5% סקי 250 גרם,גרמים,250.00,100 גרם,false,,4.90,0.0196,true,1,849
7290002825722,false,סלט כרוב אדום אחלה 5,מיוצר עי קונדיטוריית,IL,כרוב אדום אחלה 500 ג,גרמים,500.00,100 גרם,false,,12.90,0.0258,true,1,3408
7290002868996,false,קוטג' 5% מועשר טרה 250ג' מהדרין,קריות זול,IL,קוטג 5% טרה 250 גרם,גרמים,250.00,100 גרם,false,,5.70,0.0228,true,1,867
7290002871248,false,"בירה טובורג רד חוזר 500 מ""ל",מבשלות בירה בינלאומי,IL,בירה טובורג רד ב.חוז,מיליליטרים,500.00,"100 מ""ל",false,,7.90,0.0158,true,1,8263
7290002871361,false,"קרלסברג בירה בק.חוזר 500 מ""ל",מבשלות בירה בינלאומי,IL,בירה קרלסברג ב.חוזר,מיליליטרים,500.00,"100 מ""ל",false,,7.90,0.0158,true,1,8262
7290002904694,false,"טיטניום דאודורנט ספריי לגברים 150 מ""ל",אמיליה קוסמטיקס בעמ,IL,דאו ספריי טיטניום 18,מיליליטרים,180.00,"100 מ""ל",false,,14.90,0.0828,true,1,915
7290002920311,false,גבינה קממבר צאן גד ב,מחלבות גד,IL,גבינה קממבר צאן גד ב,קילוגרמים,1.00,"ק""ג",true,,99.00,99.0000,true,1,7306
7290002922797,false,חזה הודו טרי ארוז עטרה,עטרה,,חזה הודו טרי עטרה,קילוגרמים,1.00,"ק""ג",true,,32.90,32.9000,true,1,3588
7290002922865,false,קבב מזרחי טאק טורו 5,,,קבב מזרחי טאק טורו 5,גרמים,500.00,100 גרם,false,,14.90,0.0298,true,1,3672
7290002922872,false,המבורגר טאק טורו 500,,,המבורגר טאק טורו 500,גרמים,500.00,100 גרם,false,,14.90,0.0298,true,1,3671
7290002922964,false,קוקטייל עוף טרי קהיל,,,קוקטייל עוף טרי קהיל,קילוגרמים,1.00,"ק""ג",true,,37.90,37.9000,true,1,19761
7290002929512,false,כדורי פלאפל ש. האופי,האי נאם סי או אל.טי.,IL,כדורי פלאפל ש. האופי,גרמים,500.00,100 גרם,false,,7.90,0.0158,true,1,52514
7290002929536,false,קובה למרק ש. האופים,האי נאם סי או אל.טי.,IL,קובה למרק ש. האופים,גרמים,600.00,100 גרם,false,,7.90,0.0132,true,1,52515
7290002929642,false,טונה וילגר בשמן רביעיה * 140 ג',דיאמנט פוד פרודקט קו,TH,טונה בשמן ויליגר 4*1,גרמים,560.00,100 גרם,false,,19.90,0.0355,true,1,13251
7290002929734,false,"גפילטעפיש קציצות מדגי קרפיון וכסיף 560 גר' העד""ח",דלידג,,גפילטע פיש דלידג 7 מ,גרמים,560.00,100 גרם,false,,8.90,0.0159,true,1,13303
7290002930235,false,בשר בקר לחמין עטרה,,,בשר לחמין עטרה,קילוגרמים,1.00,"ק""ג",true,,45.90,45.9000,true,1,15384
7290002939139,false,כנפיים הודו טרי עטרה,עטרה,IL,כנפיים הודו טרי עטרה,קילוגרמים,1.00,"ק""ג",true,,19.90,19.9000,true,1,940
7290002939153,false,שווארמה הודו טרי עטר,עטרה,IL,שווארמה הודו טרי עטר,קילוגרמים,1.00,"ק""ג",true,,74.90,74.9000,true,1,942
7290002939160,false,בשר אדום טרי ארוז עטרה,עטרה,IL,בשר אדום טרי עטרה,קילוגרמים,1.00,"ק""ג",true,,44.90,44.9000,true,1,943
7290002939498,false,שריר מספר 8 קפוא צרכני עטרה,עטרה,IL,בשר מס 8 שריר קפוא ע,קילוגרמים,1.00,"ק""ג",true,,53.90,53.9000,true,1,949
7290002939511,false,רגל בקר קפוא עטרה,עטרה,IL,רגל בקר קפוא עטרה,קילוגרמים,1.00,"ק""ג",true,,39.90,39.9000,true,1,4041
7290002939535,false,בשר ראש קפוא עטרה,,,בשר ראש קפוא עטרה,קילוגרמים,1.00,"ק""ג",true,,79.90,79.9000,true,1,952
7290002939542,false,לשון בקר קפוא עטרה,עטרה,IL,לשון בקר קפוא עטרה,קילוגרמים,1.00,"ק""ג",true,,39.90,39.9000,true,1,953
7290003011087,false,"אורז בסמטי 1 ק""ג אלפנט",,IN,אורז בסמטי אלפנט 1 ק,פריט,1.00,"ק""ג",false,,7.90,7.9000,true,1,14185
7290003015627,false,ריצפז פרש 2 ליטר אפרסק מרכז,"סנו מפעלי ברונוס בע""",IL,ריצפז פרש אפרסק 2 לי,קילוגרמים,2.00,ליטר,false,,16.90,8.4500,true,1,1001
7290003029181,false,משקה יטבתה שוקו' בקבוק 1ל מהדרין,מחלבת יטבתה,IL,משקה שוקו יטבתה 1 לי,קילוגרמים,1.00,ליטר,false,,9.90,9.9000,true,1,1007
7290003029372,false,משקה חלב בננה בקבוק 1ל' יוטבתה,מחלבת יטבתה,IL,משקה בננה יטבתה 1 לי,קילוגרמים,1.00,ליטר,false,,9.90,9.9000,true,1,7270
7290003029389,false,"משקה חלב בננה פקק ספורט 250 מ""ל יוטבתה",מחלבת יטבתה,IL,משקה בננה בקבוק יטבת,גרמים,250.00,100 גרם,false,,5.20,0.0208,true,1,47628
7290003029433,false,"משקה יטבתה שוקו פקק 250 מ""ל מהדרין",מחלבת יטבתה,IL,משקה שוקו בקבוק יטבת,גרמים,250.00,100 גרם,false,,5.20,0.0208,true,1,47627
7290003029532,false,מוקה בקבוק 1 ל' יוטבתה,מחלבת יטבתה,IL,משקה מוקה יטבתה 1 לי,קילוגרמים,1.00,ליטר,false,,9.90,9.9000,true,1,7271
7290003029792,false,"משקה יטבתה שוקו שקיות מהדרין מארז 225X8מ""ל",שטראוס גרופ,IL,מארז שוקו שקית יטבתה,קילוגרמים,1.80,ליטר,false,,18.90,10.5000,true,1,5134
7290003029815,false,חלב יוטבתה מועשר 3% בכד 2ל',מחלבת יטבתה,IL,חלב מועשר 3% יטבתה 2,קילוגרמים,2.00,ליטר,false,,13.90,6.9500,true,1,3413
7290003029907,false,משקה יטבתה אייס קפה 1ליטר,מחלבת יטבתה,IL,משקה אייס קפה יטבתה,קילוגרמים,1.00,ליטר,false,,9.90,9.9000,true,1,7269
7290003031689,false,מארז פסטרמה סלמי/כפר,טירת צבי,IL,מארז פסטרמה סלמי/כפר,פריט,1.00,"ק""ג",false,,29.90,29.9000,true,1,55001
7290003031702,false,"נקניקיות הודו מחפוד וואקום 1 ק""ג טירת צבי",טירת צבי,IL,נקניקיות הודו חלק טי,פריט,1.00,"ק""ג",false,,24.90,24.9000,true,1,1008
7290003031733,false,טירת צבי פסטרמה על גחלים קופ. מחפוד 400ג,טירת צבי,IL,פסטרמה גחלים טירת צב,גרמים,400.00,100 גרם,false,,24.90,0.0622,true,1,1010
7290003031740,false,טירתצבי פסטרמה בדבש קופ. מחפוד 400ג,טירת צבי,IL,פסטרמה בדבש טירת צבי,גרמים,400.00,100 גרם,false,,24.90,0.0622,true,1,1011
7290003031757,false,פסטרמה הודו בפפריקה טירת צבי 400 ג' מחפוד,טירת צבי,IL,פסטרמה הודו פפריקה ט,גרמים,400.00,100 גרם,false,,24.90,0.0622,true,1,1012
7290003031788,false,צמד כפרי סלמי+פסטרמה טירת צבי 400X2ג' מחפוד,טירת צבי,IL,מארז פסטרמה הודו+סלמ,גרמים,800.00,100 גרם,false,,24.90,0.0311,true,1,1014
7290003031849,false,"פסטרמה כפרית דבש וברביקיו צמד ט.צבי 300X2ג' בד""ץ",טירת צבי,IL,מארז פסטרמה כפרית דב,גרמים,600.00,100 גרם,false,,24.90,0.0415,true,1,18766
7290003054657,false,חרדל דיזון אקסטרה פורטה 370 גרם,מרום את קונפינו,FR,חרדל דיזון אקסטרא פו,גרמים,370.00,100 גרם,false,,9.90,0.0268,true,1,4340
7290003060009,false,קמח בהיר טחנות ישראל,טחנות ישראליות,IL,קמח בהיר טחנות ישראל,פריט,1.00,"ק""ג",false,,3.90,3.9000,true,1,3626
7290003060023,false,"סולת חיטה 1 ק""ג אריזות ירושלים",טחנות ישראליות,IL,סולת טחנות ישראליות,פריט,1.00,"ק""ג",false,,4.90,4.9000,true,1,3627
7290003069682,false,בצק פילאס תורכי 3האופים 500 ג',שלושת האופים,IL,בצק פילאס תורכי ש.הא,גרמים,500.00,100 גרם,false,,16.90,0.0338,true,1,7250
7290003069705,false,"פיצה אישית גבינה דק 80 ג' תפזורת בד""צ",שלושת האופים,IL,פיצה מרגריטה ש.האופי,גרמים,80.00,100 גרם,false,,2.80,0.0350,true,1,5565
7290003072521,false,פסטרמה כתף בקר מעושנת 300 גר',טירת צבי,IL,פסטרמה כתף בקר מעושנ,גרמים,300.00,100 גרם,false,,24.90,0.0830,true,1,47287
7290003078042,false,פרג אריסה חריפה 50ג,תבליני הדור השלישי,IL,אריסה פרג 250 גרם,גרמים,250.00,100 גרם,false,,14.90,0.0596,true,1,1024
7290003078066,false,שום כתוש פרג 250 גרם,תבליני הדור השלישי ב,IL,שום כתוש פרג 250 גרם,גרמים,250.00,100 גרם,false,,14.90,0.0596,true,1,1026
7290003078073,false,תיבול לשניצל קלאסי שקית 400גר,תבליני הדור השלישי,IL,תיבול לשניצל פרג 400,גרמים,400.00,100 גרם,false,,12.90,0.0323,true,1,1027
7290003078516,false,פלפל צומה פרג 250 גר,תבליני הדור השלישי,IL,פלפל צומה פרג 250 גר,גרמים,250.00,100 גרם,false,,14.90,0.0596,true,1,1029
7290003078554,false,תיבול לשניצל מקסיקני שקית 400 גר,תבליני הדור השלישי,IL,תיבול לשניצל מקסיקני,גרמים,400.00,100 גרם,false,,12.90,0.0323,true,1,1030
7290003078561,false,תיבול לשניצל אמריקאי שקית 400גר,תבליני הדור השלישי,IL,תיבול לשניצל אמריקאי,גרמים,400.00,100 גרם,false,,12.90,0.0323,true,1,1031
7290003078639,false,פפריקה מתוקה בשמן פר,תבליני הדור השלישי,IL,פפריקה מתוקה בשמן פר,גרמים,500.00,100 גרם,false,,34.90,0.0698,true,1,1033
7290003078684,false,פלפל שחור פרג 400 גר,תבליני הדור השלישי,IL,פלפל שחור פרג 400 גר,גרמים,400.00,100 גרם,false,,39.90,0.0997,true,1,38082
7290003078721,false,פרג סחוג תימני אדום 250גר,תבליני הדור השלישי,IL,סחוג פרג 250 גרם,גרמים,250.00,100 גרם,false,,14.90,0.0596,true,1,1034
7290003078738,false,לימון בלאדי פרג 250,תבליני הדור השלישי,IL,לימון בלאדי פרג 250,גרמים,250.00,100 גרם,false,,14.90,0.0596,true,1,2982
7290003087945,false,חטיף בוטנים בולי בודד 80 גרם,א מ חטיפי העמק בעמ,IL,בולי 80 גרם,גרמים,80.00,100 גרם,false,,2.90,0.0362,true,1,3871
7290003107353,false,שטיבל משפר אפייה ביתי 3 * 10 גרם,ט.ק דגן טכנולוגיות ב,IL,משפר אפיה שטיבל 30 ג,גרמים,30.00,100 גרם,false,,5.90,0.1967,true,1,6141
7290003119509,false,פקדון בקבוק בירה ריק,,,פקדון בקבוק בירה ריק,Unknown,0.00,יחידה,false,,1.20,0.0000,true,1,8261
7290003126712,false,יוגורט עיזים בגביע 3% צוריאל 150 ג',מחלבת משק צוריאל,IL,יוגורט עיזים צוריאל,מיליליטרים,150.00,"100 מ""ל",false,,5.90,0.0393,true,1,3533
7290003126958,false,טופו גבינה גוש בואקום צוריאל 300 ג',א.י.ן תעשיות מזון בע,IL,טופו גולמי צוריאל 30,גרמים,300.00,100 גרם,false,,11.90,0.0397,true,1,1054
7290003203086,false,גרונות הודיות-במגש-קפוא,מ ב גלאט עוף למהדרין,IL,גרונות הודיות קפוא ג,קילוגרמים,1.00,"ק""ג",true,,33.90,33.9000,true,1,1071
7290003203369,false,שוקיים עוף-(ב)-במגש-קפוא,גלאט עוף,IL,שוקיים עוף קפוא גלאט,קילוגרמים,1.00,"ק""ג",true,,34.90,34.9000,true,1,23009
7290003203581,false,פלאנקן בקר לחמין-במגש-קפוא,ביראניצקי,PL,בשר מס 9 פלאנקען לחמ,קילוגרמים,1.00,"ק""ג",true,,89.90,89.9000,true,1,63283
7290003222070,false,פיתה עבודת יד 13 יח,מאפיית המכבים,IL,פיתות המכבים 13 יח,פריט,1.36,"ק""ג",false,,9.90,7.2794,true,1,24561
7290003222094,false,מארז פיתות ביס עבודת,מאפיית טעמי הכפר,IL,פיתות ביס המכבים 11,גרמים,550.00,100 גרם,false,,8.90,0.0162,true,1,12990
7290003222780,false,פיתות קמח מלא המכבים,מאפיית המכבים,IL,פיתות קמח מלא המכבים,גרמים,500.00,100 גרם,false,,4.90,0.0098,true,1,1078
7290003222797,false,פיתות כוסמין המכבים,מאפיית המכבים,IL,פיתות כוסמין המכבים,גרמים,500.00,100 גרם,false,,12.90,0.0258,true,1,27744
7290003318100,false,וופל בטעם שוקולד מנעמים 200 ג',מנעמים תעשיות מזון,IL,ופל שוקולד מנעמים 20,גרמים,200.00,100 גרם,false,,2.90,0.0145,true,1,4759
7290003318131,false,ופל קלאסיק אגוז 200 גרם מנעמים,מנעמים תעשיות מזון,IL,ופל אגוז מנעמים 200,גרמים,200.00,100 גרם,false,,2.90,0.0145,true,1,4762
7290003318155,false,וופל טעם לימון מנעמים 200 ג',מנעמים תעשיות מזון,IL,ופל לימון מנעמים 200,גרמים,200.00,100 גרם,false,,2.90,0.0145,true,1,4760
7290003318162,false,ופל מצופה בריידמן 80,מנעמים תעשיות מזון,IL,ופל מצופה בריידמן 80,גרמים,800.00,100 גרם,false,,13.90,0.0174,true,1,44615
7290003318599,false,וופל וניל 200 גרם מנעמים,מנעמים תעשיות מזון,IL,ופל וניל מנעמים 200,גרמים,200.00,100 גרם,false,,2.90,0.0145,true,1,4761
7290003321292,false,גבינה לבנה 9% שומן 250 ג' שטראוס,מיוצר עי קונדיטוריית,IL,גבינה 9% סקי 250 גרם,גרמים,250.00,100 גרם,false,,4.90,0.0196,true,1,3420
7290003384549,false,אוסובוקו עגל חלב טרי,,,אוסובוקו עגל חלב טרי,קילוגרמים,1.00,"ק""ג",true,,79.90,79.9000,true,1,56753
7290003387373,false,ספיד סטיק קלאסיק בסיסי שחור סטיק,הנסיך- מפעל לייצור ט,US,דאו ספיד סטיק קלאסיק,גרמים,70.00,100 גרם,false,,18.90,0.2700,true,1,9570
7290003387410,false,בלונס פדים להסרת איפור שלישיה,SEPTONA S.A.,GR,פדים להסרת איפור בלו,Unknown,0.00,יחידה,false,,19.90,0.0000,true,1,19777
7290003411054,false,שקיות צליה גדול דליקטס רוסטי הנמל 5יח`,סאדאת איסטנבול,TR,שקיות לצליה רוסטי ענ,Unknown,0.00,יחידה,false,,3.90,0.0000,true,1,1126
7290003411726,false,קיסמי שיניים מלחיה הנמל 300יח',הנמל אריזות ושיווק ב,IL,קיסמי שיניים מלחיה ה,Unknown,0.00,יחידה,false,,3.50,0.0000,true,1,1135
7290003411948,false,צמר גפן הנמל 100 גרם,ספה,TR,צמר גפן הנמל 100 גרם,Unknown,0.00,יחידה,false,,3.90,0.0000,true,1,1141
7290003411993,false,גפרורים הנמל 10 יחיד,"איטיליאן פוד, אס.פי.",SE,גפרורים 10 יח,Unknown,0.00,יחידה,false,,2.80,0.0000,true,1,1142
7290003424092,false,סטייק סלמון נורבגי ק,"צירינה צח סרוסי בע""מ",NO,סטייק סלמון נורבגי ק,קילוגרמים,1.00,"ק""ג",true,,39.90,39.9000,true,1,59371
7290003424245,false,מרלוזה צ'ירינה קפוא,,AR,מרלוזה צ'ירינה קפוא,קילוגרמים,1.00,"ק""ג",true,,27.90,27.9000,true,1,63324
7290003424986,false,מנות נסיכת הילוס פרי,,AR,מנות נסיכת הילוס פרי,קילוגרמים,1.00,"ק""ג",true,,49.90,49.9000,true,1,63325
7290003427154,false,"שמן זית כתית מעולה זיתא 750 מ""ל",זיתא – י.ט.ב תעשיות,IL,שמן זית כתית פיית מז,מיליליטרים,750.00,"100 מ""ל",false,,27.90,0.0372,true,1,9995
7290003450602,false,חרדל אמיתי צהוב בקבוק לחיץ 255 גר,היינץ צפון אמריקה -,US,ממרח חרדל לחיץ היינץ,גרמים,255.00,100 גרם,false,,7.50,0.0294,true,1,16725
7290003521197,false,"ד""ר פישר - סרקל תרסיס מתיר קשרים 340 מ""ל",פישר מעבדות פרמצבטיו,IL,סרקל תרסיס מתיר קשרי,מיליליטרים,340.00,"100 מ""ל",false,,22.90,0.0674,true,1,1174
7290003521340,false,קמיל בלו אל סבון 2 ל',פישר מעבדות פרמצבטיו,IL,"אל סבון קמיל בלו ד""ר",קילוגרמים,2.00,ליטר,false,,35.90,17.9500,true,1,1177
7290003521395,false,קמיל בלו אל סבון ורוד 2 ל',פישר מעבדות פרמצבטיו,IL,אל סבון קמיל בלו סנס,קילוגרמים,2.00,ליטר,false,,35.90,17.9500,true,1,1178
7290003521463,false,קמיל בלו שמפו שיער אל דמע 2 ליטר,פישר מעבדות פרמצבטיו,IL,שמפו אלדמע קמיל בלו,קילוגרמים,2.00,ליטר,false,,35.90,17.9500,true,1,1179
7290003550753,false,טונה פוסידון בשמן רביעיה *108 ג',"מיוצר עי וליגר בעמ,",IL,טונה בשמן פוסידון 4,גרמים,432.00,100 גרם,false,,19.90,0.0461,true,1,1185
7290003578313,false,דובדבנים חמוצים ללא חרצנים 680גר,דל מונטה היילס אס.אי,HU,דובדבנים חמוצים מגול,גרמים,680.00,100 גרם,false,,8.90,0.0131,true,1,1192
7290003578672,false,שמן חמניות שארית ישר,וילי פוד,TR,שמן חמניות וילי פוד,קילוגרמים,1.00,ליטר,false,,8.90,8.9000,true,1,38101
7290003643004,false,"אורז בסמטי קלאסי 1 ק""ג סוגת",האי נאם סי או אל.טי.,IL,"אורז בסמטי סוגת 1 ק""",פריט,1.00,"ק""ג",false,,12.90,12.9000,true,1,1198
7290003643646,false,"סוכר דמררה קלאסי בצנצנת סוגת 1 ק""ג",האי נאם סי או אל.טי.,IL,"סוכר דמררה סוגת 1 ק""",פריט,1.00,"ק""ג",false,,10.90,10.9000,true,1,1200
7290003648849,false,מקרל בשמן שמיר 750 ג,סלטי שמיר 2006 בעמ,IL,מקרל בשמן שמיר 750 ג,גרמים,550.00,100 גרם,false,,39.90,0.0725,true,1,4929
7290003681228,false,תבלין עלי דפנה 10 גר' מיה,מיה תעשיות מזון בעמ,IL,עלי דפנה מיה 10 גרם,גרמים,10.00,100 גרם,false,,5.80,0.5800,true,1,1218
7290003681723,false,תבלין לפיצה 80גרם צנצנת,מיה תעשיות מזון בעמ,IL,תבלין לפיצה מיה 80 ג,גרמים,80.00,100 גרם,false,,5.80,0.0725,true,1,1232
7290003681747,false,תבלין גריל בשר בשקית 80 גר' מיה,מיה תעשיות מזון בעמ,IL,תבלין גריל בשר מיה 8,גרמים,80.00,100 גרם,false,,5.80,0.0725,true,1,1234
7290003681754,false,אבקת קארי 80גרם צנצנת,מיה תעשיות מזון בעמ,IL,תבלין קארי מיה 80 גר,גרמים,80.00,100 גרם,false,,5.80,0.0725,true,1,1235
7290003681761,false,תבלין גבישי שום 80 גר' מיה,מיה תעשיות מזון בעמ,IL,גבישי שום מיה 80 גרם,גרמים,100.00,100 גרם,false,,7.90,0.0790,true,1,1236
7290003726141,false,טופו טבעי 300 גרם רובין,ג'נרל מילס סאן אדריא,IL,טופו גולמי גאיה 300,גרמים,300.00,100 גרם,false,,10.90,0.0363,true,1,3774
7290003726592,false,טופו מתובל בפסטו במרקם קלאסי,משק וואיילר,IL,טופו מתובל בפסטו משק,מיליליטרים,300.00,"100 מ""ל",false,,10.90,0.0363,true,1,60957
7290003726615,false,טופו הבית משק ויילר,הדקלאים אגודת שיתופי,IL,טופו הבית משק ויילר,מיליליטרים,300.00,"100 מ""ל",false,,9.50,0.0317,true,1,60958
7290003726684,false,טופו חומוס בטעם טבעי 300 ג' משק ויילר,הנסיך- מפעל לייצור ט,IL,טופו חומוס בטעם טבעי,מיליליטרים,300.00,"100 מ""ל",false,,12.90,0.0430,true,1,60959
7290003751105,false,כרעיים עוף-במגש-קפוא,מ ב גלאט עוף למהדרין,IL,כרעיים עוף קפוא גלאט,קילוגרמים,1.00,"ק""ג",true,,39.90,39.9000,true,1,1245
7290003751136,false,כנפיים עוף-במגש-קפוא,מ ב גלאט עוף למהדרין,IL,כנפיים עוף קפוא גלאט,קילוגרמים,1.00,"ק""ג",true,,14.90,14.9000,true,1,1246
7290003751143,false,גרונות עוף-במגש-קפוא,גלאט עוף,IL,גרונות עוף קפוא גלאט,קילוגרמים,1.00,"ק""ג",true,,8.90,8.9000,true,1,1247
7290003751174,false,גולש בקר-קמעונאי-קפוא,מ ב גלאט עוף למהדרין,IL,גולש עגל גלאט עוף,קילוגרמים,1.00,"ק""ג",true,,79.90,79.9000,true,1,1249
7290003751235,false,רולדה בקר-קמעונאי-קפוא,גלאט עוף,IL,רולדה עגל גלאט עוף,קילוגרמים,1.00,"ק""ג",true,,79.90,79.9000,true,1,17742
7290003751457,false,כנפיים הודיות קפוא ג,מ ב גלאט עוף למהדרין,IL,כנפיים הודיות קפוא ג,קילוגרמים,1.00,"ק""ג",true,,19.90,19.9000,true,1,1254
7290003751501,false,הודו אדום-מעובד-בשקית,מ ב גלאט עוף למהדרין,IL,הודו אדום קפוא גלאט,קילוגרמים,1.00,"ק""ג",true,,49.90,49.9000,true,1,1255
7290003751839,false,עצמות עוף-במגש-קפוא,גלאט עוף,IL,עצמות עוף קפוא גלאט,קילוגרמים,1.00,"ק""ג",true,,6.90,6.9000,true,1,20636
7290003751990,false,עוף מס 3 קפוא גלאט ע,גלאט עוף,IL,עוף מס 3 קפוא גלאט ע,קילוגרמים,1.00,"ק""ג",true,,28.90,28.9000,true,1,1262
7290003779499,false,גינגר ארוז 200 גרם,"מרינה פטריות הגליל בע""מ",IL,גינגר ארוז 200 גרם,גרמים,200.00,100 גרם,false,,8.90,0.0445,true,1,15404
7290003989096,false,סלט חציל פיקנטי אחלה,מיוצר עי קונדיטוריית,IL,חציל פיקנטי אחלה 500,גרמים,500.00,100 גרם,false,,14.90,0.0298,true,1,3403
7290003989539,false,לורנצו רביולי במילוי גבינה,מיוצר עי קונדיטוריית,IL,רביולי גבינה קלאסי ש,גרמים,400.00,100 גרם,false,,16.70,0.0417,true,1,1287
7290003989553,false,"פסטה טורטליני פטריות, 400 גרם",מיוצר עי קונדיטוריית,IL,טורטליני פטריות שטרא,גרמים,400.00,100 גרם,false,,16.70,0.0417,true,1,1288
7290003996018,false,חסה ערבית למהדרין,יעל ירק עלים,IL,חסה ערבית גלאט,Unknown,0.00,יחידה,false,,7.90,0.0000,true,1,1289
7290003996049,false,פטרוזיליה טרי ארוז חסלט,יעל ירק עלים,IL,פטרוזיליה מהדרין,Unknown,0.00,יחידה,false,,6.90,0.0000,true,1,1290
7290003996056,false,כוסברה חסלט אפרתי,יעל ירק עלים,IL,כוסברה מהדרין,Unknown,0.00,יחידה,false,,6.90,0.0000,true,1,1291
7290003996063,false,שמיר חסלט שקית,יעל ירק עלים,IL,שמיר מהדרין,Unknown,0.00,יחידה,false,,6.90,0.0000,true,1,1292
7290003996087,false,בצל ירוק חסלט (שקית),יעל ירק עלים,IL,בצל ירוק גלאט,Unknown,0.00,יחידה,false,,7.90,0.0000,true,1,1294
7290003996094,false,סלרי חסלט אפרתי,יעל ירק עלים,IL,סלרי מהדרין,Unknown,0.00,יחידה,false,,7.90,0.0000,true,1,2861
7290003996117,false,כרוב לבן שלם אפרתי חסלט,יעל ירק עלים,IL,כרוב לבן חסלט,קילוגרמים,1.00,"ק""ג",true,,14.90,14.9000,true,1,1295
7290003996124,false,כרוב אדום שלם חסלט-אפרתי,יעל ירק עלים,IL,כרוב אדום חסלט,קילוגרמים,1.00,"ק""ג",true,,15.60,15.6000,true,1,1296
7290003996186,false,בזילקום למהדרין,יעל ירק עלים,IL,בזיליקום חסלט,Unknown,0.00,יחידה,false,,7.90,0.0000,true,1,1298
7290003996506,false,כרוב לבן קצוץ חסלט 400ג',יעל ירק עלים,IL,כרוב לבן 400 גרם,גרמים,400.00,100 גרם,false,,11.90,0.0298,true,1,1301
7290003996513,false,כרוב אדום 400 גרם אפרתי,יעל ירק עלים,IL,כרוב אדום 400 גרם,גרמים,400.00,100 גרם,false,,11.90,0.0298,true,1,1302
7290003996544,false,חסה אייסברג חתוכה 300 גרם,יעל ירק עלים,IL,חסה קצוצה 300 גרם,גרמים,310.00,100 גרם,false,,12.90,0.0416,true,1,1304
7290003996551,false,סלט קולסלאו 400 גרם אפרתי,יעל ירק עלים,IL,סלט קולסלאו 400 גרם,גרמים,400.00,100 גרם,false,,11.90,0.0298,true,1,1305
7290003996605,false,לקט ירקות ים תיכוני 350 גרם,יעל ירק עלים,IL,לקט ים תיכוני 350 גר,גרמים,350.00,100 גרם,false,,12.90,0.0369,true,1,1306
7290003996971,false,"חסלט כרוב לבן קצוץ 1 ק""ג-אפרתי",יעל ירק עלים,IL,"כרוב לבן קצוץ 1 ק""ג",פריט,1.00,"ק""ג",false,,19.90,19.9000,true,1,1310
7290003996995,false,"סלט קולסלאו 1 ק""ג",יעל ירק עלים,IL,"סלט קולסלאו 1 ק""ג",פריט,1.00,"ק""ג",false,,19.90,19.9000,true,1,1312
7290004011260,false,קפה עם תחליף חלב על,ריץ,IL,ריצ קפה ריץ 425 מל,מיליליטרים,427.00,"100 מ""ל",false,,8.90,0.0208,true,1,4626
7290004011277,false,"ריצ' לבישול והקרמה 220 מ""ל","אינסטנטה בע""מ",IL,בסיס לבישול והקרמה 1,מיליליטרים,220.00,"100 מ""ל",false,,8.90,0.0405,true,1,4627
7290004011284,false,ריצ בסיס להכנת קצפת 25% 212מל,ריצ' פרודקטס קורפריי,IL,בסיס להכנת קצפת 25%,מיליליטרים,212.00,"100 מ""ל",false,,8.90,0.0420,true,1,4624
7290004011345,false,"קצפת ריצ` פרווה במיכל 250 מ""ל",האי נאם סי או אל.טי.,IT,תרסיס קצפת צמחית ריץ,מיליליטרים,250.00,"100 מ""ל",false,,8.90,0.0356,true,1,6462
7290004023041,false,"לחם שיפון ללא שמרים ד""ר מרק 750 גר'",המאפה של דר מרק בריא,IL,לחם מחמצת שיפון דר מ,גרמים,750.00,100 גרם,false,,13.90,0.0185,true,1,20667
7290004030612,false,פרי ניב מיץ קיוי אגס ללא תוספת סוכר 1ל,פריניב בעמ,IL,מיץ תפוח קיווי ואגס,קילוגרמים,1.00,ליטר,false,,13.90,13.9000,true,1,12435
7290004033705,false,הבורגריה – 6 לחמניות המבורגר בשקית,מאפית י את א ברמן בע,IL,לחמניות המבורגר הבור,גרמים,600.00,100 גרם,false,,12.90,0.0215,true,1,57554
7290004033712,false,לחם עננים מקמח מלא עם פרוסות עבות,מאפית י את א ברמן בע,IL,לחם עננים קמח חיטה מ,גרמים,750.00,100 גרם,false,,15.50,0.0207,true,1,57556
7290004033729,false,לחם עננים מקמח כוסמין עם פרוסות עבות,מאפית י את א ברמן בע,IL,לחם עננים מקמח כוסמי,גרמים,750.00,100 גרם,false,,16.50,0.0220,true,1,57555
7290004033736,false,"עננים לחם לבן בסגנון בריוש עם פרוסות עבות, 500 גרם",מאפית י את א ברמן בע,IL,לחם עננים לבן בסגנון,גרמים,500.00,100 גרם,false,,13.90,0.0278,true,1,60768
7290004033750,false,לחמניות עננים מתוקות,מאפית י את א ברמן בע,IL,לחמניות עננים מתוקות,גרמים,360.00,100 גרם,false,,13.90,0.0386,true,1,65167
7290004048679,false,"קובה למרק שלושת האופים 1 ק""ג",שלושת האופים,IL,קובה למרק ש.האופים 1,פריט,1.00,"ק""ג",false,,18.90,18.9000,true,1,1322
7290004063016,false,מלח שולחן מעולה דק 1,האי נאם סי או אל.טי.,IL,"מלח שולחן 1 ק""ג בד""צ",פריט,1.00,"ק""ג",false,,1.70,1.7000,true,1,1323
7290004063115,false,"מלח מטבח עבה להמלחת בשר ובישול 1 ק""ג 1ק""ג",האי נאם סי או אל.טי.,IL,"מלח בישול 1 ק""ג בד""צ",פריט,1.00,"ק""ג",false,,1.70,1.7000,true,1,1324
7290004064174,false,"תבלין מלח ההימלאיה דק בצנצנת 1 ק""ג",מלח הארץ,IL,"מלח דק הימלאיה 1 ק""ג",פריט,1.00,"ק""ג",false,,14.90,14.9000,true,1,44738
7290004064181,false,"תבלין מלח ההימלאיה גס בצנצנת 1 ק""ג",חברת מלח הארץ אילת ב,IL,"מלח גס הימלאיה 1 ק""ג",פריט,1.00,"ק""ג",false,,14.90,14.9000,true,1,44739
7290004064280,false,מלח מופחת נתרן צנצנת 600 גרם,חברת מלח הארץ אילת ב,IL,מלח מופחת נתרן 600 ג,גרמים,600.00,100 גרם,false,,15.90,0.0265,true,1,46081
7290004064297,false,"מלח מועשר ביוד בצנצנת 1 ק""ג",מלח הארץ,IL,מלח ים מועשר ביוד 1,פריט,1.00,"ק""ג",false,,8.90,8.9000,true,1,46082
7290004064303,false,מלח אטלנטי צנצנת 800 גר',מולינו ניקולי s.p.a,IL,מלח ים אטלנטי 800 גר,גרמים,800.00,100 גרם,false,,17.90,0.0224,true,1,46083
7290004068172,false,יוגורט עזים בדלי 5% שומן 600 ג' גד,קוד יצרן MKN,IL,יוגורט עיזים ביו גד,גרמים,600.00,100 גרם,false,,17.90,0.0298,true,1,9269
7290004068196,false,מוצרלה מגורדת מיוחדת,מחלבות גד,IL,גבינה מוצרלה לפיצה 2,גרמים,500.00,100 גרם,false,,27.90,0.0558,true,1,9185
7290004068332,false,גבינת קממבר בקר משול,מחלבות גד,IL,גבינה קממבר גד במשקל,קילוגרמים,1.00,"ק""ג",true,,99.00,99.0000,true,1,12275
7290004078942,false,ליידי ספיד סטיק - דאודורנט ג'ל לאישה 65 גרם,קולגייט פלמוליב,US,דאו גל ליידי ספיד סט,גרמים,65.00,100 גרם,false,,18.90,0.2908,true,1,21533
7290004091217,false,"גודרס להברקת כלי כסף 125מ""ל",אס סי גונסון פורטוגל,PT,מבריק גודרס לכלי כסף,גרמים,125.00,100 גרם,false,,14.90,0.1192,true,1,1327
7290004091255,false,"ואזלין פטרוליום ג'ל 225מ""ל","יוניליוור ארה""ב, ג'ו",IL,וזלין פטרולאום גלי 2,גרמים,212.00,100 גרם,false,,16.90,0.0797,true,1,1328
7290004093006,false,עוף שלם טרי עוף הכפר,,,עוף שלם טרי עוף הכפר,קילוגרמים,1.00,"ק""ג",true,,14.90,14.9000,true,1,25846
7290004093013,false,כרעיים עוף טרי עוף ה,,,כרעיים עוף טרי עוף ה,קילוגרמים,1.00,"ק""ג",true,,16.90,16.9000,true,1,25847
7290004093020,false,חזה עוף טרי עוף הכפר,,,חזה עוף טרי עוף הכפר,קילוגרמים,1.00,"ק""ג",true,,19.90,19.9000,true,1,25849
7290004093037,false,כנפיים עוף הכפר טרי ארוז,,,כנפיים עוף טרי עוף ה,קילוגרמים,1.00,"ק""ג",true,,9.90,9.9000,true,1,25850
7290004093044,false,שוקיים עוף טרי עוף ה,,,שוקיים עוף טרי עוף ה,קילוגרמים,1.00,"ק""ג",true,,22.90,22.9000,true,1,25851
7290004093051,false,ירכיים עוף טרי עוף ה,,,ירכיים עוף טרי עוף ה,קילוגרמים,1.00,"ק""ג",true,,16.90,16.9000,true,1,25848
7290004093068,false,שניצל עוף טרי עוף הכ,,,שניצל עוף טרי עוף הכ,קילוגרמים,1.00,"ק""ג",true,,31.90,31.9000,true,1,25852
7290004093082,false,כבד עוף טרי עוף הכפר,,,כבד עוף טרי עוף הכפר,קילוגרמים,1.00,"ק""ג",true,,15.90,15.9000,true,1,25854
7290004093112,false,כרעיים עוף קפוא עוף,,,כרעיים עוף קפוא עוף,קילוגרמים,1.00,"ק""ג",true,,23.90,23.9000,true,1,27574
7290004093129,false,חזה עוף קפוא עוף הכפ,,,חזה עוף קפוא עוף הכפ,קילוגרמים,1.00,"ק""ג",true,,25.90,25.9000,true,1,27575
7290004093136,false,כנפיים עוף קפוא עוף,,,כנפיים עוף קפוא עוף,קילוגרמים,1.00,"ק""ג",true,,7.90,7.9000,true,1,27576
7290004093150,false,ירכיים עוף קפוא עוף,,,ירכיים עוף קפוא עוף,קילוגרמים,1.00,"ק""ג",true,,23.90,23.9000,true,1,27578
7290004093167,false,שניצל עוף קפוא עוף ה,,,שניצל עוף קפוא עוף ה,קילוגרמים,1.00,"ק""ג",true,,27.90,27.9000,true,1,27579
7290004093181,false,סטייק פרגית עוף קפוא,,,סטייק פרגית עוף קפוא,קילוגרמים,1.00,"ק""ג",true,,52.90,52.9000,true,1,27581
7290004093198,false,סטייק פרגית עוף טרי,,,סטייק פרגית עוף טרי,קילוגרמים,1.00,"ק""ג",true,,49.90,49.9000,true,1,25915
7290004093211,false,כבד עוף קפוא עוף הכפ,,,כבד עוף קפוא עוף הכפ,קילוגרמים,1.00,"ק""ג",true,,16.90,16.9000,true,1,48627
7290004093501,false,פילה עוף טרי דליקטס,,,פילה עוף טרי דליקטס,קילוגרמים,1.00,"ק""ג",true,,36.90,36.9000,true,1,45660
7290004119133,false,כד יוגורט תנובה 6.5% שומן 1.5 ליטר,מיוצר עי קונדיטוריית,IL,משקה יוגורט 6.5% תנו,קילוגרמים,1.50,ליטר,false,,15.90,10.6000,true,1,18854
7290004119225,false,יוגורט אננס 3% שומן 150 ג' יופלה,תנובה מרכז שיתופי לש,IL,"יופלה אננס 3% 150 מ""",מיליליטרים,150.00,"100 מ""ל",false,,4.70,0.0313,true,1,38475
7290004119973,false,מעדן שוקו 1.5% שומן 125 ג' קרלו,תנובה מרכז שיתופי לש,IL,קרלו שוקולדה 125 גרם,מיליליטרים,125.00,"100 מ""ל",false,,2.80,0.0224,true,1,1331
7290004120061,false,קרלו שוקולד וניל 125,תנובה מרכז שיתופי לש,IL,קרלו שוקולד וניל 125,מיליליטרים,125.00,"100 מ""ל",false,,2.90,0.0232,true,1,1332
7290004120108,false,יופלה דיאט יוגורט דובדבן %0 גביע 150ג',תנובה מרכז שיתופי לש,IL,יופלה דיאט 0% דובדבן,גרמים,150.00,100 גרם,false,,4.70,0.0313,true,1,38476
7290004120573,false,גבינה בולגרית %16 250 ג' פיראוס,תנובה מרכז שיתופי לש,IL,גבינה בולגרית 16% פי,גרמים,250.00,100 גרם,false,,17.50,0.0700,true,1,1334
7290004120634,false,גבינה בולגרית %5 250 ג' פיראוס,תנובה מרכז שיתופי לש,IL,גבינה בולגרית 5% פיר,גרמים,250.00,100 גרם,false,,17.50,0.0700,true,1,1335
7290004121525,false,יופלה מאגדת פרי 4 תות 4 אפרסק 3% 8 יח'*150 ג',תנובה מרכז שיתופי לש,IL,מארז יופלה אפרסק/תות,קילוגרמים,1.20,ליטר,false,,24.90,20.7500,true,1,38478
7290004121839,false,גבינת פטה כבשים 20% 250 ג' פיראוס,תנובה מרכז שיתופי לש,IL,גבינת פטה כבשים 20%,גרמים,250.00,100 גרם,false,,24.90,0.0996,true,1,1337
7290004121853,false,גבינה בולגרית בקוביות %5 200 ג' פיראוס,תנובה מרכז שיתופי לש,IL,גבינה בולגרית קוביות,גרמים,200.00,100 גרם,false,,19.90,0.0995,true,1,1338
7290004122348,false,עמק לייט 9% פרוס בקופסא,תנובה מרכז שיתופי לש,IL,גבינה עמק 9% 200 גרם,גרמים,200.00,100 גרם,false,,16.90,0.0845,true,1,29766
7290004122676,false,גבינת חמד לייט 5% פיראוס 250 ג',"תנובה,מחלבת טנא נוגה",IL,גבינת חמד לייט 5% פי,גרמים,250.00,100 גרם,false,,17.50,0.0700,true,1,3782
7290004122683,false,חטיף גבינת אצבעות 28% 172 ג' עמק,תנובה מרכז שיתופי לש,IL,אצבעות גבינת עמק 172,גרמים,172.00,100 גרם,false,,15.90,0.0924,true,1,1340
7290004124205,false,יוגורט דיאט תות %0 שומן 150 ג' יופלה,תנובה מרכז שיתופי לש,IL,יופלה דיאט 0% תות 15,גרמים,150.00,100 גרם,false,,4.70,0.0313,true,1,38480
7290004124847,false,"קצפת צמחית השף הלבן 500 מ""ל תנובה",תנובה מרכז שיתופי לש,IL,קצפת צמחית השף הלבן,מיליליטרים,500.00,"100 מ""ל",false,,13.90,0.0278,true,1,1344
7290004125370,false,שמנת חמוצה מופחתת שומן 9%,תנובה מרכז שיתופי לש,IL,שמנת חמוצה 9% תנובה,מיליליטרים,200.00,"100 מ""ל",false,,3.60,0.0180,true,1,1345
7290004125400,false,"שלי אשל 4.5% תנובה 200מ""ל מהדרין",פארייפאבה אגרואינדוס,IL,"אשל תנובה 200 מ""ל",מיליליטרים,200.00,"100 מ""ל",false,,1.65,0.0082,true,1,1346
7290004125417,false,"שלי גיל 3% תנובה 200מ""ל מהדרין",תנובה מרכז שיתופי לש,IL,"גיל תנובה 200 מ""ל",מיליליטרים,206.00,"100 מ""ל",false,,1.50,0.0073,true,1,1347
7290004125455,false,**תנובה שמנת אורגינל מהדרין 15% 200מל,תנובה מרכז שיתופי לש,IL,שמנת חמוצה 15% תנובה,מיליליטרים,200.00,"100 מ""ל",false,,2.40,0.0120,true,1,1348
7290004125462,false,"שמנת אורגינל 15% מהדרין 500 מ""ל",תנובה מרכז שיתופי לש,IL,שמנת חמוצה 15% תנובה,מיליליטרים,500.00,"100 מ""ל",false,,5.90,0.0118,true,1,1349
7290004125509,false,"שמנת 15% חצי מנה 100 מ""ל תנובה",תנובה מרכז שיתופי לש,IL,שמנת חמוצה 15% תנובה,גרמים,100.00,100 גרם,false,,1.60,0.0160,true,1,1350
7290004125578,false,משקה סויה מעושר בסידן תנובה 1ל',תנובה מרכז שיתופי לש,IL,משקה סויה אלטרנטיב 1,קילוגרמים,1.00,ליטר,false,,9.90,9.9000,true,1,1351
7290004125585,false,משקה סויה וניל תנובה E אלטרנטיב,תנובה מרכז שיתופי לש,IL,משקה סויה וניל אלטרנ,קילוגרמים,1.00,ליטר,false,,9.90,9.9000,true,1,1352
7290004125738,false,שמנת מתוקה עמידה להקצפה 32% השף הלבן,תנובה מרכז שיתופי לש,IL,שמנת להקצפה 32% השף,מיליליטרים,250.00,"100 מ""ל",false,,5.90,0.0236,true,1,1354
7290004126674,false,פרוסות גבינה חצי קשה 9% שומן 200 ג' עמק,תנובה מרכז שיתופי לש,IL,גבינה עמק בסגנון אמנ,גרמים,200.00,100 גרם,false,,17.90,0.0895,true,1,1355
7290004127077,false,קוטג' 3% שומן 250 ג' תנובה,מיוצר עי קונדיטוריית,IL,קוטג 3% תנובה 250 גר,גרמים,250.00,100 גרם,false,,5.50,0.0220,true,1,1357
7290004127800,false,גבינה לבנה 5% שומן 500 ג' תנובה,מיוצר עי קונדיטוריית,IL,גבינה 5% תנובה 500 ג,גרמים,500.00,100 גרם,false,,9.70,0.0194,true,1,1362
7290004127817,false,גבינה לבנה 9% שומן 500 ג' תנובה,מיוצר עי קונדיטוריית,IL,גבינה 9% תנובה 500 ג,גרמים,500.00,100 גרם,false,,9.70,0.0194,true,1,1363
7290004127862,false,**תנובה גבינה למריחה מהדרין 5% 750ג,תנובה מרכז שיתופי לש,IL,גבינה 5% תנובה 750 ג,גרמים,750.00,100 גרם,false,,14.50,0.0193,true,1,1364
7290004127916,false,גבינה לבנה 0.5% שומן 500 ג' תנובה,תנובה מרכז שיתופי לש,IL,גבינה 1/2% תנובה 500,גרמים,500.00,100 גרם,false,,9.70,0.0194,true,1,1365
7290004129101,false,גבינת שמנת 25% בטעם טבעי 225 ג' נפוליאון,תנובה מרכז שיתופי לש,IL,גבינת שמנת טבעי 25%,גרמים,225.00,100 גרם,false,,12.50,0.0556,true,1,1367
7290004129156,false,גבינת שמנת25% עם שום שמיר 225 ג' נפוליאון,תנובה מרכז שיתופי לש,IL,גבינת שמנת שום שמיר,גרמים,225.00,100 גרם,false,,12.50,0.0556,true,1,1369
7290004130794,false,משקה סויה טבעי במתיקות מופחתת 1 ליטר,תנובה מרכז שיתופי לש,IL,משקה סויה במתיקות מו,קילוגרמים,1.00,ליטר,false,,9.90,9.9000,true,1,1370
7290004130916,false,יוגורט 3% פירות יער בשמנת 150 ג' יופלה,תנובה מרכז שיתופי לש,IL,יופלה פירות יער 3% 1,מיליליטרים,150.00,"100 מ""ל",false,,4.70,0.0313,true,1,3362
7290004131074,false,**חלב תנובה טרי מהדרין קרטון 3% 1ל,תנובה מרכז שיתופי לש,IL,חלב 3% תנובה 1 ליטר,קילוגרמים,1.00,ליטר,false,,6.20,6.2000,true,1,1372
7290004131814,false,גבינה צפתית 5% מעודנת 200 ג' פיראוס,פארייפאבה אגרואינדוס,IL,גבינה צפתית מעודנת 5,גרמים,200.00,100 גרם,false,,13.90,0.0695,true,1,1377
7290004131845,false,גבינת לאבנה 9% שומן 750 ג' פיראוס,תנובה מרכז שיתופי לש,IL,לאבנה 9% פיראוס 750,גרמים,750.00,100 גרם,false,,20.90,0.0279,true,1,7005
7290004132552,false,משקה סויה לייט בטעם טבעי טרי 1 ליטר,תנובה מרכז שיתופי לש,IL,משקה סויה לייט אלטרנ,קילוגרמים,1.00,ליטר,false,,9.90,9.9000,true,1,1381
7290004132712,false,חטיף אצבעות גבינת מוצרלה 20% 172 ג' עמק,תנובה מרכז שיתופי לש,IL,אצבעות גבינת מוצרלה,גרמים,172.00,100 גרם,false,,15.90,0.0924,true,1,1383
7290004135072,false,"מאגדת קרלו מיני 8*100 גרם שוקולד בד""צ",תנובה מרכז שיתופי לש,IL,מארז קרלו מיני שוקול,מיליליטרים,800.00,"100 מ""ל",false,,13.20,0.0165,true,1,1391
7290004135119,false,"מאגדת קרלו מיני 8*100 גרם וניל בד""צ",תנובה מרכז שיתופי לש,IL,מארז קרלו מיני וניל,מיליליטרים,800.00,"100 מ""ל",false,,13.20,0.0165,true,1,1392
7290004136598,false,מארז הפסקת אוכל עם קורנפלקס ומשקה חלב עמיד בטעם וניל,פארייפאבה אגרואינדוס,IL,מארז הפסקת אוכל חלב,מיליליטרים,150.00,"100 מ""ל",false,,8.90,0.0593,true,1,3364
7290004136857,false,מעדן גלי בטעם פטל 12,תנובה מרכז שיתופי לש,IL,גלי פטל תנובה 125 גר,מיליליטרים,125.00,"100 מ""ל",false,,2.30,0.0184,true,1,1397
7290004136871,false,ג'לי תנובה אפרסק עם חתיכות אפרסק 125מל,תנובה מרכז שיתופי לש,IL,גלי אפרסק תנובה 125,מיליליטרים,125.00,"100 מ""ל",false,,2.50,0.0200,true,1,1399
7290004137021,false,"שמנת לבישול 10% עמיד השף הלבן 250 מ""ל",תנובה מרכז שיתופי לש,IL,שמנת לבישול 10% השף,מיליליטרים,250.00,"100 מ""ל",false,,7.90,0.0316,true,1,1401
7290004150112,false,חומוס מזרחי 300 גרם פיקנטי פרימיום,סלטי שמיר 2006 בעמ,,חומוס מזרחי פיקנטי 3,גרמים,300.00,100 גרם,false,,11.90,0.0397,true,1,63994
7290004150181,false,חמוצים סיני 300 גרם פיקנטי פרימיום,סלטי שמיר 2006 בעמ,,חמוצים סיני פיקנטי,גרמים,300.00,100 גרם,false,,11.90,0.0397,true,1,63995
7290004193850,false,סטייק פרגית עוף טרי,,,סטייק פרגית עוף טרי,קילוגרמים,1.00,"ק""ג",true,,69.90,69.9000,true,1,29211
7290004220013,false,"טחון בקר 1 ק""ג קהילות",,,"בקר טחון קהילות 1 ק""",פריט,1.00,"ק""ג",false,,44.90,44.9000,true,1,7616
7290004220044,false,קציצות ביתיות עטרה 4,,,קציצות ביתיות עטרה 4,גרמים,400.00,100 גרם,false,,14.90,0.0373,true,1,10633
7290004220136,false,כבד עוף טרי דליקטסו,,,כבד עוף טרי דליקטסו,קילוגרמים,1.00,"ק""ג",true,,27.90,27.9000,true,1,12825
7290004220266,false,כרעיים עוף טרי דליקט,,,כרעיים עוף טרי דליקט,קילוגרמים,1.00,"ק""ג",true,,31.90,31.9000,true,1,12817
7290004220273,false,חזה עוף טרי דליקטסו,,,חזה עוף טרי דליקטסו,קילוגרמים,1.00,"ק""ג",true,,35.90,35.9000,true,1,12818
7290004220280,false,כנפיים עוף טרי דליקט,,,כנפיים עוף טרי דליקט,קילוגרמים,1.00,"ק""ג",true,,13.90,13.9000,true,1,12819
7290004220297,false,שוקיים עוף טרי דליקט,,,שוקיים עוף טרי דליקט,קילוגרמים,1.00,"ק""ג",true,,33.90,33.9000,true,1,12820
7290004220310,false,ירכיים עוף טרי דליקט,,,ירכיים עוף טרי דליקט,קילוגרמים,1.00,"ק""ג",true,,30.90,30.9000,true,1,12821
7290004220327,false,שניצל עוף טרי דליקטס,,,שניצל עוף טרי דליקטס,קילוגרמים,1.00,"ק""ג",true,,39.90,39.9000,true,1,12822
7290004220495,false,סטייק עין מיושן עטרה,עטרה,IL,סטייק עין מיושן עטרה,קילוגרמים,1.00,"ק""ג",true,,79.90,79.9000,true,1,52529
7290004220761,false,קבב כבש ביתי עטרה 50,,,קבב כבש ביתי עטרה 50,גרמים,500.00,100 גרם,false,,14.90,0.0298,true,1,10632
7290004220778,false,המבורגר קהילות 500 ג,,,המבורגר קהילות 500 ג,גרמים,500.00,100 גרם,false,,24.90,0.0498,true,1,18817
7290004230944,false,מקלות פילו גבינה 600 גר' שלושת האופים לנדא,שלושת האופים,IL,מקלות בורקס פילו גבי,גרמים,700.00,100 גרם,false,,16.90,0.0241,true,1,13155
7290004234218,false,ברווז טרי כשר,,,ברווז טרי כשר,קילוגרמים,1.00,"ק""ג",true,,44.90,44.9000,true,1,64018
7290004244446,false,פילה סלמון ללא עור ה,"דגי בר אילן בע""מ",IL,פילה סלמון ללא עור ה,קילוגרמים,1.00,"ק""ג",true,,74.90,74.9000,true,1,62663
7290004252274,false,שוקולד חלב קשיו ושבריי בייגלה 120 גרם,טחנת האבן תעשיות,IL,אשכולות שוקולד חלב ק,גרמים,120.00,100 גרם,false,,7.90,0.0658,true,1,63977
7290004252281,false,בייגלה מצופה שוקולד לבן 200 גרם,טחנת האבן תעשיות,IL,בייגלה מצופה שוקולד,גרמים,120.00,100 גרם,false,,7.90,0.0658,true,1,63978
7290004252359,false,שוקולד מריר אגוזי לוז וקוקוס 120 גרם,טחנת האבן תעשיות,IL,אשכולות אגוזי לוז וק,גרמים,120.00,100 גרם,false,,7.90,0.0658,true,1,63980
7290004256883,false,פילה סלמון טרי פרימי,,,פילה סלמון טרי פרימי,קילוגרמים,1.00,"ק""ג",true,,99.90,99.9000,true,1,45628
7290004257101,false,עטרה אנטריקוט דקדק 250 ג,עטרה,IL,אנטריקוט דקדק עטרה 2,גרמים,250.00,100 גרם,false,,29.90,0.1196,true,1,42742
7290004257118,false,מילנסה דקדק 250ג' עטרה,,,מילנסה דק דק עטרה 25,גרמים,250.00,100 גרם,false,,29.90,0.1196,true,1,43172
7290004257125,false,סינטה דק דק 250 גר' עטרה,,,סינטה דק דק עטרה 250,גרמים,250.00,100 גרם,false,,29.90,0.1196,true,1,48851
7290004257477,false,חזה עוף טחון 100% עט,,,חזה עוף טחון 100% עט,פריט,1.00,"ק""ג",false,,34.90,34.9000,true,1,48202
7290004257491,false,טחון בקר 100% עטרה 1,,,טחון בקר 100% עטרה 1,פריט,1.00,"ק""ג",false,,39.90,39.9000,true,1,48204
7290004263027,false,קבב מזרחי עטרה 500ג',עטרה,IL,קבב מזרחי עטרה 500 ג,גרמים,500.00,100 גרם,false,,18.90,0.0378,true,1,1423
7290004263034,false,בורגר חלק קפוא למהדרין עטרה 500 גרם,עטרה,IL,המבורגר עטרה 500 גרם,גרמים,500.00,100 גרם,false,,18.90,0.0378,true,1,1424
7290004263041,false,גולש עגל עטרה קפוא,עטרה,IL,גולש עגל עטרה,קילוגרמים,1.00,"ק""ג",true,,44.90,44.9000,true,1,1425
7290004263201,false,צלעות כבש קפוא עטרה,עטרה,IL,צלעות כבש קפוא עטרה,קילוגרמים,1.00,"ק""ג",true,,169.90,169.9000,true,1,1433
7290004263393,false,קישקע ירושלמי קפוא ארוז עטרה 500 ג',עטרה,IL,קישקע ירושלמי עטרה 5,גרמים,500.00,100 גרם,false,,12.90,0.0258,true,1,1434
7290004263485,false,בשר מספר 2 צלעות כשרות עטרה,עטרה,IL,בשר מס 2 צלעות קפוא,קילוגרמים,1.00,"ק""ג",true,,39.90,39.9000,true,1,1437
7290004263515,false,מעורב ירושלמי קפוא עטרה 800 גר',,,מעורב ירושלמי קפוא ע,גרמים,800.00,100 גרם,false,,19.90,0.0249,true,1,1438
7290004263553,false,חזה בשר מס3 עטרה קפו,עטרה,IL,בשר מס 3 חזה בקר צרכ,קילוגרמים,1.00,"ק""ג",true,,29.90,29.9000,true,1,1439
7290004263621,false,בשר מס 4 כתף מרכזי צ,עטרה,IL,בשר מס 4 כתף מרכזי צ,קילוגרמים,1.00,"ק""ג",true,,54.90,54.9000,true,1,1441
7290004263652,false,נקניקיות עוף עטרה 400 גרם,עטרה,IL,נקניקיות עוף קפוא עט,גרמים,400.00,100 גרם,false,,9.90,0.0248,true,1,1442
7290004263676,false,טחון הודו 500גר עטרה,עטרה,IL,הודו טחון עטרה 500 ג,גרמים,500.00,100 גרם,false,,11.90,0.0238,true,1,1443
7290004263799,false,צלי כתף בשר מס 5 עטר,עטרה,IL,בשר מס 5 צלי כתף קפו,קילוגרמים,1.00,"ק""ג",true,,89.90,89.9000,true,1,1445
7290004263867,false,בשר מס 6 פילה מדומה עטרה,עטרה,IL,בשר מס 6 פילה מדומה,קילוגרמים,1.00,"ק""ג",true,,39.90,39.9000,true,1,1446
7290004480332,false,גבינה גאודה קשה מחלב,מחלבות גד,IL,גבינה גאודה משולשים,קילוגרמים,1.00,"ק""ג",true,,99.00,99.0000,true,1,61062
7290004537241,false,אפונת גינה שדה בשקית,בסט מייסטר,IL,אפונת גינה שדה בשקית,גרמים,800.00,100 גרם,false,,8.90,0.0111,true,1,63235
7290004544065,false,עוגיות טבעות בטעם לי,מאפיית ישראל חיפה,IL,עוגיות טבעות בטעם לי,גרמים,500.00,100 גרם,false,,11.50,0.0230,true,1,58880
7290004544096,false,עוגיות טבעות עם קוקו,מאפיית ישראל חיפה,IL,עוגיות טבעות עם קוקו,גרמים,500.00,100 גרם,false,,11.50,0.0230,true,1,58883
7290004544577,false,מאפים בסיס לפיצה ללא,מאפיית אריאל,IL,מאפים בסיס לפיצה ללא,גרמים,400.00,100 גרם,false,,21.90,0.0547,true,1,65173
7290004544669,false,מארז סופגניות במילוי,מאפיית ישראל חיפה,IL,מארז סופגניות במילוי,גרמים,660.00,100 גרם,false,,12.90,0.0195,true,1,65286
7290004551926,false,אבקת פלאפל דרומה 1 ק,דרומה י.א.ט בעמ,IL,אבקת פלאפל דרומה 1 ק,פריט,1.00,"ק""ג",false,,19.90,19.9000,true,1,1510
7290004575007,false,טילון וניל וופך ושברי אגוז ריאו מארז 70X5ג',"גלידות ריאו ביח""ר לג",IL,טילוני ריאו בטעמים 5,גרמים,350.00,100 גרם,false,,14.50,0.0414,true,1,1513
7290004575069,false,גלידה מיניס חטיפים וניל ציפוי שוקו' ופצפוצי נ.חיטה ריאו מארז 32יח',"גלידות ריאו ביח""ר לג",IL,חטיפי גלידה מיניס שו,גרמים,700.00,100 גרם,false,,29.90,0.0427,true,1,1515
7290004575229,false,גלידת סנקור ריאו מארז חמישייה,"גלידות ריאו ביח""ר לג",IL,מארז קסטה סנקור 5 יח,גרמים,500.00,100 גרם,false,,18.90,0.0378,true,1,20722
7290004575335,false,ארטיק מגיק מיני וניל ציפוי שוקו' ופצפוצי נ.חיטה ריאו מארז 45X8ג'באריזה,"גלידות ריאו ביח""ר לג",IL,שלגוני מיני מגיק 8 י,גרמים,360.00,100 גרם,false,,16.90,0.0469,true,1,1521
7290004575373,false,שלגון מצופים וניל בציפוי שוקולד ריאו מארז 80X8 ג',"גלידות ריאו ביח""ר לג",IL,שלגוני ריאו מצופים ש,גרמים,480.00,100 גרם,false,,14.90,0.0310,true,1,1523
7290004575397,false,גלידה בטעמי מוקה וניל פיסטוק 1.8 ל' ריאו,"גלידות ריאו ביח""ר לג",IL,גלידה טריו 1.8 ליטר,קילוגרמים,1.80,ליטר,false,,14.90,8.2778,true,1,1524
7290004575403,false,גלידת פרווה בטעמים 1.8 ל' ריאו,"גלידות ריאו ביח""ר לג",IL,גלידה טריו 1.8 ליטר,קילוגרמים,1.80,ליטר,false,,14.90,8.2778,true,1,1525
7290004575502,false,שלגונים גלי גל חלבי,ריאו,IL,שלגוני גלי גל 8 יח,גרמים,600.00,100 גרם,false,,14.90,0.0248,true,1,44710
7290004575632,false,קרמבו ריאו בטעם וניל 16יח',"גלידות ריאו ביח""ר לג",IL,קרמבו בטעם וניל ריאו,גרמים,480.00,100 גרם,false,,21.50,0.0448,true,1,1528
7290004578220,false,הובלה,,,הובלה,Unknown,0.00,יחידה,false,,200.00,0.0000,true,1,32227
7290004584351,false,גבינה במרקם שמנת 5% טבעי 200 ג' סימפוניה,"שטראוס בריאות בע""מ",IL,גבינת שמנת 5% סימפונ,גרמים,200.00,100 גרם,false,,9.70,0.0485,true,1,1529
7290004585907,false,דני ועדן וניל 1.5% 125ג' שטראוס,מיוצר עי קונדיטוריית,IL,דני וניל 125 גרם,גרמים,125.00,100 גרם,false,,2.50,0.0200,true,1,5892
7290004645069,false,הליבוט פרוס ל.עור רו,,,הליבוט פרוס ל.עור רו,קילוגרמים,1.00,"ק""ג",true,,79.90,79.9000,true,1,19790
7290004645106,false,מנות סלמון 100% רוזנ,,,מנות סלמון 100% רוזנ,קילוגרמים,1.00,"ק""ג",true,,94.90,94.9000,true,1,15378
7290004645137,false,פילה טונה אלבקור ללא,,,פילה טונה אלבקור ללא,קילוגרמים,1.00,"ק""ג",true,,59.90,59.9000,true,1,25597
7290004645175,false,פילה טונה פרוס רוזנר,,VN,פילה טונה פרוס רוזנר,קילוגרמים,1.00,"ק""ג",true,,39.90,39.9000,true,1,47369
7290004645267,false,מנות נסיכת הנילוס רו,,,מנות נסיכת הנילוס רו,קילוגרמים,1.00,"ק""ג",true,,49.90,49.9000,true,1,15375
7290004645274,false,פילה נסיכת הנילוס ע.,,,פילה נסיכת הנילוס ע.,קילוגרמים,1.00,"ק""ג",true,,44.90,44.9000,true,1,61940
7290004645328,false,"פילה סלמון נורבגי בד""ץ",,,פילה סלמון 100% רוז,קילוגרמים,1.00,"ק""ג",true,,89.90,89.9000,true,1,15377
7290004645434,false,מנות סלמון 100% ל.עו,,,מנות סלמון 100% ל.עו,קילוגרמים,1.00,"ק""ג",true,,99.90,99.9000,true,1,25766
7290004645748,false,פילה אמנון רוזנרס לל,,CN,פילה אמנון רוזנרס לל,קילוגרמים,1.00,"ק""ג",true,,39.90,39.9000,true,1,56523
7290004645854,false,פילה פורל ים רוזנרס,,,פילה פורל ים רוזנרס,קילוגרמים,1.00,"ק""ג",true,,69.90,69.9000,true,1,61356
7290004645915,false,מנות סלמון ל.עור רוז,,,מנות סלמון ל.עור רוז,קילוגרמים,1.00,"ק""ג",true,,99.90,99.9000,true,1,64881
7290004652517,false,פילה בורי טרי אושר פ,,,פילה בורי טרי אושר פ,גרמים,400.00,100 גרם,false,,49.90,0.1247,true,1,56025
7290004652524,false,פילה אמנון טרי אושר,,,פילה אמנון טרי אושר,גרמים,400.00,100 גרם,false,,39.90,0.0997,true,1,56026
7290004652531,false,פילה דניס טרי אושר פ,,,פילה דניס טרי אושר פ,גרמים,400.00,100 גרם,false,,59.90,0.1497,true,1,56027
7290004652579,false,פילה אדמונית טרי אוש,,,פילה אדמונית טרי אוש,גרמים,400.00,100 גרם,false,,39.90,0.0997,true,1,56028
7290004652593,false,אמנון שלם טרי אושר פ,,,אמנון שלם טרי אושר פ,גרמים,400.00,100 גרם,false,,21.90,0.0547,true,1,56032
7290004652609,false,קרפיון פרוס טרי אושר,,,קרפיון פרוס טרי אושר,גרמים,750.00,100 גרם,false,,39.90,0.0532,true,1,56033
7290004652616,false,דניס שלם טרי אושר פי,,,דניס שלם טרי אושר פי,גרמים,450.00,100 גרם,false,,39.90,0.0887,true,1,56034
7290004652623,false,פילה ברמונדי טרי אוש,,,פילה ברמונדי טרי אוש,גרמים,400.00,100 גרם,false,,59.90,0.1497,true,1,57485
7290004652852,false,טומהוק סטייק טרי עטר,,,טומהוק סטייק טרי עטר,קילוגרמים,1.00,"ק""ג",true,,129.90,129.9000,true,1,62330
7290004658953,false,יין פרייבט קולקשן סו,"כד בני דרום בע""מ",IL,יין פ.קולקשיין סובינ,מיליליטרים,750.00,"100 מ""ל",false,,32.30,0.0431,true,1,18420
7290004658960,false,יין פרייבט קולקשן אמ,אגודת הכורמים הקואופ,IL,יין פ. קולקשיין אמרל,מיליליטרים,750.00,"100 מ""ל",false,,32.30,0.0431,true,1,1541
7290004685010,false,לחם 100% שיפון פלוס לחם הארץ 500 גר',מאפית י את א ברמן בע,IL,לחם שיפון קל לחם האר,גרמים,500.00,100 גרם,false,,15.90,0.0318,true,1,7620
7290004685089,false,לחם הארץ לחם חמניות 500 גר',מאפית י את א ברמן בע,IL,לחם חמניות לחם הארץ,גרמים,500.00,100 גרם,false,,15.90,0.0318,true,1,7622
7290004685126,false,לחם פומפרניקל לחם הארץ 750 גרם,מאפית י את א ברמן בע,IL,לחם 5 דגנים לחם הארץ,גרמים,750.00,100 גרם,false,,15.90,0.0212,true,1,1543
7290004685157,false,לחם שיפון 100% 750 גרם לחם הארץ,מאפית י את א ברמן בע,IL,לחם שיפון לחם הארץ 7,גרמים,750.00,100 גרם,false,,15.90,0.0212,true,1,1545
7290004685195,false,לחם 10 דגנים לחם הארץ 750 גרם,מאפית י את א ברמן בע,IL,לחם 10 דגנים לחם האר,גרמים,750.00,100 גרם,false,,15.90,0.0212,true,1,3820
7290004685225,false,לחם פומפרניקל לחם הארץ 750 גרם,מאפית י את א ברמן בע,IL,לחם פומפרניקל לחם הא,גרמים,750.00,100 גרם,false,,15.90,0.0212,true,1,1547
7290004685430,false,לחם כוסמין לחם הארץ,מאפית י את א ברמן בע,IL,לחם כוסמין לחם הארץ,גרמים,500.00,100 גרם,false,,15.90,0.0318,true,1,27640
7290004685447,false,לחמניות כוסמין 6 יחי' 450 גר',מאפית י את א ברמן בע,IL,לחמניות כוסמין לחם ה,גרמים,450.00,100 גרם,false,,13.90,0.0309,true,1,47996
7290004685478,false,פיתות כוסמין 10יח 550 גר,מאפית י את א ברמן בע,IL,פיתות ברמן 100% כוסמ,גרמים,550.00,100 גרם,false,,15.90,0.0289,true,1,62387
7290004731076,false,אל סבון אלוורה כיף 1 ל',טרופיקל דגיל תעשיות,IL,אלסבון כיף אלוורה 1,קילוגרמים,1.00,ליטר,false,,9.90,9.9000,true,1,21190
7290004731083,false,כיף - סבון ידיים ג'ינסנג 1 ליטר,טרופיקל דגיל תעשיות,IL,אלסבון כיף גינסנג 1,קילוגרמים,1.00,ליטר,false,,9.90,9.9000,true,1,21191
7290004731090,false,אל סבון קמומיל כיף 1 ל',קוסמופארם,IL,אלסבון כיף קמומיל 1,קילוגרמים,1.00,ליטר,false,,9.90,9.9000,true,1,21192
7290004731472,false,"אל סבון צבעוני כיף שלישיה* 500 מ""ל",טרופיקל דגיל תעשיות,IL,אל סבון כיף מעורב 3*,קילוגרמים,1.50,ליטר,false,,16.90,11.2667,true,1,1553
7290004731557,false,"סנו מקסימה למייבש מאסק 750 מ""ל",סנו,IL,תרסיס מקסימה למייבש,מיליליטרים,750.00,"100 מ""ל",false,,16.90,0.0225,true,1,1555
7290004731564,false,"סנו - מקסימה מרסס למייבש כביסה פריחה כחולה 750 מ""ל",סנו,IL,תרסיס מקסימה למייבש,מיליליטרים,750.00,"100 מ""ל",false,,16.90,0.0225,true,1,31113
7290004731687,false,"סנו דואופרש וניל 300 מ""ל",קריות זול,IL,מטהר סנו דאופרש וניל,מיליליטרים,300.00,"100 מ""ל",false,,10.70,0.0357,true,1,1558
7290004758028,false,אנטריקוט פרימיום טרי,,,אנטריקוט פרימיום טרי,קילוגרמים,1.00,"ק""ג",true,,149.90,149.9000,true,1,45519
7290004758172,false,בריסקט טרי עטרה,,,בריסקט טרי עטרה,קילוגרמים,1.00,"ק""ג",true,,69.90,69.9000,true,1,49465
7290004758905,false,עצמות עגל וויל טרי ע,,,עצמות עגל וויל טרי ע,קילוגרמים,1.00,"ק""ג",true,,24.90,24.9000,true,1,53777
7290004817954,false,לימונארק תל אביב 750,משקאות ג'בלנא,IL,לימונארק תל אביב 750,מיליליטרים,750.00,"100 מ""ל",false,,29.90,0.0399,true,1,60323
7290004944032,false,חומוס שמיר אסלי 400 גר,סלטי שמיר 2006 בעמ,IL,חומוס אסלי 400 גרם,גרמים,400.00,100 גרם,false,,10.90,0.0273,true,1,4362
7290004944049,false,טחינה אסלי שמיר 400 ג',סלטי שמיר 2006 בעמ,IL,טחינה אסלי 400 גרם,גרמים,400.00,100 גרם,false,,10.90,0.0273,true,1,4365
7290004944056,false,חציל במיונז אסלי שמיר 400 ג',סלטי שמיר 2006 בעמ,IL,חציל במיונז אסלי 400,גרמים,400.00,100 גרם,false,,10.90,0.0273,true,1,4363
7290004944063,false,סלט תורכי אסלי שמיר 400 ג',סלטי שמיר 2006 בעמ,IL,סלט טורקי אסלי 400 ג,גרמים,400.00,100 גרם,false,,10.90,0.0273,true,1,4366
7290005008481,false,ספיד סטיק - דאודורנט ג'ל לגבר ספורט 85 גרם,הנסיך- מפעל לייצור ט,BY,דאו גל ספיד סטיק ספו,גרמים,85.00,100 גרם,false,,18.90,0.2224,true,1,9251
7290005011405,false,עמבה עם פרי 500 גרם,תבליני שמש בעמ,IL,עמבה עם פרי 500 גרם,גרמים,500.00,100 גרם,false,,8.90,0.0178,true,1,1627
7290005017483,false,שיפודי פרגית מתובל ק,נתח אדום,IL,שיפודי פרגית מתובל ק,גרמים,600.00,100 גרם,false,,49.90,0.0832,true,1,53269
7290005017780,false,קאט דנוור סטיק נתח א,נתח אדום,IL,קאט דנוור סטיק נתח א,גרמים,600.00,100 גרם,false,,59.90,0.0998,true,1,64193
7290005017889,false,קציצות ריב אנטריקוט,נתח אדום,IL,קציצות ריב אנטריקוט,גרמים,600.00,100 גרם,false,,29.90,0.0498,true,1,53275
7290005017902,false,נקניקיות מרגז פרימיו,נתח אדום,IL,נקניקיות מרגז פרימיו,גרמים,600.00,100 גרם,false,,29.90,0.0498,true,1,53277
7290005017919,false,המבורגר אנטריקוט XL,נתח אדום,IL,המבורגר אנטריקוט XL,גרמים,600.00,100 גרם,false,,29.90,0.0498,true,1,53278
7290005017926,false,המבורגר טלה XL פרימ,נתח אדום,IL,המבורגר טלה XL פרימ,גרמים,600.00,100 גרם,false,,29.90,0.0498,true,1,53279
7290005017940,false,נקניקיות מרגז כבד פר,נתח אדום,IL,נקניקיות מרגז כבד פר,גרמים,600.00,100 גרם,false,,29.90,0.0498,true,1,53281
7290005017957,false,קבב בקר פרימיום בית,נתח אדום,IL,קבב בקר פרימיום בית,גרמים,600.00,100 גרם,false,,29.90,0.0498,true,1,53282
7290005017964,false,קבב טלה פרימיום בית,נתח אדום,IL,קבב טלה פרימיום בית,גרמים,600.00,100 גרם,false,,29.90,0.0498,true,1,53283
7290005017971,false,קבב עיראקי פרימיום ב,נתח אדום,IL,קבב עיראקי פרימיום ב,גרמים,600.00,100 גרם,false,,29.90,0.0498,true,1,53284
7290005017988,false,נקניקיות צ'וריסוס פר,נתח אדום,IL,נקניקיות צ'וריסוס פר,גרמים,600.00,100 גרם,false,,29.90,0.0498,true,1,53285
7290005017995,false,שיפודי פרגית קפוא נת,נתח אדום,IL,שיפודי פרגית קפוא נת,גרמים,600.00,100 גרם,false,,49.90,0.0832,true,1,53286
7290005168284,false,יין מתוק גן עדן 750,יקבי ציון,IL,יין גן עדן עתיק,מיליליטרים,750.00,"100 מ""ל",false,,19.90,0.0265,true,1,1641
7290005168420,false,מיץ ענבים אדום בית ס,יקבי ציון,IL,מיץ ענבים אדום בית ס,קילוגרמים,1.00,ליטר,false,,16.90,16.9000,true,1,35356
7290005168475,false,"מיץ ענבים אדום 100% ""מובחר"" 1 ליטר",יקבי ציון,IL,מיץ ענבים תירוש אדום,קילוגרמים,1.00,ליטר,false,,16.90,16.9000,true,1,51500
7290005174513,false,חציל במיונז 500 ג' אחלה,מיוצר עי קונדיטוריית,IL,חציל במיונז אחלה 500,גרמים,500.00,100 גרם,false,,14.90,0.0298,true,1,3405
7290005200786,false,תפוצ'יפס שמנת ובצל 50 גרם,"שטראוס פריטו ליי בע""",IL,תפוציפס שמנת בצל 50,גרמים,50.00,100 גרם,false,,3.50,0.0700,true,1,4531
7290005287510,false,טונה בשמן עם בפלפל חריף 160 ג' סטארקיסט,תאי יוניון גרופ,TH,טונה בשמן פלפל חריף,גרמים,160.00,100 גרם,false,,6.90,0.0431,true,1,9784
7290005287527,false,טונה בשמן עם לימון 160 ג' סטארקיסט,תאי יוניון גרופ,TH,טונה בשמן לימון ס.ק,גרמים,160.00,100 גרם,false,,6.90,0.0431,true,1,9785
7290005287534,false,טונה בשמן עישון טבעי 160 ג' סטארקיסט,תאי יוניון גרופ,TH,טונה בשמן עישון טבעי,גרמים,160.00,100 גרם,false,,6.90,0.0431,true,1,9783
7290005287657,false,סטארקיסט ממרח טונה 160 ג',סטארקיסט,IL,ממרח טונה סטארקיסט 1,גרמים,160.00,100 גרם,false,,5.90,0.0369,true,1,3922
7290005317125,false,ביסקוויט חצי מצופה 175 גר',אפיפית נצרת תעשיות ב,IL,ביסקויט חצי מצופה בט,גרמים,175.00,100 גרם,false,,5.50,0.0314,true,1,39226
7290005325045,false,פקעלך ענק,קינד,IL,פקעלך ענק,Unknown,0.00,יחידה,false,,14.90,0.0000,true,1,11407
7290005325052,false,מארז ממתקים סביבון ק,,,מארז ממתקים סביבון ק,Unknown,0.00,יחידה,false,,4.90,0.0000,true,1,8248
7290005325403,false,מארז ממתקים סביבון ג,,,מארז ממתקים סביבון ג,Unknown,0.00,יחידה,false,,7.90,0.0000,true,1,8249
7290005325465,false,פקעלך,קינד,IL,פקעלך,Unknown,0.00,יחידה,false,,3.90,0.0000,true,1,9976
7290005325618,false,מארז ממתקים ביג בול,,,מארז ממתקים ביג בול,Unknown,0.00,יחידה,false,,9.90,0.0000,true,1,31553
7290005358739,false,בשר ראש קפוא חלק,פריגוצאקו,,בשר ראש קפוא חלק,קילוגרמים,1.00,"ק""ג",true,,69.90,69.9000,true,1,48717
7290005358753,false,לשון בקר קפוא חלק,,,לשון בקר קפוא חלק,קילוגרמים,1.00,"ק""ג",true,,39.90,39.9000,true,1,48059
7290005358883,false,בשר מס 8 שריר קפוא ח,טאק טורו,,בשר מס 8 שריר קפוא ח,קילוגרמים,1.00,"ק""ג",true,,29.90,29.9000,true,1,44814
7290005416019,false,חלב עיזים מחלבת טל 1,"ל.ד בר אל בע""מ",IL,חלב עיזים מחלבת טל 1,קילוגרמים,1.00,ליטר,false,,11.90,11.9000,true,1,4712
7290005416033,false,משקה יוגורט עיזים טל,"ל.ד בר אל בע""מ",IL,משקה יוגורט עיזים טל,מיליליטרים,500.00,"100 מ""ל",false,,14.80,0.0296,true,1,4715
7290005416095,false,גבינה עיזים 5% טל 20,"ל.ד בר אל בע""מ",IL,גבינה עיזים 5% טל 20,גרמים,200.00,100 גרם,false,,14.80,0.0740,true,1,4714
7290005416262,false,יוגורט עיזים ביו עם תות 3.5%,"ל.ד בר אל בע""מ",IL,משקה יוגורט עיזים תו,גרמים,200.00,100 גרם,false,,14.80,0.0740,true,1,4717
7290005416279,false,יוגורט עיזים ביו עם פירות יער 3.5%,"ל.ד בר אל בע""מ",IL,משקה יוגורט עיזים פי,גרמים,500.00,100 גרם,false,,14.80,0.0296,true,1,4716
7290005416286,false,יוגורט עיזים ביו עם אננס 3.5%,"ל.ד בר אל בע""מ",IL,משקה יוגורט עיזים אנ,מיליליטרים,500.00,"100 מ""ל",false,,14.80,0.0296,true,1,4718
7290005416293,false,יוגורט ביו מחלב עיזים עם אפרסק 3.5%,"ל.ד בר אל בע""מ",IL,משקה יוגורט עיזים מש,גרמים,200.00,100 גרם,false,,14.80,0.0740,true,1,4719
7290005416491,false,משקה יוגורט עיזים טל,מחלבת טל טלה,IL,משקה יוגורט עיזים טל,גרמים,750.00,100 גרם,false,,12.90,0.0172,true,1,16099
7290005418709,false,"נטורל קרם לחות לקיבוע תלתלים גלי 400 מ""ל",מיוצר עי אמיליה קוסמ,IL,קרם לחות נטורל לשיער,מיליליטרים,400.00,"100 מ""ל",false,,20.70,0.0517,true,1,1685
7290005418716,false,"נטורל - קרם לחות לבניית תלתלים עגולים 400 מ""ל",מיוצר עי אמיליה קוסמ,IL,קרם לחות נטורל לשיער,מיליליטרים,400.00,"100 מ""ל",false,,20.70,0.0517,true,1,1686
7290005423055,false,פורטה פלוס לניקוי מתז בניחוח לימון 1 ליטר,"סנו מפעלי ברונוס בע""",IL,תרסיס פורטה פלוס לימ,קילוגרמים,1.00,ליטר,false,,16.90,16.9000,true,1,44586
7290005423253,false,"סנו - מקסימה מרסס למייבש כביסה אולטרה פרש 750 מ""ל","סנו מפעלי ברונוס בע""",IL,תרסיס מקסימה למייבש,מיליליטרים,750.00,"100 מ""ל",false,,16.90,0.0225,true,1,1687
7290005423567,false,מטליות לניקוי כללי בגליל 40 יח' סנו סושי,אסותא תעשיות אלבד בע,IL,מטליות לניקוי כללי ב,Unknown,0.00,יחידה,false,,18.90,0.0000,true,1,1694
7290005423734,false,סנו - מקסימה מרכך כביסה אולטרה פרש 4 ליטר,"סנו מפעלי ברונוס בע""",IL,מרכך מקסימה אולטרא פ,קילוגרמים,4.00,ליטר,false,,21.50,5.3750,true,1,1695
7290005423871,false,אורביטול שלשות משחת שיניים מנטול מרכז,טרופיקל דגיל תעשיות,IL,משחת אורביטול פלואור,גרמים,435.00,100 גרם,false,,16.50,0.0379,true,1,1697
7290005423918,false,סנו - מקסימה מרכך כביסה היפואלרגני אלוורה 4 ליטר,קריות זול,IL,מרכך מקסימה בייבי אל,קילוגרמים,4.00,ליטר,false,,21.50,5.3750,true,1,1698
7290005424205,false,ריצפז פלוס נוזל לרצפה דוחה חרקים 4 ל',סנו,IL,ריצפז + דוחה תיקנים,קילוגרמים,4.00,ליטר,false,,39.90,9.9750,true,1,1701
7290005424472,false,אורביטול מי פה להלבנת שיניים 1 ל',סנו,IL,מי פה אורביטול הלבנה,קילוגרמים,1.00,ליטר,false,,26.90,26.9000,true,1,26781
7290005424700,false,סנו - פורטה פלוס מרסס מסיר שומנים 1 ליטר,סנו,IL,תרסיס פורטה פלוס מסי,קילוגרמים,1.00,ליטר,false,,16.90,16.9000,true,1,37384
7290005424762,false,נוזל רצפות ריצפז ווקס דוחה חרקים 2 ליטר,"סנו מפעלי ברונוס בע""",IL,ריצפז + דוחה תיקנים,קילוגרמים,2.00,ליטר,false,,25.90,12.9500,true,1,1704
7290005424991,false,"פרש אוטומטיק בניחוח בייבי פאודר 250 מ""ל סנו",סנו,IL,מבשם אויר סנו פרש או,מיליליטרים,250.00,"100 מ""ל",false,,12.90,0.0516,true,1,48654
7290005425073,false,"סנו דואופרש יסמין עץ סאנדלווד 300 מ""ל","סנו מפעלי ברונוס בע""",IL,מטהר סנו דאופרש יסמי,גרמים,300.00,100 גרם,false,,10.70,0.0357,true,1,1710
7290005425110,false,"חיטוי משטחים 99.9% מתז מחטא ומשמיד 750 מ""ל","סנו מפעלי ברונוס בע""",IL,תרסיס סנו 99.9 חיטוי,מיליליטרים,750.00,"100 מ""ל",false,,11.90,0.0159,true,1,45311
7290005425127,false,"חיטוי משטחים 99.9% מתז לשומנים ואבנית 750 מ""ל","סנו מפעלי ברונוס בע""",IL,תרסיס סנו 99.9 חיטוי,מיליליטרים,750.00,"100 מ""ל",false,,11.90,0.0159,true,1,45312
7290005425646,false,סנו קליר ספריי אקדח לניקוי והברקת חלונות 1ל',"סנו מפעלי ברונוס בע""",IL,תרסיס סנוקליר 1 ליטר,קילוגרמים,1.00,ליטר,false,,9.90,9.9000,true,1,1714
7290005425912,false,אוקסיג'ן ג'ל מסיר כתמים 4 ל' סנו,סנו,IL,גל אוקסיגן 4 ליטר,קילוגרמים,4.00,ליטר,false,,29.90,7.4750,true,1,1718
7290005426018,false,בייבי כיף אלסבון 2 ליטר,קוסמופארם,IL,אל סבון בייבי כיף 2,קילוגרמים,2.00,ליטר,false,,24.90,12.4500,true,1,1719
7290005426193,false,ספוג הפלא אריזת סנו 6יח',טרופיקל דגיל תעשיות,IL,ספוג הפלא סנו סושי 6,Unknown,0.00,יחידה,false,,9.90,0.0000,true,1,1721
7290005426230,false,מטלית הפלא לרצפה מיקרופייבר סנו 1יח',N.S.,IL,מטלית רצפה מיקרופייב,Unknown,0.00,יחידה,false,,11.70,0.0000,true,1,1722
7290005426568,false,"קרמה - קרם לחות לשיער רגיל 400 מ""ל",טרופיקל דגיל תעשיות,IL,קרם לחות קרמה לשיער,מיליליטרים,400.00,"100 מ""ל",false,,16.90,0.0422,true,1,1727
7290005426575,false,"קרמה לחות לשיער יבש ללא שטיפה 400 מ""ל",טרופיקל דגיל תעשיות,IL,קרם לחות קרמה לשיער,מיליליטרים,400.00,"100 מ""ל",false,,16.90,0.0422,true,1,1728
7290005426629,false,"סנו דואופרש אורן לוטוס ופרחי מים ודובדבן, 300 מ""ל",סנו,IL,מטהר סנו דאופרש דובד,מיליליטרים,300.00,"100 מ""ל",false,,10.70,0.0357,true,1,1729
7290005426803,false,סנו מקסימה מרכך כביסה פצ''ולי סגול 4 ל',קריות זול,,מ.כביסה מקסימה פצולי,קילוגרמים,4.00,ליטר,false,,21.50,5.3750,true,1,1733
7290005426971,false,סנובון כחול בריח תפוח 3 יח' * 55 ג',קריות זול,IL,סנובון כחול תפוח 3 י,גרמים,165.00,100 גרם,false,,14.90,0.0903,true,1,1737
7290005427633,false,"כיף גל לשיער לשיער חזק במיוחד 1 ק""ג",קוסמופארם,IL,גל כיף לעיצוב שיער 1,פריט,1.00,"ק""ג",false,,19.90,19.9000,true,1,1752
7290005427732,false,"כיף אלסבון 2ליטר ""מרכז""",קוסמופארם,IL,אלסבון כיף קמומיל 2,קילוגרמים,2.00,ליטר,false,,13.90,6.9500,true,1,1754
7290005427749,false,אל סבון אצות ים כיף 2 ל',טרופיקל דגיל תעשיות,IL,אלסבון כיף אצות ים 2,קילוגרמים,2.00,ליטר,false,,13.90,6.9500,true,1,1755
7290005427756,false,אלסבון כיף 2 ליטר אלוורה,קוסמופארם,IL,אלסבון כיף אלוורה 2,קילוגרמים,2.00,ליטר,false,,13.90,6.9500,true,1,40902
7290005427763,false,אל סבון ג'ינסנג כיף 2 ל',קוסמופארם,IL,אלסבון כיף גינסינג 2,קילוגרמים,2.00,ליטר,false,,13.90,6.9500,true,1,1756
7290005427770,false,"קרמה - קרם לחות לשיער לגבר 400 מ""ל",טרופיקל דגיל תעשיות,IL,קרם לחות קרמה לשיער,מיליליטרים,400.00,"100 מ""ל",false,,16.90,0.0422,true,1,1757
7290005427848,false,מטלית בגליל ורוד 40 יח' סנו סושי,קריות זול,IL,מטליות לניקוי כללי ב,Unknown,0.00,יחידה,false,,18.90,0.0000,true,1,1758
7290005429279,false,"אבקת כביסה מקסימה אפקט 6 ק""ג סנו",סנו,IL,אבקת מקסימה גאוול 6,פריט,6.00,"ק""ג",false,,44.90,7.4833,true,1,1769
7290005429286,false,"אבקת כביסה מקסימה ביו 6 ק""ג סנו",סנו,IL,"אבקת מקסימה ביו 6 ק""",פריט,6.00,"ק""ג",false,,44.90,7.4833,true,1,1770
7290005430602,false,"סנו - אוקסיג'ן מרסס מסיר כתמים 750 מ""ל","סנו מפעלי ברונוס בע""",IL,"תרסיס אוקסיגן 750 מ""",מיליליטרים,750.00,"100 מ""ל",false,,17.70,0.0236,true,1,1772
7290005437069,false,שמן זית למאור 1 ליטר טעמן,,,שמן זית למאור טעמן 1,קילוגרמים,1.00,ליטר,false,,19.90,19.9000,true,1,1778
7290005437168,false,טעמן שמן זית זך 1ל קבר רחל,סובנה,ES,שמן זית זך טעמן 1 לי,קילוגרמים,1.00,ליטר,false,,37.90,37.9000,true,1,21714
7290005437502,false,פיטריות שמפיניון חתוך טעמן 400 גר',פרוצאמפ,NL,פטריות חתוכות טעמן 4,גרמים,400.00,100 גרם,false,,4.90,0.0123,true,1,35771
7290005437755,false,"פסטה צינורות 500 ג' בד""ץ טעמן",מוטלו,TR,פסטה צינורות טעמן 50,גרמים,500.00,100 גרם,false,,3.90,0.0078,true,1,1782
7290005437762,false,"פסטה ספירלה 500 ג' בד""ץ טעמן",מוטלו,TR,פסטה ספירלה טעמן 500,גרמים,500.00,100 גרם,false,,3.90,0.0078,true,1,1783
7290005437830,false,אננס שלם פרוסות במיץ 825 גר',פ.ת גרייט פנאפל,ID,לפתן אננס פרוס טעמן,גרמים,825.00,100 גרם,false,,10.90,0.0132,true,1,1785
7290005437861,false,קוקטייל פירות טרופי 900ג',פ.ת גרייט פנאפל,ID,לפתן קוקטייל טעמן 90,גרמים,900.00,100 גרם,false,,11.90,0.0132,true,1,1786
7290005437939,false,פסטה ספגטיני 500 גר' טעמן,,,ספגטיני טעמן 500 גרם,גרמים,500.00,100 גרם,false,,3.90,0.0078,true,1,1787
7290005437946,false,פסטה ספגטי טעמן 500 גר',,,ספגטי טעמן 500 גרם,גרמים,500.00,100 גרם,false,,3.90,0.0078,true,1,1788
7290005559990,false,בצק פילאס תורכי מעדנות 600 גרם,מיוצר עי קונדיטוריית,IL,בצק פילאס תורכי מעדנ,גרמים,600.00,100 גרם,false,,19.90,0.0332,true,1,1797
7290005576010,false,חסה ערבית גלאט,רביבים,IL,חסה ערבית גלאט,Unknown,0.00,יחידה,false,,7.90,0.0000,true,1,1801
7290005576027,false,פטרוזיליה גלאט עלים,רביבים,IL,פטרוזיליה מהדרין,Unknown,0.00,יחידה,false,,6.90,0.0000,true,1,1802
7290005576034,false,כוסברה גלאט עלים,רביבים,IL,כוסברה מהדרין,Unknown,0.00,יחידה,false,,6.90,0.0000,true,1,1803
7290005576041,false,שמיר גלאט עלים,רביבים,IL,שמיר מהדרין,Unknown,0.00,יחידה,false,,6.90,0.0000,true,1,1804
7290005576065,false,סלרי גלאט עלים,רביבים,IL,סלרי מהדרין,Unknown,0.00,יחידה,false,,7.90,0.0000,true,1,1806
7290005576072,false,סלק עלים גלאט עלים,רביבים,IL,עלי סלק מהדרין,Unknown,0.00,יחידה,false,,7.90,0.0000,true,1,1807
7290005576089,false,בצל ירוק גלאט עלים,רביבים,IL,בצל ירוק גלאט,Unknown,0.00,יחידה,false,,7.90,0.0000,true,1,1808
7290005576096,false,כרוב לבן גלאט עלים,רביבים,IL,כרוב לבן גלאט עלים,קילוגרמים,1.00,"ק""ג",true,,14.90,14.9000,true,1,1809
7290005576164,false,בזיליקום גלאט ארוז,רביבים,IL,בזיליקום מהדרין,Unknown,0.00,יחידה,false,,6.90,0.0000,true,1,1812
7290005576195,false,לבבות חסה רביבים 250 גר',רביבים,IL,לבבות חסה גלאט עלים,גרמים,200.00,100 גרם,false,,13.90,0.0695,true,1,20982
7290005610127,false,תפו`א גורמה לבן דוד,אראל תוצרת חקלאית בע,IL,תפוח אדמה גורמה,Unknown,0.00,יחידה,false,,14.90,0.0000,true,1,25268
7290005678059,false,ענבים ירוקים ענבי טל,,IL,ענבים ירוקים ענבי טל,קילוגרמים,1.00,"ק""ג",true,,19.90,19.9000,true,1,63412
7290005678653,false,ענבים שחורים ענבי טל,אראל תוצרת חקלאית בע,IL,ענבים שחורים ענבי טל,קילוגרמים,1.00,"ק""ג",true,,9.90,9.9000,true,1,63491
7290005680052,false,או-בה טמפון קלאסי סופר פלוס 32יח',גונסון אנד גונסון,GR,טמפונים אובה פרוקומפ,Unknown,0.00,יחידה,false,,19.90,0.0000,true,1,6663
7290005816413,false,פילה נסיכת הנילוס צ',,AR,פילה נסיכת הנילוס צ',קילוגרמים,1.00,"ק""ג",true,,39.90,39.9000,true,1,63326
7290005816505,false,פילה אמנון צ'ירינה ל,,,פילה אמנון צ'ירינה ל,קילוגרמים,1.00,"ק""ג",true,,29.90,29.9000,true,1,61307
7290005838002,false,מעדן גבינה ויוגורט בטעם וניל 88 ג' דניאלה,"שטראוס בריאות בע""מ",IL,דניאלה וניל 88 גרם,Unknown,0.00,יחידה,false,,3.90,0.0000,true,1,1857
7290005838613,false,שטראוס גבינת וניל 3% 125ג,"שטראוס בריאות בע""מ",IL,מעדן גבינה בטעם וניל,גרמים,125.00,100 גרם,false,,3.70,0.0296,true,1,8911
7290005839078,false,"דנונה יוגורט ביו 3% לבן מארז 150X8מ""ל",מיוצר עי קונדיטוריית,IL,מארז יוגורט פרוביוטי,קילוגרמים,1.20,ליטר,false,,15.90,13.2500,true,1,1858
7290005839108,false,סימפוניה 5% עם זיתים 200 ג' שטראוס,"שטראוס בריאות בע""מ",IL,גבינת שמנת זיתים 5%,גרמים,200.00,100 גרם,false,,9.70,0.0485,true,1,1859
7290005877254,false,פילה עוף טרי עוף גלי,,,פילה עוף טרי כשר,קילוגרמים,1.00,"ק""ג",true,,29.90,29.9000,true,1,58410
7290006065049,false,בלו פיש פילה באס יפני 5-7 (לברק),,IL,פילה לברק הדייג שלי,קילוגרמים,1.00,"ק""ג",true,,42.90,42.9000,true,1,63545
7290006199027,false,שלגוני גלידל שמינייה,הגלידות של פלדמן,IL,מאגדת גלידל שלגון ב,גרמים,400.00,100 גרם,false,,28.90,0.0722,true,1,64524
7290006199942,false,מאגדת גלידל פרי דובד,הגלידות של פלדמן,IL,מאגדת גלידל פרי דובד,גרמים,640.00,100 גרם,false,,21.90,0.0342,true,1,52578
7290006222497,false,פקאן מצופה בטעמים במ,שקדיה,IL,פקאן מצופה בטעמים במ,קילוגרמים,1.00,"ק""ג",true,,99.00,99.0000,true,1,49691
7290006241504,false,"פריגת קפוא תפוזים 280 מ""ל",פריגת מצוננים,IL,תרכיז תפוזים קפוא פר,גרמים,345.00,100 גרם,false,,11.90,0.0345,true,1,5087
7290006241511,false,"פריגת קפוא לימון נענע 280 מ""ל",היינץ צפון אמריקה מק,IL,תרכיז לימונענע קפוא,גרמים,340.00,100 גרם,false,,11.90,0.0350,true,1,5086
7290006241535,false,תרכיז מנגו קפוא פריג,היינץ צפון אמריקה מק,IL,תרכיז מנגו קפוא פריג,גרמים,350.00,100 גרם,false,,11.90,0.0340,true,1,5085
7290006251275,false,תה ויסוצקי ירוק סיני 25יח',קריות זול,IL,תה ירוק סיני 25 שקיק,גרמים,38.00,100 גרם,false,,22.90,0.6026,true,1,6913
7290006251343,false,תה חליטה הגן הקסום פסיפלורה מנגו 25 שקיקים,קריות זול,IL,תה פסיפלורה מנגו הגן,גרמים,63.00,100 גרם,false,,17.50,0.2778,true,1,1924
7290006251374,false,תה ירוק לימונית וגינגר 25 שקיקים ויסוצקי,קריות זול,IL,תה ירוק לימונית וגינ,גרמים,38.00,100 גרם,false,,22.90,0.6026,true,1,6914
7290006251589,false,תה ירוק עם עלי נענע 50 שקיקים ויסוצקי,בית ויסוצקי,IL,תה ירוק נענע 50 שקיק,גרמים,75.00,100 גרם,false,,36.90,0.4920,true,1,1925
7290006265500,false,פטריות שמפיניון ארוז מרינה,"מרינה פטריות הגליל בע""מ",IL,פטריות שמפיניון ארוז,Unknown,0.00,יחידה,false,,8.90,0.0000,true,1,7484
7290006265548,false,נבטים סינים מרינה ארוז 360ג',"מרינה פטריות הגליל בע""מ",IL,נבטים סינים יח,Unknown,0.00,יחידה,false,,5.90,0.0000,true,1,8993
7290006265890,false,נבטי גרעיני חמניה יח,"מרינה פטריות הגליל בע""מ",IL,נבטי חמניה יח,Unknown,0.00,יחידה,false,,7.90,0.0000,true,1,8995
7290006271181,false,מעדנות גחנון אפוי 750 גרם,מיוצר עי קונדיטוריית,IL,גחנון אפוי מעדנות 75,גרמים,750.00,100 גרם,false,,21.90,0.0292,true,1,1927
7290006271648,false,"מיני בורקס תפו""א 800 ג' מעדנות","מעדנות בע""מ",IL,מיני בורקס תפוא מעדנ,גרמים,800.00,100 גרם,false,,19.90,0.0249,true,1,5411
7290006271655,false,מיני בורקס גבינה 800 ג' מעדנות,מיוצר עי קונדיטוריית,IL,מיני בורקס גבינה מעד,גרמים,800.00,100 גרם,false,,19.90,0.0249,true,1,5410
7290006299642,false,יין ירושלים קולקשיין,אנטי פוד משקאות,IL,יין ירושלים קולקשיין,מיליליטרים,750.00,"100 מ""ל",false,,99.90,0.1332,true,1,54643
7290006306296,false,רביולי במילוי גבינה לילדים 400 ג' פסטה נונה,פסטנונה רמת דלטון מר,IL,רביולי גבינה נונה 40,גרמים,400.00,100 גרם,false,,19.90,0.0497,true,1,6385
7290006306302,false,רביולי במילוי גבינות פרמזן ריקוטה 400 ג' פסטה נונה,דורום תעשיות מזון ופ,IL,רביולי פרמזן וריקוטה,גרמים,400.00,100 גרם,false,,19.90,0.0497,true,1,1934
7290006306319,false,רביולי במילוי בטטה 400 ג' פסטה נונה,דורום תעשיות מזון ופ,IL,רביולי בטטה נונה 400,גרמים,400.00,100 גרם,false,,19.90,0.0497,true,1,1935
7290006306326,false,רביולי במילוי פטריות וגבינת פרמזן פסטה נונה 400 ג',דורום תעשיות מזון ופ,IL,רביולי פטריות ופרמזן,גרמים,400.00,100 גרם,false,,19.90,0.0497,true,1,1936
7290006306333,false,רביולי במילוי תרד וגבינת ריקוטה פסטה נונה 400 ג',דורום תעשיות מזון ופ,IL,רביולי תרד וריקוטה נ,גרמים,400.00,100 גרם,false,,19.90,0.0497,true,1,1937
7290006306357,false,רביולי במילוי גבינת עיזים 400 ג' פסטה נונה,דורום תעשיות מזון ופ,IL,רביולי גבינת עיזים נ,גרמים,400.00,100 גרם,false,,19.90,0.0497,true,1,1939
7290006342072,false,גרעין דלעת קלוי ששון,דין שיווק,IL,גרעין לבן 200 גרם יח,גרמים,200.00,100 גרם,false,,6.50,0.0325,true,1,3190
7290006342447,false,גרעיני אבטיח ששון הק,דין שיווק,IL,גרעין אבטיח 200 גרם,גרמים,200.00,100 גרם,false,,12.40,0.0620,true,1,3193
7290006342645,false,טורטיה גדולה 840 גר' 12 יח,אלקטי קוראבייכיסיגיד,TR,טורטיות 12*70 גרם,מיליליטרים,840.00,"100 מ""ל",false,,14.90,0.0177,true,1,8759
7290006374660,false,שמן זית קלאסי יד מרד,מכוורת יד מרדכי שטרא,IL,שמן זית קלאסי יד מרד,קילוגרמים,1.00,ליטר,false,,39.90,39.9000,true,1,20701
7290006374738,false,קונפיטורה תות 340 ג' יד מרדכי,אף.סי תבליני בגליל ב,IL,קונפיטורה תות יד מרד,גרמים,340.00,100 גרם,false,,12.90,0.0379,true,1,29207
7290006411334,false,פרוביוטיקה FOS 24 כמ,,,פרוביוטיקה FOS 24 כמ,Unknown,0.00,יחידה,false,,39.90,0.0000,true,1,59725
7290006429506,false,חצאי אפרסק טעמן 900 ג,,,לפתן אפרסק טעמן 820,גרמים,820.00,100 גרם,false,,9.70,0.0118,true,1,1958
7290006449955,false,מלפפון בייבי מארז,"מרינה פטריות הגליל בע""מ",IL,מלפפון בייבי מארז,Unknown,0.00,יחידה,false,,8.90,0.0000,true,1,13906
7290006492432,false,גבינת מוצרלה בייבי 18% 300 ג' גד,מחלבות גד בעמ,IL,גבינת מוצרלה בייבי 1,גרמים,150.00,100 גרם,false,,13.90,0.0927,true,1,1968
7290006492685,false,לאבנה עיזים 5% 250 גרם - רובין,מחלבות גד בעמ,IL,לאבנה עיזים 5% גד 25,גרמים,250.00,100 גרם,false,,17.90,0.0716,true,1,1969
7290006492852,false,גבינת עיזים למריחה 5% שומן 250 ג' גד,קריות זול,IL,גבינה עיזים 5% גד 25,גרמים,250.00,100 גרם,false,,17.90,0.0716,true,1,1970
7290006497130,false,קישקע פרווה רובינפלד,,,קישקע פרווה רובינפלד,גרמים,500.00,100 גרם,false,,17.90,0.0358,true,1,20134
7290006560964,false,מגש מלבן שקוף 5 יח,בי רייט,CN,מגש מלבן שקוף 5 יח,Unknown,0.00,יחידה,false,,19.90,0.0000,true,1,35833
7290006560988,false,קערה מעוטרת בינונית,בי רייט,CN,קערה מעוטרת בינונית,Unknown,0.00,יחידה,false,,19.90,0.0000,true,1,35827
7290006561022,false,מגש מחולק ל - 4 שקוף,הנג טונג,CN,מגש מחולק ל - 4 שקוף,Unknown,0.00,יחידה,false,,19.90,0.0000,true,1,35832
7290006561039,false,קערה מרובעת שקופה קט,הנג טונג,CN,קערה מרובעת שקופה קט,Unknown,0.00,יחידה,false,,19.90,0.0000,true,1,35829
7290006561121,false,קערה 2 פסים ענקית לס,הנג טונג,CN,קערה 2 פסים ענקית לס,Unknown,0.00,יחידה,false,,19.90,0.0000,true,1,40603
7290006561138,false,קערה 3 פסים קטנות לס,הנג טונג,CN,קערה 3 פסים קטנות לס,Unknown,0.00,יחידה,false,,19.90,0.0000,true,1,40604
7290006582355,false,סילאן דבש תמרים כשר,"דין שיווק וקליה בע""מ",IL,סילאן שקדיה 900 גרם,גרמים,900.00,100 גרם,false,,9.90,0.0110,true,1,6495
7290006664037,false,גמדים דגנים ארוחת בוקר מארז 100X4ג',"שטראוס בריאות בע""מ",IL,מארז גמדים תות/ תפוח,גרמים,400.00,100 גרם,false,,10.90,0.0273,true,1,4092
7290006664051,false,"אקטימל לבן מארז 100X14 מ""ל",מיוצר עי קונדיטוריית,IL,אקטימל דנונה 14*100,קילוגרמים,1.40,ליטר,false,,28.90,20.6429,true,1,2022
7290006664310,false,גבינה לבנה 3% שומן 250 ג' שטראוס,מיוצר עי קונדיטוריית,IL,גבינה 3% סקי 250 גרם,גרמים,250.00,100 גרם,false,,4.90,0.0196,true,1,2024
7290006664402,false,גבינה 5% שומן 750 ג' שטראוס,מיוצר עי קונדיטוריית,IL,גבינה 5% סקי 750 גרם,גרמים,750.00,100 גרם,false,,12.90,0.0172,true,1,3421
7290006664532,false,יוגורט עם תות 3% שומן 150 ג' דנונה,מיוצר עי קונדיטוריית,IL,דנונה פרי תות 150 גר,גרמים,150.00,100 גרם,false,,3.50,0.0233,true,1,2026
7290006664655,false,"אקטימל לבן טבעי מארז 100X8 מ""ל",מיוצר עי קונדיטוריית,IL,אקטימל דנונה 8*100 מ,מיליליטרים,800.00,"100 מ""ל",false,,19.50,0.0244,true,1,2028
7290006664693,false,יוגורט עם אפרסק 3% שומן 150 ג' דנונה,מיוצר עי קונדיטוריית,IL,דנונה פרי אפרסק 150,מיליליטרים,150.00,"100 מ""ל",false,,3.50,0.0233,true,1,2029
7290006664990,false,דנונה ביו מארז חיסכון 1.5% 8 יח' *150 ג',מיוצר עי קונדיטוריית,IL,מארז יוגורט פרוביוטי,קילוגרמים,1.20,ליטר,false,,15.90,13.2500,true,1,2031
7290006681553,false,שטראוס קרמבו ווניל 8יח,"גלידת שטראוס בע""מ",IL,קרמבו וניל שטראוס 8,גרמים,200.00,100 גרם,false,,12.90,0.0645,true,1,59084
7290006696717,false,יקבי אפרת תירוש מוסקט לבן 1 ליטר,יקב טפרברג 1870 בעמ,IL,תירוש לבן אפרת 1 ליט,קילוגרמים,1.00,ליטר,false,,12.90,12.9000,true,1,2043
7290006712981,false,"קולגייט משחת שיניים סמיילס לגילאי 6 50 מ""ל",הנסיך- מפעל לייצור ט,PL,משחת קולגייט ילדים ב,מיליליטרים,50.00,"100 מ""ל",false,,11.90,0.2380,true,1,14163
7290006719065,false,"ירכיים עוף ארוז קפוא בד""ץ תפארת אנ""ש",,,"ירכיים עוף קפוא חב""ד",קילוגרמים,1.00,"ק""ג",true,,24.90,24.9000,true,1,57598
7290006730268,false,טרופיק פקק 40 יח,קלית סיטבון בעמ,IL,טרופיק פקק 40 יח,קילוגרמים,8.00,ליטר,false,,39.90,4.9875,true,1,9053
7290006739131,false,בצק גולמי פילו זוגלובק 500ג',מאפיית אריאל,IL,בצק פילו זוגלובק 500,גרמים,500.00,100 גרם,false,,12.90,0.0258,true,1,12151
7290006739407,false,שניצל תירס לייט 630 ג' זוגלובק,נקניק נהריה כשר זוגל,IL,שניצל תירס לייט זוגל,גרמים,630.00,100 גרם,false,,19.90,0.0316,true,1,5564
7290006739414,false,סלמי קוניאק 300 ג' זוגלובק,נקניק נהריה כשר זוגל,IL,סלמי קוניאק זוגלובק,גרמים,300.00,100 גרם,false,,24.90,0.0830,true,1,4796
7290006739421,false,סלמי מעושן איטלקי 300 ג' זוגלובק,נקניק נהריה כשר זוגל,IL,סלמי מעושן איטלקי זו,גרמים,300.00,100 גרם,false,,24.90,0.0830,true,1,4795
7290006739445,false,שניצל תירס קלאסי 750 ג' זוגלובק,נקניק נהריה כשר זוגל,IL,שניצל תירס זוגלובק 7,גרמים,750.00,100 גרם,false,,24.90,0.0332,true,1,3641
7290006741363,false,"בורקס תפו""א זוגלובק בד""צ 800ג'",מאפיית אריאל וגידרון,IL,בורקס תפוא זוגלובק 8,גרמים,800.00,100 גרם,false,,13.90,0.0174,true,1,2045
7290006741387,false,"מלאווח תימני זוגלובק 700 ג' בד""צ",נקניק נהריה כשר זוגל,IL,מלוואח זוגלובק 700 ג,גרמים,700.00,100 גרם,false,,12.90,0.0184,true,1,2046
7290006742278,false,פסטרמה הודו צלויה על לבנים 330 ג' זוגלובק,נקניק נהריה כשר זוגל,IL,פסטרמה צלויה על לבני,גרמים,330.00,100 גרם,false,,25.90,0.0785,true,1,4800
7290006742315,false,פסטרמה חזה הודו ברביקיו זוגלובק 330 ג',נקניק נהריה כשר זוגל,IL,פסטרמה ברביקיו זוגלו,גרמים,330.00,100 גרם,false,,25.90,0.0785,true,1,4797
7290006764065,false,"בירה נשר מאלט בקבוק חוזר 500 מ""ל","טמפו משקאות בע""ם.",IL,בירה נשר מאלט ב.חוזר,מיליליטרים,500.00,"100 מ""ל",false,,4.80,0.0096,true,1,6509
7290006764072,false,"גולדסטאר בירה בק חוזר 500 מ""ל","טמפו משקאות בע""מ",IL,בירה גולדסטאר ב.חוזר,מיליליטרים,500.00,"100 מ""ל",false,,7.90,0.0158,true,1,6508
7290006764157,false,"בירה גולדסטאר לא מסונן חוזר 500 מ""ל",טמפו משקאות בע''מ,IL,בירה גולדסטאר לא מסו,מיליליטרים,500.00,"100 מ""ל",false,,7.90,0.0158,true,1,47168
7290006765000,false,טורטיות חיטה מלאה 8יח 540 ג',אלקטי קוראבייכיסיגיד,TR,טורטיות חיטה מלאה 12,גרמים,540.00,100 גרם,false,,11.90,0.0220,true,1,8760
7290006775016,false,עוגה מבית טוב 450 גרם תפוז,אחדות ביחר לטחינה חל,IL,עוגת תפוז אחוה 450 ג,גרמים,450.00,100 גרם,false,,9.80,0.0218,true,1,2055
7290006775023,false,"עוגה מבית טוב"" 450 גרם אנגלית",אחדות ביחר לטחינה חל,IL,עוגה אנגלית אחוה 450,גרמים,450.00,100 גרם,false,,9.80,0.0218,true,1,2056
7290006775030,false,"עוגה מבית טוב"" 450 גרם שוקו-ציפס",אחדות ביחר לטחינה חל,IL,עוגת שוקולד ציפס אחו,גרמים,450.00,100 גרם,false,,9.80,0.0218,true,1,2057
7290006775047,false,"עוגה מבית טוב"" 450 גרם שוקולד",אחדות ביחר לטחינה חל,IL,עוגת שוקולד אחוה 450,גרמים,450.00,100 גרם,false,,9.80,0.0218,true,1,2058
7290006775054,false,עוגת שיש אחווה 450 ג' אחוה,אחדות ביחר לטחינה חל,IL,עוגת שיש אחוה 450 גר,גרמים,450.00,100 גרם,false,,9.80,0.0218,true,1,2059
7290006775085,false,עוגת שמרים במילוי שוקולד 400גר,אחדות ביחר לטחינה חל,IL,עוגת שמרים שוקולד אח,גרמים,400.00,100 גרם,false,,9.80,0.0245,true,1,2061
7290006775191,false,מאפין ממולא בטעם שוקולד 50 גרם אחוה,אחדות ביחר לטחינה חל,IL,מאפין במילוי שוקולד,גרמים,50.00,100 גרם,false,,1.30,0.0260,true,1,2062
7290006775306,false,מאפינס אישי וניל במילוי תות אחווה 50ג',אחדות ביחר לטחינה חל,IL,מאפין במילוי תות אחו,גרמים,50.00,100 גרם,false,,1.30,0.0260,true,1,2961
7290006775337,false,עוגת שמרים פרג 400 ג אחוה,אחדות ביחר לטחינה חל,IL,עוגת שמרים פרג אחוה,גרמים,400.00,100 גרם,false,,9.80,0.0245,true,1,2064
7290006775344,false,עוגת שמרים קינמון ואגוזי מלך 400 גרם,אחדות ביחר לטחינה חל,IL,עוגת שמרים במילוי קר,גרמים,400.00,100 גרם,false,,9.80,0.0245,true,1,2065
7290006775405,false,מאפינס שוקוצ'יפס אישי אחווה 45גרם,אחדות ביחר לטחינה חל,IL,מאפין שוקולד ציפס אח,גרמים,45.00,100 גרם,false,,1.30,0.0289,true,1,2066
7290006775764,false,"עוגת שוקוצ'יפס לל""ס אחדות 400 גר'",אחדות ביחר לטחינה חל,IL,עוגת שוקולד ציפס ללא,גרמים,400.00,100 גרם,false,,10.90,0.0273,true,1,2068
7290006775801,false,אחווה רוגעלך שוקולד 400 גר,אחדות ביחר לטחינה חל,IL,רוגעלך בטעם שוקולד א,גרמים,400.00,100 גרם,false,,8.90,0.0223,true,1,23254
7290006788429,false,"קרליין - נושם סאן רייס דאודורנט רול און לאישה כתום 75 מ""ל",אמיליה קוסמטיקס בעמ,IL,דאו רול און קרליין ס,גרמים,75.00,100 גרם,false,,11.70,0.1560,true,1,2084
7290006788436,false,"קרליין - נושם פיור דאודורנט רול און לאישה ורוד 75 מ""ל",משווק: קוסמופארם בעמ,IL,דאו רול און קרליין פ,גרמים,75.00,100 גרם,false,,11.70,0.1560,true,1,2085
7290006788443,false,"קרליין - נושם אוקסיג'ן דאודורנט רול און לאישה סגול 75 מ""ל",מולינו ניקולי s.p.a,IL,דאו רול און קרליין א,גרמים,75.00,100 גרם,false,,11.70,0.1560,true,1,2086
7290006788498,false,"קרליין - נושם פיור דאודורנט ספריי לאישה ורוד 200 מ""ל",מיוצר עי : אמיליה קו,IL,דאו ספריי קרליין נוש,מיליליטרים,200.00,"100 מ""ל",false,,11.70,0.0585,true,1,2088
7290006788504,false,"קרליין - נושם אוקסיג'ן דאודורנט ספריי לאישה סגול 200 מ""ל",מיוצר עי : אמיליה קו,IL,דאו ספריי קרליין נוש,מיליליטרים,200.00,"100 מ""ל",false,,11.70,0.0585,true,1,2089
7290006805355,false,תערובת להכנת כדורי שוקולד פילסברי 500ג',הדקלאים אגודת שיתופי,IL,תערובת להכנת כדורי ש,גרמים,500.00,100 גרם,false,,15.90,0.0318,true,1,2092
7290006805850,false,תערובת להכנת פנקייקס 500ג' פילסברי,הדקלאים אגודת שיתופי,IL,תערובת להכנת פנקייק,גרמים,500.00,100 גרם,false,,15.90,0.0318,true,1,2093
7290006983176,false,אוסם - לחמית שיפון 250 גרם,"אסם השקעות בע""מ",IL,לחמית שיפון 230 גרם,גרמים,230.00,100 גרם,false,,7.90,0.0343,true,1,2120
7290006983206,false,אסם תערובת פלאפל בקלי קלות 180גר,"אסם השקעות בע""מ",IL,אבקת פלאפל אסם 180 ג,גרמים,180.00,100 גרם,false,,9.50,0.0528,true,1,5648
7290006983527,false,עוגת הבית תפוחי עץ עם פירורים 400 ג' אסם,מיוצר עי קונדיטוריית,IL,עוגת תפוח עץ פרורים,גרמים,400.00,100 גרם,false,,14.90,0.0373,true,1,2121
7290006983770,false,עוגת הבית שיש 400 ג' אסם,מיוצר עי קונדיטוריית,IL,עוגת שיש אסם 400 גרם,גרמים,400.00,100 גרם,false,,10.90,0.0273,true,1,2122
7290006983787,false,עוגת הבית שוקוציפס 400 גרם אסם,מיוצר עי קונדיטוריית,IL,עוגת שוקולד ציפס אסם,גרמים,400.00,100 גרם,false,,10.90,0.0273,true,1,2123
7290006983794,false,עוגת הבית תפוז 400 ג' אסם,מיוצר עי קונדיטוריית,IL,עוגת תפוז אסם 380 גר,גרמים,400.00,100 גרם,false,,10.90,0.0273,true,1,2124
7290006992161,false,מטרנה - דייסת קורנפלור פרוביוטי 200 גרם,מולינו ניקולי s.p.a,IL,דייסת קורנפלור מטרנה,גרמים,200.00,100 גרם,false,,12.90,0.0645,true,1,2126
7290006992185,false,"מטרנה - דייסת אורז פרוביוטי כשל""פ 200 גרם",מולינו ניקולי s.p.a,IL,דייסת אורז מטרנה 200,גרמים,200.00,100 גרם,false,,12.90,0.0645,true,1,2128
7290006992208,false,מטרנה - דייסת דגנים מעורבים 200 גרם,מטרנה תעשיות ש.מ,IL,דייסת דגנים מעורבים,גרמים,200.00,100 גרם,false,,12.90,0.0645,true,1,2130
7290006992390,false,"מטרנה - דייסת וניל פרוביוטי כשל""פ 200 גרם",מולינו ניקולי s.p.a,IL,דייסת וניל מטרנה 200,גרמים,200.00,100 גרם,false,,12.90,0.0645,true,1,2132
7290008154222,false,שניצלונים עוף טוב 700 גרם,מוצרי עוף טוב (2001),IL,שניצלונים עוף טוב 70,גרמים,700.00,100 גרם,false,,12.70,0.0181,true,1,2631
7290008190985,false,סוכריות על מקל בטעם,כרמית תעשיות ממתקים,IL,סוכריות על מקל בטעם,גרמים,500.00,100 גרם,false,,12.90,0.0258,true,1,2640
7290008194266,false,מארזים מתוקים א.אטיא,ממתקי השלום,IL,חטיפים מעורב 350 גרם,גרמים,350.00,100 גרם,false,,12.90,0.0369,true,1,5209
7290008194501,false,בוטנים קרמל מלוח/ציפ,ממתקי השלום,IL,בוטנים קרמל מלוח/ציפ,גרמים,250.00,100 גרם,false,,12.90,0.0516,true,1,51504
7290008194839,false,חטיפים מצופים אטיאס,ממתקי השלום,IL,חטיפים מצופים 300 גר,גרמים,300.00,100 גרם,false,,12.90,0.0430,true,1,22683
7290008257138,false,פטמות איקס לבקבוק צר שלישייה,אריסטוקרט,,פטמות לבקבוק צר אריס,Unknown,0.00,יחידה,false,,4.90,0.0000,true,1,2642
7290008257169,false,פלסטר אריסטוקרט 100,אריסטוקרט,CN,פלסטר אריסטוקרט 100,Unknown,0.00,יחידה,false,,6.90,0.0000,true,1,2643
7290008257176,false,מחלק מנות אריסטוקרט,אריסטוקרט,,מחלק מנות אריסטוקרט,Unknown,0.00,יחידה,false,,10.90,0.0000,true,1,2644
7290008257206,false,מברשת לניקוי בקבוקים,אריסטוקרט,,מברשת לניקוי בקבוקים,Unknown,0.00,יחידה,false,,4.90,0.0000,true,1,2645
7290008257305,false,מוצץ סיליקון אורטודנטי זוג מצוייר קטן,אריסטוקרט,,מוצץ סיליקון קטן ארי,Unknown,0.00,יחידה,false,,13.90,0.0000,true,1,2651
7290008257312,false,מוצץ סיליקון אורטודנטי זוג מצוייר איריס גדול,אריסטוקרט,,מוצץ סיליקון גדול אר,Unknown,0.00,יחידה,false,,13.90,0.0000,true,1,2652
7290008257558,false,מבריק נעליים ספוד דו צדדי,אריסטוקרט,TR,מבריק נעליים אריסטוק,Unknown,0.00,יחידה,false,,5.90,0.0000,true,1,2657
7290008335553,false,קובה בשר וצנובר 600ג שלושת האופים,האי נאם סי או אל.טי.,IL,קובה בשר ש. האופים 6,גרמים,600.00,100 גרם,false,,7.90,0.0132,true,1,52520
7290008335560,false,סיגרים בשר ש. האופים,האי נאם סי או אל.טי.,IL,סיגרים בשר ש. האופים,גרמים,600.00,100 גרם,false,,7.90,0.0132,true,1,52521
7290008335577,false,פסטלים תפוא ש. האופי,האי נאם סי או אל.טי.,IL,פסטלים תפוא ש. האופי,גרמים,600.00,100 גרם,false,,7.90,0.0132,true,1,52522
7290008335584,false,סיגרים תפוא ש. האופי,האי נאם סי או אל.טי.,IL,סיגרים תפוא ש. האופי,גרמים,600.00,100 גרם,false,,7.90,0.0132,true,1,52523
7290008336796,false,בשר ראש חלק קפוא (נטו),פריגוצאי,,בשר ראש קפוא טאק טור,קילוגרמים,1.00,"ק""ג",true,,69.90,69.9000,true,1,2668
7290008343466,false,בצק פילו 500 ג' שלושת האופים,כלורוקס אוקלנד,IL,בצק פילו ש.האופים 50,גרמים,500.00,100 גרם,false,,16.90,0.0338,true,1,2671
7290008343503,false,גחנון אפוי 650 גר' שלושת האופים קהילות,שלושת האופים,IL,גחנון ש.האופים 650 ג,גרמים,650.00,100 גרם,false,,16.90,0.0260,true,1,2672
7290008343558,false,"סיגרים בשר שלושת האופים 1 ק""ג",שלושת האופים,IL,סיגרים בשר ש.האופים,פריט,1.00,"ק""ג",false,,18.90,18.9000,true,1,2673
7290008343565,false,"סיגרים תפו""א 1 ק""ג שלושת האופים",שלושת האופים,IL,סיגרים תפוא ש.האופים,פריט,1.00,"ק""ג",false,,18.90,18.9000,true,1,2674
7290008343572,false,"אגרול סיני 1 ק""ג שלושת האופים",שלושת האופים,IL,אגרול סיני ש.האופים,פריט,1.00,"ק""ג",false,,18.90,18.9000,true,1,2675
7290008343602,false,"קובה בשר 1 ק""ג שלושת האופים",שלושת האופים,IL,קובה בשר ש.האופים 1,פריט,1.00,"ק""ג",false,,18.90,18.9000,true,1,2676
7290008343619,false,"פסטלים תפו""א שלושת האופים 1 ק""ג",שלושת האופים,IL,פסטלים תפוא ש.האופים,פריט,1.00,"ק""ג",false,,18.90,18.9000,true,1,2677
7290008343626,false,"כדורי פלאפל 1 ק""ג שלושת האופים",שלושת האופים,IL,כדורי פלאפל ש.האופים,פריט,1.00,"ק""ג",false,,18.90,18.9000,true,1,2678
7290008347211,false,אצבעות דג מצופות נטו,אף.סי תבליני בגליל ב,IL,אצבעות דג מצופות דלי,גרמים,700.00,100 גרם,false,,19.90,0.0284,true,1,2679
7290008409049,false,שניצל אמיתי מעודן 20% מאמא עוף 700ג',תנובה גליל שותפות מו,IL,שניצלונים מיני מאמא,גרמים,500.00,100 גרם,false,,19.90,0.0398,true,1,8540
7290008409407,false,שניצל דק ציפס מאמא עוף 700 ג',תנובה גליל שותפות מו,IL,שניצל דק דק ציפס מאמ,גרמים,700.00,100 גרם,false,,29.90,0.0427,true,1,6410
7290008409551,false,שניצל עוף אמיתי בציפוי מעודן 700 ג' מאמא עוף,תנובה גליל שותפות מו,IL,שניצל מעודן מאמא עוף,גרמים,700.00,100 גרם,false,,29.90,0.0427,true,1,2708
7290008409568,false,שניצל ציפס אמיתי מאמא עוף 700 ג',תנובה גליל שותפות מו,IL,שניצל ציפס מאמא עוף,גרמים,700.00,100 גרם,false,,29.90,0.0427,true,1,2709
7290008409582,false,שניצל אמיתי בציפוי ביתי מאמא עוף 700 ג',תנובה גליל שותפות מו,IL,שניצל ביתי מאמא עוף,גרמים,700.00,100 גרם,false,,29.90,0.0427,true,1,2710
7290008423014,false,פלפל שחור גרוס פרג 1,תבליני הדור השלישי,IL,פלפל שחור גרוס פרג 1,גרמים,100.00,100 גרם,false,,15.90,0.1590,true,1,2719
7290008423021,false,תבלין כמון 500 גרם,תבליני הדור השלישי,IL,כמון פרג 400 גרם,גרמים,400.00,100 גרם,false,,34.90,0.0872,true,1,2720
7290008423045,false,תבלין לקציצות פרג 10,תבליני הדור השלישי,IL,תבלין לקציצות פרג 10,גרמים,100.00,100 גרם,false,,16.90,0.1690,true,1,2721
7290008423243,false,מלח שולחן הים האדום,מלח הארץ,IL,מלח שולחן הים האדום,גרמים,650.00,100 גרם,false,,7.50,0.0115,true,1,18088
7290008443616,false,"מרכך לשיער יבש אדום 750 מ""ל נקה 7",אמיליה קוסמטיקס בעמ,IL,מרכך נקה 7 לשיער יבש,מיליליטרים,750.00,"100 מ""ל",false,,8.70,0.0116,true,1,2725
7290008443630,false,"נקה 7 - שמפו מתולתל סגול 750 מ""ל",טרופיקל דגיל תעשיות,IL,שמפו נקה 7 לשיער מתו,מיליליטרים,750.00,"100 מ""ל",false,,8.70,0.0116,true,1,3472
7290008455619,false,עוף מס 2 קפוא לנדא,,IL,עוף מס 2 קפוא לנדא,קילוגרמים,1.00,"ק""ג",true,,27.90,27.9000,true,1,61891
7290008455732,false,שניצל עוף פרוס ארוז קפוא לנדא אחדות,,IL,שניצל עוף קפוא לנדא,קילוגרמים,1.00,"ק""ג",true,,47.90,47.9000,true,1,61903
7290008455824,false,כרעיים עוף טרי לנדא,,,כרעיים עוף טרי לנדא,קילוגרמים,1.00,"ק""ג",true,,44.90,44.9000,true,1,61439
7290008464024,false,בירה גולדסטאר לא מסונן פחית 500 מל,"טמפו משקאות בע""מ",IL,בירה גולדסטאר פחית 4,מיליליטרים,500.00,"100 מ""ל",false,,7.90,0.0158,true,1,14323
7290008464130,false,"בירה גולדסטאר לא מסונן 330X6מ""ל",טמפו,IL,מארז בירה גולדסטאר 4,קילוגרמים,1.98,ליטר,false,,29.90,15.1010,true,1,9273
7290008464468,false,"בירה גולדסטאר פחית 500 מ""ל","טמפו משקות בע""מ",IL,בירה גולדסטאר פחית 4,מיליליטרים,500.00,"100 מ""ל",false,,7.90,0.0158,true,1,14322
7290008464734,false,"בירה גולדסטאר SLOW BREW מארז 330X6מ""ל",טמפו משקאות בע''מ,IL,מארז בירה גולדסטאר 1,קילוגרמים,1.98,ליטר,false,,29.90,15.1010,true,1,28076
7290008464741,false,"בירה גולדסטאר בק' מארז 330X6מ""ל",קריות זול,IL,מארז בירה גולדסטאר 4,קילוגרמים,1.98,ליטר,false,,35.90,18.1313,true,1,2730
7290008464796,false,"בירה היינקין ח""פ בקבוק 330X6מ""ל",קריות זול,IL,מארז בירה היינקן 5%,קילוגרמים,1.98,ליטר,false,,29.90,15.1010,true,1,2731
7290008464987,false,מארז סודה טמפו 6*1.5,טמפו,IL,מארז סודה טמפו 6*1.5,קילוגרמים,9.00,ליטר,false,,15.90,1.7667,true,1,2732
7290008466769,false,שנייק קינמון אנטקובי,אנטיקביץ,IL,שנייק קינמון אנטקובי,גרמים,600.00,100 גרם,false,,12.90,0.0215,true,1,63105
7290008466776,false,שנייק וניל אנטקוביץ,אנטיקביץ,IL,שנייק וניל אנטקוביץ,גרמים,600.00,100 גרם,false,,12.90,0.0215,true,1,63106
7290008466783,false,שנייק שוקולד אנטקובי,אנטיקביץ,IL,שנייק שוקולד אנטקובי,גרמים,600.00,100 גרם,false,,12.90,0.0215,true,1,63107
7290008470759,false,מסטיק אורביט ספירמינט מארז שמינייה,ריגלי,FR,אורביט סטיקס 8*5 יח,גרמים,124.00,100 גרם,false,,13.90,0.1121,true,1,10568
7290008470766,false,מסטיק אורביט פפרמינט מארז שמינייה,ריגלי,FR,אורביט סטיקס 8*5 יח,גרמים,124.00,100 גרם,false,,13.90,0.1121,true,1,10567
7290008507059,false,קציצות מרוקאיות חריפ,נתח אדום,IL,קציצות מרוקאיות חריפ,גרמים,600.00,100 גרם,false,,29.90,0.0498,true,1,60443
7290008507288,false,שווארמה הודו מתובל נ,נתח אדום,IL,שווארמה הודו מתובל נ,גרמים,400.00,100 גרם,false,,29.90,0.0747,true,1,60441
7290008507431,false,רצועות אסאדו עגל נתח,נתח אדום,IL,רצועות אסאדו עגל נתח,גרמים,600.00,100 גרם,false,,49.90,0.0832,true,1,64194
7290008507486,false,אנטריקוט דקדק נתח אד,נתח אדום,IL,אנטריקוט דקדק נתח אד,גרמים,250.00,100 גרם,false,,29.90,0.1196,true,1,64191
7290008507493,false,נתחי צוואר עגל נתח א,נתח אדום,IL,נתחי צוואר עגל נתח א,גרמים,600.00,100 גרם,false,,49.90,0.0832,true,1,64192
7290008545136,false,דנוור קאט סטייק טרי,,,דנוור קאט סטייק טרי,קילוגרמים,1.00,"ק""ג",true,,99.90,99.9000,true,1,57852
7290008545143,false,פלאט איירון סטייק טר,,,פלאט איירון סטייק טר,קילוגרמים,1.00,"ק""ג",true,,119.90,119.9000,true,1,57853
7290008545181,false,בשר עגל טחון דל שומן,,,בשר עגל טחון דל שומן,קילוגרמים,1.00,"ק""ג",true,,69.90,69.9000,true,1,60411
7290008545198,false,אונטריפ צלעות טרי עט,,,אונטריפ צלעות טרי עט,קילוגרמים,1.00,"ק""ג",true,,79.90,79.9000,true,1,62784
7290008545204,false,דלמוניקו סטייק טרי ע,,,דלמוניקו סטייק טרי ע,קילוגרמים,1.00,"ק""ג",true,,89.90,89.9000,true,1,62785
7290008545778,false,גולש דל שומן טרי עטר,,,גולש דל שומן טרי עטר,קילוגרמים,1.00,"ק""ג",true,,59.90,59.9000,true,1,65273
7290008597906,false,אורז יסמין שקדיה 5 ק,,TH,אורז יסמין שקדיה 5 ק,פריט,5.00,"ק""ג",false,,39.90,7.9800,true,1,3555
7290008611039,false,פילה סלמון נורווגי,,,פילה סלמון נורווגי,קילוגרמים,1.00,"ק""ג",true,,64.90,64.9000,true,1,56307
7290008611046,false,פילה סלמון נורווגי,,,פילה סלמון נורווגי,קילוגרמים,1.00,"ק""ג",true,,69.90,69.9000,true,1,56188
7290008611091,false,מנות פילה סלמון,,,מנות פילה סלמון,קילוגרמים,1.00,"ק""ג",true,,79.90,79.9000,true,1,63411
7290008611138,false,טונה אדומה במשקל,,,טונה אדומה במשקל,קילוגרמים,1.00,"ק""ג",true,,49.90,49.9000,true,1,64332
7290008611343,false,מנות פילה נסיכת הניל,נטורס פיש לימיטד,UG,מנות פילה נסיכת הניל,קילוגרמים,1.00,"ק""ג",true,,46.90,46.9000,true,1,64115
7290008611350,false,פילה אמנון 5-9 בסט פ,,UG,פילה אמנון 5-9 בסט פ,קילוגרמים,1.00,"ק""ג",true,,24.90,24.9000,true,1,64327
7290008631556,false,אחדות כרעיים עוף במגש קפוא לנדא,,,כרעיים עוף קפוא לנדא,קילוגרמים,1.00,"ק""ג",true,,39.90,39.9000,true,1,61895
7290008631563,false,חזה עוף קפוא ארוז לנדא,,IL,חזה עוף קפוא לנדא,קילוגרמים,1.00,"ק""ג",true,,44.90,44.9000,true,1,61899
7290008631570,false,שוקיים עוף במגש קפוא לנדא,,IL,שוקיים עוף קפוא לנדא,קילוגרמים,1.00,"ק""ג",true,,41.90,41.9000,true,1,61898
7290008631587,false,ירכיים עוף קפוא לנדא,,,ירכיים עוף קפוא לנדא,קילוגרמים,1.00,"ק""ג",true,,36.90,36.9000,true,1,61896
7290008631594,false,אחדות כנפיים עוף במגש קפוא לנדא,,IL,כנפיים עוף קפוא לנדא,קילוגרמים,1.00,"ק""ג",true,,16.90,16.9000,true,1,61904
7290008631600,false,גרונות עוף קפוא ארוז לנדא במגש,,IL,גרון עוף קפוא לנדא,קילוגרמים,1.00,"ק""ג",true,,3.90,3.9000,true,1,61907
7290008631624,false,פילה עוף לנדא קפוא,,IL,פילה עוף טרי לנדא,קילוגרמים,1.00,"ק""ג",true,,29.90,29.9000,true,1,61902
7290008631952,false,כנפיים לחמין לנדא,,IL,כנפיים לחמין לנדא,קילוגרמים,1.00,"ק""ג",true,,9.90,9.9000,true,1,64963
7290008631976,false,טבעות עוף 700 גר' לנדא אחדות,,IL,טבעות עוף לנדא 700 ג,גרמים,700.00,100 גרם,false,,29.90,0.0427,true,1,64964
7290008636018,false,שוקולד כפתורי ם שמיניה 40 ג',מיה תעשיות מזון בעמ,IL,כפתורי צמקאו עם סוכר,גרמים,240.00,100 גרם,false,,9.90,0.0413,true,1,2737
7290008636193,false,תבלין כמון 300 גרם,מיה תעשיות מזון בעמ,IL,כמון מיה 300 גרם,גרמים,300.00,100 גרם,false,,14.90,0.0497,true,1,2738
7290008636209,false,תבלין כורכום 300גרם,מיה תעשיות מזון בעמ,IL,כורכום מיה 300 גרם,גרמים,300.00,100 גרם,false,,14.90,0.0497,true,1,2739
7290008636216,false,תבלין אבקת שום 300 גרם,מיה תעשיות מזון בעמ,IL,אבקת שום מיה 300 גרם,גרמים,300.00,100 גרם,false,,24.90,0.0830,true,1,2740
7290008645935,false,חומוס לניגוב אחלה 750 ג',"שטראוס גרופ בע""מ",IL,חומוס אחלה 750 גרם,גרמים,750.00,100 גרם,false,,9.50,0.0127,true,1,20246
7290008670012,false,"יין רקאנטי קברנה סוביניון 2019 750 מ""ל",תות ממתקי איכות,IL,יין רקנאטי קברנה סוב,מיליליטרים,750.00,"100 מ""ל",false,,49.90,0.0665,true,1,26645
7290008670029,false,"יין רקאנטי מרלו 2018 750 מ""ל",תות ממתקי איכות,IL,יין רקנאטי מרלו 2016,מיליליטרים,750.00,"100 מ""ל",false,,49.90,0.0665,true,1,26646
7290008670159,false,"יין רקנאטי יסמין לבן 750 מ""ל","יקבי רקנאטי בע""מ",IL,יין רקנאטי יסמין לבן,מיליליטרים,750.00,"100 מ""ל",false,,29.90,0.0399,true,1,26649
7290008670210,false,יין רקנאטי שירז 750מ,תות ממתקי איכות,IL,יין רקנאטי שיראז 201,מיליליטרים,750.00,"100 מ""ל",false,,49.90,0.0665,true,1,26647
7290008693134,false,מעדן גבינה ויוגורט בטעם תות 5% שומן 88 ג' דניאלה,"שטראוס בריאות בע""מ",IL,דניאלה תות 88 גרם,Unknown,0.00,יחידה,false,,3.90,0.0000,true,1,2763
7290008713016,false,לחם אנג'ל שבעה דגנים קל 500 ג',מאפיית שלמה א. אנג'ל,IL,לחם קל 7 דגנים אנגל,גרמים,500.00,100 גרם,false,,14.90,0.0298,true,1,39014
7290008713900,false,לחם שיפון עגול 750 ג' אנג'ל,מאפיית אנג'ל אורנים,IL,לחם שיפון עגול אחדות,גרמים,750.00,100 גרם,false,,12.90,0.0172,true,1,39029
7290008713917,false,לחם שיפון כהה 750 ג' אנג'ל,מאפית אורנים,IL,לחם שיפון כהה אחדות,גרמים,750.00,100 גרם,false,,12.90,0.0172,true,1,39027
7290008745239,false,תפוצ'יפס אקסטרא טבעי 50 ג',"שטראוס פריטו ליי בע""",IL,תפוציפס אקסטרא טבעי,גרמים,55.00,100 גרם,false,,3.50,0.0636,true,1,20817
7290008747547,false,תפוצ'יפס אקסטרא 200גר טבעי,"שטראוס פריטו ליי בע""",IL,תפוציפס קראנצ טבעי 2,גרמים,200.00,100 גרם,false,,9.90,0.0495,true,1,20711
7290008753111,false,תפוציפס קראנץ מקסיקנ,"שטראוס פריטו ליי בע""",IL,תפוציפס אקסטרא מקסיק,גרמים,50.00,100 גרם,false,,3.50,0.0700,true,1,20818
7290008754040,false,ממרח פרה שוקולד 850 גר - מגדים,STRAUSS-ISRAEL,IL,ממרח בטעם שוקולד פרה,גרמים,850.00,100 גרם,false,,13.90,0.0164,true,1,2773
7290008757980,false,נקטר ספרינג רימונים קרטונית 1 ל',"יפאורה תבורי בע""מ",IL,נקטר ספרינג רימון 1,קילוגרמים,1.00,ליטר,false,,6.50,6.5000,true,1,2777
7290008761925,false,"בקר טחון עטרה 1.2 ק""",טיבון ויל,IL,"בקר טחון עטרה 1.2 ק""",פריט,1.20,"ק""ג",false,,29.90,24.9167,true,1,20164
7290008775816,false,ערגליות שוקו חדש12*300גרם 2020,מיוצר עי קונדיטוריית,IL,ערגליות שוקו אסם 300,גרמים,300.00,100 גרם,false,,7.90,0.0263,true,1,2780
7290008775823,false,ערגליות תות חדש12*300גרם 2020,מיוצר עי קונדיטוריית,IL,ערגליות תות אסם 300,גרמים,300.00,100 גרם,false,,7.90,0.0263,true,1,2781
7290008792264,false,מפיות טישיו טאצ' 100יח',"שניב תעשיות נייר בע""",,מפיות טאצ 100 יח',Unknown,0.00,יחידה,false,,4.90,0.0000,true,1,58858
7290008801010,false,"יין קברנה סוביניון מרלו פרייוט קולקשן 750 מ""ל",אגודת הכורמים הקאופו,IL,יין פ. קולקשיין קברנ,מיליליטרים,750.00,"100 מ""ל",false,,32.30,0.0431,true,1,2782
7290008801119,false,סלקטד סוביניון בלאן כרמל 750 מל,אגודת הכורמים הקואופ,IL,יין סלקטד סוביניון ב,מיליליטרים,750.00,"100 מ""ל",false,,28.90,0.0385,true,1,2783
7290008801157,false,מרלו סלקטד כרמל מזרחי 750 מל,קריות זול,IL,יין סלקטד מרלו,מיליליטרים,750.00,"100 מ""ל",false,,28.90,0.0385,true,1,2784
7290008801522,false,"יין קינג דיויד קונקורד אדום 750 מ""ל",אגודת הכורמים הקואופ,IL,יין קינג דיוויד קונק,מיליליטרים,750.00,"100 מ""ל",false,,18.90,0.0252,true,1,2787
7290008801539,false,כרמל קינג דיוויד מתוק כרמל 750 מל,אגודת הכורמים הקואופ,IL,יין קינג דיוויד 120,מיליליטרים,750.00,"100 מ""ל",false,,18.90,0.0252,true,1,2788
7290008801546,false,"יין מוסקט קינג דויד 750 מ""ל",אגודת הכורמים הקואופ,IL,יין קינג דיוויד מוסק,מיליליטרים,750.00,"100 מ""ל",false,,18.90,0.0252,true,1,2789
7290008801843,false,"יין סלקטד קברנה סובניון 750מ""ל","כד בני דרום בע""מ",IL,יין סלקטד קברנה סובי,מיליליטרים,750.00,"100 מ""ל",false,,28.90,0.0385,true,1,2790
7290008801850,false,"יין סלקטד אמרלד ריזלינג 750מ""ל",אגודת הכורמים הקואופ,IL,יין סלקטד אמרלד ריזל,מיליליטרים,750.00,"100 מ""ל",false,,28.90,0.0385,true,1,2791
7290008802291,false,"יין מרלו פרייוט קולקשן 750 מ""ל",אגודת הכורמים הקואופ,IL,יין פ. קולקשיין מרלו,מיליליטרים,750.00,"100 מ""ל",false,,32.30,0.0431,true,1,27
7290008802512,false,"יין וינו אדום יבש 750 מ""ל","כד בני דרום בע""מ",IL,יין וינו אדום יבש,מיליליטרים,750.00,"100 מ""ל",false,,17.90,0.0239,true,1,2792
7290008802529,false,"יין לבן חצי יבש וינו 750 מ""ל",קריות זול,IL,יין וינו לבן יבש,מיליליטרים,750.00,"100 מ""ל",false,,17.90,0.0239,true,1,52382
7290008802895,false,יין קברנה סוביניון פרייוט קולקשן,אגודת הכורמים הקאופו,IL,יין פ. קולקשיין קברנ,מיליליטרים,750.00,"100 מ""ל",false,,32.30,0.0431,true,1,2793
7290008805049,false,סלקטד זינפנדל כרמל מזרחי 750 מל,"כד בני דרום בע""מ",IL,יין סלקטד רוזה מתוק,מיליליטרים,750.00,"100 מ""ל",false,,28.90,0.0385,true,1,3007
7290008805520,false,"יין סלקטד קברנה מרלו 750מ""ל","כד בני דרום בע""מ",IL,יין סלקטד קברנה מרלו,מיליליטרים,750.00,"100 מ""ל",false,,28.90,0.0385,true,1,2797
7290008805964,false,"יין קברנה שיראז אזורית 750 מ""ל",אגודת הכורמים הקואופ,IL,יין גליל עליון קברנה,מיליליטרים,750.00,"100 מ""ל",false,,54.90,0.0732,true,1,8676
7290008836265,false,"יין מוסקט אלכסנדרוני נינוה 750מ""ל",יקב טפרברג 1870 בעמ,IL,יין אלכסנדר נינוה מו,מיליליטרים,750.00,"100 מ""ל",false,,24.90,0.0332,true,1,2805
7290008836272,false,"יין מוסקט המבורג נינוה 750מל""",יקב טפרברג 1870 בעמ,IL,יין המבורג נינוה מוס,מיליליטרים,750.00,"100 מ""ל",false,,24.90,0.0332,true,1,2806
7290008836401,false,ישן נושן - יקבי אפרת 1 ליטר,יקב טפרברג 1870 בעמ,IL,יין ישן נושן אדום אפ,קילוגרמים,1.00,ליטר,false,,16.90,16.9000,true,1,2807
7290008836425,false,יין מתוק קל 1 ליטר,יקב טפרברג 1870 בעמ,IL,יין אפרת קל 1 ליטר,קילוגרמים,1.00,ליטר,false,,16.90,16.9000,true,1,6912
7290008836494,false,יקבי אפרת תירוש טבעי אדום 1 ליטר,יקב טפרברג 1870 בעמ,IL,תירוש אדום אפרת 1 לי,קילוגרמים,1.00,ליטר,false,,12.90,12.9000,true,1,2808
7290008975551,false,מטרנה מהדרין חסכון שלב 3 700 גרם,מולינו ניקולי s.p.a,IL,מטרנה מהדרין שלב 3 7,גרמים,700.00,100 גרם,false,,49.90,0.0713,true,1,2836
7290008989015,false,בטר אנד דיפרנט דייסת אורז 400 גרם,בטר אנד דיפרנט B&D,IL,דייסת אורז ב.ד 400 ג,גרמים,400.00,100 גרם,false,,16.90,0.0422,true,1,2837
7290008989053,false,בטר אנד דיפרנט דייסת דגנים מעורב 400גרם,בטר אנד דיפרנט B&D,IL,דייסת דגנים מעורבים,גרמים,400.00,100 גרם,false,,16.90,0.0422,true,1,2840
7290008989169,false,אורז תפוח בשקית 500 גר',בטר אנד דיפרנט,IL,פצפוצי אורז ב.ד 500,גרמים,500.00,100 גרם,false,,18.90,0.0378,true,1,2841
7290008989749,false,פריכיות קינואה +אורז מלא 200 גרם,בטר אנד דיפרנט,IL,פריכיות קינואה עם או,גרמים,200.00,100 גרם,false,,9.90,0.0495,true,1,18901
7290008989848,false,חמאת בוטנים קרנצ'י 350 גר',בטר אנד דיפרנט B&D,IL,חמאת בוטנים קרנצ'י ב,גרמים,350.00,100 גרם,false,,13.90,0.0397,true,1,40057
7290008989855,false,בטר אנד דיפרנט פריכיות אורז מלא 80 גר,בטר אנד דיפרנט B&D,IL,פריכוני אורז מלא ב.ד,גרמים,80.00,100 גרם,false,,3.90,0.0487,true,1,4791
7290008989893,false,בטר&דיפרנט דייסה כוסמת 200 גר,בטר אנד דיפרנט B&D,IL,דייסת כוסמת ב.ד 200,גרמים,200.00,100 גרם,false,,9.90,0.0495,true,1,15444
7290008989909,false,סירופ תפוחים בי&די 1.2 ליטר מהדרין,בטר אנד דיפרנט,IL,סירופ ב.ד תפוחים 1.2,קילוגרמים,1.20,ליטר,false,,29.90,24.9167,true,1,2846
7290008989985,false,קופסאות אחסון מלבנית 1ל' חמישייה חלבי,בטר אנד דיפרנט,IL,מארז 4 קופסאות אחסון,Unknown,0.00,יחידה,false,,11.90,0.0000,true,1,4723
7290009000115,false,עגבניות שרי,אראל תוצרת חקלאית בע,IL,עגבניות שרי,קילוגרמים,1.00,"ק""ג",true,,14.90,14.9000,true,1,187
7290009000122,false,עגבניה חממה,אראל תוצרת חקלאית בע,IL,עגבניה,קילוגרמים,1.00,"ק""ג",true,,5.90,5.9000,true,1,232
7290009000207,false,מלפפון חממה,אראל תוצרת חקלאית בע,IL,מלפפון,קילוגרמים,1.00,"ק""ג",true,,5.90,5.9000,true,1,464
7290009000313,false,גזר-ארוז,אראל תוצרת חקלאית בע,IL,גזר ארוז,קילוגרמים,1.00,"ק""ג",true,,2.90,2.9000,true,1,1035
7290009000405,false,סלק אדום,אראל תוצרת חקלאית בע,IL,סלק,קילוגרמים,1.00,"ק""ג",true,,4.90,4.9000,true,1,1313
7290009000504,false,כרוב לבן,אראל תוצרת חקלאית בע,IL,כרוב לבן,קילוגרמים,1.00,"ק""ג",true,,4.90,4.9000,true,1,1624
7290009000511,false,כרוב אדום,אראל תוצרת חקלאית בע,IL,כרוב אדום,קילוגרמים,1.00,"ק""ג",true,,5.90,5.9000,true,1,1639
7290009000627,false,כרובית יחידה,אראל תוצרת חקלאית בע,IL,כרובית יחידה,Unknown,0.00,יחידה,false,,9.90,0.0000,true,1,19738
7290009000641,false,עגבניות מגי,אראל תוצרת חקלאית בע,IL,עגבניות מגי,קילוגרמים,1.00,"ק""ג",true,,7.90,7.9000,true,1,27199
7290009000702,false,לפת,אראל תוצרת חקלאית בע,IL,לפת,קילוגרמים,1.00,"ק""ג",true,,6.90,6.9000,true,1,2134
7290009000719,false,צנון,אראל תוצרת חקלאית בע,IL,צנון,קילוגרמים,1.00,"ק""ג",true,,6.90,6.9000,true,1,2144
7290009000771,false,שקיות הקפאה בינוני ז,,,שקיות הקפאה בינוני ז,Unknown,0.00,יחידה,false,,19.90,0.0000,true,1,21865
7290009000801,false,צנונית יח,ברכת קטיף,IL,צנונית יח,Unknown,0.00,יחידה,false,,5.90,0.0000,true,1,2611
7290009000832,false,בצל לבן פנינה,אראל תוצרת חקלאית בע,IL,בצל לבן פנינה,קילוגרמים,1.00,"ק""ג",true,,4.90,4.9000,true,1,2663
7290009000849,false,צנון שחור/לבן,אראל תוצרת חקלאית בע,IL,צנון שחור/לבן,קילוגרמים,1.00,"ק""ג",true,,5.90,5.9000,true,1,27421
7290009000870,false,אגס קוסטיה,אראל תוצרת חקלאית בע,IL,אגס ג'נטיל,קילוגרמים,1.00,"ק""ג",true,,11.90,11.9000,true,1,52921
7290009000887,false,סלרי ראש שקיל,אראל תוצרת חקלאית בע,IL,סלרי ראש שקיל,קילוגרמים,1.00,"ק""ג",true,,15.90,15.9000,true,1,59419
7290009000894,false,אגס קוסטיה,אראל תוצרת חקלאית בע,IL,אגס קוסטיה,קילוגרמים,1.00,"ק""ג",true,,10.90,10.9000,true,1,63238
7290009000900,false,בצל יבש,אראל תוצרת חקלאית בע,IL,בצל,קילוגרמים,1.00,"ק""ג",true,,4.90,4.9000,true,1,2849
7290009000924,false,כרוב אדום ברכת דוד,,IL,כרוב אדום ברכת דוד,קילוגרמים,1.00,"ק""ג",true,,14.90,14.9000,true,1,63295
7290009000931,false,בצל אדום,אראל תוצרת חקלאית בע,IL,בצל אדום,קילוגרמים,1.00,"ק""ג",true,,5.90,5.9000,true,1,2857
7290009000948,false,כרוב לבן ברכת דוד,,IL,כרוב לבן ברכת דוד,קילוגרמים,1.00,"ק""ג",true,,13.90,13.9000,true,1,63296
7290009000955,false,"בצל יבש כ-10 ק""ג",אראל תוצרת חקלאית בע,IL,"בצל יבש כ-10 ק""ג",פריט,10.00,"ק""ג",false,,29.90,2.9900,true,1,21960
7290009001006,false,אפונה,אראל תוצרת חקלאית בע,IL,אפונה,קילוגרמים,1.00,"ק""ג",true,,19.90,19.9000,true,1,144
7290009001105,false,בטטה מובחרת,אראל תוצרת חקלאית בע,IL,בטטה,קילוגרמים,1.00,"ק""ג",true,,9.90,9.9000,true,1,188
7290009001310,false,דלורית,אראל תוצרת חקלאית בע,IL,דלורית,קילוגרמים,1.00,"ק""ג",true,,5.90,5.9000,true,1,291
7290009001327,false,דלעת ערמונים,אראל תוצרת חקלאית בע,IL,דלעת ערמונים,קילוגרמים,1.00,"ק""ג",true,,9.90,9.9000,true,1,19803
7290009001419,false,חציל חממה,אראל תוצרת חקלאית בע,IL,חציל,קילוגרמים,1.00,"ק""ג",true,,4.90,4.9000,true,1,321
7290009001426,false,חציל ננסי,אראל תוצרת חקלאית בע,IL,חציל ננסי,קילוגרמים,1.00,"ק""ג",true,,8.90,8.9000,true,1,322
7290009001440,false,חציל מנומר/כוכב/נקני,אראל תוצרת חקלאית בע,IL,חציל מנומר/כוכב/נקני,קילוגרמים,1.00,"ק""ג",true,,5.90,5.9000,true,1,10724
7290009001501,false,פלפל אדום,אראל תוצרת חקלאית בע,IL,פלפל אדום,קילוגרמים,1.00,"ק""ג",true,,7.90,7.9000,true,1,341
7290009001518,false,פלפל ירוק בהיר,אראל תוצרת חקלאית בע,IL,פלפל ירוק בהיר,קילוגרמים,1.00,"ק""ג",true,,7.90,7.9000,true,1,342
7290009001525,false,פלפל חריף ירוק,אראל תוצרת חקלאית בע,IL,פלפל חריף,קילוגרמים,1.00,"ק""ג",true,,7.90,7.9000,true,1,344
7290009001532,false,פלפל חריף אדום,אראל תוצרת חקלאית בע,IL,פלפל חריף אדום,קילוגרמים,1.00,"ק""ג",true,,7.90,7.9000,true,1,346
7290009001549,false,פלפל ירוק כהה,אראל תוצרת חקלאית בע,IL,פלפל ירוק כהה,קילוגרמים,1.00,"ק""ג",true,,6.90,6.9000,true,1,347
7290009001556,false,פלפל כתום,אראל תוצרת חקלאית בע,IL,פלפל כתום,קילוגרמים,1.00,"ק""ג",true,,7.90,7.9000,true,1,348
7290009001563,false,פלפל רומרו,אראל תוצרת חקלאית בע,IL,פלפל רומרו,קילוגרמים,1.00,"ק""ג",true,,9.90,9.9000,true,1,351
7290009001570,false,פלפל צהוב,אראל תוצרת חקלאית בע,IL,פלפל צהוב,קילוגרמים,1.00,"ק""ג",true,,7.90,7.9000,true,1,354
7290009001594,false,פלפל שושקה,אראל תוצרת חקלאית בע,IL,פלפל שושקה,קילוגרמים,1.00,"ק""ג",true,,11.90,11.9000,true,1,355
7290009001709,false,קולורבי,אראל תוצרת חקלאית בע,IL,קולורבי,קילוגרמים,1.00,"ק""ג",true,,6.90,6.9000,true,1,390
7290009001808,false,קישוא מעיין,אראל תוצרת חקלאית בע,IL,קישוא,קילוגרמים,1.00,"ק""ג",true,,7.90,7.9000,true,1,404
7290009001853,false,קישוא זוקיני,אראל תוצרת חקלאית בע,IL,קישוא זוקיני,קילוגרמים,1.00,"ק""ג",true,,9.90,9.9000,true,1,427
7290009001907,false,"שעועית צהובה ק""ג",אראל תוצרת חקלאית בע,IL,"שעועית צהובה ק""ג",קילוגרמים,1.00,"ק""ג",true,,29.90,29.9000,true,1,430
7290009001914,false,שעועית,אראל תוצרת חקלאית בע,IL,שעועית,קילוגרמים,1.00,"ק""ג",true,,14.90,14.9000,true,1,438
7290009001921,false,שעועית בולגרית,אראל תוצרת חקלאית בע,IL,שעועית בולגרית,קילוגרמים,1.00,"ק""ג",true,,29.90,29.9000,true,1,19802
7290009001952,false,לוביה,אראל תוצרת חקלאית בע,IL,לוביה,קילוגרמים,1.00,"ק""ג",true,,29.90,29.9000,true,1,453
7290009002409,false,פול,אראל תוצרת חקלאית בע,IL,פול,קילוגרמים,1.00,"ק""ג",true,,9.90,9.9000,true,1,722
7290009002713,false,לוף יח,בוסתן עשבי תיבול,IL,לוף יח,Unknown,0.00,יחידה,false,,7.90,0.0000,true,1,18512
7290009002850,false,שום בתפזורת,אראל תוצרת חקלאית בע,IL,שום בתפזורת,קילוגרמים,1.00,"ק""ג",true,,29.90,29.9000,true,1,856
7290009002898,false,תפוח אדמה לאפייה,אראל תוצרת חקלאית בע,IL,תפוח אדמה לאפייה,Unknown,0.00,יחידה,false,,9.90,0.0000,true,1,21255
7290009002928,false,תפוח אדמה ירושלמי,אראל תוצרת חקלאית בע,IL,תפוח אדמה ירושלמי,קילוגרמים,1.00,"ק""ג",true,,9.90,9.9000,true,1,918
7290009002935,false,"מארז תפו""א לבן כ-4.8",אראל תוצרת חקלאית בע,IL,"מארז תפו""א לבן כ-4.8",פריט,5.00,"ק""ג",false,,21.90,4.3800,true,1,21235
7290009002980,false,תפוח אדמה אדום כ-5 ק,אראל תוצרת חקלאית בע,IL,"מארז תפו""א אדום כ-4.",Unknown,0.00,יחידה,false,,25.90,0.0000,true,1,21236
7290009002997,false,תפוח אדמה תפזורת,אראל תוצרת חקלאית בע,IL,תפוח אדמה תפזורת,קילוגרמים,1.00,"ק""ג",true,,9.90,9.9000,true,1,987
7290009003079,false,שומר,אראל תוצרת חקלאית בע,IL,שומר,קילוגרמים,1.00,"ק""ג",true,,5.90,5.9000,true,1,1022
7290009003109,false,מלון,אראל תוצרת חקלאית בע,IL,מלון,קילוגרמים,1.00,"ק""ג",true,,6.90,6.9000,true,1,1036
7290009003116,false,מלון ספרדי,אראל תוצרת חקלאית בע,IL,מלון ספרדי,קילוגרמים,1.00,"ק""ג",true,,7.90,7.9000,true,1,23003
7290009003123,false,מלון כתום,אראל תוצרת חקלאית בע,IL,מלון כתום,קילוגרמים,1.00,"ק""ג",true,,5.90,5.9000,true,1,1053
7290009003246,false,פטריות במשקל,מרינה פטריות,IL,פטריות במשקל,קילוגרמים,1.00,"ק""ג",true,,31.90,31.9000,true,1,1084
7290009003338,false,פלפל טינקרבל,אראל תוצרת חקלאית בע,IL,פלפל טינקרבל,קילוגרמים,1.00,"ק""ג",true,,6.90,6.9000,true,1,33847
7290009003352,false,תות שדה א.מעולה250ג,אראל תוצרת חקלאית בע,IL,תות שדה יח,Unknown,0.00,יחידה,false,,15.90,0.0000,true,1,1112
7290009003369,false,אפרסמון קרמבו,אראל תוצרת חקלאית בע,IL,אפרסמון קרמבו,קילוגרמים,1.00,"ק""ג",true,,13.90,13.9000,true,1,52922
7290009004281,false,תירס,אראל תוצרת חקלאית בע,IL,תירס,קילוגרמים,1.00,"ק""ג",true,,9.90,9.9000,true,1,28560
7290009004311,false,מלון גולדן סוויט,אראל תוצרת חקלאית בע,IL,מלון גולדן סוויט,קילוגרמים,1.00,"ק""ג",true,,5.90,5.9000,true,1,28479
7290009004519,false,שום סולו 250 גרם,אראל תוצרת חקלאית בע,IL,שום סולו 250 גרם,גרמים,250.00,100 גרם,false,,9.90,0.0396,true,1,47010
7290009004700,false,תירס מתוק,אראל תוצרת חקלאית בע,IL,תירס מתוק,קילוגרמים,1.00,"ק""ג",true,,9.90,9.9000,true,1,51036
7290009004847,false,תירס טרי,אראל תוצרת חקלאית בע,IL,תירס טרי,Unknown,0.00,יחידה,false,,7.90,0.0000,true,1,60758
7290009005059,false,תפוז ברשת,אראל תוצרת חקלאית בע,IL,תפוז ברשת,קילוגרמים,1.00,"ק""ג",true,,3.90,3.9000,true,1,1635
7290009005080,false,תפוז,אראל תוצרת חקלאית בע,IL,תפוז,קילוגרמים,1.00,"ק""ג",true,,4.90,4.9000,true,1,1637
7290009005165,false,קלמנטינה ברשת,אראל תוצרת חקלאית בע,IL,קלמנטינה ברשת,קילוגרמים,1.00,"ק""ג",true,,9.90,9.9000,true,1,5348
7290009005172,false,קלמנטינה,אראל תוצרת חקלאית בע,IL,קלמנטינה,קילוגרמים,1.00,"ק""ג",true,,5.90,5.9000,true,1,1644
7290009005196,false,אשכולית אדומה,אראל תוצרת חקלאית בע,IL,אשכולית אדומה,קילוגרמים,1.00,"ק""ג",true,,4.90,4.9000,true,1,1647
7290009005202,false,אשכולית לבנה,אראל תוצרת חקלאית בע,IL,אשכולית לבנה,קילוגרמים,1.00,"ק""ג",true,,4.90,4.9000,true,1,1650
7290009005226,false,פומלה,אראל תוצרת חקלאית בע,IL,פומלה,קילוגרמים,1.00,"ק""ג",true,,6.90,6.9000,true,1,1656
7290009005233,false,פומלה אדומה,אראל תוצרת חקלאית בע,IL,פומלה אדומה,קילוגרמים,1.00,"ק""ג",true,,6.90,6.9000,true,1,1657
7290009005257,false,פומלית,אראל תוצרת חקלאית בע,IL,פומלית,קילוגרמים,1.00,"ק""ג",true,,4.90,4.9000,true,1,1660
7290009005301,false,לימון,אראל תוצרת חקלאית בע,IL,לימון,קילוגרמים,1.00,"ק""ג",true,,5.90,5.9000,true,1,1664
7290009005325,false,"לימון ברשת כ-2.5 ק""ג",אראל תוצרת חקלאית בע,IL,"לימון ברשת כ-2.5 ק""ג",Unknown,0.00,יחידה,false,,16.90,0.0000,true,1,3155
7290009005387,false,תפוח עץ גולד רוז,אראל תוצרת חקלאית בע,IL,"תפו""ע גולד רוז",קילוגרמים,1.00,"ק""ג",true,,12.90,12.9000,true,1,31348
7290009005417,false,"בננות ""העמק""",אראל תוצרת חקלאית בע,IL,בננות,קילוגרמים,1.00,"ק""ג",true,,2.90,2.9000,true,1,1679
7290009005615,false,אבוקדו,אראל תוצרת חקלאית בע,IL,אבוקדו,קילוגרמים,1.00,"ק""ג",true,,5.90,5.9000,true,1,1826
7290009005707,false,רימון,אראל תוצרת חקלאית בע,IL,רימון,קילוגרמים,1.00,"ק""ג",true,,7.90,7.9000,true,1,1842
7290009005806,false,חבושים,אראל תוצרת חקלאית בע,IL,חבושים,קילוגרמים,1.00,"ק""ג",true,,9.90,9.9000,true,1,1856
7290009005912,false,"אבוקדו ברשת כ-2.5 ק""",אראל תוצרת חקלאית בע,IL,"אבוקדו ברשת כ-2.5 ק""",Unknown,0.00,יחידה,false,,17.90,0.0000,true,1,10612
7290009006032,false,אגס נאשי,אראל תוצרת חקלאית בע,IL,אגס נאשי,קילוגרמים,1.00,"ק""ג",true,,13.90,13.9000,true,1,3152
7290009006049,false,אגס חום,אראל תוצרת חקלאית בע,IL,אגס חום,קילוגרמים,1.00,"ק""ג",true,,13.90,13.9000,true,1,1892
7290009006056,false,אגס אדום,אראל תוצרת חקלאית בע,IL,אגס אדום,קילוגרמים,1.00,"ק""ג",true,,11.90,11.9000,true,1,1895
7290009006063,false,אגס,אראל תוצרת חקלאית בע,IL,אגס,קילוגרמים,1.00,"ק""ג",true,,11.90,11.9000,true,1,1897
7290009006209,false,גויאבה,אראל תוצרת חקלאית בע,IL,גויאבה,קילוגרמים,1.00,"ק""ג",true,,12.90,12.9000,true,1,1917
7290009006308,false,קיווי,אראל תוצרת חקלאית בע,IL,קיווי,קילוגרמים,1.00,"ק""ג",true,,12.90,12.9000,true,1,1929
7290009006322,false,קוקוס יחידה,אראל תוצרת חקלאית בע,IL,קוקוס יחידה,Unknown,0.00,יחידה,false,,6.90,0.0000,true,1,3149
7290009006803,false,אננס מתוק במיוחד,אראל תוצרת חקלאית בע,IL,אננס יחידה,Unknown,0.00,יחידה,false,,24.90,0.0000,true,1,2091
7290009006810,false,אפרסמון,אראל תוצרת חקלאית בע,IL,אפרסמון,קילוגרמים,1.00,"ק""ג",true,,9.90,9.9000,true,1,2095
7290009007015,false,תפוח עץ סמיט,אראל תוצרת חקלאית בע,IL,"תפו""ע סמיט",קילוגרמים,1.00,"ק""ג",true,,9.90,9.9000,true,1,2135
7290009007022,false,תפוח עץ מוזהב,אראל תוצרת חקלאית בע,IL,"תפו""ע מוזהב",קילוגרמים,1.00,"ק""ג",true,,9.90,9.9000,true,1,2136
7290009007039,false,תפוח עץ יונתן,אראל תוצרת חקלאית בע,IL,"תפו""ע יונתן",קילוגרמים,1.00,"ק""ג",true,,9.90,9.9000,true,1,2137
7290009007046,false,תפוח עץ סטורי,אראל תוצרת חקלאית בע,IL,"תפו""ע חרמון",קילוגרמים,1.00,"ק""ג",true,,9.90,9.9000,true,1,2142
7290009007053,false,תפוח עץ גאלה,אראל תוצרת חקלאית בע,IL,"תפו""ע גאלה",קילוגרמים,1.00,"ק""ג",true,,9.90,9.9000,true,1,2143
7290009007077,false,תפוח עץ ברשת,אראל תוצרת חקלאית בע,IL,"תפו""ע ברשת",קילוגרמים,1.00,"ק""ג",true,,6.90,6.9000,true,1,3144
7290009007107,false,תפוח עץ ענה,אראל תוצרת חקלאית בע,IL,"תפו""ע ענה",קילוגרמים,1.00,"ק""ג",true,,7.90,7.9000,true,1,3147
7290009007138,false,תפוח עץ פינק,אראל תוצרת חקלאית בע,IL,"תפו""ע פינק",קילוגרמים,1.00,"ק""ג",true,,9.90,9.9000,true,1,30272
7290009007503,false,ערמונים,אראל תוצרת חקלאית בע,IL,ערמונים,קילוגרמים,1.00,"ק""ג",true,,9.90,9.9000,true,1,2582
7290009007787,false,ענבים רד גלוב,אראל תוצרת חקלאית בע,IL,ענבים רד גלוב,קילוגרמים,1.00,"ק""ג",true,,9.90,9.9000,true,1,63972
7290009008302,false,ענבים לבנים,אראל תוצרת חקלאית בע,IL,ענבים לבנים,קילוגרמים,1.00,"ק""ג",true,,19.90,19.9000,true,1,2664
7290009008319,false,ענבים שחורים,אראל תוצרת חקלאית בע,IL,ענבים שחורים,קילוגרמים,1.00,"ק""ג",true,,17.90,17.9000,true,1,2665
7290009008401,false,שזיף לבן/צהוב,אראל תוצרת חקלאית בע,IL,שזיף לבן/צהוב,קילוגרמים,1.00,"ק""ג",true,,11.90,11.9000,true,1,2704
7290009008418,false,שזיף אדום,אראל תוצרת חקלאית בע,IL,שזיף אדום,קילוגרמים,1.00,"ק""ג",true,,9.90,9.9000,true,1,2713
7290009008562,false,שיזף,אראל תוצרת חקלאית בע,IL,שיזף,קילוגרמים,1.00,"ק""ג",true,,19.90,19.9000,true,1,18317
7290009008807,false,"מארז לימון כ 2.5 ק""ג",אראל תוצרת חקלאית בע,IL,"מארז לימון כ 2.5 ק""ג",פריט,2.50,"ק""ג",false,,16.90,6.7600,true,1,65119
7290009008814,false,"מארז אבוקדו כ 2.5 ק""",אראל תוצרת חקלאית בע,IL,"מארז אבוקדו כ 2.5 ק""",פריט,2.50,"ק""ג",false,,17.90,7.1600,true,1,65120
7290009008821,false,"מארז תפוז כ 2.5 ק""ג",אראל תוצרת חקלאית בע,IL,"מארז תפוז כ 2.5 ק""ג",פריט,2.50,"ק""ג",false,,9.90,3.9600,true,1,65121
7290009028768,false,שקית ענק אושר עד,,,שקית ענק אושר עד,Unknown,0.00,יחידה,false,,0.60,0.0000,true,1,5199
7290009068818,false,אגוז ברזיל טבעי במשק,דין שיווק,IL,אגוז ברזיל טבעי במשק,קילוגרמים,1.00,"ק""ג",true,,89.00,89.0000,true,1,3213
7290009068825,false,אגוז קלוף במשקל,דין שיווק,IL,אגוז קלוף במשקל,קילוגרמים,1.00,"ק""ג",true,,59.00,59.0000,true,1,3214
7290009068849,false,בוטן מסוכר במשקל,דין שיווק,IL,בוטן מסוכר במשקל,קילוגרמים,1.00,"ק""ג",true,,30.00,30.0000,true,1,3215
7290009068856,false,בוטן קלוי במשקל,דין שיווק,CN,בוטן קלוי במשקל,קילוגרמים,1.00,"ק""ג",true,,24.00,24.0000,true,1,3216
7290009068887,false,גרעין אבטיח קלוי במש,דין שיווק,IL,גרעין אבטיח קלוי במש,קילוגרמים,1.00,"ק""ג",true,,55.00,55.0000,true,1,3220
7290009068894,false,גרעין לבן קלוי במשקל,דין שיווק,IL,גרעין לבן קלוי במשקל,קילוגרמים,1.00,"ק""ג",true,,39.00,39.0000,true,1,3221
7290009068917,false,גרעין שחור קלוי במשק,דין שיווק,US,גרעין שחור קלוי במשק,קילוגרמים,1.00,"ק""ג",true,,19.00,19.0000,true,1,3222
7290009068955,false,גרעין חמניה קלוף טבע,דין שיווק,IL,גרעין חמניה קלוף טבע,קילוגרמים,1.00,"ק""ג",true,,39.00,39.0000,true,1,3223
7290009068962,false,מנצס במשקל,דין שיווק,CN,מנצס במשקל,קילוגרמים,1.00,"ק""ג",true,,47.00,47.0000,true,1,3224
7290009069006,false,פיסטוק ענק קלוי במשק,דין שיווק,US,פיסטוק ענק קלוי במשק,קילוגרמים,1.00,"ק""ג",true,,69.00,69.0000,true,1,3225
7290009069051,false,פקאן טבעי במשקל,דין שיווק,US,פקאן טבעי במשקל,קילוגרמים,1.00,"ק""ג",true,,119.00,119.0000,true,1,3226
7290009069068,false,פקאן סיני במשקל,דין שיווק,IL,פקאן סיני במשקל,קילוגרמים,1.00,"ק""ג",true,,118.00,118.0000,true,1,3227
7290009069075,false,פיסטוק טבעי במשקל,דין שיווק,CN,צנובר במשקל,קילוגרמים,1.00,"ק""ג",true,,195.00,195.0000,true,1,3228
7290009069112,false,קשיו קלוי במשקל,דין שיווק,VN,קשיו קלוי במשקל,קילוגרמים,1.00,"ק""ג",true,,69.00,69.0000,true,1,3238
7290009069129,false,שקד שבבים במשקל,דין שיווק,US,שקד שבבים במשקל,קילוגרמים,1.00,"ק""ג",true,,115.00,115.0000,true,1,3239
7290009069136,false,שקד בקליפה קלוי במשק,דין שיווק,IL,שקד בקליפה קלוי במשק,קילוגרמים,1.00,"ק""ג",true,,60.00,60.0000,true,1,3240
7290009069143,false,שקד טבעי ענק במשקל,דין שיווק,US,שקד טבעי ענק במשקל,קילוגרמים,1.00,"ק""ג",true,,85.00,85.0000,true,1,3241
7290009069150,false,שקד טבעי בקליפה במשק,דין שיווק,US,שקד טבעי בקליפה במשק,קילוגרמים,1.00,"ק""ג",true,,83.00,83.0000,true,1,3178
7290009069174,false,שקד מסוכר במשקל,דין שיווק,IL,שקד מסוכר במשקל,קילוגרמים,1.00,"ק""ג",true,,75.00,75.0000,true,1,3243
7290009069181,false,שקד ספרדי קלוי במשקל,דין שיווק,US,שקד ספרדי קלוי במשקל,קילוגרמים,1.00,"ק""ג",true,,90.00,90.0000,true,1,3242
7290009069235,false,חטיפים יפני במשקל,דין שיווק,TH,חטיפים יפני במשקל,קילוגרמים,1.00,"ק""ג",true,,65.00,65.0000,true,1,3244
7290009069242,false,בוטן אמריקאי במשקל,דין שיווק,IL,בוטן אמריקאי במשקל,קילוגרמים,1.00,"ק""ג",true,,26.00,26.0000,true,1,3245
7290009069259,false,קבוקים במשקל,דין שיווק,IL,קבוקים במשקל,קילוגרמים,1.00,"ק""ג",true,,26.00,26.0000,true,1,3246
7290009069266,false,בוטן בקליפה במשקל,דין שיווק,IL,בוטן בקליפה במשקל,קילוגרמים,1.00,"ק""ג",true,,15.00,15.0000,true,1,3247
7290009069273,false,משמש במשקל,דין שיווק,TR,משמש במשקל,קילוגרמים,1.00,"ק""ג",true,,54.00,54.0000,true,1,3248
7290009069280,false,צימוק חום במשקל,דין שיווק,TR,צימוק חום במשקל,קילוגרמים,1.00,"ק""ג",true,,28.00,28.0000,true,1,3249
7290009069297,false,צימוק לבן ענק במשקל,דין שיווק,US,צימוק לבן ענק במשקל,קילוגרמים,1.00,"ק""ג",true,,44.00,44.0000,true,1,3250
7290009069303,false,צימוק לבן במשקל,דין שיווק,US,צימוק לבן במשקל,קילוגרמים,1.00,"ק""ג",true,,37.00,37.0000,true,1,3251
7290009069334,false,שזיף ללא גרעין במשקל,דין שיווק,AR,שזיף ללא גרעין במשקל,קילוגרמים,1.00,"ק""ג",true,,45.00,45.0000,true,1,3255
7290009069501,false,תמר מגהול ענק,דין שיווק,IL,תמר מגהול ענק,קילוגרמים,1.00,"ק""ג",true,,45.00,45.0000,true,1,3177
7290009953527,false,פיסטוק קלוי מיקס שקי,דין שיווק,US,פיסטוק קלוי מיקס שקי,קילוגרמים,1.00,"ק""ג",true,,69.00,69.0000,true,1,20729
7290010045006,false,עוגיות חמאה פריכות 200 ג',מאפיית אריאל,IL,עוגיות פריכות עם חמא,גרמים,200.00,100 גרם,false,,18.90,0.0945,true,1,60090
7290010045013,false,עוגיות חמאה צרפתיות 200 ג',מאפיית אריאל,IL,עוגיות עם חמאה וסוכר,גרמים,200.00,100 גרם,false,,18.90,0.0945,true,1,60091
7290010045051,false,עוגיות מלבן שקדים 200 ג',מאפיית אריאל,IL,עוגיות מלבן שקדים לח,גרמים,200.00,100 גרם,false,,18.90,0.0945,true,1,60092
7290010063444,true,יין נטופה אדום דומיי,,,יין נטופה אדום דומיי,,0.00,,false,,59.90,0.0000,true,1,10054
7290010066575,true,טונה במים פילטונה 4*,,,טונה במים פילטונה 4*,גרמים,0.00,100 גרם,false,,0.00,0.0000,true,1,4012
7290010116980,false,אבקת שוקולית שקית עלית 850 ג',הנסיך- מפעל לייצור ט,IL,שוקולית 850 גרם,גרמים,850.00,100 גרם,false,,14.90,0.0175,true,1,2174
7290010117864,false,דוריטוס בטעם חריף אש,שטראוס פריטו ליי בע,IL,דוריטוס בטעם חריף אש,גרמים,70.00,100 גרם,false,,3.20,0.0457,true,1,2176
7290010153817,false,ריבת חלב אמיתי 400גרם,מיה תעשיות מזון בעמ,IL,ריבת חלב מיה 400 גרם,גרמים,400.00,100 גרם,false,,9.90,0.0248,true,1,2196
7290010153848,false,תבלין פפריקה מרוקאי בשמן 80 גר' מיה,מיה תעשיות מזון בעמ,IL,פפריקה מתוקה בשמן מי,גרמים,80.00,100 גרם,false,,5.80,0.0725,true,1,2198
7290010153862,false,תבלין פלפל שחור גרוס 70 גר',מיה תעשיות מזון בעמ,IL,פלפל שחור גרוס מיה 7,גרמים,70.00,100 גרם,false,,6.90,0.0986,true,1,2200
7290010153879,false,ריבת חלב מרוכזת בטעם שמנת מיה 400 גר',מיה תעשיות מזון בעמ,IL,ריבת חלב בטעם שמנת מ,גרמים,400.00,100 גרם,false,,9.90,0.0248,true,1,2201
7290010153909,true,אורז בסמטי הודי מיה,,,אורז בסמטי הודי מיה,פריט,0.00,"ק""ג",false,,9.90,0.0000,true,1,50212
7290010154005,false,סחוג תימני ירוק 250 ביטון,תבליני ביטון יוחאי,IL,סחוג תימני ביטון 250,גרמים,250.00,100 גרם,false,,12.90,0.0516,true,1,2205
7290010154012,false,לימון בלאדי - סלט לימון כבוש,תבליני ביטון יוחאי,IL,לימון בלאדי ביטון 25,גרמים,250.00,100 גרם,false,,12.90,0.0516,true,1,2206
7290010154029,false,אריסה מתוקה ביטון 250 ג',תבליני ביטון,IL,אריסה מתוקה ביטון 25,גרמים,250.00,100 גרם,false,,12.90,0.0516,true,1,2207
7290010154265,false,פלפל צ'ומה חריף פיקנטי,תבליני ביטון יוחאי,IL,פלפל צומה ביטון 250,גרמים,250.00,100 גרם,false,,12.90,0.0516,true,1,2210
7290010154678,false,אריסה מרוקאית ביטון 250 ג' ביטון,תבליני ביטון יוחאי,IL,אריסה חריף פיקנטי בי,גרמים,250.00,100 גרם,false,,12.90,0.0516,true,1,33546
7290010154685,false,סלט שום כתוש 250 ג' ביטון יוחאי,תבליני ביטון יוחאי,IL,שום כתוש ביטון 250 ג,גרמים,250.00,100 גרם,false,,12.90,0.0516,true,1,33547
7290010175819,false,חמאת בוטנים קלאסית ט,ניצה אס סיי,AR,חמאת בוטנים קלאסית ט,גרמים,510.00,100 גרם,false,,11.90,0.0233,true,1,39991
7290010175826,false,חמאת בוטנים עם שברי בוטנים 510 גר',ניצה אס סיי,AR,חמאת בוטנים שברי בוט,גרמים,510.00,100 גרם,false,,11.90,0.0233,true,1,39992
7290010175840,false,לבבות דקל שלמים במי מלח,אינאקספו,UY,לבבות דקל שלם טעים 4,גרמים,400.00,100 גרם,false,,8.90,0.0223,true,1,4332
7290010175857,false,פרוסות לבבות דקל 400 ג' טעמן,אינאקספו,UY,לבבות דקל פרוס טעים,גרמים,400.00,100 גרם,false,,10.50,0.0263,true,1,4331
7290010176014,false,מיץ לימון טרי 1 ליטר (סחוט מ-32 לימונים),,,מיץ לימון משומר טעמן,קילוגרמים,1.00,ליטר,false,,10.90,10.9000,true,1,2217
7290010176212,false,נודלס בטעם עוף בכוס 65 גר' טעמן,זיזיאנג גרין הום פוד,CN,תאי נודלס בטעם עוף ט,גרמים,65.00,100 גרם,false,,3.90,0.0600,true,1,36998
7290010176229,false,נודלס בטעם בקר בכוס 65 גר' טעמן,זיזיאנג גרין הום פוד,CN,תאי נודלס בטעם בקר ט,גרמים,65.00,100 גרם,false,,3.90,0.0600,true,1,37078
7290010176236,false,נודלס בטעם ירקות בכוס 65 גר' טעמן,זיזיאנג גרין הום פוד,CN,תאי נודלס בטעם ירקות,גרמים,65.00,100 גרם,false,,3.90,0.0600,true,1,36999
7290010176243,false,נודלס בטעם סיני בכוס 65 גר' טעמן,זיזיאנג גרין הום פוד,CN,תאי נודלס בטעם סיני,גרמים,65.00,100 גרם,false,,3.90,0.0600,true,1,37077
7290010176793,false,סוכריות מיני רולים 375 ג,גואנגדונג צאואן פוד,CN,סוכריות מיני רולים ט,גרמים,375.00,100 גרם,false,,15.90,0.0424,true,1,2220
7290010192120,false,צנונית ארוזה 400 גרם,חקלאי,IL,צנונית ארוזה 400 גרם,גרמים,400.00,100 גרם,false,,5.90,0.0148,true,1,14135
7290010193288,false,"קישקע ממולא 500 גר' במגש בד""ץ",מ ב גלאט עוף למהדרין,IL,קישקע גלאט עוף 500 ג,גרמים,500.00,100 גרם,false,,14.90,0.0298,true,1,3517
7290010193318,false,המבורגר גלאט עוף 400,מ ב גלאט עוף למהדרין,IL,המבורגר גלאט עוף 400,גרמים,400.00,100 גרם,false,,21.90,0.0547,true,1,3516
7290010193325,false,קבב עגל גלאט עוף 400,מ ב גלאט עוף למהדרין,IL,קבב עגל גלאט עוף 400,גרמים,400.00,100 גרם,false,,21.90,0.0547,true,1,3515
7290010193806,false,נקניקיות עוף קפוא גל,גלאט עוף,IL,נקניקיות עוף קפוא גל,גרמים,400.00,100 גרם,false,,9.90,0.0248,true,1,8348
7290010193851,false,"מ.ג גלאט שניצל אמריקאי 2 ק""ג",מ ב גלאט עוף למהדרין,IL,שניצל אמריקאי גלאט ע,פריט,2.00,"ק""ג",false,,59.90,29.9500,true,1,9789
7290010193967,false,קישקע גלאט עוף 600 ג,מ ב גלאט עוף למהדרין,IL,קישקע גלאט עוף 600 ג,גרמים,600.00,100 גרם,false,,18.90,0.0315,true,1,14444
7290010193981,false,נקניק הודו שלם 400 גרם,מ ב גלאט עוף למהדרין,IL,נקניק הודו ג.עוף 400,גרמים,400.00,100 גרם,false,,21.90,0.0547,true,1,29312
7290010237562,false,מירינדה פלסטיק 500מל,"טמפו משקאות בע""מ",IL,"מירינדה 500 מ""ל",מיליליטרים,500.00,"100 מ""ל",false,,3.90,0.0078,true,1,11438
7290010237890,false,"בירה הייניקן בקבוק 500 מ""ל חוזר",טמפו משקאות בע''מ,IL,בירה היינקן ב.חוזר 5,מיליליטרים,500.00,"100 מ""ל",false,,8.90,0.0178,true,1,6576
7290010259359,false,וילי פוד נודלס אטר.ביצים להקפצה בדץ 200ג,פוג'יאן לונגהאי אנלי,TH,נודלס אטריות ביצים ר,גרמים,200.00,100 גרם,false,,4.50,0.0225,true,1,2231
7290010259366,false,וילי פוד נודלס אטר.ביצים מסולסל בדץ 200ג,פוג'יאן לונגהאי אנלי,CN,נודלס אטריות ביצים מ,גרמים,200.00,100 גרם,false,,4.50,0.0225,true,1,2232
7290010318230,false,אלספה כשר אלטמן,,,אלספה כשר אלטמן,Unknown,0.00,יחידה,false,,129.90,0.0000,true,1,62901
7290010328093,false,ממרח חלווה אחווה 400 ג' מהדרין,אחדות בית חרושת לטחי,IL,ממרח חלוה אחוה 400 ג,גרמים,400.00,100 גרם,false,,9.90,0.0248,true,1,21250
7290010328239,false,טחינה גולמית מתובלת אחווה 500 ג',אחדות ביחר לטחינה חל,IL,טחינה מתובלת אחוה 50,גרמים,500.00,100 גרם,false,,10.90,0.0218,true,1,2240
7290010328345,false,חלווה 50 גר' וניל אחדות,אחדות ביחר לטחינה חל,IL,חטיף חלוה וניל אחוה,גרמים,50.00,100 גרם,false,,1.60,0.0320,true,1,5439
7290010328451,false,אחווה חלווה עם פולי קקאו 400 גר,אחדות ביחר לטחינה חל,IL,חלוה פולי קקאו אחוה,גרמים,400.00,100 גרם,false,,11.90,0.0298,true,1,8532
7290010328468,false,אחוה חטיפי מיני חלווה 12*18 יח,שוורצקוף& הנקל דיסלד,IL,חטיפי מיני חלוה אחוה,גרמים,216.00,100 גרם,false,,9.80,0.0454,true,1,13255
7290010328505,false,"חלבה חטיפי מיני לייטר לל""ס אחוה 150ג'",אחדות ביחר לטחינה חל,IL,חטיפי מיני חלוה ללא,גרמים,150.00,100 גרם,false,,9.80,0.0653,true,1,13256
7290010328680,false,עוגה שוקולדו שוקוצ'יפ מריר ולבן אחוה 450ג',אחדות ביחר לטחינה חל,IL,עוגת שוקולד ציפס מרי,גרמים,450.00,100 גרם,false,,9.80,0.0218,true,1,15246
7290010328710,false,קיצפיות אחווה 180 גר,אחדות ביחר לטחינה חל,IL,קצפיות אחוה 180 גרם,גרמים,180.00,100 גרם,false,,8.50,0.0472,true,1,26941
7290010328727,false,ממרח טחינה עם שוקולד אחווה 400 ג',אחדות ביחר לטחינה חל,IL,ממרח שומשום עם שוקול,גרמים,400.00,100 גרם,false,,9.90,0.0248,true,1,21708
7290010328734,false,ממרח טחינה עם סילאן משומשום מלא,אחדות ביחר לטחינה חל,IL,ממרח שומשום עם סילאן,גרמים,400.00,100 גרם,false,,9.90,0.0248,true,1,22658
7290010328765,false,חלבה חטיף שוקו וניל וחלבה אחווה 50 גרם,אחדות ביחר לטחינה חל,IL,חטיף חלוה שוקו וניל,גרמים,50.00,100 גרם,false,,1.60,0.0320,true,1,27319
7290010328789,false,עוגה וניל אחדות 350 גר',אחדות ביחר לטחינה חל,IL,עוגת וניל אחדות 350,גרמים,350.00,100 גרם,false,,6.50,0.0186,true,1,24932
7290010328796,false,עוגה שוקולד אחדות 350 גר',אחדות ביחר לטחינה חל,IL,עוגת שוקולד אחדות 35,גרמים,350.00,100 גרם,false,,6.50,0.0186,true,1,24933
7290010328802,false,עוגה וניל שוקוצ'יפס אחדות 350 גר',אחדות ביחר לטחינה חל,IL,עוגת שוקולד ציפס אחד,גרמים,350.00,100 גרם,false,,6.50,0.0186,true,1,24934
7290010328819,false,"ממרח טחינה עם שוקולד לל""ס 400 ג' אחדות!.",אחדות ביחר לטחינה חל,IL,ממרח שומשום עם שוקול,גרמים,400.00,100 גרם,false,,9.90,0.0248,true,1,25693
7290010329854,true,מיני קוקיס בטעם חמא,,,מיני קוקיס בטעם חמא,,0.00,,false,,22.90,0.0000,true,1,2242
7290010471669,false,יוגורט תות עם קורנפלקס מצופה שוקולד ללא גלוטן 3.9%,"שטראוס בריאות בע""מ",IL,דנונה בר תות וקורנפל,גרמים,175.00,100 גרם,false,,4.30,0.0246,true,1,3412
7290010472307,false,מארז 8 יחידות משקה גמדים בטעם תות בננה,מיוצר עי קונדיטוריית,IL,מארז משקה גמדים תות,גרמים,800.00,100 גרם,false,,19.90,0.0249,true,1,25588
7290010472390,false,מארז 8 יחידות מעדן דני בטעם שוקולד 1.5%,מיוצר עי קונדיטוריית,IL,מארז דני שוקולד 8*12,קילוגרמים,1.00,ליטר,false,,14.50,14.5000,true,1,2249
7290010472765,true,מארז גמדים תות 4*100,,,מארז גמדים תות 4*100,גרמים,0.00,100 גרם,false,,10.90,0.0000,true,1,4091
7290010513703,false,צ'ופסטיקס צפצפה - 20 יחידות,גולין פנגזו,CN,צופסטיקס מזרח ומערב,Unknown,0.00,יחידה,false,,6.90,0.0000,true,1,50984
7290010513727,false,פנקו פרורי לחם 200 גרם (קינגדאו),קינגדאו גוניון פודס,CN,פנקו פירורי לחם מזרח,גרמים,200.00,100 גרם,false,,7.90,0.0395,true,1,49696
7290010561148,false,שליש באגט ל.גלוטן בר,"ל.ד בר אל בע""מ",IL,שליש באגט ל.גלוטן בר,גרמים,360.00,100 גרם,false,,9.90,0.0275,true,1,19770
7290010561193,false,לחמניות נקניקיה ל.גל,"ל.ד בר אל בע""מ",IL,לחמניות נקניקיה ל.גל,גרמים,330.00,100 גרם,false,,4.90,0.0148,true,1,19768
7290010561216,false,פיתות ל.גלוטן בראל 5,"ל.ד בר אל בע""מ",IL,פיתות ל.גלוטן בראל 5,גרמים,420.00,100 גרם,false,,9.90,0.0236,true,1,21241
7290010561247,false,לחם ביתי ל.גלוטן ברא,"ל.ד בר אל בע""מ",IL,לחם ביתי ל.גלוטן ברא,גרמים,500.00,100 גרם,false,,4.90,0.0098,true,1,19767
7290010561278,false,לחמניות המבורגר ל.גל,"ל.ד בר אל בע""מ",IL,לחמניות המבורגר ל.גל,גרמים,370.00,100 גרם,false,,4.90,0.0132,true,1,19769
7290010608010,false,יין יפו סירה 2019,יקב טרנקבל,IL,יין יפו סירה 2019,מיליליטרים,750.00,"100 מ""ל",false,,89.90,0.1199,true,1,62029
7290010608201,false,יין יפו מלבק 2019,יקב טרנקבל,IL,יין יפו מלבק 2019,מיליליטרים,750.00,"100 מ""ל",false,,89.90,0.1199,true,1,62031
7290010617180,false,"זוג מוצצים סיליקון אורטו-'L""מרכז""",אריסטוקרט,,מוצץ גדול סדרת פרחים,Unknown,0.00,יחידה,false,,16.90,0.0000,true,1,3381
7290010617241,false,זוג מוצצים סיליקון אורטודנטיים M,אריסטוקרט,,מוצץ בינוני סדרת פרח,Unknown,0.00,יחידה,false,,16.90,0.0000,true,1,2258
7290010617258,false,מוצץ סיליקון קטן לרך נולד פרח זוגי,אריסטוקרט,,מוצץ קטן סדרת פרחים,Unknown,0.00,יחידה,false,,16.90,0.0000,true,1,2259
7290010617555,false,"כוס אימון מהפכנית 555 מ""ל",אריסטוקרט,,כוס אימון מהפכנית לת,Unknown,0.00,יחידה,false,,10.90,0.0000,true,1,3379
7290010617593,false,כוס אימון +ידית רכות במיוחד,אריסטוקרט,,כוס אימון יוקרתית לת,Unknown,0.00,יחידה,false,,14.90,0.0000,true,1,3651
7290010617623,false,"כוס אימון עם ידיות 623 מ""ל",אריסטוקרט,,כוס אימון פרימיום לת,Unknown,0.00,יחידה,false,,14.90,0.0000,true,1,3650
7290010617906,false,מברשת לניקוי בקבוק נצמדת..,אריסטוקרט,,מברשת פרימיום לניקוי,Unknown,0.00,יחידה,false,,12.90,0.0000,true,1,4177
7290010617920,false,מחזיק למוצץ אריסטוקר,אריסטוקרט,,מחזיק למוצץ אריסטוקר,Unknown,0.00,יחידה,false,,12.90,0.0000,true,1,4178
7290010650019,false,עולש אנדיב בלגי חוות,מרינה פטריות הגליל,IL,אנדיב - עולש,Unknown,0.00,יחידה,false,,13.90,0.0000,true,1,21826
7290010650996,false,פטריות שימגי חומות 1,שנגחאי פינק פוד קומפ,IL,פטריות שימגי חומות,Unknown,0.00,יחידה,false,,13.90,0.0000,true,1,57119
7290010656592,false,מיץ ענבים תירוש אדום 100% טבעי 1 ליטר,יקב טפרברג 1870 בעמ,IL,מיץ ענבים תירוש אדום,קילוגרמים,1.00,ליטר,false,,16.90,16.9000,true,1,6910
7290010656615,false,מיץ ענבים תירוש לבן 100% טבעי 1 ליטר,יקב טפרברג 1870 בעמ,IL,מיץ ענבים תירוש לבן,קילוגרמים,1.00,ליטר,false,,16.90,16.9000,true,1,6911
7290010676712,false,פילה סול ארוז קפוא,,,פילה סול פאר הדג,פריט,1.00,"ק""ג",false,,27.90,27.9000,true,1,8479
7290010748877,false,קרם גוף סנסטיב Senstive לעור רגיש,פישר מעבדות פרמצבטיו,IL,קרם גוף אפקטיב קר לע,מיליליטרים,700.00,"100 מ""ל",false,,23.90,0.0341,true,1,52443
7290010757893,false,"בורקס תפו""א ללא גלוטן פרווה - מוקפא",מאפיית ישראל חיפה,IL,"בורקס תפו""א ל.גלוטן",גרמים,500.00,100 גרם,false,,19.90,0.0398,true,1,60386
7290010757909,false,בורקס גבינה ללא גלוטן - מוקפא,מאפיית ישראל חיפה,IL,בורקס גבינה ל.גלוטן,גרמים,500.00,100 גרם,false,,19.90,0.0398,true,1,60387
7290010757923,false,ריבועי בצק עלים ל.גל,מאפיית ישראל חיפה,IL,ריבועי בצק עלים ל.גל,גרמים,450.00,100 גרם,false,,19.90,0.0442,true,1,60383
7290010757930,false,מלאווח ללא גלוטן פרווה - מוקפא,מאפיית ישראל חיפה,IL,מלוואח ל.גלוטן אריאל,גרמים,500.00,100 גרם,false,,19.90,0.0398,true,1,60388
7290010757947,false,בורקס פטריות ללא גלו,מאפיית ישראל חיפה,IL,בורקס פטריות ל.גלוטן,גרמים,500.00,100 גרם,false,,19.90,0.0398,true,1,60385
7290010757954,false,זיווה גבינה ללא גלוט,מאפיית ישראל חיפה,IL,זיווה גבינה ל.גלוטן,גרמים,500.00,100 גרם,false,,19.90,0.0398,true,1,60389
7290010757961,false,ג'חנון ל.גלוטן אריאל,מאפיית ישראל חיפה,IL,ג'חנון ל.גלוטן אריאל,גרמים,450.00,100 גרם,false,,19.90,0.0442,true,1,60390
7290010883363,false,כפפות אלוורה רב שימושיות מרופדות קטן S,האי נאם סי או אל.טי.,CN,כפפות אלוורה S סנו ס,Unknown,0.00,יחידה,false,,8.90,0.0000,true,1,2283
7290010883370,false,כפפות אלוורה רב שימושיות מרופדות בינוני M,האי נאם סי או אל.טי.,CN,כפפות אלוורה M סנו ס,Unknown,0.00,יחידה,false,,8.90,0.0000,true,1,2284
7290010931330,false,סלט מטבוחה אחלה 500ג,מיוצר עי קונדיטוריית,IL,מטבוחה אחלה 500 גרם,גרמים,500.00,100 גרם,false,,13.90,0.0278,true,1,3409
7290010945146,false,קוטג' 3% מועשר בסידן טרה 250 ג' מהדרין,קריות זול,IL,קוטג 3% טרה 250 גרם,גרמים,250.00,100 גרם,false,,5.70,0.0228,true,1,2285
7290010945306,false,חלב 3% בקרטון 2 ל' טרה,קריות זול,IL,חלב 3% טרה 2 ליטר,קילוגרמים,2.00,ליטר,false,,12.30,6.1500,true,1,2286
7290010945450,false,טרה גבינה לבנה מהדרין 3% 250ג,קריות זול,IL,גבינה 3% טרה 250 גרם,גרמים,250.00,100 גרם,false,,4.90,0.0196,true,1,2287
7290010945481,false,גבינה לבנה 5% שומן 500 ג' טרה,קריות זול,IL,גבינה 5% טרה 500 גרם,גרמים,500.00,100 גרם,false,,9.70,0.0194,true,1,2288
7290010984596,false,זית מנזלינו בני דרום,בני דרום,IL,זית מנזלינו בני דרום,גרמים,820.00,100 גרם,false,,7.90,0.0096,true,1,31509
7290010984602,false,זית סורי מבוקע בני ד,בני דרום,IL,זית סורי מבוקע בני ד,גרמים,820.00,100 גרם,false,,12.90,0.0157,true,1,31510
7290010984619,false,זית מבוקע בני דרום 8,בני דרום,IL,זית מבוקע בני דרום 8,גרמים,820.00,100 גרם,false,,9.90,0.0121,true,1,55348
7290011017866,false,קוקה קולה קלאסי בפחית,החברה המרכזית לייצור,IL,"קוקה קולה 330 מ""ל",מיליליטרים,330.00,"100 מ""ל",false,,4.90,0.0148,true,1,51198
7290011018443,false,"פנטה אורנג פחית סליק 330 מ""ל",החברה המרכזית לייצור,IL,"פאנטה אורנג' 330 מ""ל",מיליליטרים,330.00,"100 מ""ל",false,,4.90,0.0148,true,1,51201
7290011018832,false,קוקה קולה פרידג' פאק פחיות 6*330מל,החברה המרכזית לייצור,IL,מארז קוקה קולה 6*330,קילוגרמים,1.98,ליטר,false,,21.90,11.0606,true,1,22288
7290011064099,false,טאפס פלפלוני שרי ממולאים במעדן גבינה,"ניצן מותגי מזון בע""מ",IL,טאפס פלפלים ממולאים,גרמים,125.00,100 גרם,false,,16.90,0.1352,true,1,27839
7290011091057,false,פפריקה מתוקה 500 ג פרג,תבליני הדור השלישי,IL,פפריקה מתוקה פרג 500,גרמים,500.00,100 גרם,false,,34.90,0.0698,true,1,2988
7290011091071,false,פפריקה חריפה בשמן פר,תבליני הדור השלישי,IL,פפריקה חריפה בשמן פר,גרמים,500.00,100 גרם,false,,34.90,0.0698,true,1,2987
7290011091088,false,כורכום פרג 500 גרם,תבליני הדור השלישי,IL,כורכום פרג 500 גרם,גרמים,500.00,100 גרם,false,,34.90,0.0698,true,1,2986
7290011091392,false,תבלין בהרט לקובה 100 גרם,תבליני הדור השלישי,IL,בהרט לקובה פרג 120 ג,גרמים,100.00,100 גרם,false,,16.90,0.1690,true,1,3948
7290011091507,false,פלפל שחור טחון 120 גרם,תבליני הדור השלישי,IL,פלפל שחור טחון פרג 1,גרמים,100.00,100 גרם,false,,15.90,0.1590,true,1,2980
7290011091620,false,קימל טחון פרג 120 גר,תבליני הדור השלישי,IL,קימל טחון פרג 120 גר,גרמים,120.00,100 גרם,false,,15.90,0.1325,true,1,6687
7290011091637,false,בהר פלפל אנגלי טחון,תבליני הדור השלישי,IL,פלפל אנגלי פרג 120 ג,גרמים,120.00,100 גרם,false,,15.90,0.1325,true,1,4578
7290011091651,false,שום גבישי פרג 150 גר,תבליני הדור השלישי,IL,שום גבישי פרג 150 גר,גרמים,150.00,100 גרם,false,,16.90,0.1127,true,1,2968
7290011115166,false,נקה 7 ארומה סבון נוזלי לבנדר 1 ל',טרופיקל דגיל תעשיות,IL,תחליב נקה 7 לבנדר 1,קילוגרמים,1.00,ליטר,false,,12.70,12.7000,true,1,2307
7290011115173,false,נקה 7 ארומה סבון נוזלי וניל 1 ל',טרופיקל דגיל תעשיות,IL,תחליב נקה 7 וניל שקד,קילוגרמים,1.00,ליטר,false,,12.70,12.7000,true,1,2308
7290011115203,false,אל סבון מוצק מבושם בניחוח עדין קלאסיק - מארז רביעיה,טרופיקל דגיל תעשיות,IL,סבון מוצק נקה 7 ורוד,גרמים,400.00,100 גרם,false,,10.90,0.0273,true,1,2309
7290011115241,false,אל סבון ארומטי מוצק ורוד ורד ויסמין - מארז רביעיה,גליל כימיקלים בעמ,IL,סבון מוצק נקה 7 ורד,גרמים,400.00,100 גרם,false,,10.90,0.0273,true,1,2310
7290011115258,false,אל סבון מוצק מבושם בניחוח עדין קלאסיק - מארז רביעיה,גליל כימיקלים בעמ,IL,סבון מוצק נקה 7 ירוק,גרמים,400.00,100 גרם,false,,10.90,0.0273,true,1,2311
7290011115265,false,מארז סבון מוצק ארומה אל סבון מועשר בשמנים ארומטיים,גליל כימיקלים בעמ,IL,סבון מוצק נקה 7 לבנד,גרמים,400.00,100 גרם,false,,10.90,0.0273,true,1,2312
7290011115401,false,אל סבון ארומטי מוצק צהוב קמומיל - רביעייה,נקה 7,IL,סבון מוצק נקה 7 קמומ,גרמים,400.00,100 גרם,false,,10.90,0.0273,true,1,3822
7290011126209,false,תה הגן הקסום תפוח וקינמון - סיידר 25 שקיקים,קריות זול,IL,חליטת תפוח וקינמון ס,גרמים,68.00,100 גרם,false,,17.50,0.2574,true,1,14773
7290011126452,false,תה הגן הקסום קמומיל ונענע 25 יח',קריות זול,IL,תה קמומיל נענע הגן ק,גרמים,38.00,100 גרם,false,,17.50,0.4605,true,1,2314
7290011126469,false,תה קמומיל ודבש 1.5ג' *25 שקיקים,קריות זול,IL,תה קמומיל ודבש הגן ק,גרמים,38.00,100 גרם,false,,17.50,0.4605,true,1,2315
7290011126957,false,תה יסוצקי ירוק ארל גריי 25 יח',ויסוצקי ירוק,IL,תה ירוק ארל גריי 25,גרמים,38.00,100 גרם,false,,22.90,0.6026,true,1,6915
7290011132583,false,"מארז פפסי מקס 500 מ""ל*6 יח' בקבוק","טמפו משקאות בע""מ",IL,מארז פפסי מקס 6*500,קילוגרמים,3.00,ליטר,false,,16.90,5.6333,true,1,56770
7290011133375,false,בירה שנדי בתוספת משקה אפרסק - שישייה,"טמפו משקאות בע""מ",IL,מארז בירה שנדי אפרסק,קילוגרמים,1.98,ליטר,false,,29.90,15.1010,true,1,4817
7290011133450,false,פקדון בקבוק חוזר 500,,,פקדון בקבוק חוזר 500,Unknown,0.00,יחידה,false,,1.20,0.0000,true,1,6505
7290011133634,false,"פפסי מקס פחית צרה מארז שישייה 330 מ""ל","טמפו משקאות בע""מ",IL,מארז פפסי מקס 6*330,קילוגרמים,1.98,ליטר,false,,16.90,8.5354,true,1,47045
7290011148959,false,פלפל טינקרבל יחידה,"מרינה פטריות הגליל בע""מ",IL,פלפל טינקרבל מארז,Unknown,0.00,יחידה,false,,8.90,0.0000,true,1,7685
7290011154028,false,סירופ תפוע 1.2 ליטר,טעמי הגליל,IL,סירופ תפוע 1.2 ליטר,קילוגרמים,1.20,ליטר,false,,39.90,33.2500,true,1,2318
7290011154301,false,ממרח תמרים טעמי הגלי,טעמי הגליל,IL,ממרח תמרים טעמי הגלי,גרמים,450.00,100 גרם,false,,5.90,0.0131,true,1,2999
7290011154318,false,סילאן טבעי טעמי הגלי,טעמי הגליל,IL,סילאן טבעי טעמי הגלי,גרמים,900.00,100 גרם,false,,19.90,0.0221,true,1,21869
7290011164164,false,לקקן סודה טעמן 40 יח,גואנגדונג צאואן פוד,CN,לקקן סודה טעמן 40 יח,גרמים,310.00,100 גרם,false,,15.90,0.0513,true,1,2323
7290011164539,false,סוכריות טופי ממולא 600 ג',פאסין אס אי,BR,סוכריות פרוטמילה טופ,גרמים,600.00,100 גרם,false,,14.90,0.0248,true,1,2324
7290011164546,false,זאזא טופי אטומיק ממולא 600גר,פאסין אס אי,BR,סוכריות פרוטמילה טופ,גרמים,600.00,100 גרם,false,,14.90,0.0248,true,1,2325
7290011164553,false,סוכריות פרוטמילה טופ,,,סוכריות פרוטמילה טופ,גרמים,700.00,100 גרם,false,,14.90,0.0213,true,1,2326
7290011174255,true,תירס גרעינים 800 גרם,,,תירס גרעינים 800 גרם,גרמים,0.00,100 גרם,false,,11.90,0.0000,true,1,2330
7290011174279,true,אפונה ירוקה 800 גרם,,,אפונה ירוקה 800 גרם,גרמים,0.00,100 גרם,false,,11.90,0.0000,true,1,2332
7290011194215,false,מעדן גבינה ויוגורט בטעם בננה 5% שומן 88 ג' דניאלה,"שטראוס בריאות בע""מ",IL,דניאלה בננה 88 גרם,Unknown,0.00,יחידה,false,,3.90,0.0000,true,1,2335
7290011194246,false,קוטג שטראוס 5% עם סידן 250ג,מיוצר עי קונדיטוריית,IL,קוטג 5% שטראוס 250 ג,גרמים,250.00,100 גרם,false,,5.80,0.0232,true,1,2336
7290011202323,true,פפריקה חריפה שקית דר,,,פפריקה חריפה שקית דר,גרמים,0.00,100 גרם,false,,3.50,0.0000,true,1,7075
7290011202354,true,כורכום שקית דרומה 80,,,כורכום שקית דרומה 80,גרמים,0.00,100 גרם,false,,3.50,0.0000,true,1,7197
7290011202378,true,קינמון שקית דרומה 80,,,קינמון שקית דרומה 80,גרמים,0.00,100 גרם,false,,3.50,0.0000,true,1,7076
7290011202385,true,מלח לימון שקית דרומה,,,מלח לימון שקית דרומה,גרמים,0.00,100 גרם,false,,3.50,0.0000,true,1,7078
7290011202408,true,שבבי בצל שקית דרומה,,,שבבי בצל שקית דרומה,גרמים,0.00,100 גרם,false,,3.50,0.0000,true,1,7201
7290011202415,true,סודה לשתייה 80 גרם ש,,,סודה לשתייה 80 גרם ש,גרמים,0.00,100 גרם,false,,3.90,0.0000,true,1,7079
7290011202675,true,מלח לימון דרומה 80 ג,,,מלח לימון דרומה 80 ג,Unknown,0.00,יחידה,false,,5.80,0.0000,true,1,7073
7290011202699,true,גבישי שום דרומה 80 ג,,,גבישי שום דרומה 80 ג,Unknown,0.00,יחידה,false,,5.80,0.0000,true,1,7203
7290011202705,true,אבקת שום דרומה 80 גר,,,אבקת שום דרומה 80 גר,Unknown,0.00,יחידה,false,,5.80,0.0000,true,1,7204
7290011240868,false,"יין אדום מבעבע מוסקטו 750 מ""ל",יקבי ציון,IL,יין מוסקטו אדום מבעב,מיליליטרים,750.00,"100 מ""ל",false,,24.90,0.0332,true,1,15082
7290011240905,false,"יין מוסקטו לב מבעבען 750 מ""ל",יקבי ציון,IL,יין מוסקטו לבן מבעב,מיליליטרים,750.00,"100 מ""ל",false,,24.90,0.0332,true,1,15083
7290011249212,false,וופל קראנצ' במילוי בטעם לימון,עלמה,IL,ופלים קראנץ' במילוי,גרמים,200.00,100 גרם,false,,2.90,0.0145,true,1,63709
7290011254070,false,תבלין פלפל שחור בשקית 50ג' מיה,מיה תעשיות מזון בעמ,IL,פלפל שחור שקית מיה 5,גרמים,50.00,100 גרם,false,,6.90,0.1380,true,1,2339
7290011254087,false,תבלין קינמון בשקית 80 גר' מיה,מיה תעשיות מזון בעמ,IL,קינמון שקית מיה 80 ג,גרמים,80.00,100 גרם,false,,3.90,0.0487,true,1,2340
7290011254094,false,תבלין כמון 80גר' שקית,מיה תעשיות מזון בעמ,IL,כמון שקית מיה 80 גרם,גרמים,80.00,100 גרם,false,,3.90,0.0487,true,1,5793
7290011254100,false,תבלין כרכום בשקית 80 גר' מיה,מיה תעשיות מזון בעמ,IL,כורכום שקית מיה 80 ג,גרמים,80.00,100 גרם,false,,3.90,0.0487,true,1,2341
7290011254117,false,תבלין פפריקה מתוקה בשקית 80 גר' מיה,מיה תעשיות מזון בעמ,IL,פפריקה מתוקה שקית מי,גרמים,80.00,100 גרם,false,,3.90,0.0487,true,1,2342
7290011254124,false,תבלין פפריקה חריפה בשקית 80 גר' מיה,מיה תעשיות מזון בעמ,IL,פפריקה חריפה שקית מי,גרמים,80.00,100 גרם,false,,3.90,0.0487,true,1,2343
7290011254155,false,תבלין מלח לימון בשקית 80 גר' מיה,מיה תעשיות מזון בעמ,IL,מלח לימון שקית מיה 8,גרמים,100.00,100 גרם,false,,3.90,0.0390,true,1,2345
7290011254162,false,תבלין פלפל לבן 80 גר' מיה,מיה תעשיות מזון בעמ,IL,פלפל לבן שקית מיה 50,גרמים,50.00,100 גרם,false,,6.90,0.1380,true,1,2346
7290011254193,false,תבלין שביבי שום 50גרם שקית,מיה תעשיות מזון בעמ,IL,שבבי שום שקית מיה 50,גרמים,80.00,100 גרם,false,,6.90,0.0863,true,1,5791
7290011254209,false,תבלין גבישי שום 80 גר' מיה,מיה תעשיות מזון בעמ,IL,גבישי שום שקית מיה 8,גרמים,80.00,100 גרם,false,,6.90,0.0863,true,1,5789
7290011254230,false,תן צ'אפ חטיף טבעות מארז 15X10ג',מיה תעשיות מזון בעמ,IL,מארז תן צאפ טבעות 8*,גרמים,120.00,100 גרם,false,,7.90,0.0658,true,1,2348
7290011254247,false,תן צ'אפ חטיף גלגלים מארז 15X10ג',מיה תעשיות מזון בעמ,IL,מארז תן צאפ גלגלים 8,גרמים,120.00,100 גרם,false,,7.90,0.0658,true,1,2349
7290011254278,true,סוכריות בטעם פירות 6,,,סוכריות בטעם פירות 6,גרמים,0.00,100 גרם,false,,14.90,0.0000,true,1,2352
7290011254346,false,"קינואה מיה בד""צ 1 ק""ג",מיה תעשיות מזון בעמ,IL,"קינואה מיה 1 ק""ג",פריט,1.00,"ק""ג",false,,19.90,19.9000,true,1,2353
7290011254469,true,סוכריות ללא סוכר לימ,,,סוכריות ללא סוכר לימ,גרמים,0.00,100 גרם,false,,5.80,0.0000,true,1,2355
7290011254476,true,סוכריות ללא סוכר תפו,,,סוכריות ללא סוכר תפו,גרמים,0.00,100 גרם,false,,5.80,0.0000,true,1,2356
7290011254490,true,סוכריות ללא סוכר פיר,,,סוכריות ללא סוכר פיר,גרמים,0.00,100 גרם,false,,5.80,0.0000,true,1,2358
7290011254698,false,"שמן זית כתית מעולה 750מ""ל בד''ץ",מיולאוליבה ספרד,ES,שמן זית כתית מיה 750,מיליליטרים,750.00,"100 מ""ל",false,,27.90,0.0372,true,1,22051
7290011254766,false,"שעועית לוביה יבשה מיה 400 גר'בד""צ",מיה תעשיות מזון בעמ,IL,שעועית לוביה מיה 400,גרמים,400.00,100 גרם,false,,7.90,0.0198,true,1,3996
7290011254964,false,סוכריות ג'לי טבעי 25X10 גר',מיה תעשיות מזון בעמ,IL,סוכריות גלי טבעי עשי,גרמים,250.00,100 גרם,false,,9.90,0.0396,true,1,2957
7290011312381,false,פטריות חורש למנגל 320 ג',"מרינה פטריות הגליל בע""מ",IL,פטריות סטייק פורטובל,Unknown,0.00,יחידה,false,,10.90,0.0000,true,1,6684
7290011379018,false,פטריות טריות מיקס מרינה זוגי 250X2ג',"מרינה פטריות הגליל בע""מ",IL,מארז פטריות צמד חמד,Unknown,0.00,יחידה,false,,15.90,0.0000,true,1,4360
7290011447359,false,תרכובת מזון המשך לפעוטות מהדרין שלב 1,מולינו ניקולי s.p.a,IL,מטרנה מהדרין שלב 1 7,גרמים,700.00,100 גרם,false,,49.90,0.0713,true,1,2365
7290011447373,false,תרכובת מזון המשך לפעוטות מהדרין שלב 2,מטרנה תעשיות ש.מ,IL,מטרנה מהדרין שלב 2 7,גרמים,700.00,100 גרם,false,,49.90,0.0713,true,1,2366
7290011489861,false,פתיבר בטעם וניל הדר,מגדנית הדר,IL,פתיבר בטעם וניל הדר,פריט,1.80,"ק""ג",false,,21.90,12.1667,true,1,50693
7290011499051,false,פטה כבשים מסורתית 20% בגביע 250 גרם - רובין,MKN עבור מחלבות גד ב,IL,גבינת פטה כבשים 20%,גרמים,250.00,100 גרם,false,,25.90,0.1036,true,1,2377
7290011499358,false,פטה עיזים מסורתית 20% בגביע 200 גרם - רובין,מיוצר על ידי קוד יצר,IL,גבינת פטה עיזים 20%,גרמים,200.00,100 גרם,false,,26.90,0.1345,true,1,45718
7290011499365,false,גד חלומי 24% 200 גרם רובין,"מחלבות גד בע""מ",IL,גבינה חלומי 24% גד 2,גרמים,200.00,100 גרם,false,,19.90,0.0995,true,1,3201
7290011499419,false,גבינה במרקם שמנת בטעם טבעי 5% ניו יורק,מחלבות גד,IL,גבינה במרקם שמנת טבע,גרמים,200.00,100 גרם,false,,12.90,0.0645,true,1,6382
7290011499686,false,צפתית מיני 5% 350 גרם מהדרין - רובין,מחלבות גד,IL,גבינה צפתית 5% גד 35,גרמים,350.00,100 גרם,false,,21.90,0.0626,true,1,5390
7290011499723,false,גבינה בולגרית פרוסות 250ג',דשן,IL,גבינה בולגרית פרוסות,גרמים,250.00,100 גרם,false,,27.90,0.1116,true,1,5389
7290011499730,false,בולגרית מסורתית 5% גביע 250 גרם מהדרין - רובין,דשן,IL,גבינה בולגרית 5% גד,גרמים,250.00,100 גרם,false,,23.90,0.0956,true,1,5395
7290011499822,false,בולגרית מעודנת 5% 250 גרם מהדרין - רובין,דשן,IL,גבינה בולגרית מעודנת,גרמים,250.00,100 גרם,false,,23.90,0.0956,true,1,7311
7290011514839,false,ספוג רחצה 5 יח',,,ספוג רחצה 5 יח',Unknown,0.00,יחידה,false,,9.90,0.0000,true,1,5371
7290011515683,false,מעדן קפוא אקסטרים Extreme בטעם וניל - 6 יח',תות תעשיות מזון (201,IL,טילוני אקסטרים וניל,גרמים,432.00,100 גרם,false,,23.90,0.0553,true,1,2380
7290011515911,false,שלגונים מופחתי קלוריות בטעם ריבת חלב - 6 יח',גלידות נסטלה (נגה גל,IL,שלגוני לייט נסטלה רי,גרמים,312.00,100 גרם,false,,21.90,0.0702,true,1,4420
7290011518561,false,"אקטימל תות משפחתי מארז 14X100מ""ל",מיוצר עי קונדיטוריית,IL,אקטימל תות דנונה 14*,קילוגרמים,1.40,ליטר,false,,28.90,20.6429,true,1,2382
7290011537371,false,פסטה קונכיות טעמן 500 גר',מוטלו,TR,פסטה קונכיות טעמן 50,גרמים,500.00,100 גרם,false,,3.90,0.0078,true,1,2386
7290011598211,false,"סנו - אנטי קאלק מרסס ניקוי כללי 4 ב-1 700 מ""ל",מיוצר עי קונדיטוריית,IL,תרסיס אנטי קאלק 4 ב-,מיליליטרים,700.00,"100 מ""ל",false,,17.70,0.0253,true,1,2387
7290011598402,false,מרכך כביסה מקסימה מאסק ורוד 4 ל' סנו,סנו מקסימה,IL,מרכך מקסימה מאסק 4 ל,קילוגרמים,4.00,ליטר,false,,21.50,5.3750,true,1,2390
7290011725006,false,פטרוזיליה ארוזה למהדרין,ברכת קטיף,IL,פטרוזליה ברכת דוד,Unknown,0.00,יחידה,false,,5.90,0.0000,true,1,53217
7290011725013,false,כוסברה ארוזה למהדרין,ברכת קטיף,IL,כוסברה ברכת דוד,Unknown,0.00,יחידה,false,,5.90,0.0000,true,1,38925
7290011725020,false,שמיר ארוז למהדרין,ברכת קטיף,IL,שמיר ברכת דוד,Unknown,0.00,יחידה,false,,5.90,0.0000,true,1,9348
7290011725037,false,נענע ארוזה למהדרין,ברכת קטיף,IL,נענע ברכת דוד,Unknown,0.00,יחידה,false,,5.90,0.0000,true,1,53218
7290011725044,false,סלרי ברכת דוד,ברכת קטיף,IL,סלרי ברכת דוד,Unknown,0.00,יחידה,false,,6.90,0.0000,true,1,53219
7290011725051,false,חסה ברכת דוד,ברכת קטיף,IL,חסה ברכת דוד,Unknown,0.00,יחידה,false,,6.90,0.0000,true,1,29141
7290011725068,false,מנגולד סלק עלים אפרתי,ברכת קטיף,IL,מנגולד ברכת דוד,Unknown,0.00,יחידה,false,,6.90,0.0000,true,1,53220
7290011725136,false,דלעת ברכת דוד,ברכת קטיף,IL,דלעת ברכת דוד,Unknown,0.00,יחידה,false,,8.90,0.0000,true,1,63293
7290011725143,false,לבבות חסה ברכת דוד,ברכת קטיף,IL,לבבות חסה ברכת דוד,Unknown,0.00,יחידה,false,,12.90,0.0000,true,1,53221
7290011725167,false,בצל ירוק ארוז למהדרין,,,בצל ירוק ברכת דוד,Unknown,0.00,יחידה,false,,12.90,0.0000,true,1,8409
7290011732172,false,שרשרת 24 יח שקית משפחתית מהדרין,גואנגדונג צאואן פוד,CN,סוכריות שרשרת טעמן 2,גרמים,422.00,100 גרם,false,,15.90,0.0377,true,1,2393
7290011732189,false,צמיד 48 יח שקית משפחתית מהדרין,גואנגדונג צאואן פוד,CN,סוכריות צמיד טעמן 48,גרמים,422.00,100 גרם,false,,15.90,0.0377,true,1,2394
7290011732202,false,סוכריות בקבוקי סודה מארז משפחתי 375 גר',גואנגדונג צאואן פוד,CN,בקבוקי אבקה בטעם פרי,גרמים,462.00,100 גרם,false,,15.90,0.0344,true,1,2395
7290011732264,false,סוכריות סודה פרמידה מארז משפחתי 375 גר'.,גואנגדונג צאואן פוד,CN,סוכריות פירמידה טעמן,גרמים,432.00,100 גרם,false,,15.90,0.0368,true,1,2396
7290011732271,false,סוכריות זאזא פ.פלסטיק חמצמץ 8X36ג',גואנגדונג צאואן פוד,CN,סוכריות פירות טעמן 3,גרמים,432.00,100 גרם,false,,15.90,0.0368,true,1,2397
7290011765415,false,"כיף - בוב ספוג מרכך שיער 750 מ""ל",קוסמופארם,IL,מרכך כיף רוזמרין בוב,מיליליטרים,750.00,"100 מ""ל",false,,10.70,0.0143,true,1,2414
7290011765446,false,משחת שיניים לילדים בוב ספוג בטעם מיץ ענבים עם פלואוריד למניעת עששת,טרופיקל דגיל תעשיות,IL,משחת אורביטול ילדים,גרמים,70.00,100 גרם,false,,7.50,0.1071,true,1,2415
7290011800826,true,חציל עם טחינה רפי 40,,,חציל עם טחינה רפי 40,גרמים,0.00,100 גרם,false,,14.90,0.0000,true,1,3907
7290011800840,false,טחינה בלאדי רפי כהן 400 ג' צבר,סלטי צבר,IL,טחינה בלאדי רפי 400,גרמים,400.00,100 גרם,false,,14.90,0.0373,true,1,3908
7290011877859,false,סנו אינסטלטור חדש פותח סתימות 200ג',מיוצר עי קונדיטוריית,IL,פותח סתימות סנו אינס,מיליליטרים,200.00,"100 מ""ל",false,,12.90,0.0645,true,1,3320
7290011877866,false,אבקת כביסה סנו מקסימה בניחוח Musk,"איי, בי, אינבוו",IL,אבקת מקסימה מאסק 6 ק,פריט,6.00,"ק""ג",false,,44.90,7.4833,true,1,3323
7290011931162,false,סוכרלייט ממתיק נוזלי על בסיס סוכרלוז,אף.סי תבליני בגליל ב,IL,ממתיק נוזלי סוכרלוז,מיליליטרים,220.00,"100 מ""ל",false,,22.90,0.1041,true,1,21706
7290011947521,false,"שמן זית כתית מעולה 750 מ""ל טעם מודגש זיתא",זיתא,IL,שמן זית כתית זיתא טע,מיליליטרים,750.00,"100 מ""ל",false,,27.90,0.0372,true,1,52826
7290011977641,false,סרדינים בלימון 125 גרם - רובין טעים,טעים,MA,סרדין בלימון טעים 12,גרמים,125.00,100 גרם,false,,3.90,0.0312,true,1,2439
7290011977665,false,טעים סרדינים ברוטב עגבניות 125 גר,טעים,MA,סרדין ברוטב עגבניות,גרמים,125.00,100 גרם,false,,3.90,0.0312,true,1,2440
7290011977924,false,טעמן פסטה קרנים\פרפלה 500גרם,מוטלו,TR,פסטה קרניים טעמן 500,גרמים,500.00,100 גרם,false,,3.90,0.0078,true,1,3394
7290012001994,false,חרדל דיז'ון גרעינים 350 ג' ריין דיזון,ריין דיז'ון reine dijon,FR,חרדל דיזון גרגירים ר,גרמים,350.00,100 גרם,false,,9.90,0.0283,true,1,4922
7290012025822,false,סלט סלק אסלי 400 גרם,סלטי שמיר 2006 בעמ,IL,סלט סלק אסלי 400 גרם,גרמים,400.00,100 גרם,false,,10.90,0.0273,true,1,22203
7290012025839,false,מטבוחה שמיר אסלי 400 גרם,סלטי שמיר 2006 בעמ,IL,מטבוחה אסלי 400 גרם,גרמים,400.00,100 גרם,false,,10.90,0.0273,true,1,4958
7290012116261,false,"ג'ל לניקוי ידיים 70% אלכוהול 500 מ""ל",גוד פוד פרודקטס S.p,IL,ג'ל חיטוי ידיים אלוו,מיליליטרים,500.00,"100 מ""ל",false,,14.90,0.0298,true,1,50054
7290012116551,false,סנו אנטי קאלק רב שימושי 4ב1- 2 ליטר,מיוצר עי קונדיטוריית,IL,נוזל אנטי קאלק 4 ב-1,קילוגרמים,2.00,ליטר,false,,17.90,8.9500,true,1,3312
7290012116612,false,אורביטול מברשת שיניים מארז 4 יח',ג'נרל מילס סאן אדריא,CN,מברשת אורביטול סופט,Unknown,0.00,יחידה,false,,9.90,0.0000,true,1,3329
7290012117039,false,מסיר אבנית ומנקה לאמבטיה 00,סנו,IL,נוזל 00 לאמבט 1 ליטר,קילוגרמים,1.00,ליטר,false,,7.50,7.5000,true,1,3319
7290012117091,false,אבקת -כביסה סנו מקסימה סנסיטיב 6 קג,סנו מקסימה,IL,אבקת מקסימה סנסטיב 6,פריט,6.00,"ק""ג",false,,44.90,7.4833,true,1,3324
7290012117275,false,נוזל רב תכליתי לניקוי ולהברקה מילוי,טרופיקל דגיל תעשיות,IL,"מילוי סנוקליר 750 מ""",מיליליטרים,750.00,"100 מ""ל",false,,5.70,0.0076,true,1,3317
7290012117350,false,ריצפז פרש 2 ליטר לילך לבנדר,"סנו מפעלי ברונוס בע""",IL,ריצפז פרש לילך 2 ליט,קילוגרמים,2.00,ליטר,false,,16.90,8.4500,true,1,3314
7290012117411,false,שמפו וג'ל רחצה לגבר רויבוס Rooibos,קוסמופארם,IL,גל רחצה קרמה מן במבו,מיליליטרים,700.00,"100 מ""ל",false,,16.50,0.0236,true,1,3334
7290012117428,false,"קרמה - שמפו וג'ל רחצה 2 ב-1 מנטה 700 מ""ל",טרופיקל דגיל תעשיות,IL,שמפו וגל רחצה לגבר ק,מיליליטרים,700.00,"100 מ""ל",false,,16.50,0.0236,true,1,3335
7290012117435,false,"קרמה - שמפו וג'ל רחצה 2 ב-1 אלוורה 700 מ""ל",טרופיקל דגיל תעשיות,IL,גל רחצה קרמה מן אלוו,מיליליטרים,700.00,"100 מ""ל",false,,16.50,0.0236,true,1,3336
7290012117534,false,סנו - מקסימה מרכך כביסה מרוכז קול 1 ליטר,"סנו מפעלי ברונוס בע""",IL,מרכך מקסימה סופר מרו,קילוגרמים,1.00,ליטר,false,,17.50,17.5000,true,1,4343
7290012117541,false,מרכך כביסה מקסימה קומפקט צהוב 1 ל' סנו,סנו מקסימה,IL,מרכך מקסימה סופר מרו,קילוגרמים,1.00,ליטר,false,,17.50,17.5000,true,1,35819
7290012117558,false,מרכך כביסה קומפקט מאסק ורוד סנו מקסימה 1 ל',"סנו מפעלי ברונוס בע""",IL,מרכך מקסימה סופר מרו,קילוגרמים,1.00,ליטר,false,,17.50,17.5000,true,1,4344
7290012117688,true,גל ניקוי ידיים כחול,,,גל ניקוי ידיים כחול,מיליליטרים,0.00,"100 מ""ל",false,,0.00,0.0000,true,1,42591
7290012117732,false,סנו - מקסימה מרכך כביסה קול שחור 4 ליטר,"סנו מפעלי ברונוס בע""",IL,מרכך מקסימה קול 4 לי,קילוגרמים,4.00,ליטר,false,,21.50,5.3750,true,1,6685
7290012117916,false,סנו אינסטלאטור פותח סתימות נוזלי 1 ל',"סנו מפעלי ברונוס בע""",IL,פותח סתימות סנו אינס,קילוגרמים,1.00,ליטר,false,,26.70,26.7000,true,1,13645
7290012226991,false,"נקניקיות עוף באריזת ג''מבו 1.5 ק""ג זוגלובק",נקניק נהריה כשר זוגל,IL,נקניקיות עוף זוגלובק,פריט,1.50,"ק""ג",false,,24.90,16.6000,true,1,7248
7290012227592,false,פסט' חרמון כפרי וסלמי תה זוגי זוגלובק 300X2ג' מחפוד,זוגלובק,IL,מארז תה מעושן וחרמון,גרמים,700.00,100 גרם,false,,25.90,0.0370,true,1,14351
7290012227608,false,מארז חרמון 300 גר' +חרמון ברבקיו 300ג' זוגלובק,זוגלובק,IL,מארז חרמון וברביקיו,גרמים,600.00,100 גרם,false,,25.90,0.0432,true,1,14350
7290012227615,false,נקניקיות עוף זוגלובק 800 ג' מחפוד,זוגלובק,IL,נקניקיות עוף זוגלובק,גרמים,800.00,100 גרם,false,,18.90,0.0236,true,1,14349
7290012227622,false,פסטרמה חרמון כפרית דבש 400גר מחפוד זוגלובק,זוגלובק,IL,פסטרמה בדבש זוגלובק,גרמים,400.00,100 גרם,false,,18.90,0.0472,true,1,14348
7290012227738,false,זוגלובק סלמי תה מעושן מחפוד 370 גרם,זוגלובק,IL,סלמי תה מעושן זוגלוב,גרמים,370.00,100 גרם,false,,19.90,0.0538,true,1,19844
7290012227769,false,פסטרמה ברביקיו מחפוד זוגלובק 400ג',זוגלובק,IL,פסטרמה ברביקיו זוגלו,גרמים,400.00,100 גרם,false,,18.90,0.0472,true,1,15666
7290012227776,false,פסטרמה הודו מחפוד 400ג זוגלובק,זוגלובק,IL,פסטרמה הודו זוגלובק,גרמים,400.00,100 גרם,false,,18.90,0.0472,true,1,15667
7290012227783,false,נקניק תה מעושן מחפוד זוגלובק 400ג',זוגלובק,IL,נקניק תה מעושן זוגלו,גרמים,400.00,100 גרם,false,,17.90,0.0447,true,1,15668
7290012228278,false,נקנקיות בוקוורסט עוף ובקר ריינהולד'ס 310 ג' זוגלובק,זוגלובק,IL,נקניקיות ריינהולדס ב,גרמים,300.00,100 גרם,false,,19.90,0.0663,true,1,61973
7290012228407,false,"נקניקיות ג'מבו מחפוד 1.5 ק""ג",זוגלובק,IL,נקניקיות ג'מבו זוגלו,פריט,1.50,"ק""ג",false,,32.90,21.9333,true,1,48377
7290012228612,false,זוג חזה הודו ועוף 300+ח.ברביקיו 300 קהילות.,זוגלובק,IL,מארז חרמון ברביקיו ו,גרמים,600.00,100 גרם,false,,28.90,0.0482,true,1,33259
7290012228629,false,נקניקיות עוף זוגלובק 800 גר' קהילות,זוגלובק,IL,נקניקיות עוף זוגלובק,גרמים,800.00,100 גרם,false,,23.90,0.0299,true,1,33257
7290012228704,false,"ריינהולדס נקניקיות סוסג' ספרדית חריפה, 310 ג'",זוגלובק,IL,נקניקיות ריינהולדס ה,גרמים,300.00,100 גרם,false,,19.90,0.0663,true,1,61977
7290012228766,false,קבנוס מחפוד זוגלובק,זוגלובק,IL,קבנוס זוגלובק 120 גר,גרמים,120.00,100 גרם,false,,9.90,0.0825,true,1,52292
7290012275401,false,מולר בירה לבנה בקבוק גרמנית 500מל,הלניק בריויריס אוף א,GR,"בירה מולר 500 מ""ל",מיליליטרים,500.00,"100 מ""ל",false,,3.90,0.0078,true,1,10648
7290012309366,false,אורז בסמטי הודי שקדי,,IN,אורז בסמטי הודי שקדי,פריט,5.00,"ק""ג",false,,36.90,7.3800,true,1,7099
7290012312595,false,יין גת שומרון 48 פטי,יקב גת,IL,יין גת שומרון 48 פטי,מיליליטרים,750.00,"100 מ""ל",false,,199.90,0.2665,true,1,62434
7290012313585,false,זית טבעות ירוק בני ד,בני דרום,IL,זית טבעות ירוק בני ד,פריט,1.25,"ק""ג",false,,16.90,13.5200,true,1,53266
7290012313820,false,רוטב צ'ילי מתוק בני,בני דרום,IL,רוטב צ'ילי מתוק בני,מיליליטרים,500.00,"100 מ""ל",false,,10.90,0.0218,true,1,64916
7290012313837,false,רוטב סויה בני דרום 5,בני דרום,IL,רוטב סויה בני דרום 5,מיליליטרים,500.00,"100 מ""ל",false,,10.90,0.0218,true,1,64917
7290012313844,false,רוטב אלף האיים בני ד,בני דרום,IL,רוטב אלף האיים בני ד,מיליליטרים,500.00,"100 מ""ל",false,,10.90,0.0218,true,1,64918
7290012335006,false,סוכריות סודה רול מיני מארז משפחתי 375 ג',גואנגדונג צאואן פוד,CN,סוכריות רול מיני טע,גרמים,326.00,100 גרם,false,,15.90,0.0488,true,1,3399
7290012335020,false,סוכריות סודה שעון מארז משפחתי 375 גר',גואנגדונג צאואן פוד,CN,סוכריות סודה שעון ט,גרמים,420.00,100 גרם,false,,15.90,0.0379,true,1,3398
7290012359033,false,"דבש מן הטבע 1.5 ק""ג",מכוורת עמק חפר,IL,"דבש מן הטבע 1.5 ק""ג",פריט,1.50,"ק""ג",false,,49.90,33.2667,true,1,26824
7290012359606,false,דבש מן הטבע 700 גרם,מכוורת עמק חפר,IL,דבש מן הטבע 700 גרם,גרמים,700.00,100 גרם,false,,24.90,0.0356,true,1,26816
7290012359613,false,דבש לחיץ מן הטבע 500,מכוורת עמק חפר,IL,דבש לחיץ מן הטבע 500,גרמים,500.00,100 גרם,false,,19.90,0.0398,true,1,26817
7290012372650,true,עוגיות חיטה רולדת תמ,,,עוגיות חיטה רולדת תמ,,0.00,,false,,19.90,0.0000,true,1,26091
7290012372681,true,עוגיות פרח ריבה 280,,,עוגיות פרח ריבה 280,,0.00,,false,,19.90,0.0000,true,1,26089
7290012372841,true,עוגיות חיטה פרח ריבה,,,עוגיות חיטה פרח ריבה,,0.00,,false,,19.90,0.0000,true,1,26087
7290012413643,false,תה ויסוצקי ירוק קמומיל 25 יח',ויסוצקי ירוק,IL,תה ירוק קמומיל 25 שק,גרמים,38.00,100 גרם,false,,22.90,0.6026,true,1,8019
7290012454189,true,סוכריות ללא סוכר יוג,,,סוכריות ללא סוכר יוג,גרמים,0.00,100 גרם,false,,5.80,0.0000,true,1,3740
7290012454608,true,חטיף צאפ גלגלים 50 ג,,,חטיף צאפ גלגלים 50 ג,גרמים,0.00,100 גרם,false,,3.50,0.0000,true,1,25982
7290012483011,false,פולי סויה אדממה וילי,קו אל טי די קיאוניונ,CN,פולי סויה אדממה וילי,פריט,1.00,"ק""ג",false,,16.90,16.9000,true,1,24456
7290012483608,false,"אורז בסמטי מובחר 5 ק""ג",הנסיך- מפעל לייצור ט,IN,אורז בסמטי דוואט 5 ק,פריט,5.00,"ק""ג",false,,49.90,9.9800,true,1,6981
7290012522581,false,טבעול שניצל תירס ללא גלוטן טבעול 664 גרם,עיצובים 2020 (4.8),IL,שניצל תירס ל.גלוטן ט,גרמים,664.00,100 גרם,false,,19.90,0.0300,true,1,6788
7290012561313,false,בצל קצוץ מטוגן דורות,עיצובים 2020 (3.8),IL,בצל קצוץ מטוגן דורות,גרמים,400.00,100 גרם,false,,16.90,0.0422,true,1,48944
7290012561405,true,בצל קצוץ ומטוגן דורו,,,בצל קצוץ ומטוגן דורו,גרמים,0.00,100 גרם,false,,9.90,0.0000,true,1,5418
7290012576607,false,"יין פרימייר אדום קברנה סובניון ומלבק 750 מ""ל","ברקן שיווק והפצה בע""",IL,יין פרימייר קברנה סו,מיליליטרים,750.00,"100 מ""ל",false,,25.90,0.0345,true,1,11919
7290012645112,false,"יוגורט עיזים בדלי חלב הארץ 750מ""ל",מחלבות סוסיא,IL,משקה יוגורט עיזים חל,מיליליטרים,750.00,"100 מ""ל",false,,17.90,0.0239,true,1,38459
7290012645129,false,"יוגורט כבשים בדלי חלב הארץ 750מ""ל",מחלבות סוסיא,IL,משקה יוגורט כבשים חל,מיליליטרים,750.00,"100 מ""ל",false,,17.90,0.0239,true,1,38460
7290012724817,false,נענע יח בשקית,"מרינה פטריות הגליל בע""מ",IL,נענע יח',Unknown,0.00,יחידה,false,,4.90,0.0000,true,1,48242
7290012724824,false,שמיר יח בשקית,"מרינה פטריות הגליל בע""מ",IL,שמיר יח,Unknown,0.00,יחידה,false,,4.90,0.0000,true,1,48243
7290012724831,false,כוסברה יח בשקית,"מרינה פטריות הגליל בע""מ",IL,כוסברה ארוז,Unknown,0.00,יחידה,false,,4.90,0.0000,true,1,48192
7290012724848,false,פטרוזיליה ארוז ליח,"מרינה פטריות הגליל בע""מ",IL,פטרוזיליה יח,Unknown,0.00,יחידה,false,,4.90,0.0000,true,1,48189
7290012738524,false,מצות חמץ כוסמין יהוד,מצות יהודה,IL,מצות חמץ כוסמין יהוד,גרמים,300.00,100 גרם,false,,23.90,0.0797,true,1,12450
7290012779152,false,חסה פאקצ'וי מרינה מה,מרינה פטריות הגליל,IL,חסה פאקצ'וי מרינה מה,Unknown,0.00,יחידה,false,,13.90,0.0000,true,1,51278
7290012823343,false,משחת שיניים אורביטול קידס 70גר' Shimer & Shine,טרופיקל דגיל,IL,משחת אורביטול ילדים,גרמים,70.00,100 גרם,false,,7.50,0.1071,true,1,51318
7290012823381,false,מרכך כביסה מקסימה סנסיטיב מרוכז ורוד 1 ל' סנו,"סנו מפעלי ברונוס בע""",IL,מרכך מקסימה סופר מרו,קילוגרמים,1.00,ליטר,false,,17.50,17.5000,true,1,4843
7290012823558,false,מטליות ענק לחות לרצפה 10 יח' סנו סושי,סנו מפעלי ברונוס בעמ,IL,מטליות לחות לרצפה סנ,Unknown,0.00,יחידה,false,,9.90,0.0000,true,1,4844
7290012823602,false,נייר טואלט סופט סילק לבן - מארז 32 גלילים,טרופיקל דגיל תעשיות,IL,נייר טואלט לבן סופט,מטרים,589.00,מטר,false,,32.90,0.0559,true,1,5509
7290012823794,false,כיף אלסבון 2ליטר יסמין לבנדר,קוסמופארם,IL,אלסבון כיף יסמין לבנ,קילוגרמים,2.00,ליטר,false,,13.90,6.9500,true,1,4840
7290012881589,false,מטהר אוויר אורנים 30,סאסאטק,IL,מטהר מגיק אורנים 300,מיליליטרים,300.00,"100 מ""ל",false,,3.90,0.0130,true,1,13023
7290012881787,false,מג'יק מרכך כביסה כחול 4 ל',,,מרכך כביסה כחול 4 לי,קילוגרמים,4.00,ליטר,false,,14.90,3.7250,true,1,5734
7290012881794,false,מג'יק מרכך כביסה ורוד 4 ל',,,מרכך כביסה ורוד 4 לי,קילוגרמים,4.00,ליטר,false,,14.90,3.7250,true,1,5736
7290012881800,false,מג'יק מרכך כביסה לבן 4 ל',,,מרכך כביסה לבן 4 ליט,קילוגרמים,4.00,ליטר,false,,14.90,3.7250,true,1,5735
7290012881817,false,מטהר אוויר לימון 300,סאסאטק,IL,מטהר מגיק לימון 300,מיליליטרים,300.00,"100 מ""ל",false,,3.90,0.0130,true,1,13025
7290012881824,false,מטהר אוויר אביבי 300,סאסאטק,IL,מטהר מגיק לבנדר 300,מיליליטרים,300.00,"100 מ""ל",false,,3.90,0.0130,true,1,13024
7290012901201,true,טוויסט ליקריץ שחור,,,טוויסט ליקריץ שחור,,0.00,,false,,9.90,0.0000,true,1,9536
7290012929779,false,פסטה ספירלה מקמח מלא טעמן 500 ג',מוטלו,TR,פסטה ספירלה מחיטה מל,גרמים,500.00,100 גרם,false,,3.90,0.0078,true,1,4833
7290012929786,false,טעמן פסטה צינורות חיטה מלאה 500גר,מוטלו,TR,פסטה צינורות מחיטה מ,גרמים,500.00,100 גרם,false,,3.90,0.0078,true,1,4834
7290012929793,false,פסטה ספגטי מקמח מלא טעמן 500 גר',מוטלו,TR,ספגטי חיטה מלאה טעמן,גרמים,500.00,100 גרם,false,,3.90,0.0078,true,1,4835
7290012929953,false,טעמן שלישיית טונה במים 150גר,דיאמוד פוד פרודקט סי,TH,מארז טונה במים טעמן,גרמים,450.00,100 גרם,false,,14.90,0.0331,true,1,4829
7290012929960,false,טעמן שלישיית טונה בשמן 150גר,דיאמוד פוד פרודקט סי,TH,מארז טונה בשמן טעמן,גרמים,420.00,100 גרם,false,,14.90,0.0355,true,1,4828
7290012956997,true,ארק קאוער 40% כהל 70,,,ארק קאוער 40% כהל 70,גרמים,0.00,100 גרם,false,,49.90,0.0000,true,1,31333
7290013010001,false,עגבניות מרוסקות 240 גר' פרי מבורך,זנלכל,IL,עגבניות מרוסקות מבור,גרמים,240.00,100 גרם,false,,5.50,0.0229,true,1,4376
7290013010018,false,פרי מבורך רוטב פסטה 240 גרם,זנלכל,IL,רוטב לפסטה מבורך 240,גרמים,240.00,100 גרם,false,,5.50,0.0229,true,1,4379
7290013010025,false,רוטב פיצה 240 גר' פרי מבורך,זנלכל,IL,רוטב לפיצה מבורך 240,גרמים,240.00,100 גרם,false,,5.50,0.0229,true,1,4378
7290013010032,false,רוטב עגבניות לשקשוקה מבורך 240 גרם,זנלכל,IL,רוטב לשקשוקה מבורך 2,גרמים,240.00,100 גרם,false,,5.50,0.0229,true,1,4377
7290013010094,false,פרי מבורך רוטב בולונז לפסטה 240 גרם,זנלכל,IL,רוטב בולונז מבורך 24,גרמים,240.00,100 גרם,false,,5.50,0.0229,true,1,6039
7290013010322,false,עגבניות שלמות פרי מבורך 800 גר',זנלכל,IL,עגבניות שלמות מבורך,גרמים,800.00,100 גרם,false,,9.90,0.0124,true,1,25656
7290013010339,false,עגבניות מרוסקות בצל 800 גר' פרי מבורך,זנלכל,IL,עגבניות מרוסקות עם ב,גרמים,800.00,100 גרם,false,,9.90,0.0124,true,1,25659
7290013010353,false,עגבניות מרוסקות בזיליקום 800 גר' פרי מבורך.,זנלכל,IL,עגבניות מרוסקות עם ב,גרמים,800.00,100 גרם,false,,9.90,0.0124,true,1,25658
7290013010360,true,תירס קיד מבורך 550 ג,,,תירס קיד מבורך 550 ג,גרמים,0.00,100 גרם,false,,0.00,0.0000,true,1,25655
7290013027399,false,לחם קמח מלא קל בתוספת שיפון 750 ג' אנג'ל,מאפיית שלמה א. אנג'ל,IL,לחם קל קמח מלא ושיפו,גרמים,750.00,100 גרם,false,,12.90,0.0172,true,1,39017
7290013031549,true,שמן תירס שוקחה 5 ליט,,,שמן תירס שוקחה 5 ליט,קילוגרמים,0.00,ליטר,false,,24.90,0.0000,true,1,14623
7290013080295,false,באגסי חטיף ברבקיו מארז 20X20ג',א מ חטיפי העמק בעמ,IL,מארז באגסי ברביקיו 2,גרמים,400.00,100 גרם,false,,8.90,0.0223,true,1,5314
7290013080318,false,באגסי חטיף בטעם פלאפל מארז 20X20ג',א מ חטיפי העמק בעמ,,מארז באגסי פלאפל 20*,גרמים,400.00,100 גרם,false,,8.90,0.0223,true,1,5316
7290013080479,false,באגסי חטיף טעם בצל מארז 20X20ג',א מ חטיפי העמק בעמ,IL,מארז באגסי בצל 20*20,גרמים,400.00,100 גרם,false,,8.90,0.0223,true,1,8436
7290013080486,false,באגסי חטיף טעם פיצה מארז 20X20ג',א מ חטיפי העמק בעמ,IL,מארז באגסי פיצה 20*2,גרמים,400.00,100 גרם,false,,8.90,0.0223,true,1,8435
7290013117212,false,בורקס פילו גבינה מעדנות מעדנות 600 ג',מיוצר עי קונדיטוריית,IL,בורקס פילו גבינה מעד,גרמים,600.00,100 גרם,false,,19.90,0.0332,true,1,5412
7290013117229,false,בורקס פילו תפוא מעדנות 600 גרם,מיוצר עי קונדיטוריית,IL,בורקס פילו תפוא מעדנ,גרמים,600.00,100 גרם,false,,19.90,0.0332,true,1,5413
7290013117410,false,בצק פריך מרודד למאפים מתוקים 900 ג' מעדנות,מיוצר עי קונדיטוריית,IL,בצק פריך מתוק מעדנות,גרמים,900.00,100 גרם,false,,19.90,0.0221,true,1,5719
7290013117427,false,בצק פריך מרודד למאפים מלוחים 900 ג' מעדנות,מיוצר עי קונדיטוריית,IL,בצק פריך מלוח מעדנות,גרמים,900.00,100 גרם,false,,19.90,0.0221,true,1,5718
7290013117526,false,מעדנות בצק שמרים למאפים מתוקים 900 גרם,"מעדנות בע""מ",IL,בצק שמרים עלים מעדנו,גרמים,900.00,100 גרם,false,,19.90,0.0221,true,1,7613
7290013195272,false,רוזנרס גפילטע פיש הונגרי 500 גר,,,רולדה הונגרי 500 גרם,גרמים,500.00,100 גרם,false,,19.90,0.0398,true,1,15382
7290013195289,false,רוזנער'ס גפילטע פיש ירושלמי 500 גר,,,רולדה ירושלמי 500 גר,גרמים,500.00,100 גרם,false,,19.90,0.0398,true,1,15383
7290013220042,false,מיקס פירות טרופיים 5,א.מ שרון,PL,מיקס טרופי קפוא 500,גרמים,500.00,100 גרם,false,,19.90,0.0398,true,1,45806
7290013220103,false,דובדבן קפוא 500 גרם,א.מ שרון,PL,דובדבן קפוא 500 גרם,גרמים,500.00,100 גרם,false,,19.90,0.0398,true,1,45819
7290013220127,false,דומדמנית שחורה קפוא,א.מ שרון,PL,דומדמנית שחורה קפוא,גרמים,500.00,100 גרם,false,,19.90,0.0398,true,1,45821
7290013220318,false,חמוצית קפוא 400 גרם,א.מ שרון,PL,חמוצית קפוא 400 גרם,גרמים,400.00,100 גרם,false,,19.90,0.0497,true,1,45808
7290013220899,false,תות שדה קפוא 500 גרם,א.מ שרון,PL,תות שדה קפוא 500 גרם,גרמים,500.00,100 גרם,false,,19.90,0.0398,true,1,45810
7290013220929,false,אוכמניות כחולות קפוא,א.מ שרון,PL,אוכמניות כחולות קפוא,גרמים,400.00,100 גרם,false,,19.90,0.0497,true,1,45811
7290013221001,false,חתיכות אננס קפוא 500,א.מ שרון,PL,חתיכות אננס קפוא 500,גרמים,500.00,100 גרם,false,,19.90,0.0398,true,1,45812
7290013221018,false,חתיכות מנגו קפוא 500,א.מ שרון,PL,חתיכות מנגו קפוא 500,גרמים,500.00,100 גרם,false,,19.90,0.0398,true,1,45813
7290013221100,false,שייק מיקס מנגו אננס,א.מ שרון,PL,שייק מיקס מנגו אננס,גרמים,500.00,100 גרם,false,,19.90,0.0398,true,1,54501
7290013224927,false,אקונומיקה מגיק סמיכה,סאסאטק,IL,אקונומיקה מגיק סמיכה,קילוגרמים,4.00,ליטר,false,,7.90,1.9750,true,1,20608
7290013268020,false,סנו - מקסימה מרכך כביסה מרוכז אולטרה פרש 1 ליטר,"סנו מפעלי ברונוס בע""",IL,מרכך מקסימה סופר מרו,קילוגרמים,1.00,ליטר,false,,17.50,17.5000,true,1,4841
7290013268242,false,תרכיז ריחני לניקוי רצפות בריח מלון מפנק ריצפז פרש,"סנו מפעלו ברונוס בע""",IL,ריצפז פרש הום מלון מ,קילוגרמים,2.00,ליטר,false,,19.70,9.8500,true,1,65265
7290013268440,false,זוג מברשות שיניים בוב ספוג לילדים מגיל 4,אורביטול Orbitol,IL,מברשת אורביטול ילדים,Unknown,0.00,יחידה,false,,16.90,0.0000,true,1,18870
7290013268884,false,ריצפז פרש בניחוח מאסק,מיוצר עי קונדיטוריית,IL,ריצפז פרש מאסק 2 ליט,קילוגרמים,2.00,ליטר,false,,16.90,8.4500,true,1,5251
7290013268938,false,סנובון סבון אסלה בניחוח מאסק - מארז 3 יח',סנו,IL,סבון אסלה סנובון סופ,גרמים,165.00,100 גרם,false,,10.70,0.0648,true,1,6056
7290013268983,false,מרכך כביסה סופר מרוכז בבישום עוצמתי סנו מקסימה 1 ל',"סנו מפעלי ברונוס בע""",IL,מרכך מקסימה סופר מרו,קילוגרמים,1.00,ליטר,false,,17.50,17.5000,true,1,58729
7290013268990,false,סנו - מקסימה מרכך כביסה מרוכז ביו 1 ליטר,"סנו מפעלי ברונוס בע""",IL,מרכך מקסימה סופר מרו,קילוגרמים,1.00,ליטר,false,,17.50,17.5000,true,1,34514
7290013269003,false,מרכך כביסה סופר מרוכז בייבי לתינוקות ולעור רגיש,"סנו מפעלי ברונוס בע""",IL,מרכך מקסימה סופר מרו,קילוגרמים,1.00,ליטר,false,,17.50,17.5000,true,1,9254
7290013269348,false,K3 תחנת פיתיון קוטל תיקנים (ג'וקים) בבית ובחצר,טרופיקל דגיל תעשיות,IL,תחנת פיתיון לתיקנים,Unknown,0.00,יחידה,false,,39.90,0.0000,true,1,47116
7290013269621,false,ריצפז פרש לניקוי רצפות בניחוח מלון בוטיק,מיוצר עי קונדיטוריית,IL,ריצפז פרש הום בניחוח,קילוגרמים,2.00,ליטר,false,,19.70,9.8500,true,1,42242
7290013269669,false,ריצפז בניחוח פנטזיה לניקוי הרצפה,"סנו מפעלי ברונוס בע""",IL,ריצפז פנטזיה 3 ליטר,קילוגרמים,3.00,ליטר,false,,7.90,2.6333,true,1,7274
7290013302236,false,פסטה פרפלה ג'מבו טעמן 500 גר',מוטלו,TR,פסטה פרפלה טעמן 500,גרמים,500.00,100 גרם,false,,3.90,0.0078,true,1,5231
7290013302243,false,פסטה מסולסלת טעמן 500 גר',מוטלו,TR,פסטה מסולסלת טעמן 50,גרמים,500.00,100 גרם,false,,3.90,0.0078,true,1,5232
7290013303202,true,"יין הר מירון 750 מ""ל",,,"יין הר מירון 750 מ""ל",,0.00,,false,,59.90,0.0000,true,1,10052
7290013303332,true,יין כרם עמוקה מרלו,,,יין כרם עמוקה מרלו,,0.00,,false,,59.90,0.0000,true,1,10050
7290013303349,true,יין כרם עמווקה קברנה,,,יין כרם עמווקה קברנה,,0.00,,false,,59.90,0.0000,true,1,10051
7290013303394,true,יין כרם עמוקה שיראז,,,יין כרם עמוקה שיראז,,0.00,,false,,59.90,0.0000,true,1,10049
7290013303455,true,יין כרם עמוקה סוביני,,,יין כרם עמוקה סוביני,,0.00,,false,,59.90,0.0000,true,1,10053
7290013303462,true,יין כרם עמוקה חצי יב,,,יין כרם עמוקה חצי יב,,0.00,,false,,59.90,0.0000,true,1,10048
7290013303530,true,יין כרם עמוקה קברנה,,,יין כרם עמוקה קברנה,,0.00,,false,,59.90,0.0000,true,1,10047
7290013358035,false,שקדי מרק מנה 800 גרם,מנה,IL,שקדי מרק מנה 800 גרם,גרמים,800.00,100 גרם,false,,12.90,0.0161,true,1,5550
7290013358417,false,"רוטב טיריאקי מאסטר שף אסייאתי 300 מ""ל",קריניציה ויטמינה אס,TH,רוטב טריאקי מאסטר שף,גרמים,300.00,100 גרם,false,,7.90,0.0263,true,1,17808
7290013358462,false,"מיני קרוטונים למרק בתיבול שום, בצל ופטרוזיליה","עינת תעשיות מזון, אג",IL,מיני קרוטונים למרק ש,גרמים,350.00,100 גרם,false,,17.90,0.0511,true,1,17805
7290013358530,false,מאסטר שף אסייאתי רוטב צ'ילי מתוק 700 מל,קריניציה ויטמינה אס,TH,רוטב צילי מתוק מאסטר,גרמים,700.00,100 גרם,false,,12.50,0.0179,true,1,17810
7290013358547,false,מאסטר שף אסייאתי רוטב צ'ילי חריף 700 מל,קי אר אס ספייסי פוד,TH,רוטב צילי חריף מאסטר,גרמים,700.00,100 גרם,false,,12.50,0.0179,true,1,17811
7290013424822,false,פרחי ברוקולי קפואים,נובה אלימנטוס,EC,פרחי ברוקולי קפואים,גרמים,700.00,100 גרם,false,,21.90,0.0313,true,1,64766
7290013424914,false,אפרסק פלחים קפוא פיל,א.מ שרון,PL,אפרסק פלחים קפוא פיל,גרמים,500.00,100 גרם,false,,11.90,0.0238,true,1,55958
7290013424921,false,קיווי פרוסות קפוא פי,א.מ שרון,PL,קיווי פרוסות קפוא פי,גרמים,500.00,100 גרם,false,,11.90,0.0238,true,1,55959
7290013424938,false,פסיפלורה קוביות קפוא,א.מ שרון,PL,פסיפלורה קוביות קפוא,גרמים,500.00,100 גרם,false,,11.90,0.0238,true,1,55960
7290013424945,false,מנגו קפוא 500 ג' פילד גוד,א.מ שרון,PL,מנגו קפוא פילד גוד 5,גרמים,500.00,100 גרם,false,,11.90,0.0238,true,1,56464
7290013424952,false,אננס קפוא 500 ג' פילד גוד,א.מ שרון,PL,אננס קפוא פילד גוד 5,גרמים,500.00,100 גרם,false,,11.90,0.0238,true,1,56945
7290013424969,false,בננה קפואה 500 גרם,א.מ שרון,PL,בננה קפואה 500 גרם,גרמים,500.00,100 גרם,false,,11.90,0.0238,true,1,56944
7290013440648,false,מאגדת שלגוני אבטיח נסטלה 108X5ג',גלידות נסטלה (נגה גל,IL,שלגוני שרבט אבטיח 5,גרמים,468.00,100 גרם,false,,22.90,0.0489,true,1,9300
7290013472908,false,גבינה בולגרית קוביות ו.פוד 400 ג,וילי פוד,TW,בולגרית קוביות 22% ה,גרמים,400.00,100 גרם,false,,19.90,0.0497,true,1,48523
7290013492005,false,אמא אדמה תפוח אדמה למיקרו 700 גר',ברכת קטיף,IL,תפוח אדמה למיקרוגל,Unknown,0.00,יחידה,false,,5.90,0.0000,true,1,6124
7290013534057,false,"צ'יפס בטטה טבעי מיה 100ג' 'כשל""פ",מיה תעשיות מזון בעמ,IL,ציפס בטטה 100 גרם,גרמים,100.00,100 גרם,false,,7.90,0.0790,true,1,13700
7290013536303,false,קמח חיטה מלאה 100% ה,קמח עץ השדה,IL,קמח חיטה מלאה 100% ה,פריט,1.00,"ק""ג",false,,6.90,6.9000,true,1,45049
7290013536310,false,קמח חיטה מלאה 80% הנ,קמח עץ השדה,IL,קמח חיטה מלאה 80% הנ,פריט,1.00,"ק""ג",false,,6.90,6.9000,true,1,45050
7290013536327,false,קמח לבן מנופה הנחתום,קמח עץ השדה,IL,קמח לבן מנופה הנחתום,פריט,1.00,"ק""ג",false,,4.90,4.9000,true,1,45051
7290013536334,false,קמח כוסמין מלא הנחתו,קמח עץ השדה,IL,קמח כוסמין מלא הנחתו,פריט,1.00,"ק""ג",false,,8.90,8.9000,true,1,45052
7290013536341,false,קמח כוסמין 80% הנחתו,קמח עץ השדה,IL,קמח כוסמין 80% הנחתו,פריט,1.00,"ק""ג",false,,11.90,11.9000,true,1,51820
7290013536358,false,קמח כוסמין לבן הנחתו,קמח עץ השדה,IL,קמח כוסמין לבן הנחתו,פריט,1.00,"ק""ג",false,,11.90,11.9000,true,1,45053
7290013536457,false,קמח לחלות הנחתום 1 ק,קמח עץ השדה,IL,קמח לחלות הנחתום 1 ק,פריט,1.00,"ק""ג",false,,5.90,5.9000,true,1,58608
7290013558800,false,עלי תרד 500 גר,ל. פלמינגו ישראל,IL,עלי תרד,Unknown,0.00,יחידה,false,,11.90,0.0000,true,1,22533
7290013558824,false,בזילקום /רוגולה (היד,ל. פלמינגו ישראל,IL,תבלין טרי 100 גרם,גרמים,100.00,100 גרם,false,,6.90,0.0690,true,1,29615
7290013558855,false,לבבות חסה פלמינגו,ל. פלמינגו ישראל,IL,לבבות חסה פלמינגו,Unknown,0.00,יחידה,false,,8.90,0.0000,true,1,22427
7290013558909,false,ליידי נובה-סלנובה,ל. פלמינגו ישראל,IL,חסה ליידי נובה,Unknown,0.00,יחידה,false,,11.90,0.0000,true,1,25344
7290013558930,false,צמד פטריות שמפיניון,אראל תוצרת חקלאית בע,IL,צמד פטריות שמפיניון,Unknown,0.00,יחידה,false,,14.90,0.0000,true,1,51063
7290013558947,false,צמד פטריות שמפיניון,ל. פלמינגו ישראל,IL,צמד פטריות שמפיניון,Unknown,0.00,יחידה,false,,14.90,0.0000,true,1,63454
7290013584328,false,פקדון בקבוק בירה ריק,,,פקדון בקבוק בירה ריק,Unknown,0.00,יחידה,false,,1.20,0.0000,true,1,8264
7290013585394,false,קוקה קולה קלאסי,החברה המרכזית לייצור,IL,קוקה קולה 1 ליטר,קילוגרמים,1.00,ליטר,false,,7.50,7.5000,true,1,51137
7290013585967,false,"שישיית פחיות ספרייט זירו 330 מ""ל",קוקה קולה,IL,מארז ספרייט זירו 6*3,קילוגרמים,1.98,ליטר,false,,21.90,11.0606,true,1,22289
7290013608260,false,פרימור מיץ רימונים 100% סחוט טרי 1ל',"גניר (1992) בע""מ",IL,מיץ רימונים פרימור 1,קילוגרמים,1.00,ליטר,false,,20.90,20.9000,true,1,13290
7290013615831,false,"במיה טלפרוסט 1 ק""ג",אלמוורה,EG,"במיה טלפרוסט 1 ק""ג",פריט,1.00,"ק""ג",false,,4.90,4.9000,true,1,7807
7290013625458,false,"פטריות טעמן 8 שלם פ.קל בד""ץ",פרוצאמפ,NL,פטריות שלמות טעמן 40,גרמים,400.00,100 גרם,false,,7.50,0.0188,true,1,48348
7290013625670,true,חומץ סינטטי 5% טעמן,,,חומץ סינטטי 5% טעמן,קילוגרמים,0.00,ליטר,false,,0.00,0.0000,true,1,33794
7290013625922,false,אטריות דקות טעמן 400 ג,מוטלו,TR,אטריות דקות טעמן 400,גרמים,400.00,100 גרם,false,,4.90,0.0123,true,1,7507
7290013625939,false,אטריות דקיקות טעמן 400 גר',מוטלו,TR,אטריות דקיקות טעמן 4,גרמים,400.00,100 גרם,false,,4.90,0.0123,true,1,7508
7290013677006,false,חומוס גדול באריזת וואקום Selected,מיה תעשיות מזון בעמ,IL,חומוס גדול סלקטד 500,גרמים,500.00,100 גרם,false,,9.90,0.0198,true,1,45
7290013677020,false,שעועית לבנה בוואקום מיה 500 גר',מיה תעשיות מזון בעמ,IL,שעועית לבנה סלקטד 50,גרמים,500.00,100 גרם,false,,9.50,0.0190,true,1,40
7290013677037,false,עדשים ירוקות באריזת וואקום Selected,מיה תעשיות מזון בעמ,IL,עדשים ירוקות סלקטד 5,גרמים,500.00,100 גרם,false,,9.50,0.0190,true,1,37
7290013677044,false,עדשים אדומים בוואקום מיה 500 גר',מיה תעשיות מזון בעמ,IL,עדשים אדומות סלקטד 5,גרמים,500.00,100 גרם,false,,9.90,0.0198,true,1,38
7290013677051,false,פופקורן גרגרים בוואקום מיה 500 גר',מיה תעשיות מזון בעמ,IL,פופקורן סלקטד 500 גר,גרמים,500.00,100 גרם,false,,9.50,0.0190,true,1,35
7290013677068,false,כוסמת בוואקום מיה 500 גר',מיה תעשיות מזון בעמ,IL,כוסמת סלקטד 500 גרם,גרמים,500.00,100 גרם,false,,9.90,0.0198,true,1,41
7290013677105,false,אפונה בוואקום 500 גר',מיה תעשיות מזון בעמ,IL,אפונה סלקטד 500 גרם,גרמים,500.00,100 גרם,false,,8.50,0.0170,true,1,44
7290013677112,false,בורגול באריזת וואקום Selected,מיה תעשיות מזון בעמ,IL,בורגול סלקטד 500 גרם,גרמים,500.00,100 גרם,false,,8.50,0.0170,true,1,46
7290013677280,false,תבלין ציפורן שלם 40 גרם שקית,מיה תעשיות מזון בעמ,IL,ציפורן שלם שקית מיה,גרמים,80.00,100 גרם,false,,6.90,0.0863,true,1,8277
7290013677303,false,תבלין חוויג תימני 50 גרם שקית,מיה תעשיות מזון בעמ,IL,תבלין חוואיג תימני ש,גרמים,80.00,100 גרם,false,,3.90,0.0487,true,1,8272
7290013677648,false,שמן זית למאור 1 ליטר,מיה תעשיות מזון בעמ,IL,שמן זית למאור מיה 1,קילוגרמים,1.00,ליטר,false,,17.90,17.9000,true,1,8278
7290013677679,false,סודה לשתייה 80גרם שקית,מיה תעשיות מזון בעמ,IL,סודה לשתיה שקית מיה,גרמים,80.00,100 גרם,false,,3.90,0.0487,true,1,21567
7290013677686,false,תבלין פפריקה מרוקאית 80 גרם בשקית,מיה תעשיות מזון בעמ,IL,פפריקה מרוקאית שקית,גרמים,100.00,100 גרם,false,,3.90,0.0390,true,1,5788
7290013724816,false,חטיף גרנולה תמר וצימוק 5 * 35ג',ויטליה ניקולה,MK,חטיפי גרנולה תמר צימ,גרמים,175.00,100 גרם,false,,7.90,0.0451,true,1,49967
7290013724939,false,חטיף חמוציות בשוקולד מריר 160,דין שיווק,IL,חמוציות בשוקולד שקדי,גרמים,140.00,100 גרם,false,,9.90,0.0707,true,1,6213
7290013724946,false,משוקלדים שקד מריר 160 גר' קופסא,"דין שיווק וקליה בע""מ",IL,שקדים בשוקולד שקדיה,גרמים,140.00,100 גרם,false,,9.90,0.0707,true,1,6217
7290013724960,false,משוקלדים שקד חלב 160 גר' קופסא,"דין שיווק וקליה בע""מ",IL,שקדבציפוי שוקולד חלב,גרמים,140.00,100 גרם,false,,9.90,0.0707,true,1,64501
7290013724977,false,משוקולדים צימוק מריר 140 ג' קופסא,"דין שיווק וקליה בע""מ",IL,צימוק בשוקולד מריר 1,גרמים,140.00,100 גרם,false,,9.90,0.0707,true,1,6753
7290013725639,false,רוטב צילי חריף 700 גר' סו שף,"דין שיווק וקליה בע""מ",TH,רוטב צילי חריף סו שף,מיליליטרים,700.00,"100 מ""ל",false,,9.90,0.0141,true,1,8754
7290013725646,false,רוטב צילי מתוק סו שף,"דין שיווק וקליה בע""מ",TH,רוטב צילי מתוק סו שף,מיליליטרים,700.00,"100 מ""ל",false,,9.90,0.0141,true,1,8755
7290013725820,false,משוקלדים לוז מריר 160 גר' קופסא,"דין שיווק וקליה בע""מ",IL,אגוזי לוז בשוקולד שק,גרמים,140.00,100 גרם,false,,9.90,0.0707,true,1,6214
7290013725844,false,חטיף שומשום בשוקולד מריר 160ג,"דין שיווק וקליה בע""מ",,שומשום בציפוי שוקולד,גרמים,140.00,100 גרם,false,,9.90,0.0707,true,1,6215
7290013771216,false,תחליף גבינה פטאקי 25,מיוצר עי קונדיטוריית,IL,גבינה פטאקי 16% שומר,גרמים,250.00,100 גרם,false,,13.90,0.0556,true,1,9156
7290013771261,false,גבינה בולגרית מעודנת,מחלבת השומרון,IL,גבינה בולגרית מעודנת,גרמים,250.00,100 גרם,false,,12.90,0.0516,true,1,15852
7290013771285,false,גבינה בולגרית קלאסית,מחלבת השומרון,IL,גבינה בולגרית קלאסית,גרמים,200.00,100 גרם,false,,12.90,0.0645,true,1,15850
7290013771292,false,גבינה פטאקי 16% שומר,מחלבת השומרון,IL,גבינה פטאקי 16% שומר,גרמים,250.00,100 גרם,false,,12.90,0.0516,true,1,15853
7290013771308,false,גבינה בולגרית קלאסית,מחלבת השומרון,IL,גבינה בולגרית קלאסית,גרמים,200.00,100 גרם,false,,12.90,0.0645,true,1,15851
7290013847379,false,סטארקיסט טונה בשמן סויה בדץ 6*140ג,סטארקיסט,IL,טונה בשמן ס.ק 6*140,גרמים,840.00,100 גרם,false,,29.90,0.0356,true,1,47395
7290013847386,false,נתחי טונה לייט במים ושמן קנולה בטעם טבעי 4%,סטארקיסט Starkist,IL,טונה 4% טעם טבעי ס.ק,גרמים,140.00,100 גרם,false,,6.90,0.0493,true,1,44691
7290013847393,false,נתחי טונה לייט 4% שומן עם עשבי תיבול 140 ג' סטארקיסט,סטארקיסט Starkist,IL,טונה 4% בעשבי תיבול,גרמים,140.00,100 גרם,false,,6.90,0.0493,true,1,44693
7290013847409,false,נתחי טונה לייט במים ושמן קנולה עם לימון ופלפל חריף 4%,סטארקיסט Starkist,IL,טונה 4% בלימון ופלפל,גרמים,140.00,100 גרם,false,,6.90,0.0493,true,1,44692
7290013847492,false,סטארקיסט טונה במים מארז 140X6ג',סטארקיסט,IL,טונה במים ס.ק 6*140,גרמים,840.00,100 גרם,false,,29.90,0.0356,true,1,45545
7290013847744,true,טונה בשמן ס.ק 12*140,,,טונה בשמן ס.ק 12*140,פריט,0.00,"ק""ג",false,,59.90,0.0000,true,1,31160
7290013848017,false,תרסיס ניקוי והברקת נירוסטה,"סנו מפעלי ברונוס בע""",IL,תרסיס סנו נירוסטה 50,מיליליטרים,500.00,"100 מ""ל",false,,19.90,0.0398,true,1,37385
7290013848345,false,מארז מטליות לחיטוי וניקוי יסודי אנטיבקטריאלי 99.9%,סנו מפעלי ברונוס בעמ,IL,מטליות לחיטוי וניקוי,Unknown,0.00,יחידה,false,,17.90,0.0000,true,1,49969
7290013848727,false,מכשיר אוטומטי לבישום אוויר בתוספת מילוי SOFT HARMONY,סנו פרש Fresh,IL,סנו פרש מכשיר אוטומט,Unknown,0.00,יחידה,false,,39.90,0.0000,true,1,37391
7290013848758,false,סנו - מקסימה ג'ל כביסה מרוכז בייבי 3 ליטר,"סנו מפעלי ברונוס בע""",IL,גל מקסימה בייבי 3 לי,קילוגרמים,3.00,ליטר,false,,32.90,10.9667,true,1,10813
7290013861054,false,משוקלדים צימוק חלב 140 ג' קופסא,"דין שיווק וקליה בע""מ",IL,צימוק בציפוי שוקולד,גרמים,140.00,100 גרם,false,,9.90,0.0707,true,1,64503
7290013906281,false,טירת צבי נקניקיות קהילות 1קג,טירת צבי,IL,נקניקיות טירת צבי 1,פריט,1.00,"ק""ג",false,,24.90,24.9000,true,1,9799
7290013906441,false,קבנוס טירת צבי 120גר,הנסיך- מפעל לייצור ט,IL,קבנוס טירת צבי 120 ג,גרמים,120.00,100 גרם,false,,8.90,0.0742,true,1,13173
7290013906458,false,קבנוס טעם פיקנטי טירת צבי 120 ג',הנסיך- מפעל לייצור ט,IL,קבנוס פיקנטי טירת צב,גרמים,120.00,100 גרם,false,,8.90,0.0742,true,1,13174
7290013906489,false,חטיפי מיני קבנוס 120 ג' טירת צבי,הנסיך- מפעל לייצור ט,IL,חטיפי מיני קבנוס טיר,גרמים,120.00,100 גרם,false,,8.90,0.0742,true,1,13175
7290013906601,false,צמד כפרית קהילות ברביקיו ודבש 600 גר'.,טירת צבי,IL,מארז פסטרמה כפרית דב,גרמים,600.00,100 גרם,false,,27.90,0.0465,true,1,49810
7290013906700,false,"נקניקיות הודו טירת צבי כשרות הרב מחפוד 1.5 ק""ג",טירת צבי,IL,נקניקיות הודו טירת צ,פריט,1.50,"ק""ג",false,,29.90,19.9333,true,1,42708
7290013906922,false,"נקניקיות הודו חריפות מחפוד ט. צבי 1 ק""ג",טירת צבי,IL,נקניקיות הודו חריפות,פריט,1.00,"ק""ג",false,,24.90,24.9000,true,1,42709
7290013906939,false,"קורנדביף לל""ג ט.צבי 120ג'",טירת צבי,IL,קורנדביף טירת צבי 12,גרמים,120.00,100 גרם,false,,13.90,0.1158,true,1,31304
7290013906946,false,פסטרמה כתף בקר ט.צבי 120 גר' מחפוד,טירת צבי,IL,פסטרמה כתף בקר מעושנ,גרמים,120.00,100 גרם,false,,13.90,0.1158,true,1,31302
7290013906984,false,סלמי תה מהדרין טירת,טירת צבי,IL,סלמי תה מהדרין טירת,גרמים,300.00,100 גרם,false,,18.90,0.0630,true,1,58127
7290013906991,false,סלמי מהדרין 400 ג' מחפוד טירת צבי,טירת צבי,IL,סלמי מהדרין טירת צבי,גרמים,400.00,100 גרם,false,,18.90,0.0472,true,1,19519
7290013927101,false,אחווה עוגה תפוחים ללא תוספת סוכר 450גר,אחדות ביחר לטחינה חל,IL,עוגת תפוחים ללא סוכר,גרמים,450.00,100 גרם,false,,11.80,0.0262,true,1,13258
7290013927200,false,עוגת שוקולד צ'יפס עשירה אחווה 400ג',אחדות ביחר לטחינה חל,IL,עוגת שוקולד ציפס אחו,גרמים,400.00,100 גרם,false,,10.90,0.0273,true,1,10604
7290013927323,false,אחדות עוגת בראוניס 400 גרם,אחדות ביחר לטחינה חל,IL,עוגת בראוניס אחוה 40,גרמים,400.00,100 גרם,false,,10.90,0.0273,true,1,12015
7290013927514,false,רוגעלך קינמון 400 גר`אחוה,אחדות ביחר לטחינה חל,IL,רוגעלך קינמון אחוה 4,גרמים,400.00,100 גרם,false,,8.90,0.0223,true,1,32089
7290013927637,false,חלווה ללא תוספת סוכר 400 גר' אחוה,אחדות ביחר לטחינה חל,IL,חלוה ל.סוכר אחוה 400,גרמים,400.00,100 גרם,false,,11.90,0.0298,true,1,42770
7290013927804,false,"טחינה משומשום מלא 1 ק""ג",אחדות ביחר לטחינה חל,IL,טחינה שומשום מלא אחו,פריט,1.00,"ק""ג",false,,18.90,18.9000,true,1,47260
7290013946089,false,מג'יק ניקוי חלונות 1 ל',סאסאטק,IL,תרסיס מגיק חלונות 1,קילוגרמים,1.00,ליטר,false,,4.90,4.9000,true,1,15353
7290013946171,false,ת.מ.א.פריחה 300 מל מגיק,סאסאטק,IL,מטהר מגיק פריחה 300,מיליליטרים,300.00,"100 מ""ל",false,,3.90,0.0130,true,1,13096
7290013946829,false,נוזל כלים מגיק תפוח,סאסאטק,IL,נוזל כלים מגיק תפוח,קילוגרמים,4.00,ליטר,false,,17.90,4.4750,true,1,13027
7290014002197,false,ויסוצקי חליטת קמומיל ולימונית 25*1.5ג,ויסוצקי,IL,תה קמומיל ולימונית ה,גרמים,38.00,100 גרם,false,,17.50,0.4605,true,1,9057
7290014002661,true,תה ארל גריי 20 שקיקי,,,תה ארל גריי 20 שקיקי,Unknown,0.00,יחידה,false,,14.90,0.0000,true,1,15584
7290014016248,false,פיתות ל.גלוטן נטורל,נטורל קייקס,IL,פיתות ל.גלוטן נטורל,גרמים,720.00,100 גרם,false,,14.90,0.0207,true,1,50243
7290014016286,false,פיצה מרגריטה עם זיתי,נטו מלינדה-בשר,IL,פיצה מרגריטה עם זיתי,גרמים,400.00,100 גרם,false,,19.90,0.0497,true,1,13929
7290014016309,false,לחם פרוס ל.גלוטן נטו,נטורל קייקס,IL,לחם פרוס ל.גלוטן נטו,גרמים,450.00,100 גרם,false,,4.90,0.0109,true,1,20551
7290014016316,false,לחם רך במיוחד ל.גלוט,נטורל קייקס,IL,לחם רך במיוחד ל.גלוט,גרמים,450.00,100 גרם,false,,4.90,0.0109,true,1,21387
7290014016323,false,לחמניות ל.גלוטן נטור,נטורל קייקס,IL,לחמניות ל.גלוטן נטור,גרמים,390.00,100 גרם,false,,4.90,0.0126,true,1,20552
7290014017009,false,קמח אורז לבן ללא גלוטן 500 גרם,נטו מלינדה-בשר,IL,קמח אורז ל.גלוטן רי,גרמים,500.00,100 גרם,false,,8.90,0.0178,true,1,7636
7290014017146,false,קמח רב תכליתי ל.גלוט,נטו מלינדה-בשר,IL,קמח רב תכליתי ל.גלוט,גרמים,500.00,100 גרם,false,,14.90,0.0298,true,1,29969
7290014017153,false,תערובת לעוגה בטעם שו,מתבל תעשיות מזון,IL,תערובת לעוגת שוקולד,גרמים,320.00,100 גרם,false,,14.90,0.0466,true,1,7638
7290014017160,false,תערובת לעוגת וניל ל.,מתבל תעשיות מזון,IL,תערובת לעוגת וניל ל.,גרמים,320.00,100 גרם,false,,14.90,0.0466,true,1,7639
7290014017214,false,סופגניות ל.גלוטן נטו,"נטורל קייקס בע""מ",IL,סופגניות ל.גלוטן נטו,גרמים,340.00,100 גרם,false,,19.90,0.0585,true,1,19441
7290014017320,false,אבקת מרק עוף ללא גלו,נטו מלינדה-בשר,IL,אבקת מרק בטעם עוף ל.,גרמים,400.00,100 גרם,false,,19.90,0.0497,true,1,7640
7290014017337,false,אבקת מרק בצל ללא גלו,"נטורל קייקס בע""מ",IL,אבקת מרק בצל ל.גלוטן,גרמים,400.00,100 גרם,false,,19.90,0.0497,true,1,7641
7290014017689,false,דגני בוקר בטעם נוגט,נטורל קייקס,IL,דגני בוקר בטעם נוגט,גרמים,750.00,100 גרם,false,,19.90,0.0265,true,1,52540
7290014059443,true,משחת סנסודיין דואל ק,,,משחת סנסודיין דואל ק,גרמים,0.00,100 גרם,false,,0.00,0.0000,true,1,42340
7290014079014,false,לבבות קיסר ארוז נספק,"מרינה פטריות הגליל בע""מ",IL,לבבות קיסר ארוז נספק,Unknown,0.00,יחידה,false,,9.90,0.0000,true,1,9760
7290014079076,false,נבטי אלפלפא יח,"מרינה פטריות הגליל בע""מ",IL,נבטי אלפלפא יח,Unknown,0.00,יחידה,false,,5.90,0.0000,true,1,8994
7290014079328,false,לוף רגיל ארוז ליח (מ,"מרינה פטריות הגליל בע""מ",IL,לוף ארוז,Unknown,0.00,יחידה,false,,8.90,0.0000,true,1,54328
7290014079540,false,"שיני שום קלופות ק""ג","מרינה פטריות הגליל בע""מ",IL,"שום קלוף 1 ק""ג",פריט,1.00,"ק""ג",false,,29.90,29.9000,true,1,50503
7290014079847,false,צמד פטריות בייבי בלה,"מרינה פטריות הגליל בע""מ",IL,פטריות צמד בייבי בלה,Unknown,0.00,יחידה,false,,15.90,0.0000,true,1,21158
7290014090040,true,"אפונה 1.5 ק""ג",,,"אפונה 1.5 ק""ג",פריט,0.00,"ק""ג",false,,0.00,0.0000,true,1,41704
7290014090057,true,"שעועית שלמה 1.5 ק""ג",,,"שעועית שלמה 1.5 ק""ג",פריט,0.00,"ק""ג",false,,17.90,0.0000,true,1,50319
7290014090064,true,"שעועית חתוכה 1.5 ק""ג",,,"שעועית חתוכה 1.5 ק""ג",פריט,0.00,"ק""ג",false,,17.90,0.0000,true,1,50320
7290014090071,true,"שעועית צהובה 1.5 ק""ג",,,"שעועית צהובה 1.5 ק""ג",פריט,0.00,"ק""ג",false,,0.00,0.0000,true,1,41705
7290014090088,true,"אפונה וגזר 1.5 ק""ג",,,"אפונה וגזר 1.5 ק""ג",פריט,0.00,"ק""ג",false,,0.00,0.0000,true,1,41706
7290014090095,true,לקט ירקות העונה 1.5,,,לקט ירקות העונה 1.5,פריט,0.00,"ק""ג",false,,0.00,0.0000,true,1,41707
7290014090637,true,פילה סלמון,,,פילה סלמון,קילוגרמים,1.00,"ק""ג",true,,69.90,69.9000,true,1,45703
7290014092532,false,פלחי דלעת מרינה,"מרינה פטריות הגליל בע""מ",IL,פלחי דלעת מרינה,Unknown,0.00,יחידה,false,,9.90,0.0000,true,1,37525
7290014094260,false,שיני שום קלוף קמעונאי,"מרינה פטריות הגליל בע""מ",IL,שום קלוף מרינה 170 ג,גרמים,170.00,100 גרם,false,,12.90,0.0759,true,1,15709
7290014094505,false,אורז בסמתי טהור אהרוני 1 ק''ג,האי נאם סי או אל.טי.,IN,אורז בסמטי אהרוני 1,פריט,1.00,"ק""ג",false,,9.90,9.9000,true,1,9643
7290014094543,false,"תרסיס שמן קנולה שקדיה 186 מ""ל",שקדיה,IL,תרסיס שמן קנולה שקדי,מיליליטרים,186.00,"100 מ""ל",false,,14.90,0.0801,true,1,27196
7290014094864,false,פיסטוק קלוי ששון הקו,"דין שיווק וקליה בע""מ",IL,פיסטוק קלוי 170 גרם,גרמים,170.00,100 גרם,false,,13.90,0.0818,true,1,9004
7290014095472,false,חטיף דגנים עם חמוציות ושוקולד מריר 125 ג',דין שיווק,MK,חטיף דגנים עם חמוציו,גרמים,125.00,100 גרם,false,,7.90,0.0632,true,1,7702
7290014095496,false,חטיף דגנים עם אגוזים ושוקלד מריר 125 ג',דין שיווק,MK,חטיף דגנים עם שקד אג,גרמים,125.00,100 גרם,false,,7.90,0.0632,true,1,7703
7290014095861,false,שיבולת שועל דקה להכנה מהירה,"דין שיווק וקליה בע""מ",IL,שיבולת שועל דקה שקדי,גרמים,500.00,100 גרם,false,,4.90,0.0098,true,1,9650
7290014095946,false,משוקלדים פקאן בשוקולד מריר 140 גרם,"דין שיווק וקליה בע""מ",IL,פקאן בשוקולד מריר שק,גרמים,140.00,100 גרם,false,,9.90,0.0707,true,1,10092
7290014095953,false,משוקלדים פקאן בשוקולד חלב 140 ג',שקדיה גבע בתעשיות עמ,IL,פקאן בציפוי שוקולד ח,גרמים,140.00,100 גרם,false,,9.90,0.0707,true,1,64504
7290014095960,false,שיבולת שועל עבה להכנה מהירה,"דין שיווק וקליה בע""מ",IL,שיבולת שועל עבה שקדי,גרמים,500.00,100 גרם,false,,4.90,0.0098,true,1,9649
7290014218482,false,חטיפי פיצה גבינה מעדנות 650 ג',מעדנות,IL,חטיפי פיצה מעדנות 65,גרמים,650.00,100 גרם,false,,22.90,0.0352,true,1,23182
7290014218505,false,"פיצת מעדנות שלישייה בחבק 1.08 ק""ג",מעדנות,IL,מארז פיצה מעדנות 3*3,פריט,1.08,"ק""ג",false,,29.90,27.6852,true,1,23180
7290014241954,true,שקד קלוף טבעי 400 ג,,,שקד קלוף טבעי 400 ג,,0.00,,false,,28.90,0.0000,true,1,7057
7290014241961,true,בונדוק קליפה טבעי 50,,,בונדוק קליפה טבעי 50,,0.00,,false,,19.90,0.0000,true,1,7056
7290014256620,false,יין אדום מתוק מבעבע Buzz קריניאנו,יקבי כרמל Carmel Winery,IL,יין באז קריניאנו מבע,מיליליטרים,750.00,"100 מ""ל",false,,26.90,0.0359,true,1,15109
7290014256637,false,יין לבן מתוק מבעבע Buzz מוסקטו,יקבי כרמל Carmel Winery,IL,יין באז מוסקטו מבעבע,מיליליטרים,750.00,"100 מ""ל",false,,26.90,0.0359,true,1,15108
7290014258716,false,תרכובת מזון צמחי על בסיס חלבון סויה מגיל לידה,מטרנה תעשיות ש.מ,IL,מטרנה צמחי 700 גרם,גרמים,700.00,100 גרם,false,,49.90,0.0713,true,1,14855
7290014258723,false,תרכובת מזון צמחי לתינוקות מגיל 0 עד גיל שנה,מטרנה,IL,מטרנה צמחי מגיל 0-12,גרמים,700.00,100 גרם,false,,49.90,0.0713,true,1,14853
7290014308626,false,פלפל שחור גרוס 100 גרם,תבליני פרג,,פלפל שחור גרוס פרג 1,גרמים,100.00,100 גרם,false,,15.90,0.1590,true,1,15238
7290014309012,false,אגוז מוסקט טחון פרג,תבליני הדור השלישי,IL,אגוז מוסקט טחון פרג,גרמים,40.00,100 גרם,false,,16.90,0.4225,true,1,15394
7290014309128,false,תבלין קצח פרג 120 גר,תבליני הדור השלישי,IL,תבלין קצח פרג 120 גר,גרמים,120.00,100 גרם,false,,15.90,0.1325,true,1,31416
7290014325036,false,סוכריות ג'לי עטופות שמחות 600גרם,מיה תעשיות מזון בעמ,IL,סוכריות גלי שמחות מי,גרמים,600.00,100 גרם,false,,18.50,0.0308,true,1,10786
7290014325043,false,"פודינג וניל 1 ק""ג שקית",מיה תעשיות מזון בעמ,IL,פודינג בטעם וניל מיה,פריט,1.00,"ק""ג",false,,14.90,14.9000,true,1,32976
7290014325111,true,לקקן בטעם קולה לימון,,,לקקן בטעם קולה לימון,גרמים,0.00,100 גרם,false,,8.90,0.0000,true,1,8275
7290014325128,true,לקקן בטעם פירות טרופ,,,לקקן בטעם פירות טרופ,גרמים,0.00,100 גרם,false,,8.90,0.0000,true,1,8276
7290014325234,false,קוקוס מיה 800 גרם,מיה תעשיות מזון בעמ,IL,קוקוס מיה 800 גרם,גרמים,800.00,100 גרם,false,,19.90,0.0249,true,1,9774
7290014325241,false,שומשום מיה בשקית 800,מיה תעשיות מזון בעמ,IL,שומשום מיה בשקית 800,גרמים,800.00,100 גרם,false,,17.90,0.0224,true,1,9775
7290014325258,false,אורז פרסי אינדירה 1.,מיה תעשיות מזון בעמ,IL,אורז פרסי אינדירה 1.,פריט,1.40,"ק""ג",false,,7.90,5.6429,true,1,9778
7290014325265,false,תן צ'אפ חטיף טבעות בטעם שמנת בצל מארז 15X8ג',מיה תעשיות מזון בעמ,IL,מארז תן צאפ שמנת 8*1,גרמים,120.00,100 גרם,false,,7.90,0.0658,true,1,17696
7290014325326,false,חומוס גדול אינדירה 1,מיה תעשיות מזון בעמ,IL,חומוס גדול אינדירה 1,פריט,1.40,"ק""ג",false,,14.90,10.6429,true,1,10446
7290014325333,false,שעועית לבנה אינדירה,מיה תעשיות מזון בעמ,IL,שעועית לבנה אינדירה,פריט,1.40,"ק""ג",false,,14.90,10.6429,true,1,10447
7290014325357,false,"חיטה אינדירה 1.4 ק""ג",מיה תעשיות מזון בעמ,IL,"חיטה אינדירה 1.4 ק""ג",פריט,1.40,"ק""ג",false,,8.90,6.3571,true,1,10449
7290014325371,false,"אפונה אינדירה 1.4 ק""",מיה תעשיות מזון בעמ,IL,"אפונה אינדירה 1.4 ק""",פריט,1.40,"ק""ג",false,,9.90,7.0714,true,1,10451
7290014325395,false,עדשים אדומות אינדירה,מיה תעשיות מזון בעמ,IL,עדשים אדומות אינדירה,פריט,1.40,"ק""ג",false,,14.90,10.6429,true,1,10452
7290014325401,false,עדשים ירוקות אינדירה,מיה תעשיות מזון בעמ,IL,עדשים ירוקות אינדירה,פריט,1.40,"ק""ג",false,,14.90,10.6429,true,1,10453
7290014325418,false,חומוס ענק אינדירה 1.,מיה תעשיות מזון בעמ,IL,חומוס ענק אינדירה 1.,פריט,1.40,"ק""ג",false,,24.90,17.7857,true,1,10454
7290014325425,false,בורגול אינדירה 1.4 ק,מיה תעשיות מזון בעמ,IL,בורגול אינדירה 1.4 ק,פריט,1.40,"ק""ג",false,,8.90,6.3571,true,1,10455
7290014325432,false,"כוסמת אינדירה 1.4 ק""",מיה תעשיות מזון בעמ,IL,"כוסמת אינדירה 1.4 ק""",פריט,1.40,"ק""ג",false,,17.90,12.7857,true,1,10456
7290014325562,false,פופקורן אינדירה 1.4,מיה תעשיות מזון בעמ,IL,פופקורן אינדירה 1.4,פריט,1.40,"ק""ג",false,,12.90,9.2143,true,1,10891
7290014397279,false,שקיות מזון נשלפות XL גדולות במיוחד,אשפלסט תעשיות,IL,שקיות מזון גדולות סנ,Unknown,0.00,יחידה,false,,9.90,0.0000,true,1,8976
7290014397453,false,מסיר כתמים לכביסה לבנה אוקסיג'ן ג'ל,סנו אוקסיג'ן,IL,גל אוקסיגן כביסה לבנ,קילוגרמים,3.00,ליטר,false,,27.90,9.3000,true,1,9255
7290014397491,false,"מטהר אויר פרש הום וניל קוקוס 350מ""ל",סנו פרש Fresh,IL,מבשם סנופרש הום וניל,מיליליטרים,350.00,"100 מ""ל",false,,10.70,0.0306,true,1,8511
7290014397507,false,"מטהר אויר פרש הום פריחת יסמין 350מ""ל",מיוצר עי קונדיטוריית,IL,מבשם סנופרש הום יסמי,מיליליטרים,350.00,"100 מ""ל",false,,10.70,0.0306,true,1,8508
7290014397514,false,"סנו פרש הום מבשם כותנה מלטפת 350מ""ל","סנו מפעלי ברונוס בע""",IL,מבשם סנופרש הום כותנ,מיליליטרים,350.00,"100 מ""ל",false,,10.70,0.0306,true,1,8507
7290014397521,false,"מבשם פרש הום סנו לבנדר פרובנס 350 מ""ל,",סנו פרש Fresh,IL,מבשם סנופרש הום לבנד,מיליליטרים,350.00,"100 מ""ל",false,,10.70,0.0306,true,1,8510
7290014397538,false,פרש Home מבשם לבית בוקר אביבי,סנו מפעלי ברונוס בעמ,IL,מבשם סנופרש הום בוקר,מיליליטרים,350.00,"100 מ""ל",false,,10.70,0.0306,true,1,8509
7290014397675,false,סנו מקסימה מרכך כביסה חלב ודבש 4 ל',סנו,IL,מרכך מקסימה חלב ודבש,קילוגרמים,4.00,ליטר,false,,21.50,5.3750,true,1,9256
7290014397699,false,פוליווקס גרניט פורצלן 2 ליטר+1 ליטר מתנה,סנו,IL,פוליויקס גרניט פורצל,קילוגרמים,3.00,ליטר,false,,19.90,6.6333,true,1,21194
7290014397767,false,סנו ריצפז פרש הום 2 ליטר בניחוח כותנה-מרכז,"סנו מפעלי ברונוס בע""",IL,ריצפז פרש הום כותנה,קילוגרמים,2.00,ליטר,false,,19.70,9.8500,true,1,9957
7290014397873,false,מרכך כביסה בבישום עוצמתי ג'נטל בריז,סנו מקסימה,IL,מרכך מקסימה ג'נטל 4,קילוגרמים,4.00,ליטר,false,,21.50,5.3750,true,1,48637
7290014407404,true,שומשומיות קראנצי 225,,,שומשומיות קראנצי 225,גרמים,0.00,100 גרם,false,,15.90,0.0000,true,1,29817
7290014435360,false,חומוס שמיר עם רוטב חריף 400 גר',סלטי שמיר 2006 בעמ,,חומוס עם רוטב חריף ש,גרמים,400.00,100 גרם,false,,10.90,0.0273,true,1,10895
7290014435377,false,חומוס עם רוטב מסבחה 400 גר',סלטי שמיר 2006 בעמ,,חומוס עם רוטב מסבחה,גרמים,400.00,100 גרם,false,,10.90,0.0273,true,1,10896
7290014435384,false,חומוס שמיר עם טחינה מיוחדת 400 גר',סלטי שמיר 2006 בעמ,,חומוס עם טחינה מיוחד,גרמים,400.00,100 גרם,false,,10.90,0.0273,true,1,10897
7290014435391,false,חומוס שמיר אורגינל עם גרגירים 400 גר',סלטי שמיר 2006 בעמ,,חומוס עם גרגירים שמי,גרמים,400.00,100 גרם,false,,10.90,0.0273,true,1,10898
7290014455245,false,גבינת גרנה פדנו משולש 29% 200 גרם בית יוסף,מחלבת סוציאלה מנטובה,IT,גבינה גרנה פדנו גד 2,גרמים,200.00,100 גרם,false,,23.90,0.1195,true,1,19439
7290014455320,false,גבינה כדורי מוצרלה פרסקה גד 100ג',מחלבות גד בעמ,IL,גבינת מוצרלה פרסקה 1,גרמים,100.00,100 גרם,false,,9.90,0.0990,true,1,33267
7290014471412,false,"מוזלי בוטנים אגוזים ושקדים 1 ק""ג - 412 ירוק שקדיה",דין שיווק,IL,מוזלי בוטנים אגוזים,פריט,1.00,"ק""ג",false,,19.90,19.9000,true,1,9915
7290014471429,false,"מוזלי עם פירות 1 ק""ג - 429 סגול שקדיה",דין שיווק,IL,מוזלי פירות שקדיה 1,פריט,1.00,"ק""ג",false,,19.90,19.9000,true,1,9916
7290014471436,false,"מיזלי צימוקים תפוח קינמון וגרעיני חמניה שקדיה 1ק""ג",דין שיווק,IL,מוזלי צימוקים תפוח ק,פריט,1.00,"ק""ג",false,,19.90,19.9000,true,1,9917
7290014471443,false,"גרנולה צימוקים אגוזים ושקדים1 ק""ג חדש - 443 כתום שקדיה (כתום)",דין שיווק,IL,גרנולה אגוזים שקדיה,פריט,1.00,"ק""ג",false,,19.90,19.9000,true,1,9918
7290014472440,false,קונפיטורה שקדיה תפוז 450 ג',"דין שיווק וקליה בע""מ",IL,קונפיטורה תפוז 70% פ,גרמים,450.00,100 גרם,false,,11.90,0.0264,true,1,28113
7290014555013,false,נוזל רצפות מגיק מאסק,סאסאטק,IL,נוזל רצפות מגיק מאסק,קילוגרמים,4.00,ליטר,false,,9.90,2.4750,true,1,13033
7290014555082,false,מים מזוקקים 4 לט מקסול,סאסאטק,IL,מים מזוקקים מקסול 4,קילוגרמים,4.00,ליטר,false,,9.90,2.4750,true,1,8054
7290014555686,false,"שמפו לשיער רגיל 700 מ""ל נובו.",סאסאטק,IL,שמפו נובו לשיער רגיל,מיליליטרים,700.00,"100 מ""ל",false,,5.90,0.0084,true,1,15254
7290014555693,false,"שמפו לשיער יבש צבוע 700 מ""ל נובו",סאסאטק,IL,שמפו נובו לשיער יבש/,מיליליטרים,700.00,"100 מ""ל",false,,5.90,0.0084,true,1,15255
7290014555709,false,"שמפו ומרכך נובו 700 מ""ל.",סאסאטק,IL,שמפו ומרכך נובו 700,מיליליטרים,700.00,"100 מ""ל",false,,5.90,0.0084,true,1,16061
7290014555716,false,"מרכך לכל סוגי השיער 700 מ""ל נובו",סאסאטק,IL,מרכך נובו לכל סוגי ה,מיליליטרים,700.00,"100 מ""ל",false,,5.90,0.0084,true,1,15256
7290014555723,false,"נובו תחליב רחצה אקזוטי 700 מ""ל",סאסאטק,IL,תחליב נובו אקזוטי 70,מיליליטרים,700.00,"100 מ""ל",false,,5.90,0.0084,true,1,15257
7290014555730,false,"תחליב רחצה דבש 700 מ""ל נובו.",סאסאטק,IL,תחליב נובו דבש 700 מ,מיליליטרים,700.00,"100 מ""ל",false,,5.90,0.0084,true,1,15258
7290014555747,false,"תחליב רחצה הרבל 700 מ""ל נובו",סאסאטק,IL,תחליב נובו הרבל 700,מיליליטרים,700.00,"100 מ""ל",false,,5.90,0.0084,true,1,15259
7290014555754,false,"תחליב רחצה בלוסום 700 מ""ל נובו",סאסאטק,IL,תחליב נובו בלוסום 70,מיליליטרים,700.00,"100 מ""ל",false,,5.90,0.0084,true,1,15260
7290014555778,false,"נובו ג'ל רחצה לגבר בלייז 700מ""ל",סאסאטק,IL,גל רחצה נובו לגבר בל,מיליליטרים,700.00,"100 מ""ל",false,,5.90,0.0084,true,1,15261
7290014555785,false,"ג'ל רחצה לגבר וויב 700 מ""ל נובו.",סאסאטק,IL,גל רחצה נובו לגבר וו,מיליליטרים,700.00,"100 מ""ל",false,,5.90,0.0084,true,1,15262
7290014562370,false,בי אנד די פריכוני כוסמת 50ג,בטר אנד דיפרנט B&D,IL,פריכוני כוסמת ב.ד 50,גרמים,50.00,100 גרם,false,,4.50,0.0900,true,1,12158
7290014562486,true,תרכיז ב.ד אננס 650 מ,,,תרכיז ב.ד אננס 650 מ,מיליליטרים,0.00,"100 מ""ל",false,,19.90,0.0000,true,1,12159
7290014562585,false,בטר אנד דיפרנט דייסה טעם וניל 200 גר,בטר אנד דיפרנט B&D,IL,דייסת וניל ב.ד 200 ג,גרמים,200.00,100 גרם,false,,9.90,0.0495,true,1,18898
7290014581036,false,"פחם טבעי קטן 2 ק""ג",,,"פחם דליק 2 ק""ג",פריט,2.00,"ק""ג",false,,10.90,5.4500,true,1,14590
7290014581340,false,"פחם עץ הדרים 9 ק""ג",,,"פחם עץ הדרים 9 ק""ג",פריט,9.00,"ק""ג",false,,49.90,5.5444,true,1,14591
7290014692299,false,גבינת ברי 125 ג' קסטיאלו ויליפוד,יורו צ'יז Euro Cheese,DK,גבינה ברי 25% יורו 1,גרמים,125.00,100 גרם,false,,14.90,0.1192,true,1,15682
7290014692305,false,גבינת קממבר 125ג' CASTELLO ויליפוד,הנסיך- מפעל לייצור ט,DK,גבינה קממבר 25% יורו,גרמים,125.00,100 גרם,false,,14.90,0.1192,true,1,15683
7290014692565,false,וילי פוד גרעיני תירס 320 גרם,אקו קונסרויפרי קי.אפ,HU,תירס גרעינים ויליפוד,גרמים,320.00,100 גרם,false,,4.90,0.0153,true,1,9541
7290014738935,false,יין בראשית מרלו 202,יקב בראשית,IL,יין בראשית מרלו 202,מיליליטרים,750.00,"100 מ""ל",false,,69.90,0.0932,true,1,61180
7290014749245,false,ספיישל רצועות שניצל שומשום עוף טוב 600 גרם,מוצרי עוף טוב (2001),IL,רצועות שניצל שומשום,גרמים,600.00,100 גרם,false,,26.90,0.0448,true,1,51522
7290014749764,false,עוף טוב שניצל עוף ביתי עדין 700,מוצרי עוף טוב (2001),IL,שניצל עוף ביתי מעודן,גרמים,700.00,100 גרם,false,,26.90,0.0384,true,1,51067
7290014749887,false,עוף טוב שניצל עוף דק ענק קריספי קלאסי,מולינו ניקולי s.p.a,IL,שניצל דק ענק קריספי,גרמים,700.00,100 גרם,false,,27.90,0.0399,true,1,57161
7290014751545,true,נוזל חלונות 4 ליטר,,,נוזל חלונות 4 ליטר,קילוגרמים,0.00,ליטר,false,,9.90,0.0000,true,1,11858
7290014758117,false,מאגדת יוגורט ביו 1.5% שומן 8 יח' *150 ג' תנובה,מיוצר עי קונדיטוריית,IL,מארז יוגורט ביו תנוב,קילוגרמים,1.20,ליטר,false,,15.90,13.2500,true,1,10432
7290014758681,false,קוטג' תנובה 1% גביע 250 ג',מיוצר עי קונדיטוריית,IL,קוטג 1% תנובה 250 גר,גרמים,250.00,100 גרם,false,,5.50,0.0220,true,1,8907
7290014759084,false,גבינת שמנת 16% בטעם טבעי 225 ג' נפוליאון,תנובה מרכז שיתופי לש,IL,גבינת שמנת טבעי 16%,גרמים,225.00,100 גרם,false,,12.50,0.0556,true,1,11429
7290014759701,false,"מאגדת שמינייה יופלה מעודן בד""צ בנגיעות וניל",עדן קינוחים בעמ,IL,מארז יופלה וניל 8*15,פריט,1.20,"ק""ג",false,,19.90,16.5833,true,1,10473
7290014760141,false,משקה שקדים תנובה E אלטרנטיב,תנובה Alternative,IL,משקה שקדים אלטרנטיב,קילוגרמים,1.00,ליטר,false,,11.60,11.6000,true,1,17708
7290014760516,false,פיראוס צפתית מסורתית 5% סמי מעדניה 240ג,תנובה מרכז שיתופי לש,IL,גבינה צפתית 5% פיראו,גרמים,200.00,100 גרם,false,,14.90,0.0745,true,1,14503
7290014760912,false,פרוסות גבינה 28% שומן 400 ג' גוש חלב,תנובה מרכז שיתופי לש,IL,גבינה גוש חלב 400 גר,גרמים,400.00,100 גרם,false,,24.90,0.0622,true,1,13064
7290014761018,false,גיל בטעם וניל תנובה,תנובה מרכז שיתופי לש,IL,גיל בטעם וניל תנובה,גרמים,125.00,100 גרם,false,,1.30,0.0104,true,1,13229
7290014761056,false,מעדן שוקולד חלב מעולה 123 ג' יולו,מיוצר עי קונדיטוריית,IL,יולו שוקולד חלב 123,גרמים,123.00,100 גרם,false,,4.30,0.0350,true,1,14935
7290014761070,false,מעדן שוקולד לבן מעולה 123 ג' יולו,מיוצר עי קונדיטוריית,IL,יולו שוקולד לבן 123,גרמים,123.00,100 גרם,false,,4.30,0.0350,true,1,14936
7290014761193,false,יוגורט עם פירות יער 1.5% שומן 125 ג' פרילי,תנובה מרכז שיתופי לש,IL,פרילי פירות יער 125,מיליליטרים,125.00,"100 מ""ל",false,,3.40,0.0272,true,1,15431
7290014761254,false,"יוגורט ביו 3% תנובה מארז 150X8ג' בד""צ",תנובה מרכז שיתופי לש,IL,מארז יוגורט ביו תנוב,קילוגרמים,1.20,ליטר,false,,15.90,13.2500,true,1,14260
7290014761414,false,מעדן שכבות שוקולד חלב ולבן 123 ג' יולו,מיוצר עי קונדיטוריית,IL,יולו שוקולד לבן וחלב,גרמים,123.00,100 גרם,false,,4.30,0.0350,true,1,14874
7290014761438,false,פיראוס בולגרית קלאסית 24% סמי מעדניה 400,תנובה מרכז שיתופי לש,IL,גבינה בולגרית 24% פי,גרמים,400.00,100 גרם,false,,19.90,0.0497,true,1,14501
7290014761612,false,מעדן עם שוקולד מריר ולבן 122 ג' יולו,מיוצר עי קונדיטוריית,IL,יולו שכבות שוקולד לב,גרמים,122.00,100 גרם,false,,4.30,0.0352,true,1,16638
7290014761698,false,פרוסות גבינה צהובה עמק קלאסית 28%,תנובה מרכז שיתופי לש,IL,גבינה עמק 28% 600 גר,גרמים,600.00,100 גרם,false,,28.90,0.0482,true,1,25678
7290014762138,true,מעדן יולו שוקולד חלב,,,מעדן יולו שוקולד חלב,גרמים,0.00,100 גרם,false,,4.30,0.0000,true,1,16798
7290014762800,false,מעדן סויה שוקולד גביע 125 גרם אלטרנטיב,תנובה מרכז שיתופי לש,IL,מעדן סויה שוקולד אלט,גרמים,125.00,100 גרם,false,,3.90,0.0312,true,1,29963
7290014762831,false,גבינת שמנת חלפיניו 24% שומן 225 ג' נפוליאון,תנובה מרכז שיתופי לש,IL,גבינת שמנת פלפל חלפי,גרמים,225.00,100 גרם,false,,12.50,0.0556,true,1,22538
7290014763272,false,יוגורט סויה BIO לשתייה תות ובננה אלטרנטיב,תות תעשיות מזון (201,IL,משקה סויה תות בננה א,מיליליטרים,250.00,"100 מ""ל",false,,4.90,0.0196,true,1,30360
7290014763418,false,"כד יוגרט תנובה 4% שומן 1.5 ליטר, מהדרין",תנובה מרכז שיתופי לש,IL,משקה יוגורט 4% תנובה,קילוגרמים,1.50,ליטר,false,,15.90,10.6000,true,1,24455
7290014860070,false,"מקלוני אורז ללא גלוטן 5 מ""מ 454גר' (אור)",ניינטי נודל קו,TH,מקלוני אורז מזרח ומע,גרמים,454.00,100 גרם,false,,10.50,0.0231,true,1,49710
7290014860094,false,מקלוני אורז ללא גלוט,ניינטי נודל קו,TH,מקלוני אורז ללא גלו,גרמים,454.00,100 גרם,false,,9.90,0.0218,true,1,64742
7290014860155,false,מחצלת במבו שטוחה 24X24 ס'מ,גולין פנגזו,CN,מחצלת במבו שטוחה 24/,Unknown,0.00,יחידה,false,,7.90,0.0000,true,1,50985
7290014860247,false,שבבי אורז מרובעים לל,ליאן תאי רייס,TH,שבבי אורז ללא גלוטן,מיליליטרים,227.00,"100 מ""ל",false,,8.50,0.0374,true,1,64743
7290014867253,false,אגוז מלך טחון דרומה,דרומה י.א.ט בעמ,IL,אגוז מלך טחון דרומה,גרמים,400.00,100 גרם,false,,29.90,0.0747,true,1,44636
7290014867321,false,שקד טחון דרומה 400 ג,דרומה י.א.ט בעמ,IL,שקד טחון דרומה 400 ג,גרמים,400.00,100 גרם,false,,34.90,0.0872,true,1,52315
7290014867338,false,שקד מולבן טחון דרומה,דרומה י.א.ט בעמ,IL,שקד מולבן טחון דרומה,גרמים,400.00,100 גרם,false,,34.90,0.0872,true,1,52316
7290014867345,false,שקד מולבן פרוס 400 ג,דרומה י.א.ט בעמ,IL,שקד מולבן פרוס 400 ג,גרמים,400.00,100 גרם,false,,32.90,0.0822,true,1,55846
7290014867369,false,שקד מולבן שבבים 400,דרומה י.א.ט בעמ,IL,שקד מולבן שבבים 400,גרמים,400.00,100 גרם,false,,32.90,0.0822,true,1,55845
7290014901780,true,משחת סנסודיין מנטה 3,,,משחת סנסודיין מנטה 3,גרמים,0.00,100 גרם,false,,0.00,0.0000,true,1,42342
7290014931008,false,פטרוזיליה עם השורש,מהשורש לאורך חיים,IL,פטרוזיליה עם השורש,Unknown,0.00,יחידה,false,,6.90,0.0000,true,1,22048
7290014931053,false,בזיליקום עם השורש,מהשורש לאורך חיים,IL,בזיליקום עם השורש,Unknown,0.00,יחידה,false,,6.90,0.0000,true,1,12512
7290014931077,false,עירית עם השורש,מהשורש לאורך חיים,IL,עירית עם השורש,Unknown,0.00,יחידה,false,,6.90,0.0000,true,1,12510
7290014931084,false,אורגנו עם השורש,מהשורש לאורך חיים,IL,אורגנו עם השורש,Unknown,0.00,יחידה,false,,6.90,0.0000,true,1,12511
7290014931091,false,קורנית- טימין ארוז,מהשורש לאורך חיים,IL,קורנית עם השורש,Unknown,0.00,יחידה,false,,6.90,0.0000,true,1,12508
7290014931107,false,נענע עם השורש,מהשורש לאורך חיים,IL,נענע עם השורש,Unknown,0.00,יחידה,false,,6.90,0.0000,true,1,22047
7290014931190,false,חסה פאקצוי זוגות,משק מורדכי גדי בעמ,IL,חסה פאקצוי זוגות,Unknown,0.00,יחידה,false,,11.90,0.0000,true,1,29616
7290014931206,false,גרגר הנחלים,מהשורש לאורך חיים,IL,גרגיר נחלים,Unknown,0.00,יחידה,false,,8.50,0.0000,true,1,22050
7290014940901,false,לחם פשוט מלא 750 ג' אנג'ל,מאפית אנגל,IL,לחם פשוט מלא אנגל 75,גרמים,750.00,100 גרם,false,,11.80,0.0157,true,1,39015
7290014973060,false,סלמון הילטון בוואקום,"הרמס דגים בע""מ",IL,סלמון מעושן הרמס 100,גרמים,100.00,100 גרם,false,,16.90,0.1690,true,1,49645
7290014973190,false,נילוס מעושן פרוס הרמ,"הרמס דגים בע""מ",IL,נילוס מעושן פרוס הרמ,גרמים,200.00,100 גרם,false,,29.90,0.1495,true,1,50428
7290014973282,true,סלמון פרוס הרמס 60 ג,,,סלמון פרוס הרמס 60 ג,גרמים,0.00,100 גרם,false,,10.90,0.0000,true,1,48811
7290014973381,false,ממרח סלמון הרמס 200,"הרמס דגים בע""מ",IL,ממרח סלמון הרמס 200,גרמים,200.00,100 גרם,false,,19.90,0.0995,true,1,50203
7290014973480,false,הרמס טונה מעושן פרוס,"הרמס דגים בע""מ",IL,טונה מעושן קר פרוס ה,גרמים,200.00,100 גרם,false,,29.90,0.1495,true,1,50427
7290014973527,false,ממרח מקרל הרמס 200 ג,"הרמס דגים בע""מ",IL,ממרח מקרל הרמס 200 ג,גרמים,200.00,100 גרם,false,,19.90,0.0995,true,1,55206
7290014973558,false,פילה סלמון גרבלקס הר,"הרמס דגים בע""מ",IL,פילה סלמון גרבלקס הר,גרמים,200.00,100 גרם,false,,31.90,0.1595,true,1,48595
7290014973626,false,מקרל מעושן הרמס 400,"הרמס דגים בע""מ",IL,מקרל מעושן הרמס 400,גרמים,400.00,100 גרם,false,,34.90,0.0872,true,1,55767
7290014973640,false,פילה הרינג לבן הרמס,"הרמס דגים בע""מ",IL,פילה הרינג לבן הרמס,גרמים,200.00,100 גרם,false,,11.90,0.0595,true,1,55769
7290014973657,false,פילה הרינג אדום הרמס,"הרמס דגים בע""מ",IL,פילה הרינג אדום הרמס,גרמים,200.00,100 גרם,false,,11.90,0.0595,true,1,55770
7290014973664,false,איקרה אדומה הרמס 250,"הרמס דגים בע""מ",IL,איקרה אדומה הרמס 250,גרמים,250.00,100 גרם,false,,12.90,0.0516,true,1,56396
7290014973671,false,איקרה לבנה הרמס 250,"הרמס דגים בע""מ",IL,איקרה לבנה הרמס 250,גרמים,250.00,100 גרם,false,,12.90,0.0516,true,1,56397
7290015008020,false,נר נשמה ר. שמאי 24 שעות,,CN,נר נשמה שמאי 24 שעות,Unknown,0.00,יחידה,false,,1.20,0.0000,true,1,61496
7290015014205,false,תרד ארוז,בוסתן עשבי תיבול,IL,תרד ארוז,Unknown,0.00,יחידה,false,,11.90,0.0000,true,1,15892
7290015014236,false,בייבי מיקס מהדרין,בוסתן עשבי תיבול,IL,בייבי מיקס מהדרין,Unknown,0.00,יחידה,false,,9.90,0.0000,true,1,11300
7290015025836,false,שקיות הקפאה גדולות ז,אס סי גונסון ראסין,US,שקיות הקפאה גדולות ז,Unknown,0.00,יחידה,false,,19.90,0.0000,true,1,63279
7290015025843,false,שקיות סנדוויץ קטנות,תאי גריפיטס,TH,שקיות סנדוויץ קטנות,Unknown,0.00,יחידה,false,,24.90,0.0000,true,1,63280
7290015044905,true,קמח חיטה מלאה 80% גד,,,קמח חיטה מלאה 80% גד,פריט,0.00,"ק""ג",false,,6.90,0.0000,true,1,42198
7290015044912,true,קמח חיטה מלאה 100% ג,,,קמח חיטה מלאה 100% ג,פריט,0.00,"ק""ג",false,,6.90,0.0000,true,1,42197
7290015044929,true,קמח כוסמין מלא גדיש,,,קמח כוסמין מלא גדיש,פריט,0.00,"ק""ג",false,,8.90,0.0000,true,1,42200
7290015044936,true,קמח כוסמין 80% גדיש,,,קמח כוסמין 80% גדיש,פריט,0.00,"ק""ג",false,,11.90,0.0000,true,1,42201
7290015044943,true,קמח לבן מנופה גדיש 1,,,קמח לבן מנופה גדיש 1,פריט,0.00,"ק""ג",false,,4.90,0.0000,true,1,42199
7290015057110,false,מקלות חמוצים בטעם תות שדה 18ג,אלבן מזון תעשיות ומס,TR,מקלות חמוצים בטעם תו,גרמים,20.00,100 גרם,false,,1.50,0.0750,true,1,47305
7290015057134,false,טעמן מקלות חמוצים פטל 20 גרם,אלבן מזון תעשיות ומס,TR,מקלות חמוצים בטעם פט,גרמים,20.00,100 גרם,false,,1.50,0.0750,true,1,47307
7290015089920,false,לקט אפונה וגזר טלפרו,horrafrost n.v,ES,לקט אפונה וגזר טלפרו,פריט,1.00,"ק""ג",false,,10.90,10.9000,true,1,19916
7290015097116,true,עוגיות גרנולה שקדים,,,עוגיות גרנולה שקדים,,0.00,,false,,19.90,0.0000,true,1,26085
7290015097581,true,עוגיות כוסמין רולדת,,,עוגיות כוסמין רולדת,,0.00,,false,,19.90,0.0000,true,1,26090
7290015097611,true,מקלות שומשום קריספי,,,מקלות שומשום קריספי,,0.00,,false,,19.90,0.0000,true,1,26086
7290015097635,true,עוגיות כוסמין פרח רי,,,עוגיות כוסמין פרח רי,,0.00,,false,,19.90,0.0000,true,1,26088
7290015139465,false,מיקסים בייגלה מצופה שוקולד חלב 55 גר,כרמית,IL,אגו מיקס בייגלה שוקו,גרמים,55.00,100 גרם,false,,3.90,0.0709,true,1,19851
7290015139519,false,אגו מיקס קוביות וופל 55 גר',כרמית,IL,אגו מיקס קוביות ופל,גרמים,55.00,100 גרם,false,,3.90,0.0709,true,1,19852
7290015150361,false,תה ירוק נענע סטיביה 25 שקיקים ויסוצקי,ויסוצקי ירוק,IL,תה ירוק נענע סטיביה,גרמים,38.00,100 גרם,false,,22.90,0.6026,true,1,17680
7290015156233,true,"מחית תפו""ע פרינוק 4*",,,"מחית תפו""ע פרינוק 4*",גרמים,0.00,100 גרם,false,,4.90,0.0000,true,1,50825
7290015156240,true,"מחית תפו""ע ובננה פרי",,,"מחית תפו""ע ובננה פרי",גרמים,0.00,100 גרם,false,,4.90,0.0000,true,1,50826
7290015156257,true,מחית סלט פירות פרינו,,,מחית סלט פירות פרינו,גרמים,0.00,100 גרם,false,,4.90,0.0000,true,1,50827
7290015156264,true,מחית לפתן פירות פרינ,,,מחית לפתן פירות פרינ,גרמים,0.00,100 גרם,false,,4.90,0.0000,true,1,50828
7290015251174,false,"שלישיית סבון ידים ירוק נובו 500 מ""ל",סאסאטק,IL,אל סבון נובו פרש ירו,קילוגרמים,1.50,ליטר,false,,9.90,6.6000,true,1,13035
7290015251181,false,שלישיית ס.ידים כחול 500מל נובו,סאסאטק,IL,אל סבון נובו אנרגי כ,קילוגרמים,1.50,ליטר,false,,9.90,6.6000,true,1,13036
7290015251198,false,"סבון ידים נובו סגול מארז 500X3מ""ל",סאסאטק,IL,אל סבון נובו רילקס ס,קילוגרמים,1.50,ליטר,false,,9.90,6.6000,true,1,13034
7290015251204,false,"נובו שלישיית סבון ידיים ורוד 500מ""ל",סאסאטק,IL,אל סבון נובו פלוראל,קילוגרמים,1.50,ליטר,false,,9.90,6.6000,true,1,13037
7290015282581,false,חומוס שמיר אבו גוש עם חריף 200 גר',"סלטי שמיר 2006 בע""מ",IL,חומוס עם חריף שמיר ג,גרמים,200.00,100 גרם,false,,10.90,0.0545,true,1,13770
7290015282598,false,חומוס שמיר מסעדות 200 גר',"סלטי שמיר 2006 בע""מ",IL,חומוס מסעדות שמיר גו,גרמים,200.00,100 גרם,false,,10.90,0.0545,true,1,13771
7290015282604,false,טחינה שמיר מיוחדת גורמה 200ג',"סלטי שמיר 2006 בע""מ",IL,טחינה מיוחדת שמיר בי,גרמים,200.00,100 גרם,false,,10.90,0.0545,true,1,13772
7290015282628,false,חציל שמיר בטעם כבד 200 גר',"סלטי שמיר 2006 בע""מ",IL,חציל בטעם כבד שמיר ג,גרמים,200.00,100 גרם,false,,10.90,0.0545,true,1,13774
7290015282635,false,חומוס שמיר מסבחה 200 גר',"סלטי שמיר 2006 בע""מ",IL,חומוס מסבחה שמיר גור,גרמים,200.00,100 גרם,false,,10.90,0.0545,true,1,13775
7290015282642,false,חומוס שמיר אבו גוש 200 גר',"סלטי שמיר 2006 בע""מ",IL,חומוס אבו גוש שמיר ג,גרמים,200.00,100 גרם,false,,10.90,0.0545,true,1,13776
7290015282673,false,חציל שמיר במיונז ביתי 200 גורמה גר',"סלטי שמיר 2006 בע""מ",IL,חציל במיונז שמיר גור,גרמים,200.00,100 גרם,false,,10.90,0.0545,true,1,13780
7290015282680,false,קישוא בטעם כבד שמיר 200 גר',"סלטי שמיר 2006 בע""מ",IL,קישואים בטעם כבד שמי,גרמים,200.00,100 גרם,false,,10.90,0.0545,true,1,13781
7290015282697,false,כרוב אדום שמיר גורמה 200גר,"סלטי שמיר 2006 בע""מ",IL,כרוב אדום שמיר גורמה,גרמים,200.00,100 גרם,false,,10.90,0.0545,true,1,13782
7290015282710,false,קוביות סלק שמיר 200 גר',"סלטי שמיר 2006 בע""מ",IL,קוביות סלק שמיר גורמ,גרמים,200.00,100 גרם,false,,10.90,0.0545,true,1,13784
7290015282727,false,גזר מרוקאי ברוטב פיקנטי אסלי שמיר 200 ג',"סלטי שמיר 2006 בע""מ",IL,גזר מרוקאי שמיר גורמ,גרמים,200.00,100 גרם,false,,10.90,0.0545,true,1,13785
7290015282734,false,מטבוחה שמיר ביתית גורמה 200 ג ',"סלטי שמיר 2006 בע""מ",IL,מטבוחה שמיר גורמה 20,גרמים,200.00,100 גרם,false,,10.90,0.0545,true,1,13786
7290015282741,false,חציל תאילנדי אסלי שמיר 200 ג',"סלטי שמיר 2006 בע""מ",IL,חציל תאילנדי שמיר גו,גרמים,200.00,100 גרם,false,,10.90,0.0545,true,1,13787
7290015321167,false,פפריקה מתוקה בשמן פר,תבליני הדור השלישי,IL,פפריקה מתוקה בשמן פר,גרמים,250.00,100 גרם,false,,21.90,0.0876,true,1,15920
7290015321174,false,פפריקה מתוקה פרג 300,תבליני הדור השלישי,IL,פפריקה מתוקה פרג 300,גרמים,300.00,100 גרם,false,,21.90,0.0730,true,1,15766
7290015321204,false,כורכום פרג 320 גרם,תבליני הדור השלישי,IL,כורכום פרג 320 גרם,גרמים,320.00,100 גרם,false,,21.90,0.0684,true,1,15764
7290015321211,false,כמון פרג 250 גרם,תבליני הדור השלישי,IL,כמון פרג 250 גרם,גרמים,250.00,100 גרם,false,,21.90,0.0876,true,1,15763
7290015321235,false,מקלות קינמון פרג 150,תבליני הדור השלישי,IL,מקלות קינמון פרג 150,גרמים,150.00,100 גרם,false,,21.90,0.1460,true,1,15922
7290015321242,false,קינמון טחון פרג 250,תבליני הדור השלישי,IL,קינמון טחון פרג 250,גרמים,250.00,100 גרם,false,,21.90,0.0876,true,1,15923
7290015321273,false,מלח לימון פרג 500 גר,תבליני הדור השלישי,IL,מלח לימון פרג 500 גר,גרמים,500.00,100 גרם,false,,21.90,0.0438,true,1,15926
7290015321280,false,צילי פרג 230 גרם,תבליני הדור השלישי,IL,צילי פרג 230 גרם,גרמים,230.00,100 גרם,false,,21.90,0.0952,true,1,15927
7290015321297,false,גריל עוף פרג 250 גרם,תבליני הדור השלישי,IL,גריל עוף פרג 250 גרם,גרמים,250.00,100 גרם,false,,21.90,0.0876,true,1,15928
7290015321303,false,תבלין לסטיק פרג 250,תבליני הדור השלישי,IL,תבלין לסטיק פרג 250,גרמים,250.00,100 גרם,false,,21.90,0.0876,true,1,15767
7290015321310,false,תבלין לשווארמה פרג 2,תבליני הדור השלישי,IL,תבלין לשווארמה פרג 2,גרמים,250.00,100 גרם,false,,21.90,0.0876,true,1,15929
7290015321327,false,תבלין לדגים פרג 250,תבליני הדור השלישי,IL,תבלין לדגים פרג 250,גרמים,250.00,100 גרם,false,,21.90,0.0876,true,1,15765
7290015321334,false,קארי פרג 250 גרם,תבליני הדור השלישי,IL,קארי פרג 250 גרם,גרמים,250.00,100 גרם,false,,21.90,0.0876,true,1,15930
7290015321341,false,חוואיג למרק פרג 250,תבליני הדור השלישי,IL,חוואיג למרק פרג 250,גרמים,250.00,100 גרם,false,,21.90,0.0876,true,1,15931
7290015321358,false,חוואיג לקפה פרג 200,תבליני הדור השלישי,IL,חוואיג לקפה פרג 200,גרמים,200.00,100 גרם,false,,21.90,0.1095,true,1,15932
7290015321365,false,זעתר פרג 240 גרם,תבליני הדור השלישי,IL,זעתר פרג 240 גרם,גרמים,240.00,100 גרם,false,,21.90,0.0912,true,1,15933
7290015321372,false,קיטגון פרג 250 גרם,תבליני הדור השלישי,IL,קיטגון פרג 250 גרם,גרמים,250.00,100 גרם,false,,21.90,0.0876,true,1,15934
7290015321389,false,פטרוזיליה פרג 80 גרם,תבליני הדור השלישי,IL,פטרוזיליה פרג 80 גרם,גרמים,80.00,100 גרם,false,,21.90,0.2737,true,1,15935
7290015321396,false,בזיליקום פרג 80 גרם,תבליני הדור השלישי,IL,בזיליקום פרג 80 גרם,גרמים,80.00,100 גרם,false,,21.90,0.2737,true,1,15936
7290015321402,false,כוסברה פרג 60 גרם,תבליני הדור השלישי,IL,כוסברה פרג 60 גרם,גרמים,60.00,100 גרם,false,,21.90,0.3650,true,1,15911
7290015321419,false,שמיר פרג 80 גרם,תבליני הדור השלישי,IL,שמיר פרג 80 גרם,גרמים,80.00,100 גרם,false,,21.90,0.2737,true,1,15910
7290015321426,false,אורגנו פרג 120 גרם,תבליני הדור השלישי,IL,אורגנו פרג 120 גרם,גרמים,120.00,100 גרם,false,,21.90,0.1825,true,1,15940
7290015321433,false,רוזמרין פרג 80 גרם,תבליני הדור השלישי,IL,רוזמרין פרג 80 גרם,גרמים,300.00,100 גרם,false,,21.90,0.0730,true,1,15937
7290015321440,false,עלי דפנה פרג 25 גרם,תבליני הדור השלישי,IL,עלי דפנה פרג 25 גרם,גרמים,25.00,100 גרם,false,,21.90,0.8760,true,1,15939
7290015321457,false,טימין פרג 80 גרם,תבליני הדור השלישי,IL,טימין פרג 80 גרם,גרמים,80.00,100 גרם,false,,21.90,0.2737,true,1,15938
7290015339612,false,שוקולד טעמן חלב אגוז,אלבה שוקולד,,שוקולד טעמן חלב אגוז,גרמים,100.00,100 גרם,false,,7.90,0.0790,true,1,21663
7290015339629,false,שוקולד חלב שברי אגוזים,הלל תעשיות,IL,שוקולד טעמן חלב שברי,גרמים,100.00,100 גרם,false,,7.90,0.0790,true,1,21666
7290015339636,false,שוקולד מריר קרם אגוזים,הלל תעשיות,IL,שוקולד טעמן מריר אגו,גרמים,100.00,100 גרם,false,,7.90,0.0790,true,1,21664
7290015339643,false,"שוקולד מריר בד""ץ 100 גר'",הלל תעשיות,IL,שוקולד טעמן מריר 100,גרמים,100.00,100 גרם,false,,7.90,0.0790,true,1,21662
7290015339650,false,"שוקולד חלבי בד""ץ 100 גר'",אלבה שוקולד,,שוקולד טעמן חלב 100,גרמים,100.00,100 גרם,false,,7.90,0.0790,true,1,21661
7290015341516,false,עוגת קרנץ 500 גרם,אנטיקביץ,IL,עוגת קרנץ 500 גרם,גרמים,500.00,100 גרם,false,,10.90,0.0218,true,1,38466
7290015341578,false,עוגת דניש בטעמים שונ,אנטיקביץ,IL,עוגת דניש בטעמים שונ,Unknown,0.00,יחידה,false,,10.90,0.0000,true,1,36684
7290015347037,false,קקאו מיה 800 גרם,מיה תעשיות מזון בעמ,IL,קקאו מיה 800 גרם,גרמים,800.00,100 גרם,false,,21.90,0.0274,true,1,11759
7290015347068,false,קוקוס מיה 250 גרם,מיה תעשיות מזון בעמ,IL,קוקוס מיה 250 גרם,גרמים,250.00,100 גרם,false,,7.90,0.0316,true,1,13617
7290015347075,false,שומשום מיה 250 גרם,מיה תעשיות מזון בעמ,IL,שומשום מיה 250 גרם,גרמים,250.00,100 גרם,false,,6.90,0.0276,true,1,13618
7290015347167,false,קינואה באריזת ואקום Selected,מיה תעשיות מזון בעמ,IL,קינואה סלקטד 500 גרם,גרמים,500.00,100 גרם,false,,16.90,0.0338,true,1,35020
7290015347174,false,"אורז פרסי סלקטד מיה 1 ק""ג",מיה תעשיות מזון בעמ,IL,"אורז פרסי סלקטד 1 ק""",פריט,1.00,"ק""ג",false,,11.90,11.9000,true,1,101
7290015347181,false,"שעועית לבנה סלקטד מיה 1 ק""ג",מיה תעשיות מזון בעמ,IL,שעועית לבנה סלקטד 1,פריט,1.00,"ק""ג",false,,13.90,13.9000,true,1,14916
7290015347204,false,"חומוס גדול סלקטד מיה 1 ק""ג",מיה תעשיות מזון בעמ,IL,חומוס גדול סלקטד 1 ק,פריט,1.00,"ק""ג",false,,13.90,13.9000,true,1,14915
7290015347211,false,"גריסי פנינה סלקטד 1ק""ג",מיה תעשיות מזון בעמ,IL,גריסי פנינה סלקטד 1,פריט,1.00,"ק""ג",false,,14.90,14.9000,true,1,14917
7290015347501,false,אבקת אפיה מיה 36 יח,מיה תעשיות מזון בעמ,IL,אבקת אפיה מיה 36 יח,גרמים,360.00,100 גרם,false,,5.90,0.0164,true,1,25843
7290015347518,false,סוכר וניל מיה 36 יח,מיה תעשיות מזון בעמ,IL,סוכר וניל מיה 36 יח,גרמים,360.00,100 גרם,false,,5.90,0.0164,true,1,25844
7290015347525,false,צ'יפס בטטה עם שום ורוזמרין 80גרם,מיה תעשיות מזון בעמ,IL,חטיף ציפס בטטה עם שו,גרמים,80.00,100 גרם,false,,7.90,0.0988,true,1,28270
7290015347532,false,צ'יפס בטטה עם שמן זית ועשבי תיבול 80גרם,מיה תעשיות מזון בעמ,IL,חטיף ציפס בטטה עם שמ,גרמים,80.00,100 גרם,false,,7.90,0.0988,true,1,28269
7290015347563,false,סוכר דמררה שקית בון,מיה תעשיות מזון בעמ,IL,סוכר דמררה שקית בון,פריט,1.40,"ק""ג",false,,11.90,8.5000,true,1,18592
7290015347679,false,"תבלין צ'ילי גרוס 70 גר' צנצנת כשל""פ",מיה תעשיות מזון בעמ,IL,צילי גרוס מיה 70 גרם,גרמים,70.00,100 גרם,false,,7.90,0.1129,true,1,21568
7290015347686,false,תבלין צ'ילי גרוס 50 גר' שקית,מיה תעשיות מזון בעמ,IL,צילי שקית מיה 50 גרם,גרמים,50.00,100 גרם,false,,6.90,0.1380,true,1,21569
7290015347709,false,תבלין מוסקט טחון 70 גר' צנצנת,מיה תעשיות מזון בעמ,IL,אגוז מוסקט מיה 70 גר,גרמים,70.00,100 גרם,false,,9.90,0.1414,true,1,21398
7290015347945,false,שעועית מעורבת אינדיר,מיה תעשיות מזון בעמ,IL,שעועית מעורבת אינדיר,פריט,1.40,"ק""ג",false,,16.90,12.0714,true,1,30048
7290015347990,false,עדשיי שוקולד מארז 20X8ג',מיה תעשיות מזון בעמ,IL,מארז 1/8 עדשי שוקול,גרמים,160.00,100 גרם,false,,9.90,0.0619,true,1,30339
7290015350136,false,יין קברנה סוביניון Free Run,סגל Segal,,יין אדום פרי ראן קבר,מיליליטרים,750.00,"100 מ""ל",false,,49.90,0.0665,true,1,52323
7290015350143,false,יין אדום פרי ראן מר,סגל Segal,,יין אדום פרי ראן מר,מיליליטרים,750.00,"100 מ""ל",false,,49.90,0.0665,true,1,52324
7290015350242,false,שטוק 84 משקה כוהלי על בסיס ברנדי בטעם דבש,יינות סגל,IL,ברנדי שטוק 84 דבש 75,מיליליטרים,750.00,"100 מ""ל",false,,64.90,0.0865,true,1,64829
7290015350402,false,יין רזרב מוסקט ורוד,יקבי ברקן Barkan,IL,יין רזרב מוסקט ורוד,מיליליטרים,750.00,"100 מ""ל",false,,30.90,0.0412,true,1,64827
7290015356398,true,"ליקר שוקולד 200 מ""ל",,,"ליקר שוקולד 200 מ""ל",מיליליטרים,0.00,"100 מ""ל",false,,8.90,0.0000,true,1,20926
7290015366564,true,משחת סנסודיין הלבנה,,,משחת סנסודיין הלבנה,גרמים,0.00,100 גרם,false,,0.00,0.0000,true,1,42341
7290015374002,false,סיגרים בטעם בשר אלקי,חטיפי אלקיים בעמ,IL,סיגרים בטעם בשר אלקי,פריט,1.00,"ק""ג",false,,21.90,21.9000,true,1,14514
7290015374019,false,סיגרים במילוי תפוא א,חטיפי אלקיים בעמ,IL,סיגרים במילוי תפוא א,פריט,1.00,"ק""ג",false,,21.90,21.9000,true,1,14515
7290015374033,false,פסטלים תפוא אלקיים 1,חטיפי אלקיים בעמ,IL,פסטלים תפוא אלקיים 1,פריט,1.00,"ק""ג",false,,21.90,21.9000,true,1,14516
7290015374040,false,אגרול סיני ירקות אלק,חטיפי אלקיים בעמ,IL,אגרול סיני ירקות אלק,פריט,1.00,"ק""ג",false,,21.90,21.9000,true,1,14517
7290015374071,false,קרפלך תפוא אלקיים 1,חטיפי אלקיים בעמ,IL,קרפלך תפוא אלקיים 1,פריט,1.00,"ק""ג",false,,21.90,21.9000,true,1,14518
7290015374088,false,חטיפי תפוא במילוי פט,חטיפי אלקיים בעמ,IL,חטיפי תפוא במילוי פט,פריט,1.00,"ק""ג",false,,21.90,21.9000,true,1,14519
7290015374262,false,חטיפי תפוא במילוי תי,חטיפי אלקיים בעמ,IL,חטיפי תפוא במילוי תי,פריט,1.00,"ק""ג",false,,21.90,21.9000,true,1,14520
7290015470094,false,טוסו שוקולד מריר תפוז ללא סוכר 100 ג',ALTINMARKA,TR,שוקולד מריר בטעם תפו,גרמים,100.00,100 גרם,false,,8.90,0.0890,true,1,60620
7290015581301,false,צלחות קנה סוכר גדולו,,IN,צלחות קנה סוכר גדולו,Unknown,0.00,יחידה,false,,29.90,0.0000,true,1,61094
7290015581318,false,צלחות קנה סוכר קטנות,,IN,צלחות קנה סוכר קטנות,Unknown,0.00,יחידה,false,,19.90,0.0000,true,1,61095
7290015581325,false,קערות קנה סוכר 80 יח,,IN,קערות קנה סוכר 80 יח,Unknown,0.00,יחידה,false,,25.90,0.0000,true,1,62185
7290015581332,false,לפתניות קנה סוכר 80,,IN,לפתניות קנה סוכר 80,Unknown,0.00,יחידה,false,,19.90,0.0000,true,1,62186
7290015593625,false,יין דומיין לאור רוז',,IL,יין דומיין לאור רוז',מיליליטרים,750.00,"100 מ""ל",false,,159.90,0.2132,true,1,62789
7290015597760,true,שלגון סולרו פירות יע,,,שלגון סולרו פירות יע,Unknown,0.00,יחידה,false,,4.90,0.0000,true,1,33140
7290015603188,false,אטריות ביצים 454ג' (כ) (fu),פוגקן לונגהי אנלידה,CN,אטריות ביצים מזרח ומ,גרמים,454.00,100 גרם,false,,10.50,0.0231,true,1,49697
7290015603195,false,אטריות עם תרד מזרח ו,פוגקן לונגהי אנלידה,CN,אטריות עם תרד מזרח ו,גרמים,454.00,100 גרם,false,,10.50,0.0231,true,1,64744
7290015603218,false,איטריות בתוספת עגבני,פוגקן לונגהי אנלידה,CN,אטריות עם עגבניה מזר,גרמים,454.00,100 גרם,false,,10.50,0.0231,true,1,49698
7290015603232,false,איטריות בתוספת דלעת,פוגקן לונגהי אנלידה,CN,אטריות עם דלעת מזרח,גרמים,454.00,100 גרם,false,,10.50,0.0231,true,1,64740
7290015603522,false,נוזל אגוזי קוקוס 5-7,אסי אטיק גרו אינדוסט,TH,נוזל קוקוס 5-7% מזרח,מיליליטרים,400.00,"100 מ""ל",false,,5.90,0.0148,true,1,60453
7290015603546,false,"שימורי קרם קוקוס 17-19% 400 מ""ל (ASIATIC)(כ)",אסיאטיק אגרו אינדסטר,TH,קרם קוקוס 17-19% מזר,מיליליטרים,400.00,"100 מ""ל",false,,8.50,0.0213,true,1,49705
7290015603560,false,שימורי קרם קוקוס 400,אסי אטיק גרו אינדוסט,TH,קרם קוקוס 20-22% מזר,מיליליטרים,400.00,"100 מ""ל",false,,9.70,0.0242,true,1,50983
7290015603584,false,ג'ינגר לבן כבוש ללא מונוסודיום 160 גרם (כ),לאיווי איפנג פודס קו,CN,ג'ינגר לבן כבוש מזרח,גרמים,160.00,100 גרם,false,,7.90,0.0494,true,1,49699
7290015603591,false,ג'ינגר כבוש ורוד מזר,ננטונג הידה אקוטיק פ,CN,ג'ינגר כבוש ורוד מזר,גרמים,160.00,100 גרם,false,,6.90,0.0431,true,1,64745
7290015603638,false,אורז קלרוז עגול לסושי 1קג,מינה פונג גרין אגריק,CN,אורז קלרוז מזרח ומער,פריט,1.00,"ק""ג",false,,11.50,11.5000,true,1,49711
7290015644297,false,אנג'ל הלחמניה המלאה 6יח 450 ג',מאפיית שלמה א. אנג'ל,IL,לחמניות קמח מלא אנגל,גרמים,450.00,100 גרם,false,,11.90,0.0264,true,1,39045
7290015652070,false,אגוזי קשיו קלויים שש,דין שיווק,IL,קשיו קלויים 150 גרם,גרמים,150.00,100 גרם,false,,9.90,0.0660,true,1,16631
7290015652087,false,תערובת פיצוחים 150 גר' שקדיה,דין שיווק,IL,תערובת פיצוחים 150 ג,גרמים,150.00,100 גרם,false,,10.00,0.0667,true,1,16630
7290015652254,false,גרעיני חמניה קלויים 500 ג',דין שיווק,IL,גרעין שחור 500 גרם,גרמים,500.00,100 גרם,false,,10.00,0.0200,true,1,29569
7290015652261,false,בוטנים קלויים 350 ג' ששון הקולה,דין שיווק,IL,בוטן קלויים 350 גרם,גרמים,350.00,100 גרם,false,,10.00,0.0286,true,1,29568
7290015652278,false,תערובת פיצוחים ששון,"דין שיווק וקליה בע""מ",IL,תערובת פיצוחים 300 ג,גרמים,300.00,100 גרם,false,,20.00,0.0667,true,1,22260
7290015652285,false,אגוזים קלופים 250 גר,"דין שיווק וקליה בע""מ",IL,אגוזים קלופים 250 גר,גרמים,250.00,100 גרם,false,,20.00,0.0800,true,1,29573
7290015652292,false,קבוקים עם שומשום 400גר,"דין שיווק וקליה בע""מ",IL,קבוקים 400 גרם,גרמים,400.00,100 גרם,false,,10.00,0.0250,true,1,29572
7290015652322,false,בוטנים אמריקאים מצופים 400 ג',דין שיווק,IL,בוטן אמריקאי 400 גרם,גרמים,400.00,100 גרם,false,,10.00,0.0250,true,1,29567
7290015652407,false,פיסטוק קלוי ששון הקו,"דין שיווק וקליה בע""מ",IL,פיסטוק 250 גרם,גרמים,250.00,100 גרם,false,,20.00,0.0800,true,1,29575
7290015664264,true,סרדין מרוקאי בשמן קנ,,,סרדין מרוקאי בשמן קנ,,0.00,,false,,5.90,0.0000,true,1,19456
7290015664271,true,סרדין מרוקאי לימון 1,,,סרדין מרוקאי לימון 1,,0.00,,false,,5.90,0.0000,true,1,19458
7290015664295,true,סרדין מרוקאי פלפל חר,,,סרדין מרוקאי פלפל חר,,0.00,,false,,5.90,0.0000,true,1,19457
7290015733205,false,תרכובת מזון לתינוקות חלבי שלב 1 אקסטרה קר מהדרין,מטרנה,IL,מטרנה אקסטרה קר שלב,גרמים,700.00,100 גרם,false,,56.90,0.0813,true,1,35513
7290015733229,false,תרכובת מזון לתינוקות חלבי שלב 2 אקסטרה קר מהדרין,מטרנה,IL,מטרנה אקסטרה קר שלב,גרמים,700.00,100 גרם,false,,56.90,0.0813,true,1,35512
7290015733243,false,מטרנה אקסטרה קר מהדרין שלב 3 700ג',מטרנה,IL,מטרנה אקסטרה קר שלב,גרמים,700.00,100 גרם,false,,56.90,0.0813,true,1,35511
7290015781008,false,"יין ויז'ן מרלו 750 מ""ל",יקב טפרברג 1870 בעמ,IL,יין ויזן מרלו,מיליליטרים,750.00,"100 מ""ל",false,,39.90,0.0532,true,1,16696
7290015781015,false,"יין ויז'ן מלבק 750 מ""ל",יקב טפרברג 1870 בעמ,IL,יין ויזן מלבק,מיליליטרים,750.00,"100 מ""ל",false,,39.90,0.0532,true,1,16697
7290015781046,false,ויז'ן לבן חצי יבש 750מל,יקב טפרברג 1870 בעמ,IL,יין ויזן לבן חצי יבש,מיליליטרים,750.00,"100 מ""ל",false,,39.90,0.0532,true,1,16699
7290015781053,false,"יין ויז'ן לבן יבש 750 מ""ל",יקב טפרברג 1870 בעמ,IL,יין ויזן לבן יבש,מיליליטרים,750.00,"100 מ""ל",false,,39.90,0.0532,true,1,16700
7290015781107,false,"סנגובזה אימפרשיאון 750 מ""ל",יקב טפרברג 1870 בעמ,IL,יין אימפרשן סנגובזה,מיליליטרים,750.00,"100 מ""ל",false,,49.90,0.0665,true,1,16706
7290015781114,false,"יין אימפרשן מרלו 750 מ""ל",יקב טפרברג 1870 בעמ,IL,יין אימפרשן מרלו,מיליליטרים,750.00,"100 מ""ל",false,,49.90,0.0665,true,1,16704
7290015781121,false,"קברנה סוביניון אימפרשיאון 750 מ""ל-מרכז",יקב טפרברג 1870 בעמ,IL,יין אימפרשן קברנה סו,מיליליטרים,750.00,"100 מ""ל",false,,49.90,0.0665,true,1,16703
7290015781152,false,"רוזה אימפרשיאון 750 מ""ל",יקב טפרברג,,יין אימפרשן רוזה 750,מיליליטרים,750.00,"100 מ""ל",false,,49.90,0.0665,true,1,16707
7290015781169,false,"יין קברנה סוביניון - חצי יבש אימפרשן 750מ""ל",יקב טפרברג 1870 בעמ,IL,יין אימפרשן קברנה סו,מיליליטרים,750.00,"100 מ""ל",false,,49.90,0.0665,true,1,16708
7290015781282,false,"יין גוורצטמינר אימפרשן 750מ""ל",יקב טפרברג 1870,,יין אימפרשן גוורצטרמ,מיליליטרים,750.00,"100 מ""ל",false,,49.90,0.0665,true,1,16709
7290015781299,false,יין שיראז אדום טפמבר,יקב טפרברג 1870 בעמ,IL,יין ויזן שיראז,מיליליטרים,750.00,"100 מ""ל",false,,39.90,0.0532,true,1,16698
7290015804714,true,שעועית צהובה ויטה 56,,,שעועית צהובה ויטה 56,גרמים,0.00,100 גרם,false,,5.90,0.0000,true,1,36884
7290015821728,false,נר נשמה 48 שעות מאור,פאלאס,CN,נר נשמה 48 שעות מאור,Unknown,0.00,יחידה,false,,3.90,0.0000,true,1,64599
7290015856263,false,קרקר עם שומשום ברייד,אפיפית נצרת תעשיות ב,IL,קרקר עם שומשום ברייד,פריט,1.20,"ק""ג",false,,19.90,16.5833,true,1,38691
7290015856270,false,קרקר בטעם בצל בריידמ,אפיפית נצרת תעשיות ב,IL,קרקר בטעם בצל בריידמ,פריט,1.20,"ק""ג",false,,19.90,16.5833,true,1,38692
7290015856294,false,חטיפי קרקר עם מלח ים,אפיפית נצרת תעשיות ב,IL,חטיפי קרקר עם מלח ים,פריט,1.50,"ק""ג",false,,19.90,13.2667,true,1,38812
7290015856300,false,חטיפי קרקר שומשום בר,אפיפית נצרת תעשיות ב,IL,חטיפי קרקר שומשום בר,פריט,1.50,"ק""ג",false,,19.90,13.2667,true,1,38810
7290015856317,false,חטיפי קרקר בצל ברייד,אפיפית נצרת תעשיות ב,IL,חטיפי קרקר בצל ברייד,פריט,1.50,"ק""ג",false,,19.90,13.2667,true,1,38809
7290015858106,false,ממרח פסטו ביתי 180 ג' עללחם,"מדשא תעשיות מזון בע""",IL,פסטו ביתי עללחם 180,גרמים,180.00,100 גרם,false,,15.90,0.0883,true,1,49084
7290015858113,false,ממרח עגבניות מיובשות 180 גרם עללחם,"מדשא תעשיות מזון בע""",IL,ממרח עגבניות מיובשות,גרמים,180.00,100 גרם,false,,15.90,0.0883,true,1,49085
7290015858144,false,ממרח ארטישוק עלחחם 180 ג',זאביק יצור ושיווק מז,IL,ממרח ארטישוק עללחם 1,גרמים,180.00,100 גרם,false,,15.90,0.0883,true,1,55489
7290015858151,false,ממרח שום עללחם 180 ג,רוג'ר אנד רוג'ר,IL,ממרח שום עללחם 180 ג,גרמים,180.00,100 גרם,false,,15.90,0.0883,true,1,64274
7290015858175,false,ממרח פלפלים קלויים 180 גרם עללחם,זאביק יצור ושיווק מז,IL,ממרח פלפלים קלויים ע,גרמים,180.00,100 גרם,false,,15.90,0.0883,true,1,59978
7290015858229,false,ממרח טפנד זיתי קלמטה 180 גר',"מדשא תעשיות מזון בע""",IL,טפנד זיתי קלמטה עללח,גרמים,180.00,100 גרם,false,,15.90,0.0883,true,1,49086
7290015858243,false,ממרח צימיצורי עללחם 180 ג',זאביק יצור ושיווק מז,IL,צ'ימיצורי עללחם 180,גרמים,180.00,100 גרם,false,,15.90,0.0883,true,1,59979
7290015858328,false,ממרח איולי פסטו 295 ג' עללחם,עלית,IL,איולי פסטו עללחם לחי,גרמים,295.00,100 גרם,false,,14.90,0.0505,true,1,64600
7290015858441,false,ממרח איולי פלפלים 295 ג' עללחם,עלית,IL,איולי פלפלים עללחם ל,גרמים,295.00,100 גרם,false,,14.90,0.0505,true,1,64601
7290015858687,false,ממרח איולי שום 295 ג' עללחם,עלית,IL,איולי שום עללחם לחיץ,גרמים,295.00,100 גרם,false,,14.90,0.0505,true,1,64602
7290015865821,false,ממרח אגוזי לוז וקקאו,ענבי ציון,IL,ממרח אגוזי לוז וקקאו,פריט,1.00,"ק""ג",false,,24.90,24.9000,true,1,62670
7290015865838,false,ממרח עוגיות קרמל ענב,ענבי ציון,IL,ממרח עוגיות קרמל ענב,פריט,1.00,"ק""ג",false,,24.90,24.9000,true,1,62671
7290015879705,false,קמח ללא גלוטן מולינו,DFS,IT,קמח ללא גלוטן מולינו,גרמים,500.00,100 גרם,false,,14.90,0.0298,true,1,53885
7290015879712,false,תערובת איטלקית לעוגו,DFS,IT,תערובת איטלקית לעוגו,גרמים,500.00,100 גרם,false,,14.90,0.0298,true,1,54341
7290015879729,false,"קמח ללא גלוטן ע""ב עמ",DFS,IT,"קמח ללא גלוטן ע""ב עמ",גרמים,500.00,100 גרם,false,,14.90,0.0298,true,1,53886
7290015951227,false,יין גמלא סירה 750 מל,יקבי רמת הגולן,IL,יין גמלא סירה,מיליליטרים,750.00,"100 מ""ל",false,,54.90,0.0732,true,1,54783
7290015988926,false,חומץ סינטטי 4 ליטר,,,חומץ סינטטי 4 ליטר,קילוגרמים,4.00,ליטר,false,,6.90,1.7250,true,1,33913
7290016006292,false,נקטר מנגו בננה מלון קרטונית 1 ל' ספרינג,"יפאורה תבורי בע""מ",IL,נקטר ספרינג מנגו בננ,קילוגרמים,1.00,ליטר,false,,6.50,6.5000,true,1,22197
7290016006346,false,שוופס סודה מארז שישייה * 0.5 ל',יפאורה תבורי בעמ,IL,מארז שוופס סודה 6*50,קילוגרמים,3.00,ליטר,false,,13.90,4.6333,true,1,23702
7290016083125,false,עוגיות בדלי שירה 600,מאפיית ישראל חיפה,IL,עוגיות בדלי שירה 600,גרמים,600.00,100 גרם,false,,11.50,0.0192,true,1,18665
7290016083255,false,בצק עלים בון בייקרי,מאפיית ישראל חיפה,IL,בצק עלים בון בייקרי,פריט,1.50,"ק""ג",false,,16.90,11.2667,true,1,22383
7290016083323,false,עוגיות בדלי בטעמים ש,מאפיית ישראל חיפה,IL,עוגיות מעמול תמרים,גרמים,500.00,100 גרם,false,,11.50,0.0230,true,1,51715
7290016083347,false,עוגיות בדלי בטעמים ש,מאפיית ישראל חיפה,IL,רולדה תמרים שקד 500,גרמים,500.00,100 גרם,false,,11.50,0.0230,true,1,51717
7290016083378,false,עוגיות במילוי טעם שו,מאפיית ישראל חיפה,IL,עוגיות במילוי טעם שו,גרמים,500.00,100 גרם,false,,11.50,0.0230,true,1,51719
7290016096613,false,טונה בשמן פילטונה 6*,תעשיות פילטונה,IL,טונה בשמן פילטונה 6*,גרמים,840.00,100 גרם,false,,27.90,0.0332,true,1,35470
7290016096637,false,טונה בשמן קנולה פילט,תעשיות פילטונה,IL,טונה בשמן קנולה פילט,גרמים,840.00,100 גרם,false,,27.90,0.0332,true,1,35469
7290016096651,false,טונה במים פילטונה 6*,תעשיות פילטונה,IL,טונה במים פילטונה 6*,גרמים,840.00,100 גרם,false,,27.90,0.0332,true,1,35471
7290016096811,false,רביעיית ממרח טונה פילטונה 160 גר'*4,תעשיות פילטונה,IL,ממרח טונה פילטונה 4*,גרמים,640.00,100 גרם,false,,19.90,0.0311,true,1,52824
7290016096934,false,מארז זוגות סלט טונה 2*160 ג' פילטונה,פילטונה,IL,סלט טונה פילטונה 2*1,גרמים,320.00,100 גרם,false,,11.90,0.0372,true,1,56937
7290016102215,false,נריות 4 שעות שמאי 72,,CN,נריות 4 שעות שמאי 72,Unknown,0.00,יחידה,false,,19.90,0.0000,true,1,64538
7290016102222,false,נריות 6 שעות שמאי 66,,CN,נריות 6 שעות שמאי 66,Unknown,0.00,יחידה,false,,24.90,0.0000,true,1,64539
7290016106213,false,שוקולד מריר שברי אגוזים 100 גר',אלבה שוקולד,,שוקולד טעמן מריר שבר,גרמים,100.00,100 גרם,false,,7.90,0.0790,true,1,21667
7290016106657,false,נתחי טונה בהירה בשמן צמחי - מארז רביעייה,דיאמוד פוד פרודקט סי,IL,טונה בשמן טעמן 4*140,גרמים,560.00,100 גרם,false,,16.90,0.0302,true,1,60177
7290016106664,false,נתחי טונה בהירה במי מלח - מארז רביעייה,דיאמוד פוד פרודקט סי,IL,טונה במים טעמן 4*140,גרמים,560.00,100 גרם,false,,16.90,0.0302,true,1,60178
7290016144000,false,"קמח חיטה מלאה נפלאות 80% 1 ק""ג","קמח מלכים בע""מ",IL,קמח חיטה מלאה 80% נפ,פריט,1.00,"ק""ג",false,,9.90,9.9000,true,1,45374
7290016144017,false,"קמח חיטה מלאה נפלאות 100% 1 ק""ג",קמח מלכים,IL,קמח חיטה מלאה 100% נ,פריט,1.00,"ק""ג",false,,9.90,9.9000,true,1,45375
7290016144024,false,"קמח כוסמין מלא נפלאות 100% 1 ק""ג","קמח מלכים בע""מ",IL,קמח כוסמין 100% נפלא,פריט,1.00,"ק""ג",false,,14.90,14.9000,true,1,45377
7290016144031,false,"קמח חיטה לבן נפלאות 1 ק""ג",קמח מלכים,IL,קמח לבן מנופה נפלאות,פריט,1.00,"ק""ג",false,,6.90,6.9000,true,1,45379
7290016144048,false,"קמח כוסמין לבן נפלאות 1 ק""ג","קמח מלכים בע""מ",IL,קמח כוסמין לבן נפלאו,פריט,1.00,"ק""ג",false,,16.90,16.9000,true,1,45378
7290016144055,false,"קמח כוסמין נפלאות 80% 1 ק""ג",קמח מלכים,IL,קמח כוסמין 80% נפלאו,פריט,1.00,"ק""ג",false,,14.90,14.9000,true,1,45376
7290016144062,false,"קמח שיפון מלא נפלאות, 1 ק""ג",קמח מלכים,IL,קמח שיפון מלא נפלאות,פריט,1.00,"ק""ג",false,,8.90,8.9000,true,1,60545
7290016144086,false,נפלאות קמח חלה מנופה 1 ק”ג,קמח מלכים,IL,"קמח חלה נפלאות 1 ק""ג",פריט,1.00,"ק""ג",false,,6.90,6.9000,true,1,60547
7290016144093,false,"קמח לחם נפלאות, 1 ק""ג",קמח מלכים,IL,"קמח לחם נפלאות 1 ק""ג",פריט,1.00,"ק""ג",false,,6.90,6.9000,true,1,60548
7290016144109,false,"קמח פיצה 1 ק""ג נפלאות",קמח מלכים,IL,"קמח פיצה נפלאות 1 ק""",פריט,1.00,"ק""ג",false,,14.90,14.9000,true,1,60549
7290016144116,false,"קמח תופח נפלאות, 1 ק""ג",קמח מלכים,IL,"קמח תופח נפלאות 1 ק""",פריט,1.00,"ק""ג",false,,8.90,8.9000,true,1,60550
7290016162219,false,כדורי שוקולד קוקוס קפולסקי 280 גר',קפולסקי שיווק וקמעונ,IL,כדורי שוקולד קפולסקי,גרמים,280.00,100 גרם,false,,29.90,0.1068,true,1,27594
7290016162264,false,עוגת גבינה רנססנס 450 גר',קפולסקי שיווק וקמעונ,IL,עוגת גבינה אפויה קפו,גרמים,450.00,100 גרם,false,,35.90,0.0798,true,1,27591
7290016188585,false,יין מבעבע למברוסקו רוזה חצי יבש,יקב גאקובזי,,למברוסקו רוזה חצי יב,מיליליטרים,750.00,"100 מ""ל",false,,23.90,0.0319,true,1,20189
7290016188592,false,"יין למברוסקו אדום חצי יבש 750 מ""ל","כד בני דרום בע""מ",IT,למברוסקו אדום חצי יב,מיליליטרים,750.00,"100 מ""ל",false,,23.90,0.0319,true,1,20188
7290016188608,false,"יין למברוסקו לבן חצי יבש 750מ""ל",יקב גאקובזי,IT,למברוסקו לבן חצי יבש,מיליליטרים,750.00,"100 מ""ל",false,,23.90,0.0319,true,1,20169
7290016197495,false,מטלית קסם מיקרופייבר לרצפה ניקול 2יח',חוגלה קימברלי,CN,מטליות רצפה מיקרופיי,Unknown,0.00,יחידה,false,,15.90,0.0000,true,1,23703
7290016217643,false,חמוצים שמיר סיני אסלי 400 גר',סלטי שמיר 2006 בעמ,IL,חמוצים סיניים אסלי 4,גרמים,400.00,100 גרם,false,,10.90,0.0273,true,1,22204
7290016236002,true,"וודקה T 200 מ""ל",,,"וודקה T 200 מ""ל",מיליליטרים,0.00,"100 מ""ל",false,,0.30,0.0000,true,1,26823
7290016240665,true,מיקרוגל 20 ליטר דיגי,,,מיקרוגל 20 ליטר דיגי,Unknown,0.00,יחידה,false,,249.90,0.0000,true,1,26850
7290016246445,false,טחינה גולמית מעודנת שמשום מלא בארכה 310ג',בארכה,IL,טחינה מעודנת משומשום,גרמים,310.00,100 גרם,false,,10.50,0.0339,true,1,60065
7290016255188,false,מבשם אוויר ובדים ירו,סאסאטק,IL,מטהר מגיק ירוק 350 מ,מיליליטרים,350.00,"100 מ""ל",false,,6.90,0.0197,true,1,23437
7290016255195,false,מבשם אוויר ובדים ורו,סאסאטק,IL,מטהר מגיק ורוד 350 מ,מיליליטרים,350.00,"100 מ""ל",false,,6.90,0.0197,true,1,23438
7290016255201,false,מבשם אוויר ובדים סגו,סאסאטק,IL,מטהר מגיק סגול 350 מ,מיליליטרים,350.00,"100 מ""ל",false,,6.90,0.0197,true,1,23439
7290016334135,false,חסה סלנובה מהדרין,בוסתן עשבי תיבול,IL,חסה סלנובה מהדרין,Unknown,0.00,יחידה,false,,12.90,0.0000,true,1,21882
7290016334494,false,חסה ערבית,בוסתן עשבי תיבול,IL,חסה יח,Unknown,0.00,יחידה,false,,3.90,0.0000,true,1,30156
7290016334579,false,פטרוזיליה בוסתן,ברכת קטיף,IL,פטרוזיליה בוסתן,Unknown,0.00,יחידה,false,,3.90,0.0000,true,1,47348
7290016334586,false,כוסברה בוסתן,ברכת קטיף,IL,כוסברה בוסתן,Unknown,0.00,יחידה,false,,3.90,0.0000,true,1,47349
7290016370072,false,זיתי קלמטה ללא גלעין בני דרום,בני דרום,IL,זית קלמטה ללא גלעין,גרמים,560.00,100 גרם,false,,11.90,0.0213,true,1,58359
7290016370140,false,זית קלמטה בני דרום 8,בני דרום,IL,זית קלמטה בני דרום 8,גרמים,820.00,100 גרם,false,,12.90,0.0157,true,1,58360
7290016370188,false,תחתיות ארטישוק 430 גר' בני דרום,בני דרום,IL,תחתיות ארטישוק בני ד,גרמים,430.00,100 גרם,false,,7.90,0.0184,true,1,59752
7290016370232,false,מיקס ירקות יווני צנצנת,KOSAT,GR,תערובת ירקות כבושים,גרמים,560.00,100 גרם,false,,9.90,0.0177,true,1,51793
7290016370249,false,חריסה ממרחפלפל חריף 570 גר' בני דרום,בני דרום,IL,חריסה בני דרום 570 ג,גרמים,570.00,100 גרם,false,,5.90,0.0104,true,1,55350
7290016370331,false,פלפל קלוי על האש 560 גר' בני דרום,KOSAT,GR,פלפל קלוי על האש בני,גרמים,540.00,100 גרם,false,,9.90,0.0183,true,1,53267
7290016370348,false,חציל קלוי על האש 530 גר' בני דרום,KOSAT,GR,חציל קלוי על האש בני,גרמים,530.00,100 גרם,false,,9.90,0.0187,true,1,53268
7290016370355,false,פרוסות מלפפון במלח ב,בני דרום,IL,פרוסות מלפפון במלח ב,גרמים,560.00,100 גרם,false,,4.90,0.0088,true,1,51595
7290016372144,false,חליטת קינמון 40 שקיק,ויסוצקי,IL,חליטת קינמון 40 שקיק,גרמים,100.00,100 גרם,false,,20.90,0.2090,true,1,25746
7290016372151,false,חליטת קמומיל 40 שקיק,ויסוצקי,IL,חליטת קמומיל 40 שקיק,Unknown,0.00,יחידה,false,,20.90,0.0000,true,1,25745
7290016372168,false,חליטת לימונית לואיזה,ויסוצקי,IL,חליטת לימונית לואיזה,גרמים,60.00,100 גרם,false,,20.90,0.3483,true,1,25747
7290016372397,false,"תה ויסוצקי ירוק תפוז,ג'ינגר וכורכום 25 יח'",ויסוצקי ירוק,IL,תה ירוק תפוז גינגר ו,גרמים,150.00,100 גרם,false,,22.90,0.1527,true,1,30260
7290016372571,false,חליטת פירות יער 40 ש,ויסוצקי,IL,חליטת פירות יער 40 ש,גרמים,108.00,100 גרם,false,,20.90,0.1935,true,1,30289
7290016372588,false,חליטת לימונענע 40 שק,ויסוצקי,IL,חליטת לימונענע 40 שק,Unknown,0.00,יחידה,false,,20.90,0.0000,true,1,30290
7290016373639,false,שטיחים חמוצים תפוח 180 ג',אלוון גידה סאן,TR,פסים חמוצים בטעם תפו,גרמים,180.00,100 גרם,false,,7.90,0.0439,true,1,64218
7290016373653,false,מקלות חמוצים בטעם תות 180 ג',אלוון גידה סאן,TR,פסים חמוצים בטעם תות,גרמים,180.00,100 גרם,false,,7.90,0.0439,true,1,59158
7290016373691,false,מקלות חמוצים תפוח 18ג',אלבן מזון תעשיות ומס,TR,מקלות חמוצים בטעם תפ,גרמים,20.00,100 גרם,false,,1.50,0.0750,true,1,47308
7290016373707,false,מקלות חמוצים אפרסק 18 ג',אלבן מזון תעשיות ומס,TR,מקלות חמוצים בטעם אפ,גרמים,20.00,100 גרם,false,,1.50,0.0750,true,1,47309
7290016373721,false,מקלות חמוצים תות וניל 180 גר',אלוון גידה סאן,TR,פסים חמוצים בטעם תות,גרמים,180.00,100 גרם,false,,7.90,0.0439,true,1,59160
7290016373738,false,מקלות חמוצים תותי פרוטי 180 גרם,אלוון גידה סאן,TR,פסים חמוצים בטעם תות,גרמים,180.00,100 גרם,false,,7.90,0.0439,true,1,59159
7290016373882,true,לפתן אננס חתוך טעמן,,,לפתן אננס חתוך טעמן,גרמים,0.00,100 גרם,false,,3.50,0.0000,true,1,31471
7290016408980,false,"מטבעות שוקולד חלב 36 ג' כשל""פ בד""ץ",כרמית,IL,מטבעות שוקולד חלב כר,גרמים,36.00,100 גרם,false,,3.90,0.1083,true,1,31060
7290016416961,false,מוס גבינה תות שדה 400 גר',קפולסקי שיווק וקמעונ,IL,עוגת מוס גבינה קפולס,גרמים,400.00,100 גרם,false,,35.90,0.0897,true,1,27590
7290016437690,false,תחבושות קוטקס קווארט,חוגלה קימברלי,IL,תחבושות קוטקס קווארט,Unknown,0.00,יחידה,false,,36.50,0.0000,true,1,47573
7290016437713,false,תחבושות קוטקס קווארט,חוגלה קימברלי,IL,תחבושות קוטקס קווארט,Unknown,0.00,יחידה,false,,36.50,0.0000,true,1,47574
7290016437720,false,תחבושות קוטקס נורמל זוג,חוגלה קימברלי,IL,תחבושות קוטקס קווארט,Unknown,0.00,יחידה,false,,36.50,0.0000,true,1,47575
7290016437737,false,תחבושות קוטקס קווארט,חוגלה קימברלי,IL,תחבושות קוטקס קווארט,Unknown,0.00,יחידה,false,,36.50,0.0000,true,1,47576
7290016475067,false,מארז 4 לאפות במלאכת יד,מאפיית המכבים,IL,לאפות המכבים 4 יח,גרמים,700.00,100 גרם,false,,9.90,0.0141,true,1,24427
7290016492118,false,פפריקה מתוקה מעושנת,תבליני הדור השלישי,IL,פפריקה מעושנת פרג 12,גרמים,120.00,100 גרם,false,,15.90,0.1325,true,1,38708
7290016492125,false,פרג תבלין פילדפיה 120 גר',תבליני הדור השלישי,IL,תבלין פילדלפיה פרג 1,גרמים,120.00,100 גרם,false,,15.90,0.1325,true,1,38707
7290016492132,false,תבלין טוסקנה פרג 160 גר',תבליני הדור השלישי,IL,תבלין טוסקנה פרג 160,גרמים,160.00,100 גרם,false,,15.90,0.0994,true,1,38706
7290016509786,false,פרסיל - ג'ל כביסה ירוק 2.50 ליטר,פרסיל Persil,IL,גל פרסיל 2.5 ליטר,קילוגרמים,2.50,ליטר,false,,34.50,13.8000,true,1,64816
7290016509809,false,ג'ל מרוכז לכביסה קולור 2.5 ל' פרסיל,פרסיל Persil,IL,גל פרסיל קולור 2.5 ל,קילוגרמים,2.50,ליטר,false,,34.50,13.8000,true,1,64817
7290016509830,false,ג'ל כביסה לבגדי תינוקות ובעלי עור רגיש Sensitive,פרסיל Persil,IL,גל פרסיל בייבי 2.5 ל,קילוגרמים,2.50,ליטר,false,,34.50,13.8000,true,1,52072
7290016509847,false,ג'ל כביסה לבגדים שחורים וכהים,פרסיל Persil,IL,גל פרסיל בלאק 2.5 לי,קילוגרמים,2.50,ליטר,false,,34.50,13.8000,true,1,48998
7290016682328,false,מיץ תפוזים מרכז 2 ליטר,פריניב,IL,מיץ תפוזים פריניב 2,קילוגרמים,2.00,ליטר,false,,17.90,8.9500,true,1,59426
7290016682342,false,מיץ תפוזים ולנסיה 2 ליטר,פריניב,IL,מיץ תפוזים ולנסיה פר,קילוגרמים,2.00,ליטר,false,,24.90,12.4500,true,1,59427
7290016682359,false,מיץ תפוזים שמוטי 2 ליטר,פריניב,IL,מיץ תפוזים שמוטי פרי,קילוגרמים,2.00,ליטר,false,,24.90,12.4500,true,1,59428
7290016682366,false,מיץ תפוח צלול 2 ליטר,פריניב,IL,מיץ תפוחים פריניב 2,קילוגרמים,2.00,ליטר,false,,18.90,9.4500,true,1,59429
7290016682373,false,משקה קל לימונדה בלאדי 2 ליטר פריניב,פריניב,IL,מיץ לימונדה בלדי פרי,קילוגרמים,2.00,ליטר,false,,18.90,9.4500,true,1,59430
7290016682380,false,מיץ לימונדה לואיזה 2 ליטר,פריניב,IL,מיץ לימונדה לואיזה פ,קילוגרמים,2.00,ליטר,false,,18.90,9.4500,true,1,59431
7290016693041,false,"יין אמירים רזרב קברנה 750 מ""ל!.",יקבי ארזה,IL,יין קברנה רזרב אמירי,מיליליטרים,750.00,"100 מ""ל",false,,14.90,0.0199,true,1,26242
7290016717044,false,באז משקה מבוסס יין מ,יקבי כרמל,IL,יין באז מנגו מבעבע,מיליליטרים,750.00,"100 מ""ל",false,,26.90,0.0359,true,1,43153
7290016717051,false,משקה Buzz מוגז בטעם רימון מבוסס יין אדום מתוק,יקבי כרמל Carmel Winery,IL,יין באז רימון מבעבע,מיליליטרים,750.00,"100 מ""ל",false,,26.90,0.0359,true,1,52385
7290016717099,false,"יין כרמל סלקטד אדום חצי יבש, 750 מ""ל",יקבי כרמל Carmel Winery,IL,יין סלקטד אדום חצי י,מיליליטרים,750.00,"100 מ""ל",false,,28.90,0.0385,true,1,63259
7290016717617,false,מיץ ענבים תירוש אדום,יקבי כרמל,IL,מיץ ענבים תירוש אדום,קילוגרמים,1.20,ליטר,false,,20.90,17.4167,true,1,29233
7290016717631,false,יין מוסקטו בעל חוזק אלכוהול נמוך פרייבט קולקשן,אגודת הכורמים הקואופ,IL,יין פ. קולקשיין לבן,מיליליטרים,750.00,"100 מ""ל",false,,32.30,0.0431,true,1,35085
7290016717976,false,יין באזז ספארקלינג א,קריות זול,IL,יין באז ספארקלינג אפ,מיליליטרים,750.00,"100 מ""ל",false,,26.90,0.0359,true,1,52386
7290016770858,true,פילה אמנון 5-7,,,פילה אמנון 5-7,קילוגרמים,1.00,"ק""ג",true,,29.90,29.9000,true,1,33103
7290016823004,false,בזיליקום יח freshlid,"מרינה פטריות הגליל בע""מ",IL,בזיליקום יח,Unknown,0.00,יחידה,false,,5.90,0.0000,true,1,27686
7290016823028,false,עירית יח freshlid,"מרינה פטריות הגליל בע""מ",IL,עירית יח,Unknown,0.00,יחידה,false,,5.90,0.0000,true,1,27688
7290016823059,false,טימין קורנית ארוז יח,"מרינה פטריות הגליל בע""מ",IL,טימין יח,Unknown,0.00,יחידה,false,,5.90,0.0000,true,1,27690
7290016823066,false,רוזמרין יח freshlid,"מרינה פטריות הגליל בע""מ",IL,רוזמרין יח,Unknown,0.00,יחידה,false,,5.90,0.0000,true,1,27691
7290016823257,false,חסה סלנובה מהדרין יח,"מרינה פטריות הגליל בע""מ",IL,חסה סלנובה מהדרין,Unknown,0.00,יחידה,false,,11.90,0.0000,true,1,27746
7290016823523,false,צנונית ארוזה 500 גרם,"מרינה פטריות הגליל בע""מ",IL,צנונית ארוזה 500 גרם,גרמים,500.00,100 גרם,false,,6.90,0.0138,true,1,30930
7290016867008,false,לחם מחמצת כוסמין 750 גרם,המאפה של דר מרק,IL,לחם מחמצת כוסמין דר,גרמים,750.00,100 גרם,false,,16.90,0.0225,true,1,35749
7290016867039,false,פיתות קלות כוסמין בתוספת מחמצת 6 יח',המאפה של דר מרק בריא,IL,פיתות קלות כוסמין בת,גרמים,330.00,100 גרם,false,,14.90,0.0452,true,1,56528
7290016867046,false,פיתות קלות כוסמין במתיקות מעודנת 6 יח',המאפה של דר מרק בריא,IL,פיתות קלות כוסמין במ,גרמים,330.00,100 גרם,false,,14.90,0.0452,true,1,56529
7290016867053,false,לחם קל כוסמין בתוספת מחמצת 450 גר',המאפה של דר מרק בריא,IL,לחם כוסמין בתוספת מח,גרמים,400.00,100 גרם,false,,18.90,0.0472,true,1,56530
7290016867114,false,לחם כוסמין קל מלא 500 גר',המאפה של דר מרק בריא,IL,לחם כוסמין קל דר מרק,גרמים,500.00,100 גרם,false,,17.90,0.0358,true,1,53187
7290016867152,false,"פיתות קלות כוסמין ד""ר מרק 5יח'",המאפה של דר מרק בריא,IL,פיתות קלות כוסמין דר,גרמים,330.00,100 גרם,false,,13.90,0.0421,true,1,30198
7290016867176,false,"לחמניות קלות כוסמין שומשום 6יח' ד""ר מרק",המאפה של דר מרק,IL,לחמניות קלות כוסמין,גרמים,351.00,100 גרם,false,,13.90,0.0396,true,1,38814
7290016867237,false,לחם קל כוסמין במתיקות מעודנת 400ג',המאפה של דר מרק בריא,IL,לחם כוסמין קל במתיקו,גרמים,400.00,100 גרם,false,,18.90,0.0472,true,1,54392
7290016867244,false,לחמניות מחמצת כוסמין 99 קלוריות מארז,המאפה של דר מרק בריא,IL,לחמניות מחמצת כוסמין,גרמים,321.00,100 גרם,false,,14.90,0.0464,true,1,51350
7290016882407,false,מחית חציל קלוי על האש 560 ג',אונטד גידה,TR,מחית חציל קלוי על הא,גרמים,560.00,100 גרם,false,,9.90,0.0177,true,1,47250
7290016882414,false,קונפיטורה שזיפים 70%,דין שיווק,IL,קונפיטורה שזיפים 70%,גרמים,450.00,100 גרם,false,,11.90,0.0264,true,1,28118
7290016883091,false,חרדל דיזון שקדיה 350,דין שיווק,FR,חרדל דיזון שקדיה 350,גרמים,350.00,100 גרם,false,,7.90,0.0226,true,1,30284
7290016883107,false,חרדל עם גרגירים שקדי,,FR,חרדל עם גרגירים שקדי,גרמים,350.00,100 גרם,false,,7.90,0.0226,true,1,30283
7290016883176,false,"מוזלי פתיתי שיבולת שועל עם שוקולד מריר ושבבי קוקוס 1 ק""ג",דין שיווק,MK,"מוזלי ע""ב פתיתי שוקו",פריט,1.00,"ק""ג",false,,19.50,19.5000,true,1,30419
7290016967074,false,לחם אנג'ל 100 חיטה מלאה 750 גר',מאפיית שלמה א. אנג'ל,IL,לחם חיטה מלאה ודגנים,גרמים,750.00,100 גרם,false,,16.90,0.0225,true,1,39038
7290016967456,false,לחם צרפתי מחמצת 100% כוסמין 600 ג' אנג'ל,מאפיית שלמה א.אנג'ל,IL,לחם מחמצת כוסמין אנג,גרמים,600.00,100 גרם,false,,17.90,0.0298,true,1,39020
7290017023212,false,"שוויפס מוגז פירות תפוח מארז רביעייה* 330 מ""ל",יפאורה תבורי,IL,מארז שוופס מוגז תפוח,קילוגרמים,1.32,ליטר,false,,11.90,9.0152,true,1,32851
7290017023229,false,רביעיית פחיות שוופס מוגז פירות תות ליים 330 מל.,יפאורה תבורי,IL,מארז שוופס תות ליים,קילוגרמים,1.32,ליטר,false,,11.90,9.0152,true,1,32853
7290017023236,false,רביעיית פחיות שוופס מוגז פירות ענבים 330 מל.,יפאורה תבורי,IL,מארז שוופס מוגז ענבי,קילוגרמים,1.32,ליטר,false,,11.90,9.0152,true,1,32852
7290017023663,false,"שוופס מיץ פירות לימונייד פחית מארז 330X4מ""ל",יפאורה תבורי,IL,מארז שוופס מוגז פירו,קילוגרמים,1.32,ליטר,false,,11.90,9.0152,true,1,36326
7290017023809,false,"רביעיית ספרינג אגס סברס תפוח 250 מ""ל",יפאורה תבורי,IL,מארז ספרינג אגס סברס,קילוגרמים,1.00,ליטר,false,,11.90,11.9000,true,1,47352
7290017023816,false,"רביעיית ספרינג פירות טרופיים 250 מ""ל",יפאורה תבורי,IL,מארז ספרינג פירות טר,קילוגרמים,1.00,ליטר,false,,11.90,11.9000,true,1,47353
7290017023823,false,"רביעיית ספרינג תות בננה 250 מ""ל",יפאורה תבורי,IL,מארז ספרינג תות בננה,קילוגרמים,1.00,ליטר,false,,11.90,11.9000,true,1,47354
7290017023854,false,מי סודה בקבוקים אישיים - מארז 4 יח',יפאורה תבורי בעמ,IL,מארז שוופס סודה 4*25,קילוגרמים,1.00,ליטר,false,,10.90,10.9000,true,1,43168
7290017023861,false,סודה בטעם לימון בקבוקים אישיים - מארז 4 יח',יפאורה תבורי בעמ,IL,מארז שוופס סודה לימו,קילוגרמים,1.00,ליטר,false,,10.90,10.9000,true,1,43170
7290017023878,false,סודה בטעם נענע ליים בקבוקים אישיים - מארז 4 יח',יפאורה תבורי בעמ,IL,מארז שוופס סודה נענע,קילוגרמים,1.00,ליטר,false,,10.90,10.9000,true,1,43169
7290017062686,false,מרכך כביסה מרוכז בייבי טאצ 1ל',סאסאטק,IL,מרכך מרוכז טאצ' בייב,קילוגרמים,1.00,ליטר,false,,9.90,9.9000,true,1,63443
7290017062693,false,מרכך כביסה מרוכז לבן טאצ 1ל',סאסאטק,IL,מרכך מרוכז טאצ' לבן,קילוגרמים,1.00,ליטר,false,,9.90,9.9000,true,1,63444
7290017062709,false,מרכך כביסה מרוכז בורדו טאצ 1ל',סאסאטק,IL,מרכך מרוכז טאצ' בורד,קילוגרמים,1.00,ליטר,false,,9.90,9.9000,true,1,63445
7290017062716,false,מרכך כביסה מרוכז ורוד טאצ 1ל',סאסאטק,IL,מרכך מרוכז טאצ' ורוד,קילוגרמים,1.00,ליטר,false,,9.90,9.9000,true,1,63446
7290017065007,false,פרוסות גבינה מוצרלה חצי קשה 22% שומן 200 ג' גד,מחלבות גד בעמ,IL,גבינת מוצרלה פרוסות,גרמים,200.00,100 גרם,false,,17.90,0.0895,true,1,27667
7290017065137,false,ריקוטה למריחה 5% טבעית 200 גרם - רובין,האי נאם סי או אל.טי.,IL,גבינת ריקוטה 5% גד 2,גרמים,250.00,100 גרם,false,,9.90,0.0396,true,1,31963
7290017065144,false,גבינת ריקוטה למריחה 5% בזיליקום 200ג' גד,האי נאם סי או אל.טי.,IL,גבינת ריקוטה בזיליקו,גרמים,250.00,100 גרם,false,,9.90,0.0396,true,1,31964
7290017065168,false,גבינה כחלוה 100 גרם בית יוסף,מחלבות גד,DK,גבינה כחולה 30% גד 1,גרמים,100.00,100 גרם,false,,14.90,0.1490,true,1,33265
7290017065212,false,גבינת קרם מסקרפונה מחלבות גד 250 גר,מיוצר עי קוד יצרן ED,IL,קרם מסקרפונה 38% גד,גרמים,250.00,100 גרם,false,,19.90,0.0796,true,1,50904
7290017065304,false,גבינת שמנת 30% טבעי ניו יורק 200 ג',מחלבות גד,IL,גבינת שמנת טבעי 30%,גרמים,200.00,100 גרם,false,,14.90,0.0745,true,1,33266
7290017065588,false,יוגורט יווני 10% שומן 600 ג' גד,"מיוצר ע""י קוד יצרן M",IL,יוגורט יווני 10% גד,גרמים,600.00,100 גרם,false,,15.90,0.0265,true,1,51048
7290017065618,false,גבינת פקורינו פרוס מחלב כבשים,הנסיך- מפעל לייצור ט,ES,גבינת פקורינו פרוס 3,גרמים,150.00,100 גרם,false,,20.90,0.1393,true,1,51041
7290017065649,false,קרם פטיסייר מחלבות ג,מיוצר עי קוד יצרן ED,IL,קרם פטיסייר גד 250 ג,גרמים,250.00,100 גרם,false,,20.90,0.0836,true,1,50905
7290017065786,false,גבינת צ'דר אנגלית גד 210 ג',מחלבות גד,IL,גבינת צ'דר גד 200 גר,גרמים,200.00,100 גרם,false,,19.90,0.0995,true,1,59754
7290017065878,false,מק אנד צ'יז 200 גרם בית יוסף,מחלבות גד,IL,מק אנד צ'יז רוטב לפ,גרמים,200.00,100 גרם,false,,13.60,0.0680,true,1,62513
7290017065960,false,"רוטב פורצ`יני גד, 200 גרם",מחלבות גד,IL,רוטב פורצ'יני ריקוטה,גרמים,200.00,100 גרם,false,,14.90,0.0745,true,1,64866
7290017068015,false,סוכריות ג'לי לחנוכה מארז 200ג',מיה תעשיות מזון בעמ,IL,סוכריות גלי חנוכה מי,גרמים,200.00,100 גרם,false,,9.90,0.0495,true,1,39165
7290017068138,true,שקד מולבן שבבים 250,,,שקד מולבן שבבים 250,גרמים,0.00,100 גרם,false,,22.90,0.0000,true,1,32351
7290017068206,false,צימוקים בהירים בקרטון 350 גר' מיה,מיה תעשיות מזון בעמ,IL,צימוק לבן 350 גרם,גרמים,350.00,100 גרם,false,,14.90,0.0426,true,1,50024
7290017068213,false,חמוציות חתוכות 350 גר' מיה,מיה תעשיות מזון בעמ,IL,חמוציות חתוכות מיה 3,גרמים,350.00,100 גרם,false,,14.90,0.0426,true,1,50025
7290017068237,false,שזיפים ללא גלעין בקרטון 350 גר' מיה,מיה תעשיות מזון בעמ,IL,שזיף מיובש ללא גלעין,גרמים,350.00,100 גרם,false,,14.90,0.0426,true,1,50027
7290017068374,false,שמרים בוואקום 500 גר',angle yeast co ltd,CN,שמרים יבשים מיה 500,גרמים,500.00,100 גרם,false,,9.90,0.0198,true,1,45607
7290017068541,false,אגוזים גרוסים מיה 30,מיה תעשיות מזון בעמ,IL,אגוזים גרוסים מיה 30,גרמים,300.00,100 גרם,false,,19.90,0.0663,true,1,44725
7290017068558,false,שקדים טחונים מיה 300,מיה תעשיות מזון בעמ,IL,שקדים טחונים מיה 300,גרמים,300.00,100 גרם,false,,22.90,0.0763,true,1,44730
7290017068565,false,שקדים גרוסים מיה 300,מיה תעשיות מזון בעמ,IL,שקדים גרוסים מיה 300,גרמים,300.00,100 גרם,false,,14.90,0.0497,true,1,44731
7290017068596,false,שקד מולבן פרוס מיה 3,מיה תעשיות מזון בעמ,IL,שקד מולבן פרוס מיה 3,גרמים,300.00,100 גרם,false,,24.90,0.0830,true,1,44753
7290017068602,false,שקד מולבן שבבים מיה,מיה תעשיות מזון בעמ,IL,שקד מולבן שבבים מיה,גרמים,300.00,100 גרם,false,,24.90,0.0830,true,1,44762
7290017068626,false,אגוז פקאן טבעי מיה 2,מיה תעשיות מזון בעמ,IL,אגוז פקאן טבעי מיה 2,גרמים,200.00,100 גרם,false,,22.90,0.1145,true,1,44756
7290017068640,false,אגוז מלך טבעי מיה 20,מיה תעשיות מזון בעמ,IL,אגוז מלך טבעי מיה 20,גרמים,200.00,100 גרם,false,,14.90,0.0745,true,1,44754
7290017068657,false,פקאן סיני מיה 200 גר,מיה תעשיות מזון בעמ,IL,פקאן סיני מיה 200 גר,גרמים,200.00,100 גרם,false,,22.90,0.1145,true,1,44757
7290017068664,false,גרעין חמניה קלוף מיה,מיה תעשיות מזון בעמ,IL,גרעין חמניה קלוף מיה,גרמים,200.00,100 גרם,false,,6.90,0.0345,true,1,44755
7290017068671,false,צנובר מיה 150 גרם,מיה תעשיות מזון בעמ,IL,צנובר מיה 150 גרם,גרמים,150.00,100 גרם,false,,32.90,0.2193,true,1,44760
7290017068688,false,גרעין דלעת קלוף מיה,מיה תעשיות מזון בעמ,IL,גרעין דלעת קלוף מיה,גרמים,150.00,100 גרם,false,,7.90,0.0527,true,1,44758
7290017068725,false,תערובת קטניות לחמין,מיה תעשיות מזון בעמ,IL,תערובת קטניות לחמין,פריט,1.40,"ק""ג",false,,19.90,14.2143,true,1,49054
7290017068749,false,חטיף תן צאפ טבעות 12,מיה תעשיות מזון בעמ,IL,חטיף תן צאפ טבעות 12,גרמים,120.00,100 גרם,false,,4.90,0.0408,true,1,48904
7290017068954,false,"אורז בסמטי סלקטד 1 ק""ג",מיה תעשיות מזון בעמ,IL,אורז בסמטי סלקטד 1 ק,פריט,1.00,"ק""ג",false,,11.90,11.9000,true,1,52462
7290017079189,false,אננס חתיכות דקות במיץ אננס 825 גר',פ.ת גרייט פנאפל,ID,לפתן אננס חתוך דק טע,גרמים,825.00,100 גרם,false,,9.90,0.0120,true,1,51668
7290017079677,false,שוקולד חלב טעמן 270,מילאנו ספולקה זד,PL,שוקולד חלב טעמן 270,גרמים,270.00,100 גרם,false,,11.90,0.0441,true,1,55111
7290017079684,false,שוקולד מריר טעמן 270,מילאנו ספולקה זד,PL,שוקולד מריר טעמן 270,גרמים,270.00,100 גרם,false,,11.90,0.0441,true,1,55112
7290017079707,false,שוקולד מריר עם אגוזים 270 גר',מילאנו ספולקה זד,PL,שוקולד מריר עם אגוזי,גרמים,270.00,100 גרם,false,,11.90,0.0441,true,1,55114
7290017079714,false,שוקולד חלב עם בוטנים 270 גר',מילאנו ספולקה זד,PL,שוקולד חלב עם בוטנים,גרמים,270.00,100 גרם,false,,11.90,0.0441,true,1,55115
7290017084985,true,בצל קצוץ מטוגן סאבור,,,בצל קצוץ מטוגן סאבור,גרמים,0.00,100 גרם,false,,9.90,0.0000,true,1,45605
7290017084992,true,בצל קצוץ מוזהב סאבור,,,בצל קצוץ מוזהב סאבור,גרמים,0.00,100 גרם,false,,9.90,0.0000,true,1,45606
7290017088426,false,מגבונים קשת עבים פרי,D.P.L,IL,מגבונים קשת עבים פרי,Unknown,0.00,יחידה,false,,19.90,0.0000,true,1,51319
7290017088464,false,תחבושות סופגנית מקסי לונג טופ פד 20 יח',D.P.L,IT,תחבושות טופ פד סופגנ,Unknown,0.00,יחידה,false,,14.90,0.0000,true,1,52768
7290017094830,false,סלט גזר ברוטב פיקנטי אסלי שמיר 400 ג',סלטי שמיר 2006 בעמ,IL,סלט גזר פיקנטי אסלי,גרמים,400.00,100 גרם,false,,10.90,0.0273,true,1,40461
7290017094847,false,סלט תפוחי אדמה אסלי שמיר 400 ג',סלטי שמיר 2006 בעמ,IL,סלט תפוא אסלי 400 גר,גרמים,400.00,100 גרם,false,,10.90,0.0273,true,1,40460
7290017094854,false,סלט קולסלאו אסלי שמיר 400 ג',סלטי שמיר 2006 בעמ,IL,סלט קולסלאו אסלי 400,גרמים,400.00,100 גרם,false,,10.90,0.0273,true,1,40462
7290017094861,false,חומוס עם רוטב מסבחה אסלי שמיר 400 ג',סלטי שמיר 2006 בעמ,IL,סלט חומוס מסבחה אסלי,גרמים,400.00,100 גרם,false,,10.90,0.0273,true,1,40459
7290017100395,false,כפפות לטקס 100 יח' S פרפקט,פאלאס,ID,כפפות לטקס עם אבקה מ,Unknown,0.00,יחידה,false,,16.90,0.0000,true,1,64807
7290017100401,false,כפפות לטקס עם אבקה 100 יח מידה M,פאלאס,ID,כפפות לטקס עם אבקה פ,Unknown,0.00,יחידה,false,,16.90,0.0000,true,1,64819
7290017100418,false,כפפות חד פעמי לטיקס L 1/10 עם אבקה,פאלאס,ID,כפפות לטקס עם אבקה מ,Unknown,0.00,יחידה,false,,16.90,0.0000,true,1,64808
7290017105369,false,סירופ דיאט אייס תה אפרסק 1 ליטר,זנלכל,IL,סירופ יכין אייס תה ד,קילוגרמים,1.00,ליטר,false,,17.90,17.9000,true,1,45596
7290017105895,false,גרגרי חומוס להכנת חומוס 550 גרם יכין,זנלכל,IL,גרגירי חומוס להכנת ח,גרמים,560.00,100 גרם,false,,9.90,0.0177,true,1,55382
7290017121048,false,פלפל צ'ומה 250 גרם עללחם,"מדשא תעשיות מזון בע""",IL,פלפל צ'ומה עללחם 250,גרמים,250.00,100 גרם,false,,12.90,0.0516,true,1,49087
7290017121086,false,"אריסה ביתית מתוקה עללחם, 250 גרם","מדשא תעשיות מזון בע""",IL,אריסה מתוקה עללחם 25,גרמים,250.00,100 גרם,false,,12.90,0.0516,true,1,61262
7290017121093,false,אריסה חריפה 250 גרם עללחם,"מדשא תעשיות מזון בע""",IL,אריסה חריפה עללחם 25,גרמים,250.00,100 גרם,false,,12.90,0.0516,true,1,49088
7290017129495,false,אגו מיקס כדורי תירס מצופים שוקולד חלב 55 גר,כרמית,IL,אגו מיקס כדורים שוקו,גרמים,55.00,100 גרם,false,,3.90,0.0709,true,1,31375
7290017129501,false,אגו מיקס כדורי תירס מצופים שוקולד לבן 55 גר,כרמית,IL,אגו מיקס כדורים שוקו,גרמים,55.00,100 גרם,false,,3.90,0.0709,true,1,31377
7290017129518,false,כדורים פריכים מצופים שוקולדחלב ולבן אגו מיקס,כרמית,IL,אגו מיקס כדורים שוקו,גרמים,55.00,100 גרם,false,,3.90,0.0709,true,1,31376
7290017129778,false,"שוקולד פרימיום 70% בטעם קפה בד""ץ 100 גר'",כרמית תעשיות ממתקים,IL,שוקולד אגו מריר 70%,גרמים,100.00,100 גרם,false,,7.80,0.0780,true,1,62376
7290017129822,false,מטבעות שוקולד מריר 36 ג' !..,כרמית,IL,מטבעות שוקולד מריר כ,גרמים,36.00,100 גרם,false,,3.90,0.1083,true,1,39085
7290017129839,false,"שוקולד פרימיום 70% בטעם פטל בד""ץ 100 גר'.",כרמית תעשיות ממתקים,IL,שוקולד אגו מריר 70%,גרמים,100.00,100 גרם,false,,7.80,0.0780,true,1,62380
7290017129884,false,חמישיות שוקולד מריר 44% 85 גר*5*12 בקרטון,,,שוקולד אגו מריר 5*85,גרמים,425.00,100 גרם,false,,14.90,0.0351,true,1,55747
7290017142166,false,פילה טונה בשמן זית עץ הזית 120 גר',"יוניקורד ח.צ בע""מ",TH,פילה טונה בשמן זית ע,גרמים,120.00,100 גרם,false,,14.90,0.1242,true,1,47533
7290017142180,false,פילה פרוס ושמן זית בנגיעות טעם לימון ופלפל שחור,"יוניקורד ח.צ בע""מ",TH,פילה טונה בשמן זית ו,גרמים,120.00,100 גרם,false,,14.90,0.1242,true,1,47534
7290017142203,false,פילה טונה בשמן זית בטעם מעושן עץ המוצר 120 ג',"יוניקורד ח.צ בע""מ",TH,פילה טונה בשמן זית מ,גרמים,120.00,100 גרם,false,,14.90,0.1242,true,1,47535
7290017266886,false,גליליות ופל במילוי ק,עלמה,IL,גליליות ופל במילוי ק,גרמים,500.00,100 גרם,false,,11.90,0.0238,true,1,60433
7290017266893,false,גליליות ופל במילוי ק,עלמה,IL,גליליות ופל במילוי ק,גרמים,500.00,100 גרם,false,,11.90,0.0238,true,1,60434
7290017266909,false,"וופל במילוי קרם שוקולד, 200 ג SUN",,IL,ופלים בטעם שוקולד עם,גרמים,200.00,100 גרם,false,,3.90,0.0195,true,1,63707
7290017275338,false,טחינה גולמית 500 גרם-טורקיז,אחדות ביחר לטחינה חל,IL,טחינה טורקיז 500 גרם,גרמים,500.00,100 גרם,false,,12.90,0.0258,true,1,58995
7290017275345,false,טחינה אחווה בבקבוק לחיץ 350 גר',אחדות ביחר לטחינה חל,IL,טחינה אחוה לחיץ 350,גרמים,350.00,100 גרם,false,,8.90,0.0254,true,1,60394
7290017275369,false,טחינה משומשום מלא 500 גרם-טורקיז,אחדות ביחר לטחינה חל,IL,טחינה שומשום מלא טור,גרמים,500.00,100 גרם,false,,12.90,0.0258,true,1,58996
7290017275413,false,מיני קצפיות בטעם וניל 140 גר',אחדות ביחר לטחינה חל,IL,מיני קצפיות בטעם וני,גרמים,140.00,100 גרם,false,,9.90,0.0707,true,1,60395
7290017275420,false,מיני קצפיות בטעם תות 140 גר',אחדות ביחר לטחינה חל,IL,מיני קצפיות בטעם תות,גרמים,140.00,100 גרם,false,,9.90,0.0707,true,1,60396
7290017275437,false,מיני קצפיות בטעם פירות יער 140 גר',אחדות ביחר לטחינה חל,IL,מיני קצפיות בטעם פיר,גרמים,140.00,100 גרם,false,,9.90,0.0707,true,1,60397
7290017275444,false,מיני קצפיות בטעם ענבים 140 גר',אחדות ביחר לטחינה חל,IL,מיני קצפיות בטעם ענב,גרמים,140.00,100 גרם,false,,9.90,0.0707,true,1,60398
7290017275499,false,"סירופ בטעם אננס 900 מ""ל אחוה",אחדות ביחר לטחינה חל,IL,סירופ אחוה בטעם אננס,מיליליטרים,900.00,"100 מ""ל",false,,14.90,0.0166,true,1,60634
7290017275505,false,"סירופ בטעם פטל 900 מ""ל אחוה",אחדות ביחר לטחינה חל,IL,סירופ אחוה בטעם פטל,מיליליטרים,900.00,"100 מ""ל",false,,14.90,0.0166,true,1,60635
7290017285702,false,"סרקל מתיר קשרים רוזמרין 325 מ""ל ד""ר פישר",פישר מעבדות פרמצבטיו,IL,"סרקל קרם רוזמרין ד""ר",גרמים,325.00,100 גרם,false,,22.90,0.0705,true,1,48492
7290017285733,false,"מרכך סרקל ד""ר פישר 2",פישר מעבדות פרמצבטיו,IL,"מרכך סרקל ד""ר פישר 2",קילוגרמים,2.00,ליטר,false,,35.90,17.9500,true,1,48493
7290017285764,false,"ד""ר פישר - סרקל שמפו לילדים 2 ליטר",פישר מעבדות פרמצבטיו,IL,"שמפו סרקל ד""ר פישר 2",קילוגרמים,2.00,ליטר,false,,35.90,17.9500,true,1,48494
7290017289182,false,יין לבן חצי יבש-ישראלי,יקב טפרברג 1870 בעמ,IL,יין ישראלי לבן חצי י,מיליליטרים,750.00,"100 מ""ל",false,,19.90,0.0265,true,1,43221
7290017289199,false,"יין ישראלי לבן יבש 750 מ""ל",יקב טפרברג 1870 בעמ,IL,יין ישראלי לבן יבש,מיליליטרים,750.00,"100 מ""ל",false,,19.90,0.0265,true,1,43220
7290017291628,false,אנדיב כרמל 225 גרם,,IL,אנדיב כרמל 225 גרם,גרמים,225.00,100 גרם,false,,9.90,0.0440,true,1,65601
7290017303369,false,עוגיות פריכות נטיפים,מאפיית א.ש.ייצור ושי,IL,עוגיות פריכות נטיפים,גרמים,500.00,100 גרם,false,,11.50,0.0230,true,1,32239
7290017303420,false,"בורקס תפו""א בון בייק",מאפיית אריאל,IL,"בורקס תפו""א בון בייק",פריט,1.40,"ק""ג",false,,16.90,12.0714,true,1,40448
7290017303437,false,בורקס גבינה בון בייק,מאפיית אריאל,IL,בורקס גבינה בון בייק,פריט,1.20,"ק""ג",false,,16.90,14.0833,true,1,40447
7290017303444,false,גחנון בון בייקרי 1.2,מאפיית אריאל,IL,גחנון בון בייקרי 1.2,פריט,1.20,"ק""ג",false,,16.90,14.0833,true,1,40449
7290017303451,false,מלוואח בון בייקרי 1.,מאפיית אריאל,IL,מלוואח בון בייקרי 1.,פריט,1.20,"ק""ג",false,,16.90,14.0833,true,1,40446
7290017304779,true,לחמניות אחדות 10 יחי,,,לחמניות אחדות 10 יחי,גרמים,0.00,100 גרם,false,,9.90,0.0000,true,1,39043
7290017304786,true,לחמניות קמח מלא אחדו,,,לחמניות קמח מלא אחדו,גרמים,0.00,100 גרם,false,,9.90,0.0000,true,1,41398
7290017304885,false,לחם שיפון מחיטה מלאה ללא תוספת סוכר 750 ג' אנג'ל,מאפית אנגל,IL,לחם שיפון וחיטה מלאה,גרמים,750.00,100 גרם,false,,16.90,0.0225,true,1,47337
7290017339610,false,חלה בריוש 6 כדורים ה,המחמצת,IL,חלה בריוש 6 כדורים ה,גרמים,600.00,100 גרם,false,,15.90,0.0265,true,1,53847
7290017339627,false,חלת בריוש כתר המחמצת,המחמצת,IL,חלת בריוש כתר המחמצת,גרמים,550.00,100 גרם,false,,16.90,0.0307,true,1,53848
7290017396002,false,לחמניות כוסמין המחמצ,המחמצת,IL,לחמניות כוסמין המחמצ,גרמים,400.00,100 גרם,false,,16.90,0.0422,true,1,64088
7290017396033,false,בייגל רומני המחמצת 4,המחמצת,IL,בייגל רומני המחמצת 4,גרמים,450.00,100 גרם,false,,16.90,0.0376,true,1,60954
7290017396071,false,לחמניות המבורגר פרימ,המחמצת,IL,לחמניות המבורגר פרימ,גרמים,380.00,100 גרם,false,,15.90,0.0418,true,1,59812
7290017396101,false,לחם גזר תבנית המחמצת,המחמצת,IL,לחם גזר תבנית המחמצת,גרמים,560.00,100 גרם,false,,16.90,0.0302,true,1,53850
7290017396163,false,לחם שיפון 70% אובלי,המחמצת,IL,לחם שיפון 70% אובלי,גרמים,560.00,100 גרם,false,,15.90,0.0284,true,1,53852
7290017396170,false,לחם שאור איטלקי המחמ,המחמצת,IL,לחם שאור איטלקי המחמ,גרמים,560.00,100 גרם,false,,15.90,0.0284,true,1,53853
7290017396187,false,לחם קלמטה אובלי המחמ,המחמצת,IL,לחם קלמטה אובלי המחמ,גרמים,560.00,100 גרם,false,,16.90,0.0302,true,1,53854
7290017396217,false,לחם דגנים אובלי המחמ,המחמצת,IL,לחם דגנים אובלי המחמ,גרמים,560.00,100 גרם,false,,15.90,0.0284,true,1,53855
7290017396224,false,לחם כוסמין אובלי המח,המחמצת,IL,לחם כוסמין אובלי המח,גרמים,560.00,100 גרם,false,,15.90,0.0284,true,1,53856
7290017396248,false,לחמניות מיני המבורגר,המחמצת,IL,לחמניות מיני המבורגר,גרמים,400.00,100 גרם,false,,15.90,0.0398,true,1,59814
7290017396286,false,מיני בייגל ירושלמי 4,המחמצת,IL,מיני בייגל ירושלמי 4,גרמים,450.00,100 גרם,false,,16.90,0.0376,true,1,60955
7290017396293,false,לחם כפרי צרפתי אובלי,המחמצת,IL,לחם כפרי צרפתי אובלי,גרמים,560.00,100 גרם,false,,15.90,0.0284,true,1,53857
7290017396309,false,באגט שאור איטלקי המח,המחמצת,IL,באגט שאור איטלקי המח,גרמים,400.00,100 גרם,false,,9.90,0.0248,true,1,61193
7290017396415,false,ג'בטה דגנים המחמצת 6,המחמצת,IL,ג'בטה דגנים המחמצת 6,גרמים,600.00,100 גרם,false,,15.90,0.0265,true,1,59135
7290017396439,false,ג'בטה לבן 600 גרם,המחמצת,IL,ג'בטה לבן 600 גרם,גרמים,360.00,100 גרם,false,,15.90,0.0442,true,1,59136
7290017396507,false,בייגל חיטה המחמצת 36,המחמצת,IL,בייגל חיטה המחמצת 36,גרמים,360.00,100 גרם,false,,15.90,0.0442,true,1,54439
7290017418612,true,כפתורי שוקולד חלב 20,,,כפתורי שוקולד חלב 20,גרמים,0.00,100 גרם,false,,11.90,0.0000,true,1,50499
7290017418629,true,כפתורי שוקולד לבן 20,,,כפתורי שוקולד לבן 20,גרמים,0.00,100 גרם,false,,11.90,0.0000,true,1,50500
7290017418681,true,משוקלדים במגש מחולק,,,משוקלדים במגש מחולק,Unknown,0.00,יחידה,false,,24.90,0.0000,true,1,49838
7290017457581,false,"סוד מרכך כביסה מרוכז קוקוס 900 מ""ל",הנקל סוד,IL,מרכך סוד מי קוקוס 90,מיליליטרים,900.00,"100 מ""ל",false,,11.90,0.0132,true,1,47723
7290017457727,false,"סוד - מרכך כביסה מרוכז פרש סקיי 900 מ""ל",הנקל סוד,IL,מרכך סוד + בישום כחו,מיליליטרים,900.00,"100 מ""ל",false,,11.90,0.0132,true,1,45644
7290017457734,false,"סוד - מרכך כביסה מרוכז ווילד רוז 900 מ""ל",הנקל סוד,IL,מרכך סוד + בישום ורו,מיליליטרים,900.00,"100 מ""ל",false,,11.90,0.0132,true,1,45645
7290017457925,false,סוד מרכך כביסה מרוכז פרש קונטרול ורוד,הנקל סוד,IL,מרכך סוד פרש קונטרול,מיליליטרים,900.00,"100 מ""ל",false,,11.90,0.0132,true,1,52076
7290017457932,false,סוד מרכך כביסה מרוכז פרש קונטרול כחול,הנקל סוד,IL,מרכך סוד פרש קונטרול,מיליליטרים,900.00,"100 מ""ל",false,,11.90,0.0132,true,1,52077
7290017477169,false,קשיו קלוי ששון הקולה,ששון,IL,קשיו 250 גרם,גרמים,250.00,100 גרם,false,,20.00,0.0800,true,1,33133
7290017513409,false,תה ירוק סופר פיורפל 25 שקיקים,HIQ FOOD PRODUCTS,IL,תה ירוק עם צמחים סגו,גרמים,38.00,100 גרם,false,,22.90,0.6026,true,1,48509
7290017589374,false,יין יוקרתי שרדונה 75,יקבי ברקן,IL,יין לבן פרי ראן שרד,מיליליטרים,750.00,"100 מ""ל",false,,49.90,0.0665,true,1,52325
7290017589565,false,"יין קלאסיק גוורצטרמינר 750 מ""ל.",יקבי ברקן שיווק והפצ,IL,יין קלאסיק גוורצטרמי,מיליליטרים,750.00,"100 מ""ל",false,,27.90,0.0372,true,1,64828
7290017589633,false,יין רזרב קברנה סוביניון Gold Edition,יקבי ברקן Barkan,IL,יין רזרב גולד קברנה,מיליליטרים,750.00,"100 מ""ל",false,,34.90,0.0465,true,1,44371
7290017589923,false,יין לבן פרי ראן גוו,יקבי ברקן,IL,יין לבן פרי ראן גוו,מיליליטרים,750.00,"100 מ""ל",false,,49.90,0.0665,true,1,52326
7290017599250,false,סוכרזית קלאסי 120 שקיות,ביסקול בע''מ,IL,ממתיק סוכרזית קלאסי,גרמים,120.00,100 גרם,false,,15.50,0.1292,true,1,63661
7290017599267,false,סוכרלוז 120 שקיות ממתיק שולחני,סוכרזית Sucrazit,IL,ממתיק סוכרלוז סוכרזי,גרמים,120.00,100 גרם,false,,24.50,0.2042,true,1,63698
7290017599274,false,סוכרזית סטיוויה 120 שקיות,ביסקול בע''מ,IL,ממתיק סוכרזית סטיווי,גרמים,120.00,100 גרם,false,,29.90,0.2492,true,1,63659
7290017599304,false,"סוכרזית סטיוויה כפית לכפית, 400 גרם",ביסקול בעמ,IL,ממתיק סוכרזית סטיווי,גרמים,400.00,100 גרם,false,,33.90,0.0847,true,1,63660
7290017616001,false,שעועית ירוקה שלמה ור,נ.ת.נ.ג.ב החזקות,BE,שעועית ירוקה שלמה ור,גרמים,800.00,100 גרם,false,,6.50,0.0081,true,1,61294
7290017616025,false,שעועית ירוקה חתוכה ו,נ.ת.נ.ג.ב החזקות,BE,שעועית ירוקה חתוכה ו,גרמים,800.00,100 גרם,false,,6.50,0.0081,true,1,61295
7290017616032,false,שעועית צהובה חתוכה ו,נ.ת.נ.ג.ב החזקות,BE,שעועית צהובה חתוכה ו,גרמים,800.00,100 גרם,false,,6.50,0.0081,true,1,61296
7290017616421,false,סטייק טונה קפוא 500,,,סטייק טונה קפוא 500,גרמים,500.00,100 גרם,false,,24.90,0.0498,true,1,57535
7290017616490,false,פילה ברבוניה ארוז 40,,,פילה ברבוניה,Unknown,0.00,יחידה,false,,16.90,0.0000,true,1,64408
7290017616520,false,"במיה אינדירה 1 ק""ג",גרין האוס,EG,"במיה אינדירה 1 ק""ג",פריט,1.00,"ק""ג",false,,13.90,13.9000,true,1,55151
7290017616551,false,אפונה וגזר אינדירה 1,הוראפרוסט,BE,אפונה וגזר אינדירה 1,פריט,1.00,"ק""ג",false,,10.90,10.9000,true,1,55751
7290017616568,false,לקט העונה אינדירה 1,הוראפרוסט,BE,לקט העונה אינדירה 1,פריט,1.00,"ק""ג",false,,10.90,10.9000,true,1,55752
7290017616643,false,תחתיות ארטישוק אינדי,גרין האוס,EG,תחתיות ארטישוק אינדי,פריט,1.00,"ק""ג",false,,19.90,19.9000,true,1,55152
7290017616650,false,לקט לקוסקוס אינדירה,הוראפרוסט,BE,לקט לקוסקוס אינדירה,פריט,1.00,"ק""ג",false,,10.90,10.9000,true,1,55754
7290017616674,false,גזר גמדי אינדירה 1 ק,הוראפרוסט,BE,גזר גמדי אינדירה 1 ק,פריט,1.00,"ק""ג",false,,9.90,9.9000,true,1,55755
7290017616896,false,פולי סויה קלופים שדה,פוגיאן יונילנד פודס,CN,פולי סויה קלופים שדה,גרמים,600.00,100 גרם,false,,9.90,0.0165,true,1,65168
7290017616926,false,"ציפס קלאסי פרנץ פרייז 1.5ק""ג",,,ציפס קלאסי פרנץ פריי,פריט,1.50,"ק""ג",false,,19.90,13.2667,true,1,63646
7290017616933,false,"צ'יפס אמריקאי ארוז, 2.5 ק""ג",,,ציפס אמריקאי פרנץ פר,פריט,1.50,"ק""ג",false,,19.90,13.2667,true,1,63647
7290017616940,false,ציפס זיגזג פרנץ פריי,,,ציפס זיגזג פרנץ פריי,פריט,1.50,"ק""ג",false,,19.90,13.2667,true,1,63648
7290017617046,false,נתחי טונה בשמן זית כתית מעולה רביעיה * 140 ג',דרדנל,TR,טונה בשמן זית ס.ק. 4,גרמים,560.00,100 גרם,false,,24.90,0.0445,true,1,48999
7290017617275,false,שלישיית ממרח טונה סטארקיסט 140*3,סטארקיסט,IL,ממרח טונה ס.ק 3*160,גרמים,480.00,100 גרם,false,,17.90,0.0373,true,1,57353
7290017617282,false,נתחי טונה בהירה בשמן צמחי - מארז 4 יח',טונה וייטנאם קומפני,VN,טונה בשמן יונה 4*140,גרמים,560.00,100 גרם,false,,16.90,0.0302,true,1,64487
7290017618111,false,עוגיות מלבן שקדים עם טריפל שוקולד 180ג',מאפיית אריאל,IL,עוגיות מלבן שקדים עם,גרמים,180.00,100 גרם,false,,18.90,0.1050,true,1,60093
7290017641430,false,מטבעות שוקולד צבעוני,כרמית,IL,מטבעות שוקולד צבעוני,גרמים,360.00,100 גרם,false,,18.90,0.0525,true,1,48391
7290017641522,true,שוקולד חלב נוגט אגוז,,,שוקולד חלב נוגט אגוז,Unknown,0.00,יחידה,false,,5.90,0.0000,true,1,49983
7290017641539,true,שוקולד לבן נוגט אגוז,,,שוקולד לבן נוגט אגוז,Unknown,0.00,יחידה,false,,5.90,0.0000,true,1,49984
7290017641546,true,שוקולד חלב עם קוקוס,,,שוקולד חלב עם קוקוס,Unknown,0.00,יחידה,false,,5.90,0.0000,true,1,49985
7290017641737,false,"שוקולד 70% שברי אגוז 100 גר' כשל""פ. בד""ץ","כד בני דרום בע""מ",IL,שוקולד אגו מריר 70%,גרמים,100.00,100 גרם,false,,7.80,0.0780,true,1,62381
7290017696393,false,בורגר פטריות מן הצומ,מרינה פטריות,IL,בורגר פטריות מן הצומ,גרמים,520.00,100 גרם,false,,27.90,0.0537,true,1,53230
7290017696706,false,פטרוזיליה מהדרין,,,פטרוזיליה מהדרין,Unknown,0.00,יחידה,false,,6.90,0.0000,true,1,58870
7290017696812,false,שורש פטרוזיליה,מרינה,IL,שורש פטרוזיליה,Unknown,0.00,יחידה,false,,4.90,0.0000,true,1,54423
7290017712505,false,"מחית תפו""ע פרינוק 4*",HME,CZ,"מחית תפו""ע פרינוק 4*",גרמים,760.00,100 גרם,false,,16.90,0.0222,true,1,56610
7290017712512,false,"מחית תפו""ע ובננה פרי",HME,CZ,"מחית תפו""ע ובננה פרי",גרמים,760.00,100 גרם,false,,16.90,0.0222,true,1,56611
7290017712536,false,מחית לפתן פירות פרינ,HME,CZ,מחית לפתן פירות פרינ,גרמים,760.00,100 גרם,false,,16.90,0.0222,true,1,56613
7290017812052,false,יין שיראז קברנה סוביניון אקסלנס Excellence,יקבי כרמל Carmel Winery,IL,יין אקסלנס שיראז קבר,מיליליטרים,750.00,"100 מ""ל",false,,21.90,0.0292,true,1,43304
7290017812069,false,יין אמרלד ריזלינג שרדונה אקסלנס Excellence,יקבי כרמל Carmel Winery,IL,יין אקסלנס ריזלינג ש,מיליליטרים,750.00,"100 מ""ל",false,,21.90,0.0292,true,1,43305
7290017812144,false,יין ישן נושן מתוק 63,יקבי כרמל,IL,יין ישן נושן מתוק 63,מיליליטרים,630.00,"100 מ""ל",false,,9.90,0.0157,true,1,43189
7290017812595,false,יין ישן נושן לייט 75,יקבי כרמל Carmel Winery,IL,יין ישן נושן לייט 3.,מיליליטרים,750.00,"100 מ""ל",false,,14.90,0.0199,true,1,56117
7290017812649,false,מיץ ענבים תירוש לבן,יקבי כרמל,IL,מיץ ענבים תירוש לבן,קילוגרמים,1.20,ליטר,false,,20.90,17.4167,true,1,49447
7290017812656,false,תירוש מבעבע מיץ ענבים מבעבע אדום,מנדלז סי.אר. פרודקשן,IL,תירוש מבעבע אדום כרמ,מיליליטרים,750.00,"100 מ""ל",false,,19.90,0.0265,true,1,55289
7290017812847,false,יין סלקטד פרנץ גוורצטרמינר 750 מל,"כד בני דרום בע""מ",IL,יין סלקטד פרנץ גוורצ,מיליליטרים,750.00,"100 מ""ל",false,,28.90,0.0385,true,1,55028
7290017812861,false,"יין וינו לבן יבש 750 מ""ל",קריות זול,IL,יין וינו לבן יבש,מיליליטרים,750.00,"100 מ""ל",false,,17.90,0.0239,true,1,55029
7290017812977,false,"יין לבן מתוק מוגז בטעם אננס, 750 מ""ל",קריות זול,IL,יין באז ספארקלינג אנ,מיליליטרים,750.00,"100 מ""ל",false,,26.90,0.0359,true,1,56796
7290017864648,false,כוסברה בוסתן פרימיום,ברכת קטיף,IL,כוסברה בוסתן פרימיום,Unknown,0.00,יחידה,false,,5.90,0.0000,true,1,51583
7290017864655,false,פטרוזיליה בוסתן פרימ,ברכת קטיף,IL,פטרוזיליה בוסתן פרימ,Unknown,0.00,יחידה,false,,5.90,0.0000,true,1,51584
7290017864662,false,שמיר בוסתן פרימיום,ברכת קטיף,IL,שמיר בוסתן פרימיום,Unknown,0.00,יחידה,false,,5.90,0.0000,true,1,51585
7290017864679,false,נענע בוסתן פרימיום,ברכת קטיף,IL,נענע בוסתן פרימיום,Unknown,0.00,יחידה,false,,5.90,0.0000,true,1,51586
7290017864686,false,סלרי עלים בוסתן,ברכת קטיף,IL,סלרי עלים בוסתן,Unknown,0.00,יחידה,false,,6.90,0.0000,true,1,51578
7290017864709,false,עלי מנגולד,ברכת קטיף,IL,עלי מנגולד,Unknown,0.00,יחידה,false,,5.90,0.0000,true,1,51579
7290017864730,false,לבבות חסה פרימיום בו,ברכת קטיף,IL,לבבות חסה פרימיום בו,Unknown,0.00,יחידה,false,,10.90,0.0000,true,1,51611
7290017864754,false,בצל ירוק בוסתן,ברכת קטיף,IL,בצל ירוק בוסתן,Unknown,0.00,יחידה,false,,5.90,0.0000,true,1,51581
7290017864839,false,לבבות חסה פרימיום נס,ברכת קטיף,IL,לבבות חסה פרימיום נס,Unknown,0.00,יחידה,false,,12.90,0.0000,true,1,51613
7290017871998,false,פודינג וניל טוסו ללא,קריות זול,IL,פודינג וניל טוסו ללא,גרמים,30.00,100 גרם,false,,8.90,0.2967,true,1,60623
7290017884141,false,עוגיות מלוחות קצח שי,מאפיית ישראל חיפה,IL,עוגיות מלוחות קצח שי,גרמים,500.00,100 גרם,false,,11.50,0.0230,true,1,43328
7290017884158,false,עוגיות מלוחות שומשום,מאפיית ישראל חיפה,IL,עוגיות מלוחות שומשום,גרמים,500.00,100 גרם,false,,11.50,0.0230,true,1,43329
7290017884165,false,כעכים קקאו שירה 500,מאפיית ישראל חיפה,IL,כעכים קקאו שירה 500,גרמים,500.00,100 גרם,false,,11.50,0.0230,true,1,48611
7290017884172,false,עוגיות מרוקאיות שירה,מאפיית ישראל חיפה,IL,עוגיות מרוקאיות שירה,גרמים,500.00,100 גרם,false,,11.50,0.0230,true,1,43333
7290017884189,false,כעכים מצופים שירה 50,מאפיית ישראל חיפה,IL,כעכים מצופים שירה 50,גרמים,500.00,100 גרם,false,,11.50,0.0230,true,1,49051
7290017884257,false,עוגיות כתר שירה 600,מאפיית ישראל חיפה,IL,עוגיות כתר שירה 600,גרמים,600.00,100 גרם,false,,11.50,0.0192,true,1,48612
7290017884264,false,עוגיות שוקוציפס שירה,מאפיית ישראל חיפה,IL,עוגיות שוקוציפס שירה,גרמים,600.00,100 גרם,false,,11.50,0.0192,true,1,43334
7290017884271,false,עוגיות שוקוציפס לבן,מאפיית ישראל חיפה,IL,עוגיות שוקוציפס לבן,גרמים,600.00,100 גרם,false,,11.50,0.0192,true,1,43335
7290017884295,false,מקלות מסוכרים במילוי,מאפיית ישראל חיפה,IL,מקלות מסוכרים במילוי,גרמים,400.00,100 גרם,false,,11.50,0.0288,true,1,48908
7290017884356,false,עוגיות כעכים מרוקאיו,מאפיית ישראל חיפה,IL,עוגיות כעכים מרוקאיו,גרמים,500.00,100 גרם,false,,11.50,0.0230,true,1,48909
7290017884370,false,עוגיות בטעם חלוה שיר,מאפיית ישראל חיפה,IL,עוגיות בטעם חלוה שיר,גרמים,500.00,100 גרם,false,,11.50,0.0230,true,1,43336
7290017884394,false,עוגיות בישקוטים מסוכ,מאפיית ישראל חיפה,IL,עוגיות בישקוטים מסוכ,גרמים,500.00,100 גרם,false,,11.50,0.0230,true,1,43337
7290017884400,false,עוגיות מצופות טעם שו,מאפיית ישראל חיפה,IL,עוגיות מצופות טעם שו,גרמים,500.00,100 גרם,false,,11.50,0.0230,true,1,48664
7290017884417,false,עוגיות דניות בטעם חמ,מאפיית ישראל חיפה,IL,עוגיות דניות בטעם חמ,גרמים,500.00,100 גרם,false,,11.50,0.0230,true,1,43339
7290017884448,false,עוגיות פריכות מצופות,מאפיית ישראל חיפה,IL,עוגיות פריכות מצופות,גרמים,500.00,100 גרם,false,,11.50,0.0230,true,1,49052
7290017884530,false,בישקוטים מצופים שירה,מאפיית ישראל חיפה,IL,בישקוטים מצופים שירה,גרמים,500.00,100 גרם,false,,11.50,0.0230,true,1,49053
7290017884547,false,עוגיות כתר במילוי תו,מאפיית ישראל חיפה,IL,עוגיות כתר במילוי תו,גרמים,500.00,100 גרם,false,,11.50,0.0230,true,1,48606
7290017888095,false,"רביעיית פחיות שוופס מוגז עדין פירות יער 330 מ""ל.",יפאורה תבורי,IL,מארז שוופס פירות יער,קילוגרמים,1.32,ליטר,false,,11.90,9.0152,true,1,45787
7290017888101,false,"שוויפס מוגז עדין אפרסק מארז רביעייה* 330 מ""ל",יפאורה תבורי,IL,מארז שוופס אפרסק 4*3,קילוגרמים,1.32,ליטר,false,,11.90,9.0152,true,1,45788
7290017918723,false,סלק מבושל בוואקום 500 גר',אראל תוצרת חקלאית בע,IL,סלק בוואקום 500 גרם,גרמים,500.00,100 גרם,false,,5.90,0.0118,true,1,54374
7290017918730,false,סלק אדום בוואקום 1 ק,אראל תוצרת חקלאית בע,IL,סלק אדום בוואקום 1 ק,פריט,1.00,"ק""ג",false,,9.90,9.9000,true,1,52928
7290017928234,false,גריסיני בייטס בצל מא,מאיר בייגל,IL,גריסיני בייטס בצל מא,גרמים,175.00,100 גרם,false,,7.90,0.0451,true,1,51480
7290017928296,false,שברי בייגלה בטעם דבש חרדל ובצל 300 גר' מאיר את בייגל,סבימקס,BG,שברי בייגלה בטעם דבש,גרמים,300.00,100 גרם,false,,11.90,0.0397,true,1,62961
7290017928494,false,שברי בייגלה בטעם צדר 300 גר' מאיר את בייגל,סבימקס,BG,שברי בייגלה בטעם צ'ד,גרמים,300.00,100 גרם,false,,11.90,0.0397,true,1,62962
7290017928838,false,בייגל מאיר גריסיני ב,מאיר בייגל,IL,גריסיני בייטס זיתים,גרמים,175.00,100 גרם,false,,7.90,0.0451,true,1,51483
7290017932057,false,תחתית אפויה לפאי 170,הנדריקס פוד,US,תחתית אפויה לפאי 170,גרמים,170.00,100 גרם,false,,6.90,0.0406,true,1,49538
7290017941073,false,סוכר לבן אלומות 1 ק,,,סוכר לבן אלומות 1 ק,פריט,1.00,"ק""ג",false,,4.50,4.5000,true,1,64553
7290017946375,false,סוד - סבון אסלה בניחוח לימון אוקיינוס רביעיות,הנקל סוד,IL,כדוריות סוד לאסלה לי,גרמים,150.00,100 גרם,false,,19.90,0.1327,true,1,52078
7290017946573,false,סוד - סבון אסלה בניחוח פרחים רביעיות,הנקל סוד,IL,כדוריות סוד לאסלה פר,גרמים,150.00,100 גרם,false,,19.90,0.1327,true,1,52079
7290017947105,false,לחם בסגנון אמריקה 500 גר',מאפיית שלמה א. אנג'ל,IL,לחם אנגל בסגנון אמרי,גרמים,500.00,100 גרם,false,,9.90,0.0198,true,1,49670
7290017947464,false,מארז 8 פיתות מקמח כוסמין מלא 400ג',"איטיליאן פוד, אס.פי.",IL,פיתות כוסמין אנג'ל 8,גרמים,400.00,100 גרם,false,,14.90,0.0373,true,1,53241
7290017947495,false,לחמניות כוסמין 450 ג' אנג'ל,"איטיליאן פוד, אס.פי.",IL,לחמניות כוסמין אנגל,גרמים,450.00,100 גרם,false,,15.90,0.0353,true,1,54334
7290017947891,false,לחם כוסמין וחיטה מלאה 750 ג' אנג'ל,מאפיית שלמה א. אנג'ל,IL,לחם כוסמין וחיטה מלא,גרמים,750.00,100 גרם,false,,16.90,0.0225,true,1,49598
7290017947921,false,לחמניות המבורגר בסגנון אמריקאי מארז 6 יח',מאפיית שלמה א. אנג'ל,IL,לחמניות המבורגר אנגל,גרמים,450.00,100 גרם,false,,14.90,0.0331,true,1,49881
7290017947938,false,מיני לחמניות המבורגר בסגנון אמריקה 400 ג' אנג'ל,מאפיית שלמה א. אנג'ל,IL,לחמניות מיני המבורגר,גרמים,400.00,100 גרם,false,,14.90,0.0373,true,1,56955
7290017978215,false,קרמבו ריאו בטעם מוקה 16יח',"גלידות ריאו ביח""ר לג",IL,קרמבו בטעם מוקה ריאו,גרמים,480.00,100 גרם,false,,21.50,0.0448,true,1,52635
7290017978246,false,שמיניות קרח ללא סוכר בטעם תות LIGHTICE,"גלידות ריאו ביח""ר לג",IL,קרחוני לייט בטעם תות,גרמים,720.00,100 גרם,false,,14.50,0.0201,true,1,63625
7290017978437,false,טילוני ריאו וניל 7 י,"גלידות ריאו ביח""ר לג",IL,טילוני ריאו וניל 7 י,גרמים,525.00,100 גרם,false,,19.90,0.0379,true,1,56589
7290017978642,false,טילוני ריאו ריבת חלב,"גלידות ריאו ביח""ר לג",IL,טילוני ריאו ריבת חלב,גרמים,525.00,100 גרם,false,,19.90,0.0379,true,1,56590
7290017978857,false,מאגדת שלגונים בטעם וניל קראנצי 6*80 ג' ריאו,"גלידות ריאו ביח""ר לג",IL,שלגוני קרנצ'י מצופרו,גרמים,480.00,100 גרם,false,,18.90,0.0394,true,1,63469
7290018045138,false,דגני בוקר קוקו פאבלס,פוסט לקיוויל,US,דגני בוקר קוקו פאבלס,גרמים,311.00,100 גרם,false,,19.90,0.0640,true,1,63927
7290018045336,false,דגני בוקר פרוטי פאבל,פוסט לקיוויל,US,דגני בוקר פרוטי פאבל,גרמים,311.00,100 גרם,false,,19.90,0.0640,true,1,63928
7290018045732,false,דגני בוקר עם פירורי,פוסט לקיוויל,US,דגני בוקר עם פירורי,גרמים,311.00,100 גרם,false,,19.90,0.0640,true,1,63929
7290018091029,false,מקלות פילו תפוחי אדמה מעדנות 450 ג',"מעדנות בע""מ",IL,"מקלות פילו תפו""א מעד",גרמים,450.00,100 גרם,false,,14.90,0.0331,true,1,51828
7290018091616,false,מקלות פילו גבינה מעדנות 450 ג',מיוצר עי קונדיטוריית,IL,מקלות פילו גבינה מעד,גרמים,450.00,100 גרם,false,,14.90,0.0331,true,1,51830
7290018115039,false,אבוקדו מוכן לאכילה,אראל תוצרת חקלאית בע,IL,אבוקדו מוכן לאכילה,Unknown,0.00,יחידה,false,,5.90,0.0000,true,1,52930
7290018131756,false,נסטלה מאגדת שלגון וניל תות 8*55 גר',גלידות נסטלה,IL,שלגוני וניל מצופה תו,גרמים,440.00,100 גרם,false,,22.90,0.0520,true,1,56159
7290018131855,false,אקסטרים טילון בראוניז בדצ 6*72ג,גלידות נסטלה (נגה גל,IL,טילוני אקסטרים בראונ,גרמים,432.00,100 גרם,false,,23.90,0.0553,true,1,56956
7290018131893,false,מאג אקסטרים טילון פק,גלידות נסטלה (נגה גל,IL,טילוני אקסטרים פקאן,גרמים,432.00,100 גרם,false,,23.90,0.0553,true,1,56958
7290018131954,false,קרחון שרבט פרווה לה פרוטה תות שדה ושוקולד מריר,גלידות נסטלה Nestle,IL,שלגוני לה פרוטה תות,גרמים,350.00,100 גרם,false,,17.90,0.0511,true,1,56160
7290018165010,false,"יין ברקן רזרב גולד גוורצטרמינר 750 מ""ל",יקבי ברקן שיווק והפצ,IL,יין רזרב גולד גוורצט,מיליליטרים,750.00,"100 מ""ל",false,,34.90,0.0465,true,1,64821
7290018165447,false,"יין רזרב גולד מרלו 750 מ""ל",יקבי ברקן שיווק והפצ,IL,יין רזרב גולד מרלו,מיליליטרים,750.00,"100 מ""ל",false,,34.90,0.0465,true,1,64822
7290018192658,false,מארז זוג פטריות פורטובלה ושמפיניון מרינה,"מרינה פטריות הגליל בע""מ",IL,פטריות צמד חמד איטלק,Unknown,0.00,יחידה,false,,15.90,0.0000,true,1,53231
7290018192764,false,מיקס נבטי בריאות,מרינה,IL,מיקס נבטים,Unknown,0.00,יחידה,false,,13.90,0.0000,true,1,59355
7290018194393,false,ערק בראשית 40% 700 מ,משקאות ג'בלנא,IL,ערק בראשית 40% 700 מ,מיליליטרים,700.00,"100 מ""ל",false,,39.90,0.0570,true,1,56908
7290018195048,false,"חתיכות אננס בסירופ קל טעמן, 850 גרם",פ.ת גרייט פנאפל,TH,לפתן אננס חתוך טעמן,גרמים,850.00,100 גרם,false,,10.90,0.0128,true,1,61889
7290018195123,false,מארז סרדין בלימון טע,אינטרנשיונל קנינג קו,MA,מארז סרדין בלימון טע,גרמים,375.00,100 גרם,false,,9.90,0.0264,true,1,58957
7290018195130,false,מארז סרדין פלפל חריף,אינטרנשיונל קנינג קו,MA,מארז סרדין פלפל חריף,גרמים,375.00,100 גרם,false,,9.90,0.0264,true,1,58958
7290018195178,false,שוקולד מריר 62% קקאו 100 גר' טעמן,אס.קיי ראיס אינטרנשי,PL,שוקולד טעמן מריר 62%,גרמים,100.00,100 גרם,false,,4.90,0.0490,true,1,61585
7290018195321,false,מארז שוקולד זהב מריר 100 גרם*5 יח',אלבה שוקולד,,שוקולד טעמן מריר 5*1,גרמים,500.00,100 גרם,false,,24.90,0.0498,true,1,61753
7290018195895,false,קראנצ שיבולת שועל ושוקולד מריר 40X5 גר',סנטה איי קוולסקי אס,PL,חטיף ש.שועל עם שוקול,גרמים,200.00,100 גרם,false,,12.90,0.0645,true,1,57473
7290018195901,false,קראנצ שיבולת שועל ודבש 40X5 גר',סנטה איי קוולסקי אס,PL,חטיף ש.שועל ודבש קרא,גרמים,200.00,100 גרם,false,,12.90,0.0645,true,1,57470
7290018195918,false,קראנצ שיבולת שועל דבש וקינמון 40X5 גר',סנטה איי קוולסקי אס,PL,חטיף ש.שועל דבש וקינ,גרמים,200.00,100 גרם,false,,12.90,0.0645,true,1,57471
7290018208014,false,תמר מגהול פרימיום 1,אראל תוצרת חקלאית בע,IL,תמר מגהול פרימיום 1,פריט,1.00,"ק""ג",false,,24.90,24.9000,true,1,48208
7290018208021,false,"תמר מגהול ענק 2 ק""ג",אראל תוצרת חקלאית בע,IL,"תמר מגהול ענק 2 ק""ג",פריט,2.00,"ק""ג",false,,39.90,19.9500,true,1,48209
7290018208045,false,ערמונים קלויים וקלופ,אראל תוצרת חקלאית בע,IL,ערמונים קלויים וקלופ,גרמים,100.00,100 גרם,false,,3.90,0.0390,true,1,48703
7290018208809,false,"תמר מגהול 1 ק""ג",אראל תוצרת חקלאית בע,IL,"תמר מגהול 1 ק""ג",פריט,1.00,"ק""ג",false,,14.90,14.9000,true,1,48197
7290018236635,false,צ'ונגו פופקורן מצופה עוף טוב 600 גר',מוצרי עוף טוב (2001),IL,מיני שניצל פופקורן צ,גרמים,600.00,100 גרם,false,,26.90,0.0448,true,1,54637
7290018236659,false,צ'ונגו פופקורן ציפ מתובל 600 ג' עוף טוב,מולינו ניקולי s.p.a,IL,מיני שניצל פופקורן מ,גרמים,600.00,100 גרם,false,,26.90,0.0448,true,1,54638
7290018237373,false,עוף טוב פסטרמה צרובה על הגריל נתח שלם 300 גר',עיצובים 2020 (4.9),IL,פסטרמה מהגריל מנתח ש,גרמים,300.00,100 גרם,false,,26.80,0.0893,true,1,58339
7290018237397,false,עוף טוב פסטרמה מקורמלת נתח שלם 300 גר',מולינו ניקולי s.p.a,IL,פסטרמה מקורמלת מנתח,גרמים,300.00,100 גרם,false,,26.80,0.0893,true,1,58340
7290018237410,false,עוף טוב פסטרמה במעשנה נתח שלם 300 גר',מולינו ניקולי s.p.a,IL,פסטרמה מהמעשנה מנתח,גרמים,300.00,100 גרם,false,,26.80,0.0893,true,1,58341
7290018237922,false,שניצלונים ציפוי ציפס עוף טוב 700 גר',עיצובים 2020 (4.9),IL,שניצלונים בציפוי צ'י,גרמים,700.00,100 גרם,false,,12.70,0.0181,true,1,63519
7290018237939,false,שניצלונים ציפוי שומשום עוף טוב 700 גר',עיצובים 2020 (4.9),IL,שניצלונים בציפוי שומ,גרמים,700.00,100 גרם,false,,12.70,0.0181,true,1,63521
7290018294000,false,"יין קינג דויד רוזה 750 מ""ל",קריות זול,IL,יין קינג דיוויד רוזה,מיליליטרים,750.00,"100 מ""ל",false,,18.90,0.0252,true,1,57508
7290018294055,false,מיץ ענבים תירוש רוזה,יקבי כרמל,IL,מיץ ענבים תירוש רוזה,קילוגרמים,1.20,ליטר,false,,20.90,17.4167,true,1,55375
7290018294208,false,"סלקטד אדום יין ישראלי, 750 מ""ל","כד בני דרום בע""מ",IL,יין סלקטד אדום ישראל,מיליליטרים,750.00,"100 מ""ל",false,,28.90,0.0385,true,1,57513
7290018294901,false,מונלייט אדום יבש 750 מל',יקבי כרמל Carmel Winery,IL,יין אדום יבש מונלייט,מיליליטרים,750.00,"100 מ""ל",false,,33.90,0.0452,true,1,63297
7290018294925,false,למברוסקו לבן מגנום 1,יקבי כרמל,IL,למברוסקו לבן מגנום 1,קילוגרמים,1.50,ליטר,false,,49.90,33.2667,true,1,61308
7290018333419,false,מטבעות שוקולד חלב בצ,כרמית,IL,מטבעות שוקולד חלב בצ,גרמים,900.00,100 גרם,false,,49.90,0.0554,true,1,52419
7290018333426,false,מטבעות שוקולד מריר ב,כרמית,IL,מטבעות שוקולד מריר ב,גרמים,900.00,100 גרם,false,,49.90,0.0554,true,1,52420
7290018333433,false,מטבעות שוקולד חלב צב,כרמית,IL,מטבעות שוקולד חלב צב,גרמים,900.00,100 גרם,false,,49.90,0.0554,true,1,52421
7290018359129,false,פולפה עגבניות מקולפו,זנלכל,IL,עגבניות מקולפות חתוכ,גרמים,690.00,100 גרם,false,,8.90,0.0129,true,1,62192
7290018359495,false,תירס מהשדה בלי תוספת סוכר יכין 550 גר',היינץ צפון אמריקה מק,IL,תירס גרעינים מהשדה ל,גרמים,550.00,100 גרם,false,,8.90,0.0162,true,1,61633
7290018359556,false,יכין תירס מהשדה בלי תוספת סוכר 400 גר',היינץ צפון אמריקה מק,IL,תירס גרעינים מהשדה י,גרמים,400.00,100 גרם,false,,6.50,0.0163,true,1,55888
7290018359686,false,יכין חומוס ענק 550 גר,היינץ צפון אמריקה מק,IL,חומוס ענק יכין 550 ג,גרמים,550.00,100 גרם,false,,9.50,0.0173,true,1,59297
7290018394021,false,פטריות מלך היער תקוע,חוות פטריות תקוע,IL,פטריות מלך היער,Unknown,0.00,יחידה,false,,13.90,0.0000,true,1,56962
7290018440230,false,צ'אי ורדים 25 שק' ויסוצקי,קריות זול,IL,תה חווית הצ'אי ורדים,Unknown,0.00,יחידה,false,,17.90,0.0000,true,1,61492
7290018440247,false,צ'אי שקדים 25 שק' ויסוצקי,קריות זול,IL,תה חווית הצ'אי שקדים,Unknown,0.00,יחידה,false,,17.90,0.0000,true,1,61491
7290018440629,false,תה ויסוצקי טעם עשיר,ויסוצקי,IL,תה ויסוצקי טעם עשיר,Unknown,0.00,יחידה,false,,19.90,0.0000,true,1,58331
7290018443217,false,חסה עגולה בוסתן,ברכת קטיף,IL,חסה עגולה בוסתן,Unknown,0.00,יחידה,false,,5.90,0.0000,true,1,59282
7290018443347,false,ברכת קטיף - ייבול נוכרי - שמיר שקית,ברכת קטיף,IL,שמיר ברכת קטיף,Unknown,0.00,יחידה,false,,5.90,0.0000,true,1,58771
7290018443354,false,נענע ברכת קטיף ייבול נוכרי,ברכת קטיף,IL,נענע ברכת קטיף,Unknown,0.00,יחידה,false,,5.90,0.0000,true,1,58772
7290018443378,false,מנגולד ייבול נוכרי ברכת קטיף,ברכת קטיף,IL,מנגולד ברכת קטיף,Unknown,0.00,יחידה,false,,6.90,0.0000,true,1,58757
7290018443408,false,כרוב לבן ייבול נוכרי ברכת קטיף,ברכת קטיף,IL,כרוב לבן ברכת קטיף,קילוגרמים,1.00,"ק""ג",true,,13.90,13.9000,true,1,58754
7290018443446,false,נבטים סינים יח,בוסתן עשבי תיבול,IL,נבטים סינים יח,Unknown,0.00,יחידה,false,,5.90,0.0000,true,1,58165
7290018443453,false,נבטי חמניה,בוסתן עשבי תיבול,IL,נבטי חמניה,Unknown,0.00,יחידה,false,,8.90,0.0000,true,1,58305
7290018443460,false,נבטים אלפלא,בוסתן עשבי תיבול,IL,נבטים אלפלא,Unknown,0.00,יחידה,false,,5.90,0.0000,true,1,58166
7290018443590,false,שמיר בוסתן,ברכת קטיף,IL,שמיר בוסתן,Unknown,0.00,יחידה,false,,4.90,0.0000,true,1,58744
7290018443606,false,נענע בוסתן,ברכת קטיף,IL,נענע בוסתן,Unknown,0.00,יחידה,false,,4.90,0.0000,true,1,58745
7290018443620,false,סלרי עלים בוסתן,ברכת קטיף,IL,סלרי עלים בוסתן,Unknown,0.00,יחידה,false,,5.90,0.0000,true,1,58761
7290018443644,false,מנגולד בוסתן,ברכת קטיף,IL,מנגולד בוסתן,Unknown,0.00,יחידה,false,,5.90,0.0000,true,1,58763
7290018443651,false,לבבות חסה בוסתן,ברכת קטיף,IL,לבבות חסה בוסתן,Unknown,0.00,יחידה,false,,9.90,0.0000,true,1,58764
7290018443705,false,לבבות חסה קיסר,,,לבבות חסה קיסר,Unknown,0.00,יחידה,false,,12.90,0.0000,true,1,59071
7290018443859,false,חסה ליטל ג'ים,ברכת קטיף,IL,חסה ליטל ג'ים,Unknown,0.00,יחידה,false,,12.90,0.0000,true,1,60113
7290018443866,false,חסה לליק,ברכת קטיף,IL,חסה לליק,Unknown,0.00,יחידה,false,,12.90,0.0000,true,1,61561
7290018468319,false,נקניקיה צמחית בסגנון צ'וריסוס 400 ג' טירת צבי,טירת צבי,IL,נקניקיות צמחוניות בס,גרמים,400.00,100 גרם,false,,32.90,0.0822,true,1,63123
7290018471029,false,"סודה בטעם לימון - מארז 6 בקבוקים 500 מ""ל",יפאורה תבורי בעמ,IL,מארז שוופס סודה לימו,קילוגרמים,3.00,ליטר,false,,13.90,4.6333,true,1,52378
7290018471180,false,פרוט&ווג אננס תפוח גזר 1 ליטר,פרוט אנד וג' Fruit & Veg,IL,פרוט אנד ווג' אננס ת,קילוגרמים,1.00,ליטר,false,,12.90,12.9000,true,1,56377
7290018471197,false,פרוט&ווג' תפוח בננה מלון נענע 1 ליטר,פרוט אנד וג' Fruit & Veg,IL,פרוט אנד ווג' תפוח ב,קילוגרמים,1.00,ליטר,false,,12.90,12.9000,true,1,56376
7290018471210,false,ספרינג קרטונית אגס סברס תפוח 1 ליטר,"יפאורה תבורי בע""מ",IL,נקטר ספרינג אגס תפוח,קילוגרמים,1.00,ליטר,false,,6.50,6.5000,true,1,56375
7290018471395,false,פרוט&ווג' תפוח רימון סלק ג'ינג'ר 1 ליטר,פרוט אנד וג' Fruit & Veg,IL,פרוט אנד ווג' תפוח ר,קילוגרמים,1.00,ליטר,false,,12.90,12.9000,true,1,56415
7290018471401,false,פרוט&ווג' אננס בננה כורכום 1 ליטר,פרוט אנד וג' Fruit & Veg,IL,פרוט אנד ווג' אננס ב,קילוגרמים,1.00,ליטר,false,,12.90,12.9000,true,1,56378
7290018471449,false,ספרינג שייק בננה תמר תפוז קרטונית 1 ליטר,"יפאורה תבורי בע""מ",IL,ספרינג שייק בננה תמר,קילוגרמים,1.00,ליטר,false,,11.90,11.9000,true,1,57664
7290018471463,false,תפוזינה נקטר תפוז מנגו קרטונית 1 ליטר,"יפאורה תבורי בע""מ",IL,נקטר תפוזינה ENJOY,קילוגרמים,1.00,ליטר,false,,6.50,6.5000,true,1,56727
7290018471470,false,תפוזינה נקטר תפוז פסיפלורה קרטונית 1 ליטר,"יפאורה תבורי בע""מ",IL,נקטר תפוזינה ENJOY,קילוגרמים,1.00,ליטר,false,,6.50,6.5000,true,1,56728
7290018471487,false,תפוזינה נקטר תפוז אננס קרטונית 1 ליטר,"יפאורה תבורי בע""מ",IL,נקטר תפוזינה ENJOY,קילוגרמים,1.00,ליטר,false,,6.50,6.5000,true,1,56729
7290018471494,false,תפוזינה משקה תפוז גזר קרטונית 1 ליטר,"יפאורה תבורי בע""מ",IL,נקטר תפוזינה ENJOY,קילוגרמים,1.00,ליטר,false,,6.50,6.5000,true,1,56730
7290018471548,false,"רביעיית ספרינג ענבים 250 מ""ל",יפאורה תבורי,IL,מארז ספרינג ענבים 4*,קילוגרמים,1.00,ליטר,false,,11.90,11.9000,true,1,56111
7290018471692,false,ספרינג שייק בננה אננס קוקוס פירות יער קרטונית 1 ליטר,"יפאורה תבורי בע""מ",IL,ספרינג שייק בננה אננ,קילוגרמים,1.00,ליטר,false,,11.90,11.9000,true,1,57666
7290018471906,false,שוופס מוגז פירות לימונדה ורודה 1.5 ליטר פיקדון,"יפאורה תבורי בע""מ",IL,שוופס לימונדה ורודה,קילוגרמים,1.50,ליטר,false,,8.20,5.4667,true,1,59614
7290018471913,false,שוופס מוגז פירות תפוחים 1.5 ל',"יפאורה תבורי בע""מ",IL,שוופס תפוח מוגז 1.5,קילוגרמים,1.50,ליטר,false,,8.20,5.4667,true,1,59615
7290018471920,false,שוופס מוגז פירות ענבים 1.5 ליטר פיקדון,"יפאורה תבורי בע""מ",IL,שוופס ענבים מוגז 1.5,קילוגרמים,1.50,ליטר,false,,8.20,5.4667,true,1,59616
7290018471937,false,שוופס מוגז פירות תות ליים 1.5 ליטר פיקדון,"יפאורה תבורי בע""מ",IL,שוופס פירות תות ליים,קילוגרמים,1.50,ליטר,false,,8.20,5.4667,true,1,59617
7290018471944,false,שוופס מוגז פירות לימונייד 1.5 ליטר פיקדון,"יפאורה תבורי בע""מ",IL,שוופס למונייד מוגז 1,קילוגרמים,1.50,ליטר,false,,8.20,5.4667,true,1,59618
7290018471951,false,שוופס מוגז פירות אשכולית אדומה 1.5 ליטר פיקדון,"יפאורה תבורי בע""מ",IL,שוופס אשכולית אדומה,קילוגרמים,1.50,ליטר,false,,8.20,5.4667,true,1,59619
7290018500231,false,"לחם וויקאנד אנג`ל, 750 גרם",מאפיית אנג'ל,IL,לחם פינוקים וויקאנד,גרמים,750.00,100 גרם,false,,12.90,0.0172,true,1,63248
7290018500361,false,לחם אנג'ל אחיד פרוס 900 גר',מאפיית שלמה א. אנג'ל,IL,לחם אחיד פרוס אנגל 9,גרמים,900.00,100 גרם,false,,8.30,0.0092,true,1,63011
7290018500385,false,חלה רגילה מוגדלת 650גר אנג'ל,מאפיית שלמה א. אנגל,IL,חלה מרובעת אנגל 650,גרמים,650.00,100 גרם,false,,5.90,0.0091,true,1,63060
7290018500392,false,חלה קלועה מוגדלת 650גר אנג'ל,מאפיית שלמה א. אנגל,IL,חלה קלועה אנגל 650 ג,גרמים,650.00,100 גרם,false,,5.90,0.0091,true,1,63061
7290018500477,false,לחם אחיד פרוס אחדות,מאפית אנגל,IL,לחם אחיד פרוס אחדות,גרמים,900.00,100 גרם,false,,7.40,0.0082,true,1,63850
7290018540329,false,שקית פיתה פיתה בלדי 800 ג' אנג'ל,מאפיית שלמה א. אנג'ל,IL,פיתות אנגל בלדי 8 יח,גרמים,800.00,100 גרם,false,,10.90,0.0136,true,1,58531
7290018540817,false,ארטיזנל כוסנין-לחם מחמצת 500 גר',מאפיית אורנים,IL,לחם מחמצת כוסמין אנג,גרמים,500.00,100 גרם,false,,19.90,0.0398,true,1,59766
7290018540824,false,ארטיזנל כפרי-לחם מחמצת 500 גר',מאפיית אורנים,IL,לחם מחמצת כפרי אנגל,גרמים,500.00,100 גרם,false,,18.90,0.0378,true,1,59767
7290018540831,false,לחם מחמצת חיטה מלאה וגרעינים 500 ג' ארטיזנל,מאפיית אורנים,IL,לחם מחמצת חיטה מלאה,גרמים,500.00,100 גרם,false,,18.90,0.0378,true,1,59768
7290018556443,false,ארק סאלי לימונענע 75,,IL,ארק סאלי לימונענע 75,מיליליטרים,750.00,"100 מ""ל",false,,29.90,0.0399,true,1,58649
7290018556696,false,ארק סאלי לימונים 750,,IL,ארק סאלי לימונים 750,מיליליטרים,750.00,"100 מ""ל",false,,29.90,0.0399,true,1,55978
7290018556719,false,ארק סאלי פסיפלורה 75,,IL,ארק סאלי פסיפלורה 75,מיליליטרים,750.00,"100 מ""ל",false,,29.90,0.0399,true,1,56018
7290018571163,false,ציפוי לשניצל עשבי תי,מיה תעשיות מזון בעמ,IL,ציפוי לשניצל עשבי תי,גרמים,600.00,100 גרם,false,,9.90,0.0165,true,1,56342
7290018571170,false,ציפוי לשניצל שום מיה,מיה תעשיות מזון בעמ,IL,ציפוי לשניצל שום מיה,גרמים,600.00,100 גרם,false,,9.90,0.0165,true,1,56343
7290018571187,false,ציפוי לשניצל פיקנטי,מיה תעשיות מזון בעמ,IL,ציפוי לשניצל פיקנטי,גרמים,600.00,100 גרם,false,,9.90,0.0165,true,1,56341
7290018571194,false,ציפוי לשניצל בתיבול,מיה תעשיות מזון בעמ,IL,ציפוי לשניצל בתיבול,גרמים,600.00,100 גרם,false,,9.90,0.0165,true,1,56344
7290018571200,false,פירורי לחם מוזהב מיה,מיה תעשיות מזון בעמ,IL,פירורי לחם מוזהב מיה,גרמים,700.00,100 גרם,false,,7.90,0.0113,true,1,58681
7290018571279,false,שקד קלוי 200 גר' בנספק,מיה תעשיות מזון בעמ,IL,שקדים קלויים מיה 200,גרמים,200.00,100 גרם,false,,17.90,0.0895,true,1,55320
7290018571422,false,מיה-לקקנים מולטיקולור מיקס 65 יחידות,מיה תעשיות מזון בעמ,IL,לקקנים מיקס צבעוני מ,גרמים,715.00,100 גרם,false,,16.90,0.0236,true,1,59157
7290018571439,false,אורז מלא אינדירה 1.4,מיה תעשיות מזון בעמ,IL,אורז מלא אינדירה 1.4,פריט,1.40,"ק""ג",false,,9.90,7.0714,true,1,60459
7290018571446,false,אורז ריזוטו אינדירה,מיה תעשיות מזון בעמ,IL,אורז ריזוטו אינדירה,פריט,1.40,"ק""ג",false,,9.90,7.0714,true,1,60460
7290018571460,false,קורנפלור מיה 800 גרם,מיה תעשיות מזון בעמ,IL,קורנפלור מיה 800 גרם,גרמים,800.00,100 גרם,false,,5.90,0.0074,true,1,58263
7290018571477,false,נטיפים לאפייה מיה 75,מיה תעשיות מזון בעמ,IL,נטיפים לאפייה מיה 75,גרמים,750.00,100 גרם,false,,14.90,0.0199,true,1,58891
7290018571491,false,ריבת חלב אמיתי אמיתית בצנצנת 340 גרם,מיה תעשיות מזון בעמ,IL,ריבת חלב אמיתי מיה 3,גרמים,340.00,100 גרם,false,,12.90,0.0379,true,1,61647
7290018571576,false,סילאן טבעי לחיץ מיה,אל ברקן דאטס,AE,סילאן טבעי לחיץ מיה,פריט,1.15,"ק""ג",false,,24.90,21.6522,true,1,59362
7290018571606,false,תערובת תיבול ראס אל חנות 70גר,מיה תעשיות מזון בעמ,IL,ראס אל חנות מיה 70 ג,גרמים,70.00,100 גרם,false,,7.90,0.1129,true,1,61943
7290018571798,false,סוכריות גלי שמחות 2,מיה תעשיות מזון בעמ,IL,סוכריות גלי שמחות 2,גרמים,540.00,100 גרם,false,,18.50,0.0343,true,1,63516
7290018571804,false,ג'לי מטבעות מיה 225,מיה תעשיות מזון בעמ,IL,ג'לי מטבעות מיה 225,גרמים,225.00,100 גרם,false,,9.90,0.0440,true,1,63517
7290018652039,false,לה קרמריה קרמל מלוח ונוגט בדצ 1.4 ליטר,גלידות נסטלה,IL,גלידה לה קרמריה מלוח,קילוגרמים,1.40,ליטר,false,,17.50,12.5000,true,1,56949
7290018652657,false,שלגוני לייט נסטלה מנ,גלידות נסטלה,IL,שלגוני לייט נסטלה מנ,גרמים,312.00,100 גרם,false,,21.90,0.0702,true,1,63019
7290018652671,false,גלידה קרמריה שוקולד ווניל 1.4 ליטר,נסטלה,IL,גלידה לה קרמריה בטעמ,קילוגרמים,1.40,ליטר,false,,17.50,12.5000,true,1,62857
7290018652688,false,לה קרמריה טרופי ופירות אדומים 1.4 ל' נסטלה,גלידות נסטלה,IL,שרבט לה קרמריה טרופי,קילוגרמים,1.40,ליטר,false,,17.50,12.5000,true,1,61488
7290018652886,false,מאגדת מצופים שוקו בננה 8 יח-476 ג',גלידות נסטלה,IL,שלגוני נסטלה שוקו בנ,גרמים,440.00,100 גרם,false,,22.90,0.0520,true,1,63020
7290018652909,false,מאגדת מאגנום קפה שוקולד ופקאן 5 *43 ג' נסטלה,גלידות נסטלה,IL,שלגונים בטעם אייס קפ,גרמים,215.00,100 גרם,false,,21.90,0.1019,true,1,63021
7290018652923,false,מאגדת תות עוגת גבינה שוקולד 5 *43 ג' נסטלה,גלידות נסטלה,IL,שלגונים בטעם בטעם מס,גרמים,215.00,100 גרם,false,,21.90,0.1019,true,1,63022
7290018795385,false,חסה לליק מהדרין קמעונאי,"מרינה פטריות הגליל בע""מ",IL,חסה לליק,Unknown,0.00,יחידה,false,,12.90,0.0000,true,1,60209
7290018795842,false,שיני שום קלופות 500 גרם,מרינה,IL,שום קלוף מרינה 500 ג,גרמים,500.00,100 גרם,false,,16.90,0.0338,true,1,63198
7290018810071,false,יין בראשית רוזה 2021,יקב בראשית,IL,יין בראשית רוזה 2021,מיליליטרים,750.00,"100 מ""ל",false,,69.90,0.0932,true,1,64547
7290018860724,false,מקלוני אורז עבות ללא,סא ג'אנג אוספורט,VN,מקלוני אורז עבות ללא,גרמים,454.00,100 גרם,false,,9.90,0.0218,true,1,60455
7290018878002,false,אגו מיקס קרקר מצופה שוקולד חלב 55ג*24בקרט,כרמית,IL,אגו מיקס קרקר מצופה,גרמים,55.00,100 גרם,false,,3.90,0.0709,true,1,63654
7290018878798,false,"מטבעות צבעוני שוקולד חלב, 36 גרם",כרמית,IL,מטבעות שוקולד חלב צב,גרמים,36.00,100 גרם,false,,3.90,0.1083,true,1,64825
7290018879825,false,מטבעות שוקולד לבן 36 גרם,כרמית,IL,מטבעות שוקולד לבן כר,גרמים,36.00,100 גרם,false,,3.90,0.1083,true,1,64826
7290018886304,false,פת דגנים סגנון שוודי,סונקו,PL,פת דגנים בסגנון שווד,גרמים,340.00,100 גרם,false,,9.90,0.0291,true,1,63206
7290018886328,false,פת דגנים שיפון מאפים,סונקו,PL,פת דגנים שיפון מאפים,גרמים,340.00,100 גרם,false,,9.90,0.0291,true,1,63207
7290018886342,false,פת דגנים 7 דגנים 340,סונקו,PL,פת 7 דגנים מאפים 340,גרמים,340.00,100 גרם,false,,9.90,0.0291,true,1,63208
7290018886991,false,שמן קנולה אלומות 1 ל,סקנולה,EE,שמן קנולה אלומות 1 ל,קילוגרמים,1.00,ליטר,false,,8.90,8.9000,true,1,61931
7290018893005,false,"חטיפי בייגלה אפוי בטעם חרדל ודבש, 160 גרם",צ'וקטה Chocketa,RO,חטיף בייגלה אפוי בטע,גרמים,160.00,100 גרם,false,,6.50,0.0406,true,1,63672
7290018893036,false,עוגיות סנדוויץ' בטעם שוקולד ממולאות קרם בטעם וניל,צ'וקטה Chocketa,ES,עוגיות סנדוויץ' בטעם,גרמים,176.00,100 גרם,false,,6.90,0.0392,true,1,63676
7290018893265,false,צ'וקטה עוגות אישיות מריר במילוי קרם 240 ג',פרדי קונדיטוריה אס פ,IT,מארז עוגה אישית מריר,גרמים,240.00,100 גרם,false,,4.90,0.0204,true,1,58547
7290018893326,false,ממרח אגוזי לוז צ'וקט,נאטרא,BE,ממרח אגוזי לוז צ'וקט,גרמים,900.00,100 גרם,false,,19.90,0.0221,true,1,61158
7290018893401,false,שוקולד מריר פרימיום 70% 100 גרם צ'וקטה איגוד רבנים,צ'וקטה Chocketa,ES,שוקולד צ'וקטה מריר 7,גרמים,100.00,100 גרם,false,,6.90,0.0690,true,1,61500
7290018893609,false,שוקולד מריר פרימיום 85% 100 גרם איגוד רבנים,צ'וקטה Chocketa,ES,שוקולד צ'וקטה מריר 8,גרמים,100.00,100 גרם,false,,6.90,0.0690,true,1,61501
7290018893616,false,שוקולד מריר 48% 6 יח' *100 ג' צ'וקטה,צוקטה,ES,שוקולד צ'וקטה מריר 4,גרמים,600.00,100 גרם,false,,19.90,0.0332,true,1,64632
7290018893654,false,חטיפי בייגלה דקיקים ופריכים מלח צ'וקטה 200 ג',צ'וקטה Chocketa,RO,חטיף בייגלה אפוי בתו,גרמים,200.00,100 גרם,false,,6.50,0.0325,true,1,63673
7290018893746,false,בייגלה עגבניות ועשבי תיבול 180 גר,SC ALKA TRADING CO S,RO,חטיף בייגלה אפוי בטע,גרמים,180.00,100 גרם,false,,6.50,0.0361,true,1,63674
7290018893852,false,חטיפי בייגלה דקיקים ופריכים שומשום צ'וקטה 200 ג',צ'וקטה Chocketa,RO,חטיף בייגלה אפוי בתו,גרמים,200.00,100 גרם,false,,6.50,0.0325,true,1,63675
7290018893876,false,עוגות אישיות רכות עם מילוי קרם בטעם וניל,פרדי קונדיטוריה אס פ,IT,מארז עוגה אישית וניל,גרמים,200.00,100 גרם,false,,4.90,0.0245,true,1,58548
7290018904404,false,שערות קדאיף מזאווי 4,ממתקי מזאוי,IL,שערות קדאיף מזאווי 4,גרמים,450.00,100 גרם,false,,13.90,0.0309,true,1,64803
7290018925065,false,פרימור מיץ תפוזים סחוט 2 ליטר,פרימור,IL,מיץ תפוזים פרימור 2,קילוגרמים,2.00,ליטר,false,,24.90,12.4500,true,1,59424
7290018925089,false,פרימור מיץ תפוח עץ צלול 2 ליטר,גניר,IL,מיץ תפוחים פרימור סח,קילוגרמים,2.00,ליטר,false,,24.90,12.4500,true,1,59425
7290018978245,false,דגני בוקר קראנץ בטעם,נטורל קייקס,IL,דגני בוקר קראנץ בטעם,גרמים,686.00,100 גרם,false,,19.90,0.0290,true,1,64638
7290018978252,false,דגני בוקר קראנץ בטעם,נטורל קייקס,IL,דגני בוקר קראנץ בטעם,גרמים,686.00,100 גרם,false,,19.90,0.0290,true,1,64635
7290018978269,false,דגני בוקר קראנץ בטעם,נטורל קייקס,IL,דגני בוקר קראנץ בטעם,גרמים,686.00,100 גרם,false,,19.90,0.0290,true,1,64639
7290018978276,false,דגני בוקר קראנץ בטעם,נטורל קייקס,IL,דגני בוקר קראנץ בטעם,גרמים,686.00,100 גרם,false,,19.90,0.0290,true,1,64636
7290018989074,false,חומוס ארבעס במלח פלפל פרי מבורך 550 גר',זנלכל,IL,חומוס במלח ופלפל ארב,גרמים,550.00,100 גרם,false,,9.90,0.0180,true,1,60022
7290018989098,false,חומוס ברוטב פיקנטי פיקנטס פרי מבורך 550 גר',זנלכל,IL,חומוס ברוטב פיקנטי פ,גרמים,550.00,100 גרם,false,,9.90,0.0180,true,1,60023
7290019031727,false,מטליות לחות לניקוי כ,וינדה פרופשיונל,IL,מטליות לחות לניקוי כ,Unknown,0.00,יחידה,false,,19.90,0.0000,true,1,64910
7290019035053,false,מלון ירוק קוביות קפוא 500 ג' פילד גוד,א.מ שרון,EG,מלון ירוק קפוא פילד,גרמים,500.00,100 גרם,false,,11.90,0.0238,true,1,58674
7290019035060,false,חצאי משמש קפוא פילד,א.מ שרון,PL,חצאי משמש קפוא פילד,גרמים,500.00,100 גרם,false,,11.90,0.0238,true,1,58658
7290019035084,false,אוכמניות כחולות קפוא 400 ג' פילד גוד,דה נייל אג'יפטיאן,EG,אוכמניות כחולות קפוא,גרמים,400.00,100 גרם,false,,11.90,0.0298,true,1,62604
7290019035091,false,רימון קפוא פילד גוד,דה נייל אג'יפטיאן,EG,רימון קפוא פילד גוד,גרמים,500.00,100 גרם,false,,6.90,0.0138,true,1,58839
7290019036036,false,פולי סויה פילד גוד 1,יגטאי פנג'ואן,CN,פולי סויה פילד גוד 1,פריט,1.00,"ק""ג",false,,11.90,11.9000,true,1,65040
7290019056027,false,שוופס מוגז פירות תפוחים ללא סוכר 1.5 ליטר פיקדון,"יפאורה תבורי בע""מ",IL,שוופס תפוח ללא סוכר,קילוגרמים,1.50,ליטר,false,,8.20,5.4667,true,1,59623
7290019056034,false,שוופס מוגז פירות אננס ללא סוכר 1.5 ליטר פיקדון,"יפאורה תבורי בע""מ",IL,שוופס אננס ללא סוכר,קילוגרמים,1.50,ליטר,false,,8.20,5.4667,true,1,59624
7290019056041,false,שוופס מוגז פירות לימונייד ללא סוכר 1.5 ליטר פיקדון,"יפאורה תבורי בע""מ",IL,שוופס פירות לימונייד,קילוגרמים,1.50,ליטר,false,,8.20,5.4667,true,1,59625
7290019056058,false,שוופס מוגז עדין תפוח ליים 1.5 ליטר פיקדון,"יפאורה תבורי בע""מ",IL,שוופס מוגז עדין תפוח,קילוגרמים,1.50,ליטר,false,,8.50,5.6667,true,1,59602
7290019056065,false,שוופס מוגז עדין פירות יער 1.5 ליטר פיקדון,"יפאורה תבורי בע""מ",IL,שוופס מוגז עדין פירו,קילוגרמים,1.50,ליטר,false,,8.50,5.6667,true,1,59603
7290019056072,false,שוופס מוגז עדין אננס 1.5 ליטר פיקדון,"יפאורה תבורי בע""מ",IL,שוופס מוגז עדין אננס,קילוגרמים,1.50,ליטר,false,,8.50,5.6667,true,1,59604
7290019056089,false,שוופס מוגז עדין ענבי ריזלינג 1.5 ליטר פיקדון,"יפאורה תבורי בע""מ",IL,שוופס מוגז עדין ריזל,קילוגרמים,1.50,ליטר,false,,8.50,5.6667,true,1,59605
7290019056096,false,שוופס מוגז עדין אפרסק 1.5 ליטר פיקדון,"יפאורה תבורי בע""מ",IL,שוופס מוגז עדין אפרס,קילוגרמים,1.50,ליטר,false,,8.50,5.6667,true,1,59606
7290019056119,false,שוופס סודה 1.5 ליטר פיקדון,"יפאורה תבורי בע""מ",IL,שוופס מי סודה 1.5 לי,קילוגרמים,1.50,ליטר,false,,2.90,1.9333,true,1,59917
7290019056126,false,שוופס סודה לימון 1.5 ליטר בק' בודד פיקדון,"יפאורה תבורי בע""מ",IL,שוופס מי סודה לימון,קילוגרמים,1.50,ליטר,false,,2.90,1.9333,true,1,59918
7290019056164,false,שוופס סודה 1.5 ליטר רביעייה פיקדון,"יפאורה תבורי בע""מ",IL,מארז שוופס סודה 4* 1,קילוגרמים,6.00,ליטר,false,,11.50,1.9167,true,1,59596
7290019056171,false,שוופס סודה לימון 1.5 ליטר רביעייה פיקדון,"יפאורה תבורי בע""מ",IL,מארז שוופס סודה לימו,קילוגרמים,6.00,ליטר,false,,11.50,1.9167,true,1,59597
7290019056188,false,שוופס סודה נענע ליים 1.5 ליטר רביעייה פיקדון,"יפאורה תבורי בע""מ",IL,מארז שוופס סודה נענע,קילוגרמים,6.00,ליטר,false,,11.50,1.9167,true,1,59598
7290019056201,false,שוופס סודה פירות יער 1.5 ליטר רביעייה פיקדון,"יפאורה תבורי בע""מ",IL,מארז שוופס סודה פירו,קילוגרמים,6.00,ליטר,false,,11.50,1.9167,true,1,59601
7290019056232,false,משקה מוגז בטעם ליים מוחיטו 1.5 ל' שוופס,"יפאורה תבורי בע""מ",IL,שוופס מוחיטו ליים נע,קילוגרמים,1.50,ליטר,false,,8.90,5.9333,true,1,59607
7290019056249,false,שוופס מים בטעמים ענבים 1.5 ליטר פיקדון,"יפאורה תבורי בע""מ",IL,שוופס מים בטעם ענבים,קילוגרמים,1.50,ליטר,false,,7.80,5.2000,true,1,59592
7290019056256,false,שוופס מים בטעמים תפוחים 1.5 ליטר פיקדון,"יפאורה תבורי בע""מ",IL,שוופס מים בטעם תפוח,קילוגרמים,1.50,ליטר,false,,7.80,5.2000,true,1,59593
7290019056263,false,שוופס מים בטעמים אפרסק 1.5 ליטר פיקדון,"יפאורה תבורי בע""מ",IL,שוופס מים בטעם אפרסק,קילוגרמים,1.50,ליטר,false,,7.80,5.2000,true,1,59594
7290019056270,false,שוופס מים בטעמים פירות יער 1.5 ליטר פיקדון,"יפאורה תבורי בע""מ",IL,שוופס מים בטעם פירות,קילוגרמים,1.50,ליטר,false,,7.80,5.2000,true,1,59595
7290019056300,false,משקה בטעם ביטר לימון 1.5 ל' שוויפס,"יפאורה תבורי בע""מ",IL,שוופס ביטר 1.5 ליטר,קילוגרמים,1.50,ליטר,false,,11.90,7.9333,true,1,59626
7290019056317,false,שוופס ראשן 1.5 ליטר פיקדון,"יפאורה תבורי בע""מ",IL,שוופס ראשן 1.5 ליטר,קילוגרמים,1.50,ליטר,false,,11.90,7.9333,true,1,59627
7290019056324,false,שוופס טוניק 1.5 ליטר פיקדון,"יפאורה תבורי בע""מ",IL,שוופס טוניק 1.5 ליטר,קילוגרמים,1.50,ליטר,false,,11.90,7.9333,true,1,59628
7290019056331,false,שוופס טוניק ללא סוכר 1.5 ליטר פיקדון,"יפאורה תבורי בע""מ",IL,שוופס טוניק ללא סוכר,קילוגרמים,1.50,ליטר,false,,11.90,7.9333,true,1,59629
7290019056355,false,משקה בטעם לימונענע עם חתיכות פרי,"יפאורה תבורי בע""מ",IL,תפוזינה לימונענע 1.5,קילוגרמים,1.50,ליטר,false,,7.90,5.2667,true,1,59573
7290019056362,false,תפוזינה ענבים 1.5 ליטר פיקדון,"יפאורה תבורי בע""מ",IL,תפוזינה ענבים 1.5 לי,קילוגרמים,1.50,ליטר,false,,7.90,5.2667,true,1,59575
7290019056379,false,תפוזינה תפוזים 1.5 ליטר פיקדון,"יפאורה תבורי בע""מ",IL,תפוזינה תפוזים 1.5 ל,קילוגרמים,1.50,ליטר,false,,7.90,5.2667,true,1,59576
7290019056386,false,פתוזינה אשכולית 1.5 ליטר פיקדון,"יפאורה תבורי בע""מ",IL,תפוזינה אשכוליות 1.5,קילוגרמים,1.50,ליטר,false,,7.90,5.2667,true,1,59577
7290019056393,false,תפוזינה תות בננה 1.5 ליטר פיקדון,"יפאורה תבורי בע""מ",IL,תפוזינה תות בננה 1.5,קילוגרמים,1.50,ליטר,false,,7.90,5.2667,true,1,59578
7290019056409,false,תפוזינה מנגו 1.5 ליטר פיקדון,"יפאורה תבורי בע""מ",IL,תפוזינה מנגו 1.5 ליט,קילוגרמים,1.50,ליטר,false,,7.90,5.2667,true,1,59579
7290019056416,false,מיץ בטעם לימונדה ורודה 1.5 ל' תפוזינה,"יפאורה תבורי בע""מ",IL,תפוזינה לימונדה ורוד,קילוגרמים,1.50,ליטר,false,,7.90,5.2667,true,1,59580
7290019056423,false,מיץ בטעם תפוח רענן 1.5ל' תפוזינה,"יפאורה תבורי בע""מ",IL,תפוזינה תפוחים 1.5 ל,קילוגרמים,1.50,ליטר,false,,7.90,5.2667,true,1,59581
7290019056430,false,תפוזינה תפוזים לייט 1.5 ליטר פיקדון,"יפאורה תבורי בע""מ",IL,תפוזינה תפוזים לייט,קילוגרמים,1.50,ליטר,false,,7.90,5.2667,true,1,59582
7290019056454,false,משקה מוגז בטעם קולה 1.5 ל' אר סי,יפאורה תבורי,IL,אר.סי קולה 1.5 ליטר,קילוגרמים,1.50,ליטר,false,,7.20,4.8000,true,1,59919
7290019056461,false,מארז משקה בטעם קולה שישייה * 1.5 ל' אר.סי,"יפאורה תבורי בע""מ",IL,מארז אר.סי קולה 6 *1,קילוגרמים,9.00,ליטר,false,,37.90,4.2111,true,1,59639
7290019056478,false,ספרינג טי קר אפרסק 1.5ליטר פיקדון,"יפאורה תבורי בע""מ",IL,ספרינג תה אפרסק 1.5,קילוגרמים,1.50,ליטר,false,,7.20,4.8000,true,1,59584
7290019056485,false,ספריג תה ירוק לימון לואיזה 1.5 ליטר פיקדון,"יפאורה תבורי בע""מ",IL,ספרינג תה ירוק לימון,קילוגרמים,1.50,ליטר,false,,7.20,4.8000,true,1,59585
7290019056492,false,ספרינג תה מנגו אפרסק 1.5 ליטר פיקדון,"יפאורה תבורי בע""מ",IL,ספרינג תה מנגו אפרסק,קילוגרמים,1.50,ליטר,false,,7.20,4.8000,true,1,59586
7290019056508,false,פרוט ווטר ענבים 1.5 ליטר פיקדון,"יפאורה תבורי בע""מ",IL,פרוט ווטר בטעם ענבים,קילוגרמים,1.50,ליטר,false,,8.90,5.9333,true,1,59588
7290019056515,false,פרוט ווטר אננס 1.5 ליטר פיקדון,"יפאורה תבורי בע""מ",IL,פרוט ווטר בטעם אננס,קילוגרמים,1.50,ליטר,false,,8.90,5.9333,true,1,59589
7290019056522,false,פרוט ווטר תות 1.5 ליטר פיקדון,"יפאורה תבורי בע""מ",IL,פרוט ווטר בטעם תות 1,קילוגרמים,1.50,ליטר,false,,8.90,5.9333,true,1,59590
7290019056539,false,פרוט ווטר אפרסק 1.5 ליטר פיקדון,"יפאורה תבורי בע""מ",IL,פרוט ווטר בטעם אפרסק,קילוגרמים,1.50,ליטר,false,,8.90,5.9333,true,1,59591
7290019056546,false,פרוט ווטר אבטיח 1.5 ליטר פיקדון,"יפאורה תבורי בע""מ",IL,פרוט ווטר בטעם אבטיח,קילוגרמים,1.50,ליטר,false,,8.90,5.9333,true,1,59771
7290019056553,false,עין גדי מים מינרלים 2 ליטר*6 יח',עין גדי מים מינרליים,IL,מים עין גדי 6*2 ליטר,קילוגרמים,12.00,ליטר,false,,9.90,0.8250,true,1,59642
7290019056577,false,ספרינג מנגו 1.5 ליטר פיקדון,"יפאורה תבורי בע""מ",IL,ספרינג מנגו 1.5 ליטר,קילוגרמים,1.50,ליטר,false,,7.90,5.2667,true,1,59550
7290019056584,false,ספרינג תפוזים 1.5 ליטר פיקדון,"יפאורה תבורי בע""מ",IL,ספרינג תפוזים 1.5 לי,קילוגרמים,1.50,ליטר,false,,7.90,5.2667,true,1,59560
7290019056591,false,ספרינג ענבים 1.5 ליטר פיקדון,"יפאורה תבורי בע""מ",IL,ספרינג ענבים 1.5 ליט,קילוגרמים,1.50,ליטר,false,,7.90,5.2667,true,1,59561
7290019056607,false,ספרינג תפוחים 1.5 ליטר פיקדון,"יפאורה תבורי בע""מ",IL,ספרינג מיץ תפוחים 1.,קילוגרמים,1.50,ליטר,false,,7.90,5.2667,true,1,59562
7290019056614,false,ספרינג אפרסק 1.5 ליטר פיקדון,"יפאורה תבורי בע""מ",IL,ספרינג אפרסק 1.5 ליט,קילוגרמים,1.50,ליטר,false,,7.90,5.2667,true,1,59563
7290019056621,false,ספרינג פירות טרופיים 1.5 ליטר פיקדון,"יפאורה תבורי בע""מ",IL,ספרינג פירות טרופיים,קילוגרמים,1.50,ליטר,false,,7.90,5.2667,true,1,59564
7290019056638,false,ספרינג תות בננה 1.5 ליטר פיקדון,"יפאורה תבורי בע""מ",IL,ספרינג תות-בננה 1.5,קילוגרמים,1.50,ליטר,false,,7.90,5.2667,true,1,59565
7290019056645,false,ספרחנג אגס תפוח סברס 1.5 ליטר פיקדון,"יפאורה תבורי בע""מ",IL,ספרינג אגס סברס תפוח,קילוגרמים,1.50,ליטר,false,,7.90,5.2667,true,1,59566
7290019056652,false,ספרינג אננס בננה 1.5 ליטר פיקדון,"יפאורה תבורי בע""מ",IL,ספרינג אננס בננה 1.5,קילוגרמים,1.50,ליטר,false,,7.90,5.2667,true,1,59567
7290019056669,false,ספרינג תפוחים גיאט 1.5 ליטר פיקדון,"יפאורה תבורי בע""מ",IL,ספרינג תפוחים לייט 1,קילוגרמים,1.50,ליטר,false,,7.90,5.2667,true,1,59568
7290019056676,false,מיץ דיאט בטעם אשכוליות ואננס 1.5ל' ספרינג,"יפאורה תבורי בע""מ",IL,ספרינג אשכוליות אננס,קילוגרמים,1.50,ליטר,false,,7.90,5.2667,true,1,59570
7290019056720,false,קריסטל מיץ ענבים 2 ליטר פיקדון,יפאורה תבורי,IL,קריסטל ענבים 2 ליטר,קילוגרמים,2.00,ליטר,false,,6.90,3.4500,true,1,59630
7290019056737,false,מיץ בטעם אשכוליות 2 ל' קריסטל,יפאורה תבורי,IL,קריסטל אשכוליות 2 לי,קילוגרמים,2.00,ליטר,false,,6.90,3.4500,true,1,59631
7290019056744,false,קריסטל מיץ תפוזים 2 ליטר פיקדון,יפאורה תבורי,IL,קריסטל תפוזים 2 ליטר,קילוגרמים,2.00,ליטר,false,,6.90,3.4500,true,1,59632
7290019056751,false,קריסטל מיץ אשכוליות דיאט 2 ליטר פיקדון,יפאורה תבורי,IL,קריסטל אשכוליות דיאט,קילוגרמים,2.00,ליטר,false,,6.90,3.4500,true,1,59633
7290019056768,false,קריסטל מיץ מנגו 2 ליטר פיקדון,יפאורה תבורי,IL,קריסטל מנגו 2 ליטר,קילוגרמים,2.00,ליטר,false,,6.90,3.4500,true,1,59634
7290019056775,false,קריסטל מוגז ענבים 2 ליטר פיקדון,יפאורה תבורי,IL,קריסטל ענבים מוגז 2,קילוגרמים,2.00,ליטר,false,,6.90,3.4500,true,1,59635
7290019056782,false,משקה מוגז בטעם לימון ליים 2 ל' קריסטל,יפאורה תבורי,IL,קריסטל למון ליים 2 ל,קילוגרמים,2.00,ליטר,false,,6.90,3.4500,true,1,59636
7290019056799,false,קריסטל מוגז אקזוטי 2 ליטר פיקדון,יפאורה תבורי,IL,קריסטל אקזוטי מוגז 2,קילוגרמים,2.00,ליטר,false,,6.90,3.4500,true,1,59637
7290019056805,false,קריסטל מוגז תפוחים 2 ליטר פיקדון,יפאורה תבורי,IL,קריסטל תפוע מוגז 2 ל,קילוגרמים,2.00,ליטר,false,,6.90,3.4500,true,1,59638
7290019056812,false,קריסטל מוגז מנטה 2 ליטר פיקדון,יפאורה תבורי,IL,קריסטל מנטה 2 ליטר,קילוגרמים,2.00,ליטר,false,,6.90,3.4500,true,1,59640
7290019056836,false,קריסטל מוגז תות 2 ליטר פיקדון,יפאורה תבורי,IL,קריסטל תות מוגז 2 לי,קילוגרמים,2.00,ליטר,false,,6.90,3.4500,true,1,59641
7290019056850,false,ספרינג תה אפרסק דיאט 1.5 ליטר פיקדון,"יפאורה תבורי בע""מ",IL,ספרינג תה דיאט אפרסק,קילוגרמים,1.50,ליטר,false,,7.20,4.8000,true,1,59587
7290019056959,false,מי עדן 1.5 ליטר בק' בודד פיקדון,מופק ממקור בזלתי עדן,IL,מים מי עדן 1.5 ליטר,קילוגרמים,1.50,ליטר,false,,2.90,1.9333,true,1,59921
7290019056973,false,מי עדן 1.5 ליטר שישייה פיקדון,מופק ממקור בזלתי עדן,IL,מים מי עדן 6*1.5 ליט,קילוגרמים,9.00,ליטר,false,,13.90,1.5444,true,1,59643
7290019074557,false,"תחליב רחצה שמן כותנה משאבה 700 מ""ל ד""ר פישר",פישר מעבדות פרמצבטיו,IL,תחליב רחצה עדין שמן,מיליליטרים,700.00,"100 מ""ל",false,,14.90,0.0213,true,1,65229
7290019074755,false,תחליב רחצה עדין שמן,פישר מעבדות פרמצבטיו,IL,תחליב רחצה עדין שמן,מיליליטרים,700.00,"100 מ""ל",false,,14.90,0.0213,true,1,65230
7290019075608,false,תחליב רחצה אפקטיב קר,פישר מעבדות פרמצבטיו,IL,תחליב רחצה עדין תה י,מיליליטרים,700.00,"100 מ""ל",false,,14.90,0.0213,true,1,65232
7290019094203,false,חסה אייסברג 300 גר' הרב אפרתי,רביבים,IL,חסה אייסברג 300 גרם,גרמים,300.00,100 גרם,false,,12.90,0.0430,true,1,59773
7290019094210,false,כרוב לבן 400 גר' הרב אפרתי,רביבים,IL,כרוב לבן 400 גרם,גרמים,400.00,100 גרם,false,,11.90,0.0298,true,1,59772
7290019094227,false,כרוב אדום 400 גר' הרב אפרתי,רביבים,IL,כרוב אדום 400 גרם,גרמים,400.00,100 גרם,false,,11.90,0.0298,true,1,59774
7290019094234,false,קולסלאו 400 גר' הרב אפרתי,רביבים,IL,קולסלאו 400 גרם,גרמים,300.00,100 גרם,false,,11.90,0.0397,true,1,59775
7290019094241,false,לקט קלאסי 350 גר' הרב אפרתי,רביבים,IL,לקט 350 גרם,גרמים,350.00,100 גרם,false,,12.90,0.0369,true,1,59776
7290019094258,false,סלט המושבה 400 גר' הרב אפרתי,רביבים,IL,סלט המושבה 400 גרם,גרמים,400.00,100 גרם,false,,12.90,0.0323,true,1,59777
7290019094302,false,עלי חסה שטופים 200 גר' הרב אפרתי,רביבים,IL,עלי חסה שטופים,Unknown,0.00,יחידה,false,,13.90,0.0000,true,1,59784
7290019145264,false,"ארק סאלי 700 מ""ל",,IL,"ארק סאלי 700 מ""ל",מיליליטרים,700.00,"100 מ""ל",false,,29.90,0.0427,true,1,60624
7290019145462,false,"ארק סאלי אננס 750 מ""",,IL,"ארק סאלי אננס 750 מ""",מיליליטרים,750.00,"100 מ""ל",false,,29.90,0.0399,true,1,60625
7290019153023,false,מארז קולה ללא סוכר רביעייה *1.5 ל' אר.סי,יפאורה תבורי,IL,אר סי קולה ללא סוכר,קילוגרמים,6.00,ליטר,false,,24.90,4.1500,true,1,61119
7290019153078,false,"שוופס ביטר למון לייט, 1.5 ליטר פקדון","יפאורה תבורי בע""מ",IL,שוופס ביטר למון לייט,קילוגרמים,1.50,ליטר,false,,11.90,7.9333,true,1,61117
7290019153085,false,"שוופס ללא סוכר מוחיטו, 1.5 ליטר פקדון","יפאורה תבורי בע""מ",IL,שוופס מוחיטו מוגז לל,קילוגרמים,1.50,ליטר,false,,8.20,5.4667,true,1,61118
7290019153252,false,שוופס סודה תפוח 1.5 ליטר רביעייה פיקדון,"יפאורה תבורי בע""מ",IL,מארז שוופס סודה תפוח,קילוגרמים,6.00,ליטר,false,,11.50,1.9167,true,1,62422
7290019153269,false,שוופס סודה אננס 1.5 ליטר רביעייה פיקדון,"יפאורה תבורי בע""מ",IL,מארז שוופס סודה אננס,קילוגרמים,6.00,ליטר,false,,11.50,1.9167,true,1,62423
7290019153344,false,מיץ בטעם סנגרייה 1.5 ל' תפוזינה,"יפאורה תבורי בע""מ",IL,תפוזינה סנגרייה 1.5,קילוגרמים,1.50,ליטר,false,,7.90,5.2667,true,1,62698
7290019153351,false,מיץ בטעם פינק אוזו 1.5 ל' תפוזינה,"יפאורה תבורי בע""מ",IL,תפוזינה פינק אוזו 1.,קילוגרמים,1.50,ליטר,false,,7.90,5.2667,true,1,62699
7290019153375,false,מיץ בטעם מוחיטו 1.5 ל' תפוזינה,"יפאורה תבורי בע""מ",IL,תפוזינה מוחיטו 1.5 ל,קילוגרמים,1.50,ליטר,false,,7.90,5.2667,true,1,62700
7290019153535,false,"רביעייה שוופס מוגז פירות למונייד ללא סוכר 330 ש""ח",יפאורה תבורי,IL,מארז שוופס מוגז פירו,קילוגרמים,1.32,ליטר,false,,11.90,9.0152,true,1,63415
7290019230007,false,חלה קמח כוסמין ספיישל בייקרי,ספיישל בייקרי,IL,חלה כוסמין 500 גרם,גרמים,500.00,100 גרם,false,,15.90,0.0318,true,1,59872
7290019230014,false,חלה קמח מלא ספיישל בייקרי,ספיישל בייקרי,IL,חלה קמח מלא 500 גרם,גרמים,500.00,100 גרם,false,,15.90,0.0318,true,1,59873
7290019230021,false,חלה גדולה ספיישל ביקרי,ספיישל בייקרי,IL,חלה חצי מתוקה 500 גר,גרמים,500.00,100 גרם,false,,12.90,0.0258,true,1,59869
7290019230038,false,חלה קטנה ספיישל בייקרי,ספיישל בייקרי,IL,חלה קטנה מתוקה 250 ג,גרמים,250.00,100 גרם,false,,6.90,0.0276,true,1,59870
7290019232094,false,חליטת פירות וצמחים בטעם אפרסק 25 שקיקים ויסוצקי,ויסוצקי,IL,חליטת פירות וצמחים ב,גרמים,68.00,100 גרם,false,,17.50,0.2574,true,1,62850
7290019232148,false,חליטת חמדת השקד הגן,ויסוצקי,IL,חליטת חמדת השקד הגן,Unknown,0.00,יחידה,false,,21.90,0.0000,true,1,61490
7290019232155,false,"חליטת ""לילה טוב"" קמומיל לבנדר ו25 שקיקים ויסוצקי",ויסוצקי,IL,חליטת קמומיל ולבנדר,Unknown,0.00,יחידה,false,,24.50,0.0000,true,1,64626
7290019232186,false,תה ירוק לימונית לואיזהSTAY WELL 25 שקיקים ויסוצקי,ויסוצקי,IL,תה ירוק לימונית לואי,Unknown,0.00,יחידה,false,,24.50,0.0000,true,1,64624
7290019232193,false,תה ירוק לימונית ג'ינג'ר STAY WELL שקיקים 25 ויסוצקי,ויסוצקי,IL,תה ירוק לימונית ג'ינ,Unknown,0.00,יחידה,false,,24.50,0.0000,true,1,64625
7290019232353,false,תה ירוק סיני 50 שקיקים ויסוצקי,ויסוצקי,IL,תה ירוק סיני קלאסי ו,גרמים,75.00,100 גרם,false,,36.90,0.4920,true,1,64135
7290019245001,false,שמן קנולה אלומות 1 ל,סקנולה,EE,שמן קנולה אלומות 1 ל,קילוגרמים,1.00,ליטר,false,,8.90,8.9000,true,1,62344
7290019297161,false,טורטיות ראפ מקמח תירס 540 ג' 12 יח',,TR,טורטיות קמח חיטה ותי,גרמים,450.00,100 גרם,false,,9.90,0.0220,true,1,19309
7290019297192,false,חטיף גרנולה עם שקדים ושוקולד 175 ג',,MK,חטיפי גרנולה עם שקדי,גרמים,175.00,100 גרם,false,,7.90,0.0451,true,1,14285
7290019297208,false,חטיף גרנולה עם פירות יבשים 175 ג',,MK,חטיפי גרנולה עם פירו,גרמים,175.00,100 גרם,false,,7.90,0.0451,true,1,14286
7290019297505,false,רוטב רימונים שקדיה 700 ג',דין שיווק,TR,רוטב רימונים שקדיה 7,מיליליטרים,700.00,"100 מ""ל",false,,19.90,0.0284,true,1,14288
7290019297796,false,עלי גפן ממולאים באור,,,עלי גפן ממולאים באור,גרמים,400.00,100 גרם,false,,8.90,0.0223,true,1,27224
7290019302315,false,"באזז אבטיח מלון 750 מ""ל",יקבי כרמל,IL,יין באז אבטיח מלון מ,מיליליטרים,750.00,"100 מ""ל",false,,26.90,0.0359,true,1,62678
7290019302551,false,מיץ ענבים תירוש אדום,יקבי כרמל,IL,מיץ ענבים תירוש אדום,קילוגרמים,1.00,ליטר,false,,11.90,11.9000,true,1,63740
7290019308034,false,פילה ברבוניה פרוסטי,רהואיאן,MA,פילה ברבוניה פרוסטי,גרמים,300.00,100 גרם,false,,9.90,0.0330,true,1,65022
7290019308126,false,פולי סויה אדממה פרוס,ווליאן פוליד פודס,CN,פולי סויה אדממה פרוס,גרמים,400.00,100 גרם,false,,6.90,0.0173,true,1,64118
7290019308157,false,קוביות מנגו קפוא פרו,גרין האוס,EG,קוביות מנגו קפוא פרו,גרמים,300.00,100 גרם,false,,5.90,0.0197,true,1,64645
7290019308188,false,ציפס קלאסי בסט צ'יפס,גרין האוס,EG,ציפס קלאסי בסט צ'יפס,פריט,1.50,"ק""ג",false,,18.90,12.6000,true,1,64253
7290055090849,false,מרשמלו כרמית 500 גרם,כרמית,IL,מרשמלו כרמית 500 גרם,גרמים,500.00,100 גרם,false,,13.90,0.0278,true,1,9728
7290100653586,false,"דאו' ליידי ספיד סטיק 24/7 ג'ל ורוד 50מ""ל",ליידי ספיד סטיק Lady Speed Stick,US,דאו גל ליידי ספיד סט,Unknown,0.00,יחידה,false,,18.90,0.0000,true,1,9575
7290100680650,false,מנה חמה נודלס-אטריות ירקות טעם תאילנדי אסם 76 ג',THAI PRESIDENT FOODS,TH,מנה חמה נודלס תאילנד,גרמים,76.00,100 גרם,false,,4.90,0.0645,true,1,5219
7290100680667,false,מנה חמה נודלס-אטריות+ירקות טעם סצ'ואן,THAI PRESIDENT FOODS,TH,מנה חמה נודלס סצואן,גרמים,77.00,100 גרם,false,,4.90,0.0636,true,1,5220
7290100680711,false,פירורית זהב אסם זהב 350ג',עינת תעשיות מזון,IL,פירורית זהב אסם 350,גרמים,350.00,100 גרם,false,,7.90,0.0226,true,1,2459
7290100680728,false,פירורית רגילה שקית 350 גרם,מיוצר עי קונדיטוריית,IL,פירורית לבנה אסם 350,גרמים,350.00,100 גרם,false,,6.90,0.0197,true,1,2460
7290100681015,false,פודינג אינסטנט ריבת חלב 84 ג' אסם,מיוצר עי קונדיטוריית,IL,פודינג אינסטנט ריבת,גרמים,84.00,100 גרם,false,,4.90,0.0583,true,1,2461
7290100681138,false,מארז אפרופו חטיף תירס 3 יחידות,"אסם השקעות בע""מ",IL,מארז אפרופו 3*50 גרם,גרמים,150.00,100 גרם,false,,11.90,0.0793,true,1,4454
7290100685068,false,פודינג וניל עם פצפוצי שוקולד 110 ג' אסם,אסם תעשיות,IL,פודינג אינסטנט וניל,גרמים,110.00,100 גרם,false,,4.90,0.0445,true,1,51589
7290100685136,false,"מרק בטעם עוף 1 ק""ג אסם","אסם השקעות בע""מ",IL,מרק בטעם עוף אסם 1 ק,פריט,1.00,"ק""ג",false,,12.90,12.9000,true,1,2471
7290100685334,false,אבקת מרק עוף אמיתי ר.טבעיים 400ג' אסם,"אסם השקעות בע""מ",IL,מרק עוף אמיתי ר.טבעי,גרמים,400.00,100 גרם,false,,19.90,0.0497,true,1,28057
7290100685341,false,מרק בטעם עוף זך רכיבים טבעיים 400 ג' אסם,"אסם השקעות בע""מ",IL,מרק בטעם עוף זך ר. ט,גרמים,400.00,100 גרם,false,,9.90,0.0248,true,1,2472
7290100700396,false,"סוגת אורז יסמין קלאסי 1 ק""ג",האי נאם סי או אל.טי.,IL,"אורז יסמין סוגת 1 ק""",פריט,1.00,"ק""ג",false,,10.90,10.9000,true,1,5670
7290100702741,false,"סוכר חום בהיר בצנצנת 1 ק""ג סוגת",סוגת,IL,סוכר חום בהיר סוגת 1,פריט,1.00,"ק""ג",false,,9.90,9.9000,true,1,12313
7290100850909,false,דוריטוס בטעם נאצ'ו מקסיקני,שטראוס פריטו ליי בע,IL,דוריטוס נאצו מקסיקני,גרמים,70.00,100 גרם,false,,3.20,0.0457,true,1,2482
7290100850916,false,דוריטוס בטעם חמוץ חריף,"שטראוס פריטו ליי בע""",IL,דוריטוס חמוץ חריף 70,גרמים,70.00,100 גרם,false,,3.20,0.0457,true,1,2483
7290100850923,false,דוריטוס גריל 70 גרם,שטראוס פריטו ליי בע,IL,דוריטוס גריל 70 גרם,גרמים,70.00,100 גרם,false,,3.20,0.0457,true,1,2484
7290100850930,false,דוריטוס דיפ טבעי 70ג,שטראוס פריטו ליי בע,IL,דוריטוס טבעי 70 גרם,גרמים,70.00,100 גרם,false,,3.20,0.0457,true,1,2485
7290100858592,false,אבקת קקאו עלית שקית 150 ג',הנסיך- מפעל לייצור ט,IL,קקאו עלית 150 גרם כש,גרמים,150.00,100 גרם,false,,9.90,0.0660,true,1,2490
7290100858608,false,אבקת קקאו עלית שקית 500 ג',שטראוס גרופ,IL,קקאו עלית 500 גרם,גרמים,500.00,100 גרם,false,,23.90,0.0478,true,1,2491
7290100921401,false,"שמפו הוואי מועשר בקרטין 700מ""ל",טרופיקל דגיל,IL,שמפו הוואי קרטין 700,מיליליטרים,700.00,"100 מ""ל",false,,8.90,0.0127,true,1,12504
7290100921418,false,"הוואי - מרכך קרטין מחזק 700 מ""ל",תאי פרזידנט פוד פאבל,IL,מרכך הוואי קרטין 700,מיליליטרים,700.00,"100 מ""ל",false,,8.90,0.0127,true,1,12506
7290100922569,false,קרם לטיפוח עוד הידיים והגוף- מארז שלישייה,טרופיקל דגיל,IL,קרם ידיים ולווטה 3*1,מיליליטרים,300.00,"100 מ""ל",false,,14.90,0.0497,true,1,14188
7290101113409,false,גלידה יופלה פריזי יוגורט תות מאגדת 400 ג',הגלידות של פלדמן,IL,מאגדת יופלה יוגורט ת,גרמים,350.00,100 גרם,false,,19.90,0.0569,true,1,52590
7290101113584,false,מאגדת טילונים שוקולד לבן עם ליבת שוקולד 400 ג',הגלידות של פלדמן,IL,טילוני יולו לבן עם ל,גרמים,400.00,100 גרם,false,,19.90,0.0497,true,1,57507
7290101113591,false,טילוני יולו גלידת שוקולד לבן עם שברי עוגיות,הגלידות של פלדמן,IL,טילוני יולו לבן עם ע,גרמים,400.00,100 גרם,false,,19.90,0.0497,true,1,57506
7290101113751,false,מאגדת שלגון קרמל ושוקולד בלונדי רביעיה * 50 ג' יולו,הגלידות של פלדמן,IL,מאגדת שלגוני יולו בל,גרמים,200.00,100 גרם,false,,18.90,0.0945,true,1,64514
7290101113768,false,מאגדת שלגון עוגיות ושוקולד חלב רביעיה * 50 ג' יולו,הגלידות של פלדמן,IL,מאגדת שלגוני יולו שו,גרמים,200.00,100 גרם,false,,18.90,0.0945,true,1,64528
7290101113805,false,מאגדת קרחון שייק פרי תות 70% פרי 5*70 ג' יופלה,הגלידות של פלדמן,IL,מאגדת יופלה שרבט תות,גרמים,350.00,100 גרם,false,,19.90,0.0569,true,1,64517
7290101113911,false,מנבו בטעם מוקה 12 יח,הגלידות של פלדמן,IL,מנבו בטעם מוקה 12 יח,גרמים,288.00,100 גרם,false,,19.90,0.0691,true,1,64497
7290101486688,true,מארז חטיף פרי דגנים,,,מארז חטיף פרי דגנים,גרמים,0.00,100 גרם,false,,14.90,0.0000,true,1,44733
7290101488286,false,"ליידי ספיד סטיק - דאודורנט ספריי לאישה 24/7 פרש פיוזן ורוד 150 מ""ל",ליידי ספיד סטיק Lady Speed Stick,RU,דאו ספריי ליידי ספיד,מיליליטרים,150.00,"100 מ""ל",false,,13.90,0.0927,true,1,6639
7290101488323,false,ליידי ספיד סטיק - דאודורנט סטיק לאישה ללא סימן ירוק סטיק 65 גרם,ליידי ספיד סטיק Lady Speed Stick,BY,דאו ליידי ספיד סטיק,גרמים,65.00,100 גרם,false,,18.90,0.2908,true,1,6644
7290101501138,false,כרובית ארוזה יח,אראל תוצרת חקלאית בע,IL,כרובית ארוזה,Unknown,0.00,יחידה,false,,9.90,0.0000,true,1,24581
7290101551027,false,קפסולות קפה אספרסו חזק במיוחד 14 עלית 10 יח',הנסיך- מפעל לייצור ט,IL,קפסולות עלית 14 חזק,Unknown,0.00,יחידה,false,,15.50,0.0000,true,1,43191
7290101551263,false,סילאן טבעי ללא תוספת סוכר,"פוליבה בע""מ",IL,סילאן טבעי יד מרדכי,גרמים,700.00,100 גרם,false,,19.90,0.0284,true,1,47619
7290101551539,false,יוגורט PRO בטעם אפרסק 0% 20 גרם חלבון בגביע,דנונה - שטראוס,IL,דנונה פרו אפרסק 0% 2,גרמים,200.00,100 גרם,false,,5.90,0.0295,true,1,39000
7290101551584,false,תפוצ'יפס קידס מארז 10 יח' * 20 ג',"שטראוס פריטו ליי בע""",IL,מארז תפוציפס קידס 10,גרמים,200.00,100 גרם,false,,12.90,0.0645,true,1,40206
7290101554233,false,מארז ציטוס כאפה 16*2,שטראוס,IL,מארז ציטוס כאפה 16*2,גרמים,320.00,100 גרם,false,,17.90,0.0559,true,1,38445
7290101554240,false,מארז ציטוס איקס עיגו,שטראוס,IL,מארז ציטוס איקס עיגו,גרמים,320.00,100 גרם,false,,17.90,0.0559,true,1,38444
7290101863410,false,"סיליט ניקוי עוצמתי מכיל אקונומיקה 750 מ""ל",סיליט באנג Cillit Bang,PL,תרסיס סיליט באנג עם,מיליליטרים,750.00,"100 מ""ל",false,,12.50,0.0167,true,1,20639
7290101865216,false,"אבקת קולון 9 ק""ג",זוהר דליה,IL,"אבקת קולון 9 ק""ג",פריט,9.00,"ק""ג",false,,59.90,6.6556,true,1,18547
7290101865261,false,"פיניש נוזל הברקה 800 מ""ל",רקיט בנקיזר,PL,נוזל הברקה פיניש 800,מיליליטרים,800.00,"100 מ""ל",false,,19.90,0.0249,true,1,6327
7290101866633,false,ווניש קליה ג`ל להסרת כתמים 3 ל',קליה וניש Kalia Vanish,IL,גל וניש קליה 3 ליטר,קילוגרמים,3.00,ליטר,false,,28.90,9.6333,true,1,6632
7290101866787,false,מסיר כתמים ומלבין לכביסה לבנה 3 ל וניש קליה,קליה וניש Kalia Vanish,PL,גל וניש קליה כביסה ל,קילוגרמים,3.00,ליטר,false,,28.90,9.6333,true,1,11664
7290101867623,false,תרסיס וינדולין חלונו,,,תרסיס וינדולין חלונו,קילוגרמים,2.25,ליטר,false,,24.90,11.0667,true,1,7663
7290101868460,false,"אבקת כביסה 101 8 ק""ג קולון",רקיט בנקיזר,IL,אבקת קולון 8 קג,פריט,8.00,"ק""ג",false,,54.90,6.8625,true,1,31853
7290101868958,false,"פיניש נוזל הברקה למדיח בניחוח לימון 500 מ""ל",רקיט בנקיזר,PL,נוזל הברקה פיניש לימ,מיליליטרים,800.00,"100 מ""ל",false,,19.90,0.0249,true,1,16420
7290101869726,false,ג'ל מרוכז למדיח פיניש all in one max,רקיט בנקיזר,PL,גל למדיח פיניש 1 ליט,קילוגרמים,1.00,ליטר,false,,42.50,42.5000,true,1,17775
7290101869733,false,ג'ל למדיח פיניש לימון,רקיט בנקיזר,PL,גל למדיח פיניש לימון,קילוגרמים,1.00,ליטר,false,,42.50,42.5000,true,1,17776
7290101869757,false,מבשם אויר מכשיר אוטמטי חלום אואזיס,רקיט בנקיזר,PL,מבשם אוטומטי אירוויק,Unknown,0.00,יחידה,false,,37.90,0.0000,true,1,24012
7290101869764,false,אירוויק מבשם אוויר מכשיר אוטומטי חלום ליל קיץ,רקיט בנקיזר,PL,מבשם אוטומטי אירוויק,Unknown,0.00,יחידה,false,,37.90,0.0000,true,1,24011
7290101869801,false,איירוויק מכשיר מבשם חשמלי אואזיס,רקיט בנקיזר,GB,מטהר חשמלי אירוויק +,Unknown,0.00,יחידה,false,,19.90,0.0000,true,1,51254
7290101869818,false,אירוויק מכשיר חשמלי מבשם חלום ליל קיץ,איירוויק Air Wick,GB,מטהר חשמלי אירוויק +,Unknown,0.00,יחידה,false,,19.90,0.0000,true,1,51255
7290101869825,false,מילוי למכשיר מבשם אויר חשמלי אואזיס,איירוויק Air Wick,PL,מילוי מבשם חשמלי איר,Unknown,0.00,יחידה,false,,15.90,0.0000,true,1,51248
7290101869832,false,מילוי למכשיר מבשם אויר חשמלי חלום ליל קיץ,איירוויק Air Wick,PL,מילוי מבשם חשמלי איר,Unknown,0.00,יחידה,false,,15.90,0.0000,true,1,51249
7290102030330,false,תפוצ'יפס קראנצ' בטעם מקסיקני,"שטראוס פריטו ליי בע""",IL,תפוציפס קראנצ מקסיקנ,גרמים,200.00,100 גרם,false,,9.90,0.0495,true,1,20710
7290102031276,false,מארז 8 יחידות אקטימל משקה יוגורט בטעם תות בננה,מיוצר עי קונדיטוריית,IL,אקטימל תות בננה דנונ,מיליליטרים,800.00,"100 מ""ל",false,,19.50,0.0244,true,1,3411
7290102032334,false,אבקה להכנת משקה קפה בטעם וניל,STRAUSS-ISRAEL,IL,קפה נמס וניל 200 גרם,גרמים,200.00,100 גרם,false,,19.90,0.0995,true,1,2494
7290102060764,false,מארז זוג מברשות שיניים מרידול,יבואן ומשווק: ש. שסט,CH,מברשת מרידול 2 יח,Unknown,0.00,יחידה,false,,18.90,0.0000,true,1,44031
7290102060979,false,"אלמקס משחת שיניים משפחתי 100 מ""ל",יבואן ומשווק: ש. שסט,PL,"משחת אלמקס 100 מ""ל",מיליליטרים,100.00,"100 מ""ל",false,,17.90,0.1790,true,1,4462
7290102062195,false,"אלמקס משחת שיניים אלמקס גוניור 75 מ""ל",יבואן ומשווק: ש. שסט,PE,משחת אלמקס גוניור 75,גרמים,75.00,100 גרם,false,,9.90,0.1320,true,1,10379
7290102390427,false,יוגורט ביו עם קציפת תות 3% שומן 150 ג' מולר,מולר Muller,IL,מולר פרופ תות 150 גר,מיליליטרים,150.00,"100 מ""ל",false,,4.80,0.0320,true,1,2498
7290102390465,false,יוגורט ביו עם קציפת אפרסק ופסיפלורה 3% שומן 150 ג' מולר,מולר Muller,IL,מולר פרופ אפרסק ופסי,מיליליטרים,150.00,"100 מ""ל",false,,4.80,0.0320,true,1,2499
7290102390489,false,יוגורט ביו עם קציפת לימון 3% שומן 150 ג' מולר,מולר Muller,IL,מולר פרופ לימון 150,מיליליטרים,150.00,"100 מ""ל",false,,4.80,0.0320,true,1,2500
7290102391844,false,יוגורט ביו עם קציפת פירות יער3% שומן 150 ג' מולר,מולר Muller,IL,מולר פרופ פירות יער,מיליליטרים,150.00,"100 מ""ל",false,,4.80,0.0320,true,1,3534
7290102392049,false,גבינה תבור לאפייה 5% 500 ג' צוריאל,מחלבת משק צוריאל,IL,גבינת תבור 5% צוריאל,גרמים,500.00,100 גרם,false,,19.90,0.0398,true,1,4310
7290102392094,false,חלב עיזים 4.1% צוריאל 1 ל' קרטון,מילקו תעשיות בעמ,IL,חלב עיזים צוריאל 1 ל,גרמים,250.00,100 גרם,false,,14.90,0.0596,true,1,3772
7290102392254,false,חלב 1% בקרטון 2 ל' טרה,מילקו תעשיות בעמ,IL,חלב 1% טרה 2 ליטר,קילוגרמים,2.00,ליטר,false,,11.60,5.8000,true,1,4495
7290102393039,false,מולר מיקס יוגורט קרמי בתוספת פצפוצי שוקולד 170 ג',קריות זול,IL,מולר מיקס פצפוצי שוק,מיליליטרים,150.00,"100 מ""ל",false,,5.60,0.0373,true,1,4747
7290102393060,false,מיקס יוגורט גליליות וופל קרם אגוזים 170 ג' מולר,קריות זול,IL,מולר מיקס גלילות 170,מיליליטרים,150.00,"100 מ""ל",false,,5.60,0.0373,true,1,4745
7290102393169,false,סימפלי פרוט יוגורט תות 3% שומן 150 ג' מולר,מולר Muller,IL,מולר סימפלי תות 150,גרמים,150.00,100 גרם,false,,4.80,0.0320,true,1,5323
7290102393176,false,סימפלי פרוט יוגורט אפרסק 3% שומן 150 ג' מולר,מילקו תעשיות בעמ,IL,מולר סימפלי אפרסק 15,גרמים,150.00,100 גרם,false,,4.80,0.0320,true,1,5324
7290102393190,false,סימפלי פרוט פירות היער 3% שומן 150 ג' מולר,מילקו תעשיות בעמ,IL,מולר סימפלי פירות יע,גרמים,150.00,100 גרם,false,,4.80,0.0320,true,1,5325
7290102393268,false,**טרה גבינה לבנה אריזת חיסכון 5% 750ג,טרה,IL,גבינה 5% טרה 750 גרם,גרמים,750.00,100 גרם,false,,11.90,0.0159,true,1,4839
7290102393947,false,סימפלי פרוט יוגורט בטעם קיווי 3% שומן 150 ג' מולר,מילקו תעשיות בעמ,IL,מולר סימפלי קיווי 15,גרמים,150.00,100 גרם,false,,4.80,0.0320,true,1,5978
7290102394081,false,מולר מיקס יוגורט קרמי עם קורנפלקס מצופה שוקולד,מילקו תעשייה בעמ,IL,מולר מיקס קורנפלקס מ,גרמים,170.00,100 גרם,false,,5.60,0.0329,true,1,5979
7290102394258,false,גבינת מה עז 9% שומן צוריאל 180 ג',מחלבת משק צוריאל,IL,גבינה מה עז 9% צוריא,גרמים,180.00,100 גרם,false,,20.90,0.1161,true,1,6387
7290102394463,false,נעם גבינה צהובה וואקום 28% 500גרם,Unknown,IL,גבינה נעם 28% 500 גר,גרמים,500.00,100 גרם,false,,23.90,0.0478,true,1,9612
7290102394821,false,נעם גבינה צהובה דק דק פ.ח 28% 200גר,מילקו תעשיות בעמ,IL,פרוסות גבינה נעם קלא,גרמים,200.00,100 גרם,false,,15.20,0.0760,true,1,7417
7290102394845,false,פרוסות גבינת נעם מופחתת שומן 9%,מילקו תעשיות בעמ,IL,פרוסות גבינה נעם 9%,גרמים,200.00,100 גרם,false,,16.90,0.0845,true,1,7346
7290102395217,false,מאגדת שמיניה מולר במתיקות מעודנת 1.2% 8*150 ג',מולר Muller,IL,מארז מולר ביאנקו במת,קילוגרמים,1.20,ליטר,false,,17.90,14.9167,true,1,8512
7290102395224,false,מארז 8 גביעים יוגורט ביו בטעם טבעי 1.7%,מולר Muller,IL,מארז מולר נטורל 1.7%,קילוגרמים,1.20,ליטר,false,,15.90,13.2500,true,1,8336
7290102395231,false,מולר נטורל 2.8% ביאנקו מאגדת 8 יח' * 150 ג',מולר Muller,IL,מארז מולר נטורל 2.8%,קילוגרמים,1.20,ליטר,false,,15.90,13.2500,true,1,8337
7290102395262,false,מארז 8 גביעים יוגורט בטעם תות שדה ואפרסק 3% Simply Fruit,מולר Muller,IL,מארז מולר סימפלי תות,קילוגרמים,1.20,ליטר,false,,28.90,24.0833,true,1,8788
7290102395347,false,יוגורט 6% שומן 3 ל' טרה,טרה,IL,משקה יוגורט 6% טרה 3,קילוגרמים,3.00,ליטר,false,,27.90,9.3000,true,1,27718
7290102395439,false,מארז 8 גביעים יוגורט בטעם פירות יער וקיווי 3% Simply Fruit,מילקו תעשיות בעמ,IL,מארז מולר סימפלי פיר,קילוגרמים,1.20,ליטר,false,,28.90,24.0833,true,1,37980
7290102395446,false,מעדן חלב בטעם וניל עם קצפת 123 ג' טרה,טרה,IL,מעדן מוו וניל עם קצפ,גרמים,123.00,100 גרם,false,,2.90,0.0236,true,1,8579
7290102395477,false,מעדן חלב בטעם שוקולד עם קצפת 123 ג' טרה,Unknown,IL,מעדן מוו שוקולד עם ק,גרמים,123.00,100 גרם,false,,2.90,0.0236,true,1,8577
7290102395521,false,"שמנת לבישול 15% שומן 500 מ""ל טרה",מילקו תעשיות בעמ,IL,שמנת לבישול 15% טרה,מיליליטרים,500.00,"100 מ""ל",false,,15.90,0.0318,true,1,12312
7290102396047,true,מולר סימפלי אננס 150,,,מולר סימפלי אננס 150,גרמים,0.00,100 גרם,false,,4.80,0.0000,true,1,11475
7290102396399,false,מארז 8 יחידות מעדן חלב בטעם שוקולד 1.5%,טרה,IL,מארז מעדן מוו שוקולד,גרמים,800.00,100 גרם,false,,11.90,0.0149,true,1,13280
7290102396405,false,מארז 8 יחידות מעדן חלב בטעם וניל 1.5%,טרה,IL,מארז מעדן מוו וניל 8,גרמים,800.00,100 גרם,false,,11.90,0.0149,true,1,13281
7290102396580,false,מעדן שוקולד ומוס שוקולד 123 ג' טרה,טרה,IL,מעדן מוו מוס שוקו 11,גרמים,123.00,100 גרם,false,,2.90,0.0236,true,1,13278
7290102396597,false,מעדן חלב עם מוס בטעם שוקו וניל,טרה,IL,מעדן מוו מוס שוקו ונ,גרמים,123.00,100 גרם,false,,2.90,0.0236,true,1,13279
7290102396665,false,פרוסות גבינת נעם מופחתת שומן 15%,מילקו תעשיות בעמ,IL,פרוסות גבינה נעם 15%,גרמים,200.00,100 גרם,false,,15.20,0.0760,true,1,18872
7290102396719,false,יוגורט ביו עם תות שדה 0% Simply Fruit,מולר Muller,IL,מולר סימפלי תות 0% 1,גרמים,150.00,100 גרם,false,,4.80,0.0320,true,1,14734
7290102396740,false,מארז 8 גביעים יוגורט בטעם תות שדה ואפרסק 0% Simply Fruit,מילקו תעשיות בעמ,IL,מארז מולר סימפלי תות,קילוגרמים,1.20,ליטר,false,,28.90,24.0833,true,1,14737
7290102397075,false,יוגורט בקרטון 4% שומן 1.5ל' טרה,טרה,IL,משקה יוגורט 4% טרה 1,פריט,1.50,"ק""ג",false,,12.90,8.6000,true,1,16625
7290102397204,false,פרוסות גבינה 22% שומן 200 ג' נעם,מילקו תעשיות בעמ,IL,פרוסות גבינה נעם 22%,גרמים,200.00,100 גרם,false,,15.20,0.0760,true,1,18871
7290102397310,false,מעדן מיני בטעם שוקולד קצפת מוו מאגדת 8 יח' * 70 ג',טרה,IL,מארז מעדן מוו שוקולד,גרמים,560.00,100 גרם,false,,11.90,0.0213,true,1,22138
7290102397334,false,גבינה בולגרית 5% צוריאל גליל 250ג',מחלבת משק צוריאל,IL,גבינה בולגרית 5% צור,גרמים,250.00,100 גרם,false,,17.90,0.0716,true,1,21511
7290102397464,false,יוגורט ביו בתוספת גרעינים אגוזים וחמוציות 170 ג' מולר,מולר Muller,IL,מולר נטורל עם פיצוחי,מיליליטרים,150.00,"100 מ""ל",false,,5.60,0.0373,true,1,27723
7290102397600,false,מיקס יוגורט בתוספת שקדים ובוטנים מקורמלים 170 ג' מולר,מילקו תעשייה בעמ,IL,מולר מיקס שקדים ובוט,מיליליטרים,150.00,"100 מ""ל",false,,5.60,0.0373,true,1,23375
7290102397617,false,יוגורט ביו קרמי עם כדורים מצופים שוקולד חום לבן,מולר Muller,IL,מולר מיקס קליק כדורי,מיליליטרים,150.00,"100 מ""ל",false,,5.60,0.0373,true,1,23374
7290102397679,false,קוטג' וחצי 5% טרה 375 ג',Unknown,IL,קוטג 5% טרה 375 גרם,גרמים,375.00,100 גרם,false,,6.90,0.0184,true,1,26856
7290102397730,false,פרוסות גבינה אמנטל חצי קשה 30% שומן 200 ג' נעם,Unknown,IL,גבינה נעם אמנטל 30%,גרמים,200.00,100 גרם,false,,14.90,0.0745,true,1,29308
7290102397747,false,פרוסות גבינת מוצרלה נעם מחלב בקר 22%,טרה,IL,גבינה נעם מוצרלה פרו,גרמים,200.00,100 גרם,false,,15.90,0.0795,true,1,31782
7290102397891,false,גבינת מותכת 18% צוריאל 100ג',משק צוריאל,IL,גבינה מותכת צוריאל 1,גרמים,100.00,100 גרם,false,,6.90,0.0690,true,1,27720
7290102398065,false,**חלב בקרטון 2 ליטר 3% מהדרין - טרה,Unknown,IL,חלב 3% טרה 2 ליטר וס,קילוגרמים,2.00,ליטר,false,,12.30,6.1500,true,1,29799
7290102398478,false,לאבנה 9% שומן 500 ג' טרה,טרה,IL,לאבנה 9% טרה 500 גרם,גרמים,500.00,100 גרם,false,,16.90,0.0338,true,1,38701
7290102398560,false,שוקו מעושר בבקבוק 1ל' טרה,מילקו תעשיות בעמ,IL,משקה שוקו טרה 1 ליטר,קילוגרמים,1.00,ליטר,false,,10.90,10.9000,true,1,38768
7290102398577,false,משקה חלב בטעם שוקו 2% בבקבוק אישי,מילקו תעשיות בעמ,IL,שוקו מועשר טרה 250 מ,מיליליטרים,250.00,"100 מ""ל",false,,5.20,0.0208,true,1,62476
7290102398614,false,משקה חלב בטעם בננה 1 ליטר טרה,מילקו תעשיות בעמ,IL,משקה בננה טרה 1 ליטר,קילוגרמים,1.00,ליטר,false,,10.90,10.9000,true,1,38769
7290102398638,false,משקה חלב בטעם מוקה 1 ליטר טרה,מילקו תעשיות בעמ,IL,משקה מוקה טרה 1 ליטר,קילוגרמים,1.00,ליטר,false,,10.90,10.9000,true,1,38770
7290102398669,false,משקה חלב עם קפה אייס קפוצ'ינו 1.5%,מילקו תעשיות בעמ,IL,משקה אייס קפוצ'ינו ט,קילוגרמים,1.00,ליטר,false,,10.90,10.9000,true,1,51723
7290102398782,false,משקה סויה קלאסי צוריאל 1 ל',משק צוריאל,IT,משקה סויה צוריאל 1 ל,קילוגרמים,1.00,ליטר,false,,9.90,9.9000,true,1,49840
7290102398799,false,משקה סויה במתיקות מופחתת 1 ליטר משק צוריאל,משק צוריאל,IT,משקה סויה במתיקות מו,קילוגרמים,1.00,ליטר,false,,9.90,9.9000,true,1,49841
7290102398805,false,משקה סויה - וניל 1 ליטר משק צוריאל,משק צוריאל,IT,משקה סויה וניל צוריא,קילוגרמים,1.00,ליטר,false,,9.90,9.9000,true,1,49842
7290102398836,false,משקה שקדים קלאסי 1 ליטר משק צוריאל,משק צוריאל,IT,משקה שקדים צוריאל 1,קילוגרמים,1.00,ליטר,false,,11.90,11.9000,true,1,49839
7290102399048,false,פרוסות גבינת קשקבל נעם 200 ג' טרה,טרה,IL,גבינה נעם קשקבל 200,גרמים,200.00,100 גרם,false,,18.90,0.0945,true,1,45825
7290102399635,false,"מולר פרופ יוגורט ביו עם קציפת קוקוס ואננס 150 מ""ל",מולר Muller,IL,מולר פרופ טרופיקל קו,מיליליטרים,150.00,"100 מ""ל",false,,4.80,0.0320,true,1,52270
7290102399796,false,מעדן יוגורט לבן מועשר בחלבון 200 ג' מולר אקטיב,מולר Muller,IL,מולר אקטיב לבן 25 גר,גרמים,200.00,100 גרם,false,,4.90,0.0245,true,1,52272
7290102399802,false,יוגורט עם תות מולר אקטיב מועשר בחלבון 200 גר',מולר Muller,IL,מולר אקטיב תות 20 גר,גרמים,200.00,100 גרם,false,,5.50,0.0275,true,1,52273
7290102399819,false,יוגורט עם פירות יער מולר אקטיב מועשר בחלבון 200 גר',מולר Muller,IL,מולר אקטיב פירות יער,גרמים,200.00,100 גרם,false,,5.50,0.0275,true,1,52274
7290102399857,false,"יוגורט אקטיב עם תות 0% , 20 גרם חלבון בגביע",מולר Muller,IL,מולר אקטיב תות לייט,גרמים,200.00,100 גרם,false,,5.50,0.0275,true,1,52276
7290102928354,true,מחבת רומא 22,,,מחבת רומא 22,Unknown,0.00,יחידה,false,,21.90,0.0000,true,1,8812
7290102929115,true,סט 7 חלקים נירוסטה,,,סט 7 חלקים נירוסטה,Unknown,0.00,יחידה,false,,99.90,0.0000,true,1,8800
7290103120658,false,דאודורנט סטיק ג'ל לגבר Cool Night 24/7,הנסיך- מפעל לייצור ט,US,דאו גל ספיד סטיק קול,גרמים,85.00,100 גרם,false,,18.90,0.2224,true,1,6646
7290103121600,false,"ספיד סטיק - דאודורנט ספריי לגבר 24/7 קול פיוזן 150 מ""ל",קולגייט פלמוליב,BY,דאו ספריי ספיד סטיק,מיליליטרים,165.00,"100 מ""ל",false,,13.90,0.0842,true,1,9572
7290103124588,false,פלמוליב סבון נוזלי סגול משאבה 750 מל,הנסיך- מפעל לייצור ט,TR,ג'ל רחצה פלמוליב ארו,מיליליטרים,750.00,"100 מ""ל",false,,19.50,0.0260,true,1,6673
7290103124601,false,"תחליב רחצה נוזל חלב ודבש משאבה 750מ""ל פלמוליב",הנסיך- מפעל לייצור ט,TR,תחליב פלמוליב חלב וד,מיליליטרים,750.00,"100 מ""ל",false,,19.50,0.0260,true,1,6672
7290103126797,false,משחת שיניים סנסיטיב פרו רליף Sensitive Pro - Reliefe,הנסיך- מפעל לייצור ט,BR,משחת קולגייט סנסטיב,מיליליטרים,75.00,"100 מ""ל",false,,21.90,0.2920,true,1,50145
7290103129378,false,ספיד סטיק - דאודורנט ג'ל לגבר איקס 5 85 גרם,הנסיך- מפעל לייצור ט,US,דאו גל ספיד סטיק איק,Unknown,0.00,יחידה,false,,17.90,0.0000,true,1,37401
7290103129392,false,ליידי ספיד סטיק פרש פרח אינפיוזן,ליידי ספיד סטיק Lady Speed Stick,BY,דאו ליידי ספיד סטיק,גרמים,65.00,100 גרם,false,,18.90,0.2908,true,1,9563
7290103129408,false,ליידי ספיד סטיק - דאודורנט סטיק לאישה פרש אסנס פריחת הפרדס 65 גרם,ליידי ספיד סטיק Lady Speed Stick,BY,דאו ליידי ספיד סטיק,גרמים,65.00,100 גרם,false,,18.90,0.2908,true,1,9564
7290103153779,false,מכסים לתבניות גדולות,אופל אריזות בעמ,IL,מכסים לתבניות גדולות,Unknown,0.00,יחידה,false,,5.90,0.0000,true,1,6432
7290103153786,false,מכסים לתבניות בינוני,אופל אריזות בעמ,IL,מכסים לתבניות בינוני,Unknown,0.00,יחידה,false,,5.90,0.0000,true,1,6433
7290103153793,false,מכסים לתבניות קטנות,אופל אריזות בעמ,IL,מכסים לתבניות קטנות,Unknown,0.00,יחידה,false,,5.90,0.0000,true,1,6434
7290103153823,false,צלחות קטנות נעימות ז,ב פ תעשיות,IL,צלחות קטנות נעימות ז,Unknown,0.00,יחידה,false,,29.90,0.0000,true,1,6936
7290103153830,false,צלחות גדולות נעימות,ב פ תעשיות,IL,צלחות גדולות נעימות,Unknown,0.00,יחידה,false,,49.90,0.0000,true,1,6935
7290103153847,false,צלחות מרק נעימות זהב,ב פ תעשיות,IL,צלחות מרק נעימות זהב,Unknown,0.00,יחידה,false,,32.90,0.0000,true,1,6939
7290103154110,true,כוס לונג 10 יח,,,כוס לונג 10 יח,Unknown,0.00,יחידה,false,,5.90,0.0000,true,1,7350
7290103154479,false,צלחות גדולות קשת 105,פאלאס,CN,צלחות גדולות קשת 105,Unknown,0.00,יחידה,false,,37.90,0.0000,true,1,8521
7290103154486,false,צלחות מרק קשת 125 יח,פאלאס,CN,צלחות מרק קשת 125 יח,Unknown,0.00,יחידה,false,,37.90,0.0000,true,1,8522
7290103155087,false,שקיות אשפה עם ידיות,רווח,CN,שקיות אשפה עם ידיות,Unknown,0.00,יחידה,false,,19.90,0.0000,true,1,10530
7290103155582,false,מכסים לתבנית בינוני,אופל אריזות בעמ,IL,מכסים לתבנית בינוני,Unknown,0.00,יחידה,false,,5.90,0.0000,true,1,10928
7290103156138,false,מפת אלבד מדוגם גליל,דיספובד,IL,מפת אלבד מדוגם גליל,Unknown,0.00,יחידה,false,,29.90,0.0000,true,1,11026
7290103156480,false,מזלגות חד פעמי 100 י,MAZLUM,TR,מזלגות חד פעמי 100 י,Unknown,0.00,יחידה,false,,6.90,0.0000,true,1,13660
7290103156930,false,כוסות יהלום 40 יח,LARIPLAST,IL,כוסות יהלום 40 יח,Unknown,0.00,יחידה,false,,10.90,0.0000,true,1,15819
7290103157104,false,מפת אלבד צבעוני 4 יח,פאלאס,CN,מפת אלבד צבעוני 4 יח,Unknown,0.00,יחידה,false,,11.90,0.0000,true,1,24615
7290103203269,false,ליקר גולדן שוקולד 50,ישראליקר,IL,ליקר גולדן שוקולד 50,מיליליטרים,500.00,"100 מ""ל",false,,39.90,0.0798,true,1,43251
7290103401429,false,עלית אוריגינס קצב ברזילאי 200ג,הנסיך- מפעל לייצור ט,IL,קפה פלטינום ברזילאי,גרמים,200.00,100 גרם,false,,24.90,0.1245,true,1,3668
7290103703899,false,מפיות טאצ 80 יחי' צבעים כהים חד שכבתיות,,IL,מפיות טאצ' חד שכבתי,Unknown,0.00,יחידה,false,,4.90,0.0000,true,1,58859
7290103703974,false,מגבות נייר עדן 6 יח',שניב תעשיות נייר,IL,מגבות נייר עדן 6 יח',מטרים,63.00,מטר,false,,7.90,0.1254,true,1,52744
7290103704216,false,מגבות נייר קשת 16 יח,שניב תעשיות נייר,IL,מגבות נייר קשת 16 יח,Unknown,0.00,יחידה,false,,19.90,0.0000,true,1,55373
7290103704650,false,מגבות כדור פורח טאצ' שישיה,שניב תעשיות נייר,IL,מגבות נייר שניב 6 יח,מטרים,63.00,מטר,false,,8.90,0.1413,true,1,60014
7290103704971,false,נייר טואלט כפול סילק,,,נייר טואלט כפול סילק,מטרים,792.00,מטר,false,,34.90,0.0441,true,1,63209
7290104061417,false,חומוס טחינה אחלה 400 ג',"שטראוס גרופ בע""מ",IL,חומוס עם טחינה אחלה,גרמים,400.00,100 גרם,false,,9.90,0.0248,true,1,4033
7290104061424,false,חומוס אחלה עם זעתר 400 ג',מיוצר עי קונדיטוריית,IL,חומוס עם זעתר אחלה 4,גרמים,400.00,100 גרם,false,,9.90,0.0248,true,1,4032
7290104061431,false,חומוס אחלה עם צנובר 400 ג',"שטראוס גרופ בע""מ",IL,חומוס עם צנוברים אחל,גרמים,400.00,100 גרם,false,,9.90,0.0248,true,1,4034
7290104061448,false,חומוס עם חריף 400 ג' אחלה,מיוצר עי קונדיטוריית,IL,חומוס עם חריף אחלה 4,גרמים,400.00,100 גרם,false,,9.90,0.0248,true,1,4035
7290104062599,false,מארז 8 יחידות מעדן גמדים בטעמי תות ובננה,STRAUSS-ISRAEL,IL,מארז גמדים תות ובננה,גרמים,800.00,100 גרם,false,,17.90,0.0224,true,1,4070
7290104065187,false,אבקה להכנת משקה קפה בטעם מוקה,STRAUSS-ISRAEL,IL,קפה נמס מוקה 200 גרם,גרמים,200.00,100 גרם,false,,19.90,0.0995,true,1,23015
7290104066566,false,טחינה שומשום מלא אחלה 500 גר',מיוצר עי קונדיטוריית,IL,טחינה אחלה 500 גרם,גרמים,500.00,100 גרם,false,,13.90,0.0278,true,1,5189
7290104501661,false,אינסטנט פודינג בטעם וניל צרפתי,מיוצר עי קונדיטוריית,IL,פודינג אינסטנט קרם צ,גרמים,80.00,100 גרם,false,,4.90,0.0613,true,1,5570
7290104503184,false,עוגת הבית שבת בראוניס שוק' ריבת חלב 380ג',מיוצר עי קונדיטוריית,IL,עוגת בראוניס שוקולד,גרמים,380.00,100 גרם,false,,14.90,0.0392,true,1,6457
7290104504228,false,מארז אריזות מיני חטיף דובונים - 5 יח',"אסם השקעות בע""מ",IL,מארז דובונים 5*20 גר,גרמים,100.00,100 גרם,false,,12.90,0.1290,true,1,6169
7290104720499,false,מארז 8 יחידות מעדן דני בטעם וניל 1.5%,מיוצר עי קונדיטוריית,IL,מארז דני וניל 8*125,קילוגרמים,1.00,ליטר,false,,14.50,14.5000,true,1,5063
7290104721533,false,רצועות פלפלים קלויים אחלה 400 ג',מיוצר עי קונדיטוריית,IL,פלפלים קלויים טעמי ה,גרמים,400.00,100 גרם,false,,14.90,0.0373,true,1,5478
7290104721755,false,מארז קפה טורקי עלית,חברת המשקם לתעסוקת ק,IL,מארז קפה טורקי עלית,גרמים,435.00,100 גרם,false,,29.90,0.0687,true,1,5668
7290104722530,false,תפוצ'יפס בטעם שמנת ובצל,"שטראוס פריטו ליי בע""",IL,תפוציפס שמנת בצל 200,גרמים,200.00,100 גרם,false,,9.90,0.0495,true,1,20712
7290104726712,false,מארז 8 יחידות מעדן מילקי בטעם שוקולד עם קצפת,"שטראוס גרופ בע""מ",IL,מארז מילקי שוקולד 8*,פריט,1.06,"ק""ג",false,,19.90,18.7736,true,1,6273
7290104728310,false,"שמנת עמידה לקצפת 38% שומן 250 מ""ל יוטבתה",מחלבת יטבתה,IL,שמנת להקצפה 38% יטבת,מיליליטרים,250.00,"100 מ""ל",false,,6.40,0.0256,true,1,5887
7290104850776,false,מגש אובלי זהב 12 יח,פאלאס,IL,מגש אובלי זהב 12 יח,Unknown,0.00,יחידה,false,,15.90,0.0000,true,1,47467
7290104850790,false,מגש אובלי בורדו 12 י,פאלאס,IL,מגש אובלי בורדו 12 י,Unknown,0.00,יחידה,false,,15.90,0.0000,true,1,47468
7290104851681,false,קעריות אובלי זהב 25,פאלאס,IL,קעריות אובלי זהב 25,Unknown,0.00,יחידה,false,,6.90,0.0000,true,1,47470
7290104855368,false,מיכל 1 ליטר 12 יח,פאלאס,CN,מיכל 1 ליטר 12 יח,Unknown,0.00,יחידה,false,,19.90,0.0000,true,1,19245
7290104855375,false,מיכל 2 ליטר 10 יח,סנטר פלאסט,IL,מיכל 2 ליטר 10 יח,Unknown,0.00,יחידה,false,,19.90,0.0000,true,1,19198
7290104855382,false,מיכל 2.5 ליטר 6 יח,סנטר פלאסט,IL,מיכל 2.5 ליטר 6 יח,Unknown,0.00,יחידה,false,,19.90,0.0000,true,1,19199
7290104855399,false,מיכל 4 ליטר 5 יח,סנטר פלאסט,IL,מיכל 4 ליטר 5 יח,Unknown,0.00,יחידה,false,,19.90,0.0000,true,1,19200
7290104855405,false,מיכל 0.5 ליטר 15 יח,סנטר פלאסט,IL,מיכל 0.5 ליטר 15 יח,Unknown,0.00,יחידה,false,,19.90,0.0000,true,1,19201
7290104856839,false,מארז 6 יח נייר אלומי,פאלאס,CN,מארז 6 יח נייר אלומי,מטרים,30.00,מטר,false,,21.90,0.7300,true,1,21383
7290104856846,false,מארז 4 נייר אלומיניו,פאלאס,CN,מארז 4 נייר אלומיניו,מטרים,30.00,מטר,false,,21.90,0.7300,true,1,22567
7290104856853,false,מארז 3 נייר אלומיניו,פאלאס,CN,מארז 3 נייר אלומיניו,מטרים,22.50,מטר,false,,21.90,0.9733,true,1,22568
7290104856914,false,מפת אלבד מדוגם 2 יח,פאלאס,CN,מפת אלבד מדוגם 2 יח,Unknown,0.00,יחידה,false,,11.90,0.0000,true,1,24613
7290104857041,false,"כוסות ח""פ 100 יח",פאלאס,CN,"כוסות ח""פ 100 יח",Unknown,0.00,יחידה,false,,5.90,0.0000,true,1,24503
7290104858185,false,נרות חימום בפלסטיק 8,פאלאס,CN,נרות חימום בפלסטיק 8,Unknown,0.00,יחידה,false,,23.90,0.0000,true,1,26831
7290104858208,false,נרות חימום בפלסטיק 4,פאלאס,CN,נרות חימום בפלסטיק 4,Unknown,0.00,יחידה,false,,23.90,0.0000,true,1,26830
7290104858215,false,נרות חימום 8 שעות קש,פאלאס,CN,נרות חימום 8 שעות קש,Unknown,0.00,יחידה,false,,23.90,0.0000,true,1,26829
7290104858536,false,כוסות קינוח לפיד,FGM,CN,כוסות קינוח לפיד,Unknown,0.00,יחידה,false,,14.90,0.0000,true,1,27233
7290104858567,false,מפת אלבד מוטבע גליל,פאלאס,CN,מפת אלבד מוטבע גליל,Unknown,0.00,יחידה,false,,39.90,0.0000,true,1,27121
7290104858642,false,שקיות אשפה 75*90 לפי,רווח,CN,שקיות אשפה 75*90 לפי,Unknown,0.00,יחידה,false,,11.90,0.0000,true,1,26077
7290104858703,false,מפיות חג שמח 75 יח ד,פאלאס,CN,מפיות חג שמח 75 יח ד,Unknown,0.00,יחידה,false,,8.90,0.0000,true,1,26877
7290104858727,false,טישו קשת 5*140 יח,פאלאס,CN,טישו קשת 5*140 יח,Unknown,700.00,יחידה,false,,11.90,0.0170,true,1,29998
7290104858963,true,מארז קערות הגשה 9 יח,,,מארז קערות הגשה 9 יח,Unknown,0.00,יחידה,false,,19.90,0.0000,true,1,29536
7290104859267,false,שקיות אוכל קשת 3*150,פאלאס,CN,שקיות אוכל קשת 3*150,Unknown,0.00,יחידה,false,,9.90,0.0000,true,1,27998
7290104859410,false,"צלחת פשוטה 1 ק""ג לפיד",פאלאס,CN,צלחות גדולות לפיד 1,Unknown,0.00,יחידה,false,,32.90,0.0000,true,1,30155
7290104859779,false,כוסות איכותיות 40 יח,פאלאס,CN,כוסות איכותיות 40 יח,Unknown,0.00,יחידה,false,,10.90,0.0000,true,1,32873
7290104859960,false,מארז 4 יח מגשי קריסט,פאלאס,CN,מארז 4 יח מגשי קריסט,Unknown,0.00,יחידה,false,,12.90,0.0000,true,1,32593
7290104960970,false,דאודורנט ספריי טיטניום מטאל Titanium Metal,אמיליה קוסמטיקס בעמ,IL,דאו ספריי טיטניום מט,מיליליטרים,180.00,"100 מ""ל",false,,14.90,0.0828,true,1,6831
7290104962073,false,דאודורנט ספריי גוף טיטניום גולד Titanium Gold,אמיליה קוסמטיקס בעמ,IL,דאו ספריי טיטניום גו,מיליליטרים,150.00,"100 מ""ל",false,,14.90,0.0993,true,1,10750
7290104962134,false,דאודורנט רול און נושם+ For Girls ללא אלומיניום,אמיליה קוסמטיקס,IL,דאו רול און קרליין ל,מיליליטרים,75.00,"100 מ""ל",false,,11.70,0.1560,true,1,11023
7290104964756,false,"תיאדנט מי-פה 150מ""ל לילדים",סנו,IL,מי פה תיאדנט ענבים ל,מיליליטרים,150.00,"100 מ""ל",false,,14.70,0.0980,true,1,44643
7290104965647,false,קרליין דיאודורנט בנות רולאון סוויט קיס,מיוצר עי : אמיליה קו,IL,דאו רול און קרליין נ,מיליליטרים,75.00,"100 מ""ל",false,,11.70,0.1560,true,1,56786
7290105180186,false,"בקבוק מעוצב +ידיות ללא ביספינול 250 מ""ל",אריסטוקרט,,בקבוק תינוק מעוצב אר,Unknown,0.00,יחידה,false,,14.90,0.0000,true,1,5687
7290105180209,false,"בקבוק גדול 250מ""ל ללא ביספינול A מארז שלישיה",אריסטוקרט,IL,בקבוק צר לתינוק אריס,Unknown,0.00,יחידה,false,,16.90,0.0000,true,1,5686
7290105180216,false,פלסטר שקוף אריסטוקרט,אריסטוקרט,CN,פלסטר שקוף אריסטוקרט,Unknown,0.00,יחידה,false,,10.90,0.0000,true,1,7015
7290105180247,false,פלסטר מיקס אריסטוקרט,אריסטוקרט,CN,פלסטר מיקס אריסטוקרט,Unknown,0.00,יחידה,false,,10.90,0.0000,true,1,7013
7290105180261,false,"משחת נעליים + ידית 200 מ""ל",אריסטוקרט,TR,משחת נעליים אריסטוקר,גרמים,200.00,100 גרם,false,,9.90,0.0495,true,1,6324
7290105180315,false,ננסי קירצוף רביעייה,אריסטוקרט,CN,ננס קרצוף אריסטוקרט,Unknown,0.00,יחידה,false,,4.90,0.0000,true,1,76
7290105180353,false,"סכין גילוח לאישה ח""פ 10 יח'",אריסטוקרט,CN,סכיני גילוח אריסטוקר,Unknown,0.00,יחידה,false,,8.90,0.0000,true,1,7528
7290105180360,false,מוצץ סיליקון צבעוני שלישייה קטן,אריסטוקרט,,מוצץ סיליקון קטן לתי,Unknown,0.00,יחידה,false,,15.90,0.0000,true,1,9015
7290105180377,false,מוצץ סיליקון צבעוני רביעייה בינוני-מרכז,אריסטוקרט,,מוצץ סיליקון בינוני,Unknown,0.00,יחידה,false,,15.90,0.0000,true,1,9013
7290105180384,false,מוצץ סיליקון צבעוני שלישייה גדול,אריסטוקרט,,מוצץ סיליקון גדול לת,Unknown,0.00,יחידה,false,,15.90,0.0000,true,1,9014
7290105180391,false,בקבוק צר מעוצב לתינו,אריסטוקרט,,בקבוק צר מעוצב לתינו,Unknown,0.00,יחידה,false,,18.90,0.0000,true,1,9011
7290105180490,false,טלק ריחני לתינוק 200ג' כשר לפסח,אריסטוקרט,IL,"טלק אריסטוקרט 200 מ""",מיליליטרים,200.00,"100 מ""ל",false,,9.90,0.0495,true,1,57115
7290105180841,true,צמרוני אזניים עץ ארי,,,צמרוני אזניים עץ ארי,Unknown,0.00,יחידה,false,,3.90,0.0000,true,1,91
7290105180902,false,מברשת שיניים חמישיה אריסטוקרט,אריסטוקרט,CN,מברשת שיניים מבוגרים,Unknown,0.00,יחידה,false,,9.90,0.0000,true,1,55344
7290105180926,true,אטבי כביסה אריסטוקרט,,,אטבי כביסה אריסטוקרט,Unknown,0.00,יחידה,false,,9.90,0.0000,true,1,18507
7290105181732,false,זוג -מוצץ פרינס בינוני בקופסא,אריסטוקרט,IL,מוצצים סדרת מלכות אר,Unknown,0.00,יחידה,false,,19.90,0.0000,true,1,42424
7290105181855,false,"וזלין 100 גרם כשל""פ הרב לנדא אריסטוקרט",הרבל קוסמטיקס,IL,ג'ל פטרוליאום טהור א,מיליליטרים,100.00,"100 מ""ל",false,,7.90,0.0790,true,1,63556
7290105181954,false,מלבין טליתות ובגדי צ,BASF,DE,מלבין טליתות ובגדי צ,מיליליטרים,500.00,"100 מ""ל",false,,11.50,0.0230,true,1,47607
7290105182036,false,מברשת שיניים סיליקון לשבת הרב לנדא,אריסטוקרט,CN,מברשת שיניים סיליקון,Unknown,0.00,יחידה,false,,11.90,0.0000,true,1,55283
7290105182050,false,"אצטון 250 מ""ל",גרינפארם ים המלח,IL,"אצטון 250 מ""ל",מיליליטרים,250.00,"100 מ""ל",false,,5.90,0.0236,true,1,56608
7290105182067,false,"אלכוהול 70% 250 מ""ל",אריסטוקרט,IL,"אלכוהול 70% 250 מ""ל",מיליליטרים,250.00,"100 מ""ל",false,,11.90,0.0476,true,1,56609
7290105182111,false,קיסמי שיניים דנטלים,אריסטוקרט,CN,קיסמי שיניים דנטלים,Unknown,0.00,יחידה,false,,14.90,0.0000,true,1,56046
7290105182128,false,מקלוני חוט דנטלי 200,אריסטוקרט,CN,מקלוני חוט דנטלי 200,Unknown,0.00,יחידה,false,,14.90,0.0000,true,1,56047
7290105182258,false,שפתון פטסטיק לריכוך,הרבל קוסמטיקס,IL,שפתון פטסטיק לריכוך,Unknown,0.00,יחידה,false,,14.90,0.0000,true,1,61189
7290105360250,false,קפסולות 09 עשיר וארומטי למכונת נספרסו עלית 10יח',הנסיך- מפעל לייצור ט,IL,קפסולות עלית מס 9 למ,Unknown,0.00,יחידה,false,,15.50,0.0000,true,1,10409
7290105360328,false,קפסולות אספרסו חזק למכונות נספרסו 10 יח',הנסיך- מפעל לייצור ט,IL,קפסולות עלית מס 10 ל,Unknown,0.00,יחידה,false,,15.50,0.0000,true,1,10410
7290105360335,false,קפסולות קפה אספרסו עדין וקטיפתי,הנסיך- מפעל לייצור ט,IL,קפסולות עלית מס 7 ל,Unknown,0.00,יחידה,false,,15.50,0.0000,true,1,10411
7290105362339,false,"שמנת לבישול 15% 250 מ""ל יטבתה מהדרין",מחלבת יטבתה,IL,שמנת לבישול 15% יטבת,מיליליטרים,250.00,"100 מ""ל",false,,7.60,0.0304,true,1,7223
7290105364678,false,משקה אקטיביה בטעם אפרסק 1.3% שומן 265 ג' דנונה,מיוצר עי קונדיטוריית,IL,משקה אקטיביה אפרסק 1,גרמים,250.00,100 גרם,false,,4.80,0.0192,true,1,51618
7290105366023,false,חציל אחלה בטעם כבד 400 גר' אחלה,מיוצר עי קונדיטוריית,IL,חציל בטעם כבד טעמי ה,גרמים,400.00,100 גרם,false,,14.90,0.0373,true,1,6335
7290105366047,false,טחינה אחלה לבנה 400 גר',מיוצר עי קונדיטוריית,IL,טחינה לבנה טעמי השוק,גרמים,400.00,100 גרם,false,,14.90,0.0373,true,1,6419
7290105366993,false,סימפוניה גבינה במרקם שמנת פלפל שיפקה חריף 5%,"שטראוס בריאות בע""מ",IL,גבינת שמנת פלפל שיפק,גרמים,200.00,100 גרם,false,,9.70,0.0485,true,1,11165
7290105368331,false,מעדן מילקי בטעם תות עם קצפת,מחלבת אחיהוד,IL,מילקי תות 133 גרם,גרמים,133.00,100 גרם,false,,2.80,0.0211,true,1,7336
7290105368904,false,"שמנת מתוקה להקצפה 32% שומן 250 מ""ל יוטבתה",מחלבת יטבתה,IL,שמנת מתוקה להקצפה 32,מיליליטרים,250.00,"100 מ""ל",false,,6.90,0.0276,true,1,7897
7290105368928,false,"שמנת 9% שומן 200 מ""ל יוטבתה",מחלבת יטבתה,IL,שמנת חמוצה 9% יטבתה,מיליליטרים,200.00,"100 מ""ל",false,,2.90,0.0145,true,1,7221
7290105369130,false,סימפוניה גבינה במרקם שמנת בצל ירוק 5%,"שטראוס בריאות בע""מ",IL,גבינת שמנת בצל ירוק,גרמים,200.00,100 גרם,false,,9.70,0.0485,true,1,8515
7290105430441,false,תחליב רחצה סחלב שחור וקרם לחות Naturals משאבה,הנסיך- מפעל לייצור ט,TR,תחליב פלמוליב סחלב ש,מיליליטרים,750.00,"100 מ""ל",false,,19.50,0.0260,true,1,9081
7290105430458,false,תחליב רחצה מועשר בשקדים וקרם לחות Naturals משאבה,הנסיך- מפעל לייצור ט,TR,תחליב פלמוליב שקדים,מיליליטרים,750.00,"100 מ""ל",false,,19.50,0.0260,true,1,9082
7290105430496,false,ספייד סטיק סטין גארד,קולגייט פלמוליב,BY,דאו ספריי ספיד סטיק,מיליליטרים,165.00,"100 מ""ל",false,,13.90,0.0842,true,1,9574
7290105431516,false,פרי חטיפי בריאות מארז 5 תמרים בוטנים,טבעית מוצרים מן הטבע,IL,מארז חטיף פרי תמרים,גרמים,125.00,100 גרם,false,,14.90,0.1192,true,1,11915
7290105433961,false,"ליידי ספיד סטיק לסס פרש אסנס ספריי דובדבן, 150 מ""ל",קולגייט פלמוליב,BY,דאו ספריי ליידי ספיד,מיליליטרים,150.00,"100 מ""ל",false,,13.90,0.0927,true,1,12411
7290105434029,false,"ספיד סטיק - דאודורנט ספריי לגבר נוטרו פאואר 150 מ""ל",הנסיך- מפעל לייצור ט,BY,דאו ספריי ספיד סטיק,מיליליטרים,150.00,"100 מ""ל",false,,13.90,0.0927,true,1,17917
7290105434067,false,ספיד סטיק - דאודורנט סטיק לגבר XL אושן סרף 85 גרם,קולגייט פלמוליב,BY,דאו ספיד סטיק אושן 8,גרמים,85.00,100 גרם,false,,18.90,0.2224,true,1,18739
7290105439499,false,מיונז הולנדי 481 ג' מאסטר שף,רמיה סי.וי. הולנד,NL,מיונז מאסטר שף 480 ג,גרמים,480.00,100 גרם,false,,9.90,0.0206,true,1,21181
7290105439505,false,קרם בטעם מיונז לייט מנה 479 ג' מאסטר שף,רמיה סי.וי. הולנד,NL,מיונז לייט מאסטר שף,גרמים,521.00,100 גרם,false,,9.90,0.0190,true,1,49915
7290105691934,false,"קמח שמרים 1ק""ג אוסם",תאי פרזידנט פוד פאבל,IL,"קמח שמרים אסם 1 ק""ג",פריט,1.00,"ק""ג",false,,7.90,7.9000,true,1,7931
7290105693457,false,עוגת הבית דמקה שוקו וניל 320 ג' אסם,מיוצר עי קונדיטוריית,IL,עוגת דמקה אסם 320 גר,גרמים,320.00,100 גרם,false,,10.90,0.0341,true,1,7300
7290105695024,false,אסם פתיתים אפויים אורז עם אטריות 500 גר,"אסם השקעות בע""מ",IL,פתיתים אורז עם אטריו,גרמים,500.00,100 גרם,false,,4.90,0.0098,true,1,8408
7290105695321,false,עוגת שוקולד בראוניז פאדג' 380 ג',מיוצר עי קונדיטוריית,IL,עוגת בראוניס פאדג אס,גרמים,380.00,100 גרם,false,,14.90,0.0392,true,1,7677
7290105962331,false,זחוק אדום תימני מקורי חריף מאוד,קריניסה ויטמין אס אי,IL,סחוג תימני חריף זהבי,גרמים,220.00,100 גרם,false,,9.90,0.0450,true,1,13752
7290105965738,false,יוגורט לשתיה בטעם תות בננה267 ג' דנונה,מיוצר עי קונדיטוריית,IL,משקה יוגורט תות בננה,גרמים,267.00,100 גרם,false,,4.50,0.0169,true,1,18184
7290105968098,false,סלט קולסלאו אחלה 500 ג',אחלה - שטראוס,IL,קולסלאו אחלה 500 גרם,גרמים,500.00,100 גרם,false,,14.90,0.0298,true,1,8023
7290105968654,false,רביולי בטטה פרווה פסטה נונה 400 ג',מיוצר עי קונדיטוריית,IL,רביולי בטטה שטראוס 4,גרמים,400.00,100 גרם,false,,16.70,0.0417,true,1,8405
7290105968777,false,פריכיות עם תחתית שוקולד מריר 70 ג' אנרגי,"טחנת האבן תעשיות בע""",IL,פריכיות אנרג'י תחתית,גרמים,70.00,100 גרם,false,,7.50,0.1071,true,1,9602
7290106413740,false,עיגולי ביסקוויט עם ק,טופגם תעשיות ממתקים,IL,עיגולי ביסקוויט עם ק,פריט,1.00,"ק""ג",false,,26.90,26.9000,true,1,31936
7290106413924,false,מארז מקלות ביסקוויט,שאנטו קראנצי פרדי,CN,מארז מקלות ביסקוויט,גרמים,150.00,100 גרם,false,,9.90,0.0660,true,1,26163
7290106520066,false,רבע לשבע במילוי קרם אגוזים ובציפוי שוקולד חלב,הגביע מוצרי וופלים ב,IL,גלילי ופל רבע לשבע 1,גרמים,160.00,100 גרם,false,,9.60,0.0600,true,1,8397
7290106520288,false,יוגורט פרו חלבון עם תות 2.4% שומן 150 ג' דנונה,"שטראוס בריאות בע""מ",IL,דנונה WOW תות 150 גר,מיליליטרים,150.00,"100 מ""ל",false,,4.50,0.0300,true,1,21497
7290106520905,false,סלט טורקי עם פלפל קל,"שטראוס גרופ בע""מ",IL,סלט טורקי טעמי השוק,גרמים,400.00,100 גרם,false,,14.90,0.0373,true,1,8822
7290106520912,false,"שמנת לבישול 9% 250 מ""ל יטבתה",מחלבת יטבתה,IL,שמנת לבישול 9% יטבתה,מיליליטרים,250.00,"100 מ""ל",false,,7.60,0.0304,true,1,9634
7290106524439,false,תפוצ'יפס טבעי פופס 60גר',"שטראוס פריטו ליי בע""",IL,"תפוציפס תפו""א אפוי 6",גרמים,60.00,100 גרם,false,,3.50,0.0583,true,1,32184
7290106525368,false,גלילי וופל רבע לשבע שחור לבן 125 גר',הגביע מוצרי וופלים ב,IL,גלילי ופל רבע לשבע ב,גרמים,125.00,100 גרם,false,,9.60,0.0768,true,1,30212
7290106525399,false,קפסולות 06 ברזיל למכונות נספרסו עלית 10יח',הנסיך- מפעל לייצור ט,IL,קפסולות עלית מס 06 ב,Unknown,0.00,יחידה,false,,15.50,0.0000,true,1,26122
7290106525405,false,קפסולות למכונת נספרסו נטול קפאין,שטראוס קפה בי.וי,IL,קפסולות עלית נטול מס,גרמים,50.00,100 גרם,false,,15.50,0.3100,true,1,22251
7290106526822,false,פריכיות אורז עם תחתית שוקולד חלב 80 ג' אנרגי,"טחנת האבן תעשיות בע""",IL,פריכיות אנרג'י תחתית,גרמים,80.00,100 גרם,false,,7.50,0.0938,true,1,14752
7290106527263,false,מארז תפוציפס כפול 16,שטראוס,IL,מארז תפוציפס כפול 16,גרמים,480.00,100 גרם,false,,23.90,0.0498,true,1,10845
7290106571921,false,עוגיות פיטנס עוגיות חמוציות 180 גר',מיוצר עי קונדיטוריית,IL,עוגיות עם חמוציות פי,גרמים,180.00,100 גרם,false,,10.90,0.0606,true,1,35169
7290106572027,false,אוסם - לחמית חמישה דגנים 190 גרם,"אסם השקעות בע""מ",IL,לחמית חמישה דגנים 20,גרמים,200.00,100 גרם,false,,7.90,0.0395,true,1,8450
7290106573024,false,סירופ אננס דיאט 1ל' עסיס,בית השיטה עסיס תעשיו,IL,סירופ עסיס אננס דיאט,קילוגרמים,1.00,ליטר,false,,15.90,15.9000,true,1,31415
7290106573598,false,צבר חומוס לבנוני 400גרם,סלטי צבר,IL,חומוס לבנוני 400 גרם,גרמים,400.00,100 גרם,false,,11.30,0.0283,true,1,39788
7290106573628,false,צבר חומוס עם טחינה 400גר,סלטי צבר,IL,חומוס עם טחינה צבר 4,גרמים,400.00,100 גרם,false,,11.90,0.0298,true,1,9653
7290106574953,false,בייגלה שטוחים כעכים שטוחים עם שומשום,מיוצר עי קונדיטוריית,IL,בייגלה שטוחים שומשום,גרמים,300.00,100 גרם,false,,8.90,0.0297,true,1,10060
7290106574977,false,בייגלה שטוחים כעכים שטוחים עם מלח,מיוצר עי קונדיטוריית,IL,בייגלה שטוחים מלח 30,גרמים,300.00,100 גרם,false,,8.90,0.0297,true,1,10059
7290106575257,false,עוגת הבית סופלה בטעם שוקולד 340 ג' אסם,מיוצר עי קונדיטוריית,IL,עוגת סופלה שוקולד אס,גרמים,340.00,100 גרם,false,,10.90,0.0321,true,1,10965
7290106575431,false,עוגת הבית סופלה בטעם שוקוניל 340 ג' אסם,מיוצר עי קונדיטוריית,IL,עוגת סופלה שוקו וניל,גרמים,340.00,100 גרם,false,,10.90,0.0321,true,1,10966
7290106576223,false,אפרופו מצופה שוקולד 40 ג',מיוצר עי קונדיטוריית,IL,אפרופו שוקולד 50 גרם,גרמים,50.00,100 גרם,false,,4.50,0.0900,true,1,30667
7290106576537,false,צבר חומוס מסעדה 700 גר,סלטי צבר,IL,חומוס מסעדה צבר 700,גרמים,700.00,100 גרם,false,,10.80,0.0154,true,1,10983
7290106576797,false,"לה קרמריה גלידת וניל איטלקי כשל""פ 1.4ל'",תות תעשיות מזון (201,IL,גלידה לה קרמריה וניל,קילוגרמים,1.40,ליטר,false,,17.50,12.5000,true,1,11640
7290106576810,false,גלידה לה קרמריה ריבת חלב 1.4 ל' נסטלה,המאפיה של הרמן,IL,גלידה לה קרמריה ריבת,קילוגרמים,1.40,ליטר,false,,17.50,12.5000,true,1,11639
7290106576834,false,גלידה לה קרמריה פונטש בננה1.4 ל' נסטלה,תות תעשיות מזון (201,IL,גלידה לה קרמריה פונט,קילוגרמים,1.40,ליטר,false,,17.50,12.5000,true,1,11644
7290106576858,false,גלידה לה קרמריה תותים בשמנת 1.4 ל' נסטלה,המאפיה של הרמן,IL,גלידה לה קרמריה תותי,קילוגרמים,1.40,ליטר,false,,17.50,12.5000,true,1,11643
7290106576919,false,גלידה קרמריה סורבה תות לימון 1.4 ליטר,המאפיה של הרמן,IL,שרבט לה קרמריה תות ל,קילוגרמים,1.40,ליטר,false,,17.50,12.5000,true,1,11642
7290106576957,false,"לה קרמריה גלידת שוקו וניל פליק פרווה כשל""פ 1.4",תות תעשיות מזון (201,IL,גלידה לה קרמריה שוקו,קילוגרמים,1.40,ליטר,false,,17.50,12.5000,true,1,11645
7290106576971,false,גלידה לה קרמריה שוקולד בלגי 1.4 ל' נסטלה,תות תעשיות מזון (201,IL,גלידה לה קרמריה שוקו,קילוגרמים,1.40,ליטר,false,,17.50,12.5000,true,1,11638
7290106576995,false,גלידה סורבה לה קרמריה תות מנגו לייט 1.4 ל' נסטלה,המאפיה של הרמן,IL,שרבט לה קרמריה תות מ,קילוגרמים,1.40,ליטר,false,,17.50,12.5000,true,1,11992
7290106577039,false,גלידה לה קרמריה שוקו וניל פליק 1.4 ל' נסטלה,תות תעשיות מזון (201,IL,גלידה לה קרמריה וניל,קילוגרמים,1.40,ליטר,false,,17.50,12.5000,true,1,11641
7290106577282,false,צבר טחינה מרובע 400גרם,סלטי צבר,IL,טחינה צבר 400 גרם,גרמים,400.00,100 גרם,false,,11.90,0.0298,true,1,10974
7290106577572,false,צבר מטבוחה מרובע 400גרם,סלטי צבר,IL,מטבוחה צבר 400 גרם,גרמים,400.00,100 גרם,false,,11.90,0.0298,true,1,10973
7290106578692,false,אוסם - במבה ביסלי מיקס 80 גרם,פרו מן יו פתרונות אר,IL,במבה ביסלי מיקס 80 ג,גרמים,80.00,100 גרם,false,,3.90,0.0487,true,1,12516
7290106578821,false,הבית עוגת שמרים קלאסית בטעם שוקולד 350גר.,מיוצר עי קונדיטוריית,IL,עוגת שמרים שוקולד אס,גרמים,350.00,100 גרם,false,,14.90,0.0426,true,1,12252
7290106658479,false,עלית וופל בטעם טורטית אגוזים 360גר,"שטראוס גרופ בע""מ",IL,טורטית 40 גרם,גרמים,40.00,100 גרם,false,,3.90,0.0975,true,1,61222
7290106660410,false,רביולי תרד וגבינה שטראוס 400 ג',מיוצר עי קונדיטוריית,IL,רביולי תרד וגבינה שט,גרמים,400.00,100 גרם,false,,16.70,0.0417,true,1,13937
7290106663091,false,לאבנה טבעי 9% שטראוס 500ג',הדקלאים אגודת שיתופי,IL,לאבנה 9% שטראוס 500,מיליליטרים,500.00,"100 מ""ל",false,,16.90,0.0338,true,1,18183
7290106664067,false,לאבנה עם שמן זית וזעתר 10% שטראוס 400 ג',הדקלאים אגודת שיתופי,IL,לאבנה עם שמן זית וזע,גרמים,400.00,100 גרם,false,,13.90,0.0348,true,1,19947
7290106664555,false,"רוטב שמנת עם עגבניות 9% שומן 250 מ""ל יוטבתה",מחלבת יטבתה,IL,רוטב שמנת עגבניות 9%,מיליליטרים,250.00,"100 מ""ל",false,,9.80,0.0392,true,1,20548
7290106668713,false,יוגורט עם פירות יער 3% שומן 150 ג' דנונה,מיוצר עי קונדיטוריית,IL,דנונה פרי פירות יער,מיליליטרים,150.00,"100 מ""ל",false,,3.50,0.0233,true,1,18182
7290106669857,false,קפסולות 06 אספרסו בטעם וניל עלית 10יח',הנסיך- מפעל לייצור ט,IL,קפסולות עלית אספרסו,גרמים,50.00,100 גרם,false,,15.50,0.3100,true,1,28389
7290106721913,false,מסטיק מאסט MUST ללא סוכר בטעם מנטה מרעננת,"שטראוס גרופ בע""מ",IL,מסטיק בזוקה צנצנת רי,גרמים,66.00,100 גרם,false,,8.90,0.1348,true,1,19179
7290106721920,false,צנצנת מסטיק מאסט בטעם ספירמינט עדין 66 ג' עלית,"שטראוס גרופ בע""מ.",IL,מסטיק ספירמינט צנצנת,גרמים,66.00,100 גרם,false,,8.90,0.1348,true,1,19178
7290106723634,true,ביסקוויט עד חצות שוק,,,ביסקוויט עד חצות שוק,גרמים,0.00,100 גרם,false,,11.90,0.0000,true,1,17902
7290106726178,false,יוגורט PRO עם פירות יער 2.4% 10 גרם חלבון בגביע,מיוצר עי קונדיטוריית,IL,דנונה WOW פירות יער,מיליליטרים,150.00,"100 מ""ל",false,,4.50,0.0300,true,1,19958
7290107021135,false,יין אלכסנדר רזרב קבר,אגדת,IL,יין אלכסנדר רזרב קבר,מיליליטרים,750.00,"100 מ""ל",false,,149.90,0.1999,true,1,57372
7290107021876,false,יין אלכסנדר רזרב גסט,אגדת,IL,יין אלכסנדר רזרב גסט,מיליליטרים,750.00,"100 מ""ל",false,,149.90,0.1999,true,1,51963
7290107021890,false,יין אלכסנדר רזרב קבר,אגדת,IL,יין אלכסנדר רזרב קבר,מיליליטרים,750.00,"100 מ""ל",false,,149.90,0.1999,true,1,51964
7290107280020,false,מטליות לחות סנו סושי לניקוי כללי שלישיה *50 יח',טרופיקל דגיל- תעשיות,IL,מטליות לחות סנו סושי,Unknown,0.00,יחידה,false,,16.90,0.0000,true,1,10195
7290107280341,false,ריצפז מטליות לחות לניקוי הרצפה בניחוח מלון מפנק,"סנו מפעלי ברונוס סע""",IL,מטליות לחות לרצפה בנ,Unknown,0.00,יחידה,false,,11.70,0.0000,true,1,48873
7290107280563,false,אוקסיג'ן ג'ל לכביסה בייבי 3ל',"איי, בי, אינבוו",IL,גל אוקסיגן בייבי 3 ל,קילוגרמים,3.00,ליטר,false,,27.90,9.3000,true,1,14231
7290107280655,false,אבקת כביסה Baby לתינוקות ולעור רגיש,סנו מקסימה,IL,אבקת מקסימה בייבי 3.,פריט,3.25,"ק""ג",false,,29.90,9.2000,true,1,14825
7290107280761,false,נוזל לניקוי כלים בניחוח לימון רענן סנו ספארק Spark,מיוצר עי קונדיטוריית,IL,נוזל כלים ספארק + מש,קילוגרמים,1.00,ליטר,false,,10.70,10.7000,true,1,15251
7290107396714,true,קופסא טישו מפח דגם מ,,,קופסא טישו מפח דגם מ,Unknown,0.00,יחידה,false,,9.90,0.0000,true,1,30039
7290107396721,true,קופסא טישו מפח דגם מ,,,קופסא טישו מפח דגם מ,Unknown,0.00,יחידה,false,,9.90,0.0000,true,1,30037
7290107396738,true,קופסא טישו מפח דגם א,,,קופסא טישו מפח דגם א,Unknown,0.00,יחידה,false,,9.90,0.0000,true,1,30038
7290107396745,true,קופסא טישו מפח,,,קופסא טישו מפח,Unknown,0.00,יחידה,false,,9.90,0.0000,true,1,30035
7290107396752,true,קופסא טישו מפח דגם ק,,,קופסא טישו מפח דגם ק,Unknown,0.00,יחידה,false,,9.90,0.0000,true,1,30036
7290107647489,true,שלגון פסק זמן לבן 58,,,שלגון פסק זמן לבן 58,Unknown,0.00,יחידה,false,,6.90,0.0000,true,1,45543
7290107647595,true,שלגון שוקוציפס קוקיז,,,שלגון שוקוציפס קוקיז,Unknown,0.00,יחידה,false,,10.90,0.0000,true,1,45544
7290107647694,true,קוקומן כדורים מופחת,,,קוקומן כדורים מופחת,גרמים,0.00,100 גרם,false,,19.90,0.0000,true,1,30310
7290107647700,true,קוקומן פצפוצים 500 ג,,,קוקומן פצפוצים 500 ג,גרמים,0.00,100 גרם,false,,19.90,0.0000,true,1,30309
7290107649605,false,שוקולד חלב עם קורנפלקס ופצפוצים,מיוצר עי קונדיטוריית,IL,שוקולד קליק קורנפלקס,גרמים,85.00,100 גרם,false,,4.90,0.0576,true,1,35757
7290107871532,false,מאגדת קרחונים דובדבן מלון 10 יח' נסטלה,גלידות נסטלה (נגה גל,IL,קרחוני נסטלה בטעם מל,גרמים,800.00,100 גרם,false,,14.90,0.0186,true,1,15669
7290107871990,false,פסטה צינורות 500 ג' אסם,פסטה זארה,IT,פסטה צינורות אסם 500,גרמים,500.00,100 גרם,false,,4.90,0.0098,true,1,13629
7290107875400,false,גלידה לה קרמריה פיסטוק מוקה 1.4 ל' נסטלה,המאפיה של הרמן,IL,גלידה לה קרמריה פיסט,קילוגרמים,1.40,ליטר,false,,17.50,12.5000,true,1,15089
7290107879521,false,קרחוני לה פרוטה La Frutta תות שדה - 5 יח',גלידות נסטלה Nestle,IL,שלגוני לה פרוטה תות,גרמים,350.00,100 גרם,false,,17.90,0.0511,true,1,22281
7290107879569,false,קרחון לה פרוטה שרבט מנגו מאגדת 5יח',גלידות נסטלה Nestle,IL,שלגוני לה פרוטה מנגו,גרמים,350.00,100 גרם,false,,17.90,0.0511,true,1,22283
7290107920537,true,גרבי אנגורה מדוגמות,,,גרבי אנגורה מדוגמות,Unknown,0.00,יחידה,false,,12.90,0.0000,true,1,13868
7290107930321,false,קונפיטורה דובדבן יד מרדכי 340 ג',בית אל מזון,IL,קונפיטורה דובדבן יד,גרמים,340.00,100 גרם,false,,12.90,0.0379,true,1,19174
7290107932080,false,חלב בבקבוק 3% שומן 1 ל' יוטבתה,מחלבת יטבתה,IL,חלב מועשר 3% יטבתה 1,קילוגרמים,1.00,ליטר,false,,7.20,7.2000,true,1,25807
7290107932134,false,חלב בבקבוק 1% שומן 1 ל' יוטבתה,מחלבת יטבתה,IL,חלב מועשר 1% יטבתה 1,קילוגרמים,1.00,ליטר,false,,7.20,7.2000,true,1,25809
7290107934473,false,מארז 8 יח' אקטיביה יוגורט קרמי 1.5% שומן,דנונה - שטראוס,IL,מארז יוגורט אקטיביה,קילוגרמים,1.20,ליטר,false,,19.90,16.5833,true,1,19368
7290107934480,true,מארז יוגורט אקטיביה,,,מארז יוגורט אקטיביה,קילוגרמים,0.00,ליטר,false,,19.90,0.0000,true,1,19369
7290107937542,false,משקה יוגורט אקטיביה עם תות 1.2% שומן,מיוצר עי קונדיטוריית,IL,משקה אקטיביה תות 1.2,גרמים,250.00,100 גרם,false,,4.80,0.0192,true,1,51619
7290107937634,false,צנצנית מסטיק מאסט קוביות פפירמינט 58 ג' עלית,אסקום קונפקשיין,DE,מסטיק מאסט צנצנת קוב,גרמים,58.00,100 גרם,false,,8.90,0.1534,true,1,25820
7290107937641,false,מסטיק בצנצנת קוביות בזוקה 58 ג',אסקום קונפקשיין,DE,מסטיק בזוקה קוביות צ,גרמים,58.00,100 גרם,false,,8.90,0.1534,true,1,25819
7290107937856,false,קפסולות 11חזק למכונות נספרסו עלית 10יח',הנסיך- מפעל לייצור ט,IL,קפסולות עלית מס 11 ל,Unknown,0.00,יחידה,false,,15.50,0.0000,true,1,26121
7290107938396,false,"אקטימל משקה פרוביוטי תות 100X8 מ""ל",מיוצר עי קונדיטוריית,IL,אקטימל תות דנונה 8*1,מיליליטרים,800.00,"100 מ""ל",false,,19.50,0.0244,true,1,43029
7290107939966,true,יוגורט פרו דנונה 0,,,יוגורט פרו דנונה 0,,0.00,,false,,4.50,0.0000,true,1,27239
7290107940467,false,אקטיביה יוגורט 1.5% שומן 200 ג' דנונה,מיוצר עי קונדיטוריית,IL,יוגורט אקטיביה 1.5%,מיליליטרים,200.00,"100 מ""ל",false,,3.70,0.0185,true,1,24562
7290107940474,true,יוגורט אקטיביה 3% 20,,,יוגורט אקטיביה 3% 20,מיליליטרים,0.00,"100 מ""ל",false,,3.70,0.0000,true,1,24563
7290107942188,true,קפה אינטנס 15% אספרס,,,קפה אינטנס 15% אספרס,גרמים,0.00,100 גרם,false,,19.90,0.0000,true,1,25339
7290107943369,false,קוואקר שיבולת שועל ללא גלוטן 511 גר'.,היידי שוקולד בירונטי,US,שיבולת שועל ל.גלוטן,גרמים,511.00,100 גרם,false,,17.90,0.0350,true,1,38767
7290107944472,false,סימפוניה גבינה במרקם שמנת 5% שום שמיר,"שטראוס בריאות בע""מ",IL,גבינת שמנת שום שמיר,גרמים,200.00,100 גרם,false,,9.70,0.0485,true,1,26480
7290107945165,false,קונפיטורה משמש יד מרדכי 340 ג',אף.סי תבליני בגליל ב,IL,קונפיטורה משמש יד מר,גרמים,340.00,100 גרם,false,,12.90,0.0379,true,1,28290
7290107950190,false,מעדן חלב דל קלוריות בטעם שוקולד מריר 0.5% שומן,מיוצר עי קונדיטוריית,IL,מעדן דיאט שוקולד מרי,מיליליטרים,130.00,"100 מ""ל",false,,3.20,0.0246,true,1,25800
7290107950206,false,מעדן חלב דל קלוריות בטעם שוקולד 0% שומן,מיוצר עי קונדיטוריית,IL,מעדן דיאט שוקולד 0%,מיליליטרים,130.00,"100 מ""ל",false,,3.20,0.0246,true,1,25801
7290107951104,false,בפלות ופלים ארוכים בטעם שוקולד,"א.ג. גילרו בע""מ",IL,בפלות שוקולד 200 גרם,גרמים,200.00,100 גרם,false,,3.90,0.0195,true,1,26131
7290107953559,false,קפה טורקי עלית לדרך שקיות 24X7ג',הנסיך- מפעל לייצור ט,IL,קפה טורקי לדרך 24 יח,גרמים,168.00,100 גרם,false,,16.90,0.1006,true,1,48554
7290107956642,false,"תרסיס שמן זית יד מרדכי 150 מ""ל",פארייפאבה אגרואינדוס,ES,תרסיס שמן זית יד מרד,מיליליטרים,150.00,"100 מ""ל",false,,14.90,0.0993,true,1,55000
7290107956710,false,מילקי מעדן מיני מארז 70X16ג',שטראוס,IL,מארז מילקי מיני שוקו,פריט,1.12,"ק""ג",false,,19.90,17.7679,true,1,28480
7290107956925,false,קפסולות 13 אוגנדה למכונת נספרסו עלית 10יח',שטראוס קפה בי.וי,IL,קפסולות עלית מס 13 א,גרמים,50.00,100 גרם,false,,15.50,0.3100,true,1,38784
7290107956932,false,קפסולות 12 אינדונזיה למכונות NESPRESSO,שטראוס קפה בי.וי,IL,קפסולות עלית מס 12 ל,גרמים,50.00,100 גרם,false,,15.50,0.3100,true,1,31971
7290107956963,false,"דנונה וניל 3% תות מארז 12X100מ""ל",שטראוס גרופ,IL,מארז דנונה פרי תות 1,פריט,1.20,"ק""ג",false,,19.90,16.5833,true,1,30345
7290107958035,false,יוגורט במתיקות מעודנת 2% ללא תוספת סוכר- מארז 8 יח,דנונה - שטראוס,IL,מארז דנונה במתיקות 8,פריט,1.20,"ק""ג",false,,17.90,14.9167,true,1,31485
7290107958639,false,מטבוחה אחלה מרוקאית חריפה 400 גר',מיוצר עי קונדיטוריית,IL,מטבוחה מרוקאית חריפה,גרמים,400.00,100 גרם,false,,14.90,0.0373,true,1,59981
7290107959056,true,מעדן טחינה שוקולד סו,,,מעדן טחינה שוקולד סו,מיליליטרים,0.00,"100 מ""ל",false,,3.90,0.0000,true,1,45733
7290107970020,false,תרסיס אגקס חלונות 3*,קולגייט פלמוליב,BY,תרסיס אגקס חלונות 3*,קילוגרמים,2.25,ליטר,false,,27.90,12.4000,true,1,17675
7290107971720,false,משחת קולגייט טריפל א,קולגייט פלמוליב,PL,משחת קולגייט טריפל א,גרמים,450.00,100 גרם,false,,24.90,0.0553,true,1,20978
7290107971751,false,מי פה קולגייט טוטל ללא אלכוהול פפרמינט,יבואן ומשווק: ש. שסט,PL,מי פה קולגייט טוטאל,מיליליטרים,500.00,"100 מ""ל",false,,14.90,0.0298,true,1,61466
7290107973861,false,עגבניות קצוצת דק שלישיה * 400 ג' מאסטר שף,קונסרזיו קאסאלאסקו ד,IT,מארז עגבניות קצוצות,פריט,1.20,"ק""ג",false,,15.90,13.2500,true,1,26524
7290107973915,true,משחת קולגייט טוטאל פ,,,משחת קולגייט טוטאל פ,,0.00,,false,,17.90,0.0000,true,1,31218
7290107975278,true,דאו ליידי ספיד סטיק,,,דאו ליידי ספיד סטיק,Unknown,0.00,יחידה,false,,18.90,0.0000,true,1,32747
7290107975346,false,ספיד סטיק - דאודורנט ג'ל לגבר כוח הטבע 85 גרם,קולגייט פלמוליב,BY,דאו גל ספיד סטיק כח,גרמים,85.00,100 גרם,false,,17.90,0.2106,true,1,37402
7290107975360,false,ליידי ספיד סטיק פיור פרשנס ג'ל נשים 65ג',ליידי ספיד סטיק Lady Speed Stick,BY,דאו גל ליידי ספיד סט,גרמים,65.00,100 גרם,false,,18.90,0.2908,true,1,37396
7290107975544,false,"קולגייט משחת שיניים סמיילס ברבי לגילאי 6 50מ""ל",קולגייט פלמוליב,PL,משחת קולגייט ילדים ב,מיליליטרים,50.00,"100 מ""ל",false,,11.90,0.2380,true,1,38727
7290107977456,false,"פלמוליב - ג'ל רחצה ושמפו ספורט לגבר 750 מ""ל",קולגייט פלמוליב,TR,ג'ל רחצה פלמוליב לגב,מיליליטרים,750.00,"100 מ""ל",false,,19.50,0.0260,true,1,49100
7290107978132,false,קולגייט מברשת זיגזג שישייה,קולגייט פלמוליב,PL,מברשת קולגייט זיג זג,Unknown,0.00,יחידה,false,,14.90,0.0000,true,1,51620
7290108200751,true,גל קולון מאסק 5 ליטר,,,גל קולון מאסק 5 ליטר,קילוגרמים,0.00,ליטר,false,,34.90,0.0000,true,1,29664
7290108350531,false,סנו ספארק נוזל כלים בניחוח קלאסי עם משאבה 1 ל',מיוצר עי קונדיטוריית,IL,נוזל כלים ספארק + מש,קילוגרמים,1.00,ליטר,false,,10.70,10.7000,true,1,17743
7290108350548,false,סנו ספארק נוזל כלים בניחוח לבנדר עם משאבה 1 ל',מיוצר עי קונדיטוריית,IL,נוזל כלים ספארק + מש,קילוגרמים,1.00,ליטר,false,,10.70,10.7000,true,1,17744
7290108350616,false,סנו - מקסימה מרכך כביסה מרוכז פריחה כחולה 1 ליטר,"סנו מפעלי ברונוס בע""",IL,מרכך מקסימה סופר מרו,קילוגרמים,1.00,ליטר,false,,17.50,17.5000,true,1,23237
7290108350623,false,מרכך כביסה סופר מרוכז סופט סילק מקסימה 1 ל' סנו,"סנו מפעלי ברונוס בע""",IL,מרכך מקסימה סופר מרו,קילוגרמים,1.00,ליטר,false,,17.50,17.5000,true,1,23236
7290108351507,false,מרכך כביסה מקסימה סופט סילק 4 ל' סנו,סנו מקסימה,IL,מרכך מקסימה אינספריי,קילוגרמים,4.00,ליטר,false,,21.50,5.3750,true,1,26617
7290108351514,false,מרכך כביסה בבישום עוצמתי פריחה כחולה,סנו מקסימה,IL,מרכך מקסימה בלוסום 4,קילוגרמים,4.00,ליטר,false,,21.50,5.3750,true,1,26616
7290108351675,false,ג'ל כביסה מקסימה מיקס 5 ל' סנו,סנו,IL,גל מקסימה מיקס אנד ו,קילוגרמים,5.00,ליטר,false,,41.90,8.3800,true,1,64195
7290108351682,false,ג'ל כביסה מקסימה ביו 5 ל' סנו,סנו,IL,גל מקסימה ביו קולד 5,קילוגרמים,5.00,ליטר,false,,41.90,8.3800,true,1,37383
7290108351804,false,סנו - מקסימה מרכך כביסה מרוכז ג'נטל בריז 1 ליטר,מיוצר עי קונדיטוריית,IL,מרכך מקסימה סופר מרו,קילוגרמים,1.00,ליטר,false,,17.50,17.5000,true,1,47583
7290108351811,false,מקסימה מרכך כביסה סופר מרוכז פלור טאצ' 1 ליטר,מיוצר עי קונדיטוריית,IL,מרכך מקסימה סופר מרו,קילוגרמים,1.00,ליטר,false,,17.50,17.5000,true,1,47584
7290108351835,false,מרכך כביסה בבישום עוצמתי פלורל טאצ',מיוצר עי קונדיטוריית,IL,מרכך מקסימה פלורל 4,קילוגרמים,4.00,ליטר,false,,21.50,5.3750,true,1,48638
7290108351927,true,טבליות למדיח ספארק 7,,,טבליות למדיח ספארק 7,Unknown,0.00,יחידה,false,,41.90,0.0000,true,1,43039
7290108352054,false,אורביטול - צמד מברשות שיניים 980 + חוט דנטלי במתנה,סנו,IL,מברשת אורביטול סיבים,Unknown,0.00,יחידה,false,,18.90,0.0000,true,1,62945
7290108352115,false,סנובון ווייב לאסלה בתוספת אקונומיקהה 45X3ג',סנו,IL,סבון אסלה סנובון ז'א,גרמים,165.00,100 גרם,false,,9.90,0.0600,true,1,49374
7290108352146,false,"סנובון נוזלי בניחוח מגנוליה ונרולי 750 מ""ל",סנו מפעלי ברונוס בעמ,IL,סנובון ג'ל מגנוליה ו,מיליליטרים,750.00,"100 מ""ל",false,,8.90,0.0119,true,1,51311
7290108352153,false,"סנובון נוזלי בניחוח לוטוס וסחלב 750 מ""ל",מיוצר עי קונדיטוריית,IL,סנובון ג'ל לוטוס וסח,מיליליטרים,750.00,"100 מ""ל",false,,8.90,0.0119,true,1,51309
7290108352207,false,קפסולות כביסה מקסימה פלורל 40 יח' סנו,טרופיקל דגיל תעשיות,IL,קפסולות ג'ל מקסימה פ,Unknown,0.00,יחידה,false,,28.90,0.0000,true,1,51312
7290108352214,false,סנו - מקסימה קפסולות כביסה בניחוח בריזה מרעננת 40 יח',טרופיקל דגיל תעשיות,IL,קפסולות ג'ל מקסימה ב,Unknown,0.00,יחידה,false,,28.90,0.0000,true,1,51313
7290108352252,false,נוזל לניקוי כלים מתאים לניקוי ירקות ופירות סנו ספארק,"סנו מפעלי ברונוס בע""",IL,נוזל כלים ספארק לחיט,קילוגרמים,1.00,ליטר,false,,10.70,10.7000,true,1,52220
7290108352337,false,"סנו - פרש מילוי למטהר אוויר מלון מפנק 250 מ""ל",מיוצר עי קונדיטוריית,IL,מבשם אויר סנו פרש או,מיליליטרים,250.00,"100 מ""ל",false,,12.90,0.0516,true,1,62956
7290108352344,false,"סנו - פרש מילוי למטהר אוויר מלון בוטיק 250 מ""ל",מיוצר עי קונדיטוריית,IL,מבשם אויר סנו פרש או,מיליליטרים,250.00,"100 מ""ל",false,,12.90,0.0516,true,1,62957
7290108352399,false,ריצפז פרש הום בניחוח מרכך כביסה פלורל טאצ',"סנו מפעלי ברונוס בע""",IL,ריצפז פרש הום בניחוח,קילוגרמים,2.00,ליטר,false,,19.70,9.8500,true,1,61459
7290108352450,false,ריצפז פרש הום בניחוח מרכך כביסה בלו בלוסום,סנו מפעלי ברונוס בעמ,IL,ריצפז פרש הום בניחוח,קילוגרמים,2.00,ליטר,false,,19.70,9.8500,true,1,65266
7290108352498,false,מכשיר אוטומטי מעוצב ואלגנטי עם מילוי מלון בוטיק סנו פרש,"יצרן מכשיר: זובלה,",IL,סנו פרש מכשיר אוטומט,Unknown,0.00,יחידה,false,,39.90,0.0000,true,1,62954
7290108352511,false,ניקוי וחיטוי מכונת הכביסה בתוספת חומץ סנו מקסימה,"איי, בי, אינבוו",IL,מקסימה ניקוי וחיטוי,מיליליטרים,500.00,"100 מ""ל",false,,11.90,0.0238,true,1,56792
7290108352535,false,סנו - מקסימה דפי בישום לחים למייבש הכביסה בניחוח מרכך כביסה,סנו מקסימה,IL,דפי בישום לחים מקסימ,Unknown,0.00,יחידה,false,,11.90,0.0000,true,1,62946
7290108352566,false,מרכך כביסה בבישום עוצמתי 4 ל' סנו מקסינה,"סנו מפעלי ברונוס בע""",IL,מרכך מקסימה ג'וי 4 ל,קילוגרמים,4.00,ליטר,false,,21.50,5.3750,true,1,61463
7290108352573,false,מרכך כביסה מקסימה בבישום עוצמתי 4 ל' סנו,סנו,IL,מרכך מקסימה קאלם 4 ל,קילוגרמים,4.00,ליטר,false,,21.50,5.3750,true,1,62942
7290108352597,true,מטליות לחות לניקוי כ,,,מטליות לחות לניקוי כ,Unknown,0.00,יחידה,false,,29.90,0.0000,true,1,25244
7290108352672,false,מטלית הפלא לריצפה זוג סנו סושי,סנו מפעלי ברונוס.,CN,מטליות רצפה מיקרופיי,Unknown,0.00,יחידה,false,,19.90,0.0000,true,1,29423
7290108352689,false,סנו סושי כריות קרצוף ללכלוך קשה 9 יח',טרופיקל דגיל תעשיות,US,כריות קרצוף סנו סושי,Unknown,0.00,יחידה,false,,9.90,0.0000,true,1,23285
7290108352696,false,"סנו סושי ניילון נצמד רחב במיוחד 45ס""מ",סנו סושי,IL,ניילון נצמד סנו סושי,מטרים,100.00,מטר,false,,29.90,0.2990,true,1,43066
7290108352825,false,ספוג הפלא נירוסטה סנו סושי 3יח',s.k.a.t ltdסנו מפעלי,CN,ספוג הפלא נירוסטה סנ,Unknown,0.00,יחידה,false,,9.90,0.0000,true,1,37387
7290108352900,false,סנו סושי מגבות הפלא גליל כפול 6 גלילים,סנו מפעלי ברונוס בעמ,IL,מגבות נייר סנו סושי,מטרים,126.60,מטר,false,,22.90,0.1809,true,1,47114
7290108353532,false,"שקיות אשפה נשלפות עם שרוך 65*54 ס""מ L",סנו סושי,IL,שקיות אשפה עם שרוך 5,Unknown,0.00,יחידה,false,,29.90,0.0000,true,1,48877
7290108353556,false,נייר טואלט סופט שלוש שכבות 32 גלילים סנו,טרופיקל דגיל תעשיות,IL,נייר טואלט תלת שכבתי,מטרים,537.00,מטר,false,,47.90,0.0892,true,1,64966
7290108353747,false,"תחליב רחצה אירוודה, בניחוח טונקה 600 מ""ל קרימה",קוסמופארם,IL,תחליב קרמה + משאבה א,מיליליטרים,600.00,"100 מ""ל",false,,16.50,0.0275,true,1,63983
7290108353761,false,"תחליב רחצה זן, בניחוח קשמיר 600 מ""ל קרימה",קוסמופארם,IL,תחליב קרמה + משאבה ז,מיליליטרים,600.00,"100 מ""ל",false,,16.50,0.0275,true,1,63984
7290108353815,false,"תחליב רחצה מדיטציה, בניחוח פצ'ולי לבנדר 600 מ""ל קרימה",קוסמופארם,IL,תחליב קרמה + משאבה מ,מיליליטרים,600.00,"100 מ""ל",false,,16.50,0.0275,true,1,63985
7290108353907,false,"קרמה - דאודורנט רול און לאישה קרמה קלאסי 75 מ""ל","קוסמופארם בע""מ",IL,דאו רול און קרמה קלא,מיליליטרים,75.00,"100 מ""ל",false,,11.90,0.1587,true,1,52225
7290108353983,false,"קרמה - קרם גוף קרמה קלאסי 500 מ""ל",טרופיקל דגיל תעשיות,IL,קרם גוף קרמה קלאסי 5,מיליליטרים,500.00,"100 מ""ל",false,,19.90,0.0398,true,1,52226
7290108353990,false,"קרמה - קרם גוף קרמה מאסק 500 מ""ל",טרופיקל דגיל תעשיות,IL,קרם גוף קרמה מאסק 50,מיליליטרים,500.00,"100 מ""ל",false,,19.90,0.0398,true,1,52227
7290108354065,false,"קרמה - מן ג'ל רחצה פילינג 700 מ""ל",קוסמופארם בע''מ,IL,גל רחצה קרמה מן פילי,מיליליטרים,700.00,"100 מ""ל",false,,16.50,0.0236,true,1,61457
7290108354270,false,מרכך כביסה מרוכז בבישום עוצמתי 1 ל' סנו מקסימה,מיוצר עי קונדיטוריית,IL,מרכך מקסימה סופר מרו,קילוגרמים,1.00,ליטר,false,,17.50,17.5000,true,1,61464
7290108354416,false,"תחליב רחצה יוגה, בניחוח ברגמוט 600מ""ל קרימה",קוסמופארם,IL,תחליב קרמה + משאבה י,מיליליטרים,600.00,"100 מ""ל",false,,16.50,0.0275,true,1,63986
7290108354492,false,"קרליין - שמפו 10 שמן ארגן 700 מ""ל",קרליין Careline,IL,שמפו קרליין 10 ארגן,מיליליטרים,700.00,"100 מ""ל",false,,10.90,0.0156,true,1,64375
7290108354607,false,"שמפו בניחוח מי קקטוס ושמן באבאסו 750 מ""ל נקה 7",אמיליה קוסמטיקס,IL,שמפו נקה 7 ביו 750,מיליליטרים,750.00,"100 מ""ל",false,,8.70,0.0116,true,1,62940
7290108354614,false,"מרכך בניחוח מי קקטוס ושמן באבאסו 750 מ""ל נקה 7",אמיליה קוסמטיקס,IL,מרכך נקה 7 ביו 750,מיליליטרים,750.00,"100 מ""ל",false,,8.70,0.0116,true,1,62941
7290108354850,false,"קרמה דאודורנט רול און בריזת ים 75 מ""ל",קרמה Crema,IL,דאו רול און קרמה ברי,מיליליטרים,75.00,"100 מ""ל",false,,11.90,0.1587,true,1,52228
7290108355154,false,"שמפו שמני הזנה 750 מ""ל נקה 7",גוד פוד פרודקטס S.p,IL,שמפו נקה 7 שמני הזנה,מיליליטרים,750.00,"100 מ""ל",false,,8.70,0.0116,true,1,37388
7290108355161,false,"מרכך שיער שמני הזנה 750 מ""ל נקה 7",אמיליה קוסמטיקס,IL,מרכך נקה 7 שמני הזנה,מיליליטרים,750.00,"100 מ""ל",false,,8.70,0.0116,true,1,37389
7290108355451,false,"קרמה - דאודורנט רול און לאישה קרמה ורד ווניל 75 מ""ל",קרמה Crema,IL,דאו רול און קרמה ורד,מיליליטרים,75.00,"100 מ""ל",false,,11.90,0.1587,true,1,52229
7290108355468,false,"קרמה דאודורנט רול און נרולי ומגנוליה 75 מ""ל",קרמה Crema,IL,דאו רול און קרמה נרו,מיליליטרים,75.00,"100 מ""ל",false,,11.90,0.1587,true,1,52230
7290108356106,false,"תחליב רחצה כיף שקדים 700 מ""ל",קריות זול,IL,תחליב רחצה כיף חלב ש,מיליליטרים,700.00,"100 מ""ל",false,,9.90,0.0141,true,1,40614
7290108356113,false,"כיף תחליב רחצה דבש 700 מ""ל-מרכז",קוסמופארם בעמ,IL,תחליב רחצה כיף חלב ו,מיליליטרים,700.00,"100 מ""ל",false,,9.90,0.0141,true,1,40615
7290108356120,false,"כיף תחליב רחצה קוקוס וניל 700 מ""ל",קריות זול,IL,תחליב רחצה כיף קוקוס,מיליליטרים,700.00,"100 מ""ל",false,,9.90,0.0141,true,1,40617
7290108356151,false,"תחליב רחצה כיף מאסק יסמין 700 מ""ל",גוד פוד פרודקטס S.p,IL,תחליב רחצה כיף מאסק,מיליליטרים,700.00,"100 מ""ל",false,,9.90,0.0141,true,1,40613
7290108356168,false,"כיף - תחליב רחצה אוקיינוס 700 מ""ל",גוד פוד פרודקטס S.p,IL,תחליב רחצה כיף אוקיי,מיליליטרים,700.00,"100 מ""ל",false,,9.90,0.0141,true,1,40618
7290108356175,false,כיף אל סבון אבטיח ומנטה 1 ליטר,טרופיקל דגיל תעשיות,IL,אלסבון כיף אבטיח מנט,קילוגרמים,1.00,ליטר,false,,9.90,9.9000,true,1,52231
7290108356519,false,קרליין שמפו 10למניעת קשקשים 700מל,קרליין Careline,IL,שמפו קרליין 10 פרוטא,מיליליטרים,700.00,"100 מ""ל",false,,10.90,0.0156,true,1,64373
7290108356526,false,"קרליין - שמפו 10 לשיער יבש 700 מ""ל",קרליין Careline,IL,שמפו קרליין 10 פרוטא,מיליליטרים,700.00,"100 מ""ל",false,,10.90,0.0156,true,1,64374
7290108356533,false,"שמפו 10 לשיער מתולתל 700 מ""ל קרליין",קרליין Careline,IL,שמפו קרליין 10 פרוטא,מיליליטרים,700.00,"100 מ""ל",false,,10.90,0.0156,true,1,64376
7290108356564,false,"קרליין - מרכך 10 לשיער רגיל 700 מ""ל",קרליין Careline,IL,מרכך קרליין 10 פרוטא,מיליליטרים,700.00,"100 מ""ל",false,,10.90,0.0156,true,1,64379
7290108356854,false,מגבוני בייבי כיף בניוח עדין מארז חמישייה,בייבי כיף Baby,IL,מגבונים בייבי כיף 5*,Unknown,0.00,יחידה,false,,12.90,0.0000,true,1,58728
7290108356861,false,מגבוני בייבי כיף ללא בישום מארז חמישייה,בייבי כיף Baby,IL,מגבונים בייבי כיף 5*,Unknown,0.00,יחידה,false,,12.90,0.0000,true,1,58737
7290108357189,false,"מבשם ומרכך למייבש הכביסה מקסימה פלורל 750 מ""ל סנו","סנו מפעלי ברונוס בע""",IL,תרסיס מקסימה למייבש,מיליליטרים,750.00,"100 מ""ל",false,,16.90,0.0225,true,1,51307
7290108357202,false,מתס קליר סנו בניחוח בלו בלוסם 1 ליטר,"סנו מפעלי ברונוס בע""",IL,תרסיס סנוקליר בלו בל,קילוגרמים,1.00,ליטר,false,,9.90,9.9000,true,1,54937
7290108357226,false,"אוקסיגן POWER אבקה לכביסה לבנה והסרת כתמים 1.4 ק""ג סנו",,IL,אבקת אוקסיג'ן לכביסה,פריט,1.40,"ק""ג",false,,27.90,19.9286,true,1,62950
7290108357240,false,"אוקסיג'ן פאוור תוסף להסרת כתמים קשים 1.4 ק""ג",סנו,IL,אבקת אוקסיג'ן לכביסה,פריט,1.40,"ק""ג",false,,27.90,19.9286,true,1,62951
7290108357257,false,סנו - פרש מכשיר אוטומטי לבישום אוויר בתוספת מילוי אולטרא פרש,סנו,IL,סנו פרש מכשיר אוטומט,Unknown,0.00,יחידה,false,,39.90,0.0000,true,1,62955
7290108357264,false,"פרש אוטומטי מילוי בניחוח מרכך הכביסה אולטרה 375 מ""ל סנו",סנו,IL,מבשם אויר סנו פרש או,מיליליטרים,250.00,"100 מ""ל",false,,12.90,0.0516,true,1,62958
7290108357271,false,סנובון ג'ל לניקוי אסלות עם חמצן פעיל לניקוי עוצמתי,סנו,IL,סנובון ג'ל אוקסיג'ן,מיליליטרים,750.00,"100 מ""ל",false,,8.90,0.0119,true,1,62947
7290108357295,false,"סנו - אוקסיג'ן פאוור מרסס להסרת כתמים 750 מ""ל",סנו,IL,תרסיס אוקסיגן לכביסה,מיליליטרים,750.00,"100 מ""ל",false,,17.70,0.0236,true,1,62948
7290108357394,false,"תחליב רחצה קרמה חלב ודבש 700 מ""ל",קוסמופארם,IL,תחליב קרמה חלב ודבש,מיליליטרים,700.00,"100 מ""ל",false,,16.50,0.0236,true,1,56787
7290108357417,false,"קרמה - קרם גוף קרמה ורד ווניל 500 מ""ל",טרופיקל דגיל תעשיות,IL,קרם גוף קרמה ורד וני,מיליליטרים,500.00,"100 מ""ל",false,,19.90,0.0398,true,1,52234
7290108357851,false,"כיף - ג'ל רחצה אליקסיר אוילס מועשר בשמן קוקוס 700 מ""ל","קוסמופארם בע""מ",IL,ג'ל רחצה כיף מועשר ב,מיליליטרים,700.00,"100 מ""ל",false,,9.90,0.0141,true,1,61461
7290108357868,false,"כיף - ג'ל רחצה אליקסיר אויל מועשר בשמן מקדמיה 700 מ""ל",קוסמופארם,IL,ג'ל רחצה כיף מועשר ב,מיליליטרים,700.00,"100 מ""ל",false,,9.90,0.0141,true,1,61458
7290108358070,false,"תחליב רחצה קרמה קלאסי 700 מ""ל",גוד פוד פרודקטס S.p,IL,תחליב קרמה קלאסי 700,מיליליטרים,700.00,"100 מ""ל",false,,16.50,0.0236,true,1,56789
7290108358087,false,"תחליב רחצה קרמה מאסק 700 מ""ל",גוד פוד פרודקטס S.p,IL,תחליב קרמה מאסק 700,מיליליטרים,700.00,"100 מ""ל",false,,16.50,0.0236,true,1,56790
7290108358100,false,"פרש הום מקלות ריחניים לבית בניחוח בייבי 100 מ""ל",סנו,IL,מקלות ריחניים סנו פר,מיליליטרים,100.00,"100 מ""ל",false,,19.90,0.1990,true,1,61456
7290108358117,false,"פרש הום מקלות ריחניים לבית בניחוח כביסה רעננה 100 מ""ל",סנו,IL,מקלות ריחניים סנו פר,מיליליטרים,100.00,"100 מ""ל",false,,19.90,0.1990,true,1,61455
7290108358124,false,דפי בישום לחים למייבש הכביסה בניחוח מרכך כביסה 20 יח' מקסימה,,IL,דפי בישום לחים מקסימ,Unknown,0.00,יחידה,false,,11.90,0.0000,true,1,63982
7290108359060,false,כריות לניקוי כלים לשבת סנו סושי 4 יח',סנו,IL,כריות ניקוי לשבת סנו,Unknown,0.00,יחידה,false,,9.90,0.0000,true,1,58730
7290108359190,false,סנו סושי מגבות נייר בגליל כפול פי 3,סנו,IL,מגבות נייר הפלא סנו,מטרים,129.96,מטר,false,,24.90,0.1916,true,1,64967
7290108359213,false,נייר טואלט סנו סופט כפולים 18 גלילים,סנו,IL,נייר טואלט כפול סופט,מטרים,674.80,מטר,false,,39.90,0.0591,true,1,65351
7290108359824,false,"כיף - בייבי כיף קרם 500 מ""ל",קוסמופארם בעמ,IL,קרם גוף בייבי כיף 50,מיליליטרים,500.00,"100 מ""ל",false,,19.90,0.0398,true,1,40205
7290108359831,false,"כיף - בייבי כיף שמן 500 מ""ל","מיוצר ומשווק ע""י קוס",IL,שמן לתינוק בייבי כיף,מיליליטרים,500.00,"100 מ""ל",false,,19.90,0.0398,true,1,40200
7290108359848,false,בייבי כיף שמפו אל דמע 1 ל',בייבי כיף Baby,IL,שמפו בייבי כיף אל דמ,קילוגרמים,1.00,ליטר,false,,17.90,17.9000,true,1,40198
7290108359862,false,בייבי כיף אל סבון 1 ליטר,בייבי כיף Baby,IL,אל סבון בייבי כיף 1,קילוגרמים,1.00,ליטר,false,,17.90,17.9000,true,1,40199
7290108359886,false,בייבי כיף תחליב רחצה 1 ליטר,בייבי כיף Baby,IL,תחליב רחצה בייבי כיף,קילוגרמים,1.00,ליטר,false,,17.90,17.9000,true,1,40197
7290108359985,false,סנו - ז'אוול מרסס קצף לניקוי וחינו בניחוח פריחה לבנה 1 ליטר,סנו ז'אוול Javel,IL,תרסיס ניקוי סנו גאוו,קילוגרמים,1.00,ליטר,false,,16.90,16.9000,true,1,61462
7290108500844,true,גבינה מגורדת גולדן 7,,,גבינה מגורדת גולדן 7,גרמים,0.00,100 גרם,false,,19.90,0.0000,true,1,22393
7290108502305,false,גבינת גרדה פדנו משולש 150 גר`וילי פוד,וילי פוד,IT,גבינת גרנה פדנו משול,גרמים,150.00,100 גרם,false,,16.90,0.1127,true,1,48964
7290108503043,false,תפוחונים חטיף פלחים מיובשים מארז 22X4ג',ינטאי זונגקאן פוד קו,CN,מארז תפוחונים ויליפו,גרמים,88.00,100 גרם,false,,14.90,0.1693,true,1,43348
7290108503159,false,גבינה כחולה עם עובש 100 גר,קסוס אל פסטור,ES,גבינה כחולה 31% יורו,גרמים,100.00,100 גרם,false,,9.90,0.0990,true,1,48974
7290108503647,false,"אורז בסמטי מובחר 1 ק""ג",lt foods,IN,אורז בסמטי דאווט 1 ק,פריט,1.00,"ק""ג",false,,11.90,11.9000,true,1,45347
7290108505689,false,גבינת גרנה פדנו מגור,זנאטי,IT,גבינת גרנה פדנו מגור,גרמים,100.00,100 גרם,false,,9.90,0.0990,true,1,48528
7290108505719,false,גבינת מוצרלה מגורדת 25%,יורו צ'יז Euro Cheese,TR,גבינת מוצרלה מגורדת,גרמים,200.00,100 גרם,false,,12.90,0.0645,true,1,62315
7290108505733,false,צמות - גבינה חצי קשה 25% שומן 200 ג',אונטד גידה,TR,צמות גבינה חצי קשה 2,גרמים,200.00,100 גרם,false,,12.90,0.0645,true,1,62317
7290108505740,false,גבינת קשקבל קשה למחצה 25% שומן,Euro יורו מחלבות אירופה,TR,גבינת קשקבל 25% יורו,גרמים,200.00,100 גרם,false,,12.90,0.0645,true,1,62318
7290108506426,false,בייגלה קראנצ'י טורקי אותנטי - מוקפא,וילי פוד,TR,בייגלה טורקי סימיט ע,גרמים,400.00,100 גרם,false,,12.90,0.0323,true,1,64853
7290108507188,false,כנאפה מאפה שערות קדא,ארמה גרופ,TR,כנאפה מאפה שערות קדא,גרמים,450.00,100 גרם,false,,18.90,0.0420,true,1,52068
7290108508451,false,"משקה יוגורט טבעי 3.2% שומן יורו 200 מ""ל",Euro יורו מחלבות אירופה,TR,משקה יוגורט טבעי יור,מיליליטרים,200.00,"100 מ""ל",false,,4.90,0.0245,true,1,56118
7290108508963,false,גבינת קשקבל מגורדת 25% שומן,Euro יורו מחלבות אירופה,TR,גבינת קשקבל מגורדת 2,גרמים,200.00,100 גרם,false,,12.90,0.0645,true,1,62319
7290108509106,false,"גבינה בולגרית מעודנת בקוביות 13% שומן 200 ג' חת""ס פ""ת",קוליוס,TW,קוביות בולגרית מעודנ,גרמים,250.00,100 גרם,false,,11.90,0.0476,true,1,64854
7290108509113,false,"גבינה בולגרית מעודנת 18% שומן 250 גרם חת""ס פ""ת",Euro יורו מחלבות אירופה,TR,גבינה בולגרית מעודנת,גרמים,250.00,100 גרם,false,,11.90,0.0476,true,1,64855
7290108509144,false,מארז שלישיית עגבניות מרוסקות POLPA,וילי פוד,IT,מארז עגבניות מרוסקות,פריט,1.20,"ק""ג",false,,13.90,11.5833,true,1,58938
7290108509151,false,עגבניות שלמות מקולפות מארז 400X3 גר',P.S.U.S,IT,מארז עגבניות קלופות,פריט,1.20,"ק""ג",false,,13.90,11.5833,true,1,58937
7290108509168,false,קוביות עגבניות במיץ עגבניות - מארז שלישיה,וילי פוד,IT,מארז עגבניות קוביות,פריט,1.20,"ק""ג",false,,13.90,11.5833,true,1,58939
7290108509199,false,גבינת פטה 17% שומן יורו 500 ג',קוליוס,TW,גבינת פטה 17% יורו 5,גרמים,500.00,100 גרם,false,,21.90,0.0438,true,1,64856
7290108509816,false,גבינת בייבי מוצרלה 2,אונטד גידה,TR,גבינת בייבי מוצרלה 2,גרמים,200.00,100 גרם,false,,12.90,0.0645,true,1,62674
7290108620023,false,"יין קפיטל קברנה סוביניון 750 מ""ל",יקבי ציון,IL,יין קפיטל קברנה סובי,מיליליטרים,750.00,"100 מ""ל",false,,49.90,0.0665,true,1,59914
7290108620030,false,"יין קפיטל מרלו 750 מ""ל",יקבי ציון,IL,יין קפיטל מרלו,מיליליטרים,750.00,"100 מ""ל",false,,49.90,0.0665,true,1,59915
7290108620061,false,"יין אסטייט שיראז 750 מ""ל",יקבי ציון,IL,יין אסטייט שיראז,מיליליטרים,750.00,"100 מ""ל",false,,34.90,0.0465,true,1,52388
7290108620108,false,"יין קברנה סוביניון אימפריאל 750 מ""ל",יקבי ציון,IL,יין אימפריאל קברנה ס,מיליליטרים,700.00,"100 מ""ל",false,,29.90,0.0427,true,1,52391
7290108620115,false,"יין אימפריאל מרלו 750 מ""ל",יקבי ציון,IL,יין אימפריאל מרלו,מיליליטרים,750.00,"100 מ""ל",false,,29.90,0.0399,true,1,52392
7290108620177,false,"יין פאלאס בלנד אדום 750 מ""ל",יקבי ציון,IL,יין פאלאס בלנד אדום,מיליליטרים,750.00,"100 מ""ל",false,,24.90,0.0332,true,1,52396
7290108620207,false,"יין אימפריאל ריזלינג גוורצטרמינר 750 מ""ל",יקבי ציון,IL,יין אימפריאל ריזלינג,מיליליטרים,700.00,"100 מ""ל",false,,29.90,0.0427,true,1,52398
7290108620245,false,מיץ ענבים מובחר לבן 100% טבעי 1 ליטר,יקבי ציון,IL,מיץ ענבים תירוש לבן,קילוגרמים,1.00,ליטר,false,,16.90,16.9000,true,1,60515
7290108620368,false,"יין גן עדן 750 מוסקט אלכסנדרוני 750 מ""ל",יקבי ציון,IL,יין גן עדן מוסקט אלכ,מיליליטרים,750.00,"100 מ""ל",false,,19.90,0.0265,true,1,60513
7290109351971,false,פריכיות דגנים פיטנס מצופות שוקולד חלב,נסטלה Nestle,IL,פריכיות דגנים מצופות,גרמים,84.00,100 גרם,false,,11.90,0.1417,true,1,35166
7290109352916,false,פריכיות דגנים פיטנס מצופות שוקולד לבן,נסטלה Nestle,IL,פריכיות דגנים מצופות,גרמים,84.00,100 גרם,false,,11.90,0.1417,true,1,35165
7290109354057,false,קרחוני לה פרוטה La Frutta בטעמי אננס תפוז- 5 יח',תות תעשיות מזון (201,IL,שלגוני לה פרוטה תפוז,גרמים,350.00,100 גרם,false,,17.90,0.0511,true,1,24696
7290109354101,false,לחמית ללא גלוטן 200 ג' אסם,אסם,IL,לחמית ל.גלוטן אסם 20,גרמים,200.00,100 גרם,false,,6.90,0.0345,true,1,29243
7290109354828,true,חומוס צברי ישראלי צב,,,חומוס צברי ישראלי צב,גרמים,0.00,100 גרם,false,,7.90,0.0000,true,1,45385
7290109354972,false,אוסם - פתי בר וניל חלבי ללא גלוטן 200 גרם,מיוצר עי קונדיטוריית,IL,פתיבר וניל ל.גלוטן א,גרמים,200.00,100 גרם,false,,8.90,0.0445,true,1,28704
7290109354996,false,פתי בר ללא גלוטן שוקו אוסם 200 ג',מיוצר עי קונדיטוריית,IL,פתיבר שוקו ל.גלוטן א,גרמים,200.00,100 גרם,false,,8.90,0.0445,true,1,24698
7290109358482,false,עוגיות קרמוגית במילוי קרם בטעם חלבה,היינץ צפון אמריקה מק,IL,עוגיות קרמוגית במילו,גרמים,200.00,100 גרם,false,,9.90,0.0495,true,1,44523
7290109580043,false,"שניצל תירס קלאסי זוגלובק 1.75 ק""ג",זוגלובק,IL,שניצל תירס זוגלובק 1,פריט,1.75,"ק""ג",false,,49.90,28.5143,true,1,52293
7290109580098,false,קבנוס בטעם סרירצ'ה 135 ג' זוגלובק,זוגלובק,IL,קבנוס בטעם סרירצ'ה ז,גרמים,135.00,100 גרם,false,,9.90,0.0733,true,1,61217
7290109580104,false,פסטרמה פרימיום רוסטביף 150 גר',זוגלובק,IL,רוסטביף זוגלובק 150,גרמים,150.00,100 גרם,false,,24.90,0.1660,true,1,55848
7290109580111,false,"צלעות אסאדו מעושנות פרימיום, 120 גרם",זוגלובק,IL,צלעות אסאדו מעושנות,גרמים,120.00,100 גרם,false,,24.90,0.2075,true,1,61218
7290109580135,false,פרימיום קורנדביף זוגלובק 180 ג',זוגלובק,IL,קורנדביף זוגלובק 180,גרמים,180.00,100 גרם,false,,24.90,0.1383,true,1,55850
7290109580142,false,"נקניקיות מן הצומח זוגלובק 1.75 ק""ג",קריות זול,IL,נקניקיות מן הצומח זו,פריט,1.75,"ק""ג",false,,49.90,28.5143,true,1,56818
7290109580166,false,פרימיום סרוולד קלאסי זוגלובק 150 ג',זוגלובק,IL,סלמי סרוולד זוגלובק,גרמים,150.00,100 גרם,false,,24.90,0.1660,true,1,55852
7290109580210,false,נקנקיות ריינהולד'ס הצרפתיה זוגלובק 300 ג',זוגלובק,IL,נקניקיות ריינהולדס ה,גרמים,300.00,100 גרם,false,,19.90,0.0663,true,1,61978
7290109580227,false,נקניקיות עוף ובקר בסגנון ברלינאי קאריוורסט,זוגלובק,IL,נקניקיות ריינהולדס ק,גרמים,300.00,100 גרם,false,,19.90,0.0663,true,1,61974
7290109580241,false,נאגטס מן הצומח 500 ג' זוגלובק,זוגלובק טבע,IL,נאגטס שניצלונים מן ה,גרמים,500.00,100 גרם,false,,21.90,0.0438,true,1,62884
7290109580258,false,מארז ח.עוף והודו 300 גר'+ סלמי תה 300 גר',זוגלובק,IL,מארז חרמון כפרית וסל,גרמים,600.00,100 גרם,false,,25.90,0.0432,true,1,62885
7290109580302,false,זוג תה מעושן 350 ג'+ ח.עוף 350 ג' בית יוסף,זוגלובק,IL,מארז תה מעושן וחרמון,גרמים,700.00,100 גרם,false,,25.90,0.0370,true,1,63619
7290109580326,false,נקניקיות עוף 800 גרם בית יוסף,זוגלובק,IL,נקניקיות עוף זוגלובק,גרמים,800.00,100 גרם,false,,23.90,0.0299,true,1,63620
7290109580357,false,חרמון 300 ג'+ חרמון ברביקיו 300 ג' בית יוסף,זוגלובק,IL,מארז חרמון וברביקיו,גרמים,600.00,100 גרם,false,,25.90,0.0432,true,1,63621
7290109841403,true,אופניים חשמליים,,,אופניים חשמליים,Unknown,0.00,יחידה,false,,1399.00,0.0000,true,1,46315
7290109844770,false,תנור חימום 5 צדדים 9 גופי חימום קוורץ לבן/שחור,,,תנור חימום 5 צדדים ק,Unknown,0.00,יחידה,false,,189.90,0.0000,true,1,64945
7290109844794,false,תנור חימום קוורץ 2400 וואט 4 גופי חימום + 2 למעלה,,,תנור חימום 2 צדדים מ,Unknown,0.00,יחידה,false,,169.90,0.0000,true,1,64946
7290109845012,false,ציפסר חשמלי מולר 5 ל,,,ציפסר חשמלי מולר 5 ל,Unknown,0.00,יחידה,false,,149.90,0.0000,true,1,64951
7290110000479,false,פריכיות אורז ללא מלח,בטר אנד דיפרנט,IL,פריכיות אורז ללא מלח,גרמים,210.00,100 גרם,false,,7.90,0.0376,true,1,41731
7290110000486,false,פריכיות אורז עם כוסמ,בטר אנד דיפרנט,IL,פריכיות אורז עם כוסמ,גרמים,210.00,100 גרם,false,,7.90,0.0376,true,1,41732
7290110000493,false,חמאת בוטנים טבעית קראנצ'י 350 גר',בטר אנד דיפרנט,IL,חמאת בוטנים קראנצ'י,גרמים,350.00,100 גרם,false,,13.90,0.0397,true,1,49852
7290110001315,false,מיכל חלבי 2 ליטר 4 י,בטר אנד דיפרנט,IL,מיכל חלבי 2 ליטר 4 י,Unknown,0.00,יחידה,false,,14.90,0.0000,true,1,57775
7290110001995,false,קופסאות אחסון מלבנית 1ל' חמישייה פרווה,בטר אנד דיפרנט,IL,מארז 4 קופסאות אחסון,Unknown,0.00,יחידה,false,,11.90,0.0000,true,1,64589
7290110002008,false,קופסאות אחסון מלבנית 1ל' חמישייה בשרי,בטר אנד דיפרנט,IL,מארז 4 קופסאות אחסון,Unknown,0.00,יחידה,false,,11.90,0.0000,true,1,64588
7290110002206,false,"שמן קוקוס 500 מ""ל כשל""פ",בטר אנד דיפרנט,IL,שמן קוקוס מזוכך ב.ד.,מיליליטרים,500.00,"100 מ""ל",false,,19.90,0.0398,true,1,61933
7290110110277,false,סיידר תפוחים מוגז - מארז רביעייה,"קרלסברג קרואטיה , יב",HR,סיידר תפוחים סומרסבי,קילוגרמים,1.98,ליטר,false,,24.90,12.5758,true,1,57207
7290110110369,false,בירה קרלסברג לומה LUMA שישייה,מבשלות בירה בינלאומי,IL,מארז בירה קרלסברג לו,קילוגרמים,1.98,ליטר,false,,34.90,17.6263,true,1,52236
7290110110659,false,"ספרייט לימון ליים פחית 330מ""ל",החברה המרכזית לייצור,IL,"ספרייט 330 מ""ל",מיליליטרים,330.00,"100 מ""ל",false,,4.90,0.0148,true,1,51204
7290110110703,false,"ספרייט 6 פחיות *330 מ""ל FRIDGE-PACK",קוקה קולה,IL,"מארז ספרייט 6*330 מ""",קילוגרמים,1.98,ליטר,false,,21.90,11.0606,true,1,33774
7290110111809,false,"מארז פאנטה אורנג' 330 מ""ל * 6 יח'",החברה המרכזית לייצור,IL,מארז פאנטה אורנג 6*3,קילוגרמים,1.98,ליטר,false,,21.90,11.0606,true,1,45520
7290110113377,false,מארז קוקה קולה 1 ליטר*4 יח',קוקה קולה,IL,מארז קוקה קולה 4*1 ל,קילוגרמים,4.00,ליטר,false,,24.90,6.2250,true,1,63311
7290110114787,false,נביעות + תפוח 1.5 ליטר פיקדון,נביעות טבע הגליל בעמ,IL,נביעות מים בטעם תפוח,קילוגרמים,1.50,ליטר,false,,8.40,5.6000,true,1,59447
7290110114794,false,נביעות + אפרסק 1.5 ליטר פיקדון,"נביעות טבע הגליל בע""",IL,נביעות מים בטעם אפרס,קילוגרמים,1.50,ליטר,false,,8.40,5.6000,true,1,59448
7290110114800,false,נביעות + ענבים 1.5 ליטר פיקדון,"נביעות טבע הגליל בע""",IL,נביעות מים בטעם ענבי,קילוגרמים,1.50,ליטר,false,,8.40,5.6000,true,1,59449
7290110114855,false,"נביעות מים מינרליים, שישיה 6 * 1.5 ליטר פקדון",נביעות טבע הגליל בעמ,IL,מים נביעות 6*1.5 ליט,קילוגרמים,9.00,ליטר,false,,12.30,1.3667,true,1,59451
7290110114954,false,מיץ תפוזים מתקתקים 100% 2 ל' פריגת,פריגת,IL,מיץ תפוזים מתקתק פרי,קילוגרמים,2.00,ליטר,false,,19.90,9.9500,true,1,59433
7290110114961,false,מיץ בטעם תפוזים 1.5ל' פריגת,מבשלות בירה בינלאומי,IL,פריגת תפוזים 1.5 ליט,קילוגרמים,1.50,ליטר,false,,8.80,5.8667,true,1,59452
7290110114985,false,פריגת אשכולית 1.5 ליטר פיקדון,מבשלות בירה בינלאומי,IL,פריגת אשכוליות 1.5 ל,קילוגרמים,1.50,ליטר,false,,8.80,5.8667,true,1,59454
7290110114992,false,פריגת light אשכולית 1.5 ליטר פיקדון,מבשלות בירה בינלאומי,IL,פריגת אשכוליות דיאט,קילוגרמים,1.50,ליטר,false,,8.80,5.8667,true,1,59455
7290110115005,false,פריגת ענבים 1.5 ליטר פיקדון,מבשלות בירה בינלאומי,IL,פריגת ענבים 1.5 ליטר,קילוגרמים,1.50,ליטר,false,,8.80,5.8667,true,1,59456
7290110115012,false,מיץ ענבים בניחוח מרלו 1.5 ל' פריגת,פריגת,IL,פריגת ענבי מרלו 1.5,קילוגרמים,1.50,ליטר,false,,8.80,5.8667,true,1,59457
7290110115029,false,"פריגת משק""ל תפוח 1.5 ליטר פיקדון",מבשלות בירה בינלאומי,IL,פריגת תפוח 1.5 ליטר,קילוגרמים,1.50,ליטר,false,,8.80,5.8667,true,1,59458
7290110115036,false,פריגת מנגו 1.5 ליטר פיקדון,מבשלות בירה בינלאומי,IL,פריגת מנגו 1.5 ליטר,קילוגרמים,1.50,ליטר,false,,8.80,5.8667,true,1,59459
7290110115043,false,פריגת לימונענע 1.5 ליטר פיקדון,מבשלות בירה בינלאומי,IL,פריגת לימונענע 1.5 ל,קילוגרמים,1.50,ליטר,false,,8.80,5.8667,true,1,59460
7290110115050,false,פריגת מיקס תות בננה 1.5 ליטר פיקדון,מבשלות בירה בינלאומי,IL,פריגת מיקס תות בננה,קילוגרמים,1.50,ליטר,false,,8.80,5.8667,true,1,59461
7290110115081,false,פריגת צלול ענבים 1.5 ליטר פיקדון,מבשלות בירה לישראל ב,IL,פריגת צלול ענבים 1.5,קילוגרמים,1.50,ליטר,false,,8.20,5.4667,true,1,59465
7290110115104,false,פריגת צלול אפרסק 1.5 ליטר פיקדון,מבשלות בירה בינלאומי,IL,פריגת צלול אפרסק 1.5,קילוגרמים,1.50,ליטר,false,,8.20,5.4667,true,1,59466
7290110115128,false,פריגת צלול בטעם לימונענע 1.5 ליטר פיקדון,מבשלות בירה לישראל ב,IL,פריגת צלול לימונענע,קילוגרמים,1.50,ליטר,false,,8.20,5.4667,true,1,59468
7290110115180,false,מים מינרליים נביעות,"נביעות טבע הגליל בע""",IL,מים נביעות 1.5 ליטר,קילוגרמים,1.50,ליטר,false,,1.20,0.8000,true,1,59916
7290110115203,false,קוקה קולה 1.5 ליטר פיקדון,קוקה קולה Coca Cola,IL,קוקה קולה 1.5 ליטר,קילוגרמים,1.50,ליטר,false,,8.90,5.9333,true,1,59469
7290110115210,false,דיאט קוקה קולה 1.5 ליטר פיקדון,קוקה קולה Coca Cola,IL,קוקה קולה דיאט 1.5 ל,קילוגרמים,1.50,ליטר,false,,8.90,5.9333,true,1,59470
7290110115227,false,קולה ZERO 1.5 ליטר פיקדון,קוקה קולה Coca Cola,IL,קוקה קולה זירו 1.5 ל,קילוגרמים,1.50,ליטר,false,,8.90,5.9333,true,1,59471
7290110115234,false,קולה ZERO נטול 1.5 ליטר פיקדון,החברה המרכזית לייצור,IL,קוקה קולה זירו נטול,קילוגרמים,1.50,ליטר,false,,8.90,5.9333,true,1,59472
7290110115241,false,קוקה קולה זירו לימון 1.5 ליטר,החברה המרכזית לייצור,IL,קוקה קולה זירו לימון,קילוגרמים,1.50,ליטר,false,,8.90,5.9333,true,1,59473
7290110115265,false,ספרייט 1.5 ליטר LIME פיקדון,החברה המרכזית לייצור,IL,ספרייט למון ליים 1.5,קילוגרמים,1.50,ליטר,false,,8.90,5.9333,true,1,59479
7290110115272,false,ZERO ספרייט זירו 1.5 ליטר פיקדון,החברה המרכזית לייצור,IL,ספרייט זירו 1.5 ליטר,קילוגרמים,1.50,ליטר,false,,8.90,5.9333,true,1,59480
7290110115289,false,ספרייט 19 קל' לימון-נענע 1.5 ליטר פיקדון,החברה המרכזית לייצור,IL,ספרייט לימון נענע 1.,קילוגרמים,1.50,ליטר,false,,8.90,5.9333,true,1,59481
7290110115296,false,פאנטה אורנג' 1.5 ליטר פיקדון,החברה המרכזית לייצור,IL,פאנטה אורנג 1.5 ליטר,קילוגרמים,1.50,ליטר,false,,8.20,5.4667,true,1,59482
7290110115319,false,פאנטה אקזוטיק 1.5 ליטר פיקדון,החברה המרכזית לייצור,IL,פאנטה אקזוטיק 1.5 לי,קילוגרמים,1.50,ליטר,false,,8.20,5.4667,true,1,59486
7290110115340,false,פאנטה ענבים 1.5 ליטר פיקדון,קוקה קולה,IL,פאנטה ענבים 1.5 ליטר,קילוגרמים,1.50,ליטר,false,,8.20,5.4667,true,1,59490
7290110115364,false,קוקה קולה שישיות 1.5 ליטר פיקדון,החברה המרכזית לייצור,IL,מארז קוקה קולה 6*1.5,קילוגרמים,9.00,ליטר,false,,49.90,5.5444,true,1,59475
7290110115388,false,ספרייט ליים שישיות 1.5 ליטר פיקדון,ספרייט Sprite,IL,מארז ספרייט ליים 6*1,קילוגרמים,9.00,ליטר,false,,44.90,4.9889,true,1,59483
7290110115395,false,ZERO ספרייט שישיות 1.5 ליטר פיקדון,החברה המרכזית לייצור,IL,מארז ספרייט זירו 6*1,קילוגרמים,9.00,ליטר,false,,42.90,4.7667,true,1,59484
7290110115418,false,מארז שישייה קוקה קולה זירו 1.5 ל',החברה המרכזית לייצור,IL,מארז קוקה קולה זירו,קילוגרמים,9.00,ליטר,false,,46.90,5.2111,true,1,59476
7290110115425,false,FUZE TEA גרין לימונענע -נענע 1.5 ליטר פיקדון,מבשלות בירה בינלאומי,IL,פיוז תה ירוק לימון נ,קילוגרמים,1.50,ליטר,false,,8.90,5.9333,true,1,59493
7290110115449,false,אייס תה בטעם מנגו אננס 1.5ל' FUZE TEA,מבשלות בירה בינלאומי,IL,פיוז תה אננס 1.5 ליט,קילוגרמים,1.50,ליטר,false,,8.90,5.9333,true,1,59494
7290110115456,false,"תה קר בטעם אפרסק 19 קלוריות ב- 100 מ""ל",מבשלות בירה בינלאומי,IL,פיוז תה אפרסק מופחת,קילוגרמים,1.50,ליטר,false,,8.90,5.9333,true,1,59495
7290110115463,false,אייס תה בטעם אפרסק 1.5ל' FUZE TEA,מבשלות בירה בינלאומי,IL,פיוז תה אפרסק 1.5 לי,קילוגרמים,1.50,ליטר,false,,8.90,5.9333,true,1,59496
7290110115494,false,אייס תה בטעם ענבים 1.5ל' FUZE TEA,מבשלות בירה בינלאומי,IL,פיוז תה ענבים 1.5 לי,קילוגרמים,1.50,ליטר,false,,8.90,5.9333,true,1,59499
7290110115531,false,פאנטה ZERO תפוח 1.5 ליטר פיקדון,החברה המרכזית לייצור,IL,פאנטה תפוח זירו 1.5,קילוגרמים,1.50,ליטר,false,,8.20,5.4667,true,1,59489
7290110115586,false,פריגת תפוזים 40% פחות סוכר 1.5 ליטר פיקדון,מבשלות בירה בינלאומי,IL,פריגת תפוזים 40% פחו,קילוגרמים,1.50,ליטר,false,,8.80,5.8667,true,1,59462
7290110115593,false,פריגת אשכוליות 40% פחות סוכר 1.5 ליטר פיקדון,מבשלות בירה בינלאומי,IL,פריגת אשכוליות 40% פ,קילוגרמים,1.50,ליטר,false,,8.80,5.8667,true,1,59463
7290110115616,false,FUZE tea zero גרין אננס 1.5 ליטר פיקדון,מבשלות בירה בינלאומי,IL,פיוז תה זירו גרין אנ,קילוגרמים,1.50,ליטר,false,,8.90,5.9333,true,1,60353
7290110115623,false,משקה פיוז טי זירו ZERO בטעם אפרסק,מבשלות בירה בינלאומי,IL,פיוז תה זירו אפרסק 1,קילוגרמים,1.50,ליטר,false,,8.90,5.9333,true,1,60354
7290110116125,false,סירופ בטעם פטל במתיק,סירופ גבעת חיים,IL,סירופ בטעם פטל במתיק,מיליליטרים,750.00,"100 מ""ל",false,,24.90,0.0332,true,1,63690
7290110116132,false,"מיץ לימון 750 מ""ל פריגת",סירופ גבעת חיים,IL,סירופ בטעם לימון פרי,מיליליטרים,750.00,"100 מ""ל",false,,24.90,0.0332,true,1,63687
7290110116149,false,"מיץ ענבים 750 מ""ל פריגת",סירופ גבעת חיים,IL,סירופ בטעם ענבים במת,מיליליטרים,750.00,"100 מ""ל",false,,24.90,0.0332,true,1,63688
7290110116156,false,נביעות+ רכיבי פרי מנגו פסיפלורה 1.5 ליטר,נביעות,IL,נביעות רכיבי פרי מים,קילוגרמים,1.50,ליטר,false,,8.40,5.6000,true,1,63723
7290110116170,false,נביעות+ רכיבי פרי קוקוס אננס 1.5 ליטר,נביעות,IL,נביעות רכיבי פרי מים,קילוגרמים,1.50,ליטר,false,,8.40,5.6000,true,1,63724
7290110116194,false,"מים לימון ליים 0 קלוריות, 1.5 ל נביעות","נביעות טבע הגליל בע""",IL,נביעות 0 קלוריות מים,קילוגרמים,1.50,ליטר,false,,8.40,5.6000,true,1,63725
7290110116217,false,נביעות+ אשכוליות 0קלוריות 1.5 ליטר,"נביעות טבע הגליל בע""",IL,נביעות 0 קלוריות מים,קילוגרמים,1.50,ליטר,false,,8.40,5.6000,true,1,63726
7290110116392,false,מיץ תפוזים 750 מל פריגת,סירופ גבעת חיים,IL,סירופ בטעם תפוזים פר,מיליליטרים,750.00,"100 מ""ל",false,,24.90,0.0332,true,1,63689
7290110116552,false,ספרייט לימון היט 1.5 ליטר LIME פיקדון,החברה המרכזית לייצור,IL,ספרייט למון היט 1.5,קילוגרמים,1.50,ליטר,false,,8.90,5.9333,true,1,64545
7290110116569,false,"ספרייט זירו ZERO בק LEMON HIT, 1.5 ליטר",החברה המרכזית לייצור,IL,ספרייט זירו לימון הי,קילוגרמים,1.50,ליטר,false,,8.90,5.9333,true,1,64543
7290110320683,false,משקה יוגורט בטעם תות 1.5% - מארז 8 יח',מיוצר עי קונדיטוריית,IL,משקה יוגורט תות יופל,גרמים,800.00,100 גרם,false,,15.90,0.0199,true,1,30275
7290110320867,false,פתיתים גבינה חצי קשה מגורדת 28% שומן,תנובה מרכז שיתופי לש,IL,גבינה מגורדת עמק 500,גרמים,500.00,100 גרם,false,,28.90,0.0578,true,1,31184
7290110321277,false,קוטג' בקטנה % 5 100 ג' תנובה,פארייפאבה אגרואינדוס,IL,קוטג בקטנה 5% תנובה,גרמים,100.00,100 גרם,false,,2.50,0.0250,true,1,55805
7290110321284,false,קוטג' בקטנה 9% 100 ג' תנובה,פארייפאבה אגרואינדוס,IL,קוטג בקטנה 9% תנובה,גרמים,100.00,100 גרם,false,,2.50,0.0250,true,1,55806
7290110321468,false,"מאגדת 12 יח' יופלה תות בד""צ 3% שומן בד""צ עד""ח",תנובה מרכז שיתופי לש,IL,מארז יופלה מחית תות,קילוגרמים,1.20,ליטר,false,,25.90,21.5833,true,1,31995
7290110322014,false,טופו בטעם טבעי תנובה ALTERNATIVE,שוורצקוף& הנקל דיסלד,IL,טופו בטעם טבעי אלטרנ,גרמים,300.00,100 גרם,false,,11.80,0.0393,true,1,51822
7290110322038,false,טופו פיקנטי תנובה ALTERNATIVE,תנובה Alternative,IL,טופו פיקנטי אלטרנטיב,גרמים,300.00,100 גרם,false,,11.80,0.0393,true,1,51824
7290110323097,false,מעדן גבינה עם תות 5% שומן 80 ג' תנובה,תנובה,IL,תאומים מעדן גבינה עם,גרמים,80.00,100 גרם,false,,1.70,0.0212,true,1,65033
7290110323714,false,משקה קוקוס שקדים תנובה E אלטרנטיב,מיוצר עי קונדיטוריית,IL,משקה קוקוס שקדים אלט,קילוגרמים,1.00,ליטר,false,,11.60,11.6000,true,1,44128
7290110323998,false,מאגדת שמינייה מיני קרלו קצפת 8*77 ג',תנובה מרכז שיתופי לש,IL,מארז קרלו מיני עם קצ,גרמים,616.00,100 גרם,false,,11.90,0.0193,true,1,57484
7290110324070,false,גבינת חלומי מחלב בקר 22%שומן 200גר,"תנובה בע""מ",IL,גבינת חלומי 30% פירא,גרמים,200.00,100 גרם,false,,16.90,0.0845,true,1,56554
7290110324551,false,יופלה טיוב יוגורט במרקם חלק בטעם תות 348 ג',יופלה Yoplait,IL,מארז יופלה טיוב תות,גרמים,348.00,100 גרם,false,,9.90,0.0284,true,1,45710
7290110324711,false,ממרח סויה בטעם טבעי 9% שומן אלטרנטיב,מיוצר עי קונדיטוריית,IL,ממרח סויה בטעם טבעי,גרמים,250.00,100 גרם,false,,7.90,0.0316,true,1,48486
7290110324728,false,ממרח סויה עם שום שמיר 9% שומן אלטרנטיב,מיוצר עי קונדיטוריית,IL,ממרח סויה עם שום שמי,גרמים,250.00,100 גרם,false,,7.90,0.0316,true,1,48488
7290110324841,false,מעדן שקדים עם שוקולד מריר אלטרנטיב,מיוצר עי קונדיטוריית,IL,מעדן שקדים שוקולד מר,גרמים,125.00,100 גרם,false,,3.90,0.0312,true,1,48696
7290110324858,false,מעדן שקדים בטעם אגוזי לוז אלטרנטיב,מיוצר עי קונדיטוריית,IL,מעדן שקדים אגוזי לוז,גרמים,125.00,100 גרם,false,,3.90,0.0312,true,1,48697
7290110324926,false,משקה סויה ללא תוספת סוכר E אלטרנטיב,תנובה מרכז שיתופי לש,IL,משקה סויה ללא תוספת,קילוגרמים,1.00,ליטר,false,,9.90,9.9000,true,1,49112
7290110325510,false,יופלה טיוב יוגורט במרקם חלק בטעם וניל - 348 ג',"תנובה בע""מ",IL,מארז יופלה טיוב וניל,גרמים,348.00,100 גרם,false,,9.90,0.0284,true,1,48846
7290110325619,false,משקה שיבולת שועל תנובה E אלטרנטיב,מיוצר עי קונדיטוריית,IL,משקה שיבולת שועל אלט,קילוגרמים,1.00,ליטר,false,,11.60,11.6000,true,1,49238
7290110325688,true,יופלה שוקולד ושברי ק,,,יופלה שוקולד ושברי ק,מיליליטרים,0.00,"100 מ""ל",false,,5.10,0.0000,true,1,49824
7290110325893,false,משקה חלב GO מועשר בחלבון בטעם אייס קפה,מיוצר עי קונדיטוריית,IL,משקה GO אייס קפה 27,מיליליטרים,340.00,"100 מ""ל",false,,6.90,0.0203,true,1,52800
7290110326173,false,יולו COOKIES שוקולדלבן בטעם קרם עוגיות+עוגיות ונטיפי שוקולד 120 ג',תנובה,IL,יולו שוקולד לבן בטעם,גרמים,120.00,100 גרם,false,,4.90,0.0408,true,1,51420
7290110326210,false,יופלה און טופ פצפוצים 157 גרם.,מיוצר עי קונדיטוריית,IL,יופלה און טופ פצפוצי,גרמים,157.00,100 גרם,false,,4.70,0.0299,true,1,50913
7290110326227,false,יוגורט און טופ קורנפלקס 157 ג' יופלה,מיוצר עי קונדיטוריית,IL,יופלה און טופ קורנפל,גרמים,157.00,100 גרם,false,,4.70,0.0299,true,1,50916
7290110326234,false,יוגורט און טופ כוכבים 157 ג' יופלה,מיוצר עי קונדיטוריית,IL,יופלה און טופ כוכבים,גרמים,157.00,100 גרם,false,,4.70,0.0299,true,1,50914
7290110326906,false,חלב נטול לקטוז 3% 1 ליטר,מיוצר עי קונדיטוריית,IL,חלב נטול לקטוז 3% תנ,קילוגרמים,1.00,ליטר,false,,6.90,6.9000,true,1,54529
7290110327514,false,משקה שיבולת שועל בטעם אגוזי לוז 1 ליטר אלטרנטיב,תנובה מרכז שיתופי לש,IL,משקה שיבולת שועל בטע,קילוגרמים,1.00,ליטר,false,,11.60,11.6000,true,1,59991
7290110327545,false,מעדן און טופ תות פצפוצים מצופים שוקולד 157ג' יופלה,מיוצר עי קונדיטוריית,IL,יופלה און טופ תות ופ,גרמים,157.00,100 גרם,false,,4.70,0.0299,true,1,54648
7290110328016,false,משקה סויה מועשר בחלבון בטעם אגוזי לוז 250 גרם,תנובה מרכז שיתופי לש,IL,משקה סויה מועשר בטעם,מיליליטרים,250.00,"100 מ""ל",false,,5.90,0.0236,true,1,55932
7290110328023,false,משקה סויה מועשר בחלבון בטעם קפה 250 גרם,תנובה מרכז שיתופי לש,IL,משקה סויה מועשר עם ק,מיליליטרים,250.00,"100 מ""ל",false,,5.90,0.0236,true,1,55933
7290110328627,false,יוגורט יופלה GO במרקם סמיך בטעם בננה קרמל 0%,מיוצר עי קונדיטוריית,IL,יוגורט גו יופלה סמיך,גרמים,200.00,100 גרם,false,,4.70,0.0235,true,1,57561
7290110328641,false,טופו טבעי אלטרנטיב 2,תנובה,IL,טופו טבעי אלטרנטיב 2,גרמים,500.00,100 גרם,false,,16.90,0.0338,true,1,63215
7290110328764,false,יוגורט יופלה GO במרקם סמיך עם תות 0%,מיוצר עי קונדיטוריית,IL,יוגורט גו יופלה סמיך,גרמים,200.00,100 גרם,false,,4.70,0.0235,true,1,57564
7290110328771,false,יוגורט יופלה GO במרקם סמיך עם פירות יער 0%,מיוצר עי קונדיטוריית,IL,יוגורט גו יופלה סמיך,גרמים,200.00,100 גרם,false,,4.70,0.0235,true,1,57562
7290110328788,false,יוגורט יופלה GO במרקם סמיך בטעם אפרסק 0%,תנובה מרכז שיתופי לש,IL,יוגורט גו יופלה סמיך,גרמים,200.00,100 גרם,false,,4.70,0.0235,true,1,57563
7290110328931,false,פתיתי גבינה צהובה למאפים 500 גרם השף הלבן,תנובה,IL,פתיתי גבינה למאפים ה,גרמים,500.00,100 גרם,false,,19.90,0.0398,true,1,65023
7290110329136,false,מעדן חלב מעושר בחלבון בטעם שוקולד 120 ג' GO,תנובה מרכז שיתופי לש,IL,מעדן חלב גו 12 מועשר,גרמים,120.00,100 גרם,false,,4.50,0.0375,true,1,59993
7290110329143,false,מעדן חלב מעושר בחלבון בטעם וניל גביע 120 ג' GO,תנובה מרכז שיתופי לש,IL,מעדן חלב גו 12 מועשר,גרמים,120.00,100 גרם,false,,4.50,0.0375,true,1,59994
7290110329303,false,פרוסות צהובה 200 גרם אלטרנטיב אלטרנטיב,תנובה Alternative,IL,פרוסות צהובה קלאסית,גרמים,200.00,100 גרם,false,,19.90,0.0995,true,1,63213
7290110329686,false,"משקה חלב בטעם עוגיות 340 מ""ל GO",מיוצר עי קונדיטוריית,IL,משקה GO בטעם עוגיות,מיליליטרים,340.00,"100 מ""ל",false,,6.90,0.0203,true,1,63214
7290110329716,false,משקה קפה קר בטעם קפוצ'ינו 230 ג' תנובה,תנובה מרכז שיתופי לש,IL,משקה קפה קר בטעם קפו,מיליליטרים,230.00,"100 מ""ל",false,,6.90,0.0300,true,1,62537
7290110329723,false,משקה קפה קר בטעם לאטה 230 ג' תנובה,תנובה מרכז שיתופי לש,IL,משקה קפה קר בטעם לאט,מיליליטרים,230.00,"100 מ""ל",false,,6.90,0.0300,true,1,62538
7290110329730,false,"משקה חלב עם שוקולד וקפה בסגנון לאטה 2.7%  230 מ""ל תנובה",תנובה מרכז שיתופי לש,IL,משקה קפה קר בטעם לאט,מיליליטרים,230.00,"100 מ""ל",false,,6.90,0.0300,true,1,62539
7290110329792,false,יוגורט סויה BIO Alternative אפרסק 150 ג' תנובה,מיוצר עי קונדיטוריית,IL,מעדן סויה ביו אפרסק,גרמים,150.00,100 גרם,false,,4.40,0.0293,true,1,60370
7290110329808,false,יוגורט סויה BIO Alternative תות 150 ג' תנובה,מיוצר עי קונדיטוריית,IL,מעדן סויה ביו תות אל,גרמים,150.00,100 גרם,false,,4.40,0.0293,true,1,60371
7290110329822,false,יוגורט סויה BIO Alternative פירות יער 150 ג' תנובה,מיוצר עי קונדיטוריית,IL,מעדן סויה ביו פירות,גרמים,150.00,100 גרם,false,,4.40,0.0293,true,1,60373
7290110329839,false,פרוסות צהובה בטעם זיתים 200 ג' אלטרנטיב אלטרנטיב,מיוצר עי קונדיטוריית,IL,פרוסות צהובה בטעם זי,גרמים,200.00,100 גרם,false,,19.90,0.0995,true,1,63205
7290110329846,false,יוגורט סויה BIO Alternative בטעם טבעי 150 ג' תנובה,תנובה Alternative,IL,מעדן סויה ביו טבעי א,גרמים,150.00,100 גרם,false,,4.40,0.0293,true,1,60374
7290110329914,false,מאגדת משקה שיבולת שועל ושקדים 100 גרם*6 יח' ביו אלטרנטיב,תנובה מרכז שיתופי לש,IL,משקה ביו שיבולת שועל,מיליליטרים,600.00,"100 מ""ל",false,,17.90,0.0298,true,1,63260
7290110550226,false,מטבעות שוקולד מריר לאפיה 400 ג עלית,שטראוס,IL,מטבעות שוקולד מריר ל,גרמים,400.00,100 גרם,false,,24.90,0.0622,true,1,62347
7290110552220,false,יוגורט PRO בטעם תות 0% סוכר לבן 20 גרם חלבון בגביע,"שטראוס בריאות בע""מ",IL,דנונה פרו 20 תות ללא,גרמים,200.00,100 גרם,false,,5.90,0.0295,true,1,60284
7290110552237,false,יוגורט פרו בטעם אפרסק מנגו ללא סוכר 200 ג' דנונה,"שטראוס בריאות בע""מ",IL,דנונה פרו 20 אפרסק ו,גרמים,200.00,100 גרם,false,,5.90,0.0295,true,1,60285
7290110554422,false,רוטב עגבניות ופלפלים לשקשוקה 350 גר' יד מרדכי,אימילאנה,IT,רוטב עגבניות ופלפלים,גרמים,350.00,100 גרם,false,,10.80,0.0309,true,1,63575
7290110554583,false,מארז חטיפי צ'יטוס פאפס בטעם גבינה - 10 יחידות,שטראוס,IL,מארז צ'יטוס בטעם גבי,גרמים,200.00,100 גרם,false,,11.50,0.0575,true,1,60464
7290110554729,false,קפסולות עלית אספרסו 04 תואמות למכונות NESPRESSO,שטראוס קפה בי.וי,IL,קפסולות עלית מס 04 ל,גרמים,50.00,100 גרם,false,,15.50,0.3100,true,1,62153
7290110554798,false,פולי אספרסו עשירים וארומטיים עוצמה 08 250 ג' עלית,שטראוס קפה בי.וי,IL,פולי קפה ארומטיים בק,גרמים,250.00,100 גרם,false,,19.90,0.0796,true,1,64604
7290110555009,false,מארז זוג רוטב פסאטה 2* 350 ג' יד מרדכי,אימילאנה,IT,מחית עגבניות פסאטה י,גרמים,700.00,100 גרם,false,,11.90,0.0170,true,1,63265
7290110556242,false,"שוקולד מריר פרווה 100 גר' בד""ץ תוצרת חוץ","שטראוס גרופ בע""מ.",IL,שוקולד פרה מריר 100,גרמים,100.00,100 גרם,false,,5.90,0.0590,true,1,63741
7290110557027,false,חומוס עשיר 50% טחינה גולמית 400 ג' אחלה,מיוצר עי קונדיטוריית,IL,חומוס עשיר ב50% טחינ,גרמים,400.00,100 גרם,false,,11.90,0.0298,true,1,59984
7290110557102,false,מעדן חלב עם שוקולד מועשר בחלבון 150 ג' שטראוס,מיוצר עי קונדיטוריית,IL,מעדן חלב עם שוקולד פ,גרמים,150.00,100 גרם,false,,4.90,0.0327,true,1,58940
7290110557133,false,מעדן הגולן וניל 125 ג' שטראוס,מיוצר עי קונדיטוריית,IL,מעדן הגולן וניל 125,מיליליטרים,125.00,"100 מ""ל",false,,2.80,0.0224,true,1,59275
7290110557478,false,חומוס גלילי במרקם מעודן 600 גרם,שטראוס,IL,חומוס גלילי אחלה 600,גרמים,600.00,100 גרם,false,,11.90,0.0198,true,1,61287
7290110558154,false,דנונה לייט אנד פרי עוגת תפוחים 150ג דנונה,"שטראוס בריאות בע""מ",IL,דנונה לייט אנד פרי ב,גרמים,150.00,100 גרם,false,,4.50,0.0300,true,1,63269
7290110558215,false,"דנונה קראנצ`פיסטוק עם פיצפוץ לבן קראנצי פיסטוק, 173 גרם","שטראוס בריאות בע""מ",IL,דנונה בר קראנץ פיסטו,מיליליטרים,173.00,"100 מ""ל",false,,4.30,0.0249,true,1,64276
7290110558222,false,"וואו יוגורט עם שכבה בטעם בנופי פאי 5.4%, 150ג דנונה","שטראוס בריאות בע""מ",IL,דנונה WOW עם שכבה בט,מיליליטרים,150.00,"100 מ""ל",false,,4.50,0.0300,true,1,63271
7290110558239,false,"וואו יוגורט עם שכבה בטעם קראק פאי 5.4%, 150 ג דנונה","שטראוס בריאות בע""מ",IL,דנונה WOW עם שכבה בט,מיליליטרים,150.00,"100 מ""ל",false,,4.50,0.0300,true,1,63272
7290110558253,false,"דנונה ריפרש בננה אננס וצ`יה, 250 גרם","שטראוס בריאות בע""מ",IL,משקה דנונה ריפרש בננ,גרמים,250.00,100 גרם,false,,5.50,0.0220,true,1,62777
7290110558314,false,דנונה פרו 20 ג' חלבון ללא סוכר פיסטוק 200 גרם,"שטראוס בריאות בע""מ",IL,דנונה פרו 20 בטעם פי,גרמים,200.00,100 גרם,false,,5.90,0.0295,true,1,63268
7290110558666,false,מעדן גבינה בטעם תפוח 88 ג' דניאלה,"שטראוס בריאות בע""מ",IL,דניאלה בטעם תפוח 88,גרמים,88.00,100 גרם,false,,3.90,0.0443,true,1,64271
7290110559748,false,ריל - מאגדת שקדים קוקוס ושוקולד מריר 35 גרם * 3,ואמואליס פודס,GR,מאגדת ריל אנרג'י שקד,גרמים,105.00,100 גרם,false,,12.90,0.1229,true,1,62937
7290110559755,false,ריל - מאגדת בוטנים פיסטוק וחמוציות 35 גרם * 3,ואמואליס פודס,GR,מאגדת ריל אנרג'י בוט,גרמים,105.00,100 גרם,false,,12.90,0.1229,true,1,62938
7290110559762,false,ריל - מאגדת אגוזים תמרם קוקוס 35 גרם * 3,ואמואליס פודס,GR,מאגדת ריל אנרג'י אגו,גרמים,105.00,100 גרם,false,,12.90,0.1229,true,1,62939
7290110560300,false,"הפריכיות הטעימות חומוס, עדשים שחורות, קינואה ופלפל שחור",אנרג'י Energy - שטראוס,IL,פריכיות אנרג'י משולש,גרמים,30.00,100 גרם,false,,4.90,0.1633,true,1,52699
7290110560317,false,"הפריכיות הטעימות חומוס, עדשים שחורות, קינואה ומלח ים","פרח תעשיו מזון בע""מ",IL,פריכיות אנרג'י משולש,Unknown,0.00,יחידה,false,,4.90,0.0000,true,1,52700
7290110560324,false,"הפריכיות הטעימות תפו""א, אורז, אפונה ומלח ים","פרח תעשיו מזון בע""מ",IL,פריכיות אנרג'י משולש,Unknown,0.00,יחידה,false,,4.90,0.0000,true,1,52701
7290110561352,false,דנונה יוגורט ביו פרוביוטי 3% דל לקטוז 150ג',"שטראוס בריאות בע""מ",IL,דנונה דל לקטוז בתוספ,גרמים,200.00,100 גרם,false,,3.90,0.0195,true,1,57819
7290110561604,false,מארז 8 יחידות מעדן גמדים בטעם תות בננה,שטראוס,IL,מארז גמדים תות בננה,גרמים,800.00,100 גרם,false,,17.90,0.0224,true,1,32951
7290110563462,false,חלב בבקבוק נטול לקטוז 2% יטבתה 1 ל',מחלבת יטבתה,IL,חלב מועשר נטול לקטוז,קילוגרמים,1.00,ליטר,false,,7.80,7.8000,true,1,49518
7290110564339,false,חומוס אחלה הסידרה המובחר 30% טחינה 400 גר',מיוצר עי קונדיטוריית,IL,חומוס עשיר ב30% טחינ,גרמים,400.00,100 גרם,false,,11.90,0.0298,true,1,32938
7290110564360,false,חומוס אחלה הסידרה המובחר 40% טחינה 400 גר',מיוצר עי קונדיטוריית,IL,חומוס עשיר ב40% טחינ,גרמים,400.00,100 גרם,false,,11.90,0.0298,true,1,32937
7290110564414,false,חומוס אחלה הסידרה המובחר 30% טחינה 600 גר',מיוצר עי קונדיטוריית,IL,חומוס עשיר ב 30% טחי,גרמים,600.00,100 גרם,false,,11.90,0.0198,true,1,32934
7290110565527,false,יוגורט PRO פרו 1.5% 20 גרם חלבון בגביע,"שטראוס בריאות בע""מ",IL,דנונה פרו טבעי 1.5%,גרמים,200.00,100 גרם,false,,5.90,0.0295,true,1,31759
7290110565572,false,מנות אישיות קפה טורקי לדרך עם הל,שטראוס קפה בי.וי,IL,קפה טורקי הל לדרך 2,גרמים,168.00,100 גרם,false,,16.90,0.1006,true,1,63744
7290110566043,false,יוגורט 4.5% שומן 3 ל' שטראוס,"מחלבות בר בכפר בע""מ",IL,משקה יוגורט 4% שטראו,פריט,3.00,"ק""ג",false,,26.90,8.9667,true,1,35999
7290110566623,false,קפסולות קולומביה עלית 08 למכונת נספרסו מארז 5X10ג',שטראוס קפה בי.וי,IL,קפסולות עלית קולומבי,Unknown,0.00,יחידה,false,,15.50,0.0000,true,1,36575
7290110566975,false,דנונה פרו יוגורט 0% תות עשיר בחלבון 200ג',"שטראוס בריאות בע""מ",IL,דנונה פרו תות 0% 200,גרמים,200.00,100 גרם,false,,5.90,0.0295,true,1,35824
7290110568238,false,"קצפת צמחית 21% שומן 250 מ""ל יוטבתה",מחלבת יטבתה,IL,קצפת צמחית במתיקות מ,מיליליטרים,250.00,"100 מ""ל",false,,7.90,0.0316,true,1,55866
7290110568559,false,דוריטוס עלית מארז חמוץ חריף 10 יח' *25 ג',שטראוס פריטוליי,IL,מארז דוריטוס חמוץ חר,גרמים,250.00,100 גרם,false,,9.70,0.0388,true,1,36385
7290110568566,false,דוריטוס גריל עלית מארז 10 יח' *25 ג',שטראוס גרופ,IL,מארז דוריטוס גריל 10,גרמים,250.00,100 גרם,false,,9.70,0.0388,true,1,36383
7290110571382,false,מעדן חלב בטעם וניל מעושר בחלבון 150 ג' שטראוס,"שטראוס בריאות בע""מ",IL,מעדן חלב בטעם וניל פ,גרמים,150.00,100 גרם,false,,4.90,0.0327,true,1,62620
7290110571405,false,עלית - מיני פינוקיות בגביע פסק זמן 180 גרם,עלית,IL,עוגיות מיני פינוקיות,גרמים,180.00,100 גרם,false,,9.90,0.0550,true,1,64863
7290110571412,false,מיני פינוקיות - פאדג' שוקולד בגביע 180 גרם,עלית,IL,עוגיות מיני פינוקיות,גרמים,180.00,100 גרם,false,,9.90,0.0550,true,1,64864
7290110571474,false,רבע לשבע טבעוני פופקורן 125 ג' עלית,הגביע מוצרי וופלים ב,IL,גלילי ופל רבע לשבע ב,גרמים,125.00,100 גרם,false,,9.60,0.0768,true,1,63263
7290110571481,false,קפה נמס קמפיין משפטי,קריות זול,PL,קפה נמס 200 גרם,גרמים,200.00,100 גרם,false,,18.90,0.0945,true,1,63313
7290110571535,false,מארז קפה טורקי הל 3*100 ג' עלית,שטראוס קפה בי.וי,IL,מארז קפה טורקי הל על,גרמים,300.00,100 גרם,false,,24.90,0.0830,true,1,62349
7290110572884,false,"קפסולות קפה מספר 20 למכונת אספרס אספרסו, 50 גרם",שטראוס קפה בי.וי.,IL,קפסולות עלית מס' 20,גרמים,50.00,100 גרם,false,,15.50,0.3100,true,1,64804
7290110574413,false,עלית - פופקורן בטעם טעמי 70 גרם,סראנו עבור שטראוס,קפריסין,פופקורן מקורמל מצופה,גרמים,70.00,100 גרם,false,,7.90,0.1129,true,1,64628
7290110574420,false,עלית - פופקורן בטעם פסק זמן 70 גרם,סראנו עבור שטראוס,קפריסין,פופקורן מקורמל מצופה,גרמים,70.00,100 גרם,false,,7.90,0.1129,true,1,64629
7290110576752,false,טבלאות שוקולד ספלנדיד מריר 70% 100 ג' עלית,קימ'ס גריפלנן,BE,שוקולד ספלנדיד מריר,גרמים,100.00,100 גרם,false,,9.90,0.0990,true,1,64814
7290110576776,false,טבלאות שוקולד ספלנדיד מריר 85% 100 ג' עלית,קימ'ס גריפלנן,BE,שוקולד ספלנדיד מריר,גרמים,100.00,100 גרם,false,,9.90,0.0990,true,1,64815
7290110576790,false,סקי בטעם מוקה 125 ג' שטראוס,"שטראוס בריאות בע""מ",IL,מעדן גבינה בטעם מיקס,גרמים,125.00,100 גרם,false,,3.70,0.0296,true,1,64272
7290110576851,false,"גמדים לשתיה סלט פירות 8 יח' *100מ""ל",קריות זול,IL,מארז משקה גמדים סלט,גרמים,864.00,100 גרם,false,,19.90,0.0230,true,1,64273
7290110854676,true,מסכות הגנה לפנים 10,,,מסכות הגנה לפנים 10,Unknown,0.00,יחידה,false,,99.90,0.0000,true,1,50755
7290111287343,true,לקקני צעצוע,,,לקקני צעצוע,Unknown,0.00,יחידה,false,,3.90,0.0000,true,1,49469
7290111289415,true,לקקני צעצוע,,,לקקני צעצוע,Unknown,0.00,יחידה,false,,3.90,0.0000,true,1,49470
7290111341366,false,מפיות אירוח חד שכבתי 30/30 150 יח',חוגלה קימברלי,SK,מפיות ניקול לבנות חד,Unknown,0.00,יחידה,false,,7.70,0.0000,true,1,57567
7290111342042,false,כריות יפניות לניקוי וקרצוף אנטיבקטריאלי,פלסטו פוליש,IL,כריות יפניות אנטיבקט,Unknown,0.00,יחידה,false,,9.90,0.0000,true,1,52296
7290111342189,false,מפיות אירוח צבעוני 150 יחי' ניקול,SHP SLAVOSOVCE,SK,מפיות ניקול צבעוניות,Unknown,0.00,יחידה,false,,7.70,0.0000,true,1,57568
7290111342226,false,תחבושות לילי לילה +,אונטקס,ES,תחבושות לילי לילה +,Unknown,0.00,יחידה,false,,24.90,0.0000,true,1,50341
7290111343858,false,מטליות לחות לרצפה אנטיבקטריאלי 10 יחי',עלבד משואות יצחק,IL,מטליות לחות אנטיבקטר,Unknown,0.00,יחידה,false,,9.90,0.0000,true,1,52298
7290111344077,false,מטליות לחות אנטיבקטר,עלבד משואות יצחק,IL,מטליות לחות אנטיבקטר,Unknown,0.00,יחידה,false,,19.90,0.0000,true,1,52299
7290111344206,false,האגיס נטורל קר מגבונים לחים בבישום עדין רביעייה,חוגלה קימברלי,IL,מגבונים האגיס 4*64 י,Unknown,0.00,יחידה,false,,20.70,0.0000,true,1,59144
7290111344503,false,חיתולי האגיס אקסטרה קייר מידה +4 36 יח',חוגלה קימברלי,IL,חיתולי האגיס אקסטרא,Unknown,0.00,יחידה,false,,54.90,0.0000,true,1,65182
7290111344558,false,שקיות אשפה לארג' 100 יח,חוגלה קימברלי,IL,שקיות אשפה לפחים גדו,Unknown,0.00,יחידה,false,,29.90,0.0000,true,1,58314
7290111344831,false,קוטקס - מגיני יום אקסטרא פרוטקט נורמל ביג 60 יח',חוגלה קימברלי,CN,מגן תחתון קוטקס אקסט,Unknown,0.00,יחידה,false,,18.50,0.0000,true,1,59551
7290111344855,false,קוטקס - מגיני יום אקסטרא פרוטקט לארג' ביג 52 יח',חוגלה קימברלי,CN,מגן תחתון קוטקס אקסט,Unknown,0.00,יחידה,false,,18.50,0.0000,true,1,59552
7290111345982,false,דפי ספוגית הקסם ניקול 10 יח',חוגלה קימברלי,IL,דפי ספוגית הקסם ניקו,Unknown,0.00,יחידה,false,,9.90,0.0000,true,1,62257
7290111346088,false,נייר טואלט מולט דו שכבתי 30 גל,חוגלה קימברלי,IL,נייר טואלט מולט 30 ג,מטרים,500.00,מטר,false,,28.90,0.0578,true,1,64506
7290111350047,false,תמרים ללא חרצנים 500 גר',טעמי הגליל,IL,תמר מגהול כבוש קליית,גרמים,500.00,100 גרם,false,,13.90,0.0278,true,1,27063
7290111351723,false,פופקורן למיקרוגל טבע,פופז,US,פופקורן למיקרוגל טבע,פריט,1.10,"ק""ג",false,,19.90,18.0909,true,1,47293
7290111352232,false,מארז ממתקים סביבון י,,,מארז ממתקים סביבון י,Unknown,0.00,יחידה,false,,9.90,0.0000,true,1,64858
7290111352966,false,יוגטה סוכריות ממולאות בטעם פירות 250 גרם ללא ג'לטין,סאדאט,TR,סוכריות גומי ממולאות,גרמים,250.00,100 גרם,false,,5.90,0.0236,true,1,52425
7290111353208,false,פופקורן למיקרוגל טבע,פופז,US,פופקורן למיקרוגל טבע,פריט,1.10,"ק""ג",false,,19.90,18.0909,true,1,52430
7290111353475,false,"שטיחים חמוצים בטעם פירות 200 גרם בד""ץ",סאאדת,TR,סוכריות גומי שטיחים,גרמים,200.00,100 גרם,false,,5.90,0.0295,true,1,55145
7290111353482,false,יוגטה סוכריות חמוצות ממלאות בטעמי פירות 200 ג',סאאדת,TR,סוכריות גומי ממולאות,גרמים,200.00,100 גרם,false,,5.90,0.0295,true,1,55146
7290111354564,false,סוכריות על מקל בטעמי,טאיס,TR,סוכריות על מקל בטעמי,גרמים,450.00,100 גרם,false,,12.90,0.0287,true,1,64860
7290111534010,false,פס גבינה שמנת ופירורים 400 ג',קריניציה ויטמינה אס,IL,עוגת מוס גבינה פירור,גרמים,450.00,100 גרם,false,,35.90,0.0798,true,1,27619
7290111563492,false,סלט מטבוחה חריפה מרובע 400 ג' צבר,סלטי צבר,IL,מטבוחה חריפה צבר 400,גרמים,400.00,100 גרם,false,,11.90,0.0298,true,1,40436
7290111564239,false,שלגוני קראנץ' Crunch בטעם וניל - 5 יח',גלידות נסטלה (נגה גל,IL,שלגוני מיני קראנצ ונ,גרמים,275.00,100 גרם,false,,22.50,0.0818,true,1,32615
7290111564277,false,פריכיות דקות ונימוחות 3 דגנים פיטנס Fitness,פרח תעשיות,IL,פריכיות דקות 3 דגנים,גרמים,120.00,100 גרם,false,,9.90,0.0825,true,1,38774
7290111564956,false,ביסלי במבה מיקס 200 ג' אסם,פרו מן יו פתרונות אר,IL,ביסלי במבה מיקס 200,גרמים,200.00,100 גרם,false,,8.90,0.0445,true,1,35066
7290111565038,false,"לה קרמריה וניל קוקילידה בד""צ 1.4 ל'",המאפיה של הרמן,IL,גלידה לה קרמריה וניל,קילוגרמים,1.40,ליטר,false,,17.50,12.5000,true,1,34419
7290111565083,false,מארז במבה 15*25 גרם,גבעול,IL,מארז במבה 15*25 גרם,גרמים,375.00,100 גרם,false,,17.90,0.0477,true,1,31178
7290111566103,false,טבעול פלאפל מרכיבים ביתיים בלבד 590 ג',עיצובים 2020 (4.8),IL,פלאפל טבעול 590 גרם,גרמים,590.00,100 גרם,false,,29.90,0.0507,true,1,31874
7290111566240,false,טבעול שניצל דק בטעם צילי חריף 564 ג',עיצובים 2020 (4.8),IL,שניצל דק צמחוני צילי,גרמים,564.00,100 גרם,false,,29.90,0.0530,true,1,31868
7290111566271,false,טבעול חטיפי תירס 657 גר',עיצובים 2020 (4.8),IL,חטיפי תירס טבעול 657,גרמים,657.00,100 גרם,false,,29.90,0.0455,true,1,31866
7290111566318,false,טבעול שניצל דק מן הצומח 564 גר',עיצובים 2020 (4.8),IL,שניצל דק צמחוני ביתי,גרמים,564.00,100 גרם,false,,29.90,0.0530,true,1,31867
7290111566332,false,טבעול נקניקיות וינר צמחוניות 680 גר',עיצובים 2020 (4.8),IL,נקניקיות וינר צמחוני,גרמים,680.00,100 גרם,false,,29.90,0.0440,true,1,31869
7290111566417,false,טחון צמחוני עם המון חלבון,עיצובים 2020 (4.8),IL,טחון צמחוני טבעול 50,גרמים,500.00,100 גרם,false,,29.90,0.0598,true,1,31882
7290111566547,false,טבעול חזה בגריל צמחוני 99 קלוריות 560ג',עיצובים 2020 (4.8),IL,חזה בגריל צמחוני טבע,גרמים,560.00,100 גרם,false,,29.90,0.0534,true,1,31880
7290111566561,false,טבעול שניצל ברוקולי 99 קלוריות 560גר',עיצובים 2020 (4.8),IL,שניצל ברוקולי 99 קלו,גרמים,500.00,100 גרם,false,,29.90,0.0598,true,1,31876
7290111566585,false,טבעול שניצל צמחוני 99 קלוריות 650 גר',עיצובים 2020 (4.8),IL,שניצל צמחוני טבעול 6,גרמים,650.00,100 גרם,false,,29.90,0.0460,true,1,31879
7290111566714,false,טבעול המבורגר צמחוני 99 קלוריות 600 גר',עיצובים 2020 (4.8),IL,המבורגר צמחוני טבעול,גרמים,600.00,100 גרם,false,,29.90,0.0498,true,1,31878
7290111566752,false,טבעול שניצל תירס 99 קלוריות 693 גר',עיצובים 2020 (4.8),IL,שניצל תירס טבעול 693,גרמים,693.00,100 גרם,false,,29.90,0.0431,true,1,31875
7290111566776,false,טבעול נקניקיות קוקטייל צמחוניות 680 גר',עיצובים 2020 (4.8),IL,נקניקיות קוקטייל צמח,גרמים,680.00,100 גרם,false,,29.90,0.0440,true,1,31870
7290111568206,false,"מיקס ביסלי, אפרופו ופיצוחים מתובלים",פרו מן יו פתרונות אר,IL,ביסלי פארטי מיקס 150,גרמים,150.00,100 גרם,false,,6.90,0.0460,true,1,35048
7290111568961,false,בייגלה טבעות מלח 400 ג' אסם,אסם,IL,בייגלה טבעות עם מלח,גרמים,400.00,100 גרם,false,,8.90,0.0223,true,1,63417
7290111569500,true,פודינג אינסטנט פירות,,,פודינג אינסטנט פירות,גרמים,0.00,100 גרם,false,,4.90,0.0000,true,1,45655
7290111820021,true,מגבת פנים 90*50,,,מגבת פנים 90*50,Unknown,0.00,יחידה,false,,14.90,0.0000,true,1,34859
7290111820038,true,מגבת גוף גאקרד 70*14,,,מגבת גוף גאקרד 70*14,Unknown,0.00,יחידה,false,,14.90,0.0000,true,1,34862
7290111820076,true,מגבת גוף גאקרד 80*16,,,מגבת גוף גאקרד 80*16,Unknown,0.00,יחידה,false,,14.90,0.0000,true,1,34863
7290111820090,true,מגבת גוף גאקרד 70*14,,,מגבת גוף גאקרד 70*14,Unknown,0.00,יחידה,false,,14.90,0.0000,true,1,34860
7290111820113,true,מגבת מטבח שלישיה,,,מגבת מטבח שלישיה,Unknown,0.00,יחידה,false,,14.90,0.0000,true,1,34854
7290111820120,true,מגבת מטבח שלישיה,,,מגבת מטבח שלישיה,Unknown,0.00,יחידה,false,,14.90,0.0000,true,1,34855
7290111930997,false,פירורי לחם מוזהב מאס,מנה,IL,פירורי לחם מוזהב מאס,גרמים,800.00,100 גרם,false,,11.90,0.0149,true,1,31305
7290111932380,false,"מרידול משחת שיניים מארז 75X2מ""ל כשל""פ",,,"משחת מרידול 2*75 מ""ל",מיליליטרים,150.00,"100 מ""ל",false,,24.90,0.1660,true,1,32262
7290111933554,false,עגבניות איטלקיות קוביות - מארז שלישיה,פראנו אנריקו ופיגלי,IT,מארז עגבניות קוביות,פריט,1.20,"ק""ג",false,,15.90,13.2500,true,1,40431
7290111933592,false,פירורי לחם פנקו מאסט,מנה,IL,פירורי לחם פנקו מאסט,גרמים,510.00,100 גרם,false,,11.90,0.0233,true,1,38467
7290111935886,true,תערובת לעוגת קוקוס מ,,,תערובת לעוגת קוקוס מ,גרמים,0.00,100 גרם,false,,12.90,0.0000,true,1,49916
7290111935893,true,תערובת לעוגת שוקו מא,,,תערובת לעוגת שוקו מא,גרמים,0.00,100 גרם,false,,12.90,0.0000,true,1,49917
7290111936296,false,"פלמוליב סבון נוזלי בניחוח סנסיישן מסאז' ,750 מ""ל",קולגייט פלמוליב,TR,ג'ל רחצה פלמוליב סנס,מיליליטרים,750.00,"100 מ""ל",false,,19.50,0.0260,true,1,45550
7290111936647,false,"משחת שיניים קולגייט מקס כחול 125 מ""ל*2 כשלפ",קולגייט פלמוליב,PL,משחת קולגייט מקס פרש,מיליליטרים,250.00,"100 מ""ל",false,,19.90,0.0796,true,1,44679
7290111937248,false,פרי מארז חטיפי 5יח תמרים קשיו ונגיעת לוז 125ג',הדקלאים אגודת שיתופי,IL,מארז חטיף פרי תמרים,גרמים,125.00,100 גרם,false,,14.90,0.1192,true,1,44605
7290111937255,false,פרי מארז חטיפי 5יח תמרים בוטנים ואגוזי לוז 125ג',טבעית מוצרים מן הטבע,IL,מארז חטיף פרי תמרים,גרמים,125.00,100 גרם,false,,14.90,0.1192,true,1,44735
7290111938498,false,"מאסטר שף רוטב סויה בהירה 700 מ""ל כשלפ",תאי סופרים,TH,רוטב סויה בהירה מאסט,גרמים,700.00,100 גרם,false,,12.50,0.0179,true,1,49370
7290111939822,false,משחת קולגייט אופטיק,קולגייט פלמוליב,PL,משחת קולגייט אופטיק,מיליליטרים,225.00,"100 מ""ל",false,,47.90,0.2129,true,1,48433
7290111939846,false,משחת קולגייט אופטיק,קולגייט פלמוליב,PL,משחת קולגייט אופטיק,מיליליטרים,225.00,"100 מ""ל",false,,47.90,0.2129,true,1,48434
7290112000408,false,מנקה ומחטא עוצמתי לניקוי כללי בניחוח לימון,רקיט בנקיזר,PL,תרסיס דטול מנקה ומחט,מיליליטרים,750.00,"100 מ""ל",false,,14.90,0.0199,true,1,50359
7290112000798,false,"דיטול תרסיסי חיטוי וניקוי אנטי בקטריאלי 750 מ""ל",רקיט בנקיזר,PL,תרסיס דטול מנקה ומחט,מיליליטרים,750.00,"100 מ""ל",false,,14.90,0.0199,true,1,50360
7290112000903,false,טבליות פיניש פאוורבו,רקיט בנקיזר,PL,טבליות פיניש פאוורבו,פריט,1.92,"ק""ג",false,,64.90,33.8021,true,1,43380
7290112001436,false,"פיניש מנקה ומחדש בניחוח לימון 250 מ""ל",רקיט בנקיזר,PL,מנקה מדיח פיניש לימו,מיליליטרים,250.00,"100 מ""ל",false,,14.90,0.0596,true,1,49076
7290112001641,false,תרסיס וניש קליה 950,רקיט בנקיזר,PL,תרסיס וניש קליה 950,מיליליטרים,950.00,"100 מ""ל",false,,19.90,0.0209,true,1,51057
7290112001870,false,"סיליט באנג ספריי ניקוי אמבטיה 750 מ""ל",רקיט בנקיזר,PL,תרסיס סיליט באנג לני,מיליליטרים,750.00,"100 מ""ל",false,,12.50,0.0167,true,1,49527
7290112002136,false,ג'ל כביסה מרוכז קולון 101 קלאסי,רקיט בנקיזר,IL,ג'ל קולון כחול 4 ליט,קילוגרמים,4.00,ליטר,false,,34.50,8.6250,true,1,48265
7290112002143,false,ג'ל כביסה מרוכז קולון 101 בניחוח לילך,רקיט בנקיזר,IL,ג'ל קולון לילך סגול,קילוגרמים,4.00,ליטר,false,,34.50,8.6250,true,1,48266
7290112003973,false,"וניש אבקה מרוול צבע ורוד 1.350 ק""ג",רקיט בנקיזר,PL,אבקת וניש מסיר כתמים,פריט,1.35,"ק""ג",false,,34.90,25.8519,true,1,57761
7290112003980,false,"וניש אבקה זויס צבע ולבן 1.350 ק""ג",רקיט בנקיזר,PL,אבקת וניש מסיר כתמים,פריט,1.35,"ק""ג",false,,34.90,25.8519,true,1,57762
7290112004192,false,טבליות פיניש אקולוגי,רקיט בנקיזר,PL,טבליות פיניש אקולוגי,Unknown,0.00,יחידה,false,,54.90,0.0000,true,1,59183
7290112004413,false,"אבקה מסיר כתמים לכביסה לבנה 750 מ""ל וניש",רקיט בנקיזר,PL,ספריי וניש להסרת כתמ,מיליליטרים,750.00,"100 מ""ל",false,,16.90,0.0225,true,1,61930
7290112004482,false,אירוויק ספריי וניל 3,,,אירוויק ספריי וניל 3,מיליליטרים,720.00,"100 מ""ל",false,,19.90,0.0276,true,1,55469
7290112004499,false,אירוויק ספריי לבנדר,,,אירוויק ספריי לבנדר,מיליליטרים,720.00,"100 מ""ל",false,,19.90,0.0276,true,1,55470
7290112004505,false,אירוויק ספריי לבנדר,,,אירוויק ספריי לבנדר,מיליליטרים,720.00,"100 מ""ל",false,,19.90,0.0276,true,1,55471
7290112004512,false,מילוי מבשם אוטומטי א,רקיט בנקיזר,PL,מילוי מבשם אוטומטי א,מיליליטרים,750.00,"100 מ""ל",false,,24.90,0.0332,true,1,55465
7290112004529,false,מילוי מבשם אוטומטי א,רקיט בנקיזר,PL,מילוי מבשם אוטומטי א,מיליליטרים,750.00,"100 מ""ל",false,,24.90,0.0332,true,1,55466
7290112004536,false,מילוי מבשם אוטומטי א,רקיט בנקיזר,PL,מילוי מבשם אוטומטי א,מיליליטרים,750.00,"100 מ""ל",false,,24.90,0.0332,true,1,55467
7290112004611,false,"וניש קליה ג'ל מרוכז לטיפול נקודתי בכתמים 200 מ""ל",רקיט בנקיזר,PT,ג'ל וניש גולד מסיר כ,מיליליטרים,200.00,"100 מ""ל",false,,16.50,0.0825,true,1,61454
7290112005168,false,קפסולות ג'יל לימון קואנטום 60 יח' פיניש,רקיט בנקיזר,PL,טבליות פיניש קוואנטו,Unknown,0.00,יחידה,false,,54.90,0.0000,true,1,63230
7290112120311,false,ממתיק ספלנדה 100 יח,,,ממתיק ספלנדה 100 יח,גרמים,100.00,100 גרם,false,,13.90,0.1390,true,1,31393
7290112120748,true,ספודיק,,,ספודיק,Unknown,0.00,יחידה,false,,999.00,0.0000,true,1,35464
7290112120755,true,חוברת פותרים באושר,,,חוברת פותרים באושר,Unknown,0.00,יחידה,false,,1.00,0.0000,true,1,35973
7290112120830,false,נפוליטנים שוקולד חלב,"תופינית בע""מ",IL,נפוליטנים שוקולד חלב,גרמים,150.00,100 גרם,false,,11.90,0.0793,true,1,44705
7290112120847,false,נפוליטנים שוקולד מרי,"תופינית בע""מ",IL,נפוליטנים שוקולד מרי,גרמים,150.00,100 גרם,false,,11.90,0.0793,true,1,44706
7290112120861,false,לזניה גלי דורומי 400,Bessan Makarna,TR,לזניה גלי דורומי 400,גרמים,400.00,100 גרם,false,,6.90,0.0173,true,1,38987
7290112121066,false,חומצה אצטית סינטטי א,הלל תעשיות,IL,חומצה אצטית סינטטי א,קילוגרמים,1.00,ליטר,false,,3.90,3.9000,true,1,43986
7290112121073,false,חומץ 5% אינדירה 1 לי,הלל תעשיות,IL,חומץ 5% אינדירה 1 לי,קילוגרמים,1.00,ליטר,false,,4.20,4.2000,true,1,43987
7290112121080,false,מיץ בטעם לימון משומר,הלל תעשיות,IL,מיץ בטעם לימון משומר,קילוגרמים,1.00,ליטר,false,,4.20,4.2000,true,1,43985
7290112121097,false,רוטב לימון אינדירה 1,הלל תעשיות,IL,רוטב לימון אינדירה 1,קילוגרמים,1.00,ליטר,false,,5.20,5.2000,true,1,43988
7290112121424,true,בונבוניירה פרליני שו,,,בונבוניירה פרליני שו,גרמים,0.00,100 גרם,false,,10.90,0.0000,true,1,49638
7290112121431,true,בונבוניירה פרליני שו,,,בונבוניירה פרליני שו,גרמים,0.00,100 גרם,false,,10.90,0.0000,true,1,49635
7290112122629,false,ופל מצופה בטעם שוקול,מנעמים תעשיות מזון,IL,ופל מצופה בטעם שוקול,גרמים,800.00,100 גרם,false,,14.90,0.0186,true,1,49425
7290112122995,false,פבלובה במגש רוקה 15,רות פטיפורים,IL,פבלובה במגש רוקה 15,גרמים,225.00,100 גרם,false,,14.90,0.0662,true,1,51110
7290112123008,false,טארטים במגש רוקה 24,רות פטיפורים,IL,טארטים במגש רוקה 24,Unknown,0.00,יחידה,false,,19.90,0.0000,true,1,51111
7290112124029,false,פבלובה במגש רוקה צבע,רות פטיפורים,IL,פבלובה במגש רוקה צבע,גרמים,225.00,100 גרם,false,,14.90,0.0662,true,1,61347
7290112124142,false,סוכריות גומי אבטיח מ,חברת המשקם לתעסוקת ק,IL,סוכריות גומי אבטיח מ,גרמים,300.00,100 גרם,false,,8.90,0.0297,true,1,62352
7290112124319,false,טורטיה דורום 36*45 ג,מוטלוקאל גידה סאן טי,TR,טורטיה דורום 36*45 ג,פריט,1.62,"ק""ג",false,,19.90,12.2840,true,1,63237
7290112124975,false,דאו ספריי אקס אפולו,יוניליוור,GB,דאו ספריי אקס אפולו,מיליליטרים,150.00,"100 מ""ל",false,,9.90,0.0660,true,1,59240
7290112124982,false,דאו ספריי אקס שחור פ,יוניליוור,GB,דאו ספריי אקס שחור פ,מיליליטרים,150.00,"100 מ""ל",false,,9.90,0.0660,true,1,59242
7290112124999,false,דאו ספריי אקס שחור פ,יוניליוור,GB,דאו ספריי אקס שחור פ,מיליליטרים,150.00,"100 מ""ל",false,,9.90,0.0660,true,1,59241
7290112125019,false,סבון מוצק דאב לבן 4*,,,סבון מוצק דאב לבן 4*,גרמים,400.00,100 גרם,false,,9.90,0.0248,true,1,27485
7290112125026,false,תה ילו לייבל ליפטון,יוניליוור,RU,תה ילו לייבל ליפטון,גרמים,200.00,100 גרם,false,,9.90,0.0495,true,1,63247
7290112195555,false,שמן זית כתית מעולה א,אולאריה קלמנטה,IT,שמן זית כתית מעולה א,מיליליטרים,750.00,"100 מ""ל",false,,23.90,0.0319,true,1,60473
7290112195746,false,שמן זית כתית מעולה א,אסייאס דל סור,ES,שמן זית כתית מעולה א,מיליליטרים,750.00,"100 מ""ל",false,,23.90,0.0319,true,1,61426
7290112195777,false,"פול קפוא 1 ק""ג",O.K FRUIT,EG,"פול קפוא 1 ק""ג",פריט,1.00,"ק""ג",false,,13.90,13.9000,true,1,61338
7290112195784,false,תות שדה קפוא פרוסטי,,EG,תות שדה קפוא פרוסטי,גרמים,300.00,100 גרם,false,,5.90,0.0197,true,1,63747
7290112196712,false,משחת סנסודיין פרש מי,גלקסוס סמית קליין,GB,משחת סנסודיין פרש מי,מיליליטרים,300.00,"100 מ""ל",false,,49.90,0.1663,true,1,56715
7290112198006,false,שמן זית כתית מעולה א,אולאריה קלמנטה,IT,שמן זית כתית מעולה א,מיליליטרים,750.00,"100 מ""ל",false,,13.90,0.0185,true,1,64054
7290112330352,false,"יוגורט PRO בטעם וניל 0% , 20 גרם חלבון בגביע","שטראוס בריאות בע""מ",IL,דנונה פרו וניל 0% 20,גרמים,200.00,100 גרם,false,,5.90,0.0295,true,1,45907
7290112330390,false,יוגורט PRO בטעם פירות יער 0% 20 גרם חלבון בגביע,"שטראוס בריאות בע""מ",IL,דנונה פרו פירות יער,גרמים,200.00,100 גרם,false,,5.90,0.0295,true,1,45908
7290112330420,false,דנונה פרו לבן 2.9% שומן 150 ג',מיוצר עי קונדיטוריית,IL,דנונה פרו לבן עשיר ב,גרמים,150.00,100 גרם,false,,4.50,0.0300,true,1,44982
7290112332585,false,"פריכיות תפו""א, אורז בתיבול סלק ומלח חי 30 גר'","פרח תעשיו מזון בע""מ",IL,פריכיות אנרג'י משולש,גרמים,30.00,100 גרם,false,,4.90,0.1633,true,1,52702
7290112332691,false,עוגיות קרם אגוזים פסק זמן 200 ג' עלית,הגביע מוצרי ופלים בע,IL,עוגיות פינוקיות פסק,גרמים,200.00,100 גרם,false,,9.90,0.0495,true,1,47174
7290112333278,true,דוריטוס גריל מיקס 70,,,דוריטוס גריל מיקס 70,גרמים,0.00,100 גרם,false,,3.20,0.0000,true,1,47265
7290112334305,false,סלט כרובית בטחינה אחלה 330 ג',STRAUSS-ISRAEL,IL,סלט כרובית בטחינה טע,גרמים,330.00,100 גרם,false,,14.90,0.0452,true,1,44129
7290112334596,false,שוקולית+10% תוספת 850 גר',שטראוס קפה בי.וי,IL,שוקולית 850 גרם+10%,גרמים,935.00,100 גרם,false,,14.90,0.0159,true,1,48145
7290112335487,false,פריכיות טעימות קצח ודגנים 135 ג' שטראוס,אנרג'י Energy - שטראוס,IL,פריכיות 3 דגנים וקצח,גרמים,135.00,100 גרם,false,,7.70,0.0570,true,1,47017
7290112335494,false,הפריכיות הטעימות תפוחי אדמה בטעם פוטטוס,"פרח תעשיות מזון בע""מ",IL,פריכיות 3 דגנים ותפו,גרמים,135.00,100 גרם,false,,7.70,0.0570,true,1,49809
7290112335500,false,"הפריכיות הטעימות חומוס, אורז, עדשים שחורות וקינואה",אנרג'י Energy - שטראוס,IL,פריכיות חומוס אורז ע,גרמים,135.00,100 גרם,false,,7.70,0.0570,true,1,47018
7290112336637,false,סוכריות מאסט Must ללא סוכר יוגורט תות ואוכניות,MIESZKO S.A - MS. JO,PL,סוכריות מאסט תות אוכ,גרמים,80.00,100 גרם,false,,6.90,0.0863,true,1,48399
7290112336644,false,סוכריות מאסט ללא סוכר לימון 80 ג' עלית,MIESZKO S.A - MS. JO,PL,סוכריות מאסט לימון 8,גרמים,80.00,100 גרם,false,,6.90,0.0863,true,1,48396
7290112336651,false,סוכריות מאסט ללא סוכר ריבת חלב 80 ג' עלית,MIESZKO S.A - MS. JO,PL,סוכריות מאסט ריבת חל,גרמים,80.00,100 גרם,false,,6.90,0.0863,true,1,48400
7290112336712,false,יוגורט PRO לבן 0% 21 גרם חלבון בגביע,"שטראוס בריאות בע""מ",IL,דנונה פרו עשיר בחלבו,גרמים,200.00,100 גרם,false,,5.90,0.0295,true,1,44972
7290112337474,false,סוכריות מאסט ללא סוכר פטל לימון 80 ג' עלית,MIESZKO S.A - MS. JO,PL,סוכריות מאסט פטל לימ,גרמים,80.00,100 גרם,false,,6.90,0.0863,true,1,48397
7290112337481,false,סוכריות מאסט ללא סוכר קפצ''ינו 80 ג' עלית,MIESZKO S.A - MS. JO,PL,סוכריות מאסט קפוצ'ינ,גרמים,80.00,100 גרם,false,,6.90,0.0863,true,1,48401
7290112338877,false,מעדן גבינה בטעם תות 3% 125ג' סקי,"שטראוס בריאות בע""מ",IL,מעדן גבינה בטעם תות,גרמים,125.00,100 גרם,false,,3.70,0.0296,true,1,45723
7290112339171,false,מעדן מילקי מוס שוקול,מיוצר עי קונדיטוריית,IL,מילקי מוס שוקולד 170,מיליליטרים,170.00,"100 מ""ל",false,,3.40,0.0200,true,1,44127
7290112339362,false,דנונה לייט אנד פריי בטעם קפוצינו 150 גר',דנונה - שטראוס,IL,דנונה לייט אנד פרי ק,גרמים,150.00,100 גרם,false,,4.50,0.0300,true,1,48656
7290112339553,true,גבינה בטעם וניל צרפת,,,גבינה בטעם וניל צרפת,גרמים,0.00,100 גרם,false,,3.70,0.0000,true,1,45725
7290112339867,false,גמדים לדרך גבינה לבנה עם מחית תות,שטראוס,IL,גמדים לדרך תות סקווי,גרמים,100.00,100 גרם,false,,5.40,0.0540,true,1,48925
7290112339874,false,גמדים לדרך גבינה לבנה עם מחיות תות ובננה,שטראוס,IL,גמדים לדרך תות בננה,גרמים,100.00,100 גרם,false,,5.40,0.0540,true,1,48926
7290112340122,false,הפריכיות הטעימות 3 דגנים 135 גרם.,אנרג'י Energy - שטראוס,IL,פריכיות 3 דגנים אנרג,גרמים,135.00,100 גרם,false,,7.70,0.0570,true,1,47019
7290112340245,false,צנצנת מסטיק מאסט בטעם דובדבן 66 ג' עלית,"שטראוס גרופ בע""מ",IL,מסטיק מאסט צנצנת דוב,גרמים,66.00,100 גרם,false,,8.90,0.1348,true,1,45706
7290112340252,false,צנצנת מסטיק מאסט בטעם אבטיח מלון 66 ג' עלית,"שטראוס גרופ בע""מ",IL,מסטיק מאסט צנצנת אבט,גרמים,66.00,100 גרם,false,,8.90,0.1348,true,1,45707
7290112341556,false,אקטיביה עם צ'יה ותות 150 ג' דנונה,דנונה - שטראוס,IL,יוגורט אקטיביה צ'יה,גרמים,150.00,100 גרם,false,,4.50,0.0300,true,1,50898
7290112341679,false,אקטיביה 3% שומן 200 ג' דנונה,מיוצר עי קונדיטוריית,IL,יוגורט אקטיביה 3% 20,מיליליטרים,200.00,"100 מ""ל",false,,3.70,0.0185,true,1,48251
7290112341686,false,מארז שמיניה אקטיביה 3% 150 ג',מיוצר עי קונדיטוריית,IL,מארז יוגורט אקטיביה,קילוגרמים,1.20,ליטר,false,,19.90,16.5833,true,1,48252
7290112342096,true,גבינת שמנת ציזיקי 5%,,,גבינת שמנת ציזיקי 5%,גרמים,0.00,100 גרם,false,,9.70,0.0000,true,1,49092
7290112342102,false,סימפוניה גבינה במרקם שמנת בצל מקורמל 5%,"שטראוס בריאות בע""מ",IL,גבינת שמנת בצל מקורמ,גרמים,200.00,100 גרם,false,,9.70,0.0485,true,1,49816
7290112342270,false,קפה פלטינום אינטנס מחוזק ב- 10% אספרסו,שטראוס קפה בי.וי,IL,קפה פלטינום אינטנס 1,גרמים,125.00,100 גרם,false,,15.90,0.1272,true,1,48147
7290112342508,false,דוריטוס קול ראנץ Cool Ranch,STRAUSS-ISRAEL,IL,דוריטוס קול ראנצ' 7,גרמים,70.00,100 גרם,false,,3.20,0.0457,true,1,48667
7290112343260,false,"יטבתה רוטב שמנת קלאסי 9% שומן 260 מ""ל",STRAUSS-ISRAEL,IL,רוטב שמנת קלאסי 9% י,מיליליטרים,250.00,"100 מ""ל",false,,9.80,0.0392,true,1,50759
7290112344564,false,רביולי גבינה קלאסי שטראוס 400 ג',מיוצר עי קונדיטוריית,IL,רביולי גבינה קלאסי ש,גרמים,400.00,100 גרם,false,,16.70,0.0417,true,1,51164
7290112344724,false,מעדן בטעם שוקולד בלונדי 170 ג' מילקי,מיוצר עי קונדיטוריית,IL,מעדן חלב בטעם שוקול,מיליליטרים,170.00,"100 מ""ל",false,,3.40,0.0200,true,1,48825
7290112344755,false,מילקי שוקולד 26% פחות סוכר 135 גרם,מיוצר עי קונדיטוריית,IL,מילקי שוקולד 26% פחו,מיליליטרים,135.00,"100 מ""ל",false,,2.80,0.0207,true,1,54381
7290112344786,false,קפה פלטינום קלאסיק 200 ג' עלית,שטראוס קפה בי.וי.,IL,קפה פלטינום קלאסיק 2,גרמים,200.00,100 גרם,false,,24.90,0.1245,true,1,50971
7290112344953,false,סימפוניה חציל קלוי גבינה במקרם שמנת 5%,"שטראוס בריאות בע""מ",IL,גבינת שמנת חציל קלוי,גרמים,200.00,100 גרם,false,,9.70,0.0485,true,1,54779
7290112344991,false,דנונה לייט אנד פריי בטעם תות 150 ג',שטראוס,IL,דנונה לייט אנד פרי ת,גרמים,150.00,100 גרם,false,,4.50,0.0300,true,1,49093
7290112346360,false,בפלות אחת אחת ופל בטעם שוקולד מצופה שוקולד,הגביע מוצרי וופלים ב,GR,בפלות אחת אחת בציפוי,גרמים,180.00,100 גרם,false,,11.90,0.0661,true,1,49349
7290112346506,false,דנונה לייט אנד פריי בטעם אפרסק 150 ג',שטראוס,IL,דנונה לייט אנד פרי א,גרמים,150.00,100 גרם,false,,4.50,0.0300,true,1,49094
7290112346629,false,דנונה בר יוגורט+קורנפלקס מצופה שוקולד חלב ולבן 172 גרם,דנונה - שטראוס,IL,דנונה בר וקורנפלקס מ,גרמים,172.00,100 גרם,false,,4.30,0.0250,true,1,52679
7290112346773,false,יוגורט בטעם וניל 0% לייט אנד פרי 10 גרם חלבון בגביע,מיוצר עי קונדיטוריית,IL,דנונה לייט אנד פרי ו,גרמים,150.00,100 גרם,false,,4.50,0.0300,true,1,54780
7290112346797,false,יוגורט אקטיביה עם שיבולת שועל ושזיף 2.5%,מיוצר עי קונדיטוריית,IL,יוגורט אקטיביה עם שי,גרמים,150.00,100 גרם,false,,4.50,0.0300,true,1,51040
7290112346827,false,"אקטימל ויטמין C פטל 8*100 מ""ל",קריות זול,IL,אקטימל פטל ויטמין סי,מיליליטרים,864.00,"100 מ""ל",false,,19.50,0.0226,true,1,54384
7290112347008,false,גמדים לדרך גבינה לבנה עם מחית תות ושיבולת שועל,מיוצר עי קונדיטוריית,IL,גמדים ארוחת בוקר תות,גרמים,100.00,100 גרם,false,,5.40,0.0540,true,1,48820
7290112347473,false,דנונה לייט אנד פריי תות ואפרסק מאגדת 8 יח' * 150 ג',מיוצר עי קונדיטוריית,IL,מארז יוגורט לייט אנ,פריט,1.20,"ק""ג",false,,26.90,22.4167,true,1,49096
7290112349606,false,מעדן גבינה ויוגורט תות בננה 88 ג' דניאלה,"שטראוס בריאות בע""מ",IL,דניאלה תות בננה 88 ג,Unknown,0.00,יחידה,false,,3.90,0.0000,true,1,60278
7290112349705,false,פומודורו רוטב עגבניות קלאסי לפסטה 350 גר' יד מרדכי,אמיליאנה קונסרב סוסי,IT,רוטב עגבניות פומודור,גרמים,350.00,100 גרם,false,,10.80,0.0309,true,1,63576
7290112349736,false,בזיליקום רוטב עגבניות לפסטה 350 גר' יד מרדכי,אמיליאנה קונסרב סוסי,IT,רוטב עגבניות לפסטה ב,גרמים,350.00,100 גרם,false,,10.80,0.0309,true,1,63573
7290112349750,false,פיצה רוטב עגבניות לפיצה 350 גר' יד מרדכי,אימילאנה,IL,רוטב עגבניות לפיצה י,גרמים,350.00,100 גרם,false,,10.80,0.0309,true,1,63574
7290112350275,false,קפסולות LUNGO למכונות נספרסו 55 גר',שטראוס קפה בי.וי,IL,קפסולות עלית לונגו ל,גרמים,50.00,100 גרם,false,,15.50,0.3100,true,1,50260
7290112350312,false,קפסולות 15 קפה יותר למכונות נספרסו עלית 10יח',הנסיך- מפעל לייצור ט,IL,קפסולות עלית מס 15 ע,Unknown,0.00,יחידה,false,,15.50,0.0000,true,1,52714
7290112351104,false,שוקולד פרה ממולא פיצפוצי אורז 100 ג' עלית,STRAUSS-ISRAEL,IL,שוקולד פרה פצפוצי או,גרמים,100.00,100 גרם,false,,4.90,0.0490,true,1,56990
7290112351128,false,שוקולד פרה סוכריות קופצות 100 ג' עלית,"שטראוס גרופ בע""מ",IL,שוקולד פרה חלב סוכרי,גרמים,100.00,100 גרם,false,,4.90,0.0490,true,1,57770
7290112355027,false,יוגורט פרו בטעם קרמל מלוח 200 ג' דנונה,"שטראוס בריאות בע""מ",IL,דנונה פרו 20 קרמל מל,גרמים,200.00,100 גרם,false,,5.90,0.0295,true,1,54379
7290112355102,false,גמדים פאוץ סלט פירות 100 ג' שטראוס,"שטראוס בריאות בע""מ",IL,גמדים לדרך סלט פירות,גרמים,100.00,100 גרם,false,,5.40,0.0540,true,1,54775
7290112355393,false,"יטבתה רוטב שמנת+בטטה 9% שומן 250 מ""ל",מחלבת יטבתה,IL,רוטב שמנת עם בטטה 9%,מיליליטרים,257.00,"100 מ""ל",false,,9.80,0.0381,true,1,64270
7290112355812,false,מעדן מילקי עם טופ קורנפלקס מצופה שוקולד,"שטראוס גרופ בע""מ",IL,מילקי טופ קורנפלקס 1,גרמים,141.00,100 גרם,false,,4.30,0.0305,true,1,62778
7290112355867,false,מילקי קצפת טופ פיצפוץ 86 גרם,"שטראוס גרופ בע""מ",IL,מילקי קצפת טופ פצפוצ,גרמים,86.00,100 גרם,false,,3.90,0.0453,true,1,59340
7290112357175,false,קפסולות BOOST למכונות נספרסו 50 ג',שטראוס קפה בי.וי,IL,קפסולות עלית בוסט למ,גרמים,50.00,100 גרם,false,,15.50,0.3100,true,1,50261
7290112358127,false,דנונה פרו חלבון+מגנזיום- וניל ועוגיות 200 גרם,מיוצר עי קונדיטוריית,IL,דנונה פרו 20 וניל עו,גרמים,200.00,100 גרם,false,,5.90,0.0295,true,1,54386
7290112358462,false,דבש יד מרדכי 700 גרם,שטראוס גרופ,IL,דבש יד מרדכי 700 גרם,גרמים,700.00,100 גרם,false,,29.90,0.0427,true,1,52736
7290112358554,false,"קפה נמס עלית לדרך, 50 גרם 10 יח'",שטראוס רומניה,RO,מארז קפה נמס לדרך על,גרמים,50.40,100 גרם,false,,9.90,0.1964,true,1,62348
7290112359384,false,עלית - קפה נמס אלפחורס ריבת חלב 100 גרם,שטראוס,IL,קפה נמס אלפחורס ריבת,גרמים,100.00,100 גרם,false,,14.90,0.1490,true,1,52738
7290112415400,false,עוגיות אלפחורס קפולסקי 280 גר',קפולסקי אדל בעמ,IL,עוגיות אלפחורס תופינ,גרמים,280.00,100 גרם,false,,29.90,0.1068,true,1,49075
7290112480002,false,קערה קטנה בלו שיין 5,פאלאס,CN,קערה קטנה בלו שיין 5,Unknown,0.00,יחידה,false,,19.90,0.0000,true,1,32592
7290112480019,false,קערה אובלית בינוני ב,פאלאס,CN,קערה אובלית בינוני ב,Unknown,0.00,יחידה,false,,19.90,0.0000,true,1,32591
7290112480026,false,מארז 2 יח' מגש יאובל,פאלאס,CN,מארז 2 יח' מגש יאובל,Unknown,0.00,יחידה,false,,19.90,0.0000,true,1,32649
7290112480033,false,מארז 3 יח מגשי אובלי,פאלאס,CN,מארז 3 יח מגשי אובלי,Unknown,0.00,יחידה,false,,19.90,0.0000,true,1,32595
7290112480040,false,מארז 5 יח מגשי אובלי,פאלאס,CN,מארז 5 יח מגשי אובלי,Unknown,0.00,יחידה,false,,19.90,0.0000,true,1,32596
7290112480057,false,מארז 3 יח מגש מחולק,פאלאס,CN,מארז 3 יח מגש מחולק,Unknown,0.00,יחידה,false,,19.90,0.0000,true,1,32597
7290112480361,false,שקיות אשפה שחור 85*7,פאלאס,CN,שקיות אשפה שחור 85*7,Unknown,0.00,יחידה,false,,19.90,0.0000,true,1,38363
7290112480378,false,שקיות אשפה 70*50 לפי,פאלאס,CN,שקיות אשפה 70*50 לפי,Unknown,0.00,יחידה,false,,19.90,0.0000,true,1,38364
7290112481023,false,כוסיות יין קריסטל 12,פאלאס,CN,כוסיות יין קריסטל 12,Unknown,0.00,יחידה,false,,17.90,0.0000,true,1,33966
7290112481078,false,"כפות ח""פ 188 יח",פאלאס,TR,"כפות ח""פ 188 יח",Unknown,0.00,יחידה,false,,12.90,0.0000,true,1,42713
7290112481085,false,"כפיות ח""פ 188 יח",פאלאס,TR,"כפיות ח""פ 188 יח",Unknown,0.00,יחידה,false,,12.90,0.0000,true,1,42714
7290112481092,false,"מזלגות ח""פ 188 יח",פאלאס,TR,"מזלגות ח""פ 188 יח",Unknown,0.00,יחידה,false,,12.90,0.0000,true,1,42715
7290112481108,false,"סכינים ח""פ 188 יח",פאלאס,TR,"סכינים ח""פ 188 יח",Unknown,0.00,יחידה,false,,12.90,0.0000,true,1,42716
7290112481115,false,כפות איכותיות בלו שי,פאלאס,TR,כפות איכותיות בלו שי,Unknown,0.00,יחידה,false,,26.90,0.0000,true,1,36593
7290112481122,false,כפיות איכותיות בלו ש,פאלאס,TR,כפיות איכותיות בלו ש,Unknown,0.00,יחידה,false,,26.90,0.0000,true,1,36592
7290112481139,false,מזלגות איכותיים בלו,פאלאס,TR,מזלגות איכותיים בלו,Unknown,0.00,יחידה,false,,26.90,0.0000,true,1,36594
7290112481146,false,סכינים איכותיים בלו,פאלאס,TR,סכינים איכותיים בלו,Unknown,0.00,יחידה,false,,26.90,0.0000,true,1,36591
7290112481153,false,שקיות אשפה כתום 75*9,פאלאס,CN,שקיות אשפה כתום 75*9,Unknown,0.00,יחידה,false,,19.90,0.0000,true,1,38365
7290112481306,false,קעריות סטון אובלי בל,פאלאס,CN,קעריות סטון אובלי בל,Unknown,0.00,יחידה,false,,26.90,0.0000,true,1,44562
7290112481313,false,צלחות סטון גדול בלו,פאלאס,CN,צלחות סטון גדול בלו,Unknown,0.00,יחידה,false,,42.90,0.0000,true,1,44535
7290112481320,false,גביע יין מוכסף סטון,פאלאס,CN,גביע יין מוכסף סטון,Unknown,0.00,יחידה,false,,24.90,0.0000,true,1,44538
7290112481832,false,מגש יהלום בלו שיין 4,פאלאס,CN,מגש יהלום בלו שיין 4,Unknown,0.00,יחידה,false,,19.90,0.0000,true,1,35980
7290112481900,false,כוסות מעוטרות לפיד 5,LARIPLAST,IL,כוסות מעוטרות לפיד 5,Unknown,0.00,יחידה,false,,17.90,0.0000,true,1,40631
7290112481917,false,קערה ענקית שקוף בלו,a.plast,IL,קערה ענקית שקוף בלו,Unknown,0.00,יחידה,false,,19.90,0.0000,true,1,37314
7290112481924,false,קערה גדולה שקוף בלו,a.plast,IL,קערה גדולה שקוף בלו,Unknown,0.00,יחידה,false,,19.90,0.0000,true,1,37313
7290112481948,false,מגש עגול 12 בלו שיין,פאלאס,CN,מגש עגול 12 בלו שיין,Unknown,0.00,יחידה,false,,19.90,0.0000,true,1,43311
7290112481955,false,מגש עגול 14 בלו שיין,פאלאס,CN,מגש עגול 14 בלו שיין,Unknown,0.00,יחידה,false,,19.90,0.0000,true,1,43312
7290112481962,false,מגש עגול 16 בלו שיין,פאלאס,CN,מגש עגול 16 בלו שיין,Unknown,0.00,יחידה,false,,19.90,0.0000,true,1,43313
7290112481979,false,גביע איכותי בלו שיין,פאלאס,CN,גביע איכותי בלו שיין,Unknown,0.00,יחידה,false,,19.90,0.0000,true,1,42963
7290112481986,false,גביע איכותי בלו שיין,פאלאס,CN,גביע איכותי בלו שיין,Unknown,0.00,יחידה,false,,19.90,0.0000,true,1,42962
7290112481993,false,גביע איכותי בלו שיין,פאלאס,CN,גביע איכותי בלו שיין,Unknown,0.00,יחידה,false,,19.90,0.0000,true,1,42961
7290112482075,false,שקיות אשפה עם שרוך 5,פאלאס,IL,שקיות אשפה עם שרוך 5,Unknown,0.00,יחידה,false,,19.90,0.0000,true,1,40627
7290112482082,false,שקיות אשפה עם שרוך 7,פאלאס,IL,שקיות אשפה עם שרוך 7,Unknown,0.00,יחידה,false,,19.90,0.0000,true,1,40628
7290112482228,false,שקיות אשפה 75/90 קרם,פאלאס,IL,שקיות אשפה 75/90 קרם,Unknown,0.00,יחידה,false,,19.90,0.0000,true,1,44617
7290112482303,false,מגבונים קשת 7*72 יח,פאלאס,IL,מגבונים קשת 7*72 יח,Unknown,0.00,יחידה,false,,15.90,0.0000,true,1,45885
7290112482327,false,"צלחות קטנות קשת 1 ק""",פאלאס,CN,"צלחות קטנות קשת 1 ק""",Unknown,0.00,יחידה,false,,37.90,0.0000,true,1,49484
7290112482358,false,צלחות גדולות קיסר לב,פאלאס,CN,צלחות גדולות קיסר לב,Unknown,0.00,יחידה,false,,21.90,0.0000,true,1,59795
7290112482365,false,צלחות ענקיות קיסר לב,פאלאס,CN,צלחות ענקיות קיסר לב,Unknown,0.00,יחידה,false,,27.90,0.0000,true,1,59798
7290112482440,false,צלחת קטנה לוקה לבן-כסף 10 יח,פאלאס,CN,צלחות קטנות לוקה לבן,Unknown,0.00,יחידה,false,,15.90,0.0000,true,1,59804
7290112482464,false,צלחות ענק לוקה לבן כ,פאלאס,CN,צלחות ענק לוקה לבן כ,Unknown,0.00,יחידה,false,,24.90,0.0000,true,1,59809
7290112482471,false,צלחות מרק לוקה לבן כ,פאלאס,CN,צלחות מרק לוקה לבן כ,Unknown,0.00,יחידה,false,,17.90,0.0000,true,1,59806
7290112482488,false,לפתניות לוקה לבן כסף,פאלאס,CN,לפתניות לוקה לבן כסף,Unknown,0.00,יחידה,false,,12.90,0.0000,true,1,59800
7290112482495,false,קעריות אובליות לוקה,פאלאס,CN,קעריות אובליות לוקה,Unknown,0.00,יחידה,false,,14.90,0.0000,true,1,59801
7290112482501,false,צלחות קטנות לוקה לבן,פאלאס,CN,צלחות קטנות לוקה לבן,Unknown,0.00,יחידה,false,,15.90,0.0000,true,1,59805
7290112482518,false,צלחות גדולות לוקה לב,פאלאס,CN,צלחות גדולות לוקה לב,Unknown,0.00,יחידה,false,,19.90,0.0000,true,1,59810
7290112482525,false,צלחות ענק לוקה לבן ז,פאלאס,CN,צלחות ענק לוקה לבן ז,Unknown,0.00,יחידה,false,,24.90,0.0000,true,1,59811
7290112482532,false,צלחות מרק לוקה לבן,פאלאס,CN,צלחות מרק לוקה לבן,Unknown,0.00,יחידה,false,,17.90,0.0000,true,1,59807
7290112482556,false,קעריות אובליות לוקה,פאלאס,CN,קעריות אובליות לוקה,Unknown,0.00,יחידה,false,,14.90,0.0000,true,1,59803
7290112482631,false,מגש תחרה בלו שיין 4,פאלאס,CN,מגש תחרה בלו שיין 4,Unknown,0.00,יחידה,false,,19.90,0.0000,true,1,48216
7290112482860,false,מפת אלבד מוטבע גליל,פאלאס,CN,מפת אלבד מוטבע גליל,Unknown,0.00,יחידה,false,,39.90,0.0000,true,1,64429
7290112482891,false,צלחות קטנות פרח זהב,פאלאס,TR,צלחות קטנות פרח זהב,Unknown,0.00,יחידה,false,,14.90,0.0000,true,1,48364
7290112482907,false,צלחות גדולות פרח זהב,פאלאס,TR,צלחות גדולות פרח זהב,Unknown,0.00,יחידה,false,,17.90,0.0000,true,1,48365
7290112482938,false,צלחות קטנות פרח כסף,פאלאס,TR,צלחות קטנות פרח כסף,Unknown,0.00,יחידה,false,,14.90,0.0000,true,1,48366
7290112482945,false,צלחות גדולות פרח כסף,פאלאס,TR,צלחות גדולות פרח כסף,Unknown,0.00,יחידה,false,,17.90,0.0000,true,1,48367
7290112482952,false,צלחות מרק פרח כסף לפ,פאלאס,TR,צלחות מרק פרח כסף לפ,Unknown,0.00,יחידה,false,,14.90,0.0000,true,1,48373
7290112483010,false,צלחות קטנות פרח שחור,פאלאס,TR,צלחות קטנות פרח שחור,Unknown,0.00,יחידה,false,,14.90,0.0000,true,1,48368
7290112483027,false,צלחות גדולות פרח שחו,פאלאס,TR,צלחות גדולות פרח שחו,Unknown,0.00,יחידה,false,,17.90,0.0000,true,1,48369
7290112483058,false,צלחות קטנות פרח קרם,פאלאס,TR,צלחות קטנות פרח קרם,Unknown,0.00,יחידה,false,,14.90,0.0000,true,1,48370
7290112483065,false,צלחות גדולות פרח קרם,פאלאס,TR,צלחות גדולות פרח קרם,Unknown,0.00,יחידה,false,,17.90,0.0000,true,1,48371
7290112483072,false,צלחות מרק פרח קרם לפ,פאלאס,TR,צלחות מרק פרח קרם לפ,Unknown,0.00,יחידה,false,,14.90,0.0000,true,1,48374
7290112483195,false,מיכל 3 ליטר 7 יח,NINGBO,CN,מיכל 3 ליטר 7 יח,Unknown,0.00,יחידה,false,,19.90,0.0000,true,1,47538
7290112483362,false,"תבניות ח""פ עגול קשת",פאלאס,CN,"תבניות ח""פ עגול קשת",Unknown,0.00,יחידה,false,,19.90,0.0000,true,1,48764
7290112483379,false,"תבניות ח""פ מלבן קשת",פאלאס,CN,"תבניות ח""פ מלבן קשת",Unknown,0.00,יחידה,false,,19.90,0.0000,true,1,48765
7290112483386,false,"תבניות ח""פ עמוקות קש",פאלאס,CN,"תבניות ח""פ עמוקות קש",Unknown,0.00,יחידה,false,,19.90,0.0000,true,1,48766
7290112483393,false,"תבניות ח""פ בינוניות",פאלאס,CN,"תבניות ח""פ בינוניות",Unknown,0.00,יחידה,false,,19.90,0.0000,true,1,48767
7290112483409,false,"תבניות ח""פ גדולות קש",פאלאס,CN,"תבניות ח""פ גדולות קש",Unknown,0.00,יחידה,false,,19.90,0.0000,true,1,48768
7290112483416,false,"תבניות ח""פ ענק קשת 1",פאלאס,CN,"תבניות ח""פ ענק קשת 1",Unknown,0.00,יחידה,false,,19.90,0.0000,true,1,48769
7290112483423,false,"תבניות ח""פ אינגליש א",פאלאס,CN,"תבניות ח""פ אינגליש א",Unknown,0.00,יחידה,false,,19.90,0.0000,true,1,48770
7290112483430,false,כפות שקופות לפיד 50,פאלאס,TR,כפות שקופות לפיד 50,Unknown,0.00,יחידה,false,,7.50,0.0000,true,1,52597
7290112483478,false,"תבניות ח""פ אינגליש ק",פאלאס,CN,"תבניות ח""פ אינגליש ק",Unknown,0.00,יחידה,false,,19.90,0.0000,true,1,48771
7290112483560,false,מפיות מודפסות תלת שכ,פאלאס,CN,מפיות מודפסות תלת שכ,Unknown,0.00,יחידה,false,,9.90,0.0000,true,1,49973
7290112483607,false,צלחות גדולות רנסנס ל,פאלאס,TR,צלחות גדולות רנסנס ל,Unknown,0.00,יחידה,false,,59.90,0.0000,true,1,50377
7290112484345,false,קעריות אובלי שקוף לפ,פאלאס,TR,קעריות אובלי שקוף לפ,Unknown,0.00,יחידה,false,,5.90,0.0000,true,1,54298
7290112484352,false,צלחות ענק נעימות 50,פאלאס,TR,צלחות ענק נעימות 50,Unknown,0.00,יחידה,false,,39.90,0.0000,true,1,52611
7290112484369,false,צלחות לפתן נעימות 10,פאלאס,TR,צלחות לפתן נעימות 10,Unknown,0.00,יחידה,false,,19.90,0.0000,true,1,52612
7290112484376,false,קעריות אובלי נעימות,פאלאס,TR,קעריות אובלי נעימות,Unknown,0.00,יחידה,false,,22.90,0.0000,true,1,52613
7290112484406,false,"כוסות ח""פ קשת 200 מ""",פאלאס,GR,"כוסות ח""פ קשת 200 מ""",Unknown,0.00,יחידה,false,,34.90,0.0000,true,1,52614
7290112484420,false,כוסות נייר 168 יח 26,פאלאס,CN,כוסות נייר 168 יח 26,Unknown,0.00,יחידה,false,,29.90,0.0000,true,1,54395
7290112484444,false,כוסות נייר 116 יח 35,פאלאס,CN,כוסות נייר 116 יח 35,Unknown,0.00,יחידה,false,,29.90,0.0000,true,1,51826
7290112484505,false,קעריות אובלי קיסר לב,פאלאס,CN,קעריות אובלי קיסר לב,Unknown,0.00,יחידה,false,,14.90,0.0000,true,1,59790
7290112484819,false,צלחות קטנות נעימות ש,פאלאס,TR,צלחות קטנות נעימות ש,Unknown,0.00,יחידה,false,,24.90,0.0000,true,1,54311
7290112484826,false,צלחות גדולות נעימות,ב פ תעשיות,IL,צלחות גדולות נעימות,Unknown,0.00,יחידה,false,,44.90,0.0000,true,1,52623
7290112484833,false,צלחות ענק נעימות שקו,פאלאס,CN,צלחות ענק נעימות שקו,Unknown,0.00,יחידה,false,,54.90,0.0000,true,1,54320
7290112484840,false,צלחות מרק נעימות שקו,ב פ תעשיות,IL,צלחות מרק נעימות שקו,Unknown,0.00,יחידה,false,,24.90,0.0000,true,1,54312
7290112484857,false,צלחות לפתן נעימות שק,פאלאס,TR,צלחות לפתן נעימות שק,Unknown,0.00,יחידה,false,,19.90,0.0000,true,1,54313
7290112484901,false,תבניות מאפינס קשת 72,פאלאס,CN,תבניות מאפינס קשת 72,Unknown,0.00,יחידה,false,,9.90,0.0000,true,1,58768
7290112484925,false,מפת ניילון סופר עבה,פאלאס,IL,מפת ניילון סופר עבה,Unknown,0.00,יחידה,false,,39.90,0.0000,true,1,55299
7290112484970,false,כפות איכותיים רנסנס,פאלאס,TR,כפות איכותיים רנסנס,Unknown,0.00,יחידה,false,,19.90,0.0000,true,1,55962
7290112484987,false,כפיות איכותיים רנסנס,פאלאס,TR,כפיות איכותיים רנסנס,Unknown,0.00,יחידה,false,,19.90,0.0000,true,1,55964
7290112484994,false,מזלגות איכותיים רנסנ,פאלאס,TR,מזלגות איכותיים רנסנ,Unknown,0.00,יחידה,false,,19.90,0.0000,true,1,55963
7290112485007,false,סכינים איכותיים רנסנ,פאלאס,TR,סכינים איכותיים רנסנ,Unknown,0.00,יחידה,false,,19.90,0.0000,true,1,55965
7290112485236,false,סט סכום מהודר זהב עם,HANTRONIX,CN,סט סכום מהודר זהב עם,Unknown,0.00,יחידה,false,,34.90,0.0000,true,1,58715
7290112485250,false,סט סכום מהודר כסף נצ,פאלאס,CN,סט סכום מהודר כסף נצ,Unknown,0.00,יחידה,false,,29.90,0.0000,true,1,61745
7290112485274,false,סט סכום מהודר כסף לפ,פאלאס,CN,סט סכום מהודר כסף לפ,Unknown,0.00,יחידה,false,,29.90,0.0000,true,1,61747
7290112485342,false,צלחות קטנות אמריקאיו,ב פ תעשיות,IL,צלחות קטנות אמריקאיו,Unknown,0.00,יחידה,false,,26.90,0.0000,true,1,58851
7290112485359,false,צלחות גדולות אמריקאי,ב פ תעשיות,IL,צלחות גדולות אמריקאי,Unknown,0.00,יחידה,false,,34.90,0.0000,true,1,58850
7290112485366,false,צלחות ענק אמריקאי לב,פאלאס,TR,צלחות ענק אמריקאי לב,Unknown,0.00,יחידה,false,,49.90,0.0000,true,1,58849
7290112485373,false,מרקיות אמריקאיות בלו,ב פ תעשיות,IL,מרקיות אמריקאיות בלו,Unknown,0.00,יחידה,false,,26.90,0.0000,true,1,58852
7290112485458,false,"תבניות ח""פ עגול קטן+",,,"תבניות ח""פ עגול קטן+",Unknown,0.00,יחידה,false,,11.90,0.0000,true,1,60173
7290112485472,false,"תבניות ח""פ מלבן גדול",,,"תבניות ח""פ מלבן גדול",Unknown,0.00,יחידה,false,,11.90,0.0000,true,1,60167
7290112485489,false,"תבניות ח""פ עגול גבוה",,,"תבניות ח""פ עגול גבוה",Unknown,0.00,יחידה,false,,11.90,0.0000,true,1,60171
7290112485496,false,"תבניות ח""פ עגול נמוך",,,"תבניות ח""פ עגול נמוך",Unknown,0.00,יחידה,false,,11.90,0.0000,true,1,60172
7290112485519,false,מגש מלבן קיסר לפיד 4,פאלאס,CN,מגש מלבן קיסר לפיד 4,Unknown,0.00,יחידה,false,,11.90,0.0000,true,1,61546
7290112485526,false,מגש מרובע קיסר לפיד,פאלאס,CN,מגש מרובע קיסר לפיד,Unknown,0.00,יחידה,false,,9.90,0.0000,true,1,61542
7290112485533,false,מגש עגול קיסר לפיד,פאלאס,CN,מגש עגול קיסר לפיד,Unknown,0.00,יחידה,false,,12.90,0.0000,true,1,61543
7290112485557,false,מגש עגול גדול קיסר ל,פאלאס,CN,מגש עגול גדול קיסר ל,Unknown,0.00,יחידה,false,,14.90,0.0000,true,1,61545
7290112485564,false,מגש מלבן ארוך קיסר ל,פאלאס,CN,מגש מלבן ארוך קיסר ל,Unknown,0.00,יחידה,false,,9.90,0.0000,true,1,61547
7290112485588,false,מארז צלחות גדולות +,פאלאס,CN,מארז צלחות גדולות +,Unknown,0.00,יחידה,false,,49.90,0.0000,true,1,61614
7290112485595,false,מארז מרקיות + לפתניו,פאלאס,CN,מארז מרקיות + לפתניו,Unknown,0.00,יחידה,false,,49.90,0.0000,true,1,61615
7290112485618,false,כוס קריסטל פסים לפיד,פאלאס,CN,כוס קריסטל פסים לפיד,Unknown,0.00,יחידה,false,,29.90,0.0000,true,1,61617
7290112485625,false,כוסות נייר 50 יח 210,פאלאס,TR,כוסות נייר 50 יח 210,Unknown,0.00,יחידה,false,,7.90,0.0000,true,1,58857
7290112486011,false,צלחות לפתן פאלאס 150,פאלאס,IL,צלחות לפתן פאלאס 150,Unknown,0.00,יחידה,false,,19.90,0.0000,true,1,61960
7290112486028,false,צלחות קטנות פאלאס 12,פאלאס,IL,צלחות קטנות פאלאס 12,Unknown,0.00,יחידה,false,,19.90,0.0000,true,1,63196
7290112486035,false,צלחות גדולות פאלאס 8,פאלאס,IL,צלחות גדולות פאלאס 8,Unknown,0.00,יחידה,false,,19.90,0.0000,true,1,62250
7290112486042,false,צלחות מרק 70 יח' פאל,פאלאס,IL,צלחות מרק 70 יח' פאל,Unknown,0.00,יחידה,false,,19.90,0.0000,true,1,62183
7290112486059,false,צלחות ענק פאלאס 70 י,פאלאס,IL,צלחות ענק פאלאס 70 י,Unknown,0.00,יחידה,false,,19.90,0.0000,true,1,62184
7290112486066,false,קערות אובלית פאלאס 8,פאלאס,IL,קערות אובלית פאלאס 8,Unknown,0.00,יחידה,false,,19.90,0.0000,true,1,64262
7290112486516,false,מגש אובלי צבעוני פאל,פאלאס,IL,מגש אובלי צבעוני פאל,Unknown,0.00,יחידה,false,,21.90,0.0000,true,1,65077
7290112491558,false,שוקולד מריר פרווה מארז 100X6 גר',אתר צפת טבלאות ותעשי,IL,שוקולד ורד הגליל מרי,גרמים,600.00,100 גרם,false,,17.90,0.0298,true,1,44644
7290112494221,false,קליק - ביסקויט תפזורת 65 גרם,יוניליוור ישראל מזון,IL,קליק ביסקוויט 65 גרם,גרמים,65.00,100 גרם,false,,4.90,0.0754,true,1,48269
7290112494238,false,קליק - כדורים חלב תפזורת 65 גרם,יוניליוור ישראל מזון,IL,קליק שוקולד חלב 65 ג,גרמים,65.00,100 גרם,false,,4.90,0.0754,true,1,48271
7290112494276,false,קליק - כריות תפזורת 65 גרם,יוניליוור ישראל מזון,IL,קליק כריות 65 גרם,גרמים,65.00,100 גרם,false,,4.90,0.0754,true,1,48483
7290112494283,false,קליק - מעורב חום לבן תפזורת 65 גרם,יוניליוור ישראל מזון,IL,קליק חום לבן מעורב 6,גרמים,65.00,100 גרם,false,,4.90,0.0754,true,1,48272
7290112494313,false,קליק - קורנפלקס תפזורת 65 גרם,יוניליוור ישראל מזון,IL,קליק קורנפלקס 65 גרם,גרמים,65.00,100 גרם,false,,4.90,0.0754,true,1,48273
7290112494351,false,תלמה קורנפלקס של אלופים 850 ג',יוניליוור שפע ישראל,IL,קורנפלקס של אלופים 8,גרמים,850.00,100 גרם,false,,16.90,0.0199,true,1,50060
7290112495006,false,כריות - כריות נוגט 686 גרם,יוניליוור שפע ישראל,IL,"כריות נוגט בד""צ 686",גרמים,686.00,100 גרם,false,,23.90,0.0348,true,1,48282
7290112497499,false,טבלה שוקולד לבן ועוגיות קליק 85 ג',אתר צפת טבלאות ותעשי,IL,שוקולד קליק לבן עוגי,גרמים,85.00,100 גרם,false,,4.90,0.0576,true,1,57347
7290112499493,false,"רקסונה - דאודורנט ספריי לאישה אלוורה 150 מ""ל",יוניליוור,IL,דאודורנט ספריי רקסונ,מיליליטרים,150.00,"100 מ""ל",false,,12.80,0.0853,true,1,61168
7290112870247,false,ממרח פסטו בזיליקום 190 ג' צנצנת,בני דרום,IL,ממרח פסטו בזיליקום ב,גרמים,190.00,100 גרם,false,,9.90,0.0521,true,1,38847
7290112870254,false,ממרח עגבניות מיובשות יבנה 190 ג',בני דרום,IL,ממרח עגבניות מיובשות,גרמים,190.00,100 גרם,false,,9.90,0.0521,true,1,38848
7290112870261,false,ממרח ארטישוק יבנה צנצנת 190 ג',בני דרום,IL,ממרח ארטישוק בני דרו,גרמים,190.00,100 גרם,false,,9.90,0.0521,true,1,38849
7290112870278,false,ממרח טפנד זיתים מרינד יבנה 190 ג' צנצנת,בני דרום,IL,ממרח טפנד זיתים מרינ,גרמים,190.00,100 גרם,false,,9.90,0.0521,true,1,38844
7290112870285,false,ממרח טפנד זיתים יבנה 190 ג' צנצנת,בני דרום,IL,ממרח טפנד זיתים בני,גרמים,190.00,100 גרם,false,,9.90,0.0521,true,1,38850
7290112870292,false,ממרח צימיצורי יבנה 190 ג' צנצנת,בני דרום,IL,ממרח צימיצורי בני דר,גרמים,190.00,100 גרם,false,,9.90,0.0521,true,1,38846
7290112870315,false,זית טבעות ירוק בני ד,בני דרום,IL,זית טבעות ירוק בני ד,פריט,3.00,"ק""ג",false,,29.90,9.9667,true,1,45433
7290112960115,false,אסם שקדי מרק 30% קמח חיטה מלא 12*350גרם,אסם,IL,שקדי מרק עם 30% קמח,גרמים,350.00,100 גרם,false,,9.60,0.0274,true,1,59701
7290112961372,false,פיטנס חטיפי פריכיות דגנים עם קינמון,"פרח תעשיות מזון בע""מ",IL,חטיפי פריכיות קינמון,גרמים,60.00,100 גרם,false,,7.90,0.1317,true,1,43404
7290112961464,false,פיטנס חטיפי פריכיות דגנים וחומוס מתובלות,"פרח תעשיות מזון בע""מ",IL,חטיפי פריכיות מתובלו,גרמים,60.00,100 גרם,false,,7.90,0.1317,true,1,43405
7290112961754,false,עוגיות שוקולד ציפס עם קרם בטעם אגוזים,מיוצר עי קונדיטוריית,IL,עוגיות שוקולד ציפס מ,גרמים,200.00,100 גרם,false,,9.90,0.0495,true,1,44524
7290112962546,false,ארטיק לה פרוטה מלון תפוח מאגדת 443 גר',שוורצקוף& הנקל דיסלד,IL,שלגוני לה פרוטה מלון,גרמים,350.00,100 גרם,false,,17.90,0.0511,true,1,44765
7290112963321,false,בייגלה שטוח ללא גלוטן 300 גר',מיוצר עי קונדיטוריית,IL,בייגלה שטוח גרפיטי ל,גרמים,300.00,100 גרם,false,,11.90,0.0397,true,1,51415
7290112963918,false,חטיפי קרקר דק רוזמרין 140 ג' פיטנס,נסטלה Nestle,IL,קרקר דק רוזמרין פיטנ,גרמים,140.00,100 גרם,false,,10.90,0.0779,true,1,47199
7290112964090,true,פסטה קלמרטה פרפקטו 4,,,פסטה קלמרטה פרפקטו 4,גרמים,0.00,100 גרם,false,,0.00,0.0000,true,1,45591
7290112964410,false,רוטב אוסם אלף האיים לסלט 290 ג' אסם,Unknown,IL,רוטב לסלט אלף האיים,גרמים,290.00,100 גרם,false,,9.90,0.0341,true,1,65275
7290112964434,false,רוטב לסלט קיסר 295 ג' אוסם,אסם,IL,רוטב לסלט קיסר אסם 2,גרמים,295.00,100 גרם,false,,8.90,0.0302,true,1,47097
7290112964458,false,רוטב וינגרט לסלט 295 ג' אסם,Unknown,IL,רוטב לסלט ויניגרט אס,גרמים,295.00,100 גרם,false,,8.90,0.0302,true,1,47098
7290112964472,false,רוטב שום לסלט 290 ג' אסם,Unknown,IL,רוטב שום אסם 290 גרם,גרמים,290.00,100 גרם,false,,8.90,0.0307,true,1,47099
7290112964724,false,טבעול המבורגרטבעוני 580 גר',מיוצר עי קונדיטוריית,IL,המבורגר צמחוני טבעול,גרמים,580.00,100 גרם,false,,29.90,0.0516,true,1,47164
7290112965301,false,זוג מרק נמס בטעם עוף עם שקדי מרק רגע חם,Unknown,IL,מרק נמס עוף אסם 2*26,גרמים,52.00,100 גרם,false,,5.50,0.1058,true,1,48754
7290112965660,false,פיטנס - חטיף מולטיגריין מלח פלפל 25 גרם,מיוצר עי קונדיטוריית,IL,חטיף פיטנס מלח פלפל,גרמים,25.00,100 גרם,false,,4.90,0.1960,true,1,51887
7290112965707,false,פיטנס - חטיף מולטיגריין צילי מעודן 25 גרם,"אסם השקעות בע""מ",IL,חטיף פיטנס צ'ילי מעו,גרמים,25.00,100 גרם,false,,4.90,0.1960,true,1,51889
7290112965745,false,אוסם - ביסלי פריסטייל בצל מעושן 60 גרם,"אסם השקעות בע""מ",IL,ביסלי פריסטייל בצל מ,גרמים,60.00,100 גרם,false,,3.90,0.0650,true,1,57701
7290112965783,false,אוסם - ביסלי פריסטייל על האש 60 גרם,"אסם השקעות בע""מ",IL,ביסלי פריסטייל על הא,גרמים,60.00,100 גרם,false,,3.90,0.0650,true,1,57653
7290112965806,false,אוסם - ביסלי פריסטייל חמוץ חריף 60 גרם,Unknown,IL,ביסלי פריסטייל חמוץ,גרמים,60.00,100 גרם,false,,3.90,0.0650,true,1,57654
7290112965967,false,טבעול נאגטס ירקות כתומים 500 גר',טבעול תעשיות מזון בע,IL,נאגטס ירקות כתומים ט,גרמים,500.00,100 גרם,false,,29.90,0.0598,true,1,54249
7290112966094,false,עוגת הבית בטעם תפוז - פחות סוכר,מיוצר עי קונדיטוריית,IL,עוגת תפוז מופחתת סוכ,גרמים,400.00,100 גרם,false,,10.90,0.0273,true,1,48894
7290112966247,false,לחמית כוסמין 200 ג' אסם,אסם יקנעם,IL,לחמית כוסמין 200 גרם,גרמים,200.00,100 גרם,false,,8.90,0.0445,true,1,51919
7290112967114,false,חטיפי פריכיות פיטנס קטניות ופלפל 60 גר',"פרח תעשיות מזון בע""מ",IL,חטיפי פריכיות קטניות,גרמים,60.00,100 גרם,false,,7.90,0.1317,true,1,51410
7290112967138,false,בייגלה שמיניות ללא גלוטן 250 גר' אסם,מיוצר עי קונדיטוריית,IL,בייגלה ל.גלוטן אסם 2,גרמים,250.00,100 גרם,false,,9.90,0.0396,true,1,48756
7290112967152,false,מארז במבה מתוקה 15*,אסם,IL,מארז במבה מתוקה 15*,גרמים,225.00,100 גרם,false,,17.90,0.0796,true,1,48885
7290112967329,false,מארז ביסלי ברביקיו 1,אסם,IL,מארז ביסלי ברביקיו 1,גרמים,300.00,100 גרם,false,,17.90,0.0597,true,1,51921
7290112967381,false,פיטנס חטיפי פריכיות קטניות ומלח ים 60 גר',"פרח תעשיות מזון בע""מ",IL,חטיפי פריכיות קטניות,גרמים,60.00,100 גרם,false,,7.90,0.1317,true,1,51411
7290112967572,false,"אסם רוטב ברביקיו 290 מ""ל אסם",אסם,IL,רוטב ברביקיו אסם 290,גרמים,290.00,100 גרם,false,,8.90,0.0307,true,1,48757
7290112967848,false,ג'לי תות שדה מופחת סוכר 90 גר אסם,מיוצר עי קונדיטוריית,IL,גלי בטעם תות מופחת ס,גרמים,85.00,100 גרם,false,,5.90,0.0694,true,1,56731
7290112968340,false,חומוס תבלינים צבר 400 גרם,שוורצקוף& הנקל דיסלד,IL,חומוס גרוס גס גס צבר,גרמים,400.00,100 גרם,false,,13.90,0.0348,true,1,49604
7290112968708,false,"טבעול שניצל תירס 1.3ק""ג בד""ץ",טבעול ישראל,IL,שניצל תירס טבעול 1.3,פריט,1.30,"ק""ג",false,,39.90,30.6923,true,1,50734
7290112968722,false,"טבעול נקניקיות מן הצומח 1.2 ק""ג בדץ",טבעול ישראל,IL,נקניקיות מן הצומח טב,פריט,1.20,"ק""ג",false,,39.90,33.2500,true,1,50735
7290112968807,false,פיטנס - קרקר דק סלק 140 גרם,מפעל אסם יקנעם,IL,קרקר דק סלק פיטנס 14,גרמים,140.00,100 גרם,false,,10.90,0.0779,true,1,54465
7290112968821,false,פיטנס - קרקר דק בטטה 140 גרם,מפעל אסם יקנעם,IL,קרקר דק בטטה פיטנס 1,גרמים,140.00,100 גרם,false,,10.90,0.0779,true,1,54466
7290113190269,false,אגוז מלך קלוף הבסטה,דין שיווק,IL,אגוז מלך קלוף הבסטה,גרמים,280.00,100 גרם,false,,21.90,0.0782,true,1,42407
7290113190276,false,פקאן סיני מסוכר הבסט,דין שיווק,IL,פקאן סיני מסוכר הבסט,גרמים,200.00,100 גרם,false,,23.90,0.1195,true,1,42406
7290113190283,false,שקד טבעי הבסטה 280 ג,דין שיווק,IL,שקד טבעי הבסטה 280 ג,גרמים,280.00,100 גרם,false,,21.90,0.0782,true,1,42405
7290113190306,false,חמוציות מסוכרות הבסט,דין שיווק,IL,חמוציות מסוכרות הבסט,גרמים,400.00,100 גרם,false,,14.90,0.0373,true,1,42403
7290113190313,false,משמש מיובש הבסטה 500,דין שיווק,IL,משמש מיובש הבסטה 500,גרמים,500.00,100 גרם,false,,22.90,0.0458,true,1,42402
7290113190375,false,סילאן סירופ תמרים טב,שקדיה,TR,סילאן טבעי שקדיה 900,גרמים,900.00,100 גרם,false,,17.90,0.0199,true,1,44861
7290113190382,false,פקאן טבעי הבסטה 200,דין שיווק,IL,פקאן טבעי הבסטה 200,גרמים,200.00,100 גרם,false,,23.90,0.1195,true,1,42707
7290113191099,false,סירופ מייפל טהור 250,שקדיה,IL,סירופ מייפל טהור 250,מיליליטרים,250.00,"100 מ""ל",false,,19.90,0.0796,true,1,60636
7290113191921,false,"תרכיז מלבי 750 מ""ל שקדיה",דין שיווק,IL,"סירופ מלבי 750 מ""ל",מיליליטרים,750.00,"100 מ""ל",false,,16.90,0.0225,true,1,49398
7290113191938,false,"סירופ רוזטה בטעם שקדים 750 מ""ל",דין שיווק,IL,תרכיז שקדים רוזטה 75,מיליליטרים,750.00,"100 מ""ל",false,,16.90,0.0225,true,1,47720
7290113192072,false,בוטנים מצופים בטעם צ,דין שיווק,IL,חטיפי בוטנים מצופים,גרמים,120.00,100 גרם,false,,9.90,0.0825,true,1,56706
7290113192096,false,בוטנים מצופים בטעם ו,דין שיווק,IL,חטיפי בוטנים מצופים,גרמים,120.00,100 גרם,false,,9.90,0.0825,true,1,56708
7290113192300,false,זיתים חרוזית מושחר A2 בית השיטה 275 גר',בית השיטה,IL,זית חרוזית מושחר בית,גרמים,560.00,100 גרם,false,,8.90,0.0159,true,1,48787
7290113192331,false,זיתים ירוק גדול A2 בית השיטה 340ג',בית השיטה,IL,זית מנזלינו בית השיט,גרמים,560.00,100 גרם,false,,9.50,0.0170,true,1,48790
7290113192348,false,זיתים ירוקים שלמים גדולים מאוד בטעם שום,בית השיטה,IL,זית שום בית השיטה 56,גרמים,560.00,100 גרם,false,,9.50,0.0170,true,1,48791
7290113192355,false,חרוזית זיתים ירוקים ללא גלעין 275 ג' בית השיטה,בית השיטה,IL,זית חרוזית בית השיטה,גרמים,560.00,100 גרם,false,,9.50,0.0170,true,1,48792
7290113192362,false,טבעות זיתים ירוקים 280 ג' בית השיטה,בית השיטה,IL,זית טבעות בית השיטה,גרמים,560.00,100 גרם,false,,9.90,0.0177,true,1,48793
7290113192379,false,בית השיטה זיתים ירוקים מבוקעים א2 340גר',בית השיטה,IL,זית מבוקע בית השיטה,גרמים,560.00,100 גרם,false,,8.90,0.0159,true,1,48794
7290113192393,false,בית השיטה קוקטייל זיתים א2 336גר',בית השיטה,IL,זית קוקטייל בית השיט,גרמים,560.00,100 גרם,false,,10.90,0.0195,true,1,48795
7290113192478,false,בית השיטה מלפפונים במלח בינוני 10-12 320 גרם,בית השיטה,IL,מלפפון במלח 10-12 בי,גרמים,560.00,100 גרם,false,,7.50,0.0134,true,1,48796
7290113192485,false,בית השיטה מלפפונים בחומץ בינוני 10-12 290 גרם,בית השיטה,IL,מלפפון בחומץ 10-12 ב,גרמים,560.00,100 גרם,false,,7.50,0.0134,true,1,48797
7290113192492,false,בית השיטה מלפפונים בחומץ קטנים 1317 290 גרם,בית השיטה,IL,מלפפון בחומץ 13-17 ב,גרמים,560.00,100 גרם,false,,10.50,0.0188,true,1,48798
7290113192508,false,בית השיטה מלפפונים במלח קטן 1317 320 גרם,בית השיטה,IL,מלפפון במלח 13-17 בי,גרמים,560.00,100 גרם,false,,10.50,0.0188,true,1,48799
7290113192515,false,בית השיטה מלפפונים במלח קטן מאוד 1825 320 גרם,בית השיטה,IL,מלפפון במלח 18-25 בי,גרמים,560.00,100 גרם,false,,11.50,0.0205,true,1,48800
7290113192522,false,בית השיטה מלפפונים בחומץ קטן מאוד 1825 290 גרם,בית השיטה,IL,מלפפון בחומץ 18-25 ב,גרמים,560.00,100 גרם,false,,11.50,0.0205,true,1,48801
7290113192539,false,בית השיטה מלפפונים במלח גדול 79 320 גרם,בית השיטה,IL,מלפפון במלח 7-9 בית,גרמים,560.00,100 גרם,false,,6.30,0.0112,true,1,48802
7290113192546,false,בית השיטה מלפפונים בחומץ גדול 79 290 גרם,בית השיטה,IL,מלפפון בחומץ 7-9 בית,גרמים,560.00,100 גרם,false,,6.30,0.0112,true,1,48803
7290113192560,false,בית השיטה פלפל שיפקה חריף כבוש 230 גרם,בית השיטה,IL,פלפל שיפקה בית השיטה,גרמים,560.00,100 גרם,false,,6.50,0.0116,true,1,48804
7290113192577,false,בית השיטה כרוב כבוש חתוך 430 גרם,בית השיטה,IL,כרוב כבוש בית השיטה,גרמים,560.00,100 גרם,false,,6.90,0.0123,true,1,51533
7290113192997,false,בית השיטה זית מרוקאי 340 גר',בית השיטה,IL,זית שחור מרוקאי בית,גרמים,340.00,100 גרם,false,,11.90,0.0350,true,1,59647
7290113193000,false,בית השיטהפלפל שיפקונית 230 גר',שוורצקוף& הנקל דיסלד,IL,פלפל שיפקונית בית הש,גרמים,560.00,100 גרם,false,,9.90,0.0177,true,1,51534
7290113193017,false,בית השיטה קוקטייל זיתים 275 גר',בית השיטה,IL,זית חרוזית קוקטייל ב,גרמים,560.00,100 גרם,false,,11.50,0.0205,true,1,51538
7290113193031,false,חרוזית קלמטה - זיתים שחורים ללא גלעין קלמטה,שוורצקוף& הנקל דיסלד,IL,זית חרוזית קלמטה בית,גרמים,560.00,100 גרם,false,,11.50,0.0205,true,1,51539
7290113193321,false,"שמן זית כתית מעולה בית השיטה 750 מ""ל",בית השיטה,IL,שמן זית כתית מעולה ב,מיליליטרים,750.00,"100 מ""ל",false,,27.90,0.0372,true,1,51925
7290113193406,false,"קוקטייל טבעות זיתים - זיתים ירוקים, שחורים מרינד",בית השיטה,IL,זית טבעות קוקטייל בי,גרמים,560.00,100 גרם,false,,11.50,0.0205,true,1,51535
7290113193444,false,מלפפון במלח גדול עמק,בית השיטה,IL,מלפפון במלח גדול עמק,גרמים,820.00,100 גרם,false,,6.90,0.0084,true,1,53474
7290113193451,false,מלפפון במלח בינוני ע,בית השיטה,IL,מלפפון במלח בינוני ע,גרמים,820.00,100 גרם,false,,7.90,0.0096,true,1,53475
7290113193468,false,מלפפון במלח קטן עמק,בית השיטה,IL,מלפפון במלח קטן עמק,גרמים,820.00,100 גרם,false,,9.50,0.0116,true,1,53476
7290113193475,false,מלפפון במלח קטן מאוד,בית השיטה,IL,מלפפון במלח קטן מאוד,גרמים,820.00,100 גרם,false,,11.90,0.0145,true,1,53477
7290113193482,false,מלפפון בחומץ גדול עמ,בית השיטה,IL,מלפפון בחומץ גדול עמ,גרמים,820.00,100 גרם,false,,6.90,0.0084,true,1,53478
7290113193499,false,מלפפון בחומץ בינוני,בית השיטה,IL,מלפפון בחומץ בינוני,גרמים,820.00,100 גרם,false,,7.90,0.0096,true,1,53479
7290113193505,false,מלפפון בחומץ קטן עמק,בית השיטה,IL,מלפפון בחומץ קטן עמק,גרמים,820.00,100 גרם,false,,9.50,0.0116,true,1,53480
7290113193512,false,מלפפון בחומץ קטן מאו,בית השיטה,IL,מלפפון בחומץ קטן מאו,גרמים,820.00,100 גרם,false,,11.90,0.0145,true,1,53481
7290113193529,false,מיקס זיתים עמק חרוד,בית השיטה,IL,מיקס זיתים עמק חרוד,גרמים,820.00,100 גרם,false,,11.90,0.0145,true,1,53482
7290113193536,false,זית חרוזית עמק חרוד,בית השיטה,IL,זית חרוזית עמק חרוד,גרמים,820.00,100 גרם,false,,9.90,0.0121,true,1,53483
7290113193543,false,זית טבעות עמק חרוד 8,בית השיטה,IL,זית טבעות עמק חרוד 8,גרמים,820.00,100 גרם,false,,9.90,0.0121,true,1,53484
7290113194625,false,מובחרים מן הטבע 300,דין שיווק,IL,מובחרים מן הטבע 300,גרמים,300.00,100 גרם,false,,9.90,0.0330,true,1,53101
7290113195042,false,מלפפון חמוץ במלח כבישה ביתית בית השיטה 750 גר',שוורצקוף& הנקל דיסלד,IL,מלפפון במלח בטעם בית,גרמים,750.00,100 גרם,false,,24.90,0.0332,true,1,59657
7290113195837,false,מובחרים מן הטבע 250,דין שיווק,IL,מובחרים מן הטבע 250,גרמים,250.00,100 גרם,false,,9.90,0.0396,true,1,53103
7290113195943,false,פלפל שיפקה עמק חרוד,בית השיטה,IL,פלפל שיפקה עמק חרוד,גרמים,820.00,100 גרם,false,,7.90,0.0096,true,1,53485
7290113195967,false,שיבולת שועל שקדיה פח,דין שיווק,IL,שיבולת שועל שקדיה פח,גרמים,500.00,100 גרם,false,,9.90,0.0198,true,1,58318
7290113196490,false,פריכיות כוסמת בתוספת זרעי ציה שקדיה 150 ג',דין שיווק,IL,פריכיות כוסמת זרעי צ,גרמים,150.00,100 גרם,false,,11.90,0.0793,true,1,58322
7290113196513,false,פריכיות כוסמת בתוספת שקדים שקדיה 150 ג',דין שיווק,IL,פריכיות כוסמת שקדים,גרמים,150.00,100 גרם,false,,11.90,0.0793,true,1,58324
7290113196520,false,פריכיות כוסמין ללא מלח שקדיה 150 ג',דין שיווק,IL,פריכיות כוסמין ללא מ,גרמים,150.00,100 גרם,false,,11.90,0.0793,true,1,58321
7290113196759,false,ירקות מעורבים בסגנון מזרחי בטעם ביתי,בית השיטה,IL,ירקות מעורבים בטעם ב,גרמים,750.00,100 גרם,false,,27.90,0.0372,true,1,59658
7290113196896,false,תרסיס שמן זית 170 ג' שקדיה,שקדיה,IL,תרסיס שמן זית שקדיה,מיליליטרים,170.00,"100 מ""ל",false,,14.90,0.0876,true,1,59117
7290113196940,false,חטיפי תירס טורטיה בט,אן וי רוגר,BE,חטיפי תירס בטעם טבעי,גרמים,300.00,100 גרם,false,,12.90,0.0430,true,1,62988
7290113196957,false,חטיפי תירס טורטיה בט,אן וי רוגר,BE,חטיפי תירס בטעם ברבי,גרמים,300.00,100 גרם,false,,12.90,0.0430,true,1,62989
7290113197152,false,לבבות דקל שלם בצנצנת,שקדיה,IL,לבבות דקל שלם בצנצנת,גרמים,410.00,100 גרם,false,,11.90,0.0290,true,1,59146
7290113198616,false,ברנפלקס דגנים מחיטה מלאה וסובין 500 גר' שקדיה,שקדיה,IL,ברנפלקס שקדיה 500 גר,גרמים,500.00,100 גרם,false,,14.90,0.0298,true,1,62455
7290113199323,false,טורטיה מיני 150ג' שקדיה,,TR,מיני טורטיה מקמח חיט,גרמים,150.00,100 גרם,false,,4.90,0.0327,true,1,64654
7290113199590,false,נקטר חמוציות קרנברי,,US,נקטר חמוציות קרנברי,קילוגרמים,1.89,ליטר,false,,19.90,10.5291,true,1,61133
7290113199767,false,ממרח 100% שקדים שקדי,פפאיינס,TW,ממרח 100% שקדים שקדי,גרמים,300.00,100 גרם,false,,26.90,0.0897,true,1,62984
7290113199774,false,ממרח 100% בוטנים שקד,פפאיינס,TW,ממרח 100% בוטנים שקד,גרמים,300.00,100 גרם,false,,13.90,0.0463,true,1,62985
7290113199781,false,ממרח 100% מיקס אגוזי,פפאיינס,TW,ממרח 100% מיקס אגוזי,גרמים,200.00,100 גרם,false,,14.90,0.0745,true,1,62986
7290113199866,false,מגש אירוח אגוזים קלויים וחטיפים מלוחים מקל 450 ג',דין שיווק,IL,מיקס פיצוחים 450 גרם,גרמים,450.00,100 גרם,false,,34.90,0.0776,true,1,61202
7290113199880,false,טורטיה בתוספת קמח כוסמין ושיבולת שועל 360 ג' שקדיה,,TR,טורטיות בתוספת קמח כ,גרמים,360.00,100 גרם,false,,12.90,0.0358,true,1,62987
7290113451322,true,פרליני שוקולד איטלקי,,,פרליני שוקולד איטלקי,גרמים,0.00,100 גרם,false,,19.90,0.0000,true,1,49666
7290113451391,true,פרליני שוקולד איטלקי,,,פרליני שוקולד איטלקי,גרמים,0.00,100 גרם,false,,19.90,0.0000,true,1,49440
7290113469952,false,גבינה צהובה גאודה 28% מגורדת 300 גרם,מלקוויטה,PL,גבינה מגורדת גאודה 2,גרמים,300.00,100 גרם,false,,7.90,0.0263,true,1,64634
7290114310215,false,"**טרה שמנת מתוקה 38% 250 מ""ל בקבוק.",מילקו תעשיות בעמ,IL,שמנת מתוקה 38% בבקב,מיליליטרים,250.00,"100 מ""ל",false,,6.40,0.0256,true,1,51032
7290114310222,false,חלב 1.5 ליטר 3% מועשר בסידן וויטמין D.,מילקו תעשיות בעמ,IL,חלב מועשר 3% טרה 1.5,קילוגרמים,1.50,ליטר,false,,10.90,7.2667,true,1,52278
7290114310239,false,חלב טרה נטול לקטוז מועשר בוויטמין D 2% 1.5 ל',מילקו תעשיות בעמ,IL,חלב מועשר נטול לקטוז,קילוגרמים,1.50,ליטר,false,,10.90,7.2667,true,1,52279
7290114310246,false,גבינת גרנה פדנו מחלב בקר 29%,מחלבת משק צוריאל,IL,גבינה גרנה פדנו 29%,גרמים,125.00,100 גרם,false,,14.90,0.1192,true,1,56635
7290114310338,false,צפתית מעודנת 5% 225 גר' משק צוריאל,מחלבת משק צוריאל,IL,גבינה צפתית מעודנת 5,גרמים,225.00,100 גרם,false,,16.30,0.0724,true,1,56527
7290114310536,false,יוגורט לייט מעושר בחלבון בטעם וניל מולר 200 ג',מולר Muller,IL,מולר אקטיב וניל לייט,גרמים,200.00,100 גרם,false,,5.50,0.0275,true,1,57831
7290114310550,false,פטה עיזים מעודנת בגביע 5% 200 ג',משק צוריאל,IL,גבינת פטה עיזים מעוד,מיליליטרים,200.00,"100 מ""ל",false,,23.90,0.1195,true,1,56654
7290114310567,false,לאבנה עיזים 5% שומן 200 גרם,משק צוריאל,IL,לאבנה עיזים 5% צוריא,גרמים,200.00,100 גרם,false,,13.90,0.0695,true,1,56653
7290114310611,false,"משקה חלב בננה בבקבוק פקק ספורט טרה 250 מ""ל",Unknown,IL,"משקה בננה טרה 250 מ""",מיליליטרים,250.00,"100 מ""ל",false,,5.20,0.0208,true,1,62477
7290114310628,false,משקה חלב בטעם וניל עוגיות 1.5% שומן,מילקו תעשיות בעמ,IL,משקה וניל עוגיות טרה,קילוגרמים,1.00,ליטר,false,,10.90,10.9000,true,1,57210
7290114310673,false,גבינת לאבנה 9% 250 גרם,טרה,IL,לאבנה 9% טרה 250 גרם,גרמים,250.00,100 גרם,false,,11.90,0.0476,true,1,56655
7290114310895,false,סימפלי מולר מאגדת שמינייה מנגו תות 1.5% 150X8 גר',מולר Muller,IL,מארז מולר סימפלי תות,קילוגרמים,1.20,ליטר,false,,28.90,24.0833,true,1,63437
7290114311014,false,"משקה חלב אייס קפוצ'ינו בבקבוק 250 מ""ל",Unknown,IL,משקה אייס קפוצ'ינו ט,מיליליטרים,250.00,"100 מ""ל",false,,5.20,0.0208,true,1,62478
7290114311021,false,משקה חלב בטעם וניל עוגיות 1.5% שומן,Unknown,IL,משקה וניל עוגיות טרה,מיליליטרים,250.00,"100 מ""ל",false,,5.20,0.0208,true,1,62479
7290114311038,false,שמנת מתוקה עמידה 32% 250מל בקבוק,מילקו,IL,שמנת מתוקה 32% בבקבו,מיליליטרים,250.00,"100 מ""ל",false,,6.70,0.0268,true,1,62277
7290114311069,false,יוגורט לבן מועשר בחלבון 0% שומן 200 גרם muller active,מולר Muller,IL,מולר אקטיב בטעם טבעי,גרמים,200.00,100 גרם,false,,4.90,0.0245,true,1,61945
7290114311076,false,"חמאת מולר צהובה עם שום, 200 גרם",מולר Muller,IL,חמאה עם שום מולר 200,גרמים,200.00,100 גרם,false,,10.90,0.0545,true,1,62271
7290114311083,false,"חמאת מולר צהובה עם מלח, 200 גרם",מילקו,IL,חמאה עם מלח מולר 200,גרמים,200.00,100 גרם,false,,10.90,0.0545,true,1,62272
7290114311298,false,יוגורט קציפת תות בננה מלון 150 ג' מולר,מולר Muller,IL,מולר פרופ קציפת תות,מיליליטרים,150.00,"100 מ""ל",false,,4.80,0.0320,true,1,63029
7290114311304,false,יוגורט קציפת מנגו פסיפלורה בננה 150 ג' מולר,מולר Muller,IL,מולר פרופ קציפת מנגו,מיליליטרים,150.00,"100 מ""ל",false,,4.80,0.0320,true,1,63030
7290114311359,false,יוגורט עם קציפת מנגו 3% שומן פרופ 150 ג' מולר,מולר Muller,IL,מולר פרופ קציפת מנגו,מיליליטרים,150.00,"100 מ""ל",false,,4.80,0.0320,true,1,63031
7290114311434,false,"מולר אקטיב בטעם קרמל מלוח 0% שומן, 200 גרם",מולר Muller,IL,מולר אקטיב בטעם קרמל,גרמים,200.00,100 גרם,false,,5.50,0.0275,true,1,64356
7290114311441,false,"מולר אקטיב בטעם עוגיות חמאה 0% שומן, 200 גרם",מולר Muller,IL,מולר אקטיב בטעם עוגי,גרמים,200.00,100 גרם,false,,5.50,0.0275,true,1,64357
7290114311458,false,"חלב מועשר 3% וויטמין קרטון, 1 ל טרה",Unknown,IL,חלב מועשר 3% וויטמין,קילוגרמים,1.00,ליטר,false,,6.90,6.9000,true,1,63987
7290114311502,false,"משקה חלב בקבוק בטעם סחלב, 1 ליטר",מילקו תעשיות בעמ,IL,משקה חלב בטעם סחלב ט,קילוגרמים,1.00,ליטר,false,,10.90,10.9000,true,1,64405
7290114601221,false,אג'קס עם אקונומיקה ל,cp צרפת,FR,אג'קס עם אקונומיקה ל,מיליליטרים,0.00,"100 מ""ל",false,,26.90,0.0000,true,1,48600
7290114602150,false,משחת קולגייט טוטל קל,קולגייט פלמוליב,PL,משחת קולגייט טוטל קל,מיליליטרים,300.00,"100 מ""ל",false,,43.90,0.1463,true,1,51621
7290114602174,false,משחת קולגייט טוטל הל,קולגייט פלמוליב,PL,משחת קולגייט טוטל הל,מיליליטרים,300.00,"100 מ""ל",false,,43.90,0.1463,true,1,51622
7290114602211,false,משחת קולגייט סנסטיב,קולגייט פלמוליב,PL,משחת קולגייט סנסטיב,גרמים,225.00,100 גרם,false,,44.90,0.1996,true,1,52746
7290114603539,false,מאסטר שף קרוטונים למרק שום בצל 350ג,מאסטר שף,IL,קרוטונים למרק בצל שו,גרמים,350.00,100 גרם,false,,17.90,0.0511,true,1,54449
7290114604932,false,רוטב ברביקיו דבש מאסטר שף 520 ג',רמיה סי.וי. הולנד,NL,רוטב ברביקיו דבש מאס,גרמים,524.00,100 גרם,false,,12.90,0.0246,true,1,58550
7290114605342,false,פירסט סמייל רפידות הנקה גודל מדיום 110,צאנזו שאנג קאר פרודק,CN,רפידות הנקה פירסט סמ,Unknown,0.00,יחידה,false,,23.90,0.0000,true,1,58545
7290114606592,false,רוטב סויה מסורתית 46% פולי סויה מאסטר שף 620 ג',קריניציה ויטמינה אס,TH,רוטב סויה מאסטר שף 6,מיליליטרים,620.00,"100 מ""ל",false,,14.90,0.0240,true,1,61958
7290114607315,false,"מקס וויט מארז זוג 125 מ""ל",קולגייט פלמוליב,PL,משחת קולגייט מקס ווי,מיליליטרים,250.00,"100 מ""ל",false,,19.90,0.0796,true,1,56981
7290114608688,false,פירורי לחם מתובלים מ,מנה,IL,פירורי לחם מתובלים מ,גרמים,480.00,100 גרם,false,,11.90,0.0248,true,1,58549
7290114751902,false,תחבושות אלוויז לילה,פרוקטר & גמבל,DE,תחבושות אלוויז לילה,Unknown,0.00,יחידה,false,,29.90,0.0000,true,1,57923
7290115200676,false,עוגיות קרמוגית במילוי קרם בטעם קרמל מלוח,היינץ צפון אמריקה מק,IL,עוגיות קרמוגית במילו,גרמים,200.00,100 גרם,false,,9.90,0.0495,true,1,51928
7290115200713,false,מארז במבה קלאסי 5*50 ג' אסם,אסם,IL,מארז במבה 5*50 גרם,גרמים,250.00,100 גרם,false,,12.90,0.0516,true,1,51929
7290115201680,false,ביסלי בטעם ברביקיו 70 ג' אסם,"אסם השקעות בע""מ",IL,ביסלי ברביקיו 70 גרם,גרמים,70.00,100 גרם,false,,3.90,0.0557,true,1,55049
7290115201703,false,ביסלי בטעם ברביקיו 200 ג' אסם,מיוצר עי קונדיטוריית,IL,ביסלי ברביקיו 200 גר,גרמים,200.00,100 גרם,false,,6.50,0.0325,true,1,55359
7290115201727,false,ביסלי בטעם בצל 200 ג' אסם,מיוצר עי קונדיטוריית,IL,ביסלי בצל 200 גרם,גרמים,200.00,100 גרם,false,,6.50,0.0325,true,1,54616
7290115201741,false,ביסלי בטעם בצל אסם 7,"אסם השקעות בע""מ",IL,ביסלי בצל 70 גרם,גרמים,70.00,100 גרם,false,,3.90,0.0557,true,1,54390
7290115203134,false,פופקו פופקורן במבה - פופקורן בציפוי קרמל ובוטנים,"אסם השקעות בע""מ",IL,פופקו פופקורן קרמל,גרמים,80.00,100 גרם,false,,4.50,0.0563,true,1,57827
7290115203172,false,במבה PRO מכיל 18 גרם חלבון בשקית,"אסם השקעות בע""מ",IL,במבה פרו 80 גרם,גרמים,80.00,100 גרם,false,,3.90,0.0487,true,1,64039
7290115203806,false,"רוטב בסיס לבישול אסם 290 מ""ל","אסם השקעות בע""מ",IL,רוטב סויה לבישול אסם,גרמים,290.00,100 גרם,false,,10.90,0.0376,true,1,65151
7290115203882,false,פיטנס חטיף מולטיגריי,אסם,IL,חטיף פיטנס שום ופלפל,גרמים,25.00,100 גרם,false,,4.90,0.1960,true,1,57828
7290115204018,false,מנה חמה איטלקי פסטה בסגנון אלפרדו 60 ג' אסם,נסטלה,IL,מנה חמה פסטה בסגנון,גרמים,60.00,100 גרם,false,,4.90,0.0817,true,1,65073
7290115204056,false,אסם קטשופ מופחת סוכר 690 גר',קריות זול,IL,קטשופ לחיץ מופחת סוכ,גרמים,690.00,100 גרם,false,,8.90,0.0129,true,1,55748
7290115205176,false,פיטנס - קרקר דק כפרי פיטנס 140 גרם,נסטלה Nestle,IL,קרקר דק כפרי פיטנס 1,גרמים,140.00,100 גרם,false,,10.90,0.0779,true,1,61329
7290115205251,false,פיטנס בר פריכיות קרמל מלוח 84 גרם,כרמית,IL,פריכיות דגנים מצופות,גרמים,84.00,100 גרם,false,,11.90,0.1417,true,1,65129
7290115205312,false,קרקר פיטנס דק עם זיתי קלמטה ועשבי תיבול,"אסם השקעות בע""מ",IL,קרקר דק זיתי קלמטה פ,גרמים,140.00,100 גרם,false,,10.90,0.0779,true,1,62403
7290115205695,false,בצק מצונן לפיצה 460 גר' בונז'ור,נסטלה סוויס (שוויץ),IL,בצק פיצה מצונן בונז',גרמים,460.00,100 גרם,false,,16.90,0.0367,true,1,60806
7290115205718,false,אסם בונזור בצק מצונן עלים 230 גר',נסטלה סוויס (שוויץ),IL,בצק עלים מצונן בונז',גרמים,230.00,100 גרם,false,,11.90,0.0517,true,1,60807
7290115206173,false,אסם פתי בר קרמל 500 גר',Unknown,,פתיבר קרמל אסם 500 ג,גרמים,500.00,100 גרם,false,,8.90,0.0178,true,1,59651
7290115206531,false,אסם קרמוגית במילוי קרם בייגלה 12*200 גרם,אסם-נסטלה,IL,עוגיות במילוי קרם בי,גרמים,200.00,100 גרם,false,,9.90,0.0495,true,1,59067
7290115207682,false,"רוטב בסגנון סויה סיני 290 מ""ל",Unknown,,רוטב בסגנון סויה סינ,מיליליטרים,290.00,"100 מ""ל",false,,9.90,0.0341,true,1,65149
7290115207941,false,סירופ אננס 1 ל' ויטמינצ'יק,בית-השיטה עסיס תעשיו,IL,סירופ ויטמינצ'יק אננ,קילוגרמים,1.00,ליטר,false,,18.90,18.9000,true,1,60801
7290115207965,false,סירופ מנגו ואפרסק 1 ל' ויטמינצ'יק,בית-השיטה עסיס תעשיו,IL,סירופ ויטמינצ'יק מנג,קילוגרמים,1.00,ליטר,false,,18.90,18.9000,true,1,60802
7290115207989,false,סירופ לימון 1 ל' ויטמינצ'יק,בית-השיטה עסיס תעשיו,IL,סירופ ויטמינצ'יק לימ,קילוגרמים,1.00,ליטר,false,,18.90,18.9000,true,1,60803
7290115208047,false,סירופ פטל 1 ל' ויטמינצ'יק,בית-השיטה עסיס תעשיו,IL,סירופ ויטמינצ'יק פטל,קילוגרמים,1.00,ליטר,false,,18.90,18.9000,true,1,60804
7290115208061,false,סירופ תפוח 1ל' ויטמינצ'יק,בית השיטה עסיס תעשיו,IL,סירופ ויטמינצ'יק תפו,קילוגרמים,1.00,ליטר,false,,18.90,18.9000,true,1,60805
7290115208320,false,אפרופו חטיף בטעם ביסלי בצל 50 גרם,"אסם השקעות בע""מ",IL,אפרופו בטעם ביסלי בצ,גרמים,50.00,100 גרם,false,,4.50,0.0900,true,1,64921
7290115208344,false,בייגלה כפיות שמנת בצל 300ג אסם,אסם,IL,בייגלה כפיות בטעם שמ,גרמים,300.00,100 גרם,false,,9.90,0.0330,true,1,64041
7290115208597,false,אסם קרמוגית מיניס קרמל מלוח 200 גרם,"אסם השקעות בע""מ",IL,עוגיות קרמוגית מיניס,גרמים,200.00,100 גרם,false,,9.90,0.0495,true,1,63644
7290115208801,false,לחמית דבש ואגוזים 190ג אסם,Unknown,IL,לחמית דבש ואגוזים 19,גרמים,190.00,100 גרם,false,,8.90,0.0468,true,1,63848
7290115208849,false,"מנה חמה פסטה מוקרמת ט.עוף בד""צ 55גר",קריות זול,IL,מנה חמה פירה עם בטטה,גרמים,51.00,100 גרם,false,,4.90,0.0961,true,1,65074
7290115209136,false,"טבעול חטיפי עוף צימחי העדה החרדית 1ק""ג",טבעול ישראל,IL,חטיפים צמחוניים בטעם,פריט,1.20,"ק""ג",false,,39.90,33.2500,true,1,63520
7290115209198,false,במבה אורירית 80 ג' אסם,אסם השקעות בעמ,IL,במבה אוורירית 80 גרם,גרמים,80.00,100 גרם,false,,3.90,0.0487,true,1,63640
7290115209235,false,אסם פתי בר קפה 500 גרם,קריות זול,IL,פתיבר בטעם קפה אסם 5,גרמים,500.00,100 גרם,false,,8.90,0.0178,true,1,64811
7290115209358,false,במבה במילוי קרם בטעם בראוניז,"אסם השקעות בע""מ",IL,במבה במילוי קרם בטעם,גרמים,60.00,100 גרם,false,,4.50,0.0750,true,1,64810
7290115405088,false,קפולסקי קינוח אישי קדאיף 200 גר',קפולסקי אדל בעמ,IL,קינוח אישי קדאיף קפו,גרמים,250.00,100 גרם,false,,14.90,0.0596,true,1,50882
7290115405118,false,קפולסקי קינוח אישי תענוג תות 200 גר',קפולסקי אדל בעמ,IL,קינוח אישי תענוג תות,גרמים,240.00,100 גרם,false,,14.90,0.0621,true,1,50885
7290115405613,false,פחזניות וניל בטעם דב,קפולסקי אדל בעמ,IL,פחזניות וניל בטעם דב,גרמים,180.00,100 גרם,false,,9.90,0.0550,true,1,58137
7290115405774,false,פחזניות ממולאות בטעם וניל 180 גרם,תופינים מקבוצת קפולס,IL,פחזניות במילוי קרם ב,גרמים,180.00,100 גרם,false,,12.90,0.0717,true,1,62467
7290115405781,false,פחזניות ממולאות בטעם שוקולד 180 גר',תופינים מקבוצת קפולס,IL,פחזניות במילוי קרם ב,גרמים,180.00,100 גרם,false,,12.90,0.0717,true,1,62468
7290115405798,false,פחזניות ממולאות בטעם ריבת חלב 180 גרם,קפולסקי אדל בעמ,IL,פחזניות במילוי קרם ב,גרמים,180.00,100 גרם,false,,12.90,0.0717,true,1,62469
7290115405804,false,פחזניות ממולאות בטעם תות 180 גרם,קפולסקי אדל בעמ,IL,פחזניות במילוי קרם ב,גרמים,180.00,100 גרם,false,,12.90,0.0717,true,1,62470
7290115405811,false,קינוח אישי גבינה פרו,קפולסקי אדל בעמ,IL,קינוח אישי גבינה ופי,גרמים,200.00,100 גרם,false,,12.90,0.0645,true,1,62471
7290115405828,false,קינוח אישי גבינה אוכמניות 200 גרם,קפולסקי אדל בעמ,IL,קינוח אישי גבינה אוכ,גרמים,200.00,100 גרם,false,,12.90,0.0645,true,1,62472
7290115410068,false,סלט חציל במיונז 400 גר',סלטי היום,IL,חציל במיונז סלטי היו,גרמים,400.00,100 גרם,false,,10.90,0.0273,true,1,60254
7290115410150,false,כרוב אדום סלטי היום,סלטי היום,IL,כרוב אדום סלטי היום,גרמים,400.00,100 גרם,false,,10.90,0.0273,true,1,60427
7290115410341,false,"חומוס סלטי היום 1 ק""",סלטי היום,IL,"חומוס סלטי היום 1 ק""",פריט,1.00,"ק""ג",false,,13.90,13.9000,true,1,60262
7290115410594,false,המעדניה חציל תיאלנדי 250 גר',סלטי היום,IL,חציל תאילנדי המעדניה,גרמים,250.00,100 גרם,false,,9.90,0.0396,true,1,60248
7290115411928,false,סלט תפוחי אדמה 400 גר',סלטי היום,IL,"סלט תפו""א סלטי היום",גרמים,400.00,100 גרם,false,,10.90,0.0273,true,1,60520
7290115415018,false,חומוס עכו סלטי היום,סלטי היום,IL,חומוס עכו סלטי היום,פריט,3.00,"ק""ג",false,,31.90,10.6333,true,1,61658
7290115415612,false,חומוס עם מסבחה פיקנט,סלטי היום,IL,חומוס עם מסבחה פיקנט,גרמים,400.00,100 גרם,false,,11.90,0.0298,true,1,61660
7290115415629,false,חומוס אבו גוש סלטי ה,סלטי היום,IL,חומוס אבו גוש סלטי ה,גרמים,400.00,100 גרם,false,,11.90,0.0298,true,1,61661
7290115642414,false,ערכת שמן נוזלי הנרות,,,ערכת שמן נוזלי הנרות,Unknown,0.00,יחידה,false,,34.90,0.0000,true,1,65157
7290115671223,false,מסטיק מאסט פאן בצנצנת אבטיח מנגו,אסקום קונפקשיין,DE,מסטיק מאסט צנצנת בטע,גרמים,58.00,100 גרם,false,,8.90,0.1534,true,1,60361
7290115671308,false,מסטיק מאסט פאן בצנצנת תות דובדבן,אסקום קונפשטיין,DE,מסטיק מאסט צנצנת בטע,גרמים,58.00,100 גרם,false,,8.90,0.1534,true,1,60363
7290115671346,false,מיני פינוקיות טופי קרמל מלוח 180 ג' עלית,הגביע מוצרי ופלים בע,IL,עוגיות מיני פינוקיות,גרמים,188.00,100 גרם,false,,9.90,0.0527,true,1,59074
7290115671421,false,פולי אספרסו עשירים וארומטיים עוצמה 10 250 ג' עלית,שטראוס קפה בי.וי,IL,פולי קפה ארומטיים בק,גרמים,250.00,100 גרם,false,,19.90,0.0796,true,1,64605
7290115675986,false,יוגורט עם אגוזי לוז ושקדים בקרמל מלוח 4.5%,"שטראוס בריאות בע""מ",IL,דנונה בר עם אגוזים מ,גרמים,173.00,100 גרם,false,,4.30,0.0249,true,1,54782
7290115676037,false,דנונה ריפרש יוגורט עם תות ודומדמניות 1.6% שומן,מיוצר עי קונדיטוריית,IL,משקה דנונה ריפרש תות,גרמים,250.00,100 גרם,false,,5.50,0.0220,true,1,57527
7290115677089,false,קונפיטורה תפוח וקינמון יד מרדכי 340 ג',"ב.א מזון בע""מ",IL,קונפיטורה תפוח וקינמ,גרמים,340.00,100 גרם,false,,12.90,0.0379,true,1,58328
7290115678222,false,מארז 8 גביעים יוגורט Greek בסגנון יווני 6.5% שומן,דנונה - שטראוס,IL,מארז יוגורט דנונה יו,גרמים,0.00,100 גרם,false,,23.90,0.0000,true,1,57783
7290115678376,false,מעדן הגולן שוקולד 125 גרם,מיוצר עי קונדיטוריית,IL,מעדן הגולן שוקולד 12,מיליליטרים,125.00,"100 מ""ל",false,,2.80,0.0224,true,1,58348
7290115678383,false,מעדן הגולן שוקולד מריר 125 גר,מיוצר עי קונדיטוריית,IL,מעדן הגולן שוקולד מר,מיליליטרים,125.00,"100 מ""ל",false,,2.80,0.0224,true,1,58349
7290115720280,false,מארז סוכריות בטעמי פירות בריקס 18 יחי',גרוסליין,CN,סוכריות לגו בריקס 18,גרמים,216.00,100 גרם,false,,18.90,0.0875,true,1,57289
7290115720358,false,סוכריות גואל פופ מארז 18 יחי',גרוסליין,CN,סוכריות טבעת ג'ואל פ,גרמים,225.00,100 גרם,false,,18.90,0.0840,true,1,57290
7290115720464,false,סוכריות מוצץ גרוסליי 16*18גר,גרוסליין,BE,סוכריות מוצץ גרוסליי,גרמים,105.00,100 גרם,false,,18.90,0.1800,true,1,57812
7290115720471,false,סוכריות משרוקית מארז 18 יחי,גרוסליין,BE,סוכריות משרוקית גרוס,גרמים,170.00,100 גרם,false,,18.90,0.1112,true,1,57813
7290115720488,false,סוכריות ליפסטיק מארז 18 יחי',גרוסליין,BE,סוכריות ליפסטיק גרוס,גרמים,170.00,100 גרם,false,,18.90,0.1112,true,1,57814
7290115720648,false,סוכריות סביבון ג'ואל,גואנדונג באישנג פודס,CN,סוכריות סביבון ג'ואל,גרמים,125.00,100 גרם,false,,11.90,0.0952,true,1,65089
7290115720709,false,גואל פופ מארז טויסט 18 יח',גרוסליין,CN,סוכריות טבעת גרוסליי,גרמים,216.00,100 גרם,false,,18.90,0.0875,true,1,62912
7290115720778,false,דיפ אנד ליק סוכריות דובי על מקל 15 יח',גרוסליין,CN,סוכריות דיפ אנד ליק,גרמים,216.00,100 גרם,false,,18.90,0.0875,true,1,62913
7290115720891,false,סוכריות בטעמי פירות פאזל 18 יח',גרוסליין,CN,סוכריות פאזל מספרים,גרמים,216.00,100 גרם,false,,18.90,0.0875,true,1,64260
7290115720969,false,סוכריות בטעמי פירות טטריס 18 יח',גרוסליין,CN,סוכריות בלוקס בטעמי,גרמים,216.00,100 גרם,false,,18.90,0.0875,true,1,64261
7290115721027,false,מארז סוכריות סביבון 12 גרם*10 יח',גואנדונג באישנג פודס,CN,סוכריות סביבון קפיץ,גרמים,120.00,100 גרם,false,,11.90,0.0992,true,1,65090
7290116531021,false,שוקולד חלב ורד הגליל,יוניליוור ישראל מזון,IL,שוקולד ורד הגליל חלב,גרמים,100.00,100 גרם,false,,4.90,0.0490,true,1,62408
7290116850382,false,ניילון לכיסוי מזון א,,,ניילון לכיסוי מזון א,Unknown,0.00,יחידה,false,,14.90,0.0000,true,1,58896
7290116851716,false,מארז 6 כריות קרצוף ש,,,מארז 6 כריות קרצוף ש,Unknown,0.00,יחידה,false,,14.90,0.0000,true,1,61789
7290116853505,false,כדוריות סבון אסלה בנ,TOMIL S.R.O,CZ,כדוריות סבון אסלה בנ,גרמים,105.00,100 גרם,false,,14.90,0.1419,true,1,65036
7290116853512,false,כדוריות סבון אסלה בנ,TOMIL S.R.O,CZ,כדוריות סבון אסלה בנ,גרמים,105.00,100 גרם,false,,14.90,0.1419,true,1,65037
7290116853529,false,כדוריות סבון אסלה בנ,TOMIL S.R.O,CZ,כדוריות סבון אסלה בנ,גרמים,105.00,100 גרם,false,,14.90,0.1419,true,1,65038
7290116853536,false,כדוריות סבון אסלה בנ,TOMIL S.R.O,CZ,כדוריות סבון אסלה בנ,גרמים,105.00,100 גרם,false,,14.90,0.1419,true,1,65039
7290116853574,false,מסננת גבוהה,,,מסננת גבוהה,Unknown,0.00,יחידה,false,,34.90,0.0000,true,1,65259
7290116853598,false,מסננת יוקרתית ביפנס,,,מסננת יוקרתית ביפנס,Unknown,0.00,יחידה,false,,49.90,0.0000,true,1,65260
7290116853635,false,מארז 6 כריות קרצוף ע,,,מארז 6 כריות קרצוף ע,Unknown,0.00,יחידה,false,,19.90,0.0000,true,1,64046
7290116930459,false,"משקה SHAKE בננה אננס וקוקוס 230 מ""ל יופלה",יופלה Yoplait,IL,יופלה שייק בננה אננס,מיליליטרים,230.00,"100 מ""ל",false,,7.90,0.0343,true,1,62929
7290116930466,false,"משקה SHAKE בננה מנגן פסיפלורה והל 230 מ""ל יופלה",יופלה Yoplait,IL,יופלה שייק מנגו בננה,מיליליטרים,230.00,"100 מ""ל",false,,7.90,0.0343,true,1,62930
7290116930701,false,מעדן חלב GO מועשר בחלבון בטעם קרמל מלוח,תנובה מרכז שיתופי לש,IL,מעדן חלב גו 12 מועשר,גרמים,120.00,100 גרם,false,,4.50,0.0375,true,1,62922
7290116931012,false,יופלה דיאט 0% שומן תפוח וקינמון 150 גרם,תנובה מרכז שיתופי לש,IL,יופלה דיאט 0% עם תפו,גרמים,150.00,100 גרם,false,,4.70,0.0313,true,1,65031
7290116931159,false,יופלה דיאט 0% שומן תות בננה 150 גרם,תנובה מרכז שיתופי לש,IL,יופלה דיאט 0% תות בנ,גרמים,150.00,100 גרם,false,,4.70,0.0313,true,1,65032
7290116931463,false,מאגדת צפתית 200 גרם*2 יח',תנובה,IL,מארז גבינה צפתית 5%,גרמים,400.00,100 גרם,false,,19.90,0.0497,true,1,65034
7290116931517,false,מאגדת גבינה לבנה 5% 250 גרם*3 יח',תנובה,IL,מארז גבינה 5% תנובה,גרמים,750.00,100 גרם,false,,11.90,0.0159,true,1,65590
7290117260401,false,גבינת מוצרלה מגורדת 25% שומן 500 ג' יורו,MEVGAL,TR,גבינת מוצרלה מגורדת,גרמים,500.00,100 גרם,false,,19.90,0.0398,true,1,59434
7290117260623,false,קרמבו וניל בציפוי שוקולד חלב 300 ג' תן בו,אלויראסמינדר,DK,תן בו בטעם וניל בציפ,גרמים,300.00,100 גרם,false,,19.90,0.0663,true,1,60196
7290117260814,false,תן בו וניל בציפוי שוקולד מריר ושבבי קוקוס 12 יח',אלויראסמינדר,DK,תן בו בטעם וניל בציפ,גרמים,300.00,100 גרם,false,,19.90,0.0663,true,1,60198
7290117261354,false,גבינת ריקוטה 200ג5%שומן,באלבן גידה סנאי,TR,גבינת ריקוטה 5% יורו,גרמים,200.00,100 גרם,false,,9.90,0.0495,true,1,64857
7290117261521,false,סלמון אטלנטי בשמן קנולה 120 גרם,קריות זול,LV,סלמון אטלנטי בשמן קנ,גרמים,120.00,100 גרם,false,,9.90,0.0825,true,1,63748
7290117261538,false,סלמון אטלנטי בשמן קנולה וצ'ילי 120 גרם,קריות זול,LV,סלמון אטלנטי בשמן קנ,גרמים,120.00,100 גרם,false,,9.90,0.0825,true,1,63749
7290117261545,false,סלמון אטלנטי ברוטב טריאקי 120 גרם,קריות זול,LV,סלמון אטלנטי ברוטב ט,גרמים,120.00,100 גרם,false,,9.90,0.0825,true,1,63751
7290117261569,false,סלמון אטלנטי מעושן בשמן קנולה 120 גרם,קריות זול,LV,סלמון אטלנטי מעושן ב,גרמים,120.00,100 גרם,false,,9.90,0.0825,true,1,63750
7290117262221,false,"משקה יוגורט פרוביוטי עם אננס 200מ""ל 2.3%שומן יורו",Euro יורו מחלבות אירופה,TR,משקה יוגורט אננס יור,מיליליטרים,200.00,"100 מ""ל",false,,4.90,0.0245,true,1,63433
7290117262238,false,"משקה יוגורט פרוביוטי עם תות שדה 200מ""ל 2.3%שומן יורו",Euro יורו מחלבות אירופה,TR,משקה יוגורט תות שדה,מיליליטרים,200.00,"100 מ""ל",false,,4.90,0.0245,true,1,63431
7290117262245,false,"משקה יוגורט פרוביוטי עם אפרסק ומשמש 200מ""ל 2.3%שומן יורו",Euro יורו מחלבות אירופה,TR,משקה יוגורט אפרסק ומ,מיליליטרים,200.00,"100 מ""ל",false,,4.90,0.0245,true,1,63432
7290117262290,false,פרלינים אגוזים במילוי פצפוצי דגנים פריכים מצופים שוקולד חלב 50 גרם,מודרן צוקולטה,TR,פרלינים אגוזים פצפוצ,גרמים,50.00,100 גרם,false,,1.90,0.0380,true,1,64594
7290117262306,false,"קורנפלקס מצופה שוקולד חלב ד, 50 גרם",מודרן צוקולטה,TR,קורנפלקס מצופה שוקול,גרמים,50.00,100 גרם,false,,4.50,0.0900,true,1,64595
7290117262313,false,פצפוצי דגנים פריכים מצופים שוקולד חלב 50 גרם,מודרן צוקולטה,TR,פצפוצי דגנים בשוקולד,גרמים,50.00,100 גרם,false,,4.50,0.0900,true,1,64596
7290117262320,false,"ביסקוויט מצופה שוקולד חלב, 40 גרם",מודרן צוקולטה,TR,ביסקוויט מצופה שוקול,גרמים,40.00,100 גרם,false,,4.50,0.1125,true,1,64597
7290117263006,false,צהובה מגורדת ויליפוד,וילי פוד,IL,צהובה מגורדת ויליפוד,פריט,1.20,"ק""ג",false,,39.90,33.2500,true,1,63967
7290117383155,false,משחת קולגייט טוטאל י,קולגייט פלמוליב,PL,משחת קולגייט טוטאל י,מיליליטרים,150.00,"100 מ""ל",false,,29.90,0.1993,true,1,63655
7290117383728,false,"מארז זוג תחליב רחצה לומינוס  אבוקדו 750 מ""ל פלמוליב",קולגייט פלמוליב,TR,ג'ל פלמוליב לומינס א,קילוגרמים,1.50,ליטר,false,,29.90,19.9333,true,1,64431
7290117383735,false,"מארז זוג תחליב רחצה חימר ורדים *750 מ""ל פלמוליב",קולגייט פלמוליב,TR,ג'ל פלמוליב חימר ורד,קילוגרמים,1.50,ליטר,false,,29.90,19.9333,true,1,64432
7290117383742,false,"מארז זוג ג'ל רחצה לגבר 750 מ""ל פלמוליב",קולגייט פלמוליב,TR,ג'ל פלמוליב לגבר 2*7,קילוגרמים,1.50,ליטר,false,,29.90,19.9333,true,1,64433
7290117761250,false,כפיות איכותיות זהב מ,ווינפאק סחר בעמ,TR,כפיות איכותיות זהב מ,Unknown,0.00,יחידה,false,,17.90,0.0000,true,1,62525
7290117902646,false,פקאן בציפוי קרמל 130,,IL,פקאן בציפוי קרמל 130,גרמים,130.00,100 גרם,false,,16.90,0.1300,true,1,64646
7290117902653,false,פקאן בציפוי שברי עוג,,IL,פקאן בציפוי שברי עוג,גרמים,130.00,100 גרם,false,,16.90,0.1300,true,1,64647
7290117902714,false,פקאן בציפוי שברי ביי,,IL,פקאן בציפוי שברי ביי,גרמים,130.00,100 גרם,false,,16.90,0.1300,true,1,64653
7290117922149,false,מצית יוקרתי מתכוונן,,,מצית יוקרתי מתכוונן,Unknown,0.00,יחידה,false,,14.90,0.0000,true,1,65463
7290118420477,false,בייגלה שטוחים בטעם ביסלי בצל 300ג' אסם,אסם,IL,בייגלה שטוחים בטעם ב,גרמים,300.00,100 גרם,false,,9.90,0.0330,true,1,64920
7290118420514,false,אינסטנט פודינג נוגט 75ג' אסם,"אסם השקעות בע""מ",IL,פודינג אינסטנט בטעם,גרמים,75.00,100 גרם,false,,4.90,0.0653,true,1,64922
7290119030040,false,פחזניות במילוי קרם ב,קפולסקי אדל בעמ,IL,פחזניות במילוי קרם ב,גרמים,280.00,100 גרם,false,,18.90,0.0675,true,1,65609
7290900010282,false,אורז בסמטי אינדירה 1,Emsons Exim PVT LTD,IN,אורז בסמטי אינדירה 1,פריט,1.40,"ק""ג",false,,11.90,8.5000,true,1,26126
7290900010367,false,טורטייה שמינייה משקל נקי 360 ג' Avel,Turka Invest,PL,טורטיות דורומי 36*45,פריט,1.62,"ק""ג",false,,19.90,12.2840,true,1,22566
7290900010435,false,תערובת לכדורי שוקולד,א.ל. ייצור ושיווק תב,IL,תערובת לכדורי שוקולד,גרמים,400.00,100 גרם,false,,11.90,0.0298,true,1,22726
7290900010442,false,תערובת לעוגת בראוניז,א.ל. ייצור ושיווק תב,IL,תערובת לעוגת בראוניז,גרמים,500.00,100 גרם,false,,11.90,0.0238,true,1,22727
7290900010459,false,תערובת לעוגת וניל בו,א.ל. ייצור ושיווק תב,IL,תערובת לעוגת וניל בו,גרמים,500.00,100 גרם,false,,11.90,0.0238,true,1,22728
7290900010466,false,תערובת לעוגת שוקולד,א.ל. ייצור ושיווק תב,IL,תערובת לעוגת שוקולד,גרמים,500.00,100 גרם,false,,11.90,0.0238,true,1,22729
7290900010480,false,תערובת לפנקייק בון ב,א.ל. ייצור ושיווק תב,IL,תערובת לפנקייק בון ב,גרמים,400.00,100 גרם,false,,11.90,0.0298,true,1,22731
7290900011838,false,זית שחור אוליבסי 1.,Yatagan Zeytincilik,TR,זית שחור אוליבסי 1.,פריט,1.74,"ק""ג",false,,29.90,17.1839,true,1,26320
7296073134732,true,כסא ים מתקפל ירוק נק,,,כסא ים מתקפל ירוק נק,Unknown,0.00,יחידה,false,,19.90,0.0000,true,1,17854
7296146007796,false,זוג כוסיות המשושים ע,,,זוג כוסיות המשושים ע,Unknown,0.00,יחידה,false,,4.90,0.0000,true,1,3639
7296146007819,false,פתילייט -מילוי לצינו,,,פתילייט -מילוי לצינו,Unknown,0.00,יחידה,false,,1.90,0.0000,true,1,2516
7296146077775,false,פתילונים משושים,,,פתילונים משושים,Unknown,0.00,יחידה,false,,2.90,0.0000,true,1,2517
7296146077867,false,צינולייט -צינוריות+,,,צינולייט -צינוריות+,Unknown,0.00,יחידה,false,,5.90,0.0000,true,1,3636
7297070000259,true,גרביון ילדות מיקרו פ,,,גרביון ילדות מיקרו פ,Unknown,0.00,יחידה,false,,16.90,0.0000,true,1,2533
7297070000631,true,3X תחתוני נשים ססילי,,,3X תחתוני נשים ססילי,Unknown,0.00,יחידה,false,,11.50,0.0000,true,1,2544
7297110069468,true,סכך רפיה 2.1X2.6,,,סכך רפיה 2.1X2.6,Unknown,0.00,יחידה,false,,169.90,0.0000,true,1,10024
7297110069475,true,סכך רפיה 2.1X3.1,,,סכך רפיה 2.1X3.1,Unknown,0.00,יחידה,false,,199.90,0.0000,true,1,10025
7297174000070,true,ירכון לייקרה לנשים ל,,,ירכון לייקרה לנשים ל,Unknown,0.00,יחידה,false,,9.50,0.0000,true,1,3012
7297174000742,true,רויאלטי-גרב ירך טקטל,,,רויאלטי-גרב ירך טקטל,Unknown,0.00,יחידה,false,,13.90,0.0000,true,1,2562
7297174000872,true,גרבי נשים אליאנה,,,גרבי נשים אליאנה,Unknown,0.00,יחידה,false,,7.20,0.0000,true,1,3015
7297395000026,false,בדי בדיקה טהרה 3*20,חן המעין בעמ,IL,בדי בדיקה טהרה 3*20,Unknown,0.00,יחידה,false,,13.50,0.0000,true,1,2566
7297570000322,true,חולצות יוקרה פנומן,,,חולצות יוקרה פנומן,Unknown,0.00,יחידה,false,,69.90,0.0000,true,1,32399
7297570000339,true,חולצות יוקרה פנומן,,,חולצות יוקרה פנומן,Unknown,0.00,יחידה,false,,69.90,0.0000,true,1,32400
7297570000346,true,חולצות יוקרה פנומן,,,חולצות יוקרה פנומן,Unknown,0.00,יחידה,false,,69.90,0.0000,true,1,32401
7297570000414,true,חולצות יוקרה פנומן,,,חולצות יוקרה פנומן,Unknown,0.00,יחידה,false,,69.90,0.0000,true,1,32402
7297570000438,true,חולצות יוקרה פנומן,,,חולצות יוקרה פנומן,Unknown,0.00,יחידה,false,,69.90,0.0000,true,1,32403
7297570027299,true,חולצות יוקרה פנומן,,,חולצות יוקרה פנומן,Unknown,0.00,יחידה,false,,69.90,0.0000,true,1,32294
7297570027305,true,חולצות יוקרה פנומן,,,חולצות יוקרה פנומן,Unknown,0.00,יחידה,false,,69.90,0.0000,true,1,32293
7297570027312,true,חולצות יוקרה פנומן,,,חולצות יוקרה פנומן,Unknown,0.00,יחידה,false,,69.90,0.0000,true,1,32292
7297570027329,true,חולצות יוקרה פנומן,,,חולצות יוקרה פנומן,Unknown,0.00,יחידה,false,,69.90,0.0000,true,1,32291
7297570027336,true,חולצות יוקרה פנומן,,,חולצות יוקרה פנומן,Unknown,0.00,יחידה,false,,69.90,0.0000,true,1,32290
7297570027343,true,חולצות יוקרה פנומן,,,חולצות יוקרה פנומן,Unknown,0.00,יחידה,false,,69.90,0.0000,true,1,32289
7297570027350,true,חולצות יוקרה פנומן,,,חולצות יוקרה פנומן,Unknown,0.00,יחידה,false,,69.90,0.0000,true,1,32288
7297570027367,true,חולצות יוקרה פנומן,,,חולצות יוקרה פנומן,Unknown,0.00,יחידה,false,,69.90,0.0000,true,1,32287
7297570027374,true,חולצות יוקרה פנומן,,,חולצות יוקרה פנומן,Unknown,0.00,יחידה,false,,69.90,0.0000,true,1,32286
7297570027381,true,חולצות יוקרה פנומן,,,חולצות יוקרה פנומן,Unknown,0.00,יחידה,false,,69.90,0.0000,true,1,32285
7297570027398,true,חולצות יוקרה פנומן,,,חולצות יוקרה פנומן,Unknown,0.00,יחידה,false,,69.90,0.0000,true,1,32284
7297570027404,true,חולצות יוקרה פנומן,,,חולצות יוקרה פנומן,Unknown,0.00,יחידה,false,,69.90,0.0000,true,1,32283
7297570027411,true,חולצות יוקרה פנומן,,,חולצות יוקרה פנומן,Unknown,0.00,יחידה,false,,69.90,0.0000,true,1,32273
7297570027428,true,חולצות יוקרה פנומן,,,חולצות יוקרה פנומן,Unknown,0.00,יחידה,false,,69.90,0.0000,true,1,32274
7297570027435,true,חולצות יוקרה פנומן,,,חולצות יוקרה פנומן,Unknown,0.00,יחידה,false,,69.90,0.0000,true,1,32275
7297570027442,true,חולצות יוקרה פנומן,,,חולצות יוקרה פנומן,Unknown,0.00,יחידה,false,,69.90,0.0000,true,1,32276
7297570027459,true,חולצות יוקרה פנומן,,,חולצות יוקרה פנומן,Unknown,0.00,יחידה,false,,69.90,0.0000,true,1,32277
7297570027466,true,חולצות יוקרה פנומן,,,חולצות יוקרה פנומן,Unknown,0.00,יחידה,false,,69.90,0.0000,true,1,32278
7297570027473,true,חולצות יוקרה פנומן,,,חולצות יוקרה פנומן,Unknown,0.00,יחידה,false,,69.90,0.0000,true,1,32279
7297570027480,true,חולצות יוקרה פנומן,,,חולצות יוקרה פנומן,Unknown,0.00,יחידה,false,,69.90,0.0000,true,1,32280
7297570027497,true,חולצות יוקרה פנומן,,,חולצות יוקרה פנומן,Unknown,0.00,יחידה,false,,69.90,0.0000,true,1,32281
7297570027503,true,חולצות יוקרה פנומן,,,חולצות יוקרה פנומן,Unknown,0.00,יחידה,false,,69.90,0.0000,true,1,32282
7297570027510,true,חולצות יוקרה פנומן,,,חולצות יוקרה פנומן,Unknown,0.00,יחידה,false,,69.90,0.0000,true,1,32398
7297570028319,true,חולצות יוקרה פנומן,,,חולצות יוקרה פנומן,Unknown,0.00,יחידה,false,,69.90,0.0000,true,1,32271
7297570028326,true,חולצות יוקרה פנומן,,,חולצות יוקרה פנומן,Unknown,0.00,יחידה,false,,69.90,0.0000,true,1,32272
7297579011312,false,מגבת פנים מדאם,,,מגבת פנים מדאם,Unknown,0.00,יחידה,false,,9.90,0.0000,true,1,65060
7297579011329,false,מגבת גוף מדאם,,,מגבת גוף מדאם,Unknown,0.00,יחידה,false,,19.90,0.0000,true,1,65061
7298171027664,true,תיק ים פסים,,,תיק ים פסים,Unknown,0.00,יחידה,false,,19.90,0.0000,true,1,9363
7350041950141,false,ליקר שרי הרינג 1 ליט,פיטר הרינג,DK,ליקר שרי הרינג 1 ליט,קילוגרמים,1.00,ליטר,false,,99.90,99.9000,true,1,49269
7500443003338,false,בונבוניירה בון בון קלאסי 270גרם,ארקור,AR,בונבוניירה בון בון צ,גרמים,270.00,100 גרם,false,,15.90,0.0589,true,1,36291
7501013122039,false,ג'ומקס מיץ מנגו קרטונית ליטר תריסר,חומקס קומר קומרסאליז,MX,נקטר ג'ומקס בטעם מנג,קילוגרמים,1.00,ליטר,false,,9.90,9.9000,true,1,60016
7501013122053,false,ג'ומקס מיץ אפרסק קרטונית ליטר תריסר,חומקס קומר קומרסאליז,MX,נקטר ג'ומקס בטעם אפר,קילוגרמים,1.00,ליטר,false,,9.90,9.9000,true,1,60019
7501013122114,false,"נקטר משקה אננס בקרטונית ג'ומקס, 1 ל'",חומקס קומר קומרסאליז,MX,נקטר ג'ומקס בטעם אננ,קילוגרמים,1.00,ליטר,false,,9.90,9.9000,true,1,60020
7501013122190,false,ג'ומקס מיץ תפוחים קרטונית ליטר תריסר,חומקס קומר קומרסאליז,MX,נקטר ג'ומקס בטעם תפו,קילוגרמים,1.00,ליטר,false,,9.90,9.9000,true,1,60024
7501013122992,false,ג'ומקס מיץ קוקוס אננס קרטונית ליטר תריסר,חומקס קומר קומרסאליז,MX,נקטר ג'ומקס בטעם קוק,קילוגרמים,1.00,ליטר,false,,9.90,9.9000,true,1,60017
7501064191398,false,שישיית בירה קורונה אקסטרא *355 מל,קריניציה ויטמינה אס,MX,מארז בירה קורונה 4.5,קילוגרמים,2.13,ליטר,false,,39.90,18.7324,true,1,45689
7509546061665,false,דאודורנט סטיק ג'ל לגבר 24/7 אקסטרים אינטנס,קולגייט פלמוליב,US,דאו ספיד סטיק אקסטרי,גרמים,85.00,100 גרם,false,,18.90,0.2224,true,1,63812
7509546061672,false,דאודורנט סטיק אקסטרים אינטנס,קולגייט פלמוליב,BY,דאו ספיד סטיק אקסטרי,גרמים,50.00,100 גרם,false,,18.90,0.3780,true,1,63813
7509546063515,false,ליידי ספיד סטיק -סטיק פרו 5 ספריי 150 מל,קולגייט פלמוליב,BY,דאו ספריי ליידי ספיד,מיליליטרים,150.00,"100 מ""ל",false,,13.90,0.0927,true,1,63814
7509546666846,false,"קולגייט טוטאל משחת שיניים פחם 75 מ""ל",קולגייט פלמוליב,MX,משחת קולגייט טוטל פח,מיליליטרים,75.00,"100 מ""ל",false,,19.90,0.2653,true,1,57047
7610008056874,false,שוקולד רגוסה חלב פרל,שוקולה קמיל בלוך,CH,שוקולד רגוסה חלב פרל,גרמים,100.00,100 גרם,false,,13.90,0.1390,true,1,52317
7610008056959,false,שוקולד רגוסה פרווה פ,שוקולה קמיל בלוך,CH,שוקולד רגוסה פרווה פ,גרמים,100.00,100 גרם,false,,13.90,0.1390,true,1,52318
7610100034084,false,מיונז טומי בשפורפרת,נסטלה שוויץ ס.א,US,מיונז בשפורפרת טומי,גרמים,265.00,100 גרם,false,,9.90,0.0374,true,1,26329
7610113011652,false,"בקרדי בריזר תפוח 275 מ""ל בקבוק",בקרדי בריזר Bacardi Breezer,BE,בקרדי בריזר תפוח 275,מיליליטרים,275.00,"100 מ""ל",false,,12.90,0.0469,true,1,52329
7613030979647,false,דגני בוקר טריקס פירות עולם היורה 480 ג',ג'נרל מילס סאן אדריא,IL,דגני בוקר טריקס 480,גרמים,480.00,100 גרם,false,,19.90,0.0415,true,1,35344
7613035548374,false,דגני בוקר גולדן מיניס מחיטה מלאה ותירס,נסטלה צרפת איטנקורט,FR,דגני בוקר גולדן מיני,גרמים,570.00,100 גרם,false,,19.90,0.0349,true,1,48895
7613036880534,false,גרבר מחית ירקות מעורבים מטרנה 190 גר',נסטלה פולסקה אס.איי,PL,מחית מרק ירקות מעורב,גרמים,190.00,100 גרם,false,,5.50,0.0289,true,1,48603
7613037204797,false,סטארבקס - פולי קפה בלונד אספרסו 450 גרם,Unknown,IL,פולי קפה סטארבקס בלו,גרמים,450.00,100 גרם,false,,39.90,0.0887,true,1,56995
7613037204889,false,סטארבקס - פולי קפה אספרסו 450 גרם,Unknown,IL,פולי קפה סטארבקס אספ,גרמים,450.00,100 גרם,false,,39.90,0.0887,true,1,56996
7613037686906,false,פיטנס - דגני בוקר שקדים ודבש 355 גרם,נסטלה צרפת איטנקורט,FR,דגני בוקר פיטנס שקדי,גרמים,355.00,100 גרם,false,,19.90,0.0561,true,1,48539
7613038268262,false,דגני בוקר צ'יריוס דבש ושקדים במתיקות מעודנת,נסטלה פולין דגני בוק,FR,דגני בוקר האני נאט צ,גרמים,410.00,100 גרם,false,,19.90,0.0485,true,1,48891
7613038451954,false,דגני בוקר שוקולד מופחת סוכר 410 ג' קראנץ',סי. פי. צרפת,FR,דגני בוקר קראנצ שוקו,גרמים,410.00,100 גרם,false,,19.90,0.0485,true,1,48892
7613039879382,false,גרבר - מחית תפוחי עץ 190 גרם,מטרנה,PL,"מחית תפו""ע גרבר 190",גרמים,190.00,100 גרם,false,,5.50,0.0289,true,1,55819
7613039880807,false,גרבר מחית תפוח גזר 190 גר',נסטלה פולסקה אס.איי,PL,מחית גזר תפוח גרבר 1,גרמים,190.00,100 גרם,false,,5.50,0.0289,true,1,55815
7613287008497,false,סטארבקס - פולי קפה פייק פלייס 450 גרם,Unknown,IL,פולי קפה סטארבקס פיי,גרמים,450.00,100 גרם,false,,39.90,0.0887,true,1,56997
7613287302373,false,קפסולות סטארבקס איטלאן סטייל רוסט 57*10גר',נסטלה שוויץ - קפה,IL,קפסולות סטארבקס איטל,גרמים,56.00,100 גרם,false,,21.50,0.3839,true,1,55865
7613287325808,false,אוסם - דיפ אנד ספרד מטבל איולי שום 295 גרם,נסטלה פולין,PL,רוטב איולי שום לחיץ,גרמים,295.00,100 גרם,false,,14.90,0.0505,true,1,65278
7613287325822,false,אוסם - דיפ אנד ספרד מטבל מיקס 295 גרם,אסם,PL,רוטב מיקס בטעם קטשופ,גרמים,295.00,100 גרם,false,,14.90,0.0505,true,1,65279
7613287325853,false,אוסם - דיפ אנד ספרד מטבל איולי ספייסי 295 גרם,נסטלה פולין,PL,רוטב ספייסי איולי לח,גרמים,295.00,100 גרם,false,,14.90,0.0505,true,1,65280
7613287394323,false,אסם מולטי צ'יריוס 14*600 גרם 2021,פרומבראפ - אנגליה,GB,דגני בוקר מולטי צירי,גרמים,600.00,100 גרם,false,,19.90,0.0332,true,1,57830
7613287476678,false,דגני בוקר סינימיניס צ'ורוס נסטלה 360 ג',נסטלה אוונקה,PT,דגני בוקר סינימיניס,גרמים,360.00,100 גרם,false,,19.90,0.0553,true,1,60406
7613287855640,false,סטארבקס קפסולות גוואטמלה 52ג אסם,נסטלה שוויץ - קפה,IL,קפסולות סטארבקס גווא,גרמים,52.00,100 גרם,false,,21.50,0.4135,true,1,64040
7614100548206,false,כהיל דובדבנים קירש ב,לטלטין,,כהיל דובדבנים קירש ב,מיליליטרים,500.00,"100 מ""ל",false,,99.90,0.1998,true,1,44630
7622201139278,false,גבינת שמנת 27% שומן 150 ג' פילדלפיה,מיודלז אספניה פרודוק,ES,גבינת שמנת 27% פילדל,גרמים,150.00,100 גרם,false,,13.90,0.0927,true,1,50045
7622201521493,false,גבינת שמנת עם שום ועשבי תיבול 12% שומן,מיודלז אספניה פרודוק,ES,גבינת שמנת 12% פילדל,גרמים,150.00,100 גרם,false,,7.90,0.0527,true,1,62959
7622201798154,false,גבינת שמנת לייט מופחתת שומן 13% שומן,מיודלז אספניה פרודוק,ES,גבינת שמנת לייט 13%,גרמים,150.00,100 גרם,false,,13.90,0.0927,true,1,59990
7622201808631,false,מיני עוגיות אוראו במילוי קרם בטעם וניל,פי.טי. מונדלז אינדונ,ID,עוגיות מיני אוראו ונ,Unknown,0.00,יחידה,false,,6.90,0.0000,true,1,57925
7622300761363,false,עוגיות אוראו מיני כוסות בטעם שוקו 67 ג',פי.טי. מונדלז אינדונ,ID,עוגיות מיני אוראו שו,גרמים,67.00,100 גרם,false,,6.90,0.1030,true,1,48432
7630477891592,false,קפסולות האוס בלנד לונגו עוצמה 8 - 10 יח',נסטלה שוויץ - קפה,CH,קפסולות סטארבקס האוס,גרמים,57.00,100 גרם,false,,21.50,0.3772,true,1,51933
7630477891615,false,קפסולות קפה סומטרה עוצמה 10 - 10 יח',נסטלה שוויץ - קפה,IL,קפסולות סטארבקס סומט,גרמים,55.00,100 גרם,false,,21.50,0.3909,true,1,51934
7630477891639,false,קפסולות קפה ורונה עוצמה 10 - 10 יח',נסטלה שוויץ - קפה,CH,קפסולות סטארבקס ורונ,גרמים,55.00,100 גרם,false,,21.50,0.3909,true,1,51935
7630477891653,false,סטארבקס - קפסולות אספרסו נטול 57 גרם * 10,נסטלה שוויץ - קפה,IL,קפסולות סטארבקס נטול,גרמים,57.00,100 גרם,false,,21.50,0.3772,true,1,51936
7630477891677,false,קפסולות פייק פלייס לונגו עוצמה 7 - 10 יח',נסטלה שוויץ - קפה,IL,קפסולות סטארבקס פייק,גרמים,53.00,100 גרם,false,,21.50,0.4057,true,1,51937
7630477891691,false,סטארבקס - קפסולות קולומביה 57 גרם * 10,נסטלה שוויץ - קפה,IL,קפסולות סטארבקס קולו,גרמים,57.00,100 גרם,false,,21.50,0.3772,true,1,51938
7630477891714,false,סטארבקס - קפסולות אספרסו 57 גרם * 10,נסטלה שוויץ - קפה,CH,קפסולות סטארבקס רוסט,גרמים,57.00,100 גרם,false,,21.50,0.3772,true,1,51939
7630477891738,false,סטארבקס - קפסולות אספרסו בלונד 53 גרם * 10,נסטלה שוויץ - קפה,CH,קפסולות סטארבקס בלונ,Unknown,0.00,יחידה,false,,21.50,0.0000,true,1,51940
7638900431797,false,מארז 12 סוללות אנרג',אנרגייזר,CN,מארז 12 סוללות אנרג',Unknown,0.00,יחידה,false,,19.90,0.0000,true,1,63554
7638900431803,false,מארז 12 סוללות אנרג',אנרגייזר,CN,מארז 12 סוללות אנרג',Unknown,0.00,יחידה,false,,19.90,0.0000,true,1,63555
7640103867709,false,שערות סבתא תות 3*15,אסאדא פוד,אנדונסיה,שערות סבתא תות 3*15,גרמים,45.00,100 גרם,false,,9.90,0.2200,true,1,57133
7702018271788,false,דאודורנט ג'ל לגבר Pro Sport,פרוקטר אנד גמבל,PL,דאו גל גילט ספורט 70,גרמים,70.00,100 גרם,false,,17.90,0.2557,true,1,22039
7702018321582,false,דאודורנט סטיק לגבר Pro G Cool Wave,פרוקטר אנד גמבל,US,דאו סטיק גילט קול וו,גרמים,45.00,100 גרם,false,,17.90,0.3978,true,1,11078
7702018978106,false,"ג'ילט - דאודורנט ג'ל לגבר ארטיק אייס 70 מ""ל",פרוקטר אנד גמבל,PL,דאו גל גילט ארקטיק א,גרמים,150.00,100 גרם,false,,17.90,0.1193,true,1,5379
7702018978120,false,"ג'ילט - דאודורנט ג'ל לגבר קול וייב 70 מ""ל",פרוקטר אנד גמבל,PL,דאו גל גילט קליר ווי,גרמים,150.00,100 גרם,false,,17.90,0.1193,true,1,5380
7702018980864,false,קצף גילוח גילט סיריי,פרוקטר & גמבל,,קצף גילוח גילט סיריי,מיליליטרים,200.00,"100 מ""ל",false,,14.90,0.0745,true,1,24873
7790580108489,false,בון בון ממרח בוטנים 290 גר',ארקור,AR,ממרח בון בון 290 גרם,גרמים,290.00,100 גרם,false,,9.90,0.0341,true,1,65245
7790580412654,false,בונבוניירה בון בון צ,ארקור,AR,בונבוניירה בון בון צ,גרמים,270.00,100 גרם,false,,15.90,0.0589,true,1,42344
7790580421663,false,"בון בון ריבת חלב וקרמל, 288 גרם",ארקור,AR,בונבוניירה בון בון ר,גרמים,288.00,100 גרם,false,,15.90,0.0552,true,1,61190
7798382150019,false,אוכמניות יח,אראל תוצרת חקלאית בע,IL,אוכמניות יח,Unknown,0.00,יחידה,false,,14.90,0.0000,true,1,64887
7827062224358,false,חזה בקר מעושן ONEG,דליקטס,IL,חזה בקר מעושן ONEG,גרמים,150.00,100 גרם,false,,24.90,0.1660,true,1,65131
7879747551181,true,מגבת פנים,,,מגבת פנים,Unknown,0.00,יחידה,false,,3.90,0.0000,true,1,26452
8000380192243,false,וופלים לואקר מקסי בטעם אגוז 200 גר',לואקר Loacker,AT,ופל אגוז לואקר 200 ג,גרמים,200.00,100 גרם,false,,11.90,0.0595,true,1,43278
8000380192250,false,וופלים לואקר מקסי בטעם שוקולד 200 גר',לואקר Loacker,AT,ופל שוקולד לואקר 200,גרמים,200.00,100 גרם,false,,11.90,0.0595,true,1,43277
8001003100218,false,סוכריות יוגטה ג'לי פירות 800 גר',תות ממתקי איכות,TR,סוכריות גלי יוגוטה 8,גרמים,800.00,100 גרם,false,,15.90,0.0199,true,1,108
8001090033512,false,"אבקת כביסה קולור 8 ק""ג טייד",פרוקטר & גמבל,,אבקת כביסה טייד קולו,פריט,8.00,"ק""ג",false,,39.90,4.9875,true,1,22786
8001090156839,false,חיתולי פמפרס בייבי ד,פרוקטר & גמבל,TR,חיתולי פמפרס בייבי ד,Unknown,0.00,יחידה,false,,64.90,0.0000,true,1,61277
8001090268679,false,חיתולי פמפרס בייבי ד,פרוקטר & גמבל,TR,חיתולי פמפרס בייבי ד,Unknown,0.00,יחידה,false,,64.90,0.0000,true,1,61272
8001090368553,false,חיתולי פמפרס בייבי ד,פרוקטר & גמבל,TR,חיתולי פמפרס בייבי ד,Unknown,0.00,יחידה,false,,64.90,0.0000,true,1,61278
8001090379368,false,פמפרס פרימיום חיתולי VP מידה 4 34 יח',פרוקטר אנד גמבל,TR,חיתולים פרימיום קר 8,Unknown,0.00,יחידה,false,,29.90,0.0000,true,1,31125
8001090379399,false,פמפרס פרימיום חיתולי VP מידה 5 30 יח',פרוקטר אנד גמבל,TR,חיתולים פרימיום קר 1,Unknown,0.00,יחידה,false,,29.90,0.0000,true,1,31126
8001090458322,false,פיירי ורדים ומשי 1.015 ל',פרוקטר & גמבל,GB,נוזל כלים פיירי ורדי,קילוגרמים,1.01,ליטר,false,,14.90,14.7525,true,1,52093
8001090459107,true,חיתולי פמפרס 90 יח ש,,,חיתולי פמפרס 90 יח ש,Unknown,0.00,יחידה,false,,69.90,0.0000,true,1,31336
8001090459169,true,חיתולי פמפרס 78 יח ש,,,חיתולי פמפרס 78 יח ש,Unknown,0.00,יחידה,false,,69.90,0.0000,true,1,31337
8001090459374,true,חיתולי פמפרס 96 יח ש,,,חיתולי פמפרס 96 יח ש,Unknown,0.00,יחידה,false,,69.90,0.0000,true,1,31339
8001090493637,false,"הד אנד שולדרס שמפו אולטרא טוטאל קר 450 מ""ל",הד אנד שולדרס H&S,,שמפו הד&שולדרס אולטר,מיליליטרים,450.00,"100 מ""ל",false,,17.90,0.0398,true,1,30075
8001090614605,true,חיתולי פמפרס 68 יח ש,,,חיתולי פמפרס 68 יח ש,Unknown,0.00,יחידה,false,,69.90,0.0000,true,1,35468
8001090802385,false,טייד קפסולות ג'ל בניחוח לנור 26 יחידות,פרוקטר & גמבל,FR,קפסולות ג'ל טייד 26,גרמים,592.00,100 גרם,false,,23.90,0.0404,true,1,46296
8001090804860,true,חיתולי פמפרס 104 יח,,,חיתולי פמפרס 104 יח,Unknown,0.00,יחידה,false,,69.90,0.0000,true,1,43552
8001090832450,false,"שמפו פנטן נוסחה קלאסית 660 מ""ל",פרוקטר & גמבל,RO,שמפו פנטן קלאסי 660,מיליליטרים,660.00,"100 מ""ל",false,,18.90,0.0286,true,1,51145
8001090832535,false,"שמפו פנטן שמן מרוקאי משקם 660 מ""ל",פרוקטר & גמבל,RO,שמפו פנטן שמן מרוקאי,מיליליטרים,660.00,"100 מ""ל",false,,18.90,0.0286,true,1,51146
8001090832573,false,"שמפו פנטן לחות מוגברת 660 מ""ל",פרוקטר & גמבל,RO,שמפו פנטן לחות מוגבר,מיליליטרים,660.00,"100 מ""ל",false,,18.90,0.0286,true,1,51238
8001090832818,false,מרכך פנטן הנוסחה הקלאסית לשיער רגיל ומעורב,פרוקטר & גמבל,RO,מרכך פנטן קלאסי 660,מיליליטרים,660.00,"100 מ""ל",false,,18.90,0.0286,true,1,51147
8001090832856,false,"פנטן קונדישנר מרוקאי משקם 660 מ""ל",פרוקטר & גמבל,RO,מרכך פנטן שמן מרוקאי,מיליליטרים,660.00,"100 מ""ל",false,,18.90,0.0286,true,1,51148
8001090832894,false,"פנטן קונדישנר לחות מוגברת 660 מ""ל",פרוקטר & גמבל,RO,מרכך פנטן לחות מוגבר,מיליליטרים,660.00,"100 מ""ל",false,,18.90,0.0286,true,1,51149
8001090992338,false,טבליות למדיח פיירי פלטינום פלוס,פרוקטר & גמבל,FR,טבליות פיירי למדיח פ,גרמים,922.00,100 גרם,false,,44.90,0.0487,true,1,48596
8001841006710,false,לנור כדוריות הבושם בניחוח רענן 210 ג',פרוקטר & גמבל,GB,כדוריות לנור לכביסה,גרמים,210.00,100 גרם,false,,24.90,0.1186,true,1,55602
8001841053684,false,אולוויז תחבושת מקסי לונג 12יח,פרוקטר & גמבל,HU,תחבושות אולוויז עבה,Unknown,0.00,יחידה,false,,9.90,0.0000,true,1,45033
8001841053806,false,תחבושות היגייניות אולוויז מקסי עבה לילה,פרוקטר & גמבל,DE,תחבושות אולוויז עבה,Unknown,0.00,יחידה,false,,9.90,0.0000,true,1,45032
8001841062624,false,מארז מגבוני פמפרס ללא בישום - רביעייה,פרוקטר אנד גמבל.,DE,מגבונים פמפרס ללא בי,Unknown,0.00,יחידה,false,,15.90,0.0000,true,1,57570
8001841077949,false,מארז מגבוני פמפרס בניחוח מרענן - רביעייה,פרוקטר אנד גמבל,DE,מגבונים פמפרס בניחוח,Unknown,0.00,יחידה,false,,15.90,0.0000,true,1,57569
8001841216584,false,תחבושות אולוויז אולטרה לילה בטוח,פרוקטר & גמבל,HU,תחבושות אלוויז קוואט,Unknown,0.00,יחידה,false,,29.90,0.0000,true,1,48551
8001841617893,false,שמפו פנטן לחות מוגבר,פרוקטר & גמבל,RO,שמפו פנטן לחות מוגבר,קילוגרמים,1.00,ליטר,false,,21.90,21.9000,true,1,57277
8001841619026,false,מרכך פנטן לחות מוגבר,פרוקטר & גמבל,RO,מרכך פנטן לחות מוגבר,קילוגרמים,1.00,ליטר,false,,21.90,21.9000,true,1,57278
8001841625287,false,סבון כלים פלטינום לימון X3 פעולות להסרת שומנים,פרוקטר אנד גמבל,TR,נוזל כלים פיירי פלטי,קילוגרמים,1.01,ליטר,false,,14.90,14.7525,true,1,58683
8001841669465,false,אריאל קפסולות לכביסהבניחוח לנור 24 יח',פרוקטר אנד גמבל,FR,קפסולות גל אריאל בני,Unknown,0.00,יחידה,false,,29.90,0.0000,true,1,62443
8001841680989,false,מגן תחתון אולוויז מגה פק פרו פרש לארג' 60 יחי,פרוקטר & גמבל,DE,מגן תחתון אולוויז מג,Unknown,0.00,יחידה,false,,16.90,0.0000,true,1,59998
8001841715957,false,"הד&שולדרס - ג'ל רחצה ושמפו ניקוי אינטנסיבי 360 מ""ל","נארז ע""י : א.ג. גילר",FR,ג'ל רחצה ושמפו הד &,מיליליטרים,360.00,"100 מ""ל",false,,16.90,0.0469,true,1,57576
8001841716312,false,הד אנד שולדרס ג'ל רחצה ושמפו ספורט 360מל,"פרוקטר אנד גמבל, צרפ",FR,ג'ל רחצה ושמפו הד &,מיליליטרים,360.00,"100 מ""ל",false,,16.90,0.0469,true,1,57573
8001841716435,false,"הד אנד שולדרס ג'ל רחצה ושמפו לעור רגיש 360 מ""ל","נארז ע""י : א.ג. גילר",FR,ג'ל רחצה ושמפו הד &,מיליליטרים,360.00,"100 מ""ל",false,,16.90,0.0469,true,1,57574
8001841716596,false,"הד אנד שולדרס ג'ל רחצה ושמפו מרענן 360 מ""ל","נארז ע""י : א.ג. גילר",FR,ג'ל רחצה ושמפו הד &,מיליליטרים,360.00,"100 מ""ל",false,,16.90,0.0469,true,1,57575
8001841780818,false,פיירי - לימון 1.50 ליטר,פרוקטר & גמבל,TR,נוזל כלים פיירי לימו,קילוגרמים,1.50,ליטר,false,,9.90,6.6000,true,1,63025
8001841943961,false,כדוריות הבושם לנור רעננות האוקיינוס,פרוקטר & גמבל,GB,כדוריות לנור לכביסה,גרמים,210.00,100 גרם,false,,24.90,0.1186,true,1,58490
8001841948119,false,פיירי ארומטיקס תפוח 1.05 ל',פרוקטר & גמבל,GB,נוזל כלים פיירי תפוח,קילוגרמים,1.05,ליטר,false,,10.90,10.3810,true,1,56588
8001841982489,false,אבקת אריאל אוקסי 6.8,פרוקטר & גמבל,TR,אבקת אריאל אוקסי 6.8,פריט,6.80,"ק""ג",false,,54.90,8.0735,true,1,56824
8002270436581,false,סאן פלגרינו מים מוגז,סן-פלגרינו,,מים סאן פלגרינו 6*50,קילוגרמים,3.00,ליטר,false,,23.90,7.9667,true,1,36371
8003440997222,false,מסטיק מנטוס פיור בטע,פרפטי ואן מלה ברדה,TR,מסטיק מנטוס פיור בטע,גרמים,336.00,100 גרם,false,,24.90,0.0741,true,1,62498
8003440997833,false,מנטוס פיור פרש בטעם פירות מנטה 200 ג',פרפטי ואן מלה ברדה,TR,מסטיק מנטוס פיור פרש,גרמים,200.00,100 גרם,false,,19.90,0.0995,true,1,57777
8003440997857,false,מנטוס פיור פרש בטעם מנטה 200 ג',פרפטי ואן מלה ברדה,TR,מסטיק מנטוס פיור פרש,גרמים,200.00,100 גרם,false,,19.90,0.0995,true,1,57778
8003440997871,false,מנטוס פיור פרש בטעם תות 200 ג',פרפטי ואן מלה ברדה,TR,מסטיק מנטוס פיור פרש,גרמים,200.00,100 גרם,false,,19.90,0.0995,true,1,57779
8005200256587,false,משקה תה בטעם אפרסק 1.5ל' NESTEA,מפעל סאנפלגרינו S.P.,IT,נסטי בטעם אפרסק 1.5,קילוגרמים,1.50,ליטר,false,,7.90,5.2667,true,1,59547
8005200286584,false,משקה תה בטעם מנגו אננס 1.5 ל' NESTEA,מפעל סאנפלגרינו S.P.,IT,נסטי בטעם מנגו אננס,קילוגרמים,1.50,ליטר,false,,7.90,5.2667,true,1,59548
8005200316588,false,משקה תה דיאט בטעם אפרסק 1.5ל' NESTEA,מפעל סאנפלגרינו s.p.,IT,נסטי דיאט אפרסק 1.5,קילוגרמים,1.50,ליטר,false,,7.90,5.2667,true,1,59549
8006540091937,false,כדוריות הבושם בניחוח אריאל 210 ג' לנור,פרוקטר & גמבל,GB,כדוריות לנור לכביסה,גרמים,210.00,100 גרם,false,,24.90,0.1186,true,1,58682
8006540112823,false,"לנור מרכך כביסה מרוכז בניחוח האוקיינוס 900 מ""ל",פרוקטר אנד גמבל,FR,מרכך מרוכז לנור אוקי,מיליליטרים,900.00,"100 מ""ל",false,,14.90,0.0166,true,1,57052
8006540112854,false,"מרכך כביסה מרוכז בניחוח סחלב לנור 900 מ""ל",פרוקטר & גמבל,FR,מרכך מרוכז לנור סחלב,מיליליטרים,900.00,"100 מ""ל",false,,14.90,0.0166,true,1,56777
8006540252499,false,תחבושות אלוויז פלטינ,פרוקטר & גמבל,HU,תחבושות אלוויז פלטינ,Unknown,0.00,יחידה,false,,29.90,0.0000,true,1,62450
8006540383087,false,טבליות פיירי פלטינום,פרוקטר & גמבל,FR,טבליות פיירי פלטינום,גרמים,922.00,100 גרם,false,,44.90,0.0487,true,1,62441
8006540463550,false,טבליות פיירי פלטינום,פרוקטר & גמבל,BE,טבליות פיירי פלטינום,גרמים,939.00,100 גרם,false,,44.90,0.0478,true,1,63062
8006540465127,false,"אבקת אריאל 7 ק""ג",פרוקטר & גמבל,TR,"אבקת אריאל 7 ק""ג",פריט,7.00,"ק""ג",false,,47.90,6.8429,true,1,65306
8006540495186,false,"לנור מרכך כביסה בניחוח בייבי 900 מ""ל",פרוקטר & גמבל,FR,מרכך מרוכז לנור בייב,מיליליטרים,900.00,"100 מ""ל",false,,14.90,0.0166,true,1,62835
8006540495216,false,"מרכך כביסה בניחוח אמאטיסט 900 מ""ל לנור",פרוקטר & גמבל,FR,מרכך מרוכז לנור זר פ,מיליליטרים,900.00,"100 מ""ל",false,,14.90,0.0166,true,1,62888
8006540495247,false,"לנור מרכך כביסה בניחוח פרחי בר 900 מ""ל",פרוקטר & גמבל,FR,מרכך מרוכז לנור בניח,מיליליטרים,900.00,"100 מ""ל",false,,14.90,0.0166,true,1,63878
8007178120310,false,חומץ בלסמי ד'מודנה Giacobazzi,פטורייה ג'יאקובאזי ס,IT,חומץ בלסמי גקובזי 50,מיליליטרים,500.00,"100 מ""ל",false,,18.90,0.0378,true,1,6413
8007178223547,false,קרם מצומצם עם חומץ בלסמי ממודנה,פארייפאבה אגרואינדוס,IT,קרם מצומצם עם חומץ ב,מיליליטרים,250.00,"100 מ""ל",false,,19.90,0.0796,true,1,63003
8008343880039,false,ספגטי ללא גלוטן רומו,רומו,IT,ספגטי ללא גלוטן רומו,גרמים,400.00,100 גרם,false,,12.90,0.0323,true,1,56540
8008343880480,false,פסטה פוזילי ללא גלוט,רומו,IT,פסטה פוזילי ללא גלוט,גרמים,400.00,100 גרם,false,,12.90,0.0323,true,1,56541
8008343880664,false,פסטה פנה ללא גלוטן ר,רומו,IT,פסטה פנה ללא גלוטן ר,גרמים,400.00,100 גרם,false,,12.90,0.0323,true,1,56542
8008660210021,false,מעדן פרי דובדבן 100% רכיבי פרי,שוורצקוף& הנקל דיסלד,IT,מעדן פרי דובדבן מנז,גרמים,320.00,100 גרם,false,,14.90,0.0466,true,1,62084
8008660210038,false,מעדן פרי תות שדה 100% רכיבי פרי,קריניציה ויטמינה אס,IT,מעדן פרי תות מנז אנד,גרמים,320.00,100 גרם,false,,14.90,0.0466,true,1,62085
8008660210045,false,מעדן פרי פירות יער 100% רכיבי פרי,שוורצקוף& הנקל דיסלד,IT,מעדן פרי פירות יער מ,גרמים,320.00,100 גרם,false,,14.90,0.0466,true,1,62086
8008660210069,false,מעדן פרי אפרסק פסיפל,מנז אנד גאסר,IT,מעדן פרי אפרסק פסיפל,גרמים,320.00,100 גרם,false,,14.90,0.0466,true,1,62088
8018068031395,false,נסקוטש 6 יח,YIWU HANGYUE I&E,CN,נסקוטש 6 יח,Unknown,0.00,יחידה,false,,19.90,0.0000,true,1,49690
8034108740454,false,תפוח עץ סטורי בי & ב,אראל תוצרת חקלאית בע,IL,תפוח עץ סטורי בי & ב,פריט,1.00,"ק""ג",false,,9.90,9.9000,true,1,62327
8034108740478,false,תפוח עץ מוזהב גולדן,אראל תוצרת חקלאית בע,IL,תפוח עץ מוזהב גולדן,פריט,1.00,"ק""ג",false,,5.90,5.9000,true,1,62320
8034108740485,false,תפוח עץ סמיט בי & בי,אראל תוצרת חקלאית בע,IL,תפוח עץ סמיט בי & בי,פריט,1.00,"ק""ג",false,,9.90,9.9000,true,1,62390
8034108740515,false,תפוח עץ גאלה בי & בי,אראל תוצרת חקלאית בע,IL,תפוח עץ גאלה בי & בי,פריט,1.00,"ק""ג",false,,9.90,9.9000,true,1,64239
8034108740539,false,תפוח עץ גולד רוז,אראל תוצרת חקלאית בע,IL,תפוח עץ גולד רוז,פריט,1.00,"ק""ג",false,,8.90,8.9000,true,1,64542
8076800195019,true,ספגטי ברילה קפליני מ,,,ספגטי ברילה קפליני מ,גרמים,0.00,100 גרם,false,,7.90,0.0000,true,1,49954
8076800195033,true,ספגטי ברילה מס 3 500,,,ספגטי ברילה מס 3 500,גרמים,0.00,100 גרם,false,,5.90,0.0000,true,1,9205
8076800195057,false,ברילה - צ.א ספגטי מס5 חדש 500 גרם,ברילה גי.אי.אר פרטלי,IT,ספגטי ברילה מס 5 500,גרמים,500.00,100 גרם,false,,6.90,0.0138,true,1,9206
8076800195132,false,ברילה - צ.א בבטה מס13 500 גרם,ברילה גי.אי.אר פרטלי,IT,פסטה ברילה בבטה מס 1,גרמים,500.00,100 גרם,false,,6.90,0.0138,true,1,49955
8076800315097,true,פסטה ברילה בוקטיני מ,,,פסטה ברילה בוקטיני מ,גרמים,0.00,100 גרם,false,,7.90,0.0000,true,1,49956
8076802085738,false,ברילה - צ.ק פנה רגטה חדש 500 גרם,ברילה גי.אי.אר פרטלי,IT,פסטה ברילה פנה רגטה,גרמים,500.00,100 גרם,false,,6.90,0.0138,true,1,9204
8076802085837,false,ברילה - צ.ק טורטליוני מס83 500 גרם,הנסיך- מפעל לייצור ט,IT,פסטה ברילה טורטליוני,גרמים,500.00,100 גרם,false,,6.90,0.0138,true,1,49957
8076802085936,false,ברילה פסטה צ.ק. קונצילה ריגטה חדש,ברילה גי.אי.אר פרטלי,IT,פסטה ברילה קונצילה ר,גרמים,500.00,100 גרם,false,,6.90,0.0138,true,1,16333
8076802085981,false,ברילה - צ.ק פוזילי חדש 500 גרם,ברילה גי.אי.אר פרטלי,IT,פסטה ברילה פוזילי 50,גרמים,500.00,100 גרם,false,,6.90,0.0138,true,1,9209
8076808050440,false,ברילה פסטה מקרוני מס 44 500 גר,ברילה Barilla,IT,מקרוני ברילה 500 גרם,גרמים,500.00,100 גרם,false,,6.90,0.0138,true,1,39550
8076808060654,false,ברילה - צ.ק פרפלה חדש 500 גרם,ברילה גי.אי.אר פרטלי,IT,פרפלה ברילה מס 65 50,גרמים,500.00,100 גרם,false,,6.90,0.0138,true,1,9208
8076808150072,true,ספגטי ברילה מס 7 500,,,ספגטי ברילה מס 7 500,גרמים,0.00,100 גרם,false,,5.90,0.0000,true,1,9207
8076809512268,false,ברילה - צ.ק גירנדולה חדש 500 גרם,ברילה גי.אי.אר פרטלי,IT,פסטה ברילה גירנדולה,גרמים,500.00,100 גרם,false,,6.90,0.0138,true,1,9210
8076809513388,false,ברילה - רוטב ארביאטה 400 גרם,ברילה גי.אי.אר פרטלי,IT,רוטב עגבניות ארביאטה,גרמים,400.00,100 גרם,false,,11.90,0.0298,true,1,10291
8076809513395,false,רוטב פסטה ברילה פורמודרו 400ג',ברילה גי.אי.אר פרטלי,IT,רוטב עגבניות פומודור,גרמים,400.00,100 גרם,false,,11.90,0.0298,true,1,10290
8076809513654,false,בסיס רוטב עגבניות לבולונז 400 ג' ברילה,ברילה גי.אי.אר פרטלי,IT,רוטב בסיס לבולונז בר,גרמים,400.00,100 גרם,false,,11.90,0.0298,true,1,10289
8076809513692,false,רוטב פסטה ברילה נפוליטנה 400ג',ברילה גי.אי.אר פרטלי,IT,רוטב עגבניות נפולטנה,גרמים,400.00,100 גרם,false,,11.90,0.0298,true,1,10292
8076809513739,false,רוטב פסטה ברילה בזיליקום 400 ג',ברילה גי.אי.אר פרטלי,IT,רוטב עגבניות בזיליקו,גרמים,400.00,100 גרם,false,,11.90,0.0298,true,1,10293
8076809523561,false,רוטב עגבניות עם עשבי תיבול 400 ג' ברילה,ברילה גי.אי.אר פרטלי,IT,רוטב עגבניות טוסקנה,גרמים,400.00,100 גרם,false,,11.90,0.0298,true,1,10288
8076809523738,false,פסטה ברילה לזניה 500ג',ברילה גי.אי.אר פרטלי,IT,לזניה ברילה 500 גרם,גרמים,500.00,100 גרם,false,,19.90,0.0398,true,1,9213
8076809545440,false,אטריות ללא גלוטין ברילה 400ג',ברילה ג'.אי.אר פרטלי,IT,ספגטי ל.גלוטן ברילה,גרמים,500.00,100 גרם,false,,14.90,0.0298,true,1,19453
8076809545457,false,פסטה צינורות ללא גלוטין ברילה 400ג',ברילה ג'.אי.אר פרטלי,IT,פסטה פנה ל.גלוטן ברי,גרמים,400.00,100 גרם,false,,14.90,0.0373,true,1,19454
8076809545464,false,פסטה ספירלי ללא גלוטין ברילה 400ג',מולינו אנדריאני אס.א,IT,פסטה פוסילי ל.גלוטן,גרמים,500.00,100 גרם,false,,14.90,0.0298,true,1,19455
8076809576352,false,ברילה לזניה ללא גלוטן 250 ג',ברילה גי.אי.אר פרטלי,IT,לזניה ל. גלוטן ברילה,גרמים,250.00,100 גרם,false,,22.90,0.0916,true,1,61471
8410076600790,false,נייצ'ר ואלי - חטיף שיבולת שועל עם דבש 210 גרם 1/5,גנרל מילס,ES,מארז נייטשר ואלי שיב,גרמים,210.00,100 גרם,false,,9.90,0.0471,true,1,25721
8410104039134,false,"פיניש מנקה ומחדש מדיח 250מ""ל",הדקלאים אגודת שיתופי,PL,מנקה מדיח פיניש 250,מיליליטרים,250.00,"100 מ""ל",false,,14.90,0.0596,true,1,2714
8410104044916,false,אבקה למדיח פיניש קלאסיק,רקיט בנקיזר,PL,אבקה למדיח פיניש 2.7,פריט,2.70,"ק""ג",false,,39.90,14.7778,true,1,2715
8410104045111,false,"פיניש מלח למדיח כלים 2ק""ג",פ.פ.ח. שאביט,IL,"מלח למדיח פיניש 2 ק""",פריט,2.00,"ק""ג",false,,13.90,6.9500,true,1,43922
8410104425906,false,שעווה חמה בניחוח יסמין,רקיט בנקיזר,FR,"שעווה חמה ויט 250 מ""",מיליליטרים,250.00,"100 מ""ל",false,,19.90,0.0796,true,1,57816
8410104437268,false,פיניש מפיג ריח למדיח רגיל,רקיט בנקיזר,PL,מפיג ריח פיניש רענן,Unknown,0.00,יחידה,false,,14.90,0.0000,true,1,7352
8410104511340,false,רצועות שעווה מוכנות לעור יבש עם אלוורה,רקיט בנקיזר,FR,רצועות שעווה לעור יב,Unknown,0.00,יחידה,false,,19.90,0.0000,true,1,52647
8421002135507,true,סכין שף ארקוס,,,סכין שף ארקוס,Unknown,0.00,יחידה,false,,39.90,0.0000,true,1,28391
8435188458053,false,רפידת ספוג לנעליים,,,רפידת ספוג לנעליים,Unknown,0.00,יחידה,false,,12.90,0.0000,true,1,7793
8436575292205,false,ארטיק חמשושים מאגדת 15*12 גר',שוורצקוף& הנקל דיסלד,IL,שלגוני חמשושים 15 יח,גרמים,180.00,100 גרם,false,,18.90,0.1050,true,1,44766
8445290046284,false,רד מאג נס קפה קלאסיק 220 גרם,נסטלה ספרד קפה,ES,קפה נמס מגורען רד מא,גרמים,220.00,100 גרם,false,,18.90,0.0859,true,1,63849
8681873024519,false,כוסות פלסטיק חד פעמי 100 יח',פאלאס,CN,"כוסות ח""פ 100 יח",Unknown,0.00,יחידה,false,,5.90,0.0000,true,1,64633
8683323041107,false,סוכריות גומי בטעם תו,מוטקה החולב,TR,יוגוטה מקלות תות שדה,גרמים,35.00,100 גרם,false,,1.50,0.0429,true,1,23130
8683323041206,false,סוכריות גומי ממולאות,סאאדת,TR,סוכריות גומי ממולאות,גרמים,250.00,100 גרם,false,,5.90,0.0236,true,1,49693
8690120160177,false,מארז וופלים רויאל קנ,קומרה,TR,ופל מצופה קרם אגוזים,גרמים,840.00,100 גרם,false,,24.90,0.0296,true,1,59968
8690120160405,false,וופל נמבר ואן ירוק 24 יח',קומרה,TR,ופל מצופה שוקולד חלב,גרמים,840.00,100 גרם,false,,24.90,0.0296,true,1,61383
8690120566139,false,וופל מצופה שוקולד מריר 35ג'*24 יח' NO1,קומרה,TR,ופל מצופה שוקולד מרי,גרמים,840.00,100 גרם,false,,24.90,0.0296,true,1,65227
8690531032377,false,פלפל שיפקה צהוב חריף 340 ג',,TR,פלפל שיפקונית גורמט,גרמים,340.00,100 גרם,false,,6.80,0.0200,true,1,18623
8690637906183,true,מרכך בדין אקסטרא גלמ,,,מרכך בדין אקסטרא גלמ,מיליליטרים,0.00,"100 מ""ל",false,,14.90,0.0000,true,1,43062
8690646389250,false,פתיבר קלאסי בריידמן,אוילום,TR,פתיבר קלאסי בריידמן,פריט,1.00,"ק""ג",false,,9.90,9.9000,true,1,65127
8690646389267,false,פתיבר בטעם שוקולד בר,אוילום,TR,פתיבר בטעם שוקולד בר,פריט,1.00,"ק""ג",false,,9.90,9.9000,true,1,65128
8693495052177,false,תחליב רחצה זיתים ואלוורה,קולגייט פלמוליב,TR,תחליב פלמוליב זיתים,מיליליטרים,750.00,"100 מ""ל",false,,19.50,0.0260,true,1,32742
8693804095109,false,אטריות להכנת קדאיף 5,אונלו מאמולרי,TR,אטריות להכנת קדאיף 5,גרמים,500.00,100 גרם,false,,11.90,0.0238,true,1,62774
8693804095192,false,דפי פילו משולשים 40,אונלו מאמולרי,TR,דפי פילו משולשים 40,גרמים,600.00,100 גרם,false,,9.90,0.0165,true,1,62772
8696287300807,true,סט 3 קופסאות אחסון,,,סט 3 קופסאות אחסון,Unknown,0.00,יחידה,false,,6.90,0.0000,true,1,25919
8697420697914,false,זיתים שחורים יבשים במלח 700 ג',אונטד גידה,TR,זית שחור יבש קרן 700,גרמים,700.00,100 גרם,false,,19.90,0.0284,true,1,38715
8697826469092,false,טורטיה קטנה 540 גר' 12יח,דין שיווק,TR,טורטיות 12*45 גרם,גרמים,540.00,100 גרם,false,,9.90,0.0183,true,1,8758
8697893501763,false,אטריות נודלס בנטי 35,אקרסן,TR,אטריות נודלס בנטי 35,גרמים,350.00,100 גרם,false,,4.90,0.0140,true,1,65598
8698829381152,false,טורטיה דורום 18*90 ג,מוטלוקאל גידה סאן טי,TR,טורטיה דורום 18*90 ג,פריט,1.62,"ק""ג",false,,19.90,12.2840,true,1,62744
8698849552136,false,פרלינים רוקה 300 גרם,ויגוס,TR,פרלינים רוקה 300 גרם,גרמים,300.00,100 גרם,false,,14.90,0.0497,true,1,61419
8698849552143,false,פרלינים רוקה במילוי,ארגון ציקולאטה,TR,פרלינים רוקה במילוי,גרמים,400.00,100 גרם,false,,9.90,0.0248,true,1,61409
8698996006636,false,מפיות גדולות איכותיו,פאלאס,TR,מפיות גדולות איכותיו,Unknown,0.00,יחידה,false,,6.90,0.0000,true,1,65585
8699409808953,true,סוטז +מכסה זכוכית 24,,,סוטז +מכסה זכוכית 24,Unknown,0.00,יחידה,false,,14.90,0.0000,true,1,25901
8699409808977,true,סיר +מכסה זכוכית 20,,,סיר +מכסה זכוכית 20,Unknown,0.00,יחידה,false,,13.90,0.0000,true,1,25897
8699409808991,true,סיר +מכסה זכוכית 24,,,סיר +מכסה זכוכית 24,Unknown,0.00,יחידה,false,,15.90,0.0000,true,1,25899
8699409809370,true,"מחבת 24 ס""מ",,,"מחבת 24 ס""מ",Unknown,0.00,יחידה,false,,9.90,0.0000,true,1,25905
8699905720025,false,סוכריות קשות בטעמי פ,סארבאן קונפקטינרי,TR,סוכריות קשות בטעמי פ,גרמים,500.00,100 גרם,false,,17.90,0.0358,true,1,64585
8699905720032,false,סוכריות קשות בטעם לי,סארבאן קונפקטינרי,TR,סוכריות קשות בטעם לי,גרמים,500.00,100 גרם,false,,17.90,0.0358,true,1,64586
8699905720049,false,סוכריות קשות בטעם מנ,סארבאן קונפקטינרי,TR,סוכריות קשות בטעם מנ,גרמים,500.00,100 גרם,false,,17.90,0.0358,true,1,64587
8699905720575,false,פרוט טאפי חמוץ מיקס,קונרק טינטי,TR,פרוט טאפי חמוץ מיקס,גרמים,240.00,100 גרם,false,,9.90,0.0413,true,1,57331
8699905720698,false,טופי חמוץ אקסטרים בט,סאדת גידה,TR,טופי חמוץ אקסטרים בט,גרמים,256.00,100 גרם,false,,9.90,0.0387,true,1,61309
8699905720704,false,טופי חמוץ אקסטרים בט,סאדת גידה,TR,טופי חמוץ אקסטרים בט,גרמים,256.00,100 גרם,false,,9.90,0.0387,true,1,61310
8710428005762,false,תרכובת מזון לתינוקות על בסיס חלבון סויה איזומיל טף שלב 2,אבוט מעבדות רפואיות,NL,סימילאק איזומיל טף ש,גרמים,400.00,100 גרם,false,,39.90,0.0997,true,1,10417
8710447253748,true,גל רחצה אקס לגבר גול,,,גל רחצה אקס לגבר גול,מיליליטרים,0.00,"100 מ""ל",false,,0.00,0.0000,true,1,45287
8710447284094,true,גל רחצה אקס לגבר שוק,,,גל רחצה אקס לגבר שוק,מיליליטרים,0.00,"100 מ""ל",false,,9.90,0.0000,true,1,45289
8710447284117,true,גל רחצה אקס לגבר בלא,,,גל רחצה אקס לגבר בלא,מיליליטרים,0.00,"100 מ""ל",false,,0.00,0.0000,true,1,45288
8710502194825,false,מרבה - עוגיות שוקוצ'יפס כשר למהדרין 150 גרם,מרבה הולנד,NL,עוגיות שוקולד ציפס מ,גרמים,150.00,100 גרם,false,,4.90,0.0327,true,1,14596
8710800961310,false,סוכריות מנטוס תות מארז 37.5X4ג',פרפטי ואן מלה ברדה,NL,מנטוס תות 4 יח,גרמים,150.00,100 גרם,false,,9.90,0.0660,true,1,2765
8711000371176,false,קפסולות קפה אספרסו קלאסיקו 10*52 ג' ג'ייקובס,קריניציה ויטמינה אס,FR,קפסולות גייקובס קלאס,גרמים,52.00,100 גרם,false,,16.90,0.3250,true,1,43531
8711000371183,false,קפסולות קפה אספרסו אינטנסו 10*52 ג' ג'ייקובס,קריניציה ויטמינה אס,FR,קפסולות גייקובס אינט,גרמים,52.00,100 גרם,false,,16.90,0.3250,true,1,43532
8711000371190,false,קפסולות גייקובס אספר,JDA,NL,קפסולות גייקובס אספר,Unknown,0.00,יחידה,false,,14.90,0.0000,true,1,64364
8711000371206,false,קפסולות קפה אספרסו ריסטרטו 10*52 ג' ג'ייקובס,קריניציה ויטמינה אס,FR,קפסולות גייקובס ריסט,גרמים,52.00,100 גרם,false,,16.90,0.3250,true,1,43533
8711000371251,false,קפסולות גייקובס לונג,JDA,NL,קפסולות גייקובס לונג,Unknown,0.00,יחידה,false,,14.90,0.0000,true,1,64365
8711000377505,false,קפסולות גייקובס ריסט,JDA,NL,קפסולות גייקובס ריסט,Unknown,0.00,יחידה,false,,14.90,0.0000,true,1,64367
8711000472071,false,קפסולות גייקובס מובח,JDA,NL,קפסולות גייקובס מובח,Unknown,0.00,יחידה,false,,14.90,0.0000,true,1,64368
8711000485798,false,קפסולות גייקובס בוקר,JDA,NL,קפסולות גייקובס בוקר,Unknown,0.00,יחידה,false,,14.90,0.0000,true,1,64366
8711000515297,false,קפה נמס גייקובס ולוו,,,קפה גייקובס ולווט 20,גרמים,200.00,100 גרם,false,,14.90,0.0745,true,1,64369
8712924078776,false,בצלצלי שאלוט 350 גרם,,NL,בצלצלי שאלוט 350 גרם,גרמים,350.00,100 גרם,false,,7.90,0.0226,true,1,65580
8714599410530,false,ג'ייקובס קרוננג שקית ריפיל 200ג',גייקובס,UA,קפה גיקובס קרוננג בש,גרמים,200.00,100 גרם,false,,19.90,0.0995,true,1,31167
8714599513781,false,קפה נמס גולד מיובש בהקפאה 200 ג' ג'ייקובס,אל.אל. סי ג''יקובס ד,RU,קפה גיקובס קרנט זהב,גרמים,200.00,100 גרם,false,,19.90,0.0995,true,1,20657
8714599513866,false,"ג'ייקובס קרוננג מיובש בהקפאה כשל""פ 200 ג'",אל.אל.סי גייקובס דאו,UA,קפה גיקובס קרוננג 20,גרמים,200.00,100 גרם,false,,19.90,0.0995,true,1,20656
8714789177229,false,מברשת שיניים אקסטרה קלין מדיום - מארז רביעיה,הנסיך- מפעל לייצור ט,CN,מברשת קולגייט מדיום,Unknown,0.00,יחידה,false,,9.90,0.0000,true,1,7038
8714789402918,false,נוזל לניקוי כללי ולרצפה בניחוח פרחי בר,הנסיך- מפעל לייצור ט,GR,אגקס חגיגת הפרחים אד,קילוגרמים,1.50,ליטר,false,,18.90,12.6000,true,1,9071
8714789402970,false,נוזל לניקוי כללי ולרצפה בניחוח פרחי אביב,הנסיך- מפעל לייצור ט,GR,אגקס חגיגת הפרחים פר,קילוגרמים,1.50,ליטר,false,,18.90,12.6000,true,1,9073
8714789529561,false,קולגייט משחת שיניים סנסטיב להלבנה 111 ג',קולגייט פלמוליב,PL,משחת קולגייט סנסטיב,מיליליטרים,75.00,"100 מ""ל",false,,21.90,0.2920,true,1,50148
8714789966403,false,ליידי ספיד סטיק פרו 5 ג'ל 65 גר',קולגייט פלמוליב,US,דאו גל ליידי ספיד סט,גרמים,65.00,100 גרם,false,,18.90,0.2908,true,1,59385
8715700115849,false,"קטשופ היינץ 1.35 ק""ג",היינץ,US,"קטשופ היינץ 1.35 ק""ג",פריט,1.35,"ק""ג",false,,14.90,11.0370,true,1,36016
8715700423906,false,קטשופ מתובל עגבניות 50% פחות סוכר 555ג' היינץ,היינץ צפון אמריקה מק,NL,מתבל עגבניות היינץ 5,גרמים,555.00,100 גרם,false,,9.90,0.0178,true,1,58113
8718114724485,false,מיונז לחיץ הלמנס 705,יוניליוור,GB,מיונז לחיץ הלמנס 705,גרמים,705.00,100 גרם,false,,15.90,0.0226,true,1,63853
8718951030206,false,"קולגייט סנסיטיב מולטי פרוטקשן משחת שיניים 75 מ""ל",קולגייט-פלמוליב,PL,משחת קולגייט סנסטיב,מיליליטרים,75.00,"100 מ""ל",false,,16.90,0.2253,true,1,61467
8718951093331,false,מרידול מברשת שיניים אקסטרה סופט זוג,קולגייט פלמוליב,,מברשת מרידול אקסטרה,Unknown,0.00,יחידה,false,,18.90,0.0000,true,1,44015
8718951100855,true,משחת קולגייט מקס פרש,,,משחת קולגייט מקס פרש,מיליליטרים,0.00,"100 מ""ל",false,,18.90,0.0000,true,1,45782
8718951159808,false,מברשות שיניים 360 מדיום- מארז שלישייה,קולגייט פלמוליב,CN,מברשת קולגייט 360 מד,Unknown,0.00,יחידה,false,,28.90,0.0000,true,1,35443
8718951259409,false,תחליב פלמוליב נטורלס,קולגייט פלמוליב,TR,תחליב פלמוליב נטורלס,מיליליטרים,750.00,"100 מ""ל",false,,19.50,0.0260,true,1,64013
8718951264618,false,"קולגייט אופטיק וייט פחם צ'רקול משחת שיניים, 75 מ""ל",קולגייט-פלמוליב,PL,משחת קולגייט אופטיק,גרמים,75.00,100 גרם,false,,28.90,0.3853,true,1,51827
8718951265103,false,קולגייט מברשת אולטרה סופט זוג,קולגייט פלמוליב,CN,מברשת קולגייט אולטרה,Unknown,0.00,יחידה,false,,29.90,0.0000,true,1,47675
8718951315303,false,משחת שיניים קולגייט הגנה מקסימלית - מארז זוג,קולגייט-פלמוליב,PL,משחת קולגייט מקסימום,גרמים,200.00,100 גרם,false,,15.90,0.0795,true,1,55216
8718951361485,false,"משחת שיניים הלבנה מתקדמת עם פחם 75 מ""ל קולגייט",קולגייט פלמוליב,PL,משחת קולגייט הלבנה פ,מיליליטרים,150.00,"100 מ""ל",false,,37.90,0.2527,true,1,60589
8718951370135,false,"סבון נוזלי ארומה סנסיישן גלואו 750 מ""ל פלמוליב",קולגייט פלמוליב,TR,תחליב פלמוליב ארומה,מיליליטרים,750.00,"100 מ""ל",false,,19.50,0.0260,true,1,52761
8718951385290,false,אגקס לניקוי כללי כחול 2 ל',קולגייט פלמוליב,GR,נוזל אג'קס מרענן 2 ל,קילוגרמים,2.00,ליטר,false,,19.90,9.9500,true,1,55051
8718951409798,false,זוג מברשות שיניים מקס וויט פחם קולגייט,הנסיך- מפעל לייצור ט,CN,מברשת קולגייט מקס וו,Unknown,0.00,יחידה,false,,24.90,0.0000,true,1,59668
8718951431614,false,"סבון רחצה סו פירם מינרלים 750 מ""ל פלמוליב",קולגייט פלמוליב,TR,ג'ל רחצה פלמוליב פיר,מיליליטרים,750.00,"100 מ""ל",false,,19.50,0.0260,true,1,59384
8718951433120,false,"קולגייט טוטאל ג'וניור 7-12 50 מ""ל",קולגייט פלמוליב,PL,משחת קולגייט טוטאל ג,מיליליטרים,50.00,"100 מ""ל",false,,14.90,0.2980,true,1,63656
8718951470538,false,קולגייט משחת שיניים מקס פרש ביטיוב 125*2 כשלפ,קולגייט פלמוליב,PL,משחת קולגייט מקס פרש,מיליליטרים,250.00,"100 מ""ל",false,,19.90,0.0796,true,1,61470
8718951498754,false,שישיית מברשות שיניים סופר פלקסי קולגייט,קולגייט פלמוליב,VN,מברשת קולגייט פחם סו,Unknown,0.00,יחידה,false,,14.90,0.0000,true,1,63768
8718951509627,false,"משחת שיניים אופטיק וויט לאוהבי קפה 75 מ""ל קולגייט",קולגייט פלמוליב,PL,משחת קולגייט אופטיק,גרמים,75.00,100 גרם,false,,28.90,0.3853,true,1,62356
8719200998001,false,מרגרינה לאפיה ובישול בלי מלח 200 ג' בלו בנד,מיוצר עי קונדיטוריית,IL,מרגרינה ללא מלח בלוב,גרמים,200.00,100 גרם,false,,4.30,0.0215,true,1,49649
8719200998018,false,מחמאה מרגרינה בטעם חמאה 200 ג' בלו בנד,פארייפאבה אגרואינדוס,IL,מחמאה בלובנד 200 גרם,גרמים,200.00,100 גרם,false,,4.30,0.0215,true,1,48934
8719200998049,false,מרגרינה מזולה בטעם טבעי,פארייפאבה אגרואינדוס,IL,מרגרינה מזולה 250 גר,גרמים,250.00,100 גרם,false,,9.30,0.0372,true,1,49330
8719200998094,false,מרגרינה מזולה בטעם טבעי ללא תוספת מלח,"מיוצר ע""י יוניליוור",IL,מרגרינה מזולה 200 גר,גרמים,200.00,100 גרם,false,,6.50,0.0325,true,1,49530
8719200998100,false,מרגרינה בטעם חמאה לאפייה 200 ג' מזולה,פארייפאבה אגרואינדוס,IL,מרגרינה בטעם חמאה מז,גרמים,200.00,100 גרם,false,,6.50,0.0325,true,1,48858
8723400756552,false,מארז סוכריות מנטוס Mentos ריינבואו,פרפטי ואן מלה ברדה,NL,מנטוס צבעי הקשת 4 יח,גרמים,150.00,100 גרם,false,,9.90,0.0660,true,1,7964
8801055707966,false,קפה טייסטר צו'יס נס קפה בריסטה 180ג',נסטלה קוריאה - קפה,IL,קפה נמס טסטרס צויס ב,גרמים,180.00,100 גרם,false,,29.90,0.1661,true,1,22797
8809168840471,false,חטיף אצות מיובשות מז,Theppadungporn cocon,KR,חטיף אצות מיובשות מז,גרמים,40.50,100 גרם,false,,22.90,0.5654,true,1,57056
8850006932964,false,מארז מברשות שיניים טוויסטר קולגייט חמישייה,קולגייט פלמוליב,VN,מברשת קולגייט טוויסט,Unknown,0.00,יחידה,false,,21.90,0.0000,true,1,54448
8850180040028,false,קמח טמפורה להכנת בלי,קרנחם אוטאי פחרה,TH,טמפורה מזרח ומערב 50,גרמים,500.00,100 גרם,false,,10.90,0.0218,true,1,49712
8850206250592,false,רוטב צ'ילי סריראצ'ה 540 גרם (מזרח ומערב),יאן וואל יון קו.לטד,TH,רוטב צ'ילי סרירצ'ה מ,גרמים,540.00,100 גרם,false,,17.90,0.0331,true,1,49720
8850367992164,false,קרם קוקוס ללא גלוטן,טאפ פאד ונגפורן,CN,קרם קוקוס ל.גלוטן 20,מיליליטרים,250.00,"100 מ""ל",false,,7.90,0.0316,true,1,49700
8850367992171,false,קרם קוקוס מזרח ומערב,טאפאדונגפורן קוקינט,TH,קרם קוקוס מזרח ומערב,קילוגרמים,1.00,ליטר,false,,18.90,18.9000,true,1,49721
8850367994021,false,רוטב צילי מתוק ללא ס,יאן ונזל יון,TH,רוטב צ'ילי מתוק ללא,מיליליטרים,280.00,"100 מ""ל",false,,9.90,0.0354,true,1,64746
8850367994779,false,מחית קארי ירוקה מזרח,טאפאדונגפורן קוקינט,TH,מחית קארי ירוקה מאי,גרמים,50.00,100 גרם,false,,4.90,0.0980,true,1,64750
8850367994786,false,מחית קארי אדומה מזרח,טאפאדונגפורן קוקינט,TH,מחית קארי אדומה מאי,גרמים,50.00,100 גרם,false,,4.90,0.0980,true,1,64751
8850389105825,false,סאפה אלוורה ענבים 1ליטר,סאפה פובליק קומפני ל,TH,משקה אלוורה סאפה ענב,קילוגרמים,1.00,ליטר,false,,11.90,11.9000,true,1,20098
8850389105832,false,משקה אלוורה בטעם תפוחים,סאפה פובליק קומפני ל,TH,משקה אלוורה סאפה תפו,קילוגרמים,1.00,ליטר,false,,11.90,11.9000,true,1,20095
8850389105849,false,משקה אלוורה בטעם אפרסק,סאפה פובליק קומפני ל,TH,משקה אלוורה סאפה אפר,קילוגרמים,1.00,ליטר,false,,11.90,11.9000,true,1,20094
8858271002870,false,רוטב פאד תאי 250 מ'ל - מקסצ'אפ,"ייאן וואל יון בע""מ",TH,רוטב פאד תאי מזרח ומ,מיליליטרים,250.00,"100 מ""ל",false,,9.90,0.0396,true,1,49713
8858271002887,false,רוטב טריאקי מזרח ומע,דאנינג יוה פודס קו,TH,רוטב טריאקי מזרח ומע,מיליליטרים,250.00,"100 מ""ל",false,,9.90,0.0396,true,1,49714
8858271003020,false,רוטב סויה פורמולה 1 - 700 מ'ל מקסצ'אפ,יאן ונזל יון,TH,רוטב סויה מזרח ומערב,מיליליטרים,700.00,"100 מ""ל",false,,14.90,0.0213,true,1,49722
8858271003075,false,רוטב סויה מתוקה מקסצ,דאנינג יוה פודס קו,TH,רוטב סויה מתוקה מקסצ,מיליליטרים,700.00,"100 מ""ל",false,,14.90,0.0213,true,1,64747
8858271003921,false,רוטב קארי אדום מקסצ',יאן וואל יאן,TH,רוטב קארי אדום מקסצ',מיליליטרים,250.00,"100 מ""ל",false,,9.90,0.0396,true,1,57057
8858271004034,false,רוטב צילי חריף מקסצו,דאנינג יוה פודס קו,TH,רוטב צ'ילי חריף מקסצ,מיליליטרים,700.00,"100 מ""ל",false,,14.90,0.0213,true,1,64748
8858271004126,false,רוטב חמוץ מתוק מקסצו,יאן ונזל יון,TH,רוטב חמוץ מתוק מזרח,מיליליטרים,700.00,"100 מ""ל",false,,14.90,0.0213,true,1,49876
8858271004300,false,רוטב טריאקי מקסצא'פ,דאנינג יוה פודס קו,CN,רוטב טריאקי מקסצא'פ,מיליליטרים,700.00,"100 מ""ל",false,,18.90,0.0270,true,1,64749
8858271004799,false,רוטב צ'ילי מתוק מזרח,יאן ונזל יון,TH,רוטב צ'ילי מתוק מזרח,מיליליטרים,700.00,"100 מ""ל",false,,12.50,0.0179,true,1,49715
8858271005772,false,רוטב סויה מקסצ'פ ללא,יאן ונזל יון,TH,רוטב סויה מקסצ'פ ללא,מיליליטרים,300.00,"100 מ""ל",false,,15.90,0.0530,true,1,53403
8901537024014,false,"אורז בסמטי מובחר 1 ק""ג - דוואט) יורה דיעה",הנסיך- מפעל לייצור ט,IN,אורז בסמטי דאווט 1 ק,פריט,1.00,"ק""ג",false,,11.90,11.9000,true,1,32832
8901537076679,false,"אורז בסמטי חום מלא 1 ק""ג דאוואט",האי נאם סי או אל.טי.,IN,אורז בסמטי חום מלא ד,פריט,1.00,"ק""ג",false,,11.90,11.9000,true,1,47351
8906006432383,false,קיוי נוזל משופר שחור,,,נוזל קיווי שחור משופ,מיליליטרים,75.00,"100 מ""ל",false,,13.90,0.1853,true,1,10652
8906006432468,false,משחת נעליים קופסא שחור 50 ג',,,קיוי קופסא שחור פקק,Unknown,0.00,יחידה,false,,5.90,0.0000,true,1,10654
8906006432505,false,נוזל קיווי שחור אקספ,,,נוזל קיווי שחור אקספ,Unknown,0.00,יחידה,false,,13.90,0.0000,true,1,26312
8908003972220,false,צנימים דורומי 300 גר,טי.אר.די.פי הפי וורל,IN,צנימים דורומי 300 גר,גרמים,300.00,100 גרם,false,,7.90,0.0263,true,1,65028
8938535541366,false,דפי אורז צבעוניים לל,CHANH KHANG COMPANY,VN,דפי אורז צבעוניים לל,גרמים,400.00,100 גרם,false,,14.90,0.0373,true,1,57055
8992787963581,true,סט 6 כוסות יין 185 מ,,,סט 6 כוסות יין 185 מ,Unknown,0.00,יחידה,false,,19.90,0.0000,true,1,9943
9000101548211,false,קולור קאצר 40 דפים ל,הנקל סוד,IE,קולור קאצר 40 דפים ל,Unknown,0.00,יחידה,false,,29.90,0.0000,true,1,64067
9000101548419,false,קולור קאצ`ר דפים למכונת לכביסה מחדש צבע לבן 18 יח',הנקל סוד,IE,קולור קאצר 18 דפים מ,Unknown,0.00,יחידה,false,,14.90,0.0000,true,1,64068
9000133266435,true,גליל גבינה מותכת 25%,,,גליל גבינה מותכת 25%,,0.00,,false,,14.90,0.0000,true,1,15869
9001395807015,true,בננית 300 גרם,,,בננית 300 גרם,גרמים,0.00,100 גרם,false,,9.90,0.0000,true,1,43048
9001395812200,true,בננית תות 300 גרם,,,בננית תות 300 גרם,גרמים,0.00,100 גרם,false,,9.90,0.0000,true,1,43047
9346673502085,true,מחבת מיני,,,מחבת מיני,Unknown,0.00,יחידה,false,,8.90,0.0000,true,1,26565
9346673502108,true,מחבת מיני,,,מחבת מיני,Unknown,0.00,יחידה,false,,8.90,0.0000,true,1,26567
9720188060108,false,טופוטי ממרח על בסיס סויה בסגנון שמנת 340ג',טופוטי ברנדס אינק.ג',IL,ממרח סויה בסגנון שמנ,גרמים,340.00,100 גרם,false,,18.90,0.0556,true,1,7527
9843022871132,false,נר הבדלה פמוט פירמיד,,,נר הבדלה פמוט פירמיד,Unknown,0.00,יחידה,false,,14.90,0.0000,true,1,57185
