code,internal_code,name,manufacturer_name,manufacture_country,manufacturer_item_description,unit_qty,quantity,unit_of_measure,weighted,qty_in_package,price,unit_of_measure_price,allow_discount,status,item_id
6,true,"מוניות הערבה ב -5ש""ח",שונות /שרות,,,"י""ח",1,,false,1,4.20,4.20,false,1,
13,true,שתיה קרה בקבוק גדול 1.5 ל`,החברה המרכזית להפצת משקאות בעמ,,,"י""ח",1,,false,1,8.20,8.20,false,1,
52,true,צלעות בשר לא מוכשר,ב ספק בשר קפוא,,,"ק""ג",1,,true,1,31.30,31.30,false,1,
135,true,"סלסלה מרובעת 28 ש""ח",לפ אליס אריזות מתנה~~~,,,"י""ח",1,,false,1,23.70,23.70,false,1,
151,true,עוף טחון טרי {קצביה]**,"ח.י. מעדני גורמה בע""מ",,,"ק""ג",1,,true,1,42.70,42.70,true,1,
353,true,72גינגר תפזורת,ביכורי השדה צפון 1994 ג.ד. בעמ,,,"ק""ג",1,,true,1,33.80,33.80,false,1,
505,true,אבוקדו,ביכורי השדה צפון 1994 ג.ד. בעמ,,,"ק""ג",1,"ק""ג",true,1,10.90,10.90,false,1,
506,true,אבטיח,ביכורי השדה צפון 1994 ג.ד. בעמ,,,"ק""ג",1,"ק""ג",true,1,5.90,5.90,false,1,
510,true,אגסים,ביכורי השדה צפון 1994 ג.ד. בעמ,,,"ק""ג",1,"ק""ג",true,1,12.90,12.90,false,1,
515,true,אפרסמון,ביכורי השדה צפון 1994 ג.ד. בעמ,,,"ק""ג",1,"ק""ג",true,1,11.90,11.90,false,1,
516,true,קרמבולה,ביכורי השדה צפון 1994 ג.ד. בעמ,,,"ק""ג",1,,true,1,39.90,39.90,false,1,
522,true,אננס.,ביכורי השדה צפון 1994 ג.ד. בעמ,,,"י""ח",1,,false,1,29.90,29.90,false,1,
523,true,אשכולית אדומה,ביכורי השדה צפון 1994 ג.ד. בעמ,,,"ק""ג",1,"ק""ג",true,1,6.90,6.90,false,1,
525,true,אשכולית,ביכורי השדה צפון 1994 ג.ד. בעמ,,,"ק""ג",1,"ק""ג",true,1,4.90,4.90,false,1,
527,true,אגס אדום,ביכורי השדה צפון 1994 ג.ד. בעמ,,,"ק""ג",1,,true,1,14.90,14.90,false,1,
530,true,בננה.,ביכורי השדה צפון 1994 ג.ד. בעמ,,,"ק""ג",1,"ק""ג",true,1,7.90,7.90,false,1,
535,true,לימון,ביכורי השדה צפון 1994 ג.ד. בעמ,,,"ק""ג",1,"ק""ג",true,1,6.90,6.90,false,1,
536,true,פמלה,ביכורי השדה צפון 1994 ג.ד. בעמ,,,"ק""ג",1,"ק""ג",true,1,6.90,6.90,false,1,
540,true,מלון,ביכורי השדה צפון 1994 ג.ד. בעמ,,,"ק""ג",1,"ק""ג",true,1,6.90,6.90,false,1,
541,true,שורש פטרוזילה,ביכורי השדה צפון 1994 ג.ד. בעמ,,,"י""ח",1,,false,1,8.50,8.50,false,1,
543,true,מנגו,ביכורי השדה צפון 1994 ג.ד. בעמ,,,"ק""ג",1,"ק""ג",true,1,5.90,5.90,false,1,
546,true,פפאיה,ביכורי השדה צפון 1994 ג.ד. בעמ,,,"ק""ג",1,,true,1,16.90,16.90,false,1,
553,true,ענב אדום,ביכורי השדה צפון 1994 ג.ד. בעמ,,,"ק""ג",1,"ק""ג",true,1,16.90,16.90,false,1,
554,true,ענבים לבן .,ביכורי השדה צפון 1994 ג.ד. בעמ,,,"ק""ג",1,"ק""ג",true,1,22.90,22.90,false,1,
557,true,פמלית,ביכורי השדה צפון 1994 ג.ד. בעמ,,,"ק""ג",1,"ק""ג",true,1,8.90,8.90,false,1,
560,true,קלמנטינה,ביכורי השדה צפון 1994 ג.ד. בעמ,,,"ק""ג",1,"ק""ג",true,1,5.90,5.90,false,1,
563,true,קיווי.,ביכורי השדה צפון 1994 ג.ד. בעמ,,,"ק""ג",1,"ק""ג",true,1,19.90,19.90,false,1,
564,true,רימונים,ביכורי השדה צפון 1994 ג.ד. בעמ,,,"ק""ג",1,"ק""ג",true,1,7.90,7.90,false,1,
566,true,שזיף אדום.,ביכורי השדה צפון 1994 ג.ד. בעמ,,,"ק""ג",1,"ק""ג",true,1,15.90,15.90,false,1,
567,true,גזר בתפזורת,ביכורי השדה צפון 1994 ג.ד. בעמ,,,"ק""ג",1,,true,1,3.90,3.90,false,1,
569,true,שזיף שגיב,ביכורי השדה צפון 1994 ג.ד. בעמ,,,"ק""ג",1,,true,1,19.90,19.90,false,1,
575,true,תפוז תבורי.,ביכורי השדה צפון 1994 ג.ד. בעמ,,,"ק""ג",1,"ק""ג",true,1,5.90,5.90,false,1,
580,true,תפוח אנה,ביכורי השדה צפון 1994 ג.ד. בעמ,,,"ק""ג",1,"ק""ג",true,1,10.90,10.90,false,1,
581,true,תפוח יונתן,ביכורי השדה צפון 1994 ג.ד. בעמ,,,"ק""ג",1,"ק""ג",true,1,10.90,10.90,false,1,
583,true,תפוח סמיט ירוק,ביכורי השדה צפון 1994 ג.ד. בעמ,,,"ק""ג",1,"ק""ג",true,1,10.90,10.90,false,1,
585,true,תפוח חרמון,ביכורי השדה צפון 1994 ג.ד. בעמ,,,"ק""ג",1,"ק""ג",true,1,10.90,10.90,false,1,
586,true,תפוז ברשת,ביכורי השדה צפון 1994 ג.ד. בעמ,,,"ק""ג",1,,true,1,4.90,4.90,false,1,
588,true,תפוח גלה,ביכורי השדה צפון 1994 ג.ד. בעמ,,,"ק""ג",1,"ק""ג",true,1,12.90,12.90,false,1,
590,true,תפוח זהוב.,ביכורי השדה צפון 1994 ג.ד. בעמ,,,"ק""ג",1,"ק""ג",true,1,10.90,10.90,false,1,
594,true,סברס,ביכורי השדה צפון 1994 ג.ד. בעמ,,,"ק""ג",1,"ק""ג",true,1,29.90,29.90,false,1,
603,true,פטרוזיליה רגילה לא ארוז,ביכורי השדה צפון 1994 ג.ד. בעמ,,,"י""ח",1,,false,1,3.90,3.90,true,1,
604,true,נענע רגילה לא ארוז,ביכורי השדה צפון 1994 ג.ד. בעמ,,,"י""ח",1,,false,1,3.90,3.90,true,1,
605,true,בצל יבש,ביכורי השדה צפון 1994 ג.ד. בעמ,,,"ק""ג",1,"ק""ג",true,1,3.90,3.90,false,1,
606,true,בצל אדום,ביכורי השדה צפון 1994 ג.ד. בעמ,,,"ק""ג",1,"ק""ג",true,1,6.90,6.90,false,1,
608,true,בצל ירוק,ביכורי השדה צפון 1994 ג.ד. בעמ,,,"י""ח",1,,false,1,5.90,5.90,false,1,
610,true,ברוקולי יחידה,ביכורי השדה צפון 1994 ג.ד. בעמ,,,"י""ח",1,,false,1,12.90,12.90,false,1,
612,true,בטטה,ביכורי השדה צפון 1994 ג.ד. בעמ,,,"ק""ג",1,"ק""ג",true,1,9.90,9.90,false,1,
620,true,דלעת,ביכורי השדה צפון 1994 ג.ד. בעמ,,,"ק""ג",1,"ק""ג",true,1,12.90,12.90,false,1,
621,true,קרעה,ביכורי השדה צפון 1994 ג.ד. בעמ,,,"ק""ג",1,,true,1,19.90,19.90,false,1,
622,true,דלורית,ביכורי השדה צפון 1994 ג.ד. בעמ,,,"ק""ג",1,"ק""ג",true,1,5.90,5.90,false,1,
623,true,חסה ערבית,ביכורי השדה צפון 1994 ג.ד. בעמ,,,"י""ח",1,,false,1,3.90,3.90,false,1,
625,true,חציל,ביכורי השדה צפון 1994 ג.ד. בעמ,,,"ק""ג",1,"ק""ג",true,1,6.90,6.90,false,1,
628,true,פול ירוק,ביכורי השדה צפון 1994 ג.ד. בעמ,,,"ק""ג",1,"ק""ג",true,1,9.90,9.90,false,1,
629,true,ירק בתפזורת,ביכורי השדה צפון 1994 ג.ד. בעמ,,,"י""ח",1,,false,1,3.90,3.90,true,1,
630,true,כרוב לבן,ביכורי השדה צפון 1994 ג.ד. בעמ,,,"ק""ג",1,"ק""ג",true,1,3.90,3.90,false,1,
633,true,כרוב אדום,ביכורי השדה צפון 1994 ג.ד. בעמ,,,"ק""ג",1,"ק""ג",true,1,4.90,4.90,false,1,
635,true,כרובית,ביכורי השדה צפון 1994 ג.ד. בעמ,,,"י""ח",1,"ק""ג",false,1,10.90,10.90,false,1,
636,true,שמיר רגיל לא ארוז,ביכורי השדה צפון 1994 ג.ד. בעמ,,,"י""ח",1,,false,1,3.90,3.90,true,1,
643,true,כוסברה רגילה לא ארוז,ביכורי השדה צפון 1994 ג.ד. בעמ,,,"י""ח",1,,false,1,3.90,3.90,true,1,
645,true,מלפפון.,ביכורי השדה צפון 1994 ג.ד. בעמ,,,"ק""ג",1,"ק""ג",true,1,6.90,6.90,false,1,
657,true,סלרי,ביכורי השדה צפון 1994 ג.ד. בעמ,,,"י""ח",1,,false,1,5.90,5.90,false,1,
659,true,סלק אדום,ביכורי השדה צפון 1994 ג.ד. בעמ,,,"ק""ג",1,"ק""ג",true,1,3.90,3.90,false,1,
660,true,עגבניה.,ביכורי השדה צפון 1994 ג.ד. בעמ,,,"ק""ג",1,"ק""ג",true,1,6.90,6.90,false,1,
661,true,עגבניה שרי תפזורת,ביכורי השדה צפון 1994 ג.ד. בעמ,,,"ק""ג",1,,true,1,18.90,18.90,false,1,
663,true,פלפל חריף ירוק,ביכורי השדה צפון 1994 ג.ד. בעמ,,,"ק""ג",1,"ק""ג",true,1,9.90,9.90,false,1,
665,true,פלפל כהה,ביכורי השדה צפון 1994 ג.ד. בעמ,,,"ק""ג",1,"ק""ג",true,1,8.90,8.90,false,1,
666,true,פלפל צהוב,ביכורי השדה צפון 1994 ג.ד. בעמ,,,"ק""ג",1,"ק""ג",true,1,9.90,9.90,false,1,
667,true,גמבה אדומה,ביכורי השדה צפון 1994 ג.ד. בעמ,,,"ק""ג",1,"ק""ג",true,1,9.90,9.90,false,1,
669,true,פלפל בהיר,ביכורי השדה צפון 1994 ג.ד. בעמ,,,"ק""ג",0,"ק""ג",true,1,9.90,9.90,false,1,
677,true,צנון שחור,ביכורי השדה צפון 1994 ג.ד. בעמ,,,"ק""ג",1,,true,1,6.70,6.70,false,1,
680,true,צנון,ביכורי השדה צפון 1994 ג.ד. בעמ,,,"ק""ג",1,"ק""ג",true,1,7.90,7.90,false,1,
683,true,צנונית עלים,ביכורי השדה צפון 1994 ג.ד. בעמ,,,"י""ח",1,,false,1,6.90,6.90,false,1,
684,true,זנגביל,ביכורי השדה צפון 1994 ג.ד. בעמ,,,"ק""ג",1,,true,1,29.90,29.90,false,1,
685,true,קישואים.,ביכורי השדה צפון 1994 ג.ד. בעמ,,,"ק""ג",1,"ק""ג",true,1,8.90,8.90,false,1,
687,true,קולורבי,ביכורי השדה צפון 1994 ג.ד. בעמ,,,"ק""ג",1,"ק""ג",true,1,9.90,9.90,false,1,
689,true,שום ארוז.,ביכורי השדה צפון 1994 ג.ד. בעמ,,,"י""ח",1,,false,1,7.90,7.90,true,1,
690,true,שומר,ביכורי השדה צפון 1994 ג.ד. בעמ,,,"ק""ג",1,"ק""ג",true,1,8.90,8.90,false,1,
692,true,שום טרי.,ביכורי השדה צפון 1994 ג.ד. בעמ,,,"ק""ג",1,,true,1,19.90,19.90,false,1,
693,true,תירס בתפזורת,ביכורי השדה צפון 1994 ג.ד. בעמ,,,"ק""ג",1,,true,1,19.90,19.90,false,1,
698,true,תירס קלחים טרי ארוז.,ביכורי השדה צפון 1994 ג.ד. בעמ,,,"ק""ג",1,"ק""ג",true,1,9.90,9.90,false,1,
699,true,תפוח אדמה אדום.,ביכורי השדה צפון 1994 ג.ד. בעמ,,,"ק""ג",1,"ק""ג",true,1,4.90,4.90,false,1,
700,true,תפוח אדמה לבן ארוז,ביכורי השדה צפון 1994 ג.ד. בעמ,,,"ק""ג",1,"ק""ג",true,1,3.90,3.90,false,1,
702,true,"תפו""א לאפיה",ביכורי השדה צפון 1994 ג.ד. בעמ,,,"ק""ג",1,,true,1,3.90,3.90,false,1,
716,true,פלפל כתום,ביכורי השדה צפון 1994 ג.ד. בעמ,,,"ק""ג",1,"ק""ג",true,1,9.90,9.90,false,1,
734,true,קובו,ביכורי השדה צפון 1994 ג.ד. בעמ,,,"ק""ג",1,,true,1,29.90,29.90,false,1,
741,true,"תפו""א בתפזורת",ביכורי השדה צפון 1994 ג.ד. בעמ,,,"ק""ג",1,,true,1,5,5,false,1,
770,true,פלפל שושקה,ביכורי השדה צפון 1994 ג.ד. בעמ,,,"ק""ג",1,,true,1,15.90,15.90,false,1,
821,true,תפוח פינק,ביכורי השדה צפון 1994 ג.ד. בעמ,,,"ק""ג",1,"ק""ג",true,1,19.90,19.90,false,1,
837,true,אגס תפוח (נאשי),ביכורי השדה צפון 1994 ג.ד. בעמ,,,"ק""ג",1,,true,1,16.90,16.90,false,1,
868,true,חצי בגט,שונות /שרות,,,"י""ח",1,,false,1,2.50,2.50,false,1,
891,true,אפרסמון קרמבו.,ביכורי השדה צפון 1994 ג.ד. בעמ,,,"ק""ג",1,"ק""ג",true,1,11.90,11.90,false,1,
958,true,פטיה,ביכורי השדה צפון 1994 ג.ד. בעמ,,,"ק""ג",0,"י""ח",true,1,24.90,24.90,false,1,
985,true,פטרוזיליה,ביכורי השדה צפון 1994 ג.ד. בעמ,,,"י""ח",1,,false,1,3.90,3.90,true,1,
1452,true,גרבי בובה גברים/נשים,ליאור יבוא ושיווק מוצרי הלבשה,,,"י""ח",1,,false,1,18.50,18.50,false,1,
1566,true,גוזיית ספורט X,ליאור יבוא ושיווק מוצרי הלבשה,,,"י""ח",1,,false,1,13.50,13.50,false,1,
1616,true,כוסברה,ביכורי השדה צפון 1994 ג.ד. בעמ,,,"י""ח",1,,false,1,6.90,6.90,true,1,
1727,true,גרב עקב בנים/בנות,ליאור יבוא ושיווק מוצרי הלבשה,,,"י""ח",1,,false,1,14.40,14.40,false,1,
3416,true,קוקטייל עוף טרי מקוצב,"ח.י. מעדני גורמה בע""מ",,,"ק""ג",1,,true,1,42.70,42.70,true,1,
3990,true,לחמניה,לפ קבוצת אלירן בעמ,,,"י""ח",1,,false,1,1.90,1.90,false,1,
4018,true,מעורב ירושלמי,"ח.י. מעדני גורמה בע""מ",,,"ק""ג",1,,true,1,51.20,51.20,false,1,
4199,true,תחתון חמישייה לנשים,ליאור יבוא ושיווק מוצרי הלבשה,,,"י""ח",1,,false,1,20.40,20.40,false,1,
4443,true,סופגניה רגילה עם ריבה.,שונות /שרות,,,"י""ח",1,,false,1,4.20,4.20,true,1,
4444,true,סופגניה פרימיום מצופות.,ג נרל מילס ישראל בעמ,,,"י""ח",1,,false,1,5,5,true,1,
5042,true,אנטריקוט כשר טרי **,"ח.י. מעדני גורמה בע""מ",,,"ק""ג",1,,true,1,145.20,145.20,true,1,
5300,true,צוואר כבש טרי**,ח.י. מעדני גורמה בעמ,,,"ק""ג",1,,true,1,68.30,68.30,false,1,
5400,true,כתף כבש טרי חלק**,ח.י. מעדני גורמה בעמ,,,"ק""ג",1,,true,1,102.50,102.50,true,1,
6006,true,מסירה אישית,שונות /שרות,,,"י""ח",1,,false,1,0.10,0.10,false,1,
6590,true,סופגניה מיני.,ג נרל מילס ישראל בעמ,,,"י""ח",55,ל גרם,false,1,3.30,6,true,1,
8027,true,תרומה ילדים בסיכון,שונות /שרות,,,"י""ח",1,,false,1,10,10,false,1,
11117,true,מאפים משקל,שונות /שרות,,,"ק""ג",300,ל גרם,true,1,25.60,8.53,false,1,
23816,true,יין קלאסיק ברקן אמרלד ריזלינג,טמפו משקאות בעמ,,,"י""ח",750,"ל מ""ל",false,1,28.20,3.72,true,1,
24530,true,"יין אדום מתוק לקידוש של סגל 750מ""ל",טמפו משקאות בעמ,,,"י""ח",750,"ל מ""ל",false,1,12.80,1.67,false,1,
40442,true,עצמות בקר למרק טרי**,ח.י. מעדני גורמה בעמ,,,"ק""ג",1,,true,1,16.90,16.90,false,1,
40974,true,חלב טרי דל לקטוז 1 ליטר,"תנובה בע""מ ***",,,"י""ח",1,ליטר,false,1,7.50,7.50,false,1,
41012,true,שניצל עגל טרי/מצונן**,ח.י. מעדני גורמה בעמ,,,"ק""ג",1,,true,1,79.90,79.90,false,1,
41042,true,דואט למרק **,"ח.י. מעדני גורמה בע""מ",,,"ק""ג",1,,true,1,14.40,14.40,true,1,
41124,true,טחון אסאדו טרי **.,ח.י. מעדני גורמה בעמ,,,"ק""ג",1,,true,1,59.70,59.70,false,1,
41212,true,סטייק פרגיות עוף טרי**,"ח.י. מעדני גורמה בע""מ",,,"ק""ג",1,,true,1,68.30,68.30,true,1,
41218,true,גרון עוף טרי **,"ח.י. מעדני גורמה בע""מ",,,"ק""ג",1,,true,1,12.70,12.70,true,1,
41223,true,פרגית יחידה טרי**,ח.י. מעדני גורמה בעמ,,,"י""ח",1,,false,1,38.40,38.40,false,1,
41231,true,שווארמה הודו עם עצם טרי**,ח.י. מעדני גורמה בעמ,,,"ק""ג",1,,true,1,49.90,49.90,false,1,
41235,true,רצועות שוארמה הודו**,"ח.י. מעדני גורמה בע""מ",,,"ק""ג",1,,true,1,64,64,false,1,
41260,true,כתף בקר טרי /מצונן חלק.,"ח.י. מעדני גורמה בע""מ",,,"ק""ג",1,,true,1,68.30,68.30,false,1,
41265,true,עצמות מח/ברך טרי**,ח.י. מעדני גורמה בעמ,,,"ק""ג",1,,true,1,29.60,29.60,false,1,
41268,true,אסאדו עם עצם טרי**,"ח.י. מעדני גורמה בע""מ",,,"ק""ג",1,,true,1,68.30,68.30,true,1,
41269,true,גולש עגל טרי/מצונן**,"ח.י. מעדני גורמה בע""מ",,,"ק""ג",1,,true,1,68.30,68.30,true,1,
41270,true,כנפית עוף **,"ח.י. מעדני גורמה בע""מ",,,"ק""ג",1,,true,1,18.70,18.70,true,1,
41271,true,אנטריקוט טרי/מצונן**,"ח.י. מעדני גורמה בע""מ",,,"ק""ג",1,,true,1,170.10,170.10,true,1,
41273,true,אצבעות אנטריקוט**,ח.י. מעדני גורמה בעמ,,,"ק""ג",1,,true,1,76.80,76.80,false,1,
41279,true,צלעות כבש טרי**,ח.י. מעדני גורמה בעמ,,,"ק""ג",1,,true,1,160.70,160.70,false,1,
41315,true,זוג עופיונים,ח.י. מעדני גורמה בעמ,,,"י""ח",1,,false,1,72.70,72.70,true,1,
41362,true,צלעות בקר טרי/מצונן **,ח.י. מעדני גורמה בעמ,,,"ק""ג",1,,true,1,59.70,59.70,false,1,
41364,true,סינטה טרי**,ח.י. מעדני גורמה בעמ,,,"ק""ג",1,,true,1,127.20,127.20,false,1,
41371,true,חזה אסאדו כבש טרי**,ח.י. מעדני גורמה בעמ,,,"ק""ג",1,,true,1,68.30,68.30,false,1,
41374,true,שפיץ **,"ח.י. מעדני גורמה בע""מ",,,"ק""ג",1,,true,1,118.60,118.60,true,1,
41379,true,שוקית כנף עוף **,"ח.י. מעדני גורמה בע""מ",,,"ק""ג",1,,true,1,18.70,18.70,true,1,
41414,true,אונטריף טרי/מצונן**,"ח.י. מעדני גורמה בע""מ",,,"ק""ג",1,,true,1,76.80,76.80,true,1,
41447,true,פרגית עוף לתנור עם עצם טרי**,"ח.י. מעדני גורמה בע""מ",,,"ק""ג",1,,true,1,51.20,51.20,true,1,
41659,true,אסאדו בלי עצם טרי**,"ח.י. מעדני גורמה בע""מ",,,"ק""ג",1,,true,1,68.30,68.30,true,1,
42209,true,טחון כתף/צלעות טרי **,"ח.י. מעדני גורמה בע""מ",,,"ק""ג",1,,true,1,51.20,51.20,true,1,
42261,true,סטייק עם עצם טרי**,ח.י. מעדני גורמה בעמ,,,"ק""ג",1,,true,1,102.50,102.50,true,1,
42265,true,צלי כתף טרי/מצונן**,"ח.י. מעדני גורמה בע""מ",,,"ק""ג",1,,true,1,85.40,85.40,false,1,
42266,true,פילה מדומה טרי/מצונן**,"ח.י. מעדני גורמה בע""מ",,,"ק""ג",1,,true,1,76.80,76.80,true,1,
42267,true,אוסובוקו טרי**,"ח.י. מעדני גורמה בע""מ",,,"ק""ג",1,,true,1,59.70,59.70,true,1,
42269,true,צוואר טרי/מצונן חלק**,"ח.י. מעדני גורמה בע""מ",,,"ק""ג",1,"ק""ג",true,1,55.50,55.50,true,1,
42288,true,שייטל עגל טרי מעדני גורמה**,ח.י. מעדני גורמה בעמ,,,"ק""ג",1,,true,1,85.40,85.40,false,1,
42866,true,אוסובוקו הודו טרי **,"ח.י. מעדני גורמה בע""מ",,,"ק""ג",1,,true,1,34.10,34.10,true,1,
46006,true,עמק שקילה *,"תנובה בע""מ ***",,,"ק""ג",1000,ל גרם,true,1,38.28,3.83,false,1,
46501,true,טל העמק שקיל,"תנובה בע""מ ***",,,"ק""ג",1000,ל גרם,true,1,61.30,6.13,false,1,
46662,true,.גבינה סקנדינבית,"תנובה בע""מ ***",,,"ק""ג",10,"ק""ג",true,1,79,7.90,false,1,
47027,true,גבינה קצ`קבל(גלעד) חריץ תנובה שקיל,"תנובה בע""מ ***",,,"ק""ג",1000,ל גרם,true,1,128.30,12.83,false,1,
47034,true,רוקפור(גליל) חריץ שקיל תנובה,תנובה בעמ ***,,,"ק""ג",1000,ל גרם,true,1,104.30,10.43,false,1,
47485,true,בולגרית פיראוס %24 שקיל,"תנובה בע""מ ***",,,"ק""ג",1,"ק""ג",true,1,48.70,48.70,false,1,
51376,true,יופלה דיאט אננס ספורטיבי 150גר`,"תנובה בע""מ ***",,,"י""ח",150,ל גרם,false,1,5,3.33,false,1,
51710,true,פיראוס לאבנה עם שמן זית וזעתר 263גר`,"תנובה בע""מ ***",,,"י""ח",263,ל גרם,false,1,14.60,5.55,false,1,
52311,true,עמק 15% פרוס בקופסא 200גר`,"תנובה בע""מ ***",,,"י""ח",200,ל גרם,false,1,16.70,8.35,true,1,
52649,true,פיראוס לאבנה 5% 500גר`,"תנובה בע""מ ***",,,"י""ח",500,ל גרם,false,1,19.90,3.98,false,1,
55336,true,"יופלה משקה יוגורט טעם בננה-אפרסק 250מ""","תנובה בע""מ ***",,,"י""ח",250,ל גרם,false,1,5.70,2.28,false,1,
56845,true,חלב תנובה טרי הומוגני 3% 1.5 ליטר*,"תנובה בע""מ ***",,,"י""ח",1.50,ליטר,false,1,7.98,5.32,false,1,
56883,true,מאגדת יופלה שמיניה פירות 3%,"תנובה בע""מ ***",,,"י""ח",1.20,ליטר,false,1,31.80,26.50,false,1,
57088,true,עמק דק 200גר`,"תנובה בע""מ ***",,,"י""ח",200,ל גרם,false,1,16.70,8.35,true,1,
57118,true,עמק סמי מעדניה 400גרם,"תנובה בע""מ ***",,,"י""ח",400,ל גרם,false,1,23.90,5.98,false,1,
57132,true,יוגורט תנובה 1.5% 200גרם,תנובה בעמ ***,,,"י""ח",200,ל גרם,false,1,2.70,1.35,false,1,
57149,true,יוגורט תנובה 3% 200גרם,"תנובה בע""מ ***",,,"י""ח",200,ל גרם,false,1,2.70,1.35,false,1,
58030,true,"יופלה שטוזים מקה יוגורט תות 800 מ""ל","תנובה בע""מ ***",,,"י""ח",800,"ל מ""ל",false,1,21.10,2.64,false,1,
58047,true,"שמנת מתוקה (38%תנובה)עם פקק 500 מ""ל*","תנובה בע""מ ***",,,"י""ח",500,"ל מ""ל",false,1,11.06,2.21,false,1,
61214,true,פתיתים קוסקום עם בצל 500גר`,קבוצת אוסם סחר-שות.מוגבלת,,,"י""ח",500,ל גרם,false,1,6.80,1.36,true,1,
61450,true,פתיתים קוסקוס 3 צבעים 500גר`,קבוצת אוסם סחר-שות.מוגבלת,,,"י""ח",500,ל גרם,false,1,8.60,1.72,true,1,
65977,true,חטיפי פריכונים תירס שומשום 80 ג`,קבוצת אוסם סחר-שות.מוגבלת,,,"י""ח",800,ל גרם,false,1,9.30,1.16,false,1,
66660,true,"שקדי מרק כשל""פ",קבוצת אוסם סחר-שות.מוגבלת,,,"י""ח",1,,false,1,11.90,11.90,false,1,
69609,true,חטיפי קרקר זעתר 300גר`,קבוצת אוסם סחר-שות.מוגבלת,,,"י""ח",300,ל גרם,false,1,12.90,4.30,true,1,
69715,true,חטיפי קרקר מלוח 300גר`,קבוצת אוסם סחר-שות.מוגבלת,,,"י""ח",300,ל גרם,false,1,10.20,3.40,true,1,
71008,true,שטוחים בייגלה מלח 60גר,קבוצת אוסם סחר-שות.מוגבלת,,,"י""ח",60,ל גרם,false,1,2.70,4.50,false,1,
72067,true,במבה חלבה 60גר`,קבוצת אוסם סחר-שות.מוגבלת,,,"י""ח",60,ל גרם,false,1,3.70,6.17,true,1,
73699,true,חומוס 150גר צבר,קבוצת אוסם סחר-שות.מוגבלת,,,"י""ח",150,ל גרם,false,1,5.80,3.87,false,1,
74481,true,לחמית אגוזים 230גרם,קבוצת אוסם סחר-שות.מוגבלת,,,"י""ח",230,ל גרם,false,1,7.60,3.30,true,1,
103488,true,ארטישוק ירושלמי}סנפרוסט{400גר,תנובה בשר,,,"י""ח",400,ל גרם,false,1,17.90,4.48,true,1,
103846,true,מרק אפונה 572גרם סנפרוסט,תנובה בשר,,,"י""ח",572,ל גרם,false,1,18.50,3.23,true,1,
103860,true,מרק עדשים 572גרם סנפרוסט,תנובה בשר,,,"י""ח",572,ל גרם,false,1,14.40,2.52,true,1,
103877,true,מרק שעועית 644גרם סנפרוסט,תנובה בשר,,,"י""ח",644,ל גרם,false,1,18.90,2.93,true,1,
110851,true,כיפלי חטיף בצל,יוניליוור ישראל שיווק בעמ,,,"י""ח",70,ל גרם,false,1,3.90,5.57,false,1,
116884,true,רוטב ברביקיו-קנור 340גרם,"יוניליוור ישראל שיווק בע""מ",,,"י""ח",340,ל גרם,false,1,9.30,2.74,true,1,
116945,true,רוטב סויה-קנור 340גרם,"יוניליוור ישראל שיווק בע""מ",,,"י""ח",340,ל גרם,false,1,9.30,2.74,true,1,
120874,true,מיונז הלמנס לייט 424גרם,"יוניליוור ישראל שיווק בע""מ",,,"י""ח",424,ל גרם,false,1,11,2.59,false,1,
135311,true,פפסי מקס ליים 1.5 ליטר,טמפו משקאות בעמ,,,"י""ח",1.50,ליטר,false,1,6.50,4.13,true,1,
135342,true,"סודה טמפו 500 מ""ל בודד",טמפו משקאות בעמ,,,"י""ח",500,"ל מ""ל",false,1,2.50,0.44,true,1,
135465,true,"סודה טמפו 500 מ""ל 12 בק",טמפו משקאות בעמ,,,"י""ח",6,ליטר,false,1,25.60,3.75,true,1,
135595,true,פפסי מקס טעם דובדבן 1.5 ליטר,טמפו משקאות בעמ,,,"י""ח",1.50,ליטר,false,1,6.20,3.93,true,1,
136141,true,פפסי 1.5 ליטר.,טמפו משקאות בעמ,,,"י""ח",150,"ל מ""ל",false,1,6.50,4.13,true,1,
136158,true,פפסי מקס 1.5 ליטר,טמפו משקאות בעמ,,,"י""ח",1.50,ליטר,false,1,6.50,4.13,true,1,
136165,true,מירנדה 1.5 ליטר,טמפו משקאות בעמ,,,"י""ח",1.50,ליטר,false,1,6.50,4.13,true,1,
136172,true,סבן אפ 1.5 ליטר.,טמפו משקאות בעמ,,,"י""ח",1.50,ליטר,false,1,6.50,4.13,true,1,
136189,true,7-UP דיאט 1.5 ליטר,טמפו משקאות בעמ,,,"י""ח",1.50,ליטר,false,1,6.20,3.93,true,1,
136240,true,סודה טמפו 1.5 ל,טמפו משקאות בעמ,,,"י""ח",1.50,ליטר,false,1,3.60,2.20,true,1,
136257,true,טוניק RUSH 1.5 ליטר,טמפו משקאות בעמ,,,"י""ח",1.50,ליטר,false,1,8.50,5.47,true,1,
136431,true,ג אמפ אפרסק צלול 1.5 ליטר,טמפו משקאות בעמ,,,"י""ח",1.50,ליטר,false,1,6.50,4.13,true,1,
136455,true,ג אמפ אשכוליות 1.5 ליטר,טמפו משקאות בעמ,,,"י""ח",1.50,ליטר,false,1,6.50,4.13,true,1,
136516,true,ג אמפ מנגו פסיפלורה 1.5 ליטר,טמפו משקאות בעמ,,,"י""ח",1.50,ליטר,false,1,6.50,4.13,true,1,
136523,true,ג אמפ ענבים 1.5 ליטר,טמפו משקאות בעמ,,,"י""ח",1.50,ליטר,false,1,6.50,4.13,true,1,
136776,true,פפסי מקס 1.5 ליטר שישיה,טמפו משקאות בעמ,,,"י""ח",9,ליטר,false,1,32.40,3.43,false,1,
136790,true,סודה 1.5 ליטר שישיה טמפו,טמפו משקאות בעמ,,,"י""ח",9,ליטר,false,1,14.40,1.43,false,1,
136806,true,סודה לימון ליים 1.5ליטר רביעייה,טמפו משקאות בעמ,,,"י""ח",6,ליטר,false,1,10.50,1.58,true,1,
136820,true,סודה פירות יער 1.5ליטר רביעייה.,טמפו משקאות בעמ,,,"י""ח",6,ליטר,false,1,10.50,1.58,true,1,
136868,true,סאן בנדטו שישיה 1.5 ל,טמפו משקאות בעמ,,,"י""ח",9,ליטר,false,1,15.30,1.53,false,1,
136875,true,סאן בנדטו מוגז שישיה 1.5 ליטר,טמפו משקאות בעמ,,,"י""ח",9,ליטר,false,1,17,1.72,false,1,
152943,true,מארז סלמי+פסטרמה 350*2,קבוצת אוסם סחר-שות.מוגבלת,,,"י""ח",700,ל גרם,false,1,25.60,3.66,false,1,
158105,true,שניצל דינוזאור עוף טוב,קבוצת אוסם סחר-שות.מוגבלת,,,"י""ח",700,ל גרם,false,1,39.90,5.70,true,1,
169538,true,נמס בכוס מרק עגבניות עם קרוטונים 62 ג`ב,"יוניליוור ישראל שיווק בע""מ",,,"י""ח",34,ל גרם,false,1,5.90,17.35,true,1,
169798,true,"עוגי מופחת סוכר 500 ג בד""ץ","יוניליוור ישראל שיווק בע""מ",,,"י""ח",500,ל גרם,false,1,17,3.40,true,1,
186337,true,ניקול שלישיית מטליות לחות לניקוי כללי,קימברלי קלארק ישראל שיווק בעמ,,,"י""ח",200,ל גרם,false,1,19.60,9.80,false,1,
187853,true,נייר טואלט לילי לבן 1/40,קימברלי קלארק ישראל שיווק בעמ,,,"י""ח",40,"י""ח",false,1,37.50,0.94,true,1,
188355,true,מגבות ניקול לבנה 1/6,קימברלי קלארק ישראל שיווק בעמ,,,"י""ח",66.20,מטר,false,1,11,0.17,true,1,
188386,true,מגבות ניקול לבנה 1/12,קימברלי קלארק ישראל שיווק בעמ,,,"י""ח",132.40,מארז,false,1,18.70,0.14,false,1,
188591,true,מגני תחתון קוטקס SILK יאנג,קימברלי קלארק ישראל שיווק בעמ,,,"י""ח",1,"י""ח",false,1,19.60,19.60,true,1,
193076,true,מטליות ריצפה ניקול שלשיה,קימברלי קלארק ישראל שיווק בעמ,,,"י""ח",3,"י""ח",false,1,9.30,3.10,false,1,
195216,true,נייר אפיה לתנור בשקית 50יח,קימברלי קלארק ישראל שיווק בעמ,,,"י""ח",1,"י""ח",false,1,9.30,9.30,false,1,
196763,true,שקיות אשפה ניקול גדול,קימברלי קלארק ישראל שיווק בעמ,,,"י""ח",1,"י""ח",false,1,21.30,21.30,true,1,
197425,true,האגיס פרידום דריי שלב 3,קימברלי קלארק ישראל שיווק בעמ,,,"י""ח",54,"י""ח",false,1,39.20,0.73,true,1,
197463,true,האגיס פרידום דריי שלב 4+,קימברלי קלארק ישראל שיווק בעמ,,,"י""ח",42,"י""ח",false,1,39.20,0.93,true,1,
201979,true,מגבוני האגיס,קימברלי קלארק ישראל שיווק בעמ,,,"י""ח",4,"י""ח",false,1,17,4.25,true,1,
209012,true,חומץ 1ליטר]יכין[,זנלכל בעמ,,,"י""ח",600,"ל מ""ל",false,1,5.90,0.98,true,1,
209388,true,תירס לייט 150 ג שלישיה,זנלכל בעמ,,,"י""ח",1,,false,1,12.70,12.70,false,1,
210469,true,עגב. שלמות A2.5 יכין,זנלכל בעמ,,,"י""ח",800,"ל מ""ל",false,1,11.90,1.49,false,1,
210896,true,רוטב בולונז לפסטה 240 גר`פלסטיק,זנלכל בעמ,,,"י""ח",240,ל גרם,false,1,4.70,1.96,false,1,
311746,true,עוגיות קרמל 300ג מן,ח.כהן סוכנות מזון ומשקאות בע,,,"י""ח",300,ל גרם,false,1,5.90,1.97,false,1,
318189,true,פסטרמה ברביקיו על האש 300גר.,מעדני יחיעם 1993 בעמ,,,"י""ח",300,ל גרם,false,1,25.60,8.53,false,1,
319292,true,"נקניקיות וינר פלוס1 ק""ג",מעדני יחיעם 1993 בעמ,,,"י""ח",1,"ק""ג",false,1,17,17,false,1,
319803,true,קבנוס קלאסי 125ג,מעדני יחיעם 1993 בעמ,,,"י""ח",125,ל גרם,false,1,11.90,9.52,true,1,
319834,true,קבנוס פפרוני קלאסי 125ג,מעדני יחיעם 1993 בעמ,,,"י""ח",125,ל גרם,false,1,11.90,9.52,true,1,
364261,true,סלסולי כתף בקר 120גר`,תנובה בשר,,,"י""ח",120,ל גרם,false,1,17.90,14.92,false,1,
364278,true,סלסולי סלמי איטלקי משובח 120גר`,תנובה בשר,,,"י""ח",120,ל גרם,false,1,17.90,14.92,false,1,
364292,true,סלסולי פסטרמה גחלים 120גר`,תנובה בשר,,,"י""ח",120,ל גרם,false,1,17.90,14.92,false,1,
379240,true,חלה רגילה מרובעת 500 גרם*,שלמה א.אנג ל בעמ,,,"י""ח",500,ל גרם,false,1,4.40,0.88,false,1,
453200,true,בלילה מצוננת פנקייק שמרית 750גר,"שטראוס גרופ ***בע""מ",,,"י""ח",750,ל גרם,false,1,18.70,2.49,true,1,
453408,true,בצק פיצה דק ומוכן לאפיה שמרית 415גר,"שטראוס גרופ ***בע""מ",,,"י""ח",415,ל גרם,false,1,14.40,3.47,true,1,
453415,true,בצק עלים מצונן ומוכן לאפיה שמרית 300גר,"שטראוס גרופ ***בע""מ",,,"י""ח",300,ל גרם,false,1,12.70,4.23,true,1,
453422,true,בצק פילו מוכן לאפיה שמרית 300גר,"שטראוס גרופ ***בע""מ",,,"י""ח",300,ל גרם,false,1,12.70,4.23,true,1,
453880,true,מרגרינה ללא מלח לאפייה ובישול 200גר,"שטראוס גרופ ***בע""מ",,,"י""ח",200,ל גרם,false,1,4.60,2.30,true,1,
462141,true,סחוג אדום חריף זהבי 150גר`,"שטראוס גרופ ***בע""מ",,,"י""ח",150,ל גרם,false,1,6.80,4.53,true,1,
481883,true,מארז 10 לחמניות אצבע.,דגנית עין בר ~~~,,,"י""ח",1,,false,1,10.20,10.20,false,1,
521008,true,יין סגל אדום יבש,טמפו משקאות בעמ,,,"י""ח",750,"ל מ""ל",false,1,18.80,2.47,true,1,
521015,true,יין סגל לבן,טמפו משקאות בעמ,,,"י""ח",750,"ל מ""ל",false,1,18.80,2.47,true,1,
521022,true,יין סגל לבן חצי יבש,טמפו משקאות בעמ,,,"י""ח",750,"ל מ""ל",false,1,18.80,2.47,true,1,
523804,true,"מלח עדין 1 ק""ג צנצנת הארץ",סוגת תעשיות בעמ,,,"י""ח",1,"ק""ג",false,1,5.90,5.90,false,1,
523811,true,"מלח גס 1 ק""ג צנצנת הארץ",סוגת תעשיות בעמ,,,"י""ח",1,"ק""ג",false,1,5.90,5.90,false,1,
551067,true,בשר מס `5 מוכשר,נטו מלינדה סחר בעמ,,,"ק""ג",1,,true,1,51.20,51.20,false,1,
552118,true,נקניקיות מרגז 400 גרם,נטו מלינדה סחר בעמ,,,"י""ח",400,ל גרם,false,1,17.40,4.35,false,1,
554532,true,צפתית גד מעודנת 5% במלח ים טבעי 200 ג,מחלבות גד,,,"י""ח",200,"ל מ""ל",false,1,14.90,7.45,false,1,
554655,true,מוצרלה נקניק מעושן,מחלבות גד,,,"ק""ג",150,ל גרם,true,1,65.70,43.80,false,1,
554754,true,מוצרלה במים גד,מחלבות גד,,,"ק""ג",1,"ק""ג",true,1,79.30,79.30,false,1,
554815,true,גבינה מוצרלה משק}גד{,מחלבות גד,,,"ק""ג",1,,true,1,68.30,68.30,false,1,
555502,true,אריזת פקדון(חוק פקדון),שונות /שרות,,,"י""ח",1,,false,1,0.30,0.30,false,1,
555503,true,פיקדון X 6,שונות /שרות,,,"י""ח",1,,false,1,1.50,1.50,false,1,
555504,true,פיקדון X 4,שונות /שרות,,,"י""ח",1,,false,1,1,1,false,1,
555509,true,פיקדון 12X,שונות /שרות,,,"י""ח",1,,false,1,3.10,3.10,false,1,
570576,true,חצי באגט,לפ מאפיית גילת בעמ,,,"י""ח",0,"י""ח",false,1,2.50,2.50,false,1,
574172,true,לחם קל מחיטה מלאה 750גר`,דגנית עין בר ~~~,,,"י""ח",750,ל גרם,false,1,12.70,1.69,false,1,
630519,true,עוף טרי שלם מוכשר(קצביה)**.,"ח.י. מעדני גורמה בע""מ",,,"ק""ג",1,"ק""ג",true,1,17,17,false,1,
631059,true,כבד עוף טרי(קצביה) **.,"ח.י. מעדני גורמה בע""מ",,,"ק""ג",1,"ק""ג",true,1,25.60,25.60,true,1,
631257,true,לב עוף טרי[קצביה ]**.,"ח.י. מעדני גורמה בע""מ",,,"ק""ג",1,"ק""ג",true,1,29.80,29.80,false,1,
632278,true,שניצל עוף פרימיום נקי ודק דק[קצביה].,"ח.י. מעדני גורמה בע""מ",,,"ק""ג",1,"ק""ג",true,1,42.70,42.70,true,1,
632308,true,חזה עוף חצוי נקי טרי(קצביה )**.,"ח.י. מעדני גורמה בע""מ",,,"ק""ג",1,,true,1,36.60,36.60,true,1,
641751,true,חזה הודו טרי נז קצביה**,"ח.י. מעדני גורמה בע""מ",,,"ק""ג",1,,true,1,32.10,32.10,false,1,
642840,true,שוקיים הודו טרי**,ח.י. מעדני גורמה בעמ,,,"ק""ג",1,,true,1,25.60,25.60,false,1,
643243,true,שווארמה הודו נקבה}קצביה{**,"ח.י. מעדני גורמה בע""מ",,,"ק""ג",1,,true,1,64,64,false,1,
643946,true,כנף הודו טרי}קצביה{**,"ח.י. מעדני גורמה בע""מ",,,"ק""ג",1,,true,1,12.70,12.70,false,1,
644356,true,גרון הודו טרי(קצביה)**,"ח.י. מעדני גורמה בע""מ",,,"ק""ג",1,,true,1,28.10,28.10,false,1,
644783,true,דג סלמון קפוא מנות תנובה,תנובה בשר,,,"ק""ג",1,"ק""ג",true,1,76.80,76.80,false,1,
654546,true,פילה אמנון 7-9 100% דג פרמיום,תנובה בשר,,,"ק""ג",1,,true,1,29.80,29.80,false,1,
657657,true,מאפים טריים במשקל אפיה מקומית.,ג נרל מילס ישראל בעמ ~~~,,,"ק""ג",1,,true,1,38.40,38.40,true,1,
663036,true,פילה אמנון ללא עור קפוא,תנובה בשר,,,"ק""ג",1,,true,1,38.40,38.40,false,1,
663135,true,קוביות סלמון קפוא 300ג,תנובה בשר,,,"י""ח",300,ל גרם,false,1,25.60,8.53,false,1,
666601,true,פיקדון 0.30.,שונות /שרות,,,"י""ח",1,"י""ח",false,1,0.30,0.30,false,1,
672844,true,חלה רגילה (אפיה מקומית),ג נרל מילס ישראל בעמ ~~~,,,"י""ח",1,,false,1,9.30,9.30,true,1,
688381,true,מי עדן שישיה 0.5 ליטר,יפאורה שותפות מוגבלת לשיווק,,,"י""ח",3,ליטר,false,1,11.80,3.43,true,1,
688503,true,"מי עדן שישייה ג ים 750 מ""ל",יפאורה שותפות מוגבלת לשיווק,,,"י""ח",4.50,ליטר,false,1,16.80,3.40,true,1,
877599,true,פילה עוף פרימיום ארוז.,נטו מלינדה סחר בעמ,,,"ק""ג",1,,true,1,34.10,34.10,false,1,
961804,true,דלעת ארוזה שקיל,ביכורי השדה צפון 1994 ג.ד. בעמ,,,"ק""ג",1,,true,1,12.90,12.90,false,1,
995410,true,נבטים,ביכורי השדה צפון 1994 ג.ד. בעמ,,,"י""ח",1,,false,1,6.90,6.90,false,1,
1041130,true,ממרח תמרים מיה,מיה תעשיות מזון מ.ת.מ בעמ,,,"י""ח",450,ל גרם,false,1,5,1.11,false,1,
1121238,true,קורנד ביף 180גר`,מעדני יחיעם 1993 בעמ,,,"י""ח",180,ל גרם,false,1,19.60,10.89,false,1,
1121795,true,נקניקיות עוף חריפות 400גרם,מעדני יחיעם 1993 בעמ,,,"י""ח",400,ל גרם,false,1,10.20,2.55,false,1,
1121849,true,פסטרמה הודו 100% חומרים טבעיים 250גרם,מעדני יחיעם 1993 בעמ,,,"י""ח",250,ל גרם,false,1,21.30,8.52,false,1,
1121931,true,קבנוס מקסיקני דק דק 125גר,מעדני יחיעם 1993 בעמ,,,"י""ח",125,ל גרם,false,1,11.90,9.52,true,1,
1121979,true,"סלמי הרץ 150מ""ל",מעדני יחיעם 1993 בעמ,,,"י""ח",150,ל גרם,false,1,21.90,14.60,false,1,
1123041,true,בשר 5 חלק,נטו מלינדה סחר בעמ,,,"ק""ג",1,,true,1,51.20,51.20,false,1,
1134153,true,גרון הודו קפוא ארוז.,נטו מלינדה סחר בעמ,,,"ק""ג",1,,true,1,25.60,25.60,false,1,
1201589,true,ביצים L 12 יח*,מ.לסר בעמ,,,"י""ח",12,"י""ח",false,1,10.30,0.86,false,1,
1201596,true,ביצים M 12 יח*,מ.לסר בעמ,,,"י""ח",12,"י""ח",false,1,9.50,0.79,false,1,
1215347,true,גבטה 180,ג נרל מילס ישראל בעמ,,,"י""ח",1,,false,1,4.20,4.20,false,1,
1216231,true,"טחינה""אל ארז""מלאה 500גר",סוגת תעשיות בעמ,,,"י""ח",500,ל גרם,false,1,13.50,2.70,false,1,
1230331,true,כאמל בוקס בודד.,גלוברנדס בעמ,,,"י""ח",1,,false,1,26.50,26.50,false,1,
1230588,true,פילה מדומה מס 6 חלק,נטו מלינדה סחר בעמ,,,"ק""ג",1,,true,1,34.10,34.10,false,1,
1230739,true,קאמל כחול בודד,גלוברנדס בעמ,,,"י""ח",1,,false,1,26.50,26.50,false,1,
1231932,true,וינסטון כחול בודד.,גלוברנדס בעמ,,,"י""ח",1,,false,1,27.80,27.80,false,1,
1235938,true,וינסטון כחול ארוך,גלוברנדס בעמ,,,"י""ח",1,,false,1,27.80,27.80,false,1,
1245798,true,נ.כלים לימון 1.6 ל`טאצ,סאסאטק אגשח בעמ,,,"י""ח",1.60,ליטר,false,1,10.20,6.38,true,1,
1245842,true,נוזל רצפות מאסק 4ליטר טאצ`,סאסאטק אגשח בעמ,,,"י""ח",4,ליטר,false,1,12.70,3.18,true,1,
1246320,true,"גל אסלות לימון 750מ""ל טאצ`",סאסאטק אגשח בעמ,,,"י""ח",750,"ל מ""ל",false,1,8.50,1.13,false,1,
1246351,true,נוזל רצפות לבנדר 4ליטר טאצ`.,סאסאטק אגשח בעמ,,,"י""ח",4,ליטר,false,1,12.70,3.18,true,1,
1246528,true,מרכך כביסה מרוכז פרםיום מיסטרי 1 ל`טא,סאסאטק אגשח בעמ,,,"י""ח",1,ליטר,false,1,11.90,11.90,true,1,
1343845,true,"גרנולה פירות 1ק""ג",דין שיווק וקליה 2021 בעמ,,,"י""ח",1,"ק""ג",false,1,17,17,true,1,
1419618,true,וופל בלגי שוקו 200גר`,ח.כהן סוכנות מזון ומשקאות בע,,,"י""ח",200,ל גרם,false,1,3.30,1.65,true,1,
1444160,true,"שמן זית כתית מעולה מ עץ הזית 750 מ""ל.",סוגת תעשיות בעמ,,,"י""ח",750,"ל מ""ל",false,1,29,3.87,true,1,
1461112,true,לחם מחמצת דגנים 530גר,ג נרל מילס ישראל בעמ ~~~,,,"י""ח",530,ל גרם,false,1,14.40,2.72,true,1,
1482049,true,בולגריה בקוביות עם שמן ותבלינים שקיל,ג.וילי פוד אינטרנשיונל בעמ,,,"ק""ג",1,,true,1,55.60,55.60,false,1,
1482094,true,פרמזנו 200 ג ויליפוד,ג.וילי פוד אינטרנשיונל בעמ,,,"י""ח",200,ל גרם,false,1,23.90,11.95,false,1,
1498897,true,מארז מתנות,מוסקו בעמ,,,"י""ח",1,,false,1,12.70,12.70,false,1,
1567708,true,נקניק וינר 400ג ללא,מעדני יחיעם 1993 בעמ,,,"י""ח",400,ל גרם,false,1,10.20,2.55,true,1,
1567760,true,פסטרמה של פעם 300ג,מעדני יחיעם 1993 בעמ,,,"י""ח",300,ל גרם,false,1,21.30,7.10,false,1,
1567807,true,כתף בקר מעושן 250ג,מעדני יחיעם 1993 בעמ,,,"י""ח",250,ל גרם,false,1,28.10,11.24,false,1,
1567814,true,סלמי מעושן בסגנון איטלקי 300ג,מעדני יחיעם 1993 בעמ,,,"י""ח",300,ל גרם,false,1,17,5.67,false,1,
1567906,true,פסטרמה מעודנת 200ג,מעדני יחיעם 1993 בעמ,,,"י""ח",200,ל גרם,false,1,11,5.50,false,1,
1567937,true,איטלקי מפולפל 200ג,מעדני יחיעם 1993 בעמ,,,"י""ח",200,ל גרם,false,1,11,5.50,false,1,
1591505,true,סטייק דג טונה קפוא עם עור מחנה יהודה.,נטו מלינדה סחר בעמ,,,"ק""ג",1,"ק""ג",true,1,34.10,34.10,true,1,
1591550,true,פילה אמנון ללא עור מחנה יהודה.,נטו מלינדה סחר בעמ,,,"ק""ג",1,"ק""ג",true,1,32.40,32.40,true,1,
1591567,true,פילה אמנון 100% מחנה יהודה.,נטו מלינדה סחר בעמ,,,"ק""ג",1,"ק""ג",true,1,31.50,31.50,true,1,
1591574,true,פילה אמנון 80% מחנה יהודה.,נטו מלינדה סחר בעמ,,,"ק""ג",1,"ק""ג",true,1,23,23,true,1,
1591604,true,המבורגר אנגוס מחנה יהודה 600גר,נטו מלינדה סחר בעמ,,,"י""ח",600,ל גרם,false,1,25.60,4.27,true,1,
1591611,true,קבבוני אנגוס עגול מחנה יהודה 500גר,נטו מלינדה סחר בעמ,,,"י""ח",500,ל גרם,false,1,25.60,5.12,true,1,
1591635,true,נקניקיות מרגז סגנון מרוקאי מחנה יהודה,נטו מלינדה סחר בעמ,,,"י""ח",500,ל גרם,false,1,25.60,5.12,true,1,
1591642,true,קבבוני טלה מחנה יהודה 500גר.,נטו מלינדה סחר בעמ,,,"י""ח",500,ל גרם,false,1,25.60,5.12,true,1,
1690987,true,פילה הייק ארוז קפוא,נטו מלינדה סחר בעמ,,,"ק""ג",1,"ק""ג",true,1,42.70,42.70,false,1,
1873489,true,קרפציו 120ג בלאק אנגוס,נטו מלינדה סחר בעמ,,,"י""ח",120,ל גרם,false,1,19.90,16.58,true,1,
1879627,true,פילה עוף טרי**,"ח.י. מעדני גורמה בע""מ",,,"ק""ג",1,,true,1,42.70,42.70,true,1,
2008989,true,קישקשים 225 יחידות הנמל,הנמל אריזות ושווק בעמ,,,"י""ח",225,"י""ח",false,1,8.50,0.04,false,1,
2026440,true,פרצלס קפוא,מוצרי איכות אמריקאיים בעמ,,,"י""ח",400,ל גרם,false,1,13.70,3.43,true,1,
2065616,true,לחם שיפון גרעינים 750גר`,שלמה א.אנג ל בעמ,,,"י""ח",750,ל גרם,false,1,11,1.47,false,1,
2077268,true,מיני קציצות דג 500 גרם,נטו מלינדה סחר בעמ,,,"י""ח",500,ל גרם,false,1,18.70,3.74,false,1,
2077725,true,סלומון נורווגי מצונן 100 גרם(נטו),נטו מלינדה סחר בעמ,,,"י""ח",100,ל גרם,false,1,17,17,false,1,
2129455,true,פיצה איטלקית XL גדולה 450ג,נטו מלינדה סחר בעמ,,,"י""ח",450,ל גרם,false,1,18.70,4.16,false,1,
2129479,true,פיצה איטלקית דקה שלושת האופים 320גר,נטו מלינדה סחר בעמ,,,"י""ח",320,ל גרם,false,1,14.40,4.50,true,1,
2129486,true,פיצה איטלקית דקה שלושת האופים 340גר,נטו מלינדה סחר בעמ,,,"י""ח",340,ל גרם,false,1,14.40,4.24,true,1,
2157830,true,קוביות גולש 100% בשר 800ג,נטו מלינדה סחר בעמ,,,"י""ח",800,ל גרם,false,1,34.10,4.26,false,1,
2157953,true,טונה קנולה 140ג 1/4,נטו מלינדה סחר בעמ,,,"י""ח",560,ל גרם,false,1,20.90,3.73,true,1,
2157960,true,טונה במים 140ג 1/4,נטו מלינדה סחר בעמ,,,"י""ח",560,ל גרם,false,1,20.90,3.73,true,1,
2247729,true,כנף עוף קפוא ארוז.,נטו מלינדה סחר בעמ,,,"ק""ג",1,,true,1,9.30,9.30,false,1,
2247859,true,כבד עוף קפוא,נטו מלינדה סחר בעמ,,,"ק""ג",1,"ק""ג",true,1,12.70,12.70,false,1,
2263562,true,"רוטב לימון משומר 200מ""ל",א.ל.יצור ושיווקתבלינים בעמ,,,"י""ח",200,"ל מ""ל",false,1,5.70,2.85,false,1,
2263586,true,"מיץ לימון משומר 500מ""ל (מימון)",א.ל.יצור ושיווקתבלינים בעמ,,,"י""ח",500,"ל מ""ל",false,1,10.20,2.04,true,1,
2263661,true,"מיץ לימון 100% טבעי 250מ""ל מימון",א.ל.יצור ושיווקתבלינים בעמ,,,"י""ח",250,"ל מ""ל",false,1,6.80,2.72,false,1,
2278528,true,זוג כריות ניקוי כלים,ח.כהן סוכנות מזון ומשקאות בע,,,"י""ח",2,"י""ח",false,1,6.80,3.40,false,1,
2281382,true,נתחי פילה סלמון נורבגי מנות,נטו מלינדה סחר בעמ,,,"ק""ג",1,"ק""ג",true,1,84.60,84.60,false,1,
2281429,true,סטייק דג טונה קפוא ללא עור,נטו מלינדה סחר בעמ,,,"ק""ג",1,"ק""ג",true,1,46.90,46.90,false,1,
2281436,true,סטייק דג טונה בהירה קפוא ללא עור,נטו מלינדה סחר בעמ,,,"ק""ג",1,,true,1,49.90,49.90,false,1,
2281443,true,סטייק דג טונה קפוא עם עור,נטו מלינדה סחר בעמ,,,"ק""ג",1,"ק""ג",true,1,34.10,34.10,true,1,
2281467,true,מארז 3 פיצות טוב טעם,נטו מלינדה סחר בעמ,,,"י""ח",3,"י""ח",false,1,32.40,10.80,false,1,
2281498,true,מגורדת 500ג ריץ,נטו מלינדה סחר בעמ,,,"י""ח",500,ל גרם,false,1,23,4.60,false,1,
2300877,true,צ`דר אנגלי לבן נטו,א. סיימן סחר בעמ,,,"ק""ג",1,,true,1,110.30,110.30,true,1,
2300884,true,צ`דר אנגלי כתום נטו.,א. סיימן סחר בעמ,,,"ק""ג",1,,true,1,110.30,110.30,true,1,
2329619,true,עוגת שוקו צ`יפס 350גר.,בני פאוזי שמשום (2009) בעמ,,,"י""ח",350,ל גרם,false,1,6.80,1.94,true,1,
2331360,true,נביעות שישיות 500 מייל פקק ספורט,החברה המרכזית להפצת משקאות בעמ,,,"י""ח",3,ליטר,false,1,13.40,3.97,true,1,
2331483,true,"נביעות שישיות בייבי 320מ""ל",החברה המרכזית להפצת משקאות בעמ,,,"י""ח",3,ליטר,false,1,11.70,3.40,true,1,
2331490,true,נביעות 1ליטר,החברה המרכזית להפצת משקאות בעמ,,,"י""ח",1,ליטר,false,1,3,3,true,1,
2345022,true,אנטריקוט דקדק 250גר,נטו מלינדה סחר בעמ,,,"י""ח",250,ל גרם,false,1,24.90,9.96,true,1,
2345077,true,שניצל בקר דק דק 250ג אל גאוצו,נטו מלינדה סחר בעמ,,,"י""ח",250,ל גרם,false,1,19.90,7.96,true,1,
2345121,true,אסאדו דקדק 250גר אל גאוצו,נטו מלינדה סחר בעמ,,,"י""ח",250,ל גרם,false,1,23.90,9.56,true,1,
2345282,true,נתחי פילה סלמון נורבגי מנות,נטו מלינדה סחר בעמ,,,"ק""ג",1,"ק""ג",true,1,84.60,84.60,false,1,
2370420,true,גבינת גאודה מהולנד 30% שומן ויליפוד,ג.וילי פוד אינטרנשיונל בעמ,,,"ק""ג",1,,true,1,59,59,false,1,
2370475,true,גבינה כחולה עם עובש שקיל,ג.וילי פוד אינטרנשיונל בעמ,,,"ק""ג",1,"ק""ג",true,1,85.40,85.40,true,1,
2371526,true,סלסולי פסטרמה שום וצ`ילי 120גר`,תנובה בשר,,,"י""ח",120,ל גרם,false,1,12.70,10.58,false,1,
2371533,true,סלסולי פסטרמה דבש 120גר`,תנובה בשר,,,"י""ח",120,ל גרם,false,1,17.90,14.92,false,1,
2371939,true,סרוולד צרפתי 120גר,תנובה בשר,,,"י""ח",120,ל גרם,false,1,26.90,22.42,false,1,
2374640,true,שמן קנולה פלוס אומגה 3 עץ הזית 1ליטר,סוגת תעשיות בעמ,,,"י""ח",1,ליטר,false,1,16.50,16.50,false,1,
2385196,true,רוקפור גליל שקיל גד,מחלבות גד,,,"ק""ג",1,,true,1,107,107,false,1,
2385455,true,בולגרית מעודנת 24% גד מעדנייה,מחלבות גד,,,"ק""ג",1,,true,1,59,59,false,1,
2385493,true,גבינת שמנת זיתים 30% שקיל,מחלבות גד,,,"ק""ג",1,,true,1,38.40,38.40,false,1,
2390619,true,לחמניה עגולה כפרית }דגנית{,מאפיה מרחבית קרית שמונה,,,"י""ח",750,ל גרם,false,1,1.90,0.25,false,1,
2439981,true,קבב בקר אל גאוצ`ו 400גר`,נטו מלינדה סחר בעמ,,,"י""ח",400,ל גרם,false,1,19.60,4.90,true,1,
2439998,true,קבב בקר וכבש אל גאוצ`ו 400גר`,נטו מלינדה סחר בעמ,,,"י""ח",400,ל גרם,false,1,19.60,4.90,true,1,
2507451,true,קציצות דג סלמון לבישול 750גרם,נטו מלינדה סחר בעמ,,,"י""ח",7500,ל גרם,false,1,24.70,0.33,true,1,
2507604,true,פיצה השף איטלקית 320ג,נטו מלינדה סחר בעמ,,,"י""ח",320,ל גרם,false,1,15.30,4.78,true,1,
2511229,true,בולגרית מעודנת 16% המושבה,מחלבות המושבה בעמ,,,"ק""ג",1000,ל גרם,true,1,34.10,3.41,false,1,
2511397,true,ברי בקר שקיל,מחלבות המושבה בעמ,,,"ק""ג",150,"ל מ""ל",true,1,91.40,60.93,false,1,
2511427,true,אצבעות שוקולד וניל מעדניה,מחלבות המושבה בעמ,,,"ק""ג",1000,ל גרם,true,1,51.20,5.12,false,1,
2542506,true,בירה קורונה 355מייל,תימקו בירה בעמ,,,"י""ח",330,"ל מ""ל",false,1,11.80,3.48,false,1,
2542780,true,"בירה סטלה ארטואה 330מ""ל 1/6 בקבוק",תימקו בירה בעמ,,,"י""ח",330,"ל מ""ל",false,1,34.10,9.88,true,1,
2579731,true,"נר נשמה שבועי בזכוכית""שווה""",ח.כהן סוכנות מזון ומשקאות בע,,,"י""ח",1,,false,1,8.50,8.50,false,1,
2603474,true,פיצה שף שגב רוטב פטריות טעם ממהין200ג,נטו מלינדה סחר בעמ,,,"י""ח",200,ל גרם,false,1,14.40,7.20,true,1,
2603634,true,"משולש זיתים דק תפזורת בעל""ז",נטו מלינדה סחר בעמ,,,"י""ח",1,"י""ח",false,1,2.50,2.50,true,1,
2608202,true,לחם כוסמין בחוש 530גר,ג נרל מילס ישראל בעמ ~~~,,,"י""ח",530,ל גרם,false,1,14.40,2.72,true,1,
2608769,true,לחם מחמצת טוסקני דגנים 530גר,ג נרל מילס ישראל בעמ ~~~,,,"י""ח",530,ל גרם,false,1,14.40,2.72,true,1,
2657408,true,טונה פוסידון 960גרם,נטו מלינדה סחר בעמ,,,"י""ח",160,ל גרם,false,1,27.30,17.06,false,1,
2661153,true,"לחם דני קל 1ק""ג",י.את א. ברמן בעמ,,,"י""ח",1,"ק""ג",false,1,14.40,14.40,false,1,
2661924,true,לחמניות מזונות]שישיות[,י.את א. ברמן בעמ,,,"י""ח",450,ל גרם,false,1,11,2.44,false,1,
2692768,true,תרסיס שמן קנולה מזוכך ללא תוספת גז 200,סוגת תעשיות בעמ,,,"י""ח",200,"ל מ""ל",false,1,12.70,6.35,false,1,
2692775,true,"תרסיס שמן קנולה 200מ""ל עץ הזית",סוגת תעשיות בעמ,,,"י""ח",2,ליטר,false,1,12.70,6.35,false,1,
2706731,true,רצועות פילה נסיכה קפוא 100% דג,נטו מלינדה סחר בעמ,,,"ק""ג",1,"ק""ג",true,1,68.30,68.30,false,1,
2750178,true,גבטה 180 כפרית,ג נרל מילס ישראל בעמ ~~~,,,"י""ח",1,,false,1,3.90,3.90,true,1,
2750383,true,לחם מחמצת טוסקני כפרי 530גר,ג נרל מילס ישראל בעמ,,,"י""ח",530,ל גרם,false,1,14.40,2.72,true,1,
2750840,true,חליות,ג נרל מילס ישראל בעמ,,,"י""ח",100,ל גרם,false,1,2.50,2.50,false,1,
2750963,true,בגט רוסטיק פילסברי,ג נרל מילס ישראל בעמ,,,"י""ח",1,,false,1,6.80,6.80,true,1,
2757139,true,מלוואח 700 גר`שלושת האופים,נטו מלינדה סחר בעמ,,,"י""ח",700,ל גרם,false,1,15.30,2.19,true,1,
2757511,true,קציצת דג לבישול 750גר`,נטו מלינדה סחר בעמ,,,"י""ח",750,"ל מ""ל",false,1,24.70,3.29,true,1,
2757535,true,בורקס פילו-אצבעות גבינה 500גר`,נטו מלינדה סחר בעמ,,,"י""ח",500,ל גרם,false,1,18.70,3.74,true,1,
2757672,true,המבורגר 400גר`,נטו מלינדה סחר בעמ,,,"י""ח",400,ל גרם,false,1,11.10,2.78,false,1,
2757719,true,"בצק עלים 1 ק""ג",נטו מלינדה סחר בעמ,,,"י""ח",1,"ק""ג",false,1,14.40,14.40,false,1,
2757733,true,ג`חנון 650 ג`,נטו מלינדה סחר בעמ,,,"י""ח",650,ל גרם,false,1,11,1.69,false,1,
2757757,true,מלאווח 700גר`,נטו מלינדה סחר בעמ,,,"י""ח",700,ל גרם,false,1,11.90,1.70,false,1,
2775010,true,מיני בורקס פילו גבינה 650גר`,נטו מלינדה סחר בעמ,,,"י""ח",650,ל גרם,false,1,18.70,2.88,true,1,
2775317,true,פילה זהבנון,נטו מלינדה סחר בעמ,,,"ק""ג",1,,true,1,19.60,19.60,false,1,
2787501,true,פילה סלמון קפוא 1-1.4.,נטו מלינדה סחר בעמ,,,"ק""ג",1,,true,1,68.30,68.30,false,1,
2814245,true,מגבונים לחים אקונומיקה בדלי 400יח,קומפלקס כימיקלסבעמ ~~~,,,"י""ח",1,,false,1,23,23,false,1,
2830184,true,פילה לברק 5-7,נטו מלינדה סחר בעמ,,,"ק""ג",200,ל גרם,true,1,45.20,22.60,false,1,
2871248,true,טובורג רד 500 חוזר,החברה המרכזית להפצת משקאות בעמ,,,"י""ח",500,"ל מ""ל",false,1,7,1.20,true,1,
2871361,true,קרלסברג בירה 500 חוזר,החברה המרכזית להפצת משקאות בעמ,,,"י""ח",500,"ל מ""ל",false,1,7,1.20,false,1,
2922865,true,קבב מובחר טאק טורו בית יוסף,נטו מלינדה סחר בעמ,,,"י""ח",1,,false,1,15.30,15.30,true,1,
2922872,true,המבורגר מובחר טאק טורו בית יוסף 500ג,נטו מלינדה סחר בעמ,,,"י""ח",500,ל גרם,false,1,15.30,3.06,true,1,
2971191,true,"קמח חיטה לבן שטיבל 1ק""ג",טחנות קמח שטיבל בש בעמ,,,"י""ח",1,"ק""ג",false,1,3.30,3.30,true,1,
2971955,true,"קמח לבן 650 ללא צורך בניפוי 1ק""ג שטיבל",ח.כהן סוכנות מזון ומשקאות בע,,,"י""ח",1,"ק""ג",false,1,7.60,7.60,false,1,
2971962,true,"קמח מלא 100% 1ק""ג ללא צורך בניפוי",ח.כהן סוכנות מזון ומשקאות בע,,,"י""ח",1,"ק""ג",false,1,7.60,7.60,false,1,
2972006,true,"קמח בהיר 405 ללא צורך בניפוי 1ק""ג שטיב",ח.כהן סוכנות מזון ומשקאות בע,,,"י""ח",1,"ק""ג",false,1,7.60,7.60,false,1,
2972365,true,"קמח תופח ללא צורך בניפוי 1ק""ג",ח.כהן סוכנות מזון ומשקאות בע,,,"י""ח",1,"ק""ג",false,1,7.60,7.60,false,1,
2972426,true,"קמח מלא 80% ללא צורך בניפוי 1ק""ג",ח.כהן סוכנות מזון ומשקאות בע,,,"י""ח",1,"ק""ג",false,1,6.80,6.80,false,1,
2973812,true,"קמח כוסמין 80% ללא צורך בניפוי 1ק""ג",ח.כהן סוכנות מזון ומשקאות בע,,,"י""ח",1,"ק""ג",false,1,13.60,13.60,false,1,
2973829,true,"קמח כוסמין לבן ללא צורך בניפוי 1ק""ג.",ח.כהן סוכנות מזון ומשקאות בע,,,"י""ח",1,"ק""ג",false,1,13.60,13.60,false,1,
2974116,true,קמח כפרי שטיבל ללא צ.בניפוי,ח.כהן סוכנות מזון ומשקאות בע,,,"י""ח",1,"ק""ג",false,1,7.60,7.60,false,1,
2974314,true,קמח פיצה שטיבל ללא צ.בניפוי,ח.כהן סוכנות מזון ומשקאות בע,,,"י""ח",1,"ק""ג",false,1,9.30,9.30,false,1,
2996484,true,בשר ראש מוכשר,נטו מלינדה סחר בעמ,,,"ק""ג",1,,true,1,68.30,68.30,false,1,
3021021,true,אנטריקוטבורגר 880גר,ח.י. מעדני גורמה בעמ,,,"י""ח",1,,false,1,51.20,51.20,true,1,
3021502,true,קבב קצוצות ביתי ארוז 800גר`,ח.י. מעדני גורמה בעמ,,,"י""ח",1,,false,1,48.60,48.60,true,1,
3069590,true,"סול פילה ארוז 1ק""ג.",נטו מלינדה סחר בעמ,,,"י""ח",1,"ק""ג",false,1,31.50,31.50,false,1,
3069705,true,"פיצה אישית גבינה דקה תפזורת בעל""ז",נטו מלינדה סחר בעמ,,,"י""ח",1,"י""ח",false,1,2.20,2.20,true,1,
3072859,true,רוסטביף 120ג טירת צבי,תנובה בשר,,,"י""ח",120,ל גרם,false,1,20.40,17,false,1,
3105807,true,בלוז שקיל שטראוס .,"שטראוס גרופ ***בע""מ",,,"ק""ג",1,"ק""ג",true,1,59.70,59.70,true,1,
3141159,true,יוגטה מרשמלו 180ג,ליימן שליסל,,,"י""ח",180,ל גרם,false,1,7.60,4.22,true,1,
3143146,true,"ממרח תמרים קליית גת 450גרם כשל""פ",ליימן שליסל,,,"י""ח",450,ל גרם,false,1,5.30,1.18,false,1,
3144679,true,הוטפופ 5(בדלי) שקיות עם מלח,ליימן שליסל,,,"י""ח",500,ל גרם,false,1,14.40,2.88,true,1,
3145782,true,צנובר טבעי 100גר`,ליימן שליסל,,,"י""ח",100,ל גרם,false,1,21.30,21.30,false,1,
3196124,true,חצי באגט,****דין שיווק וקליה 2021 בעמ,,,"י""ח",1,,false,1,2.50,2.50,false,1,
3196148,true,לחמניות,****דין שיווק וקליה 2021 בעמ,,,"י""ח",1,,false,1,2.50,2.50,false,1,
3196155,true,לחמניות אצבע חליות,****דין שיווק וקליה 2021 בעמ,,,"י""ח",1,,false,1,2.50,2.50,false,1,
3208586,true,מרטיני ביאנקו,מ.אקרמן בעמ,,,"י""ח",750,"ל מ""ל",false,1,51.20,6.79,true,1,
3332007,true,קפה נחלה עם הל 250ג,סובחה נחלה ובניו בעמ,,,"י""ח",250,ל גרם,false,1,11.90,4.76,false,1,
3332014,true,קפה נחלה 500 ג^,סובחה נחלה ובניו בעמ,,,"י""ח",500,ל גרם,false,1,23.20,4.64,false,1,
3402809,true,חטיף שוקולד לבן ריזס 39גר.,ליימן שליסל,,,"י""ח",39,ל גרם,false,1,3.30,8.46,false,1,
3438853,true,אוליביה אריסה חריסה 180גר,תה ויסוצקי (ישראל)בעמ,,,"י""ח",180,ל גרם,false,1,11.90,6.61,true,1,
3444009,true,חטיף שוקולד לבן ריזס 42גר,ליימן שליסל,,,"י""ח",43,ל גרם,false,1,3.30,7.67,false,1,
3514007,true,שקדי מרק 400 גר`MANA,ש.שסטוביץ בעמ,,,"י""ח",400,ל גרם,false,1,8.80,2.20,true,1,
3526871,true,פטריות חתוך מארז שלשות,נטו מלינדה סחר בעמ,,,"י""ח",290,ל גרם,false,1,10.20,3.52,false,1,
3550937,true,רגל פרוסה במגש.,נטו מלינדה סחר בעמ,,,"ק""ג",1,,true,1,34.10,34.10,false,1,
3578085,true,גבינת מוצרלה %21שומן למעדניות,ג.וילי פוד אינטרנשיונל בעמ,,,"ק""ג",1,,true,1,50.90,50.90,false,1,
3726615,true,טופו ויילר 300גר,"שטראוס גרופ ***בע""מ",,,"י""ח",300,ל גרם,false,1,10.20,3.40,true,1,
3976782,true,מסיר כתמים אוקסי פאואר כ.לבנה 3 ל`טאצ`,סאסאטק אגשח בעמ,,,"י""ח",3,ליטר,false,1,19.60,6.53,false,1,
3976966,true,מרסס לניקוי כללי בתוספת חומץ 1ליטר טאצ,סאסאטק אגשח בעמ,,,"י""ח",1,ליטר,false,1,11,11,false,1,
3996445,true,עלי פאקצ`וי כפר טרי,יעל ירק עלים לשיווק בעמ,,,"י""ח",1,,false,1,13.90,13.90,false,1,
3996568,true,חסה לאליק כפר טרי,יעל ירק עלים לשיווק בעמ,,,"י""ח",1,,false,1,13.90,13.90,false,1,
4011338,true,"קצפת 250מ""ל",נטו מלינדה סחר בעמ,,,"י""ח",250,"ל מ""ל",false,1,8.50,3.40,false,1,
4011345,true,"קצפת ריצ`פרווה במיכל 250 מ""ל",נטו מלינדה סחר בעמ,,,"י""ח",250,"ל מ""ל",false,1,12.80,5.12,false,1,
4011802,true,צ`וריסוס אל גאוצ`ו 400גר`,נטו מלינדה סחר בעמ,,,"י""ח",400,ל גרם,false,1,21.10,5.28,true,1,
4011826,true,מיני המבורגר ריב אנטריקוט 320גרם,נטו מלינדה סחר בעמ,,,"י""ח",320,ל גרם,false,1,23.90,7.47,true,1,
4026851,true,בייגלה רומני,ג נרל מילס ישראל בעמ,,,"י""ח",150,ל גרם,false,1,3.90,2.60,true,1,
4030544,true,מיץ לימונענע 1 ליטר,"תנובה בע""מ ***",,,"י""ח",1,ליטר,false,1,13.40,13.40,true,1,
4033736,true,לחם עננים בסגנון בריוש,י.את א. ברמן בעמ,,,"י""ח",500,ל גרם,false,1,11.90,2.38,false,1,
4043108,true,MNM שוקו 80ג.,"מרס ריגלי ישראל בע""מ",,,"י""ח",80,ל גרם,false,1,6.80,8.50,false,1,
4043205,true,MNM פינאטס 92ג,מרס ריגלי ישראל בעמ,,,"י""ח",92,ל גרם,false,1,6.80,7.39,false,1,
4063016,true,"מלח שולחן 1 ק""ג*",סוגת תעשיות בעמ,,,"י""ח",1,"ק""ג",false,1,1.50,1.50,false,1,
4064174,true,"מלח דק 1 ק""ג צנצנת ההימלאיה",סוגת תעשיות בעמ,,,"י""ח",1,"ק""ג",false,1,15.30,15.30,false,1,
4064358,true,"מלח דק זורם בקלות 1ק""ג קרטון",סוגת תעשיות בעמ,,,"י""ח",1,"ק""ג",false,1,4.20,4.20,false,1,
4064372,true,מטחנה מלח אקסטרא תבלינים איטלקי 105גר,סוגת תעשיות בעמ,,,"י""ח",175,ל גרם,false,1,12.90,7.37,false,1,
4068011,true,יוגורט כבשים 600גר,מחלבות גד,,,"י""ח",600,ל גרם,false,1,19.30,3.22,false,1,
4068172,true,יוגורט עזים דלי 600ג 5%,מחלבות גד,,,"י""ח",600,ל גרם,false,1,19.10,3.18,false,1,
4078263,true,צימרוני אוזניים בלונס,ש.שסטוביץ בעמ,,,"י""ח",1,,false,1,10,10,false,1,
4135324,true,בולגרית מעודנת,"תנובה בע""מ ***",,,"ק""ג",1,"ק""ג",true,1,36.80,36.80,false,1,
4136291,true,צפתית מעודנת פיראוס (5%שקיל).,"תנובה בע""מ ***",,,"ק""ג",1,"ק""ג",true,1,55,55,false,1,
4228804,true,עלי בצק למילוי סיגרים 450 ג`,נטו מלינדה סחר בעמ,,,"י""ח",450,ל גרם,false,1,11.90,2.64,false,1,
4230326,true,מקלות פילו עץ וקינמון שגב 600 גרם.,נטו מלינדה סחר בעמ,,,"י""ח",600,ל גרם,false,1,16.90,2.82,true,1,
4230364,true,מקלות בורקס פילו גבינה צרפתית,נטו מלינדה סחר בעמ,,,"י""ח",700,ל גרם,false,1,18.70,2.67,true,1,
4256180,true,גבינה גאודה נטו.,נטו מלינדה סחר בעמ,,,"ק""ג",1,"ק""ג",true,1,76.80,76.80,false,1,
4257101,true,אנטריקוט דק דק 250ג עטרה,נטו מלינדה סחר בעמ,,,"י""ח",250,ל גרם,false,1,25.60,10.24,false,1,
4257118,true,מילנסה דק דק 250ג עטרה,נטו מלינדה סחר בעמ,,,"י""ח",250,ל גרם,false,1,25.60,10.24,false,1,
4257125,true,סינטה דק דק 250ג עטרה,נטו מלינדה סחר בעמ,,,"י""ח",250,ל גרם,false,1,17,6.80,false,1,
4263485,true,צלעות לא. מ]עטרה[,נטו מלינדה סחר בעמ,,,"ק""ג",1,"ק""ג",true,1,41.40,41.40,false,1,
4263782,true,עצמות מוח עטרה,נטו מלינדה סחר בעמ,,,"ק""ג",1,,true,1,27.90,27.90,false,1,
4263867,true,בשר מס }6עטרה,נטו מלינדה סחר בעמ,,,"ק""ג",1,"ק""ג",true,1,59.20,59.20,false,1,
4455109,true,גבינה ברי פיקאן משקל,מחלבות גד,,,"ק""ג",1,,true,1,110.10,110.10,false,1,
4658946,true,"שרדונה PC 750מ""ל",אגודת הכורמים,,,"י""ח",750,"ל מ""ל",false,1,34.20,4.52,true,1,
4685010,true,לחם קל 100%,י.את א. ברמן בעמ,,,"י""ח",750,ל גרם,false,1,13.60,1.81,false,1,
4685089,true,לחם חמניות 750 גר`ברמן,י.את א. ברמן בעמ,,,"י""ח",750,ל גרם,false,1,13.60,1.81,false,1,
4731564,true,מבשם ומרכך למייבש כביסה כחול,החב הדרומית לשיווק,,,"י""ח",750,"ל מ""ל",false,1,17.90,2.39,true,1,
4828332,true,כדורי לאבנה בשמן זית נוף הרים מעדני.,אמא מ.א.א ניהול והשקעות,,,"ק""ג",1,"ק""ג",true,1,71.70,71.70,false,1,
4861056,true,צפתית טבעי המושבה שקילה 5%.,מחלבות המושבה בעמ,,,"ק""ג",1000,ל גרם,true,1,41.90,4.19,false,1,
4861285,true,טבורוג המושבה שקילה 5%,מחלבות המושבה בעמ,,,"ק""ג",1,"ק""ג",true,1,25.30,25.30,false,1,
5100080,true,לחמניה אצבע כפרית,ג נרל מילס ישראל בעמ,,,"י""ח",75,ל גרם,false,1,2.50,3.33,false,1,
5100131,true,בורקס טורקי גבינה,ג נרל מילס ישראל בעמ,,,"ק""ג",1,,true,1,33.30,33.30,false,1,
5100203,true,לחמניות אצבע א.ק.,ג נרל מילס ישראל בעמ,,,"י""ח",1,,false,1,2.50,2.50,false,1,
5100987,true,לחמניה פילסברי קשר,ג נרל מילס ישראל בעמ,,,"י""ח",1,,false,1,2.50,2.50,false,1,
5103123,true,ג`בטה 180 קפואה,ג נרל מילס ישראל בעמ ~~~,,,"י""ח",1,,false,1,3.90,3.90,true,1,
5358753,true,לשון חלק,נטו מלינדה סחר בעמ,,,"ק""ג",1,,true,1,29.80,29.80,false,1,
5358883,true,שריר בשר מס `8 חלק.,נטו מלינדה סחר בעמ,,,"ק""ג",1,,true,1,28.10,28.10,false,1,
5424021,true,ריפרש מנטרל ריחות פרשם הום,החב הדרומית לשיווק,,,"י""ח",350,"ל מ""ל",false,1,12.70,3.63,false,1,
5431883,true,מלבי חלבי 165ג. תנובה,"תנובה בע""מ ***",,,"י""ח",165,"ל מ""ל",false,1,5.90,3.58,false,1,
5431913,true,עוגת גבינה פירורים 92ג(. תנובה),"תנובה בע""מ ***",,,"י""ח",92,"ל מ""ל",false,1,5.90,6.41,false,1,
5555502,true,אריזת פקדון 30 אגורות,שונות /שרות,,,"י""ח",1,,false,1,0.30,0.30,false,1,
5559990,true,בצק פילאס טורקי,תנובה בשר,,,"י""ח",600,ל גרם,false,1,19.60,3.27,false,1,
5678417,true,ענבים טלי לבן,ביכורי השדה צפון 1994 ג.ד. בעמ,,,"ק""ג",1,,true,1,24.90,24.90,false,1,
5678585,true,ענב סקרלוטה אדום מארז,ביכורי השדה צפון 1994 ג.ד. בעמ,,,"ק""ג",1,,true,1,16.90,16.90,false,1,
5678806,true,ענב אדום ארוז.,ביכורי השדה צפון 1994 ג.ד. בעמ,,,"ק""ג",1,,true,1,22.90,22.90,false,1,
5896439,true,"מכבי בקבוק}חוזר {500מ""ל",טמפו משקאות בעמ,,,"י""ח",500,"ל מ""ל",false,1,5.60,0.92,false,1,
5896453,true,"מכבי 7.9% 500מ""ל בקבוק חוזר",טמפו משקאות בעמ,,,"י""ח",500,"ל מ""ל",false,1,6.20,1.04,false,1,
5896620,true,סן בנדטו ירוק 1.5 ליטר מוגז בודד,טמפו משקאות בעמ,,,"י""ח",1.50,ליטר,false,1,3.30,2,false,1,
5896637,true,סן בנדטו כחול בודד 1.5 ליטר,טמפו משקאות בעמ,,,"י""ח",1.50,ליטר,false,1,3.30,2,false,1,
5938627,true,ממרח עגבניות מיובשות 220גר`,נטו מלינדה סחר בעמ,,,"י""ח",220,ל גרם,false,1,15.40,7,false,1,
5966088,true,"~יין הר חרמון אדום 750 מ""ל.",היכל היין שקד גולן בעמ,,,"י""ח",750,"ל מ""ל",false,1,34.90,4.61,true,1,
5992858,true,פטה עיזים גד שקיל,מחלבות גד,,,"ק""ג",300,ל גרם,true,1,119,39.67,false,1,
5992872,true,צפתית 5% במים}גד {.,מחלבות גד,,,"ק""ג",1,,true,1,49.50,49.50,false,1,
5996078,true,סרוולט הונגרי 125ג,מעדני יחיעם 1993 בעמ,,,"י""ח",125,ל גרם,false,1,22.10,17.68,false,1,
5996221,true,פסטרמה של פעם דק דק 120ג,מעדני יחיעם 1993 בעמ,,,"י""ח",120,ל גרם,false,1,8.50,7.08,true,1,
5996238,true,פסטרמה בדבש דק דק 120ג,מעדני יחיעם 1993 בעמ,,,"י""ח",120,ל גרם,false,1,14.90,12.42,true,1,
5996276,true,פסטרמה ברביקיו דק דק 120ג,מעדני יחיעם 1993 בעמ,,,"י""ח",120,ל גרם,false,1,8.50,7.08,true,1,
5996825,true,נקניק בקר 280ג סגנון אמריקאי,מעדני יחיעם 1993 בעמ,,,"י""ח",280,ל גרם,false,1,19.60,7,true,1,
5996979,true,סלמי פרח 200ג,מעדני יחיעם 1993 בעמ,,,"י""ח",200,ל גרם,false,1,23,11.50,false,1,
6342683,true,עוגיות מזרחיות 250גר,****דין שיווק וקליה 2021 בעמ,,,"י""ח",250,ל גרם,false,1,9.30,3.72,false,1,
6459961,true,אובלט קימל תמר 282 גרם,ציון תורגמן בעמ,,,"י""ח",282,ל גרם,false,1,8.50,3.01,false,1,
6496072,true,"סירופ מלבי 750מ""ל",ציון תורגמן בעמ,,,"י""ח",750,"ל מ""ל",false,1,17,2.27,false,1,
6511904,true,כדורי גבינת אדם למעדניה,ג.וילי פוד אינטרנשיונל בעמ,,,"ק""ג",1,"ק""ג",true,1,56.30,56.30,false,1,
6738615,true,קבב זהב 400גר`,זוגלובק שיווק בעמ,,,"י""ח",400,ל גרם,false,1,18.70,4.68,true,1,
6739421,true,מעושן איטלקי 300גר`,זוגלובק שיווק בעמ,,,"י""ח",300,ל גרם,false,1,23,7.67,false,1,
6739445,true,שניצל תירס קלאסי 750גר`,זוגלובק שיווק בעמ,,,"י""ח",750,ל גרם,false,1,25.30,3.37,true,1,
6739544,true,כתף בקר 300גר`,זוגלובק שיווק בעמ,,,"י""ח",300,ל גרם,false,1,27,9,true,1,
6742278,true,פסטרממיה צלויה על לבנים 330גר`,זוגלובק שיווק בעמ,,,"י""ח",330,ל גרם,false,1,23,6.97,false,1,
6742292,true,פסטרממיה בדבש 330גר`,זוגלובק שיווק בעמ,,,"י""ח",330,ל גרם,false,1,23,6.97,false,1,
6764065,true,נשר מאלט }500 חוזר{,טמפו משקאות בעמ,,,"י""ח",500,"ל מ""ל",false,1,4.30,0.66,true,1,
6764072,true,"גולדסטאר 500 מ""ל}חוזר{",טמפו משקאות בעמ,,,"י""ח",500,"ל מ""ל",false,1,6.60,1.12,false,1,
6764157,true,"בירה גולדסטאר לא מסונן חוזר 500מ""ל",טמפו משקאות בעמ,,,"י""ח",500,"ל מ""ל",false,1,6.70,1.14,false,1,
6764737,true,נשר מאלט 500 דיאט}חוזר{,טמפו משקאות בעמ,,,"י""ח",500,"ל מ""ל",false,1,4.30,0.66,true,1,
6804754,true,פרצל,ג נרל מילס ישראל בעמ,,,"י""ח",150,ל גרם,false,1,3.90,2.60,true,1,
6805072,true,אוזני המן פרג,ג נרל מילס ישראל בעמ,,,"ק""ג",1,,true,1,29.90,29.90,false,1,
6805362,true,חצי בגט מאפית אפיה מקומית.,ג נרל מילס ישראל בעמ ~~~,,,"י""ח",1,,false,1,2.80,2.80,true,1,
6805379,true,שליש בגט,ג נרל מילס ישראל בעמ,,,"י""ח",1,,false,1,2.50,2.50,false,1,
6805683,true,לחמניה שמינייה דגנים,ג נרל מילס ישראל בעמ,,,"י""ח",150,ל גרם,false,1,3.30,2.20,false,1,
6806444,true,בייגל אמריקאי,לפ לפ פילסברי,,,"י""ח",1,,false,1,3.90,3.90,false,1,
6855206,true,חטיפי אנרגיה ברבריא שזיפים וקוקוס 4*27,ש.שסטוביץ בעמ,,,"י""ח",108,ל גרם,false,1,16.90,15.65,false,1,
6855244,true,חטיפי אנרגיה ברבריא אגוזים וצימוקים 4*,ש.שסטוביץ בעמ,,,"י""ח",108,ל גרם,false,1,16.90,15.65,false,1,
6941466,true,שמן קנולה 1 ליטר שווה,ח.כהן סוכנויות מזון ומשקאות***,,,"י""ח",1,ליטר,false,1,8.50,8.50,false,1,
8000796,true,סופרמן משחת שיניים לילדים,גורי ע.ע.ע. בעמ,,,"י""ח",1,,false,1,9.30,9.30,false,1,
8101318,true,קריספי פירורי לחם זהוב 300גר,א.ל.יצור ושיווקתבלינים בעמ,,,"י""ח",300,ל גרם,false,1,5.90,1.97,true,1,
8175814,true,"פטריות חתוך 400 גרם 8""",ג.וילי פוד אינטרנשיונל בעמ,,,"י""ח",400,ל גרם,false,1,4.60,1.15,false,1,
8347730,true,סלמון הילטון מצונן,נטו מלינדה סחר בעמ,,,"ק""ג",1,,true,1,175.20,175.20,false,1,
8409049,true,מיני מיני שניצלונים בציפוי שומשום,תנובה בשר,,,"י""ח",1,,false,1,29.90,29.90,false,1,
8409216,true,.שניצל דק דק פריך 700גר`,תנובה בשר,,,"י""ח",700,ל גרם,false,1,31.50,4.50,false,1,
8409315,true,מיני מיני שניצלונים בציפוי פריך 500ג,תנובה בשר,,,"י""ח",1,,false,1,29.90,29.90,false,1,
8409407,true,שניצל דק בציפוי צ`יפס 700גר`,תנובה בשר,,,"י""ח",700,ל גרם,false,1,31.50,4.50,false,1,
8455732,true,שניצל פרוס עוף לנדא}קפוא{,עוף ירושלים שיווק בעמ,,,"ק""ג",1,"ק""ג",true,1,46.90,46.90,false,1,
8461047,true,גבינה ברי לרוסטיק,א. סיימן סחר בעמ,,,"ק""ג",1,,true,1,128.20,128.20,true,1,
8461283,true,טריפל צ`דר 200גרם.,א. סיימן סחר בעמ,,,"י""ח",200,ל גרם,false,1,20.40,10.20,true,1,
8464130,true,גולדסטאר UF שישייה לא מסונן,טמפו משקאות בעמ,,,"י""ח",1.98,ליטר,false,1,31.30,15.05,true,1,
8464222,true,"מכבי 7.9% 500מ""ל פחית",טמפו משקאות בעמ,,,"י""ח",0.50,ליטר,false,1,6.90,13.20,false,1,
8464406,true,"פחית פפסי מקס 330מ""ל",טמפו משקאות בעמ,,,"י""ח",330,"ל מ""ל",false,1,3.40,0.94,true,1,
8464611,true,"סודה טמפו 275 מ""ל.",טמפו משקאות בעמ,,,"י""ח",275,"ל מ""ל",false,1,3,0.98,true,1,
8464703,true,"מכבי שישייה 330מ""ל בקבוק",טמפו משקאות בעמ,,,"י""ח",1.98,ליטר,false,1,30.50,14.65,true,1,
8464741,true,גולדסטאר 330 מייל שישייה.,טמפו משקאות בעמ,,,"י""ח",1980,"ל מ""ל",false,1,28.90,1.38,true,1,
8464796,true,היינקן שישיה}בקבוק 330 מייל,טמפו משקאות בעמ,,,"י""ח",1.98,ליטר,false,1,33.20,16.01,true,1,
8493710,true,פירורי גריסיני זהב 200ג,דנשר (1963) בעמ,,,"י""ח",200,ל גרם,false,1,5.90,2.95,false,1,
8496513,true,שניצל אמנון בציפוי פירורי לחם,***אדום גרופ למזון שיווק***,,,"י""ח",1,,false,1,17,17,true,1,
8496742,true,אצבעות אמנון בציפוי פירורי לחם ושומשום,***אדום גרופ למזון שיווק***,,,"י""ח",1,,false,1,17,17,true,1,
8631952,true,כנפיים לחמין לנדא}קפוא{,נטו מלינדה סחר בעמ,,,"ק""ג",1,"ק""ג",true,1,9.30,9.30,false,1,
8634267,true,ספוג מתכת זוג בליסטר.,אינטרסן (1996) בעמ,,,"י""ח",1,,false,1,4.20,4.20,false,1,
8670142,true,"יין רקאנטי יסמין אדום 750מ""ל",היכל היין שקד גולן בעמ,,,"י""ח",750,"ל מ""ל",false,1,31.60,4.17,true,1,
8739016,true,נר אוירה,מוסקו בעמ,,,"י""ח",1,,false,1,17,17,false,1,
8747547,true,"תפוצ יפס קראנץ טבעי 200ג כשל""פ","שטראוס פריטו ליי בע""מ",,,"י""ח",200,ל גרם,false,1,9.20,4.60,true,1,
8801089,true,"קברנה סוביניון PC 375מ""ל",אגודת הכורמים,,,"י""ח",375,"ל מ""ל",false,1,17.10,4.48,false,1,
8801522,true,K.D קונקורד,אגודת הכורמים -כרמל מזרחי,,,"י""ח",750,"ל מ""ל",false,1,18.80,2.47,true,1,
8801843,true,סלקטד קברנה סובניון 0.75,אגודת הכורמים -כרמל מזרחי,,,"י""ח",750,"ל מ""ל",false,1,25.60,3.37,true,1,
8801850,true,סלקטד ריזלינג 0.75 ל,אגודת הכורמים -כרמל מזרחי,,,"י""ח",750,"ל מ""ל",false,1,25.60,3.37,true,1,
8802512,true,VINO אדום כרמל 750,אגודת הכורמים -כרמל מזרחי,,,"י""ח",750,"ל מ""ל",false,1,18,2.36,true,1,
8802529,true,VINO לבן כרמל 0.75 ל,אגודת הכורמים -כרמל מזרחי,,,"י""ח",750,"ל מ""ל",false,1,18,2.36,true,1,
8802895,true,PC קברנה סובניון 0.75 ל,אגודת הכורמים -כרמל מזרחי,,,"י""ח",750,"ל מ""ל",false,1,34.20,4.52,true,1,
8804332,true,"PC שיראז 750מ""ל",אגודת הכורמים,,,"י""ח",750,"ל מ""ל",false,1,34.20,4.52,true,1,
8804455,true,"יין רוזה חצי יבש 750מ""ל אזורית",אגודת הכורמים,,,"י""ח",750,"ל מ""ל",false,1,51.20,6.79,true,1,
8804462,true,PC מוסקט קינוח,אגודת הכורמים,,,"י""ח",500,"ל מ""ל",false,1,34.20,6.78,true,1,
8805049,true,סלקטד רוזה 0.75 ל,אגודת הכורמים -כרמל מזרחי,,,"י""ח",750,"ל מ""ל",false,1,25.60,3.37,true,1,
8805384,true,".יין מוסקטו סלקטד 750מ""ל",אגודת הכורמים -כרמל מזרחי,,,"י""ח",750,"ל מ""ל",false,1,25.60,3.37,true,1,
8805520,true,סלקטד קברנה מרלו 0.75 ל,אגודת הכורמים -כרמל מזרחי,,,"י""ח",750,"ל מ""ל",false,1,25.60,3.37,true,1,
8899055,true,אוזניים מתוקות שקיל,ג נרל מילס ישראל בעמ,,,"ק""ג",1,,true,1,33.30,33.30,false,1,
8899321,true,חלה רגילה קלועה (אפיה מקומית).,ג נרל מילס ישראל בעמ ~~~,,,"י""ח",570,ל גרם,false,1,9.30,1.63,true,1,
8899345,true,שמינייה כפרית קלועה פילסבר..,ג נרל מילס ישראל בעמ ~~~,,,"י""ח",1,,false,1,3.30,3.30,true,1,
8899376,true,לחמניה פילסברי קשר.אפיה מקומית,ג נרל מילס ישראל בעמ ~~~,,,"י""ח",1,,false,1,2.10,2.10,true,1,
8899413,true,לחמניה בודד,ג נרל מילס ישראל בעמ,,,"י""ח",40,ל גרם,false,1,2.50,6.25,false,1,
8899437,true,בייגל שונים פילסברי,ג נרל מילס ישראל בעמ ~~~,,,"י""ח",100,ל גרם,false,1,3.90,3.90,false,1,
8899505,true,בגט ארוך לבן (אפיה מקומית),ג נרל מילס ישראל בעמ,,,"י""ח",250,ל גרם,false,1,4.20,1.68,true,1,
8899512,true,בגט כפרי (אפיה מקומית),ג נרל מילס ישראל בעמ ~~~,,,"י""ח",1,,false,1,3.90,3.90,true,1,
8899673,true,חמישיה לחמניות המבורגר(אפיה מקומית),ג נרל מילס ישראל בעמ,,,"י""ח",1,,false,1,14.10,14.10,false,1,
8899956,true,לחמניה קוראסול פילסברי,ג נרל מילס ישראל בעמ,,,"י""ח",150,ל גרם,false,1,3.90,2.60,true,1,
14205017,true,"צלחת קטנות""שווה""50יח",ח.כהן סוכנות מזון ומשקאות בע,,,"י""ח",30,"י""ח",false,1,9.30,0.31,false,1,
42138105,true,וינסטון סלימס,גלוברנדס בעמ,,,"י""ח",1,,false,1,27.80,27.80,false,1,
42138129,true,ווינסטון סלים ירוק,גלוברנדס בעמ,,,"י""ח",1,,false,1,27.80,27.80,false,1,
52070082,true,פאל מל סלים בודד,גלוברנדס בעמ,,,"י""ח",1,,false,1,25.20,25.20,false,1,
59068907,true,פאל מאל כחול דמי סמילס,גלוברנדס בעמ,,,"י""ח",1,,false,1,21.40,21.40,false,1,
72940754,true,"מילקי וניל רובין כשל""פ 135גר","שטראוס גרופ ***בע""מ",,,"י""ח",130,"ל מ""ל",false,1,2.50,1.92,true,1,
72940761,true,"מילקי שוקו}שטראוס{רובין כשל""פ","שטראוס גרופ ***בע""מ",,,"י""ח",130,"ל מ""ל",false,1,2.50,1.92,true,1,
72940952,true,מילקי פי2 קצפת 111גר,"שטראוס גרופ ***בע""מ",,,"י""ח",111,ל גרם,false,1,3.10,2.79,true,1,
72940976,true,כרוב אדום}אחלה{,"שטראוס גרופ ***בע""מ",,,"י""ח",250,ל גרם,false,1,6.40,2.56,true,1,
72940983,true,חומוס אחלה 250 גר.,"שטראוס גרופ ***בע""מ",,,"י""ח",250,ל גרם,false,1,5.90,2.36,true,1,
72941041,true,מיני מילקי שוקו,"שטראוס גרופ ***בע""מ",,,"י""ח",130,"ל מ""ל",false,1,1.70,1.31,true,1,
72945308,true,שמרים קוביות 50,"שטראוס גרופ ***בע""מ",,,"י""ח",50,ל גרם,false,1,3.10,6.20,true,1,
72961506,true,"פרילי תות 125 מ""ל","תנובה בע""מ ***",,,"י""ח",125,"ל מ""ל",false,1,3,2.40,false,1,
72961544,true,באדי תות,"תנובה בע""מ ***",,,"י""ח",125,"ל מ""ל",false,1,2.60,2.08,false,1,
72964422,true,שלי יוגורט 4.5% שומן,"תנובה בע""מ ***",,,"י""ח",200,"ל מ""ל",false,1,3,1.50,false,1,
72986424,true,גלידה פיינטים קרם עוגיות,מוצרי איכות אמריקאיים בעמ,,,"י""ח",750,"ל מ""ל",false,1,19.50,2.60,true,1,
72986448,true,גלידה פיינטים טופי קראנץ,מוצרי איכות אמריקאיים בעמ,,,"י""ח",750,"ל מ""ל",false,1,19.50,2.60,true,1,
72986455,true,גלידה פיינטים ניו-יורק סופר,מוצרי איכות אמריקאיים בעמ,,,"י""ח",500,"ל מ""ל",false,1,19.50,3.90,true,1,
72986479,true,גלידה פיינטים צאנקי מנקי,מוצרי איכות אמריקאיים בעמ,,,"י""ח",500,"ל מ""ל",false,1,19.50,3.90,true,1,
72989425,true,גלידה פיינטים שוקולד בראוניס,מוצרי איכות אמריקאיים בעמ,,,"י""ח",750,"ל מ""ל",false,1,19.50,2.60,true,1,
72991381,true,טיים ארוך בודד,דובק בעמ,,,"י""ח",1,,false,1,25,25,false,1,
72991886,true,גלידה פיינטים דולציה דה לצ ה,מוצרי איכות אמריקאיים בעמ,,,"י""ח",500,"ל מ""ל",false,1,19.50,3.90,true,1,
72993637,true,דני שוקולד בודד,"שטראוס גרופ ***בע""מ",,,"י""ח",125,"ל מ""ל",false,1,2.20,1.76,true,1,
72994061,true,פסק זמן GOOD 2,"שטראוס גרופ בע""מ",,,"י""ח",40,ל גרם,false,1,4.20,10.50,true,1,
76136184,true,פאל מל סלים בודד,גלוברנדס בעמ,,,"י""ח",1,,false,1,25.20,25.20,false,1,
80042563,true,מחית עגבניות 700ג צהוב MUTTI,רסטרטו יבוא ושיווק בעמ,,,"י""ח",700,ל גרם,false,1,11.90,1.70,false,1,
80050025,true,טיק טק תפוז,פרימיום - חברה לדברי מתיקה ולמ,,,"י""ח",16,ל גרם,false,1,3,18.75,true,1,
80050124,true,חטיף טיק טק,פרימיום - חברה לדברי מתיקה ולמ,,,"י""ח",16,ל גרם,false,1,3,18.75,true,1,
80176800,true,נוטלה 750 גרם,פרימיום - חברה לדברי מתיקה ולמ,,,"י""ח",750,ל גרם,false,1,22.10,2.95,false,1,
80177173,true,נוטלה 350 גרם.,פרימיום - חברה לדברי מתיקה ולמ,,,"י""ח",3.50,"י""ח",false,1,12.90,3.69,false,1,
80177616,true,קינדר אצבעות 100 גר,פרימיום - חברה לדברי מתיקה ולמ,,,"י""ח",1,,false,1,7.60,7.60,false,1,
80310167,true,קינדר אצבעות 126 גר,פרימיום - חברה לדברי מתיקה ולמ,,,"י""ח",126,ל גרם,false,1,9.30,7.38,true,1,
80768838,true,מסטיק מנטוס וויט מנטה,ליימן שליסל,,,"י""ח",900,ל גרם,false,1,14.40,1.60,true,1,
80773429,true,מנטוס טעם תות בקבוק 60ג,ליימן שליסל,,,"י""ח",60,ל גרם,false,1,8.50,14.17,true,1,
80776307,true,מנטוס טעם פירות מנטה בקבוק 90ג,ליימן שליסל,,,"י""ח",90,ל גרם,false,1,13.60,15.11,false,1,
80790990,true,מנטוס טעם מנטה עדין בקבוק 60ג,ליימן שליסל,,,"י""ח",60,ל גרם,false,1,8.50,14.17,true,1,
80832560,true,סוכריות מנטוס מרעננות ללא סוכר פירות י,ליימן שליסל,,,"י""ח",93,ל גרם,false,1,5.90,6.34,true,1,
80843184,true,מנטוס טעם ענבים בקבוק 60ג,ליימן שליסל,,,"י""ח",60,ל גרם,false,1,8.50,14.17,true,1,
80896081,true,מנטוס טעם אבטיח בקבוק 60ג,ליימן שליסל,,,"י""ח",60,ל גרם,false,1,8.50,14.17,true,1,
80913467,true,מנטוס טעם מנטה בקבוק 60ג,ליימן שליסל,,,"י""ח",60,ל גרם,false,1,8.50,14.17,true,1,
80979128,true,מנטוס טעם דובדבן בקבוק 60ג,ליימן שליסל,,,"י""ח",60,ל גרם,false,1,8.50,14.17,true,1,
80995128,true,מנטוס טעם הדרים בתוספת ויטמין D,ליימן שליסל,,,"י""ח",60,ל גרם,false,1,8.50,14.17,true,1,
87108538,true,מנטוס גלילים תות,ליימן שליסל,,,"י""ח",37,ל גרם,false,1,2.80,7.57,true,1,
87108712,true,מנטוס פירות 1\4,ליימן שליסל,,,"י""ח",150,ל גרם,false,1,10.10,6.73,false,1,
87311396,true,מנטוס גלילים מיקס פירות,ליימן שליסל,,,"י""ח",37.50,ל גרם,false,1,2.80,7.47,true,1,
90162602,true,"רד בול פחית 250 מ""ל",דיפלומט מפיצים (1968) בעמ**,,,"י""ח",250,"ל מ""ל",false,1,5.10,1.92,true,1,
9800800056,true,נוטלה גו 52ג,פרימיום - חברה לדברי מתיקה ולמ,,,"י""ח",52,ל גרם,false,1,5,9.62,true,1,
10900678148,true,רדיד אלומיניום דיימונד נון סטיק,גורי ע.ע.ע. בעמ,,,"י""ח",1,"י""ח",false,1,12.70,12.70,false,1,
11210000094,true,"טבסקו חריף 60 מ""ל",ציון תורגמן בעמ,,,"י""ח",60,"ל מ""ל",false,1,8.50,14.17,true,1,
11210007253,true,טבסקו רוטב שום,ציון תורגמן בעמ,,,"י""ח",60,"ל מ""ל",false,1,8.50,14.17,true,1,
11210009387,true,טבסקו פלפל ירוק,ציון תורגמן בעמ,,,"י""ח",60,"ל מ""ל",false,1,8.50,14.17,false,1,
11210618503,true,"טבסקו חריף אקסטרא 60 מ""ל",ציון תורגמן בעמ,,,"י""ח",60,"ל מ""ל",false,1,17,28.33,false,1,
12300119139,true,וינסטון כחול 10 יח,גלוברנדס בעמ,,,"י""ח",1,,false,1,274.30,274.30,false,1,
16000185517,true,פייבר וואן 555גר.,קבוצת אוסם סחר-שות.מוגבלת,,,"י""ח",460,ל גרם,false,1,21.28,4.63,true,1,
16000423534,true,נייטשר קראנצ`י ש.שועל ושוקולד מריר 1/5,ליימן שליסל,,,"י""ח",210,ל גרם,false,1,17,8.10,true,1,
16000548404,true,נייטשר קראנצ`י שיבולת שועל ודבש 1/5,ליימן שליסל,,,"י""ח",210,ל גרם,false,1,17,8.10,true,1,
16000548503,true,חטיף ניצ`ר ואלי מייפל בסוכר חום,ליימן שליסל,,,"י""ח",210,ל גרם,false,1,17,8.10,true,1,
16229924263,true,"קרם קוקוס 250מ""ל",גורי מוצרי צריכה בעמ,,,"י""ח",250,"ל מ""ל",false,1,8.50,3.40,false,1,
18000701223,true,תערובת לעוגת שוק(פילסברי),ליימן שליסל,,,"י""ח",517,ל גרם,false,1,15.20,2.94,false,1,
18000703517,true,תערובת לעוגת שיש,ליימן שליסל,,,"י""ח",559,ל גרם,false,1,15.20,2.72,false,1,
25675120020,true,מקלות חמוצות 100,גורי ע.ע.ע. בעמ,,,"י""ח",100,ל גרם,false,1,9.90,9.90,false,1,
25675120068,true,ממתק מקלות בטעם קולה,גורי ע.ע.ע. בעמ,,,"י""ח",100,ל גרם,false,1,9.90,9.90,false,1,
25675121027,true,חמצוצים 115גר`,גורי ע.ע.ע. בעמ,,,"י""ח",115,ל גרם,false,1,8.70,7.57,false,1,
25675121058,true,חמצוצים 115גר`,גורי ע.ע.ע. בעמ,,,"י""ח",115,ל גרם,false,1,8.70,7.57,false,1,
25675301207,true,מקלות בטעם תפוחי עץ,גורי ע.ע.ע. בעמ,,,"י""ח",50,ל גרם,false,1,3.40,6.80,false,1,
25700005681,true,שקיות א. סליידר בינוניות 20יח` זיפלו,דנשר (1963) בעמ,,,"י""ח",1,,false,1,13.50,13.50,true,1,
25700005698,true,שקיות אחסון בינוניות 24 יח` זיפלוק.,דנשר (1963) בעמ,,,"י""ח",1,,false,1,11,11,false,1,
34000196173,true,הרשי קוקיס קרים XL,ליימן שליסל,,,"י""ח",47,ל גרם,false,1,7.60,16.17,false,1,
34000442652,true,ריזס קבלה XL,ליימן שליסל,,,"י""ח",47,ל גרם,false,1,7.60,16.17,false,1,
34000470563,true,ריזס מיניס ארזה משפחתית 215ג,ליימן שליסל,,,"י""ח",215,ל גרם,false,1,17,7.91,false,1,
34000544028,true,ממתק בטעם תות 198ג,ליימן שליסל,,,"י""ח",198,ל גרם,false,1,6.70,3.38,false,1,
34000996643,true,הרשי דרופס ארזה משפחתית 215ג,ליימן שליסל,,,"י""ח",215,ל גרם,false,1,17,7.91,false,1,
37600207188,true,חמאת קלאסי סקיפי,דיפלומט מפיצים (1968) בעמ**,,,"י""ח",462,ל גרם,false,1,17,3.68,false,1,
37600207256,true,חמאת בוטנים סקיפי עם שברי בוטנים 462 ג,דיפלומט מפיצים (1968) בעמ**,,,"י""ח",462,ל גרם,false,1,17.90,3.87,false,1,
38000138638,true,פרינגלס פיצה 161 גר`פלקס,דיפלומט מפיצים (1968) בעמ**,,,"י""ח",161,ל גרם,false,1,8.50,5.28,true,1,
38000138874,true,פרינגלס חלפיניו 161 גר`פלקס,דיפלומט מפיצים (1968) בעמ**,,,"י""ח",161,ל גרם,false,1,8.50,5.28,true,1,
38000183928,true,פרינגלס חרדל דבש 158ג`,דיפלומט מפיצים (1968) בעמ**,,,"י""ח",158,ל גרם,false,1,8.50,5.38,true,1,
38000232152,true,פרינגלס ברביקיו 161 גר`פלקס,דיפלומט מפיצים (1968) בעמ**,,,"י""ח",161,ל גרם,false,1,8.50,5.28,true,1,
38000232176,true,פרינגלס שמנת בצל 161 גר`פלקס,דיפלומט מפיצים (1968) בעמ**,,,"י""ח",161,ל גרם,false,1,8.50,5.28,true,1,
38000232183,true,פרינגלס אוריגינל 149 גר`.,דיפלומט מפיצים (1968) בעמ**,,,"י""ח",149,ל גרם,false,1,8.50,5.70,true,1,
38527591060,true,דגנים מרובעים,"שטראוס פריטו ליי בע""מ",,,"י""ח",453,ל גרם,false,1,17,3.75,true,1,
40000512943,true,מ אנ אם שוקולד 272ג,מרס ריגלי ישראל בעמ,,,"י""ח",272,ל גרם,false,1,17,6.25,false,1,
40000514510,true,סוכריות M M פינאטס 48 ג,"מרס ריגלי ישראל בע""מ",,,"י""ח",1,,false,1,4.20,4.20,true,1,
40232885518,true,אוכמניות,ביכורי השדה צפון 1994 ג.ד. בעמ,,,"י""ח",1,,false,1,15.90,15.90,true,1,
41390001079,true,"רוטב סויה דל נטרן 444מ""ל",דיפלומט מפיצים (1968) בעמ**,,,"י""ח",144,"ל מ""ל",false,1,17,11.81,false,1,
46214372250,true,.עוגיות שטרודל 225 גרם תפוח מרבה,ש.שסטוביץ בעמ,,,"י""ח",225,ל גרם,false,1,7.60,3.38,false,1,
46214382259,true,עוגיות בראוניס 225 גרם,ש.שסטוביץ בעמ,,,"י""ח",225,ל גרם,false,1,7.60,3.38,false,1,
46214731552,true,עוגיות שוקו צ יפ מרבה,ש.שסטוביץ בעמ,,,"י""ח",225,ל גרם,false,1,7.60,3.38,false,1,
50000170180,true,פריסקיז עוף ברוטב 156גר`,קבוצת אוסם סחר-שות.מוגבלת,,,"י""ח",156,ל גרם,false,1,8.40,5.38,false,1,
50000225224,true,פריסקיז פריים פילה הודו ברוטב 156גר`,קבוצת אוסם סחר-שות.מוגבלת,,,"י""ח",156,ל גרם,false,1,7.90,5.06,false,1,
50000429646,true,פנסי פיסט טעם טונה,קבוצת אוסם סחר-שות.מוגבלת,,,"י""ח",85,ל גרם,false,1,5.50,6.47,false,1,
50000574414,true,פריסקיז פארטי מיקס פיקניק 60גר,קבוצת אוסם סחר-שות.מוגבלת,,,"י""ח",60,ל גרם,false,1,10.20,17,false,1,
55500012046,true,קלין אפ מרסס+פיין סול כלורוקס,גורי מוצרי צריכה בעמ,,,"י""ח",946,"ל מ""ל",false,1,17,1.80,false,1,
64144090051,true,תרסיס שמן פאם קנולה 148 ג,ליימן שליסל,,,"י""ח",148,"ל מ""ל",false,1,16.90,11.42,true,1,
70080000016,true,חרדל לחיץ,ציון תורגמן בעמ,,,"י""ח",360,ל גרם,false,1,8.50,2.36,false,1,
73490151934,true,"מיץ ענבים קונקורד 650מ""ל Kedem",טמפו משקאות בעמ,,,"י""ח",650,"ל מ""ל",false,1,13.60,2.05,false,1,
76840100156,true,גלידה פיינטים צרי גרסיה,מוצרי איכות אמריקאיים בעמ,,,"י""ח",750,"ל מ""ל",false,1,19.50,2.60,true,1,
76840100583,true,גלידה פיינטים בצק עוגיות 473 מל,מוצרי איכות אמריקאיים בעמ,,,"י""ח",750,"ל מ""ל",false,1,19.50,2.60,true,1,
76840400218,true,"גלידת בן אנד גריס 473מ""לעוגת גבינה עם",מוצרי איכות אמריקאיים בעמ,,,"י""ח",473,"ל מ""ל",false,1,19.50,4.12,true,1,
77975036976,true,סלסה מטבל עגבניות חריפות מעודנת,ליימן שליסל,,,"י""ח",354,ל גרם,false,1,14.40,4.07,false,1,
77975094631,true,סנדוויץ בייגל במילוי קרם צ דר 226ג.,ליימן שליסל,,,"י""ח",226,ל גרם,false,1,13.60,6.02,true,1,
79400461704,true,"אקס שמפו לגבר 2ב1ש מנטה 473מ""ל",יוניליוור ישראל שיווק בעמ,,,"י""ח",473,"ל מ""ל",false,1,13.60,2.88,false,1,
80432402931,true,"וויסקי שיבאס רגאל 700מ""ל",טמפו משקאות בעמ,,,"י""ח",700,"ל מ""ל",false,1,102.50,14.60,true,1,
613008753320,true,"אריזונה ג`נסנג ודבש 450מ""ל",טמפו משקאות בעמ,,,"י""ח",450,"ל מ""ל",false,1,6.40,1.36,true,1,
644209301423,true,תערובת להכנת פנקייק וואפל 907גר,מור ים מרקטינג בעמ,,,"י""ח",121,ל גרם,false,1,20.40,16.86,false,1,
644209405930,true,דנקן היינס ציפוי מוקצף שוקולד 397 גרם,מור ים מרקטינג בעמ,,,"י""ח",397,ל גרם,false,1,20.40,5.14,false,1,
651080161510,true,אוראל בי פלוסר קיסם+חוט 3,דנשר (1963) בעמ,,,"י""ח",1,,false,1,10.90,10.90,false,1,
651080647519,true,פלאקרס פלוסר קיסם+חוט,דנשר (1963) בעמ,,,"י""ח",1,,false,1,9.30,9.30,false,1,
693493102575,true,עגבניות שרי קלמרים,ביכורי השדה צפון 1994 ג.ד. בעמ,,,"י""ח",450,ל גרם,false,1,10.90,2.42,false,1,
710069055452,true,סנדוויץ עוגיות שוקו 150גר הדר,ח.כהן סוכנות מזון ומשקאות בע,,,"י""ח",150,ל גרם,false,1,3.30,2.20,false,1,
728229123613,true,ציפס טרה,מ.סידס ובנו בעמ,,,"י""ח",110,ל גרם,false,1,13.60,12.36,true,1,
728229123811,true,תה רה צי פס מתובל,מ.סידס ובנו בעמ,,,"י""ח",50,ל גרם,false,1,13.60,27.20,true,1,
728229124764,true,צי פס בטטה עם מלח ים TERRA 110גר,מ.סידס ובנו בעמ,,,"י""ח",110,ל גרם,false,1,13.60,12.36,true,1,
728229124771,true,צי פס בטטה טעם ברביקיו TERRA,מ.סידס ובנו בעמ,,,"י""ח",110,ל גרם,false,1,13.60,12.36,true,1,
728229130154,true,חטיף צ`יפס בטטה וסלק 110גר`,מ.סידס ובנו בעמ,,,"י""ח",110,ל גרם,false,1,13.60,12.36,true,1,
728229130444,true,תה רה צי פס מתובל,מ.סידס ובנו בעמ,,,"י""ח",50,ל גרם,false,1,13.60,27.20,true,1,
734896881183,true,"מצוף ספגטי 150*65ס""מ",צעצועי דורון ~~~,,,"י""ח",1,,false,1,17,17,false,1,
768404001640,true,גלידה פיינטים קפה,מוצרי איכות אמריקאיים בעמ,,,"י""ח",500,"ל מ""ל",false,1,19.50,3.90,true,1,
786150000281,true,"לף בראון בקבוק 330מ""ל 1/6",תימקו בירה בעמ,,,"י""ח",330,"ל מ""ל",false,1,42.60,12.45,true,1,
807250920139,true,סט 12 יח עטים,צבע ומכחול (2014) בעמ,,,"י""ח",1,,false,1,12.70,12.70,false,1,
813724023756,true,"ווטקינס וניל אפיה 59מ""ל",מ.סידס ובנו בעמ,,,"י""ח",59,"ל מ""ל",false,1,25.60,43.39,false,1,
813724025927,true,"ווטקינס וניל ללא אלכוהול 59מ""ל",מ.סידס ובנו בעמ,,,"י""ח",59,"ל מ""ל",false,1,42.70,72.37,false,1,
813724025934,true,"ווטקינס מחית וניל 56מ""ל",מ.סידס ובנו בעמ,,,"י""ח",56,"ל מ""ל",false,1,42.70,76.25,false,1,
835811004189,true,פרורי לחם מוזהבים 800 גרם הנמל,הנמל אריזות ושווק בעמ,,,"י""ח",800,ל גרם,false,1,11.30,1.41,false,1,
835811004424,true,חלב מרוכז 340ג,הנמל אריזות ושווק בעמ,,,"י""ח",340,ל גרם,false,1,11.90,3.50,false,1,
835811007166,true,כוסות קפה לדרך+מכסה 16 יחידות הנמל,הנמל אריזות ושווק בעמ,,,"י""ח",16,"י""ח",false,1,11.90,0.74,false,1,
839762000658,true,איילנד גויאבה 1 ליטר,טמפו משקאות בעמ,,,"י""ח",1,ליטר,false,1,11.30,11.30,true,1,
839762002379,true,"איילנד מנגו 350מ""ל",טמפו משקאות בעמ,,,"י""ח",350,"ל מ""ל",false,1,4.70,1.26,false,1,
851621000050,true,"בירה Blanc 1664 5% 330מ""ל שישייה",החברה המרכזית להפצת משקאות בעמ,,,"י""ח",1.98,ליטר,false,1,36.60,17.73,false,1,
856591000062,true,עבאדי עוגיות מזרחיות מלח -400,תה ויסוצקי (ישראל)בעמ,,,"י""ח",400,ל גרם,false,1,15.30,3.83,false,1,
856591000109,true,עבאדי עוגיות מזרחיות פריך במיוחד 400גר,תה ויסוצקי (ישראל)בעמ,,,"י""ח",400,ל גרם,false,1,15.30,3.83,false,1,
884912002372,true,דגני בוקר קרנברי 566גר,ר.ב. מוצרי דגנים בעמ,,,"י""ח",566,ל גרם,false,1,20.40,3.60,false,1,
884912116505,true,דגני בוקר בננה נאט קראנצ`440גרם,ר.ב. מוצרי דגנים בעמ,,,"י""ח",440,ל גרם,false,1,23,5.23,false,1,
884912129512,true,דגני בוקר קוקו פבלס 311 גרם,ר.ב. מוצרי דגנים בעמ,,,"י""ח",1,,false,1,18.70,18.70,false,1,
884912359155,true,דגני בוקר האני באנצ רוסטד 340ג,ר.ב. מוצרי דגנים בעמ,,,"י""ח",340,ל גרם,false,1,18.70,5.50,true,1,
884912359162,true,דגני בוקר האני באנצ שקדים 340ג,ר.ב. מוצרי דגנים בעמ,,,"י""ח",340,ל גרם,false,1,19.60,5.76,true,1,
884912365200,true,דגני בוקר אוראו 311גר.,ר.ב. מוצרי דגנים בעמ,,,"י""ח",311,ל גרם,false,1,20.40,6.56,true,1,
884912377142,true,דגני בוקר האני באנצ וניל 340ג,ר.ב. מוצרי דגנים בעמ,,,"י""ח",340,ל גרם,false,1,18.70,5.50,true,1,
893594002051,true,חטיף פופקורן צ`יפס טעם גבינת צ`דר 28גר,"שטראוס פריטו ליי בע""מ",,,"י""ח",28,ל גרם,false,1,5,17.86,true,1,
3014409005471,false,פסטיס פרדו כשר לפסח 45% 1ליטר,מ.אקרמן בעמ,,,"י""ח",1,ליטר,false,1,90,90,false,1,
3046920028004,false,לינדט שוקולד אקסלנס מריר 70% 100 גר,לינדט ושפרונגלי קילשברג,,,"י""ח",100,ל גרם,false,1,14.40,14.40,true,1,
3046920028363,false,לינדט אקסלנס 85% מוצקי קקאו 100 גרם,לינדט ושפרונגלי קילשברג,,,"י""ח",100,ל גרם,false,1,14.40,14.40,true,1,
3046920028752,false,שוקולד לינדט אקסלנס מינט 100 גרם,לינדט ושפרונגלי קילשברג,,,"י""ח",100,ל גרם,false,1,14.40,14.40,true,1,
3046920029674,false,אקסלנס עם שבבי מלח לינדט (100 גרם),לינדט ושפרונגלי קילשברג,,,"י""ח",100,ל גרם,false,1,14.40,14.40,true,1,
3046920029759,false,אקסלנס שוקולד מריר 90% לינדט (100 גרם),לינדט ושפרונגלי קילשברג,,,"י""ח",100,ל גרם,false,1,14.40,14.40,true,1,
3068320014067,false,אוויאן מים מינרליים ספורט 750 מל,קריניציה ויטמינה אס,,,"י""ח",330,"ל מ""ל",false,1,8.50,2.48,false,1,
3068320055008,false,מים מינרלים אוויאן 500 מל,קריניציה ויטמינה אס,,,"י""ח",0.50,ליטר,false,1,5.90,11.20,false,1,
3073781162790,false,גבינה מותכת בייבי בל 120 גרם,א. סיימן סחר בעמ,,,"י""ח",120,ל גרם,false,1,18.70,15.58,true,1,
3141360054405,false,פיניש מפיץ ריח למדיח בניחוח לימון וליים,רקיט בנקיזר (ניר איסט) בעמ,,,"י""ח",27,ל גרם,false,1,12.70,47.04,true,1,
3161911229199,false,חמאה צרפתית רכה למריחה אל & ויר 250 גרם,א. סיימן סחר בעמ,,,"י""ח",250,ל גרם,false,1,19.60,7.84,true,1,
3178530402353,false,עוגות מיני מדלן קלאסי סאן מישל 175 גרם,סאן מישל ביסוויט,,,"י""ח",175,ל גרם,false,1,9.30,5.31,true,1,
3178530407938,false,עוגיות מיני מדליין עם שוקוצ'יפס סאן מישל 175 גרם,א. סיימן סחר בעמ,,,"י""ח",175,ל גרם,false,1,10.20,5.83,true,1,
3178530411478,false,ביסקוויטים גאלט עם חמאה ומלח ים,א. סיימן סחר בעמ,,,"י""ח",150,ל גרם,false,1,11,7.33,false,1,
3179732348913,false,פרייה מים מינרליים טבעיים מבעבעים 1 ליטר פלסטיק,נסטלה ווטרס ספלאי,,,"י""ח",1,ליטר,false,1,7.10,7.10,true,1,
3270623201017,false,"קוניאק לואי רויה VS 700מ""ל",מ.אקרמן בעמ,,,"י""ח",700,"ל מ""ל",false,1,179.50,25.60,false,1,
3387390525960,false,קראנץ' דגני בוקר עם שוקולד חלב נסטלה 500 גרם,קבוצת אוסם סחר שותפות מוגבלת,,,"י""ח",500,ל גרם,false,1,25,5,true,1,
3387390730852,false,פיטנס דגנים מחיטה מלאה ואורז נסטלה 375 גרם,קבוצת אוסם סחר-שות.מוגבלת,,,"י""ח",375,ל גרם,false,1,22.90,6.11,true,1,
3574660089547,false,טמפונים נורמל קלאסי אובה 32 יחידות,ג'\ונסון אנד ג'\ונסון,,,"י""ח",1,,false,1,21.30,21.30,false,1,
3574661003924,false,שטיפת פה טוטאל קר בטעם מנטה צלול,ג'\ונסון אנד ג'\ונסון,,,"י""ח",500,"ל מ""ל",false,1,16.20,3.24,true,1,
3574661114637,false,ליסטרין שטיפת פה קול מינט טעם מעודן 500,ג'\ונסון אנד ג'\ונסון,,,"י""ח",500,"ל מ""ל",false,1,15.30,3.06,true,1,
3574661392493,false,ניוטרוגינה קרם גוף הידרו בוסט 200 מייל,ש. שסטוביץ בע`מ,,,"י""ח",200,"ל מ""ל",false,1,21.30,10.65,false,1,
3574661487328,false,קרפרי מגני תחתון אורגינל פלוס 56 יח',הדקלאים אגודת שיתופי,,,"י""ח",58,"י""ח",false,1,17,0.29,true,1,
3574661487335,false,מגן תחתון קרפרי מקסי לונג ריחני 40 יחידות,ש. שסטוביץ בע`מ,,,"י""ח",1,,false,1,15.90,15.90,true,1,
3574661487625,false,מגן תחתון קרפרי מקסי לארג 48 יחידות,הדקלאים אגודת שיתופי,,,"י""ח",1,,false,1,13.60,13.60,true,1,
3574661552576,false,קרפרי מגן תחתון רגיל טנגה לבן 56 יח חדש,הדקלאים אגודת שיתופי,,,"י""ח",1,,false,1,13.60,13.60,true,1,
3574661554877,false,מגן תחתון קרפרי כותון מבושם 56 יחידות,הנסיך- מפעל לייצור ט,,,"י""ח",1,,false,1,13.60,13.60,true,1,
3574661650029,false,ליסטרין שטיפת פה להגנה על החניכיים בטעם מעודן,ג'\ונסון אנד ג'\ונסון,,,"י""ח",500,"ל מ""ל",false,1,16.20,3.24,true,1,
3600522550129,false,קרם אנטי-אייג'ינג יום אייג' ספשיאליסט +45,לוריאל ישראל קוסמטיקס בעמ,,,"י""ח",50,"ל מ""ל",false,1,51.20,102.40,false,1,
3600523651900,false,מרכך לחיזוק סיב השערה לכל סוגי השיער,לוריאל ישראל קוסמטיקס בעמ,,,"י""ח",550,"ל מ""ל",false,1,12.70,2.31,true,1,
3600523756322,false,"לוריאל - אלביב מרכך קוקוס 550 מ""ל",לוריאל ישראל קוסמטיקס בעמ,,,"י""ח",550,"ל מ""ל",false,1,12.70,2.31,true,1,
3600523782567,false,"לוריאל - אלביב שמפו דרים לונג 500 מ""ל",לוריאל ישראל קוסמטיקס בעמ,,,"י""ח",500,"ל מ""ל",false,1,12.70,2.54,true,1,
3600524055400,false,לוריאל - אלביב שמפו היאלורונית 500 מ''ל,לוריאל ישראל קוסמטיקס בעמ,,,"י""ח",500,"ל מ""ל",false,1,16.20,3.24,true,1,
3600541253667,false,"גרנייה - דאודורנט ספריי לאישה אינביזיבל BWC (ורוד) 150 מ""ל",לוריאל ישראל קוסמטיקס בעמ,,,"י""ח",150,"ל מ""ל",false,1,12.60,8.40,true,1,
3600541402270,false,"גרנייה - דאודורנט ספריי לאישה אינביזיבל BWC (ירוק) 150 מ""ל",לוריאל ישראל קוסמטיקס בעמ,,,"י""ח",50,"ל מ""ל",false,1,12.60,25.20,true,1,
3600541952720,false,ג'ל גרגירים עם פחם פעיל לטיפול בראשים שחורים,לוריאל ישראל קוסמטיקס בעמ,,,"י""ח",150,ל גרם,false,1,25.60,17.07,false,1,
3600542375801,false,קרם גרנייה פיוראקטיב 3ב1 פחם 150 מל,לוריאל ישראל קוסמטיקס בעמ,,,"י""ח",150,"ל מ""ל",false,1,25.60,17.07,false,1,
3600542385251,false,"גרנייה - דאודורנט רול און לאישה פרוטקשן 6 כותנה (ורוד) 50 מ""ל",לוריאל ישראל קוסמטיקס בעמ,,,"י""ח",1,,false,1,12.70,12.70,true,1,
3600542385268,false,"גרנייה - דאודורנט רול און לאישה אינביזיבל BWC (ורוד) 50 מ""ל",לוריאל ישראל קוסמטיקס בעמ,,,"י""ח",1,,false,1,12.90,12.90,true,1,
3600542431859,false,גרנייה - קולור נטורלס 5 חום טבעי חדש,לוריאל ישראל קוסמטיקס בעמ,,,"י""ח",1,,false,1,16.20,16.20,false,1,
3607347320449,false,"אדידס - ג'ל רחצה ספורט אנרג'י 400 מ""ל",דנשר (1963) בעמ,,,"י""ח",400,"ל מ""ל",false,1,9.30,2.33,false,1,
3661163970448,false,"אדידס דאודורנט ספריי מקס פרש לגברים 200 מ""ל",מיוצר עי קונדיטוריית,,,"י""ח",200,"ל מ""ל",false,1,12.90,6.45,false,1,
3661163991146,false,"אדידס - דאודורנט ספריי לאישה קול אנד קר פרש 150 מ""ל",מיוצר עי קונדיטוריית,,,"י""ח",200,"ל מ""ל",false,1,12.70,6.35,false,1,
3838824127200,false,צבע לשיער פאלטה סמי קיט 3-0 חום כהה,שוורצקופף והנקל,,,"י""ח",1,,false,1,19.90,19.90,true,1,
3883133883132,false,סביבון,צבע ומכחול (2014) בעמ,,,"י""ח",1,,false,1,6.80,6.80,false,1,
4000417019004,false,שוקולד חלב אגוזי לוז שלמים ריטר ספורט 100 גרם,ריטר ספורט Ritter sport,,,"י""ח",100,ל גרם,false,1,9.30,9.30,true,1,
4000417022004,false,ריטר ספורט שוקולד חלב מעולה עם צימוקים ואגוזי לוז 100 גרם,ריטר ספורט Ritter sport,,,"י""ח",100,ל גרם,false,1,7.60,7.60,true,1,
4000417023001,false,ריטר ספורט שוקולד חלב מעולה עם שקדים שלמים,ריטר ספורט Ritter sport,,,"י""ח",100,ל גרם,false,1,9.30,9.30,true,1,
4000417025005,false,שוקולד מריר במילוי מרציפן ריטר ספורט 100 גרם,ריטר ספורט Ritter sport,,,"י""ח",100,ל גרם,false,1,7.60,7.60,true,1,
4000417026002,false,שוקולד ריטר ספורט פרלין 100 גרם חלב נוכרי,ריטר ספורט Ritter sport,,,"י""ח",100,ל גרם,false,1,7.60,7.60,true,1,
4000417212009,false,ריטר ספורט שוקולד מריר מעולה עם שקדים קצוצים וקליפות תפוז מסוכרות,ריטר ספורט Ritter sport,,,"י""ח",100,ל גרם,false,1,7.60,7.60,true,1,
4000417222008,false,שוקולד ריטר ספורט חלב+שברי אגוזים 100 גרם חלב נוכרי,ריטר ספורט Ritter sport,,,"י""ח",100,ל גרם,false,1,7.60,7.60,true,1,
4000417224002,false,"ריטר ספורט טבלת שוקולד מריר אגוזים, 100 גרם",ריטר ספורט Ritter sport,,,"י""ח",100,ל גרם,false,1,9.30,9.30,true,1,
4000417298003,false,שוקולד ריטר ספורט קוקוס 100 גרם חלב נוכרי,ריטר ספורט Ritter sport,,,"י""ח",100,ל גרם,false,1,7.60,7.60,true,1,
4000539280726,false,שוקולד לינדט אקסלנס מילד 70% 100 גר`,משה סידס ובנו בעמ,,,"י""ח",100,ל גרם,false,1,14.40,14.40,true,1,
4000869032569,false,"הפי מבשם ומטהר אויר ורוד מוצק יעקבי 150 מ""ל","יעקב יעקבי ובניו בע""מ",,,"י""ח",1,,false,1,8.60,8.60,false,1,
4002448017684,false,"סיליט באנג ספריי ניקוי כללי מסיר אבנית 750 מ""ל",רקיט בנקיזר (ניר איסט) בעמ,,,"י""ח",750,"ל מ""ל",false,1,11,1.47,false,1,
4004715020755,false,קישוטים לעוגה 3 צילינדרים בקופסא,היינץ צפון אמריקה מק,,,"י""ח",1,,false,1,11.30,11.30,false,1,
4008287051032,false,בירה קרומבאכר פילס 0.50 ליטר פחית,מנדלז סי.אר. פרודקשן,,,"י""ח",50,"ל מ""ל",false,1,8.50,16.40,true,1,
4008287058161,false,בירה קרומבאכר פילס 4.8% שישיה 6 * 330 מל,אגודת הכורמים -כרמל מזרחי,,,"י""ח",1.98,ליטר,false,1,32.40,15.61,true,1,
4008287905786,false,בירה קרומבאכר חיטה 5.3% פחית 500 מל,אגודת הכורמים -כרמל מזרחי,,,"י""ח",50,"ל מ""ל",false,1,8.50,16.40,true,1,
4009300524588,false,חליטת צמחים פומפדור פירות יער 20 יחידות,ש. שסטוביץ בע`מ,,,"י""ח",300,ל גרם,false,1,11.90,3.97,true,1,
4009300525011,false,פומפידור תה ירוק עם תפוז וג'ינגר 25 שקיקים,"איטיליאן פוד, אס.פי.",,,"י""ח",30,ל גרם,false,1,14.40,48,true,1,
4009300529514,false,תה חליטת פומפדור פירות אוכמניות 20 יח,ש.שסטוביץ בעמ,,,"י""ח",30,ל גרם,false,1,12.70,42.33,false,1,
4009900385824,false,מסטיק אורביט פפרמינט סטיקס משפחתי-חמישיות,"מרס ריגלי ישראל בע""מ",,,"י""ח",5,"י""ח",false,1,8.40,1.68,false,1,
4009900465304,false,סוכריות סקיטלס פירות חמוצים 174 גרם,"מרס ריגלי ישראל בע""מ",,,"י""ח",174,ל גרם,false,1,7.50,4.31,false,1,
4009900479998,false,אורביט וויט אוכמניות בקבוקון 46 מלבניות,"מרס ריגלי ישראל בע""מ",,,"י""ח",90,ל גרם,false,1,9,10,true,1,
4009900482417,false,מסטיק אורביט פירות מנטה בקבוקון באבל מינט 45יח,"מרס ריגלי ישראל בע""מ",,,"י""ח",90,ל גרם,false,1,9,10,true,1,
4009900483803,false,מסטיק איירובס מנטה אקליפטוס בקבוקון 60יח',"מרס ריגלי ישראל בע""מ",,,"י""ח",84,ל גרם,false,1,11.10,13.21,false,1,
4009900484060,false,מסטיק אורביט פרופשיונל בטעם מנטה ללא סוכר,מרס ריגלי ישראל בעמ,,,"י""ח",84,ל גרם,false,1,11,13.10,false,1,
4009900484091,false,מסטיק אורביט פרופשיונל בטעם מנטה ללא סוכר,"מרס ריגלי ישראל בע""מ",,,"י""ח",84,ל גרם,false,1,11,13.10,false,1,
4009900484305,false,מסטיק אורביט פרופשיונל סוויטמינט ביגי לבן 60יח',"מרס ריגלי ישראל בע""מ",,,"י""ח",84,ל גרם,false,1,11,13.10,false,1,
4009900487283,false,מסטיק אורביט סטיקס מארז חמישייה ללס בטע,"מרס ריגלי ישראל בע""מ",,,"י""ח",5,"י""ח",false,1,8.40,1.68,false,1,
4009900500166,false,סוכריות פירות אדום סקיטלס בקבוקון 125ג',"מרס ריגלי ישראל בע""מ",,,"י""ח",1,,false,1,7.60,7.60,false,1,
4009900534918,false,סקיטלס גאיינט פירות 141 גרם,מרס ריגלי ישראל בעמ,,,"י""ח",141,ל גרם,false,1,7.60,5.39,false,1,
4009900536486,false,מסטיק אורביט רפרשרס באבלמינט בקבוקון ללא סוכר 67 גר',מרס ריגלי קונפקשונרי,,,"י""ח",67,ל גרם,false,1,10.20,15.22,false,1,
4009900539340,false,סוכריות ג`יינט פירות סקיטלס סאוור (141 ג,מרס ריגלי קונפקשונרי,,,"י""ח",141,ל גרם,false,1,7.60,5.39,false,1,
4009900539746,false,"מסטיק פייב באונס בטעם אבטיח בקבוקון, 61.8 גרם",מרס ריגלי ישראל בעמ,,,"י""ח",67,ל גרם,false,1,10.20,15.22,true,1,
4011100001220,false,מרס חטיף שוקולד עם קרמל מארז 403 גרם,לינדט ושפרונגלי קילשברג,,,"י""ח",403,ל גרם,false,1,19.60,4.86,false,1,
4011800290030,false,חטיף חלבון עם שוקולד חלב ללא תוספת סוכר,משה סידס ובנו בעמ,,,"י""ח",50,ל גרם,false,1,7.60,15.20,false,1,
4011800290054,false,חטיף חלבון עם קוקוס ושוקולד חלב ללא תוספת סוכר,משה סידס ובנו בעמ,,,"י""ח",50,ל גרם,false,1,6.80,13.60,false,1,
4011800577810,false,מארז חטיפי קורני פרי נוגט 120 גרם,משה סידס ובנו בעמ,,,"י""ח",120,ל גרם,false,1,12.50,10.42,true,1,
4011800628512,false,חטיף קורני שוקולד חלב 6 יח 150 גר,מיוצר עי קונדיטוריית,,,"י""ח",150,ל גרם,false,1,12.50,8.33,true,1,
4011800629519,false,"מארז חטיפי דגנים אגוזים ""קורני""",משה סידס ובנו בעמ,,,"י""ח",150,ל גרם,false,1,12.50,8.33,true,1,
4011800630515,false,חטיף קורני שוקולד חלב ובננה 6 יח 150 גר,מיוצר עי קונדיטוריית,,,"י""ח",150,ל גרם,false,1,12.50,8.33,true,1,
4014400900217,false,בונבונריית מרסי מבחר ממתקי שוקולד 400 גרם,קריניציה ויטמינה אס,,,"י""ח",400,ל גרם,false,1,42.30,10.58,true,1,
4014400901191,false,בונבונריית מרסי מבחר ממתקי שוקולד 250 גרם,ליימן שליסל בע`מ,,,"י""ח",250,ל גרם,false,1,21.80,8.72,true,1,
4014400904307,false,סוכריות בטעם פירות קליפורניה סטורק 425 גרם,קריניציה ויטמינה אס,,,"י""ח",425,ל גרם,false,1,16.40,3.86,true,1,
4014400904376,false,סוכריות טופי בטעם שוקולד סטורק 325 גרם,קריניציה ויטמינה אס,,,"י""ח",325,ל גרם,false,1,16.40,5.05,true,1,
4014400904390,false,סוכריות טופי ממולא חלב סטורק 325 גרם,קריניציה ויטמינה אס,,,"י""ח",325,ל גרם,false,1,16.40,5.05,true,1,
4014400914696,false,וורטרס אורגינל סוכריות ללא סוכר 80 גרם,ליימן שליסל בע`מ,,,"י""ח",1,,false,1,7.80,7.80,true,1,
4014400920857,false,וורטר אורגינל ללא סוכר בטעם שוקולד-שקית 70 גרם,קריניציה ויטמינה אס,,,"י""ח",70,ל גרם,false,1,7.50,10.71,true,1,
4014400923711,false,בונבוניירה שוקולד אגוזים טופיפי 125 גרם,ליימן שליסל בע`מ,,,"י""ח",125,ל גרם,false,1,10.20,8.16,true,1,
4014400931327,false,ורטרס אורגינל פופקורן עם קרמל זרעי דלעת 1/12,ליימן שליסל בע`מ,,,"י""ח",140,ל גרם,false,1,13.60,9.71,true,1,
4015400564034,false,מגן תחתון אולוויז מגה פק לונג פלוס 58 יחידות,דיפלומט מפיצים (1986) בע`מ,,,"י""ח",58,"י""ח",false,1,17,0.29,true,1,
4015400564454,false,מגני תחתון אולוויז לארג' עם ניחוח מגה פק,דיפלומט מפיצים (1986) בע`מ,,,"י""ח",1,,false,1,17,17,true,1,
4015400715290,false,טמפקס קומפק סופר פלוס 22 יחידות,דיפלומט מפיצים (1986) בע`מ,,,"י""ח",1,,false,1,23,23,false,1,
4015400731719,false,תחבושות היגייניות אולוויז יום ולילה Day & Night,דיפלומט מפיצים (1986) בע`מ,,,"י""ח",1,,false,1,17,17,true,1,
4015400755241,false,תחבושות היגייניות אולוויז אולטרה נורמל - 28 יח',דיפלומט מפיצים (1986) בע`מ,,,"י""ח",1,,false,1,17,17,true,1,
4015400824725,false,טמפונים סופר עם מוליך טמפקס 30 יחידות,דיפלומט מפיצים 1968 בעמ,,,"י""ח",1,,false,1,29.80,29.80,false,1,
4015600766900,false,"שמפו ומרכ ך נגד קשקשים 500 מ""ל הד אנד שולדרס",דיפלומט מפיצים (1986) בע`מ,,,"י""ח",500,"ל מ""ל",false,1,22,4.40,false,1,
4017100219900,false,בלזן וופלטן וופל מגולגל מצופה שוקולד חלב 100 גרם,הדקלאים אגודת שיתופי,,,"י""ח",100,ל גרם,false,1,11.90,11.90,true,1,
4017100364112,false,בלזן היט בסקוויט סנדביץ עם מלית קרם בטעם שוקולד קקאו (41%) 220 גרם,הדקלאים אגודת שיתופי,,,"י""ח",220,ל גרם,false,1,6.70,3.05,true,1,
4022025001905,false,"יין בלו ווין מבעבע זהב כשר 750מ""ל",היכל היין שקד גולן בעמ,,,"י""ח",750,"ל מ""ל",false,1,51.20,6.79,true,1,
4022025002100,false,יין בלו ווין מבעבע רוזה כשר 750 מל,היכל היין שקד גולן בעמ,,,"י""ח",750,"ל מ""ל",false,1,51.20,6.79,true,1,
4032900111292,false,סיגריות ווינסטון קומפקט כחול,גלוברנדס גרופ בעמ,,,"י""ח",1,,false,1,23.90,23.90,false,1,
4032900124254,false,ווינסטון קומפלקט ברי PP חפיסה,גלוברנדס גרופ בעמ,,,"י""ח",1,,false,1,23.90,23.90,false,1,
4033100013348,false,סיגריות אל די כחול ארוך בודד,גלוברנדס בעמ - שיווק סיגריות,,,"י""ח",1,,false,1,23.50,23.50,false,1,
4033100014468,false,סיגריות אל די אדום בודד,גלוברנדס בעמ - שיווק סיגריות,,,"י""ח",1,,false,1,23.50,23.50,false,1,
4033100014499,false,סיגריות אל די כחול בודד,גלוברנדס בעמ - שיווק סיגריות,,,"י""ח",1,,false,1,23.50,23.50,false,1,
4033100014529,false,סיגריות אל די סלים בודד,גלוברנדס בעמ - שיווק סיגריות,,,"י""ח",1,,false,1,21.40,21.40,false,1,
4033100024146,false,סיגריות ווינסטון קוד בודד,גלוברנדס בעמ - שיווק סיגריות,,,"י""ח",1,,false,1,26.50,26.50,false,1,
4033100038914,false,טבק כאמל צהוב + נייר גלגול 30ג',גלוברנדס בעמ - שיווק סיגריות,,,"י""ח",1,,false,1,64.10,64.10,false,1,
4033100046490,false,סיגריות ווינסטון אקווה ארוך בודד,גלוברנדס בעמ - שיווק סיגריות,,,"י""ח",1,,false,1,26.50,26.50,false,1,
4066600601920,false,פאולנר ביתר חיטה מעוננת 500 מל,טמפו משקאות בע`מ,,,"י""ח",500,"ל מ""ל",false,1,9.50,1.84,true,1,
4066600999614,false,"בירה פאולנר, בירת חיטה מעוננת, בקבוק 500 מ""ל",טמפו משקאות בע`מ,,,"י""ח",500,"ל מ""ל",false,1,10.30,2,true,1,
4072700001188,false,"בירה פרנסיסקאנר כהה בקבוק 500 מ""ל",הכרם -משקאות חריפים בע`מ,,,"י""ח",500,"ל מ""ל",false,1,9.40,1.82,true,1,
4072700003649,false,"בירה פרנסיסקאנר בהירה 500מ""ל בקבוק",הכרם - משקאות חריפים בעמ,,,"י""ח",500,"ל מ""ל",false,1,9.40,1.82,true,1,
4100130937163,false,בירה בקס שישייה 6*275 מל,הכרם -משקאות חריפים בע`מ,,,"י""ח",1.65,ליטר,false,1,24.40,13.88,false,1,
4102430015305,false,"בירה ביטבורגר 5% 330 מ""ל",לפ א.ג.ת.ד. שיווק והפצה,,,"י""ח",33,"ל מ""ל",false,1,6.20,17.88,true,1,
4105120623941,false,"בירה ויינשטפן בק' ח""פ 500 מ""ל",החברה המרכזית להפצת משקאות בעמ,,,"י""ח",500,"ל מ""ל",false,1,10.20,1.98,true,1,
4603400000043,false,וודקה רוסקי יורוסטנדרט (700 מל),רוסקי סטנדרט וודקה,,,"י""ח",700,"ל מ""ל",false,1,59.80,8.50,false,1,
4603928000976,false,"בלוגה נובל וודקה 700 מ""ל+כוס הייבול",מרינסקי ליקרו-וודאצ'\ני,,,"י""ח",700,"ל מ""ל",false,1,111.10,15.83,true,1,
4605561010305,false,"חתיכות פילה הרינג עם שמיר בשמן 17.6 אונקיה, 500 גרם",דילר בי.אם.די פורמולה בעמ,,,"י""ח",500,ל גרם,false,1,23,4.60,true,1,
4605561010343,false,פילה דג הרינג חתיכות בשמן 500 גרם,דילר בי.אמ.די פורמולה בעמ,,,"י""ח",500,ל גרם,false,1,23,4.60,true,1,
4605561012613,false,פילה דג הרינג קצוץ בשמן 400 גרם,דילר בי.אם.די. פורמולה בעמ,,,"י""ח",400,ל גרם,false,1,13.60,3.40,true,1,
4605561013009,false,פילה דג הרינג בשמן 400 גרם,דילר בי.אם.די. פורמולה בעמ,,,"י""ח",400,ל גרם,false,1,13.60,3.40,true,1,
4607026342341,false,"יין מבעבע ""אבראו דורסו"" חצי מתוק 750 מל",יורוסטנדרט בעמ,,,"י""ח",700,"ל מ""ל",false,1,35.90,5.09,false,1,
4607026342495,false,"יין מבעבע ""אבראו דורסו"" ברוט 750 מ""ל",יורוסטנדרט בעמ,,,"י""ח",700,"ל מ""ל",false,1,35.90,5.09,false,1,
4640018993398,false,פיניש קוואנטום 60 יח' קפסולות ג'ל למדיח כלים,רקיט בנקיזר (ניר איסט) בעמ,,,"י""ח",45,"י""ח",false,1,51.20,1.14,true,1,
4710068001715,false,משקה בטעם טירמיסו מאסטר קפה (240 מל),יוני פרזינדנט אנטרפר,,,"י""ח",240,"ל מ""ל",false,1,5.70,2.25,true,1,
4710068001739,false,מאסטר קפה בטעם קולומביאני בפחית 240מ`ל,יוני פרזינדנט אנטרפר,,,"י""ח",1,,false,1,5.70,5.70,true,1,
4710068002798,false,מאסטר קפה בטעם וניל בפחית 240מ`ל,מאיטה פוד אינדוסטריאל קו,,,"י""ח",240,"ל מ""ל",false,1,5.40,2.25,true,1,
4751007730938,false,שיפרוטים מעושנים בשמן צמחי 240 גר`,דברים טובים סגל בעמ,,,"י""ח",240,ל גרם,false,1,11,4.58,true,1,
4770237055567,false,גלידת שמנת בטעם שוקולד עם אגוזי לוז מצופה צמקאו פלומביר 63 גר SVALIA,אייס דילר בי.אמ.די בעמ,,,"י""ח",63,ל גרם,false,1,5,7.94,true,1,
4770237056748,false,גלידת שמנת משובחת בטעם וניל בציפוי בטעם מסטיק SVALIA גר 58,אייס דילר בי.אמ.די בעמ,,,"י""ח",58,ל גרם,false,1,5,8.62,true,1,
4800888210197,false,דאו דאב סטיק אנטיפרספירנט קוקוס ויסמין50,"יוניליוור ישראל שיווק בע""מ",,,"י""ח",50,ל גרם,false,1,17,34,true,1,
4810168000066,false,פילה דג הרינג מלוח מצונן עם תבלינים 250 גרם,דילר בי.אם.די. פורמולה בעמ,,,"י""ח",250,ל גרם,false,1,11.90,4.76,true,1,
4810168000998,false,פילה דג הרינג מלוח מצונן עם בצל בצנצנת חתיכות 260גרם,דילר בי.אם.די. פורמולה בעמ,,,"י""ח",260,ל גרם,false,1,15.30,5.88,false,1,
4810168018795,false,חתיכות פילה דג הרינג מלוח מצונן 200גרם,דילר בי.אם.די. פורמולה בעמ,,,"י""ח",200,ל גרם,false,1,11.90,5.95,true,1,
4810168019051,false,חתיכות פילה דג הרינג מלוח מצונן עם תבלין 200גרם,דילר בי.אם.די. פורמולה בעמ,,,"י""ח",200,ל גרם,false,1,11.90,5.95,true,1,
4810168024512,false,פילה דג הרינג מלוח מצונן עם תבלין בצנצנת חתיכות 260 גרם,דילר בי.אם.די. פורמולה בעמ,,,"י""ח",260,ל גרם,false,1,15.30,5.88,false,1,
4810168038267,false,גלידת שמנת בטעם וניל פלומביר בציפוי צימקאו אסקימו 65 גר YUKKI,אייס דילר בי.אמ.די בעמ,,,"י""ח",65,ל גרם,false,1,5,7.69,true,1,
4810168038977,false,גלידת שמנת בטעם וניל בגביע וופל אישי פלומביר 75 גרם YUKKI,אייס דילר בי.אמ.די בעמ,,,"י""ח",75,ל גרם,false,1,5,6.67,true,1,
4810168038984,false,גלידת שמנת משובחת בטעם וניל וופל בין השכבות 80 גר YUKKI,אייס דילר בי.אמ.די בעמ,,,"י""ח",80,ל גרם,false,1,5,6.25,true,1,
4810168038991,false,גלידת שמנת בטעם שוקולד בגביע וופל אישי פלומביר 75 גר YUKKI,אייס דילר בי.אמ.די בעמ,,,"י""ח",75,ל גרם,false,1,5,6.67,true,1,
4810168045098,false,גלידת שמנת בטעם קרם ברולה בגביע וופל YUKKI,אייס דילר בי.אמ.די בעמ,,,"י""ח",75,ל גרם,false,1,5,6.67,true,1,
4810168045906,false,גלידה שמנת וניל שקדים אסקימו 75 גרם,אייס דילר בי.אמ.די בעמ,,,"י""ח",100,ל גרם,false,1,6.80,6.80,true,1,
4810168045913,false,גלידה שמנת קקאו בראוניז אסקימו 75 גרם,אייס דילר בי.אמ.די בעמ,,,"י""ח",100,ל גרם,false,1,6.80,6.80,true,1,
4810168047368,false,בצק שמרים עלים מרודד מוקפא 450 גרם,דילר בי.אמ.די פורמולה בעמ,,,"י""ח",450,ל גרם,false,1,7.60,1.69,true,1,
4810168049928,false,"בלינצ'ס במילוי תפו""א ופטריות מוקפאים 420 גרם",דילר בי.אמ.די פורמולה בעמ,,,"י""ח",420,ל גרם,false,1,11.90,2.83,true,1,
4810168049966,false,בלינצ'ס במילוי דובדבן מוקפא 360 גרם,דילר בי.אם.די. פורמולה בעמ,,,"י""ח",360,ל גרם,false,1,11.90,3.31,true,1,
4810168053031,false,YUKKI גלידת שמנת משובחת בטעם שוקולד וופל בין שכבות 80גר,אייס דילר בי.אמ.די בעמ,,,"י""ח",80,ל גרם,false,1,5,6.25,true,1,
4810168055035,false,כיסונים במילוי טבורוג וצימוקים מוקפאות 450 גרם,דילר בי.אמ.די פורמולה בעמ,,,"י""ח",450,ל גרם,false,1,13.60,3.02,true,1,
4810168055165,false,לביבות גבינת טבורוג מוקפאות 450 גרם,דילר בי.אמ.די פורמולה בעמ,,,"י""ח",450,ל גרם,false,1,17,3.78,true,1,
4810168055882,false,חתיכות פילה דג הרינג ממולח בשמן 1200 גרם,דילר בי.אם.די. פורמולה בעמ,,,"י""ח",1.20,"ק""ג",false,1,34.10,28.42,false,1,
4810168056964,false,בלינצ'ס במילוי ממרח קקאו-אגוזי לוז מוקפא 360 גרם,דילר בי.אמ.די פורמולה בעמ,,,"י""ח",360,ל גרם,false,1,11.90,3.31,true,1,
4810168057435,false,חתיכות פילה דג XXLהרינג מלוח בשמן מצונן 400 גרם,דילר בי.אם.די. פורמולה בעמ,,,"י""ח",400,ל גרם,false,1,23,5.75,true,1,
4810168058975,false,חתיכות פילה דג הרינג סקנדינבי מלוח מצונן 260 גר,דילר בי.אם.די. פורמולה בעמ,,,"י""ח",260,ל גרם,false,1,15.30,5.88,false,1,
4810168058982,false,חתיכות פילה דג הרינג סקנדינבי מלוח בשמן 400 גר,דילר בי.אם.די. פורמולה בעמ,,,"י""ח",400,ל גרם,false,1,23,5.75,true,1,
4815387002136,false,ערכת תה מתנה 12 סוגי תה וחליטת וצמחים דלהי 60 יח',דילר בי.אמ.די.אינטרנשיונל בעמ,,,"י""ח",60,"י""ח",false,1,28.10,0.47,false,1,
4820015165206,false,גלידת שמנת משובחת בטעם וניל בגביע וופל אישי פלומביר 70 גר',אייס דילר בי.אמ.די בעמ,,,"י""ח",70,ל גרם,false,1,5,7.14,true,1,
4820154722469,false,גלידה בטעם וניל בכוס אסקימוס 80 גרם,אייס דילר בי.אמ.די בעמ,,,"י""ח",80,ל גרם,false,1,5,6.25,true,1,
4820154723275,false,גלידה בטעם וניל בציפוי שוקולד מריר בכוס אסקימוס 80 גרם,אייס דילר בי.אמ.די בעמ,,,"י""ח",80,ל גרם,false,1,5,6.25,true,1,
4820154723442,false,"גלידת שמנת משובחת בטעם וניל ושוקולד בגביע וופל ""אמפרזה"" 100 גר'",אייס דילר בי.אמ.די בעמ,,,"י""ח",100,ל גרם,false,1,6.80,6.80,true,1,
4820154725187,false,גלידה בטעם שוקולד בציפוי שוקולד מריר בכוס אסקימוס 80 גרם,אייס דילר בי.אמ.די בעמ,,,"י""ח",80,ל גרם,false,1,5,6.25,true,1,
4820154727938,false,גלידה חלבית בשומן צמחי בטעם מלון וליים אסקימו 85 גרם,אייס דילר בי.אמ.די בעמ,,,"י""ח",85,ל גרם,false,1,5,5.88,true,1,
4820198873288,false,תה ירוק סיני קלאסי דלהי 25 יח',דילר בי.אמ.די.אינטרנשיונל בעמ,,,"י""ח",45,ל גרם,false,1,8.50,18.89,false,1,
4820217240114,false,חמאה 82.5% פרמה 200 גר,דילר בי.אם.די. פורמולה בעמ,,,"י""ח",200,ל גרם,false,1,7.60,3.80,false,1,
4823077602863,false,רושן סוכריות ג'לי קרייזי פצ'ולקה 200 גרם,דילר בי.אמ.די.אינטרנשויונל בעמ,,,"י""ח",200,ל גרם,false,1,5.90,2.95,true,1,
4823077608513,false,רושן סוכריות טופי חלב קורבקה 205 גרם,דילר בי.אמ.די.אינטרנשויונל בעמ,,,"י""ח",205,ל גרם,false,1,5.90,2.88,true,1,
4823077613203,false,שוקולד רושן מריר + פונדוק שלם 90 גר רושן,דילר בי.אמ.די.אינטרנשויונל בעמ,,,"י""ח",90,ל גרם,false,1,6.80,7.56,true,1,
4823077613630,false,חטיף שוקולד רושן ממולה קרם בורלה 43 גרם,דילר בי.אמ.די.אינטרנשויונל בעמ,,,"י""ח",40,ל גרם,false,1,3.30,8.25,true,1,
4823077614675,false,48230776ביסקוויט לקפה רושן בטעם חלב 18,דילר בי.אמ.די.אינטרנשויונל בעמ,,,"י""ח",185,ל גרם,false,1,3.30,1.78,true,1,
4823077614699,false,ביסקוויט לקפה רושן בטעם חמאה וניל 185 גרם,דילר בי.אמ.די.אינטרנשויונל בעמ,,,"י""ח",185,ל גרם,false,1,3.30,1.78,true,1,
4823077614767,false,שוקולד רושן חלב נוגט בטעם אגוזי לוז 90 גרם,דילר בי.אמ.די.אינטרנשויונל בעמ,,,"י""ח",90,ל גרם,false,1,4.20,4.67,true,1,
4823077614804,false,שוקולד רושן חלב נוגט בטעם אוכמניות כחולות 90 גרם,דילר בי.אמ.די.אינטרנשויונל בעמ,,,"י""ח",90,ל גרם,false,1,4.20,4.67,true,1,
4823077617041,false,חטיף שוקולד רושן ממולה קרם קרמל 43 גרם,דילר בי.אמ.די.אינטרנשויונל בעמ,,,"י""ח",43,ל גרם,false,1,3.30,7.67,true,1,
4823077618161,false,גליליות ופל רושן קונפטו חלב 140 גרם,דילר בי.אמ.די.אינטרנשויונל בעמ,,,"י""ח",140,ל גרם,false,1,5.90,4.21,true,1,
4823077618901,false,בונבוניירה רושן דובדבן ליקר רום 150 גרם,דילר בי.אמ.די.אינטרנשויונל בעמ,,,"י""ח",150,ל גרם,false,1,11,7.33,true,1,
4823077621635,false,חטיף שוקולד רושן בטעם חלב 72 גרם,דילר בי.אמ.די.אינטרנשויונל בעמ,,,"י""ח",72,ל גרם,false,1,3.30,4.58,true,1,
4823077621642,false,חטיף שוקולד רושן בטעם שוקולד 72 גר,דילר בי.אמ.די.אינטרנשויונל בעמ,,,"י""ח",72,ל גרם,false,1,3.30,4.58,true,1,
4823077621659,false,חטיף שוקולד רושן בטעם אגוז 72 גר,דילר בי.אמ.די.אינטרנשויונל בעמ,,,"י""ח",72,ל גרם,false,1,3.30,4.58,true,1,
4823077623714,false,רושן סוכריות טופי ממולאים בטעם חלב מילקי ספלש 150 גרם,דילר בי.אמ.די.אינטרנשויונל בעמ,,,"י""ח",150,ל גרם,false,1,5.90,3.93,true,1,
4823077624391,false,"רושן סוכריות טופי ""מינקי בינקי"" 185 גר",דילר בי.אמ.די.אינטרנשויונל בעמ,,,"י""ח",1,"ק""ג",false,1,5.90,5.90,true,1,
4823077625589,false,וופל וואפרס חלב רושן 216 גר,דילר בי.אמ.די.אינטרנשויונל בעמ,,,"י""ח",216,ל גרם,false,1,5.90,2.73,true,1,
4823077625602,false,וופל וואפרס שוקולד רושן 216 גר,דילר בי.אמ.די.אינטרנשויונל בעמ,,,"י""ח",216,ל גרם,false,1,5.90,2.73,true,1,
4823077625626,false,וופל וואפרס אגוז רושן 216 גר,דילר בי.אמ.די.אינטרנשויונל בעמ,,,"י""ח",216,ל גרם,false,1,5.90,2.73,true,1,
4823077626203,false,שוקולד רושן אורירי מריר 80 גרם,דילר בי.אמ.די.אינטרנשויונל בעמ,,,"י""ח",80,ל גרם,false,1,5.90,7.38,true,1,
4823077626227,false,שוקולד רושן אורירי חלב 80 גרם,דילר בי.אמ.די.אינטרנשויונל בעמ,,,"י""ח",80,ל גרם,false,1,5.90,7.38,true,1,
4823077626364,false,שוקולד רושן אורירי לבן 80 גרם,דילר בי.אמ.די.אינטרנשויונל בעמ,,,"י""ח",80,ל גרם,false,1,5.90,7.38,true,1,
4823077629136,false,שוקולד רושן חלב lacmuי 90 גרם,דילר בי.אמ.די.אינטרנשויונל בעמ,,,"י""ח",85,ל גרם,false,1,5.90,6.94,true,1,
4823077630422,false,"סנדוויץ' קרקר חלב וניל רושן 235 גרם "" 2 CRACK """,דילר בי.אמ.די.אינטרנשויונל בעמ,,,"י""ח",235,ל גרם,false,1,8.50,3.62,true,1,
4823077630439,false,"סנדוויץ' קרקר שוקולד רושן 235 גרם "" 2 CRACK """,דילר בי.אמ.די.אינטרנשויונל בעמ,,,"י""ח",235,ל גרם,false,1,8.50,3.62,true,1,
4823077630996,false,"סנדוויץ' קרקר קקאו-אגוז רושן 235 גרם "" 2 CRACK """,דילר בי.אמ.די.אינטרנשויונל בעמ,,,"י""ח",235,ל גרם,false,1,8.50,3.62,true,1,
4823077631467,false,קרקר עם מלח ים רושן 168 גר HI DAY,דילר בי.אמ.די.אינטרנשויונל בעמ,,,"י""ח",168,ל גרם,false,1,4.20,2.50,true,1,
4823077631474,false,קרקר קלאסי רושן 168 גר HI DAY,דילר בי.אמ.די.אינטרנשויונל בעמ,,,"י""ח",168,ל גרם,false,1,4.20,2.50,true,1,
4823077632112,false,וופל רושן בטעם קקאו חלב 2.16 גר`,דילר בי.אמ.די.אינטרנשויונל בעמ,,,"י""ח",216,ל גרם,false,1,5.90,2.73,true,1,
4823077632259,false,חטיף שוקולד רושן עם בוטנים 43 גרם,דילר בי.אמ.די.אינטרנשויונל בעמ,,,"י""ח",40,ל גרם,false,1,3.30,8.25,true,1,
4823077632570,false,שוקולד רושן BRUT מריר 85 גרם,דילר בי.אמ.די.אינטרנשויונל בעמ,,,"י""ח",85,ל גרם,false,1,5.90,6.94,true,1,
4823077632594,false,שוקולד רושן חלב עם אגוז שלם 90 גר` LACMI,דילר בי.אמ.די.אינטרנשויונל בעמ,,,"י""ח",90,ל גרם,false,1,6.80,7.56,true,1,
4823077633034,false,"גליליות וופל רושן ""קונאפטו"" קקאו 140 ג",דילר בי.אמ.די.אינטרנשויונל בעמ,,,"י""ח",140,ל גרם,false,1,5.90,4.21,true,1,
4823077633058,false,"גליליות וופל רושן ""קונאפטו"" אגוז 140 ג",דילר בי.אמ.די.אינטרנשויונל בעמ,,,"י""ח",140,ל גרם,false,1,5.90,4.21,true,1,
4823077633317,false,עוגיות שוקוצ'יפס LOVITA שוקולד עם חתיכות שוקולד 150 גרם,דילר בי.אמ.די.אינטרנשויונל בעמ,,,"י""ח",150,ל גרם,false,1,5.90,3.93,true,1,
4823077633331,false,עוגיות שוקוצ'יפס LOVITA בטעם תפוז 150 גרם,דילר בי.אמ.די.אינטרנשויונל בעמ,,,"י""ח",150,ל גרם,false,1,5.90,3.93,true,1,
4823077633508,false,חטיף שוקולד רושן במילוי קרם קקאו מצופה 34 גרם,דילר בי.אמ.די.אינטרנשויונל בעמ,,,"י""ח",34,ל גרם,false,1,3.30,9.71,true,1,
4823077633515,false,חטיף שוקולד רושן במילוי קרם חלבי מצופה 34 גרם,דילר בי.אמ.די.אינטרנשויונל בעמ,,,"י""ח",34,ל גרם,false,1,3.30,9.71,true,1,
4823077634178,false,עוגיות רושן LOVITA במילוי תפוח קינמון 168 גרם,דילר בי.אמ.די.אינטרנשויונל בעמ,,,"י""ח",168,ל גרם,false,1,5.90,3.51,true,1,
4823077634222,false,עוגיות Lovita ממולאות ג'לי תפוז מצופות צימקאו,דילר בי.אמ.די.אינטרנשויונל בעמ,,,"י""ח",168,ל גרם,false,1,5.90,3.51,true,1,
4823077634246,false,עוגיות Lovita ממולאות ג'לי פטל מצופות צימקאו,דילר בי.אמ.די.אינטרנשויונל בעמ,,,"י""ח",168,ל גרם,false,1,5.90,3.51,true,1,
4823077634277,false,עוגיות Lovita ממולאות ג'לי תות שדה מצופות צימקאו,דילר בי.אמ.די.אינטרנשויונל בעמ,,,"י""ח",168,ל גרם,false,1,5.90,3.51,true,1,
4823077634406,false,"עוגות אישיות ""TOO COOL"" שוקולד 270 גר",דילר בי.אמ.די.אינטרנשיונל בעמ,,,"י""ח",270,ל גרם,false,1,11.90,4.41,true,1,
4823077634413,false,"עוגות אישיות ""TOO COOL"" תות שדה 270 גר",דילר בי.אמ.די.אינטרנשיונל בעמ,,,"י""ח",270,ל גרם,false,1,11.90,4.41,true,1,
4823077634741,false,עוגיות רושן LOVITA במילוי תות שדה 168 גרם,דילר בי.אמ.די.אינטרנשויונל בעמ,,,"י""ח",168,ל גרם,false,1,5.90,3.51,true,1,
4823077635489,false,חטיף וופל רושן קרם קקאו JOHNY KROCKERי 350 גרם,דילר בי.אמ.די.אינטרנשויונל בעמ,,,"י""ח",350,ל גרם,false,1,14.40,4.11,true,1,
4823077635533,false,חטיף וופל רושן קרם חלב JOHNY KROCKERי 350 גרם,דילר בי.אמ.די.אינטרנשויונל בעמ,,,"י""ח",350,ל גרם,false,1,14.40,4.11,true,1,
4823077635793,false,"וופלים דקיקים רושן ""THINS"" בטעם חלב וניל 55 גר",דילר בי.אמ.די.אינטרנשיונל בעמ,,,"י""ח",55,ל גרם,false,1,4.20,7.64,true,1,
4823077635816,false,"וופלים דקיקים רושן ""THINS"" בטעם אגוזי לוז 55 גר",דילר בי.אמ.די.אינטרנשיונל בעמ,,,"י""ח",55,ל גרם,false,1,4.20,7.64,true,1,
4823077636004,false,עוגיות Lovita ממולאות ג'לי דובדבן מצופות צימקאו,דילר בי.אמ.די.אינטרנשויונל בעמ,,,"י""ח",168,ל גרם,false,1,5.90,3.51,true,1,
4823077636059,false,עוגיות קקאו דובדבן LOVITAי 420 גרם,דילר בי.אמ.די.אינטרנשויונל בעמ,,,"י""ח",420,ל גרם,false,1,14.40,3.43,true,1,
4823077636110,false,עוגיות תפוז LOVITAי 420 גרם,דילר בי.אמ.די.אינטרנשויונל בעמ,,,"י""ח",420,ל גרם,false,1,14.40,3.43,true,1,
4823077636172,false,וופל רושן בטעם לימון 216 גרם,דילר בי.אמ.די.אינטרנשויונל בעמ,,,"י""ח",216,ל גרם,false,1,5.90,2.73,true,1,
4823077636332,false,עוגיות רושן במילוי קרם ש. 127גר LOVITA,דילר בי.אמ.די.אינטרנשויונל בעמ,,,"י""ח",127,ל גרם,false,1,5.90,4.65,true,1,
4823077636400,false,עוגיות רושן במילוי קרם חלב 127גר LOVIT,דילר בי.אמ.די.אינטרנשויונל בעמ,,,"י""ח",127,ל גרם,false,1,5.90,4.65,true,1,
4823077636417,false,עוגיות רושן במילוי קרם אגוזים 127 גר`,דילר בי.אמ.די.אינטרנשויונל בעמ,,,"י""ח",127,ל גרם,false,1,5.90,4.65,true,1,
4823077636547,false,סוכריות ממולאות בטעם פירות בים בום 468 גרם,דילר בי.אמ.די.אינטרנשויונל בעמ,,,"י""ח",468,ל גרם,false,1,10.20,2.18,true,1,
4823077636554,false,סוכריות ממולאות קרם בטעם חלב טיפת חלב 378 גרם,דילר בי.אמ.די.אינטרנשויונל בעמ,,,"י""ח",378,ל גרם,false,1,10.20,2.70,true,1,
4823077636561,false,סוכריות ממולאות בטעם חלב קפה קפה לייק 378 גרם,דילר בי.אמ.די.אינטרנשויונל בעמ,,,"י""ח",378,ל גרם,false,1,10.20,2.70,true,1,
4823077636578,false,סוכריות טופי כוס חלב מילקי ספלאש 325 גרם,דילר בי.אמ.די.אינטרנשויונל בעמ,,,"י""ח",325,ל גרם,false,1,10.20,3.14,true,1,
4823077636585,false,סוכריות ג`לי טופי מינקי בינקי 325 גר` רו,דילר בי.אמ.די.אינטרנשויונל בעמ,,,"י""ח",325,ל גרם,false,1,10.20,3.14,true,1,
4823077636608,false,רושן סוכריות טופי במילוי שוקולד טופלין 325 גרם,דילר בי.אמ.די.אינטרנשויונל בעמ,,,"י""ח",325,ל גרם,false,1,10.20,3.14,true,1,
4823097809815,false,גלידה וניל עם אוכמניות שחורות וכחולות אסקימוס,אייס דילר בי.אמ.די בעמ,,,"י""ח",70,ל גרם,false,1,5,7.14,true,1,
4823097810019,false,"גלידת ונילה קרמל בוופל אמפרזה, 100 גרם",אייס דילר בי.אמ.די בעמ,,,"י""ח",100,ל גרם,false,1,6.80,6.80,true,1,
4840709002440,false,"ברנדי קווינט 3 500 מ""ל כשר",יורוסטנדרט בעמ,,,"י""ח",500,"ל מ""ל",false,1,51.20,10.18,false,1,
4860019001346,false,בורז'ומי מים מינרליים טבעיים 500מ'ל חדש,אי די אס בורגומי,,,"י""ח",500,"ל מ""ל",false,1,7,1.34,false,1,
4891199178474,false,סוללות סופר אלקליין (שמינייה)AA C8,סמיקום לקסיס בעמ,,,"י""ח",1,,false,1,14.40,14.40,true,1,
4891228308032,false,שיק סכינים גילוח אינטואישן ידית + 5,ארץ ייצור סכינים: ארהבn\,,,"י""ח",1,,false,1,55.50,55.50,false,1,
4891228460242,false,שיק קוואטרו חד פעמי לנשים 3 יחידות,אנרג'יזר Energizer,,,"י""ח",1,,false,1,25.60,25.60,false,1,
5000157143365,false,מתבל בטעם מיונז וקטשופ היינץ 425 גרם,דיפלומט מפיצים (1968) בעמ**,,,"י""ח",425,ל גרם,false,1,12.70,2.99,false,1,
5000159376655,false,סוכריות SKITTLES פירות קטן 38 גרם אדום,"מרס ריגלי ישראל בע""מ",,,"י""ח",38,ל גרם,false,1,2.50,6.58,false,1,
5000159452663,false,מרס מארז חטיף 45 גרם חמישייה,"מרס ריגלי ישראל בע""מ",,,"י""ח",180,ל גרם,false,1,11,6.11,false,1,
5000159536400,false,טוויקס סטיקס 99 קלוריות ליחידה 10 יח,מרס ריגלי ישראל בעמ,,,"י""ח",200,ל גרם,false,1,13.60,6.80,false,1,
5000159538626,false,טוויקס מארז חטיף 50 גרם חמישייה,"מרס ריגלי ישראל בע""מ",,,"י""ח",180,ל גרם,false,1,11,6.11,false,1,
5000204153842,false,גלייד ספריי אוטומטי מילוי (מילוי בניחוח,קוסטר אירוסול ואלף סאן,,,"י""ח",269,"ל מ""ל",false,1,15.90,5.91,false,1,
5000204657883,false,קיווי משחת נעליים בקופסא חום 50 מל,ג' אל ראיה בוגור ג'א,,,"י""ח",50,ל גרם,false,1,4.90,9.80,false,1,
5000267171654,false,"וויסקי פוקט ג וני ווקר שחור 200מ""ל 40%.",החברה המרכזית להפצת משקאות בעמ,,,"י""ח",200,"ל מ""ל",false,1,42.70,21.20,false,1,
5000329002193,false,משקה ג'ין ביפאיטר 70,טמפו משקאות בע`מ,,,"י""ח",700,"ל מ""ל",false,1,85.70,12.20,true,1,
5010026515919,false,מוזלי קריספי נאטי מורנפלייק 650 גרם,מורנפלייק Mornflake,,,"י""ח",650,ל גרם,false,1,21.30,3.28,false,1,
5010029000252,false,וויטביקס תערובת דגנים מחיטה מלאה 430 גרם,ר.ב. מוצרי דגנים בעמ,,,"י""ח",430,ל גרם,false,1,20.40,4.74,false,1,
5010038454831,false,"בקבוק בירה בלומון 330 מ""ל",הכרם - משקאות חריפים בעמ,,,"י""ח",330,"ל מ""ל",false,1,11.90,3.52,true,1,
5010106113127,false,"וויסקי בלנטיין 700מ""ל",טמפו משקאות בעמ,,,"י""ח",700,"ל מ""ל",false,1,68.30,9.71,true,1,
5010327000046,false,"וויסקי גרנטס וויסקי 700 מ""ל","וויליאם גראנט ובניו בע""\",,,"י""ח",750,"ל מ""ל",false,1,55.80,7.40,true,1,
5010327105215,false,וויסקי מאנקי שולדר Monkey Shoulder,"וויליאם גראנט ובניו בע""\",,,"י""ח",700,"ל מ""ל",false,1,145.30,20.71,true,1,
5010677551281,false,בריזר לימון בבקבוק בקרדי (275 מל),בקרדי בריזר Bacardi Breezer,,,"י""ח",275,"ל מ""ל",false,1,12.10,4.29,true,1,
5010677551397,false,"בקרדי בריזר בטעם לימון ליים 275 מ""ל",בקרדי בריזר Bacardi Breezer,,,"י""ח",275,"ל מ""ל",false,1,12.10,4.29,true,1,
5010677554398,false,בריזר אבטיח בבקבוק בקרדי (275 מל),בקרדי בריזר Bacardi Breezer,,,"י""ח",275,"ל מ""ל",false,1,12.10,4.29,true,1,
5010677850100,false,"וודקה צרפתית גריי גוס 700מ""ל",בקרדי מרטיני,,,"י""ח",750,"ל מ""ל",false,1,94,12.49,false,1,
5010852000917,false,ווסקי בארקליס 0.7 ליטר,יורוסטנדרט בעמ,,,"י""ח",700,"ל מ""ל",false,1,68.10,9.69,false,1,
5011007003005,false,"וויסקי ג'יימסון אירי מזוקק 700 מ""ל",אייריש דיסטילרז,,,"י""ח",700,"ל מ""ל",false,1,85.40,12.16,true,1,
5011157730271,false,אורז יסמין לבן ארוך טילדה,ש.שסטוביץ בעמ,,,"י""ח",1,"ק""ג",false,1,17,17,false,1,
5014271300429,false,"מעדן משמש 100% פרי סנטדלפור 284 גרם לל""ס",סאן דלפור - שמבור,,,"י""ח",284,ל גרם,false,1,19.60,6.90,true,1,
5014271310428,false,מעדן דובדבנים שחורים ללא תוספת סוכר 284 גרם,סאן דלפור - שמבור,,,"י""ח",284,ל גרם,false,1,19.60,6.90,true,1,
5014271560427,false,מעדן תפוז וג'ינג'ר ללא סוכר סאן דלפור 284 גר,סאן דלפור - שמבור,,,"י""ח",284,ל גרם,false,1,19.60,6.90,true,1,
5017818800116,false,"פחית דוקטור פפר 330 מ""ל",טמפו משקאות בעמ,,,"י""ח",1,,false,1,4.70,4.70,false,1,
5026489484006,false,חטיף עדשים עגבניות ובזיליקום 40,לקסמי אנד סונס סי/\אי קו,,,"י""ח",40,ל גרם,false,1,6.80,17,true,1,
5026489484785,false,חט.קינואה ט.שמנת+עירית30,מ.סידס ובנו בעמ,,,"י""ח",30,ל גרם,false,1,6.80,22.67,true,1,
5029053002408,false,קלינקס - נייר טואולט קליניקס לבן 9 גלילים,קימברלי קלארק ישראל שיווק בעמ,,,"י""ח",1184,ל גרם,false,1,27.30,2.31,false,1,
5029053002439,false,קלינקס - נייר טואולט קליניקס צהוב 9 גלילים,קימברלי קלארק ישראל שיווק בעמ,,,"י""ח",1184,ל גרם,false,1,27.30,2.31,false,1,
5029053039725,false,ממחטות נייר קלינקס נטורל פרש קופסה 72 דף,קימברלי קלארק ישראל שיווק בעמ,,,"י""ח",72,"י""ח",false,1,9.30,0.13,true,1,
5029053578309,false,קופסת ממחטות אולטרה סופט 48 דף קלינקס,קימברלי קלארק ישראל שיווק בעמ,,,"י""ח",48,"י""ח",false,1,6.80,0.14,false,1,
5038342162419,false,וויסקי סקוטי מק-איוו,יורוסטנדרט בעמ,,,"י""ח",700,"ל מ""ל",false,1,51.20,7.27,false,1,
5060517886486,false,"משקה אנרגיה מונסטר אנרג'י בפחית 500 מ""ל",החברה המרכזית להפצת משקאות בעמ,,,"י""ח",500,"ל מ""ל",false,1,6,1.14,false,1,
5060517886516,false,"משקה אנרגיה מונסטר אנרג'י זירו בפחית 500 מ""ל",החברה המרכזית להפצת משקאות בעמ,,,"י""ח",500,"ל מ""ל",false,1,6,1.14,false,1,
5060639128051,false,"משקה אנרגיה מונסטר אולטרה בפחית 500 מ""ל",החברה המרכזית להפצת משקאות בעמ,,,"י""ח",500,"ל מ""ל",false,1,6,1.14,false,1,
5060639129102,false,"משקה אנרגיה מונסטר אנרג'י מנגו בפחית 500 מ""ל",החברה המרכזית להפצת משקאות בעמ,,,"י""ח",500,"ל מ""ל",false,1,6,1.14,false,1,
5060751219033,false,"משקה אנרגיה מונסטר אנרג'י זירו paradise בפחית 500 מ""ל",החברה המרכזית להפצת משקאות בעמ,,,"י""ח",500,"ל מ""ל",false,1,6,1.14,false,1,
5201004020338,false,גליליות קפריס קרם אגוזים שוקולד 400 גר,משה סידס ובנו בעמ,,,"י""ח",400,ל גרם,false,1,17.90,4.48,false,1,
5201184021934,false,נר זיקוק,שמחה זה אנחנו,,,"י""ח",1,,false,1,3.80,3.80,false,1,
5201347400545,false,רצועות שעווה מוכנות לשימוש לפנים ולאזורים רגישים,רקיט בנקיזר (ניר איסט) בעמ,,,"י""ח",1,"י""ח",false,1,22.90,22.90,true,1,
5208049001841,false,סיגריות פאל מאל דמי קפסולה,גלוברנדס גרופ בעמ,,,"י""ח",1,,false,1,21.40,21.40,false,1,
5391523057943,false,סימילאק גולד שלב 3 תרכובת מזון על בסיס חלב,אבוט מעבדות רפואיות,,,"י""ח",700,ל גרם,false,1,59.70,8.53,false,1,
5391523058070,false,סימילאק אדבנס פלוס 3 תרכובת מזון על בסיס חלב,אבוט מעבדות רפואיות,,,"י""ח",700,ל גרם,false,1,59.70,8.53,true,1,
5410091708955,false,"סאיוס ספריי קרטין סטיילינג 400מ""ל",שוורצקופף והנקל,,,"י""ח",400,"ל מ""ל",false,1,25.60,6.40,true,1,
5410126006360,false,לוטוס עוגיות סנדוויץ במילוי לוטוס 150 גרם,דיפלומט מפיצים (1968) בעמ**,,,"י""ח",150,ל גרם,false,1,8.50,5.67,false,1,
5410126106022,false,לוטוס ביסקויט מארז חג 2*250ג.,דיפלומט מפיצים (1968) בעמ**,,,"י""ח",500,ל גרם,false,1,15.30,3.06,true,1,
5410126116953,false,ממרח ביסקוויט קרמל לוטוס (400 גרם),דיפלומט מפיצים (1968) בעמ**,,,"י""ח",312,ל גרם,false,1,19.40,6.22,false,1,
5410126726947,false,ממרח ביסקוויט קרמל קראנץ' לוטוס 380 גרם,דיפלומט מפיצים (1968) בעמ**,,,"י""ח",380,ל גרם,false,1,19.40,5.11,false,1,
5410228217732,false,"בירה סטלה ארטואה 440מ""ל פחית.",מנדלז סי.אר. פרודקשן,,,"י""ח",440,"ל מ""ל",false,1,11.90,2.64,true,1,
5410228267515,false,"שישיית בירה לאגר באדוויזר 6*330 מ""ל",הכרם - משקאות חריפים בעמ,,,"י""ח",1.98,ליטר,false,1,27.10,12.93,true,1,
5410291021991,false,ממרח אגוזי לוז עם קקאו צ`וקטה (700 גרם),ש. שסטוביץ בע`מ,,,"י""ח",385,ל גרם,false,1,16.20,4.21,false,1,
5410291022011,false,ממרח אגוזי לוז עם קקאו צ`וקטה (350 גרם),ש. שסטוביץ בע`מ,,,"י""ח",385,ל גרם,false,1,10.20,2.65,true,1,
5410291022738,false,צ'וקטה ממרח חלב ואגוזי לוז עם קקאוי 350ג',ש. שסטוביץ בע`מ,,,"י""ח",350,ל גרם,false,1,10.20,2.91,true,1,
5410291022752,false,צ'וקטה ממרח אגוזי לוז עם קקאו פרווה 350 ג',ש. שסטוביץ בע`מ,,,"י""ח",350,ל גרם,false,1,10.20,2.91,true,1,
5410769100081,false,"בירה לה שוף קטן 330 מ""ל בקבוק",הכרם משקאות חריפים בעמ,,,"י""ח",330,"ל מ""ל",false,1,12.80,3.79,true,1,
5410769800097,false,"בירה לה צרי שוף 8% 330 מ""ל בקבוק",הכרם - משקאות חריפים בעמ,,,"י""ח",330,"ל מ""ל",false,1,12.80,3.79,true,1,
5411188081852,false,אלפרו משקה סויה בטעם וניל 1 ליטר,הנסיך- מפעל לייצור ט,,,"י""ח",1,ליטר,false,1,13.60,13.60,true,1,
5411188110835,false,אלפרו חלב סויה שקדים וניל 1ל',הנסיך- מפעל לייצור ט,,,"י""ח",1,ליטר,false,1,11.90,11.90,true,1,
5411188112549,false,משקה קוקוס אלפרו 1 ליטר משקה אורז 1 ליטר,הנסיך- מפעל לייצור ט,,,"י""ח",1,ליטר,false,1,11.90,11.90,true,1,
5411188115366,false,משקה קוקוס אלפרו 1 ליטר משקה שיבולת שועל 1 ליטר,הנסיך- מפעל לייצור ט,,,"י""ח",1,ליטר,false,1,11.90,11.90,true,1,
5411188115472,false,משקה סויה 1 ליטר אלפרו,הנסיך- מפעל לייצור ט,,,"י""ח",1,ליטר,false,1,11.90,11.90,true,1,
5411188118732,false,משקה קוקוס ושקדים אלפרו (1 ליטר),הנסיך- מפעל לייצור ט,,,"י""ח",1,ליטר,false,1,12.90,12.90,true,1,
5411188121978,false,אלפרו משקה סויה עמיד מועשר בסידן 3*250,"שטראוס גרופ בע""מ",,,"י""ח",750,"ל מ""ל",false,1,13.60,1.81,true,1,
5411188122661,false,אלפרו משקה שקדים לא קלויים ללא תוספת סוכר 1 ל',הנסיך- מפעל לייצור ט,,,"י""ח",1,ליטר,false,1,11.90,11.90,true,1,
5411188124689,false,משקה אלפרו שיבולת שועל ללא סוכר 1 ליטר,שטראוס גרופ בע`מ,,,"י""ח",1,ליטר,false,1,11.90,11.90,true,1,
5411188127697,false,אלפרו בריסטה משקה שיבולת שועל 1 ליטר,הנסיך- מפעל לייצור ט,,,"י""ח",1,ליטר,false,1,11.90,11.90,true,1,
5411188133476,false,אלפרו משקה סויה שוקו+חלבון 250 גרם בית יוסף,שטראוס גרופ בעמ/מצונן,,,"י""ח",250,"ל מ""ל",false,1,5.90,2.36,true,1,
5411188134985,false,אלפרו 3.5% NOT M*LK שיבולת שועל 1 ליטר בית יוסף,שטראוס גרופ בעמ/מצונן,,,"י""ח",1,ליטר,false,1,11.90,11.90,true,1,
5411188135005,false,אלפרו 1.8% NOT M*LK שיבולת שועל 1 ליטר בית יוסף,שטראוס גרופ בעמ/מצונן,,,"י""ח",1,ליטר,false,1,11.90,11.90,true,1,
5411188300328,false,אלפרו משקה סויה עמיד בטעם שוקו 1 ליטר,הנסיך- מפעל לייצור ט,,,"י""ח",1,ליטר,false,1,13.60,13.60,true,1,
5411188543398,false,אלפרו משקה סויה 1 ליטר ללא סוכר,הנסיך- מפעל לייצור ט,,,"י""ח",1,ליטר,false,1,11.90,11.90,true,1,
5411681014005,false,"בירה דובל בקבוק 330 מ""ל",הכרם משקאות חריפים בעמ,,,"י""ח",330,"ל מ""ל",false,1,11.10,3.27,true,1,
5411681038001,false,"מרדסו מעורפלת מאוד330מ""ל",הכרם - משקאות חריפים בעמ,,,"י""ח",330,"ל מ""ל",false,1,15.20,4.52,true,1,
5413149922938,false,"אריאל אבקת כביסה שושן צחור, 5 ק""ג",דיפלומט מפיצים (1986) בע`מ,,,"י""ח",5,"ק""ג",false,1,38.40,7.68,true,1,
5601008200444,false,עוגיות גודיס טבעות מצופות שוקולד חלב מרבה 150 גרם,הנסיך- מפעל לייצור ט,,,"י""ח",150,ל גרם,false,1,5,3.33,true,1,
5601045300022,false,משקה גוארנה אנטרטיקה פחית 355 מל,סומול וקומפל אס.איי,,,"י""ח",330,"ל מ""ל",false,1,5,1.42,false,1,
5601217129420,false,וולייט דפים למניעת העברת צבע 20 יחידות,רקיט בנקיזר (ניר איסט) בעמ,,,"י""ח",20,"י""ח",false,1,17,0.85,false,1,
5604912415041,false,סרדינים בשמן חמניה פורטוס 125 גרם,קונסרבס פורטוגל נורטה לי,,,"י""ח",125,ל גרם,false,1,5.90,4.72,false,1,
5604912415058,false,סרדינים פורטוס בשמן חמניות חריף 125 גרם,דיפלומט מפיצים (1968) בעמ**,,,"י""ח",125,ל גרם,false,1,5.90,4.72,false,1,
5701932026964,false,"הוטפופ גרעיני תירס להכנת פופקורן במיקרוגל בטעם טבעי, בתוספת מלח, 600 גרם",ליימן שליסל בע`מ,,,"י""ח",600,ל גרם,false,1,14.40,2.40,true,1,
5701932026971,false,הוטפופ גרעיני תירס להכנת פופקורן במיקרוגל בטעם חמאה 600 גרם,ליימן שליסל בע`מ,,,"י""ח",600,ל גרם,false,1,14.40,2.40,true,1,
5711953106583,false,גבינת שמנת בטעם טבעי 200 גרם ארלה,שטראוס גרופ בעמ/מצונן,,,"י""ח",200,ל גרם,false,1,12.70,6.35,true,1,
5711953106590,false,גבינת שמנת ארלה שמנת שום 200 גרם,שטראוס גרופ בעמ/מצונן,,,"י""ח",200,ל גרם,false,1,12.70,6.35,true,1,
5711953106606,false,גבינת שמנת עם תבלינים ועשבי תיבול 23.5%,שטראוס גרופ בעמ/מצונן,,,"י""ח",200,ל גרם,false,1,12.70,6.35,true,1,
5711953148347,false,גבינת שמנת בטעם טבעי 300 גרם ארלה,שטראוס גרופ בעמ (ח),,,"י""ח",300,ל גרם,false,1,21.30,7.10,true,1,
5740900403215,false,ממרח חמאה דנית לורפק עם מלח 250 גרם,שטראוס גרופ בעמ/מצונן,,,"י""ח",250,ל גרם,false,1,14.40,5.76,true,1,
5740900403222,false,ממרח לורפק חמאה עם מלח מופחת שומן 250 ג,שטראוס גרופ בעמ/מצונן,,,"י""ח",250,ל גרם,false,1,14.40,5.76,true,1,
5740900403239,false,ממרח חמאה דנית לורפק ללא מלח 250 גרם,שטראוס גרופ בעמ/מצונן,,,"י""ח",250,ל גרם,false,1,14.40,5.76,true,1,
5740900403246,false,ממרח לורפק ללא תוספת מלח 500 גר,שטראוס גרופ בעמ/מצונן,,,"י""ח",500,ל גרם,false,1,23.90,4.78,true,1,
5740900403253,false,ממרח מחמאת לורפק עם מלח 500 ג',שטראוס גרופ בעמ/מצונן,,,"י""ח",500,ל גרם,false,1,23.90,4.78,true,1,
5740900403260,false,ממרח מחמאת לורפק ללא מלח 27% פחות שומן,שטראוס גרופ בעמ/מצונן,,,"י""ח",250,ל גרם,false,1,14.40,5.76,true,1,
5900020020741,false,חטיפי דגנים נסקוויק בר שוקו שוקו 6*25 גר,קבוצת אוסם סחר שותפות מוגבלת,,,"י""ח",150,ל גרם,false,1,13.50,9,true,1,
5900020026552,false,דגני בוקר האני נאט צ'יריוס בטעם דבש ושקדים,קבוצת אוסם סחר שותפות מוגבלת,,,"י""ח",615,ל גרם,false,1,27.90,4.54,true,1,
5900020029669,false,פיטנס - חטיף דגנים פירות יער 23.50 גרם * 6,קבוצת אוסם סחר שותפות מוגבלת,,,"י""ח",135,ל גרם,false,1,16.70,12.37,true,1,
5900020036407,false,ליון דגני בוקר שוקולד וקרמל נסטלה 480 גרם,קבוצת אוסם סחר שותפות מוגבלת,,,"י""ח",410,ל גרם,false,1,26.90,6.56,true,1,
5900020039620,false,פיטנס חטיף דגנים שקדים ודבש פרווה 8 6*23 ג,קבוצת אוסם סחר שותפות מוגבלת,,,"י""ח",141,ל גרם,false,1,16.70,11.84,true,1,
5902198160403,false,XL משקה אנרגיה מוגז ללא סוכר עד 10 קלוריות לפחית 250 מל,"טמפו משקאות בע""\מ",,,"י""ח",250,"ל מ""ל",false,1,3.50,1.28,true,1,
5904941750312,false,"משקה אנרגיה BLU מוחיטו בודד 250 מ""ל",בני פאוזי שמשום (2009) בעמ,,,"י""ח",250,"ל מ""ל",false,1,3.90,1.44,true,1,
5904941751302,false,משקה אנרגיה בפחית בלו (250 מל),בני פאוזי שמשום (2009) בעמ,,,"י""ח",250,"ל מ""ל",false,1,3.40,1.24,true,1,
5906485301012,false,משקה אנרגיה XL מוגז פחית 250 מל,"טמפו משקאות בע""מ",,,"י""ח",250,"ל מ""ל",false,1,3.50,1.28,true,1,
5998623526739,false,יין גוורצטרמינר חצי מתוק סי גראס 750 מ,מ. אקרמן בעמ,,,"י""ח",750,"ל מ""ל",false,1,37.80,5,true,1,
5998710131877,false,בונבונטי חטיף דובדבן בשוקולד 36 גרם,דילר בי.אמ.די.אינטרנשיונל בעמ,,,"י""ח",36,ל גרם,false,1,3.30,9.17,true,1,
6001067017530,false,מברשת שיניים קולגייט לילדים מגיל שנתיים עד חמש 1 יחידה,יבואן ומשווק: ש. שסט,,,"י""ח",1,,false,1,9.30,9.30,true,1,
6008165003984,false,סיגריות פאל מאל כחול סטרים פילט בודד,גלוברנדס בעמ - שיווק סיגריות,,,"י""ח",1,,false,1,25.20,25.20,false,1,
6008165271192,false,סיגריות פאל מל ארוך אדום בודד,גלוברנדס בעמ - שיווק סיגריות,,,"י""ח",1,,false,1,25.20,25.20,false,1,
6008165274629,false,פאל מאל כחול ארוך סטרים פילטר חפיסה,גלוברנדס בעמ - שיווק סיגריות,,,"י""ח",0,"י""ח",false,1,25.20,25.20,false,1,
6901022100584,false,רצועות פלפלים אדומים קלויים,ביג פוד כחול לבן בעמ*שיק 30 יו,,,"י""ח",1,,false,1,11.90,11.90,false,1,
6901022100591,false,רצועות מיקס פלפלים קלויים,ביג פוד כחול לבן בעמ*שיק 30 יו,,,"י""ח",1,,false,1,11.90,11.90,false,1,
6912977000140,false,אטריות שעועית 250 גר' ( Yantai)ללא גלוטן(כ),מזרח ומערב יבוא ושיווק,,,"י""ח",200,ל גרם,false,1,10.90,5.45,true,1,
6934930849016,false,שמן חמניות אורו 1 לי,ישרא-בר שמנים ותבואות בעמ,,,"י""ח",1,ליטר,false,1,8.50,8.50,true,1,
6936065498138,false,בובת מיקי/מיני,שפע טור (2010)יבוא ושיווק בעמ,,,"י""ח",1,,false,1,25.60,25.60,false,1,
6936613888667,false,שום ארוז יבוא,ביכורי השדה צפון 1994 ג.ד. בעמ,,,"י""ח",1,,false,1,7.90,7.90,true,1,
7290000000848,false,תירס מתוק ארוז,ביכורי השדה צפון 1994 ג.ד. בעמ,,,"ק""ג",1,,true,1,19.90,19.90,false,1,
7290000000978,false,חסה גוש קטיף ירק הארץ היתר מכירה,ביכורי השדה צפון 1994 ג.ד. בעמ,,,"י""ח",1,,false,1,6.90,6.90,true,1,
7290000000985,false,פטרוזיליה ברכת קטיף ייבול נוכרי בוסתן,ביכורי השדה צפון 1994 ג.ד. בעמ,,,"י""ח",1,,false,1,5,5,true,1,
7290000001579,false,סלרי מהדרין קטיף טרי,ביכורי השדה צפון 1994 ג.ד. בעמ,,,"י""ח",1,,false,1,4.70,4.70,true,1,
7290000001593,false,נענע מהדרין קטיף טרי,ביכורי השדה צפון 1994 ג.ד. בעמ,,,"י""ח",1,,false,1,6.90,6.90,true,1,
7290000001616,false,כוסברה ירק הארץ גוש היתר מכירה,ביכורי השדה צפון 1994 ג.ד. בעמ,,,"י""ח",1,,false,1,5,5,true,1,
7290000023083,false,ערק אשקלון בקבוק 700,טמפו משקאות בע`מ,,,"י""ח",700,"ל מ""ל",false,1,47.80,6.79,true,1,
7290000024240,false,יין רזרב שרדונה 750 מל שביעית,טמפו משקאות בע`מ,,,"י""ח",750,"ל מ""ל",false,1,38.50,5.09,true,1,
7290000024523,false,"תירוש של סגל ,מיץ ענבים , 1 ליטר",כרמי צבי - האחים סגל,,,"י""ח",7.50,"י""ח",false,1,13.60,1.77,true,1,
7290000034256,false,ביסקוויט תירוש חצי מצופה 175 ג`הדר*,ח.כהן סוכנות מזון ומשקאות בע,,,"י""ח",175,ל גרם,false,1,5,2.86,true,1,
7290000040042,false,יוגורט יופלה תות 3% שומן 150 גרם,"תנובה בע""מ ***",,,"י""ח",150,"ל מ""ל",false,1,5.40,3.60,false,1,
7290000040066,false,יוגורט יופלה דובדבן 3% שומן 150 גרם,תנובה מרכז שיתופי לש,,,"י""ח",150,"ל מ""ל",false,1,5.40,3.60,false,1,
7290000040080,false,יוגורט יופלה אפרסק 3% שומן 150 גרם,"תנובה בע""מ ***",,,"י""ח",150,"ל מ""ל",false,1,5.40,3.60,false,1,
7290000040462,false,טוסטי גבינה בסגנון אמריקאי אדם 23% תנובה 200 גרם,תנובה מרכז שיתופי לש,,,"י""ח",200,ל גרם,false,1,18.90,9.45,false,1,
7290000041858,false,"שמנת חמוצה 15% מועשרת יטבתה 200 מ""ל",שטראוס גרופ בעמ/מצונן,,,"י""ח",200,"ל מ""ל",false,1,2.10,1.05,true,1,
7290000041865,false,"לבן 4.5% שומן מהדרין ""יטבתה""",שטראוס גרופ בעמ/מצונן,,,"י""ח",200,"ל מ""ל",false,1,1.70,0.85,true,1,
7290000042411,false,חלב 1 ליטר בקבוק% 3 יוטבתה,"שטראוס גרופ ***בע""מ",,,"י""ח",1,ליטר,false,1,5.33,5.33,true,1,
7290000042435,false,חלב דל שומן 1% בקרטון תנובה (1 ליטר)פיק,תנובה מרכז שיתופי לש,,,"י""ח",1,ליטר,false,1,5.01,5.01,false,1,
7290000042640,false,"חלב תנובה עמיד 3% קרטון 250 מ""ל",תנובה מרכז שיתופי לש,,,"י""ח",250,"ל מ""ל",false,1,3.10,1.24,false,1,
7290000042855,false,"שוקו בשקית 250 מ""ל ""יטבתה""",שטראוס גרופ בעמ/מצונן,,,"י""ח",225,"ל מ""ל",false,1,2.50,1.11,true,1,
7290000043111,false,תנובה חמאה 200 גרם - מוצר בפיקוח,תנובה מרכז שיתופי לש,,,"י""ח",200,ל גרם,false,1,6.70,3.35,false,1,
7290000043814,false,השף הלבן שמנת להקצפה 38% שומן 250 מל - מוצר בפיקוח,תנובה מרכז שיתופי לש,,,"י""ח",250,"ל מ""ל",false,1,5.53,2.21,false,1,
7290000043890,false,תנובה רויון לבן מחלב מפסוטר 1.5%,תנובה מרכז שיתופי לש,,,"י""ח",1.0350,ליטר,false,1,11.90,11.50,false,1,
7290000044712,false,יוגורט עם תות 1.5% שומן 500 ג' פרילי,מיוצר עי קונדיטוריית,,,"י""ח",500,"ל מ""ל",false,1,9.30,1.86,false,1,
7290000046020,false,"גלבוע 22% שקילה}גבנ""צ{*.",תנובה מרכז שיתופי לש,,,"ק""ג",1000,ל גרם,true,1,36.39,3.64,false,1,
7290000046327,false,גלבוע גבינה צהובה פרוסה 22% תנובה 200 גרם,תנובה מרכז שיתופי לש,,,"י""ח",200,ל גרם,false,1,13.80,6.90,false,1,
7290000046563,false,קולאג 23% פרמזן חריץ תנובה,תנובה מרכז שיתופי לש,,,"ק""ג",1000,ל גרם,true,1,121.30,12.13,false,1,
7290000047621,false,גבינה לבנה רכה 5% תנובה 250ג' מהדרין,תנובה מרכז שיתופי לש,,,"י""ח",250,ל גרם,false,1,4,1.60,false,1,
7290000047942,false,**תנובה גבינה לבנה מהדרין 9% 250ג,תנובה מרכז שיתופי לש,,,"י""ח",250,ל גרם,false,1,4.90,1.96,false,1,
7290000048185,false,גבינה לבנה 5% תנובה 250 גרם מהדרין,מיוצר עי קונדיטוריית,,,"י""ח",250,ל גרם,false,1,4.26,1.70,false,1,
7290000048192,false,גבינה לבנה 9% תנובה 250 גרם מהדרין,מחלבת אלון תבור,,,"י""ח",250,ל גרם,false,1,4.90,1.96,false,1,
7290000048413,false,גבינה חמד (25016% גרם)פיראוס תנובה,תנובה מרכז שיתופי לש,,,"י""ח",250,ל גרם,false,1,15.30,6.12,false,1,
7290000048437,false,גבינת צפתית (2005% גרם)פיראוס תנובה,פארייפאבה אגרואינדוס,,,"י""ח",200,ל גרם,false,1,15.40,7.70,false,1,
7290000058580,false,קוקילידה בטעם וניל עם עוגיות שוקולד גלידות נסטלה 80 גרם,נגה גלידות שותפות מוגבלת,,,"י""ח",1,,false,1,7.60,7.60,true,1,
7290000060071,false,אוסם - חטיפי פריכונים מאורז מלא קלוי 80גר,קבוצת אוסם סחר שותפות מוגבלת,,,"י""ח",1,,false,1,9.30,9.30,false,1,
7290000060088,false,בייגלה מקלות עם מלח אסם (400 גרם),קבוצת אוסם סחר שותפות מוגבלת,,,"י""ח",400,ל גרם,false,1,11.70,2.93,false,1,
7290000060118,false,פסטה אסם מקרוני ספגטי 250ג,קבוצת אוסם סחר-שות.מוגבלת,,,"י""ח",250,ל גרם,false,1,3.60,1.44,false,1,
7290000060200,false,פסטה אסם פתיתים אפויים קוסקוס 500גר,קבוצת אוסם סחר שותפות מוגבלת,,,"י""ח",500,ל גרם,false,1,5.90,1.18,true,1,
7290000060217,false,פסטה מקרוני מספר 7 אסם (500 גרם),קבוצת אוסם סחר שותפות מוגבלת,,,"י""ח",500,ל גרם,false,1,6.90,1.38,true,1,
7290000060330,false,פרפקטו פרפקטו ספיראלי גירף 500 גר,קבוצת אוסם סחר שותפות מוגבלת,,,"י""ח",500,ל גרם,false,1,6.60,1.32,false,1,
7290000060408,false,פסטה אסם פתיתים אפויים טבעות 500 גר,קבוצת אוסם סחר שותפות מוגבלת,,,"י""ח",500,ל גרם,false,1,5.90,1.18,true,1,
7290000060415,false,"פסטה פרפקטו לאזניה 500 ג' ""אסם""",קבוצת אוסם סחר שותפות מוגבלת,,,"י""ח",500,ל גרם,false,1,15.90,3.18,false,1,
7290000060576,false,פתיתים אפויים כוכבים אסם (500 גרם),קבוצת אוסם סחר שותפות מוגבלת,,,"י""ח",500,"ל מ""ל",false,1,5.90,1.18,true,1,
7290000060781,false,פרומנטי פתיתים מסולסלים אוסם,קבוצת אוסם סחר שותפות מוגבלת,,,"י""ח",500,ל גרם,false,1,6.90,1.38,true,1,
7290000060811,false,טילון אקסטרים מטבע ענק שוקולד נסטלה 120 גרם,תות תעשיות מזון (201,,,"י""ח",120,ל גרם,false,1,8.50,7.08,true,1,
7290000060828,false,פסטה קרניים בינוניות אסם (500 גרם),קבוצת אוסם סחר שותפות מוגבלת,,,"י""ח",500,ל גרם,false,1,6.90,1.38,true,1,
7290000060842,false,פסטה אסם פתיתים צדפים גדולים 500גר,קבוצת אוסם סחר שותפות מוגבלת,,,"י""ח",500,ל גרם,false,1,6.90,1.38,true,1,
7290000060880,false,פסטה ספגטי מספר 8 אסם 500 גרם,קבוצת אוסם סחר שותפות מוגבלת,,,"י""ח",500,ל גרם,false,1,6.90,1.38,true,1,
7290000060958,false,אטריות מובחרות בינוניות אסם (400 גרם),קבוצת אוסם סחר שותפות מוגבלת,,,"י""ח",400,ל גרם,false,1,6.80,1.70,true,1,
7290000061061,false,קרקר חיטה עם בצל אסם,קבוצת אוסם סחר שותפות מוגבלת,,,"י""ח",250,ל גרם,false,1,10.80,4.32,true,1,
7290000062952,false,אוסם - מיני קרוטונים למרק ולסלט 250 גרם,קבוצת אוסם סחר שותפות מוגבלת,,,"י""ח",250,ל גרם,false,1,16.20,6.48,false,1,
7290000063102,false,קמח עוגה תופח מאליו אסם 350 גרם,קבוצת אוסם סחר שותפות מוגבלת,,,"י""ח",350,ל גרם,false,1,5.90,1.69,false,1,
7290000063133,false,אסם שקדי מרק רכיבים טבעיים 24*100גרם,קבוצת אוסם סחר שותפות מוגבלת,,,"י""ח",100,ל גרם,false,1,6.30,6.30,false,1,
7290000063140,false,שקדי מרק רכיבים טבעיים בשקית 400 ג' אסם,קבוצת אוסם סחר שותפות מוגבלת,,,"י""ח",400,ל גרם,false,1,11.90,2.98,true,1,
7290000063157,false,"קמח עוגה תופח מאליו אסם 1 ק""ג",קבוצת אוסם סחר שותפות מוגבלת,,,"י""ח",1,"ק""ג",false,1,8.50,8.50,true,1,
7290000064758,false,קוסקוס בינוני אמיתי אסם 350 ג',קבוצת אוסם סחר שותפות מוגבלת,,,"י""ח",350,ל גרם,false,1,9.20,2.63,false,1,
7290000065090,false,מיני קרוטונים מתובלים למרק ולסלט אסם 400 גרם,קבוצת אוסם סחר שותפות מוגבלת,,,"י""ח",400,ל גרם,false,1,26.50,6.63,false,1,
7290000065335,false,אוסם - מנה חמה פירה עם ירקות 55 גרם,קבוצת אוסם סחר שותפות מוגבלת,,,"י""ח",55,ל גרם,false,1,6.90,12.55,true,1,
7290000065557,false,אוסם - מנה חמה קוסקוס עם ירקות 84 גרם,קבוצת אוסם סחר שותפות מוגבלת,,,"י""ח",50,ל גרם,false,1,6.90,13.80,true,1,
7290000066141,false,ביסלי חטיף בטעם גריל אסם (70 גרם),קבוצת אוסם סחר שותפות מוגבלת,,,"י""ח",70,ל גרם,false,1,4.40,6.29,true,1,
7290000066196,false,ביסלי חטיף בטעם גריל אסם (200 גרם),קבוצת אוסם סחר שותפות מוגבלת,,,"י""ח",200,ל גרם,false,1,7.60,3.80,true,1,
7290000066226,false,ביסלי חטיף בטעם פיצה אסם (200 גרם),קבוצת אוסם סחר שותפות מוגבלת,,,"י""ח",200,ל גרם,false,1,7.60,3.80,true,1,
7290000066295,false,אסם במבה תות מחומרים טבעיים 30גר,קבוצת אוסם סחר שותפות מוגבלת,,,"י""ח",30,ל גרם,false,1,4.10,13.67,false,1,
7290000066332,false,אפרופו חטיף תירס אסם (50 גרם),קבוצת אוסם סחר שותפות מוגבלת,,,"י""ח",50,ל גרם,false,1,5,10,true,1,
7290000066349,false,אפרופו חטיף תירס אסם (100 גרם),קבוצת אוסם סחר-שות.מוגבלת,,,"י""ח",100,ל גרם,false,1,9.30,9.30,true,1,
7290000066431,false,פופקו חטיף פופקורן בטעם חמאה ודבש אסם 80 גרם,קבוצת אוסם סחר שותפות מוגבלת,,,"י""ח",80,ל גרם,false,1,5.40,6.75,true,1,
7290000068084,false,"אסם פתי בר 1.75 ק""ג",קבוצת אוסם סחר-שות.מוגבלת,,,"י""ח",1.75,"ק""ג",false,1,22.90,13.09,false,1,
7290000068138,false,אינסטנט פודינג בטעם וניל אסם 80 גרם,קבוצת אוסם סחר שותפות מוגבלת,,,"י""ח",80,ל גרם,false,1,5.90,7.38,true,1,
7290000068343,false,אוסם - פירכונים מאורז מלא 140 גרם,קבוצת אוסם סחר שותפות מוגבלת,,,"י""ח",140,ל גרם,false,1,8.70,6.21,false,1,
7290000068701,false,אסם שקדי מרק רכיבים טבע.מיכל 400 גרם,קבוצת אוסם סחר שותפות מוגבלת,,,"י""ח",400,ל גרם,false,1,18.30,4.58,false,1,
7290000068770,false,במבה יום הולדת חטיף בוטנים אסם 80 גרם,קבוצת אוסם סחר שותפות מוגבלת,,,"י""ח",80,ל גרם,false,1,4.30,5.38,true,1,
7290000069364,false,פריכונים מאורז מלא ללא תוספת סוכר אסם 140 גרם,קבוצת אוסם סחר שותפות מוגבלת,,,"י""ח",140,ל גרם,false,1,8.70,6.21,false,1,
7290000070308,false,אבקת מרק עוף אמיתי בשרי אסם 400 גרם,קבוצת אוסם סחר שותפות מוגבלת,,,"י""ח",400,ל גרם,false,1,15.30,3.83,false,1,
7290000072623,false,קטשופ אסם בקבוק לחיץ 750 גרם,קבוצת אוסם סחר שותפות מוגבלת,,,"י""ח",750,ל גרם,false,1,11.90,1.59,true,1,
7290000072753,false,קפה נמס מגורען טסטרס צ'ויס 200 גרם-,קבוצת אוסם סחר שותפות מוגבלת,,,"י""ח",200,ל גרם,false,1,30.90,15.45,true,1,
7290000073767,false,מנה חמה נודלס אטר.+ירקות טעם בקר 70 גרם,קבוצת אוסם סחר שותפות מוגבלת,,,"י""ח",76,ל גרם,false,1,6.90,9.08,true,1,
7290000073774,false,מנה חמה נודלס אטר+ירקות טעם צילי 70 גרם,קבוצת אוסם סחר שותפות מוגבלת,,,"י""ח",76,ל גרם,false,1,6.90,9.08,true,1,
7290000074153,false,ביסקוויט פתי בר שוקולד אסם (500 גרם),קבוצת אוסם סחר שותפות מוגבלת,,,"י""ח",500,ל גרם,false,1,11.90,2.38,true,1,
7290000074245,false,אוסם - קרם קרקר אסם 250 גרם,קבוצת אוסם סחר שותפות מוגבלת,,,"י""ח",250,ל גרם,false,1,10.60,4.24,true,1,
7290000074276,false,קרקר פיקנטי טבעון 250 ג' אסם,קבוצת אוסם סחר שותפות מוגבלת,,,"י""ח",250,ל גרם,false,1,10.70,4.28,true,1,
7290000075204,false,קרקר לחמית חיטה מלאה אסם (250 גרם),קבוצת אוסם סחר שותפות מוגבלת,,,"י""ח",250,ל גרם,false,1,7.60,3.04,true,1,
7290000076126,false,אוסם - בייגלה שמיניות קטנות 80 גרם,קבוצת אוסם סחר שותפות מוגבלת,,,"י""ח",80,ל גרם,false,1,4.10,5.13,false,1,
7290000076133,false,בייגלה שמיניות קטנות עם מלח אסם 400 גרם,קבוצת אוסם סחר שותפות מוגבלת,,,"י""ח",400,ל גרם,false,1,11.70,2.93,false,1,
7290000078212,false,קרוטונים מתובלים למרק אסם (250 גרם),קבוצת אוסם סחר שותפות מוגבלת,,,"י""ח",250,ל גרם,false,1,15.80,6.32,false,1,
7290000079233,false,קרם קרקר דיאטטי דל נתרן 250 גרם,קבוצת אוסם סחר שותפות מוגבלת,,,"י""ח",250,ל גרם,false,1,10.80,4.32,true,1,
7290000080758,false,פת קלויה טוסטעים אסם (100 גרם),קבוצת אוסם סחר שותפות מוגבלת,,,"י""ח",100,ל גרם,false,1,11.70,11.70,false,1,
7290000080765,false,פת קלויה טוסטעים עם שומשום אסם (100 גרם),קבוצת אוסם סחר שותפות מוגבלת,,,"י""ח",100,ל גרם,false,1,11.70,11.70,false,1,
7290000081663,false,"בייגלה טבעות שומשום אסם 300 גרם בד""ץ",קבוצת אוסם סחר שותפות מוגבלת,,,"י""ח",300,ל גרם,false,1,11.70,3.90,false,1,
7290000104201,false,אפונה עדינה מוקפאת סנפרוסט (600 גרם),"איי, בי, אינבוו",,,"י""ח",600,ל גרם,false,1,20.70,3.45,true,1,
7290000104218,false,סנפרוסט במיה 600 גרם,תנובה מרכז שיתופי לשיווק תוצרת,,,"י""ח",800,ל גרם,false,1,18.30,2.29,true,1,
7290000104676,false,אפונה קפואה סנפרוסט 800 גרם,תנובה מרכז שיתופי לשיווק תוצרת,,,"י""ח",800,ל גרם,false,1,17.90,2.24,true,1,
7290000104683,false,שעועית ירוקה שלמה סנפרוסט (800 גרם),תנובה מרכז שיתופי לשיווק תוצרת,,,"י""ח",800,ל גרם,false,1,17,2.13,true,1,
7290000104690,false,גרעיני תירס מוקפאים סנפרוסט (800 גרם),תנובה מרכז שיתופי לשיווק תוצרת,,,"י""ח",800,ל גרם,false,1,19.30,2.41,true,1,
7290000104720,false,שעועית ירוקה חתוכה סנפרוסט (800 גרם),תנובה מרכז שיתופי לשיווק תוצרת,,,"י""ח",800,ל גרם,false,1,19.90,2.49,true,1,
7290000104744,false,כרובית מוקפאת סנפרוסט (800 גרם),תנובה מרכז שיתופי לשיווק תוצרת,,,"י""ח",800,ל גרם,false,1,26.40,3.30,true,1,
7290000104768,false,עלי תרד סנפרוסט (800 גרם),תנובה מרכז שיתופי לשיווק תוצרת,,,"י""ח",800,ל גרם,false,1,28.40,3.55,true,1,
7290000104799,false,שעועית לבנה מבושלת סנפרוסט (800 גרם),תנובה מרכז שיתופי לשיווק תוצרת,,,"י""ח",1,"ק""ג",false,1,21.90,21.90,true,1,
7290000104805,false,גרגירי חומוס מבושלים סנפרוסט 800 גרם,תנובה מרכז שיתופי לשיווק תוצרת,,,"י""ח",800,ל גרם,false,1,21.90,2.74,true,1,
7290000104836,false,שעועית ירוקה עדינה שלמה סנפרוסט 600 גרם,תנובה מרכז שיתופי לשיווק תוצרת,,,"י""ח",600,ל גרם,false,1,20.40,3.40,true,1,
7290000107189,false,תחתיות ארטישוק סנפרוסט (400 גרם),תנובה מרכז שיתופי לשיווק תוצרת,,,"י""ח",400,ל גרם,false,1,24.40,6.10,true,1,
7290000107295,false,תפרחות ברוקולי סנפרוסט 800 גרם,תנובה מרכז שיתופי לשיווק תוצרת,,,"י""ח",800,ל גרם,false,1,27.60,3.45,true,1,
7290000110844,false,כיפלי בטעם גריל בד`צ 70 גרם .,יוניליוור ישראל שיווק בע`מ,,,"י""ח",70,ל גרם,false,1,3.90,5.57,false,1,
7290000111063,false,מיונז אמיתי תלמה (250 גרם),"יוניליוור ישראל שיווק בע""מ",,,"י""ח",250,ל גרם,false,1,5.60,2.24,false,1,
7290000111117,false,מרכך כביסה לבן בדין (4 ליטר),"יוניליוור ישראל שיווק בע""מ",,,"י""ח",4,ליטר,false,1,17,4.25,false,1,
7290000111186,false,"מיונז אמיתי תלמה 500 גרם בד""צ","יוניליוור ישראל שיווק בע""מ",,,"י""ח",500,ל גרם,false,1,7.60,1.52,false,1,
7290000111353,false,מיונז אמיתי תלמה (1 קג),"יוניליוור ישראל שיווק בע""מ",,,"י""ח",1,"ק""ג",false,1,14.40,14.40,false,1,
7290000111360,false,חרדל אמיתי חריף 250 גרם בצנצנת כשלפ,יוניליוור ישראל שיווק בע`מ,,,"י""ח",250,ל גרם,false,1,5,2,false,1,
7290000112220,false,טחינה גולמית שומשום טהור בארכה 500 גרם,קבוצת אוסם סחר שותפות מוגבלת,,,"י""ח",500,ל גרם,false,1,14.90,2.98,false,1,
7290000112497,false,מרק עשיר עוף אטריות קנור 75 גרם - שקיות,יוניליוור ישראל שיווק בע`מ,,,"י""ח",68,ל גרם,false,1,8.50,12.50,true,1,
7290000112619,false,אבקת מרק עוף אמיתי קנור 400 ג' כשלפ,יוניליוור ישראל שיווק בע`מ,,,"י""ח",400,ל גרם,false,1,15.30,3.83,true,1,
7290000116204,false,"אבקת מרק דגש בטעם עוף 1ק""ג קנור","יוניליוור ישראל שיווק בע""מ",,,"י""ח",1,מטר,false,1,13.60,13.60,true,1,
7290000116921,false,"קנור רוטב צילי מתוק 300 מ""ל כשלפ","יוניליוור ישראל שיווק בע""מ",,,"י""ח",340,"ל מ""ל",false,1,9.30,2.74,true,1,
7290000117171,false,מרק טעם עוף דל קלוריות 48 גרם-קופסא,"יוניליוור ישראל שיווק בע""מ",,,"י""ח",48,ל גרם,false,1,5.60,11.67,false,1,
7290000117720,false,נמס בכוס פטריות קנור 21.5 גרם מארז זוגי,"יוניליוור ישראל שיווק בע""מ",,,"י""ח",43,ל גרם,false,1,5.90,13.72,true,1,
7290000120836,false,מיונז אמיתי הלמנס (394 גרם),"יוניליוור ישראל שיווק בע""מ",,,"י""ח",394,ל גרם,false,1,11,2.79,false,1,
7290000121093,false,גבינה מותכת לייט בטעם שוויצרי 7% מון בלאן 120 גר',האי נאם סי או אל.טי.,,,"י""ח",120,ל גרם,false,1,11.90,9.92,false,1,
7290000121147,false,גבינה מותכת לייט בטעם פיקנטי 7% מון בלאן 120 גרם,נטו מלינדה סחר בע`מ,,,"י""ח",120,ל גרם,false,1,7.60,6.33,false,1,
7290000122830,false,"רוטב מקסיקני סצ'ואן קנור 300 מ""ל",יוניליוור ישראל שיווק בע`מ,,,"י""ח",370,ל גרם,false,1,9.30,2.51,true,1,
7290000124841,false,ורד הגליל שוקולד חלב מארז שלישיה 300 גרם,"יוניליוור ישראל שיווק בע""מ",,,"י""ח",300,ל גרם,false,1,11.90,3.97,true,1,
7290000129457,false,אבקת רוטב פטריות קנור 28 ג' שקית,יוניליוור ישראל שיווק בע`מ,,,"י""ח",28,ל גרם,false,1,3.30,11.79,false,1,
7290000136585,false,משקה בטעם תפוזים תריסר 1.5 ל' ג'אמפ,"טמפו משקאות בע""\ם.",,,"י""ח",1.50,ליטר,false,1,6.50,4.13,true,1,
7290000136646,false,בירה נשר מאלט ללא אלכוהול 1.5 ליטר,"טמפו משקאות בע""\מ",,,"י""ח",1.50,ליטר,false,1,7.80,5,true,1,
7290000136653,false,בירה שחורה נשר מאלט דיאט בקבוק 1.5ל`,"טמפו משקאות בע""\מ",,,"י""ח",1.50,ליטר,false,1,7.70,4.93,true,1,
7290000136844,false,מארז מים מזוככים אקווה נובה שישיית 2 ליטר,"טמפו משקאות בע""\מ",,,"י""ח",12,ליטר,false,1,10.10,0.72,false,1,
7290000137643,false,שלגוני טעמקור בטעם שוקו וניל שטראוס 8*50 גרם,"גלידת שטראוס בע""\מ, רחוב",,,"י""ח",1,,false,1,29.80,29.80,false,1,
7290000144467,false,שמן חמניות מועשר בנוגדי חמצון 1 ל' עץ הזית,"נארז ע""י : א.ג. גילר",,,"י""ח",1,ליטר,false,1,14.40,14.40,false,1,
7290000144474,false,שמן עץ הזית קנולה 1 ליטר בריאות מהטבע,סוגת תעשיות בעמ,,,"י""ח",1,ליטר,false,1,13.60,13.60,false,1,
7290000146652,false,הוואי - סבון מוצק ורוד רומנטי 100 גרם רביעייה,טרופיקל דגיל קוסמטיק,,,"י""ח",400,ל גרם,false,1,13.90,3.48,true,1,
7290000146683,false,הוואי - סבון מוצק אפקט דאודורנט 100 גרם רביעייה,טרופיקל דגיל קוסמטיק,,,"י""ח",400,ל גרם,false,1,13.90,3.48,true,1,
7290000148380,false,פיסטוקים קלויים קליית גת (200 גרם),ליימן שליסל בעמ,,,"י""ח",200,ל גרם,false,1,18.70,9.35,true,1,
7290000148489,false,"קליית גת גרעיני דלעת קלויים,200 גרם",ליימן שליסל בעמ,,,"י""ח",200,ל גרם,false,1,8.50,4.25,false,1,
7290000148618,false,קשיו מטוגן שקית קליית גת 200 גרם,ליימן שליסל בעמ,,,"י""ח",200,ל גרם,false,1,17,8.50,true,1,
7290000148748,false,קליית גת גרעיני חמניה קלויים ומומלחים200,ליימן שליסל בעמ,,,"י""ח",200,ל גרם,false,1,5.50,2.75,true,1,
7290000161358,false,מיונז אמיתי משמן קנולה תלמה (500 גרם),"יוניליוור ישראל שיווק בע""מ",,,"י""ח",500,ל גרם,false,1,11,2.20,false,1,
7290000174723,false,שוקולית אבקה להכנת משקה שוקו 500 גרם,הנסיך- מפעל לייצור ט,,,"י""ח",500,ל גרם,false,1,13.80,2.76,true,1,
7290000176062,false,קפה טורקי בשקית 100 ג' עלית,שטראוס קפה בי.ויn\.,,,"י""ח",100,ל גרם,false,1,9.50,9.50,true,1,
7290000176413,false,קפה נמס עלית פחית 50 גרם,הנסיך- מפעל לייצור ט,,,"י""ח",50,ל גרם,false,1,8.20,16.40,true,1,
7290000178707,false,חטיף צ`יפס בטעם טבעי תפוצ`יפס (50 גרם),"שטראוס פריטו ליי בע""\מ )",,,"י""ח",50,ל גרם,false,1,3.90,7.80,true,1,
7290000178721,false,חטיף צ`יפס בטעם טבעי תפוצ`יפס (200 גרם),"שטראוס פריטו ליי בע""\מ )",,,"י""ח",200,ל גרם,false,1,9.20,4.60,true,1,
7290000187952,false,לילי טריפל קומפורט ורוד נ.טואלט 32 גלילי,קימברלי קלארק ישראל שיווק בעמ,,,"י""ח",537,מטר,false,1,34.10,0.06,false,1,
7290000189192,false,סופר מטלית מטליות נייר רב פעמיות ניקול 64 יחידות,קימברלי קלארק ישראל שיווק בעמ,,,"י""ח",1,"י""ח",false,1,16,16,false,1,
7290000189550,false,"שקיות אשפה ענקיות עם שרוך 78 * 90 ס""מ ניקול 2 * 10 יחידות",קימברלי קלארק ישראל שיווק בעמ,,,"י""ח",1,"י""ח",false,1,20.40,20.40,true,1,
7290000191539,false,חמישיית ממחטות טישו צבועני לילי 100 יחידות,קימברלי קלארק ישראל שיווק בעמ,,,"י""ח",593,ל גרם,false,1,15.30,2.58,false,1,
7290000191652,false,שלישיית ממחטות אולטרה סופט קלינקס 90 יחידות,קימברלי קלארק ישראל שיווק בעמ,,,"י""ח",1,,false,1,11.90,11.90,false,1,
7290000193472,false,מגן תחתון נורמל נטורל לילי 60 יחידות,קימברלי קלארק ישראל שיווק בעמ,,,"י""ח",1,"י""ח",false,1,14.40,14.40,false,1,
7290000193649,false,תחבושות עם כנפיים נורמל פלוס לילי 24 יחידות,קימברלי קלארק ישראל שיווק בעמ,,,"י""ח",1,"י""ח",false,1,14.40,14.40,false,1,
7290000195537,false,האגיס - מגבוני האגיס דיילי קר לא מבושם 64 יח' * 4,קימברלי קלארק ישראל שיווק בעמ,,,"י""ח",4,"י""ח",false,1,17,4.25,true,1,
7290000195773,false,האגיס - מגבוני האגיס סנסטיב קר לא מבושם 64 יח' * 4,קימברלי קלארק ישראל שיווק בעמ,,,"י""ח",1,,false,1,17,17,true,1,
7290000196039,false,"מפות שולחן איריס ח""פ ניקול 2 יח'",קימברלי קלארק ישראל שיווק בעמ,,,"י""ח",250,ל גרם,false,1,8.50,3.40,false,1,
7290000196343,false,"מפת שולחן מהודרת לילי 180X120ס""מ",קימברלי קלארק ישראל שיווק בעמ,,,"י""ח",1,,false,1,11.90,11.90,false,1,
7290000197326,false,רדיד אלומיניום ניקול זוגות 7.5*2קצר,קימברלי קלארק ישראל שיווק בעמ,,,"י""ח",200,ל גרם,false,1,9.30,4.65,false,1,
7290000197432,false,שקיות אוכל סנדביצ'ון ניקול מארז 150X2יח',קימברלי קלארק ישראל שיווק בעמ,,,"י""ח",2,"י""ח",false,1,11,5.50,false,1,
7290000197654,false,שקיות אשפה ענקיות נשלפות 75*90 ניקול 50 יחידות,קימברלי קלארק ישראל שיווק בעמ,,,"י""ח",45,"י""ח",false,1,19.60,0.44,true,1,
7290000197876,false,תבניות אלומיניום קטנות עם מכסה ניקול 4 יחידות,קימברלי קלארק ישראל שיווק בעמ,,,"י""ח",26,"י""ח",false,1,9.30,0.36,false,1,
7290000197883,false,תבנית אלומיניום 100 גדולה ניקול 4 יחידות,קימברלי קלארק ישראל שיווק בעמ,,,"י""ח",1,"י""ח",false,1,10.20,10.20,false,1,
7290000197951,false,תבניות אלומיניום ענקיות ניקול 3 יחידות,קימברלי קלארק ישראל שיווק בעמ,,,"י""ח",1,,false,1,10.20,10.20,false,1,
7290000197982,false,"רדיד אלומיניום עבה 45 ס""מ רוחב ניקול 2 יח' 7.5 מטר",קימברלי קלארק ישראל שיווק בעמ,,,"י""ח",2,"י""ח",false,1,21.30,10.65,false,1,
7290000197999,false,רדיד אלומיניום עבה ניקול זוגי 30X7.5מ',קימברלי קלארק ישראל שיווק בעמ,,,"י""ח",1,"י""ח",false,1,15.30,15.30,false,1,
7290000204611,false,שישיית ספוגית הקסם ניקול 6 יחידות,קימברלי קלארק ישראל שיווק בעמ,,,"י""ח",6,"י""ח",false,1,9.30,1.55,false,1,
7290000207438,false,עגבניות מקולפות חתוכות לקוביות,זנלכול יכין,,,"י""ח",800,ל גרם,false,1,11.90,1.49,false,1,
7290000208022,false,עגבניות 2.5 A מרוסקות 850 גרם יכין,זנלכול יכין,,,"י""ח",800,ל גרם,false,1,8.50,1.06,false,1,
7290000208077,false,אפונת גינה גדולה יכין (550 גרם),זנלכול יכין,,,"י""ח",550,ל גרם,false,1,10.90,1.98,true,1,
7290000208176,false,תפוחי אדמה קלופים יכין (550 גרם),"זנלכל בע""מ",,,"י""ח",550,ל גרם,false,1,8.50,1.55,false,1,
7290000208213,false,שעועית לבנה אפויה A2 ברוטב עגבניות יכין 560ג',היינץ צפון אמריקה מק,,,"י""ח",580,ל גרם,false,1,10.90,1.88,true,1,
7290000208244,false,"בסיס לשקשוקה יכין A2 פ""ק בית יוסף",זנלכול יכין,,,"י""ח",570,ל גרם,false,1,8.50,1.49,true,1,
7290000208251,false,שעועית ירוקה חתוכה יכין (550 גרם),"זנלכל בע""מ",,,"י""ח",550,ל גרם,false,1,8.50,1.55,false,1,
7290000208312,false,גרעיני תירס מתוק בואקום יכין 400 גר',"זנלכל בע""\מ",,,"י""ח",325,ל גרם,false,1,7.90,2.43,true,1,
7290000208367,false,עגבניות מרוסקות בזיליקום יכין A2.5 בית יוסף,זנלכול יכין,,,"י""ח",800,ל גרם,false,1,8.50,1.06,false,1,
7290000208404,false,A2 פול מצרי 550 גרם יכין,זנלכול יכין,,,"י""ח",600,ל גרם,false,1,7.60,1.27,false,1,
7290000208428,false,גרגרי חומוס שלם 550 גרם יכין,היינץ צפון אמריקה מק,,,"י""ח",550,ל גרם,false,1,10.90,1.98,true,1,
7290000208480,false,גרעיני תירס מתוק בטעם חמאה 550 גרם יכין,זנלכול יכין,,,"י""ח",500,ל גרם,false,1,8.50,1.70,false,1,
7290000208534,false,תירס קיד גרעיני תירס מתוק יכין (550 גרם),זנלכול יכין,,,"י""ח",550,ל גרם,false,1,8.50,1.55,false,1,
7290000208893,false,גרעיני תירס מתוק לייט 400 גרם יכין,היינץ צפון אמריקה מק,,,"י""ח",340,ל גרם,false,1,5.90,1.74,false,1,
7290000208930,false,עגבניות מרוסקות בתוספת שום 240 גרם יכין,זנלכול יכין,,,"י""ח",240,ל גרם,false,1,4.70,1.96,false,1,
7290000208947,false,עגבניות מרוסקות יכין (240 גרם),היינץ צפון אמריקה מק,,,"י""ח",240,ל גרם,false,1,6.50,2.71,false,1,
7290000208978,false,רוטב עגבניות (10028% גרם)פריכוז יכין,זנלכול יכין,,,"י""ח",100,ל גרם,false,1,2.50,2.50,false,1,
7290000209043,false,מיץ לימון משומר לתיבול יכין (1 ליטר),היינץ צפון אמריקה מק,,,"י""ח",1,ליטר,false,1,5.90,5.90,true,1,
7290000209173,false,חומצה אצטית למזון 5% יכין 1 ליטר,זנלכול יכין,,,"י""ח",1,ליטר,false,1,4.70,4.70,false,1,
7290000209579,false,סירופ דיאט בטעם אננס יכין (1 ליטר),"זנלכל בע""\מ",,,"י""ח",1,ליטר,false,1,16.20,16.20,false,1,
7290000209722,false,רוטב עגבניות 28% יכין (580 גרם)פריכוז,"זנלכל בע""\מ",,,"י""ח",580,ל גרם,false,1,9.30,1.60,true,1,
7290000209906,false,עגבניות מרוסקות בתוספת בצל 240 גרם יכין,זנלכול יכין,,,"י""ח",240,ל גרם,false,1,4.70,1.96,false,1,
7290000209913,false,עגבניות חתוכות לקוביות 240 גרם יכין,"זנלכל בע""\מ",,,"י""ח",240,ל גרם,false,1,4.70,1.96,false,1,
7290000209944,false,רוטב לעגבניות בסיס לשקשוקה 240 ג' יכין,"זנלכל בע""\מ",,,"י""ח",240,ל גרם,false,1,6.50,2.71,false,1,
7290000209968,false,רוטב עגבניות ללזניה 260 גרם יכין,זנלכול יכין,,,"י""ח",240,ל גרם,false,1,6.50,2.71,false,1,
7290000211169,false,"אורז תאילנדי אחד אחד סוגת 1 ק""ג",האי נאם סי או אל.טי.,,,"י""ח",1,"ק""ג",false,1,6.80,6.80,false,1,
7290000211312,false,סוגת אורז מלא פרסי אחד אחד 1 קג,האי נאם סי או אל.טי.,,,"י""ח",1,"ק""ג",false,1,6.80,6.80,false,1,
7290000211442,false,אורז בסגנון פרסי קלאסי סוגת (1 קג),האי נאם סי או אל.טי.,,,"י""ח",1,"ק""ג",false,1,9.30,9.30,false,1,
7290000211503,false,סוכר לבן ארוז בשקית,"סוגת תעשיות בע""\מ",,,"י""ח",1,"ק""ג",false,1,3.70,3.70,false,1,
7290000211985,false,אורז עגול ריזוטו אחד אחד 1 קג,"סוגת תעשיות בע""\מ",,,"י""ח",1,"ק""ג",false,1,8.50,8.50,false,1,
7290000238029,false,"בצק עלים צרפתי מרודד מעדנות 1 ק""ג",תנובה מרכז שיתופי לשיווק תוצרת,,,"י""ח",1,"ק""ג",false,1,18.70,18.70,false,1,
7290000238036,false,מלאווח מעדנות 6 יח`700 גרם קפוא,תנובה מרכז שיתופי לשיווק תוצרת,,,"י""ח",700,ל גרם,false,1,15.30,2.19,true,1,
7290000238173,false,.בורקס במילוי גבינה 800 גרם מעדנות,מיוצר עי קונדיטוריית,,,"י""ח",800,ל גרם,false,1,18.70,2.34,true,1,
7290000238180,false,בורקס במילוי תפוא 800 גרם מעדנות,מיוצר עי קונדיטוריית,,,"י""ח",800,ל גרם,false,1,19.90,2.49,true,1,
7290000244761,false,"קרם ידיים ולווטה 100 מ""ל",טרופיקל דגיל קוסמטיק,,,"י""ח",100,"ל מ""ל",false,1,11.20,11.20,true,1,
7290000245089,false,סוד סופט מרכך כביסה סגול 4 ליטר,גורי שיווק בעמ,,,"י""ח",4,ליטר,false,1,14.40,3.60,false,1,
7290000245157,false,סוד סופט מרכך כביסה סנסיישן 4 ליטר,גורי שיווק בעמ,,,"י""ח",4,ליטר,false,1,14.40,3.60,false,1,
7290000245294,false,"פרסיל אבקת כביסה סופרא 2.5ק""ג",גורי שיווק בעמ,,,"י""ח",2.50,"ק""ג",false,1,21.30,8.52,false,1,
7290000245782,false,סוד סופט מרכך כביסה ורוד 4 ליטר,גורי שיווק בעמ,,,"י""ח",4,ליטר,false,1,14.40,3.60,false,1,
7290000262239,false,נייר טואלט מולט 48 גלילים,קימברלי קלארק ישראל שיווק בעמ,,,"י""ח",2770,ל גרם,false,1,35.80,1.29,false,1,
7290000267043,false,שקדים מולבנים פרוסים השף 100 גרם,דין שיווק וקליה 2021 בעמ,,,"י""ח",100,ל גרם,false,1,12.80,12.80,true,1,
7290000272443,false,סירופ דיאט בטעם תפוזים עסיס 1 ליטר,קבוצת אוסם סחר שותפות מוגבלת,,,"י""ח",1,ליטר,false,1,14.50,14.50,false,1,
7290000272467,false,עסיס פטל דיאט סירופ 1 ליטר,קבוצת אוסם סחר שותפות מוגבלת,,,"י""ח",1,ליטר,false,1,14.50,14.50,false,1,
7290000272696,false,מיץ לימון טבעי משומר 1 ליטר עסיס כלפ,קבוצת אוסם סחר שותפות מוגבלת,,,"י""ח",1,ליטר,false,1,11.50,11.50,false,1,
7290000278025,false,טונה אילת שמן בד,דיפלומט מפיצים (1968) בעמ**,,,"י""ח",180,ל גרם,false,1,4.70,2.61,false,1,
7290000286549,false,מטליות לניקוי כללי סנו סושי 9 יחידות,החברה הדרומית לשיווק בעמ,,,"י""ח",9,"י""ח",false,1,11.90,1.32,false,1,
7290000286761,false,ניילון נצמד סנו סושי פלסטיק מארז 30X2 מ',החברה הדרומית לשיווק בעמ,,,"י""ח",1,,false,1,11.90,11.90,false,1,
7290000287102,false,סנו שטיחים קצף לניקוי שטיחים 600 סמק,החברה הדרומית לשיווק בעמ,,,"י""ח",600,"ל מ""ל",false,1,19.90,3.32,false,1,
7290000288024,false,סנו - ז'אוול אקונומיקה בריח לימון 4 ליטר,החברה הדרומית לשיווק בעמ,,,"י""ח",4,ליטר,false,1,17.90,4.48,false,1,
7290000288031,false,"אקונומיקה תו תקן 4 ליטר ""סנו""",החברה הדרומית לשיווק בעמ,,,"י""ח",4,ליטר,false,1,10.90,2.73,false,1,
7290000288048,false,ז`אוול מרסס לניקוי כללי לבנדר סנו (1 ליט,החברה הדרומית לשיווק בעמ,,,"י""ח",1,ליטר,false,1,19.90,19.90,false,1,
7290000288253,false,"קוטל חרקים מעופפים K-400 סנו 630 מ""ל",החברה הדרומית לשיווק בעמ,,,"י""ח",630,"ל מ""ל",false,1,25.40,4.03,false,1,
7290000288352,false,"קוטל חרקים וזוחלים K-300 סנו 630 מ""ל",החברה הדרומית לשיווק בעמ,,,"י""ח",630,"ל מ""ל",false,1,21.90,3.48,false,1,
7290000289748,false,"מסיר שומנים לתנורים פורטה פלוס סנו 750 מ""ל",החברה הדרומית לשיווק בעמ,,,"י""ח",750,"ל מ""ל",false,1,12.70,1.69,false,1,
7290000291956,false,סנו אקונומיקה מונבלאן 1 ל,החברה הדרומית לשיווק בעמ,,,"י""ח",1,ליטר,false,1,6.80,6.80,false,1,
7290000291963,false,אקונומיקה סמיכה בריח לימון סנו ז'אוול 1 ליטר,החברה הדרומית לשיווק בעמ,,,"י""ח",1,ליטר,false,1,8.90,8.90,false,1,
7290000292557,false,סנומט מלוי נוזלי דוחה יתושים 45 לילות,החברה הדרומית לשיווק בעמ,,,"י""ח",1,,false,1,18.70,18.70,false,1,
7290000292687,false,סנובון מוצק לניקוי אסלה קלאסיק כחול סנו 3 יחידות,החברה הדרומית לשיווק בעמ,,,"י""ח",165,ל גרם,false,1,17.90,10.85,true,1,
7290000292915,false,רסס ונגב לניקוי כללי תרסיס סנו (750 מל),החברה הדרומית לשיווק בעמ,,,"י""ח",600,"ל מ""ל",false,1,14.90,2.48,false,1,
7290000293943,false,"מרסס לבן מסיר אבנית 1 ליטר אנטי קאלק ""סנו""",החברה הדרומית לשיווק בעמ,,,"י""ח",1,ליטר,false,1,19.90,19.90,false,1,
7290000294773,false,אקונומיקה בריח לבנדר סנו ז'אוול 4 ליטר,החברה הדרומית לשיווק בעמ,,,"י""ח",4,ליטר,false,1,17.90,4.48,false,1,
7290000294780,false,אקונומיקה סמיכה בריח לימון סנו ז'אוול 4 ליטר,החברה הדרומית לשיווק בעמ,,,"י""ח",4,ליטר,false,1,17.90,4.48,false,1,
7290000295404,false,שקיות אשפה עם שרוך 54 * 65 סנו סושי 60 יחידות,החברה הדרומית לשיווק בעמ,,,"י""ח",1,"י""ח",false,1,19.60,19.60,false,1,
7290000295503,false,זוג שקיות מזון טבע 19*25 סנו סושי 150 יחידות,החברה הדרומית לשיווק בעמ,,,"י""ח",1,,false,1,13.60,13.60,false,1,
7290000295558,false,"רדיד אלומיניום רוחב 30 ס""מ סנו סושי 2 יח' 7.5 מטר",החברה הדרומית לשיווק בעמ,,,"י""ח",1,,false,1,11.90,11.90,false,1,
7290000300900,false,שניצל תירס מרכיבים טבעיים טבעול 750 גרם,קבוצת אוסם סחר שותפות מוגבלת,,,"י""ח",750,ל גרם,false,1,38.90,5.19,true,1,
7290000303581,false,פול מצרי פרי הגליל 560 גרם,ויטה -פרי גליל (החדשה) בעמ,,,"י""ח",560,ל גרם,false,1,6.80,1.21,true,1,
7290000307015,false,אפונת גינה בינונית פרי הגליל 550 גרם,ויטה פרי גליל (החדשה) בע`מ,,,"י""ח",600,ל גרם,false,1,6.80,1.13,true,1,
7290000307046,false,אפונת גינה וגזר פרי הגליל 550 גרם,ויטה -פרי גליל (החדשה) בעמ,,,"י""ח",550,ל גרם,false,1,6.80,1.24,true,1,
7290000307220,false,גרעיני תירס מתוק בואקום פרי הגליל 285 גרם,ויטה- פרי גליל (החדשה) בעמ,,,"י""ח",450,ל גרם,false,1,5,1.11,false,1,
7290000307237,false,גרעיני תירס מתוק פרי הגליל 550 גרם,ויטה פרי גליל (החדשה) בע`מ,,,"י""ח",540,ל גרם,false,1,6.80,1.26,true,1,
7290000311180,false,ופל ופליתעשיריות מן 250 גרם מארז 10 יחידות,ח.כהן סוכנות מזון ומשקאות בע,,,"י""ח",250,ל גרם,false,1,6.80,2.72,false,1,
7290000311203,false,"וופלים בטעם שוקולד ""מן"" 200 גרם",רוקחמן בעמ מפעל לייצור ופלים ו,,,"י""ח",200,ל גרם,false,1,4.20,2.10,false,1,
7290000311210,false,"וופלים בטעם לימון ""מן"" 200 גרם",רוקחמן בעמ מפעל לייצור ופלים ו,,,"י""ח",200,ל גרם,false,1,4.20,2.10,false,1,
7290000311708,false,מן עוגיות מחיטה מלאה 300 גרם*נ.ל.פ,רוקחמן בעמ מפעל לייצור ופלים ו,,,"י""ח",300,ל גרם,false,1,5.90,1.97,false,1,
7290000313160,false,זהבה ושלושת הדובים עוגיות בטעם שוקולד אסם 350 גרם,קבוצת אוסם סחר שותפות מוגבלת,,,"י""ח",250,ל גרם,false,1,9.60,3.84,false,1,
7290000313184,false,עוגיות חברים גן חיות וניל אסם 250 גר',קבוצת אוסם סחר שותפות מוגבלת,,,"י""ח",250,ל גרם,false,1,9.60,3.84,false,1,
7290000313290,false,אסם נודלס נודלס איטריות מסולסלות 200גר,קבוצת אוסם סחר שותפות מוגבלת,,,"י""ח",200,ל גרם,false,1,12.90,6.45,false,1,
7290000315126,false,קנור ציר עוף משחתי 300 ג,יוניליוור ישראל שיווק בע`מ,,,"י""ח",300,ל גרם,false,1,17,5.67,false,1,
7290000318127,false,נקניקיות ביס יחיעם (380 גרם),מעדני יחיעם (1993) בעמ,,,"י""ח",380,ל גרם,false,1,10.20,2.68,false,1,
7290000318479,false,נקניק פרושוטו בקר יחיעם 100 גרם,מעדני יחיעם ( 1993 ) בע`מ,,,"י""ח",100,ל גרם,false,1,22,22,false,1,
7290000318677,false,נקניק סלמי סרוולט יחיעם 150 גרם,מעדני יחיעם (1993) בעמ,,,"י""ח",150,ל גרם,false,1,23.60,15.73,false,1,
7290000318943,false,פסטרמה של פעם מעושן 1.5% יחיעם 200 גרם,מעדני יחיעם ( 1993 ) בע`מ,,,"י""ח",200,ל גרם,false,1,23.90,11.95,false,1,
7290000319124,false,סלמי סרוולט מאפ יחיעם 250 גרם,מעדני יחיעם ( 1993 ) בע`מ,,,"י""ח",250,ל גרם,false,1,29,11.60,false,1,
7290000319131,false,נקניקיות עוף יחיעם 400 גרם,מעדני יחיעם (1993) בעמ,,,"י""ח",400,ל גרם,false,1,10.20,2.55,true,1,
7290000334684,false,תפוגן טבעות בצל לתנור 700 גרם,קבוצת אוסם סחר שותפות מוגבלת,,,"י""ח",700,ל גרם,false,1,15.30,2.19,false,1,
7290000334745,false,"ציפס אמריקאי דקדק תפוגן 1.5 ק""ג",קבוצת אוסם סחר שותפות מוגבלת,,,"י""ח",1.50,"ק""ג",false,1,25.90,17.27,false,1,
7290000339191,false,רן אבקת הלבנה לכביסה 350 גרם,יוניליוור ישראל שיווק בע`מ,,,"י""ח",350,ל גרם,false,1,15.30,4.37,false,1,
7290000339566,false,מרכך כביסה ורוד בדין (4 ליטר),יוניליוור ישראל שיווק בע`מ,,,"י""ח",4,ליטר,false,1,17,4.25,false,1,
7290000342856,false,מרכך כביסה כחול בדין (4 ליטר),"יוניליוור ישראל שיווק בע""מ",,,"י""ח",4,ליטר,false,1,17,4.25,false,1,
7290000345048,false,תה עלים 74 פחית 125 גרם,תה ויסוצקי (ישראל) בעמ,,,"י""ח",125,ל גרם,false,1,10.90,8.72,false,1,
7290000345116,false,תה ירוק עלים ויסוצקי (125 גרם),תה ויסוצקי (ישראל) בעמ,,,"י""ח",125,ל גרם,false,1,12.70,10.16,false,1,
7290000345215,false,תה כחול קלאסיק ויסוצקי 100 יחידות,תה ויסוצקי (ישראל) בעמ,,,"י""ח",100,"י""ח",false,1,10.10,0.10,false,1,
7290000345260,false,תה קלאסיק מעטפות ויסוצקי 25 יחידות,תה ויסוצקי (ישראל) בעמ,,,"י""ח",37.50,ל גרם,false,1,5.90,15.73,false,1,
7290000345277,false,תה קלאסיק מעטפות ויסוצקי 50 יחידות,תה ויסוצקי (ישראל)בעמ,,,"י""ח",75,ל גרם,false,1,9.30,12.40,false,1,
7290000345284,false,תה ויסוצקי קלאסי אריזה ירוקה מרובעת (100 שקיקים),תה ויסוצקי (ישראל) בעמ,,,"י""ח",150,ל גרם,false,1,15.30,10.20,false,1,
7290000345307,false,תה ארל גרי 1.5/ 50 שקיקים ויסוצקי,תה ויסוצקי (ישראל) בעמ,,,"י""ח",75,ל גרם,false,1,24.70,32.93,true,1,
7290000346120,false,חליטת קינמון הגן הקסום ויסוצקי 25 יחידות,תה ויסוצקי (ישראל) בעמ,,,"י""ח",62.50,ל גרם,false,1,15.30,24.48,true,1,
7290000346137,false,חליטת הילולי פירות הגן הקסום ויסוצקי 25 יחידות,תה ויסוצקי (ישראל) בעמ,,,"י""ח",62.50,ל גרם,false,1,15.30,24.48,true,1,
7290000346168,false,חליטת שומר הגן הקסום ויסוצקי 25 יחידות,תה ויסוצקי (ישראל) בעמ,,,"י""ח",37.50,ל גרם,false,1,15.30,40.80,true,1,
7290000346199,false,חליטת פירות יער הגן הקסום ויסוצקי 25 יחידות,תה ויסוצקי (ישראל) בעמ,,,"י""ח",67.50,ל גרם,false,1,15.30,22.67,true,1,
7290000346205,false,חליטת קמומיל הגן הקסום ויסוצקי 25 יחידות,תה ויסוצקי (ישראל) בעמ,,,"י""ח",37.50,ל גרם,false,1,15.30,40.80,true,1,
7290000347752,false,תה ירוק לימונית ולואיזה 25 שקיקים *1.5 ג'' ויסוצקי,תה ויסוצקי (ישראל) בעמ,,,"י""ח",37.50,ל גרם,false,1,21.30,56.80,true,1,
7290000364131,false,סלמי פריזר כפרי טירת 400 ג' צבי,תנובה ענף ב.ע.ד,,,"י""ח",400,ל גרם,false,1,16.90,4.23,false,1,
7290000364803,false,נקניקיות בקר אמריקאיות טירת צבי 500 גרם,הנסיך- מפעל לייצור ט,,,"י""ח",500,ל גרם,false,1,32.10,6.42,false,1,
7290000364810,false,נקניקיות עגל 500 גרםטירת צבי,הנסיך- מפעל לייצור ט,,,"י""ח",500,ל גרם,false,1,31.10,6.22,false,1,
7290000364858,false,"נקניקיות עוף טרי טירת צבי 1 ק""ג",הנסיך- מפעל לייצור ט,,,"י""ח",1,"ק""ג",false,1,28.90,28.90,false,1,
7290000364872,false,נקניקיות עוף טירת צבי (400 גרם),טיב טירת צבי 2000,,,"י""ח",400,ל גרם,false,1,14.90,3.73,true,1,
7290000364957,false,נקניקיות עוף מיני מיני טירת צבי 700 גרם,הנסיך- מפעל לייצור ט,,,"י""ח",700,ל גרם,false,1,28.90,4.13,false,1,
7290000367590,false,פסטרמה כפרית וסלמי פריזר כפרי טירת צבי 2*400 גרם,תנובה מרכז שיתופי לשיווק תוצרת,,,"י""ח",8,"י""ח",false,1,33.90,4.24,false,1,
7290000377209,false,בוטנים מטוגנים קליית גת (200 גרם),ליימן שליסל בעמ,,,"י""ח",200,ל גרם,false,1,5.90,2.95,false,1,
7290000377445,false,נש צ'אנס קליית גת 200 גרם,ליימן שליסל בעמ,,,"י""ח",200,ל גרם,false,1,7.60,3.80,true,1,
7290000377452,false,גרעיני אבטיח קלויים ומלוחים קלית גת 200,הדקלאים אגודת שיתופי,,,"י""ח",200,ל גרם,false,1,10.20,5.10,false,1,
7290000379000,false,חלה רגילה/קלועה חדשה 650 גרם *.,שלמה א.אנג ל בעמ,,,"י""ח",650,ל גרם,false,1,5.60,0.86,false,1,
7290000390963,false,סלרי אמריקאי כשר,ביכורי השדה צפון 1994 ג.ד. בעמ,,,"י""ח",1,,false,1,5,5,false,1,
7290000408316,false,יוגורט דנונה דל לקטוז 200 גרם,שטראוס גרופ בעמ/מצונן,,,"י""ח",200,"ל מ""ל",false,1,3,1.50,true,1,
7290000408354,false,יוגורט עם אורז מצופה שוקולד קקאו 175 ג' דנונה,שטראוס גרופ בעמ/מצונן,,,"י""ח",175,"ל מ""ל",false,1,3.80,2.17,true,1,
7290000412481,false,נוזל לניקוי אסלות 00 סנו (1 ליטר),החברה הדרומית לשיווק בעמ,,,"י""ח",1,ליטר,false,1,7.90,7.90,false,1,
7290000416021,false,ממרח בטעם שוקולד השחר העולה (500 גרם),השחר העולה תעשית ממתקים בעמ,,,"י""ח",500,ל גרם,false,1,14.90,2.98,false,1,
7290000416045,false,ממרח בטעם שוקולד השחר העולה (1 קג),השחר העולה תעשית ממתקים בעמ,,,"י""ח",1,"ק""ג",false,1,20.40,20.40,false,1,
7290000416618,false,"ממרח שוקולד פרווה השחר 400 גרם כשל""פ",השחר העולה תעשית ממתקים בעמ,,,"י""ח",400,ל גרם,false,1,10.90,2.73,false,1,
7290000416632,false,"ממרח שוקולד פרווה השחר 1 ק""ג כשל""פ",השחר העולה תעשית ממתקים בעמ,,,"י""ח",1,מטר,false,1,25.20,25.20,false,1,
7290000419107,false,לנדוור קפה מקורי לבוקר טחון טורקי 100 גרם,קפה לנדוור בע''מ,,,"י""ח",100,ל גרם,false,1,5.90,5.90,false,1,
7290000419220,false,לנדוור כחול המקורי קפה טחון טורקי 3*100 גרם 16 יח',ש.שסטוביץ בעמ,,,"י""ח",300,ל גרם,false,1,16.20,5.40,false,1,
7290000419893,false,לנדוור קפה שחור חזק טחון טורקי 100 גרם,מולינו ניקולי s.p.a,,,"י""ח",100,ל גרם,false,1,8.50,8.50,false,1,
7290000420332,false,פופסטאר פופקורן למיקרוגל בטעם חמאה 5 יחידות 500 גרם,"דנשר (1963) בע,מ",,,"י""ח",500,ל גרם,false,1,11.80,2.36,true,1,
7290000430102,false,קוביות קרח בשקית מיסטר אייס 2 קילו,אייס קיובס בעמ מיסטר אייס,,,"י""ח",2,"ק""ג",false,1,10.20,5.10,false,1,
7290000450209,false,נתחי טונה בהירה בשמן פוסידון (108 גרם),"מיוצר עי וליגר בעמ,",,,"י""ח",110,ל גרם,false,1,6,5.45,false,1,
7290000450308,false,פוסידון טונה בהירה במי מלח 77 גרם,ויליגר בעמ עבור נטו,,,"י""ח",110,ל גרם,false,1,5,4.55,false,1,
7290000453019,false,שמרים טריים לאפייה שקית שמרית 50 ג',שטראוס גרופ בעמ/מצונן,,,"י""ח",50,ל גרם,false,1,3.90,7.80,true,1,
7290000461656,false,בייגלה מקלות מלוחים בייגל בייגל 400 גרם,"יוניליוור ישראל שיווק בע""מ",,,"י""ח",400,ל גרם,false,1,8.50,2.13,true,1,
7290000461793,false,בייגלה ארוך ארוך סידרה ירוקה בייגל בייגל 150 גרם,יוניליוור ישראל שיווק בע`מ,,,"י""ח",150,ל גרם,false,1,5,3.33,false,1,
7290000462103,false,סחוג תימני אדום חריף עדין זהבי הכרם 150 גרם,שטראוס גרופ בעמ/מצונן,,,"י""ח",150,ל גרם,false,1,7.60,5.07,true,1,
7290000462172,false,סחוג זחוק ירוק תימני חריף זהבי (150 גרם),שטראוס גרופ בעמ/מצונן,,,"י""ח",150,ל גרם,false,1,6.80,4.53,true,1,
7290000474090,false,"חלב בקרטון 1%- 1 ליטר בד""צ - מוצר בפיקוח",*החברה המרכזית להפצת משקאותבעמ,,,"י""ח",1,ליטר,false,1,5.01,5.01,false,1,
7290000474373,false,"שמנת חמוצה 15% שומן 200 מ""ל טרה",החברה המרכזית טלהפצת משקאות בע,,,"י""ח",200,"ל מ""ל",false,1,2.05,1.03,false,1,
7290000474502,false,גבינה לבנה טרה 5% מרכיבים טבעיים,*החברה המרכזית להפצת משקאותבעמ,,,"י""ח",250,ל גרם,false,1,4.26,1.70,false,1,
7290000474540,false,גבינה טוב טעם 3% טרה 250ג' מהדרין,החברה המרכזית טלהפצת משקאות בע,,,"י""ח",250,ל גרם,false,1,9.80,3.92,true,1,
7290000474830,false,נעם גבינה צהובה מגורדת 28% טרה 500 גרם,*החברה המרכזית להפצת משקאותבעמ,,,"י""ח",500,ל גרם,false,1,28.10,5.62,true,1,
7290000480442,false,קוואקר שיבולת שועל בשקית 500 גרם,שטראוס פריטו ליי בע`מ,,,"י""ח",500,ל גרם,false,1,10.20,2.04,true,1,
7290000484747,false,"ארק עלית 700 מ""ל 40% יקב הגליל*",יקב הגליל יוסף גולד ובניו,,,"י""ח",700,"ל מ""ל",false,1,47.80,6.79,false,1,
7290000490625,false,שלגונים ציפוי שוקו מאגדת שמינייה 560 ג',פלקו בעמ חברה ישראלית,,,"י""ח",1,,false,1,17,17,false,1,
7290000490717,false,מאגדת גלית- שלגון חלבי בטעם וניל עם ציפו,הגלידות של פלדמן,,,"י""ח",1,,false,1,20.90,20.90,false,1,
7290000493183,false,אבקת רוטב פטריות לבשר-30 גרם,קבוצת אוסם סחר שותפות מוגבלת,,,"י""ח",30,ל גרם,false,1,5,16.67,false,1,
7290000497044,false,לחם אקטיב ברמן (750 גרם),מאפית י את א ברמן בע,,,"י""ח",1,,false,1,13.60,13.60,false,1,
7290000497112,false,"לחם כהה פרוס וארוז ""ברמן""-מוצר בפיקוח",מאפית י את א ברמן בע,,,"י""ח",750,ל גרם,false,1,5.90,0.79,false,1,
7290000497228,false,לחמניה רגילה בשקית ברמן 6יח',מאפית י את א ברמן בע,,,"י""ח",450,ל גרם,false,1,8.50,1.89,false,1,
7290000497273,false,לחמניות אקטיב ברמן שישייה 450 גרם,מאפית י את א ברמן בע,,,"י""ח",1,,false,1,11.90,11.90,false,1,
7290000498003,false,לחם מקמח מלא 750 גר`E FREE ברמן,מאפית י את א ברמן בע,,,"י""ח",1,,false,1,13.60,13.60,false,1,
7290000504025,false,ממתיק סוכרזית פטרייה עלית 300 גרם,אף.סי תבליני בגליל ב,,,"י""ח",246,ל גרם,false,1,9.90,4.02,true,1,
7290000515014,false,קמח חיטה לבן בהיר באר שבע,טחנות קמח שטיבל בש בעמ,,,"י""ח",1,"ק""ג",false,1,4.40,4.40,false,1,
7290000515106,false,סולת וחבילות באר שבע,טחנות קמח שטיבל בש בעמ,,,"י""ח",1,"ק""ג",false,1,4.40,4.40,false,1,
7290000523125,false,מלח הארץ הים האדום 250 ג' עדין,"חברת מלח הארץ אילת בע""\מ",,,"י""ח",250,ל גרם,false,1,4.60,1.84,false,1,
7290000525969,false,מיץ תפוזים סחוט רכיבים טבעיים פרימור 1 ליטר,שטראוס גרופ בעמ/מצונן,,,"י""ח",1,ליטר,false,1,13.60,13.60,true,1,
7290000530086,false,נקניק סלמי מעושן 7000 זוגלובק (600 גרם),נקניק נהריה כשר זוגל,,,"י""ח",800,ל גרם,false,1,33.90,4.24,true,1,
7290000530109,false,קבנוס זוגי בואקום זוגלובק 180ג',נקניק נהריה כשר זוגל,,,"י""ח",400,ל גרם,false,1,25.30,6.33,true,1,
7290000530116,false,נקניק סלמי מעושן בשן 470 ג' זוגלובק,נקניק נהריה כשר זוגל,,,"י""ח",700,ל גרם,false,1,23,3.29,true,1,
7290000530291,false,נקניק מבשר הודו קטן זוגלובק 750 גרם,נקניק נהריה כשר זוגל,,,"י""ח",800,ל גרם,false,1,18.60,2.33,true,1,
7290000530598,false,נקניקיות עוף וינר זוגלובק 500 גרם,נקניק נהריה כשר זוגל,,,"י""ח",500,ל גרם,false,1,13.90,2.78,true,1,
7290000530703,false,פסטרמה חרמון כפרית ונקניק תה מעושן זוגלובק 2*400 גרם,נקניק נהריה כשר זוגל,,,"י""ח",800,ל גרם,false,1,23,2.88,true,1,
7290000531601,false,סטייק בורגר בקר זהב 400 גרם קפוא,נקניק נהריה כשר זוגל,,,"י""ח",400,ל גרם,false,1,18.70,4.68,true,1,
7290000533353,false,"בצק עלים מרודד זוגלובק 1 ק""ג",מאפיית אריאל וגידרון,,,"י""ח",1,"ק""ג",false,1,13.60,13.60,true,1,
7290000537566,false,נקניקיות עוף טרי 400 ג' זוגלובק,נקניק נהריה כשר זוגל,,,"י""ח",400,ל גרם,false,1,12.60,3.15,true,1,
7290000537603,false,"נקניקיות עוף 1 ק""ג זוגלובק.",זוגלובק שיווק בעמ,,,"י""ח",1,"ק""ג",false,1,22.90,22.90,true,1,
7290000538709,false,נקניק סלמי תה מעושן זוגלובק 200 גרם,נקניק זוגלובק נהריה,,,"י""ח",200,ל גרם,false,1,12.70,6.35,false,1,
7290000552569,false,סטייקבורגר בקר טיבון ויל 400 גרם,"טיבון ויל אחזקות בע""\מ",,,"י""ח",400,ל גרם,false,1,20.90,5.23,true,1,
7290000552927,false,בשר עוף קפוא טחון טיבון ויל (500 גרם),"טיבון ויל אחזקות בע""\מ",,,"י""ח",500,ל גרם,false,1,12.70,2.54,false,1,
7290000552934,false,בשר הודו קפוא טחון טיבון ויל (500 גרם),"טיבון ויל אחזקות בע""\מ",,,"י""ח",500,ל גרם,false,1,12.70,2.54,false,1,
7290000552989,false,בשר טחון טיבון ויל 500 גרם,"טיבון ויל אחזקות בע""\מ",,,"י""ח",500,ל גרם,false,1,21.90,4.38,false,1,
7290000554402,false,מעדן חלב מלבי גד (160 גרם),מחלבות גד שיווק 1992 בעמ,,,"י""ח",160,"ל מ""ל",false,1,6,3.75,false,1,
7290000554457,false,גבינה צפתית 5% 350 גרם - רבנות,מחלבות גד שיווק 1992 בעמ,,,"י""ח",350,ל גרם,false,1,17,4.86,false,1,
7290000554471,false,נקניק מוצרלה 22 אחוז 180גרם גד מהדרין,מחלבות גד שיווק 1992 בעמ,,,"י""ח",1,,false,1,18.90,18.90,false,1,
7290000554600,false,מוצרלה מגורדת 22 אחוז 300גרם גד מהדרין,מחלבות גד שיווק 1992 בעמ,,,"י""ח",300,ל גרם,false,1,22.90,7.63,false,1,
7290000554624,false,ירח מתוק מעדן חלב עם אורז 3% גד 150 גרם,מחלבות גד שיווק 1992 בעמ,,,"י""ח",150,"ל מ""ל",false,1,6,4,false,1,
7290000554686,false,גבינת לאבנה בתוספת שמן זית וזעתר 5% גד 250 גרם,מחלבות גד שיווק 1992 בעמ,,,"י""ח",250,ל גרם,false,1,12,4.80,false,1,
7290000554792,false,גבינה בולגרית 5%במשקל,מחלבות גד,,,"ק""ג",1000,ל גרם,true,1,46.90,4.69,false,1,
7290000554969,false,גב.שמנת 30%שומן1קג משקל,מחלבות גד,,,"ק""ג",1,,true,1,37.50,37.50,false,1,
7290000554990,false,מוצרלה כדורים גדולים,מחלבות גד,,,"ק""ג",1,,true,1,79,79,false,1,
7290000572086,false,טחינה אורגנית אחדות 500 גרם,אחדות ביחר לטחינה חל,,,"י""ח",500,ל גרם,false,1,11,2.20,false,1,
7290000572208,false,חלוה בטעם וניל אחווה 100 גרם,שוורצקוף& הנקל דיסלד,,,"י""ח",100,ל גרם,false,1,2.50,2.50,false,1,
7290000572222,false,חלווה בלוק וניל אחוה 500 גרם,שוורצקוף& הנקל דיסלד,,,"י""ח",500,ל גרם,false,1,9.30,1.86,false,1,
7290000572543,false,חלוה בטעם שוקו וניל אחווה 400 גרם,אחדות ביתחרושת לטחינה חלבה,,,"י""ח",400,ל גרם,false,1,11,2.75,false,1,
7290000572628,false,חלבה חטיף לייט 25 ג* 11יח קופ`שי אחוה,אחדות ביחר לטחינה חל,,,"י""ח",276,ל גרם,false,1,9.30,3.37,false,1,
7290000572673,false,חלבה וניל קקאו ואגוזים אחוה (25x12 גרם),שוורצקוף& הנקל דיסלד,,,"י""ח",300,ל גרם,false,1,11,3.67,false,1,
7290000572802,false,טחינה אורגנית משומשום מלא אחוה 500 גרם,"אחדות בע""מ א.ת. ברקן",,,"י""ח",500,ל גרם,false,1,11,2.20,false,1,
7290000574035,false,לחם אחיד פרוס דגנית עין בר (750 גרם),דגנית עין בר תעשיות מזון ואפיה,,,"י""ח",750,ל גרם,false,1,5.90,0.79,false,1,
7290000574141,false,לחם חיטה מלא 750ג' דגנית עין בר,דגנית עין בר תעשיות מזון ואפיה,,,"י""ח",750,ל גרם,false,1,10.90,1.45,false,1,
7290000599755,false,"מגב מתכת כחול 40 ס""מ עם מקל",*** מ.א.ייצור ויבוא מטליות,,,"י""ח",1,"י""ח",false,1,10.20,10.20,false,1,
7290000631356,false,טחול עוף טרי(קצביה)**,ח.י. מעדני גורמה בעמ,,,"ק""ג",1,"ק""ג",true,1,55.50,55.50,false,1,
7290000631424,false,פרגיות עוף טרי[קצביה]**,"ח.י. מעדני גורמה בע""מ",,,"ק""ג",1,"ק""ג",true,1,68.30,68.30,true,1,
7290000632209,false,חזה עוף קפוא עטרה מחיר ל,נטו מלינדה סחר בעמ,,,"ק""ג",1,"ק""ג",true,1,28.10,28.10,false,1,
7290000632452,false,כרעיים עוף טרי(קצביה )**.,"ח.י. מעדני גורמה בע""מ",,,"ק""ג",1,"ק""ג",true,1,31.50,31.50,true,1,
7290000632551,false,ירכיים טרי]קצביה[**,"ח.י. מעדני גורמה בע""מ",,,"ק""ג",1,"ק""ג",true,1,25.60,25.60,false,1,
7290000632599,false,ירכיים פטם קפוא עטרה מחי,נטו מלינדה סחר בעמ,,,"ק""ג",1,"ק""ג",true,1,28.10,28.10,false,1,
7290000632759,false,שוקיים עוף טרי (קצביה)**,"ח.י. מעדני גורמה בע""מ",,,"ק""ג",1,"ק""ג",true,1,34.10,34.10,true,1,
7290000633855,false,כנפיים עוף טרי מקוצבות[קצביה],"ח.י. מעדני גורמה בע""מ",,,"ק""ג",1,"י""ח",true,1,14.40,14.40,true,1,
7290000640150,false,הודו שלם נקבה}קצביה{**,ח.י. מעדני גורמה בעמ,,,"ק""ג",1,"ק""ג",true,1,25.60,25.60,false,1,
7290000641058,false,כבד הודו טרי}קצביה{**,ח.י. מעדני גורמה בעמ,,,"ק""ג",1,,true,1,19.60,19.60,false,1,
7290000643250,false,עוף טרי מפורק(קצביה)**,"ח.י. מעדני גורמה בע""מ",,,"י""ח",1,,true,1,18.70,18.70,false,1,
7290000659312,false,דגי תנובה פילה סלומון קפוא בוואקום,תנובה בשר,,,"ק""ג",1,"ק""ג",true,1,59.70,59.70,false,1,
7290000663166,false,פילה הייק דרום אפריקאי קפוא,תנובה קפואים,,,"ק""ג",1,,true,1,41.90,41.90,false,1,
7290000692203,false,נוזל לניקוי כללי ורצפות בניחוח לימון אג'קס 2 ליטר,הנסיך- מפעל לייצור ט,,,"י""ח",2,ליטר,false,1,19.60,9.80,false,1,
7290000692210,false,נוזל לניקוי כללי ורצפות בניחוח לבנדר אג'קס 2 ליטר,הנסיך- מפעל לייצור ט,,,"י""ח",2,ליטר,false,1,19.60,9.80,false,1,
7290000803067,false,"משחת שיניים לילדים גילאים 6-2 אלמקס 75 מ""ל",הנסיך- מפעל לייצור ט,,,"י""ח",75,ל גרם,false,1,13.60,18.13,true,1,
7290001041260,false,שומשום מיה (400 גרם),מיה תעשיות מזון מ.ת.מ. בעמ,,,"י""ח",400,ל גרם,false,1,9.30,2.33,false,1,
7290001045169,false,מיץ תפוחי עץ צלול פרימור 1 ליטר,שטראוס גרופ בעמ/מצונן,,,"י""ח",1,ליטר,false,1,13.60,13.60,true,1,
7290001045688,false,"מיץ תפוזים סחוט פרימור 400 מ""ל",שטראוס גרופ בעמ/מצונן,,,"י""ח",400,"ל מ""ל",false,1,7.10,1.70,true,1,
7290001121054,false,צמד חמד פסטרמה וסלמי יחיעם 700 גרם,מעדני יחיעם ( 1993 ) בע`מ,,,"י""ח",850,ל גרם,false,1,21.30,2.51,false,1,
7290001123775,false,שווארמה אמיתית פרגיות טיבון ויל 500 גרם,"טיבול ויל אחזקות בע""",,,"י""ח",500,ל גרם,false,1,24.90,4.98,true,1,
7290001124536,false,ארוחת נודלס טעם תירס מג'יק 70 גרם,נטו מלינדה סחר בעמ,,,"י""ח",70,ל גרם,false,1,4.20,6,false,1,
7290001124611,false,שומן כבש טיבון ויל 200 גרם,טיבון ויל אחזקות בעמ,,,"י""ח",200,ל גרם,false,1,18.80,9.40,false,1,
7290001136683,false,"מרכך לשיער רגיל בבושם פרחים נקה 7 750 מ""ל",החברה הדרומית לשיווק בעמ,,,"י""ח",750,"ל מ""ל",false,1,12.90,1.72,false,1,
7290001209189,false,נקניקיות חריפות עטרה 400ג' מהדרין,נטו מלינדה סחר בעמ,,,"י""ח",500,ל גרם,false,1,7.60,1.52,true,1,
7290001209264,false,טחון 100% בקר קפוא עטרה 500 גרם,נטו מלינדה סחר - עטרה,,,"י""ח",500,ל גרם,false,1,21.10,4.22,false,1,
7290001245705,false,אקונומיקה מבושמת 4 ליטר טאצ',סאסאטק אגשח בעמ,,,"י""ח",4,ליטר,false,1,9.30,2.33,false,1,
7290001245736,false,ג'ל כביסה כחול טאצ' 3 ליטר סלקט,סאסאטק אגשח בעמ,,,"י""ח",1,ליטר,false,1,17,17,true,1,
7290001245828,false,נוזל כלים קלאסי טאצ' 18% 1.6 ליטר,סאסאטק אגשח בעמ,,,"י""ח",1.60,ליטר,false,1,10.20,6.38,true,1,
7290001245972,false,מרכך כביסה לבן 4 ליטר טאצ',סאסאטק אגשח בעמ,,,"י""ח",4,ליטר,false,1,13.60,3.40,true,1,
7290001246054,false,פותח סתימות 1 ליטר טאצ,סאסאטק אגשח בעמ,,,"י""ח",1,ליטר,false,1,12.70,12.70,false,1,
7290001246061,false,מרכך מרוכז פרימיום פנטזי( 1 ליטר)טאצ`,סאסאטק אגשח בעמ,,,"י""ח",1,ליטר,false,1,11.90,11.90,true,1,
7290001246078,false,מרכך מרוכך פרפיום סנשואל( 1 ליטר)טאצ`,סאסאטק אגשח בעמ,,,"י""ח",1,ליטר,false,1,11.90,11.90,true,1,
7290001246085,false,נוזל לניקוי חלונות 1 ליטר טאצ,סאסאטק אגשח בעמ,,,"י""ח",1,ליטר,false,1,7.60,7.60,true,1,
7290001246108,false,"טאצ' תרסיס מסיר אבנית 750 מ""ל",סאסאטק אגשח בעמ,,,"י""ח",75,"ל מ""ל",false,1,11,14.67,false,1,
7290001247082,false,מיץ עגבניות רכיבים טבעיים ספרינג 1 ליטר,יפאורה שותפות מובגלת לשיווק,,,"י""ח",1,ליטר,false,1,5.90,5.90,true,1,
7290001247730,false,"נקטר ספרינג בטעם מנגו פחית 330 מ""ל",יפאורה שותפות מוגבלת לשיווק,,,"י""ח",330,"ל מ""ל",false,1,5.10,1.45,true,1,
7290001274941,false,"שמיניית גלידל פרי פטל ""פלדמן""",הגלידות של פלדמן,,,"י""ח",8,"י""ח",false,1,17.90,2.24,false,1,
7290001305188,false,"נוזל לניקוי כלים בריח לימון פלמוליב 750 מ""ל",יבואן ומשווק: ש. שסט,,,"י""ח",750,"ל מ""ל",false,1,10.20,1.36,true,1,
7290001327180,false,שטראוס קרמיסימו וניל ציפ 1.33 ליטר,"גלידת שטראוס בע""\מ, רחוב",,,"י""ח",1.33,ליטר,false,1,16.20,12.18,false,1,
7290001482384,false,חתיכות אננס בסירופ קל וילי פוד 227 גרם,ג.וילי פוד אינטרנשיונל בעמ,,,"י""ח",227,ל גרם,false,1,3.40,1.50,false,1,
7290001485019,false,גבינת קרם שמנת טבעי 5% טרה 200 גרם,*החברה המרכזית להפצת משקאותבעמ,,,"י""ח",200,ל גרם,false,1,10.20,5.10,false,1,
7290001594155,false,"קוקה-קולה בבקבוק אישי 500 מ""ל",החברה המרכזית להפצת משקאות בעמ,,,"י""ח",500,"ל מ""ל",false,1,5.30,1,true,1,
7290001594179,false,"פאנטה אורנג' בבקבוק אישי 500 מ""ל",החברה המרכזית להפצת משקאות בעמ,,,"י""ח",500,"ל מ""ל",false,1,5.30,1,true,1,
7290001594230,false,קינלי סודה בבקבוק זכוכית,החברה המרכזית להפצת משקאות בעמ,,,"י""ח",250,"ל מ""ל",false,1,2.80,1,true,1,
7290001594254,false,פריגת משקה בטעם אשכו,החברה המרכזית להפצת משקאות בעמ,,,"י""ח",330,"ל מ""ל",false,1,4.50,1.27,true,1,
7290001594377,false,פריגת תפוזים 0.5 ליטר חייב בפקדון,החברה המרכזית להפצת משקאות בעמ,,,"י""ח",500,"ל מ""ל",false,1,4.50,0.84,true,1,
7290001594384,false,פריגת אשכוליות 0.5 ליטר חייב בפקדון,החברה המרכזית להפצת משקאות בעמ,,,"י""ח",500,"ל מ""ל",false,1,4.50,0.84,true,1,
7290001594391,false,"פריגת משקה קל ענבים בבקבוק אישי 500 מ""ל",החברה המרכזית להפצת משקאות בעמ,,,"י""ח",500,"ל מ""ל",false,1,4.50,0.84,true,1,
7290001594568,false,בירה בפחית קרלסברג (500 מל),החברה המרכזית להפצת משקאות בעמ,,,"י""ח",500,"ל מ""ל",false,1,7.90,1.52,false,1,
7290001594575,false,בירה בפחית רד טובורג (500 מל),החברה המרכזית להפצת משקאות בעמ,,,"י""ח",500,"ל מ""ל",false,1,7.90,1.52,true,1,
7290001594858,false,מארז שישייה בירה טובורג רד (330x6 מל),החברה המרכזית להפצת משקאות בעמ,,,"י""ח",1.98,ליטר,false,1,35.60,17.22,true,1,
7290001723364,false,מוצץ סיל' אורט' ידית קצר-זוג-מרכז.,אינטרסן (1996) בעמ,,,"י""ח",1,,false,1,21.30,21.30,true,1,
7290001780428,false,מאגדת גלידת לייט שוקולד נסטלה 6יח' 312ג',נגה גלידות שותפות מוגבלת,,,"י""ח",312,ל גרם,false,1,23.70,7.60,false,1,
7290001780800,false,שלגון קראנץ שוקולד ליבת נוגט נסטלה 100 גרם,נגה גלידות שותפות מוגבלת,,,"י""ח",1,,false,1,10,10,true,1,
7290001791349,false,אקונומיקה פיסגה ריחנית סנו (4 ליטר),החברה הדרומית לשיווק בעמ,,,"י""ח",4,ליטר,false,1,11.90,2.98,false,1,
7290001791363,false,"מטהר אויר בניחוח וניל קוקוס מילוי סנו 250 מ""ל",החברה הדרומית לשיווק בעמ,,,"י""ח",165,ל גרם,false,1,11.90,7.21,false,1,
7290001865439,false,פמילי אל סבון נוזלי בניחוח וניל 1 ליטר,אף.סי תבליני בגליל ב,,,"י""ח",1,ליטר,false,1,10.90,10.90,false,1,
7290001922231,false,כדורי פלאפל 700גר שף הטבע,קפוא זן תעשיות מזון בעמ,,,"י""ח",700,ל גרם,false,1,13.60,1.94,false,1,
7290001973233,false,"קמיל בלו מגבונים לחים סנסיטיב ד""ר פישר 120 יחידות","פישר תעשיות פרמבצטיות בע""מ",,,"י""ח",120,"י""ח",false,1,9.30,0.08,false,1,
7290001973363,false,מגבונים קמיל בלו ליציאה שקית 30 יח,פישר תעשיות פרמבצטיות בעמ,,,"י""ח",1,,false,1,6.10,6.10,false,1,
7290001990148,false,"סוכר גולדן קלאסי בצנצנת 1 ק""ג סוגת",האי נאם סי או אל.טי.,,,"י""ח",1,"ק""ג",false,1,12.90,12.90,false,1,
7290001990407,false,"עדשים ירוקות סוגת 1 ק""ג","סוגת תעשיות בע""\מ",,,"י""ח",1,"ק""ג",false,1,11.90,11.90,true,1,
7290001990414,false,"עדשים אדומות סוגת 1 ק""ג","סוגת תעשיות בע""\מ",,,"י""ח",1,"ק""ג",false,1,12.70,12.70,true,1,
7290002000136,false,שעווה לחימום במיקרוגל - דבש ופרופוליס,"ש. שוורץ )באר שבע( בע""\מ",,,"י""ח",500,ל גרם,false,1,16.90,3.38,false,1,
7290002007371,false,פירורי לחם הנמל 500 ג',הנמל אריזות ושיווק 1984 בע`מ,,,"י""ח",500,ל גרם,false,1,4.70,0.94,false,1,
7290002008507,false,נייר אפיה הנמל 50 יחידות,הנמל אריזות ושיווק (1984) בעמ,,,"י""ח",1,,false,1,6.80,6.80,false,1,
7290002019114,false,רוטב עגבניות מרוכז מאד 28-30BX פריניר,ח.כהן סוכנות מזון ומשקאות בע,,,"י""ח",580,ל גרם,false,1,5.90,1.02,false,1,
7290002019787,false,רוטב עגבניות מרוכז מאוד 260 גרם פריניר,ח.כהן סוכנות מזון ומשקאות בע,,,"י""ח",260,ל גרם,false,1,3.30,1.27,false,1,
7290002019794,false,רוטב עגבניות מרוכז מאוד 100 גרם פריניר,ח.כהן סוכנות מזון ומשקאות בע,,,"י""ח",100,ל גרם,false,1,1.40,1.40,false,1,
7290002026341,false,אריסטו קראנץ ציפס בטטה טוגנים 500גר,מוצרי איכות אמריקאיים בעמ,,,"י""ח",500,ל גרם,false,1,16,3.20,true,1,
7290002037057,false,"לחם לבן פרוס ארוז ""ברמן"" - מוצר בפיקוח",מאפית י את א ברמן בע,,,"י""ח",500,ל גרם,false,1,5.70,1.14,false,1,
7290002037309,false,לחמניות המבורגר מאפיית ודש 8),מאפית י את א ברמן בע,,,"י""ח",400,ל גרם,false,1,11,2.75,false,1,
7290002037569,false,לחמניות באני`ס ודש ברמן) (6,י.את א. ברמן בעמ,,,"י""ח",450,ל גרם,false,1,10.20,2.27,false,1,
7290002037606,false,לחמניה שומשום(וודש{,י.את א. ברמן בעמ,,,"י""ח",480,ל גרם,false,1,10.20,2.13,false,1,
7290002040019,false,קוסקוס רגיל מזון קוסקוס (350 גרם),הנמל אריזות ושיווק (1984) בעמ,,,"י""ח",350,ל גרם,false,1,5.90,1.69,false,1,
7290002040064,false,קוסקוס דק להכנה מהירה בשקית 350 גרם,הנמל אריזות ושיווק (1984) בעמ,,,"י""ח",350,ל גרם,false,1,5.90,1.69,false,1,
7290002057048,false,זית סורי מתובל בשמן קבוצת יבנה 560 גרם,"קבוצת יבנה מוצרי מזון בע""מ",,,"י""ח",560,ל גרם,false,1,9,1.61,false,1,
7290002057062,false,זיתים מנזנילו ירוק בינוני קבוצת יבנה 340 גרם,קבוצת יבנה מוצרי מזון בעמ,,,"י""ח",560,ל גרם,false,1,5.90,1.05,false,1,
7290002057093,false,זיתים מנזנילו גדול קבוצת יבנה 340 גרם,"קבוצת יבנה מוצרי מזון בע""מ",,,"י""ח",600,ל גרם,false,1,8.90,1.48,false,1,
7290002057185,false,טבעות זיתים ירוקים קבוצת יבנה 560 גרם,קבוצת יבנה מוצרי מזון אגודה שי,,,"י""ח",560,ל גרם,false,1,10.90,1.95,false,1,
7290002057369,false,מלפפונים במלח ‏12‏-‏10‏ קבוצת יבנה 320 גרם,"קבוצת יבנה מוצרי מזון בע""מ",,,"י""ח",600,ל גרם,false,1,6.80,1.13,false,1,
7290002057376,false,מלפפונים במלח ‏17‏-‏13‏ קבוצת יבנה 320 גרם,"קבוצת יבנה מוצרי מזון בע""מ",,,"י""ח",600,ל גרם,false,1,8.50,1.42,false,1,
7290002057406,false,"מלפפון חומץ ‏36‏-‏30‏ ‏10‏-‏A‏ יבנה 3 ק""ג",קבוצת יבנה מוצרי מזון בעמ,,,"י""ח",560,ל גרם,false,1,19.60,3.50,false,1,
7290002057468,false,מלפפון יבנה בחומץ בינוניים 10-12 290 גרם,"קבוצת יבנה מוצרי מזון בע""מ",,,"י""ח",600,ל גרם,false,1,6.80,1.13,false,1,
7290002057482,false,מלפפונים קטנים בחומץ קבוצת יבנה 560 גרם,קבוצת יבנה מוצרי מזון אגודה שי,,,"י""ח",560,ל גרם,false,1,11,1.96,true,1,
7290002057604,false,פלפל חריף שיפקה קבוצת יבנה (540 גרם),קבוצת יבנה מוצרי מזון אגודה שי,,,"י""ח",560,ל גרם,false,1,4.70,0.84,false,1,
7290002057734,false,זיתים חרוזית מושחר קבוצת יבנה 275 גרם,קבוצת יבנה מוצרי מזון בעמ,,,"י""ח",540,ל גרם,false,1,6.70,1.24,false,1,
7290002065555,false,שישיית לחמנייה הכי רכה בהפסקה אנג'ל 450 גרם,מאפיית שלמה א. אנג'\ל בע,,,"י""ח",1,,false,1,10.20,10.20,false,1,
7290002107071,false,גבינת פטה עיזים מעודנת 16% משק צוריאל 200 גרם,החברה המרכזית טלהפצת משקאות בע,,,"י""ח",200,ל גרם,false,1,20.70,10.35,false,1,
7290002111085,false,"רוטב עגבניות 22% ""פרי מבורך"" 100 גרם","זנלכל בע""\מ",,,"י""ח",400,ל גרם,false,1,2.80,0.70,false,1,
7290002111214,false,גרעיני תירס לייט A2 פרי מבורך 550 גר',"זנלכל בע""\מ",,,"י""ח",550,ל גרם,false,1,8.50,1.55,false,1,
7290002111337,false,רוטב עגבניות BX 22% פרי מבורך (240 גרם),"זנלכל בע""\מ",,,"י""ח",240,ל גרם,false,1,4.50,1.88,false,1,
7290002111634,false,חומוס שלם פרי מבורך 290 גרם,"זנלכל בע""\מ",,,"י""ח",600,ל גרם,false,1,10.90,1.82,true,1,
7290002111665,false,עגבניות תרכיז 28% A2 פרי מבורך 600ג',"זנלכל בע""\מ",,,"י""ח",600,ל גרם,false,1,8.50,1.42,false,1,
7290002111764,false,שעועית לבנה ברוטב עגבניות פרי מבורך 580,"זנלכל בע""\מ",,,"י""ח",600,ל גרם,false,1,8.90,1.48,true,1,
7290002111818,false,גרעיני תירס מתוק ואקום פרי מבורך 400ג',"זנלכל בע""\מ",,,"י""ח",325,ל גרם,false,1,5.90,1.82,false,1,
7290002111825,false,גרעיני תירס מתוק 550 גרם פרי מבורך,"זנלכל בע""\מ",,,"י""ח",550,ל גרם,false,1,10.90,1.98,true,1,
7290002130574,false,דבש טהור מפרחי בר בזכוכית 500 ג' יד מרדכי,מכוורת יד מרדכי שטראוס ב,,,"י""ח",500,ל גרם,false,1,23.90,4.78,true,1,
7290002132011,false,עוגיות מזרחיות עם שומשום עבאדי (400 גר),מאפיית יוסף ושמחה עבאדי,,,"י""ח",400,ל גרם,false,1,15.30,3.83,false,1,
7290002253105,false,שום במגשית 20 שיניים כתושות קפוא 80,קבוצת אוסם סחר-שות.מוגבלת,,,"י""ח",80,ל גרם,false,1,11.88,14.85,false,1,
7290002253167,false,פטרוזיליה טרייה קצוצה מוקפאת 70 גרם,קבוצת אוסם סחר שותפות מוגבלת,,,"י""ח",70,ל גרם,false,1,10.90,15.57,false,1,
7290002259640,false,דיימונד רדיד אלומיניום צר 30 ס''מ 7.5 מ'-,ריינולדס מוצרי צריכה,,,"י""ח",1,"י""ח",false,1,10.20,10.20,false,1,
7290002259664,false,רדיד אלומיניום דיימונד גדול 60X0.60מ',ריינולדס מוצרי צריכה,,,"י""ח",1,,false,1,46.90,46.90,false,1,
7290002319023,false,סוכר וניל עשיריות מיה 100 גרם,מיה תבליני החיים ירושלים בע`מ,,,"י""ח",100,ל גרם,false,1,1.60,1.60,false,1,
7290002319061,false,קוקוס טחון מיה (100 גרם),מיה תעשיות מזון מ.ת.מ. בעמ,,,"י""ח",100,ל גרם,false,1,3.20,3.20,false,1,
7290002319078,false,שומשום 100 גרם מיה,מיה תעשיות מזון מ.ת.מ. בעמ,,,"י""ח",100,ל גרם,false,1,2.50,2.50,false,1,
7290002319115,false,חומוס גדול יבש מיה 500 גר',מיה תעשיות מזון מ.ת.מ. בעמ,,,"י""ח",500,ל גרם,false,1,5.90,1.18,true,1,
7290002319184,false,עדשים אדומים יבשים מיה 500 גר',מיה תעשיות מזון מ.ת.מ. בעמ,,,"י""ח",500,ל גרם,false,1,5.90,1.18,true,1,
7290002319771,false,תמצית אפיה בטעם וניל מיה (50 מל),מיה תעשיות מזון מ.ת.מ. בעמ,,,"י""ח",50,"ל מ""ל",false,1,2.50,5,false,1,
7290002319788,false,תמצית אפיה בטעם רום כשלפ בדצ העדח,מיה תעשיות מזון מ.ת.מ. בעמ,,,"י""ח",60,"ל מ""ל",false,1,2.50,4.17,false,1,
7290002327929,false,מיני בורקס תפוח אדמה 700 גר שלושת האופים,נטו מלינדה סחר בע`מ,,,"י""ח",800,ל גרם,false,1,19.60,2.45,true,1,
7290002331025,false,"מים מינרלים נביעות ספורט 500 מ""ל פקדון",החברה המרכזית להפצת משקאות בעמ,,,"י""ח",500,"ל מ""ל",false,1,2.90,0.52,false,1,
7290002331421,false,"שישיית מים מינרליים GO TO נביעות 755 מ""ל",החברה המרכזית להפצת משקאות בעמ,,,"י""ח",4.53,ליטר,false,1,15.10,3,false,1,
7290002348061,false,פטריות שמפיניון חתוכות ויליגר 400 גרם,נטו מילנדה סחר בעמ*,,,"י""ח",385,ל גרם,false,1,4.20,1.09,false,1,
7290002348306,false,'קוקטייל פירות ויליגר 850 ג,נטו מילנדה סחר בעמ*,,,"י""ח",850,ל גרם,false,1,10.20,1.20,true,1,
7290002360124,false,חליטת צמחים ורד הבר והיביסקוס פומפדור 20 יחידות,ש.שסטוביץ בעמ,,,"י""ח",30,ל גרם,false,1,11.90,39.67,true,1,
7290002374268,false,שמן חמניות מזוכך ללא כולסטרול 1 ליטר,סוגת תעשיות בעמ,,,"י""ח",1,ליטר,false,1,10.20,10.20,false,1,
7290002374312,false,שמן קנולה מזוכך 6% מילומור (1 ליטר),"נארז ע""י : א.ג. גילר",,,"י""ח",1,ליטר,false,1,9.30,9.30,false,1,
7290002512011,false,ג חנון בצק 900ג צנעני,צנעני מוצרי בצק בעמ,,,"י""ח",900,ל גרם,false,1,17,1.89,false,1,
7290002515371,false,"קמיל בלו אל סבון לתינוקות ד""ר פישר 1 ליטר","פישר תעשיות פרמצבטיות בע""מ",,,"י""ח",1,ליטר,false,1,23,23,true,1,
7290002543237,false,דגני בוקר קלוגס קורנפלקס 750 גרם,קלוגס קומפני אוף גרייט ב,,,"י""ח",750,ל גרם,false,1,16.90,2.25,true,1,
7290002618485,false,שניצל נסיכה בשומשום 700גר,קפוא זן תעשיות מזון בעמ,,,"י""ח",700,ל גרם,false,1,25.60,3.66,false,1,
7290002628989,false,נקניקיות מרגז קפוא 500 ג' 16 יח',בלדי בע`מ,,,"י""ח",500,ל גרם,false,1,18.70,3.74,false,1,
7290002674221,false,"אקווה פרש משחת שינים 100 מ""ל משאבה מנטה",גלקסו סמית קליין,,,"י""ח",100,ל גרם,false,1,11,11,false,1,
7290002692393,false,שמן קנולה מזוכך מועשר עץ הזית (1 ליטר),סוגת תעשיות בעמ,,,"י""ח",1,ליטר,false,1,13.60,13.60,false,1,
7290002715504,false,ארוחת נודלס בטעם עוף מג`יק (70 גרם),נטו מלינדה סחר בע`מ,,,"י""ח",70,ל גרם,false,1,4.90,7,false,1,
7290002715511,false,ארוחת נודלס בטעם בשר מג`יק (70 גרם),נטו מילנדה סחר בעמ*,,,"י""ח",70,ל גרם,false,1,4.90,7,false,1,
7290002715528,false,ארוחת נודלס בטעם ירקות מג`יק (70 גרם),נטו מילנדה סחר בעמ*,,,"י""ח",70,ל גרם,false,1,4.90,7,false,1,
7290002715580,false,ארוחת נודלס בטעם סיני חריף מג'יק 70 גרם,נטו מילנדה סחר בעמ*,,,"י""ח",70,ל גרם,false,1,4.90,7,false,1,
7290002730262,false,נוזל לניקוי כלים קלאסי פלמוליב (750 מל),יבואן ומשווק: ש. שסט,,,"י""ח",750,"ל מ""ל",false,1,10.20,1.36,true,1,
7290002730521,false,צימרוני אוזניים בלונס בקופסא 200 יח',ש. שסטוביץ בע`מ,,,"י""ח",100,ל גרם,false,1,5,5,false,1,
7290002730538,false,פדיות להסרת איפור בלונס 80 יחידות,הנסיך- מפעל לייצור ט,,,"י""ח",1,"י""ח",false,1,7.60,7.60,false,1,
7290002730675,false,"קולגייט משחת שיניים אדומה משפחתי 100 מ""ל",קולגייט-פלמוליב,,,"י""ח",100,"ל מ""ל",false,1,9.30,9.30,false,1,
7290002730941,false,כדורי צמר גפן בלונס 100 יחידות,הנסיך- מפעל לייצור ט,,,"י""ח",100,ל גרם,false,1,5,5,false,1,
7290002735014,false,מלווח ארוז יינון 800 גר`,קפוא-זן תעשיות מזון בעמ - תפוג,,,"י""ח",800,ל גרם,false,1,11.90,1.49,false,1,
7290002735021,false,ג`חנון ארוז 750 גר`יינון,קפוא-זן תעשיות מזון בעמ - תפוג,,,"י""ח",750,ל גרם,false,1,12.70,1.69,false,1,
7290002735113,false,בורקס גבינה ינון 800 גר`,קפוא-זן תעשיות מזון בעמ - תפוג,,,"י""ח",800,ל גרם,false,1,13.60,1.70,false,1,
7290002735120,false,"בורקס תפו""א ינון 800 גרם",קפוא-זן תעשיות מזון בעמ - תפוג,,,"י""ח",800,ל גרם,false,1,11,1.38,false,1,
7290002735274,false,ג'חנון אפוי ינון 600 גרם,קפוא-זן תעשיות מזון בעמ - תפוג,,,"י""ח",600,ל גרם,false,1,12.70,2.12,false,1,
7290002750130,false,חליות פילסברי מארז 80ג',ג נרל מילס ישראל בעמ ~~~,,,"י""ח",1,,false,1,11,11,false,1,
7290002750154,false,לחמניה יאמיס שישייה אפיה מקומית,ג נרל מילס ישראל בעמ ~~~,,,"י""ח",1,,false,1,10.20,10.20,true,1,
7290002750529,false,מארז 5 חצי בגט(אפיה מקומית),ג נרל מילס ישראל בעמ,,,"י""ח",1,,false,1,12,12,false,1,
7290002752332,false,"סוכריות מנטוס פירות בגליל, 37.5 גרם",הדקלאים אגודת שיתופי,,,"י""ח",37.50,ל גרם,false,1,2.80,7.47,true,1,
7290002753223,false,רביעייה סוכריות תפוז 4*16 ג' טיק טק,פרימיום-חברה לדברי מתיקה ולמסח,,,"י""ח",1,,false,1,8.40,8.40,false,1,
7290002753995,false,סוכריות עדשים לקישוט עוגה וורנר 6*25 גרם,היינץ צפון אמריקה מק,,,"י""ח",150,ל גרם,false,1,15.60,10.40,false,1,
7290002824183,false,"גבינה לבנה סקי 500 גרם 5% ""שטראוס"" -מוצר בפיקוח",שטראוס גרופ בעמ/מצונן,,,"י""ח",500,ל גרם,false,1,7.90,1.58,true,1,
7290002824466,false,יוגורט דנונה ביו לבן 0% שומן 200 גרם,שטראוס גרופ בעמ/מצונן,,,"י""ח",200,"ל מ""ל",false,1,3,1.50,true,1,
7290002824640,false,"גבינת סקי 250 גרם 5% ""שטראוס"" -מוצר בפיקוח",שטראוס גרופ בעמ/מצונן,,,"י""ח",250,ל גרם,false,1,4.25,1.70,true,1,
7290002825722,false,כרוב אדום במיונז אחלה (500 גרם),שטראוס גרופ בעמ/מצונן,,,"י""ח",500,ל גרם,false,1,12.70,2.54,true,1,
7290002842002,false,פתיתי שיבולת שועל קוואקר אנגלי מורנפלייק,ליימן שליסל בעמ,,,"י""ח",500,ל גרם,false,1,9.30,1.86,false,1,
7290002922117,false,מקלות קינמון וסוכר חום,הלל בן הלל שיווק ומסחר בעמ,,,"י""ח",250,ל גרם,false,1,20.40,8.16,false,1,
7290002987963,false,"חומוס אחלה 1 ק""ג שטראוס",שטראוס גרופ בעמ/מצונן,,,"י""ח",1,"ק""ג",false,1,11.90,11.90,true,1,
7290003009312,false,בוטן קלוי 200 גרם שקית קליית גת,הדקלאים אגודת שיתופי,,,"י""ח",200,ל גרם,false,1,5.60,2.80,true,1,
7290003009329,false,בוטנים אמריקאיים קליית גת (200 גרם),הדקלאים אגודת שיתופי,,,"י""ח",200,ל גרם,false,1,5,2.50,true,1,
7290003009336,false,קבוקים קליית גת (200 גרם),הדקלאים אגודת שיתופי,,,"י""ח",200,ל גרם,false,1,5,2.50,true,1,
7290003009596,false,סירופ דיאט אשכוליות 750 מל פיקדון,החברה המרכזית להפצת משקאות בעמ,,,"י""ח",750,"ל מ""ל",false,1,20.20,2.69,false,1,
7290003015634,false,"נוזל רצפות פסיפלורה 2 ליטר ""ריצפז פרש""",החברה הדרומית לשיווק בעמ,,,"י""ח",2,ליטר,false,1,19.90,9.95,false,1,
7290003026227,false,"קמיל בלו שמפו לתינוק סנסיטיב אל דמע ד""ר פישר 1 ליטר","פישר תעשיות פרמצביטות בע""מ",,,"י""ח",1,ליטר,false,1,28.10,28.10,true,1,
7290003029181,false,משקה יטבתה שוקו' בקבוק 1ל מהדרין,שטראוס גרופ בעמ/מצונן,,,"י""ח",1,ליטר,false,1,10.20,10.20,true,1,
7290003029372,false,יטבתה משקה בטעם בננה %3 בקבוק 1 ליטר,שטראוס גרופ בעמ/מצונן,,,"י""ח",1,ליטר,false,1,10.20,10.20,true,1,
7290003029389,false,"משקה חלב בננה פקק ספורט 250 מ""ל יוטבתה",שטראוס גרופ בעמ/מצונן,,,"י""ח",250,"ל מ""ל",false,1,4.70,1.88,true,1,
7290003029433,false,"משקה יטבתה שוקו פקק 250 מ""ל מהדרין",שטראוס גרופ בעמ/מצונן,,,"י""ח",250,"ל מ""ל",false,1,4.70,1.88,true,1,
7290003029532,false,מוקה בבקבוק יטבתה 1 ליטר מהדרין,שטראוס גרופ בעמ/מצונן,,,"י""ח",1,ליטר,false,1,10.20,10.20,true,1,
7290003029617,false,יטבתה שמנת מנה אישית 15% 125מל,שטראוס גרופ בעמ/מצונן,,,"י""ח",125,"ל מ""ל",false,1,1.60,1.28,true,1,
7290003029792,false,"משקה יטבתה שוקו שקיות מהדרין מארז 225X8מ""ל",שטראוס גרופ בעמ/מצונן,,,"י""ח",1.80,ליטר,false,1,16.20,9,true,1,
7290003029815,false,חלב מועשר 3% בכד יטבתה 2 ליטר,שטראוס גרופ בעמ/מצונן,,,"י""ח",2,ליטר,false,1,12.80,6.40,true,1,
7290003029907,false,משקה חלב אייס קפה 2% יטבתה (1 ליטר,שטראוס גרופ בעמ/מצונן,,,"י""ח",1,ליטר,false,1,10.20,10.20,true,1,
7290003031740,false,טירתצבי פסטרמה בדבש קופ. מחפוד 400ג,טיב טירת צבי 2000,,,"י""ח",400,ל גרם,false,1,31.90,7.98,false,1,
7290003047642,false,תה שחור יילו לייבל 100*1.5 ג' שקיק ליפטון,"יוניליוור ישראל שיווק בע""מ",,,"י""ח",150,ל גרם,false,1,11,7.33,false,1,
7290003102990,false,פדים להסרת איפור 80 יח',אינטרסן (1996) בעמ,,,"י""ח",1,,false,1,5,5,true,1,
7290003119509,false,פקדון בקבוק בירה ריק,שונות /שרות,,,"י""ח",1,"י""ח",false,1,1,1,false,1,
7290003121083,false,ארוחת נודלס בטעם בשר בשקית מג'יק 85 גרם,נטו מילנדה סחר בעמ*,,,"י""ח",85,ל גרם,false,1,3.90,4.59,false,1,
7290003121090,false,ארוחת נודלס ירקות בשקית מג'יק 85 גרם,נטו מלינדה סחר בעמ,,,"י""ח",85,ל גרם,false,1,2.10,2.47,false,1,
7290003121106,false,ארוחת נודלס טעם עוף בשקית מג'יק 85 גרם,נטו מילנדה סחר בעמ*,,,"י""ח",85,ל גרם,false,1,3.90,4.59,false,1,
7290003127597,false,שקית שרות קופה גופיה,שונות /שרות,,,"י""ח",1,,false,1,0.10,0.10,false,1,
7290003145751,false,אגוזי קשיו קלויים קליית גת (200 גרם),הדקלאים אגודת שיתופי,,,"י""ח",200,ל גרם,false,1,16.60,8.30,true,1,
7290003145959,false,פקאן טבעי קליית גת 150 גרם,ליימן שליסל בעמ,,,"י""ח",150,ל גרם,false,1,17.30,11.53,false,1,
7290003185719,false,קבב רומני טיבון ויל 500 גרם,טיבון ויל אחזקות בעמ,,,"י""ח",500,ל גרם,false,1,17.90,3.58,true,1,
7290003185726,false,קבב מזרחי טיבון ויל 500 גרם,טיבון ויל אחזקות בעמ,,,"י""ח",500,ל גרם,false,1,19.90,3.98,true,1,
7290003229116,false,פסטרמה הודו בדבש שומן טירת צבי 400 גרם,תנובה מרכז שיתופי לשיווק תוצרת,,,"י""ח",400,ל גרם,false,1,29.90,7.48,false,1,
7290003229192,false,נקניק כתף בקר מעושן 2% טירת צבי 400 גרם,תנובה מרכז שיתופי לשיווק תוצרת,,,"י""ח",400,ל גרם,false,1,35.90,8.98,false,1,
7290003258291,false,"דאודורנט ספריי לנשים 150 מ""ל פנינה רוזנבלום",פנינה רוזנבלום בעמ,,,"י""ח",100,"ל מ""ל",false,1,14.30,14.30,true,1,
7290003258406,false,"פנינה וואקס בריליאנטין לשיער 100 מ""ל",פנינה רוזנבלום בעמ,,,"י""ח",100,"ל מ""ל",false,1,16.90,16.90,false,1,
7290003321155,false,יוגורט בר עם פקאן מצופה שוקולד 183 ג' דנונה,שטראוס גרופ בעמ/מצונן,,,"י""ח",175,"ל מ""ל",false,1,3.80,2.17,true,1,
7290003364428,false,בובה מיוחדת קבוצה 8,צעצועי דורון ~~~,,,"י""ח",1,,false,1,42.40,42.40,false,1,
7290003364473,false,פאזל/משחק הזכרון,צעצועי דורון ~~~,,,"י""ח",1,,false,1,17,17,false,1,
7290003364909,false,בובות פרווה גדולות,צעצועי דורון ~~~,,,"י""ח",1,,false,1,85,85,false,1,
7290003401376,false,"קרם לחות ועיצוב לשיער אלוורה נטורל 400 מ""ל",החברה הדרומית לשיווק בעמ,,,"י""ח",400,"ל מ""ל",false,1,21.90,5.48,false,1,
7290003411054,false,שקיות צליה גדול דליקטס רוסטי הנמל 5יח`,הנמל אריזות ושיווק (1984) בעמ,,,"י""ח",5,"י""ח",false,1,4.30,0.86,false,1,
7290003411856,false,גרנולה תפוחי עץ וקינמון 400 גרם,הנמל אריזות ושיווק (1984) בעמ,,,"י""ח",400,ל גרם,false,1,9.30,2.33,false,1,
7290003427154,false,"שמן זית כתית מעולה טעם מעודן זיתא 750 מ""ל",תה ויסוצקי (ישראל) בעמ,,,"י""ח",750,"ל מ""ל",false,1,32.40,4.32,true,1,
7290003450602,false,חרדל אמיתי צהוב בקבוק לחיץ 255 גר,היינץ צפון אמריקה מקבוצת ה.י.היינץ,,,"י""ח",255,ל גרם,false,1,9,3.53,false,1,
7290003521210,false,סרקל מרכך שיער לילדים דר. פישר (2 ליטר),"פישר תעשיות פרמצביטות בע""מ",,,"י""ח",2,ליטר,false,1,34.10,17.05,false,1,
7290003525461,false,סלט טונה פיקנטי ויליגר 160 גרם,נטו מילנדה סחר בעמ*,,,"י""ח",160,ל גרם,false,1,5,3.13,false,1,
7290003525478,false,סלט טונה ויליגר 160 גרם,נטו מילנדה סחר בעמ*,,,"י""ח",160,ל גרם,false,1,4.70,2.94,false,1,
7290003525904,false,שלישיית סלט טונה פיקנטי ויליגר 160 גרם,נטו מילנדה סחר בעמ*,,,"י""ח",480,ל גרם,false,1,12.60,2.63,false,1,
7290003527380,false,דובדבן ללא חרצן בצנצנת ויליגר 680 גרם,נטו מילנדה סחר בעמ*,,,"י""ח",680,ל גרם,false,1,8.50,1.25,false,1,
7290003550753,false,נתחי טונה בהירה בשמן פוסידון (108x4 גרם),"מיוצר עי וליגר בעמ,",,,"י""ח",340,ל גרם,false,1,21.90,6.44,false,1,
7290003578078,false,קוקטייל פירות טרופי בסירופ קל ויליפוד 850 גרם,ג. וילי-פוד אינטרנשיונל בע`מ,,,"י""ח",490,ל גרם,false,1,8.10,1.65,false,1,
7290003578290,false,וילי פוד מקלוני אורז בדץ 300ג,ג. וילי-פוד אינטרנשיונל בע`מ,,,"י""ח",300,ל גרם,false,1,5.60,1.87,false,1,
7290003578313,false,דובדבנים ללא חרצנים ויליפוד 680 גרם,ג. וילי-פוד אינטרנשיונל בע`מ,,,"י""ח",720,ל גרם,false,1,7.60,1.06,false,1,
7290003643004,false,אורז בסמטי קלאסי סוגת (1 קג),האי נאם סי או אל.טי.,,,"י""ח",1,"ק""ג",false,1,12.90,12.90,false,1,
7290003643387,false,"סוכר אריזת פלסטיק 1 ק""ג סוגת",האי נאם סי או אל.טי.,,,"י""ח",1,"ק""ג",false,1,6.80,6.80,false,1,
7290003643646,false,"סוכר דמררה קלאסי בצנצנת סוגת 1 ק""ג",האי נאם סי או אל.טי.,,,"י""ח",1,"ק""ג",false,1,11.90,11.90,false,1,
7290003643707,false,גריסים סוגת (500 גרם),"סוגת תעשיות בע""מ",,,"י""ח",500,ל גרם,false,1,4.20,0.84,true,1,
7290003643714,false,חומוס גרגירים 500 גרם סוגת,האי נאם סי או אל.טי.,,,"י""ח",500,ל גרם,false,1,6.80,1.36,true,1,
7290003643738,false,חיטה סוגת (500 גרם),האי נאם סי או אל.טי.,,,"י""ח",500,ל גרם,false,1,4.20,0.84,true,1,
7290003643745,false,כוסמת סוגת (500 גרם),האי נאם סי או אל.טי.,,,"י""ח",500,ל גרם,false,1,7.60,1.52,true,1,
7290003643752,false,עדשים ירוקים יבש סוגת 500 גר',האי נאם סי או אל.טי.,,,"י""ח",500,ל גרם,false,1,7.60,1.52,true,1,
7290003643813,false,שעועית אדומה יבשה סוגת 500 גר',האי נאם סי או אל.טי.,,,"י""ח",500,ל גרם,false,1,10.20,2.04,true,1,
7290003681303,false,שעועית מעורבת יבשה מיה 500 גר',מיה תעשיות מזון מ.ת.מ. בעמ,,,"י""ח",500,ל גרם,false,1,9.40,1.88,false,1,
7290003681334,false,"קוקוס 400 גרם מיה בד""צ",מיה תעשיות מזון מ.ת.מ. בעמ,,,"י""ח",400,ל גרם,false,1,7.60,1.90,false,1,
7290003681693,false,חומוס לבן ענק יבש מיה 500 גר',מיה תעשיות מזון מ.ת.מ. בעמ,,,"י""ח",500,ל גרם,false,1,7.60,1.52,false,1,
7290003726141,false,טופו אמיתי כפרי בריא 300 גרם,מחלבות גד שיווק 1992 בעמ,,,"י""ח",320,ל גרם,false,1,11.90,3.72,false,1,
7290003781065,false,מלפפונים בחומץ קטנים מאוד וילי פוד 370 גרם,ג. וילי-פוד אינטרנשיונל בע`מ,,,"י""ח",690,ל גרם,false,1,8.50,1.23,false,1,
7290003804320,false,תיבולית קנור שום ופטורזיליה 72 גרם,"יוניליוור ישראל שיווק בע""מ",,,"י""ח",72,ל גרם,false,1,6.80,9.44,true,1,
7290003804368,false,תיבוליות בזיליקום קנור (8 יח`- 72 גרם),"יוניליוור ישראל שיווק בע""מ",,,"י""ח",72,ל גרם,false,1,6.80,9.44,true,1,
7290003804382,false,תיבוליות פטריות קנור (8 יח`- 72 גרם),יוניליוור ישראל שיווק בע`מ,,,"י""ח",72,ל גרם,false,1,6.80,9.44,true,1,
7290003805501,false,"פתית בסגנון שוודי תלמה בד""צ 300 גרם",יוניליוור ישראל שיווק בע`מ,,,"י""ח",300,ל גרם,false,1,12.70,4.23,false,1,
7290003805587,false,"פתית חיטה מלאה בד""צ 250 גרם-קופסא",יוניליוור ישראל שיווק בע`מ,,,"י""ח",250,ל גרם,false,1,12.70,5.08,false,1,
7290003807178,false,"רוטב קנור סויה בסגנון סיני 300 מ""ל","יוניליוור ישראל שיווק בע""מ",,,"י""ח",300,"ל מ""ל",false,1,9.30,3.10,true,1,
7290003807482,false,קנור רוטב טריאקי מופחת נתרן 370 גרם,"יוניליוור ישראל שיווק בע""מ",,,"י""ח",370,"ל מ""ל",false,1,9.30,2.51,true,1,
7290003864478,false,סרדינים בשמן צמחי פתח קל ויליפוד 110 גרם,ג.וילי-פוד אינטרנשיונל בעמ,,,"י""ח",110,ל גרם,false,1,4.20,3.82,true,1,
7290003864485,false,סרדינים ברוטב עגבנ יות ויליפוד 110ג' פתח קל,ג. וילי-פוד אינטרנשיונל בע`מ,,,"י""ח",110,ל גרם,false,1,4.20,3.82,true,1,
7290003882694,false,טונה בהירה בשמן צמחי 900 גרם ויליפוד,ג.וילי-פוד אינטרנשיונל בעמ,,,"י""ח",1,"ק""ג",false,1,29,29,false,1,
7290003882922,false,עלי גפן ממולאים באורז וילי פוד 360 גרם,ג. וילי-פוד אינטרנשיונל בע`מ,,,"י""ח",400,ל גרם,false,1,6.80,1.70,false,1,
7290003989096,false,סלט חצילים פיקנטי אחלה 500 גרם,שטראוס גרופ בעמ/מצונן,,,"י""ח",500,ל גרם,false,1,12.70,2.54,true,1,
7290003989539,false,רביולי עם גבינה שטראוס (400 גרם),שטראוס גרופ בעמ/מצונן,,,"י""ח",400,ל גרם,false,1,17,4.25,true,1,
7290003989553,false,פסטה טורטליני גבינה ופטריות 400 גרם,שטראוס גרופ בעמ/מצונן,,,"י""ח",400,ל גרם,false,1,17,4.25,true,1,
7290004061487,false,טבעות עוף700 גר`טופ שף,קפוא-זן תעשיות מזון בעמ - תפוג,,,"י""ח",700,ל גרם,false,1,14.40,2.06,true,1,
7290004061494,false,נגיסי עוף 700 גר`טופ שף,קפוא-זן תעשיות מזון בעמ - תפוג,,,"י""ח",700,ל גרם,false,1,14.40,2.06,true,1,
7290004063115,false,"מלח מטבח עבה להמלחת בשר ובישול 1 ק""ג 1ק""ג",האי נאם סי או אל.טי.,,,"י""ח",1,"ק""ג",false,1,1.50,1.50,false,1,
7290004078270,false,נוזל לניקוי כלים בריח לימון פלמוליב 1 ליטר,יבואן ומשווק: ש. שסט,,,"י""ח",1,ליטר,false,1,11,11,false,1,
7290004078690,false,"אגקס נוזל לניקוי אסלות מרענן 750 מ""ל",הנסיך- מפעל לייצור ט,,,"י""ח",750,"ל מ""ל",false,1,12.70,1.69,true,1,
7290004091255,false,ג'ל פטרוליום טהור 100% וזלין 212 גרם,יוניליוור ישראל שיווק בע`מ,,,"י""ח",225,"ל מ""ל",false,1,14.40,6.40,false,1,
7290004119133,false,כד יוגורט תנובה 6.5% שומן 1.5 ליטר,מיוצר עי קונדיטוריית,,,"י""ח",1.50,ליטר,false,1,17.90,11.93,false,1,
7290004120061,false,מעדן חלב בטעם שוקו וניל שוניל 2% קרלו 125 גרם,תנובה מרכז שיתופי לש,,,"י""ח",125,"ל מ""ל",false,1,2.60,2.08,false,1,
7290004120108,false,יוגורט יופלה דיאט דובדבן 0% שומן 150גרם,תנובה מרכז שיתופי לש,,,"י""ח",150,"ל מ""ל",false,1,5,3.33,false,1,
7290004120566,false,גבינה בולגרית (25024% גרם)פיראוס תנובה,"תנובה בע""מ ***",,,"י""ח",250,ל גרם,false,1,23.90,9.56,true,1,
7290004120573,false,גבינה בולגרית (25016% גרם)פיראוס תנובה,תנובה מרכז שיתופי לש,,,"י""ח",250,ל גרם,false,1,23.90,9.56,false,1,
7290004120832,false,"חלב 2 ליטר 3% כד ""תנובה""- מוצר בפיקוח",תנובה מרכז שיתופי לש,,,"י""ח",2,ליטר,false,1,10.64,5.32,false,1,
7290004121525,false,יופלה מאגדת פרי 4 תות 4 אפרסק 3% 8 יח'*150 ג',תנובה מרכז שיתופי לש,,,"י""ח",1.20,ליטר,false,1,31.80,26.50,false,1,
7290004121853,false,גבינה בולגרית קוביות (2005% גרם)פיראוס,תנובה מרכז שיתופי לש,,,"י""ח",200,ל גרם,false,1,23.90,11.95,false,1,
7290004122119,false,פתיתי פרמזן לפסטה 23% השף הלבן 100 גרם,"תנובה בע""מ ***",,,"י""ח",100,ל גרם,false,1,13.10,13.10,false,1,
7290004122195,false,גוש חלב גבינה צהובה פרוסה 28% תנובה 200 גרם,"תנובה בע""מ ***",,,"י""ח",200,ל גרם,false,1,14.90,7.45,false,1,
7290004122270,false,עמק קלאסית פרוסות גבינה חצי קשה 28% 200 גרם,תנובה מרכז שיתופי לש,,,"י""ח",200,ל גרם,false,1,16.70,8.35,true,1,
7290004122348,false,גבינה צהובה מופחתת שומן 9% עמק (200 גרם),תנובה מרכז שיתופי לש,,,"י""ח",200,ל גרם,false,1,17.90,8.95,true,1,
7290004122676,false,גבינה חמד לייט (2505% גרם)פיראוס תנובה,תנובה מרכז שיתופי לש,,,"י""ח",250,ל גרם,false,1,15.30,6.12,true,1,
7290004124205,false,יופלה דיאט יוגורט תות %0 גביע 150 גרם,תנובה מרכז שיתופי לש,,,"י""ח",150,"ל מ""ל",false,1,5,3.33,false,1,
7290004125370,false,"שמנת חמוצה 9% מופחתת שומן תנובה 200 מ""ל מהדרין",תנובה מרכז שיתופי לש,,,"י""ח",200,"ל מ""ל",false,1,3.90,1.95,false,1,
7290004125400,false,"אשל שלי מהדרין 200 מ""ל 4.5% ""תנובה""- מוצר בפיקוח",פארייפאבה אגרואינדוס,,,"י""ח",200,"ל מ""ל",false,1,1.44,0.72,false,1,
7290004125417,false,"גיל 3% שלי 200 מ""ל ""תנובה"" -מוצר בפיקוח",תנובה מרכז שיתופי לש,,,"י""ח",200,ל גרם,false,1,1.29,0.65,false,1,
7290004125455,false,"שמנת חמוצה 200 מ""ל 15% ""תנובה"" -מוצר בפיקוח",תנובה מרכז שיתופי לש,,,"י""ח",200,"ל מ""ל",false,1,2.05,1.03,false,1,
7290004125462,false,"שמנת חמוצה 15% תנובה 500 מ""ל מהדרין",תנובה מרכז שיתופי לש,,,"י""ח",500,"ל מ""ל",false,1,5.12,1.02,false,1,
7290004125509,false,"שמנת חמוצה 15% מועשרת תנובה 100 מ""ל",תנובה מרכז שיתופי לש,,,"י""ח",100,"ל מ""ל",false,1,1.80,1.80,false,1,
7290004125578,false,משקה סויה מועשר בסידן 1 ל`תנובה,תנובה מרכז שיתופי לש,,,"י""ח",1,ליטר,false,1,11.90,11.90,true,1,
7290004125585,false,משקה סויה בטעם וניל תנובה 1 ליטר,תנובה מרכז שיתופי לש,,,"י""ח",1,ליטר,false,1,11.90,11.90,true,1,
7290004125721,false,"השף הלבן שמנת עמידה לבישול 15% תנובה 250 מ""ל",תנובה מרכז שיתופי לש,,,"י""ח",250,"ל מ""ל",false,1,8.90,3.56,false,1,
7290004125738,false,שמנת מתוקה להקצפה32% 250מל עמיד השף הלבן,תנובה מרכז שיתופי לש,,,"י""ח",250,"ל מ""ל",false,1,6.80,2.72,false,1,
7290004125776,false,גבינה צהובה קלאסית 28% עמק (400 גרם),"תנובה בע""מ ***",,,"י""ח",400,ל גרם,false,1,23.90,5.98,true,1,
7290004126674,false,טל העמק פרוסות גבינה חצי קשה לייט %9 200 גרם בקופסא,תנובה מרכז שיתופי לש,,,"י""ח",200,ל גרם,false,1,19.70,9.85,false,1,
7290004126759,false,דאיט יופלה פירות יער טו יוג פרי 150גר.,"תנובה בע""מ ***",,,"י""ח",150,"ל מ""ל",false,1,5,3.33,false,1,
7290004127329,false,קוטג תנובה גביע 250 גרם %5 ו.מהדרין,מיוצר עי קונדיטוריית,,,"י""ח",275,ל גרם,false,1,5.90,2.15,false,1,
7290004127336,false,קוטג תנובה גביע 250 גרם %9 ו.מהדרין,מיוצר עי קונדיטוריית,,,"י""ח",250,ל גרם,false,1,5.90,2.36,false,1,
7290004127800,false,"גבינה לבנה 500 גרם 5% ""תנובה"" -מוצר בפיקוח",מיוצר עי קונדיטוריית,,,"י""ח",500,ל גרם,false,1,8.52,1.70,false,1,
7290004127862,false,"גבינה לבנה 750 גרם 5% ""תנובה"" - מוצר בפיקוח",תנובה מרכז שיתופי לש,,,"י""ח",750,ל גרם,false,1,12.78,1.70,true,1,
7290004129101,false,גבינת שמנת 25% בטעם טבעי 225 ג' נפוליאון,תנובה מרכז שיתופי לש,,,"י""ח",225,ל גרם,false,1,14.10,6.27,false,1,
7290004129156,false,גבינת שמנת25% עם שום שמיר 225 ג' נפוליאון,תנובה מרכז שיתופי לש,,,"י""ח",225,ל גרם,false,1,14.10,6.27,false,1,
7290004130794,false,משקה סויה במתיקות מופחתת תנובה (1 ליטר),תנובה מרכז שיתופי לש,,,"י""ח",1,ליטר,false,1,11.90,11.90,true,1,
7290004130916,false,יוגורט יופלה פירות יער בשמנת 3% 150 גרם,תנובה מרכז שיתופי לש,,,"י""ח",150,"ל מ""ל",false,1,5.40,3.60,false,1,
7290004131074,false,"חלב 1 ליטר 3% קרטון ""תנובה""- מוצר בפיקוח",תנובה מרכז שיתופי לש,,,"י""ח",1,ליטר,false,1,5.32,5.32,false,1,
7290004131814,false,גבינת צפתית מעודנת (2005% גרם)פיראוס ת,פארייפאבה אגרואינדוס,,,"י""ח",200,ל גרם,false,1,15.40,7.70,false,1,
7290004132552,false,משקה סויה בטעם טבעי לייט תנובה 1 ליטר,תנובה מרכז שיתופי לש,,,"י""ח",1,ליטר,false,1,11.90,11.90,true,1,
7290004134945,false,יוגורט ביו 3% בטעם מוקה יופלה (150 גרם),תנובה מרכז שיתופי לש,,,"י""ח",150,"ל מ""ל",false,1,5.40,3.60,false,1,
7290004135614,false,גבינה בולגרית מעודנת 5% פיראוס 250 גרם,"תנובה בע""מ ***",,,"י""ח",250,ל גרם,false,1,23.90,9.56,false,1,
7290004136857,false,מעדן ג`לי בטעם פטל תנובה (125 גרם),תנובה מרכז שיתופי לש,,,"י""ח",125,"ל מ""ל",false,1,2.60,2.08,false,1,
7290004136871,false,מעדן ג'לי בטעם אפרסק עם חתיכות תנובה 125 גרם,תנובה מרכז שיתופי לש,,,"י""ח",125,"ל מ""ל",false,1,2.90,2.32,false,1,
7290004137021,false,"שמנת עמידה לבישול מופחת שומן 10% השף הלבן 250 מ""ל",תנובה מרכז שיתופי לש,,,"י""ח",250,"ל מ""ל",false,1,8.90,3.56,false,1,
7290004137311,false,גבינה צהובה מופחתת שומן 9% עמק (400 גרם),"תנובה בע""מ ***",,,"י""ח",400,ל גרם,false,1,31.90,7.98,true,1,
7290004137809,false,לאבנה אסלית 5% גביע (250 גרם)פיראוס תנו,"תנובה, מחלבת אלון תב",,,"י""ח",250,ל גרם,false,1,13.40,5.36,false,1,
7290004146993,false,נקה 7 מרכך שיער צבוע ומובהר 750 מל,החברה הדרומית לשיווק בעמ,,,"י""ח",750,"ל מ""ל",false,1,12.90,1.72,false,1,
7290004199074,false,סאני פלסטר אינטרסן 5,אינטרסן (1996) בעמ,,,"י""ח",1,,false,1,5,5,false,1,
7290004199579,false,פלסטר מעורב 100 יח' - SUNNY PLASTER,הדקלאים אגודת שיתופי,,,"י""ח",100,"י""ח",false,1,8.50,0.09,true,1,
7290004199777,false,צימרוני אוזניים פלסטיק בכוס 300 יחידות אינטרסאן,אינטרסן (1996) בעמ,,,"י""ח",1,,false,1,5,5,true,1,
7290004199791,false,כפפות M לטקס עם איבוק עדין 100 יח- SAFE TOUCH,אינטרסן (1996) בעמ,,,"י""ח",1,,false,1,19.60,19.60,true,1,
7290004494148,false,"דלתון גליל מרלו 750 מ""ל",הכרם - משקאות חריפים בעמ,,,"י""ח",750,"ל מ""ל",false,1,42.70,5.65,false,1,
7290004584351,false,גבינה לבנה סימפוניה עם תוספות 200 ג' חמישית 200,שטראוס גרופ בעמ/מצונן,,,"י""ח",200,ל גרם,false,1,9.30,4.65,true,1,
7290004584528,false,יוגורט דנונה ביו לבן 1.7% שומן 200 גרם,שטראוס גרופ בעמ/מצונן,,,"י""ח",200,"ל מ""ל",false,1,3,1.50,true,1,
7290004585907,false,דני ועדן וניל 1.5% 125ג' שטראוס,שטראוס גרופ בעמ/מצונן,,,"י""ח",130,"ל מ""ל",false,1,2.20,1.69,true,1,
7290004685430,false,100% לחם כומסין 500 גר לחם הארץ,מאפית י את א ברמן בע,,,"י""ח",1,,false,1,13.60,13.60,false,1,
7290004737719,false,אספרגוס שלם מקולף בצנצנת ויליפוד 330 גרם,ג.וילי-פוד אינטרנשיונל בעמ,,,"י""ח",330,ל גרם,false,1,11.40,3.45,false,1,
7290004872069,false,קרחון לימון נסטלה 80 גרם,נגה גלידות שותפות מוגבלת,,,"י""ח",1,,false,1,2.10,2.10,true,1,
7290004872250,false,שלגון שרבט אבטיח נסטלה 108 גרם,נגה גלידות שותפות מוגבלת,,,"י""ח",1,,false,1,4.20,4.20,false,1,
7290004872359,false,"קרחון דובדבן עם סוכריות כשל""פ",נגה גלידות שותפות מוגבלת,,,"י""ח",1,,false,1,2.10,2.10,true,1,
7290004982355,false,גבינת צדר טריפל במשק,א. סיימן סחר בעמ,,,"ק""ג",1,,true,1,110.30,110.30,true,1,
7290005008184,false,"סבון נוזלי בניחוח חלב שקדים פלמוליב 500 מ""ל",הנסיך- מפעל לייצור ט,,,"י""ח",500,"ל מ""ל",false,1,13.60,2.72,true,1,
7290005068058,false,תירס קל מופחת קלוריות 550 ג' פרי הגליל,ויטה- פרי גליל (החדשה) בעמ,,,"י""ח",550,ל גרם,false,1,6.80,1.24,false,1,
7290005084355,false,סנסודין משחת שיניים דואל קר פלואוריד 75,גלקסו סמית קליין,,,"י""ח",75,ל גרם,false,1,22.90,30.53,true,1,
7290005095368,false,סט קופסאות אחסון 3 י,לפ ציון תורג`מן PL בע``מ,,,"י""ח",1,,false,1,8.50,8.50,false,1,
7290005174513,false,חציל על האש במיונז אחלה 400 גרם+225גר,שטראוס גרופ בעמ/מצונן,,,"י""ח",500,ל גרם,false,1,12.70,2.54,true,1,
7290005174551,false,סלט חומוס עם צנוברים 125 ג' אחלה,שטראוס גרופ בעמ/מצונן,,,"י""ח",125,ל גרם,false,1,4,3.20,true,1,
7290005174575,false,טחינה אחלה יום יום משובחת 125ג',שטראוס גרופ בעמ/מצונן,,,"י""ח",125,ל גרם,false,1,4,3.20,true,1,
7290005197758,false,"עוגיות חיוכים שוקולד עלית 150 גרם בד""צ",אפיפית נצרת תעשיות ב,,,"י""ח",150,ל גרם,false,1,4.80,3.20,true,1,
7290005200786,false,תפוצ'יפס בטעם שמנת בצל עלית 50 גרם,"שטראוס פריטו ליי בע""\מ )",,,"י""ח",50,ל גרם,false,1,3.90,7.80,true,1,
7290005201455,false,קפה נמס מגורען ארומה קלאסי עלית 200 גרם,שטראוס גרופ בע`מ,,,"י""ח",200,ל גרם,false,1,18.70,9.35,true,1,
7290005287206,false,רביעיית טונה בשמן סטארקיסט 160 גרם,דיפלומט מפיצים (1968) בעמ**,,,"י""ח",640,ל גרם,false,1,23,3.59,true,1,
7290005287213,false,"רביעיית טונה בשמן סטארקיסט 160 גרם בד""צ",דיפלומט מפיצים (1968) בעמ**,,,"י""ח",640,ל גרם,false,1,23,3.59,true,1,
7290005287251,false,רביעיית טונה במים סטארקיסט 160 גרם,דיפלומט מפיצים (1968) בעמ**,,,"י""ח",640,ל גרם,false,1,23,3.59,true,1,
7290005287657,false,"סטארקיסט ממרח טונה 160 גרם בד""צ",דיפלומט מפיצים (1968) בעמ**,,,"י""ח",160,ל גרם,false,1,6.40,4,true,1,
7290005317200,false,קרקר טופז טעמים שונים 110 גר,ח.כהן סוכנות מזון ומשקאות בע,,,"י""ח",110,ל גרם,false,1,2.50,2.27,true,1,
7290005423567,false,מטליות ניקוי רב שימושיות בגליל סנו סושי 40 יחידות,החברה הדרומית לשיווק בעמ,,,"י""ח",1,,false,1,19.90,19.90,false,1,
7290005423635,false,ריצפז נוזל רצפות דוחה תיקנים סנו 2 ליטר,החברה הדרומית לשיווק בעמ,,,"י""ח",2,ליטר,false,1,22.90,11.45,false,1,
7290005423734,false,מרכך כביסה מרוכז אולטרא פרש סנו מקסימה 4 ליטר,החברה הדרומית לשיווק בעמ,,,"י""ח",4,ליטר,false,1,18.70,4.68,false,1,
7290005424847,false,"מפיות נייר 30*30 ס""מ סנו סושי 150 יחידות",החברה הדרומית לשיווק בעמ,,,"י""ח",150,"י""ח",false,1,6.80,0.05,false,1,
7290005425202,false,אבקת כביסה ביו מקסימה לכתמים קשים,החברה הדרומית לשיווק בעמ,,,"י""ח",2.50,"ק""ג",false,1,26.90,10.76,false,1,
7290005425646,false,קליר נוזל לניקוי חלונות רב תכליתי סנו 1 ליטר,החברה הדרומית לשיווק בעמ,,,"י""ח",1,ליטר,false,1,11.90,11.90,false,1,
7290005426230,false,מטלית הפלא לרצפה מיקרופייבר סנו 1יח',החברה הדרומית לשיווק בעמ,,,"י""ח",1,,false,1,11,11,false,1,
7290005426964,false,סנובון סבון לאסלה בניחוח אפרסק סנו 3 יחידות,החברה הדרומית לשיווק בעמ,,,"י""ח",165,ל גרם,false,1,17.90,10.85,true,1,
7290005426971,false,סנובון סבון לאסלה תפוח כחול סנו 3 יחידות,החברה הדרומית לשיווק בעמ,,,"י""ח",165,ל גרם,false,1,17.90,10.85,true,1,
7290005427107,false,סנו - סושי מגבות נייר הפלא 6 יחידות,החברה הדרומית לשיווק בעמ,,,"י""ח",570,ל גרם,false,1,11.90,2.09,false,1,
7290005428845,false,מפיות סנו סופט 33*33 100 יחידות,החב הדרומית לשיווק,,,"י""ח",100,"י""ח",false,1,7.90,0.08,false,1,
7290005429286,false,"אבקת כביסה ביו סנו מקסימה 6 ק""ג",החברה הדרומית לשיווק בעמ,,,"י""ח",6,"ק""ג",false,1,49.90,8.32,true,1,
7290005430602,false,"סנו אוקסיג'ן ספריי להסרת כתמים עם חמצן פעיל 750 מ""ל",החברה הדרומית לשיווק בעמ,,,"י""ח",750,"ל מ""ל",false,1,18.90,2.52,false,1,
7290005500916,false,"קרם ידיים מטפח 100 מ""ל פנינה רוזנבלום",פנינה רוזנבלום בעמ,,,"י""ח",100,"ל מ""ל",false,1,8.40,8.40,false,1,
7290005509445,false,עוגיות מיני קוקיס חמאה בצנצנת כרמית 600 גרם,כרמית תעשיות ממתקים בעמ,,,"י""ח",600,"ס""מ",false,1,14.40,2.40,false,1,
7290005559709,false,בורקס פיצה מעדנות 700 גרם,מיוצר עי קונדיטוריית,,,"י""ח",700,ל גרם,false,1,28.90,4.13,false,1,
7290005591761,false,דבש טהור מפרחי בר בלחיץ 400 ג' יד מרדכי,מכוורת יד מרדכי שטרא,,,"י""ח",400,ל גרם,false,1,24.90,6.23,true,1,
7290005733703,false,משחק הרכבה,צעצועי דורון ~~~,,,"י""ח",1,,false,1,17,17,false,1,
7290005734014,false,בובה+ אביזרים,צעצועי דורון ~~~,,,"י""ח",1,,false,1,25.40,25.40,false,1,
7290005734663,false,מגוון סטים של כלים לחוף,צעצועי דורון ~~~,,,"י""ח",1,,false,1,16.90,16.90,false,1,
7290005803628,false,קרחון מלון - צבע מאכל טבעי,נגה גלידות שותפות מוגבלת,,,"י""ח",1,,false,1,3.30,3.30,true,1,
7290005838002,false,מעדן גבינה ויוגורט בטעם וניל 88 ג' דניאלה,שטראוס גרופ בעמ/מצונן,,,"י""ח",150,"ל מ""ל",false,1,3.30,2.20,true,1,
7290005838613,false,קרם גבינה 3% בטעם וניל סקי (125 גרם),שטראוס גרופ בעמ/מצונן,,,"י""ח",125,ל גרם,false,1,3.30,2.64,true,1,
7290005839078,false,שמיניית יוגורט לבן 3% ביו דנונה 150 גרם,שטראוס גרופ בעמ/מצונן,,,"י""ח",1.20,ליטר,false,1,13.60,11.33,true,1,
7290005839108,false,גבינה לבנה סימפוניה עם תוספות 200 ג'+זיתים 5%,שטראוס גרופ בעמ/מצונן,,,"י""ח",200,ל גרם,false,1,9.30,4.65,true,1,
7290005839313,false,מילקי Top עם שוקולדה מגולגלת 140 גרם,שטראוס גרופ בעמ/מצונן,,,"י""ח",130,"ל מ""ל",false,1,3.90,3,true,1,
7290005896415,false,"בירה איגל לאגר פרימיום 5% 500 מ""ל פחית",טמפו משקאות בעמ,,,"י""ח",500,"ל מ""ל",false,1,6.10,1.16,false,1,
7290005938245,false,ממרח פסטו קלאסי פרסקו 220ג' מצונן,מיוצר עי פרסקו חצבה,,,"י""ח",220,ל גרם,false,1,13.60,6.18,false,1,
7290005992575,false,גבינה בולגרית למריחה 5% גד (250 גרם),מחלבות גד שיווק 1992 בעמ,,,"י""ח",250,ל גרם,false,1,14.90,5.96,false,1,
7290005992735,false,לאבנה טבעית 5% 250 גר' - רבנות,מחלבות גד שיווק 1992 בעמ,,,"י""ח",250,ל גרם,false,1,13.30,5.32,false,1,
7290006229427,false,סן בנדטו - מים מינרלים - מארז שישיית 500 מל,טמפו משקאות בע`מ,,,"י""ח",3,ליטר,false,1,11.90,3.97,false,1,
7290006241191,false,אגוזי מלך טבעיים קליית גת (150 גרם),הדקלאים אגודת שיתופי,,,"י""ח",150,ל גרם,false,1,15.20,10.13,true,1,
7290006251107,false,תה מסאלה צ'אי ויסוצקי 25 יחידות,תה ויסוצקי (ישראל) בעמ,,,"י""ח",50,ל גרם,false,1,15.30,30.60,false,1,
7290006251275,false,תה ירוק סיני קלאסי ויסוצקי 25 יחידות,תה ויסוצקי (ישראל) בעמ,,,"י""ח",37.50,ל גרם,false,1,21.30,56.80,true,1,
7290006251374,false,תה ירוק לימונית וג'ינג'ר ויסוצקי 25 יחידות,תה ויסוצקי (ישראל) בעמ,,,"י""ח",25,ל גרם,false,1,21.30,85.20,true,1,
7290006256089,false,"יין אדום קברנה סוביניון גאטו נגרו 750 מ""ל",היכל היין שקד גולן בעמ,,,"י""ח",750,"ל מ""ל",false,1,34.20,4.52,true,1,
7290006256102,false,"יין אדום מרלו גאטו נגרו 750 מ""ל",היכל היין שקד גולן בעמ,,,"י""ח",750,"ל מ""ל",false,1,34.20,4.52,true,1,
7290006256775,false,"יין גאטו נגרו מלבק 750 מ""ל",היכל היין שקד גולן בעמ,,,"י""ח",750,"ל מ""ל",false,1,34.20,4.52,true,1,
7290006265500,false,פטריות שמפיניון ארוז מרינה,קונס`-מרינה פטריות הגליל בעמ*ש,,,"י""ח",1,,false,1,10.90,10.90,true,1,
7290006272430,false,בצק עלים חמאה חלבי מעדנות (600 גרם),מיוצר עי קונדיטוריית,,,"י""ח",600,ל גרם,false,1,23.90,3.98,false,1,
7290006374738,false,קונפיטורה תות יד מרדכי בטעם תות,אף.סי תבליני בגליל ב,,,"י""ח",340,ל גרם,false,1,11.60,3.41,true,1,
7290006492432,false,גבינה מוצרלה בייבי 18% גד (150 גרם),מחלבות גד שיווק 1992 בעמ,,,"י""ח",1,,false,1,16.50,16.50,false,1,
7290006492630,false,גבינת פרומעז עיזים 22% גד 180 גרם,מחלבות גד שיווק 1992 בעמ,,,"י""ח",1,,false,1,18.70,18.70,false,1,
7290006492852,false,גבינת עיזים למריחה 5% 250 גרם רובין,מחלבות גד שיווק 1992 בעמ,,,"י""ח",1,,false,1,19.70,19.70,false,1,
7290006494924,false,טוסו וופל קלאסי במילוי קרם לימון 200 גרם,"דנשר (1963) בע,מ",,,"י""ח",180,ל גרם,false,1,8.90,4.94,false,1,
7290006511157,false,פטריות שמפניון שלמות וילי פוד (400 גרם),ג.וילי-פוד אינטרנשיונל בעמ,,,"י""ח",400,ל גרם,false,1,6.80,1.70,true,1,
7290006511683,false,מאנצו-פולי סויה בתרמילים 454 גרם מהד,ג.וילי-פוד אינטרנשיונל **גבינו,,,"י""ח",454,ל גרם,false,1,8.50,1.87,false,1,
7290006546302,false,"צ'יפס קיטרינג פרי גליל 1.5 ק""ג",ויטה- פרי גליל (החדשה) בעמ,,,"י""ח",1.50,"ק""ג",false,1,18.70,12.47,true,1,
7290006546319,false,"סטייק צ'יפס פרי הגליל 1.5 ק""ג",ויטה- פרי גליל (החדשה) בעמ,,,"י""ח",700,ל גרם,false,1,18.70,2.67,true,1,
7290006546524,false,צי'פס מובחר קפוא פרי גליל 800 ג',נטו מלינדה סחר בעמ,,,"י""ח",800,ל גרם,false,1,12.70,1.59,false,1,
7290006618078,false,"מרסס לניקוי יסודי מטבח אסטוניש 750 מ""ל","יעקב יעקבי ובניו בע""מ",,,"י""ח",750,"ל מ""ל",false,1,10.20,1.36,true,1,
7290006618146,false,"מדליק פחמים נוזלי הפי יעקבי 500 מ""ל","יעקב יעקבי ובניו בע""מ",,,"י""ח",1,,false,1,15.90,15.90,false,1,
7290006618610,false,הפי ספוגיות לניקוי כלים חלביים ובשריים יעקבי 6 יחידות,יעקב יעקבי ובניו בעמ,,,"י""ח",1,,false,1,7,7,false,1,
7290006644527,false,תפוזינה תות בננה 0.5 ליטר,יפאורה שותפות מוגבלת לשיווק,,,"י""ח",500,"ל מ""ל",false,1,5.10,0.96,true,1,
7290006652027,false,במבה חטיף בוטנים אסם 20*15 גרם,קבוצת אוסם סחר שותפות מוגבלת,,,"י""ח",300,ל גרם,false,1,25.90,8.63,true,1,
7290006653819,false,קוסקוס אמיתי דק בשקית 350 גרם,קבוצת אוסם סחר שותפות מוגבלת,,,"י""ח",350,ל גרם,false,1,9.20,2.63,false,1,
7290006664402,false,גבינה לבנה סקי 5% שומן 750 גרם,שטראוס גרופ בעמ/מצונן,,,"י""ח",750,ל גרם,false,1,11.60,1.55,true,1,
7290006664532,false,יוגורט עם תות 3% שומן 150 ג' דנונה,שטראוס גרופ בעמ/מצונן,,,"י""ח",150,"ל מ""ל",false,1,3,2,true,1,
7290006664655,false,דנונה Actimel יוגורט טבעי 8*100 מ``ל,שטראוס גרופ בעמ/מצונן,,,"י""ח",800,"ל מ""ל",false,1,17,2.13,true,1,
7290006664693,false,יוגורט עם אפרסק 3% שומן 150 ג' דנונה,שטראוס גרופ בעמ/מצונן,,,"י""ח",150,"ל מ""ל",false,1,3,2,true,1,
7290006664990,false,"יוגורט דנונה ביו לבן 1.7% שומן 8*150 מ""ל",שטראוס גרופ בעמ/מצונן,,,"י""ח",1.20,ליטר,false,1,13.60,11.33,true,1,
7290006681553,false,קרמבו בטעם וניל שטראוס 8 יחידות,"גלידות שטראוס בע""מ",,,"י""ח",8,"י""ח",false,1,13.60,1.70,true,1,
7290006681560,false,קרמבו בטעם מוקה שטראוס 8 יחידות,"גלידות שטראוס בע""מ",,,"י""ח",8,"י""ח",false,1,13.60,1.70,true,1,
7290006739414,false,נקניק סלמי קוניאק זוגלובק 300 גרם,נקניק נהריה כשר זוגל,,,"י""ח",3.50,"י""ח",false,1,23,6.57,false,1,
7290006741387,false,מלווח תימני זוגלובק בד`צ 700 גרם קפוא,נקניק נהריה כשר זוגל,,,"י""ח",700,ל גרם,false,1,14.40,2.06,true,1,
7290006764096,false,"בירה איגל 3.8% בקבוק 500 מ""ל חוזר","טמפו משקאות בע""\מ",,,"י""ח",500,"ל מ""ל",false,1,4.30,0.66,true,1,
7290006775016,false,עוגת תפוז אחוה (450 גרם)אחוה,אחדות ביתחרושת לטחינה חלבה,,,"י""ח",450,ל גרם,false,1,8.50,1.89,false,1,
7290006775054,false,עוגת שיש אחוה (450 גרם)אחוה,אחדות ביתחרושת לטחינה חלבה,,,"י""ח",450,ל גרם,false,1,8.50,1.89,false,1,
7290006775191,false,מאפין ממולא בטעם שוקולד 50 גרם אחוה,אחדות ביתחרושת לטחינה חלבה,,,"י""ח",400,ל גרם,false,1,1.30,0.33,true,1,
7290006785633,false,שקית 10 בלונים מיטלי,שמחה זה אנחנו בע`מ,,,"י""ח",1,,false,1,4.20,4.20,false,1,
7290006804877,false,מארז 10 יח מיני פיתות פילסברי,ג נרל מילס ישראל בעמ,,,"י""ח",1,,false,1,9.30,9.30,false,1,
7290006806963,false,חלה מתוקה קלועה אפויה(אפיה מקומית),ג נרל מילס ישראל בעמ ~~~,,,"י""ח",570,ל גרם,false,1,9.30,1.63,true,1,
7290006866363,false,מיץ סחוט אשכוליות אדומות פרימור 1 ליטר,שטראוס גרופ בעמ/מצונן,,,"י""ח",1,ליטר,false,1,13.60,13.60,true,1,
7290006983176,false,קרקר לחמית שיפון אסם (230 גרם),קבוצת אוסם סחר שותפות מוגבלת,,,"י""ח",230,ל גרם,false,1,7.60,3.30,true,1,
7290006983763,false,עוגת הבית בטעם שוקולד אסם (400 גרם),קבוצת אוסם סחר שותפות מוגבלת,,,"י""ח",400,ל גרם,false,1,13.40,3.35,false,1,
7290006983787,false,עוגת הבית שוקולד צ'יפס אסם 400 גרם,קבוצת אוסם סחר שותפות מוגבלת,,,"י""ח",400,ל גרם,false,1,13.40,3.35,false,1,
7290006983794,false,עוגת הבית בטעם תפוז אסם 400 גרם,קבוצת אוסם סחר שותפות מוגבלת,,,"י""ח",400,ל גרם,false,1,13.40,3.35,false,1,
7290006992185,false,"מטרנה - דייסת אורז פרוביוטי כשל""פ 200 גרם",קבוצת אוסם סחר שותפות מוגבלת,,,"י""ח",200,ל גרם,false,1,13.90,6.95,false,1,
7290006992208,false,מטרנה - דייסת דגנים מעורבים 200 גרם,קבוצת אוסם סחר שותפות מוגבלת,,,"י""ח",200,ל גרם,false,1,13.90,6.95,false,1,
7290008023542,false,שמפו לרצפות בניחוח יסמין סיף פנטסטיק 4 ליטר,יוניליוור ישראל שיווק בע`מ,,,"י""ח",4,ליטר,false,1,14.40,3.60,false,1,
7290008116534,false,ליסטרין שטיפת פה קול מינט 250 מל,ג'\ונסון אנד ג'\ונסון,,,"י""ח",250,"ל מ""ל",false,1,14.40,5.76,true,1,
7290008116541,false,שטיפת פה ליסטרין מנטה קריר 500 מ`ל,ג'\ונסון אנד ג'\ונסון,,,"י""ח",500,"ל מ""ל",false,1,15.30,3.06,true,1,
7290008116565,false,שטיפת פה ליסטרין מנטה מרענן 500 מ`ל,ג'\ונסון אנד ג'\ונסון,,,"י""ח",500,"ל מ""ל",false,1,36.40,7.28,true,1,
7290008175173,false,חמאה מפינלנד ללא מלח 200 גרם ויליפוד,ג.וילי-פוד אינטרנשיונל **גבינו,,,"י""ח",200,ל גרם,false,1,9.30,4.65,false,1,
7290008175210,false,גבינת פרמזן מגורדת 90ג' ויליפוד,ג.וילי-פוד אינטרנשיונל **גבינו,,,"י""ח",90,ל גרם,false,1,12.70,14.11,false,1,
7290008190633,false,לקקן כרמית בטעם תות,כרמית תעשיות ממתקים בעמ,,,"י""ח",110,ל גרם,false,1,29.80,27.09,false,1,
7290008335560,false,סיגרים עם בשר שלשת האופים,האי נאם סי או אל.טי.,,,"י""ח",600,ל גרם,false,1,11.90,1.98,false,1,
7290008335577,false,"פסטלים במילוי תפו""א 600ג",האי נאם סי או אל.טי.,,,"י""ח",600,ל גרם,false,1,11.90,1.98,false,1,
7290008343602,false,"קובה בשר 1 ק""ג שלושת האופים",נטו מלינדה סחר בעמ,,,"י""ח",1,"ק""ג",false,1,18.70,18.70,false,1,
7290008343626,false,"כדורי פלאפל 1 ק""ג שלושת האופים",נטו מלינדה סחר בע`מ,,,"י""ח",1,"ק""ג",false,1,18.70,18.70,false,1,
7290008344258,false,המבורגר מיזרחי 400 גר`טיבונוויל,"טיבון ויל אחזקות בע""\מ",,,"י""ח",400,ל גרם,false,1,19.40,4.85,true,1,
7290008344272,false,המבורגר 100% טיבון ויל 400 גרם,טיבון ויל אחזקות בעמ,,,"י""ח",400,ל גרם,false,1,20.90,5.23,true,1,
7290008345576,false,סלט איקרה ביתית לבנה 300 גרם דלידג,נטו מלינדה סחר בע`מ,,,"י""ח",300,ל גרם,false,1,18.70,6.23,false,1,
7290008409124,false,מאמא עוף קפוא שניצל ג'ונגל פריך 700 גרם,תנובה מרכז שיתופי לשיווק תוצרת,,,"י""ח",700,ל גרם,false,1,39.40,5.63,false,1,
7290008461221,false,סרדינים רוברט בשמן חמניות 115 גרם,א. סיימן סחר בעמ,,,"י""ח",115,ל גרם,false,1,6.80,5.91,true,1,
7290008461238,false,סרדינים בשמן חמניות ופלפל חריף רוברט 84 גרם,א. סיימן סחר בעמ,,,"י""ח",115,ל גרם,false,1,6.80,5.91,true,1,
7290008462204,false,חרדל דיז'ון מקורי נטו מאי 380 גרם,א. סיימן סחר בעמ,,,"י""ח",380,ל גרם,false,1,16.90,4.45,true,1,
7290008462259,false,חרדל דיז'ון גרגירים מיילי 380 גרם,א. סיימן סחר בעמ,,,"י""ח",380,ל גרם,false,1,16.20,4.26,true,1,
7290008464109,false,"בירה גולדסטאר Unfiltered, בירה לא מסוננת, בקבוק 330 מ""ל","טמפו משקאות בע""מ",,,"י""ח",600,"ל מ""ל",false,1,7.90,1.27,false,1,
7290008464345,false,"בירה גולדסטאר, בקבוק 330 מ''ל",פארייפאבה אגרואינדוס,,,"י""ח",330,"ל מ""ל",false,1,6.45,1.86,false,1,
7290008464369,false,"פפסי קולה בפחית 330 מ""ל","טמפו משקאות בע""\מ",,,"י""ח",330,"ל מ""ל",false,1,3.40,0.94,true,1,
7290008464468,false,בירה בפחית גולדסטאר (500 מל),פארייפאבה אגרואינדוס,,,"י""ח",500,"ל מ""ל",false,1,7,1.34,false,1,
7290008464505,false,סאן בנדטו מים מינרלים להחזרה 0.5 ל`,אקווה מינרלה סאן בנדטו ב,,,"י""ח",500,"ל מ""ל",false,1,2.80,0.50,false,1,
7290008464604,false,"בירה הייניקן פחית 500 מ""ל",טמפו משקאות בע''מ,,,"י""ח",500,"ל מ""ל",false,1,8.50,1.64,false,1,
7290008466660,false,מארז רוגלך מחנה יהודה 500 גר`,הלל בן הלל שיווק ומסחר בעמ,,,"י""ח",500,ל גרם,false,1,15.30,3.06,true,1,
7290008466813,false,מארז עוגיות קינמון 500ג מחנה יהודה,הלל בן הלל שיווק ומסחר בעמ,,,"י""ח",500,ל גרם,false,1,15.30,3.06,true,1,
7290008470766,false,מסטיק אורביט פפרמינט מארז שמינייה,מרס ריגלי ישראל בעמ,,,"י""ח",8,"י""ח",false,1,12.70,1.59,false,1,
7290008493413,false,פירורי לחם מאיר בייגל פירורי גריסיני 200 גרם,"דנשר (1963) בע,מ",,,"י""ח",200,ל גרם,false,1,5.90,2.95,false,1,
7290008634045,false,"פלסטר שקוף 30 יחידות ""SUNNY PLASTER""",אינטרסן (1996) בעמ,,,"י""ח",30,"י""ח",false,1,5,0.17,true,1,
7290008634533,false,"ספוג+סקוטש עשיריה ""UNISUN""",אינטרסן (1996) בעמ,,,"י""ח",1,,false,1,3.80,3.80,false,1,
7290008644112,false,אחלה יום יום סלט מטבוחה יום יום 125 גרם,שטראוס גרופ בעמ/מצונן,,,"י""ח",125,ל גרם,false,1,4,3.20,true,1,
7290008690713,false,נקטר חמוציות אושן ספריי פריגת (1 ליטר),החברה המרכזית להפצת משקאות בעמ,,,"י""ח",1,ליטר,false,1,9.90,9.90,false,1,
7290008693134,false,מעדן גבינה ויוגורט בטעם תות 5% שומן 88 ג' דניאלה,שטראוס גרופ בעמ/מצונן,,,"י""ח",150,"ל מ""ל",false,1,3.30,2.20,true,1,
7290008713900,false,לחם שיפון עגול פרוס אחדות (750 גרם),מאפיית אנג'\ל אורנים מאפ,,,"י""ח",750,ל גרם,false,1,11,1.47,false,1,
7290008745239,false,תפוצ'יפס קראנצ' בטעם טבעי עלית 50 גרם,"שטראוס פריטו ליי בע""\מ )",,,"י""ח",55,ל גרם,false,1,3.90,7.09,true,1,
7290008752244,false,תפוצ'יפס קראנץ' בטעם גריל עלית 50 גרם,"שטראוס פריטו ליי בע""\מ )",,,"י""ח",50,ל גרם,false,1,3.90,7.80,true,1,
7290008753111,false,תפוצ'יפס קראנץ' בטעם מקסיקני עלית 50 גרם,"שטראוס פריטו ליי בע""\מ )",,,"י""ח",50,ל גרם,false,1,3.90,7.80,true,1,
7290008757980,false,קרטונית ספרינג נקטר רימונים 1 ליטר,יפאורה שותפות מוגבלת לשיווק,,,"י""ח",1,ליטר,false,1,5.90,5.90,true,1,
7290008775816,false,ערגליות עוגיות במילוי שוקולד אסם 300 גרם,קבוצת אוסם סחר שותפות מוגבלת,,,"י""ח",300,ל גרם,false,1,9.30,3.10,true,1,
7290008801119,false,סלקטד סוביניון בלאן יקבי כרמל (750 מל),אגודת הכורמים הקואופרטיב,,,"י""ח",750,"ל מ""ל",false,1,25.60,3.37,true,1,
7290008846219,false,"שמן זית כתית מעולה חלוצה 750 מ""ל",האי נאם סי או אל.טי.,,,"י""ח",750,"ל מ""ל",false,1,34.10,4.55,false,1,
7290008849470,false,ממרח פלפל צ'ומה אוליביה 185 גרם,תה ויסוצקי (ישראל)בעמ,,,"י""ח",185,ל גרם,false,1,11.90,6.43,true,1,
7290008909761,false,"קרלסברג בקבוק יחיד 330מ""ל",החברה המרכזית להפצת משקאות בעמ,,,"י""ח",330,"ל מ""ל",false,1,7.10,2.06,true,1,
7290008909778,false,"קרלסברג שישייה 330מ""ל",החברה המרכזית להפצת משקאות בעמ,,,"י""ח",1.98,ליטר,false,1,36.50,17.68,true,1,
7290008909853,false,"קוקה קולה זירו בקבוק 500 מ""ל.",החברה המרכזית להפצת משקאות בעמ,,,"י""ח",500,"ל מ""ל",false,1,5.30,1,true,1,
7290008945202,false,שקיות אשפה לפח ענק 90x75 גלילונית) (50,"קילט ניהול פרוייקטים בע""מ",,,"י""ח",1,,false,1,11,11,false,1,
7290009156430,false,מארז 10יח לחם פיתה עבודת יד,דר פיתה בעמ,,,"י""ח",1,,false,1,15,15,false,1,
7290010002016,false,כוסברה טחונה תבליני מימון 100 גרם,א.ל. ייצור ושיווק תבלינים בע`מ,,,"י""ח",100,ל גרם,false,1,8.10,8.10,false,1,
7290010002023,false,כורכום הודי טחון תבליני מימון 100 גרם,א.ל. ייצור ושיווק תבלינים בע`מ,,,"י""ח",100,ל גרם,false,1,9.80,9.80,false,1,
7290010002078,false,פלפל שחור טחון תבליני מימון (100 גרם),א.ל. ייצור ושיווק תבלינים בע`מ,,,"י""ח",100,ל גרם,false,1,13.30,13.30,false,1,
7290010002122,false,פפריקה הונגרית מתוקה תבליני מימון 100 גרם,א.ל. ייצור ושיווק תבלינים בע`מ,,,"י""ח",100,ל גרם,false,1,9.80,9.80,false,1,
7290010002139,false,פפריקה הונגרית חריפה תבליני מימון 100 גרם,א.ל. ייצור ושיווק תבלינים בע`מ,,,"י""ח",100,ל גרם,false,1,9.80,9.80,false,1,
7290010002146,false,פפריקה מרוקאית מתוקה תבליני מימון 100 גרם,א.ל. ייצור ושיווק תבלינים בע`מ,,,"י""ח",100,ל גרם,false,1,9.80,9.80,false,1,
7290010002207,false,תבלין קינמון טחון תבליני מימון 100 גרם,א.ל. ייצור ושיווק תבלינים בע`מ,,,"י""ח",100,ל גרם,false,1,8.10,8.10,false,1,
7290010002283,false,תבלין על האש תבליני מימון 100 גרם,א.ל. ייצור ושיווק תבלינים בע`מ,,,"י""ח",100,ל גרם,false,1,9.80,9.80,false,1,
7290010002306,false,תיבול לקציצות תבליני מימון 100 גרם,א.ל. ייצור ושיווק תבלינים בע`מ,,,"י""ח",100,ל גרם,false,1,9.80,9.80,false,1,
7290010002351,false,זעתר ושומשום בלדי תבליני מימון (100 גרם),א.ל. ייצור ושיווק תבלינים בע`מ,,,"י""ח",110,ל גרם,false,1,9.80,8.91,false,1,
7290010002368,false,תערובת חווויג' תבליני מימון 100 גרם,א.ל. ייצור ושיווק תבלינים בע`מ,,,"י""ח",100,ל גרם,false,1,9.80,9.80,false,1,
7290010002399,false,תבלין בזיליקום תבליני מימון 40 גרם,א.ל. ייצור ושיווק תבלינים בע`מ,,,"י""ח",40,ל גרם,false,1,8.10,20.25,false,1,
7290010002498,false,תבלין שום גבישי תבליני מימון 120 גרם,א.ל. ייצור ושיווק תבלינים בע`מ,,,"י""ח",120,ל גרם,false,1,12.40,10.33,false,1,
7290010002597,false,כוסברה ירוקה תבליני מימון (20 גרם),א.ל. ייצור ושיווק תבלינים בע`מ,,,"י""ח",30,ל גרם,false,1,8.10,27,false,1,
7290010002658,false,פלפל יבש מתוק תבליני מימון 150 גרם,א.ל.ייצור ושיווק תבלינים בעמ,,,"י""ח",150,ל גרם,false,1,15.50,10.33,false,1,
7290010003051,false,פפריקה הונגרית מתוקה תבליני מימון 400 גרם,א.ל. ייצור ושיווק תבלינים בע`מ,,,"י""ח",400,ל גרם,false,1,20.40,5.10,false,1,
7290010003693,false,פפריקה מתוקה בשקית תבליני מימון 80 גרם,א.ל. ייצור ושיווק תבלינים בע`מ,,,"י""ח",80,ל גרם,false,1,5,6.25,false,1,
7290010003709,false,פלפל שחור טחון בשקית תבליני מימון 50 גרם,א.ל. ייצור ושיווק תבלינים בע`מ,,,"י""ח",50,ל גרם,false,1,6.80,13.60,false,1,
7290010003754,false,כמון טחון בשקית תבליני תבליני מימון 50 גרם,א.ל. ייצור ושיווק תבלינים בע`מ,,,"י""ח",50,ל גרם,false,1,5,10,false,1,
7290010003778,false,תיבול לגריל עוף בשקית תבליני מימון 80 גרם,א.ל. ייצור ושיווק תבלינים בע`מ,,,"י""ח",80,ל גרם,false,1,5,6.25,false,1,
7290010003792,false,מלח לימון בשקית תבליני מימון 100 גרם,א.ל. ייצור ושיווק תבלינים בע`מ,,,"י""ח",100,ל גרם,false,1,5,5,false,1,
7290010060856,false,דאודורנט רולאון קמומיל,פישר תעשיות פרמבצטיות בעמ,,,"י""ח",1,,false,1,8.50,8.50,false,1,
7290010065295,false,פרינוק - מחית תפוחי עץ ובננה 130 גרם,גורי מוצרי צריכה (1991) בעמ,,,"י""ח",130,ל גרם,false,1,4.70,3.62,false,1,
7290010065332,false,מחית תפוח עץ בננה ג'וניור פרינוק 190 גרם,גורי מוצרי צריכה (1991) בעמ,,,"י""ח",760,ל גרם,false,1,5,0.66,true,1,
7290010066513,false,נתחי טונה בשמן צמחי רביעיה *158ג' פילטונה,תעשיות פילטונה בעמ,,,"י""ח",640,ל גרם,false,1,19.60,3.06,false,1,
7290010066575,false,נתחי טונה במים רביעיה *158ג' פילטונה,תעשיות פילטונה בעמ,,,"י""ח",640,ל גרם,false,1,19.60,3.06,false,1,
7290010066582,false,נתחי טונה בשמן קנולה רביעיה * 158 ג' פילטונה,תעשיות פילטונה בעמ,,,"י""ח",640,ל גרם,false,1,19.60,3.06,false,1,
7290010066599,false,רביעיית נתחי טונה בשמן זית פילטונה 158X4 גרם,תעשיות פילטונה בעמ,,,"י""ח",640,ל גרם,false,1,23.90,3.73,false,1,
7290010116980,false,שוקולית אבקה להכנת משקה שוקו שקית 850,הנסיך- מפעל לייצור ט,,,"י""ח",850,ל גרם,false,1,16.20,1.91,true,1,
7290010117864,false,דוריטוס חטיף תירס בטעם חריף אש עלית 70 גרם,"שטראוס פריטו ליי בע""\מ )",,,"י""ח",70,ל גרם,false,1,2.70,3.86,true,1,
7290010118328,false,חטיף צ`יפס בטעם טבעי תפוצ`יפס (40x6 גרם),"שטראוס פריטו ליי בע""מ",,,"י""ח",240,ל גרם,false,1,11.90,4.96,true,1,
7290010129027,false,עוגיות מרוקאיות דולצ`ה ויטה (600 גרם),שיבולים יצור ושיווק מוצרי מאפה,,,"י""ח",600,ל גרם,false,1,17,2.83,false,1,
7290010153503,false,שעועית בובס יבשה מיה 400 גר',מיה תעשיות מזון מ.ת.מ. בעמ,,,"י""ח",400,ל גרם,false,1,10.10,2.53,false,1,
7290010153770,false,ציפוי לשניצל פיקנטי מיה 500 גרם,מיה תעשיות מזון מ.ת.מ. בעמ,,,"י""ח",500,ל גרם,false,1,11,2.20,false,1,
7290010154005,false,סחוג תימני תבליני ביטון יוחאי (250 גרם),תבליני יוחאי ביטון,,,"י""ח",250,ל גרם,false,1,15.90,6.36,false,1,
7290010154036,false,עמבה תבליני ביטון יוחאי (250 גרם),נטו מילנדה סחר בעמ*,,,"י""ח",250,ל גרם,false,1,15.90,6.36,false,1,
7290010154050,false,ממרח שיפקה כבוש ביטון יוחאי (250 גרם),תבליני ביטון יוחאי,,,"י""ח",250,ל גרם,false,1,15.90,6.36,false,1,
7290010154425,false,סחוג ירוק תבליני ביטון 130 גרם,תבליני ביטון יוחאי,,,"י""ח",130,ל גרם,false,1,8.40,6.46,false,1,
7290010154678,false,אריסה מרוקאית תבליני ביטון 250 גרם,תבליני יוחאי ביטון,,,"י""ח",250,ל גרם,false,1,15.90,6.36,false,1,
7290010154685,false,סלט שום כתוש 250 ג' ביטון יוחאי,תבליני ביטון יוחאי,,,"י""ח",250,ל גרם,false,1,15.90,6.36,false,1,
7290010173037,false,יין הרי גליל רוזה 750 מל,היכל היין שקד גולן בעמ,,,"י""ח",750,"ל מ""ל",false,1,33.30,4.40,true,1,
7290010173044,false,"יין בר הרי גליל מרלו 750 מ""ל",היכל היין שקד גולן בעמ,,,"י""ח",750,"ל מ""ל",false,1,29.90,3.95,true,1,
7290010173068,false,יין בר הרי גליל קברנה סוביניון 750 מל,היכל היין שקד גולן בעמ,,,"י""ח",750,"ל מ""ל",false,1,32.90,4.35,true,1,
7290010173334,false,שיראז יקב הרי גליל (750 מל),היכל היין שקד גולן בעמ,,,"י""ח",750,ל גרם,false,1,29.90,3.95,true,1,
7290010192120,false,צנונית ארוזה יחידה,ביכורי השדה צפון 1994 ג.ד. בעמ,,,"י""ח",1,,false,1,6.90,6.90,false,1,
7290010195268,false,פופקורן פופסטאר חמישייה מופחת שומן טבעי,דנשר (1963) בעמ,,,"י""ח",500,ל גרם,false,1,11.80,2.36,true,1,
7290010237548,false,"פפסי מקס דל קלוריות 500 מ""ל בקבוק",טמפו משקאות בע`מ,,,"י""ח",500,"ל מ""ל",false,1,3.40,0.62,true,1,
7290010237593,false,"נשר מאלט יחידה 330 מ""ל",טמפו משקאות בעמ,,,"י""ח",330,"ל מ""ל",false,1,4.30,1.21,false,1,
7290010237685,false,"הייניקן בירה צואר ארוך 330מ""ל",טמפו משקאות בע''מ,,,"י""ח",330,"ל מ""ל",false,1,7.60,2.21,false,1,
7290010237890,false,"בירה הייניקן בקבוק 500 מ""ל חוזר",טמפו משקאות בע''מ,,,"י""ח",500,"ל מ""ל",false,1,7.60,1.32,false,1,
7290010259823,false,מנת השף נודלס בטעם עוף וילי פוד (70 גרם),ג. וילי-פוד אינטרנשיונל בע`מ,,,"י""ח",70,ל גרם,false,1,5,7.14,true,1,
7290010259830,false,מנת השף נודלס בסגנון סיני פיקנטי וילי פוד 70 גרם,ג. וילי-פוד אינטרנשיונל בע`מ,,,"י""ח",70,ל גרם,false,1,5,7.14,true,1,
7290010259847,false,מנת השף מרק עם נודלס בטעם תירס ויליפוד 70 גרם,ג. וילי-פוד אינטרנשיונל בע`מ,,,"י""ח",70,ל גרם,false,1,5,7.14,true,1,
7290010259991,false,צנימים מיוחדים בטעם טבעי 250 ג',ג. וילי-פוד אינטרנשיונל בע`מ,,,"י""ח",250,ל גרם,false,1,8.50,3.40,true,1,
7290010328093,false,ממרח חלווה אחווה 400 ג' מהדרין,אחדות ביחר לטחינה חל,,,"י""ח",400,ל גרם,false,1,9.20,2.30,false,1,
7290010328239,false,טחינה מתובלת משומשום טבעי אחוה (500 גרם),אחדות ביתחרושת לטחינה חלבה,,,"י""ח",500,ל גרם,false,1,11.90,2.38,false,1,
7290010328246,false,טחינה גולמית משומשום מלא אחווה 500 גרם,אחדות ביתחרושת לטחינה חלבה,,,"י""ח",500,ל גרם,false,1,8.50,1.70,false,1,
7290010328253,false,טחינה גולמית משומשום טבעי אחווה 500 גרם,אחדות ביתחרושת לטחינה חלבה,,,"י""ח",500,ל גרם,false,1,8.50,1.70,false,1,
7290010328345,false,חלווה בקופסה אחוה 50 גרם,אחדות ביחר לטחינה חל,,,"י""ח",50,ל גרם,false,1,1.10,2.20,false,1,
7290010328505,false,"מארז מיני חלווה 15 יחידות לל""ס אחוה 150 גרם",אחדות ביחר לטחינה חל,,,"י""ח",12,"י""ח",false,1,7.50,0.63,false,1,
7290010328680,false,עוגה בטעם שוקולד עם שוקוצ'יפס מריר ולבן 450 גרם,אחדות ביחר לטחינה חל,,,"י""ח",450,ל גרם,false,1,8.50,1.89,false,1,
7290010328734,false,ממרח טחינה עם סילאן משומשום מלא,אחדות ביחר לטחינה חל,,,"י""ח",400,ל גרם,false,1,10.20,2.55,false,1,
7290010429684,false,דבש טהור פרחי בר יד מרדכי 700 גרם מארז זוגי,"שטראוס גרופ בע""מ",,,"י""ח",700,ל גרם,false,1,25.30,3.61,true,1,
7290010471669,false,יוגורט תות עם קורנפלקס מצופה שוקולד ללא גלוטן 3.9%,שטראוס גרופ בעמ/מצונן,,,"י""ח",175,"ל מ""ל",false,1,3.80,2.17,true,1,
7290010472390,false,מארז 8 יחידות מעדן דני בטעם שוקולד 1.5%,שטראוס גרופ בעמ/מצונן,,,"י""ח",1,ליטר,false,1,14.30,14.30,true,1,
7290010613021,false,"ג`ל ניקוי אסלות בתוספת חטמץ 750מ""ל טאצ",סאסאטק אגשח בעמ,,,"י""ח",750,"ל מ""ל",false,1,9.30,1.24,false,1,
7290010613045,false,נוזל רצפות מרוכז בניחוח מרכך כביסה ורוד טאצ 2 ל',סאסאטק אגשח בעמ,,,"י""ח",2,ליטר,false,1,15.30,7.65,true,1,
7290010613519,false,דלי מטליות לניקוי וחיטוי בניחוח מלון בוטיק טאצ' 400 מט',סאסאטק אגשח בעמ,,,"י""ח",1,,false,1,19.60,19.60,false,1,
7290010613526,false,טאצ' דלי מטליות לחות לניקוי וחיטוי בתוספת חומץ 250 יח',סאסאטק אגשח בעמ,,,"י""ח",2.50,"י""ח",false,1,15.30,6.12,true,1,
7290010613540,false,מטליות בדלי לנ.רצפות בנ.מלון בוטיק טאצ,סאסאטק אגשח בעמ,,,"י""ח",1,"י""ח",false,1,23.90,23.90,false,1,
7290010613953,false,טאצ' דלי מטליות לחות לניקוי וחיטוי בניחוח מלון בוטיק 250 יח',סאסאטק אגשח בעמ,,,"י""ח",2.50,"י""ח",false,1,15.30,6.12,true,1,
7290010627004,false,טחינה גולמית מסורתית ירושלים 500 ג',תה ויסוצקי (ישראל) בעמ,,,"י""ח",500,ל גרם,false,1,14.40,2.88,true,1,
7290010650019,false,אנדיב בלגי אמיתי חוות תקוע,חוות פטריות תקוע בעמ*קונסיגנצי,,,"י""ח",1,,false,1,13.90,13.90,false,1,
7290010650828,false,פטריות שימג'י חוות תקוע 150 גרם,ביכורי השדה צפון 1994 ג.ד. בעמ,,,"י""ח",150,ל גרם,false,1,11.90,7.93,true,1,
7290010718023,false,"קרם גוף איזבלה ורוד 300 מ""ל פנינה רוזנבלום",פנינה רוזנבלום בעמ,,,"י""ח",400,"ל מ""ל",false,1,17.90,4.48,false,1,
7290010719051,false,בקבוק שמן זית לימון 250 מל,ח.כהן סוכנות מזון ומשקאות בע,,,"י""ח",250,"ל מ""ל",false,1,16.90,6.76,false,1,
7290010748525,false,"סרקל פורטה מרכך לילדים 750 מ""ל","פישר תעשיות פרמבצטיות בע""מ",,,"י""ח",750,"ל מ""ל",false,1,20.30,2.71,false,1,
7290010814244,false,שלשות שוקולד מריר 85 גרם*3 בלמינט *18 בקרטון,כרמית תעשיות ממתקים בעמ,,,"י""ח",255,ל גרם,false,1,10.20,4,true,1,
7290010814268,false,שלשות שוקולד לבן 85 גר*3 בלמינט * 18 בקרטון,"כרמית תעשיות ממתקים בע""\",,,"י""ח",300,ל גרם,false,1,10.20,3.40,true,1,
7290010814695,false,שוקולד מריר פרווה ללא תוספת סוכר כרמית 85 גרם,"כרמית תעשיות ממתקים בע""\",,,"י""ח",85,ל גרם,false,1,5.50,6.47,true,1,
7290010883059,false,מברשת שיניים חשמלית בוב ספוג אורביטול,החב הדרומית לשיווק,,,"י""ח",1,"י""ח",false,1,30.90,30.90,false,1,
7290010883370,false,כפפות אלוורה רב שימושיות בינוניות M סנו סושי,החברה הדרומית לשיווק בעמ,,,"י""ח",1,,false,1,9.30,9.30,false,1,
7290010903931,false,"כוכבי תירס בד""צ קפוא זן",קפוא-זן תעשיות מזון בעמ - תפוג,,,"י""ח",750,ל גרם,false,1,18.70,2.49,false,1,
7290010931330,false,סלט מטבוחה אחלה 500 גרם,שטראוס גרופ בעמ/מצונן,,,"י""ח",500,ל גרם,false,1,11.90,2.38,true,1,
7290010945146,false,קוטג' 3% מועשר בסידן טרה 250 ג' מהדרין,*החברה המרכזית להפצת משקאותבעמ,,,"י""ח",250,ל גרם,false,1,5,2,true,1,
7290011017866,false,פחית קולה סליק קוקה-קולה (330 מל),החברה המרכזית להפצת משקאות בעמ,,,"י""ח",330,"ל מ""ל",false,1,3.90,1.09,true,1,
7290011017873,false,פחית זירו סליק קוקה-קולה (330 מל),החברה המרכזית להפצת משקאות בעמ,,,"י""ח",330,"ל מ""ל",false,1,3.90,1.09,true,1,
7290011018184,false,תה קר בטעם אפרסק פיוז-טי (500 מל),החברה המרכזית להפצת משקאות בעמ,,,"י""ח",500,"ל מ""ל",false,1,4.50,0.84,true,1,
7290011018474,false,"סומרסבי סיידר תפוחים אלכוהולי 300 מ""ל",החברה המרכזית להפצת משקאות בעמ,,,"י""ח",330,"ל מ""ל",false,1,7.70,2.24,false,1,
7290011065423,false,מלח ים מטחנה מימונס 130 גרם,"א.ל ייצור ושיווק תבלינים בע""מ",,,"י""ח",130,ל גרם,false,1,15.30,11.77,false,1,
7290011065430,false,צ'ילי מטחנה מימונס 50 גרם,א.ל.ייצור ושיווק תבלינים בעמ,,,"י""ח",50,ל גרם,false,1,15.30,30.60,false,1,
7290011081492,false,גלידה בטעם שלושה שוקולדים 1.33ל' קרמיסימו,"גלידת שטראוס בע""\מ, רחוב",,,"י""ח",1.33,ליטר,false,1,16.20,12.18,false,1,
7290011115258,false,אל סבון מוצק מבושם בניחוח עדין קלאסיק - מארז רביעיה,החברה הדרומית לשיווק בעמ,,,"י""ח",400,ל גרם,false,1,9.30,2.33,false,1,
7290011126452,false,הגן הקסום תה בטעם קמומיל ונענע ויסוצקי 25 יחידות,תה ויסוצקי (ישראל) בעמ,,,"י""ח",37.50,ל גרם,false,1,15.30,40.80,true,1,
7290011126940,false,תה ירוק ויסוצקי בתוספת מרווה 25 שקיקים,תה ויסוצקי (ישראל) בעמ,,,"י""ח",37.50,ל גרם,false,1,21.30,56.80,true,1,
7290011131371,false,מוזלי קראנצ`י שקדים ואגוזים גרין (1 קג),ויטליאה ניקולה דו,,,"י""ח",1,"ק""ג",false,1,23.90,23.90,true,1,
7290011131395,false,מוזלי קראנצ`י 30% פירות גרין (1 קג),ויטליאה ניקולה דו,,,"י""ח",1,"ק""ג",false,1,23.90,23.90,true,1,
7290011133375,false,בירה שנדי בתוספת משקה אפרסק - שישייה,"טמפו משקאות בע""מ",,,"י""ח",330,"ל מ""ל",false,1,30.70,8.85,true,1,
7290011142582,false,לחמניות מתוקות שמיניות,מאפיית דואט בעמ,,,"י""ח",6,"י""ח",false,1,12.70,2.12,false,1,
7290011154301,false,ממרח תמרים 450ג ח.סופר טעמי הגליל*,ח.כהן סוכנות מזון ומשקאות בע,,,"י""ח",450,ל גרם,false,1,5.90,1.31,false,1,
7290011174118,false,"חומוס שלם A2 ויטה 550ג' בד""צ",ויטה- פרי גליל (החדשה) בעמ,,,"י""ח",550,ל גרם,false,1,6.80,1.24,true,1,
7290011174224,false,"צ יפס קפוא 1.5 ק""ג פרי גליל בד""ץ",ויטה- פרי גליל (החדשה) בעמ,,,"י""ח",1.50,"ק""ג",false,1,18.70,12.47,false,1,
7290011174323,false,"צ'יפס אמריקאי 1.5 ק""ג פרי הגליל",ויטה פרי גליל (החדשה) בע`מ,,,"י""ח",1.50,"ק""ג",false,1,18.70,12.47,true,1,
7290011174422,false,"סטייק צ יפס 1.5 ל בד""ץ",ויטה- פרי גליל (החדשה) בעמ,,,"י""ח",1,,false,1,18.70,18.70,false,1,
7290011174491,false,תירס קל - מופחת קלוריות וללא תוספת סוכר,ויטה- פרי גליל (החדשה) בעמ,,,"י""ח",550,ל גרם,false,1,5.90,1.07,false,1,
7290011194215,false,מעדן גבינה ויוגורט בטעם בננה 5% שומן 88 ג' דניאלה,שטראוס גרופ בעמ/מצונן,,,"י""ח",150,"ל מ""ל",false,1,3.30,2.20,true,1,
7290011194246,false,קוטג 5% 250 גרם עם סידן שטראוס,שטראוס גרופ בעמ/מצונן,,,"י""ח",250,ל גרם,false,1,5,2,true,1,
7290011249212,false,וופל עלמה בלגי לימון 200 גר' ללא סוכר,ח.כהן סוכנות מזון ומשקאות בע,,,"י""ח",200,ל גרם,false,1,3.30,1.65,true,1,
7290011249755,false,רולים גלילי ופל במילוי קרם אגוזים 100 ג' עלמה,ח.כהן סוכנות מזון ומשקאות בע,,,"י""ח",100,ל גרם,false,1,3.30,3.30,false,1,
7290011254032,false,קינואה מיה (500 גרם),מיה תעשיות מזון מ.ת.מ. בעמ,,,"י""ח",500,ל גרם,false,1,8.50,1.70,false,1,
7290011254070,false,תבלין פלפל שחור בשקית 50ג' מיה,מיה תעשיות מזון מ.ת.מ בעמ,,,"י""ח",80,ל גרם,false,1,8,10,false,1,
7290011254087,false,תבלין קינמון בשקית 80 גר' מיה,מיה תעשיות מזון מ.ת.מ בעמ,,,"י""ח",80,ל גרם,false,1,3.70,4.63,false,1,
7290011254094,false,תבלין כמון 80גר' שקית,מיה תעשיות מזון מ.ת.מ בעמ,,,"י""ח",80,ל גרם,false,1,3.70,4.63,false,1,
7290011254100,false,תבלין כרכום בשקית 80 גר' מיה,מיה תעשיות מזון מ.ת.מ בעמ,,,"י""ח",80,ל גרם,false,1,4.30,5.38,false,1,
7290011254117,false,תבלין פפריקה מתוקה בשקית 80 גר' מיה,מיה תעשיות מזון מ.ת.מ בעמ,,,"י""ח",80,ל גרם,false,1,3.20,4,false,1,
7290011254131,false,תבלין אורגנו 20גרם- שקית,מיה תעשיות מזון מ.ת.מ בעמ,,,"י""ח",20,ל גרם,false,1,3.60,18,false,1,
7290011254148,false,אבקת שום בשקית מיה 80 גרם,מיה תעשיות מזון מ.ת.מ בעמ,,,"י""ח",80,ל גרם,false,1,6.80,8.50,false,1,
7290011254155,false,תבלין מלח לימון בשקית 80 גר' מיה,מיה תעשיות מזון מ.ת.מ בעמ,,,"י""ח",100,ל גרם,false,1,3.40,3.40,false,1,
7290011254162,false,תבלין פלפל לבן 80 גר' מיה,מיה תעשיות מזון מ.ת.מ בעמ,,,"י""ח",500,ל גרם,false,1,9.30,1.86,false,1,
7290011254179,false,תבלין גריל עוף בשקית 80 גר' מיה,מיה תעשיות מזון מ.ת.מ בעמ,,,"י""ח",80,ל גרם,false,1,3.50,4.38,false,1,
7290011254773,false,שעועית ארגנטינאית יבשה מיה 500 גר',מיה תעשיות מזון מ.ת.מ. בעמ,,,"י""ח",500,ל גרם,false,1,9.30,1.86,false,1,
7290011276485,false,חסה עגולה רמי לוי,ביכורי השדה צפון 1994 ג.ד. בעמ,,,"י""ח",1,,false,1,6.90,6.90,false,1,
7290011435226,false,דבש מפרחי בר לחיץ 650 ג' יד מרדכי,מכוורת יד מרדכי שטראוס ב,,,"י""ח",650,ל גרם,false,1,29,4.46,true,1,
7290011438142,false,"משקה יטבתה אייס קפה בבקבוק אישי 350 מ""ל",שטראוס גרופ בעמ/מצונן,,,"י""ח",350,"ל מ""ל",false,1,5.60,1.60,true,1,
7290011447359,false,תחליף חלב מטרנה מהדרין שלב 1 חלבי 700 גרם,קבוצת אוסם סחר שותפות מוגבלת,,,"י""ח",700,ל גרם,false,1,42.70,6.10,false,1,
7290011461058,false,גומא - מקלות ריחניים,מוסקו בעמ,,,"י""ח",1,,false,1,17,17,false,1,
7290011480516,false,שמיר טרי מהדרין ארוז,ביכורי השדה צפון 1994 ג.ד. בעמ,,,"י""ח",1,,false,1,5.90,5.90,true,1,
7290011480523,false,נענע יבולי הכפר(חאסלט),ביכורי השדה צפון 1994 ג.ד. בעמ,,,"י""ח",1,,false,1,5.90,5.90,true,1,
7290011488062,false,בצלצלי שאלוט תיבולי הכפר,ביכורי השדה צפון 1994 ג.ד. בעמ,,,"י""ח",350,ל גרם,false,1,13.90,3.97,false,1,
7290011499051,false,פטה כבשים מסורתית 20% בגביע 250 גרם - רובין,מחלבות גד שיווק 1992 בעמ,,,"י""ח",250,ל גרם,false,1,21.30,8.52,false,1,
7290011499112,false,בולגרית מסורתית 16% 250 גרם - רבנות,מחלבות גד שיווק 1992 בעמ,,,"י""ח",250,"ס""מ",false,1,24.90,9.96,false,1,
7290011499129,false,גבינה בולגרית מעודנת קוביות קטנות 5% גד 200 גרם,מחלבות גד שיווק 1992 בעמ,,,"י""ח",200,ל גרם,false,1,24.90,12.45,false,1,
7290011499303,false,פטה עיזים מעודנת 5% בגביע 250 גרם - רבנות,מחלבות גד שיווק 1992 בעמ,,,"י""ח",250,ל גרם,false,1,25.60,10.24,false,1,
7290011499365,false,גבינת חלומי 24% מחלב בקר גד (200 גרם),מחלבות גד שיווק 1992 בעמ,,,"י""ח",200,ל גרם,false,1,23.90,11.95,false,1,
7290011499419,false,גבינה במרקם שמנת בטעם טבעי 5% ניו יורק,מחלבות גד שיווק 1992 בעמ,,,"י""ח",200,ל גרם,false,1,10.10,5.05,false,1,
7290011499624,false,שמנת 30% ניו יורק טבעי 200 גרם רבנות,מחלבות גד שיווק 1992 בעמ,,,"י""ח",200,ל גרם,false,1,10.90,5.45,false,1,
7290011499846,false,גבינת ריקוטה פרסקה 9% גד (300 גרם),מחלבות גד שיווק 1992 בעמ,,,"י""ח",300,ל גרם,false,1,19.30,6.43,false,1,
7290011505608,false,"בקבוק נובי טבעי מצויר 180מ""ל שלב 1",אינטרסן (1996) בעמ,,,"י""ח",1,,false,1,21.30,21.30,false,1,
7290011505776,false,שיפודי במבוק עבים במיוחד 75 יחידות,אינטרסן (1996) בעמ,,,"י""ח",1,,false,1,3.40,3.40,false,1,
7290011505790,false,צימרוני אוזניים מפלסטיק בחבית 500 יח`,קוטון סופט Cotton soft,,,"י""ח",1,,false,1,10.10,10.10,false,1,
7290011515683,false,מאגדת טילון אקסטרים וניל נסטלה 6 יחידות,נגה גלידות שותפות מוגבלת,,,"י""ח",1,,false,1,29.80,29.80,false,1,
7290011515911,false,שלגוני לייט ריבת חלב עם סירופ 6*52 גרם,נגה גלידות שותפות מוגבלת,,,"י""ח",1,,false,1,23.70,23.70,false,1,
7290011518561,false,"אקטימל תות 1.51 ק""ג מארז 14 יחידות",שטראוס גרופ בעמ/מצונן,,,"י""ח",1.40,ליטר,false,1,25.60,18.29,true,1,
7290011598211,false,"סנו - אנטי קאלק מרסס ניקוי כללי 4 ב-1 700 מ""ל",החברה הדרומית לשיווק בעמ,,,"י""ח",700,"ל מ""ל",false,1,19.90,2.84,false,1,
7290011598259,false,"פרש מטהר אוויר אוטומטי בניחוח מאסק סנו 250 מ""ל",החברה הדרומית לשיווק בעמ,,,"י""ח",250,ל גרם,false,1,13.90,5.56,false,1,
7290011615260,false,"טורטייה 20 ס""מ קוטר וילי פוד 540 גר",ג.וילי פוד אינטרנשיונל בעמ,,,"י""ח",540,ל גרם,false,1,9.30,1.72,true,1,
7290011615406,false,בולגרית בקוביות בשמן ותבלינים הבולגריה 325 ג' קוליוס,ג.וילי פוד אינטרנשיונל בעמ,,,"י""ח",325,ל גרם,false,1,15.30,4.71,false,1,
7290011860271,false,ביסבול כדורי פירה מתפוחי אדמה תפוגן 700 גרם,קבוצת אוסם סחר שותפות מוגבלת,,,"י""ח",700,ל גרם,false,1,16.90,2.41,false,1,
7290011870270,false,פוג'יקום סוללות מארז 12 יח' AA,פוגיקום בעמ,,,"י""ח",1,,false,1,16.90,16.90,true,1,
7290011877859,false,סנו אינסטלטור חדש פותח סתימות 200ג',החברה הדרומית לשיווק בעמ,,,"י""ח",200,"ל מ""ל",false,1,15.90,7.95,false,1,
7290011912635,false,ליסטרין שטיפת פה הגנה על השיניים והחניכי,שקד תבל בעמ,,,"י""ח",250,"ל מ""ל",false,1,14.40,5.76,true,1,
7290011912642,false,ליסטרין שטיפת פה הגנה על השיניים והחניכי,ג'\ונסון אנד ג'\ונסון,,,"י""ח",500,"ל מ""ל",false,1,15.30,3.06,true,1,
7290011947521,false,"שמן זית כתית מעולה 750 מ""ל טעם מודגש זיתא",תה ויסוצקי (ישראל) בעמ,,,"י""ח",750,"ל מ""ל",false,1,32.40,4.32,true,1,
7290012022203,false,פריכיות חיטה מלאה 60 גרם,דילייט 2005 בע`מ,,,"י""ח",140,ל גרם,false,1,11.40,8.14,false,1,
7290012022227,false,פריכיות חיטה טבעי 60 גרם,דילייט 2005 בע`מ,,,"י""ח",140,ל גרם,false,1,10.10,7.21,false,1,
7290012022272,false,פריכיות קליליות קידס,דילייט 2005 בעמ,,,"י""ח",30,ל גרם,false,1,9.20,30.67,false,1,
7290012116612,false,אורביטול מברשת שיניים סופט 4 יח`,החברה הדרומית לשיווק בעמ,,,"י""ח",1,,false,1,11.90,11.90,false,1,
7290012117541,false,מקסימה מרכך כביסה מרוכז צהוב סנו 1 ליטר,החברה הדרומית לשיווק בעמ,,,"י""ח",1,ליטר,false,1,15,15,false,1,
7290012159411,false,לבבות דקל חתוך לינה 400 גרם,יורוסטנדרט בעמ,,,"י""ח",400,ל גרם,false,1,6.70,1.68,false,1,
7290012159497,false,יין לבן יבש מבעבע גוטה דה מרוויה Gota De Maravilla,יורוסטנדרט בעמ,,,"י""ח",750,"ל מ""ל",false,1,24.20,3.19,false,1,
7290012193125,false,ממתיק על בסיס סוכרלוז - טבליות,"קיפל טבליות וממתיקים בע""מ",,,"י""ח",150,ל גרם,false,1,23,15.33,false,1,
7290012226120,false,קבנוס זוגלובק (45x3 גרם),נקניק נהריה כשר זוגל,,,"י""ח",135,ל גרם,false,1,9.30,6.89,true,1,
7290012226922,false,קבנוס בטעם שום זוגלובק (45x3 גרם),נקניק נהריה כשר זוגל,,,"י""ח",135,ל גרם,false,1,9.30,6.89,true,1,
7290012227172,false,חרמן הודו בדבש וברביקיו זוג במארז 600 ג' זוגלובק,נקניק נהריה כשר זוגל,,,"י""ח",600,ל גרם,false,1,27,4.50,true,1,
7290012227622,false,פסטרמה חרמון כפרית דבש 400גר מחפוד זוגלובק,זוגלובק שיווק בעמ,,,"י""ח",400,ל גרם,false,1,18.60,4.65,true,1,
7290012227783,false,נקניק תה מעושן מחפוד זוגלובק 400ג',זוגלובק שיווק בעמ,,,"י""ח",400,ל גרם,false,1,17.70,4.43,true,1,
7290012227974,false,פסטרמה הודו בדבש טהור דק דק דק,זוגלובק שיווק בעמ,,,"י""ח",120,ל גרם,false,1,11.90,9.92,true,1,
7290012227981,false,פסטרמה דק דק ברביקיו 120 ג' זוגלובק,זוגלובק שיווק בעמ,,,"י""ח",120,ל גרם,false,1,11.90,9.92,true,1,
7290012227998,false,פסטרמה דק דק חזה בקר 120 ג' זוגלובק,זוגלובק שיווק בעמ,,,"י""ח",120,ל גרם,false,1,11.90,9.92,true,1,
7290012228261,false,נקנקיות קנקרס הודו ועוף ריינהולד'ס זוגלובק 300 ג',זוגלובק שיווק בעמ,,,"י""ח",310,ל גרם,false,1,17,5.48,false,1,
7290012228278,false,נקניקיות בוקוורסט הודו ובקר סדרת ריינהולדס 310 גרם,זוגלובק שיווק בעמ,,,"י""ח",310,ל גרם,false,1,17,5.48,false,1,
7290012228407,false,"נקניקיות ג'מבו מחפוד זוגלובק 1.5 ק""ג",זוגלובק שיווק בעמ,,,"י""ח",1.50,"ק""ג",false,1,29.80,19.87,true,1,
7290012228988,false,חרמון הודו ועוף בדבש זוגלובק 200 ג',זוגלובק שיווק בעמ,,,"י""ח",180,ל גרם,false,1,12.70,7.06,false,1,
7290012228995,false,חרמון הודו ועוף ברביקיו זוגלובק 200 ג',זוגלובק שיווק בעמ,,,"י""ח",180,ל גרם,false,1,12.70,7.06,false,1,
7290012245176,false,וופל ציפס קריספי קפוא 700ג,קפוא זן תעשיות מזון בעמ,,,"י""ח",700,ל גרם,false,1,13.60,1.94,false,1,
7290012245183,false,צ'יפס קריספי קלאסי 700 גרם,קפוא זן תעשיות מזון בעמ,,,"י""ח",700,ל גרם,false,1,12.70,1.81,false,1,
7290012245275,false,"גולד ציפס בטטה קריספי 1 ק""ג",קפוא זן תעשיות מזון בעמ,,,"י""ח",1,"י""ח",false,1,23.90,23.90,false,1,
7290012245312,false,"גולד ציפס אמריקאי 1.5 ק""ג קפוא זן",קפוא-זן תעשיות מזון בעמ - תפוג,,,"י""ח",1.50,"ק""ג",false,1,18.70,12.47,true,1,
7290012275401,false,מולר בירה לבנה בקבוק גרמנית 500מל,בני פאוזי שמשום (2009) בעמ,,,"י""ח",210,"ל מ""ל",false,1,4.30,1.90,true,1,
7290012295973,false,עלי רוקולה פרמיום 100ג שמיטה,ביכורי השדה צפון 1994 ג.ד. בעמ,,,"י""ח",1,,false,1,9.90,9.90,false,1,
7290012309311,false,ערמונים קלופים שלמים 100 גר`,דין שיווק וקליה 2021 בעמ,,,"י""ח",1,,false,1,5.10,5.10,false,1,
7290012309939,false,חלווה מסולסלת בקופסא ששון הקולה 500 גרם,דין שיווק וקליה 2021 בעמ,,,"י""ח",1,,false,1,14.40,14.40,false,1,
7290012313264,false,כרוב כבוש קבוצת יבנה,קבוצת יבנה מוצרי מזון בעמ,,,"י""ח",1,,false,1,6.80,6.80,false,1,
7290012313394,false,קוביות מלפפונים במלח 560ג' יבנה,"קבוצת יבנה מוצרי מזון בע""מ",,,"י""ח",100,ל גרם,false,1,5.30,5.30,false,1,
7290012404955,false,נקטר חמוציות ספרינג קולקשן (1.25 ליטר),יפאורה - שותפות מוגבלת לשיווק,,,"י""ח",1.25,ליטר,false,1,11.10,8.64,true,1,
7290012483608,false,"אורז בסגנון בסמטי מובחר 5ק""ג DAWAT",ג.וילי-פוד אינטרנשיונל בעמ,,,"י""ח",5,"ק""ג",false,1,42.70,8.54,false,1,
7290012576607,false,"יין קברנה סוביניון פרמייר מלבק אדום ברקן 750 מ""ל","ברקן שיווק והפצה בע""",,,"י""ח",750,"ל מ""ל",false,1,21.45,2.82,true,1,
7290012576614,false,יין Premieur לבן חצי יבש אמרלד ריזלינג קולומברד,יקבי ברקן שיווק והפצה בע,,,"י""ח",750,"ל מ""ל",false,1,21.45,2.82,true,1,
7290012588259,false,"כדורגל מים מינרליים 500 מ""ל -בודד",נרה קריטיס אס איי באריפט,,,"י""ח",1.98,ליטר,false,1,2.80,1.26,false,1,
7290012645020,false,"יוגורט עיזים טבעי בבקבוק חלב הארץ 500 מ""ל",שטראוס גרופ בעמ/מצונן,,,"י""ח",500,"ל מ""ל",false,1,8.60,1.72,true,1,
7290012645112,false,יוגורט עיזים 2.8% בדלי חלב הארץ 750 גרם,שטראוס גרופ בעמ/מצונן,,,"י""ח",750,"ל מ""ל",false,1,15.30,2.04,true,1,
7290012645181,false,לאבנה עיזים 5% חלב הארץ 200 גרם,שטראוס גרופ בעמ/מצונן,,,"י""ח",200,ל גרם,false,1,11.90,5.95,true,1,
7290012645389,false,יוגורט עיזים טבעי 1 ליטר בבקבוק חלב האר,שטראוס גרופ בעמ/מצונן,,,"י""ח",1,ליטר,false,1,18.70,18.70,true,1,
7290012803352,false,רייד תרסיס קוטל יתושים/זבובים 300 מל,אס.סי.ג'ונסון מידרכט,,,"י""ח",400,"ל מ""ל",false,1,12.70,3.18,false,1,
7290012803772,false,טוסו שוקולד חלב ללא תוספת סוכר 100 גרם,אלטינמארקה גידה סאן,,,"י""ח",100,ל גרם,false,1,9.90,9.90,false,1,
7290012803789,false,טוסו שוקולד מריר עם אגוזים ללא תוספת סוכר 100 גרם,האי נאם סי או אל.טי.,,,"י""ח",100,ל גרם,false,1,9.90,9.90,false,1,
7290012823251,false,אל סבון נוזלי יסמין ולבנדר כיף (1 ליטר),החברה הדרומית לשיווק בעמ,,,"י""ח",1,ליטר,false,1,14.90,14.90,false,1,
7290012823602,false,נייר טואלט סופט סילק לבן 32 גלילים סנו,החברה הדרומית לשיווק בעמ,,,"י""ח",32,"י""ח",false,1,30.70,0.96,false,1,
7290012823923,false,"מרכך כביסה מרוכז פרפיום גולדן מקסימה 750 מ""ל",החברה הדרומית לשיווק בעמ,,,"י""ח",750,"ל מ""ל",false,1,17.90,2.39,false,1,
7290012838026,false,עוגיות מלוחות עבודת יד 350גר,הלל בן הלל שיווק ומסחר בעמ,,,"י""ח",350,ל גרם,false,1,13.60,3.89,false,1,
7290012901355,false,דודלס ארוחת אטריות עם גבינה 206 גרם,האי נאם סי או אל.טי.,,,"י""ח",206,ל גרם,false,1,10.20,4.95,false,1,
7290012921025,false,"בקבוק בירה מלכה בהירה 330 מ""ל",הכרם - משקאות חריפים בעמ,,,"י""ח",660,"ל מ""ל",false,1,12.70,1.88,true,1,
7290012921032,false,"בקבוק בירה מלכה אדמונית 330 מ""ל",הכרם - משקאות חריפים בעמ,,,"י""ח",660,"ל מ""ל",false,1,15.20,2.26,true,1,
7290012921049,false,בירה מלכה כהה בסגנון,הכרם משקאות חריפים בעמ,,,"י""ח",660,"ל מ""ל",false,1,11.10,1.64,true,1,
7290012921063,false,בירה מלכה הינדי בבקבוק,הכרם משקאות חריפים בעמ,,,"י""ח",660,"ל מ""ל",false,1,11.30,1.67,true,1,
7290012936913,false,תבלין סומק תבליני מימון 45 גרם,א.ל.ייצור ושיווק תבלינים בעמ,,,"י""ח",45,ל גרם,false,1,9.80,21.78,false,1,
7290012936937,false,תבלינים בהרט בצנצנת 40 גרם,א.ל. ייצור ושיווק תבלינים בע`מ,,,"י""ח",40,ל גרם,false,1,9.80,24.50,false,1,
7290012938580,false,"משחת שיניים סנסודיין להלבנה עדינה 75 מ""ל",גלקסוסמית'\קליין קונסיומ,,,"י""ח",75,ל גרם,false,1,22.90,30.53,true,1,
7290012938924,false,אקוהפרש מי פה ללא אלכוהול 500 מל,מולינו ניקולי s.p.a,,,"י""ח",500,ל גרם,false,1,16.90,3.38,true,1,
7290012962165,false,כפפות משק בית איזי טאץ גודל S/M/L/XL.,אינטרסן (1996) בעמ,,,"י""ח",1,,false,1,3,3,true,1,
7290012962561,false,קיסמי שיניים במבוק הוסטס) (500,אינטרסן (1996) בעמ,,,"י""ח",200,"י""ח",false,1,4.20,0.02,true,1,
7290012962950,false,מטלית מיקרופייבר לרצפות שלישיה ב-UNISUN PVC,אינטרסן (1996) בעמ,,,"י""ח",3,"י""ח",false,1,17,5.67,false,1,
7290012975875,false,כוסות יהלום בנדע שווה 75יח,ח.כהן סוכנות מזון ומשקאות בע,,,"י""ח",1,,false,1,9.30,9.30,true,1,
7290013021014,false,קציצות אנטריקוט 800ג,ח.י. מעדני גורמה בעמ,,,"י""ח",880,ל גרם,false,1,57.10,6.49,true,1,
7290013021069,false,מרגז ארוז 500גר`,ח.י. מעדני גורמה בעמ,,,"י""ח",500,ל גרם,false,1,31.50,6.30,true,1,
7290013021519,false,קבב טלה+צנובר 800ג,ח.י. מעדני גורמה בעמ,,,"י""ח",800,ל גרם,false,1,55.50,6.94,true,1,
7290013021861,false,קבב על מקל קנמון,ח.י. מעדני גורמה בעמ,,,"י""ח",1,"י""ח",false,1,38.30,38.30,true,1,
7290013027399,false,לחם קמח מלא קל בתוספת שיפון 750 ג' אנג'ל,מאפיית שלמה א. אנג'\ל בע,,,"י""ח",750,ל גרם,false,1,11.90,1.59,false,1,
7290013038432,false,מים אקווה נובה בקבוק יחיד,אקווה נובה Aqua Nova,,,"י""ח",2,ליטר,false,1,3.10,1.40,false,1,
7290013117212,false,בורקס פילו במילוי גבינה 600 גר`מעדנות,תנובה מרכז שיתופי לשיווק תוצרת,,,"י""ח",600,ל גרם,false,1,22.20,3.70,false,1,
7290013117526,false,בצק שמרים מרודד למאפים מתוקים מעדנות 900 גרם,תנובה מרכז שיתופי לשיווק תוצרת,,,"י""ח",900,ל גרם,false,1,19.60,2.18,false,1,
7290013121035,false,לחם פשתן ללא גלוטן 500 גר קפוא,אביב קונדיטוריה מעול,,,"י""ח",500,ל גרם,false,1,16.20,3.24,false,1,
7290013121165,false,לחמניות נקניקיה ללא גלוטן גרין לייט 6 * 77 גרם,אביב קונדיטוריה מעול,,,"י""ח",460,ל גרם,false,1,15.30,3.33,false,1,
7290013144171,false,"תערובת עוגת שוקולד 560 גרם ""מיימונס""",א.ל.ייצור ושיווק תבלינים בעמ,,,"י""ח",560,ל גרם,false,1,14.40,2.57,true,1,
7290013144195,false,מיימונס תערובת כדורי שוקולד 500 גרם.,א.ל.ייצור ושיווק תבלינים בעמ,,,"י""ח",500,ל גרם,false,1,14.40,2.88,true,1,
7290013144270,false,תערובת להכנת קרם פטיסייר מיימונס 100 גרם,א.ל. ייצור ושיווק תבלינים בע`מ,,,"י""ח",100,ל גרם,false,1,8.50,8.50,false,1,
7290013144614,false,"מיימונס סירופ מייפל אמיתי 100% מקנדה 236 מ""ל",א.ל.ייצור ושיווק תבלינים בעמ,,,"י""ח",236,"ל מ""ל",false,1,29.90,12.67,false,1,
7290013144980,false,תרסיס שמן קנולה מימונס 170 גרם,א.ל. ייצור ושיווק תבלינים בע`מ,,,"י""ח",170,"ל מ""ל",false,1,13.60,8,false,1,
7290013145024,false,מיימונס אגוז מלך טחון 100 גרם,א.ל. ייצור ושיווק תבלינים בע`מ,,,"י""ח",100,ל גרם,false,1,11,11,false,1,
7290013145109,false,שקד מולבון טחון מימונס 100 גרם,א.ל. ייצור ושיווק תבלינים בע`מ,,,"י""ח",100,ל גרם,false,1,11,11,true,1,
7290013145178,false,קוקוס לבן טחון מימונס (100 גרם),א.ל. ייצור ושיווק תבלינים בע`מ,,,"י""ח",100,ל גרם,false,1,3.90,3.90,false,1,
7290013145215,false,שומשום מימונס (400 גרם),א.ל.ייצור ושיווק תבלינים בעמ,,,"י""ח",400,ל גרם,false,1,12.70,3.18,false,1,
7290013145390,false,מימונס שוקולד צ'יפס מהדרין 250 גר,א.ל. ייצור ושיווק תבלינים בע`מ,,,"י""ח",250,ל גרם,false,1,8,3.20,false,1,
7290013145628,false,מימונס סוכריות צבעוניות לקישוט 200 גרם,א.ל. ייצור ושיווק תבלינים בע`מ,,,"י""ח",400,ל גרם,false,1,7.60,1.90,false,1,
7290013145840,false,סוכר וניל מימונס 10יח בצלופן,א.ל. ייצור ושיווק תבלינים בע`מ,,,"י""ח",10,"י""ח",false,1,2.90,0.29,false,1,
7290013145857,false,אבקת אפיה מימונס 10יח בצלופן,א.ל. ייצור ושיווק תבלינים בע`מ,,,"י""ח",10,"י""ח",false,1,2.90,0.29,false,1,
7290013145918,false,אבקת סוכר מיימונס 100 גרם,א.ל. ייצור ושיווק תבלינים בע`מ,,,"י""ח",100,ל גרם,false,1,1.60,1.60,false,1,
7290013145949,false,אבקת סוכר אריזת פטנט 250 גרם,א.ל. ייצור ושיווק תבלינים בע`מ,,,"י""ח",250,ל גרם,false,1,13.60,5.44,true,1,
7290013145956,false,שמרים יבשים בוואקום מיימונס 500 גרם,א.ל. ייצור ושיווק תבלינים בע`מ,,,"י""ח",500,ל גרם,false,1,11.90,2.38,false,1,
7290013145963,false,שמרים יבשים בוואקום מיימונס 125 גרם,א.ל. ייצור ושיווק תבלינים בע`מ,,,"י""ח",125,ל גרם,false,1,5,4,false,1,
7290013145970,false,קורנפלור מימונס בשקית 200 ג',א.ל. ייצור ושיווק תבלינים בע`מ,,,"י""ח",100,ל גרם,false,1,3.30,3.30,false,1,
7290013146762,false,מימונס קצפת מעולה 24% מעודנת 200מל,קפוא-זן תעשיות מזון בעמ - תפוג,,,"י""ח",200,"ל מ""ל",false,1,5.90,2.95,true,1,
7290013146816,false,אבקת סוכר שקית 500 מימונס,א.ל ייצור ושיווק תבלינים בעמ,,,"י""ח",200,ל גרם,false,1,6.20,3.10,false,1,
7290013156006,false,עוגיות כעכים לקפה מרוקאיות 200גר,הלל בן הלל שיווק ומסחר בעמ,,,"י""ח",300,ל גרם,false,1,14.40,4.80,false,1,
7290013156228,false,מרנג צילינדר אלף נשי,הלל בן הלל שיווק ומסחר בעמ,,,"י""ח",1,,false,1,17,17,false,1,
7290013177360,false,פומלה,ביכורי השדה צפון 1994 ג.ד. בעמ,,,"ק""ג",1,,true,1,7.90,7.90,false,1,
7290013268020,false,מקסימה מרכך כביסה מרוכז בניחוח אולטרא פרש סנו 1 ליטר,החברה הדרומית לשיווק בעמ,,,"י""ח",1,ליטר,false,1,15,15,false,1,
7290013268242,false,תרכיז ריחני לניקוי רצפות בריח מלון מפנק ריצפז פרש,החברה הדרומית לשיווק בעמ,,,"י""ח",1.45,ליטר,false,1,21.90,15.10,false,1,
7290013268983,false,מרכך כביסה סופר מרוכז בבישום עוצמתי סנו מקסימה 1 ל',החברה הדרומית לשיווק בעמ,,,"י""ח",1,ליטר,false,1,15,15,false,1,
7290013268990,false,מרכך כביסה מרוכז לבן ביו סנו מקסימה 1 ליטר,החברה הדרומית לשיווק בעמ,,,"י""ח",1,ליטר,false,1,15,15,false,1,
7290013269621,false,ריצפז פרש לניקוי רצפות בניחוח מלון בוטיק,החברה הדרומית לשיווק בעמ,,,"י""ח",1.45,ליטר,false,1,21.90,15.10,false,1,
7290013269669,false,ריצפז בניחוח פנטזיה לניקוי הרצפה,החברה הדרומית לשיווק בעמ,,,"י""ח",3,ליטר,false,1,12.90,4.30,false,1,
7290013269911,false,"סנו K-333 קוטל חרקים ללא ריח 750מ""ל",החברה הדרומית לשיווק בעמ,,,"י""ח",750,"ל מ""ל",false,1,25.60,3.41,false,1,
7290013276124,false,"בקבוק בירה נגב אמבר אייל 330 מ""ל",הכרם - משקאות חריפים בעמ,,,"י""ח",330,"ל מ""ל",false,1,11.30,3.33,true,1,
7290013276131,false,"בקבוק בירה נגב פורטר אלון 330 מ""ל",הכרם משקאות חריפים בעמ,,,"י""ח",330,"ל מ""ל",false,1,11.10,3.27,true,1,
7290013284310,false,רוטב פסטה לילדים פריניר 240 גרם,ח.כהן סוכנות מזון ומשקאות בע,,,"י""ח",70,ל גרם,false,1,5,7.14,false,1,
7290013284662,false,רוטב פיצה פיתה לילדים 240 ג' פריניר,ח.כהן סוכנות מזון ומשקאות בע,,,"י""ח",70,ל גרם,false,1,5,7.14,false,1,
7290013310118,false,"ממחטות כיס שישיה תלת שכבתי ""פנטזיה""",אינטרסן (1996) בעמ,,,"י""ח",1,,false,1,3.30,3.30,true,1,
7290013310385,false,כפפות ניטריל M כחולות ללא אבקה 80 יח' EASY TOUCH,אינטרסן (1996) בעמ,,,"י""ח",80,"י""ח",false,1,21.30,0.27,true,1,
7290013310392,false,כפפות ניטריל L כחולות ללא אבקה 80 יח' EASY TOUCH,אינטרסן (1996) בעמ,,,"י""ח",80,"י""ח",false,1,21.30,0.27,true,1,
7290013358356,false,פירורי לחם מוזהבים מאסטר שף (320גרם),ש. שסטוביץ בע`מ,,,"י""ח",320,ל גרם,false,1,5.90,1.84,false,1,
7290013358417,false,מאסטר שף אסייאתי רוטב טריאקי 300 מל כשלפ,קריניציה ויטמינה אס,,,"י""ח",300,"ל מ""ל",false,1,8.50,2.83,false,1,
7290013358431,false,קרוטונים לסלט מאסטר שף בטעם עגבניות ובזיליקום 200 גרם,עינת תעשיות מזון אגו,,,"י""ח",200,ל גרם,false,1,10.20,5.10,true,1,
7290013358486,false,מאסטר שף פירורים מוזהבים ללא צורך בביצה 300 ג,"מיוצר ע""י מנה י.א בע",,,"י""ח",300,ל גרם,false,1,5.90,1.97,false,1,
7290013358493,false,מאסטר שף אסייאתי קרם קוקוס פחית 400 מל,תאי קוקונט פבליק קומפני,,,"י""ח",400,"ל מ""ל",false,1,8.50,2.13,false,1,
7290013358516,false,"מיקסלט חמוציות, גרעינים, קטניות ואגוזים",ש. שסטוביץ בע`מ,,,"י""ח",150,ל גרם,false,1,12.70,8.47,false,1,
7290013358530,false,מאסטר שף אסייאתי רוטב צ'ילי מתוק 700 מל כשלפ,קריניציה ויטמינה אס,,,"י""ח",700,"ל מ""ל",false,1,10.20,1.46,false,1,
7290013358578,false,מנה אסייאתי אטריות אורז רחבות 400 ג מ.שף,ליינג טונג רייספלוור,,,"י""ח",400,ל גרם,false,1,7.60,1.90,false,1,
7290013361981,false,צ'יפס קפוא חתוך פרי הגליל,ויטה -פרי גליל (החדשה) בעמ,,,"י""ח",2,"ק""ג",false,1,23.90,11.95,false,1,
7290013361998,false,"סטייק צ'יפס פרי הגליל 2 ק""ג",ויטה- פרי גליל (החדשה) בעמ,,,"י""ח",2,"ק""ג",false,1,23.90,11.95,false,1,
7290013412966,false,רבעיית מגבונים תולי 72*4 יחידות,שקד תבל בעמ,,,"י""ח",4,"י""ח",false,1,13.50,3.38,true,1,
7290013430083,false,"בירה אלכסנדר בלונד בקבוק 330 מ""ל",מנדלז סי.אר. פרודקשן,,,"י""ח",330,"ל מ""ל",false,1,11.10,3.27,true,1,
7290013430250,false,אלכסנדר חיטה ישראלית בקבוק בודד 330 מל,אלכסנדר- בירה ישראלית מע,,,"י""ח",330,"ל מ""ל",false,1,11.10,3.27,true,1,
7290013472199,false,ערמונים קלופים וקלויים 105 גרם,ג.וילי פוד אינטרנשיונל בעמ,,,"י""ח",100,ל גרם,false,1,5,5,true,1,
7290013472892,false,בולגריה קוביות במי מלח - מרכיבי חלב ושומן צמחי,ג.וילי-פוד אינטרנשיונל **גבינו,,,"י""ח",200,ל גרם,false,1,11.90,5.95,false,1,
7290013472908,false,הבולגריה בקוביות ויליפוד 400 גרם,ג.וילי-פוד אינטרנשיונל **גבינו,,,"י""ח",400,ל גרם,false,1,18.60,4.65,true,1,
7290013492005,false,תפוח אדמה אדום למיקרו 600 ג',ביכורי השדה צפון 1994 ג.ד. בעמ,,,"י""ח",1,,false,1,8.90,8.90,true,1,
7290013531117,false,רוטב פסטה לילדים יכין (240 גר`),"זנלכל בע""\מ",,,"י""ח",240,ל גרם,false,1,6.50,2.71,false,1,
7290013531759,false,שעועית לבנה מבושלת במים יכין (550 גרם),זנלכול יכין,,,"י""ח",600,ל גרם,false,1,8.50,1.42,false,1,
7290013534057,false,"צ'יפס בטטה טבעי מיה 100ג' 'כשל""פ",מיה תעשיות מזון מ.ת.מ. בעמ,,,"י""ח",100,ל גרם,false,1,9.90,9.90,true,1,
7290013581648,false,אל מטאדור מינוט סטייק 250 גרם בלדי,בלדי בעמ,,,"י""ח",250,ל גרם,false,1,21.30,8.52,false,1,
7290013585233,false,"ספרייט זירו פחית סליק 330 מ""ל",החברה המרכזית להפצת משקאות בעמ,,,"י""ח",330,"ל מ""ל",false,1,3.90,1.09,true,1,
7290013585387,false,בקבוק זירו קוקה-קולה (1 ליטר),החברה המרכזית להפצת משקאות בעמ,,,"י""ח",1,ליטר,false,1,6.10,6.10,false,1,
7290013585394,false,בקבוק קוקה-קולה (1 ליטר),החברה המרכזית להפצת משקאות בעמ,,,"י""ח",1,ליטר,false,1,6.10,6.10,false,1,
7290013585967,false,מארז ספרייט זירו Fridge Pack פחית 6*33,החברה המרכזית להפצת משקאות בעמ,,,"י""ח",330,"ל מ""ל",false,1,20.40,5.73,false,1,
7290013608260,false,מיץ רימונים 100%מיץ סחוט טרי מצונן 1ליט,שטראוס גרופ בעמ/מצונן,,,"י""ח",1,ליטר,false,1,19.60,19.60,true,1,
7290013652645,false,אוליביול Oliveyol קרם לטיפול ומניעת תפרחת חיתולים,פישר תעשיות פרמצבטיות בעמ,,,"י""ח",100,ל גרם,false,1,27.10,27.10,false,1,
7290013652782,false,נטורל קר קרם לחות לשיער מתולתל- יסמין ופרחי מגנוליה,"פישר תעשיות פרמבצטיות בע""מ",,,"י""ח",400,"ל מ""ל",false,1,15.20,3.80,true,1,
7290013677273,false,תבלין גריל דג 80 גרם-שקית,מיה תעשיות מזון מ.ת.מ בעמ,,,"י""ח",80,ל גרם,false,1,4.70,5.88,false,1,
7290013677297,false,תבלין אבקת בצל 80 גרם-שקית,מיה תעשיות מזון מ.ת.מ בעמ,,,"י""ח",80,ל גרם,false,1,4.70,5.88,false,1,
7290013677334,false,תבלין על האש בשקית מיה 50 גרם,מיה תעשיות מזון מ.ת.מ בעמ,,,"י""ח",50,ל גרם,false,1,4.70,9.40,false,1,
7290013677679,false,סודה לשתיה בשקית מיה 80 גרם,מיה תעשיות מזון מ.ת.מ. בעמ,,,"י""ח",80,ל גרם,false,1,4,5,false,1,
7290013677693,false,תבלין פלפל שחור גרוס שקית 50 גרם,מיה תעשיות מזון מ.ת.מ בעמ,,,"י""ח",1,,false,1,8,8,false,1,
7290013713001,false,"בירה JEM'S אמבר אייל בקבוק 330 מ""ל",גמס מפעלי בירה,,,"י""ח",330,"ל מ""ל",false,1,11.10,3.27,true,1,
7290013713049,false,בירה ג`מס בקבוק 8.80% אלכוהול ( 330 מל),אגודת הכורמים -כרמל מזרחי,,,"י""ח",330,"ל מ""ל",false,1,11.10,3.27,true,1,
7290013713124,false,"בירה גמס קראפט אייל בהיר 330 מ""ל",אגודת הכורמים,,,"י""ח",330,"ל מ""ל",false,1,11.10,3.27,true,1,
7290013848345,false,מארז מטליות לחיטוי וניקוי יסודי אנטיבקטריאלי 99.9%,החברה הדרומית לשיווק בעמ,,,"י""ח",3,"י""ח",false,1,21.30,7.10,false,1,
7290013883148,false,סופג ריחות במקרר ווליט 40 גרם,יעקב יעקבי ובניו בעמ,,,"י""ח",300,"ל מ""ל",false,1,11.90,3.97,false,1,
7290013883407,false,"דזיטול מרסס לחיטוי כללי יעקבי 750 מ""ל",יעקב יעקבי ובניו בע`מ,,,"י""ח",1,ליטר,false,1,9.30,9.30,false,1,
7290013906052,false,נקניקיות פרגיות טירת צבי 300 גרם,תנובה מרכז שיתופי לשיווק תוצרת,,,"י""ח",300,ל גרם,false,1,15,5,false,1,
7290013906496,false,פסטרמה עגל בסגנון רומני טירת צבי 120 גר,הנסיך- מפעל לייצור ט,,,"י""ח",120,ל גרם,false,1,13.10,10.92,false,1,
7290013906687,false,פסט' צמד כפרית ברביקיו ודבש 300X2ג' טירת צבי,תנובה מרכז שיתופי לשיווק תוצרת,,,"י""ח",600,ל גרם,false,1,25.60,4.27,false,1,
7290013906694,false,נקניקיות שקית קילו וחצי טירת צבי,תנובה מרכז שיתופי לשיווק תוצרת,,,"י""ח",1.50,"ק""ג",false,1,39.90,26.60,false,1,
7290013927057,false,א. עוגיות שוקולד צ'יפס במגש 400 גר',אחדות בעמ,,,"י""ח",400,ל גרם,false,1,9.30,2.33,false,1,
7290013927101,false,אחווה עוגה תפוחים ללא תוספת סוכר 450גר,אחדות ביחר לטחינה חל,,,"י""ח",450,ל גרם,false,1,10.10,2.24,false,1,
7290013927156,false,אחוה בטעם פירות יער ללא תוספת סוכר 450 גרם.,אחדות ביחר לטחינה חל,,,"י""ח",450,ל גרם,false,1,10.10,2.24,false,1,
7290013927323,false,אחדות עוגת בראוניס 400 גרם,אחדות ביחר לטחינה חל,,,"י""ח",450,ל גרם,false,1,9.30,2.07,false,1,
7290013927637,false,חלוה ללא תוספת סוכר במגש 400 גר' אחוה,אחדות ביחר לטחינה חל,,,"י""ח",400,ל גרם,false,1,11,2.75,false,1,
7290013927804,false,"טחינה גולמית משומשום מלא אחוה 1 ק""ג",אחדות ביחר לטחינה חל,,,"י""ח",1,"ק""ג",false,1,18.70,18.70,false,1,
7290013927996,false,עוגת שמרים קרנץ בטעם שוקולד אחוה 400 גרם,אחדות ביחר לטחינה חל,,,"י""ח",400,ל גרם,false,1,9.30,2.33,false,1,
7290013961051,false,מארז 10יח פיתות(דוקטור פיתה),דר פיתה בעמ,,,"י""ח",1,,false,1,17,17,false,1,
7290013971555,false,סוללות 12יח מעורב פוגיקום,פוגיקום בעמ,,,"י""ח",1,,false,1,17,17,true,1,
7290014002128,false,תה ירוק לימונית ומנטה 25 שקיקים ויסוצקי,תה ויסוצקי (ישראל)בעמ,,,"י""ח",25,ל גרם,false,1,21.30,85.20,true,1,
7290014002197,false,חליטת קמומיל ולימונית הגן הקסום ויסוצקי 25 יחידות,תה ויסוצקי (ישראל) בעמ,,,"י""ח",37.50,ל גרם,false,1,15.30,40.80,true,1,
7290014002203,false,חליטת לימונית ולואיזה הגן הקסום ויסוצקי 25 יחידות,תה ויסוצקי (ישראל) בעמ,,,"י""ח",37.50,ל גרם,false,1,15.30,40.80,true,1,
7290014002982,false,תה ירוק לימונית ולואיזה ויסוצקי 25 יחידות תוספת סטיביה,תה ויסוצקי (ישראל) בעמ,,,"י""ח",1,,false,1,21.30,21.30,true,1,
7290014016132,false,לחמניות ביס עשירייה,נטורל קייקס בעמ,,,"י""ח",10,"י""ח",false,1,16,1.60,false,1,
7290014046016,false,פסטרמה של פעם דל שומן 2% רכיבים טבעיים,מעדני יחיעם ( 1993 ) בע`מ,,,"י""ח",250,ל גרם,false,1,28.40,11.36,false,1,
7290014046030,false,"מוס כבד עוף 140 גרם ""יחיעם""",מעדני יחיעם ( 1993 ) בע`מ,,,"י""ח",140,ל גרם,false,1,12.70,9.07,false,1,
7290014046764,false,סלמי פפרוני יחיעם 200 גרם,מעדני יחיעם (1993) בעמ,,,"י""ח",200,ל גרם,false,1,11,5.50,false,1,
7290014059085,false,"משחת שיניים סנסודיין 75 מ""ל פרימיום לשיקום והגנה","סמית קליין ביצ'ם בע""",,,"י""ח",75,"ל מ""ל",false,1,22.10,29.47,true,1,
7290014066359,false,לנדוור-קפסולות אספרסו בלנסד(06) - 10יח'12X יח,"קפה לנדוור בע""\מ",,,"י""ח",10,"י""ח",false,1,14.40,1.44,true,1,
7290014066533,false,לנדוור-קפסולות אספרסו קלייה כפולה(12) - 10יח'12X יח,ש.שסטוביץ בעמ,,,"י""ח",10,"י""ח",false,1,14.40,1.44,true,1,
7290014068971,false,בייגל אמריקאי כפרי,מאפיית הראשונים מ.ל. בעמ,,,"י""ח",1,"י""ח",false,1,3.80,3.80,false,1,
7290014083479,false,גבינה פרוסה גאודה 27% שומן EURO CHEESE ויליפוד 150 גרם,ג.וילי פוד אינטרנשיונל בעמ,,,"י""ח",150,ל גרם,false,1,8.50,5.67,false,1,
7290014083806,false,עוגיות בטעם חמאה 350 גרם בפח,ג. וילי-פוד אינטרנשיונל בע`מ,,,"י""ח",350,ל גרם,false,1,9.50,2.71,false,1,
7290014094352,false,אגוז מלך טבעי ששון הקולה (200 גרם),דין שיווק וקליה 2021 בעמ,,,"י""ח",250,ל גרם,false,1,12.70,5.08,false,1,
7290014094369,false,שקד טבעי קלוף ששון הקולה (200 גרם),דין שיווק וקליה 2021 בעמ,,,"י""ח",250,ל גרם,false,1,17,6.80,false,1,
7290014094383,false,משמש בקופסא ששון הקולה 250 גר`,דין שיווק וקליה 2021 בעמ,,,"י""ח",250,ל גרם,false,1,17,6.80,false,1,
7290014094406,false,צימוק לבן בקופסא ששון הקולה 330 גרם,דין שיווק וקליה 2021 בעמ,,,"י""ח",250,ל גרם,false,1,15.30,6.12,false,1,
7290014094628,false,פקאן טבעי ששון הקולה (200 גרם),דין שיווק וקליה 2021 בעמ,,,"י""ח",200,ל גרם,false,1,23,11.50,false,1,
7290014094642,false,אגוזי קשיו טבעיים ששון הקולה (250 גרם),דין שיווק וקליה 2021 בעמ,,,"י""ח",200,ל גרם,false,1,17,8.50,false,1,
7290014094659,false,בונדוק טבעי 250 גרם בקופסא,דין שיווק וקליה 2021 בעמ,,,"י""ח",250,ל גרם,false,1,28.10,11.24,false,1,
7290014094796,false,משמשים מיובשים בשקית ששון הקולה 300 גרם,דין שיווק וקליה 2021 בעמ,,,"י""ח",300,ל גרם,false,1,19.60,6.53,false,1,
7290014094833,false,צימוק בהיר 300 גרם ששון הקולה,דין שיווק וקליה 2021 בעמ,,,"י""ח",300,ל גרם,false,1,11,3.67,false,1,
7290014094895,false,אגוזים קלופים בשקית ששון הקולה 150 גרם,דין שיווק וקליה 2021 בעמ,,,"י""ח",150,ל גרם,false,1,11,7.33,false,1,
7290014094901,false,פקאן טבעי 150 גרם ששון הקולה,דין שיווק וקליה 2021 בעמ,,,"י""ח",150,ל גרם,false,1,19.60,13.07,false,1,
7290014095861,false,שיבולת שועל דקה בשקית שקדיה 500 גרם,דין שיווק וקליה 2021 בעמ,,,"י""ח",500,ל גרם,false,1,5,1,false,1,
7290014095960,false,שיבולת שועל עבה בשקית שקדיה 500 גרם,דין שיווק וקליה 2021 בעמ,,,"י""ח",500,ל גרם,false,1,5,1,false,1,
7290014205000,false,צלחות גדולות 50 יחידות,ח.כהן סוכנות מזון ומשקאות בע,,,"י""ח",50,"י""ח",false,1,12.70,0.25,false,1,
7290014205024,false,"קעריות אובלי ח""פ לבן 25 יח!",ח.כהן סוכנות מזון ומשקאות בע,,,"י""ח",30,"י""ח",false,1,5,0.17,true,1,
7290014205031,false,"לפתניה לבן 25 יח ""שווה"" *",ח.כהן סוכנות מזון ומשקאות בע,,,"י""ח",25,"י""ח",false,1,4.20,0.17,true,1,
7290014205048,false,disposable plastic 17 cm soup plate 25,ח.כהן סוכנות מזון ומשקאות בע,,,"י""ח",2500,ל גרם,false,1,6.80,0.27,false,1,
7290014205055,false,"צלחת עמוקה""שווה""30יח לבן",ח.כהן סוכנות מזון ומשקאות בע,,,"י""ח",30,"י""ח",false,1,12.70,0.42,false,1,
7290014205062,false,"כוסות ח""פ פלסטיק 100""שווה"".",ח.כהן סוכנות מזון ומשקאות בע,,,"י""ח",100,"י""ח",false,1,7.60,0.08,false,1,
7290014205093,false,דבש 350ג שווה,ח.כהן סוכנות מזון ומשקאות בע,,,"י""ח",350,ל גרם,false,1,16.20,4.63,false,1,
7290014205116,false,כוסות שקוף שמש 140יח שווה,ח.כהן סוכנות מזון ומשקאות בע,,,"י""ח",140,"י""ח",false,1,14.40,0.10,false,1,
7290014205147,false,"צלחת קטן צבעוני 25 יח ""שווה"" *",ח.כהן סוכנות מזון ומשקאות בע,,,"י""ח",25,"י""ח",false,1,5.90,0.24,false,1,
7290014205185,false,"צלחת ענק צבעוני 25 יח ""שווה "" *",ח.כהן סוכנות מזון ומשקאות בע,,,"י""ח",25,"י""ח",false,1,16.20,0.65,false,1,
7290014205581,false,גביעי יין 12יח שווה,ח.כהן סוכנות מזון ומשקאות בע,,,,1,,false,1,11.90,11.90,false,1,
7290014205673,false,שמן סויה מזוכך 1 ליטר,ח.כהן סוכנויות מזון ומשקאות***,,,"י""ח",1,ליטר,false,1,8.50,8.50,false,1,
7290014205765,false,מפות שולחן 8* עבה במיוחד 1.35/2.4 מ`שו,ח.כהן סוכנות מזון ומשקאות בע,,,"י""ח",25,"י""ח",false,1,10.20,0.41,false,1,
7290014205772,false,"מפות שולחן 8* עבה שקוף""שווה""",ח.כהן סוכנות מזון ומשקאות בע,,,"י""ח",1,,false,1,6.80,6.80,false,1,
7290014205796,false,"שקיות מזון זוג בקופסה 150*2 יח ""שווה""*",ח.כהן סוכנות מזון ומשקאות בע,,,"י""ח",750,"ל מ""ל",false,1,10.20,1.36,false,1,
7290014205802,false,שקיות הקפאה שווה 200יח זוג,ח.כהן סוכנות מזון ומשקאות בע,,,"י""ח",200,"י""ח",false,1,7.50,0.04,false,1,
7290014205857,false,"שקיות אפור ""75/90 שווה""20 יח`ממוחזר.",ח.כהן סוכנות מזון ומשקאות בע,,,"י""ח",20,"י""ח",false,1,9.30,0.47,true,1,
7290014205864,false,"שקיות כתום 75/90 ""שווה"" 50יח",ח.כהן סוכנות מזון ומשקאות בע,,,"י""ח",50,"י""ח",false,1,7.50,0.15,false,1,
7290014206021,false,מאפינס נייר קטנים 20יח שווה,ח.כהן סוכנות מזון ומשקאות בע,,,"י""ח",12,"י""ח",false,1,6.80,0.57,false,1,
7290014206113,false,"תבניות נייר עגולות בינוניות 3 יח`""שווה""",ח.כהן סוכנות מזון ומשקאות בע,,,"י""ח",12,"י""ח",false,1,8.50,0.71,false,1,
7290014206847,false,סרדינים שמן סויה 125גר שווה מרוקו,ח.כהן סוכנות מזון ומשקאות בע,,,"י""ח",125,ל גרם,false,1,4.20,3.36,false,1,
7290014206892,false,אנשובי צנצנת 100 ג` שמן חמניות שווה*,ח.כהן סוכנות מזון ומשקאות בע,,,"י""ח",100,ל גרם,false,1,11,11,false,1,
7290014206922,false,"קערית אובלית קשוף ""שווה"" 20יח",ח.כהן סוכנות מזון ומשקאות בע,,,"י""ח",2000,ל גרם,false,1,5.90,0.30,false,1,
7290014218321,false,בורקס אישי יפו גבינה מעדנות 600 גרם,תנובה מרכז שיתופי לשיווק תוצרת,,,"י""ח",600,ל גרם,false,1,15.30,2.55,false,1,
7290014218338,false,"בורקס אישי יפו תפו""א מעדנות 600 גרם",מיוצר עי קונדיטוריית,,,"י""ח",600,ל גרם,false,1,13.60,2.27,false,1,
7290014218505,false,"שלישית פיצות בחבק 3 יח`מעדנות 1.08 ק""",תנובה ענף ב.ע.ד,,,"י""ח",1.08,"ק""ג",false,1,29.80,27.59,false,1,
7290014218536,false,בצק עלים מרודד מופחת שומן מעדנות 1 קג,תנובה ענף ב.ע.ד,,,"י""ח",1,"ק""ג",false,1,18.70,18.70,false,1,
7290014218932,false,חטיפי פיצה בתוספ זיתים בשקית מעדנות 710 גרם,מיוצר עי קונדיטוריית,,,"י""ח",710,ל גרם,false,1,33.90,4.77,false,1,
7290014288058,false,"להבונים 50 שקית ""שווה""",ח.כהן סוכנות מזון ומשקאות בע,,,"י""ח",1,,false,1,9.30,9.30,true,1,
7290014288072,false,כריות יפניות רביעייה שווה,ח.כהן סוכנות מזון ומשקאות בע,,,"י""ח",1,"י""ח",false,1,5.90,5.90,false,1,
7290014288195,false,מפת שולחן אל בד 1.8/1.1,ח.כהן סוכנות מזון ומשקאות בע,,,"י""ח",1.80,מטר,false,1,5.90,3.28,false,1,
7290014288300,false,עלי טורטייה שווה 8 יח' 320 גרם,ח.כהן סוכנות מזון ומשקאות בע,,,"י""ח",320,ל גרם,false,1,9.30,2.91,true,1,
7290014288317,false,עלי טורטייה שווה 6 יח' 420 גרם,ח.כהן סוכנות מזון ומשקאות בע,,,"י""ח",320,ל גרם,false,1,9.30,2.91,true,1,
7290014288324,false,עלי טורטייה מקמח מלא שווה 8 יח' 320 גרם,ח.כהן סוכנות מזון ומשקאות בע,,,"י""ח",320,ל גרם,false,1,9.30,2.91,true,1,
7290014288379,false,"ערמונים 100 גר` ""שווה""",ח.כהן סוכנות מזון ומשקאות בע,,,"י""ח",100,ל גרם,false,1,5,5,true,1,
7290014288454,false,"נרות חנוכה מיוחדים מהודרים ""שווה"" *",ח.כהן סוכנות מזון ומשקאות בע,,,"י""ח",1,,false,1,5.90,5.90,false,1,
7290014288461,false,נר נשמה שווה 24 שעות,ח.כהן סוכנות מזון ומשקאות בע,,,"י""ח",1,,false,1,2.50,2.50,true,1,
7290014288584,false,נייר אפיה 50 יחידות איכותי שווה*,ח.כהן סוכנות מזון ומשקאות בע,,,"י""ח",50,"י""ח",false,1,8.50,0.17,true,1,
7290014288645,false,מגבונים מגבופיל 72יח שווה,ח.כהן סוכנות מזון ומשקאות בע,,,"י""ח",72,"י""ח",false,1,16.20,0.23,true,1,
7290014288720,false,כוסות וודקה 350CC שווה,ח.כהן סוכנות מזון ומשקאות בע,,,,10,"י""ח",false,1,8.50,0.85,false,1,
7290014288737,false,"כוסות חד פעמי מעוטרות 40יח 285מ""ל שווה",ח.כהן סוכנות מזון ומשקאות בע,,,"י""ח",40,"י""ח",false,1,11,0.28,false,1,
7290014288980,false,נייר טישו חמישיה (10 יח בקרטון) שווה*,ח.כהן סוכנות מזון ומשקאות בע,,,"י""ח",5,"י""ח",false,1,10.20,2.04,false,1,
7290014325135,false,"קונפיטורה אוכמניות 340 גרם כשל""פ חתם סופר",מיה תעשיות מזון מ.ת.מ בעמ,,,"י""ח",3400,ל גרם,false,1,11.90,0.35,false,1,
7290014325531,false,"חמאת בוטנים 500ג מיה כשל""פ בד""צ",מיה תעשיות מזון מ.ת.מ בעמ,,,"י""ח",500,ל גרם,false,1,11,2.20,false,1,
7290014397163,false,"מטהר אוויר פרש הום פריחת השקד, ורד אנגלי וכותנה",החברה הדרומית לשיווק בעמ,,,"י""ח",165,ל גרם,false,1,13.90,8.42,false,1,
7290014397286,false,מרכך כביסה מרוכז חלב ודבש סנו מקסימה 1 ליטר,החברה הדרומית לשיווק בעמ,,,"י""ח",1,ליטר,false,1,15,15,false,1,
7290014397835,false,סנו - מט דוחה יתושים נוזלי מכשיר + מילוי 45 לילות,החברה הדרומית לשיווק בעמ,,,"י""ח",1,,false,1,38.40,38.40,false,1,
7290014397873,false,מרכך כביסה בבישום עוצמתי ג'נטל בריז,החברה הדרומית לשיווק בעמ,,,"י""ח",4,ליטר,false,1,18.70,4.68,false,1,
7290014435704,false,סלמון מעושן פרוס 100ג(שמיר),שבעת הימים - שמיר,,,"י""ח",100,ל גרם,false,1,18.70,18.70,false,1,
7290014455245,false,גבינה גרנה פדנו משולש גד 200 גר',מחלבות גד שיווק 1992 בעמ,,,"י""ח",200,ל גרם,false,1,20.40,10.20,false,1,
7290014455252,false,גבינת גרנה פדנו מגורדת 29% גד (100 גרם),מחלבות גד שיווק 1992 בעמ,,,"י""ח",100,ל גרם,false,1,12.90,12.90,false,1,
7290014455467,false,ירח מתוק מעדן חלב 2% ושיבולת שועל גד 150ג',מחלבות גד שיווק 1992 בעמ,,,"י""ח",150,"ל מ""ל",false,1,6,4,false,1,
7290014459137,false,"תפוגן סטייק צ'יפס 1.5 ק""ג אסם",קבוצת אוסם סחר שותפות מוגבלת,,,"י""ח",1.50,"ק""ג",false,1,24.90,16.60,false,1,
7290014459373,false,"צ'יפס קראנצ'י לתנור קפוא תפוגן 1.5ק""ג",קבוצת אוסם סחר שותפות מוגבלת,,,"י""ח",1.50,"ק""ג",false,1,25.90,17.27,false,1,
7290014459472,false,"תפוגן צ יפס קלאסי 2ק""ג (תפוגן)",קבוצת אוסם סחר שותפות מוגבלת,,,"י""ח",2.50,"ק""ג",false,1,25.90,10.36,false,1,
7290014466128,false,"יין הר חרמון אינדיגו 750 מ""ל",מיוצר וממולא על ידי יקב,,,"י""ח",750,"ל מ""ל",false,1,33.90,4.48,true,1,
7290014466609,false,יין גמלא מרלו עברית 2018*,היכל היין שקד גולן בעמ,,,"י""ח",1,,false,1,55.50,55.50,true,1,
7290014471429,false,"מוזלי עם פירות 1 ק""ג - 429 סגול שקדיה",דין שיווק וקליה 2021 בעמ,,,"י""ח",0,"ק""ג",false,1,17,17,true,1,
7290014472228,false,תאנים ששון הקולה (330 גרם),דין שיווק וקליה 2021 בעמ,,,"י""ח",250,ל גרם,false,1,17,6.80,false,1,
7290014472235,false,פקאן סיני מסוכר ששון הקולה (200 גרם),דין שיווק וקליה 2021 בעמ,,,"י""ח",250,ל גרם,false,1,23,9.20,false,1,
7290014472426,false,קונפיטורה דובדבן חמוץ 450 ג' שקדיה,דין שיווק וקליה 2021 בעמ,,,"י""ח",450,ל גרם,false,1,11.80,2.62,false,1,
7290014472471,false,גרעיני חמנייה קלוי ענק ששון הקולה 200 גרם,דין שיווק וקליה 2021 בעמ,,,"י""ח",200,ל גרם,false,1,6.80,3.40,false,1,
7290014503328,false,"יין עלמה סקארלט 750 מ""ל דלתון",הכרם משקאות חריפים בעמ,,,"י""ח",750,"ל מ""ל",false,1,85.40,11.35,false,1,
7290014525290,false,חטיפי סלים דליס קריספי תות מרבה 125 גרם,סלים דליס Slim Delis,,,"י""ח",120,ל גרם,false,1,11,9.17,true,1,
7290014525672,false,מרבה על חלל עוגיות קקאו וסוכריות שוקולד חלב 140 גרם,ש.שסטוביץ בעמ,,,"י""ח",140,ל גרם,false,1,8.50,6.07,false,1,
7290014555082,false,מים מזוקקים 4 ליטר מקסול,סאסאטק אגשח בעמ,,,"י""ח",1,,false,1,10.20,10.20,false,1,
7290014673007,false,תערובת עשבי תיבול בסגנון ים תיכוני מימון 40 גרם,א.ל ייצור ושיווק תבלינים בעמ,,,"י""ח",40,ל גרם,false,1,9.80,24.50,true,1,
7290014673137,false,תערובת תיבול לפיצה מימון 100 גרם,א.ל.יצור ושיווקתבלינים בעמ,,,"י""ח",100,ל גרם,false,1,9.80,9.80,true,1,
7290014673366,false,כורכום טחון תבליני מימון (250 גרם),א.ל. ייצור ושיווק תבלינים בע`מ,,,"י""ח",250,ל גרם,false,1,18.70,7.48,false,1,
7290014673380,false,כמון טחון תבליני מימון 250 גרם,א.ל. ייצור ושיווק תבלינים בע`מ,,,"י""ח",250,ל גרם,false,1,18.70,7.48,false,1,
7290014673618,false,תבלינים זנגביל בצנצנת 30 גרם,א.ל.ייצור ושיווק תבלינים בעמ,,,"י""ח",40,ל גרם,false,1,9.80,24.50,false,1,
7290014674004,false,קריספ פירורי לחם שומשום ומלח ים 300 גרם מיימונס,א.ל ייצור ושיווק תבלינים בעמ,,,"י""ח",300,ל גרם,false,1,6.80,2.27,true,1,
7290014692305,false,גבינת קממבר EURO CHEESE ויליפוד 125 גרם,ג.וילי-פוד אינטרנשיונל **גבינו,,,"י""ח",125,ל גרם,false,1,16.40,13.12,false,1,
7290014692541,false,פתיתים מגורדת וילי פוד (500 גרם)GOLDEN,ג.וילי-פוד אינטרנשיונל **גבינו,,,"י""ח",500,ל גרם,false,1,17,3.40,false,1,
7290014692817,false,גבינת מוצרלה מגורדתEURO CHEESE ויליפוד 200 גרם,ג.וילי-פוד אינטרנשיונל **גבינו,,,"י""ח",200,ל גרם,false,1,16.90,8.45,false,1,
7290014749078,false,מקלוני קבנוס עוף טוב 200 גרם,קבוצת אוסם סחר-שות.מוגבלת,,,"י""ח",200,ל גרם,false,1,16.90,8.45,false,1,
7290014749245,false,ספיישל רצועות שניצל שומשום עוף טוב 600 גרם,קבוצת אוסם סחר שותפות מוגבלת,,,"י""ח",700,ל גרם,false,1,39.90,5.70,true,1,
7290014749887,false,שניצל דק ענק קריספי קלאסי עוף טוב 720 גרם,קבוצת אוסם סחר שותפות מוגבלת,,,"י""ח",720,ל גרם,false,1,44.90,6.24,true,1,
7290014758100,false,מאגדת יוגורט ביו 3% שומן 8 יח' *150ג' תנובה,מיוצר עי קונדיטוריית,,,"י""ח",1.20,ליטר,false,1,17.40,14.50,true,1,
7290014758681,false,גבינת קוטג`1% בגביע תנובה (250 גרם),מיוצר עי קונדיטוריית,,,"י""ח",275,ל גרם,false,1,5.90,2.15,false,1,
7290014760134,false,"מעדן סויה בטעם וניל תנובה 125 מ""ל",תנובה Alternative,,,"י""ח",125,"ל מ""ל",false,1,3.70,2.96,false,1,
7290014761056,false,מעדן שוקולד חלב יולו תנובה 123 גרם,מיוצר עי קונדיטוריית,,,"י""ח",123,"ל מ""ל",false,1,3.90,3.17,false,1,
7290014761063,false,מעדן שוקולד מריר יולו תנובה 123 גרם,מיוצר עי קונדיטוריית,,,"י""ח",123,"ל מ""ל",false,1,3.90,3.17,false,1,
7290014761070,false,מעדן שוקולד לבן יולו תנובה 123 גרם,מיוצר עי קונדיטוריית,,,"י""ח",123,"ל מ""ל",false,1,3.90,3.17,false,1,
7290014761414,false,יולו מעדן שכבות שוקולד חלב ולבן 123 גר,מיוצר עי קונדיטוריית,,,"י""ח",123,"ל מ""ל",false,1,3.90,3.17,false,1,
7290014761438,false,פיראוס בולגרית קלאסית 24% סמי מעדניה 400,תנובה מרכז שיתופי לש,,,"י""ח",400,ל גרם,false,1,24.40,6.10,false,1,
7290014761612,false,מעדן שכבות שוקולד מריר ולבן יולו 122 גרם,מיוצר עי קונדיטוריית,,,"י""ח",123,"ל מ""ל",false,1,4.50,3.66,false,1,
7290014761698,false,"גבינת עמק 28% סמי חצי קשה 600 גרם בד""ץ",תנובה מרכז שיתופי לש,,,"י""ח",600,ל גרם,false,1,25.60,4.27,false,1,
7290014762800,false,מעדן סויה שוקולד גביע 125 גרם אלטרנטיב,תנובה מרכז שיתופי לש,,,"י""ח",125,"ל מ""ל",false,1,3.70,2.96,false,1,
7290014762909,false,פתיתי מוצרלה השף הלבן 10% תוספת מתנה,"תנובה, מחלבת תל יוסף",,,"י""ח",200,ל גרם,false,1,16.90,8.45,false,1,
7290014789913,false,עוגיות אוראו קרם בטעם וניל מארז 176 גרם,דיפלומט מפיצים (1968) בעמ**,,,"י""ח",352,ל גרם,false,1,20.30,5.77,true,1,
7290014791336,false,מי מינרלים בודד ליטר,יפאורה שותפות מוגבלת לשיווק,,,"י""ח",500,"ל מ""ל",false,1,3.60,0.66,false,1,
7290014855434,false,מגבונים בייביסיטר פרפורמנס מבושם רביעיה,בייביסיטר Babysitter,,,"י""ח",1,,false,1,13.60,13.60,true,1,
7290014905498,false,הפי מטליות דו צדדיות בגליל 20 מטליות,"יעקב יעקבי ובניו בע""מ",,,"י""ח",1,,false,1,10.10,10.10,false,1,
7290014905689,false,"נוזל כלים הפי מרוכז 24% תפוח 750 מ""ל","יעקב יעקבי ובניו בע""מ",,,"י""ח",750,"ל מ""ל",false,1,6.80,0.91,false,1,
7290014905696,false,"נוזל כלים הפי מרוכז 24% לימון 750 מ""ל","יעקב יעקבי ובניו בע""מ",,,"י""ח",750,"ל מ""ל",false,1,6.80,0.91,false,1,
7290014905733,false,נוזל לניקוי חלונות הפי (750 מל),"יעקב יעקבי ובניו בע""מ",,,"י""ח",750,"ל מ""ל",false,1,7.60,1.01,true,1,
7290014940086,false,הלחמניה להמבורגר 50*8ג,מאפיית שלמה א. אנג'ל,,,"י""ח",1,,false,1,8.40,8.40,false,1,
7290014940901,false,לחם פשוט מלא לילדים פרוס אנג`ל (750 גרם),מאפיית שלמה א. אנג'\ל בע,,,"י""ח",750,ל גרם,false,1,12.70,1.69,false,1,
7290015005555,false,"צ'יפס אמריקאי 2 ק""ג פרי הגליל",ויטה- פרי גליל (החדשה) בעמ,,,"י""ח",2,"ק""ג",false,1,23.90,11.95,false,1,
7290015014168,false,בייבי מיקס רמי לוי,ביכורי השדה צפון 1994 ג.ד. בעמ,,,"י""ח",300,ל גרם,false,1,9.90,3.30,false,1,
7290015014182,false,לבבות קיסר בנספק רמי לוי,ביכורי השדה צפון 1994 ג.ד. בעמ,,,"י""ח",300,ל גרם,false,1,9.90,3.30,true,1,
7290015014427,false,אורגנו רמי לוי,ביכורי השדה צפון 1994 ג.ד. בעמ,,,"י""ח",1,,false,1,6.90,6.90,false,1,
7290015014465,false,רוזמרין (בוסתן),ביכורי השדה צפון 1994 ג.ד. בעמ,,,"י""ח",1,,false,1,6.90,6.90,false,1,
7290015014472,false,קורנית(בוסתן),ביכורי השדה צפון 1994 ג.ד. בעמ,,,"י""ח",1,,false,1,6.90,6.90,false,1,
7290015027021,false,עוגות שמרים פרימיום 500גר,הלל בן הלל שיווק ומסחר בעמ,,,"י""ח",500,ל גרם,false,1,18.70,3.74,false,1,
7290015039482,false,גבינת אדם פלח 230גרם 24%שומן - הולנד,ג.וילי-פוד אינטרנשיונל **גבינו,,,"י""ח",230,ל גרם,false,1,18.70,8.13,false,1,
7290015139267,false,שוקולד מריר עם שקדים ללא תוספת סוכר וסטהיים,"כרמית תעשיות ממתקים בע""\",,,"י""ח",85,ל גרם,false,1,5.50,6.47,true,1,
7290015139557,false,חופשי ופל שוקו ללא גלוטן כרמית 200 גרם,כרמית תעשיות ממתקים בעמ,,,"י""ח",200,ל גרם,false,1,9.30,4.65,false,1,
7290015150088,false,מחית עגבניות קלה גרנד איטליה 700 גרם,תה ויסוצקי (ישראל) בעמ,,,"י""ח",700,ל גרם,false,1,10.90,1.56,true,1,
7290015150361,false,תה ירוק נענע בתוספת סטיביה ויסוצקי (25),תה ויסוצקי (ישראל) בעמ,,,"י""ח",1,,false,1,21.30,21.30,true,1,
7290015155847,false,מחית סלט פירות חטיפטף ללא תוספת סוכר,גורי מוצרי צריכה (1991) בעמ,,,"י""ח",120,ל גרם,false,1,6.60,5.50,true,1,
7290015156776,false,מחית פירות טרופיים חטיפטף ללא תוספת סוכר,גורי מוצרי צריכה (1991) בעמ,,,"י""ח",120,ל גרם,false,1,6.60,5.50,true,1,
7290015156790,false,מחית לפתן פירות חטיפטף ללא תוספת סוכר,גורי מוצרי צריכה (1991) בעמ,,,"י""ח",120,ל גרם,false,1,6.60,5.50,true,1,
7290015176385,false,מברשת שיניים חשמלית לילדים בצבע כחול,פוגיקום בעמ,,,"י""ח",1,,false,1,34.10,34.10,true,1,
7290015176781,false,מכונת גילוח פוגיקום,פוגיקום בעמ,,,"י""ח",1,,false,1,85.40,85.40,true,1,
7290015282581,false,חומוס אבו גוש עם חריף שמיר 200 גרם,"סלטי שמיר 2006 בע""מ",,,"י""ח",200,ל גרם,false,1,10.20,5.10,true,1,
7290015282598,false,חומוס מסעדות גורמה שמיר 200 גרם,"סלטי שמיר 2006 בע""מ",,,"י""ח",200,ל גרם,false,1,10.20,5.10,true,1,
7290015282604,false,טחינה מיוחדת גורמה שמיר 200 גרם,"סלטי שמיר 2006 בע""מ",,,"י""ח",200,ל גרם,false,1,10.20,5.10,true,1,
7290015282628,false,חציל בטעם כבד גורמה שמיר 200 גרם,"סלטי שמיר 2006 בע""מ",,,"י""ח",200,ל גרם,false,1,11,5.50,true,1,
7290015282635,false,חומוס מסבחה גורמה שמיר 200 גרם,"סלטי שמיר 2006 בע""מ",,,"י""ח",200,ל גרם,false,1,10.20,5.10,true,1,
7290015282642,false,חומוס אבו גוש גורמה שמיר 200 גרם,"סלטי שמיר 2006 בע""מ",,,"י""ח",200,ל גרם,false,1,10.20,5.10,true,1,
7290015282666,false,סלט טונה עם ירקות 200 גר,"סלטי שמיר 2006 בע""מ",,,"י""ח",200,ל גרם,false,1,16.20,8.10,false,1,
7290015282673,false,חציל במיונז ביתי גורמה שמיר 200 גרם,"סלטי שמיר 2006 בע""מ",,,"י""ח",200,ל גרם,false,1,10.20,5.10,true,1,
7290015282697,false,כרוב אדום שמיר גורמה 200גר,"סלטי שמיר 2006 בע""מ",,,"י""ח",200,ל גרם,false,1,11,5.50,true,1,
7290015282710,false,קוביות סלק גורמה שמיר 200 גרם,"סלטי שמיר 2006 בע""מ",,,"י""ח",200,ל גרם,false,1,10.20,5.10,true,1,
7290015282727,false,גזר מרוקאי ברוטב פיקנטי אסלי שמיר 200 ג',"סלטי שמיר 2006 בע""מ",,,"י""ח",200,ל גרם,false,1,11,5.50,true,1,
7290015282734,false,מטבוחה ביתית גורמה שמיר 200 גרם,"סלטי שמיר 2006 בע""מ",,,"י""ח",200,ל גרם,false,1,11,5.50,true,1,
7290015282741,false,חציל תאילנדי אסלי שמיר 200 ג',"סלטי שמיר 2006 בע""מ",,,"י""ח",200,ל גרם,false,1,11,5.50,true,1,
7290015282796,false,"סלט תפו""א שמיר במיונז 200ג'","סלטי שמיר 2006 בע""מ",,,"י""ח",200,ל גרם,false,1,11,5.50,true,1,
7290015347525,false,צ'יפס בטטה עם שום ורוזמרין מיה 100 גרם,מיה תעשיות מזון מ.ת.מ. בעמ,,,"י""ח",80,ל גרם,false,1,6.80,8.50,true,1,
7290015348096,false,"למברוסקו רוזה 750 מ""ל ""אמיליאנו""",טמפו משקאות בעמ,,,"י""ח",750,"ל מ""ל",false,1,25.40,3.35,true,1,
7290015348300,false,"ריחן קברנה סוביניון 2012 ברקן 750 מ""ל",יקבי ברקן שיווק והפצה בע,,,"י""ח",750,"ל מ""ל",false,1,51.20,6.79,true,1,
7290015348423,false,מיץ ענבים סגל משפחות 1 ליטר,טמפו משקאות בעמ,,,"י""ח",7.50,"י""ח",false,1,13.60,1.77,true,1,
7290015366366,false,ספירה - מכשיר חשמלי ו2 יחידות מילוי נוזלי להרחקת יתושים 90 לילות,גורי ע.ע.ע. בעמ,,,"י""ח",1,,false,1,33.80,33.80,false,1,
7290015366373,false,ספירה אנתוש דוחה יתושים לילדים ותינוקות,סאסא קוסמטיקס,,,"י""ח",50,"ל מ""ל",false,1,11,22,false,1,
7290015366670,false,משחת שיניים בטעם מנטה אקוהפרש (100 מל),גלקסוסמיתקליין,,,"י""ח",100,ל גרם,false,1,8.90,8.90,true,1,
7290015395960,false,בוטן רביולי בציפוי בטעם מלוח מתוק 200 ג' ENJOY,דין שיווק וקליה 2021 בעמ,,,"י""ח",200,ל גרם,false,1,15.30,7.65,false,1,
7290015596398,false,"אלכוג'ל 100 מ""ל קיווי לימון",פישר תעשיות פרמבצטיות בעמ,,,"י""ח",1,,false,1,8.50,8.50,true,1,
7290015644426,false,"לחם צרפתי חיטה מלאה ודגנים 600 גרם ""אנג'ל""",מאפיית שלמה א. אנג'\ל בע,,,"י""ח",600,ל גרם,false,1,14.40,2.40,false,1,
7290015644433,false,לחם מחמצת 100% שיפון קל אנג'ל 600 גרם,מאפיית שלמה א. אנג'\ל בע,,,"י""ח",650,ל גרם,false,1,14.40,2.22,false,1,
7290015652070,false,קשוי קלוי בשקית ששון הקולה 150 גרם,דין שיווק וקליה 2021 בעמ,,,"י""ח",150,ל גרם,false,1,11,7.33,false,1,
7290015652087,false,תערובת פיצוחים בשקית ששון הקולה 150 גרם,דין שיווק וקליה 2021 בעמ,,,"י""ח",150,ל גרם,false,1,11.90,7.93,false,1,
7290015652254,false,גרעיני חמניה קלויים ששון הקולה (400 גרם),דין שיווק וקליה 2021 בעמ,,,"י""ח",400,ל גרם,false,1,8.50,2.13,false,1,
7290015652278,false,תערובת פיצוחים 250 גרם ששון הקולה,דין שיווק וקליה 2021 בעמ,,,"י""ח",250,ל גרם,false,1,17.10,6.84,false,1,
7290015652285,false,אגוזים קלופים ששון הקולה 250 גרם,דין שיווק וקליה 2021 בעמ,,,"י""ח",250,ל גרם,false,1,17.10,6.84,false,1,
7290015652292,false,קבוקים עם שומשום ששון הקולה 400 גרם,דין שיווק וקליה 2021 בעמ,,,"י""ח",400,ל גרם,false,1,8.60,2.15,false,1,
7290015652308,false,מנצ'ס ששון הקולה 400 גרם,דין שיווק וקליה 2021 בעמ,,,"י""ח",300,ל גרם,false,1,8.60,2.87,false,1,
7290015652315,false,חמוציות מסוכרות ששון הקולה (300 גרם),דין שיווק וקליה 2021 בעמ,,,"י""ח",300,ל גרם,false,1,8.60,2.87,false,1,
7290015652407,false,פיסטוק קלוי ששון הקולה (250 גרם),דין שיווק וקליה 2021 בעמ,,,"י""ח",250,ל גרם,false,1,17.10,6.84,false,1,
7290015733243,false,מטרנה אקסטרה קייר מהדרין שלב 3 700 גרם,קבוצת אוסם סחר שותפות מוגבלת,,,"י""ח",700,ל גרם,false,1,51.20,7.31,false,1,
7290015781008,false,"יין VISION מרלו אדום טפרברג 750 מ""ל",יקב טפרברג 1870 בעמ (יינות ומש,,,"י""ח",750,"ל מ""ל",false,1,34.20,4.52,true,1,
7290015781015,false,יין אדום מלבק ויז`יון טפרברג (750 מל),יקב טפרברג 1870 בעמ (יינות ומש,,,"י""ח",750,"ל מ""ל",false,1,34.20,4.52,true,1,
7290015781046,false,"יין לבן חצי יבש ויזון 750 מ""ל",יקב טפרברג 1870 בעמ (יינות ומש,,,"י""ח",750,"ל מ""ל",false,1,34.20,4.52,true,1,
7290015781053,false,יין לבן יבש ויזון יקב טפרברג (750 מל),יקב טפרברג 1870 בעמ (יינות ומש,,,"י""ח",750,"ל מ""ל",false,1,34.20,4.52,true,1,
7290015781114,false,יין אדום אימפרשיין מרלו טפרברג (750 מל),יקב טפרברג 1870 בעמ (יינות ומש,,,"י""ח",750,"ל מ""ל",false,1,42.70,5.65,true,1,
7290015781121,false,"יין IMPRESSION קברנה סוביניון יבש טפרברג 750 מ""ל",יקב טפרברג 1870 בעמ (יינות ומש,,,"י""ח",750,"ל מ""ל",false,1,42.70,5.65,true,1,
7290015781138,false,"יין שרדונה 750 מ""ל IMPRESSION",יקב טפרברג 1870 בעמ (יינות ומש,,,"י""ח",750,"ל מ""ל",false,1,42.70,5.65,true,1,
7290015781152,false,רוזה אימפרשון יקב טפרברג (750 מל),יקב טפרברג 1870 בעמ (יינות ומש,,,"י""ח",750,"ל מ""ל",false,1,42.70,5.65,true,1,
7290015781299,false,יין שיראז ויזון יקב טפרברג (750 מל),יקב טפרברג 1870 בעמ (יינות ומש,,,"י""ח",750,"ל מ""ל",false,1,34.20,4.52,true,1,
7290015781305,false,יין אדום אימפרשיין סירה טפרברג (750 מל),יקב טפרברג 1870 בעמ (יינות ומש,,,"י""ח",750,"ל מ""ל",false,1,42.70,5.65,true,1,
7290015781664,false,אלגרו למברוסקו לבן 750 מל טפרברג,יקב טפרברג 1870 בעמ (יינות ומש,,,"י""ח",750,"ל מ""ל",false,1,29.90,3.95,true,1,
7290015821728,false,נר נשמה בכוס פלסטיק 48,פאלאס תעשיות נטו (2014) בעמ,,,"י""ח",1,,false,1,4.40,4.40,false,1,
7290015856690,false,"קרקר קרם קרקר רגיל 1 ק""ג הדר.",ח.כהן סוכנות מזון ומשקאות בע,,,"י""ח",1,"ק""ג",false,1,16.20,16.20,false,1,
7290015856935,false,ביסקויט אקסטרא גליל טעם חמאה 400 גרם,ח.כהן סוכנות מזון ומשקאות בע,,,"י""ח",500,ל גרם,false,1,5.90,1.18,false,1,
7290015858106,false,"ממרח פסטו ביתי 180 גרם ""עללחם""",שטראוס גרופ בעמ/מצונן,,,"י""ח",180,ל גרם,false,1,13.60,7.56,true,1,
7290015858113,false,"ממרח עגבניות מיובשות 180 גרם ""טריטרי""",שטראוס גרופ בעמ/מצונן,,,"י""ח",180,ל גרם,false,1,13.60,7.56,true,1,
7290015858151,false,ממרח שום 180 גרם עללחם בית יוסף,שטראוס גרופ בעמ/מצונן,,,"י""ח",180,ל גרם,false,1,13.60,7.56,true,1,
7290015858328,false,עללחם ממרח איולי פסטו 295 גרם,"מדשא תעשיות מזון בע""\מ",,,"י""ח",295,ל גרם,false,1,12.70,4.31,true,1,
7290015858427,false,שלישיית ממרחים שמאפשרת לגוון עללחם 240 גרם,שטראוס גרופ בעמ/מצונן,,,"י""ח",240,ל גרם,false,1,21.30,8.88,true,1,
7290015858441,false,עללחם ממרח איולי פלפלים 295 גרם,"מדשא תעשיות מזון בע""\מ",,,"י""ח",295,ל גרם,false,1,12.70,4.31,true,1,
7290015858687,false,עללחם ממרח איולי שום 295 גרם,"מדשא תעשיות מזון בע""\מ",,,"י""ח",295,ל גרם,false,1,12.70,4.31,true,1,
7290015858694,false,עללחם ממרח איולי שום לימון 295 גרם,"מדשא תעשיות מזון בע""\מ",,,"י""ח",295,ל גרם,false,1,12.70,4.31,true,1,
7290015951869,false,"יין הר חרמון רוזה 750 מ""ל",מיוצר וממולא על ידי יקב,,,"י""ח",750,"ל מ""ל",false,1,30.70,4.05,true,1,
7290015968140,false,אטב אחיזה רחבה בעיצוב איטלקי הוסטס 36 יח,אינטרסן (1996) בעמ,,,"י""ח",48,"י""ח",false,1,13.60,0.28,true,1,
7290015968782,false,פדים להסרת איפור במארז 80X3 יח',אינטרסן (1996) בעמ,,,"י""ח",3,"י""ח",false,1,14.40,4.80,true,1,
7290015996983,false,סוכרלוז סוכרזית 0 קלוריות 100 שקיות,"שטראוס גרופ בע""מ",,,"י""ח",100,ל גרם,false,1,28.90,28.90,true,1,
7290016006322,false,מים מינרליים מי עדן,יפאורה שותפות מוגבלת לשיווק,,,"י""ח",9,ליטר,false,1,3.60,0.37,true,1,
7290016006339,false,מים מינרלים מי עדן (1x4 ליטר),יפאורה שותפות מוגבלת לשיווק,,,"י""ח",9,ליטר,false,1,9.30,0.92,false,1,
7290016006346,false,שוופס סודה 0.5 ליטר מארז שישייה,יפאורה שותפות מובגלת לשיווק,,,"י""ח",300,"ל מ""ל",false,1,12.70,3.73,true,1,
7290016087499,false,עגבניות חתוכות מארז 400X3ג' אריזות ירושלים,ח.כהן סוכנות מזון ומשקאות בע,,,"י""ח",400,ל גרם,false,1,11,2.75,false,1,
7290016094022,false,"ד""ר פישר - אולטרסול ספריי שקוף 200 מ""ל 50SPF",פישר תעשיות פרמבצטיות בעמ,,,"י""ח",200,"ל מ""ל",false,1,51.20,25.60,false,1,
7290016096491,false,נתחי טונה בהירה בשמן צמחי שלישיה *80ג' פילטונה,תעשיות פיל טונה בעמ,,,"י""ח",240,ל גרם,false,1,10.20,4.25,true,1,
7290016096507,false,טונה בשמן קנולה 80גרם*מארז שלישיה,תעשיות פילטונה בעמ,,,"י""ח",240,ל גרם,false,1,10.20,4.25,true,1,
7290016114300,false,נייר טואלט דו שכבתי אורך כפול לבן לילי 16 גלילים,קימברלי קלארק ישראל שיווק בעמ,,,"י""ח",1953,ל גרם,false,1,36.70,1.88,true,1,
7290016136739,false,GFREE פתיתי פוזילי על בסיס קמח תירס וקמח,גורי מוצרי צריכה (1991) בעמ,,,"י""ח",340,ל גרם,false,1,11.40,3.35,false,1,
7290016136746,false,איטריות מקלונים ללא גלוטן 340 גר גי פרי,גורי מוצרי צריכה בעמ,,,"י""ח",340,ל גרם,false,1,11.90,3.50,false,1,
7290016144017,false,"קמח מלא נפלאות 100% ללא ניפוי 1 ק""ג",תה ויסוצקי (ישראל)בעמ,,,"י""ח",1,"ק""ג",false,1,8.50,8.50,true,1,
7290016144031,false,"נפלאות קמח חיטה לבן מנופה 1 ק""ג",תה ויסוצקי (ישראל)בעמ,,,"י""ח",1,"ק""ג",false,1,5.90,5.90,false,1,
7290016144055,false,קמח כוסמין 80% קמח נפלאות 1 קג,תה ויסוצקי (ישראל)בעמ,,,"י""ח",1,"ק""ג",false,1,13.60,13.60,false,1,
7290016150117,false,סלק אדום מקולף ומבושל500,ביג פוד כחול לבן בעמ*שיק 30 יו,,,"י""ח",500,ל גרם,false,1,7.60,1.52,true,1,
7290016197839,false,ניקול השקית החזקה 20 יח' XL,קימברלי קלארק ישראל שיווק בעמ,,,"י""ח",1,"י""ח",false,1,20.40,20.40,false,1,
7290016197877,false,שקיות אשפה לפחים בינוניים עם שרוך 50 * 53 ניקול 50 יחידות,קימברלי קלארק ישראל שיווק בעמ,,,"י""ח",1,"י""ח",false,1,19.60,19.60,false,1,
7290016217735,false,חציל על האש 200גרם גורמה,"סלטי שמיר 2006 בע""מ",,,"י""ח",200,ל גרם,false,1,10.20,5.10,true,1,
7290016217742,false,חציל בטחינה 200גרם גורמה,"סלטי שמיר 2006 בע""מ",,,"י""ח",200,ל גרם,false,1,10.20,5.10,true,1,
7290016217759,false,חציל מרוקאי 200גרם גורמה,"סלטי שמיר 2006 בע""מ",,,"י""ח",200,ל גרם,false,1,11,5.50,true,1,
7290016246025,false,בארכה מיקס פינוקיות חלווה ללא סוכר 10*20ג,קבוצת אוסם סחר שותפות מוגבלת,,,"י""ח",180,ל גרם,false,1,12.90,7.17,false,1,
7290016246209,false,"חטיף חלבה וניל 100 גרם ""בארכה""",קבוצת אוסם סחר שותפות מוגבלת,,,"י""ח",100,ל גרם,false,1,3.90,3.90,false,1,
7290016270709,false,עגבניות שרי אשכולות,ביכורי השדה צפון 1994 ג.ד. בעמ,,,"י""ח",1,,false,1,10.90,10.90,false,1,
7290016277470,false,שיבולת שועל דקה 350 גר',דין שיווק וקליה 2021 בעמ,,,"י""ח",350,ל גרם,false,1,3.30,0.94,true,1,
7290016334050,false,סלרי חתוך.,ביכורי השדה צפון 1994 ג.ד. בעמ,,,"י""ח",1,,false,1,6.90,6.90,true,1,
7290016334166,false,לוף רגיל ארוז ליח,ביכורי השדה צפון 1994 ג.ד. בעמ,,,"י""ח",1,,false,1,9.90,9.90,false,1,
7290016334173,false,פלפל טינקרבל שמיטה,ביכורי השדה צפון 1994 ג.ד. בעמ,,,"י""ח",1,,false,1,8.90,8.90,true,1,
7290016334180,false,מלפפון בייבי רמי לוי,ביכורי השדה צפון 1994 ג.ד. בעמ,,,"י""ח",1,,false,1,8.90,8.90,true,1,
7290016334296,false,ברוקולי ארוז יחידה שמיטה,ביכורי השדה צפון 1994 ג.ד. בעמ,,,"י""ח",1,,false,1,11.90,11.90,false,1,
7290016334388,false,פלפל צ'ילי רמי לוי,ביכורי השדה צפון 1994 ג.ד. בעמ,,,"י""ח",1,,false,1,7.90,7.90,false,1,
7290016334395,false,שיבה רמי לוי,ביכורי השדה צפון 1994 ג.ד. בעמ,,,"י""ח",1,,false,1,6.90,6.90,false,1,
7290016334432,false,שורש פטרוזיליה,ביכורי השדה צפון 1994 ג.ד. בעמ,,,"י""ח",1,,false,1,6.90,6.90,false,1,
7290016334456,false,בזיליקום רמי לוי,ביכורי השדה צפון 1994 ג.ד. בעמ,,,"י""ח",1,,false,1,5.90,5.90,false,1,
7290016334494,false,חסה ערבית,ביכורי השדה צפון 1994 ג.ד. בעמ,,,"י""ח",1,,false,1,4.90,4.90,false,1,
7290016334500,false,לבבות חסה זוגות בשקי,ביכורי השדה צפון 1994 ג.ד. בעמ,,,"י""ח",300,ל גרם,false,1,8.90,2.97,false,1,
7290016334562,false,פלפל יבש חריף,ביכורי השדה צפון 1994 ג.ד. בעמ,,,"י""ח",1,,false,1,12.90,12.90,false,1,
7290016334579,false,פטרוזיליה בוסתן,ביכורי השדה צפון 1994 ג.ד. בעמ,,,"י""ח",1,,false,1,3.90,3.90,true,1,
7290016334586,false,כוסברה בוסתן,ביכורי השדה צפון 1994 ג.ד. בעמ,,,"י""ח",1,,false,1,4.90,4.90,true,1,
7290016334593,false,שמיר ארוז,ביכורי השדה צפון 1994 ג.ד. בעמ,,,"י""ח",1,,false,1,4.90,4.90,true,1,
7290016334609,false,נענע בשקית,ביכורי השדה צפון 1994 ג.ד. בעמ,,,"י""ח",1,,false,1,4.90,4.90,true,1,
7290016334616,false,בצל ירוק בוסתן,ביכורי השדה צפון 1994 ג.ד. בעמ,,,"י""ח",1,,false,1,4.90,4.90,false,1,
7290016334623,false,סלרי אמריקאי,ביכורי השדה צפון 1994 ג.ד. בעמ,,,"י""ח",1,"י""ח",false,1,5.90,5.90,false,1,
7290016334647,false,מנגולד-סלק עלים ארוז,ביכורי השדה צפון 1994 ג.ד. בעמ,,,"י""ח",1,,false,1,6.90,6.90,false,1,
7290016334654,false,תרד ניו זילנדי רמי לוי,ביכורי השדה צפון 1994 ג.ד. בעמ,,,"י""ח",200,ל גרם,false,1,14.90,7.45,false,1,
7290016334784,false,ג'ינג'ר ארוז ברכת קטיף 200 גרם,ביכורי השדה צפון 1994 ג.ד. בעמ,,,"י""ח",1,,false,1,11.90,11.90,false,1,
7290016334814,false,חסה סלנובה רמי לוי,ביכורי השדה צפון 1994 ג.ד. בעמ,,,"י""ח",1,,false,1,11.90,11.90,false,1,
7290016334883,false,שרי תמר בוסתן שמיטה,ביכורי השדה צפון 1994 ג.ד. בעמ,,,"י""ח",1,,false,1,11.90,11.90,false,1,
7290016334890,false,עגבניות שרי ליקופן,ביכורי השדה צפון 1994 ג.ד. בעמ,,,"י""ח",1,,false,1,11.90,11.90,false,1,
7290016334906,false,מיקס עגבניות שרי.,ביכורי השדה צפון 1994 ג.ד. בעמ,,,"י""ח",1,,false,1,12.90,12.90,false,1,
7290016334975,false,אספרגוס רמי לוי,ביכורי השדה צפון 1994 ג.ד. בעמ,,,"י""ח",1,,false,1,29.90,29.90,false,1,
7290016370270,false,זית קלמטה מגולען 560 ג' -יבנה,"קבוצת יבנה מוצרי מזון בע""מ",,,"י""ח",560,ל גרם,false,1,10.20,1.82,false,1,
7290016372342,false,עגבניות חתוך קוביות גראנד איטליה מארז 400X3ג',תה ויסוצקי (ישראל) בעמ,,,"י""ח",400,ל גרם,false,1,15.30,3.83,false,1,
7290016372373,false,רסק עגבניות ללא תוספת סוכר ומלח - מארז זוג,תה ויסוצקי (ישראל) בעמ,,,"י""ח",280,ל גרם,false,1,6.80,2.43,false,1,
7290016372397,false,"תה ויסוצקי ירוק תפוז,ג'ינגר וכורכום 25 יח'",תה ויסוצקי (ישראל) בעמ,,,"י""ח",37.50,ל גרם,false,1,21.30,56.80,true,1,
7290016372922,false,תה ירוק בטעם קינמון גינגיר וכורכום עם מאצה יפנית,תה ויסוצקי (ישראל)בעמ,,,"י""ח",37.50,ל גרם,false,1,21.30,56.80,true,1,
7290016400380,false,גפרורים ארוך שווה,ח.כהן סוכנות מזון ומשקאות בע,,,"י""ח",10,"י""ח",false,1,5.90,0.59,true,1,
7290016400434,false,אשפתון גופיה 75/90 חזק אפור 25יח שווה,ח.כהן סוכנות מזון ומשקאות בע,,,"י""ח",25,"י""ח",false,1,15.30,0.61,true,1,
7290016400502,false,גפרורים 10 חדש שווה,ח.כהן סוכנות מזון ומשקאות בע,,,"י""ח",10,"י""ח",false,1,3.40,0.34,false,1,
7290016400724,false,שיפודים עבים במיוחד 50יח שווה,ח.כהן סוכנות מזון ומשקאות בע,,,"י""ח",70,"י""ח",false,1,3.30,0.05,false,1,
7290016400793,false,מפיות נייר 100יח שווה,ח.כהן סוכנות מזון ומשקאות בע,,,"י""ח",100,"י""ח",false,1,5,0.05,true,1,
7290016401103,false,טורטיה ענקית 30 ס``מ 6 יח` שווה,ח.כהן סוכנות מזון ומשקאות בע,,,"י""ח",540,ל גרם,false,1,10.20,1.89,true,1,
7290016401141,false,עלי טורטיה תירס שווה 8 יח' 320 גרם,ח.כהן סוכנות מזון ומשקאות בע,,,"י""ח",320,ל גרם,false,1,9.30,2.91,true,1,
7290016401158,false,נודלס 200ג דקות שווה*,ח.כהן סוכנות מזון ומשקאות בע,,,"י""ח",200,ל גרם,false,1,5,2.50,false,1,
7290016401271,false,עלי גפן ממולא 280גר שווה,ח.כהן סוכנות מזון ומשקאות בע,,,"י""ח",280,ל גרם,false,1,6.40,2.29,false,1,
7290016401387,false,"פטריות חתוך שלישייה 290 גר` ""שווה""",ח.כהן סוכנות מזון ומשקאות בע,,,"י""ח",290,ל גרם,false,1,10.20,3.52,false,1,
7290016401400,false,"פטריות שלמות 400 גר` ""שווה""",ח.כהן סוכנות מזון ומשקאות בע,,,"י""ח",400,ל גרם,false,1,7.60,1.90,false,1,
7290016401493,false,רוטב לימון משומר 1ליטר שווה,ח.כהן סוכנות מזון ומשקאות בע,,,"י""ח",1,ליטר,false,1,5.90,5.90,false,1,
7290016401509,false,חומץ 1ליטר 5% שווה,ח.כהן סוכנות מזון ומשקאות בע,,,"י""ח",1,ליטר,false,1,5,5,false,1,
7290016401547,false,דפי סנדוויץ 100יח,ח.כהן סוכנות מזון ומשקאות בע,,,"י""ח",100,"י""ח",false,1,7.60,0.08,false,1,
7290016401585,false,זוג רדיד אלומיניום קצר 7.5/30 שווה *,ח.כהן סוכנות מזון ומשקאות בע,,,"י""ח",1,"י""ח",false,1,9.30,9.30,false,1,
7290016401592,false,זוג ניילון נצמד ביתי שווה,ח.כהן סוכנות מזון ומשקאות בע,,,"י""ח",1,"י""ח",false,1,10.20,10.20,true,1,
7290016401721,false,קשיות מתקפלות 200יח שווה,ח.כהן סוכנות מזון ומשקאות בע,,,"י""ח",200,"י""ח",false,1,9.90,0.05,false,1,
7290016401738,false,קשיות מתקפלות 40יח שקית שווה,ח.כהן סוכנות מזון ומשקאות בע,,,"י""ח",40,"י""ח",false,1,3.90,0.10,false,1,
7290016401745,false,קיסמי שיניים דנטליים עם חוט 50יח שווה,ח.כהן סוכנות מזון ומשקאות בע,,,"י""ח",50,"י""ח",false,1,5.90,0.12,false,1,
7290016401752,false,קיסמי שיניים דנטליים עם מברשת 200יח שו,ח.כהן סוכנות מזון ומשקאות בע,,,"י""ח",200,"י""ח",false,1,8.50,0.04,false,1,
7290016401882,false,מטליות מיקרופייבר 1/3 לרצפה,ח.כהן סוכנות מזון ומשקאות בע,,,"י""ח",10,"י""ח",false,1,16.20,1.62,false,1,
7290016401899,false,מטליות מיקרופייבר 1/10 ניקוי כללי,ח.כהן סוכנות מזון ומשקאות בע,,,"י""ח",10,"י""ח",false,1,16.20,1.62,false,1,
7290016401905,false,שקיות לפח קטן 40/45 שווה,ח.כהן סוכנות מזון ומשקאות בע,,,"י""ח",10,"י""ח",false,1,8.50,0.85,false,1,
7290016408119,false,טרליני כעכים בטעם קלאסי 225 גר' - בדץ,כרמית תעשיות ממתקים בעמ,,,"י""ח",225,ל גרם,false,1,5.90,2.62,false,1,
7290016408294,false,"מרשמלו ורוד לבן וסטהיים 150 ג', 26 בקרטון",כרמית תעשיות ממתקים בעמ,,,"י""ח",1,,false,1,4.70,4.70,true,1,
7290016408423,false,חטיף קרקר עם זיתים שחורים ושום 130 גר,כרמית תעשיות ממתקים בעמ,,,"י""ח",130,ל גרם,false,1,5.90,4.54,true,1,
7290016408430,false,קרקר עם תערובת תבלינים כרמית 130 גרם,כרמית תעשיות ממתקים בעמ,,,"י""ח",130,ל גרם,false,1,5.90,4.54,true,1,
7290016408447,false,קרקר עגבניות ובזיליקום כרמית 130 גרם,כרמית תעשיות ממתקים בעמ,,,"י""ח",130,ל גרם,false,1,5.90,4.54,true,1,
7290016408744,false,מרשמלו טוויסטר כרמית 150 גרם,"כרמית תעשיות ממתקים בע""\",,,"י""ח",150,ל גרם,false,1,4.70,3.13,true,1,
7290016437645,false,חיתולי האגיס פרידום דריי pants מידה 5 34 יחידות,קימברלי קלארק ישראל שיווק בעמ,,,"י""ח",1,"י""ח",false,1,42.70,42.70,true,1,
7290016440652,false,תערובת פרוסות ירקות חמוצים מעדני עופר 500 גרם,קפוא זן תעשיות מזון בעמ,,,"י""ח",500,ל גרם,false,1,18.70,3.74,false,1,
7290016509786,false,פרסיל גל לכביסה לבנה וצבעונית-ירוק 2.5 ל,גורי שיווק בעמ,,,"י""ח",2.50,ליטר,false,1,29.80,11.92,false,1,
7290016564006,false,מבריקל הפלא ספוגיות להסרת כתמים קשים ושומנים 3יח,ח.כהן סוכנות מזון ומשקאות בע,,,"י""ח",1,,false,1,10.20,10.20,false,1,
7290016572391,false,"צ`יפס קלאסי 2.5ק""ג ש",***אדום גרופ למזון שיווק***,,,"י""ח",2.50,"ק""ג",false,1,23.90,9.56,false,1,
7290016717754,false,יין היובל ישן נושן יקבי כרמל (750 מל),אגודת הכורמים -כרמל מזרחי,,,"י""ח",750,"ל מ""ל",false,1,17.90,2.35,true,1,
7290016866643,false,פרודונטקס מ.שיניים אקסטרה פרש 75 מל,פרודונטקס Parodontax,,,"י""ח",75,"ל מ""ל",false,1,26.40,35.20,true,1,
7290016867046,false,"מארז פיתות קלות כוסמין במתיקות מעודנת 6 יחידות ד""ר מרק",המאפה של דר מרק בריאות באפייה,,,"י""ח",303,ל גרם,false,1,12.70,4.19,false,1,
7290016867114,false,לחם קל מכוסמין מלא 500 גר`דר מרק,המאפה של דר מרק בריאות באפייה,,,"י""ח",500,ל גרם,false,1,15.30,3.06,false,1,
7290016867145,false,"מארז פיתות קלות קמח מלא 6 יחידות ד""ר מרק",המאפה של דר מרק בריאות באפייה,,,"י""ח",408,ל גרם,false,1,11.90,2.92,false,1,
7290016867152,false,"מארז פיתות קלות כוסמין 5 יחידות ד""ר מרק",המאפה של דר מרק בריאות באפייה,,,"י""ח",330,ל גרם,false,1,11.90,3.61,false,1,
7290016867237,false,לחם קל כוסמין במתיקות מעודנת 400 גר`דר,המאפה של דר מרק בריאות באפייה,,,"י""ח",400,ל גרם,false,1,16.20,4.05,false,1,
7290016883176,false,"מוזלי פתיתי שיבולת שועל עם שוקולד מריר ושבבי קוקוס 1 ק""ג",דין שיווק וקליה 2021 בעמ,,,"י""ח",0,"ק""ג",false,1,17,17,true,1,
7290016912616,false,סרקל שמפו לילדים לשיער בהיר - בלונדיני,פישר תעשיות פרמבצטיות בעמ,,,"י""ח",1,ליטר,false,1,25.60,25.60,false,1,
7290016967074,false,לחם חיטה מלאה עם גרעינים ודגנים,מאפיית שלמה א. אנג'\ל בע,,,"י""ח",750,ל גרם,false,1,13.60,1.81,false,1,
7290016967456,false,לחם צרפתי מחמצת 100% כוסמין 600 ג' אנג'ל,"מאפיית אנג'\ל בעמ, מקבוצ",,,"י""ח",600,ל גרם,false,1,14.40,2.40,false,1,
7290016998184,false,עלי חסה ערבית שטופים 250 גרק,ביכורי השדה צפון 1994 ג.ד. בעמ,,,"י""ח",150,ל גרם,false,1,9.90,6.60,false,1,
7290016998207,false,לקט קסם השדה נטורזה,ביכורי השדה צפון 1994 ג.ד. בעמ,,,"י""ח",350,ל גרם,false,1,10.20,2.91,false,1,
7290016998221,false,מיקס צבעי הטבע נטורז,ביכורי השדה צפון 1994 ג.ד. בעמ,,,"י""ח",350,"ל מ""ל",false,1,10.20,2.91,false,1,
7290016998238,false,כרוב לבן קצוץ נטורזה,ביכורי השדה צפון 1994 ג.ד. בעמ,,,"י""ח",400,ל גרם,false,1,8.50,2.13,false,1,
7290016998269,false,לקט קולסלאו נטורזה 4,ביכורי השדה צפון 1994 ג.ד. בעמ,,,"י""ח",400,ל גרם,false,1,8.50,2.13,false,1,
7290016998320,false,לבבות קיסר נטורזה יח,ביכורי השדה צפון 1994 ג.ד. בעמ,,,"י""ח",300,ל גרם,false,1,10.90,3.63,true,1,
7290017004433,false,7290017004433פתי בר 500גר פינטולה,2121 ייבוא וסחר,,,"י""ח",5,"ק""ג",false,1,7.60,1.52,true,1,
7290017004778,false,קורנפלקס 750גר קלאסי פנטולה,מ.ר. ניאוברנד בעמ,,,"י""ח",750,ל גרם,false,1,11,1.47,true,1,
7290017004792,false,פסטה פנה 500גר פנטולה,מ.ר. ניאוברנד בעמ,,,"י""ח",500,ל גרם,false,1,4.20,0.84,true,1,
7290017004808,false,פסטה פוזילי 500גר פנטולה,מ.ר. ניאוברנד בעמ,,,"י""ח",500,ל גרם,false,1,4.20,0.84,true,1,
7290017004815,false,ספגטי 500גר פנטולה,מ.ר. ניאוברנד בעמ,,,"י""ח",500,ל גרם,false,1,4.20,0.84,true,1,
7290017004839,false,"פתי בר 1.75ק""ג פנטולה",2121 ייבוא וסחר,,,"י""ח",1.75,"ק""ג",false,1,20.40,11.66,true,1,
7290017004877,false,טחינה גולמית 500ג מחנה יהודה,"אחדות בע""מ",,,"י""ח",500,ל גרם,false,1,12.70,2.54,true,1,
7290017023854,false,מי סודה בקבוקים אישיים - מארז 4 יח',יפאורה שותפות מוגבלת לשיווק,,,"י""ח",1,ליטר,false,1,11.20,11.20,true,1,
7290017023878,false,סודה בטעם נענע ליים בקבוקים אישיים - מארז 4 יח',יפאורה שותפות מוגבלת לשיווק,,,"י""ח",1,ליטר,false,1,11.20,11.20,true,1,
7290017031170,false,פתיתים על בסיס קמח עדשים אדומות בצורת פוזילי ללא גלוטן 250 גר',גורי מוצרי צריכה בעמ,,,"י""ח",250,ל גרם,false,1,13.60,5.44,false,1,
7290017031477,false,"סנסודיין משחת שיניים רפיד רליף להלבנה 75 מ""ל","סמיתקליין ביצ'ם בע""מ",,,"י""ח",75,ל גרם,false,1,22.10,29.47,true,1,
7290017031859,false,"פרודונטקס - משחת שיניים אולטרא קלין 75 מ""ל","מאסטרפוד אוסטריה בע""מ",,,"י""ח",75,"ל מ""ל",false,1,26.40,35.20,true,1,
7290017044682,false,אמה דלי מגבונים לניקוי כללי,עיסא ערטול בעמ-סוכן הנקל סוד,,,"י""ח",1,"י""ח",false,1,15.30,15.30,true,1,
7290017062679,false,מרכך כביסה מרוכז צהוב 1 5 Xל טאצ,סאסאטק אגשח בעמ,,,"י""ח",1,ליטר,false,1,11.90,11.90,true,1,
7290017062686,false,מרכך כביסה מרוכז בייבי 1 ל`טאצ`.,סאסאטק אגשח בעמ,,,"י""ח",1,ליטר,false,1,11.90,11.90,true,1,
7290017062709,false,מרכך כביסה מרוכז בורדו 1 ל`טאצ`.,סאסאטק אגשח בעמ,,,"י""ח",1,ליטר,false,1,11.90,11.90,true,1,
7290017062716,false,מרכך כביסה מרוכז ורוד 1 ל`טאצ`.,סאסאטק אגשח בעמ,,,"י""ח",1,ליטר,false,1,11.90,11.90,true,1,
7290017065137,false,ריקוטה למריחה 5% טבעית 200 גר`מחלבות גד,מחלבות גד שיווק 1992 בעמ,,,"י""ח",200,ל גרם,false,1,10.90,5.45,false,1,
7290017065168,false,גבינה כחולה denish blue cheese 100 גרם,מחלבות גד שיווק 1992 בעמ,,,"י""ח",100,ל גרם,false,1,17.90,17.90,false,1,
7290017065212,false,גבינת קרם מסקרפונה מחלבות גד 250 גר,מחלבות גד שיווק 1992 בעמ,,,"י""ח",250,ל גרם,false,1,20.90,8.36,false,1,
7290017065236,false,גבינה בולגרית מעודנת 24% גד (250 גרם),מחלבות גד שיווק 1992 בעמ,,,"י""ח",250,ל גרם,false,1,18.70,7.48,false,1,
7290017065311,false,פרוסות גבינה מוצרלה מעושנת 200 ג',מחלבות גד שיווק 1992 בעמ,,,"י""ח",200,ל גרם,false,1,18.50,9.25,false,1,
7290017065427,false,ריקוטה למריחה חציל קלוי 5%.,מחלבות גד,,,"י""ח",200,ל גרם,false,1,8.50,4.25,false,1,
7290017065526,false,קוואטרו פורמאג'י 4 גבינות מגוררות 26%,מחלבות גד שיווק 1992 בעמ,,,"י""ח",200,ל גרם,false,1,23.90,11.95,false,1,
7290017065786,false,גבינה אנגלית קשה צ`דר 210 גר`גד,מחלבות גד שיווק 1992 בעמ,,,"י""ח",210,ל גרם,false,1,17,8.10,false,1,
7290017065878,false,רוטב לפסטה מק אנד צ'יז גד 200 גרם,מחלבות גד שיווק 1992 בעמ,,,"י""ח",200,ל גרם,false,1,12.70,6.35,false,1,
7290017068367,false,שמרים בוואקום 125 גרם,מיה תעשיות מזון מ.ת.מ בעמ,,,"י""ח",125,ל גרם,false,1,3.30,2.64,false,1,
7290017088068,false,בייביסיטר - חיתולי סטנדרט מידה 4 - 42 יח',די.פי.אל תעשיות מוצרים ח,,,"י""ח",1,,false,1,29.80,29.80,true,1,
7290017088075,false,בייביסיטר - חיתולי סטנדרט מידה 4+ - 40 יח',די.פי.אל תעשיות מוצרים ח,,,"י""ח",1,,false,1,29.80,29.80,true,1,
7290017088082,false,בייביסיטר - חיתולי סטנדרט מידה 5 - 36 יח',די.פי.אל תעשיות מוצרים ח,,,"י""ח",1,,false,1,29.80,29.80,true,1,
7290017088631,false,רבעיית מגבונים תולי ללא בישום 72*4 יחידות,שקד תבל בעמ,,,"י""ח",4,"י""ח",false,1,11,2.75,true,1,
7290017105079,false,שעועית לבנה ברוטב עגבניות יכין הקטניה הט,היינץ צפון אמריקה מק,,,"י""ח",200,ל גרם,false,1,4.90,2.45,true,1,
7290017105369,false,סירופ דיאט בטעם תה אפרסק יכין (1 ליטר),זנלכל בעמ,,,"י""ח",1,ליטר,false,1,16.20,16.20,false,1,
7290017121048,false,"פלפל צ'ומה 250 גרם ""עללחם""",שטראוס גרופ בעמ/מצונן,,,"י""ח",250,ל גרם,false,1,11.90,4.76,true,1,
7290017121086,false,"אריסה ביתית מתוקה עללחם, 250 גרם",שטראוס גרופ בעמ/מצונן,,,"י""ח",250,ל גרם,false,1,11.90,4.76,true,1,
7290017121093,false,"אריסה חריפה 250 גרם ""עללחם""","מדשא תעשיות מזון בע""\מ",,,"י""ח",250,ל גרם,false,1,11.90,4.76,true,1,
7290017129327,false,פניני טוסטונים צנימים שומשום 100 גרם,כרמית תעשיות ממתקים בעמ,,,"י""ח",100,ל גרם,false,1,5.90,5.90,false,1,
7290017140308,false,קמח שקדים 250 גרם ללא גלוטן,גורי מוצרי צריכה (1991) בעמ,,,"י""ח",500,ל גרם,false,1,21.30,4.26,false,1,
7290017142005,false,"שמן קוקוס אורגני עץ הזית צנצנת 320מ""ל",סוגת תעשיות בעמ,,,"י""ח",320,"ל מ""ל",false,1,22.10,6.91,false,1,
7290017142128,false,"שמן זית כתית מעולה קלאסי עץ הזית 750 מ""ל",סוגת תעשיות בעמ,,,"י""ח",750,"ל מ""ל",false,1,25.60,3.41,true,1,
7290017142159,false,"שלישיית נתחי טונה בהירה בשמן זית 80 גרם ""עץ הזית""",הנסיך- מפעל לייצור ט,,,"י""ח",240,ל גרם,false,1,17,7.08,false,1,
7290017142203,false,"פילה טונה פרוס עם שמן זית בטעם מעושן 120 גרם ""עץ הזית""","יוניקורד ח.צ בע""מ",,,"י""ח",120,ל גרם,false,1,12.70,10.58,false,1,
7290017142289,false,תרסיס שמן חמניות 200 מל ללא תוספת גז עץ,י.ב טכנולוגיות אריזה בעמ,,,"י""ח",200,"ל מ""ל",false,1,12.70,6.35,false,1,
7290017142340,false,שמן זרעי ענבים מזוכך 1 ליטר עץ הזית*,אף.ג'\יי.סנצ'\ז סוקחורס,,,"י""ח",1,ליטר,false,1,25,25,false,1,
7290017142371,false,"שמן שומשום לא מזוכך עץ הזית 250 מ""ל",סוגת תעשיות בעמ,,,"י""ח",250,"ל מ""ל",false,1,25.60,10.24,false,1,
7290017142388,false,שמן חמניות פלוס 1 ליטר אומגה 3 עץ הזית,סוגת תעשיות בעמ,,,"י""ח",1,ליטר,false,1,12.70,12.70,false,1,
7290017189246,false,מיני פנקייק אפוי קפוא WOOPS,קפוא זן תעשיות מזון בעמ,,,"י""ח",500,ל גרם,false,1,17,3.40,false,1,
7290017189253,false,קרפ אפוי קפוא 600 גר`woops,קפוא-זן תעשיות מזון בעמ - תפוג,,,"י""ח",600,ל גרם,false,1,17,2.83,false,1,
7290017217468,false,שקיות אוכל מנייר הוסט 50 יח',אינטרסן (1996) בעמ,,,"י""ח",50,"י""ח",false,1,5.90,0.12,false,1,
7290017217604,false,נובי נשכן שרשרת עם טבעת לעגלה,אינטרסן (1996) בעמ,,,"י""ח",1,,false,1,32.40,32.40,false,1,
7290017252636,false,"עוגת דבש 270 גרם ""עוגלה""",בני פאוזי שמשום (2009) בעמ,,,"י""ח",270,ל גרם,false,1,5,1.85,false,1,
7290017266312,false,וופל מילוי קרם בטעם שוקולד 150 גרם,ח.כהן סוכנות מזון ומשקאות בע,,,"י""ח",15,ל גרם,false,1,2.70,18,false,1,
7290017275338,false,טחינה גולמית 500 טורקיז אחווה*,אחדות ביתחרושת לטחינה חלבה,,,"י""ח",500,ל גרם,false,1,8.50,1.70,false,1,
7290017275345,false,"טחינה גולמית בבקבוק לחיץ , 350 גרם אחווה",אחדות ביתחרושת לטחינה חלבה,,,"י""ח",350,ל גרם,false,1,6.80,1.94,true,1,
7290017297156,false,"צ יפס עם קליפה 1.5 ק""ג פרי הגליל",ויטה- פרי גליל (החדשה) בעמ,,,"י""ח",1.50,"ק""ג",false,1,18.70,12.47,true,1,
7290017297392,false,תירס קפוא פרי אדמה 800ג,לפ ויטה פרי גליל (החדשה) בעמ,,,"י""ח",800,ל גרם,false,1,12.70,1.59,true,1,
7290017297408,false,אפונה עדינה קפואה פרי אדמה 600ג,ויטה פרי גליל (החדשה) בעמ,,,"י""ח",600,ל גרם,false,1,12.70,2.12,true,1,
7290017297415,false,אפונה קפואה פרי אדמה 800ג.,לפ ויטה פרי גליל (החדשה) בעמ,,,"י""ח",800,ל גרם,false,1,12.70,1.59,true,1,
7290017297422,false,אפונה וגזר קפוא פרי אדמה 800ג,לפ ויטה פרי גליל (החדשה) בעמ,,,"י""ח",800,ל גרם,false,1,12.70,1.59,true,1,
7290017297439,false,שעועית ירוקה פרי אדמה 800ג,לפ ויטה פרי גליל (החדשה) בעמ,,,"י""ח",800,ל גרם,false,1,12.70,1.59,true,1,
7290017297453,false,שעועית שלמה קפואה פרי אדמה 800ג,לפ ויטה פרי גליל (החדשה) בעמ,,,"י""ח",800,ל גרם,false,1,12.70,1.59,true,1,
7290017297477,false,פול קפוא פרי אדמה 800ג,ויטה פרי גליל (החדשה) בעמ,,,"י""ח",800,ל גרם,false,1,12.70,1.59,true,1,
7290017297507,false,גזר גמדי פרי אדמה 800ג,לפ ויטה פרי גליל (החדשה) בעמ,,,"י""ח",800,ל גרם,false,1,12.70,1.59,true,1,
7290017297514,false,לקט ירק מעורב פרי אדמה 700ג,לפ ויטה פרי גליל (החדשה) בעמ,,,"י""ח",700,ל גרם,false,1,12.70,1.81,true,1,
7290017297521,false,ברוקולי פרי אדמה 800ג,ויטה פרי גליל (החדשה) בעמ,,,"י""ח",800,ל גרם,false,1,17,2.13,true,1,
7290017297538,false,כרובית פרי אדמה 800ג,ויטה פרי גליל (החדשה) בעמ,,,"י""ח",800,ל גרם,false,1,12.70,1.59,true,1,
7290017297545,false,תחתיות ארטישוק פרי אדמה 400ג,ויטה פרי גליל (החדשה) בעמ,,,"י""ח",400,ל גרם,false,1,9.30,2.33,true,1,
7290017297552,false,במיה פרי אדמה 600ג,לפ ויטה פרי גליל (החדשה) בעמ,,,"י""ח",600,ל גרם,false,1,12.70,2.12,true,1,
7290017297583,false,"ציפס 2ק""ג קפוא פרי אדמה.",לפ ויטה פרי גליל (החדשה) בעמ,,,"י""ח",2,"ק""ג",false,1,21.30,10.65,true,1,
7290017297590,false,"ציפס זיגזג 2ק""ג קפוא פרי אדמה",לפ ויטה פרי גליל (החדשה) בעמ,,,"י""ח",2,"ק""ג",false,1,21.30,10.65,true,1,
7290017297606,false,"ציפס אמריקאי 2ק""ג קפוא פרי אדמה",לפ ויטה פרי גליל (החדשה) בעמ,,,"י""ח",2,"ק""ג",false,1,21.30,10.65,true,1,
7290017297613,false,"סטייק ציפס 2ק""ג קפוא פרי אדמה",לפ ויטה פרי גליל (החדשה) בעמ,,,"י""ח",2,"ק""ג",false,1,21.30,10.65,true,1,
7290017297729,false,גזר ננסי פרי אדמה 800ג,לפ ויטה פרי גליל (החדשה) בעמ,,,"י""ח",800,ל גרם,false,1,12.70,1.59,true,1,
7290017304885,false,לחם שיפון מחיטה מלאה ללא תוספת סוכר 750 ג' אנג'ל,מאפיית שלמה א. אנג'\ל בע,,,"י""ח",750,ל גרם,false,1,14.40,1.92,false,1,
7290017389011,false,מנגו מיובש ללא סוכר 160 גרם קופסא,דין שיווק וקליה 2021 בעמ,,,"י""ח",200,ל גרם,false,1,17,8.50,false,1,
7290017457727,false,"סוד כחול מרכך כביסה מרוכז20%+בישום 900 מ""ל",גורי שיווק בעמ,,,"י""ח",90,"ל מ""ל",false,1,10.20,11.33,true,1,
7290017457734,false,"סוד ורוד מרכך כביסה מרוכז20%+בישום 900 מ""ל",גורי שיווק בעמ,,,"י""ח",90,"ל מ""ל",false,1,10.20,11.33,true,1,
7290017477169,false,קשיו קלוי 250 גרם ששון הקולה,דין שיווק וקליה 2021 בעמ,,,"י""ח",250,ל גרם,false,1,17,6.80,false,1,
7290017477558,false,שמן זית כתית מעולה אספניולה 750 מל,דין שיווק וקליה 2021 בעמ,,,"י""ח",750,"ל מ""ל",false,1,29,3.87,false,1,
7290017504001,false,פטריות שמפיניון ארוז,ביכורי השדה צפון 1994 ג.ד. בעמ,,,"י""ח",1,,false,1,10.90,10.90,true,1,
7290017504025,false,פטריות פורטבלה ברכת קטיף,ביכורי השדה צפון 1994 ג.ד. בעמ,,,"י""ח",1,,false,1,11.90,11.90,false,1,
7290017504032,false,זוג פטריות שמפניון ו,ביכורי השדה צפון 1994 ג.ד. בעמ,,,"י""ח",1,,false,1,18.90,18.90,false,1,
7290017513409,false,תה ירוק SUPER GREEN 87 גרםבטעם אוכמניות ואסאי,תה ויסוצקי (ישראל) בעמ,,,"י""ח",37.50,ל גרם,false,1,21.30,56.80,true,1,
7290017513485,false,מחית עגבניות רוסטיקה גרנד איטליה 680 גרם,תה ויסוצקי (ישראל) בעמ,,,"י""ח",700,ל גרם,false,1,10.20,1.46,true,1,
7290017513850,false,תה ירוק נענע 25 שקיקים בתוספת ויטמינים Cּּ+D,תה ויסוצקי (ישראל) בעמ,,,"י""ח",37.50,ל גרם,false,1,21.30,56.80,true,1,
7290017513867,false,תה ירוק לימונית ולואיזה סתוספת ויטמינים ויסוצקי 25 יחידות,תה ויסוצקי (ישראל) בעמ,,,"י""ח",37.50,ל גרם,false,1,21.30,56.80,true,1,
7290017586007,false,גזר ארוז,ביכורי השדה צפון 1994 ג.ד. בעמ,,,"ק""ג",1,"ק""ג",true,1,3.90,3.90,false,1,
7290017589565,false,"ברקן, גוורצטרמינר לבן חצי יבש 750 מל",טמפו משקאות בעמ,,,"י""ח",750,"ל מ""ל",false,1,28.20,3.72,true,1,
7290017599229,false,ממתיק סוכרלוז 200 טבליות סוכרזית,שטראוס גרופ בע`מ,,,"י""ח",200,"י""ח",false,1,17.90,0.09,true,1,
7290017599281,false,סוכרזית סטיוויה פלוס 100שקיות,"שטראוס גרופ בע""מ",,,"י""ח",100,ל גרם,false,1,30.70,30.70,true,1,
7290017599359,false,סוכרזית קלאסי כפית לכפית 400גר,"שטראוס גרופ בע""מ",,,"י""ח",400,ל גרם,false,1,25.60,6.40,true,1,
7290017617046,false,נתחי טונה בשמן זית כתית מעולה רביעיה * 140 ג',דיפלומט מפיצים (1968) בעמ**,,,"י""ח",560,"ל מ""ל",false,1,23.90,4.27,false,1,
7290017617084,false,סטארקיסט מיקס טוגו טונה עם שעועית 185 גרם,דיפלומט מפיצים (1968) בעמ**,,,"י""ח",185,ל גרם,false,1,11.90,6.43,false,1,
7290017617107,false,סטארקיסט מיקס טוגו טונה עם 4 דגנים 185 גרם,דיפלומט מפיצים (1968) בעמ**,,,"י""ח",185,ל גרם,false,1,11.90,6.43,false,1,
7290017617428,false,סטארקיסט מיקס סלמון עם פסטה ברוטב עגבניות 160 גרם,דיפלומט מפיצים (1968) בעמ**,,,"י""ח",80,ל גרם,false,1,12.70,15.88,false,1,
7290017617435,false,סטארקיסט מיקס סלמון עם עדשים קינואה וירק 160 גרם,דיפלומט מפיצים (1968) בעמ**,,,"י""ח",80,ל גרם,false,1,12.70,15.88,false,1,
7290017641102,false,שוקולד פרימיום 70% ללא סוכר בטעם תפוז 100 גרם,כרמית תעשיות ממתקים בעמ,,,"י""ח",100,ל גרם,false,1,7.60,7.60,true,1,
7290017641188,false,קרקר עם שיפון מלא וסלק כרמית 130 גרם,כרמית תעשיות ממתקים בעמ,,,"י""ח",130,ל גרם,false,1,5.90,4.54,true,1,
7290017647470,false,ירדן-הר חרמון מג`נטה 750 מל,היכל היין שקד גולן בעמ,,,"י""ח",750,"ל מ""ל",false,1,36.90,4.88,true,1,
7290017677804,false,"רוטב סויה קיקומן ללא חומרים משמרים 444 מ""ל",דיפלומט מפיצים (1968) בעמ**,,,"י""ח",444,"ל מ""ל",false,1,17,3.83,false,1,
7290017682099,false,מקל מטאטא טיטניוום,*** מ.א.ייצור ויבוא מטליות,,,"י""ח",1,,false,1,5.10,5.10,false,1,
7290017687292,false,גביעי איחסון עבים במיוחד 250גרם 10 יח`,שפע טוב סנטר בעמ,,,"י""ח",10,"י""ח",false,1,11,1.10,false,1,
7290017724041,false,עוגיות תותי פרוטי 200גרם,הלל בן הלל שיווק ומסחר בעמ,,,"י""ח",250,ל גרם,false,1,20.40,8.16,false,1,
7290017724102,false,עוגיות סיגרים תמרים אקלר,הלל בן הלל שיווק ומסחר בעמ,,,"י""ח",250,ל גרם,false,1,20.40,8.16,false,1,
7290017724140,false,עוגיות שושנים אקלר 200 גרם,הלל בן הלל שיווק ומסחר בעמ,,,"י""ח",200,ל גרם,false,1,20.40,10.20,false,1,
7290017724171,false,עוגיות סנדביץ ריבה ללא סוכר אקלר 200 גרם,הלל בן הלל שיווק ומסחר בעמ,,,"י""ח",250,ל גרם,false,1,20.40,8.16,false,1,
7290017724201,false,עוגיות ואן גוך ללא סוכר אקלר,הלל בן הלל שיווק ומסחר בעמ,,,"י""ח",250,ל גרם,false,1,20.40,8.16,false,1,
7290017812052,false,יין שיראז-קברנה סוביניון אקסלנס יקבי כרמל,אגודת הכורמים בעמ,,,"י""ח",750,"ל מ""ל",false,1,21.30,2.80,false,1,
7290017812069,false,יין אמרלד ריזלינג שרדונה אקסלנס Excellence,אגודת הכורמים בעמ,,,"י""ח",750,"ל מ""ל",false,1,21.30,2.80,false,1,
7290017812373,false,יין שרדונה לבן יבש פרייבט קולקשן - בקבוק אישי,יקבי כרמל Carmel Winery,,,"י""ח",375,"ל מ""ל",false,1,17.10,4.48,false,1,
7290017812571,false,מיץ ענבים תירוש אדום 100% טבעי כרמל 1 ליטר,אגודת הכורמים -כרמל מזרחי,,,"י""ח",1,ליטר,false,1,17.10,17.10,false,1,
7290017812861,false,יין לבש יבש ( 750 מל) וינו,אגודת הכורמים בעמ,,,"י""ח",750,"ל מ""ל",false,1,18,2.36,true,1,
7290017812878,false,"אקסלנס וזה -קברנה סוביניון כרמל 750 מ""ל",אגודת הכורמים בעמ,,,"י""ח",750,"ל מ""ל",false,1,21.30,2.80,false,1,
7290017841496,false,נרונים 4 שעות 72 שווה,ח.כהן סוכנות מזון ומשקאות בע,,,"י""ח",1,"י""ח",false,1,21.30,21.30,false,1,
7290017841625,false,מטליות מיקרופיבר אנטיבקטריאלי לרצפה *2,ח.כהן סוכנות מזון ומשקאות בע,,,"י""ח",2,"י""ח",false,1,14.40,7.20,true,1,
7290017841649,false,מארז מטליות מיקרופייבר ניקוי כללי/רצפה,ח.כהן סוכנות מזון ומשקאות בע,,,"י""ח",10,"י""ח",false,1,21.30,2.13,false,1,
7290017841731,false,מטליות מיקרופייבר גדולות במיוחד *2 שוו,ח.כהן סוכנות מזון ומשקאות בע,,,"י""ח",2,"י""ח",false,1,12.70,6.35,false,1,
7290017841779,false,"חומץ בלסמי 6% 500 מ""ל בד""ץ שווה*",פרידמן תעשיות חומץ ומזון בעמ,,,"י""ח",500,"ל מ""ל",false,1,16.20,3.24,false,1,
7290017841885,false,דלי מגבונים ניקוי כללי 400 יח שווה*,ח.כהן סוכנות מזון ומשקאות בע,,,"י""ח",400,"י""ח",false,1,17,0.04,true,1,
7290017842035,false,תבניות+מכסים מבלנית עמוקה 80A+R64 שווה,ח.כהן סוכנות מזון ומשקאות בע,,,"י""ח",5,"י""ח",false,1,8.50,1.70,false,1,
7290017842226,false,פילה סרדין 125 ג בשמן צמחי ללא עור,ח.כהן סוכנות מזון ומשקאות בע,,,"י""ח",125,"ל מ""ל",false,1,5,4,true,1,
7290017842233,false,מקרל בשמן צמחי 125 גרם שווה,ח.כהן סוכנות מזון ומשקאות בע,,,"י""ח",125,"ל מ""ל",false,1,5,4,true,1,
7290017842240,false,אנשובי ארוך בפח בשמן זית שווה,ח.כהן סוכנות מזון ומשקאות בע,,,"י""ח",77,ל גרם,false,1,5.90,7.66,false,1,
7290017842448,false,"אננס שלם 227 ג ""שווה"" *",ח.כהן סוכנות מזון ומשקאות בע,,,"י""ח",227,ל גרם,false,1,4.20,1.85,false,1,
7290017842455,false,קוקטייל פירות A2 שווה* (24 בקרטון),ח.כהן סוכנות מזון ומשקאות בע,,,"י""ח",540,ל גרם,false,1,7.60,1.41,false,1,
7290017842493,false,"תירס גמדי 425 גרם ""שווה"" *",ח.כהן סוכנות מזון ומשקאות בע,,,"י""ח",425,"ל מ""ל",false,1,6.80,1.60,false,1,
7290017842516,false,"שקיות אוכל זיפר קטנות 30 יח`""שווה"" *",ח.כהן סוכנות מזון ומשקאות בע,,,"י""ח",30,"י""ח",false,1,5.90,0.20,false,1,
7290017842547,false,"שקיות רב שימושיות ריץ`רץ 12 יח` ""שווה""",ח.כהן סוכנות מזון ומשקאות בע,,,"י""ח",15,"י""ח",false,1,7.60,0.51,false,1,
7290017842554,false,חמאת בוטנים קראנץ 510גר קלאסית שווה,ח.כהן סוכנות מזון ומשקאות בע,,,"י""ח",510,ל גרם,false,1,9.30,1.82,true,1,
7290017842745,false,צלחת בינונית חושן 20יח שווה,ח.כהן סוכנות מזון ומשקאות בע,,,"י""ח",20,"י""ח",false,1,7.60,0.38,false,1,
7290017842752,false,צלחת גדולה חושן מתכלה 20 יח שווה,ח.כהן סוכנות מזון ומשקאות בע,,,"י""ח",20,"י""ח",false,1,11.90,0.60,false,1,
7290017842776,false,מרקיה חושן מתכלה 20 יח שווה,ח.כהן סוכנות מזון ומשקאות בע,,,"י""ח",20,"י""ח",false,1,11,0.55,false,1,
7290017842783,false,קערית אובלית חושן מתכלה 20 יח,ח.כהן סוכנות מזון ומשקאות בע,,,"י""ח",20,"י""ח",false,1,7.60,0.38,false,1,
7290017845029,false,פטריות צמד משפחתי(מוגו),ביכורי השדה צפון 1994 ג.ד. בעמ,,,"י""ח",1,,false,1,18.90,18.90,false,1,
7290017845067,false,פטריות פורטובלה XL מוגו,ביכורי השדה צפון 1994 ג.ד. בעמ,,,"י""ח",1,,false,1,19.90,19.90,false,1,
7290017845203,false,שמפיניון ארוז א.א-מוגו,ביכורי השדה צפון 1994 ג.ד. בעמ,,,"י""ח",1,,false,1,10.90,10.90,true,1,
7290017864440,false,"ארטישוק ירושלמי 1ק""ג",ביכורי השדה צפון 1994 ג.ד. בעמ,,,"י""ח",1,"ק""ג",false,1,19.90,19.90,false,1,
7290017864471,false,ביבי מיקס תקומה 250 גרם,ביכורי השדה צפון 1994 ג.ד. בעמ,,,"י""ח",250,ל גרם,false,1,14.90,5.96,false,1,
7290017864549,false,עלי רוקולה 250ג רמי לוי,ביכורי השדה צפון 1994 ג.ד. בעמ,,,"י""ח",250,ל גרם,false,1,15.90,6.36,false,1,
7290017864594,false,שום צנצנת רמי לוי,ביכורי השדה צפון 1994 ג.ד. בעמ,,,"י""ח",1,,false,1,12.70,12.70,false,1,
7290017871363,false,פמילי יהלום- פמלי סבון ידיים מועשר בשמן מקדמיה לניקוי וטיפוח עור הידיים,המאפיה של הרמן,,,"י""ח",500,"ל מ""ל",false,1,8.50,1.70,false,1,
7290017871370,false,פמילי יהלום- סבון ידיים מועשר בשמן אבוקדו לניקוי וטיפוח עור הידיים,המאפיה של הרמן,,,"י""ח",500,"ל מ""ל",false,1,8.50,1.70,false,1,
7290017872162,false,טוסו - עוגיות אגוזי לוז ללא סוכר 200 גרם,"הגביע מוצרי וופלים בע""\מ",,,"י""ח",200,ל גרם,false,1,12.70,6.35,false,1,
7290017872179,false,טוסו - עוגיות טחינה ללא סוכר 200 גרם,"הגביע מוצרי וופלים בע""\מ",,,"י""ח",200,ל גרם,false,1,12.70,6.35,false,1,
7290017873015,false,גלילונית גופיה עם ידיות 30יח,דנשר (1963) בעמ,,,"י""ח",30,"י""ח",false,1,12.70,0.42,false,1,
7290017873039,false,מארז זוג שקיות לסנדוויץ גלילונית 2*160 יח',"קינג באג בע""מ",,,"י""ח",320,"י""ח",false,1,10.20,0.03,false,1,
7290017888019,false,"משקה תפוח רימון סלק גינגיר פרות &ווג 350 מ""ל",יפאורה שותפות מוגבלת לשיווק,,,"י""ח",350,"ל מ""ל",false,1,6.50,1.77,true,1,
7290017888026,false,"משקה אננס תפוח גזר פרות & ווג 350 מ""ל",יפאורה שותפות מוגבלת לשיווק,,,"י""ח",350,"ל מ""ל",false,1,6.50,1.77,true,1,
7290017888033,false,"משקה בננה מלון נענע פרות &ווג 350 מ""ל",יפאורה שותפות מוגבלת לשיווק,,,"י""ח",350,"ל מ""ל",false,1,6.50,1.77,true,1,
7290017888644,false,"משקה אננס בננה כורכום פרות & ווג 350 מ""ל",יפאורה שותפות מוגבלת לשיווק,,,"י""ח",350,"ל מ""ל",false,1,6.50,1.77,true,1,
7290017888729,false,שוופס סודה בקבוק 1 ל',יפאורה שותפות מוגבלת לשיווק,,,"י""ח",1,ליטר,false,1,3.90,3.90,true,1,
7290017888972,false,בקבוק מי עדן פקק ספורט 1 ליטר,יפאורה שותפות מוגבלת לשיווק,,,"י""ח",1,ליטר,false,1,3.40,3.40,false,1,
7290017925028,false,"בירה צ`רי שוף 8% 330מ""ל שלישייה",הכרם משקאות חריפים בעמ,,,"י""ח",990,"ל מ""ל",false,1,20.80,2.07,false,1,
7290017928036,false,מאיר בייגל מקלות גריסיני שומשום 175 גרם,מאיר את בייגל,,,"י""ח",175,ל גרם,false,1,12.90,7.37,true,1,
7290017928432,false,מקלות גריסיני קראנץ' פרג מאיר בייגל 175 גרם,מאיר את בייגל,,,"י""ח",175,ל גרם,false,1,12.90,7.37,true,1,
7290017928685,false,בייגלה שמיניות מלוח מאיר בייגל 400 גרם.,מאיר את בייגל,,,"י""ח",330,ל גרם,false,1,12.90,3.91,true,1,
7290017928821,false,מאיר בייגל מקלות גריסיני קלאסי 200 גרם,מאיר את בייגל,,,"י""ח",200,ל גרם,false,1,12.90,6.45,true,1,
7290017938226,false,ממרח לימון כבוש 200ג גורמה,סלטי שמיר2006בעמ,,,"י""ח",200,ל גרם,false,1,12.70,6.35,false,1,
7290017947105,false,לחם אנג'ל בסגנון אמריקה 500 גרם,מאפיית שלמה א. אנג'\ל בע,,,"י""ח",500,ל גרם,false,1,11.90,2.38,false,1,
7290017947464,false,שמיניית פיתות כוסמין אנג'ל 8*50 גרם,מאפיית שלמה א.אנג'\ל בע\,,,"י""ח",8,"י""ח",false,1,12.70,1.59,true,1,
7290017947495,false,לחמניות כוסמין 6 יח(450 גר`)אנג`ל,"איטיליאן פוד, אס.פי.",,,"י""ח",450,ל גרם,false,1,12.70,2.82,false,1,
7290017947891,false,לחם אנג'ל כוסמין וחיטה מלאה 750 גרם,מאפיית שלמה א. אנג'\ל בע,,,"י""ח",750,ל גרם,false,1,13.60,1.81,false,1,
7290017947921,false,לחמניות המבורגר בסגנון אמריקאי מארז 6 יח',מאפיית שלמה א. אנג'\ל בע,,,"י""ח",450,ל גרם,false,1,11,2.44,false,1,
7290017947938,false,מיני לחמניות המבורגר בסגנון אמריקה 400 ג' אנג'ל,מאפיית שלמה א. אנג'\ל בע,,,"י""ח",400,ל גרם,false,1,11.90,2.98,false,1,
7290017969350,false,פתיל צף משושה מוכן 44 יח' איכותי ר.שמאי,צבע ומכחול (2014) בעמ,,,"י""ח",1,,false,1,5.90,5.90,false,1,
7290018071526,false,פלסטר נייר בגליל 9.10מטר,אינטרסן (1996) בעמ,,,"י""ח",9.10,מטר,false,1,10.20,1.12,true,1,
7290018091838,false,חטיפי פילאס גבינה 600 גרם מעדנות,תנובה ענף ב.ע.ד,,,"י""ח",600,ל גרם,false,1,17,2.83,false,1,
7290018098653,false,מרק מינסטרונה ירוק מן הצומח 500גר,קפוא זן תעשיות מזון בעמ,,,"י""ח",500,ל גרם,false,1,14.40,2.88,false,1,
7290018131077,false,נסטלה מילקה שלגון וניל חדש 71 גרם,פרונרי פולין,,,"י""ח",70,ל גרם,false,1,11,15.71,true,1,
7290018131251,false,אקסטרים מטבע שוקולד לבן וליבת קרם עוגיות 115ג',נגה גלידות שותפות מוגבלת,,,"י""ח",1,,false,1,7.70,7.70,true,1,
7290018131336,false,שלגון ליון בטעם קרמל עם,שוורצקוף& הנקל דיסלד,,,"י""ח",66,ל גרם,false,1,10.20,15.45,true,1,
7290018131879,false,אקסטרים טילון חלב בדצ מאגדת 6*72 גרם נסטלה,נגה גלידות שותפות מוגבלת,,,"י""ח",1,,false,1,30.70,30.70,false,1,
7290018131954,false,מאגדת לה פרוטה תות שוקולד נסטלה 350 גרם,נגה גלידות שותפות מוגבלת,,,"י""ח",350,ל גרם,false,1,25.60,7.31,false,1,
7290018131978,false,טילון נסטלה אוראו 68.5 גרם,פרונרי סרביה,,,"י""ח",68,ל גרם,false,1,7.60,11.18,true,1,
7290018156124,false,"אל סבון קמיל צבעוני ד""ר פישר שלישיה* 500 מ""ל","פישר תעשיות פרמבצטיות בע""מ",,,"י""ח",3,"י""ח",false,1,17,5.67,false,1,
7290018165027,false,רזרב גולד אדישיין רוזה 750 מל-יקבי ברק,יקבי ברקן שיווק והפצה בע,,,"י""ח",750,"ל מ""ל",false,1,42.70,5.65,true,1,
7290018165560,false,תירוש של סגל לבן 100% מיץ 1 ליטר,טמפו משקאות בעמ,,,"י""ח",7.50,"י""ח",false,1,12.80,1.67,true,1,
7290018194225,false,"סודה ספארק מ""ל 250- בודד",בני פאוזי שמשום (2009) בעמ,,,"י""ח",250,"ל מ""ל",false,1,2.50,0.88,true,1,
7290018198056,false,"תפוגן קוביות תפוחי אדמה 1.5 ק""ג",קבוצת אוסם סחר שותפות מוגבלת,,,"י""ח",1.50,"ק""ג",false,1,21.30,14.20,false,1,
7290018198148,false,"תפוגן צ'יפס קריספי קלאסי 1.25 ק""ג",קבוצת אוסם סחר-שות.מוגבלת,,,"י""ח",1.50,"ק""ג",false,1,26.90,17.93,false,1,
7290018198209,false,צ'יפס בטטה קראנצ'י תפוגן 500 גרם,קבוצת אוסם סחר שותפות מוגבלת,,,"י""ח",500,ל גרם,false,1,18.70,3.74,false,1,
7290018198254,false,"תפוגן קריספי צ'יפס פוטטוס 1.25 ק""ג",קבוצת אוסם סחר שותפות מוגבלת,,,"י""ח",1.50,"ק""ג",false,1,26.90,17.93,false,1,
7290018208489,false,תמר מג`הול 800גר פרימים מחנה יהודה,א.מ. עישבי תיבול תקומה בעמ,,,"י""ח",800,ל גרם,false,1,24.90,3.11,true,1,
7290018208496,false,תמר מג`הול 650גר סופר פרימים מחנה יהוד,"בכורי השדה צפון1994 ג.ד. בע""מ",,,"י""ח",650,ל גרם,false,1,24.90,3.83,true,1,
7290018236659,false,צ'ונגו-פופקורן ציפ מתובל עוף טוב 600 גרם,קבוצת אוסם סחר-שות.מוגבלת,,,"י""ח",700,ל גרם,false,1,39.90,5.70,true,1,
7290018237373,false,עוף טוב פסטרמה צרובה על הגריל נתח שלם 8*300 גרם,קבוצת אוסם סחר-שות.מוגבלת,,,"י""ח",300,ל גרם,false,1,22.10,7.37,true,1,
7290018237397,false,עוף טוב פסטרמה מקורמלת נתח שלם 8*300 גרם,קבוצת אוסם סחר שותפות מוגבלת,,,"י""ח",300,ל גרם,false,1,22.10,7.37,true,1,
7290018237410,false,עוף טוב פסטרמה במעשנה נתח שלם 8*300 גרם,קבוצת אוסם סחר-שות.מוגבלת,,,"י""ח",300,ל גרם,false,1,22.10,7.37,true,1,
7290018237489,false,פסטרמה ברביקיו דק דק עוף טוב 200 גרם,קבוצת אוסם סחר-שות.מוגבלת,,,"י""ח",220,ל גרם,false,1,18.70,8.50,false,1,
7290018237496,false,פסטרמה בדבש דק דק עוף טוב 200 גרם,קבוצת אוסם סחר-שות.מוגבלת,,,"י""ח",220,ל גרם,false,1,18.70,8.50,true,1,
7290018237731,false,זוג פסטרמות ברביקיו ומעושנת עוף טוב 600 גרם,קבוצת אוסם סחר שותפות מוגבלת,,,"י""ח",600,ל גרם,false,1,23.90,3.98,false,1,
7290018282991,false,אסותא סבון ידיים קוביה נוסטלגיה,עיסא ערטול בעמ-סוכן הנקל סוד,,,"י""ח",500,"ל מ""ל",false,1,5,1,true,1,
7290018294192,false,"יין בלנד היינן אדום יבש 750 מ""ל p.c",אגודת הכורמים -כרמל מזרחי,,,"י""ח",750,"ל מ""ל",false,1,34.20,4.52,true,1,
7290018294208,false,"סלקטדאדום ישראלי יבש כרמל 750 מ""ל",אגודת הכורמים בעמ,,,"י""ח",750,"ל מ""ל",false,1,25.60,3.37,true,1,
7290018294352,false,"ארק יקבי כרמל 700 מ""",אגודת הכורמים -כרמל מזרחי,,,"י""ח",700,"ל מ""ל",false,1,51.20,7.27,true,1,
7290018333969,false,חטיף גרנולה רפאלס שקדים וטחינה בדצ 150 גר *12יח,כרמית תעשיות ממתקים בעמ,,,"י""ח",150,ל גרם,false,1,13.60,9.07,false,1,
7290018359464,false,קראנצ`י חטיף בטעם תירס טבעי יכין 27 גר,זנלכול יכין,,,"י""ח",27,ל גרם,false,1,9.30,34.44,true,1,
7290018359495,false,תירס מהשדה בלי תוספת סוכר יכין 550 גרם,היינץ צפון אמריקה מק,,,"י""ח",550,ל גרם,false,1,8.50,1.55,false,1,
7290018359518,false,תירס מהשדה בלי תוספת סוכר יכין מארז 200X3 גר',היינץ צפון אמריקה מק,,,"י""ח",600,ל גרם,false,1,12.70,2.12,false,1,
7290018359716,false,רוטב עגבניות פיצה טוסקנה 240 גרם יכין,"זנלכל בע""\מ",,,"י""ח",240,"ל מ""ל",false,1,6.50,2.71,false,1,
7290018359938,false,"רוטב עגבניות לשקשוקה יכין, 400 גרם",זנלכול יכין,,,"י""ח",400,ל גרם,false,1,9.30,2.33,false,1,
7290018359945,false,רוטב עגבניות פיקנטי מפלפלים וירקות יכין 400 גרם,זנלכול יכין,,,"י""ח",400,ל גרם,false,1,9.30,2.33,false,1,
7290018440391,false,תה ירוק מאטה נענע גוארנה ויסוצקי 25 יחידות,תה ויסוצקי (ישראל) בעמ,,,"י""ח",25,"י""ח",false,1,21.30,0.85,true,1,
7290018440407,false,מאטה תה ירוק מאטה בטעם קקאו ואגוזי לוז,תה ויסוצקי (ישראל) בעמ,,,"י""ח",25,"י""ח",false,1,21.30,0.85,true,1,
7290018440438,false,Calvo טונה בשמן זית פתיחה קלה 3 * 65 גרם,תה ויסוצקי (ישראל) בעמ,,,"י""ח",195,ל גרם,false,1,22.10,11.33,true,1,
7290018441626,false,גלידת פיינטים מנטה עוגיות 430 ג' בן וג'ירי,מוצרי איכות אמריקאיים בעמ,,,"י""ח",500,"ל מ""ל",false,1,17,3.40,true,1,
7290018443040,false,נבטים סיניים (בוסתן,ביכורי השדה צפון 1994 ג.ד. בעמ,,,"י""ח",1,,false,1,7.90,7.90,false,1,
7290018443354,false,נענע ברכת קטיף מצע מנותק ייבול נוכרי,ביכורי השדה צפון 1994 ג.ד. בעמ,,,"י""ח",1,,false,1,6.90,6.90,true,1,
7290018443385,false,חסה ייבול נוכרי ברכת קטיף,ביכורי השדה צפון 1994 ג.ד. בעמ,,,"י""ח",1,,false,1,6.90,6.90,true,1,
7290018443712,false,כרובית ארוזה תקומה,ביכורי השדה צפון 1994 ג.ד. בעמ,,,"י""ח",1,"י""ח",false,1,10.90,10.90,false,1,
7290018443750,false,חסה משי רמי לוי פראש,ביכורי השדה צפון 1994 ג.ד. בעמ,,,"י""ח",100,ל גרם,false,1,10.90,10.90,false,1,
7290018443828,false,צמח חסה אייסברג,ביכורי השדה צפון 1994 ג.ד. בעמ,,,"י""ח",150,ל גרם,false,1,10.90,7.27,false,1,
7290018443835,false,שרי סוכריות פרמיום תקומה,ביכורי השדה צפון 1994 ג.ד. בעמ,,,"י""ח",1,,false,1,12.90,12.90,false,1,
7290018471043,false,"ספרינג נקטר פירות טרופיים פחית 330 מ""ל",יפאורה שותפות מוגבלת לשיווק,,,"י""ח",330,"ל מ""ל",false,1,5.10,1.45,true,1,
7290018471180,false,משקה פרוט& ווג' אננס תפוח גזר 1 ליטר,יפאורה שותפות מוגבלת לשיווק,,,"י""ח",1,ליטר,false,1,11.10,11.10,false,1,
7290018471197,false,פרוט אנד ווג` תפוח בננה מלון נענע 1 ליטר,יפאורה שותפות מוגבלת לשיווק,,,"י""ח",1,ליטר,false,1,11.10,11.10,false,1,
7290018471395,false,משקה פרוט& ווג' תפוח רימון ג'ינג'ר 1 ליטר,יפאורה שותפות מוגבלת לשיווק,,,"י""ח",1,ליטר,false,1,11.10,11.10,false,1,
7290018471463,false,תפוזינה נקטר תפוז מנגו קרטונית 1 ליטר,יפאורה שותפות מוגבלת לשיווק,,,"י""ח",1,ליטר,false,1,6.90,6.90,true,1,
7290018471470,false,תפוזינה נקטר תפוז פסיפלורה קרטונית 1 ליטר,יפאורה שותפות מוגבלת לשיווק,,,"י""ח",1,ליטר,false,1,6.90,6.90,true,1,
7290018471487,false,תפוזינה נקטר תפוז אננס קרטונית 1 ליטר,יפאורה שותפות מוגבלת לשיווק,,,"י""ח",1,ליטר,false,1,6.90,6.90,true,1,
7290018471531,false,"ספרינג ענבים 250 מ""ל - בודד",יפאורה שותפות מוגבלת לשיווק,,,"י""ח",220,"ל מ""ל",false,1,3.60,1.50,false,1,
7290018471548,false,"רביעיית ספרינג ענבים 250 מ""ל",יפאורה שותפות מוגבלת לשיווק,,,"י""ח",1,ליטר,false,1,11,11,true,1,
7290018471906,false,שוופס מוגז פירות לימונדה ורודה 1.5 ליטר פיקדון,יפאורה - שותפות מוגבלת לשיווק,,,"י""ח",1.50,ליטר,false,1,7.60,4.87,true,1,
7290018471937,false,שוופס מוגז פירות תות ליים 1.5 ליטר פיקדון,יפאורה - שותפות מוגבלת לשיווק,,,"י""ח",1.50,ליטר,false,1,7.60,4.87,true,1,
7290018471944,false,שוופס מוגז פירות לימונייד 1.5 ליטר פיקדון,יפאורה - שותפות מוגבלת לשיווק,,,"י""ח",1.50,ליטר,false,1,7.60,4.87,true,1,
7290018471951,false,שוופס מוגז פירות אשכולית אדומה 1.5 ליטר פיקדון,יפאורה - שותפות מוגבלת לשיווק,,,"י""ח",1.50,ליטר,false,1,7.60,4.87,true,1,
7290018500231,false,לחם פרוס וויקאנד אנג'ל 750 גרם,מאפיית שלמה א. אנג'\ל בע,,,"י""ח",750,ל גרם,false,1,14.40,1.92,false,1,
7290018500361,false,"לחם שחור פרוס 900 גרם ""אנג'ל"" -מוצר בפיקוח",מאפיית שלמה א. אנג'\ל בע,,,"י""ח",900,ל גרם,false,1,7.29,0.81,false,1,
7290018500460,false,לחם חצי מלא אנג'ל 700 גרם,שלמה א.אנג ל בעמ,,,"י""ח",750,ל גרם,false,1,10.20,1.36,false,1,
7290018500491,false,חלה בסגנון אמריקה אנגל.,שלמה א.אנג ל בעמ,,,"י""ח",500,ל גרם,false,1,13.60,2.72,false,1,
7290018516324,false,פאוץ' פרינוק תפוח עץ עם שיבולת שועל 120 גרם,גורי מוצרי צריכה (1991) בעמ,,,"י""ח",120,ל גרם,false,1,6.60,5.50,true,1,
7290018516331,false,פאוץ' פרינוק תפוח בננה ושיבולת שועל 120 גרם,גורי מוצרי צריכה (1991) בעמ,,,"י""ח",120,ל גרם,false,1,6.60,5.50,true,1,
7290018540459,false,לחמניות המבורגר כוסמין 6 יח`300 גרם אנג,מאפיית שלמה א.אנג'\ל בע\,,,"י""ח",300,ל גרם,false,1,13.60,4.53,false,1,
7290018540817,false,ארטיזנל לחם מחמצת כוסמין אנג'ל 500 גרם,שלמה א. אנג`ל בעמ,,,"י""ח",500,ל גרם,false,1,15.30,3.06,true,1,
7290018564592,false,שף הטבע - שום כתוש בצנצנת 200 גרם,קפוא זן תעשיות מזון בעמ,,,"י""ח",200,ל גרם,false,1,11,5.50,false,1,
7290018571064,false,"מקלוני טופי 450 גרם ""מיה""",מיה תעשיות מזון מ.ת.מ. בעמ,,,"י""ח",450,ל גרם,false,1,13.60,3.02,true,1,
7290018571736,false,אורז בסמטי הודי 1ק''ג,מיה תעשיות מזון מ.ת.מ. בעמ,,,"י""ח",1,"ק""ג",false,1,9.30,9.30,true,1,
7290018571743,false,"אורז פרסי מלא 1 ק""ג",מיה תעשיות מזון מ.ת.מ. בעמ,,,"י""ח",1,"ק""ג",false,1,7.60,7.60,false,1,
7290018652039,false,לה קרמריה קרמל מלוח ונוגט בדצ 6*1.4 ליטר,נגה גלידות שותפות מוגבלת,,,"י""ח",1.40,ליטר,false,1,19.90,14.21,false,1,
7290018652053,false,"יסקולידה אקסטרה גלידה בטעמי וניל ושוקולד, 90 גרם",גלידות נסטלה )נגה גלידות,,,"י""ח",68,ל גרם,false,1,7.60,11.18,true,1,
7290018652213,false,מאגדת חטיפי גלידה קראנץ בר 41X6 גרם,נגה גלידות שותפות מוגבלת,,,"י""ח",350,ל גרם,false,1,23,6.57,false,1,
7290018652671,false,"לה קרמריה שוקולד וניל 1.4 ליטר [תו אי""ל]",נגה גלידות שותפות מוגבלת,,,"י""ח",1.40,ליטר,false,1,19.90,14.21,false,1,
7290018652770,false,טילון אקסטרים בייגלה מתוק מלוח 115 גרם,נגה גלידות שותפות מוגבלת,,,"י""ח",115,ל גרם,false,1,8.50,7.39,true,1,
7290018652886,false,שלגונים בשומן צמחי בטעמי שוקו ובננה מצופים צימקאו,נגה גלידות שותפות מוגבלת,,,"י""ח",600,ל גרם,false,1,25.60,4.27,false,1,
7290018732601,false,אבוקדו מוכן לאכילה,ביכורי השדה צפון 1994 ג.ד. בעמ,,,"י""ח",1,,false,1,9.90,9.90,false,1,
7290018732809,false,אבוקדו בשל לאכילה,ביכורי השדה צפון 1994 ג.ד. בעמ,,,"י""ח",1,"ק""ג",false,1,8.90,8.90,false,1,
7290018835012,false,באר אקסטרה בציפוי שוקולד חלב 5 יח 90 גר,א.ל ייצור ושיווק תבלינים בעמ,,,"י""ח",90,ל גרם,false,1,11.90,13.22,true,1,
7290018893098,false,צ'וקטה עוגויות ביסקוויט מצופה שוקולד חלב 100 גרם,דיסטרופר אוליבייר,,,"י""ח",100,ל גרם,false,1,8.50,8.50,true,1,
7290018893104,false,צ'וקטה עוגויות ביסקוויט מצופה שוקולד מריר 100 גרם,דיסטרופר אוליבייר,,,"י""ח",100,ל גרם,false,1,8.50,8.50,true,1,
7290018893111,false,צ'וקטה שוקולד מריר בלגי 70% 100 גרם,ש. שסטוביץ בע`מ,,,"י""ח",100,"ל מ""ל",false,1,8.50,8.50,false,1,
7290018893135,false,מקלות אפויים בתוספת מלח Salty,ש.שסטוביץ בעמ,,,"י""ח",120,ל גרם,false,1,5.90,4.92,true,1,
7290018893142,false,צ'וקטה גריסיני בתוספת שמן זית 120 גרם,ש.שסטוביץ בעמ,,,"י""ח",120,ל גרם,false,1,5.90,4.92,true,1,
7290018893319,false,צ'וקטה שוקולד מריר בלגי 85% 100 גרם משולש K,ש. שסטוביץ בע`מ,,,"י""ח",100,"ל מ""ל",false,1,8.50,8.50,false,1,
7290018893340,false,מקלות אפויים בתוספת שומשום Salty,ש. שסטוביץ בע`מ,,,"י""ח",120,ל גרם,false,1,5.90,4.92,true,1,
7290018893401,false,צ'וקטה שוקולד מריר מוצקי קקאו 100 70% גרם,ש.שסטוביץ בעמ,,,"י""ח",100,ל גרם,false,1,7.60,7.60,true,1,
7290018893418,false,שישיית צ'וקטה שוקולד מריר 60% מוצקי קקאו,ש. שסטוביץ בע`מ,,,"י""ח",600,ל גרם,false,1,18.70,3.12,false,1,
7290018893456,false,צ'וקטה עוגות אישיות במילוי קרם ובציפוי בטעם שוקולד 300 גרם,"פרדי קונדיטוריה אס,פי.אי",,,"י""ח",300,ל גרם,false,1,11,3.67,false,1,
7290018893487,false,צ`וקוטה עוגות אישיות טעם קוקוס 350 גרם,פרדי קונדטוריה אס פי,,,"י""ח",300,ל גרם,false,1,11,3.67,false,1,
7290018893647,false,עוגיות סנדוויץ במילוי קרם וניל בציפוי שוקולד 150 גרם צ'וקטה,ש.שסטוביץ בעמ,,,"י""ח",150,ל גרם,false,1,8.50,5.67,true,1,
7290018893746,false,צוקטה בייגלה עגבניות ועשבי תיבול 180 גרם,ש.שסטוביץ בעמ,,,"י""ח",180,ל גרם,false,1,5.90,3.28,false,1,
7290018893814,false,צ'וקטה חמישיית שוקולד מריר 48%,הדקלאים אגודת שיתופי,,,"י""ח",500,"ל מ""ל",false,1,13.60,2.72,false,1,
7290018893951,false,עלי וופל חמאה בטעם קינמון 100 גר` צוקטה,ש.שסטוביץ בעמ,,,"י""ח",100,ל גרם,false,1,8.50,8.50,true,1,
7290018894019,false,עוגות אישיות במילוי קרם חלבי ובציפוי קרם קקאו,ש. שסטוביץ בע`מ,,,"י""ח",350,ל גרם,false,1,12.70,3.63,true,1,
7290018894071,false,צוקטה מארז סביבון לחנוכה 225ג,ש.שסטוביץ בעמ,,,"י""ח",225,ל גרם,false,1,14.40,6.40,false,1,
7290018894200,false,וופל קוביות ווניל בלקוני 250 גרם,ש. שסטוביץ בע`מ,,,"י""ח",250,ל גרם,false,1,10.20,4.08,true,1,
7290018894804,false,וופלים במילוי קרם אגוזי לוז - חלבי,ש. שסטוביץ בע`מ,,,"י""ח",175,ל גרם,false,1,6.80,3.89,true,1,
7290018921029,false,"ד""ר פישר - קמיל בלו מגבוני סנסיטיב 64 יח' * 4","פישר תעשיות פרמבצטיות בע""מ",,,"י""ח",4,"י""ח",false,1,18.70,4.68,true,1,
7290018921166,false,קמיל אל סבון להזנת העור מועשר באצות-ים 1 ליטר,פישר תעשיות פרמבצטיות בעמ,,,"י""ח",1,ליטר,false,1,13.60,13.60,true,1,
7290018921616,false,רביעיית מגבוני קמיל בלו שיבולת שועל 64 יח',"פישר תעשיות פרמצביטות בע""מ",,,"י""ח",4,"י""ח",false,1,19.60,4.90,true,1,
7290018925065,false,מיץ תפוזים סחוט פרימור (2 ליטר),שטראוס גרופ בעמ/מצונן,,,"י""ח",2,ליטר,false,1,23,11.35,true,1,
7290018925072,false,פרימור טרי מיץ לימונים עם נענע 2 ליטר,שטראוס גרופ בעמ/מצונן,,,"י""ח",2,ליטר,false,1,23,11.35,true,1,
7290018925416,false,פרימור סחוט לימון ופסיפלורה 400 מל,שטראוס גרופ בעמ/מצונן,,,"י""ח",400,"ל מ""ל",false,1,6.80,1.63,true,1,
7290019014010,false,טאצ' נוזל רצפות לגונה 4 ליטר,סאסאטק אגשח בעמ,,,"י""ח",4,ליטר,false,1,12.70,3.18,true,1,
7290019036234,false,שיני שום קלופות 200 גרק,ביכורי השדה צפון 1994 ג.ד. בעמ,,,"י""ח",1,,false,1,11,11,false,1,
7290019038252,false,מאפין במילוי שוקולד עם סוכריות 45 גרם אנג'ל,שלמה א.אנג ל בעמ,,,"י""ח",1,,false,1,2.10,2.10,true,1,
7290019038559,false,עוגה בטעם שוקוצ'יפס 350 גרם אנג'ל,שלמה א.אנג ל בעמ,,,"י""ח",270,ל גרם,false,1,11,4.07,false,1,
7290019056027,false,שוופס מוגז פירות תפוחים ללא סוכר 1.5 ליטר פיקדון,יפאורה - שותפות מוגבלת לשיווק,,,"י""ח",1.50,ליטר,false,1,6.80,4.33,true,1,
7290019056065,false,שוופס מוגז עדין פירות יער 1.5 ליטר פיקדון,יפאורה - שותפות מוגבלת לשיווק,,,"י""ח",1.50,ליטר,false,1,7.40,4.73,true,1,
7290019056096,false,שוופס מוגז עדין אפרסק 1.5 ליטר פיקדון,יפאורה - שותפות מוגבלת לשיווק,,,"י""ח",1.50,ליטר,false,1,7.40,4.73,true,1,
7290019056164,false,שוופס סודה 1.5 ליטר רביעייה פיקדון,יפאורה - שותפות מוגבלת לשיווק,,,"י""ח",6,ליטר,false,1,10.20,1.53,true,1,
7290019056171,false,שוופס סודה לימון 1.5 ליטר רביעייה פיקדון,יפאורה - שותפות מוגבלת לשיווק,,,"י""ח",6,ליטר,false,1,10.20,1.53,true,1,
7290019056188,false,מארז רביעיית סודה בטעם נענע ליים 1.5 ל' שוופס,יפאורה - שותפות מוגבלת לשיווק,,,"י""ח",6,ליטר,false,1,10.20,1.53,true,1,
7290019056232,false,משקה מוגז בטעם ליים מוחיטו 1.5 ל' שוופס,יפאורה - שותפות מוגבלת לשיווק,,,"י""ח",1.50,ליטר,false,1,7.40,4.73,true,1,
7290019056249,false,שוופס מים בטעמים ענבים 1.5 ליטר פיקדון,יפאורה - שותפות מוגבלת לשיווק,,,"י""ח",1.50,ליטר,false,1,7.30,4.67,true,1,
7290019056256,false,שוופס מים בטעמים תפוחים 1.5 ליטר פיקדון,יפאורה - שותפות מוגבלת לשיווק,,,"י""ח",1.50,ליטר,false,1,7.30,4.67,true,1,
7290019056294,false,שוופס ג'ינג'ר אייל 1.5 ליטר פיקדון,יפאורה - שותפות מוגבלת לשיווק,,,"י""ח",1.50,ליטר,false,1,11.30,7.33,false,1,
7290019056317,false,משקה בטעם ראשן 1.5 ל' שוופס,יפאורה - שותפות מוגבלת לשיווק,,,"י""ח",1.50,ליטר,false,1,10.70,6.93,false,1,
7290019056324,false,משקה בטעם טוניק 1.5 ל' שוופס,יפאורה - שותפות מוגבלת לשיווק,,,"י""ח",1.50,ליטר,false,1,10.70,6.93,false,1,
7290019056331,false,שוופס טוניק ללא סוכר 1.5 ליטר פיקדון,יפאורה - שותפות מוגבלת לשיווק,,,"י""ח",1.50,ליטר,false,1,10.20,6.60,false,1,
7290019056355,false,תפוזינה לימונדה מיקס לימונענע 1.5 ליטר,יפאורה - שותפות מוגבלת לשיווק,,,"י""ח",1.50,ליטר,false,1,7.90,5.07,true,1,
7290019056362,false,תפוזינה משקה קל ענבים 1.5 ליטר,יפאורה - שותפות מוגבלת לשיווק,,,"י""ח",1.50,ליטר,false,1,7.90,5.07,true,1,
7290019056379,false,משקה קל תפוזינה 1.5 ליטר תפוזים,יפאורה - שותפות מוגבלת לשיווק,,,"י""ח",1.50,ליטר,false,1,7.90,5.07,true,1,
7290019056393,false,משקה קל תפוזינה 1.5 ליטר תות בננה,יפאורה - שותפות מוגבלת לשיווק,,,"י""ח",1.50,ליטר,false,1,7.90,5.07,true,1,
7290019056409,false,תפוזינה משקה קל מנגו עסיסי1.5ליטר,יפאורה - שותפות מוגבלת לשיווק,,,"י""ח",1.50,ליטר,false,1,7.90,5.07,true,1,
7290019056423,false,תפוזינה משקה קל תפוח רענן 1.5ליטר,יפאורה - שותפות מוגבלת לשיווק,,,"י""ח",1.50,ליטר,false,1,7.90,5.07,true,1,
7290019056430,false,משקה קל תפוזינה 1.5 ליטר תפוזים לייט,יפאורה - שותפות מוגבלת לשיווק,,,"י""ח",1.50,ליטר,false,1,7.90,5.07,true,1,
7290019056515,false,פרוט ווטר אננס 1.5 ליטר פיקדון,יפאורה - שותפות מוגבלת לשיווק,,,"י""ח",1.50,ליטר,false,1,7.30,4.67,true,1,
7290019056522,false,מים בטעם תות 1.5 ל' פרוט וואטר,יפאורה - שותפות מוגבלת לשיווק,,,"י""ח",1.50,ליטר,false,1,7.30,4.67,true,1,
7290019056546,false,fruit water פרוט ווטר אבטיח 1.5 ליטר-,יפאורה - שותפות מוגבלת לשיווק,,,"י""ח",1.50,ליטר,false,1,7.30,4.67,true,1,
7290019056553,false,שישיית מים מינרלים עין גדי 2 ליטר,יפאורה - שותפות מוגבלת לשיווק,,,"י""ח",12,ליטר,false,1,11.70,0.85,false,1,
7290019056560,false,עין גדי מים מינרלים בקבוק 2 ליטר,יפאורה שותפות מוגבלת לשיווק,,,"י""ח",2,ליטר,false,1,2.90,1.30,false,1,
7290019056577,false,ספרינג קל מנגו 1.5 ליטר פיקדון,יפאורה - שותפות מוגבלת לשיווק,,,"י""ח",1.50,ליטר,false,1,7.80,5,true,1,
7290019056584,false,משקה קל תפוזים ספרינג 1.5 ליטר,יפאורה - שותפות מוגבלת לשיווק,,,"י""ח",1.50,ליטר,false,1,7.80,5,true,1,
7290019056591,false,משקה קל ענבים ספרינג 1.5 ליטר,יפאורה - שותפות מוגבלת לשיווק,,,"י""ח",1.50,ליטר,false,1,7.80,5,true,1,
7290019056607,false,משקה קל תפוחים ספרינג 1.5 ליטר,יפאורה - שותפות מוגבלת לשיווק,,,"י""ח",1.50,ליטר,false,1,7.80,5,true,1,
7290019056614,false,משקה קל אפרסק ספרינג 1.5 ליטר,יפאורה - שותפות מוגבלת לשיווק,,,"י""ח",1.50,ליטר,false,1,7.80,5,true,1,
7290019056621,false,משקה קל פירות טרופיים ספרינג 1.5 ליטר,יפאורה - שותפות מוגבלת לשיווק,,,"י""ח",1.50,ליטר,false,1,7.80,5,true,1,
7290019056638,false,משקה קל ספרינג 1.5 ליטר תות בננה,יפאורה - שותפות מוגבלת לשיווק,,,"י""ח",1.50,ליטר,false,1,7.80,5,true,1,
7290019056645,false,משקה קל ספרינג 1.5 ליטר אגס תפוח סברס,יפאורה - שותפות מוגבלת לשיווק,,,"י""ח",1.50,ליטר,false,1,7.80,5,true,1,
7290019056652,false,משקה קל ספרינג 1.5 ליטר אננס בננה,יפאורה - שותפות מוגבלת לשיווק,,,"י""ח",1.50,ליטר,false,1,7.80,5,true,1,
7290019056669,false,משקה קל ספרינג 1.5 ליטר תפוחים דיאט,יפאורה - שותפות מוגבלת לשיווק,,,"י""ח",1.50,ליטר,false,1,7.90,5.07,true,1,
7290019056676,false,משקה קל אשכולית אננס דיאט ספרינג 1.5 ליטר,יפאורה - שותפות מוגבלת לשיווק,,,"י""ח",1.50,ליטר,false,1,7.60,4.87,true,1,
7290019056720,false,קריסטל מיץ ענבים 2 ליטר פיקדון,יפאורה - שותפות מוגבלת לשיווק,,,"י""ח",2,ליטר,false,1,6.70,3.20,true,1,
7290019056768,false,קריסטל משקה קל מנגו 2 ליטר פיקדון,יפאורה - שותפות מוגבלת לשיווק,,,"י""ח",2,ליטר,false,1,6.70,3.20,true,1,
7290019056805,false,משקה קל קריסטל (2 ליטר)מוגז תפוחים,יפאורה - שותפות מוגבלת לשיווק,,,"י""ח",2,ליטר,false,1,6.70,3.20,true,1,
7290019056812,false,משקה קל קריסטל (2 ליטר)מוגז מנטה,יפאורה - שותפות מוגבלת לשיווק,,,"י""ח",2,ליטר,false,1,6.70,3.20,true,1,
7290019056836,false,משקה קל קריסטל (2 ליטר)מוגז תות,יפאורה - שותפות מוגבלת לשיווק,,,"י""ח",2,ליטר,false,1,6.70,3.20,true,1,
7290019056959,false,מי עדן בקבוק מתכווץ שקט 1.5 מ``ל,יפאורה - שותפות מוגבלת לשיווק,,,"י""ח",1.50,ליטר,false,1,3.10,1.87,false,1,
7290019056973,false,מי עדן שישיה בק `1.5ליטר פיקדון,יפאורה - שותפות מוגבלת לשיווק,,,"י""ח",9,ליטר,false,1,11.80,1.14,false,1,
7290019075400,false,"אפקטיב קר תחליב רחצה מועשר בשיבולת שועל 700 מ""ל","פישר תעשיות פרמבצטיות בע""מ",,,"י""ח",700,"ל מ""ל",false,1,14.40,2.06,true,1,
7290019075899,false,קמיל בלו אקסטרה סופט אל סבון לתינוק 1 ליטר,"פישר תעשיות פרמצביטות בע""מ",,,"י""ח",1,ליטר,false,1,28.10,28.10,false,1,
7290019153078,false,שוופס ביטר למון 1.5 לייט ליטר פיקדון,יפאורה - שותפות מוגבלת לשיווק,,,"י""ח",1.50,ליטר,false,1,10.70,6.93,false,1,
7290019153085,false,שוופס מוגז ליים מוחיטו ללא סוכר 1.5 ליטר-,יפאורה - שותפות מוגבלת לשיווק,,,"י""ח",1.50,ליטר,false,1,7.60,4.87,true,1,
7290019153252,false,שוופס סודה תפוח 1.5 ליטר רביעייה פיקדון,יפאורה - שותפות מוגבלת לשיווק,,,"י""ח",6,ליטר,false,1,10.20,1.53,true,1,
7290019153269,false,שוופס סודה אננס 1.5 ליטר רביעייה פיקדון,יפאורה - שותפות מוגבלת לשיווק,,,"י""ח",6,ליטר,false,1,10.20,1.53,true,1,
7290019153313,false,"משקהתפוח חמוציות אוכמניות 350 מ""ל פרות & ווג",יפאורה - שותפות מוגבלת לשיווק,,,"י""ח",350,"ל מ""ל",false,1,6.50,1.77,true,1,
7290019153351,false,משקה קל תפוזינה 1.5 ליטר פינק אוזו,יפאורה - שותפות מוגבלת לשיווק,,,"י""ח",1.50,ליטר,false,1,7.90,5.07,true,1,
7290019153375,false,משקה קל תפוזינה 1.5 ליטר מוחיטו,יפאורה - שותפות מוגבלת לשיווק,,,"י""ח",1.50,ליטר,false,1,7.90,5.07,true,1,
7290019162179,false,גרביון מיקרופייבר,ליאור יבוא ושיווק מוצרי הלבשה,,,"י""ח",1,,false,1,15.30,15.30,false,1,
7290019167044,false,קצפת עם קרם בייגלה מתוק מלוח עדן קינוחים 82 גרם,תנובה בעמ ***,,,"י""ח",82,"ל מ""ל",false,1,5.90,7.20,false,1,
7290019204008,false,עוף טוב פסטרמה ארבעה פלפלים 350 גרם,קבוצת אוסם סחר שותפות מוגבלת,,,"י""ח",350,ל גרם,false,1,25.60,7.31,true,1,
7290019232353,false,תה ירוק סיני 50 שקיקים ויסוצקי,תה ויסוצקי (ישראל) בעמ,,,"י""ח",75,ל גרם,false,1,39.20,52.27,true,1,
7290019233022,false,רוטב עגבניות עם קוביות ושמן זית 420ג זיתא,תה ויסוצקי (ישראל) בעמ,,,"י""ח",350,"ל מ""ל",false,1,11.90,3.40,true,1,
7290019297239,false,צימוק חום 250 גרם ששון הקולה,דין שיווק וקליה 2021 בעמ,,,"י""ח",250,ל גרם,false,1,11,4.40,false,1,
7290019297543,false,חמאת בוטנים 510 גר` דין שיווק,דין שיווק וקליה 2021 בעמ,,,"י""ח",510,ל גרם,false,1,10.90,2.14,false,1,
7290019297550,false,בוטנים מטוגנים בקוספא 185 גרם,דין שיווק וקליה 2021 בעמ,,,"י""ח",160,ל גרם,false,1,8.50,5.31,false,1,
7290019297628,false,שקד טבעי בשקית ששון הקולה 150 גרם,דין שיווק וקליה 2021 בעמ,,,"י""ח",150,ל גרם,false,1,12.70,8.47,false,1,
7290019297642,false,גרעין שחור קלוי ללא מלח ששון הקולה 150 ג',דין שיווק וקליה 2021 בעמ,,,"י""ח",150,ל גרם,false,1,3,2,false,1,
7290019443124,false,"בירה נגב אואזיס 330 מ""ל",הכרם משקאות חריפים בעמ,,,"י""ח",330,"ל מ""ל",false,1,11.30,3.33,true,1,
7290022005562,false,קריספ פירורי לחם שום 300 גרם מיימונס,א.ל.ייצור ושיווק תבלינים בעמ,,,"י""ח",300,ל גרם,false,1,6.80,2.27,true,1,
7290042051716,false,מפיות גדולות במיוחד 50יח שווה,ח.כהן סוכנות מזון ומשקאות בע,,,"י""ח",50,"י""ח",false,1,9.30,0.19,true,1,
7290042051778,false,צלחות מתכלות ענקיות 25 יח` שווה*,ח.כהן סוכנות מזון ומשקאות בע,,,"י""ח",25,"י""ח",false,1,17,0.68,true,1,
7290042051785,false,צלחות מתכלות גדולות 25 יח` שווה*,ח.כהן סוכנות מזון ומשקאות בע,,,"י""ח",25,"י""ח",false,1,12.70,0.51,true,1,
7290042051792,false,צלחות מתכלות קטנות 25 יח` שווה *,ח.כהן סוכנות מזון ומשקאות בע,,,"י""ח",25,"י""ח",false,1,7.60,0.30,true,1,
7290080780595,false,מנטוס ביג בקבוק עגול בטעם מנטה עדינה,ליימן שליסל,,,"י""ח",90,ל גרם,false,1,13.60,15.11,false,1,
7290100243084,false,מיונז אמיתי הלמנס 789גרם,יוניליוור ישראל שיווק בע`מ,,,"י""ח",789,ל גרם,false,1,17,2.15,false,1,
7290100243671,false,"מרכך כביסה מרוכז אקסטרה כחול בדין 960 מ""ל",יוניליוור ישראל שיווק בע`מ,,,"י""ח",960,"ל מ""ל",false,1,13.60,1.42,true,1,
7290100245231,false,נמס בכוס מרק בטעם עוף עם אטריות ושקדי מרק-2 שקיות,יוניליוור ישראל שיווק בע`מ,,,"י""ח",50,ל גרם,false,1,5.90,11.80,true,1,
7290100249598,false,רוטב לעוף בטעם שום ודבש קנור (320 גרם),יוניליוור ישראל שיווק בע`מ,,,"י""ח",320,ל גרם,false,1,9.30,2.91,true,1,
7290100249659,false,"רוטב לעוף צ'ילי מתוק ושום קנור 320 גרם בד""צ","יוניליוור ישראל שיווק בע""מ",,,"י""ח",320,ל גרם,false,1,9.30,2.91,true,1,
7290100412459,false,קוויק מטליות לחות 99.9% לניקוי שירותים ומקלחות בריח לוונדר 50 יחידות,שקד תבל בע`מ,,,"י""ח",50,"י""ח",false,1,7.60,0.15,true,1,
7290100680650,false,מנה חמה נודלס-אטריות ירקות טעם תאילנדי אסם 76 ג',קבוצת אוסם סחר שותפות מוגבלת,,,"י""ח",76,ל גרם,false,1,6.90,9.08,true,1,
7290100680728,false,פירורית רגילה שקית 350 גרם,קבוצת אוסם סחר שותפות מוגבלת,,,"י""ח",350,ל גרם,false,1,8.50,2.43,false,1,
7290100681138,false,מארז אפרופו חטיף תירס 3 יחידות,קבוצת אוסם סחר שותפות מוגבלת,,,"י""ח",150,ל גרם,false,1,14.50,9.67,true,1,
7290100681503,false,עסיס סירופ לימונענע דיאטטי 1 ליטר,קבוצת אוסם סחר שותפות מוגבלת,,,"י""ח",1,ליטר,false,1,17.90,17.90,false,1,
7290100684139,false,פסטה מיני מקרוני אסם (500 גרם),קבוצת אוסם סחר שותפות מוגבלת,,,"י""ח",500,ל גרם,false,1,6.90,1.38,true,1,
7290100684764,false,במבה יום הולדת על סרט אסם 25 ג',קבוצת אוסם סחר שותפות מוגבלת,,,"י""ח",25,ל גרם,false,1,2.70,10.80,false,1,
7290100685136,false,"אבקת מרק טעם עוף 1 ק""ג 1/8 אסם",קבוצת אוסם סחר שותפות מוגבלת,,,"י""ח",1,"ק""ג",false,1,12.74,12.74,false,1,
7290100685334,false,אבקת מרק עוף אמיתי בשרי רכיבים טבעיים אסם 400 גרם,קבוצת אוסם סחר שותפות מוגבלת,,,"י""ח",400,ל גרם,false,1,25.60,6.40,false,1,
7290100685341,false,אבקת מרק טעם עוף זך רכיבים טבעיים אסם 400 גרם,קבוצת אוסם סחר שותפות מוגבלת,,,"י""ח",400,ל גרם,false,1,16.60,4.15,false,1,
7290100689301,false,אבקת מרק בטעם עוף זך עדיף אסם 400 גרם,קבוצת אוסם סחר שותפות מוגבלת,,,"י""ח",400,ל גרם,false,1,16.90,4.23,false,1,
7290100700006,false,"חיטה סוגת 1 ק""ג","סוגת תעשיות בע""\מ",,,"י""ח",1,"ק""ג",false,1,8.50,8.50,true,1,
7290100700242,false,אורז מלא עגול סוגת (1 קג),"סוגת תעשיות בע""\מ",,,"י""ח",1,"ק""ג",false,1,8.50,8.50,false,1,
7290100700273,false,קינואה לבנה 500 ג סו,האי נאם סי או אל.טי.,,,"י""ח",500,ל גרם,false,1,12.90,2.58,true,1,
7290100700297,false,עדשים שחורות מנומרות סוגת 500 גרם,"סוגת תעשיות בע""מ",,,"י""ח",500,ל גרם,false,1,6.80,1.36,true,1,
7290100700396,false,"אורז יסמין קלאסי סוגת 1 ק""ג",האי נאם סי או אל.טי.,,,"י""ח",1,"ק""ג",false,1,11,11,false,1,
7290100700587,false,"בורגול ""סוגת"" 500 גרם",האי נאם סי או אל.טי.,,,"י""ח",500,ל גרם,false,1,4.20,0.84,true,1,
7290100702642,false,פתיתים אפויים טבעות סוגת 500 גרם,"אסיף תעשיות מזון בע""",,,"י""ח",500,ל גרם,false,1,5,1,true,1,
7290100702987,false,שיבולת שועל פתיתים סוגת 500 גרם,סוגת תעשיות בעמ,,,"י""ח",500,ל גרם,false,1,4.20,0.84,true,1,
7290100702994,false,סוכר דמררה קלאסי בשקית סוגת 500 גרם,"סוגת תעשיות בע""מ",,,"י""ח",500,ל גרם,false,1,4.20,0.84,false,1,
7290100703564,false,"פתיתי שיבולת שועל עבה 500 גרם ""סוגת""",סוגת תעשיות בעמ,,,"י""ח",500,ל גרם,false,1,4.20,0.84,true,1,
7290100704516,false,חומוס מיני סוגת (500 גרם),"סוגת תעשיות בע""\מ",,,"י""ח",500,ל גרם,false,1,5.90,1.18,true,1,
7290100704608,false,שעועית לבנה עדינה סוגת (500 גרם),"סוגת תעשיות בע""\מ",,,"י""ח",500,ל גרם,false,1,5.90,1.18,true,1,
7290100704622,false,סוכר דמררה דק דק בצנצנת סוגת 500 גרם,"סוגת תעשיות בע""\מ",,,"י""ח",500,ל גרם,false,1,6.80,1.36,false,1,
7290100850909,false,חטיף תירס נאצ`ו מקסיקני דוריטוס (70 גרם),"שטראוס פריטו ליי בע""\מ",,,"י""ח",70,ל גרם,false,1,2.70,3.86,true,1,
7290100850916,false,דוריטוס חמוץ חריף מעודן 70 גרם כשר לפסח,"שטראוס פריטו ליי בע""\מ )",,,"י""ח",70,ל גרם,false,1,2.70,3.86,true,1,
7290100850923,false,חטיף תירס גריל דוריטוס (70 גרם),"שטראוס פריטו ליי בע""\מ )",,,"י""ח",70,ל גרם,false,1,2.70,3.86,true,1,
7290100851968,false,מארז קפה נמס עלית זוגות,"שטראוס גרופ בע""מ",,,"י""ח",400,ל גרם,false,1,32.40,8.10,true,1,
7290100924457,false,שלישיית כדוריות סבון לאסלה לימון סוד 50 גרם,גורי שיווק בעמ,,,"י""ח",750,"ל מ""ל",false,1,16.90,2.25,false,1,
7290100925676,false,קולור קאצר 20 דפים לוכדי צבע למכונת כביס,גורי שיווק בעמ,,,"י""ח",20,"י""ח",false,1,12.70,0.64,false,1,
7290100925751,false,נוזל כלים תפוח סוד (650 מל),גורי שיווק בעמ,,,"י""ח",650,"ל מ""ל",false,1,5,0.77,false,1,
7290100926109,false,סוד לבן חלומי 4 ל מרכך כביסה,גורי שיווק בעמ,,,"י""ח",4,ליטר,false,1,14.40,3.60,false,1,
7290100928516,false,סוד - ג'ל לכביסה ביד 1 ליטר,גורי שיווק בעמ,,,"י""ח",1,ליטר,false,1,14.70,14.70,false,1,
7290101112228,false,מאגדת פופסיקל גלידל פרי אננס 8 יח`,פלקו בעמ חברה ישראלית,,,"י""ח",1,,false,1,17.90,17.90,false,1,
7290101113584,false,מאגדת טילונים שוקולד לבן עם ליבת שוקולד יולו 5 יח',פלקו בעמ חברה ישראלית,,,"י""ח",1,,false,1,17,17,false,1,
7290101113638,false,מאגדת סנקור שוקו וניל שמינייה,פלקו בעמ חברה ישראלית,,,"י""ח",1,,false,1,23,23,false,1,
7290101113812,false,מאגדת יופלה שייק פרי אננס קוקוס פלדמן 5 יחידות,פלקו בעמ חברה ישראלית,,,"י""ח",1,,false,1,11,11,false,1,
7290101113904,false,מארז מנבו וניל 12 יח' פלדמן,פלקו בעמ חברה ישראלית,,,"י""ח",12,"י""ח",false,1,22.10,1.84,false,1,
7290101451105,false,נרות מטה כוכבים תותים,שמחה זה אנחנו,,,"י""ח",1,,false,1,5.10,5.10,false,1,
7290101488323,false,ליידי ספיד סטיק - דאודורנט סטיק לאישה ללא סימן ירוק סטיק 65 גרם,ליידי ספיד סטיק Lady Speed Stick,,,"י""ח",65,"ל מ""ל",false,1,18.70,28.77,true,1,
7290101551027,false,קפסולות קפה אספרסו חזק במיוחד 14 עלית 10 יח',הנסיך- מפעל לייצור ט,,,"י""ח",50,ל גרם,false,1,19.90,39.80,true,1,
7290101551263,false,סילאן טבעי 700 גרם יד מרדכי,"שטראוס גרופ בע""מ",,,"י""ח",700,ל גרם,false,1,18.70,2.67,true,1,
7290101551539,false,יוגורט PRO בטעם אפרסק 0% 20 גרם חלבון בגביע,שטראוס גרופ בעמ/מצונן,,,"י""ח",20,"ל מ""ל",false,1,5,25,true,1,
7290101551584,false,תפוצ'יפס קידס מארז 10 יח' * 20 ג',"שטראוס פריטו ליי בע""מ )פ",,,"י""ח",10,"י""ח",false,1,11.90,1.19,true,1,
7290101551638,false,חטיף צ'יטוס כאפה בטעם קטשופ - מארז 10 יח',"שטראוס פריטו ליי בע""מ )פ",,,"י""ח",10,"י""ח",false,1,11,1.10,true,1,
7290101863410,false,"סיליט באנג ספריי ניקוי עוצמתי מכיל אקונומיקה 750 מ""ל",רקיט בנקיזר (ניר איסט) בעמ,,,"י""ח",1,,false,1,11,11,false,1,
7290101864127,false,ספריי להסרת כתמים וניש קליה (750 מל),רקיט בנקיזר (ניר איסט) בעמ,,,"י""ח",750,"ל מ""ל",false,1,14.40,1.92,true,1,
7290101866633,false,וניש קליה גל להסרת כתמים 3 ליטר אוקסיפרש,רקיט בנקיזר (ניר איסט) בעמ,,,"י""ח",1.70,ליטר,false,1,27,15.88,false,1,
7290101868958,false,פיניש נוזל הברקה למדיח בניחוח לימון,רקיט בנקיזר (ניר איסט) בעמ,,,"י""ח",800,"ל מ""ל",false,1,17,2.13,false,1,
7290101869719,false,ג'ל מרוכז למדיח פיניש all in one max בניחוח לימון,רקיט בנקיזר (ניר איסט) בעמ,,,"י""ח",600,"ל מ""ל",false,1,29.60,4.93,false,1,
7290101869788,false,"אירוויק ספריי אוטומטי מילוי בניחוח אואזיס 250 מ""ל*",רקיט בנקיזר (ניר איסט) בעמ,,,"י""ח",1,,false,1,13.60,13.60,true,1,
7290101869795,false,"אירוויק מילוי מבשם אויר אטומטי חלום ליל קיץ 250 מ""ל",רקיט בנקיזר (ניר איסט) בעמ,,,"י""ח",1,,false,1,13.60,13.60,true,1,
7290101869917,false,"אירוויק מילוי מבשם אויר אטומטי היער הקסום 19 מ""ל",רקיט בנקיזר (ניר איסט) בעמ,,,"י""ח",1,,false,1,13.60,13.60,true,1,
7290101869924,false,מילוי מבשם אויר חשמלי מסתור אקזוטי בודד,רקיט בנקיזר (ניר איסט) בעמ,,,"י""ח",1,,false,1,14.40,14.40,false,1,
7290102003907,false,נרות מטה לבבות - מכוניות(1X24),שמחה זה אנחנו בעמ,,,"י""ח",1,,false,1,5.90,5.90,false,1,
7290102030330,false,תפוצ`יפס אקסטרא מקסיקני 200 גרם +20 תו,"שטראוס פריטו ליי בע""\מ )",,,"י""ח",200,ל גרם,false,1,9.20,4.60,true,1,
7290102031276,false,מארז 8 יחידות אקטימל משקה יוגורט בטעם תות בננה,שטראוס גרופ בעמ/מצונן,,,"י""ח",800,"ל מ""ל",false,1,17,2.13,true,1,
7290102032334,false,אבקה להכנת משקה קפה בטעם וניל,"שטראוס גרופ בע""מ",,,"י""ח",200,ל גרם,false,1,18.70,9.35,true,1,
7290102062195,false,"משחת שיניים לילדים לגילאי 6-12 אלמקס 75 מ""ל",יבואן ומשווק: ש. שסט,,,"י""ח",1,,false,1,11,11,true,1,
7290102300815,false,"גבינת צ'דר אנגלית כתומה פרוס, 200 גרם",א. סיימן סחר בעמ,,,"י""ח",200,ל גרם,false,1,23.90,11.95,true,1,
7290102302246,false,גבינת גאודה הולנדית 200 גרם,מיוצר עי קונדיטוריית,,,"י""ח",200,ל גרם,false,1,23,11.50,true,1,
7290102302888,false,גבינת גאודה כמון 200 גרם,מיוצר עי קונדיטוריית,,,"י""ח",200,ל גרם,false,1,26.40,13.20,true,1,
7290102302949,false,גאיה בסגנון עזים בפרוסות 150 גר`,קריניציה ויטמינה אס,,,"י""ח",150,ל גרם,false,1,18.70,12.47,true,1,
7290102390427,false,יוגורט ביו עם קציפת תות 3% שומן 150 ג' מולר,החברה המרכזית טלהפצת משקאות בע,,,"י""ח",150,"ל מ""ל",false,1,4.50,3,true,1,
7290102390465,false,יוגורט ביו עם קציפת אפרסק ופסיפלורה 3% שומן 150 ג' מולר,החברה המרכזית טלהפצת משקאות בע,,,"י""ח",150,"ל מ""ל",false,1,4.50,3,true,1,
7290102390489,false,יוגורט ביו עם קציפת לימון 3% שומן 150 ג' מולר,*החברה המרכזית להפצת משקאותבעמ,,,"י""ח",150,"ל מ""ל",false,1,4.50,3,true,1,
7290102391844,false,יוגורט ביו עם קציפת פירות יער3% שומן 150 ג' מולר,החברה המרכזית טלהפצת משקאות בע,,,"י""ח",150,"ל מ""ל",false,1,4.50,3,true,1,
7290102392094,false,חלב עיזים 3.7% בקרטון משק צוריאל 1 ליטר,החברה המרכזית טלהפצת משקאות בע,,,"י""ח",1,ליטר,false,1,13.60,13.60,true,1,
7290102392254,false,"חלב בקרטון 1% 2 ליטר בד""צ - מוצר בפיקוח",*החברה המרכזית להפצת משקאותבעמ,,,"י""ח",2,ליטר,false,1,10.02,5.01,false,1,
7290102393060,false,"יוגורט ביו קרמי מיקס גלילי ופל ואגוזים 5.9% מולר 170 מ""ל",*החברה המרכזית להפצת משקאותבעמ,,,"י""ח",500,ל גרם,false,1,5.10,1.02,false,1,
7290102393169,false,"יוגורט סימפלי פרוט בטעם תות 3% מולר 150 מ""ל",*החברה המרכזית להפצת משקאותבעמ,,,"י""ח",150,"ל מ""ל",false,1,4.50,3,true,1,
7290102393176,false,סימפלי פרוט יוגורט אפרסק 3% שומן 150 ג' מולר,*החברה המרכזית להפצת משקאותבעמ,,,"י""ח",150,"ל מ""ל",false,1,4.50,3,true,1,
7290102393190,false,"יוגורט סימפלי פרוט בטעם פירות יער 3% מולר 150 מ""ל",*החברה המרכזית להפצת משקאותבעמ,,,"י""ח",150,"ל מ""ל",false,1,4.50,3,true,1,
7290102393299,false,יוגורט עיזים לשתייה 3% משק צוריאל 500 גרם,*החברה המרכזית להפצת משקאותבעמ,,,"י""ח",500,"ל מ""ל",false,1,10.10,2.02,true,1,
7290102393718,false,גבינת חלומי מחלב בקר 28% משק צוריאל 200 גרם,*החברה המרכזית להפצת משקאותבעמ,,,"י""ח",200,ל גרם,false,1,18.20,9.10,true,1,
7290102393947,false,סימפלי פרוט יוגורט בטעם קיווי 3% שומן 150 ג' מולר,*החברה המרכזית להפצת משקאותבעמ,,,"י""ח",150,"ל מ""ל",false,1,4.50,3,true,1,
7290102394463,false,נעם גבינה צהובה פרוסה ואקום 28% טרה 500 גרם,החברה המרכזית טלהפצת משקאות בע,,,"י""ח",500,ל גרם,false,1,22.10,4.42,false,1,
7290102394821,false,גבינה צהובה 28% דק דק לפתיחה חוזרת 200,החברה המרכזית טלהפצת משקאות בע,,,"י""ח",200,ל גרם,false,1,13.60,6.80,true,1,
7290102394845,false,נעם גבינה צהובה לייט פרוסה דק דק 9% טרה 200 גרם,*החברה המרכזית להפצת משקאותבעמ,,,"י""ח",200,ל גרם,false,1,14.40,7.20,true,1,
7290102395217,false,"יוגורט ביאנקו 2% במתיקות מעודנת מולר 1.2 ק""ג",החברה המרכזית טלהפצת משקאות בע,,,"י""ח",900,ל גרם,false,1,15.30,1.70,false,1,
7290102395224,false,שמיניית יוגורט ביו ביאנקו 1.7% מולר 150 גרם,*החברה המרכזית להפצת משקאותבעמ,,,"י""ח",900,ל גרם,false,1,14.40,1.60,false,1,
7290102395231,false,שמיניית יוגורט ביו ביאנקו 2.8% מולר 150 גרם,*החברה המרכזית להפצת משקאותבעמ,,,"י""ח",900,ל גרם,false,1,14.40,1.60,false,1,
7290102395262,false,מארז 8 גביעים יוגורט בטעם תות שדה ואפרסק 3% Simply Fruit,החברה המרכזית טלהפצת משקאות בע,,,"י""ח",150,"ל מ""ל",false,1,26.40,17.60,false,1,
7290102395378,false,נעם גבינה צהובה פרוסה ואקום 28% טרה 360 גרם,*החברה המרכזית להפצת משקאותבעמ,,,"י""ח",360,ל גרם,false,1,17.90,4.97,false,1,
7290102395439,false,מארז 8 גביעים יוגורט בטעם פירות יער וקיווי 3% Simply Fruit,*החברה המרכזית להפצת משקאותבעמ,,,"י""ח",150,"ל מ""ל",false,1,26.40,17.60,false,1,
7290102395446,false,מעדן חלב בטעם וניל עם קצפת 123 ג' טרה,*החברה המרכזית להפצת משקאותבעמ,,,"י""ח",250,ל גרם,false,1,2.50,1,false,1,
7290102395477,false,מעדן חלב בטעם שוקולד עם קצפת 123 ג' טרה,*החברה המרכזית להפצת משקאותבעמ,,,"י""ח",250,ל גרם,false,1,2.50,1,false,1,
7290102396399,false,מארז 8 יחידות מעדן חלב בטעם שוקולד 1.5%,*החברה המרכזית להפצת משקאותבעמ,,,"י""ח",800,ל גרם,false,1,12.10,1.51,false,1,
7290102396436,false,מעדן בטעם שוקולד 1.5% שומן מוו (125 גרם),*החברה המרכזית להפצת משקאותבעמ,,,"י""ח",250,ל גרם,false,1,2.50,1,true,1,
7290102396443,false,מעדן בטעם וניל 1.5% שומן מוו (125 גרם),*החברה המרכזית להפצת משקאותבעמ,,,"י""ח",250,ל גרם,false,1,2.50,1,true,1,
7290102396580,false,מעדן מוו שוקולד ומוס שוקולד טרה 118 גרם,החברה המרכזית טלהפצת משקאות בע,,,"י""ח",123,ל גרם,false,1,2.50,2.03,false,1,
7290102396665,false,צהובה פרוסות דקדק פתח סגור 15% 200 גר`,*החברה המרכזית להפצת משקאותבעמ,,,"י""ח",200,ל גרם,false,1,13.50,6.75,true,1,
7290102396719,false,יוגורט 0% תות סימפלי מולר (150 גרם),*החברה המרכזית להפצת משקאותבעמ,,,"י""ח",150,"ל מ""ל",false,1,4.50,3,true,1,
7290102396740,false,מארז 8 גביעים יוגורט בטעם תות שדה ואפרסק 0% Simply Fruit,החברה המרכזית טלהפצת משקאות בע,,,"י""ח",8,"י""ח",false,1,26.40,3.30,false,1,
7290102397204,false,גבינה צהובה נעם דק דק פתח סגור 200 גר,*החברה המרכזית להפצת משקאותבעמ,,,"י""ח",200,ל גרם,false,1,13.60,6.80,true,1,
7290102397310,false,מעדן מיני בטעם שוקולד קצפת מוו מאגדת 8 יח' * 70 ג',החברה המרכזית טלהפצת משקאות בע,,,"י""ח",250,ל גרם,false,1,10.20,4.08,false,1,
7290102397464,false,יוגורט ביו בתוספת גרעינים אגוזים וחמוציות 170 ג' מולר,החברה המרכזית טלהפצת משקאות בע,,,"י""ח",170,ל גרם,false,1,5.10,3,false,1,
7290102397600,false,מיקס יוגורט בתוספת שקדים ובוטנים מקורמלים 170 ג' מולר,החברה המרכזית טלהפצת משקאות בע,,,"י""ח",170,ל גרם,false,1,5.10,3,false,1,
7290102397679,false,קוטג' וחצי טרה 5% מרכיבים טבעיים,*החברה המרכזית להפצת משקאותבעמ,,,"י""ח",350,ל גרם,false,1,6.80,1.94,false,1,
7290102397730,false,פרוסות גבינה אמנטל חצי קשה 30% שומן 200 ג' נעם,*החברה המרכזית להפצת משקאותבעמ,,,"י""ח",200,ל גרם,false,1,15.30,7.65,true,1,
7290102397747,false,פרוסות גבינת מוצרלה נעם מחלב בקר 22%,*החברה המרכזית להפצת משקאותבעמ,,,"י""ח",200,ל גרם,false,1,16.20,8.10,true,1,
7290102397891,false,גבינה ניו יורק מותכת %16 4*25 גרם,החברה המרכזית טלהפצת משקאות בע,,,"י""ח",100,"ל מ""ל",false,1,5.90,5.90,false,1,
7290102398331,false,חלב מועשר דל לקטוז 2% שומן טרה 1 ליטר,*החברה המרכזית להפצת משקאותבעמ,,,"י""ח",1,ליטר,false,1,6.60,6.60,false,1,
7290102398577,false,משקה חלב בטעם שוקו 2% בבקבוק אישי,החברה המרכזית טלהפצת משקאות בע,,,"י""ח",250,"ל מ""ל",false,1,4.90,1.96,true,1,
7290102398669,false,משקה חלב אייס קפוצ'ינו טרה 1 ליטר,החברה המרכזית טלהפצת משקאות בע,,,"י""ח",1,ליטר,false,1,10.30,10.30,true,1,
7290102398805,false,משקה סויה בטעם וניל 1ל בקבוק משק צוריא,החברה המרכזית טלהפצת משקאות בע,,,"י""ח",1,ליטר,false,1,10.20,10.20,false,1,
7290102399048,false,פרוסות גבינת קשקבל נעם 200 ג' טרה,*החברה המרכזית להפצת משקאותבעמ,,,"י""ח",200,ל גרם,false,1,19.60,9.80,true,1,
7290102399796,false,מעדן יוגורט לבן מועשר בחלבון 200 ג' מולר אקטיב,*החברה המרכזית להפצת משקאותבעמ,,,"י""ח",200,"ל מ""ל",false,1,5.10,2.55,true,1,
7290103124601,false,"תחליב רחצה נוזל חלב ודבש משאבה 750מ""ל פלמוליב",הנסיך- מפעל לייצור ט,,,"י""ח",750,"ל מ""ל",false,1,17,2.27,true,1,
7290103128739,false,בלונס מקלות אוזניים לתינוק 56 יחידות,הנסיך- מפעל לייצור ט,,,"י""ח",1,"י""ח",false,1,5,5,false,1,
7290103129637,false,בלונס פדים אובליים להסרת איפור 40 יחידות,הנסיך- מפעל לייצור ט,,,"י""ח",1,,false,1,6.80,6.80,false,1,
7290103400255,false,סלט קולסלאו 400 ג בדצ ירקות שטראוס טעם ה,שטראוס בריאות ירקות טריי,,,"י""ח",400,ל גרם,false,1,7.60,1.90,true,1,
7290103401429,false,קפה קצב ברזילאי אוריגינס 200 גר,הנסיך- מפעל לייצור ט,,,"י""ח",200,ל גרם,false,1,21.30,10.65,true,1,
7290103404758,false,סלט כרוב אדום במיונז אחלה 120 גרם,שטראוס גרופ בעמ/מצונן,,,"י""ח",120,ל גרם,false,1,4,3.33,true,1,
7290103408206,false,עלי חסה ערבית שטופים 250 גר טעם הטבע,ביכורי השדה הצפון בעמ` 1964,,,"י""ח",250,ל גרם,false,1,9.90,3.96,true,1,
7290103681210,false,"יין הר שרדונה מיתוג תנשמת 750 מ""ל",*החברה המרכזית להפצת משקאותבעמ,,,"י""ח",750,"ל מ""ל",false,1,30.70,4.05,false,1,
7290103681227,false,"יין הר גוורצטרמינר מיתוג תנשמת 750 מ""ל",החברה המרכזית טלהפצת משקאות בע,,,"י""ח",750,"ל מ""ל",false,1,30.70,4.05,false,1,
7290103681371,false,תבור קברנה סובניון 750 מ`ל,*החברה המרכזית להפצת משקאותבעמ,,,"י""ח",750,"ל מ""ל",false,1,43,5.69,false,1,
7290103701017,false,נייר אפיה נשלף טאצ 50 יחידות כשלפ,שניב תעשיות נייר בעמ,,,"י""ח",10,"י""ח",false,1,7.90,0.79,true,1,
7290103701079,false,טאצ כוס קרטון 10 oz,שניב תעשיות נייר בעמ,,,"י""ח",1,,false,1,12.70,12.70,false,1,
7290103701086,false,כוסות טאצ קרטון 12 א,שניב תעשיות נייר בעמ,,,"י""ח",1,,false,1,16.20,16.20,false,1,
7290103702540,false,נייר טואלט מהדרות כדור פורח 30 גלילים טאצ',שניב תעשיות נייר בעמ,,,"י""ח",30,"י""ח",false,1,23,0.77,true,1,
7290103704186,false,מגבות מטבח כפול טאצ`מהדורת 2021 6 יחידות,שניב תעשיות נייר בעמ,,,"י""ח",6,"י""ח",false,1,17,2.83,true,1,
7290103704650,false,מגבות מטבח כדור פורח שישייה,שניב תעשיות נייר בעמ,,,"י""ח",1,,false,1,9.30,9.30,false,1,
7290103704766,false,נייר טואלט 24 גליל כפול מהדורת פרח סגול,"שניב תעשיות נייר בע""\מ",,,"י""ח",883,מטר,false,1,35.80,0.04,true,1,
7290103746001,false,ממחטות טאצ`חמישייה צבעוני 500 דף,שניב תעשיות נייר בעמ,,,"י""ח",1,,false,1,11.90,11.90,true,1,
7290104061417,false,סלט חומוס עם טחינה אחלה 400 גרם,שטראוס גרופ בעמ/מצונן,,,"י""ח",400,ל גרם,false,1,9.30,2.33,true,1,
7290104061424,false,סלט חומוס עם זעתר אחלה 400 גרם,שטראוס גרופ בעמ/מצונן,,,"י""ח",400,ל גרם,false,1,9.30,2.33,true,1,
7290104061431,false,סלט חומוס עם צנובר אחלה 400 גרם,שטראוס גרופ בעמ/מצונן,,,"י""ח",400,ל גרם,false,1,9.30,2.33,true,1,
7290104061448,false,סלט חומוס עם חריף אחלה 400 גרם,שטראוס גרופ בעמ/מצונן,,,"י""ח",400,ל גרם,false,1,9.30,2.33,true,1,
7290104062599,false,מארז 8 יחידות מעדן גמדים בטעמי תות ובננה,שטראוס גרופ בעמ/מצונן,,,"י""ח",800,ל גרם,false,1,15.30,1.91,true,1,
7290104065187,false,אבקה להכנת משקה קפה בטעם מוקה,"שטראוס גרופ בע""מ",,,"י""ח",200,ל גרם,false,1,18.70,9.35,true,1,
7290104065934,false,עלי רוקט שטראוס 150 גר`-טעם הטבע,ביכורי השדה הצפון בעמ` 1964,,,"י""ח",150,ל גרם,false,1,9.90,6.60,true,1,
7290104066566,false,סלט טחינה שומשום מלא 500גר אחלה,שטראוס גרופ בעמ/מצונן,,,"י""ח",500,ל גרם,false,1,11.90,2.38,true,1,
7290104067693,false,חומוס אחלה עם תוספת חריף 150 גר,שטראוס גרופ בעמ/מצונן,,,"י""ח",150,ל גרם,false,1,5,3.33,true,1,
7290104500572,false,אפרופו חטיף תירס איטליאנו אסם 50 גרם,קבוצת אוסם סחר-שות.מוגבלת,,,"י""ח",50,ל גרם,false,1,5,10,true,1,
7290104501661,false,אינסטנט פודינג בטעם וניל צרפתי אסם 80 גרם,קבוצת אוסם סחר-שות.מוגבלת,,,"י""ח",110,ל גרם,false,1,5.90,5.36,true,1,
7290104721533,false,רצועות פלפלים קלויים אחלה (400 גרם),שטראוס גרופ בעמ/מצונן,,,"י""ח",400,ל גרם,false,1,11.90,2.98,true,1,
7290104721762,false,מארז שלשות קפה טורקי עלית 85 ג',"שטראוס גרופ בע""מ",,,"י""ח",1,"י""ח",false,1,23.90,23.90,true,1,
7290104721953,false,לקט מסולסלים 350 גרם שטראוס טעם הטבע,שטראוס בריאות ירקות טריי,,,"י""ח",350,ל גרם,false,1,11,3.14,true,1,
7290104722530,false,תפוצ'יפס בטעם שמנת בצל עלית 200 גרם,"שטראוס פריטו ליי בע""\מ )",,,"י""ח",200,ל גרם,false,1,9.20,4.60,true,1,
7290104726262,false,רביעייה מעדן דני שוקולד דיסני לבנים 125 גרם,שטראוס גרופ בעמ/מצונן,,,"י""ח",500,ל גרם,false,1,9.30,1.86,true,1,
7290104726712,false,מארז 8 יחידות מעדן מילקי בטעם שוקולד עם קצפת,שטראוס גרופ בעמ/מצונן,,,"י""ח",868,"ל מ""ל",false,1,17,1.96,true,1,
7290104728310,false,"שמנת מתוקה עמידה 38% שומן ""יטבתה"" -מוצר בפיקוח",שטראוס גרופ בעמ/מצונן,,,"י""ח",250,"ל מ""ל",false,1,5.53,2.21,true,1,
7290104729003,false,"יד מרדכי - שמן זית כתית מעולה 2 קלאסי 750 מ""ל",מכוורת יד מרדכי שטרא,,,"י""ח",750,"ל מ""ל",false,1,34.90,4.65,true,1,
7290104859786,false,תבנית אלומניום בינונית R31 פאלאס 7 יח,פאלאס תעשיות נטו (2014) בעמ,,,"י""ח",1,,false,1,11,11,false,1,
7290104859793,false,תבנית אלומניום ענק R99 פאלאס 4 יח,פאלאס תעשיות נטו (2014) בעמ,,,"י""ח",1,,false,1,11,11,false,1,
7290104859809,false,תבנית אלומניום אינגליש R88 פאלאס 14 יח,פאלאס תעשיות נטו (2014) בעמ,,,"י""ח",1,,false,1,11,11,false,1,
7290104859816,false,תבנית אלומניום בינונית R2 פאלאס 7 יח,פאלאס תעשיות נטו (2014) בעמ,,,"י""ח",1,,false,1,11,11,false,1,
7290104859823,false,תבנית אלומניום עמוקה R64 פאלאס 8 יח,פאלאס תעשיות נטו (2014) בעמ,,,"י""ח",1,,false,1,11,11,false,1,
7290104859830,false,תבנית אלומניום עגולה c10 פאלאס 8 יח,פאלאס תעשיות נטו (2014) בעמ,,,"י""ח",1,,false,1,11,11,false,1,
7290104961526,false,דאודורנט ספריי גוף טיטניום קלאסיק Titanium Classic,החברה הדרומית לשיווק בעמ,,,"י""ח",150,"ל מ""ל",false,1,8.50,5.67,false,1,
7290104962684,false,"קרליין - נושם דאודורנט רול און לאישה ללא אלומיניום 75 מ""ל",מיוצר עי : אמיליה קוסמטי,,,"י""ח",75,ל גרם,false,1,13.90,18.53,false,1,
7290104963001,false,סופטקר מגבונים לחים רביעייה בניחוח עדין,החברה הדרומית לשיווק בעמ,,,"י""ח",4,"י""ח",false,1,15.90,3.98,false,1,
7290104963018,false,סופטקר מגבונים לחים רביעייה ללא בישום,החברה הדרומית לשיווק בעמ,,,"י""ח",4,"י""ח",false,1,15.30,3.83,false,1,
7290104965647,false,קרליין דאו רול און נושם סוויט קיס לנערות,החברה הדרומית לשיווק בעמ,,,"י""ח",75,ל גרם,false,1,13.90,18.53,false,1,
7290105360250,false,קפסולות 09 עשיר וארומטי למכונת נספרסו עלית 10יח',הנסיך- מפעל לייצור ט,,,"י""ח",50,ל גרם,false,1,19.90,39.80,true,1,
7290105360328,false,קפסולות אספרסו חזק למכונות נספרסו 10 יח',הנסיך- מפעל לייצור ט,,,"י""ח",50,ל גרם,false,1,19.90,39.80,true,1,
7290105360335,false,קפסולות אספרסו למכונות נספרסו 50 גר,הנסיך- מפעל לייצור ט,,,"י""ח",50,ל גרם,false,1,19.90,39.80,true,1,
7290105362339,false,"שמנת לבישול 15% 250 מ""ל יטבתה מהדרין",שטראוס גרופ בעמ/מצונן,,,"י""ח",250,"ל מ""ל",false,1,6.80,2.72,true,1,
7290105363602,false,מקלות כיף כף קלאסי עלית (40 גרם),שולן צ'\יקולטה גידה סאן.,,,"י""ח",40,ל גרם,false,1,4.10,10.25,true,1,
7290105364289,false,מקלות כיף כף פצפוצים עלית 40 גרם,שולן צ'\יקולטה גידה סאן.,,,"י""ח",40,ל גרם,false,1,4.10,10.25,true,1,
7290105364302,false,"עלית חטיף שוקולד כיף כף מקלות אגוזים, 40 גרם",שולן צ'\יקולטה גידה סאן.,,,"י""ח",40,ל גרם,false,1,4.10,10.25,true,1,
7290105364678,false,"אקטיביה משקה יוגורט בטעם אפרסק שטראוס 250 מ""ל",שטראוס גרופ בעמ/מצונן,,,"י""ח",250,"ל מ""ל",false,1,4.20,1.68,true,1,
7290105366023,false,סלט חצילים בטעם כבד אחלה 400 גרם,שטראוס גרופ בעמ/מצונן,,,"י""ח",400,ל גרם,false,1,12.70,3.18,true,1,
7290105366047,false,טחינה לבנה אחלה (400 גרם),שטראוס גרופ בעמ/מצונן,,,"י""ח",400,ל גרם,false,1,11.90,2.98,true,1,
7290105366993,false,סימפוניה גבינת שמנת פלפל שיפקה 5% שטראוס 200 גרם,שטראוס גרופ בעמ/מצונן,,,"י""ח",200,ל גרם,false,1,9.30,4.65,true,1,
7290105368331,false,מעדן מילקי בטעם תות עם קצפת,שטראוס גרופ בעמ/מצונן,,,"י""ח",130,"ל מ""ל",false,1,2.50,1.92,true,1,
7290105368904,false,"שמנת מתוקה להקצפה 32% שומן 250 מ""ל יוטבתה",שטראוס גרופ בעמ/מצונן,,,"י""ח",250,"ל מ""ל",false,1,6.20,2.48,true,1,
7290105436382,false,חטיף פרי תמרים קשיו ללא תוספת סוכר וגלוטן 5 יח,טבעית מוצרים מן הטבע בעמ,,,"י""ח",90,ל גרם,false,1,14.40,16,false,1,
7290105439499,false,מאסטר שף מאסטר שף מיונז 480 גר כשלפ,רמיה סי.וי. הולנד,,,"י""ח",481,ל גרם,false,1,10.20,2.12,false,1,
7290105439505,false,מאסטר שף קרם בטעם מיונז לייט 479 גר כשלפ,רמיה סי.וי. הולנד,,,"י""ח",521,ל גרם,false,1,10.20,1.96,false,1,
7290105439581,false,מנה מאסטר שף חרדל דיזיון צרפתי 370 גר,רמיה סי.וי.הולנד,,,"י""ח",370,ל גרם,false,1,9.30,2.51,false,1,
7290105474124,false,"מזון לכלבים בונזו מזון כלבים בשר 12 ק""ג מחולק",דיפלומט מפיצים (1968) בעמ**,,,"י""ח",12,"ק""ג",false,1,102.60,8.55,false,1,
7290105500151,false,וודקה פינלנדיה רגיל 700,"אלטיה קורפ, הלסינקי,",,,"י""ח",750,"ל מ""ל",false,1,58.90,7.81,true,1,
7290105500236,false,וויסקי ג'ק דניאלס מס' 7 Brand No,ג'ק דניאלס Jack Daniel's,,,"י""ח",700,"ל מ""ל",false,1,102.50,14.60,true,1,
7290105500748,false,וויסקי פיימוס גראוס The Famouse Grouse,מתיו גלוג אנד סאן,,,"י""ח",700,"ל מ""ל",false,1,94,13.39,true,1,
7290105500953,false,"וויסקי ג'ק דניאלס דבש 700 מ""ל",מ.אקרמן בעמ,,,"י""ח",700,"ל מ""ל",false,1,102.50,14.60,true,1,
7290105691248,false,אסם חטיפי פריכונים טורטייה תירס 60 גרם,קבוצת אוסם סחר שותפות מוגבלת,,,"י""ח",60,ל גרם,false,1,8.10,13.50,false,1,
7290105691934,false,קמח שמרים אסם 1 קילו,קבוצת אוסם סחר שותפות מוגבלת,,,"י""ח",1,"ק""ג",false,1,9.30,9.30,false,1,
7290105693341,false,מארז עשיריית במבה אסם 25*10 גרם,קבוצת אוסם סחר שותפות מוגבלת,,,"י""ח",250,ל גרם,false,1,17.90,7.16,true,1,
7290105693457,false,עוגת הבית דמקה שוקו וניל 320 גר`בחושות,קבוצת אוסם סחר שותפות מוגבלת,,,"י""ח",400,ל גרם,false,1,12.90,3.23,false,1,
7290105694614,false,פסטה אוסם ספגטי מהיר הכנה 500 גרם,קבוצת אוסם סחר שותפות מוגבלת,,,"י""ח",500,ל גרם,false,1,6.90,1.38,true,1,
7290105695895,false,עוגת הבית דמקה דבש אסם (320 גרם),קבוצת אוסם סחר-שות.מוגבלת,,,"י""ח",320,ל גרם,false,1,12.90,4.03,false,1,
7290105962331,false,סחוג תימני אדום חריף מאוד זהבי הכרם 220 גרם,שטראוס גרופ בעמ/מצונן,,,"י""ח",220,ל גרם,false,1,9.30,4.23,true,1,
7290105964564,false,חומוס אחלה 400 גרם. שטראוס,שטראוס גרופ בעמ/מצונן,,,"י""ח",400,ל גרם,false,1,7.60,1.90,true,1,
7290105965738,false,יוגורט לשתיה בטעם תות בננה267 ג' דנונה,שטראוס גרופ בעמ/מצונן,,,"י""ח",267,ל גרם,false,1,4.10,1.54,true,1,
7290105968098,false,"סלט קולסלאו 500 גרם ""אחלה""",שטראוס גרופ בעמ/מצונן,,,"י""ח",500,ל גרם,false,1,11.90,2.38,true,1,
7290105968654,false,רביולי עם בטטה פרווה שטראוס (400 גרם),שטראוס גרופ בעמ/מצונן,,,"י""ח",400,ל גרם,false,1,17,4.25,true,1,
7290106520066,false,"רבע לשבע שוקולד חלב במילוי אגוזים עלית 160 גרם בד""צ","הגביע מוצרי וופלים בע""\מ",,,"י""ח",160,ל גרם,false,1,11,6.88,true,1,
7290106520288,false,יוגורט פרו חלבון עם תות 2.4% שומן 150 ג' דנונה,שטראוס גרופ בעמ/מצונן,,,"י""ח",150,"ל מ""ל",false,1,3.90,2.60,true,1,
7290106520905,false,סלט טורקי אחלה (400 גרם),שטראוס גרופ בעמ/מצונן,,,"י""ח",400,ל גרם,false,1,11.90,2.98,true,1,
7290106520912,false,שמנת לבישול 9% שומן 258גר מהדרין יטבתה,שטראוס גרופ בעמ/מצונן,,,"י""ח",258,"ל מ""ל",false,1,6.80,2.64,true,1,
7290106521049,false,אחלה טעמי השוק קוביות סלק 400 גר,שטראוס גרופ בעמ/מצונן,,,"י""ח",500,ל גרם,false,1,11.90,2.38,true,1,
7290106521926,false,קפה טורקי בצלופן עלית 150 גרם,שטראוס קפה בי.ויn\.,,,"י""ח",150,ל גרם,false,1,13.50,9,true,1,
7290106525320,false,אבקת שוקולית לאפייה קופסא 500ג' עלית,הנסיך- מפעל לייצור ט,,,"י""ח",500,ל גרם,false,1,13.30,2.66,true,1,
7290106525399,false,קפסולות 06 ברזיל למכונות נספרסו עלית 10יח',הנסיך- מפעל לייצור ט,,,"י""ח",50,ל גרם,false,1,19.90,39.80,true,1,
7290106525405,false,קפסולות קפה עלית נטול קפאין אספרסו) (10,שטראוס קפה בי.וי.,,,"י""ח",50,ל גרם,false,1,19.90,39.80,true,1,
7290106526822,false,פריכיות אורז חום מלא תחתית שוקולד חלב 80 גרם,"טחנת האבן תעשיות בע""",,,"י""ח",80,ל גרם,false,1,8.90,11.13,true,1,
7290106528567,false,חטיף תירס גריל דוריטוס (185 גרם),"שטראוס פריטו ליי בע""\מ )",,,"י""ח",185,ל גרם,false,1,5.90,3.19,true,1,
7290106528628,false,חטיף תירס בטעם טבעי דוריטוס (185 גרם),"שטראוס פריטו ליי בע""\מ )",,,"י""ח",185,ל גרם,false,1,5.90,3.19,true,1,
7290106572027,false,קרקר לחמית חמישה דגנים אסם (190 גרם),קבוצת אוסם סחר-שות.מוגבלת,,,"י""ח",230,ל גרם,false,1,7.60,3.30,true,1,
7290106572065,false,חטיפי טורטיה בטעם חמוץ מתוק אסם (60 גרם),קבוצת אוסם סחר שותפות מוגבלת,,,"י""ח",60,ל גרם,false,1,7.90,13.17,false,1,
7290106573277,false,חטיף קרקר קריספי עם זיתים כבושים,קבוצת אוסם סחר שותפות מוגבלת,,,"י""ח",150,ל גרם,false,1,12.90,8.60,false,1,
7290106574120,false,גומי גם קרחון שרבט עם סוכריות 90 גר`נסט,נגה גלידות שותפות מוגבלת,,,"י""ח",1,,false,1,5.90,5.90,true,1,
7290106574953,false,בייגלה שטוחים כעכים שטוחים עם שומשום,קבוצת אוסם סחר שותפות מוגבלת,,,"י""ח",300,ל גרם,false,1,11.80,3.93,false,1,
7290106574977,false,בייגלה שטוחים טבעות עם מלח אסם (300 גרם),קבוצת אוסם סחר שותפות מוגבלת,,,"י""ח",300,ל גרם,false,1,11.80,3.93,false,1,
7290106575431,false,עוגת הבית סופלה בטעם שוקולד וניל 340 ג',קבוצת אוסם סחר-שות.מוגבלת,,,"י""ח",340,ל גרם,false,1,12.90,3.79,false,1,
7290106576834,false,גלידה לה קרמריה פונטש בננה1.4 ל' נסטלה,נגה גלידות שותפות מוגבלת,,,"י""ח",1.40,ליטר,false,1,19.90,14.21,false,1,
7290106576858,false,גלידה לה קרמריה תותים בשמנת 1.4 ל' נסטלה,נגה גלידות שותפות מוגבלת,,,"י""ח",1.40,ליטר,false,1,19.90,14.21,false,1,
7290106576957,false,"לה קרמריה גלידת שוקו וניל פליק פרווה כשל""פ 1.4",נגה גלידות שותפות מוגבלת,,,"י""ח",1.40,ליטר,false,1,19.90,14.21,false,1,
7290106577541,false,צבר כרוב אדום מרובע 400גרם,קבוצת אוסם סחר-שות.מוגבלת,,,"י""ח",400,ל גרם,false,1,13.70,3.43,true,1,
7290106577572,false,מטבוחה אמיתית מרובע 400 ג' צבר,קבוצת אוסם סחר-שות.מוגבלת,,,"י""ח",400,ל גרם,false,1,13.70,3.43,true,1,
7290106578692,false,ביסלי במבה מיקס מהדורת אליפות אסם 80 גרם,קבוצת אוסם סחר שותפות מוגבלת,,,"י""ח",60,ל גרם,false,1,5.20,8.67,true,1,
7290106652996,false,כיף כף מקלות קוקוס חלבי 40 גר',סולן בעבור שטראוס,,,"י""ח",40,ל גרם,false,1,4.10,10.25,true,1,
7290106656727,false,"עוגיות חיוכים שוקולד עלית 600 גרם בד""צ","אפיפית נצרת (1971) בע""\מ",,,"י""ח",600,ל גרם,false,1,15.30,2.55,true,1,
7290106656734,false,"עוגיות חיוכים וניל עלית 600 גרם בד""צ",אפיפית נצרת תעשיות ב,,,"י""ח",600,ל גרם,false,1,14.40,2.40,true,1,
7290106660410,false,"רביולי תרד וגבינה 400 גרם ""שטראוס""",שטראוס גרופ בעמ/מצונן,,,"י""ח",400,ל גרם,false,1,17,4.25,true,1,
7290106663091,false,"לאבנה 9 % עם שמן זית 500 גר' ""שטראוס""",שטראוס גרופ בעמ/מצונן,,,"י""ח",500,ל גרם,false,1,15.30,3.06,true,1,
7290106664067,false,לאבנה עם שמן זית וזעתר 10% שטראוס 400 ג',שטראוס גרופ בעמ/מצונן,,,"י""ח",400,ל גרם,false,1,12.70,3.18,true,1,
7290106664555,false,"רוטב שמנת עם עגבניות 9% שומן 250 מ""ל יוטבתה",שטראוס גרופ בעמ/מצונן,,,"י""ח",200,ל גרם,false,1,9.30,4.65,true,1,
7290106664562,false,רוטב שמנת עם פטריות 9% שומן 258 ג' יוטבתה,שטראוס גרופ בעמ/מצונן,,,"י""ח",200,ל גרם,false,1,9.30,4.65,true,1,
7290106666788,false,עלית - סוכריות נוסטלגיה דבש ממולאות 80 גרם,"שטראוס גרופ בע""מ",,,"י""ח",100,ל גרם,false,1,5,5,true,1,
7290106667266,false,חטיף תירס חמוץ חריף דוריטוס (185 גרם),"שטראוס פריטו ליי בע""\מ )",,,"י""ח",185,ל גרם,false,1,6.40,3.46,true,1,
7290106668577,false,"מיץ לימון טבעי 250 מ""ל ""יד מרדכי""",האי נאם סי או אל.טי.,,,"י""ח",250,"ל מ""ל",false,1,6.70,2.68,true,1,
7290106668713,false,יוגורט עם פירות יער 3% שומן 150 ג' דנונה,שטראוס גרופ בעמ/מצונן,,,"י""ח",150,"ל מ""ל",false,1,3,2,true,1,
7290106720626,false,חטיף תירס בטעם גבינה צ`יטוס (80 גרם),"שטראוס פריטו ליי בע""\מ )",,,"י""ח",80,ל גרם,false,1,3.60,4.50,true,1,
7290106721913,false,מסטיק מאסט MUST ללא סוכר בטעם מנטה מרעננת,שטראוס גרופ בע`מ,,,"י""ח",66,ל גרם,false,1,9.90,15,true,1,
7290106721920,false,צנצנת מסטיק מאסט בטעם ספירמינט עדין 66 ג' עלית,"שטראוס גרופ בע""\מ.",,,"י""ח",66,ל גרם,false,1,8.50,12.88,true,1,
7290106723689,false,עלי תרד בייבי 200 גר`שטראוס טעם הטבע,ביכורי השדה הצפון בעמ` 1964,,,"י""ח",200,ל גרם,false,1,10.90,5.45,true,1,
7290106725867,false,סירופ מייפל טהור ללס יד מרדכי 189 גר,"שטראוס גרופ בע""מ",,,"י""ח",189,"ל מ""ל",false,1,28.10,14.87,true,1,
7290106726178,false,יוגורט PRO עם פירות יער 2.4% 10 גרם חלבון בגביע,שטראוס גרופ בעמ/מצונן,,,"י""ח",150,"ל מ""ל",false,1,3.90,2.60,true,1,
7290106727984,false,"כיף כף פצפצים בגביע 135 גרם ""עלית""",שולן צ'\יקולטה גידה סאן.,,,"י""ח",135,ל גרם,false,1,8.50,6.30,true,1,
7290106729650,false,יוגורט עם תות מאגדת 8 יח' * 150ג' דנונה,שטראוס גרופ בעמ/מצונן,,,"י""ח",1.20,ליטר,false,1,20.40,17,true,1,
7290107280037,false,50 מטליות לחות לניקוי כללי גדולות ועבות,החברה הדרומית לשיווק בעמ,,,"י""ח",1,,false,1,9.90,9.90,false,1,
7290107280082,false,מארז 7 תבניות אלומיניום מוארכות לאפייה אינגליש קייק,החברה הדרומית לשיווק בעמ,,,"י""ח",1,,false,1,9.90,9.90,false,1,
7290107280341,false,ריצפז מטליות לחות לניקוי הרצפה בניחוח מלון מפנק,החברה הדרומית לשיווק בעמ,,,"י""ח",1,,false,1,11,11,false,1,
7290107280396,false,"סנו - ג'ט מרסס לניקוי יסודי במטבח 750 מ""ל",החברה הדרומית לשיווק בעמ,,,"י""ח",750,"ל מ""ל",false,1,16.90,2.25,false,1,
7290107280655,false,אבקת כביסה Baby לתינוקות ולעור רגיש,החברה הדרומית לשיווק בעמ,,,"י""ח",3.25,"ק""ג",false,1,31.90,9.82,false,1,
7290107280754,false,נוזל כלים סנו ספארק Spark היפואלרגני פריחת השקד,החברה הדרומית לשיווק בעמ,,,"י""ח",700,"ל מ""ל",false,1,10.90,1.56,false,1,
7290107280761,false,נוזל לניקוי כלים בניחוח לימון רענן סנו ספארק Spark,החברה הדרומית לשיווק בעמ,,,"י""ח",1,ליטר,false,1,11,11,false,1,
7290107644488,false,בייגל בייגל בייגלה שמיניות עם מלח 255 ג,יוניליוור ישראל שיווק בע`מ,,,"י""ח",255,ל גרם,false,1,5,1.96,false,1,
7290107645584,false,אבקת מרק עוף אמיתי רכיבים טבעיים 400 גרם - רבנות,יוניליוור ישראל שיווק בע`מ,,,"י""ח",400,ל גרם,false,1,16.20,4.05,true,1,
7290107645591,false,אבקת מרק בטעם עוף 100% רכיבים טבעיים 400 גרם,יוניליוור ישראל שיווק בע`מ,,,"י""ח",400,ל גרם,false,1,12.70,3.18,false,1,
7290107646062,false,אבקת מרק בצל רכיבים טבעיים קנור 400 ג',יוניליוור ישראל שיווק בע`מ,,,"י""ח",400,ל גרם,false,1,17,4.25,true,1,
7290107646147,false,"חטיף שוגי קורנפלקס תלמה 156 גרם מארז 6 יחידות בד""צ",יוניליוור ישראל שיווק בע`מ,,,"י""ח",156,ל גרם,false,1,11,7.05,false,1,
7290107646376,false,סיף מטליות לחות לניקוי כללי בניחוח לימון,יוניליוור ישראל שיווק בעמ,,,"י""ח",1,"י""ח",false,1,6.80,6.80,false,1,
7290107646383,false,סיף מטליות לחות לניקוי רצפות בניחוח לימו,יוניליוור ישראל שיווק בעמ,,,"י""ח",1,"י""ח",false,1,8.60,8.60,false,1,
7290107646826,false,"חטיף שוגי שוקו תלמה 156 גרם מארז 6 יחידות בד""צ","יוניליוור ישראל שיווק בע""מ",,,"י""ח",156,ל גרם,false,1,11,7.05,false,1,
7290107646833,false,"חטיף שוגי פצפוצים תלמה 138 גרם מארז 6 יחידות בד""צ",יוניליוור ישראל שיווק בע`מ,,,"י""ח",138,ל גרם,false,1,11,7.97,false,1,
7290107647731,false,קוקומן חום לבן 20% פחות סוכר 375 גרם ב,יוניליוור ישראל שיווק בע`מ,,,"י""ח",375,ל גרם,false,1,17,4.53,true,1,
7290107647823,false,"ברנפלקס פתיתי חיטה מלאה וסובין 500 גרם ""תלמה""",יוניליוור ישראל שיווק בע`מ,,,"י""ח",500,ל גרם,false,1,17,3.40,false,1,
7290107647854,false,"שוגי מופחת סוכר תלמה 500 ג' בד""צ",יוניליוור ישראל שיווק בע`מ,,,"י""ח",500,ל גרם,false,1,17,3.40,true,1,
7290107649094,false,בייגלה מקלות ארוכים שומשום ב.בייגל 150 גר',יוניליוור ישראל שיווק בע`מ,,,"י""ח",150,ל גרם,false,1,5.20,3.47,false,1,
7290107649100,false,בייגלה טבעות שומשום 300 גרם.,"יוניליוור ישראל שיווק בע""מ",,,"י""ח",300,ל גרם,false,1,8.50,2.83,true,1,
7290107649858,false,טילון סופר מגנום וניל ושוקלד לבן,"מיוצר ע""\י גלידת שטראוס",,,"י""ח",85,ל גרם,false,1,6.80,8,true,1,
7290107870047,false,טילון אקסטרים115-120 גרם ענק נסטלה 120 גרם,נגה גלידות שותפות מוגבלת,,,"י""ח",115,ל גרם,false,1,8.40,7.30,true,1,
7290107871990,false,פסטה צינורות מהדרין אסם (500 גרם),קבוצת אוסם סחר שותפות מוגבלת,,,"י""ח",500,ל גרם,false,1,6.90,1.38,true,1,
7290107874427,false,מיני פריכונים בטעם זעתר אסם (25 גרם),קבוצת אוסם סחר שותפות מוגבלת,,,"י""ח",25,ל גרם,false,1,5.30,21.20,false,1,
7290107874502,false,ביסלי גריל קדמ. מארז אחיד 10 4*55 גרם,קבוצת אוסם סחר שותפות מוגבלת,,,"י""ח",210,ל גרם,false,1,12.50,5.95,true,1,
7290107879132,false,פריכיות פיטנס מיני פריכיות שוקולד חלב 22 ג',קבוצת אוסם סחר שותפות מוגבלת,,,"י""ח",100,ל גרם,false,1,5.90,5.90,false,1,
7290107879521,false,קרחון לה פרוטה שרבט תות מאגדת 5יח',נגה גלידות שותפות מוגבלת,,,"י""ח",350,ל גרם,false,1,23,6.57,false,1,
7290107879569,false,קרחון לה פרוטה שרבט מנגו מאגדת 5יח',נגה גלידות שותפות מוגבלת,,,"י""ח",350,ל גרם,false,1,23,6.57,false,1,
7290107879668,false,קרחון שרבט תות לה פרוטה נסטלה 70 גרם,נגה גלידות שותפות מוגבלת,,,"י""ח",70,ל גרם,false,1,6.80,9.71,true,1,
7290107879699,false,קרחון שרבט מנגו לה פרוטה נסטלה 70 גרם,גלידות נסטלה )נגה גלידות,,,"י""ח",70,ל גרם,false,1,6.80,9.71,true,1,
7290107879712,false,שלגון לה פרוטה פירות אדומים 70 גרם,גלידות נסטלה,,,"י""ח",70,ל גרם,false,1,5.90,8.43,true,1,
7290107930321,false,קונפיטורת דובדבן יד מרדכי (340 גרם),"שטראוס גרופ בע""מ",,,"י""ח",250,ל גרם,false,1,13.60,5.44,true,1,
7290107931397,false,כיף כף פצפוצים במילוי שוקולד 40 גרם,שולן צ'\יקולטה גידה סאן.,,,"י""ח",40,ל גרם,false,1,4.20,10.50,true,1,
7290107932080,false,חלב 3% מועשר בבקבוק יטבתה (1 ליטר),שטראוס גרופ בעמ/מצונן,,,"י""ח",1,ליטר,false,1,6.20,6.20,true,1,
7290107932134,false,חלב מועשר 1% בבקבוק יטבתה (1 ליטר),שטראוס גרופ בעמ/מצונן,,,"י""ח",1,ליטר,false,1,6.20,6.20,true,1,
7290107934473,false,שמינייה יוגורט לבן אקטיביה 1.5% דנונה 150 גרם,שטראוס גרופ בעמ/מצונן,,,"י""ח",1.20,ליטר,false,1,17,14.17,true,1,
7290107936309,false,דנונה יוגורט 7% יווני לבן 130 ג',שטראוס גרופ בעמ/מצונן,,,"י""ח",130,ל גרם,false,1,2.70,2.08,true,1,
7290107937542,false,משקה יוגורט אקטיביה עם תות 1.2% שומן,שטראוס גרופ בעמ/מצונן,,,"י""ח",250,"ל מ""ל",false,1,4.20,1.68,true,1,
7290107937856,false,קפסולות 11חזק למכונות נספרסו עלית 10יח',הנסיך- מפעל לייצור ט,,,"י""ח",50,ל גרם,false,1,19.90,39.80,true,1,
7290107938396,false,שמיניית אקטימל תות דיסני בנים 108 גרם,שטראוס גרופ בעמ/מצונן,,,"י""ח",800,"ל מ""ל",false,1,17,2.13,true,1,
7290107940030,false,"חומוס אחלה מופחת שומן 650 גרם ""אחלה""","שטראוס גרופ ***בע""מ",,,"י""ח",500,ל גרם,false,1,7.60,1.52,true,1,
7290107940467,false,אקטיביה יוגורט קרמי 1.5% דנונה (200 גרם),שטראוס גרופ בעמ/מצונן,,,"י""ח",200,ל גרם,false,1,3.30,1.65,true,1,
7290107943192,false,"שמנת חמוצה מהערבה 27% שומן 200 מ""ל יטבתה",שטראוס גרופ בעמ/מצונן,,,"י""ח",200,"ל מ""ל",false,1,3.50,1.75,true,1,
7290107944243,false,אפיפיות בטעם שוקולד 200 גרם כשר לפסח,"שטראוס גרופ בע""\מ",,,"י""ח",200,ל גרם,false,1,9.90,4.95,true,1,
7290107944472,false,סימפוניה גבינה במרקם שמנת 5% שום שמיר,שטראוס גרופ בעמ/מצונן,,,"י""ח",200,ל גרם,false,1,9.30,4.65,true,1,
7290107950190,false,מעדן חלב דל קלוריות בטעם שוקולד מריר 0.5% שומן,שטראוס גרופ בעמ/מצונן,,,"י""ח",130,ל גרם,false,1,2.70,2.08,true,1,
7290107951104,false,בפלות ופלים ארוכים בטעם שוקולד,"שטראוס גרופ בע""\מ",,,"י""ח",200,ל גרם,false,1,4.20,2.10,true,1,
7290107951111,false,בפלות ופלים ארוכים בטעם לימון,שטראוס גרופ בע`מ,,,"י""ח",200,ל גרם,false,1,4.20,2.10,true,1,
7290107951715,false,צנצנת מסטיק מאסט קוביות בטעם ענבים 58 ג' עלית,"שטראוס גרופ בע""מ",,,"י""ח",66,ל גרם,false,1,8.50,12.88,true,1,
7290107953559,false,"מארז קפה טורקי עלית לדרך כשל""פ 168 גרם",הנסיך- מפעל לייצור ט,,,"י""ח",168,ל גרם,false,1,16.20,9.64,true,1,
7290107954976,false,משקה חלב PRO עם קפה 1.5% 25 גרם חלבון בבקבוק,שטראוס גרופ בעמ/מצונן,,,"י""ח",350,ל גרם,false,1,5.60,1.60,true,1,
7290107956642,false,"תרסיס שמן זית 150 מ""ל יד מרדכי כשלפ",פארייפאבה אגרואינדוס,,,"י""ח",150,ל גרם,false,1,15.30,10.20,true,1,
7290107956901,false,קפסולות בטעם אגוזים למכונת נספרסו עלית 10 יחידות,שטראוס קפה בי.וי.,,,"י""ח",50,ל גרם,false,1,19.90,39.80,true,1,
7290107956932,false,קפסולות אינדונזיה מס 12 למכונת אספרסו,שטראוס קפה בי.וי.,,,"י""ח",50,ל גרם,false,1,19.90,39.80,true,1,
7290107957991,false,מילקי CAKE מיניס קרם חלב בציפוי שוקולד חלב שקית 16X9ג',בובארד איטליה אס.פי.איי,,,"י""ח",144,ל גרם,false,1,11.90,8.26,true,1,
7290107958035,false,יוגורט במתיקות מעודנת 2% ללא תוספת סוכר- מארז 8 יח,שטראוס גרופ בעמ/מצונן,,,"י""ח",1.20,ליטר,false,1,15.30,12.75,true,1,
7290107971539,false,חטיף בוטנים וקשיו עם שוקולד מריר ללא גלוטן,אמקו סאם מילס ספול.,,,"י""ח",250,ל גרם,false,1,14.40,5.76,false,1,
7290107973038,false,"סבון ידיים משאבה פלמוליב אקווריום 300 מ""ל",הנסיך- מפעל לייצור ט,,,"י""ח",300,"ל מ""ל",false,1,8.50,2.83,true,1,
7290107973861,false,מאסטר שף עגבניות קצוצות דק שלישיה 400ג*3 כשלפ,קונסרזיו קאסאלאסקו ד,,,"י""ח",1.20,"ק""ג",false,1,13.60,11.33,false,1,
7290107974073,false,מנה עלי טורטיה קמח לבן מ.שף 20 סמ 320 גר,אלקאטי קורביישיסי גי,,,"י""ח",320,ל גרם,false,1,8.50,2.66,false,1,
7290107974080,false,עלי טורטיה קמח לבן 744 גר`מנה מאסטר שף,אלקאטי קורביישיסי גי,,,"י""ח",740,ל גרם,false,1,13.60,1.84,false,1,
7290107974806,false,"אורז בסגנון בסמטי 1ק""ג מאסטר שף",דווה סינג שיהם סינג,,,"י""ח",1,"ק""ג",false,1,9.30,9.30,false,1,
7290107974813,false,"אורז יסמין 1 ק""ג מאסטר שף",טאומי אינטרפרייד,,,"י""ח",1,"ק""ג",false,1,9.30,9.30,false,1,
7290107976848,false,פלמוליב סבון מוצק קמומיל רביעייה 360 ג,קולגייט-פלמוליב,,,"י""ח",360,ל גרם,false,1,14.40,4,true,1,
7290107978323,false,איטריות דקיקות מאסטר שף 400 גרם,הדקלאים אגודת שיתופי,,,"י""ח",400,ל גרם,false,1,4.20,1.05,true,1,
7290107978330,false,איטריות דקות מאסטר שף 400 גרם,הדקלאים אגודת שיתופי,,,"י""ח",400,ל גרם,false,1,4.20,1.05,true,1,
7290107978347,false,איטריות בינוניות מאסטר שף 400 גרם,הדקלאים אגודת שיתופי,,,"י""ח",400,ל גרם,false,1,4.20,1.05,true,1,
7290107978453,false,חטיף בטעם גריל קראנצ,ש. שסטוביץ בע`מ,,,"י""ח",55,ל גרם,false,1,2.50,4.55,true,1,
7290107978460,false,קראנצ וס פלאפל 60ג חדש,ש. שסטוביץ בע`מ,,,"י""ח",60,ל גרם,false,1,2.50,4.17,true,1,
7290107979542,false,קוקי רדיד אלומיניום כוכבים זוג 2*30מ,ש.שסטוביץ בעמ,,,"י""ח",1,,false,1,8.50,8.50,true,1,
7290108090338,false,עגבניה תמר,ביכורי השדה צפון 1994 ג.ד. בעמ,,,"ק""ג",1,,true,1,6.90,6.90,false,1,
7290108201864,false,קולון קפסולות גל לכביסה 28 יחידות,רקיט בנקיזר (ניר איסט) בעמ,,,"י""ח",28,"י""ח",false,1,21.30,0.76,false,1,
7290108350128,false,סנו סושי שקיות אשפה חזקות במיוחד 40 יח',החברה הדרומית לשיווק בעמ,,,"י""ח",1,,false,1,21.30,21.30,false,1,
7290108350531,false,סנו ספארק נוזל כלים בניחוח קלאסי עם משאבה 1 ל',מיוצר עי קונדיטוריית,,,"י""ח",1,ליטר,false,1,11,11,false,1,
7290108350548,false,סנו ספארק נוזל כלים בניחוח לבנדר עם משאבה 1 ל',החברה הדרומית לשיווק בעמ,,,"י""ח",1,ליטר,false,1,11,11,false,1,
7290108350586,false,נוזל לניקוי כלים סנו ספארק Spark בניחוח לימון רענן,החברה הדרומית לשיווק בעמ,,,"י""ח",1.50,ליטר,false,1,13.60,9.07,false,1,
7290108351149,false,ג'ל ניקוי כללי בתוספת אבקת סודה ריח כביסה סנו ג'ט 1.5 ליטר,החברה הדרומית לשיווק בעמ,,,"י""ח",1.50,ליטר,false,1,15.90,10.60,false,1,
7290108351156,false,ג'ל ניקוי כללי בתוספת חומץ בריח לבנדר סנו ג'ט 1.5 ליטר,החברה הדרומית לשיווק בעמ,,,"י""ח",1.50,ליטר,false,1,15.90,10.60,false,1,
7290108351491,false,סנו - אוקסיג'ן פאוור אבקה להסרת כתמים קשים 720 גרם,החברה הדרומית לשיווק בעמ,,,"י""ח",720,ל גרם,false,1,12.70,1.76,false,1,
7290108351699,false,סנו - ג'ט מטליות לחות לניקוי כללי בתוספת חומץ לבנדר שלישיה,החברה הדרומית לשיווק בעמ,,,"י""ח",1,,false,1,20,20,false,1,
7290108351811,false,מרכך כביסה סופר מרוכז Floral touch סנו מקסימה 1 ליטר,החברה הדרומית לשיווק בעמ,,,"י""ח",1,ליטר,false,1,15,15,false,1,
7290108352214,false,סנו - מקסימה קפסולות כביסה בניחוח בריזה מרעננת 40 יח',החברה הדרומית לשיווק בעמ,,,"י""ח",40,"י""ח",false,1,34.10,0.85,false,1,
7290108352252,false,נוזל לניקוי כלים מתאים לניקוי ירקות ופירות סנו ספארק,החברה הדרומית לשיווק בעמ,,,"י""ח",1,ליטר,false,1,11,11,false,1,
7290108352290,false,שלישיית מטליות לחיטוי ולניקוי יסודי לחדר האמבטיה סדרת 99.9%,החברה הדרומית לשיווק בעמ,,,"י""ח",3,"י""ח",false,1,20.40,6.80,false,1,
7290108352337,false,"מטהר אויר פרש הום אוטומטיק מלון מפנק 250 מ""ל",החברה הדרומית לשיווק בעמ,,,"י""ח",165,ל גרם,false,1,13.90,8.42,false,1,
7290108352344,false,"פרש מבשם אויר אוטומטי בניחוח לבנדר סנו 250 מ""ל",החברה הדרומית לשיווק בעמ,,,"י""ח",165,ל גרם,false,1,13.90,8.42,false,1,
7290108352450,false,ריצפז פרש הום בניחוח מרכך כביסה בלו בלוסום,החברה הדרומית לשיווק בעמ,,,"י""ח",1.45,ליטר,false,1,21.90,15.10,false,1,
7290108352566,false,מרכך כביסה בבישום עוצמתי 4 ל' סנו מקסינה,החברה הדרומית לשיווק בעמ,,,"י""ח",4,ליטר,false,1,18.70,4.68,false,1,
7290108352641,false,סנו סושי מטלית הפלא לניקוי כללי במארז שלישייה,החברה הדרומית לשיווק בעמ,,,"י""ח",3,"י""ח",false,1,12.70,4.23,false,1,
7290108352672,false,צמד מטליות הפלא לרצפה מיקרפייבר סנו סושי,החברה הדרומית לשיווק בעמ,,,"י""ח",2,"י""ח",false,1,20.40,10.20,false,1,
7290108352825,false,ספוג הפלא נירוסטה סנו סושי 3יח',החברה הדרומית לשיווק בעמ,,,"י""ח",1,,false,1,11.90,11.90,false,1,
7290108352849,false,שלישיית מטליות הפלא לניקוי כללי דקור סנו סושי,החברה הדרומית לשיווק בעמ,,,"י""ח",3,"י""ח",false,1,12.70,4.23,false,1,
7290108352887,false,"זוג מפות שולחן עשויות מבד בלתי ארוג 180*120 ס""מ",החברה הדרומית לשיווק בעמ,,,"י""ח",1,,false,1,8.50,8.50,false,1,
7290108353068,false,ספוג הפלא נירוסטה עם סיבי קירצוף סנו סושי 2 יח',החברה הדרומית לשיווק בעמ,,,"י""ח",1,,false,1,11.90,11.90,false,1,
7290108353372,false,אורביטול צמד מברשות שיניים 12000 סיבי פחם,החברה הדרומית לשיווק בעמ,,,"י""ח",1,,false,1,25.60,25.60,false,1,
7290108353440,false,אורביטול מברשות שיניים נאנו לחניכיים 2יח,החברה הדרומית לשיווק בעמ,,,"י""ח",1,,false,1,25.60,25.60,false,1,
7290108353662,false,"סנו סושי מפת שולחן מוטבעת 120*270 ס""מ",החברה הדרומית לשיווק בעמ,,,"י""ח",1,,false,1,8.50,8.50,false,1,
7290108353686,false,מטלית חלומית לרצפה סנו סושי 1 יחידה,החברה הדרומית לשיווק בעמ,,,"י""ח",1,,false,1,11.90,11.90,false,1,
7290108353709,false,כפפות ניטריל שחורות 80 יח' S סנו סושי,החברה הדרומית לשיווק בעמ,,,"י""ח",80,"י""ח",false,1,25.60,0.32,false,1,
7290108353839,false,סושי כפפות ניטריל שחורות 80 יחידות M,החברה הדרומית לשיווק בעמ,,,"י""ח",80,"י""ח",false,1,25.60,0.32,false,1,
7290108355154,false,נקה 7 שמפו לשיער שמני הזנה 750 מל,החברה הדרומית לשיווק בעמ,,,"י""ח",750,"ל מ""ל",false,1,12.90,1.72,false,1,
7290108356403,false,"כיף תחליב רחצה בניחוח עוגת חד קרן 700 מ""ל",החברה הדרומית לשיווק בעמ,,,"י""ח",700,"ל מ""ל",false,1,13.90,1.99,false,1,
7290108357097,false,"קרליין - נושם ביו דאודורנט ספריי 150 מ""ל Velvet Rose לאישה",החברה הדרומית לשיווק בעמ,,,"י""ח",150,"ל מ""ל",false,1,12.90,8.60,false,1,
7290108357189,false,"מבשם ומרכך למייבש הכביסה מקסימה פלורל 750 מ""ל סנו",החברה הדרומית לשיווק בעמ,,,"י""ח",750,"ל מ""ל",false,1,17.90,2.39,true,1,
7290108357271,false,סנובון ג'ל לניקוי אסלות עם חמצן פעיל לניקוי עוצמתי,החברה הדרומית לשיווק בעמ,,,"י""ח",750,"ל מ""ל",false,1,9.30,1.24,false,1,
7290108357288,false,אקונומיקה ז'אוול בניחוח פריחה לבנה 4 ל' סנו,החברה הדרומית לשיווק בעמ,,,"י""ח",4,ליטר,false,1,17.90,4.48,false,1,
7290108357660,false,סנובון Bubbles שלישיית כדוריות ג'ל אסלה ניחוח לבנדר,החברה הדרומית לשיווק בעמ,,,"י""ח",65,"ל מ""ל",false,1,13.60,20.92,false,1,
7290108357844,false,כיף אל סבון 1 ליטר אצות ים שקית מילוי + פקק,החברה הדרומית לשיווק בעמ,,,"י""ח",1,ליטר,false,1,7.60,7.60,false,1,
7290108358124,false,דפי בישום לחים למייבש הכביסה בניחוח מרכך כביסה 20 יח' מקסימה,טרופיגל דגיל תעשיות קוסמ,,,"י""ח",750,"ל מ""ל",false,1,11,1.47,true,1,
7290108359060,false,סנו סושי כריות הפלא רב תכלתיות *4 לשבת,החברה הדרומית לשיווק בעמ,,,"י""ח",1,,false,1,8.50,8.50,false,1,
7290108359084,false,סנו סושי כיסוי ניילון עם גומי 30 יחידות M,החברה הדרומית לשיווק בעמ,,,"י""ח",1,"י""ח",false,1,9.30,9.30,false,1,
7290108359091,false,סנו סושי כיסוי ניילון עם גומי 30 יחידות L,החברה הדרומית לשיווק בעמ,,,"י""ח",1,"י""ח",false,1,9.30,9.30,false,1,
7290108359114,false,סנו סושי – 10 חמגשית אלומיניום עם מכסה,החברה הדרומית לשיווק בעמ,,,"י""ח",10,"י""ח",false,1,10.20,1.02,false,1,
7290108359152,false,"תבנית אלומיניום עגולה 25 ס""מ -6 יחי סנו סושי",החברה הדרומית לשיווק בעמ,,,"י""ח",6,"י""ח",false,1,11,1.83,false,1,
7290108359183,false,שקית אשפה חזקות 70*50 60 יח' סנו סושי,החברה הדרומית לשיווק בעמ,,,"י""ח",1,"י""ח",false,1,19.60,19.60,false,1,
7290108359855,false,"שמפו אל דמע בייבי כיף+משאבה 750 מ""ל",החברה הדרומית לשיווק בעמ,,,"י""ח",750,"ל מ""ל",false,1,17.90,2.39,false,1,
7290108359985,false,סנו - ז'אוול מרסס קצף לניקוי וחינו בניחוח פריחה לבנה 1 ליטר,החברה הדרומית לשיווק בעמ,,,"י""ח",1,ליטר,false,1,19.90,19.90,false,1,
7290108500677,false,כבד דג שיבוט בשמן דג וילי פוד 115 גרם,ג. וילי-פוד אינטרנשיונל בע`מ,,,"י""ח",115,ל גרם,false,1,9.50,8.26,true,1,
7290108501346,false,גבינה מגורדת גאודה 28% שומן EURO CHEESE ויליפוד 500 גרם,ג.וילי-פוד אינטרנשיונל **גבינו,,,"י""ח",500,ל גרם,false,1,21.30,4.26,false,1,
7290108501353,false,פילה אנשובי אמיתי ארוך בשמן וילי פוד 45,ג. וילי-פוד אינטרנשיונל בע`מ,,,"י""ח",45,ל גרם,false,1,5.90,13.11,false,1,
7290108501391,false,גבינת חצי קשה מחלב עיזים פרוסות 150 גר`,ג. וילי-פוד אינטרנשיונל בע`מ,,,"י""ח",150,ל גרם,false,1,12.70,8.47,false,1,
7290108502329,false,רביעיית טונה בשמן זית ויליפוד 4*160 גרם,ג. וילי-פוד אינטרנשיונל בע`מ,,,"י""ח",640,ל גרם,false,1,23,3.59,false,1,
7290108502725,false,גבינת גאודה פרוסות ויליפוד 400 גרם,ג.וילי-פוד אינטרנשיונל **גבינו,,,"י""ח",120,ל גרם,false,1,17.90,14.92,false,1,
7290108502763,false,גבינת קממבר ויליפוד 200 גרם,ג.וילי-פוד אינטרנשיונל **גבינו,,,"י""ח",200,ל גרם,false,1,19.90,9.95,false,1,
7290108502862,false,מלפפונים כבושים במלח 18-25 קטנים ויליפוד 600 גרם,ג. וילי-פוד אינטרנשיונל בע`מ,,,"י""ח",600,ל גרם,false,1,9.90,1.65,false,1,
7290108503975,false,פסטה איטליאנה קנלוני ויליפוד 250 גרם,ג. וילי-פוד אינטרנשיונל בע`מ,,,"י""ח",397,ל גרם,false,1,8.50,2.14,false,1,
7290108503982,false,פרוסות גבינה בטעם צ'דר לכריכים וטוסטים ויליפוד 150 גרם,ג. וילי-פוד אינטרנשיונל בע`מ,,,"י""ח",150,ל גרם,false,1,10.20,6.80,true,1,
7290108503999,false,פרוסות גבינה בטעם גאודה לכריכים וטוסטים ויליפוד 150 גרם,ג.וילי-פוד אינטרנשיונל **גבינו,,,"י""ח",150,ל גרם,false,1,9.30,6.20,true,1,
7290108504279,false,קשקבל \איבריקו\ מנצ'גו צ'אנק 150 גרם,ג. וילי-פוד אינטרנשיונל בע`מ,,,"י""ח",150,ל גרם,false,1,14.40,9.60,true,1,
7290108504286,false,איבריקו צ'אנק ויליפוד 150 גרם,ג.וילי-פוד אינטרנשיונל **גבינו,,,"י""ח",150,ל גרם,false,1,14.40,9.60,true,1,
7290108504293,false,מנצ`גו צ`אנק 150 גרם ויליפוד,ג.וילי-פוד אינטרנשיונל **גבינו,,,"י""ח",150,ל גרם,false,1,17.90,11.93,true,1,
7290108504378,false,גבינת שמנת עם זיתים ויליפוד 200 גרם,ג.וילי-פוד אינטרנשיונל **גבינו,,,"י""ח",200,ל גרם,false,1,10.20,5.10,false,1,
7290108505490,false,דונאטס קפוא ויליפוד,ג.וילי פוד אינטרנשיונל בעמ,,,"י""ח",1,,false,1,5,5,true,1,
7290108505719,false,גבינת מוצרלה מגורדת EURO CHEESE ויליפוד 200 גרם,ג.וילי-פוד אינטרנשיונל **גבינו,,,"י""ח",200,ל גרם,false,1,11.90,5.95,false,1,
7290108505726,false,אצבעות גבינת חצי קשה EURO CHEESE ויליפוד 200 גרם,ג.וילי-פוד אינטרנשיונל **גבינו,,,"י""ח",200,ל גרם,false,1,13.60,6.80,false,1,
7290108506495,false,"כנאפה מאפה בצק ""שערות"" קדאיף וגבינה",ג.וילי-פוד אינטרנשיונל **גבינו,,,"י""ח",192,ל גרם,false,1,13.90,7.24,true,1,
7290108506501,false,אצבעות בצק פילו ממולאות גבינה 500 ג' ויליפוד,ג.וילי-פוד אינטרנשיונל **גבינו,,,"י""ח",500,ל גרם,false,1,19.60,3.92,false,1,
7290108506518,false,אצבעות בצק פילו ממולאות גבינה ותרד 500 ג' ויליפוד,ג.וילי-פוד אינטרנשיונל **גבינו,,,"י""ח",500,ל גרם,false,1,13.60,2.72,false,1,
7290108506624,false,גבינת עיזים צ'אנק ויליפוד 150 גרם,ג.וילי-פוד אינטרנשיונל **גבינו,,,"י""ח",15,ל גרם,false,1,14.40,96,true,1,
7290108506709,false,גבינת פרמג`אנו ר`גיאנו 150 גר וילי פוד,ג.וילי-פוד אינטרנשיונל **גבינו,,,"י""ח",150,ל גרם,false,1,29.90,19.93,false,1,
7290108507065,false,גבינת פרמג'אנו רגיאנו מגורדת ויליפוד 100 גרם,ג.וילי-פוד אינטרנשיונל **גבינו,,,"י""ח",100,ל גרם,false,1,11,11,false,1,
7290108507072,false,שבבי גבינת גרנה פדנו ויליפוד 100 גרם,ג. וילי-פוד אינטרנשיונל בע`מ,,,"י""ח",100,ל גרם,false,1,8.50,8.50,false,1,
7290108507188,false,כנאפה קפוא אריזה משפחתית 657.5 גרם,ג.וילי-פוד אינטרנשיונל **גבינו,,,"י""ח",657,ל גרם,false,1,25.60,3.90,true,1,
7290108508185,false,ספגטי ריגטוני ללא גלוטן 400 גרם,ג.וילי פוד אינטרנשיונל בעמ,,,"י""ח",400,ל גרם,false,1,8.50,2.13,false,1,
7290108508499,false,"איירן משקה יוגורט בסגנון טורקי יורו 293 מ""ל",ג.וילי-פוד אינטרנשיונל **גבינו,,,"י""ח",293,ל גרם,false,1,5,1.71,true,1,
7290108509106,false,"גבינה בולגרית מעודנת בקוביות 13% שומן 200 ג' חת""ס פ""ת",ג.וילי-פוד אינטרנשיונל **גבינו,,,"י""ח",200,ל גרם,false,1,11.90,5.95,false,1,
7290108509113,false,"גבינה בולגרית מעודנת 18% שומן 250 גרם חת""ס פ""ת",ג.וילי-פוד אינטרנשיונל **גבינו,,,"י""ח",250,ל גרם,false,1,11.90,4.76,true,1,
7290108509182,false,גבינה פטה 17% EUROויליפוד 250 גרם,ג.וילי-פוד אינטרנשיונל **גבינו,,,"י""ח",250,ל גרם,false,1,12.70,5.08,false,1,
7290108509410,false,חלבה טורקית עם קקאו 350 גרם ויליפוד,ג.וילי פוד אינטרנשיונל בעמ,,,"י""ח",350,ל גרם,false,1,10.20,2.91,false,1,
7290108509571,false,גבינה פטה 24% עם צ'ילי ופפריקה 153 גרם ויליפוד,ג.וילי-פוד אינטרנשיונל **גבינו,,,"י""ח",153,ל גרם,false,1,13.60,8.89,false,1,
7290108509588,false,גבינה פטה 24% עם עשבי תיבול 153 גרם ויליפוד,ג.וילי-פוד אינטרנשיונל **גבינו,,,"י""ח",153,ל גרם,false,1,13.60,8.89,false,1,
7290108509595,false,גבינה פטה 24% עגבניות מיובשות וריחן 153 גרם ויליפוד,ג.וילי-פוד אינטרנשיונל **גבינו,,,"י""ח",153,ל גרם,false,1,13.60,8.89,false,1,
7290108509731,false,איירן משקה יוגורט בסגנון טורקי 2.3% שומן 1ל' יורו,ג.וילי-פוד אינטרנשיונל **גבינו,,,"י""ח",1,ליטר,false,1,12.70,12.70,false,1,
7290108509755,false,EURO גבינת חלומי 23% שומן 250 גרם,ג.וילי-פוד אינטרנשיונל **גבינו,,,"י""ח",250,ל גרם,false,1,21.30,8.52,false,1,
7290108509816,false,גבינת בייבי מוצרלה EURO CHEESE ויליפוד 200 גרם,ג.וילי-פוד אינטרנשיונל **גבינו,,,"י""ח",200,ל גרם,false,1,13.60,6.80,false,1,
7290108509984,false,"רוטב סויה 300 מ""ל וילי פוד",ג.וילי-פוד אינטרנשיונל בעמ,,,"י""ח",300,ל גרם,false,1,7.60,2.53,false,1,
7290108509991,false,"רוטב טריאקי 300 מ""ל וילי פוד",ג.וילי-פוד אינטרנשיונל בעמ,,,"י""ח",300,ל גרם,false,1,7.60,2.53,false,1,
7290109352916,false,פריכיות דגנים פיטנס מצופות שוקולד לבן,קבוצת אוסם סחר שותפות מוגבלת,,,"י""ח",84,ל גרם,false,1,12.70,15.12,true,1,
7290109354101,false,קרקר לחמית ללא גלוטן 200 גר אסם,קבוצת אוסם סחר שותפות מוגבלת,,,"י""ח",200,ל גרם,false,1,7.60,3.80,true,1,
7290109580043,false,"שניצל תירס קלאסי זוגלובק 1.75 ק""ג",נקניק זוגלובק נהריה,,,"י""ח",1.75,"ק""ג",false,1,42.70,24.40,false,1,
7290109580104,false,זוגלובק פרימיום רוסטביף 150 גרם,נקניק זוגלובק נהריה,,,"י""ח",150,ל גרם,false,1,19.60,13.07,false,1,
7290109580159,false,פסטרמה בנוסח טוסקנה פרימיום זוגלובק 180 גרם,נקניק זוגלובק נהריה,,,"י""ח",180,ל גרם,false,1,19.60,10.89,false,1,
7290109580227,false,נקניקיות עוף ובקר בסגנון ברלינאי קאריוורסט,נקניק זוגלובק נהריה,,,"י""ח",300,ל גרם,false,1,17,5.67,false,1,
7290109580241,false,נאגטס מן הצומח זוגלובק 500 גרם,נקניק זוגלובק נהריה,,,"י""ח",0.50,"ק""ג",false,1,19.60,39.20,false,1,
7290109580302,false,מארז זוג תה מעושן 350+חזה עוף 350 זוגלובק,זוגלובק שיווק בעמ,,,"י""ח",700,ל גרם,false,1,27.30,3.90,false,1,
7290109580357,false,מארז זוג חרמון 300 +חרמון ברביקיו 300 גרם זוגלובק,זוגלובק שיווק בעמ,,,"י""ח",600,ל גרם,false,1,30.70,5.12,false,1,
7290109580432,false,פסטרמה חזה הודו מעושן דק דק זוגלובק 120 גרם,נקניק זוגלובק נהריה,,,"י""ח",120,ל גרם,false,1,11.90,9.92,true,1,
7290109921723,false,"דורגול ג'ל לאסלה 750 מ""ל","יעקב יעקבי ובניו בע""מ",,,"י""ח",750,"ל מ""ל",false,1,17,2.27,false,1,
7290109921969,false,ג'ל כביסה סופרו אקטיב יעקובי כחול 2.5 ליטר,יעקב יעקבי ובניו בעמ,,,"י""ח",3,ליטר,false,1,21.30,7.10,false,1,
7290109921976,false,ג'ל כביסה סופרו אקטיב יעקובי לבן 2.5 ליטר,"יעקב יעקבי ובניו בע""מ",,,"י""ח",3,ליטר,false,1,21.30,7.10,false,1,
7290109922843,false,האקונומיקה המובילה באירופה נוסחה ייחודית מרוכז 2 ל,יעקב יעקבי ובניו בעמ,,,"י""ח",2,ליטר,false,1,10.20,5.10,false,1,
7290110050467,false,"בקבוק שתייה דגם שקוף 700מ""ל ספיידרמן",שמחה זה אנחנו,,,"י""ח",1,,false,1,25.60,25.60,false,1,
7290110110024,false,פחית פאנטה תות 330 מל סילק,החברה המרכזית להפצת משקאות בעמ,,,"י""ח",330,"ל מ""ל",false,1,3.90,1.09,true,1,
7290110110352,false,בירה קרלסברג 0% אלכוהול בודד,החברה המרכזית להפצת משקאות בעמ,,,"י""ח",1.98,ליטר,false,1,24.70,11.72,false,1,
7290110110369,false,"שישייה בירה קרלסברג LUMA בקבוק 330 מ""ל",החברה המרכזית להפצת משקאות בעמ,,,"י""ח",1.98,ליטר,false,1,34.10,16.46,true,1,
7290110110574,false,פחית קוקה קולה סליק זירו לימון 330 מל,החברה המרכזית להפצת משקאות בעמ,,,"י""ח",330,"ל מ""ל",false,1,3.90,1.09,true,1,
7290110110659,false,"ספרייט לימון ליים פחית 330מ""ל",החברה המרכזית להפצת משקאות בעמ,,,"י""ח",330,"ל מ""ל",false,1,3.90,1.09,true,1,
7290110111557,false,"משקה ספורט איזוטוני בטעם פירות 500 מ""ל פאוורייד",החברה המרכזית להפצת משקאות בעמ,,,"י""ח",500,"ל מ""ל",false,1,8.50,1.64,true,1,
7290110111564,false,"משקה ספורט איזוטוני בטעם הדרים ליין 500 מ""ל פאוורייד",החברה המרכזית להפצת משקאות בעמ,,,"י""ח",500,"ל מ""ל",false,1,8.50,1.64,true,1,
7290110113261,false,נקטר חמוציות 19 קלוריות SPRAY OCEAN פריגת 1 ליטר,החברה המרכזית להפצת משקאות בעמ,,,"י""ח",1,ליטר,false,1,9.50,9.50,false,1,
7290110113384,false,קוקה קולה זירו מארז רביעיה 1X4 ליטר,החברה המרכזית להפצת משקאות בעמ,,,"י""ח",4,ליטר,false,1,25.50,6.13,false,1,
7290110113476,false,בירה קרלסברג ללא אלכוהול - שישייה,החברה המרכזית להפצת משקאות בעמ,,,"י""ח",1.98,ליטר,false,1,24.70,11.72,false,1,
7290110114787,false,נביעות+ מים מינרליים בטעם תפוח 1.5 ליטר,החברה המרכזית להפצת משקאות בעמ,,,"י""ח",1.50,ליטר,false,1,7.70,4.93,false,1,
7290110114794,false,נביעות+ מים מינרליים בטעם אפרסק 1.5 ליטר,החברה המרכזית להפצת משקאות בעמ,,,"י""ח",1.50,ליטר,false,1,7.70,4.93,false,1,
7290110114800,false,נביעות+ מים מינרליים בטעם ענבים 1.5 ליטר,החברה המרכזית להפצת משקאות בעמ,,,"י""ח",1.50,ליטר,false,1,7.70,4.93,false,1,
7290110114824,false,נביעות+רכיבי פרי אבטיח 1.5 ליטר פיקדון,החברה המרכזית להפצת משקאות בעמ,,,"י""ח",1.50,ליטר,false,1,7.70,4.93,false,1,
7290110114855,false,"נביעות מים מינרליים, שישיה 6 * 1.5 ליטר פקדון",החברה המרכזית להפצת משקאות בעמ,,,"י""ח",9,ליטר,false,1,11.10,1.07,false,1,
7290110114893,false,מיץ תפוזים מפוסטר סחוט 2 ליטר,*החברה המרכזית להפצת משקאותבעמ,,,"י""ח",2,ליטר,false,1,23.90,11.80,false,1,
7290110114916,false,מיץ סחוט לימונענע פריגת 2 ליטר,*החברה המרכזית להפצת משקאותבעמ,,,"י""ח",2,ליטר,false,1,23.90,11.80,false,1,
7290110114954,false,מיץ תפוזים מתקתקים פריגת 2 ליטר,*החברה המרכזית להפצת משקאותבעמ,,,"י""ח",2,ליטר,false,1,17.90,8.80,false,1,
7290110114961,false,משקה קל בטעם תפוזים פריגת (1.5 ליטר),החברה המרכזית להפצת משקאות בעמ,,,"י""ח",1.50,ליטר,false,1,7.70,4.93,false,1,
7290110114985,false,משקה קל בטעם אשכוליות פריגת (1.5 ליטר),החברה המרכזית להפצת משקאות בעמ,,,"י""ח",1.50,ליטר,false,1,7.70,4.93,false,1,
7290110115005,false,משקה קל בטעם ענבים פריגת (1.5 ליטר),החברה המרכזית להפצת משקאות בעמ,,,"י""ח",1.50,ליטר,false,1,7.70,4.93,false,1,
7290110115029,false,משקה קל בטעם תפוחים פריגת (1.5 ליטר),החברה המרכזית להפצת משקאות בעמ,,,"י""ח",1.50,ליטר,false,1,7.70,4.93,false,1,
7290110115036,false,משקה קל בטעם מנגו פריגת (1.5 ליטר),החברה המרכזית להפצת משקאות בעמ,,,"י""ח",1.50,ליטר,false,1,7.70,4.93,false,1,
7290110115043,false,משקה קל בטעם לימונענע פריגת (1.5 ליטר),החברה המרכזית להפצת משקאות בעמ,,,"י""ח",1.50,ליטר,false,1,7.70,4.93,false,1,
7290110115050,false,משקה קל בטעם תות בננה פריגת (1.5 ליטר),החברה המרכזית להפצת משקאות בעמ,,,"י""ח",1.50,ליטר,false,1,7.70,4.93,false,1,
7290110115081,false,פריגת צלול ענבים 1.5 ליטר פיקדון,החברה המרכזית להפצת משקאות בעמ,,,"י""ח",1.50,ליטר,false,1,7.40,4.73,false,1,
7290110115104,false,פריגת צלול אפרסק 1.5 ליטר פיקדון,החברה המרכזית להפצת משקאות בעמ,,,"י""ח",1.50,ליטר,false,1,7.40,4.73,false,1,
7290110115111,false,פריגת צלול אננס 1.5 ליטר פיקדון,החברה המרכזית להפצת משקאות בעמ,,,"י""ח",1.50,ליטר,false,1,7.40,4.73,false,1,
7290110115180,false,נביעות מים מינרלים שקט 1.5 ליטר פיקדון,החברה המרכזית להפצת משקאות בעמ,,,"י""ח",1.50,ליטר,false,1,2.70,1.60,false,1,
7290110115203,false,קוקה קולה 1.5 ליטר פיקדון,החברה המרכזית להפצת משקאות בעמ,,,"י""ח",150,"ל מ""ל",false,1,7.70,4.93,false,1,
7290110115210,false,קוקה קולה דיאט 1.5 ליטר פיקדון,החברה המרכזית להפצת משקאות בעמ,,,"י""ח",1.50,ליטר,false,1,7.10,4.53,false,1,
7290110115227,false,קוקה קולה Zero בקבוק 1.5 ליטר פיקדון,החברה המרכזית להפצת משקאות בעמ,,,"י""ח",1.50,ליטר,false,1,7.60,4.87,false,1,
7290110115234,false,קוקה קולה דיאט זירו 1.5 ליטר פיקדון,החברה המרכזית להפצת משקאות בעמ,,,"י""ח",1.50,ליטר,false,1,7.10,4.53,false,1,
7290110115265,false,ספרייט לימון ליים 1.5 ליטר-,החברה המרכזית להפצת משקאות בעמ,,,"י""ח",1.50,ליטר,false,1,7.70,4.93,true,1,
7290110115272,false,ZERO ספרייט 1.5 ליטר פיקדון,החברה המרכזית להפצת משקאות בעמ,,,"י""ח",1.50,ליטר,false,1,7.70,4.93,true,1,
7290110115289,false,ספרייט 19 קל' לימון-נענע 1.5 ליטר פיקדון,החברה המרכזית להפצת משקאות בעמ,,,"י""ח",1.50,ליטר,false,1,7.70,4.93,true,1,
7290110115296,false,גזוז בטעם תפוז פאנטה 1.5 ליטר פיקדון,החברה המרכזית להפצת משקאות בעמ,,,"י""ח",1.50,ליטר,false,1,7.30,4.67,true,1,
7290110115319,false,פאנטה אקזוטי פירות טרופיים 1.5ל פיקדון,החברה המרכזית להפצת משקאות בעמ,,,"י""ח",1.50,ליטר,false,1,7.30,4.67,true,1,
7290110115333,false,גזוז בטעם תות פאנטה 1.5 ליטר פיקדון,החברה המרכזית להפצת משקאות בעמ,,,"י""ח",1.50,ליטר,false,1,7.30,4.67,true,1,
7290110115357,false,קינלי סודה 1.5 ליטר פיקדון,החברה המרכזית להפצת משקאות בעמ,,,"י""ח",1.50,ליטר,false,1,2.90,1.73,false,1,
7290110115364,false,קוקה קולה שישיות 1.5 ליטר פיקדון,החברה המרכזית להפצת משקאות בעמ,,,"י""ח",9,ליטר,false,1,42.60,4.57,false,1,
7290110115395,false,ספרייט זירו שישיות 1.5 ליטר פיקדון,החברה המרכזית להפצת משקאות בעמ,,,"י""ח",9,ליטר,false,1,40.10,4.29,false,1,
7290110115401,false,קינלי סודה שישייה 1.5 ליטר פיקדון,החברה המרכזית להפצת משקאות בעמ,,,"י""ח",9,ליטר,false,1,14.40,1.43,true,1,
7290110115418,false,קוקה קולה זירו 1.5 ליטר מארז שישייה,החברה המרכזית להפצת משקאות בעמ,,,"י""ח",9,ליטר,false,1,40.90,4.38,false,1,
7290110115449,false,פיוז-טי תה מנגו אננס 1.5 ליטר פיקדון,החברה המרכזית להפצת משקאות בעמ,,,"י""ח",1.50,ליטר,false,1,8.20,5.27,true,1,
7290110115456,false,פיוז-טי תה אפרסק 1.5 ליטר 19 קל פיקדון,החברה המרכזית להפצת משקאות בעמ,,,"י""ח",1.50,ליטר,false,1,8.20,5.27,true,1,
7290110115463,false,פיוז-טי תה אפרסק 1.5 ליטר פיקדון,החברה המרכזית להפצת משקאות בעמ,,,"י""ח",1.50,ליטר,false,1,8.20,5.27,true,1,
7290110115494,false,תה קר בטעם ענבים פיוז טי 1.5 ליטר,החברה המרכזית להפצת משקאות בעמ,,,"י""ח",1.50,ליטר,false,1,8.20,5.27,true,1,
7290110115586,false,פריגת תפוזים 40% פחות סוכר 1.5 ליטר פיקדון,החברה המרכזית להפצת משקאות בעמ,,,"י""ח",1.50,ליטר,false,1,7.70,4.93,false,1,
7290110115593,false,פריגת אשכוליות 40% פחות סוכר 1.5 ליטר פיקדון,החברה המרכזית להפצת משקאות בעמ,,,"י""ח",1.50,ליטר,false,1,7.70,4.93,false,1,
7290110115616,false,פיוז-טי תה גרין אננס זירו 1.5 ליטר פיקדו,החברה המרכזית להפצת משקאות בעמ,,,"י""ח",1.50,ליטר,false,1,8.20,5.27,true,1,
7290110115623,false,פיוז-טי תה אפרסק זירו 1.5 ליטר פיקדון,החברה המרכזית להפצת משקאות בעמ,,,"י""ח",1.50,ליטר,false,1,7.70,4.93,true,1,
7290110115913,false,"משקה ספורט איזוטוני זירו בטעם אננס 500 מ""ל פאוורייד",החברה המרכזית להפצת משקאות בעמ,,,"י""ח",500,"ל מ""ל",false,1,8.50,1.64,true,1,
7290110116064,false,פאנטה זירו בטעם פירות ירוק 1.5 ל פיקדון,החברה המרכזית להפצת משקאות בעמ,,,"י""ח",1.50,ליטר,false,1,7.30,4.67,true,1,
7290110116125,false,"סירופ פריגת בטעם פטל 750 מ""ל פיקדון",החברה המרכזית להפצת משקאות בעמ,,,"י""ח",750,"ל מ""ל",false,1,20.20,2.69,true,1,
7290110116132,false,"סירופ פריגת בטעם לימון 750 מ""ל פיקדון",החברה המרכזית להפצת משקאות בעמ,,,"י""ח",750,"ל מ""ל",false,1,20.20,2.69,true,1,
7290110116194,false,נביעות+ סדרת 0 קלוריות לימון-ליים 1.5 ליטר,החברה המרכזית להפצת משקאות בעמ,,,"י""ח",1.50,ליטר,false,1,8.20,5.27,false,1,
7290110116217,false,נביעות+ סדרת 0 קלוריות אשכוליות 1.5 ליטר,החברה המרכזית להפצת משקאות בעמ,,,"י""ח",1.50,ליטר,false,1,8.20,5.27,false,1,
7290110116385,false,"פחיות סטפאני מרשמלו אבטיח תות זירו 330 מ""ל",החברה המרכזית להפצת משקאות בעמ,,,"י""ח",330,"ל מ""ל",false,1,3.90,1.09,true,1,
7290110116507,false,פריגת סחוט מיקס אננס בננה אגס 1ליטר,*החברה המרכזית להפצת משקאותבעמ,,,"י""ח",1,ליטר,false,1,15.30,15.30,false,1,
7290110116552,false,ספרייט לימון היט 1.5 ליטר LIME פיקדון,החברה המרכזית להפצת משקאות בעמ,,,"י""ח",1.50,ליטר,false,1,7.70,4.93,true,1,
7290110116569,false,ספרייט זירו 1.5 ליטר LEMON HIT פיקדון,החברה המרכזית להפצת משקאות בעמ,,,"י""ח",1.50,ליטר,false,1,7.70,4.93,true,1,
7290110320591,false,גבינה בולגרית במרקם מעודן 16% פיראוס,"תנובה בע""מ ***",,,"י""ח",250,ל גרם,false,1,23.90,9.56,false,1,
7290110320850,false,פתיתים גבינה חצי קשה מגורדת 28% שומן,תנובה מרכז שיתופי לש,,,"י""ח",200,ל גרם,false,1,15.80,7.90,false,1,
7290110320867,false,פתיתים גבינה חצי קשה מגורדת 28% שומן,תנובה מרכז שיתופי לש,,,"י""ח",500,ל גרם,false,1,32.40,6.48,true,1,
7290110321031,false,מעדן חלב GO יוגורט מועשר בחלבון טבעי 200 ג' יופלה,"תנובה, מחלבת אלון תב",,,"י""ח",200,ל גרם,false,1,5,2.50,true,1,
7290110321284,false,קוטג' בקטנה 9% תנובה 100 גרם מהדרין,פארייפאבה אגרואינדוס,,,"י""ח",100,ל גרם,false,1,2.90,2.90,false,1,
7290110322014,false,טופו בטעם טבעי תנובה ALTERNATIVE,שוורצקוף& הנקל דיסלד,,,"י""ח",300,ל גרם,false,1,12.70,4.23,true,1,
7290110323301,false,טל העמק בסגנון אמנטל 32% שומן 200 גרם,"תנובה בע""מ ***",,,"י""ח",0.80,ליטר,false,1,16.50,20.63,false,1,
7290110323714,false,משקה קוקוס שקדים תנובה E אלטרנטיב,מיוצר עי קונדיטוריית,,,"י""ח",1,ליטר,false,1,13.90,13.90,true,1,
7290110324551,false,יופלה טיוב יוגורט במרקם חלק תות כשרות מהדרין,"תנובה בע""מ ***",,,"י""ח",348,"ל מ""ל",false,1,12.90,3.71,false,1,
7290110324872,false,גבינה צהובה גלבוע (5% 200 גר`)תנובה,גלבוע - תנובה,,,"י""ח",200,ל גרם,false,1,18.70,9.35,false,1,
7290110324926,false,משקה סויה ללא תוספת סוכר E אלטרנטיב,תנובה מרכז שיתופי לש,,,"י""ח",1,ליטר,false,1,11.90,11.90,true,1,
7290110325169,false,פרוסות גאודה 170 גר` קולקשיין תנובה,תנובה בעמ ***,,,"י""ח",170,ל גרם,false,1,17,10,false,1,
7290110325510,false,יופלה טיוב יוגורט במרקם חלק בטעם וניל-יוניקור,"תנובה בע""מ ***",,,"י""ח",348,"ל מ""ל",false,1,12.90,3.71,false,1,
7290110325619,false,משקה שיבולת שועל תנובה E אלטרנטיב,מיוצר עי קונדיטוריית,,,"י""ח",1,ליטר,false,1,13.90,13.90,true,1,
7290110325893,false,משקה חלב GO מועשר בחלבון בטעם אייס קפה,מיוצר עי קונדיטוריית,,,"י""ח",340,"ל מ""ל",false,1,8.40,2.47,false,1,
7290110326210,false,יופלה און טופ פצפוצים תנובה 157 גרם,מיוצר עי קונדיטוריית,,,"י""ח",150,"ל מ""ל",false,1,5.40,3.60,true,1,
7290110326333,false,פרוסות גבינה סקנדינבית 170 גר`קולקשיין,"תנובה בע""מ ***",,,"י""ח",175,ל גרם,false,1,18.80,10.74,false,1,
7290110328627,false,יוגורט יופלה GO במרקם סמיך בטעם בננה קרמל 0%,מיוצר עי קונדיטוריית,,,"י""ח",200,"ל מ""ל",false,1,5,2.50,true,1,
7290110328771,false,יוגורט יופלה GO במרקם סמיך עם פירות יער 0%,מיוצר עי קונדיטוריית,,,"י""ח",200,"ל מ""ל",false,1,5,2.50,true,1,
7290110328955,false,קוביות גבינת עזים בשמן מתובל פיראוס 350 גרם,דודוני תעשיית החלב החקלא,,,"י""ח",350,ל גרם,false,1,20.40,5.83,false,1,
7290110329143,false,מעדן חלב מעושר בחלבון בטעם וניל גביע 120 ג' GO,תנובה מרכז שיתופי לש,,,"י""ח",120,"ל מ""ל",false,1,4.90,4.08,false,1,
7290110329686,false,משקה GO חלב בטעם עוגיות 27 גר`חלבון,מיוצר עי קונדיטוריית,,,"י""ח",340,"ל מ""ל",false,1,6.40,1.88,false,1,
7290110329808,false,יוגורט סויה BIO Alternative תות 150 ג' תנובה,מיוצר עי קונדיטוריית,,,"י""ח",150,"ל מ""ל",false,1,4.80,3.20,false,1,
7290110329822,false,יוגורט סויה BIO Alternative פירות יער 150 ג' תנובה,מיוצר עי קונדיטוריית,,,"י""ח",150,"ל מ""ל",false,1,4.80,3.20,false,1,
7290110550363,false,"פריכיות משולשות תירס, אורז שיבולת שועל, קינואה",אנרג'י Energy - שטראוס,,,"י""ח",65,ל גרם,false,1,8.10,12.46,true,1,
7290110550370,false,פריכיות משולשות קינואה ופלפל שחור 65 גרם,"שטראוס גרופ בע""מ",,,"י""ח",65,ל גרם,false,1,8.10,12.46,true,1,
7290110552220,false,יוגורט PRO בטעם תות 0% סוכר לבן 20 גרם חלבון בגביע,שטראוס גרופ בעמ/מצונן,,,"י""ח",20,"ל מ""ל",false,1,5,25,true,1,
7290110552237,false,יוגורט פרו בטעם אפרסק מנגו ללא סוכר 200 ג' דנונה,שטראוס גרופ בעמ/מצונן,,,"י""ח",20,"ל מ""ל",false,1,5,25,true,1,
7290110553029,false,"אנרג'י קריספס-פריכיות חומוס, עדשים ואפונה עם קייל וסלק","פרח תעשיו מזון בע""מ",,,"י""ח",65,ל גרם,false,1,8.10,12.46,true,1,
7290110553180,false,אנרגי פריכיות אורז בטעם תפוח קינמון 50 ג,שטראוס גרופ בע`מ,,,"י""ח",40,ל גרם,false,1,5.90,14.75,true,1,
7290110553425,false,קפה נמס 200 גרם +20% תוספת עלית,שטראוס קפה בי.וי,,,"י""ח",200,"ל מ""ל",false,1,17,8.50,true,1,
7290110553432,false,תבשיל אורז מלא וירקות קלויים דלישס,קפוא זן תעשיות מזון בעמ,,,"י""ח",300,ל גרם,false,1,23,7.67,true,1,
7290110553623,false,צ'יטוס קראנצ'י בטעם צ'דר חלפיניו - חלבי,"שטראוס פריטו ליי בע""\מ )",,,"י""ח",80,ל גרם,false,1,3.60,4.50,true,1,
7290110554101,false,"סירופ מייפל בפאוץ' יד מרדכי 125 מ""ל",שטראוס גרופ בע`מ,,,"י""ח",125,"ל מ""ל",false,1,15.30,12.24,true,1,
7290110554125,false,דלישס נודלס בסגנון סצ`ואן חריף 350 גרם,קפוא-זן תעשיות מזון בעמ - תפוג,,,"י""ח",300,ל גרם,false,1,23,7.67,true,1,
7290110554507,false,עלית - קפה טורקי תימני 100 גרם,שטראוס קפה בי.וי.,,,"י""ח",100,ל גרם,false,1,8.50,8.50,true,1,
7290110554514,false,קפה טורקי איתיופי שקית 100 גרם,שטראוס קפה בי.וי.,,,"י""ח",100,ל גרם,false,1,8.50,8.50,true,1,
7290110554705,false,קפסולות נספרסו לקפה יוניקו סדרת בתי הקלייה 10יח,שטראוס קפה בי.וי.,,,"י""ח",50,ל גרם,false,1,17,34,true,1,
7290110554729,false,קפסולות עלית אספרסו 04 תואמות למכונות NESPRESSO,שטראוס קפה בי.וי.,,,"י""ח",50,ל גרם,false,1,19.90,39.80,true,1,
7290110555603,false,ספלנדיד אבקה להכנת משקה בטעם שוקולטה,"שטראוס גרופ בע""מ",,,"י""ח",220,ל גרם,false,1,21.30,9.68,true,1,
7290110556242,false,"שוקולד מריר פרווה 100 גר' בד""ץ תוצרת חוץ","שטראוס גרופ בע""מ.",,,"י""ח",100,ל גרם,false,1,5.90,5.90,true,1,
7290110557027,false,חומוס עשיר 50% טחינה גולמית 400 ג' אחלה,שטראוס גרופ בעמ/מצונן,,,"י""ח",400,ל גרם,false,1,11,2.75,true,1,
7290110557102,false,מעדן חלב עם שוקולד מועשר בחלבון 150 ג' שטראוס,שטראוס גרופ בעמ/מצונן,,,"י""ח",130,ל גרם,false,1,4.30,3.31,true,1,
7290110557133,false,מעדן הגולן וניל 125 ג' שטראוס,שטראוס גרופ בעמ/מצונן,,,"י""ח",125,ל גרם,false,1,2.50,2,true,1,
7290110557478,false,חומוס גלילי במרקם מעודן 600 גרם,שטראוס גרופ בעמ/מצונן,,,"י""ח",600,ל גרם,false,1,10.20,1.70,true,1,
7290110558130,false,יוגורט אקטיביה עם שיבולת שועל ודבש 150 גרם,שטראוס גרופ בעמ/מצונן,,,"י""ח",150,"ל מ""ל",false,1,3.90,2.60,true,1,
7290110558222,false,"וואו יוגורט עם שכבה בטעם בנופי פאי 5.4%, 150ג דנונה",שטראוס גרופ בעמ/מצונן,,,"י""ח",150,"ל מ""ל",false,1,3.90,2.60,true,1,
7290110558253,false,דנונה שייק נונה ריפרש בננה אננס וצ'יה,שטראוס גרופ בעמ/מצונן,,,"י""ח",250,"ל מ""ל",false,1,4.70,1.88,true,1,
7290110558284,false,דנונה ביו מולטי שטראוס 200 גרם,שטראוס גרופ בעמ/מצונן,,,"י""ח",200,"ל מ""ל",false,1,3.60,1.80,true,1,
7290110558307,false,יוגורט דנונה PRO עם שיבולת שועל במתיקות מעודנת,שטראוס גרופ בעמ/מצונן,,,"י""ח",200,"ל מ""ל",false,1,5.40,2.70,true,1,
7290110558314,false,דנונה פרו 20 גרם חלבון ללא סוכר פיסטוק 200 גרם,שטראוס גרופ בעמ/מצונן,,,"י""ח",20,"ל מ""ל",false,1,5,25,true,1,
7290110558338,false,דנונה פרו 25 ג' חלבון 200 ג' שטראוס,שטראוס גרופ בעמ/מצונן,,,"י""ח",200,"ל מ""ל",false,1,5.40,2.70,true,1,
7290110558666,false,מעדן גבינה בטעם תפוח 88 ג' דניאלה,שטראוס גרופ בעמ/מצונן,,,"י""ח",150,"ל מ""ל",false,1,3.30,2.20,true,1,
7290110559007,false,"שועועית חומה טעם הטבע קופסה, 380 גרם",שטראוס גרופ בע`מ,,,"י""ח",380,ל גרם,false,1,5.90,1.55,true,1,
7290110559014,false,שעועית שחורה מבושלת טעם הטבע 380 גרם,שטראוס גרופ בע`מ,,,"י""ח",380,ל גרם,false,1,5.90,1.55,true,1,
7290110560300,false,"הפריכיות הטעימות חומוס, עדשים שחורות, קינואה ופלפל שחור",אנרג'י Energy - שטראוס,,,"י""ח",30,ל גרם,false,1,4.30,14.33,true,1,
7290110560317,false,"הפריכיות הטעימות חומוס, עדשים שחורות, קינואה ומלח ים","פרח תעשיו מזון בע""מ",,,"י""ח",30,ל גרם,false,1,4.30,14.33,true,1,
7290110560324,false,"הפריכיות הטעימות תפו""א, אורז, אפונה ומלח ים","פרח תעשיו מזון בע""מ",,,"י""ח",30,ל גרם,false,1,4.30,14.33,true,1,
7290110561352,false,דנונה יוגורט ביו פרוביוטי 3% דל לקטוז 150ג',שטראוס גרופ בעמ/מצונן,,,"י""ח",200,"ל מ""ל",false,1,3,1.50,true,1,
7290110561604,false,מארז 8 יחידות מעדן גמדים בטעם תות בננה,שטראוס גרופ בעמ/מצונן,,,"י""ח",800,ל גרם,false,1,15.30,1.91,true,1,
7290110563431,false,"משקה קפה קר בסגנון קלאסי 230 מ""ל 1.6% יוטבתה",שטראוס גרופ בעמ/מצונן,,,"י""ח",230,"ל מ""ל",false,1,6.80,2.96,true,1,
7290110563448,false,"משקה קפה קר בסגנון מעודן 230 מ""ל 1.6% יוטבתה",שטראוס גרופ בעמ/מצונן,,,"י""ח",230,"ל מ""ל",false,1,6.80,2.96,true,1,
7290110563462,false,חלב 2% דל לקטוז בבקבוק יטבתה 1 ליטר.,שטראוס גרופ בעמ/מצונן,,,"י""ח",1,ליטר,false,1,7.60,7.60,true,1,
7290110564339,false,חומוס אחלה הסידרה המובחר 30% טחינה 400 גר',שטראוס גרופ בעמ/מצונן,,,"י""ח",400,ל גרם,false,1,11,2.75,true,1,
7290110564414,false,חומוס אחלה הסידרה המובחר 30% טחינה 600 גר',שטראוס גרופ בעמ/מצונן,,,"י""ח",600,ל גרם,false,1,12.70,2.12,true,1,
7290110564742,false,"משקה קפה קר בסגנון חזק 230 מ""ל 1.2% יוטבתה",שטראוס גרופ בעמ/מצונן,,,"י""ח",230,"ל מ""ל",false,1,6.80,2.96,true,1,
7290110565435,false,מעדן ג`לי בטעם פטל חלבי שטראוס (125 גרם,שטראוס גרופ בעמ/מצונן,,,"י""ח",125,ל גרם,false,1,1.80,1.44,true,1,
7290110565527,false,יוגורט PRO פרו 1.5% 20 גרם חלבון בגביע,שטראוס גרופ בעמ/מצונן,,,"י""ח",20,"ל מ""ל",false,1,5,25,true,1,
7290110565572,false,מארז קפה טורקי עלית לדרך עם הל 168 גרם,שטראוס קפה בי.וי.,,,"י""ח",168,ל גרם,false,1,16.20,9.64,true,1,
7290110566975,false,דנונה פרו יוגורט 0% תות עשיר בחלבון 200ג',שטראוס גרופ בעמ/מצונן,,,"י""ח",20,"ל מ""ל",false,1,5,25,true,1,
7290110567057,false,צנצנת מסטיק מאסט קוביות מנטה חזקה 66 ג' עלית,אסקום קונפקשיין,,,"י""ח",66,ל גרם,false,1,8.50,12.88,true,1,
7290110568238,false,"קצפת צמחית 21% שומן 250 מ""ל יוטבתה",שטראוס גרופ בעמ/מצונן,,,"י""ח",250,"ל מ""ל",false,1,6.80,2.72,true,1,
7290110570880,false,פולי אספרסו עשירים וארומטיים עוצמה 14 עלית 250 גרם,"שטראוס גרופ בע""מ",,,"י""ח",250,ל גרם,false,1,18.70,7.48,true,1,
7290110571382,false,מעדן חלב בטעם וניל מעושר בחלבון 150 ג' שטראוס,שטראוס גרופ בעמ/מצונן,,,"י""ח",130,ל גרם,false,1,4.30,3.31,true,1,
7290110571412,false,מיני פינוקיות - פאדג' שוקולד בגביע 180 גרם,"שטראוס גרופ בע""מ",,,"י""ח",200,ל גרם,false,1,9.30,4.65,true,1,
7290110571535,false,מארז קפה טורקי הל עלית 300 גרם,שטראוס קפה בי.וי.,,,"י""ח",300,ל גרם,false,1,23,7.67,true,1,
7290110572129,false,כיף כף מקלות שוקולד לבן 40 ג' עלית,סולן בעבור שטראוס,,,"י""ח",40,ל גרם,false,1,4.10,10.25,true,1,
7290110572884,false,"קפסולות קפה מספר 20 למכונת אספרס אספרסו, 50 גרם",שטראוס קפה בי.וי.,,,"י""ח",50,ל גרם,false,1,19.90,39.80,true,1,
7290110575274,false,"שמן זית יד מרדכי כתית 750 מ""ל שמיטה","שטראוס גרופ בע""מ",,,"י""ח",750,"ל מ""ל",false,1,28.40,3.79,true,1,
7290110576318,false,מאגדת שלישיית שוקולד אגוז לבן 300 ג' עלית,"שטראוס גרופ בע""מ",,,"י""ח",112,ל גרם,false,1,22.10,19.73,true,1,
7290110576363,false,"שוקולד ספלנדיד מריר 80% חלבי ,פולי קקאו מאוגנדה",שטראוס גרופ בע`מ,,,"י""ח",105,ל גרם,false,1,7.60,7.24,true,1,
7290110576387,false,מאגדת שלישיית שוקולד אגוז חלב 300 ג' עלית,שטראוס גרופ בע`מ,,,"י""ח",112,ל גרם,false,1,22.10,19.73,true,1,
7290110576790,false,סקי בטעם מוקה 3% (125 גר`) דנונה,שטראוס גרופ בעמ/מצונן,,,"י""ח",125,ל גרם,false,1,3.30,2.64,true,1,
7290111093470,false,"קוויק מסיר הפלא ספוגית להסרת כתמים, 3 יחידות",שקד תבל בע`מ,,,"י""ח",3,"י""ח",false,1,9.30,3.10,true,1,
7290111093685,false,קוויק מגבונים לניקוי כללי בריח לימון*3,שקד תבל בעמ,,,"י""ח",3,"י""ח",false,1,17,5.67,true,1,
7290111094361,false,קוויק שקיות אשפה XL עם ידית 20 יח' במארז,שקד תבל בעמ,,,"י""ח",1,"י""ח",false,1,11.90,11.90,true,1,
7290111340185,false,מטליות לחות רצפה ניחוח מרכך כביסה ניקול 10 יחידות,קימברלי קלארק ישראל שיווק בעמ,,,"י""ח",100,ל גרם,false,1,10.20,10.20,false,1,
7290111340420,false,דיפנד תחתון סופג M נשים 10 יח,קימברלי קלארק ישראל שיווק בעמ,,,"י""ח",100,ל גרם,false,1,46.90,46.90,false,1,
7290111341366,false,מפיות אירוח איכותיות ונעימות למגע ניקול,קימברלי קלארק ישראל שיווק בעמ,,,"י""ח",1,"י""ח",false,1,7.60,7.60,false,1,
7290111341373,false,נייר טואלט לילי פסטל 30 יחידות,קימברלי קלארק ישראל שיווק בעמ,,,"י""ח",30,"י""ח",false,1,29,0.97,false,1,
7290111342073,false,מטליות מקרופייבר למשטחים אנטיבקטריאלי ניקול,קימברלי קלארק ישראל שיווק בעמ,,,"י""ח",100,ל גרם,false,1,14.40,14.40,false,1,
7290111342523,false,מפיות אירוח לשימוש יומיומי ניקול 100 יח,קימברלי קלארק ישראל שיווק בעמ,,,"י""ח",100,"י""ח",false,1,6.80,0.07,false,1,
7290111343117,false,קלינקס ממחטות לושן סופט פק זוגות 140דף,קימברלי קלארק ישראל שיווק בעמ,,,"י""ח",140,"י""ח",false,1,13.60,0.10,false,1,
7290111344206,false,האגיס נטורל קר מגבונים לחים בבישום עדין רביעייה,קימברלי קלארק ישראל שיווק בעמ,,,"י""ח",4,"י""ח",false,1,17,4.25,true,1,
7290111344701,false,ניקול שקיות אוכל סנדויצון מניונים 250 יחידות,קימברלי קלארק ישראל שיווק בעמ,,,"י""ח",250,"י""ח",false,1,11,0.04,false,1,
7290111344732,false,קלינקס - טיישו אלרג'י קומפורט ניילון זוגות 140 דף,קימברלי קלארק ישראל שיווק בעמ,,,"י""ח",1,,false,1,12.70,12.70,false,1,
7290111344855,false,קוטקס - מגיני יום אקסטרא פרוטקט לארג' ביג 52 יח',קימברלי קלארק ישראל שיווק בעמ,,,"י""ח",1,"י""ח",false,1,19.60,19.60,true,1,
7290111344916,false,ניקול שישיית כריות יפניות אנטיבקטריאליות,קימברלי קלארק ישראל שיווק בעמ,,,"י""ח",1,"י""ח",false,1,11.90,11.90,false,1,
7290111344930,false,מטליות לחות לרצפה בניחוח כביסה ארומתרפיה ניקול 10 יח',קימברלי קלארק ישראל שיווק בעמ,,,"י""ח",10,"י""ח",false,1,8.50,0.85,false,1,
7290111345814,false,נייר טואלט לילי נטורל קר 30 גלילים מהדורה,קימברלי קלארק ישראל שיווק בעמ,,,"י""ח",552,מטר,false,1,29,0.05,false,1,
7290111346347,false,מגבוני אף אוריגינל סופט חמישיה קלינקס,קימברלי קלארק ישראל שיווק בעמ,,,"י""ח",5,"י""ח",false,1,13.60,2.72,true,1,
7290111346538,false,"האגיס פרידום דריי שלב 5+ משקל 14-20ק""ג",קימברלי קלארק ישראל שיווק בעמ,,,"י""ח",38,"י""ח",false,1,39.20,1.03,true,1,
7290111350030,false,רסק תפוחי עץ טבעי בצנצנת 670 גרם קלית גת,ליימן שליסל בעמ,,,"י""ח",5.60,,false,1,9.30,1.66,false,1,
7290111350665,false,קליית גת דבש לחיץ טהור מפרחי בר 350 גרם,חקלאות עין חרוד מאוח,,,"י""ח",350,"ל מ""ל",false,1,19.60,5.60,false,1,
7290111350672,false,"דבש טהור מפרחי בר ""קליית גת"" 700 גרם",חקלאות עין חרוד מאוח,,,"י""ח",700,"ל מ""ל",false,1,28.10,4.01,false,1,
7290111350726,false,חטיף נאצוס הוטפופ בסגנון מקסיקני 322 גר,ליימן שליסל בע`מ,,,"י""ח",323,ל גרם,false,1,13.60,4.21,true,1,
7290111353062,false,סוכריות גומי דובונים 800 גרם יוגטה,טופגם תעשיות ממתקים,,,"י""ח",800,ל גרם,false,1,17,2.13,true,1,
7290111353383,false,שקית סוכריות מנטוס בטעם תות 100 יח',פרפטי ואן מלה ברדה,,,"י""ח",178,ל גרם,false,1,12,6.74,true,1,
7290111353482,false,מקלות חמוצים ממולאות בטעמי פירות יוגטה 200 גרם,ליימן שליסל בע`מ,,,"י""ח",200,ל גרם,false,1,6.80,3.40,true,1,
7290111354519,false,רמקול בלוטוס לואקר,ליימן שליסל,,,"י""ח",1,,false,1,17,17,false,1,
7290111565038,false,"לה קרמריה וניל קוקילידה בד""צ 1.4 ל'",נגה גלידות שותפות מוגבלת,,,"י""ח",1.40,ליטר,false,1,19.90,14.21,false,1,
7290111565502,false,ארטיק אוראו וניל ועוגיות סנדוויץ נסטלה 80 ג',נגה גלידות שותפות מוגבלת,,,"י""ח",80,ל גרם,false,1,10,12.50,true,1,
7290111566240,false,שניצל דק מן הצומח בטעם צ'ילי חריף 700 גרם,קבוצת אוסם סחר שותפות מוגבלת,,,"י""ח",564,ל גרם,false,1,38.90,6.90,true,1,
7290111566318,false,שניצל דק מן הצומח בטעם ביתי 700 גרם,קבוצת אוסם סחר שותפות מוגבלת,,,"י""ח",564,ל גרם,false,1,38.90,6.90,true,1,
7290111566547,false,טבעול חזה בגריל צמחוני 99 קלוריות 560ג',קבוצת אוסם סחר-שות.מוגבלת,,,"י""ח",560,ל גרם,false,1,38.90,6.95,true,1,
7290111566561,false,"שניצל ברוקולי 99 קלוריות 560 גר' ""טבעול""",קבוצת אוסם סחר שותפות מוגבלת,,,"י""ח",560,ל גרם,false,1,38.90,6.95,true,1,
7290111566585,false,"שניצל צמחוני 99 קלוריות 650 גר' ""טבעול""",קבוצת אוסם סחר שותפות מוגבלת,,,"י""ח",650,ל גרם,false,1,38.90,5.98,true,1,
7290111568275,false,אטריות נודלס אורז רחבות אסם אסייתי 300גרם,קבוצת אוסם סחר שותפות מוגבלת,,,"י""ח",300,ל גרם,false,1,12.90,4.30,false,1,
7290111930102,false,קוקי דפי קוקי לתבנית 25 יחידות,ש.שסטוביץ בעמ,,,"י""ח",1,,false,1,11.90,11.90,true,1,
7290111930799,false,חטיף בטעם בצל קראנצ',ש. שסטוביץ בע`מ,,,"י""ח",55,ל גרם,false,1,2.50,4.55,true,1,
7290111930898,false,חטיף פוף כוכבים גריל אמריקאי 40 גרם,ש. שסטוביץ בע`מ,,,"י""ח",40,ל גרם,false,1,3.30,8.25,true,1,
7290111930904,false,חטיף פוף כוכבים בצל 40 גרם,ש. שסטוביץ בע`מ,,,"י""ח",40,ל גרם,false,1,3.30,8.25,true,1,
7290111930911,false,חטיף פוף לבבות קלאסי 40 גרם,ש. שסטוביץ בע`מ,,,"י""ח",40,ל גרם,false,1,3.30,8.25,true,1,
7290111930928,false,חטיף פוף לבבות גריל 40 גרם,ש. שסטוביץ בע`מ,,,"י""ח",40,ל גרם,false,1,3.30,8.25,true,1,
7290111932380,false,"מרידול משחת שיניים מארז 75X2מ""ל כשל""פ",ש.שסטוביץ בעמ,,,"י""ח",1.50,ליטר,false,1,25.60,17.07,false,1,
7290111933462,false,"רוטב צ'ילי מתוק מאסטר שף 300 מ""ל",ש. שסטוביץ בע`מ,,,"י""ח",300,ל גרם,false,1,6.80,2.27,false,1,
7290111933554,false,שלישייה עגבניות קוביות מאסטר שף 400 גרם,קונסוריזיו קאסאלסקו,,,"י""ח",1.20,"ק""ג",false,1,13.60,11.33,false,1,
7290111933561,false,מאסטר שף תערובת ציפוי נגטס 250 גרם,טסט וסנט קו.לטד,,,"י""ח",250,ל גרם,false,1,6.80,2.72,false,1,
7290111933998,false,קוקי תבנית אינגליקייק עם נייר אפיה 4יח,ש.שסטוביץ בעמ,,,"י""ח",1,,false,1,10.10,10.10,true,1,
7290111938481,false,"מאזטר שף רוטב סויה בהירה 300 מ""ל",ש. שסטוביץ בע`מ,,,"י""ח",300,"ל מ""ל",false,1,8.50,2.83,false,1,
7290111939181,false,קוקי כיסוי ניילון עם גומי מיקס מידות,ש.שסטוביץ בעמ,,,"י""ח",1,,false,1,8.50,8.50,true,1,
7290112000057,false,וולייט גל גולד 3 ליטר לשמירה על הבגד,רקיט בנקיזר (ניר איסט) בעמ,,,"י""ח",1,"י""ח",false,1,17,17,false,1,
7290112001023,false,"אירוויק ספרי אוטמטי מילוי תענוגות האביב 250 מ""ל",רקיט בנקיזר (ניר איסט) בעמ,,,"י""ח",1,,false,1,13.60,13.60,true,1,
7290112001030,false,"אירוויק ספרי אוטמטי מילוי פריחת הדובדבן 250 מ""ל",רקיט בנקיזר (ניר איסט) בעמ,,,"י""ח",1,,false,1,13.60,13.60,true,1,
7290112001436,false,"פיניש מנקה מדיח כלים בניחוח לימון 250 מ""ל",רקיט בנקיזר (ניר איסט) בעמ,,,"י""ח",2,ליטר,false,1,12.70,6.35,true,1,
7290112001900,false,פיניש ג'ל למדיח אקולוגי 1 ליטר,רקיט בנקיזר (ניר איסט) בעמ,,,"י""ח",1,,false,1,36.70,36.70,false,1,
7290112002044,false,טבליות פיניש מנקה מדיח 3 יח,רקיט בנקיזר (ניר איסט) בעמ,,,"י""ח",1,,false,1,12.70,12.70,false,1,
7290112002105,false,קולון גל כביסה מרוכז 2.5 ליטר ניחוח לילך,רקיט בנקיזר (ניר איסט) בעמ,,,"י""ח",2.50,ליטר,false,1,21.30,8.52,true,1,
7290112002129,false,ג'ל כביסה מרוכז קולון 101 בניחוח פריחה מרענן,רקיט בנקיזר (ניר איסט) בעמ,,,"י""ח",2.50,ליטר,false,1,21.30,8.52,true,1,
7290112002136,false,ג'ל כביסה מרוכז קולון 101 קלאסי,רקיט בנקיזר (ניר איסט) בעמ,,,"י""ח",4,ליטר,false,1,29.80,7.45,false,1,
7290112002143,false,ג'ל כביסה מרוכז קולון 101 בניחוח לילך,רקיט בנקיזר (ניר איסט) בעמ,,,"י""ח",4,ליטר,false,1,29.80,7.45,false,1,
7290112003959,false,וניש מסיר כתמים אבקה לכביסה צבעונית 470 גרם,רקיט בנקיזר (ניר איסט) בעמ,,,"י""ח",470,ל גרם,false,1,17,3.62,false,1,
7290112003966,false,"אבקה להסרת כתמים לכביסה לבנה ""וניש גולד""",רקיט בנקיזר (ניר איסט) בעמ,,,"י""ח",470,ל גרם,false,1,17,3.62,false,1,
7290112004413,false,"ספריי וניש קליה להסרת כתמים לבגדים לבנים 750 מ""ל",רקיט בנקיזר (ניר איסט) בעמ,,,"י""ח",750,"ל מ""ל",false,1,14.40,1.92,true,1,
7290112004772,false,אירוויק מילוי מבשם חשמלי כביסה באוויר,רקיט בנקיזר (ניר איסט) בעמ,,,"י""ח",1,,false,1,14.40,14.40,true,1,
7290112005045,false,וניש מסיר כתמים אבקה לכביסה לבנה 480 גרם,רקיט בנקיזר (ניר איסט) בעמ,,,"י""ח",480,ל גרם,false,1,14.40,3,true,1,
7290112005083,false,וניש תוסף כביסה רב תכליתי לכביסה צבעונית,רקיט בנקיזר (ניר איסט) בעמ,,,"י""ח",150,ל גרם,false,1,34.10,22.73,true,1,
7290112192882,false,"סנסודיין - משחת שיניים רגישות וחניכיים מלבינה 75 מ""ל",ג'י.אס.קיי קונסיומר,,,"י""ח",75,ל גרם,false,1,27.30,36.40,true,1,
7290112192943,false,"ספירה אנתוש אלוורה 50 מ""ל",גורי ע.ע.ע. בעמ,,,"י""ח",500,"ל מ""ל",false,1,16.20,3.24,false,1,
7290112330352,false,"יוגורט PRO בטעם וניל 0% , 20 גרם חלבון בגביע",שטראוס גרופ בעמ/מצונן,,,"י""ח",20,"ל מ""ל",false,1,5,25,true,1,
7290112330390,false,דנונה פרו פירות יער 20 גרם חלבון 0% שומן 200 גרם,שטראוס גרופ בעמ/מצונן,,,"י""ח",200,"ל מ""ל",false,1,5,2.50,true,1,
7290112330420,false,דנונה פרו לבן 2.9% שומן בודד 150גר,שטראוס גרופ בעמ/מצונן,,,"י""ח",150,ל גרם,false,1,3.90,2.60,true,1,
7290112332585,false,פריכיות משולש תפוא אורז בתיבול סלק ומלח ים אנרג'י 30 גרם,"פרח תעשיו מזון בע""מ",,,"י""ח",30,ל גרם,false,1,4.30,14.33,true,1,
7290112332875,false,מסטיק מאסט קוביות בטעם מנטה עדינה 86 ג' עלית,שטראוס גרופ בע`מ,,,"י""ח",80,ל גרם,false,1,11.90,14.88,true,1,
7290112332899,false,עלית - צנצנת בזוקה פופים קלאסי 58 גרם,שטראוס גרופ בע`מ,,,"י""ח",58,ל גרם,false,1,11.90,20.52,true,1,
7290112334749,false,קפה טורקי בצלופן עלית 200 גרם+ 10% תוספת,"שטראוס גרופ בע""מ",,,"י""ח",200,ל גרם,false,1,15.30,7.65,true,1,
7290112335111,false,מסטיק מאסט קוביות בזוקה ללא גלוטן 86 גר,אסקום קונפקשיין,,,"י""ח",80,ל גרם,false,1,11.90,14.88,true,1,
7290112336613,false,עד חצות עוגיות סנדוויץ במילוי שוקולד חלב,שטראוס גרופ בע`מ,,,"י""ח",135,ל גרם,false,1,13.90,10.30,true,1,
7290112336637,false,סוכריות מאסט Must ללא סוכר יוגורט תות ואוכניות,"שטראוס גרופ בע""מ",,,"י""ח",80,ל גרם,false,1,7.60,9.50,true,1,
7290112336651,false,סוכריות מאסט ללא סוכר ריבת חלב 80 ג' עלית,"שטראוס גרופ בע""מ",,,"י""ח",80,ל גרם,false,1,7.60,9.50,true,1,
7290112336712,false,יוגורט PRO לבן 0% 21 גרם חלבון בגביע,שטראוס גרופ בעמ/מצונן,,,"י""ח",20,"ל מ""ל",false,1,5,25,true,1,
7290112339171,false,מעדן מוס שוקולד 81 גר`מילקי,שטראוס גרופ בעמ/מצונן,,,"י""ח",81,ל גרם,false,1,2.90,3.58,true,1,
7290112339362,false,דנונה לייט אנד פריי בטעם קפוצ'ינו 150 גרם,שטראוס גרופ בעמ/מצונן,,,"י""ח",150,"ל מ""ל",false,1,3.90,2.60,true,1,
7290112339867,false,גמדים לדרך גבינה לבנה עם מחית תות,שטראוס גרופ בעמ/מצונן,,,"י""ח",100,ל גרם,false,1,5,5,true,1,
7290112339874,false,גמדים לדרך גבינה לבנה עם מחיות תות ובננה,שטראוס גרופ בעמ/מצונן,,,"י""ח",100,ל גרם,false,1,5,5,true,1,
7290112340122,false,הפריכיות הטעימות 3 דגנים אנרג'י 135 גרם,"פרח תעשיות מזון בע""\מ",,,"י""ח",135,ל גרם,false,1,11,8.15,true,1,
7290112340245,false,מסטיק מאסט צנצנת בטעם דובדבן 66 גר` מגדי,"שטראוס גרופ בע""\מ",,,"י""ח",66,ל גרם,false,1,9.90,15,true,1,
7290112341556,false,יוגורט אקטיביה עם צ'יה ותות 150 גרם,שטראוס גרופ בעמ/מצונן,,,"י""ח",150,ל גרם,false,1,3.90,2.60,true,1,
7290112342102,false,סימפוניה גבינה במרקם שמנת בצל מקורמל 5%,שטראוס גרופ בעמ/מצונן,,,"י""ח",200,ל גרם,false,1,9.30,4.65,true,1,
7290112343260,false,"יטבתה רוטב שמנת קלאסי 9% שומן 260 מ""ל",שטראוס גרופ בעמ/מצונן,,,"י""ח",260,ל גרם,false,1,9.30,3.58,true,1,
7290112343420,false,"משקה חלב עם דגנים מלאים ובננה פרו יטבתה 350מ""ל",שטראוס גרופ בעמ/מצונן,,,"י""ח",350,"ל מ""ל",false,1,6.40,1.83,true,1,
7290112343499,false,חטיף צ'יטוס פאפס אפוי בטעם גבינה,"שטראוס פריטו ליי בע""\מ )",,,"י""ח",60,ל גרם,false,1,3,5,true,1,
7290112343512,false,צ'יטוס puffs בטעם גבינה 180 גרם,"שטראוס פריטו ליי בע""\מ )",,,"י""ח",180,ל גרם,false,1,6.40,3.56,true,1,
7290112344724,false,מילקי בטעם שוקולד בלונדי עם קצפת 133גר,שטראוס גרופ בעמ/מצונן,,,"י""ח",133,ל גרם,false,1,2.90,2.18,true,1,
7290112344755,false,מילקי עם 26% פחות סוכר 135 גר}שטראוס{,שטראוס גרופ בעמ/מצונן,,,"י""ח",130,"ל מ""ל",false,1,2.50,1.92,true,1,
7290112344786,false,קפה פלטינום קלאסיק עלית 200 גרם,הנסיך- מפעל לייצור ט,,,"י""ח",200,ל גרם,false,1,21.30,10.65,true,1,
7290112346360,false,בפלות אחת אחת בציפוי שוקולד חלב עלית 180 גרם,הגביע מוצרי וופלים ב,,,"י""ח",180,ל גרם,false,1,11.90,6.61,true,1,
7290112346537,false,עוגיות פינוקיות בטעם טורטית 200 ג' עלית,"הגביע מוצרי ופלים בע""\מ",,,"י""ח",200,ל גרם,false,1,10.20,5.10,true,1,
7290112346629,false,דנונה בר יוגורט+קורנפלקס מצופה שוקולד חלב ולבן 172 גרם,שטראוס גרופ בעמ/מצונן,,,"י""ח",175,"ל מ""ל",false,1,3.80,2.17,true,1,
7290112346773,false,יוגורט בטעם וניל 0% לייט אנד פרי 10 גרם חלבון בגביע,שטראוס גרופ בעמ/מצונן,,,"י""ח",150,"ל מ""ל",false,1,3.90,2.60,true,1,
7290112346797,false,יוגורט אקטיביה שיבולת שועל ושזיף 150 גרם,שטראוס גרופ בעמ/מצונן,,,"י""ח",150,ל גרם,false,1,3.90,2.60,true,1,
7290112346827,false,אקטימל ויטמין c פטל שמינייה 864 גרם,שטראוס גרופ בעמ/מצונן,,,"י""ח",800,"ל מ""ל",false,1,17.30,2.16,true,1,
7290112347008,false,גמדים לדרך גבינה לבנה עם מחית תות ושיבולת שועל,שטראוס גרופ בעמ/מצונן,,,"י""ח",100,ל גרם,false,1,5,5,true,1,
7290112347473,false,מארז דנונה לייט אנד פריי תות ואפרסק 150 גרם 8 יחידות,שטראוס גרופ בעמ/מצונן,,,"י""ח",1.20,ליטר,false,1,23,19.17,true,1,
7290112348142,false,שעועית לבנה 380 גר' בקופסה טעם הטבע,שטראוס גרופ בע`מ,,,"י""ח",380,ל גרם,false,1,5.90,1.55,true,1,
7290112348616,false,עלית - קפה נמס אגוזי לוז 100 גרם,שטראוס גרופ בע`מ,,,"י""ח",100,ל גרם,false,1,17,17,true,1,
7290112349316,false,מסטיק בזוקה פופים ממולא בטעם תות ללא סוכר,"שטראוס גרופ בע""מ",,,"י""ח",80,ל גרם,false,1,11.90,14.88,true,1,
7290112349606,false,מעדן גבינה ויוגורט תות בננה 88 ג' דניאלה,שטראוס גרופ בעמ/מצונן,,,"י""ח",150,"ל מ""ל",false,1,3.30,2.20,true,1,
7290112349699,false,פסאטה מחית עגבניות חלקה 350 גר' יד מרדכי,אמיליאנה קונסרב סוסייטה,,,"י""ח",350,ל גרם,false,1,6.80,1.94,true,1,
7290112349705,false,פומודורו רוטב עגבניות קלאסי לפסטה יד מרדכי 350 גרם,אמיליאנה קונסרב סוסייטה,,,"י""ח",350,ל גרם,false,1,10.20,2.91,true,1,
7290112349743,false,ארביאטה רוטב עגבניות פיקנטי לפסטה 350 ג' יד מרדכי,אמיליאנה קונסרב סוסייטה,,,"י""ח",350,ל גרם,false,1,10.20,2.91,true,1,
7290112349750,false,פיצה רוטב עגבניות לפיצה יד מרדכי 350 גרם,אמיליאנה קונסרב סוסייטה,,,"י""ח",350,ל גרם,false,1,10.20,2.91,true,1,
7290112350275,false,קפסולות LUNGO למכונת נספרסו עלית 10 יחידות,שטראוס קפה בי.וי,,,"י""ח",50,ל גרם,false,1,19.90,39.80,true,1,
7290112350312,false,קפסולות 15 קפה יותר למכונות נספרסו עלית 10יח',הנסיך- מפעל לייצור ט,,,"י""ח",50,ל גרם,false,1,19.90,39.80,true,1,
7290112351067,false,סילאן טבעי 100% תמר מג'הול ללא תוספת סוכר,שטראוס גרופ בע`מ,,,"י""ח",630,ל גרם,false,1,21.30,3.38,true,1,
7290112353887,false,"משקה קפה קר בטעם אגוזים יטבתה 230 מ""ל",האי נאם סי או אל.טי.,,,"י""ח",230,"ל מ""ל",false,1,6.80,2.96,true,1,
7290112354204,false,"ספגטי עגבניות 280 גר' ""דלישס"" שטראוס",קפוא-זן תעשיות מזון בעמ - תפוג,,,"י""ח",300,ל גרם,false,1,18.70,6.23,true,1,
7290112354211,false,"פיצה מרגריטה""דלישס"" שטראוס",קפוא-זן תעשיות מזון בעמ - תפוג,,,"י""ח",300,ל גרם,false,1,22.10,7.37,true,1,
7290112354228,false,"פיצה מרגריטה עם זיתים ""דלישס"" שטראוס",קפוא זן תעשיות מזון בעמ,,,"י""ח",300,ל גרם,false,1,22.10,7.37,true,1,
7290112355027,false,דנונה פרו 20 גרם חלבון בטעם קרמל מלוח 200 גרם,שטראוס גרופ בעמ/מצונן,,,"י""ח",20,"ל מ""ל",false,1,5,25,true,1,
7290112355102,false,גמדים סקוויז 100 גרם פאוץ סלט פירות 100 גרם,שטראוס גרופ בעמ/מצונן,,,"י""ח",100,ל גרם,false,1,5,5,true,1,
7290112355775,false,גבינת סימפוניה עם עירית 200 גרם,שטראוס גרופ בעמ/מצונן,,,"י""ח",200,ל גרם,false,1,9.30,4.65,true,1,
7290112357045,false,עגבניות איטלקיות מרוסקות 390 גר' בקופסה טעם הטבע,"שטראוס גרופ בע""מ",,,"י""ח",390,ל גרם,false,1,5.60,1.44,true,1,
7290112357083,false,טעם הטבע אפונה ירוקה 380 גרם קופסה,הדקלאים אגודת שיתופי,,,"י""ח",380,ל גרם,false,1,5.90,1.55,true,1,
7290112357106,false,שעועית אדומה 380 גר' בקופסה טעם הטבע,"שטראוס גרופ בע""מ",,,"י""ח",380,ל גרם,false,1,5.90,1.55,true,1,
7290112357113,false,גרגרי חומוס בקופסה 380 גר' טעם הטבע,"שטראוס גרופ בע""מ",,,"י""ח",380,ל גרם,false,1,5.90,1.55,true,1,
7290112357892,false,שלישיית סוכריות מאסט FRESH מנטה 45 גרם,"הליקון גידה בע""\מ",,,"י""ח",45,ל גרם,false,1,7.60,16.89,true,1,
7290112358127,false,דנונה פרו חלבון+מגנזיום- וניל ועוגיות 200 גרם,שטראוס גרופ בעמ/מצונן,,,"י""ח",200,"ל מ""ל",false,1,5.40,2.70,true,1,
7290112358219,false,רוטב צ`ילי מתוק יד מרדכי (300 גר`),אף.סי תבליני בגליל ב,,,"י""ח",280,"ל מ""ל",false,1,11,3.93,true,1,
7290112358233,false,רוטב צ`ילי חריף יד מרדכי (300 גר`),"שטראוס גרופ בע""מ",,,"י""ח",280,"ל מ""ל",false,1,11,3.93,true,1,
7290112358554,false,מארז קפה נמס מנות אישיות לדרך 50.4 גר,שטראוס גרופ בע`מ,,,"י""ח",50,ל גרם,false,1,9.30,18.60,true,1,
7290112358561,false,קפה נמס פלטינום קלאסי 47 ג' עלית,שטראוס גרופ בע`מ,,,"י""ח",47,ל גרם,false,1,5,10.64,true,1,
7290112490032,false,"נמס בכוס טעם תירס קנור 31 גרם מארז זוגי בד""צ",יוניליוור ישראל שיווק בע`מ,,,"י""ח",64,ל גרם,false,1,5.90,9.22,true,1,
7290112490209,false,נמס בכוס מרק עגבניות עם קרוטונים רכיבים טבעיים,"יוניליוור ישראל שיווק בע""מ",,,"י""ח",56,ל גרם,false,1,5.90,10.54,true,1,
7290112490230,false,מרק נמס בכוס אפונה קנור 100% רכיבים טבעיים,"יוניליוור ישראל שיווק בע""מ",,,"י""ח",50,ל גרם,false,1,5.90,11.80,true,1,
7290112490582,false,חרדל דיג'וןן צרפתי הלמנס 350 גר,"יוניליוור ישראל שיווק בע""מ",,,"י""ח",350,ל גרם,false,1,8.50,2.43,false,1,
7290112490599,false,חרדל צרפתי עם גרגירים שלמים הלמנס 350 גר,"יוניליוור ישראל שיווק בע""מ",,,"י""ח",350,ל גרם,false,1,8.50,2.43,false,1,
7290112490650,false,קונפיטורה תות שדה 340 גרם-צנצנת,"יוניליוור ישראל שיווק בע""מ",,,"י""ח",340,ל גרם,false,1,10.20,3,false,1,
7290112490667,false,קונפיטורה משמש778 50% פרי 340 גר',יוניליוור ישראל שיווק בע`מ,,,"י""ח",340,ל גרם,false,1,10.20,3,false,1,
7290112490674,false,קונפיטורה דובדבנים 778 50% פרי 340 גר-,יוניליוור ישראל שיווק בע`מ,,,"י""ח",340,ל גרם,false,1,10.20,3,false,1,
7290112490698,false,קונפיטורה תות שדה לייט 300 גרם-צנצנת,יוניליוור ישראל שיווק בע`מ,,,"י""ח",260,ל גרם,false,1,11,4.23,false,1,
7290112490742,false,מרק עשיר פטריות עם גריסים רכיבים טבעיים 104 ג' קנור,"יוניליוור ישראל שיווק בע""מ",,,"י""ח",104,ל גרם,false,1,10.20,9.81,false,1,
7290112490896,false,"קנור רוטב צ'ילי חריף 370 מ""ל PAL","יוניליוור ישראל שיווק בע""מ",,,"י""ח",300,"ל מ""ל",false,1,9.30,3.10,true,1,
7290112491558,false,שוקולד מריר פרווה ורד הגליל (100x6 גרם),יוניליוור ישראל שיווק בע`מ,,,"י""ח",600,ל גרם,false,1,15.30,2.55,false,1,
7290112491701,false,ברנפלקס בטעם וניל מעודן 20% חלבון Extra Protein,"יוניליוור ישראל שיווק בע""מ",,,"י""ח",375,ל גרם,false,1,17,4.53,false,1,
7290112491770,false,בייגלה דקים דקים מלח ים בייגל בייגל 300 גרם.,יוניליוור ישראל שיווק בע`מ,,,"י""ח",300,ל גרם,false,1,8.50,2.83,true,1,
7290112491787,false,בייגלה דקים דקים עם שומשום בייגל בייגל 300 גרם,יוניליוור ישראל שיווק בע`מ,,,"י""ח",300,ל גרם,false,1,8.50,2.83,true,1,
7290112492449,false,פינוק שמפו שיער רגיל 700 מל-חדש,"יוניליוור ישראל שיווק בע""מ",,,"י""ח",700,"ל מ""ל",false,1,10.20,1.46,true,1,
7290112492456,false,"שמפו פינוק לשיער יבש/פגום 700 מ""ל",יוניליוור ישראל שיווק בע`מ,,,"י""ח",700,"ל מ""ל",false,1,10.20,1.46,true,1,
7290112492463,false,"שמפו ומרכך 2 ב-1 לשיער רגיל פינוק 700 מ""ל.",יוניליוור ישראל שיווק בע`מ,,,"י""ח",700,"ל מ""ל",false,1,10.20,1.46,true,1,
7290112492470,false,"שמפו ומרכך 2 ב-1 לשיער יבש פינוק 700 מ""ל.",יוניליוור ישראל שיווק בע`מ,,,"י""ח",700,"ל מ""ל",false,1,10.20,1.46,true,1,
7290112492500,false,פינוק שמפו לשיער עם שמן קוקוס 700 מל,"יוניליוור ישראל שיווק בע""מ",,,"י""ח",700,"ל מ""ל",false,1,10.20,1.46,true,1,
7290112492531,false,"פינוק קונדישנר לשיער רגיל 700מ""ל","יוניליוור ישראל שיווק בע""מ",,,"י""ח",700,"ל מ""ל",false,1,10.20,1.46,true,1,
7290112492579,false,פינוק מרכך בתוספת שמן קוקוס 700 מל-חדש,יוניליוור ישראל שיווק בע`מ,,,"י""ח",700,"ל מ""ל",false,1,10.20,1.46,true,1,
7290112492593,false,תחליב רחצה פינוק בניחוח פינוק קלאסי 700,יוניליוור ישראל שיווק בע`מ,,,"י""ח",750,"ל מ""ל",false,1,9.30,1.24,false,1,
7290112492609,false,"פינוק סבון נוזלי לבנדר ווניל 700 מ""ל","יוניליוור ישראל שיווק בע""מ",,,"י""ח",700,"ל מ""ל",false,1,9.30,1.33,false,1,
7290112492647,false,"פינוק לגבר 3 ב1 שמפו ג'ל רחצה וסבון פנים 700 מ""ל","יוניליוור ישראל שיווק בע""מ",,,"י""ח",700,"ל מ""ל",false,1,10.20,1.46,true,1,
7290112492715,false,"פינוק שמפו ללא דמעות לסירוק קל לילדים 700 מ""ל","יוניליוור ישראל שיווק בע""מ",,,"י""ח",700,"ל מ""ל",false,1,11,1.57,false,1,
7290112492722,false,"2ב-1 שמפו ומרכך פינוק אל דמע לסירוק קל לילדים 700 מ""ל",יוניליוור ישראל שיווק בע`מ,,,"י""ח",700,"ל מ""ל",false,1,11.90,1.70,false,1,
7290112492999,false,קנור מרק עוף אמיתי 400 גרם פרווה,יוניליוור ישראל שיווק בע`מ,,,"י""ח",400,ל גרם,false,1,11.90,2.98,true,1,
7290112493064,false,"רוטב שזיפים להקפצה, לבישול ולאפיה","יוניליוור ישראל שיווק בע""מ",,,"י""ח",320,ל גרם,false,1,9.30,2.91,true,1,
7290112493088,false,נמס בכוס עדשים מרק רכיבים טבעיים קנור 54 ג',יוניליוור ישראל שיווק בע`מ,,,"י""ח",48,ל גרם,false,1,5.90,12.29,true,1,
7290112493095,false,נמס בכוס מרק עגבניות חריף רכיבים טבעיים קנור 48 ג',יוניליוור ישראל שיווק בע`מ,,,"י""ח",48,ל גרם,false,1,5.90,12.29,true,1,
7290112493316,false,מרק היום אפונה 100% רכיבים טביעיים קנור,יוניליוור ישראל שיווק בע`מ,,,"י""ח",117,ל גרם,false,1,10.20,8.72,false,1,
7290112493927,false,גלידה בטעם ריבת חלב 1.33ל' קרמיסימו,"גלידת שטראוס בע""\מ, רחוב",,,"י""ח",776,"ל מ""ל",false,1,16.20,2.09,false,1,
7290112493934,false,גלידה קרמיסימו וניל צרפתי 1.33 ליטר,"גלידת שטראוס בע""\מ, רחוב",,,"י""ח",776,"ל מ""ל",false,1,16.20,2.09,false,1,
7290112494016,false,"מיונז אמיתי מופחת שומן תלמה 500 גרם בד""צ",יוניליוור ישראל שיווק בע`מ,,,"י""ח",500,ל גרם,false,1,8.50,1.70,false,1,
7290112494221,false,חטיף ביסקויט שוקולד חלב קליק (65 גרם),יוניליוור ישראל שיווק בע`מ,,,"י""ח",65,ל גרם,false,1,5,7.69,false,1,
7290112494238,false,חטיף כדורים שוקולד חלב קליק (65 גרם),יוניליוור ישראל שיווק בע`מ,,,"י""ח",65,ל גרם,false,1,5,7.69,false,1,
7290112494276,false,קליק כריות בתפזורת כשר לפסח,יוניליוור ישראל שיווק בע`מ,,,"י""ח",65,ל גרם,false,1,5,7.69,false,1,
7290112494283,false,חטיף כדורים מעורב חום לבו 65 גר`קליק,יוניליוור ישראל שיווק בע`מ,,,"י""ח",65,ל גרם,false,1,5,7.69,false,1,
7290112494313,false,קליק - קורנפלקס תפזורת 65 גרם,"יוניליוור ישראל שיווק בע""מ",,,"י""ח",65,ל גרם,false,1,5,7.69,false,1,
7290112494351,false,קורנפלקס של אלופים תלמה (850 גרם).בדצ,יוניליוור ישראל שיווק בע`מ,,,"י""ח",850,ל גרם,false,1,14.40,1.69,false,1,
7290112494382,false,פירה בטעם ביתי 260 גרם-קופסא,יוניליוור ישראל שיווק בע`מ,,,"י""ח",260,ל גרם,false,1,8.50,3.27,false,1,
7290112494795,false,בדין-ג'ל לכביסה לבנה וצבעונית בניחוח עדין כחול 2.5 ליטר,"יוניליוור ישראל שיווק בע""מ",,,"י""ח",2.50,ליטר,false,1,23.90,9.56,false,1,
7290112494801,false,בדין-ג'ל לכביסה לבנה וצבעונית בניחוח עדין ורוד 2.5 ליטר,"יוניליוור ישראל שיווק בע""מ",,,"י""ח",2.50,ליטר,false,1,23.90,9.56,false,1,
7290112494818,false,בדין-ג'ל לכביסה לבנה וצבעונית בייבי 2.5 ליטר,יוניליוור ישראל שיווק בע`מ,,,"י""ח",2.50,ליטר,false,1,23.90,9.56,false,1,
7290112494993,false,כריות דגנים במילוי וניל בדצ 686 גרם,"יוניליוור ישראל שיווק בע""מ",,,"י""ח",750,ל גרם,false,1,21.30,2.84,true,1,
7290112495006,false,כריות דגנים במילוי נוגט בדצ 686 גרם,"יוניליוור ישראל שיווק בע""מ",,,"י""ח",750,ל גרם,false,1,21.30,2.84,false,1,
7290112495020,false,כריות צוקולדה בדצ מאוחד 750 גר,יוניליוור ישראל שיווק בע`מ,,,"י""ח",750,ל גרם,false,1,21.30,2.84,true,1,
7290112495037,false,דגני בוקר בטעם שוקולד כדורים 375 ג' קוקומן,יוניליוור ישראל שיווק בע`מ,,,"י""ח",375,ל גרם,false,1,17,4.53,true,1,
7290112495044,false,דגני קוקומן פצפוצים תלמה (375 גרם),יוניליוור ישראל שיווק בע`מ,,,"י""ח",375,ל גרם,false,1,17,4.53,true,1,
7290112495105,false,נשנושים טעם שמנת בצל בייגל בייגל 260 גרם,"יוניליוור ישראל שיווק בע""מ",,,"י""ח",260,ל גרם,false,1,10.20,3.92,false,1,
7290112495112,false,נשנושים טעם זעתר בייגל בייגל 260 גרם,"יוניליוור ישראל שיווק בע""מ",,,"י""ח",260,ל גרם,false,1,10.20,3.92,false,1,
7290112495150,false,נשנושי קרקר עיגולים מלח בייגל בייגל 300 גרם,"יוניליוור ישראל שיווק בע""מ",,,"י""ח",300,ל גרם,false,1,10.20,3.40,false,1,
7290112495167,false,נשנושי קרקר שומשום בייגל בייגל 350 גרם,יוניליוור ישראל שיווק בע`מ,,,"י""ח",300,ל גרם,false,1,10.20,3.40,false,1,
7290112495228,false,קורנפלקס דבש תלמה אלופים 448 גרם,"יוניליוור ישראל שיווק בע""מ",,,"י""ח",448,ל גרם,false,1,15.30,3.42,true,1,
7290112495280,false,ברנפלקס ריבועי קינמון תלמה (400 גרם),יוניליוור ישראל שיווק בע`מ,,,"י""ח",400,"ל מ""ל",false,1,17,4.25,false,1,
7290112495433,false,דגני דליפקאן תוספת אגוזי פקאן ושקדים 400 גר,יוניליוור ישראל שיווק בע`מ,,,"י""ח",400,ל גרם,false,1,18.70,4.68,false,1,
7290112495556,false,חטיף שוקולד נוגט שוקולד חלב שלישייה,"יוניליוור ישראל שיווק בע""מ",,,"י""ח",106,ל גרם,false,1,10.30,9.72,true,1,
7290112495662,false,קרקר חיטה מלאה ופשתן בייגל בייגל 300 גרם,יוניליוור ישראל שיווק בע`מ,,,"י""ח",300,ל גרם,false,1,7.60,2.53,false,1,
7290112495686,false,קרקר שומשום בייגל בייגל 220 גרם,יוניליוור ישראל שיווק בע`מ,,,"י""ח",220,"ל מ""ל",false,1,7.60,3.45,false,1,
7290112495747,false,רוטב צ''ילי מתוק כ 70% פחות סוכר 340 ג' קנור,"יוניליוור ישראל שיווק בע""מ",,,"י""ח",340,"ל מ""ל",false,1,9.30,2.74,true,1,
7290112495754,false,רוטב לסלט אלף האיים הלמנס (305 מל),יוניליוור ישראל שיווק בע`מ,,,"י""ח",305,ל גרם,false,1,8.50,2.79,false,1,
7290112495761,false,רוטב לסלט אלף האיים לייט הלמנס (305 מל),"יוניליוור ישראל שיווק בע""מ",,,"י""ח",305,ל גרם,false,1,8.50,2.79,false,1,
7290112495785,false,רוטב לסלט שום (300 גרם)הלמנס,"יוניליוור ישראל שיווק בע""מ",,,"י""ח",300,ל גרם,false,1,8.50,2.83,false,1,
7290112495792,false,רוטב הלמנס שום לייט לסלט 305גר כשלפ,יוניליוור ישראל שיווק בע`מ,,,"י""ח",300,ל גרם,false,1,8.50,2.83,false,1,
7290112495815,false,רוטב לסלט חרדל ודבש לייט (305 גרם)הלמנס,יוניליוור ישראל שיווק בע`מ,,,"י""ח",305,ל גרם,false,1,8.50,2.79,false,1,
7290112495822,false,כריות BLACK בטעם שוקולד וניל תלמה 686 גרם,"יוניליוור ישראל שיווק בע""מ",,,"י""ח",750,ל גרם,false,1,21.30,2.84,true,1,
7290112495938,false,"קרקר 6 דגנים בייגל בייגל 250 גרם בד""צ",יוניליוור ישראל שיווק בע`מ,,,"י""ח",250,ל גרם,false,1,7.60,3.04,false,1,
7290112496034,false,"סירופ מייפל לחיץ 580 מ""ל כשל""פ אפיכל",יוניליוור ישראל שיווק בע`מ,,,"י""ח",580,"ל מ""ל",false,1,9.30,1.60,false,1,
7290112496218,false,קנור רוטב טריאקי הפחתה של מעל 50% סוכר ונתרן 310 ג',"יוניליוור ישראל שיווק בע""מ",,,"י""ח",340,ל גרם,false,1,9.30,2.74,true,1,
7290112496447,false,נמס בכוס אקסטרה טעם עוף עם המון אטריות 27ג',"יוניליוור ישראל שיווק בע""מ",,,"י""ח",39,ל גרם,false,1,3.30,8.46,false,1,
7290112496461,false,נמס בכוס אקסטרה מרק ירקות עם המון אטריות,"יוניליוור ישראל שיווק בע""מ",,,"י""ח",35,ל גרם,false,1,3.30,9.43,false,1,
7290112497994,false,"גרנולה תלמה פרוטאין בתוספת חלבון ואגוזים, 300 גרם",יוניליוור ישראל שיווק בע`מ,,,"י""ח",300,ל גרם,false,1,13.60,4.53,false,1,
7290112498007,false,גרנולה פרוטאין בתוספת חלבון שקדים וחמוציות תלמה 300 ג',"יוניליוור ישראל שיווק בע""מ",,,"י""ח",300,ל גרם,false,1,13.60,4.53,false,1,
7290112498069,false,#קוקומן ללא גלוטן כשלפ 375ג - חדש,יוניליוור ישראל שיווק בע`מ,,,"י""ח",375,ל גרם,false,1,17,4.53,true,1,
7290112498267,false,פינוק אל סבון לידיים בניחוח פינוק קלאסי,"יוניליוור ישראל שיווק בע""מ",,,"י""ח",950,"ל מ""ל",false,1,10.20,1.07,false,1,
7290112498281,false,"אל סבון לידיים בתוספת שמן קוקוס פינוק 950 מ""ל",יוניליוור ישראל שיווק בע`מ,,,"י""ח",950,"ל מ""ל",false,1,10.20,1.07,false,1,
7290112498298,false,"אל סבון ליידים בתוספת שמן מרוקאי פינוק 950 מ""ל","יוניליוור ישראל שיווק בע""מ",,,"י""ח",950,"ל מ""ל",false,1,10.20,1.07,false,1,
7290112498441,false,"קנור רוטב אסיאתי למוקפץ 300 מ""ל בד""ץ",יוניליוור ישראל שיווק בע`מ,,,"י""ח",370,"ל מ""ל",false,1,9.30,2.51,true,1,
7290112498748,false,מאגדת מיני סולרו וניל תות שדה 350 גר`,"מיוצר ע""\י גלידת שטראוס",,,"י""ח",325,ל גרם,false,1,23.90,7.35,false,1,
7290112498922,false,מאגדת מיני מגנום לבן שטראוס 250 גרם,"מיוצר ע""\י גלידת שטראוס",,,"י""ח",280,ל גרם,false,1,27.90,9.96,false,1,
7290112499097,false,מאגדת מיני מגנום מריר Intense Dark! 240 גרם,"מיוצר ע""\י גלידת שטראוס",,,"י""ח",280,ל גרם,false,1,27.90,9.96,false,1,
7290112499127,false,שלגון גלידה שוקולד לבן ותות 77 גרם,"מיוצר ע""\י גלידת שטראוס",,,"י""ח",90,ל גרם,false,1,8.60,9.56,true,1,
7290112499219,false,שלגון שמנת מופחת שומן וקלוריות בטעם פיסטוק עם ריפל בטעם שוקולד מריר וציפוי חלקי של שוקולד חלב מעולה,"גלידת שטראוס בע""\מ, רחוב",,,"י""ח",297,ל גרם,false,1,17,5.72,false,1,
7290112499448,false,"מרכך פינוק בתוספת שמן מרוקאי 700 מ""ל",יוניליוור ישראל שיווק בע`מ,,,"י""ח",700,"ל מ""ל",false,1,10.20,1.46,true,1,
7290112499455,false,פינוק תחליב רחצה 700 בתוספת שמן מרוקאי,"יוניליוור ישראל שיווק בע""מ",,,"י""ח",750,"ל מ""ל",false,1,9.30,1.24,false,1,
7290112499462,false,פינוק תחליב רחצה 700 בתוספת שמן קוקוס,יוניליוור ישראל שיווק בע`מ,,,"י""ח",750,"ל מ""ל",false,1,9.30,1.24,false,1,
7290112499516,false,"רקסונה - דאודורנט ספריי לגבר וי 8 150 מ""ל",יוניליוור ישראל שיווק בעמ,,,"י""ח",1,"י""ח",false,1,12.70,12.70,true,1,
7290112499639,false,טילון סופר מגנום וניל צ'יפ שוקולד 110 גרם,"מיוצר ע""\י גלידת שטראוס",,,"י""ח",110,ל גרם,false,1,6.80,6.18,true,1,
7290112499776,false,גלידת שמנת מופחתת שומן וקלוריות בטעם שוקולד לבן 240 גרם,"גלידת שטראוס בע""\מ, רח'\",,,"י""ח",297,ל גרם,false,1,17,5.72,false,1,
7290112499844,false,מאגדת מיני מגנום דואט שוקולד עם נוגט שטראוס 310 גרם,"מיוצר ע""\י גלידת שטראוס",,,"י""ח",280,ל גרם,false,1,27.90,9.96,false,1,
7290112499943,false,מיני מאגדת מיני מגנום טעמים שונים וניל+שוקו,"מיוצר ע""\י גלידת שטראוס",,,"י""ח",280,ל גרם,false,1,27.90,9.96,false,1,
7290112960856,false,טילון אקסטרים115-120 גרם מטבע שוקולד בטעם לוז נוגט נסטלה 115 גרם,נגה גלידות שותפות מוגבלת,,,"י""ח",115,ל גרם,false,1,11,9.57,true,1,
7290112961440,false,פיטנס חטיפי פריכיות שוקולד מריר 84 גרם,קבוצת אוסם סחר שותפות מוגבלת,,,"י""ח",84,ל גרם,false,1,12.70,15.12,true,1,
7290112962003,false,שלגון קראנץ וניל עוגיות עם שוקולד נסטלה 90 גרם,נגה גלידות שותפות מוגבלת,,,"י""ח",90,ל גרם,false,1,10.20,11.33,true,1,
7290112963321,false,גריסיני בייגלה שטוח ללא גלוטן אסם 300גרם,קבוצת אוסם סחר שותפות מוגבלת,,,"י""ח",300,ל גרם,false,1,14.10,4.70,false,1,
7290112963918,false,פיטנס חטיפי קרקר דק רוזמרין 140 גרם,קבוצת אוסם סחר שותפות מוגבלת,,,"י""ח",140,ל גרם,false,1,13.90,9.93,true,1,
7290112964052,false,פסטה וזוביוטו 500 גר`פרפקטו אסם,קבוצת אוסם סחר שותפות מוגבלת,,,"י""ח",500,ל גרם,false,1,12,2.40,false,1,
7290112964472,false,אסם רוטב שום חדש לסלט 290 גרם,קבוצת אוסם סחר שותפות מוגבלת,,,"י""ח",290,"ל מ""ל",false,1,10.20,3.52,true,1,
7290112965684,false,פיטנס - חטיף מולטיגריין עשבי תיבול 25 גרם,קבוצת אוסם סחר שותפות מוגבלת,,,"י""ח",25,ל גרם,false,1,4.30,17.20,true,1,
7290112965707,false,פיטנס - חטיף מולטיגריין צילי מעודן 25 גרם,קבוצת אוסם סחר שותפות מוגבלת,,,"י""ח",25,ל גרם,false,1,4.30,17.20,true,1,
7290112965943,false,נאגטס ירקות ירוקים ( 500 גר`) טבעול,קבוצת אוסם סחר שותפות מוגבלת,,,"י""ח",500,ל גרם,false,1,38.90,7.78,true,1,
7290112966025,false,בייגלה כפיות כפרי טוגו אסם 160 גרם,קבוצת אוסם סחר-שות.מוגבלת,,,"י""ח",400,ל גרם,false,1,3.40,0.85,false,1,
7290112966803,false,אינסטנט פודינג בטעם שוקולד אסם (88 גרם),קבוצת אוסם סחר שותפות מוגבלת,,,"י""ח",88,ל גרם,false,1,5.90,6.70,true,1,
7290112967138,false,בייגלה שמיניות ללא גלוטן 250 גרם אסם,קבוצת אוסם סחר שותפות מוגבלת,,,"י""ח",250,ל גרם,false,1,11.90,4.76,false,1,
7290112967381,false,פיטנס חטיפי פריכיות קטניות ומלח ים 60 גרם,קבוצת אוסם סחר שותפות מוגבלת,,,"י""ח",60,ל גרם,false,1,10.70,17.83,true,1,
7290112968203,false,צבר סלט טחינה בלאדי 6*250גרם,קבוצת אוסם סחר שותפות מוגבלת,,,"י""ח",250,ל גרם,false,1,12.90,5.16,false,1,
7290112968807,false,80018416694פיטנס חטיפי קרקר דק סלק 150גר,קבוצת אוסם סחר שותפות מוגבלת,,,"י""ח",150,ל גרם,false,1,13.90,9.27,true,1,
7290112968821,false,חטיפי קרקר דק בטטה 140 גר` פיטנס,קבוצת אוסם סחר שותפות מוגבלת,,,"י""ח",150,ל גרם,false,1,13.90,9.27,true,1,
7290113050273,false,תבנית אינגליש קצרה R15,פאלאס תעשיות נטו (2014) בעמ,,,"י""ח",1,,false,1,0.60,0.60,false,1,
7290113192157,false,אגוז ברזיל קלופיים 150 גר`ששון הקולה,דין שיווק וקליה 2021 בעמ,,,"י""ח",150,ל גרם,false,1,13.60,9.07,false,1,
7290113192164,false,אגוזי קשיו קלופים 150 גרם ששון הקולה,דין שיווק וקליה 2021 בעמ,,,"י""ח",150,ל גרם,false,1,13.60,9.07,false,1,
7290113192171,false,מיקס אגוזים שקדים וחמוציו 150ג דין שיו,דין שיווק וקליה 2021 בעמ,,,"י""ח",150,ל גרם,false,1,9.30,6.20,false,1,
7290113192201,false,תערובת להכנת סחלב 500 גרם ששון הקולה,דין שיווק וקליה 2021 בעמ,,,"י""ח",500,ל גרם,false,1,11.90,2.38,false,1,
7290113192300,false,זיתים חרוזית מושחרים בית השיטה 275 גרם,קבוצת אוסם סחר שותפות מוגבלת,,,"י""ח",275,ל גרם,false,1,11.30,4.11,true,1,
7290113192324,false,זיתים ירוקים שלמים בינוניים בית השיטה,קבוצת אוסם סחר-שות.מוגבלת,,,"י""ח",340,ל גרם,false,1,9.30,2.74,false,1,
7290113192331,false,בית השיטה זיתים ירוקים גדולים 340 גרם*,קבוצת אוסם סחר שותפות מוגבלת,,,"י""ח",340,ל גרם,false,1,11.30,3.32,false,1,
7290113192348,false,בית השיטה זיתים ירוקים גדול מאודבטעם שום,קבוצת אוסם סחר-שות.מוגבלת,,,"י""ח",340,ל גרם,false,1,11.20,3.29,true,1,
7290113192355,false,חרוזית זיתים ירוקים ללא גלעין 275 ג' בית השיטה,קבוצת אוסם סחר שותפות מוגבלת,,,"י""ח",275,ל גרם,false,1,11.10,4.04,true,1,
7290113192362,false,בית השיטה טבעות זיתים ירק.א2 12*280ג חדש,קבוצת אוסם סחר שותפות מוגבלת,,,"י""ח",280,ל גרם,false,1,9.60,3.43,false,1,
7290113192478,false,בית השיטה מלפפונים במלח בינוני 10-12 320 גרם,קבוצת אוסם סחר שותפות מוגבלת,,,"י""ח",320,ל גרם,false,1,9.40,2.94,false,1,
7290113192485,false,בית השיטה מלפפונים בחומץ בינוני 10-12 290 גרם,קבוצת אוסם סחר שותפות מוגבלת,,,"י""ח",290,ל גרם,false,1,9.30,3.21,false,1,
7290113192492,false,בית השיטה מלפפונים בחומץ קטנים 1317 290 גרם,קבוצת אוסם סחר שותפות מוגבלת,,,"י""ח",290,ל גרם,false,1,9.30,3.21,false,1,
7290113192508,false,ב.השיטה מלפפון במלח ר.טבע א2 17-13 320 גרם,קבוצת אוסם סחר שותפות מוגבלת,,,"י""ח",320,ל גרם,false,1,9.30,2.91,false,1,
7290113192515,false,בית השיטה מלפפונים במלח קטן מאוד 1825 320 גרם,קבוצת אוסם סחר שותפות מוגבלת,,,"י""ח",320,ל גרם,false,1,13.30,4.16,false,1,
7290113192522,false,בית השיטה מלפפונים בחומץ קטן מאוד 1825 290 גרם,קבוצת אוסם סחר שותפות מוגבלת,,,"י""ח",290,ל גרם,false,1,13.30,4.59,false,1,
7290113192539,false,בית השיטה מלפפונים במלח גדול 79 320 גרם,קבוצת אוסם סחר שותפות מוגבלת,,,"י""ח",320,ל גרם,false,1,7.90,2.47,false,1,
7290113192553,false,מלפפונים במלח 13-17 פיקנטי בית השיטה 320 גרם,קבוצת אוסם סחר-שות.מוגבלת,,,"י""ח",320,ל גרם,false,1,9.30,2.91,false,1,
7290113192560,false,פלפל חריף כבוש שיפקה בית השיטה (430 גר`),קבוצת אוסם סחר שותפות מוגבלת,,,"י""ח",230,ל גרם,false,1,6.80,2.96,true,1,
7290113192997,false,בית השיטה זית מרוקאי 340 גרם*,קבוצת אוסם סחר שותפות מוגבלת,,,"י""ח",720,ל גרם,false,1,11,1.53,false,1,
7290113193000,false,בית השיטה פלפל שיפקונית 230 גרם*,קבוצת אוסם סחר שותפות מוגבלת,,,"י""ח",230,ל גרם,false,1,9.30,4.04,false,1,
7290113193017,false,בית השיטה חרוזית קוקטייל זיתים 275 גרם,קבוצת אוסם סחר שותפות מוגבלת,,,"י""ח",275,ל גרם,false,1,11,4,false,1,
7290113193406,false,"קוקטייל טבעות זיתים - זיתים ירוקים, שחורים מרינד",קבוצת אוסם סחר שותפות מוגבלת,,,"י""ח",275,ל גרם,false,1,11,4,false,1,
7290113193888,false,בית השיטה חצילים מוחמצים 320 גרם,קבוצת אוסם סחר שותפות מוגבלת,,,"י""ח",320,ל גרם,false,1,9.90,3.09,true,1,
7290113194090,false,בית השיטה טבעות זיתים קלמטה 280 גרם,קבוצת אוסם סחר שותפות מוגבלת,,,"י""ח",280,ל גרם,false,1,9.30,3.32,false,1,
7290113194359,false,זיתים מגולענים בנוסח אנדלוס 215 גרם בית,קבוצת אוסם סחר-שות.מוגבלת,,,"י""ח",215,ל גרם,false,1,10.20,4.74,false,1,
7290113195479,false,קמח שקדים ( 200 גר`) שקדיה,דין שיווק וקליה 2021 בעמ,,,"י""ח",200,ל גרם,false,1,13.60,6.80,false,1,
7290113195967,false,קוואקר שיבולת שועל פחית שקדיה 500 גרם,דין שיווק וקליה 2021 בעמ,,,"י""ח",500,ל גרם,false,1,8.50,1.70,false,1,
7290113196414,false,"אורז בסמטי 1 ק""ג - שקדיה כחול מטאלי",דין שיווק וקליה 2021 בעמ,,,"י""ח",1,"ק""ג",false,1,8.40,8.40,false,1,
7290113197169,false,שקדיה חמאת בוטנים עם שברי בוטנים 510 גר,דין שיווק וקליה 2021 בעמ,,,"י""ח",510,ל גרם,false,1,13.60,2.67,false,1,
7290113197176,false,חמאת בוטנים טבעית עם שברי בוטנים 450,דין שיווק וקליה 2021 בעמ,,,"י""ח",510,ל גרם,false,1,13.60,2.67,false,1,
7290113197824,false,בית השיטה לבבות דקל 220 דקל,קבוצת אוסם סחר-שות.מוגבלת,,,"י""ח",220,ל גרם,false,1,11,5,true,1,
7290113198395,false,קשיו ענק 250גר מחנה יהודה,דין שיווק וקליה 2021 בעמ****,,,"י""ח",250,ל גרם,false,1,21.30,8.52,true,1,
7290113198401,false,בוטנים קלויים ג`מבו 300גר מחנה יהודה,דין שיווק וקליה 2021 בעמ****,,,"י""ח",300,ל גרם,false,1,17,5.67,true,1,
7290113198418,false,שקד קלוי ענק 250גר מחנה יהודה,דין שיווק וקליה 2021 בעמ****,,,"י""ח",250,ל גרם,false,1,21.30,8.52,true,1,
7290113198432,false,תערובת פיצוחים מובחרת 250גר מחנה יהודה,דין שיווק וקליה 2021 בעמ****,,,"י""ח",250,ל גרם,false,1,21.30,8.52,true,1,
7290113198449,false,שקד טבעי 300גר מחנה יהודה,דין שיווק וקליה 2021 בעמ****,,,"י""ח",300,ל גרם,false,1,21.30,7.10,true,1,
7290113198463,false,פקאו סיני 160גר מחנה יהודה,דין שיווק וקליה 2021 בעמ****,,,"י""ח",160,ל גרם,false,1,17,10.63,true,1,
7290113198470,false,אגוז מלך 200גר מחנה יהודה,דין שיווק וקליה 2021 בעמ****,,,"י""ח",200,ל גרם,false,1,12.70,6.35,true,1,
7290113198494,false,פיסטוק קלוי גדול 200גר מחנה יהודה,דין שיווק וקליה 2021 בעמ****,,,"י""ח",200,ל גרם,false,1,21.30,10.65,true,1,
7290113198517,false,שזיף ללא גרעין 330גר מחנה יהודה,דין שיווק וקליה 2021 בעמ****,,,"י""ח",330,ל גרם,false,1,17,5.15,true,1,
7290113199767,false,ממרח שקדים 300 גרם השקדיה,דין שיווק וקליה 2021 בעמ,,,"י""ח",300,ל גרם,false,1,24.70,8.23,false,1,
7290113199774,false,ממרח בוטנים 300 גרם השקדיה,דין שיווק וקליה 2021 בעמ,,,"י""ח",300,ל גרם,false,1,12.70,4.23,false,1,
7290113199842,false,מגש אירוח סוכריות גומי 700 ג' שקדיה,דין שיווק וקליה 2021 בעמ,,,"י""ח",350,ל גרם,false,1,25.60,7.31,false,1,
7290113300125,false,בונזו מקלות בקר 50 ג,דיפלומט מפיצים (1968) בעמ**,,,"י""ח",50,ל גרם,false,1,7.60,15.20,false,1,
7290113560055,false,פרודונטקס מי פה טיפול יומי לחניכיים 500,"מאסטרפוד אוסטריה בע""מ",,,"י""ח",500,ל גרם,false,1,31.90,6.38,true,1,
7290113634367,false,"אסאדו בורגר 1ק""ג ארוז",ח.י. מעדני גורמה בעמ,,,"י""ח",800,ל גרם,false,1,63.90,7.99,true,1,
7290113860247,false,עוגות אישיות שכבות עשריה פנטולה,ש.שסטוביץ בעמ,,,"י""ח",400,ל גרם,false,1,11,2.75,true,1,
7290113860476,false,מארז אוברול קימונו שרוול קצר 3-6 תכלת,"קבוצת יבנה מוצרי מזון בע""מ",,,"י""ח",600,ל גרם,false,1,5.90,0.98,true,1,
7290113860483,false,מארז אוברול קימונו שרוול קצר 6-12 ורוד,"קבוצת יבנה מוצרי מזון בע""מ",,,"י""ח",600,ל גרם,false,1,9.30,1.55,true,1,
7290113860667,false,לייף בייביז תחליב גוף להזנת העור 400 מל,טחנות ישראליות בעמ,,,"י""ח",1,"ק""ג",false,1,6.80,6.80,true,1,
7290113860674,false,לייף בייביז שמפו להרגעת העור 1 ליטר,טחנות ישראליות בעמ,,,"י""ח",1,"ק""ג",false,1,7.60,7.60,true,1,
7290113860681,false,לייף בייביז אלסבון להרגעת העור 1 ליטר,טחנות ישראליות בעמ,,,"י""ח",1,"ק""ג",false,1,7.60,7.60,true,1,
7290114310215,false,"שמנת מתוקה 38% רמת הגולן 250 מ""ל ווסטהיים - מוצר בפיקוח",החברה המרכזית טלהפצת משקאות בע,,,"י""ח",250,"ל מ""ל",false,1,5.53,2.21,false,1,
7290114310895,false,"סימפלי פרוט יוגורט עם מנגו תות, שמיניה 8 * 150 גרם",*החברה המרכזית להפצת משקאותבעמ,,,"י""ח",150,"ל מ""ל",false,1,26.40,17.60,false,1,
7290114311038,false,"שמנת מתוקה 32% עמידה בבקבוק טרה 250 מ""ל",*החברה המרכזית להפצת משקאותבעמ,,,"י""ח",250,"ל מ""ל",false,1,5.90,2.36,false,1,
7290114311076,false,"חמאת מולר צהובה עם שום, 200 גרם",*החברה המרכזית להפצת משקאותבעמ,,,"י""ח",200,ל גרם,false,1,10.20,5.10,false,1,
7290114311298,false,יוגורט מולר פרופ בטעם תות בננה מלון 150,החברה המרכזית טלהפצת משקאות בע,,,"י""ח",150,"ל מ""ל",false,1,4.50,3,true,1,
7290114311304,false,יוגורט קציפת מנגו פסיפלורה בננה 150 ג' מולר,החברה המרכזית טלהפצת משקאות בע,,,"י""ח",150,"ל מ""ל",false,1,4.50,3,true,1,
7290114311328,false,חלב מועשר דל לקטוז מעושר בויטמין Dי 2% שומן טרה 1 ליטר,*החברה המרכזית להפצת משקאותבעמ,,,"י""ח",1,ליטר,false,1,6.80,6.80,false,1,
7290114311458,false,חלב קרטון 3% מועשר ויטמין די 1 ליטר,*החברה המרכזית להפצת משקאותבעמ,,,"י""ח",1,ליטר,false,1,6.60,6.60,false,1,
7290114311496,false,קרטון חלב מועשר 1% שומן 1 ליטר טרה,החברה המרכזית טלהפצת משקאות בע,,,"י""ח",1,ליטר,false,1,6.60,6.60,false,1,
7290114600927,false,מאסטר שף עלי טורטייה חיטה מלאה 320 גרם,אלקאטי קורביישיסי גי,,,"י""ח",320,ל גרם,false,1,8.50,2.66,false,1,
7290114600941,false,מאסטר שף מיונז הולנדי לחיץ 435 גרם,ש. שסטוביץ בע`מ,,,"י""ח",435,ל גרם,false,1,11.90,2.74,false,1,
7290114600989,false,"מאסטר שף רוטב אלף האיים 250 מ""ל",ש. שסטוביץ בע`מ,,,"י""ח",250,ל גרם,false,1,9.30,3.72,false,1,
7290114602778,false,פרי סלייסים צ'יפס ירקות שורש 90 גרם,פלפר אפרטיבוס,,,"י""ח",90,ל גרם,false,1,12.40,13.78,false,1,
7290114602785,false,פרי סלייסים צ'יפס בננה מלוח 90 גרם,פלפר אפרטיבוס,,,"י""ח",90,ל גרם,false,1,11,12.22,false,1,
7290114603034,false,"פרי גרנולה אגוזים צימוקים וחמוציות, 300 ג'",ש. שסטוביץ בע`מ,,,"י""ח",300,ל גרם,false,1,13.60,4.53,false,1,
7290114603041,false,פרי גרנולה בוטנים אגוזים וקוקוס חלבון .,ש. שסטוביץ בע`מ,,,"י""ח",300,ל גרם,false,1,13.60,4.53,false,1,
7290114603591,false,PLAY חטיף פוף בטעם קטשופ 40 גרם,ש. שסטוביץ בע`מ,,,"י""ח",40,ל גרם,false,1,3.30,8.25,true,1,
7290114603607,false,PLAY חטיף פוף בטעם חמוץ חריף 40 גרם,ש. שסטוביץ בע`מ,,,"י""ח",40,ל גרם,false,1,3.30,8.25,true,1,
7290114604857,false,"דפי אורז מאסטר שף קוטר 22 ס""מ 400 גרם",ש. שסטוביץ בע`מ,,,"י""ח",400,ל גרם,false,1,13.80,3.45,true,1,
7290114604901,false,ממרח שום לחיץ מאסטר שף 444 גרם,ש. שסטוביץ בע`מ,,,"י""ח",446,ל גרם,false,1,11.90,2.67,false,1,
7290114604925,false,מנה אסייאתי קרם קוקוס פחית לייט 400 מ`ל,"תאי קוקונאט חברה בע""",,,"י""ח",400,"ל מ""ל",false,1,8.50,2.13,false,1,
7290114604932,false,מאסטר שף רוטב ברביקיו דבש 520 גרם,רמיה סי.וי. הולנד,,,"י""ח",520,ל גרם,false,1,12.70,2.44,false,1,
7290114604949,false,מאסטר שף רוטב ברביקיו 524 גרם,רמיה סי.וי. הולנד,,,"י""ח",524,ל גרם,false,1,11,2.10,false,1,
7290114604963,false,מאסטר שף פירורי לחם מתובלים 230 גרם,ש. שסטוביץ בע`מ,,,"י""ח",200,ל גרם,false,1,5.90,2.95,false,1,
7290114606547,false,מיונז פטריות כמהין לחיץ מאסטר שף 242 גרם,ש. שסטוביץ בע`מ,,,"י""ח",242,ל גרם,false,1,11.90,4.92,false,1,
7290114606554,false,מיונז מופחת קלוריות בקבוק לחיץ,ש. שסטוביץ בע`מ,,,"י""ח",470,ל גרם,false,1,11.90,2.53,false,1,
7290114606561,false,מאסטר שף אטריות אורז דקות ורמיצ'לי 400 ג,לינג טונג רייס ורמיצ'ילי,,,"י""ח",400,ל גרם,false,1,7.60,1.90,false,1,
7290114606592,false,רוטב סויה מסורתית 46% פולי סויה מאסטר שף 620 ג',קריניציה ויטמינה אס,,,"י""ח",620,"ל מ""ל",false,1,14.40,2.32,false,1,
7290114606608,false,רוטב סויה מסורתי מאסטר שף דל נתרן 40 דל נתרן,קריניציה ויטמינה אס,,,"י""ח",620,"ל מ""ל",false,1,14.40,2.32,false,1,
7290114607391,false,"קולגייט משחת לילדים ברבי 2-5 שנים, 75 מ""ל",קולגייט פלמוליב,,,"י""ח",100,"ל מ""ל",false,1,12.70,12.70,false,1,
7290114608633,false,"דפי אצה מאסטר שף, 25 גרם",ש. שסטוביץ בע`מ,,,"י""ח",25,ל גרם,false,1,10.20,40.80,true,1,
7290114608640,false,מאסטר שף קרוטונים לסלט כוסמין 260 גרם,עינת תעשיות מזון אגו,,,"י""ח",260,ל גרם,false,1,15.30,5.88,false,1,
7290114608671,false,סילאן לחיץ 470 גרם מאסטר שף,ש. שסטוביץ בע`מ,,,"י""ח",470,ל גרם,false,1,13.60,2.89,false,1,
7290114721592,false,מברשת שיניים חשמלית פוג'יקום דינוזאור,פוגיקום בעמ,,,"י""ח",1,,false,1,34.10,34.10,true,1,
7290115073720,false,שלישיית ביצי שוקולד(חלב נוכרי)-לוני טונס,שמחה זה אנחנו בעמ,,,"י""ח",1,,false,1,12.70,12.70,false,1,
7290115190052,false,סיגריות מרלבורו מדיום פלייבור מיקס,פיליפ מוריס בעמ,,,"י""ח",1,,false,1,29.80,29.80,false,1,
7290115190137,false,סיגריות מרלבורו טאצ סילבר יחידה,פיליפ מוריס בעמ,,,"י""ח",1,,false,1,26.40,26.40,false,1,
7290115190151,false,סיגריות מרלבורו טאצ גולד,פיליפ מוריס בעמ,,,"י""ח",1,,false,1,26.40,26.40,false,1,
7290115190175,false,פרלמנט סופר סלימס קופסא,פיליפ מוריס בעמ,,,"י""ח",1,,false,1,33.80,33.80,false,1,
7290115190212,false,סיגריות פרלמנט בלו 100 BR בודד,פיליפ מוריס בעמ,,,"י""ח",1,,false,1,33.80,33.80,false,1,
7290115190236,false,סיגריות פרלמנט קצר בלו בודד,פיליפ מוריס בעמ,,,"י""ח",1,,false,1,33.80,33.80,false,1,
7290115190250,false,סיגריות פרלמנט קצר בודד,פיליפ מוריס בעמ,,,"י""ח",1,,false,1,33.80,33.80,false,1,
7290115190274,false,סיגריות פרלמנט סילבר,פיליפ מוריס בעמ,,,"י""ח",1,,false,1,33.80,33.80,false,1,
7290115190335,false,ל.מ.בלו לייבל ארוך בוקס חפיסה,פיליפ מוריס בעמ,,,"י""ח",1,,false,1,26.10,26.10,false,1,
7290115190373,false,סיגריות ל.מ. קפסולהP,פיליפ מוריס בעמ,,,"י""ח",1,,false,1,26.10,26.10,false,1,
7290115190397,false,סיגריות L.M קצר רד לייבל בודד,פיליפ מוריס בעמ,,,"י""ח",1,,false,1,26.10,26.10,false,1,
7290115190434,false,סיגריות L.M וייב סלימס בודד,פיליפ מוריס בעמ,,,"י""ח",1,,false,1,26.10,26.10,false,1,
7290115190472,false,סיגריות נקסט אדג' בודד,פיליפ מוריס בעמ,,,"י""ח",1,,false,1,22.70,22.70,true,1,
7290115190496,false,סיגריות נקסט ארוך בודד,פיליפ מוריס בעמ,,,"י""ח",1,,false,1,25.60,25.60,false,1,
7290115190519,false,סיגריות נקסט פיין חפ,פיליפ מוריס בעמ,,,"י""ח",1,,false,1,25.60,25.60,false,1,
7290115190557,false,חפיסת סיגריות ריסס פילטר נקסט) (20,פיליפ מוריס בעמ,,,"י""ח",1,,false,1,23,23,true,1,
7290115190571,false,סיגריות נקסט לילך בודד,פיליפ מוריס בעמ,,,"י""ח",1,,false,1,25.60,25.60,false,1,
7290115190618,false,מרלבורו רד-טבק לגלגול סיגריות בודד,פיליפ מוריס בעמ,,,"י""ח",1,"י""ח",false,1,68.30,68.30,false,1,
7290115200003,false,אסם פתי בר פינוקי וניל 16*220 ג',קבוצת אוסם סחר שותפות מוגבלת,,,"י""ח",220,ל גרם,false,1,9.30,4.23,true,1,
7290115200027,false,אסם פתי בר פינוקים שוקו 220 גרם,קבוצת אוסם סחר שותפות מוגבלת,,,"י""ח",220,ל גרם,false,1,9.30,4.23,true,1,
7290115200676,false,עוגיות קרמוגית במילוי קרם בטעם קרמל מלוח,קבוצת אוסם סחר שותפות מוגבלת,,,"י""ח",200,ל גרם,false,1,10.20,5.10,true,1,
7290115201031,false,פתי בר פינוקי דובי שוקולד 175גר.,קבוצת אוסם סחר שותפות מוגבלת,,,"י""ח",175,ל גרם,false,1,9.30,5.31,true,1,
7290115201680,false,ביסלי חטיף בטעם ברביקין אסם (70 גרם),קבוצת אוסם סחר שותפות מוגבלת,,,"י""ח",70,ל גרם,false,1,4.40,6.29,true,1,
7290115201727,false,ביסלי חטיף בטעם בצל אסם (200 גרם),קבוצת אוסם סחר-שות.מוגבלת,,,"י""ח",200,ל גרם,false,1,7.60,3.80,true,1,
7290115202236,false,טופו קראנצי`ם 470 גרם טבעול,קבוצת אוסם סחר שותפות מוגבלת,,,"י""ח",693,ל גרם,false,1,38.90,5.61,true,1,
7290115202250,false,טופו קראנצי`ם צ`ילי פיקנטי 470 גרם טבעול,קבוצת אוסם סחר שותפות מוגבלת,,,"י""ח",693,ל גרם,false,1,38.90,5.61,true,1,
7290115202434,false,צבר סלט חומוס עם זעתר 375 גרם,קבוצת אוסם סחר שותפות מוגבלת,,,"י""ח",375,ל גרם,false,1,13.70,3.65,true,1,
7290115202847,false,מנה חמה פאוצ' נדלס ספייסי אסם 70 ג',קבוצת אוסם סחר שותפות מוגבלת,,,"י""ח",70,ל גרם,false,1,4.20,6,false,1,
7290115203172,false,במבה PRO מכיל 18 גרם חלבון בשקית,קבוצת אוסם סחר שותפות מוגבלת,,,"י""ח",80,ל גרם,false,1,3.70,4.63,true,1,
7290115203486,false,פירורית בטעם ביסלי גריל אסם 200 גרם,קבוצת אוסם סחר שותפות מוגבלת,,,"י""ח",200,ל גרם,false,1,7.40,3.70,false,1,
7290115204155,false,סחוג אדום המעדנייה ש,קבוצת אוסם סחר שותפות מוגבלת,,,"י""ח",190,ל גרם,false,1,10.20,5.37,true,1,
7290115204186,false,פסטו המעדינה של צבר,קבוצת אוסם סחר שותפות מוגבלת,,,"י""ח",190,ל גרם,false,1,14.40,7.58,true,1,
7290115205121,false,פיטנס בר פריכיות יוגורט תות 84 גרם.,קבוצת אוסם סחר-שות.מוגבלת,,,"י""ח",84,ל גרם,false,1,12.70,15.12,true,1,
7290115205176,false,729001032825פיטנס חטיפי קרקר כפרי 140גר.,קבוצת אוסם סחר שותפות מוגבלת,,,"י""ח",140,ל גרם,false,1,13.90,9.93,true,1,
7290115205251,false,פיטנס בר פירכיות קרמל מלוח 84 גרם,קבוצת אוסם סחר שותפות מוגבלת,,,"י""ח",84,ל גרם,false,1,12.70,15.12,true,1,
7290115205312,false,קרקר פיטנס דק עם זיתי קלמטה ועשבי תיבול,קבוצת אוסם סחר שותפות מוגבלת,,,"י""ח",140,ל גרם,false,1,11,7.86,true,1,
7290115205978,false,פתיבר ואצבעות שוקולד 180 גרם - רבנות,קבוצת אוסם סחר שותפות מוגבלת,,,"י""ח",180,ל גרם,false,1,10.20,5.67,true,1,
7290115206135,false,טבעול גורמה ארוחת קינואה 450 גרם,קבוצת אוסם סחר שותפות מוגבלת,,,"י""ח",450,ל גרם,false,1,29.80,6.62,true,1,
7290115206173,false,אסם פתי בר קרמל 12*500 גרם חדש,קבוצת אוסם סחר שותפות מוגבלת,,,"י""ח",500,ל גרם,false,1,12.90,2.58,true,1,
7290115206333,false,אסם עוגיות מיני שוקוצ'יפס 225גרם חדש,קבוצת אוסם סחר-שות.מוגבלת,,,"י""ח",225,ל גרם,false,1,9.30,4.13,true,1,
7290115207361,false,ביסקוויט פתיבר בטעם פיסטוק,קבוצת אוסם סחר שותפות מוגבלת,,,"י""ח",500,ל גרם,false,1,12.90,2.58,true,1,
7290115207880,false,סירופ ויטמינציק פטל 2 ליטר,קבוצת אוסם סחר שותפות מוגבלת,,,"י""ח",2,ליטר,false,1,35.80,17.90,false,1,
7290115207903,false,ויטמנצ'יק תרכיז תפוח 2 ליטר,קבוצת אוסם סחר שותפות מוגבלת,,,"י""ח",1,ליטר,false,1,35.80,35.80,false,1,
7290115208009,false,ויטמינצ'יק ענבים סירופ 1 ליטר,קבוצת אוסם סחר שותפות מוגבלת,,,"י""ח",1,ליטר,false,1,18.70,18.70,false,1,
7290115208047,false,סירופ פטל ויטמינצ`יק (1 ליטר),קבוצת אוסם סחר שותפות מוגבלת,,,"י""ח",1,ליטר,false,1,18.70,18.70,false,1,
7290115208061,false,ויטמינצ'יק תפוח סירופ 1 ליטר,קבוצת אוסם סחר שותפות מוגבלת,,,"י""ח",1,ליטר,false,1,18.70,18.70,false,1,
7290115208566,false,קרמוגית במילוי קרם בייגלה 200 גרם אסם,קבוצת אוסם סחר-שות.מוגבלת,,,"י""ח",200,ל גרם,false,1,10.20,5.10,true,1,
7290115208597,false,אסם קרמוגית מיניס קרמל מלוח 200 גרם,קבוצת אוסם סחר שותפות מוגבלת,,,"י""ח",200,ל גרם,false,1,10.20,5.10,true,1,
7290115208801,false,קרקר לחמית דבש ואגוזים אסם (190 גרם),קבוצת אוסם סחר שותפות מוגבלת,,,"י""ח",190,ל גרם,false,1,7.60,4,true,1,
7290115209198,false,במבה אוורירית אסם 80 גרם,קבוצת אוסם סחר שותפות מוגבלת,,,"י""ח",80,ל גרם,false,1,3.30,4.13,true,1,
7290115209235,false,ביסקוויט פתי בר קפה אסם (500 גרם),קבוצת אוסם סחר שותפות מוגבלת,,,"י""ח",500,ל גרם,false,1,11.90,2.38,true,1,
7290115209358,false,במבה במילוי בראוניז אסם (60 גרם),קבוצת אוסם סחר שותפות מוגבלת,,,"י""ח",600,ל גרם,false,1,3.70,0.62,true,1,
7290115209372,false,במבה במילוי בראוניז 150 גרם אוסם,קבוצת אוסם סחר שותפות מוגבלת,,,"י""ח",200,ל גרם,false,1,9.30,4.65,true,1,
7290115403312,false,עוגיות מלוחות קריספי עגול 450ג דל,שיבולים יצור ושיווק מוצרי מאפה,,,"י""ח",450,ל גרם,false,1,13.60,3.02,false,1,
7290115403367,false,עוגיות קוואקר פריכות 500ג דל,שיבולים יצור ושיווק מוצרי מאפה,,,"י""ח",500,ל גרם,false,1,13.60,2.72,false,1,
7290115403404,false,עוגיות פרפריות שוקו 450ג דל,שיבולים יצור ושיווק מוצרי מאפה,,,"י""ח",450,ל גרם,false,1,13.60,3.02,false,1,
7290115403435,false,עוגיות מעמול תמר 500 גרם,שיבולים יצור ושיווק מוצרי מאפה,,,"י""ח",500,ל גרם,false,1,13.60,2.72,false,1,
7290115403473,false,עוגיות עינוגי שוקולד 500ג דל,שיבולים יצור ושיווק מוצרי מאפה,,,"י""ח",500,ל גרם,false,1,13.60,2.72,false,1,
7290115403480,false,עוגיות בסגנון מרוקאי מיני 500ג דל,שיבולים יצור ושיווק מוצרי מאפה,,,"י""ח",500,ל גרם,false,1,13.60,2.72,false,1,
7290115403510,false,עוגיות מגולגלות תמרים 500ג דל,שיבולים יצור ושיווק מוצרי מאפה,,,"י""ח",500,ל גרם,false,1,13.60,2.72,false,1,
7290115642445,false,חנוכיה,צבע ומכחול (2014) בעמ,,,"י""ח",1,,false,1,111,111,false,1,
7290115670684,false,גרנולה שיבולת שועל עם אגוזי לוז,אנרג'י Energy - שטראוס,,,"י""ח",400,ל גרם,false,1,11.90,2.98,true,1,
7290115670691,false,גרנולה שיבולת שועל עם פירות יער,אמקו ספול אס. אר.או,,,"י""ח",400,ל גרם,false,1,11.90,2.98,true,1,
7290115671223,false,מסטיק מאסט פאן אבטיח מנגו צנצנת 58 גרם,שטראוס גרופ בע`מ,,,"י""ח",58,ל גרם,false,1,8.50,14.66,true,1,
7290115675986,false,דנונה יוגורט בר עם אגוזים מקורמלים 173 גרם,שטראוס גרופ בעמ/מצונן,,,"י""ח",173,"ל מ""ל",false,1,3.80,2.20,true,1,
7290115676051,false,"משקה אקטיביה שיבולת שועל במתיקות מעודנת 250 מ""ל",שטראוס גרופ בעמ/מצונן,,,"י""ח",265,"ל מ""ל",false,1,4.20,1.58,true,1,
7290115676082,false,משקה דנונה פרו 20 יוגורט תות 255 ג' רבנות,שטראוס גרופ בעמ/מצונן,,,"י""ח",265,"ל מ""ל",false,1,5.90,2.23,true,1,
7290115676099,false,משקה דנונה פרו 20 יוגורט וניל 255 ג' רבנות,שטראוס גרופ בעמ/מצונן,,,"י""ח",265,"ל מ""ל",false,1,5.90,2.23,true,1,
7290115676341,false,אריזות דבש אישיות טו גו 18 * 162 ג' יד מרדכי,מכוורת יד מרדכי שטראוס ב,,,"י""ח",162,ל גרם,false,1,17,10.49,true,1,
7290115677362,false,"נודלס טריאקי ""דלישס"" שטראוס",קפוא-זן תעשיות מזון בעמ - תפוג,,,"י""ח",300,ל גרם,false,1,23,7.67,true,1,
7290115677409,false,אורז קארי צהוב עם ירקות ברוטב קארי וקרם קוקוס,קפוא זן תעשיות מזון בעמ,,,"י""ח",300,ל גרם,false,1,23,7.67,true,1,
7290115677423,false,אורז ירוק קארי חריף חריף דלישס 350 גרם,קפוא-זן תעשיות מזון בעמ - תפוג,,,"י""ח",300,ל גרם,false,1,23,7.67,true,1,
7290115678376,false,מעדן הגולן שוקולד 125 גרם,שטראוס גרופ בעמ/מצונן,,,"י""ח",125,ל גרם,false,1,2.50,2,true,1,
7290115678383,false,מעדן הגולן שוקולד מריר בודד 125גר,שטראוס גרופ בעמ/מצונן,,,"י""ח",125,ל גרם,false,1,2.50,2,true,1,
7290115678888,false,"אבקת שוקולית טופי וקרמל פחית, 500 גרם עלית",שטראוס קפה בי.וי.,,,"י""ח",500,ל גרם,false,1,13.30,2.66,true,1,
7290115679731,false,דלישס שייק פירות ירוק 150*2,קפוא זן תעשיות מזון בעמ,,,"י""ח",300,ל גרם,false,1,18.70,6.23,false,1,
7290115679762,false,דלישס שייק פירות צהוב 150*2,קפוא זן תעשיות מזון בעמ,,,"י""ח",300,ל גרם,false,1,18.70,6.23,false,1,
7290115679779,false,דלישס שייק פירות אדום 150*2,קפוא זן תעשיות מזון בעמ,,,"י""ח",300,ל גרם,false,1,18.70,6.23,false,1,
7290116530116,false,קליק שלישיית ברים שוקולד נוגט לבן 105 גרם,"יוניליוור ישראל שיווק בע""מ",,,"י""ח",106,ל גרם,false,1,10.30,9.72,true,1,
7290116530161,false,"תחליב רחצה בניחוח שייק אננס, מלון וחלב שיבולת שועל",יוניליוור ישראל שיווק בע`מ,,,"י""ח",750,"ל מ""ל",false,1,9.30,1.24,false,1,
7290116530215,false,דאודרנט סטיק לגבר דרק טמפטיישן 76 ג' אקס,"יוניליוור ישראלשיווק בע""מ",,,"י""ח",77,ל גרם,false,1,12.70,16.49,false,1,
7290116530482,false,תלמה מארז קורנפלקס אלופים 30 גרם*5 יחידו,יוניליוור ישראל שיווק בע`מ,,,"י""ח",150,ל גרם,false,1,8.60,5.73,false,1,
7290116530871,false,נשנושים מיקס בייגל בייגל 240 גרם,יוניליוור ישראל שיווק בע`מ,,,"י""ח",240,ל גרם,false,1,11,4.58,false,1,
7290116531083,false,"ברנפלקס ללא ת.סוכר בטעם דבש בתוספת שקדים, 400 גרם",יוניליוור ישראל שיווק בע`מ,,,"י""ח",500,ל גרם,false,1,17,3.40,true,1,
7290116531090,false,בייגל בייגל דג דג במליחות עדינה 250 גרם,"יוניליוור ישראל שיווק בע""מ",,,"י""ח",250,ל גרם,false,1,8.50,3.40,true,1,
7290116531557,false,"פריכיות פתית תירס עם מלח 150 גרם כשל""פ",יוניליוור ישראל שיווק בע`מ,,,"י""ח",150,ל גרם,false,1,9.30,6.20,false,1,
7290116531892,false,רוטב ברביקיו מעושן יום עצמאות קנור 350 גרם,יוניליוור ישראל שיווק בעמ,,,"י""ח",340,ל גרם,false,1,9.30,2.74,true,1,
7290116531908,false,רוטב מרינדה לגריל יום עצמאות קנור 340 גרם,יוניליוור ישראל שיווק בעמ,,,"י""ח",340,ל גרם,false,1,9.30,2.74,true,1,
7290116531977,false,אקס דאודורנט בודי ספריי סקייטבורד וורדים,יוניליוור ישראל שיווק בע`מ,,,"י""ח",150,"ל מ""ל",false,1,10.20,6.80,true,1,
7290116532240,false,קליק טבלה שוקולד חלב פצפוצי דגנים ועוגי 85 גרם רבנות,"יוניליוור ישראל שיווק בע""מ",,,"י""ח",100,ל גרם,false,1,4.20,4.20,true,1,
7290116532400,false,בייגל בייגל בייגלה מקלות עם מלח 235ג,"יוניליוור ישראל שיווק בע""מ",,,"י""ח",235,ל גרם,false,1,5,2.13,false,1,
7290116532585,false,דגני בוקר ברנפלקס קרנצ'ים בטעם דבש וקינמון,יוניליוור ישראל שיווק בע`מ,,,"י""ח",500,ל גרם,false,1,17,3.40,false,1,
7290116532738,false,רוטב איטלקי לסלט בזיליקום ואורגנו 305 גרם,יוניליוור ישראל שיווק בע`מ,,,"י""ח",295,ל גרם,false,1,8.50,2.88,false,1,
7290116532769,false,גרנולה פרוטאין גרנולה חלבון תפוח וקינמון תלמה 300 גרם,יוניליוור ישראל שיווק בע`מ,,,"י""ח",300,ל גרם,false,1,13.60,4.53,false,1,
7290116532882,false,נישנושים איירביס טעם בצל 155 גר`,יוניליוור ישראל שיווק בע`מ,,,"י""ח",150,ל גרם,false,1,10.20,6.80,false,1,
7290116532899,false,נישנושים איירביס טעם פלאפל 155 גר`,"יוניליוור ישראל שיווק בע""מ",,,"י""ח",150,ל גרם,false,1,10.20,6.80,false,1,
7290116532905,false,נישנושים איירביס טעם ברביקיו 155 גר`,יוניליוור ישראל שיווק בע`מ,,,"י""ח",150,ל גרם,false,1,10.20,6.80,false,1,
7290116930282,false,ארוחה בקטנה לאבנה עם קרקרים 150ג' תנובה,"תנובה בע""מ ***",,,"י""ח",150,ל גרם,false,1,6.80,4.53,false,1,
7290116930435,false,יופלה גו במרקם סמיך עם דובדבן 0% 200מל,תנובה מרכז שיתופי לש,,,"י""ח",200,"ל מ""ל",false,1,5,2.50,true,1,
7290116930671,false,"חלב קפה דל לקטוז 800מ""ל%1.8 קרטון","תנובה בע""מ ***",,,"י""ח",1,ליטר,false,1,6.20,6.20,false,1,
7290116930954,false,יוגורט טעם פאי תפוחים 3% 150 ג' יופלה,תנובה בעמ ***,,,"י""ח",150,"ל מ""ל",false,1,4.30,2.87,false,1,
7290116931029,false,משקה בריסטה ש.שועל בטעם אייריש 1ל,"תנובה בע""מ ***",,,"י""ח",1,ליטר,false,1,11,11,true,1,
7290116931081,false,מעדן סויה - טופי קרמל 125 גרם אלטרנטיב,תנובה מרכז שיתופי לש,,,"י""ח",125,"ל מ""ל",false,1,3.20,2.56,false,1,
7290116931104,false,יופלה GO במרקם סמיך עם אננס 0% תנובה 200 גרם,תנובה בעמ ***,,,"י""ח",200,"ל מ""ל",false,1,5,2.50,true,1,
7290116931432,false,משקה סחלב ש.שועל 1ל,"תנובה בע""מ ***",,,"י""ח",1,ליטר,false,1,11,11,true,1,
7290117030363,false,"כוסות מעוטרות ""האומן"" 40 יח ""שווה""",ח.כהן סוכנות מזון ומשקאות בע,,,,40,"י""ח",false,1,7.60,0.19,true,1,
7290117030622,false,3 תבניות זהב ומכסה אובלי בינוני SW9705,ח.כהן סוכנות מזון ומשקאות בע,,,"י""ח",3,"י""ח",false,1,11.90,3.97,false,1,
7290117030752,false,תבניות ארוז *7 (R31/105) מרובעות שווה,ח.כהן סוכנות מזון ומשקאות בע,,,"י""ח",7,"י""ח",false,1,6.80,0.97,true,1,
7290117030769,false,תבניות ארוז (R2/90)*7 מלבן ארוך שווה ח,ח.כהן סוכנות מזון ומשקאות בע,,,"י""ח",7,"י""ח",false,1,6.80,0.97,true,1,
7290117030776,false,תבניות ארוז מלבן עמוק *7 (R64/80A) שוו,ח.כהן סוכנות מזון ומשקאות בע,,,"י""ח",7,"י""ח",false,1,6.80,0.97,true,1,
7290117030783,false,תבניות ארוז *4 (R99/210) ענקיות חדש ש,ח.כהן סוכנות מזון ומשקאות בע,,,"י""ח",4,"י""ח",false,1,6.80,1.70,true,1,
7290117030790,false,תבניות ארוז *10 R88 אינגליש שווה חדש,ח.כהן סוכנות מזון ומשקאות בע,,,"י""ח",10,"י""ח",false,1,6.80,0.68,true,1,
7290117030806,false,תבניות ארוז *10 טוסטר (R29 B8) שווה חד,ח.כהן סוכנות מזון ומשקאות בע,,,"י""ח",10,"י""ח",false,1,6.80,0.68,true,1,
7290117030813,false,תבניות ארוז *4 C60 עגול עמוק שווה חדש,ח.כהן סוכנות מזון ומשקאות בע,,,"י""ח",4,"י""ח",false,1,6.80,1.70,true,1,
7290117030820,false,תבניות ארוז *4 C10 עגול גדול שווה חדש,ח.כהן סוכנות מזון ומשקאות בע,,,"י""ח",4,"י""ח",false,1,6.80,1.70,true,1,
7290117031056,false,צלחות דקל מרובעות גדולות 10 יח`שווה*,ח.כהן סוכנות מזון ומשקאות בע,,,,10,"י""ח",false,1,12.70,1.27,true,1,
7290117031537,false,כוסות נייר גודל 16 שווה 40 יח (25 בקר,ח.כהן סוכנות מזון ומשקאות בע,,,"י""ח",40,"י""ח",false,1,16.20,0.41,true,1,
7290117031544,false,כוסות נייר גודל 4 שווה 40 יח (25 בקר,ח.כהן סוכנות מזון ומשקאות בע,,,"י""ח",40,"י""ח",false,1,5.90,0.15,true,1,
7290117031551,false,כוסות נייר גודל 2.5 שווה 40 יח (25 בקר,ח.כהן סוכנות מזון ומשקאות בע,,,"י""ח",40,"י""ח",false,1,4.20,0.11,true,1,
7290117032008,false,מזלגונים איכותי 40יח קרם שווה,ח.כהן סוכנות מזון ומשקאות בע,,,"י""ח",40,"י""ח",false,1,5.90,0.15,true,1,
7290117032015,false,מזלגות איכותים 40יח שקוף שווה *,ח.כהן סוכנות מזון ומשקאות בע,,,"י""ח",40,"י""ח",false,1,5.90,0.15,true,1,
7290117032022,false,מזלגונים איכותי 40יח צבעוני שווה,ח.כהן סוכנות מזון ומשקאות בע,,,"י""ח",40,"י""ח",false,1,5.90,0.15,true,1,
7290117032039,false,סכינים איכותיות 40יח קרם שווה*,ח.כהן סוכנות מזון ומשקאות בע,,,"י""ח",40,"י""ח",false,1,5.90,0.15,true,1,
7290117032060,false,כפות איכותיות 40יח קרם שווה*,ח.כהן סוכנות מזון ומשקאות בע,,,"י""ח",40,"י""ח",false,1,5.90,0.15,true,1,
7290117032077,false,כפות איכותיות 40יח שקוף שווה*,ח.כהן סוכנות מזון ומשקאות בע,,,"י""ח",40,"י""ח",false,1,5.90,0.15,true,1,
7290117032091,false,כפיות איכותיות 40יח קרם שווה*,ח.כהן סוכנות מזון ומשקאות בע,,,"י""ח",40,"י""ח",false,1,5.90,0.15,true,1,
7290117032107,false,כפיות איכותיות 40יח שקוף שווה*,ח.כהן סוכנות מזון ומשקאות בע,,,"י""ח",40,"י""ח",false,1,5.90,0.15,true,1,
7290117032114,false,כפיות איכותי 40יח צבעוני שווה,ח.כהן סוכנות מזון ומשקאות בע,,,"י""ח",40,"י""ח",false,1,5.90,0.15,true,1,
7290117032589,false,צלחת גדולה אריזה משפחתית 60יח שווה,ח.כהן סוכנות מזון ומשקאות בע,,,,60,"י""ח",false,1,22.10,0.37,true,1,
7290117032596,false,"צלחות גדולות 60 יח אריזה משפחתית ""שווה",ח.כהן סוכנות מזון ומשקאות בע,,,,60,"י""ח",false,1,22.10,0.37,true,1,
7290117032602,false,צלחת ענקית אריזה משפחתית 35יח שווה,ח.כהן סוכנות מזון ומשקאות בע,,,,35,"י""ח",false,1,22.10,0.63,true,1,
7290117033005,false,מארז פופקורן למיקרו מלח 5*100 ג`שווה*,ח.כהן סוכנות מזון ומשקאות בע,,,"י""ח",500,ל גרם,false,1,9.30,1.86,true,1,
7290117033012,false,מארז פופקורן למיקרו חמאה 5*100 ג`שווה*,ח.כהן סוכנות מזון ומשקאות בע,,,"י""ח",500,ל גרם,false,1,9.30,1.86,true,1,
7290117033029,false,מארז פופקורן למיקרו לייט 5*85 ג`שווה*,ח.כהן סוכנות מזון ומשקאות בע,,,"י""ח",425,ל גרם,false,1,9.30,2.19,true,1,
7290117260449,false,גבינה בולגרית מעודנת למריחה בטעם טבעי 5% שומן 200 ג' יורו,ג.וילי-פוד אינטרנשיונל **גבינו,,,"י""ח",200,ל גרם,false,1,8.50,4.25,false,1,
7290117260470,false,גבינה בולגרית מעודנת למריחה עם שום 5% שומן 200 ג' יורו,ג.וילי-פוד אינטרנשיונל **גבינו,,,"י""ח",200,ל גרם,false,1,8.50,4.25,false,1,
7290117260562,false,חמאה כפרית מסורתית בגביע,ג.וילי-פוד אינטרנשיונל **גבינו,,,"י""ח",225,ל גרם,false,1,14.40,6.40,false,1,
7290117260623,false,קרמבו וניל בציפוי שוקולד חלב 300 ג' תן בו,ג.וילי-פוד אינטרנשיונל בעמ,,,"י""ח",300,ל גרם,false,1,17,5.67,false,1,
7290117260685,false,תן בו וניל ציפויים בטעמים שונים 230 גרם,ג. וילי-פוד אינטרנשיונל בע`מ,,,"י""ח",300,ל גרם,false,1,17,5.67,false,1,
7290117260975,false,זיתי קלמטה מגולענים במי מלח 300 גרם ויליפוד,ג. וילי-פוד אינטרנשיונל בע`מ,,,"י""ח",300,ל גרם,false,1,7.60,2.53,true,1,
7290117260982,false,זיתים שחור מגולענים במי מלח וילי פוד300,ג.וילי פוד אינטרנשיונל בעמ,,,"י""ח",300,ל גרם,false,1,7.60,2.53,true,1,
7290117260999,false,זיתים ירוקיםמגולענים על הגריל במרינדה 310 גרם ויליפוד,ג.וילי פוד אינטרנשיונל בעמ,,,"י""ח",310,ל גרם,false,1,9.30,3,false,1,
7290117261002,false,זיתי קלמטה במי מלח 350 גרם ויליפוד,ג. וילי-פוד אינטרנשיונל בע`מ,,,"י""ח",350,ל גרם,false,1,7.60,2.17,true,1,
7290117261019,false,זיתים ירוקים ממולאים מחית פלפלים אדומים במי מלח 300 גרם,ג. וילי-פוד אינטרנשיונל בע`מ,,,"י""ח",300,ל גרם,false,1,7.60,2.53,true,1,
7290117261088,false,בוראטה גבינת מוצרלה רכה 18% שומן 125 גר`,ג.וילי-פוד אינטרנשיונל **גבינו,,,"י""ח",125,ל גרם,false,1,20.40,16.32,false,1,
7290117261606,false,פרוסות צהובה בטעם טבעי טבעוני 140 גרם,ג.וילי פוד אינטרנשיונל בעמ,,,"י""ח",140,ל גרם,false,1,12.70,9.07,false,1,
7290117261613,false,מגורדת טבעונית בטעם טבעי 200 גרם,ג.וילי פוד אינטרנשיונל בעמ,,,"י""ח",200,ל גרם,false,1,12.70,6.35,false,1,
7290117261620,false,פרוסות צהובה בטעם מעושן טבעוני 140 גרם,ג.וילי פוד אינטרנשיונל בעמ,,,"י""ח",140,ל גרם,false,1,12.70,9.07,false,1,
7290117261637,false,פרוסות צהובה בטעם צילי טבעוני 140 גרם,ג.וילי פוד אינטרנשיונל בעמ,,,"י""ח",140,ל גרם,false,1,12.70,9.07,false,1,
7290117261644,false,פרוסות צהובה בטעם צדר טבעוני 140 גרם,ג.וילי פוד אינטרנשיונל בעמ,,,"י""ח",140,ל גרם,false,1,12.70,9.07,false,1,
7290117261668,false,לבנה בסגנון יווני טבעוני 200 גרם,ג.וילי פוד אינטרנשיונל בעמ,,,"י""ח",200,ל גרם,false,1,12.70,6.35,false,1,
7290117261675,false,מגורדת טבעונית בטעם צ'דר 200 גרם,ג.וילי פוד אינטרנשיונל בעמ,,,"י""ח",200,ל גרם,false,1,12.70,6.35,false,1,
7290117261989,false,גבינת מנורי רכה מחלב צאן 43% שומן 170 גרם,ג.וילי-פוד אינטרנשיונל **גבינו,,,"י""ח",170,ל גרם,false,1,15.30,9,false,1,
7290117262061,false,רגע-וופל במילוי טעם קקאו ואגוזי לוז 200 גרם ויליפוד,ג.וילי פוד אינטרנשיונל בעמ,,,"י""ח",200,ל גרם,false,1,10.20,5.10,true,1,
7290117262160,false,גבינה כפרית 20% שומן EURO CHEESE ויליפוד 200 גרם,ג.וילי-פוד אינטרנשיונל **גבינו,,,"י""ח",200,ל גרם,false,1,14.40,7.20,false,1,
7290117262221,false,"משקה יוגורט פרוביוטי עם אננס 200מ""ל 2.3%שומן יורו",ג.וילי-פוד אינטרנשיונל **גבינו,,,"י""ח",200,ל גרם,false,1,4.20,2.10,true,1,
7290117380215,false,חטיף פוף קראנץ בטעם טאקו 60 גרם,ש. שסטוביץ בע`מ,,,"י""ח",40,ל גרם,false,1,3.30,8.25,true,1,
7290117382325,false,חטיף חלבון מצופה שוקולד חלב פרו 33 סלים דליס 60 ג,"י. מרבה ישראל בע""\מ",,,"י""ח",60,ל גרם,false,1,11,18.33,true,1,
7290117382332,false,סלים דליס פרו 33 חטיף חלבון שוקולד בטעם עוגיות 60 גרם,"י. מרבה ישראל בע""\מ",,,"י""ח",60,ל גרם,false,1,11,18.33,true,1,
7290117383711,false,"מארז זוג תחליב רחצה חלב ודבש *750 מ""ל פלמוליב",קולגייט פלמוליב,,,"י""ח",1.50,ליטר,false,1,27.30,18.20,true,1,
7290117383742,false,"מארז זוג ג'ל רחצה לגבר 750 מ""ל פלמוליב",קולגייט פלמוליב,,,"י""ח",1.50,ליטר,false,1,27.30,18.20,true,1,
7290117760918,false,כוס נייר טאצ 9 OZ שרוול 50כוסות,שניב תעשיות נייר בעמ,,,"י""ח",50,"י""ח",false,1,10.20,0.20,true,1,
7290117860038,false,"הוואי - תחליב רחצה יוגורט בניחוח אוכמניות 700 מ""ל","טרופיקל דגיל בע""\מ",,,"י""ח",700,"ל מ""ל",false,1,12.70,1.81,true,1,
7290117860045,false,שמפו תמציות אלוורה ותה ירוק לשיער רגיל,"טרופיקל גליל בע""מ",,,"י""ח",700,"ל מ""ל",false,1,12.70,1.81,true,1,
7290117860083,false,"הוואי קרם רחצה יוגורט בניחוח אירוס זהוב ודבש 700 מ""ל","טרופיקל דגיל בע""\מ",,,"י""ח",700,"ל מ""ל",false,1,12.70,1.81,true,1,
7290117860090,false,מרכך תמציות אלוורה ותה ירוק לשיער רגיל,"טרופיקל דגיל בע""\מ",,,"י""ח",700,"ל מ""ל",false,1,12.70,1.81,true,1,
7290117860137,false,"הוואי קרם רחצה יוגורט בניחוח פרח הקמליה 700 מ""ל","טרופיקל גליל בע""מ",,,"י""ח",700,"ל מ""ל",false,1,12.70,1.81,true,1,
7290117860182,false,"הוואי - תחליב רחצה בניחוח מגנוליה ושמן שקדים 700 מ""ל","טרופיקל דגיל בע""\מ",,,"י""ח",700,"ל מ""ל",false,1,12.70,1.81,true,1,
7290117860281,false,"הוואי - ג'ל רחצה לגבר בניחוח עוצמתי 700 מ""ל","טרופיקל דגיל בע""\מ",,,"י""ח",700,"ל מ""ל",false,1,12.70,1.81,true,1,
7290117860298,false,שמפו קומפלקס קרטין לשיער עדין או חלש,"טרופיקל גליל בע""מ",,,"י""ח",700,"ל מ""ל",false,1,12.70,1.81,true,1,
7290117860397,false,שמפו תמצית פריחת הדובדבן לשיער רגיל,"טרופיקל גליל בע""מ",,,"י""ח",700,"ל מ""ל",false,1,12.70,1.81,true,1,
7290117860441,false,הוואי מרכך פריחת הדובדבן 700 מ`ל,"טרופיקל גליל בע""מ",,,"י""ח",700,"ל מ""ל",false,1,12.70,1.81,true,1,
7290117860595,false,הוואי מרכך לילדים רוזמרין מנגו ומשמש 700,"טרופיקל גליל בע""מ",,,"י""ח",700,"ל מ""ל",false,1,12.70,1.81,true,1,
7290117860649,false,הוואי שמפו קרטין קיק ללא סולפטים 700 מל,"טרופיקל גליל בע""מ",,,"י""ח",700,"ל מ""ל",false,1,12.70,1.81,true,1,
7290117860694,false,הוואי מרכך קרטין קיק ללא סולפטים 700 מל,"טרופיקל גליל בע""מ",,,"י""ח",700,"ל מ""ל",false,1,12.70,1.81,true,1,
7290117901182,false,בוטן קליפה קלוי 350 גרם ששון הקלה,דין שיווק וקליה 2021 בעמ,,,"י""ח",350,ל גרם,false,1,8.60,2.46,false,1,
7290117901786,false,גרעיני דלעת קלופים 250גר מחנה יהודה,דין שיווק וקליה 2021 בעמ****,,,"י""ח",250,ל גרם,false,1,17,6.80,true,1,
7290117901793,false,גרעיני חמניה קלופים 250גר מחנה יהודה,דין שיווק וקליה 2021 בעמ****,,,"י""ח",250,ל גרם,false,1,12.70,5.08,true,1,
7290118420378,false,פתיבר פינוקים בטעם תותים בשמנת - חלבי,קבוצת אוסם סחר שותפות מוגבלת,,,"י""ח",220,ל גרם,false,1,9.30,4.23,true,1,
7290118751649,false,אנטריקוט פרוס טרי חלק ארוז *,"ח.י. מעדני גורמה בע""מ",,,"ק""ג",1,,true,1,170.10,170.10,true,1,
7290118751656,false,אנטריקוט פרוס דק טרי חלק ארוז*,"ח.י. מעדני גורמה בע""מ",,,"ק""ג",1,,true,1,170.10,170.10,true,1,
7290118751663,false,רוסטביף לתנור טרי חלק ארוז **,"ח.י. מעדני גורמה בע""מ",,,קוב,1,,true,1,76.80,76.80,false,1,
7290118751670,false,צלי כתף חצוי טרי חלק ארוז**,"ח.י. מעדני גורמה בע""מ",,,"ק""ג",1,,true,1,85.40,85.40,false,1,
7290118751687,false,שריר טרי חלק ארוז **,"ח.י. מעדני גורמה בע""מ",,,"ק""ג",1,"ק""ג",true,1,59.70,59.70,true,1,
7290118751694,false,שריר עגל מעובד מופשר חלק ארוז**,"ח.י. מעדני גורמה בע""מ",,,"ק""ג",1,,true,1,51.20,51.20,false,1,
7290118751700,false,גולש טרי חלק ארוז**,"ח.י. מעדני גורמה בע""מ",,,"ק""ג",1,,true,1,68.30,68.30,false,1,
7290118751717,false,בשר לטחינה טרי חלק ארוז**,"ח.י. מעדני גורמה בע""מ",,,"ק""ג",1,,true,1,51.20,51.20,false,1,
7291044045550,false,מייבש שיער מקצועי 2100W,סמיקום לקסיס בעמ,,,"י""ח",1,,false,1,100,100,false,1,
7291044047233,false,קומקום חשמלי 1.7ליטר יונדאי,סמיקום לקסיס בעמ,,,"י""ח",1,,false,1,59.70,59.70,true,1,
7291044091298,false,מיקסר יד חשמלי+קערה 300W יונדאי,סמיקום לקסיס בעמ,,,"י""ח",1,,false,1,128.10,128.10,false,1,
7291044091304,false,מיקסר יד חשמלי 250W יונדאי.,סמיקום לקסיס בעמ,,,"י""ח",1,,false,1,85.40,85.40,false,1,
7291044105322,false,מיחם שבת עד 40 כוסות 2000W 6.50L,סמיקום לקסיס בעמ,,,"י""ח",1,,false,1,213.60,213.60,false,1,
7291045000350,false,"פחם 1.8ק""ג.",מחמד זייד,,,"י""ח",1.80,"ק""ג",false,1,12.70,7.06,false,1,
7291045000442,false,פחם אלשאם 2 ק``ג,מחמד זייד,,,"י""ח",1,,false,1,11.90,11.90,false,1,
7297028161575,false,קרסוליות גבר (10 ) לבן/שחור/מעורב,ביג מול בעמ,,,"י""ח",1,,false,1,25.60,25.60,false,1,
7297028161582,false,עשיריית גרבי אקטיב נשים 36-41,ביג מול בעמ,,,"י""ח",1,,false,1,25.60,25.60,false,1,
7297579011350,false,שמיכת כירבולית לונדון,"דהן פרוספר בע""מ",,,"י""ח",1,,false,1,12.70,12.70,true,1,
7297579011565,false,שלישיית מגבות מטבח גינגר,דניאלה ע.י בעמ,,,"י""ח",1,,false,1,10.20,10.20,false,1,
7312040017683,false,מארז אבסולוט רגיל(וודקה {}{700 עם כוס,טמפו משקאות בע`מ,,,"י""ח",750,"ל מ""ל",false,1,59.80,7.93,true,1,
7394376123337,false,"משקה שיבולת שועל אורגני מפוקח ע""י סקאל",טרנסומס פוד איי.בי,,,"י""ח",1,ליטר,false,1,11.90,11.90,false,1,
7394376615825,false,אוטלי משקה שיבולת שועל מועשר בסידן וויטמינים 1 ליטר,ש. שסטוביץ בע`מ,,,"י""ח",1,ליטר,false,1,11.90,11.90,false,1,
7394376616778,false,אוטלי משקה שיבולת שועל להקצפה בריסטה 1 ליטר,ש. שסטוביץ בע`מ,,,"י""ח",1,ליטר,false,1,13.60,13.60,false,1,
7394376620294,false,אוטלי משקה שיבולת שועל בטעם וניל 1 ליטר,איי אם פי אס איי תעש,,,"י""ח",1,ליטר,false,1,13.60,13.60,false,1,
7501013101348,false,"ג'ומקס מנגו בקבוק 473 מ""ל תריסר",חומקס קומר קומרסאליזדורה,,,"י""ח",473,"ל מ""ל",false,1,6.90,1.40,true,1,
7501013122039,false,ג'ומקס מיץ מנגו קרטונית ליטר תריסר,חומקס קומר קומרסאליזדורה,,,"י""ח",1,ליטר,false,1,8,8,true,1,
7501013122053,false,נקטר אפרסק ג'ומקס בקרטונית 1 ליטר,חומקס קומר קומרסאליזדורה,,,"י""ח",1,ליטר,false,1,8.10,8.10,true,1,
7501013122114,false,ג'ומקס מיץ אננס קרטונית ליטר תריסר,חומקס קומר קומרסאליזדורה,,,"י""ח",1,ליטר,false,1,8,8,true,1,
7501013122190,false,ג'ומקס מיץ תפוחים קרטונית ליטר תריסר,חומקס קומר קומרסאליזדורה,,,"י""ח",1,ליטר,false,1,8,8,true,1,
7501013122992,false,ג'ומקס מיץ קוקוס אננס קרטונית ליטר תריסר,חומקס קומר קומרסאליזדורה,,,"י""ח",1,ליטר,false,1,8,8,true,1,
7501049936945,false,"בירה סול שישייה בקבוק 330 מ""ל",פארייפאבה אגרואינדוס,,,"י""ח",1.98,ליטר,false,1,34.10,16.46,true,1,
7501064191398,false,שישיית בירה קורונה אקסטרא *355 מל,קריניציה ויטמינה אס,,,"י""ח",6,"י""ח",false,1,34.10,5.43,true,1,
7509546061665,false,דאודורנט סטיק ג'ל לגבר 24/7 אקסטרים אינטנס,קולגייט פלמוליב,,,"י""ח",1,"י""ח",false,1,17,17,true,1,
7509546666846,false,"משחת שיניים פחם טוטאל 75 מ""ל קולגייט",קולגייט פלמוליב,,,"י""ח",75,"ל מ""ל",false,1,17,22.67,false,1,
7610113011652,false,בריזר - משקה כוהלי מוגז בטעם תפוח,בקרדי בריזר Bacardi Breezer,,,"י""ח",275,"ל מ""ל",false,1,12.20,4.33,true,1,
7610211130903,false,הרמזית ממתיק 800+200 טבליות,דיפלומט מפיצים (1968) בעמ**,,,"י""ח",800,ל גרם,false,1,23.50,2.94,false,1,
7610243004463,false,"דורגול - מרסס להסרת אבנית במקלחון 600 מ""ל","יעקב יעקבי ובניו בע""מ",,,"י""ח",500,"ל מ""ל",false,1,20.30,4.06,true,1,
7610400010481,false,שוקולד לינדט אקסלנס מילק 100 גר`,לינדט ושפרונגלי קילשברג,,,"י""ח",10,ל גרם,false,1,14.40,144,true,1,
7610400068529,false,לינדט לינדור בונבוניירה כדורי שוקולד מטעמים 200 גרם,לינדט ושפרונגלי קילשברג,,,"י""ח",200,ל גרם,false,1,25.30,12.65,true,1,
7610400075787,false,לינדט לה גרנד שוקולד חלב אגוז 150 גרם,לינדט ושפרונגלי קילשברג,,,"י""ח",140,ל גרם,false,1,21.30,15.21,true,1,
7610400091060,false,שוקולד מריר לינדט אקסלנס בתוספת תפוז ושקדים,לינדט ושפרונגלי קילש,,,"י""ח",100,ל גרם,false,1,14.40,14.40,true,1,
7613030979647,false,דגני בוקר טריקס פירות עולם היורה 480 ג',קבוצת אוסם סחר שותפות מוגבלת,,,"י""ח",4.80,"י""ח",false,1,28.90,6.02,true,1,
7613035635845,false,פיטנס גרנולה שוקולד 300 גר`אסם,קבוצת אוסם סחר-שות.מוגבלת,,,"י""ח",300,ל גרם,false,1,16.70,5.57,false,1,
7613035809123,false,פרפקטו רוטב עגבניות עם פלפלים אסם 400 גרם,קבוצת אוסם סחר שותפות מוגבלת,,,"י""ח",400,ל גרם,false,1,10.70,2.68,true,1,
7613036520492,false,פרפקטו רוטב עגבניות לפיצה אסם 400 גרם,קבוצת אוסם סחר-שות.מוגבלת,,,"י""ח",400,ל גרם,false,1,10.70,2.68,true,1,
7613036725309,false,דנטלייף חטיף דנטלי לחתול בטעם עוף,קבוצת אוסם סחר-שות.מוגבלת,,,"י""ח",40,ל גרם,false,1,9.30,23.25,false,1,
7613036867870,false,נסקפה דולצה גוסטו אספרסו בריסטה קפסולות 112 ג',קבוצת אוסם סחר-שות.מוגבלת,,,"י""ח",216,ל גרם,false,1,30,13.89,false,1,
7613036976671,false,פריסקיז פאוצ' עוף ברוטב 26*85גרם,קבוצת אוסם סחר שותפות מוגבלת,,,"י""ח",80,ל גרם,false,1,4.20,5.25,false,1,
7613036976718,false,פריסקיז פאוצ' ברווז ברוטב 26*85גרם,קבוצת אוסם סחר-שות.מוגבלת,,,"י""ח",80,ל גרם,false,1,4.20,5.25,false,1,
7613037686906,false,פיטנס - דגני בוקר שקדים ודבש 355 גרם,קבוצת אוסם סחר שותפות מוגבלת,,,"י""ח",355,ל גרם,false,1,22.90,6.45,true,1,
7613038451954,false,דגני בוקר שוקולד מופחת סוכר 410 ג' קראנץ',קבוצת אוסם סחר-שות.מוגבלת,,,"י""ח",410,ל גרם,false,1,23.90,5.83,true,1,
7613039770450,false,טבעול סנסשיונל בורגר צמחוני 226 גרם,קבוצת אוסם סחר שותפות מוגבלת,,,"י""ח",226,ל גרם,false,1,30.90,13.67,false,1,
7613039771174,false,טבעול סנסשיונל מינס טחון צמחוני 400 גרם,קבוצת אוסם סחר-שות.מוגבלת,,,"י""ח",226,ל גרם,false,1,30.90,13.67,false,1,
7613039881521,false,גרבר מחית מרק מנגו 190 גרם,קבוצת אוסם סחר שותפות מוגבלת,,,"י""ח",190,ל גרם,false,1,7.30,3.84,false,1,
7613287476678,false,דגני בוקר סינימיניס צ'ורוס נסטלה 360 ג',קבוצת אוסם סחר שותפות מוגבלת,,,"י""ח",360,ל גרם,false,1,27.70,7.69,true,1,
7613287855640,false,סטארבקס קפסולות קפה גוואטמלה 10 יחידות,קבוצת אוסם סחר שותפות מוגבלת,,,"י""ח",52,ל גרם,false,1,22.90,44.04,true,1,
7622010001858,false,עוגיות אוראו ממולאות קרם וניל 176 גרם.,דיפלומט מפיצים (1968) בעמ**,,,"י""ח",176,ל גרם,false,1,7.60,4.32,true,1,
7622201050757,false,מילקה שוקולד חלב במילוי קרם קרמל 100 ג,דיפלומט מפיצים (1968) בעמ**,,,"י""ח",100,ל גרם,false,1,7,7,true,1,
7622201137052,false,אוראו מיני קוקיס - עוגיות שוקולד צ'יפס ותחתית מצופה שוקולד חלב,דיפלומט מפיצים (1968) בעמ**,,,"י""ח",110,ל גרם,false,1,7.40,6.73,true,1,
7622201139278,false,גבינת פילדלפיה שמנת 150 גר`% (27 שומן),מיודלז אספניה פרודוק,,,"י""ח",150,ל גרם,false,1,12.70,8.47,false,1,
7622201401900,false,עוגיות מילקה סנסיישן אוראו 156 גרם,דיפלומט מפיצים (1968) בעמ**,,,"י""ח",156,ל גרם,false,1,9.30,5.96,true,1,
7622201521493,false,גבינת פילדלפיה שום ועשבי תיבול 150 גר` (,מיודלז אספניה פרודוק,,,"י""ח",150,ל גרם,false,1,12.70,8.47,true,1,
7622201798154,false,גבינת שמנת לייט מופחתת שומן 13% שומן,מיודלז אספניה פרודוק,,,"י""ח",150,ל גרם,false,1,13.90,9.27,false,1,
7622201802363,false,מילקה טבלת שוקולד חלב וצימוקים ואגוזים 100ג',דיפלומט מפיצים (1968) בעמ**,,,"י""ח",100,ל גרם,false,1,5.60,5.60,true,1,
7622201802394,false,שוקולד מילקה חלב מסרונים 100 גרם,מנדלז דויצ'\לנד סנקס פרו,,,"י""ח",100,ל גרם,false,1,5.60,5.60,true,1,
7622201808631,false,אוראו מיני עוגיות ממולאות קרם וניל 67גרם,דיפלומט מפיצים (1968) בעמ**,,,"י""ח",67,"ס""מ",false,1,5.90,8.81,true,1,
7622201813390,false,וופל במילוי קרם קקאו בציפוי שוקולד חלב,דיפלומט מפיצים (1968) בעמ**,,,"י""ח",150,ל גרם,false,1,9.30,6.20,true,1,
7622210078131,false,שוקולד חלב עם שבבי קרמל מילקה דיים 100 גרם,מנדלז דויצ'\לנד סנקס פרו,,,"י""ח",100,ל גרם,false,1,5.60,5.60,true,1,
7622210163899,false,שוקולד חלב במילוי סוכריות עדשים,דיפלומט מפיצים (1968) בעמ**,,,"י""ח",100,ל גרם,false,1,5.60,5.60,true,1,
7622210464729,false,אוראו גולדן עוגיות וניל במילוי קרם וניל,דיפלומט מפיצים (1968) בעמ**,,,"י""ח",154,"ס""מ",false,1,5.90,3.83,true,1,
7622210635105,false,עוגיות אוראו במילוי תות 154 גרם,דיפלומט מפיצים (1968) בעמ**,,,"י""ח",154,"ס""מ",false,1,5.90,3.83,true,1,
7622210637994,false,מיני עוגיות אוראו קראנצ'י בייטס אורגינל,דיפלומט מפיצים (1968) בעמ**,,,"י""ח",110,ל גרם,false,1,6.80,6.18,true,1,
7622210638021,false,מיני עוגיות אוראו קראנצ'י בייטס מצופים,דיפלומט מפיצים (1968) בעמ**,,,"י""ח",110,ל גרם,false,1,6.80,6.18,true,1,
7622210826053,false,מילקה שוקולד אוראו סנדוויץ 100 גרם,דיפלומט מפיצים (1968) בעמ**,,,"י""ח",92,ל גרם,false,1,5.60,6.09,true,1,
7622300315283,false,אוראו עוגיות ממולאות קרם וניל 154 גרם,דיפלומט מפיצים (1968) בעמ**,,,"י""ח",154,"ס""מ",false,1,5.90,3.83,true,1,
7622300356767,false,מילקה - עוגיות עם גרנולה וחתיכות של שוקולד חלב,דיפלומט מפיצים (1968) בעמ**,,,"י""ח",250,ל גרם,false,1,11.30,4.52,true,1,
7622300489427,false,עוגיות אוראו בציפוי בטעם שוקולד לבן 246 גרם,דיפלומט מפיצים (1968) בעמ**,,,"י""ח",264,ל גרם,false,1,15.30,5.80,true,1,
7622300489434,false,"עוגיות אוראו פאדג' בציפוי שוקולד חלב, 246 גרם",דיפלומט מפיצים (1968) בעמ**,,,"י""ח",264,ל גרם,false,1,15.30,5.80,true,1,
7622300495046,false,מילקה שוקולד חלב עם אקסטרה קקאו 100 גרם,מנדלז דויצ'\לנד סנקס פרו,,,"י""ח",100,ל גרם,false,1,6.90,6.90,true,1,
7622300503079,false,עוגיות ביסקוויט מצופה שוקולד חלב מילקה 200 גרם,דיפלומט מפיצים (1968) בעמ**,,,"י""ח",200,ל גרם,false,1,11.70,5.85,true,1,
7622300617820,false,מילקה שוקולד חלב במילוי קרם חלב ווניל ושבבי עוגיות אוראו 100 גרם,מנדלז דויצ'\לנד סנקס פרו,,,"י""ח",100,ל גרם,false,1,5.60,5.60,true,1,
7622300761363,false,עוגיות מיני אוראו במילוי קרם בטעם שוקולד בכוס,דיפלומט מפיצים (1968) בעמ**,,,"י""ח",67,ל גרם,false,1,5.90,8.81,true,1,
7630311507016,false,קפסולות קפה סטארבקס סאני דיי 12*57גר`,קבוצת אוסם סחר שותפות מוגבלת,,,"י""ח",57,ל גרם,false,1,18.70,32.81,true,1,
7630477891592,false,סטארבקס קפסולות קפה האוס בלנד 10 יחידות,קבוצת אוסם סחר שותפות מוגבלת,,,"י""ח",57,ל גרם,false,1,18.70,32.81,true,1,
7630477891691,false,סטארבקס קפסולות קפה קולמביה 10 יחידות,קבוצת אוסם סחר שותפות מוגבלת,,,"י""ח",57,ל גרם,false,1,22.90,40.18,true,1,
7630477891714,false,סטארבקס קפסולות קפה אספרסו 10 יחידות,קבוצת אוסם סחר שותפות מוגבלת,,,"י""ח",57,ל גרם,false,1,22.90,40.18,true,1,
7702024074625,false,חטיפי קרקר פיטנס Fitness עם חיטה מלאה,קבוצת אוסם סחר שותפות מוגבלת,,,"י""ח",234,ל גרם,false,1,13.90,5.94,false,1,
7702024258322,false,"חטיפי קרקר עם חיטה מלאה, צ'יה וזרעי פשתן פיטנס",קבוצת אוסם סחר שותפות מוגבלת,,,"י""ח",234,ל גרם,false,1,13.90,5.94,false,1,
7702174066631,false,לקקן יוגטה פין פופ במילוי מסטיק 170 גר,קומסטיבלס לה רוזה אס.איי,,,"י""ח",180,"ל מ""ל",false,1,7.60,4.22,false,1,
7702174068833,false,יוגטה סוכריות קשות על מקל ממולאות טופי בטעמי גלידת פירות 12 יח' 204 גרם,הדקלאים אגודת שיתופי,,,"י""ח",216,ל גרם,false,1,8.50,3.94,false,1,
7702174070201,false,יוגטה לקקן בטעם מסטיק ממולא טופי בטעם תות 12 יח' 204 גרם,הדקלאים אגודת שיתופי,,,"י""ח",216,ל גרם,false,1,8.50,3.94,false,1,
7702174073783,false,סוכריות על מקל בטעם קולה במילוי גומי לעיסה,הדקלאים אגודת שיתופי,,,"י""ח",216,ל גרם,false,1,7.60,3.52,false,1,
7702174073844,false,לקקן יוגטה פין פופ פירות 48 יח 672 גרם,הדקלאים אגודת שיתופי,,,"י""ח",672,ל גרם,false,1,17,2.53,false,1,
7792860006218,false,סוכריות לקקן בייבי דול לריטייר (24 גרם),גוד פוד פרודקטס S.p,,,"י""ח",24,ל גרם,false,1,1.90,7.92,true,1,
7798378440018,false,אוכמניות יחידה,ביכורי השדה צפון 1994 ג.ד. בעמ,,,"י""ח",1,,false,1,15.90,15.90,true,1,
7798382150019,false,אוכמניות טריות 125גרם,ביכורי השדה צפון 1994 ג.ד. בעמ,,,"י""ח",1,,false,1,15.90,15.90,true,1,
7804414000884,false,שרדונה BIN דון חוליו (750 מל),צ'ילה לואיס פיליפה אדוארדס,,,"י""ח",750,"ל מ""ל",false,1,25.20,3.32,false,1,
7804414012344,false,יין סוביניון בלאן 750 מל דון חוליו,הכרם - משקאות חריפים בעמ,,,"י""ח",750,"ל מ""ל",false,1,25.20,3.32,false,1,
7804414012351,false,יין מלבק 750 מל דון חוליו,הכרם - משקאות חריפים בעמ,,,"י""ח",750,"ל מ""ל",false,1,25.20,3.32,false,1,
7804414017110,false,"יין דון חוליו פינו נואר 750מ""ל.",הכרם משקאות חריפים בעמ,,,"י""ח",750,"ל מ""ל",false,1,25.20,3.32,false,1,
7891024124826,false,"משחת שיניים קולגייט אופטייק וויט 75 מ""ל",הנסיך- מפעל לייצור ט,,,"י""ח",75,"ל מ""ל",false,1,17,22.67,true,1,
8000070010680,false,קפסולות אספרסו לוואצה NCC מותאמות למכונו,לאוג'י לוואצה אס.פי.אי,,,"י""ח",100,ל גרם,false,1,14.40,14.40,false,1,
8000380003761,false,וופל גרנד פטיסרי שוקולד וקוקוס לואקר 100 גרם,קריניציה ויטמינה אס,,,"י""ח",100,ל גרם,false,1,10.90,10.90,true,1,
8000380004669,false,וופל לואקר סנדוויץ קוביות ושוקולד 200ג',"א. לואקר, קונפקט ג'י",,,"י""ח",200,ל גרם,false,1,11,5.50,true,1,
8000380004676,false,קוביות וופל סנדוויץ Sandwich עם וניל וחלב,"א. לואקר, קונפקט ג'י",,,"י""ח",200,ל גרם,false,1,11,5.50,true,1,
8000380004911,false,קוביות וופל קואדרטיני Quadratini קרם אגוזים,קריניציה ויטמינה אס,,,"י""ח",250,ל גרם,false,1,11.90,4.76,true,1,
8000380004966,false,וופל קוארדטיני לואקר קוביות שוקולד 250ג',קריניציה ויטמינה אס,,,"י""ח",250,ל גרם,false,1,11.90,4.76,true,1,
8000380007219,false,וופל לואקר ממולא קרם אגוזים 175 גרם,ליימן שליסל בע`מ,,,"י""ח",175,ל גרם,false,1,10,5.71,true,1,
8000380007264,false,וופל לואקר ממולא קרם קקאו 175 גרם,קריניציה ויטמינה אס,,,"י""ח",175,ל גרם,false,1,10,5.71,true,1,
8000380007271,false,וופל במילוי קרם חלב לואקר (175 גרם),ליימן שליסל בע`מ,,,"י""ח",175,ל גרם,false,1,10,5.71,true,1,
8000380106028,false,טורטינה לואקר וופל שוקולד ואגוזים שישיה 125ג',קריניציה ויטמינה אס,,,"י""ח",125,ל גרם,false,1,16.20,12.96,true,1,
8000380153534,false,מארז וופל שוקולד טורטינה Tortina שוקולד לבן,א. לואקר אס. פי. אי-אי.,,,"י""ח",125,ל גרם,false,1,16.20,12.96,true,1,
8000380154791,false,לואקר טורטינה שלישייה קלאסיק,קריניציה ויטמינה אס,,,"י""ח",3,"י""ח",false,1,7.60,2.53,false,1,
8000380154814,false,טורטינה שלישיה שוקולד מריר,קריניציה ויטמינה אס,,,"י""ח",3,"י""ח",false,1,7.60,2.53,false,1,
8000380180721,false,לואקר וופל קקאו במילוי קרם חלבי 175 גר,קריניציה ויטמינה אס,,,"י""ח",175,ל גרם,false,1,10.10,5.77,true,1,
8000380180837,false,וופל גרנד פטיסרי קוקוס לבן מצופה שוקולד לבן לואקר 100 גרם,ליימן שליסל בע`מ,,,"י""ח",100,ל גרם,false,1,11,11,true,1,
8000380192243,false,וופלים מלבנים פריכיים בטעם אגוז 200 גר`,ליימן שליסל בע`מ,,,"י""ח",200,ל גרם,false,1,11.90,5.95,false,1,
8000500023976,false,בונבוניירת רפאלו פררו (150 גרם),פרימיום-חברה לדברי מתיקה ולמסח,,,"י""ח",150,ל גרם,false,1,13.50,9,false,1,
8000500026731,false,ביצי שוקולד קינדר מארז 3 יח סופרייז,פרימיום-חברה לדברי מתיקה ולמסח,,,"י""ח",60,ל גרם,false,1,13.60,22.67,true,1,
8000500029350,false,מארז וופל מצופה 3יח' *43 גרם קינדר בואנו,פרימיום-חברה לדברי מתיקה ולמסח,,,"י""ח",120,ל גרם,false,1,8.60,7.17,true,1,
8000500037874,false,בונבוניירת פררו רושה 200 גרם,פרימיום חברה לדברי מתיקה ולמסח,,,"י""ח",200,ל גרם,false,1,21.80,10.90,true,1,
8000500071083,false,אצבעות שוקולד קינדר Kinder שש עשרה יחידות,פרימיום-חברה לדברי מתיקה ולמסח,,,"י""ח",200,ל גרם,false,1,11,5.50,false,1,
8000500121436,false,מארז קינדר בואנו Kinder Bueno לבן שלוש יחידות,פרימיום חברה לדברי מתיקה ולמסח,,,"י""ח",3,"י""ח",false,1,8.60,2.87,true,1,
8000500167656,false,קינדר שוקולד עם דגנים סיריאל 94 ג',פרימיום חברה לדברי מתיקה ולמסח,,,"י""ח",96,ל גרם,false,1,6.60,6.88,false,1,
8000500172810,false,סוכריות בטעם תות שדה מנטה- מארז רביעייה,פרימיום-חברה לדברי מתיקה ולמסח,,,"י""ח",250,ל גרם,false,1,9.70,3.88,true,1,
8000500217740,false,קינדר בואנו מיני 86 גרם,פרימיום-חברה לדברי מתיקה ולמסח,,,"י""ח",86,ל גרם,false,1,9.30,10.81,false,1,
8000500227848,false,נוטלה - בי רדי אצבעות ביסקוויט במילוי שוקולד 6 יח' * 22 גרם,פרימיום-חברה לדברי מתיקה ולמסח,,,"י""ח",132,ל גרם,false,1,11,8.33,true,1,
8000500249352,false,קינדר בואנו מיני מיקס שקית 205 ג',פרימיום-חברה לדברי מתיקה ולמסח,,,"י""ח",3,"י""ח",false,1,17,5.67,false,1,
8000500267103,false,קינדר דליס עוגת ספוג קקאו במילוי חלבי*10,פרימיום חברה לדברי מתיקה ולמסח,,,"י""ח",4.20,"י""ח",false,1,17,4.05,true,1,
8000500269169,false,קינדר קארדס Kinder Cards - חמישייה,פרימיום-חברה לדברי מתיקה ולמסח,,,"י""ח",1.28,"י""ח",false,1,11.90,9.30,false,1,
8000500353738,false,רביעיה סוכריות בטעם מנטה חזק 4 * 16 ג' טחק טק,פרימיום-חברה לדברי מתיקה ולמסח,,,"י""ח",1,,false,1,9.70,9.70,false,1,
8000500386941,false,נוטלה ממרח קקאו עם אגוזי לוז 900 גר`,פרימיום חברה לדברי מתיקה ולמסח,,,"י""ח",900,ל גרם,false,1,27.30,3.03,true,1,
8001003100164,false,יוגטה סוכריות ג'לי בטעמי פירות 450 גרם,ליימן שליסל בע`מ,,,"י""ח",450,ל גרם,false,1,11.90,2.64,false,1,
8001090222541,false,הרבל אסנסס שמפו תות שדה ומנטה 400 גרם,דיפלומט מפיצים (1968) בעמ,,,"י""ח",400,"ל מ""ל",false,1,17,4.25,true,1,
8001090222572,false,הרבל אסנסס מרכך תות שדה ומנטה 400 גרם,דיפלומט מפיצים (1968) בעמ,,,"י""ח",400,"ל מ""ל",false,1,17,4.25,true,1,
8001090290830,false,"אוראל בי משחת שיניים- להלבנה פנינה בוהקת 75 מ""ל",דיפלומט מפיצים (1968) בעמ,,,"י""ח",124,ל גרם,false,1,18.70,15.08,true,1,
8001090375230,false,"מרכך מרוכז 200 מ""ל לחות מוגברת ""פנטן""",דיפלומט מפיצים (1968) בעמ,,,"י""ח",200,"ל מ""ל",false,1,18.70,9.35,false,1,
8001090734044,false,אולוויז מגן תחתון גיגה פק לארג' אקסטרה פרוטקט 64 יח',דיפלומט מפיצים (1986) בע`מ,,,"י""ח",78,"י""ח",false,1,17,0.22,true,1,
8001090740717,false,מגני תחתון אולוויז נורמל עם ניחוח רענן Fresh Scent,פרוקטר אנד גמבל )ראה קוד,,,"י""ח",76,"י""ח",false,1,17,0.22,true,1,
8001090832818,false,מרכך פנטן הנוסחה הקלאסית לשיער רגיל ומעורב,דיפלומט מפיצים (1986) בע`מ,,,"י""ח",660,"ל מ""ל",false,1,19.60,2.97,false,1,
8001090832894,false,מרכך לשיער חלש ופגום לחות מוגברת,דיפלומט מפיצים (1986) בע`מ,,,"י""ח",660,"ל מ""ל",false,1,19.60,2.97,false,1,
8001090833136,false,אריאל ג`ל כביסה 2.255 ליטר בייבי,דיפלומט מפיצים (1986) בע`מ,,,"י""ח",2.2550,ליטר,false,1,27.30,12.11,false,1,
8001090899224,false,תחבושות אולוויז פלטינום לונג 20 יחידות,דיפלומט מפיצים (1986) בע`מ,,,"י""ח",1,,false,1,17,17,true,1,
8001090899255,false,תחבושות אולוויז פלטינום לילה 16 יחידות,דיפלומט מפיצים (1986) בע`מ,,,"י""ח",1,,false,1,17,17,true,1,
8001160000888,false,"גטורייד משקה ספורט תפוז 500 מ""ל",אקווה מינרלה סאן בנדטו,,,"י""ח",500,"ל מ""ל",false,1,8.30,1.60,true,1,
8001160001786,false,"משקה אנרגיה גטורייד ספורט כחול 500מ""ל",אקווה מינרלה סאן בנדטו,,,"י""ח",500,"ל מ""ל",false,1,8.30,1.60,true,1,
8001620015629,false,"משקה פירות בטעם תפוז ותפוז אדום 400 מ""ל פרוטה",אקווה מינרלה סאן בנדטו ב,,,"י""ח",40,"ל מ""ל",false,1,5.90,14,true,1,
8001620015636,false,"משקה פירות פרוטה-מיקס פירות 400 מ""ל סאן בנדטו",אקווה מינרלה סאן בנדטו ב,,,"י""ח",40,"ל מ""ל",false,1,5.90,14,true,1,
8001620018248,false,"מים מינרלים 750 מ""ל סאן בנדטו-פקק ספורט",אקווה מינרלה סאן בנדטו ב,,,"י""ח",750,"ל מ""ל",false,1,3,0.36,true,1,
8001620019177,false,"סן בנדטו מים מינרלים בטעם ענבים 500 מ""ל",אקווה מינרלה סאן בנדטו ב,,,"י""ח",40,"ל מ""ל",false,1,5.10,12,false,1,
8001841053806,false,תחבושות היגייניות אולוויז מקסי עבה לילה,דיפלומט מפיצים (1968) בעמ,,,"י""ח",1,,false,1,11,11,false,1,
8001841062624,false,מארז מגבוני פמפרס ללא בישום - רביעייה,דיפלומט מפיצים (1968) בעמ,,,"י""ח",1,,false,1,15.30,15.30,false,1,
8001841500942,false,"הרבל אסנסס - שמפו ללא סולפטים אלוורה ובמבוק 380 מ""ל",דיפלומט מפיצים (1986) בע`מ,,,"י""ח",380,"ל מ""ל",false,1,17,4.47,true,1,
8001841502601,false,"הרבל אסנסס - מרכך ללא סולפטים אלוורה ובמבוק 275 מ""ל",דיפלומט מפיצים (1968) בעמ,,,"י""ח",275,"ל מ""ל",false,1,17,6.18,true,1,
8001841669465,false,קפסולות לכביסה אריאל בניחוח לנור 24 יחידות,דיפלומט מפיצים (1986) בע`מ,,,"י""ח",24,"י""ח",false,1,28.10,1.17,true,1,
8001841669519,false,קפסולות לכביסה ALL IN ONE אריאל 55 יחידות,דיפלומט מפיצים (1986) בע`מ,,,"י""ח",55,"י""ח",false,1,51.20,0.93,true,1,
8001841680989,false,מגן תחתון אולוויז מגה פק פרו פרש לארג' 60 יחי,דיפלומט מפיצים (1968) בעמ,,,"י""ח",80,"י""ח",false,1,20.40,0.26,true,1,
8001841941929,false,אולוויז וליו פק לילה בטוח אקסטרא 16 יחידות,דיפלומט מפיצים (1986) בע`מ,,,"י""ח",1,,false,1,22.10,22.10,true,1,
8001841960081,false,פיירי טבליות למדיח פלטינום הכל באחד - מארז 37 יח',דיפלומט מפיצים (1986) בע`מ,,,"י""ח",37,"י""ח",false,1,34.10,0.92,false,1,
8001943549122,false,"צ'וקטה מטבעות שוקולד חלב, 40 גרם",ואל קור קורסניני אס אנ ס,,,"י""ח",50,ל גרם,false,1,4.20,8.40,true,1,
8002267014662,false,שלישייה ביצי שוקולד חלב עם צעצוע ברבי,ש.שסטוביץ בעמ,,,"י""ח",60,ל גרם,false,1,11,18.33,true,1,
8002267014945,false,שלישייה ביצי שוקולד חלב עם צעצוע הוט ווילס,ואל קור קורסניני אס אנ ס,,,"י""ח",60,ל גרם,false,1,11,18.33,true,1,
8002270866524,false,סן פלגרינו מים מינרליים טבעיים מוגזים,פארייפאבה אגרואינדוס,,,"י""ח",1,ליטר,false,1,7.30,7.30,true,1,
8002503213682,false,גבינת גרנה פדנו 80 גרם,א. סיימן סחר בעמ,,,"י""ח",80,ל גרם,false,1,19.60,24.50,false,1,
8004030026018,false,"מקסיקני עם טונה ריו מרה אינסלטיסימי, 160 ג'","בולטון אלימנטרי בע""\מ",,,"י""ח",160,ל גרם,false,1,13.60,8.50,false,1,
8004030081024,false,נתחי טונה עם שום ופלפל אדום ריו מרה 160 ג',"בולטון אלימנטרי בע""\מ",,,"י""ח",160,ל גרם,false,1,15.30,9.56,false,1,
8004030102033,false,טונה בשמן זית עם מיץ לימון ופלפל שחור - מארז 3 יח',בולטון אלימנטרי,,,"י""ח",240,ל גרם,false,1,21.30,8.88,false,1,
8004030177000,false,טונה בשמן זית וצ'ילי ריו מרה מארז 80X3 גר',ש. שסטוביץ בע`מ,,,"י""ח",240,ל גרם,false,1,21.30,8.88,false,1,
8004030860001,false,ירקות עם קוקוס וטונה ריו מרה אינסלטיסימי 160 ג',"בולטון אלימנטרי בע""\מ",,,"י""ח",160,ל גרם,false,1,13.60,8.50,false,1,
8004735092820,false,שלישיית ביצי שוקולד(חלב נוכרי) - ווינקס,שמחה זה אנחנו בעמ,,,"י""ח",1,,false,1,12.70,12.70,false,1,
8004800000064,false,לאגו פלאסיר- גלילי ופל קרם קקאו בציפוי ש.חלב - 100 ג',תה ויסוצקי (ישראל) בעמ,,,"י""ח",100,ל גרם,false,1,10.20,10.20,true,1,
8004800004826,false,לאגו פלאסיר - וופלים במילוי קרם קוקוס שוקולד מריר - 98ג,תה ויסוצקי (ישראל) בעמ,,,"י""ח",100,ל גרם,false,1,10.20,10.20,true,1,
8004800005502,false,וופל מיני רול גלילי ופל במילוי קרם קקאו- 125 ג' לאגו,תה ויסוצקי (ישראל) בעמ,,,"י""ח",125,ל גרם,false,1,8.50,6.80,true,1,
8004800005519,false,וופל רול גלילי במילוי קרם אגוזי לוז- 125 ג' לאגו,תה ויסוצקי (ישראל) בעמ,,,"י""ח",125,ל גרם,false,1,8.50,6.80,true,1,
8005110001413,false,מארז זוג רוטב עגבניות 140ג MUTTI,רסטרטו יבוא ושיווק בעמ,,,"י""ח",140,ל גרם,false,1,8.50,6.07,false,1,
8005110170300,false,עגבניות מרוסקות חתוכות מוטי MUTTI שלישיה *400,רסטרטו יבוא ושיווק בעמ*אין החז,,,"י""ח",400,ל גרם,false,1,16.20,4.05,false,1,
8005200256587,false,נסטי - תה קר בטעם אפרסק 1.5 ליטר,פארייפאבה אגרואינדוס,,,"י""ח",1.50,ליטר,false,1,7.30,4.67,true,1,
8005200286584,false,תה קר נסטי מנגו אננס 1.5 ליטר פיקדון,פארייפאבה אגרואינדוס,,,"י""ח",1.50,ליטר,false,1,7.30,4.67,true,1,
8005200316588,false,תה קר נסטי אפרסק דיאט 1.5 ליטר פיקדון,פארייפאבה אגרואינדוס,,,"י""ח",1.50,ליטר,false,1,7.30,4.67,true,1,
8005200486526,false,"נסטי, תה קר בטעם אפרסק 500 מל",פארייפאבה אגרואינדוס,,,"י""ח",50,"ל מ""ל",false,1,4.50,8.40,false,1,
8006540112823,false,"לנור מרכך כביסה מרוכז בניחוח האוקיינוס 900 מ""ל",דיפלומט מפיצים (1968) בעמ,,,"י""ח",900,"ל מ""ל",false,1,13.60,1.51,true,1,
8006540112854,false,"מרכך כביסה מרוכז בניחוח סחלב לנור 900 מ""ל",דיפלומט מפיצים (1986) בע`מ,,,"י""ח",900,"ל מ""ל",false,1,13.60,1.51,true,1,
8006540222089,false,פמפרס מגבונים היגיינים לתינוקות וילדים TO GO 40 יח',דיפלומט מפיצים (1986) בע`מ,,,"י""ח",1,,false,1,6.80,6.80,false,1,
8006540425930,false,אריאל קפסולות לכביסה ג'ל 24 יח' לכתמים קשים,דיפלומט מפיצים (1986) בע`מ,,,"י""ח",24,"י""ח",false,1,28.10,1.17,false,1,
8006540495186,false,לנור מרכך כביסה מרוכז רגיש בייבי 900 מל,דיפלומט מפיצים (1986) בע`מ,,,"י""ח",900,"ל מ""ל",false,1,13.60,1.51,true,1,
8006540495247,false,"לנור מרכך כביסה מרוכז בניחוח פרחי בר 900 מ""ל",דיפלומט מפיצים (1968) בעמ,,,"י""ח",900,"ל מ""ל",false,1,13.60,1.51,true,1,
8007178120310,false,"חומץ בלסמי 500 מ""ל (דיפלומט)",דיפלומט מפיצים (1968) בעמ**,,,"י""ח",500,"ל מ""ל",false,1,19.90,3.98,false,1,
8007178510685,false,"רוטב לתיבול בסגנון מ""ל 250 בלסמי לבן",דיפלומט מפיצים (1968) בעמ**,,,"י""ח",250,ל גרם,false,1,14.40,5.76,false,1,
8008245004861,false,ממרח אגוזי לוז עם חלב מובנפיק 300 גרם,יבואן ומשווק: ש. שסט,,,"י""ח",300,ל גרם,false,1,13.60,4.53,true,1,
8008912010270,false,"ליגורי פסטה קסרצ'ה מספר 27, 500 גר'",תה ויסוצקי (ישראל)בעמ,,,"י""ח",500,ל גרם,false,1,6.80,1.36,true,1,
8008912010300,false,LIGUORI פסטה פרפלה 500 גרם מספר 30,תה ויסוצקי (ישראל)בעמ,,,"י""ח",500,ל גרם,false,1,6.80,1.36,true,1,
8008912010317,false,פסטה פוזילי מס (31 500 גר`)ליגורי,תה ויסוצקי (ישראל) בעמ,,,"י""ח",500,ל גרם,false,1,6.80,1.36,true,1,
8008912010331,false,"ליגורי פסטה ניוקי סרדי בצורת קונכיות, 500 גר'",תה ויסוצקי (ישראל)בעמ,,,"י""ח",500,ל גרם,false,1,6.80,1.36,true,1,
8008912010423,false,פסטה פנה ריגטה מס (42 500 גר`)ליגורי,תה ויסוצקי (ישראל) בעמ,,,"י""ח",500,ל גרם,false,1,6.80,1.36,true,1,
8011033011279,false,קוסקוס אמיתי 1 קג מר,דין שיווק וקליה 2021 בעמ,,,"י""ח",1,"ק""ג",false,1,9.20,9.20,false,1,
8014601999870,false,"קמח סמולינה דורום שף קפוטו 1ק""ג",דיפלומט מפיצים (1968) בעמ**,,,"י""ח",1,"ק""ג",false,1,11,11,false,1,
8076800195019,false,ברילה - צ.א ספגטי מס1 קפליני 500 גרם,ברילה גי.אי.אר פרטלי ס.פ,,,"י""ח",500,ל גרם,false,1,5.90,1.18,false,1,
8076800195033,false,ברילה - צ.א ספגטיני מס3 חדש 500 גרם,ברילה גי.אי.אר פרטלי ס.פ,,,"י""ח",500,ל גרם,false,1,5.90,1.18,false,1,
8076800195057,false,ברילה - צ.א ספגטי מס5 חדש 500 גרם,ברילה גי.אי.אר פרטלי ס.פ,,,"י""ח",500,ל גרם,false,1,5.90,1.18,false,1,
8076800195132,false,ברילה - צ.א בבטה מס13 500 גרם,ברילה גי.אי.אר פרטלי ס.פ,,,"י""ח",500,ל גרם,false,1,5.90,1.18,false,1,
8076800315097,false,פסטה מקרוני בוקטיני מספר 9 ברילה 500 גרם,ברילה גי.אי.אר פרטלי ס.פ,,,"י""ח",500,ל גרם,false,1,5.90,1.18,false,1,
8076802085738,false,ברילה - צ.ק פנה רגטה חדש 500 גרם,ברילה גי.אי.אר פרטלי ס.פ,,,"י""ח",500,ל גרם,false,1,5.90,1.18,false,1,
8076802085981,false,ברילה - צ.ק פוזילי חדש 500 גרם,ברילה גי.אי.אר פרטלי ס.פ,,,"י""ח",500,ל גרם,false,1,5.90,1.18,false,1,
8076808060654,false,פסטה פרפלה מספר 65 ברילה 500 גרם,ברילה גי.אי.אר פרטלי ס.פ,,,"י""ח",500,ל גרם,false,1,5.90,1.18,false,1,
8076808150072,false,ברילה - צ.א ספגטוני מס7 חדש 500 גרם,ברילה גי.אי.אר פרטלי ס.פ,,,"י""ח",500,ל גרם,false,1,5.90,1.18,false,1,
8076809501415,false,ברילה קנלוני/פנה 500 ג' מצה פנה טרקולור 500 גרם,"ש. שסטוביץ בע""\מ",,,"י""ח",500,ל גרם,false,1,11.90,2.38,false,1,
8076809512268,false,פסטה גירנדולה טורסדס מספר 34 ברילה 500 גרם,ברילה גי.אי.אר פרטלי ס.פ,,,"י""ח",500,ל גרם,false,1,5.90,1.18,false,1,
8076809513388,false,ברילה רוטב אראביאטה צילי לפסטה 400 ג,ברילה גי.אי.אר פרטלי ס.פ,,,"י""ח",400,ל גרם,false,1,12.70,3.18,true,1,
8076809513395,false,ברילה פומודורו רוטב עגבניות קלאסי 400 גר,ברילה גי.אי.אר פרטלי ס.פ,,,"י""ח",400,ל גרם,false,1,12.70,3.18,true,1,
8076809513654,false,בסיס רוטב עגבניות לבולונז 400 גרם ברילה,ברילה גי.אי.אר פרטלי ס.פ,,,"י""ח",400,ל גרם,false,1,12.70,3.18,true,1,
8076809513692,false,רוטב עגבניות נפולטנה בתוספת ירקות,ברילה גי.אי.אר פרטלי ס.פ,,,"י""ח",400,ל גרם,false,1,12.70,3.18,true,1,
8076809523561,false,ברילה - רוטב פסטה בטעם טוסקנה 400 גרם,ברילה גי.אי.אר פרטלי ס.פ,,,"י""ח",1,,false,1,12.70,12.70,true,1,
8076809523738,false,דפי לזניה ברילה 500 גרם,ברילה גי.אי.אר פרטלי ס.פ,,,"י""ח",500,ל גרם,false,1,21.30,4.26,false,1,
8076809529419,false,ספגטי מחיטה מלאה מס' 5 500 ג' ברילה,ברילה גי. אי. אר פרט,,,"י""ח",500,ל גרם,false,1,11.90,2.38,true,1,
8076809529433,false,פסטה פנה ריגטה חיטה מלאה ברילה (500 גרם),"ש. שסטוביץ בע""\מ",,,"י""ח",500,ל גרם,false,1,11.90,2.38,true,1,
8076809545440,false,ספגטי מספר 5 ללא גלוטן ברילה (400 גרם),ברילה ג'.אי.אר פרטלי,,,"י""ח",500,ל גרם,false,1,12.70,2.54,false,1,
8076809545464,false,ברילה פסטה ללא גלוטן צורת ספירלי 400 גר,מולינו אנדריאני אס.א,,,"י""ח",500,ל גרם,false,1,12.70,2.54,false,1,
8076809547956,false,פסטה ברילה קיפרי 500 גרם,ברילה ג'.אי.אר פרטלי,,,"י""ח",500,ל גרם,false,1,5.90,1.18,false,1,
8076809578998,false,ברילה - צ.ק. סטלינה 500 גרם,ברילה גי. אי. אר פרטלי ס,,,"י""ח",500,ל גרם,false,1,5.90,1.18,false,1,
8121300206946,false,ממתיק סיטיביה טרוביה 80 שקיות אישיות,גורי ע.ע.ע. בע`מ,,,"י""ח",80,"ל מ""ל",false,1,25.60,32,false,1,
8121300208780,false,טרוביה תחליף סוכר לכל מטרה 360 גרם,גורי ע.ע.ע. בעמ,,,"י""ח",360,"ל מ""ל",false,1,29.80,8.28,true,1,
8410076600622,false,חטיפי גרנולה קראנצ'י עם שוקולד מריר נייצ'ר ואלי 210 גרם,ג'נרל מילס סאן אדריאן,,,"י""ח",210,ל גרם,false,1,17,8.10,true,1,
8410104045111,false,"פיניש מלח למדיח כלים 2ק""ג",רקיט בנקיזר (ניר איסט) בעמ,,,"י""ח",1,"י""ח",false,1,12.70,12.70,false,1,
8412497913992,false,"בקבוק פלסטיק גדול 600מ""ל פרוזן",שמחה זה אנחנו,,,"י""ח",1,,false,1,25.60,25.60,false,1,
8420708012822,false,קשקבל צאן ספרדי בשלה 200 גר,מיוצר עי קונדיטוריית,,,"י""ח",200,ל גרם,false,1,23,11.50,false,1,
8423207206488,false,סלים דליס חטיף דגנים מצופה שוקולד חלב מרבה 6*20 גרם,אף.סי תבליני בגליל ב,,,"י""ח",283,ל גרם,false,1,11,3.89,true,1,
8423207208697,false,חטיפי סלים דליס לילדים שוקולד לבן מרבה 6 יחידות,ביסנצ'ורי אס.אל.יו,,,"י""ח",283,ל גרם,false,1,11,3.89,true,1,
8423207210287,false,חטיפי סלים דליס שוקולד לבן יוגורט 6 יחידות,סלים דליס Slim Delis,,,"י""ח",120,ל גרם,false,1,11,9.17,true,1,
8424842050016,false,צ'יפס בטעם כמהין 125 גרם רביו,א. סיימן סחר בעמ,,,"י""ח",125,ל גרם,false,1,11,8.80,true,1,
8424842050030,false,צ'יפס בטעם מלח הימלאי 125 גרם רביו,א. סיימן סחר בעמ,,,"י""ח",125,ל גרם,false,1,11,8.80,true,1,
8424842050085,false,צ'יפס בטעם חרדל ודבש 125 גרם רביו,א. סיימן סחר בעמ,,,"י""ח",125,ל גרם,false,1,11,8.80,true,1,
8424842201340,false,צ'יפס בטעם מסורתי פרימיום 130 גרם רביו,א. סיימן סחר בעמ,,,"י""ח",130,ל גרם,false,1,11,8.46,true,1,
8435495805168,false,"תינוקלין לכביסה לעור רגיש אולימפיק 1.25ק""ג",מולינו ניקולי s.p.a,,,"י""ח",1.25,"ק""ג",false,1,21.30,17.04,false,1,
8436575292205,false,ארטיק חמשושים מאגדת 15*12 גר',נגה גלידות שותפות מוגבלת,,,"י""ח",180,ל גרם,false,1,22.50,12.50,false,1,
8593868006014,false,"בירה בלו מון 500מ""ל פחית 5.4%",הכרם - משקאות חריפים בעמ,,,"י""ח",500,"ל מ""ל",false,1,10.20,1.98,true,1,
8606018615827,false,גלידת וניל עם שברי עוגיות אוראו 480 גרם,נגה גלידות שותפות מוגבלת,,,"י""ח",480,ל גרם,false,1,18.70,3.90,false,1,
8606018615841,false,גלידה וניל עם ליבת שוקולד חלב מעולה 480 גרם,נגה גלידות שותפות מוגבלת,,,"י""ח",480,ל גרם,false,1,18.70,3.90,false,1,
8606018615865,false,פיינט מילקה קרמל ליבת שוקולד 480 גרם,נגה גלידות שותפות מוגבלת,,,"י""ח",480,ל גרם,false,1,18.70,3.90,false,1,
8606109023647,false,"פרוויטה - מיץ סלק ותפוחי עץ 750 מ""ל",יורוסטנדרט בעמ,,,"י""ח",330,"ל מ""ל",false,1,11.10,3.27,true,1,
8606109023715,false,"פרוויטה - מיץ תפוחי עץ ואפרסקים 750 מ""ל",יורוסטנדרט בעמ,,,"י""ח",330,"ל מ""ל",false,1,9.40,2.76,false,1,
8606109023722,false,"פרוויטה - מיץ תפוחי עץ ומשמשים 750 מ""ל",יורוסטנדרט בעמ,,,"י""ח",330,"ל מ""ל",false,1,9.40,2.76,false,1,
8606109023999,false,"מיץ תפו""ע ושזיפים 750מ""ל פרוויטה",יורוסטנדרט בעמ,,,"י""ח",330,"ל מ""ל",false,1,9.40,2.76,false,1,
8683130008355,false,מיונז שום לחיץ אמיתי הלמנס 400 גרם,יוניליוור ישראל שיווק בע`מ,,,"י""ח",400,ל גרם,false,1,11,2.75,false,1,
8683130008935,false,"הלמנס קטשיונז 425 גר{הרב רלב""ג}",יוניליוור ישראל שיווק בע`מ,,,"י""ח",425,ל גרם,false,1,11,2.59,false,1,
8686868600044,false,המותג אביזרי שיער,אל האופק שיווק וסחר,,,"י""ח",1,,false,1,5.90,5.90,false,1,
8686868600051,false,המותג אביזרי שיער,אל האופק שיווק וסחר,,,"י""ח",1,,false,1,6.70,6.70,false,1,
8686868600075,false,אביזרי שיער סיכות פפיון גדולות,אל האופק שיווק וסחר,,,"י""ח",1,,false,1,8.40,8.40,false,1,
8686868600112,false,המותג אביזרי שיער,אל האופק שיווק וסחר,,,"י""ח",1,,false,1,11.80,11.80,false,1,
8690526009278,false,אי טי אי - חטיף קרמל מצופה שוקולד וחלב כדורוני דגנים 126 גרם,"GIDA ETI , טורקיה n\",,,"י""ח",126,ל גרם,false,1,7.60,6.03,true,1,
8690526009308,false,אי טי אי - חטיף קוקוס מצופה שוקולד חלב וכדורוני דגנים 126 גרם,גורי ע.ע.ע. בעמ,,,"י""ח",126,ל גרם,false,1,7.60,6.03,true,1,
8690572799482,false,"סאיוס מרכך לשיער גלי ומתולתל 500 מ""ל","הובי קוסמטיק, אנקרה, תור",,,"י""ח",500,"ל מ""ל",false,1,10.20,2.04,true,1,
8690637073373,false,תה ארל גריי בטעם ברגמוט ליפטון 25 שקיקים,יוניליוור ישראל שיווק בע`מ,,,"י""ח",50,ל גרם,false,1,6.80,13.60,false,1,
8690637503856,false,ממרח הלמנס כ- 40% פחות שומן לעומת מיונז,יוניליוור ישראל שיווק בע`מ,,,"י""ח",789,ל גרם,false,1,11,1.39,false,1,
8690637555084,false,"מרכך כביסה מרוכז אקסטרה פריחת התפוז בדין 960 מ""ל","יוניליוור ישראל שיווק בע""מ",,,"י""ח",960,"ל מ""ל",false,1,13.60,1.42,true,1,
8690637704291,false,שמפו לשיקום אינטנסיבי לשיער פגום,"יוניליוור ישראל שיווק בע""מ",,,"י""ח",700,"ל מ""ל",false,1,13.60,1.94,true,1,
8690637835643,false,"תה ירוק לימונית ולאויזה 30 גרם ""ליפטון""","יוניליוור ישראל שיווק בע""מ",,,"י""ח",32,ל גרם,false,1,14.40,45,true,1,
8690637842399,false,מאגדת מגנום מיני דאבל פרי יער שוקולד 6 יח' נסטלה,יוניליוור סנאי וי סי,,,"י""ח",379,ל גרם,false,1,27.90,7.36,false,1,
8690637858734,false,ג'ל לניקוי כללי בתוספת אקונומיקה בניחוח לימון,"יוניליוור ישראל שיווק בע""מ",,,"י""ח",750,"ל מ""ל",false,1,8.50,1.13,false,1,
8690637866654,false,תה ירוק קלאסי בדצ 50 מעטפות ללא קפאין,יוניליוור ישראל שיווק בע`מ,,,"י""ח",375,ל גרם,false,1,21.30,5.68,false,1,
8690637871108,false,הלמנ'ס ממרח חרדל 250 גרם,יוניליוור ישראל שיווק בע`מ,,,"י""ח",285,ל גרם,false,1,10.20,3.58,false,1,
8690637871245,false,הלמנס מיונז אמיתי 395 גר' בקבוק לחיץ.,יוניליוור ישראל שיווק בע`מ,,,"י""ח",789,ל גרם,false,1,12.70,1.61,false,1,
8690637890666,false,מאגדת מגנום מיני דאבל פיסטוק 6 יח' שטראוס,יוניליוור סנאיי וי ט,,,"י""ח",270,ל גרם,false,1,27.90,10.33,false,1,
8690637946301,false,"בדין - מרכך כביסה אקסטרא בייביי כחול 960 מ""ל","יוניליוור ישראל שיווק בע""מ",,,"י""ח",960,"ל מ""ל",false,1,13.60,1.42,false,1,
8690637946318,false,"מרכך כביסה בדין מרוכז אקסטרה בייבי טלק 960 מ""ל",יוניליוור ישראל שיווק בע`מ,,,"י""ח",960,"ל מ""ל",false,1,13.60,1.42,false,1,
8690637989612,false,שלגון שמנת בטעם וניל עם ריפל בטעם שוקולד 246 גרם,יונילוור סנאיי וי טיג'\,,,"י""ח",270,ל גרם,false,1,27.90,10.33,false,1,
8690637994036,false,בדין אקסטרא יסמין אריזה גדולה 1.44 ליטר,"יוניליוור ישראלשיווק בע""מ",,,"י""ח",1.44,ליטר,false,1,17,11.81,false,1,
8690757002451,false,"נוזל להברקת נעליים 75מ""ל חום",אינטרסן (1996) בעמ,,,"י""ח",75,"ל מ""ל",false,1,5.90,7.87,false,1,
8690757002475,false,ספוג להברקת נעליים גדול SILVER -נטורל,אינטרסן (1996) בעמ,,,"י""ח",75,"ל מ""ל",false,1,5.90,7.87,false,1,
8690777203012,false,פלפלים ירוקים כבושים לא חריפים סרה ויליפוד 600 גרם,ג. וילי-פוד אינטרנשיונל בע`מ,,,"י""ח",600,ל גרם,false,1,13.90,2.32,false,1,
8690777221405,false,פלפל אדום קלוי על האש 650 גר` ויליפוד,ג. וילי-פוד אינטרנשיונל בע`מ,,,"י""ח",650,ל גרם,false,1,13.90,2.14,false,1,
8693495050333,false,"פלמוליב סבון נוזלי לגבר לימון ירוק 500 מ""ל",קולגייט פלמוליב,,,"י""ח",500,"ל מ""ל",false,1,13.60,2.72,true,1,
8693495051255,false,מברשת שיניים קולגייט סלים סופט זהב זוג,קולגייט - פלמוליב,,,"י""ח",1,,false,1,21.30,21.30,false,1,
8693495052177,false,פלמוליב נטורלס תחליב רחצה זיתים 750 מל,קולגייט פלמוליב,,,"י""ח",750,"ל מ""ל",false,1,17,2.27,true,1,
8693495054034,false,פלמוליב ס.נוזלי לומינוס אבוקדו 750 משאבה,קולגייט פלמוליב,,,"י""ח",750,"ל מ""ל",false,1,17,2.27,true,1,
8697040109903,false,"אסותא ג`ל רחצה אלוורה 700מ""ל",עיסא ערטול בעמ-סוכן הנקל סוד,,,"י""ח",700,"ל מ""ל",false,1,6.80,0.97,true,1,
8697040109910,false,"אסותא ג`ל רחצה פירות יער 700מ""ל",עיסא ערטול בעמ-סוכן הנקל סוד,,,"י""ח",700,"ל מ""ל",false,1,6.80,0.97,true,1,
8697040109927,false,"אסותא ג`ל רחצה שוקולד 700מ""ל",עיסא ערטול בעמ-סוכן הנקל סוד,,,"י""ח",700,"ל מ""ל",false,1,6.80,0.97,true,1,
8697040109934,false,"אסותא ג`ל רחצה קוקוס 700מ""ל",עיסא ערטול בעמ-סוכן הנקל סוד,,,"י""ח",700,"ל מ""ל",false,1,6.80,0.97,true,1,
8697040109941,false,"אסותא ג`ל רחצה ורדים 700מ""ל",עיסא ערטול בעמ-סוכן הנקל סוד,,,"י""ח",700,"ל מ""ל",false,1,6.80,0.97,true,1,
8697040109958,false,"אסותא שמפו לשיער רגיל 700מ""ל",עיסא ערטול בעמ-סוכן הנקל סוד,,,"י""ח",700,"ל מ""ל",false,1,6.80,0.97,true,1,
8697040109965,false,"אסותא שמפו ומרכך 700מ""ל",עיסא ערטול בעמ-סוכן הנקל סוד,,,"י""ח",700,"ל מ""ל",false,1,6.80,0.97,true,1,
8697040109972,false,"אסותא שמפו לשיער יבש 700מ""ל",עיסא ערטול בעמ-סוכן הנקל סוד,,,"י""ח",700,"ל מ""ל",false,1,6.80,0.97,true,1,
8697040109989,false,"אסותא שמפו לשיער פגום 700מ""ל",עיסא ערטול בעמ-סוכן הנקל סוד,,,"י""ח",700,"ל מ""ל",false,1,6.80,0.97,true,1,
8697040109996,false,"אסותא שמפו אלוורה 700מ""ל",עיסא ערטול בעמ-סוכן הנקל סוד,,,"י""ח",700,"ל מ""ל",false,1,6.80,0.97,true,1,
8697040110008,false,"אסותא שמפו לשיער צבוע 700מ""ל",עיסא ערטול בעמ-סוכן הנקל סוד,,,"י""ח",700,"ל מ""ל",false,1,6.80,0.97,true,1,
8697040110039,false,"אסותא ג`ל רחצה לגבר מנטה 700מ""ל",עיסא ערטול בעמ-סוכן הנקל סוד,,,"י""ח",700,"ל מ""ל",false,1,6.80,0.97,true,1,
8697040110046,false,"אסותא ג`ל רחצה לגבר מנטה ותה 700מ""ל",עיסא ערטול בעמ-סוכן הנקל סוד,,,"י""ח",700,"ל מ""ל",false,1,6.80,0.97,true,1,
8697040110053,false,"אסותא ג`ל רחצה שקדים 700מ""ל",עיסא ערטול בעמ-סוכן הנקל סוד,,,"י""ח",700,"ל מ""ל",false,1,6.80,0.97,true,1,
8697040110060,false,"אסותא ג`ל רחצה יוגורט וניל 700מ""ל",עיסא ערטול בעמ-סוכן הנקל סוד,,,"י""ח",700,"ל מ""ל",false,1,6.80,0.97,true,1,
8697040110077,false,"אסותא מרכך לשיער רגיל 700מ""ל",עיסא ערטול בעמ-סוכן הנקל סוד,,,"י""ח",700,"ל מ""ל",false,1,6.80,0.97,true,1,
8697418261370,false,מים 0.5ליטר אקווה ביני פקק רגיל בודד,אלמוג ר.א.מ. מזון בעמ,,,"י""ח",50,"ל מ""ל",false,1,2.50,4.40,false,1,
8697418261431,false,מים 0.5ליטר אקווה בינ פקק רגיל מארז 12יח,אלמוג ר.א.מ. מזון בעמ,,,"י""ח",6,ליטר,false,1,17,2.32,false,1,
8697530910743,false,סיגריות פאל מאל כחול קצר מטאליק,גלוברנדס בעמ - שיווק סיגריות,,,"י""ח",1,,false,1,25.20,25.20,false,1,
8697530910781,false,סיגריות פאל מאל אדום מטאליק,גלוברנדס בעמ - שיווק סיגריות,,,"י""ח",0,"י""ח",false,1,25.20,25.20,false,1,
8698313596529,false,גלידת שמנת עם סירופ קקאו וחתיכות פיסטוק,אייס דילר בי.אמ.די בעמ,,,"י""ח",102,ל גרם,false,1,8.50,8.33,true,1,
8699073292768,false,חציל קלוי על האש 640 גרם MELIS כשרות K,ג. וילי-פוד אינטרנשיונל בע`מ,,,"י""ח",640,ל גרם,false,1,9.30,1.45,false,1,
8710502064814,false,עוגיות מרבה שוקולד ציפס במרקם רך 175 גר,בנקטבקריי מרבה בי.וי,,,"י""ח",225,ל גרם,false,1,7.60,3.38,false,1,
8710502194801,false,"עוגיות שוקלד ציפס רכה פירות יער ""מרבה"" 175 גרם",בנקטבקריי מרבה בי.וי,,,"י""ח",175,ל גרם,false,1,7.60,4.34,false,1,
8710502194825,false,מרבה - עוגיות שוקוצ'יפס כשר למהדרין 150 גרם,ש.שסטוביץ בעמ,,,"י""ח",150,ל גרם,false,1,5.90,3.93,true,1,
8710502405204,false,עוגיות שוקולד צ'יפס עם קרם שוקולד מרבה 175 גרם,קריניציה ויטמינה אס,,,"י""ח",225,ל גרם,false,1,7.60,3.38,false,1,
8710552274614,false,שמפו קצף לנ.שטיחים וניש קליה גולד 600 מל,רקיט בנקיזר (ניר איסט) בעמ,,,"י""ח",600,"ל מ""ל",false,1,25.60,4.27,true,1,
8710679158248,false,"צ`יפס קלאסי 2.5ק""ג ק",***אדום גרופ למזון שיווק***,,,"י""ח",2.50,"ק""ג",false,1,23.90,9.56,false,1,
8710847942679,false,טרזמה שמפו לשיער יבש בתוספת שמן המפ,"יוניליוור ישראלשיווק בע""מ",,,"י""ח",400,"ל מ""ל",false,1,12.70,3.18,true,1,
8710847942693,false,טרזמה מרכך לשיער יבש שמן המפ 400 מל,יוניליוור ישראל שיווק בעמ,,,"י""ח",400,"ל מ""ל",false,1,12.70,3.18,true,1,
8710908326691,false,"תחליב רחצה פרח האדמונית דאב 750 מ""ל",יוניליוור ישראל שיווק בע`מ,,,"י""ח",750,"ל מ""ל",false,1,17,2.27,true,1,
8711000371176,false,ג'ייקובס קפסולות קפה אספרסו קלאסיקו עוצמה 7,ג'ייקובס דאו אגברטס צרפת,,,"י""ח",52,ל גרם,false,1,14.40,27.69,true,1,
8711000371206,false,ג'ייקובס קפסולות קפה אספרסו ריסטרטו עוצמה 12,ג'ייקובס דאו אגברטס צרפת,,,"י""ח",52,ל גרם,false,1,14.40,27.69,true,1,
8711000397466,false,לור קפסולות קפה אספרסו ריסטרטו נטול קפאין,ג'ייקובס דאו אגברטס צרפת,,,"י""ח",52,ל גרם,false,1,17,32.69,true,1,
8711000472040,false,קפסולות קפה אספרסו סלקשיין גייקובס 52 גר,דיפלומט מפיצים (1968) בעמ**,,,"י""ח",52,ל גרם,false,1,14.40,27.69,true,1,
8712000051099,false,"שישיית בירה היינקן 0% אלכוהל בקבוק 330 מ""ל","מבשלת היינקן, ריטבלדנברג",,,"י""ח",1.98,ליטר,false,1,27.20,12.98,true,1,
8712561594240,false,"דאב תחליב רחצה להזנה עמוקה500 מ""ל-מרכז",יוניליוור ישראל שיווק בע`מ,,,"י""ח",500,"ל מ""ל",false,1,11,2.20,true,1,
8712561626286,false,תחליב רחצה זוהר כמשי דאב (750 מל),יוניליוור ישראל שיווק בע`מ,,,"י""ח",750,"ל מ""ל",false,1,17,2.27,true,1,
8714599410578,false,ג'ייקובס גולד מיובש בהקפאה 47.5 גרם צנ,דיפלומט מפיצים (1968) בעמ**,,,"י""ח",47,ל גרם,false,1,5.90,12.55,true,1,
8714599410806,false,ג'ייקובס קרוננג מיובש בהקפאה 160 גרם סגירה חוזרת,דיפלומט מפיצים (1968) בעמ**,,,"י""ח",160,ל גרם,false,1,17,10.63,true,1,
8714599513781,false,"קפה נמס מיובש בהקפאה זהב צנצנת ג'ייקובס 200 גרם לל""ס",דיפלומט מפיצים (1968) בעמ**,,,"י""ח",200,ל גרם,false,1,22.10,11.05,false,1,
8714599513866,false,"קפה נמס מיובש בהקפאה קרונג צנצנת ג'ייקובס 200 גרם לל""ס",דיפלומט מפיצים (1968) בעמ**,,,"י""ח",200,ל גרם,false,1,20.40,10.20,true,1,
8714789177229,false,רבעיית מברשות שיניים קולגייט אקסטרה קלין 1 יחידה,הנסיך- מפעל לייצור ט,,,"י""ח",1,,false,1,8.50,8.50,false,1,
8714789402932,false,נוזל לניקוי כללי ורצפות בניחוח ורדי בוקר אג'קס 1.5 ליטר,הנסיך- מפעל לייצור ט,,,"י""ח",1.50,ליטר,false,1,17,11.33,true,1,
8714789450315,false,פלמוליב כלים שקוף לימון 1.5 ליטר,הנסיך- מפעל לייצור ט,,,"י""ח",1.50,ליטר,false,1,13.60,9.07,true,1,
8714789930848,false,"משחת שיניים אופטיק וייט הלבנה מיידית קולגייט 75 מ""ל",איינשטיין-צור יבוא-יצוא וסחר ב,,,"י""ח",750,"ל מ""ל",false,1,17,2.27,true,1,
8715700110158,false,היינץ ממרח במרקם קרמי צנצנת 490 גרם,דיפלומט מפיצים (1968) בעמ**,,,"י""ח",490,ל גרם,false,1,10.20,2.08,false,1,
8715700117805,false,"קטשופ היינץ מתבל עגבניות ללא תוספת סוכר ומלח 425 מ""ל",דיפלומט מפיצים (1968) בעמ**,,,"י""ח",400,ל גרם,false,1,9.30,2.33,false,1,
8715700419732,false,מתבל עגבניות היינץ (700 גרם),דיפלומט מפיצים (1968) בעמ**,,,"י""ח",700,ל גרם,false,1,10.90,1.56,true,1,
8715700423906,false,היינץ מתבל עגבניות מופחת סוכר ומלח 50/50 550 גרם,דיפלומט מפיצים (1968) בעמ**,,,"י""ח",555,ל גרם,false,1,10.20,1.84,false,1,
8717163607305,false,דאב סבון מוצק גרגירים לעיסוי עדין *4,יוניליוור ישראל שיווק בע`מ,,,"י""ח",400,ל גרם,false,1,13.90,3.48,false,1,
8717163647196,false,אקס דאודורנט בודי ספריי אנרכי לאשה,יוניליוור ישראל שיווק בע`מ,,,"י""ח",150,"ל מ""ל",false,1,10.20,6.80,true,1,
8717163647226,false,"אקס דאודורנט ספריי גוף בלאק 150 מ""ל","יוניליוור ישראל שיווק בע""מ",,,"י""ח",150,"ל מ""ל",false,1,10.20,6.80,true,1,
8717163647240,false,"אקס דאודורנט ספריי גוף לגבר שוקולד 150 מ""ל",יוניליוור ישראל שיווק בע`מ,,,"י""ח",150,"ל מ""ל",false,1,10.20,6.80,true,1,
8717163647264,false,"אקס דאודורנט ספריי גוף אייס צ'יל 150 מ""ל",יוניליוור ישראל שיווק בע`מ,,,"י""ח",150,"ל מ""ל",false,1,10.20,6.80,true,1,
8717163647301,false,"אקס ספריי אנטיפרספרנט גולדן 150 מ""ל",יוניליוור ישראל שיווק בע`מ,,,"י""ח",150,"ל מ""ל",false,1,10.20,6.80,true,1,
8717163648667,false,"אקס ג'ל רחצה לגבר אייס צ'יל 400 מ""ל",יוניליוור ישראל שיווק בע`מ,,,"י""ח",400,"ל מ""ל",false,1,8.50,2.13,false,1,
8717163655764,false,"רקסונה - דאודורנט ספריי לאישה שוואר פרש 150 מ""ל",יוניליוור ישראל שיווק בעמ,,,"י""ח",150,"ל מ""ל",false,1,12.70,8.47,true,1,
8717163663493,false,"רקסונה - דאודורנט ספריי לגבר קובלט דריי 150 מ""ל","יוניליוור ישראל שיווק בע""מ",,,"י""ח",1,"י""ח",false,1,12.70,12.70,true,1,
8717163714850,false,דאודורנט ספריי קוקוס ויסמין( 150 מל),"יוניליוור ישראל שיווק בע""מ",,,"י""ח",90,"ל מ""ל",false,1,12.70,14.11,true,1,
8717163891735,false,"רקסונה ספריי וורקאאוט גברים 150 מ""ל",יוניליוור ישראל שיווק בעמ,,,"י""ח",1,"י""ח",false,1,12.70,12.70,true,1,
8717163947692,false,"אקס ג'ל רחצה לגבר פרש ברגמוט ופינק פפר 400 מ""ל",יוניליוור ישראל שיווק בע`מ,,,"י""ח",400,"ל מ""ל",false,1,8.50,2.13,false,1,
8717677336616,false,שוקולד מריר עם שקדים ומלח טוניס' שוקולונלי 180 גרם,טוניס/שוקולונלי,,,"י""ח",180,ל גרם,false,1,16.20,9,true,1,
8718114734484,false,ממרח מיוני מיילי 320 גרם,א. סיימן סחר בעמ,,,"י""ח",320,ל גרם,false,1,17.90,5.59,true,1,
8718951031241,false,אלמקס משחת שיניים פרופשיונל 75 מל,ש.שסטוביץ בעמ,,,"י""ח",100,ל גרם,false,1,16.20,16.20,false,1,
8718951076372,false,"קולגייט משחת שיניים תמציות צמחים לשיניים 100 מ""ל",קולגייט פלמוליב,,,"י""ח",100,ל גרם,false,1,8.50,8.50,false,1,
8718951160897,false,ספריי אקונומיקה עוצמת ה7 טריגר אגקס 500מ,קולגייט פלמוליב,,,"י""ח",500,"ל מ""ל",false,1,10.90,2.18,true,1,
8718951167094,false,נוזל כלים פלמוליב צילינדר תפוז וליים 1 ל,יבואן ומשווק: ש. שסט,,,"י""ח",1,ליטר,false,1,11,11,false,1,
8718951228801,false,"משחת שיניים קולגייט מקס פרש כחול 125 מ""ל",קולגייט פלמוליב,,,"י""ח",125,"ל מ""ל",false,1,15.30,12.24,false,1,
8718951236790,false,"קולגייט טוטאל משחת שיניים קלין מינט לפה בריא 100 מ""ל",קולגייט פלמוליב,,,"י""ח",100,"ל מ""ל",false,1,14.40,14.40,true,1,
8718951236806,false,"קולגייט טוטאל הלבנה משחת שיניים המסייעת בהסרת כתמים 100 מ""ל",ש. שסטוביץ בע`מ,,,"י""ח",100,"ל מ""ל",false,1,14.40,14.40,true,1,
8718951236813,false,"קולגייט טוטאל משחת שיניים ניקוי מתקדם לפה בריא יותר 100 מ""ל",קולגייט פלמוליב,,,"י""ח",100,"ל מ""ל",false,1,14.40,14.40,true,1,
8718951247871,false,"מרסס אגקס טריגר לשירותים 500 מ""ל",ש.שסטוביץ בעמ,,,"י""ח",500,"ל מ""ל",false,1,12.70,2.54,false,1,
8718951259409,false,"פלמוליב תחליב רחצה נטורלס לעור עדין 750 מ""ל",קולגייט פלמוליב,,,"י""ח",750,"ל מ""ל",false,1,17,2.27,true,1,
8718951290150,false,קולגייט שטיפת פה Gum Invigorate,ש.שסטוביץ בעמ,,,"י""ח",500,"ל מ""ל",false,1,25.60,5.12,true,1,
8718951313927,false,"סבון ידיים משאבה פלמוליב חימר טונוס 300 מ""ל",ש.שסטוביץ בעמ,,,"י""ח",300,"ל מ""ל",false,1,8.50,2.83,true,1,
8718951319806,false,פלמוליב לגבר גל רחצה ושמפו מרענן 750 משא,פלמוליב Palmolive,,,"י""ח",750,"ל מ""ל",false,1,17,2.27,true,1,
8718951333048,false,"פלמוליב סבון לידיים למטבח, 300 מ""ל",הנסיך- מפעל לייצור ט,,,"י""ח",300,"ל מ""ל",false,1,8.50,2.83,true,1,
8718951334090,false,"מרכך כביסה מרוכז כחול 650 מ""ל סופלין",ש.שסטוביץ בעמ,,,"י""ח",0.65,ליטר,false,1,8.50,13.08,true,1,
8718951334120,false,"מרכך כביסה סופלין מרוכז לבנדר 650 מ""ל",ש.שסטוביץ בעמ,,,"י""ח",0.65,ליטר,false,1,8.50,13.08,true,1,
8718951334151,false,"מרכך כביסה מרוכז היפואלרגני 650 מ""ל סופלין",ש.שסטוביץ בעמ,,,"י""ח",0.65,ליטר,false,1,8.50,13.08,true,1,
8718951338098,false,ליידי ספיד רול און פ,ש.שסטוביץ בעמ,,,"י""ח",50,"ל מ""ל",false,1,12.70,25.40,true,1,
8718951382640,false,פלמוליב גל רחצה חימר דיטוקס משאבה 750,קולגייט פלמוליב,,,"י""ח",750,"ל מ""ל",false,1,17,2.27,true,1,
8718951382787,false,"משחת שיניים אופטיק וויט חימר ומינרלים 75 מ""ל קולגייט",ש.שסטוביץ בעמ,,,"י""ח",256,ל גרם,false,1,25.60,10,true,1,
8718951385290,false,אג`קס ניקוי כללי עוצמת ב -7כחול 2 ליטר,קולגייט פלמוליב,,,"י""ח",2,ליטר,false,1,19.60,9.80,false,1,
8718951400597,false,"תחליב רחצה קוקוס וחלב ללא משאבה750 מ""ל פלמוליב",קולגייט פלמוליב,,,"י""ח",750,"ל מ""ל",false,1,17,2.27,true,1,
8718951446564,false,"סבון נוזלי מומנטס עץ אלגום ולבנדר 500 מ""ל פלמוליב",ש.שסטוביץ בעמ,,,"י""ח",500,"ל מ""ל",false,1,13.60,2.72,true,1,
8718951497184,false,"פלמוליב סבון נוזלי ים תיכוני 750 מ""ל",ש.שסטוביץ בעמ,,,"י""ח",750,"ל מ""ל",false,1,17,2.27,true,1,
8718951497207,false,"פלמוליב סבון נוזלי משאבה 750 מ""ל",ש.שסטוביץ בעמ,,,"י""ח",750,"ל מ""ל",false,1,17,2.27,true,1,
8718951509627,false,"קולגייט אופטיק וייט לאוהבי קפה ותה משחת שיניים 75 מ""ל",קולגייט פלמוליב,,,"י""ח",256,ל גרם,false,1,23,8.98,true,1,
8719200998001,false,מרגרינה לאפיה ובישול בלי מלח 200 ג' בלו בנד,יוניליוור ישראל מזון בע\,,,"י""ח",200,ל גרם,false,1,3.90,1.95,false,1,
8719200998018,false,מחמאה מרגרינה בטעם חמאה בלובנד 200 גרם,"מיוצר ע""\י יוניליוור ישר",,,"י""ח",200,ל גרם,false,1,3.90,1.95,false,1,
8719200998049,false,"מרגרינה מזולה גלורי רגיל 250גר 8 יחידות -כשל""פ","מיוצר ע""\י יוניליוור ישר",,,"י""ח",250,ל גרם,false,1,8.50,3.40,false,1,
8720181045912,false,"אקס דאודורנט ספריי גוף אפריקה 150 מ""ל",יוניליוור ישראל שיווק בע`מ,,,"י""ח",150,"ל מ""ל",false,1,10.20,6.80,true,1,
8720181046605,false,דאב - דאודורנט ספריי לאישה אורגינל כחול 150מל,"יוניליוור ישראל שיווק בע""מ",,,"י""ח",90,"ל מ""ל",false,1,12.70,14.11,true,1,
8720181074745,false,דאב דאו ספריי בניחוח אסאי 150 מל,יוניליוור ישראל שיווק בעמ,,,"י""ח",90,"ל מ""ל",false,1,12.70,14.11,true,1,
8722700202325,false,מלפפונים קורנישון מיני מיילי 400 גרם,א. סיימן סחר בעמ,,,"י""ח",560,ל גרם,false,1,20.40,3.64,false,1,
8723400782544,false,מנטוס סוכריות לעיסה בתפזורת בטעם מנטה 160 ג',ליימן שליסל בע`מ,,,"י""ח",1,"י""ח",false,1,9.30,9.30,true,1,
8801055708772,false,מארז טייסטרס צ'ויס 200 גרם+50 גר' מתנה,קבוצת אוסם סחר-שות.מוגבלת,,,"י""ח",180,ל גרם,false,1,30.90,17.17,true,1,
8801055709458,false,אבקה להכנת משקה קפה בטעם קפוצ'ינו קרמל,קבוצת אוסם סחר שותפות מוגבלת,,,"י""ח",170,ל גרם,false,1,16.20,9.53,false,1,
8801055709472,false,נסטלה - נסקפה קפוצ'ינו קלאסי 12.50 גרם * 10,קבוצת אוסם סחר שותפות מוגבלת,,,"י""ח",180,ל גרם,false,1,16.20,9,false,1,
8809168840471,false,חטיף אצות מיובשות 9יח 4.5גרם.,מזרח ומערב יבוא ושיווק,,,"י""ח",9,"י""ח",false,1,19.90,2.21,false,1,
8850006331699,false,קולגייט מברשת שינייים סלים סופט שלישיה,קולגייט פלמוליב,,,"י""ח",1,,false,1,25.60,25.60,false,1,
8850006932964,false,חמישיית מברשות שיניים קןלגייט טוויסטר מארז,קולגייט פלמוליב,,,"י""ח",1,,false,1,17,17,false,1,
8850161161247,false,קוקו מקס 100% מי קוקוס 1 ליטר,טויו סייקאן קו.אל.טי.די,,,"י""ח",1,ליטר,false,1,14.50,14.50,true,1,
8850161167089,false,קוקו וואי משקה קוקוס 1 ליטר,טויו טייקאן קו.אל.טי.די,,,"י""ח",1,ליטר,false,1,14.50,14.50,true,1,
8850389103111,false,סאפי משקה אלוורה בטעם ענבים 300מל,פארייפאבה אגרואינדוס,,,"י""ח",300,"ל מ""ל",false,1,6.20,1.97,true,1,
8850389103128,false,"משקה קל סאפה בטעם תפוח 300 מ""ל",פארייפאבה אגרואינדוס,,,"י""ח",300,"ל מ""ל",false,1,6.20,1.97,true,1,
8850389103159,false,"משקה ליצ'י עם חתיכות גלי קוקוס 320 מ""ל מוגו מוגו",סאפה פובליק קומפני לימיט,,,"י""ח",320,"ל מ""ל",false,1,5.90,1.75,true,1,
8850389104637,false,"משקה קל סאפה אלוורה אפרסק 300 מ""ל",פארייפאבה אגרואינדוס,,,"י""ח",300,"ל מ""ל",false,1,6.20,1.97,true,1,
8850389105849,false,סאפה משקה אלוורה מופחת קלוריות בטעם אפרסק 1 ליטר,סאפה פובליק קומפני לימיט,,,"י""ח",1,ליטר,false,1,11.20,11.20,false,1,
8850389111352,false,"משקה מלון עם חתיכות גלי קוקוס 320 מ""ל מוגו מוגו",סאפה פובליק קומפני לימיט,,,"י""ח",320,"ל מ""ל",false,1,5.90,1.75,true,1,
8850389115312,false,"סאפה אלוורה מלון בקבוק 300 מ""ל",סאפה פובליק קומפני ל,,,"י""ח",300,"ל מ""ל",false,1,6.20,1.97,true,1,
8850632604259,false,"יוגטה, חיספוסים, ממתק חמוץ בצורת מקלות בטעם תות שדה,50 גרם",ליימן שליסל בע`מ,,,"י""ח",50,ל גרם,false,1,3.90,7.80,true,1,
8850632604372,false,"יוגטה, חיספוסים בצורת שטיח בטעם תות שדה 50 גרם",ליימן שליסל בע`מ,,,"י""ח",50,ל גרם,false,1,3.90,7.80,true,1,
8850632604402,false,יוגטה חיספוסים בטעם מעורב תות שדה אבטיח ענבים בננה 50 גרם,ליימן שליסל בע`מ,,,"י""ח",50,ל גרם,false,1,3.90,7.80,true,1,
8858271003075,false,"רוטב סויה מתוקה מקסצ'אפ 700 מ""ל",מזרח ומערב יבוא ושיווק,,,"י""ח",700,"ל מ""ל",false,1,14.40,2.06,false,1,
8858271003921,false,רוטב קארי אדום 250 מ'ל - מקסצ'אפ,מזרח ומערב יבוא ושיווק,,,"י""ח",250,"ל מ""ל",false,1,9.30,3.72,true,1,
8858271004300,false,"רוטב טרייאקי 70 מ""ל מקסצ`אפ",מזרח ומערב יבוא ושיווק,,,"י""ח",700,"ל מ""ל",false,1,17,2.43,false,1,
8888021200720,false,סוללות אנרג'ייזר AAA מקס 8 יחידות,יצרן: אנרג'ייזר סינג,,,"י""ח",1,,false,1,17,17,false,1,
8901537024014,false,"אורז בסמטי מובחר 1 ק""ג - דוואט) יורה דיעה",ג. וילי-פוד אינטרנשיונל בע`מ,,,"י""ח",1,"ק""ג",false,1,13.90,13.90,true,1,
8934878081736,false,"אטריות אורז 3 מ""מ 450 גר`",מזרח ומערב יבוא ושיווק,,,"י""ח",400,ל גרם,false,1,9.30,2.33,false,1,
9000101380255,false,פרסיל דיסקס לכביסה ניקיון היגייני 22 יחידות,גורי שיווק בעמ,,,"י""ח",22,"י""ח",false,1,29.80,1.35,false,1,
9000101537550,false,פרסיל קאפסולות לכביסה לבנה וצבעונית 52 יח',גורי שיווק בעמ,,,"י""ח",26,"י""ח",false,1,46.90,1.80,true,1,
9002975393812,false,סוכריות גילי הריבו האפי צירי 70 גרם,"האריבו , ג'\י.אם.בי.אייץ",,,"י""ח",70,ל גרם,false,1,5.90,8.43,true,1,
9002975393836,false,סוכריות גילי הריבו האפי קולה 70 גרם,"האריבו , ג'\י.אם.בי.אייץ",,,"י""ח",70,ל גרם,false,1,5.90,8.43,true,1,
9002975393843,false,סוכריות גילי הריבו גולדברס 70 גרם,"האריבו , ג'\י.אם.בי.אייץ",,,"י""ח",70,ל גרם,false,1,5.90,8.43,true,1,
9002975393850,false,סוכריות גילי הריבו וורמס 70 גרם,"האריבו , ג'\י.אם.בי.אייץ",,,"י""ח",70,ל גרם,false,1,5.90,8.43,true,1,
9120025839896,false,חטיף מילקה מצונן 128 גרם,ג.וילי-פוד אינטרנשיונל **גבינו,,,"י""ח",128,ל גרם,false,1,12.70,9.92,false,1,
9120097310583,false,חטיף שוקו בננה מיניונים מצונן 108 גרם רבנות,ג.וילי-פוד אינטרנשיונל **גבינו,,,"י""ח",108,ל גרם,false,1,12.70,11.76,false,1,
9310088007015,false,דיפנד תחבושות אוברנייט בלילה,קימברלי קלארק ישראל שיווק בעמ,,,"י""ח",1,,false,1,16.80,16.80,true,1,
9720188050109,false,ממרח על בסיס סויה בסגנון גבינה טופוטי 225 גרם,*החברה המרכזית להפצת משקאותבעמ,,,"י""ח",227,ל גרם,false,1,17.90,7.89,false,1,
9771565051066,false,עיתון ידיעות אחרונות,ידיעות אחרונות בעמ,,,"י""ח",1,,false,1,17.10,17.10,true,1,
9843022871156,false,נר הבדלה דקורטיבי,צבע ומכחול (2014) בעמ,,,"י""ח",1,"י""ח",false,1,17,17,false,1,
9843022871972,false,מארז 6 כוסיות לנרונים ללא רגל,צבע ומכחול (2014) בעמ,,,"י""ח",1,,false,1,17,17,false,1,
