code,internal_code,name,manufacturer_name,manufacture_country,manufacturer_item_description,unit_qty,quantity,unit_of_measure,weighted,qty_in_package,price,unit_of_measure_price,allow_discount,status,item_id
32147230,false,"מיץ לימון משומר 200 מ""ל",סידג,CH,מיץ לימון משומר,מיליליטרים,200.00,"100 מ""ל",false,0,6.30,3.15,true,1,
40084107,false,ביצת קינדר הפתעה 20 גרם,פררו אס.פי.אי,IT,ביצת הפתעה,גרמים,20.00,100 גרם,false,1,5.30,26.50,true,1,
40111216,false,חטיף באונטי 57 גרם,מרס,NL,חטיף באונטי,גרמים,57.00,100 גרם,false,0,3.90,6.84,true,1,
42102021,false,מסטיק אורביט פרופשונל10י,ריגלי,PL,מסטיק אורביט,יחידה,1.00,יחידה,false,0,3.10,3.10,true,1,
42123873,false,אורביט פרופשיונל ספירמיט,ריגלי,PL,מסטיק אורביט,יחידה,1.00,יחידה,false,0,3.10,3.10,true,1,
42154655,false,אורביט פפרמינט אר' מעטפה,ריגלי,FR,אורביט פפרמינט,גרמים,27.00,100 גרם,false,0,5.80,21.48,true,1,
42154662,false,אורביט בטעם ספירמינט 27ג,ריגלי,FR,מסטיק אורביט,גרמים,27.00,100 גרם,false,0,5.80,21.48,true,1,
42174479,false,אורביט מעטפה תות 27 גרם,ריגלי,FR,אורביט מעטפה,גרמים,27.00,100 גרם,false,1,5.80,21.48,true,1,
42182085,false,5 בטעם פירות טרופיים31גר,ריגלי,FR,5 פירות טרופיים,גרמים,31.00,100 גרם,false,0,6.80,21.94,true,1,
42182108,false,5 בטעם מנטה 31 גרם,ריגלי,FR,5 בטעם מנטה,גרמים,31.00,100 גרם,false,0,6.80,21.94,true,1,
42182115,false,5 בטעם מנטה עדינה 31 גרם,ריגלי,FR,5 מנטה עדינה,גרמים,31.00,100 גרם,false,0,6.80,21.94,true,1,
42188889,false,מסטיק 5 בטעם אבטיח 31גרם,ריגלי,FR,מסטיק 5 אבטיח,גרמים,31.00,100 גרם,false,0,6.80,21.94,true,1,
42211877,false,אורביט סטיקס ספירמינט31ג,ריגלי,FR,אורביט סטיקס,גרמים,31.00,100 גרם,false,0,5.70,18.39,true,1,
42236948,false,ניוואה סטרס רול און50מ,ביירסדורץ,IL,דאודורנט ניוואה,מיליליטרים,50.00,"100 מ""ל",false,0,17.90,35.80,true,1,
42247388,false,אורביט בליסטר באבל מינט,ריגלי,PL,אורביט בליסטר,גרמים,14.00,100 גרם,false,0,3.10,22.14,true,1,
46024817,false,נקסט חפיסה,פיליפ מוריס,,נקסט יח',יחידה,1.00,יחידה,false,0,27.50,27.50,false,1,
46024824,false,נקסט חפיסה,פיליפ מוריס,,נקסט יח',יחידה,1.00,יחידה,false,0,27.50,27.50,false,1,
46026491,false,פרלמנט סופר סלימס חפ.,פיליפ מוריס,,פרלמנט חפיסה,יחידה,1.00,יחידה,false,0,36.00,36.00,false,1,
46129338,false,מסטיק 5 בלאק 29 גרם,ריגלי,FR,מסטיק 5 בלאק,גרמים,29.00,100 גרם,false,1,6.80,23.45,true,1,
72917275,false,ופל טורטית 40 גרם,עלית,IL,וופל טורטית,גרמים,40.00,100 גרם,false,0,3.90,9.75,true,1,
72917329,false,אגוזי 45 גרם,עלית,IL,חטיף אגוזי,גרמים,45.00,100 גרם,false,0,3.90,8.67,true,1,
72917367,false,חטיף טעמי 40 גרם,עלית,IL,חטיף טעמי,גרמים,40.00,100 גרם,false,0,3.90,9.75,true,1,
72917589,false,מקופלת חלב 25 גרם,עלית,IL,מקופלת חלב,גרמים,25.00,100 גרם,false,0,3.90,15.60,true,1,
72917893,false,וופל פסק זמן חלב 45 גרם,עלית,IL,פסק זמן חלב,גרמים,45.00,100 גרם,false,0,4.90,10.89,true,1,
72918388,false,חטיף טויסט 28 גרם,עלית,IL,חטיף טוויסט,גרמים,28.00,100 גרם,false,0,3.90,13.93,true,1,
72940754,false,"מילקי בטעם וניל 170 מ""ל",שטראוס,IL,מילקי טעם וניל,מיליליטרים,170.00,"100 מ""ל",false,0,2.80,1.65,true,1,
72940761,false,"מילקי בטעם שוקולד 170מ""ל",שטראוס,IL,מילקי טעם שוקולד,מיליליטרים,170.00,"100 מ""ל",false,0,2.80,1.65,true,1,
72940952,false,"מילקי אקסטרה קצפת 170מ""ל",שטראוס,IL,מילקי אקסטרה,מיליליטרים,170.00,"100 מ""ל",false,0,3.90,2.29,true,1,
72940976,false,סלט כרוב אדום 250 גרם,שטראוס,IL,סלט כרוב אדום,גרמים,250.00,100 גרם,false,0,7.40,2.96,true,1,
72941041,false,מיני מילקי ט.שוקולד90מל,שטראוס,IL,מיני מילקי,מיליליטרים,90.00,"100 מ""ל",false,0,2.00,2.22,true,1,
72945308,false,קוביות שמרים לחים אפיה50,פאקא,IL,קוביות שמרים,גרמים,50.00,100 גרם,false,0,3.20,6.40,true,1,
72961506,false,פרילי תות 1.5% 125 גרם,תנובה,IL,פרילי תות,גרמים,125.00,100 גרם,false,0,3.50,2.80,true,1,
72961520,false,פרילי אננס 1.5% 125 גרם,תנובה,IL,פרילי אננס 1.5%,גרמים,125.00,100 גרם,false,0,3.50,2.80,true,1,
72961544,false,באדי תות 3% 125 גרם,תנובה,IL,מעדן באדי תות 3%,גרמים,125.00,100 גרם,false,0,2.80,2.24,true,1,
72963104,false,חמאה 100 גרם,תנובה,IL,חמאה,גרמים,100.00,100 גרם,false,0,3.80,3.80,true,1,
72963753,false,שמ.של פעם חמוצה27% 200ג,תנובה,IL,שמנת חמוצה תנובה,גרמים,200.00,100 גרם,false,0,3.90,1.95,true,1,
72963920,false,דנובה גביע 200 גרם,תנובה,IL,יוגורט דנובה,גרמים,200.00,100 גרם,false,0,3.40,1.70,true,1,
72964132,false,פרילי טבע גרנולה 200 גרם,תנובה,IL,פרילי טבע גרנולה,גרמים,200.00,100 גרם,false,0,4.50,2.25,true,1,
72983225,false,מעדן מילקי הפוך 11% 170מ,שטראוס,IL,מעדן מילקי הפוך,מיליליטרים,170.00,"100 מ""ל",false,0,3.90,2.29,true,1,
72983416,false,ל.מ. בלו ארוך בוקס חפ,פיליפ מוריס,,ל.מ בלו חפ.,יחידה,1.00,יחידה,false,0,31.50,31.50,false,1,
72986448,false,"גל.טופי קראנץ 500 מ""ל",מוצרי איכות אמריקאיים,US,גלידה בן & ג'ר,מיליליטרים,500.00,"100 מ""ל",false,0,25.50,5.10,true,1,
72991374,false,טיים RED יחידה,,IL,טיים RED יחידה,יחידה,1.00,יחידה,false,0,28.00,28.00,false,1,
72991381,false,טיים RED 100,,IL,טיים RED 100,יחידה,1.00,יחידה,false,0,28.00,28.00,false,1,
72991404,false,אירופה יחידה,,IL,אירופה יחידה,יחידה,1.00,יחידה,false,0,28.00,28.00,false,1,
72991466,false,גולף GOLD 100,,IL,גולף GOLD 100,יחידה,1.00,יחידה,false,0,29.00,29.00,false,1,
72993637,false,דני שוקולד 1.5% 125 גרם,שטראוס,IL,דני שוקולד 1.5%,גרמים,125.00,100 גרם,false,0,2.60,2.08,true,1,
72993781,false,פסק זמן גלילית לבן 40גרם,עלית,IL,פסק זמן גלילית,גרמים,40.00,100 גרם,false,0,4.90,12.25,true,1,
72993927,false,נקסט 100 חפיסה,פיליפ מוריס,,נקסט 100 חפיסה,יחידה,1.00,יחידה,false,0,27.50,27.50,false,1,
76136184,false,פאל מאל סופר סלים בלו חפ,bat,CH,פאל מאל חפיסה,יחידה,1.00,יחידה,false,0,27.50,27.50,false,1,
80042563,false,רסק עגבניות,,,רסק עגבניות,גרמים,700.00,100 גרם,false,0,12.30,1.76,true,1,
80050025,false,סוכריות טיק-טק תפוז16גרם,פררו - אלבה,IT,טיק טק תפוז,גרמים,16.00,100 גרם,false,0,3.30,20.63,true,1,
80050124,false,טיק טק סוכריות מנטה16גרם,פררו - אלבה,EC,סוכריות טיק טק,גרמים,16.00,100 גרם,false,0,3.30,20.63,true,1,
80052760,false,קינדר בואנו 2 * 21.5 גרם,פררו - אלבה,IT,קינדר בואנו זוג,גרמים,43.00,100 גרם,false,0,4.90,11.40,true,1,
80176800,false,נוטלה ממרח שוקולד 750 גר,פררו - אלבה,PL,ממרח נוטלה,גרמים,750.00,100 גרם,false,0,23.90,3.19,true,1,
80177173,false,ממרח נוטלה 350 גרם,פררו - אלבה,IT,ממרח נוטלה,גרמים,350.00,100 גרם,false,0,14.00,4.00,true,1,
80177616,false,אצבעות שוקולד קינדר100גר,פררו - אלבה,IT,שוקולד קינדר,גרמים,100.00,100 גרם,false,0,7.80,7.80,true,1,
80761761,false,קינדר בואנו לבן 19.5*2גר,פררו - אלבה,,קינדר בואנו לבן,גרמים,39.00,100 גרם,false,0,4.90,12.56,true,1,
80767091,false,מסטיק מנטוס פירות אדומ90,פרפטי ואן מלה,TR,מסטיק מנטוס,גרמים,90.00,100 גרם,false,0,17.10,19.00,true,1,
80768258,false,ביצת קינדר ג'וי ורוד20גר,פררו - אלבה,PL,קינדר ג'וי ורוד,גרמים,20.00,100 גרם,false,0,5.90,29.50,true,1,
80769699,false,מנטוס וויט פירות מנטה60ג,פרפטי ואן מלה,TR,מנטוס וויט,גרמים,60.00,100 גרם,false,0,9.90,16.50,true,1,
80817109,false,מסטיק מנטוס 3D תפוח/פטל,פרפטי ואן מלה,TR,מסטיק מנטוס,גרמים,33.00,100 גרם,false,0,6.90,20.91,true,1,
80820079,false,מסטיק מנטוס3Dאוכמנ/תות33,פרפטי ואן מלה,TR,מסטיק מנטוס 3D,גרמים,33.00,100 גרם,false,0,6.90,20.91,true,1,
80828174,false,מנטוס וויט מנטה מתוקה60ג,פרפטי ואן מלה,TR,מנטוס וויט,גרמים,60.00,100 גרם,false,0,9.90,16.50,true,1,
80828266,false,מסטיק מנטוס מנטה 90 גרם,פרפטי ואן מלה,TR,מסטיק מנטוס,גרמים,90.00,100 גרם,false,0,17.10,19.00,true,1,
80850885,false,מנטוס וויט מנטה עדינה60ג,פרפטי ואן מלה,TR,מנטוס וויט,גרמים,60.00,100 גרם,false,0,9.90,16.50,true,1,
80859741,false,מסטיק מנטוס בקב.פירות60ג,פרפטי ואן מלה,TR,מנטוס בקבוק,גרמים,60.00,100 גרם,false,1,9.80,16.33,true,1,
80869580,false,מסטיק מנטוס ספירמינט90ג,פרפטי ואן מלה,TR,מסטיק מנטוס,גרמים,90.00,100 גרם,false,0,17.10,19.00,true,1,
80927679,false,מסטיק מנטוס בקבוק מנטה60,פרפטי ואן מלה,TR,מנטוס בקבוק,גרמים,60.00,100 גרם,false,1,9.80,16.33,true,1,
80938828,false,מסט.מנטוס 3D אבטיח/אננס,פרפטי ואן מלה,TR,מסטיק מנטוס,גרמים,33.00,100 גרם,false,0,6.90,20.91,true,1,
87108651,false,מנטוס מנטה 4יח37.5X'גרם,פרפטי ואן מלה ברדה,NL,מנטוס מנטה 4 יח',גרמים,150.00,100 גרם,false,0,10.90,7.27,true,1,
87304787,false,מנטוס BOX פירות 64 גרם,פרפטי ואן מלה ברדה,NL,סוכריות מנטוס,גרמים,64.00,100 גרם,false,0,6.40,10.00,true,1,
90162602,true,רד בול משקה אנרגיה פח250,רד בול,AT,רד בול,מיליליטרים,250.00,"100 מ""ל",false,0,8.10,3.24,true,1,
90162800,true,רד בול שוגרפרי פחית250מל,רד בול,AT,רד בול ללא סוכר,מיליליטרים,250.00,"100 מ""ל",false,0,8.10,3.24,true,1,
11179431199,false,גליל נייר עטיפה לבן .152,.,IL,גליל עטיפה,יחידה,1.00,יחידה,false,0,9.20,9.20,true,1,
12300119139,false,וינסטון כחול בוקס 10יח,jti,CH,וינסטון בוקס,יחידה,1.00,יחידה,false,0,289.90,289.90,false,1,
13495113506,false,קליק ביסקוויט 75 גרם,יוניליוור,IL,קליק ביסקוויט,גרמים,75.00,100 גרם,false,0,5.90,7.87,true,1,
13495113513,false,קליק שוקולד חלב 75 גרם,יוניליוור,IL,קליק שוקולד,גרמים,75.00,100 גרם,false,0,5.90,7.87,true,1,
13495113520,false,קליק קורנפלקס 75 גרם,יוניליוור,IL,קליק קורנפלקס,גרמים,75.00,100 גרם,false,0,5.90,7.87,true,1,
13495113537,false,קליק חום לבן מעורב 75 גר,יוניליוור,IL,קליק מעורב,גרמים,75.00,100 גרם,false,0,5.90,7.87,true,1,
13495113582,false,קליק כריות 75 גרם,יוניליוור,IL,קליק כריות,גרמים,75.00,100 גרם,false,0,5.90,7.87,true,1,
16000177710,false,נייצ'ר וואלי פירות+שקד5י,ג'נרל מילס,US,חטיף נייצ'ר ואלי,גרמים,175.00,100 גרם,false,0,17.90,10.23,true,1,
16000423534,false,קראנצי שיבולת ושוקולד5יח,ג'נרל מילס,US,חטיף נייצ'ר ואלי,גרמים,210.00,100 גרם,false,0,19.90,9.48,true,1,
16000423541,false,צואי שוק.מריר ובוטנים5יח,ג'נרל מילס,US,חטיף נייצ'ר ואלי,גרמים,175.00,100 גרם,false,0,17.90,10.23,true,1,
16000548404,false,חטיף נייטשר ואלי ש.שועל5,ג'נרל מילס,US,חטיף נייטשר ואלי,גרמים,210.00,100 גרם,false,0,19.90,9.48,true,1,
16000548503,false,נייטשר וואלי מייפל 5יח,ג'נרל מילס,US,חטיף נייטשר ואלי,גרמים,210.00,100 גרם,false,0,19.90,9.48,true,1,
18000701223,false,תערובת לעוגת שוקולד500גר,ג'נרל מילס,IL,תערובת לעוגה,גרמים,500.00,100 גרם,false,0,17.90,3.58,true,1,
24000154617,false,אננס שלם בסירופ,,,אננס שלם בסירופ,גרמים,825.00,100 גרם,false,0,9.70,1.18,true,1,
24321424277,false,עגבניות חתוכות קוביות750,קונסוריזיו קאסאלסקו,IT,עגבניות חתוכות,גרמים,750.00,100 גרם,false,0,10.50,1.40,true,1,
28200101907,false,מרלבורו גולד 100 בוקס10י,פיליפ מוריס,US,מרלבורו גולד,יחידה,1.00,יחידה,false,0,319.90,319.90,false,1,
28200106902,false,מרלבורו גולד קצר בוקס10י,פיליפ מוריס,US,מרלבורו גולד ק,יחידה,1.00,יחידה,false,0,319.90,319.90,false,1,
28200114907,false,פרלמנט קצר 10יח',פיליפ מוריס,US,פרלמנט קצר חבי,יחידה,1.00,יחידה,false,0,349.90,349.90,false,1,
28200133502,false,מרלבורו רד קצר בוקס 10יח,פיליפ מוריס,IL,מרלבורו רד חבילה,יחידה,1.00,יחידה,false,0,319.90,319.90,false,1,
28200133908,false,פרלמנט סילבר 10 יח',פיליפ מוריס,US,פרלמנט סילבר ח,יחידה,1.00,יחידה,false,0,349.90,349.90,false,1,
28200152701,false,ל.מ. בלו לייבל קצר 10,פיליפ מוריס,US,ל.מ. בלו לייבל,יחידה,1.00,יחידה,false,0,299.90,299.90,false,1,
28200154507,false,ל.מ. רד לייבל קצר 10 יח,פיליפ מוריס,US,ל.מ. רד לייבל,יחידה,1.00,יחידה,false,0,299.90,299.90,false,1,
28200174604,false,פרלמנט ארוך בלו RCB 10יח,פיליפ מוריס,,פרלמנט ארוך בל,יחידה,1.00,יחידה,false,0,349.90,349.90,false,1,
29424000564,false,וופל ללא סוכר לימון 180ג,מנעמים,IL,וופל ללא סוכר,גרמים,180.00,100 גרם,false,0,7.50,4.17,true,1,
34000442652,false,טבלת XL ריזס 120 גרם,הרשי שוקולד,US,טבלת ריזס XL,גרמים,120.00,100 גרם,false,1,9.80,8.17,true,1,
35000764522,false,משחה קולגייט מקס פרש100מ,קולגייט-פלמוליב,PL,משחת שיניים,מיליליטרים,100.00,"100 מ""ל",false,0,15.00,15.00,true,1,
36000258660,false,קלינקס לושן,,IL,קלינקס לושן,יחידה,1.00,יחידה,false,0,16.80,16.80,true,1,
37600110723,false,חמאת בוטנים+שברי בוטנ462,סקיפי פודס ל.ל.סי.,US,חמאת בוטנים סקיפ,גרמים,462.00,100 גרם,false,1,17.90,3.87,true,1,
38000844966,false,חטיף פרינגלס אורגינל161ג,פרוקטר & גמבל,IL,חטיף פרינגלס,גרמים,161.00,100 גרם,false,0,9.90,6.15,true,1,
38000844973,false,חטיף פרינגלס ברביקיו169ג,פרוקטר & גמבל,IL,חטיף פרינגלס,גרמים,169.00,100 גרם,false,0,9.90,5.86,true,1,
38000845000,false,פרינגלס שמנת בצל 169 גר,פרוקטר & גמבל,US,פרינגלס שמנת בצל,גרמים,169.00,100 גרם,false,0,9.90,5.86,true,1,
38000845024,false,פרינגלס פיצה 169 גרם,פרוקטר & גמבל,IL,פרינגלס פיצה,גרמים,169.00,100 גרם,false,0,9.90,5.86,true,1,
38000845512,false,פרינגלס מיני אורגינל37ג,פרוקטר & גמבל,US,פרינגלס מיני,גרמים,37.00,100 גרם,false,0,4.50,12.16,true,1,
38000845529,false,פרינגלס מיני שמנת בצל37ג,פרוקטר & גמבל,US,פרינגלס מיני,גרמים,37.00,100 גרם,false,0,4.50,12.16,true,1,
38527014125,false,קוואקר אינסט.תפוח+קינ350,קואקר אוטס,IL,קוואקר אינסט.תפוח+קינ350,גרמים,350.00,100 גרם,false,0,14.90,4.26,true,1,
38527591060,false,דגנים מרובעים קוואקר412ג,קואקר אוטס,,דגנים מרובעים קוואקר412ג,גרמים,412.00,100 גרם,false,0,19.90,4.83,true,1,
38527591145,false,דגנים קפטן בוטנים355גרם,קואקר אוטס,,קפטן דגנים,גרמים,355.00,100 גרם,false,0,19.90,5.61,true,1,
38900015312,false,חתיכות אננס דול,,PH,חתיכות אננס דול,גרמים,681.00,100 גרם,false,0,15.10,2.22,true,1,
46214731552,false,עוגיות שוקולד צ'יפס225גר,מרבה,NL,עוגיות ש.צ'יפס,גרמים,225.00,100 גרם,false,0,10.90,4.84,true,1,
50000421541,false,פריסקיז מיקס גריל 156גרם,נסטלה פורינה,US,פריסקיז לחתול,גרמים,156.00,100 גרם,false,0,6.30,4.04,true,1,
50000423347,false,פריסקיז לח סלמון 156 גרם,נסטלה פורינה,US,פריסקיז לח לחתול,גרמים,156.00,100 גרם,false,0,6.30,4.04,true,1,
55500012046,false,כלורקס מרסס,,US,כלורקס מרסס,מיליליטרים,946.00,"100 מ""ל",false,0,15.70,1.66,true,1,
64144090051,false,"תרסיס שמן קנולה 148 מ""ל",קונגרה,US,תרסיס שמן קנולה,מיליליטרים,148.00,"100 מ""ל",false,0,19.20,12.97,true,1,
70970471001,false,סוכריות ג'לי חמוץ 102גרם,גאסט בורן,US,סוכריות ג'לי,גרמים,102.00,100 גרם,false,1,9.80,9.61,true,1,
76840100156,false,גלידה צ'רי גרסיה 500מל,מוצרי איכות אמריקאיים,IL,גלידה צ'רי גרסיה,מיליליטרים,500.00,"100 מ""ל",false,0,25.50,5.10,true,1,
76840100811,false,גלידה חמאת בוטנים 428גרם,מוצרי איכות אמריקאיים,IL,גלידה בן& ג'רי,גרמים,428.00,100 גרם,false,0,25.50,5.96,true,1,
76840102051,false,גלידת שמנת קרמל וקינמון,מוצרי איכות אמריקאיים,IL,גלידת שמנת קרמל וקינמון,מיליליטרים,473.00,"100 מ""ל",false,0,25.50,5.39,true,1,
76840280544,false,גל.יוגורט וניל דבש 396גר,מוצרי איכות אמריקאיים,IL,גל.יוגורט וניל דבש 396גר,גרמים,396.00,100 גרם,false,0,25.30,6.39,true,1,
77245110573,false,סוכ.מאסט יוג.תות/אוכמ80ג,עלית,PL,סוכריות מאסט,גרמים,80.00,100 גרם,false,0,7.50,9.38,true,1,
77245110597,false,סוכריות מאסט לימון 80גרם,עלית,PL,סוכריות מאסט,גרמים,80.00,100 גרם,false,0,7.50,9.38,true,1,
77245110610,false,סוכריות מאסט מנטה 80 גרם,עלית,PL,סוכריות מאסט,גרמים,80.00,100 גרם,false,0,7.50,9.38,true,1,
77245111136,false,סוכ.מאסט ריבת חלב 80 גרם,עלית,PL,סוכריות מאסט,גרמים,80.00,100 גרם,false,0,7.50,9.38,true,1,
77975088227,false,שברי בייגלה בצל חרדל340ג,סניידרס,US,שברי בייגלה,גרמים,340.00,100 גרם,false,0,16.80,4.94,true,1,
77975091524,false,שברי בייגלה קרמל-מלוח100,סניידרס,US,שברי בייגלה קרמל,גרמים,100.00,100 גרם,false,1,7.80,7.80,true,1,
77975091784,false,טורטיות צ'יפס תירס צ354ג,סניידרס,US,טורטיות צ'יפס,גרמים,354.00,100 גרם,false,1,15.90,4.49,true,1,
77975091791,false,טורטיות צ'יפס מסעדות354ג,סניידרס,US,טורטיות צ'יפס,גרמים,354.00,100 גרם,false,1,15.90,4.49,true,1,
80432400432,false,וויסקי שיבס 1 ליטר,שיבס ריגל,GB,וויסקי שיבס,ליטרים,1.00,ליטר,false,0,197.30,197.30,true,1,
272000194410,false,קנט קלאסי ארוך 10 יח',bat,RO,קנט קלאסי ארוך,יחידה,1.00,יחידה,false,0,319.90,319.90,false,1,
645173911038,false,מלפפונים קורנישונים670גר,קלמן אינדיה פי וי סי,IN,מלפפ.קורנישונים,גרמים,670.00,100 גרם,false,0,8.50,1.27,true,1,
651080166027,false,36קיסם +חוט מנטה ג'ורדן,קלרו,MY,קיסם עם חוט,יחידה,1.00,יחידה,false,0,9.90,9.90,true,1,
728229123590,false,צ'יפס אורגינל 110 גרם,גלובל פרודאכט,IL,צ'יפס,גרמים,110.00,100 גרם,false,0,13.80,12.55,true,1,
835811001782,false,זוג מזלגות הגשה פלסטיק ש,.,IL,זוג מזלגות הגשה,יחידה,1.00,יחידה,false,1,1.90,1.90,true,1,
835811004936,false,כף חד פעמי מוכסף 20יחי,.,CN,"כף ח""פ מוכסף",יחידה,1.00,יחידה,false,1,5.90,5.90,true,1,
835811008248,false,טחינה גולמית ירושלמית500,הנמל,IL,טחינה ירושלים,גרמים,500.00,100 גרם,false,0,15.80,3.16,true,1,
835811009764,false,כפית חד פעמי מוכסף 20יחי,.,CN,"כפית ח""פ מוכסף",יחידה,1.00,יחידה,false,1,5.90,5.90,true,1,
835811009771,false,סכין חד פעמי מוכסף 20יחי,.,CN,"סכין ח""פ מוכסף",יחידה,1.00,יחידה,false,1,5.90,5.90,true,1,
835811009788,false,מזלג חד פעמי מוכסף 20יחי,.,CN,"מזלג ח""פ מוכסף",יחידה,1.00,יחידה,false,1,5.90,5.90,true,1,
852273003048,false,בירה סטארופמן,,CZ,בירה סטארופמן,מיליליטרים,500.00,"100 מ""ל",false,0,10.80,2.16,true,1,
856591000062,false,עוגיות מזרחיות מלח400גרם,עבאדי,IL,עוגיות מזרחיות,גרמים,400.00,100 גרם,false,0,17.40,4.35,true,1,
856591000109,false,עוגיות מזרחיות פריכות400,עבאדי,IL,עוגיות מזרחיות,גרמים,400.00,100 גרם,false,0,17.40,4.35,true,1,
856591000437,false,מיני מזרחיות פלאפל200,עבאדי,IL,עוגיות מזרחיות,גרמים,200.00,100 גרם,false,0,10.80,5.40,true,1,
856591000444,false,מיני מזרח.חריף בקטנה200ג,עבאדי,IL,עוגיות מזרחיות,גרמים,200.00,100 גרם,false,0,10.80,5.40,true,1,
856591000451,false,מיני מזרח.מעורב ירושלמי,עבאדי,IL,עוגיות מזרחיות,גרמים,200.00,100 גרם,false,0,10.80,5.40,true,1,
856591000819,false,קרקר'ס חיטה 140 גרם,עבאדי,,קרקר'ס חיטה,גרמים,140.00,100 גרם,false,0,9.90,7.07,true,1,
884912126115,false,דגני גרייט גריינס דטה453,פוסט,US,דגני גרייט גרינס,גרמים,453.00,100 גרם,false,0,19.90,4.39,true,1,
884912180629,false,דגנים חיטה מלאה גרוסה464,שרדד וויט,US,דגני בוקר פוסט,גרמים,464.00,100 גרם,false,1,21.90,4.72,true,1,
3014260022730,false,2מברשות אדוונטג' מדיום40,פרוקטר & גמבל,IL,זוג מברשות,יחידה,1.00,יחידה,false,0,26.90,26.90,true,1,
3014260214678,false,קצ.גלוח סירייסC.Wרגיש250,פרוקטר & גמבל,GB,קצף גילוח סירייס,מיליליטרים,250.00,"100 מ""ל",false,0,16.90,6.76,true,1,
3014260227081,false,קצף גילוח סירייס 250P.Lמ,פרוקטר & גמבל,GB,קצף גילוח סירייס,מיליליטרים,250.00,"100 מ""ל",false,0,16.90,6.76,true,1,
3014260240226,false,קצף גילוח ג'ילט רגיש200מ,פרוקטר & גמבל,GB,קצף גילוח ג'ילט,מיליליטרים,200.00,"100 מ""ל",false,0,14.10,7.05,true,1,
3014260283254,false,5 סכיני גילוח בלו2- פלוס,פרוקטר & גמבל,IL,"סכיני גילוח ח""פ",יחידה,1.00,יחידה,false,0,15.60,15.60,true,1,
3045140105502,false,שוקולד חלב מילקה 100 גרם,מונדלייז,DE,שוקולד חלב מילקה,גרמים,100.00,100 גרם,false,0,8.40,8.40,true,1,
3046920017541,false,שוקולד אקסלנס ליים 100גר,לינדט ושפרונגלי קילשברג,FR,שוקולד אקסלנס,גרמים,100.00,100 גרם,false,1,16.00,16.00,true,1,
3046920028004,false,שוק.אקסלנס מריר70% 100גר,לינדט ושפרונגלי קילשברג,FR,שוקולד אקסלנס,גרמים,100.00,100 גרם,false,0,16.00,16.00,true,1,
3046920029759,false,שוק.אקסלנס 90% קקאו 100ג,לינדט ושפרונגלי קילשברג,DE,שוקולד אקסלנס,גרמים,100.00,100 גרם,false,1,16.00,16.00,true,1,
3046920047128,false,שוקולד לינדט פונדנט150גר,לינדט ושפרונגלי קילשברג,FR,שוקולד לינדט,גרמים,150.00,100 גרם,false,1,20.00,13.33,true,1,
3059943015104,false,אירוויק נטול גז פרסיה345,רקיט בנקיזר,PL,אירוויק מבשם,מיליליטרים,345.00,"100 מ""ל",false,0,14.90,4.32,true,1,
3059943016507,false,אירויק ספריי לבנדר 240מל,רקיט בנקיזר,GB,אירויק ספריי,מיליליטרים,240.00,"100 מ""ל",false,0,9.90,4.13,true,1,
3252560903384,false,"ליקר קרם דה קסיס 700 מ""ל",גבריאל בודיו,FR,ליקר קרם דה קסיס,מיליליטרים,700.00,"100 מ""ל",false,0,51.50,7.36,true,1,
3387390525960,false,קראנץ' דגני בוקר 500 גרם,נסטלה,FR,קראנץ דגני בוקר,גרמים,500.00,100 גרם,false,0,23.00,4.60,true,1,
3563490014898,false,חרדל דיזון לחיץ ריין265ג,ריין דיג'ון,FR,חרדל דיז'ון,גרמים,265.00,100 גרם,false,0,11.90,4.49,true,1,
3574660095203,false,קרפרי שטיפה אינטימית200מ,ג'ונסון,GR,קרפרי שטיפה,מיליליטרים,200.00,"100 מ""ל",false,0,17.30,8.65,true,1,
3574660239829,false,קרם ידיים ניוטרוג'ינה 75,ג'ונסון,FR,קרם ידיים קליל,מיליליטרים,75.00,"100 מ""ל",false,0,28.70,38.27,true,1,
3574660258264,false,נטרוג'ינה קלאס75מ50%+תוס,ג'ונסון,IL,נטרוג'ינה קלאס75מ50%+תוס,מיליליטרים,112.00,"100 מ""ל",false,0,32.70,29.20,true,1,
3574660322576,false,קרפרי רגיל 58 יחידות,ג'ונסון,IT,קרפרי רגיל 58 יחידות,יחידה,1.00,יחידה,false,0,20.20,20.20,true,1,
3574660322675,false,קרפרי טנגה מבושם 58 יח',ג'ונסון,IT,קרפרי טנגה פרש,יחידה,1.00,יחידה,false,0,20.20,20.20,true,1,
3574660464368,false,76 קרפרי אלוורה מגה פאק,ג'ונסון,IT,76 קרפרי אלוורה מגה פאק,יחידה,1.00,יחידה,false,0,22.50,22.50,true,1,
3574660464399,false,64 קרפרי מגה פאק מקסי L,ג'ונסון,IT,מגן תחתון קרפרי,יחידה,1.00,יחידה,false,0,22.50,22.50,true,1,
3574660574005,false,אל סבון ג'ונסונ.בייבי750,ג'ונסון,IT,אל סבון ג'ונסונס,מיליליטרים,750.00,"100 מ""ל",false,0,22.00,2.93,true,1,
3574660666519,false,אלסבון ג'ונסון קצף750מ,ג'ונסון,IT,אלסבון ג'ונסון קצף750מ,מיליליטרים,750.00,"100 מ""ל",false,0,22.00,2.93,true,1,
3574661018201,false,תח.גוף ניוטרוג'ינה מ400,ג'ונסון,IL,תחליב גוף,מיליליטרים,400.00,"100 מ""ל",false,0,41.90,10.48,true,1,
3574661141022,false,12תחבושות וניה מקסי לילה,ג'ונסון,BE,תחבושות וניה,יחידה,1.00,יחידה,false,1,24.50,24.50,true,1,
3600010018179,false,מי פנים יבש אסנשיאל200מל,קוסמופול,PL,מי פנים,מיליליטרים,200.00,"100 מ""ל",false,0,25.00,12.50,true,1,
3600521720219,false,קרם לילה פעולה משולשת50מ,קלסרואה,DE,קרם לילה,מיליליטרים,50.00,"100 מ""ל",false,0,55.00,110.00,true,1,
3600521800676,false,פרפקט ג'ל גרגירים 150מל,לוריאל,DE,ג'ל גרגירים,מיליליטרים,150.00,"100 מ""ל",false,0,29.70,19.80,true,1,
3600522344032,false,מסכת אלביב טוטל ריפיר300,kozmetik canan,IL,מסכת אלביב,מיליליטרים,300.00,"100 מ""ל",false,0,19.90,6.63,true,1,
3600523136155,false,"מסכה אלביב 6 שמנים300מ""ל",קוסמטיקס,TR,מסכה אלביב,מיליליטרים,300.00,"100 מ""ל",false,1,19.90,6.63,true,1,
3600523154685,false,שמפו אלביב טוטל ריפר 2ב1,קוסמטיקס,TR,שמפו אלביב,מיליליטרים,600.00,"100 מ""ל",false,1,14.90,2.48,true,1,
3600523154777,false,"שמפו אלביב ארג'נין600מ""ל",קוסמטיקס,TR,שמפו אלביב,מיליליטרים,600.00,"100 מ""ל",false,1,14.90,2.48,true,1,
3600523154814,false,מרכך אלביב טוטל ריפר600מ,קוסמטיקס,TR,מרכך אלביב,מיליליטרים,600.00,"100 מ""ל",false,1,14.90,2.48,true,1,
3600523165742,false,שמפו אלביב 6 שמנים 600מל,קוסמטיקס,TR,שמפו אלביב,מיליליטרים,600.00,"100 מ""ל",false,1,14.90,2.48,true,1,
3600540006165,false,חלב פנים רג.אסנשיאל200מל,קוסמופול,PL,חלב פנים,מיליליטרים,200.00,"100 מ""ל",false,0,25.00,12.50,true,1,
3600540308627,false,צבע קולור נטורלס חום 4,קוסמופול,PL,צבע לשיער גרנייה,יחידה,1.00,יחידה,false,0,17.90,17.90,true,1,
3600540308641,false,צבע קולור נטורלס בלונד 6,קוסמופול,PL,צבע לשיער גרנייה,יחידה,1.00,יחידה,false,0,17.90,17.90,true,1,
3600540308696,false,צבע קולור נטורלס שחור2.1,קוסמופול,PL,צבע לשיער גרניה,יחידה,1.00,יחידה,false,0,17.90,17.90,true,1,
3600540308740,false,צבע קולור נטורלס 6.25,קוסמופול,PL,צבע לשיער גרניה,יחידה,1.00,יחידה,false,0,17.90,17.90,true,1,
3600540764287,false,גרנייה אסנשאל ק.יום לע.ש,קלסרואה,DE,גרנייה אסנשאל ק.יום לע.ש,מיליליטרים,50.00,"100 מ""ל",false,0,45.00,90.00,true,1,
3600541014206,false,צבע קולור נטורלס 5.15,קוסמופול,PL,צבע לשיער גרנייה,יחידה,1.00,יחידה,false,0,17.90,17.90,true,1,
3600541032811,false,"דאודורנט רול דריי 50 מ""ל",קוסמופול,PL,דאודורנט גרנייה,מיליליטרים,50.00,"100 מ""ל",false,0,13.90,27.80,true,1,
3600541033399,false,דאודורנט אינבי קול050מ,סופרוקוס,IL,דאו.גרנייה,מיליליטרים,150.00,"100 מ""ל",false,0,13.90,9.27,true,1,
3600541126046,false,ק.ידיים גרנייה אלוורה100,סופרויאל,IL,ק.ידיים גרנייה אלוורה100,מיליליטרים,100.00,"100 מ""ל",false,0,9.70,9.70,true,1,
3600541265806,false,פיור פחם ג'ל גרגירים50מל,סופרויאל,DE,ג'יל גרגירים,גרמים,50.00,100 גרם,false,0,35.00,70.00,true,1,
3600541269279,false,לחות לעור עייף מויסט מאץ,סופרויאל,FR,לחות לעור עייף,מיליליטרים,50.00,"100 מ""ל",false,0,35.00,70.00,true,1,
3600541382930,false,תמיסת מיסלר מסיר איפור,קוסמופול,IL,מסיר איפור,מיליליטרים,400.00,"100 מ""ל",false,0,31.90,7.98,true,1,
3600541474406,false,דאודורנט רול פרו5 סגול50,קוסמופול,PL,דאו.גרנייה,מיליליטרים,50.00,"100 מ""ל",false,1,13.90,27.80,true,1,
3600541474499,false,דאודורנט רול פרו5 ורוד50,קוסמופול,PL,דאו.גרנייה,מיליליטרים,50.00,"100 מ""ל",false,1,13.90,27.80,true,1,
3607346373873,false,"נאוטיקה וואיז ספרי150מ""ל",קוטי,ES,נאוטיקה ספריי,מיליליטרים,150.00,"100 מ""ל",false,1,24.70,16.47,true,1,
3700230200771,false,בגט צרפתי,International Neuhauser,IL,בגט צרפתי,יחידה,1.00,יחידה,false,0,5.00,5.00,true,1,
3838824127248,false,צבע סמי קיט פלטה מס5-0',הנקל סוד,DE,צבעי שיער פלטה,יחידה,1.00,יחידה,false,0,17.90,17.90,true,1,
3838824127286,false,צבע סמי קיט פלטה מס7-0',הנקל סוד,DE,צבעי שיער פלטה,יחידה,1.00,יחידה,false,0,17.90,17.90,true,1,
3838824240299,false,צבע סמי קיט פלטה 6-68 יח,הנקל סוד,IL,צבע לשיער פלטה,יחידה,1.00,יחידה,false,0,17.90,17.90,true,1,
4000417019004,false,שוקולד ריטר חלב אגוז100ג,ריטר,DE,שוקולד ריטר,גרמים,100.00,100 גרם,false,0,9.30,9.30,true,1,
4000417022004,false,שוק.ריטר+אגוז+צימוקים100,ריטר,DE,שוקולד ריטר,גרמים,100.00,100 גרם,false,0,9.30,9.30,true,1,
4000417023001,false,שוקולד ריטר חלב שקד100גר,ריטר,DE,שוקולד ריטר,גרמים,100.00,100 גרם,false,0,9.30,9.30,true,1,
4000417025005,false,שוק.ריטר עם מרציפן 100גר,ריטר,DE,שוקולד ריטר,גרמים,100.00,100 גרם,false,0,9.30,9.30,true,1,
4000417224002,false,שוק.ריטר מריר אגוזים100ג,ריטר,DE,שוקולד ריטר,גרמים,100.00,100 גרם,false,0,9.30,9.30,true,1,
4000417260000,false,שוק. ריטר מריר%73 100גרם,ריטר,DE,שוקולד ריטר,גרמים,100.00,100 גרם,false,0,9.30,9.30,true,1,
4000539014000,false,שוקולד לינדט תפוז 150 גר,לינדט ושפרונגלי קילשברג,IL,שוקולד לינדט,גרמים,150.00,100 גרם,false,0,20.00,13.33,true,1,
4005808124787,false,ג'ל רחצה ניוואה רילקס750,ביירסדורץ,,ג'ל רחצה ניוואה,מיליליטרים,750.00,"100 מ""ל",false,0,16.90,2.25,true,1,
4005808312900,false,ג'ל רח.ניוואה דיימונד750,ביירסדורץ,IL,ג'ל רחצה ניוואה,מיליליטרים,750.00,"100 מ""ל",false,0,16.90,2.25,true,1,
4005808561377,false,שטיפה אינטימ.סנסיטיב250,BEIERSDORT,DE,שטיפה אינטמית,מיליליטרים,250.00,"100 מ""ל",false,1,29.90,11.96,true,1,
4005808908585,false,דאו.ניוואה פאודר טאץ150מ,ביירסדורץ,IL,דאודורנט ניוואה,מיליליטרים,150.00,"100 מ""ל",false,0,17.90,11.93,true,1,
4005900037909,false,דאו.ניוואה איניויסיבל150,ביירסדורץ,IL,דאודורנט ניוואה,מיליליטרים,150.00,"100 מ""ל",false,0,17.90,11.93,true,1,
4005900828088,false,ניוואה רולאון פרש לגבר50,ביירסדורץ,DE,דאודורנט ניוואה,מיליליטרים,50.00,"100 מ""ל",false,0,17.90,35.80,true,1,
4006952005779,false,עוג.סנדוויץ ממולא ל.ג300,קופרנט פיינבק ג'י אם בי,DE,עוגיות סנדוויץ,גרמים,300.00,100 גרם,false,1,13.90,4.63,true,1,
4008102002867,false,מילפורד משקה לימון400גרם,O.T.G,DE,משקה לימון,גרמים,400.00,100 גרם,false,0,14.40,3.60,true,1,
4009300522966,false,תה ירוק עם נענע 20 שק',טייקנה,IL,תה ירוק נענע,גרמים,30.00,100 גרם,false,0,19.70,65.67,true,1,
4009300524588,false,חליטת פירות יער3גרם20Xשק,טייקנה,IL,חליטת פירות יער,גרמים,60.00,100 גרם,false,0,17.60,29.33,true,1,
4009300524625,false,חליטת צ'אי מאסלה2גרם20Xש,טייקנה,DE,חליטת צ'אי מאסלה,גרמים,40.00,100 גרם,false,0,17.60,44.00,true,1,
4009900013581,false,מארז סטיקס ספירמינט 5 יח,ריגלי,FR,מארז אורביט,גרמים,65.00,100 גרם,false,0,9.90,15.23,true,1,
4009900360937,false,איירווייז מיני אקליפטו42,ריגלי,PL,איירווייז מיני,גרמים,42.00,100 גרם,false,0,5.70,13.57,true,1,
4009900376600,false,איירווייז מיני אוכמניו42,ריגלי,PL,איירווייז מיני,גרמים,42.00,100 גרם,false,0,5.70,13.57,true,1,
4009900385824,false,מארז סטיקס פפרמינט 5 יח',ריגלי,FR,מארז אורביט,גרמים,65.00,100 גרם,false,0,9.90,15.23,true,1,
4009900387101,false,אורביט פרופשיונל מנטה3יח,ריגלי,PL,אורביט שלישיה,גרמים,42.00,100 גרם,false,0,8.90,21.19,true,1,
4009900402965,false,אורביט וויט פירות בקבו64,ריגלי,PL,אורביט בקבוקון,גרמים,64.00,100 גרם,false,0,9.90,15.47,true,1,
4009900403023,false,אורביט וויט מנטה בקבוק64,ריגלי,PL,אורביט בקבוקון,גרמים,64.00,100 גרם,false,0,9.90,15.47,true,1,
4009900405713,false,איירווייז מיני אניס+מנ42,ריגלי,PL,איירווייז מיני,גרמים,42.00,100 גרם,false,0,5.70,13.57,true,1,
4009900460187,false,סוכ.סקיטלס פירות יער38ג,ריגלי,CZ,סוכריות סקיטלס,גרמים,38.00,100 גרם,false,1,2.90,7.63,true,1,
4009900479998,false,אורביט אוכמניות בקבוק64ג,ריגלי,PL,אורביט בקבוקון,גרמים,64.00,100 גרם,false,0,9.90,15.47,true,1,
4009900482417,false,אורביט באבל מינט בקבוק64,ריגלי,PL,אורביט באבל מינט,גרמים,64.00,100 גרם,false,0,9.90,15.47,true,1,
4009900484060,false,אורביט בקבוק M פפרמינט 8,ריגלי,PL,אורביט בקבוק,גרמים,84.00,100 גרם,false,0,13.90,16.55,true,1,
4009900484091,false,אורביט בקבוק M ספירמינ84,ריגלי,PL,אורביט בקבוק,גרמים,84.00,100 גרם,false,0,13.90,16.55,true,1,
4009900484305,false,אורביט בקבוקMסוויטמינט84,ריגלי,PL,אורביט בקבוק,גרמים,84.00,100 גרם,false,0,13.90,16.55,true,1,
4009900487283,false,אורביט סטיקס פירות 5יח',ריגלי,FR,מארז אורביט,גרמים,65.00,100 גרם,false,0,9.90,15.23,true,1,
4009900504218,false,אורביט תפוז בקבוקון64ג,ריגלי,PL,אורביט בקבוקון,גרמים,64.00,100 גרם,false,1,9.90,15.47,true,1,
4011800251154,false,קונפיטורה תות שדה 340 גר,Schwartauer,IL,קונפיטורה תות,גרמים,340.00,100 גרם,false,0,18.50,5.44,true,1,
4011800567613,false,קורני סנדוויץ שחור לבן4י,Schwartauer,IL,קורני סנדוויץ,גרמים,120.00,100 גרם,false,0,10.90,9.08,true,1,
4011800568610,false,קורני סנדוויץ קרם חלב4יח,Schwartauer,IL,קורני סנדוויץ,גרמים,120.00,100 גרם,false,0,10.90,9.08,true,1,
4011800628512,false,קורני חט.דגנים+שוקולד6יח,Schwartauer,DE,קורני חטיף דגנים,גרמים,150.00,100 גרם,false,0,10.90,7.27,true,1,
4014400400007,false,טופיפי 125 גרם,שטורק,DE,טופיפי,גרמים,125.00,100 גרם,false,0,10.90,8.72,true,1,
4014400901191,false,בונבוניירה מרסי 250 גרם,שטורק,DE,בונבוניירת מרסי,גרמים,250.00,100 גרם,false,0,27.30,10.92,true,1,
4014400904376,false,סוכ.שטורק שוקולד 325גרם,שטורק,DE,סוכריות שטורק,גרמים,325.00,100 גרם,false,0,19.60,6.03,true,1,
4014400907902,false,סוכ.וורטר ל.סוכר בוקס42ג,שטורק,DE,סוכריות וורטר,גרמים,42.00,100 גרם,false,0,6.20,14.76,true,1,
4014400910063,false,סוכריות חמאה וורטר135גרם,שטורק,DE,סוכריות וורטר,גרמים,135.00,100 גרם,false,0,8.00,5.93,true,1,
4014400913910,false,וורטר במילוי קרם 125 גרם,שטורק,DE,סוכריות וורטר,גרמים,125.00,100 גרם,false,0,9.80,7.84,true,1,
4014400914696,false,סוכ.חמאה וורטר ל.סוכר80ג,שטורק,DE,סוכריות וורטר,גרמים,80.00,100 גרם,false,0,8.50,10.63,true,1,
4014400914924,false,סוכ.וורטר ללא סוכר קפה80,שטורק,DE,סוכריות וורטר,גרמים,80.00,100 גרם,false,0,8.50,10.63,true,1,
4014400920857,false,"סוכ.וורטר לל""ס שוקולד70ג",שטורק,DE,סוכריות וורטר,גרמים,70.00,100 גרם,false,1,8.50,12.14,true,1,
4015000519915,false,"דאוFA. פרדייז 200 מ""ל",הנקל סוד,IL,דאודורנט FA,מיליליטרים,200.00,"100 מ""ל",false,0,10.00,5.00,true,1,
4015000975445,false,"מוס לשיער סאיוס 250 מ""ל",הנקל סוד,IL,מוס לעיצוב סאיוס,מיליליטרים,250.00,"100 מ""ל",false,0,26.70,10.68,true,1,
4015000976268,false,גליס שמפו מיליון גלוס400,הנקל סוד,DE,שמפו גליס,מיליליטרים,400.00,"100 מ""ל",false,0,14.90,3.73,true,1,
4015000976275,false,גליס מרכך מיליון גלוס400,הנקל סוד,DE,מרכך גליס,מיליליטרים,400.00,"100 מ""ל",false,0,14.90,3.73,true,1,
4015000982610,false,צבע נקטרה3-0 שחור חום,הנקל סוד,IL,צבע לשיער נקטרה,יחידה,1.00,יחידה,false,0,20.00,20.00,true,1,
4015000995122,false,דאו. פה כח המשיכה 200 מל,הנקל סוד,DE,דאודורנט פה,מיליליטרים,200.00,"100 מ""ל",false,0,10.00,5.00,true,1,
4015001004175,false,"מסכה גליס סרום 200מ""ל",הנקל סוד,SI,מסכה גליס,מיליליטרים,200.00,"100 מ""ל",false,1,23.90,11.95,true,1,
4015001011395,false,דאו פה היט קונטרול 200מ,הנקל סוד,DE,דאודורנט פה,מיליליטרים,200.00,"100 מ""ל",false,1,10.00,5.00,true,1,
4015400057369,false,12 אולוויז עבה לילה,פרוקטר & גמבל,DE,תחבושות אולוויז,יחידה,1.00,יחידה,false,0,14.40,14.40,true,1,
4015400269762,false,טמפקס פרל רגולר 20יחידות,פרוקטר & גמבל,HU,טמפקס פרל,יחידה,1.00,יחידה,false,0,28.10,28.10,true,1,
4015400274636,false,33פמפרס פרימיום שלב1,פרוקטר & גמבל,PL,חיתולי פמפרס,יחידה,1.00,יחידה,false,0,32.00,32.00,true,1,
4015400428657,false,15 אולוויז עבה לונג+,פרוקטר & גמבל,DE,15 אולוויז עבה לונג+,יחידה,1.00,יחידה,false,0,14.40,14.40,true,1,
4015400556916,false,80מגני תח.אולוייז מגה פק,פרוקטר & גמבל,DE,מגן תחתון אולויז,יחידה,1.00,יחידה,false,0,21.90,21.90,true,1,
4015400564034,false,מגן תח.אולוייז מגה פק +L,פרוקטר & גמבל,IL,מגן תחתון אולויז,יחידה,1.00,יחידה,false,0,21.90,21.90,true,1,
4015400564454,false,68מגני תח.אולוייז מגה L,פרוקטר & גמבל,IL,מגן תחתון אולויז,יחידה,1.00,יחידה,false,0,21.90,21.90,true,1,
4015400598381,false,48 אולוויז קוואטרו לונג+,פרוקטר & גמבל,IL,תחבושות אולוויז,יחידה,1.00,יחידה,false,0,36.90,36.90,true,1,
4015400649649,false,66פמפרס ניו בייבי מידה2,פרוקטר & גמבל,IL,חיתולי פמפרס,יחידה,1.00,יחידה,false,0,49.50,49.50,true,1,
4015400657149,false,72אולוויז טוויטס מגה N,פרוקטר & גמבל,IL,מגן תחתון אולויז,יחידה,1.00,יחידה,false,0,26.70,26.70,true,1,
4015400669036,false,44 מגן תח.אולוייז דואו L,פרוקטר & גמבל,DE,מגן תחתון אולויז,יחידה,1.00,יחידה,false,1,19.90,19.90,true,1,
4015400669098,false,52 מגן תח.אולוייז דואו N,פרוקטר & גמבל,DE,מגן תחתון אולויז,יחידה,1.00,יחידה,false,1,19.90,19.90,true,1,
4015400699811,false,28תח.אולוייז דואו נורמל+,,,תחבושות אולוייז,יחידה,1.00,יחידה,false,0,22.90,22.90,true,1,
4015400700111,false,24 תח.אולוייז דואו לונג,,,תחבושות אולוייז,יחידה,1.00,יחידה,false,0,22.90,22.90,true,1,
4015400700272,false,20 תח.אולוייז דואו לילה,,,תחבושות אולוייז,יחידה,1.00,יחידה,false,0,22.90,22.90,true,1,
4015400737117,false,78פמפרס אקטיב בייבי שלב5,פרוקטר & גמבל,PL,חיתולי פמפרס,יחידה,1.00,יחידה,false,1,84.90,84.90,true,1,
4015400742913,false,מגן תחתון אולויז,,,מגן תחתון אולויז,יחידה,1.00,יחידה,false,0,21.90,21.90,true,1,
4015600515614,false,פיירי פלטינום נוזל 720מל,פרוקטר & גמבל,CZ,פיירי נוזל לכלים,מיליליטרים,720.00,"100 מ""ל",false,0,9.80,1.36,true,1,
4015600763251,false,שמפו הד&שולדרס קלאסי 600,פרוקטר & גמבל,IL,שמפו הד&שולדרס,מיליליטרים,600.00,"100 מ""ל",false,0,23.90,3.98,true,1,
4015600763299,false,"הד&שולדרס 2ב1- 600 מ""ל",פרוקטר & גמבל,IL,שמפו הד&שולדרס,מיליליטרים,600.00,"100 מ""ל",false,0,23.90,3.98,true,1,
4015600763411,false,שמפו הד&שולדרס מנטול 600,פרוקטר & גמבל,IL,שמפו הד&שולדרס,מיליליטרים,600.00,"100 מ""ל",false,0,23.90,3.98,true,1,
4015600763459,false,שמפו הד&שולדרס תפוח 600,פרוקטר & גמבל,IL,שמפו הד&שולדרס,מיליליטרים,600.00,"100 מ""ל",false,0,23.90,3.98,true,1,
4015600763572,false,שמפו הד&שולדרס לאישה 600,פרוקטר & גמבל,IL,שמפו הד&שולדרס,מיליליטרים,600.00,"100 מ""ל",false,0,23.90,3.98,true,1,
4015600768966,false,הד&שולדרס עם לחות 600מ,פרוקטר & גמבל,IL,שמפו הד&שולדרס,מיליליטרים,600.00,"100 מ""ל",false,0,23.90,3.98,true,1,
4015600770228,false,פנטן שמפו שמן משקם 600 מ,פרוקטר & גמבל,FR,שמפו פנטן שמן,מיליליטרים,600.00,"100 מ""ל",false,0,21.90,3.65,true,1,
4015600770488,false,מרכך פנטן שמן משקם 600 מ,פרוקטר & גמבל,FR,מרכך פנטן שמן,מיליליטרים,600.00,"100 מ""ל",false,0,21.90,3.65,true,1,
4015600807573,false,"דאו.ג'ל PA-PB 75 מ""ל",פרוקטר & גמבל,IL,דאודורנט ג'ל,מיליליטרים,75.00,"100 מ""ל",false,0,33.80,45.07,true,1,
4015600815271,false,פנטן מרכך לחות מוגברת600,פרוקטר & גמבל,IL,פנטן מרכך,מיליליטרים,600.00,"100 מ""ל",false,0,21.90,3.65,true,1,
4015600815318,false,שמפו פנטן מגע קטיפתי600מ,פרוקטר & גמבל,FR,שמפו פנטן,מיליליטרים,600.00,"100 מ""ל",false,0,21.90,3.65,true,1,
4015600815356,false,מרכך פנטן למגע משי 600 מ,פרוקטר & גמבל,FR,מרכך פנטן,מיליליטרים,600.00,"100 מ""ל",false,0,21.90,3.65,true,1,
4015600815592,false,שמפו+מרכך פנטן קלאסי600מ,פרוקטר & גמבל,FR,שמפו + מרכך פנטן,מיליליטרים,600.00,"100 מ""ל",false,0,21.90,3.65,true,1,
4015600830328,false,מרכך הד&שולדרס לחות 400,פרוקטר & גמבל,FR,מרכך הד&שולדרס,מיליליטרים,400.00,"100 מ""ל",false,0,20.90,5.23,true,1,
4017100364112,false,עוג.סנדוויץ היט קקאו220ג,באלסן,PL,עוגיות סנדוויץ,גרמים,220.00,100 גרם,false,1,8.90,4.05,true,1,
4025700001023,false,שוקולד אגוזים מילקה100גר,מונדלייז,DE,שוקולד מילקה,גרמים,100.00,100 גרם,false,0,8.40,8.40,true,1,
4033100014468,false,אל די אדום חפיסה,jti,TR,אל די אדום חפיסה,יחידה,1.00,יחידה,false,0,26.50,26.50,false,1,
4033100014505,false,אל די כחול 10 יח',jti,TR,אל די כחול חבילה,יחידה,1.00,יחידה,false,0,249.90,249.90,false,1,
4033100014536,false,אל די סלימס 10 יח',jti,TR,אל די סלימס חב.,יחידה,1.00,יחידה,false,0,249.90,249.90,false,1,
4043400522020,false,מברשת רולר,המברשת רוחמה,IL,מברשת רולר,יחידה,1.00,יחידה,false,0,11.00,11.00,true,1,
4045787068252,false,פרוטאין קולור מס1000.1',הנקל סוד,DE,פרוטאין קולור,יחידה,1.00,יחידה,false,0,25.20,25.20,true,1,
4045787068290,false,פרוטאין קולור מס3',הנקל סוד,DE,פרוטאין קולור,יחידה,1.00,יחידה,false,0,25.20,25.20,true,1,
4045787068337,false,פרוטאין קולור מס5.35',הנקל סוד,DE,פרטאין קולור,יחידה,1.00,יחידה,false,0,25.20,25.20,true,1,
4045787068412,false,פרוטאין קולור מס6.37',הנקל סוד,DE,פרוטאין קולור,יחידה,1.00,יחידה,false,0,25.20,25.20,true,1,
4045787068443,false,פרוטאין קולור מס6.66',הנקל סוד,DE,פרוטאין קולור,יחידה,1.00,יחידה,false,0,25.20,25.20,true,1,
4045787068566,false,פרוטאין קולור מס8.3',הנקל סוד,DE,פרוטאין קולור,יחידה,1.00,יחידה,false,0,25.20,25.20,true,1,
4046234767650,false,קפה צ'יבו גולד סלקשין200,צ'יבו,PL,קפה צ'יבו,גרמים,200.00,100 גרם,false,1,19.80,9.90,true,1,
4046234794885,false,קפה צ'יבו בלאק נוויט200ג,צ'יבו,PL,קפה צ'יבו,גרמים,200.00,100 גרם,false,1,19.80,9.90,true,1,
4052197002806,false,בירה בנדיקטינר פח500*4מ,בנדיקטינר וויצבראו,DE,בירה בנדיקטינר,ליטרים,2.00,ליטר,false,1,34.90,17.45,true,1,
4056800778317,false,קולסטון קיט בלונד אפור,פרוקטר & גמבל,DE,קולסטון קיט,יחידה,1.00,יחידה,false,0,38.30,38.30,true,1,
4056800779031,false,קולסטון קיט חום מהגוני ב,פרוקטר & גמבל,DE,קולסטון קיט,יחידה,1.00,יחידה,false,0,38.30,38.30,true,1,
4056800943739,false,"חמצן וולה 6% 60 מ""ל",פרוקטר & גמבל,FR,חמצן וולה 6%,מיליליטרים,60.00,"100 מ""ל",false,0,5.10,8.50,true,1,
4067600706059,false,כבד דג שיבוט,,DK,כבד דג שיבוט,גרמים,115.00,100 גרם,false,0,9.50,8.26,true,1,
4072700001188,false,בירה פרנסיסקאנר,,DE,בירה פרנסיסקאנר,מיליליטרים,500.00,"100 מ""ל",false,0,13.80,2.76,true,1,
4072700003649,false,בירה פרנסיסקאנר,,DE,בירה פרנסיסקאנר,מיליליטרים,500.00,"100 מ""ל",false,0,13.80,2.76,true,1,
4084500078758,false,אריאל פודס קפסולות 28 יח,פרוקטר & גמבל,IL,אריאל פודס,יחידה,1.00,יחידה,false,0,39.90,39.90,true,1,
4084500078796,false,אריאל פודס קולור 28 יח,פרוקטר & גמבל,IL,אריאל פודס קולור,יחידה,1.00,יחידה,false,0,39.90,39.90,true,1,
4084500088917,false,פיירי לכלים לימון650מל,פרוקטר & גמבל,IL,פיירי נוזל לכלים,מיליליטרים,650.00,"100 מ""ל",false,0,10.90,1.68,true,1,
4084500194380,false,הד&שולדרס שיער עבה 600מ,פרוקטר & גמבל,IL,שמפו הד&שולדרס,מיליליטרים,600.00,"100 מ""ל",false,1,23.90,3.98,true,1,
4084500371422,false,"אריאל שושן צחור8 ק""ג",פרוקטר & גמבל,IL,אריאל שושן צחור,קילוגרמים,8.00,"ק""ג",false,0,64.90,8.11,true,1,
4084500371453,false,"אבקת כביסה טייד 8 ק""ג",פרוקטר & גמבל,CH,"אבקת כביסה טייד 8 ק""ג",קילוגרמים,8.00,"ק""ג",false,0,49.90,6.24,true,1,
4084500513723,false,אריאל ג'ל נח.מרענן2.47ל,פרוקטר & גמבל,IL,אריאל ג'ל נח.מרענן2.47ל,ליטרים,2.47,ליטר,false,0,31.90,12.91,true,1,
4084500853553,false,פיירי אורגינל 650מל,פרוקטר & גמבל,GB,נוזל כלים פיירי,מיליליטרים,650.00,"100 מ""ל",false,1,10.90,1.68,true,1,
4084500853690,false,פיירי תפוז 650מל,פרוקטר & גמבל,GB,נוזל כלים פיירי,מיליליטרים,650.00,"100 מ""ל",false,1,10.90,1.68,true,1,
4084500853836,false,"פיירי ורדים ומשי 515 מ""ל",פרוקטר & גמבל,GB,פיירי נוזל לכלים,מיליליטרים,515.00,"100 מ""ל",false,1,10.90,2.12,true,1,
4084500853898,false,פיירי אלוורה/מלפפונים515,פרוקטר & גמבל,GB,פיירי נוזל לכלים,מיליליטרים,515.00,"100 מ""ל",false,1,10.90,2.12,true,1,
4084500854048,false,פיירי לימון 1.24ל,פרוקטר & גמבל,GB,נוזל כלים פיירי,ליטרים,1.24,ליטר,false,1,15.90,12.82,true,1,
4084500920880,false,פיירי קלאסי 1.24ל,פרוקטר & גמבל,GB,נוזל כלים פיירי,ליטרים,1.24,ליטר,false,1,15.90,12.82,true,1,
4603400000043,false,וודקה רוסקי,,,וודקה רוסקי,מיליליטרים,700.00,"100 מ""ל",false,0,64.90,9.27,true,1,
4606203001279,false,נקסט FF 10 יח',פיליפ מוריס,,נקסט FF חבילה,יחידה,1.00,יחידה,false,0,259.90,259.90,false,1,
4606203001293,false,נקסט 10 יח',פיליפ מוריס,,נקסט חבילה,יחידה,1.00,יחידה,false,0,259.90,259.90,false,1,
4607026530212,false,כוסמת,,,כוסמת,גרמים,900.00,100 גרם,false,0,14.90,1.66,true,1,
4680005880577,false,ג.חמנייה רוסי קלוי240גרם,קוגאנטאקיה,RU,גרעיני חמנייה,גרמים,240.00,100 גרם,false,0,11.80,4.92,true,1,
4751004281181,false,שפרוטים,,,שפרוטים,גרמים,240.00,100 גרם,false,0,8.90,3.71,true,1,
4751005700810,false,סלמון במיץ טבעי 200 גרם,PIEJURA,LV,סלמון במיץ טבעי,גרמים,200.00,100 גרם,false,1,11.90,5.95,true,1,
4770209043431,false,חלב מרוכז ממותק,,LE,חלב מרוכז ממותק,גרמים,397.00,100 גרם,false,0,8.50,2.14,true,1,
4770608239138,false,ויסקס פאוץ' ביף 100 גרם,מרס,PL,ויסקס פאוץ',גרמים,100.00,100 גרם,false,1,4.90,4.90,true,1,
4800888148957,false,דאו.רקסונה רול און טלק50,יוניליוור,PH,דאודורנט רקסונה,מיליליטרים,50.00,"100 מ""ל",false,0,18.70,37.40,true,1,
4800888150080,false,דאו.דאב רול און ירוק 50,יוניליוור,IL,דאודורנט דאב,מיליליטרים,50.00,"100 מ""ל",false,0,23.20,46.40,true,1,
4800888542854,false,רקסונה רול און לינן דר50,יוניליוור,TR,דאו.רקסונה,מיליליטרים,50.00,"100 מ""ל",false,0,18.70,37.40,true,1,
4820060250667,false,חורטיצה פלטינום,,,חורטיצה פלטינום,מיליליטרים,700.00,"100 מ""ל",false,0,49.90,7.13,true,1,
4820080720584,false,וודקה חלבני דאר,,,וודקה חלבני דאר,מיליליטרים,700.00,"100 מ""ל",false,0,69.90,9.99,true,1,
4860019001414,false,מים מינרלים בורז'ומי750מ,,,מים מינרלים בורז'ומי750מ,מיליליטרים,750.00,"100 מ""ל",false,0,9.00,1.20,true,1,
4891228430047,false,10 ס.גילוח אקסטרא 2 רגיש,שיק,CN,סכיני גילוח,יחידה,1.00,יחידה,false,0,27.00,27.00,true,1,
4891228430092,false,4סכינ.גילוח אקסטרים3 אשה,שיק,CN,סכיני גילוח,יחידה,1.00,יחידה,false,0,19.90,19.90,true,1,
5000127163195,false,קלוג'ס ספיישל K 500 גרם,קלוג'ס,GB,קלוג'ס ספיישלK,גרמים,500.00,100 גרם,false,0,27.70,5.54,true,1,
5000146401568,false,וולייט 10 דפים שומרי צבע,רקיט בנקיזר,US,וולייט דפים,יחידה,1.00,יחידה,false,0,13.90,13.90,true,1,
5000159376792,false,סוכריות סקיטלס חמוץ 38 ג,ריגלי,CZ,סוכריות סקיטלס,גרמים,38.00,100 גרם,false,0,2.90,7.63,true,1,
5000159384186,false,חטיפי מרס מארז 45*4 גר,מרס,NL,מארז חטיפי מרס,גרמים,180.00,100 גרם,false,0,15.80,8.78,true,1,
5000159384209,false,חטיפי סניקרס מארז 50*4גר,מרס,NL,חטיפי סניקרס,גרמים,200.00,100 גרם,false,0,15.80,7.90,true,1,
5000159407236,false,חטיף מרס 51 גרם,מרס,NL,חטיף מרס,גרמים,51.00,100 גרם,false,0,3.90,7.65,true,1,
5000159442572,false,מיני טוויקס בשקית 403גרם,מרס,DE,מיני טוויקס,גרמים,403.00,100 גרם,false,0,19.90,4.94,true,1,
5000159452977,false,מיני מיקס בשקית 400 גרם,מרס,DE,מיני מיקס,גרמים,400.00,100 גרם,false,0,19.90,4.98,true,1,
5000159459228,false,חטיף טוויקס 50 גרם,מרס,NL,חטיף טוויקס,גרמים,50.00,100 גרם,false,0,3.90,7.80,true,1,
5000159461122,false,חטיף סניקרס 50 גרם,מרס,NL,חטיף סניקרס,גרמים,50.00,100 גרם,false,0,3.90,7.80,true,1,
5000159472982,false,מיני טוויקס בשקית 187גרם,מרס,DE,מיני טוויקס,גרמים,187.00,100 גרם,false,0,15.80,8.45,true,1,
5000159474849,false,מיני מרס בשקית 187גרם,מרס,DE,מיני מרס,גרמים,187.00,100 גרם,false,0,15.80,8.45,true,1,
5000198285505,false,משחה פרדונטקס ג'ל 50 גרם,גלקסוסמיתקליין,GB,משחה פרדונטקס ג'ל 50 גרם,מיליליטרים,50.00,"100 מ""ל",false,0,16.90,33.80,true,1,
5000204657913,false,קיווי משחה שחורה50מל,ג'ונסון,FR,קיווי משחה בשחור,מיליליטרים,50.00,"100 מ""ל",false,0,5.90,11.80,true,1,
5000204658187,false,קיווי נוזל נעליים שחור75,ג'ונסון,FR,קיווי נוזל,מיליליטרים,75.00,"100 מ""ל",false,0,14.90,19.87,true,1,
5000204690026,false,פלדג' 5 ב1- קלאסיק 250מל,ג'ונסון,NL,פלדג' 5 ב1-,מיליליטרים,250.00,"100 מ""ל",false,0,14.90,5.96,true,1,
5000394076761,false,זוג סוללות בייסיק C,פרוקטר & גמבל,IL,סוללה בייסיק,יחידה,1.00,יחידה,false,0,32.90,32.90,true,1,
5010103800259,false,וויסקי ג'יי & בי,,IL,וויסקי ג'יי & בי,מיליליטרים,700.00,"100 מ""ל",false,0,99.90,14.27,true,1,
5010182996805,false,רייד מונע עש ריחני,זובילי,IL,רייד מונע עש,יחידה,1.00,יחידה,false,0,14.60,14.60,true,1,
5010182997338,false,ט.דאק ג'ל אסלה ירוק55מל,DEOFLOR,GB,דאק ג'ל נוזלי,מיליליטרים,55.00,"100 מ""ל",false,0,12.60,22.91,true,1,
5010182997680,false,"רייד קוטל זוחלים 300 מ""ל",ג'ונסון,NL,רייד נמלים,מיליליטרים,300.00,"100 מ""ל",false,0,17.90,5.97,true,1,
5010327000046,false,"וויסקי גרנט'ס 700 מ""ל",גרנט'ס,SC,וויסקי גרנט'ס,מיליליטרים,700.00,"100 מ""ל",false,0,79.90,11.41,true,1,
5010622010795,false,מברשת אורל בי גילאי 7-5,פרוקטר & גמבל,IE,מברשת שיניים,יחידה,1.00,יחידה,false,0,17.60,17.60,true,1,
5010677554398,false,"בקרדי בריזר אבטיח 275מ""ל","בקרדי בע""מ",DE,בקרדי בריזר,מיליליטרים,275.00,"100 מ""ל",false,0,13.90,5.05,true,1,
5010677554602,false,"בקרדי בריזר אפרסק 275מ""ל","בקרדי בע""מ",DE,בקרדי בריזר,מיליליטרים,275.00,"100 מ""ל",false,0,13.90,5.05,true,1,
5011408027976,false,אלנט ספריי לשיער רגיל400,kozmetik canan,BE,אלנט ספריי לשיער,מיליליטרים,400.00,"100 מ""ל",false,0,29.60,7.40,true,1,
5011408027990,false,"אלנט ספריי לשיער ח""מ400",kozmetik canan,IL,אלנט ספריי לשיער,מיליליטרים,400.00,"100 מ""ל",false,0,29.60,7.40,true,1,
5011417548110,false,פיניש קוואנטום 40 טבליות,רקיט בנקיזר,PL,פיניש טבליות,יחידה,1.00,יחידה,false,0,39.90,39.90,true,1,
5011417556825,false,"מבשם בדים ריחני 345 מ""ל",רקיט בנקיזר,PL,מבשם בדים ריחני,מיליליטרים,345.00,"100 מ""ל",false,0,10.00,2.90,true,1,
5011417556849,false,אירוויק מבשם כביסה 345מל,רקיט בנקיזר,PL,מבשם כביסה ריחני,מיליליטרים,345.00,"100 מ""ל",false,0,10.00,2.90,true,1,
5013965747656,false,מרכך הד&שולדרס קלאסי400מ,פרוקטר & גמבל,IL,מרכך הד&שולדרס,מיליליטרים,400.00,"100 מ""ל",false,0,20.90,5.23,true,1,
5013965747687,false,מרכך הד&שולדרס מ.משי400מ,פרוקטר & גמבל,IL,מרכך הד&שולדרס,מיליליטרים,400.00,"100 מ""ל",false,0,20.90,5.23,true,1,
5013965954382,false,"משחה להלבנה+מי פה 100מ""ל",פרוקטר & גמבל,IL,משחת אורל בי,מיליליטרים,100.00,"100 מ""ל",false,0,16.90,16.90,true,1,
5014271300429,false,מעד.משמש ל.תוספת סוכר284,סאן דלפור - שמבור,IL,מעדן מישמש,גרמים,284.00,100 גרם,false,0,19.90,7.01,true,1,
5014271310428,false,מעדן דובדבן שחור 284 גרם,סאן דלפור - שמבור,FR,מעדן דובדבן שחור,גרמים,284.00,100 גרם,false,0,19.90,7.01,true,1,
5014271330426,false,מעדן אוכמניות כחולות284ג,סאן דלפור - שמבור,FR,מעדן אוכמניות,גרמים,284.00,100 גרם,false,0,19.90,7.01,true,1,
5014271370422,false,מעדן אפרסק 284 גרם,סאן דלפור - שמבור,FR,מעדן אפרסק 284 גרם,גרמים,284.00,100 גרם,false,0,19.90,7.01,true,1,
5029053002408,false,נ.ט. קלינקס לבן 9 גל.,חוגלה קימברלי,IL,נ.ט. קלינקס לבן 9 גל.,מטרים,276.00,100 מטר,false,0,33.90,12.28,true,1,
5029053002439,false,נ.ט.קלינקס צהוב 9 גל.,חוגלה קימברלי,GB,נ.ט.קלינקס צהוב 9 גל.,מטרים,276.00,100 מטר,false,0,33.90,12.28,true,1,
5029053510811,false,28 תח.קוטקס נורמל כנפיים,חוגלה קימברלי,IL,תחבושות קוטקס,יחידה,1.00,יחידה,false,0,16.90,16.90,true,1,
5029053527574,false,10תח.ספיגה לילה בנים4-7,חוגלה קימברלי,IL,10 תחתוני ספיגה,יחידה,1.00,יחידה,false,0,38.00,38.00,true,1,
5029053531250,false,14פול אפס יום בנות מידה5,חוגלה קימברלי,IL,האגיס פול אפס,יחידה,1.00,יחידה,false,0,39.00,39.00,true,1,
5029053535227,false,16טמפו.קוטקס מוליך נורמ.,חוגלה קימברלי,,טמפוני קוטקס,יחידה,1.00,יחידה,false,0,22.90,22.90,true,1,
5029053535234,false,16טמפונ.קוטקס מוליך סופר,חוגלה קימברלי,,טמפוני קוטקס,יחידה,1.00,יחידה,false,0,22.90,22.90,true,1,
5050083262548,false,ספיישל K פירות אדומים300,קלוג'ס,DE,קלוגס ספיישל K,גרמים,300.00,100 גרם,false,0,22.70,7.57,true,1,
5099864006711,false,סימילאק אדבנס+שלב 2 900ג,אבוט,IE,סימילאק אדבנס,גרמים,900.00,100 גרם,false,0,79.90,8.88,true,1,
5099864006728,false,סימילאק אדבנס+שלב 3 900ג,אבוט,IE,סימילאק אדבנס,גרמים,900.00,100 גרם,false,0,79.90,8.88,true,1,
5200351240048,false,גליליות קרם וניל 400 גרם,גולדן ברייק,GR,גליליות קרם וניל,גרמים,400.00,100 גרם,false,0,17.70,4.43,true,1,
5201143725651,false,צבע נקטרה 6-0חום בהיר,הנקל סוד,IL,צבע לשיער נקטרה,יחידה,1.00,יחידה,false,0,20.00,20.00,true,1,
5201143725804,false,צבע נקטרה 6-62חום נוגט,הנקל סוד,IL,צבע לשיער נקטרה,יחידה,1.00,יחידה,false,0,20.00,20.00,true,1,
5201940010110,false,זיתים שחורים קלמטה454גרם,,,זיתים שחורים קלמטה454גרם,גרמים,454.00,100 גרם,false,0,15.10,3.33,true,1,
5202300014595,false,וולפלקס מוס לשיער חזק200,פרוקטר & גמבל,DE,וולהפלקס מוס,מיליליטרים,200.00,"100 מ""ל",false,0,29.10,14.55,true,1,
5202300043069,false,קולסטון 2000 שחור כחול,פרוקטר & גמבל,DE,קולסטון 2000,יחידה,1.00,יחידה,false,0,25.70,25.70,true,1,
5202300043151,false,קולסטון 2000 בלונד בהיר,פרוקטר & גמבל,DE,קולסטון 2000,יחידה,1.00,יחידה,false,0,25.70,25.70,true,1,
5202300043212,false,קולסטון 2000 שחור קטיפה,פרוקטר & גמבל,DE,קולסטון 2000,יחידה,1.00,יחידה,false,0,25.70,25.70,true,1,
5410033851459,false,תה ליפטון מעטפה 1.5*100ג,יוניליוור,IN,תה ליפטון מעטפה,גרמים,150.00,100 גרם,false,0,17.70,11.80,true,1,
5410076518739,false,"משחת אורל בי 123 100 מ""ל",פרוקטר & גמבל,IL,משחת אורל בי,מיליליטרים,100.00,"100 מ""ל",false,0,13.00,13.00,true,1,
5410076518814,false,משחת אורל בי רעננות 100מ,פרוקטר & גמבל,IL,משחת אורל בי,מיליליטרים,100.00,"100 מ""ל",false,0,21.80,21.80,true,1,
5410103161518,false,קרם לחות פעולה משולשת50מ,קלסרואה,DE,קרם לחות פעולה משולשת50מ,מיליליטרים,50.00,"100 מ""ל",false,0,55.00,110.00,true,1,
5410103161617,false,קרם לחות פעולה משולשת50מ,קלסרואה,DE,קרם לחות פעולה משולשת50מ,מיליליטרים,50.00,"100 מ""ל",false,0,55.00,110.00,true,1,
5410126106183,false,ביסקוויט לוטוס ארוז 50יח,לוטוס ביקרי,BE,ביסקוויט לוטוס,גרמים,312.00,100 גרם,false,0,16.80,5.38,true,1,
5410126726947,false,ממרח עוג.לוטוס קראנץ380ג,לוטוס ביקרי,BE,ממרח עוגיות,גרמים,380.00,100 גרם,false,0,19.90,5.24,true,1,
5410228142072,false,"בירה לף רדיוס בק330. מ""ל",אינבב.ברוורייליין1,BE,בירה לף רדיוס,מיליליטרים,330.00,"100 מ""ל",false,0,9.90,3.00,true,1,
5410228142089,false,בירה לף בלונד בקבוק330מל,אינבב.ברוורייליין1,BE,בירה לף בלונד,מיליליטרים,330.00,"100 מ""ל",false,0,9.90,3.00,true,1,
5410228164845,false,"בירה הוגרדן בק330*4 מ""ל",קרלסברג יבוא יצוא,BE,בירה הוגרדן 4 יח,ליטרים,1.32,ליטר,false,0,37.90,28.71,true,1,
5410508002157,false,3צלחות הגשה,,BE,3צלחות הגשה,יחידה,1.00,יחידה,false,0,19.90,19.90,true,1,
5410508004076,false,3 צלחות הגשה,,BE,3 צלחות הגשה,יחידה,1.00,יחידה,false,0,29.90,29.90,true,1,
5411188106159,false,אלפרו סויה לייט טבעי 1 ל,אלפרו,IL,אלפרו סויה לייט,ליטרים,1.00,ליטר,false,0,12.90,12.90,true,1,
5411188110842,false,אלפרו משקה אגוזים 1 ליטר,אלפרו,IL,אלפלרו משקה אגוז,ליטרים,1.00,ליטר,false,0,15.80,15.80,true,1,
5411188112549,false,אלפרו משקה אורז 1 ליטר,אלפרו,BE,אלפרו משקה אורז,מיליליטרים,1000.00,"100 מ""ל",false,0,15.80,1.58,true,1,
5411188115366,false,אלפרו משקה שיבולת שועל 1,אלפרו,BE,משקה אלפרו,מיליליטרים,1000.00,"100 מ""ל",false,0,15.80,1.58,true,1,
5411188116882,false,אלפרו סויה מקיאטו 1 ליטר,אלפרו,IL,אלפרו סויה,ליטרים,1.00,ליטר,false,0,15.50,15.50,true,1,
5411188118282,false,שמנת לבישול קוקוס250מל,אלפרו,BE,שמנת לבישול,מיליליטרים,250.00,"100 מ""ל",false,1,9.90,3.96,true,1,
5411188300328,false,אלפרו סויה שוקו 1 ליטר,אלפרו,IL,אלפרו סויה שוקו,ליטרים,1.00,ליטר,false,0,15.50,15.50,true,1,
5413149922907,false,א.כ אריאל קולור וסטייל5ק,פרוקטר & גמבל,TR,"אריאל קולור 5ק""ג",קילוגרמים,5.00,"ק""ג",false,1,51.90,10.38,true,1,
5413149930025,false,אבקת טייד אלפיין 5קג,פרוקטר & גמבל,TR,אבקת טייד אלפיין,קילוגרמים,5.00,"ק""ג",false,1,39.90,7.98,true,1,
5601008200468,false,עוגי.גודיס שוקולד לבן150,מרבה,PT,עוגיות גודיס,גרמים,150.00,100 גרם,false,0,8.80,5.87,true,1,
5601036206418,false,אקסלנס בלונד בהיר מס01',ליברמו,BE,צבע לשיער אקסלנס,יחידה,1.00,יחידה,false,0,39.60,39.60,true,1,
5701932026964,false,הוט פופ טעם מלוח 100X6גר,פופז,IL,פופקורן הוט פופ,גרמים,600.00,100 גרם,false,0,14.90,2.48,true,1,
5701932026971,false,הוט פופ טעם חמאה 100X6גר,פופז,US,פופקורן הוטפופ,גרמים,600.00,100 גרם,false,0,14.90,2.48,true,1,
5900020012814,false,נסקוויק דגני בוקר 500גרם,נסטלה,PL,דגני נסקוויק,גרמים,500.00,100 גרם,false,0,24.70,4.94,true,1,
5900020015174,false,פיטנס חטיף דגנים שוק6.יח,נסטלה,PL,חטיפי פיטנס 6 יח,גרמים,141.00,100 גרם,false,0,16.90,11.99,true,1,
5900020018182,false,פיטנס חט.דגנים טרמיסו6יח,נסטלה,PL,חטיפי פיטנס,גרמים,141.00,100 גרם,false,0,16.90,11.99,true,1,
5900020018908,false,פיטנס חט.דגנים ק.עוגיות6,נסטלה,PL,חטיפי פיטנס 6 יח,גרמים,141.00,100 גרם,false,0,16.90,11.99,true,1,
5900020020741,false,נסקוויק בר שוקו-שוקו25*6,נסטלה,PL,נסקוויק בר,גרמים,150.00,100 גרם,false,0,10.00,6.67,true,1,
5900020022325,false,חטיף דגנים סיני מיניס6יח,נסטלה,PL,חטיפי סיני מיניס,גרמים,150.00,100 גרם,false,0,10.00,6.67,true,1,
5900907000965,false,פטיסונים בחומץ 860 גרם,סגל דברים טובים,PL,פטיסונים בחומץ,גרמים,860.00,100 גרם,false,0,19.10,2.22,true,1,
5900907001429,false,תערובת ירקות כבושים920גר,סגל דברים טובים,,תערובת ירקות,גרמים,920.00,100 גרם,false,0,15.00,1.63,true,1,
5901367005019,false,כוסמת קלויה,,,כוסמת קלויה,גרמים,500.00,100 גרם,false,0,7.90,1.58,true,1,
5901480000519,false,קפה נמס ג'קובס קרוננג200,מונדלייז,DE,קפה נמס ג'קובס,גרמים,200.00,100 גרם,false,1,27.90,13.95,true,1,
5901588017792,false,שוק.חלב קרם בראוניז 290ג,וודל,PL,שוקולד בראוניז,גרמים,290.00,100 גרם,false,1,14.80,5.10,true,1,
5904941751302,false,"משקה אנרגיה בלו 250 מ""ל",אקו ביט,PL,משקה אנרגיה,מיליליטרים,250.00,"100 מ""ל",false,0,3.30,1.32,true,1,
5906213005700,false,"משקה אנרגיה אקזיט 250מ""ל","פורמן ס.א. בע""מ",PL,משקה אנרגיה,מיליליטרים,250.00,"100 מ""ל",false,1,2.90,1.16,true,1,
5906485301012,false,משקה אנרגיה XL,,IL,משקה אנרגיה XL,מיליליטרים,250.00,"100 מ""ל",false,0,3.80,1.52,true,1,
5906485301067,false,משקה אנרגיה 6 יח,,IL,משקה אנרגיה 6 יח,ליטרים,1.50,ליטר,false,0,21.60,14.40,true,1,
5906485301456,false,משקה אנרגיה,,IL,משקה אנרגיה,מיליליטרים,250.00,"100 מ""ל",false,0,3.80,1.52,true,1,
5998749108574,false,ויסקס טמפטיישן 60 גרם,מרס,HU,ויסקס טמפטיישן,גרמים,60.00,100 גרם,false,0,8.90,14.83,true,1,
5998749120811,false,"פדיגרי אדולט 2.4 ק""ג",מרס,HU,פדיגרי אדולט,קילוגרמים,2.40,"ק""ג",false,1,42.90,17.88,true,1,
6001067025122,false,קולגייט מקס פרש וויט100מ,קולגייט-פלמוליב,BR,משחת שיניים,מיליליטרים,100.00,"100 מ""ל",false,0,15.00,15.00,true,1,
6001067025917,false,"מברשות אינטרדנטליות 4מ""מ",קולגייט-פלמוליב,IL,מברשות אינטרדנטל,יחידה,1.00,יחידה,false,0,30.50,30.50,true,1,
6008165271192,false,פאל מאל ארוך אדום,bat,TR,פאל מאל ארוך,יחידה,1.00,יחידה,false,0,27.50,27.50,false,1,
6487111125374,false,אדממה בנגיעות צילי 100גר,שונות,CN,אדממה צילי,גרמים,100.00,100 גרם,false,0,8.80,8.80,true,1,
7038516830500,false,חוט דנטלי ג'ורדן מחליק30,קלרו,IL,חוט דנטלי,יחידה,1.00,יחידה,false,0,20.00,20.00,true,1,
7290000000039,true,עגבניות באשכולות,קטיף,IL,עגבניה באשכולות,קילוגרמים,0.00,"ק""ג",true,0,4.90,4.90,true,1,
7290000000046,true,מלפפונים,קטיף,IL,מלפפונים,קילוגרמים,0.00,"ק""ג",true,0,5.90,5.90,true,1,
7290000000053,true,קשואים,קטיף,IL,קשואים,קילוגרמים,0.00,"ק""ג",true,0,7.90,7.90,true,1,
7290000000091,true,פלפל אדום,קטיף,IL,פלפל אדום,קילוגרמים,0.00,"ק""ג",true,0,9.90,9.90,true,1,
7290000000107,true,פלפל כהה,קטיף,IL,פלפל כהה,קילוגרמים,0.00,"ק""ג",true,0,8.90,8.90,true,1,
7290000000114,true,חצילים,קטיף,IL,חצילים,קילוגרמים,0.00,"ק""ג",true,0,7.90,7.90,true,1,
7290000000121,true,גזר ארוז,קטיף,IL,גזר ארוז,קילוגרמים,0.00,"ק""ג",true,0,4.90,4.90,true,1,
7290000000138,true,כרוב לבן,קטיף,IL,כרוב לבן,קילוגרמים,0.00,"ק""ג",true,0,3.90,3.90,true,1,
7290000000145,true,כרוב אדום,קטיף,IL,כרוב אדום,קילוגרמים,0.00,"ק""ג",true,0,5.90,5.90,true,1,
7290000000169,true,כרוב סיני-יח',קטיף,IL,כרוב סיני-יח',יחידה,1.00,יחידה,false,0,5.90,5.90,true,1,
7290000000176,true,כרובית,קטיף,IL,כרובית,קילוגרמים,0.00,"ק""ג",true,0,6.90,6.90,true,1,
7290000000183,true,סלק,קטיף,IL,סלק,קילוגרמים,0.00,"ק""ג",true,0,4.90,4.90,true,1,
7290000000206,true,צנון,קטיף,IL,צנון,קילוגרמים,0.00,"ק""ג",true,0,4.90,4.90,true,1,
7290000000220,true,קולורבי,קטיף,IL,קולורבי,קילוגרמים,0.00,"ק""ג",true,0,4.90,4.90,true,1,
7290000000282,true,חסה ערבית-יח',קטיף,IL,חסה ערבית-יח',יחידה,1.00,יחידה,false,0,4.90,4.90,true,1,
7290000000299,true,חסה עגולה-יח',קטיף,IL,חסה עגולה-יח',יחידה,1.00,יחידה,false,0,5.90,5.90,true,1,
7290000000312,true,ארטישוק,קטיף,IL,ארטישוק,קילוגרמים,0.00,"ק""ג",true,0,9.90,9.90,true,1,
7290000000374,true,שמפניון-יח',קטיף,IL,שמפניון-יח',יחידה,1.00,יחידה,false,0,9.00,9.00,true,1,
7290000000411,true,שום - רביעייה במארז,קטיף,XX,שום - רביעייה במארז,יחידה,1.00,יחידה,false,0,7.90,7.90,true,1,
7290000000428,true,בטטות מובחר,קטיף,IL,בטטות מובחר,קילוגרמים,0.00,"ק""ג",true,0,8.90,8.90,true,1,
7290000000435,true,סלרי עלים -יח',קטיף,IL,סלרי עלים -יח',יחידה,1.00,יחידה,false,0,5.90,5.90,true,1,
7290000000442,true,נבטים סיניים-יח',קטיף,IL,נבטים סיניים-יח',יחידה,1.00,יחידה,false,0,6.00,6.00,true,1,
7290000000459,true,נבטי אלפלפא-יח',קטיף,IL,נבטי אלפלפא-יח',יחידה,1.00,יחידה,false,0,6.00,6.00,true,1,
7290000000466,true,בצל ירוק יח',קטיף,IL,בצל ירוק-יח',יחידה,1.00,יחידה,false,0,5.50,5.50,true,1,
7290000000480,true,בצל יבש,קטיף,IL,בצל יבש,קילוגרמים,0.00,"ק""ג",true,0,4.90,4.90,true,1,
7290000000503,true,תפוח אדמה קטן ארוז,קטיף,IL,"תפו""א קטן ארוז",קילוגרמים,0.00,"ק""ג",true,0,2.90,2.90,true,1,
7290000000510,true,פטרוזיליה יח',קטיף,IL,פטרוזיליה-יח',יחידה,1.00,יחידה,false,0,3.90,3.90,true,1,
7290000000527,true,שמיר יח',קטיף,IL,שמיר יח',יחידה,1.00,יחידה,false,0,3.90,3.90,true,1,
7290000000534,true,סלרי ראש יח',קטיף,IL,סלרי ראש-יח',יחידה,1.00,יחידה,false,0,5.90,5.90,true,1,
7290000000541,true,שורש יח',קטיף,IL,שורש יח',יחידה,1.00,יחידה,false,0,5.90,5.90,true,1,
7290000000558,true,כוסברה יח',קטיף,IL,כוסברה יח',יחידה,1.00,יחידה,false,0,3.90,3.90,true,1,
7290000000565,true,נענע יח',קטיף,IL,נענע יח',יחידה,1.00,יחידה,false,0,3.90,3.90,true,1,
7290000000572,true,שומר,קטיף,IL,שומר,קילוגרמים,0.00,"ק""ג",true,0,4.90,4.90,true,1,
7290000000619,true,פלפל חריף,שותפות מזרחי,IL,פלפל חריף,קילוגרמים,0.00,"ק""ג",true,0,9.90,9.90,true,1,
7290000000626,true,ברוקולי,קטיף,IL,ברוקולי,קילוגרמים,0.00,"ק""ג",true,0,9.90,9.90,true,1,
7290000000633,true,עירית יח',קטיף,IL,עירית-יח',יחידה,1.00,יחידה,false,0,5.00,5.00,true,1,
7290000000701,true,פטריות למילוי שקילה,קטיף,IL,פטריות למילוי,קילוגרמים,0.00,"ק""ג",true,0,34.90,34.90,true,1,
7290000000732,true,דלורית,קטיף,IL,דלורית,קילוגרמים,0.00,"ק""ג",true,0,8.90,8.90,true,1,
7290000000855,true,פלפל צהוב,קטיף,IL,פלפל צהוב,קילוגרמים,0.00,"ק""ג",true,0,9.90,9.90,true,1,
7290000001036,true,בצל יבש אדום,קטיף,XX,בצל יבש אדום,קילוגרמים,0.00,"ק""ג",true,0,5.90,5.90,true,1,
7290000001050,true,בזילקום-יח',קטיף,IL,בזילקום-יח',יחידה,1.00,יחידה,false,0,5.00,5.00,true,1,
7290000001104,true,פטריות חורש-יח',קטיף,IL,פטריות חורש-יח',יחידה,1.00,יחידה,false,0,9.00,9.00,true,1,
7290000001692,true,תפוח אדמה אדום ארוז,קטיף,IL,תפוח אדמה אדום ארוז,קילוגרמים,0.00,"ק""ג",true,0,4.90,4.90,true,1,
7290000001715,true,תפוא לבן ארוז,קטיף,IL,תפוא לבן ארוז,קילוגרמים,0.00,"ק""ג",true,0,3.90,3.90,true,1,
7290000002026,true,לחם אחיד 750 גרם,מאפית ברמן,IL,לחם אחיד 750 גרם,גרמים,750.00,100 גרם,false,0,4.90,0.65,true,1,
7290000002040,true,חלה רגילה 500 גרם,מאפית ברמן,IL,חלה רגילה,גרמים,500.00,100 גרם,false,0,5.00,1.00,true,1,
7290000023083,false,ערק אשקלון,,IL,ערק אשקלון,מיליליטרים,700.00,"100 מ""ל",false,0,49.90,7.13,true,1,
7290000023816,false,ברקן קלאסיק א.ריזלינג750,יקבי ברקן,IL,ריזלינג קלאסיק,מיליליטרים,750.00,"100 מ""ל",false,0,24.90,3.32,true,1,
7290000024202,false,"ברקן רזרב קברנה 750 מ""ל",יקבי ברקן,IL,ברקן רזרב,מיליליטרים,750.00,"100 מ""ל",false,0,29.90,3.99,true,1,
7290000024264,false,"ברקן רזרב מרלו 750 מ""ל",יקבי ברקן,IL,מרלו רזרב,מיליליטרים,750.00,"100 מ""ל",false,0,29.90,3.99,true,1,
7290000024905,false,וודקה קגלביץ קלסיקה700מל,יקבי ברקן,IL,וודקה קגלביץ,מיליליטרים,700.00,"100 מ""ל",false,0,55.40,7.91,true,1,
7290000034256,false,ביסקוויט תירוש 175 גרם,מגדנית הדר,IL,ביסקוויט תירוש,גרמים,175.00,100 גרם,false,0,5.90,3.37,true,1,
7290000040042,false,יוגורט יופלה תות3% 150גר,תנובה,IL,יופלה תות 3%,גרמים,150.00,100 גרם,false,0,5.00,3.33,true,1,
7290000040066,false,יופלה דובדבן3% 150 גרם,תנובה,IL,יופלה דובדבן3%,גרמים,150.00,100 גרם,false,0,5.00,3.33,true,1,
7290000040301,false,עין גדי קממבר24% 125 גר,תנובה,IL,עין גדי קממבר,גרמים,125.00,100 גרם,false,0,17.90,14.32,true,1,
7290000040318,false,גבי. עדי ברי רכה24% 125ג,תנובה,IL,גבינת עדי ברי24%,גרמים,125.00,100 גרם,false,0,17.90,14.32,true,1,
7290000040974,false,חלב טרי 2% דל לקטוז 1 ל,תנובה,IL,חלב טרי דל לקטוז,ליטרים,1.00,ליטר,false,0,7.00,7.00,true,1,
7290000041858,false,שמנת חמוצה15% מועשרת200,יטבתה,IL,שמנת חמוצה יטבתה,מיליליטרים,200.00,"100 מ""ל",false,0,2.40,1.20,true,1,
7290000041872,false,"לבן יטבתה 3% 200 מ""ל",יטבתה,IL,לבן יטבתה 3%,מיליליטרים,200.00,"100 מ""ל",false,0,2.00,1.00,true,1,
7290000042008,false,חלב מפוסטר 3%שקית 1 ל',תנובה,IL,חלב 3% בשקית,ליטרים,1.00,ליטר,false,0,4.90,4.90,true,1,
7290000042022,false,חלב על הבוקר1%קרט+.פקק1ל,תנובה,IL,חלב על הבוקר 1%,ליטרים,1.00,ליטר,false,0,7.90,7.90,true,1,
7290000042121,false,חלב 1% שומן בשקית 1 ליטר,תנובה,IL,חלב תנובה שקית1%,ליטרים,1.00,ליטר,false,0,4.65,4.65,true,1,
7290000042176,false,חלב שתיה1% שומן-כדית 2ל,תנובה,IL,חלב מיכל 1% שומן,ליטרים,2.00,ליטר,false,0,10.80,5.40,true,1,
7290000042244,false,חלב 3% שומן בכד 2 ליטר,תנובה,IL,חלב 3% כד 2 ליטר,ליטרים,2.00,ליטר,false,0,11.50,5.75,true,1,
7290000042404,false,חלב מועשר3% יטבתה שקית1ל,יטבתה,IL,חלב 3% בשקית,ליטרים,1.00,ליטר,false,0,5.90,5.90,true,1,
7290000042435,false,חלב מפוסטר 1% בקרטון 1 ל,תנובה,IL,חלב %1 בקרטון,ליטרים,1.00,ליטר,false,0,5.40,5.40,true,1,
7290000042442,false,חלב מפוסטר 3% בקרטון 1 ל,תנובה,IL,חלב תנובה 3%,ליטרים,1.00,ליטר,false,0,5.75,5.75,true,1,
7290000042466,false,חלב מועשר 1% בקרטון 1 ל',תנובה,IL,חלב מועשר בקרטון,ליטרים,1.00,ליטר,false,0,7.90,7.90,true,1,
7290000042503,false,חלב עמיד הומוגני 3% 1 ל',תנובה,IL,חלב עמיד הומוגני 3% 1 ל',ליטרים,1.00,ליטר,false,0,6.60,6.60,true,1,
7290000042855,false,"שוקו בשקית יוטבתה 225מ""ל",יטבתה,IL,שוקו בשקית,מיליליטרים,225.00,"100 מ""ל",false,0,2.50,1.11,true,1,
7290000043012,false,"שוקו שוק עמיד 250 מ""ל",תנובה,IL,שוקו עמיד,מיליליטרים,250.00,"100 מ""ל",false,0,4.30,1.72,true,1,
7290000043111,false,חמאה 200 גרם,תנובה,IL,חמאה תנובה,גרמים,200.00,100 גרם,false,0,7.60,3.80,true,1,
7290000043159,false,חמאה מלוחה 200 גרם,תנובה,IL,חמאה מלוחה תנובה,גרמים,200.00,100 גרם,false,0,9.10,4.55,true,1,
7290000043814,false,שמנת עמידה לקצפת38% 250מ,תנובה,IL,שמנת עמידה לקצפת,מיליליטרים,250.00,"100 מ""ל",false,0,5.95,2.38,true,1,
7290000043890,false,רויון 1.5% בקרטון 1ל,תנובה,IL,רויון בקרטון1.5%,ליטרים,1.00,ליטר,false,0,10.90,10.90,true,1,
7290000043944,false,יוגורט בכד 4% 1.5 ל',תנובה,IL,יוגורט בכד 4%,ליטרים,1.50,ליטר,false,0,15.40,10.27,true,1,
7290000044088,false,שלי קלאסיק 3%שומן 200 ג,תנובה,IL,שלי קלאסיק 3%לבן,גרמים,200.00,100 גרם,false,0,2.90,1.45,true,1,
7290000044248,false,רויון בקרטון 1.5% 500מ',תנובה,IL,רויון בקרטון,מיליליטרים,500.00,"100 מ""ל",false,0,6.00,1.20,true,1,
7290000044712,false,פרילי+תות שדה1.5% 500ג,תנובה,IL,פרילי תות-שדה,גרמים,500.00,100 גרם,false,0,10.30,2.06,true,1,
7290000044880,false,באדי מעדן תות 3% 500 גרם,תנובה,IL,מעדן באדי תות 3%,גרמים,500.00,100 גרם,false,0,8.40,1.68,true,1,
7290000045573,false,גבינת נעמה מותכת 25*8 גר,תנובה,IL,גבינת נעמה מותכת,גרמים,200.00,100 גרם,false,0,13.80,6.90,true,1,
7290000045580,false,גב.נעמה חורש מותכת 240ג,תנובה,IL,גבינת נעמה מותכת,גרמים,240.00,100 גרם,false,0,13.90,5.79,true,1,
7290000046006,false,גב.עמק 28% במשקל,תנובה,IL,גב.עמק 28% במשקל,קילוגרמים,0.00,"ק""ג",true,0,41.30,41.30,true,1,
7290000046020,false,גב.גלבוע 22% במשקל,תנובה,IL,גב.גלבוע 22% במשקל,קילוגרמים,0.00,"ק""ג",true,0,39.25,39.25,true,1,
7290000046303,false,גב.גוש חלב פרוסה 200 גר,תנובה,IL,גבינת גוש חלב,גרמים,200.00,100 גרם,false,0,13.50,6.75,true,1,
7290000046327,false,גב.גלבוע פרוסות22% 200גר,תנובה,IL,גבינת גלבוע פרוס,גרמים,200.00,100 גרם,false,0,12.50,6.25,true,1,
7290000046501,false,"גב.טל העמק32% 1 ק""ג משקל",תנובה,IL,גבינת טל העמק,גרמים,0.00,"ק""ג",true,0,57.00,57.00,true,1,
7290000046563,false,גב.קולאז' פרמזן 23%במשקל,תנובה,IL,גב.קולאז' פרמזן 23%במשקל,גרמים,0.00,"ק""ג",true,0,106.00,106.00,true,1,
7290000046662,false,גב.קשה סקנדינבית31%משקל,תנובה,IL,גב.קשה סקנדינבית31%משקל,קילוגרמים,0.00,"ק""ג",true,0,71.00,71.00,true,1,
7290000047027,false,גב.קולאז' גלעד 27% במשקל,תנובה,IL,גב.קולאז' גלעד 27% במשקל,קילוגרמים,0.00,"ק""ג",true,0,120.00,120.00,true,1,
7290000047034,false,גב.קולאז' רוקפור25%במשקל,תנובה,IL,גב.קולאז' רוקפור25%במשקל,קילוגרמים,0.00,"ק""ג",true,0,122.00,122.00,true,1,
7290000047485,false,גב.בולגרית 24%במשקל,תנובה,IL,גב.בולגרית 24%במשקל,קילוגרמים,0.00,"ק""ג",true,0,58.00,58.00,true,1,
7290000047546,false,גב.כנען 5% 500 גרם,תנובה,IL,גבינת כנען 5%,גרמים,500.00,100 גרם,false,0,23.00,4.60,true,1,
7290000048185,false,גב.לבנה רכה 5% שומן 250ג,תנובה,IL,גבינה לבנה 5%,גרמים,250.00,100 גרם,false,0,4.60,1.84,true,1,
7290000048192,false,גב.לבנה רכה 9% 250 גרם,תנובה,IL,גבינה לבנה 9%,גרמים,250.00,100 גרם,false,0,4.60,1.84,true,1,
7290000048307,false,קוטג' 5% עם זיתים 250 גר,תנובה,IL,קוטג' עם זיתים5%,גרמים,250.00,100 גרם,false,0,5.70,2.28,true,1,
7290000048413,false,גב.חמד פיראוס16% 250 גר,תנובה,IL,גבינה מלוחה 16%,גרמים,250.00,100 גרם,false,0,17.60,7.04,true,1,
7290000048437,false,גבי. צפתית פיראוס5% 200ג,תנובה,IL,גבינה צפתית 5%,גרמים,200.00,100 גרם,false,0,12.90,6.45,true,1,
7290000049458,false,פטה עיזים פיראוס16% 250ג,תנובה,IL,פטה עיזים פיראוס,גרמים,250.00,100 גרם,false,0,26.50,10.60,true,1,
7290000050072,false,"יופלה 360 תות 100*6 מ""ל",תנובה,IL,יופלה 360 תות,מיליליטרים,600.00,"100 מ""ל",false,0,12.30,2.05,true,1,
7290000051024,false,יופלה שטוזים תות 100*4גר,תנובה,IL,יופלה שטוזים 4יח,גרמים,400.00,100 גרם,false,0,9.90,2.48,true,1,
7290000051352,false,חלב של פעם מלא3.6%-4% 1ל,תנובה,IL,חלב של פעם מלא,ליטרים,1.00,ליטר,false,0,7.40,7.40,true,1,
7290000051376,false,יופלה דיאט אננס 0% 150גר,תנובה,IL,יופלה דיאט אננס,גרמים,150.00,100 גרם,false,0,5.00,3.33,true,1,
7290000052298,false,משקה מוקה בקבוק 1 ליטר,תנובה,,משקה מוקה בקבוק,מיליליטרים,1000.00,"100 מ""ל",false,0,10.00,1.00,true,1,
7290000052304,false,"משקה מוקה בקבוק 340 מ""ל",תנובה,IL,משקה מוקה בקבוק,מיליליטרים,340.00,"100 מ""ל",false,0,6.30,1.85,true,1,
7290000052311,false,עמק 15% פרוס בקופסא 200,תנובה,IL,עמק 15% פרוס,גרמים,200.00,100 גרם,false,0,15.20,7.60,true,1,
7290000052649,false,פיראוס לבנה 5% 500 גרם,תנובה,IL,פיראוס לבנה 5%,גרמים,500.00,100 גרם,false,0,19.70,3.94,true,1,
7290000052717,false,קוטג' +שום שמיר,,IL,קוטג' +שום שמיר,גרמים,250.00,100 גרם,false,0,5.70,2.28,true,1,
7290000053271,false,עמק עיזים,,IL,עמק עיזים,גרמים,200.00,100 גרם,false,0,19.40,9.70,true,1,
7290000054513,false,שטוזים בטעמים 100*8ג,תנובה,IL,יופלה שטוזים 8יח,גרמים,800.00,100 גרם,false,0,15.90,1.99,true,1,
7290000054995,false,יוגורט עיזים פיראוס 500מ,תנובה,IL,יוגורט עיזים,מיליליטרים,500.00,"100 מ""ל",false,0,11.80,2.36,true,1,
7290000055015,false,פיראוס פטה כבשים 5% 250ג,תנובה,IL,פיראוס פטה כבשים,גרמים,250.00,100 גרם,false,0,25.90,10.36,true,1,
7290000055206,false,גבינה לבנה 5%,,IL,גבינה לבנה 5%,גרמים,250.00,100 גרם,false,0,5.40,2.16,true,1,
7290000055329,false,משקה יוגורט תות-מלון250ג,תנובה,IL,משקה יוגורט,גרמים,250.00,100 גרם,false,0,5.30,2.12,true,1,
7290000055336,false,משקה יוגורט בננ.אפרסק250,תנובה,IL,משקה יוגורט,גרמים,250.00,100 גרם,false,0,5.30,2.12,true,1,
7290000055343,false,משקה יוגורט טרופי 250גרם,תנובה,IL,משקה יוגורט,גרמים,250.00,100 גרם,false,0,5.30,2.12,true,1,
7290000055350,false,גבינת עמק 28% חריץ במשקל,תנובה,IL,גבינת עמק 28%,קילוגרמים,0.00,"ק""ג",true,1,41.30,41.30,true,1,
7290000056081,false,פרילי טבע 6 * 200גרם,תנובה,IL,מארז פרילי טבע,קילוגרמים,1.20,"ק""ג",false,0,21.60,18.00,true,1,
7290000056845,false,חלב טרי הומוגני3% 1.5ל',תנובה,,חלב תנובה 3%,ליטרים,1.50,ליטר,false,0,8.62,5.75,true,1,
7290000056883,false,יופלה 3% טעמים 150*8גרם,תנובה,IL,יופלה 8 יח במארז,קילוגרמים,1.20,"ק""ג",false,0,29.90,24.92,true,1,
7290000056890,false,יופלה אננס/דובד%0 150*8ג,תנובה,IL,יופלה 0% 8 יח,קילוגרמים,1.20,"ק""ג",false,0,29.90,24.92,true,1,
7290000056906,false,יופלה לבן 1.5% 150*8גרם,תנובה,IL,יופלה לבן 1.5%,קילוגרמים,1.20,"ק""ג",false,0,17.90,14.92,true,1,
7290000056951,false,שמנת לבישול 15%,,,שמנת לבישול 15%,מיליליטרים,500.00,"100 מ""ל",false,0,15.70,3.14,true,1,
7290000056968,false,שמנת38%,,,שמנת38%,מיליליטרים,500.00,"100 מ""ל",false,0,11.90,2.38,true,1,
7290000057088,false,גבינת עמק דק 28% 200 גרם,תנובה,IL,גבינת עמק דק 28%,גרמים,200.00,100 גרם,false,0,15.20,7.60,true,1,
7290000057118,false,גבינת עמק פרוסה,,,גבינת עמק פרוסה,גרמים,400.00,100 גרם,false,0,21.30,5.33,true,1,
7290000057132,false,יוגורט תנובה1.5%,,,יוגורט תנובה1.5%,גרמים,200.00,100 גרם,false,0,3.00,1.50,true,1,
7290000057149,false,יוגורט תנובה 3% 200 גרם,תנובה,,יוגורט תנובה 3%,גרמים,200.00,100 גרם,false,0,3.00,1.50,true,1,
7290000057552,false,יופלה עוגת גבינה,,IL,יופלה עוגת גבינה,גרמים,150.00,100 גרם,false,0,5.00,3.33,true,1,
7290000057651,false,גבינת קרם שמנת+5%בצל200ג,תנובה,IL,גבינת קרם שמנת,גרמים,200.00,100 גרם,false,0,10.80,5.40,true,1,
7290000058283,false,גבינת עיזים 5%,,,גבינת עיזים 5%,גרמים,240.00,100 גרם,false,0,14.50,6.04,true,1,
7290000060088,false,בייגלה מקלות מלוחים400גר,אסם,IL,בייגלה מקלות,גרמים,400.00,100 גרם,false,0,9.90,2.48,true,1,
7290000060163,false,אטריות דקות 400 גרם,אסם,IL,אטריות דקות,גרמים,400.00,100 גרם,false,0,6.90,1.73,true,1,
7290000060200,false,פתיתים אפויים קוסקוס500ג,אסם,IL,פתיתים אפויים,גרמים,500.00,100 גרם,false,0,6.90,1.38,true,1,
7290000060217,false,פסטה מקרוני 7 500 גרם,זארה,IT,פסטה מקרוני 7,גרמים,500.00,100 גרם,false,0,5.40,1.08,true,1,
7290000060248,false,פסטה אסם תלתלים 500 גרם,זארה,IT,פסטה תלתלים,גרמים,500.00,100 גרם,false,0,5.40,1.08,true,1,
7290000060323,false,ספגטיני פרפקטו 500 גרם,זארה,IT,ספגטיני פרפקטו,גרמים,500.00,100 גרם,false,0,7.60,1.52,true,1,
7290000060491,false,פרפקטו קיפרי ריגאטי 500ג,זארה,IT,פסטה קיפרי ריגטי,גרמים,500.00,100 גרם,false,0,7.60,1.52,true,1,
7290000060576,false,"פתיתים אפויים""כוכבים500""",אסם,IL,פתיתים אפויים,גרמים,500.00,100 גרם,false,0,6.90,1.38,true,1,
7290000060781,false,פסטה מסולסלת אסם 500 גרם,זארה,IT,פסטה מסולסלת,גרמים,500.00,100 גרם,false,0,5.40,1.08,true,1,
7290000060828,false,פסטה קרניים בינוניות500ג,זארה,IT,פסטה קרניים,גרמים,500.00,100 גרם,false,0,5.40,1.08,true,1,
7290000060842,false,פסטה צדפים גדולים 500 גר,זארה,IT,פסטה צדפים אסם,גרמים,500.00,100 גרם,false,0,5.40,1.08,true,1,
7290000060880,false,פסטה ספגטי מס 8 אסם 500ג,זארה,IT,ספגטי מס' 8,גרמים,500.00,100 גרם,false,0,5.40,1.08,true,1,
7290000060903,false,פתיתים אפויים אורז 500 ג,אסם,IL,פתיתים אפויים,גרמים,500.00,100 גרם,false,0,6.90,1.38,true,1,
7290000060958,false,אטריות בינוניות 400 גרם,אסם,IL,אטריות בינוניות,גרמים,400.00,100 גרם,false,0,6.90,1.73,true,1,
7290000060965,false,אטריות רחבות 400 גרם,אסם,IL,אטריות רחבות,גרמים,400.00,100 גרם,false,0,6.90,1.73,true,1,
7290000060972,false,אטריות דקיקות אסם 400 גר,זארה,IT,אטריות דקיקות,גרמים,400.00,100 גרם,false,0,6.90,1.73,true,1,
7290000061085,false,"רוטב צ'ילי מתוק 290 מ""ל",אסם,IL,רוטב צ'ילי אסם,מיליליטרים,290.00,"100 מ""ל",false,0,9.90,3.41,true,1,
7290000061108,false,"רוטב טריאקי אסם 290 מ""ל",אסם,IL,רוטב טריאקי,מיליליטרים,290.00,"100 מ""ל",false,0,9.90,3.41,true,1,
7290000061283,false,שקדי מרק 400 גרם25%+חינם,אסם,IL,שקדי מרק,גרמים,500.00,100 גרם,false,0,10.00,2.00,true,1,
7290000061450,false,פתיתים אפויים 3צבעים500ג,אסם,IL,פתיתים אפויים,גרמים,500.00,100 גרם,false,0,6.90,1.38,true,1,
7290000061764,false,נסקפה רד מאג 200 גרם,נסטלה,ES,נסקפה רד מאג,גרמים,200.00,100 גרם,false,0,19.90,9.95,true,1,
7290000062242,false,דובונים שמנת בצל 40 גרם,אסם,IL,דובונים שמנת בצל,גרמים,40.00,100 גרם,false,0,4.30,10.75,true,1,
7290000062952,false,מיני קרוטונים מתובל 250ג,עינת,IL,מיני קרוטונים,גרמים,250.00,100 גרם,false,0,13.90,5.56,true,1,
7290000063096,false,קטשופ בקב.לחיץ 750*2 גרם,אסם,IL,קטשופ זוג,קילוגרמים,1.50,"ק""ג",false,0,19.30,12.87,true,1,
7290000063102,false,קמח תופח מאליו 350 גרם,אסם,IL,קמח תופח מאליו,גרמים,350.00,100 גרם,false,0,4.90,1.40,true,1,
7290000063133,false,שקדי מרק רכיבים טבעי100ג,אסם,IL,שקדי מרק אסם,גרמים,100.00,100 גרם,false,0,5.40,5.40,true,1,
7290000063157,false,"קמח תופח מאליו 1 ק""ג",אסם,IL,קמח תופח מאליו,קילוגרמים,1.00,"ק""ג",false,0,8.50,8.50,true,1,
7290000063294,false,סירופ ויטמינצ'יק ענבים2ל,בית השיטה,IL,ויטמינצ'יק ענבים,ליטרים,2.00,ליטר,false,0,22.30,11.15,true,1,
7290000064321,false,תבשיל מג'דרה 145 גרם,אסם,IL,תבשיל מג'דרה,גרמים,145.00,100 גרם,false,0,10.70,7.38,true,1,
7290000064758,false,קוסקוס בינוני 350 גרם,קוסקוס מזון,IL,קוסקוס בינוני,גרמים,350.00,100 גרם,false,0,7.90,2.26,true,1,
7290000064871,false,מנה חמה פירה בצל 56 גרם,אסם,IL,מנה חמה פירה,גרמים,56.00,100 גרם,false,0,5.90,10.54,true,1,
7290000065090,false,מיני קרוטונים מתובל400 ג,עינת,IL,מיני קרוטונים,גרמים,400.00,100 גרם,false,0,22.80,5.70,true,1,
7290000065267,false,קראנץ רולס 450 גרם,אסם,IL,קראנץ רולס,גרמים,450.00,100 גרם,false,0,23.00,5.11,true,1,
7290000065557,false,מ.חמה קוסקוס עם ירקות 84,אסם,IL,מנה חמה קוסקוס,גרמים,84.00,100 גרם,false,0,5.90,7.02,true,1,
7290000065717,false,סירופ ויטמינצ'יק פטל 1ל',בית השיטה,IL,ויטמינצ'יק פטל,ליטרים,1.00,ליטר,false,0,12.90,12.90,true,1,
7290000065748,false,סירופ ויטמינצ'יק אננס 1ל,בית השיטה,IL,ויטמינצ'יק אננס,ליטרים,1.00,ליטר,false,0,12.90,12.90,true,1,
7290000066134,false,ביסלי פלאפל 70 גרם,אסם,IL,ביסלי פלאפל,גרמים,70.00,100 גרם,false,0,4.20,6.00,true,1,
7290000066141,false,ביסלי גריל 70 גרם,אסם,IL,ביסלי גריל,גרמים,70.00,100 גרם,false,0,4.20,6.00,true,1,
7290000066165,false,ביסלי ברביקיו 67 גרם,אסם,IL,ביסלי ברביקיו,גרמים,67.00,100 גרם,false,0,4.20,6.27,true,1,
7290000066172,false,ביסלי פיצה 70 גרם,אסם,IL,ביסלי פיצה,גרמים,70.00,100 גרם,false,0,4.20,6.00,true,1,
7290000066189,false,ביסלי פלאפל 200 גרם,אסם,IL,ביסלי פלאפל,גרמים,200.00,100 גרם,false,0,6.90,3.45,true,1,
7290000066196,false,ביסלי גריל 200 גרם,אסם,IL,ביסלי גריל,גרמים,200.00,100 גרם,false,0,6.90,3.45,true,1,
7290000066202,false,ביסלי בצל 190 גרם,אסם,IL,ביסלי בטעם בצל,גרמים,190.00,100 גרם,false,0,6.90,3.63,true,1,
7290000066219,false,ביסלי ברביקיו 190 גרם,אסם,IL,ביסלי ברביקיו,גרמים,190.00,100 גרם,false,0,6.90,3.63,true,1,
7290000066226,false,ביסלי פיצה 200 גרם,אסם,IL,ביסלי בטעם פיצה,גרמים,200.00,100 גרם,false,0,6.90,3.45,true,1,
7290000066264,false,דובונים-חטיפים מלוחים40ג,אסם,IL,חטיפי דובונים,גרמים,40.00,100 גרם,false,0,4.30,10.75,true,1,
7290000066301,false,במבה 25 גרם,אסם,IL,במבה 25 גרם,גרמים,25.00,100 גרם,false,0,2.20,8.80,true,1,
7290000066318,false,במבה 80 גרם,אסם,IL,במבה,גרמים,80.00,100 גרם,false,0,4.50,5.63,true,1,
7290000066332,false,אפרופו 50 גרם,אסם,IL,חטיף אפרופו,גרמים,50.00,100 גרם,false,0,5.10,10.20,true,1,
7290000066349,false,אפרופו 100 גרם,אסם,IL,אפרופו חטיף תירס,גרמים,100.00,100 גרם,false,0,8.30,8.30,true,1,
7290000066431,false,פופקו בטעם חמאה ודבש80גר,אסם,IL,חטיף פופקו,גרמים,80.00,100 גרם,false,0,5.40,6.75,true,1,
7290000066943,false,סירופ ויטמינצ'יק ענבים1ל,בית השיטה,IL,ויטמינצ'יק ענבים,ליטרים,1.00,ליטר,false,0,12.90,12.90,true,1,
7290000067070,false,עוג.מיני ממולא.שוקולד300,אסם,IL,עוגיות ממולאות,גרמים,300.00,100 גרם,false,0,10.90,3.63,true,1,
7290000067599,false,מנה חמה ספגטי בולונז 65ג,אסם,IL,מנה חמה בולונז,גרמים,65.00,100 גרם,false,0,5.90,9.08,true,1,
7290000068138,false,אינסטנט פודינג וניל 80גר,אסם,IL,אינסטנט פודינג,גרמים,80.00,100 גרם,false,0,5.20,6.50,true,1,
7290000068169,false,אינסטנט פודינג שוקולד95ג,אסם,IL,אינסטנט פודינג,גרמים,95.00,100 גרם,false,0,5.20,5.47,true,1,
7290000068343,false,פריכונים מאורז מלא 140גר,"פרח תעשיות מזון בע""מ",IL,פריכונים מאורז,גרמים,140.00,100 גרם,false,0,6.80,4.86,true,1,
7290000068787,false,"במבה יום הולדת 25ג בד""צ",אסם,IL,"במבה יום הולדת 25ג בד""צ",גרמים,25.00,100 גרם,false,0,2.20,8.80,true,1,
7290000069258,false,פנה ריגאטה פרפקטו 500 גר,זארה,IT,פנה ריגאטה,גרמים,500.00,100 גרם,false,0,7.60,1.52,true,1,
7290000069562,false,פריכונ.דקים חיטה+שבול130,הרטו,BE,פריכונים דקים,גרמים,130.00,100 גרם,false,0,8.50,6.54,true,1,
7290000070308,false,מרק עוף אמיתי 400 גרם,אסם,IL,מרק עוף אמיתי,גרמים,400.00,100 גרם,false,0,18.70,4.68,true,1,
7290000070322,false,מרק פטריות ר.טבעיים400גר,אסם,IL,מרק פטריות אסם,גרמים,400.00,100 גרם,false,0,25.60,6.40,true,1,
7290000070353,false,מרק בצל רכיבים טבעיים400,אסם,IL,מרק בצל אסם,גרמים,400.00,100 גרם,false,0,25.60,6.40,true,1,
7290000071008,false,בייגלה שטוח מלח 60 גרם,אסם,IL,בייגלה שטוחים,גרמים,60.00,100 גרם,false,0,2.90,4.83,true,1,
7290000072081,false,פירורית זהב 350*2 גרם,עינת,IL,פירורית זהב 2 יח,גרמים,700.00,100 גרם,false,0,11.90,1.70,true,1,
7290000072203,false,רוטב אלף האיים אסם 290מל,אסם,IL,רוטב אלף האיים,מיליליטרים,290.00,"100 מ""ל",false,0,9.90,3.41,true,1,
7290000072227,false,"רוטב סויה סיני 290 מ""ל",אסם,IL,רוטב סויה,מיליליטרים,290.00,"100 מ""ל",false,0,9.90,3.41,true,1,
7290000072241,false,"רוטב פיצה 290 מ""ל",אסם,IL,רוטב לפיצה אסם,מיליליטרים,290.00,"100 מ""ל",false,0,9.90,3.41,true,1,
7290000072623,false,קטשופ בקבוק לחיץ 750 גרם,אסם,IL,קטשופ בקבוק לחיץ,גרמים,750.00,100 גרם,false,0,10.90,1.45,true,1,
7290000072630,false,קטשופ חריף 750 גרם,אסם,IL,קטשופ חריף,גרמים,750.00,100 גרם,false,0,13.80,1.84,true,1,
7290000072753,false,נסקפה טסטר'ס צ'ויס200ג,נסטלה,KR,נסקפה טסטרס צויס,גרמים,200.00,100 גרם,false,0,34.90,17.45,true,1,
7290000072777,false,טסטרס צ'ויס נט.קפאין200,נסטלה,KR,קפה טסטרס צויס,גרמים,200.00,100 גרם,false,0,37.90,18.95,true,1,
7290000072890,false,רוטב אלף האיים 2% 290ג,אסם,IL,רוטב אלף האיים,מיליליטרים,290.00,"100 מ""ל",false,0,9.90,3.41,true,1,
7290000072968,false,סיני מיניס 500 גרם,נסטלה,PL,דגני נסטלה,גרמים,500.00,100 גרם,false,0,17.90,3.58,true,1,
7290000073125,false,מ.חמה פסטה ברוטב עגבניות,אסם,IL,מנה חמה פסטה,גרמים,62.00,100 גרם,false,0,5.90,9.52,true,1,
7290000073415,false,מ.חמה פסטה ברוטב פיצה,אסם,IL,מנה חמה פסטה,גרמים,61.00,100 גרם,false,0,5.90,9.67,true,1,
7290000073699,false,סלט חומוס צבר 150 גרם,צבר,IL,סלט חומוס צבר,גרמים,150.00,100 גרם,false,0,4.90,3.27,true,1,
7290000073750,false,מ.חמה נודלס טעם עוף70גרם,טאי רזידנט,TH,מנה חמה נודלס,גרמים,70.00,100 גרם,false,0,6.90,9.86,true,1,
7290000073767,false,מ.חמה נודלס טעם בקר70ג,טאי רזידנט,TH,מנה חמה נודלס,גרמים,70.00,100 גרם,false,0,6.90,9.86,true,1,
7290000073774,false,מ.חמה נודלס פיקנטי 70גרם,טאי רזידנט,TH,מנה חמה נודלס,גרמים,70.00,100 גרם,false,0,6.90,9.86,true,1,
7290000073835,false,צ'יפסי 4 * 50 גרם,אסם,IL,צ'יפסי 4 יחידות,גרמים,200.00,100 גרם,false,0,10.90,5.45,true,1,
7290000074153,false,פתי בר בטעם שוקולד500גרם,אסם,IL,פתי בר שוקו,גרמים,500.00,100 גרם,false,0,13.30,2.66,true,1,
7290000074184,false,ביסקוויט פתי בר 500 גרם,אסם,IL,ביסקוויט פתי בר,גרמים,500.00,100 גרם,false,0,10.90,2.18,true,1,
7290000074245,false,קרם קרקר 250 גרם,אסם,IL,קרם קרקר אסם,גרמים,250.00,100 גרם,false,0,9.80,3.92,true,1,
7290000074252,false,קרקר שומשום 250 גרם,אסם,IL,קרקר שומשום אסם,גרמים,250.00,100 גרם,false,0,9.50,3.80,true,1,
7290000074290,false,לחמית סובין 230 גרם,אסם,IL,לחמית אסם,גרמים,230.00,100 גרם,false,0,8.90,3.87,true,1,
7290000074375,false,קרקר זהב 150 גרם,אסם,IL,קרקר זהב אסם,גרמים,150.00,100 גרם,false,0,7.00,4.67,true,1,
7290000074481,false,לחמית אגוזים 160 גרם,אסם,IL,לחמית אגוזים,גרמים,160.00,100 גרם,false,0,9.00,5.63,true,1,
7290000074641,false,סלט כרוב אדום צבר 140 גר,צבר,IL,כרוב אדום צבר,גרמים,140.00,100 גרם,false,0,5.90,4.21,true,1,
7290000074658,false,"ביסקוויט פתי בר 1 ק""ג",אסם,IL,ביסקוויט פתי בר,קילוגרמים,1.00,"ק""ג",false,0,18.70,18.70,true,1,
7290000074696,false,"קרם קרקר 1 ק""ג",אסם,IL,קרם קרקר,קילוגרמים,1.00,"ק""ג",false,0,28.70,28.70,true,1,
7290000074740,false,"לחמית חיטה מלאה 1 ק""ג",אסם,IL,לחמית חיטה מלאה,קילוגרמים,1.00,"ק""ג",false,0,21.70,21.70,true,1,
7290000075143,false,עוג. שוקוצ'יפס קלאסי200ג,אסם,IL,עוגיות שוקוצ'יפס,גרמים,200.00,100 גרם,false,0,10.80,5.40,true,1,
7290000075204,false,לחמית חיטה מלאה 250 גרם,אסם,IL,לחמית חיטה מלאה,גרמים,250.00,100 גרם,false,0,8.90,3.56,true,1,
7290000075693,false,עוגת שמרים בריוש שוקו360,אסם,IL,עוגת בריוש,גרמים,360.00,100 גרם,false,0,16.80,4.67,true,1,
7290000076126,false,בייגלה שמיניות קטנות80גר,אסם,IL,בייגלה שמיניות,גרמים,80.00,100 גרם,false,0,3.30,4.13,true,1,
7290000076133,false,בייגלה שמיניות קטנות400ג,אסם,IL,בייגלה שמיניות,גרמים,400.00,100 גרם,false,0,9.90,2.48,true,1,
7290000076157,false,נסקוויק אבקה להכ.שוקו450,אסם,IL,נסקוויק שוקו,גרמים,450.00,100 גרם,false,0,13.90,3.09,true,1,
7290000076645,false,טוסטעים חיטה מלאה 100גרם,ון דר מולן,NL,טוסטעיםחיטה מלאה,גרמים,100.00,100 גרם,false,0,10.50,10.50,true,1,
7290000077017,false,קרמוגית ממולא שוקו200.גר,אסם,IL,קרמוגית שוקולד,גרמים,200.00,100 גרם,false,0,10.90,5.45,true,1,
7290000077253,false,לחמית כפרית 190 גרם,אסם,IL,לחמית כפרית,גרמים,190.00,100 גרם,false,0,9.00,4.74,true,1,
7290000078212,false,קרוטונים מתובלים 250גרם,עינת,IL,קרוטונים מתובל,גרמים,250.00,100 גרם,false,0,13.90,5.56,true,1,
7290000078762,false,חטיפי פריכונים עם דבש80ג,הרטו,BE,חטיפי פריכונים,גרמים,80.00,100 גרם,false,0,7.30,9.13,true,1,
7290000080505,false,סלט טורקי רפי כהן 400 גר,צבר,IL,סלט טורקי,גרמים,400.00,100 גרם,false,0,15.90,3.98,true,1,
7290000080512,false,"סלט תפו""א ר.כהן כשל""פ400",צבר,IL,"סלט תפו""א",גרמים,400.00,100 גרם,false,0,15.90,3.98,true,1,
7290000080536,false,חציל טעם כבד רפי כהן400ג,צבר,IL,חציל טעם כבד תבר,גרמים,400.00,100 גרם,false,0,15.90,3.98,true,1,
7290000080758,false,טוסטעים פת קלויה 100 גרם,ון דר מולן,NL,טוסטעים פת קלוי,גרמים,100.00,100 גרם,false,0,10.50,10.50,true,1,
7290000081168,false,חטיף צ'יפסי מלוח 50 גרם,אסם,IL,חטיף צ'יפסי,גרמים,50.00,100 גרם,false,0,3.40,6.80,true,1,
7290000081663,false,בייגלה טבעות שומשום300גר,אסם,IL,בייגלה טבעות,גרמים,300.00,100 גרם,false,0,9.90,3.30,true,1,
7290000090030,true,מאפה נפולאון מחיר לפי מש,גידרון,IL,מאפה נפוליאון,קילוגרמים,0.00,"ק""ג",true,0,42.00,42.00,true,1,
7290000090504,true,מאפה צרפתי+גב.במשקל חלבי,גידרון,IL,מאפה צרפתי+גבי,קילוגרמים,0.00,"ק""ג",true,0,42.00,42.00,true,1,
7290000090627,true,לחמניה מתוקה,גידרון,IL,לחמניה מתוקה,יחידה,1.00,יחידה,false,0,2.00,2.00,true,1,
7290000090856,true,בייגל אמריקאי עם בצל,גידרון,IL,בייגל אמריקאי,יחידה,1.00,יחידה,false,0,3.90,3.90,true,1,
7290000091808,true,בייגל שמינייה,גידרון,IL,בייגל שמינייה,יחידה,1.00,יחידה,false,0,3.90,3.90,true,1,
7290000092218,true,"כיס תפו""ע מחיר לפי משקל",גידרון,IL,"מאפה כיס תפו""ע",קילוגרמים,0.00,"ק""ג",true,0,42.00,42.00,true,1,
7290000092249,true,כיס אוכמניות לפי משקל,גידרון,IL,מאפה כיס אכמני,קילוגרמים,0.00,"ק""ג",true,0,42.00,42.00,true,1,
7290000092614,true,טורקי פטריות במשקל,גידרון,IL,טורקי פטריות,קילוגרמים,0.00,"ק""ג",true,0,40.00,40.00,true,1,
7290000093307,true,חטיף קשקבל חלבי במשקל,גידרון,IL,חטיף קשקבל במש,קילוגרמים,0.00,"ק""ג",true,0,40.00,40.00,true,1,
7290000094083,true,לחמניה גידרול,גידרון,IL,לחמניה גידרול,יחידה,1.00,יחידה,false,0,4.50,4.50,true,1,
7290000094373,true,לחם חצי ג'בטה כפרי,גידרון,IL,לחם חצי ג'בטה,יחידה,1.00,יחידה,false,0,3.90,3.90,true,1,
7290000094663,true,לחמניה גידרול כפרי,גידרון,IL,לחמניה גידרול,יחידה,1.00,יחידה,false,0,4.50,4.50,true,1,
7290000096018,true,שנייק קינמון במשקל,גידרון,IL,שנייק קינמון,קילוגרמים,0.00,"ק""ג",true,0,42.00,42.00,true,1,
7290000096032,true,חצי בגט,גידרון,IL,חצי בגט,יחידה,1.00,יחידה,false,0,2.90,2.90,true,1,
7290000096445,true,אוזני המן שוקולד במשקל,גידרון,IL,אוזני המן שוקולד,קילוגרמים,0.00,"ק""ג",true,0,39.00,39.00,true,1,
7290000096452,true,אוזני המן אגוזים במשקל,גידרון,IL,אוזני המן אגוזים,קילוגרמים,0.00,"ק""ג",true,0,39.00,39.00,true,1,
7290000096476,true,אוזני המן פרג במשקל,גידרון,IL,אוזני המן פרג,קילוגרמים,0.00,"ק""ג",true,0,39.00,39.00,true,1,
7290000096513,true,אוזני המן תמרים במשקל,גידרון,IL,אוזני המן תמרים,קילוגרמים,0.00,"ק""ג",true,0,39.00,39.00,true,1,
7290000096520,true,"בורקס טורקי תפו""א במשקל",גידרון,IL,בורקס טורקי תפ,קילוגרמים,0.00,"ק""ג",true,0,40.00,40.00,true,1,
7290000096919,true,טורקי גבינה במשקל,גידרון,IL,טורקי גבינה,קילוגרמים,0.00,"ק""ג",true,0,40.00,40.00,true,1,
7290000097237,true,בגט 280 גרם,גידרון,IL,בגט גדרון,יחידה,1.00,יחידה,false,0,4.00,4.00,true,1,
7290000097282,true,קרואסון שוקולד 1 יח,גידרון,IL,קרואסון שוקולד,יחידה,1.00,יחידה,false,0,5.30,5.30,true,1,
7290000097596,true,לחמנית 1/3 באגט,גידרון,IL,לחמנית בגט,יחידה,1.00,יחידה,false,0,2.70,2.70,true,1,
7290000097633,true,לחמניית קשר,גידרון,IL,לחמניית קשר,יחידה,1.00,יחידה,false,0,2.90,2.90,true,1,
7290000097657,true,לחמניית חלה,גידרון,IL,לחמניית חלה,יחידה,1.00,יחידה,false,0,3.90,3.90,true,1,
7290000098289,true,בייגלה,גידרון,IL,בייגלה,יחידה,1.00,יחידה,false,0,3.90,3.90,true,1,
7290000098296,true,לחמניית אצבע,גידרון,IL,לחמניית אצבע,יחידה,1.00,יחידה,false,0,2.00,2.00,true,1,
7290000099248,true,בורקס גבינה במשקל,גידרון,IL,בורקס גבינה,קילוגרמים,0.00,"ק""ג",true,0,32.00,32.00,true,1,
7290000099255,true,בורקס תפוח אדמה מחיר לקג,גידרון,IL,בורקס תפוח אדמה מחיר לקג,קילוגרמים,0.00,"ק""ג",true,0,32.00,32.00,true,1,
7290000099262,true,בורקס גדול טעם גבינה 1יח,גידרון,IL,בורקס גבינה גד,יחידה,1.00,יחידה,false,0,5.70,5.70,true,1,
7290000099385,true,גביניות במשקל,גידרון,IL,גביניות,קילוגרמים,0.00,"ק""ג",true,0,33.00,33.00,true,1,
7290000099392,true,מאפה פרג במשקל,גידרון,IL,מאפה פרג,קילוגרמים,0.00,"ק""ג",true,0,42.00,42.00,true,1,
7290000099415,true,רוגלך במשקל,גידרון,IL,רוגלך,קילוגרמים,0.00,"ק""ג",true,0,33.00,33.00,true,1,
7290000099439,true,קרואסון קטן במשקל,גידרון,IL,קרואסון קטן במשקל,קילוגרמים,0.00,"ק""ג",true,0,33.00,33.00,true,1,
7290000099460,true,קרואסון ט.חמאה פרווה,גידרון,IL,קרואסון טעם חמאה,יחידה,1.00,יחידה,false,0,5.30,5.30,true,1,
7290000099477,true,קרואסון ביס שוקולד במשקל,גידרון,IL,קרואסון שוקולד,קילוגרמים,0.00,"ק""ג",true,0,33.00,33.00,true,1,
7290000099491,true,"מאפה תפו""ע קטן לפי משקל",גידרון,IL,מאפה תפוח-עץ,קילוגרמים,0.00,"ק""ג",true,0,42.00,42.00,true,1,
7290000099545,true,מאפה גבינת בוקר 1 יח',גידרון,IL,מאפה גבינת בוק,יחידה,1.00,יחידה,false,0,5.30,5.30,true,1,
7290000099835,true,קוקיס שוקולד חלב במשקל,גידרון,IL,קוקיס שוקולד,קילוגרמים,0.00,"ק""ג",true,0,51.00,51.00,true,1,
7290000099927,true,בורקיטס במשקל,גידרון,IL,בורקיטס,קילוגרמים,0.00,"ק""ג",true,0,32.00,32.00,true,1,
7290000103341,false,מרק עגבניות 644גרם,סנפרוסט,IL,מרק עגבניות,גרמים,644.00,100 גרם,false,0,17.90,2.78,true,1,
7290000103730,false,לקט להקפצה פסטה פוזילי,סנפרוסט,IL,לקט להקפצה,גרמים,800.00,100 גרם,false,0,24.50,3.06,true,1,
7290000103808,false,לקט להקפצה סיני 800גרם,סנפרוסט,IL,לקט להקפצה סיני 800גרם,גרמים,800.00,100 גרם,false,0,23.70,2.96,true,1,
7290000103822,false,לקט לעוף 800גרם,סנפרוסט,IL,לקט לעוף 800גרם,גרמים,800.00,100 גרם,false,0,23.00,2.88,true,1,
7290000104072,false,עדשים ירוקות מבושלות 800,סנפרוסט,IL,עדשים ירוקות מבושלות 800,גרמים,800.00,100 גרם,false,0,18.70,2.34,true,1,
7290000104201,false,אפונה עדינה 600 גרם,סנפרוסט,IL,אפונה עדינה 600 גרם,גרמים,600.00,100 גרם,false,0,17.90,2.98,true,1,
7290000104218,false,במיה מוקפאת 600 גרם,סנפרוסט,IL,במיה מוקפאת,גרמים,600.00,100 גרם,false,0,15.80,2.63,true,1,
7290000104676,false,אפונה ירוקה מוקפאת 800גר,סנפרוסט,IL,אפונה ירוקה מוקפאת 800גר,גרמים,800.00,100 גרם,false,0,18.90,2.36,true,1,
7290000104683,false,שעועית שלמה מוקפאת 800 ג,סנפרוסט,IL,שעועית שלמה מוקפאת 800 ג,גרמים,800.00,100 גרם,false,0,19.90,2.49,true,1,
7290000104690,false,תירס גרעינים מוקפא 800 ג,סנפרוסט,IL,גרעיני תירס קפוא,גרמים,800.00,100 גרם,false,0,17.90,2.24,true,1,
7290000104720,false,שעועית ירוקה חתוכה 800 ג,סנפרוסט,IL,שעועית ירוקה חתוכה 800 ג,גרמים,800.00,100 גרם,false,0,18.70,2.34,true,1,
7290000104751,false,כרוב ניצנים מוקפא 800 גר,סנפרוסט,IL,כרוב ניצנים קפוא,גרמים,800.00,100 גרם,false,0,23.90,2.99,true,1,
7290000104799,false,שעועית לבנה מבושלת 800גר,סנפרוסט,IL,שעועית לבנה,גרמים,800.00,100 גרם,false,0,19.80,2.48,true,1,
7290000104805,false,גרגרי חומוס מבושל 800גרם,סנפרוסט,IL,גרגרי חומוס מבושל 800גרם,גרמים,800.00,100 גרם,false,0,19.70,2.46,true,1,
7290000104829,false,"קלחוני תירס 1 ק""ג",סנפרוסט,IL,"קלחוני תירס 1 ק""ג",קילוגרמים,1.00,"ק""ג",false,0,19.70,19.70,true,1,
7290000104836,false,שעועית עדינה שלמה 600גרם,סנפרוסט,IL,שעועית שלמה קפוא,גרמים,600.00,100 גרם,false,0,22.90,3.82,true,1,
7290000104911,false,לקט נורמנדי 800 גרם,סנפרוסט,IL,לקט נורמנדי קפוא,גרמים,800.00,100 גרם,false,0,22.70,2.84,true,1,
7290000107295,false,תפרחות ברוקולי 800 גרם,סנפרוסט,IL,ברוקולי מוקפא,גרמים,800.00,100 גרם,false,0,25.90,3.24,true,1,
7290000107691,false,פול ירוק 500 גרם,סנפרוסט,IL,פול ירוק 500גרם,גרמים,500.00,100 גרם,false,0,12.90,2.58,true,1,
7290000110059,false,מרגרינה בלי מלח 200 גרם,יוניליוור,IL,מרגרינה בלו-בנד,גרמים,200.00,100 גרם,false,0,4.50,2.25,true,1,
7290000110073,false,מרגרינה בטעם חמאה 200גר,יוניליוור,IL,מחמאה מרגרינה,גרמים,200.00,100 גרם,false,0,4.80,2.40,true,1,
7290000110844,false,כיפלי גריל 70 גרם,יוניליוור,IL,כיפלי בטעם גריל,גרמים,60.00,100 גרם,false,0,5.60,9.33,true,1,
7290000110851,false,כיפלי בצל 70 גרם,יוניליוור,IL,כיפלי בטעם בצל,גרמים,70.00,100 גרם,false,0,5.60,8.00,true,1,
7290000111063,false,מיונז תלמה אמיתי250 גרם,יוניליוור,IL,מיונז אמיתי תלמה,גרמים,250.00,100 גרם,false,0,6.40,2.56,true,1,
7290000111186,false,מיונז תלמה אמיתי 500 גרם,יוניליוור,IL,מיונז אמיתי,גרמים,500.00,100 גרם,false,0,9.50,1.90,true,1,
7290000111353,false,"מיונז אמיתי תלמה 1 ק""ג",יוניליוור,IL,מיונז אמיתי תלמה,קילוגרמים,1.00,"ק""ג",false,0,15.90,15.90,true,1,
7290000111360,false,חרדל אמיתי תלמה 250 גרם,יוניליוור,IL,חרדל אמיתי תלמה,גרמים,250.00,100 גרם,false,0,5.90,2.36,true,1,
7290000111384,false,חרדל אמיתי תלמה 550 גרם,יוניליוור,IL,חרדל אמיתי תלמה,גרמים,550.00,100 גרם,false,0,8.40,1.53,true,1,
7290000112220,false,טחינה גולמית 100% 500 גר,רושדי תעשיות מזון,IL,טחינה גולמית,גרמים,500.00,100 גרם,false,0,14.90,2.98,true,1,
7290000112497,false,מ.עשיר עוף איטר.קנור68גר,יוניליוור,IL,מרק עוף איטריות,גרמים,68.00,100 גרם,false,0,8.00,11.76,true,1,
7290000112503,false,מרק עשיר ירקות קנור 61גר,יוניליוור,IL,מרק ירקות קנור,גרמים,61.00,100 גרם,false,0,8.00,13.11,true,1,
7290000112770,false,מרק עשיר אפונה קנור117גר,יוניליוור,IL,מרק אפונה קנור,גרמים,117.00,100 גרם,false,0,8.00,6.84,true,1,
7290000113180,false,"כיפלי צ'יפס בד""צ 50 גרם",יוניליוור,IL,כיפלי צ'יפסים,גרמים,50.00,100 גרם,false,0,5.60,11.20,true,1,
7290000113203,false,"כיפלי צ'יפס קטשופ בד""צ50",יוניליוור,IL,כיפלי צ'יפס,גרמים,50.00,100 גרם,false,0,5.60,11.20,true,1,
7290000113654,false,נמס בכוס לייט ירקות17*2ג,יוניליוור,IL,נמס בכוס לייט,גרמים,34.00,100 גרם,false,0,6.90,20.29,true,1,
7290000114118,false,סובין שבולת שועל 400 גרם,יוניליוור,IL,סובין שבולת שועל,גרמים,400.00,100 גרם,false,0,21.90,5.48,true,1,
7290000114897,false,קורנפלקס 750 גרם,יוניליוור,IL,קורנפלקס תלמה,גרמים,750.00,100 גרם,false,0,14.90,1.99,true,1,
7290000116136,false,דאב קרם ידיים עור יבש100,יוניליוור,IL,דאב קרם ידיים,מיליליטרים,100.00,"100 מ""ל",false,0,10.80,10.80,true,1,
7290000116204,false,מרק דגש טעם עוף שקית 1קג,יוניליוור,IL,מרק דגש טעם עוף,קילוגרמים,1.00,"ק""ג",false,0,14.90,14.90,true,1,
7290000116884,false,"רוטב ברביקיו קנור 300מ""ל",יוניליוור,IL,רוטב ברביקיו,מיליליטרים,300.00,"100 מ""ל",false,0,10.80,3.60,true,1,
7290000116921,false,רוטב צ'ילי מתוק קנור300מ,יוניליוור,IL,רוטב צ'ילי מתוק,מיליליטרים,300.00,"100 מ""ל",false,0,10.80,3.60,true,1,
7290000116945,false,"רוטב סויה קנור 300 מ""ל",יוניליוור,IL,רוטב סויה קלאסי,מיליליטרים,300.00,"100 מ""ל",false,0,10.90,3.63,true,1,
7290000117386,false,מארז 8 חטיפי דגנים שוגי,יוניליוור,IL,חטיפי דגנים 8 יח,גרמים,208.00,100 גרם,false,0,14.90,7.16,true,1,
7290000117430,false,חטיפי דגנים קוקומן 21X8ג,יוניליוור,IL,חטיפי דגנים 8 יח,גרמים,168.00,100 גרם,false,0,14.90,8.87,true,1,
7290000117720,false,מרק נמס בכוס פטריות 43גר,יוניליוור,IL,מרק נמס בכוס,גרמים,43.00,100 גרם,false,0,6.90,16.05,true,1,
7290000118277,false,קניידלך כופתאות מצה65*2ג,יוניליוור,IL,אבקה לקניידלך,גרמים,130.00,100 גרם,false,0,9.80,7.54,true,1,
7290000120836,false,מיונז הלמנס 394 גרם,יוניליוור,US,מיונז הלמנס,גרמים,394.00,100 גרם,false,0,9.90,2.51,true,1,
7290000121055,false,גבינת טעם טוב מותכת 7%,,IL,גבינת טעם טוב מותכת 7%,גרמים,100.00,100 גרם,false,0,9.80,9.80,true,1,
7290000121147,false,גבינת מון בלאן פיקנטי120,נטו,IL,גבינת מון בלאן,גרמים,120.00,100 גרם,false,0,10.00,8.33,true,1,
7290000121239,false,מיוקל5% ללא כולסטרול500ג,יוניליוור,IL,מיוקל 5% שומן,גרמים,500.00,100 גרם,false,0,12.90,2.58,true,1,
7290000121376,false,קונפ778.אוכמניות לייט300,יוניליוור,IL,קונפיטורה 778,גרמים,300.00,100 גרם,false,0,11.70,3.90,true,1,
7290000122700,false,סירופ מייפל 600 גרם,יוניליוור,IL,סירופ מייפל,גרמים,600.00,100 גרם,false,0,13.10,2.18,true,1,
7290000123158,false,מזולה טעם חמאה 250 גרם,יוניליוור,IL,מזולה טעם חמאה,גרמים,250.00,100 גרם,false,0,10.40,4.16,true,1,
7290000123172,false,מזולה בגביע טעם טבעי250ג,יוניליוור,IL,מזולה בגביע,גרמים,250.00,100 גרם,false,0,9.20,3.68,true,1,
7290000123257,false,מזולה לייט+שמן זית 250גר,יוניליוור,IL,מזולה לייט,גרמים,250.00,100 גרם,false,0,10.40,4.16,true,1,
7290000129099,false,תיבוליות עשבי תיבול 72גר,יוניליוור,IL,תיבוליות,גרמים,72.00,100 גרם,false,0,7.90,10.97,true,1,
7290000129457,false,רוטב פטריות 28 גרם,יוניליוור,IL,רוטב פטריות,גרמים,28.00,100 גרם,false,0,3.90,13.93,true,1,
7290000130248,false,קמח מצה חמץ 500 גרם,מצות אביב,IL,קמח מצה חמץ,גרמים,500.00,100 גרם,false,0,6.40,1.28,true,1,
7290000133645,false,מ.ש.אורביטול סודה145*3ג,קוסמופארם,,משחת שיניים 3 יח,גרמים,435.00,100 גרם,false,0,17.70,4.07,true,1,
7290000133904,false,דואו פרש פסיפלור.תפוז300,סנו,IL,סנו דואו פרש,מיליליטרים,300.00,"100 מ""ל",false,0,10.00,3.33,true,1,
7290000134550,false,עלי דפנה 20 גרם בשקית,תבליני טעם וריח,IL,עלי דפנה בשקית,גרמים,20.00,100 גרם,false,0,8.80,44.00,true,1,
7290000134840,false,כורכום טחון 100 גרם,תבליני טעם וריח,IL,כורכום טחון,גרמים,100.00,100 גרם,false,0,10.80,10.80,true,1,
7290000134994,false,טימין 20 גרם,תבליני טעם וריח,IL,טימין,גרמים,20.00,100 גרם,false,0,6.80,34.00,true,1,
7290000136721,false,ג'אמפ תפוזים 1.5 ליטר,טמפו,IL,ג'אמפ תפוזים,ליטרים,1.50,ליטר,false,0,5.90,3.93,true,1,
7290000136745,false,ג'אמפ תות בננה 1.5 ליטר,טמפו,IL,ג'אמפ תות בננה,ליטרים,1.50,ליטר,false,0,5.90,3.93,true,1,
7290000139180,false,שלווה בשקית,,IL,שלווה בשקית,גרמים,140.00,100 גרם,false,0,8.30,5.93,true,1,
7290000139227,false,דגן תפוח ממותק,,IL,דגן תפוח ממותק,גרמים,150.00,100 גרם,false,0,8.30,5.53,true,1,
7290000143279,false,"הוואי שמפו אדום 700 מ""ל",טרופיקל דגיל,IL,"הוואי שמפו אדום 700 מ""ל",מיליליטרים,700.00,"100 מ""ל",false,0,9.90,1.41,true,1,
7290000143286,false,"הוואי מרכך ירוק 700 מ""ל",טרופיקל דגיל,IL,"הוואי מרכך ירוק 700 מ""ל",מיליליטרים,700.00,"100 מ""ל",false,0,9.90,1.41,true,1,
7290000144467,false,שמן חמניות+נוגדי חמצון1ל,שמן תעשיות,IL,שמן חמניות,ליטרים,1.00,ליטר,false,0,16.40,16.40,true,1,
7290000144474,false,שמן קנולה מועשר 1 ליטר,שמן תעשיות,IL,שמן קנולה מועשר 1 ליטר,ליטרים,1.00,ליטר,false,0,15.00,15.00,true,1,
7290000146508,false,סבון הוואי מסתורי 100 גר,טרופיקל דגיל,IL,סבון הוואי מסתורי 100 גר,גרמים,100.00,100 גרם,false,0,5.00,5.00,true,1,
7290000146645,false,סבון הוואי שחור 100*4גרם,טרופיקל דגיל,IL,סבון הוואי 4 יח,גרמים,400.00,100 גרם,false,0,11.90,2.98,true,1,
7290000146652,false,סבון הוואי ורוד 100*4גרם,טרופיקל דגיל,IL,סבון הוואי 4 יח,גרמים,400.00,100 גרם,false,0,11.90,2.98,true,1,
7290000146676,false,סבון הוואי לגבר 100*4גרם,טרופיקל דגיל,PL,סבון הוואי 4 יח,גרמים,400.00,100 גרם,false,0,11.90,2.98,true,1,
7290000146706,false,סבון הוואי ירוק 100*4 גר,טרופיקל דגיל,IL,סבון הוואי 4 יח,גרמים,400.00,100 גרם,false,0,11.90,2.98,true,1,
7290000148298,false,מיץ תפוזים 100%טבעי 2 לי,פריגת,IL,מיץ תפוזים 100%טבעי 2 לי,ליטרים,2.00,ליטר,false,0,20.90,10.45,true,1,
7290000149615,false,סבון נקה 7 לתינוק 100X4ג,נקה,IL,סבון נקה 4X 7,גרמים,400.00,100 גרם,false,0,11.90,2.98,true,1,
7290000149851,false,סינטבון כפול לנקיון 460ג,נקה,IL,סינטבון נקה כפול,גרמים,460.00,100 גרם,false,0,9.60,2.09,true,1,
7290000149905,false,טקסטיל נוזל לכביסה 1ליטר,נקה,IL,נוזל כביס טקסטיל,ליטרים,1.00,ליטר,false,0,14.10,14.10,true,1,
7290000150925,false,נקניק סלמי ירדן 600 גרם,עוף טוב,IL,נקניק סלמי ירדן,גרמים,600.00,100 גרם,false,0,26.40,4.40,true,1,
7290000151601,false,פסטרמה בדבש 300 גרם,עוף טוב,IL,פסטרמה בדבש,גרמים,300.00,100 גרם,false,0,24.90,8.30,true,1,
7290000153292,false,פסטרמ.ברביקיו פרוס דק140,עוף טוב,IL,פסטרמה ברביקיו,גרמים,140.00,100 גרם,false,0,14.80,10.57,true,1,
7290000153445,false,קציצות בקר מתובלות 500גר,עוף טוב,IL,קציצות בקר,גרמים,500.00,100 גרם,false,0,28.90,5.78,true,1,
7290000156071,false,פסטרמה פולנית ארוזה 300ג,עוף טוב,IL,פסטרמה פולנית,גרמים,300.00,100 גרם,false,0,24.90,8.30,true,1,
7290000156545,false,פסטרמה מקסיקנית 300גרם,עוף טוב,IL,פסטרמה מקסיקנית,גרמים,300.00,100 גרם,false,0,24.90,8.30,true,1,
7290000158211,false,שניצל דק ענק 700גרם,עוף טוב,,שניצל דק ענק,גרמים,700.00,100 גרם,false,0,37.90,5.41,true,1,
7290000158235,false,שניצל ע.דק בציפוי 700גרם,עוף טוב,IL,שניצל דק בציפוי,גרמים,700.00,100 גרם,false,0,37.90,5.41,true,1,
7290000159515,false,קבנוס מופחת שומן 120גרם,עוף טוב,IL,קבנוס מופחת שומן,גרמים,120.00,100 גרם,false,0,10.90,9.08,true,1,
7290000160252,false,דאב תרחיץ פנים רגיל180מל,יוניליוור,IL,דאב תרחיץ פנים,מיליליטרים,180.00,"100 מ""ל",false,0,16.90,9.39,true,1,
7290000160450,false,עוף ולתנור צ'ילי מתוק63ג,יוניליוור,IL,עוף ולתנור,גרמים,63.00,100 גרם,false,0,6.30,10.00,true,1,
7290000160467,false,עוף ולתנור גריל 49 גרם,יוניליוור,IL,עוף ולתנור גריל,גרמים,49.00,100 גרם,false,0,6.30,12.86,true,1,
7290000162515,false,"קורנפלקס וניל בד""צ500גרם",יוניליוור,,קורנפלקס וניל,גרמים,500.00,100 גרם,false,0,19.50,3.90,true,1,
7290000162560,false,"קורנפלקס דבש בד""צ 500גרם",יוניליוור,,קורנפלקס דבש,גרמים,500.00,100 גרם,false,0,18.70,3.74,true,1,
7290000162805,false,בדין אקסטרה סגול חדש 960,יוניליוור,TR,מרכך בדין960מ,מיליליטרים,960.00,"100 מ""ל",false,0,18.90,1.97,true,1,
7290000165684,false,"שמפו שמן אבוקדו 700 מ""ל",יוניליוור,IL,שמפו שמן אבוקדו,מיליליטרים,700.00,"100 מ""ל",false,0,10.00,1.43,true,1,
7290000166148,false,דאב בייבי תחליב רחצה700מ,יוניליוור,IL,תחליב רחצה דאב,מיליליטרים,700.00,"100 מ""ל",false,0,19.00,2.71,true,1,
7290000166162,false,חט.מיקספלקס מריר תות6יח',גוצ'מולר,IL,חטיפי מיקספלקס,גרמים,132.00,100 גרם,false,0,18.20,13.79,true,1,
7290000166414,false,מזולה לאפיה ללא מלח200ג,יוניליוור,IL,מזולה ללא מלח,גרמים,200.00,100 גרם,false,0,6.20,3.10,true,1,
7290000166711,false,שוגי 20% פחות סוכר 500גר,יוניליוור,IL,שוגי מופחת סוכר,גרמים,500.00,100 גרם,false,0,15.90,3.18,true,1,
7290000168173,false,ברנפלקס קרנצ'ים 375 גרם,יוניליוור,IL,ברנפלקס קרנצ'ים,גרמים,375.00,100 גרם,false,0,21.90,5.84,true,1,
7290000168302,false,תחליב פינוק שמן מרוקא700,יוניליוור,IL,תחליב רחצה פינוק,מיליליטרים,700.00,"100 מ""ל",false,0,10.00,1.43,true,1,
7290000168418,false,רוטב סויה סיני 25% פחות,יוניליוור,IL,רוטב סויה סיני,מיליליטרים,300.00,"100 מ""ל",false,0,10.80,3.60,true,1,
7290000169521,false,נמס בכוס ירקות וקרוטונים,יוניליוור,IL,נמס בכוס,גרמים,56.00,100 גרם,false,0,6.90,12.32,true,1,
7290000169538,false,נמס בכוס עגבנ.וקרוטונים,יוניליוור,IL,נמס בכוס,גרמים,62.00,100 גרם,false,0,6.90,11.13,true,1,
7290000169712,false,קורנפלקס מלא 500 גרם,יוניליוור,IL,קורנפלקס מלא,גרמים,500.00,100 גרם,false,0,18.70,3.74,true,1,
7290000170053,false,שוקולד פרה חלב 100 גרם,עלית,IL,שוקולד פרה חלב,גרמים,100.00,100 גרם,false,0,5.50,5.50,true,1,
7290000170077,false,שוק.מריר 100 גרם,עלית,IL,שוקולד מריר,גרמים,100.00,100 גרם,false,0,5.50,5.50,true,1,
7290000171470,false,כיף כף 45 גרם,עלית,IL,כיף כף,גרמים,45.00,100 גרם,false,0,3.90,8.67,true,1,
7290000174044,false,"בפלות בטעם שוקולד 1 ק""ג",עלית,IL,בפלות טעם שוקולד,קילוגרמים,1.00,"ק""ג",false,0,18.40,18.40,true,1,
7290000174099,false,בפלות בטעם שוקולד 500 גר,עלית,IL,בפלות שוקולד,גרמים,500.00,100 גרם,false,0,12.40,2.48,true,1,
7290000174723,false,שוקולית בפחית עלית 500גר,עלית,IL,שוקולית,גרמים,500.00,100 גרם,false,0,12.90,2.58,true,1,
7290000176062,false,קפה טורקי בצלופן 100 גרם,עלית,IL,קפה טורקי בצלופן,גרמים,100.00,100 גרם,false,0,8.50,8.50,true,1,
7290000176079,false,קפה טורקי עם הל 100 גרם,עלית,IL,קפה טורקי עם הל,גרמים,100.00,100 גרם,false,0,8.60,8.60,true,1,
7290000176093,false,קפה אלדין טורקי ואקום200,עלית,IL,קפה טורקי אלדין,גרמים,200.00,100 גרם,false,0,17.90,8.95,true,1,
7290000176413,false,קפה נמס 50 גרם,עלית,IL,קפה נמס,גרמים,50.00,100 גרם,false,0,9.60,19.20,true,1,
7290000176420,false,קפה נמס 200 גרם,עלית,IL,קפה נמס,גרמים,200.00,100 גרם,false,0,19.90,9.95,true,1,
7290000177694,false,קפה טורקי ואקום 200 גרם,עלית,IL,קפה טורקי ואקום,גרמים,200.00,100 גרם,false,0,18.90,9.45,true,1,
7290000178660,false,בפלות מצופים שוקולד 500ג,עלית,IL,בפלות מצופים,גרמים,500.00,100 גרם,false,0,15.50,3.10,true,1,
7290000178707,false,תפוציפס מלוח 50 גרם,עלית,IL,חטיף תפוצ'יפס,גרמים,50.00,100 גרם,false,0,3.80,7.60,true,1,
7290000178721,false,תפוציפס מלוח 200 גרם,עלית,IL,חטיף תפוצ'יפס,גרמים,200.00,100 גרם,false,0,10.00,5.00,true,1,
7290000179445,false,בזוקה בשקית 180 גרם,עלית,IL,בזוקה בשקית,גרמים,180.00,100 גרם,false,0,6.90,3.83,true,1,
7290000180212,false,שוקולד מריר אגוז 100 גרם,עלית,IL,שוקולד מריר,גרמים,100.00,100 גרם,false,0,5.50,5.50,true,1,
7290000181103,false,ביסקויט בשוקולד חלב 200ג,עלית,IL,ביסקויט מצופה,גרמים,200.00,100 גרם,false,0,12.90,6.45,true,1,
7290000185224,false,סילאן בבקבוק לחיץ 650 גר,כינרת,IL,סילאן בקבוק לחיץ,גרמים,650.00,100 גרם,false,0,14.80,2.28,true,1,
7290000186733,false,מטלית חכמה ניקול,,IL,מטלית חכמה ניקול,יחידה,1.00,יחידה,false,0,9.70,9.70,true,1,
7290000187662,false,נייר טואלט לילי,,IL,נייר טואלט לילי,מטרים,662.00,מטר,false,0,43.30,0.07,true,1,
7290000187709,false,נ.טואלט לילי קלאסיק 48גל,חוגלה קימברלי,IL,נייר טואלט לילי,מטרים,883.00,100 מטר,false,0,51.90,5.88,true,1,
7290000187860,false,40מגבוני נייר טואלט לילי,חוגלה קימברלי,IL,מגבוני נ.טואלט,יחידה,1.00,יחידה,false,0,7.80,7.80,true,1,
7290000187938,false,נ.טואלט לילי פסטל 32 גלי,חוגלה קימברלי,IL,נייר טואלט,מטרים,588.00,100 מטר,false,0,36.90,6.28,true,1,
7290000187952,false,נ.ט.לילי טריו פרימיום32ג,חוגלה קימברלי,IL,נייר טואלט,מטרים,537.00,100 מטר,false,0,46.90,8.73,true,1,
7290000188270,false,קלינקס אולטרה סופט זוג,חוגלה קימברלי,IL,קלינקס אולטרה,יחידה,1.00,יחידה,false,0,14.80,14.80,true,1,
7290000188355,false,מגבות נייר ניקול 6גלילים,חוגלה קימברלי,IL,מגבות ניקול,מטרים,65.00,מטר,false,0,9.90,0.15,true,1,
7290000188553,false,60מגני תחתון קוטקס סילקN,חוגלה קימברלי,CN,מגן תחתון קוטקס,יחידה,1.00,יחידה,false,0,16.90,16.90,true,1,
7290000189079,false,תבניות אינגליש קייק 6יח',.,IL,תבניות אינגליש,יחידה,1.00,יחידה,false,0,9.90,9.90,true,1,
7290000189208,false,מטלית הקסם למשטחים 1 יח',חוגלה קימברלי,CN,מטלית הקסם,יחידה,1.00,יחידה,false,0,7.80,7.80,true,1,
7290000189215,false,מטלית הקסם לרצפה ניקול,חוגלה קימברלי,IL,מטלית רצפה ניקול,יחידה,1.00,יחידה,false,0,10.50,10.50,true,1,
7290000189444,false,מטליות לניקוי,,IL,מטליות לניקוי,יחידה,1.00,יחידה,false,0,13.00,13.00,true,1,
7290000189505,false,5 תבניות קרטון אינגליש,חוגלה קימברלי,IL,תבניות קרטון,יחידה,1.00,יחידה,false,0,9.90,9.90,true,1,
7290000189550,false,אשפתון מתכלה ניקול10*2יח,חוגלה קימברלי,IL,זוג אשפתון ענק,יחידה,1.00,יחידה,false,0,19.90,19.90,true,1,
7290000189598,false,"50 מטליות ניקול רב""ש",חוגלה קימברלי,IL,מטליות ניקול,יחידה,1.00,יחידה,false,0,10.00,10.00,true,1,
7290000189659,false,10מטליות רצפה לחות ניקול,חוגלה קימברלי,IL,מטליות רצפה לחות,יחידה,1.00,יחידה,false,0,10.00,10.00,true,1,
7290000189734,false,מטליות לחות לפרקט 10יח,חוגלה קימברלי,,מטליות לפרקט,יחידה,1.00,יחידה,false,0,18.40,18.40,true,1,
7290000189871,false,אשפתון מתכלה ניקול60יח,חוגלה קימברלי,IL,שק. אשפה מתכלות,יחידה,1.00,יחידה,false,0,19.90,19.90,true,1,
7290000190150,false,מפיות תלת שכבתי מודפס 20,חוגלה קימברלי,IL,מפיות תלת שכבתי,יחידה,1.00,יחידה,false,0,8.90,8.90,true,1,
7290000190174,false,מפיות חד שכבתי זוג 85 יח,חוגלה קימברלי,IL,מפיות חד שכבתי,יחידה,1.00,יחידה,false,0,11.90,11.90,true,1,
7290000190198,false,מטליות ניקוי,,IL,מטליות ניקוי,יחידה,1.00,יחידה,false,0,10.90,10.90,true,1,
7290000190563,false,מפיות חד שכבתי מודפס זוג,חוגלה קימברלי,,מפיות ניקול זוג,יחידה,1.00,יחידה,false,0,11.90,11.90,true,1,
7290000191126,false,דיפנד תחבושות,,IL,דיפנד תחבושות,יחידה,1.00,יחידה,false,0,49.50,49.50,true,1,
7290000191539,false,לילי צבעוני 100*5 יחידות,חוגלה קימברלי,IL,מגבוני לילי 100,יחידה,1.00,יחידה,false,0,11.90,11.90,true,1,
7290000191546,false,לילי צבעוני 100*3 יחידות,חוגלה קימברלי,IL,לילי צבעוני100*3,יחידה,1.00,יחידה,false,0,9.70,9.70,true,1,
7290000191560,false,מגבות נייר 3 גל,,IL,מגבות נייר 3 גל,מטרים,65.00,מטר,false,0,12.80,0.20,true,1,
7290000191652,false,קלינקס מעוצב 90*3 יחידות,חוגלה קימברלי,,קלינקס מעוצב 3יח,יחידה,1.00,יחידה,false,0,10.80,10.80,true,1,
7290000191683,false,62האגיס פרידו.ג'ינס שלב3,,IL,62האגיס פרידו.ג'ינס שלב3,יחידה,1.00,יחידה,false,0,47.50,47.50,true,1,
7290000193014,false,פדים לילי אינטרלוד 50 יח,חוגלה קימברלי,IL,לילי פדים,יחידה,1.00,יחידה,false,0,9.90,9.90,true,1,
7290000193083,false,תחבושות נובה לי 28 יח',חוגלה קימברלי,IL,תחבושות נובה לי,יחידה,1.00,יחידה,false,0,9.70,9.70,true,1,
7290000193205,false,20 תחבושות לילי ללילה,חוגלה קימברלי,,תחבושות לילי,יחידה,1.00,יחידה,false,0,16.00,16.00,true,1,
7290000193472,false,60פדיות לילי נטורל נורמל,חוגלה קימברלי,IL,פדיות לילי,יחידה,1.00,יחידה,false,0,16.00,16.00,true,1,
7290000193618,false,62 פדיות נטורל LIGHT,חוגלה קימברלי,IL,פדיות לילי נטורל,יחידה,1.00,יחידה,false,0,16.00,16.00,true,1,
7290000193649,false,24 תחבושות לילי נורמל+,חוגלה קימברלי,IL,תחבושות לילי,יחידה,1.00,יחידה,false,0,16.00,16.00,true,1,
7290000193724,false,מגבת נייר ניקול לבנה 3 ג,חוגלה קימברלי,IL,מגבת נייר ניקול,מטרים,65.00,מטר,false,1,5.00,0.08,true,1,
7290000193953,false,תחבושות לילי נורמל24*2יח,חוגלה קימברלי,IL,זוג תחבושות לילי,יחידה,1.00,יחידה,false,0,26.80,26.80,true,1,
7290000194288,false,משטח החתלה 10 יחידות,חוגלה קימברלי,IL,משטח החתלה האגיס,יחידה,1.00,יחידה,false,0,19.90,19.90,true,1,
7290000194837,false,שקיות מזון,,IL,שקיות מזון,יחידה,1.00,יחידה,false,0,12.80,12.80,true,1,
7290000195513,false,מגב.טיטולים ל.בישום 72*5,חוגלה קימברלי,IL,5 מגבוני טיטולים,יחידה,1.00,יחידה,false,0,21.90,21.90,true,1,
7290000195537,false,מגב.האגיס ללא בישום 72*4,חוגלה קימברלי,IL,מגבוני האגיס 4יח,יחידה,1.00,יחידה,false,0,23.90,23.90,true,1,
7290000195544,false,מגב.האגיס בישום עדין72*4,חוגלה קימברלי,IL,מגבוני האגיס 4יח,יחידה,1.00,יחידה,false,0,23.90,23.90,true,1,
7290000195773,false,מגבוני האגיס אלוורה 72*4,חוגלה קימברלי,IL,מגבוני האגיס 4יח,יחידה,1.00,יחידה,false,0,23.90,23.90,true,1,
7290000196732,false,מכנסוני שקמה אובר נייטXL,חוגלה קימברלי,IL,מכנסוני שקמה,יחידה,1.00,יחידה,false,1,52.90,52.90,true,1,
7290000196763,false,השקית החזקה לאשפה 40יח,חוגלה קימברלי,,שקיות אשפה,יחידה,1.00,יחידה,false,0,25.90,25.90,true,1,
7290000197197,false,84 האגיס מגה פק שלב4,חוגלה קימברלי,IL,84 האגיס מגה פק שלב4,יחידה,1.00,יחידה,false,0,76.90,76.90,true,1,
7290000197210,false,76 האגיס מגה פק שלב+4,חוגלה קימברלי,IL,76 האגיס מגה פק שלב+4,יחידה,1.00,יחידה,false,0,76.90,76.90,true,1,
7290000197227,false,72 האגיס מגה פק שלב5,חוגלה קימברלי,IL,חיתולי האגיס,יחידה,1.00,יחידה,false,0,76.90,76.90,true,1,
7290000197425,false,האגיס פרידום דריי שלב 3,חוגלה קימברלי,IL,חיתולי האגיס,יחידה,1.00,יחידה,false,0,42.90,42.90,true,1,
7290000197432,false,סנדויצ'ון 150*2 יח,חוגלה קימברלי,IL,סנדוויצ'ון זוג,יחידה,1.00,יחידה,false,0,13.40,13.40,true,1,
7290000197463,false,42האגיס פרידום דרי שלב+4,חוגלה קימברלי,IL,חיתולי האגיס,יחידה,1.00,יחידה,false,0,42.90,42.90,true,1,
7290000197470,false,"שקיות רב""ש 250 שקיות",חוגלה קימברלי,IL,"שקיות רב""ש מארז",יחידה,1.00,יחידה,false,0,13.80,13.80,true,1,
7290000197654,false,ניקול50 אשפתון 70X90ענק,חוגלה קימברלי,IL,אשפתון ניקול,יחידה,1.00,יחידה,false,0,21.80,21.80,true,1,
7290000199313,false,קוטקס יאנג 28 יחידות,חוגלה קימברלי,IL,קוטקס תחבושות,יחידה,1.00,יחידה,false,0,16.90,16.90,true,1,
7290000200460,false,60 מגן תחתון קוטקס דקים,חוגלה קימברלי,CN,מגן תחתון קוטקס,יחידה,1.00,יחידה,false,0,16.10,16.10,true,1,
7290000201832,false,52טיטולים פרימיום שלב 3,חוגלה קימברלי,IL,טיטולים פרימיום,יחידה,1.00,יחידה,false,1,33.90,33.90,true,1,
7290000201863,false,36 טיטולים פרימיום שלב 5,חוגלה קימברלי,IL,טיטולים פרימיום,יחידה,1.00,יחידה,false,1,33.90,33.90,true,1,
7290000201870,false,34 טיטולים פרימיום שלב 6,חוגלה קימברלי,IL,טיטולים פרימיום,יחידה,1.00,יחידה,false,1,33.90,33.90,true,1,
7290000202495,false,סופגנים סופר פלוס שקמה L,חוגלה קימברלי,IL,סופגנים שקמה,יחידה,1.00,יחידה,false,0,52.90,52.90,true,1,
7290000203188,false,נייר טואלט לילי,,IL,נייר טואלט לילי,מטרים,588.00,100 מטר,false,0,38.80,6.60,true,1,
7290000204086,false,ניקול כרית קרצוף 3 יח,חוגלה קימברלי,IL,ניקול כרית קרצוף,יחידה,1.00,יחידה,false,0,10.00,10.00,true,1,
7290000204215,false,כריות יפניות ניקול 6יח',חוגלה קימברלי,IL,כריות יפניות,יחידה,1.00,יחידה,false,0,10.00,10.00,true,1,
7290000204253,false,9 מטליות רב שימושי.ניקול,חוגלה קימברלי,IL,מטליות ניקול,יחידה,1.00,יחידה,false,0,10.00,10.00,true,1,
7290000207063,false,רסק עגבניות פריכוז260גרם,זנלכל,IL,רסק עגבניות,גרמים,260.00,100 גרם,false,0,4.10,1.58,true,1,
7290000207162,false,רסק עגבניות 100 גרם,זנלכל,IL,רסק עגבניות,גרמים,100.00,100 גרם,false,0,1.90,1.90,true,1,
7290000208008,false,חריסה 570 גרם,זנלכל,IL,חריסה יכין,גרמים,570.00,100 גרם,false,0,6.80,1.19,true,1,
7290000208022,false,עגבניות מרוסקות 800 גרם,זנלכל,IL,עגבניות מרוסקות 800 גרם,גרמים,800.00,100 גרם,false,0,6.80,0.85,true,1,
7290000208077,false,אפונת גינה גדול יכין550ג,זנלכל,IL,אפונת גינה,גרמים,550.00,100 גרם,false,0,5.90,1.07,true,1,
7290000208114,false,אפונת גינה וגזר 550 גרם,זנלכל,IL,אפונת גינה וגז,גרמים,550.00,100 גרם,false,0,6.50,1.18,true,1,
7290000208145,false,תירס לייט יכין 550 גרם,זנלכל,IL,תירס לייט יכין,גרמים,550.00,100 גרם,false,0,5.90,1.07,true,1,
7290000208213,false,שעוע.אפויה+רוטב עגב580גר,זנלכל,IL,שעועית ברוטב,גרמים,580.00,100 גרם,false,0,6.60,1.14,true,1,
7290000208312,false,תירס ואקום 340 גרם יכין,זנלכל,IL,תירס ואקום,גרמים,340.00,100 גרם,false,0,5.40,1.59,true,1,
7290000208329,false,גרעיני תירס מתוק 550 גרם,זנלכל,IL,גרעיני תירס מתוק,גרמים,550.00,100 גרם,false,0,6.50,1.18,true,1,
7290000208336,false,רסק עגבניות יכין 260 גרם,זנלכל,IL,רסק עגבניות,גרמים,260.00,100 גרם,false,0,4.20,1.62,true,1,
7290000208428,false,חומוס שלם יכין 550 גרם,זנלכל,IL,חומוס שלם,גרמים,560.00,100 גרם,false,0,5.90,1.05,true,1,
7290000208855,false,רוטב פסטה 260 גרם,זנלכל,IL,רוטב פסטה,גרמים,260.00,100 גרם,false,0,4.70,1.81,true,1,
7290000208947,false,עגבניות מרוסקות 260 גרם,זנלכל,IL,עגבניות מרוסקות,גרמים,260.00,100 גרם,false,0,4.70,1.81,true,1,
7290000209579,false,סירופ דיאט אננס 1 ל'יכין,זנלכל,IL,סירופ אננס דיאט,ליטרים,1.00,ליטר,false,0,7.60,7.60,true,1,
7290000209722,false,ת.עגבניות פריכוז30%-28%,זנלכל,IL,תרכיז עגבניות,גרמים,580.00,100 גרם,false,0,7.50,1.29,true,1,
7290000209951,false,רוטב עגבניות לפיצה260גרם,זנלכל,IL,רוטב עגבניות,גרמים,260.00,100 גרם,false,0,4.70,1.81,true,1,
7290000211169,false,"אורז תאילנדי 1 ק""ג",סוגת,IL,"אורז תאילנדי 1 ק""ג",קילוגרמים,1.00,"ק""ג",false,0,5.00,5.00,true,1,
7290000211312,false,"אורז מלא ארוך ""סוגת"" 1קג",סוגת,IL,אורז מלא ארוך,קילוגרמים,1.00,"ק""ג",false,0,8.90,8.90,true,1,
7290000211374,false,"קמח חיטה מלא סוגת 1 ק""ג",סוגת,IL,קמח חיטה מלא,קילוגרמים,1.00,"ק""ג",false,0,7.80,7.80,true,1,
7290000211442,false,"אורז פרסי קלאסי 1ק""ג",סוגת,IL,אורז פרסי קלאסי,קילוגרמים,1.00,"ק""ג",false,0,8.50,8.50,true,1,
7290000211985,false,"אורז עגול 1 ק""ג",סוגת,IL,אורז עגול סוגת,קילוגרמים,1.00,"ק""ג",false,0,7.90,7.90,true,1,
7290000212401,false,מצופית 400 גרם,מנעמים,IL,מצופית 400 גרם,גרמים,400.00,100 גרם,false,0,8.30,2.08,true,1,
7290000212579,false,ופלים מצופים 20גר40Xיח',מנעמים,IL,ופלים מצופים,גרמים,800.00,100 גרם,false,0,15.70,1.96,true,1,
7290000214115,false,מרק עוף בצנצנת ויטה400גר,פרי גליל,IL,מרק עוף צנצנת,גרמים,400.00,100 גרם,false,0,9.90,2.48,true,1,
7290000238029,false,"בצק עלים 1 ק""ג","מעדנות בע""מ",IL,בצק עלים מרודד,קילוגרמים,1.00,"ק""ג",false,0,21.90,21.90,true,1,
7290000238036,false,מלווח מעדנות 700 גרם,"מעדנות בע""מ",IL,מלווח מעדנות 700 גרם,גרמים,700.00,100 גרם,false,0,16.90,2.41,true,1,
7290000238180,false,"בורקס תפו""א 800 גרם","מעדנות בע""מ",IL,"בורקס תפו""א קפוא",גרמים,800.00,100 גרם,false,0,19.70,2.46,true,1,
7290000244082,false,אלסבון הוואי כחול500*3מ,טרופיקל דגיל,IL,סב.נוזלי הוואי,ליטרים,1.50,ליטר,false,0,16.50,11.00,true,1,
7290000244143,false,קרם הוואי לאחר גילוח120ג,טרופיקל דגיל,IL,קרם הוואי לאחר גילוח120ג,גרמים,120.00,100 גרם,false,0,23.90,19.92,true,1,
7290000245294,false,א.כביסה פרסיל סופרה 2.5ק,הנקל סוד,IL,אבקת כביסה פרסיל,קילוגרמים,2.50,"ק""ג",false,0,24.90,9.96,true,1,
7290000245355,false,פרסיל ג'ל לכביסה כחול 3ל,הנקל סוד,IL,פרסיל ג'ל,ליטרים,3.00,ליטר,false,0,30.00,10.00,true,1,
7290000245546,false,סוד לכלים ירוק 750מל,הנקל סוד,IL,סוד לכלים,מיליליטרים,750.00,"100 מ""ל",false,0,7.60,1.01,true,1,
7290000245799,false,מרכך כביסה סוד כחול 4 ל',הנקל סוד,IL,מרכך כביסה סוד כחול 4 ל',ליטרים,4.00,ליטר,false,0,18.90,4.73,true,1,
7290000253251,false,שוקולד צ'יפס לבן 300 גרם,אופנהיימר,IL,שוקו צ'יפס לבן,גרמים,300.00,100 גרם,false,0,10.80,3.60,true,1,
7290000254807,false,צ'יטוס גבינה 100 גרם,עלית,IL,צ'יטוס גבינה,גרמים,100.00,100 גרם,false,0,6.40,6.40,true,1,
7290000260839,false,ספרינג משקה תפוזים 1.5ל',יפאורה שותפות מובגלת לשיווק,IL,ספרינג תפוזים,ליטרים,1.50,ליטר,false,0,6.20,4.13,true,1,
7290000260853,false,ספרינג משקה מנגו 1.5 ל',יפאורה שותפות מובגלת לשיווק,IL,ספרינג מנגו,ליטרים,1.50,ליטר,false,0,6.20,4.13,true,1,
7290000260860,false,ספרינג משקה אפרסק 1.5 ל',יפאורה שותפות מובגלת לשיווק,IL,ספרינג אפרסק,ליטרים,1.50,ליטר,false,0,6.20,4.13,true,1,
7290000260969,false,משקה ספרינג דיאט אשכו1.5,יפאורה שותפות מובגלת לשיווק,IL,ספרינג דיאט,ליטרים,1.50,ליטר,false,0,6.20,4.13,true,1,
7290000262239,false,נייר טואלט מולט 48גלילים,חוגלה קימברלי,,נייר טואלט מולט,מטרים,843.00,100 מטר,false,0,36.90,4.38,true,1,
7290000264752,false,זוג רדיד.אלומ.מעוצב7*0.3,חוגלה קימברלי,IL,רדיד אלומיניום2*,מטרים,15.00,מטר,false,1,10.00,0.67,true,1,
7290000267500,false,קליפות הדר בשוקולד200גרם,שקדיה,IL,קליפות הדר בשוק,גרמים,200.00,100 גרם,false,0,14.80,7.40,true,1,
7290000267616,false,צנובר 100גרם,שקדיה,IL,צנובר 100 גרם,גרמים,100.00,100 גרם,false,0,28.70,28.70,true,1,
7290000272436,false,סירופ לימון דיאט 1 ליטר,בית השיטה,IL,סירופ דיאט לימון,ליטרים,1.00,ליטר,false,0,10.40,10.40,true,1,
7290000272696,false,מיץ לימון משומר-עסיס 1ל',בית השיטה,IL,מיץ לימון משומר,ליטרים,1.00,ליטר,false,0,8.90,8.90,true,1,
7290000272726,false,חומץ 5% 1 ליטר,בית השיטה,IL,חומץ 5%,ליטרים,1.00,ליטר,false,0,6.70,6.70,true,1,
7290000275901,false,חומוסטחינה צנובר צבר400ג,צבר,IL,חומוסטחינה צנובר,גרמים,400.00,100 גרם,false,1,14.20,3.55,true,1,
7290000284316,false,קוקה קולה בקבוק 1.5 ליטר,החברה המרכזית לייצור משקאות,IL,קוקה קולה,ליטרים,1.50,ליטר,false,0,6.20,4.13,true,1,
7290000285849,false,שוופס מי סודה 1.5 ליטר,יפאורה שותפות מובגלת לשיווק,IL,שוופס מי סודה,ליטרים,1.50,ליטר,false,0,3.30,2.20,true,1,
7290000286228,false,סנו סושי 6 כריות יפניות,סנו,IL,ספוגי סנו סושי,יחידה,1.00,יחידה,false,0,10.00,10.00,true,1,
7290000286297,false,סנו אנטיקאלק מסיר אבן700,סנו,IL,סנו מסיר אבן,מיליליטרים,700.00,"100 מ""ל",false,0,7.90,1.13,true,1,
7290000286501,false,ספוג כיף מסאז' 1 יחידה,קוסמופארם,IL,ספוג כיף מסאז',יחידה,1.00,יחידה,false,0,14.00,14.00,true,1,
7290000286525,false,ספוג כיף רחצה פרינה 1 יח,קוסמופארם,IL,ספוג רחצה,יחידה,1.00,יחידה,false,0,11.90,11.90,true,1,
7290000286594,false,סנוX- לימון 600 גרם,סנו,IL,סנוX- קרם לניק,גרמים,600.00,100 גרם,false,0,9.90,1.65,true,1,
7290000286761,false,ניילון נצמד 30*2 מטר,סנו,IL,צמד ניילון נצמד,מטרים,60.00,מטר,false,0,9.90,0.17,true,1,
7290000287102,false,סנו שמפו לשטיחים 540 גרם,סנו,IL,סנו שמפו לשטיחים,גרמים,540.00,100 גרם,false,0,17.90,3.31,true,1,
7290000287485,false,סנובון לובר 3יחX' 55גרם,סנו,IL,סנובון לובר,גרמים,165.00,100 גרם,false,0,11.90,7.21,true,1,
7290000287621,false,סנו אנטי קאלק לאסלות750מ,סנו,IL,סנו מנקה אסלות,מיליליטרים,750.00,"100 מ""ל",false,0,12.80,1.71,true,1,
7290000288017,false,סנו ג'אוול לימון 1 ליטר,סנו,IL,סנו JAVEL,ליטרים,1.00,ליטר,false,0,7.70,7.70,true,1,
7290000288024,false,סנו ג'אוול לימון 4 ליטר,סנו,IL,סנו JAVEL אקונומ,ליטרים,4.00,ליטר,false,0,15.90,3.98,true,1,
7290000288031,false,סנו אקונמיקה 4 ליטר,סנו,IL,סנו אקונמיקה,ליטרים,4.00,ליטר,false,0,10.60,2.65,true,1,
7290000288048,false,סנו ג'אוול מרסס לבנדר 1ל,סנו,IL,סנו ג'אוול לבנדר,ליטרים,1.00,ליטר,false,0,10.00,10.00,true,1,
7290000288079,false,סנו ג'אוול לימון 2 ליטר,סנו,IL,סנו JAVEL מלבין,ליטרים,2.00,ליטר,false,0,11.80,5.90,true,1,
7290000288352,false,300-K קוטל חרק/.זוחל630מ,סנו,IL,300-K קוטל חרק,מיליליטרים,630.00,"100 מ""ל",false,0,19.90,3.16,true,1,
7290000288413,false,"סנו די כדורי 50 מ""ל",סנו,IL,סנו די כדורי,מיליליטרים,50.00,"100 מ""ל",false,0,17.70,35.40,true,1,
7290000288642,false,מרכך מקסימה סנסטיב 4 ל',סנו,IL,מרכך כביסה,ליטרים,4.00,ליטר,false,0,19.90,4.98,true,1,
7290000289472,false,סושי 50 שקיות אשפה HD,סנו,IL,50 שקיות אשפה,יחידה,1.00,יחידה,false,0,18.90,18.90,true,1,
7290000289601,false,סנו ג'אוול לבנדר 2 ליטר,סנו,IL,סנו ג'אוול לבנדר 2 ליטר,ליטרים,2.00,ליטר,false,0,11.80,5.90,true,1,
7290000289748,false,"סנו פורטה פלוס 750 מ""ל",סנו,IL,סנו פורטה פלוס,מיליליטרים,750.00,"100 מ""ל",false,0,10.00,1.33,true,1,
7290000289885,false,סנופרש ענק אושן כחול375מ,סנו,IL,מטהר סנופרש ענק,מיליליטרים,375.00,"100 מ""ל",false,0,9.80,2.61,true,1,
7290000292557,false,סנומט נוזלי45לילות-מילוי,סנו,IL,נוזל מילוי סנו,מיליליטרים,35.00,"100 מ""ל",false,0,16.90,48.29,true,1,
7290000292564,false,"2000-K אינסקטל 750 מ""ל",סנו,IL,סנו 2000-K תרסיס,מיליליטרים,750.00,"100 מ""ל",false,0,31.60,4.21,true,1,
7290000292687,false,סנובון כחול שלישיה55*3גר,סנו,IL,סנובון כחול 3 יח,גרמים,165.00,100 גרם,false,0,15.90,9.64,true,1,
7290000293561,false,"סנו מסיר עובש 750 מ""ל",סנו,IL,סנו מסיר עובש,מיליליטרים,750.00,"100 מ""ל",false,0,19.70,2.63,true,1,
7290000293943,false,סנו אנטי קאלק מרסס 1 ל',סנו,IL,סנו אנטי קאלק,ליטרים,1.00,ליטר,false,0,15.80,15.80,true,1,
7290000294391,false,סנו ג'ט לניקוי כללי 4ל,סנו,IL,סנו ג'ט,ליטרים,4.00,ליטר,false,0,15.00,3.75,true,1,
7290000294773,false,סנו ג'אוול לבנדר 4 ליטר,סנו,IL,סנו ג'אוול 4 ליט,ליטרים,4.00,ליטר,false,0,15.90,3.98,true,1,
7290000294780,false,סנו ג'אול אקונומ.סמיכה4ל,סנו,IL,סנו ג'אוול 4 ל,ליטרים,4.00,ליטר,false,0,15.90,3.98,true,1,
7290000295404,false,סושי60שקיות אשפה כחולות,סנו,IL,שקיות אשפה,יחידה,1.00,יחידה,false,0,21.60,21.60,true,1,
7290000295503,false,סושי זוג שקיות אוכל150*2,סנו,IL,שקיות אוכל צמד,יחידה,1.00,יחידה,false,0,12.90,12.90,true,1,
7290000295541,false,סנו סושי 75רב מגבת ג'מבו,סנו,IL,סנו סושי רב מגבת,מטרים,21.00,מטר,false,0,15.80,0.75,true,1,
7290000295558,false,2רדידי אלומיניום0.3*7.5מ,סנו,IL,צמד רדידי אלומינ,מטרים,15.00,מטר,false,0,10.00,0.67,true,1,
7290000295589,false,בייבי כיף טלק 200 גרם,קוסמופארם,IL,טלק בייבי כיף,גרמים,200.00,100 גרם,false,0,14.90,7.45,true,1,
7290000295749,false,ספוג כיף סאקי מסאז' 1 יח,קוסמופארם,IL,ספוג סאקי מסג',יחידה,1.00,יחידה,false,0,14.00,14.00,true,1,
7290000300139,false,המבורגר מן הצומח 750 גרם,טבעול,IL,המבורגר מן הצומח,גרמים,750.00,100 גרם,false,0,34.60,4.61,true,1,
7290000300689,false,שניצל ברוקולי 750 גרם,טבעול,IL,שניצל ברוקולי,גרמים,750.00,100 גרם,false,0,31.70,4.23,true,1,
7290000300924,false,שניצל תרד 750 גרם,טבעול,IL,שניצל תרד,גרמים,750.00,100 גרם,false,0,31.30,4.17,true,1,
7290000302027,false,טיים RED 10 יח',"דובק בע""מ",IL,טיים RED חבילה,יחידה,1.00,יחידה,false,0,264.90,264.90,false,1,
7290000302041,false,טיים RED 100 10 יח',"דובק בע""מ",IL,טיים 100 חבילה,יחידה,1.00,יחידה,false,0,264.90,264.90,false,1,
7290000302065,false,ברודווי 80 10 יח',"דובק בע""מ",IL,ברודווי 80,יחידה,1.00,יחידה,false,0,264.90,264.90,false,1,
7290000302102,false,מונטנה פילטר 10 יח',"דובק בע""מ",IL,מונטנה פילטר,יחידה,1.00,יחידה,false,0,274.90,274.90,false,1,
7290000302515,false,מוסטנג רד 10 יח',"דובק בע""מ",IL,מוסטנג רד,יחידה,1.00,יחידה,false,0,224.90,224.90,false,1,
7290000302621,false,טיים BLUE 100 10 יח',"דובק בע""מ",IL,טיים BLUE 100,יחידה,1.00,יחידה,false,0,264.90,264.90,false,1,
7290000302898,false,גולף סילבר 100 פ.ע 10 יח,"דובק בע""מ",,גולף סילבר חב,יחידה,1.00,יחידה,false,0,274.90,274.90,false,1,
7290000303598,false,שעועית אפויה+רוטב 570 גר,פרי גליל,IL,שעועית ברוטב,גרמים,570.00,100 גרם,false,0,8.20,1.44,true,1,
7290000303604,false,חומוס שלם 550 גרם,פרי גליל,IL,חומוס שלם,גרמים,550.00,100 גרם,false,0,6.20,1.13,true,1,
7290000304663,false,"סלט טונה פיקנטי""נון160""ג",סטארקיסט,IL,סלט טונה פיקנט,גרמים,160.00,100 גרם,false,0,6.80,4.25,true,1,
7290000305042,false,סרדין סטאר 2-5 120 גרם,.אל.גי.אם.סי,IL,סרדין סטאר,גרמים,120.00,100 גרם,false,0,6.00,5.00,true,1,
7290000305066,false,סרדין סטאר בשמן זית 120ג,.אל.גי.אם.סי,IL,סרדין סטאר,גרמים,120.00,100 גרם,false,0,6.40,5.33,true,1,
7290000305097,false,פילה סרדין בשמן סויה125ג,.אל.גי.אם.סי,IL,פילה סרדין,גרמים,125.00,100 גרם,false,0,8.30,6.64,true,1,
7290000305882,false,אס ירקות עם דגים+רוטב120,סטארקיסט,IL,אס דגים+ירקות,גרמים,120.00,100 גרם,false,0,5.60,4.67,true,1,
7290000307015,false,אפונת גינה גדולה 550 גר',פרי גליל,IL,אפונת גינה,גרמים,550.00,100 גרם,false,0,6.80,1.24,true,1,
7290000307046,false,אפונת גינה וגזר 550 גרם,פרי גליל,IL,אפונת גינה וגזר,גרמים,550.00,100 גרם,false,0,6.50,1.18,true,1,
7290000307220,false,גרעיני תירס ואקום 340 גר,פרי גליל,IL,גרעיני תירס,גרמים,340.00,100 גרם,false,0,6.20,1.82,true,1,
7290000307237,false,גרעיני תירס מתוק 550 גרם,פרי גליל,IL,גרעיני תירס,גרמים,550.00,100 גרם,false,0,6.40,1.16,true,1,
7290000307343,false,שעועית ירוקה חתוכה 550 ג,פרי גליל,IL,שעועית ירוקה,גרמים,550.00,100 גרם,false,0,6.90,1.25,true,1,
7290000309781,false,מברשת פלסטיק,המברשת רוחמה,IL,מברשת פלסטיק,יחידה,1.00,יחידה,false,0,10.40,10.40,true,1,
7290000311203,false,ופלים מן בטעם שוקולד200ג,רוקחמן,IL,ופלים טעם שוקולד,גרמים,200.00,100 גרם,false,0,4.40,2.20,true,1,
7290000311210,false,ופלים מן בטעם לימון 200ג,רוקחמן,IL,וופלים לימון,גרמים,200.00,100 גרם,false,0,4.40,2.20,true,1,
7290000311425,false,ופלים מצופים כחול 22*10ג,רוקחמן,IL,ופלים מצופים,גרמים,220.00,100 גרם,false,0,6.90,3.14,true,1,
7290000313184,false,עוג.גן חיות וניל 250 גרם,אסם,IL,עוגיות גן חיות,גרמים,250.00,100 גרם,false,0,7.60,3.04,true,1,
7290000315157,false,מיונז אמיתי לחיץ 385 גרם,בסט פודס,IL,מיונז אמיתי לחיץ,גרמים,385.00,100 גרם,false,0,14.80,3.84,true,1,
7290000315560,false,מיונז לחיץ לייט 385 גרם,בסט פודס,IL,מיונז לחיץ לייט,גרמים,385.00,100 גרם,false,0,14.80,3.84,true,1,
7290000316444,false,ברנפלקס ל.תוספת סוכר500ג,יוניליוור,IL,"ברנפלקס ללת""ס",גרמים,500.00,100 גרם,false,0,24.70,4.94,true,1,
7290000318080,false,פסטרמה של פעם 300 גרם,מעדני יחיעם,IL,פסטרמה של פעם,גרמים,300.00,100 גרם,false,0,25.90,8.63,true,1,
7290000318103,false,פסטרמה ברביקיו משקל,מעדני יחיעם,IL,פסטרמה ברביקיו משקל,קילוגרמים,0.00,"ק""ג",true,0,66.00,66.00,true,1,
7290000318127,false,"נקניקיות ""ביס"" 380 גרם",מעדני יחיעם,IL,"נקניקיות ""ביס""",גרמים,380.00,100 גרם,false,0,10.80,2.84,true,1,
7290000318479,false,פרושוטו עגל 100 גרם,מעדני יחיעם,IL,פרושוטו,גרמים,100.00,100 גרם,false,0,27.10,27.10,true,1,
7290000318677,false,סלמי סרוולט 150 גרם,מעדני יחיעם,IL,סלמי סרוולט,גרמים,150.00,100 גרם,false,0,21.70,14.47,true,1,
7290000318806,false,סלמי סרוולד אמיתי במשקל,מעדני יחיעם,IL,סלמי סרוולד אמיתי במשקל,קילוגרמים,0.00,"ק""ג",true,0,140.00,140.00,true,1,
7290000318868,false,סלמי פפרוני במשקל,מעדני יחיעם,IL,סלמי פפרוני במשקל,קילוגרמים,0.00,"ק""ג",true,0,66.00,66.00,true,1,
7290000318882,false,מעושן איטלקי במשקל,מעדני יחיעם,IL,מעושן איטלקי במשקל,קילוגרמים,0.00,"ק""ג",true,0,58.00,58.00,true,1,
7290000319131,false,נקניקיות עוף 400 גרם,מעדני יחיעם,IL,נקניקיות עוף,גרמים,400.00,100 גרם,false,0,11.40,2.85,true,1,
7290000327440,false,ג'אמפ מנגו פסיפלורה 1.5ל,טמפו,IL,ג'אמפ מנגו,ליטרים,1.50,ליטר,false,0,5.90,3.93,true,1,
7290000327532,false,פפסי קולה 1.5*6 ליטר,טמפו,IL,פפסי קולה 6 יח,ליטרים,9.00,ליטר,false,0,24.70,2.74,true,1,
7290000327624,false,מי סודה 1.5 ליטר,טמפו,IL,מי סודה,ליטרים,1.50,ליטר,false,0,3.20,2.13,true,1,
7290000327693,false,סודה פירות יער,,IL,סודה פירות יער,ליטרים,1.50,ליטר,false,0,4.00,2.67,true,1,
7290000327778,false,סודה בטעם אבטיח,,IL,סודה בטעם אבטיח,ליטרים,1.50,ליטר,false,0,4.00,2.67,true,1,
7290000334325,false,מארז ציפס למיקרו שלישיות,תפוגן,IL,ציפס למיקרו,גרמים,375.00,100 גרם,false,0,13.80,3.68,true,1,
7290000334431,false,שניצל תירס 750 גרם,תפוגן,IL,שניצל תירס 750 גרם,גרמים,750.00,100 גרם,false,0,19.70,2.63,true,1,
7290000336053,false,סיידר תרכיז טבעי בק330.מ,טמפו,IL,סיידר תרכיז טב,מיליליטרים,330.00,"100 מ""ל",false,0,10.00,3.03,true,1,
7290000339566,false,מרכך כביסה בדין ורוד 4 ל,יוניליוור,IL,מרכך כביסה בדין,ליטרים,4.00,ליטר,false,0,21.90,5.48,true,1,
7290000342856,false,מרכך כביסה בדין כחול 4 ל,יוניליוור,IL,מרכך כביסה בדין,ליטרים,4.00,ליטר,false,0,21.90,5.48,true,1,
7290000345048,false,תה ויסוצקי 74 - 125 גרם,ויסוצקי,IL,תה ויסוצקי 74 - 125 גרם,גרמים,125.00,100 גרם,false,0,12.90,10.32,true,1,
7290000345055,false,ארל גריי תה עלים 100 גרם,ויסוצקי,IL,ארל גריי תה עלים 100 גרם,גרמים,100.00,100 גרם,false,0,14.00,14.00,true,1,
7290000345116,false,תה ירוק עלים 125 גרם,ויסוצקי,IL,תה ירוק עלים,גרמים,125.00,100 גרם,false,0,14.40,11.52,true,1,
7290000345208,false,תה ויסוצקי 25שק* 1 גרם,ויסוצקי,IL,תה ויסוצקי מעודן,גרמים,25.00,100 גרם,false,0,6.40,25.60,true,1,
7290000345215,false,תה ויסוצקי כחול 100שק1*ג,ויסוצקי,IL,תה ויסוצקי כחול 100שק1*ג,גרמים,100.00,100 גרם,false,0,15.90,15.90,true,1,
7290000345260,false,תה ויסוצקי 25שק1.5*גרם,ויסוצקי,IL,תה ויסוצקי 25שק1.5*גרם,גרמים,37.00,100 גרם,false,0,6.90,18.65,true,1,
7290000345284,false,תה קלאסיק 100שק1.5*גרם,ויסוצקי,IL,תה ויסוצקי ירוק,גרמים,150.00,100 גרם,false,0,17.90,11.93,true,1,
7290000345307,false,תה ארל גריי 50 שק1.5*גרם,ויסוצקי,IL,תה ארל גריי 50שק,גרמים,75.00,100 גרם,false,0,29.90,39.87,true,1,
7290000345536,false,תה נענע 25 שקX. 1.5 גרם,ויסוצקי,IL,תה נענע 25 שקX. 1.5 גרם,גרמים,37.00,100 גרם,false,0,16.50,44.59,true,1,
7290000346120,false,חליטת קסם הקינמון2.5X25ג,ויסוצקי,IL,חליטת קינמון,גרמים,62.00,100 גרם,false,0,12.80,20.65,true,1,
7290000346144,false,חליטת עינוגי התפוח 3X25ג,ויסוצקי,IL,חליטת תפוחים,גרמים,67.00,100 גרם,false,0,12.80,19.10,true,1,
7290000346151,false,חליטת תות+ורד הבר2.7X25ג,ויסוצקי,IL,חליטת תות+ורד הבר2.7X25ג,גרמים,67.00,100 גרם,false,0,12.80,19.10,true,1,
7290000346168,false,חליטת שומר 25 שק1.5X'ג,ויסוצקי,IL,חליטת שומר,גרמים,37.00,100 גרם,false,0,12.80,34.59,true,1,
7290000346205,false,חל.קמומיל-גן קסום1.5ג25X,ויסוצקי,IL,חליטת קמומיל,גרמים,37.00,100 גרם,false,0,12.80,34.59,true,1,
7290000346229,false,חליטת ורד הבר והיביס4X25,ויסוצקי,IL,חליטת ורד הבר,גרמים,75.00,100 גרם,false,0,12.80,17.07,true,1,
7290000346960,false,תה נענע 50 שקיקים1.5Xגר,ויסוצקי,IL,תה נענע,גרמים,75.00,100 גרם,false,0,27.50,36.67,true,1,
7290000347738,false,תה ירוק עם נענע 25ש1.5Xג,ויסוצקי,IL,תה ירוק נענע,גרמים,37.00,100 גרם,false,0,25.90,70.00,true,1,
7290000355412,false,עגבנ.מרוסקות עם שום 800ג,מילוז,IL,עגבנ.מרוסקות עם שום 800ג,גרמים,800.00,100 גרם,false,0,7.30,0.91,true,1,
7290000356648,false,עגבנ.מרוסק.עם שום300X2ג,מילוז,IL,עגבנ.מרוסקות 2יח,גרמים,600.00,100 גרם,false,0,9.60,1.60,true,1,
7290000363011,false,נקניק קוניאק מובחר משקל,טירת צבי,IL,נקניק קוניאק,קילוגרמים,0.00,"ק""ג",true,0,72.00,72.00,true,1,
7290000363189,false,סלמי סרוולד משקל,טירת צבי,IL,סלמי סרוולד,קילוגרמים,0.00,"ק""ג",true,0,148.00,148.00,true,1,
7290000363462,false,מעושן איטלקי משקל,טירת צבי,IL,מעושן איטלקי,קילוגרמים,0.00,"ק""ג",true,0,72.00,72.00,true,1,
7290000363486,false,נקניק תה במשקל,טירת צבי,IL,נקניק תה,קילוגרמים,0.00,"ק""ג",true,0,52.00,52.00,true,1,
7290000364261,false,סלסולי כתף בקר 120 גרם,טירת צבי,IL,דקניקים כתף בקר,גרמים,120.00,100 גרם,false,0,15.30,12.75,true,1,
7290000364292,false,סלסולי פסטרמה גחלים 120ג,טירת צבי,IL,דקמיקים פסטרמה,גרמים,120.00,100 גרם,false,0,15.30,12.75,true,1,
7290000364759,false,נקניקיות קרנץ וינר 500גר,טירת צבי,IL,נקניקיות וינר,גרמים,500.00,100 גרם,false,0,14.20,2.84,true,1,
7290000364773,false,נקניקיות עוף תפזורת משקל,טירת צבי,IL,נקניקיות עוף,קילוגרמים,0.00,"ק""ג",true,0,23.90,23.90,true,1,
7290000364810,false,נקניקיות עגל 500 גרם,טירת צבי,IL,נקניקיות עגל,גרמים,500.00,100 גרם,false,0,26.90,5.38,true,1,
7290000364858,false,"נקניקיות עוף בואקום 1ק""ג",טירת צבי,IL,נקניקיות עוף,קילוגרמים,1.00,"ק""ג",false,0,29.90,29.90,true,1,
7290000364872,false,נקניקיות עוף 400 גרם,טירת צבי,IL,נקניקיות עוף,גרמים,400.00,100 גרם,false,0,14.10,3.53,true,1,
7290000365046,false,כתף בקר מעושן במשקל,טירת צבי,IL,כתף בקר מעושן,קילוגרמים,0.00,"ק""ג",true,0,98.00,98.00,true,1,
7290000365107,false,כתף מפולפל משקל,טירת צבי,IL,כתף מפולפל,קילוגרמים,0.00,"ק""ג",true,0,98.00,98.00,true,1,
7290000365398,false,חזה הודו בדבש במשקל,טירת צבי,IL,חזה הודו בדבש,קילוגרמים,0.00,"ק""ג",true,0,84.00,84.00,true,1,
7290000365954,false,פסטרמה על גחלים משקל,טירת צבי,IL,פסטרמה על גחלי,קילוגרמים,0.00,"ק""ג",true,0,84.00,84.00,true,1,
7290000367590,false,פסטרמה כפרית+סלמי 400*2ג,טירת צבי,IL,צמד כפרי נקניקים,גרמים,800.00,100 גרם,false,0,34.90,4.36,true,1,
7290000379142,false,לחם עינן פרוס וארוז 750ג,מאפיית שלמה א. אנג'ל,IL,לחם עינן פרוס וארוז 750ג,גרמים,750.00,100 גרם,false,0,14.90,1.99,true,1,
7290000379203,false,לחם עינן קל 500 גרם,מאפיית שלמה א. אנג'ל,IL,לחם עינן קל 500 גרם,גרמים,500.00,100 גרם,false,0,14.80,2.96,true,1,
7290000379357,false,חלה קלה פרוסה 500 גרם,מאפיית שלמה א. אנג'ל,IL,חלה קלה פרוסה 500 גרם,גרמים,500.00,100 גרם,false,0,13.80,2.76,true,1,
7290000396439,false,עגבניות שרי מידיפלס יח,קטיף,IL,ע.שרי מידיפלם-יח,יחידה,1.00,יחידה,false,0,8.90,8.90,true,1,
7290000408316,false,יוגורט ביו 3% דנונה 200ג,שטראוס,IL,יוגורט ביו 3%,גרמים,200.00,100 גרם,false,0,3.60,1.80,true,1,
7290000408354,false,דנונה בר פצפוצים 173 גרם,שטראוס,IL,דנונה בר פצפוצים,גרמים,173.00,100 גרם,false,0,4.50,2.60,true,1,
7290000412481,false,"מנקה אסלות ""00"" 1 ליטר",סנו,IL,"מנקה אסלות 00""",ליטרים,1.00,ליטר,false,0,7.80,7.80,true,1,
7290000415987,false,קובה חמוסטה מוכן 400 גרם,יסמין,IL,קובה חמוסטה מוכן,גרמים,400.00,100 גרם,false,0,21.90,5.48,true,1,
7290000416021,false,ממרח בטעם שוקולד 500גר,השחר,IL,ממרח השחר,גרמים,500.00,100 גרם,false,0,11.90,2.38,true,1,
7290000416045,false,ממרח מובחר מריחה השחר1קג,השחר,IL,ממרח השחר,קילוגרמים,1.00,"ק""ג",false,0,22.70,22.70,true,1,
7290000416632,false,ממרח טעם שוקולד פרווה1קג,השחר,IL,ממרח שוקולד השחר,קילוגרמים,1.00,"ק""ג",false,0,22.90,22.90,true,1,
7290000416854,false,קקאו 150 גרם,השחר,IL,קקאו השחר העולה,גרמים,150.00,100 גרם,false,0,9.90,6.60,true,1,
7290000418131,false,טופ פד סופר 18 תחבושות,מוצרי נייר עמיר,IL,תחבושות טופ פד,יחידה,1.00,יחידה,false,0,6.70,6.70,true,1,
7290000418155,false,טופ פד ס.פלוס 16 תחבושות,מוצרי נייר עמיר,IL,תחבושות טופ פד,יחידה,1.00,יחידה,false,0,6.70,6.70,true,1,
7290000419114,false,קפה טחון טורקי לנדור200ג,קפה לנדוור,IL,קפה שחור לנדוור,גרמים,200.00,100 גרם,false,0,15.80,7.90,true,1,
7290000419893,false,קפה לנדור לבוקר טחון100ג,קפה לנדוור,IL,קפה לנדור לבוקר טחון100ג,גרמים,100.00,100 גרם,false,0,7.90,7.90,true,1,
7290000419909,false,קפה לנדוור אספרסו טחו100,קפה לנדוור,IL,קפה בטעם אספרסו,גרמים,100.00,100 גרם,false,0,7.90,7.90,true,1,
7290000420325,false,גרע.תירס טבעי-מיקרו100*5,פרסטון פארמס,US,פופקורן למיקרו,גרמים,500.00,100 גרם,false,0,12.90,2.58,true,1,
7290000420332,false,פופקורן חמאה מיקרו100*5ג,פרסטון פארמס,US,פופקורן למיקרו,גרמים,500.00,100 גרם,false,0,12.90,2.58,true,1,
7290000432144,false,נרות שבת אקספורט,,IL,נרות שבת אקספורט,יחידה,1.00,יחידה,false,0,26.20,26.20,true,1,
7290000432595,false,נר הבדלה שטוח בודד,,IL,נר הבדלה שטוח בודד,יחידה,1.00,יחידה,false,0,10.10,10.10,true,1,
7290000432632,false,נרות שבת,,IL,נרות שבת,יחידה,1.00,יחידה,false,0,4.10,4.10,true,1,
7290000432915,false,זוג כוסיות לנריות,,IL,זוג כוסיות לנריות,יחידה,1.00,יחידה,false,0,12.10,12.10,true,1,
7290000433684,false,פפסי קולה 1.5 ליטר,טמפו,IL,פפסי קולה,ליטרים,1.50,ליטר,false,0,5.30,3.53,true,1,
7290000433714,false,סבן אפ 1.5 ליטר,טמפו,IL,סבן אפ,ליטרים,1.50,ליטר,false,0,5.40,3.60,true,1,
7290000433745,false,מירינדה 1.5 ליטר,טמפו,IL,מירינדה תפוזים,ליטרים,1.50,ליטר,false,0,5.40,3.60,true,1,
7290000433899,false,דיאט סבן אפ 1.5 ליטר,טמפו,IL,דיאט סבן אפ,ליטרים,1.50,ליטר,false,0,5.40,3.60,true,1,
7290000433974,false,פפסי מקס 1.5 ליטר,טמפו,IL,פפסי מקס,ליטרים,1.50,ליטר,false,0,5.90,3.93,true,1,
7290000442310,false,"בייבי סקין משחה 100 מ""ל",כצט,IL,בייבי-סקין משחה,מיליליטרים,100.00,"100 מ""ל",false,0,11.90,11.90,true,1,
7290000446547,false,חמאת בוטנים,,IL,חמאת בוטנים,גרמים,350.00,100 גרם,false,0,12.90,3.69,true,1,
7290000453019,false,שמרית-שמרים לחים 50 גרם,פאקא,IL,שמרית-שמרים טרי,גרמים,50.00,100 גרם,false,0,4.20,8.40,true,1,
7290000461625,false,בייגלה שמיניות מלוח400גר,יוניליוור,IL,בייגלה שמיניות,גרמים,400.00,100 גרם,false,0,8.90,2.23,true,1,
7290000461700,false,בייגלה שמינ.גדול.מלוח400,יוניליוור,IL,בייגלה גדול,גרמים,400.00,100 גרם,false,0,13.80,3.45,true,1,
7290000461793,false,בייגל ארוך ארוך 150 גרם,יוניליוור,IL,בייגל ארוך ארוך,גרמים,150.00,100 גרם,false,0,5.90,3.93,true,1,
7290000461861,false,דג דג חטיף מלוח 400 גרם,גוצ'מולר,IL,דג דג חטיף מלוח,גרמים,400.00,100 גרם,false,0,12.90,3.23,true,1,
7290000461922,false,ביג ביג מקלות שומשום150ג,יוניליוור,IL,בייגלה ביג ביג,גרמים,150.00,100 גרם,false,0,5.90,3.93,true,1,
7290000462103,false,סחוג זהבי אדום 150 גרם,זהבי הכרם,IL,סחוג זהבי אדום,גרמים,150.00,100 גרם,false,0,7.40,4.93,true,1,
7290000465494,false,זית סורי מבוקע 560 גרם,בית השיטה,IL,זית סורי מבוקע,גרמים,560.00,100 גרם,false,0,10.50,1.88,true,1,
7290000466101,false,חומוסטחינה חריף צבר 400ג,צבר,IL,חומוסטחינה חריף,גרמים,400.00,100 גרם,false,1,14.20,3.55,true,1,
7290000466170,false,מלפ.גלעד 12-10מלח 560גרם,בית השיטה,IL,מלפפונים במלח,גרמים,560.00,100 גרם,false,0,6.50,1.16,true,1,
7290000466194,false,מלפפונ.במלח18-25 560 גרם,בית השיטה,IL,מלפפונים במלח,גרמים,560.00,100 גרם,false,0,11.50,2.05,true,1,
7290000467153,false,מלך החומוס סמיר הגדול400,צבר,IL,חומוס סמיר הגדול,גרמים,400.00,100 גרם,false,0,12.40,3.10,true,1,
7290000467160,false,מלפפון בחומץ גדול7-9 560,בית השיטה,IL,מלפפונים בחומץ,גרמים,560.00,100 גרם,false,0,5.90,1.05,true,1,
7290000467177,false,מלפפון 12-10 בחומץ 560גר,בית השיטה,IL,מלפפונים בחומץ,גרמים,560.00,100 גרם,false,0,6.50,1.16,true,1,
7290000467184,false,מלפפון חומץ קטן13-17 560,בית השיטה,IL,מלפפונים בחומץ,גרמים,560.00,100 גרם,false,0,9.20,1.64,true,1,
7290000467191,false,מלפ.בחומץ18-25 560 גרם,בית השיטה,IL,מלפפונים בחומץ,גרמים,560.00,100 גרם,false,0,11.50,2.05,true,1,
7290000467320,false,מלך חומוס אבו מרוואן400ג,צבר,IL,מלך החומוס צבר,גרמים,400.00,100 גרם,false,0,12.40,3.10,true,1,
7290000469638,false,"מריטו ענק 500 מ""ל",בולטון,IL,מריטו לגיהוץ קל,מיליליטרים,500.00,"100 מ""ל",false,0,21.10,4.22,true,1,
7290000474021,false,חלב מפוסטר שקית 3% 1 ל',טרה,IL,חלב טרה שקית 3%3,ליטרים,1.00,ליטר,false,0,4.80,4.80,true,1,
7290000474076,false,חלב הומוגני בקרטון3% 1ל,טרה,IL,חלב טרי טרה 3%,ליטרים,1.00,ליטר,false,0,5.75,5.75,true,1,
7290000474090,false,חלב הומוגני 1% קרטון 1 ל,טרה,IL,חלב טרי טרה 1%,ליטרים,1.00,ליטר,false,0,5.40,5.40,true,1,
7290000474410,false,חמאה 100 גרם,טרה,IL,חמאה טרה,גרמים,100.00,100 גרם,false,0,3.80,3.80,true,1,
7290000474502,false,גבינה לבנה 5% טרה 250 גר,טרה,IL,גבינה לבנה 5%,גרמים,250.00,100 גרם,false,0,4.60,1.84,true,1,
7290000474540,false,גבי. טוב טעם 3% 250גרם,טרה,IL,גבינת טוב טעם3%,גרמים,250.00,100 גרם,false,0,10.80,4.32,true,1,
7290000480107,false,קואקר ש.שועל פח 500גרם,קואקר אוטס,GB,קואקר שיבולת,גרמים,500.00,100 גרם,false,0,13.40,2.68,true,1,
7290000480329,false,הרמזית 800 טבליות,הרמס סוויטנרס,CH,ממתיק הרמזית,גרמים,9.00,100 גרם,false,0,24.70,274.44,true,1,
7290000480442,false,קואקר באריזת אלומינ500גר,קואקר אוטס,GB,קואקר,גרמים,500.00,100 גרם,false,0,12.80,2.56,true,1,
7290000482071,false,קוקי שקיות אפיה 20 יחי,ש.שסטוביץ,IL,קוקי שקיות אפיה,יחידה,1.00,יחידה,false,0,21.60,21.60,true,1,
7290000483412,false,טפטופים לעוגה 60 גרם,המרשלג,IL,טפטופים לעוגה,גרמים,60.00,100 גרם,false,0,14.80,24.67,true,1,
7290000484525,false,"עלית הארק 750 מ""ל",יקב הגליל יוסף גולד ובניו,IL,עלית הארק,מיליליטרים,750.00,"100 מ""ל",false,0,64.20,8.56,true,1,
7290000493176,false,רוטב צלי לבשר בשקית22ג,אסם,IL,רוטב צלי לבשר,גרמים,22.00,100 גרם,false,0,3.60,16.36,true,1,
7290000497044,false,לחם ברמן אקטיב 750 גרם,מאפית ברמן,IL,לחם ברמן אקטיב 750 גרם,גרמים,750.00,100 גרם,false,0,13.90,1.85,true,1,
7290000497228,false,6 לחמניות רגילות בשקית,מאפית ברמן,IL,6 לחמניות רגילות בשקית,גרמים,450.00,100 גרם,false,0,10.80,2.40,true,1,
7290000497303,false,6 לחמניות מקמח מלא בשקית,מאפית ברמן,IL,6 לחמניות מקמח מלא בשקית,גרמים,450.00,100 גרם,false,0,10.80,2.40,true,1,
7290000497426,false,לחם ברמן קל לענין 500גרם,מאפית ברמן,IL,לחם ברמן קל לענין 500גרם,גרמים,500.00,100 גרם,false,0,13.80,2.76,true,1,
7290000497457,false,לחם דגנים 750 גרם,מאפית ברמן,IL,לחם דגנים 750 גרם,גרמים,750.00,100 גרם,false,0,13.80,1.84,true,1,
7290000497532,false,לחם ברמן לענין 750 גרם,מאפית ברמן,IL,לחם ברמן לענין 750 גרם,גרמים,750.00,100 גרם,false,0,14.30,1.91,true,1,
7290000497570,false,לחם דגני קלות פרוס 500גר,מאפית ברמן,IL,לחם דגני קלות פרוס 500גר,גרמים,500.00,100 גרם,false,0,13.80,2.76,true,1,
7290000504049,false,סוכרזית 1200 טבליות,"ביסקול בע""מ",IL,סוכרזית טבליות,גרמים,98.00,100 גרם,false,0,20.90,21.33,true,1,
7290000504209,false,"נוזל של סוכרזית 220 מ""ל","ביסקול בע""מ",IL,נוזל של סוכרזית,מיליליטרים,220.00,"100 מ""ל",false,0,16.90,7.68,true,1,
7290000504261,false,"כמו סוכר"" אבקה ממתיק75ג","ביסקול בע""מ",IL,כמו סוכר,גרמים,75.00,100 גרם,false,0,25.20,33.60,true,1,
7290000504360,false,טלק ריחני אזורה לתינוק80,"ביסקול בע""מ",IL,טלק ריחני אזורה,גרמים,80.00,100 גרם,false,0,7.80,9.75,true,1,
7290000505374,false,דא.קליאו פנינה ורוד 200,"ביסקול בע""מ",IL,דאודורנט קליאו,מיליליטרים,200.00,"100 מ""ל",false,0,10.00,5.00,true,1,
7290000518176,false,מתוק וקל ענק 250 שקיות,למפדוס,IL,מתוק וקל ענק,גרמים,250.00,100 גרם,false,0,17.90,7.16,true,1,
7290000518251,false,מתוק וקל זהב 100 שקיות,למפדוס,IL,מתוק וקל זהב,יחידה,1.00,יחידה,false,0,11.80,11.80,true,1,
7290000521008,false,יין אדום יבש של סגל750מל,יינות סגל,IL,יין סגל אדום,מיליליטרים,750.00,"100 מ""ל",false,0,17.90,2.39,true,1,
7290000521015,false,"יין לבן יבש של סגל750מ""ל",יינות סגל,IL,יין לבן של סגל,מיליליטרים,750.00,"100 מ""ל",false,0,17.90,2.39,true,1,
7290000521022,false,יין סגל לבן רג.ח.יבש750מ,יינות סגל,IL,יין לבן חצי יבש,מיליליטרים,750.00,"100 מ""ל",false,0,17.90,2.39,true,1,
7290000521350,false,"זני של סגל קברנה 750 מ""ל",יינות סגל,IL,קברנה סוביניון,מיליליטרים,750.00,"100 מ""ל",false,0,24.70,3.29,true,1,
7290000521367,false,"זני של סגל מרלו 750 מ""ל",יינות סגל,IL,יין מרלו של סגל,מיליליטרים,750.00,"100 מ""ל",false,0,24.70,3.29,true,1,
7290000521404,false,"מרום גליל קברנה 750 מ""ל",יינות סגל,IL,מרום גליל קברנה,מיליליטרים,750.00,"100 מ""ל",false,0,29.90,3.99,true,1,
7290000522166,false,חלב הרים נטול לקטוז3% 1ל,"מחלבות רמה""ג",IL,חלב הרים נטול לקטוז3% 1ל,ליטרים,1.00,ליטר,false,0,10.40,10.40,true,1,
7290000523118,false,"מלח ים יבש 1 ק""ג",תעשיות מלח לישראל,IL,"מלח ים יבש 1 ק""ג",קילוגרמים,1.00,"ק""ג",false,0,6.70,6.70,true,1,
7290000523224,false,מלח ים יבש 500 גרם,תעשיות מלח לישראל,IL,מלח ים שולחני,גרמים,500.00,100 גרם,false,0,7.30,1.46,true,1,
7290000525969,false,מיץ תפוזים סחוט 1 ליטר,גניר,IL,מיץ תפוזים סחוט,ליטרים,1.00,ליטר,false,0,14.80,14.80,true,1,
7290000530024,false,נקניק תה מעושן רחב במשקל,זוגלובק,IL,נקניק תה מעושן,קילוגרמים,0.00,"ק""ג",true,0,50.00,50.00,true,1,
7290000530031,false,פיין סלמי צר במשקל,זוגלובק,IL,פיין סלמי צר,קילוגרמים,0.00,"ק""ג",true,0,64.00,64.00,true,1,
7290000530048,false,סלמי פפרוני במשקל,זוגלובק,IL,סלמי פפרוני,גרמים,0.00,"ק""ג",true,0,56.00,56.00,true,1,
7290000530062,false,נקניק מעושן איטלקי במשקל,זוגלובק,IL,נקניק איטלקי,קילוגרמים,0.00,"ק""ג",true,0,80.00,80.00,true,1,
7290000530086,false,נקניק מעושן7000- 600 גרם,זוגלובק,IL,נקניק מעושן,גרמים,600.00,100 גרם,false,0,34.00,5.67,true,1,
7290000530109,false,קבנוס בואקום 180X2 גרם,זוגלובק,IL,זוג קבנוס בואקום,גרמים,360.00,100 גרם,false,0,27.10,7.53,true,1,
7290000530178,false,נקניק קוניאק במשקל,זוגלובק,IL,נקניק קוניאק,קילוגרמים,0.00,"ק""ג",true,0,85.00,85.00,true,1,
7290000530260,false,נקניק מרטדלה רחב במשקל,זוגלובק,IL,נקניק מרטדלה,קילוגרמים,0.00,"ק""ג",true,0,35.00,35.00,true,1,
7290000530369,false,גולן ח.הודו מעוש.שלם משק,זוגלובק,IL,גולן חזה הודו,קילוגרמים,0.00,"ק""ג",true,0,79.00,79.00,true,1,
7290000530413,false,המבורגר זהב 400 גרם,זוגלובק,IL,המבורגר זהב,גרמים,400.00,100 גרם,false,0,19.70,4.93,true,1,
7290000530703,false,פסטרמה חרמון+תה 400+400ג,זוגלובק,IL,מארז חרמון+תה,גרמים,800.00,100 גרם,false,0,32.40,4.05,true,1,
7290000531410,false,פסטרממיה בדבש טהור במשקל,זוגלובק,IL,פסטרממיה בדבש,קילוגרמים,0.00,"ק""ג",true,0,79.00,79.00,true,1,
7290000531977,false,בורקס גבינה 800 גרם,זוגלובק,IL,בורקס גבינה,גרמים,800.00,100 גרם,false,0,17.70,2.21,true,1,
7290000532400,false,חזה הודו ברביקיו במשקל,זוגלובק,IL,חזה הודו ברבקי,קילוגרמים,0.00,"ק""ג",true,0,79.00,79.00,true,1,
7290000532585,false,רוסטביף חצוי במשקל,זוגלובק,IL,רוסטביף חצוי,קילוגרמים,0.00,"ק""ג",true,0,109.00,109.00,true,1,
7290000533353,false,"בצק עלים 1 ק""ג",זוגלובק,IL,בצק עלים,גרמים,1000.00,100 גרם,false,0,13.80,1.38,true,1,
7290000534718,false,חזה הודו תבור דל שומן מש,זוגלובק,IL,חזה הודו תבור,קילוגרמים,0.00,"ק""ג",true,0,79.00,79.00,true,1,
7290000534800,false,פסטרמה הודו רומני במשקל,זוגלובק,IL,פסטרמה הודו,קילוגרמים,0.00,"ק""ג",true,0,79.00,79.00,true,1,
7290000537566,false,נקניקיות עוף 400 גרם,זוגלובק,IL,נקניקיות עוף,גרמים,400.00,100 גרם,false,0,14.60,3.65,true,1,
7290000538099,false,פסטרמה כפרית במשקל,זוגלובק,IL,פסטרמה כפרית,קילוגרמים,0.00,"ק""ג",true,0,79.00,79.00,true,1,
7290000540160,false,עוג.ללא סוכ.חיטה מלאה500,האחים,IL,עוגיות ללא סוכר,גרמים,500.00,100 גרם,false,0,20.50,4.10,true,1,
7290000551067,false,צלי כתף מס5' מוכשר קפוא,שונות,XX,צלי כתף מוכשר,קילוגרמים,0.00,"ק""ג",true,0,64.90,64.90,true,1,
7290000551098,false,בשר זרוע מס8' מוכשר קג,שונות,XX,בשר זרוע מוכשר,קילוגרמים,0.00,"ק""ג",true,0,44.90,44.90,true,1,
7290000551555,false,בשר זרוע מס 8 מוכשר קג,שונות,XX,בשר זרוע מס 8,גרמים,0.00,"ק""ג",true,0,44.90,44.90,true,1,
7290000552118,false,נקנקיות מרגז גריל 400גרם,טיבון ויל - נטו,IL,נקנקיות מרגז,גרמים,400.00,100 גרם,false,0,20.90,5.23,true,1,
7290000552194,false,קישקע 500 גרם,טיבון ויל - נטו,IL,קישקע,גרמים,500.00,100 גרם,false,0,14.80,2.96,true,1,
7290000552927,false,טחון עוף 500 גרם,טיבון ויל - נטו,IL,טחון עוף,גרמים,500.00,100 גרם,false,0,14.80,2.96,true,1,
7290000552989,false,בשר טחון מובחר 500 גרם,טיבון ויל - נטו,IL,בשר טחון מובחר,גרמים,500.00,100 גרם,false,0,29.30,5.86,true,1,
7290000554006,false,קשקבל 22% במשקל,מחלבות גד,IL,גבינת קשקבל,קילוגרמים,0.00,"ק""ג",true,0,125.00,125.00,true,1,
7290000554402,false,מלבי 160 גרם,מחלבות גד,IL,מלבי,גרמים,160.00,100 גרם,false,0,5.20,3.25,true,1,
7290000554457,false,גבינה צפתית5% שומן 350ג,מחלבות גד,IL,גבינה צפתית5%,גרמים,350.00,100 גרם,false,0,16.90,4.83,true,1,
7290000554532,false,גב.צפתית מעודנת5% 200גרם,מחלבות גד,IL,צפתית מעודנת 5%,גרמים,200.00,100 גרם,false,0,14.50,7.25,true,1,
7290000554624,false,ירח מתוק מעד.חלב+אורז150,מחלבות גד,IL,מעדן חלב ואורז,גרמים,150.00,100 גרם,false,0,5.40,3.60,true,1,
7290000554686,false,לבנה בשמן זית+זעתר5% 250,מחלבות גד,IL,לאבנה בשמן זית5%,גרמים,250.00,100 גרם,false,0,13.80,5.52,true,1,
7290000554792,false,גבינה בולגרית 5%במשקל,מחלבות גד,IL,גבינה בולגרית 5%במשקל,גרמים,0.00,"ק""ג",true,0,58.00,58.00,true,1,
7290000554815,false,מוצרלה נקניק 22% במשקל,מחלבות גד,IL,גבינת מוצרלה,גרמים,0.00,"ק""ג",true,0,78.00,78.00,true,1,
7290000554822,false,ריקוטה גד 5% שומן 250 גר,מחלבות גד,IL,גבינת ריקוטה 5%,גרמים,250.00,100 גרם,false,0,13.80,5.52,true,1,
7290000554839,false,גבינה מסקרפונה 40% 250 ג,מחלבות גד,IL,גבינה מסקרפונה,גרמים,250.00,100 גרם,false,0,19.80,7.92,true,1,
7290000554969,false,גב.שמנת 30%שומן1קג משקל,מחלבות גד,IL,גב.שמנת 30%שומן1קג משקל,קילוגרמים,0.00,"ק""ג",true,0,50.00,50.00,true,1,
7290000554983,false,גבינה לאבנה 5% במשקל,,IL,גבינה לאבנה 5% במשקל,קילוגרמים,0.00,"ק""ג",true,0,39.00,39.00,true,1,
7290000560021,false,אדג' פרו ג'ל מונע חתך200,אנרג'ייזר,US,ג'ל אדג' פרו,מיליליטרים,200.00,"100 מ""ל",false,0,17.90,8.95,true,1,
7290000560533,false,"אדג' פרו ג'ל רגיל 200מ""ל",אנרג'ייזר,US,אדג' ג'ל לגילוח,מיליליטרים,200.00,"100 מ""ל",false,0,17.90,8.95,true,1,
7290000560540,false,אדג' פרו ג'ל רגיש 200 מל,אנרג'ייזר,US,אדג' ג'ל לגילוח,מיליליטרים,200.00,"100 מ""ל",false,0,17.90,8.95,true,1,
7290000571119,false,גבינה גאודה 30% משקל,תנובה,IL,גבינת גאודה,קילוגרמים,0.00,"ק""ג",true,0,102.00,102.00,true,1,
7290000571188,false,גב.גאודה תום עיזים משקל,תנובה,IL,גב.גאודה תום עיזים משקל,קילוגרמים,0.00,"ק""ג",true,0,140.00,140.00,true,1,
7290000571294,false,גאודה מעושנת,,IL,גאודה מעושנת,קילוגרמים,0.00,"ק""ג",true,0,102.00,102.00,true,1,
7290000572628,false,"ח.חלווה לייט ללת""ס25*11ג","אחדות בע""מ א.ת. ברקן",IL,חטיף חלווה לייט,גרמים,275.00,100 גרם,false,0,13.90,5.05,true,1,
7290000644783,false,מנות פילה סלמון קפוא קג,תנובה,IL,פילה סלמון מנות,קילוגרמים,0.00,"ק""ג",true,0,74.60,74.60,true,1,
7290000688374,false,"מי עדן בייבי 250*6 מ""ל",מי עדן,IL,מי עדן בייבי 6יח,ליטרים,1.50,ליטר,false,0,15.00,10.00,true,1,
7290000688381,false,"מי עדן אישי 500*6 מ""ל",מי עדן,IL,מי עדן אישי 6 בק,ליטרים,3.00,ליטר,false,0,12.90,4.30,true,1,
7290000688503,false,מי עדן ספורטאים 750*6 מל,מי עדן,IL,מי עדן ספורטאים,ליטרים,4.50,ליטר,false,0,14.90,3.31,true,1,
7290000688732,false,מי עדן 6 * 1.5 ליטר,מי עדן,IL,מי עדן 6 יח,ליטרים,9.00,ליטר,false,0,11.00,1.22,true,1,
7290000692210,false,אג'קס נוזל כללי לבנדר 2ל,קולגייט-פלמוליב,GR,אג'קס ניקוי כללי,ליטרים,2.00,ליטר,false,0,21.90,10.95,true,1,
7290000692227,false,פלמוליב לשטיפת כלים 1 ל',קולגייט-פלמוליב,GR,פלמוליב לכלים,ליטרים,1.00,ליטר,false,0,12.70,12.70,true,1,
7290000692456,false,אג'קס חלונות750*2מל,קולגייט-פלמוליב,GR,אג'קס לחלונות,ליטרים,1.50,ליטר,false,0,24.90,16.60,true,1,
7290000803180,false,שטיפה דנטלית מרידול 400מ,גאבה,CH,שטיפה מרידול,מיליליטרים,400.00,"100 מ""ל",false,0,25.00,6.25,true,1,
7290000805924,false,"לה קט טעם דגים 2.85 ק""ג",ביופט,IL,לה קט לחתול,קילוגרמים,2.85,"ק""ג",false,0,55.70,19.54,true,1,
7290000903200,true,לחמניית פנינו,גידרון,IL,לחמניית פנינו,יחידה,1.00,יחידה,false,0,4.50,4.50,true,1,
7290000910406,true,פילה עוף טרי ת עצמי,שונות,IL,פילה עוף טרי,קילוגרמים,0.00,"ק""ג",true,0,32.90,32.90,true,1,
7290000915883,true,טחון בקר טרי (עצמי) מחיר,שונות,IL,טחון בקר טרי,קילוגרמים,0.00,"ק""ג",true,0,59.90,59.90,true,1,
7290000922591,true,עוף שלם טרי תפזורת עצמי,שונות,IL,עוף שלם טרי,קילוגרמים,0.00,"ק""ג",true,0,18.90,18.90,true,1,
7290000928241,true,סלמון פרוס לא מעובד שופר,שונות,IL,סלמון פרוס,קילוגרמים,0.00,"ק""ג",true,0,59.90,59.90,true,1,
7290000929415,true,חזה הודו נ.טרי ת. עצמי,שופרסל,IL,חזה הודו טרי,קילוגרמים,0.00,"ק""ג",true,0,29.90,29.90,true,1,
7290000929439,true,נתחי הודו טרי ת עצמי,שונות,IL,נתחי הודו טרי,קילוגרמים,0.00,"ק""ג",true,0,27.90,27.90,true,1,
7290000929514,true,גרון הודו נ.טרי ת.עצמי,שונות,IL,גרון הודו טרי,קילוגרמים,0.00,"ק""ג",true,0,23.90,23.90,true,1,
7290000929620,true,שוק הודו מפורק טרי תעצמי,שונות,IL,שוק הודו מפורק,קילוגרמים,0.00,"ק""ג",true,0,44.90,44.90,true,1,
7290000961552,true,פלפל כתום,קטיף,IL,פלפל כתום,קילוגרמים,0.00,"ק""ג",true,0,9.90,9.90,true,1,
7290000961606,true,שורש ג'ינגר במשקל,קטיף,XX,שורש גינגר במשקל,קילוגרמים,0.00,"ק""ג",true,0,34.90,34.90,true,1,
7290000961804,true,דלעת ארוזה,קטיף,IL,דלעת ארוזה,קילוגרמים,0.00,"ק""ג",true,0,8.90,8.90,true,1,
7290000963136,true,תפוח עץ מוזהב 65,קטיף,XX,תפוח עץ מוזהב,קילוגרמים,0.00,"ק""ג",true,0,8.90,8.90,true,1,
7290000963174,true,תפוח עץ יונתן יבוא,קטיף,XX,תפוח עץ יונתן,קילוגרמים,0.00,"ק""ג",true,0,12.90,12.90,true,1,
7290000963297,true,תפוח עץ סטרקינג 65,קטיף,XX,"ת""ע סטרקינג",קילוגרמים,0.00,"ק""ג",true,0,8.90,8.90,true,1,
7290000963310,true,"תפו""ע קנזי",קטיף,XX,"תפו""ע קנזי",קילוגרמים,0.00,"ק""ג",true,0,12.90,12.90,true,1,
7290000963365,true,תפוח עץ פינקריספי 65,קטיף,XX,"תפו""ע פינקריספי",קילוגרמים,0.00,"ק""ג",true,0,12.90,12.90,true,1,
7290000963563,true,תפוח עץ סמיט65,קטיף,XX,תפוח עץ סמיט65,קילוגרמים,0.00,"ק""ג",true,0,8.90,8.90,true,1,
7290000963686,true,תפוח עץ גאלה יבוא,קטיף,XX,תפוח עץ גאלה,קילוגרמים,0.00,"ק""ג",true,0,10.90,10.90,true,1,
7290000964300,true,תפוז,קטיף,IL,תפוז,קילוגרמים,0.00,"ק""ג",true,0,5.90,5.90,true,1,
7290000964348,true,תפוז ברשת למיץ,קטיף,IL,תפוז ברשת למיץ,קילוגרמים,0.00,"ק""ג",true,0,3.90,3.90,true,1,
7290000964362,true,פומלה לבנה,קטיף,IL,פומלה לבנה,קילוגרמים,0.00,"ק""ג",true,0,7.90,7.90,true,1,
7290000964379,true,אשכולית לבנה,קטיף,IL,אשכולית לבנה,קילוגרמים,0.00,"ק""ג",true,0,5.90,5.90,true,1,
7290000964393,true,אשכולית אדומה,קטיף,IL,אשכולית אדומה,קילוגרמים,0.00,"ק""ג",true,0,5.90,5.90,true,1,
7290000964492,true,לימון תפזורת,קטיף,IL,לימון,קילוגרמים,0.00,"ק""ג",true,0,6.90,6.90,true,1,
7290000964560,true,קלמנטינה,קטיף,IL,קלמנטינה,קילוגרמים,0.00,"ק""ג",true,0,5.90,5.90,true,1,
7290000964775,true,בננות,קטיף,IL,בננות,קילוגרמים,0.00,"ק""ג",true,0,8.90,8.90,true,1,
7290000964836,true,אגס ספדונה גודל 60,קטיף,IL,אגס ספדונה,קילוגרמים,0.00,"ק""ג",true,0,9.90,9.90,true,1,
7290000964980,true,אבוקדו,קטיף,IL,אבוקדו,קילוגרמים,0.00,"ק""ג",true,0,16.90,16.90,true,1,
7290000965031,true,אבטיח במיכל,קטיף,IL,אבטיח,קילוגרמים,0.00,"ק""ג",true,0,3.90,3.90,true,1,
7290000966564,true,רימון,קטיף,IL,רימון,קילוגרמים,0.00,"ק""ג",true,0,5.90,5.90,true,1,
7290000966663,true,קיווי,קטיף,IL,קיווי,קילוגרמים,0.00,"ק""ג",true,0,14.90,14.90,true,1,
7290000966779,true,תות שדה 500גרם,קטיף,IL,תות שדה יח,יחידה,1.00,יחידה,false,0,12.90,12.90,true,1,
7290000979700,true,לבבות חסה יחידה,קטיף,IL,לבבות חסה,יחידה,1.00,יחידה,false,0,8.50,8.50,true,1,
7290000982939,true,לוף פרסה-יחידה,קטיף,IL,לוף פרסה-יחידה,יחידה,1.00,יחידה,false,0,7.00,7.00,true,1,
7290000993195,true,ענב לבן - יחידה,קטיף,XX,ענב לבן -יחידה,יחידה,1.00,יחידה,false,0,16.90,16.90,true,1,
7290000993362,true,שום ישראלי -יחידה,קטיף,IL,שום ישראלי -יחידה,יחידה,1.00,יחידה,false,0,7.90,7.90,true,1,
7290001012123,false,פרש וואנס קייר כחול 72*4,על בד,IL,פרש וואנס,יחידה,1.00,יחידה,false,0,19.90,19.90,true,1,
7290001045169,false,מיץ תפוחים צלול בק1.ליטר,גניר,IL,מיץ תפוחים צלול בק1.ליטר,ליטרים,1.00,ליטר,false,0,14.80,14.80,true,1,
7290001045220,false,מיץ תפוזים סחוט 2 ליטר,גניר,IL,מיץ תפוזים סחוט,ליטרים,2.00,ליטר,false,0,23.90,11.95,true,1,
7290001045763,false,מיץ תפוחים 100% צלול 2 ל,גניר,IL,מיץ תפוחים 100% צלול 2 ל,ליטרים,2.00,ליטר,false,0,23.90,11.95,true,1,
7290001121092,false,פסטרמה עוף בגריל במשקל,מעדני יחיעם,IL,פסטרמה עוף בגריל במשקל,קילוגרמים,0.00,"ק""ג",true,0,80.00,80.00,true,1,
7290001121238,false,קורנביף 180 גרם,מעדני יחיעם,IL,קורנביף,גרמים,180.00,100 גרם,false,0,22.90,12.72,true,1,
7290001121672,false,פסטרמה מעודנ.בפפריקה300ג,מעדני יחיעם,IL,פסטרמה בפפריקה,גרמים,300.00,100 גרם,false,0,21.20,7.07,true,1,
7290001123775,false,שווארמה פרגיות מוכן 500,טיבון ויל - נטו,IL,שווארמה פרגית,גרמים,500.00,100 גרם,false,0,23.70,4.74,true,1,
7290001128183,false,קציצות דג 700 גרם,דלידג - נטו,IL,קציצות דג 700גרם,גרמים,700.00,100 גרם,false,0,24.70,3.53,true,1,
7290001136294,false,שמפו נקה 7 יבש/צבוע750מל,אמיליה קוסמטיקס,IL,שמפו נקה 7,מיליליטרים,750.00,"100 מ""ל",false,0,9.90,1.32,true,1,
7290001136362,false,תחליב רחצה נקה7 ירוק 1 ל,אמיליה קוסמטיקס,IL,תחליב רחצה נקה 7,ליטרים,1.00,ליטר,false,0,12.90,12.90,true,1,
7290001136683,false,"מרכך נקה 7 ס""ש 750 מ""ל",אמיליה קוסמטיקס,IL,קונדישינר נקה 7,מיליליטרים,750.00,"100 מ""ל",false,0,9.90,1.32,true,1,
7290001136799,false,תחליב רחצה נקה7 ורוד 1 ל,אמיליה קוסמטיקס,IL,תחליב רחצה נקה 7,ליטרים,1.00,ליטר,false,0,12.90,12.90,true,1,
7290001136973,false,תחליב רחצה נקה 7 לבן 1 ל,אמיליה קוסמטיקס,IL,תחליב רחצה נקה 7,ליטרים,1.00,ליטר,false,0,12.90,12.90,true,1,
7290001158500,false,כנפי עוף טרי תפזורת עצמי,שונות,IL,כנפיים עוף טרי,קילוגרמים,0.00,"ק""ג",true,0,11.90,11.90,true,1,
7290001158517,false,כרעי עוף טרי תפזורת עצמי,שופרסל,IL,כרעיים עוף טרי,קילוגרמים,0.00,"ק""ג",true,0,27.90,27.90,true,1,
7290001158524,false,שניצל עוף טרי ת עצמי,שונות,IL,שניצל עוף טרי,קילוגרמים,0.00,"ק""ג",true,0,34.90,34.90,true,1,
7290001158531,false,שוקי עוף טרי תפזורת עצמי,שונות,IL,שוקיים עוף טרי,קילוגרמים,0.00,"ק""ג",true,0,32.90,32.90,true,1,
7290001158555,false,גב עוף טרי,שונות,IL,גב עוף טרי,קילוגרמים,0.00,"ק""ג",true,0,4.90,4.90,true,1,
7290001158579,false,עוף טחון,שונות,IL,עוף טחון,קילוגרמים,0.00,"ק""ג",true,0,31.90,31.90,true,1,
7290001158593,false,בקר טחון מבשר קפוא)עצמי(,שונות,IL,בקר טחון מקפוא,קילוגרמים,0.00,"ק""ג",true,0,42.90,42.90,true,1,
7290001158661,false,פרגיות עוף טרי ת עצמי,שונות,IL,פרגיות עוף טרי,קילוגרמים,0.00,"ק""ג",true,0,54.90,54.90,true,1,
7290001158722,false,חזה עוף טרי תפזורת עצמי,שונות,IL,חזה עוף טרי,קילוגרמים,0.00,"ק""ג",true,0,31.90,31.90,true,1,
7290001212189,false,"ג'ל לקיבוע תלתלים 500מ""ל",קרליין,IL,ג'ל לעיצוב שיער,מיליליטרים,500.00,"100 מ""ל",false,0,18.10,3.62,true,1,
7290001231136,false,ווינסטון כחול סופט חפ.,jti,CH,ווינסטון כחול,יחידה,1.00,יחידה,false,0,30.50,30.50,false,1,
7290001231932,false,ווינסטון כחול בוקס חפ.,jti,CH,ווינסטון כחול,יחידה,1.00,יחידה,false,0,30.50,30.50,false,1,
7290001247006,false,גזוז בטעם קולה קריסטל 2ל,יפאורה שותפות מובגלת לשיווק,IL,קריסטל קולה,ליטרים,2.00,ליטר,false,0,3.60,1.80,true,1,
7290001247020,false,קריסטל אורנג' 2 ליטר,יפאורה שותפות מובגלת לשיווק,IL,קריסטל אורנג',ליטרים,2.00,ליטר,false,0,3.60,1.80,true,1,
7290001247037,false,גזוז בטעם מנטה קריסטל 2ל,יפאורה שותפות מובגלת לשיווק,IL,גזוז בטעם מנטה,ליטרים,2.00,ליטר,false,0,3.60,1.80,true,1,
7290001247044,false,קריסטל תות מוגז 2 ליטר,יפאורה שותפות מובגלת לשיווק,IL,קריסטל מוגז תות,ליטרים,2.00,ליטר,false,0,3.60,1.80,true,1,
7290001247051,false,קריסטל למון ליים 2 ליטר,יפאורה שותפות מובגלת לשיווק,IL,גזוז לימון ליים,ליטרים,2.00,ליטר,false,0,3.60,1.80,true,1,
7290001247068,false,נקטר ספרינג תות-בננה 1ל',יפאורה שותפות מובגלת לשיווק,IL,נקטר תות בננה,ליטרים,1.00,ליטר,false,0,4.90,4.90,true,1,
7290001247082,false,נקטר עגבניות ספרינג 1 ל',יפאורה שותפות מובגלת לשיווק,IL,נקטר עגבניות,ליטרים,1.00,ליטר,false,0,4.90,4.90,true,1,
7290001247099,false,נקטר ספרינג מנגו 1 ליטר,יפאורה שותפות מובגלת לשיווק,IL,נקטר ספרינג מנגו,ליטרים,1.00,ליטר,false,0,4.90,4.90,true,1,
7290001247105,false,נקטר ספרינג אפרסק 1 ליטר,יפאורה שותפות מובגלת לשיווק,IL,נקטר אפרסק,ליטרים,1.00,ליטר,false,0,4.90,4.90,true,1,
7290001247143,false,נקטר ספרינג תפוחים 1ליטר,יפאורה שותפות מובגלת לשיווק,IL,נקטר ספרינג תפוח,ליטרים,1.00,ליטר,false,0,4.90,4.90,true,1,
7290001247211,false,קריסטל ענבים מוגז 2 ליטר,יפאורה שותפות מובגלת לשיווק,IL,קריסטל ענבים,ליטרים,2.00,ליטר,false,0,3.60,1.80,true,1,
7290001247952,false,"תפוזינה משק""ל ענבים1.5ל",יפאורה שותפות מובגלת לשיווק,IL,תפוזינה ענבים,ליטרים,1.50,ליטר,false,0,5.90,3.93,true,1,
7290001265123,false,דייסת גם וגם 8דגנים300גר,נסטלה,IL,דייסת מטרנה,גרמים,300.00,100 גרם,false,0,17.90,5.97,true,1,
7290001312995,false,בגט 280 גרם,גידרון,IL,באגט,יחידה,1.00,יחידה,false,0,4.00,4.00,true,1,
7290001407547,false,טחינה שומשום פי6מלא 500ג,רושדי תעשיות מזון,IL,טחינה שומשום מלא,גרמים,500.00,100 גרם,false,1,15.80,3.16,true,1,
7290001407769,false,טחינה שומש.מלא בארכה500ג,רושדי תעשיות מזון,IL,טחינה שומשום,גרמים,500.00,100 גרם,false,0,15.80,3.16,true,1,
7290001407813,false,חלבה פיסטוק בארכה 350גרם,רושדי תעשיות מזון,IL,חלבה פיסטוק,גרמים,350.00,100 גרם,false,0,14.80,4.23,true,1,
7290001407820,false,חלבה שאמית בארכה 350 גרם,רושדי תעשיות מזון,IL,חלבה שאמית בארכה,גרמים,350.00,100 גרם,false,0,14.80,4.23,true,1,
7290001485019,false,גב.שמנת בטעם טבעי5% 200ג,טרה,IL,גבינת שמנת 5%,גרמים,200.00,100 גרם,false,0,10.80,5.40,true,1,
7290001491096,false,תה ירוק לימונ+לואיזה50שק,ויסוצקי,IL,תה ירוק לימונ+לואיזה50שק,גרמים,75.00,100 גרם,false,0,45.50,60.67,true,1,
7290001507285,false,בייגלה שומשום קמח מלא200,השדה מוצרים אורגניים,IL,בייגלה מקמח מל,גרמים,200.00,100 גרם,false,0,12.50,6.25,true,1,
7290001507292,false,בייגלה מלח קמח מלא 200גר,השדה מוצרים אורגניים,IL,בייגלה אורגני,גרמים,200.00,100 גרם,false,0,12.50,6.25,true,1,
7290001507353,false,פתיתים אורגנים-קוסקוס500,השדה מוצרים אורגניים,IL,פתיתים אורגנים,גרמים,500.00,100 גרם,false,0,13.60,2.72,true,1,
7290001594377,false,"פריגת תפוזים 500 מ""ל",פריגת,IL,פריגת תפוזים,מיליליטרים,500.00,"100 מ""ל",false,0,6.20,1.24,true,1,
7290001594568,false,"בירה קרלסברג בפחית500מ""ל",קרלסברג ישראל,IL,בירה קרלסברג פח,מיליליטרים,500.00,"100 מ""ל",false,0,8.80,1.76,true,1,
7290001594575,false,"בירה טובורג פחית 500 מ""ל",קרלסברג ישראל,IL,בירה טובורג פחית,מיליליטרים,500.00,"100 מ""ל",false,0,8.80,1.76,true,1,
7290001594858,false,בירה טובורג רד בק330*6מל,קרלסברג ישראל,IL,טובורג רד 6 יח,ליטרים,1.98,ליטר,false,0,42.60,21.52,true,1,
7290001648155,false,קפה רג'ואן 100 גרם,רוני רג'ואן ושות,IL,קפה רג'ואן,גרמים,100.00,100 גרם,false,0,7.00,7.00,true,1,
7290001648643,false,קפה טורקי כתר 3 יח100X'ג,רוני רג'ואן ושות,IL,מארז טורקי כתר,גרמים,300.00,100 גרם,false,0,13.80,4.60,true,1,
7290001670194,false,עוגיות מרוקאיות 400 גרם,הנמל,IL,עוגיות מרוקאיות,גרמים,400.00,100 גרם,false,0,15.00,3.75,true,1,
7290001710159,false,גולש עגל קפוא קג,לאטי עזרא,IL,גולש עגל קפוא קג,קילוגרמים,0.00,"ק""ג",true,0,55.40,55.40,true,1,
7290001713853,false,אקונומיקה מבושמת 4 ליטר,קומפלקס כימיקלים,IL,אקונומיקה מבושמת,ליטרים,4.00,ליטר,false,0,9.90,2.48,true,1,
7290001791349,false,פיסגה אקונומיקה ריחנית4ל,סנו,IL,אקונומיקה פיסגה,ליטרים,4.00,ליטר,false,0,10.90,2.73,true,1,
7290001791776,false,סנו די רול און אלוורה50מ,סנו,IL,סנו די רול און,מיליליטרים,50.00,"100 מ""ל",false,0,18.60,37.20,true,1,
7290001813881,false,פתי בר בטעם חמאה 500 גרם,עלית,IL,פתי בר עלית,גרמים,500.00,100 גרם,false,0,9.90,1.98,true,1,
7290001814147,false,ממרח בטעם שוקולד פרה500ג,עלית,IL,ממרח בטעם שוקולד,גרמים,500.00,100 גרם,false,0,9.90,1.98,true,1,
7290001817063,false,סוכ.טופי מזל וברכות850גר,עלית,IL,טופי ברכות פירות,גרמים,850.00,100 גרם,false,0,15.10,1.78,true,1,
7290001817582,false,צ'יטוס כאפה 15*10 גרם,עלית,IL,מארז צ'יטוס כאפה,גרמים,150.00,100 גרם,false,0,9.90,6.60,true,1,
7290001817728,false,צ'יטוס כאפה 55 גרם,עלית,IL,צ'יטוס כפאה,גרמים,55.00,100 גרם,false,0,3.50,6.36,true,1,
7290001902028,false,לחם עם זיתים קפוא 485גר,גידרון,IL,לחם עם זיתים,גרמים,485.00,100 גרם,false,0,11.90,2.45,true,1,
7290001902042,false,לחם עם קימל קפוא 485 גרם,גידרון,IL,לחם עם קימל,גרמים,485.00,100 גרם,false,0,11.90,2.45,true,1,
7290001902059,false,לחם עם בצל קפוא 485 גרם,גידרון,IL,לחם עם בצל,גרמים,485.00,100 גרם,false,0,11.90,2.45,true,1,
7290001902066,false,לחם כפרי 485 גרם,גידרון,IL,לחם כפרי,גרמים,485.00,100 גרם,false,0,11.90,2.45,true,1,
7290001902301,false,חלה מתוקה קלועה 450 גרם,גידרון,IL,חלה מתוקה קלוע,יחידה,1.00,יחידה,false,0,10.90,10.90,true,1,
7290001902325,false,"חלת ""גדרון""",גידרון,IL,"חלת ""גדרון""",יחידה,1.00,יחידה,false,0,10.90,10.90,true,1,
7290001902677,false,לחמניה מקמח מלא,גידרון,IL,לחמניה מקמח מלא,יחידה,1.00,יחידה,false,0,2.90,2.90,true,1,
7290001902776,false,לחמנית עם דגנים קפוא,גידרון,IL,לחמנית עם דגנים,יחידה,1.00,יחידה,false,0,4.50,4.50,true,1,
7290001902783,false,לחמנית המבורגר,גידרון,IL,לחמנית המבורגר,יחידה,1.00,יחידה,false,0,2.90,2.90,true,1,
7290001946404,false,שום כתוש 250 גרם,נטו,IL,שום כתוש,גרמים,250.00,100 גרם,false,0,14.10,5.64,true,1,
7290001975435,false,פריגת פאלפ אשכו.אדומה1.5,פריגת,IL,פריגת אשכולית,ליטרים,1.50,ליטר,false,0,6.50,4.33,true,1,
7290001990094,false,"סוכר חום בצנצנת 1 ק""ג",סוגת,IL,"סוכר חום בצנצנת 1 ק""ג",קילוגרמים,1.00,"ק""ג",false,0,11.70,11.70,true,1,
7290001990148,false,"סוכר גולדן קלאסי 1 ק""ג",סוגת,IL,סוכר גולדן,קילוגרמים,1.00,"ק""ג",false,0,10.40,10.40,true,1,
7290001990391,false,"אפונה 1 ק""ג",סוגת,IL,אפונה,קילוגרמים,1.00,"ק""ג",false,0,9.40,9.40,true,1,
7290001990414,false,"עדשים אדומות 1 ק""ג",סוגת,IL,עדשים אדומות,קילוגרמים,1.00,"ק""ג",false,0,11.40,11.40,true,1,
7290001990421,false,"פופקורן 1 ק""ג",סוגת,IL,"פופקורן 1 ק""ג",קילוגרמים,1.00,"ק""ג",false,0,9.80,9.80,true,1,
7290002000143,false,"פנג'ל קרם ידיים 100 מ""ל",אינטרקוסמא,IL,קרם ידיים פנג'ל,מיליליטרים,80.00,"100 מ""ל",false,0,8.00,10.00,true,1,
7290002001782,false,פנג'ל פלוס לכף הרגל 100ג,אינטרקוסמא,CH,פנג'ל פלוס לכף הרגל 100ג,גרמים,100.00,100 גרם,false,0,16.90,16.90,true,1,
7290002003168,false,"קרם ידיים פנג'ל 80*3מ""ל",אינטרקוסמא,CH,קרם יד.פנג'ל 3יח,מיליליטרים,240.00,"100 מ""ל",false,0,14.80,6.17,true,1,
7290002007234,false,אבקת סוכר 100 גרם,הנמל,IL,אבקת סוכר,גרמים,100.00,100 גרם,false,0,1.70,1.70,true,1,
7290002007371,false,פירורי לחם 500 גרם,הנמל,IL,פירורי לחם,גרמים,500.00,100 גרם,false,0,4.90,0.98,true,1,
7290002007500,false,קיסמים שיניים במבוק500יח,הנמל,IL,קיסמי שיניים,יחידה,1.00,יחידה,false,0,3.00,3.00,true,1,
7290002008040,false,"מקלות לשיפודים30ס""מ100יח",הנמל,IL,מקלות לשיפודים,יחידה,1.00,יחידה,false,0,3.00,3.00,true,1,
7290002008187,false,קשים מתקפלים 40 יח',הנמל,IL,קשים מתקפלים,יחידה,1.00,יחידה,false,0,0.90,0.90,true,1,
7290002008224,false,מזרה עגול צבעוני צנצ100.,הנמל,IL,סוכריות לקישוט,גרמים,100.00,100 גרם,false,0,5.70,5.70,true,1,
7290002008309,false,100עטרות חום בקופסא מס4',הנמל,IL,עטרות בקופסה,יחידה,1.00,יחידה,false,0,5.90,5.90,true,1,
7290002008354,false,מפת שולחן פלסטיק 8 יחידו,הנמל,IL,מפת שולחן פלסטיק,יחידה,1.00,יחידה,false,0,9.50,9.50,true,1,
7290002008750,false,10 גרם 'Xאבקת אפיה 10 יח,הנמל,IL,אבקת אפיה,גרמים,100.00,100 גרם,false,0,3.20,3.20,true,1,
7290002008934,false,סוכריות לקישוט 200 גרם,הנמל,IL,סוכריות לקישוט 200 גרם,גרמים,200.00,100 גרם,false,0,7.80,3.90,true,1,
7290002008941,false,עוג.מרוקאיות ללא סוכר400,הנמל,IL,עוגיות ללא סוכר,גרמים,400.00,100 גרם,false,0,18.50,4.63,true,1,
7290002008989,false,קישקשים בקופסא 225 יח',הנמל,IL,קישקשים בקופסא,יחידה,1.00,יחידה,false,0,5.90,5.90,true,1,
7290002013006,false,פסטרמה מקסיקנית במשקל,זוגלובק,IL,פסטרמה מקסיקנית,קילוגרמים,0.00,"ק""ג",true,0,79.00,79.00,true,1,
7290002013037,false,פסטרמה פרגיות במשקל,זוגלובק,IL,פסטרמה פרגיות,קילוגרמים,0.00,"ק""ג",true,0,79.00,79.00,true,1,
7290002013884,false,פסטרמה תבור ללא משמר לקג,זוגלובק,IL,פסטרמה תבור,קילוגרמים,0.00,"ק""ג",true,1,89.00,89.00,true,1,
7290002013907,false,סלמי תה ללא חומר משמר לק,זוגלובק,IL,סלמי תה,קילוגרמים,0.00,"ק""ג",true,1,55.00,55.00,true,1,
7290002019114,false,תרכיז עגבנ.פ.ניר28% 580ג,פרי ניר,IL,תרכיז עגבניות,גרמים,580.00,100 גרם,false,0,6.10,1.05,true,1,
7290002019763,false,עגבנ.מרוסקות פרי ניר800ג,פרי ניר,IL,עגבניות מרוסקות,גרמים,800.00,100 גרם,false,0,6.70,0.84,true,1,
7290002019787,false,רסק עגבניות 22% 260 גרם,פרי ניר,IL,רסק עגבניות,גרמים,260.00,100 גרם,false,0,3.40,1.31,true,1,
7290002019794,false,רסק עגבניות 22% 100 גרם,פרי ניר,IL,רסק עגבניות,גרמים,100.00,100 גרם,false,0,1.90,1.90,true,1,
7290002020837,false,לחמניות מיני חלה,גידרון,IL,לחמניות מיני חל,יחידה,1.00,יחידה,false,0,3.90,3.90,true,1,
7290002022046,false,מרשמלו ורוד לבן 180 גרם,כרמית,IL,מרשמלו ורוד לבן,גרמים,180.00,100 גרם,false,0,7.80,4.33,true,1,
7290002026341,false,ציפס בטטה 500 גרם,מוצרי איכות אמריקאיים,IL,ציפס בטטה,גרמים,500.00,100 גרם,false,12,19.70,3.94,true,1,
7290002026402,false,בלינצ'ס גבינה קפוא 350גר,מוצרי איכות אמריקאיים,IL,בלינצ'ס גבינה קפוא 350גר,גרמים,350.00,100 גרם,false,0,15.30,4.37,true,1,
7290002037194,false,לחם שחור קמח מלא 750 גרם,מאפית ברמן,IL,לחם שחור קמח מלא 750 גרם,גרמים,750.00,100 גרם,false,0,13.10,1.75,true,1,
7290002037309,false,8לחמניות המבורגר ארוז400,מאפית ברמן,IL,8לחמניות המבורגר ארוז400,גרמים,400.00,100 גרם,false,0,10.80,2.70,true,1,
7290002037545,false,לחם שחור קל פרוס 750 גרם,מאפית ברמן,IL,לחם שחור קל פרוס 750 גרם,גרמים,750.00,100 גרם,false,0,13.80,1.84,true,1,
7290002040019,false,קוסקוס רגיל 350 גרם,קוסקוס מזון,IL,קוסקוס רגיל,גרמים,350.00,100 גרם,false,0,4.90,1.40,true,1,
7290002040064,false,קוסקוס דק 350 גרם,קוסקוס מזון,IL,קוסקוס דק,גרמים,350.00,100 גרם,false,0,4.90,1.40,true,1,
7290002040071,false,קוסקוס עבה 350 גרם,קוסקוס מזון,IL,קוסקוס עבה,גרמים,350.00,100 גרם,false,0,4.90,1.40,true,1,
7290002040088,false,קוסקוס מלא 350 גרם,קוסקוס מזון,IL,קוסקוס מלא,גרמים,350.00,100 גרם,false,0,6.30,1.80,true,1,
7290002057031,false,זית מבוקע בשמן זית 540גר,קבוצת יבנה,IL,זית מבוקע בשמן,גרמים,540.00,100 גרם,false,0,7.70,1.43,true,1,
7290002057055,false,זיתים סורים ירוקים540גרם,קבוצת יבנה,IL,זית סורי ירוק,גרמים,540.00,100 גרם,false,0,9.90,1.83,true,1,
7290002057062,false,זית מנזנילו בינוני 540גר,קבוצת יבנה,IL,זית מנזנילו,גרמים,540.00,100 גרם,false,0,7.80,1.44,true,1,
7290002057123,false,מנזנילו ירוק ל.גלעין540ג,קבוצת יבנה,IL,זית ללא גלעין,גרמים,540.00,100 גרם,false,0,8.50,1.57,true,1,
7290002057178,false,זית מנזניל.טבעי גדול540ג,קבוצת יבנה,IL,זית שחור טבעי,גרמים,540.00,100 גרם,false,0,8.70,1.61,true,1,
7290002057185,false,טבעות זיתים ירוקים540גרם,קבוצת יבנה,IL,טבעות זיתים,גרמים,540.00,100 גרם,false,0,8.90,1.65,true,1,
7290002057345,false,"מלפפון במלח 30-36 3 ק""ג",קבוצת יבנה,IL,מלפפון במלח,קילוגרמים,3.00,"ק""ג",false,0,21.30,7.10,true,1,
7290002057352,false,מלפפונים 7-9 במלח 540גרם,קבוצת יבנה,IL,מלפפון במלח 7-9,גרמים,540.00,100 גרם,false,0,5.90,1.09,true,1,
7290002057369,false,מלפפון במלח 10-12 540גרם,קבוצת יבנה,IL,מלפפונים במלח,גרמים,540.00,100 גרם,false,0,6.50,1.20,true,1,
7290002057376,false,מלפ. במלח קטן13-17 540גר,קבוצת יבנה,IL,מלפפונים במלח,גרמים,540.00,100 גרם,false,0,8.80,1.63,true,1,
7290002057383,false,מלפפון במלח 18-25 540גרם,קבוצת יבנה,IL,מלפפונים במלח,גרמים,540.00,100 גרם,false,0,10.80,2.00,true,1,
7290002057475,false,מלפ.בחומץ קטן13-17 540גר,קבוצת יבנה,IL,מלפפונים בחומץ,גרמים,540.00,100 גרם,false,0,8.80,1.63,true,1,
7290002057482,false,מלפפון בחומץ 18-25 540גר,קבוצת יבנה,IL,מלפפונים בחומץ,גרמים,540.00,100 גרם,false,0,10.80,2.00,true,1,
7290002057604,false,פלפל חריף שיפקה 540 גרם,קבוצת יבנה,IL,פלפל חריף שיפקה,גרמים,540.00,100 גרם,false,0,5.10,0.94,true,1,
7290002057703,false,חצילים במלח קבוצת 540גרם,קבוצת יבנה,IL,חצילים במלח,גרמים,540.00,100 גרם,false,0,5.90,1.09,true,1,
7290002061137,false,אורנה 19 קרם דפילטור80גר,אלפא קוסמטיקה,IL,קרם להסרת שיער,גרמים,80.00,100 גרם,false,0,14.80,18.50,true,1,
7290002065616,false,לחם שיפון גרעינים 750גרם,מאפיית שלמה א. אנג'ל,IL,לחם שיפון גרעינים 750גרם,גרמים,750.00,100 גרם,false,0,10.90,1.45,true,1,
7290002065623,false,לחם שיפון כפרי 750 גרם,מאפיית שלמה א. אנג'ל,IL,לחם שיפון כפרי 750 גרם,גרמים,750.00,100 גרם,false,0,10.90,1.45,true,1,
7290002077268,false,מיני קציצות דג לבישול 00,נטו,IL,קציצות דג,גרמים,500.00,100 גרם,false,0,21.70,4.34,true,1,
7290002077763,false,סטייק אנטריקוט מיושן אל,נטו,IL,סטייק אנטריקוט מיושן אל,קילוגרמים,0.00,"ק""ג",true,0,99.90,99.90,true,1,
7290002079033,false,לחם דגנים לייט 500 גרם,מאפיית דוידוביץ,IL,לחם דגנים לייט,גרמים,500.00,100 גרם,false,0,13.80,2.76,true,1,
7290002079316,false,חלה רגילה פרוסה 500 גרם,מאפיית דוידוביץ,IL,חלה רגילה פרוסה,גרמים,500.00,100 גרם,false,0,8.50,1.70,true,1,
7290002079583,false,מאפה מיוחד לטוסט פרוס500,מאפיית דוידוביץ,IL,מאפה מיוחד לטוסט פרוס500,גרמים,500.00,100 גרם,false,0,8.00,1.60,true,1,
7290002079927,false,לחם דגנים מלא 750 גרם,מאפיית דוידוביץ,IL,לחם דגנים מלא,גרמים,750.00,100 גרם,false,0,14.80,1.97,true,1,
7290002079996,false,לחם אחיד פרוס קל 750 גרם,מאפיית דוידוביץ,IL,לחם אחיד פרוס קל,גרמים,750.00,100 גרם,false,0,13.80,1.84,true,1,
7290002107316,false,גבינת טבורוג 5% משקל,משק צוריאל תבור,IL,גבינת טבורוג 5% משקל,קילוגרמים,0.00,"ק""ג",true,0,47.00,47.00,true,1,
7290002107491,false,גב.עיזים5% למריחה 250 גר,משק צוריאל תבור,IL,גבינת עיזים 5%,גרמים,250.00,100 גרם,false,0,14.80,5.92,true,1,
7290002107743,false,צפתית מעודנת5%משק צוריאל,משק צוריאל תבור,IL,צפתית מעודנת5%משק צוריאל,קילוגרמים,0.00,"ק""ג",true,0,56.00,56.00,true,1,
7290002107798,false,בולגרית מעודנת 5% 250 גר,משק צוריאל תבור,IL,גבינה בולגרית 5%,גרמים,250.00,100 גרם,false,0,16.90,6.76,true,1,
7290002109372,false,בורקס פילו גבינה בולגרית,"שגמור בע""מ",IL,בורקס פילו גבינה בולגרית,גרמים,700.00,100 גרם,false,0,20.70,2.96,true,1,
7290002130567,false,דבש טהור יד מרדכי 350גרם,יד מרדכי,IL,דבש טהור,גרמים,350.00,100 גרם,false,0,19.90,5.69,true,1,
7290002130574,false,דבש מפרחי בר יד מרדכי500,יד מרדכי,IL,דבש מפרחי בר יד מרדכי500,גרמים,500.00,100 גרם,false,0,24.70,4.94,true,1,
7290002130581,false,דבש בצנצנת יד מרדכי 1ק,יד מרדכי,IL,דבש טהור,קילוגרמים,1.00,"ק""ג",false,0,41.50,41.50,true,1,
7290002133070,false,גב.קשקבל טורקי צאן22%משק,מחלבת השומרון,IL,גב.קשקבל טורקי צאן22%משק,קילוגרמים,0.00,"ק""ג",true,0,99.00,99.00,true,1,
7290002133087,false,גבינה בולגרית צאן20%משקל,מחלבת השומרון,,גבינה בולגרית צאן20%משקל,גרמים,0.00,"ק""ג",true,0,87.00,87.00,true,1,
7290002133117,false,בולגרית מעודנת 5% במשקל,מחלבת השומרון,IL,בולגרית מעודנת 5% במשקל,קילוגרמים,0.00,"ק""ג",true,0,45.00,45.00,true,1,
7290002133193,false,גבינה בולגרית 5% משקל,מחלבת השומרון,IL,גבינה בולגרית 5% משקל,קילוגרמים,0.00,"ק""ג",true,0,58.00,58.00,true,1,
7290002155904,false,סירופ תות,,,סירופ תות,ליטרים,4.00,ליטר,false,0,25.80,6.45,true,1,
7290002157953,false,טונה בשמן קנולה140*4ג,ויליגר,IL,טונה בשמן 4 יח,גרמים,560.00,100 גרם,false,1,17.90,3.20,true,1,
7290002157960,false,טונה במים 4 * 140 גרם,ויליגר,IL,טונה במים 4 יח,גרמים,560.00,100 גרם,false,1,17.90,3.20,true,1,
7290002190516,false,ממרח ריבת חלב קומידה500ג,אשבל,IL,ממרח ריבת חלב,גרמים,500.00,100 גרם,false,0,11.90,2.38,true,1,
7290002204275,false,קיווי פרימיום,קטיף,IL,קיווי פרימיום,קילוגרמים,0.00,"ק""ג",true,1,15.90,15.90,true,1,
7290002241225,false,רגל עגל פרוסה חלב מחיר ל,טיבון ויל - נטו,IL,רגל עגל פרוסה,קילוגרמים,0.00,"ק""ג",true,0,35.90,35.90,true,1,
7290002253006,false,שום כתוש דורות 200 גרם,דורות,IL,שום טרי כתוש,גרמים,200.00,100 גרם,false,0,12.90,6.45,true,1,
7290002253105,false,שום במגשית 80 גרם,דורות,IL,שום כתוש קפוא,גרמים,80.00,100 גרם,false,0,10.40,13.00,true,1,
7290002253150,false,בזיליקום קצוץ מגשית 70 ג,דורות,IL,בזיליקום קצוץ,גרמים,70.00,100 גרם,false,0,10.40,14.86,true,1,
7290002253235,false,דורות רוטב פסטו 160גרם,דורות,IL,דורות רוטב פסטו,גרמים,160.00,100 גרם,false,16,11.80,7.38,true,1,
7290002253259,false,דורות רוטב עגבניות בזילי,דורות,IL,דורות רוטב עגבני,גרמים,160.00,100 גרם,false,16,11.80,7.38,true,1,
7290002260806,false,ביסלי ברביקיו חמוץ חרי70,אסם,IL,ביסלי אקסטרים,גרמים,70.00,100 גרם,false,0,4.50,6.43,true,1,
7290002269953,false,בלוז מסיר איפור 2 פאזות,קרליין,IL,בלוז מסיר איפור,מיליליטרים,170.00,"100 מ""ל",false,0,35.00,20.59,true,1,
7290002304203,false,קונפ.תות שדה לייט 600גרם,ענבי ציון,IL,קונפיטורה תות,גרמים,600.00,100 גרם,false,0,19.90,3.32,true,1,
7290002304227,false,קונפ.דובדבן לייט 600ג,ענבי ציון,IL,קונפ.דובדבן,גרמים,600.00,100 גרם,false,0,19.90,3.32,true,1,
7290002304241,false,קונפ.פירות יער לייט600גר,ענבי ציון,IL,קונפ.פירות יער,גרמים,600.00,100 גרם,false,0,19.90,3.32,true,1,
7290002304609,false,קונפיטורה תות שדה 600גרם,ענבי ציון,IL,קונפ. תות שדה,גרמים,600.00,100 גרם,false,0,20.60,3.43,true,1,
7290002319054,false,פרג טחון 100 גרם,מיה,IL,פרג טחון,גרמים,100.00,100 גרם,false,0,4.90,4.90,true,1,
7290002323198,false,ספרינג מיץ תפוחים 1.5 ל',יפאורה שותפות מובגלת לשיווק,IL,ספרינג תפוחים,ליטרים,1.50,ליטר,false,0,6.20,4.13,true,1,
7290002323815,false,משקה קל תפוזים קריסטל 2ל,יפאורה שותפות מובגלת לשיווק,IL,משקה קל תפוזים,ליטרים,2.00,ליטר,false,0,3.60,1.80,true,1,
7290002323822,false,מיץ אשכוליות קריסטל2ליטר,יפאורה שותפות מובגלת לשיווק,IL,קריסטל אשכוליות,ליטרים,2.00,ליטר,false,0,3.60,1.80,true,1,
7290002323839,false,משקה קל ענבים קריסטל 2ל',יפאורה שותפות מובגלת לשיווק,IL,משקה קל ענבים,ליטרים,2.00,ליטר,false,0,3.60,1.80,true,1,
7290002323846,false,משקה קל מנגו 2 ליטר,יפאורה שותפות מובגלת לשיווק,IL,קריסטל מנגו,ליטרים,2.00,ליטר,false,0,3.60,1.80,true,1,
7290002327066,false,קונכיות למילוי 625 גרם,אופרה,IL,קונכיות למילוי,גרמים,625.00,100 גרם,false,0,25.10,4.02,true,1,
7290002331117,false,נביעות+טעם ענבים 1.5ליטר,נביעות טבע,IL,נביעות+ענבים,ליטרים,1.50,ליטר,false,0,7.30,4.87,true,1,
7290002331148,false,נביעות+טעם תפוח 1.5 ליטר,נביעות טבע,IL,נביעות+תפוח,ליטרים,1.50,ליטר,false,0,7.30,4.87,true,1,
7290002331179,false,נביעות+טעם אפרסק 1.5ליטר,נביעות טבע,IL,נביעות+אפרסק,ליטרים,1.50,ליטר,false,0,7.30,4.87,true,1,
7290002331322,false,מים מינרל.נביעות 1.5*6ל,נביעות טבע,IL,מים נביעות 6 יח,ליטרים,9.00,ליטר,false,0,10.90,1.21,true,1,
7290002331360,false,נביעות פקק טו גו 6 500*מ,נביעות טבע,IL,נביעות ספורט 6יח,ליטרים,3.00,ליטר,false,0,11.90,3.97,true,1,
7290002331421,false,נביעות פקק טוגו 6 755*מ,נביעות טבע,IL,נביעות פקק טוגו,ליטרים,4.53,ליטר,false,0,17.50,3.86,true,1,
7290002331483,false,"נביעות בייבי 320*6 מ""ל",נביעות טבע,IL,נביעות בייבי 6יח,ליטרים,1.92,ליטר,false,0,14.90,7.76,true,1,
7290002331490,false,נביעות מים מינרלים 1 ל,נביעות טבע,IL,מים נביעות,ליטרים,1.00,ליטר,false,0,3.30,3.30,true,1,
7290002332022,false,נביעות+משמש אננס 1.5ליטר,נביעות טבע,IL,נביעות+משמש אננס,ליטרים,1.50,ליטר,false,0,7.30,4.87,true,1,
7290002346227,false,מבריק נעליים,,TR,מבריק נעליים,יחידה,1.00,יחידה,false,0,12.20,12.20,true,1,
7290002348283,false,חצאי אפרסקים 820 גרם,הלניק ג'וס אינדוסטרי,GR,חצאי אפרסקים,גרמים,820.00,100 גרם,false,0,6.80,0.83,true,1,
7290002348573,false,מקלוני אורז 300 גרם,ליאונג טונג,TH,מקלוני אורז,גרמים,300.00,100 גרם,false,0,4.70,1.57,true,1,
7290002353324,false,עוג.אוראו 176 גרם,מונדלייז,ES,עוגיות אוראו,גרמים,176.00,100 גרם,false,0,8.90,5.06,true,1,
7290002353836,false,סרדינ.בשמן זית רוברט125ג,נטו,PT,סרדינים בשמן זית,גרמים,115.00,100 גרם,false,0,6.80,5.91,true,1,
7290002360124,false,חל.ורד הבר+היביסקו3.5X2ג,טייקנה,IL,חליטת ורד הבר,גרמים,70.00,100 גרם,false,0,17.60,25.14,true,1,
7290002360278,false,תה צמחים מנטה 20שק2.25Xג,טייקנה,IL,חליטת מנטה,גרמים,45.00,100 גרם,false,0,17.60,39.11,true,1,
7290002371403,false,מארז פסטרמה+נקניק 600גרם,טירת צבי,IL,פסטרמה+נקניק,גרמים,600.00,100 גרם,false,0,28.40,4.73,true,1,
7290002371533,false,סלסולי פסטרמה דבש 120 גר,טירת צבי,IL,סלסולי פסטרמה,גרמים,120.00,100 גרם,false,0,15.30,12.75,true,1,
7290002371540,false,קורנדביף 120 גרם,טירת צבי,IL,קורנדביף,גרמים,120.00,100 גרם,false,0,15.30,12.75,true,1,
7290002371571,false,פסטרמה פרגיות לבגט במשקל,טירת צבי,,פסטרמה פרגיות לבגט במשקל,קילוגרמים,0.00,"ק""ג",true,0,84.00,84.00,true,1,
7290002374640,false,שמן קנולה פלוס אומגה3 1ל,שמן תעשיות,IL,שמן קנולה פלוס,ליטרים,1.00,ליטר,false,0,15.80,15.80,true,1,
7290002410874,false,רבעי פרגיות ממולאות קג,לאטי עזרא,,רבעי פרגיות ממולאות קג,קילוגרמים,0.00,"ק""ג",true,0,49.50,49.50,true,1,
7290002427018,false,קרם גוף פוליגונום 250 מ,מורז,,קרם גוף פוליגו,ליטרים,0.25,ליטר,false,0,49.50,198.00,true,1,
7290002439097,false,זוג פיצה משפ.זתים 2X500,נטו,IL,זוג פיצה משפ.זתי,גרמים,1000.00,100 גרם,false,6,33.00,3.30,true,1,
7290002439400,false,פיצה ביס גבינה+זיתים 700,נטו,IL,פיצה ביס זיתים,גרמים,700.00,100 גרם,false,8,27.70,3.96,true,1,
7290002472186,false,עוגת מאפין שוקו צ'יפס550,גידרון,IL,עוגת מאפין שוק,יחידה,1.00,יחידה,false,0,14.90,14.90,true,1,
7290002472209,false,מאפין שוקו וניל 550 גרם,גידרון,IL,מאפין שוקו וני,יחידה,1.00,יחידה,false,0,14.90,14.90,true,1,
7290002472223,false,עוגת מאפין תפוז 550 גרם,גידרון,IL,עוג.מאפין תפוז,יחידה,1.00,יחידה,false,0,14.90,14.90,true,1,
7290002472254,false,עוגת מאפין אגוזים 550גרם,גידרון,IL,מאפין אגוזים,יחידה,1.00,יחידה,false,0,14.90,14.90,true,1,
7290002472667,false,עוגת שמרים גבינה 520ג,גידרון,IL,עוגת שמרים גבינה,יחידה,1.00,יחידה,false,0,20.80,20.80,true,1,
7290002472841,false,עוגת סבתא שוקולד 850 גרם,גידרון,IL,עוגת סבתא שוקו,יחידה,1.00,יחידה,false,0,16.90,16.90,true,1,
7290002487425,false,עוג.אוראו שוקולד חלב176ג,מונדלייז,ES,עוגיות אוראו,גרמים,176.00,100 גרם,false,0,8.90,5.06,true,1,
7290002487739,false,עוג.אוראו פאדג שוק.חל246,מונדלייז,ES,עוגיות אוראו,גרמים,246.00,100 גרם,false,0,14.90,6.06,true,1,
7290002487746,false,עוג.אוראו פאדג שוק.לב246,מונדלייז,ES,עוגיות אוראו,גרמים,246.00,100 גרם,false,0,14.90,6.06,true,1,
7290002515371,false,קמיל בלו אל סבון נוזלי1ל,פישר מעבדות פרמצבטיות,IL,קמיל בלו לתינוק,ליטרים,1.00,ליטר,false,0,15.00,15.00,true,1,
7290002517290,false,קינמון טחון 40 גרם,תבליני טעם וריח,IL,קינמון טחון,גרמים,40.00,100 גרם,false,0,6.80,17.00,true,1,
7290002541370,false,משקה סויה אלפרו 1 ליטר,אלפרו,IL,משקה סויה טבעי,ליטרים,1.00,ליטר,false,0,12.90,12.90,true,1,
7290002541479,false,"משקה סויה שוקו 250X3 מ""ל",אלפרו,BE,משקה סויה שוקו,מיליליטרים,750.00,"100 מ""ל",false,0,15.50,2.07,true,1,
7290002541981,false,משקה סויה ללא תוספת סוכר,אלפרו,IL,משקה סויה,ליטרים,1.00,ליטר,false,0,12.90,12.90,true,1,
7290002543237,false,קלוג'ס קורנפלקס 750 גרם,קלוג'ס,GB,קורנפלקס קלוגס,גרמים,750.00,100 גרם,false,0,16.90,2.25,true,1,
7290002551003,false,טונה סטארקיסט בשמן 160 ג,סטארקיסט,IL,טונה סטארקיסט,גרמים,160.00,100 גרם,false,0,6.50,4.06,true,1,
7290002581536,false,"וופל נפוליטנה לל""ס 250ג",הדר,IL,"ופלים הדר לל""ס",גרמים,250.00,100 גרם,false,0,7.80,3.12,true,1,
7290002651123,false,מלווח חמסי 5יח 1קג,חמסי,IL,מלווח חמסי,גרמים,1000.00,100 גרם,false,0,14.80,1.48,true,1,
7290002661115,false,"לחם הולנדי 1.200 ק""ג",מאפית ברמן,IL,"לחם הולנדי 1.200 ק""ג",קילוגרמים,1.20,"ק""ג",false,0,16.50,13.75,true,1,
7290002661153,false,"לחם דני קל 1 ק""ג",מאפית ברמן,IL,"לחם דני קל 1 ק""ג",גרמים,1000.00,100 גרם,false,0,16.50,1.65,true,1,
7290002663522,false,תפוזינה משקה קל תפוז1.5ל,יפאורה שותפות מובגלת לשיווק,IL,תפוזינה תפוזים,ליטרים,1.50,ליטר,false,0,5.90,3.93,true,1,
7290002663539,false,תפוזינה אשכוליות 1.5ליטר,יפאורה שותפות מובגלת לשיווק,IL,תפוזינה אשכוליות,ליטרים,1.50,ליטר,false,0,5.90,3.93,true,1,
7290002663805,false,שוופס טוניק 1.5 ליטר,יפאורה שותפות מובגלת לשיווק,IL,שוופס מי טוניק,ליטרים,1.50,ליטר,false,0,7.90,5.27,true,1,
7290002674269,false,"מש.אקווה פרש עדין125מ""ל",ג.' אס.קיו,IL,משחת שיניים,מיליליטרים,125.00,"100 מ""ל",false,0,6.90,5.52,true,1,
7290002692478,false,שמן זית מעודן כ.מעולה750,שמן תעשיות,IL,שמן זית מעודן,מיליליטרים,750.00,"100 מ""ל",false,0,33.90,4.52,true,1,
7290002692553,false,"זיתולה עץ הזית 750 מ""ל",שמן תעשיות,IL,זיתולה עץ הזית,מיליליטרים,750.00,"100 מ""ל",false,0,12.90,1.72,true,1,
7290002706731,false,"רצועות פילה נילוס בעל""ז",דלידג - נטו,IL,"רצועות פילה נילוס בעל""ז",קילוגרמים,0.00,"ק""ג",true,0,54.90,54.90,true,1,
7290002706915,false,"פילה נסיכת נילוס ק""ג",דלידג - נטו,IL,פילה נסיכת נילוס,קילוגרמים,0.00,"ק""ג",true,0,39.90,39.90,true,1,
7290002715504,false,מג'יק נודלס,,,מג'יק נודלס,גרמים,70.00,100 גרם,false,0,4.50,6.43,true,1,
7290002715511,false,ארוחת איטר.מג'יק-בשר70גר,,,ארוחת איטר.מג'יק-בשר70גר,גרמים,70.00,100 גרם,false,0,4.50,6.43,true,1,
7290002715528,false,ארוחת איטר.מג'יק ירקות70,,SG,ארוחת איטר.מג'יק ירקות70,גרמים,70.00,100 גרם,false,0,4.50,6.43,true,1,
7290002715580,false,ארוחת איטריות מג'יק-סיני,,SG,ארוחת איטריות מג'יק-סיני,גרמים,70.00,100 גרם,false,0,4.50,6.43,true,1,
7290002730262,false,פלמוליב קלאסי ירוק 750מל,קולגייט-פלמוליב,GR,פלמוליב לכלים,מיליליטרים,750.00,"100 מ""ל",false,0,9.70,1.29,true,1,
7290002730354,false,12 תחבושות הגיינה וניה,ג'ונסון,BE,תחבושות הגיינה,יחידה,1.00,יחידה,false,0,24.50,24.50,true,1,
7290002730668,false,משחת קולגייט לחניכיים100,קולגייט-פלמוליב,PL,משחת קולגייט לחניכיים100,מיליליטרים,100.00,"100 מ""ל",false,0,14.90,14.90,true,1,
7290002730675,false,"משחת קולגייט אדום 100מ""ל",קולגייט-פלמוליב,PL,"משחת קולגייט אדום 100מ""ל",מיליליטרים,100.00,"100 מ""ל",false,0,9.50,9.50,true,1,
7290002730958,false,סב.פלמוליב ירוק 100*4 גר,קולגייט-פלמוליב,TR,סבון פלמוליב 4יח,גרמים,400.00,100 גרם,false,0,16.80,4.20,true,1,
7290002741480,false,בייגלה שמיניות שומשום300,יוניליוור,IL,בייגלה שומשום,גרמים,300.00,100 גרם,false,1,8.90,2.97,true,1,
7290002752332,false,סוכ.מנטוס טעם פירות37.5ג,מנטוס,NL,סוכריות מנטוס,גרמים,37.00,100 גרם,false,0,3.30,8.92,true,1,
7290002752349,false,סוכ. מנטוס מנטה 37.5 גרם,מנטוס,NL,סוכריות מנטוס,גרמים,37.00,100 גרם,false,0,3.30,8.92,true,1,
7290002753223,false,סוכ.טיק טק תפוז 16X4 גר,פררו - אלבה,EC,סוכריות טיק טק,גרמים,64.00,100 גרם,false,0,10.90,17.03,true,1,
7290002753995,false,סט דרז'ה צבעוני קישוט150,וורנר טורנש,DE,סט דרז'ה צבעוני,גרמים,150.00,100 גרם,false,0,18.10,12.07,true,1,
7290002757511,false,קציצות דג לבישול 750 גרם,דלידג - נטו,IL,קציצות דג,גרמים,750.00,100 גרם,false,0,30.60,4.08,true,1,
7290002757528,false,"בורקס פילו תפו""א 700 גרם","שגמור בע""מ",IL,"בורקס פילו תפו""א 700 גרם",גרמים,700.00,100 גרם,false,0,20.70,2.96,true,1,
7290002757535,false,בור.פילו אצבעות גב700.גר,"שגמור בע""מ",IL,בור.פילו אצבעות גב700.גר,גרמים,700.00,100 גרם,false,0,20.70,2.96,true,1,
7290002759126,false,מארז מיני פיתה 10יח50*גר,מעיין תעשיות מאפה,IL,מיני פיתה 10 יח',גרמים,500.00,100 גרם,false,0,9.90,1.98,true,1,
7290002759157,false,מארז מקלות בייגלה 5יח',גידרון,IL,מקלות בייגלה 5יח,יחידה,1.00,יחידה,false,0,11.90,11.90,true,1,
7290002759164,false,מארז בייגלה ירושלמי4יח',גידרון,IL,4 בייגלה ירושלמי,יחידה,1.00,יחידה,false,0,11.90,11.90,true,1,
7290002768074,false,דרמפון סבון ללא סבון 1 ל,קרליין,IL,דרמפון אל סבון,ליטרים,1.00,ליטר,false,0,16.90,16.90,true,1,
7290002768159,false,בת אורן סבון נוזלי 500מל,קרליין,IL,סבון אמבט בת אור,מיליליטרים,500.00,"100 מ""ל",false,0,18.60,3.72,true,1,
7290002771104,false,קפה אל נח'לה עם הל 500גר,קפה אל נח'לה,IL,קפה עם הל,גרמים,500.00,100 גרם,false,0,30.20,6.04,true,1,
7290002771111,false,קפה אל נח'לה עם הל250גרם,קפה אל נח'לה,IL,קפה עם הל,גרמים,250.00,100 גרם,false,0,15.70,6.28,true,1,
7290002771128,false,קפה אל נח'לה בלי הל 250ג,קפה אל נח'לה,IL,קפה בלי הל,גרמים,250.00,100 גרם,false,0,16.60,6.64,true,1,
7290002775010,false,מיני בורקס פילו גבינה 50,"שגמור בע""מ",IL,מיני בורקס פילו,גרמים,650.00,100 גרם,false,0,20.70,3.18,true,1,
7290002782131,false,דאודורנט פ.רוזנבלום150מל,"ביסקול בע""מ",IL,דאודורנט פנינה,מיליליטרים,150.00,"100 מ""ל",false,0,24.70,16.47,true,1,
7290002782759,false,"קרם גוף מס2' פנינה340מ""ל",א.ל ארמן,IL,קרם גוף פנינה,מיליליטרים,340.00,"100 מ""ל",false,0,24.70,7.26,true,1,
7290002787716,false,חמאה עלמה 100 גרם,מלקפול,PL,חמאה עלמה,גרמים,100.00,100 גרם,false,1,3.80,3.80,true,1,
7290002787761,false,גבינה צהובה עלמה26% משקל,מלקוויטה,PL,גבינה צהובה עלמה26% משקל,קילוגרמים,0.00,"ק""ג",true,0,30.00,30.00,true,1,
7290002794422,false,קנט קלאסי ארוך חפיסה,bat,TR,קנט קלאסי יח',יחידה,1.00,יחידה,false,0,33.50,33.50,false,1,
7290002814023,false,אסלונית לניקוי אסלות750מ,קומפלקס כימיקלים,IL,אסלונית,מיליליטרים,750.00,"100 מ""ל",false,0,7.80,1.04,true,1,
7290002814160,false,מסיר שומנים סנט מוריץ 1ל,קומפלקס כימיקלים,IL,מסיר שומנים,ליטרים,1.00,ליטר,false,1,16.90,16.90,true,1,
7290002814214,false,קצף ניקוי לכל.סניטרים750,קומפלקס כימיקלים,IL,קצף ניקוי,מיליליטרים,750.00,"100 מ""ל",false,0,10.30,1.37,true,1,
7290002814412,false,שמפו לכלים ירוק 1.5 ליטר,קומפלקס כימיקלים,IL,שמפו לכלים,ליטרים,1.50,ליטר,false,0,10.00,6.67,true,1,
7290002814528,false,נוזל לאסלה מס' 1 1 ליטר,קומפלקס כימיקלים,IL,נוזל לאסלה מס' 1,ליטרים,1.00,ליטר,false,0,6.60,6.60,true,1,
7290002814928,false,פרלמנט קצר בודד,פיליפ מוריס,IL,פרלמנט קצר בודד,יחידה,1.00,יחידה,false,0,36.00,36.00,false,1,
7290002824183,false,גב.סקי משפחתי5%שומן500ג,שטראוס,IL,גבינת סקי 5%,גרמים,500.00,100 גרם,false,0,9.20,1.84,true,1,
7290002824466,false,יוגורט ביו 0% דנונה 200ג,שטראוס,IL,יוגורט ביו 0%,גרמים,200.00,100 גרם,false,0,3.60,1.80,true,1,
7290002824640,false,גב.סקי5%לבנה מעודנת250ג,שטראוס,IL,גבינת סקי 5%,גרמים,250.00,100 גרם,false,0,4.60,1.84,true,1,
7290002825692,false,סלט חומוס אחלה 500 גרם,שטראוס,IL,סלט חומוס,גרמים,500.00,100 גרם,false,0,9.80,1.96,true,1,
7290002825722,false,כרוב אדום אחלה 500 גרם,שטראוס,IL,סלט כרוב אחלה,גרמים,500.00,100 גרם,false,0,13.80,2.76,true,1,
7290002830948,false,גבינת מון בלאן עיזים120ג,נטו,IL,גבינת מון בלאן,גרמים,120.00,100 גרם,false,0,10.00,8.33,true,1,
7290002833525,false,מרלבורו רד קצר בוקס חפ.,פיליפ מוריס,,מרלבורו רד חפיסה,יחידה,1.00,יחידה,false,0,33.50,33.50,false,1,
7290002833923,false,פרלמנט סילבר חפיסה,פיליפ מוריס,US,פרלמנט סילבר,יחידה,1.00,יחידה,false,0,36.00,36.00,false,1,
7290002845122,false,ל.מ. סילבר לייבל חפיסה,פיליפ מוריס,,ל.מ. סילבר ליי,יחידה,1.00,יחידה,false,0,31.50,31.50,false,1,
7290002852724,false,ל.מ. בלו לייבל קצר,פיליפ מוריס,US,ל.מ. בלו לייבל,יחידה,1.00,יחידה,false,0,31.50,31.50,false,1,
7290002862000,false,אריסה תוניסאית 250 גרם,"הררית מזון בע""מ",IL,אריסה תוניסאית,גרמים,250.00,100 גרם,false,0,11.90,4.76,true,1,
7290002868996,false,קוטג' 5%מועשר בסידן 250ג,טרה,IL,קוטג' 5% מועשר,גרמים,250.00,100 גרם,false,0,5.20,2.08,true,1,
7290002871248,false,"טובורג רד בק.חוזר 500מ""ל",קרלסברג ישראל,IL,בירה טובורג רד,מיליליטרים,500.00,"100 מ""ל",false,0,8.40,1.68,true,1,
7290002871361,false,בירה קרלסברג בק.חוזר500מ,קרלסברג ישראל,IL,בירה קרלסברג,מיליליטרים,500.00,"100 מ""ל",false,0,8.40,1.68,true,1,
7290002871446,false,פריגת ענבים 1.5 ליטר,פריגת,IL,פריגת ענבים,ליטרים,1.50,ליטר,false,0,6.50,4.33,true,1,
7290002871460,false,פריגת תפוזים 1.5 ליטר,פריגת,IL,פריגת תפוזים,ליטרים,1.50,ליטר,false,0,6.50,4.33,true,1,
7290002871477,false,פריגת אשכוליות 1.5 ליטר,פריגת,IL,פריגת אשכוליות,ליטרים,1.50,ליטר,false,0,6.50,4.33,true,1,
7290002871484,false,דיאט פריגת תפוזים 1.5 ל',פריגת,IL,פריגת דיאט תפוז,ליטרים,1.50,ליטר,false,0,6.50,4.33,true,1,
7290002876326,false,פרלמנט קצר בלו בודד,פיליפ מוריס,IL,פרלמנט קצר בלו,יחידה,1.00,יחידה,false,0,36.00,36.00,false,1,
7290002881209,false,"רסק תפו""ע 700 גרם",KONSERVENFABRIEK BALTUSSEN,US,"רסק תפו""ע",גרמים,700.00,100 גרם,false,0,10.00,1.43,true,1,
7290002881216,false,"רסק תפו""ע דיאט צנצנת700ג",KONSERVENFABRIEK BALTUSSEN,NL,"רסק תפו""ע דיאט",גרמים,700.00,100 גרם,false,0,10.00,1.43,true,1,
7290002881490,false,אלתית במי מלח לימון115ג,מונקבו סיפוד,DK,אלתית במי מלח,גרמים,115.00,100 גרם,false,0,13.80,12.00,true,1,
7290002881920,false,מרלבורו גולד 100 בוקס,פיליפ מוריס,IL,מרלבורו גולד,יחידה,1.00,יחידה,false,0,33.50,33.50,false,1,
7290002886925,false,מרלבורו גולד קצר בוקס,פיליפ מוריס,US,מרלבורו גולד קצר,יחידה,1.00,יחידה,false,0,33.50,33.50,false,1,
7290002900566,false,פסטרמה ברביקיו מופחת360ג,טירת צבי,IL,פסטרמה ברביקיו,גרמים,360.00,100 גרם,false,0,29.90,8.31,true,1,
7290002904694,false,דאו.טיטניום תרסיס 180 מל,קרליין,,דאודורנט טיטניום,מיליליטרים,180.00,"100 מ""ל",false,0,14.90,8.28,true,1,
7290002909415,false,"פילה סול ארוז ק""ג",בלדי,IL,פילה סול ארוז,קילוגרמים,0.00,"ק""ג",true,1,22.90,22.90,true,1,
7290002925798,false,מ.שיניים+ מי פה,,IL,מ.שיניים+ מי פה,מיליליטרים,120.00,"100 מ""ל",false,0,16.00,13.33,true,1,
7290002929642,false,טונה בשמן 4 יח,,IL,טונה בשמן 4 יח,גרמים,560.00,100 גרם,false,0,17.90,3.20,true,1,
7290002954026,false,"שמן תירס ""שוקחה"" 3 ליטר",a.o.r,AR,"שמן תירס ""שוקח",ליטרים,3.00,ליטר,false,0,28.30,9.43,true,1,
7290002954187,false,אורז יסמין,,IL,אורז יסמין,קילוגרמים,5.00,"ק""ג",false,0,38.60,7.72,true,1,
7290002954200,false,אורז יסמין,,TH,אורז יסמין,קילוגרמים,1.00,"ק""ג",false,0,8.80,8.80,true,1,
7290002954460,false,"אורז אוסטרלי עגול 1 ק""ג",רייס גרוברס,AU,אורז אוסטרלי,קילוגרמים,1.00,"ק""ג",false,0,9.40,9.40,true,1,
7290002987963,false,"חומוס אחלה 1 ק""ג",שטראוס,IL,"חומוס אחלה 1 ק""ג",קילוגרמים,1.00,"ק""ג",false,0,13.90,13.90,true,1,
7290003009596,false,סירופ אשכוליות דיאט750מל,פריגת,IL,סירופ אשכוליות,מיליליטרים,750.00,"100 מ""ל",false,0,17.00,2.27,true,1,
7290003015474,false,מגבונ.עבים בייבי כיף72*4,קוסמופארם,IL,מגבוני בייבי כיף,יחידה,1.00,יחידה,false,0,17.90,17.90,true,1,
7290003015627,false,סנו ריצפז פרש אפרסק2ליטר,סנו,IL,ריצפז פרש,ליטרים,2.00,ליטר,false,0,15.00,7.50,true,1,
7290003015634,false,סנו ריצפז פרש פסיפלורה2ל,סנו,IL,ריצפז פרש,ליטרים,2.00,ליטר,false,0,15.00,7.50,true,1,
7290003023165,false,שוקו בכד יטבתה 2 ליטר,יטבתה,IL,שוקו בכד יטבתה,ליטרים,2.00,ליטר,false,0,19.90,9.95,true,1,
7290003026029,false,שמפו קמיל בלו אל דמע500מ,פישר מעבדות פרמצבטיות,,שמפו קמיל בלו,מיליליטרים,500.00,"100 מ""ל",false,0,14.90,2.98,true,1,
7290003026234,false,תחליב לתינוק קמיל בלו500,פישר מעבדות פרמצבטיות,IL,תחליב לתינוק,גרמים,500.00,100 גרם,false,0,29.90,5.98,true,1,
7290003026319,false,קמיל ב.ס. משחה לתינוק100,פישר מעבדות פרמצבטיות,IL,קמיל ב.ס. משחה לתינוק100,גרמים,100.00,100 גרם,false,0,11.90,11.90,true,1,
7290003029181,false,שוקו יטבתה בבקבוק 1 ליטר,יטבתה,IL,שוקו יטבתה,ליטרים,1.00,ליטר,false,0,11.80,11.80,true,1,
7290003029266,false,מילק שייק שוקו יטבתה400מ,יטבתה,IL,מילק שייק שוקו,מיליליטרים,400.00,"100 מ""ל",false,0,6.40,1.60,true,1,
7290003029433,false,שוקו יטבתה+פקק נשלף 250מ,יטבתה,IL,שוקו יטבתה,מיליליטרים,250.00,"100 מ""ל",false,0,5.30,2.12,true,1,
7290003029815,false,חלב מועשר יטבתה 3%כד 2ל',יטבתה,IL,חלב מועשר יטבתה,ליטרים,2.00,ליטר,false,0,15.00,7.50,true,1,
7290003029907,false,אייס קפה יטבתה 2% 1ל,שטראוס,IL,אייס קפה יטבתה,ליטרים,1.00,ליטר,false,0,11.80,11.80,true,1,
7290003031702,false,"נקניקיות הודו חלק 1 ק""ג",טירת צבי,IL,נקניקיות הודו,קילוגרמים,1.00,"ק""ג",false,0,26.90,26.90,true,1,
7290003047642,false,ליפטון ילו לייבל100ש1.5*,יוניליוור,IN,תה ילו לייבל,גרמים,150.00,100 גרם,false,0,11.90,7.93,true,1,
7290003069583,false,סטייק סלמון פרוס נורווגי,דלידג - נטו,XX,סטייק סלמון,קילוגרמים,0.00,"ק""ג",true,0,49.50,49.50,true,1,
7290003069682,false,בצק פילאס 500 גרם,"שגמור בע""מ",IL,בצק פילאס,גרמים,500.00,100 גרם,false,0,18.70,3.74,true,1,
7290003107216,false,"קמח לבן 1 ק""ג",טחנת קמח דגן לישראל,IL,קמח לבן,קילוגרמים,1.00,"ק""ג",false,0,4.90,4.90,true,1,
7290003107223,false,"סולת 1 ק""ג",טחנת קמח דגן לישראל,IL,סולת,קילוגרמים,1.00,"ק""ג",false,0,4.90,4.90,true,1,
7290003107247,false,שמרים יבשים אינסטנט33גרם,שטיבל,IL,שמרים יבשים,גרמים,33.00,100 גרם,false,0,5.00,15.15,true,1,
7290003119110,false,קוקה קולה 1.5*6 ליטר,החברה המרכזית לייצור משקאות,IL,קוקה קולה 1.5*6ל,ליטרים,9.00,ליטר,false,0,34.90,3.88,true,1,
7290003119165,false,קוקה קולה דיאט 1.5*6ל,החברה המרכזית לייצור משקאות,IL,קולה דיאט 6 יח,ליטרים,9.00,ליטר,false,0,35.90,3.99,true,1,
7290003121106,false,ארוחת נודלס,,SG,ארוחת נודלס,גרמים,85.00,100 גרם,false,0,3.90,4.59,true,1,
7290003126712,false,יוגורט עיזים ביו 3% 140ג,משק צוריאל תבור,IL,יוגורט ביו 3%,גרמים,140.00,100 גרם,false,0,5.70,4.07,true,1,
7290003126958,false,טופו טבעי בוואקום 300גרם,משק צוריאל תבור,IL,טופו טבעי בוואקום 300גרם,גרמים,300.00,100 גרם,false,0,12.80,4.27,true,1,
7290003133123,false,לחם מקמח שיפון,,IL,לחם מקמח שיפון,גרמים,750.00,100 גרם,false,0,11.80,1.57,true,1,
7290003133505,false,"לחם ""שיפונטו""",,IL,"לחם ""שיפונטו""",גרמים,750.00,100 גרם,false,0,10.70,1.43,true,1,
7290003143146,false,ממרח תמרים גת 450 גרם,טעמי הגליל,IL,ממרח תמרים,גרמים,450.00,100 גרם,false,0,5.90,1.31,true,1,
7290003144020,false,שוק.מריר 60% צ'וקטה 100ג,קומרשל שוקולד לקאזה אז.איי,ES,שוקולד מריר 60%,גרמים,100.00,100 גרם,false,0,4.90,4.90,true,1,
7290003144082,false,עוגות אישיות צ'וקטה300גר,קונדיטוריה אס.פי.אי,IT,עוגות אישיות,גרמים,300.00,100 גרם,false,1,15.80,5.27,true,1,
7290003144105,false,עוגות אישיות קרמל 300גרם,קונדיטוריה אס.פי.אי,IT,עוגות אישיות,גרמים,300.00,100 גרם,false,1,15.80,5.27,true,1,
7290003153831,false,שוש חטיף בוטנים 80 גרם,עלית,IL,שוש חטיף בוטנים,גרמים,80.00,100 גרם,false,0,3.90,4.88,true,1,
7290003158980,false,מארז פיתה פרנה 3יח180*גר,מאפיית אורן משי,IL,פיתה פרנה,גרמים,540.00,100 גרם,false,0,12.40,2.30,true,1,
7290003189045,false,בנוסח הולנדית 26% משקל,תעש' מזון יבנה,IL,בנוסח הולנדית 26% משקל,קילוגרמים,0.00,"ק""ג",true,0,40.00,40.00,true,1,
7290003189076,false,פיצרלה מגורדת22% 500 גרם,כפיר,IL,פיצרלה מגורדת,גרמים,500.00,100 גרם,false,0,17.90,3.58,true,1,
7290003189199,false,מעדן חריפה 26% במשקל,תעש' מזון יבנה,IL,מעדן חריפה 26% במשקל,קילוגרמים,0.00,"ק""ג",true,0,40.00,40.00,true,1,
7290003189267,false,הצהובה הטובה קלאס5% 200ג,כפיר,IL,הצהובה טובה לייט,גרמים,200.00,100 גרם,false,0,14.80,7.40,true,1,
7290003189274,false,בנוסח מעושנת גליל26%משקל,תעש' מזון יבנה,IL,בנוסח מעושנת גליל26%משקל,קילוגרמים,0.00,"ק""ג",true,0,43.00,43.00,true,1,
7290003189380,false,מעדן עם שום ושמיר26%משקל,תעש' מזון יבנה,IL,מעדן עם שום ושמיר26%משקל,קילוגרמים,0.00,"ק""ג",true,0,43.00,43.00,true,1,
7290003220519,false,"קרם קוקוס גולד 400 מ""ל",אזיאטיק אגרו אינדסטרי,TH,קרם קוקוס גולד,מיליליטרים,400.00,"100 מ""ל",false,0,9.90,2.48,true,1,
7290003220526,false,"רוטב צ'ילי חריף 700 מ""ל",תאי פרידה אינדסטרי,TH,רוטב צ'ילי חריף,מיליליטרים,700.00,"100 מ""ל",false,0,15.90,2.27,true,1,
7290003220601,false,רוטב צ'ילי מתוק ווק300מ,תאי פרידה אינדסטרי,TH,רוטב צ'ילי ווק,מיליליטרים,300.00,"100 מ""ל",false,0,9.90,3.30,true,1,
7290003220717,false,אצות נורי לסושי 22 גרם,ג'י וואן גלובול נאט,TH,אצות נורי לסושי,גרמים,22.00,100 גרם,false,0,12.90,58.64,true,1,
7290003220762,false,מקלות אורז עובי 2 400ג,אסיאן סופירה פודס,TH,מקלות אורז,גרמים,400.00,100 גרם,false,0,8.80,2.20,true,1,
7290003229109,false,פסטרמה בפפריקה 400 גרם,טירת צבי,IL,פסטרמה בפפריקה,גרמים,400.00,100 גרם,false,0,31.40,7.85,true,1,
7290003229116,false,פסטרמה הודו בדבש 400 גרם,טירת צבי,IL,פסטרמה הודו בדבש,גרמים,400.00,100 גרם,false,0,31.40,7.85,true,1,
7290003229147,false,סלמי איטלקי 300 גרם,טירת צבי,IL,סלמי איטלקי,גרמים,300.00,100 גרם,false,0,28.90,9.63,true,1,
7290003229154,false,סלמי קוניאק 300 גרם,טירת צבי,IL,סלמי קוניאק,גרמים,300.00,100 גרם,false,0,28.90,9.63,true,1,
7290003231003,false,מיוקל 5% שמן זית 500 גרם,יוניליוור,IL,מיוקל שמן זית,גרמים,500.00,100 גרם,false,0,12.90,2.58,true,1,
7290003231508,false,שמפו פינוק עם קרטין 700,יוניליוור,IL,שמפו פינוק,מיליליטרים,700.00,"100 מ""ל",false,0,10.00,1.43,true,1,
7290003246595,false,פנג'ל פלוס קרם ידיים100מ,אינטרקוסמא,CH,קרם ידיים פנג'ל,מיליליטרים,100.00,"100 מ""ל",false,0,13.00,13.00,true,1,
7290003321155,false,דנונה בר פקאן 183 גרם,שטראוס,IL,דנונה בר פקאן,גרמים,183.00,100 גרם,false,0,4.50,2.46,true,1,
7290003321292,false,גב.סקי 9% שומן 250 גרם,שטראוס,IL,גבינת סקי 9%,גרמים,250.00,100 גרם,false,0,4.60,1.84,true,1,
7290003335190,false,עלי גפן,,IL,עלי גפן,גרמים,400.00,100 גרם,false,0,7.90,1.98,true,1,
7290003387410,false,פדים להסרת איפור 80*3 יח,ספטונה,GR,פדים בלונס 3 יח,יחידה,1.00,יחידה,false,0,24.10,24.10,true,1,
7290003411238,false,שמרים יבשים 500 גרם,הנמל,BE,שמרים יבשים,גרמים,500.00,100 גרם,false,0,14.00,2.80,true,1,
7290003411849,false,גרנולה תמרים ושקדים 400ג,הנמל,IL,גרנולה תמרים,גרמים,400.00,100 גרם,false,0,11.20,2.80,true,1,
7290003411993,false,גפרורים 10 יח',הנמל,IL,גפרורים,יחידה,1.00,יחידה,false,0,3.20,3.20,true,1,
7290003423909,false,חטיף שוק.לבן שברי עוג43.,הרשי שוקולד,US,חטיף שוקולד לבן,גרמים,43.00,100 גרם,false,0,4.90,11.40,true,1,
7290003427154,false,"שמן זית כתית מעולה750מ""ל",זיתא,IL,שמן זית כתית,מיליליטרים,750.00,"100 מ""ל",false,0,35.90,4.79,true,1,
7290003438006,false,רוטב פסטו אוליביה 180 גר,אוליביה,IL,רוטב פסטו,גרמים,180.00,100 גרם,false,0,12.90,7.17,true,1,
7290003438013,false,ממרח זיתים ירוקים 190גרם,אוליביה,IL,ממרח זיתים,גרמים,190.00,100 גרם,false,0,12.90,6.79,true,1,
7290003438020,false,ממרח עגבניות 190 גרם,אוליביה,IL,ממרח עגבניות,גרמים,190.00,100 גרם,false,0,12.90,6.79,true,1,
7290003438051,false,לימון כבוש 280 גרם,אוליביה,IL,לימון כבוש,גרמים,280.00,100 גרם,false,1,16.90,6.04,true,1,
7290003438587,false,פסטו בזיליקום 135 גרם,אוליביה,IL,פסטו בזיליקום,גרמים,135.00,100 גרם,false,0,8.90,6.59,true,1,
7290003438617,false,אריסה חריפה 140 גרם,אוליביה,,אריסה חריפה,גרמים,140.00,100 גרם,false,0,7.90,5.64,true,1,
7290003438990,false,עיטורי עגבנ.מיובשות 280ג,אוליביה,IL,עגבניות מיובשות,גרמים,280.00,100 גרם,false,0,16.70,5.96,true,1,
7290003444009,false,חט.שוקו.חלב+חמאת בוטנ42ג,הרשי שוקולד,US,חטיף שוקולד חלב,גרמים,42.00,100 גרם,false,0,3.90,9.29,true,1,
7290003449305,false,חט.ריזס קריספי קראנצ'י48,הרשי שוקולד,US,חטיף ריזס,גרמים,48.00,100 גרם,false,1,4.90,10.21,true,1,
7290003450091,false,מיונז אמיתי היינץ 430גרם,היינץ,ES,מיונז היינץ,גרמים,430.00,100 גרם,false,0,11.90,2.77,true,1,
7290003451012,false,בקלה צעיר קפוא,,IL,בקלה צעיר קפוא,קילוגרמים,0.00,"ק""ג",true,0,17.90,17.90,true,1,
7290003495078,false,בגט רוסטיק קמח מלא,מאפ גדרון,IL,בגט רוסטיק,יחידה,1.00,יחידה,false,0,7.90,7.90,true,1,
7290003495085,false,בגט רוסטיק,מאפ גדרון,IL,בגט רוסטיק,יחידה,1.00,יחידה,false,0,7.90,7.90,true,1,
7290003495863,false,פיתה אסלית מרובעת110*5גר,מאפיית אנג'ל,IL,5 פיתה מרובעת,גרמים,550.00,100 גרם,false,0,8.90,1.62,true,1,
7290003514038,false,קראנצ'וס גריל 70 גרם,מנה,IL,קראנצ'וס גריל 70 גרם,גרמים,70.00,100 גרם,false,0,3.60,5.14,true,1,
7290003514045,false,קראנצ'וס ברביקיו 70 גרם,מנה,IL,קראנצ'וס ברביקיו 70 גרם,גרמים,70.00,100 גרם,false,0,3.60,5.14,true,1,
7290003514052,false,קראנצ'וס פלאפל 70 גרם,מנה,IL,קראנצ'וס פלאפל,גרמים,70.00,100 גרם,false,0,3.60,5.14,true,1,
7290003514069,false,קראנצ'וס בצל 70 גרם,מנה,IL,קראנצ'וס בצל,גרמים,70.00,100 גרם,false,0,3.60,5.14,true,1,
7290003514373,false,לבבות קלאסי 40 גרם,מנה,IL,לבבות קלאסי,גרמים,40.00,100 גרם,false,0,3.80,9.50,true,1,
7290003514557,false,ציפסונים קלאסי 40 גרם,מנה,IL,ציפסונים קלאסי 40 גרם,גרמים,40.00,100 גרם,false,0,3.90,9.75,true,1,
7290003514618,false,פרונטו קלאסי 50 גרם,מנה,IL,פרונטו קלאסי,גרמים,50.00,100 גרם,false,0,4.50,9.00,true,1,
7290003514625,false,פרונטו נאצ'וס 50 גרם,מנה,IL,פרונטו נאצ'וס,גרמים,50.00,100 גרם,false,0,4.50,9.00,true,1,
7290003514717,false,רב דגנים קלאסי 40 גרם,מנה,IL,רב דגנים קלאסי,גרמים,40.00,100 גרם,false,0,4.00,10.00,true,1,
7290003514816,false,לבבות גריל 40 גרם,מנה,IL,לבבות גריל,גרמים,40.00,100 גרם,false,0,3.80,9.50,true,1,
7290003521395,false,קמיל ב.ס. אל סבון ורוד2ל,פישר מעבדות פרמצבטיות,IL,אל סבון לתינוק,ליטרים,2.00,ליטר,false,0,37.90,18.95,true,1,
7290003525461,false,סלט טונה פיקנטי,,IL,סלט טונה פיקנטי,גרמים,160.00,100 גרם,false,0,6.00,3.75,true,1,
7290003527366,false,אטריות ביצים נודלס400גרם,ויליגר,CN,אטריות ביצים נודלס400גרם,גרמים,400.00,100 גרם,false,0,4.40,1.10,true,1,
7290003550333,false,טחון בקר מופחת שומן 500,טיבון ויל - נטו,IL,טחון בקר מ.שומן,גרמים,500.00,100 גרם,false,0,34.20,6.84,true,1,
7290003550753,false,טונה פוסידון בשמן108*4ג,פוסידון תעשיות,IL,טונה בשמן 4 יח',גרמים,432.00,100 גרם,false,0,22.90,5.30,true,1,
7290003578177,false,תירס צעיר שלם,,TH,תירס צעיר שלם,גרמים,410.00,100 גרם,false,0,4.90,1.20,true,1,
7290003578412,false,חצאי אפרסק בסירופ 820גרם,,CN,חצאי אפרסק בסירופ 820גרם,גרמים,820.00,100 גרם,false,0,7.00,0.85,true,1,
7290003608089,false,ספרינג תות-בננה 1.5 ליטר,יפאורה שותפות מובגלת לשיווק,IL,ספרינג תות בננה,ליטרים,1.50,ליטר,false,0,6.20,4.13,true,1,
7290003608546,false,תפוזינה תות בננה 1.5ליטר,יפאורה שותפות מובגלת לשיווק,IL,תפוזינה תות בננה,ליטרים,1.50,ליטר,false,0,5.90,3.93,true,1,
7290003608560,false,קולה R.C. 1.5 ליטר,יפאורה שותפות מובגלת לשיווק,IL,R.C קולה,ליטרים,1.50,ליטר,false,0,4.60,3.07,true,1,
7290003608621,false,קולה RC מארז 1.5*6 ליטר,יפאורה שותפות מובגלת לשיווק,IL,RC קולה 6 יח',ליטרים,9.00,ליטר,false,0,23.90,2.66,true,1,
7290003608898,false,תפוזינה דיאט תפוז 1.5ל,יפאורה שותפות מובגלת לשיווק,IL,תפוזינה דיאט,ליטרים,1.50,ליטר,false,0,5.90,3.93,true,1,
7290003643004,false,אורז בסמטי קלאסי בשקית1ק,סוגת,IL,אורז בסמטי קלאסי,קילוגרמים,1.00,"ק""ג",false,0,12.90,12.90,true,1,
7290003643387,false,"סוכר לבן צנצנת 1 ק""ג",סוגת,IL,"סוכר לבן צנצנת 1 ק""ג",קילוגרמים,1.00,"ק""ג",false,0,5.90,5.90,true,1,
7290003643646,false,"סוכר דמררה צנצנת 1 ק""ג",סוגת,IL,"סוכר דמררה צנצנת 1 ק""ג",קילוגרמים,1.00,"ק""ג",false,0,10.90,10.90,true,1,
7290003643684,false,אפונה 500 גרם,סוגת,IL,אפונה 500 גרם,גרמים,500.00,100 גרם,false,0,5.90,1.18,true,1,
7290003643714,false,חומוס לבן גרגרים 500 גרם,סוגת,IL,חומוס לבן,גרמים,500.00,100 גרם,false,0,6.10,1.22,true,1,
7290003643738,false,חיטה 500 גרם,סוגת,IL,חיטה 500 גרם,גרמים,500.00,100 גרם,false,0,5.90,1.18,true,1,
7290003643745,false,כוסמת 500 גרם,סוגת,IL,כוסמת,גרמים,500.00,100 גרם,false,0,5.90,1.18,true,1,
7290003643752,false,עדשים ירוקות 500 גרם,סוגת,IL,עדשים ירוקות,גרמים,500.00,100 גרם,false,0,5.90,1.18,true,1,
7290003643776,false,פופקורן 500 גרם,סוגת,IL,פופקורן 500 גרם,גרמים,500.00,100 גרם,false,0,5.90,1.18,true,1,
7290003643806,false,שעועית לבנה 500 גרם,סוגת,IL,שעועית לבנה,גרמים,500.00,100 גרם,false,0,11.80,2.36,true,1,
7290003643820,false,חומוס לבן ענק 500 גרם,סוגת,IL,חומוס לבן ענק,גרמים,500.00,100 גרם,false,0,7.80,1.56,true,1,
7290003667109,false,פאנטה אורנג' 1.5 ל',החברה המרכזית לייצור משקאות,IL,פאנטה אורנג',ליטרים,1.50,ליטר,false,0,6.90,4.60,true,1,
7290003667369,false,פריגת תות-בננה 1.5ל,פריגת,IL,פריגת תות בננה,ליטרים,1.50,ליטר,false,0,6.50,4.33,true,1,
7290003719006,false,לחם ליבו שיפון 80% 750גר,מאפית ברמן,IL,לחם ליבו שיפון 80% 750גר,גרמים,750.00,100 גרם,false,0,13.80,1.84,true,1,
7290003719259,false,לחם אקסקלוסיבי שיפ.מלא1ק,מאפית ברמן,IL,לחם אקסקלוסיבי שיפ.מלא1ק,קילוגרמים,1.00,"ק""ג",false,0,14.80,14.80,true,1,
7290003719280,false,לחם דגנים 750 גרם,מאפית ברמן,IL,לחם דגנים 750 גרם,גרמים,750.00,100 גרם,false,0,15.80,2.11,true,1,
7290003727667,false,"סלט חומוס צבר 1 ק""ג",צבר,IL,סלט חומוס צבר,קילוגרמים,1.00,"ק""ג",false,0,14.90,14.90,true,1,
7290003804252,false,תיבול.קנור לאורז-הודי72ג,יוניליוור,IL,תיבוליות קנור,גרמים,72.00,100 גרם,false,0,7.90,10.97,true,1,
7290003804320,false,תיבול.קנור שום+פטרוזיל72,יוניליוור,IL,תיבוליות קנור,גרמים,72.00,100 גרם,false,0,7.90,10.97,true,1,
7290003804368,false,תיבול.קנור בזיליקום72גרם,יוניליוור,IL,תיבוליות קנור,גרמים,72.00,100 גרם,false,0,7.90,10.97,true,1,
7290003804382,false,תיבולית קנור פיטריות72גר,יוניליוור,IL,תיבוליות פטריות,גרמים,72.00,100 גרם,false,0,7.90,10.97,true,1,
7290003804832,false,קוקומן צדפים 750 גרם,יוניליוור,IL,קוקומן צדפים,גרמים,750.00,100 גרם,false,0,29.70,3.96,true,1,
7290003805099,false,בייגלה שבורים ברביקיו225,יוניליוור,IL,בייגלה שבורים,גרמים,225.00,100 גרם,false,0,9.80,4.36,true,1,
7290003805112,false,בייגלה שבור.מלח פלפל225ג,יוניליוור,IL,בייגלה שבורים,גרמים,225.00,100 גרם,false,0,9.80,4.36,true,1,
7290003805501,false,פתית חסכוני שוודית 300גר,יוניליוור,IL,פתית קרקר שוודי,גרמים,300.00,100 גרם,false,0,17.50,5.83,true,1,
7290003805525,false,קורנפלקס 750 גרם,יוניליוור,IL,קורנפלקס תלמה,גרמים,750.00,100 גרם,false,0,14.90,1.99,true,1,
7290003805532,false,"שוגי פיצי דגנים בד""ץ500ג",יוניליוור,IL,שוגי פיצי תלמה,גרמים,500.00,100 גרם,false,0,15.90,3.18,true,1,
7290003805587,false,"פתית חיטה מלאה בד""צ250גר",יוניליוור,IL,פתית חיטה מלאה,גרמים,250.00,100 גרם,false,0,17.50,7.00,true,1,
7290003805709,false,"כריות נוגט בד""צ 750 גרם",יוניליוור,IL,כריות נוגט,גרמים,750.00,100 גרם,false,0,23.90,3.19,true,1,
7290003805716,false,נמס בכוס ט.עוף 24*2 גרם,יוניליוור,IL,נמס בכוס ועוד,גרמים,48.00,100 גרם,false,0,6.90,14.38,true,1,
7290003805730,false,נמס בכוס עגבנ.קנור 32*2ג,יוניליוור,IL,נמס בכוס ועוד,גרמים,64.00,100 גרם,false,0,6.90,10.78,true,1,
7290003806836,false,"בדין אקסטרא לילך 960 מ""ל",יוניליוור,TR,מרכך בדין אקסטרא,מיליליטרים,960.00,"100 מ""ל",false,0,18.90,1.97,true,1,
7290003807178,false,רוטב סויה סגנון סיני300מ,יוניליוור,IL,רוטב סויה,מיליליטרים,300.00,"100 מ""ל",false,0,10.80,3.60,true,1,
7290003864478,false,סרדין בשמן צמח,,PH,סרדין בשמן צמח,גרמים,110.00,100 גרם,false,0,5.30,4.82,true,1,
7290003864485,false,סרדינים ברוטב,,PH,סרדינים ברוטב,גרמים,110.00,100 גרם,false,0,5.30,4.82,true,1,
7290003864492,false,סרדין פיקנטי,,IL,סרדין פיקנטי,גרמים,110.00,100 גרם,false,0,5.30,4.82,true,1,
7290003882922,false,עלי גפן ממולאים,,IL,עלי גפן ממולאים,גרמים,400.00,100 גרם,false,0,8.50,2.13,true,1,
7290003893416,false,פילה אמנון 5-7,בלדי,IL,פילה אמנון,קילוגרמים,0.00,"ק""ג",true,0,39.90,39.90,true,1,
7290003904389,false,שוק.פרה מריר ללא סוכר100,עלית,IL,שוקולד פרה דיאט,גרמים,100.00,100 גרם,false,0,9.40,9.40,true,1,
7290003905331,false,שוק.חלב+שברי אגוזים100גר,עלית,IL,שוק.חלב אגוזים,גרמים,100.00,100 גרם,false,0,5.50,5.50,true,1,
7290003905362,false,שוק.חלב ל.תוספת סוכר100ג,עלית,IL,שוקולד פרה דיאט,גרמים,100.00,100 גרם,false,0,9.40,9.40,true,1,
7290003956081,false,כפפות לטקס קלין M 100 יח,קליר כימיקלים,IL,כפפות לטקס,יחידה,1.00,יחידה,false,0,24.90,24.90,true,1,
7290003956111,false,כפפות לטקס קלין L 100 יח,קליר כימיקלים,,כפפות לטקס,יחידה,1.00,יחידה,false,0,24.90,24.90,true,1,
7290003989096,false,חציל פיקנטי אחלה 500 גרם,שטראוס,IL,חציל פיקנטי אחלה,גרמים,500.00,100 גרם,false,0,14.90,2.98,true,1,
7290003989539,false,רביולי עם גבינה 400 גרם,שטראוס,IL,רביולי גבינה,גרמים,400.00,100 גרם,false,0,19.90,4.98,true,1,
7290003989553,false,טורטליני עם פטריות 400גר,שטראוס,IL,טורטליני פטריות,גרמים,400.00,100 גרם,false,0,19.90,4.98,true,1,
7290004003207,false,עדשי שוק. מ&מ'ס בוטנים48,מרס,US,עדשי שוקולד מ&מ,גרמים,48.00,100 גרם,false,0,5.00,10.42,true,1,
7290004011338,false,"קצפת ריצ' במיכל 250 מ""ל",נטו,IT,קצפת ריצ' במיכל,מיליליטרים,250.00,"100 מ""ל",false,0,16.80,6.72,true,1,
7290004011796,false,קבבונים אלגאוצ'ו 400 גרם,אלגרצ'ו,IL,קבבונים,גרמים,400.00,100 גרם,false,0,23.70,5.93,true,1,
7290004011819,false,המבורגר ריב אל גאוצ'ו 60,אלגרצ'ו,IL,המבורגר ריב,גרמים,360.00,100 גרם,false,0,23.70,6.58,true,1,
7290004011826,false,מיני המבורגר אלגאוצו320,אלגרצ'ו,IL,מיני המבורגר,גרמים,320.00,100 גרם,false,0,23.70,7.41,true,1,
7290004030018,false,מיץ לימון לתיבול,,IL,מיץ לימון לתיבול,מיליליטרים,500.00,"100 מ""ל",false,0,6.80,1.36,true,1,
7290004030322,false,מיץ תפוח גזר וסלק 1 ליטר,פריניב,IL,מיץ תפוח גזר סלק,ליטרים,1.00,ליטר,false,0,17.50,17.50,true,1,
7290004030568,false,מיץ אשכולית סחוט,,IL,מיץ אשכולית סחוט,ליטרים,2.00,ליטר,false,0,17.90,8.95,true,1,
7290004030612,false,משקה תפוח קיווי,,IL,משקה תפוח קיווי,ליטרים,1.00,ליטר,false,0,13.80,13.80,true,1,
7290004030643,false,משקה קל מצנון 2ל,,IL,משקה קל מצנון 2ל,ליטרים,2.00,ליטר,false,0,17.90,8.95,true,1,
7290004030698,false,נקטר חמוציות 2 ליטר,פריניב,IL,נקטר חמוציות,ליטרים,2.00,ליטר,false,0,16.90,8.45,true,1,
7290004068523,false,גבינה צהובה 28% גד משקל,WLOSZCZOWA,PL,גבינה צהובה 28%,קילוגרמים,0.00,"ק""ג",true,1,35.00,35.00,true,1,
7290004068585,false,גאודה עיזים משולשים משקל,מחלבת אמלטי,NL,גאודה עיזים,קילוגרמים,0.00,"ק""ג",true,1,127.00,127.00,true,1,
7290004078225,false,מי פה קולג.פלקס ירוק500מ,קולגייט-פלמוליב,BR,מי פה קולגייט,מיליליטרים,500.00,"100 מ""ל",false,0,31.60,6.32,true,1,
7290004078263,false,בלונס צימרונים 200X2 יח',ספטונה,GR,מקלוני כותנה,יחידה,1.00,יחידה,false,0,12.90,12.90,true,1,
7290004078270,false,פלמוליב לכלים לימון1ליטר,קולגייט-פלמוליב,GR,פלמוליב לכלים,ליטרים,1.00,ליטר,false,0,12.70,12.70,true,1,
7290004078379,false,קולגייט טוטל פסים מ.ש100,קולגייט-פלמוליב,PL,משחת שיניים,מיליליטרים,100.00,"100 מ""ל",false,0,14.90,14.90,true,1,
7290004091248,false,ואזלין טהור 100 גרם,יוניליוור,US,ואזלין טהור,גרמים,100.00,100 גרם,false,0,13.90,13.90,true,1,
7290004119133,false,יוגורט בכד6.5% 1.5 ליטר,תנובה,IL,יוגורט בכד,ליטרים,1.50,ליטר,false,0,16.40,10.93,true,1,
7290004119225,false,יופלה אננס 3% 150 גרם,תנובה,IL,יופלה אננס 3%,גרמים,150.00,100 גרם,false,0,5.00,3.33,true,1,
7290004119973,false,מעדן שוקו קרלו3% 125גרם,תנובה,IL,קרלו שוקולדה,גרמים,125.00,100 גרם,false,0,2.80,2.24,true,1,
7290004120061,false,"מעדן קרלו שוניל3% 125מ""ל",תנובה,IL,מעדן קרלו שוניל,גרמים,125.00,100 גרם,false,0,2.90,2.32,true,1,
7290004120108,false,יופלה דובדבן 0% 150 גרם,תנובה,IL,יופלה דיאט 0%,גרמים,150.00,100 גרם,false,0,5.00,3.33,true,1,
7290004120634,false,גב.בולגרית פיראוס5% 250ג,תנובה,IL,גבינה בולגרית5%,גרמים,250.00,100 גרם,false,0,21.90,8.76,true,1,
7290004121488,false,יופלה דיאט אפרסק 150 גרם,תנובה,IL,יופלה דיאט אפרסק,גרמים,150.00,100 גרם,false,0,5.00,3.33,true,1,
7290004121525,false,יופלה אפרסק+תות3% 150*8ג,תנובה,IL,יופלה 3% 8 יח',קילוגרמים,1.20,"ק""ג",false,0,29.90,24.92,true,1,
7290004121754,false,יופלה קרם גב.ותות3% 150ג,תנובה,IL,יופלה קרם גבינה,גרמים,150.00,100 גרם,false,0,5.00,3.33,true,1,
7290004121839,false,גבינת פטה פיראוס20% 250ג,תנובה,IL,גבינת פטה כבשים,גרמים,250.00,100 גרם,false,0,25.90,10.36,true,1,
7290004121853,false,פיראוס קוב.בולגרית5% 200,תנובה,IL,קוביות בולגרית5%,גרמים,200.00,100 גרם,false,0,20.50,10.25,true,1,
7290004122119,false,פתיתי פרמזן לפסטה 100גרם,תנובה,IL,פתיתי פרמזן,גרמים,100.00,100 גרם,false,0,11.80,11.80,true,1,
7290004122270,false,עמק פרוס סגירה חוזרת 200,תנובה,IL,גבינת עמק פרוס,גרמים,200.00,100 גרם,false,0,15.20,7.60,true,1,
7290004122607,false,גבינת עמק לייט 9% במשקל,תנובה,IL,גבינת עמק לייט 9% במשקל,קילוגרמים,0.00,"ק""ג",true,0,68.00,68.00,true,1,
7290004122676,false,גבינת חמד לייט 5% 250 גר,תנובה,IL,גבינת חמד לייט5%,גרמים,250.00,100 גרם,false,0,16.90,6.76,true,1,
7290004123284,false,גב.לבנה רכה5%ללא מלח250ג,תנובה,IL,גבינה לבנה רכה5%,גרמים,250.00,100 גרם,false,0,4.60,1.84,true,1,
7290004124205,false,יופלה דיאט תות0% 150 גר,תנובה,IL,יופלה דיאט תות0%,גרמים,150.00,100 גרם,false,0,5.00,3.33,true,1,
7290004124847,false,קצפת צמחית השף הלבן500מל,תנובה,IL,קצפת צמחית,מיליליטרים,500.00,"100 מ""ל",false,0,16.40,3.28,true,1,
7290004125370,false,שמנת חמוצה 9% שומן 200מל,תנובה,IL,שמנת חמוצה 9%,מיליליטרים,200.00,"100 מ""ל",false,0,3.40,1.70,true,1,
7290004125400,false,"אשל מהדרין 4.5% 200 מ""ל",תנובה,IL,אשל 4.5% שומן,מיליליטרים,200.00,"100 מ""ל",false,0,1.55,0.78,true,1,
7290004125417,false,"גיל 3% מהדרין 200מ""ל",תנובה,IL,גיל לבן 3%שומן,מיליליטרים,200.00,"100 מ""ל",false,0,1.40,0.70,true,1,
7290004125455,false,שמנת תנובה 15%שומן200מל,תנובה,IL,שמנת תנובה 15%,מיליליטרים,200.00,"100 מ""ל",false,0,2.20,1.10,true,1,
7290004125509,false,שמנת חמוצה 15% 100מל,תנובה,IL,שמנת חמוצה,מיליליטרים,100.00,"100 מ""ל",false,0,1.70,1.70,true,1,
7290004125578,false,'משקה סויה מועשר בסידן1ל,תנובה,IL,'משקה סויה מועשר בסידן1ל,ליטרים,1.00,ליטר,false,0,10.90,10.90,true,1,
7290004125585,false,משקה סויה על הבוקר 1ליטר,תנובה,IL,משקה סויה על הבוקר 1ליטר,ליטרים,1.00,ליטר,false,0,10.90,10.90,true,1,
7290004125653,false,מש.סויה עמיד מועשר סידן1,תנובה,IL,משקה סויה עמיד,ליטרים,1.00,ליטר,false,0,10.80,10.80,true,1,
7290004125721,false,שמנת בישול-15%שף לבן250מ,תנובה,IL,שמנת לבישול15%,מיליליטרים,250.00,"100 מ""ל",false,0,8.10,3.24,true,1,
7290004125738,false,שמנת להקצפה-32%שף לבן250,תנובה,IL,שמנת להקצפה32%,מיליליטרים,250.00,"100 מ""ל",false,0,6.50,2.60,true,1,
7290004125776,false,גב.עמק פרוס% 28קופסא400ג,תנובה,IL,גבינת עמק פרוס,גרמים,400.00,100 גרם,false,0,28.30,7.08,true,1,
7290004126650,false,גבינה צפתית 5% משקל,תנובה,IL,גבינה צפתית 5% משקל,קילוגרמים,0.00,"ק""ג",true,0,47.00,47.00,true,1,
7290004126674,false,גבינה טל העמק לייט 200גר,תנובה,IL,גבינה טל העמק,גרמים,200.00,100 גרם,false,0,17.60,8.80,true,1,
7290004126759,false,יופלה פירות יער0% 150 גר,תנובה,IL,יופלה דיאט,גרמים,150.00,100 גרם,false,0,5.00,3.33,true,1,
7290004126872,false,"שוקו תנובה בקבוק 250 מ""ל",תנובה,IL,שוקו בקבוק,מיליליטרים,250.00,"100 מ""ל",false,0,5.20,2.08,true,1,
7290004127077,false,קוטג' תנובה 3% שומן 250,תנובה,IL,קוטג' 3% שומן,גרמים,250.00,100 גרם,false,0,5.50,2.20,true,1,
7290004127329,false,קוטג' 5% 250 גרם בעלז,תנובה,IL,קוטג' תנובה 5%,גרמים,250.00,100 גרם,false,0,5.50,2.20,true,1,
7290004127336,false,קוטג' תנובה 9% שומן 250,תנובה,IL,קוטג' תנובה 9%,גרמים,250.00,100 גרם,false,0,5.50,2.20,true,1,
7290004127800,false,גב.לבנה 5% שומן 500 גרם,תנובה,IL,גבינה לבנה 5%,גרמים,500.00,100 גרם,false,0,9.20,1.84,true,1,
7290004127862,false,גבינה לבנה 5% 750 גרם,תנובה,IL,גבינה לבנה 5%,גרמים,750.00,100 גרם,false,0,13.80,1.84,true,1,
7290004128333,false,לבנה 9% פיראוס 500 גרם,תנובה,IL,לבנה פיראוס 9%,גרמים,500.00,100 גרם,false,0,19.70,3.94,true,1,
7290004128340,false,גבינת קרם ט.טבעי 5% 200ג,תנובה,IL,גבינת שמנת,גרמים,200.00,100 גרם,false,0,10.80,5.40,true,1,
7290004128364,false,גב.שמנת עם זיתים 5% 200ג,תנובה,IL,גבינת שמנת זיתים,גרמים,200.00,100 גרם,false,0,10.80,5.40,true,1,
7290004128432,false,פתיתי גבינה השף הלבן500ג,תנובה,IL,פתיתי גבינה,גרמים,500.00,100 גרם,false,0,21.90,4.38,true,1,
7290004129101,false,גב.נפולאון טעם טבעי 225ג,תנובה,IL,גבינת נפוליאון,גרמים,225.00,100 גרם,false,0,10.00,4.44,true,1,
7290004129118,false,גב.נפולאון טעם זיתים225ג,תנובה,IL,גבינת נפוליאון,גרמים,225.00,100 גרם,false,0,10.00,4.44,true,1,
7290004129156,false,גב.נפולאון שום-שמיר 225ג,תנובה,IL,גבינת נפוליאון,גרמים,225.00,100 גרם,false,0,10.00,4.44,true,1,
7290004129545,false,גבינה למריחה 3% 250 גרם,תנובה,IL,גבינה לבנה 3%,גרמים,250.00,100 גרם,false,0,4.60,1.84,true,1,
7290004129569,false,גב.שמנת שום שמיר25% משקל,תנובה,IL,גב.שמנת שום שמיר25% משקל,קילוגרמים,0.00,"ק""ג",true,0,45.00,45.00,true,1,
7290004129576,false,גבינת שמנת+זיתים24% משקל,תנובה,IL,גבינת שמנת+זיתים24% משקל,קילוגרמים,0.00,"ק""ג",true,0,45.00,45.00,true,1,
7290004129668,false,יופלה+מכסה פצפוצי שוק167,תנובה,IL,יופלה+פצפוצי שוק,גרמים,167.00,100 גרם,false,0,5.20,3.11,true,1,
7290004129736,false,יופלה לבן מעודן1.5% 200ג,תנובה,IL,יופלהלבן מעודן,גרמים,200.00,100 גרם,false,0,4.10,2.05,true,1,
7290004129767,false,יופלה לבן 3% 150*8גרם,תנובה,IL,יופלה לבן 3%,קילוגרמים,1.20,"ק""ג",false,0,17.90,14.92,true,1,
7290004130794,false,משקה סויה במתיקות מופחתת,תנובה,IL,משקה סויה,ליטרים,1.00,ליטר,false,0,10.90,10.90,true,1,
7290004130916,false,יופלה פירות יער+שמנת150ג,תנובה,IL,יופלה פירות יער,גרמים,150.00,100 גרם,false,0,5.00,3.33,true,1,
7290004131227,false,גבינה לבנה3% 500 גרם,תנובה,IL,גבינה לבנה 3%,גרמים,500.00,100 גרם,false,0,9.20,1.84,true,1,
7290004131432,false,יופלה ביו לבן 3% 200 גרם,תנובה,IL,יופלה לבן 3%,גרמים,200.00,100 גרם,false,0,3.80,1.90,true,1,
7290004131456,false,יופלה לבן 1.5% 200 גרם,תנובה,IL,יופלה לבן 1.5%,גרמים,200.00,100 גרם,false,0,3.90,1.95,true,1,
7290004131531,false,שוקו תנובה בקבוק 1 ליטר,תנובה,IL,שוקו בקבוק,ליטרים,1.00,ליטר,false,0,10.00,10.00,true,1,
7290004131814,false,פיראוס צפתית מעוד5% 200ג,תנובה,IL,פיראוס צפתית5%,גרמים,200.00,100 גרם,false,0,12.90,6.45,true,1,
7290004132231,false,חלב פלוס לקפה 3.5% שומן,תנובה,IL,חלב פלוס לקפה,מיליליטרים,800.00,"100 מ""ל",false,0,6.50,0.81,true,1,
7290004132507,false,יופלה+מכסה דגנים מצופה,תנובה,IL,יופלה עם מכסה,גרמים,167.00,100 גרם,false,0,5.20,3.11,true,1,
7290004132552,false,משקה סויה ט.טבעי לייט 1ל,תנובה,IL,משקה סויה,ליטרים,1.00,ליטר,false,0,10.90,10.90,true,1,
7290004132712,false,חטיפ.מוצרלה אצבעות21.5*8,תנובה,IL,חטיפי מוצרלה,גרמים,172.00,100 גרם,false,0,15.90,9.24,true,1,
7290004133108,false,יופלה לבן+מכסה גרנולה170,תנובה,IL,יופלה עם מכסה,גרמים,170.00,100 גרם,false,0,5.10,3.00,true,1,
7290004133207,false,יופלה לבן 0% שומן 200גרם,תנובה,IL,יופלה לבן 0%שומן,גרמים,200.00,100 גרם,false,0,3.80,1.90,true,1,
7290004133511,false,יופלה לבן מעוד1.5% 150*8,תנובה,IL,יופלה מעודן 8 יח,קילוגרמים,1.20,"ק""ג",false,0,19.90,16.58,true,1,
7290004133627,false,חלב על הבוקר וניל 3% 1 ל,תנובה,IL,חלב על הבוקר 3%,ליטרים,1.00,ליטר,false,0,7.90,7.90,true,1,
7290004133900,false,קצפת צמחית השף הלבן250מל,תנובה,IL,קצפת צמחית,מיליליטרים,250.00,"100 מ""ל",false,0,9.00,3.60,true,1,
7290004134198,false,"משקה בננה בקבוק 250 מ""ל",תנובה,IL,משקה בננה בקבוק,מיליליטרים,250.00,"100 מ""ל",false,0,5.20,2.08,true,1,
7290004134983,false,פרוסות גבינת עמק 5% 200ג,תנובה,IL,גבינת עמק 5%,גרמים,200.00,100 גרם,false,0,17.20,8.60,true,1,
7290004135058,false,מיני קרלו שוקולד 100*8גר,תנובה,,קרלו שוקולד 8 יח,גרמים,800.00,100 גרם,false,0,13.20,1.65,true,1,
7290004135232,false,מעדן דיאט וניל0% 150 גרם,תנובה,IL,מעדן דיאט וניל,גרמים,150.00,100 גרם,false,0,3.80,2.53,true,1,
7290004135324,false,פיראוס בולגרית מע5%משקל,תנובה,IL,פיראוס בולגרית מע5%משקל,קילוגרמים,0.00,"ק""ג",true,0,49.00,49.00,true,1,
7290004135614,false,בולג.מעוד.פיראוס 5% 250ג,תנובה,IL,בולגרית פיראוס5%,גרמים,250.00,100 גרם,false,0,20.90,8.36,true,1,
7290004136130,false,"שוקו תנובה בקבוק 340 מ""ל",תנובה,IL,שוקו תנובה בקבוק,מיליליטרים,340.00,"100 מ""ל",false,0,6.30,1.85,true,1,
7290004136154,false,משקה אייס קפה בקבוק340מל,תנובה,IL,משקה אייס קפה,מיליליטרים,340.00,"100 מ""ל",false,0,6.30,1.85,true,1,
7290004136192,false,מילק שייק פונץ בננה 250מ,תנובה,IL,מילק שייק פונץ,מיליליטרים,250.00,"100 מ""ל",false,0,5.80,2.32,true,1,
7290004136598,false,מארז הפסקת אוכל,תנובה,IL,חלב עם דגנים,יחידה,1.00,יחידה,false,0,8.80,8.80,true,1,
7290004136857,false,מעדן ג'לי פטל 125 גרם,תנובה,IL,מעדן ג'לי פטל,גרמים,125.00,100 גרם,false,0,2.30,1.84,true,1,
7290004136864,false,מעדן ג'לי אננס+חתיכות125,תנובה,IL,מעדן ג'לי אננס,גרמים,125.00,100 גרם,false,0,2.80,2.24,true,1,
7290004136871,false,מעדן ג'לי אפרסק+חתיכ125.,תנובה,,מעדן ג'לי אפרסק,גרמים,125.00,100 גרם,false,0,2.80,2.24,true,1,
7290004137021,false,שמנת לבישול 10%שומן250מ,תנובה,IL,שמנת לבישול10%,מיליליטרים,250.00,"100 מ""ל",false,0,8.10,3.24,true,1,
7290004137311,false,עמק לייט משפחתית 400 גרם,תנובה,IL,גבינת עמק לייט,גרמים,400.00,100 גרם,false,0,29.80,7.45,true,1,
7290004165017,false,"רסק תפו""ע בלי סוכר560גרם",זנלכל,IL,"רסק תפו""ע בלי סוכר560גרם",גרמים,560.00,100 גרם,false,0,5.90,1.05,true,1,
7290004199173,false,כפפות לטקס איזי טאץ100יח,LTD G.G.CO,TH,כפפות לטקס,יחידה,1.00,יחידה,false,0,20.00,20.00,true,1,
7290004219819,false,מלבין קפה,,NL,מלבין קפה,גרמים,200.00,100 גרם,false,0,9.90,4.95,true,1,
7290004225537,false,ס.אנטריקוט מיושן א.ג קג,אלגרצ'ו,IL,אנטריקוט מיושןאג,קילוגרמים,0.00,"ק""ג",true,0,99.90,99.90,true,1,
7290004225544,false,צלי כתף מיושן אלגאוצ'ו ק,אלגרצ'ו,IL,צלי כתף מיושן אלגאוצ'ו ק,קילוגרמים,0.00,"ק""ג",true,0,84.20,84.20,true,1,
7290004230081,false,קציצות עוף ברוטב עגבניות,שגב,IL,קציצות עוף ברוטב,גרמים,800.00,100 גרם,false,0,34.60,4.33,true,1,
7290004230326,false,מקלות פילו תפוח עץ 600גר,שגב,IL,מקלות פילו ת.עץ,גרמים,600.00,100 גרם,false,0,20.70,3.45,true,1,
7290004230333,false,"מקלות בורקס פילו תפו""א 6",יוניגד,IL,"מקלות בורקס פילו תפו""א 6",גרמים,600.00,100 גרם,false,0,20.70,3.45,true,1,
7290004230364,false,מקלות בורקס פילו צרפתי 6,שגב,IL,מקלות בורקס פילו צרפתי 6,גרמים,600.00,100 גרם,false,0,20.70,3.45,true,1,
7290004423353,false,משקה פריגת תפוחים 1.5 ל',פריגת,IL,פריגת תפוחים,ליטרים,1.50,ליטר,false,0,6.50,4.33,true,1,
7290004492755,false,נישנושים בצל שמנת 300גרם,גוצ'מולר,IL,נישנושים בצל,גרמים,300.00,100 גרם,false,0,12.70,4.23,true,1,
7290004492762,false,נישנושים תירס 325 גרם,גוצ'מולר,IL,נישנושים תירס,גרמים,325.00,100 גרם,false,0,12.70,3.91,true,1,
7290004492816,false,נישנושים מלוח 350 גרם,גוצ'מולר,IL,נישנושי קרקר,גרמים,350.00,100 גרם,false,0,12.70,3.63,true,1,
7290004492823,false,נישנושים שומשום 350 גרם,גוצ'מולר,IL,נישנושים שומשום,גרמים,350.00,100 גרם,false,0,12.70,3.63,true,1,
7290004502744,false,בירה אורנג'בום,,DE,בירה אורנג'בום,מיליליטרים,500.00,"100 מ""ל",false,0,5.00,1.00,true,1,
7290004532598,false,פלאפל דביאל 230 גרם,קטיף,IL,פלאפל דבאיל,גרמים,230.00,100 גרם,false,0,15.80,6.87,true,1,
7290004584351,false,גב.סימפוניה 5% 200 גרם,שטראוס,IL,גבינת סימפוניה,גרמים,200.00,100 גרם,false,0,10.90,5.45,true,1,
7290004584528,false,יוגורט ביו 1.7%דנונה200ג,שטראוס,IL,יוגורט ביו 1.7%,גרמים,200.00,100 גרם,false,0,3.60,1.80,true,1,
7290004585907,false,דני וניל 1.5% שומן 125 ג,שטראוס,IL,דני וניל 1.5%,גרמים,125.00,100 גרם,false,0,2.60,2.08,true,1,
7290004603175,false,מלח ים גס 500 גרם,תעשיות מלח לישראל,IL,מלח ים גס,גרמים,500.00,100 גרם,false,0,7.30,1.46,true,1,
7290004685010,false,לחם 100% שיפון קל 500 גר,מאפית ברמן,IL,לחם 100% שיפון קל 500 גר,גרמים,500.00,100 גרם,false,0,14.90,2.98,true,1,
7290004685027,false,לחם מחיטה מלאה קל 500 גר,מאפית ברמן,IL,לחם מחיטה מלאה קל 500 גר,גרמים,500.00,100 גרם,false,0,14.90,2.98,true,1,
7290004685041,false,לחם הארץ חיטה מלאה750גרם,מאפית ברמן,IL,לחם הארץ חיטה מלאה750גרם,גרמים,750.00,100 גרם,false,0,14.90,1.99,true,1,
7290004685089,false,לחם חמניות 500 גרם,מאפית ברמן,IL,לחם חמניות 500 גרם,גרמים,500.00,100 גרם,false,0,14.90,2.98,true,1,
7290004685126,false,לחם הארץ חמישה דגנים750ג,מאפית ברמן,IL,לחם הארץ חמישה דגנים750ג,גרמים,750.00,100 גרם,false,0,14.90,1.99,true,1,
7290004685133,false,לחם הארץ קל 750 גרם,מאפית ברמן,IL,לחם הארץ קל 750 גרם,גרמים,750.00,100 גרם,false,0,14.90,1.99,true,1,
7290004685140,false,לחם הארץ שיפון 750 גרם,מאפית ברמן,IL,לחם הארץ שיפון 750 גרם,גרמים,750.00,100 גרם,false,0,14.90,1.99,true,1,
7290004685157,false,לחם שיפון 100%פרוס 750ג,מאפית ברמן,IL,לחם שיפון 100%פרוס 750ג,גרמים,750.00,100 גרם,false,0,14.90,1.99,true,1,
7290004685201,false,לחם הארץ שיפון אגוזים500,מאפית ברמן,IL,לחם הארץ שיפון אגוזים500,גרמים,500.00,100 גרם,false,0,14.90,2.98,true,1,
7290004685232,false,לחם שאור ללא שמרים 750גר,מאפית ברמן,IL,לחם שאור ללא שמרים 750גר,גרמים,750.00,100 גרם,false,0,14.90,1.99,true,1,
7290004731076,false,אל סבון כיף אלוורה 1ליטר,קוסמופארם,IL,אל סבון כיף,ליטרים,1.00,ליטר,false,0,10.00,10.00,true,1,
7290004731083,false,אל סבון כיף ג'ינסנג1ליטר,קוסמופארם,IL,אל סבון כיף,ליטרים,1.00,ליטר,false,0,10.00,10.00,true,1,
7290004731090,false,אל סבון כיף קמומיל 1ליטר,קוסמופארם,IL,אל סבון כיף קמומיל 1ליטר,ליטרים,1.00,ליטר,false,0,10.00,10.00,true,1,
7290004731120,false,ק.ידיים קרמה עור רגיל100,קוסמופארם,IL,קרם ידיים קרמה,מיליליטרים,100.00,"100 מ""ל",false,0,10.80,10.80,true,1,
7290004731410,false,סנו סושי3כרית קרצוף ירוק,סנו,IL,סנו סושי ענק 3,יחידה,1.00,יחידה,false,0,7.90,7.90,true,1,
7290004731472,false,אלסבון כיף צבעוני 500X3מ,קוסמופארם,IL,שלישית אלסבון,ליטרים,1.50,ליטר,false,0,18.70,12.47,true,1,
7290004731519,false,מקסימה למייבש סנסטיב750מ,סנו,IL,מקסימה למייבש,מיליליטרים,750.00,"100 מ""ל",false,0,16.30,2.17,true,1,
7290004731687,false,דואו פרש וניל למון 300מל,סנו,IL,סנו דואו פרש,מיליליטרים,300.00,"100 מ""ל",false,0,10.00,3.33,true,1,
7290004737443,false,קוקטייל פירות,,CN,קוקטייל פירות,גרמים,820.00,100 גרם,false,0,7.90,0.96,true,1,
7290004737955,false,ממרח חמאה,,,ממרח חמאה,קילוגרמים,0.00,"ק""ג",true,0,37.70,37.70,true,1,
7290004872779,false,קרחוני פרילי שישיה כשלפ,נסטלה,IL,קרחוני פרילי שישיה כשלפ,גרמים,468.00,100 גרם,false,0,23.10,4.94,true,1,
7290004923099,false,עין גדי מים מינרל. 2*6 ל,עין גדי מיים מינרלים,IL,מים עין גדי 6 יח,ליטרים,12.00,ליטר,false,0,10.90,0.91,true,1,
7290005008153,false,3 מברשות קולגייט זיג זג,קולגייט-פלמוליב,VN,3 מברשות שיניים,יחידה,1.00,יחידה,false,0,21.80,21.80,true,1,
7290005008191,false,פלמולי.נוז.ארומה-סגול500,קולגייט-פלמוליב,IT,סב.נוזלי פלמוליב,מיליליטרים,500.00,"100 מ""ל",false,0,15.00,3.00,true,1,
7290005068058,false,תירס קל 550 גרם,פרי גליל,IL,תירס קל,גרמים,550.00,100 גרם,false,0,7.70,1.40,true,1,
7290005079221,false,בולגרית מעודנת5% משקל,משק צוריאל תבור,IL,בולגרית מעודנת5% משקל,קילוגרמים,0.00,"ק""ג",true,0,58.00,58.00,true,1,
7290005079238,false,פטה עיזים מעודנת16% משקל,משק צוריאל תבור,IL,פטה עיזים מעודנת16% משקל,קילוגרמים,0.00,"ק""ג",true,0,99.00,99.00,true,1,
7290005079320,false,גבינה בולגרית 24% במשקל,משק צוריאל תבור,IL,גבינה בולגרית 24% במשקל,קילוגרמים,0.00,"ק""ג",true,1,55.00,55.00,true,1,
7290005082979,false,חלת דגנים קלועה 560 גרם,גידרון,IL,חלת דגנים קלועה,גרמים,560.00,100 גרם,false,0,10.90,1.95,true,1,
7290005084355,false,משח.סנסודיין דואל קייר75,דנאגיס,GB,משחת שיניים,מיליליטרים,75.00,"100 מ""ל",false,0,19.70,26.27,true,1,
7290005084737,false,ביבי סקין משחה ל.בושם100,כצט,IL,בייבי סקין משחה,מיליליטרים,100.00,"100 מ""ל",false,0,11.90,11.90,true,1,
7290005111761,false,"בונזו בשר 3 ק""ג",ביופט,IL,בונזו בשר,קילוגרמים,3.00,"ק""ג",false,0,41.00,13.67,true,1,
7290005113222,false,מיקס זיתים,,IL,מיקס זיתים,גרמים,340.00,100 גרם,false,0,8.80,2.59,true,1,
7290005174513,false,חציל במיונז אחלה 500 גרם,שטראוס,IL,סלט חציל מיונז,גרמים,500.00,100 גרם,false,0,15.90,3.18,true,1,
7290005174551,false,חומוס יום יום 125 גרם,שטראוס,IL,חומוס יום יום,גרמים,125.00,100 גרם,false,0,4.80,3.84,true,1,
7290005174568,false,חציל במיונז 125 גרם,שטראוס,IL,חציל במיונז אחלה,גרמים,125.00,100 גרם,false,0,4.80,3.84,true,1,
7290005174841,false,חצילים טעם כבד יום 125גר,שטראוס,IL,חציל בטעם כבד,גרמים,125.00,100 גרם,false,0,4.80,3.84,true,1,
7290005175701,false,גבינת קשקבל,,,גבינת קשקבל,קילוגרמים,0.00,"ק""ג",true,0,89.00,89.00,true,1,
7290005180019,false,מתוק וקל סטיוויה,,,מתוק וקל סטיוויה,גרמים,80.00,100 גרם,false,0,28.70,35.88,true,1,
7290005182136,false,סוכרה דיאט 100 יחידות80ג,גורי,IL,סוכרה דיאט,גרמים,80.00,100 גרם,false,0,25.90,32.38,true,1,
7290005197628,false,שוקולד חלב פרה 100*6 גרם,עלית,IL,שוקולד חלב 6 יח,גרמים,600.00,100 גרם,false,0,24.90,4.15,true,1,
7290005197635,false,שוקולד מריר פרה 100*6 גר,עלית,IL,שוקולד מריר 6 יח,גרמים,600.00,100 גרם,false,0,24.90,4.15,true,1,
7290005197758,false,עוג.חיוכים שוקו 150 גרם,עלית,IL,עוגיות חיוכים,גרמים,150.00,100 גרם,false,0,4.50,3.00,true,1,
7290005199622,false,עד חצות מריר 200 גרם,עלית,IL,עד חצות מריר,גרמים,200.00,100 גרם,false,0,12.90,6.45,true,1,
7290005200786,false,תפוצ'יפס ט.שמנת ובצל50גר,עלית,IL,תפוצ'יפס ט.שמנת ובצל50גר,גרמים,50.00,100 גרם,false,0,3.80,7.60,true,1,
7290005201455,false,קפה נמס ארומה 200 גרם,עלית,IL,קפה נמס ארומה,גרמים,200.00,100 גרם,false,0,20.90,10.45,true,1,
7290005201479,false,צ'יטוס בוטנים 100 גרם,עלית,IL,צ'יטוס בוטנים 100 גרם,גרמים,100.00,100 גרם,false,0,6.40,6.40,true,1,
7290005201882,false,קפה טורקי בצלופן 200 גרם,עלית,IL,קפה טורקי בצלופן,גרמים,200.00,100 גרם,false,0,15.90,7.95,true,1,
7290005287077,false,טונה בשמן צמחי 110*4 גרם,סטארקיסט,IL,טונה סטארקיסט4יח,גרמים,440.00,100 גרם,false,0,22.70,5.16,true,1,
7290005287138,false,טונה סטארקיסט בשמן 960 ג,סטארקיסט,IL,טונה בשמן 960 גר,גרמים,960.00,100 גרם,false,0,36.60,3.81,true,1,
7290005287206,false,טונה סטארקיסט בשמן160*4ג,סטארקיסט,IL,טונה סטארקיסט4יח,גרמים,640.00,100 גרם,false,0,26.90,4.20,true,1,
7290005287510,false,טונה בשמן ופלפל חריף160ג,סטארקיסט,IL,טונה עם פלפל,גרמים,160.00,100 גרם,false,0,6.80,4.25,true,1,
7290005287756,false,טונה5%עם לימון+פלפל160ג,סטארקיסט,IL,טונה+לימון ופלפל,גרמים,160.00,100 גרם,false,0,6.80,4.25,true,1,
7290005287978,false,פילה טונה מעושנת 110 גרם,סטארקיסט,IL,פילה טונה,גרמים,110.00,100 גרם,false,0,12.90,11.73,true,1,
7290005296246,false,פותח סתימות,,,פותח סתימות,מיליליטרים,946.00,"100 מ""ל",false,0,29.60,3.13,true,1,
7290005384721,false,אנשובי ארוך,,IL,אנשובי ארוך,גרמים,50.00,100 גרם,false,0,7.40,14.80,true,1,
7290005384899,false,בסגנון פטה 21%,,IL,בסגנון פטה 21%,קילוגרמים,0.00,"ק""ג",true,0,32.00,32.00,true,1,
7290005418716,false,קר.לחות לתלתלים נטורל400,קרליין,,קרם לחות לשיער,מיליליטרים,400.00,"100 מ""ל",false,0,21.80,5.45,true,1,
7290005423505,false,"מי פה אורביטול 500 מ""ל",קוסמופארם,IL,מי פה אורביטול,מיליליטרים,500.00,"100 מ""ל",false,0,20.00,4.00,true,1,
7290005423543,false,משחת אורביטול להלבנה145ג,קוסמופארם,IL,משחת שיניים,גרמים,145.00,100 גרם,false,0,9.90,6.83,true,1,
7290005423567,false,40מטליות לניקוי סנו סושי,סנו,IL,מטליות לניקוי,יחידה,1.00,יחידה,false,0,20.20,20.20,true,1,
7290005423635,false,ריצפז פלוס דוחה תיקנים2ל,סנו,IL,ריצפז דוחה חרקים,ליטרים,2.00,ליטר,false,0,20.90,10.45,true,1,
7290005423833,false,פוליויקס פרקט 2 ליטר,סנו,IL,פוליויקס פרקט,ליטרים,2.00,ליטר,false,0,29.90,14.95,true,1,
7290005423871,false,משחת אורביטול145*3ג,קוסמופארם,IL,משחת אורביטול145*3ג,גרמים,435.00,100 גרם,false,0,17.70,4.07,true,1,
7290005423918,false,מרכך מקסימה בייבי 4 ל',סנו,IL,מרכך כביסה,ליטרים,4.00,ליטר,false,0,20.80,5.20,true,1,
7290005424052,false,מן קצף גילוח 2 יחX' 300ג,סנו,IL,צמד מן קצף גיל,גרמים,600.00,100 גרם,false,0,24.20,4.03,true,1,
7290005424403,false,אל סבון כיף אצות ים1ליטר,קוסמופארם,IL,אל סבון כיף,ליטרים,1.00,ליטר,false,0,10.00,10.00,true,1,
7290005424571,false,6 סנו סושי כרית קרצוף,סנו,IL,סנו סושי כ.קרצוף,יחידה,1.00,יחידה,false,0,5.00,5.00,true,1,
7290005424694,false,קרמה תח.רחצה קלאסיק 750מ,קוסמופארם,IL,קרמה תחליב רחצה,מיליליטרים,750.00,"100 מ""ל",false,0,15.00,2.00,true,1,
7290005424762,false,ריצפז+דוחה תיקנים+ווקס2ל,סנו,IL,ריצפז פלוס+ווקס,ליטרים,2.00,ליטר,false,0,26.30,13.15,true,1,
7290005424847,false,מפיות נשלפות 30*30 150 י,סנו,IL,מפיות נשלפות,יחידה,1.00,יחידה,false,0,9.90,9.90,true,1,
7290005424915,false,סומוד פצ'ולי לבנ,,IL,סומוד פצ'ולי לבנ,מיליליטרים,150.00,"100 מ""ל",false,0,9.90,6.60,true,1,
7290005425196,false,אבקת מקסימה סנסיטיב2.5קג,סנו,IL,אבקת כביסה,קילוגרמים,2.50,"ק""ג",false,0,27.70,11.08,true,1,
7290005425202,false,"אבקת מקסימה ביו 2.5 ק""ג",סנו,IL,אבקת כביסה,קילוגרמים,2.50,"ק""ג",false,0,27.70,11.08,true,1,
7290005425646,false,סנוקליר ניקוי חלונות 1ל',סנו,IL,סנוקליר 1 ליטר,ליטרים,1.00,ליטר,false,0,9.50,9.50,true,1,
7290005425998,false,אל סבון בייבי כיף 1 ליטר,קוסמופארם,IL,אל סבון בייבי,ליטרים,1.00,ליטר,false,0,19.70,19.70,true,1,
7290005426018,false,אל סבון בייבי כיף 2 ליטר,קוסמופארם,IL,אל סבון ביבי כיף,ליטרים,2.00,ליטר,false,0,29.00,14.50,true,1,
7290005426193,false,ספוג הפלא סנו סושי 6 יח',סנו,IL,ספוג סנו סושי,יחידה,1.00,יחידה,false,0,9.70,9.70,true,1,
7290005426230,false,מטלית הפלא לרצפה ס.סושי,סנו,IL,מטליות הפלא רצפה,יחידה,1.00,יחידה,false,0,10.00,10.00,true,1,
7290005426865,false,משחה אורביטול מסטיק 70 ג,קוסמופארם,IL,משחת שיניים,גרמים,70.00,100 גרם,false,0,6.90,9.86,true,1,
7290005426964,false,סנובון כחול אפרסק 50*3ג,סנו,IL,סנובון שלישיה,גרמים,150.00,100 גרם,false,0,15.90,10.60,true,1,
7290005426971,false,סנובון כחול תפוח 50*3 גר,סנו,IL,סנובון שלישיה,גרמים,150.00,100 גרם,false,0,15.90,10.60,true,1,
7290005427107,false,סנו סושי 6 מגבות הפלא,סנו,IL,מגבות נייר סנו,מטרים,63.00,מטר,false,0,9.90,0.16,true,1,
7290005427503,false,מרכך כיף לשיער יבש 750מל,קוסמופארם,IL,מרכך כיף לשיער,מיליליטרים,750.00,"100 מ""ל",false,0,10.00,1.33,true,1,
7290005427541,false,תחליב רח.כיף חלב שקד750מ,קוסמופארם,IL,תחליב רחצה כיף,מיליליטרים,750.00,"100 מ""ל",false,0,10.00,1.33,true,1,
7290005427558,false,תחליב רח.כיף חלב ודבש750,קוסמופארם,IL,תחליב רחצה כיף,מיליליטרים,750.00,"100 מ""ל",false,0,10.00,1.33,true,1,
7290005427565,false,שמפו כיף לשיער רגיל 750מ,קוסמופארם,IL,שמפו כיף,מיליליטרים,750.00,"100 מ""ל",false,0,10.00,1.33,true,1,
7290005427572,false,שמפו כיף לשיער יבש 750מל,קוסמופארם,IL,שמפו כיף,מיליליטרים,750.00,"100 מ""ל",false,0,10.00,1.33,true,1,
7290005427633,false,ג'ל כיף אקסטרים כחול 1קג,קוסמופארם,IL,ג'ל כיף לשיער,קילוגרמים,1.00,"ק""ג",false,0,24.90,24.90,true,1,
7290005427923,false,קרמה תח.רחצה פסיפלורה750,קוסמופארם,IL,קרמה תחליב רחצ,מיליליטרים,750.00,"100 מ""ל",false,0,15.00,2.00,true,1,
7290005427978,false,קרמה תחליב רחצה לפנים180,קוסמופארם,IL,תחליב רחצה לפנים,מיליליטרים,180.00,"100 מ""ל",false,0,12.90,7.17,true,1,
7290005428999,false,בייבי כיף שמן לתינוק500מ,קוסמופארם,IL,בייבי כיף שמן,מיליליטרים,500.00,"100 מ""ל",false,0,22.90,4.58,true,1,
7290005430480,false,מטלית הפלא מיקרופייבר,סנו,IL,מטלית הפלא,יחידה,1.00,יחידה,false,0,7.90,7.90,true,1,
7290005430602,false,אוקסיג'ן מ.כתמים,,IL,אוקסיג'ן מ.כתמים,מיליליטרים,750.00,"100 מ""ל",false,0,15.00,2.00,true,1,
7290005477669,false,דרמפון סבון נוז+.לחות1ל',קרליין,IL,דרמפון סבון לחות,ליטרים,1.00,ליטר,false,0,16.90,16.90,true,1,
7290005509278,false,מרשמלו טוויסטר 180 גרם,כרמית,IL,מרשמלו טוויסטר,גרמים,180.00,100 גרם,false,0,7.80,4.33,true,1,
7290005540448,false,קפסולות אספרסו זהב 50גרם,ורנינו,IT,קפסולות אספרסו,גרמים,50.00,100 גרם,false,1,15.90,31.80,true,1,
7290005541087,false,קפסולות אספרסו אדום50גרם,ורנינו,IT,קפסולות אספרסו,גרמים,50.00,100 גרם,false,1,15.90,31.80,true,1,
7290005559914,false,פיצה משפחתית זיתים 550גר,"מעדנות בע""מ",IL,פיצה משפחתית,גרמים,550.00,100 גרם,false,0,24.70,4.49,true,1,
7290005559983,false,חטיפי פיצה גבינה 650 גרם,"מעדנות בע""מ",IL,חטיפי פיצה גבינה,גרמים,650.00,100 גרם,false,0,33.00,5.08,true,1,
7290005559990,false,בצק פילאס תורקי 600 גרם,"מעדנות בע""מ",IL,בצק פילאס תורכי,גרמים,600.00,100 גרם,false,0,24.00,4.00,true,1,
7290005564253,false,ספרינג אגס סברס תפוח1.5ל,יפאורה שותפות מובגלת לשיווק,IL,משקה ספרינג,ליטרים,1.50,ליטר,false,0,6.20,4.13,true,1,
7290005564680,false,תפוזינה לימונדה 1.5 ליטר,יפאורה שותפות מובגלת לשיווק,IL,תפוזינה לימונדה,ליטרים,1.50,ליטר,false,0,5.90,3.93,true,1,
7290005564970,false,"קריסטל תפו""ע מוגז 2 ליטר",יפאורה שותפות מובגלת לשיווק,IL,גזוז בטעם תפוח,ליטרים,2.00,ליטר,false,0,3.60,1.80,true,1,
7290005583568,false,אוריריות כוסמת,,IL,אוריריות כוסמת,גרמים,150.00,100 גרם,false,0,13.90,9.27,true,1,
7290005604133,false,פריגת מנגו 1.5 ליטר,פריגת,IL,פריגת מנגו,ליטרים,1.50,ליטר,false,0,6.50,4.33,true,1,
7290005605901,false,פאנטה אקזוטי 1.5 ליטר,החברה המרכזית לייצור משקאות,IL,פאנטה אקזוטי,ליטרים,1.50,ליטר,false,0,6.90,4.60,true,1,
7290005610509,false,צנונית יחידה,קטיף,IL,צנונית -יח',יחידה,1.00,יחידה,false,0,5.50,5.50,true,1,
7290005718021,false,שטרודל גבינה,גידרון,IL,שטרודל גבינה,יחידה,1.00,יחידה,false,0,23.80,23.80,true,1,
7290005718038,false,"שטרודל תפו""ע",גידרון,IL,"שטרודל תפו""ע",יחידה,1.00,יחידה,false,0,23.80,23.80,true,1,
7290005780868,false,אנרג'י מיזלי 500 גרם,שטראוס,BE,אנרג'י מוזלי,גרמים,500.00,100 גרם,false,0,15.90,3.18,true,1,
7290005838002,false,"דניאלה מעדן גבינה 150מ""ל",שטראוס,IL,מעדן דניאלה,מיליליטרים,150.00,"100 מ""ל",false,0,4.10,2.73,true,1,
7290005838613,false,גבינת סקי וניל 125 גרם,שטראוס,IL,גבינת סקי וניל,גרמים,125.00,100 גרם,false,0,3.70,2.96,true,1,
7290005838972,false,גב.סקי 5% 125 גרם,שטראוס,IL,גבינת סקי,גרמים,125.00,100 גרם,false,0,3.10,2.48,true,1,
7290005839078,false,דנונה ביו 3% 150*8 גרם,שטראוס,IL,דנונה ביו 8 יח,קילוגרמים,1.20,"ק""ג",false,0,16.90,14.08,true,1,
7290005839108,false,גב.סימפוניה +5%זיתים200ג,שטראוס,IL,גבינת סימפוניה,גרמים,200.00,100 גרם,false,0,10.90,5.45,true,1,
7290005839313,false,מילקי טופ שוקול.מגולג170,שטראוס,IL,מילקי טופ,מיליליטרים,170.00,"100 מ""ל",false,0,4.90,2.88,true,1,
7290005896439,false,בירה מכבי,,IL,בירה מכבי,מיליליטרים,500.00,"100 מ""ל",false,0,6.50,1.30,true,1,
7290005896828,false,מים מינרל.סאן בנדטו1.5*6,טמפו,IT,מים סן בנדטו 6יח,ליטרים,9.00,ליטר,false,0,14.90,1.66,true,1,
7290005896965,false,פפסי מקס 1.5ל 6+2 במארז,טמפו,IL,פפסי מקס 6+2,ליטרים,12.00,ליטר,false,0,29.90,2.49,true,1,
7290005938245,false,פסטו קלאסי 220 גרם,נטו,IL,פסטו קלאסי,גרמים,220.00,100 גרם,false,0,19.50,8.86,true,1,
7290005938658,false,לקט הכפר 400גרם,פרסקו,IL,לקט הכפר 400גרם,גרמים,400.00,100 גרם,false,1,9.90,2.48,true,1,
7290005966033,false,"יין לבן הר חרמון 750 מ""ל",יקבי רמת הגולן קצרין,IL,יין לבן חרמון,מיליליטרים,750.00,"100 מ""ל",false,0,29.90,3.99,true,1,
7290005966088,false,יין אדום הר חרמון 750 מל,יקבי רמת הגולן קצרין,IL,יין אדום חרמון,מיליליטרים,750.00,"100 מ""ל",false,0,29.90,3.99,true,1,
7290005966392,false,גולן קברנה סוביניון750מל,יקבי רמת הגולן קצרין,IL,גולן קברנה סוביניון750מל,מיליליטרים,750.00,"100 מ""ל",false,0,29.90,3.99,true,1,
7290005992735,false,גבינת לאבנה 5%שומן 250ג,מחלבות גד,IL,גבינת לאבנה גד5%,גרמים,250.00,100 גרם,false,0,11.50,4.60,true,1,
7290005992926,false,גב.לבנה5% שום שמיר במשקל,מחלבות גד,IL,גב.לבנה5% שום שמיר במשקל,גרמים,0.00,"ק""ג",true,0,30.00,30.00,true,1,
7290006185501,false,סבון נוזלי פנינה ורוד 1ל,סאסא קוסמטיקס,IL,סבון נוזלי ורוד,ליטרים,1.00,ליטר,false,0,9.80,9.80,true,1,
7290006185518,false,סבון נוזלי פנינה כחול 1ל,סאסא קוסמטיקס,IL,סבון נוזלי פנינה,ליטרים,1.00,ליטר,false,0,9.80,9.80,true,1,
7290006199867,false,מנבו מוקה 20 יחידות,פלקו,IL,מנבו מוקה 20 יח',גרמים,480.00,100 גרם,false,0,20.90,4.35,true,1,
7290006229427,false,סאן בנדטו 6 יח',,IT,סאן בנדטו 6 יח',ליטרים,3.00,ליטר,false,0,10.90,3.63,true,1,
7290006241504,false,פריגת תפוזים פריז 280 מל,פריגת,IL,פריגת תפוזים פריז 280 מל,מיליליטרים,280.00,"100 מ""ל",false,0,9.40,3.36,true,1,
7290006251107,false,תה מסאלה צ'אי 25שק2*גרם,ויסוצקי,IL,תה מסאלה צ'אי 25שק2*גרם,גרמים,50.00,100 גרם,false,0,17.50,35.00,true,1,
7290006251275,false,תה ירוק סיני25 שק1.5Xגרם,ויסוצקי,IL,תה ירוק סיני,גרמים,37.00,100 גרם,false,0,25.90,70.00,true,1,
7290006251374,false,תה ירוק לימונית+ג'ינגר25,ויסוצקי,IL,תה ירוק לימונית,גרמים,37.00,100 גרם,false,0,25.90,70.00,true,1,
7290006251589,false,תה ירוק נענע 50שק1.5*גרם,ויסוצקי,IL,תה ירוק נענע,גרמים,75.00,100 גרם,false,0,45.50,60.67,true,1,
7290006267542,false,"תבור פנינים 750 מ""ל",יקב תבור,IL,תבור פנינים,מיליליטרים,750.00,"100 מ""ל",false,0,29.90,3.99,true,1,
7290006267733,false,"תבור פנינים לבן 750 מ""ל",יקב תבור,IL,יין תבור פנינים,מיליליטרים,750.00,"100 מ""ל",false,0,29.90,3.99,true,1,
7290006271174,false,ג'חנון בצק מעדנות 700גרם,"מעדנות בע""מ",IL,ג'חנון בצק,גרמים,700.00,100 גרם,false,0,18.70,2.67,true,1,
7290006271181,false,ג'חנון אפוי מעדנות 750גר,"מעדנות בע""מ",IL,ג'חנון אפוי,גרמים,750.00,100 גרם,false,0,24.70,3.29,true,1,
7290006271280,false,מיני בורקס גבינה 800 גרם,"מעדנות בע""מ",IL,מיני בורקס גבינה,גרמים,800.00,100 גרם,false,0,26.10,3.26,true,1,
7290006271761,false,מיני ג'חנון אפוי 600 גרם,"מעדנות בע""מ",IL,מיני ג'חנון אפוי 600 גרם,גרמים,600.00,100 גרם,false,0,22.70,3.78,true,1,
7290006273239,false,עוגת שמרים שוקולד 450גרם,לחמי,IL,עוגת שוקולד,גרמים,450.00,100 גרם,false,0,12.90,2.87,true,1,
7290006273284,false,עוגת שמרים אספרסו+שוק450,לחמי,IL,עוגת שמרים,גרמים,450.00,100 גרם,false,0,12.90,2.87,true,1,
7290006306180,false,קנלוני גבינת עיזים 500גר,פסטה נונה,IL,קנלוני גב.עיזים,גרמים,500.00,100 גרם,false,0,32.50,6.50,true,1,
7290006306302,false,רביולי פרמזן ריקוטה400גר,פסטה נונה,IL,רביולי גבינה,גרמים,400.00,100 גרם,false,0,19.90,4.98,true,1,
7290006306319,false,רביולי בטטה 400 גרם,פסטה נונה,IL,רביולי בטטה,גרמים,400.00,100 גרם,false,0,19.90,4.98,true,1,
7290006306357,false,רביולי גבינת עיזים 400גר,פסטה נונה,IL,רביולי גבינה,גרמים,400.00,100 גרם,false,0,19.90,4.98,true,1,
7290006322104,false,לחם רחיים קל 500 גרם,מאפיית דוידוביץ,IL,לחם רחיים קל,גרמים,500.00,100 גרם,false,0,12.80,2.56,true,1,
7290006322111,false,לחמניות רחיים 80X3 גרם,מאפיית דוידוביץ,IL,לחמניות רחיים3יח,גרמים,480.00,100 גרם,false,0,10.70,2.23,true,1,
7290006322142,false,לחם קל כהה 500 גרם,מאפיית דוידוביץ,IL,לחם קל כהה,גרמים,500.00,100 גרם,false,0,10.80,2.16,true,1,
7290006322166,false,לחמניות רגילות 6יח75X'גר,מאפיית דוידוביץ,,מארז 6 לחמניות,גרמים,450.00,100 גרם,false,0,9.80,2.18,true,1,
7290006322197,false,לחמנ.הבית כפולות 125X4גר,מאפיית דוידוביץ,,4 לחמניות הבית,גרמים,500.00,100 גרם,false,0,12.90,2.58,true,1,
7290006322838,false,לחם קמח מלא 100% 750 גרם,מאפיית דוידוביץ,IL,לחם קמח מלא,גרמים,750.00,100 גרם,false,0,12.20,1.63,true,1,
7290006322951,false,פיתצקל'ה100% ק.מלא 50*5ג,מאפיית דוידוביץ,IL,פיתצקלה 5 יחידות,גרמים,250.00,100 גרם,false,0,4.50,1.80,true,1,
7290006374653,false,דש לייט 350 גרם,יד מרדכי,IL,דש לייט,גרמים,350.00,100 גרם,false,0,26.70,7.63,true,1,
7290006374660,false,שמן זית 2 קלאסי1ליטר',יד מרדכי,IL,שמן זית 2 קלאסי,ליטרים,1.00,ליטר,false,0,49.90,49.90,true,1,
7290006390745,false,שבלול עם צימוקים קפוא,גידרון,IL,שבלול עם צימוקים,יחידה,1.00,יחידה,false,0,3.90,3.90,true,1,
7290006390806,false,חצי ג'בטה אפוי קפוא,גידרון,IL,חצי ג'בטה,יחידה,1.00,יחידה,false,0,3.90,3.90,true,1,
7290006391025,false,ביגלה ירושלמי,גידרון,IL,ביגלה ירושלמי,יחידה,1.00,יחידה,false,0,3.90,3.90,true,1,
7290006396836,false,בייגל טוסט לבן,גידרון,IL,בייגל טוסט לבן,יחידה,1.00,יחידה,false,0,3.90,3.90,true,1,
7290006439444,false,אורז בסמתי,,IL,אורז בסמתי,קילוגרמים,1.00,"ק""ג",false,0,12.80,12.80,true,1,
7290006492616,false,פרוסות גב. בולגר5%. 250ג,מחלבות גד,IL,גבינה בולגרית,גרמים,250.00,100 גרם,false,0,24.70,9.88,true,1,
7290006492685,false,לאבנה עיזים 5%שומן 250גר,מחלבות גד,IL,לאבנה עיזים גד,גרמים,250.00,100 גרם,false,0,15.80,6.32,true,1,
7290006492852,false,גבינה לבנה 5% עיזים 250ג,מחלבות גד,IL,גבינת עיזים גד,גרמים,250.00,100 גרם,false,0,15.00,6.00,true,1,
7290006494917,false,ופלים במילוי קרם שוקו200,גילרו,IL,ופלים שוקולד,גרמים,200.00,100 גרם,false,0,9.80,4.90,true,1,
7290006511157,false,פטריות שלמות,,IN,פטריות שלמות,גרמים,400.00,100 גרם,false,0,6.80,1.70,true,1,
7290006567048,false,פתיתי קוסקוס 350 גרם,קוסקוס מזון,IL,פתיתי קוסקוס,גרמים,350.00,100 גרם,false,0,7.90,2.26,true,1,
7290006618078,false,אסטוניש מרסס לניקוי 750מ,,GB,אסטוניש מרסס לניקוי 750מ,מיליליטרים,750.00,"100 מ""ל",false,0,11.90,1.59,true,1,
7290006644589,false,משקה קל אשכוליות דיאט 2ל,יפאורה שותפות מובגלת לשיווק,IL,אשכוליות דיאט,ליטרים,2.00,ליטר,false,0,3.60,1.80,true,1,
7290006644596,false,קריסטל אקזוטי מוגז 2ליטר,יפאורה שותפות מובגלת לשיווק,IL,קריסטל אקזוטי,ליטרים,2.00,ליטר,false,0,3.60,1.80,true,1,
7290006644626,false,ספרינג פירות טרופיים1.5ל,יפאורה שותפות מובגלת לשיווק,IL,משקה ספרינג,ליטרים,1.50,ליטר,false,0,6.20,4.13,true,1,
7290006644732,false,ספרינג פירות טרופיים 1 ל,יפאורה שותפות מובגלת לשיווק,IL,נקטר ספרינג,ליטרים,1.00,ליטר,false,0,4.90,4.90,true,1,
7290006644763,false,RCQ לימון דיאט 1.5*4 ל',יפאורה שותפות מובגלת לשיווק,US,RCQ דיאט 4 יח,ליטרים,6.00,ליטר,false,0,14.00,2.33,true,1,
7290006644848,false,ספרינג תפוחים דיאט 1ליטר,יפאורה שותפות מובגלת לשיווק,IL,ספרינג דיאט,ליטרים,1.00,ליטר,false,0,4.90,4.90,true,1,
7290006651402,false,"מרכך ד""ר פישר קידס 750מל",פישר מעבדות פרמצבטיות,IL,מרכך קידס,מיליליטרים,750.00,"100 מ""ל",false,0,14.90,1.99,true,1,
7290006651419,false,שמפו+מרכך פישר קידס750מל,פישר מעבדות פרמצבטיות,IL,שמפו+מרכך קידס,מיליליטרים,750.00,"100 מ""ל",false,0,14.90,1.99,true,1,
7290006651570,false,שמפו/אל סבון קמיל בלו750,פישר מעבדות פרמצבטיות,IL,שמפו/אל סבון,מיליליטרים,750.00,"100 מ""ל",false,0,15.00,2.00,true,1,
7290006652027,false,במבה מארז 20 * 15 גרם,אסם,IL,במבה 20 יח',גרמים,300.00,100 גרם,false,0,23.90,7.97,true,1,
7290006653857,false,"ארנבונים חטיף תפו""א 40גר",אסם,IL,"ארנבונים חטיף תפו""א 40גר",גרמים,40.00,100 גרם,false,0,4.30,10.75,true,1,
7290006664037,false,סופר גמדים דגנים 100*4גר,שטראוס,IL,סופר גמדים 4 יח,גרמים,400.00,100 גרם,false,0,11.50,2.88,true,1,
7290006664051,false,"אקטימל לבן 100*14 מ""ל",שטראוס,IL,אקטימל מארז14יח',ליטרים,1.40,ליטר,false,0,29.90,21.36,true,1,
7290006664167,false,סימפוניה+שום שמיר3% 200ג,שטראוס,IL,גבינת סימפוניה3%,גרמים,200.00,100 גרם,false,0,10.90,5.45,true,1,
7290006664310,false,גבינת סקי3% 250 גרם,שטראוס,IL,גבינת סקי 3%,גרמים,250.00,100 גרם,false,0,4.60,1.84,true,1,
7290006664358,false,דנונה דיאט רום צימוק150ג,שטראוס,IL,דנונה דיאט,גרמים,150.00,100 גרם,false,0,4.90,3.27,true,1,
7290006664402,false,גבינת סקי5% 750 גרם,שטראוס,IL,גבינת סקי5%,גרמים,750.00,100 גרם,false,0,13.80,1.84,true,1,
7290006664532,false,דנונה תות 3% 150 גרם,שטראוס,IL,דנונה תות 3%,גרמים,150.00,100 גרם,false,0,4.90,3.27,true,1,
7290006664631,false,"אקטימל תות 100*8 מ""ל",שטראוס,IL,אקטימל תות 8 יח',מיליליטרים,800.00,"100 מ""ל",false,0,20.90,2.61,true,1,
7290006664655,false,"אקטימל לבן 100*8 מ""ל",שטראוס,IL,אקטימל לבן 8 יח,מיליליטרים,800.00,"100 מ""ל",false,0,20.90,2.61,true,1,
7290006664969,false,יוגורט מת.מעודן2% 150*8ג,שטראוס,IL,יוגורט מעודן 2%,קילוגרמים,1.20,"ק""ג",false,0,18.30,15.25,true,1,
7290006664990,false,דנונה ביו 1.7% 150*8גרם,שטראוס,IL,דנונה ביו 8 יח',קילוגרמים,1.20,"ק""ג",false,0,16.90,14.08,true,1,
7290006666314,false,סלט טחינה אטרף 300 גרם,סלטי משני,IL,סלט טחינה משני,גרמים,300.00,100 גרם,false,0,13.40,4.47,true,1,
7290006666437,false,סלט טורקי 300 גרם,סלטי משני,IL,סלט טורקי,גרמים,300.00,100 גרם,false,0,17.30,5.77,true,1,
7290006666826,false,סחוג ירוק 150 גרם,סלטי משני,IL,סחוג ירוק,גרמים,150.00,100 גרם,false,0,13.40,8.93,true,1,
7290006666833,false,סחוג אדום 150 גרם,סלטי משני,IL,סחוג אדום,גרמים,150.00,100 גרם,false,0,13.40,8.93,true,1,
7290006704788,false,מלפפון בייבי יח',קטיף,IL,מלפפון בייבי-יח',יחידה,1.00,יחידה,false,0,9.90,9.90,true,1,
7290006732668,false,עוגת שושנים טריפל שוק400,לחמי,IL,עוגת שושנים,גרמים,400.00,100 גרם,false,0,12.90,3.23,true,1,
7290006738103,false,פסטרמה בדבש טהור דק 150ג,זוגלובק,IL,פסטרמה בדבש דק,גרמים,150.00,100 גרם,false,0,15.10,10.07,true,1,
7290006738110,false,פסטרמה ברביקיו דק דק150ג,זוגלובק,IL,פסטרמה ברביקיו,גרמים,150.00,100 גרם,false,0,15.10,10.07,true,1,
7290006738127,false,חזה בקר דק דק 150 גרם,זוגלובק,IL,חזה בקר דק דק,גרמים,150.00,100 גרם,false,0,15.10,10.07,true,1,
7290006739247,false,פסטרמה איטלקית במשקל,זוגלובק,IL,פסטרמה איטלקית,קילוגרמים,0.00,"ק""ג",true,0,79.00,79.00,true,1,
7290006739414,false,סלמי קוניאק 300 גרם,זוגלובק,IL,סלמי קוניאק,גרמים,300.00,100 גרם,false,0,28.70,9.57,true,1,
7290006740212,false,נקניקיות ג'מבו במשקל,זוגלובק,IL,נקניקיות ג'מבו,קילוגרמים,0.00,"ק""ג",true,0,21.80,21.80,true,1,
7290006741363,false,"בורקס תפו""א בד""צ 800 גרם",זוגלובק,IL,"בורקס תפו""א",גרמים,800.00,100 גרם,false,0,14.80,1.85,true,1,
7290006741387,false,"מלוואח תימני בד""צ 700 גר",זוגלובק,IL,מלוואח תימני,גרמים,700.00,100 גרם,false,0,13.90,1.99,true,1,
7290006742179,false,קבב מזרחי 400 גרם,זוגלובק,IL,קבב מזרחי,גרמים,400.00,100 גרם,false,0,21.60,5.40,true,1,
7290006742209,false,שניצל תירס 750גרם%33+,זוגלובק,IL,שניצל תירס,גרמים,1000.00,100 גרם,false,0,29.90,2.99,true,1,
7290006742278,false,פסטרמה צלוי על לבנים330ג,זוגלובק,IL,פסטרמה צלויה,גרמים,330.00,100 גרם,false,0,29.90,9.06,true,1,
7290006742292,false,פסטרמה בדבש 330 גרם,זוגלובק,IL,פסטרמה בדבש,גרמים,330.00,100 גרם,false,0,29.90,9.06,true,1,
7290006755469,false,שניצל תירס לייט 630 גרם,טבעול,IL,שניצל תירס לייט,גרמים,630.00,100 גרם,false,0,25.70,4.08,true,1,
7290006764058,false,בירה נשר לבן בק.חוזר500מ,טמפו,IL,בירה נשר לבן,מיליליטרים,500.00,"100 מ""ל",false,0,5.20,1.04,true,1,
7290006764065,false,בירה נשר מאלט בק.חוזר500,טמפו,IL,בירה נשר מאלט,מיליליטרים,500.00,"100 מ""ל",false,0,4.50,0.90,true,1,
7290006764072,false,"גולדסטאר בק.חוזר 500 מ""ל",טמפו,IL,בירה גולדסטאר,מיליליטרים,500.00,"100 מ""ל",false,0,6.90,1.38,true,1,
7290006764485,false,בירה נשר מאלט בקב330*6.מ,טמפו,IL,נשר מאלט 6 יח,ליטרים,1.98,ליטר,false,0,22.90,11.57,true,1,
7290006764713,false,מירינדה 1.5*6 ליטר,טמפו,IL,מירינדה 6 יחידות,ליטרים,9.00,ליטר,false,0,24.90,2.77,true,1,
7290006784339,false,סנט מוריץ מנקה רהיטים300,קומפלקס כימיקלים,IL,סנט מוריץ לרהיט,מיליליטרים,300.00,"100 מ""ל",false,0,11.90,3.97,true,1,
7290006788009,false,"שמפו ""10"" לשיער רגיל700מ",קרליין,IL,שמפו 10 לשיער,מיליליטרים,700.00,"100 מ""ל",false,0,10.00,1.43,true,1,
7290006788023,false,"שמפו ""10"" לשיער צבוע700מ",קרליין,IL,שמפו 10 לשיער,מיליליטרים,700.00,"100 מ""ל",false,0,10.00,1.43,true,1,
7290006788054,false,"שמפו""10""לסרוק קל קלאס700",קרליין,IL,שמפו 10 לשיער,מיליליטרים,700.00,"100 מ""ל",false,0,10.00,1.43,true,1,
7290006788078,false,"מרכך ""10"" לשיער יבש 700מ",קרליין,IL,מרכך 10 לשיער,מיליליטרים,700.00,"100 מ""ל",false,0,10.00,1.43,true,1,
7290006788085,false,"מרכך ""10"" לשיער צבוע700מ",קרליין,IL,מרכך 10 לשיער,מיליליטרים,700.00,"100 מ""ל",false,0,10.00,1.43,true,1,
7290006788405,false,דאו.קרליין רולאון בורדו,קרליין,IL,דאודורנט קרליין,מיליליטרים,75.00,"100 מ""ל",false,0,12.90,17.20,true,1,
7290006788429,false,דאו.קרליין רולאון כתום75,קרליין,IL,דאודורנט קרליין,מיליליטרים,75.00,"100 מ""ל",false,0,12.90,17.20,true,1,
7290006788436,false,דאו.קרליין רולאון ורוד75,קרליין,IL,דאודורנט קרליין,מיליליטרים,75.00,"100 מ""ל",false,0,12.90,17.20,true,1,
7290006788498,false,דאו.קרליין ספרי PURE 200,קרליין,IL,דאודורנט קרליין,מיליליטרים,200.00,"100 מ""ל",false,0,12.90,6.45,true,1,
7290006822192,false,נקטר חמוציות דיאט 1 ליטר,פריגת,IL,נקטר חמוציות,ליטרים,1.00,ליטר,false,0,10.20,10.20,true,1,
7290006855183,false,ברבריא תמרים+אגוזים30*4ג,טבעית מוצרים מן הטבע,IL,חטיפי ברבריא 4יח,גרמים,120.00,100 גרם,false,0,19.70,16.42,true,1,
7290006855244,false,ברבריא אגוזים+צימוק27*4ג,טבעית מוצרים מן הטבע,IL,חטיפי ברבריא,גרמים,108.00,100 גרם,false,0,19.70,18.24,true,1,
7290006855251,false,ברבריא קשיו+חמוציות27*4ג,טבעית מוצרים מן הטבע,IL,חטיפי ברבריא 4יח,גרמים,108.00,100 גרם,false,0,19.70,18.24,true,1,
7290006866363,false,מיץ אשכוליות אדומות 1 ל',גניר,IL,מיץ אשכולית סחוט,ליטרים,1.00,ליטר,false,0,14.80,14.80,true,1,
7290006869128,false,לרוויה-לבן 1.5% שומן 1ל',טרה,IL,לרוויה-לבן 1.5%,ליטרים,1.00,ליטר,false,0,10.80,10.80,true,1,
7290006869449,false,"לבן 3% שומן 150 מ""ל",טרה,IL,לבן 3% שומן טרה,מיליליטרים,150.00,"100 מ""ל",false,0,1.05,0.70,true,1,
7290006936059,false,משחת כלים,,,משחת כלים,קילוגרמים,3.50,"ק""ג",false,0,28.50,8.14,true,1,
7290006983152,false,קרוטונים מתובלים למרק400,עינת,IL,קרוטונים מתובלים,גרמים,400.00,100 גרם,false,0,19.60,4.90,true,1,
7290006983176,false,לחמית שיפון 230 גרם,אסם,IL,לחמית שיפון אסם,גרמים,230.00,100 גרם,false,0,8.90,3.87,true,1,
7290006983206,false,פלאפל בקלי קלות 180 גרם,אסם,IL,תערובת לפלאפל,גרמים,180.00,100 גרם,false,0,9.70,5.39,true,1,
7290006983770,false,עוגת הבית שיש אסם 400 גר,אסם,IL,עוגת שיש,גרמים,400.00,100 גרם,false,0,11.90,2.98,true,1,
7290006984647,false,חטיפי פריכונים מלוח 80גר,"פרח תעשיות מזון בע""מ",IL,חטיפי פריכונים,גרמים,80.00,100 גרם,false,0,7.30,9.13,true,1,
7290006989079,false,מברשת שטיחים 525,המברשת רוחמה,IL,מברשת שטיחים,יחידה,1.00,יחידה,false,0,20.20,20.20,true,1,
7290006992161,false,דייסלה קורנפלור 200 גרם,נסטלה,IL,דייסת מטרנה,גרמים,200.00,100 גרם,false,0,13.90,6.95,true,1,
7290006992390,false,דייסת וניל מטרנה 200 גרם,נסטלה,IL,דייסת וניל מטרנה,גרמים,200.00,100 גרם,false,0,13.90,6.95,true,1,
7290008017985,false,ק.קוסמטי לידיים 100מל,מורז,,קרם קוסמטי ליד,מיליליטרים,100.00,"100 מ""ל",false,0,29.60,29.60,true,1,
7290008018661,false,"מרכך פינוק לילדים 700מ""ל",יוניליוור,IL,מרכך פינוק,מיליליטרים,700.00,"100 מ""ל",false,0,13.80,1.97,true,1,
7290008021043,false,שמפו פינוק שיער רגיל700מ,יוניליוור,IL,שמפו פינוק,מיליליטרים,700.00,"100 מ""ל",false,0,10.00,1.43,true,1,
7290008021104,false,"מרכך פינוק רגיל 700 מ""ל",יוניליוור,IL,מרכך שיער פינוק,מיליליטרים,700.00,"100 מ""ל",false,0,10.00,1.43,true,1,
7290008021111,false,מרכ.פינוק יבש מאוד 700מל,יוניליוור,IL,מרכך שיער פינוק,מיליליטרים,700.00,"100 מ""ל",false,0,10.00,1.43,true,1,
7290008021135,false,שמפו פינוק 2ב1- רגיל700מ,יוניליוור,IL,שמפו+מרכך פינוק,מיליליטרים,700.00,"100 מ""ל",false,0,10.00,1.43,true,1,
7290008068512,false,בייבי פסטה קמומיל 100ג,ויטאמד צריכה,IL,בייבי פסטה קמומיל 100ג,גרמים,100.00,100 גרם,false,0,19.00,19.00,true,1,
7290008084956,false,בייבי פסטה,,IL,בייבי פסטה,גרמים,120.00,100 גרם,false,0,14.90,12.42,true,1,
7290008096317,false,משחה פרדונטקס פלואוריד50,"מאסטרפוד אוסטריה בע""מ",GB,משחת שיניים,מיליליטרים,50.00,"100 מ""ל",false,0,16.90,33.80,true,1,
7290008142694,false,"מי פה ליסטרין 750 מ""ל",ג'ונסון,US,מי פה ליסטרין,מיליליטרים,750.00,"100 מ""ל",false,0,48.90,6.52,true,1,
7290008175487,false,לורפק ממרח חמאה,,,לורפק ממרח חמאה,גרמים,250.00,100 גרם,false,0,12.90,5.16,true,1,
7290008175494,false,ממרח חמאה,,DK,ממרח חמאה,גרמים,250.00,100 גרם,false,0,12.90,5.16,true,1,
7290008190640,false,אגו ופל אגוזים לבן 130גר,כרמית,IL,אגו אצבעות וופל,גרמים,130.00,100 גרם,false,0,5.90,4.54,true,1,
7290008190664,false,אגו ופלים אגוזים חלב130ג,כרמית,IL,אגו ופל אגוזים,גרמים,130.00,100 גרם,false,0,5.90,4.54,true,1,
7290008190688,false,"סוכריות טעם קפה ללת""ס60ג",סולא,DE,סוכריות חופשי,גרמים,60.00,100 גרם,false,0,7.40,12.33,true,1,
7290008190909,false,מיני קוקיס שוק.צ'יפס600ג,כרמית,IL,מיני קוקיס,גרמים,600.00,100 גרם,false,0,19.60,3.27,true,1,
7290008213493,false,משחה קולגייט להלבנה 100מ,קולגייט-פלמוליב,PL,משחה קולגייט להלבנה 100מ,מיליליטרים,100.00,"100 מ""ל",false,0,14.90,14.90,true,1,
7290008263443,false,משקה סויה,,IL,משקה סויה,ליטרים,1.00,ליטר,false,0,12.80,12.80,true,1,
7290008263634,false,ברנפלקס אורגני 375 גרם,הרדוף,IL,ברנפלקס אורגני,גרמים,375.00,100 גרם,false,0,18.50,4.93,true,1,
7290008263665,false,"לחם דגנים""רק בריאות750""ג",הרדוף,IL,לחם דגנים,גרמים,750.00,100 גרם,false,0,14.90,1.99,true,1,
7290008263764,false,פוזילי טריקולור 500 גרם,הרדוף,IT,פוזילי אורגני,גרמים,500.00,100 גרם,false,0,12.40,2.48,true,1,
7290008330398,false,בדין 40 דפי מרכך כחול,קלינטסט,US,בדין דפי מרכך,יחידה,1.00,יחידה,false,0,18.30,18.30,true,1,
7290008330459,false,דאב קרם ידיים רגיל 100מל,יוניליוור,IL,דאב קרם ידיים,מיליליטרים,100.00,"100 מ""ל",false,0,10.80,10.80,true,1,
7290008340618,false,סלמון מעושן מצונן 100 גר,דלידג - נטו,IL,סלמון מעושן,גרמים,100.00,100 גרם,false,0,14.90,14.90,true,1,
7290008343466,false,בצק פילו 500 גרם,"שגמור בע""מ",IL,בצק פילו 500 גרם,גרמים,500.00,100 גרם,false,0,20.70,4.14,true,1,
7290008343602,false,קובה בשר מטוגן 1 ק'ג של,שלושת האופים,IL,קובה בשר מטוגן 1 ק'ג של,קילוגרמים,1.00,"ק""ג",false,0,24.90,24.90,true,1,
7290008343619,false,"פסטלים תפו""א 1קג משלוש י",שלושת האופים,IL,"פסטלים תפו""א 1קג משלוש י",קילוגרמים,1.00,"ק""ג",false,0,24.90,24.90,true,1,
7290008344258,false,המבורגר מזרחי 400 גרם,טיבון ויל - נטו,IL,המבורגר מזרחי,גרמים,400.00,100 גרם,false,0,20.70,5.18,true,1,
7290008345125,false,פילה מטיאס בשמן 240 גרם,דלידג - נטו,IL,פילה מטיאס בשמן,גרמים,240.00,100 גרם,false,0,20.70,8.63,true,1,
7290008345132,false,הרינג כבוש 240 גרם,דלידג - נטו,IL,הרינג כבוש,גרמים,240.00,100 גרם,false,0,22.00,9.17,true,1,
7290008345149,false,מטיאס פרובנסל 240 גרם,דלידג - נטו,IL,מטיאס פרובנסל,גרמים,240.00,100 גרם,false,0,22.00,9.17,true,1,
7290008345156,false,פילה מקרוסקה במשקל,דלידג - נטו,IL,פילה מקרוסקה,קילוגרמים,0.00,"ק""ג",true,0,101.00,101.00,true,1,
7290008345170,false,מקרל חצאים במשקל,דלידג - נטו,IL,מקרל חצאים,קילוגרמים,0.00,"ק""ג",true,0,90.00,90.00,true,1,
7290008345576,false,איקרה ביתית לבנה 300 גרם,דלידג - נטו,IL,איקרה ביתית לבנה,גרמים,300.00,100 גרם,false,0,16.20,5.40,true,1,
7290008345583,false,איקרה ביתית ורודה 300 גר,דלידג - נטו,IL,איקרה ביתית,גרמים,300.00,100 גרם,false,0,16.20,5.40,true,1,
7290008380409,false,קפסולות אספרסו כסף 50גרם,ורנינו,IT,קפסולות אספרסו,גרמים,50.00,100 גרם,false,0,15.90,31.80,true,1,
7290008409049,false,מיני דק שניצל שומשום,תנובה,IL,מיני דק שניצל שומשום,גרמים,500.00,100 גרם,false,0,27.70,5.54,true,1,
7290008409124,false,שניצל ג'ונגל 700 גרם,תנובה,IL,שניצל ג'ונגל 700 גרם,גרמים,700.00,100 גרם,false,0,36.60,5.23,true,1,
7290008409216,false,שניצל דק דק פריך 700 גרם,תנובה,IL,שניצל דק דק פריך 700 גרם,גרמים,700.00,100 גרם,false,0,41.90,5.99,true,1,
7290008409223,false,שניצל דק מתובל 700 גרם,תנובה,IL,שניצל דק מתובל 700 גרם,גרמים,700.00,100 גרם,false,0,41.90,5.99,true,1,
7290008409643,false,פילה עוף בתיבול על האש 0,תנובה,IL,פילה עוף בתיבול על האש 0,גרמים,600.00,100 גרם,false,0,42.70,7.12,true,1,
7290008409773,false,קציצות עוף ביתיות 700 גר,תנובה,IL,קציצות עוף ביתיות 700 גר,גרמים,700.00,100 גרם,false,0,31.60,4.51,true,1,
7290008415071,false,חומוס עם טחינה 150 גרם,צבר,IL,חומוס עם טחינה,גרמים,150.00,100 גרם,false,0,5.40,3.60,true,1,
7290008415514,false,חומוס עם חריף 150 גרם,צבר,IL,חומוס עם חריף,גרמים,150.00,100 גרם,false,0,4.90,3.27,true,1,
7290008443616,false,מרכך נקה 7 לשיר יבש 750מ,אמיליה קוסמטיקס,IL,קונדישנר נקה 7,מיליליטרים,750.00,"100 מ""ל",false,0,9.90,1.32,true,1,
7290008462204,false,םרג 380 ןו'זיד לדרח,וטנ,FR,חרדל דיז'ון,גרמים,380.00,100 גרם,false,0,17.20,4.53,true,1,
7290008464000,false,סבן אפ 1.5*6 ליטר,טמפו,IL,סבן אפ 6 יחידות,ליטרים,9.00,ליטר,false,0,24.90,2.77,true,1,
7290008464017,false,סבן אפ דיאט 1.5*6 ליטר,טמפו,IL,סבן אפ דיאט 6 יח,ליטרים,9.00,ליטר,false,0,24.90,2.77,true,1,
7290008464222,false,בירה מכבי פחית7.9% 500מ,טמפו,IL,בירה מכבי 7.9%,מיליליטרים,500.00,"100 מ""ל",false,1,8.10,1.62,true,1,
7290008464468,false,בירה גולדסטאר פחית 500מל,טמפו,IL,בירה גולדסטאר,מיליליטרים,500.00,"100 מ""ל",false,0,8.40,1.68,true,1,
7290008464475,false,"בירה מכבי פחית 500 מ""ל",טמפו,IL,בירה מכבי פחית,מיליליטרים,500.00,"100 מ""ל",false,0,6.80,1.36,true,1,
7290008464604,false,"בירה הייניקן פחית 500מ""ל",היינקן,IL,בירה היינקן פחית,מיליליטרים,500.00,"100 מ""ל",false,0,11.80,2.36,true,1,
7290008464697,false,בירה מכבי 6 יח,,IL,בירה מכבי 6 יח,ליטרים,1.98,ליטר,false,0,29.90,15.10,true,1,
7290008464987,false,סודה טמפו 1.5*6 ליטר,טמפו,IL,סודה טמפו שישיה,ליטרים,9.00,ליטר,false,0,14.80,1.64,true,1,
7290008470759,false,סטיקס ספירמינט 13*8 גרם,ריגלי,FR,אורביט סטיקס 8יח,גרמים,104.00,100 גרם,false,0,15.30,14.71,true,1,
7290008470766,false,אורביט סטיקס פפרמינ13*8ג,ריגלי,FR,אורביט סטיקס 8יח,גרמים,104.00,100 גרם,false,0,15.30,14.71,true,1,
7290008470810,false,מסטיק פייב מנטה 4 יח,ריגלי,FR,מסטיק פייב 4 יח,גרמים,76.00,100 גרם,false,0,17.70,23.29,true,1,
7290008493314,false,בייגלה שמיניות מלוח400גר,מאיר את ביגל,IL,בייגלה שמיניות,גרמים,400.00,100 גרם,false,0,7.90,1.98,true,1,
7290008493390,false,גריסיני טבעי 200 גרם,מאיר את ביגל,IL,גריסיני טבעי,גרמים,200.00,100 גרם,false,0,9.40,4.70,true,1,
7290008493406,false,גריסיני שומשום 175 גרם,מאיר את ביגל,IL,גריסיני שומשום,גרמים,175.00,100 גרם,false,0,9.40,5.37,true,1,
7290008493482,false,בייגלה גדול שומשום 300גר,מאיר את ביגל,IL,בייגלה שומשום,גרמים,300.00,100 גרם,false,0,7.90,2.63,true,1,
7290008493505,false,בייגלה שטוחל'ה שומשום300,מאיר את ביגל,IL,בייגלה שטוחלה,גרמים,300.00,100 גרם,false,0,7.90,2.63,true,1,
7290008493574,false,בייגלה שטוחלה פינוקים300,מאיר את ביגל,IL,שטוחלה פינוקים,גרמים,300.00,100 גרם,false,0,7.90,2.63,true,1,
7290008493710,false,פירורי גריסיני זהב 200ג,מאיר את ביגל,IL,פירורי גריסיני,גרמים,200.00,100 גרם,false,1,5.00,2.50,true,1,
7290008515221,false,עלים לסיגרים 500 גרם,יסמין,IL,עלים לסיגרים,גרמים,500.00,100 גרם,false,0,11.80,2.36,true,1,
7290008644112,false,סלט מטבוחה יום יום 125גר,שטראוס,IL,מטבוחה יום יום,גרמים,125.00,100 גרם,false,0,4.80,3.84,true,1,
7290008670142,false,רקנאטי יסמין,,IL,רקנאטי יסמין,מיליליטרים,750.00,"100 מ""ל",false,0,32.90,4.39,true,1,
7290008679428,false,זוג כפפות בית,,IL,זוג כפפות בית,יחידה,1.00,יחידה,false,0,5.90,5.90,true,1,
7290008690164,false,ק.קולה לימון דיאט1.5ליטר,החברה המרכזית לייצור משקאות,IL,קולה דיאט לימון,ליטרים,1.50,ליטר,false,0,6.80,4.53,true,1,
7290008690713,false,נקטר חמוציות טבעי 1 ליטר,פריגת,IL,נקטר חמוציות,ליטרים,1.00,ליטר,false,0,10.20,10.20,true,1,
7290008693134,false,דניאלה תות מוקצף5% 150מ,שטראוס,IL,דניאלה תות מוקצף,מיליליטרים,150.00,"100 מ""ל",false,0,4.10,2.73,true,1,
7290008713016,false,לחם שבעה דגנים קל 500גרם,מאפיית שלמה א. אנג'ל,IL,לחם שבעה דגנים קל 500גרם,גרמים,500.00,100 גרם,false,0,13.80,2.76,true,1,
7290008713696,false,הלחמניה המלאה 75*6 גרם,מאפיית שלמה א. אנג'ל,IL,הלחמניה המלאה 75*6 גרם,גרמים,450.00,100 גרם,false,0,13.20,2.93,true,1,
7290008713900,false,לחם שיפון עגול 750 גרם,מאפיית שלמה א. אנג'ל,IL,לחם שיפון עגול 750 גרם,גרמים,750.00,100 גרם,false,0,10.90,1.45,true,1,
7290008713917,false,לחם שיפון כהה 750 גרם,מאפיית שלמה א. אנג'ל,IL,לחם שיפון כהה 750 גרם,גרמים,750.00,100 גרם,false,0,10.90,1.45,true,1,
7290008713924,false,לחם שיפון+גרעינ.דלעת750ג,מאפיית שלמה א. אנג'ל,IL,לחם שיפון+גרעינ.דלעת750ג,גרמים,750.00,100 גרם,false,0,10.90,1.45,true,1,
7290008745239,false,תפוצ'יפס קראנצ' טבעי50ג,עלית,IL,תפוצ'יפס קראנצ',גרמים,50.00,100 גרם,false,0,3.80,7.60,true,1,
7290008747424,false,שוקולד במילוי תות 100גרם,עלית,IL,שוקולד במלוי תות,גרמים,100.00,100 גרם,false,0,5.50,5.50,true,1,
7290008747516,false,צ'יטוס איקס עיגול 15*10ג,עלית,IL,צ'יטוס 10 יח',גרמים,150.00,100 גרם,false,0,9.90,6.60,true,1,
7290008748384,false,שוקולד ספלנדיד מריר100גר,עלית,IL,שוקולד ספלנדיד,גרמים,100.00,100 גרם,false,0,10.90,10.90,true,1,
7290008749954,false,טוב טעם מגדים 20 יחידות,עלית,IL,חטיפי וופל,גרמים,30.00,100 גרם,false,0,19.90,66.33,true,1,
7290008750264,false,מסטיק דובדבן מגדים 28גרם,עלית,IL,מסטיק מאסט,גרמים,28.00,100 גרם,false,0,4.30,15.36,true,1,
7290008752244,false,תפוצ'יפס קראנצ' גריל 50ג,עלית,IL,תפוצ'יפס גריל,גרמים,50.00,100 גרם,false,0,3.80,7.60,true,1,
7290008753111,false,תפוצ'יפס מקסיקני 50 גרם,עלית,IL,תפוצ'יפס קראנצ',גרמים,50.00,100 גרם,false,0,3.80,7.60,true,1,
7290008753876,false,בפלות עוגת גבינה+פירו350,עלית,IL,בפלות פירורים,גרמים,350.00,100 גרם,false,0,15.40,4.40,true,1,
7290008754422,false,LL MUST קלאסי פפרמינט28ג,עלית,IL,מסטיק LL MUST,גרמים,28.00,100 גרם,false,0,4.30,15.36,true,1,
7290008754613,false,רולדת שוקולד מצופה 350גר,עלית,IL,רולדת שוקולד,גרמים,350.00,100 גרם,false,0,14.80,4.23,true,1,
7290008754682,false,רולדת קוקוס מצופה 350גרם,עלית,IL,רולדת קוקוס,גרמים,350.00,100 גרם,false,0,14.80,4.23,true,1,
7290008757720,false,קולה R.C דיאט 1.5*4 ליטר,יפאורה שותפות מובגלת לשיווק,US,קולה RC דיאט 4יח,ליטרים,6.00,ליטר,false,0,14.00,2.33,true,1,
7290008757737,false,RCQ אורנג' 1.5*4 ליטר,יפאורה שותפות מובגלת לשיווק,IL,RCQ אורנג' 1.5*4 ליטר,ליטרים,6.00,ליטר,false,0,14.00,2.33,true,1,
7290008757980,false,נקטר ספרינג רימונים 1 ל',יפאורה שותפות מובגלת לשיווק,IL,נקטר רימונים,ליטרים,1.00,ליטר,false,0,4.90,4.90,true,1,
7290008775816,false,ערגליות שוקו 300 גרם,אסם,IL,ערגליות שוקו,גרמים,300.00,100 גרם,false,0,10.30,3.43,true,1,
7290008775823,false,ערגליות תות 300 גרם,אסם,IL,ערגליות תות 300 גרם,גרמים,300.00,100 גרם,false,0,10.30,3.43,true,1,
7290008801010,false,קברנה מרלו P.C,,,קברנה מרלו P.C,מיליליטרים,750.00,"100 מ""ל",false,0,29.90,3.99,true,1,
7290008801157,false,מרלו סלקטד,,,מרלו סלקטד,מיליליטרים,750.00,"100 מ""ל",false,0,22.90,3.05,true,1,
7290008801454,false,"יין היובל ישן נושן650מ""ל",יקבי כרמל,IL,יין ישן נושן,מיליליטרים,650.00,"100 מ""ל",false,0,15.90,2.45,true,1,
7290008802291,false,"מרלו P.C 750 מ""ל",יקבי כרמל,,מרלו P.C,מיליליטרים,750.00,"100 מ""ל",false,0,29.90,3.99,true,1,
7290008802512,false,"יין אדום יבש וינו 750מ""ל",יקבי כרמל,IL,יין אדום יבש,מיליליטרים,750.00,"100 מ""ל",false,0,15.90,2.12,true,1,
7290008803021,false,"כרמל אדום עתיק 750 מ""ל",יקבי כרמל,IL,יין אדום עתיק,מיליליטרים,750.00,"100 מ""ל",false,0,19.90,2.65,true,1,
7290008803090,false,"מרלו סדרה אזורית 750 מ""ל",יקבי כרמל,IL,יין מרלו,מיליליטרים,750.00,"100 מ""ל",false,0,39.90,5.32,true,1,
7290008805049,false,"זינפנדל סלקטד 750 מ""ל",יקבי כרמל,IL,זינפנדל סמוק,מיליליטרים,750.00,"100 מ""ל",false,0,22.90,3.05,true,1,
7290008807050,false,"טבע קברנה סוביניון750מ""ל",יקבי בנימינה,IL,טבע קברנה,מיליליטרים,750.00,"100 מ""ל",false,0,19.90,2.65,true,1,
7290008833714,false,וודקה גריי גוס,,,וודקה גריי גוס,מיליליטרים,750.00,"100 מ""ל",false,0,145.90,19.45,true,1,
7290008909167,false,"משק""ל פריגת ענבי מרלו1.5",פריגת,IL,פריגת ענבים,ליטרים,1.50,ליטר,false,0,6.50,4.33,true,1,
7290008909440,false,פאנטה אורנג' מנגו 1.5 ל',החברה המרכזית לייצור משקאות,IL,פאנטה אורנג',ליטרים,1.50,ליטר,false,0,6.90,4.60,true,1,
7290008909860,false,קוקה קולה ZERO 1.5 ליטר,החברה המרכזית לייצור משקאות,IL,קוקה קולה ZERO,ליטרים,1.50,ליטר,false,0,6.90,4.60,true,1,
7290008909877,false,קוקה קולה זירו 1.5*6 ל',החברה המרכזית לייצור משקאות,IL,קולה זירו 1.5*6ל,ליטרים,9.00,ליטר,false,0,35.90,3.99,true,1,
7290008945172,false,40גלילונית לפח מטבח52X65,אשפלסט,IL,גלילונית לפח,יחידה,1.00,יחידה,false,0,16.80,16.80,true,1,
7290008975551,false,מטרנה מהדרין שלב3 700גרם,נסטלה,IL,מטרנה מהדרין 3,גרמים,700.00,100 גרם,false,0,49.90,7.13,true,1,
7290008975780,false,"בונזו גזע קטן 3 ק""ג",ביופט,IL,בונזו גזע קטן,קילוגרמים,3.00,"ק""ג",false,0,44.90,14.97,true,1,
7290009395037,true,כבד עוף טרי תפזורת עצמי,שונות,IL,כבד עוף טרי,קילוגרמים,0.00,"ק""ג",true,0,17.90,17.90,true,1,
7290009395044,true,לב עוף טרי תפזורת עצמי,שונות,IL,לב עוף טרי,קילוגרמים,0.00,"ק""ג",true,0,23.90,23.90,true,1,
7290009395051,true,קורקבן עוף טרי ת.עצמי,שונות,IL,קרקבן עוף טרי,קילוגרמים,0.00,"ק""ג",true,0,9.90,9.90,true,1,
7290009397642,true,חמישית מאפין שוקו 200גרם,גידרון,IL,חמישית מאפין,גרמים,200.00,100 גרם,false,0,8.00,4.00,true,1,
7290009397697,true,מאפין שוק.צ'יפס 5י גדרון,גידרון,IL,חמישית מאפין,גרמים,200.00,100 גרם,false,0,8.00,4.00,true,1,
7290009398038,true,ג'בטינה קוקטיל לבן,גידרון,IL,ג'בטינה קוקטיל,יחידה,1.00,יחידה,false,0,1.50,1.50,true,1,
7290009398137,true,מקלות בייגלה,גידרון,IL,מקלות בייגלה,יחידה,1.00,יחידה,false,0,2.90,2.90,true,1,
7290009398335,true,ג'בטינה קוקטייל כפרי,גידרון,IL,ג'בטינה קוקטייל,יחידה,1.00,יחידה,false,0,1.50,1.50,true,1,
7290009398786,true,מארז פיתות אסלית 5יח100*,מאפיית אנג'ל,IL,חמישיית פיתות,גרמים,500.00,100 גרם,false,0,6.90,1.38,true,1,
7290009399165,true,לחמניה קלה,גידרון,IL,לחמניה קלה,יחידה,1.00,יחידה,false,0,2.90,2.90,true,1,
7290009399431,true,עוגיות שיבולת שועל במשקל,גידרון,IL,עוגיות ש.שועל,קילוגרמים,0.00,"ק""ג",true,0,39.00,39.00,true,1,
7290009399493,true,עוג.עניבות קינמון משקל,גידרון,IL,עוגיות עניבות,קילוגרמים,0.00,"ק""ג",true,0,35.00,35.00,true,1,
7290009399523,true,מעמול תמרים במשקל,גידרון,,מעמול תמרים,קילוגרמים,0.00,"ק""ג",true,0,35.00,35.00,true,1,
7290009401790,true,מארז פיתה כפרית 5יח100*ג,מאפיית אנג'ל,IL,פיתה כפרית 5יח,גרמים,500.00,100 גרם,false,0,7.90,1.58,true,1,
7290009802191,true,עוף שלם טרי א.דיל ארוז,.,IL,עוף שלם טרי,קילוגרמים,0.00,"ק""ג",true,1,18.90,18.90,true,1,
7290009802214,true,כרעי עוף טרי ארוז עצמי,.,IL,כרעי עוף טרי,קילוגרמים,0.00,"ק""ג",true,1,27.90,27.90,true,1,
7290009802221,true,כרעי עוף טרי א.דיל עצמי,.,IL,כרעי עוף טרי,קילוגרמים,0.00,"ק""ג",true,1,27.90,27.90,true,1,
7290009802481,true,קוקטייל טרי א.דיל עצמי,.,IL,קוקטייל טרי,קילוגרמים,0.00,"ק""ג",true,1,27.90,27.90,true,1,
7290009804591,true,כנפי עוף טרי א.דיל עצמי,.,IL,כנפי עוף טרי,קילוגרמים,0.00,"ק""ג",true,1,11.90,11.90,true,1,
7290009806571,true,חזה עוף טרי א.דיל עצמי,.,IL,חזה עוף טרי,קילוגרמים,0.00,"ק""ג",true,1,31.90,31.90,true,1,
7290009806595,true,כבד עוף טרי,,,כבד עוף טרי,קילוגרמים,0.00,"ק""ג",true,0,17.90,17.90,true,1,
7290009807592,true,כבד עוף טרי א.דיל עצמי,.,IL,כבד עוף טרי,קילוגרמים,0.00,"ק""ג",true,1,17.90,17.90,true,1,
7290009807615,true,לב עוף טרי ארוז עצמי,.,IL,לב עוף טרי,קילוגרמים,0.00,"ק""ג",true,1,23.90,23.90,true,1,
7290009807622,true,לב עוף טרי א.דיל ארוז,.,IL,לב עוף טרי,קילוגרמים,0.00,"ק""ג",true,1,23.90,23.90,true,1,
7290009807646,true,שוקי עוף טרי ארוז עצמי,.,IL,שוקי עוף טרי,קילוגרמים,0.00,"ק""ג",true,1,32.90,32.90,true,1,
7290009810967,true,שוקי עוף טרי א.דיל עצמי,.,IL,שוקי עוף טרי,קילוגרמים,0.00,"ק""ג",true,1,32.90,32.90,true,1,
7290009811483,true,שניצל עוף טרי ארוז עצמי,.,IL,שניצל עוף טרי,קילוגרמים,0.00,"ק""ג",true,1,34.90,34.90,true,1,
7290009811490,true,שניצל עוף טרי א.דיל עצמי,.,IL,שניצל עוף טרי,קילוגרמים,0.00,"ק""ג",true,1,34.90,34.90,true,1,
7290009811896,true,פרגיות עוף טרי אדיל עצמי,.,IL,פרגיות עוף טרי,קילוגרמים,0.00,"ק""ג",true,1,54.90,54.90,true,1,
7290009814309,true,פילה עוף טרי ארוז עצמי,.,IL,פילה עוף טרי,קילוגרמים,0.00,"ק""ג",true,1,32.90,32.90,true,1,
7290009814316,true,פילה עוף טרי א.דיל עצמי,.,IL,פילה עוף טרי,קילוגרמים,0.00,"ק""ג",true,1,32.90,32.90,true,1,
7290009814347,true,קורקבן עוף טרי,,,קורקבן עוף טרי,קילוגרמים,0.00,"ק""ג",true,0,9.90,9.90,true,1,
7290009819120,true,שניצל דק טרי ארוז עצמי,.,IL,שניצל דק טרי,קילוגרמים,0.00,"ק""ג",true,1,39.60,39.60,true,1,
7290009819137,true,שניצל דק טרי א.דיל עצמי,.,IL,שניצל דק טרי,קילוגרמים,0.00,"ק""ג",true,1,39.90,39.90,true,1,
7290009819212,true,גרון הודו נ.טרי א.עצמי,.,IL,גרון הודו טרי,קילוגרמים,0.00,"ק""ג",true,1,23.90,23.90,true,1,
7290009819267,true,חזה הודו נ.טרי ארוז עצמי,.,IL,חזה הודו טרי,קילוגרמים,0.00,"ק""ג",true,1,29.90,29.90,true,1,
7290009951899,true,מאפה מלוח משקל,גידרון,IL,מאפה מלוח משקל,קילוגרמים,0.00,"ק""ג",true,0,34.00,34.00,true,1,
7290009952063,true,מים מינרליים מצוננים500מ,,,מים מינרליים מצוננים500מ,מיליליטרים,500.00,"100 מ""ל",false,0,5.30,1.06,true,1,
7290009952285,true,מארז ביס באגט 8יח',גידרון,IL,ביס באגט 8יח,יחידה,1.00,יחידה,false,0,9.90,9.90,true,1,
7290009952292,true,חצי באגט רגיל/כפרי 5יח',גידרון,IL,חצי באגט 5יח,יחידה,1.00,יחידה,false,0,11.90,11.90,true,1,
7290009952308,true,מארז לחמניית דגנים4יח',גידרון,IL,4יחלחמניות דגנים,יחידה,1.00,יחידה,false,0,11.90,11.90,true,1,
7290009952315,true,מארז בייגל אמריקאי4יח,גידרון,IL,4יח בייגל אמרקאי,יחידה,1.00,יחידה,false,0,11.90,11.90,true,1,
7290009952322,true,מארז שליש באגט 5יח',גידרון,IL,שליש בגט 5 יח,יחידה,1.00,יחידה,false,0,11.90,11.90,true,1,
7290009952339,true,מארז לחמניות אצבע 8יח,גידרון,IL,8יח לחמניות אצבע,יחידה,1.00,יחידה,false,0,9.90,9.90,true,1,
7290009952346,true,מארז לחמניית חלה4יחי,גידרון,IL,4 לחמניית חלה,יחידה,1.00,יחידה,false,0,11.90,11.90,true,1,
7290009952377,true,מארז לחמנית קשר 5יח',גידרון,IL,לחמנית קשר 5יח,יחידה,1.00,יחידה,false,0,11.90,11.90,true,1,
7290009954241,true,נועם ג.צהובה22%חריץ משקל,"טרופיקל דגיל תעשיות קוסמטיקה בע""מ",IL,גבינת נועם 22% ריץ משקל,קילוגרמים,0.00,"ק""ג",true,0,37.90,37.90,true,1,
7290009954258,true,נועם ג.צהובה28%חריץ משקל,י. מלכי מוצרים,IL,גבינת נועם 28% ריץ משקל,קילוגרמים,0.00,"ק""ג",true,0,39.90,39.90,true,1,
7290009955217,true,"סלמי קוניאק שופרסל ק""ג",עוף טוב,IL,סלמי קוניאק,קילוגרמים,0.00,"ק""ג",true,0,58.00,58.00,true,1,
7290009955231,true,"סלמי איטלקי שופרסל ק""ג",עוף טוב,IL,סלמי איטלקי,קילוגרמים,0.00,"ק""ג",true,0,58.00,58.00,true,1,
7290009955255,true,חזה הודו דבש נתח שלם שופ,עוף טוב,IL,חזה הודו דבש נתח שלם שופ,קילוגרמים,0.00,"ק""ג",true,0,68.00,68.00,true,1,
7290009955262,true,חזה הודו ברביקיו נתח שלם,עוף טוב,IL,חזה הודו ברביקיו נתח שלם,קילוגרמים,0.00,"ק""ג",true,0,68.00,68.00,true,1,
7290009955309,true,גב.פרמז'ן27% שופרסל משקל,ז'נטי אס.פי.אי,IT,גבינת פרמז'ן,קילוגרמים,0.00,"ק""ג",true,1,98.00,98.00,true,1,
7290009955330,true,גב.מוצרלה21% שופרסל משקל,אס סי מודסט,LE,גבינה מוצרלה 21%,קילוגרמים,0.00,"ק""ג",true,1,58.00,58.00,true,1,
7290009955422,true,גבינה צהובה 28% משקל,ברגלנדמילך,AT,גבינה צהובה 28%,קילוגרמים,0.00,"ק""ג",true,1,37.00,37.00,true,1,
7290009955774,true,גבינת גאודה 28% משקל,אי וואר,NL,גבינת גאודה 28%,קילוגרמים,0.00,"ק""ג",true,1,49.00,49.00,true,1,
7290010002023,false,כורכום הודי טחון 100 גרם,א.ל ייצור ושיווק תבלינים,IL,כורכום טחון,גרמים,100.00,100 גרם,false,0,9.70,9.70,true,1,
7290010002030,false,כמון 100 גרם,א.ל ייצור ושיווק תבלינים,IL,כמון טחון,גרמים,100.00,100 גרם,false,0,10.90,10.90,true,1,
7290010002078,false,פלפל שחור טחון 100 גרם,א.ל ייצור ושיווק תבלינים,IL,פלפל שחור טחון,גרמים,100.00,100 גרם,false,0,15.10,15.10,true,1,
7290010002108,false,פלפל שחור גרוס גס 90 גרם,א.ל ייצור ושיווק תבלינים,IL,פלפל שחור גרוס,גרמים,90.00,100 גרם,false,0,15.10,16.78,true,1,
7290010002146,false,פפריקה מרוקאית מתוקה100ג,א.ל ייצור ושיווק תבלינים,IL,פפריקה מרוקאית,גרמים,100.00,100 גרם,false,0,10.90,10.90,true,1,
7290010002214,false,צ'ילי מקסיקני גרוס 80גרם,א.ל ייצור ושיווק תבלינים,IL,צ'ילי מקסיקני,גרמים,80.00,100 גרם,false,0,10.90,13.63,true,1,
7290010002320,false,תבלין גריל עוף 100 גרם,א.ל ייצור ושיווק תבלינים,IL,תבלין גריל עוף,גרמים,100.00,100 גרם,false,0,8.30,8.30,true,1,
7290010002368,false,תערובת חוויאג' למרק100גר,א.ל ייצור ושיווק תבלינים,IL,חוויאג' למרק,גרמים,100.00,100 גרם,false,0,9.70,9.70,true,1,
7290010002399,false,בזיליקום 40 גרם,א.ל ייצור ושיווק תבלינים,IL,בזיליקום(ריחן),גרמים,40.00,100 גרם,false,0,9.30,23.25,true,1,
7290010023141,false,חל.לימונענע גן קסום25שק',ויסוצקי,IL,חליטת לימונענע,גרמים,55.00,100 גרם,false,0,12.80,23.27,true,1,
7290010045013,false,עוגיות חמאה צרפתיות250גר,לחמי,IL,עוגיות חמאה,גרמים,250.00,100 גרם,false,0,18.00,7.20,true,1,
7290010045068,false,עוגיות הנסיכה 250 גרם,לחמי,IL,עוגיות הנסיכה,גרמים,250.00,100 גרם,false,0,18.00,7.20,true,1,
7290010049059,false,עוגיות גרנולה 200 גרם,רוקחמן,IL,עוגיות גרנולה,גרמים,200.00,100 גרם,false,0,16.40,8.20,true,1,
7290010049806,false,"עוג.סנדויץ ללת""ס וניל150",אפיפית,IL,עוגיות סנדוויץ,גרמים,150.00,100 גרם,false,0,7.90,5.27,true,1,
7290010049974,false,"עוג.סנדוויץ ללת""ס שוק150",אפיפית,IL,עוגיות סנדוויץ,גרמים,150.00,100 גרם,false,0,7.90,5.27,true,1,
7290010065318,false,"פרינוק ג'וניור תפו""ע190ג",רנדי,CZ,פרינוק מחית,גרמים,130.00,100 גרם,false,0,5.50,4.23,true,1,
7290010065332,false,"פרינוק ג'ונ.תפו""ע+בננ190",רנדי,IL,פריניוק ג'וניור,גרמים,190.00,100 גרם,false,0,5.50,2.89,true,1,
7290010065349,false,פרינוק ג'ונ.סלט פירות190,רנדי,IL,פריניק ג'וניור,גרמים,190.00,100 גרם,false,0,5.50,2.89,true,1,
7290010066513,false,טונה בשמן צמחי 158*4 גרם,תעשיות פילטונה,IL,טונה בשמן 4 יח,גרמים,632.00,100 גרם,false,0,24.90,3.94,true,1,
7290010066575,false,טונה במי מלח 158*4 גרם,תעשיות פילטונה,IL,טונה במי מלח 4יח,גרמים,632.00,100 גרם,false,0,24.90,3.94,true,1,
7290010066582,false,טונה בשמן קנולה 158*4 גר,תעשיות פילטונה,IL,טונה בשמן 4 יח,גרמים,632.00,100 גרם,false,0,24.70,3.91,true,1,
7290010066599,false,טונה בשמן זית 158*4 גרם,תעשיות פילטונה,IL,טונה בשמן זית4יח,גרמים,632.00,100 גרם,false,0,29.90,4.73,true,1,
7290010116898,false,שוקולד אוורירי מריר85גרם,עלית,IL,שוקולד אוורירי,גרמים,85.00,100 גרם,false,0,5.50,6.47,true,1,
7290010116980,false,שוקולית 850 גרם,עלית,IL,שוקולית עלית,גרמים,850.00,100 גרם,false,0,16.90,1.99,true,1,
7290010117864,false,דוריטוס בטעם חריף אש70גר,עלית,IL,דוריטוס בטעם חריף אש70גר,גרמים,70.00,100 גרם,false,0,3.60,5.14,true,1,
7290010129010,false,עוג.כתר במילוי ריבה 600ג,דולצ'ה ויטה,IL,עוגיות כתר ריבה,גרמים,600.00,100 גרם,false,0,17.90,2.98,true,1,
7290010129027,false,עוגיות מרוקאיות 600 גרם,דולצ'ה ויטה,IL,עוגיות מרוקאיות,גרמים,600.00,100 גרם,false,0,17.90,2.98,true,1,
7290010129034,false,עוגיות שוקו ציפס 600 גרם,דולצ'ה ויטה,IL,עוגיות שוקו ציפס,גרמים,600.00,100 גרם,false,0,17.90,2.98,true,1,
7290010129065,false,עוג.מקלות עלים צרפתי600ג,דולצ'ה ויטה,IL,עוג.מקלות עלים,גרמים,600.00,100 גרם,false,0,17.90,2.98,true,1,
7290010129287,false,עוגיות גרנולה 600 גרם,דולצ'ה ויטה,IL,עוגיות גרנולה,גרמים,600.00,100 גרם,false,0,17.90,2.98,true,1,
7290010129324,false,עוגיות מעמול 600 גרם,דולצ'ה ויטה,IL,עוגיות מעמול,גרמים,600.00,100 גרם,false,0,17.90,2.98,true,1,
7290010129355,false,עוגיות תמרים 600 גרם,דולצ'ה ויטה,IL,עוגיות תמרים,גרמים,600.00,100 גרם,false,0,17.90,2.98,true,1,
7290010129942,false,עוגת שמרים 500 גרם,דולצ'ה ויטה,IL,עוגת שמרים,גרמים,500.00,100 גרם,false,0,11.80,2.36,true,1,
7290010154005,false,סחוג תימני 250 גרם,נטו,IL,סחוג תימני,גרמים,250.00,100 גרם,false,0,14.10,5.64,true,1,
7290010154029,false,אריסה מתוקה 250 גרם,נטו,IL,אריסה מתוקה,גרמים,250.00,100 גרם,false,0,14.10,5.64,true,1,
7290010163656,false,פקאן טבעי מקולף200גשקדיה,שקדיה,IL,פקאן טבעי מקולף,גרמים,200.00,100 גרם,false,0,28.70,14.35,true,1,
7290010163663,false,א.קאשיו טבעי 200ג'שקדיה,שקדיה,IL,אגוז קאשיו טבעי,גרמים,200.00,100 גרם,false,0,23.70,11.85,true,1,
7290010163700,false,שקד קלוף טבעי200ג-'שקדיה,שקדיה,IL,שקד טבעי,גרמים,200.00,100 גרם,false,0,24.70,12.35,true,1,
7290010199891,false,אל סבון סטייל,,IL,אל סבון סטייל,מיליליטרים,500.00,"100 מ""ל",false,0,7.80,1.56,true,1,
7290010199907,false,אל סבון סטייל,,IL,אל סבון סטייל,מיליליטרים,500.00,"100 מ""ל",false,0,7.80,1.56,true,1,
7290010237623,false,בירה נשר מאלט 1.5 ליטר,טמפו,IL,נשר מאלט,ליטרים,1.50,ליטר,false,0,6.90,4.60,true,1,
7290010237630,false,בירה נשר מאלט דיאט 1.5 ל,טמפו,IL,נשר מאלט דיאט,ליטרים,1.50,ליטר,false,0,6.90,4.60,true,1,
7290010237890,false,בירה הייניקן בק.חוזר500מ,היינקן,IL,בירה הייניקן,מיליליטרים,500.00,"100 מ""ל",false,0,8.90,1.78,true,1,
7290010259038,false,לורפק ממרח,,DK,לורפק ממרח,גרמים,500.00,100 גרם,false,0,25.90,5.18,true,1,
7290010259045,false,לורפק לייט,,DK,לורפק לייט,גרמים,250.00,100 גרם,false,0,12.90,5.16,true,1,
7290010259823,false,מנת השף נודלס,,IL,מנת השף נודלס,גרמים,70.00,100 גרם,false,0,4.50,6.43,true,1,
7290010259830,false,מנת השף נודלס,,IL,מנת השף נודלס,גרמים,70.00,100 גרם,false,0,4.50,6.43,true,1,
7290010259854,false,מנת השף נודלס,,IL,מנת השף נודלס,גרמים,70.00,100 גרם,false,0,4.50,6.43,true,1,
7290010329595,false,אגו דאבל שוקולד 130 גרם,כרמית,IL,אגו שוקולד,גרמים,130.00,100 גרם,false,0,5.90,4.54,true,1,
7290010329854,false,"מיני קוקיס חמאה ללת""ס700",כרמית,IL,מיני קוקיס חמאה,גרמים,700.00,100 גרם,false,0,25.90,3.70,true,1,
7290010329984,false,שוק. צ'יפס מריר60% 250ג,כרמית,IL,שוקולד צ'יפס,גרמים,250.00,100 גרם,false,0,9.70,3.88,true,1,
7290010378517,false,תחליב לחות רחצה סופטקר1ל,נקה,IL,תחליב לחות לרחצה,ליטרים,1.00,ליטר,false,0,14.90,14.90,true,1,
7290010382828,false,קרם לחות קליל-יבש 400מל,קרליין,IL,קרם לחות לשיער,מיליליטרים,400.00,"100 מ""ל",false,0,19.90,4.98,true,1,
7290010429295,false,מעדן פרי מישמש100% 250ג,יד מרדכי,IL,מעדן מישמש,גרמים,250.00,100 גרם,false,0,13.70,5.48,true,1,
7290010429301,false,מעדן תות 100%פרי 250 גרם,יד מרדכי,IL,מעדן תות,גרמים,250.00,100 גרם,false,0,13.70,5.48,true,1,
7290010471669,false,דנונה בר תות קורנפ175.גר,שטראוס,IL,דנונה בר תות,גרמים,175.00,100 גרם,false,0,4.50,2.57,true,1,
7290010472307,false,גמדים לשתיה תות בננ100X8,שטראוס,IL,גמדים לשתיה 8 יח,מיליליטרים,800.00,"100 מ""ל",false,0,20.00,2.50,true,1,
7290010472390,false,דני שוקולד 125*8גרם,שטראוס,IL,דני שוקולד 8 יח',קילוגרמים,1.00,"ק""ג",false,0,15.90,15.90,true,1,
7290010472765,false,סופר גמדים תות 100*4 גרם,שטראוס,IL,סופר גמדים 4 יח,גרמים,400.00,100 גרם,false,0,11.50,2.88,true,1,
7290010546169,false,גרנולה שקדים,,IL,גרנולה שקדים,גרמים,400.00,100 גרם,false,0,19.70,4.93,true,1,
7290010609079,false,טרופיקש 10 יח,,IL,טרופיקש 10 יח,ליטרים,2.00,ליטר,false,0,9.90,4.95,true,1,
7290010650002,false,פטריות יער טריות -יחידה,חוות פטריות תקוע,IL,פטריות יער,יחידה,1.00,יחידה,false,0,12.00,12.00,true,1,
7290010650033,false,בצלצלי שאלוט -יחידה,קטיף,IL,בצלצלי שאלוט,יחידה,1.00,יחידה,false,0,14.00,14.00,true,1,
7290010650194,false,שורש ג'ינגר טרי ארוז-יח,קטיף,XX,שורש ג'ינגר טרי ארוז-יח,יחידה,1.00,יחידה,false,0,11.90,11.90,true,1,
7290010711703,false,שקיות אוכל מנייר,,IL,שקיות אוכל מנייר,יחידה,1.00,יחידה,false,0,6.00,6.00,true,1,
7290010740512,false,שניצל דק מהצומח ביתי 700,טבעול,IL,שניצל דק ביתי,גרמים,700.00,100 גרם,false,0,34.60,4.94,true,1,
7290010740857,false,שניצל תירס 750גרם33%+ 1ק,טבעול,IL,שניצל תירס טבעול,גרמים,1000.00,100 גרם,false,0,29.90,2.99,true,1,
7290010748518,false,"שמפו סרקל פורטה 750 מ""ל",פישר מעבדות פרמצבטיות,IL,שמפו סרקל פורטה,מיליליטרים,750.00,"100 מ""ל",false,0,25.20,3.36,true,1,
7290010748525,false,"מרכך סרקל פורטה 750 מ""ל",פישר מעבדות פרמצבטיות,IL,מרכך סרקל פורטה,מיליליטרים,750.00,"100 מ""ל",false,0,25.20,3.36,true,1,
7290010748860,false,ק.ידיים אפקטיב קר יבש150,פישר מעבדות פרמצבטיות,IL,קרם ידיים,מיליליטרים,150.00,"100 מ""ל",false,0,16.10,10.73,true,1,
7290010814695,false,"שוקולד מריר ללת""ס 85 גרם",כרמית,IL,שוקולד מריר,גרמים,85.00,100 גרם,false,0,6.80,8.00,true,1,
7290010814701,false,"שוקולד חלב ללת""ס 85 גרם",כרמית,IL,שוקולד חלב,גרמים,85.00,100 גרם,false,0,6.80,8.00,true,1,
7290010827534,false,מגבוני דיסני כחול 72*4יח,דינמיק,IL,מגבוני דיסני,יחידה,1.00,יחידה,false,0,17.90,17.90,true,1,
7290010827701,false,"סבון רחצה דיסני 400 מ""ל",דינמיק,IL,סבון רחצה דיסני,מיליליטרים,400.00,"100 מ""ל",false,1,7.90,1.98,true,1,
7290010827718,false,"שמפו לשיער דיסני 400 מ""ל",דינמיק,IL,שמפו לשיער דיסני,מיליליטרים,400.00,"100 מ""ל",false,1,7.90,1.98,true,1,
7290010827725,false,"מרכך לשיער דיסני 400 מ""ל",דינמיק,IL,מרכך לשיער דיסני,מיליליטרים,400.00,"100 מ""ל",false,1,7.90,1.98,true,1,
7290010838219,false,ממתיק סטיביה 100שקיות,"קיפל טבליות וממתיקים בע""מ",IL,ממתיק מרמולייט,גרמים,100.00,100 גרם,false,0,32.80,32.80,true,1,
7290010838431,false,"טואלט דאק כחול 750*2מ""ל",ג'ונסון,NL,טואלט דאק זוג,ליטרים,1.50,ליטר,false,0,16.90,11.27,true,1,
7290010839506,false,ממרח חמאה לייט,,DK,ממרח חמאה לייט,גרמים,250.00,100 גרם,false,0,12.90,5.16,true,1,
7290010849529,false,"למברוסקו ביאנקו 750 מ""ל",קאויקיולי,IT,למברוסקו ביאנקו,מיליליטרים,750.00,"100 מ""ל",false,0,24.90,3.32,true,1,
7290010883356,false,סנו סושי כפפות אלוורה XL,סנו,IL,סנו סושי כפפות,יחידה,1.00,יחידה,false,0,10.40,10.40,true,1,
7290010931330,false,סלט מטבוחה 500 גרם,שטראוס,IL,סלט מטבוחה אחלה,גרמים,500.00,100 גרם,false,0,13.60,2.72,true,1,
7290010945146,false,קוטג' 3%מועשר בסידן 250ג,טרה,IL,קוטג' 3% מועשר,גרמים,250.00,100 גרם,false,0,5.20,2.08,true,1,
7290010945306,false,חלב 3% בקרטון 2 ליטר,טרה,IL,חלב 3% בקרטון,ליטרים,2.00,ליטר,false,0,10.90,5.45,true,1,
7290010945450,false,גבינה לבנה 3% 250 גרם,טרה,IL,גבינה לבנה3%,גרמים,250.00,100 גרם,false,0,4.60,1.84,true,1,
7290010945481,false,גבינה לבנה 5% 500 גרם,טרה,IL,גבינה לבנה 5%,גרמים,500.00,100 גרם,false,0,8.00,1.60,true,1,
7290010970254,false,"חומץ יין לבן 500 מ""ל",ג.מ.טעם הארץ,IL,חומץ יין לבן,מיליליטרים,500.00,"100 מ""ל",false,0,15.20,3.04,true,1,
7290010970261,false,"חומץ תפוחי עץ 500 מ""ל",ג.מ.טעם הארץ,IL,חומץ תפוחי עץ,מיליליטרים,500.00,"100 מ""ל",false,0,15.20,3.04,true,1,
7290010970520,false,תרסיס שמן קנולה ט.חמאה,ג.מ.טעם הארץ,IL,תרסיס שמן קנולה,גרמים,200.00,100 גרם,false,0,17.70,8.85,true,1,
7290010970537,false,תרסיס שמן קנולה 200 גרם,ג.מ.טעם הארץ,IL,תרסיס שמן קנולה,גרמים,200.00,100 גרם,false,0,17.70,8.85,true,1,
7290010984084,false,קרם חציל שום ושמן זית300,"כד בני דרום בע""מ",IL,קרם חצילים,גרמים,300.00,100 גרם,false,1,10.00,3.33,true,1,
7290010984121,false,אנטיפסטי בטטה בשמן320ג,"כד בני דרום בע""מ",IL,אנטיפסטי בטטה,גרמים,320.00,100 גרם,false,1,14.90,4.66,true,1,
7290010984213,false,פסטו בזיליקום ואגוזים155,"כד בני דרום בע""מ",IL,פסטו בזיליקום,גרמים,155.00,100 גרם,false,1,10.00,6.45,true,1,
7290010984220,false,טאפנד זיתים ירוקים 155ג,"כד בני דרום בע""מ",IL,טאפנד זיתים,גרמים,155.00,100 גרם,false,1,10.00,6.45,true,1,
7290010984237,false,ממרח לימון כבוש טוניסאי,"כד בני דרום בע""מ",IL,ממרח לימון,גרמים,155.00,100 גרם,false,1,10.00,6.45,true,1,
7290010984244,false,טרשי ממרח דלעת 155 גרם,"כד בני דרום בע""מ",IL,טרשי ממרח דלעת,גרמים,155.00,100 גרם,false,1,10.00,6.45,true,1,
7290011017866,false,"סליק קוקה קולה 330מ""ל",החברה המרכזית לייצור משקאות,IL,קוקה קולה סליק,מיליליטרים,330.00,"100 מ""ל",false,0,4.90,1.48,true,1,
7290011017873,false,"סליק קוקה זירו 330 מ""ל",החברה המרכזית לייצור משקאות,IL,קוקה זירו,מיליליטרים,330.00,"100 מ""ל",false,0,4.90,1.48,true,1,
7290011017910,false,פריגת קלמנטינות+חתיכות,פריגת,IL,פריגת קלמנטינות,ליטרים,1.50,ליטר,false,0,6.50,4.33,true,1,
7290011018252,false,תה מנגו אננס,,IL,תה מנגו אננס,ליטרים,1.50,ליטר,false,0,7.10,4.73,true,1,
7290011018276,false,תה אקזוטי,,IL,תה אקזוטי,ליטרים,1.50,ליטר,false,0,7.10,4.73,true,1,
7290011018283,false,פיוז תה אפרסק,,IL,פיוז תה אפרסק,ליטרים,1.50,ליטר,false,0,7.10,4.73,true,1,
7290011018306,false,תה אפרסק דיאט,,IL,תה אפרסק דיאט,ליטרים,1.50,ליטר,false,0,7.10,4.73,true,1,
7290011018832,false,"קוקה קולה 330*6 מ""ל",החברה המרכזית לייצור משקאות,IL,קוקה קולה 6פחיות,ליטרים,1.98,ליטר,false,0,19.90,10.05,true,1,
7290011018924,false,"קוקה קולה דיאט 330*6 מ""ל",החברה המרכזית לייצור משקאות,IL,שישיית קולה דיאט,ליטרים,1.98,ליטר,false,0,19.90,10.05,true,1,
7290011018931,false,"קוקה קולה 250 מ""ל",החברה המרכזית לייצור משקאות,IL,קוקה קולה,מיליליטרים,250.00,"100 מ""ל",false,0,4.30,1.72,true,1,
7290011026523,false,אלדמע קמיל לפני השינה500,פישר מעבדות פרמצבטיות,IL,אל דמע קמיל,מיליליטרים,500.00,"100 מ""ל",false,0,14.90,2.98,true,1,
7290011026530,false,סבון קמיל לפני שינה 500מ,פישר מעבדות פרמצבטיות,IL,אל סבון קמיל,מיליליטרים,500.00,"100 מ""ל",false,0,14.90,2.98,true,1,
7290011051136,false,שוופס סודה 1.5*4 ליטר,יפאורה שותפות מובגלת לשיווק,IL,שוופס סודה 1.5*4 ליטר,ליטרים,6.00,ליטר,false,0,10.90,1.82,true,1,
7290011051327,false,קריסטל אשכוליות מוגז 2ל',יפאורה שותפות מובגלת לשיווק,IL,גזוז טעם אשכולית,ליטרים,2.00,ליטר,false,0,3.60,1.80,true,1,
7290011051341,false,שוופס סודה לימון 1.5*4 ל,יפאורה שותפות מובגלת לשיווק,IL,שוופס סודה לימון 1.5*4 ל,ליטרים,6.00,ליטר,false,0,10.90,1.82,true,1,
7290011051372,false,שוופס תפוח ליים מוגז1.5ל,יפאורה שותפות מובגלת לשיווק,IL,שוופס תפוח ליים,ליטרים,1.50,ליטר,false,0,6.50,4.33,true,1,
7290011051389,false,שוופס פירות יער מוגז1.5ל,יפאורה שותפות מובגלת לשיווק,IL,שוופס מוגז עדין,ליטרים,1.50,ליטר,false,0,6.50,4.33,true,1,
7290011051396,false,שוופס אפרסק מוגז 1.5ליטר,יפאורה שותפות מובגלת לשיווק,IL,שוופס אפרסק,ליטרים,1.50,ליטר,false,0,6.50,4.33,true,1,
7290011051488,false,תה ספרינג אפרסק 1.5 ליטר,יפאורה שותפות מובגלת לשיווק,IL,ספרינג תה אפרסק,ליטרים,1.50,ליטר,false,0,6.20,4.13,true,1,
7290011051518,false,תה ספרינג דיאט אפרסק1.5ל,יפאורה שותפות מובגלת לשיווק,IL,תה ספרינג דיאט,ליטרים,1.50,ליטר,false,0,6.20,4.13,true,1,
7290011051655,false,שוופס ריזלינג מוגז 1.5ל',יפאורה שותפות מובגלת לשיווק,IL,שוופס ריזלינג,ליטרים,1.50,ליטר,false,0,6.50,4.33,true,1,
7290011051785,false,קריסטל דיאט אשכול.מוגז2ל,יפאורה שותפות מובגלת לשיווק,IL,קריסטל מוגז,ליטרים,2.00,ליטר,false,0,3.60,1.80,true,1,
7290011051938,false,תפוזינה תפוח רענן 1.5 ל',יפאורה שותפות מובגלת לשיווק,IL,תפוזינה תפוח,ליטרים,1.50,ליטר,false,0,5.90,3.93,true,1,
7290011051990,false,RC FREE מארז 1.5*6 ל',יפאורה שותפות מובגלת לשיווק,US,FREE RC מארז6יח,ליטרים,9.00,ליטר,false,0,22.90,2.54,true,1,
7290011097431,false,קלין מנקה הכל תרסיס 750מ,קליר כימיקלים,IL,קלין מנקה הכל,מיליליטרים,750.00,"100 מ""ל",false,0,9.40,1.25,true,1,
7290011113926,false,דאו.טיטניום BLACK 200מל,קרליין,IL,דאודורנט טיטניום,מיליליטרים,200.00,"100 מ""ל",false,0,14.90,7.45,true,1,
7290011115166,false,תחליב רחצה נקה7 לבנדר1ל,אמיליה קוסמטיקס,IL,תחליב רחצה נקה 7,ליטרים,1.00,ליטר,false,0,12.90,12.90,true,1,
7290011115203,false,סבון נקה 7 לילך 100X4גר,נקה,,סבון נקה 4X 7,גרמים,400.00,100 גרם,false,0,11.90,2.98,true,1,
7290011115258,false,סבון נקה 7 ירוק 100*4 גר,נקה,,נקה 7 סבון 4 יח,גרמים,400.00,100 גרם,false,0,11.90,2.98,true,1,
7290011115272,false,סבון מוצק נקה7ירוק100*4ג,נקה,,סבון נקה 4X 7,גרמים,400.00,100 גרם,false,0,11.90,2.98,true,1,
7290011115289,false,סבון נקה 7 לילך 100X4גרם,נקה,IL,סבון נקה 4X 7,מיליליטרים,400.00,"100 מ""ל",false,0,11.90,2.98,true,1,
7290011126209,false,גן קסום תפוח+קינמון 25שק,ויסוצקי,IL,חליטת תפוח קנמון,גרמים,67.00,100 גרם,false,0,12.80,19.10,true,1,
7290011126445,false,תה צ'אי בדואי 25שק2.5Xגר,ויסוצקי,IL,תה צ'אי בדואי 25שק2.5Xגר,גרמים,62.00,100 גרם,false,0,17.50,28.23,true,1,
7290011126490,false,תה רויאל גריי 25 שק1.7Xג,ויסוצקי,IL,תה רויאל גריי,גרמים,42.00,100 גרם,false,0,15.40,36.67,true,1,
7290011131395,false,מיזלי קראנץ 30%פירות 1 ק,וויטליה,PL,מיזלי קראנץ,קילוגרמים,1.00,"ק""ג",false,0,26.90,26.90,true,1,
7290011131609,false,מיזלי30%פירות מופ.שומן1ק,סנטה,NL,מיזלי 30% פירות,קילוגרמים,1.00,"ק""ג",false,0,26.90,26.90,true,1,
7290011131623,false,וויסקי שיבס 1 ליטר,שיבס ריגל,IE,וויסקי שיבס,ליטרים,1.00,ליטר,false,0,197.30,197.30,true,1,
7290011194215,false,דניאלה בננה 100 גרם,שטראוס,IL,דניאלה בננה,גרמים,100.00,100 גרם,false,0,4.10,4.10,true,1,
7290011194246,false,קוטג' 5% שומן 250 גרם,שטראוס,IL,קוטג' 5% שומן,גרמים,250.00,100 גרם,false,0,5.80,2.32,true,1,
7290011194741,false,משקה אקטיביה לבן1.5% 250,שטראוס,IL,משקה אקטיביה לבן,מיליליטרים,250.00,"100 מ""ל",false,0,4.90,1.96,true,1,
7290011223229,false,"טואלט דאק ג'ל רענן 55מ""ל",DEOFLOR,GB,דאק ג'ל טל רענן,מיליליטרים,55.00,"100 מ""ל",false,0,12.60,22.91,true,1,
7290011223243,false,טואלט דאק ג'ל לבנדר 55מל,DEOFLOR,GB,דאק ג'ל נוזלי,מיליליטרים,55.00,"100 מ""ל",false,0,12.60,22.91,true,1,
7290011308117,false,קרקר 6 דגנים 200 גרם,אפיפית,IL,קרקר 6 דגנים,גרמים,200.00,100 גרם,false,0,7.20,3.60,true,1,
7290011308179,false,קרקר חיטה מלאה+פשתן300גר,אפיפית,IL,קרקר חיטה מלאה,גרמים,300.00,100 גרם,false,0,9.60,3.20,true,1,
7290011308780,false,בייגלה טבעות שומשום300גר,יוניליוור,IL,בייגלה טבעות,גרמים,300.00,100 גרם,false,0,8.90,2.97,true,1,
7290011308858,false,נישנושים ביס שמנת בצל60ג,יוניליוור,IL,נישנושים ביס,גרמים,60.00,100 גרם,false,0,3.90,6.50,true,1,
7290011378233,false,"חטיפי חלבה וניל ללת""ס126",רושדי תעשיות מזון,IL,"חט.חלבה ללת""ס",גרמים,126.00,100 גרם,false,0,12.40,9.84,true,1,
7290011378257,false,"חט.חלבה פקאן ללת""ס18*7גר",רושדי תעשיות מזון,IL,חטיפי חלבה 7 יח,גרמים,125.00,100 גרם,false,0,12.40,9.92,true,1,
7290011379018,false,פטריות מארז משפחתי יח',מרינה,IL,פטריות מארז משפחתי יח',יחידה,1.00,יחידה,false,0,14.90,14.90,true,1,
7290011447281,false,מטרנה חלבי שלב 2 700ג,נסטלה,IL,מטרנה חלבי שלב 2,גרמים,700.00,100 גרם,false,0,54.90,7.84,true,1,
7290011447304,false,מטרנה חלבי שלב 3 700ג,נסטלה,IL,מטרנה חלבי שלב 3,גרמים,700.00,100 גרם,false,0,54.90,7.84,true,1,
7290011447359,false,מטרנה מהדרין שלב 1 700גר,נסטלה,IL,מטרנה מהדרין,גרמים,700.00,100 גרם,false,0,49.90,7.13,true,1,
7290011468002,false,טחינה גולמית הנסיך500גרם,הנסיך,IL,טחינה גולמית הנסיך500גרם,גרמים,500.00,100 גרם,false,0,17.40,3.48,true,1,
7290011468057,false,"טחינה גולמית הנסיך 1 ק""ג",הנסיך,IL,טחינה גולמית,קילוגרמים,1.00,"ק""ג",false,0,29.30,29.30,true,1,
7290011473006,false,קינואה אורגנית,,IL,קינואה אורגנית,גרמים,500.00,100 גרם,false,0,17.90,3.58,true,1,
7290011499051,false,פטה כבשים 20% 250ג,מחלבות גד,IL,פטה כבשים,גרמים,250.00,100 גרם,false,0,22.90,9.16,true,1,
7290011499105,false,גבינה בולגרית 5% 250 גרם,מחלבות גד,IL,גבינה בולגרית 5%,גרמים,250.00,100 גרם,false,0,16.90,6.76,true,1,
7290011499273,false,גב.ריקוטה מלוחה 5% 250ג,מחלבות גד,IL,ריקוטה מלוחה5%,גרמים,250.00,100 גרם,false,0,14.10,5.64,true,1,
7290011499303,false,בולגרית מעודנ.עזים5% 250,מחלבות גד,,בולגרית מעודנת,גרמים,250.00,100 גרם,false,0,26.70,10.68,true,1,
7290011499327,false,גב.בולגרית מעודנת5% 250ג,מחלבות גד,,בולגרית מעודנת5%,גרמים,250.00,100 גרם,false,0,16.90,6.76,true,1,
7290011499334,false,גבינת קממבר צאן 125 גרם,מחלבות גד,IL,גבינת קממבר,גרמים,125.00,100 גרם,false,0,17.70,14.16,true,1,
7290011499624,false,גבינת שמנת 30% טבעי200גר,מחלבות גד,,גבינת שמנת 30%,גרמים,200.00,100 גרם,false,0,12.50,6.25,true,1,
7290011518561,false,"אקטימל תות 100*14 מ""ל",שטראוס,IL,אקטימל מארז14יח',ליטרים,1.40,ליטר,false,0,29.90,21.36,true,1,
7290011518769,false,אקטיביה 3% 150*8 גרם,שטראוס,IL,אקטיביה 8 יח,קילוגרמים,1.20,"ק""ג",false,0,26.90,22.42,true,1,
7290011522490,false,קרם לשיער יבש סטייל 400מ,א.ל ארמן,IL,קרם לשיער,מיליליטרים,400.00,"100 מ""ל",false,0,18.90,4.73,true,1,
7290011570132,false,"קמח נטול גלוטן 1 ק""ג",גלעם,IL,קמח נטול גלוטן,קילוגרמים,1.00,"ק""ג",false,0,4.90,4.90,true,1,
7290011575250,false,הפי לנעליים,,IL,הפי לנעליים,יחידה,1.00,יחידה,false,0,11.80,11.80,true,1,
7290011598211,false,סנו אנטי קאלק נ.כללי700מ,סנו,IL,סנו אנטי קאלק,מיליליטרים,700.00,"100 מ""ל",false,0,10.00,1.43,true,1,
7290011598372,false,מטלית רצפה פרופשיונל,סנו,IL,מטלית לרצפה,יחידה,1.00,יחידה,false,0,10.00,10.00,true,1,
7290011598402,false,מרכך מקסימה מאסק 4 ל',סנו,,מרכך כביסה,ליטרים,4.00,ליטר,false,0,19.90,4.98,true,1,
7290011607197,false,"א.כביסה קולון 101 5 ק""ג",רקיט בנקיזר,,אבקת כביסה קולון,קילוגרמים,5.00,"ק""ג",false,0,29.90,5.98,true,1,
7290011615062,false,לורפק ללא מלח,,DK,לורפק ללא מלח,גרמים,500.00,100 גרם,false,0,25.90,5.18,true,1,
7290011615925,false,סרדין בשמן זית,,PH,סרדין בשמן זית,גרמים,110.00,100 גרם,false,0,6.90,6.27,true,1,
7290011618025,false,בייבי ביס טעם טבעי 50 גר,want-want,CN,בייבי ביס,גרמים,50.00,100 גרם,false,0,10.90,21.80,true,1,
7290011618124,false,בייבי ביס טעם ירקות 50 ג,want-want,CN,בייבי ביס טעם ירקות 50 ג,גרמים,50.00,100 גרם,false,0,10.90,21.80,true,1,
7290011618162,false,ביסקו.שוק.שמנת זביונה180,TAGO,PL,ביסקוויט שוקולד,גרמים,180.00,100 גרם,false,0,11.90,6.61,true,1,
7290011618216,false,בייבי ביס טעם בננה 50 גר,want-want,CN,בייבי ביס,גרמים,50.00,100 גרם,false,0,10.90,21.80,true,1,
7290011622428,false,חטיף בריאות,,,חטיף בריאות,גרמים,45.00,100 גרם,false,0,5.80,12.89,true,1,
7290011668570,false,חגיגת גרנולה פ.יבשים500ג,אפקט טבעי,IL,חגיגת גרנולה,גרמים,500.00,100 גרם,false,0,23.90,4.78,true,1,
7290011743826,false,משחת אקווה פרש מבריקה100,גלקסוסמיתקליין,GB,משחת שיניים,מיליליטרים,100.00,"100 מ""ל",false,0,15.10,15.10,true,1,
7290011758479,false,דגנים טויסטר,,,דגנים טויסטר,גרמים,750.00,100 גרם,false,0,14.80,1.97,true,1,
7290011765095,false,ג'ל גילוח קרמה דליקט200מ,קוסמופארם,IL,ג'ל גילוח קרמה,מיליליטרים,200.00,"100 מ""ל",false,0,12.90,6.45,true,1,
7290011765118,false,קצף גילוח קרמה דליקט200מ,קוסמופארם,IL,קצף גילוח קרמה,מיליליטרים,200.00,"100 מ""ל",false,0,9.70,4.85,true,1,
7290011765354,false,מברשת שיניים אורביטול,קוסמופארם,IL,מברשת שיניים,יחידה,1.00,יחידה,false,0,9.80,9.80,true,1,
7290011765415,false,מרכ כיף ילד בוב ספוג750מ,קוסמופארם,IL,מרכך כיף,מיליליטרים,750.00,"100 מ""ל",false,0,11.90,1.59,true,1,
7290011765422,false,אלסבון כיף בוב ספוג750מל,קוסמופארם,IL,אלסבון כיף,מיליליטרים,750.00,"100 מ""ל",false,0,10.90,1.45,true,1,
7290011765446,false,משחה אורביטול ענבים 70 ג,קוסמופארם,IL,משחת שיניים,גרמים,70.00,100 גרם,false,0,6.90,9.86,true,1,
7290011800642,false,סלט מטבוחה רפי כהן 400גר,צבר,IL,סלט מטבוחה,גרמים,400.00,100 גרם,false,0,15.90,3.98,true,1,
7290011800703,false,פלפלים קלויים רפי כהן400,צבר,IL,סלט פלפלים,גרמים,400.00,100 גרם,false,0,15.90,3.98,true,1,
7290011800826,false,חציל בטחינה רפי כהן 400ג,צבר,IL,סלט חציל בטחינה,גרמים,400.00,100 גרם,false,0,15.90,3.98,true,1,
7290011800840,false,טחינה בלאדי רפי כהן 400ג,צבר,IL,סלט טחינה בלאדי,גרמים,400.00,100 גרם,false,0,15.90,3.98,true,1,
7290011830243,false,אטריות מאורז תאילנדי250ג,השדה מוצרים אורגניים,CN,אטריות אורז תאי,גרמים,250.00,100 גרם,false,0,12.50,5.00,true,1,
7290011830526,false,מיני פריכיות אורז מלא 80,השדה מוצרים אורגניים,IL,מיני פריכיות,גרמים,80.00,100 גרם,false,0,9.90,12.38,true,1,
7290011830830,false,צ'יקי מאנקי חטיף בוטנ20ג,השדה מוצרים אורגניים,IL,צ'יקי מאנקי,גרמים,20.00,100 גרם,false,0,2.90,14.50,true,1,
7290011830991,false,חטיף בוטנים,,IL,חטיף בוטנים,גרמים,60.00,100 גרם,false,0,5.90,9.83,true,1,
7290011876388,false,קציצות עוף ובקר 600גרם,מאמא עוף,IL,קציצות עוף ובקר,גרמים,600.00,100 גרם,false,0,34.40,5.73,true,1,
7290011877859,false,סנו אינסטלטור 200 גרם,סנו,IL,סנו אינסטלטור,גרמים,200.00,100 גרם,false,0,13.40,6.70,true,1,
7290011912680,false,מי פה ליסטרין500+250TAGD,ג'ונסון,,מי פה ליסטרין,מיליליטרים,750.00,"100 מ""ל",false,0,48.90,6.52,true,1,
7290011931865,false,מש.לתינוק פלצ'ה אזורה100,"ביסקול בע""מ",IL,משחה לתינוק,מיליליטרים,100.00,"100 מ""ל",false,0,8.90,8.90,true,1,
7290011964627,false,פפריקה בשמן מיכל 400 גרם,תבליני טעם וריח,IL,פפריקה בשמן,גרמים,400.00,100 גרם,false,0,24.70,6.18,true,1,
7290011969486,false,כוסות שמפניה,,IL,כוסות שמפניה,יחידה,1.00,יחידה,false,0,8.00,8.00,true,1,
7290012001994,false,חרדל דיז'ון ריין 350 גרם,ריין דיג'ון,FR,חרדל דיז'ון ריין,גרמים,350.00,100 גרם,false,0,11.90,3.40,true,1,
7290012019265,false,"רסק תפו""ע ללת""ס 113*4 גר",GROWERS CHERRY,US,"רסק תפו""ע ללת""ס",גרמים,454.00,100 גרם,false,0,10.60,2.33,true,1,
7290012019272,false,"רסק תפו""ע וקינמון 113*4ג",GROWERS CHERRY,US,"רסק תפו""ע",גרמים,452.00,100 גרם,false,0,10.60,2.35,true,1,
7290012022050,false,קריספיות מרובה דגנים 75,דילייט,IL,קריספיות דגנים,גרמים,75.00,100 גרם,false,0,13.90,18.53,true,1,
7290012022067,false,קריספיות קידס 30 גרם,דילייט,IL,קריספיות קידס 30 גרם,גרמים,30.00,100 גרם,false,0,10.90,36.33,true,1,
7290012028052,false,נקסט 100 10 יח',פיליפ מוריס,,נקסט 100 חבילה,יחידה,1.00,יחידה,false,0,259.90,259.90,false,1,
7290012086113,false,שרי אשכולות מובחר יחידה,קטיף,IL,שרי אשכולות,יחידה,1.00,יחידה,false,0,8.90,8.90,true,1,
7290012115035,false,מברשת אורביטול מס' 980,קוסמופארם,IL,מברשת אורביטול,יחידה,1.00,יחידה,false,0,12.90,12.90,true,1,
7290012116063,false,אלסב.כיף פיות קמומיל750מ,קוסמופארם,IL,אל סבון כיף,מיליליטרים,750.00,"100 מ""ל",false,0,10.90,1.45,true,1,
7290012116537,false,אבקת כב.מקסימה מאסק 2.5ק,סנו,IL,אבקת כביסה,קילוגרמים,2.50,"ק""ג",false,0,27.70,11.08,true,1,
7290012116674,false,"קרמה דאו.ג'ל קול 70 מ""ל",קוסמופארם,,דאו.קרמה ג'ל,מיליליטרים,70.00,"100 מ""ל",false,0,13.90,19.86,true,1,
7290012116735,false,נ.טואלט סופט 24גליל כפול,סנו,IL,נייר טואלט סופט,מטרים,900.00,100 מטר,false,0,37.90,4.21,true,1,
7290012116841,false,מברשת אורביטול אינטרדנטל,קוסמופארם,,מברשת שיניים,יחידה,1.00,יחידה,false,0,9.80,9.80,true,1,
7290012117350,false,סנו ריצפז פרש לילך 2ליטר,סנו,,סנו ריצפז,ליטרים,2.00,ליטר,false,0,15.00,7.50,true,1,
7290012117381,false,קרמה ג'ל אחר גילוח רג150,קוסמופארם,IL,קרמה ג'ל לגילוח,מיליליטרים,150.00,"100 מ""ל",false,0,31.70,21.13,true,1,
7290012117428,false,קרמה ג'ל רח.ושמפו גבר700,קוסמופארם,IL,קרמה ג'ל רחצה,מיליליטרים,700.00,"100 מ""ל",false,0,15.00,2.14,true,1,
7290012117435,false,קרמה ג'ל רחצה אלוורה700מ,קוסמופארם,IL,קרמה ג'ל רחצה,מיליליטרים,700.00,"100 מ""ל",false,0,15.00,2.14,true,1,
7290012117466,false,קרמה ת.רחצה פנים אשכולית,קוסמופארם,IL,תרחיץ פנים קרמה,מיליליטרים,180.00,"100 מ""ל",false,0,12.90,7.17,true,1,
7290012117534,false,מרכ.מקסימה ס.מרוכז קול1ל,סנו,IL,מקסימה ס.מרוכז,ליטרים,1.00,ליטר,false,0,16.90,16.90,true,1,
7290012117558,false,מרכ.מקסימה ס.מרוכז מסק1ל,סנו,IL,מקסימה ס.מרוכז,ליטרים,1.00,ליטר,false,0,16.90,16.90,true,1,
7290012117831,false,מברשת אורביטול מס' 808,קוסמופארם,CN,מברשת אורביטול,יחידה,1.00,יחידה,false,0,12.90,12.90,true,1,
7290012159404,false,לבבות דקל שלם,,IL,לבבות דקל שלם,גרמים,400.00,100 גרם,false,0,9.40,2.35,true,1,
7290012193286,false,פרש וואנס קייר 72*4יח,על בד,IL,פרש וואנס,יחידה,1.00,יחידה,false,0,19.90,19.90,true,1,
7290012193323,false,אדג' ג'ל אולטימ.כחול200מ,אנרג'ייזר,US,אדג' ג'ל גילוח,מיליליטרים,200.00,"100 מ""ל",false,0,17.90,8.95,true,1,
7290012226120,false,קבנוס 135 גרם,זוגלובק,IL,קבנוס,גרמים,135.00,100 גרם,false,0,10.70,7.93,true,1,
7290012226939,false,קבנוס בטעם צ'ילי 135 גרם,זוגלובק,IL,קבנוס בטעם צ'ילי,גרמים,135.00,100 גרם,false,0,10.70,7.93,true,1,
7290012226953,false,קבב 100% 360גרם,זוגלובק,IL,קבב 100%,גרמים,360.00,100 גרם,false,0,21.90,6.08,true,1,
7290012226960,false,מיני בורגר %100 בקר 360,זוגלובק,IL,מיני בורגר,גרמים,360.00,100 גרם,false,0,21.90,6.08,true,1,
7290012227332,false,בסיס לפיצה 1.2קג,זוגלובק,IL,בסיס לפיצה,קילוגרמים,1.20,"ק""ג",false,0,19.70,16.42,true,1,
7290012227424,false,המבורגר בלחמניה חריףיח 1,זוגלובק,IL,המבורגר בלחמניה,גרמים,185.00,100 גרם,false,0,18.80,10.16,true,1,
7290012244025,false,עוגת טירמיסו 900 גרם,גידרון,,עוגת טירמיסו,יחידה,1.00,יחידה,false,0,59.40,59.40,true,1,
7290012244049,false,עוגת מוס שני שוקולדים900,גידרון,IL,עוגת מוס,יחידה,1.00,יחידה,false,0,59.40,59.40,true,1,
7290012350962,false,"תרחיץ פנים 200 מ""ל",קרליין,,תרחיץ פנים,מיליליטרים,200.00,"100 מ""ל",false,0,35.00,17.50,true,1,
7290012367700,false,ק.גוף אפקטיב קר שיבול700,פישר מעבדות פרמצבטיות,IL,קרם גוף,מיליליטרים,700.00,"100 מ""ל",false,0,27.00,3.86,true,1,
7290012404146,false,שוופס מוגז תפוחים1.5ל',יפאורה שותפות מובגלת לשיווק,IL,שוופס תפוחים,ליטרים,1.50,ליטר,false,0,6.60,4.40,true,1,
7290012404160,false,שוופס מוגז אשכולית1.5ל,יפאורה שותפות מובגלת לשיווק,IL,שוופס אשכולית,ליטרים,1.50,ליטר,false,0,6.60,4.40,true,1,
7290012404283,false,תפוזינה מנגו עסיס 1.5 ל',יפאורה שותפות מובגלת לשיווק,IL,תפוזינה מנגו,ליטרים,1.50,ליטר,false,0,5.90,3.93,true,1,
7290012404320,false,ספרינג ענבים 1.5 ליטר,יפאורה שותפות מובגלת לשיווק,IL,ספרינג ענבים,ליטרים,1.50,ליטר,false,0,6.20,4.13,true,1,
7290012404627,false,נקטר ספרינג תפוח גזר 1ל',יפאורה שותפות מובגלת לשיווק,IL,ספרינג תפוח גזר,ליטרים,1.00,ליטר,false,0,4.90,4.90,true,1,
7290012404863,false,ספרינג תה מנגו אפרסק1.5ל,יפאורה שותפות מובגלת לשיווק,IL,ספרינג תה מנגו,ליטרים,1.50,ליטר,false,0,6.20,4.13,true,1,
7290012404955,false,ספרינג קולקש.חמוציות1.25,יפאורה שותפות מובגלת לשיווק,IL,ספרינג חמוציות,ליטרים,1.25,ליטר,false,0,8.90,7.12,true,1,
7290012404993,false,ספרינג קולק.חמוציות דיאט,יפאורה שותפות מובגלת לשיווק,IL,ספרינג חמוציות,ליטרים,1.25,ליטר,false,0,8.90,7.12,true,1,
7290012413612,false,תה ירוק חמוציות 25ש1.5*ג,ויסוצקי,IL,תה ירוק חמוציות,גרמים,75.00,100 גרם,false,0,25.90,34.53,true,1,
7290012413919,false,תה ירוק תות 1.5גרם25Xשק,ויסוצקי,,תה ירוק תות,גרמים,38.00,100 גרם,false,0,25.90,68.16,true,1,
7290012522789,false,שניצל ברוקולי מופחת שומן,טבעול,IL,שניצל ברוקולי מופחת שומן,גרמים,630.00,100 גרם,false,0,33.00,5.24,true,1,
7290012576607,false,"קברנה פרמייר 750 מ""ל",יקבי ברקן,IL,פרמייר קברנה,מיליליטרים,750.00,"100 מ""ל",false,0,26.70,3.56,true,1,
7290012696213,false,גביעי נייר,,,גביעי נייר,יחידה,1.00,יחידה,false,0,5.90,5.90,true,1,
7290012697081,false,סוכרזית סטיוויה 100 שק',"ביסקול בע""מ",IL,סוכרזית סטיוויה,גרמים,100.00,100 גרם,false,0,29.30,29.30,true,1,
7290012697234,false,סטיוויה סוכרזית 75 טב',"ביסקול בע""מ",IL,סטיוויה סוכרזית,גרמים,6.00,100 גרם,false,0,14.90,248.33,true,1,
7290012697371,false,סוכרלייט 150 טבליות,"ביסקול בע""מ",IL,סוכרלייט,גרמים,150.00,100 גרם,false,0,19.10,12.73,true,1,
7290012803123,false,מגבוני פ.ואנס פרש4*72,על בד,IL,רביעית פרש וואנס,יחידה,1.00,יחידה,false,0,19.90,19.90,true,1,
7290012803352,false,"רייד קוטל מעופפים 300מ""ל",ג'ונסון,NL,רייד קוטל מעופפי,מיליליטרים,300.00,"100 מ""ל",false,0,17.90,5.97,true,1,
7290012803604,false,ביסקוויט שוקולד+טרימי180,TAGO,PL,ביסקוויט טרמיסו,גרמים,180.00,100 גרם,false,0,11.90,6.61,true,1,
7290012823251,false,אל סבון כיף יסמין 1 ליטר,קוסמופארם,,אל סבון כיף,ליטרים,1.00,ליטר,false,0,10.00,10.00,true,1,
7290012823381,false,מקסימה ס.מרוכז סנסטיב 1ל,סנו,IL,מרכך כביסה,ליטרים,1.00,ליטר,false,0,16.90,16.90,true,1,
7290012823558,false,10מטליות לחות לרצפה סושי,סנו,IL,מטליות רצפה לחות,יחידה,1.00,יחידה,false,0,10.90,10.90,true,1,
7290012823817,false,תח.רחצה כיף חלב לבנדר750,קוסמופארם,IL,תחליב רחצה כיף,מיליליטרים,750.00,"100 מ""ל",false,0,10.00,1.33,true,1,
7290012849985,false,מחית תפוח עץ 100 גרם,נאופארם,IL,מחית תפוח,גרמים,100.00,100 גרם,false,0,4.90,4.90,true,1,
7290012850011,false,מחית תפוחי עץ 190 גרם,נאופארם,IL,מחית תפוחי עץ,גרמים,190.00,100 גרם,false,0,5.70,3.00,true,1,
7290012850332,false,וופלונים מקמח מלא 100 גר,נאופארם,IL,וופלונים קמח מלא,גרמים,100.00,100 גרם,false,0,16.90,16.90,true,1,
7290012884986,false,"ציפס לתנור 1.5 ק""ג",תפוגן,IL,ציפס לתנור,קילוגרמים,1.50,"ק""ג",false,0,26.90,17.93,true,1,
7290012901355,false,ארוחת מקרוני עם גבינה206,הנדריקס פודס,US,ארוחת מקרוני,גרמים,206.00,100 גרם,false,1,10.00,4.85,true,1,
7290012931611,false,כריות ברזל,,CN,כריות ברזל,יחידה,1.00,יחידה,false,0,6.90,6.90,true,1,
7290012938580,false,מש.סנסודיין הלבנה עדינ75,גלקסוסמיתקליין,,משחת סנסודיין,מיליליטרים,75.00,"100 מ""ל",false,0,19.70,26.27,true,1,
7290012938740,false,משחת סנסודיין פרש מינט75,סמית קליין,GB,משחת סנסודיין,מיליליטרים,75.00,"100 מ""ל",false,0,19.70,26.27,true,1,
7290012962448,false,מדליק פחם 250מל,S.C.B.V,NL,מדליק פחם,מיליליטרים,250.00,"100 מ""ל",false,0,6.90,2.76,true,1,
7290012962578,false,300צמרוני אוזניים בקופסא,LTD CO S.T.O,CN,צימרוני אוזניים,יחידה,1.00,יחידה,false,0,6.80,6.80,true,1,
7290013027016,false,לחם קמח מלא+100%דגנים750,מאפיית שלמה א. אנג'ל,IL,לחם קמח מלא+100%דגנים750,גרמים,750.00,100 גרם,false,0,12.80,1.71,true,1,
7290013027399,false,לחם מלא+100%שיפון-קל750ג,מאפיית שלמה א. אנג'ל,IL,לחם מלא+100%שיפון-קל750ג,גרמים,750.00,100 גרם,false,0,11.90,1.59,true,1,
7290013027535,false,לחם שיפון קל 750 גרם,מאפיית שלמה א. אנג'ל,IL,לחם שיפון קל 750 גרם,גרמים,750.00,100 גרם,false,0,12.80,1.71,true,1,
7290013027849,false,לחם אנג'ל100קל+שיפון500,מאפיית שלמה א. אנג'ל,IL,לחם אנג'ל100קל+שיפון500,גרמים,500.00,100 גרם,false,0,12.80,2.56,true,1,
7290013027917,false,לחם מלא קל 500 גרם,מאפיית שלמה א. אנג'ל,IL,לחם מלא קל 500 גרם,גרמים,500.00,100 גרם,false,0,15.80,3.16,true,1,
7290013027924,false,לחם מלא מלא 750 גרם,מאפיית שלמה א. אנג'ל,IL,לחם מלא מלא 750 גרם,גרמים,750.00,100 גרם,false,0,15.80,2.11,true,1,
7290013038234,false,מים אקווה נובה 2*6 ליטר,טמפו,IL,אקווה נובה 6 בקב,ליטרים,12.00,ליטר,false,0,9.50,0.79,true,1,
7290013068637,false,פטריות חתוכות 290*3ג,פרוצ'אמפ,NL,פטריות שמפיניון,גרמים,870.00,100 גרם,false,0,13.20,1.52,true,1,
7290013068682,false,שמן זית כתית מעולה 750 מ,אליעד בית בד בגולן,IL,שמן זית כתית,מיליליטרים,750.00,"100 מ""ל",false,0,36.90,4.92,true,1,
7290013068781,false,גרעיני תירס מתוק,,TH,גרעיני תירס מתוק,גרמים,340.00,100 גרם,false,0,5.50,1.62,true,1,
7290013083661,false,מטרנה אקסטרה קר שלב1 700,נסטלה,IL,מטרנה אקסטרה קר,גרמים,700.00,100 גרם,false,0,59.90,8.56,true,1,
7290013083678,false,מטרנה אקסטרה קר שלב2 700,נסטלה,IL,מטרנה אקסטרה קר,גרמים,700.00,100 גרם,false,0,59.90,8.56,true,1,
7290013117229,false,"בורקס פילו תפו""א 600 גרם","מעדנות בע""מ",IL,"בורקס תפו""א",גרמים,600.00,100 גרם,false,0,20.70,3.45,true,1,
7290013117427,false,בצק פריך מלוח 450X2גרם 0,"מעדנות בע""מ",IL,בצק פריך,גרמים,900.00,100 גרם,false,0,24.80,2.76,true,1,
7290013117526,false,בצק שמרים למאפים מתוקים,"מעדנות בע""מ",IL,בצק שמרים,גרמים,900.00,100 גרם,false,0,23.70,2.63,true,1,
7290013117694,false,מאפה פילו בשר 700גרם,"מעדנות בע""מ",IL,מאפה בשר,גרמים,700.00,100 גרם,false,0,40.40,5.77,true,1,
7290013144751,false,סירופ בטעם מייפל 500גרם,גלעם,IL,סירופ טעם מייפל,גרמים,500.00,100 גרם,false,0,12.80,2.56,true,1,
7290013144768,false,סירופ בטעם שוקולד 500גרם,גלעם,IL,סירופ טעם שוקולד,גרמים,500.00,100 גרם,false,0,12.80,2.56,true,1,
7290013145123,false,שקד מולבן פרוס 100 גרם,א.ל ייצור ושיווק תבלינים,IL,שקד מולבן פרוס,גרמים,100.00,100 גרם,false,0,11.70,11.70,true,1,
7290013145444,false,שוקולד צ'יפס 66% 250 גרם,אינטרגטה,IL,שוקולד צ'יפס,גרמים,250.00,100 גרם,false,0,12.80,5.12,true,1,
7290013145857,false,אבקת אפיה בצלופן 10 יח',"י.כהן בע""מ",IL,אבקת אפיה 10 יח,יחידה,1.00,יחידה,false,0,2.20,2.20,true,1,
7290013145864,false,ג'לטין טהור אבקה 28 גרם,א.ל ייצור ושיווק תבלינים,IL,ג'לטין טהור,גרמים,28.00,100 גרם,false,0,9.90,35.36,true,1,
7290013145901,false,סודה לשתיה 100 גרם,א.ל ייצור ושיווק תבלינים,IL,סודה לשתיה,גרמים,100.00,100 גרם,false,0,1.90,1.90,true,1,
7290013146007,false,מלית פרג 400 גרם,אינטרגטה,IL,מלית פרג,גרמים,400.00,100 גרם,false,0,14.90,3.73,true,1,
7290013146854,false,קוקוס לבן 400 גרם,א.ל ייצור ושיווק תבלינים,IL,קוקוס לבן 400 גר,גרמים,400.00,100 גרם,false,0,12.70,3.18,true,1,
7290013153418,false,מיץ סחוט לימון נענע 1 לי,פריגת,IL,מיץ לימון נענע,ליטרים,1.00,ליטר,false,1,14.40,14.40,true,1,
7290013169617,false,דגנים מרובעים 412*2 גרם,קואקר אוטס,,דגנים מרובעים2יח,גרמים,824.00,100 גרם,false,0,35.10,4.26,true,1,
7290013268020,false,מקסימה סופר מרוכז פרש 1ל,סנו,IL,מרכך כביסה,ליטרים,1.00,ליטר,false,0,16.90,16.90,true,1,
7290013268037,false,מקסימה ס.מרוכז לבנדר 1ל',סנו,IL,מרכך כביסה,ליטרים,1.00,ליטר,false,0,16.90,16.90,true,1,
7290013268433,false,שמפו קרמה מן לכל שיער700,קוסמופארם,IL,שמפו קרמה מן,מיליליטרים,700.00,"100 מ""ל",false,0,14.90,2.13,true,1,
7290013268440,false,2 מברשות שיניים בוב ספוג,סנו,IL,מברשת שיניים,יחידה,1.00,יחידה,false,1,24.70,24.70,true,1,
7290013268624,false,"שמפו כיף גלואו 750 מ""ל",קוסמופארם,IL,שמפו כיף,מיליליטרים,750.00,"100 מ""ל",false,0,10.00,1.33,true,1,
7290013268631,false,"שמפו כיף קול 750 מ""ל",קוסמופארם,IL,שמפו כיף,מיליליטרים,750.00,"100 מ""ל",false,0,10.00,1.33,true,1,
7290013268884,false,סנו ריצפז פרש מאסק 2ליטר,סנו,IL,ריצפז פרש לרצפות,ליטרים,2.00,ליטר,false,0,15.00,7.50,true,1,
7290013268891,false,אוקסיג'ן ג'ל 3ליטר,סנו,,אוקסיג'ן ג'ל,ליטרים,3.00,ליטר,false,0,29.90,9.97,true,1,
7290013268907,false,מקסימה ג'ל לכביסה 3ל,סנו,IL,מקסימה ג'ל,ליטרים,3.00,ליטר,false,0,29.60,9.87,true,1,
7290013269096,false,מטליות ניקוי עור,,IL,מטליות ניקוי עור,יחידה,1.00,יחידה,false,0,10.00,10.00,true,1,
7290013269485,false,מש.אורביטול אוקסיג'ן145ג,קוסמופארם,IL,משחת שיניים,גרמים,145.00,100 גרם,false,0,14.00,9.66,true,1,
7290013269560,false,קרמה תחליב רחצה מאסק750מ,קוסמופארם,,קרמה תחליב רחצה,מיליליטרים,750.00,"100 מ""ל",false,0,15.00,2.00,true,1,
7290013269638,false,ספוג הפלא אקסטרה,,IL,ספוג הפלא אקסטרה,יחידה,1.00,יחידה,false,0,9.70,9.70,true,1,
7290013269690,false,סנובון לאסלה,,IL,סנובון לאסלה,מיליליטרים,55.00,"100 מ""ל",false,0,12.10,22.00,true,1,
7290013269850,false,נייר אפיה,,,נייר אפיה,יחידה,1.00,יחידה,false,0,16.10,16.10,true,1,
7290013284075,false,טבעות זיתים,,,טבעות זיתים,גרמים,560.00,100 גרם,false,0,8.80,1.57,true,1,
7290013284082,false,זית מושחר ללא גלעין560גר,,,זית מושחר ללא גלעין560גר,גרמים,560.00,100 גרם,false,0,9.00,1.61,true,1,
7290013284150,false,מלפפונים במלח 13-17 560ג,,,מלפפונים במלח 13-17 560ג,גרמים,560.00,100 גרם,false,0,9.00,1.61,true,1,
7290013284785,false,רוטב פפרונטה 380 גרם,פרי ניר,IL,רוטב פפרונטה,גרמים,380.00,100 גרם,false,1,7.80,2.05,true,1,
7290013284808,false,זיתים ירוקים מבוקעים560ג,פרי ניר,IL,זיתים ירוקים,גרמים,560.00,100 גרם,false,1,8.80,1.57,true,1,
7290013310064,false,חוט דנטלי רפואי,W.H.J.C.CO,CN,חוט דנטלי רפואי,יחידה,1.00,יחידה,false,0,9.80,9.80,true,1,
7290013310163,false,מדליק פחם מוצק 40 יחידות,BX.P,DE,מדליק פחם מוצק,יחידה,1.00,יחידה,false,0,6.50,6.50,true,1,
7290013358295,false,קראנצוס גריל 200 גרם,מנה,IL,קראנצוס 200 גרם,גרמים,200.00,100 גרם,false,0,6.10,3.05,true,1,
7290013358356,false,פירורי לחם מוזהבים350גרם,עינת,IL,פירורי לחם,גרמים,350.00,100 גרם,false,0,7.80,2.23,true,1,
7290013358363,false,פרורי לחם יפני מוזהב300ג,עינת,IL,פרורי לחם יפני,גרמים,300.00,100 גרם,false,0,9.80,3.27,true,1,
7290013358424,false,"רוטב סויה בהירה 500 מ""ל",קי.אר.אס. ספייסי פוד,TH,רוטב סויה,מיליליטרים,500.00,"100 מ""ל",false,1,16.90,3.38,true,1,
7290013358462,false,מיני קרוטונים למרק350גרם,עינת,IL,מיני קרוטונים,גרמים,350.00,100 גרם,false,0,18.70,5.34,true,1,
7290013358486,false,פירורי לחם ללא ביצה300ג,עינת,IL,פירורי לחם,גרמים,300.00,100 גרם,false,0,9.90,3.30,true,1,
7290013358547,false,"רוטב צ'ילי חריף 700 מ""ל",קי.אר.אס. ספייסי פוד,TH,רוטב צ'ילי חריף,מיליליטרים,700.00,"100 מ""ל",false,1,14.80,2.11,true,1,
7290013358585,false,נודלס ביצים להקפצה 400ג,לינהאנג אינדסטריאל,CN,נודלס ביצים,גרמים,400.00,100 גרם,false,1,9.80,2.45,true,1,
7290013358882,false,אייר פופס טורטייה טבעי40,דיאבטיקום,IL,חטיף אייר פופס,גרמים,40.00,100 גרם,false,0,5.00,12.50,true,1,
7290013358929,false,צ'יפס בטעם טבעי מנה 45גר,FLAPER.S.A APERITIVOS,ES,צ'יפס טבעי מנה,גרמים,45.00,100 גרם,false,1,3.00,6.67,true,1,
7290013358936,false,צ'יפס גלי מנה 45 גרם,FLAPER.S.A APERITIVOS,ES,צ'יפס גלי מנה,גרמים,45.00,100 גרם,false,1,3.00,6.67,true,1,
7290013358967,false,קראנצ'וס מיקס בוטנים40גר,מנה,IL,קראנצ'וס מיקס,גרמים,40.00,100 גרם,false,0,3.60,9.00,true,1,
7290013378071,false,חטיף ג'אקס חלב+שוק.לבן50,דיטי גידה סאן וה טיק אי.,TR,חטיף ג'אקס,גרמים,50.00,100 גרם,false,0,4.90,9.80,true,1,
7290013378088,false,חטיף ג'אקס חלב ק.אגוז50ג,דיטי גידה סאן וה טיק אי.,TR,חטיף ג'אקס,גרמים,50.00,100 גרם,false,0,4.90,9.80,true,1,
7290013378101,false,חטיף גאקס מריר ק.אגוז50ג,דיטי גידה סאן וה טיק אי.,TR,גאקס שוקולד מריר,גרמים,50.00,100 גרם,false,0,4.90,9.80,true,1,
7290013424174,false,תירס צעיר שלם 410 גרם,LTD GUANGFA LONGHAI,CN,תירס צעיר שלם,גרמים,410.00,100 גרם,false,0,5.20,1.27,true,1,
7290013472199,false,ערמונים קלופים קלויים105,הבי ליקראן,CN,ערמונים 105גרם,גרמים,105.00,100 גרם,false,0,8.80,8.38,true,1,
7290013474384,false,בייגלה דקים שמנת בצל300ג,יוניליוור,IL,בייגלה דקים,גרמים,300.00,100 גרם,false,0,8.90,2.97,true,1,
7290013474414,false,בייגלה דקים מלח ים 60 גר,יוניליוור,IL,בייגלה דקים,גרמים,60.00,100 גרם,false,0,3.20,5.33,true,1,
7290013474438,false,בייגלה דקים שומשום300גרם,יוניליוור,IL,בייגלה דקים,גרמים,300.00,100 גרם,false,0,8.90,2.97,true,1,
7290013531117,false,רוטב פסטה לילדים 260 גרם,זנלכל,IL,רוטב פסטה,גרמים,260.00,100 גרם,false,0,4.70,1.81,true,1,
7290013540225,false,נתחי טונה קטנה 158*4 גרם,תעשיות פילטונה,IL,נתחי טונה 4 יח,גרמים,632.00,100 גרם,false,0,20.70,3.28,true,1,
7290013540577,false,סרדינים חריפים בשמן צמחי,תעשיות פילטונה,MA,סרדינים חריפים,גרמים,125.00,100 גרם,false,0,5.90,4.72,true,1,
7290013540584,false,סרדינים בשמן צמחי 125גרם,תעשיות פילטונה,MA,סרדינים בשמן צמח,גרמים,125.00,100 גרם,false,0,5.90,4.72,true,1,
7290013540614,false,סרדינים בשמן זית 125 גרם,תעשיות פילטונה,MA,סרדינים בשמן זית,גרמים,125.00,100 גרם,false,0,6.80,5.44,true,1,
7290013584175,false,ספרייט 1.5*6 ליטר,החברה המרכזית לייצור משקאות,IL,ספרייט שישייה,ליטרים,9.00,ליטר,false,0,35.90,3.99,true,1,
7290013584182,false,ספרייט 1.5 ליטר,החברה המרכזית לייצור משקאות,IL,ספרייט בקבוק,ליטרים,1.50,ליטר,false,0,6.50,4.33,true,1,
7290013584816,false,"משק""ל פריגת לימונענע1.5ל",פריגת,IL,"משק""ל פריגת",ליטרים,1.50,ליטר,false,0,6.50,4.33,true,1,
7290013585240,false,ספרייט זירו 1.5 ליטר,החברה המרכזית לייצור משקאות,IL,ספרייט זירו,ליטרים,1.50,ליטר,false,1,6.50,4.33,true,1,
7290013585271,false,ספרייט זירו 1.5*6 ליטר,החברה המרכזית לייצור משקאות,IL,ספרייט זירו 6 יח,ליטרים,9.00,ליטר,false,1,35.90,3.99,true,1,
7290013585325,false,קוקה קולה 2*6 ליטר,החברה המרכזית לייצור משקאות,IL,קוקה קולה 2*6 ל,ליטרים,12.00,ליטר,false,1,44.90,3.74,true,1,
7290013585356,false,פיוז תה פירות יער 1.5ל',מבשלות בירה בינלאומיות,IL,פיוז תה,ליטרים,1.50,ליטר,false,1,7.10,4.73,true,1,
7290013585370,false,קוקה קולה 2 ליטר,החברה המרכזית לייצור משקאות,IL,קוקה קולה,ליטרים,2.00,ליטר,false,1,7.50,3.75,true,1,
7290013585387,false,קולה זירו 1 ליטר,החברה המרכזית לייצור משקאות,IL,קולה זירו,ליטרים,1.00,ליטר,false,1,5.50,5.50,true,1,
7290013585394,false,קוקה קולה 1 ליטר,החברה המרכזית לייצור משקאות,IL,קוקה קולה,ליטרים,1.00,ליטר,false,1,5.50,5.50,true,1,
7290013585462,false,קוקה קולה זירו 2*6 ליטר,החברה המרכזית לייצור משקאות,IL,קולה זירו 6 * 2ל,ליטרים,12.00,ליטר,false,1,41.90,3.49,true,1,
7290013585493,false,פריגת אננס פסיפלורה1.5ל,מבשלות בירה בינלאומיות,IL,"משק""ל פריגת",ליטרים,1.50,ליטר,false,1,6.50,4.33,true,1,
7290013585509,false,"משק""ל פריגת אפרסק 1.5 לי",מבשלות בירה בינלאומיות,IL,"משק""ל פריגת",ליטרים,1.50,ליטר,false,1,6.50,4.33,true,1,
7290013585851,false,"משק""ל תפוז מנדרינה 1.5ל",מבשלות בירה בינלאומיות,IL,"משק""ל תפוז",ליטרים,1.50,ליטר,false,1,6.50,4.33,true,1,
7290013585868,false,"משק""ל אשכולית פומלית1.5ל",מבשלות בירה בינלאומיות,IL,"משק""ל אשכולית",ליטרים,1.50,ליטר,false,1,6.50,4.33,true,1,
7290013608086,false,מיץ פירות הדר100%טבעי1ל,גניר,IL,מיץ פירות הדר,ליטרים,1.00,ליטר,false,0,14.80,14.80,true,1,
7290013608260,false,מיץ רימונים סחוט טרי 1ל',גניר,IL,מיץ רימונים,ליטרים,1.00,ליטר,false,0,22.00,22.00,true,1,
7290013652157,false,מגב.מסירי איפור רגיל30*3,פישר מעבדות פרמצבטיות,IL,מגבונים 3 יח,יחידה,1.00,יחידה,false,0,19.90,19.90,true,1,
7290013652645,false,משחה לתינוק אוליביול 100,פישר מעבדות פרמצבטיות,IL,משחה לתינוק,גרמים,100.00,100 גרם,false,0,19.90,19.90,true,1,
7290013675095,false,שניצל ביתי אפוי 500גרם,תנובה,IL,שניצל ביתי אפוי 500גרם,גרמים,500.00,100 גרם,false,0,29.60,5.92,true,1,
7290013675163,false,שניצל קריספי מ.עוף 500ג,תנובה,IL,שניצל קריספי מ.עוף 500ג,גרמים,500.00,100 גרם,false,1,29.90,5.98,true,1,
7290013675170,false,שניצל קריספי שומשום עוף,תנובה,IL,שניצל קריספי שומשום עוף,גרמים,500.00,100 גרם,false,1,29.90,5.98,true,1,
7290013675187,false,שניצל קריספי חריף 500גרם,תנובה,IL,שניצל קריספי חרי,גרמים,500.00,100 גרם,false,14,29.90,5.98,true,1,
7290013683625,false,עוגת קצפת ריבת חלב 1.3קג,גידרון,IL,עוגת קצפת,קילוגרמים,1.30,"ק""ג",false,0,79.90,61.46,true,1,
7290013702029,false,שוופס מים טעם אפרסק 1.5ל,יפאורה שותפות מובגלת לשיווק,IL,שוופס מים אפרסק,ליטרים,1.50,ליטר,false,0,5.90,3.93,true,1,
7290013702371,false,שוופס מים בטעם תפוח 1.5ל,יפאורה שותפות מובגלת לשיווק,IL,שוופס מים תפוח,ליטרים,1.50,ליטר,false,0,5.90,3.93,true,1,
7290013702463,false,שוופס מוגז למונייד 1.5 ל,יפאורה שותפות מובגלת לשיווק,IL,שוופס למונייד,ליטרים,1.50,ליטר,false,0,6.60,4.40,true,1,
7290013702852,false,"שוופס ראשן 330 מ""ל",יפאורה שותפות מובגלת לשיווק,IL,שוופס ראשן,מיליליטרים,330.00,"100 מ""ל",false,0,5.80,1.76,true,1,
7290013724939,false,חמוציות בשוקולד מריר,שקדיה,IL,חמוציות בשוקולד,גרמים,160.00,100 גרם,false,0,14.80,9.25,true,1,
7290013724977,false,צימוק בשוקולד מריר 160גר,שקדיה,IL,צימוק בשוקולד,גרמים,160.00,100 גרם,false,0,14.80,9.25,true,1,
7290013743824,false,"אלסבון ילדים ד""ר פישר750",פישר מעבדות פרמצבטיות,IL,אל סבון לילדים,מיליליטרים,750.00,"100 מ""ל",false,0,14.90,1.99,true,1,
7290013809391,false,אבקת ניקוי+הברקה,,IL,אבקת ניקוי+הברקה,גרמים,600.00,100 גרם,false,0,7.00,1.17,true,1,
7290013847119,false,טונה סטארקיסט קנולה160*4,סטארקיסט,IL,טונה בשמן 4 יח,גרמים,640.00,100 גרם,false,0,25.90,4.05,true,1,
7290013847157,false,טונה שמ.זית כ.מעולה110*4,סטארקיסט,IL,טונה בשמן זית4יח,גרמים,440.00,100 גרם,false,0,29.60,6.73,true,1,
7290013847546,false,טונה דל נתרן בשמן 160*4ג,סטארקיסט,IL,טונה בשמן 4 יח,גרמים,640.00,100 גרם,false,1,26.70,4.17,true,1,
7290013847676,false,סטארקיסט לסנדביץ+בצל200ג,סטארקיסט,IL,סטארקיסט לסנדביץ,גרמים,200.00,100 גרם,false,1,8.80,4.40,true,1,
7290013848581,false,נייר מגבת בגליל,,IL,נייר מגבת בגליל,מטרים,63.00,מטר,false,0,13.20,0.21,true,1,
7290013848635,false,קרמה אלפא שמפו רגיל 700,קוסמופארם,IL,שמפו שיער קרמה,מיליליטרים,700.00,"100 מ""ל",false,0,12.90,1.84,true,1,
7290013848673,false,קרמה אלפא שמפו ומרכך700מ,קוסמופארם,IL,מרכך שיער קרמה,מיליליטרים,700.00,"100 מ""ל",false,0,12.90,1.84,true,1,
7290013848680,false,קרמה אלפא מרכך רגיל 700מ,קוסמופארם,IL,מרכך שיער קרמה,מיליליטרים,700.00,"100 מ""ל",false,0,12.90,1.84,true,1,
7290013848758,false,ג'ל לכביסה בייבי,,IL,ג'ל לכביסה בייבי,ליטרים,3.00,ליטר,false,0,36.90,12.30,true,1,
7290013848789,false,סבון מוצק כיף דבש100*4ג,קוסמופארם,IL,רביעיית סבון כיף,גרמים,400.00,100 גרם,false,0,10.80,2.70,true,1,
7290013848802,false,סבון מוצק כיף לבנד100*4ג,קוסמופארם,IL,רביעיית סבון כיף,גרמים,400.00,100 גרם,false,0,10.80,2.70,true,1,
7290013848888,false,דאו.קרמה רול און קלאסי75,קוסמופארם,IL,דאודורנט קרמה,מיליליטרים,75.00,"100 מ""ל",false,0,13.90,18.53,true,1,
7290013848895,false,דאו.קרמה רול און מאסק75מ,קוסמופארם,IL,דאודורנט קרמה,מיליליטרים,75.00,"100 מ""ל",false,0,13.90,18.53,true,1,
7290013861979,false,שקד קלוף קלוי 200גרם,שקדיה,IL,שקד קלוף קלוי,גרמים,200.00,100 גרם,false,0,22.70,11.35,true,1,
7290013906205,false,פסטרמה שום וצ'ילי 400 גר,טירת צבי,IL,פסטרמה שום+צ'לי,גרמים,400.00,100 גרם,false,0,31.50,7.88,true,1,
7290013906212,false,"נקניקיות וינר 1 ק""ג",טירת צבי,IL,נקניקיות וינר,קילוגרמים,1.00,"ק""ג",false,0,31.90,31.90,true,1,
7290013906496,false,פסטרמה עגל רומני 120 גרם,טירת צבי,IL,פסטרמה עגל רומני,גרמים,120.00,100 גרם,false,0,15.30,12.75,true,1,
7290013994165,false,משקה אורז,,IT,משקה אורז,ליטרים,1.00,ליטר,false,0,12.80,12.80,true,1,
7290013994189,false,משקה אורז,,IT,משקה אורז,ליטרים,1.00,ליטר,false,0,12.80,12.80,true,1,
7290014002128,false,תה ירוק לימונית מנטה25שק,ויסוצקי,IL,תה ירוק לימונית,גרמים,37.00,100 גרם,false,0,25.90,70.00,true,1,
7290014002173,false,תה ירוק תפוז 25ש1.5*גר,ויסוצקי,IL,תה ירוק תפוז,גרמים,75.00,100 גרם,false,0,25.90,34.53,true,1,
7290014002579,false,תה ירוק וניל 25 שקיקים,ויסוצקי,IL,תה ירוק וניל,גרמים,38.00,100 גרם,false,0,25.90,68.16,true,1,
7290014002593,false,חליטת ג'ינג'ר+לימון20שק,ויסוצקי,IL,חליטת ג'ינג'ר+לי,גרמים,25.00,100 גרם,false,0,12.80,51.20,true,1,
7290014002609,false,תה ירוק פטל 25שק',ויסוצקי,IL,תה ירוק פטל,גרמים,38.00,100 גרם,false,0,25.90,68.16,true,1,
7290014002685,false,חליטת אקליפטוס הדר20שק,ויסוצקי,IL,חליטת אקליפטוס,גרמים,30.00,100 גרם,false,0,12.80,42.67,true,1,
7290014002944,false,חליטת חמדת שקד גן קסום25,ויסוצקי,IL,חליטת חמדת שקד,גרמים,57.00,100 גרם,false,0,12.80,22.46,true,1,
7290014002982,false,תה ירוק סטיביה+לימונית25,ויסוצקי,IL,תה ירוק סטיביה+לימונית25,גרמים,37.00,100 גרם,false,0,25.90,70.00,true,1,
7290014046023,false,מוס כבד עוף+ פטריות 140ג,מעדני יחיעם,IL,מוס כבד עוף+פטר,גרמים,140.00,100 גרם,false,5,15.90,11.36,true,1,
7290014046030,false,מוס כבד עוף 140גרם,מעדני יחיעם,IL,מוס כבד עוף,גרמים,140.00,100 גרם,false,5,15.90,11.36,true,1,
7290014046474,false,"נקניקיות עוף 1.5 ק""ג",מעדני יחיעם,IL,נקניקיות עוף,קילוגרמים,1.50,"ק""ג",false,0,29.60,19.73,true,1,
7290014059795,false,ספירה מכשיר60+ טבליות,זובלה,IT,ספירה מכשיר+טבל',יחידה,1.00,יחידה,false,0,29.60,29.60,true,1,
7290014083387,false,נתחי טונה בשמן זית 190 ג,,IT,נתחי טונה בשמן זית 190 ג,גרמים,190.00,100 גרם,false,0,25.70,13.53,true,1,
7290014083806,false,עוגיות טעם חמאה,,PT,עוגיות טעם חמאה,גרמים,350.00,100 גרם,false,0,11.80,3.37,true,1,
7290014094062,false,גרעין שחור קלוי 200גרם,שקדיה,IL,גרעין שחור קלוי,גרמים,200.00,100 גרם,false,0,7.80,3.90,true,1,
7290014094130,false,גרעין אבטיח קלוי 200גרם,שקדיה,IL,גרעין אבטיח,גרמים,200.00,100 גרם,false,0,15.80,7.90,true,1,
7290014094420,false,סרדין חריף,,PT,סרדין חריף,גרמים,115.00,100 גרם,false,0,4.90,4.26,true,1,
7290014095021,false,אגוז מלך קלוף טבעי 150ג,שקדיה,IL,אגוז מלך קלוף,גרמים,150.00,100 גרם,false,0,15.90,10.60,true,1,
7290014095946,false,פקאן בשוקולד מריר 160גרם,שקדיה,IL,פ.בשוקולד מריר,גרמים,160.00,100 גרם,false,0,14.80,9.25,true,1,
7290014095960,false,שבולת שועל עבה 500 גרם,שקדיה,IL,שיבולת שועל,גרמים,500.00,100 גרם,false,0,6.80,1.36,true,1,
7290014126213,false,מר מאסל רב שימושי 750 מל,AMBALAJ APS,TR,מר מאסל רב שימוש,מיליליטרים,750.00,"100 מ""ל",false,0,12.90,1.72,true,1,
7290014126312,false,מר מאסל לחדר אמבטיה 750מ,AMBALAJ APS,CN,מר מאסל לאמבטיה,מיליליטרים,750.00,"100 מ""ל",false,0,12.90,1.72,true,1,
7290014126428,false,טבליות סטיביה 150 יחידות,סוראל,CN,טבליות סטיביה,גרמים,9.00,100 גרם,false,0,28.70,318.89,true,1,
7290014126701,false,עוג.שוקולד+קרם אספרסו180,TAGO,PL,עוגיות מואי,גרמים,180.00,100 גרם,false,1,11.90,6.61,true,1,
7290014126718,false,עוג.שוקולד+קרם ברולה180ג,TAGO,PL,עוגיות מואי,גרמים,180.00,100 גרם,false,1,11.90,6.61,true,1,
7290014204713,false,"ספריי לגוף פנינה 250 מ""ל",סאסא קוסמטיקס,IL,"ספריי לגוף פנינה 250 מ""ל",מיליליטרים,250.00,"100 מ""ל",false,1,29.60,11.84,true,1,
7290014217119,false,תערובת תיבול לצ'יפס100ג,תבליני טעם וריח,IL,תערובת לצ'יפס,גרמים,100.00,100 גרם,false,1,7.80,7.80,true,1,
7290014218086,false,זוג פיצות משפחתית בחבק,"מעדנות בע""מ",IL,זוג פיצות משפחתי,גרמים,1000.00,100 גרם,false,5,29.60,2.96,true,1,
7290014218154,false,פיצה דקה שום 410גרם,תנובה,IL,פיצה דקה שום,גרמים,410.00,100 גרם,false,10,16.90,4.12,true,1,
7290014241589,false,מיקס אגוזים 150גרם,פיצוחי הטיב,IL,מיקס אגוזים,גרמים,150.00,100 גרם,false,0,14.80,9.87,true,1,
7290014256637,false,מוסקטו מבעבע באזז 750 מל,יקבי כרמל,IL,מוסקטו באזז,מיליליטרים,750.00,"100 מ""ל",false,0,29.60,3.95,true,1,
7290014256927,false,אמרלד ריזלינג סלקטד750מ,יקבי כרמל,IL,אמרלד ריזלינג,מיליליטרים,750.00,"100 מ""ל",false,1,22.90,3.05,true,1,
7290014256941,false,סוביניון בלאן סלקטד750מ,יקבי כרמל,IL,סוביניון בלאן,מיליליטרים,750.00,"100 מ""ל",false,1,22.90,3.05,true,1,
7290014321007,false,"שמן קוקוס אורגני 350 מ""ל",Serendipol,LK,שמן קוקוס אורגני,מיליליטרים,350.00,"100 מ""ל",false,0,32.70,9.34,true,1,
7290014338203,false,מנצ'ס פיקנטי 200גרם,קסין דיי ברייט,CN,מנצ'ס פיקנטי200ג,גרמים,200.00,100 גרם,false,0,8.90,4.45,true,1,
7290014373778,false,עוגיות רולדה תמרים 300 ג,לחמי,IL,עוגיות רולדה,גרמים,300.00,100 גרם,false,0,14.90,4.97,true,1,
7290014373792,false,"עוג.רולדה תפו""ע+קינמו300",לחמי,IL,עוגיות רולדה,גרמים,300.00,100 גרם,false,0,14.90,4.97,true,1,
7290014397279,false,שקיות מזון,,IL,שקיות מזון,יחידה,1.00,יחידה,false,0,10.00,10.00,true,1,
7290014397286,false,מרכך כביסה מרוכז,,IL,מרכך כביסה מרוכז,ליטרים,1.00,ליטר,false,0,16.90,16.90,true,1,
7290014397293,false,מרכך כביסה מרוכז,,IL,מרכך כביסה מרוכז,ליטרים,1.00,ליטר,false,0,16.90,16.90,true,1,
7290014397453,false,מסיר כתמים 3ליטר,,IL,מסיר כתמים 3ליטר,ליטרים,3.00,ליטר,false,0,29.90,9.97,true,1,
7290014397507,false,סנופרש מאסק מעוד,,IL,סנופרש מאסק מעוד,מיליליטרים,350.00,"100 מ""ל",false,0,10.00,2.86,true,1,
7290014397675,false,מרכך כביסה 4ליטר,,IL,מרכך כביסה 4ליטר,ליטרים,4.00,ליטר,false,0,19.90,4.98,true,1,
7290014397712,false,סנובון ג'ל בניחוח פריחה,סנו,IL,סנובון ג'ל לאסלה,מיליליטרים,55.00,"100 מ""ל",false,0,12.10,22.00,true,1,
7290014397729,false,אקונומיקה פיסגה,,IL,אקונומיקה פיסגה,ליטרים,2.00,ליטר,false,0,9.90,4.95,true,1,
7290014397781,false,ריצפז פרש הום,,IL,ריצפז פרש הום,ליטרים,2.00,ליטר,false,0,19.30,9.65,true,1,
7290014397835,false,סנומט סמארט,,IL,סנומט סמארט,יחידה,1.00,יחידה,false,0,36.60,36.60,true,1,
7290014397996,false,סנובון WAVE אקונומיקה,סנו,IL,סנובון WAVE,גרמים,45.00,100 גרם,false,1,9.80,21.78,true,1,
7290014417847,false,סבון מוצק ניואה מילק90*4,ביירסדורץ,IL,סבון מוצק 4 יח',גרמים,360.00,100 גרם,false,0,11.90,3.31,true,1,
7290014435803,false,8מטיאס הולנדי עם בצל180ג,סלטי שמיר,IL,מטיאס הולנדי+בצל,גרמים,180.00,100 גרם,false,0,15.80,8.78,true,1,
7290014435810,false,הרינג כבוש עם בצל 180גרם,סלטי שמיר,IL,הרינג כבוש+בצל,גרמים,180.00,100 גרם,false,0,15.80,8.78,true,1,
7290014435841,false,פילה מטיאס הולנדי שמן180,סלטי שמיר,IL,פילה מטיאס בשמן,גרמים,180.00,100 גרם,false,0,15.80,8.78,true,1,
7290014455085,false,גבינת שמנת,,IL,גבינת שמנת,גרמים,200.00,100 גרם,false,0,12.50,6.25,true,1,
7290014455252,false,גרנה פדנו מגורדת 100 גרם,גרנה פדני איטליה,IT,גבינה גרנה פדנו,גרמים,200.00,100 גרם,false,1,9.90,4.95,true,1,
7290014455382,false,גבינה צהובה פרוסה9% 200ג,WLOSZCZOWA,PL,גבינה צהובה גד,גרמים,200.00,100 גרם,false,1,13.90,6.95,true,1,
7290014466463,false,"מוסקטו הר חרמון 750 מ""ל",יקבי רמת הגולן קצרין,IL,הר חרמון מוסקטו,מיליליטרים,750.00,"100 מ""ל",false,0,29.90,3.99,true,1,
7290014525009,false,סלים פרוט יוגורט תפוח5י,סלים פרוטס,ES,חטיפי דגנים מרבה,גרמים,182.00,100 גרם,false,0,10.00,5.49,true,1,
7290014525016,false,סלים פרוט יוגורט תות 5י,סלים פרוטס,ES,חטיפי דגנים מרבה,גרמים,182.00,100 גרם,false,0,10.00,5.49,true,1,
7290014525023,false,סלים פרוט פירות יער 5יח',סלים פרוטס,ES,חטיפי דגנים מרבה,גרמים,215.00,100 גרם,false,0,10.00,4.65,true,1,
7290014525092,false,עוג.ספריטס ללא סוכר200ג,מרבה,DE,עוגיות ללא סוכר,גרמים,200.00,100 גרם,false,0,17.40,8.70,true,1,
7290014525269,false,עוג.בוקר שבולת שועל228גר,סלים דליס,NL,עוגיות בוקר,גרמים,228.00,100 גרם,false,0,10.00,4.39,true,1,
7290014525283,false,עוגיות בוקר דגנים/חלב228,סלים דליס,NL,עוגיות בוקר מרבה,גרמים,228.00,100 גרם,false,0,10.00,4.39,true,1,
7290014603639,false,ברנפלקס ללא גלוטן 375 גר,יוניליוור,IL,ברנפלקס,גרמים,375.00,100 גרם,false,0,22.90,6.11,true,1,
7290014683402,false,עוגת יום הולדת שוק.עגול,גידרון,IL,עוגת שוקולד,יחידה,1.00,יחידה,false,0,59.40,59.40,true,1,
7290014683419,false,עוגת יום הולדת שוקולד יח,גידרון,IL,עוגת שוקולד,יחידה,1.00,יחידה,false,0,59.40,59.40,true,1,
7290014692565,false,גרעיני תירס מתוק,,IL,גרעיני תירס מתוק,גרמים,320.00,100 גרם,false,0,4.90,1.53,true,1,
7290014725294,false,סוכרזית סוכרלוז 100שקיות,"ביסקול בע""מ",IL,סוכרזית סוכרלוז,גרמים,100.00,100 גרם,false,0,18.90,18.90,true,1,
7290014745698,false,נקניקיות איכותיות 400גרם,עוף טוב,IL,נקניקיות עוף טוב,גרמים,400.00,100 גרם,false,0,14.80,3.70,true,1,
7290014745919,false,ע. ט. שניצל עוף דק700גרם,עוף טוב,IL,עוף ט. שניצל עוף,גרמים,700.00,100 גרם,false,0,37.90,5.41,true,1,
7290014746466,false,שניצל דק מופחת מלח ע.ט.,אסם,IL,שניצל דק מופח מל,גרמים,700.00,100 גרם,false,1,39.60,5.66,true,1,
7290014746565,false,שניצל מעודן מופח מלח ע.ט,אסם,IL,שניצל מעודן,גרמים,700.00,100 גרם,false,1,44.50,6.36,true,1,
7290014747043,false,פסטרמה חזה עוף מעושן ע.ט,עוף טוב,IL,פסטרמה חזה עוף,גרמים,250.00,100 גרם,false,1,21.90,8.76,true,1,
7290014758100,false,יוגורט ביו 8 יח,,IL,יוגורט ביו 8 יח,קילוגרמים,1.20,"ק""ג",false,0,16.00,13.33,true,1,
7290014758117,false,יוגורט ביו 8 יח,,IL,יוגורט ביו 8 יח,קילוגרמים,1.20,"ק""ג",false,0,16.00,13.33,true,1,
7290014758162,false,חלב עיזים מלא 1ל,,IL,חלב עיזים מלא 1ל,ליטרים,1.00,ליטר,false,0,14.80,14.80,true,1,
7290014758308,false,יוגורט עיזים ביו,,IL,יוגורט עיזים ביו,גרמים,150.00,100 גרם,false,0,5.70,3.80,true,1,
7290014758346,false,מעדן סויה שוק2%. 125*2גר,,IL,מעדן סויה שוק2%. 125*2גר,גרמים,250.00,100 גרם,false,0,8.20,3.28,true,1,
7290014758360,false,מעדן סויה תות1.6% 125*2ג,,IL,מעדן סויה תות1.6% 125*2ג,גרמים,250.00,100 גרם,false,0,8.20,3.28,true,1,
7290014758681,false,קוטג 1% שומן,,IL,קוטג 1% שומן,גרמים,250.00,100 גרם,false,0,5.50,2.20,true,1,
7290014759084,false,גבינת נפוליאון,,IL,גבינת נפוליאון,גרמים,225.00,100 גרם,false,0,10.00,4.44,true,1,
7290014759541,false,בולגרית למריחה+5%פלפל200,תנובה,IL,בולגרית למריחה5%,גרמים,200.00,100 גרם,false,0,13.80,6.90,true,1,
7290014759978,false,קולאז' קצ'קבל,,IL,קולאז' קצ'קבל,גרמים,200.00,100 גרם,false,0,25.70,12.85,true,1,
7290014760103,false,מ.סויה מועשר בסידן200*3מ,סוי מג'יק,IL,משקה סויה 3 יח,מיליליטרים,600.00,"100 מ""ל",false,1,9.80,1.63,true,1,
7290014760141,false,משקה שקדים טרי 1 ליטר,סוי מג'יק,IL,משקה שקדים,ליטרים,1.00,ליטר,false,1,13.80,13.80,true,1,
7290014760837,false,יופלה 0% תות בתחתית 150ג,תנובה,IL,יופלה דיאט 0%,גרמים,150.00,100 גרם,false,1,5.00,3.33,true,1,
7290014760844,false,יופלה 0% אפרסק פסיפל150ג,תנובה,IL,יופלה דיאט 0%,גרמים,150.00,100 גרם,false,1,5.00,3.33,true,1,
7290014761056,false,יולו שוקולד חלב,,IL,יולו שוקולד חלב,גרמים,123.00,100 גרם,false,0,4.30,3.50,true,1,
7290014761063,false,יולו שוקולד מריר,,IL,יולו שוקולד מריר,גרמים,123.00,100 גרם,false,0,4.30,3.50,true,1,
7290014761070,false,יולו שוקולד לבן,,IL,יולו שוקולד לבן,גרמים,123.00,100 גרם,false,0,4.30,3.50,true,1,
7290014761414,false,יולו שכבות שוקו.,,IL,יולו שכבות שוקו.,גרמים,123.00,100 גרם,false,0,4.30,3.50,true,1,
7290014761612,false,יולו שכבות שוקו.מריר122ג,תנובה,IL,יולו שכבות שוקו.,גרמים,122.00,100 גרם,false,1,4.30,3.52,true,1,
7290014761858,false,"שטוזים וניל מוקצף 125מ""ל",תנובה,IL,שטוזים מטקצף,מיליליטרים,125.00,"100 מ""ל",false,1,2.60,2.08,true,1,
7290014761865,false,"שטוזים תות מוקצף 125מ""ל",תנובה,IL,שטוזים מטקצף,מיליליטרים,125.00,"100 מ""ל",false,1,2.60,2.08,true,1,
7290014762220,false,ג'לי בטעם ענבים 125 גרם,תנובה,IL,ג'לי בטעם ענבים,גרמים,125.00,100 גרם,false,1,2.30,1.84,true,1,
7290014762527,false,יולו חלב בנגיעת קפה 150,תנובה,IL,יולו שוקולד חלב,גרמים,150.00,100 גרם,false,1,4.30,2.87,true,1,
7290014762534,false,יולו שוק.חלב+אגוז לוז123,תנובה,IL,יולו מעדן שוקולד,גרמים,123.00,100 גרם,false,1,4.30,3.50,true,1,
7290014762701,false,יופלה5% וניל+שבבי שוק160,תנובה,IL,יופלה 5% וניל,גרמים,160.00,100 גרם,false,1,5.00,3.13,true,1,
7290014762718,false,יופלה5% קפוצ'ינו+שוק160ג,תנובה,IL,יופלה5% קפוצ'ינו,גרמים,160.00,100 גרם,false,1,5.00,3.13,true,1,
7290014762725,false,יופלה5% פ.אדומים+שוק160ג,תנובה,IL,יופלה5% פ.אדומים,גרמים,160.00,100 גרם,false,1,5.00,3.13,true,1,
7290014762756,false,נפוליאון 16%עם בצל 225ג,תנובה,IL,גבינת נפוליאון,גרמים,225.00,100 גרם,false,1,10.00,4.44,true,1,
7290014789913,false,עוגיות אוראו 176*3 גרם,מונדלייז,ES,עוגיות אוראו 3יח,גרמים,528.00,100 גרם,false,0,21.90,4.15,true,1,
7290014791077,false,ספרינג תה ענבים 1.5 ליטר,יפאורה שותפות מובגלת לשיווק,IL,ספרינג תה ענבים,ליטרים,1.50,ליטר,false,0,6.20,4.13,true,1,
7290014791213,false,שוופס מים 0קלור.תפוח1.5ל,יפאורה שותפות מובגלת לשיווק,IL,שוופס מים תפוח,ליטרים,1.50,ליטר,false,0,5.90,3.93,true,1,
7290014791237,false,שוופס מים 0קלור.אפרסק1.5,יפאורה שותפות מובגלת לשיווק,IL,שוופס מים אפרסק,ליטרים,1.50,ליטר,false,0,5.90,3.93,true,1,
7290014791558,false,שוופס סודה נענע לי1.5*4ל,יפאורה שותפות מובגלת לשיווק,IL,שוופס סודה נענע לי1.5*4ל,ליטרים,6.00,ליטר,false,0,10.90,1.82,true,1,
7290014791565,false,שוופס מוגז ענבים 1.5ליטר,יפאורה שותפות מובגלת לשיווק,IL,שוופס ענבים,ליטרים,1.50,ליטר,false,1,6.60,4.40,true,1,
7290014791770,false,פרוט ווטר ענבים 1.5 ליטר,יפאורה שותפות מובגלת לשיווק,IL,פרוט ווטר ענבים,ליטרים,1.50,ליטר,false,1,6.90,4.60,true,1,
7290014791787,false,פרוט ווטר אננס 1.5 ליטר,יפאורה שותפות מובגלת לשיווק,IL,פרוט ווטר אננס,ליטרים,1.50,ליטר,false,1,6.90,4.60,true,1,
7290014791794,false,פרוט ווטר תפוח 1.5 ליטר,יפאורה שותפות מובגלת לשיווק,IL,פרוט ווטר תפוח,ליטרים,1.50,ליטר,false,1,6.90,4.60,true,1,
7290014791800,false,פרוט ווטר אפרסק 1.5 ליטר,יפאורה שותפות מובגלת לשיווק,IL,פרוט ווטר אפרסק,ליטרים,1.50,ליטר,false,1,6.90,4.60,true,1,
7290014791824,false,פרוט ווטר תות 1.5 ליטר,יפאורה שותפות מובגלת לשיווק,IL,פרוט ווטר תות,ליטרים,1.50,ליטר,false,1,6.90,4.60,true,1,
7290014905122,false,ניקוי יבש הפי,,IL,ניקוי יבש הפי,יחידה,1.00,יחידה,false,0,29.10,29.10,true,1,
7290014940086,false,הלחמניה להמבורגר 50*8ג,מאפיית שלמה א. אנג'ל,IL,הלחמניה להמבורגר 50*8ג,גרמים,400.00,100 גרם,false,0,9.90,2.48,true,1,
7290014940093,false,הלחמניה הקלה 54*6 גרם,מאפיית שלמה א. אנג'ל,IL,הלחמניה הקלה 54*6 גרם,גרמים,324.00,100 גרם,false,0,13.20,4.07,true,1,
7290014940901,false,לחם פשוט מלא 750 גרם,מאפיית שלמה א. אנג'ל,IL,לחם מלא,גרמים,750.00,100 גרם,false,1,12.90,1.72,true,1,
7290014960176,false,עוגיות אלפחורס 220 גרם,לחם יין,IL,עוגיות אלפחורס,גרמים,220.00,100 גרם,false,1,22.70,10.32,true,1,
7290014960220,false,עוגיות ביסקוטי 230 גרם,לחם יין,IL,עוגיות ביסקוטי,גרמים,230.00,100 גרם,false,1,19.70,8.57,true,1,
7290015025584,false,"רסק תפו""ע ללא סוכר100*4ג",אודנוולד,IL,רסק תפוחים,גרמים,400.00,100 גרם,false,0,12.80,3.20,true,1,
7290015039055,false,רוטב צ'ילי חריף,,TH,רוטב צ'ילי חריף,מיליליטרים,700.00,"100 מ""ל",false,0,9.80,1.40,true,1,
7290015039130,false,חמאה ללא מלח,,BE,חמאה ללא מלח,גרמים,200.00,100 גרם,false,0,7.80,3.90,true,1,
7290015039246,false,נתחי טונה בשמן,,TH,נתחי טונה בשמן,גרמים,640.00,100 גרם,false,0,21.90,3.42,true,1,
7290015039338,false,נתחי טונה במים,,TH,נתחי טונה במים,גרמים,640.00,100 גרם,false,0,21.90,3.42,true,1,
7290015039475,false,חמאה ללא מלח,,BE,חמאה ללא מלח,גרמים,100.00,100 גרם,false,0,4.00,4.00,true,1,
7290015055000,false,שרי יובל ליקופן,,IL,שרי יובל ליקופן,יחידה,1.00,יחידה,false,0,10.00,10.00,true,1,
7290015116800,false,תפוח אדמה נשיקות ארוז במ,קטיף,IL,תפוח אדמה נשיקות,קילוגרמים,0.00,"ק""ג",true,0,4.90,4.90,true,1,
7290015139267,false,"שוק.מריר שקדים ללת""ס85גר",כרמית,IL,שוקולד מריר,גרמים,85.00,100 גרם,false,1,6.80,8.00,true,1,
7290015139489,false,מיקסים שוק.חלב+בוטנים55ג,כרמית,IL,מיקסים שוקולד,גרמים,55.00,100 גרם,false,1,4.90,8.91,true,1,
7290015139496,false,מיקסים שוק.חלב וקרמל55ג,כרמית,IL,מיקסים שוקולד,גרמים,55.00,100 גרם,false,1,4.90,8.91,true,1,
7290015139502,false,מיקסים שוק.לבן ואורז55גר,כרמית,IL,מיקסים שוקולד,גרמים,55.00,100 גרם,false,1,4.90,8.91,true,1,
7290015150033,false,תה ירוק ספייסי נענע 25שק,ויסוצקי,IL,תה ירוק נענע,גרמים,38.00,100 גרם,false,0,25.90,68.16,true,1,
7290015150064,false,ביסקוויט סנדוויץ וניל240,אלגוריאגה ברנדס,ES,ביסקוויט סנדוויץ,גרמים,240.00,100 גרם,false,1,6.90,2.88,true,1,
7290015150071,false,עוג.סנדוויץ סופר או'ז165,סירו פודס,ES,עוגיות סנדוויץ,גרמים,165.00,100 גרם,false,1,7.80,4.73,true,1,
7290015150101,false,ויסוצקידס נענע 20 שקיקים,ויסוצקי,IL,ויסוצקידס נענע,גרמים,54.00,100 גרם,false,0,12.80,23.70,true,1,
7290015150118,false,עגבניות חתוכות דק400*3ג,ויסוצקי,IL,עגבניות חתוכות,קילוגרמים,1.20,"ק""ג",false,1,12.90,10.75,true,1,
7290015150361,false,תה ירוק נענע סטיבייה25שק,ויסוצקי,IL,תה ירוק נענע,גרמים,37.00,100 גרם,false,1,25.90,70.00,true,1,
7290015150637,false,עוגיות סנדוויץ שוקולד165,סירו פודס,ES,עוגיות סנדוויץ,גרמים,165.00,100 גרם,false,1,7.80,4.73,true,1,
7290015174046,false,פרוסות אננס,,ID,פרוסות אננס,גרמים,825.00,100 גרם,false,0,9.80,1.19,true,1,
7290015324014,false,פלפל שחור טחון בשקית80ג,תבליני טעם וריח,IL,פלפל שחור טחון,גרמים,80.00,100 גרם,false,0,13.20,16.50,true,1,
7290015324038,false,פפריקה בשמן בשקית 80 גרם,תבליני טעם וריח,IL,פפריקה בשמן,גרמים,80.00,100 גרם,false,0,7.80,9.75,true,1,
7290015324090,false,כמון בשקית 80 גרם,תבליני טעם וריח,IL,כמון,גרמים,80.00,100 גרם,false,0,7.80,9.75,true,1,
7290015324168,false,על האש בשקית 80 גרם,תבליני טעם וריח,IL,על האש,גרמים,80.00,100 גרם,false,0,5.90,7.38,true,1,
7290015324212,false,מרינדה עוף איטלקי 25 גרם,תבליני טעם וריח,IL,תיבול מרינדה עוף,גרמים,25.00,100 גרם,false,0,4.90,19.60,true,1,
7290015325172,false,שמפו הלו קיטי,,IL,שמפו הלו קיטי,מיליליטרים,750.00,"100 מ""ל",false,0,9.70,1.29,true,1,
7290015397018,false,יעה+מברשת,פלנרו,IL,יעה+מברשת,יחידה,1.00,יחידה,false,0,14.90,14.90,true,1,
7290015568623,false,ניילון נצמד 60 מטר במתקן,חי פלסטיק תעשיות,IL,ניילו נצמד במתקן,מטרים,60.00,מטר,false,1,18.70,0.31,true,1,
7290015596244,false,"אלכוג'ל טבעי 100 מ""ל",פישר מעבדות פרמצבטיות,IL,אלכוג'ל,יחידה,1.00,יחידה,false,0,10.00,10.00,true,1,
7290015597036,false,מאגדת מיני מגנום טירמיסו,שטראוס,IL,מאגדת מיני מגנום,גרמים,285.00,100 גרם,false,0,27.90,9.79,true,1,
7290015626484,false,חמוציות מיובשות חתוכות,ששון מלוינסקי,IL,חמוציות מיובשות,גרמים,400.00,100 גרם,false,1,16.90,4.23,true,1,
7290015652070,false,קשיו קלוי 150גרם,דין שיווק,IL,קשיו קלוי 150גרם,גרמים,150.00,100 גרם,false,1,12.90,8.60,true,1,
7290015652087,false,תערובת פיצוחים קלויים150,דין שיווק,IL,תערובת פיצוחים,גרמים,150.00,100 גרם,false,1,12.90,8.60,true,1,
7290015804394,false,רסק עגבניות טל 260 גרם,מילוז,IL,רסק עגבניות טל,גרמים,260.00,100 גרם,false,1,3.40,1.31,true,1,
7290016087000,false,זית ירוק נטולי גלעין560ג,פרי ניר,IL,זיתים ירוקים,גרמים,560.00,100 גרם,false,1,7.90,1.41,true,1,
7290016087055,false,רסק עגבניות 22% 100 גרם,פרי ניר,IL,רסק עגבניות,גרמים,100.00,100 גרם,false,1,1.90,1.90,true,1,
7290016087062,false,רסק עגבניות 22% 260 גרם,פרי ניר,IL,רסק עגבניות,גרמים,260.00,100 גרם,false,1,3.40,1.31,true,1,
7290016114041,false,ניקול המגבת הבריאה 2 גלי,חוגלה קימברלי,IL,המגבת הבריאה,מטרים,34.00,מטר,false,1,12.90,0.38,true,1,
7290016188004,false,"סוביניון בלאן P.C 750מ""ל",יקבי כרמל,IL,סוביניון בלאן,מיליליטרים,750.00,"100 מ""ל",false,1,29.60,3.95,true,1,
7290100240144,false,בדין תרסיס מייבש ורוד500,זוהר דליה,IL,תרסיס למייבש,מיליליטרים,500.00,"100 מ""ל",false,0,18.30,3.66,true,1,
7290100243084,false,מיונז אמיתי הלמנס 789גרם,יוניליוור,US,מיונז הלמנס,גרמים,789.00,100 גרם,false,0,19.30,2.45,true,1,
7290100243671,false,"בדין אקסטרה כחול 960 מ""ל",יוניליוור,TR,מרכך כביסה בדין,מיליליטרים,960.00,"100 מ""ל",false,0,18.90,1.97,true,1,
7290100243688,false,"בדין אקסטרה ורוד 960 מ""ל",יוניליוור,TR,מרכך כביסה בדין,מיליליטרים,960.00,"100 מ""ל",false,0,18.90,1.97,true,1,
7290100244609,false,רוטב לסלט אלף האיים290מל,יוניליוור,IL,רוטב אלף האיים,מיליליטרים,290.00,"100 מ""ל",false,0,9.90,3.41,true,1,
7290100245231,false,נמס בכוס ט.עוף ש.מרק50גר,יוניליוור,IL,נמס בכוס ט.עוף,גרמים,50.00,100 גרם,false,0,6.90,13.80,true,1,
7290100247051,false,תח.רחצה פינוק קלאסי 700מ,יוניליוור,IL,תחליב רחצה פינוק,מיליליטרים,700.00,"100 מ""ל",false,0,10.00,1.43,true,1,
7290100247068,false,תחליב פינוק לבנד.וניל700,יוניליוור,IL,תחליב רחצה פינוק,מיליליטרים,700.00,"100 מ""ל",false,0,10.00,1.43,true,1,
7290100247075,false,תח.רחצה פינוק רוח ים700מ,יוניליוור,IL,תחליב רחצה פינוק,מיליליטרים,700.00,"100 מ""ל",false,0,10.00,1.43,true,1,
7290100247105,false,תחליב רח.פינוק קוקוס700מ,יוניליוור,IL,תחליב רחצה פינוק,מיליליטרים,700.00,"100 מ""ל",false,0,10.00,1.43,true,1,
7290100247822,false,נמס בכוס פטריות אקסטרה32,יוניליוור,IL,נמס בכוס פטריות,גרמים,32.00,100 גרם,false,0,4.30,13.44,true,1,
7290100247839,false,נמס בכוס ירקות אקסטרה35ג,יוניליוור,IL,נמס בכוס ירקות,גרמים,35.00,100 גרם,false,0,4.30,12.29,true,1,
7290100249352,false,מרק טעם עוף 400 גרם,יוניליוור,IL,מרק טעם עוף,גרמים,400.00,100 גרם,false,0,15.30,3.83,true,1,
7290100249390,false,מרק טעם עוף ר.טבעיים400ג,יוניליוור,IL,מרק טעם עוף,גרמים,400.00,100 גרם,false,0,18.70,4.68,true,1,
7290100249581,false,רוטב לעוף שזיפים 320 גרם,יוניליוור,IL,רוטב עוף שזיפים,גרמים,320.00,100 גרם,false,0,10.90,3.41,true,1,
7290100249628,false,רוטב עוף ברביקיו סויה310,יוניליוור,IL,רוטב ברביקיו,גרמים,310.00,100 גרם,false,0,10.90,3.52,true,1,
7290100249932,false,"דליפקאן בד""ץ 400 גרם",יוניליוור,IL,דליפקאן,גרמים,400.00,100 גרם,false,0,17.90,4.48,true,1,
7290100411292,false,מחית תפוח וגזר 100 גרם,נאופארם,IL,מחית תפוח וגזר,גרמים,100.00,100 גרם,false,1,4.90,4.90,true,1,
7290100411711,false,ליסטרין טוטל קר וייט750מ,ג'ונסון,IL,מי פה ליסטרין,מיליליטרים,750.00,"100 מ""ל",false,1,54.90,7.32,true,1,
7290100613603,false,גרעין אבטיח קלוי 200גרם,א.ע.ש. קליית ציון,IL,גרעין אבטיח קלוי,גרמים,200.00,100 גרם,false,0,18.70,9.35,true,1,
7290100653586,false,ליידי ס.סטיק24/7ג'ל ורוד,קולגייט-פלמוליב,US,דאודורנט,גרמים,65.00,100 גרם,false,0,24.90,38.31,true,1,
7290100653593,false,ליידי ס.סטיק24/7ג'ל ירוק,קולגייט-פלמוליב,US,דאודורנט,גרמים,65.00,100 גרם,false,0,24.90,38.31,true,1,
7290100659090,false,חטיף FREE תמר+קינמון 5יח,טבעית,IL,חטיף FREE תמרים,גרמים,100.00,100 גרם,false,0,18.00,18.00,true,1,
7290100680155,false,"אלף האיים לייט2% 600מ""ל",אסם,IL,רוטב אלף האיים,מיליליטרים,600.00,"100 מ""ל",false,0,15.90,2.65,true,1,
7290100680667,false,מנה חמה נודלס סצ'ואן76גר,טאי רזידנט,TH,מנה חמה נודלס,גרמים,76.00,100 גרם,false,0,6.90,9.08,true,1,
7290100680711,false,פירורית זהב 350 גרם,עינת,IL,פירורית זהב אסם,גרמים,350.00,100 גרם,false,0,8.40,2.40,true,1,
7290100680728,false,פירורית רגילה 350 גרם,אסם,IL,פירורית אסם,גרמים,350.00,100 גרם,false,0,7.60,2.17,true,1,
7290100680889,false,קרם קרקר חיטה מלאה 300גר,אסם,IL,קרקר חיטה מלאה,גרמים,300.00,100 גרם,false,0,9.90,3.30,true,1,
7290100681138,false,אפרופו 50*3 גרם,אסם,IL,אפרופו 3יח במארז,גרמים,150.00,100 גרם,false,0,12.60,8.40,true,1,
7290100683200,false,"רוטב ברביקיו 290 מ""ל",אסם,IL,רוטב ברביקיו,מיליליטרים,290.00,"100 מ""ל",false,0,9.90,3.41,true,1,
7290100683880,false,פירה 260 גרם,אסם,IL,פירה אסם,גרמים,260.00,100 גרם,false,0,13.90,5.35,true,1,
7290100685136,false,"מרק טעם עוף פרווה 1 ק""ג",אסם,IL,"מרק טעם עוף פרווה 1 ק""ג",קילוגרמים,1.00,"ק""ג",false,0,15.70,15.70,true,1,
7290100685334,false,מרק עוף רכיבים טבעיים400,אסם,IL,מרק עוף רכיבים טבעיים400,גרמים,400.00,100 גרם,false,0,21.70,5.43,true,1,
7290100685341,false,מרק ט.עוף רכ' טבעיים400ג,אסם,IL,מרק ט.עוף רכ' טבעיים400ג,גרמים,400.00,100 גרם,false,0,15.80,3.95,true,1,
7290100686164,false,ביסלי ברביקיו 35*6 גרם,אסם,IL,ביסלי מארז 6 יח,גרמים,210.00,100 גרם,false,0,12.00,5.71,true,1,
7290100686171,false,ביסלי גריל 6 * 35 גרם,אסם,IL,ביסלי מארז 6 יח,גרמים,210.00,100 גרם,false,0,12.00,5.71,true,1,
7290100687109,false,במבה נוגט 60 גרם,אסם,IL,במבה נוגט,גרמים,60.00,100 גרם,false,0,5.10,8.50,true,1,
7290100689035,false,פייבר וואן 460 גרם,ג'נרל מילס,US,פייבר וואן,גרמים,460.00,100 גרם,false,0,20.90,4.54,true,1,
7290100689301,false,מרק בטעם עוף זך 400גר,אסם,IL,מרק בטעם עוף זך,גרמים,400.00,100 גרם,false,0,13.60,3.40,true,1,
7290100700075,false,פירורי לחם מוזהבים200ג,סוגת,IL,פירורי לחם מוזהב,גרמים,200.00,100 גרם,false,0,4.00,2.00,true,1,
7290100700242,false,"אורז מלא עגול סוגת 1 ק""ג",סוגת,IL,אורז מלא עגול,קילוגרמים,1.00,"ק""ג",false,0,8.80,8.80,true,1,
7290100700273,false,קינואה סוגת 500 גרם,סוגת,IL,קינואה סוגת,גרמים,500.00,100 גרם,false,0,18.90,3.78,true,1,
7290100700327,false,"גריסי פנינה 1 ק""ג",סוגת,IL,"גריסי פנינה 1ק""ג",קילוגרמים,1.00,"ק""ג",false,0,7.90,7.90,true,1,
7290100700365,false,"שעועית אדומה 1 ק""ג",סוגת,IL,שעועית אדומה 1קג,קילוגרמים,1.00,"ק""ג",false,0,21.60,21.60,true,1,
7290100700372,false,"אורז בסמטי מלא 1 ק""ג",סוגת,IL,אורז בסמטי מלא,קילוגרמים,1.00,"ק""ג",false,0,16.80,16.80,true,1,
7290100700389,false,"אורז אדום סוגת 1 ק""ג",סוגת,IL,אורז אדום סוגת,קילוגרמים,1.00,"ק""ג",false,0,12.80,12.80,true,1,
7290100700396,false,"אורז יסמין קלאסי 1 ק""ג",סוגת,IL,אורז יסמין סוגת,קילוגרמים,1.00,"ק""ג",false,0,11.90,11.90,true,1,
7290100700402,false,"חומוס ענק 1 ק""ג",סוגת,IL,חומוס ענק,קילוגרמים,1.00,"ק""ג",false,0,14.80,14.80,true,1,
7290100700419,false,"בורגול 1 ק""ג",סוגת,IL,"בורגול 1 ק""ג",קילוגרמים,1.00,"ק""ג",false,0,7.40,7.40,true,1,
7290100700587,false,בורגול 500 גרם,סוגת,IL,בורגול 500 גרם,גרמים,500.00,100 גרם,false,0,5.90,1.18,true,1,
7290100701324,false,"סוכר דק דק 1 ק""ג",סוגת,IL,סוכר דק דק,קילוגרמים,1.00,"ק""ג",false,0,6.50,6.50,true,1,
7290100701331,false,"קמח רב תכליתי 1 ק""ג",סוגת,IL,קמח רב תכליתי,קילוגרמים,1.00,"ק""ג",false,0,7.80,7.80,true,1,
7290100701454,false,גרישה 500 גרם,סוגת,IL,גרישה 500 גרם,גרמים,500.00,100 גרם,false,0,4.90,0.98,true,1,
7290100702277,false,קוסקוס עבה 350 גרם,סוגת,IL,קוסקוס עבה 350 ג,גרמים,350.00,100 גרם,false,0,4.90,1.40,true,1,
7290100702383,false,"קמח תופח 1 ק""ג",שטיבל,IL,"קמח תופח 1 ק""ג",קילוגרמים,1.00,"ק""ג",false,0,7.80,7.80,true,1,
7290100702611,false,פתיתים אפויים אורז500גרם,אסיף תעשיות מזון,IL,פתיתים סוגת,גרמים,500.00,100 גרם,false,0,4.90,0.98,true,1,
7290100702628,false,פתיתים אפויים קוסקוס500ג,אסיף תעשיות מזון,IL,פתיתים סוגת,גרמים,500.00,100 גרם,false,0,4.90,0.98,true,1,
7290100702659,false,פתיתים מקמח מלא400ג,אסיף תעשיות מזון,IL,פתיתים אפויים,גרמים,400.00,100 גרם,false,1,5.10,1.28,true,1,
7290100702871,false,בצק סוכר לבן 150 גרם,"גילרו בע""מ",IL,בצק סוכר לבן,גרמים,150.00,100 גרם,false,1,4.90,3.27,true,1,
7290100702901,false,בצק סוכר צהוב 150 גרם,"גילרו בע""מ",IL,בצק סוכר צהוב,גרמים,150.00,100 גרם,false,1,4.90,3.27,true,1,
7290100702918,false,בצק סוכר תות 150 גרם,"גילרו בע""מ",IL,בצק סוכר תות,גרמים,150.00,100 גרם,false,1,4.90,3.27,true,1,
7290100702925,false,בצק סוכר תפוז 150 גרם,"גילרו בע""מ",IL,בצק סוכר תפוז,גרמים,150.00,100 גרם,false,1,4.90,3.27,true,1,
7290100703144,false,חמם והגש אורז לבן 280גרם,ניר עציון,IL,חמם והגש אורז,גרמים,280.00,100 גרם,false,1,10.90,3.89,true,1,
7290100829646,false,מסיר לק,,CA,מסיר לק,מיליליטרים,295.00,"100 מ""ל",false,0,9.80,3.32,true,1,
7290100850008,false,שוקולד חלב+סוכ.קופצות85ג,עלית,IL,שוקולד וסוכריות,גרמים,85.00,100 גרם,false,0,5.50,6.47,true,1,
7290100850343,false,מיני מקופלת 200 גרם,עלית,IL,מיני מקופלת,גרמים,200.00,100 גרם,false,0,15.90,7.95,true,1,
7290100850411,false,מיקס חטיפים 190 גרם,עלית,IL,מיקס חטיפים,גרמים,190.00,100 גרם,false,0,11.90,6.26,true,1,
7290100850459,false,מיקס חטיפים 390 גרם,עלית,IL,מיקס חטיפים,גרמים,390.00,100 גרם,false,0,21.90,5.62,true,1,
7290100850909,false,דוריטוס נאצ'ו מקסיקני70ג,עלית,IL,דוריטוס נאצ'ו,גרמים,70.00,100 גרם,false,0,3.60,5.14,true,1,
7290100850916,false,דוריטוס חמוץ חריף 70 גרם,עלית,IL,דוריטוס חמוץ ח,גרמים,70.00,100 גרם,false,0,3.60,5.14,true,1,
7290100850923,false,דוריטוס גריל 70 גרם,עלית,IL,דוריטוס גריל,גרמים,70.00,100 גרם,false,0,3.60,5.14,true,1,
7290100850930,false,דוריטוס דיפ טבעי 70 גרם,עלית,IL,חטיף דוריטוס דיפ,גרמים,70.00,100 גרם,false,0,3.60,5.14,true,1,
7290100852408,false,בראוניס שוקולד קוקוס380ג,עלית,IL,בראוניס,גרמים,380.00,100 גרם,false,0,16.00,4.21,true,1,
7290100852606,false,קפה טורקי 100*4 גרם,עלית,IL,קפה טורקי 4 יח,גרמים,400.00,100 גרם,false,0,29.90,7.48,true,1,
7290100854266,false,שוקולד מריר 60%קקאו100ג,עלית,IL,שוקולד מריר,גרמים,100.00,100 גרם,false,0,7.40,7.40,true,1,
7290100856253,false,ממרח שוק.ל.תוס.סוכר300ג,עלית,IL,ממרח שוקולד פרה,גרמים,300.00,100 גרם,false,0,15.90,5.30,true,1,
7290100858219,false,טבלת פסק זמן טראפלס110גר,עלית,IL,טבלת פסק זמן,גרמים,110.00,100 גרם,false,0,8.10,7.36,true,1,
7290100858226,false,טבלת פסק זמן קלאסי110גרם,עלית,IL,טבלת פסק זמן,גרמים,110.00,100 גרם,false,0,8.10,7.36,true,1,
7290100858592,false,קקאו עלית 150 גרם,עלית,IL,קקאו עלית,גרמים,150.00,100 גרם,false,0,9.30,6.20,true,1,
7290100858653,false,מיקס חטיפים סגול 390 גרם,עלית,IL,מיקס חטיפים,גרמים,390.00,100 גרם,false,0,21.90,5.62,true,1,
7290100859209,false,מסטיק מאסט עלמה אוכמני28,עלית,IL,מסטיק מאסט,גרמים,28.00,100 גרם,false,0,4.30,15.36,true,1,
7290100921401,false,שמפו הוואי קרטין מחזק700,טרופיקל דגיל,IL,שמפו הוואי,מיליליטרים,700.00,"100 מ""ל",false,0,9.90,1.41,true,1,
7290100921418,false,מרכך הוואי קרטין מחזק700,טרופיקל דגיל,IL,מרכך הוואי,מיליליטרים,700.00,"100 מ""ל",false,0,9.90,1.41,true,1,
7290100921593,false,כדוריות לאסלה לימון50ג,הנקל סוד,HU,סבון אסלה,גרמים,50.00,100 גרם,false,0,9.80,19.60,true,1,
7290100921609,false,כדוריות אסלה אוקינוס50ג,הנקל סוד,IL,סבון אסלה,גרמים,50.00,100 גרם,false,0,9.80,19.60,true,1,
7290100921623,false,כדוריות לאסלה אקונומיקה,הנקל סוד,IL,סבון אסלה,גרמים,50.00,100 גרם,false,0,9.80,19.60,true,1,
7290100921722,false,הוואי סבון מגנוליה100*4ג,טרופיקל דגיל,IL,סבון הוואי 4 יח,גרמים,400.00,100 גרם,false,0,14.80,3.70,true,1,
7290100922354,false,הוואי סבון מלון 100*4ג,טרופיקל דגיל,IL,סבון הוואי 4 יח,גרמים,400.00,100 גרם,false,0,14.80,3.70,true,1,
7290100922392,false,מרכך הוואי נקטר מזין 700,טרופיקל דגיל,IL,מרכך הוואי,מיליליטרים,700.00,"100 מ""ל",false,0,9.90,1.41,true,1,
7290100923122,false,תח.רחצה הוואי יוגורט 750,טרופיקל דגיל,IL,תחליב רחצה הוואי,מיליליטרים,750.00,"100 מ""ל",false,0,10.90,1.45,true,1,
7290100923153,false,תחליב רחצה הוואי קאקא750,טרופיקל דגיל,IL,תחליב רחצה הוואי קאקא750,מיליליטרים,750.00,"100 מ""ל",false,0,10.90,1.45,true,1,
7290100923177,false,ג'ל רחצה הוואי סחלבים750,טרופיקל דגיל,IL,ג'ל רחצה הוואי סחלבים750,מיליליטרים,750.00,"100 מ""ל",false,0,10.90,1.45,true,1,
7290100924204,false,אבקת כביסה פרסיל,,IL,אבקת כביסה פרסיל,קילוגרמים,8.00,"ק""ג",false,0,49.90,6.24,true,1,
7290100924563,false,ג'ל לאסלה הסרת כתמים700,הנקל סוד,SI,סוד ג'ל לאסלה,מיליליטרים,700.00,"100 מ""ל",false,1,10.90,1.56,true,1,
7290100924617,false,סוד מרכך מרוכז סגול900מ,הנקל סוד,IL,סוד מרכך סגול,מיליליטרים,900.00,"100 מ""ל",false,1,12.90,1.43,true,1,
7290100924709,false,סבון לאסלה כחול אקליפטוס,הנקל סוד,HU,סבון לאסלה כחול אקליפטוס,גרמים,50.00,100 גרם,false,1,9.80,19.60,true,1,
7290100924815,false,סוד נוזל כלים קלאסי 650מ,קליר כימיקלים,IL,נוזל כלים קלאסי,מיליליטרים,650.00,"100 מ""ל",false,1,5.90,0.91,true,1,
7290100924822,false,סוד נוזל כלים לימון650מ,הנקל סוד,IL,נוזל כלים לימון,מיליליטרים,650.00,"100 מ""ל",false,1,5.90,0.91,true,1,
7290100925478,false,פרסיל ג'ל כביסה 5 ליטר,הנקל סוד,IL,פרסיל ג'ל כביסה,ליטרים,5.00,ליטר,false,0,54.90,10.98,true,1,
7290100925485,false,ג'ל כביסה פרסיל בייבי3ל',הנקל סוד,IL,ג'ל כביסה פרסיל בייבי3ל',ליטרים,3.00,ליטר,false,0,41.90,13.97,true,1,
7290100926277,false,פרסיל ג'ל,,IL,פרסיל ג'ל,ליטרים,5.00,ליטר,false,0,54.90,10.98,true,1,
7290100928646,false,סוד נוזל לרצפות,,IL,סוד נוזל לרצפות,ליטרים,2.00,ליטר,false,0,15.00,7.50,true,1,
7290100928820,false,שמפו הוואי לברק קורן 700,טרופיקל דגיל,IL,שמפו הוואי,מיליליטרים,700.00,"100 מ""ל",false,0,9.90,1.41,true,1,
7290100928837,false,מרכך הוואי לברק קורן 700,טרופיקל דגיל,IL,מרכך הוואי,מיליליטרים,700.00,"100 מ""ל",false,0,9.90,1.41,true,1,
7290100929681,false,ג'ל רח.הוואי גבר כתום750,טרופיקל דגיל,IL,ג'ל רחצה הוואי,מיליליטרים,750.00,"100 מ""ל",false,0,10.90,1.45,true,1,
7290100929728,false,מרכך מרוכז ארומה,,IL,מרכך מרוכז ארומה,מיליליטרים,900.00,"100 מ""ל",false,0,14.80,1.64,true,1,
7290101110880,false,מאגדת איילנד 8+2,גלידות פלדמן,IL,מאגדת איילנד,גרמים,800.00,100 גרם,false,0,24.70,3.09,true,1,
7290101111399,false,מאגדת יוגורט רימונים 6יח,גלידות פלדמן,IL,מאגדת יוגורט,יחידה,1.00,יחידה,false,0,26.30,26.30,true,1,
7290101112433,false,מאגדת מיקס חטיפים6יח',פלקו,IL,מאגדת מיקס,יחידה,1.00,יחידה,false,6,18.70,18.70,true,1,
7290101482208,false,משקה אורז טבעי 1ליטר,היין,BE,משקה אורז,ליטרים,1.00,ליטר,false,0,15.90,15.90,true,1,
7290101487470,false,לייד ס.סטיק אלוורה כחול,קולגייט-פלמוליב,US,דאודורנט סטיק,גרמים,45.00,100 גרם,false,0,19.90,44.22,true,1,
7290101488248,false,ליידי ס.סטיק רולאון ורוד,קולגייט-פלמוליב,MX,ליידי ספיד סטיק,מיליליטרים,50.00,"100 מ""ל",false,0,15.00,30.00,true,1,
7290101488293,false,ליידי ס.סטיק 24/7ירוק150,קולגייט-פלמוליב,MX,ליידי ספיד סטיק,מיליליטרים,150.00,"100 מ""ל",false,0,15.00,10.00,true,1,
7290101488316,false,ליידי ספיד סטיק ורוד 65ג,קולגייט-פלמוליב,US,ליידי ספיד סטיק,גרמים,65.00,100 גרם,false,0,19.90,30.62,true,1,
7290101488323,false,ליידי ספיד סטיק סגול 65ג,קולגייט-פלמוליב,US,ליידי ספיד סטיק,גרמים,65.00,100 גרם,false,0,19.90,30.62,true,1,
7290101489306,false,משקה שיבולת שועל 1 ליטר,היין,IL,משקה שיבולת שועל,ליטרים,1.00,ליטר,false,0,15.90,15.90,true,1,
7290101864127,false,וניש קליה ספריי 750מל,רקיט בנקיזר,PL,וניש קליה ספריי,מיליליטרים,750.00,"100 מ""ל",false,0,14.90,1.99,true,1,
7290101865261,false,"פיניש נוזל הברקה 800 מ""ל",רקיט בנקיזר,PL,פיניש נוזל הברקה,מיליליטרים,800.00,"100 מ""ל",false,0,20.00,2.50,true,1,
7290101866176,false,קולון101 ג'ל כביסה3ליטר,רקיט בנקיזר,,קולון ג'ל,ליטרים,3.00,ליטר,false,0,24.90,8.30,true,1,
7290101866633,false,קליה ג'ל מסיר כתמים 3ל,רקיט בנקיזר,,וניש קליה ג'ל,ליטרים,3.00,ליטר,false,0,24.90,8.30,true,1,
7290101866787,false,וניש קליה מסיר כתמים 3ל,רקיט בנקיזר,IL,וניש לכביסה לבנה,ליטרים,3.00,ליטר,false,0,24.90,8.30,true,1,
7290101867135,false,קולון 101 ג'ל כביסה 5ל,רקיט בנקיזר,IL,ג'ל כביסה קולון,ליטרים,5.00,ליטר,false,0,38.60,7.72,true,1,
7290101868460,false,אבקת כביסה קולון 101 8קג,רקיט בנקיזר,IL,"קולון 101 8 ק""ג",קילוגרמים,8.00,"ק""ג",false,0,49.40,6.18,true,1,
7290101868514,false,אבקת כביסה קולון 101 3קג,רקיט בנקיזר,IL,אבקת כביסה קולון,קילוגרמים,3.00,"ק""ג",false,0,28.70,9.57,true,1,
7290101868958,false,פיניש נוזל הברקה 800מל,רקיט בנקיזר,PL,פיניש נוזל הברקה,מיליליטרים,800.00,"100 מ""ל",false,0,20.00,2.50,true,1,
7290101868972,false,פיניש AIO הכל ב1 24 טבלי,רקיט בנקיזר,PL,פיניש טבליות,יחידה,1.00,יחידה,false,1,24.90,24.90,true,1,
7290101869511,false,קולון ג'ל 101לבנדר 3ל,רקיט בנקיזר,IL,קולון ג'ל לבנדר,ליטרים,3.00,ליטר,false,0,24.90,8.30,true,1,
7290101869825,false,איירוויק מילוי אואזיס19מ,רקיט בנקיזר,PL,אירוויק מילוי,מיליליטרים,19.00,"100 מ""ל",false,1,15.00,78.95,true,1,
7290101869832,false,איירוויק מילוי ליל קיץ,רקיט בנקיזר,PL,אירוויק מילוי,מיליליטרים,19.00,"100 מ""ל",false,1,15.00,78.95,true,1,
7290101869849,false,איירוויק מילוי חטא מתוק,רקיט בנקיזר,PL,אירוויק מילוי,מיליליטרים,19.00,"100 מ""ל",false,1,15.00,78.95,true,1,
7290101869962,false,מקלות ריחניים חלום ל.קיץ,רקיט בנקיזר,PL,מקלות ריחניים,יחידה,1.00,יחידה,false,1,14.90,14.90,true,1,
7290101990451,false,סוכריות קופצות,,CN,סוכריות קופצות,גרמים,73.00,100 גרם,false,0,9.80,13.42,true,1,
7290102030330,false,תפוצ'יפס מקסיקני 200 גרם,עלית,IL,תפוצ'יפס,גרמים,200.00,100 גרם,false,0,10.00,5.00,true,1,
7290102031276,false,"אקטימל תות בננה 100*8מ""ל",שטראוס,IL,אקטימל 8 יח,מיליליטרים,800.00,"100 מ""ל",false,0,20.90,2.61,true,1,
7290102035007,false,מסטיק מאסט בטעם בזוקה28ג,עלית,IL,מסטיק מאסט,גרמים,28.00,100 גרם,false,0,4.30,15.36,true,1,
7290102060764,false,2 מברשות שיניים מרידול,גאבה,CH,2 מברשות שיניים,יחידה,1.00,יחידה,false,0,20.00,20.00,true,1,
7290102060955,false,משחה מרידול משפחתי 100מל,קולגייט-פלמוליב,DE,משחת שיניים,מיליליטרים,100.00,"100 מ""ל",false,0,19.20,19.20,true,1,
7290102060979,false,"משחה שיניים אלמקס 100מ""ל",קולגייט-פלמוליב,DE,משחת שיניים,מיליליטרים,100.00,"100 מ""ל",false,0,15.90,15.90,true,1,
7290102064380,false,מי פה מרידול הליטוזיס400,גאבה,DE,מי פה מרידול הליטוזיס400,מיליליטרים,400.00,"100 מ""ל",false,0,25.00,6.25,true,1,
7290102064403,false,משחת מרידול הליטוזיס 75מ,קולגייט-פלמוליב,DE,משחת מרידול,מיליליטרים,75.00,"100 מ""ל",false,0,15.00,20.00,true,1,
7290102390427,false,"יוגורט תות מולר 150 מ""ל",טרה,IL,יוגורט מולר תות,מיליליטרים,150.00,"100 מ""ל",false,0,5.00,3.33,true,1,
7290102390489,false,"יוגורט לימון מולר 150מ""ל",טרה,IL,יוגורט לימון,מיליליטרים,150.00,"100 מ""ל",false,0,5.00,3.33,true,1,
7290102392049,false,תבור גבינה לאפיה5% 500ג,משק צוריאל תבור,IL,תבור גבינה לאפיה,גרמים,500.00,100 גרם,false,0,24.00,4.80,true,1,
7290102392094,false,חלב עיזים קרטון4.1% 1ל',משק צוריאל תבור,IL,חלב עיזים קרטון,ליטרים,1.00,ליטר,false,0,14.90,14.90,true,1,
7290102392254,false,חלב 1% בקרטון 2 ליטר,טרה,IL,חלב 1% בקרטון,ליטרים,2.00,ליטר,false,0,10.80,5.40,true,1,
7290102392711,false,יוגורט לבן ביו 1.7% 200ג,טרה,IL,יוגורט ביאנקו,גרמים,200.00,100 גרם,false,0,4.00,2.00,true,1,
7290102392728,false,יוגורט לבן ביו 2.8% 200ג,טרה,IL,יוגורט לבן ביו,גרמים,200.00,100 גרם,false,0,4.00,2.00,true,1,
7290102393060,false,יוג.מולר מיקס גליליות150,טרה,IL,יוגורט מולר מיקס,גרמים,150.00,100 גרם,false,0,5.80,3.87,true,1,
7290102393169,false,יוג.תות+חתיכות פרי3% 150,טרה,IL,יוגורט מולר תות,גרמים,150.00,100 גרם,false,0,4.90,3.27,true,1,
7290102393176,false,יוגורט+חתיכ.אפרסק3% 150ג,טרה,IL,יוגורט אפרסק,גרמים,150.00,100 גרם,false,0,4.90,3.27,true,1,
7290102393190,false,יוג.פירות יער+פרי3% 150ג,טרה,IL,יוגורט מולר,גרמים,150.00,100 גרם,false,0,4.90,3.27,true,1,
7290102393299,false,יוגורט עיזים לשתייה500גר,משק צוריאל תבור,IL,יוגורט עיזים,גרמים,500.00,100 גרם,false,0,9.90,1.98,true,1,
7290102394081,false,מולר מיקס קורנפ.מצופה180,טרה,IL,יוגורט מולר מיקס,גרמים,180.00,100 גרם,false,0,5.80,3.22,true,1,
7290102394258,false,מה עז 9% שומן 180 גרם,משק צוריאל תבור,IL,מה עז9%שומן,גרמים,180.00,100 גרם,false,0,23.30,12.94,true,1,
7290102394463,false,ג.צהובה נעם ואקום28% 500,טרה,IL,גבינה צהובה 28%,גרמים,500.00,100 גרם,false,0,26.70,5.34,true,1,
7290102394821,false,ג.צהובה נעם דק דק28% 200,טרה,IL,גבינה צהובה דק,גרמים,200.00,100 גרם,false,0,15.30,7.65,true,1,
7290102394845,false,גב.צהובה נעם דק דק9% 200,טרה,IL,גבינה צהובה דק9%,גרמים,200.00,100 גרם,false,0,14.80,7.40,true,1,
7290102395217,false,יוג.מולר2%מעודן150*8ג',טרה,IL,יוגורט מולר 8י,קילוגרמים,1.20,"ק""ג",false,0,17.90,14.92,true,1,
7290102395224,false,יוג.מולר נטורל1.7% 150*8,טרה,IL,יוגורט ביאנקו 8י,קילוגרמים,1.20,"ק""ג",false,0,17.90,14.92,true,1,
7290102395231,false,יוג.מולר נטורל2.8% 150*8,טרה,IL,יוגורט ביאנקו 8י,קילוגרמים,1.20,"ק""ג",false,0,17.90,14.92,true,1,
7290102395378,false,גבינה צהובה28%ואקום 360ג,טרה,IL,גבינה צהובה 28%,גרמים,360.00,100 גרם,false,0,19.40,5.39,true,1,
7290102395460,false,מו שוקולד אגוזים+קצפת123,טרה,IL,מו שוקולד אגוזים,גרמים,123.00,100 גרם,false,0,2.80,2.28,true,1,
7290102395477,false,מו שוקולד וקצפת 123 גרם,טרה,IL,מו שוקולד וקצפת,גרמים,123.00,100 גרם,false,0,2.80,2.28,true,1,
7290102395774,false,צפתית מעודנת5% 200 גרם,משק צוריאל תבור,IL,צפתית מעודנת 5%,גרמים,200.00,100 גרם,false,0,11.40,5.70,true,1,
7290102396047,false,יוג.סימפלי אננס1.5% 150ג,טרה,IL,יוגורט אננס 1.5%,גרמים,150.00,100 גרם,false,0,4.90,3.27,true,1,
7290102396245,false,יוגורט נטורל+פ.יער 150ג,טרה,IL,יוגורט נטורל,גרמים,150.00,100 גרם,false,1,3.90,2.60,true,1,
7290102396269,false,יוג.נטורל3% בננה תמר150ג,טרה,IL,יוגורט נטורל,גרמים,150.00,100 גרם,false,1,3.90,2.60,true,1,
7290102396436,false,מעדן שוקולד מוו1.5% 125ג,טרה,IL,מעדן שוקולד,גרמים,125.00,100 גרם,false,0,2.80,2.24,true,1,
7290102396443,false,מעדן וניל מוו1.5% 125גרם,טרה,IL,מעדן וניל,גרמים,125.00,100 גרם,false,0,2.80,2.24,true,1,
7290102396481,false,יוג.אפרסק/פסיפלו/אננס150,טרה,IL,יוגורט פרופ פרי,גרמים,150.00,100 גרם,false,0,5.00,3.33,true,1,
7290102396580,false,מעדן מו שוק+.מוס שוק123ג,טרה,IL,מעדן מו שוקולד,גרמים,123.00,100 גרם,false,0,2.80,2.28,true,1,
7290102396597,false,מעדן מו וניל+מוס שוק123ג,טרה,IL,מעדן מו וניל,גרמים,123.00,100 גרם,false,0,2.80,2.28,true,1,
7290102396665,false,גב.צהובה נעם דק 15% 200ג,טרה,IL,גבינה צהובה נעם,גרמים,200.00,100 גרם,false,1,15.40,7.70,true,1,
7290102396696,false,מולר מיקס עוגיות 170 גרם,מולר,IL,מולר מיקס עוגיות,גרמים,170.00,100 גרם,false,1,5.80,3.41,true,1,
7290102396719,false,יוגורט0% סימפלי תות 150ג,טרה,IL,יוגורט תות,גרמים,150.00,100 גרם,false,0,4.90,3.27,true,1,
7290102396726,false,יוגורט0%סימפלי אפרסק150ג,טרה,IL,יוגורט אפרסק,גרמים,150.00,100 גרם,false,0,4.90,3.27,true,1,
7290102396733,false,יוגורט0%סימפלי פ.יער150ג,טרה,IL,יוגורט פירות יער,גרמים,150.00,100 גרם,false,0,4.90,3.27,true,1,
7290102396757,false,שוקו מוו קרטון 1 ליטר,טרה,IL,שוקו מוו בקרטון,ליטרים,1.00,ליטר,false,0,9.90,9.90,true,1,
7290102396948,false,חלב בקרטון 3% 1 ליטר,טרה,IL,חלב בקרטון 3% 1 ליטר,ליטרים,1.00,ליטר,false,1,5.75,5.75,true,1,
7290102396955,false,חלב 3% בקרטון 2 ליטר,טרה,IL,חלב 3% בקרטון 2 ליטר,ליטרים,2.00,ליטר,false,1,10.90,5.45,true,1,
7290102396962,false,חלב מפוסטר 3%שקית1ליטר,טרה,IL,חלב טרה בשקית,ליטרים,1.00,ליטר,false,1,4.80,4.80,true,1,
7290102397150,false,משקה יוגsip.אפרסק/פספ250,טרה,IL,משקה יוגורט מולר,מיליליטרים,250.00,"100 מ""ל",false,1,5.10,2.04,true,1,
7290102397167,false,משקה יוגsip. תות בננה250,טרה,IL,משקה יוגורט מולר,מיליליטרים,250.00,"100 מ""ל",false,1,5.10,2.04,true,1,
7290102397174,false,משקה יוגsip. תפוז גזר250,טרה,IL,משקה יוגורט מולר,מיליליטרים,250.00,"100 מ""ל",false,1,5.10,2.04,true,1,
7290102397204,false,גב.צהובה נעם דק 22% 200ג,טרה,IL,גבינה צהובה נעם,גרמים,200.00,100 גרם,false,1,15.30,7.65,true,1,
7290103129637,false,בלונס פדים אובליים 40 יח,ספטונה,IL,בלונס פרים,יחידה,1.00,יחידה,false,0,5.90,5.90,true,1,
7290103401382,false,קפה נמס פרא אפריקאי200גר,עלית,IL,קפה פרא אפריקאי,גרמים,200.00,100 גרם,false,0,24.90,12.45,true,1,
7290103401429,false,קפה נמס קצב ברזילאי200גר,עלית,IL,קפה נמס ברזילאי,גרמים,200.00,100 גרם,false,0,24.90,12.45,true,1,
7290103401627,false,דנונה אננס3% 150 גרם,שטראוס,IL,דנונה אננס 3%,גרמים,150.00,100 גרם,false,0,4.90,3.27,true,1,
7290103403874,false,טבלת פסק זמן לבן 110 גרם,עלית,IL,טבלת פסק זמן,גרמים,110.00,100 גרם,false,0,8.10,7.36,true,1,
7290103403973,false,6 אנרג'י שייפ מיקס אגוז,שטראוס,IL,חטיפי אנרג'י 6יח,גרמים,132.00,100 גרם,false,0,15.00,11.36,true,1,
7290103404017,false,"אנרג'י שייפ פירות ללת""ס",שטראוס,IL,חטיפי אנרג'י 6יח,גרמים,120.00,100 גרם,false,0,16.80,14.00,true,1,
7290103406806,false,עוגה בטעם שוקולד 330 גרם,עלית,IL,עוגה בטעם שוקולד,גרמים,330.00,100 גרם,false,0,9.80,2.97,true,1,
7290103407384,false,תפוצ'יפס 30*10 גרם,עלית,IL,תפוצ'יפס 10 יח,גרמים,300.00,100 גרם,false,0,16.70,5.57,true,1,
7290103407421,false,"פסק זמן ללת""ס 45*3 גר",עלית,IL,פסק זמן שלישיה,גרמים,135.00,100 גרם,false,0,16.80,12.44,true,1,
7290103680701,false,גוורצטרמינר הר תבור,יקב תבור,IL,יין גוורצטרמינר,מיליליטרים,750.00,"100 מ""ל",false,0,29.90,3.99,true,1,
7290104061127,false,עוגת שוקוצ'יפס 330 גרם,עלית,IL,עוגת שוקוצ'יפס,גרמים,330.00,100 גרם,false,0,9.80,2.97,true,1,
7290104061219,false,רבע לשבע אגוזים 120 גרם,עלית,IL,רבע לשבע אגוז,גרמים,120.00,100 גרם,false,0,11.90,9.92,true,1,
7290104061417,false,חומוס עם טחינה אחלה 400ג,שטראוס,IL,חומוס טחינה אחלה,גרמים,400.00,100 גרם,false,0,10.90,2.73,true,1,
7290104061431,false,חומוס עם צנובר אחלה 400ג,שטראוס,IL,חומוס צנובר אחלה,גרמים,400.00,100 גרם,false,0,10.90,2.73,true,1,
7290104061448,false,חומוס עם חריף אחלה 400 ג,שטראוס,IL,חומוס חריף אחלה,גרמים,400.00,100 גרם,false,0,10.90,2.73,true,1,
7290104062599,false,גמדים תות בננה 100*8 גרם,שטראוס,IL,גמדים תות בננה,גרמים,800.00,100 גרם,false,0,18.50,2.31,true,1,
7290104062681,false,סוכריות מאסט פטל לימון80,עלית,PL,סוכריות מאסט,גרמים,80.00,100 גרם,false,0,7.50,9.38,true,1,
7290104066016,false,"מילקי טופ עדשים 170 מ""ל",שטראוס,IL,מילקי טופ עדשים,מיליליטרים,170.00,"100 מ""ל",false,0,4.90,2.88,true,1,
7290104066566,false,טחינה אחלה 500 גרם,שטראוס,IL,טחינה אחלה 500גר,גרמים,500.00,100 גרם,false,0,14.20,2.84,true,1,
7290104067693,false,חומוס חריף 150 גרם,שטראוס,IL,חומוס חריף,יחידה,1.00,יחידה,false,0,5.50,5.50,true,1,
7290104068539,false,מאסט LL מלון ואבטיח 28גר,עלית,IL,מסטיק מאסט,גרמים,28.00,100 גרם,false,0,4.30,15.36,true,1,
7290104069116,false,סוכריות מאסט קפוצ'ינו80ג,עלית,PL,סוכריות מאסט,גרמים,80.00,100 גרם,false,0,7.50,9.38,true,1,
7290104500572,false,אפרופו איטליאנו 50 גרם,אסם,,אפרופו איטליאנו,גרמים,50.00,100 גרם,false,0,5.10,10.20,true,1,
7290104503184,false,בראוניז שוק.ריבת חלב380ג,אסם,IL,עוגת בראוניז,גרמים,380.00,100 גרם,false,0,16.00,4.21,true,1,
7290104504228,false,מיני דובונים 20*5 גרם,אסם,IL,מיני דובונים 5יח,גרמים,100.00,100 גרם,false,0,13.00,13.00,true,1,
7290104508202,false,גביעי גלידה אמריקאים 24י,גילרו,IL,גביעי גלידה,גרמים,120.00,100 גרם,false,0,12.40,10.33,true,1,
7290104508882,false,סלט חציל בלאדי במיונז400,צבר,IL,סלט חציל בלאדי,גרמים,400.00,100 גרם,false,0,15.90,3.98,true,1,
7290104508943,false,במבה חטיף בוטנים 200 גרם,אסם,IL,במבה חטיף בוטנים,גרמים,200.00,100 גרם,false,0,8.40,4.20,true,1,
7290104509568,false,במבה ללא גלוטן 80 גרם,אסם,IL,במבה ללא גלוטן,גרמים,80.00,100 גרם,false,0,4.30,5.38,true,1,
7290104721533,false,רצועות פלפלים קלויים400ג,שטראוס,IL,רצועות פלפלים,גרמים,400.00,100 גרם,false,0,15.90,3.98,true,1,
7290104722509,false,רבע לשבע מריר 120 גרם,עלית,IL,רבע לשבע מריר,גרמים,120.00,100 גרם,false,0,11.90,9.92,true,1,
7290104722530,false,תפוצ'יפס שמנת בצל 200גרם,עלית,IL,תפוצ'יפס שמנת,גרמים,200.00,100 גרם,false,0,10.00,5.00,true,1,
7290104725852,false,דנכול תות מארז 100*6 ג,שטראוס,IL,דנכול תות 6 יח,גרמים,600.00,100 גרם,false,0,22.00,3.67,true,1,
7290104726224,false,לימבו פטל 125 גרם,שטראוס,IL,לימבו פטל,גרמים,125.00,100 גרם,false,0,2.10,1.68,true,1,
7290104726262,false,דני לשתיה שוקולד 125*4ג,שטראוס,IL,דני לשתיה 4 יח,גרמים,500.00,100 גרם,false,0,10.90,2.18,true,1,
7290104726712,false,מארז מילקי ט.שוקולד170*8,שטראוס,IL,מארז מילקי 8 יח',ליטרים,1.36,ליטר,false,0,20.90,15.37,true,1,
7290104728242,false,צ'יקו תחליף קפה 130 גרם,עלית,IL,צ'יקו תחליף קפה 130 גרם,גרמים,130.00,100 גרם,false,0,22.90,17.62,true,1,
7290104728310,false,שמנת עמידה לקצפת38% 250מ,יטבתה,IL,שמנת עמידה לקצפת,גרמים,250.00,100 גרם,false,0,5.95,2.38,true,1,
7290104728747,false,החומוסיה של אבי חלק400ג,שטראוס,IL,החומוסיה של אבי,גרמים,400.00,100 גרם,false,0,10.90,2.73,true,1,
7290104852176,false,נר נשמה פחית,,IL,נר נשמה פחית,יחידה,1.00,יחידה,false,0,2.00,2.00,true,1,
7290104960246,false,תחליב רח.נקה 7 ורוד 750,אמיליה קוסמטיקס,IL,תחליב רחצה נקה 7,מיליליטרים,750.00,"100 מ""ל",false,0,9.90,1.32,true,1,
7290104960338,false,תחליב רח.נקה 7 אלוורה750,אמיליה קוסמטיקס,IL,תחליב רחצה נקה 7,מיליליטרים,750.00,"100 מ""ל",false,0,9.90,1.32,true,1,
7290104960352,false,תחליב רחצה נקה 7 שקד 750,אמיליה קוסמטיקס,IL,תחליב רחצה נקה 7,מיליליטרים,750.00,"100 מ""ל",false,0,9.90,1.32,true,1,
7290104960970,false,"דאו.טיטניום מטאל 180 מ""ל",קרליין,,דאו.טיטניום,מיליליטרים,150.00,"100 מ""ל",false,0,14.90,9.93,true,1,
7290104961205,false,תח.רחצה נקה7 מלפפו750מ,אמיליה קוסמטיקס,IL,תחליב רחצה נקה,מיליליטרים,750.00,"100 מ""ל",false,0,9.90,1.32,true,1,
7290104961229,false,"מי פנים רגיל/יבש 260 מ""ל",קרליין,IL,מי פנים,מיליליטרים,260.00,"100 מ""ל",false,0,35.00,13.46,true,1,
7290104961526,false,טיטניום ספריי קלאסי150מ,קרליין,IL,טיטניום ספריי,מיליליטרים,150.00,"100 מ""ל",false,0,19.90,13.27,true,1,
7290104961533,false,טיטניום ספריי בלק 150מ,קרליין,IL,טיטניום ספריי,מיליליטרים,150.00,"100 מ""ל",false,0,19.90,13.27,true,1,
7290104961540,false,טיטניום ספריי מטאל 150מ,קרליין,IL,טיטניום ספריי,מיליליטרים,150.00,"100 מ""ל",false,0,19.90,13.27,true,1,
7290104962080,false,דאו.טיטניום,,IL,דאו.טיטניום,מיליליטרים,150.00,"100 מ""ל",false,0,19.90,13.27,true,1,
7290104962127,false,"סטיק נושם 50 מ""ל",קרליין,IL,"סטיק נושם 50 מ""ל",מיליליטרים,50.00,"100 מ""ל",false,0,13.90,27.80,true,1,
7290105360328,false,קפסולות מס' 10 50 גרם,עלית,IL,קפסולות מס' 10,גרמים,50.00,100 גרם,false,0,15.90,31.80,true,1,
7290105360649,false,סוכ.מאסט תותים בשמנת70גר,עלית,IL,סוכריות מאסט,גרמים,70.00,100 גרם,false,0,7.50,10.71,true,1,
7290105360755,false,"שמן זית 3 חזק 750 מ""ל",יד מרדכי,IL,"שמן זית 3 חזק 750 מ""ל",מיליליטרים,750.00,"100 מ""ל",false,0,34.90,4.65,true,1,
7290105360762,false,"שמן זית 1 עדין 750 מ""ל",יד מרדכי,IL,שמן זית 1 עדין,מיליליטרים,750.00,"100 מ""ל",false,0,34.90,4.65,true,1,
7290105361578,false,החומוסיה של אבי יפו400גר,שטראוס,IL,החומוסיה של אבי,גרמים,400.00,100 גרם,false,0,10.90,2.73,true,1,
7290105362193,false,עוגות אישיות מגולגלות245,עלית,IL,עוגות אישיות,גרמים,245.00,100 גרם,false,0,13.80,5.63,true,1,
7290105364678,false,משקה אקטיביה אפרסק 250מל,שטראוס,IL,משקה אקטיביה,מיליליטרים,250.00,"100 מ""ל",false,0,4.90,1.96,true,1,
7290105364784,false,שוקולד ביסקוויט לבן 100ג,עלית,IL,שוקולד ביסקוויט,גרמים,100.00,100 גרם,false,0,5.70,5.70,true,1,
7290105364890,false,שוק.מריר 60%ללא סוכר100ג,עלית,IL,שוקולד מריר,גרמים,100.00,100 גרם,false,0,9.40,9.40,true,1,
7290105366023,false,חציל בטעם כבד 400 גרם,שטראוס,IL,חציל בטעם כבד,גרמים,400.00,100 גרם,false,0,15.90,3.98,true,1,
7290105366047,false,טחינה לבנה 400 גרם,שטראוס,IL,טחינה לבנה,גרמים,400.00,100 גרם,false,0,15.90,3.98,true,1,
7290105366054,false,טחינה עם פטרוזיליה 400גר,שטראוס,IL,טחינה+פטרוזיליה,גרמים,400.00,100 גרם,false,0,15.90,3.98,true,1,
7290105367020,false,סימפוניה טבעי 25% 210גרם,שטראוס,IL,גבינת סימפוניה,גרמים,210.00,100 גרם,false,0,12.80,6.10,true,1,
7290105368171,false,מילקישייק ט.שוק.וקצפת143,שטראוס,IL,מילקי שייק,גרמים,143.00,100 גרם,false,0,4.90,3.43,true,1,
7290105368225,false,חומוס עם פלפל שיפקה 400ג,שטראוס,IL,חומוס עם פלפל,גרמים,400.00,100 גרם,false,0,10.90,2.73,true,1,
7290105368331,false,"מילקי בטעם תות 170 מ""ל",שטראוס,IL,מילקי טעם תות,מיליליטרים,170.00,"100 מ""ל",false,0,2.80,1.65,true,1,
7290105368355,false,מילקי שוקולד עשיר 133גרם,שטראוס,IL,מילקי שוקולד,גרמים,133.00,100 גרם,false,1,3.90,2.93,true,1,
7290105368379,false,מילקי שוקולד ופצופצים133,שטראוס,IL,מילקי שוקולד,גרמים,133.00,100 גרם,false,1,3.90,2.93,true,1,
7290105368386,false,מילקי וניל ופצופצים133ג,שטראוס,IL,מילקי וניל,גרמים,133.00,100 גרם,false,1,3.90,2.93,true,1,
7290105368881,false,חלב יטבתה מועשר3% 1.75ל,יטבתה,IL,חלב יטבתה מועשר,ליטרים,1.75,ליטר,false,0,13.10,7.49,true,1,
7290105368928,false,שמנת 9% יטבתה מהדרין200מ,יטבתה,IL,שמנת 9% יטבתה,מיליליטרים,200.00,"100 מ""ל",false,0,3.10,1.55,true,1,
7290105368959,false,פונץ בננה+פקק מהדרין250מ,יטבתה,IL,משקה פונץ' בננה,מיליליטרים,250.00,"100 מ""ל",false,0,5.30,2.12,true,1,
7290105369147,false,שוק.ספלנדיד פירות יער100,שטראוס,IL,שוקולד ספלנדיד,גרמים,100.00,100 גרם,false,0,10.90,10.90,true,1,
7290105369451,false,צ'יטוס דולפינים 55 גרם,עלית,IL,צ'יטוס דולפינים,גרמים,55.00,100 גרם,false,0,3.50,6.36,true,1,
7290105369802,false,צ'יטוס קראנצ' גבינה30*6ג,עלית,IL,צ'יטוס מארז 6 יח,גרמים,180.00,100 גרם,false,0,11.00,6.11,true,1,
7290105430489,false,ליידי ס.ס סטיין גארד 50מ,קולגייט-פלמוליב,IL,ליידי ספיד סטיק,מיליליטרים,50.00,"100 מ""ל",false,0,15.00,30.00,true,1,
7290105431516,false,חטיפי FREE תמר+בוטנים5יח,טבעית,IL,חטיפי FREE,גרמים,125.00,100 גרם,false,0,18.00,14.40,true,1,
7290105431868,false,"פלמוליב ספא קוקוס 500 מ""",קולגייט-פלמוליב,TR,פלמוליב ספא,מיליליטרים,500.00,"100 מ""ל",false,0,15.00,3.00,true,1,
7290105434036,false,סבון פלמוליב 6 * 90 גרם,קולגייט-פלמוליב,TR,סבון פלמוליב,גרמים,540.00,100 גרם,false,1,17.70,3.28,true,1,
7290105436382,false,מארז FREE תמרים קשיו25*5,טבעית,IL,מארז FREE,גרמים,125.00,100 גרם,false,0,18.00,14.40,true,1,
7290105438539,false,קוקי נייר אפייה 40 דפים,אופל אריזות,IL,קוקי נייר אפיה,יחידה,1.00,יחידה,false,0,9.90,9.90,true,1,
7290105474124,false,"בונזו מחולק 12 ק""ג",ביופט,IL,בונזו מחולק 12קג,קילוגרמים,12.00,"ק""ג",false,0,118.90,9.91,true,1,
7290105691088,false,ביסלי גריל 70*3 גרם,אסם,IL,ביסלי גריל 3 יח,גרמים,210.00,100 גרם,false,0,10.90,5.19,true,1,
7290105691224,false,קריספי טורטיה שום בצל60ג,"פרח תעשיות מזון בע""מ",IL,קריספי טורטיה,גרמים,60.00,100 גרם,false,0,7.80,13.00,true,1,
7290105691248,false,קריספי טורטיה תירס 60 גר,"פרח תעשיות מזון בע""מ",IL,קריספי טורטיה,גרמים,60.00,100 גרם,false,0,7.80,13.00,true,1,
7290105691415,false,בייגלה שמיניות ללא גלוטן,אסם,IL,בייגלה שמיניות,גרמים,250.00,100 גרם,false,0,13.80,5.52,true,1,
7290105691699,false,עוג.ביס בטעם חמאה300ג,כרמית,IL,עוגיות ביס חמאה,גרמים,300.00,100 גרם,false,0,9.90,3.30,true,1,
7290105693341,false,במבה 25*10 גרם,אסם,,במבה 10 יח,גרמים,250.00,100 גרם,false,0,14.90,5.96,true,1,
7290105694614,false,ספגטי מהיר הכנה 500 גרם,זארה,IT,ספגטי מהיר הכנה,גרמים,500.00,100 גרם,false,0,5.50,1.10,true,1,
7290105694775,false,טריקס פירות דגני תירס480,ג'נרל מילס,US,טריקס בטעם פירות,גרמים,480.00,100 גרם,false,0,24.40,5.08,true,1,
7290105694904,false,מרק פטריות רכיבים טבעיים,אסם,IL,מרק פטריות רכיבים טבעיים,גרמים,220.00,100 גרם,false,0,17.60,8.00,true,1,
7290105695024,false,פתיתים אורז ואטריות500ג,אסם,IL,פתיתים אפויים,גרמים,500.00,100 גרם,false,0,6.90,1.38,true,1,
7290105695321,false,עוגת בראוניס פאדג' 380 ג,אסם,IL,עוגת בראוניס,גרמים,380.00,100 גרם,false,0,16.00,4.21,true,1,
7290105961518,false,עוגת שוקו קרם טראפלס330ג,עלית,IL,עוגת שוקו,גרמים,330.00,100 גרם,false,0,15.00,4.55,true,1,
7290105961525,false,שוק.ספלנדיד מריר85% 100ג,שטראוס,IL,שוקולד ספלנדיד,גרמים,100.00,100 גרם,false,0,10.90,10.90,true,1,
7290105964915,false,פופקורן טבעי 80 גרם,עלית,IL,פופקורן טבעי,גרמים,80.00,100 גרם,false,0,5.10,6.38,true,1,
7290105965493,false,ספלנדיד מריר+מוס שוק105ג,עלית,IL,ספלנדיד מריר,גרמים,105.00,100 גרם,false,1,10.90,10.38,true,1,
7290105965509,false,שוק.מריר62% +מוס גאנדויה,עלית,IL,שוקולד ספלנדיד,גרמים,105.00,100 גרם,false,1,10.90,10.38,true,1,
7290105965585,false,מש.אקטיביה פסיפלורה150*6,שטראוס,IL,משקה אקטיביה 6יח,גרמים,900.00,100 גרם,false,0,20.80,2.31,true,1,
7290105965707,false,דנונה לשתיה תות בננה850ג,שטראוס,IL,דנונה לשתיה,גרמים,850.00,100 גרם,false,0,14.40,1.69,true,1,
7290105965738,false,דנונה לשתיה תות בננה267ג,שטראוס,IL,דנונה לשתיה,גרמים,267.00,100 גרם,false,0,5.00,1.87,true,1,
7290105966018,false,חלב יטבתה מועשר1% 1.75ל,יטבתה,IL,חלב מועשר 1.75ל,ליטרים,1.75,ליטר,false,0,13.10,7.49,true,1,
7290105966377,false,"משקה סחלב מהדרין 850 מ""ל",יטבתה,IL,משקה סחלב,מיליליטרים,850.00,"100 מ""ל",false,0,11.10,1.31,true,1,
7290105966469,false,"חומץ בלסמי 250 מ""ל",יד מרדכי,IL,חומץ בלסמי,גרמים,250.00,100 גרם,false,0,14.70,5.88,true,1,
7290105968654,false,רביולי בטטה פרווה 400 גר,שטראוס,IL,רביולי בטטה 400ג,גרמים,400.00,100 גרם,false,0,19.90,4.98,true,1,
7290105968777,false,פרכיות אנרגי שוק.מריר70ג,שטראוס,IL,פריכיות + שוקולד,גרמים,70.00,100 גרם,false,0,7.80,11.14,true,1,
7290106504479,false,36 תחבושות אולוויז לילה,פרוקטר & גמבל,ES,תחבושות אולוויז,יחידה,1.00,יחידה,false,1,36.90,36.90,true,1,
7290106520011,false,חיוכים שוקו וניל 600 גרם,עלית,IL,חיוכים שוקו וניל,גרמים,600.00,100 גרם,false,0,17.90,2.98,true,1,
7290106520066,false,רבע לשבע 160 גרם,עלית,IL,רבע לשבע 160 גרם,גרמים,160.00,100 גרם,false,0,11.90,7.44,true,1,
7290106520288,false,דנונה פרו תות 150 גרם,שטראוס,IL,דנונה פרו תות,גרמים,150.00,100 גרם,false,1,4.90,3.27,true,1,
7290106520295,false,דנונה פרו לבן 2.9% 150גר,שטראוס,IL,דנונה פרו לבן,גרמים,150.00,100 גרם,false,1,4.90,3.27,true,1,
7290106520387,false,"בזוקה גולים לל""ס 21 גרם",עלית,IL,"בזוקה גולים לל""ס",גרמים,21.00,100 גרם,false,0,4.90,23.33,true,1,
7290106520417,false,JOYבר שוקולד+ופל מצופ140,שטראוס,IL,JOY בר שוקולד,גרמים,140.00,100 גרם,false,1,4.20,3.00,true,1,
7290106520424,false,JOY בר שוקו.מריר+אגוז140,שטראוס,IL,JOY בר שוקולד,גרמים,140.00,100 גרם,false,1,4.20,3.00,true,1,
7290106520462,false,מילקי קייק 4 * 34 גרם,TSC,IT,מילקי קייק 4יח,גרמים,136.00,100 גרם,false,1,10.90,8.01,true,1,
7290106520813,false,תפוצ'יפס טבעי 50*6 גרם,שטראוס,IL,תפוצ'יפס 6 יח,גרמים,300.00,100 גרם,false,0,14.60,4.87,true,1,
7290106520912,false,"שמנת לבישול 9% 250 מ""ל",יטבתה,IL,שמנת לבישול 9%,מיליליטרים,250.00,"100 מ""ל",false,0,8.40,3.36,true,1,
7290106521049,false,סלט קוביות סלק 400 גרם,שטראוס,IL,סלט קוביות סלק,גרמים,400.00,100 גרם,false,0,15.90,3.98,true,1,
7290106521612,false,מאגדת טורטית 40*4 גרם,עלית,IL,טורטית 4 יחידות,גרמים,160.00,100 גרם,false,0,12.90,8.06,true,1,
7290106522220,false,שוק.קראנצ כדורי דגנים90ג,עלית,IL,שוקולד קראנצ',גרמים,90.00,100 גרם,false,0,5.70,6.33,true,1,
7290106522473,false,דנונה בר בנים 173*2ג,שטראוס,IL,זוג דנונה בר,גרמים,346.00,100 גרם,false,0,9.00,2.60,true,1,
7290106523142,false,יוג.יווני טבעי7% 130*4גר,שטראוס,IL,יוגורט יווני 4יח,גרמים,520.00,100 גרם,false,0,13.00,2.50,true,1,
7290106524224,false,פרכיות ביס וניל,,IL,פרכיות ביס וניל,גרמים,25.00,100 גרם,false,0,4.40,17.60,true,1,
7290106524231,false,פריכיות ביס תות,,IL,פריכיות ביס תות,גרמים,25.00,100 גרם,false,0,4.40,17.60,true,1,
7290106524415,false,שוש דמויות ילדים 80 גרם,עלית,IL,שוש דמויות ילדים,גרמים,80.00,100 גרם,false,1,3.90,4.88,true,1,
7290106524569,false,כיף כף מקלות קרמל 40 גרם,סולן ציקולטה,TR,כיף כף מקלות,גרמים,40.00,100 גרם,false,1,4.60,11.50,true,1,
7290106525962,false,חומוס אבי תטבילה 400גרם,שטראוס,IL,חומוס אבי תטבילה,גרמים,400.00,100 גרם,false,0,10.90,2.73,true,1,
7290106525986,false,חומוס כפרי 400 גרם,שטראוס,IL,חומוס כפרי,גרמים,400.00,100 גרם,false,0,10.90,2.73,true,1,
7290106526822,false,פריכיות תחתית חלב 80גרם,שטראוס,IL,פריכיות,גרמים,80.00,100 גרם,false,0,7.80,9.75,true,1,
7290106527447,false,אקטיביה גרנולה2.2% 150*4,שטראוס,IL,מארז אקטיביה 4יח,גרמים,600.00,100 גרם,false,0,19.90,3.32,true,1,
7290106527461,false,אקטיביה0%שזיף מיובש150*4,שטראוס,IL,מארז אקטיביה 4יח,גרמים,600.00,100 גרם,false,0,19.90,3.32,true,1,
7290106571037,false,"מאגדת גומיגם 5יח כשל""פ",נסטלה,IL,מאגדת גומיגם,גרמים,450.00,100 גרם,false,0,28.50,6.33,true,1,
7290106571273,false,מאגדת קראנצ שוקולד5יכשלפ,נסטלה,IL,מאגדת קראנצ שוקולד5יכשלפ,גרמים,360.00,100 גרם,false,0,34.70,9.64,true,1,
7290106571563,false,אפרופו 200 גרם,אסם,IL,אפרופו,גרמים,200.00,100 גרם,false,0,11.00,5.50,true,1,
7290106571907,false,עוגיות שוקולד צ'יפס180ג,אסם,IL,עוגיות פיטנס,גרמים,180.00,100 גרם,false,0,11.90,6.61,true,1,
7290106571921,false,עוגיות חמוציות פיטנס180ג,אסם,IL,עוגיות פיטנס,גרמים,180.00,100 גרם,false,0,11.90,6.61,true,1,
7290106571945,false,עוג.שוקולד מריר פיטנס180,אסם,IL,עוגיות פיטנס,גרמים,180.00,100 גרם,false,1,11.90,6.61,true,1,
7290106572614,false,דובונים פיצה 40 גרם,אסם,IL,דובונים פיצה,גרמים,40.00,100 גרם,false,0,4.30,10.75,true,1,
7290106572959,false,אפרופו קלאסי מארז 25*5גר,אסם,IL,אפרופו 5 יח,גרמים,125.00,100 גרם,false,0,12.60,10.08,true,1,
7290106573086,false,קוסקוס 350*2 גרם,קוסקוס מזון,IL,קוסקוס 2 יח,גרמים,700.00,100 גרם,false,0,12.80,1.83,true,1,
7290106573277,false,חט.קריספי טאפאס זיתים150,אסם,IL,חטיפי קריספי,גרמים,150.00,100 גרם,false,0,11.80,7.87,true,1,
7290106573574,false,חומוס ירושלמי צבר 400גרם,צבר,IL,חומוס צבר,גרמים,400.00,100 גרם,false,0,10.80,2.70,true,1,
7290106573628,false,חומוס עם טחינה צבר 400גר,צבר,IL,חומוס עם טחינה,גרמים,400.00,100 גרם,false,0,10.80,2.70,true,1,
7290106573642,false,חומוס צנובר צבר 400 גרם,צבר,IL,חומוס צנובר,גרמים,400.00,100 גרם,false,0,11.90,2.98,true,1,
7290106573703,false,חציל פיקנטי רפי כהןג400,צבר,IL,חציל פיקנטי צבר,גרמים,400.00,100 גרם,false,0,15.90,3.98,true,1,
7290106573819,false,חומוס אבו גוש צבר 400 גר,צבר,IL,חומוס אבו גוש,גרמים,400.00,100 גרם,false,0,10.90,2.73,true,1,
7290106573963,false,ביסלי ברביקיו 67*3 גרם,אסם,IL,ביסלי ברבקיו 3יח,גרמים,201.00,100 גרם,false,0,10.90,5.42,true,1,
7290106574793,false,עוגת שוקו שוקוצ'יפס350ג,אסם,IL,עוגת הבית,גרמים,350.00,100 גרם,false,0,11.90,3.40,true,1,
7290106574953,false,בייגלה שטוחים שומשום300ג,אסם,IL,בייגלה שטוחים,גרמים,300.00,100 גרם,false,0,10.50,3.50,true,1,
7290106574977,false,בייגלה שטוחים מלח300גרם,אסם,IL,בייגלה שטוחים,גרמים,300.00,100 גרם,false,0,10.50,3.50,true,1,
7290106575011,false,פתיתים פלוס חיטה מלאה400,אסם,IL,פתיתים פלוס,גרמים,400.00,100 גרם,false,0,6.90,1.73,true,1,
7290106575257,false,עוגת סופלה טעם שוקולד340,אסם,IL,עוגת סופלה הבית,גרמים,340.00,100 גרם,false,0,11.90,3.50,true,1,
7290106575271,false,פתיתים פלוס ירקות 400 גר,אסם,IL,פתיתים פלוס,גרמים,400.00,100 גרם,false,0,6.90,1.73,true,1,
7290106576162,false,פטה דגי אוקיינוס 85*8 גר,נסטלה פורינה,US,פנסי פיסט 8 יח,גרמים,680.00,100 גרם,false,0,34.60,5.09,true,1,
7290106576209,false,ביסלי אקסטרים מעושן 70 ג,אסם,IL,ביסלי אקסטרים,גרמים,70.00,100 גרם,false,0,4.50,6.43,true,1,
7290106576513,false,חומוס צבר 400 גרם,צבר,IL,חומוס צבר,גרמים,400.00,100 גרם,false,0,9.50,2.38,true,1,
7290106576537,false,חומוס מסעדה צבר 700גרם,צבר,IL,חומוס מסעדה צבר,גרמים,700.00,100 גרם,false,0,8.90,1.27,true,1,
7290106577480,false,חציל על האש בטחינה400גר,צבר,IL,חציל על האש צבר,גרמים,400.00,100 גרם,false,0,13.80,3.45,true,1,
7290106577503,false,חציל במיונז מרובע 400גרם,צבר,IL,חציל במיונז צבר,גרמים,400.00,100 גרם,false,0,11.80,2.95,true,1,
7290106577541,false,כרוב אדום מרובע צבר400ג,צבר,IL,כרוב אדום צבר,גרמים,400.00,100 גרם,false,0,11.80,2.95,true,1,
7290106578241,false,דובונים 100 גרם,אסם,IL,חטיף דובונים,גרמים,100.00,100 גרם,false,0,8.80,8.80,true,1,
7290106578692,false,ביסלי במבה מיקס 80 גרם,אסם,IL,במבה ביסלי מיקס,גרמים,80.00,100 גרם,false,0,4.90,6.13,true,1,
7290106578821,false,עוגת שמרים שוקולד 350גרם,אסם,IL,עוגת שמרים,גרמים,350.00,100 גרם,false,0,16.80,4.80,true,1,
7290106579231,false,עוגיות תפוז פיטנס 180גרם,אסם,IL,עוגיות פיטנס,גרמים,180.00,100 גרם,false,0,11.90,6.61,true,1,
7290106651272,false,פריכיות אנרג'י,,IL,פריכיות אנרג'י,גרמים,25.00,100 גרם,false,0,4.40,17.60,true,1,
7290106651289,false,פריכיות אנרגי,,IL,פריכיות אנרגי,גרמים,25.00,100 גרם,false,0,4.40,17.60,true,1,
7290106651296,false,פריכיות אנרג'י,,IL,פריכיות אנרג'י,גרמים,25.00,100 גרם,false,0,4.40,17.60,true,1,
7290106651401,false,דנונה3% 4תות+ 4אפרסק150ג,שטראוס,IL,מארז דנונה 4+4,קילוגרמים,1.20,"ק""ג",false,0,27.70,23.08,true,1,
7290106652484,false,בפלות שוקולד קרנאץ 300גר,עלית,IL,בפלות קראנץ,גרמים,300.00,100 גרם,false,0,5.00,1.67,true,1,
7290106652491,false,בפלות לימון קראנץ 300גר,עלית,IL,בפלות קראנץ,גרמים,300.00,100 גרם,false,0,5.00,1.67,true,1,
7290106652705,false,פסק זמן קלאסי 45*3 גרם,עלית,IL,פסק זמן 3 יחידות,גרמים,135.00,100 גרם,false,0,11.90,8.81,true,1,
7290106652835,false,אנרגי אקסטרה קר.פסק זמן6,עלית,IL,אנרג'י פסק זמן,גרמים,210.00,100 גרם,false,0,15.00,7.14,true,1,
7290106653191,false,פיתה קראנצ' טבעי300 גרם,עלית,IL,פיתה קראנצ',גרמים,300.00,100 גרם,false,0,12.80,4.27,true,1,
7290106653429,false,פיתה קראנצ מחיטה מלאה300,עלית,IL,פיתה קראנצ',גרמים,300.00,100 גרם,false,0,12.80,4.27,true,1,
7290106654099,false,מילקי קייק 34*8 גרם,שטראוס,IL,מילקי קייק 8 יח',גרמים,272.00,100 גרם,false,1,20.90,7.68,true,1,
7290106654921,false,תפוציפס אקסטרא טבעי50ג,שטראוס,IL,תפוצ'יפס אקסטרא,גרמים,50.00,100 גרם,false,0,3.90,7.80,true,1,
7290106654945,false,תפוציפס אקסטרא ברבקיו50ג,שטראוס,IL,תפוצ'יפס אקסטרא,גרמים,50.00,100 גרם,false,0,3.90,7.80,true,1,
7290106654969,false,חומוס כפרי אחלה750גרם,שטראוס,IL,חומוס כפרי אחלה,גרמים,750.00,100 גרם,false,0,8.90,1.19,true,1,
7290106656512,false,בפלות טורטית 360 גרם,עלית,IL,בפלות טורטית,גרמים,360.00,100 גרם,false,0,15.80,4.39,true,1,
7290106656727,false,חיוכים שוקולד 600 גרם,עלית,IL,חיוכים שוקולד,גרמים,600.00,100 גרם,false,0,17.90,2.98,true,1,
7290106656901,false,סימפוניה25% זיתים 210ג,שטראוס,IL,גבינת סימפוניה,גרמים,210.00,100 גרם,false,0,12.80,6.10,true,1,
7290106657137,false,תפוציפס אקסטרא טבעי200ג,שטראוס,IL,תפוצ'יפס אקסטרא,גרמים,200.00,100 גרם,false,0,10.00,5.00,true,1,
7290106657144,false,תפוצ'יפס EX שוארמה 50גרם,עלית,IL,תפוצ'יפס שווארמה,גרמים,50.00,100 גרם,false,1,3.90,7.80,true,1,
7290106660724,false,שוק.קראנצ' שברי גלידה100,שטראוס,IL,שוקולד קראנצ',גרמים,100.00,100 גרם,false,1,5.70,5.70,true,1,
7290106660809,false,"מילקי ריפיל 170*8מ""ל",שטראוס,IL,מילקי ריפיל 8 יח,קילוגרמים,1.36,"ק""ג",false,0,20.90,15.37,true,1,
7290106661806,false,סמפוניה סמטאות שוק5% 200,שטראוס,IL,גבינת סימפוניה,גרמים,200.00,100 גרם,false,1,10.90,5.45,true,1,
7290106662377,false,רבע לשבע בוטנים 120 גרם,עלית,IL,רבע לשבע בוטנים,גרמים,120.00,100 גרם,false,1,11.90,9.92,true,1,
7290106662582,false,JOYמעד.שוקו מריר3.9% 130,שטראוס,IL,JOY מעדן שוקולד,גרמים,130.00,100 גרם,false,1,3.30,2.54,true,1,
7290106662605,false,JOY מעדן שוקולד3.9% 130ג,שטראוס,IL,JOY מעדן שוקולד,גרמים,130.00,100 גרם,false,1,3.30,2.54,true,1,
7290106662612,false,JOY מעדן וניל 3.9% 130גר,שטראוס,IL,JOY מעדן וניל,גרמים,130.00,100 גרם,false,1,3.30,2.54,true,1,
7290106662629,false,JOYמעדן טעם וניל0% 130ג,שטראוס,IL,JOY מעדן וניל 0%,גרמים,130.00,100 גרם,false,1,3.30,2.54,true,1,
7290106662636,false,JOYשוקולד מריר 0% 130ג,שטראוס,IL,JOY מעדן שוקולד,גרמים,130.00,100 גרם,false,1,3.30,2.54,true,1,
7290106662643,false,JOYמעדן שוקולד 0% 130ג,שטראוס,IL,JOY מעדן שוקולד,גרמים,130.00,100 גרם,false,1,3.30,2.54,true,1,
7290106662650,false,טחינה לניגוב 400 גרם,שטראוס,IL,טחינה לניגוב,גרמים,400.00,100 גרם,false,1,10.90,2.73,true,1,
7290106662964,false,סוכריות גומי יין 100 גרם,עלית,IL,סוכריות גומי יין,גרמים,100.00,100 גרם,false,1,4.90,4.90,true,1,
7290106663053,false,סימפוניה ערב בפריז5% 200,שטראוס,IL,גבינת סימפוניה,גרמים,200.00,100 גרם,false,1,10.90,5.45,true,1,
7290106663091,false,לאבנה 9% 500 גרם,שטראוס,IL,לאבנה 9%,גרמים,500.00,100 גרם,false,1,18.50,3.70,true,1,
7290106663244,false,חציל זעלוק 400 גרם,שטראוס,IL,חציל זעלוק 400גר,גרמים,400.00,100 גרם,false,1,15.90,3.98,true,1,
7290106663558,false,"רוטב טריאקי רימון 280מ""ל",בית אל מזון,IL,רוטב טריאקי,מיליליטרים,280.00,"100 מ""ל",false,1,14.80,5.29,true,1,
7290106663695,false,צ'יטוס זיג זג 15*10 גרם,עלית,IL,צ'יטוס 10 יחידות,גרמים,150.00,100 גרם,false,0,9.90,6.60,true,1,
7290106663718,false,צ'יטוס זיגזג 55 גרם,עלית,IL,צ'יטוס זיגזג,גרמים,55.00,100 גרם,false,0,3.50,6.36,true,1,
7290106664067,false,לאבנה ש.זית וזעתר10% 400,שטראוס,IL,לאבנה שמן זית,גרמים,400.00,100 גרם,false,1,14.50,3.63,true,1,
7290106664173,false,פיתה קראנצ טפנד זיתים300,עלית,IL,פיתה קראנצ,גרמים,300.00,100 גרם,false,1,12.80,4.27,true,1,
7290106664548,false,רוטב שמנת4+גבינות9% 250מ,שטראוס,IL,רוטב שמנת גבינות,מיליליטרים,250.00,"100 מ""ל",false,1,10.00,4.00,true,1,
7290106664555,false,רוטב שמנת+עגבניות9% 250מ,שטראוס,IL,רוטב שמנת,מיליליטרים,250.00,"100 מ""ל",false,1,10.00,4.00,true,1,
7290106664562,false,רוטב שמנת+פטריות 9% 200מ,שטראוס,IL,רוטב שמנת פטריות,מיליליטרים,250.00,"100 מ""ל",false,1,10.00,4.00,true,1,
7290106665514,false,דוריטוס נפוליטנה 70 גרם,עלית,IL,דוריטוס נפוליטנה,גרמים,70.00,100 גרם,false,0,3.60,5.14,true,1,
7290106668010,false,בפלות מוקצף 800 גרם,שטראוס,IL,בפלות מוקצף,גרמים,800.00,100 גרם,false,1,19.90,2.49,true,1,
7290106668263,false,חומוס שיפקה 125 גרם,שטראוס,IL,חומוס שיפקה,גרמים,125.00,100 גרם,false,1,4.80,3.84,true,1,
7290106668577,false,"מיץ לימון 250 מ""ל",יד מרדכי,IL,מיץ לימון,גרמים,250.00,100 גרם,false,1,7.80,3.12,true,1,
7290106668720,false,דנונה לשתיה פירות יער850,שטראוס,IL,דנונה לשתיה,גרמים,850.00,100 גרם,false,1,14.40,1.69,true,1,
7290106668737,false,דנונה לשתיה דיאט תות267ג,שטראוס,IL,דנונה לשתיה,גרמים,267.00,100 גרם,false,1,5.00,1.87,true,1,
7290106669154,false,רבע לשבע 20*4 גרם,עלית,IL,רבע לשבע 4 יח,גרמים,80.00,100 גרם,false,1,7.90,9.88,true,1,
7290106669314,false,סימפוניה בנגקוק 5% 200ג,שטראוס,IL,גבינת סימפוניה,גרמים,200.00,100 גרם,false,1,10.90,5.45,true,1,
7290106720039,false,מאסט ספירמינט ממולא25גרם,עלית,IL,מסטיק מאסט,גרמים,25.00,100 גרם,false,1,4.90,19.60,true,1,
7290106721234,false,בונ.איחולים מתוקים126גרם,עלית,IL,בונבונ.איחולים,גרמים,126.00,100 גרם,false,0,25.70,20.40,true,1,
7290106721531,false,דוריטוס חמוץ מתוק 70 גרם,עלית,IL,דוריטוס חמוץ,גרמים,70.00,100 גרם,false,0,3.60,5.14,true,1,
7290106721609,false,דוריטוס חמוץ חריף 40*6גר,עלית,IL,דוריטוס חמוץ חריף 40*6גר,גרמים,240.00,100 גרם,false,0,11.80,4.92,true,1,
7290106722057,false,באגט קראנצ זיתים עגבנ300,עלית,IL,באגט קראנצ זיתים,גרמים,300.00,100 גרם,false,1,12.80,4.27,true,1,
7290106722118,false,באגט קראנצ' טעם בצל 300ג,עלית,IL,באגט קראנצ' בצל,גרמים,300.00,100 גרם,false,1,12.80,4.27,true,1,
7290106723597,false,בפלות כדורי שוק.קוקוס350,עלית,IL,בפלות כדורי שוקו,גרמים,350.00,100 גרם,false,1,15.40,4.40,true,1,
7290106723634,false,עד חצות ניבס קרמל180גרם,עלית,IL,עד חצות,גרמים,180.00,100 גרם,false,1,12.90,7.17,true,1,
7290106724402,false,עוג.חיוכים שוקו וניל150ג,עלית,IL,עוגיות חיוכים,גרמים,150.00,100 גרם,false,1,4.50,3.00,true,1,
7290106724433,false,מסטיק קוביות ספירמינט63ג,עלית,IL,מסטיק קוביות,גרמים,63.00,100 גרם,false,1,11.80,18.73,true,1,
7290106724617,false,סביח 400 גרם,שטראוס,IL,סביח אחלה,גרמים,400.00,100 גרם,false,1,15.90,3.98,true,1,
7290106725317,false,שייק הפוך קר 5+ מנות80ג,עלית,IL,שייק הפוך קר,גרמים,80.00,100 גרם,false,1,7.90,9.88,true,1,
7290106725423,false,רבע לשבע חלבה 120 גרם,עלית,IL,רבע לשבע חלבה,גרמים,120.00,100 גרם,false,1,11.90,9.92,true,1,
7290106725522,false,"רוטב שזיף רימון 280 מ""ל",בית אל מזון,IL,רוטב שזיף רימון,מיליליטרים,280.00,"100 מ""ל",false,1,14.80,5.29,true,1,
7290106726161,false,דנונה פרו אפרסק2.4% 150ג,שטראוס,IL,דנונה פרו אפרסק,גרמים,150.00,100 גרם,false,1,4.90,3.27,true,1,
7290106726178,false,דנונה פרו פירות יער150ג,שטראוס,IL,דנונה פרו פ.יער,גרמים,150.00,100 גרם,false,1,4.90,3.27,true,1,
7290106727045,false,דנונה פרו אננס2.4% 150ג,שטראוס,IL,דנונה פרו אננס,גרמים,150.00,100 גרם,false,1,4.90,3.27,true,1,
7290106728127,false,חלב טבעי בקבוק3.6% 1ליטר,יטבתה,IL,חלב טבעי בקבוק,ליטרים,1.00,ליטר,false,1,7.50,7.50,true,1,
7290106728301,false,דני בטעם בננה 125 גרם,שטראוס,IL,דני בטעם בננה,גרמים,125.00,100 גרם,false,1,2.60,2.08,true,1,
7290106728721,false,מילקי שוקולד ואגוזים133ג,שטראוס,IL,מילקי טעם שוקולד,גרמים,133.00,100 גרם,false,1,2.80,2.11,true,1,
7290106729087,false,מילקי טופ פצפוצים 143גרם,שטראוס,IL,מילקי פיצפוצים,גרמים,143.00,100 גרם,false,1,4.90,3.43,true,1,
7290106729353,false,שוקו קרטונטה 2ל 15%הנחה,יטבתה,IL,שוקו בקרטונטה 2ל,ליטרים,2.00,ליטר,false,1,19.90,9.95,true,1,
7290107280037,false,מגבונים לניקוי,,IL,מגבונים לניקוי,יחידה,1.00,יחידה,false,0,9.90,9.90,true,1,
7290107280129,false,סושי 20שקיות אשפה XXL,סנו,IL,סושי 20שקיות אשפה XXL,יחידה,1.00,יחידה,false,1,23.90,23.90,true,1,
7290107280488,false,סנובון WAVE פרחים 45גר,סנו,IL,סנובון WAVE,גרמים,45.00,100 גרם,false,0,9.80,21.78,true,1,
7290107280563,false,אוקסיג'ן בייבי,,IL,אוקסיג'ן בייבי,ליטרים,3.00,ליטר,false,0,26.90,8.97,true,1,
7290107280716,false,"ספארק מלח למדיח 2 ק""ג",סנו,IL,ספארק מלח למדיח,קילוגרמים,2.00,"ק""ג",false,1,13.80,6.90,true,1,
7290107280730,false,"נוזל לכלים לבנדר 700 מ""ל",סנו,IL,נוזל כלים לבנדר,מיליליטרים,700.00,"100 מ""ל",false,0,9.80,1.40,true,1,
7290107280761,false,ספארק לכלים לימון+משאבה,סנו,IL,נוזל כלים לימון,ליטרים,1.00,ליטר,false,0,10.00,10.00,true,1,
7290107280815,false,"K301 קוטל זוחלים 300 מ""ל",סנו,IL,K301 קוטל זוחלים,מיליליטרים,300.00,"100 מ""ל",false,1,15.00,5.00,true,1,
7290107536059,false,מארז גיפט קארד פח,.,IL,מארז גיפטקארד,יחידה,1.00,יחידה,false,1,4.00,4.00,true,1,
7290107640190,false,פינוק שמפו למגע משי700מל,יוניליוור,IL,שמפו פינוק,מיליליטרים,700.00,"100 מ""ל",false,0,10.00,1.43,true,1,
7290107640428,false,"פינוק ת.רחצה רגוע 700מ""ל",יוניליוור,IL,תחליב רחצה פינוק,מיליליטרים,700.00,"100 מ""ל",false,1,10.00,1.43,true,1,
7290107640435,false,פינוק ת.רחצה לרעננות 700,יוניליוור,IL,תחליב רחצה פינוק,מיליליטרים,700.00,"100 מ""ל",false,1,10.00,1.43,true,1,
7290107641098,false,פינוק 2ב1 קשקשים 700 מל,יוניליוור,IL,שמפו פינוק,מיליליטרים,700.00,"100 מ""ל",false,1,10.00,1.43,true,1,
7290107641425,false,דקים בייגלה צורות+שומ300,יוניליוור,IL,בייגלה דקים+שומש,גרמים,300.00,100 גרם,false,1,8.90,2.97,true,1,
7290107641906,false,פינוק רחצה לגבר3ב1 700מל,יוניליוור,IL,פינוק 3 ב1- לגבר,מיליליטרים,700.00,"100 מ""ל",false,1,10.00,1.43,true,1,
7290107641920,false,ג'ל רחצה פינוק לגבר 700מ,יוניליוור,IL,ג'ל רחצה לגבר,מיליליטרים,700.00,"100 מ""ל",false,1,10.00,1.43,true,1,
7290107642675,false,"שמפו פינוק2ב1לגבר 700מ""ל",יוניליוור,IL,שמפו פינוק לגבר,מיליליטרים,700.00,"100 מ""ל",false,1,10.00,1.43,true,1,
7290107870641,false,גלידת סמרטיס נסטלה 900מל,נסטלה,IL,גלידת סמרטיס נסטלה 900מל,מיליליטרים,900.00,"100 מ""ל",false,0,20.90,2.32,true,1,
7290107871297,false,פריכונים מיני עש.תיבול25,"פרח תעשיות מזון בע""מ",IL,פריכונים מיני,גרמים,25.00,100 גרם,false,0,4.20,16.80,true,1,
7290107871556,false,לחמית מיני כפרית 40 גרם,אסם,IL,לחמית מיני כפרית,גרמים,40.00,100 גרם,false,0,3.90,9.75,true,1,
7290107871990,false,פסטה צינורות 500 גרם,זארה,IT,פסטה צינורות,גרמים,500.00,100 גרם,false,0,5.40,1.08,true,1,
7290107873062,false,פתי בר שוקולד מריר500גרם,אסם,IL,פתיבר שוקולד,גרמים,500.00,100 גרם,false,1,10.90,2.18,true,1,
7290107873086,false,פתיתים אפויים פלוס עדשים,אסם,IL,פתיתים אפויים,גרמים,400.00,100 גרם,false,0,6.90,1.73,true,1,
7290107873161,false,סלט פריקסה צבר 320 גרם,צבר,IL,סלט פריקסה צבר,גרמים,320.00,100 גרם,false,0,13.80,4.31,true,1,
7290107873185,false,מלך החומוס+פלפל חריף400ג,צבר,IL,מלך החומוס צבר,גרמים,400.00,100 גרם,false,1,12.40,3.10,true,1,
7290107873208,false,חומוס עשיר בטחינה 400גרם,צבר,IL,מלך החומוס צבר,גרמים,400.00,100 גרם,false,1,12.40,3.10,true,1,
7290107873222,false,חומוס עם חריף 400 גרם,צבר,IL,חומוס עם חריף,גרמים,400.00,100 גרם,false,0,11.80,2.95,true,1,
7290107873239,false,פתי בר קרמל 500גרם,אסם,IL,פתיבר קרמל,גרמים,500.00,100 גרם,false,1,10.90,2.18,true,1,
7290107873437,false,סלט סביח צבר 300 גרם,צבר,IL,סלט סביח צבר,גרמים,300.00,100 גרם,false,0,13.80,4.60,true,1,
7290107874380,false,לחמית מיני חיטה מלאה40ג,אסם,IL,לחמית מיני,גרמים,40.00,100 גרם,false,0,3.90,9.75,true,1,
7290107874427,false,פריכונים מיני זעתר 25גרם,"פרח תעשיות מזון בע""מ",IL,פריכונים מיני,גרמים,25.00,100 גרם,false,0,4.20,16.80,true,1,
7290107874441,false,פריכונ.מיני בצל מקורמל25,"פרח תעשיות מזון בע""מ",IL,פריכונים מיני,גרמים,25.00,100 גרם,false,0,4.20,16.80,true,1,
7290107874700,false,ביסלי נאצ'וס אקסט.צ'יז50,דוגוס,TR,ביסלי נאצ'וס,גרמים,50.00,100 גרם,false,1,3.30,6.60,true,1,
7290107875295,false,"רוטב ויניגרט לייט 290מ""ל",אסם,IL,רוטב ויניגרט,מיליליטרים,290.00,"100 מ""ל",false,1,9.90,3.41,true,1,
7290107875820,false,קרוטונים תיבול ביתי 180ג,עינת,IL,קרוטונים אפויים,גרמים,180.00,100 גרם,false,1,11.80,6.56,true,1,
7290107875912,false,מנה חמה פסטה עגבניות62ג,אסם,IL,מנה חמה,גרמים,62.00,100 גרם,false,1,5.90,9.52,true,1,
7290107876032,false,שקדי מרק ואטריות 400 גרם,אסם,IL,שקדי מרק ואטריות,גרמים,400.00,100 גרם,false,1,10.00,2.50,true,1,
7290107876568,false,מרק נמס עגבניות 19*5 גרם,אסם,IL,מרק נמס עגבנ5.יח,גרמים,95.00,100 גרם,false,1,10.00,10.53,true,1,
7290107876582,false,מרק נמס אפונה 18*5 גרם,אסם,IL,מרק נמס אפונה5יח,גרמים,90.00,100 גרם,false,1,10.00,11.11,true,1,
7290107876605,false,מרק נמס פטריות 17*5 גרם,אסם,IL,מרק נמס פטריות5*,גרמים,85.00,100 גרם,false,1,10.00,11.76,true,1,
7290107876650,false,מלפפונים במלח 7-9 670גרם,בית השיטה,IL,מלפפונים במלח,גרמים,670.00,100 גרם,false,1,5.90,0.88,true,1,
7290107876711,false,עוגת שמרים ריבת חלב340ג,אסם,IL,עוגת שמרים,גרמים,340.00,100 גרם,false,1,16.80,4.94,true,1,
7290107876735,false,עוגת שמרים קינמון 340גרם,אסם,IL,עוגת שמרים,גרמים,340.00,100 גרם,false,1,16.80,4.94,true,1,
7290107876803,false,זיתים חרוזית 560 גרם,בית השיטה,IL,זיתים חרוזית,גרמים,560.00,100 גרם,false,1,8.90,1.59,true,1,
7290107876919,false,"פריכוני תפו""א ע.תיבול23ג",אסם,IL,"פריכונים תפו""א",גרמים,23.00,100 גרם,false,1,4.20,18.26,true,1,
7290107876933,false,פריכונים 3דגנים שום 23גר,אסם,IL,פריכונים 3 דגנים,גרמים,23.00,100 גרם,false,1,4.20,18.26,true,1,
7290107877169,false,חטיפי קרקר ללא גלוטן 150,אסם,IL,חטיפי קרקר,גרמים,150.00,100 גרם,false,1,8.90,5.93,true,1,
7290107877541,false,מרק נמס טעם עוף 26*2 גרם,אסם,IL,מרק נמס טעם עוף,גרמים,52.00,100 גרם,false,1,6.30,12.12,true,1,
7290107877961,false,פרפקטו ספגטי 600 גרם,פסטה זארה,IT,פרפקטו ספגטי,גרמים,600.00,100 גרם,false,1,7.60,1.27,true,1,
7290107877992,false,פרפקטו ספירלי 600 גרם,פסטה זארה,IT,פרפקטו ספירלי,גרמים,600.00,100 גרם,false,1,7.60,1.27,true,1,
7290107878074,false,פייבר וואן שקד+אגוז489גר,ג'נרל מילס,US,דגנים פייבר וואן,גרמים,489.00,100 גרם,false,1,20.90,4.27,true,1,
7290107878548,false,פתיתים דינוזאורים 500גרם,אסם,IL,פתיתים,גרמים,500.00,100 גרם,false,1,6.90,1.38,true,1,
7290107878845,false,עוגת שוק.ציפוי אגוזים320,אסם,IL,עוגת שוקולד הבית,גרמים,380.00,100 גרם,false,1,11.90,3.13,true,1,
7290107878869,false,עוגת שוקולד דאבל ציפס340,אסם,IL,עוגת שוקולד הבית,גרמים,340.00,100 גרם,false,1,11.90,3.50,true,1,
7290107930178,false,סלסה עגבניות חריפה 400גר,שטראוס,IL,סלסה עגבניות,גרמים,400.00,100 גרם,false,1,15.90,3.98,true,1,
7290107931830,false,סלט משוויה 400 גרם,שטראוס,IL,סלט משוויה,גרמים,400.00,100 גרם,false,1,15.90,3.98,true,1,
7290107932080,false,חלב מועשר3% בקבוק 1ליטר,יטבתה,IL,חלב מועשר 3%,ליטרים,1.00,ליטר,false,1,7.50,7.50,true,1,
7290107932127,false,חלב מועשר2% בקבוק 1ליטר,יטבתה,IL,חלב מועשר 2%,ליטרים,1.00,ליטר,false,1,7.50,7.50,true,1,
7290107932134,false,חלב מועשר1% בקבוק 1ליטר,יטבתה,IL,חלב מועשר 1%,ליטרים,1.00,ליטר,false,1,7.50,7.50,true,1,
7290107934473,false,דנונה אקטיביה1.5% 150*8מ,שטראוס,IL,אקטביה 1.5% 8 יח,ליטרים,1.20,ליטר,false,1,21.90,18.25,true,1,
7290107934480,false,דנונה אקטיביה 3% 150*8מ,שטראוס,IL,אקטביה 3% 8 יח,ליטרים,1.20,ליטר,false,1,21.90,18.25,true,1,
7290107934497,false,דנונה אקטיביה1.5% 150*4מ,שטראוס,IL,אקטביה1.5% 4 יח,מיליליטרים,600.00,"100 מ""ל",false,1,12.40,2.07,true,1,
7290107934503,false,דנונה אקטיביה 3% 150*4מל,שטראוס,IL,אקטביה 3% 4 יח,מיליליטרים,600.00,"100 מ""ל",false,1,12.40,2.07,true,1,
7290107936316,false,שוקו יטבתה15%הנחה 225*8מ,יטבתה,IL,שוקו שקיות 8 יח,ליטרים,1.80,ליטר,false,1,16.00,8.89,true,1,
7290107970129,false,ליידי ספיד סטיק רול פרש,קולגייט-פלמוליב,MX,ליידי ספיד סטיק,מיליליטרים,50.00,"100 מ""ל",false,1,15.00,30.00,true,1,
7290107970297,false,תערובת עם גרעיני חמניות,פלאקטורפר מולה,DE,תערובת ללחם,קילוגרמים,1.00,"ק""ג",false,1,10.90,10.90,true,1,
7290107970303,false,תערובת ללחם עם גרעינים1ק,פלאקטורפר מולה,DE,תערובת ללחם,קילוגרמים,1.00,"ק""ג",false,1,10.90,10.90,true,1,
7290107970556,false,ביסקוויט דגנים 350 גרם,אפיפית,IL,ביסקוויט דגנים,גרמים,350.00,100 גרם,false,1,8.90,2.54,true,1,
7290107970570,false,ביסקוויט מצופה שוקולד240,אפיפית,IL,ביסקוויט מצופה,גרמים,240.00,100 גרם,false,1,8.90,3.71,true,1,
7290108200188,false,גולד ג'ל מסיר כתמים 940,רקיט בנקיזר,IT,וניש גולד ג'ל,מיליליטרים,940.00,"100 מ""ל",false,1,19.70,2.10,true,1,
7290108200232,false,גולד אבקה לכב.לבנה 470 ג,רקיט בנקיזר,IT,וניש גולד אבקה,גרמים,470.00,100 גרם,false,1,14.90,3.17,true,1,
7290108200454,false,קולון ג'ל כביסה לבנדר5ל,רקיט בנקיזר,IL,ג'ל כביסה קולון,ליטרים,5.00,ליטר,false,1,38.60,7.72,true,1,
7290108350128,false,40שק.אשפה חזקות אקסטרה,סנו,IL,שקיות אשפה,יחידה,1.00,יחידה,false,1,23.90,23.90,true,1,
7290108350142,false,"סושי שקיות רב""ש 270 יחיד",סנו,IL,"שקיות רב""ש",יחידה,1.00,יחידה,false,1,12.90,12.90,true,1,
7290108350210,false,30שקיות אשפה חזקות75*65ס,סנו,IL,שקיות אשפה חזקות,יחידה,1.00,יחידה,false,1,23.90,23.90,true,1,
7290108350548,false,ספארק לכלים לבנדר+משאבה,סנו,IL,ספארק לכלים,ליטרים,1.00,ליטר,false,1,10.00,10.00,true,1,
7290109351025,false,חומוסטחינה צבר 400 גרם,צבר,IL,חומוסטחינה צבר,גרמים,400.00,100 גרם,false,1,14.20,3.55,true,1,
7296058000526,false,פרכיות כוסמת,,IL,פרכיות כוסמת,גרמים,130.00,100 גרם,false,0,8.80,6.77,true,1,
7296073001928,false,"נקטר תפ""ע צלול שופרסל 1ל",שופרסל,IL,"נקטר תפו""ע צלול",ליטרים,1.00,ליטר,false,0,4.20,4.20,true,1,
7296073001942,false,נקטר תפוזים שופרסל 1ליטר,שופרסל,IL,נקטר תפוזים,ליטרים,1.00,ליטר,false,0,4.20,4.20,true,1,
7296073002543,false,שקיות אשפה,,TR,שקיות אשפה,יחידה,1.00,יחידה,false,0,18.90,18.90,true,1,
7296073002567,false,10שקיות אשפה+שרוך שופרסל,שופרסל,TR,שקיות אשפה,יחידה,1.00,יחידה,false,0,11.80,11.80,true,1,
7296073002574,false,50 שקיות אשפה ענק.שופרסל,שופרסל,HK,שקיות אשפה,יחידה,1.00,יחידה,false,0,13.40,13.40,true,1,
7296073002604,false,200שקיות אוכל19X25סמ גלי,שופרסל,IL,שקיות אוכל,יחידה,1.00,יחידה,false,0,7.80,7.80,true,1,
7296073002611,false,"100 שקיות להקפאה25X35ס""מ",שופרסל,HK,שקיות להקפאה,יחידה,1.00,יחידה,false,0,5.50,5.50,true,1,
7296073002635,false,נייר טואלט סופר דיל 48גל,שופרסל,IL,נייר טואלט,מטרים,883.00,100 מטר,false,0,37.90,4.29,true,1,
7296073005735,false,עוג.סנדוויץ שוק.שופרס150,שופרסל,IL,עוגיות סנדוויץ,גרמים,150.00,100 גרם,false,0,4.00,2.67,true,1,
7296073005742,false,עוג.סנדוויץ וניל שופרסל,שופרסל,IL,עוגיות סנדוויץ,גרמים,150.00,100 גרם,false,0,4.00,2.67,true,1,
7296073005841,false,אפונה ירוקה שופרסל500גרם,מיה,IL,אפונה ירוקה,גרמים,500.00,100 גרם,false,0,5.90,1.18,true,1,
7296073005858,false,בורגול שופרסל 500 גרם,מיה,IL,בורגול,גרמים,500.00,100 גרם,false,0,4.90,0.98,true,1,
7296073005865,false,גריסי פנינה שופרסל500גרם,מיה,IL,גריסי פנינה,גרמים,500.00,100 גרם,false,0,4.90,0.98,true,1,
7296073005872,false,חומוס גדול שופרסל 500גרם,מיה,IL,חומוס גדול,גרמים,500.00,100 גרם,false,0,5.00,1.00,true,1,
7296073005889,false,חומוס לבן ענק שופרסל500ג,מיה,IL,חומוס לבן ענק,גרמים,500.00,100 גרם,false,0,6.90,1.38,true,1,
7296073005896,false,חיטה שופרסל 500 גרם,מיה,IL,חיטה שופרסל,גרמים,500.00,100 גרם,false,0,4.90,0.98,true,1,
7296073005902,false,כוסמת שופרסל 500 גרם,מיה,IL,כוסמת שופרסל,גרמים,500.00,100 גרם,false,0,7.30,1.46,true,1,
7296073005926,false,עדשים אדומות שופרסל500גר,מיה,IL,עדשים אדומות,גרמים,500.00,100 גרם,false,0,5.30,1.06,true,1,
7296073005957,false,שעועית לבנה שופרסל500גרם,מיה,IL,שעועית לבנה,גרמים,500.00,100 גרם,false,0,5.00,1.00,true,1,
7296073006060,false,חומוס לבן ענק שופרסל 1קג,מיה,IL,חומוס לבן ענק,קילוגרמים,1.00,"ק""ג",false,0,12.80,12.80,true,1,
7296073006077,false,שעועית מעורבת שופרסל500ג,מיה,IL,שעועית מעורבת,גרמים,500.00,100 גרם,false,0,12.80,2.56,true,1,
7296073006107,false,"אפונה ירוקה שופרסל 1 ק""ג",מיה,IL,אפונה ירוקה,קילוגרמים,1.00,"ק""ג",false,0,7.80,7.80,true,1,
7296073006176,false,"סוכר שופרסל 1 ק""ג",סוגת,IL,סוכר לבן,קילוגרמים,1.00,"ק""ג",false,0,3.90,3.90,true,1,
7296073006374,false,חרוזי זיתים ירוק.שופר560,שופרסל,,חרוזי זיתים,גרמים,560.00,100 גרם,false,0,8.30,1.48,true,1,
7296073006411,false,מלפ.במלח 10-12שופרסל560ג,שופרסל,IL,מלפפון במלח12-,גרמים,560.00,100 גרם,false,0,5.90,1.05,true,1,
7296073006435,false,מלפ.במלח 18-25שופרסל560ג,שופרסל,IL,מלפפון במלח,גרמים,560.00,100 גרם,false,0,9.40,1.68,true,1,
7296073006541,false,גריסים שופרסל 500 גרם,מיה,IL,גריסים שופרסל,גרמים,500.00,100 גרם,false,0,4.50,0.90,true,1,
7296073007951,false,100 שק.אשפה+שרוך שופרסל,שופרסל,,שקיות אשפה,יחידה,1.00,יחידה,false,0,32.60,32.60,true,1,
7296073009771,false,מים מינרליים שופרסל1.5*6,שופרסל,IT,מים שופרסל 6 יח,ליטרים,9.00,ליטר,false,0,9.90,1.10,true,1,
7296073011118,false,קוסקוס דק שופרסל 350 גרם,אסיף תעשיות מזון,IL,קוסקוס דק,גרמים,350.00,100 גרם,false,0,4.90,1.40,true,1,
7296073011217,false,פסטה פנה ריגטה31שופר500ג,שופרסל,IT,פסטה פנה ריגטה,גרמים,500.00,100 גרם,false,0,4.90,0.98,true,1,
7296073011224,false,פסטה פוסילי36שופר 500גרם,שופרסל,IL,פסטה פוסילי,גרמים,500.00,100 גרם,false,0,4.90,0.98,true,1,
7296073011248,false,פסטה פרפלה מס57שופרסל500,שופרסל,IT,פסטה פרפלה,גרמים,500.00,100 גרם,false,0,4.90,0.98,true,1,
7296073012009,false,קוסקוס בינוני שופרסל350ג,אסיף תעשיות מזון,IL,קוסקוס בינוני,גרמים,350.00,100 גרם,false,0,4.90,1.40,true,1,
7296073016960,false,מפיות נשלפות,שופרסל,IL,מפיות נשלפות,יחידה,1.00,יחידה,false,0,2.90,2.90,true,1,
7296073020356,false,"כוסות ח""פ שופרסל 150 יח'",שופרסל,,"כוסות ח""פ",יחידה,1.00,יחידה,false,0,6.90,6.90,true,1,
7296073020370,false,צלחות גדולות שופרסל 100,שופרסל,IL,"צלחות ח""פ גדולות",יחידה,1.00,יחידה,false,0,17.90,17.90,true,1,
7296073020394,false,"קעריות ח""פ שופרסל 50 יח'",שופרסל,IL,"קעריות ח""פ",יחידה,1.00,יחידה,false,0,12.90,12.90,true,1,
7296073020400,false,"קעריות ח""פ אובלית שופרסל",שופרסל,IL,"קעריות ח""פ",יחידה,1.00,יחידה,false,0,7.90,7.90,true,1,
7296073020431,false,מפיות חד שכבתי 100 יחידו,שופרסל,IL,מפיות חד שכבתי,יחידה,1.00,יחידה,false,0,6.90,6.90,true,1,
7296073020936,false,פטריות חתוכות שופרסל400ג,פרוצ'אמפ,DE,פטריות חתוכות,גרמים,400.00,100 גרם,false,0,4.20,1.05,true,1,
7296073021568,false,"קמח לבן שופרסל 1 ק""ג",שופרסל,IL,קמח לבן,קילוגרמים,1.00,"ק""ג",false,0,3.60,3.60,true,1,
7296073021575,false,"קמח תופח שופרסל 1 ק""ג",שופרסל,IL,קמח תופח מאיליו,קילוגרמים,1.00,"ק""ג",false,0,5.90,5.90,true,1,
7296073021582,false,"סולת חיטה שופרסל 1 ק""ג",שופרסל,IL,סולת חיטה,קילוגרמים,1.00,"ק""ג",false,0,4.00,4.00,true,1,
7296073027713,false,מפיות חד שכבתי 180 יח,שופרסל,IL,מפיות חד שכבתי,יחידה,1.00,יחידה,false,0,8.90,8.90,true,1,
7296073030027,false,מפיות דו שכבתי,שופרסל,IL,מפיות דו שכבתי,יחידה,1.00,יחידה,false,0,6.90,6.90,true,1,
7296073033752,false,שמן קנולה שופרסל 1 ליטר,NV AOR,BE,שמן קנולה 1 ל',ליטרים,1.00,ליטר,false,0,6.90,6.90,true,1,
7296073036500,false,שמן קנולה שופרסל 3 ל',NV AOR,BE,שמן קנולה 3 ל',ליטרים,3.00,ליטר,false,0,19.90,6.63,true,1,
7296073037354,false,"טחינה גולמית שופרסל 1ק""ג",רושדי תעשיות מזון,IL,טחינה גולמית,קילוגרמים,1.00,"ק""ג",false,0,24.70,24.70,true,1,
7296073048954,false,"אורז ריזוטו שופרסל 1 ק""ג",מיה,IL,אורז ריזוטו,קילוגרמים,1.00,"ק""ג",false,0,7.50,7.50,true,1,
7296073048978,false,קרוטונים לסלט שופרסל400ג,שופרסל,IL,קרוטונים לסלט,גרמים,400.00,100 גרם,false,0,15.10,3.78,true,1,
7296073048992,false,פסטרמה בדבש שופרסל 300גר,מעדני יחיעם,IL,פסטרמה בדבש,גרמים,300.00,100 גרם,false,0,19.90,6.63,true,1,
7296073049029,false,כתף בקר שופרסל 300 גרם,מעדני יחיעם,IL,כתף בקר,גרמים,300.00,100 גרם,false,0,29.60,9.87,true,1,
7296073049135,false,אטריות ביצים דקות שופ200,שיבולים בני דרום,IL,אטריות ביצים,גרמים,200.00,100 גרם,false,0,6.80,3.40,true,1,
7296073053743,false,פסטה קונקיליוני39 שופרסל,שופרסל,IT,פסטה קונקיליוני,גרמים,500.00,100 גרם,false,0,4.90,0.98,true,1,
7296073053750,false,פסטה לומקה ריגטה 48 שופר,שופרסל,IT,פסטה לומקה,גרמים,500.00,100 גרם,false,0,4.90,0.98,true,1,
7296073058984,false,גרנולה קראנץ פירות+אג400,שופרסל,DE,גרנולה קראנץ,גרמים,400.00,100 גרם,false,0,13.90,3.48,true,1,
7296073058991,false,מוזלי שופרסל 500 גרם,שופרסל,IL,מוזלי שופרסל,גרמים,500.00,100 גרם,false,0,13.90,2.78,true,1,
7296073059059,false,ברנפלקס שופרסל 500 גרם,שופרסל,DE,ברנפלקס שופרסל,גרמים,500.00,100 גרם,false,0,15.00,3.00,true,1,
7296073059097,false,25 מגבונים להסרת איפור,שופרסל,IL,מגבונים לאיפור,יחידה,1.00,יחידה,false,0,9.90,9.90,true,1,
7296073059691,false,"50 צלחות גדול ח""פ שופרסל",שופרסל,IL,"צלחות ח""פ גדולות",יחידה,1.00,יחידה,false,0,9.90,9.90,true,1,
7296073059707,false,"צלחות קטנות ח""פ שופרסל 5",שופרסל,IL,"צלחות קטנות ח""פ",יחידה,1.00,יחידה,false,0,7.90,7.90,true,1,
7296073059745,false,"לפתניות ח""פ שופרסל 50 יח",שופרסל,IL,"לפתניות ח""פ",יחידה,1.00,יחידה,false,0,7.90,7.90,true,1,
7296073059790,false,"צלחות מרכזיות ח""פ שופרסל",שופרסל,IL,"צלחות מרכז.ח""פ",יחידה,1.00,יחידה,false,0,9.90,9.90,true,1,
7296073059851,false,טחינה שומשום מלא שופ500ג,רושדי תעשיות מזון,IL,טחינה שומשום מלא,גרמים,500.00,100 גרם,false,0,14.80,2.96,true,1,
7296073059998,false,מפיות תלת שכבתי מודפס,שופרסל,IL,מפיות מודפסות,יחידה,1.00,יחידה,false,0,7.90,7.90,true,1,
7296073060024,false,"צלחות קטנות ח""פ שופרסל 1",שופרסל,,"צלחות קטנות ח""פ",יחידה,1.00,יחידה,false,0,12.90,12.90,true,1,
7296073062974,false,"מים מינרל.שופרסל500*6מ""ל",שופרסל,IT,מים מינרלים 6יח',ליטרים,3.00,ליטר,false,0,11.70,3.90,true,1,
7296073066347,false,חלווה מסולסלת שופרסל250ג,"אחדות בע""מ א.ת. ברקן",IL,חלווה מסולסלת,גרמים,250.00,100 גרם,false,0,12.20,4.88,true,1,
7296073066354,false,חטיפי חלווה שופרסל 250 ג,"אחדות בע""מ א.ת. ברקן",IL,חטיפי חלווה,גרמים,250.00,100 גרם,false,0,9.70,3.88,true,1,
7296073066361,false,עוג.סנדביץ' שוקו שופר900,שופרסל,IL,עוגיות סנדביץ',גרמים,900.00,100 גרם,false,0,17.70,1.97,true,1,
7296073066378,false,עוג.סנדביץ' וניל שופר900,שופרסל,IL,עוגיות סנדביץ,גרמים,900.00,100 גרם,false,0,17.70,1.97,true,1,
7296073074434,false,פתי בר גדול שופרסל500גרם,שופרסל,IL,פתי בר שופרסל,גרמים,500.00,100 גרם,false,0,8.90,1.78,true,1,
7296073074533,false,חומץ טבעי 5% שופרסל 1 ל,שופרסל,IL,חומץ טבעי,ליטרים,1.00,ליטר,false,0,5.90,5.90,true,1,
7296073078579,false,דבש טבעי שופרסל 350 גרם,שופרסל,IL,דבש טבעי,גרמים,350.00,100 גרם,false,0,16.40,4.69,true,1,
7296073078586,false,דבש טבעי שופרסל צנצ500גר,שופרסל,IL,דבש טבעי שופרסל,גרמים,500.00,100 גרם,false,0,22.80,4.56,true,1,
7296073078609,false,"דבש טבעי שופרסל 1 ק""ג",שופרסל,IL,דבש טבעי,קילוגרמים,1.00,"ק""ג",false,0,37.90,37.90,true,1,
7296073078777,false,ממחטות אף בניילון 100*5י,שופרסל,,ממחטות אף 100*5י,יחידה,1.00,יחידה,false,0,9.90,9.90,true,1,
7296073078791,false,ממחטות אף בקופסא 150*2יח,שופרסל,IL,מגבוני נייר,יחידה,1.00,יחידה,false,0,11.80,11.80,true,1,
7296073078821,false,4 כריות יפניות שופרסל,פלסטו פוליש,IL,כריות יפניות,יחידה,1.00,יחידה,false,0,7.70,7.70,true,1,
7296073078883,false,9 מטליות ניקוי כללי שופר,שופרסל,IL,מטליות ניקוי 9יח,יחידה,1.00,יחידה,false,0,8.80,8.80,true,1,
7296073078975,false,פריכיות אורז מלא שופר100,שופרסל,IL,פריכיות אורז,גרמים,100.00,100 גרם,false,0,5.90,5.90,true,1,
7296073078982,false,פריכ.אורז 5דגנים שופר100,שופרסל,IL,פריכיות אורז,גרמים,100.00,100 גרם,false,0,5.90,5.90,true,1,
7296073079002,false,פריכ.דקות אורז מלא ש100.,שופרסל,IL,פריכיות דקות,גרמים,100.00,100 גרם,false,0,6.40,6.40,true,1,
7296073079040,false,פריכיות זעתר שופרסל 50גר,שופרסל,IL,פריכיות אורז,גרמים,50.00,100 גרם,false,0,6.90,13.80,true,1,
7296073079057,false,פריכיות מעושן שופרסל50גר,שופרסל,IL,פריכיות שופרסל,גרמים,50.00,100 גרם,false,0,6.90,13.80,true,1,
7296073079354,false,72 מגבונים שופרסל רפיל,שופרסל,IL,מגבונים שופרסל,יחידה,1.00,יחידה,false,0,5.90,5.90,true,1,
7296073079361,false,מגבונים לחים שופר72*6יח,שופרסל,IL,מגבונים לחים 6יח,יחידה,1.00,יחידה,false,0,20.00,20.00,true,1,
7296073079866,false,עגבניות מרוסקות שופר800ג,פריניר,IL,עגבניות מרוסקות,גרמים,800.00,100 גרם,false,0,5.90,0.74,true,1,
7296073079873,false,רכז עגבניות 28%שופר580ג,פריניר,IL,רכז עגבניות 28%,גרמים,580.00,100 גרם,false,0,5.90,1.02,true,1,
7296073079880,false,רסק עגבניות 22%שופר570ג,פריניר,IL,רסק עגבניות,גרמים,570.00,100 גרם,false,0,5.40,0.95,true,1,
7296073079903,false,רסק עגבניות 22%שופר100ג,פריניר,IL,רסק עגבניות,גרמים,100.00,100 גרם,false,0,1.70,1.70,true,1,
7296073080237,false,ופלים ט.שוקולד שופרסל1קג,שופרסל,IL,ופלים שוקולד,קילוגרמים,1.00,"ק""ג",false,0,14.80,14.80,true,1,
7296073080343,false,חצאי אפרסק שופרסל 820גרם,Pavlides,GR,לפתן אפרסקים,גרמים,820.00,100 גרם,false,0,6.40,0.78,true,1,
7296073080497,false,שעועית אפויה שופרסל 570ג,פרי גליל,IL,שעועית אפויה,גרמים,570.00,100 גרם,false,0,6.40,1.12,true,1,
7296073080503,false,אפונה גדולה שופרסל550גרם,פרי גליל,IL,אפונה גדולה,גרמים,550.00,100 גרם,false,0,5.40,0.98,true,1,
7296073080510,false,חומוס שלם שופרסל 560 גרם,פרי גליל,IL,חומוס שלם,גרמים,560.00,100 גרם,false,0,5.40,0.96,true,1,
7296073080534,false,תירס מתוק שופרסל 550 גרם,פרי גליל,IL,תירס גרעינים,גרמים,550.00,100 גרם,false,0,5.80,1.05,true,1,
7296073080558,false,תירס לייט שופרסל 550 גרם,פרי גליל,IL,תירס לייט,גרמים,550.00,100 גרם,false,0,6.50,1.18,true,1,
7296073080824,false,שקיות אוכל שופרסל150*2יח,שופרסל,IL,שקיות אוכל 2 יח,יחידה,1.00,יחידה,false,0,9.90,9.90,true,1,
7296073081135,false,בייבי בטטה,קטיף,IL,בייבי בטטה,יחידה,1.00,יחידה,false,0,5.90,5.90,true,1,
7296073081470,false,ציפוי לשניצל שום שופר400,שופרסל,IL,ציפוי לשניצל,גרמים,400.00,100 גרם,false,0,7.70,1.93,true,1,
7296073081487,false,ציפוי לשניצל פיקנטי 400ג,שופרסל,IL,ציפוי לשניצל,גרמים,400.00,100 גרם,false,0,7.70,1.93,true,1,
7296073081548,false,צמר גפן רפואי שופרסל100ג,שופרסל,IL,צמר גפן רפואי,גרמים,100.00,100 גרם,false,0,5.90,5.90,true,1,
7296073081555,false,צמר גפן גלי שופרסל 100X2,שופרסל,IL,צמר גפן גלי,גרמים,200.00,100 גרם,false,0,11.70,5.85,true,1,
7296073081579,false,צמר גפן נתלש שופרסל100גר,שופרסל,IL,צמר גפן נתלש,גרמים,100.00,100 גרם,false,0,6.90,6.90,true,1,
7296073081661,false,מזון יבש לכלבים שופר3.קג,סנשיין מילס,US,מזון יבש לכלבים,קילוגרמים,3.00,"ק""ג",false,0,39.60,13.20,true,1,
7296073081685,false,מזון יבש לחתול שופר1.5.ק,Tuffy's,US,מזון לחתולים,קילוגרמים,1.50,"ק""ג",false,0,22.90,15.27,true,1,
7296073081692,false,מזון יבש לחתול שופרסל3קג,Tuffy's,US,מזון לחתולים,קילוגרמים,3.00,"ק""ג",false,0,45.50,15.17,true,1,
7296073081845,false,9 כריות יפניות שופרסל,פלסטו פוליש,IL,כריות יפניות,יחידה,1.00,יחידה,false,0,9.80,9.80,true,1,
7296073083771,false,פירורי לחם מתובל.שופר200,שופרסל,IL,פירורי לחם,גרמים,200.00,100 גרם,false,0,5.20,2.60,true,1,
7296073087205,false,ריבת אוכמניות שופרסל370ג,LTD 99 CIMA,BG,ריבת אוכמניות,גרמים,370.00,100 גרם,false,0,9.00,2.43,true,1,
7296073087243,false,קונפ.דובדבנים שופרסל370ג,LTD 99 CIMA,BG,קונפ.דובדבנים,גרמים,370.00,100 גרם,false,0,10.00,2.70,true,1,
7296073087441,false,טונה בשמן שופרסל 160 גרם,תעשיות פילטונה,IL,טונה בשמן,גרמים,160.00,100 גרם,false,0,6.20,3.88,true,1,
7296073087472,false,טונה בשמן שופרסל 160*4גר,תעשיות פילטונה,IL,טונה בשמן 4 יח,גרמים,640.00,100 גרם,false,0,19.90,3.11,true,1,
7296073088615,false,נוזל לאסלה שופרסל 1 ליטר,שופרסל,IL,נוזל לאסלה,ליטרים,1.00,ליטר,false,0,5.00,5.00,true,1,
7296073090502,false,צמר פלדה שופרסל 350 גרם,פלסטו פוליש,IL,צמר פלדה,גרמים,350.00,100 גרם,false,0,12.40,3.54,true,1,
7296073091134,false,שמן זית כתית מעולה750מ,שופרסל,IL,שמן זית כתית,מיליליטרים,750.00,"100 מ""ל",false,0,29.90,3.99,true,1,
7296073091394,false,גרעין לבן קלוי400גשופרסל,ששון,IL,גרעין לבן קלוי,גרמים,400.00,100 גרם,false,0,20.90,5.23,true,1,
7296073091417,false,בוטן קלוי בקליפה400שופרס,ששון,IL,בוטן קלוי בקליפה,גרמים,400.00,100 גרם,false,0,15.80,3.95,true,1,
7296073091462,false,פיסטוק קלוי200ג שופרסל,ששון,IL,פיסטוק חלבי קלוי,גרמים,200.00,100 גרם,false,0,24.90,12.45,true,1,
7296073091486,false,אגוז קשיו קלוי200גשופרסל,ששון,IL,אגוז קשיו קלוי,גרמים,200.00,100 גרם,false,0,19.90,9.95,true,1,
7296073091585,false,שקד קלוף טבעי 200גשופרסל,ששון,IL,שקד קלוף טבעי,גרמים,200.00,100 גרם,false,0,23.90,11.95,true,1,
7296073091608,false,קשיו טבעי 200ג שופרסל,ששון,IL,אגוזי קשיו טבעי,גרמים,200.00,100 גרם,false,0,21.90,10.95,true,1,
7296073091622,false,אגוז ברזיל טבעי 200גשופר,ששון,IL,אגוז ברזיל טבעי,גרמים,200.00,100 גרם,false,0,21.70,10.85,true,1,
7296073091677,false,חמוציות 250גרם שופרסל,ששון,IL,חמוציות 250גרם,גרמים,250.00,100 גרם,false,0,15.90,6.36,true,1,
7296073094203,false,שעווה טבעית למיקרו 500גר,שופרסל,IL,שעווה דבש טבעית,גרמים,500.00,100 גרם,false,0,13.80,2.76,true,1,
7296073094753,false,חלווה וניל שופרסל 500 גר,"אחדות בע""מ א.ת. ברקן",IL,חלווה וניל,גרמים,500.00,100 גרם,false,0,12.20,2.44,true,1,
7296073094760,false,טונה במי מלח שופרסל160*4,תעשיות פילטונה,IL,טונה במי מלח 4יח,גרמים,640.00,100 גרם,false,0,19.90,3.11,true,1,
7296073095583,false,"אצטון שופרסל 100 מ""ל",שופרסל,IL,אצטון שופרסל,מיליליטרים,100.00,"100 מ""ל",false,0,2.80,2.80,true,1,
7296073098287,false,לקט בורגונדי שופרסל 800,פרי גליל,IL,לקט בורגונדי,גרמים,800.00,100 גרם,false,0,17.80,2.23,true,1,
7296073103844,false,תפוח אדמה למיקרו,קטיף,IL,תפוח אדמה למיקרו,יחידה,1.00,יחידה,false,0,5.50,5.50,true,1,
7296073106074,false,טליאטלה שופרסל 500 גרם,שופרסל,IT,פסטה טליאטלה,גרמים,500.00,100 גרם,false,0,9.80,1.96,true,1,
7296073106098,false,פריכיות דק.כוסמת שופר100,שופרסל,IL,פריכיות כוסמת,גרמים,100.00,100 גרם,false,0,6.40,6.40,true,1,
7296073106241,false,מטליות רצפה 6X,,,מטליות רצפה 6X,יחידה,1.00,יחידה,false,0,14.80,14.80,true,1,
7296073107392,false,גרנולה צימוק שקד תפוח400,שופרסל,DE,גרנולה שופרסל,גרמים,400.00,100 גרם,false,0,13.90,3.48,true,1,
7296073107408,false,גרנולה שוקו.פקאן שופר400,שופרסל,IL,גרנולה שוקולד,גרמים,400.00,100 גרם,false,0,13.90,3.48,true,1,
7296073107828,false,שמן סויה שופרסל 1 ליטר,שופרסל,,שמן סויה,ליטרים,1.00,ליטר,false,0,6.90,6.90,true,1,
7296073108245,false,עלי תרד שטופים לאכילה,פרסקו,IL,עלי תרד שטופים,גרמים,200.00,100 גרם,false,0,9.00,4.50,true,1,
7296073108252,false,עלי בייבי שטופים לאכילה,פרסקו,IL,עלי בייבי שטופים,גרמים,110.00,100 גרם,false,0,9.50,8.64,true,1,
7296073108269,false,חסה ערבית שטופה לאכילה,פרסקו,IL,חסה ערבית שטופה,גרמים,250.00,100 גרם,false,0,8.90,3.56,true,1,
7296073108313,false,סלט קולסלאו שטוף לאכילה,פרסקו,IL,סלט קולסלאו שטוף,גרמים,400.00,100 גרם,false,0,8.00,2.00,true,1,
7296073108344,false,לקט קלאסי שטוף לאכילה,פרסקו,IL,לקט קלאסי שטוף,גרמים,350.00,100 גרם,false,0,9.90,2.83,true,1,
7296073108351,false,חסה אייסברג שטופה לאכילה,פרסקו,IL,חסה אייסברג שטוף,גרמים,300.00,100 גרם,false,0,9.90,3.30,true,1,
7296073108368,false,לקט הגינה שטוף לאכילה,פרסקו,IL,לקט הגינה שטוף,גרמים,300.00,100 גרם,false,0,9.90,3.30,true,1,
7296073108467,false,תבניות מאורכות שופרסל 5,שופרסל,IL,תבניות 5 יח',יחידה,1.00,יחידה,false,0,6.90,6.90,true,1,
7296073108474,false,תבניות עם מכסה שופרסל 4,שופרסל,IL,תבניות עם מכסה,יחידה,1.00,יחידה,false,0,9.90,9.90,true,1,
7296073108481,false,תבניות קטנות+מכסה שופרסל,שופרסל,IL,תבניות עם מכסה,יחידה,1.00,יחידה,false,0,7.90,7.90,true,1,
7296073108504,false,תבניות גדולות שופרסל 5 י,שופרסל,IL,תבניות גדולות,יחידה,1.00,יחידה,false,0,9.90,9.90,true,1,
7296073108511,false,3 תבניות ענקיות שופרסל,שופרסל,IL,תבניות ענקיות,יחידה,1.00,יחידה,false,0,9.90,9.90,true,1,
7296073108573,false,קרם קרקר שופרסל 230 גרם,מגדנית הדר,IL,קרם קרקר,גרמים,230.00,100 גרם,false,0,7.50,3.26,true,1,
7296073108610,false,קרקר ח.מלאה+שומש.שופר240,מגדנית הדר,IL,קרקר חיטה מלאה,גרמים,240.00,100 גרם,false,0,7.50,3.13,true,1,
7296073109105,false,תירוש ענבים טבעי 1 ליטר*,הכורמים,IL,תירוש ענבים,ליטרים,1.00,ליטר,false,0,15.90,15.90,true,1,
7296073109822,false,תמר מג'הול 400ג שופרסל,הדיקלאים,IL,תמר מג'הול 400ג,גרמים,400.00,100 גרם,false,0,16.90,4.23,true,1,
7296073112396,false,100צמרונים פלסטיק שופרסל,שופרסל,IL,צמרונים פלסטיק,יחידה,1.00,יחידה,false,0,2.00,2.00,true,1,
7296073112426,false,צמרונים שופרסל 200 יח',שופרסל,IL,צמרונים שופרסל 200 יח',יחידה,1.00,יחידה,false,0,5.90,5.90,true,1,
7296073112433,false,צמרונים שופרסל 400 יח',שופרסל,IL,מקלוני צמר גפן,יחידה,1.00,יחידה,false,0,10.10,10.10,true,1,
7296073112457,false,קוסקוס חיטה מלא.שופר350ג,אסיף תעשיות מזון,IL,קוסקוס,גרמים,350.00,100 גרם,false,0,5.70,1.63,true,1,
7296073112617,false,6 ספוג.לניקוי מופלא שופר,שופרסל,DE,6 ספוג.לניקוי מופלא שופר,יחידה,1.00,יחידה,false,0,8.80,8.80,true,1,
7296073113263,false,חרדל צרפתי שופרסל 370גרם,שופרסל,FR,חרדל צרפתי,גרמים,370.00,100 גרם,false,0,6.50,1.76,true,1,
7296073115717,false,סודה לשתיה שופרסל 50 גרם,שופרסל,,סודה לשתיה,גרמים,50.00,100 גרם,false,0,2.10,4.20,true,1,
7296073115724,false,אבקת אפיה שופרסל 10X10גר,שופרסל,IL,אבקת אפיה 10יח,גרמים,100.00,100 גרם,false,0,3.00,3.00,true,1,
7296073115731,false,אבקת סוכר שופרסל 100 גרם,שופרסל,IL,אבקת סוכר,גרמים,100.00,100 גרם,false,0,1.80,1.80,true,1,
7296073115748,false,סוכר וניל שופרסל 10X10גר,שופרסל,IL,סוכר וניל 10יח,גרמים,100.00,100 גרם,false,0,2.50,2.50,true,1,
7296073115755,false,קורנפלור שופרסל 500 גרם,שופרסל,,קורנפלור,גרמים,500.00,100 גרם,false,0,4.90,0.98,true,1,
7296073115762,false,קורנפלור שופרסל 200 גרם,שופרסל,IL,קורנפלור,גרמים,200.00,100 גרם,false,0,3.50,1.75,true,1,
7296073116769,false,קוקוס טחון שופרסל 100גרם,מיה,IL,קוקוס טחון,גרמים,100.00,100 גרם,false,0,3.80,3.80,true,1,
7296073116783,false,שומשום שופרסל 100 גרם,מיה,IL,שומשום שופרסל,גרמים,100.00,100 גרם,false,0,3.50,3.50,true,1,
7296073116790,false,שומשום שופרסל 400 גרם,מיה,IL,שומשום שופרסל,גרמים,400.00,100 גרם,false,0,10.90,2.73,true,1,
7296073116806,false,שמן סויה שופרסל 3 ליטר,שופרסל,,שמן סויה,ליטרים,3.00,ליטר,false,0,20.40,6.80,true,1,
7296073116813,false,קמח תירס שופרסל 400 גרם,מיה,IL,קמח תירס,גרמים,400.00,100 גרם,false,0,5.50,1.38,true,1,
7296073116820,false,"קמח תפו""א שופרסל 500 גרם",מיה,IL,"קמח תפו""א",גרמים,500.00,100 גרם,false,0,6.00,1.20,true,1,
7296073116837,false,קוואקר שופרסל 500 גרם,שופרסל,DE,קוואקר שופרסל,גרמים,500.00,100 גרם,false,0,9.60,1.92,true,1,
7296073117094,false,שוק.צ'יפס מריר שופרסל300,אופנהיימר,IL,שוקולד צ'יפס,גרמים,300.00,100 גרם,false,0,9.80,3.27,true,1,
7296073117605,false,30 כפפות לטקס שופרסל,שופרסל,IL,כפפות לטקס,יחידה,1.00,יחידה,false,0,11.80,11.80,true,1,
7296073117629,false,זוג כפפות גומי S שופרסל,שופרסל,IL,כפפות גומי,יחידה,1.00,יחידה,false,0,7.80,7.80,true,1,
7296073117636,false,זוג כפפות גומי M שופרסל,שופרסל,IL,כפפות גומי,יחידה,1.00,יחידה,false,0,7.80,7.80,true,1,
7296073117643,false,זוג כפפות גומי L שופרסל,שופרסל,CN,כפפות גומי,יחידה,1.00,יחידה,false,0,7.80,7.80,true,1,
7296073117650,false,זוג כפפות גומי XL שופרסל,שופרסל,,זוג כפפות שופרסל,יחידה,1.00,יחידה,false,0,7.80,7.80,true,1,
7296073117872,false,חרוזי זיתים מושחר שופ560,שופרסל,IL,חרוזי זיתים,גרמים,540.00,100 גרם,false,0,7.60,1.41,true,1,
7296073118770,false,עלי בייבי שטופים לאכילה,פרסקו,IL,עלי בייבי שטופים,גרמים,300.00,100 גרם,false,0,12.90,4.30,true,1,
7296073118787,false,תע'חסה אלון שטופה לאכילה,פרסקו,IL,תער' חסה אלון,גרמים,350.00,100 גרם,false,0,9.90,2.83,true,1,
7296073119302,false,60 שקיות מתכלות שופרסל,שופרסל,TR,שקיות אשפה,יחידה,1.00,יחידה,false,0,19.80,19.80,true,1,
7296073120018,false,100 נרות חימום בלוק,שופרסל,IL,נרות חימום,יחידה,1.00,יחידה,false,0,19.70,19.70,true,1,
7296073121176,false,תמר חלאוי 400ג שופרסל,הדיקלאים,IL,תמר חלאוי400גרם,גרמים,400.00,100 גרם,false,0,12.90,3.23,true,1,
7296073121183,false,תמר דקל נור 400ג שופרסל,הדיקלאים,IL,תמר דקל נור 400ג,גרמים,400.00,100 גרם,false,0,12.90,3.23,true,1,
7296073121190,false,תמר אמרי 400גרם שופרסל,הדיקלאים,IL,תמר אמרי 400 גרם,גרמים,400.00,100 גרם,false,0,12.90,3.23,true,1,
7296073122333,false,שקדי מרק בשקית שופר400.ג,שופרסל,IL,שקדי מרק בשקית,גרמים,400.00,100 גרם,false,0,6.90,1.73,true,1,
7296073123675,false,מיץ עגבניות בק.זכוכית 1ל,שופרסל,IL,מיץ עגבניות,ליטרים,1.00,ליטר,false,0,6.80,6.80,true,1,
7296073123729,false,"תמצית וניל שופרסל 50 מ""ל",מיה,IL,תמצית וניל,מיליליטרים,50.00,"100 מ""ל",false,0,3.80,7.60,true,1,
7296073123972,false,ניוקי קטנים שופרסל500גרם,שופרסל,IT,ניוקי קטנים,גרמים,500.00,100 גרם,false,0,9.80,1.96,true,1,
7296073124016,false,עדשים שחורות שופרסל 500ג,מיה,IL,עדשים שחורות,גרמים,500.00,100 גרם,false,0,8.00,1.60,true,1,
7296073124375,false,פירורי לחם חיטה מלאה200ג,שופרסל,IL,פירורי לחם,גרמים,200.00,100 גרם,false,0,5.90,2.95,true,1,
7296073124382,false,ספגטיני מספר 3 שופרסל500,שופרסל,IT,ספגטיני מס' 3,גרמים,500.00,100 גרם,false,0,4.90,0.98,true,1,
7296073124399,false,ספגטי מספר 5 שופרסל 500ג,שופרסל,IT,ספגטי מס' 5,גרמים,500.00,100 גרם,false,0,4.90,0.98,true,1,
7296073125303,false,מלפפונים בחומץ 7-9 540גר,שופרסל,,מלפפונים בחומץ,גרמים,540.00,100 גרם,false,0,5.30,0.98,true,1,
7296073125525,false,עוגות אישיות קרם שוקו350,שופרסל,IT,עוגות אישיות,גרמים,350.00,100 גרם,false,0,10.00,2.86,true,1,
7296073125532,false,עוגות אישיות ק.חלב350גרם,שופרסל,IT,עוגות אישיות,גרמים,350.00,100 גרם,false,0,10.00,2.86,true,1,
7296073125822,false,שמן חמניות שופרסל 1 ליטר,NV AOR,BE,שמן חמניות,ליטרים,1.00,ליטר,false,0,12.50,12.50,true,1,
7296073125907,false,מי פה ט.מנטה שופרסל500מל,שופרסל,ES,מי פה מנטה,מיליליטרים,500.00,"100 מ""ל",false,0,16.80,3.36,true,1,
7296073125952,false,"אורז יסמין שופרסל 1 ק""ג",ltd co produce Uthai,TH,אורז יסמין,קילוגרמים,1.00,"ק""ג",false,0,9.80,9.80,true,1,
7296073128267,false,מעדן פירות אדומ.שופר284ג,LTD 99 CIMA,BG,מעדן פירות אדומ.,גרמים,284.00,100 גרם,false,0,10.00,3.52,true,1,
7296073129431,false,פתיתים קוסקוס שופרסל500ג,אסיף תעשיות מזון,IL,פתיתים קוסקוס,גרמים,500.00,100 גרם,false,0,4.90,0.98,true,1,
7296073129448,false,פתיתים טבעות שופרסל500גר,אסיף תעשיות מזון,IL,פתיתים טבעות,גרמים,500.00,100 גרם,false,0,4.90,0.98,true,1,
7296073129455,false,פתיתים אורז שופרסל 500גר,אסיף תעשיות מזון,IL,פתיתים אורז,גרמים,500.00,100 גרם,false,0,4.90,0.98,true,1,
7296073129479,false,פתיתים כוכבים שופרסל500ג,אסיף תעשיות מזון,IL,פתיתים כוכבים,גרמים,500.00,100 גרם,false,0,4.90,0.98,true,1,
7296073129516,false,נר נשמה 24 שעות שופרסל,שופרסל,IL,נר נשמה,יחידה,1.00,יחידה,false,0,2.00,2.00,true,1,
7296073129530,false,נרות חימום בשקית 50 יח',שופרסל,IL,נרות חימום,יחידה,1.00,יחידה,false,0,9.90,9.90,true,1,
7296073129547,false,קנולה כבישה קרה שופרסל1ל,NV AOR,BE,שמן קנולה,ליטרים,1.00,ליטר,false,0,13.10,13.10,true,1,
7296073130499,false,"מיץ לימון שופרסל 200 מ""ל",סי פרווידר,IT,מיץ לימון שופרסל,מיליליטרים,200.00,"100 מ""ל",false,0,5.50,2.75,true,1,
7296073130635,false,נקטר אקזוטי שופרסל 1ליטר,שופרסל,IL,נקטר אקזוטי,ליטרים,1.00,ליטר,false,0,4.20,4.20,true,1,
7296073132165,false,ממרח קרם קקאו+אגוזים350ג,שופרסל,IT,ממרח קרם קקאו,גרמים,350.00,100 גרם,false,0,8.90,2.54,true,1,
7296073132448,false,שמן תירס שופרסל 1 ליטר,NV AOR,BE,שמן תירס שופרסל,ליטרים,1.00,ליטר,false,0,13.00,13.00,true,1,
7296073132462,false,לבבות דקל חתוכ.שופר400.ג,אינדוסטריה אגריקולה,EC,לבבות דקל,גרמים,400.00,100 גרם,false,0,8.00,2.00,true,1,
7296073132479,false,לבבות דקל שלמים שופר400ג,אינדוסטריה אגריקולה,EC,לבבות דקל שלמים,גרמים,400.00,100 גרם,false,0,8.50,2.13,true,1,
7296073132806,false,חרוזי זיתים שופרסל560גרם,קבוצת יבנה,IL,חרוזי זיתים,גרמים,560.00,100 גרם,false,0,8.30,1.48,true,1,
7296073132820,false,סלק בואקום 500 גרם,שופרסל,XX,סלק בואקום 500ג,גרמים,500.00,100 גרם,false,0,8.00,1.60,true,1,
7296073132936,false,עוגת מאפין שיש שופרסל400,גידרון,IL,עוגת מאפין,גרמים,400.00,100 גרם,false,0,9.90,2.48,true,1,
7296073132943,false,עוגת מאפין שוק.שופרסל400,גידרון,IL,עוגת מאפין,גרמים,400.00,100 גרם,false,0,9.90,2.48,true,1,
7296073132950,false,עוגת מאפין וניל שופר400ג,גידרון,IL,עוגת מאפין,גרמים,400.00,100 גרם,false,0,9.90,2.48,true,1,
7296073132967,false,מגבוני אף לתינוק 30 יח',שופרסל,IL,מגבוני אף לתינוק,יחידה,1.00,יחידה,false,0,8.00,8.00,true,1,
7296073132981,false,25צלחות בינונ.לבן שופרסל,שופרסל,IL,צלחות בינוניות,יחידה,1.00,יחידה,false,0,12.90,12.90,true,1,
7296073133001,false,קעריות מרק לבן שופרסל 25,שופרסל,,קעריות מרק,יחידה,1.00,יחידה,false,0,9.90,9.90,true,1,
7296073133063,false,צלחות בינונית קרם שופרסל,שופרסל,IL,צלחות בינוניות,יחידה,1.00,יחידה,false,0,12.90,12.90,true,1,
7296073134442,false,קרקר חיטה שופרסל 300 גרם,שופרסל,IL,קרקר חיטה,גרמים,300.00,100 גרם,false,0,12.80,4.27,true,1,
7296073134534,false,קפה טורקי שופרסל 100 גרם,שופרסל,IL,קפה טורקי שופרסל,גרמים,100.00,100 גרם,false,0,5.00,5.00,true,1,
7296073134879,false,"משק""ל תפוזים שופרסל 1.5ל",שופרסל,IL,משקה קל תפוזים,ליטרים,1.50,ליטר,false,0,4.90,3.27,true,1,
7296073134916,false,"משק""ל ענבים שופרסל 1.5 ל",שופרסל,IL,משקה קל ענבים,ליטרים,1.50,ליטר,false,0,4.90,3.27,true,1,
7296073136859,false,חמאת בוטנים+שבבים שופ510,שופרסל,US,חמאת בוטנים,גרמים,510.00,100 גרם,false,0,12.90,2.53,true,1,
7296073137443,false,רצועת באלי בצבעים שופרסל,שופרסל,CN,רצועת באלי,יחידה,1.00,יחידה,false,0,9.80,9.80,true,1,
7296073137467,false,רצועת רחצה ליפה שופרסל,שופרסל,,רצועת רחצה ליפה,יחידה,1.00,יחידה,false,0,11.80,11.80,true,1,
7296073137474,false,רצועת רחצה חבל שופרסל,שופרסל,CN,רצועת רחצה חבל,יחידה,1.00,יחידה,false,0,11.80,11.80,true,1,
7296073137481,false,ספוג אובלי מחבל טבעי,שופרסל,,ספוג אובלי מחבל,יחידה,1.00,יחידה,false,0,9.80,9.80,true,1,
7296073137580,false,ספוג בצורת חיות לילדים,שופרסל,IL,ספוג רחצה לילדים,יחידה,1.00,יחידה,false,0,11.80,11.80,true,1,
7296073137603,false,זוג חצי בגט כמעט אפוי,שופרסל,FR,זוג חצי בגט,גרמים,300.00,100 גרם,false,0,7.80,2.60,true,1,
7296073140184,false,עוגת מאפין תפוז שופר400ג,גידרון,IL,עוגת מאפין תפוז,גרמים,400.00,100 גרם,false,0,9.90,2.48,true,1,
7296073140672,false,ממרח קרם קקאו שופרסל750ג,שופרסל,,ממרח קרם קקאו,גרמים,750.00,100 גרם,false,0,18.70,2.49,true,1,
7296073140801,false,חטיף חלבה וניל שופרסל100,"אחדות בע""מ א.ת. ברקן",IL,חטיף חלבה שופרסל,גרמים,100.00,100 גרם,false,0,2.80,2.80,true,1,
7296073140979,false,60מגן תחתון נורמל שופרסל,שופרסל,IL,מגן תחתון שופרסל,יחידה,1.00,יחידה,false,0,11.90,11.90,true,1,
7296073140986,false,52מגן תחתון לארג' שופרסל,שופרסל,IL,מגן תחתון שופרסל,יחידה,1.00,יחידה,false,0,11.90,11.90,true,1,
7296073140993,false,28 תחבושות נורמל+ שופרסל,שופרסל,DE,תחבושות שופרסל,יחידה,1.00,יחידה,false,0,11.80,11.80,true,1,
7296073141006,false,24 תחבושות סופר+ שופרסל,שופרסל,DE,תחבושות שופרסל,יחידה,1.00,יחידה,false,0,11.80,11.80,true,1,
7296073141082,false,נרות חימום בשקית,,IL,נרות חימום בשקית,יחידה,1.00,יחידה,false,0,19.60,19.60,true,1,
7296073141143,false,שוקולד חלב שופרסל100 גרם,שופרסל,CH,שוקולד חלב,גרמים,100.00,100 גרם,false,0,5.00,5.00,true,1,
7296073141150,false,שוקולד מריר שוויצרי100ג,שופרסל,CH,שוקולד מריר,גרמים,100.00,100 גרם,false,0,5.00,5.00,true,1,
7296073143437,false,"ברנפלקס ללת""ס שופרסל 500",שופרסל,,"ברנפלקס ללת""ס",גרמים,500.00,100 גרם,false,0,16.80,3.36,true,1,
7296073143727,false,פתיתים קוסקוס 3 צבעים500,אסיף תעשיות מזון,IL,פתיתים קוסקוס,גרמים,500.00,100 גרם,false,0,5.90,1.18,true,1,
7296073146933,false,שוק.אוורירי מריר שופר100,שופרסל,CH,שוקולד אוורירי,גרמים,100.00,100 גרם,false,0,5.00,5.00,true,1,
7296073146957,false,שוק.חלב שברי אגוז שופ100,שופרסל,CH,שוקולד חלב אגוז,גרמים,100.00,100 גרם,false,0,5.00,5.00,true,1,
7296073150435,false,תערובת לעוגה,,,תערובת לעוגה,גרמים,560.00,100 גרם,false,0,14.00,2.50,true,1,
7296073150527,false,קורנפלקס שופרסל 750 גרם,שופרסל,,קורנפלקס שופרסל,גרמים,750.00,100 גרם,false,0,10.90,1.45,true,1,
7296073150756,false,שוקולד אגוזים3יח,,CH,שוקולד אגוזים3יח,גרמים,300.00,100 גרם,false,0,13.80,4.60,true,1,
7296073151463,false,פריכיות דקות דל נתרן100ג,שופרסל,IL,פריכיות דקות,גרמים,100.00,100 גרם,false,0,6.40,6.40,true,1,
7296073151524,false,צנימים שופרסל 320 גרם,שופרסל,IT,צנימים שופרסל,גרמים,320.00,100 גרם,false,0,8.60,2.69,true,1,
7296073151548,false,"מלח בישול שופרסל 1 ק""ג",מלח הארץ אילת,IL,מלח בישול שופרסל,קילוגרמים,1.00,"ק""ג",false,0,1.80,1.80,true,1,
7296073151555,false,"מלח שולחן שופרסל 1 ק""ג",מלח הארץ אילת,IL,מלח שולחן שופרסל,קילוגרמים,1.00,"ק""ג",false,0,1.80,1.80,true,1,
7296073151616,false,"כפות ח""פ 100 יח",,IL,"כפות ח""פ 100 יח",יחידה,1.00,יחידה,false,0,5.90,5.90,true,1,
7296073152453,false,קפה טורקי ואקום שופר200ג,שופרסל,IL,קפה טורקי בואקום,גרמים,200.00,100 גרם,false,0,14.10,7.05,true,1,
7296073153337,false,מקרוני בוקטיני מס14 500ג,שופרסל,IT,מקרוני בוקטיני,גרמים,500.00,100 גרם,false,0,4.90,0.98,true,1,
7296073153849,false,זוג רדידי אלומינ7.5*0.3מ,שופרסל,IL,זוג רדידי אלומינ,מטרים,15.00,מטר,false,0,9.80,0.65,true,1,
7296073153870,false,זוג רדיד.אלומינ7.5*0.45מ,שופרסל,IL,זוג רדידי אלומינ,מטרים,15.00,מטר,false,0,15.80,1.05,true,1,
7296073153894,false,ניילון נצמד שופרסל 30*2מ,שופרסל,IL,זוג ניילון נצמד,מטרים,60.00,מטר,false,0,8.80,0.15,true,1,
7296073156246,false,עוגת בראוניס ש.צ'יפס400ג,גידרון,IL,עוגת בראוניס,גרמים,400.00,100 גרם,false,0,13.80,3.45,true,1,
7296073156604,false,שוק.חלב עם אגוזי לוז100ג,שופרסל,CH,שוקולד+אגוזי לוז,גרמים,100.00,100 גרם,false,0,6.80,6.80,true,1,
7296073156611,false,שוקולד מריר 60% קקאו100ג,שופרסל,,שוקולד מריר 60%,גרמים,100.00,100 גרם,false,0,6.80,6.80,true,1,
7296073156628,false,שוק.מריר+אגוזי לוז 100גר,שופרסל,,שוקולד+אגוזי לוז,גרמים,100.00,100 גרם,false,0,6.80,6.80,true,1,
7296073160670,false,פסטה גנצ'טי 3 דקות 500 ג,שופרסל,,פסטה גנצ'ט'י,גרמים,500.00,100 גרם,false,0,5.90,1.18,true,1,
7296073161493,false,שוק.מריר60%שופרסל 100*2ג,שופרסל,,שוקולד מריר זוג,גרמים,200.00,100 גרם,false,0,11.80,5.90,true,1,
7296073161509,false,שוק.חלב אגוזי לוז100*3גר,שופרסל,CH,שוקולד אגוז 3 יח,גרמים,300.00,100 גרם,false,0,14.90,4.97,true,1,
7296073161721,false,נייר אפיה שופרסל 50 דפים,שופרסל,NO,נייר אפיה שופרסל,יחידה,1.00,יחידה,false,0,12.90,12.90,true,1,
7296073161981,false,עוג.מילוי קרם שוק.שופ150,שופרסל,,עוגיות קרם שוקו,גרמים,150.00,100 גרם,false,0,7.50,5.00,true,1,
7296073162520,false,ברזלית בצלינדר שופרסל6יח,פלסטו פוליש,IL,ברזלית בצלינדר,יחידה,1.00,יחידה,false,0,13.80,13.80,true,1,
7296073163084,false,נקניקיות וינר שופרסל400ג,מעדני יחיעם,IL,נקניקיות וינר,גרמים,400.00,100 גרם,false,0,11.80,2.95,true,1,
7296073163107,false,נקניקיות וינר שופרסל1.5ק,שופרסל,IL,נקניקיות וינר,קילוגרמים,1.50,"ק""ג",false,0,28.90,19.27,true,1,
7296073163190,false,גרנולה אגוזים שופרסל400ג,שופרסל,,גרנולה אגוזים,גרמים,400.00,100 גרם,false,0,17.70,4.43,true,1,
7296073169239,false,רוטב עגבניות לשקשוקה260ג,שופרסל,,רוטב לשקשוקה,גרמים,260.00,100 גרם,false,0,3.90,1.50,true,1,
7296073169253,false,רוטב עגבניות עם שום260גר,שופרסל,,רוטב עגבניות,גרמים,260.00,100 גרם,false,0,3.90,1.50,true,1,
7296073169260,false,עגבנ.מרוסקות שופרסל260גר,שופרסל,,עגבניות מרוסקות,גרמים,260.00,100 גרם,false,0,3.90,1.50,true,1,
7296073169543,false,40 מטליות רב שימושיות,שופרסל,IL,"מטליות רב""ש",יחידה,1.00,יחידה,false,0,18.70,18.70,true,1,
7296073169550,false,3 מטליות מיקרופייבר שופר,שופרסל,,מטליות מיקרופיבר,יחידה,1.00,יחידה,false,0,12.80,12.80,true,1,
7296073169796,false,שוקולד מריר נוגט+שקד100ג,שופרסל,,שוקולד מריר נוגט,גרמים,100.00,100 גרם,false,0,7.80,7.80,true,1,
7296073169802,false,שוק.חלב נוגט+שקד+שופר100,שופרסל,,שוקולד חלב נוגט,גרמים,100.00,100 גרם,false,0,7.80,7.80,true,1,
7296073169833,false,שוק.מריר 72%ל.סוכר100גר,שופרסל,,שוקולד ללא סוכר,גרמים,100.00,100 גרם,false,0,8.80,8.80,true,1,
7296073169840,false,שוק.חלב ל.סוכר שופרסל100,שופרסל,,שוקולד ללא סוכר,גרמים,100.00,100 גרם,false,0,8.80,8.80,true,1,
7296073169857,false,שוק.חלב+אגוז ללא סוכר100,שופרסל,,שוקולד ללא סוכר,גרמים,100.00,100 גרם,false,0,8.80,8.80,true,1,
7296073170143,false,מטליות לניקוי כללי 50יח,שופרסל,,מטליות לחות,יחידה,1.00,יחידה,false,0,9.90,9.90,true,1,
7296073170167,false,וופל בלגי מצופה שופרס400,גילרו,IL,ופל בלגי מצופה,גרמים,400.00,100 גרם,false,0,9.80,2.45,true,1,
7296073170464,false,סודה ממים מינרלים 1.5*4ל,שופרסל,,סודה שופרסל 4 יח,ליטרים,6.00,ליטר,false,0,9.40,1.57,true,1,
7296073170839,false,שוקולד לבן שוויצרי 100גר,שופרסל,,שוקולד לבן,גרמים,100.00,100 גרם,false,0,5.00,5.00,true,1,
7296073170853,false,צ'יפס קלאסי שופרסל 2.5קג,תפוגן,IL,צ'יפס קלאסי,קילוגרמים,2.50,"ק""ג",false,0,29.90,11.96,true,1,
7296073170860,false,צ'יפס קלאסי שופרסל 1.5קג,תפוגן,IL,צ'יפס קלאסי,קילוגרמים,1.50,"ק""ג",false,0,22.90,15.27,true,1,
7296073170877,false,צ'יפס אמריקאי שופרסל 1.5,תפוגן,IL,צ'יפס אמריקאי,קילוגרמים,1.50,"ק""ג",false,0,22.90,15.27,true,1,
7296073170891,false,צ'יפס זיגזג שופרסל 1.5קג,תפוגן,IL,צ'יפס זיגזג,קילוגרמים,1.50,"ק""ג",false,0,22.90,15.27,true,1,
7296073171362,false,כדורי צמר גפן,,,כדורי צמר גפן,יחידה,1.00,יחידה,false,0,6.80,6.80,true,1,
7296073173199,false,אפונה ירוקה עדינה שופרסל,שופרסל,IL,אפונה עדינה,גרמים,600.00,100 גרם,false,0,14.90,2.48,true,1,
7296073173205,false,שעועית ירוקה עדינה שופרס,ARDO,BE,שעועית ירוקה,גרמים,600.00,100 גרם,false,0,18.90,3.15,true,1,
7296073179689,false,עינוגי פקאן שופרסל 400גר,שופרסל,DE,עינוגי פקאן,גרמים,400.00,100 גרם,false,0,17.90,4.48,true,1,
7296073180203,false,עלי רוקט שטופים 150גרם,פרסקו,IL,עלי רוקט150ג',גרמים,150.00,100 גרם,false,0,9.50,6.33,true,1,
7296073180210,false,עלי תרד שטופים 400גרם,פרסקו,IL,עלי תרד 400גרם,גרמים,400.00,100 גרם,false,0,15.00,3.75,true,1,
7296073180265,false,מגבונים נשטפ.לילדים40*3,שופרסל,,מגבונים נשטפים3*,יחידה,1.00,יחידה,false,0,9.80,9.80,true,1,
7296073180425,false,רוטב לפסטה,,,רוטב לפסטה,גרמים,350.00,100 גרם,false,0,10.80,3.09,true,1,
7296073180432,false,רוטב לפסטה,,,רוטב לפסטה,גרמים,350.00,100 גרם,false,0,10.80,3.09,true,1,
7296073180548,false,א.מלך טבעי קלוף150גשופרס,ששון,IL,א.מלך טבעי קלוף,גרמים,150.00,100 גרם,false,0,14.90,9.93,true,1,
7296073180630,false,מטליות לחות לרצפה 10יח,טרופיקל דגיל,IL,מטליות לחות,יחידה,1.00,יחידה,false,0,9.80,9.80,true,1,
7296073180784,false,צפיות חד שכבתי,,,צפיות חד שכבתי,יחידה,1.00,יחידה,false,0,4.40,4.40,true,1,
7296073180852,false,חטיפי דגנים 5 יח,,,חטיפי דגנים 5 יח,גרמים,210.00,100 גרם,false,0,11.90,5.67,true,1,
7296073180876,false,טלק ריחני שופרסל,,IL,טלק ריחני שופרסל,גרמים,200.00,100 גרם,false,0,10.00,5.00,true,1,
7296073180944,false,מטלית רצפה,,CN,מטלית רצפה,יחידה,1.00,יחידה,false,0,8.80,8.80,true,1,
7296073187363,false,פחם דרום אמריקאי,,PY,פחם דרום אמריקאי,קילוגרמים,2.00,"ק""ג",false,0,12.90,6.45,true,1,
7296073188520,false,נייר סנדביץ,,PL,נייר סנדביץ,יחידה,1.00,יחידה,false,0,11.70,11.70,true,1,
7296073188704,false,חטיפי קרקר,,,חטיפי קרקר,גרמים,300.00,100 גרם,false,0,8.90,2.97,true,1,
7296073189282,false,פולי סויה בקליפה 450גרם,LTD NEWLAND,CN,פולי סויה,גרמים,450.00,100 גרם,false,0,11.90,2.64,true,1,
7296073189558,false,קרקר מלוח,,IL,קרקר מלוח,גרמים,220.00,100 גרם,false,0,6.40,2.91,true,1,
7296073189589,false,פקאן טבעי 200גרם שופרסל,שקרצי,IL,פקאן טבעי 200גרם,גרמים,200.00,100 גרם,false,0,28.90,14.45,true,1,
7296073189671,false,ג.דלעת קלוף 150גרם שופרס,ששון,IL,גרעין דלעת 150ג,גרמים,150.00,100 גרם,false,0,13.80,9.20,true,1,
7296073189688,false,ג.חמניה קלוף150ג שופרסל,ששון,IL,גרעין חמניה 150ג,גרמים,150.00,100 גרם,false,0,5.80,3.87,true,1,
7296073190615,false,פריכיות אורז,,,פריכיות אורז,גרמים,264.00,100 גרם,false,0,13.90,5.27,true,1,
7296073190783,false,מדליק פחמים,,DE,מדליק פחמים,יחידה,1.00,יחידה,false,0,6.80,6.80,true,1,
7296073191162,false,יין אדום מתוק קדרון650מל,הכורמים,IL,יין אדום קדרון,מיליליטרים,650.00,"100 מ""ל",false,0,14.40,2.22,true,1,
7296073191421,false,קפה טורקי 4 יח,,IL,קפה טורקי 4 יח,גרמים,400.00,100 גרם,false,0,17.90,4.48,true,1,
7296073192893,false,סבון כחול שופרסל 500*3,אמיליה קוסמטיקס,IL,סבון שופרסל,ליטרים,1.50,ליטר,false,0,13.80,9.20,true,1,
7296073192930,false,סבון ורוד שופרסל 500*3,אמיליה קוסמטיקס,IL,סבון שופרסל,ליטרים,1.50,ליטר,false,0,13.80,9.20,true,1,
7296073192947,false,סבון ירוק שופרסל 500*3,אמיליה קוסמטיקס,IL,סבון שופרסל,ליטרים,1.50,ליטר,false,0,13.80,9.20,true,1,
7296073193784,false,כרובית שטופה 500גרם,פרסקו,IL,כרובית שטופה,גרמים,500.00,100 גרם,false,0,13.00,2.60,true,1,
7296073193791,false,ברוקולי שטוף 400גרם,פרסקו,IL,ברוקולי שטוף,גרמים,400.00,100 גרם,false,0,15.00,3.75,true,1,
7296073195122,false,דייסת אורז שופרסל200גרם,שופרסל,IL,דייסת אורז,גרמים,200.00,100 גרם,false,0,9.80,4.90,true,1,
7296073195191,false,טחינה שומשום מלא גרין500,"אחדות בע""מ א.ת. ברקן",IL,טחינה שומשום מלא,גרמים,500.00,100 גרם,false,0,16.50,3.30,true,1,
7296073195269,false,פריכיות קינואה,,IL,פריכיות קינואה,גרמים,100.00,100 גרם,false,0,6.80,6.80,true,1,
7296073195900,false,אטריות דקות שופרסל 400ג,שיבולים בני דרום,IL,אטריות דקות,גרמים,400.00,100 גרם,false,0,4.90,1.23,true,1,
7296073195924,false,אטריות רחבות שופרסל400ג,שיבולים בני דרום,IL,אטריות דקות,גרמים,400.00,100 גרם,false,0,4.90,1.23,true,1,
7296073197478,false,שוקולד מריר 3 יח,,CH,שוקולד מריר 3 יח,גרמים,300.00,100 גרם,false,0,12.90,4.30,true,1,
7296073197577,false,מסטיק תותי פרוטי,,CH,מסטיק תותי פרוטי,גרמים,44.00,100 גרם,false,0,4.30,9.77,true,1,
7296073197669,false,ארחת אטריות בטעם בקר65ג,LTD EVERGLORY,CN,ארוחת אטריות,גרמים,65.00,100 גרם,false,0,3.90,6.00,true,1,
7296073197676,false,ארוחת אטריות בטעם עוף65ג,LTD EVERGLORY,CN,ארוחת אטריות,גרמים,65.00,100 גרם,false,0,3.90,6.00,true,1,
7296073198314,false,דייסת דגנים מעורבים200ג,שופרסל,IL,דייסת דגנים,גרמים,200.00,100 גרם,false,0,9.80,4.90,true,1,
7296073199274,false,קמח חיטה מלאה,,IL,קמח חיטה מלאה,קילוגרמים,1.00,"ק""ג",false,0,8.80,8.80,true,1,
7296073199328,false,סבון נוזלי מעורב 500*3מל,אמיליה קוסמטיקס,IL,סבון נוזלי 3 יח,ליטרים,1.50,ליטר,false,0,13.80,9.20,true,1,
7296073199335,false,מזלגות חד פעמי,,CN,מזלגות חד פעמי,יחידה,1.00,יחידה,false,0,5.90,5.90,true,1,
7296073200987,false,פטריות חתוכות 3 * 400 גר,פרוצ'אמפ,DE,פטריות חתוכות3יח,קילוגרמים,1.20,"ק""ג",false,0,11.90,9.92,true,1,
7296073201410,false,נודלס רחב להקפצה 400ג,פרוצ'אמפ,CN,נודלס רחב להקפצה,גרמים,400.00,100 גרם,false,0,9.80,2.45,true,1,
7296073201427,false,סילאן 350 גרם,,IL,סילאן 350 גרם,גרמים,350.00,100 גרם,false,0,8.80,2.51,true,1,
7296073201434,false,סילאן שופרסל,,IL,סילאן שופרסל,גרמים,900.00,100 גרם,false,0,13.80,1.53,true,1,
7296073202479,false,שוקולד מריר 6 יח,,CH,שוקולד מריר 6 יח,גרמים,600.00,100 גרם,false,0,22.90,3.82,true,1,
7296073202493,false,שוקולד חלב 6 יח,,CH,שוקולד חלב 6 יח,גרמים,600.00,100 גרם,false,0,22.90,3.82,true,1,
7296073204640,false,בוטן אמריקאי200ג שופרסל,ששון,IL,בוטנים אמריקאים,גרמים,200.00,100 גרם,false,0,7.80,3.90,true,1,
7296073205081,false,מיונז,,IL,מיונז,גרמים,500.00,100 גרם,false,0,7.90,1.58,true,1,
7296073205456,false,פנה מלא אורגני,,IT,פנה מלא אורגני,גרמים,500.00,100 גרם,false,0,8.40,1.68,true,1,
7296073206101,false,סירופ אגבה,,MX,סירופ אגבה,גרמים,660.00,100 גרם,false,0,28.70,4.35,true,1,
7296073206347,false,דבש אקליפטוס,,IL,דבש אקליפטוס,גרמים,500.00,100 גרם,false,0,24.70,4.94,true,1,
7296073206354,false,דבש הדרים,,IL,דבש הדרים,גרמים,500.00,100 גרם,false,0,24.70,4.94,true,1,
7296073206682,false,טונה בשמן קנולה 160*4ג,תעשיות פילטונה,IL,טונה בשמן 4 יח,גרמים,640.00,100 גרם,false,0,19.90,3.11,true,1,
7296073207078,false,בוטן קלוף קלוי300 שופרסל,ששון,IL,בוטן קלוף קלוי,גרמים,300.00,100 גרם,false,0,11.80,3.93,true,1,
7296073207122,false,3 מגבונים נשטפים,,IL,3 מגבונים נשטפים,יחידה,1.00,יחידה,false,0,9.90,9.90,true,1,
7296073209249,false,ספגיות קירצוף 6 יחידות,פלסטו פוליש,IL,ספוגיות קירצוף,יחידה,1.00,יחידה,false,0,4.90,4.90,true,1,
7296073209928,false,בייגלה שטוח,,IL,בייגלה שטוח,גרמים,300.00,100 גרם,false,0,7.90,2.63,true,1,
7296073209935,false,בייגלה שטוח,,IL,בייגלה שטוח,גרמים,300.00,100 גרם,false,0,7.90,2.63,true,1,
7296073211624,false,"פילה אמנון ק""ג",שופרסל,CN,פילה אמנון,קילוגרמים,0.00,"ק""ג",true,0,39.90,39.90,true,1,
7296073211686,false,לחמניות המבורגר,,IL,לחמניות המבורגר,יחידה,1.00,יחידה,false,0,12.90,12.90,true,1,
7296073211969,false,וופל בלגי שופרסל 200 גרם,גילרו,IL,וופל בלגי,גרמים,200.00,100 גרם,false,0,4.00,2.00,true,1,
7296073212089,false,מרק פטריות שופרסל 400גרם,פרי גליל,IL,מרק פטריות,גרמים,400.00,100 גרם,false,0,15.80,3.95,true,1,
7296073212096,false,מרק עוף שופרסל 400 גרם,פרי גליל,IL,מרק עוף,גרמים,400.00,100 גרם,false,0,12.80,3.20,true,1,
7296073212119,false,מרק טעם עוף שופרסל400ג,פרי גליל,IL,מרק טעם עוף,גרמים,400.00,100 גרם,false,0,9.80,2.45,true,1,
7296073214113,false,חצאי משמש בסירופ,,CN,חצאי משמש בסירופ,גרמים,820.00,100 גרם,false,0,8.80,1.07,true,1,
7296073215820,false,כורכום טחון,,IL,כורכום טחון,גרמים,100.00,100 גרם,false,0,7.70,7.70,true,1,
7296073215851,false,כורכום במיכל,,IL,כורכום במיכל,גרמים,100.00,100 גרם,false,0,9.80,9.80,true,1,
7296073215868,false,כורכום במיכל,,IL,כורכום במיכל,גרמים,400.00,100 גרם,false,0,21.70,5.43,true,1,
7296073215875,false,כמון טחון,,IL,כמון טחון,גרמים,100.00,100 גרם,false,0,7.70,7.70,true,1,
7296073215936,false,קנמון טחון,,IL,קנמון טחון,גרמים,80.00,100 גרם,false,0,9.80,12.25,true,1,
7296073216032,false,תערובת גריל עוף,,IL,תערובת גריל עוף,גרמים,150.00,100 גרם,false,0,10.80,7.20,true,1,
7296073216087,false,עלי דפנה,,IL,עלי דפנה,גרמים,20.00,100 גרם,false,0,6.00,30.00,true,1,
7296073216148,false,פלפל שחור טחון,,IL,פלפל שחור טחון,גרמים,100.00,100 גרם,false,0,12.20,12.20,true,1,
7296073216162,false,פלפל שחור,,IL,פלפל שחור,גרמים,100.00,100 גרם,false,0,12.90,12.90,true,1,
7296073216216,false,פלפל לבן,,IL,פלפל לבן,גרמים,40.00,100 גרם,false,0,10.90,27.25,true,1,
7296073216223,false,פפריקה מתוקה,,IL,פפריקה מתוקה,גרמים,80.00,100 גרם,false,0,6.10,7.63,true,1,
7296073216247,false,פפריקה מתוקה,,IL,פפריקה מתוקה,גרמים,100.00,100 גרם,false,0,10.80,10.80,true,1,
7296073216254,false,פפריקה מתוקה,,IL,פפריקה מתוקה,גרמים,400.00,100 גרם,false,0,22.70,5.68,true,1,
7296073216261,false,פפריקה מתוקה,,IL,פפריקה מתוקה,גרמים,80.00,100 גרם,false,0,6.10,7.63,true,1,
7296073216278,false,פפריקה מרוקאית,,IL,פפריקה מרוקאית,גרמים,90.00,100 גרם,false,0,8.80,9.78,true,1,
7296073216292,false,פפריקה חריפה,,IL,פפריקה חריפה,גרמים,80.00,100 גרם,false,0,6.10,7.63,true,1,
7296073216308,false,פפריקה חריפה,,IL,פפריקה חריפה,גרמים,100.00,100 גרם,false,0,10.80,10.80,true,1,
7296073216315,false,מלח לימון,,IL,מלח לימון,גרמים,100.00,100 גרם,false,0,6.60,6.60,true,1,
7296073216339,false,מלח לימון,,IL,מלח לימון,גרמים,700.00,100 גרם,false,0,22.70,3.24,true,1,
7296073217602,false,נייר טואלט,,IL,נייר טואלט,מטרים,662.00,מטר,false,0,32.90,0.05,true,1,
7296073218166,false,פלפל אנגלי שלם,,IL,פלפל אנגלי שלם,גרמים,25.00,100 גרם,false,0,6.50,26.00,true,1,
7296073218661,false,מטליות לרצפה 3יח,,CN,מטליות לרצפה 3יח,יחידה,1.00,יחידה,false,0,15.00,15.00,true,1,
7296073218753,false,פתי בר,,NL,פתי בר,גרמים,500.00,100 גרם,false,0,5.00,1.00,true,1,
7296073218807,false,בישקוטים,,IT,בישקוטים,גרמים,200.00,100 גרם,false,0,6.80,3.40,true,1,
7296073218845,false,עגבניות שרי,,IL,עגבניות שרי,גרמים,400.00,100 גרם,false,0,8.90,2.23,true,1,
7296073218920,false,לחם אחיד פרוס שופרסל 750,מאפיית שלמה א. אנג'ל,IL,לחם אחיד פרוס,גרמים,750.00,100 גרם,false,0,5.90,0.79,true,1,
7296073219118,false,אבקת כביסה,,IL,אבקת כביסה,קילוגרמים,2.50,"ק""ג",false,0,15.90,6.36,true,1,
7296073219156,false,פירורי לחם לבן,,IL,פירורי לחם לבן,גרמים,350.00,100 גרם,false,0,5.90,1.69,true,1,
7296073219255,false,קפה נמס,,IL,קפה נמס,גרמים,200.00,100 גרם,false,0,12.80,6.40,true,1,
7296073219262,false,קפה טורקי עם הל,,IL,קפה טורקי עם הל,גרמים,100.00,100 גרם,false,0,5.90,5.90,true,1,
7296073219330,false,לחם אחיד פרוס,,IL,לחם אחיד פרוס,גרמים,750.00,100 גרם,false,0,5.90,0.79,true,1,
7296073219347,false,לחם אחיד פרוס750ג שופרסל,מאפית ברמן,IL,לחם אחיד פרוס,גרמים,750.00,100 גרם,false,0,5.90,0.79,true,1,
7296073219354,false,משטח לייבוש כלים,,CN,משטח לייבוש כלים,יחידה,1.00,יחידה,false,0,8.80,8.80,true,1,
7296073219576,false,שקיות אשפה,,IL,שקיות אשפה,יחידה,1.00,יחידה,false,0,19.80,19.80,true,1,
7296073219606,false,כדורי דגנים,,IL,כדורי דגנים,גרמים,500.00,100 גרם,false,0,10.00,2.00,true,1,
7296073219668,false,עלי גפן ממולאים 400 גרם,LTD ESME,TR,עלי גפן ממולאים,גרמים,400.00,100 גרם,false,0,7.50,1.88,true,1,
7296073219675,false,פלפל שחור גרוס,,IL,פלפל שחור גרוס,גרמים,80.00,100 גרם,false,0,9.70,12.13,true,1,
7296073219880,false,פודינג שוקולד,,IL,פודינג שוקולד,גרמים,95.00,100 גרם,false,0,4.50,4.74,true,1,
7296073219897,false,פודינג וניל,,IL,פודינג וניל,גרמים,80.00,100 גרם,false,0,4.50,5.63,true,1,
7296073219903,false,ג'לי פטל,,IL,ג'לי פטל,גרמים,85.00,100 גרם,false,0,5.00,5.88,true,1,
7296073219910,false,ג'לי משמש,,IL,ג'לי משמש,גרמים,85.00,100 גרם,false,0,5.00,5.88,true,1,
7296073219927,false,ג'לי תות,,IL,ג'לי תות,גרמים,85.00,100 גרם,false,0,5.00,5.88,true,1,
7296073219941,false,חטיף דגנים שוקו+שוק23*6ג,back and Snack,AT,חטיף דגנים,גרמים,138.00,100 גרם,false,0,9.90,7.17,true,1,
7296073219958,false,חט.דגנים שוקו+מריר23*6ג,back and Snack,AT,חטיף דגנים,גרמים,138.00,100 גרם,false,0,9.90,7.17,true,1,
7296073219965,false,חט.דגנים שוק.חלב+בוט23*6,back and Snack,AT,חטיף בוטנים,גרמים,138.00,100 גרם,false,0,9.90,7.17,true,1,
7296073220022,false,אבקת קקאו,,IL,אבקת קקאו,גרמים,150.00,100 גרם,false,0,8.80,5.87,true,1,
7296073220084,false,שוקולד חלב במילו,,CH,שוקולד חלב במילו,גרמים,100.00,100 גרם,false,0,5.50,5.50,true,1,
7296073220183,false,עוגיות שוקוצ'יפס,,DE,עוגיות שוקוצ'יפס,גרמים,225.00,100 גרם,false,0,7.90,3.51,true,1,
7296073220275,false,וופל ט.שוקולד שופרסל500ג,מנעמים,IL,וופל טעם שוקולד,גרמים,500.00,100 גרם,false,0,8.90,1.78,true,1,
7296073220282,false,וופלים ט.לימון שופרסל500,מנעמים,IL,וופל טעם לימון,גרמים,500.00,100 גרם,false,0,8.90,1.78,true,1,
7296073220398,false,חטיפי קרח,,IL,חטיפי קרח,מיליליטרים,800.00,"100 מ""ל",false,0,6.50,0.81,true,1,
7296073220435,false,מיקס פירות יער קפוא 300,d.o.o Lukowa,YU,מיקס פירות יער,גרמים,300.00,100 גרם,false,0,16.90,5.63,true,1,
7296073220442,false,דובדבן קפוא שופרסל 300גר,d.o.o Lukowa,YU,דובדבן,גרמים,300.00,100 גרם,false,0,16.90,5.63,true,1,
7296073221319,false,"כף קרם ח""פ 100 יח'",.,IL,"כף קרם ח""פ",יחידה,1.00,יחידה,false,0,7.90,7.90,true,1,
7296073221326,false,"כפית קרם ח""פ 100 יח'",.,IL,"כפית קרם ח""פ",יחידה,1.00,יחידה,false,0,5.90,5.90,true,1,
7296073221333,false,"מזלג קרם ח""פ 100 יח'",.,IL,"מזלג קרם ח""פ",יחידה,1.00,יחידה,false,0,7.90,7.90,true,1,
7296073221340,false,"סכין קרם ח""פ 100 יח'",.,IL,"סכין קרם ח""פ",יחידה,1.00,יחידה,false,0,7.90,7.90,true,1,
7296073221661,false,"סוכריות לל""ס לימון 80גרם",טופגאם,IL,סוכריות ללא סוכר,גרמים,80.00,100 גרם,false,0,5.90,7.38,true,1,
7296073221791,false,וופל בטעם אגוזים 400 גרם,מנעמים,IL,וופל אגוזים,גרמים,400.00,100 גרם,false,0,8.90,2.23,true,1,
7296073222217,false,צמד חמד שופרסל 600 גרם,מעדני יחיעם,IL,צמד חמד נקניק,גרמים,600.00,100 גרם,false,0,21.90,3.65,true,1,
7296073222224,false,פסטרמה ברביקיו דק דק140ג,מעדני יחיעם,IL,פסטרמה ברביקיו,גרמים,140.00,100 גרם,false,0,10.90,7.79,true,1,
7296073222231,false,פסטרמה בדבש דק דק 140 גר,מעדני יחיעם,IL,פסטרמה בדבש,גרמים,140.00,100 גרם,false,0,10.90,7.79,true,1,
7296073222255,false,סלמי מעושן שופרסל 400 גר,מעדני יחיעם,IL,סלמי מעושן,גרמים,400.00,100 גרם,false,0,21.90,5.48,true,1,
7296073222262,false,קבנוס שופרסל 100 גרם,מעדני יחיעם,IL,קבנוס,גרמים,100.00,100 גרם,false,0,6.80,6.80,true,1,
7296073222316,false,ג'חנון אפוי שופרסל 650ג,אופרה,IL,ג'חנון אפוי שופר,גרמים,650.00,100 גרם,false,0,14.80,2.28,true,1,
7296073222323,false,מלווח קפוא שופרסל700ג,אופרה,IL,מלווח קפוא שופרס,גרמים,700.00,100 גרם,false,0,11.80,1.69,true,1,
7296073222774,false,"כוסות קפה ח""פ",,IL,"כוסות קפה ח""פ",יחידה,1.00,יחידה,false,0,5.90,5.90,true,1,
7296073222811,false,סילאן טבעי,,IL,סילאן טבעי,גרמים,340.00,100 גרם,false,0,16.80,4.94,true,1,
7296073222903,false,סט אוכל עגול שקו,,IL,סט אוכל עגול שקו,יחידה,1.00,יחידה,false,0,79.00,79.00,true,1,
7296073223009,false,שמן זית,,IT,שמן זית,מיליליטרים,750.00,"100 מ""ל",false,0,29.90,3.99,true,1,
7296073223061,false,תה ירוק,,LK,תה ירוק,גרמים,37.00,100 גרם,false,0,14.80,40.00,true,1,
7296073223085,false,תה ירוק,,LK,תה ירוק,גרמים,37.00,100 גרם,false,0,14.80,40.00,true,1,
7296073223108,false,תה ארל גריי 25שק,,LK,תה ארל גריי 25שק,גרמים,37.00,100 גרם,false,0,9.80,26.49,true,1,
7296073223993,false,מזון חתולים,,IL,מזון חתולים,גרמים,400.00,100 גרם,false,0,6.90,1.73,true,1,
7296073224020,false,מזון חתולים,,FR,מזון חתולים,גרמים,400.00,100 גרם,false,0,6.90,1.73,true,1,
7296073224365,false,קמח שמרים,,IL,קמח שמרים,קילוגרמים,1.00,"ק""ג",false,0,8.50,8.50,true,1,
7296073224471,false,עדשים אדומות,,IL,עדשים אדומות,גרמים,500.00,100 גרם,false,0,10.80,2.16,true,1,
7296073224488,false,בורגול אורגני,,IL,בורגול אורגני,גרמים,500.00,100 גרם,false,0,7.80,1.56,true,1,
7296073224525,false,שיבולת שועל,,IL,שיבולת שועל,גרמים,500.00,100 גרם,false,0,10.80,2.16,true,1,
7296073224549,false,זרעי פשתן,,IL,זרעי פשתן,גרמים,500.00,100 גרם,false,0,9.80,1.96,true,1,
7296073224556,false,שיבולת שועל,,IL,שיבולת שועל,גרמים,500.00,100 גרם,false,0,10.80,2.16,true,1,
7296073224563,false,סלט טחינה שופרסל 400 גרם,סלטי שמיר,IL,סלט טחינה,גרמים,400.00,100 גרם,false,0,8.50,2.13,true,1,
7296073224570,false,חומוס אסלי שופרסל 400גרם,סלטי שמיר,IL,חומוס אסלי,גרמים,400.00,100 גרם,false,0,8.50,2.13,true,1,
7296073224587,false,כרוב אדום שופרסל 400 גרם,סלטי שמיר,IL,סלט כרוב אדום,גרמים,400.00,100 גרם,false,0,8.50,2.13,true,1,
7296073224594,false,סלט חציל במיונז שופר400ג,סלטי שמיר,IL,סלט חצילים מיונז,גרמים,400.00,100 גרם,false,0,8.50,2.13,true,1,
7296073224600,false,"חומוס שופרסל 1 ק""ג",סלטי שמיר,IL,סלט חומוס,קילוגרמים,1.00,"ק""ג",false,0,9.90,9.90,true,1,
7296073224631,false,"אורז פרסי שופרסל 1 ק""ג",ltd co produce Uthai,TH,אורז פרסי,קילוגרמים,1.00,"ק""ג",false,0,5.90,5.90,true,1,
7296073224648,false,"אורז פרסי שופרסל 5 ק""ג",ltd co produce Uthai,TH,"אורז פרסי 5 ק""ג",קילוגרמים,5.00,"ק""ג",false,0,24.70,4.94,true,1,
7296073224754,false,חליטת פירות יער שופרסל25,רפאלס,DE,חליטת פירות יער,גרמים,50.00,100 גרם,false,0,10.00,20.00,true,1,
7296073224761,false,חליטת נענע שופרסל 25שק,רפאלס,DE,חליטת נענע,גרמים,50.00,100 גרם,false,0,10.00,20.00,true,1,
7296073224778,false,חליטת ורד הבר שופרסל25שק,רפאלס,DE,חליטת ורד הבר,גרמים,62.00,100 גרם,false,0,10.00,16.13,true,1,
7296073224785,false,חליטת קמומיל שופרסל 25שק,רפאלס,DE,חליטת קמומיל,גרמים,37.00,100 גרם,false,0,10.00,27.03,true,1,
7296073224822,false,מרכך מרוכז ורוד,,IL,מרכך מרוכז ורוד,ליטרים,1.00,ליטר,false,0,10.90,10.90,true,1,
7296073224839,false,מרכך מרוכז לבן,,IL,מרכך מרוכז לבן,ליטרים,1.00,ליטר,false,0,10.90,10.90,true,1,
7296073224846,false,מרכך מרוכז סגול,,IL,מרכך מרוכז סגול,ליטרים,1.00,ליטר,false,0,10.90,10.90,true,1,
7296073224891,false,אפונה ירוקה קפואה שופרסל,ARDO,BE,אפונה ירוקה,גרמים,800.00,100 גרם,false,0,11.90,1.49,true,1,
7296073224914,false,פלסטרים מבד,,IL,פלסטרים מבד,יחידה,1.00,יחידה,false,0,6.80,6.80,true,1,
7296073224921,false,פלסטרים שקופים,,IL,פלסטרים שקופים,יחידה,1.00,יחידה,false,0,6.80,6.80,true,1,
7296073225003,false,לפתן ליצ'י,,CN,לפתן ליצ'י,גרמים,567.00,100 גרם,false,0,6.00,1.06,true,1,
7296073225010,false,ריבועי דגנים+קינמון500גר,פודס,LT,ריבועי דגנים,גרמים,500.00,100 גרם,false,0,10.00,2.00,true,1,
7296073225072,false,לחמניות שופרסל 6יח75*גר,מאפיית שלמה א. אנג'ל,IL,לחמניות 6יחידות,גרמים,450.00,100 גרם,false,0,8.90,1.98,true,1,
7296073225218,false,משמש מיובש 200גרם שופרסל,SA AKCA OSMAN,IL,משמש מארז 200גרם,גרמים,200.00,100 גרם,false,0,12.90,6.45,true,1,
7296073225249,false,ג.חמניה ללא מלח200ג שופר,ששון,IL,גרעין חמנייה,גרמים,200.00,100 גרם,false,0,6.80,3.40,true,1,
7296073225256,false,ג.חמניה ק.עפולה 200ג שופ,ששון,IL,גרעין חמנייה,גרמים,200.00,100 גרם,false,0,6.80,3.40,true,1,
7296073225263,false,עוגיות עם שמנת,,IT,עוגיות עם שמנת,גרמים,300.00,100 גרם,false,0,5.00,1.67,true,1,
7296073225270,false,עוגיות בציפוי,,IT,עוגיות בציפוי,גרמים,300.00,100 גרם,false,0,5.00,1.67,true,1,
7296073225287,false,עוגיות חיטה מלאה,,IT,עוגיות חיטה מלאה,גרמים,300.00,100 גרם,false,0,5.00,1.67,true,1,
7296073225454,false,פטל שחור קפוא שופרסל 300,d.o.o Lukowa,YU,פטל שחור קפוא,גרמים,300.00,100 גרם,false,0,16.90,5.63,true,1,
7296073225461,false,פיצה מרגריטה 360גרם,SOCICO CON S.R.L AR,IT,פיצה מרגריטה,גרמים,360.00,100 גרם,false,0,14.90,4.14,true,1,
7296073225492,false,רסק עגבניות 22% 260 גרם,פריניר,IL,רסק עגבניות,גרמים,260.00,100 גרם,false,0,3.10,1.19,true,1,
7296073225508,false,כוסות קפה גדולות שופרסל,.,CN,כוסות קפה גדולות,יחידה,1.00,יחידה,false,0,12.90,12.90,true,1,
7296073225522,false,כוסות אספרסו חד פעמי 50,.,CN,"כוסות אספרסו ח""פ",יחידה,1.00,יחידה,false,0,5.90,5.90,true,1,
7296073225560,false,"וופל שוקולד ללת""ס200גרם",מנעמים,IL,וופל שוקולד ללתס,גרמים,200.00,100 גרם,false,0,6.80,3.40,true,1,
7296073225591,false,אורז בסמטי,,IN,אורז בסמטי,קילוגרמים,1.00,"ק""ג",false,0,12.80,12.80,true,1,
7296073225607,false,חטיפי קרקר,,IT,חטיפי קרקר,גרמים,150.00,100 גרם,false,0,7.80,5.20,true,1,
7296073225614,false,חטיפי קרקר,,IT,חטיפי קרקר,גרמים,150.00,100 גרם,false,0,7.80,5.20,true,1,
7296073225621,false,חטיפי קרקר,,IT,חטיפי קרקר,גרמים,150.00,100 גרם,false,0,7.80,5.20,true,1,
7296073225744,false,חצילים על האש שופרסל400ג,סלטי שמיר,IL,סלט חצילים,גרמים,400.00,100 גרם,false,0,8.50,2.13,true,1,
7296073225751,false,חציל בטחינה 400 גרם,סלטי שמיר,IL,סלט חציל בטיחנה,גרמים,400.00,100 גרם,false,0,8.50,2.13,true,1,
7296073225768,false,סלט מטבוחה שופרסל 400גרם,סלטי שמיר,IL,סלט מטבוחה,גרמים,400.00,100 גרם,false,0,8.50,2.13,true,1,
7296073225775,false,רצועות סלק שופרסל 400גרם,סלטי שמיר,IL,סלט סלק שופרסל,גרמים,400.00,100 גרם,false,0,8.50,2.13,true,1,
7296073225782,false,פוקט טישיו 6 יח,,IT,פוקט טישיו 6 יח,יחידה,1.00,יחידה,false,0,9.80,9.80,true,1,
7296073226154,false,ביסקוויט שוקולד מריר125,.,DE,ביסקוויט מצופה,גרמים,125.00,100 גרם,false,0,5.00,4.00,true,1,
7296073226161,false,ביסקוויט שוקולד חלב125גר,.,DE,ביסקוויט מצופה,גרמים,125.00,100 גרם,false,0,5.00,4.00,true,1,
7296073226291,false,חיתולים שופרסל,,IL,חיתולים שופרסל,יחידה,1.00,יחידה,false,0,31.90,31.90,true,1,
7296073226307,false,חיתולים שופרסל,,IL,חיתולים שופרסל,יחידה,1.00,יחידה,false,0,31.90,31.90,true,1,
7296073226314,false,חיתולים שופרסל,,IL,חיתולים שופרסל,יחידה,1.00,יחידה,false,0,31.90,31.90,true,1,
7296073226321,false,חיתולים שופרסל,,IL,חיתולים שופרסל,יחידה,1.00,יחידה,false,0,31.90,31.90,true,1,
7296073226338,false,חיתולים שופרסל,,IL,חיתולים שופרסל,יחידה,1.00,יחידה,false,0,31.90,31.90,true,1,
7296073226529,false,וופל קוביות שוקולד 250גר,בלקוני,IT,וופל קוביות,גרמים,250.00,100 גרם,false,0,10.80,4.32,true,1,
7296073226536,false,וופל קוביות קרם אגוז250ג,בלקוני,IT,וופל קוביות,גרמים,250.00,100 גרם,false,0,10.80,4.32,true,1,
7296073226543,false,אורגנו תבלין,,IL,אורגנו תבלין,גרמים,40.00,100 גרם,false,0,8.70,21.75,true,1,
7296073226680,false,חט.דגנים שוק.חלב+ביסקויט,back and Snack,IL,חטיף דגנים,גרמים,138.00,100 גרם,false,0,9.90,7.17,true,1,
7296073226697,false,פדים להסרת איפור,,IL,פדים להסרת איפור,יחידה,1.00,יחידה,false,0,6.80,6.80,true,1,
7296073226963,false,סלט חומוס+גרגרים שופר400,סלטי שמיר,IL,חומוס עם גרגרים,גרמים,400.00,100 גרם,false,0,8.50,2.13,true,1,
7296073226970,false,סלט חומוס+טחינה שופר400ג,סלטי שמיר,IL,חומוס עם טחינה,גרמים,400.00,100 גרם,false,0,8.50,2.13,true,1,
7296073226987,false,סלט חומוס+מסבחה שופר400ג,סלטי שמיר,IL,חומוס עם מסבחה,גרמים,400.00,100 גרם,false,0,8.50,2.13,true,1,
7296073226994,false,סלט חומוס עם חריף 400גרם,סלטי שמיר,IL,חומוס עם חריף,גרמים,400.00,100 גרם,false,0,8.50,2.13,true,1,
7296073227069,false,מים בטעם ענבים,,IL,מים בטעם ענבים,ליטרים,1.50,ליטר,false,0,4.90,3.27,true,1,
7296073227083,false,מים בטעם תפוח,,IL,מים בטעם תפוח,ליטרים,1.50,ליטר,false,0,4.90,3.27,true,1,
7296073227090,false,מים בטעם אפרסק,,IL,מים בטעם אפרסק,ליטרים,1.50,ליטר,false,0,4.90,3.27,true,1,
7296073227786,false,ביצים 12 יח,,IL,ביצים 12 יח,יחידה,1.00,יחידה,false,0,10.55,10.55,true,1,
7296073227793,false,ביצים 12 יח,,IL,ביצים 12 יח,יחידה,1.00,יחידה,false,0,11.45,11.45,true,1,
7296073227809,false,12 ביצים XL,,IL,12 ביצים XL,יחידה,1.00,יחידה,false,0,12.50,12.50,true,1,
7296073227823,false,ביצים 30 יח,,IL,ביצים 30 יח,יחידה,1.00,יחידה,false,0,28.62,28.62,true,1,
7296073227830,false,ביצים 30 יח,,IL,ביצים 30 יח,יחידה,1.00,יחידה,false,0,31.23,31.23,true,1,
7296073228431,false,קישוא זוקיני,,IL,קישוא זוקיני,גרמים,500.00,100 גרם,false,0,8.90,1.78,true,1,
7296073228851,false,מגבונ.ללא בישום 64*5יח,שופרסל,IL,מגבונים,יחידה,1.00,יחידה,false,0,23.90,23.90,true,1,
7296073229667,false,סירופ טעם מייפל,,IL,סירופ טעם מייפל,גרמים,600.00,100 גרם,false,0,10.80,1.80,true,1,
7296073229674,false,פטוצ'יני 500 גרם,.,IT,פטוצ'יני,גרמים,500.00,100 גרם,false,1,4.90,0.98,true,1,
7296073229704,false,ג'ל רחצה פפאיה שופרסל750,"טרופיקל דגיל תעשיות קוסמטיקה בע""מ",IL,ג'ל רחצה,מיליליטרים,750.00,"100 מ""ל",false,0,8.80,1.17,true,1,
7296073229711,false,ג'ל רח.פסיפלורה שופרס750,"טרופיקל דגיל תעשיות קוסמטיקה בע""מ",IL,ג'ל רחצה,מיליליטרים,750.00,"100 מ""ל",false,0,8.80,1.17,true,1,
7296073229735,false,תחליב רח.קלאסי שופרסל750,"טרופיקל דגיל תעשיות קוסמטיקה בע""מ",IL,תחליב רחצה,מיליליטרים,750.00,"100 מ""ל",false,0,8.80,1.17,true,1,
7296073229742,false,תחליב רח.מאסק שופרסל750,"טרופיקל דגיל תעשיות קוסמטיקה בע""מ",IL,תחליב רחצה,מיליליטרים,750.00,"100 מ""ל",false,0,8.80,1.17,true,1,
7296073229759,false,תחליב רח.ונילה שופרסל750,"טרופיקל דגיל תעשיות קוסמטיקה בע""מ",IL,תחליב רחצה,מיליליטרים,750.00,"100 מ""ל",false,0,8.80,1.17,true,1,
7296073229889,false,"קטשופ שופרסל 1 ק""ג",סוגל,PT,קטשופ,קילוגרמים,1.00,"ק""ג",false,0,11.40,11.40,true,1,
7296073229940,false,"אורז בסמטי בצנצנת 1 ק""ג",.,IN,אורז בסמטי,קילוגרמים,1.00,"ק""ג",false,0,13.90,13.90,true,1,
7296073229964,false,פיצוצי שוקו,,IL,פיצוצי שוקו,גרמים,750.00,100 גרם,false,0,14.80,1.97,true,1,
7296073230038,false,מנקה רצפות ורוד 2 ליטר,קליר כימיקלים,IL,מנקה רצפות,ליטרים,2.00,ליטר,false,0,10.00,5.00,true,1,
7296073230045,false,מנקה רצפות סגול 2 ליטר,קליר כימיקלים,IL,מנקה רצפות,ליטרים,2.00,ליטר,false,0,10.00,5.00,true,1,
7296073230052,false,מנקה רצפות דוחה חרקים2ל,קליר כימיקלים,IL,מנקה רצפות,ליטרים,2.00,ליטר,false,0,15.00,7.50,true,1,
7296073230106,false,"סלט תפו""א שופרסל 400 גרם",סלטי שמיר,IL,"סלט תפו""א",גרמים,400.00,100 גרם,false,0,8.50,2.13,true,1,
7296073230113,false,לפתן פירות בסירופ קל225ג,.,CN,לפתן פירות,גרמים,225.00,100 גרם,false,0,4.50,2.00,true,1,
7296073230410,false,"כוסות קפה ח""פ",,IL,"כוסות קפה ח""פ",יחידה,1.00,יחידה,false,0,7.90,7.90,true,1,
7296073230465,false,"סכינים ח""פ עבה שקוף50יח'",.,IL,50סכין עבה,יחידה,1.00,יחידה,false,0,9.90,9.90,true,1,
7296073230519,false,ניילון נצמד 150 מטר,אופל אריזות,IL,ניילון נצמד,מטרים,150.00,מטר,false,0,25.70,0.17,true,1,
7296073230601,false,"אורז ארוך מלא 1 ק""ג",ltd co produce Uthai,TH,אורז ארוך מלא,קילוגרמים,1.00,"ק""ג",false,0,8.00,8.00,true,1,
7296073230618,false,"אורז תאילנדי 1 ק""ג",ltd co produce Uthai,TH,אורז תאילנדי,קילוגרמים,1.00,"ק""ג",false,0,4.80,4.80,true,1,
7296073230632,false,דגני טבעות דבש 500 גרם,UAB FOODS CERERA,LT,טבעות דבש,גרמים,500.00,100 גרם,false,0,10.00,2.00,true,1,
7296073230663,false,מגבות נייר שופרסל 8 גל.,שניב תעשיות נייר,IL,מגבות נייר,מטרים,84.00,מטר,false,0,11.90,0.14,true,1,
7296073230700,false,אקונומיקה מבושמת 4 ליטר,קליר כימיקלים,IL,אקונומיקה מבושמת,ליטרים,4.00,ליטר,false,0,9.90,2.48,true,1,
7296073230724,false,אקונומיקה 4 ליטר,קליר כימיקלים,IL,אקונומיקה 4 ליטר,ליטרים,4.00,ליטר,false,0,8.80,2.20,true,1,
7296073230731,false,נוזל כלים 24% תפוח 750מל,קליר כימיקלים,IL,נוזל לכלים תפוח,מיליליטרים,750.00,"100 מ""ל",false,0,6.90,0.92,true,1,
7296073230755,false,מיץ ענבים תירוש 1 ליטר,יקבי ירושלים,IL,מיץ ענבים תירוש,ליטרים,1.00,ליטר,false,0,12.90,12.90,true,1,
7296073230816,false,נוזל לכלים 24% לימון750מ,קליר כימיקלים,IL,נוזל לכלים לימון,מיליליטרים,750.00,"100 מ""ל",false,0,6.90,0.92,true,1,
7296073230823,false,"מסיר לק שופרסל 150 מ""ל",ש.שוורץ,IL,מסיר לק,מיליליטרים,150.00,"100 מ""ל",false,0,9.80,6.53,true,1,
7296073230830,false,"בירה אימפורט 4.8% 330מ""ל",בוואריה,NL,בירה אימפורט,מיליליטרים,330.00,"100 מ""ל",false,0,6.20,1.88,true,1,
7296073230854,false,קינואה שופרסל 500 גרם,granos dr procesadora,PE,קינואה,גרמים,500.00,100 גרם,false,0,11.90,2.38,true,1,
7296073230885,false,גלילי וופל קרם אגוזים100,מנעמים,IL,גלילי וופל,גרמים,100.00,100 גרם,false,1,4.90,4.90,true,1,
7296073230939,false,מים מינרלים שופרסל1.5*6ל,LTD TRADE NOVA,BG,מים שופרסל 6 יח,ליטרים,9.00,ליטר,false,0,9.90,1.10,true,1,
7296073231240,false,חט.פריכיות שוקו חלב18*5ג,בנליין פודס,YU,חטיף פריכיות,גרמים,90.00,100 גרם,false,1,8.90,9.89,true,1,
7296073231264,false,חט.פריכיות שוקו תות18*5,בנליין פודס,YU,חטיף פריכיות,גרמים,90.00,100 גרם,false,1,8.90,9.89,true,1,
7296073231271,false,מרכ.כביסה ורוד שופרסל 4ל,גליל כימיקלים,IL,מרכך כביסה,ליטרים,4.00,ליטר,false,1,14.90,3.73,true,1,
7296073231295,false,מרכ.כביסה כחול שופרסל 4ל,גליל כימיקלים,IL,מרכך כביסה,ליטרים,4.00,ליטר,false,1,14.90,3.73,true,1,
7296073231547,false,חלב 1% בקרטון שופרסל 1ל,מחלבות רמת הגולן,IL,חלב 1% קרטון 1ל',ליטרים,1.00,ליטר,false,1,5.00,5.00,true,1,
7296073231554,false,חלב 3% בקרטון שופרסל 1ל,מחלבות רמת הגולן,IL,חלב 3% קרטון 1ל',ליטרים,1.00,ליטר,false,1,5.10,5.10,true,1,
7296073231561,false,שמנת עמידה לקצפת38% 250ג,מחלבות רמת הגולן,IL,שמנת עמידה 38%,מיליליטרים,250.00,"100 מ""ל",false,1,5.50,2.20,true,1,
7296073231578,false,שוקו בקרטון שופרסל 1 ל',מחלבות רמת הגולן,IL,שוקו קרטון 1ליטר,ליטרים,1.00,ליטר,false,1,8.90,8.90,true,1,
7296073231691,false,חט.פריכיות שוקו תפוז18*5,בנליין פודס,YU,חטיף פריכיות,גרמים,90.00,100 גרם,false,1,8.90,9.89,true,1,
7296073232124,false,גב.פרמז'ן קשה27%שופר200ג,.,IT,משולש פרמז'ן,גרמים,200.00,100 גרם,false,1,20.90,10.45,true,1,
7296073232377,false,חלב1% נטול לקטוז גרין1ל,מחלבת רמת-הגולן,IL,חלב נטול לקטוז,ליטרים,1.00,ליטר,false,1,7.90,7.90,true,1,
7296073232438,false,משקה חלב מועשר 1% 1ליטר,מחלבות רמת הגולן,IL,משקה חלב מועשר1%,ליטרים,1.00,ליטר,false,1,7.90,7.90,true,1,
7296073232445,false,משקה חלב מועשר 3% 1 ליטר,מחלבות רמת הגולן,IL,משקה חלב מועשר3%,ליטרים,1.00,ליטר,false,1,7.90,7.90,true,1,
7296073232629,false,מרגרינה ללא מלח 200 גרם,בסלר גידה וה קימייה סאן,TR,מרגרינה ללא מלח,גרמים,200.00,100 גרם,false,1,3.80,1.90,true,1,
7296073232636,false,מרגרינה בטעם חמאה 200 גר,בסלר גידה וה קימייה סאן,TR,מרגרינה ט.חמאה,גרמים,200.00,100 גרם,false,1,3.80,1.90,true,1,
7296073232643,false,חטיפי וופל קרם אגוזים150,חברת איבר קקאו,ES,חטיפי וופל,גרמים,150.00,100 גרם,false,1,5.00,3.33,true,1,
7296073234111,false,עוגיות מרוקאיות מקלות600,גידרון,IL,עוגיות מרוקאיות,גרמים,600.00,100 גרם,false,1,13.90,2.32,true,1,
7296073234128,false,עוגיות מיני פרפריות 600,גידרון,IL,עוגיות פרפריות,גרמים,600.00,100 גרם,false,1,13.90,2.32,true,1,
7296073234661,false,חטיף בוטנים שופרסל 25 גר,חטיפי העמק,IL,חטיף בוטנים,גרמים,25.00,100 גרם,false,1,1.70,6.80,true,1,
7296073234678,false,חטיף בוטנים שופרסל 80 גר,חטיפי העמק,IL,חטיף בוטנים,גרמים,80.00,100 גרם,false,1,3.50,4.38,true,1,
7296073234692,false,חטיף חיטה בטעם גריל 70ג,מנה,IL,חטיף חיטה גריל,גרמים,70.00,100 גרם,false,1,3.40,4.86,true,1,
7296073234708,false,חטיף בטעם גריל 200 גרם,מנה,IL,חטיף בטעם גריל 200 גרם,גרמים,200.00,100 גרם,false,1,5.90,2.95,true,1,
7296073234715,false,חטיף חיטה בטעם בצל 70גרם,מנה,IL,חטיף חיטה בצל,גרמים,70.00,100 גרם,false,1,3.40,4.86,true,1,
7296073234722,false,חטיף בטעם בצל 200 גרם,מנה,IL,חטיף בטעם בצל 200 גרם,גרמים,200.00,100 גרם,false,1,5.90,2.95,true,1,
7296073234739,false,חטיף חיטה טעם ברביקיו70ג,מנה,IL,חטיף חיטה ברבקיו,גרמים,70.00,100 גרם,false,1,3.40,4.86,true,1,
7296073234746,false,חטיף בטעם ברביקיו 200גרם,מנה,IL,חטיף בטעם ברביקיו 200גרם,גרמים,200.00,100 גרם,false,1,5.90,2.95,true,1,
7296073234753,false,חטיף תירס קלאסי 50 גרם,מנה,IL,חטיף תירס קלאסי 50 גרם,גרמים,50.00,100 גרם,false,1,4.30,8.60,true,1,
7296073234777,false,חטיף תפוחי אדמה 40 גרם,מנה,IL,חטיף תפוחי אדמה,גרמים,40.00,100 גרם,false,1,3.70,9.25,true,1,
7296073235187,false,עוגיות מלוחות אפויות600ג,גידרון,IL,עוגיות מלוחות,גרמים,600.00,100 גרם,false,1,13.90,2.32,true,1,
7296073235613,false,ממרח תמרים 450 גרם,חצר כנרת מוצרי תמר,IL,ממרח תמרים,גרמים,450.00,100 גרם,false,1,5.40,1.20,true,1,
7296073235767,false,ג'ל ניקוי אסלות 750מל,קליר כימיקלים,IL,ג'ל לאסלות,מיליליטרים,750.00,"100 מ""ל",false,1,7.90,1.05,true,1,
7296073236122,false,"צלחת ח""פ9"" עבה במיוחד66",.,CN,צלחת חד פעמית,יחידה,1.00,יחידה,false,1,22.90,22.90,true,1,
7296073236245,false,"מזלג שקוף עבה ח""פ 100 יח",.,TR,מזלג שקוף עבה,יחידה,1.00,יחידה,false,1,12.90,12.90,true,1,
7296073236306,false,אקונומיקה סופר מבושמת4ל,קליר כימיקלים,IL,אקונומיקה מבושמת,ליטרים,4.00,ליטר,false,1,11.80,2.95,true,1,
7296073236313,false,ג'ל אקונומיקה שופרסל 4ל,קליר כימיקלים,IL,ג'ל אקונומיקה,ליטרים,4.00,ליטר,false,1,11.80,2.95,true,1,
7296073236412,false,50 דפי שעווה שופרסל,שופרסל,CN,דפי שעווה שופרסל,יחידה,1.00,יחידה,false,1,15.80,15.80,true,1,
7296073236603,false,"שמנת לבישול 15% 250 מ""ל",מחלבת רמת-הגולן,IL,שמנת לבישול 15%,מיליליטרים,250.00,"100 מ""ל",false,1,6.50,2.60,true,1,
7296073236788,false,סירופ בטעם ענבים 1 ליטר,"פרי נטו משקאות בע""מ",IL,סירופ ענבים,ליטרים,1.00,ליטר,false,1,10.80,10.80,true,1,
7296073236887,false,סלט גזר מרוקאי 400 גרם,סלטי שמיר,IL,סלט גזר מרוקאי,גרמים,400.00,100 גרם,false,1,8.50,2.13,true,1,
7296073236894,false,סלט קולסלאו 400 גרם,סלטי שמיר,IL,סלט קולסלאו,גרמים,400.00,100 גרם,false,1,8.50,2.13,true,1,
7296073236900,false,סלט חומוס עם טחינה 400גר,סלטי שמיר,IL,סלט חומס+טחינה,גרמים,400.00,100 גרם,false,1,8.50,2.13,true,1,
7296073236931,false,קליונז מופחת קלוריות500ג,מיטב,IL,קליונז,גרמים,500.00,100 גרם,false,1,8.80,1.76,true,1,
7296073237112,false,חט.שוקס כדורי דגנ.שוקו70,שקדיה,IL,חטיף שוקס,גרמים,70.00,100 גרם,false,1,4.90,7.00,true,1,
7296073237129,false,חטיף שוקס וופל חלב70גרם,שקדיה,IL,חטיף שוקס,גרמים,70.00,100 גרם,false,1,4.90,7.00,true,1,
7296073237136,false,חט.שוקס ביסקויט שוק.חלב,שקדיה,IL,חטיף שוקולד שוקס,גרמים,70.00,100 גרם,false,1,4.90,7.00,true,1,
7296073237167,false,חט.שוקס קורנפלקס חלב70ג,שקדיה,IL,חטיף שוקס,גרמים,70.00,100 גרם,false,1,4.90,7.00,true,1,
7296073237525,false,קוקטייל פירות בסירופ קל,CANNED QIWWEI LINYI,CN,קוקטייל פירות,גרמים,820.00,100 גרם,false,1,9.80,1.20,true,1,
7296073237631,false,שוק.מריר 81% 100 גרם,פריי )שוקולד(,CH,שוקולד מריר 81%,גרמים,100.00,100 גרם,false,1,10.00,10.00,true,1,
7296073237655,false,שוק.מריר 72% קקאו 100 גר,פריי )שוקולד(,CH,שוקולד מריר 72%,גרמים,100.00,100 גרם,false,1,10.00,10.00,true,1,
7296073237662,false,שוק72%. מריר תפוז 100גרם,פריי )שוקולד(,CH,שוקולד מריר תפוז,גרמים,100.00,100 גרם,false,1,10.00,10.00,true,1,
7296073237747,false,חמאה הולנדית 200 גרם,SPRL MATHOT,BE,חמאה הולדית,גרמים,200.00,100 גרם,false,1,6.80,3.40,true,1,
7296073237754,false,חמאה הולנדית 100 גרם,SPRL MATHOT,BE,חמאה הולנדית,גרמים,100.00,100 גרם,false,1,3.40,3.40,true,1,
7296073237853,false,קפסולות קפה שופרסל סגול,רוני רג'ואן ושות,IL,קפסולות קפה,גרמים,50.00,100 גרם,false,1,14.90,29.80,true,1,
7296073237860,false,קפסולות קפה שופרסל חום,רוני רג'ואן ושות,IL,קפסולות קפה,גרמים,50.00,100 גרם,false,1,14.90,29.80,true,1,
7296073237884,false,קפסולות קפה שופרסל שחור,רוני רג'ואן ושות,IL,קפסולות קפה,גרמים,50.00,100 גרם,false,1,14.90,29.80,true,1,
7296073237891,false,קפסולות קפה שופרסל אדום,רוני רג'ואן ושות,IL,קפסולות קפה,גרמים,50.00,100 גרם,false,1,14.90,29.80,true,1,
7296073238119,false,עוגיות ג'פונז שוקו 100גר,מידור,CH,עוגיות ג'פונז,גרמים,100.00,100 גרם,false,1,11.90,11.90,true,1,
7296073238126,false,עוגיות קרם שקדים+שוקו100,מידור,CH,עוגיות קרם שקדים,גרמים,100.00,100 גרם,false,1,11.90,11.90,true,1,
7296073239239,false,"כוסות קפה ח""פ שופרסל 50",.,IL,"כוסות קפה ח""פ",יחידה,1.00,יחידה,false,1,5.90,5.90,true,1,
7296073239383,false,מיני פרלין שופרסל 100 גר,דוקדו,BE,מיני פרלין,גרמים,100.00,100 גרם,false,1,10.00,10.00,true,1,
7296073240211,false,נייר טואלט דו שכבתי 32 ג,שניב תעשיות נייר,IL,נייר טואלט,מטרים,573.00,מטר,false,1,24.90,0.04,true,1,
7296073241324,false,אננס פרוסות 850 גרם,CANNING FRUIT KUIBURI,TH,אננס פרוסות,גרמים,850.00,100 גרם,false,1,8.50,1.00,true,1,
7296073241522,false,ממחטות אף 100*5 יח,שניב תעשיות נייר,IL,ממחטות אף 5 יח,יחידה,1.00,יחידה,false,1,9.80,9.80,true,1,
7296073242062,false,64מגבונים מבושמים שופרסל,דינמיק,IL,מגבונים מבושמים,יחידה,1.00,יחידה,false,1,6.80,6.80,true,1,
7296073242277,false,תאנים מיובשות300ג שופרסל,SA AKCA OSMAN,TR,תאנים 300גרם,גרמים,300.00,100 גרם,false,1,12.90,4.30,true,1,
7310250702702,false,גלייד מוצק פסגות 150גר,ג'ונסון,GB,גלייד מוצק פסגות,גרמים,150.00,100 גרם,false,0,8.80,5.87,true,1,
7312040017683,false,וודקה אבסולוט,,SE,וודקה אבסולוט,מיליליטרים,700.00,"100 מ""ל",false,0,64.90,9.27,true,1,
7501013132052,false,נקטר אפרסק,,MX,נקטר אפרסק,ליטרים,1.00,ליטר,false,0,11.80,11.80,true,1,
7501013132106,false,מיץ אננס טבעי,,IL,מיץ אננס טבעי,מיליליטרים,1000.00,"100 מ""ל",false,0,11.80,1.18,true,1,
7501013132403,false,מיץ קוקוס אננס 1 ליטר,ELORO.S.A COMERCIAIZADOR,MX,מיץ קוקוס אננס,ליטרים,1.00,ליטר,false,1,11.80,11.80,true,1,
7610023050215,false,קרנצ' X 500 גרם,ביו פמיליה,CH,קרנצ' X דגנים,גרמים,500.00,100 גרם,false,0,25.50,5.10,true,1,
7610023050413,false,מיזלי פרוט איקס שקית500ג,ביו פמיליה,CH,פרויט X דגנים,גרמים,500.00,100 גרם,false,0,25.50,5.10,true,1,
7610023051212,false,שוקו X דגנים+שוק.ציפס500,ביו פמיליה,CH,שוקו X דגנים,גרמים,500.00,100 גרם,false,0,25.50,5.10,true,1,
7610400010481,false,שוק.לינדט אקסלנס מילק100,לינדט ושפרונגלי קילשברג,CH,שוקולד לינדט,גרמים,100.00,100 גרם,false,0,16.00,16.00,true,1,
7610400070577,false,שוקולד אקסלנס צ'ילי100ג,לינדט ושפרונגלי קילשברג,CH,שוקולד אקסלנס,גרמים,100.00,100 גרם,false,0,16.00,16.00,true,1,
7613032045753,false,דגנ.בוקר פיטנס שוקולד375,נסטלה,FR,פיטנס שוקולד,גרמים,375.00,100 גרם,false,0,20.90,5.57,true,1,
7613033539107,false,מחית תפוח בננה שלב2 130ג,נסטלה,PL,מחית שלב 2 מטרנה,גרמים,130.00,100 גרם,false,0,5.00,3.85,true,1,
7613033539121,false,מחית סלט פירות שלב2 130ג,נסטלה,PL,מחית שלב 2 מטרנה,גרמים,130.00,100 גרם,false,0,5.00,3.85,true,1,
7613033539206,false,מחית ירקות שלב 2 130 גרם,נסטלה,PL,מחית שלב 2 מטרנה,גרמים,130.00,100 גרם,false,0,6.50,5.00,true,1,
7613033539749,false,מחית תפוח בננה שלב3 190ג,נסטלה,PL,מחית שלב 3 מטרנה,גרמים,190.00,100 גרם,false,0,5.90,3.11,true,1,
7613033539800,false,מחית פירות טרופ.שלב3 190,נסטלה,PL,מחית שלב 3 מטרנה,גרמים,190.00,100 גרם,false,0,5.90,3.11,true,1,
7613033548192,false,פיטנס שוקולד מריר 375גרם,נסטלה,FR,פיטנס שוקולד,גרמים,375.00,100 גרם,false,0,20.90,5.57,true,1,
7613033692383,false,"מחית תפו""ע+דגנ.שלב2 130ג",נסטלה,PL,מחית שלב 2 מטרנה,גרמים,130.00,100 גרם,false,0,5.00,3.85,true,1,
7613033975554,false,ביסקוויט מטרנה ט.טבעי180,נסטלה,IL,ביסקוויט מטרנה,גרמים,180.00,100 גרם,false,0,13.90,7.72,true,1,
7613033975615,false,ביסקוויט מטרנה חמאה180גר,נסטלה,IL,ביסקוויט מטרנה,גרמים,180.00,100 גרם,false,0,13.90,7.72,true,1,
7613034042170,false,פיטנס שקדים ודבש 585 גרם,נסטלה,FR,פיטנס שקדים ודבש,גרמים,585.00,100 גרם,false,0,26.70,4.56,true,1,
7613034792785,false,מולטי צ'יריוס 565 גרם,סי.פי אנגליה,GB,מולטי צ'יריוס,גרמים,565.00,100 גרם,false,0,23.90,4.23,true,1,
7613035548374,false,דגני בוקר גולדן מיניס570,נסטלה,FR,דגני גולדן מיניס,גרמים,570.00,100 גרם,false,1,17.90,3.14,true,1,
7613600003796,false,פאל מאל סופר סלים בלו10י,bat,CH,פאל מאל חבילה,יחידה,1.00,יחידה,false,0,259.90,259.90,false,1,
7616500553460,false,שוקולד מריר,,CH,שוקולד מריר,גרמים,100.00,100 גרם,false,0,9.90,9.90,true,1,
7616500553484,false,שוקולד מריר,,CH,שוקולד מריר,גרמים,100.00,100 גרם,false,0,9.90,9.90,true,1,
7616500553705,false,שוקובלוק מריר,,CH,שוקובלוק מריר,גרמים,100.00,100 גרם,false,0,5.90,5.90,true,1,
7617014149293,false,קפסולות קפה,,,קפסולות קפה,גרמים,96.00,100 גרם,false,0,29.60,30.83,true,1,
7617014149316,false,קפסולות קפה,,,קפסולות קפה,גרמים,96.00,100 גרם,false,0,29.60,30.83,true,1,
7617014149330,false,קפסולות קפה,,,קפסולות קפה,גרמים,96.00,100 גרם,false,0,29.60,30.83,true,1,
7617014149354,false,קפסולות קפה,,,קפסולות קפה,גרמים,96.00,100 גרם,false,0,29.60,30.83,true,1,
7617014149408,false,קפסולות קפה,,,קפסולות קפה,גרמים,96.00,100 גרם,false,0,29.60,30.83,true,1,
7617014153634,false,קפסולות קפה,,CH,קפסולות קפה,גרמים,96.00,100 גרם,false,0,29.60,30.83,true,1,
7622300495046,false,מילקה אקסטרה קקאו 100גר,מונדלייז,DE,שוקולד מילקה,גרמים,100.00,100 גרם,false,0,8.40,8.40,true,1,
7622300498429,false,שוקולד מילקה קרם תות 100,מונדלייז,DE,שוקולד מילקה,גרמים,100.00,100 גרם,false,0,8.40,8.40,true,1,
7622300617820,false,שוקולד מילקה אוראו 100 ג,מונדלייז,DE,שוקולד מילקה,גרמים,100.00,100 גרם,false,0,8.40,8.40,true,1,
7622300772314,false,עוגיות אוראו 66 גרם,מונדלייז,ES,עוגיות אוראו,גרמים,66.00,100 גרם,false,0,5.00,7.58,true,1,
7622400005190,false,שוקולד מילקה חום לבן100ג,מונדלייז,DE,שוקולד מילקה,גרמים,100.00,100 גרם,false,0,8.40,8.40,true,1,
7702018069316,false,סכין גילוח סימפלי ונוס 2,פרוקטר & גמבל,PL,סכין גילוח ונוס2,יחידה,1.00,יחידה,false,0,17.10,17.10,true,1,
7702018343652,false,מכשיר לגילוח גוף+סכין,פרוקטר & גמבל,ES,מכשיר לגילוח גוף,יחידה,1.00,יחידה,false,1,51.50,51.50,true,1,
7702018397990,false,מכשיר פרוגלייד 6+ סכינים,פרוקטר & גמבל,IL,מכשיר פרוגלייד,יחידה,1.00,יחידה,false,1,114.00,114.00,true,1,
7702018978106,false,"דאו.קליר ג'ל A.L 70 מ""ל",פרוקטר & גמבל,CZ,דאו.קליר ג'ל,מיליליטרים,70.00,"100 מ""ל",false,0,30.00,42.86,true,1,
7702174068833,false,יוגטה אייס קרים בשקית216,אלדור,CO,לקקן יוגטה,גרמים,216.00,100 גרם,false,0,7.90,3.66,true,1,
7792860006218,false,בייבי דול לקקן 24 גרם,לרטייר,AR,בייבי דול לקקן,גרמים,24.00,100 גרם,false,0,2.20,9.17,true,1,
7804414000860,false,"דון חוליו קברנה 750 מ""ל",צ'ילה לואיס פיליפה אדוארדס,CL,דון חוליו קברנה,מיליליטרים,750.00,"100 מ""ל",false,0,26.90,3.59,true,1,
7804414000877,false,"דון חוליו מרלו 750 מ""ל",צ'ילה לואיס פיליפה אדוארדס,CL,דון חוליו מרלו,מיליליטרים,750.00,"100 מ""ל",false,0,26.90,3.59,true,1,
7891024179482,false,מי פה קולגייט אופטיק500מ,קולגייט-פלמוליב,IL,מי פה קולגייט,מיליליטרים,500.00,"100 מ""ל",false,0,29.60,5.92,true,1,
8000070012783,false,קפה לוואצה אורו 250 גרם,לווצה,IT,קפה לוואצה,גרמים,250.00,100 גרם,false,0,42.30,16.92,true,1,
8000113003402,false,קמח תירס,,IT,קמח תירס,קילוגרמים,1.00,"ק""ג",false,0,16.20,16.20,true,1,
8000380003723,false,גראנד פטיסרי אגוז 100גרם,לואקר,IT,גראנד פטיסרי,גרמים,100.00,100 גרם,false,0,11.60,11.60,true,1,
8000380003761,false,גראנד פטיסרי קוקוס100גרם,לואקר,IT,גראנד פטיסרי,גרמים,100.00,100 גרם,false,0,11.60,11.60,true,1,
8000380004669,false,וופל לואקר קקאו 200 גרם,לואקר,IT,וופל לואקר קקאו,גרמים,200.00,100 גרם,false,0,12.80,6.40,true,1,
8000380004676,false,ופלים לואקר וניל 200 גרם,לואקר,IT,ופלים לואקר,גרמים,200.00,100 גרם,false,0,12.80,6.40,true,1,
8000380004911,false,ופלים קואדרטיני אגוז250ג,לואקר,IT,ופל קואדרטיני,גרמים,250.00,100 גרם,false,0,13.20,5.28,true,1,
8000380004942,false,וופלים קאודרטיני וניל250,לואקר,AT,וופלים קאודרטיני,גרמים,250.00,100 גרם,false,0,13.20,5.28,true,1,
8000380004966,false,ופלים קואדרטיני קקאו250ג,לואקר,IT,ופל קואדרטיני,גרמים,250.00,100 גרם,false,0,13.20,5.28,true,1,
8000380005598,false,וופל טורטינה מריר 125גרם,לואקר,IT,וופל טורטינה,גרמים,125.00,100 גרם,false,0,17.60,14.08,true,1,
8000380007219,false,ופלים לואקר ט.אגוזים175ג,לואקר,IT,ופלים לואקר,גרמים,175.00,100 גרם,false,0,11.80,6.74,true,1,
8000380007233,false,וופל לואקר מצופה מריר118,לואקר,IT,וופל לואקר,גרמים,118.00,100 גרם,false,1,9.90,8.39,true,1,
8000380007264,false,ופלים לואקר ט.קקאו 175גר,לואקר,IT,ופלים לואקר,גרמים,175.00,100 גרם,false,0,11.80,6.74,true,1,
8000380007271,false,ופלים לואקר בטעם חלב175ג,לואקר,IT,ופלים לואקר,גרמים,175.00,100 גרם,false,0,11.80,6.74,true,1,
8000380007288,false,וופל מצופה שוק.חלב118ג,לואקר,IT,וופל לואקר,גרמים,118.00,100 גרם,false,1,9.90,8.39,true,1,
8000380106028,false,וופל טורטינה אורגינל125ג,לואקר,IT,וופל טורטינה,גרמים,125.00,100 גרם,false,0,17.60,14.08,true,1,
8000380142576,false,וופל גרדנה אגוז 100 גרם,לואקר,IL,וופל גרדנה אגוז,גרמים,100.00,100 גרם,false,0,9.90,9.90,true,1,
8000380148325,false,וופל לואקר שוק.אגוז26X4ג,לואקר,IT,חטיפי לואקר 4 יח,גרמים,104.00,100 גרם,false,0,11.90,11.44,true,1,
8000380156825,false,שוקולד לואקר חלב 87 גרם,לואקר,IT,שוקולד לואקר,גרמים,87.00,100 גרם,false,0,8.80,10.11,true,1,
8000380156832,false,שוקולד לואקר קרם קקאו87ג,לואקר,IT,שוקולד לואקר,גרמים,87.00,100 גרם,false,0,8.80,10.11,true,1,
8000380156856,false,שוקולד לואקר לבן 87 גרם,לואקר,IT,שוקולד לואקר,גרמים,87.00,100 גרם,false,0,8.80,10.11,true,1,
8000392203159,false,מברשת מגהץ,המברשת רוחמה,IL,מברשת מגהץ,יחידה,1.00,יחידה,false,0,14.90,14.90,true,1,
8000392303200,false,מברשת כלים דו צדדית,המברשת רוחמה,IL,מברשת כלים,יחידה,1.00,יחידה,false,0,13.60,13.60,true,1,
8000500023624,false,חטיף קינדר הפי היפו 5יח',פררו - אלבה,IT,קינדר הפי היפו,גרמים,102.00,100 גרם,false,0,11.90,11.67,true,1,
8000500026731,false,ביצי הפתעה קינדר20ג3*יח',פררו אס.פי.אי,IT,ביצי קינדר,גרמים,60.00,100 גרם,false,1,13.90,23.17,true,1,
8000500029350,false,קינדר בואנו 43*3 גרם,פררו - אלבה,IT,קינדר בואנו,גרמים,129.00,100 גרם,false,0,11.90,9.22,true,1,
8000500071083,false,שוקולד קינדר 200 גרם,פררו - אלבה,IT,שוקולד חלב קינדר,גרמים,200.00,100 גרם,false,0,13.90,6.95,true,1,
8000500126325,false,ביצי קינדר ג'וי ורוד20*3,פררו - אלבה,PL,קינדר ג'וי ורוד,גרמים,60.00,100 גרם,false,0,13.90,23.17,true,1,
8000500172810,false,סוכ.טיק טק תות שדה4יח16*,פררו - אלבה,EC,טיק טק תות שדה,גרמים,64.00,100 גרם,false,0,10.90,17.03,true,1,
8002110383709,false,קרם ידיים ניוטרוג'ינה50מ,ג'ונסון,FR,קרם ידיים,מיליליטרים,50.00,"100 מ""ל",false,0,28.70,57.40,true,1,
8002270866524,false,סן פלגרינו,,IL,סן פלגרינו,ליטרים,1.00,ליטר,false,0,8.90,8.90,true,1,
8004030044005,false,טונה ריו בשמן זית 160גרם,בולטון,IT,טונה בשמן זית,גרמים,160.00,100 גרם,false,0,14.90,9.31,true,1,
8004030081024,false,טונה בשמן זית ופלפל160גר,בולטון,IT,טונה בשמן זית,גרמים,160.00,100 גרם,false,0,14.90,9.31,true,1,
8004030344938,false,טונה בשמן זית 80*3גרם,בולטון,IT,טונה ריו מרה 3יח,גרמים,240.00,100 גרם,false,0,26.70,11.13,true,1,
8005110170300,false,עגבניות חתוכות דק 400*3ג,,,עגבניות חתוכות דק 400*3ג,קילוגרמים,1.20,"ק""ג",false,0,16.90,14.08,true,1,
8005200496525,false,נסטי בטעם אפרסק 1.5 ליטר,סן-פלגרינו,IT,נסטי בטעם אפרסק,ליטרים,1.50,ליטר,false,0,7.50,5.00,true,1,
8008090044012,false,טבליות ספירה 30 יחידות,זובלה,IT,30 טבליות ספירה,יחידה,1.00,יחידה,false,0,12.80,12.80,true,1,
8010445003308,false,שמן זית כתית מעולה 750 מ,CLEMENTE OLEARIA,IT,שמן זית,גרמים,750.00,100 גרם,false,0,34.60,4.61,true,1,
8014515330196,false,עגבניות מרוסקות 400 גרם,שופרסל-ייבוא,IT,עגבניות מרוסקות,גרמים,400.00,100 גרם,false,1,5.90,1.48,true,1,
8017128193264,false,מטאטא לכה + מקל,המברשת רוחמה,IL,מטאטא לכה+מקל,יחידה,1.00,יחידה,false,0,34.20,34.20,true,1,
8032880800243,false,פיקניק הפתעה 50 גרם,הוסטה,IT,פיקניק הפתעה,גרמים,50.00,100 גרם,false,0,7.40,14.80,true,1,
8076800195033,false,ספגטיני מס' 3 500 גרם,ברילה,IT,ספגטיני מס' 3,גרמים,500.00,100 גרם,false,0,7.90,1.58,true,1,
8076800195057,false,ספגטיני מס' 5 ברילה500גר,ברילה,IT,ספגטי מס 5 ברילה,גרמים,500.00,100 גרם,false,0,7.90,1.58,true,1,
8076802085936,false,קונצ'יליה ריגטי 500 גרם,ברילה,IT,קונצ'יליה,גרמים,500.00,100 גרם,false,0,7.90,1.58,true,1,
8076808050440,false,פסטה מקרוני מס44' 500 גר,ברילה,IT,מקרוני ברילה,גרמים,500.00,100 גרם,false,0,7.90,1.58,true,1,
8076808060654,false,פסטה פרפלה מס65' 500 גרם,ברילה,IL,פסטה פרפלה ברילה,גרמים,500.00,100 גרם,false,0,7.90,1.58,true,1,
8076808150072,false,ספגטי מס' 7 500 גרם,ברילה,IT,ספגטי ברילה,גרמים,500.00,100 גרם,false,0,7.90,1.58,true,1,
8076809513388,false,רוטב לפסטה ארביאטה400גרם,ברילה,IT,רוטב לפסטה,גרמים,400.00,100 גרם,false,0,13.90,3.48,true,1,
8076809513395,false,רוטב פומודורו ברילה 400ג,ברילה,IT,רוטב פומודורו ברילה 400ג,גרמים,400.00,100 גרם,false,0,13.90,3.48,true,1,
8076809513739,false,רוטב בזיליקום ברילה400גר,ברילה,IT,רוטב בזיליקום,גרמים,400.00,100 גרם,false,0,13.90,3.48,true,1,
8076809523738,false,לזניה ברילה 500 גרם,ברילה,IT,לזניה ברילה,גרמים,500.00,100 גרם,false,0,21.70,4.34,true,1,
8410076600981,false,חטיפי קראנצ'י קוקוס 5 יח,ג'נרל מילס,ES,חטיפי קראנצ'י,גרמים,210.00,100 גרם,false,0,19.90,9.48,true,1,
8410076610218,false,חטיף צ'ואי בוטנים 30*5גר,ג'נרל מילס,ES,חטיף צ'ואי,גרמים,150.00,100 גרם,false,0,17.90,11.93,true,1,
8410076610225,false,צ'ואי שוק.מריר+בוטנים5יח,ג'נרל מילס,ES,צ'ואי שוקולד,גרמים,150.00,100 גרם,false,0,17.90,11.93,true,1,
8410076610270,false,נייטשר ואלי פופקורן שקד5,ג'נרל מילס,ES,חטיף נייטשר ואלי,גרמים,100.00,100 גרם,false,1,19.70,19.70,true,1,
8410076610287,false,נייטשר ואלי פופק.מצופ5יח,ג'נרל מילס,ES,חטיף נייטשר ואלי,גרמים,100.00,100 גרם,false,1,19.70,19.70,true,1,
8410104044916,false,"פיניש אבקה למדיח 2.7 ק""ג",רקיט בנקיזר,IL,"פיניש אבקה למדיח 2.7 ק""ג",קילוגרמים,2.70,"ק""ג",false,0,47.90,17.74,true,1,
8410179007519,false,פסטה פוזילי בורחס 500גרם,דה מטיאס אגרו,IT,פסטה פוזילי,גרמים,500.00,100 גרם,false,0,7.10,1.42,true,1,
8410179100043,false,שמן זית בורחס מעולה750מל,PONTU BORGES ACEITES,ES,שמן זית בורחס,מיליליטרים,750.00,"100 מ""ל",false,0,36.90,4.92,true,1,
8410196051380,false,"עוג.שוקולד מריר ללת""ס120",וירג'יניאס,ES,עוגיות מצופות,גרמים,120.00,100 גרם,false,1,15.90,13.25,true,1,
8410376009392,false,ביסקוויט חיט.מלא ללתס170,גולון,ES,"ביסקוויט ללת""ס",גרמים,170.00,100 גרם,false,1,9.90,5.82,true,1,
8410376010701,false,"ביסקוויט מרי ללת""ס 400 ג",גולון,ES,"ביסקוויט ללת""ס",גרמים,400.00,100 גרם,false,1,16.90,4.23,true,1,
8410644120118,false,קאווה חצי יבש,,IL,קאווה חצי יבש,מיליליטרים,750.00,"100 מ""ל",false,0,21.90,2.92,true,1,
8411277063049,false,קאווה ג'ום,,ES,קאווה ג'ום,מיליליטרים,750.00,"100 מ""ל",false,0,29.60,3.95,true,1,
8411640001043,false,"וודקה ליים ספיריט 275מ""ל",דסטילריאס מ.ג,ES,וודקה ליים,מיליליטרים,275.00,"100 מ""ל",false,0,13.80,5.02,true,1,
8423207206488,false,סלים דליס מצופה שוקולד6י,סלים דליס,ES,חטיפי דגנים מרבה,גרמים,120.00,100 גרם,false,0,10.00,8.33,true,1,
8423207206495,false,סלים דליס שוקולד מריר6י,סלים דליס,ES,חטיפי דגנים מרבה,גרמים,120.00,100 גרם,false,0,10.00,8.33,true,1,
8423207206501,false,סלים דליס רב דגנים חלב6י,סלים דליס,ES,חטיפי דגנים מרבה,גרמים,120.00,100 גרם,false,0,10.00,8.33,true,1,
8423207207478,false,פריכיות תירס טבעי123 גרם,ביסנצורי,ES,פריכיות תירס,גרמים,123.00,100 גרם,false,0,9.90,8.05,true,1,
8423207208260,false,ס.דליס שוק.חלב ל.ג13*6גר,ביסצ'ורי,ES,חטיף דגנים,גרמים,78.00,100 גרם,false,1,14.90,19.10,true,1,
8423207208680,false,סלים דליס ילדים ש.חלב6יח,סלים דליס,ES,סלים דליס 6 יח,גרמים,120.00,100 גרם,false,1,10.00,8.33,true,1,
8423207208697,false,סלים דליס ילדים ש.לבן6יח,סלים דליס,ES,סלים דליס 6 יח,גרמים,120.00,100 גרם,false,1,10.00,8.33,true,1,
8423207208703,false,סלים דליס שוקו.מריר 6 יח,סלים דליס,ES,סלים דליס 6 יח,גרמים,120.00,100 גרם,false,1,10.00,8.33,true,1,
8590160891652,false,קפה נמס ג'קובס גולד200ג,מונדלייז,DE,קפה גיקובס גולד,גרמים,200.00,100 גרם,false,0,26.90,13.45,true,1,
8594012822511,false,"בירה פאקה פרמן 500 מ""ל",שופרסל-ייבוא,CZ,בירה פאקא פרמן,מיליליטרים,500.00,"100 מ""ל",false,0,7.20,1.44,true,1,
8690572774311,false,"שמפו סאיוס קרטין 750 מ""ל",הובי קוסמטיקס,TR,שמפו סאיוס,מיליליטרים,750.00,"100 מ""ל",false,1,12.90,1.72,true,1,
8690572774328,false,"מרכך סאיוס קרטין 750 מ""ל",הובי קוסמטיקס,TR,מרכך סאיוס,מיליליטרים,750.00,"100 מ""ל",false,1,12.90,1.72,true,1,
8690572775707,false,"שמפו גליס לשיקום650 מ""ל",הובי קוסמטיקס,TR,שמפו גליס,מיליליטרים,650.00,"100 מ""ל",false,1,18.90,2.91,true,1,
8690637073595,false,חליטת ליפטון ורד הבר20שק,יוניליוור,TR,חליטת ליפטון,גרמים,50.00,100 גרם,false,0,11.70,23.40,true,1,
8690637538940,false,"דאודורנט אקס וייס 150מ""ל",יוניליוור,TR,דאודורנט אקס,מיליליטרים,150.00,"100 מ""ל",false,0,14.90,9.93,true,1,
8690637577512,false,דאו.אקס ספריי אקסייט150מ,יוניליוור,TR,דאודורנט אקס,מיליליטרים,150.00,"100 מ""ל",false,0,14.90,9.93,true,1,
8690637611698,false,דאו.אקס לגבר אנרכי 150 מ,יוניליוור,TR,דאודורנט אקס,מיליליטרים,150.00,"100 מ""ל",false,0,14.90,9.93,true,1,
8690637631009,false,אקס בודי ספריי אפולו 150,יוניליוור,IL,אקס בודי ספריי,מיליליטרים,150.00,"100 מ""ל",false,0,14.90,9.93,true,1,
8690637655968,false,סיף ג'ל אקונומיקה 750מל,יוניליוור,IL,סיף ג'ל רוח ים,מיליליטרים,750.00,"100 מ""ל",false,0,12.60,1.68,true,1,
8690637682551,false,בדין אקסטרה שחור960מל,יוניליוור,IL,בדין אקסטרה,מיליליטרים,960.00,"100 מ""ל",false,0,18.90,1.97,true,1,
8690637682575,false,בדין אקסטרה אדום960מל,יוניליוור,IL,בדין אקסטרה,מיליליטרים,960.00,"100 מ""ל",false,0,18.90,1.97,true,1,
8690637704277,false,דאב שמפו יומי 2ב1- 600מ,יוניליוור,TR,שמפו דאב,מיליליטרים,600.00,"100 מ""ל",false,0,15.90,2.65,true,1,
8690637704291,false,"דאב שמפו משקם 600 מ""ל",יוניליוור,TR,דאב שמפו משקם,מיליליטרים,600.00,"100 מ""ל",false,0,15.90,2.65,true,1,
8690637704376,false,"דאב שמפו יום יומי 600מ""ל",יוניליוור,TR,שמפו דאב,מיליליטרים,600.00,"100 מ""ל",false,0,15.90,2.65,true,1,
8690637704437,false,דאב שמפו שמני הזנה 600 מ,יוניליוור,TR,שמפו דאב,מיליליטרים,600.00,"100 מ""ל",false,0,15.90,2.65,true,1,
8690637704451,false,דאב מרכך שמני הזנה 600 מ,יוניליוור,TR,דאב מרכך,מיליליטרים,600.00,"100 מ""ל",false,0,15.90,2.65,true,1,
8690770322598,false,שמרים יבשים 125 גרם,הנמל,,שמרים יבשים 125 גרם,גרמים,125.00,100 גרם,false,0,4.60,3.68,true,1,
8690777206051,false,חציל קלוי,,TR,חציל קלוי,גרמים,650.00,100 גרם,false,0,11.90,1.83,true,1,
8690777221405,false,פלפל אדום קלוי,,,פלפל אדום קלוי,גרמים,650.00,100 גרם,false,0,11.90,1.83,true,1,
8690784211802,false,גלייד אירוסול לבנדר 300מ,vaill aerosol coster,TR,גלייד מטהר אוויר,מיליליטרים,300.00,"100 מ""ל",false,0,9.30,3.10,true,1,
8693323003906,false,ג'לי בצורת דובנים 250,סאאדת,IL,ג'לי דובונים,גרמים,250.00,100 גרם,false,0,7.90,3.16,true,1,
8693323031909,false,מרשמלו ממולא גלי 90 גרם,סאאדת,IL,מרשמלו ממולא גלי 90 גרם,גרמים,90.00,100 גרם,false,0,4.20,4.67,true,1,
8693495037853,false,קולגייט 2מברשת סלים סופט,קולגייט-פלמוליב,CN,2 מברשות קולגייט,יחידה,1.00,יחידה,false,0,32.60,32.60,true,1,
8693495039420,false,פלמוליב ספא גורמה תות500,קולגייט-פלמוליב,TR,סבון פלמוליב,מיליליטרים,500.00,"100 מ""ל",false,1,15.00,3.00,true,1,
8695504121102,false,ביצי שוקולד נסטלה 20*3 ג,נסטלה,,ביצי שוקולד 3 יח,גרמים,60.00,100 גרם,false,0,9.80,16.33,true,1,
8697418280173,false,עלי טורטיה,,,עלי טורטיה,גרמים,840.00,100 גרם,false,0,26.70,3.18,true,1,
8697530910729,false,קנט טרי-טק כחול ארוך,bat,RO,סיגריות קנט,יחידה,1.00,יחידה,false,0,33.50,33.50,false,1,
8697530910743,false,פאל מאל כחול חפיסה,bat,TR,פאל מאל חפ.,יחידה,1.00,יחידה,false,0,27.50,27.50,false,1,
8697530910750,false,פאל מאל כחול ארוך חפ.,bat,TR,פאל מאל חפ.,יחידה,1.00,יחידה,false,0,27.50,27.50,false,1,
8697530910941,false,פאל מאל כחול 10 יח',bat,TR,פאל מאל,יחידה,1.00,יחידה,false,0,259.90,259.90,false,1,
8697530910958,false,פאל מאל כחול ארוך 10יח,bat,TR,פאל מאל,יחידה,1.00,יחידה,false,0,259.90,259.90,false,1,
8697530911276,false,קנט קצר חפיסה,bat,TR,קנט קצר חפיסה,יחידה,1.00,יחידה,false,0,33.50,33.50,false,1,
8710502064814,false,עוג.שוקוציפס מרקם רך175ג,מרבה,NL,עוגיות מרבה,גרמים,175.00,100 גרם,false,1,10.90,6.23,true,1,
8710502139017,false,עוג.טריפל שוקוצ'יפס180גר,מרבה,NL,עוגיות שוקוצ'יפס,גרמים,180.00,100 גרם,false,0,10.90,6.06,true,1,
8710502405204,false,עוג.מרבה ממולאות שוקו175,מרבה,NL,עוגיות מרבה,גרמים,175.00,100 גרם,false,0,10.90,6.23,true,1,
8710502420016,false,עוג.שוקולד צ'יפס קרמל175,מרבה,ES,עוגיות מרבה,גרמים,175.00,100 גרם,false,0,10.90,6.23,true,1,
8711700665834,false,סבון מוצק דאב 100*6 גרם,יוניליוור,IL,סבון דאב שישייה,גרמים,600.00,100 גרם,false,0,16.90,2.82,true,1,
8712100637391,false,סאטיספי מי בו אל 457גרם,בן & ג'ריס,IL,סאטיספי מי בו אל,גרמים,457.00,100 גרם,false,6,25.50,5.58,true,1,
8712400802499,false,נוטרילון שלב1- 800 גרם,נוטרישיה קאלק,NL,נוטרילון שלה1-,גרמים,800.00,100 גרם,false,0,64.90,8.11,true,1,
8712561594608,false,תח.רחצה להזנה עמוקה 750מ,יוניליוור,DE,תחליב רחצה דאב,מיליליטרים,750.00,"100 מ""ל",false,1,16.90,2.25,true,1,
8712561631570,false,תח.רחצה דאב חלב קוקוס750,יוניליוור,DE,תחליב רחצה דאב,מיליליטרים,750.00,"100 מ""ל",false,1,16.90,2.25,true,1,
8712561650366,false,"אקס ג'ל רחצה בלאק 400מ""ל",יוניליוור,GB,אקס ג'ל רחצה,מיליליטרים,400.00,"100 מ""ל",false,0,10.00,2.50,true,1,
8714789132549,false,קולגייט הרבל להלבנה100מל,קולגייט-פלמוליב,BR,משחת שיניים,מיליליטרים,100.00,"100 מ""ל",false,0,12.50,12.50,true,1,
8714789177229,false,4 מב.קולגייט אקסטרה קלין,קולגייט-פלמוליב,VN,4 מברשות שיניים,יחידה,1.00,יחידה,false,0,14.80,14.80,true,1,
8714789292915,false,2 מברש.קולגייט מקס פרש M,קולגייט-פלמוליב,CN,2 מברשות שיניים,יחידה,1.00,יחידה,false,0,20.00,20.00,true,1,
8714789402932,false,אג'קס חגיגת פרחי.ורוד1.5,קולגייט-פלמוליב,GR,אג'קס לניקוי,ליטרים,1.50,ליטר,false,0,19.90,13.27,true,1,
8714789450315,false,פלמוליב לכלים לימון1.5ל',קולגייט-פלמוליב,IL,פלמוליב לכלים,ליטרים,1.50,ליטר,false,0,12.80,8.53,true,1,
8714789552897,false,קולגייט טוטל אדוונס 100מ,קולגייט-פלמוליב,PL,משחת קולגייט,מיליליטרים,100.00,"100 מ""ל",false,0,14.90,14.90,true,1,
8714789722610,false,משחת קולגייט סנסטיב 75מל,קולגייט-פלמוליב,PL,משחת קולגייט,מיליליטרים,75.00,"100 מ""ל",false,0,12.90,17.20,true,1,
8714789740058,false,זוג מברשת שיניים קולגייט,קולגייט-פלמוליב,IL,זוג מברשת שיניים,יחידה,1.00,יחידה,false,0,19.90,19.90,true,1,
8714789791913,false,אג'קס פרחי לוטוס 1.5 ל,קולגייט-פלמוליב,GR,אג'קס פרחי לוטוס,ליטרים,1.50,ליטר,false,0,19.90,13.27,true,1,
8714789831190,false,קולגייט טוטל אינטרדנטל75,קולגייט-פלמוליב,PL,משחת קולגייט,גרמים,75.00,100 גרם,false,0,21.70,28.93,true,1,
8714789861852,false,קולגייט מקס פרש קלין100מ,קולגייט-פלמוליב,PL,משחת קולגייט,מיליליטרים,100.00,"100 מ""ל",false,1,15.00,15.00,true,1,
8714789930848,false,משחת אופטיק וייט אינסט75,קולגייט-פלמוליב,PL,משחת קולגייט,מיליליטרים,75.00,"100 מ""ל",false,0,26.70,35.60,true,1,
8714800004114,false,בירה בווריה,,NL,בירה בווריה,מיליליטרים,500.00,"100 מ""ל",false,0,7.90,1.58,true,1,
8715700419718,false,מתבל עגבניות 700ג+ 30%,היינץ,NL,מתבל עגבניות,גרמים,910.00,100 גרם,false,1,12.80,1.41,true,1,
8715700419732,false,מתבל עגבניות היינץ700גרם,היינץ,NL,מתבל עגבניות,גרמים,700.00,100 גרם,false,0,12.90,1.84,true,1,
8718114047249,false,סבון מוצק דאב 100*6 גרם,יוניליוור,DE,סבון דאב שישייה,גרמים,600.00,100 גרם,false,0,16.90,2.82,true,1,
8801055706440,false,טסטרס צ'ויס טו גו 36 גרם,נסטלה,KR,קפה טסטרס צ'וייס,גרמים,36.00,100 גרם,false,0,9.90,27.50,true,1,
8801055707010,false,נסקפה קפוצינו קלאסיק125ג,נסטלה,KR,נס קפה קפוצ'ינו,גרמים,125.00,100 גרם,false,0,19.30,15.44,true,1,
8801055707188,false,נסקפה קפוצ'ינו אגוזים180,נסטלה,KR,נס קפה קפוצ'ינו,גרמים,180.00,100 גרם,false,0,19.30,10.72,true,1,
8850206110025,false,"רוטב צילי מתוק 700 מ""ל",יאן ואל יון,IL,רוטב צילי מתוק,מיליליטרים,700.00,"100 מ""ל",false,0,13.90,1.99,true,1,
8850206222025,false,"רוטב חמוץ מתוק 700 מ""ל",אוריינטל פוד,IL,רוטב חמוץ מתוק,מיליליטרים,700.00,"100 מ""ל",false,0,14.80,2.11,true,1,
8850389105825,false,סאפה אלוורה ענבים 1 ליטר,FOOD GENERAL SAPANAN,TH,סאפה ענבים,ליטרים,1.00,ליטר,false,0,10.00,10.00,true,1,
8850389111666,false,משקה אלוורה בטעם אננס1ל,FOOD GENERAL SAPANAN,TH,משקה אלוורה,ליטרים,1.00,ליטר,false,1,10.00,10.00,true,1,
8850632604402,false,יוגטה חמוץ שטיח מעורב50ג,סאאדת,TH,יוגטה ממתק חמוץ,גרמים,50.00,100 גרם,false,0,4.60,9.20,true,1,
8888021200256,false,שמינית סוללות AA,אנרג'ייזר,US,שמינית סוללות,יחידה,1.00,יחידה,false,0,25.90,25.90,true,1,
8888021200720,false,שמינית סוללות AAA,אנרג'ייזר,US,8 סוללות AAA,יחידה,1.00,יחידה,false,0,25.90,25.90,true,1,
8901537024014,false,אורז בסמטי,,IN,אורז בסמטי,קילוגרמים,1.00,"ק""ג",false,0,12.90,12.90,true,1,
8992760221028,false,עוגיות אוראו 137 גרם,מונדלייז,ID,עוגיות אוראו,גרמים,137.00,100 גרם,false,1,6.90,5.04,true,1,
9000100591058,false,ג'ל עיצוב סאיוס מקס 250מ,הנקל סוד,IL,ג'ל לעיצוב סאיוס,מיליליטרים,250.00,"100 מ""ל",false,0,21.70,8.68,true,1,
9000100833110,false,סומט הכול ב1- 70 טבליות,הנקל סוד,DE,סומט טבליות,יחידה,1.00,יחידה,false,1,45.50,45.50,true,1,
9003579302545,false,פדיגרי ביסקרוק 200 גרם,מרס,HU,פדיגרי ביסקרוק,גרמים,200.00,100 גרם,false,1,17.80,8.90,true,1,
9003579302552,false,פדיגרי מרקיס 150 גרם,מרס,HU,פדיגרי מרקיס,גרמים,150.00,100 גרם,false,1,14.80,9.87,true,1,
9300632078431,false,קולגייט פרו רילף מולטי75,קולגייט-פלמוליב,IL,משחת קולגייט,מיליליטרים,75.00,"100 מ""ל",false,0,25.30,33.73,true,1,
9322969000015,false,פריכיות תירס 150 גרם,אלגם גיל,AU,פריכיות תירס 150 גרם,גרמים,150.00,100 גרם,false,0,12.80,8.53,true,1,
