code,internal_code,name,manufacturer_name,manufacture_country,manufacturer_item_description,unit_qty,quantity,unit_of_measure,weighted,qty_in_package,price,unit_of_measure_price,allow_discount,status,item_id
55,true,משלוחים לבית,,,משלוחים לבית,יחידה,0.00,יחידה,false,,29.90,0.0000,true,1,54571
103,true,לחמניה בריאות,,,לחמניה בריאות,יח',1.00,יח',false,,3.90,3.9000,true,1,3187
301,true,בקבוק ריק חוזר בירה,,,בקבוק ריק חוזר בירה,יחידה,0.00,יחידה,false,,1.20,0.0000,true,1,7178
374,true,פטריות שמפניון,,,פטריות שמפניון,יח',1.00,יח',false,,9.90,9.9000,true,1,54620
395,true,לחמניה/כריך ילדים,,,לחמניה/כריך ילדים,יח',1.00,יח',false,,2.70,2.7000,true,1,117924
403,true,מאפה כיס פרלין פרימי,,,מאפה כיס פרלין פרימי,קילוגרמים,1.00,"ק""ג",true,,59.00,59.0000,true,1,117926
413,true,רול/קוקטייל בולגרית/,,,רול/קוקטייל בולגרית/,קילוגרמים,1.00,"ק""ג",true,,53.00,53.0000,true,1,117928
652,true,כריך פרצל,,,כריך פרצל,יח',1.00,יח',false,,5.30,5.3000,true,1,117934
996,true,חלה קלועה,,,חלה קלועה,יח',1.00,יח',false,,13.90,13.9000,true,1,210800
998,true,חלה מתוקה קלועה,,,חלה מתוקה קלועה,יח',1.00,יח',false,,13.90,13.9000,true,1,117939
1009,true,בגט שלם,,,בגט שלם,יח',1.00,יח',false,,5.50,5.5000,true,1,117942
1011,true,לחמנית קוראסול,,,לחמנית קוראסול,יח',1.00,יח',false,,4.50,4.5000,true,1,117944
1014,true,בגט רוסטיק,,,בגט רוסטיק,יח',1.00,יח',false,,9.50,9.5000,true,1,117945
1028,true,חצי בגט,,,חצי בגט,יח',1.00,יח',false,,4.20,4.2000,true,1,117949
1058,true,חלה רגילה/חלה ציפורי,,,חלה רגילה/חלה ציפורי,גרמים,500.00,100 גרם,false,,5.17,0.0103,true,1,66921
1059,true,חלה מתוקה 500 גרם,,,חלה מתוקה 500 גרם,גרמים,500.00,100 גרם,false,,12.90,0.0258,true,1,118372
1070,true,סופגניה מיוחדת עם תו,,,סופגניה מיוחדת עם תו,יח',1.00,יח',false,,6.90,6.9000,true,1,117952
1073,true,סופגניה גדולה בודדת,,,סופגניה גדולה בודדת,יחידה,0.00,יחידה,false,,4.30,0.0000,true,1,117954
1079,true,מיני סופגניה בודדת,,,מיני סופגניה בודדת,יחידה,0.00,יחידה,false,,3.60,0.0000,true,1,117957
1091,true,צנונית בייבי,,,צנונית בייבי,גרמים,400.00,100 גרם,false,,6.90,0.0173,true,1,54716
1095,true,בייבי בטטה,,,בייבי בטטה,יח',1.00,יח',false,,8.90,8.9000,true,1,54719
1486,true,פומלה אדומה,,,פומלה אדומה,קילוגרמים,1.00,"ק""ג",true,,8.90,8.9000,true,1,54736
1494,true,תפו`א לבן תפזורת,,,תפו`א לבן תפזורת,קילוגרמים,1.00,"ק""ג",true,,5.90,5.9000,true,1,54744
1495,true,תפו`א אדום תפזורת,,,תפו`א אדום תפזורת,קילוגרמים,1.00,"ק""ג",true,,6.90,6.9000,true,1,103731
1500,true,פלפל כתום,,,פלפל כתום,קילוגרמים,1.00,"ק""ג",true,,10.90,10.9000,true,1,54750
1501,true,עגבניות,,,עגבניות,קילוגרמים,1.00,"ק""ג",true,,7.90,7.9000,true,1,54751
1502,true,מלפפונים,,,מלפפונים,קילוגרמים,1.00,"ק""ג",true,,7.90,7.9000,true,1,54752
1503,true,גזר ארוז,,,גזר ארוז,קילוגרמים,1.00,"ק""ג",true,,5.90,5.9000,true,1,54753
1504,true,סלק,,,סלק,קילוגרמים,1.00,"ק""ג",true,,5.90,5.9000,true,1,54754
1505,true,כרוב לבן,,,כרוב לבן,קילוגרמים,1.00,"ק""ג",true,,5.90,5.9000,true,1,54755
1507,true,כרובית,,,כרובית,קילוגרמים,1.00,"ק""ג",true,,11.90,11.9000,true,1,54757
1510,true,קישואים,,,קישואים,קילוגרמים,1.00,"ק""ג",true,,8.90,8.9000,true,1,54759
1511,true,חצילים,,,חצילים,קילוגרמים,1.00,"ק""ג",true,,8.90,8.9000,true,1,54760
1513,true,פלפל ירוק,,,פלפל ירוק,קילוגרמים,1.00,"ק""ג",true,,9.90,9.9000,true,1,54761
1515,true,פלפל חריף,,,פלפל חריף,קילוגרמים,1.00,"ק""ג",true,,9.90,9.9000,true,1,54763
1516,true,פלפל אדום,,,פלפל אדום,קילוגרמים,1.00,"ק""ג",true,,10.90,10.9000,true,1,54764
1517,true,פלפל רומרו,,,פלפל רומרו,קילוגרמים,1.00,"ק""ג",true,,12.90,12.9000,true,1,103860
1519,true,בצל יבש,,,בצל יבש,קילוגרמים,1.00,"ק""ג",true,,5.90,5.9000,true,1,54767
1521,true,קולורבי,,,קולורבי,קילוגרמים,1.00,"ק""ג",true,,7.90,7.9000,true,1,54768
1531,true,לפת,,,לפת,קילוגרמים,1.00,"ק""ג",true,,8.90,8.9000,true,1,54777
1535,true,תפו`א אדום ארוז,,,תפו`א אדום ארוז,קילוגרמים,1.00,"ק""ג",true,,5.90,5.9000,true,1,54781
1541,true,ארטישוק,,,ארטישוק,קילוגרמים,1.00,"ק""ג",true,,18.90,18.9000,true,1,103865
1545,true,שום ארוז ייבוא יח',,,שום ארוז ייבוא יח',יח',1.00,יח',false,,5.90,5.9000,true,1,54791
1547,true,שומר,,,שומר,קילוגרמים,1.00,"ק""ג",true,,7.90,7.9000,true,1,54793
1548,true,תות שדה ביח',,,תות שדה ביח',יח',1.00,יח',false,,21.90,21.9000,true,1,101687
1550,true,תפו`א לבן ארוז,,,תפו`א לבן ארוז,קילוגרמים,1.00,"ק""ג",true,,4.90,4.9000,true,1,54796
1551,true,לימון,,,לימון,קילוגרמים,1.00,"ק""ג",true,,8.90,8.9000,true,1,54797
1552,true,תפוז,,,תפוז,קילוגרמים,1.00,"ק""ג",true,,6.90,6.9000,true,1,54798
1555,true,תפוז ארוז,,,תפוז ארוז,קילוגרמים,1.00,"ק""ג",true,,5.90,5.9000,true,1,54801
1556,true,בננה מובחרת,,,בננה מובחרת,קילוגרמים,1.00,"ק""ג",true,,6.90,6.9000,true,1,54802
1560,true,דלעת ארוזה,,,דלעת ארוזה,קילוגרמים,1.00,"ק""ג",true,,10.90,10.9000,true,1,54806
1561,true,תפוח עץ זהוב,,,תפוח עץ זהוב,קילוגרמים,1.00,"ק""ג",true,,10.90,10.9000,true,1,54807
1562,true,תפוח עץ יונתן,,,תפוח עץ יונתן,קילוגרמים,1.00,"ק""ג",true,,10.90,10.9000,true,1,54808
1563,true,תפוח עץ חרמון,,,תפוח עץ חרמון,קילוגרמים,1.00,"ק""ג",true,,10.90,10.9000,true,1,54809
1564,true,תפוח עץ סמיט,,,תפוח עץ סמיט,קילוגרמים,1.00,"ק""ג",true,,10.90,10.9000,true,1,54810
1570,true,קלמנטינה,,,קלמנטינה,קילוגרמים,1.00,"ק""ג",true,,6.90,6.9000,true,1,54815
1571,true,פלפל שושקה,,,פלפל שושקה,קילוגרמים,1.00,"ק""ג",true,,12.90,12.9000,true,1,54816
1572,true,אבוקדו מובחר,,,אבוקדו מובחר,קילוגרמים,1.00,"ק""ג",true,,9.90,9.9000,true,1,54817
1574,true,בטטה מתוקה,,,בטטה מתוקה,קילוגרמים,1.00,"ק""ג",true,,10.90,10.9000,true,1,54819
1576,true,אגס,,,אגס,קילוגרמים,1.00,"ק""ג",true,,13.90,13.9000,true,1,54820
1581,true,פלפל צהוב,,,פלפל צהוב,קילוגרמים,1.00,"ק""ג",true,,10.90,10.9000,true,1,54824
1588,true,תירס ארוז,,,תירס ארוז,קילוגרמים,1.00,"ק""ג",true,,9.90,9.9000,true,1,54829
1590,true,משורית סרט 1590 ממ,,,פומלה,קילוגרמים,1.00,"ק""ג",true,,8.90,8.9000,true,1,54830
1590,true,משורית סרט 1590 ממ,,,משורית סרט 1590 ממ,,1000.00,,false,,8.90,0.0089,true,1,85347
1604,true,אפרסמון,,,אפרסמון,קילוגרמים,1.00,"ק""ג",true,,15.90,15.9000,true,1,54842
1608,true,זנגוויל\גינגיר תפזור,,,זנגוויל\גינגיר תפזור,קילוגרמים,1.00,"ק""ג",true,,25.90,25.9000,true,1,54846
1610,true,שרי אשכולות לקג,,,שרי אשכולות לקג,קילוגרמים,1.00,"ק""ג",true,,19.90,19.9000,true,1,54847
1613,true,דלורית,,,דלורית,קילוגרמים,1.00,"ק""ג",true,,6.90,6.9000,true,1,54850
1615,true,בצל אדום,,,בצל אדום,קילוגרמים,1.00,"ק""ג",true,,7.90,7.9000,true,1,54852
1619,true,פומלית,,,פומלית,קילוגרמים,1.00,"ק""ג",true,,6.90,6.9000,true,1,54855
1620,true,קיווי,,,קיווי,קילוגרמים,1.00,"ק""ג",true,,18.90,18.9000,true,1,54856
1632,true,קישוא זוקיני ירוק,,,קישוא זוקיני ירוק,קילוגרמים,1.00,"ק""ג",true,,12.90,12.9000,true,1,54865
1683,true,תפוח עץ פינק קריפס,,,תפוח עץ פינק קריפס,קילוגרמים,1.00,"ק""ג",true,,14.90,14.9000,true,1,54895
1708,true,גזר תפזורת,,,גזר תפזורת,קילוגרמים,1.00,"ק""ג",true,,5.90,5.9000,true,1,54912
1845,true,שעועית ירוקה יח`,,,שעועית ירוקה יח`,יח',1.00,יח',false,,16.90,16.9000,true,1,54949
2000,true,"בורקס גבינה/תפו""א",,,"בורקס גבינה/תפו""א",קילוגרמים,1.00,"ק""ג",true,,44.00,44.0000,true,1,120700
2001,true,מב בורקס תורכי בטעמי,,,בורקס תורכי בטעמים,קילוגרמים,1.00,"ק""ג",true,,35.00,35.0000,true,1,117965
2012,true,מב אוזני פיל פרווה,,,אוזני פיל פרווה,קילוגרמים,1.00,"ק""ג",true,,26.90,26.9000,true,1,117974
5201,true,לחמניית דגנים,,,לחמניית דגנים,יח',1.00,יח',false,,4.50,4.5000,true,1,206582
5202,true,לחמניה שמיניה דגנים,,,לחמניה שמיניה דגנים,יח',1.00,יח',false,,4.50,4.5000,true,1,206583
5504,true,דונאטס בטעמים מצופה,,,דונאטס בטעמים מצופה,גרמים,45.00,100 גרם,false,,6.90,0.1533,true,1,185545
6501,true,4 יח' לחמניות בריאות,,,4 יח' לחמניות בריאות,יח',1.00,יח',false,,16.90,16.9000,true,1,117997
7664,true,שרי תמר תפזורת לובלו,,,שרי תמר תפזורת לובלו,קילוגרמים,1.00,"ק""ג",true,,24.90,24.9000,true,1,54994
9999,true,פיקדון בקבוקים,,,פיקדון בקבוקים,יחידה,0.00,יחידה,false,,0.30,0.0000,true,1,17
17616421,false,"סטייק טונה בד""ץ חתם",,,"סטייק טונה בד""ץ חתם",גרמים,1000.00,100 גרם,false,,39.90,0.0399,true,1,251690
32147230,false,לימונית - מיץ לימון משומר,ג'נרל מילס סאן אדריא,CH,מיץ לימון סיצילייה 2,מיליליטרים,200.00,"100 מ""ל",false,,7.90,0.0395,true,1,513837
40084107,false,ביצת שוקולד הפתעה קינדר,קריות זול,IT,ביצת הפתעה קינדר 20,גרמים,20.00,100 גרם,false,,7.30,0.3650,true,1,84383
40111216,false,באונטי חטיף קוקוס ושוקולד 57ג',"נארז ע""י : א.ג. גילר",NL,חטיף שוקולד באונטי 5,גרמים,57.00,100 גרם,false,,4.90,0.0860,true,1,14664
42138105,false,סיגריות וינסטון סופר סלימס כחול,גיי טי אינטרנשיונל,,וינסטון סלימס כחול ק,יחידה,0.00,יחידה,false,,34.00,0.0000,false,1,4650
59039549,false,סיגריות ווג פריזון מ,Unknown,,ווג קופסא בודדת פריס,יחידה,0.00,יחידה,false,,39.00,0.0000,false,1,4655
59068907,false,סיגריות פאל מאל כחול דמי סלימס,גלוברנס,,פאל מאל כחול דמי סלי,יחידה,0.00,יחידה,false,,27.00,0.0000,false,1,126677
59068914,false,סיגריות פאל מאל סילבר דמי סלימס,Unknown,,פאל מאל סילבר דמי סל,יחידה,0.00,יחידה,false,,27.00,0.0000,false,1,126678
59455233,false,סיגריות ווג ליידי כח,Unknown,,ווג ליידי בלו קופסא,יחידה,0.00,יחידה,false,,39.00,0.0000,false,1,4656
72917367,false,טעמי חטיף במילוי קרם נוגט וקרמל,"שטראוס גרופ בע""מ",IL,טעמי 40 גר',גרמים,40.00,100 גרם,false,,4.90,0.1225,true,1,23991
72940754,false,מעדן מילקי בטעם וניל עם קצפת,"שטראוס גרופ בע""מ",IL,"מילקי וניל 170 מ""ל",מיליליטרים,170.00,"100 מ""ל",false,,2.90,0.0171,true,1,24727
72940761,false,מעדן מילקי בטעם שוקולד עם קצפת,מיוצר עי קונדיטוריית,IL,מילקי שוקולד מהדרין,מיליליטרים,170.00,"100 מ""ל",false,,2.90,0.0171,true,1,24728
72940952,false,מעדן מילקי בטעם שוקולד עם אקסטרה קצפת,"שטראוס גרופ בע""מ",IL,מילקי אקסטראה קצפת מ,מיליליטרים,110.00,"100 מ""ל",false,,4.10,0.0373,true,1,24729
72941041,false,מעדן מילקי מיני בטעם שוקולד עם קצפת,"שטראוס גרופ בע""מ",IL,מיני מילקי שוקולד 70,מיליליטרים,70.00,"100 מ""ל",false,,2.50,0.0357,true,1,24732
72961506,false,יוגורט עם תות 1.5% שומן 125 ג' פרילי,מיוצר עי קונדיטוריית,IL,פרילי תות 1.5% 125מל,מיליליטרים,125.00,"100 מ""ל",false,,4.10,0.0328,true,1,27094
72961520,false,יוגורט עם אננס 1.5% שומן 125 ג' פרילי,מיוצר עי קונדיטוריית,IL,פרילי אננס 1.5% 125מ,מיליליטרים,125.00,"100 מ""ל",false,,4.10,0.0328,true,1,27096
72961544,false,באדי יוגורט בטעם תות שדה 3%,מחלבת אלון תבור,IL,באדי תות 125מל,מיליליטרים,125.00,"100 מ""ל",false,,3.50,0.0280,true,1,27097
72964132,false,פרילי טבע עם גרנולה 1.5% 200מל,מיוצר עי קונדיטוריית,IL,פרילי טבע עם גרנולה,מיליליטרים,200.00,"100 מ""ל",false,,5.50,0.0275,true,1,27105
72964422,false,תנובה יוגורט פרחים 4.5% 200מל,מחלבת תנובה,IL,תנובה יוגורט פרחים 4,מיליליטרים,200.00,"100 מ""ל",false,,3.50,0.0175,true,1,27107
72986448,false,"גלידת בן & ג'ריס פיינטים טופי קראנץ 500מ""ל",מוצרי איכות אמריקאיי,IL,גלידת טופי קרנץ,מיליליטרים,420.00,"100 מ""ל",false,,24.90,0.0593,true,1,15066
72991008,false,פסק זמן חלב מגדים 45גרם,"שטראוס גרופ בע""מ",IL,"פסק זמן קלאסי בד""צ",גרמים,45.00,100 גרם,false,,5.90,0.1311,true,1,23997
72991374,false,סיגריות טיים רד חפיס,דובק,,טיים רד,יחידה,0.00,יחידה,false,,29.90,0.0000,false,1,5167
72993637,false,מעדן חלב בטעם שוקולד 125 ג' דני,מחלבת אחיהוד,IL,דני מהדרין שוקו בודד,מיליליטרים,125.00,"100 מ""ל",false,,2.90,0.0232,true,1,24736
76136184,false,סיגריות פאל מאל סלים כחול,Unknown,,פאל מאל בלו סופרסלימ,יחידה,0.00,יחידה,false,,31.00,0.0000,false,1,4658
80001287,false,וופל חטיף לואקר אגוז 38 גר',לואקר Loacker,AT,חטיף גרדנה אגוז 38 ג,גרמים,38.00,100 גרם,false,,4.90,0.1289,true,1,13707
80042556,false,עגבניות מרוסקות מוטי,"איי, בי, אינבוו",IT,עגבניות MUTTI מרוסקו,גרמים,400.00,100 גרם,false,,6.90,0.0173,true,1,325926
80052760,false,קינדר בואנו Kinder Bueno עם חלב ואגוזי לוז,קריות זול,PL,חטיף קינדר בואנו שוק,גרמים,43.00,100 גרם,false,,5.90,0.1372,true,1,48721
80052883,false,סוכריות מנטה חזק 16 ג' טיק טק,פררו,ZA,טיק טק מנטה כחול,יחידה,0.00,יחידה,false,,4.10,0.0000,true,1,450126
80083764,false,עוגיות דגנים שיבולת,תות תעשיות מזון (201,IT,גנדולה - עוגיות דגני,גרמים,250.00,100 גרם,false,,16.90,0.0676,true,1,273380
80136194,false,חטיפי הפי היפו Happy Hippo במילוי קרם חלבי ואגוזי לוז,קינדר Kinder,DE,הפי היפו 5*20ג,גרמים,102.00,100 גרם,false,,14.90,0.1461,true,1,108760
80176732,false,קינדר הפי היפו 28 יחידות,קריות זול,DE,הפי היפו 35 גרם,גרמים,35.00,100 גרם,false,,4.10,0.1171,true,1,48722
80176800,false,"ממרח שוקולד נוטלה, 750 גר",פררו תעשיות איטליה ס,IT,ממרח שוקולד נוטלה 75,גרמים,750.00,100 גרם,false,,29.00,0.0387,true,1,48723
80177173,false,ממרח אגוזי לוז עם קקאו,נוטלה Nutella,IT,ממרח נוטלה קקאו עם א,גרמים,350.00,100 גרם,false,,17.90,0.0511,true,1,48724
80177609,false,אצבעות שוקולד קינדר Kinder ארבע יחידות,קריות זול,IT,קינדר אצבעות שוק.חלב,גרמים,50.00,100 גרם,false,,5.50,0.1100,true,1,48725
80273677,false,צ'ילי במטחנה 20 גרם,דרוגריה ואלימנטרי אס,IT,צ'ילי במטחנה 20 גרם,גרמים,20.00,100 גרם,false,,13.90,0.6950,true,1,48500
80651765,false,ג'ינג'ר במטחנה 28 גר,דרוגריה ואלימנטרי אס,IT,ג'ינג'ר במטחנה 28 גר,גרמים,28.00,100 גרם,false,,13.90,0.4964,true,1,48506
80761761,false,קינדר בואנו לבן בודד 39 גרם,קדבורי,PL,קינדר בואנו לבן 39ג,גרמים,43.00,100 גרם,false,,5.90,0.1372,true,1,48727
80773429,false,מסטיק מנטוס פיור פרש בבקבוק בינוני בטעם תות 60 ג',פרפטי ואן מלה הולנד,TR,מסטיק מנטוס בקבוק בט,גרמים,60.00,100 גרם,false,,10.90,0.1817,true,1,114657
80780595,false,מסטיק מנטוס ביג בבקבוק מעוגל טעם מנטה-עדינה 90 ג',פרפטי ואן מלה הולנד,TR,מסטיק מנטוס ביג בבקב,גרמים,90.00,100 גרם,false,,18.90,0.2100,true,1,82424
80790990,false,מסטיק מנטוס בבקבוק מעוגל בטעם פירות -מנטה 60 ג',פרפטי ואן מלה הולנד,TR,מסטיק מנטוס בקבוק בט,גרמים,60.00,100 גרם,false,,10.90,0.1817,true,1,85394
80794233,false,מסטיק מנטוס ביג בבקבוק מעוגל טעם מנטה 90 ג',פרפטי ואן מלה הולנד,,מסטיק מנטוס ביג בבקב,גרמים,90.00,100 גרם,false,,18.90,0.2100,true,1,82425
80896081,false,מסטיק מנטוס פיור פרש בבקבוק בינוני בטעם אבטיח 60 ג',פרפטי ואן מלה הולנד,TR,מסטיק מנטוס בקבוק בט,גרמים,60.00,100 גרם,false,,10.90,0.1817,true,1,114658
80913467,false,מסטיק מנטו בבקבוק מעוגל בטעם מנטה 60 ג',פרפטי ואן מלה הולנד,TR,מסטיק מנטוס בקבוק בט,גרמים,60.00,100 גרם,false,,10.90,0.1817,true,1,85395
80936848,false,סוכריות טיק טק תות שדה 24 יח',קדבורי,ZA,טיק טק תות שדה 16גר,גרמים,16.00,100 גרם,false,,4.10,0.2562,true,1,48729
80945468,false,סוכריות פיור וויט טעם מנטה מתוקה 60 ג' מנטוס,פרפטי ואן מלה הולנד,TR,מנטוס פיור וויט ללא,גרמים,60.00,100 גרם,false,,10.90,0.1817,true,1,379755
80986348,false,סוכריות פיור וויט טעם מנטה 60 ג' מנטוס,פרפטי ואן מלה הולנד,TR,מנטוס פיור וויט ללא,גרמים,60.00,100 גרם,false,,10.90,0.1817,true,1,379740
87108538,false,סוכריות מנטוס Mentos תות שדה,הדקלאים אגודת שיתופי,NL,מנטוס תות בגליל 37.5,גרמים,37.50,100 גרם,false,,4.50,0.1200,true,1,13743
87108651,false,מארז סוכריות מנטוס Mentos מנטה,הדקלאים אגודת שיתופי,NL,סוכריות מנטוס מנטה 1,גרמים,150.00,100 גרם,false,,11.90,0.0793,true,1,13744
90162602,false,משקה אנרגיה רד בול 250 מ''ל,רד בול ג'י.אם.בי. אץ,AT,משקה אנרגיה RED BULL,מיליליטרים,250.00,"100 מ""ל",false,,8.50,0.0340,true,1,11875
198888886,false,עיגול אגורות,,,עיגול אגורות,יחידה,0.00,יחידה,false,,1.00,0.0000,true,1,57462
10900678148,false,רדיד אלומיניום נון ס,,,רדיד אלומיניום נון ס,יחידה,0.00,יחידה,false,,15.90,0.0000,true,1,375735
16000185517,false,דגני בוקר פייבר וואן עתירי סובין FIBRE1,בטר אנד דיפרנט,US,פייבר1- דגני בוקר עת,גרמים,555.00,100 גרם,false,,26.90,0.0485,true,1,374038
16000423534,false,ניטשר ואלי חטיף שיבולת שועל שוקולד מריר קראנצי 210ג',ג'נרל מילס סאן אדריא,ES,חטיף קראנצי שיבולת ש,גרמים,210.00,100 גרם,false,,21.90,0.1043,true,1,13754
16000548404,false,ניטשר ואלי חטיף קראנצי גרנולה שיבולת שועל 210 ג',ג'נרל מילס סאן אדריא,ES,חטיף קראנצי גרנולה ש,גרמים,210.00,100 גרם,false,,21.90,0.1043,true,1,13758
16000548602,false,נייטשר וואלי חטיף קראנצ'י קינמון 210ג',ג'נרל מילס סאן אדריא,ES,חטיף שיבולת שועל מלא,גרמים,210.00,100 גרם,false,,21.90,0.1043,true,1,119188
16000548909,false,קראנצי חטיף גרנולה מעורבת 10 יח 210 ג',ג'נרל מילס סאן אדריא,ES,חטיף קראנצי גרנולה מ,גרמים,210.00,100 גרם,false,,21.90,0.1043,true,1,67869
18000766413,false,תערובת בראוניס פילסברי 500 גר',הדקלאים אגודת שיתופי,IL,תערובת לעוגת בראוניס,גרמים,550.00,100 גרם,false,,19.90,0.0362,true,1,119190
22200956932,false,דאודורנט ג'ל לגבר Fresh Rush 24h,הנסיך- מפעל לייצור ט,US,דאו' ג'ל כחול ספיד ס,גרמים,85.00,100 גרם,false,,19.90,0.2341,true,1,23242
25675120006,false,חמצוצים 4 צבעים טעמים טבעי 100 גרם,פאסין,NL,חמצוצים חמצוצים טבעי,גרמים,100.00,100 גרם,false,,10.90,0.1090,true,1,4375
25675120037,false,חמקלות חמצוצים תות 100 גר,פשקס קנדי,NL,חמצוצים מקלות תות 10,גרמים,100.00,100 גרם,false,,10.90,0.1090,true,1,4377
25675120068,false,סאוור סטיקס Sour Sticks בטעם קולה,פשקז Paskesz,NL,חמצוצים מקלות קולה 1,גרמים,100.00,100 גרם,false,,10.90,0.1090,true,1,4379
30000315989,false,קוואקר קופאין חמוציות ושקדים 372 גר',קוואקר אוטס קומפני,US,פרוטאין חמוציות ושקד,גרמים,372.00,100 גרם,false,,23.90,0.0642,true,1,143674
37600207188,false,חמאת בוטנים סקיפי קלאסי 462 גר',חברת המזון אלגוד,US,סקיפי חמאת בוטנים קל,גרמים,462.00,100 גרם,false,,20.90,0.0452,true,1,5839
38000232152,false,פרינגלס ברביקיו 158 גרם – חדש,פרינגלס מניופקצ'ורינ,US,פרינגלס ביג ברביקיו,גרמים,158.00,100 גרם,false,,10.90,0.0690,true,1,215919
38000232176,false,חטיף צ'יפס שמנת חמוצה ובצל,פרינגלס מניופקצ'ורינ,US,פרינגלס ביג שמנת בצל,גרמים,158.00,100 גרם,false,,10.90,0.0690,true,1,215920
38000232183,false,פרינגלס אורגינל 149 גרם,פרינגלס מניופקצ'ורינ,US,פרינגלס ביג אורגינל,גרמים,158.00,100 גרם,false,,10.90,0.0690,true,1,215921
38527591060,false,דגני קוואקר מרובעים Quaker Squares עם סוכר חום,BEVERAGES FOODS & SE,US,דגני בוקר מרובעים קו,גרמים,412.00,100 גרם,false,,22.70,0.0551,true,1,25319
40000514480,false,M&M אריזה קטנה's שוקולד אריזה קטנה 48 גרם,M&M אם אנד אם,,עדשי שוקולד M&M שוקו,גרמים,48.00,100 גרם,false,,5.90,0.1229,true,1,14679
46214731552,false,עוגיות שוקולד ציפס מובחרות 225 ג',קריניציה ויטמינה אס,NL,מרבה עוגיות שוקולד צ,גרמים,225.00,100 גרם,false,,11.90,0.0529,true,1,23252
50000084500,false,מזון יבש לחתול בטעם נתחי ברביקיו פריסקיז Friskies,נסטלה פורינה USA מק,US,פריסקיז מעדני השף מנ,קילוגרמים,1.43,"ק""ג",false,,39.90,27.9021,true,1,20962
50000225224,false,פריסקיז Friskies הודו ברוטב,פורינה Purina,US,פריסקיז פריים פילה ה,גרמים,156.00,100 גרם,false,,7.50,0.0481,true,1,20966
50000429448,false,פנסי פיסט - מוס סלמון 85 גרם,נסטלה פורינה USA סט,US,פנסי פיסט פטה מוס סל,גרמים,85.00,100 גרם,false,,6.90,0.0812,true,1,20976
50000429646,false,פנסי פיסט - דג אוקיינוס 85 גרם,נסטלה פורינה USA ג',US,פנסי פיסט פטה דג אוק,גרמים,85.00,100 גרם,false,,6.90,0.0812,true,1,20977
55369902564,false,אפלסנקס רביעיות רסק תפוחי עץ ללא תוספת סוכר עברית,ליייהי אורצ'רדס,,אפלסנקס רסק תפוחי עץ,גרמים,452.00,100 גרם,false,,14.90,0.0330,true,1,39985
64144090051,false,"תרסיס שמן קנולה פאם 148 מ""ל",קונאגרה פודס,US,תרסיס שמן קנולה פאם,מיליליטרים,148.00,"100 מ""ל",false,,21.00,0.1419,true,1,13791
70177077563,false,תה טווינינג ארל גריי,אר. טווינינגס אנד קו,PL,טווינינג ארל גריי 50,גרמים,50.00,100 גרם,false,,19.90,0.3980,true,1,129969
70177077693,false,טווינינג אינגליש ברק,אר. טווינינגס אנד קו,PL,טווינינג אינגליש ברק,גרמים,50.00,100 גרם,false,,19.90,0.3980,true,1,129970
72600062306,false,הר חטיף גבינה 198 גרם,הר פודס,,הר חטיף גבינת 198 גר,גרמים,198.00,100 גרם,false,,21.90,0.1106,true,1,78980
76840100583,false,"גלידת וניל עם בצק עוגיות בן וג'ירי 473 מ""ל",מוצרי איכות אמריקאיי,IL,גלידה וניל +בצק עוגי,מיליליטרים,473.00,"100 מ""ל",false,,24.90,0.0526,true,1,15081
76840400218,false,"גלידה בן&ג'ריס תות שדה ועוגת גבינה 500מ""ל",מוצרי איכות אמריקאיי,IL,בן&גריס גלידה תות שד,מיליליטרים,475.00,"100 מ""ל",false,,24.90,0.0524,true,1,15096
77245110610,false,סוכריות מאסט ללא סוכר בטעם מנטה 80 ג'עלית,MIESZKO S.A - MS. JO,IL,סוכריות מאסט ללא סוכ,גרמים,80.00,100 גרם,false,,8.90,0.1113,true,1,24005
77975094761,false,שברי בייגלה בטעם צ'דר 340 גרם סניידרס,סניידרס Snyder's,US,סניידרס צ'דר 340 גרם,גרמים,340.00,100 גרם,false,,21.50,0.0632,true,1,302062
77975094778,false,סניידרס שברי בייגל בטעם דבש וחרדל 340 גר,סניידרס Snyder's,US,סניידרס שברי בייגלה,גרמים,340.00,100 גרם,false,,21.50,0.0632,true,1,337447
608614256808,false,ירק שטוף דרלן,,,ירק שטוף דרלן,קילוגרמים,1.00,"ק""ג",true,,29.90,29.9000,true,1,251871
611745285685,true,אבוקדו בשל יח,,,אבוקדו בשל יח,גרמים,470.00,100 גרם,false,,9.90,0.0211,true,1,110343
628154383659,false,דגני בוקר פרוטי פבלס 311 ג' POST,פוסט לקיוויל,PL,דגני בוקר פרוטי פבלס,גרמים,311.00,100 גרם,false,,26.90,0.0865,true,1,419963
645173911038,false,קורנישון מלפפוןן מיני 720 גרם - תומר,קלמן אינדיה,,מלפפונים קורנישון מי,גרמים,720.00,100 גרם,false,,11.90,0.0165,true,1,26269
649660432020,false,היל ויו שזיפים מיובשים מגולענים 567 גרם,היליו פאקינג קוסמי א,US,הייל ויו שזיפים מיוב,גרמים,567.00,100 גרם,false,,29.90,0.0527,true,1,329852
693493034500,false,פילה אנשובי בשמן חמנ,,,פילה אנשובי בשמן חמנ,גרמים,50.00,100 גרם,false,,6.90,0.1380,true,1,259341
693493034517,false,פילה אנשובי בשמן חמנ,פטינה פוד,MA,פילה אנשובי בשמן חמנ,גרמים,50.00,100 גרם,false,,6.90,0.1380,true,1,259342
728229130154,false,ציפס חטיף טרה בטטה ו,הונדורס צ'יפס יצור א,HN,טרה צ'יפס חטיף בטטה,גרמים,110.00,100 גרם,false,,15.90,0.1445,true,1,6114
768404001640,false,"גלידה בן&ג'ריס קפה משפחתית 500מ""ל",מוצרי איכות אמריקאיי,IL,גלידה פיינטס קפה 473,מיליליטרים,473.00,"100 מ""ל",false,,24.90,0.0526,true,1,15103
769904000997,false,דגש שקדי מרק ללא גלו,משובח תעשיות מזון,IL,דגש שקדי מרק ללא גלו,גרמים,200.00,100 גרם,false,,16.90,0.0845,true,1,50536
833949000264,false,סירופ מייפל אורגני 3,כפרי בריא,CA,סירופ מייפל אמיתי 10,גרמים,330.00,100 גרם,false,,39.90,0.1209,true,1,273640
835811000419,false,כפיות 50 יח` קרם עבה במיוחד,,,כפיות 50 יח' קרם עבה,יחידה,0.00,יחידה,false,,17.90,0.0000,true,1,143276
835811001676,false,"תבנית אלומיניום גדולה 32*26 ס""מ - 9 יח'",הנמל,IL,תבנית גדולה 9 יח. R-,יחידה,0.00,יחידה,false,,13.90,0.0000,true,1,8071
835811003588,false,צלחות קלאסי גדול לבן 65 יח' הנמל,,,צלחות קלאסי לבן גדול,יחידה,0.00,יחידה,false,,35.90,0.0000,true,1,413507
835811003595,false,צלחות קלאסי קטן לבן 65 יח' הנמל,,,צלחות קלאסי לבן קטן,יחידה,0.00,יחידה,false,,25.90,0.0000,true,1,413492
835811004059,false,צלחות מרובעות ענק מד,,,צלחות מרובעות גדול מ,יח',10.00,יח',false,,17.90,1.7900,true,1,362522
835811005810,false,מגש הכסף תבנית מרובע קטן +מכסה 10 יח`,הנמל,IL,תבנית אלומיניום מרוב,יחידה,0.00,יחידה,false,,13.90,0.0000,true,1,8161
835811006497,false,אבקת סוכר הנמל 500גר,ר.ס. חברה ליבוא ויצו,IL,אבקת סוכר 500 גר,גרמים,500.00,100 גרם,false,,8.90,0.0178,true,1,8201
835811008699,false,כפות 50 יח` שקוף עבה במיוחד,הנמל,,כפות 50 יח שקוף עבה,יחידה,0.00,יחידה,false,,17.90,0.0000,true,1,8259
835811008958,false,כפיות 50 יח` שקוף עבה במיוחד,הנמל אריזות.,,כפיות 50 יח שקוף עבה,יחידה,0.00,יחידה,false,,17.90,0.0000,true,1,8271
839762000658,false,משקה נקטר איילנד גויאבה 1 ל',The Egyptian Co. for,EG,איילנד נקטר גויאבה 1,ליטרים,1.00,ליטר,false,,12.50,12.5000,true,1,10106
851621000050,false,בירה חיטה בטעם הדרים 1664 בלאנק - שישייה,קרלסברג ספליי קומפאנ,PL,בירה BLANC שישיה 330,ליטרים,1.98,ליטר,false,,45.70,23.0808,true,1,239595
884912111715,false,דגני פוסט האני קומב,,,-פוסט- האני קומב 354,גרמים,354.00,100 גרם,false,,26.90,0.0760,true,1,252783
884912359155,false,דגני בוקר האני באנצס רוסטד 340 ג' POST,פוסט לקיוויל,US,דגני בוקר שיבולת שוע,גרמים,340.00,100 גרם,false,,26.70,0.0785,true,1,415734
3010470155299,false,פריסקיז Friskies פטה בקר וירקות,ניו פטפוד איטליה,IT,פריסקיז פטה בקר וירק,גרמים,400.00,100 גרם,false,,10.90,0.0273,true,1,84874
3014260201753,false,סכיני גילוח ג'ילט בלו 2 להבים - מארז 5 יח',פרוקטר אנד גמבל,PL,סכיני גילוח חד פעמיי,יחידה,0.00,יחידה,false,,14.80,0.0000,true,1,28522
3046920028004,false,שוקולד מריר אקסלנס 70%,לינדט ושפרונגלי,FR,לינדט אקסלנס 70% 100,גרמים,100.00,100 גרם,false,,17.90,0.1790,true,1,14699
3046920029759,false,שוקולד מריר אקסלנס 90% קקאו,לינדט ושפרונגלי ג'י.,DE,לינדט אקסלנס 90% 100,גרמים,100.00,100 גרם,false,,17.90,0.1790,true,1,14704
3069900201327,false,זיתים שחורים יבשים 4,,,זיתים שחורים יבשים 4,גרמים,400.00,100 גרם,false,,10.90,0.0273,true,1,10976
3073781162790,false,גבינת בייבי בל אדם 1,מחלבות בל,FR,בייבי בל 24% אדום 12,גרמים,120.00,100 גרם,false,,23.90,0.1992,true,1,443679
3141360054405,false,פיניש מפיץ ריח למדיח בניחוח לימון וליים,הדקלאים אגודת שיתופי,PL,פיניש מפיץ ריח לימון,יחידה,0.00,יחידה,false,,17.90,0.0000,true,1,22755
3161911229199,false,אלוויר חמאה רכה 250ג',אלל אה וויר,FR,אלוויר חמאה רכה 250ג,גרמים,250.00,100 גרם,false,,23.90,0.0956,true,1,18235
3161911366429,false,חמאה רכה מלוחה אלווי,ארזינא,FR,אלוויר חמאה רכה מלוח,גרמים,250.00,100 גרם,false,,23.90,0.0956,true,1,18237
3161911393210,false,חמאת נורמנדי מלוחה 2,אלוויר,FR,חמאת נורמנדי מלוחה 2,גרמים,200.00,100 גרם,false,,23.90,0.1195,true,1,432879
3162330060479,false,בירה SAER BRAU 6*250,,,בירה SAER BRAU 6*250,ליטרים,1.50,ליטר,false,,15.90,10.6000,true,1,498786
3178530402353,false,עוגיות ספוג קטנות מיני מדלן,סן מישל St Michel,FR,עוגיות רכות מיני מדל,גרמים,175.00,100 גרם,false,,13.90,0.0794,true,1,122115
3178530407938,false,עוגיות מיני מדלן עם פצפוצי שוקולד,סן מישל St Michel,FR,עוגיות שוקולד צ'יפס,גרמים,175.00,100 גרם,false,,13.90,0.0794,true,1,122116
3178530417340,false,בראוניז שוקולד עוגות,סן מישל,FR,בראוניז שוקולד סאן מ,גרמים,210.00,100 גרם,false,,18.90,0.0900,true,1,390822
3245412211393,false,שוקולד חלב מעולה קרפ,,FR,שוקולד חלב מעולה קרפ,גרמים,300.00,100 גרם,false,,8.90,0.0297,true,1,449843
3245412211409,false,שוקולד חלב מעולה עם,,FR,שוקולד חלב מעולה עם,גרמים,300.00,100 גרם,false,,16.90,0.0563,true,1,449545
3270190151654,false,שוקולד מריר מעולה עם,,FR,שוקולד מריר מעולה עם,גרמים,100.00,100 גרם,false,,6.90,0.0690,true,1,449575
3270190174936,false,שוקולד חלב עם תכולת,,FR,שוקולד חלב עם תכולת,גרמים,100.00,100 גרם,false,,6.90,0.0690,true,1,449622
3324040112170,false,קממברט ול דה סאון 2,,,'קממברט ול דה סאון 2,,240.00,,false,,28.90,0.1204,true,1,41735
3387390525960,false,קראנץ' Crunch דגנים פריכים עם שוקולד,הנסיך- מפעל לייצור ט,FR,דגני קראנץ' נסטלה 50,גרמים,500.00,100 גרם,false,,26.90,0.0538,true,1,20991
3523230025638,false,גבינת עיזים מיני בוש,אוריאל,FR,גבינת עיזים בושה טבע,גרמים,125.00,100 גרם,false,,26.90,0.2152,true,1,18261
3560070230778,false,קרפור-תה אנגלי שחור,,,קרפור-תה אנגלי שחור,גרמים,50.00,100 גרם,false,,7.90,0.1580,true,1,499043
3560070232963,false,קרפור-חליטת פירות יע,,,קרפור-חליטת פירות יע,גרמים,40.00,100 גרם,false,,7.90,0.1975,true,1,498977
3560070249343,false,קרפור- שוקולד חלב עם,,FR,קרפור- שוקולד חלב עם,גרמים,100.00,100 גרם,false,,6.90,0.0690,true,1,514324
3560070415755,false,קרפור-תה ירוק 25 יחי,,,קרפור-תה ירוק 25 יחי,גרמים,32.50,100 גרם,false,,8.90,0.2738,true,1,498882
3560070582884,false,קרפור סטייליס עם שוק,,,קרפור סטייליס עם שוק,גרמים,300.00,100 גרם,false,,9.90,0.0330,true,1,479354
3560070659517,false,קרפור-תה ארל גריי 20,,,קרפור-תה ארל גריי 20,גרמים,36.00,100 גרם,false,,10.90,0.3028,true,1,498866
3560070669981,false,שוקולד מריר מעולה 80,,FR,שוקולד מריר מעולה 80,גרמים,80.00,100 גרם,false,,5.90,0.0738,true,1,449516
3560070701407,false,שוקולד מריר מעולה עם,,FR,שוקולד מריר מעולה עם,גרמים,100.00,100 גרם,false,,6.90,0.0690,true,1,449576
3560070720859,false,שוקולד מריר מעולה 72,,FR,שוקולד מריר מעולה 72,גרמים,80.00,100 גרם,false,,5.90,0.0738,true,1,449577
3560070800230,false,קרפור שוקו קרלס 375,,,קרפור שוקו קרלס 375,גרמים,375.00,100 גרם,false,,7.90,0.0211,true,1,479405
3560070820221,false,קרפור-חטיף דגנים אגו,,,קרפור-חטיף דגנים אגו,גרמים,125.00,100 גרם,false,,6.90,0.0552,true,1,499155
3560070826186,false,קרפור מוזלי שוקולד ו,,,קרפור מוזלי שוקולד ו,גרמים,750.00,100 גרם,false,,15.90,0.0212,true,1,479388
3560070852116,false,קרפור-תה ירוק נענע 5,,,קרפור-תה ירוק נענע 5,גרמים,80.00,100 גרם,false,,9.90,0.1238,true,1,498993
3560070888108,false,קרפור-תה שחור בטעם ל,,,קרפור-תה שחור בטעם ל,גרמים,40.00,100 גרם,false,,7.90,0.1975,true,1,499026
3560070888115,false,קרפור-חליטת טיליה 25,,,קרפור-חליטת טיליה 25,גרמים,42.50,100 גרם,false,,7.90,0.1859,true,1,498930
3560070888139,false,קרפור-תה שחור בטעם פ,,,קרפור-תה שחור בטעם פ,גרמים,42.50,100 גרם,false,,7.90,0.1859,true,1,499010
3560070928347,false,קרפור-חליטת רויבוש ו,,,קרפור-חליטת רויבוש ו,גרמים,40.00,100 גרם,false,,7.90,0.1975,true,1,498961
3560071005191,false,קרפור -שוקולד לבן עם,,FR,קרפור -שוקולד לבן עם,גרמים,100.00,100 גרם,false,,6.90,0.0690,true,1,514340
3560071006327,false,שוקולד מריר מעולה קר,,FR,שוקולד מריר מעולה קר,גרמים,200.00,100 גרם,false,,6.90,0.0345,true,1,449578
3560071013127,false,קרפור סטייליס עם שוק,,,קרפור סטייליס עם שוק,גרמים,300.00,100 גרם,false,,9.90,0.0330,true,1,479389
3560071013196,false,קרפור סטייליס בטעם ט,,,קרפור סטייליס בטעם ט,גרמים,500.00,100 גרם,false,,10.90,0.0218,true,1,479370
3560071015725,false,קרפור פיברה עם 5 פיר,,,קרפור פיברה עם 5 פיר,גרמים,500.00,100 גרם,false,,12.90,0.0258,true,1,479422
3560071018566,false,קרפור-חטיף דגנים בוט,,,קרפור-חטיף דגנים בוט,גרמים,125.00,100 גרם,false,,6.90,0.0552,true,1,499139
3560071081256,false,קרפור-תה שחור 20 יחי,,,קרפור-תה שחור 20 יחי,גרמים,36.00,100 גרם,false,,10.90,0.3028,true,1,498818
3560071081263,false,קרפור-תה ירוק סיני 2,,,קרפור-תה ירוק סיני 2,גרמים,36.00,100 גרם,false,,10.90,0.3028,true,1,498850
3560071081270,false,קרפור-תה ירוק נענע 2,,,קרפור-תה ירוק נענע 2,גרמים,36.00,100 גרם,false,,10.90,0.3028,true,1,498834
3560071090821,false,קרפור שוקו בולז 375,,,קרפור שוקו בולז 375,גרמים,375.00,100 גרם,false,,7.90,0.0211,true,1,479406
3560071095598,false,קרפור-חטיף דגנים חמו,,,קרפור-חטיף דגנים חמו,גרמים,125.00,100 גרם,false,,6.90,0.0552,true,1,499156
3560071095659,false,קרפור-חטיף דגנים קוק,,,קרפור-חטיף דגנים קוק,גרמים,125.00,100 גרם,false,,6.90,0.0552,true,1,499157
3560071188689,false,בירה Walberg 6*250 מ,,,בירה Walberg 6*250 מ,ליטרים,1.50,ליטר,false,,19.90,13.2667,true,1,498770
3560071431914,false,קפסולות קפה קרפור עו,,FR,קפסולות קפה קרפור עו,גרמים,52.00,100 גרם,false,,7.90,0.1519,true,1,480537
3560071432003,false,קפסולות קפה קרפור עו,,FR,קפסולות קפה קרפור עו,גרמים,52.00,100 גרם,false,,7.90,0.1519,true,1,480554
3560071432034,false,קפסולות קפה נטול קרפ,,FR,קפסולות קפה נטול קרפ,גרמים,52.00,100 גרם,false,,7.90,0.1519,true,1,480555
3560071432096,false,קפסולות קפה קרפור עו,,FR,קפסולות קפה קרפור עו,גרמים,52.00,100 גרם,false,,7.90,0.1519,true,1,480557
3560071432188,false,קפסולות קפה קרמל קרפ,,FR,קפסולות קפה קרמל קרפ,גרמים,52.00,100 גרם,false,,7.90,0.1519,true,1,480559
3560071432218,false,קפסולות קפה אגוז קרפ,,FR,קפסולות קפה אגוז קרפ,גרמים,52.00,100 גרם,false,,7.90,0.1519,true,1,480560
3560071432270,false,קפסולות קפה קולומביה,,FR,קפסולות קפה קולומביה,גרמים,52.00,100 גרם,false,,7.90,0.1519,true,1,480562
3560071432300,false,קפסולות קפה אתיופיה,,FR,קפסולות קפה אתיופיה,גרמים,52.00,100 גרם,false,,7.90,0.1519,true,1,480563
3560071432331,false,קפסולות קפה לאוס קרפ,,FR,קפסולות קפה לאוס קרפ,גרמים,52.00,100 גרם,false,,7.90,0.1519,true,1,480564
3560071432362,false,קפסולות קפה קניה קרפ,,FR,קפסולות קפה קניה קרפ,גרמים,52.00,100 גרם,false,,7.90,0.1519,true,1,480565
3560071432393,false,קפסולות קפה קוסטה רי,,FR,קפסולות קפה קוסטה רי,גרמים,52.00,100 גרם,false,,7.90,0.1519,true,1,480566
3560071432515,false,קפסולות קפה קרפור עו,,FR,קפסולות קפה קרפור עו,גרמים,52.00,100 גרם,false,,7.90,0.1519,true,1,480567
3560071432690,false,קפסולות קפה קרפור עו,,FR,קפסולות קפה קרפור עו,גרמים,52.00,100 גרם,false,,7.90,0.1519,true,1,480568
3560071442545,false,בירה SAER BRAU 6*250,,,בירה SAER BRAU 6*250,ליטרים,1.50,ליטר,false,,15.90,10.6000,true,1,498802
3574661114637,false,"מי פה ליסטרין זירו מנטה עדין 500 מ""ל",ג'ונסון אנד ג'ונסון,IT,מי פה זירו ליסטרין 5,מיליליטרים,500.00,"100 מ""ל",false,,23.90,0.0478,true,1,31558
3574661504162,false,מוס לשטיפה אינטימית יומיומית מכיל תה ירוק ואלוורה,קרפרי Carefree,IT,מוס לשטיפה אינטימית,מיליליטרים,150.00,"100 מ""ל",false,,18.90,0.1260,true,1,159512
3600522344032,false,לוריאל - אלביב מסכה טוטאל ריפר 300,,,מסכת אלביב טוטל ריפי,מיליליטרים,300.00,"100 מ""ל",false,,28.90,0.0963,true,1,13194
3600523782581,false,מרכך מתיר קשרים לשיער ארוך ופגום Dream Long,לוריאל - אלביב Elvive,,מרכך דרים לונג אלביב,מיליליטרים,500.00,"100 מ""ל",false,,17.90,0.0358,true,1,144710
3616180424863,false,קרפור הום -30 מפיות,,,קרפור הום -30 מפיות,יחידה,0.00,יחידה,false,,6.90,0.0000,true,1,506884
3616180424887,false,קרפור הום -30 מפיות,,,קרפור הום -30 מפיות,יחידה,0.00,יחידה,false,,6.90,0.0000,true,1,506885
3616180424931,false,קרפור הום -30 מפיות,,,קרפור הום -30 מפיות,יחידה,0.00,יחידה,false,,6.90,0.0000,true,1,506886
3616180424948,false,קרפור הום -30 מפיות,,,קרפור הום -30 מפיות,יחידה,0.00,יחידה,false,,6.90,0.0000,true,1,506887
3616180425099,false,קרפור הום -30 מפיות,,,קרפור הום -30 מפיות,יחידה,0.00,יחידה,false,,6.90,0.0000,true,1,506889
3616180425129,false,קרפור הום -30 מפיות,,,קרפור הום -30 מפיות,יחידה,0.00,יחידה,false,,6.90,0.0000,true,1,506890
3616180425150,false,קרפור הום -30 מפיות,,,קרפור הום -30 מפיות,יחידה,0.00,יחידה,false,,6.90,0.0000,true,1,506892
3800020403631,false,חטיף שוקולד צאנקי חמאת בוטנים 42ג' קיט קט,נסטלה בולגריה A.D.,BG,קיט קט צ'אנקי חמאת ב,גרמים,42.00,100 גרם,false,,4.90,0.1167,true,1,1236
4000417022004,false,שוקולד ריטר ספורט צימוק אגוז 100 גרם חלב נוכרי,ריטר ספורט Ritter sport,DE,שוקולד ריטר ספורט חל,גרמים,100.00,100 גרם,false,,10.40,0.1040,true,1,13810
4000417025005,false,שוקולד ריטר ספורט מרציפן 100 גרם חלב נוכרי,ריטר ספורט Ritter sport,DE,שוקולד ריטר ספורט מר,גרמים,100.00,100 גרם,false,,10.40,0.1040,true,1,13813
4000417222008,false,שוקולד ריטר ספורט חלב+שברי אגוזים 100 גרם חלב נוכרי,ריטר ספורט Ritter sport,DE,ריטר שוקולד ספורט חל,גרמים,100.00,100 גרם,false,,10.40,0.1040,true,1,13817
4005808890507,false,ניוואה סופט קרם לחות 200מל,ניוואה Nivea,IT,קרם ניוואה סופט 200,מיליליטרים,200.00,"100 מ""ל",false,,29.90,0.1495,true,1,1133
4008400230726,false,ביצת שוקולד הפתעה קינדר ענקית 100ג' בנים,קינדר Kinder,BE,ביצת הפתעה קינדר מקס,גרמים,100.00,100 גרם,false,,26.90,0.2690,true,1,88523
4009900402965,false,מסטיק אורביט וויט בטעם פירות ללא סוכר,ריגלי פולין,PL,אורביט וויט פירות בק,גרמים,64.00,100 גרם,false,,11.90,0.1859,true,1,48369
4009900420129,false,מסטיק אורביט פרופשנל פפרמינט בקבוקון 64 גר',מרס נדרלנד,PL,אורביט פרופשייונל פפ,גרמים,64.00,100 גרם,false,,11.90,0.1859,true,1,138164
4009900455299,false,סוכריות סקיטלס בטעם פירות,סקיטלס Skittles,CZ,סקיטלס פירות 174 גר,גרמים,174.00,100 גרם,false,,9.90,0.0569,true,1,48387
4009900465304,false,סוכריות סקיטלס פירות חמוצים 174 גרם,סקיטלס Skittles,CZ,סקיטלס פירות חמוצים,גרמים,174.00,100 גרם,false,,9.90,0.0569,true,1,48391
4009900479998,false,מסטיק אורביט בטעם אוכמניות ללא סוכר,ריגלי פולין,PL,אורביט מסטיק בקבוקון,גרמים,64.00,100 גרם,false,,11.90,0.1859,true,1,48396
4009900482417,false,מסטיק אורביט פירות מנטה בקבוקון באבל מינט 45יח,ריגלי פולין,PL,אורביט באבל מינט בקב,גרמים,64.00,100 גרם,false,,11.90,0.1859,true,1,48398
4009900483803,false,מסטיק איירובס מנטה אקליפטוס בקבוקון 60יח',איירוויבס Airwaves,PL,אירוויבז בקבוק M מנט,גרמים,84.00,100 גרם,false,,13.90,0.1655,true,1,141808
4009900484060,false,מסטיק אורביט פרופשיונל בטעם מנטה ללא סוכר,אורביט Orbit,PL,אורביט פרופשיונל מנט,יחידה,0.00,יחידה,false,,14.90,0.0000,true,1,48400
4009900484091,false,מסטיק אורביט פרופשיונל בטעם מנטה ללא סוכר,אורביט Orbit,,אורביט פרופשיונל ספי,גרמים,84.00,100 גרם,false,,14.90,0.1774,true,1,48401
4009900509770,false,מסטיק אורביט בטעם תות ללא סוכר,אורביט Orbit,,אורביט באריזת בקבוק,יחידה,0.00,יחידה,false,,14.90,0.0000,true,1,48415
4009900531573,false,סוכריות סקיטלס סמודיס בטעמי יוגורט ופירות,סקיטלס Skittles,CZ,סקיטלס סמודיס 174 גר,גרמים,174.00,100 גרם,false,,9.90,0.0569,true,1,141813
4009900535540,false,מסטיק אורביט רפרשרס פפרמינט ללא סוכר 15.6גר',Unknown,,אורביט רפרשרס פפרמינ,גרמים,15.00,100 גרם,false,,4.90,0.3267,true,1,285420
4009900536288,false,מסטיק אורביט רפרשרס פפרמינט בקבוקון ללא סוכר 67 גר',מרס ריגלי קונפקשונרי,PL,מסטיק אורביט רפרשרס,גרמים,67.00,100 גרם,false,,12.90,0.1925,true,1,310211
4011800633516,false,חטיף דגנים עם שוקולד מריר מעולה,שוורטאוור וורקה,DE,חטיף דגנים שוקולד מר,גרמים,138.00,100 גרם,false,,14.90,0.1080,true,1,6265
4014400901191,false,בונבונירה מרסי קלאסי 250 גרם חלב נוכרי,אוגוסט שטורק,DE,בונבונירה מרסי 250 ג,גרמים,250.00,100 גרם,false,,28.90,0.1156,true,1,13843
4014400904376,false,סוכריות טופי שוקולדן שטורק 325 ג',קריניציה ויטמינה אס,DE,סוכ.שטורק שוקולדן 32,גרמים,325.00,100 גרם,false,,18.80,0.0578,true,1,13850
4014400910063,false,סוכריות וורטר טופי חמאה 135ג',אוגוסט שטורק,DE,סוכריות חמאה וורטר 1,גרמים,135.00,100 גרם,false,,10.50,0.0778,true,1,13855
4014400920857,false,סוכריות וורטר Werther's בטעם שוקולד ללא סוכר,קריניציה ויטמינה אס,DE,וורטרס ללא סוכר טעם,גרמים,70.00,100 גרם,false,,9.90,0.1414,true,1,13865
4014400923711,false,טופיפי 125 גר' - חלב נוכרי,אוגוסט שטורק,DE,טופיפי בונבונירה שוק,גרמים,125.00,100 גרם,false,,13.90,0.1112,true,1,13866
4014600202623,false,רגולדס -סוכריות בפח בטעם דובדבן 150 ג',RAGOLDS GMBH,,סוכריות בפח בטעם דוב,גרמים,150.00,100 גרם,false,,10.90,0.0727,true,1,464106
4015000615921,false,"פה - דאודורנט ספריי לגבר ספורט 200 מ""ל",הנקל סוד,DE,דאו' ספריי פה לגבר 2,מיליליטרים,200.00,"100 מ""ל",false,,9.90,0.0495,true,1,8584
4015400564034,false,מגני תחתון אולוויז לונג פלוס עם ניחוח,פרוקטר אנד גמבל,DE,מגן תחתון לונג פלוס,יחידה,0.00,יחידה,false,,18.90,0.0000,true,1,28690
4015400564454,false,מגני תחתון אולוויז לארג' עם ניחוח מגה פק,פרוקטר אנד גמבל,DE,מגן תחתון לארג מגה פ,יחידה,0.00,יחידה,false,,18.90,0.0000,true,1,28694
4022025001929,false,"בלו ווין מבעבע כחול כשר 750 מ""ל",יקב רמת הגולן,IL,בלו וויין מבעבע כחול,מיליליטרים,750.00,"100 מ""ל",false,,55.90,0.0745,true,1,139606
4025700001962,false,שוקולד מילקה לבן 100 גר',פי אר ג'יי אס סי מונ,UA,מילקה שוקולד לבן 100,גרמים,100.00,100 גרם,false,,7.90,0.0790,true,1,235028
4640018993343,false,פיניש קואנטום קפסולות ג'יל רגיל 30 יחי,רקיט בנקיזר,PL,פיניש קוואנטום למדיח,יחידה,0.00,יחידה,false,,43.90,0.0000,true,1,231824
4640018993350,false,קפסולות למדיח פיניש קוואנטום לימון 30 יח',רקיט בנקיזר,PL,פיניש קוואנטום לימון,יחידה,0.00,יחידה,false,,43.90,0.0000,true,1,231825
4640018993398,false,קפסולות ג'יל רגיל קואנטום 60 יח' פיניש,רקיט בנקיזר,PL,פיניש קוואנטום למדיח,יחידה,0.00,יחידה,false,,62.90,0.0000,true,1,231827
4710068001692,false,"מאסטר קפה לאטה פחית 240מ""ל",תאיט מרקטינג אנד דיס,,מאסטר קפה לאטה פחית,מיליליטרים,240.00,"100 מ""ל",false,,6.90,0.0288,true,1,10114
4710068003313,false,"מאסטר קפה אמריקאנו פחית 240מ""ל",מאיטה פוד אינדוסטריא,TW,מאסטר קפה אמריקנו בל,מיליליטרים,240.00,"100 מ""ל",false,,7.90,0.0329,true,1,367966
4800888219534,false,דאב - דאודורנט סטיק לאישה אנטי פרספירמט 50 גרם,יוניליוור פיליפינים,IL,דאורדורנט סטיק אוריג,גרמים,50.00,100 גרם,false,,19.90,0.3980,true,1,324431
4891228430061,false,סכיני גילוח לאישה Exacta 2 לעור רגיש,הנסיך- מפעל לייצור ט,CN,סכיני גילוח לאישה שי,יחידה,0.00,יחידה,false,,30.90,0.0000,true,1,23345
5000204133509,false,שקיות אחסון גדולות- 19 יח' זיפלוק,,,זיפלוק שקיות אחסון ג,גרמים,208.00,100 גרם,false,,13.90,0.0668,true,1,275374
5000204151053,false,"פלדג' אירוסול לניקוי רהיטים קלאסי 250 מ""ל",יורופרייטס,NL,פלדג' אירוסול לניקוי,מיליליטרים,250.00,"100 מ""ל",false,,17.30,0.0692,true,1,425488
5000267014234,false,וויסקי ג'וני ווקר רד לייבל Red label,ג'וני ווקר Johnnie walker,,גוני ווקר רד לייבל 7,מיליליטרים,700.00,"100 מ""ל",false,,90.90,0.1299,true,1,117784
5000267024233,false,"וויסקי ג'וני בלאק לייבל עם פורר 700מ""ל",ג'וני ווקר Johnnie walker,,ג'וני ווקר בלאק לייב,מיליליטרים,700.00,"100 מ""ל",false,,130.90,0.1870,true,1,117785
5010182996799,false,ג'ל אסלה מנטרל ריחות בניחוח פרחי בר ורודים,דאופלור אס.פי.אי איט,IT,דאק ג'ל אסלה בניחוח,מיליליטרים,55.00,"100 מ""ל",false,,9.90,0.1800,true,1,6308
5010182997338,false,"טואלט דאק ג'ל אסלה ניחוח רענן 55 מ""ל","איטיליאן פוד, אס.פי.",IT,דאק ג'ל אסלה ניחוח ר,גרמים,55.00,100 גרם,false,,9.90,0.1800,true,1,6311
5010182997918,false,"טואלט דאק ג'ל אסלה בניחוח ים 55 מ""ל","איטיליאן פוד, אס.פי.",IT,דאק ג'ל אסלה ניחוח י,גרמים,55.00,100 גרם,false,,9.90,0.1800,true,1,6316
5010677552387,false,"בקרדי בריזר אננס 275 מ""ל בקבוק",בקרדי בריזר Bacardi Breezer,BE,בקרדי בריזר אננס.,מיליליטרים,275.00,"100 מ""ל",false,,14.90,0.0542,true,1,10122
5010677850100,false,וודקה גריי גוס בקבוק,בקרדי מרטיני,FR,"גריי גוס 700 מ""ל",מיליליטרים,700.00,"100 מ""ל",false,,125.90,0.1799,true,1,143713
5014271300429,false,סן דלפו מעדן משמש ללא סוכר 284גר,סנדלפור St.dalfour,FR,סאן דלפור מעדן משמש,גרמים,284.00,100 גרם,false,,22.90,0.0806,true,1,18277
5014271310428,false,סן דלפו מעדן דבדבן שחור ללא סוכ 284 ג',המאפיה של הרמן,FR,סאן דלפור מעדן דובדב,גרמים,284.00,100 גרם,false,,22.90,0.0806,true,1,18278
5014271350424,false,מעדן סנט דלפור 4 פירות 284ג',המאפיה של הרמן,FR,סאן דלפור מעדן ארבע,גרמים,284.00,100 גרם,false,,22.90,0.0806,true,1,18280
5014271400426,false,סן דלפו מעדן תות שדה ללא סוכר 284 ג',המאפיה של הרמן,FR,סאן דלפור מעדן תות ש,גרמים,284.00,100 גרם,false,,22.90,0.0806,true,1,18285
5014271560427,false,מעדן פרי תפוז וג'ינג'ר,סנדלפור St.dalfour,FR,סאן דלפור מעדן תפוז,גרמים,284.00,100 גרם,false,,22.90,0.0806,true,1,18286
5060517886486,false,"משקה אנרגיה מונסטר פח 500 מ""ל",מונסטר אנרג'י Monster Energy,RU,מונסטר אנרג'י פחית 5,מיליליטרים,500.00,"100 מ""ל",false,,7.90,0.0158,true,1,210310
5060517886516,false,"משקה אנרגיה מונסטר זירו פח 500 מ""ל",מונסטר אנרג'י Monster Energy,RU,מונסטר אנרג'י זירו פ,מיליליטרים,500.00,"100 מ""ל",false,,6.90,0.0138,true,1,210311
5202175001515,false,נאצ'וס בטעם מלוח 225 גרם,אל סבור מקסיקן פוד,TW,נאצ'וס בטעם מלוח מזר,גרמים,225.00,100 גרם,false,,11.90,0.0529,true,1,112379
5202175001546,false,נאצ'וס בטעם ברביקיו 225 גרם,אל סבור מקסיקן פוד,TW,נאצ'וס בטעם ברביקיו,גרמים,225.00,100 גרם,false,,12.90,0.0573,true,1,112380
5202175002451,false,טורטייה- מאפה על בסי,אל סבור מקסיקן פוד,TW,טורטייה- מאפה על בסי,גרמים,245.00,100 גרם,false,,8.90,0.0363,true,1,469328
5410126106183,false,ביסקוויט קרמל 312גרם 50יח,כלורוקס אוקלנד,BE,ביסקוויט קרמל 312גרם,גרמים,312.00,100 גרם,false,,19.70,0.0631,true,1,5944
5410126116953,false,ממרח עוגיות קרמל 400 ג' לוטוס,לוטוס בייקרי בלגיה נ,BE,לוטוס ממרח ביסקוויט,גרמים,400.00,100 גרם,false,,26.20,0.0655,true,1,5945
5410126716016,false,"ביסקוויט בטעם קרמל לוטוס בד""צ 250 ג'",לוטוס ביקרי בלגיה,BE,ביסקוויט בטעם קרמל ל,גרמים,250.00,100 גרם,false,,12.90,0.0516,true,1,29152
5410291021991,false,ממרח אגוזי לוז עם קקאו,צ'וקטה Chocketa,,צ`וקטה ממרח אגוזי לו,גרמים,700.00,100 גרם,false,,22.90,0.0327,true,1,49254
5410316994019,false,וודקה סמירנוף אדום ב,דיאג'ו אופריישנס איט,US,וודקה סמירנוף אדום 7,מיליליטרים,700.00,"100 מ""ל",false,,60.90,0.0870,true,1,117793
5411188094159,false,מעדן סויה שוקולד בלגי אלפרו 4*125 ג',הנסיך- מפעל לייצור ט,BE,אלפרו מעדן סויה שוק.,מיליליטרים,500.00,"100 מ""ל",false,,19.80,0.0396,true,1,23367
5411188096108,false,"אלפרו סויה לבישול ואפייה 250 מ""ל",אלפרו C.V.A,BE,אלפרו סויה לבישול 25,מיליליטרים,250.00,"100 מ""ל",false,,10.90,0.0436,true,1,23368
5411188112709,false,משקה אלפרו שקדים ללא סוכר 1 ליטר,הנסיך- מפעל לייצור ט,BE,אלפרו משקה שקדים ללא,יחידה,0.00,יחידה,false,,16.80,0.0000,true,1,23376
5411188115434,false,משקה אלפרו בריסטה סויה 1 ליטר,אלפרו Alpro,BE,אלפרו משקה בריסטה סו,ליטרים,1.00,100 ליטר,false,,16.80,16.8000,true,1,442584
5411188120957,false,"אלפרו תערובת לבישול על בסיס קוקוס 250 מ""ל",אלפרו Alpro,IL,אלפרו קוקוס לבישול 2,מיליליטרים,250.00,"100 מ""ל",false,,10.90,0.0436,true,1,406429
5411188134985,false,אלפרו 3.5% NOT M*LK שיבולת שועל 1 ליטר בית יוסף,הנסיך- מפעל לייצור ט,BE,אלפרו 3.5% שומן NOT,ליטרים,1.00,ליטר,false,,14.90,14.9000,true,1,338546
5411188135005,false,אלפרו 1.8% NOT M*LK שיבולת שועל 1 ליטר בית יוסף,הנסיך- מפעל לייצור ט,BE,אלפרו 1.8% שומן NOT,ליטרים,1.00,ליטר,false,,14.90,14.9000,true,1,341861
5413149922938,false,"אריאל אבקת כביסה שושן צחור, 5 ק""ג",פרוקטר אנד גמבל,,אריאל אבקת כביסה שוש,קילוגרמים,5.00,"ק""ג",false,,49.90,9.9800,true,1,29186
5604912415058,false,סרדינים בשמן חמניה חריף פורטוס 125 ג',פורטוס Porthos,PT,סרדינים בשמן חמניה ח,גרמים,125.00,100 גרם,false,,7.50,0.0600,true,1,144878
5701932026971,false,פופקורן להכנה במיקרוגל בטעם חמאה 6 שקיות,הוט פופ Hot pop,US,הוט פופ פופקורן בטעם,גרמים,600.00,100 גרם,false,,16.90,0.0282,true,1,67892
5711953106583,false,גבינת שמנת בטעם טבעי 200 גרם ארלה,ארלה פודס אמבה,DK,ארלה גבינת שמנת טבעי,גרמים,200.00,100 גרם,false,,16.90,0.0845,true,1,191798
5711953106606,false,גבינת שמנת עם תבלינים ועשבי תיבול 23.5%,ארלה פודס אמבה,DK,ארלה גבינת שמנת עשבי,גרמים,200.00,100 גרם,false,,16.90,0.0845,true,1,191800
5711953148347,false,"גבינת שמנת טבעי ארלה, 300 גרם",,,גבינת שמנת טבעי ארלה,גרמים,300.00,100 גרם,false,,24.90,0.0830,true,1,477995
5740900403222,false,ממרח לורפק חמאה עם מלח מופחת שומן 250 ג,לורפאק Lurpak,,ממרח לורפק עם מלח מו,גרמים,250.00,100 גרם,false,,17.90,0.0716,true,1,135105
5740900403239,false,ממרח לורפק חמאה בלי מלח 250 ג',לורפאק Lurpak,,ממרח לורפק ללא מלח 2,גרמים,250.00,100 גרם,false,,17.90,0.0716,true,1,135106
5740900403246,false,ממרח לורפק חמאה בלי מלח 500 ג',לורפאק Lurpak,,ממרח לורפק ללא מלח 5,גרמים,500.00,100 גרם,false,,30.80,0.0616,true,1,135107
5740900403253,false,ממרח לורפק חמאה עם מלח 500 ג',לורפאק Lurpak,,ממרח לורפק עם מלח 50,גרמים,500.00,100 גרם,false,,30.80,0.0616,true,1,135108
5765220190157,false,עטרות נייר אפייה 2- 130 יחידות,,,עטרות נייר לאפייה 2,יח',130.00,יח',false,,5.50,0.0423,true,1,282438
5765220190522,false,סביבון חללית אורות מנגן,,,סביבון חללית אורות מ,יחידה,0.00,יחידה,false,,15.90,0.0000,true,1,268553
5765220190546,false,סביבון טורבו אורות מנגן,,,סביבון טורבו אורות מ,יחידה,0.00,יחידה,false,,15.90,0.0000,true,1,268555
5765571204619,false,נר נשמה שבועי ירושלי,,,נר נשמה שבועי ירושלי,יחידה,0.00,יחידה,false,,11.90,0.0000,true,1,392184
5900020018908,false,חטיף פיטנס דגנים עם עוגיות ופצפוצי שוקולד לבן,מיוצר עי קונדיטוריית,PL,פיטנס חטיף דגנים קרם,גרמים,141.00,100 גרם,false,,17.90,0.1270,true,1,21001
5900020024817,false,פיטנס דליס Fitness Delice חטיף דגנים עם שוקולד לבן,נסטלה פולין ברים,PL,פיטנס בר דליס שוקולד,גרמים,135.00,100 גרם,false,,17.90,0.1326,true,1,21007
5900020026552,false,דגני בוקר האני נאט צ'יריוס בטעם דבש ושקדים,נסטלה צרפת איטנקורט,FR,האני נאט ציריוס נסטל,גרמים,625.00,100 גרם,false,,27.90,0.0446,true,1,21017
5900020029669,false,פיטנס - חטיף דגנים פירות יער 23.50 גרם * 6,נסטלה פולין דגני בוק,,פיטנס חטיף דגנים פיר,גרמים,141.00,100 גרם,false,,17.90,0.1270,true,1,119814
5900020037916,false,דגני בוקר שיבולת שועל צ'ריוס 375ג',ג'נרל מילס סאן אדריא,PL,צ'יריוס שיבולת שועל,גרמים,375.00,100 גרם,false,,17.90,0.0477,true,1,322151
5900020041142,false,קורנפלקס פיטנס 500 ג' אסם,נסטלה צרפת איטנקורט,PL,קורנפלקס פיטנס 500גר,גרמים,500.00,100 גרם,false,,14.90,0.0298,true,1,506376
5900627063233,false,טבליות למדיח AIO 50 יח פיניש,רקיט בנקיזר,PL,50 יח AIO טבליות פינ,גרמים,800.00,100 גרם,false,,41.90,0.0524,true,1,22840
5902198160403,false,"משקה אנרגיה XL TEN פחית לל""ס 250מ""ל","טמפו משקאות בע""מ",IL,אקס אל משקה אנרגיה ט,מיליליטרים,250.00,"100 מ""ל",false,,4.90,0.0196,true,1,83617
5902768865677,true,עוגיות שוקולד צ'יפס,,,עוגיות שוקולד צ'יפס,גרמים,150.00,100 גרם,false,,6.90,0.0460,true,1,153752
5906485301012,false,"משקה אנרגיה XL פחית 250 מ""ל","טמפו משקאות בע""מ",IL,אקס אל משקה אנרגיה 2,מיליליטרים,250.00,"100 מ""ל",false,,4.90,0.0196,true,1,10133
6111094000013,false,"קוסקוס דארי בינוני תומר 1 ק""ג",קריות זול,,קוסקוס בינוני דארי 1,קילוגרמים,1.00,"ק""ג",false,,18.90,18.9000,true,1,120492
6111094000228,false,"קוסקוס דארי דק תומר 1 ק""ג",קריות זול,MA,"קוסקוס דק דארי 1 ק""ג",קילוגרמים,1.00,"ק""ג",false,,18.90,18.9000,true,1,120493
6111094000259,false,קוסקוס דארי בינוני ת,דארי Dari,,קוסקוס בינוני דארי 5,גרמים,500.00,100 גרם,false,,10.90,0.0218,true,1,120495
6111094000808,false,"קוסקוס דארי בינוני תומר 1 ק""ג + 10% תוספת",דרי קוספט,MA,קוסקוס בינוני דארי 1,קילוגרמים,1.10,"ק""ג",false,,18.90,17.1818,true,1,120496
6902019042016,false,אטבי כביסה כחול לבן 10 יחידות,,,אטבי כביסה 10 יחידות,יחידה,0.00,יחידה,false,,5.50,0.0000,true,1,159418
6910191800287,false,אצות נורי בלו 10 דף (ננגטונג),ננטונג היידה אקווטוק,CN,אצות נורי לסושי מזרח,גרמים,25.00,100 גרם,false,,12.90,0.5160,true,1,15138
6912977000140,false,אטריות שעועית מזרח ו,יאנטאי ינסידה לנוגקא,CN,אטריות שעועית ללא גל,גרמים,250.00,100 גרם,false,,9.90,0.0396,true,1,59517
6936745600783,false,"חומץ אורז 500 מ""ל (דאניינג)",דאנינג יוה פודס קו,CN,"חומץ אורז 500 מ""ל (ד",גרמים,500.00,100 גרם,false,,17.90,0.0358,true,1,15152
7038516140357,false,ג'ורדן מברשת טוטאל קלין סופט רביעייה,מיוצר במלזיה עבור ג',NO,מב.שיניים טוטאל קלין,יחידה,0.00,יחידה,false,,15.90,0.0000,true,1,6350
7046110030608,false,זוג מברשות סנסטיב ג',,,זוג מברשות סנסטיב ג',יחידה,0.00,יחידה,false,,24.90,0.0000,true,1,138727
7271730901261,false,ווקי מאק ארוחת אטריות עם גבינה 156 גרם,ניו וורלד פסטה קומפנ,US,ארוחת אטריות וואקי מ,גרמים,156.00,100 גרם,false,,11.90,0.0763,true,1,48528
7290000000465,false,נקניקיות/סרדלקי טליא,"ולדמן ביח""ר לנקניק ו",,לחמניה שמינייה,יח',1.00,יח',false,,4.50,4.5000,true,1,117931
7290000001056,false,לחם אחיד 750 גרם,,,לחם אחיד 750 גרם,גרמים,750.00,100 גרם,false,,5.12,0.0068,true,1,139397
7290000002021,false,גבינה קוסטרומסקוי,,,רוגלך פרווה,קילוגרמים,1.00,"ק""ג",true,,38.00,38.0000,true,1,97986
7290000002022,false,פרווה ביס שוקולד/מאפ,,,פרווה ביס שוקולד/מאפ,קילוגרמים,1.00,"ק""ג",true,,44.00,44.0000,true,1,117979
7290000002057,false,בורקיטס בולגרי בטעמי,,,בורקיטס בולגרי בטעמי,קילוגרמים,1.00,"ק""ג",true,,38.00,38.0000,true,1,117980
7290000004444,false,שקיות גופיה 20 מקרו,,,שקיות גופיה 20 מקרו,יחידה,0.00,יחידה,false,,0.10,0.0000,true,1,461523
7290000005025,false,בייגל בטעמים,,,בייגל בטעמים,יח',1.00,יח',false,,5.50,5.5000,true,1,126785
7290000014510,false,חסה עגולה,,,חסה עגולה,יח',1.00,יח',false,,7.90,7.9000,true,1,54999
7290000017414,false,כריך גבטה לבן/כפרי 1,,,כריך גבטה לבן/כפרי 1,יח',1.00,יח',false,,4.60,4.6000,true,1,120713
7290000023809,false,"יין ברקן קלאסיק קברנה סובניון 750מ""ל",יקבי ברקן שיווק והפצ,IL,קלאסיק קברנה סובניון,מיליליטרים,750.00,"100 מ""ל",false,,35.50,0.0473,true,1,10159
7290000023816,false,"יין ברקן קלאסיק אמרלד ריזלינג 750מ""ל",יקבי ברקן שיווק והפצ,IL,קלאסיק אמרלד ריזלינג,מיליליטרים,750.00,"100 מ""ל",false,,35.50,0.0473,true,1,10160
7290000023977,false,"יין ברקן קלאסיק מרלו 750 מ""ל",יקבי ברקן שיווק והפצ,IL,קלאסיק מרלו 750מל.,מיליליטרים,750.00,"100 מ""ל",false,,35.50,0.0473,true,1,10166
7290000024523,false,מיץ ענבים תירוש אדום,כרמי צבי - האחים סגל,IL,תירוש של סגל 1 ליטר,ליטרים,1.00,ליטר,false,,15.90,15.9000,true,1,10177
7290000030030,false,5 יח' לחמניה המבורג,,,5 יח' לחמניה המבורג,יח',1.00,יח',false,,19.90,19.9000,true,1,118009
7290000032665,false,רוטב עגבניות 28% 580ג' פרי זה,,,רוטב עגבניות 28% ברי,גרמים,580.00,100 גרם,false,,8.50,0.0147,true,1,9335
7290000040042,false,יוגורט תות %3 גביע 150 ג' יופלה,תנובה בעמ,IL,יופלה תות שובב 3% 15,מיליליטרים,150.00,"100 מ""ל",false,,5.70,0.0380,true,1,27112
7290000040066,false,יוגורט דובדבן 3% שומן 150 ג' יופלה,תנובה מרכז שיתופי לש,IL,יופלה דובדבן פראי 3%,מיליליטרים,150.00,"100 מ""ל",false,,5.70,0.0380,true,1,27114
7290000040080,false,יוגורט אפרסק 3% שומן 150 ג' יופלה,תנובה בעמ,IL,יופלה אפרסק מאוהב 3%,מיליליטרים,150.00,"100 מ""ל",false,,5.70,0.0380,true,1,27115
7290000040301,false,"גבינת קולאז קממבר עין גדי 24%, 125 ג'",תנובה מרכז שיתופי לש,IL,תנובה גבינת קממבר עי,גרמים,125.00,100 גרם,false,,20.60,0.1648,true,1,27118
7290000040318,false,גבינת ברי 24% קולאז עדי תנובה 125 ג',תנובה מרכז שיתופי לש,IL,תנובה גבינת ברי 24%,גרמים,125.00,100 גרם,false,,21.60,0.1728,true,1,27119
7290000040974,false,חלב תנובה קרטון דל לקטוז 2% 1ל,תנובה מרכז שיתופי לש,IL,חלב תנובה קרטון דל ל,ליטרים,1.00,ליטר,false,,7.50,7.5000,true,1,27122
7290000041858,false,"שמנת חמוצה 15% יטבתה 200 מ""ל מהדרין",שטראוס גרופ,IL,יטבתה שמנת חמוצה 15%,מיליליטרים,200.00,"100 מ""ל",false,,2.50,0.0125,true,1,24737
7290000042015,false,חלב טרי 3% תנובה שקית 1ל' מהדרין,תנובה מרכז שיתופי לש,IL,חלב תנובה טרי שקית,יחידה,0.00,יחידה,false,,5.43,0.0000,true,1,27130
7290000042435,false,חלב טרי 1% קרטון פקק 1ל' תנובה,תנובה מרכז שיתופי לש,IL,חלב תנובה בקרטון 1%,ליטרים,1.00,ליטר,false,,5.86,5.8600,true,1,27136
7290000042640,false,"חלב תנובה עמיד 3% קרטון 250 מ""ל",קריות זול,IL,חלב תנובה עמיד 3% מה,מיליליטרים,250.00,"100 מ""ל",false,,2.90,0.0116,true,1,27143
7290000042855,false,יוטבתה שוקו שקית 225מל,שטראוס גרופ,IL,יטבתה שוקו שקית 225,מיליליטרים,225.00,"100 מ""ל",false,,2.90,0.0129,true,1,24742
7290000043012,false,"שוקו עמיד 2% בקרטון 250 מ""ל תנובה",תנובה מרכז שיתופי לש,IL,שוק שוקו עמיד 2% בקר,מיליליטרים,250.00,"100 מ""ל",false,,4.90,0.0196,true,1,27146
7290000043814,false,"שמנת מתוקה להקצפה 38% 250 מ""ל תנובה",תנובה מרכז שיתופי לש,IL,שף לבן שמנת לקצפת עמ,מיליליטרים,250.00,"100 מ""ל",false,,6.47,0.0259,true,1,27149
7290000043890,false,רויון בקרטון 1 ליטר,תנובה מרכז שיתופי לש,IL,ריויון 1.5% 1ל,ליטרים,1.00,ליטר,false,,12.50,12.5000,true,1,27152
7290000043944,false,כד יוגורט תנובה 4% שומן 1.5 ליטר,מיוצר עי קונדיטוריית,IL,יוגורט כדים תנובה 1.,ליטרים,1.50,ליטר,false,,17.70,11.8000,true,1,27153
7290000044712,false,יוגורט עם תות 1.5% שומן 500 ג' פרילי,מיוצר עי קונדיטוריית,IL,פרילי תות 1.5% 500מל,מיליליטרים,500.00,"100 מ""ל",false,,10.90,0.0218,true,1,27159
7290000045580,false,"גבינת מותכת נעמה חורש 25%, 240 ג'",תנובה מרכז שיתופי לש,IL,נעמה גבינת מותכת 25%,גרמים,240.00,100 גרם,false,,18.90,0.0787,true,1,27164
7290000045917,false,תנובה גבינת פרומעז 23% גלילית 200ג,קריות זול,IL,תנובה גבינת פרומעז 2,גרמים,200.00,100 גרם,false,,28.60,0.1430,true,1,27166
7290000046327,false,"גבינת גלבוע פרוס 22%, 200 ג' תנובה",תנובה מרכז שיתופי לש,IL,גלבוע גבינה פרוסה 22,גרמים,200.00,100 גרם,false,,13.30,0.0665,true,1,27169
7290000048185,false,גבינה לבנה 5% שומן 250 ג' תנובה,מיוצר עי קונדיטוריית,IL,גבינה לבנה רכה 5% תנ,גרמים,250.00,100 גרם,false,,4.98,0.0199,true,1,27177
7290000048192,false,גבינה לבנה 9% שומן 250 ג' תנובה,מחלבת אלון תבור,IL,גבינה לבנה רכה 9% בד,גרמים,250.00,100 גרם,false,,5.00,0.0200,true,1,27178
7290000048307,false,קוטג' 5% וזיתים ירוקים 250ג' תנובה,מיוצר עי קונדיטוריית,IL,קוטג תנובה עם זיתים,גרמים,250.00,100 גרם,false,,5.90,0.0236,true,1,27180
7290000048437,false,גבינה צפתית 5% 200 ג' פיראוס,פארייפאבה אגרואינדוס,IL,פיראוס צפתית 5% 200,גרמים,200.00,100 גרם,false,,16.90,0.0845,true,1,27183
7290000049458,false,גבינת פטה עיזים 16% גביע פיראוס 250 ג',תנובה מרכז שיתופי לש,IL,פיראוס בולגרית עיזים,גרמים,250.00,100 גרם,false,,31.00,0.1240,true,1,27188
7290000050454,false,יוגורט אפרסק 500 ג' יופלה,מיוצר עי קונדיטוריית,IL,יופלהYYY אפרסק 3% 50,מיליליטרים,500.00,"100 מ""ל",false,,13.80,0.0276,true,1,27196
7290000051307,false,מארז הפסקת אוכל עם דגני עוגי ומשקה חלב עמיד בטעם וניל,תנובה מרכז שיתופי לש,IL,חלב תנובה הפ.אוכל עו,מיליליטרים,150.00,"100 מ""ל",false,,10.30,0.0687,true,1,27214
7290000051352,false,חלב מלא בטעם של פעם 3.4% תנובה קרטון 1 ל',תנובה מרכז שיתופי לש,IL,חלב תנובה של פעם בקר,ליטרים,1.00,ליטר,false,,7.40,7.4000,true,1,27215
7290000051376,false,יופלה דיאט אננס גביע 150 ג',תנובה מרכז שיתופי לש,IL,יופלה דיאט אננס ספור,מיליליטרים,150.00,"100 מ""ל",false,,5.60,0.0373,true,1,27216
7290000051710,false,לאבנה 9% עם שמן זית וזעתר 263 ג' פיראוס,"תנובה, מחלבת אלון תב",IL,פיראוס לאבנה עם שמן,גרמים,263.00,100 גרם,false,,14.50,0.0551,true,1,27219
7290000052311,false,גבינה צהובה לייט 15% 200 ג' עמק,תנובה מרכז שיתופי לש,IL,עמק מהדרין 15% 200 ג,גרמים,200.00,100 גרם,false,,16.90,0.0845,true,1,27232
7290000052649,false,גבינת לאבנה 5% שומן 500 ג' פיראוס,תנובה מרכז שיתופי לש,IL,פיראוס לאבנה 5% 500ג,גרמים,500.00,100 גרם,false,,21.90,0.0438,true,1,27238
7290000055015,false,גבינת פיראוס פטה כבשים 5% 250 ג' פיראוס,תנובה מרכז שיתופי לש,IL,פיראוס גבינת פטה כבש,גרמים,250.00,100 גרם,false,,31.00,0.1240,true,1,27282
7290000055329,false,יופלה משקה יוגורט תות מלון 1.5% 250מל.,תנובה מרכז שיתופי לש,IL,יופלה משקה יוגורט תו,מיליליטרים,250.00,"100 מ""ל",false,,6.50,0.0260,true,1,27288
7290000055893,false,חמאה משמנת מפוסטרת 200ג' כ.מהדרין,תנובה מרכז שיתופי לש,IL,חמאה מהדרין תנובה 20,גרמים,200.00,100 גרם,false,,8.20,0.0410,true,1,27296
7290000056845,false,חלב טרי 3% הומוגני קרטון 1.5 ל' תנובה,פארייפאבה אגרואינדוס,IL,חלב תנובה בקרטון 3%,ליטרים,1.50,ליטר,false,,9.34,6.2267,true,1,27314
7290000056890,false,דיאט יופלה שמינייה טעמים שונים,מיוצר עי קונדיטוריית,IL,יופלה דיאט טעמים שונ,קילוגרמים,1.20,"ק""ג",false,,34.90,29.0833,true,1,27317
7290000056906,false,מאגדת לבן טבעי 1.5% שומן 8 יח' * 150 ג' יופלה,מחלבת אלון תבור,IL,יופלה לבן 1.5% 8*150,ליטרים,1.20,ליטר,false,,19.50,16.2500,true,1,27318
7290000056951,false,"שמנת לבישול 15% שומן 500 מ""ל תנובה",תנובה מרכז שיתופי לש,IL,שף לבן שמנת לבישול +,מיליליטרים,500.00,"100 מ""ל",false,,17.90,0.0358,true,1,27321
7290000057088,false,גבינת דק דק 28% 200 ג' עמק,תנובה מרכז שיתופי לש,IL,עמק דק דק 28% 200גר,גרמים,200.00,100 גרם,false,,17.90,0.0895,true,1,27325
7290000057118,false,עמק סמי מעדנייה כשרות מהדרין,תנובה מרכז שיתופי לש,IL,עמק סמי 28% 400 גר,גרמים,400.00,100 גרם,false,,24.20,0.0605,true,1,27327
7290000057132,false,יוגורט טבעי 1.5% שומן 200 ג' תנובה,מחלבת אלון תבור,IL,תנובה יוגורט טבעי 1.,מיליליטרים,200.00,"100 מ""ל",false,,3.50,0.0175,true,1,27328
7290000057149,false,יוגורט טבעי 3% שומן 200 ג' תנובה,מיוצר עי קונדיטוריית,IL,תנובה יוגורט טבעי 3%,גרמים,200.00,100 גרם,false,,3.50,0.0175,true,1,27329
7290000058047,false,**שף לבן שמנת מתוקה מהדרין 38% פקק 500מ,תנובה מרכז שיתופי לש,IL,שף לבן שמנת מתוקה מה,מיליליטרים,500.00,"100 מ""ל",false,,12.94,0.0259,true,1,27350
7290000058580,false,קוקילידה וניל ועוגיות שוקולד נסטלה 83ג',נגה גלידות (גלידות נ,IL,קוקילידה וניל,יחידה,0.00,יחידה,false,,10.90,0.0000,true,1,16976
7290000060071,false,אוסם - חטיפי פריכונים מאורז מלא קלוי 80גר,"מיוצר ע""י PT, משווק",IL,חטיפי פריכונים מאורז,גרמים,80.00,100 גרם,false,,8.90,0.1113,true,1,21022
7290000060088,false,בייגלה אסם מקלות מלוחים 400 גרם,מיוצר עי קונדיטוריית,IL,בייגלה אסם מקלות מלו,גרמים,400.00,100 גרם,false,,11.90,0.0298,true,1,21023
7290000060163,false,פסטה אסם אטריות דקות 400גר,"אסם השקעות בע""מ",IL,אטריות דקות אסם 400,גרמים,400.00,100 גרם,false,,7.90,0.0198,true,1,21026
7290000060217,false,פסטה אסם מקרוני 7 500 גר,קריות זול,IT,פסטה מקרוני אסם 500,גרמים,500.00,100 גרם,false,,6.90,0.0138,true,1,21028
7290000060248,false,פסטה אסם פתיתים תלתלים 500גר,קריות זול,IT,פסטה תלתלים אסם 500,גרמים,500.00,100 גרם,false,,6.90,0.0138,true,1,21029
7290000060330,false,פרפקטו פרפקטו ספיראלי גירף 500 גר,קריות זול,IT,פסטה ספירלי פרפקטו 5,גרמים,500.00,100 גרם,false,,7.90,0.0158,true,1,21033
7290000060415,false,פסטה פרפקטו לזאניה אסם 500ג',קריות זול,IT,לזאניה פרפקטו 500 ג,גרמים,500.00,100 גרם,false,,15.40,0.0308,true,1,21036
7290000060576,false,פסטה אסם פתיתים אפוי כוכב 500גר,"אסם השקעות בע""מ",IL,פתיתים אפויים כוכבים,גרמים,500.00,100 גרם,false,,7.90,0.0158,true,1,21041
7290000060781,false,פסטה אסם פתיתים מסולסלים 500גר,קריות זול,IT,פסטה מסולסלים אסם 50,גרמים,500.00,100 גרם,false,,6.90,0.0138,true,1,21042
7290000060880,false,פסטה מס' 8 ספגטי אסם 500ג',קריות זול,IT,ספגטי אסם 500 גרם,גרמים,500.00,100 גרם,false,,6.90,0.0138,true,1,21046
7290000060903,false,פסטה אסם פתיתים אפויים אורז 500גר,"אסם השקעות בע""מ",IL,פתיתים אפויים אורז א,גרמים,500.00,100 גרם,false,,7.90,0.0158,true,1,21047
7290000060958,false,פסטה אסם אטריות בינוניות 400 גרם,"אסם השקעות בע""מ",IL,אטריות בינוניות אסם,גרמים,400.00,100 גרם,false,,7.90,0.0198,true,1,68643
7290000060965,false,פסטה אסם אטריות רחבות 400גר,"אסם השקעות בע""מ",IL,אטריות רחבות אסם 400,גרמים,400.00,100 גרם,false,,7.90,0.0198,true,1,21050
7290000061061,false,קרקר בצל אסם 250 גרם,"אסם השקעות בע""מ",IL,אסם קרקר בצל 250גרם,גרמים,250.00,100 גרם,false,,11.60,0.0464,true,1,68644
7290000061245,false,עוגיות שוקוצ'יפס ממולאו שוקו' אסם 220ג',מיוצר עי קונדיטוריית,IL,אסם עוגיות שוקוצ'יפס,גרמים,220.00,100 גרם,false,,12.30,0.0559,true,1,21056
7290000062952,false,אוסם - מיני קרוטונים למרק ולסלט 250 גרם,עינת תעשיות מזון,IL,מיני קרוטונים למרק ו,גרמים,250.00,100 גרם,false,,16.90,0.0676,true,1,21065
7290000063102,false,קמח עוגה אסם תופח מאליו 350ג',"אסם השקעות בע""מ",IL,קמח תופח קטן אסם 350,גרמים,350.00,100 גרם,false,,5.80,0.0166,true,1,21068
7290000063140,false,שקדי מרק רכיבים טבעיים בשקית 400 ג' אסם,"אסם השקעות בע""מ",IL,שקדי מרק רכיבים טבעי,גרמים,400.00,100 גרם,false,,13.90,0.0348,true,1,21070
7290000063157,false,"קמח תופח מאליו אסם 1 ק""ג","אסם השקעות בע""מ",IL,קמח עוגה תופח מאליו,קילוגרמים,1.00,"ק""ג",false,,10.30,10.3000,true,1,21071
7290000064758,false,קוסקוס בינוני אמיתי אסם 350 ג',"מיוצר ע""י קוד יצרן K",IL,קוסקוס אמיתי אסם 350,גרמים,350.00,100 גרם,false,,8.90,0.0254,true,1,21081
7290000065090,false,מיני קרוטונים למרק ולסלט 400 ג' אסם,עינת תעשיות מזון,IL,מיני קרוטונים למרק ו,גרמים,400.00,100 גרם,false,,27.50,0.0688,true,1,119828
7290000065557,false,אוסם - מנה חמה קוסקוס עם ירקות 84 גרם,"אסם תעשיות מזון בע""מ",IL,מנה חמה קוסקוס וירקו,גרמים,84.00,100 גרם,false,,6.90,0.0821,true,1,21087
7290000066141,false,ביסלי בטעם גריל אסם,"אסם השקעות בע""מ",IL,ביסלי גריל 70 גר'.,גרמים,70.00,100 גרם,false,,4.90,0.0700,true,1,21095
7290000066196,false,ביסלי גדול בטעם גריל 200 ג' אסם,מיוצר עי קונדיטוריית,IL,ביסלי גריל 200גרם,גרמים,200.00,100 גרם,false,,7.90,0.0395,true,1,21100
7290000066264,false,אוסם - חטיף דובונים 40 גרם,"אסם השקעות בע""מ",IL,דובונים 40גרם,גרמים,40.00,100 גרם,false,,5.00,0.1250,true,1,21104
7290000066295,false,אסם במבה תות מחומרים טבעיים 30גר,מיוצר עי קונדיטוריית,IL,במבה מתוקה מחומרים ט,גרמים,30.00,100 גרם,false,,2.90,0.0967,true,1,21105
7290000066318,false,במבה קלאסי 80 גרם,"אסם השקעות בע""מ",IL,במבה קלאסי 80 גרם,גרמים,80.00,100 גרם,false,,4.90,0.0613,true,1,21107
7290000066332,false,אפרופו חטיף אסם 50ג',מיוצר עי קונדיטוריית,IL,אפרופו 50 גרם,גרמים,50.00,100 גרם,false,,5.80,0.1160,true,1,21108
7290000066349,false,אפרופו גדול אסם 100ג',מיוצר עי קונדיטוריית,IL,אפרופו 100גרם,גרמים,100.00,100 גרם,false,,9.50,0.0950,true,1,21109
7290000066431,false,פופקו חטיף תירס בטעם חמאה ודבש 80 גרם,מיוצר עי קונדיטוריית,IL,פופקו חמאה ודבש 80גר,גרמים,80.00,100 גרם,false,,5.90,0.0738,true,1,21110
7290000067544,false,פירורית זהב שקית 200גר,עינת תעשיות מזון,IL,אסם פירורית פירורי ל,גרמים,200.00,100 גרם,false,,7.90,0.0395,true,1,21118
7290000068138,false,אסם פודינג אינסטנט וניל 80 גרם,מיוצר עי קונדיטוריית,IL,אסם פודינג אינסטנט ו,גרמים,80.00,100 גרם,false,,6.50,0.0813,true,1,21128
7290000068237,false,ג'לי פטל צבע טבעי 85ג' אסם,מיוצר עי קונדיטוריית,IL,אסם ג'לי פטל צבעים ט,גרמים,85.00,100 גרם,false,,7.90,0.0929,true,1,21134
7290000068251,false,ג'לי אננס אסם צבע טבעי 85 ג',מיוצר עי קונדיטוריית,IL,אסם ג'לי אננס צבעים,גרמים,85.00,100 גרם,false,,7.90,0.0929,true,1,21135
7290000068343,false,אוסם - פירכונים מאורז מלא 140 גרם,"מיוצר ע""י PT, משווק",IL,פריכונים מאורז מלא א,גרמים,140.00,100 גרם,false,,8.90,0.0636,true,1,21138
7290000068701,false,שקדי מרק רכיבים טבע.מיכל 400ג' אסם,"אסם השקעות בע""מ",IL,שקדי מרק במיכל אסם 4,גרמים,400.00,100 גרם,false,,17.10,0.0428,true,1,68659
7290000068770,false,במבה יום הולדת אסם 8,"אסם השקעות בע""מ",IL,במבה יום הולדת 80גרם,גרמים,80.00,100 גרם,false,,4.90,0.0613,true,1,21140
7290000068787,false,במבה יום הולדת 25גרם,מיוצר עי קונדיטוריית,IL,במבה יום הולדת 25גרם,גרמים,25.00,100 גרם,false,,2.90,0.1160,true,1,21141
7290000069364,false,פריכונים עגולים אורז דל נתרן אסם 140 גרם,"מיוצר ע""י PT, משווק",IL,פריכונים מאורז מלא ל,גרמים,140.00,100 גרם,false,,8.90,0.0636,true,1,21148
7290000069715,false,אוסם - חטיפי קרקר מלוח 300 גרם,אסם,,אסם חטיפי קרקר מלוח,גרמים,300.00,100 גרם,false,,12.90,0.0430,true,1,68665
7290000070308,false,אבקת מרק עוף אמיתי במיכל 400 גרם,"אסם השקעות בע""מ",IL,מרק עוף אמיתי אסם 40,גרמים,400.00,100 גרם,false,,24.90,0.0622,true,1,21159
7290000070322,false,אבקת מרק פטריות רכיבים טבעיים אוסם 400 ג',"אסם השקעות בע""מ",IL,אבקת מרק פטריות רכיב,גרמים,400.00,100 גרם,false,,29.90,0.0747,true,1,21160
7290000070353,false,אבקת מרק בצל רכיבים טבעיים 400 ג' אסם,"אסם השקעות בע""מ",IL,אבקת מרק בצל רכיבים,גרמים,400.00,100 גרם,false,,29.90,0.0747,true,1,21161
7290000072623,false,אסם קטשופ בקבוק לחיץ,"אסם השקעות בע""מ",IL,אסם קטשופ בקבוק לחיץ,גרמים,750.00,100 גרם,false,,12.50,0.0167,true,1,21182
7290000072753,false,קפה טייסטר צ'ויס קפה מגורען 200ג',נסטלה קוריאה - קפה,IL,נס קפה טייסטרס צ'ויס,גרמים,200.00,100 גרם,false,,33.90,0.1695,true,1,21185
7290000072777,false,קפה טייסטר צ'ויס מגור' נ.קפאין 200ג',נסטלה קוריאה - קפה,IL,טייסטרס צוייס נטול ק,גרמים,200.00,100 גרם,false,,40.60,0.2030,true,1,21187
7290000072784,false,קפה טייסטר צויס נטול קופאין 100 גר',לוטה נסטלה קוריאה,KR,טייסטרס צוייס נטול ק,גרמים,100.00,100 גרם,false,,30.90,0.3090,true,1,21188
7290000072968,false,דגני בוקר סיני מיניס נסטלה 500 ג',נסטלה פולין דגני בוק,PL,סיני מיניס דגני נסטל,יחידה,500.00,יחידה,false,,27.90,0.0558,true,1,21193
7290000073125,false,אוסם - מנה חמה פסטה עם עגבניות 62 גרם,"אסם השקעות בע""מ",IL,מנה חמה פסטה עם עגבנ,גרמים,62.00,100 גרם,false,,6.90,0.1113,true,1,68675
7290000073415,false,אוסם - מנה חמה פסטה ברוטב פיצה 61 גרם,"אסם השקעות בע""מ",IL,מנה חמה פסטה ברוטב פ,גרמים,61.00,100 גרם,false,,6.90,0.1131,true,1,21195
7290000073750,false,אוסם - מנה חמה נודלס בטעם עוף 70 גרם,טאי רזידנט,CN,מנה חמה נודלס בטעם ע,גרמים,70.00,100 גרם,false,,6.90,0.0986,true,1,21197
7290000073774,false,אוסם - מנה חמה נודלס בטעם פיקנטי 70 גרם,טאי רזידנט,CN,מנה חמה נודלס בטעם פ,גרמים,70.00,100 גרם,false,,6.90,0.0986,true,1,68676
7290000074153,false,ביסקוויט פתיבר שוקו,מיוצר עי קונדיטוריית,IL,אסם פתי בר שוקו 500ג,גרמים,500.00,100 גרם,false,,15.50,0.0310,true,1,21204
7290000074184,false,אוסם - פתי בר בינוני 500 גרם,"אסם השקעות בע""מ",IL,אסם פתי בר 500גרם.,גרמים,500.00,100 גרם,false,,12.00,0.0240,true,1,21206
7290000074245,false,אוסם - קרם קרקר אסם 250 גרם,"אסם השקעות בע""מ",IL,אסם קרם קרקר 250גרם,גרמים,250.00,100 גרם,false,,11.90,0.0476,true,1,21207
7290000074252,false,קרקר אסם שומשום 250 גרם,"אסם השקעות בע""מ",IL,אסם קרקר שומשום 250ג,גרמים,250.00,100 גרם,false,,11.20,0.0448,true,1,21208
7290000074276,false,קרקר פיקנטי טבעון 250 ג' אסם,"אסם השקעות בע""מ",IL,טבעון קרקר פיקנטי 25,גרמים,250.00,100 גרם,false,,11.90,0.0476,true,1,21209
7290000074375,false,אוסם - קרקר זהב 150 גרם,"אסם השקעות בע""מ",IL,אסם קרקר זהב 150גרם,גרמים,150.00,100 גרם,false,,8.50,0.0567,true,1,21212
7290000074481,false,לחמית אגוזים אסם 160 ג',"אסם השקעות בע""מ",IL,לחמית אגוזים 160גרם,גרמים,160.00,100 גרם,false,,11.90,0.0744,true,1,21214
7290000074696,false,"קרם קרקר 1 ק""ג אוסם","אסם השקעות בע""מ",IL,אסם קרם קרקר 1קג,קילוגרמים,1.00,"ק""ג",false,,24.90,24.9000,true,1,68617
7290000074764,false,קרקר זהב אסם 900 גרם,אסם תעשיות,IL,קרקר זהב אסם 900 גרם,גרמים,900.00,100 גרם,false,,24.90,0.0277,true,1,119852
7290000075204,false,אוסם - לחמית חיטה מלאה 250 גרם,"אסם השקעות בע""מ",IL,לחמית חיטה מלאה 250ג,גרמים,250.00,100 גרם,false,,9.90,0.0396,true,1,21223
7290000075778,false,עוגיות קוקיס שוקולד,,,עוגיות קוקיס שוקולד,קילוגרמים,1.00,"ק""ג",true,,47.00,47.0000,true,1,120717
7290000076126,false,אוסם - בייגלה שמיניות קטנות 80 גרם,"אסם השקעות בע""מ",IL,אסם בייגלה שמיניות ק,גרמים,80.00,100 גרם,false,,3.90,0.0487,true,1,21226
7290000076133,false,בייגלה שמיניות קטנות 400 גרם אסם,"אסם השקעות בע""מ",IL,בייגלה אסם שמיניות ק,גרמים,400.00,100 גרם,false,,11.90,0.0298,true,1,21227
7290000077017,false,עוגיות קרמוגית וקרם שוקולד אסם 200 גרם,מיוצר עי קונדיטוריית,IL,אסם קרמוגית במילוי ש,גרמים,200.00,100 גרם,false,,11.90,0.0595,true,1,21230
7290000077253,false,אוסם - לחמית כפרית עם דגנים מלאים 190 גרם,"אסם השקעות בע""מ",IL,לחמית כפרית 190גרם,גרמים,190.00,100 גרם,false,,11.90,0.0626,true,1,21231
7290000078212,false,קרוטונים מתובלים 250 ג' אסם,עינת תעשיות מזון,IL,קרוטונים מתובלים אסם,גרמים,250.00,100 גרם,false,,15.90,0.0636,true,1,21235
7290000078762,false,אוסם - חטיפי פריכונים מאורז מלא בטעם דבש 80גר,סנורייס בלגיום אן. ו,BE,חטיפי פריכונים אורז,גרמים,80.00,100 גרם,false,,8.90,0.1113,true,1,21236
7290000080758,false,אוסם - טוסטעים פת קלוי 100 גרם,ון דר מולן האלום,NL,טוסטעים פת קלוי אסם,גרמים,100.00,100 גרם,false,,11.40,0.1140,true,1,21239
7290000080765,false,טוסטעים פת קלויה עם שומשום 100 ג' אוסם,ון דר מולן האלום,NL,טוסטעים פת קלויה עם,גרמים,100.00,100 גרם,false,,11.40,0.1140,true,1,21240
7290000081663,false,בייגלה אסם טבעות שומשום 300 גרם,מיוצר עי קונדיטוריית,IL,בייגלה אסם טבעות שומ,גרמים,300.00,100 גרם,false,,11.90,0.0397,true,1,21242
7290000085180,false,פתי בר וניל 470 גר' גטניו,"אחים גטניו בע""מ",,גטניו - פתיבר וניל 4,גרמים,470.00,100 גרם,false,,9.90,0.0211,true,1,121854
7290000100018,false,גביניות,,,גביניות,קילוגרמים,1.00,"ק""ג",true,,44.00,44.0000,true,1,102762
7290000100081,false,לחמניה קשר/קלועה,,,לחמניה קשר/קלועה,יח',1.00,יח',false,,3.20,3.2000,true,1,126938
7290000100128,false,פירות קפואים תות סנפרוסט 300 ג',סנפרוסט בעמ,IL,סדרת פירות קפואים-תו,גרמים,300.00,100 גרם,false,,18.90,0.0630,true,1,126833
7290000101132,false,לקט קטניות לחמין 800 ג' סנפרוסט,סנפרוסט בעמ,IL,לקט קטניות לחמין 800,גרמים,800.00,100 גרם,false,,19.90,0.0249,true,1,26796
7290000101927,false,אוכמניות כחולות מוקפאות סנפרוסט 300 גרם,"איי, בי, אינבוו",IL,אוכמניות כחולות מוקפ,גרמים,300.00,100 גרם,false,,18.90,0.0630,true,1,79847
7290000101934,false,מיקס פירות יער מוקפאות 300 ג' סנפרוסט,"סנפרוסט בע""מ",IL,מיקס פירות יער 300 ג,גרמים,300.00,100 גרם,false,,18.90,0.0630,true,1,79848
7290000103365,false,מרק ירקות 550 ג' סנפרוסט,"איי, בי, אינבוו",IL,סנפרוסט מרק ירקות 50,גרמים,500.00,100 גרם,false,,19.90,0.0398,true,1,26800
7290000103433,false,לקט ירקות לתנור סנפר,"איי, בי, אינבוו",IL,לקט ירקות לתנור 800,גרמים,800.00,100 גרם,false,,24.90,0.0311,true,1,26807
7290000103457,false,מיני כרובית סנפרוסט,"סנפרוסט בע""מ",IL,מיני כרובית 600 גרם,גרמים,600.00,100 גרם,false,,19.90,0.0332,true,1,26809
7290000103839,false,מרק כתום קפוא 570 ג' סנפרוסט,"סנפרוסט בע""מ",IL,סנפרוסט מרק כתום קפו,גרמים,572.00,100 גרם,false,,19.90,0.0348,true,1,26834
7290000103846,false,מרק אפונה 570 ג' סנפרוסט,"סנפרוסט בע""מ",IL,סנפרוסט מרק אפונה קפ,גרמים,570.00,100 גרם,false,,19.90,0.0349,true,1,26835
7290000103860,false,מרק עדשים קפוא 570 ג' סנפרוסט,"איי, בי, אינבוו",IL,סנפרוסט מרק עדשים קפ,גרמים,572.00,100 גרם,false,,19.90,0.0348,true,1,26836
7290000103877,false,מרק שעועית קפוא 640 ג' סנפרוסט,"סנפרוסט בע""מ",IL,סנפרוסט מרק שעועית ק,גרמים,644.00,100 גרם,false,,19.90,0.0309,true,1,26837
7290000104072,false,עדשים ירוקות מבושלות מוקפאות 800 ג' סנפרוסט,"איי, בי, אינבוו",IL,סנפרוסט עדשים ירוקות,גרמים,800.00,100 גרם,false,,21.70,0.0271,true,1,26841
7290000104201,false,סנפרוסט אפונה עדינה,"איי, בי, אינבוו",IL,אפונה עדינה סנפרוסט,גרמים,600.00,100 גרם,false,,19.90,0.0332,true,1,26844
7290000104225,false,בצל קצוץ סנפרוסט 600 ג',"סנפרוסט בע""מ",IL,בצל קצוץ סנפרוסט 600,גרמים,600.00,100 גרם,false,,19.90,0.0332,true,1,26846
7290000104676,false,אפונה קפואה סנפרוסט 800 גרם,"איי, בי, אינבוו",IL,אפונת גינה סנפרוסט 8,גרמים,800.00,100 גרם,false,,19.90,0.0249,true,1,26848
7290000104683,false,שעועית שלמה 800 ג' סנפרוסט,"סנפרוסט בע""מ",IL,שעועית שלמה סנפרוסט,גרמים,800.00,100 גרם,false,,23.90,0.0299,true,1,26849
7290000104706,false,גזר גמדי סנפרוסט 800ג',"סנפרוסט בע""מ",IL,גזר גמדי 800 גרם,גרמים,800.00,100 גרם,false,,19.50,0.0244,true,1,26851
7290000104737,false,שעועית צהובה חתוכה 800 ג' סנפרוסט,"סנפרוסט בע""מ",IL,שעועית צהובה חתוכה ס,גרמים,800.00,100 גרם,false,,20.90,0.0261,true,1,26854
7290000104751,false,כרוב ניצנים סנפרוסט 800 גרם,"איי, בי, אינבוו",IL,כרוב ניצנים 800גר,גרמים,800.00,100 גרם,false,,28.80,0.0360,true,1,26856
7290000104768,false,תרד עלים סנפרוסט 800 ג ',"איי, בי, אינבוו",IL,תרד עלים 800 גרם,גרמים,800.00,100 גרם,false,,29.40,0.0367,true,1,26857
7290000104799,false,שעועית לבנה מבושלת סנפרוסט 800גר,"איי, בי, אינבוו",IL,שעועית לבנה מבושלת 8,גרמים,800.00,100 גרם,false,,21.70,0.0271,true,1,26859
7290000104829,false,"קלחוני תירס 1 ק""ג סנפרוסט","סנפרוסט בע""מ",IL,"קלחוני תירס 1 ק""ג",קילוגרמים,1.00,"ק""ג",false,,19.90,19.9000,true,1,26861
7290000104881,false,אפונה וגזר קפוא סנפרוסט 800ג',"איי, בי, אינבוו",IL,אפונה וגזר 800 גרם ס,גרמים,800.00,100 גרם,false,,17.90,0.0224,true,1,26865
7290000104911,false,לקט נורמנדי סנפרוסט 800ג',"איי, בי, אינבוו",IL,לקט נורמנדי 800גר,גרמים,800.00,100 גרם,false,,24.90,0.0311,true,1,26867
7290000107189,false,תחתיות ארטישוק סנפרוסט 400גר,"איי, בי, אינבוו",IL,תחתיות ארטישוק 400גר,גרמים,400.00,100 גרם,false,,24.90,0.0622,true,1,26872
7290000107295,false,תפרחות ברוקולי סנפרוסט 800 ג',"איי, בי, אינבוו",IL,תפרחות ברוקולי 800ג,גרמים,800.00,100 גרם,false,,29.90,0.0374,true,1,26873
7290000110844,false,"כיפלי גריל בד""צ תלמה 70 ג'",יוניליור ישראל מזון,IL,חטיף כיפלי גריל 70 ג,גרמים,70.00,100 גרם,false,,6.90,0.0986,true,1,11136
7290000110851,false,"כיפלי בצל בד""צ תלמה 70 ג'",אתר שפע - Food,IL,"כיפלי בצל בד""ץ 70 גר",גרמים,70.00,100 גרם,false,,6.90,0.0986,true,1,11137
7290000111186,false,מיונז אמיתי תלמה 500 ג',יוניליוור ישראל מזון,IL,מיונז אמיתי תלמה 500,גרמים,500.00,100 גרם,false,,10.50,0.0210,true,1,11141
7290000111353,false,"מיונז אמיתי תלמה 1 ק""ג",יוניליוור ישראל מזון,IL,"מיונז 1 ק""ג",קילוגרמים,1.00,"ק""ג",false,,18.90,18.9000,true,1,11143
7290000112220,false,טחינה גולמית 100%בארכה 500ג',רושדי תעשיות מזון בע,IL,בארכה טחינה 100% שומ,גרמים,500.00,100 גרם,false,,15.90,0.0318,true,1,21243
7290000112237,false,"בארכה טחינה גולמית, 1 ק""ג",רושדי תעשיות מזון בע,IL,בארכה טחינה 100% שומ,קילוגרמים,1.00,"ק""ג",false,,30.70,30.7000,true,1,21244
7290000112503,false,מרק עשיר ירקות 61 ג' קנור,יוניליוור ישראל מזון,IL,מרק עשיר ירקות קנור,גרמים,61.00,100 גרם,false,,10.90,0.1787,true,1,11148
7290000121109,false,"גבינת מון בלאן זיתים, 120 ג'",האי נאם סי או אל.טי.,IL,מון בלאן זיתים 7% 12,גרמים,120.00,100 גרם,false,,12.90,0.1075,true,1,18300
7290000121147,false,גבינה מון בלאן לייט 7% פיקנטי 120ג',"שלושת האופים בע""מ",IL,מון בלאן פיקנטי 7% 1,גרמים,120.00,100 גרם,false,,12.90,0.1075,true,1,114868
7290000121154,false,"גבינת מון בלאן סלמון, 120 ג'",האי נאם סי או אל.טי.,IL,מון בלאן סלמון 7% 12,גרמים,120.00,100 גרם,false,,12.90,0.1075,true,1,18302
7290000125251,false,בדין שמפו כביסה עדינה 2ל',"זוהר דליה, קיבוץ דלי",IL,בדין שמפו לכביסה עדי,ליטרים,2.00,ליטר,false,,27.90,13.9500,true,1,11203
7290000129457,false,אבקת רוטב פטריות קנור 28 ג' שקית,יוניליוור ישראל מזון,IL,רוטב פטריות 28גר,גרמים,28.00,100 גרם,false,,5.50,0.1964,true,1,11211
7290000134314,false,תבלין תיבול לפיצה 120 ג',תות ממתקי איכות,IL,תערובת תיבול לפיצה ט,גרמים,120.00,100 גרם,false,,11.80,0.0983,true,1,49576
7290000134338,false,תבלין אבקת שום טעם ו,תבליני טעם וריח,IL,תבלין אבקת שום טעם ו,גרמים,90.00,100 גרם,false,,11.90,0.1322,true,1,49577
7290000134352,false,תבלין קינמון טחון 90 גר',תות ממתקי איכות,IL,טעם וריח קימנון טחון,גרמים,80.00,100 גרם,false,,11.80,0.1475,true,1,49578
7290000134376,false,תבלין פפריקה בשמן 90 גר',תות ממתקי איכות,IL,טעם וריח פפריקה בשמן,גרמים,90.00,100 גרם,false,,11.80,0.1311,true,1,49579
7290000134833,false,תבלין כמון טחון 100 גר',תות ממתקי איכות,IL,טעם וריח ת.כמון במיכ,גרמים,100.00,100 גרם,false,,12.80,0.1280,true,1,49589
7290000134857,false,תבלין פפריקה מתוקה 100 גר',תות ממתקי איכות,IL,טעם וריח ת.פפריקה מת,גרמים,100.00,100 גרם,false,,11.80,0.1180,true,1,49591
7290000135113,false,"משקה אנרגיה XL פחית ten נענע ליים 250 מ""ל",טמפו,IL,פחית XL TEN נענע ליי,מיליליטרים,250.00,"100 מ""ל",false,,4.90,0.0196,true,1,208942
7290000135151,false,"סודה נגיעות לימון ליים 275 מ""ל",טמפו משקאות בעמ,IL,סודה נגיעות לימון 27,מיליליטרים,275.00,"100 מ""ל",false,,3.50,0.0127,true,1,283808
7290000136141,false,משקה בטעם קולה 1.5ל' פפסי,פפסי Pepsi,IL,פפסי קולה 1.5 ליטר,ליטרים,1.50,ליטר,false,,8.50,5.6667,true,1,370327
7290000136158,false,פפסי מקס 1.5 ליטר פיקדון,פפסי Pepsi,IL,פפסי מקס 1.5 ליטר,ליטרים,1.50,ליטר,false,,8.50,5.6667,true,1,370344
7290000136189,false,דיאט סבן אפ 1.5 ליטר FREE,סבן אפ 7up,IL,סבן אפ דיאט 1.5 ליטר,ליטרים,1.50,ליטר,false,,8.50,5.6667,true,1,370262
7290000136585,false,משקה בטעם תפוזים תריסר 1.5 ל' ג'אמפ,ג'אמפ,IL,ג`אמפ תפוז 1.5 ליטר,ליטרים,1.50,ליטר,false,,8.90,5.9333,true,1,370043
7290000136646,false,משקה מאלט תריסר 1.5 ל' נשר,טמפו,IL,נשר מאלט 1.5 ליטר,ליטרים,1.50,ליטר,false,,9.90,6.6000,true,1,369933
7290000136660,false,סודה טמפו ליטר וחצי,טמפו,IL,טמפו סודה 1.5 ליטר,ליטרים,1.50,ליטר,false,,4.50,3.0000,true,1,370201
7290000136677,false,פפסי קולה פיקדון 1.5 ליטר,טמפו,IL,פפסי קולה 1.5 ליטר,ליטרים,1.50,ליטר,false,,8.50,5.6667,true,1,370328
7290000136684,false,פפסי מקס פיקדון 1.5 ליטר,טמפו,IL,פפסי מקס 1.5 ליטר,ליטרים,1.50,ליטר,false,,8.50,5.6667,true,1,370360
7290000136776,false,מארז פפסי מקס שישיה 1.5ל',פפסי Pepsi,IL,פפסי מקס 6*1.5 ליטר,ליטרים,9.00,ליטר,false,,42.90,4.7667,true,1,370345
7290000136790,false,מארז סודה שישייה 1.5 ל' טמפו,טמפו,IL,טמפו סודה 6*1.5 ליטר,ליטרים,9.00,ליטר,false,,19.60,2.1778,true,1,370093
7290000136844,false,מארז מים מזוככים אקווה נובה שישיית 2 ליטר,אקווה נובה Aqua Nova,IL,אקווה נובה 6*2 ליטר,ליטרים,12.00,ליטר,false,,12.90,1.0750,true,1,369977
7290000136851,false,סבן אפ פיקדון 1.5 ליטר,טמפו,IL,סבן אפ 1.5 ליטר,ליטרים,1.50,ליטר,false,,8.50,5.6667,true,1,370312
7290000136875,false,מארז מים מינרלים מוגז 6* 1.5 ל' סאן בנדטו,סאן בנדטו San Benedetto,IL,סאן בנדטו מים מינרלי,ליטרים,9.00,ליטר,false,,19.90,2.2111,true,1,370077
7290000137643,false,מאגדת שלגוני טעמקור 8 יח' שטראוס,"גלידת שטראוס בע""מ, ר",IL,שלגוני טעמקור 8יח,גרמים,416.00,100 גרם,false,,39.90,0.0959,true,1,4778
7290000144160,false,שמן זית כתית מעולה ארומתי מודגש 750מל,"מרקאולאו, ספרד.אבסה,",IT,שמן זית כתית מעולה א,מיליליטרים,750.00,"100 מ""ל",false,,37.90,0.0505,true,1,31513
7290000144467,false,שמן חמניות מועשר בנוגדי חמצון 1 ל' עץ הזית,"נארז ע""י : א.ג. גילר",GR,שמן חמניות בריאות מה,ליטרים,1.00,ליטר,false,,17.90,17.9000,true,1,31517
7290000144474,false,שמן קנולה בריאות מהטבע 1 ליטר,שמן תעשיות,EE,שמן קנולה בריאות עץ,ליטרים,1.00,ליטר,false,,17.90,17.9000,true,1,31518
7290000146928,false,"טום וגרי משחת שיניים בטעם ענבים 50 מ""ל",שוורצקוף& הנקל דיסלד,IL,משחת שיניים טעם ענבי,מיליליטרים,50.00,"100 מ""ל",false,,7.90,0.1580,true,1,8692
7290000148380,false,פיסטוקים קלויים קליי,"ג'י אנד ג'י בע""מ",IL,פיסטוק קלוי 200 גרם,גרמים,200.00,100 גרם,false,,21.90,0.1095,true,1,13901
7290000149851,false,סינטבון סבון מארז 460X2ג',יבואן ומשווק: ש. שסט,IL,סינטבון כפול 460גר,גרמים,460.00,100 גרם,false,,11.90,0.0259,true,1,31789
7290000149943,false,"טקסטיל שמפו-שקית 1 ק""ג",קריות זול,IL,טקסטיל שמפו-שקית 1 ק,קילוגרמים,1.00,"ק""ג",false,,15.90,15.9000,true,1,31791
7290000151885,false,נקניק הודו יחידה עוף טוב 700ג',עוף טוב,IL,נקניק הודו יחידה 700,גרמים,700.00,100 גרם,false,,19.00,0.0271,true,1,22003
7290000152943,false,פסטרמה כפרית +סלמי כפרי עוף טוב 350X2ג',מולינו ניקולי s.p.a,IL,עוף טוב סלמי פסטרמה,גרמים,700.00,100 גרם,false,,30.90,0.0441,true,1,22008
7290000168173,false,ברנפלקס קרנצים 375 ג' תלמה,יוניליור ישראל מזון,IL,ברנפלקס קרנצים תלמה,גרמים,375.00,100 גרם,false,,27.00,0.0720,true,1,67662
7290000170053,false,שוקולד פרה 100 ג' חלב.,"תופינית בע""מ",IL,שוקולד חלב פרה 100 ג,גרמים,100.00,100 גרם,false,,6.00,0.0600,true,1,24009
7290000174723,false,אבקת שוקולית עלית קופסא 500ג',הנסיך- מפעל לייצור ט,IL,שוקולית 500 גרם,גרמים,500.00,100 גרם,false,,13.90,0.0278,true,1,24017
7290000176079,false,קפה טורקי עם היל עלית 100 ג',הנסיך- מפעל לייצור ט,IL,טורקי עלית קפה עם הל,גרמים,100.00,100 גרם,false,,10.50,0.1050,true,1,24020
7290000176420,false,קפה נמס אבקתי 200ג עלית,שטראוס קפה בי.וי,IL,קפה נמס עלית פחית 20,גרמים,200.00,100 גרם,false,,21.90,0.1095,true,1,24026
7290000176468,false,קפה נמס נטול קפאין 50 ג' קפה האג,"איי, בי, אינבוו",IL,האג קפה נטול קפאין 5,גרמים,50.00,100 גרם,false,,10.90,0.2180,true,1,24027
7290000178707,false,חטיף תפוציפס טבעי 50,"שטראוס פריטו ליי בע""",IL,תפוציפס טבעי 50 גרם,גרמים,50.00,100 גרם,false,,4.50,0.0900,true,1,25322
7290000178721,false,חטיף תפוציפס טבעי 20,"שטראוס פריטו ליי בע""",IL,תפוציפס טבעי 200 גרם,גרמים,200.00,100 גרם,false,,10.90,0.0545,true,1,25324
7290000187921,false,נייר טואלט לבן 32 גלילים לילי,קימברלי קלארק ישראל,IL,"נייר טואלט ""לילי"" לב",מטרים,588.00,מטר,false,,44.90,0.0764,true,1,9604
7290000188270,false,קליניקס ממחטות אף אולטרא סופט 2*80 דף,חוגלה קימברלי,,קליניקס ממחטות אף או,יחידה,0.00,יחידה,false,,18.90,0.0000,true,1,114833
7290000188553,false,קוטקס - מגן תחתון סילק נורמל 60 יח',קימברלי קלארק,CN,מגן תחתון סילק נורמל,יחידה,0.00,יחידה,false,,17.90,0.0000,true,1,9615
7290000188591,false,קוטקס - מגן תחתון סילק יאנג 60 יח',קימברלי קלארק,CN,מגן תחתון סילק יאנג,יחידה,0.00,יחידה,false,,17.90,0.0000,true,1,9617
7290000189079,false,"ניקול תבניות אינגליש חזקות ועבות מארז, 7 יח'",בראבו,CN,ניקול תבניות אינגליש,יחידה,0.00,יחידה,false,,12.90,0.0000,true,1,9622
7290000189277,false,ניקול תבניות מלבניות 41*30*5.4,בראבו,,ניקול תבניות מלבניות,יחידה,0.00,יחידה,false,,12.90,0.0000,true,1,9631
7290000189482,false,ניקול תבנית אפייה מקרטון מרובעת 4יח',"דוקארט בעמ, קיבוץ כפ",IL,ניקול תבנית אפייה מק,יחידה,0.00,יחידה,false,,10.90,0.0000,true,1,9634
7290000189505,false,תבנית קרטון אפיה אינגליש ניקול 5יח',"דוקארט בעמ, קיבוץ כפ",IL,ניקול תבנית אפייה מק,יחידה,0.00,יחידה,false,,10.90,0.0000,true,1,9636
7290000189550,false,אשפתון 78X90 ענק ניקול 20יח',קריות זול,IL,אשפתון זוג ענק 20,יחידה,0.00,יחידה,false,,26.90,0.0000,true,1,9638
7290000189734,false,מטליות לחות לפרקט 10יח' ניקול,עלבד משואות יצחק בעמ,IL,ניקול מטליות לחות לפ,יחידה,0.00,יחידה,false,,21.40,0.0000,true,1,9644
7290000191539,false,ממחטות טישו לילי צבעוני חמישיה,חוגלה קימברלי,IL,לילי צבעוני חמישיה-9,יחידה,0.00,יחידה,false,,16.90,0.0000,true,1,9671
7290000191652,false,קלינקס ממחטות טישו אולטרא סופט מארז 90X3יח',חוגלה קימברלי,IL,קלינקס קלאסיק ניילון,יחידה,0.00,יחידה,false,,12.90,0.0000,true,1,9676
7290000193472,false,לילי מגני תחתון נטורל נורמל 60 יח',חוגלה קימברלי,IL,מגן תחתון נטורל נורמ,יחידה,0.00,יחידה,false,,18.50,0.0000,true,1,9688
7290000193540,false,לילי אינטימייט מגן תחתון לונג 52יח',חוגלה קימברלי,IL,מגן תחתון נטורל לונג,יחידה,0.00,יחידה,false,,18.50,0.0000,true,1,9690
7290000194288,false,משטחי החתלה האגיס פר,Ontex,,האגיס משטחי החתלה,יחידה,0.00,יחידה,false,,21.70,0.0000,true,1,9702
7290000196039,false,"מפות שולחן איריס ח""פ ניקול 2 יח'",קריות זול,IL,ניקול מפות שולחן זוג,יחידה,0.00,יחידה,false,,14.30,0.0000,true,1,9719
7290000197081,false,ניקול ניילון נצמד חסכון 150 מ',אופל,IL,ניילונית נצמד ניקול,מטרים,150.00,מטר,false,,30.90,0.2060,true,1,9727
7290000197326,false,רדיד אלומניום ניקול זוגי 30X7.5מ',קריות זול,IL,ניקול רדיד אלומיניום,מטרים,15.00,מטר,false,,12.90,0.8600,true,1,9735
7290000197432,false,שקיות אוכל סנדביצ'ון ניקול מארז 150X2יח',אשלפסט תעשיות בעמ,IL,ניקול שקיות אוכל זוג,יחידה,0.00,יחידה,false,,14.90,0.0000,true,1,9740
7290000197548,false,האגיס - פרידום דריי שלב 5 36 יח',קימברלי קלארק ישראל,IL,האגיס פרידום דריי של,יחידה,0.00,יחידה,false,,48.90,0.0000,true,1,9747
7290000197654,false,ניקול אשפתון שקיות אשפה ענקיות 45 יח',קריות זול,IL,אשפתון שקיות אשפה ענ,יחידה,0.00,יחידה,false,,21.90,0.0000,true,1,9748
7290000197951,false,ניקול תבנית אלומיניום ענק 3 יח',פאלאס,,ניקול תבנית אלומיניו,יחידה,0.00,יחידה,false,,10.90,0.0000,true,1,9754
7290000197999,false,רדיד אלומיניום עבה ניקול זוגי 30X7.5מ',קריות זול,IL,ניקול רדיד אלומיניום,מטרים,15.00,מטר,false,,17.90,1.1933,true,1,9756
7290000204215,false,ניקול כריות יפניות 6 יח',פלסטו פוליש (ברקן),IL,ניקול כריות יפניות 6,יחידה,0.00,יחידה,false,,12.90,0.0000,true,1,9792
7290000204512,false,מטליות לחות לרצפה בניחוח לימון 10 יח' ניקול,עלבד משואות יצחק בעמ,IL,מטליות לחות לרצפה בר,יחידה,0.00,יחידה,false,,12.50,0.0000,true,1,9796
7290000207063,false,רסק עגבניות פריכוז 28% 240 גרם יכין,היינץ צפון אמריקה מק,IL,רוטב עגבניות פריכוז,גרמים,240.00,100 גרם,false,,4.90,0.0204,true,1,9338
7290000207162,false,רוטב עגבניות מרכיב טבעי 100 ג' יכין,"זנלכל בע""מ",IL,רוטב עגבניות 100 גרם,גרמים,100.00,100 גרם,false,,2.50,0.0250,true,1,9341
7290000207438,false,עגבניות קוביות יכין 800 גר,"זנלכל בע""מ",IL,עגבניות לקוביות יכין,גרמים,800.00,100 גרם,false,,10.90,0.0136,true,1,9342
7290000208077,false,אפונת גינה גדולה 550 גרם יכין,"זנלכל בע""מ",IL,אפונת גינה גדולה L י,גרמים,335.00,100 גרם,false,,9.90,0.0296,true,1,9347
7290000208114,false,אפונת גינה וגזר 550 ג' יכין,"זנלכל בע""מ",IL,אפונת גינה וגזר יכין,גרמים,330.00,100 גרם,false,,9.90,0.0300,true,1,9350
7290000208138,false,סירופ ענבים דיאט יכי,"זנלכל בע""מ",IL,סירופ דייאט ענבים יכ,ליטרים,1.00,ליטר,false,,17.90,17.9000,true,1,9352
7290000208145,false,גרגרי תירס מתוק לייט A2 יכין 550 ג',"זנלכל בע""מ",IL,גרעיני תירס לייט יכי,גרמים,335.00,100 גרם,false,,9.90,0.0296,true,1,9353
7290000208213,false,שעועית לבנה אפויה A2 ברוטב עגבניות יכין 560ג',היינץ צפון אמריקה מק,IL,שעועית לבנה ברוטב עג,גרמים,355.00,100 גרם,false,,9.90,0.0279,true,1,9355
7290000208312,false,גרעיני תירס מתוק בואקום יכין 400 גר',"זנלכל בע""מ",IL,גרעיני תירס מתוק יכי,גרמים,400.00,100 גרם,false,,7.90,0.0198,true,1,9360
7290000208329,false,גרעיני תירס מתוק A2 יכין 550ג',"זנלכל בע""מ",IL,גרעיני תירס מתוק יכי,גרמים,335.00,100 גרם,false,,9.90,0.0296,true,1,9361
7290000208336,false,רסק עגבניות 22% יכין 240ג',"זנלכל בע""מ",IL,רוטב עגבניות יכין 24,גרמים,240.00,100 גרם,false,,5.50,0.0229,true,1,9362
7290000208428,false,חומוס שלם יכין 550גר,"זנלכל בע""מ",IL,חומוס שלם יכין 550 ג,גרמים,290.00,100 גרם,false,,9.90,0.0341,true,1,9367
7290000208893,false,תירס מתוק לייט יכין,היינץ צפון אמריקה מק,IL,תירס לייט יכין 400 ג,גרמים,400.00,100 גרם,false,,6.90,0.0173,true,1,9376
7290000208930,false,עגבניות מרוסקות בתוספת שום 240 ג' יכין,"זנלכל בע""מ",IL,עגבניות מרוסקות עם ש,גרמים,260.00,100 גרם,false,,6.50,0.0250,true,1,9377
7290000208978,false,רסק עגבניות פריכוז 100 גרם,היינץ צפון אמריקה מק,IL,רוטב עגבניות פריכוז,גרמים,100.00,100 גרם,false,,3.90,0.0390,true,1,9379
7290000209043,false,מיץ לימון משומר 1 ל' יכין,היינץ צפון אמריקה מק,IL,מיץ לימון משומר יכין,ליטרים,1.00,ליטר,false,,5.90,5.9000,true,1,9382
7290000209371,false,שלישיית תירס קטן יכי,היינץ צפון אמריקה מק,IL,תירס שלישיה יכין 3*1,גרמים,495.00,100 גרם,false,,15.90,0.0321,true,1,9393
7290000209524,false,סירופ דייאט פטל יכין,זנלכל,IL,סירופ דייאט פטל יכין,ליטרים,1.00,ליטר,false,,17.90,17.9000,true,1,9397
7290000209708,false,עגבניות מרוסקות עם בזיליקום 240 גרם יכין,היינץ צפון אמריקה מק,IL,עגבניות מרוסקות בזיל,גרמים,260.00,100 גרם,false,,6.50,0.0250,true,1,9403
7290000209944,false,רוטב לעגבניות בסיס לשקשוקה 240 ג' יכין,"זנלכל בע""מ",IL,רוטב לעגבניות לשקשוק,גרמים,260.00,100 גרם,false,,6.50,0.0250,true,1,9408
7290000209951,false,רוטב עגבניות לפיצה 240 גרם יכין,"זנלכל בע""מ",IL,רוטב עגבניות לפיצה י,מיליליטרים,260.00,"100 מ""ל",false,,6.50,0.0250,true,1,9409
7290000209968,false,רוטב עגבניות ללזניה יכין 240 גרם,"זנלכל בע""מ",IL,רוטב ללזניה יכין 240,גרמים,260.00,100 גרם,false,,6.50,0.0250,true,1,9410
7290000211169,false,"אורז תאילנדי אחד אחד סוגת 1 ק""ג",האי נאם סי או אל.טי.,IL,אורז תאילנדי 1 ק'ג,קילוגרמים,1.00,"ק""ג",false,,7.90,7.9000,true,1,19363
7290000211312,false,סוגת אורז מלא פרסי אחד אחד 1 קג,האי נאם סי או אל.טי.,IL,אורז מלא אחד אחד 1קג,קילוגרמים,1.00,"ק""ג",false,,9.90,9.9000,true,1,19364
7290000211442,false,"סוגת אורז פרסי קלאסי שקית 1 ק""ג",האי נאם סי או אל.טי.,IL,סוגת אורז פרסי קלאסי,קילוגרמים,1.00,"ק""ג",false,,11.90,11.9000,true,1,19367
7290000211503,false,סוכר לבן ארוז בשקית,"סוגת תעשיות בע""מ",IL,"סוכר סוגת לבן 1 ק""ג",קילוגרמים,1.00,"ק""ג",false,,4.90,4.9000,true,1,19368
7290000211985,false,"אורז ריזוטו עגול סוגת 1 ק""ג","סוגת תעשיות בע""מ",IL,סוגת אורז עגול 1קג,קילוגרמים,1.00,"ק""ג",false,,12.90,12.9000,true,1,19371
7290000238029,false,"בצק עלים צרפתי מרודד מעדנות 1ק""ג",מיוצר עי קונדיטוריית,IL,"בצק עלים 1ק""ג",קילוגרמים,1.00,"ק""ג",false,,24.90,24.9000,true,1,38980
7290000238036,false,מלאווח 6יח' מעדנות 700ג',מיוצר עי קונדיטוריית,IL,מעדנות מלווח 700גר,גרמים,700.00,100 גרם,false,,18.90,0.0270,true,1,38981
7290000243566,false,"שמן קנולה בריאות 750 מ""ל",שמן תעשיות,EE,שמן קנולה בריאות עץ,מיליליטרים,750.00,"100 מ""ל",false,,12.90,0.0172,true,1,31525
7290000245799,false,סוד סופט מרכך כביסה כחול 4 ליטר,"הנקל סוד בע""מ",IL,מרכך כביסה סוד כחול,ליטרים,4.00,ליטר,false,,18.90,4.7250,true,1,38218
7290000253220,false,שוקולד צ'יפס חום אופנהיימר 260 גר',אופנהיימר,IL,שוקולד צ'יפס אופנהיי,גרמים,260.00,100 גרם,false,,13.90,0.0535,true,1,14776
7290000253374,false,מיני שוקולד צ'יפס - נטיפי שוקולד מריר,אופנהיימר,IL,מיני שוקולד צ'יפס או,גרמים,250.00,100 גרם,false,,16.90,0.0676,true,1,499853
7290000254066,false,פילה אמנון 5-7 קפוא,,,פילה אמנון 5-7 קפוא,קילוגרמים,1.00,"ק""ג",true,,29.90,29.9000,true,1,497124
7290000255806,false,פילה לברק טרי במגשית,,,לברק פילה טרי במגש.,קילוגרמים,1.00,"ק""ג",true,,139.90,139.9000,true,1,449397
7290000255981,false,פילה דניס טרי במגשית,,,דניס פילה טרי במגש,קילוגרמים,1.00,"ק""ג",true,,129.90,129.9000,true,1,449381
7290000267500,false,קליפות הדר מצופות בשוקולד,שקדיה,,קליפות הדר בציפוי שו,גרמים,200.00,100 גרם,false,,11.90,0.0595,true,1,5259
7290000272726,false,חומץ טבעי 5% עסיס 1 ל' אסם,בית השיטה עסיס תעשיו,IL,חומץ טבעי 5% עסיס 1,ליטרים,1.00,ליטר,false,,7.50,7.5000,true,1,21254
7290000286228,false,כרית קרצוף לכלים סנו סושי 6יח',סנו מפעלי ברונו בעמ,IL,סנו סושי שישיות כריו,יחידה,0.00,יחידה,false,,12.90,0.0000,true,1,31794
7290000286297,false,"סנו אנטי קאלק מסיר אבן מקומקום 700 מ""ל",סנו מפעלי ברונוס בעמ,IL,סנו מסיר אבן מקומקום,מיליליטרים,700.00,"100 מ""ל",false,,12.90,0.0184,true,1,31795
7290000286298,false,פילה דג סלמון נורווג,,,פילה דג סלמון נורווג,קילוגרמים,1.00,"ק""ג",true,,79.90,79.9000,true,1,483530
7290000286947,false,פילה דג סלמון נורווג,,,פילה דג סלמון נורווג,קילוגרמים,1.00,"ק""ג",true,,89.90,89.9000,true,1,485948
7290000287195,false,"סנו רהיט ספריי עשיר בווקס להברקה 305 מ""ל",מיוצר עי קונדיטוריית,IL,סנו רהיט ספריי עשיר,מיליליטרים,305.00,"100 מ""ל",false,,16.90,0.0554,true,1,31815
7290000287430,false,סנובון צבעוני לאסלה בריח לימון שלישייה,סנו מפעלי ברונו בעמ,IL,סנובון שלישיה צבעוני,גרמים,165.00,100 גרם,false,,12.90,0.0782,true,1,31818
7290000288017,false,ז'אוול אקונומיקה 1ל'-לימון,"סנו מפעלי ברונוס בע""",IL,סנו זאוול 1ליטר לימו,ליטרים,1.00,ליטר,false,,8.90,8.9000,true,1,31830
7290000288024,false,סנו - ז'אוול אקונומיקה בריח לימון 4 ליטר,"סנו מפעלי ברונוס בע""",IL,סנו ז'אוול בריח לימו,ליטרים,4.00,ליטר,false,,17.90,4.4750,true,1,31831
7290000288031,false,סנו אקונומיקה 4 ליטר תו תקן,"סנו מפעלי ברונוס בע""",IL,סנו אקנומיקה 4 ל,ליטרים,4.00,ליטר,false,,12.90,3.2250,true,1,31832
7290000288079,false,סנו - ז'אוול אקונומיקה לימון 2 ליטר,"סנו מפעלי ברונוס בע""",IL,סנו זאוול בריח לימון,ליטרים,2.00,ליטר,false,,13.90,6.9500,true,1,31834
7290000288086,false,"סנו ז'אוול אבקת ואקונומיקה לימון 600 מ""ל",מיוצר עי קונדיטוריית,IL,אבקת ניקוי ג'אוול לי,גרמים,600.00,100 גרם,false,,12.90,0.0215,true,1,114922
7290000288727,false,"אבקת כביסה מקסימה מאסק 1.25 ק""ג סנו",קריות זול,IL,סנו מקסימה מאסק 1.25,קילוגרמים,1.25,"ק""ג",false,,15.90,12.7200,true,1,31849
7290000288840,false,סנו - מים מזוקקים 2 ליטר,סנו,IL,מים מזוקקים 2 ליטר,ליטרים,2.00,ליטר,false,,14.90,7.4500,true,1,31850
7290000289069,false,סנו - ז'אוול מרסס קצף ניקוי בתוספת אקונומיקה בריח לימון 1 ליטר,"סנו מפעלי ברונוס בע""",IL,סנו ג'אוול מרסס לימו,ליטרים,1.00,ליטר,false,,19.90,19.9000,true,1,31853
7290000289472,false,סנו סושי שקיות 76*90 50 יח' XXL,מיוצר עי קונדיטוריית,IL,סנו סושי שקיות HD 76,יחידה,0.00,יחידה,false,,21.90,0.0000,true,1,31855
7290000291963,false,סנו ז'אוול סמיכה לימון 1 ל',סנו,IL,סנו ז'אוול סמיכה לימ,יחידה,0.00,יחידה,false,,8.90,0.0000,true,1,31867
7290000292533,false,ג'ל סנו כחול לניקוי כללי 1 ליטר,קריות זול,,סנו ג'ל לניקוי כללי,ליטרים,1.00,ליטר,false,,17.90,17.9000,true,1,31872
7290000292557,false,סנומט מלוי נוזלי דוחה יתושים 45 לילות,טרופיקל דגיל תעשיות,IT,סנומט 45 נוזל מילוי,יחידה,0.00,יחידה,false,,19.90,0.0000,true,1,31874
7290000293073,false,מרכך כביסה מקסימה ביו לבן 4 ל' סנו,"סנו מפעלי ברונוס בע""",IL,מרכך כביסה סנו מקסימ,ליטרים,4.00,ליטר,false,,23.90,5.9750,true,1,31879
7290000293561,false,"סנו מסיר עובש 750 מ""ל","סנו מפעלי ברונוס בע""",IL,סנו מסיר עובש 750מל,מיליליטרים,750.00,"100 מ""ל",false,,15.90,0.0212,true,1,31883
7290000293943,false,סנו אנטי קאלק מסיר אבנית וחלודה 1ל',מיוצר עי קונדיטוריית,IL,סנו אנטי קאלק+מתז 1,ליטרים,1.00,ליטר,false,,20.90,20.9000,true,1,31885
7290000295299,false,כרית קרצוף יפניות סנו סושי 4 יח',סנו מפעלי ברונו בעמ,IL,כריות יפניות סנו סוש,יחידה,0.00,יחידה,false,,12.90,0.0000,true,1,31894
7290000295503,false,סנו סושי שקיות אוכל מתכלות זוג *150 יח',אשפלסט תעשיות,CN,סנו סושי צמד שקיות א,יחידה,0.00,יחידה,false,,15.90,0.0000,true,1,31900
7290000295558,false,רדיד אלומיניום סנו סושי זוגי 30X7.5מ',מולינו ניקולי s.p.a,CN,צמד רדיד אלומיניום ק,מטרים,15.00,מטר,false,,12.90,0.8600,true,1,31902
7290000295572,false,"סנו מנקה אסלות 00 זוג * 750 מ""ל",מיוצר עי קונדיטוריית,IL,מנקה אסלות 00 צמד,ליטרים,1.50,ליטר,false,,21.90,14.6000,true,1,31904
7290000300900,false,טבעול שניצל תירס 8*750גרם רכיבים טבעיים,עיצובים 2020 (4.8),IL,שניצל תירס טבעול רכי,גרמים,750.00,100 גרם,false,,27.90,0.0372,true,1,22054
7290000305882,false,יונה אס דגים עם ירק ברוטב 120ג,סטארקיסט פודור בעמ,IL,אס דגים עם ירקות ברו,גרמים,120.00,100 גרם,false,,6.90,0.0575,true,1,28421
7290000313160,false,עוגיות חברים זהבה ו-3 הדובים שוקו' אסם 250 גר',היינץ צפון אמריקה מק,IL,חברים זהבה ושלושת הד,גרמים,250.00,100 גרם,false,,9.50,0.0380,true,1,119854
7290000313184,false,עוגיות חברים גן חיות וניל אסם 250 גר',הגביע מוצרי וופלים ב,IL,חברים ביסקויט גן חיו,גרמים,250.00,100 גרם,false,,9.50,0.0380,true,1,21256
7290000313290,false,אסם נודלס נודלס אטריות מסולסלות 200גר,תאי פרזידנט פוד בנגק,TH,נודלס אטריות מסולסלו,יחידה,200.00,יחידה,false,,10.90,0.0545,true,1,21258
7290000327075,false,סודה בטעם למון ליים בקבוק 6*500 מל,טמפו,IL,סודה בטעם למון ליים,ליטרים,3.00,ליטר,false,,16.90,5.6333,true,1,413774
7290000332329,false,פילה סלמון טרי במגש,,,פילה סלמון טרי במגש,קילוגרמים,1.00,"ק""ג",true,,119.90,119.9000,true,1,59757
7290000332343,false,אמנון שלם טרי במגש,,,אמנון שלם טרי במגש,קילוגרמים,1.00,"ק""ג",true,,49.90,49.9000,true,1,59758
7290000332367,false,פילה בורי טרי במגש,,,פילה בורי טרי במגש,קילוגרמים,1.00,"ק""ג",true,,97.90,97.9000,true,1,59760
7290000334684,false,טבעות בצל 700 ג' תפוגן,"תעשיות תפוגן בע""מ",IL,טבעות בצל 700 גרם,גרמים,700.00,100 גרם,false,,19.90,0.0284,true,1,22067
7290000334745,false,"אמריקאן צ'יפס תפוגן 1.5 ק""ג","תעשיות תפוגן בע""מ",IL,"אמריקאן ציפס 1.5 ק""ג",קילוגרמים,1.50,"ק""ג",false,,29.90,19.9333,true,1,114882
7290000345215,false,תה ויסוצקי קלאסיק 100/1 כחול מעודן,מולינו ניקולי s.p.a,IL,תה ויסוצקי קלאסיק 10,גרמים,100.00,100 גרם,false,,20.90,0.2090,true,1,26032
7290000345260,false,תה ויסוצקי קלאסיק 25X1.50יח',מולינו ניקולי s.p.a,IL,תה ויסוצקי קלאסיק 25,גרמים,37.50,100 גרם,false,,8.80,0.2347,true,1,26033
7290000345284,false,תה ויסוצקי קלאסיק טעם עשיר 100/1.5יח',מולינו ניקולי s.p.a,IL,תה ויסוצקי 1.5 קלאסי,גרמים,150.00,100 גרם,false,,20.90,0.1393,true,1,26035
7290000346021,false,חליטת קמומיל הגן הקס,בית ויסוצקי,IL,תה קמומיל 50 שקיקים,גרמים,75.00,100 גרם,false,,37.90,0.5053,true,1,26044
7290000346120,false,תה ויסוצקי חליטת קסם הקינמון 25יח',קריות זול,IL,תה קסם הקנמון 25 שקי,גרמים,62.50,100 גרם,false,,19.90,0.3184,true,1,26045
7290000346168,false,תה ויסוצקי חליטת שומר הגן הקסום 25יח',קריות זול,IL,תה חליטת שומר גן קסו,גרמים,37.50,100 גרם,false,,19.90,0.5307,true,1,26049
7290000347752,false,תה ירוק לימונית ולואיזה 25 שקיקים *1.5 ג'' ויסוצקי,קריות זול,IL,תה ירוק לימונית ולוא,גרמים,37.50,100 גרם,false,,26.90,0.7173,true,1,26061
7290000364261,false,דקניקים סלסולי כתף בקר 120 ג' טירת צבי,הנסיך- מפעל לייצור ט,IL,סלסולי כתף בקר 120 ג,גרמים,120.00,100 גרם,false,,15.90,0.1325,true,1,26718
7290000364278,false,דקניקים סילסולי סלמי איטלקי 120 ג' טירת צבי,הנסיך- מפעל לייצור ט,IL,סלסולי סלמי איטלקי מ,גרמים,120.00,100 גרם,false,,15.90,0.1325,true,1,26719
7290000364285,false,דקניקים סלסולי פסטרמה הודו 120 ג' טירת צבי,הנסיך- מפעל לייצור ט,IL,טירת צבי סלסולי פסטר,גרמים,120.00,100 גרם,false,,15.90,0.1325,true,1,26720
7290000364872,false,נקניקיות עוף טירת צבי 400 ג',טיב טירת צבי 2000,IL,נקניקיות עוף 400 גרם,גרמים,400.00,100 גרם,false,,13.90,0.0348,true,1,26727
7290000367590,false,צמד כפרי סלמי+פסטרמה 800 גרם טירת צבי,טיב טירת צבי 2000,IL,צמד כפרי נק.סלמי+פסט,גרמים,800.00,100 גרם,false,,29.90,0.0374,true,1,26730
7290000369037,false,סלט קוביות בולגרית 200 ג' ניצן,נטורל קייקס,IL,ניצן פטה קוביות בטעמ,גרמים,200.00,100 גרם,false,,17.90,0.0895,true,1,6785
7290000369365,false,גבינה בולגרית למריחה,"ניצן מותגי מזון בע""מ",,ניצן גבינה מתובלת 9%,גרמים,200.00,100 גרם,false,,15.70,0.0785,true,1,6787
7290000369617,false,כדורי מעדן גבינה בשמן 225 ג' ניצן,"ניצן מותגי מזון בע""מ",IL,ניצן כדורי פטה בשמני,גרמים,150.00,100 גרם,false,,19.70,0.1313,true,1,6788
7290000369709,false,ממרח חמאה בטעם שום 1,"ניצן מותגי מזון בע""מ",,ניצן חמאה ט.שונים 10,גרמים,100.00,100 גרם,false,,14.60,0.1460,true,1,6789
7290000377612,false,"מיץ סחוט תפוזים פריגת 400 מ""ל",גת גבעת חיים,IL,פריגת סחוט תפוזים 40,מיליליטרים,400.00,"100 מ""ל",false,,10.90,0.0273,true,1,7085
7290000385074,false,אסאדו עגל כשר ארוז ט,,,אסאדו עגל כשר ארוז ט,קילוגרמים,1.00,"ק""ג",true,,49.90,49.9000,true,1,49804
7290000385098,false,מוזה {שריר} כשר ארוז,,,מוזה {שריר} כשר ארוז,קילוגרמים,1.00,"ק""ג",true,,69.90,69.9000,true,1,49805
7290000385128,false,צלי כתף עגל כשר טרי,,,צלי כתף עגל כשר טרי,קילוגרמים,1.00,"ק""ג",true,,89.90,89.9000,true,1,49806
7290000385142,false,פילה מדומה כשר ארוז,,,פילה מדומה כשר ארוז,קילוגרמים,1.00,"ק""ג",true,,79.90,79.9000,true,1,49807
7290000385159,false,קוביות לגולש כשר ארו,,,קוביות לגולש כשר ארו,קילוגרמים,1.00,"ק""ג",true,,79.90,79.9000,true,1,49808
7290000408316,false,דנונה ביו יוגורט טבעי 3% 200 ג',מיוצר עי קונדיטוריית,IL,דנונה טבעי 3% 200מל,מיליליטרים,200.00,"100 מ""ל",false,,3.90,0.0195,true,1,24746
7290000408354,false,יוגורט עם אורז מצופה שוקולד קקאו 175 ג' דנונה,"שטראוס בריאות בע""מ",IL,דנונה קראנצ' פצפוצים,מיליליטרים,175.00,"100 מ""ל",false,,4.90,0.0280,true,1,24747
7290000412481,false,סנו - מנקה אסלות 00 1 ליטר,מיוצר עי קונדיטוריית,IL,מנקה אסלות 1 ליטר 00,ליטרים,1.00,ליטר,false,,8.90,8.9000,true,1,31911
7290000416021,false,ממרח שוקולד השחר חלבי 500 גר',השחר העולה,IL,ממרח שוקולד השחר 500,גרמים,500.00,100 גרם,false,,15.90,0.0318,true,1,31060
7290000416632,false,"ממרח שוקולד השחר פרווה 1ק""ג",השחר העולה תעשית ממת,IL,ממרח שוקולד פרווה הש,קילוגרמים,1.00,"ק""ג",false,,27.90,27.9000,true,1,31073
7290000420325,false,פופ קורן טבעי למיקרוגל 5 יח',קריות זול,US,פופסטאר פופקורן טבעי,גרמים,500.00,100 גרם,false,,17.50,0.0350,true,1,6371
7290000420332,false,פופ קורן חמאה למיקרוגל 5יח',קריות זול,US,פופסטאר פופקורן חמאה,גרמים,500.00,100 גרם,false,,17.50,0.0350,true,1,6372
7290000430102,false,"שקיות קרח 2 ק""ג ""מר אייס""",אייס קיוב,,שקיות קרח 2 ק`ג,קילוגרמים,2.00,"ק""ג",false,,10.70,5.3500,true,1,33588
7290000432663,false,נרות שבת מס 10 180 ג,"פאלאס בע""מ",,נרות שבת מס 10 180 ג,יחידה,0.00,יחידה,false,,4.90,0.0000,true,1,40151
7290000432670,false,נרות שבת מס 12 180 ג,,,נרות שבת מס 12 180 ג,יחידה,0.00,יחידה,false,,4.90,0.0000,true,1,40152
7290000447085,false,רצועות שוארמה כשר אר,,,רצועות שוארמה כשר אר,קילוגרמים,1.00,"ק""ג",true,,89.90,89.9000,true,1,49813
7290000447139,false,רצועות להקפצה כשר אר,,,רצועות להקפצה כשר אר,קילוגרמים,1.00,"ק""ג",true,,89.90,89.9000,true,1,49815
7290000447146,false,שניצל עגל כשר ארוז,,,שניצל עגל כשר ארוז,קילוגרמים,1.00,"ק""ג",true,,99.90,99.9000,true,1,49816
7290000453019,false,שמרים טריים לאפייה שקית שמרית 50 ג',"פאקא תעשיות בע""מ",IL,שמרית שמרים טריים לא,גרמים,50.00,100 גרם,false,,4.90,0.0980,true,1,24748
7290000453125,false,שמרית שמרים טריים לאפייה +משפר אפייה 100ג,"פאקא תעשיות בע""מ",IL,שמרית שמרים טריים לא,גרמים,100.00,100 גרם,false,,8.50,0.0850,true,1,24749
7290000453408,false,בצק פיצה דק מצונן ומוכן לאפייה שמרית,"פאקא תעשיות בע""מ",GR,שמרית בצק פיצה דק מצ,גרמים,415.00,100 גרם,false,,17.90,0.0431,true,1,164280
7290000453415,false,בצק עלים מצונן ומוכן לאפייה שמרית,"פאקא תעשיות בע""מ",FR,שמרית בצק עלים מצונן,גרמים,300.00,100 גרם,false,,16.90,0.0563,true,1,198160
7290000453422,false,בצק פילו מצונן ומרודד מוכן לאפיה,"פאקא תעשיות בע""מ",GR,שמרית בצק פילו מוכן,גרמים,300.00,100 גרם,false,,16.90,0.0563,true,1,164281
7290000453866,false,נטורינה קוקוס לאפייה שמרית 200ג',גרונבאנג- גרונדנסק א,DK,נטורינה קוקוס שטראוס,גרמים,200.00,100 גרם,false,,8.50,0.0425,true,1,106282
7290000453897,false,מרגרינה בטעם חמאה שימרית 200 ג',גרונבאנג- גרונדנסק א,IL,מרגרינה בטעם חמאה 20,גרמים,200.00,100 גרם,false,,5.50,0.0275,true,1,24751
7290000461793,false,בייגלה ארוך ארוך סידרה ירוקה 200גר,בייגל את בייגל מזון,IL,ביגלה ארוך ארוך דל ש,גרמים,150.00,100 גרם,false,,6.90,0.0460,true,1,119020
7290000462172,false,סחוג ירוק חריף מאוד מ.ירוק 150 גרם,קריניסה ויטמין אס אי,IL,סחוג ירוק חריף מאוד,גרמים,150.00,100 גרם,false,,8.90,0.0593,true,1,24754
7290000474090,false,חלב הומוגני 1% קרטון טרה 1ל',מילקו תעשיות בעמ,IL,טרה חלב בקרטון 1% 1ל,ליטרים,1.00,ליטר,false,,5.86,5.8600,true,1,7093
7290000474502,false,גבינה לבנה 5% 250ג' טרה מהדרין,קריות זול,IL,טרה גבינה לבנה 5% 25,גרמים,250.00,100 גרם,false,,4.98,0.0199,true,1,7102
7290000474540,false,גבינה טוב טעם 3% טרה 250ג' מהדרין,קריות זול,IL,טוב טעם גבינה 3% 250,גרמים,250.00,100 גרם,false,,11.70,0.0468,true,1,7103
7290000474830,false,גבינה צהובה מגורדת 28% שומן 500 ג' נעם,מילקו תעשיות בעמ,IL,נעם גבינה צהובה מגור,גרמים,500.00,100 גרם,false,,33.60,0.0672,true,1,7104
7290000480442,false,קוואקר שיבולת שועל שקית 500 גר',פריטו ליי FRITO-LAY,IL,שיבולת שועל בשקית קו,גרמים,500.00,100 גרם,false,,14.90,0.0298,true,1,25328
7290000481074,false,לחם משלושה קמחים מלאים 750 גר,,,לחם טריו מלא דגנית 7,גרמים,750.00,100 גרם,false,,21.90,0.0292,true,1,460120
7290000481180,false,לחם מחמצת שאור דגנית,,,לחם מחמצת שאור דגנית,גרמים,550.00,100 גרם,false,,19.90,0.0362,true,1,516208
7290000481517,false,פוקצות 2יח עם שמן זי,,,שתי פוקאצ'ות עם שמן,גרמים,320.00,100 גרם,false,,13.90,0.0434,true,1,520038
7290000481883,false,דגנית עין בר מארז לחמניות 10 יח'*75 ג',יוניליוור גרמניה Gm,IL,10 לחמניות דגנית,גרמים,750.00,100 גרם,false,,14.90,0.0199,true,1,5076
7290000482019,false,שקיות קוקי רגיל צליה 10יח',"ש. שסטוביץ בע""מ",IL,שקיות קוקי רגיל 10יח,יחידה,0.00,יחידה,false,,14.90,0.0000,true,1,23410
7290000482033,false,שקיות קוקי ענק בתנור ובמיקרוגל 5 יח,הנסיך- מפעל לייצור ט,IL,שקיות קוקי ענק בתנור,יחידה,0.00,יחידה,false,,14.90,0.0000,true,1,23411
7290000483139,false,חטיף מרציפן גולמי המ,"המרשלג פרלינס בע""מ",IL,המרשלג חטיף מרציפן ג,גרמים,100.00,100 גרם,false,,10.90,0.1090,true,1,14781
7290000484747,false,עראק עלית 700 מל 40% כהל,יקב הגליל שווק בעמ,IL,"עלית הארק 40% 700 מ""",מיליליטרים,700.00,"100 מ""ל",false,,60.90,0.0870,true,1,31152
7290000493176,false,אבקת רוטב צלי לבשר 22ג' אסם,"אסם השקעות בע""מ",IL,אסם אבקת רוטב צלי לב,גרמים,22.00,100 גרם,false,,4.00,0.1818,true,1,21294
7290000493183,false,אבקת רוטב פיטריות 30 ג' אסם,"אסם השקעות בע""מ",IL,אסם אבקת רוטב פטריות,גרמים,30.00,100 גרם,false,,4.00,0.1333,true,1,21295
7290000496780,false,פילה אמנון 5-7 80% ק,,,פילה אמנון 5-7 80% ק,קילוגרמים,1.00,"ק""ג",true,,34.90,34.9000,true,1,496429
7290000504025,false,סוכרזית פטריה 300 טבליות,אף.סי תבליני בגליל ב,IL,סוכרזית פטריה 300 טב,גרמים,246.00,100 גרם,false,,10.90,0.0443,true,1,24048
7290000504278,false,סוכרזית - קלאסי פטנט 700 טבליות,אף.סי תבליני בגליל ב,IL,סוכרזית פטנט 700 טבל,גרמים,574.00,100 גרם,false,,16.90,0.0294,true,1,24053
7290000521022,false,יין של סגל לבן חצי י,"מיוצר ע""י כרמי צבי-",IL,סגל לבן חצי יבש 750,מיליליטרים,750.00,"100 מ""ל",false,,22.90,0.0305,true,1,10226
7290000521404,false,"יין מרום גליל קברנה סוביניון סינגל 750 מ""ל",כרמי צבי אחים סגל בע,IL,מרום גליל סינגל קברנ,מיליליטרים,750.00,"100 מ""ל",false,,42.90,0.0572,true,1,10235
7290000522166,false,חלב הרים עמיד נטול ל,"מחלבות רמת הגולן בע""",IL,חלב הרים טהור נ.לקטו,ליטרים,1.00,ליטר,false,,11.50,11.5000,true,1,7111
7290000523125,false,מלח הארץ הים האדום 250 ג' עדין,חברת מלח הארץ אילת ב,IL,מלח ים יבש הארץ 250,גרמים,250.00,100 גרם,false,,6.90,0.0276,true,1,26063
7290000523521,false,מלח ים מועשר ביוד 250 ג' מלח הארץ,חברת מלח הארץ אילת ב,IL,מלח מעושר ביוד הארץ,גרמים,250.00,100 גרם,false,,7.90,0.0316,true,1,26066
7290000530086,false,נקניק סלמי מעושן 600 ג' זוגלובק,נקניק נהריה כשר זוגל,IL,סלמי מעושן 7000 א.מ.,גרמים,600.00,100 גרם,false,,38.90,0.0648,true,1,42664
7290000530291,false,נקניק מבשר הודו קטן 800 ג' זוגלובק,נקניק נהריה כשר זוגל,IL,זוגלובק נקניק מבשר ה,גרמים,800.00,100 גרם,false,,22.90,0.0286,true,1,42668
7290000530468,false,נקניקיות וינר זוגלוב,,,נקניקיות וינר טרי 1ק,קילוגרמים,1.00,"ק""ג",false,,32.90,32.9000,true,1,42670
7290000530598,false,נקניקיות וינר 500 ג' טרי זוגלובק,נקניק נהריה כשר זוגל,IL,נקניקיות וינר טרי זו,גרמים,500.00,100 גרם,false,,16.90,0.0338,true,1,42673
7290000537566,false,נקניקיות עוף טרי 400 ג' זוגלובק,נקניק נהריה כשר זוגל,IL,נקניקיות עוף טרי 400,גרמים,400.00,100 גרם,false,,13.90,0.0348,true,1,42699
7290000537603,false,נקניקיות עוף זוגלובק,זוגלובק,IL,"נקנקיות עוף 1 ק""ג -ז",קילוגרמים,1.00,"ק""ג",false,,32.90,32.9000,true,1,42700
7290000552194,false,קישקע קפוא 500 גרם,טיבון ויל אחזקות בעמ,IL,קישקע קפוא 500 גרם,גרמים,500.00,100 גרם,false,,17.90,0.0358,true,1,18313
7290000552989,false,בשר טחון מובחר טיבון 500 ג',"טיבון ויל אחזקות בע""",IL,בשר עגל טחון קפוא 50,גרמים,500.00,100 גרם,false,,22.90,0.0458,true,1,18319
7290000554457,false,גבינה צפתית 5% 350 גרם - רבנות,"מחלבות גד בע""מ",IL,גד צפתית מיני 5% 350,גרמים,350.00,100 גרם,false,,24.30,0.0694,true,1,15444
7290000554471,false,גבינת מוצרלה 22% נקניק 180ג' גד,"מחלבות גד בע""מ",IL,גד מוצרלה נקניק טבעי,גרמים,180.00,100 גרם,false,,19.80,0.1100,true,1,15445
7290000554532,false,גבינה צפתית מעודנת במלח ים 5% 200 ג' גד,הנסיך- מפעל לייצור ט,IL,גד צפתית מעודנת במלח,גרמים,200.00,100 גרם,false,,16.90,0.0845,true,1,15446
7290000554600,false,מוצרלה מגורדת 18% 300 גרם - רובין,מחלבות גד בעמ,IL,גד מוצרלה מגורדת %18,גרמים,300.00,100 גרם,false,,28.40,0.0947,true,1,15447
7290000554624,false,ירח מתוק 3% 150 גרם רובין,"מיוצר ע""י קוד יצרן E",IL,גד ירח מתוק 150מל,גרמים,150.00,100 גרם,false,,7.00,0.0467,true,1,15448
7290000554686,false,לאבנה שמן זית וזעתר 5% 250 גרם - רבנות,מחלבות גד בעמ,IL,גד לאבנה בשמן זית וז,גרמים,250.00,100 גרם,false,,17.20,0.0688,true,1,15449
7290000554822,false,גבינת ריקוטה טבעי 5% שומן 250 ג' גד,מחלבות גד בעמ,IL,גד ריקוטה טבעי 5% 25,גרמים,250.00,100 גרם,false,,16.40,0.0656,true,1,15450
7290000554839,false,שמנת מתוקה קשה בסגנון איטלקי 40% שומן 250 ג' גד,מחלבות גד בעמ,IL,גד מסקרפונה 40% 250ג,גרמים,250.00,100 גרם,false,,23.40,0.0936,true,1,15451
7290000561097,false,תערובת פיצוחים מובחר,,,תערובת פיצוחים 150 ג,גרמים,150.00,100 גרם,false,,17.90,0.1193,true,1,131302
7290000561202,false,גרעיני חמנייה 200 גר,,,גרעין חמניה קלוי 200,גרמים,200.00,100 גרם,false,,7.90,0.0395,true,1,1611
7290000561240,false,גרעין דלעת קלוי 200ג,,,גרעין דלעת קלוי 200ג,גרמים,200.00,100 גרם,false,,10.90,0.0545,true,1,1614
7290000571393,false,יוגורמה יוגורט כבשים,גבינות משק אחים מאיר,IL,יוגורמה יוגורט כבשים,גרמים,140.00,100 גרם,false,,7.40,0.0529,true,1,27383
7290000574028,false,לחם שחור מועשר פלוס 750 גר'.,יוניליוור גרמניה Gm,IL,לחם אחיד פרוס מועשר,גרמים,750.00,100 גרם,false,,8.90,0.0119,true,1,198049
7290000574035,false,לחם אחיד פרוס 750ג' דגנית עין בר,יוניליוור גרמניה Gm,IL,לחם אחיד פרוס דגנית,גרמים,750.00,100 גרם,false,,7.11,0.0095,true,1,5082
7290000574141,false,לחם חיטה מלא 750ג' דגנית עין בר,דגנית עין בר תעשיות,IL,לחם חיטה מלאה דגנית,גרמים,750.00,100 גרם,false,,15.90,0.0212,true,1,5089
7290000574172,false,לחם קל מחיטה מלאה 750 ג' דגנית עין בר,יוניליוור גרמניה Gm,IL,לחם קל חיטה מלאה דגנ,גרמים,750.00,100 גרם,false,,15.90,0.0212,true,1,5091
7290000574370,false,לחם שיפון אמיתי קל 750 ג' דגנית עין בר,יוניליוור גרמניה Gm,IL,לחם שיפון אמיתי קל ד,גרמים,750.00,100 גרם,false,,16.50,0.0220,true,1,5100
7290000574455,false,לחם חיטה מלא פלוס כוסמין 750 ג' דגנית עין בר,דגנית עין בר,IL,לחם חיטה מלא+כוסמין,גרמים,750.00,100 גרם,false,,15.90,0.0212,true,1,5104
7290000604343,false,תמר דקל נור 400 גר,פרי וירק טמרה ושותפי,,תמר דקל נור 400גר,גרמים,400.00,100 גרם,false,,12.90,0.0323,true,1,55597
7290000611228,false,פילה עוף טרי ארוז ע.עוז,,,פילה עוף טרי ארוז,קילוגרמים,1.00,"ק""ג",true,,35.90,35.9000,true,1,41505
7290000611280,false,עוף טרי ארוז ע.עוז,,,עוף שלם טרי ארוז,קילוגרמים,1.00,"ק""ג",true,,19.90,19.9000,true,1,41508
7290000611299,false,פילה נסיכת הנילוס 50,,,פילה נסיכת הנילוס 50,קילוגרמים,1.00,"ק""ג",true,,69.90,69.9000,true,1,470915
7290000611839,false,שוקיים פטם ארוז ע.עוז,,,שוקיים עוף טרי ארוז,קילוגרמים,1.00,"ק""ג",true,,34.90,34.9000,true,1,41518
7290000611846,false,כרעיים עוף טרי ארוז ע.עוז,,,כרעיים עוף טרי ארוז.,קילוגרמים,1.00,"ק""ג",true,,29.90,29.9000,true,1,41519
7290000611853,false,כנפיים עוף טרי ארוז ע.עוז,,,כנפיים עוף טרי ארוז,קילוגרמים,1.00,"ק""ג",true,,12.90,12.9000,true,1,41520
7290000611860,false,חזה עוף טרי ארוז ע.עוז,,,חזה עוף שלם טרי ארוז,קילוגרמים,1.00,"ק""ג",true,,34.90,34.9000,true,1,41521
7290000611877,false,ירכיים עוף טרי ארוז ע.עוז,,,ירכיים עוף טרי ארוז,קילוגרמים,1.00,"ק""ג",true,,29.90,29.9000,true,1,41522
7290000614528,false,צלי כתף מס' 5 חלק אר,,,צלי כתף מס' 5 חלק אר,קילוגרמים,1.00,"ק""ג",true,,69.90,69.9000,true,1,386260
7290000652542,false,פילה אמנון 5-7 100% דג,,CN,פילה אמנון 5-7 100%,קילוגרמים,1.00,"ק""ג",true,,39.90,39.9000,true,1,255622
7290000654546,false,פילה אמנון 7-9 100% דג,תנובה,IL,פילה אמנון 7-9 100%,קילוגרמים,1.00,"ק""ג",true,,39.90,39.9000,true,1,255637
7290000655376,false,פילה דניס קפוא 100%,,TR,פילה דניס קפוא,קילוגרמים,1.00,"ק""ג",true,,89.90,89.9000,true,1,64109
7290000659312,false,דגי תנובה פילה סלומון קפוא בוואקום,PEQUERA DEL,,דגי תנובה פילה סלמון,קילוגרמים,1.00,"ק""ג",true,,79.90,79.9000,true,1,27987
7290000662817,false,סלמון מעושן 100 גרם נורבגי,,צ'ילה (TDE),סלמון מעושן פרוס 100,גרמים,100.00,100 גרם,false,,21.90,0.2190,true,1,296691
7290000663036,false,פילה אמנון ללא עור 100% דג,תנובה,IL,פילה אמנון ללא עור 1,קילוגרמים,1.00,"ק""ג",true,,44.90,44.9000,true,1,321648
7290000663098,false,שווארמה ריב אנטריקוט,,,שווארמה אנטריקוט 300,גרמים,300.00,100 גרם,false,,37.90,0.1263,true,1,305716
7290000663104,false,שווארמה פרגית להקפצה,תנובה,IL,שווארמה פרגית להקפצה,גרמים,300.00,100 גרם,false,,37.90,0.1263,true,1,305717
7290000688084,false,מים מינרליים פקק ספו,מופק ממקור בזלתי עדן,IL,מי עדן 1/2 ליטר ספור,מיליליטרים,500.00,"100 מ""ל",false,,3.50,0.0070,true,1,12209
7290000688381,false,מי עדן פקק ספורט 6*500 מל.,"מי עדן בע""מ",IL,מי עדן פקק ספורט 6*5,ליטרים,3.00,ליטר,false,,15.90,5.3000,true,1,12213
7290000688503,false,מים מינרליים מי עדן,"מי עדן בע""מ",IL,מי עדן ג'ים 6*750מל,ליטרים,4.50,ליטר,false,,18.90,4.2000,true,1,12215
7290000692210,false,אג'קס ניקוי כללי לוונדר 2ל',הנסיך- מפעל לייצור ט,GR,אג'קס ניקוי כללי ורצ,ליטרים,2.00,ליטר,false,,24.90,12.4500,true,1,23415
7290000910291,false,פלפל צ`ילי,,,פלפל צ`ילי,גרמים,100.00,100 גרם,false,,7.90,0.0790,true,1,55602
7290000993294,false,עגבניות שרי לובלו 46,,,עגבניות שרי לובלו 46,גרמים,460.00,100 גרם,false,,12.90,0.0280,true,1,456205
7290001041147,false,חומוס גדול יבש מיה 1 ק'ג,מיה,IL,חומוס 1 ק'ג,קילוגרמים,1.00,"ק""ג",false,,13.90,13.9000,true,1,52569
7290001041192,false,"עדשים אדומים יבשים מיה 1 ק""ג",מיה,IL,עדשים אדומות 1 ק'ג,קילוגרמים,1.00,"ק""ג",false,,13.90,13.9000,true,1,52574
7290001041208,false,"עדשים ירוקים יבשים מיה 1 ק""ג",מיה,IL,עדשים ירוקות 1 ק'ג,קילוגרמים,1.00,"ק""ג",false,,13.90,13.9000,true,1,52575
7290001041994,false,"סוכר חום דמררה מיה 1 ק""ג",מיה תעשיות מזון,IL,סוכר זהב דמררה צנצנת,קילוגרמים,1.00,"ק""ג",false,,11.90,11.9000,true,1,15664
7290001045169,false,פרימור סחוט תפוחי עץ צלול 1 ל',"גניר (1992) בע""מ",IL,פרימור מיץ תפוחים צל,ליטרים,1.00,ליטר,false,,17.20,17.2000,true,1,24760
7290001123775,false,שווארמה פרגיות 500 ג',"טיבול ויל אחזקות בע""",IL,שווארמה פרגיות 500 ג,גרמים,500.00,100 גרם,false,,26.90,0.0538,true,1,18325
7290001136287,false,"נקה 7 - שמפו רגיל ירוק 750 מ""ל","קוסמופארם בעמ, ח.פ 5",IL,שמפו רגיל ירוק נקה 7,מיליליטרים,750.00,"100 מ""ל",false,,12.90,0.0172,true,1,31914
7290001136294,false,"שמפו נקה 7 לשיער יבש אדום 750מ""ל",גוד פוד פרודקטס S.p,IL,שמפו יבש אדום נקה 7,מיליליטרים,750.00,"100 מ""ל",false,,12.90,0.0172,true,1,31915
7290001193792,false,"שלהבת שמן זית למאור מנצסטר בד`ץ רובין, 1 יח'",,,שמן זית למאור מנצסטר,יחידה,0.00,יחידה,false,,22.90,0.0000,true,1,54111
7290001201510,false,ביצים 30 יח בינוני ל,לסר,IL,30 ביצים M מ.לסר,יחידה,0.00,יחידה,false,,27.87,0.0000,true,1,14637
7290001201589,false,ביצים 12 יח גדול לסר,לסר,IL,12 ביצים L מ.לסר,יחידה,0.00,יחידה,false,,12.05,0.0000,true,1,14640
7290001201596,false,ביצים 12 יח בינוני ל,לסר,IL,12 ביצים M מ.לסר,יחידה,0.00,יחידה,false,,11.15,0.0000,true,1,14641
7290001201824,false,ביצים לארג' אורגניות 12 יח',לסר,IL,12 ביצים L אורגני מ,יחידה,0.00,יחידה,false,,23.90,0.0000,true,1,14648
7290001201855,false,ביצים לארג' אומגה 12 יח',לסר,IL,12ביצים L אומגה 3 מ,יחידה,0.00,יחידה,false,,22.90,0.0000,true,1,96925
7290001201862,false,ביצים לארג' חופש 12 יח',לסר,IL,12 ביצים חופש L מ. ל,יחידה,0.00,יחידה,false,,19.90,0.0000,true,1,14650
7290001216040,false,טחינת אל ארז 500 גרם,דולפין ספא,IL,טחינה אל ארז 100% שו,גרמים,500.00,100 גרם,false,,18.90,0.0378,true,1,38170
7290001216231,false,טחינה גולמית שומשום מלא אל ארז 500ג',דולפין ספא,IL,טחינה מלאה 100% שומש,גרמים,500.00,100 גרם,false,,19.90,0.0398,true,1,38178
7290001230331,false,סיגריות כאמל בוקס חפ,Unknown,,כאמל בוקס קופסא בודד,יחידה,0.00,יחידה,false,,33.00,0.0000,false,1,4635
7290001230739,false,כאמל קופסא בודדת כחו,Unknown,,כאמל קופסא בודדת כחו,יחידה,0.00,יחידה,false,,33.00,0.0000,false,1,4636
7290001231932,false,סיגריות וינסטון כחול,Unknown,,וינסטון קופסא בודדת,יחידה,0.00,יחידה,false,,34.00,0.0000,false,1,4640
7290001245705,false,אקונומיקה מבושמת טאצ' 4 ליטר,סאסאטק,IL,אקונומיקה מבושמת 4 ל,ליטרים,4.00,ליטר,false,,10.90,2.7250,true,1,153775
7290001247068,false,נקטר ספרינג תות בננה קרטונית 1 ל',"יפאורה תבורי בע""מ",IL,ספרינג תות בננה קרטו,ליטרים,1.00,ליטר,false,,7.90,7.9000,true,1,12218
7290001247129,false,נקטר ספרינג תפוזים קרטונית 1 ל',"יפאורה תבורי בע""מ",IL,ספרינג תפוז קרטונית,ליטרים,1.00,ליטר,false,,7.90,7.9000,true,1,12224
7290001274934,false,פופסיקל גלידה לימון 640 ג',הגלידות של פלדמן,IL,פופסיקל בטעם לימון 8,גרמים,640.00,100 גרם,false,,29.90,0.0467,true,1,39652
7290001305188,false,פלמוליב כלים שקוף לימון 750 בקבוק חדש,יבואן ומשווק: ש. שסט,GR,פלמוליב לכלים פריחת,מיליליטרים,750.00,"100 מ""ל",false,,12.90,0.0172,true,1,23428
7290001407813,false,חלבה שאמית פיסטוק בקטנה בארכה 350ג',רושדי תעשיות מזון בע,IL,חלבה שאמית וניל עם פ,גרמים,350.00,100 גרם,false,,15.90,0.0454,true,1,21310
7290001407844,false,חלווה קלאסית וניל בארכה 350גר,רושדי תעשיות מזון בע,IL,חלבה קלאסית וניל באר,גרמים,350.00,100 גרם,false,,19.20,0.0549,true,1,21313
7290001419618,false,וופל בלגי עלמה שחור לבן וניל 200ג',גילרו,,וופל עלמה בלגי שוקו,גרמים,200.00,100 גרם,false,,4.90,0.0245,true,1,121609
7290001427033,false,מיץ תפוחים סחוט טבעי,"פריניב בע""מ",IL,קשת מיץ תפוחים טבעי,ליטרים,1.00,ליטר,false,,17.90,17.9000,true,1,49422
7290001461495,false,פילסברי מארז חמישיית,פילסברי,,פילסברי מארז חמישיית,יח',1.00,יח',false,,12.90,12.9000,true,1,118188
7290001461860,false,עשיריית פיתות פילסבר,,,עשיריית פיתות פילסבר,יח',1.00,יח',false,,13.70,13.7000,true,1,118048
7290001491096,false,תה ירוק בתוספת לימונית ולואיזה 50 שקיקים ויסוצקי,קריות זול,IL,תה ירוק בתוספת לימונ,גרמים,75.00,100 גרם,false,,49.50,0.6600,true,1,26071
7290001591710,false,המבורגר אנגוס 600 ג' טיבון ויל,,,המבורגר אנגוס טיבון,גרמים,600.00,100 גרם,false,,24.90,0.0415,true,1,417185
7290001591734,false,מרגז נקנקיה בסגנון מרוקאי 500 ג' טיבון ויל,,,נקניקיות מרגז בסגנון,גרמים,500.00,100 גרם,false,,24.90,0.0498,true,1,417187
7290001594155,false,קוקה קולה בקבוק 500מ,החברה המרכזית לייצור,IL,קוקה קולה 500מל,מיליליטרים,500.00,"100 מ""ל",false,,7.90,0.0158,true,1,7128
7290001594186,false,"קוקה קולה דיאט בקבוק 500מ""ל",החברה המרכזית לייצור,IL,קוקה קולה דיאט 500,מיליליטרים,500.00,"100 מ""ל",false,,7.90,0.0158,true,1,7130
7290001594377,false,פריגת משקה תפוזים 50,מבשלות בירה בינלאומי,IL,פריגת משקה תפוזים 50,מיליליטרים,500.00,"100 מ""ל",false,,7.90,0.0158,true,1,7603
7290001594520,false,"בירה טובורג בקבוק 330מ""ל",מבשלות בירה בינלאומי,IL,טובורג רד בקבוק פקדו,מיליליטרים,330.00,"100 מ""ל",false,,8.90,0.0270,true,1,7607
7290001594810,false,"בירה שחורה מאלטי בקב' מארז 330X6מ""ל",קרלסברג ישראל,,מאלטי טובורג בקבוק 6,ליטרים,1.98,ליטר,false,,36.30,18.3333,true,1,118689
7290001594865,false,"קרלסברג בירה בקבוק 6* 330 מ""ל",קרלסברג ישראל,IL,קרלסברג בירה בקבוק 6,ליטרים,1.98,ליטר,false,,44.90,22.6768,true,1,7616
7290001670057,false,כפיות חד פעמי 100 יח,הנמל אריזות ושיווק ב,IL,.סכום ח.פ.כפיות 100י,יחידה,0.00,יחידה,false,,13.90,0.0000,true,1,8324
7290001696729,false,פקאן טבעי 100 גרם,,,פקאן טבעי 100 גרם,גרמים,100.00,100 גרם,false,,16.90,0.1690,true,1,1641
7290001817728,false,צ'יטוס חטיף כאפה קטשופ 55 גרם,"שטראוס פריטו ליי בע""",IL,ציטוס כאפה 55 גרם,גרמים,55.00,100 גרם,false,,3.90,0.0709,true,1,25332
7290001865453,false,פמלי לקשרי 1ליטר לבנדר ארומטי+משאבה,מיוצר עי קונדיטוריית,TR,סבון נוזלי לבנדר+ מש,יחידה,0.00,יחידה,false,,11.90,0.0000,true,1,6401
7290002007357,false,שקיות צליה דליקטס מיקרוגל הנמל 10 יח',הנמל,IL,שקיות לצליה דליקטס מ,יחידה,0.00,יחידה,false,,5.90,0.0000,true,1,8356
7290002007982,false,מזלגות חד פעמי 100 י,הנמל אריזות ושיווק ב,IL,מזלגות חד פעמי 100 י,יחידה,0.00,יחידה,false,,13.90,0.0000,true,1,8374
7290002008187,false,קשים לשתיה מתקפלים 40 יח',"איטיליאן פוד, אס.פי.",CN,קש לשתיה מתקפל 40יח,יחידה,0.00,יחידה,false,,2.50,0.0000,true,1,8388
7290002008354,false,מפת מגן נילון לשולחן,"איטיליאן פוד, אס.פי.",IL,מפת מגן נילון לשולחן,יחידה,0.00,יחידה,false,,11.90,0.0000,true,1,8396
7290002008989,false,קישקשים קשים לשתיה 225יח הנמל,הנמל אריזות ושיווק ב,CN,קישקשים 225 יח,יחידה,0.00,יחידה,false,,10.90,0.0000,true,1,8414
7290002053538,false,נודלס בסגנון תאילנדי 25% תוספת 400 ג',,,נודלס אוריינט 400 גר,גרמים,500.00,100 גרם,false,,14.90,0.0298,true,1,197407
7290002057123,false,זיתים חרוזית ירוק A2 יבנה 540ג',קריות זול,IL,זיתים חרוזית ירוק קב,גרמים,275.00,100 גרם,false,,10.90,0.0396,true,1,30141
7290002057352,false,מלפפון במלח 7-9 560 ג' יבנה,אף.סי תבליני בגליל ב,IL,מלפפונים במלח 7-9 ק,גרמים,560.00,100 גרם,false,,7.90,0.0141,true,1,30150
7290002057376,false,מלפפון במלח ‏17‏-‏13‏ 560 ג' יבנה,קבוצת יבנה,IL,מלפפון במלח 13-17 קב,גרמים,560.00,100 גרם,false,,10.90,0.0195,true,1,30152
7290002065555,false,לחמניה אנג'ל ארוכה שקית 6יח,מאפיית שלמה א. אנג'ל,IL,6 לחמניות רכות אנגל,גרמים,450.00,100 גרם,false,,11.90,0.0264,true,1,70150
7290002107491,false,גבינת עזים למריחה טבעי 5% צוריאל 250 ג',מחלבת משק צוריאל,IL,צוריאל גבינת עזים למ,גרמים,250.00,100 גרם,false,,15.90,0.0636,true,1,7140
7290002111085,false,רסק עגבניות 22% 100 גר' פרי מבורך,זנלכל,IL,רוטב עגבניות 22% פרי,גרמים,100.00,100 גרם,false,,2.50,0.0250,true,1,9421
7290002111764,false,שעועית לבנה אפויה פרי מבורך 600 ג',זנלכל,IL,שעועית לבנה ברוטב עג,גרמים,580.00,100 גרם,false,,9.90,0.0171,true,1,9434
7290002129455,false,פיצה איטלקית XL שלוש,,,פיצה איטלקית 450 ג,גרמים,450.00,100 גרם,false,,21.90,0.0487,true,1,119538
7290002157953,false,מארז נתחי טונה בהירה בשמן קנולה - 4 יחידות,דיאמנט פוד פרודקט,TH,טונה בשמן קנולה וילי,גרמים,560.00,100 גרם,false,,23.90,0.0427,true,1,18369
7290002204169,true,אגס נאשי מארז,,,אגס נאשי מארז,גרמים,500.00,100 גרם,false,,14.90,0.0298,true,1,480584
7290002253006,false,דורות שום כתוש טרי 200 גרם,עיצובים 2020 (3.8),IL,דורות שום כתוש טרי 2,גרמים,200.00,100 גרם,false,,17.90,0.0895,true,1,22082
7290002253105,false,מגשית קוביות שום טרי דורות 80 ג',עיצובים 2020 (3.8),IL,דורות מגשית קוביות ש,גרמים,80.00,100 גרם,false,,14.90,0.1863,true,1,22085
7290002253167,false,פטרוזליה קצוצה דורות 70 גר',עיצובים 2020 (3.8),IL,פטרוזליה טרייה קצוצה,גרמים,70.00,100 גרם,false,,11.90,0.1700,true,1,22087
7290002253174,false,קוביות שמיר קצוץ דור,עיצובים 2020 (3.8),IL,שמיר טרי קצוץ 70 גרם,גרמים,70.00,100 גרם,false,,11.10,0.1586,true,1,22088
7290002253198,false,ג'ינג'ר טרי כתוש במגשית 70 ג' דורות,עיצובים 2020 (3.8),IL,דורות ג'ינג'ר טרי כת,גרמים,70.00,100 גרם,false,,12.30,0.1757,true,1,22090
7290002253235,false,רוטב פסטו דורות 160 ג',עיצובים 2020 (3.8),IL,דורות רוטב פסטו 160,גרמים,160.00,100 גרם,false,,12.80,0.0800,true,1,22091
7290002255161,false,"קרפלך במילוי תפו""א ק",,,"קרפלך במילוי תפו""א ק",גרמים,800.00,100 גרם,false,,23.90,0.0299,true,1,118818
7290002263562,false,מיץ לימון משומר תבלי,,,מיץ לימון משומר תבלי,מיליליטרים,200.00,"100 מ""ל",false,,7.60,0.0380,true,1,230120
7290002317128,false,מלפפון 560ג במלח 10-12 A2 מטולה,שימורי מוטולה,IL,מלפפון במלח 10-12 מו,גרמים,560.00,100 גרם,false,,12.50,0.0223,true,1,25665
7290002317135,false,מלפפון 560ג במלח 13-17 A2 מטולה,שימורי מוטולה,IL,מלפפון במלח 13-17 מו,גרמים,560.00,100 גרם,false,,12.50,0.0223,true,1,25666
7290002317265,false,מלפפון 650ג במלח +20% 7-9 A2 מטולה,שימורי מוטולה,IL,מלפפון במלח 20% 7-9,גרמים,670.00,100 גרם,false,,11.40,0.0170,true,1,25675
7290002317289,false,חצילים כבושים מוטול,שימורי מוטולה,IL,חצילים מוטולה 560 גר,גרמים,560.00,100 גרם,false,,10.90,0.0195,true,1,25676
7290002317326,false,זיתים מנזולינו 12-15 +20% 670ג A2 מטולה,שימורי מוטולה,IL,זיתים מנזלינו 20% 12,גרמים,670.00,100 גרם,false,,12.50,0.0187,true,1,25680
7290002319016,false,אבקת אפיה מיה מארז 10X10 ג',מיה תעשיות מזון בעמ,IL,אבקת אפיה 10 יח' מיה,גרמים,100.00,100 גרם,false,,2.90,0.0290,true,1,52590
7290002319023,false,סוכר וניל מיה עשיריו,מיה תעשיות מזון בעמ,IL,1/10 סוכר וניל,גרמים,100.00,100 גרם,false,,3.50,0.0350,true,1,52591
7290002319061,false,קוקוס טחון מיה 100 ג,מיה,IL,.קוקוס טחון 100 גר.,גרמים,100.00,100 גרם,false,,4.50,0.0450,true,1,52594
7290002319078,false,שומשום מיה 100 גרם,מיה,IL,שומשום 100ג,גרמים,100.00,100 גרם,false,,4.90,0.0490,true,1,52595
7290002319122,false,גריסים יבשים מיה 500 גר',מיה,IL,גריסים מיה 500 גרם,גרמים,500.00,100 גרם,false,,5.90,0.0118,true,1,15671
7290002319184,false,עדשים אדומים יבשים מיה 500 גר',מיה,IL,עדשים אדומים מיה 500,גרמים,500.00,100 גרם,false,,9.90,0.0198,true,1,52602
7290002319191,false,עדשים ירוקים יבשים מיה 500 גר',מיה,IL,עדשים ירוקים מיה 500,גרמים,500.00,100 גרם,false,,7.90,0.0158,true,1,52603
7290002319207,false,כוסמת מיה 500 גרם,מיה,IL,כוסמת מיה 500 גרם,גרמים,500.00,100 גרם,false,,9.90,0.0198,true,1,52604
7290002319221,false,חיטה מיה 500 גרם,מיה,IL,חיטה מיה 500 גרם,גרמים,500.00,100 גרם,false,,6.50,0.0130,true,1,52606
7290002319771,false,"תמצית אפיה וניל 50מ""ל מיה",מיה תעשיות מזון בעמ,IL,תמצית אפיה וניל,מיליליטרים,50.00,"100 מ""ל",false,,2.90,0.0580,true,1,52632
7290002319788,false,"תמצית אפיה רום 50 מ""ל מיה",מיה תעשיות מזון,IL,תמצית אפיה רום,מיליליטרים,60.00,"100 מ""ל",false,,2.90,0.0483,true,1,15676
7290002319825,false,אבקת סוכר מיה 100גרם,מיה תעשיות מזון,IL,.אבקת סוכר 100 גר. ב,גרמים,100.00,100 גרם,false,,2.90,0.0290,true,1,52634
7290002327073,false,בורקס גבינה 800 גר' שלושת האופים קהילות,שלושת האופים,IL,בורקס גבינה 800 גרם,גרמים,800.00,100 גרם,false,,22.90,0.0286,true,1,119546
7290002331025,false,"מים מינרלים נביעות ספורט 500 מ""ל פקדון",נביעות טבע הגליל בעמ,IL,נביעות 1/2 ליטר ספור,מיליליטרים,500.00,"100 מ""ל",false,,4.90,0.0098,true,1,7147
7290002331094,false,"נביעות+ מים טעם ענבים 755מ""ל",נביעות טבע הגליל בעמ,IL,755מל מים מינרלים TO,מיליליטרים,755.00,"100 מ""ל",false,,5.50,0.0073,true,1,7148
7290002331476,false,"נביעות בייבי מים מינרלים 250מ""ל",נביעות,,"נביעות בייבי 320 מ""ל",מיליליטרים,320.00,"100 מ""ל",false,,2.80,0.0087,true,1,7634
7290002345022,false,אנטריקוט דק דק אל גאצ'ו 250ג' מינוט,"טיבון ויל אחזקות בע""",IL,אנטריקוט דקדק 250 ג,גרמים,250.00,100 גרם,false,,15.90,0.0636,true,1,109814
7290002348238,false,אננס חתוך 820 ג' ויליגר,טיפקו,TH,לפתן אננס חתוך ויליג,גרמים,830.00,100 גרם,false,,7.90,0.0095,true,1,224720
7290002353836,false,סרדין רוברט בשמן זית 120 ג',קונסרבס פורטוגל נורט,PT,סרדינים רוברט בשמן ז,גרמים,120.00,100 גרם,false,,10.90,0.0908,true,1,18407
7290002371533,false,דקניקים סלסולי פסטרמה בדבש 120 ג' טירת צבי,הנסיך- מפעל לייצור ט,IL,טירת צבי סלסולי פסטר,גרמים,120.00,100 גרם,false,,15.90,0.1325,true,1,26734
7290002371540,false,דקניקים קורנדביף 120 ג' טירת צבי,הנסיך- מפעל לייצור ט,IL,טירת צבי קורנדביף דק,גרמים,120.00,100 גרם,false,,15.90,0.1325,true,1,26735
7290002374312,false,שמן קנולה מילומור 1 ליטר,"נארז ע""י : א.ג. גילר",EE,שמן קנולה מילומור 1,ליטרים,1.00,ליטר,false,,12.90,12.9000,true,1,31532
7290002374640,false,שמן קנולה פלוס אומגה 3 1ל' עץ הזית,שמן תעשיות,IL,שמן קנולה פלוס אומגה,ליטרים,1.00,ליטר,false,,18.90,18.9000,true,1,31534
7290002543237,false,קלוגס קורנפלקס 750גר,קלוגס קומפני אוף גרי,DE,קורנפלקס קלוגס 750 ג,גרמים,750.00,100 גרם,false,,16.90,0.0225,true,1,5957
7290002608363,false,לחמניית המבורגר פרמי,,,לחמניות המבורגר פרימ,יח',1.00,יח',false,,6.90,6.9000,true,1,250023
7290002627210,false,"גפילטעפיש קציצות מדגי קרפיון וכסיף 560 גר' בעל""ז",האי נאם סי או אל.טי.,IL,גפילטע פיש בצנצנת דל,גרמים,560.00,100 גרם,false,,13.90,0.0248,true,1,210353
7290002692393,false,שמן קנולה מועשר עץ ה,שמן תעשיות,IL,שמן קנולה מועשר עץ ה,ליטרים,1.00,ליטר,false,,17.90,17.9000,true,1,31537
7290002692478,false,"שמן זית כתית מעולה קלאסי מעודן 750 מ""ל עץ הזית","מרקאולאו, ספרד.אבסה,",IT,שמן זית כתית מעולה מ,מיליליטרים,750.00,"100 מ""ל",false,,37.90,0.0505,true,1,31539
7290002692782,false,"תרסיס מופחת קלוריות זית 200 מ""ל עץ הזית",י.ב טכנולוגיות אריזה,IL,תרסיס שמן זית עץ הזי,מיליליטרים,200.00,"100 מ""ל",false,,19.90,0.0995,true,1,31548
7290002703358,false,צנצנת דבש עין חרוד 3,עין חרוד,IL,צנצנת דבש עין חרוד 3,גרמים,350.00,100 גרם,false,,18.90,0.0540,true,1,39249
7290002703655,false,סילאן 100% טבעי עין,,,סילאן 100% טבעי עין,גרמים,385.00,100 גרם,false,,13.90,0.0361,true,1,155100
7290002730262,false,פלמוליב כלים שקוף קלאסי 750 בקבוק חדש,יבואן ומשווק: ש. שסט,GR,פלמוליב לכלים קלאסי,מיליליטרים,750.00,"100 מ""ל",false,,12.90,0.0172,true,1,23438
7290002730941,false,בלונס צמר גפן פרוס 100גר',הנסיך- מפעל לייצור ט,GR,צמר גפן פרוס בלונס 1,גרמים,100.00,100 גרם,false,,7.90,0.0790,true,1,23449
7290002735021,false,ינון גחנון ארוז 750גר,ג'נרל מילס סאן אדריא,IL,ינון גחנון ארוז 750,גרמים,750.00,100 גרם,false,,14.90,0.0199,true,1,69002
7290002735113,false,בורקס גבינה ינון 800 גר,,,בורקס גבינה ינון 800,גרמים,800.00,100 גרם,false,,16.90,0.0211,true,1,120144
7290002752332,false,"סוכריות מנטוס פירות בגליל, 37.5 גרם",הדקלאים אגודת שיתופי,NL,מנטוס .סוכריות פירות,גרמים,37.50,100 גרם,false,,4.50,0.1200,true,1,13913
7290002757139,false,מלוואח 700 גר' שלושת האופים קהילות,שלושת האופים,IL,שלושת האופים מלוואח,גרמים,700.00,100 גרם,false,,14.90,0.0213,true,1,119576
7290002757511,false,דלידג קציצות דג לבישול 750 גר קהילות,האי נאם סי או אל.טי.,IL,דלידג קציצות דג לביש,גרמים,750.00,100 גרם,false,,35.90,0.0479,true,1,18451
7290002757665,false,קבב מזרחי טיבון ויל 400 ג',טיבון ויל,,קבב מזרחי 400 גרם,גרמים,400.00,100 גרם,false,,13.90,0.0348,true,1,18455
7290002757672,false,המבורגר מזרחי טיבון ויל 400ג',טיבון ויל,,המבורגר 400גרם נטו,גרמים,400.00,100 גרם,false,,13.90,0.0348,true,1,18456
7290002787884,false,"בורקס מקלות פילו תפו""א 3.האופים 600 ג'",שגמור,IL,שלושת האופים מקלות פ,גרמים,600.00,100 גרם,false,,21.90,0.0365,true,1,119599
7290002787891,false,בורקס מקלות פילו תרד 3.האופים 600 ג',שגמור,IL,שלושת האופים מקלות ב,גרמים,600.00,100 גרם,false,,21.90,0.0365,true,1,119600
7290002793311,false,שירות והחלפה מילוי גז (60),סודה סטרים,,מילוי למכשיר 50,יחידה,0.00,יחידה,false,,60.00,0.0000,true,1,19550
7290002824183,false,גבינה לבנה 5% שומן 500 ג' שטראוס,מיוצר עי קונדיטוריית,IL,גבינה לבנה 5% סקי 50,גרמים,500.00,100 גרם,false,,9.50,0.0190,true,1,24767
7290002824466,false,דנונה יוגורט ביו 0% 200מל,"שטראוס בריאות בע""מ",IL,דנונה יוגורט ביו 0%,מיליליטרים,200.00,"100 מ""ל",false,,3.90,0.0195,true,1,24768
7290002824640,false,גבינה שטראוס 5% 250 ג',מיוצר עי קונדיטוריית,IL,גבינה 5% סקי 250 גרם,גרמים,250.00,100 גרם,false,,4.98,0.0199,true,1,24769
7290002825722,false,סלט כרוב אדום אחלה 5,מיוצר עי קונדיטוריית,IL,אחלה כרוב אדום 500ג,גרמים,500.00,100 גרם,false,,15.90,0.0318,true,1,24771
7290002868996,false,קוטג' 5% מועשר טרה 250ג' מהדרין,קריות זול,IL,טרה קוטג מועשר 5% 25,גרמים,250.00,100 גרם,false,,5.50,0.0220,true,1,7158
7290002871361,false,"קרלסברג בירה בק.חוזר 500 מ""ל",מבשלות בירה בינלאומי,IL,קרלסברג בירה בק.חוזר,מיליליטרים,500.00,"100 מ""ל",false,,10.90,0.0218,true,1,7657
7290002881254,false,קוקטייל פירות טרופי תומר 820 ג',סאן רייז,,קוקטייל טרופי תומר 8,גרמים,850.00,100 גרם,false,,10.90,0.0128,true,1,26328
7290002881414,false,נודלס עבה תומר 400גר,אופאל,,נודלס עבה תומר 400 ג,גרמים,400.00,100 גרם,false,,8.90,0.0223,true,1,120499
7290002881506,false,חמאת בוטנים תומר 510 ג',Niza s a,,חמאת בוטנים 510 גרם,גרמים,510.00,100 גרם,false,,10.90,0.0214,true,1,26341
7290002881742,false,לבבות דקל פרוסות תומר 400 ג',Inaexpo,,לבבות דקל פרוסות תומ,גרמים,400.00,100 גרם,false,,10.50,0.0263,true,1,26353
7290002900566,false,פסטרמה ברביקיו דל שומן טירת צבי 360 ג',הנסיך- מפעל לייצור ט,IL,פסטרמה ברביקיו דל שו,גרמים,360.00,100 גרם,false,,34.90,0.0969,true,1,26739
7290002909880,false,פולי סויה אדממה קפוא 400 גר',,,פולי סויה אדממה בלדי,גרמים,400.00,100 גרם,false,,12.90,0.0323,true,1,111770
7290002971955,false,קמח שטיבל חיטה לבן מנופה 1קג,,,קמח לבן 650 ללא צורך,קילוגרמים,1.00,"ק""ג",false,,9.90,9.9000,true,1,118860
7290002971993,false,"קמח כוסמין מלא שטיבל 1 ק""ג",,,קמח כוסמין מלא ללא צ,קילוגרמים,1.00,"ק""ג",false,,15.90,15.9000,true,1,84916
7290002972365,false,קמח תופח שטיבל ללא נ,מיוצר עי קונדיטוריית,IL,קמח תופח ללא צורך בנ,קילוגרמים,1.00,"ק""ג",false,,9.90,9.9000,true,1,67448
7290002973676,false,קמח לחלה ללא צורך בנ,,,קמח לחלה ללא צורך בנ,קילוגרמים,1.00,"ק""ג",false,,9.90,9.9000,true,1,265480
7290002973829,false,קמח כוסמין לבן ללא צ,,,קמח כוסמין לבן ללא צ,קילוגרמים,1.00,"ק""ג",false,,16.90,16.9000,true,1,268975
7290002974314,false,"קמח פיצה שטיבל 1 ק""ג",,,"קמח פיצה שטיבל 1 ק""ג",קילוגרמים,1.00,"ק""ג",false,,13.90,13.9000,true,1,470771
7290002986652,false,פתי בר שוקו 470 ג' גטניו,"אחים גטניו בע""מ",,גטניו - פתיבר שוקו 4,גרמים,470.00,100 גרם,false,,9.90,0.0211,true,1,135512
7290002987963,false,"סלט חומוס אחלה 1 ק""ג",מיוצר עי קונדיטוריית,IL,אחלה חומוס 1קג,קילוגרמים,1.00,"ק""ג",false,,14.90,14.9000,true,1,24772
7290003009336,false,קבוקים מצופים קליית,הדקלאים אגודת שיתופי,IL,קבוקים מצופים 200 גר,גרמים,200.00,100 גרם,false,,6.90,0.0345,true,1,119212
7290003009640,false,מיץ סחוט תפוזים 1 ל' פריגת,קריות זול,IL,פריגת סחוט מיץ תפוזי,ליטרים,1.00,ליטר,false,,16.90,16.9000,true,1,7174
7290003011087,false,"אורז בסמטי 1 ק""ג אלפנט",,IN,אלסקה אורז בסמטי אלפ,קילוגרמים,1.00,"ק""ג",false,,10.90,10.9000,true,1,5272
7290003026227,false,"ד""ר פישר - קמיל בלו סנסיטיב שמפו אלדמע 1 ליטר","ד""ר פישר Dr fischer",IL,קמיל בלו סנסיטיב שמפ,יחידה,0.00,יחידה,false,,33.90,0.0000,true,1,31289
7290003029181,false,משקה יטבתה שוקו' בקבוק 1ל מהדרין,מחלבת יטבתה,IL,יטבתה שוקו בקבוק 1ל,ליטרים,1.00,ליטר,false,,12.50,12.5000,true,1,24776
7290003029372,false,משקה חלב בננה בקבוק 1ל' יוטבתה,מחלבת יטבתה,IL,יטבתה משקה חלב בננה,ליטרים,1.00,ליטר,false,,12.50,12.5000,true,1,24779
7290003029389,false,"משקה חלב בננה פקק ספורט 250 מ""ל יוטבתה",שטראוס גרופ,IL,יטבתה משקה חלב בננה+,מיליליטרים,250.00,"100 מ""ל",false,,5.90,0.0236,true,1,24780
7290003029433,false,"משקה יטבתה שוקו פקק 250 מ""ל מהדרין",מחלבת יטבתה,IL,יטבתה שוקו +פקק 250,מיליליטרים,250.00,"100 מ""ל",false,,5.90,0.0236,true,1,24781
7290003029815,false,חלב יוטבתה מועשר 3% בכד 2ל',מחלבת יטבתה,IL,חלב מועשר בכד2 ליטר,ליטרים,2.00,ליטר,false,,15.90,7.9500,true,1,24786
7290003029907,false,משקה יטבתה אייס קפה 1ליטר,מחלבת יטבתה,IL,יטבתה אייס קפה 1ל,ליטרים,1.00,ליטר,false,,12.50,12.5000,true,1,24788
7290003047642,false,תה שחור יילו לייבל 100*1.5 ג' שקיק ליפטון,"יונילוור רוסייה בע""מ",RU,תה ליפטון יילו לייבל,גרמים,150.00,100 גרם,false,,15.90,0.1060,true,1,11395
7290003054657,false,חרדל דיזון אקסטרה פורטה 370 גרם,מרום את קונפינו,FR,חרדל דיג'ון אקסטרא פ,גרמים,370.00,100 גרם,false,,13.10,0.0354,true,1,29206
7290003072859,false,רוסטביף טירת צבי 120 ג',הנסיך- מפעל לייצור ט,IL,רוסטביף טירת צבי 120,גרמים,120.00,100 גרם,false,,22.90,0.1908,true,1,219192
7290003107216,false,קמח 1 קג שימורי איכ,טחנות קמח דגן 2006,IL,"קמח לבן דגן 1 ק""ג",קילוגרמים,1.00,"ק""ג",false,,6.90,6.9000,true,1,10050
7290003107223,false,"סולת חיטה דגן 1 ק""ג",טחנות קמח דגן 2006,IL,"סולת חיטה דגן 1 ק""ג",קילוגרמים,1.00,"ק""ג",false,,6.90,6.9000,true,1,67452
7290003107315,false,"סולת דגן 1 ק""ג",,,"סולת דגן 1 ק""ג",קילוגרמים,1.00,"ק""ג",false,,4.90,4.9000,true,1,10054
7290003107346,false,טחנת קמח דגן קמח 1 קג,,,קמח חיטה לבן דגן 1 ק,קילוגרמים,1.00,"ק""ג",false,,4.90,4.9000,true,1,10056
7290003143146,false,ממרח תמרים קליית גת 450 ג',הדקלאים אגודת שיתופי,IL,ממרח תמרים 450 גרם,גרמים,450.00,100 גרם,false,,6.90,0.0153,true,1,13942
7290003145751,false,קשיו קלוי קלית גת 200 ג',הדקלאים אגודת שיתופי,IL,קשיו קלוי 200 גרם,גרמים,200.00,100 גרם,false,,21.90,0.1095,true,1,14001
7290003220533,false,"רוטב צ'ילי מתוק ווק 700 מ""ל",THAI COCONUT CO,,רוטב צ'ילי מתוק 700,מיליליטרים,700.00,"100 מ""ל",false,,11.90,0.0170,true,1,48579
7290003220977,false,עוגיות חצי ירח מצופה 175 נאפה מעדני מלך,אפיפית,,מעדני מלך ירח חצי מצ,גרמים,175.00,100 גרם,false,,7.90,0.0451,true,1,303360
7290003229109,false,פסטרמה בפפריקה טירת צבי 400 ג',הנסיך- מפעל לייצור ט,IL,א.מ .פסטרמה בפפריקה,גרמים,400.00,100 גרם,false,,30.90,0.0772,true,1,26748
7290003229116,false,פסטרמה בדבש טירת צבי 400 ג',הנסיך- מפעל לייצור ט,IL,א.מ פסטרמה בדבש 400,גרמים,400.00,100 גרם,false,,30.90,0.0772,true,1,26749
7290003229123,false,פסטרמה על גחלים טירת צבי 400 ג',הנסיך- מפעל לייצור ט,IL,א.מ. פסטרמה על גחלים,גרמים,400.00,100 גרם,false,,30.90,0.0772,true,1,26750
7290003229147,false,נקניק סלמי איטלקי טירת צבי 300 ג',הנסיך- מפעל לייצור ט,IL,סלמי בסגנון איטלקי 3,גרמים,300.00,100 גרם,false,,33.90,0.1130,true,1,26751
7290003229154,false,סלמי קוניאק מובחר טירת צבי 300 ג',הנסיך- מפעל לייצור ט,IL,א.מ. סלמי קוניאק מוב,גרמים,300.00,100 גרם,false,,28.90,0.0963,true,1,26752
7290003229192,false,כתף בקר מעושן טירת צבי 400 ג' צבי,טיב טירת צבי 2000,IL,א.מ. כתף בקר מעושן 4,גרמים,400.00,100 גרם,false,,33.00,0.0825,true,1,26754
7290003268245,false,חלה מתוקה המיוחדת של עינת 500ג' דגנית עין בר,מולינו ניקולי s.p.a,IL,חלה מתוקה ארוזה דגני,גרמים,500.00,100 גרם,false,,15.90,0.0318,true,1,5125
7290003268252,false,לחם חיטה מלא לילדים 750 ג' דגנית עין בר,יוניליוור גרמניה Gm,IL,לחם חיטה מלא ללא גרע,גרמים,750.00,100 גרם,false,,14.90,0.0199,true,1,5126
7290003268429,false,לחם ירוק מקמח מלא 750 ג' דגנית עין בר,מולינו ניקולי s.p.a,IL,לחם מקמח מלא דגנית 7,גרמים,750.00,100 גרם,false,,15.90,0.0212,true,1,5127
7290003318100,false,וופל בטעם שוקולד מנעמים 200 ג',מנעמים תעשיות מזון,IL,ופל שוקו מנעמים 200,גרמים,200.00,100 גרם,false,,4.90,0.0245,true,1,69452
7290003318131,false,ופל קלאסיק אגוז 200 גרם מנעמים,מנעמים תעשיות מזון,IL,ופל אגוז מנעמים 200,גרמים,200.00,100 גרם,false,,4.90,0.0245,true,1,121162
7290003321292,false,גבינה לבנה 9% שומן 250 ג' שטראוס,מיוצר עי קונדיטוריית,IL,גבינה 9% סקי 250 גרם,גרמים,250.00,100 גרם,false,,4.80,0.0192,true,1,114895
7290003332007,false,קפה נחלה סובחי 250גר,סובחי נחלה ובניו,,קפה נחלה סובחי 250ג,גרמים,250.00,100 גרם,false,,15.50,0.0620,true,1,37084
7290003332045,false,קפה נחלה אדום ללא הל 250ג',קפה אל נחלה,,קפה נחלה סובחי 250 ג,גרמים,250.00,100 גרם,false,,15.50,0.0620,true,1,37087
7290003411696,false,"מרקיות לבן ח""פ הנמל 25 יח'",,IL,מרקיות חד פעמי 25 יח,יחידה,0.00,יחידה,false,,10.90,0.0000,true,1,8453
7290003423909,false,הרשי חטיף קוקיס&קרם לבן 43 גרם,הרשי,US,קוקיז אנד קרים 43 גר,גרמים,43.00,100 גרם,false,,4.90,0.1140,true,1,13699
7290003427154,false,"שמן זית כתית מעולה זיתא 750 מ""ל",זיתא – י.ט.ב תעשיות,IL,שמן זית כתית מעולה ז,מיליליטרים,750.00,"100 מ""ל",false,,40.90,0.0545,true,1,26079
7290003444009,false,ריזס חטיף שוקולד 42 גרם,הרשי,US,ריזס שוקולד חלב במיל,גרמים,42.00,100 גרם,false,,3.90,0.0929,true,1,13701
7290003450602,false,חרדל אמיתי צהוב בקבוק לחיץ 255 גר,היינץ צפון אמריקה -,US,חרדל אמיתי צהוב בקבו,גרמים,255.00,100 גרם,false,,11.90,0.0467,true,1,114813
7290003514007,false,שקדי מרק מאסטר שף 40,מנה Mana,IL,שקדי מרק מנה 400 גרם,גרמים,400.00,100 גרם,false,,10.90,0.0273,true,1,23455
7290003521074,false,"ד""ר פישר - סרקל מרכך שיער לילדים 1 ליטר",הדקלאים אגודת שיתופי,IL,סרקל מרכך שיער לילדי,יחידה,0.00,יחידה,false,,31.90,0.0000,true,1,31295
7290003643004,false,"אורז בסמטי קלאסי 1 ק""ג סוגת",האי נאם סי או אל.טי.,IL,"סוגת אורז בסמטי 1 ק""",קילוגרמים,1.00,"ק""ג",false,,14.90,14.9000,true,1,19385
7290003643707,false,גריסים 500 גרם סוגת,"סוגת תעשיות בע""מ",IL,סוגת גריסים 500גר,גרמים,500.00,100 גרם,false,,5.90,0.0118,true,1,19399
7290003643738,false,סוגת חיטה 500 גרם,האי נאם סי או אל.טי.,IL,סוגת חיטה 500 גר,גרמים,500.00,100 גרם,false,,5.90,0.0118,true,1,19401
7290003643752,false,עדשים ירוקים יבש סוגת 500 גר',האי נאם סי או אל.טי.,IL,עדשים ירוקות 500 גרם,גרמים,500.00,100 גרם,false,,9.90,0.0198,true,1,19403
7290003643769,false,עדשים אדומים יבש סוגת 500 גר',"סוגת תעשיות בע""מ",IL,עדשים אדומות 500 גרם,גרמים,500.00,100 גרם,false,,9.90,0.0198,true,1,19404
7290003643776,false,"פופקורן גרעינים סוגת 500 ג' כשל""פ",האי נאם סי או אל.טי.,IL,סוגת פופקורן 500 גרם,גרמים,500.00,100 גרם,false,,5.90,0.0118,true,1,19405
7290003643806,false,שעועית לבנה יבשה סוגת 500 ג',האי נאם סי או אל.טי.,IL,שעועית לבנה 500 גרם,גרמים,500.00,100 גרם,false,,11.90,0.0238,true,1,19407
7290003681211,false,צנובר מיה 80 גרם,מיה תעשיות מזון,IL,צנובר מיה 80 גרם,גרמים,80.00,100 גרם,false,,26.70,0.3337,true,1,15689
7290003681334,false,קוקוס טחון 400 גרם ב,מיה,IL,קוקוס 400 גר. בדצ,גרמים,400.00,100 גרם,false,,13.90,0.0348,true,1,52650
7290003681716,false,גריסי פנינה מיה 500 גר',מיה,IL,גריסי פנינה 500 גרם,גרמים,500.00,100 גרם,false,,6.40,0.0128,true,1,52659
7290003706167,false,בצל ירוק ארוז,,,בצל ירוק ארוז,יח',1.00,יח',false,,5.90,5.9000,true,1,78900
7290003726615,false,טופו הבית משק ויילר,הדקלאים אגודת שיתופי,IL,טופו ויילר 300 גרם.,גרמים,300.00,100 גרם,false,,12.90,0.0430,true,1,143804
7290003726776,false,שניצל טופו בטעם עוף,משק ויילר,IL,שניצל טופו בטעם עוף,גרמים,420.00,100 גרם,false,,29.90,0.0712,true,1,471523
7290003779499,false,גינגר ארוז 200 גרם,"מרינה פטריות הגליל בע""מ",IL,ג`ינג`ר יח` 200 גרם,יח',1.00,יח',false,,9.90,9.9000,true,1,75870
7290003903771,false,קפוצ'ינו פחית עלית 200ג',שטראס קפה בי.וי,IL,עלית קפוצינו פחית 20,גרמים,200.00,100 גרם,false,,27.70,0.1385,true,1,24076
7290003989096,false,סלט חציל פיקנטי אחלה,מיוצר עי קונדיטוריית,IL,אחלה חציל פיקנטי 500,גרמים,500.00,100 גרם,false,,15.90,0.0318,true,1,24791
7290003989539,false,לורנצו רביולי במילוי גבינה,מיוצר עי קונדיטוריית,IL,EAT GOOD רביולי גבינ,גרמים,400.00,100 גרם,false,,21.70,0.0542,true,1,24792
7290003989553,false,"פסטה טורטליני פטריות, 400 גרם",מיוצר עי קונדיטוריית,IL,שטראוס טורטליני פטרי,גרמים,400.00,100 גרם,false,,21.70,0.0542,true,1,24793
7290004011284,false,ריצ בסיס להכנת קצפת 25% 212מל,ריצ' פרודקטס קורפריי,IL,ריצ בסיס להכנת קצפת,מיליליטרים,212.00,"100 מ""ל",false,,9.30,0.0439,true,1,18572
7290004011338,false,"קצפת מתוקה מכונה 250 מ""ל ריץ'",האי נאם סי או אל.טי.,IT,ריצ קצפת במיכל 250מל,מיליליטרים,250.00,"100 מ""ל",false,,12.90,0.0516,true,1,18574
7290004011345,false,"קצפת ריצ` פרווה במיכל 250 מ""ל",האי נאם סי או אל.טי.,IT,קצפת ריץ במיכל פרווה,מיליליטרים,238.00,"100 מ""ל",false,,12.90,0.0542,true,1,18575
7290004011796,false,קבבונים בקר קפוא אל גאוצ''ו 400ג',"טיבון ויל אחזקות בע""",IL,אל גאוצו קבבונים 400,גרמים,400.00,100 גרם,false,,24.90,0.0622,true,1,18582
7290004030834,false,פריניב מיץ רימונים סחוט 1 ליטר,פריניב בעמ,IL,מיץ סחוט רימונים 100,ליטרים,1.00,ליטר,false,,25.30,25.3000,true,1,42866
7290004063016,false,מלח שולחן מעולה דק 1,האי נאם סי או אל.טי.,IL,"מלח שולחן סלית 1 ק""ג",קילוגרמים,1.00,"ק""ג",false,,2.07,2.0700,true,1,16357
7290004063115,false,"מלח מטבח עבה להמלחת בשר ובישול 1 ק""ג 1ק""ג",האי נאם סי או אל.טי.,IL,מלח מטבח גס לבישול כ,קילוגרמים,1.00,"ק""ג",false,,2.07,2.0700,true,1,16358
7290004064099,false,מטחנה מלח מהרי ההימלאיה 250 גרם,חברת מלח הארץ אילת ב,IL,מטחנה מלח מהרי ההימל,גרמים,250.00,100 גרם,false,,17.90,0.0716,true,1,26097
7290004064365,false,"מלח דק מועשר ביוד- קרטון 1 ק""D",,IL,מלח דק מועשר ביוד קר,קילוגרמים,1.00,"ק""ג",false,,6.90,6.9000,true,1,212446
7290004068028,false,"ציזיקי יוגורט לשתיה גד 500 מ""ל",מיוצר על ידי קוד יצר,IL,גד משקה צזיקי 2% 500,מיליליטרים,500.00,"100 מ""ל",false,,11.20,0.0224,true,1,15455
7290004068172,false,יוגורט עזים בדלי 5% שומן 600 ג' גד,קוד יצרן MKN,IL,גד יוגורט עיזים 5% 6,מיליליטרים,600.00,"100 מ""ל",false,,19.60,0.0327,true,1,15457
7290004091217,false,"גודרס להברקת כלי כסף 125מ""ל",אס סי גונסון פורטוגל,PT,גודרס לכלי נחושת וכס,מיליליטרים,125.00,"100 מ""ל",false,,15.90,0.1272,true,1,6443
7290004119133,false,כד יוגורט תנובה 6.5% שומן 1.5 ליטר,מיוצר עי קונדיטוריית,IL,יוגורט כדים תנובה 7%,ליטרים,1.50,ליטר,false,,18.70,12.4667,true,1,27413
7290004119225,false,יוגורט אננס 3% שומן 150 ג' יופלה,תנובה מרכז שיתופי לש,IL,יופלה אננס 3% 150מל,גרמים,150.00,100 גרם,false,,5.70,0.0380,true,1,27414
7290004119928,false,מעדן וניל גביע 1.5% שומן 125 ג' קרלו,מחלבת אלון תבור,IL,קרלו וניל 3% 125מל,מיליליטרים,125.00,"100 מ""ל",false,,3.50,0.0280,true,1,27419
7290004120061,false,קרלו שוקולד וניל 125,תנובה מרכז שיתופי לש,IL,קרלו שוניל 3% 125מל,מיליליטרים,125.00,"100 מ""ל",false,,3.50,0.0280,true,1,27421
7290004120108,false,יופלה דיאט יוגורט דובדבן %0 גביע 150ג',תנובה מרכז שיתופי לש,IL,יופלה דיאט דובדבן 0%,מיליליטרים,150.00,"100 מ""ל",false,,5.60,0.0373,true,1,27424
7290004120566,false,גבינה בולגרית 24% 250 ג' פיראוס,קריות זול,IL,פיראוס בולגרית 24% 2,גרמים,250.00,100 גרם,false,,26.90,0.1076,true,1,27442
7290004120573,false,גבינה בולגרית %16 250 ג' פיראוס,תנובה מרכז שיתופי לש,IL,פיראוס בולגרית בקר 1,גרמים,250.00,100 גרם,false,,26.90,0.1076,true,1,27443
7290004120634,false,גבינה בולגרית %5 250 ג' פיראוס,תנובה מרכז שיתופי לש,IL,פיראוס בולגרית 5% 25,גרמים,250.00,100 גרם,false,,26.90,0.1076,true,1,27444
7290004120832,false,חלב תנובה טרי 3% מהדרין כד 2 ל',תנובה מרכז שיתופי לש,IL,"חלב תנובה טרי 3% בד""",ליטרים,2.00,ליטר,false,,12.46,6.2300,true,1,27446
7290004121488,false,יופלה דיאט אפרסק 0% גביע 150 ג',תנובה מרכז שיתופי לש,IL,יופלה דיאט אפרסק 0%,מיליליטרים,150.00,"100 מ""ל",false,,5.60,0.0373,true,1,27451
7290004121525,false,יופלה מאגדת פרי 4 תות 4 אפרסק 3% 8 יח'*150 ג',תנובה מרכז שיתופי לש,IL,יופלה אפרסק תות 3% 8,קילוגרמים,1.20,"ק""ג",false,,34.90,29.0833,true,1,27452
7290004121839,false,גבינת פטה כבשים 20% 250 ג' פיראוס,תנובה מרכז שיתופי לש,IL,פיראוס פטה כבשים 20%,גרמים,250.00,100 גרם,false,,31.00,0.1240,true,1,27457
7290004121853,false,גבינה בולגרית בקוביות %5 200 ג' פיראוס,תנובה מרכז שיתופי לש,IL,פיראוס בולגרית בקובי,גרמים,200.00,100 גרם,false,,22.90,0.1145,true,1,27458
7290004122119,false,פתיתי פרמזן לפסטה %23 100 ג' השף הלבן,פ.פ.ח. שאביט,IL,שף לבן פתיתי פרמזן ל,גרמים,100.00,100 גרם,false,,13.90,0.1390,true,1,27462
7290004122195,false,"גבינת גוש חלב פרוס 28%, כשרות מהדרין, 200 ג'",קריות זול,IL,גוש חלב פרוס 28% 200,גרמים,200.00,100 גרם,false,,15.90,0.0795,true,1,27463
7290004122270,false,גבינה צהובה פרוס בקופסא %28 200 ג' עמק,תנובה מרכז שיתופי לש,IL,עמק פרוס סגירה חוזרת,גרמים,200.00,100 גרם,false,,17.50,0.0875,true,1,27464
7290004122348,false,עמק לייט 9% פרוס בקופסא,תנובה מרכז שיתופי לש,IL,עמק לייט 9% 200ג,גרמים,200.00,100 גרם,false,,17.90,0.0895,true,1,27466
7290004122676,false,גבינת חמד לייט 5% פיראוס 250 ג',"תנובה,מחלבת טנא נוגה",IL,פיראוס חמד לייט 5% 2,גרמים,250.00,100 גרם,false,,20.90,0.0836,true,1,27470
7290004122683,false,חטיף גבינת אצבעות 28% 172 ג' עמק,תנובה מרכז שיתופי לש,IL,עמק אצבעות 172ג,גרמים,172.00,100 גרם,false,,17.90,0.1041,true,1,27471
7290004124205,false,יוגורט דיאט תות %0 שומן 150 ג' יופלה,תנובה מרכז שיתופי לש,IL,יופלה דיאט תות 0% 15,מיליליטרים,150.00,"100 מ""ל",false,,5.60,0.0373,true,1,27486
7290004124847,false,"קצפת צמחית השף הלבן 500 מ""ל תנובה",תנובה מרכז שיתופי לש,IL,שף לבן קצפת צמחית 24,מיליליטרים,500.00,"100 מ""ל",false,,18.50,0.0370,true,1,27493
7290004125370,false,שמנת חמוצה מופחתת שומן 9%,תנובה מרכז שיתופי לש,IL,תנובה שמנת מופחתת 9%,מיליליטרים,200.00,"100 מ""ל",false,,4.10,0.0205,true,1,27497
7290004125400,false,"שלי אשל 4.5% תנובה 200מ""ל מהדרין",פארייפאבה אגרואינדוס,IL,"אשל 4.5% בד""צ מהדרין",מיליליטרים,200.00,"100 מ""ל",false,,1.69,0.0084,true,1,27498
7290004125417,false,"שלי גיל 3% תנובה 200מ""ל מהדרין",תנובה מרכז שיתופי לש,IL,"גיל 3% בד""צ מהדרין",מיליליטרים,200.00,"100 מ""ל",false,,1.51,0.0076,true,1,27499
7290004125455,false,**תנובה שמנת אורגינל מהדרין 15% 200מל,תנובה מרכז שיתופי לש,IL,תנובה שמנת אורגינל מ,מיליליטרים,200.00,"100 מ""ל",false,,2.40,0.0120,true,1,27500
7290004125462,false,"שמנת אורגינל 15% מהדרין 500 מ""ל",תנובה מרכז שיתופי לש,IL,תנובה שמנת חמוצה 15%,מיליליטרים,500.00,"100 מ""ל",false,,6.00,0.0120,true,1,27501
7290004125509,false,"שמנת 15% חצי מנה 100 מ""ל תנובה",תנובה מרכז שיתופי לש,IL,תנובה שמנת חצי מנה 1,מיליליטרים,100.00,"100 מ""ל",false,,1.80,0.0180,true,1,27502
7290004125578,false,משקה סויה מעושר בסידן תנובה 1ל',תנובה מרכז שיתופי לש,IL,משקה סויה תנובה מועש,ליטרים,1.00,ליטר,false,,12.50,12.5000,true,1,27503
7290004125585,false,משקה סויה וניל תנובה E אלטרנטיב,תנובה מרכז שיתופי לש,IL,סויה תנובה משקה סויה,ליטרים,1.00,ליטר,false,,12.50,12.5000,true,1,27504
7290004125721,false,"שמנת לבישול 15% שומן 250 מ""ל תנובה",תנובה מרכז שיתופי לש,IL,שף לבן שמנת לבישול 1,מיליליטרים,250.00,"100 מ""ל",false,,8.90,0.0356,true,1,27507
7290004125738,false,שמנת מתוקה עמידה להקצפה 32% השף הלבן,תנובה מרכז שיתופי לש,IL,שף לבן שמנת להקצפה 3,מיליליטרים,250.00,"100 מ""ל",false,,7.20,0.0288,true,1,27508
7290004125776,false,גבינה צהובה 28% שומן 400 ג' עמק,קריות זול,IL,עמק גבינה קשה פרוסה,גרמים,400.00,100 גרם,false,,31.90,0.0797,true,1,27511
7290004126674,false,פרוסות גבינה חצי קשה 9% שומן 200 ג' עמק,תנובה מרכז שיתופי לש,IL,עמק טל לייט 9% 200ג,גרמים,200.00,100 גרם,false,,19.90,0.0995,true,1,27519
7290004126759,false,יופלה דיאט פירות יער %0 גביע 150 ג',תנובה בעמ,IL,יופלה דיאט פירות יער,מיליליטרים,150.00,"100 מ""ל",false,,5.60,0.0373,true,1,27520
7290004126872,false,משקאות חלב תנובה שוקו בקבוק 250מל,קריות זול,IL,משקאות חלב תנובה שוק,מיליליטרים,250.00,"100 מ""ל",false,,5.90,0.0236,true,1,27521
7290004127077,false,קוטג' 3% שומן 250 ג' תנובה,מיוצר עי קונדיטוריית,IL,קוטג תנובה 3% 250 ג,גרמים,250.00,100 גרם,false,,5.70,0.0228,true,1,27522
7290004127329,false,קוטג' 5% תנובה 250ג' מהדרין,מיוצר עי קונדיטוריית,IL,קוטג' 5% תנובה מהדרי,גרמים,250.00,100 גרם,false,,5.70,0.0228,true,1,27524
7290004127336,false,קוטג' 9% תנובה 250 ג' הדרין,מיוצר עי קונדיטוריית,IL,קוטג' תנובה מהדרין 9,גרמים,250.00,100 גרם,false,,5.70,0.0228,true,1,27525
7290004127800,false,גבינה לבנה 5% שומן 500 ג' תנובה,מיוצר עי קונדיטוריית,IL,תנובה גבינה לבנה 5%,גרמים,500.00,100 גרם,false,,9.96,0.0199,true,1,27529
7290004127817,false,גבינה לבנה 9% שומן 500 ג' תנובה,מיוצר עי קונדיטוריית,IL,תנובה גבינה לבנה 9%,גרמים,500.00,100 גרם,false,,9.50,0.0190,true,1,27530
7290004127862,false,**תנובה גבינה למריחה מהדרין 5% 750ג,תנובה מרכז שיתופי לש,IL,תנובה גבינה למריחה מ,גרמים,750.00,100 גרם,false,,14.90,0.0199,true,1,114915
7290004128333,false,לאבנה על בסיס יוגורט %9 שומן 500 ג' פיראוס,קריות זול,IL,פיראוס לאבנה גביע %9,גרמים,500.00,100 גרם,false,,21.90,0.0438,true,1,27541
7290004128432,false,פתיתים מיוחדים לפיצה על בסיס גבינה 500 ג',תנובה,IL,שף לבן פתיתי גבינה מ,גרמים,500.00,100 גרם,false,,22.50,0.0450,true,1,27544
7290004129101,false,גבינת שמנת 25% בטעם טבעי 225 ג' נפוליאון,תנובה מרכז שיתופי לש,IL,נפוליאון בטעם טבעי 2,גרמים,225.00,100 גרם,false,,15.90,0.0707,true,1,27547
7290004130794,false,משקה סויה טבעי במתיקות מופחתת 1 ליטר,תנובה מרכז שיתופי לש,IL,סויה תנובה טבעי במתי,ליטרים,1.00,ליטר,false,,12.50,12.5000,true,1,27560
7290004130916,false,יוגורט 3% פירות יער בשמנת 150 ג' יופלה,תנובה מרכז שיתופי לש,IL,יופלה בטעם פירות יער,גרמים,150.00,100 גרם,false,,5.70,0.0380,true,1,27562
7290004131074,false,**חלב תנובה טרי מהדרין קרטון 3% 1ל,תנובה מרכז שיתופי לש,IL,חלב תנובה הומוגני מה,ליטרים,1.00,ליטר,false,,6.23,6.2300,true,1,27567
7290004131531,false,משקאות חלב תנובה שוקו בקבוק 1ל,תנובה מרכז שיתופי לש,IL,משקה חלב תנובה שוקו,ליטרים,1.00,ליטר,false,,14.00,14.0000,true,1,27579
7290004131814,false,גבינה צפתית 5% מעודנת 200 ג' פיראוס,פארייפאבה אגרואינדוס,IL,פיראוס צפתית מעודנת,גרמים,200.00,100 גרם,false,,16.90,0.0845,true,1,27585
7290004132552,false,משקה סויה לייט בטעם טבעי טרי 1 ליטר,תנובה מרכז שיתופי לש,IL,סויה תנובה לייט בטעם,ליטרים,1.00,ליטר,false,,12.50,12.5000,true,1,27594
7290004132712,false,חטיף אצבעות גבינת מוצרלה 20% 172 ג' עמק,תנובה מרכז שיתופי לש,IL,עמק אצבעות מוצרלה 20,גרמים,174.00,100 גרם,false,,17.90,0.1029,true,1,27598
7290004133511,false,יופלה מאגדת לבן 1.5% מעודן 8 יח' * 150 ג',מיוצר עי קונדיטוריית,IL,יופלה לבן מעודן 1.5%,ליטרים,1.20,ליטר,false,,22.90,19.0833,true,1,27611
7290004136598,false,מארז הפסקת אוכל עם קורנפלקס ומשקה חלב עמיד בטעם וניל,פארייפאבה אגרואינדוס,IL,מארז הפסקת אוכל חלב,גרמים,150.00,100 גרם,false,,10.30,0.0687,true,1,27661
7290004136857,false,מעדן גלי בטעם פטל 12,תנובה מרכז שיתופי לש,IL,ג'לי תנובה פטל 125מל,מיליליטרים,125.00,"100 מ""ל",false,,2.90,0.0232,true,1,27663
7290004136864,false,ג'לי תנובה אננס עם חתיכות אננס 125מל,קריות זול,IL,ג'לי תנובה אננס עם ח,מיליליטרים,125.00,"100 מ""ל",false,,2.90,0.0232,true,1,27664
7290004137021,false,"שמנת לבישול 10% עמיד השף הלבן 250 מ""ל",תנובה מרכז שיתופי לש,IL,שף לבן שמנת לבישול 1,מיליליטרים,250.00,"100 מ""ל",false,,8.90,0.0356,true,1,27667
7290004137311,false,עמק לייט משפחתית 9% 400ג-ועדת מהדרין,תנובה,IL,עמק לייט משפחתית 9%,גרמים,400.00,100 גרם,false,,32.90,0.0822,true,1,27670
7290004137809,false,לאבנה 5% שומן 250 ג' פיראוס,"תנובה, מחלבת אלון תב",IL,פיראוס לאבנה 5% 250ג,גרמים,250.00,100 גרם,false,,14.50,0.0580,true,1,27673
7290004225285,false,גבינה בסגנון דנאבלו 100 ג',האי נאם סי או אל.טי.,DK,סגנון דנאבלו 100 גרם,גרמים,100.00,100 גרם,false,,11.90,0.1190,true,1,18590
7290004230081,false,קציצות עוף ברוטב עגבניות 800 ג' שגב,קרלו,IL,שגב קציצות עוף ברוטב,גרמים,800.00,100 גרם,false,,32.90,0.0411,true,1,18604
7290004324858,false,קבב כבש500 גר טי,"טיבון ויל אחזקות בע""",IL,קבב כבש 500 גרם,גרמים,500.00,100 גרם,false,,23.90,0.0478,true,1,18644
7290004494131,false,יין דלתון קברנה סוביניון גליל,"איי, בי, אינבוו",IL,"קברנה דלתון 750 מ""ל",מיליליטרים,750.00,"100 מ""ל",false,,63.90,0.0852,true,1,7946
7290004537241,false,אפונת גינה שדה בשקית,בסט מייסטר,IL,אפונת גינה קפואה 800,גרמים,800.00,100 גרם,false,,15.90,0.0199,true,1,106473
7290004584306,false,רבעיית גמדים בטעם תות בננה * 100 ג' שטראוס,מיוצר עי קונדיטוריית,IL,גמדים תות בננה 4*100,מיליליטרים,400.00,"100 מ""ל",false,,11.90,0.0298,true,1,24794
7290004584351,false,גבינה במרקם שמנת 5% טבעי 200 ג' סימפוניה,"שטראוס בריאות בע""מ",IL,סימפוניה חמישית 200ג,גרמים,200.00,100 גרם,false,,12.90,0.0645,true,1,24795
7290004584528,false,דנונה ביו יוגורט טבעי 1.5% 200 ג',מיוצר עי קונדיטוריית,IL,דנונה יוגורט טבעי 1.,מיליליטרים,200.00,"100 מ""ל",false,,3.90,0.0195,true,1,24796
7290004639006,false,קוסקוס טוניסאי קפוא,,,קוסקוס ביתי קפוא,גרמים,800.00,100 גרם,false,,16.80,0.0210,true,1,119429
7290004658946,false,יין פרייבט קולקשן שר,"כד בני דרום בע""מ",IL,יין P.C שרדונה לבן,מיליליטרים,750.00,"100 מ""ל",false,,44.90,0.0599,true,1,501
7290004731076,false,אל סבון אלוורה כיף 1 ל',טרופיקל דגיל תעשיות,IL,אלסבון אלוורה כיף 1,ליטרים,1.00,ליטר,false,,14.90,14.9000,true,1,32043
7290004737900,false,וילי פוד חלב מרוכז ממותק397ג,יו.איי.בי מאריג'אמפו,LT,וילי פוד חלב מרוכז מ,גרמים,397.00,100 גרם,false,,10.90,0.0275,true,1,3596
7290004762056,false,שקדי מרק חטיפים מן ה,,,שקדי מרק חטיפים מן ה,גרמים,400.00,100 גרם,false,,11.90,0.0298,true,1,481768
7290005100424,false,שנק קינמון,,,שנק קינמון,קילוגרמים,1.00,"ק""ג",true,,44.00,44.0000,true,1,118077
7290005103123,false,גבטה 180גרם,,,גבטה 180גרם,יח',1.00,יח',false,,5.50,5.5000,true,1,118234
7290005174513,false,חציל במיונז 500 ג' אחלה,מיוצר עי קונדיטוריית,IL,חציל במיונז אחלה 500,גרמים,500.00,100 גרם,false,,16.90,0.0338,true,1,24798
7290005174551,false,סלט חומוס עם צנוברים 125 ג' אחלה,מיוצר עי קונדיטוריית,IL,אחלה חומוס 125ג,גרמים,125.00,100 גרם,false,,5.90,0.0472,true,1,24799
7290005174568,false,חציל אחלה במיונז 125 גר',"שטראוס גרופ בע""מ",IL,אחלה חציל במיונז 125,גרמים,125.00,100 גרם,false,,5.90,0.0472,true,1,24800
7290005174575,false,טחינה אחלה יום יום משובחת 125ג',מיוצר עי קונדיטוריית,IL,אחלה טחינה 125גר,גרמים,125.00,100 גרם,false,,5.90,0.0472,true,1,24801
7290005197758,false,עוגיות חיוכים שוקו שוקו 150ג',אפיפית נצרת תעשיות ב,IL,חיוכים של שוקו,גרמים,150.00,100 גרם,false,,6.50,0.0433,true,1,120350
7290005199288,false,גומי מאסט בטעם פטל לימון 28 ג' עלית,"שטראוס גרופ בע""מ",IL,מאסט פטל לימון 28 גר,גרמים,28.00,100 גרם,false,,4.90,0.1750,true,1,24087
7290005200786,false,תפוצ'יפס שמנת ובצל 50 גרם,"שטראוס פריטו ליי בע""",IL,תפוציפס שמנת ובצל 50,גרמים,50.00,100 גרם,false,,4.50,0.0900,true,1,25336
7290005201455,false,קפה נמס ארומה עלית 200 ג',"אינסטנטה בע""מ",IL,ארומה קפה נמס 200 גר,גרמים,200.00,100 גרם,false,,23.90,0.1195,true,1,24094
7290005201882,false,קפה טורקי קלוי וטחון,הנסיך- מפעל לייצור ט,IL,טורקי עלית 200 גר',גרמים,200.00,100 גרם,false,,17.90,0.0895,true,1,24096
7290005287213,false,נתחי טונה בשמן סטארק,,,טונה בשמן סטארקיסט ב,גרמים,640.00,100 גרם,false,,25.90,0.0405,true,1,28440
7290005287930,false,סטארקיסט טונה במים בדץ 160x4 ג',,,טונה במים סטארקיסט ב,גרמים,640.00,100 גרם,false,,25.90,0.0405,true,1,28457
7290005326585,false,ממרח אוליביה פסטו בזיליקום 180 ג',"אוליביה גורמה בע""מ",IL,אוליביה פסטו בזיליקו,גרמים,180.00,100 גרם,false,,12.90,0.0717,true,1,126851
7290005403965,false,פולי סויה 800 גר' שד,,,פולי סויה 800 גר' שד,גרמים,800.00,100 גרם,false,,16.90,0.0211,true,1,113925
7290005403989,false,במיה קפואה 600 גרם ש,,,במיה קפואה 600 גרם ש,גרמים,600.00,100 גרם,false,,13.90,0.0232,true,1,110647
7290005423567,false,מטליות לניקוי כללי בגליל 40 יח' סנו סושי,אסותא תעשיות אלבד בע,IL,סנו סושי מטלית לכל 3,יחידה,0.00,יחידה,false,,22.00,0.0000,true,1,32084
7290005424700,false,סנו - פורטה פלוס מרסס מסיר שומנים 1 ליטר,סנו,IL,פורטה פלוס - קצף ברי,מיליליטרים,1.00,"100 מ""ל",false,,19.90,19.9000,true,1,127226
7290005425646,false,סנו קליר ספריי אקדח לניקוי והברקת חלונות 1ל',"סנו מפעלי ברונוס בע""",IL,סנוקליר נוזל רב תכלי,יחידה,0.00,יחידה,false,,12.90,0.0000,true,1,32119
7290005426193,false,ספוג הפלא אריזת סנו 6יח',טרופיקל דגיל תעשיות,IL,סנו סושי ספוג הפלא,יחידה,0.00,יחידה,false,,12.90,0.0000,true,1,32129
7290005426971,false,סנובון כחול בריח תפוח 3 יח' * 55 ג',קריות זול,IL,סנובון כחול שלישיה ב,גרמים,165.00,100 גרם,false,,18.90,0.1145,true,1,32146
7290005430602,false,"סנו - אוקסיג'ן מרסס מסיר כתמים 750 מ""ל","סנו מפעלי ברונוס בע""",IL,סנו אוקסיג'ן מסיר כת,מיליליטרים,750.00,"100 מ""ל",false,,20.90,0.0279,true,1,32192
7290005431883,false,קינוח מלבי חלבי עדן,עדן קינוחים Eden,IL,עדן מלבי חלבי 165 גר,גרמים,165.00,100 גרם,false,,8.20,0.0497,true,1,206204
7290005559709,false,בורקס פיצה מעדנות 700 ג',"מעדנות בע""מ",IL,בורקס פיצה 700 גרם,גרמים,700.00,100 גרם,false,,29.90,0.0427,true,1,70290
7290005559907,false,פיצה משפחתית גבינה 500 ג' מעדנות,מיוצר עי קונדיטוריית,IL,פיצה משפחתית גבינה 5,גרמים,500.00,100 גרם,false,,24.90,0.0498,true,1,38993
7290005591761,false,דבש טהור מפרחי בר בלחיץ 400 ג' יד מרדכי,מכוורת יד מרדכי שטרא,IL,דבש טהור מפרחי בר בל,גרמים,400.00,100 גרם,false,,27.00,0.0675,true,1,24097
7290005610127,false,תפו`א גורמה לבן דוד,אראל תוצרת חקלאית בע,IL,תפו`א גורמה לבן דוד,קילוגרמים,1.00,"ק""ג",true,,7.90,7.9000,true,1,55179
7290005838002,false,מעדן גבינה ויוגורט בטעם וניל 88 ג' דניאלה,"שטראוס בריאות בע""מ",IL,דניאלה מעדן גבינה 15,מיליליטרים,150.00,"100 מ""ל",false,,4.50,0.0300,true,1,24803
7290005838613,false,שטראוס גבינת וניל 3% 125ג,"שטראוס בריאות בע""מ",IL,גבינה וניל 3% סקי 12,גרמים,125.00,100 גרם,false,,3.90,0.0312,true,1,24804
7290005839078,false,"דנונה יוגורט ביו 3% לבן מארז 150X8מ""ל",מיוצר עי קונדיטוריית,IL,דנונה ביו מארז חסכון,קילוגרמים,1.20,"ק""ג",false,,17.90,14.9167,true,1,24806
7290005839108,false,סימפוניה 5% עם זיתים 200 ג' שטראוס,"שטראוס בריאות בע""מ",IL,סימפוניה עם זיתים 5%,גרמים,200.00,100 גרם,false,,12.90,0.0645,true,1,24807
7290005839313,false,"מילקי טופ שוקולד מגולגל 170 מ""ל",מיוצר עי קונדיטוריית,IL,מילקי טופ מגולגלת 14,מיליליטרים,142.00,"100 מ""ל",false,,5.00,0.0352,true,1,24808
7290005966088,false,"יין הר חרמון אדום עברית 750 מ""ל",יקב רמת הגולן,IL,יקבי רמת הגולן הר חר,מיליליטרים,750.00,"100 מ""ל",false,,39.90,0.0532,true,1,115747
7290005992018,false,יוגורט עיזים 3% שומן 500 ג' גד,"מיוצר ע""י קוד יצרן M",IL,גד יוגורט עיזים 3% 5,מיליליטרים,500.00,"100 מ""ל",false,,14.40,0.0288,true,1,15461
7290005992575,false,בולגרית למריחה 5% 250 גרם - רבנות,מחלבות גד בעמ,IL,גד בולגרית למריחה 5%,גרמים,250.00,100 גרם,false,,19.50,0.0780,true,1,15464
7290006241689,false,לימון קפוא פריגת 340 ג',היינץ צפון אמריקה מק,IL,קפוא לימון 340 גרם,גרמים,340.00,100 גרם,false,,14.90,0.0438,true,1,7198
7290006251275,false,תה ויסוצקי ירוק סיני 25יח',קריות זול,IL,תה ירוק סיני,גרמים,37.50,100 גרם,false,,26.90,0.7173,true,1,26103
7290006251374,false,תה ירוק לימונית וגינגר 25 שקיקים ויסוצקי,קריות זול,IL,תה ירוק לימונית וג'י,גרמים,25.00,100 גרם,false,,26.90,1.0760,true,1,26106
7290006265548,false,נבטים סינים מרינה ארוז 360ג',"מרינה פטריות הגליל בע""מ",IL,נבטים סינים,יח',1.00,יח',false,,7.90,7.9000,true,1,55753
7290006271174,false,מעדנות גחנון לאפייה בתנור 700גר,מיוצר עי קונדיטוריית,IL,גחנון לאפיה בתנור מע,גרמים,700.00,100 גרם,false,,20.60,0.0294,true,1,70296
7290006271181,false,מעדנות גחנון אפוי 750 גרם,מיוצר עי קונדיטוריית,IL,מעדנות גחנון אפוי 75,גרמים,750.00,100 גרם,false,,29.70,0.0396,true,1,39001
7290006271648,false,"מיני בורקס תפו""א 800 ג' מעדנות","מעדנות בע""מ",IL,מיני בורקס תפו`א 800,גרמים,800.00,100 גרם,false,,24.90,0.0311,true,1,121115
7290006271655,false,מיני בורקס גבינה 800 ג' מעדנות,מיוצר עי קונדיטוריית,IL,מיני בורקס גבינה 800,גרמים,800.00,100 גרם,false,,27.90,0.0349,true,1,121116
7290006272072,false,חטיפי פיצה בשקית מעדנות 650ג',"מעדנות בע""מ",IL,חטיפי פיצה מעדנות 65,גרמים,650.00,100 גרם,false,,36.90,0.0568,true,1,121118
7290006272430,false,בצק עלים חמאה מעדנות 600 ג',מיוצר עי קונדיטוריית,IL,בצק עלים חמאה 600 גר,גרמים,600.00,100 גרם,false,,32.60,0.0543,true,1,39011
7290006306296,false,רביולי לורנצו גבינה 400ג' פסטה נונה,פסטנונה רמת דלטון מר,IL,פסטה נונה פסטה נונה,גרמים,400.00,100 גרם,false,,29.50,0.0738,true,1,27714
7290006306302,false,רביולי במילוי גבינות פרמזן ריקוטה 400 ג' פסטה נונה,פסטה נונה Pasta Nonn,IL,פסטה נונה ריביולי פר,גרמים,400.00,100 גרם,false,,29.50,0.0738,true,1,27715
7290006342065,false,בוטנים קלויים 200 ג ששון הקולה,,,בוטנים קלויים 200 ג,גרמים,200.00,100 גרם,false,,8.90,0.0445,true,1,5282
7290006342560,false,בוטנים אמריקאים מצופ,דין שיווק,IL,בוטן אמריקאי 200 גרם,גרמים,200.00,100 גרם,false,,8.90,0.0445,true,1,118446
7290006374738,false,קונפיטורה תות 340 ג' יד מרדכי,אף.סי תבליני בגליל ב,IL,קונפיטורת תות יד מור,גרמים,340.00,100 גרם,false,,13.90,0.0409,true,1,24104
7290006449955,false,מלפפון בייבי מארז,"מרינה פטריות הגליל בע""מ",IL,מלפפון בייבי,יח',1.00,יח',false,,9.90,9.9000,true,1,333950
7290006492432,false,גבינת מוצרלה בייבי 18% 300 ג' גד,מחלבות גד בעמ,IL,גד בייבי מוצרלה 150ג,גרמים,170.00,100 גרם,false,,17.00,0.1000,true,1,15467
7290006492616,false,גבינה בולגרית פרוסות 5% 250 ג' גד,DSH עבור מחלבות גד ב,IL,גד בולגרית פרוסות 5%,גרמים,250.00,100 גרם,false,,30.50,0.1220,true,1,15469
7290006492630,false,גליל גד עז 22% 180 גרם - רבנות,מחלבות גד בעמ,IL,גד גבינת גליל גד עזי,גרמים,180.00,100 גרם,false,,24.60,0.1367,true,1,114851
7290006492685,false,לאבנה עיזים 5% 250 גרם - רובין,מחלבות גד בעמ,IL,גד לאבנה עזים 3% 250,גרמים,250.00,100 גרם,false,,20.40,0.0816,true,1,15472
7290006492852,false,גבינת עיזים למריחה 5% שומן 250 ג' גד,קריות זול,IL,גד גבינת עיזים למריח,גרמים,250.00,100 גרם,false,,20.00,0.0800,true,1,15473
7290006494917,false,מרמולייט ופל בטעם שוקולד 180 ג',"איטיליאן פוד, אס.פי.",IL,טוסו וופל טעם שוקולד,גרמים,180.00,100 גרם,false,,12.50,0.0694,true,1,6471
7290006511751,false,פטריות שמפניון חתוך ויליפוד 290X3 ג' בד”צ,לוטס,,פטריות חתוכות ויליפו,גרמים,870.00,100 גרם,false,,13.00,0.0149,true,1,3608
7290006567048,false,קוסקוס ישראלי מפתול אסם 350ג',"מיוצר ע""י קוד יצרן K",IL,קוסקוס ישראלי בשקית,גרמים,350.00,100 גרם,false,,8.90,0.0254,true,1,68699
7290006644480,false,"תפוזינה תפוזים 500 מ""ל","יפאורה תבורי בע""מ",IL,משקה תפוזים Move תפו,מיליליטרים,500.00,"100 מ""ל",false,,6.20,0.0124,true,1,12254
7290006652027,false,במבה מארז 20 יח' *15ג' אסם,מיוצר עי קונדיטוריית,IL,במבה יום הולדת מאח.1,גרמים,300.00,100 גרם,false,,25.90,0.0863,true,1,21324
7290006664051,false,"אקטימל לבן מארז 100X14 מ""ל",מיוצר עי קונדיטוריית,IL,אקטימל טבעי 14*100מל,ליטרים,1.40,ליטר,false,,33.90,24.2143,true,1,24814
7290006664402,false,גבינה 5% שומן 750 ג' שטראוס,מיוצר עי קונדיטוריית,IL,שטראוס גבינה 5% 750ג,גרמים,750.00,100 גרם,false,,14.25,0.0190,true,1,24819
7290006664532,false,יוגורט עם תות 3% שומן 150 ג' דנונה,מיוצר עי קונדיטוריית,IL,דנונה תות 3% 150מל,גרמים,150.00,100 גרם,false,,3.90,0.0260,true,1,24820
7290006664655,false,"אקטימל לבן טבעי מארז 100X8 מ""ל",מיוצר עי קונדיטוריית,IL,אקטימל טבעי 8*100מל,מיליליטרים,800.00,"100 מ""ל",false,,22.90,0.0286,true,1,24822
7290006664693,false,יוגורט עם אפרסק 3% שומן 150 ג' דנונה,מיוצר עי קונדיטוריית,IL,דנונה אפרסק 3% 150מל,גרמים,150.00,100 גרם,false,,3.90,0.0260,true,1,24823
7290006664990,false,דנונה ביו מארז חיסכון 1.5% 8 יח' *150 ג',מיוצר עי קונדיטוריית,IL,דנונה ביו מארז חיסכו,קילוגרמים,1.20,"ק""ג",false,,17.90,14.9167,true,1,24826
7290006681065,false,טעמקור XLוניל עם שוק,"מיוצר ע""י גלידת שטרא",IL,טעמקור אקסטרא לארג,יחידה,0.00,יחידה,false,,8.90,0.0000,true,1,4812
7290006704511,false,"תפו""א גמדי אדום למיקרו מרינה 750ג'","מרינה פטריות הגליל בע""מ",IL,תפוא ננסי מיקרוגל,גרמים,750.00,100 גרם,false,,7.90,0.0105,true,1,55772
7290006739346,false,נקניקיות פרגיות טרי 400 גרם זוגלובק,נקניק נהריה כשר זוגל,IL,נקניקיות פרגיות טרי,גרמים,400.00,100 גרם,false,,19.90,0.0497,true,1,42737
7290006739407,false,שניצל תירס לייט 630 ג' זוגלובק,נקניק נהריה כשר זוגל,IL,שניצל תירס לייט 630,גרמים,600.00,100 גרם,false,,31.90,0.0532,true,1,121379
7290006741363,false,"בורקס תפו""א זוגלובק בד""צ 800ג'",מאפיית אריאל וגידרון,IL,"זוגלובק בורקס תפו""א",גרמים,800.00,100 גרם,false,,16.90,0.0211,true,1,121386
7290006742292,false,פסטרמה הודו בדבש 330 ג' זוגלובק,נקניק נהריה כשר זוגל,IL,פסטרממיה בדבש 1% 330,גרמים,330.00,100 גרם,false,,33.90,0.1027,true,1,42769
7290006788436,false,"קרליין - נושם פיור דאודורנט רול און לאישה ורוד 75 מ""ל",משווק: קוסמופארם בעמ,IL,דאו' רולאון נושם פיו,גרמים,75.00,100 גרם,false,,14.90,0.1987,true,1,32237
7290006788443,false,"קרליין - נושם אוקסיג'ן דאודורנט רול און לאישה סגול 75 מ""ל",מולינו ניקולי s.p.a,IL,דאו' רולאון נושם אוק,גרמים,75.00,100 גרם,false,,14.90,0.1987,true,1,32238
7290006788498,false,"קרליין - נושם פיור דאודורנט ספריי לאישה ורוד 200 מ""ל",מיוצר עי : אמיליה קו,IL,דאו' תרסיס נושם ורוד,מיליליטרים,200.00,"100 מ""ל",false,,13.90,0.0695,true,1,32243
7290006804907,false,פיתות אסלי קפוא 5 יח' אפיה,פילסברי,,פיתות אסלי 5 יח',גרמים,500.00,100 גרם,false,,8.90,0.0178,true,1,217043
7290006908377,false,שקד טבעי חממה 150 גר,בוטנת,,שקד טבעי 150 גר` פיצ,גרמים,150.00,100 גרם,false,,17.90,0.1193,true,1,128558
7290006983152,false,קרוטונים מתובלים למרק 400 ג' אסם,עינת תעשיות מזון,IL,קרוטונים מתובלים אסם,גרמים,400.00,100 גרם,false,,20.90,0.0522,true,1,119864
7290006983176,false,אוסם - לחמית שיפון 250 גרם,"אסם השקעות בע""מ",IL,לחמית שיפון אסם 250,גרמים,230.00,100 גרם,false,,9.90,0.0430,true,1,21331
7290006983763,false,עוגת הבית שוקולד 400 גרם אסם.,מיוצר עי קונדיטוריית,IL,עוגת הבית שוקולד 400,גרמים,400.00,100 גרם,false,,14.90,0.0373,true,1,119867
7290006983787,false,עוגת הבית שוקוציפס 400 גרם אסם,מיוצר עי קונדיטוריית,IL,עוגת הבית שוקוציפס 4,גרמים,400.00,100 גרם,false,,14.90,0.0373,true,1,21337
7290006983794,false,עוגת הבית תפוז 400 ג' אסם,מיוצר עי קונדיטוריית,IL,עוגת הבית תפוז 400גר,גרמים,400.00,100 גרם,false,,14.90,0.0373,true,1,21338
7290008116541,false,"שטיפת פה ליסטרין קול מינט 500 מ""ל",ג'ונסון אנד ג'ונסון,IT,מי פה ליסטרין בטעם מ,מיליליטרים,500.00,"100 מ""ל",false,,23.90,0.0478,true,1,31620
7290008175210,false,גבינת פרמזן מגורדת 90ג' ויליפוד,זנטי אס.איי.,IT,וילי פוד פרמזן מגורד,גרמים,90.00,100 גרם,false,,18.20,0.2022,true,1,3610
7290008268288,true,מארז תפוח קריפס פינק,,,מארז תפוח קריפס פינק,גרמים,900.00,100 גרם,false,,13.90,0.0154,true,1,514767
7290008268301,false,אוכמניות יחידה,מרינה,IL,אוכמניות,גרמים,120.00,100 גרם,false,,14.90,0.1242,true,1,144588
7290008268455,false,קיווי ישראלי בראשית,חקלאי,IL,קיווי ארוז בראשית,יח',1.00,יח',false,,12.90,12.9000,true,1,374444
7290008343466,false,בצק פילו 500 ג' שלושת האופים,כלורוקס אוקלנד,IL,בצק פילו 500 גרם,גרמים,500.00,100 גרם,false,,21.90,0.0438,true,1,119632
7290008343565,false,"סיגרים תפו""א 1 ק""ג שלושת האופים",שלושת האופים,IL,סיגרים תפו`א 1 ק`ג ש,קילוגרמים,1.00,"ק""ג",false,,17.90,17.9000,true,1,500199
7290008343602,false,"קובה בשר 1 ק""ג שלושת האופים",שלושת האופים,IL,קובה בשר 1 ק`ג שלושת,קילוגרמים,1.00,"ק""ג",false,,17.90,17.9000,true,1,500232
7290008345583,false,"סלט איקרה ורודה, 300 גרם דלידג",כלורוקס אוקלנד,IL,300 איקרה ביתית ורוד,גרמים,300.00,100 גרם,false,,20.90,0.0697,true,1,18703
7290008409100,false,אצבעות שניצל ציפוי שומשום 700 ג' מאמא עוף,תנובה גליל שותפות מו,IL,אצבעות שניצל ציפוי ש,גרמים,700.00,100 גרם,false,,38.90,0.0556,true,1,28307
7290008409124,false,מאמא עוף קפוא שניצל ג'ונגל פריך 700 גרם,תנובה גליל שותפות מו,IL,מאמא עוף קפוא שניצל,גרמים,700.00,100 גרם,false,,38.90,0.0556,true,1,28308
7290008409216,false,מאמא עוף קפוא שניצל דק פריך 700 גרם,תנובה גליל,IL,מאמא עוף קפוא שניצל,גרמים,700.00,100 גרם,false,,43.90,0.0627,true,1,28309
7290008409315,false,מיני מיני דק שניצלונים בציפוי פריך מאמא עוף 500 ג',תנובה גליל,IL,מאמא עוף מיני דק שני,גרמים,500.00,100 גרם,false,,29.50,0.0590,true,1,28312
7290008409551,false,שניצל עוף אמיתי בציפוי מעודן 700 ג' מאמא עוף,תנובה גליל שותפות מו,IL,שניצל עוף אמיתי בציפ,גרמים,700.00,100 גרם,false,,44.50,0.0636,true,1,28320
7290008409605,false,כוכבי עוף מאמא עוף 700 גר',תנובה גליל שותפות מו,IL,כוכבי עוף בציפוי מעו,גרמים,700.00,100 גרם,false,,38.90,0.0556,true,1,28324
7290008443616,false,"מרכך לשיער יבש אדום 750 מ""ל נקה 7",אמיליה קוסמטיקס בעמ,IL,מרכך לשיער יבש אדום,מיליליטרים,750.00,"100 מ""ל",false,,12.90,0.0172,true,1,32313
7290008462259,false,חרדל דיזון חריף מייל,יוניליוור צרפת,FR,חרדל דיזון חריף גרגי,גרמים,380.00,100 גרם,false,,19.90,0.0524,true,1,18714
7290008464222,false,"בירה מכבי 7.9% פחית 500 מ""ל","טמפו משקאות בע""מ",IL,מכבי 7.9 פחית 500 מל,מיליליטרים,500.00,"100 מ""ל",false,,9.50,0.0190,true,1,67484
7290008464338,false,"בירה מכבי בקבוק ח""פ 330 מ""ל",בירה מכבי,IL,"מכבי בקבוק ח""פ 330מ""",מיליליטרים,330.00,"100 מ""ל",false,,8.10,0.0245,true,1,118895
7290008464468,false,"בירה גולדסטאר פחית 500 מ""ל","טמפו משקות בע""מ",IL,"גולדסטאר פחית 500מ""ל",מיליליטרים,500.00,"100 מ""ל",false,,9.90,0.0198,true,1,10281
7290008464475,false,"בירה מכבי פחית 500 מ""ל","טמפו משקאות בע""מ",IL,"מכבי פחית 500מ""ל",מיליליטרים,500.00,"100 מ""ל",false,,8.80,0.0176,true,1,10282
7290008464604,false,"בירה היינקן פחית 500מ""ל",טמפו משקאות בע''מ,NL,הייניקן בירה פח 500מ,מיליליטרים,500.00,"100 מ""ל",false,,13.90,0.0278,true,1,67487
7290008464697,false,"בירה מכבי 7.9% מארז 330X6 מ""ל",טמפו,,מכבי 7.9% בקבוק 6* 3,ליטרים,1.98,ליטר,false,,37.90,19.1414,true,1,67488
7290008464741,false,"בירה גולדסטאר בק' מארז 330X6מ""ל",קריות זול,IL,"גולדסטאר ח""פ בקבוק 6",ליטרים,1.98,ליטר,false,,40.90,20.6566,true,1,10292
7290008464796,false,"בירה היינקין ח""פ בקבוק 330X6מ""ל",קריות זול,IL,"הייניקן בקבוק ח""פ 6*",ליטרים,1.98,ליטר,false,,46.90,23.6869,true,1,67493
7290008636933,false,אגוזי מלך גרוסים 100 גר' מיה,מיה תעשיות מזון,IL,אגוז מלך גרוסים 100,גרמים,100.00,100 גרם,false,,15.80,0.1580,true,1,52677
7290008644235,false,עלי בייבי טעם הטבע 1,שטראוס בריאות ירקות,IL,עלי בייבי 120 ג ירקו,גרמים,120.00,100 גרם,false,,10.90,0.0908,true,1,55792
7290008644945,false,סלט המושבה שטופים שט,שטראוס בריאות ירקות,IL,סלט המושבה 450 ג ירק,גרמים,450.00,100 גרם,false,,13.90,0.0309,true,1,24831
7290008670142,false,"יין רקנאטי יסמין אדום 2019 750 מ""ל",יקב רקאנטי,IL,רקנאטי יסמין אדום 75,מיליליטרים,750.00,"100 מ""ל",false,,39.90,0.0532,true,1,8042
7290008690713,false,פריגת אושן ספריי חמוציות 1ל',מבשלות בירה בינלאומי,IL,אושן ספרי חמוציות 1ל,ליטרים,1.00,ליטר,false,,13.50,13.5000,true,1,7732
7290008693134,false,מעדן גבינה ויוגורט בטעם תות 5% שומן 88 ג' דניאלה,"שטראוס בריאות בע""מ",IL,דניאלה תות מעדן גבינ,מיליליטרים,150.00,"100 מ""ל",false,,4.50,0.0300,true,1,24833
7290008745239,false,תפוצ'יפס אקסטרא טבעי 50 ג',"שטראוס פריטו ליי בע""",IL,תפוציפס קראנץ טבעי 5,גרמים,50.00,100 גרם,false,,4.50,0.0900,true,1,25339
7290008747547,false,תפוצ'יפס אקסטרא 200גר טבעי,"שטראוס פריטו ליי בע""",IL,תפוציפס קראנץ טבעי 2,גרמים,200.00,100 גרם,false,,10.90,0.0545,true,1,114899
7290008752244,false,תפוצ'יפס אקסטרא גריל 50 גרם,"שטראוס פריטו ליי בע""",IL,תפוציפס קראנץ גריל 5,גרמים,50.00,100 גרם,false,,4.50,0.0900,true,1,25347
7290008753111,false,תפוציפס קראנץ מקסיקנ,"שטראוס פריטו ליי בע""",IL,תפוציפס מקסיקני 50גר,גרמים,50.00,100 גרם,false,,4.50,0.0900,true,1,25349
7290008754422,false,גומי מאסט בטעם פפרמינט קלאסי פליפטופ 28 ג' עלית,"שטראוס גרופ בע""מ",IL,מאסט מנטה קלאסי 28ג,גרמים,28.00,100 גרם,false,,4.90,0.1750,true,1,24124
7290008775816,false,ערגליות שוקו חדש12*300גרם 2020,מיוצר עי קונדיטוריית,IL,ערגליות שוקולד 300 ג,גרמים,300.00,100 גרם,false,,11.90,0.0397,true,1,21347
7290008801010,false,"יין קברנה סוביניון מרלו פרייוט קולקשן 750 מ""ל",אגודת הכורמים הקאופו,IL,יין P.C קברנה סובי,מיליליטרים,750.00,"100 מ""ל",false,,44.90,0.0599,true,1,504
7290008801850,false,"יין סלקטד אמרלד ריזלינג 750מ""ל",אגודת הכורמים הקואופ,IL,יין סלקטד אמרלד ריזל,מיליליטרים,750.00,"100 מ""ל",false,,32.90,0.0439,true,1,516
7290008802291,false,"יין מרלו פרייוט קולקשן 750 מ""ל",אגודת הכורמים הקואופ,IL,"יין P.C מרלו 750מ""",מיליליטרים,750.00,"100 מ""ל",false,,44.90,0.0599,true,1,517
7290008802512,false,"יין וינו אדום יבש 750 מ""ל","כד בני דרום בע""מ",IL,יין וינו אדום יבש,מיליליטרים,750.00,"100 מ""ל",false,,23.90,0.0319,true,1,518
7290008802529,false,"יין לבן חצי יבש וינו 750 מ""ל",קריות זול,IL,יין וינו לבן יבש,מיליליטרים,750.00,"100 מ""ל",false,,23.90,0.0319,true,1,519
7290008805049,false,סלקטד זינפנדל כרמל מזרחי 750 מל,"כד בני דרום בע""מ",IL,יין סלקטד רוזה כרמל,מיליליטרים,750.00,"100 מ""ל",false,,32.90,0.0439,true,1,537
7290008806961,false,גלידה שוקולד שבבי שוקולד פרה 1.33 ל' קרמיסימו,"גלידת שטראוס בע""מ, ר",IL,קרמיסימו שוקולד שבבי,ליטרים,1.33,ליטר,false,,21.90,16.4662,true,1,4826
7290008806985,false,נישנושים גלידה שוקו וניל בציפוי שוקולד 60 יח' קרמיסימו,שטראוס גלידות,IL,קרמיסימו נישנושים ש.,גרמים,630.00,100 גרם,false,,50.90,0.0808,true,1,4827
7290008849609,false,אוליביה רוטב לכרעיים,אוליביה גורמה (1996),IL,רוטב שום דבש אוליבי,גרמים,330.00,100 גרם,false,,14.90,0.0452,true,1,499820
7290008849753,false,"רוטב טריאקי עשיר 360 מ""ל",מיוצר עי קונדיטוריית,IL,רוטב טריאקי עשיר אול,מיליליטרים,300.00,"100 מ""ל",false,,14.90,0.0497,true,1,4138
7290008909761,false,"קרלסברג בקבוק יחיד 330מ""ל",מבשלות בירה בינלאומי,IL,קרלסברג בקבוק יחיד 3,מיליליטרים,330.00,"100 מ""ל",false,,8.90,0.0270,true,1,67260
7290008909853,false,קוקה קולה זירו בקבוק 500מל,החברה המרכזית לייצור,IL,קוקה קולה זירו 500 מ,מיליליטרים,500.00,"100 מ""ל",false,,7.90,0.0158,true,1,7222
7290008945172,false,גלילונית שקיות אשפה 52*65 40 יח',"אשפלסט תעשיות בע""מ",TH,גלילונית אשפה למטבח,יחידה,0.00,יחידה,false,,18.50,0.0000,true,1,114814
7290008975551,false,מטרנה מהדרין חסכון שלב 3 700 גרם,מולינו ניקולי s.p.a,IL,מטרנה מהדרין שלב 3,גרמים,700.00,100 גרם,false,,55.90,0.0799,true,1,21354
7290009018004,false,פיקדון בקבוק/פחית בו,Unknown,,פיקדון בקבוק/פחית בו,יחידה,0.00,יחידה,false,,0.30,0.0000,true,1,49
7290009018011,false,פיקדון בקבוק/פחיות ש,,,פיקדון בקבוק/פחיות ש,יחידה,0.00,יחידה,false,,1.80,0.0000,true,1,854
7290009018264,false,פיקדון בקבוק/פחית רב,,,פיקדון בקבוק/פחית רב,יחידה,0.00,יחידה,false,,1.20,0.0000,true,1,625
7290009174397,false,כריך עובד מגה,,,כריך עובד מגה,יחידה,0.00,יחידה,false,,1.50,0.0000,true,1,57382
7290010002023,false,מימון כורכום הודי טח,א.ל ייצור ושיווק תבל,IL,מימון כורכום הודי טח,גרמים,100.00,100 גרם,false,,12.90,0.1290,true,1,161
7290010002030,false,מימון כמון במיכל 100,א.ל ייצור ושיווק תבל,IL,מימון כמון במיכל 100,גרמים,100.00,100 גרם,false,,12.90,0.1290,true,1,162
7290010002092,false,פלפל שחור גרוס דק 90 גר',,,מימון פלפל שחור גרוס,גרמים,90.00,100 גרם,false,,15.90,0.1767,true,1,168
7290010002122,false,פפריקה הונגרית מתוקה,א.ל ייצור ושיווק תבל,IL,מימון פפריקה הונגרית,גרמים,100.00,100 גרם,false,,12.90,0.1290,true,1,171
7290010002146,false,פפריקה מרוקאית מתוקה,א.ל ייצור ושיווק תבל,IL,מימון פפריקה מרוקאית,גרמים,100.00,100 גרם,false,,12.90,0.1290,true,1,173
7290010002320,false,מימון תיבול לגריל עו,א.ל ייצור ושיווק תבל,IL,מימון תיבול לגריל עו,גרמים,100.00,100 גרם,false,,12.90,0.1290,true,1,182
7290010002382,false,מימון אורגנו במיכל 4,,,מימון אורגנו במיכל 4,גרמים,40.00,100 גרם,false,,10.50,0.2625,true,1,188
7290010002399,false,מימון בזיליקום 40 גר,,,מימון בזיליקום 40 גר,גרמים,40.00,100 גרם,false,,10.50,0.2625,true,1,189
7290010003051,false,פפריקה הונגרית מתוקה 400 גרם,,,מימון פפריקה הונגרית,גרמים,400.00,100 גרם,false,,27.40,0.0685,true,1,200
7290010003792,false,מימון מלח לימון שקית,א.ל ייצור ושיווק תבל,IL,מימון מלח לימון שקית,גרמים,100.00,100 גרם,false,,6.50,0.0650,true,1,213
7290010065318,false,פרינוק - ג'וניור תפוחי עץ 190 גרם,פרינוק,CZ,מחית פרינוק גוניור ת,גרמים,190.00,100 גרם,false,,6.90,0.0363,true,1,4156
7290010065349,false,פרינוק גרבר גוניור סלט פירות 190 גר',כלורוקס אוקלנד,CZ,מחית פרינוק גוניור ס,גרמים,190.00,100 גרם,false,,6.90,0.0363,true,1,4159
7290010066025,false,טונה בשמן פילטונה 158גרם,,,טונה בשמן פילטונה 15,גרמים,170.00,100 גרם,false,,6.90,0.0406,true,1,329170
7290010066513,false,נתחי טונה בשמן צמחי רביעיה *158ג' פילטונה,,,נתחי טונה בשמן צמחי,גרמים,632.00,100 גרם,false,,25.90,0.0410,true,1,28378
7290010066575,false,נתחי טונה במים רביעיה *158ג' פילטונה,,,נתחי טונה במים פילטו,גרמים,632.00,100 גרם,false,,25.90,0.0410,true,1,28380
7290010066582,false,נתחי טונה בשמן קנולה רביעיה * 158 ג' פילטונה,,,נתחי טונה בשמן קנולה,גרמים,632.00,100 גרם,false,,25.90,0.0410,true,1,28381
7290010116980,false,אבקת שוקולית שקית עלית 850 ג',הנסיך- מפעל לייצור ט,IL,שוקולית 850 גרם,גרמים,850.00,100 גרם,false,,18.90,0.0222,true,1,24136
7290010117864,false,דוריטוס בטעם חריף אש,שטראוס פריטו ליי בע,IL,דוריטוס חריף אש 70 ג,גרמים,70.00,100 גרם,false,,4.30,0.0614,true,1,25359
7290010118328,false,מארז תפוצ'יפס בטעם טבעי,שטראוס,IL,תפוצ'יפס טבעי 6*40 ג,גרמים,240.00,100 גרם,false,,13.90,0.0579,true,1,25363
7290010124213,false,סינטה בקר דק דק אל מטאדור 250 ג',בלאדי,IL,סינטה בקר דק דק אל מ,גרמים,250.00,100 גרם,false,,18.90,0.0756,true,1,143283
7290010153817,false,ריבת חלב אמיתי 400גרם,מיה תעשיות מזון בעמ,IL,ריבת חלב מיה 400 גרם,גרמים,400.00,100 גרם,false,,12.90,0.0323,true,1,15770
7290010153879,false,ריבת חלב מרוכזת בטעם שמנת מיה 400 גר',מיה תעשיות מזון בעמ,IL,ריבת חלב בטעם שמנת 4,גרמים,400.00,100 גרם,false,,12.90,0.0323,true,1,15776
7290010154012,false,לימון בלאדי - סלט לימון כבוש,תבליני ביטון יוחאי,IL,לימון כבוש 250 ביטון,גרמים,250.00,100 גרם,false,,15.90,0.0636,true,1,18717
7290010154241,false,סלט חזרת ריף ביטון 250 ג',תבליני ביטון יוחאי,IL,סלט חזרת ביטון 250 ג,גרמים,250.00,100 גרם,false,,15.90,0.0636,true,1,18720
7290010154685,false,סלט שום כתוש 250 ג' ביטון יוחאי,תבליני ביטון יוחאי,IL,סלט שום כתוש 250 גר',גרמים,250.00,100 גרם,false,,15.90,0.0636,true,1,123197
7290010192007,false,פטרוזיליה,,,פטרוזיליה,יח',1.00,יח',false,,4.90,4.9000,true,1,55800
7290010192014,false,שמיר,,,שמיר,יח',1.00,יח',false,,4.90,4.9000,true,1,55801
7290010192021,false,כוסברה ארוז,,,כוסברה,יח',1.00,יח',false,,4.90,4.9000,true,1,55802
7290010192038,false,שורש פטרוזיליה ארוז,,,שורש פטרוזיליה ארוז,יח',1.00,יח',false,,6.90,6.9000,true,1,55803
7290010192045,false,נענע יחידה,,,נענע יחידה,יח',1.00,יח',false,,4.90,4.9000,true,1,55804
7290010192052,false,סלרי עלים (אמריקאי),,,סלרי עלים (אמריקאי),יח',1.00,יח',false,,6.90,6.9000,true,1,55805
7290010192069,false,סלרי ראש ארוז,,,סלרי ראש ארוז,יח',1.00,יח',false,,6.90,6.9000,true,1,55806
7290010195268,false,פופקורן למיקרו בטעם טבעי מופחת שומן,פופ סטאר,US,פופסטאר פופקורן מופח,גרמים,425.00,100 גרם,false,,17.50,0.0412,true,1,67195
7290010237579,false,סבן אפ פלסטיק 500מל,"טמפו משקאות בע""מ",IL,סבן אפ 500 מ'ל,מיליליטרים,500.00,"100 מ""ל",false,,5.90,0.0118,true,1,10304
7290010237685,false,"הייניקן בירה צואר ארוך 330מ""ל",טמפו משקאות בע''מ,IL,היינקן בירה צואר ארו,מיליליטרים,330.00,"100 מ""ל",false,,10.90,0.0330,true,1,10309
7290010429554,false,"שמן זית כתית מעולה יד מרדכי 2 קלאסי, 750 מ""ל",מכוורת יד מרדכי שטרא,IL,שמן זית כתית מעולה 2,מיליליטרים,750.00,"100 מ""ל",false,,38.90,0.0519,true,1,24141
7290010471669,false,יוגורט תות עם קורנפלקס מצופה שוקולד ללא גלוטן 3.9%,"שטראוס בריאות בע""מ",IL,דנונה קראנצ' יוגורט,מיליליטרים,175.00,"100 מ""ל",false,,4.90,0.0280,true,1,24834
7290010472307,false,מארז 8 יחידות משקה גמדים בטעם תות בננה,מיוצר עי קונדיטוריית,IL,גמדים לשתיה תות בננה,מיליליטרים,864.00,"100 מ""ל",false,,20.90,0.0242,true,1,24838
7290010472390,false,מארז 8 יחידות מעדן דני בטעם שוקולד 1.5%,מיוצר עי קונדיטוריית,IL,מארז דני שוקולד 8*,מיליליטרים,1000.00,"100 מ""ל",false,,16.90,0.0169,true,1,24839
7290010513727,false,פנקו פרורי לחם יפניי,קינגדאו גוניון פודס,CN,פנקו פרורי לחם יפניי,גרמים,200.00,100 גרם,false,,7.90,0.0395,true,1,22625
7290010627004,false,טחינה גולמית מסורתית ירושלים 500 ג',"בראשית ירושלים בע""מ",IL,טחינה ירושלים 500 גר,גרמים,500.00,100 גרם,false,,17.90,0.0358,true,1,26134
7290010650590,false,ריזוטו פטריות מיובשו,קרלו,IL,ריזוטו פטריות מיובשו,גרמים,285.00,100 גרם,false,,17.90,0.0628,true,1,99336
7290010690138,false,ברוקולי ארוז במגשית,חקלאי,IL,ברוקולי ארוז,יח',1.00,יח',false,,9.90,9.9000,true,1,55838
7290010931330,false,סלט מטבוחה אחלה 500ג,מיוצר עי קונדיטוריית,IL,אחלה מטבוחה 500ג,גרמים,500.00,100 גרם,false,,15.90,0.0318,true,1,24842
7290010945146,false,קוטג' 3% מועשר בסידן טרה 250 ג' מהדרין,קריות זול,IL,טרה קוטג מועשר 3% 25,גרמים,250.00,100 גרם,false,,5.50,0.0220,true,1,7226
7290010945450,false,טרה גבינה לבנה מהדרין 3% 250ג,קריות זול,IL,טרה גבינה לבנה מהדרי,גרמים,250.00,100 גרם,false,,4.98,0.0199,true,1,7230
7290011015862,false,"פריגת סירופ דיאט לימונענע 750 מ""ל",סירופ - גבעת חיים,IL,סירופ דיאט לימונענע,מיליליטרים,750.00,"100 מ""ל",false,,23.90,0.0319,true,1,7761
7290011017866,false,קוקה קולה קלאסי בפחית,החברה המרכזית לייצור,IL,קוקה קולה פחית סליק,מיליליטרים,330.00,"100 מ""ל",false,,5.70,0.0173,true,1,7791
7290011017873,false,"קוקה קולה זירו פחית 330 מ""ל",החברה המרכזית לייצור,IL,ZERO קולה פחית סליק,מיליליטרים,330.00,"100 מ""ל",false,,5.50,0.0167,true,1,7792
7290011017880,false,דיאט קוקה קולה פחית סליק 330מל,החברה המרכזית לייצור,IL,קולה דיאט פחית סליק,מיליליטרים,330.00,"100 מ""ל",false,,5.50,0.0167,true,1,7793
7290011018443,false,"פנטה אורנג פחית סליק 330 מ""ל",החברה המרכזית לייצור,IL,פאנטה אורנג פחית סלי,מיליליטרים,330.00,"100 מ""ל",false,,5.70,0.0173,true,1,7815
7290011018924,false,דיאט קוקה קולה פרידג'פק סליק 6*330מל,החברה המרכזית לייצור,IL,דיאט קוקה קולה פרידג,ליטרים,1.98,ליטר,false,,25.00,12.6263,true,1,7828
7290011051525,false,ספרינג טי קר אפרסק 500מל,,,ספרינג טי קר אפרסק 5,מיליליטרים,500.00,"100 מ""ל",false,,6.50,0.0130,true,1,12315
7290011064099,false,טאפס פלפלוני שרי ממולאים במעדן גבינה,"ניצן מותגי מזון בע""מ",IL,נועם פלפלוני שרי ממו,גרמים,125.00,100 גרם,false,,21.90,0.1752,true,1,6793
7290011065416,true,פלפל שחור מטחנה 60 ג,,,פלפל שחור מטחנה 60 ג,גרמים,60.00,100 גרם,false,,19.70,0.3283,true,1,81185
7290011126452,false,תה הגן הקסום קמומיל ונענע 25 יח',קריות זול,IL,תה קמומיל ונענע 1.5ג,גרמים,37.50,100 גרם,false,,19.90,0.5307,true,1,26145
7290011148911,false,פלפלים מתוקים טינקרב,מרינה פטריות הגליל,IL,פלפלים מתוקים טינקרב,גרמים,300.00,100 גרם,false,,9.90,0.0330,true,1,55869
7290011194215,false,מעדן גבינה ויוגורט בטעם בננה 5% שומן 88 ג' דניאלה,"שטראוס בריאות בע""מ",IL,"דניאלה בננה 150 מ""ל",מיליליטרים,150.00,"100 מ""ל",false,,4.50,0.0300,true,1,24843
7290011194246,false,קוטג שטראוס 5% עם סידן 250ג,מיוצר עי קונדיטוריית,IL,קוטג שטראוס 5% עם סי,גרמים,250.00,100 גרם,false,,6.00,0.0240,true,1,24844
7290011236649,false,שקדיה שוקולד צ'יפס בלגי 300 ג',קריות זול,,שוקולד צ'יפס בלגי שק,גרמים,300.00,100 גרם,false,,10.90,0.0363,true,1,5319
7290011249748,false,רולים גלילי ופל במילוי קרם שוקולד 100 ג' עלמה,גילרו,,גילרו רולים שוקו 100,גרמים,100.00,100 גרם,false,,5.40,0.0540,true,1,121630
7290011254018,false,שעועית מש מיה 500 גר',מיה תעשיות מזון,IL,שעועית מש 500 גרם,גרמים,500.00,100 גרם,false,,10.90,0.0218,true,1,15782
7290011254032,false,קינואה מיה 500 גרם,מיה,IL,קינואה 500 גרם,גרמים,500.00,100 גרם,false,,14.90,0.0298,true,1,15784
7290011254469,false,סוכריות לימון ללא סוכר 80גרם,מיה תעשיות מזון,IL,סוכריות ללא סוכר לימ,גרמים,80.00,100 גרם,false,,6.50,0.0813,true,1,15815
7290011254780,false,"שעועית ארגנטינאית יבשה מיה 1 ק""ג",מיה,IL,מיה שעועית ארגנטינאי,קילוגרמים,1.00,"ק""ג",false,,19.90,19.9000,true,1,15832
7290011378776,false,חלבה חטיף פיסטוק בארכה בקטנה מארז 126ג',רושדי תעשיות מזון בע,IL,בארכה בקטנה מאגדת פי,גרמים,120.00,100 גרם,false,,14.50,0.1208,true,1,21363
7290011379018,false,פטריות טריות מיקס מרינה זוגי 250X2ג',"מרינה פטריות הגליל בע""מ",IL,פטריות צמד חמד,גרמים,500.00,100 גרם,false,,16.90,0.0338,true,1,55873
7290011438142,false,"משקה יטבתה אייס קפה בבקבוק אישי 350 מ""ל",שטראוס גרופ,IL,יטבתה אייס קפה בבקבו,מיליליטרים,350.00,"100 מ""ל",false,,6.90,0.0197,true,1,24850
7290011499105,false,בולגרית מסורתית 5% 250 גרם -רבנות,ג'נרל מילס סאן אדריא,IL,גד בולגרית 5% 250ג,גרמים,250.00,100 גרם,false,,24.90,0.0996,true,1,15476
7290011499112,false,בולגרית מסורתית 16% 250 גרם - רבנות,"מיוצר ע""י dsh",IL,גד בולגרית 16% 250ג,גרמים,250.00,100 גרם,false,,24.90,0.0996,true,1,114853
7290011499129,false,בולגרית מעודנת קוביות קטנות 5% 200 גרם - רבנות,קוד יצרן DSH,IL,גד בולגרית מעודנת קו,גרמים,200.00,100 גרם,false,,25.30,0.1265,true,1,15478
7290011499358,false,פטה עיזים מסורתית 20% בגביע 200 גרם - רובין,מיוצר על ידי קוד יצר,IL,גד פטה עיזים 20% 200,גרמים,200.00,100 גרם,false,,30.90,0.1545,true,1,15487
7290011499419,false,גבינה במרקם שמנת בטעם טבעי 5% ניו יורק,מחלבות גד,IL,גבינה במרקם שמנת 5%,גרמים,200.00,100 גרם,false,,12.70,0.0635,true,1,116720
7290011499624,false,שמנת 30% ניו יורק טבעי 200 גרם רבנות,מחלבות גד,IL,גד ניו יורק גבינת שמ,גרמים,200.00,100 גרם,false,,14.70,0.0735,true,1,15494
7290011515683,false,מעדן קפוא אקסטרים Extreme בטעם וניל - 6 יח',תות תעשיות מזון (201,IL,אקסטרים וניל מאגדת 6,גרמים,432.00,100 גרם,false,,39.90,0.0924,true,1,17020
7290011525712,false,"קמיל בלו סנסיטיב אל סבון לפני השינה, 1 ליטר","ד""ר פישר Dr fischer",IL,קמיל בלו סנסיטיב לפנ,יחידה,0.00,יחידה,false,,33.90,0.0000,true,1,31368
7290011530525,false,מיקס פירות קפואים שייק איט צהוב - 3*150 ג',"הבו-קדו בע""מ",IL,שייק איט יום שלישי 4,גרמים,450.00,100 גרם,false,,33.90,0.0753,true,1,235454
7290011530549,false,מיקס פירות קפואים שייק איט ורוד - 3*150 ג',"הבו-קדו בע""מ",IL,שייק איט יום ראשון 4,גרמים,450.00,100 גרם,false,,33.90,0.0753,true,1,235456
7290011530747,false,מיקס פירות קפואים שייק איט סגול - 3*150 ג',"הבו-קדו בע""מ",IL,שייק איט יום רביעי 4,גרמים,450.00,100 גרם,false,,33.90,0.0753,true,1,235458
7290011553876,false,פרורי לחם קלאסי שקית,,,פרורי לחם קלאסי שקית,גרמים,800.00,100 גרם,false,,12.90,0.0161,true,1,504760
7290011593087,false,"שמן זית כתית מעולה 750 מ""ל סבא חביב",סאן אויל עיבוד ושיוו,IL,סבא חביב שמן זית כתי,מיליליטרים,750.00,"100 מ""ל",false,,33.90,0.0452,true,1,51653
7290011593742,false,"שמן זית פיקואל 750 מ""ל סבא חביב",,,שמן זית פיקואל הסדרה,מיליליטרים,750.00,"100 מ""ל",false,,44.00,0.0587,true,1,489814
7290011598211,false,"סנו - אנטי קאלק מרסס ניקוי כללי 4 ב-1 700 מ""ל",מיוצר עי קונדיטוריית,IL,מנקה כללי אנטיקאלק 7,מיליליטרים,700.00,"100 מ""ל",false,,19.90,0.0284,true,1,32483
7290011599836,false,משפר אפיה טבעי 100 ג' רובינפלד,,,משפר אפיה רובינפלד 1,גרמים,100.00,100 גרם,false,,11.90,0.1190,true,1,121263
7290011607197,false,"אבקת כביסה קולון 5 ק""ג",רקיט בנקיזר,IL,"קולון 101 5 ק""ג",קילוגרמים,5.00,"ק""ג",false,,44.90,8.9800,true,1,22869
7290011615260,false,עלי טורטיה 12X20יח' ויליפוד 540ג',מוטלוקל גידה סאנאי ט,TR,"עלי טורטיה בד""ץ וילי",גרמים,540.00,100 גרם,false,,8.90,0.0165,true,1,118295
7290011659004,false,שום כתוש קפוא צנצנת,,,צנצנת שום כתוש קפוא,גרמים,200.00,100 גרם,false,,14.90,0.0745,true,1,34259
7290011659073,false,מגשית קוביות שום כתו,,,קוביות שום קפוא 80 ג,גרמים,80.00,100 גרם,false,,12.90,0.1613,true,1,34265
7290011860271,false,ביסבול כדורי פירה בציפוי פריך,"תעשיות תפוגן בע""מ",IL,תפוגן ביס בול טבעי 7,גרמים,700.00,100 גרם,false,,17.90,0.0256,true,1,22141
7290011877156,false,"מבשם אוויר, בגדים וארונות פרש בניחוח מאסק",מיוצר עי קונדיטוריית,IL,סנו פרש ענק מאסק 375,מיליליטרים,375.00,"100 מ""ל",false,,11.90,0.0317,true,1,114928
7290011912642,false,מי פה ליסטרין מנטה רענן,ליסטרין Listerine,,מי פה טאגד ליסטרין 5,מיליליטרים,500.00,"100 מ""ל",false,,23.90,0.0478,true,1,31645
7290012019265,false,"רסק תפו""ע דיאט תומר מארז 113X4ג'",Cherry growers inc,,"מחית תפו""ע ללא סוכר",גרמים,452.00,100 גרם,false,,11.90,0.0263,true,1,26456
7290012086113,false,עגבניות שרי צימן קופסא 500ג',ירקט,IL,עגבניות שרי,גרמים,500.00,100 גרם,false,,9.90,0.0198,true,1,55878
7290012117558,false,מרכך כביסה קומפקט מאסק ורוד סנו מקסימה 1 ל',"סנו מפעלי ברונוס בע""",IL,סנו מקסימה מרכך קומפ,יחידה,0.00,יחידה,false,,18.90,0.0000,true,1,32568
7290012159275,false,מיונז אמיתי לינה 430,לינה,,מיונז לינה 430גר' כש,גרמים,430.00,100 גרם,false,,14.90,0.0347,true,1,11924
7290012191084,false,המנגליסט גפרורים עשי,,,המנגליסט גפרורים עשי,יחידה,0.00,יחידה,false,,3.50,0.0000,true,1,8468
7290012191091,false,מדליק פחמים המנגליסט,,,מדליק פחמים המנגליסט,יחידה,0.00,יחידה,false,,5.50,0.0000,true,1,229085
7290012226120,false,קבנוס זוגלובק 135גר,נקניק נהריה כשר זוגל,IL,זוגלובק קבנוס 135ג.,גרמים,135.00,100 גרם,false,,12.90,0.0956,true,1,42779
7290012226342,false,נקניקיה טבעונית למחבת או לתנור עשירה בחלבון,זוגלו'ס Zoglos,,נקניקיה מן הצומח טבע,גרמים,460.00,100 גרם,false,,32.90,0.0715,true,1,122233
7290012227912,false,קבנוס עודן 135 ג' זוגלובק,זוגלובק,,קבנוס מעודן זוגלובק,גרמים,135.00,100 גרם,false,,12.90,0.0956,true,1,42830
7290012367717,false,קרם ידיים וציפורניים Intensive relief לעור יבש ומגורה,פישר מעבדות פרמצבטיו,IL,קרם ידיים אפקטיב קר,מיליליטרים,150.00,"100 מ""ל",false,,16.90,0.1127,true,1,31382
7290012372100,false,"קמח חיטה מלא 80% 1 ק""ג רובינפלד",,,קמח חיטה 80% רובינפל,קילוגרמים,1.00,"ק""ג",false,,11.90,11.9000,true,1,121264
7290012372209,false,"קמח חיטה לבן 1 ק""ג רובינפלד",,,קמח חיטה לבן מנופה ר,קילוגרמים,1.00,"ק""ג",false,,8.90,8.9000,true,1,423842
7290012454172,false,סוכריות ללא סוכר בטעם יוגורט- תות שדה,מיה תעשיות מזון,IL,סוכריות ללא סוכר בטע,גרמים,80.00,100 גרם,false,,6.50,0.0813,true,1,15854
7290012561405,false,בצל חצי מטוגן דורות 180 גרם,עיצובים 2020 (3.8),IL,בצל חצי מטוגן דורות,גרמים,180.00,100 גרם,false,,12.50,0.0694,true,1,22154
7290012576607,false,"יין פרימייר אדום קברנה סובניון ומלבק 750 מ""ל","ברקן שיווק והפצה בע""",IL,ברקן יין פרמייר אדום,מיליליטרים,750.00,"100 מ""ל",false,,26.90,0.0359,true,1,10357
7290012645112,false,"יוגורט עיזים בדלי חלב הארץ 750מ""ל",מחלבות סוסיא,IL,יוגורט עיזים בדלי 75,מיליליטרים,750.00,"100 מ""ל",false,,21.90,0.0292,true,1,24865
7290012645129,false,"יוגורט כבשים בדלי חלב הארץ 750מ""ל",מחלבות סוסיא,IL,יוגורט כבשים בדלי 75,מיליליטרים,750.00,"100 מ""ל",false,,21.90,0.0292,true,1,24866
7290012645297,false,סוסיא יוגורט עיזים ביו 2.8% ט.טבעי 150מל,מחלבות סוסיא,IL,סוסיא יוגורט עיזים ב,מיליליטרים,150.00,"100 מ""ל",false,,5.90,0.0393,true,1,24871
7290012645389,false,יוגורט עיזים טבעי חלב הארץ 1 ל',מחלבות סוסיא,IL,חלב הארץ יוגורט ביו,ליטרים,1.00,ליטר,false,,23.50,23.5000,true,1,24874
7290012803451,false,שוקולד מריר מעולה 62% ללא תוספת סוכר,טוסו tusso,TR,טוסו שוקלד מריר 62%,גרמים,100.00,100 גרם,false,,12.60,0.1260,true,1,6602
7290012803772,false,שוקולד חלב ללא תוספת סוכר,אלטינמארקה גידה סאן,TR,טוסו שוקלד חלב 100ג,גרמים,100.00,100 גרם,false,,12.60,0.1260,true,1,6616
7290012803789,false,שוקולד מריר עם אגוזים ללא תוספת סוכר,האי נאם סי או אל.טי.,TR,טוסו שוקלד מריר ואגו,גרמים,100.00,100 גרם,false,,12.60,0.1260,true,1,6617
7290012823947,false,"סנו - מרכך כביסה מרוכז פרפיום קריסטל נואר 750 מ""ל",מיוצר עי קונדיטוריית,IL,סנו מקסימה מרכך פרפי,מיליליטרים,750.00,"100 מ""ל",false,,19.90,0.0265,true,1,32639
7290012884986,false,תפוגן ציפס לתנור עד 4% שומן 1.5 קג,"תעשיות תפוגן בע""מ",IL,תפוגן ציפס לתנור עד,קילוגרמים,1.50,"ק""ג",false,,30.90,20.6000,true,1,22158
7290012901355,false,דודלס ארוחת אטריות עם גבינה 206 גרם,האי נאם סי או אל.טי.,US,דודלס ארוחת איטריות,גרמים,206.00,100 גרם,false,,11.90,0.0578,true,1,70496
7290012931611,false,שייני כריות ברזל שלשייה,,,כריות ברזל שלישייה,יחידה,0.00,יחידה,false,,7.90,0.0000,true,1,14555
7290012938405,false,רדיד אלומניום דיימונד 087- עבה במיוחד,,,דאיימונד נייר כסף 87,מטרים,7.60,מטר,false,,19.70,2.5921,true,1,114804
7290013027399,false,לחם קמח מלא קל בתוספת שיפון 750 ג' אנג'ל,מאפיית שלמה א. אנג'ל,IL,לחם 100 בתוספת שיפון,גרמים,750.00,100 גרם,false,,15.90,0.0212,true,1,70237
7290013083661,false,תרכובת מזון המשך לפעוטות שלב 1 Extra Care,מטרנה תעשיות ש.מ,IL,מטרנה אקסטרה קר חסכו,גרמים,700.00,100 גרם,false,,61.90,0.0884,true,1,21380
7290013083678,false,תרכובת מזון המשך לפעוטות שלב 2 Extra Care,מולינו ניקולי s.p.a,IL,מטרנה אקסטרה קר שלב,גרמים,700.00,100 גרם,false,,61.90,0.0884,true,1,21381
7290013117427,false,בצק פריך מרודד למאפים מלוחים 900 ג' מעדנות,מיוצר עי קונדיטוריית,IL,מעדנות בצק פריך מרוד,גרמים,900.00,100 גרם,false,,27.40,0.0304,true,1,39025
7290013117526,false,מעדנות בצק שמרים למאפים מתוקים 900 גרם,"מעדנות בע""מ",IL,מעדנות בצק שמרים למא,גרמים,900.00,100 גרם,false,,27.40,0.0304,true,1,39028
7290013144140,false,תערובת להכנת סופגניות מימונס 600 ג',מיוצר עי קונדיטוריית,IL,מימונס תערובת לסופגנ,גרמים,600.00,100 גרם,false,,17.90,0.0298,true,1,119457
7290013144270,false,קרם פטיסייר מימונס 100 ג',מיוצר עי קונדיטוריית,IL,קרם פטיסייר 100 גרם,גרמים,100.00,100 גרם,false,,10.90,0.1090,true,1,16261
7290013144393,false,"תמצית בטעם וניל מימונס 50 מ""ל",מיוצר עי קונדיטוריית,IL,תמצית בטעם וניל 50גר,גרמים,50.00,100 גרם,false,,5.50,0.1100,true,1,16269
7290013144409,false,"תמצית בטעם רום מימונס 50 מ""ל",מיוצר עי קונדיטוריית,IL,תמצית בטעם רום 50גר,מיליליטרים,50.00,"100 מ""ל",false,,5.50,0.1100,true,1,16270
7290013144560,false,צבע מאכל כחול מימונס 50 ג',מיוצר עי קונדיטוריית,IL,צבע מאכל כחול 50גר,גרמים,50.00,100 גרם,false,,5.20,0.1040,true,1,16278
7290013144805,false,אייס קפה לייט להכנה,,,אייס קפה לייט להכנה,גרמים,245.00,100 גרם,false,,21.90,0.0894,true,1,457029
7290013145109,false,שקד מולבן טחון מימונס 100 גר',,,מימונס שקד מולבן טחו,גרמים,100.00,100 גרם,false,,13.90,0.1390,true,1,16293
7290013145192,false,שומשום מימונס 100 ג',,,שומשום 100גר,גרמים,100.00,100 גרם,false,,6.90,0.0690,true,1,16300
7290013145437,false,שוקולד מריר מעולה ציפס מימונס 250 ג',הנסיך- מפעל לייצור ט,IL,מימונס שוקולד ציפס 4,גרמים,250.00,100 גרם,false,,15.90,0.0636,true,1,16307
7290013145628,false,סוכריות צבעוניות לקישוט מימונס 200 ג',א.ל ייצור ושיווק תבל,IL,סוכריות צבעוניות לקי,גרמים,200.00,100 גרם,false,,9.90,0.0495,true,1,16316
7290013145796,false,מארז צבעי ג'ל למאכל,,,מארז צבעי ג'ל למאכל,מיליליטרים,100.00,"100 מ""ל",false,,52.90,0.5290,true,1,447407
7290013145840,false,סוכר וניל מימונס 10* 10 ג',מיוצר עי קונדיטוריית,IL,מימונס סוכר וניל 10*,גרמים,100.00,100 גרם,false,,3.50,0.0350,true,1,114863
7290013145857,false,אבקת אפייה 10 יח' בצלופן,י. כהן בעמ,IL,אבקת אפיה 10* 10 גרם,גרמים,100.00,100 גרם,false,,3.50,0.0350,true,1,114864
7290013145901,false,סודה לשתיה מימונס 100 ג',,,סודה לשתיה 100 גרם,גרמים,100.00,100 גרם,false,,2.90,0.0290,true,1,16335
7290013145963,false,שמרים יבשים בוואקום מימונוס 125 ג',,,מימונס שמרים יבשים ב,גרמים,125.00,100 גרם,false,,7.90,0.0632,true,1,16340
7290013145970,false,קורנפלור מימונס בשקית 200 ג',א.ל ייצור ושיווק תבל,IL,מימונס קורנפלור 200,גרמים,200.00,100 גרם,false,,4.90,0.0245,true,1,16341
7290013146304,false,קורנפלור 500 גרם מימונס.,,,מימונס קורנפלור 500,גרמים,500.00,100 גרם,false,,7.90,0.0158,true,1,114865
7290013146762,false,קצפת לזילוף 24% שומן,,,קצפת לזילוף 24% שומן,גרמים,500.00,100 גרם,false,,8.90,0.0178,true,1,357178
7290013153593,false,רכז פריגת תפוזים מתק,"גת גבעת חיים,",IL,פריגת סחוט תפוזים מת,ליטרים,1.00,ליטר,false,,13.00,13.0000,true,1,81997
7290013203182,false,שרי מנומר -ליקופן,,,שרי מנומר -ליקופן,גרמים,200.00,100 גרם,false,,10.90,0.0545,true,1,55894
7290013220042,false,מיקס פירות טרופיים 5,א.מ שרון,PL,מיקס טרופי 400 גרם ב,גרמים,400.00,100 גרם,false,,24.90,0.0622,true,1,50585
7290013269621,false,ריצפז פרש לניקוי רצפות בניחוח מלון בוטיק,מיוצר עי קונדיטוריית,IL,ריצפז פרש הום בניחוח,ליטרים,2.00,ליטר,false,,24.90,12.4500,true,1,135555
7290013269645,false,מטליות לחות לניקוי הרצפה בניחוח מאסק ריצפז פרש,סנו מפעלי ברונוס בעמ,IL,ריצפז פרש מטליות לחו,יחידה,0.00,יחידה,false,,12.90,0.0000,true,1,32701
7290013284310,false,רוטב פסטה לילדים 240 ג' פריניר,פריניר ( הדס 1987) ב,IL,רוטב לפסטה לילדים פר,גרמים,240.00,100 גרם,false,,6.50,0.0271,true,1,18754
7290013284662,false,רוטב פיצה פיתה לילדים 240 ג' פריניר,פריניר ( הדס 1987) ב,IL,רוטב פיצה פיתה פריני,גרמים,240.00,100 גרם,false,,6.50,0.0271,true,1,18762
7290013358356,false,מאסטר שף - פירורי לחם מוזהבים 320 גרם,מנה י.א בעמ,IL,מאסטר שף פירורי לחם,גרמים,350.00,100 גרם,false,,9.90,0.0283,true,1,23508
7290013358363,false,פירורי לחם פנקו מזוהבים מאסטר שף מנה 300 ג',קריניציה ויטמינה אס,IL,מאסטר שף פירורי לחם,גרמים,300.00,100 גרם,false,,10.90,0.0363,true,1,23509
7290013358493,false,"קרם קוקוס מאסטר שף 400 מ""ל",תאי קוקונט פבליק קומ,TH,מאסטר שף אסייאתי קרם,מיליליטרים,400.00,"100 מ""ל",false,,9.90,0.0248,true,1,23519
7290013358578,false,מאסטר שף אטריות אורז רחבות 5 ממ 400גר,ליינג טונג רייס פלוו,TH,אטריות אורז רחבות 5,גרמים,400.00,100 גרם,false,,12.90,0.0323,true,1,65027
7290013366634,false,חסה סלנובה ראשים,מרינה פטריות הגליל,IL,חסה סלנובה,יח',1.00,יח',false,,11.90,11.9000,true,1,55899
7290013424921,false,קיווי פרוסות קפוא פי,א.מ שרון,PL,קיווי פרוס קפוא 500,גרמים,500.00,100 גרם,false,,14.90,0.0298,true,1,306300
7290013424952,false,אננס קפוא 500 ג' פילד גוד,א.מ שרון,PL,אננס חתוך קפוא 500 ג,גרמים,500.00,100 גרם,false,,14.90,0.0298,true,1,306303
7290013430083,false,"בירה אלכסנדר בלונד 330 מ""ל",מנדלז סי.אר. פרודקשן,IL,אלכסנדר בלונד בירה 3,מיליליטרים,330.00,"100 מ""ל",false,,13.20,0.0400,true,1,119320
7290013440648,false,מאגדת שלגוני אבטיח נסטלה 108X5ג',גלידות נסטלה (נגה גל,IL,אבטיח קרחונים מאגדת,גרמים,540.00,100 גרם,false,,27.90,0.0517,true,1,17042
7290013531117,false,רוטב פסטה לילדים 240 גרם יכין,"זנלכל בע""מ",IL,רוטב לפסטה לילדים יכ,גרמים,260.00,100 גרם,false,,6.50,0.0250,true,1,9467
7290013534057,false,"צ'יפס בטטה טבעי מיה 100ג' 'כשל""פ",מיה תעשיות מזון בעמ,IL,מיה ציפס בטטה טבעי 1,גרמים,100.00,100 גרם,false,,9.90,0.0990,true,1,15873
7290013585233,false,"ספרייט זירו פחית סליק 330 מ""ל",קוקה קולה Coca Cola,IL,פחית סליק 330 מל ZER,מיליליטרים,330.00,"100 מ""ל",false,,5.50,0.0167,true,1,7846
7290013585387,false,קוקה קולה זירו בקבוק,החברה המרכזית לייצור,IL,קולה זירו 1 ליטר,ליטרים,1.00,ליטר,false,,7.90,7.9000,true,1,7857
7290013585394,false,קוקה קולה קלאסי,החברה המרכזית לייצור,IL,קוקה קולה 1 ליטר,ליטרים,1.00,ליטר,false,,7.90,7.9000,true,1,7858
7290013608260,false,פרימור מיץ רימונים 100% סחוט טרי 1ל',"גניר (1992) בע""מ",IL,פרימור מיץ רימונים ס,יחידה,0.00,יחידה,false,,27.70,0.0000,true,1,24878
7290013677679,false,סודה לשתייה 80גרם שקית,מיה תעשיות מזון בעמ,IL,סודה לשתיה בשקית 80,גרמים,80.00,100 גרם,false,,4.90,0.0613,true,1,15920
7290013702883,false,"שוויפס למונדה ורודה 500 מ""ל",,,משקה פינק למונייד שו,מיליליטרים,500.00,"100 מ""ל",false,,6.50,0.0130,true,1,12386
7290013724953,false,חמוציות בשוקולד חלב 160ג,שקדיה,IL,חמוציות בציפוי שוקול,גרמים,140.00,100 גרם,false,,11.90,0.0850,true,1,5338
7290013787408,false,רביולי בטטה 330 גרם ריקו בית יוסף,יוניליוור גרמניה Gm,IL,רביולי בטטה ריקו 330,גרמים,330.00,100 גרם,false,,28.90,0.0876,true,1,256672
7290013793102,false,ערכת נוזלי עטרת מלכו,,,ערכת נוזלי עטרת מלכו,יחידה,0.00,יחידה,false,,70.90,0.0000,true,1,109119
7290013793126,false,ערכת מוצק אור והדר,,,ערכת מוצק אור והדר,יחידה,0.00,יחידה,false,,60.90,0.0000,true,1,109121
7290013847867,false,מארז זוג טונה בשמן סויה 140 ג' סטארקיסט,טונה ויטנאם קו. אל.ט,IL,נתחי טונה בהירה בשמן,גרמים,140.00,100 גרם,false,,13.90,0.0993,true,1,500670
7290013906205,false,פסטרמה עם שום וצילי טירת צבי 400 ג',הנסיך- מפעל לייצור ט,IL,טירת צבי פסטרמה שום,גרמים,400.00,100 גרם,false,,30.90,0.0772,true,1,26761
7290013906441,false,קבנוס טירת צבי 120גר,הנסיך- מפעל לייצור ט,IL,טירת צבי קבנוס 120 ג,גרמים,120.00,100 גרם,false,,11.90,0.0992,true,1,26775
7290013906458,false,קבנוס טעם פיקנטי טירת צבי 120 ג',הנסיך- מפעל לייצור ט,IL,טירת צבי קבנוס פיקנט,גרמים,120.00,100 גרם,false,,11.90,0.0992,true,1,114909
7290013906687,false,פסט' צמד כפרית ברביקיו ודבש 300X2ג' טירת צבי,הנסיך- מפעל לייצור ט,IL,טירת צבי צמד כפרית ב,גרמים,600.00,100 גרם,false,,28.90,0.0482,true,1,26781
7290014002203,false,תה ויסוצקי חליטת לימונית ולואיזה 20יח',HIQ FOOD PRODUCTS,IL,תה חליטת לימונית ולו,גרמים,37.50,100 גרם,false,,19.90,0.5307,true,1,26185
7290014079014,false,לבבות קיסר ארוז נספק,"מרינה פטריות הגליל בע""מ",IL,לבבות קיסר,גרמים,300.00,100 גרם,false,,10.90,0.0363,true,1,72006
7290014079076,false,נבטי אלפלפא יח,"מרינה פטריות הגליל בע""מ",IL,נבטי אלפלפא,יח',1.00,יח',false,,7.90,7.9000,true,1,55921
7290014079328,false,לוף רגיל ארוז ליח (מ,"מרינה פטריות הגליל בע""מ",IL,לוף רגיל ארוז ליח (מ,יח',1.00,יח',false,,9.90,9.9000,true,1,112946
7290014079854,false,זוג לבבות חסה ארץ הג,"מרינה פטריות הגליל בע""מ",IL,זוג לבבות חסה ארץ הג,יח',1.00,יח',false,,10.90,10.9000,true,1,55925
7290014094260,false,שיני שום קלוף קמעונאי,"מרינה פטריות הגליל בע""מ",IL,שום קלוף 200 גרם,גרמים,200.00,100 גרם,false,,10.90,0.0545,true,1,114964
7290014094352,false,אגוזי מלך בקופסא 200 ג',"דין שיווק וקליה בע""מ",,ששון הקולה אגוז מלך,גרמים,200.00,100 גרם,false,,16.90,0.0845,true,1,5361
7290014094376,false,שזיפים ללא גלעין ששו,"דין שיווק וקליה בע""מ",,שזיף ללא גלעין בקופס,גרמים,250.00,100 גרם,false,,25.90,0.1036,true,1,5363
7290014094383,false,משמש מיובש ששון הקול,"דין שיווק וקליה בע""מ",,שקדיה משמש מיובש 250,גרמים,250.00,100 גרם,false,,24.90,0.0996,true,1,5364
7290014094505,false,אורז בסמתי טהור אהרוני 1 ק''ג,האי נאם סי או אל.טי.,IN,אהרוני אורז בסמטי 1,קילוגרמים,1.00,"ק""ג",false,,11.80,11.8000,true,1,5374
7290014094628,false,פקאן טבעי 200 ג' בקופסא,ששון הקולה,,פקאן טבעי 200גר ששון,גרמים,200.00,100 גרם,false,,27.90,0.1395,true,1,5383
7290014094635,false,אגוזי ברזיל טבעי בדץ,,,אגוז ברזיל טבעי 200ג,גרמים,200.00,100 גרם,false,,39.90,0.1995,true,1,5384
7290014094642,false,קשיו טבעי גדול בקופס,"דין שיווק וקליה בע""מ",,קשיו טבעי 200 גר' שש,גרמים,200.00,100 גרם,false,,26.90,0.1345,true,1,5385
7290014094659,false,בונדוק טבעי בקופסא 2,דין שיווק,IL,אגוז לוז טבעי 250 גר,גרמים,250.00,100 גרם,false,,24.90,0.0996,true,1,118459
7290014094895,false,אגוזים קלופים ששון הקולה 150 ג',,,אגוז מלך 150גר ששון,גרמים,150.00,100 גרם,false,,11.90,0.0793,true,1,5396
7290014095946,false,משוקלדים פקאן בשוקולד מריר 140 גרם,"דין שיווק וקליה בע""מ",IL,פקאן בציפוי שוקולד מ,גרמים,140.00,100 גרם,false,,11.90,0.0850,true,1,5402
7290014218932,false,חטיפי פיצה בתוספת זיתים 710 ג' מעדנות,מיוצר עי קונדיטוריית,IL,חטיפי פיצה בתוספת זי,גרמים,710.00,100 גרם,false,,36.90,0.0520,true,1,142947
7290014325036,false,סוכריות ג'לי עטופות שמחות 600גרם,מיה תעשיות מזון בעמ,IL,ג'לי שמחות 600 גרם,גרמים,600.00,100 גרם,false,,20.90,0.0348,true,1,15937
7290014435810,false,הרינג כבוש ובצל במרינת חמוץ מתוק שמיר 180 ג',שבעת הימים - שמיר,IL,הרינג כבוש עם בצל במ,גרמים,180.00,100 גרם,false,,21.90,0.1217,true,1,19898
7290014435841,false,פילה מטיאס הולנדי בשמן שמיר 180ג',סלטי שמיר 2006 בעמ,IL,פילה מטיאס הולנדי  ב,גרמים,180.00,100 גרם,false,,21.90,0.1217,true,1,19901
7290014435872,false,סלט הרינג ומיונז שמיר 250ג',שבעת הימים - שמיר,IL,סלט הרינג עם מיונז 1,גרמים,180.00,100 גרם,false,,21.90,0.1217,true,1,19902
7290014435889,false,סלט מטיאס עם מיונז 180 גרם,שבעת הימים - שמיר,IL,סלט מטיאס עם מיונז 1,גרמים,180.00,100 גרם,false,,21.90,0.1217,true,1,19903
7290014435896,false,סלט סלומון עם מיונז 180 גר',שבעת הימים - שמיר,IL,סלט סלמון עם מיונז 1,גרמים,180.00,100 גרם,false,,24.90,0.1383,true,1,19904
7290014455245,false,גבינת גרנה פדנו משולש 29% 200 גרם בית יוסף,מחלבת סוציאלה מנטובה,IT,גד גרנה פדנו משולש כ,גרמים,200.00,100 גרם,false,,27.80,0.1390,true,1,15511
7290014455320,false,גבינה כדורי מוצרלה פרסקה גד 100ג',מחלבות גד בעמ,IL,גד כדור מוצרלה פרסקה,גרמים,100.00,100 גרם,false,,11.20,0.1120,true,1,15515
7290014455467,false,ירח מתוק מעדן חלב 2% ושיבולת שועל גד 150ג',מחלבות גד,IL,גד מעדן שיבולת שועל,מיליליטרים,150.00,"100 מ""ל",false,,7.00,0.0467,true,1,15520
7290014459137,false,"צ'יפס תפוגן סטייק 1.5 ק""ג","תעשיות תפוגן בע""מ",IL,תפוגן סטייק ציפס 1.5,קילוגרמים,1.50,"ק""ג",false,,28.90,19.2667,true,1,22169
7290014459373,false,"צ'יפס קראנצ'י לתנור קפוא תפוגן 1.5ק""ג",עיצובים 2020 (4.5),,תפוגן ציפס קראנצי 1.,קילוגרמים,1.50,"ק""ג",false,,28.90,19.2667,true,1,22173
7290014459472,false,"צ'יפס תפוגן קלאסי 2 ק""ג",עיצובים 2020 (4.5),,תפוגן צ`יפס קלאסי 2,קילוגרמים,2.00,"ק""ג",false,,30.90,15.4500,true,1,22175
7290014466463,false,"יין הר חרמון מסקטו עברית 750 מ""ל",יקב רמת הגולן,IL,יקבי רמת הגולן הר חר,מיליליטרים,750.00,"100 מ""ל",false,,39.90,0.0532,true,1,48880
7290014472136,false,גרעין שחור קלוי ששון הקולה 150 ג',דין שיווק,IL,גרעין שחור קלוי 150,גרמים,150.00,100 גרם,false,,4.90,0.0327,true,1,5417
7290014472235,false,פקאן סיני מסוכר בקופ,ששון הקולה,,פקאן סיני מסוכר בקופ,גרמים,200.00,100 גרם,false,,26.90,0.1345,true,1,5420
7290014472495,false,קשיו קלוי ענק פרימיו,דין שיווק,IL,קשיו קלוי ענק פרימיו,גרמים,250.00,100 גרם,false,,21.90,0.0876,true,1,5429
7290014472501,false,פיסטוק קלוי ענק 250 ג' פרימיום,דין שיווק,IL,פיסטוק קלוי ענק 250,גרמים,250.00,100 גרם,false,,26.90,0.1076,true,1,5430
7290014472525,false,תערובת פיצוחים מובחר,דין שיווק,IL,תערובת פיצוחים מובחר,גרמים,250.00,100 גרם,false,,21.90,0.0876,true,1,65106
7290014472990,false,ממרח 100% שקדים שקדיה 300 ג',דין שיווק,IL,ממרח 100% שקדים שקדי,גרמים,300.00,100 גרם,false,,33.90,0.1130,true,1,5453
7290014534704,false,פסטה 25 אטריות מרק 400 ג' לה פסטה,,,אטריות מרק לה פסטה 4,גרמים,400.00,100 גרם,false,,4.10,0.0102,true,1,120547
7290014636545,false,שלישית מגבות מטבח ג'קרד,,,שלישית מגבות מטבח פס,יחידה,0.00,יחידה,false,,19.90,0.0000,true,1,405306
7290014636675,false,מגבת גוף חלקה 550 גר,,,מגבת גוף מנהטן 70*13,יחידה,0.00,יחידה,false,,34.90,0.0000,true,1,125280
7290014692299,false,גבינת ברי 125 ג' קסטיאלו ויליפוד,יורו צ'יז Euro Cheese,DK,גבינת ברי 125 גרם EU,גרמים,125.00,100 גרם,false,,19.90,0.1592,true,1,3700
7290014692305,false,גבינת קממבר 125ג' CASTELLO ויליפוד,הנסיך- מפעל לייצור ט,DK,גבינת קממבר 125 גרם,גרמים,125.00,100 גרם,false,,19.90,0.1592,true,1,3701
7290014731264,false,כוסות לשתייה קרה 100 יחי',,,כוסות לשתיה קרה חד פ,יח',100.00,יח',false,,7.90,0.0790,true,1,30231
7290014748651,false,דג טוב פילה אמנון מצופה נתחי שלם 360גר,מוצרי עוף טוב (2001),IL,דג טוב פילה אמנון מצ,גרמים,360.00,100 גרם,false,,37.90,0.1053,true,1,135000
7290014758100,false,מאגדת יוגורט ביו 3% שומן 8 יח' *150ג' תנובה,מיוצר עי קונדיטוריית,IL,יוגורט תנובה 3% 8*15,קילוגרמים,1.20,"ק""ג",false,,17.50,14.5833,true,1,27739
7290014758117,false,מאגדת יוגורט ביו 1.5% שומן 8 יח' *150 ג' תנובה,מיוצר עי קונדיטוריית,IL,יוגורט תנובה 1.5% 8*,קילוגרמים,1.20,"ק""ג",false,,17.50,14.5833,true,1,27740
7290014758162,false,חלב עיזים מלא 3.6% קרטון 1 ל' תנובה,תנובה מרכז שיתופי לש,IL,חלב תנובה עיזים מלא,ליטרים,1.00,ליטר,false,,16.70,16.7000,true,1,27742
7290014758681,false,קוטג' תנובה 1% גביע 250 ג',מיוצר עי קונדיטוריית,IL,קוטג תנובה 1% 250ג,גרמים,250.00,100 גרם,false,,5.70,0.0228,true,1,27761
7290014759084,false,גבינת שמנת 16% בטעם טבעי 225 ג' נפוליאון,תנובה מרכז שיתופי לש,IL,נפוליאון 16% 225גר,גרמים,225.00,100 גרם,false,,15.90,0.0707,true,1,27764
7290014759978,false,"גבינת קצקבל פלח גלעד 27%, 200 ג'",תנובה,IL,גבינות תנובה קצקבל פ,גרמים,200.00,100 גרם,false,,29.50,0.1475,true,1,27781
7290014760134,false,מעדן סויה בטעם וניל אלטרנטיב,תנובה Alternative,IL,גביע מעדן סויה בטעם,גרמים,125.00,100 גרם,false,,5.10,0.0408,true,1,112097
7290014760141,false,משקה שקדים תנובה E אלטרנטיב,תנובה Alternative,IL,תנובה משקה שקדים טרי,יחידה,0.00,יחידה,false,,15.50,0.0000,true,1,27785
7290014760448,false,גבינה צהובה גלבוע 400 גרם 22% שומן תנובה,מחלבת בית יצחק,IL,גלבוע 22% 400 גרם,גרמים,400.00,100 גרם,false,,25.20,0.0630,true,1,27792
7290014760912,false,פרוסות גבינה 28% שומן 400 ג' גוש חלב,תנובה מרכז שיתופי לש,IL,גוש חלב 28% מהדרין 4,גרמים,400.00,100 גרם,false,,27.90,0.0697,true,1,27806
7290014761056,false,מעדן שוקולד חלב מעולה 123 ג' יולו,מיוצר עי קונדיטוריית,IL,יולו שוקולד חלב מעול,גרמים,122.00,100 גרם,false,,5.70,0.0467,true,1,27810
7290014761063,false,מעדן שוקולד מריר מעולה 123 ג' יולו,מיוצר עי קונדיטוריית,IL,יולו שוקולד מריר מעו,גרמים,122.00,100 גרם,false,,5.70,0.0467,true,1,27811
7290014761414,false,מעדן שכבות שוקולד חלב ולבן 123 ג' יולו,מיוצר עי קונדיטוריית,IL,יולו מעדן שכבות שוקו,גרמים,122.00,100 גרם,false,,5.70,0.0467,true,1,27829
7290014762756,false,נפוליאון גבינת שמנת עם בצל 16% שומן,הרדוף חלב,IL,נפוליאון 16% עם בצל,גרמים,225.00,100 גרם,false,,15.90,0.0707,true,1,27884
7290014762800,false,מעדן סויה שוקולד גביע 125 גרם אלטרנטיב,תנובה מרכז שיתופי לש,IL,גביע מעדן סויה בטעם,גרמים,125.00,100 גרם,false,,5.10,0.0408,true,1,92654
7290014762909,false,פתיתי מוצרלה 20% שומן 200 ג' השף הלבן,"תנובה, מחלבת תל יוסף",IL,פתיתי מוצרלה 200 גר`,גרמים,200.00,100 גרם,false,,17.90,0.0895,true,1,27892
7290014763272,false,יוגורט סויה BIO לשתייה תות ובננה אלטרנטיב,תות תעשיות מזון (201,IL,משקה סויה ביו עם תות,מיליליטרים,250.00,"100 מ""ל",false,,7.20,0.0288,true,1,27905
7290014791091,false,"שוויפס לימונייד 500 מ""ל",,,משקה למונייד שוופס 5,מיליליטרים,500.00,"100 מ""ל",false,,6.50,0.0130,true,1,12391
7290014855434,false,מגבונים בייביסיטר פרפורמנס מבושם רביעיה,בייביסיטר Babysitter,,בייביסיטר פרפורמנס מ,יחידה,0.00,יחידה,false,,17.90,0.0000,true,1,31704
7290014855458,false,מגבוני בייביסיטר פרפורמנס ללא בישום מארז 72X4יח',בייביסיטר Babysitter,,מגבוני בייבי פרפורמנ,יחידה,0.00,יחידה,false,,17.90,0.0000,true,1,31705
7290014860247,false,שבבי אורז מרובעים לל,ליאן תאי רייס,TH,שבבי אורז מרובעים לל,גרמים,227.00,100 גרם,false,,10.90,0.0480,true,1,427643
7290015009003,false,חומץ בן יין לבן דניא,מנדלז סי.אר. פרודקשן,ES,חומץ בן יין לבן דניא,מיליליטרים,500.00,"100 מ""ל",false,,20.60,0.0412,true,1,435937
7290015009171,false,ניוקי תפוחי אדמה דני,,,ניוקי תפוחי אדמה דני,גרמים,300.00,100 גרם,false,,11.00,0.0367,true,1,121960
7290015009195,false,ניוקי תפוא עגבניות ד,,,ניוקי תפוחי אדמה עם,גרמים,300.00,100 גרם,false,,11.00,0.0367,true,1,121962
7290015009232,false,רוטב סלסה בינוני צהו,,,רוטב סלסה בחריפות בי,גרמים,454.00,100 גרם,false,,24.90,0.0548,true,1,442163
7290015009393,false,זיתים שחורים מגולענים במי מלח,אידיאל ס.א,GR,זיתים שחורים מגולעני,גרמים,430.00,100 גרם,false,,20.90,0.0486,true,1,436204
7290015009584,false,רוטב חריף מפלפל חלפי,,,רוטב חריף מפלפל חלפי,גרמים,148.00,100 גרם,false,,22.90,0.1547,true,1,455167
7290015025942,false,"פנג'ל ק. ידיים קלאסי עם שמן שקדים 80מ""ל",מיוצר עי קונדיטוריית,IL,קרם ידיים מועשר בשמן,מיליליטרים,80.00,"100 מ""ל",false,,8.80,0.1100,true,1,6694
7290015033299,false,פרורי לחם קלאסי שקית,חטיפים מן הארץ,,פרורי לחם קלאסי שקית,גרמים,400.00,100 גרם,false,,5.90,0.0148,true,1,504762
7290015039246,false,נתחי טונה בשמן צמחי רביעיה * 160 ג' וילי פוד,וילי פוד,TH,טונה בהירה בשמן וילי,גרמים,640.00,100 גרם,false,,24.60,0.0384,true,1,3730
7290015039338,false,נתחי טונה במי מלח רביעיה * 160 ג' וילי פוד,וילי פוד,,טונה במי מלח ויליפוד,גרמים,640.00,100 גרם,false,,24.60,0.0384,true,1,3733
7290015139250,false,"חופשי שוקולד מריר עם פ.אורז לל""ס 85 גר",כרמית תעשיות ממתקים,IL,חופשי שוקולד מריר עם,גרמים,85.00,100 גרם,false,,6.90,0.0812,true,1,42316
7290015150088,false,מחית עגבניות גרנד איטליה 700גרם,שוורצקוף& הנקל דיסלד,IT,מחית עגבניות בלה איט,גרמים,700.00,100 גרם,false,,12.90,0.0184,true,1,26223
7290015164832,false,מחית קארי ירוקה מזרח,טאפאדונגפורן קוקינט,TH,מחית ירוקה על בסיס ק,גרמים,400.00,100 גרם,false,,19.90,0.0497,true,1,15256
7290015253321,false,"פחם 2 ק""ג ירוק פרימי",,CN,"פחם 2 ק""ג ירוק פרימי",קילוגרמים,2.00,"ק""ג",false,,14.90,7.4500,true,1,259066
7290015282000,false,איקרה אדומה שמיר 200 ג',שבעת הימים - שמיר,,איקרה אדומה סלטי שמי,גרמים,200.00,100 גרם,false,,15.90,0.0795,true,1,19906
7290015282024,false,איקרה לבנה סלטי שמיר,שבעת הימים - שמיר,,איקרה לבנה סלטי שמיר,גרמים,200.00,100 גרם,false,,15.90,0.0795,true,1,19908
7290015282604,false,טחינה שמיר מיוחדת גורמה 200ג',"סלטי שמיר 2006 בע""מ",IL,טחינה מיוחדת,גרמים,200.00,100 גרם,false,,11.90,0.0595,true,1,80429
7290015282635,false,חומוס שמיר מסבחה 200 גר',"סלטי שמיר 2006 בע""מ",IL,חומוס מסבחה,גרמים,200.00,100 גרם,false,,11.90,0.0595,true,1,80431
7290015282642,false,חומוס שמיר אבו גוש 200 גר',"סלטי שמיר 2006 בע""מ",IL,חומוס אבו גוש,גרמים,200.00,100 גרם,false,,11.90,0.0595,true,1,80432
7290015282673,false,חציל שמיר במיונז ביתי 200 גורמה גר',"סלטי שמיר 2006 בע""מ",IL,חציל במיונז ביתי,גרמים,200.00,100 גרם,false,,11.90,0.0595,true,1,80433
7290015282680,false,קישוא בטעם כבד שמיר 200 גר',"סלטי שמיר 2006 בע""מ",IL,קישוא בטעם כבד סלטי,גרמים,200.00,100 גרם,false,,13.90,0.0695,true,1,80434
7290015282710,false,קוביות סלק שמיר 200 גר',"סלטי שמיר 2006 בע""מ",IL,קוביות סלק סלטי שמיר,גרמים,200.00,100 גרם,false,,11.90,0.0595,true,1,80436
7290015282727,false,גזר מרוקאי ברוטב פיקנטי אסלי שמיר 200 ג',"סלטי שמיר 2006 בע""מ",IL,גזר מרוקאי ברוטב פיק,גרמים,200.00,100 גרם,false,,13.90,0.0695,true,1,80437
7290015282741,false,חציל תאילנדי אסלי שמיר 200 ג',"סלטי שמיר 2006 בע""מ",IL,חציל תילאנדי סלטי שמ,גרמים,200.00,100 גרם,false,,13.90,0.0695,true,1,80439
7290015282796,false,"סלט תפו""א שמיר במיונז 200ג'","סלטי שמיר 2006 בע""מ",IL,סלט תפוח אדמה 200 ג,גרמים,200.00,100 גרם,false,,13.90,0.0695,true,1,80443
7290015324052,false,תבלין פפריקה מתוקה 80 ג',תות ממתקי איכות,IL,טעם וריח פפריקה מתוק,גרמים,80.00,100 גרם,false,,6.50,0.0813,true,1,49688
7290015324120,false,טעם וריח שום גבישי ב,תות ממתקי איכות,IL,טעם וריח שום גבישי ב,גרמים,80.00,100 גרם,false,,9.90,0.1238,true,1,49695
7290015324731,false,"מחית ג`ינג`ר `טעם וריח', 210 גרם",,,מחית ג'ינג'ר 210 גרם,גרמים,210.00,100 גרם,false,,14.90,0.0710,true,1,434312
7290015328791,false,נרות חנוכה צבעוניים,,,נרות חנוכה צבעוניים,יחידה,0.00,יחידה,false,,4.90,0.0000,true,1,133679
7290015328807,false,נרות חנוכה לוקס לירו,,,נרות חנוכה לוקס לירו,יחידה,0.00,יחידה,false,,7.90,0.0000,true,1,133680
7290015347259,false,פירורי לחם מוזהבים מיה 400 גר',מיה תעשיות מזון,IL,פירורי לחם מוזהבים 4,גרמים,400.00,100 גרם,false,,7.90,0.0198,true,1,119445
7290015347273,false,נטיפי שוקולד אמיתי לאפיה 250 גר',,,נטיפי שוקולד מריר לא,גרמים,250.00,100 גרם,false,,9.90,0.0396,true,1,15963
7290015374323,false,קובה ביתי במילוי בשר,,,קובה ביתי במילוי בשר,גרמים,400.00,100 גרם,false,,12.90,0.0323,true,1,118834
7290015395045,false,קינואה שקדיה 400 גרם,"דין שיווק וקליה בע""מ",IL,קינואה שקדיה 400 גרם,גרמים,400.00,100 גרם,false,,13.90,0.0348,true,1,5456
7290015603560,false,שימורי קרם קוקוס 400,אסי אטיק גרו אינדוסט,TH,שימורי קרם קוקוס 20-,מיליליטרים,400.00,"100 מ""ל",false,,9.90,0.0248,true,1,63177
7290015652070,false,אגוזי קשיו קלויים שש,דין שיווק,IL,קשיו קלוי 150 גרם שש,גרמים,150.00,100 גרם,false,,13.90,0.0927,true,1,71925
7290015652087,false,תערובת פיצוחים 150 גר' שקדיה,דין שיווק,IL,תערובת פיצוחים 150גר,גרמים,150.00,100 גרם,false,,12.90,0.0860,true,1,65359
7290015652261,false,בוטנים קלויים 350 ג' ששון הקולה,דין שיווק,IL,בוטנים קלויים ששון ה,גרמים,300.00,100 גרם,false,,10.00,0.0333,true,1,114806
7290015652292,false,קבוקים עם שומשום 400גר,"דין שיווק וקליה בע""מ",IL,קבוקים עם שומשום ששו,גרמים,400.00,100 גרם,false,,10.00,0.0250,true,1,118480
7290015652308,false,מנצ'ס ששון הקולה 300,,,מנצ'ס ששון הקולה 300,גרמים,300.00,100 גרם,false,,10.00,0.0333,true,1,118481
7290015652315,false,חמוציות מסוכרות ששון,דין שיווק,IL,חמוציות מסוכרות ששון,גרמים,300.00,100 גרם,false,,10.00,0.0333,true,1,114808
7290015652407,false,פיסטוק קלוי ששון הקו,"דין שיווק וקליה בע""מ",IL,פיסטוק קלוי ששון הקו,גרמים,250.00,100 גרם,false,,20.00,0.0800,true,1,5489
7290015766005,false,עגבניות שרי וויטני,אראל תוצרת חקלאית בע,IL,שרי וויטני יחידה,גרמים,500.00,100 גרם,false,,10.90,0.0218,true,1,55962
7290015781138,false,"שרדונה אימפרשיאון 750 מ""ל",יקב טפרברג 1870,,אימפרשן שרדונה,מיליליטרים,750.00,"100 מ""ל",false,,54.90,0.0732,true,1,12490
7290015804424,false,עגבניות מרוסקות ובזיליקום ועשבי תיבול טל 260 ג',טל,,עגבניות מרוסקות בטעם,גרמים,250.00,100 גרם,false,,4.50,0.0180,true,1,9144
7290015856706,false,חטיף אפונה אפויה טבע,תות תעשיות מזון (201,IL,חטיף אפונה אפוי טבעי,גרמים,50.00,100 גרם,false,,5.90,0.1180,true,1,273019
7290015858113,false,ממרח עגבניות מיובשות 180 גרם עללחם,"מדשא תעשיות מזון בע""",IL,ממרח עגבניות מיובשות,גרמים,180.00,100 גרם,false,,17.90,0.0994,true,1,142623
7290015858144,false,ממרח ארטישוק עלחחם 180 ג',זאביק יצור ושיווק מז,IL,ממרח ארטישוק עללחם 1,גרמים,180.00,100 גרם,false,,17.90,0.0994,true,1,142624
7290015858151,false,ממרח שום 180 גרם עללחם בית יוסף,רוג'ר אנד רוג'ר,IL,ממרח שום עללחם 180 ג,גרמים,180.00,100 גרם,false,,17.90,0.0994,true,1,480073
7290015858229,false,טפנד זיתי קלמטה 180 גרם עללחם,"מדשא תעשיות מזון בע""",IL,ממרח טפנד זיתי קלמטה,גרמים,180.00,100 גרם,false,,17.90,0.0994,true,1,142627
7290015858243,false,ממרח צימיצורי עללחם 180 ג',זאביק יצור ושיווק מז,IL,ממרח צימיצורי עללחם,גרמים,180.00,100 גרם,false,,17.90,0.0994,true,1,142628
7290016006025,false,סודה שוופס בקבוק 500,יפאורה תבורי בעמ,IL,שוופס סודה 500מל,מיליליטרים,500.00,"100 מ""ל",false,,3.90,0.0078,true,1,12428
7290016087239,false,רוטב עגבניות מרוכז לשקשוקה פיקנט 230 ג' פריניר,,,רוטב עגבניות לשקשוקה,גרמים,240.00,100 גרם,false,,6.50,0.0271,true,1,97164
7290016096675,false,טונה בשמן זית פילטונ,,,טונה בשמן זית פילטונ,גרמים,240.00,100 גרם,false,,18.90,0.0787,true,1,128811
7290016144017,false,"קמח חיטה מלאה נפלאות 100% 1 ק""ג",קמח מלכים,IL,קמח חיטה מלאה 100% נ,קילוגרמים,1.00,"ק""ג",false,,10.90,10.9000,true,1,121903
7290016150117,false,סלק אדום מבושל 500 ג' בוואקום,חקלאי,IL,מעדן סלק בוואקום 500,גרמים,500.00,100 גרם,false,,6.90,0.0138,true,1,99027
7290016197495,false,מטלית קסם מיקרופייבר לרצפה ניקול 2יח',חוגלה קימברלי,CN,מטלית קסם לרצפה מארז,יחידה,0.00,יחידה,false,,19.90,0.0000,true,1,9843
7290016217988,false,גרבדלקס סלמון כבוש 100 גרם,"סלטי שמיר 2006 בע""מ",,דגים גרבדלקס 100גר,גרמים,100.00,100 גרם,false,,28.90,0.2890,true,1,80449
7290016246018,false,בארכה מיקס פינוקיות חלווה 10*20ג,רושדי תעשיות מזון בע,IL,בארכה מיקס פינוקיות,גרמים,200.00,100 גרם,false,,13.90,0.0695,true,1,21405
7290016246025,false,בארכה מיקס פינוקיות חלווה ללא סוכר 10*20ג,רושדי תעשיות מזון בע,IL,בארכה פנוקיות חלבה ל,גרמים,200.00,100 גרם,false,,13.90,0.0695,true,1,21406
7290016270907,false,ברוקולי ארוז במגשית,,,ברוקולי,יח',1.00,יח',false,,9.90,9.9000,true,1,139446
7290016321661,false,מגבונים פרש וואנס סנסיטיב קר רביעיה,עלבד משואות יצחק,IL,מגבוני פרש וואנס רבי,יחידה,0.00,יחידה,false,,20.90,0.0000,true,1,144858
7290016321678,false,מגבונים לחים בניחוח מרענן עם תמציות קמומיל ואלוורה,עלבד משואות יצחק,IL,פרשוואנס רביעייה נטו,יחידה,0.00,יחידה,false,,20.90,0.0000,true,1,144852
7290016496345,false,פתיל צף מוכן עגול קט,,,פתיל צף מוכן עגול קט,יחידה,0.00,יחידה,false,,4.90,0.0000,true,1,198389
7290016509786,false,פרסיל - ג'ל כביסה ירוק 2.50 ליטר,פרסיל Persil,IL,פרסיל ג'ל 2.5 ליטר י,ליטרים,2.50,ליטר,false,,37.90,15.1600,true,1,126297
7290016509809,false,ג'ל מרוכז לכביסה קולור 2.5 ל' פרסיל,פרסיל Persil,IL,פרסיל ג'ל 2.5 ליטר ק,ליטרים,2.50,ליטר,false,,37.90,15.1600,true,1,126299
7290016513974,false,קרפלך במילוי פטריות 600 גר,,,קרפלך במילוי פטריות,גרמים,0.60,100 גרם,false,,22.90,38.1667,true,1,470798
7290016513981,false,קרפלך תפוא מהדורה חד,,,קרפלך במילוי תפוח אד,גרמים,0.60,100 גרם,false,,19.90,33.1667,true,1,470799
7290016584004,false,חטיפוני גזר 130 גרם,"מרינה פטריות הגליל בע""מ",IL,חטיפוני גזר 130 גרם,גרמים,150.00,100 גרם,false,,5.90,0.0393,true,1,55972
7290016584011,false,חטיפוני גזר 350 גרם,"מרינה פטריות הגליל בע""מ",IL,חטיפוני גזר 350 גרם,גרמים,350.00,100 גרם,false,,12.90,0.0369,true,1,114798
7290016682038,false,"מיץ תפוזים סחוט 100% טבעי. מפוסטר, מקורר",פריניב,IL,"מיץ תפוזים 400 מ""ל פ",מיליליטרים,400.00,"100 מ""ל",false,,9.50,0.0238,true,1,92970
7290016682243,false,פריניב מיץ אשכולית אדומה סחוט 1 ליטר,פריניב,IL,פרי ניב מיץ אשכולית,ליטרים,2.00,ליטר,false,,17.90,8.9500,true,1,135990
7290016682359,false,מיץ תפוזים שמוטי 2 ליטר,פריניב,IL,פרי ניב מיץ 100% טבע,ליטרים,2.00,ליטר,false,,27.90,13.9500,true,1,369175
7290016717754,false,"יין ישן נושן היובל 750 מ""ל",אגודת הכורמים הקואופ,IL,"ישן נושן 750מ""ל.",מיליליטרים,750.00,"100 מ""ל",false,,20.90,0.0279,true,1,116587
7290016823004,false,בזיליקום יח freshlid,"מרינה פטריות הגליל בע""מ",IL,בזיליקום יח',יח',1.00,יח',false,,6.90,6.9000,true,1,75677
7290016823028,false,עירית יח freshlid,"מרינה פטריות הגליל בע""מ",IL,עירית,יח',1.00,יח',false,,6.90,6.9000,true,1,75679
7290016823059,false,טימין קורנית ארוז יח,"מרינה פטריות הגליל בע""מ",IL,טימין,יח',1.00,יח',false,,6.90,6.9000,true,1,75682
7290016823066,false,רוזמרין יח freshlid,"מרינה פטריות הגליל בע""מ",IL,רוזמרין,יח',1.00,יח',false,,6.90,6.9000,true,1,75683
7290016967074,false,לחם אנג'ל 100 חיטה מלאה 750 גר',מאפיית שלמה א. אנג'ל,IL,חיטה מלאה אנגל 750 ג,גרמים,750.00,100 גרם,false,,17.90,0.0239,true,1,70094
7290017062754,false,"נוזל כלים 36% לימון+משאבה 750 מ""ל",,,נוזל כלים לימון 36%,מיליליטרים,750.00,"100 מ""ל",false,,9.90,0.0132,true,1,271821
7290017065137,false,ריקוטה למריחה 5% טבעית 200 גרם - רובין,האי נאם סי או אל.טי.,IL,גבינה ריקוטה למריחה,גרמים,200.00,100 גרם,false,,11.50,0.0575,true,1,108052
7290017065380,false,גבינת גרנה פדנו שבבים 29%,מחלבות גד,IT,גרנה פדנו שבבים 100,גרמים,100.00,100 גרם,false,,14.60,0.1460,true,1,142891
7290017065434,false,פרוסות גבינה גאודה הולנדית חצי קשה 200 גרם בית יוסף,מחלבות גד בעמ,NL,גד פרוסות גאודה 200,גרמים,200.00,100 גרם,false,,25.00,0.1250,true,1,142913
7290017065441,false,גבינה גאודה עיזים פרוסה הולנדית 200 גר',מחלבות גד,NL,גד פרוסות גאודה עיזי,גרמים,200.00,100 גרם,false,,39.30,0.1965,true,1,142914
7290017065663,false,פטה עיזים מעודנת 16% 250 ג',ג'נרל מילס סאן אדריא,IL,גבינת פטה עיזים מעוד,גרמים,250.00,100 גרם,false,,34.10,0.1364,true,1,276447
7290017065786,false,גבינת צ'דר אנגלית גד 210 ג',מחלבות גד,IL,גבינה אנגלית קשה צ'ד,גרמים,210.00,100 גרם,false,,25.10,0.1195,true,1,392109
7290017068367,false,שמרים בוואקום 125 גר',מיה,IL,מיה שמרים בוואקום 12,גרמים,125.00,100 גרם,false,,5.90,0.0472,true,1,145064
7290017088082,false,בייביסיטר - חיתולי סטנדרט מידה 5 - 36 יח',בייביסיטר Babysitter,,חיתולי ביייביסיטר סט,יח',36.00,יח',false,,37.90,1.0528,true,1,456322
7290017088099,false,בייביסיטר - חיתולי סטנדרט מידה 6 - 30 יח',בייביסיטר Babysitter,,חיתולי ביייביסיטר סט,יח',34.00,יח',false,,37.90,1.1147,true,1,456323
7290017105086,false,שעועית צילי OZ6 יכין,"זנלכל בע""מ",IL,שעועית צ'ילי 6OZ יכי,גרמים,200.00,100 גרם,false,,4.90,0.0245,true,1,104263
7290017105123,false,פול מצרי OZ6 יכין 20,היינץ צפון אמריקה מק,IL,פול מצרי 6OZ יכין 20,גרמים,200.00,100 גרם,false,,4.90,0.0245,true,1,104267
7290017105895,false,גרגרי חומוס להכנת חומוס 550 גרם יכין,זנלכל,IL,גרגרי חומוס מסעדות י,גרמים,550.00,100 גרם,false,,10.90,0.0198,true,1,247858
7290017121048,false,פלפל צ'ומה 250 גרם עללחם,"מדשא תעשיות מזון בע""",IL,ממרח פלפל צ'ומה עללח,גרמים,250.00,100 גרם,false,,15.90,0.0636,true,1,142633
7290017129822,false,מטבעות שוקולד מריר 36 ג' !..,כרמית,IL,לני מטבעות שוקולד מר,גרמים,36.00,100 גרם,false,,3.90,0.1083,true,1,132782
7290017142128,false,"שמן זית כתית מעולה עץ הזית 750 מ""ל",שמן תעשיות,,שמן זית כתית מעולה ק,מיליליטרים,750.00,"100 מ""ל",false,,37.90,0.0505,true,1,109853
7290017142180,false,פילה פרוס ושמן זית בנגיעות טעם לימון ופלפל שחור,"יוניקורד ח.צ בע""מ",TH,פילה טונה פרוס זית ל,גרמים,120.00,100 גרם,false,,15.90,0.1325,true,1,141681
7290017142371,false,"שמן שומשום 250 מ""ל עץ הזית",עץ הזית,,שמן שומשום לא מזוכך,מיליליטרים,250.00,"100 מ""ל",false,,32.90,0.1316,true,1,199633
7290017142388,false,שמן חמניות אומגה 3 פלוס 1 ליטר עץ הזית,עץ הזית,,שמן חמניות פלוס אומג,ליטרים,1.00,ליטר,false,,17.90,17.9000,true,1,155119
7290017142418,false,ארוחה אורז עם עדשים טונה בשמן זית 160 גר',יוניקורד ח.צ בעמ,TH,אורז עדשים עם טונה ב,גרמים,160.00,100 גרם,false,,14.90,0.0931,true,1,199623
7290017457581,false,"סוד מרכך כביסה מרוכז קוקוס 900 מ""ל",הנקל סוד,IL,מרכך כביסה מרוכז סוד,מיליליטרים,900.00,"100 מ""ל",false,,13.90,0.0154,true,1,141661
7290017457727,false,"סוד - מרכך כביסה מרוכז פרש סקיי 900 מ""ל",הנקל סוד,IL,מרכך כביסה מרוכז סוד,מיליליטרים,900.00,"100 מ""ל",false,,13.90,0.0154,true,1,141665
7290017513485,false,מחית עגבניות רוסטיקה בלה איטליה 680 ג',היצרן: ס.פ. פודנצנו,IT,מחית עגבניות רוסטיקה,גרמים,680.00,100 גרם,false,,12.90,0.0190,true,1,199598
7290017617046,false,נתחי טונה בשמן זית כתית מעולה רביעיה * 140 ג',דרדנל,TR,טונה בשמן זית סטארקי,גרמים,560.00,100 גרם,false,,30.90,0.0552,true,1,210314
7290017617091,false,סטארקיסט מיקס טוגו טונה עם פתיתים 185 גר',דרדנל אוננטאס גידה,TR,סטארקיסט מיקס 185 גר,גרמים,185.00,100 גרם,false,,13.90,0.0751,true,1,368896
7290017647425,false,יין גמלא קברנה סוביניון 2018 750 מל,יקב רמת הגולן,,יין גמלא קברנה סובינ,מיליליטרים,750.00,"100 מ""ל",false,,68.50,0.0913,true,1,250201
7290017677804,false,"רוטב סויה קיקומן ללא חומרים משמרים 444 מ""ל",ראקוטו קאסיי,US,קיקומן רוטב סויה ללא,מיליליטרים,444.00,"100 מ""ל",false,,21.90,0.0493,true,1,144213
7290017812380,false,תירוש מיץ ענבים אדום,,,תירוש מיץ ענבים אדום,מיליליטרים,750.00,"100 מ""ל",false,,12.90,0.0172,true,1,161950
7290017812977,false,"יין לבן מתוק מוגז בטעם אננס, 750 מ""ל",קריות זול,IL,יין באזז אננס יקבי כ,מיליליטרים,750.00,"100 מ""ל",false,,31.90,0.0425,true,1,318615
7290017872070,false,מארז מגבונים לחים בניחוח מרענן פרש וואנס שלישייה,ווטנאפס,IL,פרשוואנס מגבונים מאר,יחידה,0.00,יחידה,false,,13.90,0.0000,true,1,450896
7290017888644,false,"משקה אננס בננה כורכום פרות & ווג 350 מ""ל",פרוט אנד וג' Fruit & Veg,IL,פרוט & וג' אננס בננה,גרמים,330.00,100 גרם,false,,8.90,0.0270,true,1,223653
7290017888729,false,שוופס סודה בקבוק 1 ל',"יפאורה תבורי בע""מ",IL,שוופס סודה 1 ליטר,ליטרים,1.00,ליטר,false,,4.90,4.9000,true,1,234195
7290017894096,false,ממרח בטעם מיונז טבעו,אף.סי תבליני בגליל ב,DE,נטורפוד - ממרח בטעם,גרמים,350.00,100 גרם,false,,25.90,0.0740,true,1,273626
7290017941226,false,מזלגות 40 יח' עבה במ,,,מזלגות 40 יח' עבה במ,יחידה,0.00,יחידה,false,,8.90,0.0000,true,1,295123
7290017941233,false,סכינים 40 יח' עבה במ,,,סכינים 40 יח' עבה במ,יחידה,0.00,יחידה,false,,8.90,0.0000,true,1,295105
7290017941288,false,נר נשמה 24 שעות,,,נר נשמה 24 שעות,יחידה,0.00,יחידה,false,,2.50,0.0000,true,1,332628
7290017941363,false,להבונים 50 יח' 4 שעו,,,להבונים 50 יח' 4 שעו,יחידה,0.00,יחידה,false,,11.90,0.0000,true,1,344347
7290017941370,false,להבונים 50 יח' 3 שעו,,,להבונים 50 יח' 3 שעו,יחידה,0.00,יחידה,false,,10.90,0.0000,true,1,332646
7290017941455,false,כוסות 9oz לשתיה חמה,,,כוסות 9oz לשתיה חמה,יחידה,0.00,יחידה,false,,14.90,0.0000,true,1,309918
7290017941462,false,50 כוסות שתייה חמה 8B,,,כוסות שתיה חמה 8B י,יחידה,0.00,יחידה,false,,10.90,0.0000,true,1,302103
7290017941493,false,שקיות פס סגור 25 יח',,,שקיות פס סגור 25 יח',יחידה,0.00,יחידה,false,,8.90,0.0000,true,1,318704
7290017941516,false,שקיות זיפר S לאחסון-,,,שקיות זיפר S לאחסון-,יחידה,0.00,יחידה,false,,7.90,0.0000,true,1,318720
7290017941608,false,קערות אובליות לבן 50,,,קערות אובליות לבן 50,יחידה,0.00,יחידה,false,,11.90,0.0000,true,1,294556
7290017941660,false,מארז תבניות לחלה עבו,,,מארז תבניות לחלה עבו,יחידה,0.00,יחידה,false,,14.90,0.0000,true,1,294517
7290017941684,false,מארז תבניות רוסטר ענ,,,מארז תבניות רוסטר ענ,יחידה,0.00,יחידה,false,,14.90,0.0000,true,1,294519
7290017941714,false,שקיות רב שימושיות זו,,,שקיות רב שימושיות זו,יחידה,0.00,יחידה,false,,9.90,0.0000,true,1,324937
7290017941813,false,קיסמי במבוק בעטיפה א,,,קיסמי במבוק בעטיפה א,יחידה,0.00,יחידה,false,,5.50,0.0000,true,1,297334
7290017941820,false,כוסות שתיה קרה כחול,,,כוסות שתיה קרה כחול,יחידה,0.00,יחידה,false,,14.90,0.0000,true,1,287088
7290017941998,false,שיפודים רחבים לקבב 9,,,שיפודים רחבים לקבב 9,יחידה,0.00,יחידה,false,,6.90,0.0000,true,1,297354
7290017947105,false,לחם בסגנון אמריקה 500 גר',מאפיית שלמה א. אנג'ל,IL,לחם בסגנון אמריקה אנ,גרמים,500.00,100 גרם,false,,15.90,0.0318,true,1,213655
7290017947891,false,לחם כוסמין וחיטה מלאה 750 ג' אנג'ל,מאפיית שלמה א. אנג'ל,IL,לחם כוסמין וחיטה מלא,גרמים,750.00,100 גרם,false,,17.90,0.0239,true,1,212431
7290018043196,false,פראוד - חטיף חלבון בטעם שוקולד לבן עוגיות 60 גרם,הרת'סייד פוד סולושיי,NL,חטיף חלבון בטעם שוקו,גרמים,60.00,100 גרם,false,,14.90,0.2483,true,1,423705
7290018098578,false,המבורגר 230 גרם ביף,,,המבורגר 230 גרם BEEF,גרמים,230.00,100 גרם,false,,23.90,0.1039,true,1,452660
7290018131855,false,אקסטרים טילון בראוניז בדצ 6*72ג,גלידות נסטלה (נגה גל,IL,אקסטרים מאגדת טילון,גרמים,432.00,100 גרם,false,,39.90,0.0924,true,1,314598
7290018131954,false,קרחון שרבט פרווה לה פרוטה תות שדה ושוקולד מריר,גלידות נסטלה Nestle,IL,לה פרוטה מאגדת בטעם,גרמים,350.00,100 גרם,false,,30.90,0.0883,true,1,293280
7290018165447,false,"יין רזרב גולד מרלו 750 מ""ל",יקבי ברקן שיווק והפצ,IL,יין רזרב גולד מרלו 7,מיליליטרים,750.00,"100 מ""ל",false,,49.90,0.0665,true,1,281190
7290018192023,true,סלרי מקלות ליח,,,סלרי מקלות ליח,יח',1.00,יח',false,,6.90,6.9000,true,1,197820
7290018237502,false,עוף טוב דק דק כתף בק,עיצובים 2020 (4.9),IL,עוף טוב דק דק כתף בק,גרמים,200.00,100 גרם,false,,22.90,0.1145,true,1,382132
7290018237984,false,סלמי פפרוני פיקנטי מפולפל 8*320ג עוף טוב,קריות זול,,סלמי פפרוני פיקנטי מ,גרמים,320.00,100 גרם,false,,27.90,0.0872,true,1,468200
7290018359495,false,תירס מהשדה בלי תוספת סוכר יכין 550 גר',היינץ צפון אמריקה מק,IL,תירס מהשדה בלי תוספת,גרמים,550.00,100 גרם,false,,10.90,0.0198,true,1,266552
7290018359686,false,יכין חומוס ענק 550 גר,היינץ צפון אמריקה מק,IL,חומוס ענק יכין 550 ג,גרמים,550.00,100 גרם,false,,10.90,0.0198,true,1,348157
7290018359716,false,רוטב פיצה טוסקנה יכין 240 גר',"זנלכל בע""מ",IL,רוטב פיצה טוסקנה יכי,גרמים,240.00,100 גרם,false,,6.50,0.0271,true,1,302557
7290018359853,false,עדשים שחורות יכין 400 גר',"זנלכל בע""מ",IL,עדשים שחורות יכין 40,גרמים,400.00,100 גרם,false,,8.90,0.0223,true,1,348142
7290018359877,false,רסק עגבניות טבעי יכי,יכין,IL,רסק עגבניות טבעי יכי,גרמים,600.00,100 גרם,false,,17.90,0.0298,true,1,395206
7290018359945,false,חאריפה רוטב פיקנטי מפלפלים וירקות 400גר,יכין,IL,חאריפה - רוטב פיקנטי,גרמים,400.00,100 גרם,false,,13.90,0.0348,true,1,455639
7290018400470,false,כרישה חתוכה קפואה סנ,,,כרישה חתוכה קפואה סנ,גרמים,600.00,100 גרם,false,,16.90,0.0282,true,1,470829
7290018440247,false,צ'אי שקדים 25 שק' ויסוצקי,קריות זול,IL,חווית הצ'אי- שקדים 2,גרמים,50.00,100 גרם,false,,23.90,0.4780,true,1,367165
7290018440438,false,טונה בשמן זית פתיחה קלה 3 * 65 גר,,,טונה easy flip בשמן,גרמים,195.00,100 גרם,false,,26.90,0.1379,true,1,462150
7290018440896,false,חליטת צמחים ג'ינג'ר וכורכום - אפקט הג'ינג'ר,ויסוצקי,IL,חליטת ג'ינג'ר וכורכו,גרמים,37.50,100 גרם,false,,19.90,0.5307,true,1,406630
7290018468326,false,נקניקיה צמחית בסגנון אמריקאי 400 ג' טירת צבי,טירת צבי,IL,נקניקיות צמחוניות בס,גרמים,400.00,100 גרם,false,,41.90,0.1047,true,1,436531
7290018468418,false,"פסטרמה צמחונית בטעם מפולפל, 120 גרם",טיב טירת צבי 2000,IL,פסטרמה צמחונית מפולפ,גרמים,120.00,100 גרם,false,,16.90,0.1408,true,1,486998
7290018468425,false,נקניק טבעוני בטעם מעושן,טיב טירת צבי 2000,IL,נקניק טבעוני בטעם מע,גרמים,100.00,100 גרם,false,,16.90,0.1690,true,1,486999
7290018471470,false,תפוזינה נקטר תפוז פסיפלורה קרטונית 1 ליטר,"יפאורה תבורי בע""מ",IL,נקטר תפוזינה ENJOY ב,ליטרים,1.00,ליטר,false,,7.90,7.9000,true,1,314029
7290018471487,false,תפוזינה נקטר תפוז אננס קרטונית 1 ליטר,"יפאורה תבורי בע""מ",IL,נקטר תפוזינה ENJOY ב,ליטרים,1.00,ליטר,false,,7.90,7.9000,true,1,314030
7290018471494,false,תפוזינה משקה תפוז גזר קרטונית 1 ליטר,"יפאורה תבורי בע""מ",IL,נקטר תפוזינה ENJOY ב,ליטרים,1.00,ליטר,false,,7.90,7.9000,true,1,314031
7290018471630,false,שוופס טוניק מלפפון ליים 1 ל',"יפאורה תבורי בע""מ",IL,שוופס טוניק מלפפון ל,ליטרים,1.00,ליטר,false,,10.80,10.8000,true,1,316954
7290018493069,false,"קרם ידיים בשמן כותנה ד""ר פישר 100מ""ל",,,קרם ידיים אפקטיב קר,מיליליטרים,100.00,"100 מ""ל",false,,16.90,0.1690,true,1,439865
7290018500361,false,לחם אנג'ל אחיד פרוס 900 גר',מאפיית שלמה א. אנג'ל,IL,לחם אחיד פרוס מאפיית,גרמים,900.00,100 גרם,false,,8.53,0.0095,true,1,457275
7290018500385,true,חלה רגילה אנגל 650 ג,,,חלה רגילה אנגל 650 ג,גרמים,650.00,100 גרם,false,,6.50,0.0100,true,1,471604
7290018540329,false,שקית פיתה פיתה בלדי 800 ג' אנג'ל,מאפיית שלמה א. אנג'ל,IL,פיתה פיתה אנגל 880 ג,יח',10.00,יח',false,,13.90,1.3900,true,1,291407
7290018571071,false,פספסים טופי מיה 450,מיה תעשיות מזון בעמ,IL,פספסים טופי מיה 450,גרמים,450.00,100 גרם,false,,15.90,0.0353,true,1,296828
7290018571712,false,"אורז פרסי 1 ק""ג מיה.",,,"אורז פרסי 1 ק""ג",קילוגרמים,1.00,"ק""ג",false,,11.90,11.9000,true,1,452583
7290018571729,false,"אורז ריזוטו עגול 1 ק""ג מיה.",,,אורז ריזווטו עגול 1,קילוגרמים,1.00,"ק""ג",false,,9.90,9.9000,true,1,452613
7290018571736,false,אורז בסמטי הודי 1ק''ג,,,"אורז בסמטי 1 ק""ג",קילוגרמים,1.00,"ק""ג",false,,12.90,12.9000,true,1,452614
7290018626108,false,קערות אובליות שקוף 5,,,קערות אובליות שקוף 5,יחידה,0.00,יחידה,false,,11.90,0.0000,true,1,294558
7290018626269,false,תבנית מהודרת אינגליש,,,תבנית מהודרת אינגליש,יחידה,0.00,יחידה,false,,12.90,0.0000,true,1,300390
7290018626306,false,פיצה מרגריטה פיטריות,,,פיצה מרגריטה פיטריות,גרמים,400.00,100 גרם,false,,12.90,0.0323,true,1,341924
7290018626603,false,צימרונים לאוזנים לתי,,,צימרונים לאוזנים לתי,יחידה,0.00,יחידה,false,,4.90,0.0000,true,1,338028
7290018626634,false,מארז תבניות רוסטר עמ,,,מארז תבניות רוסטר עמ,יחידה,0.00,יחידה,false,,15.90,0.0000,true,1,389274
7290018626955,false,מפיות תלת שכבתיות 20,,,מפיות תלת שכבתיות 20,יחידה,0.00,יחידה,false,,5.90,0.0000,true,1,354629
7290018652657,false,שלגוני לייט נסטלה מנ,גלידות נסטלה,IL,מאגדת מנגו-יוגורט לי,גרמים,312.00,100 גרם,false,,31.90,0.1022,true,1,439318
7290018652886,false,מאגדת מצופים שוקו בננה 8 יח-476 ג',גלידות נסטלה,IL,מאגדת שוקו בננה 8 יח,גרמים,476.00,100 גרם,false,,30.90,0.0649,true,1,409447
7290018720103,false,וופל שוקו ללא סוכר 250 ג' מעדני מלך,,,אפיפיות בטעם שוקו לל,גרמים,250.00,100 גרם,false,,8.90,0.0356,true,1,367195
7290018886175,false,כפיות עבות 50 יח' ש,,,כפיות עבות 50 יח' ש,יחידה,0.00,יחידה,false,,10.90,0.0000,true,1,338058
7290018886182,false,כפיות עבות 50 יח' ק,,,כפיות עבות 50 יח' ק,יחידה,0.00,יחידה,false,,10.90,0.0000,true,1,338059
7290018886229,false,מזלגות עבות 50 יח',,,מזלגות עבות 50 יח',יחידה,0.00,יחידה,false,,10.90,0.0000,true,1,338063
7290018886243,false,כפות עבות 50 יח' קר,,,כפות עבות 50 יח' קר,יחידה,0.00,יחידה,false,,10.90,0.0000,true,1,338065
7290018886304,false,פת דגנים סגנון שוודי,סונקו,PL,פת דגנים סגנון שוודי,גרמים,340.00,100 גרם,false,,12.90,0.0379,true,1,358713
7290018886328,false,פת דגנים שיפון מאפים,סונקו,PL,פת דגנים שיפון 340 ג,גרמים,340.00,100 גרם,false,,12.90,0.0379,true,1,360242
7290018886601,false,כוסות דמוי שיש 40 יח,,,כוסות דמוי שיש 40 יח,יחידה,0.00,יחידה,false,,9.90,0.0000,true,1,338080
7290018886977,false,נייר אפיה 50 יחידות,,,נייר אפיה 50 יחידות,יחידה,0.00,יחידה,false,,9.90,0.0000,true,1,360626
7290018893616,false,שוקולד מריר 48% 6 יח' *100 ג' צ'וקטה,צוקטה,ES,שישיית צוקטה שוקולד4,גרמים,600.00,100 גרם,false,,22.90,0.0382,true,1,373132
7290018893807,false,צ'וקטה - שוקולד מריר שלישייה 3 * 100 גרם,צ'וקטה Chocketa,,מארז שוקולד מריר 60%,גרמים,300.00,100 גרם,false,,14.90,0.0497,true,1,392794
7290018893814,false,צ'וקטה שוקולד מריר 48% 5 יח' *100 ג',הדקלאים אגודת שיתופי,ES,צ'וקטה שוקולד 48% 5*,גרמים,500.00,100 גרם,false,,21.90,0.0438,true,1,367951
7290018925065,false,פרימור מיץ תפוזים סחוט 2 ליטר,פרימור,IL,פרימור מיץ תפוזים סח,ליטרים,2.00,ליטר,false,,28.90,14.4500,true,1,378218
7290018925409,false,"מיץ לימון ואננס 400 מ""ל פרימור",קריות זול,IL,משקה קל לימון אננס פ,מיליליטרים,400.00,"100 מ""ל",false,,8.50,0.0213,true,1,470823
7290019031000,false,WIZ מארז חמישיית ניי,,,WIZ מארז חמישיית ניי,יחידה,0.00,יחידה,false,,11.90,0.0000,true,1,389319
7290019031079,false,תבנית R-29 מרובעת קט,,,תבנית R-29 מרובעת קט,יחידה,0.00,יחידה,false,,9.90,0.0000,true,1,413169
7290019031086,false,תבנית R-31 גדולה 7 י,,,תבנית R-31 גדולה 7 י,יחידה,0.00,יחידה,false,,9.90,0.0000,true,1,413170
7290019031093,false,תבנית R-64 בינונית 7,,,תבנית R-64 בינונית 7,יחידה,0.00,יחידה,false,,9.90,0.0000,true,1,413171
7290019031123,false,WIZ תבניות אלומיניום עגול 5 יח חזקות,,,תבנית אלומינים A-14,יחידה,0.00,יחידה,false,,9.90,0.0000,true,1,413174
7290019031185,false,כפפות לטקס 100 יח' M,,,כפפות לטקס 100 יח' M,יחידה,0.00,יחידה,false,,32.90,0.0000,true,1,403566
7290019031192,false,כפפות לטקס 100 יח' L,,,כפפות לטקס 100 יח' L,יחידה,0.00,יחידה,false,,32.90,0.0000,true,1,403550
7290019031314,false,קערות אובליות לבנות,,,קערות אובליות לבנות,יחידה,0.00,יחידה,false,,7.90,0.0000,true,1,407866
7290019031338,false,"צלחות קטנות 7"" לבנות",,,"צלחות קטנות 7"" לבנות",יחידה,0.00,יחידה,false,,9.90,0.0000,true,1,407868
7290019031352,false,"צלחות ענקיות 10"" לבנ",,,"צלחות ענקיות 10"" לבנ",יחידה,0.00,יחידה,false,,24.90,0.0000,true,1,407869
7290019031369,false,"צלחות גדולות 9"" קרם",,,"צלחות גדולות 9"" קרם",יחידה,0.00,יחידה,false,,15.90,0.0000,true,1,407884
7290019031437,false,אשפתון 65X75 XL חזק,,,אשפתון 65X75 XL חזק,יחידה,0.00,יחידה,false,,20.90,0.0000,true,1,432536
7290019031659,false,WIZ צלחות גדולות  שק,,,WIZ צלחות גדולות  שק,יחידה,0.00,יחידה,false,,15.90,0.0000,true,1,470927
7290019031673,false,"WIZ מרקיות שקופות 7""",,,"WIZ מרקיות שקופות 7""",יחידה,0.00,יחידה,false,,10.90,0.0000,true,1,470929
7290019031697,false,WIZ לפתניות שקופות 2,,,WIZ לפתניות שקופות 2,יחידה,0.00,יחידה,false,,6.90,0.0000,true,1,470931
7290019056041,false,שוופס מוגז פירות לימונייד ללא סוכר 1.5 ליטר פיקדון,"יפאורה תבורי בע""מ",IL,שוופס מוגז פירות ללא,ליטרים,1.50,ליטר,false,,8.90,5.9333,true,1,370443
7290019056065,false,שוופס מוגז עדין פירות יער 1.5 ליטר פיקדון,"יפאורה תבורי בע""מ",IL,שוופס מוגז עדין פירו,ליטרים,1.50,ליטר,false,,8.90,5.9333,true,1,370094
7290019056072,false,שוופס מוגז עדין אננס 1.5 ליטר פיקדון,"יפאורה תבורי בע""מ",IL,שוופס מוגז עדין אננס,ליטרים,1.50,ליטר,false,,8.90,5.9333,true,1,370110
7290019056119,false,שוופס סודה 1.5 ליטר פיקדון,"יפאורה תבורי בע""מ",IL,שוופס סודה 1.5ליטר,ליטרים,1.50,ליטר,false,,4.50,3.0000,true,1,369978
7290019056188,false,שוופס סודה נענע ליים 1.5 ליטר רביעייה פיקדון,"יפאורה תבורי בע""מ",IL,שוופס סודה נענע ליים,ליטרים,6.00,ליטר,false,,13.10,2.1833,true,1,370011
7290019056249,false,שוופס מים בטעמים ענבים 1.5 ליטר פיקדון,"יפאורה תבורי בע""מ",IL,שוופס וואטר ענבים 1.,ליטרים,1.50,ליטר,false,,9.50,6.3333,true,1,369902
7290019056263,false,שוופס מים בטעמים אפרסק 1.5 ליטר פיקדון,"יפאורה תבורי בע""מ",IL,שוופס וואטר אפרסק 1.,ליטרים,1.50,ליטר,false,,9.50,6.3333,true,1,369918
7290019056300,false,משקה בטעם ביטר לימון 1.5 ל' שוויפס,"יפאורה תבורי בע""מ",IL,שוופס ביטר לימון 1.5,ליטרים,1.50,ליטר,false,,12.90,8.6000,true,1,370490
7290019056317,false,שוופס ראשן 1.5 ליטר פיקדון,"יפאורה תבורי בע""מ",IL,שוופס ראשן 1.5 ליטר,ליטרים,1.50,ליטר,false,,12.90,8.6000,true,1,370491
7290019056324,false,שוופס טוניק 1.5 ליטר פיקדון,"יפאורה תבורי בע""מ",IL,שוופס מי טוניק 1.5 ל,ליטרים,1.50,ליטר,false,,12.90,8.6000,true,1,370492
7290019056331,false,שוופס טוניק ללא סוכר 1.5 ליטר פיקדון,"יפאורה תבורי בע""מ",IL,שוופס טוניק ללא סוכר,ליטרים,1.50,ליטר,false,,11.90,7.9333,true,1,370493
7290019056362,false,תפוזינה ענבים 1.5 ליטר פיקדון,"יפאורה תבורי בע""מ",IL,תפוזינה ענבים 1.5 לי,ליטרים,1.50,ליטר,false,,9.50,6.3333,true,1,369590
7290019056379,false,תפוזינה תפוזים 1.5 ליטר פיקדון,"יפאורה תבורי בע""מ",IL,תפוזינה תפוזים 1.5 ל,ליטרים,1.50,ליטר,false,,9.50,6.3333,true,1,369640
7290019056386,false,פתוזינה אשכולית 1.5 ליטר פיקדון,"יפאורה תבורי בע""מ",IL,תפוזינה אשכוליות 1.5,ליטרים,1.50,ליטר,false,,9.50,6.3333,true,1,369641
7290019056409,false,תפוזינה מנגו 1.5 ליטר פיקדון,"יפאורה תבורי בע""מ",IL,תפוזינה מנגו עסיסי 1,ליטרים,1.50,ליטר,false,,9.50,6.3333,true,1,369660
7290019056515,false,פרוט ווטר אננס 1.5 ליטר פיקדון,"יפאורה תבורי בע""מ",IL,פרוט ווטר אננס 1.5 ל,ליטרים,1.50,ליטר,false,,9.50,6.3333,true,1,369856
7290019056553,false,עין גדי מים מינרלים 2 ליטר*6 יח',עין גדי מים מינרליים,IL,עין גדי מים מינרלים,ליטרים,12.00,ליטר,false,,13.80,1.1500,true,1,370653
7290019056560,false,עין גדי 2 ליטר בק' בודד פיקדון,יפאורה תבורי,IL,עין גדי מים מינרלים,ליטרים,2.00,ליטר,false,,4.50,2.2500,true,1,370654
7290019056577,false,ספרינג מנגו 1.5 ליטר פיקדון,"יפאורה תבורי בע""מ",IL,ספרינג מנגו 1.5 ליטר,ליטרים,1.50,ליטר,false,,9.50,6.3333,true,1,369344
7290019056584,false,ספרינג תפוזים 1.5 ליטר פיקדון,"יפאורה תבורי בע""מ",IL,ספרינג תפוזים 1.5 לי,ליטרים,1.50,ליטר,false,,9.50,6.3333,true,1,369391
7290019056591,false,ספרינג ענבים 1.5 ליטר פיקדון,"יפאורה תבורי בע""מ",IL,ספרינג ענבים 1.5 ליט,ליטרים,1.50,ליטר,false,,9.50,6.3333,true,1,369406
7290019056607,false,ספרינג תפוחים 1.5 ליטר פיקדון,"יפאורה תבורי בע""מ",IL,ספרינג תפוחים 1.5 לי,ליטרים,1.50,ליטר,false,,9.50,6.3333,true,1,369407
7290019056621,false,ספרינג פירות טרופיים 1.5 ליטר פיקדון,"יפאורה תבורי בע""מ",IL,ספרינג פירות טרופיים,ליטרים,1.50,ליטר,false,,9.50,6.3333,true,1,369424
7290019056645,false,ספרחנג אגס תפוח סברס 1.5 ליטר פיקדון,"יפאורה תבורי בע""מ",IL,ספרינג אגס סברס תפוח,ליטרים,1.50,ליטר,false,,9.50,6.3333,true,1,369446
7290019056669,false,ספרינג תפוחים גיאט 1.5 ליטר פיקדון,"יפאורה תבורי בע""מ",IL,ספרינג תפוחים דיאט 1,ליטרים,1.50,ליטר,false,,8.90,5.9333,true,1,369472
7290019056959,false,מי עדן 1.5 ליטר בק' בודד פיקדון,מופק ממקור בזלתי עדן,IL,מי עדן 1.5 ליטר,ליטרים,1.50,ליטר,false,,3.90,2.6000,true,1,382176
7290019056973,false,מי עדן 1.5 ליטר שישייה פיקדון,מופק ממקור בזלתי עדן,IL,מי עדן 6*1.5 ליטר,ליטרים,9.00,ליטר,false,,14.90,1.6556,true,1,370607
7290019153313,false,"משקהתפוח חמוציות אוכמניות 350 מ""ל פרות & ווג",יפאורה תבורי בעמ,IL,פרוט & וג' תפוח חמוצ,מיליליטרים,330.00,"100 מ""ל",false,,8.90,0.0270,true,1,451396
7290019232155,false,"חליטת ""לילה טוב"" קמומיל לבנדר ו25 שקיקים ויסוצקי",ויסוצקי,IL,לילה טוב חליטת קמומי,גרמים,37.50,100 גרם,false,,25.90,0.6907,true,1,504967
7290019245001,false,שמן קנולה אלומות 1 ל,סקנולה,EE,שמן קנולה אלומות 1 ל,ליטרים,1.00,ליטר,false,,12.90,12.9000,true,1,431030
7290019267737,true,חלה וויזניץ 500 גרם,,,חלה וויזניץ 500 גרם,יח',1.00,יח',false,,19.90,19.9000,true,1,507771
7290019297239,false,צימוק חום 250 גרם בק,"דין שיווק וקליה בע""מ",,צימוק כהה 250 גרם,גרמים,250.00,100 גרם,false,,14.90,0.0596,true,1,5534
7290019297628,false,שקד טבעי 150 גרם ששון הקולה שקית,דין שיווק,IL,שקד טבעי 150 גרם ששו,גרמים,150.00,100 גרם,false,,15.90,0.1060,true,1,5555
7290019308027,false,שעועית ירוקה שלמה עד,,,שעועית ירוקה שלמה עד,גרמים,800.00,100 גרם,false,,9.90,0.0124,true,1,485124
7290019308058,false,שעועית ירוקה חתוכה 8,,,שעועית ירוקה חתוכה 8,גרמים,800.00,100 גרם,false,,9.90,0.0124,true,1,464758
7290019393061,false,"קמח כוסמין 100% ללא צורך בניפוי 1 ק""ג האופה",,,קמח כוסמין מלא מנופה,קילוגרמים,1.00,"ק""ג",false,,18.90,18.9000,true,1,491549
7290100243671,false,מרכך כביסה אקסטרא בניחוח יסמין מרענן,יוניליוור סנאיי וי ט,TR,בדין אקסטרא כחול-960,מיליליטרים,960.00,"100 מ""ל",false,,17.90,0.0186,true,1,11554
7290100680650,false,מנה חמה נודלס-אטריות ירקות טעם תאילנדי אסם 76 ג',THAI PRESIDENT FOODS,TH,מנה חמה נודלס תאילנד,גרמים,76.00,100 גרם,false,,6.90,0.0908,true,1,21410
7290100680711,false,פירורית זהב אסם זהב 350ג',עינת תעשיות מזון,IL,אסם פירורית זהב 350,גרמים,350.00,100 גרם,false,,9.90,0.0283,true,1,21412
7290100680728,false,פירורית רגילה שקית 350 גרם,מיוצר עי קונדיטוריית,IL,פירורית רגילה שקית 3,גרמים,350.00,100 גרם,false,,8.90,0.0254,true,1,119870
7290100681138,false,מארז אפרופו חטיף תירס 3 יחידות,"אסם השקעות בע""מ",IL,אפרופו מאח 3*50 גר',גרמים,150.00,100 גרם,false,,13.50,0.0900,true,1,21417
7290100683880,false,אבקה להכנת פירה 260 ג' אסם,"אסם השקעות בע""מ",IL,פירה אסם 260 גרם,גרמים,260.00,100 גרם,false,,15.90,0.0612,true,1,21430
7290100685334,false,אבקת מרק עוף אמיתי ר.טבעיים 400ג' אסם,"אסם השקעות בע""מ",IL,מרק עוף מרכיבים טבעי,גרמים,400.00,100 גרם,false,,26.70,0.0667,true,1,21441
7290100685341,false,מרק בטעם עוף זך רכיבים טבעיים 400 ג' אסם,"אסם השקעות בע""מ",IL,מרק זך טעם עוף רכיבי,גרמים,400.00,100 גרם,false,,18.90,0.0472,true,1,21442
7290100685600,false,פירורית זהב אסם זהב חיטה מלאה 200ג',עינת תעשיות מזון,IL,פירורית זהב חיטה מלא,גרמים,200.00,100 גרם,false,,8.50,0.0425,true,1,119874
7290100686171,false,ביסלי גריל מארז 6 יח' * 35 ג' אסם,אסם תעשיות,IL,ביסלי גריל מאח.8 6*3,גרמים,210.00,100 גרם,false,,14.50,0.0690,true,1,21451
7290100687109,false,במבה במילוי קרם נוגט 60ג' אסם,"אסם השקעות בע""מ",IL,במבה במילוי קרם נוגט,גרמים,60.00,100 גרם,false,,5.90,0.0983,true,1,21454
7290100689301,false,אבקת מרק עוף זך עדיף אסם 400 גר',"אסם השקעות בע""מ",IL,מרק בטעם עוף זך אסם,גרמים,400.00,100 גרם,false,,15.90,0.0398,true,1,21461
7290100700020,false,סוגת גריסי פנינה 500גרם,האי נאם סי או אל.טי.,IL,סוגת גריסי פנינה 500,גרמים,500.00,100 גרם,false,,6.90,0.0138,true,1,19418
7290100700242,false,"אורז מלא עגול סוגת 1 ק""ג","סוגת תעשיות בע""מ",IL,סוגת אורז מלא עגול 1,קילוגרמים,1.00,"ק""ג",false,,12.90,12.9000,true,1,19420
7290100700273,false,קינואה סוגת 500 גרם,האי נאם סי או אל.טי.,IL,קינואה סוגת 500 גרם,גרמים,500.00,100 גרם,false,,15.90,0.0318,true,1,19422
7290100700310,false,"כוסמת 1ק""ג סוגת",,,כוסמת 1 ק'ג,קילוגרמים,1.00,"ק""ג",false,,16.90,16.9000,true,1,19424
7290100700396,false,"סוגת אורז יסמין קלאסי 1 ק""ג",האי נאם סי או אל.טי.,IL,סוגת אורז יסמין קלאס,קילוגרמים,1.00,"ק""ג",false,,13.90,13.9000,true,1,19430
7290100700587,false,סוגת בורגול 500 גרם,האי נאם סי או אל.טי.,IL,סוגת בורגול 500 גר,גרמים,500.00,100 גרם,false,,6.90,0.0138,true,1,19435
7290100701157,false,אורז להכנת סושי סוגת,Unknown,,אורז סושי 1 קג,קילוגרמים,1.00,"ק""ג",false,,14.80,14.8000,true,1,19438
7290100701331,false,קמח רב תכליתי שטיבל קמח חיטה לבן בהיר,"שטיבל בע""מ - טחנות ק",IL,קמח רב תכליתי סוגת,קילוגרמים,1.00,"ק""ג",false,,8.90,8.9000,true,1,19441
7290100701386,false,קמח לחלה קמח חיטה לבן שטיבל,"שטיבל בע""מ - טחנות ק",IL,"קמח לחלה סוגת 1 ק""ג",קילוגרמים,1.00,"ק""ג",false,,8.90,8.9000,true,1,119653
7290100701577,false,קמח לחם קמח חיטה לבן שטיבל,שטיבל טחנות קמח,IL,קמח לחם מועשר בויטמי,קילוגרמים,1.00,"ק""ג",false,,8.90,8.9000,true,1,68397
7290100701874,false,"קמח כוסמין 1 ק""ג סוגת",טחנות קמח שטיבל באר,IL,"קמח כוסמין סוגת 1 ק""",קילוגרמים,1.00,"ק""ג",false,,14.00,14.0000,true,1,119656
7290100702260,false,קוסקוס דק סוגת 350 גר',סוגת,IL,קוסקוס דק סוגת 350 ג,גרמים,350.00,100 גרם,false,,5.90,0.0169,true,1,68402
7290100702277,false,קוסקוס עבה סוגת 350 גר',סוגת,IL,קוסקוס עבה סוגת 350,גרמים,350.00,100 גרם,false,,5.90,0.0169,true,1,19458
7290100702383,false,"קמח תופח סוגת 1 ק""ג",שטיבל טחנות קמח,IL,"קמח תופח סוגת 1 ק""ג",קילוגרמים,1.00,"ק""ג",false,,8.90,8.9000,true,1,19462
7290100702628,false,פתיתים אפויים קוסקוס סוגת 500 ג',יושלם,,פתיתים אפויים קוסקוס,גרמים,500.00,100 גרם,false,,5.20,0.0104,true,1,19471
7290100702741,false,"סוכר חום בהיר בצנצנת 1 ק""ג סוגת",סוגת,IL,סוכר חום בהיר בצנצנת,קילוגרמים,1.00,"ק""ג",false,,14.50,14.5000,true,1,19481
7290100702987,false,פתיתי שיבולת שועל דק סוגת 500ג',סוגת תעשיות,,פתיתי שיבולת שועל סו,גרמים,500.00,100 גרם,false,,7.90,0.0158,true,1,68425
7290100703922,false,פופקורן להכנה במיקרוגל בטעם טבעי - מארז 6 שקיות,סוגת,,מארז פופקורן למיקרוג,גרמים,540.00,100 גרם,false,,14.90,0.0276,true,1,117573
7290100850916,false,דוריטוס בטעם חמוץ חריף,"שטראוס פריטו ליי בע""",IL,דוריטוס חמוץ חריף 70,גרמים,70.00,100 גרם,false,,4.30,0.0614,true,1,25368
7290100850923,false,דוריטוס גריל 70 גרם,שטראוס פריטו ליי בע,IL,דוריטוס גריל 70 גרם,גרמים,70.00,100 גרם,false,,4.30,0.0614,true,1,25369
7290100850930,false,דוריטוס דיפ טבעי 70ג,שטראוס פריטו ליי בע,IL,דוריטוס טבעי 70 גרם,גרמים,70.00,100 גרם,false,,4.30,0.0614,true,1,25370
7290100858608,false,אבקת קקאו עלית שקית 500 ג',שטראוס גרופ,IL,עלית קקאו 500ג,גרמים,500.00,100 גרם,false,,27.90,0.0558,true,1,24194
7290100924631,false,מרכך כביסה מרוכז לבגדי תינוקות ובעלי עור רגיש,"הנקל סוד בע""מ",IL,מרכך כביסה סוד מרוכז,מיליליטרים,900.00,"100 מ""ל",false,,13.90,0.0154,true,1,38282
7290101112440,false,גרניטה חלבי אייס קפו,פלדמן,IL,גרניטה חלבי אייס קפו,גרמים,80.00,100 גרם,false,,4.50,0.0563,true,1,368043
7290101113157,false,גלידל וניל עוגיות מאגדת שישייה 312 ג',הגלידות של פלדמן,IL,גלידל חלבי וניל עוגי,גרמים,672.00,100 גרם,false,,27.90,0.0415,true,1,145385
7290101113904,false,מנבו בטעם וניל 12 יח,הגלידות של פלדמן,IL,מנבו וניל 12 יח 288,גרמים,288.00,100 גרם,false,,24.90,0.0865,true,1,487902
7290101551539,false,יוגורט PRO בטעם אפרסק 0% 20 גרם חלבון בגביע,דנונה - שטראוס,IL,דנונה פרו 20 אפרסק 2,גרמים,200.00,100 גרם,false,,6.50,0.0325,true,1,135008
7290101551584,false,תפוצ'יפס קידס מארז 10 יח' * 20 ג',"שטראוס פריטו ליי בע""",IL,מארז תפוצ'יפס קידס 1,גרמים,200.00,100 גרם,false,,15.90,0.0795,true,1,133682
7290102030330,false,תפוצ'יפס קראנצ' בטעם מקסיקני,"שטראוס פריטו ליי בע""",IL,תפוצ'יפס קראנץ מקסיק,גרמים,200.00,100 גרם,false,,10.90,0.0545,true,1,25378
7290102031276,false,מארז 8 יחידות אקטימל משקה יוגורט בטעם תות בננה,מיוצר עי קונדיטוריית,IL,אקטימל תות בננה 8*10,מיליליטרים,800.00,"100 מ""ל",false,,22.90,0.0286,true,1,24888
7290102300822,false,גבינה צ'דר אנגלית כתומה 200 ג',דאולי צ'יסמייקרס,GB,סיימן גבינת צדר אנגל,גרמים,200.00,100 גרם,false,,27.90,0.1395,true,1,18780
7290102300860,false,גבינת צ'דר אנגלי לבן 35%,דאוליי צ'יסמייקרס,GB,שביק גבינת צדר אנגלי,גרמים,200.00,100 גרם,false,,27.90,0.1395,true,1,18781
7290102302246,false,גאודה הנרי ויליך 200,מיוצר עי קונדיטוריית,NL,גבינת גאודה 200 גר',גרמים,200.00,100 גרם,false,,24.90,0.1245,true,1,18791
7290102302888,false,גבינה הולנדית עם כמו,מיוצר עי קונדיטוריית,NL,גבינה הולנדית עם כמו,גרמים,200.00,100 גרם,false,,33.90,0.1695,true,1,432007
7290102303878,false,חמאת נורמנדי קלאסית,,,חמאת נורמנדי 200 גרם,גרמים,200.00,100 גרם,false,,23.90,0.1195,true,1,432038
7290102303977,false,טונה רוברט בשמן זית,Ramirez,PT,טונה בשמן זית רוברט,גרמים,120.00,100 גרם,false,,13.90,0.1158,true,1,470911
7290102390427,false,יוגורט ביו עם קציפת תות 3% שומן 150 ג' מולר,מולר Muller,IL,מולר פרופ תות 3% 150,גרמים,150.00,100 גרם,false,,5.50,0.0367,true,1,7273
7290102390465,false,יוגורט ביו עם קציפת אפרסק ופסיפלורה 3% שומן 150 ג' מולר,מולר Muller,IL,מולר פרופ אפרסק פסיפ,גרמים,150.00,100 גרם,false,,5.50,0.0367,true,1,7274
7290102390489,false,יוגורט ביו עם קציפת לימון 3% שומן 150 ג' מולר,מולר Muller,IL,מולר פרופ לימון 3% 1,גרמים,150.00,100 גרם,false,,5.50,0.0367,true,1,7276
7290102391844,false,יוגורט ביו עם קציפת פירות יער3% שומן 150 ג' מולר,מולר Muller,IL,מולר פרופ לבן+קציפת,גרמים,150.00,100 גרם,false,,5.50,0.0367,true,1,7294
7290102393039,false,מולר מיקס יוגורט קרמי בתוספת פצפוצי שוקולד 170 ג',קריות זול,IL,מולר מיקס בתוספת פצפ,מיליליטרים,170.00,"100 מ""ל",false,,5.90,0.0347,true,1,7331
7290102393169,false,סימפלי פרוט יוגורט תות 3% שומן 150 ג' מולר,מולר Muller,IL,מולר סימפלי פרוט תות,גרמים,150.00,100 גרם,false,,5.50,0.0367,true,1,7339
7290102393176,false,סימפלי פרוט יוגורט אפרסק 3% שומן 150 ג' מולר,מילקו תעשיות בעמ,IL,מולר סימפלי פרוט אפר,גרמים,150.00,100 גרם,false,,5.50,0.0367,true,1,7340
7290102393190,false,סימפלי פרוט פירות היער 3% שומן 150 ג' מולר,מילקו תעשיות בעמ,IL,מולר סימפלי פרוט פיר,גרמים,150.00,100 גרם,false,,5.50,0.0367,true,1,7342
7290102393268,false,**טרה גבינה לבנה אריזת חיסכון 5% 750ג,טרה,IL,טרה גבינה לבנה אריזת,גרמים,750.00,100 גרם,false,,14.90,0.0199,true,1,7343
7290102393947,false,סימפלי פרוט יוגורט בטעם קיווי 3% שומן 150 ג' מולר,מילקו תעשיות בעמ,IL,מולר סימפלי פרוט קיו,מיליליטרים,150.00,"100 מ""ל",false,,5.50,0.0367,true,1,7358
7290102394463,false,נעם גבינה צהובה וואקום 28% 500גרם,Unknown,IL,נעם גבינה צהובה וואק,גרמים,500.00,100 גרם,false,,28.00,0.0560,true,1,7376
7290102394821,false,נעם גבינה צהובה דק דק פ.ח 28% 200גר,מילקו תעשיות בעמ,IL,נעם גבינה צהובה דק ד,גרמים,200.00,100 גרם,false,,16.20,0.0810,true,1,7382
7290102394845,false,פרוסות גבינת נעם מופחתת שומן 9%,מילקו תעשיות בעמ,IL,נעם גבינה צהובה דק ד,גרמים,200.00,100 גרם,false,,17.00,0.0850,true,1,7383
7290102395231,false,מולר נטורל 2.8% ביאנקו מאגדת 8 יח' * 150 ג',מולר Muller,IL,מולר נטורל 2.8% 8*15,קילוגרמים,1.20,"ק""ג",false,,16.90,14.0833,true,1,7396
7290102395262,false,מארז 8 גביעים יוגורט בטעם תות שדה ואפרסק 3% Simply Fruit,מולר Muller,IL,מולר תות שדה ואפרסק,קילוגרמים,1.20,"ק""ג",false,,32.40,27.0000,true,1,7397
7290102395477,false,מעדן חלב בטעם שוקולד עם קצפת 123 ג' טרה,Unknown,IL,מוו שוקולד קצפת 123מ,מיליליטרים,123.00,"100 מ""ל",false,,3.50,0.0285,true,1,7408
7290102395521,false,"שמנת לבישול 15% שומן 500 מ""ל טרה",מילקו תעשיות בעמ,IL,טרה שמנת לבישול 15%+,מיליליטרים,500.00,"100 מ""ל",false,,16.90,0.0338,true,1,7409
7290102396436,false,מעדן שוקולד 1.5% שומן 125 ג' טרה,טרה,IL,מוו מעדן שוקולד 1.5%,גרמים,125.00,100 גרם,false,,3.50,0.0280,true,1,7447
7290102396580,false,מעדן שוקולד ומוס שוקולד 123 ג' טרה,טרה,IL,מוו מעדן שוקולד ומוס,גרמים,118.00,100 גרם,false,,3.50,0.0297,true,1,7456
7290102396672,false,גבינה צהובה נעם 9% דק דק 360ג',טרה,,נעם צהובה דק דק 9% 3,גרמים,360.00,100 גרם,false,,28.90,0.0803,true,1,7462
7290102397204,false,פרוסות גבינה 22% שומן 200 ג' נעם,מילקו תעשיות בעמ,IL,נעם צהובה דק דק 22%,גרמים,200.00,100 גרם,false,,16.20,0.0810,true,1,7493
7290102397617,false,יוגורט ביו קרמי עם כדורים מצופים שוקולד חום לבן,מולר Muller,IL,מולר מיקס קליק 168 ג,גרמים,168.00,100 גרם,false,,5.90,0.0351,true,1,7519
7290102397730,false,פרוסות גבינה אמנטל חצי קשה 30% שומן 200 ג' נעם,Unknown,IL,גבינת אמנטל נעם פתיח,גרמים,200.00,100 גרם,false,,17.90,0.0895,true,1,82341
7290102397747,false,פרוסות גבינת מוצרלה נעם מחלב בקר 22%,טרה,IL,מוצרלה נעם רכיבים ט,גרמים,200.00,100 גרם,false,,19.90,0.0995,true,1,107521
7290102397891,false,גבינת מותכת 18% צוריאל 100ג',משק צוריאל,IL,רביעייה גבינה מותכת,גרמים,100.00,100 גרם,false,,7.90,0.0790,true,1,75055
7290102398065,false,**חלב בקרטון 2 ליטר 3% מהדרין - טרה,Unknown,IL,טרה חלב קרטון 3% מהד,יחידה,0.00,יחידה,false,,12.46,0.0000,true,1,90089
7290102398331,false,חלב דל לקטוז 2% מועשר בויטמין D,Unknown,IL,חלב מועשר 1 ליטר דל,ליטרים,1.00,ליטר,false,,8.50,8.5000,true,1,110637
7290102398577,false,משקה חלב בטעם שוקו 2% בבקבוק אישי,מילקו תעשיות בעמ,IL,שוקו טרה מועשר בבקבו,מיליליטרים,250.00,"100 מ""ל",false,,5.90,0.0236,true,1,135103
7290102398669,false,משקה חלב עם קפה אייס קפוצ'ינו 1.5%,מילקו תעשיות בעמ,IL,אייס קפוצ'ינו מווו ט,ליטרים,1.00,ליטר,false,,12.50,12.5000,true,1,244577
7290102398836,false,משקה שקדים קלאסי 1 ליטר משק צוריאל,משק צוריאל,IT,משקה שקדים קלאסי משק,ליטרים,1.00,ליטר,false,,12.90,12.9000,true,1,197221
7290102399048,false,פרוסות גבינת קשקבל נעם 200 ג' טרה,טרה,IL,קשקבל נעם פתיחה חוזר,גרמים,200.00,100 גרם,false,,24.90,0.1245,true,1,143420
7290102399635,false,"מולר פרופ יוגורט ביו עם קציפת קוקוס ואננס 150 מ""ל",מולר Muller,IL,מעדן מולר פרופ קוקוס,גרמים,150.00,100 גרם,false,,5.50,0.0367,true,1,245370
7290102399772,false,ממרח חמאת מולר ושמן לפתית במליחות עדינה,Molkerei Weihensteph,DE,מולר ממרח חמאה במליח,גרמים,250.00,100 גרם,false,,18.90,0.0756,true,1,242452
7290102840182,false,"פודינג שוקולד 85גרם בד""ץ",,,פודינג שוקולד 85 ג,גרמים,85.00,100 גרם,false,,4.90,0.0576,true,1,52692
7290103400255,false,לקט לסלט קולסלאו בשקית,"טרופיקל דגיל בע""מ אז",IL,סלט קולסלאו 400 ג בד,גרמים,400.00,100 גרם,false,,11.40,0.0285,true,1,24895
7290103401429,false,עלית אוריגינס קצב ברזילאי 200ג,הנסיך- מפעל לייצור ט,IL,קפה אוריגינס קצב ברז,גרמים,200.00,100 גרם,false,,29.90,0.1495,true,1,24217
7290103404758,false,כרוב אדום במיונז אחל,מיוצר עי קונדיטוריית,IL,אחלה כרוב אדום 120ג,גרמים,120.00,100 גרם,false,,5.90,0.0492,true,1,24898
7290103408206,false,עלי חסה ערבית שטופים,שטראוס בריאות ירקות,IL,עלי חסה ערבית שטופים,גרמים,250.00,100 גרם,false,,11.90,0.0476,true,1,24902
7290103701017,false,נייר אפייה נשלף טאצ 50 יחידות כשלפ,"שניב תעשיות נייר בע""",,טאצ' נייר אפייה נשלף,יחידה,0.00,יחידה,false,,10.90,0.0000,true,1,25747
7290103702298,false,טאצ' אשפתון עבה בגליל 77*90 50 יח',"שניב תעשיות נייר בע""",,טאצ אשפתון בגליל 50,יחידה,0.00,יחידה,false,,16.90,0.0000,true,1,25766
7290103702328,false,שקיות אשפה עבות במיו,"שניב תעשיות נייר בע""",,טאצ אשפתון בגליל 25,יחידה,0.00,יחידה,false,,16.90,0.0000,true,1,25769
7290103704186,false,מגבות מטבח כפול טאצ`מהדורת 2021 6 יחידות,,,מגבות טאצ' גליל כפול,יחידה,0.00,יחידה,false,,20.90,0.0000,true,1,391782
7290104061417,false,חומוס טחינה אחלה 400 ג',"שטראוס גרופ בע""מ",IL,אחלה חומוס טחינה 400,גרמים,400.00,100 גרם,false,,11.90,0.0298,true,1,24905
7290104061424,false,חומוס אחלה עם זעתר 400 ג',מיוצר עי קונדיטוריית,IL,אחלה חומוס זעתר 400,גרמים,400.00,100 גרם,false,,11.90,0.0298,true,1,24906
7290104061431,false,חומוס אחלה עם צנובר 400 ג',"שטראוס גרופ בע""מ",IL,אחלה חומוס צנובר 400,גרמים,400.00,100 גרם,false,,11.90,0.0298,true,1,24907
7290104061448,false,חומוס עם חריף 400 ג' אחלה,מיוצר עי קונדיטוריית,IL,אחלה חומוס חריף 400ג,גרמים,400.00,100 גרם,false,,11.90,0.0298,true,1,24908
7290104065187,false,אבקה להכנת משקה קפה בטעם מוקה,STRAUSS-ISRAEL,IL,קפה נמס עלית בטעם מו,גרמים,200.00,100 גרם,false,,30.90,0.1545,true,1,24248
7290104065934,false,שטראוס עלי רוקט 150ג,שטראוס בריאות ירקות,IL,שטראוס עלי רוקט 150ג,גרמים,150.00,100 גרם,false,,10.90,0.0727,true,1,24911
7290104066566,false,טחינה שומשום מלא אחלה 500 גר',מיוצר עי קונדיטוריית,IL,אחלה טחינה 500ג,גרמים,500.00,100 גרם,false,,15.90,0.0318,true,1,24914
7290104068546,false,גומי מאסט בטעם לימון קולה ללא סוכר 28 ג' עלית,"שטראוס גרופ בע""מ",IL,מאסט קולה 28 גרם,גרמים,28.00,100 גרם,false,,4.90,0.1750,true,1,24256
7290104500572,false,אפרופו חטיף איטליאנו 50 ג' אסם,מיוצר עי קונדיטוריית,IL,אפרופו איטלקי 36*50ג,גרמים,50.00,100 גרם,false,,5.80,0.1160,true,1,21466
7290104504228,false,מארז אריזות מיני חטיף דובונים - 5 יח',"אסם השקעות בע""מ",IL,דובונים קדמ.מארז אחי,גרמים,100.00,100 גרם,false,,14.90,0.1490,true,1,21474
7290104508943,false,במבה אריזת חסכון 200 גרם,"אסם השקעות בע""מ",IL,במבה קלאסי 18*200 גר,גרמים,200.00,100 גרם,false,,9.50,0.0475,true,1,21485
7290104570131,false,תמר מג'הול הדקלאים,,,"תמר מג'הול 1 ק""ג",קילוגרמים,1.00,"ק""ג",false,,18.90,18.9000,true,1,60975
7290104570162,false,תמרים כבוש ביסאן 500 ג',תמר העמקים בית שאן,,תמר כבוש 500 גרם,גרמים,500.00,100 גרם,false,,12.90,0.0258,true,1,55981
7290104721533,false,רצועות פלפלים קלויים אחלה 400 ג',מיוצר עי קונדיטוריית,IL,אחלה פלפלים קלויים 4,גרמים,400.00,100 גרם,false,,16.90,0.0422,true,1,24923
7290104721762,false,קפה טורקי עלית מארז 85X3ג',,,טורקי עלית 3*85 גר'.,גרמים,255.00,100 גרם,false,,19.90,0.0780,true,1,24260
7290104721953,false,לקט סלט מסולסלים 7 סוגי עלים,שטראוס בריאות ירקות,IL,לקט מסולסלים ירקות 3,גרמים,350.00,100 גרם,false,,14.00,0.0400,true,1,24924
7290104722530,false,תפוצ'יפס בטעם שמנת ובצל,"שטראוס פריטו ליי בע""",IL,תפוציפס שמנת בצל 200,גרמים,200.00,100 גרם,false,,10.90,0.0545,true,1,25419
7290104726712,false,מארז 8 יחידות מעדן מילקי בטעם שוקולד עם קצפת,"שטראוס גרופ בע""מ",IL,מילקי שמינייה מארז 8,קילוגרמים,1.06,"ק""ג",false,,21.90,20.6604,true,1,24935
7290104728310,false,"שמנת עמידה לקצפת 38% שומן 250 מ""ל יוטבתה",מחלבת יטבתה,IL,יטבתה שמנת עמידה לקצ,מיליליטרים,250.00,"100 מ""ל",false,,6.47,0.0259,true,1,24940
7290104960239,false,"תחליב רחצה נקה 7 ארומה לבן 750 מ""ל",טרופיקל דגיל תעשיות,IL,תחליב רחצה קמומיל נק,מיליליטרים,750.00,"100 מ""ל",false,,12.90,0.0172,true,1,32803
7290104961526,false,דאודורנט ספריי גוף טיטניום קלאסיק Titanium Classic,אמיליה קוסמטיקס,IL,ספריי גוף קלאסיק טיט,מיליליטרים,150.00,"100 מ""ל",false,,14.90,0.0993,true,1,32828
7290105360755,false,שמן זית כתית מעולה חזק 3,מכוורת יד מרדכי שטרא,IL,שמן זית 3 חזק כתית י,מיליליטרים,750.00,"100 מ""ל",false,,38.90,0.0519,true,1,24286
7290105360762,false,שמן כתית מעולה עדין 1,מכוורת יד מרדכי שטרא,IL,שמן זית 1 עדין כתית,מיליליטרים,750.00,"100 מ""ל",false,,38.90,0.0519,true,1,24287
7290105360878,false,תפוצ'יפס מארז 4 יח' *50ג',"שטראוס פריטו ליי בע""",IL,תפוציפס מארז 4*50ג,גרמים,200.00,100 גרם,false,,12.90,0.0645,true,1,25433
7290105362339,false,"שמנת לבישול 15% 250 מ""ל יטבתה מהדרין",מחלבת יטבתה,IL,יטבתה שמנת לבישול 15,מיליליטרים,250.00,"100 מ""ל",false,,8.90,0.0356,true,1,24945
7290105363602,false,כיף כף - מקלות קלאסי 40 גרם,"איי, בי, אינבוו",TR,כיף כף מקלות קלאסי 4,גרמים,40.00,100 גרם,false,,5.90,0.1475,true,1,24296
7290105366023,false,חציל אחלה בטעם כבד 400 גר' אחלה,מיוצר עי קונדיטוריית,IL,אחלה חציל בטעם כבד 4,גרמים,400.00,100 גרם,false,,16.90,0.0422,true,1,24948
7290105366047,false,טחינה אחלה לבנה 400 גר',מיוצר עי קונדיטוריית,IL,אחלה טחינה לבנה 400ג,גרמים,400.00,100 גרם,false,,16.90,0.0422,true,1,24950
7290105368904,false,"שמנת מתוקה להקצפה 32% שומן 250 מ""ל יוטבתה",מחלבת יטבתה,IL,יטבתה שמנת עמידה לקצ,מיליליטרים,250.00,"100 מ""ל",false,,7.90,0.0316,true,1,24978
7290105369130,false,סימפוניה גבינה במרקם שמנת בצל ירוק 5%,"שטראוס בריאות בע""מ",IL,סימפוניה שטראוס בצל,גרמים,200.00,100 גרם,false,,12.90,0.0645,true,1,24982
7290105431516,false,פרי חטיפי בריאות מארז 5 תמרים בוטנים,טבעית מוצרים מן הטבע,IL,פרי חטיפי תמרים ובוט,גרמים,125.00,100 גרם,false,,19.70,0.1576,true,1,23647
7290105439499,false,מיונז הולנדי 481 ג' מאסטר שף,רמיה סי.וי. הולנד,NL,מיונז הולנדי מאסטר ש,גרמים,480.00,100 גרם,false,,12.90,0.0269,true,1,23677
7290105439581,false,חרדל דיז'ון צרפתי 370ג' מ.שף,סאס קווינור,FR,מאסטר שף מאסטר שף חר,מיליליטרים,370.00,"100 מ""ל",false,,13.90,0.0376,true,1,23679
7290105500151,false,וודקה פינלנדיה בקבוק,"אלטיה קורפ, הלסינקי,",FI,וודקה פינלנדיה 700 מ,מיליליטרים,700.00,"100 מ""ל",false,,70.90,0.1013,true,1,14378
7290105500953,false,"וויסקי ג'ק דניאלס דבש 700 מ""ל",ג'ק דניאל'ס,BE,ג'ק נדיאלס וויסקי דב,מיליליטרים,700.00,"100 מ""ל",false,,120.90,0.1727,true,1,119323
7290105691248,false,פריכונים חטיפי טורטיה תירס 60 ג' אוסם,"מיוצר ע""י PT, משווק",IL,חטיפי פריכונים טורטי,גרמים,60.00,100 גרם,false,,8.10,0.1350,true,1,21508
7290105693341,false,במבה מארז 10 יח' * 25 ג' אסם,"אסם השקעות בע""מ",IL,במבה מאח.15 10*25גרם,גרמים,250.00,100 גרם,false,,17.90,0.0716,true,1,21525
7290105693457,false,עוגת הבית דמקה שוקו וניל 320 ג' אסם,מיוצר עי קונדיטוריית,IL,עוגת הבית דמקה שוקו,גרמים,320.00,100 גרם,false,,14.90,0.0466,true,1,119894
7290105694928,false,אבקת מרק בצל רכיבים טבעיים 220 ג' אסם,"אסם השקעות בע""מ",IL,אבקת מרק בצל רכיבים,גרמים,220.00,100 גרם,false,,19.90,0.0905,true,1,21535
7290105695024,false,אסם פתיתים אפויים אורז עם אטריות 500 גר,"אסם השקעות בע""מ",IL,פתיתים אפויים אורז ע,גרמים,500.00,100 גרם,false,,7.90,0.0158,true,1,68751
7290105964564,false,אחלה חומוס אחלה 400ג,מיוצר עי קונדיטוריית,IL,אחלה חומוס אחלה 400ג,גרמים,400.00,100 גרם,false,,9.90,0.0248,true,1,24989
7290105965738,false,יוגורט לשתיה בטעם תות בננה267 ג' דנונה,מיוצר עי קונדיטוריית,IL,דנונה משקה תות בננה,גרמים,267.00,100 גרם,false,,5.50,0.0206,true,1,24997
7290105966469,false,"חומץ בלסמי יד מרדכי 250מ""ל",אצטייה ג'וזפה קרמוני,IT,חומץ בלסמי יד מרדכי,גרמים,250.00,100 גרם,false,,16.90,0.0676,true,1,24337
7290105968098,false,סלט קולסלאו אחלה 500 ג',אחלה - שטראוס,IL,אחלה קולסלאו 500ג,גרמים,500.00,100 גרם,false,,16.90,0.0338,true,1,25009
7290105968654,false,רביולי בטטה פרווה פסטה נונה 400 ג',מיוצר עי קונדיטוריית,IL,שטראוס רביולי בטטה 4,גרמים,400.00,100 גרם,false,,21.70,0.0542,true,1,25010
7290105968777,false,פריכיות עם תחתית שוקולד מריר 70 ג' אנרגי,"טחנת האבן תעשיות בע""",IL,פריכיות תחתית שוקלד,גרמים,70.00,100 גרם,false,,8.90,0.1271,true,1,24344
7290106520066,false,רבע לשבע במילוי קרם אגוזים ובציפוי שוקולד חלב,הגביע מוצרי וופלים ב,IL,רבע לשבע 160 גרם,גרמים,160.00,100 גרם,false,,12.90,0.0806,true,1,24346
7290106520912,false,"שמנת לבישול 9% 250 מ""ל יטבתה",מחלבת יטבתה,IL,יטבתה שמנת לבישול 9%,מיליליטרים,250.00,"100 מ""ל",false,,8.90,0.0356,true,1,25022
7290106521049,false,קוביות סלק אחלה 400 גר',מיוצר עי קונדיטוריית,IL,אחלה קוביות סלק 400,גרמים,400.00,100 גרם,false,,16.90,0.0422,true,1,25024
7290106521926,false,שקית קפה טורקי 150 ג' עלית,עלית,,קפה טורקי עלית 150 ג,גרמים,150.00,100 גרם,false,,13.90,0.0927,true,1,89908
7290106524439,false,תפוצ'יפס טבעי פופס 60גר',"שטראוס פריטו ליי בע""",IL,תפוציפס פופס 60 גרם,גרמים,60.00,100 גרם,false,,4.50,0.0750,true,1,110934
7290106525368,false,גלילי וופל רבע לשבע שחור לבן 125 גר',הגביע מוצרי וופלים ב,IL,רבע לשבע אין סייד או,גרמים,125.00,100 גרם,false,,12.90,0.1032,true,1,100410
7290106528567,false,דוריטוס גריל עלית 185 ג',הנסיך- מפעל לייצור ט,IL,דוריטוס גריל 185 גר`,גרמים,185.00,100 גרם,false,,8.50,0.0459,true,1,25463
7290106528628,false,דוריטוס טבעי עלית 185 ג',"שטראוס פריטו ליי בע""",IL,דוריטוס טבעי 185 גר`,גרמים,185.00,100 גרם,false,,8.50,0.0459,true,1,25464
7290106528949,false,סלט ערוגות טעם הטבע,שטראוס בריאות ירקות,IL,לקט ערוגות,גרמים,450.00,100 גרם,false,,13.90,0.0309,true,1,25050
7290106571921,false,עוגיות פיטנס עוגיות חמוציות 180 גר',מיוצר עי קונדיטוריית,IL,פיטנס עוגיות חמוציות,גרמים,180.00,100 גרם,false,,12.70,0.0706,true,1,21554
7290106573277,false,אוסם - קריספי טאפאס זיתים 150 גרם,מיוצר עי קונדיטוריית,IL,אסם קריספי טאפאס זית,גרמים,150.00,100 גרם,false,,13.50,0.0900,true,1,119906
7290106573314,false,אוסם - קריספי טאפאס כפרי 150 גרם,מיוצר עי קונדיטוריית,IL,אסם קריספי טאפאס כפר,גרמים,150.00,100 גרם,false,,13.50,0.0900,true,1,119908
7290106573628,false,צבר חומוס עם טחינה 400גר,סלטי צבר,IL,צבר חומוס עם טחינה 4,גרמים,400.00,100 גרם,false,,12.90,0.0323,true,1,22224
7290106574953,false,בייגלה שטוחים כעכים שטוחים עם שומשום,מיוצר עי קונדיטוריית,IL,אסם בייגלה שטוחים שו,גרמים,300.00,100 גרם,false,,11.90,0.0397,true,1,21591
7290106575257,false,עוגת הבית סופלה בטעם שוקולד 340 ג' אסם,מיוצר עי קונדיטוריית,IL,עוגת הבית סופלה בטעם,גרמים,340.00,100 גרם,false,,14.90,0.0438,true,1,119911
7290106575431,false,עוגת הבית סופלה בטעם שוקוניל 340 ג' אסם,מיוצר עי קונדיטוריית,IL,עוגת הבית סופלה בטעם,גרמים,340.00,100 גרם,false,,14.90,0.0438,true,1,21600
7290106576513,false,סלט חומוס צבר 400 גר,סלטי צבר,IL,צבר חומוס 400 גרם,גרמים,400.00,100 גרם,false,,10.90,0.0273,true,1,22229
7290106576537,false,צבר חומוס מסעדה 700 גר,סלטי צבר,IL,צבר חומוס מסעדה 700,גרמים,700.00,100 גרם,false,,12.90,0.0184,true,1,22230
7290106576797,false,"לה קרמריה גלידת וניל איטלקי כשל""פ 1.4ל'",תות תעשיות מזון (201,IL,לה קרמריה וניל איטלק,ליטרים,1.40,ליטר,false,,25.90,18.5000,true,1,17097
7290106576919,false,גלידה קרמריה סורבה תות לימון 1.4 ליטר,המאפיה של הרמן,IL,גלידה קרמריה סורבה ת,ליטרים,1.40,ליטר,false,,25.90,18.5000,true,1,17102
7290106576995,false,גלידה סורבה לה קרמריה תות מנגו לייט 1.4 ל' נסטלה,המאפיה של הרמן,IL,לה קרמריה לייט סורבה,ליטרים,1.40,ליטר,false,,25.90,18.5000,true,1,17106
7290106577039,false,גלידה לה קרמריה שוקו וניל פליק 1.4 ל' נסטלה,תות תעשיות מזון (201,IL,לה קרמריה שוקו וניל,ליטרים,1.40,ליטר,false,,25.90,18.5000,true,1,17107
7290106577282,false,צבר טחינה מרובע 400גרם,סלטי צבר,IL,צבר מרובע טחינה 400ג,גרמים,400.00,100 גרם,false,,14.90,0.0373,true,1,22231
7290106577541,false,כרוב אדום מרובע 400 ג' צבר,סלטי צבר,IL,צבר מרובע כרוב אדום,גרמים,400.00,100 גרם,false,,13.50,0.0338,true,1,22237
7290106578692,false,אוסם - במבה ביסלי מיקס 80 גרם,פרו מן יו פתרונות אר,IL,במבה ביסלי מיקס 36*8,גרמים,80.00,100 גרם,false,,5.90,0.0738,true,1,21619
7290106652996,false,כיף כף מקלות קוקוס חלבי 40 גר',SOLEN CIKOLATA GIDA,TR,כיף כף מקלות קוקוס 4,גרמים,40.00,100 גרם,false,,5.90,0.1475,true,1,496111
7290106653689,false,לקט לסלט בסגנון אסייתי,שטראוס בריאות ירקות,IL,לקט לסלט אסייתי שטרא,גרמים,350.00,100 גרם,false,,10.90,0.0311,true,1,62105
7290106654099,false,מילקי CAKE עוגות אישיות במילוי קרם חלב,STRAUSS-ISRAEL,,עוגות אישיות מילקי ק,גרמים,272.00,100 גרם,false,,20.90,0.0768,true,1,120426
7290106658479,false,עלית וופל בטעם טורטית אגוזים 360גר,"שטראוס גרופ בע""מ",IL,עלית וופל בטעם טורטי,גרמים,40.00,100 גרם,false,,4.90,0.1225,true,1,24429
7290106663121,false,מילקי cake עוגה אישית 34 גרם,בובארד איטליה אס.פי.,IT,מילקי קייק עוגה בודד,גרמים,34.00,100 גרם,false,,3.00,0.0882,true,1,69386
7290106663503,false,יד מרדכי קונפיטורת לייט תות 230 גר,אף.סי תבליני בגליל ב,IL,קונפיטורת לייט תות 2,גרמים,230.00,100 גרם,false,,14.90,0.0648,true,1,24468
7290106663558,false,"רוטב טריאקי ורימון יד מרדכי 280מ""ל",אף.סי תבליני בגליל ב,IL,יד מרדכי רוטב טריאקי,מיליליטרים,280.00,"100 מ""ל",false,,14.90,0.0532,true,1,24473
7290106664067,false,לאבנה עם שמן זית וזעתר 10% שטראוס 400 ג',הדקלאים אגודת שיתופי,IL,שטראוס לאבנה שמן זית,גרמים,400.00,100 גרם,false,,15.90,0.0398,true,1,25101
7290106664562,false,רוטב שמנת עם פטריות 9% שומן 258 ג' יוטבתה,מחלבת יטבתה,IL,יטבתה רוטב שמנת עם פ,גרמים,250.00,100 גרם,false,,11.50,0.0460,true,1,25104
7290106666788,false,עלית - סוכריות נוסטלגיה דבש ממולאות 80 גרם,פלזנסקי,IL,סוכריות נוסטלגיה דבש,גרמים,80.00,100 גרם,false,,7.90,0.0988,true,1,24490
7290106667266,false,דוריטוס חמוץ חריף עלית 185 ג',הנסיך- מפעל לייצור ט,IL,דוריטוס חמוץ חריף 18,גרמים,185.00,100 גרם,false,,8.50,0.0459,true,1,25539
7290106668713,false,יוגורט עם פירות יער 3% שומן 150 ג' דנונה,מיוצר עי קונדיטוריית,IL,דנונה פירות יער3% 15,מיליליטרים,150.00,"100 מ""ל",false,,3.90,0.0260,true,1,25113
7290106720626,false,צ'יטוס קראנצ' בטעם גבינה - חלבי,"שטראוס פריטו ליי בע""",IL,ציטוס גבינה 80 גרם,גרמים,80.00,100 גרם,false,,5.50,0.0688,true,1,77596
7290106721913,false,מסטיק מאסט MUST ללא סוכר בטעם מנטה מרעננת,"שטראוס גרופ בע""מ",IL,מאסט צנצנת ריח פה צ',גרמים,66.00,100 גרם,false,,11.90,0.1803,true,1,24535
7290106721920,false,צנצנת מסטיק מאסט בטעם ספירמינט עדין 66 ג' עלית,"שטראוס גרופ בע""מ.",IL,מאסט צנצנת ספירמינט,גרמים,66.00,100 גרם,false,,11.90,0.1803,true,1,24536
7290106723689,false,עלי תרד בייבי שטראוס,שטראוס בריאות ירקות,IL,שטראוס תרד בייבי 200,גרמים,200.00,100 גרם,false,,11.90,0.0595,true,1,25124
7290106725867,false,"סירופ מייפל טהור 189 מ""ל יד מרדכי",קוסלסי פוד,CA,יד מרדכי סירופ מייפל,מיליליטרים,189.00,"100 מ""ל",false,,38.90,0.2058,true,1,24587
7290106729650,false,יוגורט עם תות מאגדת 8 יח' * 150ג' דנונה,דנונה - שטראוס,,דנונה יוגורט תות 8יח,קילוגרמים,1.20,"ק""ג",false,,27.00,22.5000,true,1,25155
7290107280112,false,נייר טואלט סופט סילק 24 גליל,Unknown,,סנו סופט נייר טואלט,מטרים,441.00,מטר,false,,27.90,0.0633,true,1,106263
7290107280341,false,ריצפז מטליות לחות לניקוי הרצפה בניחוח מלון מפנק,"סנו מפעלי ברונוס סע""",IL,ריצפז מטליות לחות לנ,יחידה,0.00,יחידה,false,,12.90,0.0000,true,1,199449
7290107280709,false,"סנו ספארק נוזל הברקה למדיח 700 מ""ל","סנו מפעלי ברונוס בע""",IL,סנו ספארק נוזל הברקה,מיליליטרים,700.00,"100 מ""ל",false,,18.90,0.0270,true,1,32919
7290107280716,false,מלח למדיח להגנה מפני אבנית סנו ספארק Spark,סנו,IL,סנו ספארק מלח למדיח,קילוגרמים,2.00,"ק""ג",false,,13.90,6.9500,true,1,32920
7290107280723,false,נוזל לניקוי כלים סנו ספארק Spark בניחוח לימון רענן,סנו כימיקלים,IL,סנו ספארק נוזל לניקו,מיליליטרים,700.00,"100 מ""ל",false,,11.90,0.0170,true,1,32921
7290107280761,false,נוזל לניקוי כלים בניחוח לימון רענן סנו ספארק Spark,מיוצר עי קונדיטוריית,IL,ספארק נוזל לכלים לימ,יחידה,0.00,יחידה,false,,12.90,0.0000,true,1,32926
7290107341370,false,כבל טפייסי imx,,,כבל טייפ סי,יחידה,0.00,יחידה,false,,19.90,0.0000,true,1,431376
7290107342070,false,אוזניות חיבור ישיר א,,,אוזניות חיבור ישיר א,יחידה,0.00,יחידה,false,,49.90,0.0000,true,1,431416
7290107647656,false,מאגדת מיני סולרו קוקוס אננס 245 ג',"מיוצר ע""י גלידת שטרא",IL,מאגדת מיני סולרו קוק,גרמים,245.00,100 גרם,false,,27.90,0.1139,true,1,139425
7290107647854,false,"שוגי מופחת סוכר תלמה 500 ג' בד""צ",יוניליוור ישראל מזון,IL,שוגי 20% סוכר תלמה ב,גרמים,500.00,100 גרם,false,,24.10,0.0482,true,1,119129
7290107649605,false,שוקולד חלב עם קורנפלקס ופצפוצים,מיוצר עי קונדיטוריית,IL,טבלה קליק קורנפלקס ח,גרמים,85.00,100 גרם,false,,6.90,0.0812,true,1,126029
7290107875820,false,קרוטונים אפויים בתיבול ביתי אוסם 180 ג',עינת תעשיות מזון,IL,קרוטונים אפויים בתיב,גרמים,180.00,100 גרם,false,,12.90,0.0717,true,1,119947
7290107876889,false,אוסם - במבה במילוי קרם נוגט 45 גרם,"אסם השקעות בע""מ",IL,במבה במילוי קרם נוגט,גרמים,45.00,100 גרם,false,,5.90,0.1311,true,1,139343
7290107931397,false,כיף כף פצפוצים ביסקוויט 40ג',שולן צ'יקולטה גידה ס,TR,כיף כף פצפצים 40גר`,גרמים,40.00,100 גרם,false,,5.90,0.1475,true,1,24624
7290107932080,false,חלב בבקבוק 3% שומן 1 ל' יוטבתה,מחלבת יטבתה,IL,יטבתה חלב בבקבוק 3%,ליטרים,1.00,ליטר,false,,7.90,7.9000,true,1,25168
7290107936309,false,דנונה יוגורט 7% יווני לבן 130 ג',"שטראוס בריאות בע""מ",IL,דנונה יווני לבן 130,גרמים,130.00,100 גרם,false,,3.50,0.0269,true,1,25196
7290107937542,false,משקה יוגורט אקטיביה עם תות 1.2% שומן,מיוצר עי קונדיטוריית,IL,משקה אקטיביה תות 1.2,מיליליטרים,265.00,"100 מ""ל",false,,5.50,0.0208,true,1,25204
7290107937627,false,מסטיק מאסט Must קוביות ללא סוכר בטעם מנטה עדינה,אסקום קונפקשיין,DE,צנצנת קוביות ספירמינ,גרמים,58.00,100 גרם,false,,11.90,0.2052,true,1,24666
7290107937634,false,צנצנית מסטיק מאסט קוביות פפירמינט 58 ג' עלית,אסקום קונפקשיין,DE,צנצנת קוביות פפירמינ,גרמים,58.00,100 גרם,false,,11.90,0.2052,true,1,24667
7290107937641,false,מסטיק בצנצנת קוביות בזוקה 58 ג',אסקום קונפקשיין,DE,צנצנת קוביות בזוקה 5,גרמים,58.00,100 גרם,false,,11.90,0.2052,true,1,24668
7290107938396,false,"אקטימל משקה פרוביוטי תות 100X8 מ""ל",מיוצר עי קונדיטוריית,IL,דנונה Actimel בנים ב,גרמים,864.00,100 גרם,false,,22.90,0.0265,true,1,25210
7290107939027,false,גזר דק דק ירקות שטרא,שטראוס בריאות ירקות,IL,גזרדק דק 250 גרם בד`,גרמים,250.00,100 גרם,false,,8.90,0.0356,true,1,25216
7290107940030,false,חומוס אחלה 650 גר',,,חומוס אחלה 650 גר,גרמים,650.00,100 גרם,false,,10.90,0.0168,true,1,25229
7290107940467,false,אקטיביה יוגורט 1.5% שומן 200 ג' דנונה,מיוצר עי קונדיטוריית,IL,דנונה אקטיביה יוגורט,גרמים,200.00,100 גרם,false,,4.50,0.0225,true,1,25237
7290107941259,false,עדשים ירוקות מבושלות,הורקסה לס לגונס דה ס,IL,עדשים ירוקות מבושלות,גרמים,475.00,100 גרם,false,,12.90,0.0272,true,1,25247
7290107941266,false,שעועית אדומה שטראוס,הורקסה לס לגונס דה ס,IL,שעועית אדומה מבושלת,גרמים,475.00,100 גרם,false,,15.90,0.0335,true,1,25248
7290107941273,false,חומוס מבושל טעם הטבע,הורקסה לס לגונס דה ס,IL,חומוס מבושל 475 גרם,גרמים,475.00,100 גרם,false,,12.90,0.0272,true,1,25249
7290107943192,false,"שמנת חמוצה מהערבה 27% שומן 200 מ""ל יטבתה",יטבתה,,יטבתה שמנת 27% 200מ,מיליליטרים,200.00,"100 מ""ל",false,,4.50,0.0225,true,1,102131
7290107944472,false,סימפוניה גבינה במרקם שמנת 5% שום שמיר,"שטראוס בריאות בע""מ",IL,סימפוניה 5% שום שמיר,גרמים,200.00,100 גרם,false,,12.90,0.0645,true,1,25269
7290107945165,false,קונפיטורה משמש יד מרדכי 340 ג',אף.סי תבליני בגליל ב,IL,יד מרדכי קונפיטורת מ,גרמים,340.00,100 גרם,false,,13.90,0.0409,true,1,62090
7290107950190,false,מעדן חלב דל קלוריות בטעם שוקולד מריר 0.5% שומן,מיוצר עי קונדיטוריית,IL,מעדן דיאט שוקולד מרי,גרמים,130.00,100 גרם,false,,3.50,0.0269,true,1,25279
7290107951104,false,בפלות ופלים ארוכים בטעם שוקולד,"א.ג. גילרו בע""מ",IL,בפלות 200 גרם שוקולד,גרמים,200.00,100 גרם,false,,5.90,0.0295,true,1,24708
7290107951715,false,צנצנת מסטיק מאסט קוביות בטעם ענבים 58 ג' עלית,אסקום קונפקשיין,IL,מאסט צנצנת קוביות ענ,גרמים,58.00,100 גרם,false,,11.90,0.2052,true,1,60857
7290107953559,false,קפה טורקי עלית לדרך שקיות 24X7ג',הנסיך- מפעל לייצור ט,IL,קפה טורקי לדרך 168 ג,גרמים,168.00,100 גרם,false,,19.90,0.1185,true,1,24720
7290107954976,false,"משקה יטבתה חלבון פרו קפה 350מ""ל",מחלבת יטבתה,DE,משקה פרו בטעם קפה יט,מיליליטרים,350.00,"100 מ""ל",false,,6.90,0.0197,true,1,90496
7290107957076,false,צנצנת מסטיק בטעם ספירמינט 66 ג' עלמה,"שטראוס גרופ בע""מ",IL,מסטיק עמלה בטעם ספיר,גרמים,66.00,100 גרם,false,,11.90,0.1803,true,1,102101
7290107957991,false,מילקי CAKE מיניס קרם חלב בציפוי שוקולד חלב שקית 16X9ג',בובארד איטליה אס.פי.,IT,"מילקי מייניס 9*16 מ""",גרמים,144.00,100 גרם,false,,15.50,0.1076,true,1,130281
7290107973861,false,מאסטר שף - עגבניות קצוצות דק שלישיה 400 גרם * 3,קונסרזיו קאסאלאסקו ד,IT,עגבניות קצוצות דק מא,קילוגרמים,1.20,"ק""ג",false,,17.90,14.9167,true,1,23729
7290107974073,false,עלי טורטיה קמח לבן מאסטר שף 320ג',הנסיך- מפעל לייצור ט,DE,עלי טורטיה קמח לבן מ,גרמים,320.00,100 גרם,false,,11.90,0.0372,true,1,69205
7290107978347,false,מאסטר שף אטריות ביניניות 400 ג',הדקלאים אגודת שיתופי,PL,איטריות בינוניות מאס,גרמים,400.00,100 גרם,false,,6.90,0.0173,true,1,92837
7290107979573,false,קוקי ניילון נצמד זוג,,,קוקי ניילון נצמד זוג,מטרים,60.00,מטר,false,,12.90,0.2150,true,1,96220
7290108350128,false,סנו סושי שקיות אשפה חזקות במיוחד 40 יח',מיוצר עי קונדיטוריית,IL,סנו סושי שקיות חזקות,יחידה,0.00,יחידה,false,,28.90,0.0000,true,1,32935
7290108350180,false,סנו סושי מפיות מודפסות 100 יח',חי מוצרי נייר בעמ,IL,סנו סושי מפיות מודפס,יחידה,0.00,יחידה,false,,8.90,0.0000,true,1,32940
7290108350210,false,סנו סושי שקיות אשפה חזקות 30 יח' XL,מיוצר עי קונדיטוריית,IL,סושי שקיות אקסטרא חז,יחידה,0.00,יחידה,false,,26.90,0.0000,true,1,32943
7290108350258,false,נייר טואלט סנו סופט גליל ארוך 12=36 יח',מפעלי ברונוס בעמ,IL,סופט נייר טואלט גליל,מטרים,180.00,מטר,false,,44.90,0.2494,true,1,32944
7290108350586,false,נוזל לניקוי כלים סנו ספארק Spark בניחוח לימון רענן,סנו,,ספארק נוזל כלים בניח,ליטרים,1.50,ליטר,false,,15.90,10.6000,true,1,32952
7290108350616,false,סנו - מקסימה מרכך כביסה מרוכז פריחה כחולה 1 ליטר,"סנו מפעלי ברונוס בע""",IL,מרכך כביסה מקסימה סו,יחידה,0.00,יחידה,false,,18.90,0.0000,true,1,32955
7290108350722,false,אורביטול - משחת שיניים 6+ בוב ספוג 70 גרם,טרופיקל דגיל תעשיות,IL,משחת שיניים אורביטול,גרמים,70.00,100 גרם,false,,8.90,0.1271,true,1,279240
7290108352795,false,סנו סושי שקיות זיפר 50יח' M,סנו סושי,,סנו סושי שקיות זיפר,יחידה,0.00,יחידה,false,,13.90,0.0000,true,1,140437
7290108352801,false,"שקיות אשפה S לפחים קטנים 56*45 ס""מ בניחוח עדין","סנו מפעלי ברונוס בע""",IL,סנו סושי 100 שקיות א,יח',100.00,יח',false,,24.00,0.2400,true,1,125997
7290108352825,false,ספוג הפלא נירוסטה סנו סושי 3יח',s.k.a.t ltdסנו מפעלי,CN,סנו סושי-ספוג הפלא נ,יח',3.00,יח',false,,11.90,3.9667,true,1,128313
7290108353075,false,סנו סושי מפיות אירוח עבות 3שכבות 50 יח',,,סנו סושי 50 מפיות אי,יחידה,0.00,יחידה,false,,11.90,0.0000,true,1,144881
7290108353549,false,נייר אפיה סנו סושי 100 יח',"טופ פלסט 2002 בע""מ",IL,נייר אפיה סנו סושי 1,יחידה,0.00,יחידה,false,,22.90,0.0000,true,1,202023
7290108353556,false,נייר טואלט סופט שלוש שכבות 32 גלילים סנו,טרופיקל דגיל תעשיות,IL,נייר טואלט סנו סופט,יחידה,0.00,יחידה,false,,47.90,0.0000,true,1,233870
7290108354157,false,קרליין - נושם מגבוני דיאורדורנט סאן רייס כתום,,,מגבוני דאודורנט נושם,יח',20.00,יח',false,,10.90,0.5450,true,1,237723
7290108354416,false,"תחליב רחצה יוגה, בניחוח ברגמוט 600מ""ל קרימה",קוסמופארם,IL,קרמה תחליב רחצה ספא,מיליליטרים,600.00,"100 מ""ל",false,,20.90,0.0348,true,1,470846
7290108359060,false,כריות לניקוי כלים לשבת סנו סושי 4 יח',סנו,IL,כריות ניקוי לשבת 4 י,יחידה,0.00,יחידה,false,,12.90,0.0000,true,1,366660
7290108359190,false,סושי מגבת הפלא 4 יח' = 12 גליל ארוך פי 3,סנו,IL,סנו סושי מגבות הפלא,יחידה,0.00,יחידה,false,,27.90,0.0000,true,1,502409
7290108500677,false,כבד דג שיבוט מעושן בשמן הדג,"איטיליאן פוד, אס.פי.",IT,כבד דג שיבוט בשמן וי,גרמים,115.00,100 גרם,false,,10.90,0.0948,true,1,3776
7290108501360,false,גבינת צ'דר בשלה 200גרם MATURED ORANGE,Wyke Farms,,גבינת צ'דר בשלה 200,גרמים,200.00,100 גרם,false,,24.90,0.1245,true,1,108176
7290108503067,false,פרמזנו משולש ויליפוד,וילי פוד,IL,פרמז'נו משולש 150 גר,גרמים,150.00,100 גרם,false,,16.90,0.1127,true,1,134994
7290108504699,false,נתחי טונה בשמן קנולה רביעיה * 160 ג' וילי פוד,וילי פוד,,נתחי טונה בשמן קנולה,גרמים,640.00,100 גרם,false,,24.60,0.0384,true,1,213874
7290108505740,false,גבינת קשקבל קשה למחצה 25% שומן,Euro יורו מחלבות אירופה,TR,גבינת קשקבל חצי קשה,גרמים,200.00,100 גרם,false,,16.90,0.0845,true,1,235849
7290108507065,false,גבינת פרמגיאנו רגיאנ,זנאתי,IT,גבינת פרמגיאנו רגיאנ,גרמים,100.00,100 גרם,false,,16.90,0.1690,true,1,301171
7290108509113,false,"גבינה בולגרית מעודנת 18% שומן 250 גרם חת""ס פ""ת",Euro יורו מחלבות אירופה,TR,גבינה בולגרית מעודנת,גרמים,250.00,100 גרם,false,,13.90,0.0556,true,1,324921
7290108509205,false,חטיף אורז אפוי - טבעי לתינוקות 50 גרם,,,חטיף אורז אפוי לתינו,גרמים,50.00,100 גרם,false,,12.90,0.2580,true,1,387362
7290108509212,false,חטיף אורז אפוי - ירקות לתינוקות 50 גרם,,,חטיף אורז אפוי לתינו,גרמים,50.00,100 גרם,false,,12.90,0.2580,true,1,387363
7290108509267,false,ארוחת פסטה עם רוטב גבינה,הנסיך- מפעל לייצור ט,UA,ארוחת פסטה עם רוטב ג,גרמים,206.00,100 גרם,false,,8.90,0.0432,true,1,337667
7290108509359,false,פופקורן בציפוי בטעם קרמל 90 ג' ויליפוד,סנרו ס.א,UA,פופקורן בציפוי בטעם,גרמים,90.00,100 גרם,false,,8.90,0.0989,true,1,393301
7290109351971,false,פריכיות דגנים פיטנס מצופות שוקולד חלב,נסטלה Nestle,IL,בר פריכיות שוקולד חל,גרמים,84.00,100 גרם,false,,14.90,0.1774,true,1,120089
7290109354101,false,לחמית ללא גלוטן 200 ג' אסם,אסם,IL,לחמית ללא גלוטן 200,גרמים,200.00,100 גרם,false,,11.90,0.0595,true,1,84865
7290109354972,false,אוסם - פתי בר וניל חלבי ללא גלוטן 200 גרם,מיוצר עי קונדיטוריית,IL,אסם פתי בר ללא גלוטן,גרמים,200.00,100 גרם,false,,11.90,0.0595,true,1,21811
7290109580111,false,"צלעות אסאדו מעושנות פרימיום, 120 גרם",זוגלובק,IL,צלעות אסאדו מעושנות,גרמים,180.00,100 גרם,false,,27.90,0.1550,true,1,405820
7290109580319,false,"בורגר וונדרס 0% בשר , טבעוני",זוגלובק וונדרס Wonders,IL,בורגר מן הצומח וונדר,גרמים,280.00,100 גרם,false,,35.90,0.1282,true,1,391402
7290109921853,false,אסטוניש המשחה המקורית לניקוי עם עוצמה,יעקבי- אסטוניש Astonish,GB,המשחה המקורית לניקוי,גרמים,150.00,100 גרם,false,,18.90,0.1260,true,1,413093
7290110110369,false,בירה קרלסברג לומה LUMA שישייה,מבשלות בירה בינלאומי,IL,שישיית בירה קרלסברג,ליטרים,1.98,ליטר,false,,37.70,19.0404,true,1,239596
7290110110659,false,"ספרייט לימון ליים פחית 330מ""ל",החברה המרכזית לייצור,IL,סליק ספרייט חדש 330,מיליליטרים,330.00,"100 מ""ל",false,,5.70,0.0173,true,1,115637
7290110113384,false,קוקה קולה זירו מארז רביעיה 1X4 ליטר,Unknown,,מארז רביעיות קוקה קו,ליטרים,4.00,ליטר,false,,28.90,7.2250,true,1,291777
7290110114794,false,נביעות + אפרסק 1.5 ליטר פיקדון,"נביעות טבע הגליל בע""",IL,נביעות + אפרסק 1.5 ל,ליטרים,1.50,ליטר,false,,10.90,7.2667,true,1,369207
7290110114800,false,נביעות + ענבים 1.5 ליטר פיקדון,"נביעות טבע הגליל בע""",IL,נביעות + ענבים 1.5 ל,ליטרים,1.50,ליטר,false,,10.90,7.2667,true,1,369208
7290110114855,false,"נביעות מים מינרליים, שישיה 6 * 1.5 ליטר פקדון",נביעות טבע הגליל בעמ,IL,מי נביעות שישייה 1.5,ליטרים,9.00,ליטר,false,,14.90,1.6556,true,1,369253
7290110114961,false,מיץ בטעם תפוזים 1.5ל' פריגת,מבשלות בירה בינלאומי,IL,פריגת תפוזים 1.5 ליט,ליטרים,1.50,ליטר,false,,9.90,6.6000,true,1,369268
7290110114985,false,פריגת אשכולית 1.5 ליטר פיקדון,מבשלות בירה בינלאומי,IL,פריגת אשכולית 1.5 לי,ליטרים,1.50,ליטר,false,,9.90,6.6000,true,1,369284
7290110114992,false,פריגת light אשכולית 1.5 ליטר פיקדון,מבשלות בירה בינלאומי,IL,פריגת דיאט אשכולית 1,ליטרים,1.50,ליטר,false,,9.90,6.6000,true,1,369285
7290110115005,false,פריגת ענבים 1.5 ליטר פיקדון,מבשלות בירה בינלאומי,IL,פריגת ענבים 1.5 ליטר,ליטרים,1.50,ליטר,false,,9.90,6.6000,true,1,369300
7290110115012,false,מיץ ענבים בניחוח מרלו 1.5 ל' פריגת,פריגת,IL,פריגת ענבים בניחוח מ,ליטרים,1.50,ליטר,false,,9.90,6.6000,true,1,369315
7290110115036,false,פריגת מנגו 1.5 ליטר פיקדון,מבשלות בירה בינלאומי,IL,פריגת מנגו 1.5 ליטר,ליטרים,1.50,ליטר,false,,9.90,6.6000,true,1,369374
7290110115043,false,פריגת לימונענע 1.5 ליטר פיקדון,מבשלות בירה בינלאומי,IL,פריגת לימונענע 1.5 ל,ליטרים,1.50,ליטר,false,,9.90,6.6000,true,1,369375
7290110115050,false,פריגת מיקס תות בננה 1.5 ליטר פיקדון,מבשלות בירה בינלאומי,IL,פריגת מיקס תות בננה,ליטרים,1.50,ליטר,false,,9.90,6.6000,true,1,369376
7290110115128,false,פריגת צלול בטעם לימונענע 1.5 ליטר פיקדון,מבשלות בירה לישראל ב,IL,פריגת צלול בטעם לימו,ליטרים,1.50,ליטר,false,,9.90,6.6000,true,1,369465
7290110115180,false,מים מינרליים נביעות,"נביעות טבע הגליל בע""",IL,נביעות 1.5 ליטר,ליטרים,1.50,ליטר,false,,4.20,2.8000,true,1,385462
7290110115203,false,קוקה קולה 1.5 ליטר פיקדון,קוקה קולה Coca Cola,IL,קוקה קולה 1.5 ליטר,ליטרים,1.50,ליטר,false,,9.50,6.3333,true,1,369468
7290110115210,false,דיאט קוקה קולה 1.5 ליטר פיקדון,קוקה קולה Coca Cola,IL,דיאט קוקה קולה 1.5 ל,ליטרים,1.50,ליטר,false,,9.90,6.6000,true,1,369469
7290110115227,false,קולה ZERO 1.5 ליטר פיקדון,קוקה קולה Coca Cola,IL,קוקה קולה זירו בקבוק,ליטרים,1.50,ליטר,false,,9.90,6.6000,true,1,369487
7290110115234,false,קולה ZERO נטול 1.5 ליטר פיקדון,החברה המרכזית לייצור,IL,קולה ZERO נטול 1.5 ל,ליטרים,1.50,ליטר,false,,9.90,6.6000,true,1,369488
7290110115241,false,קוקה קולה זירו לימון 1.5 ליטר,החברה המרכזית לייצור,IL,קולה ZERO לימון 1.5,ליטרים,1.50,ליטר,false,,9.90,6.6000,true,1,369489
7290110115265,false,ספרייט 1.5 ליטר LIME פיקדון,החברה המרכזית לייצור,IL,ספרייט 1.5 ליטר LIME,ליטרים,1.50,ליטר,false,,9.00,6.0000,true,1,369553
7290110115272,false,ZERO ספרייט זירו 1.5 ליטר פיקדון,החברה המרכזית לייצור,IL,ספרייט זירו 1.5 ליטר,ליטרים,1.50,ליטר,false,,9.90,6.6000,true,1,369554
7290110115289,false,ספרייט 19 קל' לימון-נענע 1.5 ליטר פיקדון,החברה המרכזית לייצור,IL,ספרייט 19 קלוריות לי,ליטרים,1.50,ליטר,false,,9.90,6.6000,true,1,369570
7290110115296,false,פאנטה אורנג' 1.5 ליטר פיקדון,החברה המרכזית לייצור,IL,פאנטה אורנג' 1.5 ליט,ליטרים,1.50,ליטר,false,,10.50,7.0000,true,1,369586
7290110115302,false,פאנטה ZERO אורנג' 1.5 ליטר פיקדון,החברה המרכזית לייצור,IL,פאנטה זירו בטעם אורנ,ליטרים,1.50,ליטר,false,,10.50,7.0000,true,1,369587
7290110115357,false,קינלי סודה 1.5 ליטר פיקדון,קריות זול,,קינלי סודה 1.5 ליטר,ליטרים,1.50,ליטר,false,,5.50,3.6667,true,1,369622
7290110115364,false,קוקה קולה שישיות 1.5 ליטר פיקדון,החברה המרכזית לייצור,IL,קוקה קולה 6*1.5 ליטר,ליטרים,9.00,ליטר,false,,52.90,5.8778,true,1,369491
7290110115371,false,דיאט קוקה קולה שישיות 1.5 ליטר פיקדון,החברה המרכזית לייצור,IL,קוקה קולה דיאט 6*1.,ליטרים,9.00,ליטר,false,,50.70,5.6333,true,1,369507
7290110115401,false,קינלי סודה שישייה 1.5 ליטר פיקדון,החברה המרכזית לייצור,IL,קינלי סודה 6*1.5 ליט,ליטרים,9.00,ליטר,false,,16.90,1.8778,true,1,380831
7290110115418,false,מארז שישייה קוקה קולה זירו 1.5 ל',החברה המרכזית לייצור,IL,קוקה קולה זירו שישיי,ליטרים,9.00,ליטר,false,,49.90,5.5444,true,1,369508
7290110115449,false,אייס תה בטעם מנגו אננס 1.5ל' FUZE TEA,מבשלות בירה בינלאומי,IL,פיוז טי מנגו אננס 1.,ליטרים,1.50,ליטר,false,,10.50,7.0000,true,1,369639
7290110115456,false,"תה קר בטעם אפרסק 19 קלוריות ב- 100 מ""ל",מבשלות בירה בינלאומי,IL,פיוז טי אפרסק 19 קל,ליטרים,1.50,ליטר,false,,10.50,7.0000,true,1,369656
7290110115463,false,אייס תה בטעם אפרסק 1.5ל' FUZE TEA,מבשלות בירה בינלאומי,IL,פיוז טי אפרסק 1.5 לי,ליטרים,1.50,ליטר,false,,10.50,7.0000,true,1,369657
7290110115494,false,אייס תה בטעם ענבים 1.5ל' FUZE TEA,מבשלות בירה בינלאומי,IL,פיוז טי ענבים 1.5 לי,ליטרים,1.50,ליטר,false,,10.50,7.0000,true,1,369675
7290110115623,false,משקה פיוז טי זירו ZERO בטעם אפרסק,מבשלות בירה בינלאומי,IL,פיוז טי ZERO בטעם אפ,ליטרים,1.50,ליטר,false,,10.50,7.0000,true,1,396419
7290110115869,false,קוקה קולה זירו 1.5 ליטר פיקדון,תות תעשיות מזון (201,IL,קוקה קולה זירו בקבוק,ליטרים,1.50,ליטר,false,,9.90,6.6000,true,1,489474
7290110116125,false,סירופ בטעם פטל במתיק,סירופ גבעת חיים,IL,סירופ פריגת טעם פטל,מיליליטרים,750.00,"100 מ""ל",false,,21.90,0.0292,true,1,451411
7290110116156,false,נביעות+ רכיבי פרי מנגו פסיפלורה 1.5 ליטר,נביעות,IL,נביעות+ פרי בטעם מנג,ליטרים,1.50,ליטר,false,,10.90,7.2667,true,1,470760
7290110116170,false,נביעות+ רכיבי פרי קוקוס אננס 1.5 ליטר,נביעות,IL,נביעות+ פרי בטעם אננ,ליטרים,1.50,ליטר,false,,10.90,7.2667,true,1,470762
7290110116194,false,"מים לימון ליים 0 קלוריות, 1.5 ל נביעות","נביעות טבע הגליל בע""",IL,נביעות+ לימון ליים 0,ליטרים,1.50,ליטר,false,,9.90,6.6000,true,1,470764
7290110116200,false,מים 0 קלוריות בטעם לימון-ליים 0.5 ל נביעות,"נביעות טבע הגליל בע""",IL,נביעות+ פרי בטעם מנג,מיליליטרים,500.00,"100 מ""ל",false,,7.20,0.0144,true,1,470765
7290110116385,false,"קולה זירו בטעם אבטיח תות, 330 מ""ל",החברה המרכזית למשקאו,IL,סליק זירו מרשמלו 33,מיליליטרים,330.00,"100 מ""ל",false,,5.50,0.0167,true,1,470768
7290110116514,false,"פריגת מיקס תות בננה 400 מ""ל",פריגת,IL,פריגת סחוט MIX תות ב,מיליליטרים,400.00,"100 מ""ל",false,,9.90,0.0248,true,1,497520
7290110116521,false,"פריגת מיקס אפרסק ומשמש 400 מ""ל",פריגת,IL,פריגת סחוט MIX אפרסק,מיליליטרים,400.00,"100 מ""ל",false,,9.90,0.0248,true,1,497504
7290110320850,false,פתיתים גבינה חצי קשה מגורדת 28% שומן,תנובה מרכז שיתופי לש,IL,עמק פתיתים 200 גרם,גרמים,200.00,100 גרם,false,,15.90,0.0795,true,1,104223
7290110320867,false,פתיתים גבינה חצי קשה מגורדת 28% שומן,תנובה מרכז שיתופי לש,IL,עמק פתיתים למאפים 28,גרמים,500.00,100 גרם,false,,36.90,0.0738,true,1,98985
7290110320935,false,גבינת מוצרלה תנובה 150ג' פרוסות,תנובה מרכז שיתופי לש,IL,פרוסות מוצרלה 150 גר,גרמים,150.00,100 גרם,false,,18.90,0.1260,true,1,98996
7290110321277,false,קוטג' בקטנה % 5 100 ג' תנובה,פארייפאבה אגרואינדוס,IL,קוטג' תנובה בקטנה 5,גרמים,100.00,100 גרם,false,,2.70,0.0270,true,1,108199
7290110321284,false,קוטג' בקטנה 9% 100 ג' תנובה,פארייפאבה אגרואינדוס,IL,קוטג' תנובה בקטנה 9,גרמים,100.00,100 גרם,false,,2.70,0.0270,true,1,108200
7290110321703,false,יוגורט GO בטעם פירות יער 20 גרם חלבון בגביע,מיוצר עי קונדיטוריית,IL,יופלה גו בטעם פרות י,מיליליטרים,200.00,"100 מ""ל",false,,6.20,0.0310,true,1,125624
7290110321789,false,גבינת מסקרפונה 38% השף הלבן 250 ג',תנובה,IL,גבינת מסקרפונה 38% ש,גרמים,250.00,100 גרם,false,,21.60,0.0864,true,1,123132
7290110322014,false,טופו בטעם טבעי תנובה ALTERNATIVE,שוורצקוף& הנקל דיסלד,IL,טופו טבעי 300 גרם,גרמים,300.00,100 גרם,false,,13.50,0.0450,true,1,125631
7290110322038,false,טופו פיקנטי תנובה ALTERNATIVE,תנובה Alternative,IL,טופו פיקנטי 300 גרם,גרמים,300.00,100 גרם,false,,13.50,0.0450,true,1,125633
7290110323585,false,יופלה יוגורט עם דובדבן מופחת קלוריות 200 ג' GO,יופלה Yoplait,,יופלה GO לייט עם דוב,גרמים,200.00,100 גרם,false,,6.20,0.0310,true,1,137319
7290110323592,false,יופלה יוגורט עם אפרסק מופחת קלוריות 200 ג' GO,יופלה Yoplait,,יופלה GO לייט עם אפר,גרמים,200.00,100 גרם,false,,6.20,0.0310,true,1,137320
7290110324070,false,גבינת חלומי מחלב בקר 22%שומן 200גר,"תנובה בע""מ",IL,גבינת חלומי מחלב בקר,גרמים,200.00,100 גרם,false,,19.90,0.0995,true,1,194468
7290110324353,false,יוגורט GO לייט בטעם אננס 20 גרם חלבון בגביע,"תנובה בע""מ",IL,יופלה גו לייט בטעם א,גרמים,200.00,100 גרם,false,,6.20,0.0310,true,1,143792
7290110324711,false,ממרח סויה בטעם טבעי 9% שומן אלטרנטיב,מיוצר עי קונדיטוריית,IL,ממרח סויה 9% בטעם טב,גרמים,250.00,100 גרם,false,,10.90,0.0436,true,1,145397
7290110324841,false,מעדן שקדים עם שוקולד מריר אלטרנטיב,מיוצר עי קונדיטוריית,IL,מעדן שקדים עם שוקולד,גרמים,125.00,100 גרם,false,,4.90,0.0392,true,1,206213
7290110324858,false,מעדן שקדים בטעם אגוזי לוז אלטרנטיב,תנובה Alternative,IL,מעדן שקדים בטעם אגוז,גרמים,125.00,100 גרם,false,,4.90,0.0392,true,1,206214
7290110324926,false,משקה סויה ללא תוספת סוכר E אלטרנטיב,תנובה מרכז שיתופי לש,IL,משקה סויה ללא תוספת,יחידה,0.00,יחידה,false,,12.50,0.0000,true,1,194062
7290110325305,false,מעדן סויה GO מועשר בחלבון במתיקות מעודנת,מיוצר עי קונדיטוריית,IL,יופלה סויה גו 20 גרם,גרמים,200.00,100 גרם,false,,6.20,0.0310,true,1,198297
7290110325619,false,משקה שיבולת שועל תנובה E אלטרנטיב,מיוצר עי קונדיטוריית,IL,תנובה משקה שיבולת שו,יחידה,0.00,יחידה,false,,15.50,0.0000,true,1,208926
7290110325701,false,פיראוס צזיקי יווני 9% שומן על בסיס יוגורט,גוד פוד פרודקטס S.p,IL,פיראוס צזיקי יווני 9,גרמים,250.00,100 גרם,false,,14.90,0.0596,true,1,214504
7290110325879,false,פתיתי גאודה 200 ג' תנובה,תנובה- השף הלבן,IL,פתיתי גאודה 200 גרם,גרמים,200.00,100 גרם,false,,19.90,0.0995,true,1,224995
7290110325893,false,משקה חלב GO מועשר בחלבון בטעם אייס קפה,מיוצר עי קונדיטוריית,IL,משקה תנובה GO אייס ק,גרמים,340.00,100 גרם,false,,7.90,0.0232,true,1,208928
7290110326210,false,יופלה און טופ פצפוצים 157 גרם.,מיוצר עי קונדיטוריית,IL,יופלה און טופ פצפוצי,גרמים,157.00,100 גרם,false,,5.90,0.0376,true,1,224972
7290110326227,false,יוגורט און טופ קורנפלקס 157 ג' יופלה,מיוצר עי קונדיטוריית,IL,יופלה און טופ קורנפל,גרמים,157.00,100 גרם,false,,5.90,0.0376,true,1,224996
7290110326234,false,יוגורט און טופ כוכבים 157 ג' יופלה,מיוצר עי קונדיטוריית,IL,יופלה און טופ כוכבים,גרמים,157.00,100 גרם,false,,5.90,0.0376,true,1,224997
7290110327514,false,משקה שיבולת שועל בטעם אגוזי לוז 1 ליטר אלטרנטיב,תנובה מרכז שיתופי לש,IL,משקה שיבולת שועל בטע,יחידה,0.00,יחידה,false,,15.50,0.0000,true,1,333965
7290110328481,false,פתיתי פרמג'יאנו רג'יאנו מחלב בקר 30%,ברטינלי גיאני א.,IT,פתיתי פרמג'יאנו רג'י,גרמים,100.00,100 גרם,false,,15.60,0.1560,true,1,306332
7290110328627,false,יוגורט יופלה GO במרקם סמיך בטעם בננה קרמל 0%,מיוצר עי קונדיטוריית,IL,יוגורט גו סמיך 0% בנ,גרמים,200.00,100 גרם,false,,6.20,0.0310,true,1,323201
7290110328764,false,יוגורט יופלה GO במרקם סמיך עם תות 0%,מיוצר עי קונדיטוריית,IL,יוגורט גו סמיך 0% תו,גרמים,200.00,100 גרם,false,,6.20,0.0310,true,1,323218
7290110328771,false,יוגורט יופלה GO במרקם סמיך עם פירות יער 0%,מיוצר עי קונדיטוריית,IL,יוגורט גו סמיך 0% פי,גרמים,200.00,100 גרם,false,,6.20,0.0310,true,1,323202
7290110328788,false,יוגורט יופלה GO במרקם סמיך בטעם אפרסק 0%,תנובה מרכז שיתופי לש,IL,יוגורט גו סמיך 0% אפ,גרמים,200.00,100 גרם,false,,6.20,0.0310,true,1,323203
7290110328887,false,"חלב תנובה בקבוק 3%, כשרות מהדרין, 1 ליטר",תנובה מרכז שיתופי לש,IL,חלב תנובה בבקבוק 3%,ליטרים,1.00,ליטר,false,,6.23,6.2300,true,1,402970
7290110329143,false,מעדן חלב מעושר בחלבון בטעם וניל גביע 120 ג' GO,תנובה מרכז שיתופי לש,IL,מעדן חלב גו בטעם וני,גרמים,120.00,100 גרם,false,,4.90,0.0408,true,1,373778
7290110329266,false,יוגורט תנובה מחלב עיזים מלא תנובה 140 ג',קריות זול,IL,יוגורט מחלב עיזים מל,גרמים,140.00,100 גרם,false,,6.90,0.0493,true,1,339681
7290110329792,false,יוגורט סויה BIO Alternative אפרסק 150 ג' תנובה,מיוצר עי קונדיטוריית,IL,סויה BIO אפרסק גביע,גרמים,150.00,100 גרם,false,,5.50,0.0367,true,1,397525
7290110329808,false,יוגורט סויה BIO Alternative תות 150 ג' תנובה,מיוצר עי קונדיטוריית,IL,סויה BIO תות גביע 15,גרמים,150.00,100 גרם,false,,5.50,0.0367,true,1,397526
7290110329846,false,יוגורט סויה BIO Alternative בטעם טבעי 150 ג' תנובה,תנובה Alternative,IL,סויה BIO טבעי גביע 1,גרמים,150.00,100 גרם,false,,5.50,0.0367,true,1,397529
7290110329914,false,מאגדת משקה שיבולת שועל ושקדים 100 גרם*6 יח' ביו אלטרנטיב,תנובה מרכז שיתופי לש,IL,מאגדת משקה שיבולת שו,גרמים,618.00,100 גרם,false,,21.90,0.0354,true,1,459709
7290110552121,false,יוגורט בתוספת סידן וויטמין ד 100 ג' דנונה,תנובה מרכז שיתופי לש,IL,היוגורט הראשון שלי 5,גרמים,100.00,100 גרם,false,,2.50,0.0250,true,1,441803
7290110552220,false,יוגורט PRO בטעם תות 0% סוכר לבן 20 גרם חלבון בגביע,"שטראוס בריאות בע""מ",IL,דנונה PRO 20 גרם חלב,גרמים,200.00,100 גרם,false,,6.50,0.0325,true,1,391145
7290110552237,false,יוגורט פרו בטעם אפרסק מנגו ללא סוכר 200 ג' דנונה,"שטראוס בריאות בע""מ",IL,דנונה PRO 20 גרם חלב,גרמים,200.00,100 גרם,false,,6.50,0.0325,true,1,391130
7290110553029,false,"אנרג'י קריספס-פריכיות חומוס, עדשים ואפונה עם קייל וסלק","פרח תעשיו מזון בע""מ",IL,פריכיות חלבון קייל ח,גרמים,60.00,100 גרם,false,,11.90,0.1983,true,1,394109
7290110553180,false,אנרג'י - פריכיות בטעם תפוח קינמון 40 גרם,סאנורייס בלגיום,IL,פריכיות עם תפוח וקינ,גרמים,40.00,100 גרם,false,,8.90,0.2225,true,1,488048
7290110554422,false,רוטב עגבניות ופלפלים לשקשוקה 350 גר' יד מרדכי,אימילאנה,IT,רוטב עגבניות ופלפלים,גרמים,350.00,100 גרם,false,,11.90,0.0340,true,1,406365
7290110554798,false,פולי אספרסו עשירים וארומטיים עוצמה 08 250 ג' עלית,שטראוס קפה בי.וי,IL,פולי אספרסו עשירים ו,גרמים,250.00,100 גרם,false,,22.90,0.0916,true,1,416512
7290110555009,false,מארז זוג רוטב פסאטה 2* 350 ג' יד מרדכי,אימילאנה,IT,פסאטה זוגות 700 גרם,גרמים,700.00,100 גרם,false,,13.90,0.0199,true,1,470656
7290110555603,false,ספלנדיד אבקה להכנת משקה בטעם שוקולטה,"ג'אלוסיס י. בע""מ",GR,אבקה להכנת שוקולטה ס,גרמים,360.00,100 גרם,false,,23.90,0.0664,true,1,497613
7290110556242,false,"שוקולד מריר פרווה 100 גר' בד""ץ תוצרת חוץ","שטראוס גרופ בע""מ.",IL,שוקולד מריר מעולה 10,גרמים,100.00,100 גרם,false,,6.00,0.0600,true,1,475607
7290110557102,false,מעדן חלב עם שוקולד מועשר בחלבון 150 ג' שטראוס,מיוצר עי קונדיטוריית,IL,מעדן פרו חלב עם שוקו,גרמים,150.00,100 גרם,false,,5.90,0.0393,true,1,357744
7290110557133,false,מעדן הגולן וניל 125 ג' שטראוס,מיוצר עי קונדיטוריית,IL,מעדן הגולן מעדן חלב,גרמים,125.00,100 גרם,false,,3.50,0.0280,true,1,367936
7290110557478,false,חומוס גלילי במרקם מעודן 600 גרם,שטראוס,IL,חומוס גלילי אחלה 60,גרמים,600.00,100 גרם,false,,13.90,0.0232,true,1,420694
7290110558130,false,אקטיביה עם שיבולת שועל ודבש 150 ג' דנונה,"שטראוס בריאות בע""מ",IL,אקטיביה עם דבש ושיבו,גרמים,150.00,100 גרם,false,,4.90,0.0327,true,1,439228
7290110558154,false,דנונה לייט אנד פרי עוגת תפוחים 150ג דנונה,"שטראוס בריאות בע""מ",IL,דנונה לייט אנד פרי ת,גרמים,150.00,100 גרם,false,,4.90,0.0327,true,1,458510
7290110558215,false,"דנונה קראנצ`פיסטוק עם פיצפוץ לבן קראנצי פיסטוק, 173 גרם","שטראוס בריאות בע""מ",IL,דנונה קראנצ' בטעם פי,גרמים,173.00,100 גרם,false,,4.90,0.0283,true,1,477934
7290110558284,false,יוגורט ביו מולטי 200 ג' דנונה,"שטראוס בריאות בע""מ",IL,דנונה מולטי 3% שומן,מיליליטרים,200.00,"100 מ""ל",false,,4.50,0.0225,true,1,450621
7290110558666,false,מעדן גבינה בטעם תפוח 88 ג' דניאלה,"שטראוס בריאות בע""מ",IL,דניאלה בטעם תפוח 88,גרמים,88.00,100 גרם,false,,4.50,0.0511,true,1,477887
7290110559748,false,ריל - מאגדת שקדים קוקוס ושוקולד מריר 35 גרם * 3,ואמואליס פודס,GR,מאגדת חטיף Real אנר,גרמים,105.00,100 גרם,false,,16.90,0.1610,true,1,458755
7290110560300,false,"הפריכיות הטעימות חומוס, עדשים שחורות, קינואה ופלפל שחור",אנרג'י Energy - שטראוס,IL,פריכיות משולשות פלפל,גרמים,30.00,100 גרם,false,,5.90,0.1967,true,1,137796
7290110560317,false,"הפריכיות הטעימות חומוס, עדשים שחורות, קינואה ומלח ים","פרח תעשיו מזון בע""מ",IL,פריכיות משולשות מלח,גרמים,30.00,100 גרם,false,,5.90,0.1967,true,1,137797
7290110560324,false,"הפריכיות הטעימות תפו""א, אורז, אפונה ומלח ים","פרח תעשיו מזון בע""מ",IL,פריכיות משולשות אפונ,גרמים,30.00,100 גרם,false,,5.90,0.1967,true,1,137798
7290110560836,false,מילקי פסק זמן מהדרין 133ג',מיוצר עי קונדיטוריית,IL,מילקי בטעם פסק זמן 1,מיליליטרים,170.00,"100 מ""ל",false,,2.90,0.0171,true,1,123082
7290110561352,false,דנונה יוגורט ביו פרוביוטי 3% דל לקטוז 150ג',"שטראוס בריאות בע""מ",IL,דנונה ביו דל לקטוז ב,גרמים,200.00,100 גרם,false,,3.90,0.0195,true,1,125106
7290110561604,false,מארז 8 יחידות מעדן גמדים בטעם תות בננה,שטראוס,IL,שמיניית גמדים תות בנ,גרמים,800.00,100 גרם,false,,18.90,0.0236,true,1,113279
7290110563448,false,"משקה קפה קר בסגנון מעודן 230 מ""ל 1.6% יוטבתה",האי נאם סי או אל.טי.,AT,יטבתה משקה קפה קר בס,מיליליטרים,230.00,"100 מ""ל",false,,7.90,0.0343,true,1,139650
7290110563462,false,חלב בבקבוק נטול לקטוז 2% יטבתה 1 ל',מחלבת יטבתה,IL,יטבתה חלב בבקבוק נטו,ליטרים,1.00,ליטר,false,,8.90,8.9000,true,1,140981
7290110564339,false,חומוס אחלה הסידרה המובחר 30% טחינה 400 גר',מיוצר עי קונדיטוריית,IL,חומוס הסדרה המובחרת,גרמים,400.00,100 גרם,false,,15.20,0.0380,true,1,113183
7290110564360,false,חומוס אחלה הסידרה המובחר 40% טחינה 400 גר',מיוצר עי קונדיטוריית,IL,חומוס אחלה עשיר ב 40,גרמים,400.00,100 גרם,false,,15.20,0.0380,true,1,113184
7290110564742,false,"משקה קפה קר בסגנון חזק 230 מ""ל 1.2% יוטבתה",האי נאם סי או אל.טי.,AT,יטבתה משקה קפה קר בס,מיליליטרים,230.00,"100 מ""ל",false,,7.90,0.0343,true,1,139651
7290110565435,false,ג'לי לימבו פטל חלבי שטראוס 125ג',STRAUSS-ISRAEL,,לימבו בטעם פטל 0% שו,גרמים,125.00,100 גרם,false,,2.50,0.0200,true,1,111074
7290110565527,false,יוגורט PRO פרו 1.5% 20 גרם חלבון בגביע,"שטראוס בריאות בע""מ",IL,דנונה PRO 20 גרם חלב,גרמים,200.00,100 גרם,false,,6.50,0.0325,true,1,107071
7290110566975,false,דנונה פרו יוגורט 0% תות עשיר בחלבון 200ג',"שטראוס בריאות בע""מ",IL,דנונה PRO 20 גרם חלב,גרמים,200.00,100 גרם,false,,6.50,0.0325,true,1,125148
7290110568276,false,משקה וניל פרו Pro מועשר בחלבון 1.5%,מילקוורק,IL,משקה פרו וניל יטבתה,מיליליטרים,350.00,"100 מ""ל",false,,6.90,0.0197,true,1,126476
7290110568627,false,עלית - פסק זמן רול שוקולד חלב עם קרם אגוזים 26 גרם,STRAUSS-ISRAEL,,פסק זמן רול ש.חלב עם,גרמים,28.00,100 גרם,false,,4.50,0.1607,true,1,478969
7290110570224,false,משקה קפה קר בטעם עוגיות 230ג' יוטבתה,אנסטל מילק kg,AT,משקה קפה קר בטעם עוג,מיליליטרים,230.00,"100 מ""ל",false,,7.90,0.0343,true,1,450805
7290110571382,false,מעדן חלב בטעם וניל מעושר בחלבון 150 ג' שטראוס,"שטראוס בריאות בע""מ",IL,מעדן חלב מועשר בחלבו,גרמים,150.00,100 גרם,false,,5.50,0.0367,true,1,425728
7290110571412,false,מיני פינוקיות - פאדג' שוקולד בגביע 180 גרם,עלית,IL,מיני פינוקיות בגביע,גרמים,180.00,100 גרם,false,,11.90,0.0661,true,1,496079
7290110572129,false,כיף כף מקלות שוקולד לבן 40 ג' עלית,עלית,,כיף כף מקלות שוקולד,גרמים,40.00,100 גרם,false,,5.90,0.1475,true,1,498723
7290110572976,false,כיף כף פצפצים בגביע במילוי קרם בטעם שוקולד לבן,שולן צ'יקולטה גידה ס,TR,כיף כף פצפצים קרם לב,גרמים,135.00,100 גרם,false,,11.90,0.0881,true,1,458557
7290110574413,false,עלית - פופקורן בטעם טעמי 70 גרם,סראנו עבור שטראוס,קפריסין,נשנושי פופקורן מתוק,גרמים,70.00,100 גרם,false,,8.90,0.1271,true,1,504060
7290110574420,false,עלית - פופקורן בטעם פסק זמן 70 גרם,סראנו עבור שטראוס,קפריסין,נשנושי פופקורן מתוק,גרמים,70.00,100 גרם,false,,8.90,0.1271,true,1,504061
7290110576370,false,מארז שלישייה שוקולד מריר חלבי עם אגוזי לוז,עלית,FR,מארז שלישיית אגוז מ,גרמים,300.00,100 גרם,false,,27.90,0.0930,true,1,479001
7290110576752,false,טבלאות שוקולד ספלנדיד מריר 70% 100 ג' עלית,קימ'ס גריפלנן,BE,שוקולד ספלנדיד מריר,גרמים,100.00,100 גרם,false,,12.90,0.1290,true,1,496334
7290110576776,false,טבלאות שוקולד ספלנדיד מריר 85% 100 ג' עלית,קימ'ס גריפלנן,BE,שוקולד ספלנדיד מריר,גרמים,100.00,100 גרם,false,,12.90,0.1290,true,1,496335
7290111098536,false,מגבונים לחים לתינוק,,,מגבונים לחים לתינוק,יחידה,0.00,יחידה,false,,14.90,0.0000,true,1,423767
7290111342523,false,מפיות אירוח ניקול 100 יח',חוגלה קימברלי,,מפיות צבעוני ניקול 1,יחידה,0.00,יחידה,false,,8.90,0.0000,true,1,214949
7290111343117,false,זוג ממחטות לושן סופט קלינקס -140 דף,קימברלי,IL,טישו לושן סופט קליני,יחידה,0.00,יחידה,false,,13.90,0.0000,true,1,270429
7290111344558,false,שקיות אשפה לארג' 100 יח,חוגלה קימברלי,IL,שקיות אשפה נשלפות לא,יח',100.00,יח',false,,32.90,0.3290,true,1,384369
7290111350030,false,רסק תפוחי עץ טבעי 670 גרם,טעמי הגליל,IL,רסק תפוחי עץ טבעי קל,גרמים,670.00,100 גרם,false,,12.90,0.0193,true,1,14040
7290111352430,false,ממרח תמרים טבעי קליי,"כד בני דרום בע""מ",IL,ממרח תמרים טבעי קליי,גרמים,440.00,100 גרם,false,,12.90,0.0293,true,1,458378
7290111352973,false,יוגוטה קוביות חמוצות ממולאות בטעם פירות,יוגטה yogueta,TR,יוגטה קוביות חמוציות,גרמים,220.00,100 גרם,false,,7.90,0.0359,true,1,254368
7290111353123,false,"גומי נחש מסוכר 200 גר' וסטהיים (כש""לפ בית יוסף)",יוגטה yogueta,,יוגטה סוכריות גומי נ,גרמים,200.00,100 גרם,false,,10.90,0.0545,true,1,270178
7290111353680,false,גרעיני חמניה קליית ג,,,גרעיני חמנייה 350 גר,גרמים,350.00,100 גרם,false,,12.90,0.0369,true,1,315653
7290111564277,false,פריכיות דקות ונימוחות 3 דגנים פיטנס Fitness,פרח תעשיות,IL,פריכיות 3 דגנים דקות,גרמים,120.00,100 גרם,false,,11.90,0.0992,true,1,88567
7290111565502,false,ארטיק אוראו וניל ועוגיות סנדוויץ נסטלה 80 ג',ג'נרל מילס סאן אדריא,IT,סנדוויץ אוראו,יחידה,0.00,יחידה,false,,9.90,0.0000,true,1,112761
7290111566271,false,טבעול חטיפי תירס 657 גר',עיצובים 2020 (4.8),IL,חטיפי תירס טבעול 65,גרמים,657.00,100 גרם,false,,34.90,0.0531,true,1,120098
7290111566318,false,טבעול שניצל דק מן הצומח 564 גר',עיצובים 2020 (4.8),IL,שניצל דק צמחוני בט,גרמים,564.00,100 גרם,false,,35.90,0.0637,true,1,120100
7290111566547,false,טבעול חזה בגריל צמחוני 99 קלוריות 560ג',עיצובים 2020 (4.8),IL,חזה בגריל מו הצומח,גרמים,560.00,100 גרם,false,,35.90,0.0641,true,1,120104
7290111568206,false,"מיקס ביסלי, אפרופו ופיצוחים מתובלים",פרו מן יו פתרונות אר,IL,ביסלי פארטי מיקס ברב,גרמים,150.00,100 גרם,false,,7.90,0.0527,true,1,122453
7290111568466,false,רוטב אסייתי למוקפץ הסדרה האסייתית,אסיף תעשיות מזון בעמ,IL,אסם רוטב אסיאתי למוק,מיליליטרים,290.00,"100 מ""ל",false,,12.90,0.0445,true,1,127071
7290111935961,false,מאסטר שף מחית עגבניות 690 ג',קליסה,IT,מחית עגבניות מאסטר ש,גרמים,690.00,100 גרם,false,,10.90,0.0158,true,1,143672
7290111939143,false,קוקי נייר אפייה עגול קוטר 28,,IL,קוקי נייר אפייה עגול,יחידה,0.00,יחידה,false,,8.90,0.0000,true,1,264084
7290112002099,false,ג'ל כביסה מרוכז קולון 101 קלאסי,רקיט בנקיזר,IL,קולון ג'ל 2.5 ליטר ב,ליטרים,2.50,ליטר,false,,29.90,11.9600,true,1,191320
7290112002143,false,ג'ל כביסה מרוכז קולון 101 בניחוח לילך,רקיט בנקיזר,IL,קולון ג'ל 4 ליטר ליל,ליטרים,4.00,ליטר,false,,38.90,9.7250,true,1,191325
7290112003188,false,קולון קפסולות ג'ל כביסה 60יח,רקיט בנקיזר,IT,קולון קפסולות למכונת,יחידה,0.00,יחידה,false,,60.00,0.0000,true,1,267837
7290112004970,false,פיניש אולטימייט 50 קפסולות גיל,,,פיניש אולטימייט 50 י,יחידה,0.00,יחידה,false,,62.90,0.0000,true,1,470808
7290112195579,false,שמן זית איטליה 750 מ,,,שמן זית איטליה 750 מ,מיליליטרים,750.00,"100 מ""ל",false,,33.90,0.0452,true,1,378444
7290112196774,false,ביסקוויט חצי מצופה כ,,,ביסקוויט חצי מצופה כ,גרמים,175.00,100 גרם,false,,13.90,0.0794,true,1,470740
7290112330352,false,"יוגורט PRO בטעם וניל 0% , 20 גרם חלבון בגביע","שטראוס בריאות בע""מ",IL,דנונה פרו 20 גר וניל,גרמים,200.00,100 גרם,false,,6.50,0.0325,true,1,143777
7290112330390,false,יוגורט PRO בטעם פירות יער 0% 20 גרם חלבון בגביע,"שטראוס בריאות בע""מ",IL,דנונה פרו 20 גר פירו,גרמים,200.00,100 גרם,false,,6.50,0.0325,true,1,143778
7290112332691,false,עוגיות קרם אגוזים פסק זמן 200 ג' עלית,הגביע מוצרי ופלים בע,IL,פינוקיות עוגיית קרם,גרמים,200.00,100 גרם,false,,12.90,0.0645,true,1,147737
7290112334749,false,קפה טורקי שקית 10% תוספת 200 ג' עלית,שטראוס קפה בי.וי,IL,עלית טורקי שקית 200,גרמים,220.00,100 גרם,false,,17.90,0.0814,true,1,146036
7290112336712,false,יוגורט PRO לבן 0% 21 גרם חלבון בגביע,"שטראוס בריאות בע""מ",IL,דנונה פרו 21 0% שומן,גרמים,200.00,100 גרם,false,,6.50,0.0325,true,1,140985
7290112337474,false,סוכריות מאסט ללא סוכר פטל לימון 80 ג' עלית,MIESZKO S.A - MS. JO,PL,"סוכריות מאסט לל""ס פט",גרמים,80.00,100 גרם,false,,8.90,0.1113,true,1,192180
7290112339171,false,מעדן מילקי מוס שוקול,מיוצר עי קונדיטוריית,IL,מילקי מוס 81 גרם.,גרמים,81.00,100 גרם,false,,3.90,0.0481,true,1,138067
7290112339867,false,גמדים לדרך גבינה לבנה עם מחית תות,שטראוס,IL,גמדים סקוויז בודד תו,גרמים,100.00,100 גרם,false,,5.90,0.0590,true,1,139658
7290112339874,false,גמדים לדרך גבינה לבנה עם מחיות תות ובננה,שטראוס,IL,גמדים סקוויז בודד תו,גרמים,100.00,100 גרם,false,,5.90,0.0590,true,1,139659
7290112340276,false,עוגיות קרם קפה נמס 200 ג' עלית,הגביע מוצרי ופלים בע,IL,פינוקיות עוגיית קרם,גרמים,200.00,100 גרם,false,,12.90,0.0645,true,1,147738
7290112341556,false,אקטיביה עם צ'יה ותות 150 ג' דנונה,דנונה - שטראוס,IL,אקטיביה עם צ'יה ותות,גרמים,150.00,100 גרם,false,,4.90,0.0327,true,1,191296
7290112341679,false,אקטיביה 3% שומן 200 ג' דנונה,מיוצר עי קונדיטוריית,IL,דנונה אקטיביה 3% 200,גרמים,200.00,100 גרם,false,,4.50,0.0225,true,1,191301
7290112341686,false,מארז שמיניה אקטיביה 3% 150 ג',מיוצר עי קונדיטוריית,IL,אקטיביה מארז 3% 8*15,קילוגרמים,1.20,"ק""ג",false,,21.90,18.2500,true,1,191302
7290112343260,false,"יטבתה רוטב שמנת קלאסי 9% שומן 260 מ""ל",STRAUSS-ISRAEL,IL,יטבתה רוטב שמנת קלאס,גרמים,260.00,100 גרם,false,,11.50,0.0442,true,1,200003
7290112343420,false,"משקה חלב עם דגנים מלאים ובננה פרו יטבתה 350מ""ל",מחלבת יטבתה,IL,משקה יטבתה פרו 20 אר,מיליליטרים,350.00,"100 מ""ל",false,,7.90,0.0226,true,1,200006
7290112343499,false,חטיף צ'יטוס פאפס אפוי בטעם גבינה,"שטראוס פריטו ליי בע""",IL,ציטוס Puffs בטעם גבי,גרמים,55.00,100 גרם,false,,3.90,0.0709,true,1,359873
7290112344564,false,רביולי גבינה קלאסי שטראוס 400 ג',"שטראוס גרופ בע""מ",IL,EAT GOOD רביולי גבינ,גרמים,400.00,100 גרם,false,,21.70,0.0542,true,1,191788
7290112344755,false,מילקי שוקולד 26% פחות סוכר 135 גרם,מיוצר עי קונדיטוריית,IL,מילקי עם 26% פחות סו,מיליליטרים,135.00,"100 מ""ל",false,,2.90,0.0215,true,1,278088
7290112346537,false,עוגיות פינוקיות בטעם טורטית 200 ג' עלית,הגביע מוצרי ופלים בע,IL,פינוקיות עוגיות בטעם,גרמים,200.00,100 גרם,false,,12.90,0.0645,true,1,205232
7290112346629,false,דנונה בר יוגורט+קורנפלקס מצופה שוקולד חלב ולבן 172 גרם,דנונה - שטראוס,IL,דנונה קראנצ' עם קורנ,מיליליטרים,172.00,"100 מ""ל",false,,4.90,0.0285,true,1,240693
7290112346773,false,יוגורט בטעם וניל 0% לייט אנד פרי 10 גרם חלבון בגביע,מיוצר עי קונדיטוריית,IL,דנונה לייט אנד פריי,מיליליטרים,150.00,"100 מ""ל",false,,4.90,0.0327,true,1,284902
7290112346827,false,"אקטימל ויטמין C פטל 8*100 מ""ל",קריות זול,IL,אקטימל ויטמין C פטל,מיליליטרים,800.00,"100 מ""ל",false,,22.90,0.0286,true,1,272608
7290112347008,false,גמדים לדרך גבינה לבנה עם מחית תות ושיבולת שועל,מיוצר עי קונדיטוריית,IL,גמדים ארוחת בוקר תות,גרמים,100.00,100 גרם,false,,5.90,0.0590,true,1,199993
7290112348142,false,שעועית לבנה 380 גר' בקופסה טעם הטבע,שטראוס טעם הטבע,,שעועית לבנה טעם הטבע,גרמים,380.00,100 גרם,false,,7.90,0.0208,true,1,232428
7290112349606,false,מעדן גבינה ויוגורט תות בננה 88 ג' דניאלה,"שטראוס בריאות בע""מ",IL,דניאלה תות בננה 150,מיליליטרים,150.00,"100 מ""ל",false,,4.50,0.0300,true,1,391160
7290112349705,false,פומודורו רוטב עגבניות קלאסי לפסטה 350 גר' יד מרדכי,אמיליאנה קונסרב סוסי,IT,רוטב עגבניות פומודרו,גרמים,350.00,100 גרם,false,,11.90,0.0340,true,1,213449
7290112349743,false,ארביאטה רוטב עגבניות פיקנטי לפסטה 350 ג' יד מרדכי,אימילאנה,IT,רוטב עגבניות ארביאטה,גרמים,350.00,100 גרם,false,,11.90,0.0340,true,1,213451
7290112351067,false,סילאן טבעי 100% תמר מג'הול ללא תוספת סוכר,יד מרדכי,,סילאן טבעי לחיץ יד מ,גרמים,630.00,100 גרם,false,,24.90,0.0395,true,1,230137
7290112351104,false,שוקולד פרה ממולא פיצפוצי אורז 100 ג' עלית,STRAUSS-ISRAEL,IL,שוקולד פרה פיצפוצי א,גרמים,100.00,100 גרם,false,,6.90,0.0690,true,1,237574
7290112351128,false,שוקולד פרה סוכריות קופצות 100 ג' עלית,"שטראוס גרופ בע""מ",IL,שוקולד פרה חלב סוכרי,גרמים,100.00,100 גרם,false,,6.90,0.0690,true,1,325425
7290112351524,false,עלי סלנובה טעם הטבע,שטראוס טעם הטבע,,עלי סלנובה טעם הטבע,גרמים,200.00,100 גרם,false,,12.90,0.0645,true,1,245913
7290112354945,false,תפוצ'יפס wavy טבעי 50ג היתר מכירה,שטראוס פריטו ליי בע”,IL,תפוצ'יפס wavy 50 גר,גרמים,50.00,100 גרם,false,,4.50,0.0900,true,1,499709
7290112354952,false,חטיף תפוצ'יפס WAVY בטעם פפריקה,שטראוס פריטו ליי בע”,IL,תפוצ'יפס wavy פפריקה,גרמים,50.00,100 גרם,false,,4.50,0.0900,true,1,499710
7290112354969,false,"תפוציפס WAVY טבעי , 200 גרם",שטראוס פריטו ליי בע”,IL,תפוצ'יפס וויבי 200 ג,גרמים,200.00,100 גרם,false,,10.90,0.0545,true,1,499597
7290112355027,false,יוגורט פרו בטעם קרמל מלוח 200 ג' דנונה,"שטראוס בריאות בע""מ",IL,דנונה פרו 20 גר' בטע,גרמים,200.00,100 גרם,false,,6.50,0.0325,true,1,278121
7290112355393,false,"יטבתה רוטב שמנת+בטטה 9% שומן 250 מ""ל",מחלבת יטבתה,IL,רוטב שמנת עם בטטה 9%,גרמים,257.00,100 גרם,false,,11.50,0.0447,true,1,479725
7290112357083,false,אפונת גינה טעם הטבע 380 גר' בקופסה,שטראוס טעם הטבע,,אפונה ירוקה טעם הטבע,גרמים,380.00,100 גרם,false,,7.90,0.0208,true,1,351852
7290112357106,false,שעועית אדומה 380 גר' בקופסה טעם הטבע,שטראוס טעם הטבע,,שעועית אדומה טעם הטב,גרמים,380.00,100 גרם,false,,7.90,0.0208,true,1,232431
7290112357113,false,גרגרי חומוס בקופסה 380 גר' טעם הטבע,שטראוס טעם הטבע,IT,גרגרי חומוס טעם הטבע,גרמים,380.00,100 גרם,false,,7.90,0.0208,true,1,232432
7290112357892,false,סוכריות ללא סוכר בטעם מנטה מאסט פרש,עלית,,שלישיית סוכריות FRES,גרמים,45.00,100 גרם,false,,9.50,0.2111,true,1,262856
7290112358004,false,חטיף שוקולד פסק זמן,שולן צ'יקולטה גידה ס,TR,פסק זמן קראנץ' 32 גר,גרמים,32.00,100 גרם,false,,5.30,0.1656,true,1,294456
7290112358233,false,יד מרדכי רוטב צילי חריף 300גרם,יד מרדכי,,יד מורדכי רוטב צ'ילי,מיליליטרים,300.00,"100 מ""ל",false,,14.90,0.0497,true,1,293264
7290112490117,false,טבלת קליק XL אגוז וופל 85 ג' ורד הגליל,יוניליוור ישראל מזון,IL,טבלה קליק וופל ואגוז,גרמים,85.00,100 גרם,false,,6.90,0.0812,true,1,126034
7290112490209,false,נמס בכוס מרק עגבניות עם קרוטונים רכיבים טבעיים,יוניליוור,,נמס בכוס מרק עגבניות,גרמים,56.00,100 גרם,false,,7.90,0.1411,true,1,133212
7290112490674,false,קונפיטורת דובדבן 340 גר' 778 כשלפ,אתר חיפה 778,BE,קונפיטורה 778 דובדבן,גרמים,340.00,100 גרם,false,,15.90,0.0468,true,1,128290
7290112490735,false,מרק עשיר עגבניות פסטה ר.טבעי קנור 105ג',יוניליוור,IL,מרק היום מרק עגבניות,גרמים,105.00,100 גרם,false,,12.50,0.1190,true,1,357944
7290112491695,false,קונפיטורה פרי משמש לייט 260 ג',778,,קונפיטורת 778 משמש ל,גרמים,260.00,100 גרם,false,,15.90,0.0612,true,1,292117
7290112492449,false,"פינוק - שמפו לשיער רגיל 700 מ""ל",יוניליוור ישראל טיפו,IL,פינוק שמפו לשיער רגי,מיליליטרים,700.00,"100 מ""ל",false,,11.90,0.0170,true,1,222515
7290112492456,false,"פינוק - פינוק לשיער יבש 700 מ""ל",יוניליוור ישראל טיפו,IL,פינוק שמפו שיער יבש,מיליליטרים,700.00,"100 מ""ל",false,,11.90,0.0170,true,1,222516
7290112492463,false,"שמפו ומרכך לשיער רגיל 700 מ""ל פינוק",יוניליוור ישראל טיפו,IL,פינוק 2ב1 לשיער רגיל,מיליליטרים,700.00,"100 מ""ל",false,,11.90,0.0170,true,1,222517
7290112492500,false,"פינוק - שמפו שמן קוקוס 700 מ""ל","יוניליור ישראל, טיפו",IL,פינוק שמפו שמן קוקוס,מיליליטרים,700.00,"100 מ""ל",false,,11.90,0.0170,true,1,222519
7290112492579,false,"פינוק - מרכך שמן קוקוס 700 מ""ל",יוניליוור,IL,פינוק מרכך שמן קוקוס,מיליליטרים,700.00,"100 מ""ל",false,,11.90,0.0170,true,1,222521
7290112492609,false,"פינוק - תחליב רחצה לבנדר וניל 700 מ""ל",יוניליוור,IL,פינוק תחליב רחצה לבנ,מיליליטרים,700.00,"100 מ""ל",false,,10.90,0.0156,true,1,222552
7290112493088,false,נמס בכוס עדשים מרק רכיבים טבעיים קנור 54 ג',יוניליוור,IL,נמס בכוס מרק עדשים ח,גרמים,54.00,100 גרם,false,,7.90,0.1463,true,1,484324
7290112493965,false,גלידה מסטיגם 1.33ל'קרמיסימו,"גלידת שטראוס בע""מ, ר",IL,קרמיסימו מסטיגם 1.33,יחידה,1.33,יחידה,false,,21.90,16.4662,true,1,210631
7290112494351,false,תלמה קורנפלקס של אלופים 850 ג',יוניליוור שפע ישראל,IL,קורנפלקס של אלופים ת,גרמים,850.00,100 גרם,false,,18.90,0.0222,true,1,219993
7290112495006,false,כריות - כריות נוגט 686 גרם,יוניליוור שפע ישראל,IL,"כריות נוגט תלמה בד""ץ",גרמים,686.00,100 גרם,false,,27.90,0.0407,true,1,197660
7290112495037,false,דגני בוקר בטעם שוקולד כדורים 375 ג' קוקומן,יוניליוור שפע ישראל,IL,קוקומן כדורים תלמה ב,גרמים,375.00,100 גרם,false,,23.40,0.0624,true,1,197661
7290112495044,false,קוקומן פצפוצים בטעם שוקולד,יוניליור שפע ישראל ב,IL,קוקומן פצפוצים תלמה,גרמים,375.00,100 גרם,false,,23.40,0.0624,true,1,197662
7290112495143,false,נשנושים קוקטייל מלוח 300ג' ב.בייגל,בייגל את בייגל מזון,IL,נשנושים קוקטייל מלוח,גרמים,300.00,100 גרם,false,,14.90,0.0497,true,1,197674
7290112495150,false,נשנושי קרקר עיגולים מלוחים 300 גר',בייגל את בייגל מזון,IL,נשנושים עגול מלוח 30,גרמים,300.00,100 גרם,false,,14.90,0.0497,true,1,197675
7290112495280,false,ריבועי ברנפלקס קינמון 400 ג',יוניליוור,IL,ריבועי ברנפלקס קינמו,גרמים,400.00,100 גרם,false,,27.00,0.0675,true,1,237508
7290112496034,false,סירופ מייפל אפיכל 580 גרם,יוניליוור ישראל מזון,IL,"סירופ מייפל בד""צ 600",מיליליטרים,600.00,"100 מ""ל",false,,14.90,0.0248,true,1,214488
7290112497000,false,סיף - פנטסטיק ניקוי רב תכליתי 1 ליטר,"זוהר דליה, קיבוץ דלי",IL,סיף פנטסטיק ניקוי כל,יחידה,0.00,יחידה,false,,13.90,0.0000,true,1,226954
7290112499639,false,טילון סופר מגנום וניל צ'יפ ושוקולד 110 ג',"מיוצר ע""י גלידת שטרא",IL,טילון סופר מגנום וני,יחידה,0.00,יחידה,false,,9.90,0.0000,true,1,217308
7290112499677,false,מגנום לבן אימפלס פסח 120מל,"מיוצר ע""י גלידת שטרא",IL,מגנום שוקולד לבן ADR,יחידה,0.00,יחידה,false,,9.90,0.0000,true,1,210646
7290112960115,false,אסם שקדי מרק 30% קמח חיטה מלא 12*350גרם,אסם,IL,שקדי מרק 30% קמח חיט,גרמים,350.00,100 גרם,false,,13.90,0.0397,true,1,130033
7290112962287,false,טבעול שווארמה טבעונית 6*450 גרם,מיוצר עי קונדיטוריית,IL,שווארמה טבעונית טבעו,גרמים,450.00,100 גרם,false,,32.90,0.0731,true,1,219300
7290112963000,false,"רוטב צילי מתוק מופחת סוכר 290 מ""ל אסם",אסם,IL,רוטב צ'ילי מתוק מופח,מיליליטרים,290.00,"100 מ""ל",false,,12.90,0.0445,true,1,213674
7290112963529,false,טילון אקסטרים שוקו וניל פרווה מאגדת 444 גר',שוורצקוף& הנקל דיסלד,IL,מאגדת אקסטרים 6 יח',גרמים,444.00,100 גרם,false,,39.90,0.0899,true,1,144638
7290112963918,false,חטיפי קרקר דק רוזמרין 140 ג' פיטנס,נסטלה Nestle,IL,פיטנס חטיפי קרקר דק,גרמים,140.00,100 גרם,false,,13.90,0.0993,true,1,155062
7290112965103,false,תבשיל קוסקוס עם ירקות 146 גר',אסם,,קוסקוס עם ירקות אסם,גרמים,146.00,100 גרם,false,,12.90,0.0884,true,1,199256
7290112965165,false,מרק נמס בטעם פטריות זוג * 24 ג' אסם,אסם,IL,זוג מרק נמס פטריות ב,גרמים,48.00,100 גרם,false,,6.90,0.1438,true,1,155063
7290112965240,false,מרק נמס בטעם עגבניות זוג * 44 ג' אסם,Unknown,IL,זוג מרק נמס עגבניות,גרמים,60.00,100 גרם,false,,6.90,0.1150,true,1,155066
7290112965585,false,פרפקטו פסטה קסרצה 500 גר',אסם פרפקטו Perfecto,IL,פסטה קסרצה פרפקטו 50,גרמים,500.00,100 גרם,false,,7.90,0.0158,true,1,161956
7290112965684,false,פיטנס - חטיף מולטיגריין עשבי תיבול 25 גרם,מיוצר עי קונדיטוריית,IL,פיטנס חטיף מולטיגריי,גרמים,25.00,100 גרם,false,,5.80,0.2320,true,1,277966
7290112965707,false,פיטנס - חטיף מולטיגריין צילי מעודן 25 גרם,"אסם השקעות בע""מ",IL,פיטנס חטיף מולטיגריי,גרמים,25.00,100 גרם,false,,5.80,0.2320,true,1,277967
7290112965783,false,אוסם - ביסלי פריסטייל על האש 60 גרם,"אסם השקעות בע""מ",IL,ביסלי פריסטייל על הא,גרמים,60.00,100 גרם,false,,4.90,0.0817,true,1,327834
7290112965806,false,אוסם - ביסלי פריסטייל חמוץ חריף 60 גרם,Unknown,IL,ביסלי פריסטייל חמוץ,גרמים,60.00,100 גרם,false,,4.90,0.0817,true,1,327835
7290112965868,false,קרם קרקר במלחיות מעודנת 250 גר' אסם,אסם,,אסם קרם קרקר במליחות,גרמים,250.00,100 גרם,false,,11.90,0.0476,true,1,199369
7290112967138,false,בייגלה שמיניות ללא גלוטן 250 גר' אסם,מיוצר עי קונדיטוריית,IL,אסם בייגלה שמיניות ל,גרמים,250.00,100 גרם,false,,14.90,0.0596,true,1,199360
7290112967220,false,ביסלי מארז ברביקיו 20 גר'*10 יח' אסם,,,ביסלי ברביקיו מארז 1,גרמים,200.00,100 גרם,false,,12.50,0.0625,true,1,237660
7290112968807,false,פיטנס - קרקר דק סלק 140 גרם,מפעל אסם יקנעם,IL,פיטנס קרקר דק סלק 14,גרמים,140.00,100 גרם,false,,13.90,0.0993,true,1,285541
7290113192201,false,תערובת להכנת סחלב 500 ג',דין שיווק,IL,תערובת להכנת סחלב 50,גרמים,500.00,100 גרם,false,,14.90,0.0298,true,1,405954
7290113192324,false,זיתים ירוקים שלמים בינוניים,בית השיטה,IL,זית ירוק בית השיטה 3,גרמים,340.00,100 גרם,false,,10.90,0.0321,true,1,205652
7290113192355,false,חרוזית זיתים ירוקים ללא גלעין 275 ג' בית השיטה,בית השיטה,IL,זיתים חרוזית ירוק בי,גרמים,275.00,100 גרם,false,,10.90,0.0396,true,1,205668
7290113192379,false,בית השיטה זיתים ירוקים מבוקעים א2 340גר',בית השיטה,IL,זיתים ירוקים מבוקעים,גרמים,340.00,100 גרם,false,,11.90,0.0350,true,1,205683
7290113192478,false,בית השיטה מלפפונים במלח בינוני 10-12 320 גרם,בית השיטה,IL,מלפפון במלח 10-12 בי,גרמים,320.00,100 גרם,false,,8.90,0.0278,true,1,205875
7290113192492,false,בית השיטה מלפפונים בחומץ קטנים 1317 290 גרם,בית השיטה,IL,מלפפון בחומץ 13-17 ב,גרמים,290.00,100 גרם,false,,11.90,0.0410,true,1,205877
7290113192508,false,בית השיטה מלפפונים במלח קטן 1317 320 גרם,בית השיטה,IL,מלפפון במלח 13-17 בי,גרמים,320.00,100 גרם,false,,11.90,0.0372,true,1,205878
7290113192522,false,בית השיטה מלפפונים בחומץ קטן מאוד 1825 290 גרם,בית השיטה,IL,מלפפון בחומץ 18-25 ב,גרמים,290.00,100 גרם,false,,13.90,0.0479,true,1,205880
7290113192539,false,בית השיטה מלפפונים במלח גדול 79 320 גרם,בית השיטה,IL,מלפפון במלח 7-9 בית,גרמים,560.00,100 גרם,false,,7.90,0.0141,true,1,205894
7290113192546,false,בית השיטה מלפפונים בחומץ גדול 79 290 גרם,בית השיטה,IL,מלפפון בחומץ 7-9 בית,גרמים,560.00,100 גרם,false,,7.90,0.0141,true,1,205895
7290113192553,false,בית השיטה מלפפונים במלח 13-17 בלדי 320 גר',בית השיטה,IL,מלפפון במלח בלדי 13-,גרמים,320.00,100 גרם,false,,12.90,0.0403,true,1,205909
7290113192577,false,בית השיטה כרוב כבוש חתוך 430 גרם,בית השיטה,IL,כרוב כבוש בית השיטה,יחידה,430.00,יחידה,false,,8.90,0.0207,true,1,205911
7290113193031,false,חרוזית קלמטה - זיתים שחורים ללא גלעין קלמטה,שוורצקוף& הנקל דיסלד,IL,חרוזית קלמטה בית השי,גרמים,275.00,100 גרם,false,,15.90,0.0578,true,1,271555
7290113193406,false,"קוקטייל טבעות זיתים - זיתים ירוקים, שחורים מרינד",בית השיטה,IL,טבעות קוקטיל זיתים ב,גרמים,560.00,100 גרם,false,,11.90,0.0213,true,1,271556
7290113196414,false,"אורז בסמטי שקדיה 1 ק""ג",קריות זול,IN,אורז בסמטי שקדיה 1 ק,קילוגרמים,1.00,"ק""ג",false,,10.50,10.5000,true,1,348804
7290113198029,false,פקאן מצופה חלבה שקדי,דין שיווק,IL,פקאן מצופה חלבה שקדי,גרמים,150.00,100 גרם,false,,15.90,0.1060,true,1,349261
7290113198593,false,סוכריות גומי מסוכרות בטעם בננה 200 ג' שקדיה,טופ גלוב,IL,סוכריות גומי מסוכר ב,גרמים,200.00,100 גרם,false,,10.90,0.0545,true,1,411898
7290113198609,false,סוכריות גומי נחשים בטעמי פירות 200 ג' שקדיה,טופ גלוב,IL,סוכריות גומי נחשים,גרמים,200.00,100 גרם,false,,10.90,0.0545,true,1,411899
7290113199798,false,ממרח 100% אגוזי קשיו,פפאיינס,TW,ממרח 100% אגוז קשיו,גרמים,200.00,100 גרם,false,,26.90,0.1345,true,1,450386
7290113199934,false,סוכריות חמצוצים בטעם אוכמניות 180 ג' שקדיה,,,סוכריות חמצוצים בטעם,גרמים,180.00,100 גרם,false,,10.90,0.0606,true,1,411822
7290113284517,false,נייר טואלט דו שכבתי,,,נייר טואלט דו שכבתי,יחידה,0.00,יחידה,false,,29.90,0.0000,true,1,507179
7290113289208,false,צלחות מתכלות יהלום ג,,,צלחות מתכלות יהלום ג,יחידה,0.00,יחידה,false,,14.90,0.0000,true,1,378895
7290113289222,false,מרקיות מתכלות יהלום,,,מרקיות מתכלות יהלום,יחידה,0.00,יחידה,false,,13.90,0.0000,true,1,378939
7290113289321,false,מגשי דקל מלבניים גדו,,,מגשי דקל מלבניים גדו,יחידה,0.00,יחידה,false,,12.90,0.0000,true,1,410321
7290113289338,false,צלחות דקל מרובעות ענ,,,צלחות דקל מרובעות ענ,יחידה,0.00,יחידה,false,,17.90,0.0000,true,1,410269
7290113289352,false,צלחות דקל מרובעות קט,,,צלחות דקל מרובעות קט,יחידה,0.00,יחידה,false,,12.90,0.0000,true,1,410285
7290113289475,false,מפיות חד שכבתיות 80,,,מפיות חד שכבתיות 80,יחידה,0.00,יחידה,false,,5.90,0.0000,true,1,364390
7290114310215,false,"**טרה שמנת מתוקה 38% 250 מ""ל בקבוק.",מילקו תעשיות בעמ,IL,שמנת מתוקה 38% בקבוק,מיליליטרים,250.00,"100 מ""ל",false,,6.47,0.0259,true,1,233159
7290114310246,false,גבינת גרנה פדנו מחלב בקר 29%,מחלבת משק צוריאל,IL,גרנה פדנו צ'אנק 125,גרמים,125.00,100 גרם,false,,19.90,0.1592,true,1,289378
7290114310383,false,מולר קציפת יוגורט בטעם וניל צרפתי 97 גרם,מולר Muller,IL,יוגורט מוקצף בטעם ונ,גרמים,97.00,100 גרם,false,,5.50,0.0567,true,1,478258
7290114310390,false,"מולר פרופ קציפת יוגורט בננה לוטי 5% 150 מ""ל",מולר Muller,IL,יוגורט מוקצף בטעם בנ,גרמים,97.00,100 גרם,false,,5.50,0.0567,true,1,478277
7290114310406,false,"מולר פרופ קציפת יוגורט תות 5% 150 מ""ל",מולר Muller,IL,יוגורט מוקצף בטעם תו,גרמים,97.00,100 גרם,false,,5.50,0.0567,true,1,478278
7290114310611,false,"משקה חלב בננה בבקבוק פקק ספורט טרה 250 מ""ל",Unknown,IL,משקה חלב בננה בבקבוק,מיליליטרים,250.00,"100 מ""ל",false,,5.90,0.0236,true,1,324997
7290114311014,false,"משקה חלב אייס קפוצ'ינו בבקבוק 250 מ""ל",Unknown,IL,משקה חלב אייס קפוצ'י,מיליליטרים,250.00,"100 מ""ל",false,,5.90,0.0236,true,1,434178
7290114311021,false,משקה חלב בטעם וניל עוגיות 1.5% שומן,Unknown,IL,משקה חלב וניל עוגיות,מיליליטרים,250.00,"100 מ""ל",false,,5.90,0.0236,true,1,434194
7290114311076,false,"חמאת מולר צהובה עם שום, 200 גרם",מולר Muller,IL,חמאה צהובה עם שום מו,גרמים,200.00,100 גרם,false,,11.90,0.0595,true,1,430743
7290114311298,false,יוגורט קציפת תות בננה מלון 150 ג' מולר,מולר Muller,IL,מולר פרופ תות בננה מ,גרמים,150.00,100 גרם,false,,5.50,0.0367,true,1,460461
7290114311304,false,יוגורט קציפת מנגו פסיפלורה בננה 150 ג' מולר,מולר Muller,IL,מולר פרופ מנגו פסיפל,גרמים,150.00,100 גרם,false,,5.50,0.0367,true,1,460462
7290114311328,false,חלב נטול לקטוז 2% שומן מועשר בויטמין D,ג'י.אר.אמ.גרופו אלימ,IL,חלב נטול לקטוז טרה 1,ליטרים,1.00,ליטר,false,,7.90,7.9000,true,1,470757
7290114311434,false,"מולר אקטיב בטעם קרמל מלוח 0% שומן, 200 גרם",מולר Muller,IL,מולר אקטיב בטעם קרמל,גרמים,200.00,100 גרם,false,,6.90,0.0345,true,1,478242
7290114311458,false,"חלב מועשר 3% וויטמין קרטון, 1 ל טרה",Unknown,IL,קרטון חלב מועשר ויטמ,ליטרים,1.00,ליטר,false,,9.90,9.9000,true,1,480489
7290114603515,false,רוטב קארי אדום מאסטר שף 340 ג',תאי סופרים,TH,מאסטר שף רוטב קארי א,גרמים,340.00,100 גרם,false,,14.90,0.0438,true,1,293220
7290114603768,false,"מארז אג'קס כלורון נוזל לניקוי אסלות 750 מ""ל*2 יח'",,,אג'קס שירותים 750 מ',מיליליטרים,750.00,"100 מ""ל",false,,32.90,0.0439,true,1,250245
7290114604840,false,דפי אורז קוטר 16 מאסטר שף 400 ג',מאסטר שף,,דפי אורז קוטר 16 כשל,גרמים,400.00,100 גרם,false,,10.90,0.0273,true,1,292895
7290114604857,false,דפי אורז קוטר 22 מאסטר שף 400 ג',מאסטר שף,,דפי אורז קוטר 22 כשל,גרמים,400.00,100 גרם,false,,10.90,0.0273,true,1,292910
7290114606561,false,מאסטר שף אטריות אורז דקות ורמיצ'לי 400 ג,,TH,אטריות אורז דקות מאס,גרמים,400.00,100 גרם,false,,12.90,0.0323,true,1,421393
7290114607315,false,"מקס וויט מארז זוג 125 מ""ל",קולגייט פלמוליב,PL,מקס וויט מארז זוג 2*,מיליליטרים,250.00,"100 מ""ל",false,,30.90,0.1236,true,1,344298
7290115190083,false,סיגריות מרלבורו גולד,פיליפ מוריס,,מרלבורו גולד פאקט 1,יחידה,0.00,יחידה,false,,345.00,0.0000,false,1,268569
7290115190090,false,סיגריות מרלבורו גולד קצר בוקס,פיליפ מוריס,,סיגריות מרלבורו חפי,יחידה,0.00,יחידה,false,,36.50,0.0000,false,1,268539
7290115190151,false,סיגריות מרלבורו טאץP,פיליפ מוריס,,מרלבורו גולד טאצ בוד,יחידה,0.00,יחידה,false,,32.50,0.0000,false,1,268507
7290115190250,false,סיגריות פרלמנט נייטP,פיליפ מוריס,,סיגריות פרלמנט (חפיס,יחידה,0.00,יחידה,false,,42.00,0.0000,false,1,261629
7290115190335,false,ל.מ כחול לייבל ארוך,פיליפ מוריס,,אל אם בלו ארוך,יחידה,0.00,יחידה,false,,33.00,0.0000,false,1,313098
7290115190359,false,סיגריות ל.מ בלוPP חפ,פיליפ מוריס,,אל אם בלו לייבל קצר,יחידה,0.00,יחידה,false,,33.00,0.0000,false,1,261598
7290115190472,false,סיגריות נקסט פיין אדג',פיליפ מוריס,,נקסט פיין אדג` בודד,יחידה,0.00,יחידה,false,,27.00,0.0000,false,1,281762
7290115190496,false,סיגריות נקסט פיין 10,פיליפ מוריס,IL,סיגריות נקסט (בודד),יחידה,0.00,יחידה,false,,31.50,0.0000,false,1,301278
7290115190519,false,סיגריות נקסט פיין חפ,פיליפ מוריס,,סיגריות נקסט (בודד),יחידה,0.00,יחידה,false,,31.50,0.0000,false,1,268489
7290115200027,false,פתי בר פינוקי שוקו 220 גר' אסם.,קריות זול,PL,פתי בר פינוקי שוקו 2,גרמים,220.00,100 גרם,false,,11.90,0.0541,true,1,277784
7290115200713,false,מארז במבה קלאסי 5*50 ג' אסם,אסם,IL,מארז במבה קלאסי אסם,גרמים,250.00,100 גרם,false,,12.90,0.0516,true,1,279812
7290115200881,false,בייגלה אסם שטוחים שומשום במליחות מעודנת 300 גר,אסם,,אסם בייגלה שטוחים שו,גרמים,300.00,100 גרם,false,,11.90,0.0397,true,1,290212
7290115201680,false,ביסלי ברביקיו אסם 70,"אסם השקעות בע""מ",IL,ביסלי ברביקיו 70 גרם,גרמים,70.00,100 גרם,false,,4.90,0.0700,true,1,284832
7290115201741,false,ביסלי בטעם בצל אסם 7,"אסם השקעות בע""מ",IL,ביסלי בצל 70 גרם,גרמים,70.00,100 גרם,false,,4.90,0.0700,true,1,279196
7290115202236,false,טבעול טופו קראנצים 470 גר',עיצובים 2020 (4.8),IL,טבעול טופו קראנצ'ים,גרמים,470.00,100 גרם,false,,35.90,0.0764,true,1,337213
7290115202786,false,מנה חמה פאוצ' נדלס טעם בקר 70 ג' אסם,Unknown,,מנה חמה פאוצ' נדלסאט,גרמים,70.00,100 גרם,false,,4.90,0.0700,true,1,306904
7290115202816,false,מנה חמה פאוצ' נדלס טעם עוף 70 ג' אסם,Unknown,,מנה חמה פאוצ' נדלסאט,גרמים,70.00,100 גרם,false,,4.90,0.0700,true,1,306905
7290115202939,false,מנה חמה רייס נודלס עוף פטריות 50 ג' אסם,מיוצר עי קונדיטוריית,TH,מנה חמה רייס נודלס ע,גרמים,50.00,100 גרם,false,,8.90,0.1780,true,1,372537
7290115203486,false,פירורית בטעם ביסלי גריל אסם 200 גר',קיבוץ עינת,IL,אסם פירורית בטעם ביס,גרמים,200.00,100 גרם,false,,7.90,0.0395,true,1,313734
7290115204056,false,אסם קטשופ מופחת סוכר 690 גר',קריות זול,IL,אסם קטשופ מופחת סוכר,גרמים,690.00,100 גרם,false,,11.90,0.0172,true,1,315151
7290115205527,false,פיטנס חטיף מולטגריין עם עדשים 25גר,פיטנס,IL,פיטנס חטיף מולטגריין,גרמים,25.00,100 גרם,false,,5.80,0.2320,true,1,450694
7290115205541,false,חטיף מולטיגריין עם חומוס 25 ג' פיטנס,"אסם השקעות בע""מ",IL,פיטנס חטיף מולטיגריי,גרמים,25.00,100 גרם,false,,5.80,0.2320,true,1,450695
7290115207682,false,"רוטב בסגנון סויה סיני 290 מ""ל",Unknown,,אסם רוטב בסגנון סויה,מיליליטרים,330.00,"100 מ""ל",false,,12.90,0.0391,true,1,447739
7290115207941,false,סירופ אננס 1 ל' ויטמינצ'יק,בית-השיטה עסיס תעשיו,IL,ויטמינצ'יק אננס 1 לי,ליטרים,1.00,ליטר,false,,23.50,23.5000,true,1,402563
7290115208009,false,סירופ ענבים 1ל' ויטמינצ'יק,בית-השיטה עסיס תעשיו,IL,ויטמינצ'יק ענבים 1 ל,ליטרים,1.00,ליטר,false,,23.50,23.5000,true,1,402582
7290115208047,false,סירופ פטל 1 ל' ויטמינצ'יק,בית-השיטה עסיס תעשיו,IL,ויטמינצ'יק פטל 1 ליט,ליטרים,1.00,ליטר,false,,23.50,23.5000,true,1,402566
7290115208061,false,סירופ תפוח 1ל' ויטמינצ'יק,בית השיטה עסיס תעשיו,IL,ויטמינצ'יק תפוח 1 לי,ליטרים,1.00,ליטר,false,,23.50,23.5000,true,1,402567
7290115208320,false,אפרופו חטיף בטעם ביסלי בצל 50 גרם,"אסם השקעות בע""מ",IL,אפרופו בטעם ביסלי בצ,גרמים,50.00,100 גרם,false,,5.80,0.1160,true,1,484788
7290115209174,false,במבה אורירית קלאסי 60 גר',אסם השקעות בעמ,IL,במבה אורירית 60 גרם,גרמים,80.00,100 גרם,false,,4.90,0.0613,true,1,470804
7290115209358,false,במבה במילוי קרם בטעם בראוניז,"אסם השקעות בע""מ",IL,במבה במילוי בראוניז,גרמים,60.00,100 גרם,false,,5.90,0.0983,true,1,484466
7290115209372,false,במבה במילוי בראוניז 150ג' אסם,"אסם השקעות בע""מ",IL,במבה במילוי בראוניז,גרמים,150.00,100 גרם,false,,11.90,0.0793,true,1,484467
7290115403299,false,עוגיות פרפריות אדל 4,,,עוגיות פרפריות אדל 4,גרמים,450.00,100 גרם,false,,18.90,0.0420,true,1,436351
7290115403435,false,עוגיות מעמול תמר אדל,,,עוגיות מעמול תמר אדל,גרמים,500.00,100 גרם,false,,18.90,0.0378,true,1,436364
7290115403459,false,עוגיות נסיכה בטעם תו,,,עוגיות נסיכה בטעם תו,גרמים,500.00,100 גרם,false,,18.90,0.0378,true,1,436366
7290115403480,false,עוגיות בסגנון מרוקאי,,,עוגיות בסגנון מרוקאי,גרמים,500.00,100 גרם,false,,18.90,0.0378,true,1,436369
7290115480016,false,קפסולות ג'ל כביסה 26 יח' סוד,סוד,,סוד קפסולות ג'ל 3+1,100 יח',26.00,100 יח',false,,32.90,1.2654,true,1,447622
7290115671308,false,מסטיק מאסט פאן בצנצנת תות דובדבן,אסקום קונפשטיין,DE,מסטיק קוביות ללס במי,גרמים,58.00,100 גרם,false,,11.90,0.2052,true,1,394212
7290115675702,false,דגני בוקר קראנצ'ים שיבולת שועל עם פירות מיובשים,גלידות שטראוס,IL,דגני בוקר קוואקר שיב,גרמים,375.00,100 גרם,false,,22.70,0.0605,true,1,331689
7290115675986,false,יוגורט עם אגוזי לוז ושקדים בקרמל מלוח 4.5%,"שטראוס בריאות בע""מ",IL,דנונה קראנצ' אגוזים,גרמים,173.00,100 גרם,false,,4.90,0.0283,true,1,285256
7290115676099,false,משקה דנונה פרו 20 יוגורט וניל 255 ג' רבנות,"שטראוס בריאות בע""מ.",IL,משקה יוגורט עם חלבון,גרמים,265.00,100 גרם,false,,7.50,0.0283,true,1,316430
7290115677140,false,"תפוצ'יפס WAVY פפריקה, 200 ג'",שטראוס פריטו ליי בע”,IL,תפוצ'יפס wavy פפריקה,גרמים,200.00,100 גרם,false,,10.90,0.0545,true,1,499598
7290115677966,false,ממרח אבוקדו 200 ג' שטראוס,סנטה אירפואטו,MX,ממרח אבוקדו אחלה 200,גרמים,200.00,100 גרם,false,,16.90,0.0845,true,1,355511
7290115679731,false,שייק פירות ירוק דליש,סיבהפרוסט,BE,שייק פירות ירוק דליש,גרמים,300.00,100 גרם,false,,23.90,0.0797,true,1,482606
7290116270715,false,פילה ברבוניה ארוז בו,,,פילה ברבוניה ארוז בו,יחידה,0.00,יחידה,false,,29.90,0.0000,true,1,416920
7290116530062,false,הלמנס לסלט ויניגרט 295 גרם,הלמנס hellmann's,IL,רוטב לסלט ויניגרטה 2,גרמים,295.00,100 גרם,false,,12.90,0.0437,true,1,332024
7290116533216,false,מרק ירקות קנור רכיבי,,,מרק ירקות 100% רכיבי,גרמים,235.00,100 גרם,false,,22.90,0.0974,true,1,483100
7290116930626,false,ארוחה בקטנה ציזיקי עם קרקרים 150ג' תנובה,תנובה,IL,ציזיקי עם קרקרים תנו,גרמים,150.00,100 גרם,false,,8.50,0.0567,true,1,459651
7290116930657,false,"משקה חלב GO בננה תמר שיבולת שועל 340 מ""ל",תנובה מרכז שיתופי לש,IL,משקה GO בננה תמר עם,מיליליטרים,340.00,"100 מ""ל",false,,7.90,0.0232,true,1,498724
7290116931074,false,פרוסות טל העמק 32% 300 גרם,"תנובה בע""מ",IL,גבינת טל העמק 32% שו,גרמים,300.00,100 גרם,false,,28.90,0.0963,true,1,470830
7290117260470,false,גבינה בולגרית מעודנת למריחה עם שום 5% שומן 200 ג' יורו,,,גבינה בולגרית מעודנת,גרמים,200.00,100 גרם,false,,13.90,0.0695,true,1,461493
7290117860236,false,"הוואי - קרם רחצה בניחוח ויולה ורודה 700 מ""ל",הוואי,,תחליב רחצה בניחוח וי,מיליליטרים,700.00,"100 מ""ל",false,,15.90,0.0227,true,1,493453
7290117860380,false,"תחליב רחצה יוגורט בניחוח אלוורה 700 מ""ל הוואי",הוואי,,תחליב רחצה יוגורט בנ,מיליליטרים,700.00,"100 מ""ל",false,,15.90,0.0227,true,1,493456
7290117860847,false,"הוואי רעננות מושלמת לגבר לשיער, גוף, פנים וזקן",קריות זול,,שמפו 4 ב 1 לגבר רעננ,מיליליטרים,700.00,"100 מ""ל",false,,15.90,0.0227,true,1,494909
7290117900932,false,גרעיני אבטיח קלויים,,,גרעיני אבטיח קלויים,גרמים,130.00,100 גרם,false,,10.90,0.0838,true,1,452205
7290117900956,false,תערובת פיצוחים קלויי,,,תערובת פיצוחים קלויי,גרמים,180.00,100 גרם,false,,15.90,0.0883,true,1,452207
7290117900963,false,בוטנים קלויים 270 גר,,,בוטנים קלויים 270 גר,גרמים,270.00,100 גרם,false,,10.90,0.0404,true,1,452208
7290117900970,false,שקדים קלויים 180 גר,,,שקד קלוי 180 גרם,גרמים,180.00,100 גרם,false,,15.90,0.0883,true,1,452209
7290117901007,false,פיסטוק קלוי 130 גרם,,,פיסטוק קלוי 130 גרם,גרמים,130.00,100 גרם,false,,15.90,0.1223,true,1,452212
7290117901021,false,קבוקים בוטנים מצופים,,,קבוקים בוטנים מצופים,גרמים,220.00,100 גרם,false,,10.90,0.0495,true,1,452214
7290117901038,false,אגוזי מלך קלופים 190,,,אגוז מלך קלוף 190 גר,גרמים,190.00,100 גרם,false,,15.90,0.0837,true,1,452215
7290117901045,false,בוטן רביולי 200 גרם,,,בוטן רביולי 200 גרם,גרמים,200.00,100 גרם,false,,15.90,0.0795,true,1,452216
7290118420071,false,במבה ביסלי ברביקיו מיקס 80ג' אסם,"אסם השקעות בע""מ",IL,במבה ביסלי ברביקיו מ,גרמים,80.00,100 גרם,false,,5.90,0.0738,true,1,484498
7290118420378,false,פתיבר פינוקים בטעם תותים בשמנת - חלבי,קריות זול,IL,פתי בר פינוקים תותים,גרמים,220.00,100 גרם,false,,11.90,0.0541,true,1,484755
7290118420477,false,בייגלה שטוחים בטעם ביסלי בצל 300ג' אסם,אסם,IL,בייגלה שטוחים בטעם ב,גרמים,300.00,100 גרם,false,,11.90,0.0397,true,1,484771
7290119460007,true,דקל עץ 12,,,דקל עץ 12,יחידה,0.00,יחידה,false,,19.90,0.0000,true,1,516991
7290119460014,true,רקפת עץ 13,,,רקפת עץ 13,יחידה,0.00,יחידה,false,,24.90,0.0000,true,1,517009
7290119460021,true,ניצנית קלנדיבה מיקס,,,ניצנית קלנדיבה מיקס,יחידה,0.00,יחידה,false,,19.90,0.0000,true,1,517010
7297488098152,false,דגש קמח חומוס ללא גל,אף.סי תבליני בגליל ב,IL,דגש קמח חומוס ללא גל,גרמים,500.00,100 גרם,false,,18.00,0.0360,true,1,50562
7297488098169,false,דגש קמח תירס ללא גלו,תבליני העליון 2007 ב,IL,דגש קמח תירס ללא גלו,גרמים,500.00,100 גרם,false,,11.90,0.0238,true,1,50563
7297488099968,false,גבינה טבעונית מלוחה,"טרופיקל דגיל בע""מ אז",IL,מלוחה 16% מרכיבים צמ,גרמים,250.00,100 גרם,false,,20.90,0.0836,true,1,357194
7501064191398,false,שישיית בירה קורונה אקסטרא *355 מל,קריניציה ויטמינה אס,MX,קורונה מארז שישיה 6*,ליטרים,2.13,ליטר,false,,39.90,18.7324,true,1,145947
7610100034084,false,מיונז טומי בשפורפרת,נסטלה שוויץ ס.א,US,מיונז טומי 265 גרם,גרמים,265.00,100 גרם,false,,15.90,0.0600,true,1,78230
7610400075770,false,שוקולד מריר עם אגוזי לוז שלמים,לינדט ושפרונגלי,CH,לינדט לה גרנד מריר ע,גרמים,150.00,100 גרם,false,,24.90,0.1660,true,1,109533
7610400075787,false,שוקולד חלב עם אגוזי לוז שלמים,"לינדט ושפרונגלי, קיל",CH,לינדט לה גרנד חלב עם,גרמים,150.00,100 גרם,false,,24.90,0.1660,true,1,109534
7613032045753,false,פיטנס - דגני בוקר שוקולד 375 גרם,נסטלה צרפת איטנקורט,FR,דגני פיטנס שוקולד נס,גרמים,375.00,100 גרם,false,,22.90,0.0611,true,1,21835
7613035807778,false,פרפקטו רוטב עגבניות לבולונז 400 ג' אסם,אסם פרפקטו Perfecto,ES,פרפקטו רוטב עגבניות,גרמים,400.00,100 גרם,false,,10.90,0.0273,true,1,21878
7613035809109,false,פרפקטו רוטב עגבניות ובזיליקום 400 ג'אסם,אסם פרפקטו Perfecto,ES,פרפקטו רוטב עגבניות,גרמים,400.00,100 גרם,false,,10.90,0.0273,true,1,21879
7613036520492,false,פרפקטו רוטב עגבניות לפיצה 400 ג',אסם פרפקטו Perfecto,ES,פרפקטו רוטב עגבניות,גרמים,400.00,100 גרם,false,,10.90,0.0273,true,1,117027
7613036710879,false,מארז מיני חטיפי קיט קט צ'אנקי Kit Kat Chanky,נסטלה Nestle,,קיט קט צ'אנקי מיני 1,גרמים,194.00,100 גרם,false,,10.90,0.0562,true,1,133686
7613036880534,false,גרבר מחית ירקות מעורבים מטרנה 190 גר',נסטלה פולסקה אס.איי,PL,גרבר מחית מרק ירקות,גרמים,190.00,100 גרם,false,,6.90,0.0363,true,1,194034
7613038268262,false,דגני בוקר צ'יריוס דבש ושקדים במתיקות מעודנת,נסטלה פולין דגני בוק,FR,האני נאט ציריוס מופח,גרמים,410.00,100 גרם,false,,21.90,0.0534,true,1,213893
7613039770450,false,סנסשיונל בורגר טבעול 226 ג',ג'נרל מילס סאן אדריא,IL,בורגר צמחוני טבעוני,גרמים,226.00,100 גרם,false,,35.90,0.1588,true,1,271172
7613287302373,false,קפסולות סטארבקס איטלאן סטייל רוסט 57*10גר',נסטלה שוויץ - קפה,IL,קפסולות סטארבקס איטל,גרמים,56.00,100 גרם,false,,22.90,0.4089,true,1,309476
7613287394323,false,אסם מולטי צ'יריוס 14*600 גרם 2021,פרומבראפ - אנגליה,GB,מולטי צ'יריוס 100% ד,גרמים,600.00,100 גרם,false,,23.90,0.0398,true,1,324717
7613287476678,false,דגני בוקר סינימיניס צ'ורוס נסטלה 360 ג',נסטלה אוונקה,PT,סינימיניס צ'ורוס 360,גרמים,360.00,100 גרם,false,,27.90,0.0775,true,1,333704
7613287821348,false,נתחוני עוף טבעוני סנסשיונל טבעול 350 ג',ג'נרל מילס סאן אדריא,CZ,נתחוני עוף טבעוני סנ,גרמים,350.00,100 גרם,false,,31.90,0.0911,true,1,380046
7622010001858,false,עוגיות אוראו ממולאות קרם וניל 176 ג',פי אר ג'יי אס אי מנד,UA,עוגיות אוראו סנדביץ,גרמים,176.00,100 גרם,false,,10.50,0.0597,true,1,5877
7622201137052,false,אוראו מיני קוקיס - עוגיות שוקולד צ'יפס ותחתית מצופה שוקולד חלב,מונדלז אספנה גלטאס פ,ES,מיני קוקיז מילקה 110,גרמים,110.00,100 גרם,false,,9.90,0.0900,true,1,371090
7622201139278,false,גבינת שמנת 27% שומן 150 ג' פילדלפיה,מיודלז אספניה פרודוק,ES,פילדלפיה גבינת שמנת,גרמים,150.00,100 גרם,false,,15.90,0.1060,true,1,213132
7622201801809,false,מילקה- שוק' חלב עם אגוזים 100 גר' חדש,מנדלז דויצ'לנד סנקס,DE,מילקה שוקוד חלב עם א,גרמים,100.00,100 גרם,false,,7.90,0.0790,true,1,338417
7622201808631,false,מיני עוגיות אוראו במילוי קרם בטעם וניל,פי.טי. מונדלז אינדונ,ID,אוראו מיני כוסות בטע,גרמים,67.00,100 גרם,false,,10.90,0.1627,true,1,344156
7622210137234,false,עוגיות אוראו עם דאבל קרם וניל 170 ג',אוראו Oreo,,עוגיות סנדביץ אוראו,גרמים,170.00,100 גרם,false,,10.50,0.0618,true,1,67111
7622300489427,false,עוגיות אוראו בציפוי שוקולד לבן 246 גרם,מנדלז אספנה גאלטס פר,ES,אוראו פאג שוקולד לבן,גרמים,246.00,100 גרם,false,,21.90,0.0890,true,1,118548
7622300489434,false,"עוגיות אוראו פאדג' בציפוי שוקולד חלב, 246 גרם",מנדלז אספנה גאלטס פר,ES,אוראו פאג שוקולד חלב,גרמים,246.00,100 גרם,false,,21.90,0.0890,true,1,118549
7622300503079,false,מילקה מוו - ביסקוויט מצופה שוקולד חלב 200 ג',מונדלז פולסקה פרודקש,PL,מילקה מוו - ביסקוויט,גרמים,200.00,100 גרם,false,,14.90,0.0745,true,1,118550
7622300617820,false,שוקלד מילקה טבלת חלב אוראו 100ג',מנדלז דויצ'לנד סנקס,DE,מילקה שוקולד אוראו 1,גרמים,100.00,100 גרם,false,,7.90,0.0790,true,1,5897
7630477891592,false,קפסולות האוס בלנד לונגו עוצמה 8 - 10 יח',נסטלה שוויץ - קפה,CH,קפסולות האוס בלנד סט,גרמים,57.00,100 גרם,false,,22.90,0.4018,true,1,275829
7630477891639,false,קפסולות קפה ורונה עוצמה 10 - 10 יח',נסטלה שוויץ - קפה,CH,סטארבקס קפסולות ורונ,גרמים,55.00,100 גרם,false,,22.90,0.4164,true,1,265593
7630477891691,false,סטארבקס - קפסולות קולומביה 57 גרם * 10,נסטלה שוויץ - קפה,IL,סטארבקס קפסולות קולו,גרמים,57.00,100 גרם,false,,22.90,0.4018,true,1,265594
7630477891714,false,סטארבקס - קפסולות אספרסו 57 גרם * 10,נסטלה שוויץ - קפה,CH,קפסולות אספרסו סטארב,גרמים,57.00,100 גרם,false,,22.90,0.4018,true,1,275831
7792860006218,false,סוכריות לקקנים בייבי דול Baby Doll לריטר,גוד פוד פרודקטס S.p,AR,בייבי דול לקקן 20גר,גרמים,24.00,100 גרם,false,,2.90,0.1208,true,1,14829
7800601801159,false,סביבון מכני ברשת אורות,,,סביבון מכני אורות בר,יחידה,0.00,יחידה,false,,9.90,0.0000,true,1,198374
7897654496197,true,חנוכייה מתכת,,,חנוכייה מתכת,יחידה,0.00,יחידה,false,,19.90,0.0000,true,1,365460
8000070064553,false,קפסולות קפה אורו 120 ג' AMM8 לוואצה,Unknown,,קפסולת LAVAZZA ROSSA,גרמים,120.00,100 גרם,false,,29.90,0.2492,true,1,472780
8000070064577,false,קפסולות קפה לוואצה קוואליטה אורו חוזק 8,לוואצה Lavazza,,קפסולת LAVAZZA ORO ר,גרמים,120.00,100 גרם,false,,29.90,0.2492,true,1,472781
8000070081000,false,קפסולות קפה לוואצה הרמניקו 50 ג' 8,לאוג'י לוואצה אס.פי.,IT,לוואצ'ה קפסולות קפה,גרמים,50.00,100 גרם,false,,20.90,0.4180,true,1,136602
8000215204240,false,משקה אורז עם שקדים אורגני,בטר אנד דיפרנט,IT,משקה שקדים ואורז אור,ליטרים,1.00,ליטר,false,,15.90,15.9000,true,1,59156
8000380003723,false,גרנד פטיסרי עוגיות וופל אגוזים 100ג',קריניציה ויטמינה אס,IT,גרנד פטיסרי ופל אגוז,גרמים,100.00,100 גרם,false,,13.40,0.1340,true,1,119224
8000380004676,false,קוביות וופל סנדוויץ Sandwich עם וניל וחלב,"א. לואקר, קונפקט ג'י",AT,לואקר וופל קרם וניל,גרמים,200.00,100 גרם,false,,13.90,0.0695,true,1,14057
8000380004966,false,וופל קוארדטיני לואקר קוביות שוקולד 250ג',קריניציה ויטמינה אס,AT,וופל קואדרטיני קקאו,גרמים,250.00,100 גרם,false,,15.50,0.0620,true,1,14062
8000380144044,false,וופל גרדנה לואקר שוקולד 200ג',"א. לואקר , AG/SpA, ו",IT,וופל גרדנה שוקולד 20,גרמים,200.00,100 גרם,false,,14.90,0.0745,true,1,119241
8000380153534,false,מארז וופל שוקולד טורטינה Tortina שוקולד לבן,לואקר Loacker,IT,טורטינה לבן 125 גרם,גרמים,125.00,100 גרם,false,,18.50,0.1480,true,1,119247
8000380180721,false,וופל לואקר קקאו וקרם חלב 175ג',קריניציה ויטמינה אס,AT,וופל לואקר קלאסיק שו,גרמים,175.00,100 גרם,false,,12.90,0.0737,true,1,119251
8000380180745,false,קוביות וופל קואדרטיני קקאו במילוי קר חלב,"א. לואקר, קונפקט ג'י",AT,וופל קואדרטיני לואקר,גרמים,250.00,100 גרם,false,,15.50,0.0620,true,1,119252
8000380187249,false,עוגיות עם מילוי קרם שקדים ושוקולד חלב,לואקר Loacker,AT,עוגיות לואקר שקדים 1,גרמים,100.00,100 גרם,false,,15.90,0.1590,true,1,269820
8000380187300,false,עוגיות פתיתי שוקולד 120 ג'-לואקר,לואקר Loacker,AT,עוגיות לואקר פתיתי ש,גרמים,120.00,100 גרם,false,,15.90,0.1325,true,1,269821
8000380192243,false,וופלים לואקר מקסי בטעם אגוז 200 גר',לואקר Loacker,AT,וופל לואקר מקסי אגוז,גרמים,200.00,100 גרם,false,,14.90,0.0745,true,1,139012
8000500023624,false,חטיפי הפי היפו Happy Hippo במילוי קרם חלב וקקאו,קינדר Kinder,DE,הפי היפו 5*20ג,גרמים,102.00,100 גרם,false,,14.90,0.1461,true,1,14107
8000500023976,false,בונבוניירת רפאלו Raffaello,קריות זול,PL,בונבוניירת רפאלו 150,גרמים,150.00,100 גרם,false,,18.90,0.1260,true,1,48738
8000500026731,false,שוקולד ביצי הפתעה קינדר שלישייה,קריות זול,IT,קינדר ביצי שוקולד 3*,גרמים,60.00,100 גרם,false,,16.90,0.2817,true,1,48739
8000500029350,false,מארז וופל מצופה 3יח' *43 גרם קינדר בואנו,קינדר Kinder,PL,קינדר בואנו 3*43 גרם,גרמים,129.00,100 גרם,false,,12.90,0.1000,true,1,48740
8000500071083,false,אצבעות שוקולד קינדר Kinder שש עשרה יחידות,קינדר Kinder,IT,קינדר אצבעות שוקולד,גרמים,200.00,100 גרם,false,,15.90,0.0795,true,1,48743
8000500075708,false,ביצי שוקולד הפתעה קינדר ג'וי כחול בנים שלישיה,קריות זול,ZA,קינדר גוי 1/3 כחול 3,גרמים,60.00,100 גרם,false,,16.90,0.2817,true,1,48744
8000500121436,false,מארז קינדר בואנו Kinder Bueno לבן שלוש יחידות,קינדר Kinder,PL,קינדר בואנו לבן 3*43,גרמים,117.00,100 גרם,false,,12.90,0.1103,true,1,48745
8000500126325,false,ביצי שוקולד הפתעה קינדר ג'וי ורוד בנות שלישיה,קריות זול,ZA,קינדר גוי 1/3 ורוד 3,גרמים,60.00,100 גרם,false,,16.90,0.2817,true,1,48746
8000500227848,false,נוטלה - בי רדי אצבעות ביסקוויט במילוי שוקולד 6 יח' * 22 גרם,Unknown,,'וופל מלוח במילוי ממ,גרמים,132.00,100 גרם,false,,13.90,0.1053,true,1,125215
8000500267103,false,קינדר דליס שוקול' אישי מארז 10 יח' 420 גר',קינדר Kinder,,פררו-קינדר דליס עשיר,יחידה,0.00,יחידה,false,,21.90,0.0000,true,1,130563
8000500294345,false,שוקולד איש שלג פררו,,,פררו איש שלג 90 גרם,גרמים,90.00,100 גרם,false,,14.90,0.1656,true,1,198337
8000500360262,false,שוקולד קינדר חנוכיה.,,,קינדר חנוכיה 135 גרם,גרמים,135.00,100 גרם,false,,18.90,0.1400,true,1,269917
8000500366073,true,ביסקוויטים במילוי נו,,,ביסקוויטים במילוי נו,גרמים,276.00,100 גרם,false,,22.90,0.0830,true,1,509119
8001090336491,false,טיטולי פמפרס בייבי דריי מידה 4+ 31 יח',פרוקטר אנד גמבל,DE,פמפרס בייבי דריי מיד,יחידה,0.00,יחידה,false,,33.90,0.0000,true,1,197033
8001090493637,false,"הד אנד שולדרס שמפו אולטרא טוטאל קר 450 מ""ל",הד אנד שולדרס H&S,,שמפו אולטרא טוטאל קר,מיליליטרים,450.00,"100 מ""ל",false,,19.90,0.0442,true,1,95706
8001090899224,false,תחבושות אולוויז פלטינום לונג 20 יח',אולוויז Always,,תחבושות פלטינום לונג,יחידה,0.00,יחידה,false,,23.90,0.0000,true,1,181743
8001090899286,false,תחבושות אולוויז פלטינום לילה בטוח 14 יח',אולוויז Always,,תחבושות פלטינום לילה,יחידה,0.00,יחידה,false,,23.90,0.0000,true,1,181745
8001160001786,false,"משקה אנרגיה גטורייד ספורט כחול 500מ""ל",סאן בנדטו אס פי איי,IT,גטורייד ספורט כחול 5,יחידה,500.00,יחידה,false,,10.40,0.0208,true,1,43197
8001160001892,false,"משקה אנרגיה גטורייד ספורט תפוז אדום 500מ""ל",פפסיקו בוואדג' איטלי,IT,גטורייד ספורט תפוז א,מיליליטרים,500.00,"100 מ""ל",false,,10.40,0.0208,true,1,43198
8001505001105,false,ממרח אגוזי לוז אורגנ,,,ממרח אגוזי לוז אורגנ,גרמים,270.00,100 גרם,false,,22.90,0.0848,true,1,273577
8001620018408,false,"משקה פירות בטעם מנגו תפוח 400 מ""ל פרוטה",אקווה מינרלה סאן בנד,IT,סן בנדטו מנגו תפוח פ,מיליליטרים,400.00,"100 מ""ל",false,,8.50,0.0213,true,1,394486
8001841625287,false,סבון כלים פלטינום לימון X3 פעולות להסרת שומנים,פרוקטר אנד גמבל,TR,פיירי נוזל כלים פלטי,ליטרים,1.01,ליטר,false,,18.90,18.7129,true,1,236490
8001841625362,false,"נוזל כלים בניחוח לימון פלטינום 780 מ""ל פיירי",,,פיירי נוזל כלים פלטי,מיליליטרים,780.00,"100 מ""ל",false,,14.90,0.0191,true,1,439350
8001841625461,false,סבון כלים פלטינום X3 פעולות להסרת שומנים,פרוקטר אנד גמבל,GB,פיירי נוזל כלים פלטי,מיליליטרים,515.00,"100 מ""ל",false,,10.90,0.0212,true,1,236491
8001841664026,false,פיירי נוזל כלים פיר,,,פיירי נוזל כלים פיר,מיליליטרים,900.00,"100 מ""ל",false,,12.90,0.0143,true,1,456435
8001943549122,false,"צ'וקטה מטבעות שוקולד חלב, 40 גרם",צ'וקטה Chocketa,,צ`וקטה מטבעות שוקולד,גרמים,40.00,100 גרם,false,,4.90,0.1225,true,1,97050
8002230000012,false,מארז משקה קוקטייל אפ,אלכוהול (איי.בי.בי),,ליקר אפרול אפריטיבו,ליטרים,1.00,ליטר,false,,109.90,109.9000,true,1,83658
8002270436581,false,סאן פלגרינו מים מוגז,סן-פלגרינו,,סאן פלגרינו מים מוגז,ליטרים,3.00,ליטר,false,,35.70,11.9000,true,1,148096
8002270866524,false,סאן פלנגרינו מים מינ,סן פלגרינו San Pellegrino,IT,סאן פלנגרינו מים מינ,ליטרים,1.00,ליטר,false,,8.90,8.9000,true,1,10387
8003130129544,false,חטיף ציפס 50 גרם,,,חטיף ציפס 50 גרם,גרמים,50.00,100 גרם,false,,6.90,0.1380,true,1,458712
8003753900438,false,קפה טחון לאספרסו קליה בינונית,קפה לנדוור,IL,אילי אספרסו טחון בפח,גרמים,250.00,100 גרם,false,,49.90,0.1996,true,1,21887
8004030344938,false,טונה בשמן זית ריו מרה שלישיה * 80 ג',"בולטון אלימנטרי בע""מ",IT,טונה בשמן זית ריו מר,גרמים,240.00,100 גרם,false,,32.90,0.1371,true,1,23776
8005110002243,false,רכז עגבניות Doppio Concentr בשפופרת 185 ג' MUTTI,"איי, בי, אינבוו",IT,תרכיז MUTTI עגבניות,גרמים,185.00,100 גרם,false,,8.90,0.0481,true,1,263349
8005110170300,false,עגבניות מרוסקות חתוכות מוטי MUTTI שלישיה *400,מוטי Mutti,IT,עגבניות MUTTI מרוסקו,קילוגרמים,1.20,"ק""ג",false,,18.90,15.7500,true,1,168320
8005200316588,false,משקה תה דיאט בטעם אפרסק 1.5ל' NESTEA,מפעל סאנפלגרינו s.p.,IT,נסטי דיאט אפרסק 1.5,ליטרים,1.50,ליטר,false,,11.50,7.6667,true,1,370392
8005803010357,false,אמור די פאן - קלאסי 125 גרם,"אינסטנטה בע""מ",IT,גריסיני בטעם קלאסי 1,גרמים,125.00,100 גרם,false,,8.50,0.0680,true,1,119256
8005803010371,false,מקלות גריסיני עם רוזמרין,"אינסטנטה בע""מ",IT,גריסיני עם רוזמרין 1,גרמים,125.00,100 גרם,false,,8.50,0.0680,true,1,119257
8005803010661,false,אמור די פאן - שומשום 125 גרם,"הוסטה איטליה, ס.ר.ל.",IT,גריסיני עם שומשום 12,גרמים,125.00,100 גרם,false,,8.50,0.0680,true,1,119259
8008620009313,false,קריץ-קרקר מלוח 250 ג',,,קרקר מלוח 250 גרם קר,גרמים,250.00,100 גרם,false,,9.90,0.0396,true,1,460353
8008912010034,false,ספגטי ליגורי 500 גר',,,פסטה ספגטי מספר 3 -,גרמים,500.00,100 גרם,false,,8.90,0.0178,true,1,450462
8008912010072,false,ספגטי לינגוויני 500ג ליגורי,,,פסטה לינגוויני מספר,גרמים,500.00,100 גרם,false,,8.90,0.0178,true,1,450463
8008912010270,false,פסטה קסרצ'ה 500ג ליגורי,ליגורי LIGUORI,,פסטה קסרצ'ה מספר 27,גרמים,500.00,100 גרם,false,,8.90,0.0178,true,1,450464
8008912010331,false,פסטה ניוקטי סרדי בצורת קונכיות מס' 33,ליגורי LIGUORI,,פסטה ניוקטי סרדי בצו,גרמים,500.00,100 גרם,false,,8.90,0.0178,true,1,490485
8008912010423,false,פסטה פנה ריגטה 500 ג ליגורי,ליגורי LIGUORI,,פסטה פנה ריגטה מספר,גרמים,500.00,100 גרם,false,,8.90,0.0178,true,1,450467
8015997000911,false,מאריני- בישקוטים 200 ג',Biscottificio Verona,,בישקוטים פריכים 200,גרמים,200.00,100 גרם,false,,7.90,0.0395,true,1,460370
8017938005122,false,חומץ תפוחים אורגני 7,מריה לוצ'יה מלצ'יורי,IT,חומץ תפוחים אורגני 7,מיליליטרים,750.00,"100 מ""ל",false,,20.80,0.0277,true,1,273052
8023788030610,false,שוקולד חלב 300 גרם,,,שוקולד חלב 300 גרם,גרמים,300.00,100 גרם,false,,19.90,0.0663,true,1,470988
8023788030634,false,שוקולד חלב עם שברי א,,,שוקולד חלב עם שברי א,גרמים,300.00,100 גרם,false,,19.90,0.0663,true,1,470990
8023788030658,false,עוגיות מלוחות בטעם ט,,,עוגיות מלוחות בטעם ט,גרמים,400.00,100 גרם,false,,14.90,0.0373,true,1,489456
8023788030665,false,עוגיות מלוחות בטעם ב,,,עוגיות מלוחות בטעם ב,גרמים,400.00,100 גרם,false,,14.90,0.0373,true,1,489457
8023788030689,false,עוגיות מלוחות בטעם ע,,,עוגיות מלוחות בטעם ע,גרמים,400.00,100 גרם,false,,14.90,0.0373,true,1,489876
8024985000086,false,מחית תפוח בננה אורגנ,"נטורפוד בע""מ",IT,נטורה נובה - מחית תפ,גרמים,200.00,100 גרם,false,,10.50,0.0525,true,1,273437
8024985002943,false,סמוזי נטורה נובה תפו,נטורה נובה,IT,נטורה נובה - סמוזי ת,גרמים,100.00,100 גרם,false,,6.50,0.0650,true,1,273403
8024985003988,false,סמוצ'י בטעם תפוח בננה אורגני,נטורה נובה Natura Nuova,IT,נטורה נובה - סמוזי ת,גרמים,100.00,100 גרם,false,,6.50,0.0650,true,1,273404
8024985008037,false,סמוזי נטורה נובה תפו,"נטורפוד בע""מ",IT,נטורה נובה - סמוזי ת,גרמים,100.00,100 גרם,false,,6.50,0.0650,true,1,273405
8076800105056,false,פסטה ספגטי בקופסה בר,ברילה Barilla,,פסטה ספגטי בקופסה בר,קילוגרמים,1.00,"ק""ג",false,,14.90,14.9000,true,1,470812
8076800195019,false,ברילה - צ.א ספגטי מס1 קפליני 500 גרם,ברילה גי.אי.אר פרטלי,IT,ספגטי קפליני מס' 1 ב,גרמים,500.00,100 גרם,false,,8.90,0.0178,true,1,23780
8076800195033,false,ברילה - צ.א ספגטיני מס3 חדש 500 גרם,ברילה גי.אי.אר פרטלי,IT,ספגטי מס' 3 ברילה 50,גרמים,500.00,100 גרם,false,,8.90,0.0178,true,1,69217
8076800195057,false,ברילה - צ.א ספגטי מס5 חדש 500 גרם,ברילה גי.אי.אר פרטלי,IT,ספגטיני מס' 5 ברילה,גרמים,500.00,100 גרם,false,,8.90,0.0178,true,1,69218
8076800315097,false,ברילה - צ.א בוקטיני מס9 500 גרם,ברילה גי.אי.אר פרטלי,IT,ספגטי בוקטיני מס' 9,גרמים,500.00,100 גרם,false,,8.90,0.0178,true,1,69220
8076802085738,false,ברילה - צ.ק פנה רגטה חדש 500 גרם,ברילה גי.אי.אר פרטלי,IT,פנה רגטה מס' 73 בריל,גרמים,500.00,100 גרם,false,,8.90,0.0178,true,1,23786
8076802085981,false,ברילה - צ.ק פוזילי חדש 500 גרם,ברילה גי.אי.אר פרטלי,IT,פסטה פוזילי 98 ברילה,גרמים,500.00,100 גרם,false,,8.90,0.0178,true,1,23789
8076808050440,false,ברילה פסטה מקרוני מס 44 500 גר,ברילה Barilla,IT,פסטה מקרוני מס' 44 ב,גרמים,500.00,100 גרם,false,,8.90,0.0178,true,1,120318
8076808060654,false,ברילה - צ.ק פרפלה חדש 500 גרם,ברילה גי.אי.אר פרטלי,IT,פסטה פרפלה 65 ברילה,גרמים,500.00,100 גרם,false,,8.90,0.0178,true,1,23791
8076808150072,false,ברילה - צ.א ספגטוני מס7 חדש 500 גרם,ברילה גי.אי.אר פרטלי,IT,ספגטי מס' 7 ברילה 50,גרמים,500.00,100 גרם,false,,8.90,0.0178,true,1,23793
8076809501415,false,ברילה פנה טריקולור מס' 78 500גר,ברילה Barilla,IT,ברילה פסטה פנה טריקו,גרמים,500.00,100 גרם,false,,15.90,0.0318,true,1,120319
8076809512268,false,ברילה - צ.ק גירנדולה חדש 500 גרם,ברילה גי.אי.אר פרטלי,IT,פסטה גירנדולה מס' 34,גרמים,500.00,100 גרם,false,,8.90,0.0178,true,1,23795
8076809513388,false,ברילה - רוטב ארביאטה 400 גרם,ברילה גי.אי.אר פרטלי,IT,ברילה רוטב ארביאטה 4,גרמים,400.00,100 גרם,false,,16.90,0.0422,true,1,23796
8076809523738,false,פסטה ברילה לזניה 500ג',ברילה גי.אי.אר פרטלי,IT,לזניה ברילה 500 גרם,גרמים,500.00,100 גרם,false,,28.90,0.0578,true,1,23806
8076809576352,false,ברילה לזניה ללא גלוטן 250 ג',ברילה גי.אי.אר פרטלי,IT,לזניה ללא גלוטן בריל,גרמים,500.00,100 גרם,false,,22.90,0.0458,true,1,309148
8076809578998,false,ברילה - צ.ק. סטלינה 500 גרם,ברילה Barilla,,פסטה סטלינה מס' 27,גרמים,500.00,100 גרם,false,,8.90,0.0178,true,1,316335
8410104039134,false,"פיניש מנקה ומחדש מדיח 250מ""ל",הדקלאים אגודת שיתופי,PL,פיניש מנקה ומחדש מדי,מיליליטרים,250.00,"100 מ""ל",false,,17.90,0.0716,true,1,23033
8410128768324,false,משקה סויה שקדים קרטונית1 ל' ויוה סוי,ויוה סוי Viva Soy,,ויוה סוי שקדים קרטונ,ליטרים,1.00,ליטר,false,,12.90,12.9000,true,1,222261
8410376006070,false,בסקוויט גולון מריה 800 ג',,,גולון ביסקויט מריה 8,גרמים,800.00,100 גרם,false,,12.90,0.0161,true,1,119785
8423207206488,false,מרבה סלים דליס שוקולד חלב חדש,אף.סי תבליני בגליל ב,ES,סלים דליס חטיף דגנים,גרמים,120.00,100 גרם,false,,13.90,0.1158,true,1,23823
8423207208888,false,פריכיות תירס בטעם עגבניות ועשבי תיבול סלים דליס 123 ג',סלים דליס Slim Delis,,פריכיות תירס בטעם עג,גרמים,123.00,100 גרם,false,,10.90,0.0886,true,1,65009
8423207208895,false,פריכיות תירס בטעם זיתים ועירית סלים דליס 123 ג',סלים דליס Slim Delis,,פריכיות תירס זיתים ו,גרמים,123.00,100 גרם,false,,10.90,0.0886,true,1,65105
8423207210980,false,סלים דליס טופינג קליפת תפוז 90 ג',מרבה,ES,סלים דליס טופינג קלי,גרמים,90.00,100 גרם,false,,13.90,0.1544,true,1,249767
8424842050016,false,חטיף צ'יפס בטעם כמהי,,,חטיף צ'יפס בטעם כמהי,גרמים,130.00,100 גרם,false,,13.90,0.1069,true,1,402211
8424842050085,false,ציפס רוביו חרדל ודבש,,,חטיף צ'יפס דבש וחרדל,גרמים,125.00,100 גרם,false,,13.90,0.1112,true,1,402213
8425206000081,false,ריבת חלב מרדל 450 גר,כלורוקס אוקלנד,ES,מרדל ריבת חלב 450 גר,גרמים,450.00,100 גרם,false,,21.90,0.0487,true,1,4323
8606018615827,false,גלידת וניל עם שברי עוגיות אוראו 480 ג',נסטלה,IL,גלידת וניל עם שברי ע,מיליליטרים,300.00,"100 מ""ל",false,,13.90,0.0463,true,1,503133
8606018615841,false,גלידת וניל עם ליבת שוקולד חלב 480 ג' מילקה,נסטלה,IL,פיינט מילקה וניל ליב,מיליליטרים,300.00,"100 מ""ל",false,,13.90,0.0463,true,1,503116
8683130008935,false,ממרח קטשיונז הלמנס ל,יוניליוור ישראל שיוו,TR,ממרח קטשיונז הלמנס 4,גרמים,425.00,100 גרם,false,,16.90,0.0398,true,1,484532
8690504153740,false,שוקולד מריר במילוי קרם בטעם שוקולד מריר,ביסקוט ביסקווי סילבר,TR,טבלת שוקולד מריר עם,גרמים,86.00,100 גרם,false,,15.90,0.1849,true,1,128783
8690637007705,false,מסטיגם וניל מסטיק על מקל ללא סוכר,"מיוצר ע""י יוניליוור",TR,שלגון מסטיגם בטעם ונ,גרמים,80.00,100 גרם,false,,6.90,0.0863,true,1,136942
8690637704390,false,"מרכך לשיער רגיל 600 מ""ל דאב",יוניליוור טורקיה. אז,TR,מרכך יום יומי דאב 60,מיליליטרים,600.00,"100 מ""ל",false,,19.90,0.0332,true,1,11781
8690637858734,false,"סיף - ג'ל אקונומיקה לימון 750 מ""ל",יונילוור טורקיה,TR,סיף ג'ל אקונומיקה לי,מיליליטרים,750.00,"100 מ""ל",false,,14.90,0.0199,true,1,128324
8690637946301,false,"בדין - מרכך כביסה אקסטרא בייביי כחול 960 מ""ל",יוניליוור סנאיי וי ט,TR,בדין אקסטרה בייבי כ,מיליליטרים,960.00,"100 מ""ל",false,,17.90,0.0186,true,1,218436
8690766156374,false,שוקולד גודייבה מריר 72% מוצרי קקאו 90 גר,"אולקר מקבוצת פלאדיס,",TR,גודייבה שוקולד מריר,גרמים,90.00,100 גרם,false,,16.90,0.1878,true,1,240356
8690766156404,false,שוקולד מריר מעולה בטעם תפוז אדום 90ג',גודייבה,TR,גודייבה שוקולד מריר,גרמים,90.00,100 גרם,false,,16.90,0.1878,true,1,251802
8690777206051,false,חצילים קלויים על האש סארה 650 גר',קוראהן פזלרמה וי דיס,TR,חציל קלוי על האש סרה,גרמים,650.00,100 גרם,false,,14.90,0.0229,true,1,3813
8690777221405,false,פלפל אדום קלוי על האש סארה 650גרם,קוראהן פזלרמה וי דיס,TR,פלפל אדום קלוי על הא,גרמים,650.00,100 גרם,false,,14.90,0.0229,true,1,3814
8690946270074,false,פסטה ספגטי 500 גרם B,,,פסטה ספגטי 500 גרם B,גרמים,500.00,100 גרם,false,,4.90,0.0098,true,1,490745
8690946270111,false,פסטה פוזלי 500 גרם B,,,פסטה פוזלי 500 גרם B,גרמים,500.00,100 גרם,false,,4.90,0.0098,true,1,490746
8690946270241,false,פסטה קונכיות גדולות,,,פסטה קונכיות גדולות,גרמים,500.00,100 גרם,false,,4.90,0.0098,true,1,490747
8690946272207,false,פסטה פנה 500 גרם BAH,,,פסטה פנה 500 גרם BAH,גרמים,500.00,100 גרם,false,,4.90,0.0098,true,1,490748
8690946272320,false,פסטה מקרוני 500 גרם,,,פסטה מקרוני 500 גרם,גרמים,500.00,100 גרם,false,,4.90,0.0098,true,1,490749
8691058141238,false,ערמונים שלמים קלויים וקלופים 100 ג' Avel,,,AVEL ערמונים שלמים ק,גרמים,100.00,100 גרם,false,,4.90,0.0490,true,1,135596
8697530910743,false,סיגריות פאל מאל כחול קצר מטאליק,Unknown,,פאל מאל בלו,יחידה,0.00,יחידה,false,,31.00,0.0000,false,1,4737
8697530910750,false,סיגריות פאל מאל כחול ארוך האוס,Unknown,,פאל מאל בלו ארוך,יחידה,0.00,יחידה,false,,31.00,0.0000,false,1,4738
8698996000207,false,מגבות נייר 1/6,,,מגבות נייר 1/6,מטרים,0.00,מטר,false,,11.90,0.0000,true,1,493001
8698996003413,false,נייר סופג 9=1 JUMB,,,נייר סופג 9=1 JUMB,יחידה,0.00,יחידה,false,,19.90,0.0000,true,1,470987
8710502064814,false,עוגיות שוקולד ציפס במרקם רך 175 ג',בנקטבקריי מרבה בי.וי,NL,מרבה עוגיות שוקוציפס,גרמים,175.00,100 גרם,false,,11.90,0.0680,true,1,23864
8710502470028,false,עוגיות שוקולד צ'יפס ממולאות בקרם נוגט,קריניציה ויטמינה אס,NL,מרבה עוגיות נוגטלי 1,גרמים,160.00,100 גרם,false,,11.90,0.0744,true,1,23875
8712000051099,false,"בירה הייניקן 0% אלכהול 330 מ""ל*6 יח'",פארייפאבה אגרואינדוס,NL,הייניקן בירה 0% בק',ליטרים,1.98,ליטר,false,,35.60,17.9798,true,1,143503
8712400802536,false,תרכובת מזון המשך לפעוטות על בסיס חלב שלב 3,פרוטרופיק סיה.,NL,נוטרילון שלב 3- 800,גרמים,800.00,100 גרם,false,,69.90,0.0874,true,1,5920
8714789177229,false,מברשת שיניים אקסטרה קלין מדיום - מארז רביעיה,הנסיך- מפעל לייצור ט,CN,מב.שיניים אקסטרא קלי,יחידה,0.00,יחידה,false,,11.90,0.0000,true,1,23878
8714789582764,false,אג'קס ספריי לניקוי חלונות ומשטחים,"ש. שסטוביץ בע""מ",GR,אגקס חלונות 750מל,מיליליטרים,750.00,"100 מ""ל",false,,15.90,0.0212,true,1,23898
8714789834467,false,פלמוליב נ.כלים 1.5 ליטר-מרכז,פלמוליב Palmolive,GR,פלמוליב נוזל כלים 1.,ליטרים,1.50,ליטר,false,,16.90,11.2667,true,1,23912
8715700110141,false,מיונז קרמי היינץ צנצנת 460ג',ה.י.היינץ הולדינג בי,NL,מיונז היינץ אמיתי צנ,גרמים,460.00,100 גרם,false,,12.90,0.0280,true,1,102321
8715700110158,false,מיונז לייט היינץ צנצנת 490 גר',ה.י.היינץ הולדינג בי,NL,מיונז היינץ לייט צנצ,גרמים,490.00,100 גרם,false,,12.90,0.0263,true,1,102322
8715700419732,false,מתבל עגבניות היינץ 7,ה.י. היינץ,NL,היינץ קטשופ 700 גרם,גרמים,700.00,100 גרם,false,,14.90,0.0213,true,1,6016
8715700423906,false,קטשופ מתובל עגבניות 50% פחות סוכר 555ג' היינץ,היינץ צפון אמריקה מק,NL,מתבל עגבניות היינץ 2,גרמים,555.00,100 גרם,false,,11.90,0.0214,true,1,116470
8718951159808,false,מברשות שיניים 360 מדיום- מארז שלישייה,קולגייט פלמוליב,CN,מארז שלישייה מברשת 3,יחידה,0.00,יחידה,false,,33.90,0.0000,true,1,89863
8718951236806,false,"קולגייט טוטאל הלבנה להסרת כתמים מהשן 100 מ""ל",קולגייט Colgate,PL,מש.שיניים להלבנה קול,מיליליטרים,100.00,"100 מ""ל",false,,18.90,0.1890,true,1,137808
8719200997998,false,מרגרינה למריחה בישול וטיגון 200 ג' בלו בנד,יוניליוור,IL,בלו בנד לבישול וטיגו,גרמים,200.00,100 גרם,false,,4.90,0.0245,true,1,198069
8719200998001,false,מרגרינה לאפיה ובישול בלי מלח 200 ג' בלו בנד,מיוצר עי קונדיטוריית,IL,בלו בנד ללא מלח 200,גרמים,200.00,100 גרם,false,,4.90,0.0245,true,1,198070
8719200998018,false,מחמאה מרגרינה בטעם חמאה 200 ג' בלו בנד,פארייפאבה אגרואינדוס,IL,מחמאה מרגרינה בטעם ח,גרמים,200.00,100 גרם,false,,5.50,0.0275,true,1,198071
8719200998032,false,מזולה גלורי טעם חמאה 250ג',פארייפאבה אגרואינדוס,IL,מזולה בטעם חמאה 250,גרמים,250.00,100 גרם,false,,10.90,0.0436,true,1,198101
8719200998100,false,מרגרינה בטעם חמאה לאפייה 200 ג' מזולה,פארייפאבה אגרואינדוס,IL,מזולה מרגרינה לאפייה,גרמים,200.00,100 גרם,false,,6.90,0.0345,true,1,198083
8720181046605,false,דאב - דאודורנט ספריי לאישה אורגינל כחול 150מל,יוניליוור,GB,דאו' ספריי אוריגינל,מיליליטרים,150.00,"100 מ""ל",false,,14.90,0.0993,true,1,275846
8723400756552,false,מארז סוכריות מנטוס Mentos ריינבואו,פרפטי ואן מלה ברדה,NL,RAINBOW רביעית סוכרי,גרמים,150.00,100 גרם,false,,11.90,0.0793,true,1,14191
8801055707966,false,קפה טייסטר צו'יס נס קפה בריסטה 180ג',נסטלה קוריאה - קפה,IL,נס קפה טייסטרס צ'ויס,גרמים,180.00,100 גרם,false,,33.90,0.1883,true,1,21909
8801055709434,false,קפה נמס טייסטר צ'ויס קולומביה 100 גר',לוטה נסטלה קוריאה,KR,נסקפה טייסטרס צ'ויס,גרמים,100.00,100 גרם,false,,25.90,0.2590,true,1,371178
8801055709458,false,אבקה להכנת משקה קפה בטעם קפוצ'ינו קרמל,נסטלה קוריאה - קפה,,נסקפה קפוצ'ינו קרמל,גרמים,170.00,100 גרם,false,,20.50,0.1206,true,1,451991
8850206280049,false,רוטב צ'ילי חריף צ'יל,,,רוטב צ'ילי חריף צ'יל,גרמים,250.00,100 גרם,false,,19.90,0.0796,true,1,470038
8850389105825,false,סאפה אלוורה ענבים 1ליטר,סאפה פובליק קומפני ל,TH,סאפה משקה אלוורה ענב,ליטרים,1.00,ליטר,false,,14.50,14.5000,true,1,10395
8850389105832,false,משקה אלוורה בטעם תפוחים,סאפה פובליק קומפני ל,TH,סאפה משקה אלוורה תפו,ליטרים,1.00,ליטר,false,,14.50,14.5000,true,1,10396
8850389105849,false,משקה אלוורה בטעם אפרסק,סאפה פובליק קומפני ל,TH,סאפה משקה אלוורה אפר,ליטרים,1.00,ליטר,false,,14.50,14.5000,true,1,10397
8850632604372,false,יוגטה מקלות חמוצות שטיח - תות שדה 50 גרם,ג'נרל קנדי בעמ,TH,יוגטה ממתק תות שדה ב,גרמים,50.00,100 גרם,false,,5.50,0.1100,true,1,14197
8850632604402,false,יוגטה מקלות חמוצות שטיח בטעם מעורב24 יח',"ג'נרל קנדי בע""מ",TH,יוגטה ממתק תות ענבים,גרמים,50.00,100 גרם,false,,5.50,0.1100,true,1,14198
8858271003020,false,רוטב סויה פורמולה מק,יאן ונזל יון,TH,רוטב סויה MAXCHUP מז,מיליליטרים,700.00,"100 מ""ל",false,,16.90,0.0241,true,1,15302
8858271003938,false,רוטב קארי ירוק מקסצא,"ייאן וואל יון בע""מ",TH,רוטב קארי ירוק MAXCH,מיליליטרים,250.00,"100 מ""ל",false,,13.90,0.0556,true,1,15305
8858271004799,false,רוטב צ'ילי מתוק מזרח,יאן ונזל יון,TH,רוטב צ'ילי מתוק מזרח,מיליליטרים,700.00,"100 מ""ל",false,,13.90,0.0199,true,1,15309
8858271005772,false,רוטב סויה מקסצ'פ ללא,יאן ונזל יון,TH,רוטב סויה ללא גלוטן,מיליליטרים,300.00,"100 מ""ל",false,,17.90,0.0597,true,1,427570
8888021200256,false,סוללות אנרגייזר שמינ,יצרן: אנרג'ייזר סינג,SG,AAאנרג'ייזר סוללות מ,יחידה,0.00,יחידה,false,,29.90,0.0000,true,1,6767
8901314308436,false,קולגייט - מברשת שיניים זיג זג 6 יחידות,,,מברשת שיניים שישייה,יחידה,0.00,יחידה,false,,13.90,0.0000,true,1,420472
8901537024014,false,"אורז בסמטי מובחר 1 ק""ג - דוואט) יורה דיעה",הנסיך- מפעל לייצור ט,IN,וילי פוד אורז בסמטי,גרמים,1000.00,100 גרם,false,,14.90,0.0149,true,1,3822
8934878081811,false,"דפי אורז 22 ס""מ 400 גר'(Trav) ללא גלוטן",דאנינג יוה פודס קו,CN,דפים על בסיס קמח טפי,גרמים,400.00,100 גרם,false,,13.50,0.0338,true,1,15326
9000101372878,false,קפסולות דיסקס לניקוי כביסה לבנה וצבעונית Deep Clean,פרסיל Persil,HU,פרסיל דיסקס לכביסה ל,יח',22.00,יח',false,,36.90,1.6773,true,1,325556
9001616702716,false,זוג מוצצי סיליקון לילה 6+ורוד,,,זוג מוצצים סיליקון 6,יח',2.00,יח',false,,35.00,17.5000,true,1,136824
9002859037221,false,שוקולד מריר אספרסו 7,,,שוקולד מריר אספרסו 7,גרמים,100.00,100 גרם,false,,10.90,0.1090,true,1,463919
9002859050763,false,גונץ-חיפושיות שוקולד ברשת 100 גר',,,חיפושיות שוקולד ברשת,גרמים,100.00,100 גרם,false,,10.90,0.1090,true,1,464038
9002859050824,false,גונץ מטבעות זהב ברשת 100 ג' 1/24,,,מטבעות זהב ברשת 100,גרמים,100.00,100 גרם,false,,10.90,0.1090,true,1,464054
9002859050848,false,גונץ-מטבעות ושטרות ברשת 100 ג',,,מטבעות ושטרות שוקולד,גרמים,100.00,100 גרם,false,,10.90,0.1090,true,1,464055
9002859053825,false,שוקולד סטיקס מריר קפ,,,שוקולד סטיקס מריר קפ,גרמים,75.00,100 גרם,false,,12.90,0.1720,true,1,464346
9002859053849,false,שוקולד סטיקס מריר תפ,,,שוקולד סטיקס מריר תפ,גרמים,75.00,100 גרם,false,,12.90,0.1720,true,1,464347
9002859110412,false,שוקולד לבן-קפה 100,,,שוקולד לבן-קפה 100,גרמים,100.00,100 גרם,false,,10.90,0.1090,true,1,463937
9002975393836,false,סוכריות הריבו האפי ק,"האריבו , ג'י.אם.בי.א",AT,סוכריות גומי בטעם קו,גרמים,70.00,100 גרם,false,,7.90,0.1129,true,1,311350
9002975393843,false,סוכריות הריבו גולדבר,"האריבו , ג'י.אם.בי.א",AT,סוכריות גומי בטעמי פ,גרמים,70.00,100 גרם,false,,7.90,0.1129,true,1,311351
9002975393850,false,סוכריות גומי בטעמי פ,"האריבו , ג'י.אם.בי.א",AT,סוכריות גומי בטעמי פ,גרמים,70.00,100 גרם,false,,7.90,0.1129,true,1,311352
9310072028743,false,טים טם Tim Tam וופל שוקולד קלאסי,"ארנוטס ביסקוויטס בע""",AU,טים טם אוריגינל 200,גרמים,200.00,100 גרם,false,,21.70,0.1085,true,1,14858
9310072028750,false,טים טם Tim Tam וופל שוקולד ציפוי כפול,"ארנוטס ביסקוויטס בע""",AU,טים טם קרם דאבל 200,גרמים,200.00,100 גרם,false,,21.70,0.1085,true,1,68069
9771565051066,false,ידיעות אחרונות יום ו,,,ידיעות אחרונות יום ו,יחידה,0.00,יחידה,false,,12.00,0.0000,true,1,11057
