code,internal_code,name,manufacturer_name,manufacture_country,manufacturer_item_description,unit_qty,quantity,unit_of_measure,weighted,qty_in_package,price,unit_of_measure_price,allow_discount,status,item_id
40058153,false,קרם ניוואה רב שימושי30מ,ביירסדורץ,IL,קרם ניוואה רב שימושי30מ,מיליליטרים,30.00,"100 מ""ל",false,0,5.00,16.67,true,1,
40434230,false,מברשת כלים 105 ק,המברשת רוחמה,IL,מברשת כלים,יחידה,1.00,יחידה,false,0,11.10,11.10,true,1,
40434407,false,מברשת ציפורניים 009 .,המברשת רוחמה,IL,מברשת ציפורניי,יחידה,1.00,יחידה,false,0,7.10,7.10,true,1,
40434995,false,מברשת כלים רגילה ק55,המברשת רוחמה,IL,מברשת כלים רגי,יחידה,1.00,יחידה,false,0,6.00,6.00,true,1,
42154655,false,אורביט פפרמינט אר' מעטפה,ריגלי,FR,אורביט פפרמינט,גרמים,27.00,100 גרם,false,0,6.30,23.33,true,1,
42154662,false,אורביט בטעם ספירמינט 27ג,ריגלי,FR,מסטיק אורביט,גרמים,27.00,100 גרם,false,0,6.30,23.33,true,1,
42268253,false,אורביט בליסטר אוכמניות14,ריגלי,PL,אורביט בליסטר,גרמים,14.00,100 גרם,false,0,3.80,27.14,true,1,
46024817,false,נקסט חפיסה,פיליפ מוריס,,נקסט חפיסה,יחידה,1.00,יחידה,false,0,28.00,28.00,false,1,
46024824,false,נקסט חפיסה,פיליפ מוריס,,נקסט חפיסה,יחידה,1.00,יחידה,false,0,28.00,28.00,false,1,
46129338,false,מסטיק 5 בלאק 29 גרם,ריגלי,FR,מסטיק 5 בלאק,גרמים,29.00,100 גרם,false,1,7.40,25.52,true,1,
57300443,false,כבד דג שיבוט מעושן 120גר,BORNHOLMS,IS,כבד דג מעושן,גרמים,120.00,100 גרם,false,0,15.80,13.17,true,1,
59455233,false,ווג ליידי כחול חפיסה,bat,PL,ווג ליידי כחול חפיסה,יחידה,1.00,יחידה,false,0,35.00,35.00,false,1,
72917367,false,חטיף טעמי 40 גרם,עלית,IL,חטיף טעמי,גרמים,40.00,100 גרם,false,0,4.50,11.25,true,1,
72918388,false,חטיף טויסט 28 גרם,עלית,IL,חטיף טוויסט,גרמים,28.00,100 גרם,false,0,4.50,16.07,true,1,
72940761,false,"מילקי בטעם שוקולד 170מ""ל",שטראוס,IL,מילקי טעם שוקולד,מיליליטרים,170.00,"100 מ""ל",false,0,2.80,1.65,true,1,
72940952,false,"מילקי אקסטרה קצפת 170מ""ל",שטראוס,IL,מילקי אקסטרה,מיליליטרים,170.00,"100 מ""ל",false,0,4.10,2.41,true,1,
72941041,false,מיני מילקי ט.שוקולד90מל,שטראוס,IL,מיני מילקי,מיליליטרים,90.00,"100 מ""ל",false,0,2.10,2.33,true,1,
72945308,false,קוביות שמרים לחים אפיה50,פאקא,IL,קוביות שמרים לחים אפיה50,גרמים,50.00,100 גרם,false,0,3.60,7.20,true,1,
72961506,false,פרילי תות 1.5% 125 גרם,תנובה,IL,פרילי תות,גרמים,125.00,100 גרם,false,0,3.60,2.88,true,1,
72961544,false,באדי תות 3% 125 גרם,תנובה,IL,מעדן באדי תות 3%,גרמים,125.00,100 גרם,false,0,2.80,2.24,true,1,
72963104,false,חמאה 100 גרם,תנובה,IL,חמאה 100 גרם,גרמים,100.00,100 גרם,false,0,3.92,3.92,true,1,
72963753,false,שמ.של פעם חמוצה27% 200ג,תנובה,IL,שמנת חמוצה תנובה,גרמים,200.00,100 גרם,false,0,4.00,2.00,true,1,
72963920,false,דנובה גביע 200 גרם,תנובה,IL,יוגורט דנובה,גרמים,200.00,100 גרם,false,0,3.50,1.75,true,1,
72964132,false,פרילי טבע גרנולה 200 גרם,תנובה,IL,פרילי טבע גרנולה,גרמים,200.00,100 גרם,false,0,4.90,2.45,true,1,
72964422,false,"יוגורט תנובה 4.5% 200מ""ל",תנובה,IL,יוגורט תנובה4.5%,מיליליטרים,200.00,"100 מ""ל",false,0,2.80,1.40,true,1,
72982457,false,מילקי קל טעם שוקולד170מל,שטראוס,IL,מילקי קל שוקולד,מיליליטרים,170.00,"100 מ""ל",false,0,4.10,2.41,true,1,
72983225,false,מעדן מילקי הפוך 11% 170מ,שטראוס,IL,מעדן מילקי הפוך,מיליליטרים,170.00,"100 מ""ל",false,0,4.00,2.35,true,1,
72983416,false,ל.מ. בלו ארוך בוקס חפ,פיליפ מוריס,,ל.מ. בלו ארוך בוקס חפ,יחידה,1.00,יחידה,false,0,32.00,32.00,false,1,
72983997,false,גולף גולד 100 פ.ע חפ.,,,גולף גולד 100 פ.ע חפ.,יחידה,1.00,יחידה,false,0,29.00,29.00,false,1,
72986424,false,"גל.קרם עוגיות 500 מ""ל",מוצרי איכות אמריקאיים,IL,"גל.קרם עוגיות 500 מ""ל",מיליליטרים,500.00,"100 מ""ל",false,0,29.90,5.98,true,1,
72986455,false,גלידת שוקולד פאגד'אגוזים,מוצרי איכות אמריקאיים,US,גלידה בן & ג'ר,מיליליטרים,500.00,"100 מ""ל",false,0,29.90,5.98,true,1,
72991374,false,טיים RED חפיסה,,IL,טיים RED חפיסה,יחידה,1.00,יחידה,false,0,28.00,28.00,false,1,
72991381,false,טיים RED 100 חפיסה,,IL,טיים RED 100 חפיסה,יחידה,1.00,יחידה,false,0,28.00,28.00,false,1,
72991404,false,אירופה חפיסה,,IL,אירופה חפיסה,יחידה,1.00,יחידה,false,0,28.00,28.00,false,1,
72991510,false,מונטנה פילטר חפיסה,"דובק בע""מ",IL,מונטנה פילטר חפיסה,יחידה,1.00,יחידה,false,0,29.00,29.00,false,1,
72991824,false,טיים BLUE 100 חפיסה,"דובק בע""מ",IL,טיים BLUE 100 חפיסה,יחידה,1.00,יחידה,false,0,28.00,28.00,false,1,
72991886,false,גלידת דולצ'ה דה לצ'ה 500,מוצרי איכות אמריקאיים,IL,גלידת דולצ'ה דה לצ'ה 500,מיליליטרים,500.00,"100 מ""ל",false,0,29.90,5.98,true,1,
72993170,false,JOYמעדן דיאט שוקולד 160ג,שטראוס,IL,JOY מעדן דיאט,גרמים,160.00,100 גרם,false,0,4.30,2.69,true,1,
72993187,false,JOYמעדן דיאט0% וניל 160ג,שטראוס,IL,JOY דיאט מעדן,גרמים,160.00,100 גרם,false,0,4.30,2.69,true,1,
72993637,false,דני שוקולד 1.5% 125 גרם,שטראוס,IL,דני שוקולד 1.5%,גרמים,125.00,100 גרם,false,0,2.70,2.16,true,1,
72993781,false,פסק זמן גלילית לבן 40גרם,עלית,IL,פסק זמן גלילית,גרמים,40.00,100 גרם,false,0,5.50,13.75,true,1,
72993927,false,נקסט 100 חפיסה,פיליפ מוריס,,נקסט 100 חפיסה,יחידה,1.00,יחידה,false,0,28.00,28.00,false,1,
72994269,false,מרלבורו גולד טאצ' חפיסה,פיליפ מוריס,,מרלבורו גולד טאצ' חפיסה,יחידה,1.00,יחידה,false,0,34.00,34.00,false,1,
72994290,false,חפיסת סיגריות NYC כחול,,IL,חפיסת סיגריות NYC כחול,יחידה,1.00,יחידה,false,0,21.00,21.00,false,1,
76136184,false,פאל מאל סופר סלים בלו חפ,bat,CH,פאל מאל סופר סלים בלו חפ,יחידה,1.00,יחידה,false,0,28.00,28.00,false,1,
78605039,false,טיק טק דובד+פסיפלורה 16ג,פררו - אלבה,EC,סוכריות טיק טק,גרמים,16.00,100 גרם,false,0,3.50,21.88,true,1,
80042556,false,עגבניות מרוסקות,,,עגבניות מרוסקות,גרמים,400.00,100 גרם,false,0,6.80,1.70,true,1,
80042563,false,רסק עגבניות,,,רסק עגבניות,גרמים,700.00,100 גרם,false,0,12.80,1.83,true,1,
80050025,false,סוכריות טיק-טק תפוז16גרם,פררו - אלבה,IT,סוכריות טיק-טק תפוז16גרם,גרמים,16.00,100 גרם,false,0,3.50,21.88,true,1,
80177173,false,ממרח נוטלה 350 גרם,פררו - אלבה,IT,ממרח נוטלה 350 גרם,גרמים,350.00,100 גרם,false,0,14.80,4.23,true,1,
80273639,false,מלח ים במטחנה 90 גרם,דרוגריה ואלימנטרי,IT,מלח ים במטחנה 90 גרם,גרמים,90.00,100 גרם,false,0,10.00,11.11,true,1,
80761761,false,קינדר בואנו לבן 19.5*2גר,פררו - אלבה,,קינדר בואנו לבן 19.5*2גר,גרמים,39.00,100 גרם,false,0,5.80,14.87,true,1,
80765790,false,מסטיק מנטוס3D אניגמה33ג,פרפטי ואן מלה,TR,מסטיק מנטוס3D אניגמה33ג,גרמים,33.00,100 גרם,false,0,7.50,22.73,true,1,
80768258,false,ביצת קינדר ג'וי ורוד20גר,פררו - אלבה,PL,ביצת קינדר ג'וי ורוד20גר,גרמים,20.00,100 גרם,false,0,6.40,32.00,true,1,
80817109,false,מסטיק מנטוס 3D תפוח/פטל,פרפטי ואן מלה,TR,מסטיק מנטוס 3D תפוח/פטל,גרמים,33.00,100 גרם,false,0,7.50,22.73,true,1,
80828266,false,מסטיק מנטוס מנטה 90 גרם,פרפטי ואן מלה,TR,מסטיק מנטוס מנטה 90 גרם,גרמים,90.00,100 גרם,false,0,18.60,20.67,true,1,
80869580,false,מסטיק מנטוס ספירמינט90ג,פרפטי ואן מלה,TR,מסטיק מנטוס ספירמינט90ג,גרמים,90.00,100 גרם,false,0,18.60,20.67,true,1,
80938828,false,מסט.מנטוס 3D אבטיח/אננס,פרפטי ואן מלה,TR,מסט.מנטוס 3D אבטיח/אננס,גרמים,33.00,100 גרם,false,0,7.50,22.73,true,1,
87108651,false,מנטוס מנטה 4יח37.5X'גרם,פרפטי ואן מלה ברדה,NL,מנטוס מנטה 4 יח',גרמים,150.00,100 גרם,false,0,11.30,7.53,true,1,
87108712,false,מנטוס טעם פירות4יח37.5Xג,פרפטי ואן מלה ברדה,NL,מנטוס פירות 4,גרמים,150.00,100 גרם,false,0,11.30,7.53,true,1,
87304770,false,סוכריות מנטוס BOX מנטה64,פרפטי ואן מלה ברדה,NL,סוכריות מנטוס,גרמים,64.00,100 גרם,false,0,7.20,11.25,true,1,
90162602,true,רד בול משקה אנרגיה פח250,רד בול,AT,רד בול,מיליליטרים,250.00,"100 מ""ל",false,0,8.60,3.44,true,1,
11210000094,false,"רוטב טבסקו 60 מ""ל",ניצן,US,רוטב טבסקו,מיליליטרים,60.00,"100 מ""ל",false,0,12.70,21.17,true,1,
13495113551,false,קליק עוגי 75 גרם,יוניליוור,IL,קליק עוגי,גרמים,75.00,100 גרם,false,0,6.40,8.53,true,1,
18000701223,false,תערובת לעוגת שוקולד500גר,ג'נרל מילס,IL,תערובת לעוגת שוקולד500גר,גרמים,500.00,100 גרם,false,0,19.70,3.94,true,1,
18000703494,false,תערובת לעוגת וניל 500גרם,ג'נרל מילס,IL,תערובת לעוגת וניל 500גרם,גרמים,500.00,100 גרם,false,0,19.70,3.94,true,1,
18000766413,false,תערובת לעוגה בראוניס550ג,ג'נרל מילס,IL,תערובת לעוגה בראוניס550ג,גרמים,550.00,100 גרם,false,0,19.70,3.58,true,1,
24000170013,false,אננס חתוך,,,אננס חתוך,גרמים,825.00,100 גרם,false,0,10.80,1.31,true,1,
25675120006,false,חמצוצים 4 צבעים 100 גרם,גורי,NL,חמצוצים,גרמים,100.00,100 גרם,false,0,9.30,9.30,true,1,
25675120020,false,םרג 100 לטפ םעטב םיצוצמח,ירוג,BE,חמצוצים פטל,גרמים,100.00,100 גרם,false,0,9.30,9.30,true,1,
25675120044,false,םרג100 חופת םעטב םיצוצמח,ירוג,IL,חמצוצים טעם תפוח,גרמים,100.00,100 גרם,false,0,9.30,9.30,true,1,
34000146208,false,נטיפי שוקולד לאפייה283גר,הרשי שוקולד,US,נטיפי שוקולד לאפייה283גר,גרמים,283.00,100 גרם,false,1,19.70,6.96,true,1,
34000442652,false,טבלת XL ריזס 120 גרם,הרשי שוקולד,US,טבלת ריזס XL,גרמים,120.00,100 גרם,false,1,10.80,9.00,true,1,
36000258660,false,קלינקס לושן,,IL,קלינקס לושן,יחידה,1.00,יחידה,false,0,14.90,14.90,true,1,
38527590001,false,קוואקר אינסטנט מייפל430ג,קואקר אוטס,IL,קוואקר אינסטנט,גרמים,430.00,100 גרם,false,0,22.80,5.30,true,1,
38527591053,false,דגנים מרובעים קינמון412ג,קואקר אוטס,,דגנים מרובעים קינמון412ג,גרמים,412.00,100 גרם,false,0,22.50,5.46,true,1,
38527591060,false,דגנים מרובעים קוואקר412ג,קואקר אוטס,,דגנים מרובעים קוואקר412ג,גרמים,412.00,100 גרם,false,0,22.50,5.46,true,1,
38900015312,false,חתיכות אננס דול,,PH,חתיכות אננס דול,גרמים,681.00,100 גרם,false,0,16.20,2.38,true,1,
38900770174,false,קוקטייל טרופי,,PH,קוקטייל טרופי,גרמים,681.00,100 גרם,false,0,16.20,2.38,true,1,
40000470700,false,עדשי שוק. מ&מ'ס שוקו226ג,מרס,US,עדשי שוק. מ&מ'ס שוקו226ג,גרמים,226.00,100 גרם,false,0,20.70,9.16,true,1,
41390001079,false,"רוטב סויה דל נתרן 444מ""ל",קיקומן פודז אינק,IL,רוטב סויה,מיליליטרים,444.00,"100 מ""ל",false,0,21.90,4.93,true,1,
47400179660,false,4 סכיני גילוח מאך 3,פרוקטר & גמבל,IL,סכיני גילוח,יחידה,1.00,יחידה,false,0,39.60,39.60,true,1,
50000018406,false,פריסקיז נתחי ברביקיו 2.9,נסטלה פורינה,US,פריסקיז לחתול,קילוגרמים,2.90,"ק""ג",false,0,68.30,23.55,true,1,
50000421541,false,פריסקיז מיקס גריל 156גרם,נסטלה פורינה,US,פריסקיז לחתול,גרמים,156.00,100 גרם,false,0,6.50,4.17,true,1,
50000423347,false,פריסקיז לח סלמון 156 גרם,נסטלה פורינה,US,פריסקיז לח לחתול,גרמים,156.00,100 גרם,false,0,6.50,4.17,true,1,
50000424948,false,פריסקיז דגי אוקינוס 156ג,נסטלה פורינה,US,פריסקיז לחתול,גרמים,156.00,100 גרם,false,0,6.50,4.17,true,1,
50000429448,false,פנסי פיסט סלמון לחתול85ג,נסטלה פורינה,US,פנסי פיסט לחתול,גרמים,85.00,100 גרם,false,0,6.30,7.41,true,1,
52100070865,false,"תמצית וניל טהור 29 מ""ל",מקורמיק האנט ואלי,US,"תמצית וניל טהור 29 מ""ל",מיליליטרים,29.00,"100 מ""ל",false,0,25.40,87.59,true,1,
55500012046,false,כלורקס מרסס,,US,כלורקס מרסס,מיליליטרים,946.00,"100 מ""ל",false,0,18.00,1.90,true,1,
58449771531,false,דגני בוקר סאן רייס אורגנ,נייטשר פאת',US,דגני בוקר סאן רייס אורגנ,גרמים,300.00,100 גרם,false,0,24.70,8.23,true,1,
58449860037,false,קואלה קריספ דגני בוקר326,נייטשר פאת',IL,דגני בוקר,גרמים,326.00,100 גרם,false,0,23.70,7.27,true,1,
64144090051,false,"תרסיס שמן קנולה 148 מ""ל",קונגרה,US,"תרסיס שמן קנולה 148 מ""ל",מיליליטרים,148.00,"100 מ""ל",false,0,14.90,10.07,true,1,
77975022757,false,בייגלה אמריקאי 382 גרם,יאמאסה,US,בייגלה אמריקאי 382 גרם,גרמים,382.00,100 גרם,false,0,17.70,4.63,true,1,
77975091784,false,טורטיות צ'יפס תירס צ354ג,סניידרס,US,טורטיות צ'יפס,גרמים,354.00,100 גרם,false,1,15.90,4.49,true,1,
77975091791,false,טורטיות צ'יפס מסעדות354ג,סניידרס,US,טורטיות צ'יפס,גרמים,354.00,100 גרם,false,1,15.90,4.49,true,1,
616932184314,false,חסה חמאה הידרופונית יח',קטיף,IL,חסה חמאה הידרופונית יח',יחידה,1.00,יחידה,false,0,11.90,11.90,true,1,
627843095262,false,סירופ מייפל,,,סירופ מייפל,מיליליטרים,236.00,"100 מ""ל",false,0,43.80,18.56,true,1,
639138513238,false,פילה הרינג,,DE,פילה הרינג,גרמים,190.00,100 גרם,false,0,14.50,7.63,true,1,
835811004936,false,כף חד פעמי מוכסף 20יחי,.,CN,"כף ח""פ מוכסף",יחידה,1.00,יחידה,false,1,6.80,6.80,true,1,
835811005421,false,מקלות עבים לשיפודים 75יח,,,מקלות עבים לשיפודים 75יח,יחידה,1.00,יחידה,false,0,4.60,4.60,true,1,
835811006053,false,קורנפלור 200 גרם,הנמל,IL,קורנפלור 200 גרם,גרמים,200.00,100 גרם,false,0,4.60,2.30,true,1,
835811008361,false,"שעועית 1 ק""ג",הנמל,IL,שעועית,קילוגרמים,1.00,"ק""ג",false,0,12.80,12.80,true,1,
835811009238,false,שיפודי במבוק ענקיים 25יח,הנמל,IL,שיפודים ענקיים,יחידה,1.00,יחידה,false,0,8.80,8.80,true,1,
839762000658,false,נקטר גויאבה איילנד 1 ל',אדיר,EG,נקטר גויאבה איילנד 1 ל',ליטרים,1.00,ליטר,false,0,10.80,10.80,true,1,
856591000062,false,עוגיות מזרחיות מלח400גרם,עבאדי,IL,עוגיות מזרחיות מלח400גרם,גרמים,400.00,100 גרם,false,0,19.70,4.93,true,1,
856591000109,false,עוגיות מזרחיות פריכות400,עבאדי,IL,עוגיות מזרחיות,גרמים,400.00,100 גרם,false,0,19.70,4.93,true,1,
856591000512,false,עוגיות מזרחיות מקלות400ג,עבאדי,IL,עוגיות מזרחיות,גרמים,400.00,100 גרם,false,0,19.70,4.93,true,1,
884912129741,false,פוסט פרוטי פבלס 425 גרם,פוסט,US,פוסט פרוטי פבלס 425 גרם,גרמים,425.00,100 גרם,false,0,17.90,4.21,true,1,
884912181701,false,דגנים חיטה מלאה+דבש567ג,שרדד וויט,US,דגני בוקר פוסט,גרמים,567.00,100 גרם,false,1,17.90,3.16,true,1,
3014260022730,false,2מברשות אדוונטג' מדיום40,פרוקטר & גמבל,IL,2מברשות אדוונטג' מדיום40,יחידה,1.00,יחידה,false,0,19.90,19.90,true,1,
3014260227081,false,קצף גילוח סירייס 250P.Lמ,פרוקטר & גמבל,GB,קצף גילוח סירייס 250P.Lמ,מיליליטרים,250.00,"100 מ""ל",false,0,23.00,9.20,true,1,
3014260228842,false,קצף גילוח ג'ילט קלסיק200,פרוקטר & גמבל,GB,קצף גילוח ג'ילט קלסיק200,מיליליטרים,200.00,"100 מ""ל",false,0,16.40,8.20,true,1,
3014260243531,false,סכיני גילוח מאך3- 4 יח',פרוקטר & גמבל,DE,סכיני גילוח מא,יחידה,1.00,יחידה,false,0,64.60,64.60,true,1,
3014260243548,false,8 סכיני גילוח מאך3-,פרוקטר & גמבל,DE,סכיני גילוח מא,יחידה,1.00,יחידה,false,0,95.60,95.60,true,1,
3014260262228,false,מברשת אורל בי גילאי 2-4,פרוקטר & גמבל,IE,מברשת אורל בי גילאי 2-4,יחידה,1.00,יחידה,false,0,13.90,13.90,true,1,
3046920027281,false,שוק.אקסלנס קרמל סולט100ג,לינדט ושפרונגלי קילשברג,FR,שוק.אקסלנס קרמל סולט100ג,גרמים,100.00,100 גרם,false,1,10.00,10.00,true,1,
3046920028004,false,שוק.אקסלנס מריר70% 100גר,לינדט ושפרונגלי קילשברג,FR,שוק.אקסלנס מריר70% 100גר,גרמים,100.00,100 גרם,false,0,10.00,10.00,true,1,
3046920028363,false,שוק.לינדט אקסלנס85% 100ג,לינדט ושפרונגלי קילשברג,FR,שוק.לינדט אקסלנס85% 100ג,גרמים,100.00,100 גרם,false,0,10.00,10.00,true,1,
3046920029674,false,שוק.לינדט אקסלנס מלח100ג,לינדט ושפרונגלי קילשברג,FR,שוק.לינדט אקסלנס מלח100ג,גרמים,100.00,100 גרם,false,0,10.00,10.00,true,1,
3059946156330,false,פיניש מנקה מדיח לימון250,רקיט בנקיזר,PL,פיניש מנקה ומחדש,מיליליטרים,250.00,"100 מ""ל",false,0,22.10,8.84,true,1,
3141360050001,false,"קלגון ג'ל 750 מ""ל",רקיט בנקיזר,IL,"קלגון ג'ל 750מ""ל",מיליליטרים,750.00,"100 מ""ל",false,0,19.90,2.65,true,1,
3161911366429,false,חמאה רכה מלוחה 250 גרם,אלוויר,FR,חמאה רכה מלוחה 250 גרם,גרמים,250.00,100 גרם,false,0,21.10,8.44,true,1,
3387390320244,false,דגני בוקר פיטנס+פירות375,נסטלה,FR,דגני פיטנס,גרמים,375.00,100 גרם,false,0,23.90,6.37,true,1,
3387390525960,false,קראנץ' דגני בוקר 500 גרם,נסטלה,FR,קראנץ דגני בוקר,גרמים,500.00,100 גרם,false,0,15.00,3.00,true,1,
3574660026887,false,ג'ונסון בייבי טלק 200גרם,ג'ונסון,IT,טלק ג'ונסון,גרמים,200.00,100 גרם,false,0,23.10,11.55,true,1,
3574660239973,false,32או בה פרוקומפורט נורמל,ג'ונסון,DE,טמפוני או בה,יחידה,1.00,יחידה,false,0,26.90,26.90,true,1,
3574660514643,false,"קרם ר""ש ניוטרוג'ינה 300מ",ג'ונסון,IL,"קרם ר""ש ניוטרוגי",מיליליטרים,300.00,"100 מ""ל",false,0,24.90,8.30,true,1,
3574660619652,false,אלסבון ג'ונסון +לחות750מ,ג'ונסון,IT,אל סבון ג'ונסון,מיליליטרים,750.00,"100 מ""ל",false,0,23.40,3.12,true,1,
3574660638325,false,קרם החתלה ג'ונסונס100מל,ג'ונסון,FR,קרם החתלה,מיליליטרים,100.00,"100 מ""ל",false,0,21.40,21.40,true,1,
3600523171040,false,מרכך אלביב 6 שמנים 600מל,קוסמטיקס,TR,מרכך אלביב,מיליליטרים,600.00,"100 מ""ל",false,1,14.90,2.48,true,1,
4000508037351,false,קפה קרונונג פילטר 250גרם,מונדלייז,DE,קפה קרונונג,גרמים,250.00,100 גרם,false,0,29.20,11.68,true,1,
4002448017684,false,"סיליט באנג ספריי 750 מ""ל",רקיט בנקיזר,IL,סיליט באנג ספריי,מיליליטרים,750.00,"100 מ""ל",false,0,15.90,2.12,true,1,
4002448019480,false,סיליט באנג מסיר שומן750מ,רקיט בנקיזר,IT,סיליט באנג,מיליליטרים,750.00,"100 מ""ל",false,0,15.90,2.12,true,1,
4002720005736,false,קפה פילטר מליטה 250 גרם,Kaffee Melitta,DE,קפה פילטר מליטה 250 גרם,גרמים,250.00,100 גרם,false,0,20.70,8.28,true,1,
4005808274932,false,"קרם ידיים אטריקס 100 מ""ל",קבוצת יבנה,DE,"קרם ידיים אטריקס 100 מ""ל",מיליליטרים,100.00,"100 מ""ל",false,0,13.60,13.60,true,1,
4005808500000,false,לבלו שפתון ליובש כחול,אלפא קוסמטיקה,DE,לבלו שפתון,יחידה,1.00,יחידה,false,0,14.10,14.10,true,1,
4005808850716,false,שפתון לבלו דובדבן,,,שפתון לבלו דובדבן,יחידה,1.00,יחידה,false,0,16.10,16.10,true,1,
4006067060977,false,קפה נמס אספרסו דוידוף100,מ.דוידס,PL,קפה נמס אספרסו דוידוף100,גרמים,100.00,100 גרם,false,0,25.10,25.10,true,1,
4006067084300,false,קפה נמס ארומה מעודנת100ג,מ.דוידס,PL,קפה נמס ארומה מעודנת100ג,גרמים,100.00,100 גרם,false,0,25.10,25.10,true,1,
4006952005779,false,עוג.סנדוויץ ממולא ל.ג300,קופרנט פיינבק ג'י אם בי,DE,עוגיות סנדוויץ,גרמים,300.00,100 גרם,false,1,14.90,4.97,true,1,
4009300522881,false,תה ירוק לימונית ותות20שק,טייקנה,IL,תה ירוק לימונית,גרמים,30.00,100 גרם,false,0,14.90,49.67,true,1,
4009300524588,false,חליטת פירות יער3גרם20Xשק,טייקנה,IL,חליטת פירות יער,גרמים,60.00,100 גרם,false,0,10.00,16.67,true,1,
4009900360937,false,איירווייז מיני אקליפטו42,ריגלי,PL,איירווייז מיני,גרמים,42.00,100 גרם,false,0,6.50,15.48,true,1,
4009900465304,false,סוכריות סקיטלס חמוץ174גר,ריגלי,CZ,סוכריות סקיטלס,גרמים,174.00,100 גרם,false,0,9.80,5.63,true,1,
4009900487283,false,אורביט סטיקס פירות 5יח',ריגלי,FR,מארז אורביט,גרמים,65.00,100 גרם,false,0,10.80,16.62,true,1,
4009900488709,false,מיני וויט מנטה3י14*גרם,ריגלי,PL,אורביט מיני וויט,גרמים,42.00,100 גרם,false,0,6.50,15.48,true,1,
4009900503952,false,אורביט בבלמינט grab&go,ריגלי,PL,מסטיק אורביט,גרמים,56.00,100 גרם,false,1,11.90,21.25,true,1,
4011800251451,false,קונפ.הרו פירות יער340גרם,Schwartauer,DE,קונפיטורה הרו,גרמים,340.00,100 גרם,false,0,13.80,4.06,true,1,
4011800628512,false,קורני חט.דגנים+שוקולד6יח,Schwartauer,DE,קורני חטיף דגנים,גרמים,150.00,100 גרם,false,0,10.00,6.67,true,1,
4011800633516,false,6קורני+שוק.מריר58% קקאו,Schwartauer,IL,קורני חטיף דגנים,גרמים,138.00,100 גרם,false,0,10.00,7.25,true,1,
4011800636517,false,קורני FREE שוקולד חלב6יח,Schwartauer,DE,קורני FREE שוקולד חלב6יח,גרמים,120.00,100 גרם,false,0,10.00,8.33,true,1,
4011800637514,false,קורני FREE שוקולד לבן6יח,Schwartauer,DE,קורני חטיף דגנים,גרמים,120.00,100 גרם,false,0,10.00,8.33,true,1,
4014400901191,false,בונבוניירה מרסי 250 גרם,שטורק,DE,בונבוניירה מרסי 250 גרם,גרמים,250.00,100 גרם,false,0,21.90,8.76,true,1,
4014400901405,false,מרסי שוקולד חלב 250 גרם,שטורק,DE,מרסי שוקולד חלב 250 גרם,גרמים,250.00,100 גרם,false,0,21.90,8.76,true,1,
4014400903409,false,בונ.טופיפי 250 גרם,שטורק,DE,בונ.טופיפי 250 גרם,גרמים,250.00,100 גרם,false,0,27.80,11.12,true,1,
4015000615891,false,דאו.ספריי FA אקווה 200מל,הנקל סוד,DE,דאו.ספריי FA אקווה 200מל,מיליליטרים,200.00,"100 מ""ל",false,0,17.20,8.60,true,1,
4015001011371,false,"פה ספריי פרש&דריי 200מ""ל",הנקל סוד,DE,דאודורנט פה,מיליליטרים,200.00,"100 מ""ל",false,1,17.20,8.60,true,1,
4015400284826,false,20 טמפקס קומפק סופר פלוס,פרוקטר & גמבל,HU,טמפקס קומפק,יחידה,1.00,יחידה,false,0,30.10,30.10,true,1,
4015400285809,false,20 טמפקס קומפאק רגולר,פרוקטר & גמבל,HU,טמפקס קומפאק,יחידה,1.00,יחידה,false,0,30.10,30.10,true,1,
4015400286059,false,20 טמפקס קומפאק סופר,פרוקטר & גמבל,HU,טמפקס קומפאק,יחידה,1.00,יחידה,false,0,30.10,30.10,true,1,
4015400434788,false,18 טמפקס פרל סופר פלוס,פרוקטר & גמבל,IL,טמפקס,יחידה,1.00,יחידה,false,0,30.10,30.10,true,1,
4015400649809,false,36פמפרס אקטיב בייבי שלב5,פרוקטר & גמבל,IL,36פמפרס אקטיב בייבי שלב5,יחידה,1.00,יחידה,false,0,51.50,51.50,true,1,
4015400655282,false,אולוויז אינפינ.דואו לילה,פרוקטר & גמבל,IL,תחבושות אולוויז,יחידה,1.00,יחידה,false,0,40.70,40.70,true,1,
4015400655299,false,אולוויז אינפינ.דואו לונג,פרוקטר & גמבל,IL,תחבושות אולוויז,יחידה,1.00,יחידה,false,0,40.70,40.70,true,1,
4015400655305,false,אולוויז אינפינ.דואו נורמ,פרוקטר & גמבל,IL,תחבושות אולוויז,יחידה,1.00,יחידה,false,0,40.70,40.70,true,1,
4015600515614,false,פיירי פלטינום נוזל 720מל,פרוקטר & גמבל,CZ,פיירי נוזל לכלים,מיליליטרים,720.00,"100 מ""ל",false,0,9.80,1.36,true,1,
4015600581848,false,26טבליות למדיח הכל באחד,פרוקטר & גמבל,GB,טבליות למדיח,יחידה,1.00,יחידה,false,0,19.90,19.90,true,1,
4015600582319,false,50טבליות פיירי פלטינום,פרוקטר & גמבל,GB,טבליות למדיח,יחידה,1.00,יחידה,false,0,64.40,64.40,true,1,
4015600763251,false,שמפו הד&שולדרס קלאסי 600,פרוקטר & גמבל,IL,שמפו הד&שולדרס קלאסי 600,מיליליטרים,600.00,"100 מ""ל",false,0,28.70,4.78,true,1,
4015600763299,false,"הד&שולדרס 2ב1- 600 מ""ל",פרוקטר & גמבל,IL,"הד&שולדרס 2ב1- 600 מ""ל",מיליליטרים,600.00,"100 מ""ל",false,0,28.70,4.78,true,1,
4015600763411,false,שמפו הד&שולדרס מנטול 600,פרוקטר & גמבל,IL,שמפו הד&שולדרס מנטול 600,מיליליטרים,600.00,"100 מ""ל",false,0,28.70,4.78,true,1,
4015600763534,false,הד&שולדרס מגע משי 600מ,פרוקטר & גמבל,IL,שמפו הד&שולדרס,מיליליטרים,600.00,"100 מ""ל",false,0,28.70,4.78,true,1,
4015600768966,false,הד&שולדרס עם לחות 600מ,פרוקטר & גמבל,IL,שמפו הד&שולדרס,מיליליטרים,600.00,"100 מ""ל",false,0,28.70,4.78,true,1,
4015600770228,false,פנטן שמפו שמן משקם 600 מ,פרוקטר & גמבל,FR,שמפו פנטן שמן,מיליליטרים,600.00,"100 מ""ל",false,0,24.90,4.15,true,1,
4015600815516,false,שמפ.פנטן נוסחה קלאסית600,פרוקטר & גמבל,FR,שמפו פנטן,מיליליטרים,600.00,"100 מ""ל",false,0,24.90,4.15,true,1,
4015600815592,false,שמפו+מרכך פנטן קלאסי600מ,פרוקטר & גמבל,FR,שמפו + מרכך פנטן,מיליליטרים,600.00,"100 מ""ל",false,0,24.90,4.15,true,1,
4017100198151,false,עוג.סנדוויץ היט וניל220ג,באלסן,PL,עוגיות סנדוויץ,גרמים,220.00,100 גרם,false,1,9.80,4.45,true,1,
4043400204988,false,מגב לחלונות,המברשת רוחמה,IL,מגב לחלונות,יחידה,1.00,יחידה,false,0,15.20,15.20,true,1,
4043400522020,false,מברשת רולר,המברשת רוחמה,IL,מברשת רולר,יחידה,1.00,יחידה,false,0,12.00,12.00,true,1,
4046234767650,false,קפה צ'יבו גולד סלקשין200,צ'יבו,PL,קפה צ'יבו,גרמים,200.00,100 גרם,false,1,20.80,10.40,true,1,
4046234794885,false,קפה צ'יבו בלאק נוויט200ג,צ'יבו,PL,קפה צ'יבו,גרמים,200.00,100 גרם,false,1,20.80,10.40,true,1,
4052197000017,false,"בירה בנדיקטינר 500 מ""ל",בנדיקטינר וויצבראו,DE,בירה בנדיקטינר,מיליליטרים,500.00,"100 מ""ל",false,0,9.90,1.98,true,1,
4067600706059,false,כבד דג שיבוט,,DK,כבד דג שיבוט,גרמים,115.00,100 גרם,false,0,11.00,9.57,true,1,
4084500088917,false,פיירי לכלים לימון650מל,פרוקטר & גמבל,IL,פיירי נוזל לכלים,מיליליטרים,650.00,"100 מ""ל",false,0,11.90,1.83,true,1,
4084500853553,false,פיירי אורגינל 650מל,פרוקטר & גמבל,GB,נוזל כלים פיירי,מיליליטרים,650.00,"100 מ""ל",false,1,11.90,1.83,true,1,
4084500853836,false,"פיירי ורדים ומשי 515 מ""ל",פרוקטר & גמבל,GB,פיירי נוזל לכלים,מיליליטרים,515.00,"100 מ""ל",false,1,11.90,2.31,true,1,
4770209043431,false,חלב מרוכז ממותק,,LE,חלב מרוכז ממותק,גרמים,397.00,100 גרם,false,0,8.50,2.14,true,1,
4800888148957,false,דאו.רקסונה רול און טלק50,יוניליוור,PH,דאודורנט רקסונה,מיליליטרים,50.00,"100 מ""ל",false,0,11.90,23.80,true,1,
4800888542854,false,רקסונה רול און לינן דר50,יוניליוור,TR,דאו.רקסונה,מיליליטרים,50.00,"100 מ""ל",false,0,11.90,23.80,true,1,
4801234145125,false,גלייד נ.גז אושן בריז400מ,ג'ונסון,IL,מטהר אוויר גלייד,מיליליטרים,400.00,"100 מ""ל",false,0,12.90,3.23,true,1,
4903001904192,false,"רוטב סויה יאמאסה 500 מ""ל",יאמאסה,JP,"רוטב סויה יאמאסה 500 מ""ל",מיליליטרים,500.00,"100 מ""ל",false,0,19.90,3.98,true,1,
5000204657913,false,קיווי משחה שחורה50מל,ג'ונסון,FR,קיווי משחה בשחור,מיליליטרים,50.00,"100 מ""ל",false,0,6.90,13.80,true,1,
5000204658064,false,קיווי ספוג הברקה שחור,ג'ונסון,FR,קיווי ספוג הברקה,יחידה,1.00,יחידה,false,0,17.30,17.30,true,1,
5000204690026,false,פלדג' 5 ב1- קלאסיק 250מל,ג'ונסון,NL,פלדג' 5 ב1-,מיליליטרים,250.00,"100 מ""ל",false,0,17.30,6.92,true,1,
5000394203358,false,סוללות דורסל AAA 8 יח,פרוקטר & גמבל,BE,סוללות דורסל,יחידה,1.00,יחידה,false,0,31.70,31.70,true,1,
5010182997680,false,"רייד קוטל זוחלים 300 מ""ל",ג'ונסון,NL,"רייד קוטל זוחלים 300 מ""ל",מיליליטרים,300.00,"100 מ""ל",false,0,14.90,4.97,true,1,
5010677551281,false,"בקרדי בריזר לימון 275מ""ל","בקרדי בע""מ",DE,"בקרדי בריזר לימון 275מ""ל",מיליליטרים,275.00,"100 מ""ל",false,0,10.90,3.96,true,1,
5010677552387,false,"בקרדי בריזר אננס 275 מ""ל","בקרדי בע""מ",DE,בקרדי בריזר,מיליליטרים,275.00,"100 מ""ל",false,0,10.90,3.96,true,1,
5010677554398,false,"בקרדי בריזר אבטיח 275מ""ל","בקרדי בע""מ",IL,"בקרדי בריזר אבטיח 275מ""ל",מיליליטרים,275.00,"100 מ""ל",false,0,10.90,3.96,true,1,
5011157630281,false,"אורז טילדה המשלי 1 ק""ג",טילדה,GB,"אורז טילדה המשלי 1 ק""ג",קילוגרמים,1.00,"ק""ג",false,0,25.60,25.60,true,1,
5011417552247,false,אירוויק נטול גז לילך345מ,רקיט בנקיזר,PL,אירוויק מבשם,מיליליטרים,345.00,"100 מ""ל",false,0,14.90,4.32,true,1,
5013965954382,false,"משחה להלבנה+מי פה 100מ""ל",פרוקטר & גמבל,IL,משחת אורל בי,מיליליטרים,100.00,"100 מ""ל",false,0,18.20,18.20,true,1,
5014271000411,false,מעדן ערמונים 284 גרם,סאן דלפור - שמבור,FR,מעדן ערמונים,גרמים,284.00,100 גרם,false,1,14.90,5.25,true,1,
5014271310428,false,מעדן דובדבן שחור 284 גרם,סאן דלפור - שמבור,FR,מעדן דובדבן שחור,גרמים,284.00,100 גרם,false,0,14.90,5.25,true,1,
5014271330426,false,מעדן אוכמניות כחולות284ג,סאן דלפור - שמבור,FR,מעדן אוכמניות כחולות284ג,גרמים,284.00,100 גרם,false,0,14.90,5.25,true,1,
5014271390420,false,מע.פטל ללא תוספת סוכר284,סאן דלפור - שמבור,FR,מע.פטל ללא תוספת סוכר284,גרמים,284.00,100 גרם,false,0,14.90,5.25,true,1,
5029053000619,false,ממחטות אולטרה סופט טו גו,חוגלה קימברלי,IT,ממחטות אולטרה,יחידה,1.00,יחידה,false,0,10.00,10.00,true,1,
5029053002408,false,נ.ט. קלינקס לבן 9 גל.,חוגלה קימברלי,IL,נ.ט. קלינקס לבן 9 גל.,מטרים,276.00,100 מטר,false,0,36.60,13.26,true,1,
5029053510811,false,28 תח.קוטקס נורמל כנפיים,חוגלה קימברלי,IL,תחבושות קוטקס,יחידה,1.00,יחידה,false,0,17.90,17.90,true,1,
5029053510828,false,24 תח.קוטקס אולטרא סופר,חוגלה קימברלי,IL,תחבושות קוטקס,יחידה,1.00,יחידה,false,0,17.90,17.90,true,1,
5029053523446,false,20 תח.קוטקס אולטרא נייט,חוגלה קימברלי,IL,תחבושות קוטקס,יחידה,1.00,יחידה,false,0,17.90,17.90,true,1,
5029053534596,false,32 טמפוני קוטקס נורמל,חוגלה קימברלי,CZ,טמפוני קוטקס,יחידה,1.00,יחידה,false,0,22.90,22.90,true,1,
5050083559709,false,קלוגס קוקו פופס 550 גרם,קלוג'ס,,קלוגס קוקו פופס,גרמים,550.00,100 גרם,false,0,20.00,3.64,true,1,
5099864004205,false,סימילאק אדבנס+שלב 1 400ג,אבוט,IE,סימילאק אדבנס+שלב 1 400ג,גרמים,400.00,100 גרם,false,0,43.40,10.85,true,1,
5200351240017,false,גליליות קרם אגוז+קקאו400,גולדן ברייק,GR,גליליות קרם אגוז,גרמים,400.00,100 גרם,false,0,12.90,3.23,true,1,
5410076518784,false,משחת אורל בי מנטה 100מל,פרוקטר & גמבל,IL,משחת אורל בי,מיליליטרים,100.00,"100 מ""ל",false,0,22.20,22.20,true,1,
5410103161617,false,קרם לחות פעולה משולשת50מ,קלסרואה,DE,קרם לחות פעולה משולשת50מ,מיליליטרים,50.00,"100 מ""ל",false,0,39.90,79.80,true,1,
5410126116953,false,ממרח ביסקוויט לוטוס 400ג,לוטוס ביקרי,BE,ממרח ביסקוויט,גרמים,400.00,100 גרם,false,0,24.30,6.08,true,1,
5410126716016,false,ביסקוויט לוטוס ט.קרמל250,לוטוס ביקרי,BE,ביסקויט לוטוס,גרמים,250.00,100 גרם,false,0,12.70,5.08,true,1,
5410228142089,false,בירה לף בלונד בקבוק330מל,קרלסברג יבוא יצוא,BE,בירה לף בלונד,מיליליטרים,330.00,"100 מ""ל",false,0,13.80,4.18,true,1,
5411188110842,false,אלפרו משקה אגוזים 1 ליטר,אלפרו,BE,אלפרו משקה אגוזים 1 ליטר,ליטרים,1.00,ליטר,false,0,16.80,16.80,true,1,
5411188111375,false,משקה אורז וניל 1 ליטר,אלפרו,BE,משקה אורז וניל 1 ליטר,ליטרים,1.00,ליטר,false,0,16.80,16.80,true,1,
5414841100037,false,מברשת כלים ידית עץ,,IL,מברשת כלים ידית עץ,יחידה,1.00,יחידה,false,0,16.30,16.30,true,1,
5414841100044,false,מברשת מגהץ יחידה,,IL,מברשת מגהץ יחידה,יחידה,1.00,יחידה,false,0,12.20,12.20,true,1,
5425000191063,false,משקה אורז וסויה 1 ליטר,היין,BE,משקה אורז וסויה,ליטרים,1.00,ליטר,false,0,16.90,16.90,true,1,
5600395030689,false,סרדין בשמן סויה חריף115ג,קלנג מקנאן,IL,סרדין בשמן,גרמים,115.00,100 גרם,false,0,7.90,6.87,true,1,
5600395030818,false,סרדין בשמן סויה נפטון115,קלנג מקנאן,PT,סרדין בשמן,גרמים,115.00,100 גרם,false,0,7.90,6.87,true,1,
5601008200451,false,עוגיות גודיס שוק.מריר150,מרבה,NL,עוגיות גודיס,גרמים,150.00,100 גרם,false,0,5.90,3.93,true,1,
5701092108708,false,פיניש קוואנטום לימון20טב,רקיט בנקיזר,PL,טבליות קוואנטום,יחידה,1.00,יחידה,false,0,24.90,24.90,true,1,
5701932026964,false,הוט פופ טעם מלוח 100X6גר,פופז,US,הוט פופ טעם מלוח 100X6גר,גרמים,600.00,100 גרם,false,0,15.00,2.50,true,1,
5701932026971,false,הוט פופ טעם חמאה 100X6גר,פופז,US,הוט פופ טעם חמאה 100X6גר,גרמים,600.00,100 גרם,false,0,15.00,2.50,true,1,
5701932026995,false,פופקורן לייט הוט פופ510ג,פופז,IL,פופקורן למיקרו,גרמים,510.00,100 גרם,false,0,15.00,2.94,true,1,
5706516031358,false,הוטפופ 100קל' לאריזה160ג,פופז,US,הוטפופ 100קל' לאריזה160ג,גרמים,160.00,100 גרם,false,0,15.00,9.38,true,1,
5740900401556,false,ממרח חמאה לייט+ש.זית 250,ארלה,DK,ממרח חמאה לייט,גרמים,250.00,100 גרם,false,1,18.00,7.20,true,1,
5740900402218,false,ממרח חמאה אורגני 200 גרם,ארלה פודס אמבא,DK,ממרח חמאה,גרמים,200.00,100 גרם,false,1,19.70,9.85,true,1,
5900020012814,false,נסקוויק דגני בוקר 500גרם,נסטלה,PL,דגני נסקוויק,גרמים,500.00,100 גרם,false,0,15.00,3.00,true,1,
5900020018212,false,פיטנס חט.דגנים שוק.לבן6י,נסטלה,PL,פיטנס חטיף דגנים,גרמים,141.00,100 גרם,false,0,18.90,13.40,true,1,
5900020022325,false,חטיף דגנים סיני מיניס6יח,נסטלה,PL,חטיפי סיני מיניס,גרמים,150.00,100 גרם,false,0,16.80,11.20,true,1,
5900020024770,false,חט.דגנ.בר דליס שוק.אגוז,.סי.פי,PL,חטיף דגנים פיטנס,גרמים,135.00,100 גרם,false,1,18.90,14.00,true,1,
5900020024817,false,חט.דגנים בר דליס שוק.לבן,.סי.פי,PL,חטיף דגנים פיטנס,גרמים,135.00,100 גרם,false,1,18.90,14.00,true,1,
5900020024848,false,חט.דגנים בר דליס שוק22*6,.סי.פי,PL,חטיף דגנים פיטנס,גרמים,135.00,100 גרם,false,1,18.90,14.00,true,1,
5900020025746,false,חט.דגנים בר דליס ש.לבן8י,.סי.פי,PL,חטיף דגנים פיטנס,גרמים,180.00,100 גרם,false,1,18.90,10.50,true,1,
5901414200411,false,היט מיניס שוקו 130 גרם,באלסן,PL,היט מיניס שוקו,גרמים,130.00,100 גרם,false,0,6.90,5.31,true,1,
5906485301012,false,משקה אנרגיה XL,,IL,משקה אנרגיה XL,מיליליטרים,250.00,"100 מ""ל",false,0,4.10,1.64,true,1,
5906485301098,false,משקה אנרגיה,,IL,משקה אנרגיה,מיליליטרים,250.00,"100 מ""ל",false,0,4.10,1.64,true,1,
5906485301326,false,"XL ספורט מאניה 250 מ""ל",,IL,"XL ספורט מאניה 250 מ""ל",מיליליטרים,250.00,"100 מ""ל",false,0,4.10,1.64,true,1,
5906485301470,false,"XL דאבל קיק 250 מ""ל",,IL,"XL דאבל קיק 250 מ""ל",מיליליטרים,250.00,"100 מ""ל",false,0,4.10,1.64,true,1,
6001067025122,false,קולגייט מקס פרש וויט100מ,קולגייט-פלמוליב,BR,משחת שיניים,מיליליטרים,100.00,"100 מ""ל",false,0,22.20,22.20,true,1,
6001298987701,false,גלייד מילוי אב.רענן 269מ,vaill aerosol coster,IL,גלייד מילוי אביב,מיליליטרים,269.00,"100 מ""ל",false,0,15.00,5.58,true,1,
6001298987916,false,גלייד מבשם מילוי 269מל,vaill aerosol coster,IL,גלייד מילוי,מיליליטרים,269.00,"100 מ""ל",false,0,15.00,5.58,true,1,
6111094000259,false,קוסקוס דארי בינוני500גרם,דארי קוספטה אל-זהרה,MA,קוסקוס דארי,גרמים,500.00,100 גרם,false,1,9.80,1.96,true,1,
6957666225220,false,תירס צעיר חתוך 400 גרם,פוג'יאן גואנג טונג פוד,Cn,תירס צעיר חתוך,גרמים,400.00,100 גרם,false,0,5.50,1.38,true,1,
7046110064047,false,2מברשות ג'ודדן לילדים6-9,קלרו,MY,מברשות שיניים,יחידה,1.00,יחידה,false,0,19.80,19.80,true,1,
7290000000022,true,עגבניות חממה,קטיף,IL,עגבניות חממה,קילוגרמים,0.00,"ק""ג",true,0,6.90,6.90,true,1,
7290000000046,true,מלפפונים,קטיף,IL,מלפפונים,קילוגרמים,0.00,"ק""ג",true,0,6.90,6.90,true,1,
7290000000053,true,קשואים,קטיף,IL,קשואים,קילוגרמים,0.00,"ק""ג",true,0,10.90,10.90,true,1,
7290000000091,true,פלפל אדום,קטיף,IL,פלפל אדום,קילוגרמים,0.00,"ק""ג",true,0,9.90,9.90,true,1,
7290000000107,true,פלפל כהה,קטיף,IL,פלפל כהה,קילוגרמים,0.00,"ק""ג",true,0,9.90,9.90,true,1,
7290000000114,true,חצילים,קטיף,IL,חצילים,קילוגרמים,0.00,"ק""ג",true,0,9.90,9.90,true,1,
7290000000121,true,גזר ארוז,קטיף,IL,גזר ארוז,קילוגרמים,0.00,"ק""ג",true,0,5.90,5.90,true,1,
7290000000138,true,כרוב לבן,קטיף,IL,כרוב לבן,קילוגרמים,0.00,"ק""ג",true,0,7.90,7.90,true,1,
7290000000145,true,כרוב אדום,קטיף,IL,כרוב אדום,קילוגרמים,0.00,"ק""ג",true,0,8.90,8.90,true,1,
7290000000176,true,כרובית,קטיף,IL,כרובית,קילוגרמים,0.00,"ק""ג",true,0,10.90,10.90,true,1,
7290000000183,true,סלק,קטיף,IL,סלק,קילוגרמים,0.00,"ק""ג",true,0,5.90,5.90,true,1,
7290000000220,true,קולורבי,קטיף,IL,קולורבי,קילוגרמים,0.00,"ק""ג",true,0,10.90,10.90,true,1,
7290000000244,true,שעועית ירוקה - יח',קטיף,IL,שעועית ירוקה,יחידה,1.00,יחידה,false,0,14.90,14.90,true,1,
7290000000282,true,חסה ערבית-יח',קטיף,IL,חסה ערבית-יח',יחידה,1.00,יחידה,false,0,5.90,5.90,true,1,
7290000000299,true,חסה עגולה-יח',קטיף,IL,חסה עגולה-יח',יחידה,1.00,יחידה,false,0,6.90,6.90,true,1,
7290000000374,true,שמפניון-יח',קטיף,IL,שמפניון-יח',יחידה,1.00,יחידה,false,0,9.90,9.90,true,1,
7290000000411,true,שום - רביעייה במארז,קטיף,XX,שום - רביעייה במארז,יחידה,1.00,יחידה,false,0,8.00,8.00,true,1,
7290000000428,true,בטטות מובחר,קטיף,IL,בטטות מובחר,קילוגרמים,0.00,"ק""ג",true,0,9.90,9.90,true,1,
7290000000435,true,סלרי עלים -יח',קטיף,IL,סלרי עלים -יח',יחידה,1.00,יחידה,false,0,6.90,6.90,true,1,
7290000000442,true,נבטים סיניים-יח',קטיף,IL,נבטים סיניים-יח',יחידה,1.00,יחידה,false,0,7.00,7.00,true,1,
7290000000466,true,בצל ירוק יח',קטיף,IL,בצל ירוק-יח',יחידה,1.00,יחידה,false,0,5.90,5.90,true,1,
7290000000480,true,בצל יבש,קטיף,IL,בצל יבש,קילוגרמים,0.00,"ק""ג",true,0,4.50,4.50,true,1,
7290000000503,true,תפוח אדמה קטן ארוז,קטיף,IL,תפוח אדמה קטן ארוז,קילוגרמים,0.00,"ק""ג",true,0,3.90,3.90,true,1,
7290000000510,true,פטרוזיליה יח',קטיף,IL,פטרוזיליה-יח',יחידה,1.00,יחידה,false,0,4.90,4.90,true,1,
7290000000527,true,שמיר יח',קטיף,IL,שמיר יח',יחידה,1.00,יחידה,false,0,4.90,4.90,true,1,
7290000000534,true,סלרי ראש יח',קטיף,IL,סלרי ראש-יח',יחידה,1.00,יחידה,false,0,6.90,6.90,true,1,
7290000000558,true,כוסברה יח',קטיף,IL,כוסברה יח',יחידה,1.00,יחידה,false,0,4.90,4.90,true,1,
7290000000565,true,נענע יח',קטיף,IL,נענע יח',יחידה,1.00,יחידה,false,0,4.90,4.90,true,1,
7290000000572,true,שומר,קטיף,IL,שומר,קילוגרמים,0.00,"ק""ג",true,0,8.90,8.90,true,1,
7290000000619,true,פלפל חריף,שותפות מזרחי,IL,פלפל חריף,קילוגרמים,0.00,"ק""ג",true,0,9.90,9.90,true,1,
7290000000633,true,עירית יח',קטיף,IL,עירית-יח',יחידה,1.00,יחידה,false,0,6.00,6.00,true,1,
7290000000732,true,דלורית,קטיף,IL,דלורית,קילוגרמים,0.00,"ק""ג",true,0,6.90,6.90,true,1,
7290000000855,true,פלפל צהוב,קטיף,IL,פלפל צהוב,קילוגרמים,0.00,"ק""ג",true,0,9.90,9.90,true,1,
7290000001036,true,בצל יבש אדום,קטיף,XX,בצל יבש אדום,קילוגרמים,0.00,"ק""ג",true,0,5.90,5.90,true,1,
7290000001050,true,בזילקום-יח',קטיף,IL,בזילקום-יח',יחידה,1.00,יחידה,false,0,6.00,6.00,true,1,
7290000001692,true,תפוח אדמה אדום ארוז,קטיף,IL,תפוח אדמה אדום ארוז,קילוגרמים,0.00,"ק""ג",true,0,5.50,5.50,true,1,
7290000001715,true,תפוא לבן ארוז,קטיף,IL,תפוא לבן ארוז,קילוגרמים,0.00,"ק""ג",true,0,4.90,4.90,true,1,
7290000001722,true,תפוח אדמה אדום תפזורת,קטיף,IL,"תפו""א אדום תפז'",קילוגרמים,0.00,"ק""ג",true,0,5.90,5.90,true,1,
7290000002026,true,לחם אחיד 750 גרם,מאפית ברמן,IL,לחם אחיד 750 גרם,גרמים,750.00,100 גרם,false,0,5.07,0.68,true,1,
7290000002040,true,חלה רגילה 500 גרם,מאפית ברמן,IL,חלה רגילה,גרמים,500.00,100 גרם,false,0,5.11,1.02,true,1,
7290000011622,true,גבינה מגורדת** במשקל,,IL,גבינה מגורדת** במשקל,קילוגרמים,0.00,"ק""ג",true,0,41.00,41.00,true,1,
7290000011653,true,גבינה בולגרית5%,,IL,גבינה בולגרית5%,קילוגרמים,0.00,"ק""ג",true,0,79.00,79.00,true,1,
7290000023083,false,ערק אשקלון,,IL,ערק אשקלון,מיליליטרים,700.00,"100 מ""ל",false,0,74.30,10.61,true,1,
7290000023809,false,"ברקן קלאסיק קברנה 750מ""ל",יקבי ברקן,IL,"ברקן קלאסיק קברנה 750מ""ל",מיליליטרים,750.00,"100 מ""ל",false,0,26.90,3.59,true,1,
7290000023816,false,ברקן קלאסיק א.ריזלינג750,יקבי ברקן,IL,ברקן קלאסיק א.ריזלינג750,מיליליטרים,750.00,"100 מ""ל",false,0,26.90,3.59,true,1,
7290000023977,false,"ברקן קלאסיק מרלו 750 מ""ל",יקבי ברקן,IL,"ברקן קלאסיק מרלו 750 מ""ל",מיליליטרים,750.00,"100 מ""ל",false,0,26.90,3.59,true,1,
7290000024202,false,"ברקן רזרב קברנה 750 מ""ל",יקבי ברקן,IL,"ברקן רזרב קברנה 750 מ""ל",מיליליטרים,750.00,"100 מ""ל",false,0,39.90,5.32,true,1,
7290000040042,false,יוגורט יופלה תות3% 150גר,תנובה,IL,יופלה תות 3%,גרמים,150.00,100 גרם,false,0,5.20,3.47,true,1,
7290000040080,false,יוגורט יופלה אפרסק3% 150,תנובה,IL,יופלה אפרסק3%,גרמים,150.00,100 גרם,false,0,5.20,3.47,true,1,
7290000040974,false,חלב טרי 2% דל לקטוז 1 ל,תנובה,IL,חלב טרי 2% דל לקטוז 1 ל,ליטרים,1.00,ליטר,false,0,7.20,7.20,true,1,
7290000041858,false,שמנת חמוצה15% מועשרת200,שטראוס,IL,שמנת חמוצה יטבתה,מיליליטרים,200.00,"100 מ""ל",false,0,2.40,1.20,true,1,
7290000041865,false,לבן יטבתה 4.5% שומן 200מ,יטבתה,IL,לבן יטבתה4.5%,מיליליטרים,200.00,"100 מ""ל",false,0,2.00,1.00,true,1,
7290000041872,false,"לבן יטבתה 3% 200 מ""ל",יטבתה,IL,לבן יטבתה 3%,מיליליטרים,200.00,"100 מ""ל",false,0,2.00,1.00,true,1,
7290000042008,false,חלב מפוסטר 3%שקית 1 ל',תנובה,IL,חלב מפוסטר 3%שקית 1 ל',ליטרים,1.00,ליטר,false,0,5.11,5.11,true,1,
7290000042015,false,חלב 3% מהדרין שקית 1 ל',תנובה,IL,חלב 3% שקית,ליטרים,1.00,ליטר,false,0,5.11,5.11,true,1,
7290000042022,false,חלב על הבוקר1%קרט+.פקק1ל,תנובה,IL,חלב על הבוקר1%קרט+.פקק1ל,ליטרים,1.00,ליטר,false,0,9.40,9.40,true,1,
7290000042244,false,חלב 3% שומן בכד 2 ליטר,תנובה,IL,חלב 3% שומן בכד 2 ליטר,ליטרים,2.00,ליטר,false,0,11.80,5.90,true,1,
7290000042404,false,חלב מועשר3% יטבתה שקית1ל,שטראוס,IL,חלב מועשר3% יטבתה שקית1ל,ליטרים,1.00,ליטר,false,0,5.90,5.90,true,1,
7290000042435,false,חלב מפוסטר 1% בקרטון 1 ל,תנובה,IL,חלב מפוסטר 1% בקרטון 1 ל,ליטרים,1.00,ליטר,false,0,5.55,5.55,true,1,
7290000042442,false,חלב מפוסטר 3% בקרטון 1 ל,תנובה,IL,חלב מפוסטר 3% בקרטון 1 ל,ליטרים,1.00,ליטר,false,0,5.90,5.90,true,1,
7290000042466,false,חלב מועשר 1% בקרטון 1 ל',תנובה,IL,חלב מועשר 1% בקרטון 1 ל',ליטרים,1.00,ליטר,false,0,9.30,9.30,true,1,
7290000042503,false,חלב עמיד הומוגני 3% 1 ל',תנובה,IL,חלב עמיד הומוגני 3% 1 ל',ליטרים,1.00,ליטר,false,0,6.70,6.70,true,1,
7290000043111,false,חמאה 200 גרם,תנובה,IL,חמאה 200 גרם,גרמים,200.00,100 גרם,false,0,7.84,3.92,true,1,
7290000043814,false,שמנת עמידה לקצפת38% 250מ,תנובה,IL,שמנת עמידה לקצפת38% 250מ,מיליליטרים,250.00,"100 מ""ל",false,0,6.20,2.48,true,1,
7290000043890,false,רויון 1.5% בקרטון 1ל,תנובה,IL,רויון בקרטון1.5%,ליטרים,1.00,ליטר,false,0,10.80,10.80,true,1,
7290000043944,false,יוגורט בכד 4% 1.5 ל',תנובה,IL,יוגורט בכד 4%,ליטרים,1.50,ליטר,false,0,16.00,10.67,true,1,
7290000044880,false,באדי מעדן תות 3% 500 גרם,תנובה,IL,מעדן באדי תות 3%,גרמים,500.00,100 גרם,false,0,9.10,1.82,true,1,
7290000045573,false,גבינת נעמה מותכת 25*8 גר,תנובה,IL,גבינת נעמה מותכת 25*8 גר,גרמים,200.00,100 גרם,false,0,15.70,7.85,true,1,
7290000045580,false,גב.נעמה חורש מותכת 240ג,תנובה,IL,גב.נעמה חורש מותכת 240ג,גרמים,240.00,100 גרם,false,0,17.30,7.21,true,1,
7290000045771,false,יוגורט בכד 4.5% 3 ל',תנובה,IL,יוגורט בכד4.5%,ליטרים,3.00,ליטר,false,0,29.60,9.87,true,1,
7290000046006,false,גב.עמק 28% במשקל,תנובה,IL,גב.עמק 28% במשקל,קילוגרמים,0.00,"ק""ג",true,0,42.93,42.93,true,1,
7290000046303,false,גב.גוש חלב פרוסה 200 גר,תנובה,IL,גב.גוש חלב פרוסה 200 גר,גרמים,200.00,100 גרם,false,0,14.20,7.10,true,1,
7290000046327,false,גב.גלבוע פרוסות22% 200גר,תנובה,IL,גב.גלבוע פרוסות22% 200גר,גרמים,200.00,100 גרם,false,0,12.50,6.25,true,1,
7290000046501,false,"גב.טל העמק 1 ק""ג במשקל",תנובה,IL,"גב.טל העמק 1 ק""ג במשקל",גרמים,0.00,"ק""ג",true,0,57.00,57.00,true,1,
7290000046662,false,גב.קשה סקנדינבית31%משקל,תנובה,IL,גב.קשה סקנדינבית31%משקל,קילוגרמים,0.00,"ק""ג",true,0,74.00,74.00,true,1,
7290000047485,false,גב.בולגרית 24%במשקל,תנובה,IL,גב.בולגרית 24%במשקל,קילוגרמים,0.00,"ק""ג",true,0,59.00,59.00,true,1,
7290000047546,false,גב.כנען 5% 500 גרם,תנובה,IL,גב.כנען 5% 500 גרם,גרמים,500.00,100 גרם,false,0,23.30,4.66,true,1,
7290000048185,false,גב.לבנה רכה 5% שומן 250ג,תנובה,IL,גב.לבנה רכה 5% שומן 250ג,גרמים,250.00,100 גרם,false,0,4.80,1.92,true,1,
7290000048192,false,גב.לבנה רכה 9% 250 גרם,תנובה,IL,גב.לבנה רכה 9% 250 גרם,גרמים,250.00,100 גרם,false,0,4.80,1.92,true,1,
7290000048307,false,קוטג' 5% עם זיתים 250 גר,תנובה,IL,קוטג' 5% עם זיתים 250 גר,גרמים,250.00,100 גרם,false,0,5.90,2.36,true,1,
7290000048413,false,גב.חמד פיראוס16% 250 גר,תנובה,IL,גב.חמד פיראוס16% 250 גר,גרמים,250.00,100 גרם,false,0,18.20,7.28,true,1,
7290000048437,false,גבי. צפתית פיראוס5% 200ג,תנובה,IL,גבי. צפתית פיראוס5% 200ג,גרמים,200.00,100 גרם,false,0,12.90,6.45,true,1,
7290000050065,false,"יופלה 360 קלאסי 100*6מ""ל",תנובה,IL,יופלה 360 קלאסי,מיליליטרים,600.00,"100 מ""ל",false,0,12.70,2.12,true,1,
7290000050270,false,פיראוס צפתית עיזים5% 200,תנובה,IL,פיראוס צפתית עיזים5% 200,גרמים,200.00,100 גרם,false,0,15.90,7.95,true,1,
7290000050447,false,יופלה תות 500 גרם,תנובה,IL,יופלה תות,גרמים,500.00,100 גרם,false,0,13.80,2.76,true,1,
7290000050454,false,יופלה אפרסק 500 גרם,תנובה,IL,יופלה אפרסק,גרמים,500.00,100 גרם,false,0,13.80,2.76,true,1,
7290000051352,false,חלב של פעם מלא3.6%-4% 1ל,תנובה,IL,חלב של פעם מלא3.6%-4% 1ל,ליטרים,1.00,ליטר,false,0,7.50,7.50,true,1,
7290000051376,false,יופלה דיאט אננס 0% 150גר,תנובה,IL,יופלה דיאט אננס,גרמים,150.00,100 גרם,false,0,5.20,3.47,true,1,
7290000052250,false,יופלהYYYפירות יער3% 500ג,תנובה,IL,יופלה YYY פ.יער,גרמים,500.00,100 גרם,false,0,13.80,2.76,true,1,
7290000052304,false,"משקה מוקה בקבוק 340 מ""ל",תנובה,IL,משקה מוקה בקבוק,מיליליטרים,340.00,"100 מ""ל",false,0,6.80,2.00,true,1,
7290000052311,false,עמק 15% פרוס בקופסא 200,תנובה,IL,עמק 15% פרוס בקופסא 200,גרמים,200.00,100 גרם,false,0,15.80,7.90,true,1,
7290000052717,false,קוטג' עם שום שמיר5% 250ג,,IL,קוטג' עם שום שמיר5% 250ג,גרמים,250.00,100 גרם,false,0,5.90,2.36,true,1,
7290000055329,false,משקה יוגורט תות-מלון250ג,תנובה,IL,משקה יוגורט,גרמים,250.00,100 גרם,false,0,5.90,2.36,true,1,
7290000055336,false,משקה יוגורט בננ.אפרסק250,תנובה,IL,משקה יוגורט,גרמים,250.00,100 גרם,false,0,5.90,2.36,true,1,
7290000056081,false,פרילי טבע 6 * 200גרם,תנובה,IL,מארז פרילי טבע,קילוגרמים,1.20,"ק""ג",false,0,22.70,18.92,true,1,
7290000056272,false,גבינה לבנה+זיתים 5% 250ג,,,גבינה לבנה+זיתים 5% 250ג,גרמים,250.00,100 גרם,false,0,5.50,2.20,true,1,
7290000056395,false,"מעדן שוקולד 150X4 %0 מ""ל",תנובה,IL,מעדן שוקולד 4יח,מיליליטרים,600.00,"100 מ""ל",false,0,11.30,1.88,true,1,
7290000056845,false,חלב טרי הומוגני3% 1.5ל',תנובה,,חלב טרי הומוגני3% 1.5ל',ליטרים,1.50,ליטר,false,0,8.85,5.90,true,1,
7290000056883,false,יופלה 3% טעמים 150*8גרם,תנובה,IL,יופלה 8 יח במארז,קילוגרמים,1.20,"ק""ג",false,0,30.90,25.75,true,1,
7290000056890,false,יופלה אננס/דובד%0 150*8ג,תנובה,IL,יופלה 0% 8 יח,קילוגרמים,1.20,"ק""ג",false,0,30.90,25.75,true,1,
7290000056906,false,יופלה טבעי 1.5% 150*8גרם,תנובה,IL,יופלה לבן 1.5%,קילוגרמים,1.20,"ק""ג",false,0,17.70,14.75,true,1,
7290000056951,false,שמנת לבישול +15%פקק 500מ,,,שמנת לבישול +15%פקק 500מ,מיליליטרים,500.00,"100 מ""ל",false,0,16.20,3.24,true,1,
7290000056968,false,שמנת מתוקה38%עם פקק 500מ,,,שמנת מתוקה38%עם פקק 500מ,מיליליטרים,500.00,"100 מ""ל",false,0,12.40,2.48,true,1,
7290000057088,false,גבינת עמק דק 28% 200 גרם,תנובה,IL,גבינת עמק דק 28%,גרמים,200.00,100 גרם,false,0,15.80,7.90,true,1,
7290000057149,false,יוגורט תנובה 3% 200 גרם,תנובה,,יוגורט תנובה 3%,גרמים,200.00,100 גרם,false,0,3.10,1.55,true,1,
7290000057477,false,חלב טרי הומוגני3% 1.5ל',תנובה,IL,חלב טרי הומוגני3% 1.5ל',ליטרים,1.50,ליטר,false,0,8.85,5.90,true,1,
7290000060088,false,בייגלה מקלות מלוחים400גר,אסם,IL,בייגלה מקלות,גרמים,400.00,100 גרם,false,0,11.00,2.75,true,1,
7290000060163,false,אטריות דקות 400 גרם,אסם,IL,אטריות דקות,גרמים,400.00,100 גרם,false,0,7.50,1.88,true,1,
7290000060200,false,פתיתים אפויים קוסקוס500ג,אסם,IL,פתיתים אפויים,גרמים,500.00,100 גרם,false,0,7.80,1.56,true,1,
7290000060408,false,פתיתים טבעות 500 גרם,אסם,IL,פתיתים טבעות,גרמים,500.00,100 גרם,false,0,7.80,1.56,true,1,
7290000060903,false,פתיתים אפויים אורז 500 ג,אסם,IL,פתיתים אפויים,גרמים,500.00,100 גרם,false,0,7.80,1.56,true,1,
7290000060958,false,אטריות בינוניות 400 גרם,אסם,IL,אטריות בינוניות,גרמים,400.00,100 גרם,false,0,7.50,1.88,true,1,
7290000060965,false,אטריות רחבות 400 גרם,אסם,IL,אטריות רחבות,גרמים,400.00,100 גרם,false,0,7.50,1.88,true,1,
7290000060972,false,אטריות דקיקות אסם 400 גר,זארה,IT,אטריות דקיקות,גרמים,400.00,100 גרם,false,0,7.50,1.88,true,1,
7290000061108,false,"רוטב טריאקי אסם 290 מ""ל",אסם,IL,רוטב טריאקי,מיליליטרים,290.00,"100 מ""ל",false,0,10.00,3.45,true,1,
7290000063027,false,"לחמית ללא גלוטן 1 ק""ג",אסם,IL,לחמית ללא גלוטן,קילוגרמים,1.00,"ק""ג",false,0,39.60,39.60,true,1,
7290000063102,false,קמח תופח מאליו 350 גרם,אסם,IL,קמח תופח מאליו 350 גרם,גרמים,350.00,100 גרם,false,0,5.80,1.66,true,1,
7290000063133,false,שקדי מרק רכיבים טבעי100ג,אסם,IL,שקדי מרק אסם,גרמים,100.00,100 גרם,false,0,6.30,6.30,true,1,
7290000063140,false,שקדי מרק רכיבים טבעי400ג,אסם,IL,שקדי מרק אסם,גרמים,400.00,100 גרם,false,0,10.00,2.50,true,1,
7290000063157,false,"קמח תופח מאליו 1 ק""ג",אסם,IL,קמח תופח מאליו,קילוגרמים,1.00,"ק""ג",false,0,10.20,10.20,true,1,
7290000064505,false,תבשיל פתיתים+ירקות 130גר,אסם,IL,תבשיל פתיתים,גרמים,130.00,100 גרם,false,0,12.50,9.62,true,1,
7290000064758,false,קוסקוס בינוני 350 גרם,קוסקוס מזון,IL,קוסקוס בינוני,גרמים,350.00,100 גרם,false,0,8.70,2.49,true,1,
7290000065090,false,מיני קרוטונים מתובל400 ג,עינת,IL,מיני קרוטונים,גרמים,400.00,100 גרם,false,0,26.50,6.63,true,1,
7290000065557,false,מ.חמה קוסקוס עם ירקות 84,אסם,IL,מנה חמה קוסקוס,גרמים,84.00,100 גרם,false,0,7.50,8.93,true,1,
7290000065724,false,סירופ ויטמינצ'יק לימון1ל,בית השיטה,IL,ויטמינצ'יק לימון,ליטרים,1.00,ליטר,false,0,13.80,13.80,true,1,
7290000066165,false,ביסלי ברביקיו 67 גרם,אסם,IL,ביסלי ברביקיו 67 גרם,גרמים,67.00,100 גרם,false,0,4.50,6.72,true,1,
7290000066219,false,ביסלי ברביקיו 190 גרם,אסם,IL,ביסלי ברביקיו 190 גרם,גרמים,190.00,100 גרם,false,0,7.40,3.89,true,1,
7290000066295,false,במבה מתוקה 30 גרם,אסם,IL,במבה מתוקה,גרמים,30.00,100 גרם,false,0,2.90,9.67,true,1,
7290000067544,false,פירורית זהב 200 גרם,עינת,IL,פירורית זהב,גרמים,200.00,100 גרם,false,0,6.90,3.45,true,1,
7290000067599,false,מנה חמה ספגטי בולונז 65ג,אסם,IL,מנה חמה בולונז,גרמים,65.00,100 גרם,false,0,7.50,11.54,true,1,
7290000067735,false,"ניוקי תפו""א 500 גרם",איטלניוקי,IT,ניוקי פרפקטו,גרמים,500.00,100 גרם,false,0,12.80,2.56,true,1,
7290000068138,false,אינסטנט פודינג וניל 80גר,אסם,IL,אינסטנט פודינג,גרמים,80.00,100 גרם,false,0,5.70,7.13,true,1,
7290000068190,false,ג'לי בטעם תות 90 גרם,אסם,IL,ג'לי בטעם תות,גרמים,90.00,100 גרם,false,0,7.50,8.33,true,1,
7290000070322,false,מרק פטריות ר.טבעיים400גר,אסם,IL,מרק פטריות אסם,גרמים,400.00,100 גרם,false,0,28.90,7.23,true,1,
7290000070384,false,מרק בטעם עוף זך עדיף400ג,אסם,IL,מרק בטעם עוף,גרמים,400.00,100 גרם,false,0,15.90,3.98,true,1,
7290000071596,false,תערוב.תיבול עוף צ'ילי78ג,אסם,IL,תערובת צ'ילי,גרמים,78.00,100 גרם,false,0,6.80,8.72,true,1,
7290000072081,false,פירורית זהב 350*2 גרם,עינת,IL,פירורית זהב 2 יח,גרמים,700.00,100 גרם,false,0,13.80,1.97,true,1,
7290000072227,false,"רוטב סויה סיני 290 מ""ל",אסם,IL,רוטב סויה,מיליליטרים,290.00,"100 מ""ל",false,0,11.60,4.00,true,1,
7290000072241,false,"רוטב פיצה 290 מ""ל",אסם,IL,רוטב לפיצה אסם,מיליליטרים,290.00,"100 מ""ל",false,0,10.00,3.45,true,1,
7290000072623,false,קטשופ בקבוק לחיץ 750 גרם,אסם,IL,קטשופ בקבוק לחיץ,גרמים,750.00,100 גרם,false,0,11.90,1.59,true,1,
7290000072692,false,רוטב ספגטי 500 גרם,אסם,IL,רוטב ספגטי 500 גרם,גרמים,500.00,100 גרם,false,0,10.00,2.00,true,1,
7290000072753,false,נסקפה טסטר'ס צ'ויס200ג,נסטלה,KR,נסקפה טסטרס צויס,גרמים,200.00,100 גרם,false,0,29.90,14.95,true,1,
7290000072777,false,טסטרס צ'ויס נט.קפאין200,נסטלה,KR,קפה טסטרס צויס,גרמים,200.00,100 גרם,false,0,39.60,19.80,true,1,
7290000072784,false,טסטרס צ'ויס נט.קפאין100ג,נסטלה,KR,קפה טסטרס צויס,גרמים,100.00,100 גרם,false,0,29.60,29.60,true,1,
7290000072968,false,סיני מיניס 500 גרם,נסטלה,PL,דגני נסטלה,גרמים,500.00,100 גרם,false,0,15.00,3.00,true,1,
7290000073125,false,מ.חמה פסטה ברוטב עגבניות,אסם,IL,מנה חמה פסטה,גרמים,62.00,100 גרם,false,0,7.50,12.10,true,1,
7290000074252,false,קרקר שומשום 250 גרם,אסם,IL,קרקר שומשום אסם,גרמים,250.00,100 גרם,false,0,10.60,4.24,true,1,
7290000074375,false,קרקר זהב 150 גרם,אסם,IL,קרקר זהב אסם,גרמים,150.00,100 גרם,false,0,8.00,5.33,true,1,
7290000075143,false,עוג. שוקוצ'יפס קלאסי200ג,אסם,IL,עוגיות שוקוצ'יפס,גרמים,200.00,100 גרם,false,0,12.70,6.35,true,1,
7290000075372,false,פיטנס שקדים ודבש 355*2גר,נסטלה,FR,פיטנס זוג,גרמים,710.00,100 גרם,false,0,26.90,3.79,true,1,
7290000076126,false,בייגלה שמיניות קטנות80גר,אסם,IL,בייגלה שמיניות,גרמים,80.00,100 גרם,false,0,3.50,4.38,true,1,
7290000076157,false,נסקוויק אבקה להכ.שוקו450,אסם,IL,נסקוויק שוקו,גרמים,450.00,100 גרם,false,0,16.20,3.60,true,1,
7290000077017,false,קרמוגית ממולא שוקו200.גר,אסם,IL,קרמוגית שוקולד,גרמים,200.00,100 גרם,false,0,12.70,6.35,true,1,
7290000079875,false,"גל.גויה מייפל פקאן 500מ""",נסטלה,IL,"גל.גויה מייפל פקאן 500מ""",מיליליטרים,500.00,"100 מ""ל",false,0,21.70,4.34,true,1,
7290000080529,false,קישוא+בצל מטוגן רפי400גר,צבר,IL,סלט קישואים,גרמים,400.00,100 גרם,false,0,17.50,4.38,true,1,
7290000080536,false,חציל טעם כבד רפי כהן400ג,צבר,IL,חציל טעם כבד תבר,גרמים,400.00,100 גרם,false,0,17.50,4.38,true,1,
7290000103341,false,מרק עגבניות 644גרם,סנפרוסט,IL,מרק עגבניות,גרמים,644.00,100 גרם,false,0,18.70,2.90,true,1,
7290000103426,false,אורז עם אפונה וגזר 700גר,סנפרוסט,IL,אורז עם אפונה וגזר 700גר,גרמים,700.00,100 גרם,false,0,18.70,2.67,true,1,
7290000103815,false,לקט להקפצה תאילנדי 800גר,סנפרוסט,IL,לקט להקפצה תאילנדי 800גר,גרמים,800.00,100 גרם,false,0,26.40,3.30,true,1,
7290000103822,false,לקט לעוף 800גרם,סנפרוסט,IL,לקט לעוף 800גרם,גרמים,800.00,100 גרם,false,0,25.20,3.15,true,1,
7290000103839,false,מרק כתום 572גרם,סנפרוסט,IL,מרק כתום,גרמים,572.00,100 גרם,false,0,18.70,3.27,true,1,
7290000103846,false,מרק אפונה 572גרם,סנפרוסט,IL,מרק אפונה,גרמים,572.00,100 גרם,false,0,18.70,3.27,true,1,
7290000103860,false,מרק עדשים 572גרם,סנפרוסט,IL,מרק עדשים,גרמים,572.00,100 גרם,false,0,18.70,3.27,true,1,
7290000103877,false,מרק שעועית 644גרם,סנפרוסט,IL,מרק שעועית,גרמים,644.00,100 גרם,false,0,18.70,2.90,true,1,
7290000104072,false,עדשים ירוקות מבושלות 800,סנפרוסט,IL,עדשים ירוקות מבושלות 800,גרמים,800.00,100 גרם,false,0,21.70,2.71,true,1,
7290000104225,false,בצל קצוץ מוקפא 600 גרם,סנפרוסט,IL,בצל קצוץ מוקפא,גרמים,600.00,100 גרם,false,0,19.10,3.18,true,1,
7290000104706,false,גזר גמדי מוקפא 800 גרם,סנפרוסט,IL,גזר גמדי מוקפא,גרמים,800.00,100 גרם,false,0,19.40,2.43,true,1,
7290000104751,false,כרוב ניצנים מוקפא 800 גר,סנפרוסט,IL,כרוב ניצנים קפוא,גרמים,800.00,100 גרם,false,0,27.80,3.48,true,1,
7290000104768,false,תרד עלים מוקפא 800 גרם,סנפרוסט,IL,תרד עלים מוקפא,גרמים,800.00,100 גרם,false,0,28.40,3.55,true,1,
7290000104799,false,שעועית לבנה מבושלת 800גר,סנפרוסט,IL,שעועית לבנה,גרמים,800.00,100 גרם,false,0,21.70,2.71,true,1,
7290000104881,false,אפונה וגזר 800 גרם,סנפרוסט,IL,אפונה וגזר 800 גרם,גרמים,800.00,100 גרם,false,0,18.60,2.33,true,1,
7290000104904,false,לקט ירקות מעורבים 800גרם,סנפרוסט,IL,לקט ירקות מעור,גרמים,800.00,100 גרם,false,0,24.70,3.09,true,1,
7290000107165,false,חטיף פולי סויה 400 גרם,סנפרוסט,IL,חטיף פולי סויה 400 גרם,גרמים,400.00,100 גרם,false,0,16.00,4.00,true,1,
7290000110035,false,מרגר.בלובנד לבישול 200גר,יוניליוור,IL,מרגרינה בלובנד,גרמים,200.00,100 גרם,false,0,4.70,2.35,true,1,
7290000110851,false,כיפלי בצל 70 גרם,יוניליוור,IL,כיפלי בטעם בצל,גרמים,70.00,100 גרם,false,0,6.10,8.71,true,1,
7290000111117,false,מרכך כביסה בדין לבן 4 לי,יוניליוור,IL,מרכך כביסה בדין,ליטרים,4.00,ליטר,false,0,24.70,6.18,true,1,
7290000112220,false,טחינה גולמית 100% 500 גר,רושדי תעשיות מזון,IL,טחינה גולמית,גרמים,500.00,100 גרם,false,0,12.90,2.58,true,1,
7290000112503,false,מרק עשיר ירקות קנור 61גר,יוניליוור,IL,מרק ירקות קנור,גרמים,61.00,100 גרם,false,0,8.00,13.11,true,1,
7290000112619,false,מרק עוף קנור 400 גרם,יוניליוור,IL,מרק עוף אמיתי,גרמים,400.00,100 גרם,false,0,16.90,4.23,true,1,
7290000113654,false,נמס בכוס לייט ירקות17*2ג,יוניליוור,IL,נמס בכוס לייט,גרמים,34.00,100 גרם,false,0,7.80,22.94,true,1,
7290000114255,false,קווקר שבולת שועל 500 גרם,יוניליוור,IL,שיבולת שועל,גרמים,500.00,100 גרם,false,0,16.50,3.30,true,1,
7290000116921,false,רוטב צ'ילי מתוק קנור300מ,יוניליוור,IL,רוטב צ'ילי מתוק,מיליליטרים,300.00,"100 מ""ל",false,0,10.00,3.33,true,1,
7290000116945,false,"רוטב סויה קנור 300 מ""ל",יוניליוור,IL,רוטב סויה קלאסי,מיליליטרים,300.00,"100 מ""ל",false,0,11.30,3.77,true,1,
7290000117386,false,מארז 8 חטיפי דגנים שוגי,יוניליוור,IL,חטיפי דגנים 8 יח,גרמים,208.00,100 גרם,false,0,15.00,7.21,true,1,
7290000118277,false,קניידלך כופתאות מצה65*2ג,יוניליוור,IL,אבקה לקניידלך,גרמים,130.00,100 גרם,false,0,11.80,9.08,true,1,
7290000121031,false,גב.מותכת למריחה 14% 120ג,נטו,IL,גבינה מותכת,גרמים,120.00,100 גרם,false,0,10.80,9.00,true,1,
7290000121055,false,גבינת טעם טוב מותכת 7%,,IL,גבינת טעם טוב מותכת 7%,גרמים,100.00,100 גרם,false,0,9.80,9.80,true,1,
7290000121079,false,גבינת מון בלאן שמיר 120ג,נטו,IL,גבינת מון בלאן שמיר 120ג,גרמים,120.00,100 גרם,false,0,10.00,8.33,true,1,
7290000121239,false,מיוקל5% ללא כולסטרול500ג,יוניליוור,IL,מיוקל 5% שומן,גרמים,500.00,100 גרם,false,0,15.60,3.12,true,1,
7290000121369,false,קונפ778. תות שדה לייט300,יוניליוור,IL,קונפיטורה 778,גרמים,300.00,100 גרם,false,0,12.30,4.10,true,1,
7290000121376,false,קונפ778.אוכמניות לייט300,יוניליוור,IL,קונפיטורה 778,גרמים,300.00,100 גרם,false,0,12.30,4.10,true,1,
7290000122687,false,סירופ שוקולד אפיכל 600גר,יוניליוור,IL,סירופ שוקולד,גרמים,600.00,100 גרם,false,0,13.80,2.30,true,1,
7290000122700,false,סירופ מייפל 600 גרם,יוניליוור,IL,סירופ מייפל,גרמים,600.00,100 גרם,false,0,13.80,2.30,true,1,
7290000127224,false,קונפיטורה תות 778 340גרם,יוניליוור,IL,קונפיטורת תות,גרמים,340.00,100 גרם,false,0,13.90,4.09,true,1,
7290000129457,false,רוטב פטריות 28 גרם,יוניליוור,IL,רוטב פטריות,גרמים,28.00,100 גרם,false,0,4.60,16.43,true,1,
7290000130248,false,קמח מצה חמץ 500 גרם,מצות אביב,IL,קמח מצה חמץ,גרמים,500.00,100 גרם,false,0,7.00,1.40,true,1,
7290000134123,false,פלפל שחור טחון 40 גרם,תבליני טעם וריח,IL,פלפל שחור טחון 40 גרם,גרמים,40.00,100 גרם,false,0,12.40,31.00,true,1,
7290000134307,false,קינמון טחון 50 גרם,תבליני טעם וריח,IL,קינמון טחון 50 גרם,גרמים,50.00,100 גרם,false,0,7.80,15.60,true,1,
7290000134352,false,קינמון טחון 80 גרם,תבליני טעם וריח,IL,קינמון טחון 80 גרם,גרמים,80.00,100 גרם,false,0,11.80,14.75,true,1,
7290000134833,false,כמון טחון 100 גרם,תבליני טעם וריח,IL,כמון טחון 100 גרם,גרמים,100.00,100 גרם,false,0,12.80,12.80,true,1,
7290000134840,false,כורכום טחון 100 גרם,תבליני טעם וריח,IL,כורכום טחון 100 גרם,גרמים,100.00,100 גרם,false,0,12.50,12.50,true,1,
7290000134857,false,פפריקה מתוקה במיכל100גרם,תבליני טעם וריח,IL,פפריקה מתוקה במיכל100גרם,גרמים,100.00,100 גרם,false,0,12.80,12.80,true,1,
7290000134871,false,פלפל שחור במיכל 100 גרם,תבליני טעם וריח,IL,פלפל שחור במיכל 100 גרם,גרמים,100.00,100 גרם,false,0,17.40,17.40,true,1,
7290000134987,false,פלפל שחור גרוס במיכל90גר,תבליני טעם וריח,IL,פלפל שחור גרוס במיכל90גר,גרמים,90.00,100 גרם,false,0,17.40,19.33,true,1,
7290000136738,false,ג'אמפ אשכוליות 1.5 ליטר,טמפו,IL,ג'אמפ אשכוליות,ליטרים,1.50,ליטר,false,0,6.80,4.53,true,1,
7290000139104,false,שלווה בשקית 230 גרם,שופרסל,IL,שלווה בשקית 230 גרם,גרמים,230.00,100 גרם,false,0,8.80,3.83,true,1,
7290000139227,false,דגן תפוח ממותק 150 גרם,,IL,דגן תפוח ממותק 150 גרם,גרמים,150.00,100 גרם,false,0,8.80,5.87,true,1,
7290000139258,false,שלווה טבע + סוכר חום200ג,שופרסל,IL,שלווה טבע + סוכר חום200ג,גרמים,200.00,100 גרם,false,0,8.80,4.40,true,1,
7290000143200,false,מרכך הוואי לשיער יבש700מ,טרופיקל דגיל,IL,מרכך הוואי לשיער יבש700מ,מיליליטרים,700.00,"100 מ""ל",false,0,9.90,1.41,true,1,
7290000143286,false,"הוואי מרכך ירוק 700 מ""ל",טרופיקל דגיל,IL,"הוואי מרכך ירוק 700 מ""ל",מיליליטרים,700.00,"100 מ""ל",false,0,9.90,1.41,true,1,
7290000144160,false,שמן זית בטעם מודגש 750מל,שמן תעשיות,IL,שמן זית בטעם מודגש 750מל,מיליליטרים,750.00,"100 מ""ל",false,0,36.60,4.88,true,1,
7290000146683,false,סבון הוואי לבן 100*4 גרם,טרופיקל דגיל,PL,סבון הוואי 4 יח,גרמים,400.00,100 גרם,false,0,14.80,3.70,true,1,
7290000146713,false,סבון הוואי לגונה 100*4 ג,טרופיקל דגיל,IL,סבון הוואי 4 יח,גרמים,400.00,100 גרם,false,0,14.80,3.70,true,1,
7290000148298,false,מיץ תפוזים 100%טבעי 2 לי,פריגת,IL,מיץ תפוזים 100%טבעי 2 לי,ליטרים,2.00,ליטר,false,0,26.70,13.35,true,1,
7290000149851,false,סינטבון כפול לנקיון 460ג,נקה,IL,סינטבון כפול לנקיון 460ג,גרמים,460.00,100 גרם,false,0,10.80,2.35,true,1,
7290000149905,false,טקסטיל נוזל לכביסה 1ליטר,נקה,IL,נוזל כביס טקסטיל,ליטרים,1.00,ליטר,false,0,14.80,14.80,true,1,
7290000151281,false,חזה עוף ברביקיו 300 גרם,עוף טוב,IL,חזה עוף ברביקיו,גרמים,300.00,100 גרם,false,0,27.70,9.23,true,1,
7290000151328,false,חזה הודו מעושן 300 גרם,עוף טוב,IL,חזה הודו מעושן,גרמים,300.00,100 גרם,false,0,27.70,9.23,true,1,
7290000151472,false,פסטרמה אמריקאית 300 גרם,עוף טוב,IL,פסטרמה אמריקאית,גרמים,300.00,100 גרם,false,0,27.70,9.23,true,1,
7290000158105,false,שניצל דינוזאור 700גרם,עוף טוב,IL,שניצל דינוזאור 700גרם,גרמים,700.00,100 גרם,false,0,40.00,5.71,true,1,
7290000158211,false,שניצל דק ענק 700גרם,עוף טוב,,שניצל דק ענק,גרמים,700.00,100 גרם,false,0,42.50,6.07,true,1,
7290000158235,false,שניצל ע.דק בציפוי 700גרם,עוף טוב,IL,שניצל דק בציפוי,גרמים,700.00,100 גרם,false,0,42.50,6.07,true,1,
7290000158273,false,שניצל אמיתי מעודן 700גרם,עוף טוב,IL,שניצל אמיתי מעודן 700גרם,גרמים,0.00,100 גרם,false,0,46.50,46.50,true,1,
7290000159010,false,שניצל דובונים 700גרם,עוף טוב,IL,שניצל דובונים 700גרם,גרמים,700.00,100 גרם,false,0,40.00,5.71,true,1,
7290000159034,false,שניצל אמיתי קריספי 700גר,עוף טוב,IL,שניצל אמיתי קריספי 700גר,גרמים,0.00,100 גרם,false,0,49.00,49.00,true,1,
7290000159096,false,חזה עוף צלוי ברביקיו 500,עוף טוב,IL,חזה עוף צלוי ברביקיו 500,גרמים,500.00,100 גרם,false,0,45.10,9.02,true,1,
7290000162515,false,"קורנפלקס וניל בד""צ500גרם",יוניליוור,,קורנפלקס וניל,גרמים,500.00,100 גרם,false,0,20.80,4.16,true,1,
7290000162812,false,מיקספלקס פלוס טרופי400גר,דליסר,,מיקספלקס פלוס,גרמים,400.00,100 גרם,false,0,27.70,6.93,true,1,
7290000162829,false,מיקספלקס פלוס אגוזים400ג,דליסר,,מיקספלקס פלוס,גרמים,400.00,100 גרם,false,0,27.70,6.93,true,1,
7290000162836,false,מיקספלקס פלוס צימוקים400,דליסר,,מיקספלקס פלוס,גרמים,400.00,100 גרם,false,0,27.70,6.93,true,1,
7290000163024,false,רוטב חרדל דבש לייט305גרם,יוניליוור,IL,רוטב חרדל דבש,גרמים,305.00,100 גרם,false,0,10.00,3.28,true,1,
7290000164632,false,בדין אקסטרה בייבי 960 מל,יוניליוור,TR,בדין אקסטרה,מיליליטרים,960.00,"100 מ""ל",false,0,27.90,2.91,true,1,
7290000165189,false,דאו.דאב ביוטי פיניש169מ,יוניליוור,AR,דאודורנט דאב,מיליליטרים,169.00,"100 מ""ל",false,0,27.70,16.39,true,1,
7290000165509,false,תחליב רח.פינוק קמומיל700,יוניליוור,IL,תחליב רחצה פינוק,מיליליטרים,700.00,"100 מ""ל",false,0,14.90,2.13,true,1,
7290000165691,false,"מרכך שמן אבוקדו 700 מ""ל",יוניליוור,IL,מרכך שמן אבוקדו,מיליליטרים,700.00,"100 מ""ל",false,0,9.90,1.41,true,1,
7290000166179,false,חטיף מיקספלקס שוק.מריר6י,גוצ'מולר,IL,חטיפי מיקספלקס,גרמים,132.00,100 גרם,false,0,20.20,15.30,true,1,
7290000166711,false,שוגי 20% פחות סוכר 500גר,יוניליוור,IL,שוגי מופחת סוכר,גרמים,500.00,100 גרם,false,0,25.20,5.04,true,1,
7290000167756,false,קינמונים 500 גרם,דליסר,IL,קינמונים,גרמים,500.00,100 גרם,false,0,23.00,4.60,true,1,
7290000167985,false,"דאו.דאב מן קלין 150 מ""ל",יוניליוור,IL,דאודורנט דאב מן,מיליליטרים,150.00,"100 מ""ל",false,0,24.80,16.53,true,1,
7290000168173,false,ברנפלקס קרנצ'ים 375 גרם,יוניליוור,IL,ברנפלקס קרנצ'ים,גרמים,375.00,100 גרם,false,0,24.90,6.64,true,1,
7290000168289,false,שמפו פינוק שמן מרוקאי700,יוניליוור,IL,שמפו פינוק,מיליליטרים,700.00,"100 מ""ל",false,0,9.90,1.41,true,1,
7290000168302,false,תחליב פינוק שמן מרוקא700,יוניליוור,IL,תחליב רחצה פינוק,מיליליטרים,700.00,"100 מ""ל",false,0,9.90,1.41,true,1,
7290000169538,false,נמס בכוס עגבנ.וקרוטונים,יוניליוור,IL,נמס בכוס,גרמים,62.00,100 גרם,false,0,7.80,12.58,true,1,
7290000169798,false,עוגי 20% פחות סוכר 500גר,יוניליוור,IL,עוגי מופחת סוכר,גרמים,500.00,100 גרם,false,0,25.40,5.08,true,1,
7290000170053,false,שוקולד פרה חלב 100 גרם,עלית,IL,שוקולד פרה חלב,גרמים,100.00,100 גרם,false,0,6.00,6.00,true,1,
7290000170077,false,שוק.מריר 100 גרם,עלית,IL,שוקולד מריר,גרמים,100.00,100 גרם,false,0,6.00,6.00,true,1,
7290000170275,false,שוקולד ממולא קרם נוגט100,עלית,IL,שוקולד ממולא,גרמים,100.00,100 גרם,false,0,6.60,6.60,true,1,
7290000174044,false,"בפלות בטעם שוקולד 1 ק""ג",עלית,IL,בפלות טעם שוקולד,קילוגרמים,1.00,"ק""ג",false,0,19.70,19.70,true,1,
7290000174099,false,בפלות בטעם שוקולד 500 גר,עלית,IL,בפלות שוקולד,גרמים,500.00,100 גרם,false,0,13.90,2.78,true,1,
7290000174723,false,שוקולית בפחית עלית 500גר,עלית,IL,שוקולית,גרמים,500.00,100 גרם,false,0,13.80,2.76,true,1,
7290000176062,false,קפה טורקי בצלופן 100 גרם,שטראוס,RO,קפה טורקי בצלופן 100 גרם,גרמים,100.00,100 גרם,false,0,9.50,9.50,true,1,
7290000176079,false,קפה טורקי עם הל 100 גרם,עלית,IL,קפה טורקי עם הל,גרמים,100.00,100 גרם,false,0,9.40,9.40,true,1,
7290000176093,false,קפה אלדין טורקי ואקום200,עלית,IL,קפה אלדין טורקי ואקום200,גרמים,200.00,100 גרם,false,0,21.70,10.85,true,1,
7290000176192,false,קפה טורקי האג ואקום200גר,שטראוס,IL,קפה טורקי האג ואקום200גר,גרמים,200.00,100 גרם,false,0,28.90,14.45,true,1,
7290000176413,false,קפה נמס 50 גרם,עלית,IL,קפה נמס 50 גרם,גרמים,50.00,100 גרם,false,0,10.20,20.40,true,1,
7290000176420,false,קפה נמס 200 גרם,עלית,IL,קפה נמס,גרמים,200.00,100 גרם,false,0,20.90,10.45,true,1,
7290000176468,false,קפה נמס האג נט. קפאין50ג,עלית,IL,קפה נמס האג,גרמים,50.00,100 גרם,false,0,12.60,25.20,true,1,
7290000176475,false,האג נטול קופאין 200 גרם,שטראוס,IL,האג נטול קופאין 200 גרם,גרמים,200.00,100 גרם,false,0,37.00,18.50,true,1,
7290000176857,false,שוקולד לבן 100 גרם,עלית,IL,שוקולד לבן,גרמים,100.00,100 גרם,false,0,6.00,6.00,true,1,
7290000178660,false,בפלות מצופים שוקולד 500ג,עלית,IL,בפלות מצופים,גרמים,500.00,100 גרם,false,0,18.40,3.68,true,1,
7290000180212,false,שוקולד מריר אגוז 100 גרם,עלית,IL,שוקולד מריר,גרמים,100.00,100 גרם,false,0,6.60,6.60,true,1,
7290000187617,false,נייר טואלט לילי פסטל30ג,חוגלה קימברלי,IL,נייר טואלט לילי,מטרים,552.00,100 מטר,false,1,37.90,6.87,true,1,
7290000187938,false,נ.טואלט לילי פסטל 32 גלי,חוגלה קימברלי,IL,נייר טואלט,מטרים,588.00,100 מטר,false,0,39.90,6.79,true,1,
7290000188065,false,62מגן תח.קוטקס סילק לייט,חוגלה קימברלי,CN,מגן תחתון קוטקס,יחידה,1.00,יחידה,false,0,17.90,17.90,true,1,
7290000188249,false,מגבת ויוה חוזק מוגבר,חוגלה קימברלי,IL,מגבת ויוה,מטרים,18.00,מטר,false,0,20.20,1.12,true,1,
7290000188270,false,קלינקס אולטרה סופט זוג,חוגלה קימברלי,IL,קלינקס אולטרה,יחידה,1.00,יחידה,false,0,16.80,16.80,true,1,
7290000188355,false,מגבות נייר ניקול 6גלילים,חוגלה קימברלי,IL,מגבות ניקול,מטרים,65.00,מטר,false,0,11.80,0.18,true,1,
7290000188591,false,60מגני תחתון קוטקס סילקY,חוגלה קימברלי,CN,מגן תחתון קוטקס,יחידה,1.00,יחידה,false,0,17.90,17.90,true,1,
7290000189192,false,סופר מטלית ניקול 64 יח',חוגלה קימברלי,,מטליות נייר,מטרים,18.00,מטר,false,0,17.60,0.98,true,1,
7290000189208,false,מטלית הקסם למשטחים 1 יח',חוגלה קימברלי,CN,מטלית הקסם,יחידה,1.00,יחידה,false,0,6.90,6.90,true,1,
7290000189505,false,5 תבניות קרטון אינגליש,חוגלה קימברלי,IL,5 תבניות קרטון אינגליש,יחידה,1.00,יחידה,false,0,11.40,11.40,true,1,
7290000190174,false,מפיות ניקול 2 יח85X' יח',חוגלה קימברלי,IL,מפיות ניקול זוג,יחידה,1.00,יחידה,false,0,13.70,13.70,true,1,
7290000190532,false,50מפיות ניקול 2P מודפסות,חוגלה קימברלי,,מפיות ניקול,יחידה,1.00,יחידה,false,0,8.00,8.00,true,1,
7290000190563,false,מפיות ניקול מעוצבות85X2י,חוגלה קימברלי,,מפיות ניקול זוג,יחידה,1.00,יחידה,false,0,13.70,13.70,true,1,
7290000191225,false,46האגיס ליטל בייביס שלב2,חוגלה קימברלי,IL,האגיס ליטל בייבי,יחידה,1.00,יחידה,false,1,34.60,34.60,true,1,
7290000191645,false,36האגיס ניו בורן עד 4 קג,חוגלה קימברלי,IL,חיתולי האגיס,יחידה,1.00,יחידה,false,0,32.90,32.90,true,1,
7290000193410,false,נ.ט מולט קומפקט,,IL,נ.ט מולט קומפקט,מטרים,716.00,מטר,false,0,36.60,0.05,true,1,
7290000193472,false,60פדיות לילי נטורל נורמל,חוגלה קימברלי,IL,פדיות לילי,יחידה,1.00,יחידה,false,0,18.50,18.50,true,1,
7290000195537,false,מגב.האגיס ללא בישום 72*4,חוגלה קימברלי,IL,מגבוני האגיס 4יח,יחידה,1.00,יחידה,false,0,25.90,25.90,true,1,
7290000195544,false,מגב.האגיס בישום עדין72*4,חוגלה קימברלי,IL,מגב.האגיס בישום עדין72*4,יחידה,1.00,יחידה,false,0,25.90,25.90,true,1,
7290000196039,false,מפות שולחן ניקול 2 יח',חוגלה קימברלי,IL,זוג מפות שולחן,יחידה,1.00,יחידה,false,0,14.30,14.30,true,1,
7290000197456,false,44האגיס פרידום דריי שלב4,חוגלה קימברלי,IL,חיתולי האגיס,יחידה,1.00,יחידה,false,0,41.00,41.00,true,1,
7290000197463,false,42האגיס פרידום דרי שלב+4,חוגלה קימברלי,IL,חיתולי האגיס,יחידה,1.00,יחידה,false,0,41.00,41.00,true,1,
7290000197548,false,38האגיס פרידום דריי שלב5,חוגלה קימברלי,IL,חיתולי האגיס,יחידה,1.00,יחידה,false,0,41.00,41.00,true,1,
7290000197654,false,ניקול50 אשפתון 70X90ענק,חוגלה קימברלי,IL,אשפתון ניקול,יחידה,1.00,יחידה,false,0,23.10,23.10,true,1,
7290000197753,false,ניילון נצמד ניקול 30*2מ,חוגלה קימברלי,IL,ניילון נצמד ניקול 30*2מ,מטרים,60.00,מטר,false,0,13.10,0.22,true,1,
7290000199313,false,קוטקס יאנג 28 יחידות,חוגלה קימברלי,IL,קוטקס תחבושות,יחידה,1.00,יחידה,false,0,17.90,17.90,true,1,
7290000204215,false,כריות יפניות ניקול 6יח',חוגלה קימברלי,IL,כריות יפניות,יחידה,1.00,יחידה,false,0,12.50,12.50,true,1,
7290000207063,false,רסק עגבניות פריכוז260גרם,זנלכל,IL,רסק עגבניות פריכוז260גרם,גרמים,260.00,100 גרם,false,0,4.90,1.88,true,1,
7290000207162,false,רסק עגבניות 100 גרם,זנלכל,IL,רסק עגבניות 100 גרם,גרמים,100.00,100 גרם,false,0,2.10,2.10,true,1,
7290000208084,false,אפונה בינונית 550ג' יכין,זנלכל,IL,אפונת גינה,גרמים,550.00,100 גרם,false,0,7.50,1.36,true,1,
7290000208329,false,גרעיני תירס מתוק 550 גרם,זנלכל,IL,גרעיני תירס מתוק 550 גרם,גרמים,550.00,100 גרם,false,0,6.80,1.24,true,1,
7290000208428,false,חומוס שלם יכין 550 גרם,זנלכל,IL,חומוס שלם יכין 550 גרם,גרמים,560.00,100 גרם,false,0,6.60,1.18,true,1,
7290000209500,false,סירופ דיאט תפוזים1ל'יכין,זנלכל,IL,סירופ דיאט תפוזי,ליטרים,1.00,ליטר,false,0,8.90,8.90,true,1,
7290000209562,false,סירופ מנגו דיאט 1ל' יכין,זנלכל,IL,סירופ מנגו דיאט,ליטרים,1.00,ליטר,false,0,8.90,8.90,true,1,
7290000209722,false,ת.עגבניות פריכוז30%-28%,זנלכל,IL,ת.עגבניות פריכוז30%-28%,גרמים,580.00,100 גרם,false,0,8.40,1.45,true,1,
7290000211312,false,"אורז מלא ארוך ""סוגת"" 1קג",סוגת,IL,"אורז מלא ארוך ""סוגת"" 1קג",קילוגרמים,1.00,"ק""ג",false,0,11.80,11.80,true,1,
7290000211442,false,"אורז פרסי קלאסי 1ק""ג",סוגת,IL,"אורז פרסי קלאסי 1ק""ג",קילוגרמים,1.00,"ק""ג",false,0,8.90,8.90,true,1,
7290000214115,false,מרק עוף בצנצנת ויטה400גר,פרי גליל,IL,מרק עוף צנצנת,גרמים,400.00,100 גרם,false,0,16.00,4.00,true,1,
7290000238180,false,"בורקס תפו""א 800 גרם","מעדנות בע""מ",IL,"בורקס תפו""א קפוא",גרמים,800.00,100 גרם,false,0,21.70,2.71,true,1,
7290000240541,false,ריבועי בצק עלים 800 גרם,"מעדנות בע""מ",IL,ריבועי בצק עלים,גרמים,800.00,100 גרם,false,0,26.40,3.30,true,1,
7290000244143,false,קרם הוואי לאחר גילוח120ג,טרופיקל דגיל,IL,קרם הוואי לאחר גילוח120ג,גרמים,120.00,100 גרם,false,0,24.70,20.58,true,1,
7290000245294,false,א.כביסה פרסיל סופרה 2.5ק,הנקל סוד,IL,אבקת כביסה פרסיל,קילוגרמים,2.50,"ק""ג",false,0,24.90,9.96,true,1,
7290000245782,false,מרכך כביסה סוד ורוד 4 ל',הנקל סוד,IL,מרכך כביסה סוד ורוד 4 ל',ליטרים,4.00,ליטר,false,0,19.70,4.93,true,1,
7290000255897,false,שוקולד חלב+פיצפוצים100גר,עלית,IL,ש.חלב פיצפוצים,גרמים,100.00,100 גרם,false,0,6.60,6.60,true,1,
7290000256085,false,רולעדין גלילי ופל 100 גר,עדין,IL,גלילי רולעדין,גרמים,100.00,100 גרם,false,0,7.80,7.80,true,1,
7290000256207,false,ופלים מצופים עדין 20*25ג,עדין,IL,ופל מצופה 25 יח,גרמים,500.00,100 גרם,false,0,11.90,2.38,true,1,
7290000260839,false,ספרינג משקה תפוזים 1.5ל',יפאורה שותפות מובגלת לשיווק,IL,ספרינג תפוזים,ליטרים,1.50,ליטר,false,0,6.90,4.60,true,1,
7290000260853,false,ספרינג משקה מנגו 1.5 ל',יפאורה שותפות מובגלת לשיווק,IL,ספרינג מנגו,ליטרים,1.50,ליטר,false,0,6.90,4.60,true,1,
7290000260969,false,משקה ספרינג דיאט אשכו1.5,יפאורה שותפות מובגלת לשיווק,IL,ספרינג דיאט,ליטרים,1.50,ליטר,false,0,6.90,4.60,true,1,
7290000262499,false,מגבוני נייר לח קידס48*3י,חוגלה קימברלי,IL,מגבוני נ.טואלט,יחידה,1.00,יחידה,false,0,17.90,17.90,true,1,
7290000263359,false,40 האגיס ליטל בייביס,חוגלה קימברלי,IL,חיתולי האגיס,יחידה,1.00,יחידה,false,0,34.90,34.90,true,1,
7290000267012,false,שקד מולבן שלם100ג'שקדיה,שקדיה,IL,שקד מולבן שלם,גרמים,100.00,100 גרם,false,0,13.80,13.80,true,1,
7290000267500,false,קליפות הדר בשוקולד200גרם,שקדיה,IL,קליפות הדר בשוקולד200גרם,גרמים,200.00,100 גרם,false,0,15.80,7.90,true,1,
7290000267616,false,צנובר 100גרם,שקדיה,IL,צנובר 100 גרם,גרמים,100.00,100 גרם,false,0,29.60,29.60,true,1,
7290000272344,false,סירופ פטל עסיס 2 ליטר,בית השיטה,IL,סירופ בטעם פטל,ליטרים,2.00,ליטר,false,0,23.70,11.85,true,1,
7290000272351,false,סירופ ענבים עסיס 2 ליטר,בית השיטה,IL,סירופ ענבים,ליטרים,2.00,ליטר,false,0,23.70,11.85,true,1,
7290000272696,false,מיץ לימון משומר-עסיס 1ל',בית השיטה,IL,מיץ לימון משומר,ליטרים,1.00,ליטר,false,0,11.80,11.80,true,1,
7290000272726,false,חומץ 5% 1 ליטר,בית השיטה,IL,חומץ 5%,ליטרים,1.00,ליטר,false,0,7.20,7.20,true,1,
7290000284316,false,קוקה קולה בקבוק 1.5 ליטר,החברה המרכזית לייצור משקאות,IL,קוקה קולה בקבוק 1.5 ליטר,ליטרים,1.50,ליטר,false,0,6.80,4.53,true,1,
7290000284361,false,קולה דיאט בקבוק 1.5 ל',החברה המרכזית לייצור משקאות,IL,קולה דיאט בקבוק 1.5 ל',ליטרים,1.50,ליטר,false,0,6.80,4.53,true,1,
7290000284743,false,דיאט קולה נ.קופאין 1.5 ל,החברה המרכזית לייצור משקאות,IL,דיאט קולה נ.קופאין 1.5 ל,ליטרים,1.50,ליטר,false,0,7.60,5.07,true,1,
7290000285849,false,שוופס מי סודה 1.5 ליטר,יפאורה שותפות מובגלת לשיווק,IL,שוופס מי סודה 1.5 ליטר,ליטרים,1.50,ליטר,false,0,3.90,2.60,true,1,
7290000286297,false,סנו אנטיקאלק מסיר אבן700,סנו,IL,סנו מסיר אבן,מיליליטרים,700.00,"100 מ""ל",false,0,10.00,1.43,true,1,
7290000286525,false,ספוג כיף רחצה פרינה 1 יח,קוסמופארם,IL,ספוג רחצה,יחידה,1.00,יחידה,false,0,14.50,14.50,true,1,
7290000286594,false,סנוX- לימון 600 גרם,סנו,IL,סנוX- קרם לניק,גרמים,600.00,100 גרם,false,0,11.60,1.93,true,1,
7290000286907,false,"סנו מסיר כתמים 170 מ""ל",סנו,IL,סנו מסיר כתמים,מיליליטרים,170.00,"100 מ""ל",false,0,30.10,17.71,true,1,
7290000286921,false,"סנוקל רסס וכבס 750 מ""ל",סנו,IL,סנוקל רסס וכבס,מיליליטרים,750.00,"100 מ""ל",false,0,11.90,1.59,true,1,
7290000287621,false,סנו אנטי קאלק לאסלות750מ,סנו,IL,סנו מנקה אסלות,מיליליטרים,750.00,"100 מ""ל",false,0,15.80,2.11,true,1,
7290000288048,false,סנו ג'אוול מרסס לבנדר 1ל,סנו,IL,סנו ג'אוול מרסס לבנדר 1ל,ליטרים,1.00,ליטר,false,0,21.40,21.40,true,1,
7290000288086,false,סנו ג'אוול אבק,,IL,סנו ג'אוול אבק,גרמים,600.00,100 גרם,false,0,11.80,1.97,true,1,
7290000288109,false,אבקת מקסימה ג'אבל 1.25קג,סנו,IL,א.כביסה מקסימה,קילוגרמים,1.25,"ק""ג",false,0,14.90,11.92,true,1,
7290000288642,false,מרכך מקסימה סנסטיב 4 ל',סנו,IL,מרכך כביסה,ליטרים,4.00,ליטר,false,0,22.90,5.73,true,1,
7290000288840,false,סנו מים מזוקקים 2 ליטר,סנו,IL,סנו מים מזוקקים 2 ליטר,ליטרים,2.00,ליטר,false,0,16.40,8.20,true,1,
7290000289069,false,סנו ג'אוול מרסס לימון 1ל,סנו,IL,סנו ג'אוול מרסס,ליטרים,1.00,ליטר,false,0,21.40,21.40,true,1,
7290000289472,false,סושי 50 שקיות אשפה HD,סנו,IL,50 שקיות אשפה,יחידה,1.00,יחידה,false,0,20.00,20.00,true,1,
7290000289748,false,"סנו פורטה פלוס 750 מ""ל",סנו,IL,"סנו פורטה פלוס 750 מ""ל",מיליליטרים,750.00,"100 מ""ל",false,0,14.80,1.97,true,1,
7290000291932,false,סנובון נוזלי לבנדר 750מל,סנו,IL,סנובון נוזלי,מיליליטרים,750.00,"100 מ""ל",false,0,13.80,1.84,true,1,
7290000292311,false,פוליויקס סחלבים 2 ליטר,סנו,IL,סנו פוליויקס,ליטרים,2.00,ליטר,false,0,26.00,13.00,true,1,
7290000292687,false,סנובון כחול שלישיה55*3גר,סנו,IL,סנובון כחול 3 יח,גרמים,165.00,100 גרם,false,0,17.70,10.73,true,1,
7290000293530,false,סנו סופג לחות ש.מילוי340,סנו,IL,סנו סופג לחות,גרמים,340.00,100 גרם,false,0,12.80,3.76,true,1,
7290000293943,false,סנו אנטי קאלק מרסס 1 ל',סנו,IL,סנו אנטי קאלק,ליטרים,1.00,ליטר,false,0,17.10,17.10,true,1,
7290000295336,false,אבקת מקסימה סנסטיב 1.25ק,סנו,IL,אבקת כביסה,קילוגרמים,1.25,"ק""ג",false,0,14.90,11.92,true,1,
7290000295367,false,אבקת מקסימה ג'אוול 2.5קג,סנו,IL,אבקת כביסה,קילוגרמים,2.50,"ק""ג",false,0,22.90,9.16,true,1,
7290000295404,false,סושי60שקיות אשפה כחולות,סנו,IL,שקיות אשפה,יחידה,1.00,יחידה,false,0,20.00,20.00,true,1,
7290000302027,false,טיים RED 10 יח',"דובק בע""מ",IL,טיים RED 10 יח',יחידה,1.00,יחידה,false,0,275.00,275.00,false,1,
7290000303604,false,חומוס שלם 550 גרם,פרי גליל,IL,חומוס שלם,גרמים,550.00,100 גרם,false,0,7.20,1.31,true,1,
7290000304526,false,ממרח סלמון 100 גרם,סטארקיסט,IL,ממרח סלמון 100 גרם,גרמים,100.00,100 גרם,false,0,8.60,8.60,true,1,
7290000305097,false,פילה סרדין בשמן סויה125ג,.אל.גי.אם.סי,IL,פילה סרדין,גרמים,125.00,100 גרם,false,0,8.80,7.04,true,1,
7290000305882,false,אס ירקות עם דגים+רוטב120,סטארקיסט,IL,אס דגים+ירקות,גרמים,120.00,100 גרם,false,0,5.80,4.83,true,1,
7290000311210,false,ופלים מן בטעם לימון 200ג,רוקחמן,IL,וופלים לימון,גרמים,200.00,100 גרם,false,0,4.90,2.45,true,1,
7290000315157,false,מיונז אמיתי לחיץ 385 גרם,בסט פודס,IL,מיונז אמיתי לחיץ,גרמים,385.00,100 גרם,false,0,15.80,4.10,true,1,
7290000315560,false,מיונז לחיץ לייט 385 גרם,בסט פודס,IL,מיונז לחיץ לייט,גרמים,385.00,100 גרם,false,0,15.80,4.10,true,1,
7290000316444,false,"ברנפלקס ללא סוכר בד""ץ500",יוניליוור,IL,ברנפלקס ללא סוכר,גרמים,500.00,100 גרם,false,0,25.70,5.14,true,1,
7290000316833,false,נשנושי ברנפלקס 375 גרם,יוניליוור,IL,נשנושי ברנפלקס,גרמים,375.00,100 גרם,false,0,24.90,6.64,true,1,
7290000318806,false,סלמי סרוולד אמיתי במשקל,מעדני יחיעם,IL,סלמי סרוולד אמיתי במשקל,קילוגרמים,0.00,"ק""ג",true,0,147.00,147.00,true,1,
7290000319094,false,קבנוס קלאסי 280 גרם,מעדני יחיעם,IL,קבנוס קלאסי 280 גרם,גרמים,280.00,100 גרם,false,0,30.70,10.96,true,1,
7290000327372,false,ג'אמפ אשכוליות דיאט1.5ל',טמפו,IL,ג'אמפ דיאט,ליטרים,1.50,ליטר,false,0,6.80,4.53,true,1,
7290000327624,false,מי סודה 1.5 ליטר,טמפו,IL,מי סודה 1.5 ליטר,ליטרים,1.50,ליטר,false,0,2.90,1.93,true,1,
7290000327693,false,סודה בטעם פירות יער 1.5ל,,IL,סודה בטעם פירות יער 1.5ל,ליטרים,1.50,ליטר,false,0,4.80,3.20,true,1,
7290000327709,false,סודה ט.אדלברי ליצ'י 1.5ל,,IL,סודה ט.אדלברי ליצ'י 1.5ל,ליטרים,1.50,ליטר,false,0,4.80,3.20,true,1,
7290000327716,false,סודה אננס 1.5 ליטר,,IL,סודה אננס 1.5 ליטר,ליטרים,1.50,ליטר,false,0,4.80,3.20,true,1,
7290000334431,false,שניצל תירס 750 גרם,תפוגן,IL,שניצל תירס 750 גרם,גרמים,750.00,100 גרם,false,0,22.90,3.05,true,1,
7290000334684,false,טבעות בצל לתנור 700 גרם,תפוגן,IL,טבעות בצל לתנור,גרמים,700.00,100 גרם,false,0,19.70,2.81,true,1,
7290000339191,false,רן אבקת הלבנה 350 גרם,זוהר דליה,IL,רן אבקת הלבנה,גרמים,350.00,100 גרם,false,0,21.00,6.00,true,1,
7290000341071,false,מרכך כביסה בדין בייבי 2ל,יוניליוור,IL,מרכך כביסה בייבי,ליטרים,2.00,ליטר,false,0,20.80,10.40,true,1,
7290000342832,false,מרכך כביסה בדין צהוב 4 ל,יוניליוור,IL,מרכך כביסה בדין,ליטרים,4.00,ליטר,false,0,24.70,6.18,true,1,
7290000342856,false,מרכך כביסה בדין כחול 4 ל,יוניליוור,IL,מרכך כביסה בדין,ליטרים,4.00,ליטר,false,0,24.70,6.18,true,1,
7290000345055,false,ארל גריי תה עלים 100 גרם,ויסוצקי,IL,ארל גריי תה עלים 100 גרם,גרמים,100.00,100 גרם,false,0,16.00,16.00,true,1,
7290000345116,false,תה ירוק עלים 125 גרם,ויסוצקי,IL,תה ירוק עלים 125 גרם,גרמים,125.00,100 גרם,false,0,16.80,13.44,true,1,
7290000345215,false,תה ויסוצקי כחול 100שק1*ג,ויסוצקי,IL,תה ויסוצקי כחול 100שק1*ג,גרמים,100.00,100 גרם,false,0,15.80,15.80,true,1,
7290000345291,false,תה ארל גריי 25שק1.5*גרם,ויסוצקי,IL,תה ארל גריי 25שק1.5*גרם,גרמים,37.00,100 גרם,false,0,18.20,49.19,true,1,
7290000345536,false,תה נענע 25 שקX. 1.5 גרם,ויסוצקי,IL,תה נענע 25 שקX. 1.5 גרם,גרמים,37.00,100 גרם,false,0,18.60,50.27,true,1,
7290000346021,false,חליטת קמומיל 50 שק* 1.5ג,ויסוצקי,IL,חליטת קמומיל 50 שק* 1.5ג,גרמים,75.00,100 גרם,false,0,33.60,44.80,true,1,
7290000346120,false,חליטת קסם הקינמון2.5X25ג,ויסוצקי,IL,חליטת קינמון,גרמים,62.00,100 גרם,false,0,18.70,30.16,true,1,
7290000346168,false,חליטת שומר 25 שק1.5X'ג,ויסוצקי,IL,חליטת שומר,גרמים,37.00,100 גרם,false,0,18.70,50.54,true,1,
7290000346205,false,חל.קמומיל-גן קסום1.5ג25X,ויסוצקי,IL,חליטת קמומיל,גרמים,37.00,100 גרם,false,0,18.70,50.54,true,1,
7290000346236,false,תה לואיזה גן קסום25י2Xגר,ויסוצקי,IL,תה לואיזה וורבנה,גרמים,50.00,100 גרם,false,0,18.70,37.40,true,1,
7290000346960,false,תה נענע 50 שקיקים1.5Xגר,ויסוצקי,IL,תה נענע,גרמים,75.00,100 גרם,false,0,31.30,41.73,true,1,
7290000347738,false,תה ירוק עם נענע 25ש1.5Xג,ויסוצקי,IL,תה ירוק נענע,גרמים,37.00,100 גרם,false,0,21.90,59.19,true,1,
7290000347752,false,תה ירוק+לימונ.ולואיזה25ש,ויסוצקי,IL,תה ירוק לימונית,גרמים,37.00,100 גרם,false,0,21.90,59.19,true,1,
7290000355757,false,עגבנ.מרוסקות טל וטרי800ג,מילוז,IL,עגבנ.מרוסקות טל וטרי800ג,גרמים,800.00,100 גרם,false,0,8.80,1.10,true,1,
7290000359472,false,נקטר אפרסק פרימור 1 ליטר,גניר,IL,נקטר אפרסק,ליטרים,1.00,ליטר,false,0,5.30,5.30,true,1,
7290000363202,false,נקניק סלמי גליל 600 גרם,טירת צבי,IL,נקניק סלמי גליל,גרמים,600.00,100 גרם,false,0,39.30,6.55,true,1,
7290000363486,false,נקניק תה במשקל,טירת צבי,IL,נקניק תה,קילוגרמים,0.00,"ק""ג",true,0,58.00,58.00,true,1,
7290000364759,false,נקניקיות קרנץ וינר 500גר,טירת צבי,IL,נקניקיות וינר,גרמים,500.00,100 גרם,false,0,16.20,3.24,true,1,
7290000364858,false,"נקניקיות עוף בואקום 1ק""ג",טירת צבי,IL,נקניקיות עוף,קילוגרמים,1.00,"ק""ג",false,0,32.40,32.40,true,1,
7290000365398,false,חזה הודו בדבש במשקל,טירת צבי,IL,חזה הודו בדבש,קילוגרמים,0.00,"ק""ג",true,0,91.00,91.00,true,1,
7290000365909,false,פסטרמה טבעית משקל,טירת צבי,IL,פסטרמה טבעית,קילוגרמים,0.00,"ק""ג",true,0,91.00,91.00,true,1,
7290000367590,false,פסטרמה כפרית+סלמי 400*2ג,טירת צבי,IL,צמד כפרי נקניקים,גרמים,800.00,100 גרם,false,0,37.80,4.73,true,1,
7290000379142,false,לחם עינן פרוס וארוז 750ג,מאפיית שלמה א. אנג'ל,IL,לחם עינן פרוס וארוז 750ג,גרמים,750.00,100 גרם,false,0,15.80,2.11,true,1,
7290000379203,false,לחם עינן קל 500 גרם,מאפיית שלמה א. אנג'ל,IL,לחם עינן קל 500 גרם,גרמים,500.00,100 גרם,false,0,15.80,3.16,true,1,
7290000379258,false,חלת קונדיטוריה ארוזה500ג,מאפיית שלמה א. אנג'ל,IL,חלת קונדיטוריה ארוזה500ג,גרמים,500.00,100 גרם,false,0,17.60,3.52,true,1,
7290000379357,false,חלה קלה פרוסה 500 גרם,מאפיית שלמה א. אנג'ל,IL,חלה קלה פרוסה 500 גרם,גרמים,500.00,100 גרם,false,0,15.80,3.16,true,1,
7290000379364,false,לחם לבן פרוס 750 גרם,מאפיית שלמה א. אנג'ל,IL,לחם לבן פרוס 750 גרם,גרמים,750.00,100 גרם,false,0,9.10,1.21,true,1,
7290000396439,false,עגבניות שרי מידיפלס יח,קטיף,IL,ע.שרי מידיפלם-יח,יחידה,1.00,יחידה,false,0,9.90,9.90,true,1,
7290000408316,false,יוגורט לבן ביו 3% 200ג,שטראוס,IL,דנונה לבן ביו,גרמים,200.00,100 גרם,false,0,3.70,1.85,true,1,
7290000408354,false,דנונה בר פצפוצים 173 גרם,שטראוס,IL,דנונה בר פצפוצים,גרמים,173.00,100 גרם,false,0,4.50,2.60,true,1,
7290000415246,false,קובה נבלוסיה מטוגן 600 ג,יסמין,IL,קובה מטוגן,גרמים,600.00,100 גרם,false,0,33.90,5.65,true,1,
7290000416021,false,ממרח בטעם שוקולד 500גר,השחר,IL,ממרח השחר,גרמים,500.00,100 גרם,false,0,12.90,2.58,true,1,
7290000416045,false,ממרח מובחר מריחה השחר1קג,השחר,IL,ממרח מובחר מריחה השחר1קג,קילוגרמים,1.00,"ק""ג",false,0,24.70,24.70,true,1,
7290000416168,false,קרם למריחה בשפופרת330ג,השחר,IL,קרם למריחה,גרמים,330.00,100 גרם,false,0,11.90,3.61,true,1,
7290000416618,false,"ממרח טעם שוקולד בד""ץ400ג",השחר,IL,ממרח בטעם שוקולד,גרמים,400.00,100 גרם,false,0,13.50,3.38,true,1,
7290000416632,false,ממרח טעם שוקולד פרווה1קג,השחר,IL,ממרח שוקולד השחר,קילוגרמים,1.00,"ק""ג",false,0,28.40,28.40,true,1,
7290000419107,false,קפה שחור לנדוור 100 גרם,קפה לנדוור,IL,קפה שחור לנדוור,גרמים,100.00,100 גרם,false,0,9.30,9.30,true,1,
7290000419114,false,קפה טחון טורקי לנדור200ג,קפה לנדוור,IL,קפה טחון טורקי לנדור200ג,גרמים,200.00,100 גרם,false,0,18.30,9.15,true,1,
7290000419893,false,קפה לנדור לבוקר טחון100ג,קפה לנדוור,IL,קפה לנדור לבוקר טחון100ג,גרמים,100.00,100 גרם,false,0,9.30,9.30,true,1,
7290000419909,false,קפה לנדוור אספרסו טחו100,קפה לנדוור,IL,קפה בטעם אספרסו,גרמים,100.00,100 גרם,false,0,9.30,9.30,true,1,
7290000420325,false,גרע.תירס טבעי-מיקרו100*5,פרסטון פארמס,US,גרע.תירס טבעי-מיקרו100*5,גרמים,500.00,100 גרם,false,0,16.30,3.26,true,1,
7290000420332,false,פופקורן חמאה מיקרו100*5ג,פרסטון פארמס,US,פופקורן חמאה מיקרו100*5ג,גרמים,500.00,100 גרם,false,0,16.30,3.26,true,1,
7290000432120,false,נרות חנוכה,,IL,נרות חנוכה,יחידה,1.00,יחידה,false,0,4.90,4.90,true,1,
7290000432182,false,נר נשמה בכוס 24 שעות,,IL,נר נשמה בכוס 24 שעות,יחידה,1.00,יחידה,false,0,5.00,5.00,true,1,
7290000432335,false,נר נשמה בכוס 72 שעות,,IL,נר נשמה בכוס 72 שעות,יחידה,1.00,יחידה,false,0,8.00,8.00,true,1,
7290000432489,false,נרות חנוכה,,IL,נרות חנוכה,יחידה,1.00,יחידה,false,0,5.90,5.90,true,1,
7290000432656,false,נרות שבת 8 יחידות,,IL,נרות שבת 8 יחידות,יחידה,1.00,יחידה,false,0,4.20,4.20,true,1,
7290000432670,false,נרות שבת 12 יחידות,,IL,נרות שבת 12 יחידות,יחידה,1.00,יחידה,false,0,4.20,4.20,true,1,
7290000432687,false,נרות שבת 16 יחידות,,IL,נרות שבת 16 יחידות,יחידה,1.00,יחידה,false,0,4.20,4.20,true,1,
7290000433684,false,פפסי קולה 1.5 ליטר,טמפו,IL,פפסי קולה 1.5 ליטר,ליטרים,1.50,ליטר,false,0,5.90,3.93,true,1,
7290000433714,false,סבן אפ 1.5 ליטר,טמפו,IL,סבן אפ 1.5 ליטר,ליטרים,1.50,ליטר,false,0,6.10,4.07,true,1,
7290000433745,false,מירינדה 1.5 ליטר,טמפו,IL,מירינדה 1.5 ליטר,ליטרים,1.50,ליטר,false,0,6.10,4.07,true,1,
7290000433899,false,דיאט סבן אפ 1.5 ליטר,טמפו,IL,דיאט סבן אפ 1.5 ליטר,ליטרים,1.50,ליטר,false,0,6.10,4.07,true,1,
7290000433974,false,פפסי מקס 1.5 ליטר,טמפו,IL,פפסי מקס 1.5 ליטר,ליטרים,1.50,ליטר,false,0,6.10,4.07,true,1,
7290000453019,false,שמרית-שמרים לחים 50 גרם,פאקא,IL,שמרית-שמרים לחים 50 גרם,גרמים,50.00,100 גרם,false,0,4.40,8.80,true,1,
7290000461625,false,בייגלה שמיניות מלוח400גר,יוניליוור,IL,בייגלה שמיניות,גרמים,400.00,100 גרם,false,0,8.90,2.23,true,1,
7290000461656,false,בייגל אחד אחד 400 גרם,יוניליוור,IL,בייגלה מקלות,גרמים,400.00,100 גרם,false,0,8.90,2.23,true,1,
7290000461700,false,בייגלה שמינ.גדול.מלוח400,יוניליוור,IL,בייגלה גדול,גרמים,400.00,100 גרם,false,0,15.90,3.98,true,1,
7290000462103,false,סחוג זהבי אדום 150 גרם,זהבי הכרם,IL,סחוג זהבי אדום 150 גרם,גרמים,150.00,100 גרם,false,0,8.10,5.40,true,1,
7290000462141,false,זחוק אדום חריף מאוד 150ג,זהבי הכרם,IL,זחוק אדום חריף מאוד 150ג,גרמים,150.00,100 גרם,false,0,8.10,5.40,true,1,
7290000462172,false,סחוג זהבי ירוק 150 גרם,זהבי הכרם,IL,סחוג זהבי ירוק 150 גרם,גרמים,150.00,100 גרם,false,0,8.10,5.40,true,1,
7290000463377,false,זיתים חרוזית 560 גרם,בית השיטה,IL,זיתים חרוזית,גרמים,560.00,100 גרם,false,0,9.80,1.75,true,1,
7290000465494,false,זית סורי מבוקע 560 גרם,בית השיטה,IL,זית סורי מבוקע 560 גרם,גרמים,560.00,100 גרם,false,0,11.70,2.09,true,1,
7290000466170,false,מלפ.גלעד 12-10מלח 560גרם,בית השיטה,IL,מלפפונים במלח,גרמים,560.00,100 גרם,false,0,7.60,1.36,true,1,
7290000466194,false,מלפפונ.במלח18-25 560 גרם,בית השיטה,IL,מלפפונים במלח,גרמים,560.00,100 גרם,false,0,12.60,2.25,true,1,
7290000467153,false,מלך החומוס סמיר הגדול400,צבר,IL,חומוס סמיר הגדול,גרמים,400.00,100 גרם,false,0,13.40,3.35,true,1,
7290000467177,false,מלפפון 12-10 בחומץ 560גר,בית השיטה,IL,מלפפונים בחומץ,גרמים,560.00,100 גרם,false,0,7.60,1.36,true,1,
7290000467320,false,מלך חומוס אבו מרוואן400ג,צבר,IL,מלך החומוס צבר,גרמים,400.00,100 גרם,false,0,13.40,3.35,true,1,
7290000474021,false,חלב מפוסטר שקית 3% 1 ל',טרה,IL,חלב מפוסטר שקית 3% 1 ל',ליטרים,1.00,ליטר,false,0,5.11,5.11,true,1,
7290000474076,false,חלב הומוגני בקרטון3% 1ל,טרה,IL,חלב הומוגני בקרטון3% 1ל,ליטרים,1.00,ליטר,false,0,5.90,5.90,true,1,
7290000474090,false,חלב הומוגני 1% קרטון 1 ל,טרה,IL,חלב טרי טרה 1%,ליטרים,1.00,ליטר,false,0,5.55,5.55,true,1,
7290000474502,false,גבינה לבנה 5% טרה 250 גר,טרה,IL,גבינה לבנה 5% טרה 250 גר,גרמים,250.00,100 גרם,false,0,4.80,1.92,true,1,
7290000474540,false,גבי. טוב טעם 3% 250גרם,טרה,IL,גבי. טוב טעם 3% 250גרם,גרמים,250.00,100 גרם,false,0,11.10,4.44,true,1,
7290000480329,false,הרמזית 800 טבליות,הרמס סוויטנרס,CH,ממתיק הרמזית,גרמים,9.00,100 גרם,false,0,27.30,303.33,true,1,
7290000480442,false,קואקר באריזת אלומינ500גר,קואקר אוטס,GB,קואקר,גרמים,500.00,100 גרם,false,0,14.80,2.96,true,1,
7290000482071,false,קוקי שקיות אפיה 10*2 יחי,ש.שסטוביץ,IL,קוקי שקיות אפיה,יחידה,1.00,יחידה,false,0,22.90,22.90,true,1,
7290000483139,false,מרציפן גולמי 100 גרם,המרשלג,IL,מרציפן גולמי 100 גרם,גרמים,100.00,100 גרם,false,0,11.30,11.30,true,1,
7290000484006,false,גולד כהל לשתיה 96% 750מל,יקב הגליל יוסף גולד ובניו,IL,גולד כהל לשתיה 96% 750מל,מיליליטרים,750.00,"100 מ""ל",false,0,155.60,20.75,true,1,
7290000484501,false,"אלוף הארק 750 מ""ל",יקב הגליל יוסף גולד ובניו,IL,אלוף הארק,מיליליטרים,750.00,"100 מ""ל",false,0,94.10,12.55,true,1,
7290000493176,false,רוטב צלי לבשר בשקית22ג,אסם,IL,רוטב צלי לבשר,גרמים,22.00,100 גרם,false,0,4.50,20.45,true,1,
7290000493183,false,רוטב פטריות לבשר-אבקה30ג,אסם,IL,רוטב פטריות,גרמים,30.00,100 גרם,false,0,4.00,13.33,true,1,
7290000493367,false,עוג.חמוציות פיטנס 25*6ג,אסם,IL,עוגיות פיטנס 6יח,גרמים,150.00,100 גרם,false,0,14.80,9.87,true,1,
7290000497044,false,לחם ברמן אקטיב 750 גרם,מאפית ברמן,IL,לחם ברמן אקטיב 750 גרם,גרמים,750.00,100 גרם,false,0,14.80,1.97,true,1,
7290000497228,false,6 לחמניות רגילות בשקית,מאפית ברמן,IL,6 לחמניות רגילות בשקית,גרמים,450.00,100 גרם,false,0,11.80,2.62,true,1,
7290000497303,false,6 לחמניות מקמח מלא בשקית,מאפית ברמן,IL,6 לחמניות מקמח מלא בשקית,גרמים,450.00,100 גרם,false,0,11.80,2.62,true,1,
7290000497426,false,לחם ברמן קל לענין 500גרם,מאפית ברמן,IL,לחם ברמן קל לענין 500גרם,גרמים,500.00,100 גרם,false,0,15.80,3.16,true,1,
7290000497457,false,לחם דגנים 750 גרם,מאפית ברמן,IL,לחם דגנים 750 גרם,גרמים,750.00,100 גרם,false,0,11.90,1.59,true,1,
7290000497488,false,חלה קלה 500 גרם,מאפית ברמן,IL,חלה קלה 500 גרם,גרמים,500.00,100 גרם,false,0,15.80,3.16,true,1,
7290000497532,false,לחם ברמן לענין 750 גרם,מאפית ברמן,IL,לחם ברמן לענין 750 גרם,גרמים,750.00,100 גרם,false,0,15.80,2.11,true,1,
7290000497570,false,לחם דגני קלות פרוס 500גר,מאפית ברמן,IL,לחם דגני קלות פרוס 500גר,גרמים,500.00,100 גרם,false,0,11.90,2.38,true,1,
7290000504049,false,סוכרזית 1200 טבליות,"ביסקול בע""מ",IL,סוכרזית טבליות,גרמים,98.00,100 גרם,false,0,23.90,24.39,true,1,
7290000518176,false,מתוק וקל ענק 250 שקיות,למפדוס,IL,מתוק וקל ענק 250 שקיות,גרמים,250.00,100 גרם,false,0,22.30,8.92,true,1,
7290000518251,false,מתוק וקל זהב 100 שקיות,למפדוס,IL,מתוק וקל זהב 100 שקיות,יחידה,1.00,יחידה,false,0,12.80,12.80,true,1,
7290000521008,false,יין אדום יבש של סגל750מל,יינות סגל,IL,יין סגל אדום,מיליליטרים,750.00,"100 מ""ל",false,0,21.80,2.91,true,1,
7290000521350,false,"זני של סגל קברנה 750 מ""ל",יינות סגל,IL,"זני של סגל קברנה 750 מ""ל",מיליליטרים,750.00,"100 מ""ל",false,0,22.90,3.05,true,1,
7290000521367,false,"זני של סגל מרלו 750 מ""ל",יינות סגל,IL,"זני של סגל מרלו 750 מ""ל",מיליליטרים,750.00,"100 מ""ל",false,0,26.60,3.55,true,1,
7290000521381,false,"סגל קברנה מרלו 750מ""ל",יינות סגל,IL,"סגל קברנה מרלו 750מ""ל",מיליליטרים,750.00,"100 מ""ל",false,0,24.90,3.32,true,1,
7290000521411,false,"מרום גליל מרלו 750 מ""ל",יינות סגל,,"מרום גליל מרלו 750 מ""ל",מיליליטרים,750.00,"100 מ""ל",false,0,34.90,4.65,true,1,
7290000522104,false,חלב עמיד 3% שומן 1 ליטר,מחלבת רמת-הגולן,IL,חלב עמיד 3% שומן 1 ליטר,ליטרים,1.00,ליטר,false,0,7.30,7.30,true,1,
7290000522111,false,חלב עמיד 1% שומן 1 ליטר,מחלבת רמת-הגולן,IL,חלב עמיד 1% שומן 1 ליטר,ליטרים,1.00,ליטר,false,0,8.50,8.50,true,1,
7290000522142,false,חלב הרים טהור 3% 1 ליטר,"מחלבות רמה""ג",IL,חלב הרים טהור 3% 1 ליטר,ליטרים,1.00,ליטר,false,0,8.70,8.70,true,1,
7290000522166,false,חלב הרים נטול לקטוז3% 1ל,"מחלבות רמה""ג",IL,חלב הרים נטול לקטוז3% 1ל,ליטרים,1.00,ליטר,false,0,10.80,10.80,true,1,
7290000522272,false,"שמנת לקפה 10% 500מ""ל","מחלבות רמה""ג",IL,שמנת לקפה,מיליליטרים,500.00,"100 מ""ל",false,0,10.80,2.16,true,1,
7290000523118,false,"מלח ים יבש 1 ק""ג",תעשיות מלח לישראל,IL,"מלח ים יבש 1 ק""ג",קילוגרמים,1.00,"ק""ג",false,0,5.00,5.00,true,1,
7290000523514,false,מלח יבש דל נתרן 250 גרם,תעשיות מלח לישראל,IL,מלח דל נתרן,גרמים,250.00,100 גרם,false,0,11.00,4.40,true,1,
7290000523521,false,מלח ים מועשר ביוד 250גרם,תעשיות מלח לישראל,IL,מלח ים מועשר,גרמים,250.00,100 גרם,false,0,6.80,2.72,true,1,
7290000525938,false,נקטר תפוזים פרימור 1 ל',גניר,IL,נקטר תפוזים,ליטרים,1.00,ליטר,false,0,5.30,5.30,true,1,
7290000525952,false,"נקטר תפו""ע פרימור 1 ליטר",גניר,IL,"נקטר תפו""ע",ליטרים,1.00,ליטר,false,0,5.30,5.30,true,1,
7290000525969,false,מיץ תפוזים סחוט 1 ליטר,גניר,IL,מיץ תפוזים סחוט 1 ליטר,ליטרים,1.00,ליטר,false,0,16.20,16.20,true,1,
7290000530024,false,נקניק תה מעושן רחב במשקל,זוגלובק,IL,נקניק תה מעושן,קילוגרמים,0.00,"ק""ג",true,0,50.00,50.00,true,1,
7290000530048,false,סלמי פפרוני במשקל,זוגלובק,IL,סלמי פפרוני,גרמים,0.00,"ק""ג",true,0,62.00,62.00,true,1,
7290000530109,false,קבנוס בואקום 180X2 גרם,זוגלובק,IL,קבנוס בואקום 180X2 גרם,גרמים,360.00,100 גרם,false,0,28.70,7.97,true,1,
7290000530260,false,נקניק מרטדלה רחב במשקל,זוגלובק,IL,נקניק מרטדלה,קילוגרמים,0.00,"ק""ג",true,0,40.00,40.00,true,1,
7290000530468,false,"נקניקיות וינר 1 ק""ג",זוגלובק,IL,"נקניקיות וינר 1 ק""ג",קילוגרמים,1.00,"ק""ג",false,0,34.20,34.20,true,1,
7290000530598,false,נקניקיות וינר 500 גרם,זוגלובק,IL,נקניקיות וינר 500 גרם,גרמים,500.00,100 גרם,false,0,18.30,3.66,true,1,
7290000531410,false,פסטרממיה בדבש טהור במשקל,זוגלובק,IL,פסטרממיה בדבש טהור במשקל,קילוגרמים,0.00,"ק""ג",true,0,75.00,75.00,true,1,
7290000531496,false,קבנוס בואקום 180 גרם,זוגלובק,IL,קבנוס בואקום 180 גרם,גרמים,180.00,100 גרם,false,0,21.20,11.78,true,1,
7290000534718,false,חזה הודו תבור דל שומן מש,זוגלובק,IL,חזה הודו תבור דל שומן מש,קילוגרמים,0.00,"ק""ג",true,0,75.00,75.00,true,1,
7290000534800,false,פסטרמה הודו רומני במשקל,זוגלובק,IL,פסטרמה הודו רומני במשקל,קילוגרמים,0.00,"ק""ג",true,0,75.00,75.00,true,1,
7290000536750,false,מקלוני גזר ובטטה 500גרם,זוגלובק,IL,מקלוני גזר ובטטה 500גרם,גרמים,500.00,100 גרם,false,0,19.70,3.94,true,1,
7290000537566,false,נקניקיות עוף 400 גרם,זוגלובק,IL,נקניקיות עוף 400 גרם,גרמים,400.00,100 גרם,false,0,15.90,3.98,true,1,
7290000537603,false,"נקניקיות עוף טריות 1 ק""ג",זוגלובק,IL,"נקניקיות עוף טריות 1 ק""ג",קילוגרמים,1.00,"ק""ג",false,0,30.90,30.90,true,1,
7290000537610,false,סלמי עממי במשקל,זוגלובק,IL,סלמי עממי,קילוגרמים,0.00,"ק""ג",true,0,58.00,58.00,true,1,
7290000554952,false,גב.צפתית קשה 10% במשקל,מחלבות גד,IL,גב.צפתית קשה 10% במשקל,גרמים,0.00,"ק""ג",true,0,78.00,78.00,true,1,
7290000571386,false,יוגורמה מחלב כבשים5% 850,תנובה,IL,יוגורמה 5%,גרמים,850.00,100 גרם,false,0,27.10,3.19,true,1,
7290000571393,false,יוגורמה,,IL,יוגורמה,גרמים,140.00,100 גרם,false,0,6.10,4.36,true,1,
7290000574066,false,לחם מלא פלוס שיפון 750 ג,מאפ. דגנית עין-בר,IL,לחם מלא פלוס שיפון 750 ג,גרמים,750.00,100 גרם,false,0,15.90,2.12,true,1,
7290000574110,false,לחם טבע קל 750 גרם,,IL,לחם טבע קל 750 גרם,גרמים,750.00,100 גרם,false,0,16.80,2.24,true,1,
7290000574141,false,לחם חיטה מלא 750 גרם,מאפ. דגנית עין-בר,IL,לחם חיטה מלא 750 גרם,גרמים,750.00,100 גרם,false,0,12.90,1.72,true,1,
7290000574172,false,לחם קל מחיטה מלאה 750גרם,מאפ. דגנית עין-בר,IL,לחם קל מחיטה מלאה 750גרם,גרמים,750.00,100 גרם,false,0,14.90,1.99,true,1,
7290000574257,false,לחם שחור קל פרוס 750 גרם,מאפ. דגנית עין-בר,IL,לחם שחור קל פרוס 750 גרם,גרמים,750.00,100 גרם,false,0,17.50,2.33,true,1,
7290000574370,false,לחם שיפון קל 750 גרם,מאפ. דגנית עין-בר,IL,לחם שיפון קל 750 גרם,גרמים,750.00,100 גרם,false,0,16.40,2.19,true,1,
7290000574455,false,לחם חיטה מלא +כוסמין750ג,דגנית עין בר,IL,לחם חיטה מלא,גרמים,750.00,100 גרם,false,1,14.90,1.99,true,1,
7290000604022,false,ביצים ארוזות L 12 יחידות,תנובה,,ביצים L 12 יח',יחידה,1.00,יחידה,false,0,12.00,12.00,true,1,
7290000604053,false,ביצים L ארוז15יח,,IL,ביצים L ארוז15יח,יחידה,1.00,יחידה,false,0,15.00,15.00,true,1,
7290000604060,false,ביצים ארוזות M 15 יחידות,,IL,ביצים ארוזות M 15 יחידות,יחידה,1.00,יחידה,false,0,13.88,13.88,true,1,
7290000650371,false,שניצל דג סול 400 גרם,דלידג - נטו,IL,שניצל דג סול,גרמים,400.00,100 גרם,false,0,21.70,5.43,true,1,
7290000688381,false,"מי עדן אישי 500*6 מ""ל",מי עדן,IL,מי עדן מארז,ליטרים,3.00,ליטר,false,0,14.60,4.87,true,1,
7290000688503,false,מי עדן ספורטאים 750*6 מל,מי עדן,IL,מי עדן ספורטאים 750*6 מל,ליטרים,4.50,ליטר,false,0,17.10,3.80,true,1,
7290000688732,false,מי עדן 6 * 1.5 ליטר,מי עדן,IL,מי עדן 6 * 1.5 ליטר,ליטרים,9.00,ליטר,false,0,12.60,1.40,true,1,
7290000692227,false,פלמוליב לשטיפת כלים 1 ל',קולגייט-פלמוליב,GR,פלמוליב לכלים,ליטרים,1.00,ליטר,false,0,14.60,14.60,true,1,
7290000692302,false,אג'קס נוז.נ.כללי כחול 2ל,קולגייט-פלמוליב,GR,אג'קס נוז.נ.כללי כחול 2ל,ליטרים,2.00,ליטר,false,0,25.70,12.85,true,1,
7290000692456,false,אג'קס חלונות750*2מל,קולגייט-פלמוליב,GR,אג'קס חלונות750*2מל,ליטרים,1.50,ליטר,false,0,26.60,17.73,true,1,
7290000803180,false,שטיפה דנטלית מרידול 400מ,גאבה,CH,שטיפה מרידול,מיליליטרים,400.00,"100 מ""ל",false,0,32.00,8.00,true,1,
7290000805900,false,"לה קט טעם עוף 2.85 ק""ג",ביופט,IL,לה קט עוף לחתול,קילוגרמים,2.85,"ק""ג",false,0,49.90,17.51,true,1,
7290000910994,true,פסטרמה ונקניק-קצוות משקל,שונות,IL,פסטרמה ונקניק-קצוות משקל,קילוגרמים,0.00,"ק""ג",true,0,36.70,36.70,true,1,
7290000913476,true,כרעייםעוף בגריל)עצמי( קג,שונות,IL,כרעייםעוף בגריל)עצמי( קג,קילוגרמים,0.00,"ק""ג",true,0,49.50,49.50,true,1,
7290000919133,true,עוף בגריל)עצמי( יח',שונות,IL,עוף בגריל)עצמי( יח',יחידה,1.00,יחידה,false,0,37.60,37.60,true,1,
7290000922591,true,עוף שלם טרי )עצמי(קג,שונות,IL,עוף שלם טרי,קילוגרמים,0.00,"ק""ג",true,0,19.90,19.90,true,1,
7290000928241,true,סלמון פרוס לא מעובד שופר,שונות,IL,סלמון פרוס,קילוגרמים,0.00,"ק""ג",true,0,66.90,66.90,true,1,
7290000928265,true,פילה סלמון קפוא שופרסל,נטו,IL,פילהה סלמון קפוא,קילוגרמים,0.00,"ק""ג",true,0,66.90,66.90,true,1,
7290000929415,true,חזה הודו טרי )עצמי( קג,שופרסל,IL,חזה הודו טרי )עצמי( קג,קילוגרמים,0.00,"ק""ג",true,0,34.90,34.90,true,1,
7290000929484,true,כנף הודו טרי)עצמי( קג,שונות,IL,כנף הודו טרי)עצמי( קג,קילוגרמים,0.00,"ק""ג",true,0,19.90,19.90,true,1,
7290000929514,true,גרון הודו טרי(עצמי)משקל,שונות,IL,גרון הודו טרי(עצמי)משקל,קילוגרמים,0.00,"ק""ג",true,0,25.90,25.90,true,1,
7290000961552,true,פלפל כתום,קטיף,IL,פלפל כתום,קילוגרמים,0.00,"ק""ג",true,0,9.90,9.90,true,1,
7290000961606,true,שורש ג'ינגר במשקל,קטיף,XX,שורש גינגר במשקל,קילוגרמים,0.00,"ק""ג",true,0,34.90,34.90,true,1,
7290000961804,true,דלעת ארוזה,קטיף,IL,דלעת ארוזה,קילוגרמים,0.00,"ק""ג",true,0,9.90,9.90,true,1,
7290000962474,true,חציל בלדי,קטיף,IL,חציל בלדי,קילוגרמים,0.00,"ק""ג",true,0,9.90,9.90,true,1,
7290000962535,true,רוזמרין יח',קטיף,IL,רוזמרין-יח',יחידה,1.00,יחידה,false,0,6.00,6.00,true,1,
7290000962559,true,קורנית יח',קטיף,IL,קורנית יח',יחידה,1.00,יחידה,false,0,6.00,6.00,true,1,
7290000963136,true,תפוח עץ מוזהב 65,קטיף,XX,תפוח עץ מוזהב,קילוגרמים,0.00,"ק""ג",true,0,9.90,9.90,true,1,
7290000963297,true,תפוח עץ סטרקינג 65,קטיף,XX,"ת""ע סטרקינג",קילוגרמים,0.00,"ק""ג",true,0,9.90,9.90,true,1,
7290000963310,true,"תפו""ע קנזי",קטיף,XX,"תפו""ע קנזי",קילוגרמים,0.00,"ק""ג",true,0,12.90,12.90,true,1,
7290000963365,true,תפוח עץ פינקריספי 65,קטיף,XX,"תפו""ע פינקריספי",קילוגרמים,0.00,"ק""ג",true,0,12.90,12.90,true,1,
7290000963419,true,תפוח עץ גאלה65,קטיף,XX,תפוח עץ גאלה,קילוגרמים,0.00,"ק""ג",true,0,10.90,10.90,true,1,
7290000963563,true,תפוח עץ סמיט65,קטיף,XX,תפוח עץ סמיט65,קילוגרמים,0.00,"ק""ג",true,0,9.90,9.90,true,1,
7290000963754,true,אגס קונפרנס,קטיף,ES,אגס קונפרנס,קילוגרמים,0.00,"ק""ג",true,0,10.90,10.90,true,1,
7290000964300,true,תפוז,קטיף,IL,תפוז,קילוגרמים,0.00,"ק""ג",true,0,5.90,5.90,true,1,
7290000964348,true,תפוז ברשת למיץ,קטיף,IL,תפוז ברשת למיץ,קילוגרמים,0.00,"ק""ג",true,0,4.90,4.90,true,1,
7290000964379,true,אשכולית לבנה,קטיף,IL,אשכולית לבנה,קילוגרמים,0.00,"ק""ג",true,0,6.90,6.90,true,1,
7290000964492,true,לימון תפזורת,קטיף,IL,לימון,קילוגרמים,0.00,"ק""ג",true,0,7.90,7.90,true,1,
7290000964560,true,קלמנטינה,קטיף,IL,קלמנטינה,קילוגרמים,0.00,"ק""ג",true,0,6.90,6.90,true,1,
7290000964775,true,בננות,קטיף,IL,בננות,קילוגרמים,0.00,"ק""ג",true,0,7.90,7.90,true,1,
7290000964836,true,אגס ספדונה גודל 60,קטיף,IL,אגס ספדונה,קילוגרמים,0.00,"ק""ג",true,0,10.90,10.90,true,1,
7290000964980,true,אבוקדו,קטיף,IL,אבוקדו,קילוגרמים,0.00,"ק""ג",true,0,11.90,11.90,true,1,
7290000966328,true,אפרסמון סיני65,קטיף,IL,אפרסמון סיני,קילוגרמים,0.00,"ק""ג",true,0,11.90,11.90,true,1,
7290000966564,true,רימון,קטיף,IL,רימון,קילוגרמים,0.00,"ק""ג",true,0,6.90,6.90,true,1,
7290000966663,true,קיווי,קטיף,IL,קיווי,קילוגרמים,0.00,"ק""ג",true,0,13.90,13.90,true,1,
7290000982939,true,לוף פרסה-יחידה,קטיף,IL,לוף פרסה-יחידה,יחידה,1.00,יחידה,false,0,8.90,8.90,true,1,
7290000987071,true,שום בתפזורת,קטיף,XX,שום בתפזורת,קילוגרמים,0.00,"ק""ג",true,0,30.00,30.00,true,1,
7290000993362,true,שום ישראלי -יחידה,קטיף,IL,שום ישראלי -יחידה,יחידה,1.00,יחידה,false,0,8.00,8.00,true,1,
7290000993560,true,עגבניות שרי שוקו יחידה,קטיף,IL,עגבניות שרי שוקו,יחידה,1.00,יחידה,false,0,9.90,9.90,true,1,
7290001045763,false,מיץ תפוחים 100% צלול 2 ל,גניר,IL,מיץ תפוחים 100% צלול 2 ל,ליטרים,2.00,ליטר,false,0,25.90,12.95,true,1,
7290001045893,false,משקה לימון+נענע 1 ליטר,גניר,IL,משקה לימון+נענע,ליטרים,1.00,ליטר,false,0,5.30,5.30,true,1,
7290001121054,false,צמד חמד 700 גרם,מעדני יחיעם,IL,צמד חמד 700 גרם,גרמים,700.00,100 גרם,false,0,30.60,4.37,true,1,
7290001121672,false,פסטרמה מעודנ.בפפריקה300ג,מעדני יחיעם,IL,פסטרמה מעודנ.בפפריקה300ג,גרמים,300.00,100 גרם,false,0,23.30,7.77,true,1,
7290001124611,false,שומן כבש 200 גרם,טיבון ויל - נטו,IL,שומן כבש 200גרם,גרמים,200.00,100 גרם,false,0,22.70,11.35,true,1,
7290001128183,false,קציצות דג 700 גרם,דלידג - נטו,IL,קציצות דג 700גרם,גרמים,700.00,100 גרם,false,0,27.70,3.96,true,1,
7290001136294,false,שמפו נקה 7 יבש/צבוע750מל,אמיליה קוסמטיקס,IL,שמפו נקה 7,מיליליטרים,750.00,"100 מ""ל",false,0,9.90,1.32,true,1,
7290001136683,false,"מרכך נקה 7 ס""ש 750 מ""ל",אמיליה קוסמטיקס,IL,קונדישינר נקה 7,מיליליטרים,750.00,"100 מ""ל",false,0,9.90,1.32,true,1,
7290001158500,false,כנפיים עוף טרי)עצמי(מחי,שונות,IL,כנפיים עוף טרי,קילוגרמים,0.00,"ק""ג",true,0,12.90,12.90,true,1,
7290001158517,false,כרעיים עוף טרי)עצמי(,שופרסל,IL,כרעיים עוף טרי,קילוגרמים,0.00,"ק""ג",true,0,29.90,29.90,true,1,
7290001158524,false,שניצל עוף פרוס)עצמי(לקג,שונות,IL,שניצל עוף פרוס,קילוגרמים,0.00,"ק""ג",true,0,37.90,37.90,true,1,
7290001158531,false,שוקיים עוף טרי )עצמי(מח,שונות,IL,שוקיים עוף טרי,קילוגרמים,0.00,"ק""ג",true,0,34.90,34.90,true,1,
7290001158562,false,גרון עוף טרי (עצמי) מחיר,שונות,IL,גרון עוף טרי (,קילוגרמים,0.00,"ק""ג",true,0,5.90,5.90,true,1,
7290001158579,false,עוף טחון )עצמי( מחיר לפי,שונות,IL,עוף טחון עצמי,קילוגרמים,0.00,"ק""ג",true,0,34.90,34.90,true,1,
7290001158722,false,חזה עוף שלם טרי )עצמי(,שונות,IL,חזה עוף שלם טר,קילוגרמים,0.00,"ק""ג",true,0,34.90,34.90,true,1,
7290001231932,false,ווינסטון כחול בוקס חפ.,jti,CH,ווינסטון כחול בוקס חפ.,יחידה,1.00,יחידה,false,0,31.00,31.00,false,1,
7290001247006,false,גזוז בטעם קולה קריסטל 2ל,יפאורה שותפות מובגלת לשיווק,IL,גזוז בטעם קולה קריסטל 2ל,ליטרים,2.00,ליטר,false,0,3.90,1.95,true,1,
7290001247051,false,קריסטל למון ליים 2 ליטר,יפאורה שותפות מובגלת לשיווק,IL,קריסטל למון ליים 2 ליטר,ליטרים,2.00,ליטר,false,0,3.90,1.95,true,1,
7290001247082,false,נקטר עגבניות ספרינג 1 ל',יפאורה שותפות מובגלת לשיווק,IL,נקטר עגבניות ספרינג 1 ל',ליטרים,1.00,ליטר,false,0,5.50,5.50,true,1,
7290001247099,false,נקטר ספרינג מנגו 1 ליטר,יפאורה שותפות מובגלת לשיווק,IL,נקטר ספרינג מנגו 1 ליטר,ליטרים,1.00,ליטר,false,0,5.50,5.50,true,1,
7290001247105,false,נקטר ספרינג אפרסק 1 ליטר,יפאורה שותפות מובגלת לשיווק,IL,נקטר ספרינג אפרסק 1 ליטר,ליטרים,1.00,ליטר,false,0,5.50,5.50,true,1,
7290001247129,false,נקטר ספרינג תפוזים 1ליטר,יפאורה שותפות מובגלת לשיווק,IL,נקטר ספרינג תפוזים 1ליטר,ליטרים,1.00,ליטר,false,0,5.50,5.50,true,1,
7290001265642,false,מעדני לה קט 400*3 גרם,SAS FIDELE,FR,מעדני לה קט 3 יח,קילוגרמים,1.20,"ק""ג",false,0,22.10,18.42,true,1,
7290001274422,false,מאגדת מצופה שוקו\בננ 8 י,גלידות פלדמן,IL,מאגדת מצופה שוקו\בננ 8 י,יחידה,1.00,יחידה,false,0,22.70,22.70,true,1,
7290001305188,false,פלמוליב לכלים צהוב 750מל,קולגייט-פלמוליב,GR,פלמוליב לכלים,מיליליטרים,750.00,"100 מ""ל",false,0,11.30,1.51,true,1,
7290001327029,false,מאגדת מיקס 7 יחידות,שטראוס,IL,מאגדת מיקס 7 יחידות,גרמים,440.00,100 גרם,false,0,38.20,8.68,true,1,
7290001327180,false,קרמיסימו וניל צ'יפ 1.33ל,שטראוס,IL,קרמיסימו וניל צ'יפ 1.33ל,ליטרים,1.33,ליטר,false,0,20.90,15.71,true,1,
7290001327227,false,קרמיסימו ריבת חלב 1.33ל',שטראוס,IL,קרמיסימו ריבת חלב 1.33ל',ליטרים,1.33,ליטר,false,0,20.90,15.71,true,1,
7290001327357,false,גל.קרמיסימו וניל 1.33ל',שטראוס,IL,גל.קרמיסימו וניל 1.33ל',ליטרים,1.33,ליטר,false,0,20.90,15.71,true,1,
7290001327838,false,מאגדת מיני מגנום פולטיפק,שטראוס,IL,מאגדת מיני מגנום פולטיפק,גרמים,250.00,100 גרם,false,0,29.60,11.84,true,1,
7290001461945,false,עוג.חמאה מקלות קינמון150,תעשיות אירו פטיסרי,NL,עוג.חמאה מקלות קינמון150,גרמים,150.00,100 גרם,false,1,17.70,11.80,true,1,
7290001482384,false,לפתן אננס חתוך,,TH,לפתן אננס חתוך,גרמים,227.00,100 גרם,false,0,5.90,2.60,true,1,
7290001491096,false,תה ירוק לימונ+לואיזה50שק,ויסוצקי,IL,תה ירוק לימונ+לואיזה50שק,גרמים,75.00,100 גרם,false,0,43.80,58.40,true,1,
7290001507018,false,גלילית אורגני+ק.חרוב100ג,השדה מוצרים אורגניים,IL,גלילית אורגני,גרמים,100.00,100 גרם,false,0,13.00,13.00,true,1,
7290001594155,false,"קוקה קולה בפלסטיק500 מ""ל",החברה המרכזית לייצור משקאות,IL,קוקה קולה,מיליליטרים,500.00,"100 מ""ל",false,0,7.80,1.56,true,1,
7290001594865,false,"בירה קרלסברג בק330*6 מ""ל",קרלסברג ישראל,IL,"בירה קרלסברג בק330*6 מ""ל",ליטרים,1.98,ליטר,false,0,45.50,22.98,true,1,
7290001648643,false,קפה טורקי כתר 3 יח100X'ג,רוני רג'ואן ושות,IL,מארז טורקי כתר,גרמים,300.00,100 גרם,false,0,14.70,4.90,true,1,
7290001648995,false,קפה רג'ואן מארז 3 100*ג,רוני רג'ואן ושות,IL,קפה רג'ואן 3 יח,גרמים,300.00,100 גרם,false,0,17.30,5.77,true,1,
7290001791349,false,פיסגה אקונומיקה ריחנית4ל,סנו,IL,אקונומיקה פיסגה,ליטרים,4.00,ליטר,false,0,10.00,2.50,true,1,
7290001814147,false,ממרח בטעם שוקולד פרה500ג,עלית,IL,ממרח בטעם שוקולד,גרמים,500.00,100 גרם,false,0,11.60,2.32,true,1,
7290001817377,false,ציטוס איקס עיגול פיצה60ג,עלית,IL,צ'יטוס איקס,גרמים,60.00,100 גרם,false,0,3.60,6.00,true,1,
7290001865453,false,סבון פמלי סגול+משאבה 1ל',אינטרקוסמא,IL,סבון פמלי סגול+משאבה 1ל',ליטרים,1.00,ליטר,false,0,14.90,14.90,true,1,
7290001985311,false,מאגדת מיני מגנום לבן+שקד,שטראוס,IL,מאגדת מיני מגנום לבן+שקד,גרמים,250.00,100 גרם,false,0,29.60,11.84,true,1,
7290001985953,false,קרחון לימון+אשכולית לייט,שטראוס,IL,קרחון לימון לייט,יחידה,1.00,יחידה,false,0,27.90,27.90,true,1,
7290002007302,false,סוכ.צבעוניות לקישוט 100ג,הנמל,IL,סוכ.צבעוניות לקישוט 100ג,גרמים,100.00,100 גרם,false,0,6.20,6.20,true,1,
7290002008040,false,"מקלות לשיפודים30ס""מ100יח",הנמל,IL,מקלות לשיפודים,יחידה,1.00,יחידה,false,0,3.50,3.50,true,1,
7290002008187,false,קשים מתקפלים 40 יח',הנמל,IL,קשים מתקפלים,יחידה,1.00,יחידה,false,0,1.00,1.00,true,1,
7290002008934,false,סוכריות לקישוט 200 גרם,הנמל,IL,סוכריות לקישוט 200 גרם,גרמים,200.00,100 גרם,false,0,9.00,4.50,true,1,
7290002008941,false,עוג.מרוקאיות ללא סוכר400,הנמל,IL,עוגיות ללא סוכר,גרמים,400.00,100 גרם,false,0,21.40,5.35,true,1,
7290002019787,false,רסק עגבניות 22% 260 גרם,פרי ניר,IL,רסק עגבניות,גרמים,260.00,100 גרם,false,0,4.00,1.54,true,1,
7290002020981,false,ספגנ.מטוגן קפוא לא ריבה,גידרון,IL,סופגניה,גרמים,35.00,100 גרם,false,0,2.50,7.14,true,1,
7290002026433,false,ופל בלגי קפוא ופל בלגי ק,מוצרי איכות אמריקאיים,IL,ופל בלגי קפוא,גרמים,220.00,100 גרם,false,0,15.60,7.09,true,1,
7290002037040,false,חלה קלה פרוסה 500 גרם,מאפית ברמן,IL,חלה קלה פרוסה 500 גרם,גרמים,500.00,100 גרם,false,0,15.80,3.16,true,1,
7290002037057,false,לחם פרוס לבן 500 גרם,מאפית ברמן,IL,לחם פרוס לבן 500 גרם,גרמים,500.00,100 גרם,false,0,6.24,1.25,true,1,
7290002037194,false,לחם שחור קמח מלא 750 גרם,מאפית ברמן,IL,לחם שחור קמח מלא 750 גרם,גרמים,750.00,100 גרם,false,0,15.10,2.01,true,1,
7290002037248,false,6 לחמנ.דגני קלות,מאפית ברמן,IL,6 לחמנ.דגני קלות,יחידה,1.00,יחידה,false,0,11.80,11.80,true,1,
7290002037309,false,8לחמניות המבורגר ארוז400,מאפית ברמן,IL,8לחמניות המבורגר ארוז400,גרמים,400.00,100 גרם,false,0,11.80,2.95,true,1,
7290002037545,false,לחם שחור קל פרוס 750 גרם,מאפית ברמן,IL,לחם שחור קל פרוס 750 גרם,גרמים,750.00,100 גרם,false,0,15.80,2.11,true,1,
7290002037569,false,לחמניות באניס 6יח75X'גרם,מאפית ברמן,IL,לחמניות באניס 6יח75X'גרם,גרמים,450.00,100 גרם,false,0,14.20,3.16,true,1,
7290002057123,false,מנזנילו ירוק ל.גלעין540ג,קבוצת יבנה,IL,זית ללא גלעין,גרמים,540.00,100 גרם,false,0,9.40,1.74,true,1,
7290002057161,false,זית חתוך במרינד 540 גרם,קבוצת יבנה,IL,זית חתוך במרינד,גרמים,540.00,100 גרם,false,0,10.80,2.00,true,1,
7290002057369,false,מלפפון במלח 10-12 540גרם,קבוצת יבנה,IL,מלפפונים במלח,גרמים,540.00,100 גרם,false,0,7.40,1.37,true,1,
7290002057376,false,מלפ. במלח קטן13-17 540גר,קבוצת יבנה,IL,מלפפונים במלח,גרמים,540.00,100 גרם,false,0,9.80,1.81,true,1,
7290002057383,false,מלפפון במלח 18-25 540גרם,קבוצת יבנה,IL,מלפפונים במלח,גרמים,540.00,100 גרם,false,0,11.80,2.19,true,1,
7290002057482,false,מלפפון בחומץ 18-25 540גר,קבוצת יבנה,IL,מלפפונים בחומץ,גרמים,540.00,100 גרם,false,0,11.80,2.19,true,1,
7290002057628,false,טבעות זיתים מושחרים540גר,קבוצת יבנה,IL,טבעות זיתים מושחרים540גר,גרמים,540.00,100 גרם,false,0,10.10,1.87,true,1,
7290002065555,false,לחמניות בשקית 6יח75X'גרם,מאפיית שלמה א. אנג'ל,IL,לחמניות בשקית 6יח75X'גרם,גרמים,450.00,100 גרם,false,0,10.80,2.40,true,1,
7290002065616,false,לחם שיפון גרעינים 750גרם,מאפיית שלמה א. אנג'ל,IL,לחם שיפון גרעינים 750גרם,גרמים,750.00,100 גרם,false,0,12.90,1.72,true,1,
7290002065623,false,לחם שיפון כפרי 750 גרם,מאפיית שלמה א. אנג'ל,IL,לחם שיפון כפרי 750 גרם,גרמים,750.00,100 גרם,false,0,12.90,1.72,true,1,
7290002107019,false,גב.צפתית מעודנת5% 250גרם,משק צוריאל תבור,IL,צפתית מעודנת5%,גרמים,250.00,100 גרם,false,0,17.00,6.80,true,1,
7290002107422,false,בולגרית המשק 5% במשקל,משק צוריאל תבור,IL,בולגרית המשק 5% במשקל,קילוגרמים,0.00,"ק""ג",true,0,59.00,59.00,true,1,
7290002107491,false,גב.עיזים5% למריחה 250 גר,משק צוריאל תבור,IL,גב.עיזים5% למריחה 250 גר,גרמים,250.00,100 גרם,false,0,15.40,6.16,true,1,
7290002107743,false,צפתית מעודנת5%משק צוריאל,משק צוריאל תבור,IL,צפתית מעודנת5%משק צוריאל,קילוגרמים,0.00,"ק""ג",true,0,57.00,57.00,true,1,
7290002107798,false,בולגרית מעודנת 5% 250 גר,משק צוריאל תבור,IL,גבינה בולגרית 5%,גרמים,250.00,100 גרם,false,0,21.70,8.68,true,1,
7290002109372,false,בורקס פילו גבינה בולגרית,"שגמור בע""מ",IL,בורקס פילו גבינה בולגרית,גרמים,700.00,100 גרם,false,0,22.90,3.27,true,1,
7290002130567,false,דבש טהור יד מרדכי 350גרם,יד מרדכי,IL,דבש טהור,גרמים,350.00,100 גרם,false,0,21.10,6.03,true,1,
7290002130574,false,דבש מפרחי בר יד מרדכי500,יד מרדכי,IL,דבש מפרחי בר יד מרדכי500,גרמים,500.00,100 גרם,false,0,27.70,5.54,true,1,
7290002130581,false,דבש בצנצנת יד מרדכי 1ק,יד מרדכי,IL,דבש בצנצנת יד מרדכי 1ק,קילוגרמים,1.00,"ק""ג",false,0,45.20,45.20,true,1,
7290002133247,false,לבנה עם זעתר+שמן זית250ג,מחלבת השומרון,IL,לבנה עם זעתר,גרמים,250.00,100 גרם,false,0,12.80,5.12,true,1,
7290002150862,false,קובה בורגול בשר 400 גרם,חמים וטעים,IL,קובה בשר400גרם,גרמים,400.00,100 גרם,false,1,14.80,3.70,true,1,
7290002253006,false,שום כתוש דורות 200 גרם,דורות,IL,שום כתוש דורות 200 גרם,גרמים,200.00,100 גרם,false,0,15.80,7.90,true,1,
7290002260806,false,ביסלי ברביקיו חמוץ חרי70,אסם,IL,ביסלי אקסטרים,גרמים,70.00,100 גרם,false,0,4.80,6.86,true,1,
7290002266037,false,לחם חי פרוס 500 גרם,מאפיית שלמה א. אנג'ל,IL,לחם חי פרוס 500 גרם,גרמים,500.00,100 גרם,false,0,13.50,2.70,true,1,
7290002304241,false,קונפ.פירות יער לייט600גר,ענבי ציון,IL,קונפ.פירות יער לייט600גר,גרמים,600.00,100 גרם,false,0,19.90,3.32,true,1,
7290002304609,false,קונפיטורה תות שדה 600גרם,ענבי ציון,IL,קונפיטורה תות שדה 600גרם,גרמים,600.00,100 גרם,false,0,14.90,2.48,true,1,
7290002323204,false,ספרינג תפוחים דיאט 1.5ל',יפאורה שותפות מובגלת לשיווק,IL,ספרינג תפוח דיאט,ליטרים,1.50,ליטר,false,0,6.90,4.60,true,1,
7290002327028,false,ג'חנון 650 גרם,אופרה,IL,ג'חנון 650 גרם,גרמים,650.00,100 גרם,false,0,19.70,3.03,true,1,
7290002327042,false,"בורקס תפו""א 800 גרם",אופרה,IL,"בורקס תפו""א 800 גרם",גרמים,800.00,100 גרם,false,0,21.90,2.74,true,1,
7290002331148,false,נביעות+טעם תפוח 1.5 ליטר,נביעות טבע,IL,נביעות+טעם תפוח 1.5 ליטר,ליטרים,1.50,ליטר,false,0,8.70,5.80,true,1,
7290002331322,false,מים מינרל.נביעות 1.5*6ל,נביעות טבע,IL,מים מינרל.נביעות 1.5*6ל,ליטרים,9.00,ליטר,false,0,11.50,1.28,true,1,
7290002332022,false,נביעות+משמש אננס 1.5ליטר,נביעות טבע,IL,נביעות+משמש אננס,ליטרים,1.50,ליטר,false,0,8.70,5.80,true,1,
7290002348160,false,תירס גמדי שלם 400 גרם,גואנדונג,CN,תירס גמדי,גרמים,400.00,100 גרם,false,1,5.90,1.48,true,1,
7290002353836,false,סרדינ.בשמן זית רוברט125ג,נטו,PT,סרדינ.בשמן זית רוברט125ג,גרמים,115.00,100 גרם,false,0,7.80,6.78,true,1,
7290002360155,false,חליטת שומר 20 שק2Xגרם,טייקנה,IL,חליטת שומר,גרמים,40.00,100 גרם,false,0,10.00,25.00,true,1,
7290002360285,false,חליטת קמומיל 20 שק1.5Xג,טייקנה,DE,חליטת קמומיל 20 שק1.5Xג,גרמים,30.00,100 גרם,false,0,10.00,33.33,true,1,
7290002385745,false,פקורינו משולשים במשקל,,,פקורינו משולשים במשקל,קילוגרמים,0.00,"ק""ג",true,0,137.00,137.00,true,1,
7290002439066,false,פיצה משפחתית גבינה 350גר,נטו,IL,פיצה משפחתית,גרמים,350.00,100 גרם,false,1,14.80,4.23,true,1,
7290002448921,false,מעדן לחתול,,IL,מעדן לחתול,גרמים,156.00,100 גרם,false,0,6.70,4.29,true,1,
7290002479109,false,"דבש מפרחי בר 1 ק""ג",מכוורת עמק חפר,IL,"דבש מפרחי בר 1 ק""ג",גרמים,1000.00,100 גרם,false,0,46.20,4.62,true,1,
7290002479352,false,דבש מפרחי בר 350 גרם,מכוורת עמק חפר,IL,דבש מפרחי בר,גרמים,350.00,100 גרם,false,0,19.70,5.63,true,1,
7290002487739,false,עוג.אוראו פאדג שוק.חל246,מונדלייז,ES,עוג.אוראו פאדג שוק.חל246,גרמים,246.00,100 גרם,false,0,20.40,8.29,true,1,
7290002487746,false,עוג.אוראו פאדג שוק.לב246,מונדלייז,ES,עוגיות אוראו,גרמים,246.00,100 גרם,false,0,20.40,8.29,true,1,
7290002517276,false,פלפל אנגלי שלם 25 גרם,תבליני טעם וריח,IL,פלפל אנגלי שלם 25 גרם,גרמים,25.00,100 גרם,false,0,9.80,39.20,true,1,
7290002517818,false,הל טחון 30 גרם,תבליני טעם וריח,IL,הל טחון 30 גרם,גרמים,30.00,100 גרם,false,0,14.80,49.33,true,1,
7290002517825,false,פלפל לבן טחון 40 גרם,תבליני טעם וריח,IL,פלפל לבן טחון 40 גרם,גרמים,40.00,100 גרם,false,0,13.20,33.00,true,1,
7290002543046,false,פרוסטיס 750 גרם,קלוג'ס,GB,פרוסטיס 750 גרם,גרמים,750.00,100 גרם,false,0,20.00,2.67,true,1,
7290002543381,false,קלוג'ס ספיישל K 375 גרם,קלוג'ס,GB,קלוג'ס ספיישל,גרמים,375.00,100 גרם,false,0,24.70,6.59,true,1,
7290002551003,false,טונה סטארקיסט בשמן 160 ג,סטארקיסט,IL,טונה סטארקיסט,גרמים,160.00,100 גרם,false,0,7.60,4.75,true,1,
7290002551010,false,טונה סטארקיסט במים 160 ג,סטארקיסט,IL,טונה סטארקיסט,גרמים,160.00,100 גרם,false,0,7.60,4.75,true,1,
7290002661115,false,"לחם הולנדי 1.200 ק""ג",מאפית ברמן,IL,"לחם הולנדי 1.200 ק""ג",קילוגרמים,1.20,"ק""ג",false,0,17.70,14.75,true,1,
7290002661153,false,"לחם דני קל 1 ק""ג",מאפית ברמן,IL,"לחם דני קל 1 ק""ג",גרמים,1000.00,100 גרם,false,0,17.70,1.77,true,1,
7290002661177,false,לחם כנעני 750 גרם,מאפית ברמן,IL,לחם כנעני 750 גרם,גרמים,750.00,100 גרם,false,0,15.80,2.11,true,1,
7290002661214,false,לחם גלילי קל 750 גרם,מאפית ברמן,IL,לחם גלילי קל 750 גרם,גרמים,750.00,100 גרם,false,0,15.80,2.11,true,1,
7290002663522,false,תפוזינה משקה קל תפוז1.5ל,יפאורה שותפות מובגלת לשיווק,IL,תפוזינה תפוזים,ליטרים,1.50,ליטר,false,0,6.50,4.33,true,1,
7290002663539,false,תפוזינה אשכוליות 1.5ליטר,יפאורה שותפות מובגלת לשיווק,IL,תפוזינה אשכוליות,ליטרים,1.50,ליטר,false,0,6.50,4.33,true,1,
7290002663812,false,שוופס ג'ינג'ר 1.5 ליטר,יפאורה שותפות מובגלת לשיווק,IL,שוופס ג'ינג'ר 1.5 ליטר,ליטרים,1.50,ליטר,false,0,9.80,6.53,true,1,
7290002663829,false,שוופס ביטר לימון 1.5ליטר,יפאורה שותפות מובגלת לשיווק,IL,שוופס ביטר לימון 1.5ליטר,ליטרים,1.50,ליטר,false,0,9.80,6.53,true,1,
7290002692409,false,שמן חמניות מועשר ויטמיןE,שמן תעשיות,IL,שמן חמניות,ליטרים,1.00,ליטר,false,0,14.80,14.80,true,1,
7290002692478,false,שמן זית מעודן כ.מעולה750,שמן תעשיות,IL,שמן זית מעודן,מיליליטרים,750.00,"100 מ""ל",false,0,36.60,4.88,true,1,
7290002692553,false,"זיתולה עץ הזית 750 מ""ל",שמן תעשיות,IL,זיתולה עץ הזית,מיליליטרים,750.00,"100 מ""ל",false,0,12.90,1.72,true,1,
7290002692768,false,"תרסיס שמן קנולה 200 מ""ל",שמן תעשיות,US,תרסיס שמן קנולה,מיליליטרים,200.00,"100 מ""ל",false,0,17.10,8.55,true,1,
7290002730262,false,פלמוליב קלאסי ירוק 750מל,קולגייט-פלמוליב,GR,פלמוליב קלאסי ירוק 750מל,מיליליטרים,750.00,"100 מ""ל",false,0,11.30,1.51,true,1,
7290002730811,false,משחה קולגייט ג'ל 100 גרם,קולגייט-פלמוליב,PL,משחת קולגייט ג'ל,מיליליטרים,100.00,"100 מ""ל",false,0,14.80,14.80,true,1,
7290002752332,false,סוכ.מנטוס טעם פירות37.5ג,מנטוס,NL,סוכ.מנטוס טעם פירות37.5ג,גרמים,37.00,100 גרם,false,0,3.80,10.27,true,1,
7290002752349,false,סוכ. מנטוס מנטה 37.5 גרם,מנטוס,NL,סוכ. מנטוס מנטה 37.5 גרם,גרמים,37.00,100 גרם,false,0,3.80,10.27,true,1,
7290002766056,false,עגבניות שרי לב אדום יח',קטיף,IL,שרי לב אדום,יחידה,1.00,יחידה,false,1,9.90,9.90,true,1,
7290002775010,false,מיני בורקס פילו גבינה 50,"שגמור בע""מ",IL,מיני בורקס פילו,גרמים,650.00,100 גרם,false,0,22.30,3.43,true,1,
7290002782759,false,"קרם גוף מס2' פנינה340מ""ל",א.ל ארמן,IL,קרם גוף פנינה,מיליליטרים,340.00,"100 מ""ל",false,0,19.90,5.85,true,1,
7290002787174,false,טונה במים 3 יח,,IL,טונה במים 3 יח,גרמים,420.00,100 גרם,false,0,17.70,4.21,true,1,
7290002787204,false,טונה בשמן קנולה 140*3גרם,,IL,טונה בשמן קנולה 140*3גרם,גרמים,420.00,100 גרם,false,0,17.70,4.21,true,1,
7290002787716,false,חמאה עלמה 100 גרם,מלקפול,PL,חמאה עלמה 100 גרם,גרמים,100.00,100 גרם,false,1,3.90,3.90,true,1,
7290002787747,false,שניצלוני דג ותירס 600 גר,דלידג - נטו,IL,שניצלוני דג תירס,גרמים,600.00,100 גרם,false,1,31.60,5.27,true,1,
7290002814016,false,סנט מוריץ מסיר שומ.קר750,קומפלקס כימיקלים,IL,מסיר שומנים קר,מיליליטרים,750.00,"100 מ""ל",false,0,16.80,2.24,true,1,
7290002814047,false,אקונומיקה קצף ניקוי750מ,קומפלקס כימיקלים,IL,אקונומיקה קצף,מיליליטרים,750.00,"100 מ""ל",false,1,7.90,1.05,true,1,
7290002814928,false,פרלמנט קצר בודד,פיליפ מוריס,IL,פרלמנט קצר בודד,יחידה,1.00,יחידה,false,0,36.50,36.50,false,1,
7290002824183,false,גב.סקי משפחתי5%שומן500ג,שטראוס,IL,גבינת סקי 5%,גרמים,500.00,100 גרם,false,0,9.60,1.92,true,1,
7290002824466,false,יוגורט לבן ביו 0% 200ג,שטראוס,IL,יוגורט לבן 0%,גרמים,200.00,100 גרם,false,0,3.70,1.85,true,1,
7290002824640,false,גב.סקי5%לבנה מעודנת250ג,שטראוס,IL,גב.סקי5%לבנה מעודנת250ג,גרמים,250.00,100 גרם,false,0,4.80,1.92,true,1,
7290002825692,false,סלט חומוס אחלה 500 גרם,שטראוס,IL,סלט חומוס אחלה 500 גרם,גרמים,500.00,100 גרם,false,0,10.80,2.16,true,1,
7290002825722,false,כרוב אדום אחלה 500 גרם,שטראוס,IL,סלט כרוב אחלה,גרמים,500.00,100 גרם,false,0,15.40,3.08,true,1,
7290002830207,false,גפילטע פיש בצנצנת 520גרם,,IL,גפילטע פיש בצנצנת 520גרם,גרמים,520.00,100 גרם,false,0,18.30,3.52,true,1,
7290002830948,false,גבינת מון בלאן עיזים120ג,נטו,IL,גבינת מון בלאן עיזים120ג,גרמים,120.00,100 גרם,false,0,10.00,8.33,true,1,
7290002833923,false,פרלמנט סילבר חפיסה,פיליפ מוריס,US,פרלמנט סילבר חפיסה,יחידה,1.00,יחידה,false,0,36.50,36.50,false,1,
7290002854528,false,ל.מ. רד לייבל קצר,פיליפ מוריס,US,ל.מ. רד לייבל קצר,יחידה,1.00,יחידה,false,0,32.00,32.00,false,1,
7290002862017,false,שום כתוש 250 גרם,"הררית מזון בע""מ",IL,שום כתוש,גרמים,250.00,100 גרם,false,0,12.60,5.04,true,1,
7290002868996,false,קוטג' 5%מועשר בסידן 250ג,טרה,IL,קוטג' 5%מועשר בסידן 250ג,גרמים,250.00,100 גרם,false,0,5.60,2.24,true,1,
7290002871248,false,"טובורג רד בק.חוזר 500מ""ל",קרלסברג ישראל,IL,"טובורג רד בק.חוזר 500מ""ל",מיליליטרים,500.00,"100 מ""ל",false,0,9.20,1.84,true,1,
7290002871361,false,בירה קרלסברג בק.חוזר500מ,קרלסברג ישראל,IL,בירה קרלסברג בק.חוזר500מ,מיליליטרים,500.00,"100 מ""ל",false,0,9.40,1.88,true,1,
7290002871460,false,פריגת תפוזים 1.5 ליטר,פריגת,IL,פריגת תפוזים,ליטרים,1.50,ליטר,false,0,6.90,4.60,true,1,
7290002871477,false,פריגת אשכוליות 1.5 ליטר,פריגת,IL,פריגת אשכוליות,ליטרים,1.50,ליטר,false,0,6.90,4.60,true,1,
7290002871491,false,דיאט פריגת אשכוליות1.5ל,פריגת,IL,פריגת דיאט אשכול,ליטרים,1.50,ליטר,false,0,6.90,4.60,true,1,
7290002876326,false,פרלמנט קצר בלו בודד,פיליפ מוריס,IL,פרלמנט קצר בלו בודד,יחידה,1.00,יחידה,false,0,36.50,36.50,false,1,
7290002881216,false,"רסק תפו""ע דיאט צנצנת700ג",KONSERVENFABRIEK BALTUSSEN,NL,"רסק תפו""ע דיאט",גרמים,700.00,100 גרם,false,0,10.40,1.49,true,1,
7290002881650,false,טונה בשמן צמחי 160*4 גרם,ביג אגא קו.לטד,TH,טונה בשמן צמחי,גרמים,640.00,100 גרם,false,1,23.70,3.70,true,1,
7290002929284,false,טונה בשמן צמחי 140*4 גרם,פוסידון תעשיות,IL,טונה בשמן 4 יח,גרמים,560.00,100 גרם,false,0,25.70,4.59,true,1,
7290002929512,false,פלאפל 500 גרם,שלושת האופים,IL,פלאפל 500 גרם,גרמים,500.00,100 גרם,false,0,13.80,2.76,true,1,
7290002929642,false,טונה בשמן 4 יח,,IL,טונה בשמן 4 יח,גרמים,560.00,100 גרם,false,0,24.70,4.41,true,1,
7290002954200,false,אורז יסמין,,TH,אורז יסמין,קילוגרמים,1.00,"ק""ג",false,0,9.80,9.80,true,1,
7290002987963,false,"חומוס אחלה 1 ק""ג",שטראוס,IL,"חומוס אחלה 1 ק""ג",קילוגרמים,1.00,"ק""ג",false,0,14.80,14.80,true,1,
7290003009138,false,סירופ לימונים פריגת 750מ,פריגת,IL,סירופ לימונים פריגת 750מ,מיליליטרים,750.00,"100 מ""ל",false,0,13.90,1.85,true,1,
7290003009626,false,סירופ פטל פריגת 1.5 ליטר,פריגת,IL,סירופ פטל פריגת 1.5 ליטר,ליטרים,1.50,ליטר,false,0,23.10,15.40,true,1,
7290003009640,false,מיץ תפוזים סחוט 1 ליטר,פריגת,IL,מיץ תפוזים סחוט 1 ליטר,ליטרים,1.00,ליטר,false,0,16.00,16.00,true,1,
7290003009657,false,מיץ סחוט אשכולית אדום1ל',פריגת,IL,מיץ סחוט אשכולית אדום1ל',ליטרים,1.00,ליטר,false,0,16.00,16.00,true,1,
7290003023165,false,שוקו בכד יטבתה 2 ליטר,שטראוס,IL,שוקו בכד יטבתה,ליטרים,2.00,ליטר,false,0,21.10,10.55,true,1,
7290003026036,false,קמיל בלו סנסיטיב ורוד 1ל,פישר מעבדות פרמצבטיות,IL,קמיל בלו סנסיטיב ורוד 1ל,ליטרים,1.00,ליטר,false,0,19.90,19.90,true,1,
7290003026227,false,שמפו קמיל בלו אל דמע 1 ל,פישר מעבדות פרמצבטיות,IL,שמפו קמיל בלו,ליטרים,1.00,ליטר,false,0,19.90,19.90,true,1,
7290003029112,false,חלב 3% מועשר בסידן 1 ל',יטבתה,IL,חלב מועשר בסידן,ליטרים,1.00,ליטר,false,0,9.30,9.30,true,1,
7290003029181,false,שוקו יטבתה בבקבוק 1 ליטר,שטראוס,IL,שוקו יטבתה,ליטרים,1.00,ליטר,false,0,11.90,11.90,true,1,
7290003029389,false,משקה בננה יטבתה+פקק 250מ,שטראוס,IL,משקה בננה,מיליליטרים,250.00,"100 מ""ל",false,0,5.40,2.16,true,1,
7290003029433,false,שוקו יטבתה+פקק נשלף 250מ,שטראוס,IL,שוקו יטבתה,מיליליטרים,250.00,"100 מ""ל",false,0,5.40,2.16,true,1,
7290003029617,false,"שמנת מנה אישית 100 מ""ל",יטבתה,IL,שמנת מנה אישית,מיליליטרים,100.00,"100 מ""ל",false,0,1.90,1.90,true,1,
7290003029792,false,מארז שוקו יטבתה 225*8 מל,יטבתה,IL,שקיות שוקו 8 יח',ליטרים,1.80,ליטר,false,0,19.90,11.06,true,1,
7290003029815,false,חלב מועשר יטבתה 3%כד 2ל',שטראוס,IL,חלב מועשר יטבתה 3%כד 2ל',ליטרים,2.00,ליטר,false,0,17.50,8.75,true,1,
7290003029907,false,אייס קפה יטבתה 2% 1ל,שטראוס,IL,אייס קפה יטבתה,ליטרים,1.00,ליטר,false,0,11.90,11.90,true,1,
7290003047635,false,ליפטון ילו לייבל25שק1.5*,יוניליוור,IN,תה ילו לייבל,גרמים,37.00,100 גרם,false,0,7.90,21.35,true,1,
7290003047642,false,ליפטון ילו לייבל100ש1.5*,יוניליוור,IN,תה ילו לייבל,גרמים,150.00,100 גרם,false,0,15.00,10.00,true,1,
7290003107216,false,"קמח לבן 1 ק""ג",טחנת קמח דגן לישראל,IL,קמח לבן,קילוגרמים,1.00,"ק""ג",false,0,5.80,5.80,true,1,
7290003107223,false,"סולת 1 ק""ג",טחנת קמח דגן לישראל,IL,"סולת 1 ק""ג",קילוגרמים,1.00,"ק""ג",false,0,5.40,5.40,true,1,
7290003107247,false,שמרים יבשים אינסטנט33גרם,שטיבל,IL,שמרים יבשים,גרמים,33.00,100 גרם,false,0,5.80,17.58,true,1,
7290003119110,false,קוקה קולה 1.5*6 ליטר,החברה המרכזית לייצור משקאות,IL,קוקה קולה 6 יח,ליטרים,9.00,ליטר,false,0,37.90,4.21,true,1,
7290003119165,false,קוקה קולה דיאט 1.5*6ל,החברה המרכזית לייצור משקאות,IL,קולה דיאט 6 יח,ליטרים,9.00,ליטר,false,0,37.60,4.18,true,1,
7290003121106,false,ארוחת נודלס,,SG,ארוחת נודלס,גרמים,85.00,100 גרם,false,0,4.40,5.18,true,1,
7290003141159,false,מרשמלו יוגטה 180 גרם,סאאדת,TR,מרשמלו יוגטה 180 גרם,גרמים,180.00,100 גרם,false,0,5.00,2.78,true,1,
7290003142620,false,הוטפופ חמאה,,US,הוטפופ חמאה,גרמים,500.00,100 גרם,false,0,17.20,3.44,true,1,
7290003143146,false,ממרח תמרים גת 450 גרם,טעמי הגליל,IL,ממרח תמרים גת 450 גרם,גרמים,450.00,100 גרם,false,0,6.40,1.42,true,1,
7290003185726,false,קבב מזרחי 500 גרם,טיבון ויל - נטו,IL,קבב מזרחי,גרמים,500.00,100 גרם,false,0,19.70,3.94,true,1,
7290003187843,false,טחון עגל 100% 500 גרם,טיבון ויל - נטו,IL,טחון עגל 100%,גרמים,500.00,100 גרם,false,0,32.20,6.44,true,1,
7290003189045,false,בנוסח הולנדית 26% משקל,תעש' מזון יבנה,IL,בנוסח הולנדית 26% משקל,קילוגרמים,0.00,"ק""ג",true,0,43.00,43.00,true,1,
7290003189076,false,פיצרלה מגורדת22% 500 גרם,כפיר,IL,פיצרלה מגורדת,גרמים,500.00,100 גרם,false,0,17.90,3.58,true,1,
7290003189199,false,מעדן חריפה 26% במשקל,תעש' מזון יבנה,IL,מעדן חריפה 26% במשקל,קילוגרמים,0.00,"ק""ג",true,0,43.00,43.00,true,1,
7290003189274,false,בנוסח מעושנת גליל26%משקל,תעש' מזון יבנה,IL,בנוסח מעושנת גליל26%משקל,קילוגרמים,0.00,"ק""ג",true,0,46.00,46.00,true,1,
7290003189342,false,צהובה טובה קלאסית5% משקל,תעש' מזון יבנה,IL,צהובה טובה קלאסית5% משקל,קילוגרמים,0.00,"ק""ג",true,0,45.00,45.00,true,1,
7290003229109,false,פסטרמה בפפריקה 400 גרם,טירת צבי,IL,פסטרמה בפפריקה,גרמים,400.00,100 גרם,false,0,36.00,9.00,true,1,
7290003229147,false,סלמי איטלקי 300 גרם,טירת צבי,IL,סלמי איטלקי,גרמים,300.00,100 גרם,false,0,32.40,10.80,true,1,
7290003231508,false,שמפו פינוק עם קרטין 700,יוניליוור,IL,שמפו פינוק,מיליליטרים,700.00,"100 מ""ל",false,0,9.90,1.41,true,1,
7290003231607,false,מרכך פינוק עם קרטין 700,יוניליוור,IL,מרכך פינוק,מיליליטרים,700.00,"100 מ""ל",false,0,9.90,1.41,true,1,
7290003246595,false,פנג'ל פלוס קרם ידיים100מ,אינטרקוסמא,CH,קרם ידיים פנג'ל,מיליליטרים,100.00,"100 מ""ל",false,0,13.50,13.50,true,1,
7290003268252,false,לחם חיטה מלא לילדים750ג,דגנית עין בר,IL,לחם חיטה מלא,גרמים,750.00,100 גרם,false,1,14.90,1.99,true,1,
7290003268429,false,לחם ירוק מקמח מלא 750 גר,מאפ. דגנית עין-בר,IL,לחם ירוק מקמח מלא 750 גר,גרמים,750.00,100 גרם,false,0,15.90,2.12,true,1,
7290003321155,false,דנונה בר פקאן 183 גרם,שטראוס,IL,דנונה בר פקאן,גרמים,183.00,100 גרם,false,0,4.50,2.46,true,1,
7290003387205,false,דאו.ספיד סטיק לגבר 56 גר,קולגייט-פלמוליב,US,דאודורנט סטיק,גרמים,56.00,100 גרם,false,0,23.70,42.32,true,1,
7290003401376,false,קרם לחות אלוורה לשיער400,קרליין,IL,קרם לחות לשיער,מיליליטרים,400.00,"100 מ""ל",false,0,23.10,5.78,true,1,
7290003411238,false,שמרים יבשים 500 גרם,הנמל,BE,שמרים יבשים,גרמים,500.00,100 גרם,false,0,15.90,3.18,true,1,
7290003411429,false,שמרים יבשים 3 יחX' 11גרם,הנמל,BE,שמרים יבשים,גרמים,33.00,100 גרם,false,0,5.80,17.58,true,1,
7290003414406,false,ריז נטיפים לאפיה 283 גרם,הרשי שוקולד,US,ריז נטיפים לאפיה 283 גרם,גרמים,283.00,100 גרם,false,1,18.70,6.61,true,1,
7290003438006,false,רוטב פסטו אוליביה 180 גר,אוליביה,IL,רוטב פסטו,גרמים,180.00,100 גרם,false,0,13.80,7.67,true,1,
7290003438020,false,ממרח עגבניות 190 גרם,אוליביה,IL,ממרח עגבניות,גרמים,190.00,100 גרם,false,0,13.80,7.26,true,1,
7290003438587,false,פסטו בזיליקום 135 גרם,אוליביה,IL,פסטו בזיליקום,גרמים,135.00,100 גרם,false,0,11.40,8.44,true,1,
7290003438990,false,עיטורי עגבנ.מיובשות 280ג,אוליביה,IL,עגבניות מיובשות,גרמים,280.00,100 גרם,false,0,20.90,7.46,true,1,
7290003450022,false,מיולייט היינץ 430 גרם,היינץ,IL,מיולייט היינץ,גרמים,430.00,100 גרם,false,0,12.80,2.98,true,1,
7290003450091,false,מיונז אמיתי היינץ 430גרם,היינץ,ES,מיונז היינץ,גרמים,430.00,100 גרם,false,0,12.80,2.98,true,1,
7290003450404,false,שעועית אפויה היינץ 410גר,היינץ,CA,שעועית ברוטב,גרמים,410.00,100 גרם,false,0,9.10,2.22,true,1,
7290003514007,false,שקדי מרק 400 גרם,מנה,IL,שקדי מרק מנה,גרמים,400.00,100 גרם,false,0,7.90,1.98,true,1,
7290003514038,false,קראנצ'וס גריל 70 גרם,מנה,IL,קראנצ'וס גריל 70 גרם,גרמים,70.00,100 גרם,false,0,4.00,5.71,true,1,
7290003514045,false,קראנצ'וס ברביקיו 70 גרם,מנה,IL,קראנצ'וס ברביקיו 70 גרם,גרמים,70.00,100 גרם,false,0,4.00,5.71,true,1,
7290003514069,false,קראנצ'וס בצל 70 גרם,מנה,IL,קראנצ'וס בצל,גרמים,70.00,100 גרם,false,0,4.00,5.71,true,1,
7290003514618,false,פרונטו קלאסי 50 גרם,מנה,IL,פרונטו קלאסי,גרמים,50.00,100 גרם,false,0,4.70,9.40,true,1,
7290003539161,false,תפוח עץ יבש 200גרם,שקדיה,IL,תפוח עץ יבש,גרמים,200.00,100 גרם,false,0,15.80,7.90,true,1,
7290003578177,false,תירס גמדי 410 גרם,,TH,תירס גמדי 410 גרם,גרמים,410.00,100 גרם,false,0,5.70,1.39,true,1,
7290003608089,false,ספרינג תות-בננה 1.5 ליטר,יפאורה שותפות מובגלת לשיווק,IL,ספרינג תות בננה,ליטרים,1.50,ליטר,false,0,6.90,4.60,true,1,
7290003608560,false,קולה R.C. 1.5 ליטר,יפאורה שותפות מובגלת לשיווק,IL,R.C קולה,ליטרים,1.50,ליטר,false,0,5.80,3.87,true,1,
7290003643738,false,חיטה 500 גרם,סוגת,IL,חיטה 500 גרם,גרמים,500.00,100 גרם,false,0,6.80,1.36,true,1,
7290003643806,false,שעועית לבנה 500 גרם,סוגת,IL,שעועית לבנה,גרמים,500.00,100 גרם,false,0,10.00,2.00,true,1,
7290003643813,false,שעועית אדומה 500 גרם,סוגת,IL,שעועית אדומה,גרמים,500.00,100 גרם,false,0,12.80,2.56,true,1,
7290003667109,false,פאנטה אורנג' 1.5 ל',החברה המרכזית לייצור משקאות,IL,פאנטה אורנג',ליטרים,1.50,ליטר,false,0,7.60,5.07,true,1,
7290003667369,false,פריגת תות-בננה 1.5ל,פריגת,IL,פריגת תות בננה,ליטרים,1.50,ליטר,false,0,6.90,4.60,true,1,
7290003667673,false,פנטה דיאט אורנג' 1.5ליטר,החברה המרכזית לייצור משקאות,IL,פנטה דיאט אורנג',ליטרים,1.50,ליטר,false,0,7.60,5.07,true,1,
7290003719006,false,לחם ליבו שיפון 80% 750גר,מאפית ברמן,IL,לחם ליבו שיפון 80% 750גר,גרמים,750.00,100 גרם,false,0,15.80,2.11,true,1,
7290003719259,false,לחם אקסקלוסיבי שיפ.מלא1ק,מאפית ברמן,IL,לחם אקסקלוסיבי שיפ.מלא1ק,קילוגרמים,1.00,"ק""ג",false,0,16.80,16.80,true,1,
7290003719280,false,לחם דגנים 750 גרם,מאפית ברמן,IL,לחם דגנים 750 גרם,גרמים,750.00,100 גרם,false,0,12.90,1.72,true,1,
7290003727667,false,"סלט חומוס צבר 1 ק""ג",צבר,IL,סלט חומוס צבר,קילוגרמים,1.00,"ק""ג",false,0,15.80,15.80,true,1,
7290003782130,false,פילה הרינג בשמן במשקל,מעדני מיקי,IL,פילה הרינג בשמן במשקל,קילוגרמים,0.00,"ק""ג",true,0,60.00,60.00,true,1,
7290003804221,false,ברנפלקס מייפל 500 גרם,יוניליוור,IL,ברנפלקס מייפל,גרמים,500.00,100 גרם,false,0,24.90,4.98,true,1,
7290003804238,false,ריבועים של אלופים 500ג,יוניליוור,IL,ריבועים אלופים,גרמים,500.00,100 גרם,false,0,21.70,4.34,true,1,
7290003804368,false,תיבול.קנור בזיליקום72גרם,יוניליוור,IL,תיבוליות קנור,גרמים,72.00,100 גרם,false,0,7.90,10.97,true,1,
7290003805075,false,בייגלה שבור.בצל מוקפץ225,יוניליוור,IL,בייגלה שבורים,גרמים,225.00,100 גרם,false,0,10.80,4.80,true,1,
7290003805099,false,בייגלה שבורים ברביקיו225,יוניליוור,IL,בייגלה שבורים,גרמים,225.00,100 גרם,false,0,10.80,4.80,true,1,
7290003805556,false,"ברנפלקס חיטה מלא בד""ץ500",יוניליוור,IL,ברנפלקס תלמה,גרמים,500.00,100 גרם,false,0,24.90,4.98,true,1,
7290003805709,false,"כריות נוגט בד""צ 750 גרם",יוניליוור,IL,כריות נוגט,גרמים,750.00,100 גרם,false,0,26.90,3.59,true,1,
7290003805716,false,נמס בכוס ט.עוף 24*2 גרם,יוניליוור,IL,נמס בכוס ועוד,גרמים,48.00,100 גרם,false,0,7.80,16.25,true,1,
7290003805730,false,נמס בכוס עגבנ.קנור 32*2ג,יוניליוור,IL,נמס בכוס ועוד,גרמים,64.00,100 גרם,false,0,7.80,12.19,true,1,
7290003806836,false,"בדין אקסטרא לילך 960 מ""ל",יוניליוור,TR,מרכך בדין אקסטרא,מיליליטרים,960.00,"100 מ""ל",false,0,19.90,2.07,true,1,
7290003807352,false,"שוגי בד""ץ 1 ק""ג",יוניליוור,IL,קורנפלקס שוגי,קילוגרמים,1.00,"ק""ג",false,0,28.90,28.90,true,1,
7290003807482,false,"רוטב טריאקי 300 מ""ל",יוניליוור,IL,רוטב טריאקי,מיליליטרים,300.00,"100 מ""ל",false,0,10.00,3.33,true,1,
7290003882922,false,עלי גפן ממולאים,,IL,עלי גפן ממולאים,גרמים,400.00,100 גרם,false,0,7.90,1.98,true,1,
7290003903788,false,קפוצ'ינו וניל 200 גרם,שטראוס,IL,קפוצ'ינו וניל,גרמים,200.00,100 גרם,false,0,27.70,13.85,true,1,
7290003903955,false,שוקולד קרם חלב 100 גרם,עלית,IL,שוקולד קרם חלב,גרמים,100.00,100 גרם,false,0,6.60,6.60,true,1,
7290003905331,false,שוק.חלב+שברי אגוזים100גר,עלית,IL,שוק.חלב אגוזים,גרמים,100.00,100 גרם,false,0,6.60,6.60,true,1,
7290003905362,false,שוק.חלב ל.תוספת סוכר100ג,עלית,IL,שוקולד פרה דיאט,גרמים,100.00,100 גרם,false,0,9.80,9.80,true,1,
7290003989096,false,חציל פיקנטי אחלה 500 גרם,שטראוס,IL,חציל פיקנטי אחלה,גרמים,500.00,100 גרם,false,0,15.80,3.16,true,1,
7290003989539,false,רביולי עם גבינה 400 גרם,שטראוס,IL,רביולי עם גבינה 400 גרם,גרמים,400.00,100 גרם,false,0,16.90,4.23,true,1,
7290004011338,false,"קצפת ריצ' במיכל 250 מ""ל",נטו,IT,"קצפת ריצ' במיכל 250 מ""ל",מיליליטרים,250.00,"100 מ""ל",false,0,10.00,4.00,true,1,
7290004011345,false,קצפת מתוקה,,IT,קצפת מתוקה,גרמים,250.00,100 גרם,false,0,10.00,4.00,true,1,
7290004026554,false,נייטשר ואלי מיקס שוק5.יח,ג'נרל מילס,US,חטיף נייטשר ואלי,גרמים,191.00,100 גרם,false,1,21.70,11.36,true,1,
7290004030414,false,מיץ תפוזים מצונן,,IL,מיץ תפוזים מצונן,ליטרים,2.00,ליטר,false,0,19.70,9.85,true,1,
7290004063191,false,תיבול ים תיכוני 600 גרם,תעשיות מלח לישראל,IL,תיבול ים תיכוני 600 גרם,גרמים,600.00,100 גרם,false,0,12.90,2.15,true,1,
7290004063207,false,תערובת תיבול טוסקנה600ג,תעשיות מלח לישראל,IL,תערובת תיבול טוסקנה600ג,גרמים,600.00,100 גרם,false,0,12.90,2.15,true,1,
7290004063993,false,תערובת תיבול דרך המשי600,תעשיות מלח לישראל,IL,תערובת תיבול,גרמים,600.00,100 גרם,false,0,12.90,2.15,true,1,
7290004068387,false,גליל עיזים+זעתר22% משקל,,IL,גליל עיזים+זעתר22% משקל,קילוגרמים,0.00,"ק""ג",true,0,145.00,145.00,true,1,
7290004068424,false,גבינת גאודה,,IL,גבינת גאודה,קילוגרמים,0.00,"ק""ג",true,0,118.00,118.00,true,1,
7290004085445,false,"מגב מתכת 40 ס""מ יחידה",המברשת רוחמה,IL,מגב מתכת,יחידה,1.00,יחידה,false,0,22.40,22.40,true,1,
7290004091248,false,ואזלין טהור 100 גרם,יוניליוור,US,ואזלין טהור,גרמים,100.00,100 גרם,false,0,16.20,16.20,true,1,
7290004120061,false,"מעדן קרלו שוניל3% 125מ""ל",תנובה,IL,מעדן קרלו שוניל,גרמים,125.00,100 גרם,false,0,3.00,2.40,true,1,
7290004120108,false,יופלה דובדבן 0% 150 גרם,תנובה,IL,יופלה דיאט 0%,גרמים,150.00,100 גרם,false,0,5.20,3.47,true,1,
7290004120566,false,גב.בולגרית פיראוס24% 250,תנובה,IL,גב.בולגרית פיראוס24% 250,גרמים,250.00,100 גרם,false,0,23.30,9.32,true,1,
7290004120573,false,גב.בולגרית פיראוס16% 250,תנובה,IL,גב.בולגרית פיראוס16% 250,גרמים,250.00,100 גרם,false,0,23.30,9.32,true,1,
7290004120634,false,גב.בולגרית פיראוס5% 250ג,תנובה,IL,גב.בולגרית פיראוס5% 250ג,גרמים,250.00,100 גרם,false,0,23.30,9.32,true,1,
7290004120832,false,חלב שתיה 3%,,IL,חלב שתיה 3%,ליטרים,2.00,ליטר,false,0,11.80,5.90,true,1,
7290004121488,false,יופלה דיאט אפרסק 150 גרם,תנובה,IL,יופלה דיאט אפרסק,גרמים,150.00,100 גרם,false,0,5.20,3.47,true,1,
7290004121525,false,יופלה אפרסק+תות3% 150*8ג,תנובה,IL,יופלה 3% 8 יח',קילוגרמים,1.20,"ק""ג",false,0,30.90,25.75,true,1,
7290004121754,false,יופלה קרם גב.ותות3% 150ג,תנובה,IL,יופלה קרם גבינה,גרמים,150.00,100 גרם,false,0,5.20,3.47,true,1,
7290004121853,false,פיראוס קוב.בולגרית5% 200,תנובה,IL,פיראוס קוב.בולגרית5% 200,גרמים,200.00,100 גרם,false,0,21.20,10.60,true,1,
7290004121945,false,חלב תנובה 2%,,IL,חלב תנובה 2%,ליטרים,1.50,ליטר,false,0,8.60,5.73,true,1,
7290004122089,false,פתיתי גבינת עמק 200 גרם,תנובה,IL,פתיתי גבינת עמק 200 גרם,גרמים,200.00,100 גרם,false,0,14.20,7.10,true,1,
7290004122119,false,פתיתי פרמזן לפסטה 100גרם,תנובה,IL,פתיתי פרמזן לפסטה 100גרם,גרמים,100.00,100 גרם,false,0,13.40,13.40,true,1,
7290004122270,false,עמק פרוס סגירה חוזרת 200,תנובה,IL,גבינת עמק פרוס,גרמים,200.00,100 גרם,false,0,15.80,7.90,true,1,
7290004122348,false,גב.עמק לייט9% שומן 200גר,תנובה,IL,גב.עמק לייט9% שומן 200גר,גרמים,200.00,100 גרם,false,0,16.20,8.10,true,1,
7290004123284,false,גב.לבנה רכה5%ללא מלח250ג,תנובה,IL,גב.לבנה רכה5%ללא מלח250ג,גרמים,250.00,100 גרם,false,0,4.80,1.92,true,1,
7290004124205,false,יופלה דיאט תות0% 150 גר,תנובה,IL,יופלה דיאט תות0%,גרמים,150.00,100 גרם,false,0,5.20,3.47,true,1,
7290004124847,false,קצפת צמחית השף הלבן500מל,תנובה,IL,קצפת צמחית השף הלבן500מל,מיליליטרים,500.00,"100 מ""ל",false,0,17.60,3.52,true,1,
7290004125400,false,"אשל מהדרין 4.5% 200 מ""ל",תנובה,IL,אשל 4.5% שומן,מיליליטרים,200.00,"100 מ""ל",false,0,1.59,0.80,true,1,
7290004125417,false,"גיל 3% מהדרין 200מ""ל",תנובה,IL,גיל לבן 3%שומן,מיליליטרים,200.00,"100 מ""ל",false,0,1.44,0.72,true,1,
7290004125455,false,שמנת תנובה 15%שומן200מל,תנובה,IL,שמנת תנובה 15%,מיליליטרים,200.00,"100 מ""ל",false,0,2.28,1.14,true,1,
7290004125462,false,שמנת חמוצה 15%שומן500מל,תנובה,IL,שמנת חמוצה 15%,מיליליטרים,500.00,"100 מ""ל",false,0,5.70,1.14,true,1,
7290004125509,false,שמנת חמוצה 15% 100מל,תנובה,IL,שמנת חמוצה,מיליליטרים,100.00,"100 מ""ל",false,0,1.70,1.70,true,1,
7290004125578,false,'משקה סויה מועשר בסידן1ל,תנובה,IL,'משקה סויה מועשר בסידן1ל,ליטרים,1.00,ליטר,false,0,11.80,11.80,true,1,
7290004125585,false,משקה סויה על הבוקר 1ליטר,תנובה,IL,משקה סויה על הבוקר 1ליטר,ליטרים,1.00,ליטר,false,0,11.80,11.80,true,1,
7290004125721,false,שמנת בישול-15%שף לבן250מ,תנובה,IL,שמנת בישול-15%שף לבן250מ,מיליליטרים,250.00,"100 מ""ל",false,0,8.20,3.28,true,1,
7290004125738,false,שמנת להקצפה-32%שף לבן250,תנובה,IL,שמנת להקצפה-32%שף לבן250,מיליליטרים,250.00,"100 מ""ל",false,0,6.90,2.76,true,1,
7290004125776,false,גב.עמק פרוס% 28קופסא400ג,תנובה,IL,גבינת עמק פרוס,גרמים,400.00,100 גרם,false,0,28.70,7.18,true,1,
7290004126650,false,גבינה צפתית 5% משקל,תנובה,IL,גבינה צפתית 5% משקל,קילוגרמים,0.00,"ק""ג",true,0,59.00,59.00,true,1,
7290004126759,false,יופלה פירות יער0% 150 גר,תנובה,IL,יופלה דיאט,גרמים,150.00,100 גרם,false,0,5.20,3.47,true,1,
7290004126872,false,"שוקו תנובה בקבוק 250 מ""ל",תנובה,IL,שוקו בקבוק,מיליליטרים,250.00,"100 מ""ל",false,0,5.60,2.24,true,1,
7290004127077,false,קוטג' תנובה 3% שומן 250,תנובה,IL,קוטג' תנובה 3% שומן 250,גרמים,250.00,100 גרם,false,0,5.80,2.32,true,1,
7290004127329,false,קוטג' 5% 250 גרם בעלז,תנובה,IL,קוטג' 5% 250 גרם בעלז,גרמים,250.00,100 גרם,false,0,5.80,2.32,true,1,
7290004127336,false,קוטג' תנובה 9% שומן 250,תנובה,IL,קוטג' תנובה 9% שומן 250,גרמים,250.00,100 גרם,false,0,5.80,2.32,true,1,
7290004127800,false,גב.לבנה 5% שומן 500 גרם,תנובה,IL,גבינה לבנה 5%,גרמים,500.00,100 גרם,false,0,9.60,1.92,true,1,
7290004127817,false,גב.לבנה 9% שומן 500 גרם,תנובה,IL,גב.לבנה 9% שומן 500 גרם,גרמים,500.00,100 גרם,false,0,9.50,1.90,true,1,
7290004127862,false,גבינה לבנה 5% 750 גרם,תנובה,IL,גבינה לבנה 5%,גרמים,750.00,100 גרם,false,0,14.40,1.92,true,1,
7290004127916,false,גבינה תנובה0.5%שומן 500ג,תנובה,IL,גבינה תנובה0.5%שומן 500ג,גרמים,500.00,100 גרם,false,0,9.30,1.86,true,1,
7290004128333,false,לבנה 9% פיראוס 500 גרם,תנובה,IL,לבנה פיראוס 9%,גרמים,500.00,100 גרם,false,0,20.10,4.02,true,1,
7290004128340,false,גבינת קרם ט.טבעי 5% 200ג,תנובה,IL,גבינת שמנת,גרמים,200.00,100 גרם,false,0,9.90,4.95,true,1,
7290004128432,false,פתיתי גבינה השף הלבן500ג,תנובה,IL,פתיתי גבינה השף הלבן500ג,גרמים,500.00,100 גרם,false,0,22.50,4.50,true,1,
7290004129101,false,גב.נפולאון טעם טבעי 225ג,תנובה,IL,גב.נפולאון טעם טבעי 225ג,גרמים,225.00,100 גרם,false,0,14.40,6.40,true,1,
7290004129118,false,גב.נפולאון טעם זיתים225ג,תנובה,IL,גב.נפולאון טעם זיתים225ג,גרמים,225.00,100 גרם,false,0,14.40,6.40,true,1,
7290004129545,false,גבינה למריחה 3% 250 גרם,תנובה,IL,גבינה למריחה 3% 250 גרם,גרמים,250.00,100 גרם,false,0,4.80,1.92,true,1,
7290004129668,false,יופלה+מכסה פצפוצי שוק167,תנובה,IL,יופלה+פצפוצי שוק,גרמים,167.00,100 גרם,false,0,5.90,3.53,true,1,
7290004129767,false,יופלה לבן 3% 150*8גרם,תנובה,IL,יופלה טבעי 3%,קילוגרמים,1.20,"ק""ג",false,0,17.70,14.75,true,1,
7290004130794,false,משקה סויה במתיקות מופחתת,תנובה,IL,משקה סויה במתיקות מופחתת,ליטרים,1.00,ליטר,false,0,11.80,11.80,true,1,
7290004130916,false,יופלה פירות יער+שמנת150ג,תנובה,IL,יופלה פירות יער,גרמים,150.00,100 גרם,false,0,5.20,3.47,true,1,
7290004131074,false,חלב בקרטון 3% שומן 1 ל',תנובה,IL,חלב בקרטון 3% שומן 1 ל',ליטרים,1.00,ליטר,false,0,5.90,5.90,true,1,
7290004131227,false,גבינה לבנה3% 500 גרם,תנובה,IL,גבינה לבנה3% 500 גרם,גרמים,500.00,100 גרם,false,0,9.50,1.90,true,1,
7290004131432,false,יופלה ביו לבן 3% 200 גרם,תנובה,IL,יופלה לבן 3%,גרמים,200.00,100 גרם,false,0,3.90,1.95,true,1,
7290004131531,false,שוקו תנובה בקבוק 1 ליטר,תנובה,IL,שוקו בקבוק,ליטרים,1.00,ליטר,false,0,12.70,12.70,true,1,
7290004131814,false,פיראוס צפתית מעוד5% 200ג,תנובה,IL,פיראוס צפתית מעוד5% 200ג,גרמים,200.00,100 גרם,false,0,12.90,6.45,true,1,
7290004132231,false,חלב פלוס לקפה 3.5% שומן,תנובה,IL,חלב פלוס לקפה 3.5% שומן,מיליליטרים,800.00,"100 מ""ל",false,0,7.50,0.94,true,1,
7290004132552,false,משקה סויה ט.טבעי לייט 1ל,תנובה,IL,משקה סויה,ליטרים,1.00,ליטר,false,0,11.80,11.80,true,1,
7290004133900,false,קצפת צמחית השף הלבן250מל,תנובה,IL,קצפת צמחית השף הלבן250מל,מיליליטרים,250.00,"100 מ""ל",false,0,9.40,3.76,true,1,
7290004134198,false,"משקה בננה בקבוק 250 מ""ל",תנובה,IL,משקה בננה בקבוק,מיליליטרים,250.00,"100 מ""ל",false,0,5.60,2.24,true,1,
7290004134945,false,יופלה מוקה 3% שומן 150 ג,תנובה,IL,יופלה מוקה 3%,גרמים,150.00,100 גרם,false,0,5.20,3.47,true,1,
7290004134983,false,פרוסות גבינת עמק 5% 200ג,תנובה,IL,פרוסות גבינת עמק 5% 200ג,גרמים,200.00,100 גרם,false,0,17.30,8.65,true,1,
7290004135324,false,פיראוס בולגרית מע5%משקל,תנובה,IL,פיראוס בולגרית מע5%משקל,קילוגרמים,0.00,"ק""ג",true,0,50.00,50.00,true,1,
7290004135614,false,בולג.מעוד.פיראוס 5% 250ג,תנובה,IL,בולג.מעוד.פיראוס 5% 250ג,גרמים,250.00,100 גרם,false,0,20.70,8.28,true,1,
7290004136192,false,מילק שייק פונץ בננה 250מ,תנובה,IL,מילק שייק פונץ,מיליליטרים,250.00,"100 מ""ל",false,0,6.10,2.44,true,1,
7290004137021,false,שמנת לבישול 10%שומן250מ,תנובה,IL,שמנת לבישול 10%שומן250מ,מיליליטרים,250.00,"100 מ""ל",false,0,8.10,3.24,true,1,
7290004137311,false,עמק לייט משפחתית 400 גרם,תנובה,IL,עמק לייט משפחתית 400 גרם,גרמים,400.00,100 גרם,false,0,29.90,7.48,true,1,
7290004165017,false,"רסק תפו""ע בלי סוכר560גרם",זנלכל,IL,"רסק תפו""ע בלי סוכר560גרם",גרמים,560.00,100 גרם,false,0,6.90,1.23,true,1,
7290004219826,false,מלבין קפה קומפלט,,IL,מלבין קפה קומפלט,גרמים,400.00,100 גרם,false,0,21.90,5.48,true,1,
7290004225285,false,בסגנון דנאבלו 100 גרם,,DK,בסגנון דנאבלו 100 גרם,גרמים,100.00,100 גרם,false,0,9.90,9.90,true,1,
7290004225872,false,קרם קוקוס ויליגר,,IL,קרם קוקוס ויליגר,מיליליטרים,400.00,"100 מ""ל",false,0,10.80,2.70,true,1,
7290004230081,false,קציצות עוף ברוטב עגבניות,שגב,IL,קציצות עוף ברוטב,גרמים,800.00,100 גרם,false,0,37.60,4.70,true,1,
7290004230104,false,קציצות בקר ברוטב עגבניות,שגב,IL,קציצות בקר ברוטב,גרמים,800.00,100 גרם,false,14,37.60,4.70,true,1,
7290004230340,false,מקלות בורקס פילו תרד בצל,שגב,IL,מקלות בורקס פילו תרד בצל,גרמים,600.00,100 גרם,false,0,22.10,3.68,true,1,
7290004269890,false,עוגת בראוניס עשירה 380גר,לחמי,IL,עוגת בראוניס,גרמים,380.00,100 גרם,false,0,20.80,5.47,true,1,
7290004492311,false,בייגלה שמיניות לל.מלח400,יוניליוור,IL,בייגלה גדול,גרמים,400.00,100 גרם,false,0,15.90,3.98,true,1,
7290004492755,false,נישנושים בצל שמנת 300גרם,גוצ'מולר,IL,נישנושים בצל,גרמים,300.00,100 גרם,false,0,10.00,3.33,true,1,
7290004492779,false,נישנושים זעתר 300 גרם,גוצ'מולר,IL,נישנושים זעתר,גרמים,300.00,100 גרם,false,0,10.00,3.33,true,1,
7290004492816,false,נישנושים מלוח 350 גרם,גוצ'מולר,IL,נישנושי קרקר,גרמים,350.00,100 גרם,false,0,14.50,4.14,true,1,
7290004492823,false,נישנושים שומשום 350 גרם,גוצ'מולר,IL,נישנושים שומשום,גרמים,350.00,100 גרם,false,0,14.50,4.14,true,1,
7290004532598,false,פלאפל דביאל 230 גרם,קטיף,IL,פלאפל דבאיל,גרמים,230.00,100 גרם,false,0,16.80,7.30,true,1,
7290004584351,false,גב.סימפוניה 5% 200 גרם,שטראוס,IL,גבינת סימפוניה,גרמים,200.00,100 גרם,false,0,12.40,6.20,true,1,
7290004584528,false,דנונה ביו 1.7% שומן200גר,שטראוס,IL,דנונה ביו לבן,גרמים,200.00,100 גרם,false,0,3.70,1.85,true,1,
7290004585907,false,דני וניל 1.5% שומן 125 ג,שטראוס,IL,דני וניל 1.5%,גרמים,125.00,100 גרם,false,0,2.70,2.16,true,1,
7290004586171,false,"תירוש אדום 650 מ""ל",יקבי כרמל,,תירוש אדום,מיליליטרים,650.00,"100 מ""ל",false,0,14.90,2.29,true,1,
7290004603175,false,מלח ים גס 500 גרם,תעשיות מלח לישראל,IL,מלח ים גס,גרמים,500.00,100 גרם,false,0,8.40,1.68,true,1,
7290004611590,false,עוף טרי מחולק פ4- (עצמי),שונות,IL,עוף טרי מחולק פ4- (עצמי),קילוגרמים,0.00,"ק""ג",true,0,24.70,24.70,true,1,
7290004658618,false,תירוש מיץ ענבים לבן 1 ל',יקבי כרמל,IL,מיץ תירוש לבן,ליטרים,1.00,ליטר,false,0,20.70,20.70,true,1,
7290004658625,false,מיץ ענבים תירוש אדום 1ל',יקבי כרמל,IL,מיץ תירוש אדום,ליטרים,1.00,ליטר,false,0,17.80,17.80,true,1,
7290004658960,false,"אמרלד ריזלינג P.C 750מ""ל",יקבי כרמל,IL,אמרלד ריזלינג,מיליליטרים,750.00,"100 מ""ל",false,0,34.20,4.56,true,1,
7290004685010,false,לחם 100% שיפון קל 500 גר,מאפית ברמן,IL,לחם 100% שיפון קל 500 גר,גרמים,500.00,100 גרם,false,0,16.90,3.38,true,1,
7290004685027,false,לחם מחיטה מלאה קל 500 גר,מאפית ברמן,IL,לחם מחיטה מלאה קל 500 גר,גרמים,500.00,100 גרם,false,0,16.90,3.38,true,1,
7290004685041,false,לחם הארץ חיטה מלאה750גרם,מאפית ברמן,IL,לחם הארץ חיטה מלאה750גרם,גרמים,750.00,100 גרם,false,0,16.90,2.25,true,1,
7290004685126,false,לחם הארץ חמישה דגנים750ג,מאפית ברמן,IL,לחם הארץ חמישה דגנים750ג,גרמים,750.00,100 גרם,false,0,16.90,2.25,true,1,
7290004685133,false,לחם הארץ קל 750 גרם,מאפית ברמן,IL,לחם הארץ קל 750 גרם,גרמים,750.00,100 גרם,false,0,16.90,2.25,true,1,
7290004685157,false,לחם שיפון 100%פרוס 750ג,מאפית ברמן,IL,לחם שיפון 100%פרוס 750ג,גרמים,750.00,100 גרם,false,0,16.90,2.25,true,1,
7290004685201,false,לחם הארץ שיפון אגוזים500,מאפית ברמן,IL,לחם הארץ שיפון אגוזים500,גרמים,500.00,100 גרם,false,0,16.90,3.38,true,1,
7290004731137,false,ק.ידיים קרמה עור יבש100מ,קוסמופארם,IL,קרמה קרם ידיים,מיליליטרים,100.00,"100 מ""ל",false,0,7.90,7.90,true,1,
7290004737443,false,קוקטייל פירות,,CN,קוקטייל פירות,גרמים,820.00,100 גרם,false,0,9.30,1.13,true,1,
7290004737719,false,אספרגוס מקולף,,IL,אספרגוס מקולף,גרמים,330.00,100 גרם,false,0,10.00,3.03,true,1,
7290004737900,false,חלב כחוש מרוכז,,LT,חלב כחוש מרוכז,גרמים,397.00,100 גרם,false,0,10.20,2.57,true,1,
7290004737955,false,ממרח חמאה,,,ממרח חמאה,קילוגרמים,0.00,"ק""ג",true,0,42.60,42.60,true,1,
7290004810009,false,"טואלט דאק כתום 750*2 מ""ל",ג'ונסון,NL,טואלט דאק זוג,ליטרים,1.50,ליטר,false,0,17.90,11.93,true,1,
7290004829087,false,מגב פלסטיק,פלנרו,IL,מגב פלסטיק,יחידה,1.00,יחידה,false,0,10.00,10.00,true,1,
7290004869120,false,לחם אחיד קל פרוס 750 גרם,מאפיית שלמה א. אנג'ל,IL,לחם אחיד קל פרוס 750 גרם,גרמים,750.00,100 גרם,false,0,16.80,2.24,true,1,
7290004872779,false,קרחוני פרילי שישיה כשלפ,נסטלה,IL,קרחוני פרילי שישיה כשלפ,גרמים,468.00,100 גרם,false,0,26.60,5.68,true,1,
7290004923051,false,מים מינרלים עין גדי 2 ל',עין גדי מיים מינרלים,IL,מים מינרלים עין גדי 2 ל',ליטרים,2.00,ליטר,false,0,2.50,1.25,true,1,
7290004923099,false,עין גדי מים מינרל. 2*6 ל,עין גדי מיים מינרלים,IL,עין גדי מים מינרל. 2*6 ל,ליטרים,12.00,ליטר,false,0,11.90,0.99,true,1,
7290005008153,false,3 מברשות קולגייט זיג זג,קולגייט-פלמוליב,VN,3 מברשות שיניים,יחידה,1.00,יחידה,false,0,23.10,23.10,true,1,
7290005008481,false,דאו.ספיד סטיק ג'ל ספורט,קולגייט-פלמוליב,US,דאודורנט,גרמים,85.00,100 גרם,false,0,30.20,35.53,true,1,
7290005095382,false,נר מעוצב/ריחני,,CN,נר מעוצב/ריחני,יחידה,1.00,יחידה,false,0,11.30,11.30,true,1,
7290005111761,false,"בונזו בשר 3 ק""ג",ביופט,IL,בונזו בשר,קילוגרמים,3.00,"ק""ג",false,0,46.50,15.50,true,1,
7290005174513,false,חציל במיונז אחלה 500 גרם,שטראוס,IL,חציל במיונז אחלה 500 גרם,גרמים,500.00,100 גרם,false,0,16.50,3.30,true,1,
7290005180019,false,מתוק וקל סטיוויה,,,מתוק וקל סטיוויה,גרמים,80.00,100 גרם,false,0,34.60,43.25,true,1,
7290005182136,false,סוכרה דיאט 100 יחידות80ג,גורי,IL,סוכרה דיאט 100 יחידות80ג,גרמים,80.00,100 גרם,false,0,28.70,35.88,true,1,
7290005191602,false,משקה סויה-סידן 3יח250X'ג,אלפרו,BE,משקה סויה-סידן 3יח250X'ג,מיליליטרים,750.00,"100 מ""ל",false,0,15.10,2.01,true,1,
7290005197758,false,עוג.חיוכים שוקו 150 גרם,עלית,IL,עוגיות חיוכים,גרמים,150.00,100 גרם,false,0,5.30,3.53,true,1,
7290005200908,false,שוק.פרה עם ביסקוויט 100ג,עלית,IL,שוקולד+ביסקויט,גרמים,100.00,100 גרם,false,0,6.40,6.40,true,1,
7290005201455,false,קפה נמס ארומה 200 גרם,עלית,IL,קפה נמס ארומה,גרמים,200.00,100 גרם,false,0,26.60,13.30,true,1,
7290005201479,false,צ'יטוס בוטנים 100 גרם,עלית,IL,צ'יטוס בוטנים 100 גרם,גרמים,100.00,100 גרם,false,0,6.60,6.60,true,1,
7290005201882,false,קפה טורקי בצלופן 200 גרם,עלית,IL,קפה טורקי בצלופן,גרמים,200.00,100 גרם,false,0,17.90,8.95,true,1,
7290005270000,false,עלי סיגר 500 גרם,"אדריה בע""מ",IL,עלי סיגר מרוקאי,גרמים,500.00,100 גרם,false,0,12.80,2.56,true,1,
7290005287077,false,טונה בשמן צמחי 110*4 גרם,סטארקיסט,IL,טונה סטארקיסט4יח,גרמים,440.00,100 גרם,false,0,25.70,5.84,true,1,
7290005287183,false,טונה סטארקיסט בשמן545גרם,סטארקיסט,IL,טונה סטארקיסט,גרמים,545.00,100 גרם,false,0,27.80,5.10,true,1,
7290005287251,false,טונה סטארקיסט במים160*4ג,סטארקיסט,IL,טונה סטארקיסט4יח,גרמים,640.00,100 גרם,false,0,22.90,3.58,true,1,
7290005287527,false,טונה בשמן עם לימון160גרם,סטארקיסט,IL,טונה עם לימון,גרמים,160.00,100 גרם,false,0,7.40,4.63,true,1,
7290005287749,false,טונה5% בטעם טבעי 160ג,סטארקיסט,IL,טונה 5%טעם טבעי,גרמים,160.00,100 גרם,false,0,7.40,4.63,true,1,
7290005326516,false,פסטו כוסברה 180 גרם,אוליביה,IL,פסטו כוסברה,גרמים,180.00,100 גרם,false,1,13.80,7.67,true,1,
7290005384943,false,בסיגנון דנאבלו 100 גרם,,DK,בסיגנון דנאבלו 100 גרם,גרמים,100.00,100 גרם,false,0,10.00,10.00,true,1,
7290005423420,false,סנו משמיד עש מבושם 2 יח',סנו,IT,סנו משמיד עש,יחידה,1.00,יחידה,false,0,23.60,23.60,true,1,
7290005423567,false,40מטליות לניקוי סנו סושי,סנו,IL,מטליות לניקוי,יחידה,1.00,יחידה,false,0,22.00,22.00,true,1,
7290005423635,false,ריצפז פלוס דוחה תיקנים2ל,סנו,IL,ריצפז דוחה חרקים,ליטרים,2.00,ליטר,false,0,25.40,12.70,true,1,
7290005423833,false,פוליויקס פרקט 2 ליטר,סנו,IL,פוליויקס פרקט 2 ליטר,ליטרים,2.00,ליטר,false,0,34.60,17.30,true,1,
7290005424694,false,קרמה תח.רחצה קלאסיק 750מ,קוסמופארם,IL,קרמה תחליב רחצה,מיליליטרים,750.00,"100 מ""ל",false,0,17.90,2.39,true,1,
7290005425011,false,סנו ג'ט 80 מטליות לניקוי,סנו,IL,סנו ג'ט מטליות,יחידה,1.00,יחידה,false,0,15.00,15.00,true,1,
7290005425196,false,אבקת מקסימה סנסיטיב2.5קג,סנו,IL,אבקת כביסה,קילוגרמים,2.50,"ק""ג",false,0,22.90,9.16,true,1,
7290005426230,false,מטלית הפלא לרצפה ס.סושי,סנו,IL,מטליות הפלא רצפה,יחידה,1.00,יחידה,false,0,10.00,10.00,true,1,
7290005426865,false,משחה אורביטול מסטיק 70 ג,קוסמופארם,IL,משחת שיניים,גרמים,70.00,100 גרם,false,0,6.90,9.86,true,1,
7290005427503,false,מרכך כיף לשיער יבש 750מל,קוסמופארם,IL,מרכך כיף לשיער,מיליליטרים,750.00,"100 מ""ל",false,0,10.00,1.33,true,1,
7290005427541,false,תחליב רח.כיף חלב שקד750מ,קוסמופארם,IL,תחליב רחצה כיף,מיליליטרים,750.00,"100 מ""ל",false,0,10.00,1.33,true,1,
7290005427558,false,תחליב רח.כיף חלב ודבש750,קוסמופארם,IL,תחליב רחצה כיף,מיליליטרים,750.00,"100 מ""ל",false,0,10.00,1.33,true,1,
7290005427565,false,שמפו כיף לשיער רגיל 750מ,קוסמופארם,IL,שמפו כיף,מיליליטרים,750.00,"100 מ""ל",false,0,10.00,1.33,true,1,
7290005427572,false,שמפו כיף לשיער יבש 750מל,קוסמופארם,IL,שמפו כיף,מיליליטרים,750.00,"100 מ""ל",false,0,10.00,1.33,true,1,
7290005427602,false,"שמפו + מרכך כיף 750 מ""ל",קוסמופארם,IL,שמפו+מרכך כיף,מיליליטרים,750.00,"100 מ""ל",false,0,10.00,1.33,true,1,
7290005430602,false,אוקסיג'ן מ.כתמים,,IL,אוקסיג'ן מ.כתמים,מיליליטרים,750.00,"100 מ""ל",false,0,17.90,2.39,true,1,
7290005431371,false,מלבי 2 * 165 גרם,תנובה,IL,מלבי 2 יחידות,גרמים,330.00,100 גרם,false,0,10.00,3.03,true,1,
7290005500688,false,"מסיכה לשיער פנינה 1 ק""ג",א.ל ארמן,IL,"מסיכה לשיער פנינה 1 ק""ג",קילוגרמים,1.00,"ק""ג",false,0,25.90,25.90,true,1,
7290005509445,false,מיני קוקיס חמאה צנצנ750ג,כרמית,IL,מיני קוקיס חמאה צנצנ750ג,גרמים,750.00,100 גרם,false,0,16.90,2.25,true,1,
7290005540448,false,קפסולות אספרסו זהב 50גרם,ורנינו,IT,קפסולות אספרסו,גרמים,50.00,100 גרם,false,1,16.80,33.60,true,1,
7290005541087,false,קפסולות אספרסו אדום50גרם,ורנינו,IT,קפסולות אספרסו,גרמים,50.00,100 גרם,false,1,16.80,33.60,true,1,
7290005541094,false,קפסולות אספרסו כחול 50גר,ורנינו,IT,קפסולות אספרסו,גרמים,50.00,100 גרם,false,1,16.80,33.60,true,1,
7290005559907,false,פיצה משפחתית גבינה 500גר,"מעדנות בע""מ",IL,פיצה משפחתית גבינה 500גר,גרמים,500.00,100 גרם,false,0,24.70,4.94,true,1,
7290005564680,false,משקה לימונדה 1.5 ליטר,יפאורה שותפות מובגלת לשיווק,IL,משקה לימונדה,ליטרים,1.50,ליטר,false,0,6.50,4.33,true,1,
7290005591761,false,דבש מפרחי בר בק.פטנט400ג,יד מרדכי,IL,דבש מפרחי בר,גרמים,400.00,100 גרם,false,0,25.10,6.28,true,1,
7290005605901,false,פאנטה אקזוטי 1.5 ליטר,החברה המרכזית לייצור משקאות,IL,פאנטה אקזוטי,ליטרים,1.50,ליטר,false,0,7.60,5.07,true,1,
7290005610509,false,צנונית יחידה,קטיף,IL,צנונית -יח',יחידה,1.00,יחידה,false,0,6.50,6.50,true,1,
7290005651069,false,"לה קט מיקס 2.85 ק""ג",ביופט,IL,לה קט מיקס,קילוגרמים,2.85,"ק""ג",false,0,49.90,17.51,true,1,
7290005680052,false,טמפוני או-בה סופר + 32יח,ג'ונסון,DE,טמפוני או-בה סופר + 32יח,יחידה,1.00,יחידה,false,0,26.90,26.90,true,1,
7290005838002,false,"דניאלה מעדן גבינה 150מ""ל",שטראוס,IL,מעדן דניאלה,מיליליטרים,150.00,"100 מ""ל",false,0,4.30,2.87,true,1,
7290005838972,false,גב.סקי 5% 125 גרם,שטראוס,IL,גב.סקי 5% 125 גרם,גרמים,125.00,100 גרם,false,0,3.40,2.72,true,1,
7290005839078,false,דנונה ביו 3% 150*8 גרם,שטראוס,IL,דנונה ביו 8 יח,קילוגרמים,1.20,"ק""ג",false,0,17.60,14.67,true,1,
7290005839108,false,גב.סימפוניה +5%זיתים200ג,שטראוס,IL,גב.סימפוניה +5%זיתים200ג,גרמים,200.00,100 גרם,false,0,12.40,6.20,true,1,
7290005839313,false,מילקי טופ שוקול.מגולג170,שטראוס,IL,מילקי טופ,מיליליטרים,170.00,"100 מ""ל",false,0,5.00,2.94,true,1,
7290005896439,false,בירה מכבי בקבוק חוזר500מ,,IL,בירה מכבי בקבוק חוזר500מ,מיליליטרים,500.00,"100 מ""ל",false,0,6.90,1.38,true,1,
7290005938825,false,פרסקו בזיליקום 180גרם,פרסקו,IL,פרסקו בזיליקום 180גרם,גרמים,180.00,100 גרם,false,0,8.90,4.94,true,1,
7290005938832,false,פרסקו פטרוזליה 180גרם,פרסקו,IL,פרסקו פטרוזליה 180גרם,גרמים,180.00,100 גרם,false,0,8.90,4.94,true,1,
7290005938849,false,פרסקו כוזברה 180גרם,פרסקו,IL,פרסקו כוזברה 180גרם,גרמים,180.00,100 גרם,false,0,8.90,4.94,true,1,
7290005938856,false,פרסקו שמיר 180גרם,פרסקו,IL,פרסקו שמיר 180גרם,גרמים,180.00,100 גרם,false,0,8.90,4.94,true,1,
7290005966033,false,"יין לבן הר חרמון 750 מ""ל",יקבי רמת הגולן קצרין,IL,יין לבן חרמון,מיליליטרים,750.00,"100 מ""ל",false,0,32.90,4.39,true,1,
7290005966101,false,פותחן בקבוקים מלצרים יח,.,IL,פותחן בקבוקים,יחידה,1.00,יחידה,false,1,10.00,10.00,true,1,
7290005966903,false,"גולן שיאון אדום 750 מ""ל",יקבי רמת הגולן קצרין,IL,גולן שיאון אדום,מיליליטרים,750.00,"100 מ""ל",false,0,26.90,3.59,true,1,
7290005992575,false,גב.בולגרית למריחה5% 250ג,מחלבות גד,IL,גב.בולגרית למריחה5% 250ג,גרמים,250.00,100 גרם,false,0,16.80,6.72,true,1,
7290006185518,false,סבון נוזלי פנינה כחול 1ל,סאסא קוסמטיקס,IL,סבון נוזלי פנינה,ליטרים,1.00,ליטר,false,0,8.90,8.90,true,1,
7290006235268,false,"אל סבון קמיל בלו 750 מ""ל",פישר מעבדות פרמצבטיות,,אל סבון קמיל בלו,מיליליטרים,750.00,"100 מ""ל",false,0,24.70,3.29,true,1,
7290006251268,false,תה ירוק תפוח+קינמ25ש1.5X,ויסוצקי,IL,תה ירוק תפוח+קינמ25ש1.5X,גרמים,37.00,100 גרם,false,0,21.90,59.19,true,1,
7290006251275,false,תה ירוק סיני25 שק1.5Xגרם,ויסוצקי,IL,תה ירוק סיני,גרמים,37.00,100 גרם,false,0,21.90,59.19,true,1,
7290006251282,false,חליטת קרנברי ג.קסום3X25ג,ויסוצקי,IL,חליטת חמוציות,גרמים,75.00,100 גרם,false,0,18.70,24.93,true,1,
7290006251343,false,חליטת פסיפלורה+מנגו3X25ג,ויסוצקי,IL,חליטת פסיפלורה+מנגו3X25ג,גרמים,62.00,100 גרם,false,0,18.70,30.16,true,1,
7290006251589,false,תה ירוק נענע 50שק1.5*גרם,ויסוצקי,IL,תה ירוק נענע,גרמים,75.00,100 גרם,false,0,43.80,58.40,true,1,
7290006267405,false,"שרדונה הר תבור 750 מ""ל",יקב תבור,IL,שרדונה הר תבור,מיליליטרים,750.00,"100 מ""ל",false,0,37.90,5.05,true,1,
7290006271280,false,מיני בורקס גבינה 800 גרם,"מעדנות בע""מ",IL,מיני בורקס גבינה,גרמים,800.00,100 גרם,false,0,28.70,3.59,true,1,
7290006271761,false,מיני ג'חנון אפוי 600 גרם,"מעדנות בע""מ",IL,מיני ג'חנון אפוי 600 גרם,גרמים,600.00,100 גרם,false,0,25.70,4.28,true,1,
7290006273284,false,עוגת שמרים אספרסו+שוק450,לחמי,IL,עוגת שמרים,גרמים,450.00,100 גרם,false,0,19.70,4.38,true,1,
7290006306302,false,רביולי פרמזן ריקוטה400גר,פסטה נונה,IL,רביולי פרמזן ריקוטה400גר,גרמים,400.00,100 גרם,false,0,19.90,4.98,true,1,
7290006364142,false,מי סודה קינלי 1.5*4 ליטר,החברה המרכזית לייצור משקאות,IL,מי סודה קינלי 1.5*4 ליטר,ליטרים,6.00,ליטר,false,0,11.00,1.83,true,1,
7290006374653,false,דש לייט 350 גרם,יד מרדכי,IL,דש לייט,גרמים,350.00,100 גרם,false,0,31.00,8.86,true,1,
7290006439444,false,אורז בסמתי,,IL,אורז בסמתי,קילוגרמים,1.00,"ק""ג",false,0,13.80,13.80,true,1,
7290006459107,false,מברשת צחצוח נעליים,,IL,מברשת צחצוח נעליים,יחידה,1.00,יחידה,false,0,8.10,8.10,true,1,
7290006492616,false,פרוסות גב. בולגר5%. 250ג,מחלבות גד,IL,פרוסות גב. בולגר5%. 250ג,גרמים,250.00,100 גרם,false,0,25.70,10.28,true,1,
7290006492685,false,לאבנה עיזים 5%שומן 250גר,מחלבות גד,IL,לאבנה עיזים גד,גרמים,250.00,100 גרם,false,0,17.40,6.96,true,1,
7290006511157,false,פטריות שלמות,,IN,פטריות שלמות,גרמים,400.00,100 גרם,false,0,8.00,2.00,true,1,
7290006567260,false,עוג.שוקוצ'יפס פיטנס25*6ג,אסם,IL,עוגיות פיטנס 6יח,גרמים,150.00,100 גרם,false,0,14.80,9.87,true,1,
7290006644732,false,ספרינג פירות טרופיים 1 ל,יפאורה שותפות מובגלת לשיווק,IL,ספרינג פירות טרופיים 1 ל,ליטרים,1.00,ליטר,false,0,5.50,5.50,true,1,
7290006644848,false,ספרינג תפוחים דיאט 1ליטר,יפאורה שותפות מובגלת לשיווק,IL,ספרינג תפוחים דיאט 1ליטר,ליטרים,1.00,ליטר,false,0,5.50,5.50,true,1,
7290006651570,false,שמפו/אל סבון קמיל בלו750,פישר מעבדות פרמצבטיות,IL,שמפו/אל סבון,מיליליטרים,750.00,"100 מ""ל",false,0,14.90,1.99,true,1,
7290006653819,false,קוסקוס דק 350 גרם,קוסקוס מזון,IL,קוסקוס דק,גרמים,350.00,100 גרם,false,0,8.70,2.49,true,1,
7290006664037,false,סופר גמדים דגנים 100*4גר,שטראוס,IL,סופר גמדים דגנים 100*4גר,גרמים,400.00,100 גרם,false,0,11.80,2.95,true,1,
7290006664051,false,"אקטימל לבן 100*14 מ""ל",שטראוס,IL,אקטימל מארז14יח',ליטרים,1.40,ליטר,false,0,32.60,23.29,true,1,
7290006664402,false,גבינת סקי5% 750 גרם,שטראוס,IL,גבינת סקי5% 750 גרם,גרמים,750.00,100 גרם,false,0,14.40,1.92,true,1,
7290006664655,false,"אקטימל לבן 100*8 מ""ל",שטראוס,IL,אקטימל לבן 8 יח,מיליליטרים,800.00,"100 מ""ל",false,0,22.70,2.84,true,1,
7290006664693,false,דנונה אפרסק 3% 150 גרם,שטראוס,IL,דנונה אפרסק %3,גרמים,150.00,100 גרם,false,0,4.90,3.27,true,1,
7290006664969,false,דנונה במת.מעודן2% 150*8ג,שטראוס,IL,דנונה מעודן 2%,קילוגרמים,1.20,"ק""ג",false,0,18.60,15.50,true,1,
7290006664990,false,דנונה ביו 1.7% 150*8גרם,שטראוס,IL,דנונה ביו 8 יח',קילוגרמים,1.20,"ק""ג",false,0,17.60,14.67,true,1,
7290006704788,false,מלפפון בייבי יח',קטיף,IL,מלפפון בייבי-יח',יחידה,1.00,יחידה,false,0,10.90,10.90,true,1,
7290006732668,false,עוגת שושנים טריפל שוק400,לחמי,IL,עוגת שושנים,גרמים,400.00,100 גרם,false,0,19.70,4.93,true,1,
7290006738424,false,מיני סלמי פיקנטי 250 גרם,זוגלובק,IL,מיני סלמי פיקנטי 250 גרם,גרמים,250.00,100 גרם,false,0,16.10,6.44,true,1,
7290006739247,false,פסטרמה איטלקית במשקל,זוגלובק,IL,פסטרמה איטלקית במשקל,קילוגרמים,0.00,"ק""ג",true,0,75.00,75.00,true,1,
7290006739407,false,שניצל תירס לייט 630 גרם,זוגלובק,IL,שניצל תירס לייט 630 גרם,גרמים,630.00,100 גרם,false,0,32.60,5.17,true,1,
7290006739445,false,שניצל תירס קלאסי 750 גרם,זוגלובק,IL,שניצל תירס קלאסי 750 גרם,גרמים,750.00,100 גרם,false,0,28.70,3.83,true,1,
7290006739681,false,חטיפי תירס קלאסי 600 גרם,זוגלובק,IL,חטיפי תירס קלאסי 600 גרם,גרמים,600.00,100 גרם,false,0,32.90,5.48,true,1,
7290006741806,false,גב.בולגרית 16%במשקל פנחס,,IL,גב.בולגרית 16%במשקל פנחס,קילוגרמים,0.00,"ק""ג",true,0,79.00,79.00,true,1,
7290006764058,false,בירה נשר לבן בק.חוזר500מ,טמפו,IL,בירה נשר לבן בק.חוזר500מ,מיליליטרים,500.00,"100 מ""ל",false,0,6.00,1.20,true,1,
7290006764065,false,בירה נשר מאלט בק.חוזר500,טמפו,IL,בירה נשר מאלט,מיליליטרים,500.00,"100 מ""ל",false,0,4.90,0.98,true,1,
7290006764072,false,"גולדסטאר בק.חוזר 500 מ""ל",טמפו,IL,"גולדסטאר בק.חוזר 500 מ""ל",מיליליטרים,500.00,"100 מ""ל",false,0,7.40,1.48,true,1,
7290006764485,false,בירה נשר מאלט בקב330*6.מ,טמפו,IL,נשר מאלט 6 יח,ליטרים,1.98,ליטר,false,0,23.90,12.07,true,1,
7290006764713,false,מירינדה 1.5*6 ליטר,טמפו,IL,מירינדה 6 יחידות,ליטרים,9.00,ליטר,false,0,26.70,2.97,true,1,
7290006764737,false,נשר מאלט דיאט ב.חוזר500מ,טמפו,IL,נשר מאלט דיאט,מיליליטרים,500.00,"100 מ""ל",false,0,4.90,0.98,true,1,
7290006784391,false,מסיר שומנים ס.מוריץ 900מ,קומפלקס כימיקלים,IL,מסיר שומנים,מיליליטרים,900.00,"100 מ""ל",false,0,19.70,2.19,true,1,
7290006788061,false,"מרכך ""10"" לשיער רגיל700מ",קרליין,IL,מרכך קרליין,מיליליטרים,700.00,"100 מ""ל",false,0,10.90,1.56,true,1,
7290006788320,false,מי פנים יבש ל.אלכהול260מ,קרליין,IL,מי פנים יבש ל.אלכהול260מ,מיליליטרים,260.00,"100 מ""ל",false,0,35.00,13.46,true,1,
7290006869449,false,"לבן 3% שומן 150 מ""ל",טרה,IL,לבן 3% שומן טרה,מיליליטרים,150.00,"100 מ""ל",false,0,1.08,0.72,true,1,
7290006983206,false,פלאפל בקלי קלות 180 גרם,אסם,,תערובת לפלאפל,גרמים,180.00,100 גרם,false,0,11.20,6.22,true,1,
7290006983787,false,עוגת שוקולד צ'יפס 400 גר,אסם,IL,עוגת שוקוצ'יפס,גרמים,400.00,100 גרם,false,0,13.40,3.35,true,1,
7290008021050,false,שמפו פינוק יבש מאוד700מל,יוניליוור,IL,שמפו פינוק,מיליליטרים,700.00,"100 מ""ל",false,0,9.90,1.41,true,1,
7290008021104,false,"מרכך פינוק רגיל 700 מ""ל",יוניליוור,IL,מרכך שיער פינוק,מיליליטרים,700.00,"100 מ""ל",false,0,9.90,1.41,true,1,
7290008021135,false,שמפו פינוק 2ב1- רגיל700מ,יוניליוור,IL,שמפו+מרכך פינוק,מיליליטרים,700.00,"100 מ""ל",false,0,9.90,1.41,true,1,
7290008021142,false,שמפו פינוק 2ב1- יבש 700מ,יוניליוור,IL,שמפו ומרכך פינוק,מיליליטרים,700.00,"100 מ""ל",false,0,9.90,1.41,true,1,
7290008175210,false,פרמזנו מגורדת 90 גרם,,,פרמזנו מגורדת 90 גרם,גרמים,90.00,100 גרם,false,0,13.90,15.44,true,1,
7290008175487,false,ממרח לורפק בלי מלח 250ג,,,ממרח לורפק בלי מלח 250ג,גרמים,250.00,100 גרם,false,0,14.90,5.96,true,1,
7290008175494,false,ממרח חמאה לורפק+מלח250ג,,DK,ממרח חמאה לורפק+מלח250ג,גרמים,250.00,100 גרם,false,0,14.90,5.96,true,1,
7290008175814,false,פטריות חתוכות 400 גרם,,IL,פטריות חתוכות 400 גרם,גרמים,400.00,100 גרם,false,0,4.60,1.15,true,1,
7290008175906,false,גבינת עיזים100%,,,גבינת עיזים100%,קילוגרמים,0.00,"ק""ג",true,0,132.00,132.00,true,1,
7290008190909,false,מיני קוקיס שוק.צ'יפס600ג,כרמית,IL,מיני קוקיס שוק.צ'יפס600ג,גרמים,600.00,100 גרם,false,0,16.90,2.82,true,1,
7290008328197,false,תות שדה במיץ,,IL,תות שדה במיץ,גרמים,410.00,100 גרם,false,0,9.80,2.39,true,1,
7290008330459,false,דאב קרם ידיים רגיל 100מל,יוניליוור,IL,דאב קרם ידיים,מיליליטרים,100.00,"100 מ""ל",false,0,9.90,9.90,true,1,
7290008333115,false,אבקת ג'לטין טהור 28 גרם,מאיר עזרא ובניו,IL,אבקת ג'לטין,גרמים,28.00,100 גרם,false,0,11.10,39.64,true,1,
7290008335560,false,סיגרים במילוי בשר 600גרם,שלושת האופים,IL,סיגרים במילוי בשר 600גרם,גרמים,600.00,100 גרם,false,0,16.80,2.80,true,1,
7290008343466,false,בצק פילו 500 גרם,"שגמור בע""מ",IL,בצק פילו 500 גרם,גרמים,500.00,100 גרם,false,0,23.10,4.62,true,1,
7290008344272,false,המבורגר 100% 400 גרם,טיבון ויל - נטו,IL,המבורגר בקר,גרמים,400.00,100 גרם,false,0,24.30,6.08,true,1,
7290008409124,false,שניצל ג'ונגל 700 גרם,תנובה,IL,שניצל ג'ונגל 700 גרם,גרמים,700.00,100 גרם,false,0,37.60,5.37,true,1,
7290008409216,false,שניצל דק דק פריך 700 גרם,תנובה,IL,שניצל דק דק פריך 700 גרם,גרמים,700.00,100 גרם,false,0,44.90,6.41,true,1,
7290008409223,false,שניצל דק מתובל 700 גרם,תנובה,IL,שניצל דק מתובל 700 גרם,גרמים,700.00,100 גרם,false,0,44.90,6.41,true,1,
7290008409353,false,מיני טבעות עוף דק,תנובה,IL,מיני טבעות עוף דק,גרמים,500.00,100 גרם,false,0,29.50,5.90,true,1,
7290008409391,false,כדורוני שניצל שומשום 500,תנובה,IL,כדורוני שניצל שומשום 500,גרמים,500.00,100 גרם,false,0,31.90,6.38,true,1,
7290008409582,false,שניצל אמיתי ביתי 700 גרם,תנובה,IL,שניצל אמיתי ביתי 700 גרם,גרמים,700.00,100 גרם,false,0,44.50,6.36,true,1,
7290008464000,false,סבן אפ 1.5*6 ליטר,טמפו,IL,סבן אפ 6 יחידות,ליטרים,9.00,ליטר,false,0,26.70,2.97,true,1,
7290008464017,false,סבן אפ דיאט 1.5*6 ליטר,טמפו,IL,סבן אפ דיאט 6 יח,ליטרים,9.00,ליטר,false,0,26.70,2.97,true,1,
7290008464130,false,גולדסטאר לא מסונן 330*6מ,,IL,גולדסטאר לא מסונן 330*6מ,ליטרים,1.98,ליטר,false,0,49.50,25.00,true,1,
7290008464222,false,בירה מכבי פחית7.9% 500מ,טמפו,IL,בירה מכבי פחית7.9% 500מ,מיליליטרים,500.00,"100 מ""ל",false,1,8.90,1.78,true,1,
7290008464468,false,בירה גולדסטאר פחית 500מל,טמפו,IL,בירה גולדסטאר,מיליליטרים,500.00,"100 מ""ל",false,0,9.20,1.84,true,1,
7290008464529,false,ג'אמפ מוגז ענבים 1.5ל,טמפו,IL,ג'אמפ מוגז ענבים 1.5ל,ליטרים,1.50,ליטר,false,1,6.40,4.27,true,1,
7290008464697,false,בירה מכבי 6 יח,,IL,בירה מכבי 6 יח,ליטרים,1.98,ליטר,false,0,36.80,18.59,true,1,
7290008464703,false,"בירה מכבי 6 בק330* מ""ל",טמפו,IL,בירה מכבי 6 בקב.,ליטרים,1.98,ליטר,false,0,35.60,17.98,true,1,
7290008464741,false,"בירה גולדסטאר בק330*6מ""ל",טמפו,IL,גולדסטאר 6 יח',ליטרים,1.98,ליטר,false,0,39.60,20.00,true,1,
7290008464796,false,"בירה הייניקן בק330*6 מ""ל",היינקן,IL,בירה הייניקן 6יח,ליטרים,1.98,ליטר,false,0,39.90,20.15,true,1,
7290008464987,false,סודה טמפו 1.5*6 ליטר,טמפו,IL,סודה טמפו שישיה,ליטרים,9.00,ליטר,false,0,15.00,1.67,true,1,
7290008470766,false,אורביט סטיקס פפרמינ8*13י,ריגלי,FR,מארז אורביט,גרמים,104.00,100 גרם,false,0,16.10,15.48,true,1,
7290008470827,false,מסטיק פייב אבטיח 4 יח,ריגלי,FR,מסטיק פייב 4 יח,גרמים,76.00,100 גרם,false,0,18.70,24.61,true,1,
7290008493390,false,גריסיני טבעי 200 גרם,מאיר את ביגל,IL,גריסיני טבעי,גרמים,200.00,100 גרם,false,0,8.90,4.45,true,1,
7290008493406,false,גריסיני שומשום 175 גרם,מאיר את ביגל,IL,גריסיני שומשום,גרמים,175.00,100 גרם,false,0,8.90,5.09,true,1,
7290008493413,false,פירורי גריסיני 200 גרם,מאיר את ביגל,IL,פירורי גריסיני,גרמים,200.00,100 גרם,false,0,6.90,3.45,true,1,
7290008670029,false,יין רקנאטי מרלו,,IL,יין רקנאטי מרלו,מיליליטרים,750.00,"100 מ""ל",false,0,49.90,6.65,true,1,
7290008670142,false,רקנאטי יסמין,,IL,רקנאטי יסמין,מיליליטרים,750.00,"100 מ""ל",false,0,42.50,5.67,true,1,
7290008670159,false,רקנאטי יסמין,,IL,רקנאטי יסמין,מיליליטרים,750.00,"100 מ""ל",false,0,42.50,5.67,true,1,
7290008690164,false,ק.קולה לימון דיאט1.5ליטר,החברה המרכזית לייצור משקאות,IL,ק.קולה לימון דיאט1.5ליטר,ליטרים,1.50,ליטר,false,0,7.60,5.07,true,1,
7290008693134,false,דניאלה תות מוקצף5% 150מ,שטראוס,IL,דניאלה תות מוקצף,מיליליטרים,150.00,"100 מ""ל",false,0,4.30,2.87,true,1,
7290008713016,false,לחם שבעה דגנים קל 500גרם,מאפיית שלמה א. אנג'ל,IL,לחם שבעה דגנים קל 500גרם,גרמים,500.00,100 גרם,false,0,12.90,2.58,true,1,
7290008713498,false,לחם עינן מסורתי 750 גרם,מאפיית שלמה א. אנג'ל,IL,לחם עינן מסורתי 750 גרם,גרמים,750.00,100 גרם,false,0,15.80,2.11,true,1,
7290008713696,false,הלחמניה המלאה 75*6 גרם,מאפיית שלמה א. אנג'ל,IL,הלחמניה המלאה 75*6 גרם,גרמים,450.00,100 גרם,false,0,10.00,2.22,true,1,
7290008713771,false,לחם חי ללא מלח 500 גרם,מאפיית שלמה א. אנג'ל,IL,לחם חי ללא מלח 500 גרם,גרמים,500.00,100 גרם,false,0,16.20,3.24,true,1,
7290008713900,false,לחם שיפון עגול 750 גרם,מאפיית שלמה א. אנג'ל,IL,לחם שיפון עגול 750 גרם,גרמים,750.00,100 גרם,false,0,12.90,1.72,true,1,
7290008713917,false,לחם שיפון כהה 750 גרם,מאפיית שלמה א. אנג'ל,IL,לחם שיפון כהה 750 גרם,גרמים,750.00,100 גרם,false,0,12.90,1.72,true,1,
7290008713924,false,לחם שיפון+גרעינ.דלעת750ג,מאפיית שלמה א. אנג'ל,IL,לחם שיפון+גרעינ.דלעת750ג,גרמים,750.00,100 גרם,false,0,12.90,1.72,true,1,
7290008747424,false,שוקולד במילוי תות 100גרם,עלית,IL,שוקולד במלוי תות,גרמים,100.00,100 גרם,false,0,6.60,6.60,true,1,
7290008749343,false,בפלות שחור לבן 400 גרם,עלית,IL,ופלים שחור לבן,גרמים,400.00,100 גרם,false,0,16.20,4.05,true,1,
7290008750400,false,שוקולד לבן+עוגיות100 גרם,עלית,IL,שוקולדלבן עוגיות,גרמים,100.00,100 גרם,false,0,6.60,6.60,true,1,
7290008752244,false,תפוצ'יפס קראנצ' גריל 50ג,עלית,IL,תפוצ'יפס גריל,גרמים,50.00,100 גרם,false,0,4.10,8.20,true,1,
7290008753111,false,תפוצ'יפס מקסיקני 50 גרם,שטראוס,IL,תפוצ'יפס מקסיקני 50 גרם,גרמים,50.00,100 גרם,false,0,4.10,8.20,true,1,
7290008753982,false,שוקולד חלב אוורירי 85גרם,עלית,IL,שוקולד אוורירי,גרמים,85.00,100 גרם,false,0,6.60,7.76,true,1,
7290008775731,false,"רוטב וינגרט קלאסי 290מ""ל",אסם,IL,רוטב ויניגרט אסם,מיליליטרים,290.00,"100 מ""ל",false,0,9.90,3.41,true,1,
7290008801010,false,קברנה מרלו P.C,,,קברנה מרלו P.C,מיליליטרים,750.00,"100 מ""ל",false,0,34.90,4.65,true,1,
7290008801157,false,מרלו סלקטד,,,מרלו סלקטד,מיליליטרים,750.00,"100 מ""ל",false,0,24.90,3.32,true,1,
7290008801430,false,מיץ ענבים תירוש אדום750מ,יקבי כרמל,IL,תירוש כרמל אדום,מיליליטרים,750.00,"100 מ""ל",false,0,15.80,2.11,true,1,
7290008801522,false,"יין קונקורד 750מ""ל",יקבי כרמל,IL,יין קונקורד,מיליליטרים,750.00,"100 מ""ל",false,0,19.90,2.65,true,1,
7290008801539,false,קינג דיוויד כרמל100 750מ,יקבי כרמל,IL,קינג דיוויד,מיליליטרים,750.00,"100 מ""ל",false,0,19.90,2.65,true,1,
7290008801843,false,קברנה סוביניון,,,קברנה סוביניון,מיליליטרים,750.00,"100 מ""ל",false,0,24.90,3.32,true,1,
7290008801850,false,אמרלד ריזלינג סלקטד750מל,יקבי כרמל,IL,אמרלד ריזלינג,מיליליטרים,750.00,"100 מ""ל",false,0,24.90,3.32,true,1,
7290008802895,false,קברנה סוביניוןP.C. 750מל,יקבי כרמל,IL,קברנה סוביניוןP.C. 750מל,מיליליטרים,750.00,"100 מ""ל",false,0,34.90,4.65,true,1,
7290008803021,false,"כרמל אדום עתיק 750 מ""ל",יקבי כרמל,IL,יין אדום עתיק,מיליליטרים,750.00,"100 מ""ל",false,0,23.10,3.08,true,1,
7290008804769,false,קברנה מרלו שיראז סלקט750,יקבי כרמל,,קברנה מרלו שיראז סלקט750,מיליליטרים,750.00,"100 מ""ל",false,0,24.90,3.32,true,1,
7290008805049,false,"זינפנדל סלקטד 750 מ""ל",יקבי כרמל,IL,"זינפנדל סלקטד 750 מ""ל",מיליליטרים,750.00,"100 מ""ל",false,0,24.90,3.32,true,1,
7290008805520,false,קברנה מרלו סלקטד,,,קברנה מרלו סלקטד,מיליליטרים,750.00,"100 מ""ל",false,0,24.90,3.32,true,1,
7290008805933,false,"יין רכס אדום 750 מ""ל",יקבי כרמל,IL,"יין רכס אדום 750 מ""ל",מיליליטרים,750.00,"100 מ""ל",false,0,25.70,3.43,true,1,
7290008806961,false,קרמיסימו פרה שוקולד1.33ל,שטראוס,IL,קרמיסימו פרה שוקולד1.33ל,ליטרים,1.33,ליטר,false,0,20.90,15.71,true,1,
7290008806985,false,נשנושי שוקווניל פרווה60י,שטראוס,IL,נשנושי שוקווניל פרווה60י,גרמים,630.00,100 גרם,false,0,54.50,8.65,true,1,
7290008807050,false,"טבע קברנה סוביניון750מ""ל",יקבי בנימינה,IL,טבע קברנה,מיליליטרים,750.00,"100 מ""ל",false,0,24.70,3.29,true,1,
7290008814645,false,מגב שיש 20 איטלקי,,,מגב שיש 20 איטלקי,יחידה,1.00,יחידה,false,0,10.10,10.10,true,1,
7290008814768,false,כף אשפה + גומי,,,כף אשפה + גומי,יחידה,1.00,יחידה,false,0,7.10,7.10,true,1,
7290008858045,false,עלים לקרם שניט 400 גרם,אשבל,IL,עלים לקרם שניט,גרמים,400.00,100 גרם,false,0,23.20,5.80,true,1,
7290008909440,false,פאנטה אורנג' מנגו 1.5 ל',החברה המרכזית לייצור משקאות,IL,פאנטה אורנג',ליטרים,1.50,ליטר,false,0,7.60,5.07,true,1,
7290008909853,false,"קוקה קולה ZERO 500 מ""ל",החברה המרכזית לייצור משקאות,IL,קוקה קולה ZERO,מיליליטרים,500.00,"100 מ""ל",false,0,7.80,1.56,true,1,
7290008909860,false,קוקה קולה ZERO 1.5 ליטר,החברה המרכזית לייצור משקאות,IL,קוקה קולה ZERO 1.5 ליטר,ליטרים,1.50,ליטר,false,0,7.60,5.07,true,1,
7290008909877,false,קוקה קולה זירו 1.5*6 ל',החברה המרכזית לייצור משקאות,IL,קולה זירו 6 יח,ליטרים,9.00,ליטר,false,0,38.90,4.32,true,1,
7290008975780,false,"בונזו גזע קטן 3 ק""ג",ביופט,IL,בונזו גזע קטן,קילוגרמים,3.00,"ק""ג",false,0,51.50,17.17,true,1,
7290009330618,true,שריר טרי מוכשר אנגוס קג,שופרסל,IL,שריר טרי מוכשר,קילוגרמים,0.00,"ק""ג",true,1,69.90,69.90,true,1,
7290009330922,true,צוואר טרי מוכשר אנגוס קג,שופרסל,IL,צוואר טרי מוכשר,קילוגרמים,0.00,"ק""ג",true,1,69.90,69.90,true,1,
7290009395037,true,כבד עוף לצלייה בלבד קג,שונות,IL,כבד עוף לצלייה בלבד קג,קילוגרמים,0.00,"ק""ג",true,0,19.90,19.90,true,1,
7290009397642,true,חמישית מאפין שוקו 200גרם,גידרון,IL,חמישית מאפין,גרמים,200.00,100 גרם,false,0,8.90,4.45,true,1,
7290009399479,true,עוג.מרוקאיות עגולות משקל,גידרון,IL,עוגיות מרוקאיות,קילוגרמים,0.00,"ק""ג",true,0,36.00,36.00,true,1,
7290009952063,true,מים מינרליים מצוננים500מ,,,מים מינרליים מצוננים500מ,מיליליטרים,500.00,"100 מ""ל",false,0,5.90,1.18,true,1,
7290009955217,true,"סלמי קוניאק שופרסל ק""ג",עוף טוב,IL,סלמי קוניאק,קילוגרמים,0.00,"ק""ג",true,0,58.00,58.00,true,1,
7290009955255,true,חזה הודו דבש נתח שלם שופ,עוף טוב,IL,חזה הודו דבש נתח שלם שופ,קילוגרמים,0.00,"ק""ג",true,0,59.00,59.00,true,1,
7290009955293,true,ג.צהובה ח.ק שופר 23%משקל,ברגלנד מילך אי ג'ן,AT,גבינה צהובה,קילוגרמים,0.00,"ק""ג",true,1,38.00,38.00,true,1,
7290009955330,true,גב.מוצרלה21% שופרסל משקל,אס סי מודסט,LE,גבינה מוצרלה 21%,קילוגרמים,0.00,"ק""ג",true,1,59.00,59.00,true,1,
7290009955491,true,גבינה צהובה ח.קשה9% משקל,ברגלנדמילך,AT,גבינה צהובה 9%,קילוגרמים,0.00,"ק""ג",true,1,56.00,56.00,true,1,
7290010002320,false,תבלין גריל עוף 100 גרם,א.ל ייצור ושיווק תבלינים,IL,תבלין גריל עוף,גרמים,100.00,100 גרם,false,0,9.80,9.80,true,1,
7290010023141,false,חל.לימונענע גן קסום25שק',ויסוצקי,IL,חליטת לימונענע,גרמים,55.00,100 גרם,false,0,18.70,34.00,true,1,
7290010023578,false,25ניחוח.גליל מרווה+לימון,ויסוצקי,IL,תה ניחוח הגליל,גרמים,55.00,100 גרם,false,0,19.40,35.27,true,1,
7290010023943,false,תה רויבוש קינמון+וניל25ש,ויסוצקי,IL,תה רויבוש,גרמים,50.00,100 גרם,false,0,28.30,56.60,true,1,
7290010045013,false,עוגיות חמאה צרפתיות250גר,לחמי,IL,עוגיות חמאה,גרמים,250.00,100 גרם,false,0,20.70,8.28,true,1,
7290010045051,false,עוגיות מלבן שקדים 280גרם,לחמי,IL,עוגיות שקדים,גרמים,280.00,100 גרם,false,0,20.70,7.39,true,1,
7290010045068,false,עוגיות הנסיכה 250 גרם,לחמי,IL,עוגיות הנסיכה,גרמים,250.00,100 גרם,false,0,20.70,8.28,true,1,
7290010049028,false,תרכיז פטל מרמולייט 1ליטר,אשבל,IL,תרכיז דיט פטל,ליטרים,1.00,ליטר,false,0,11.80,11.80,true,1,
7290010049806,false,"עוג.סנדויץ ללת""ס וניל150",אפיפית,IL,עוגיות סנדוויץ,גרמים,150.00,100 גרם,false,0,8.40,5.60,true,1,
7290010065271,false,פרינוק מחית,,CZ,פרינוק מחית,גרמים,130.00,100 גרם,false,0,5.20,4.00,true,1,
7290010065325,false,פרינוק ג'וניור,,CZ,פרינוק ג'וניור,גרמים,190.00,100 גרם,false,0,5.90,3.11,true,1,
7290010066575,false,טונה במי מלח 158*4 גרם,תעשיות פילטונה,IL,טונה במי מלח 4יח,גרמים,632.00,100 גרם,false,0,23.90,3.78,true,1,
7290010066582,false,טונה בשמן קנולה 158*4 גר,תעשיות פילטונה,IL,טונה בשמן 4 יח,גרמים,632.00,100 גרם,false,0,23.90,3.78,true,1,
7290010066599,false,טונה בשמן זית 158*4 גרם,תעשיות פילטונה,IL,טונה בשמן זית4יח,גרמים,632.00,100 גרם,false,0,32.60,5.16,true,1,
7290010116898,false,שוקולד אוורירי מריר85גרם,עלית,IL,שוקולד אוורירי,גרמים,85.00,100 גרם,false,0,6.60,7.76,true,1,
7290010116980,false,שוקולית 850 גרם,עלית,IL,שוקולית 850 גרם,גרמים,850.00,100 גרם,false,0,19.30,2.27,true,1,
7290010118113,false,שוש 10 * 20 גרם,עלית,IL,מארז שוש 10 יח,גרמים,200.00,100 גרם,false,0,10.30,5.15,true,1,
7290010129003,false,עוגיות אוזניים 600 גרם,דולצ'ה ויטה,IL,עוגיות אוזניים 600 גרם,גרמים,600.00,100 גרם,false,0,13.90,2.32,true,1,
7290010129010,false,עוג.כתר במילוי ריבה 600ג,דולצ'ה ויטה,IL,עוג.כתר במילוי ריבה 600ג,גרמים,600.00,100 גרם,false,0,13.90,2.32,true,1,
7290010129027,false,עוגיות מרוקאיות 600 גרם,דולצ'ה ויטה,IL,עוגיות מרוקאיות 600 גרם,גרמים,600.00,100 גרם,false,0,13.90,2.32,true,1,
7290010129034,false,עוגיות שוקו ציפס 600 גרם,דולצ'ה ויטה,IL,עוגיות שוקו ציפס,גרמים,600.00,100 גרם,false,0,13.90,2.32,true,1,
7290010129065,false,עוג.מקלות עלים צרפתי600ג,דולצ'ה ויטה,IL,עוג.מקלות עלים צרפתי600ג,גרמים,600.00,100 גרם,false,0,13.90,2.32,true,1,
7290010129072,false,עוגיות סנדוויץ ריבה 600ג,דולצ'ה ויטה,IL,עוגיות סנדוויץ ריבה 600ג,גרמים,600.00,100 גרם,false,0,13.90,2.32,true,1,
7290010129300,false,עוגיות רייף מרוקאיות350ג,דולצ'ה ויטה,IL,עוגיות רייף מרוקאיות350ג,גרמים,350.00,100 גרם,false,0,18.70,5.34,true,1,
7290010129317,false,עוג.בצק עלים שטרודל600ג,דולצ'ה ויטה,IL,עוגיות שטרודל,גרמים,600.00,100 גרם,false,0,13.90,2.32,true,1,
7290010129324,false,עוגיות מעמול 600 גרם,דולצ'ה ויטה,IL,עוגיות מעמול 600 גרם,גרמים,600.00,100 גרם,false,0,13.90,2.32,true,1,
7290010129355,false,עוגיות תמרים 600 גרם,דולצ'ה ויטה,IL,עוגיות תמרים 600 גרם,גרמים,600.00,100 גרם,false,0,13.90,2.32,true,1,
7290010163663,false,א.קאשיו טבעי 200ג'שקדיה,שקדיה,IL,אגוז קאשיו טבעי,גרמים,200.00,100 גרם,false,0,23.70,11.85,true,1,
7290010173044,false,"מרלו הרי גליל 750 מ""ל",יקב הרי גליל,IL,מרלו הרי גליל,מיליליטרים,750.00,"100 מ""ל",false,0,32.90,4.39,true,1,
7290010237531,false,"פפסי בקבוק 500 מ""ל",,IL,"פפסי בקבוק 500 מ""ל",מיליליטרים,500.00,"100 מ""ל",false,0,4.30,0.86,true,1,
7290010237548,false,"פפסי מקס בקבוק 500 מ""ל",,,"פפסי מקס בקבוק 500 מ""ל",מיליליטרים,500.00,"100 מ""ל",false,0,4.30,0.86,true,1,
7290010237579,false,"סבנ אפ בקבוק 500 מ""ל",,,"סבנ אפ בקבוק 500 מ""ל",מיליליטרים,500.00,"100 מ""ל",false,0,4.30,0.86,true,1,
7290010237692,false,"בירה הייניקן 250*6 מ""ל",היינקן,IL,"בירה הייניקן 250*6 מ""ל",ליטרים,1.50,ליטר,false,0,34.90,23.27,true,1,
7290010237753,false,בירה נשר מאלט 4 * 1.5 לי,טמפו,IL,נשר מאלט 4 יח,ליטרים,6.00,ליטר,false,0,24.90,4.15,true,1,
7290010237784,false,"מכבי שנדי ליים 330*6 מ""ל",טמפו,IL,מכבי שנדי 6 יח,ליטרים,1.98,ליטר,false,0,29.90,15.10,true,1,
7290010237890,false,בירה הייניקן בק.חוזר500מ,היינקן,IL,בירה הייניקן בק.חוזר500מ,מיליליטרים,500.00,"100 מ""ל",false,0,9.90,1.98,true,1,
7290010259854,false,מנת השף נודלס,,IL,מנת השף נודלס,גרמים,70.00,100 גרם,false,0,5.00,7.14,true,1,
7290010287512,false,תירוש ענבים 1 ליטר,הכורמים,IL,תירוש ענבים,ליטרים,1.00,ליטר,false,0,14.00,14.00,true,1,
7290010314140,false,חזה בגריל מן הצומח 630גר,טבעול,IL,חזה בגריל,גרמים,630.00,100 גרם,false,0,40.50,6.43,true,1,
7290010329977,false,מטבעות שוק.מריר פרווה48ג,כרמית,IL,מטבעות שוקולד,גרמים,48.00,100 גרם,false,0,5.80,12.08,true,1,
7290010378500,false,סופטקר שמפו אל דמע 1ליטר,נקה,IL,שמפו לתינוק,ליטרים,1.00,ליטר,false,0,14.90,14.90,true,1,
7290010417315,false,"גולן מרלו 750 מ""ל",יקבי רמת הגולן קצרין,IL,"גולן מרלו 750 מ""ל",מיליליטרים,750.00,"100 מ""ל",false,0,34.90,4.65,true,1,
7290010429295,false,מעדן פרי מישמש100% 250ג,שטראוס,IL,מעדן פרי מישמש100% 250ג,גרמים,250.00,100 גרם,false,0,9.90,3.96,true,1,
7290010471669,false,דנונה בר תות קורנפ175.גר,שטראוס,IL,דנונה בר תות,גרמים,175.00,100 גרם,false,0,4.50,2.57,true,1,
7290010472390,false,דני שוקולד 125*8גרם,שטראוס,IL,דני שוקולד 8 יח',קילוגרמים,1.00,"ק""ג",false,0,16.30,16.30,true,1,
7290010563296,false,מטליות מיקרופייבר 5 יח,מרקט וליום,CN,מטליות ניקוי 5יח,יחידה,1.00,יחידה,false,1,7.80,7.80,true,1,
7290010639632,false,תירס גמדי אויליו,,IL,תירס גמדי אויליו,גרמים,400.00,100 גרם,false,0,6.60,1.65,true,1,
7290010650415,false,עגבניות לחות -יחידה,חוות פטריות תקוע,IL,עגבניות לחות -יחידה,יחידה,1.00,יחידה,false,0,15.00,15.00,true,1,
7290010719037,false,שמן זיתאורגני,,IL,שמן זיתאורגני,מיליליטרים,750.00,"100 מ""ל",false,0,51.50,6.87,true,1,
7290010827459,false,מגבוני דיסני ורוד 72*4יח,דינמיק,IL,רביעיית מגבונים,יחידה,1.00,יחידה,false,0,17.70,17.70,true,1,
7290010827534,false,מגבוני דיסני כחול 72*4יח,דינמיק,IL,מגבוני דיסני,יחידה,1.00,יחידה,false,0,17.70,17.70,true,1,
7290010838219,false,ממתיק סטיביה 100שקיות,"קיפל טבליות וממתיקים בע""מ",IL,ממתיק סטיביה 100שקיות,גרמים,100.00,100 גרם,false,0,35.00,35.00,true,1,
7290010849505,false,"למברוסקו רוסו 750 מ""ל",קאויקיולי,IT,"למברוסקו רוסו 750 מ""ל",מיליליטרים,750.00,"100 מ""ל",false,0,29.90,3.99,true,1,
7290010921034,false,מיץ רימונים,,IL,מיץ רימונים,ליטרים,1.00,ליטר,false,0,12.80,12.80,true,1,
7290010931330,false,סלט מטבוחה 500 גרם,שטראוס,IL,סלט מטבוחה 500 גרם,גרמים,500.00,100 גרם,false,0,15.20,3.04,true,1,
7290010945146,false,קוטג' 3%מועשר בסידן 250ג,טרה,IL,קוטג' 3% מועשר,גרמים,250.00,100 גרם,false,0,5.60,2.24,true,1,
7290010945306,false,חלב 3% בקרטון 2 ליטר,טרה,IL,חלב 3% בקרטון 2 ליטר,ליטרים,2.00,ליטר,false,0,11.80,5.90,true,1,
7290010945450,false,גבינה לבנה 3% 250 גרם,טרה,IL,גבינה לבנה3%,גרמים,250.00,100 גרם,false,0,5.10,2.04,true,1,
7290010945481,false,גבינה לבנה 5% 500 גרם,טרה,IL,גבינה לבנה 5%,גרמים,500.00,100 גרם,false,0,8.90,1.78,true,1,
7290010970100,false,שמן שומשום כבישה קרה250מ,ג.מ.טעם הארץ,IL,שמן שומשום,מיליליטרים,250.00,"100 מ""ל",false,1,32.60,13.04,true,1,
7290010970223,false,"חומץ יין אדום 500 מ""ל",ג.מ.טעם הארץ,IL,חומץ יין אדום,מיליליטרים,500.00,"100 מ""ל",false,0,17.60,3.52,true,1,
7290010970551,false,"שמן אבוקדו 250 מ""ל",ג.מ.טעם הארץ,IL,שמן אבוקדו,מיליליטרים,250.00,"100 מ""ל",false,1,32.60,13.04,true,1,
7290011017606,false,פאנטה לימונדה 1.5 ליטר,החברה המרכזית לייצור משקאות,IL,פאנטה לימונדה,ליטרים,1.50,ליטר,false,0,7.60,5.07,true,1,
7290011018252,false,תה מנגו אננס,,IL,תה מנגו אננס,ליטרים,1.50,ליטר,false,0,6.50,4.33,true,1,
7290011018283,false,פיוז תה אפרסק,,IL,פיוז תה אפרסק,ליטרים,1.50,ליטר,false,0,6.50,4.33,true,1,
7290011018306,false,תה אפרסק דיאט,,IL,תה אפרסק דיאט,ליטרים,1.50,ליטר,false,0,6.50,4.33,true,1,
7290011018313,false,תה אפרסק 4 יח',,IL,תה אפרסק 4 יח',ליטרים,6.00,ליטר,false,0,24.90,4.15,true,1,
7290011051136,false,שוופס סודה 1.5*4 ליטר,יפאורה שותפות מובגלת לשיווק,IL,שוופס סודה 1.5*4 ליטר,ליטרים,6.00,ליטר,false,0,11.90,1.98,true,1,
7290011051341,false,שוופס סודה לימון 1.5*4 ל,יפאורה שותפות מובגלת לשיווק,IL,שוופס סודה לימון 1.5*4 ל,ליטרים,6.00,ליטר,false,0,11.90,1.98,true,1,
7290011051372,false,שוופס תפוח ליים מוגז1.5ל,יפאורה שותפות מובגלת לשיווק,IL,שוופס תפוח ליים מוגז1.5ל,ליטרים,1.50,ליטר,false,0,6.90,4.60,true,1,
7290011051389,false,שוופס פירות יער מוגז1.5ל,יפאורה שותפות מובגלת לשיווק,IL,שוופס פירות יער מוגז1.5ל,ליטרים,1.50,ליטר,false,0,6.90,4.60,true,1,
7290011051396,false,שוופס אפרסק מוגז 1.5ליטר,יפאורה שותפות מובגלת לשיווק,IL,שוופס אפרסק מוגז 1.5ליטר,ליטרים,1.50,ליטר,false,0,6.90,4.60,true,1,
7290011051518,false,תה ספרינג דיאט אפרסק1.5ל,יפאורה שותפות מובגלת לשיווק,IL,תה ספרינג דיאט אפרסק1.5ל,ליטרים,1.50,ליטר,false,0,6.50,4.33,true,1,
7290011081690,false,גל.קרמיסימו צ'יפ וניל/שו,שטראוס,IL,גל.קרמיסימו צ'יפ וניל/שו,ליטרים,1.33,ליטר,false,0,20.90,15.71,true,1,
7290011115203,false,סבון נקה 7 לילך 100X4גר,נקה,,סבון נקה 4X 7,גרמים,400.00,100 גרם,false,0,9.90,2.48,true,1,
7290011115258,false,סבון נקה 7 ירוק 100*4 גר,נקה,,נקה 7 סבון 4 יח,גרמים,400.00,100 גרם,false,0,9.90,2.48,true,1,
7290011115272,false,סבון מוצק נקה7ירוק100*4ג,נקה,,סבון נקה 4X 7,גרמים,400.00,100 גרם,false,0,9.90,2.48,true,1,
7290011115289,false,סבון נקה 7 לילך 100X4גרם,נקה,IL,סבון נקה 4X 7,מיליליטרים,400.00,"100 מ""ל",false,0,9.90,2.48,true,1,
7290011126346,false,ניחוח.גליל לימ/לואיזה25ש,ויסוצקי,IL,ניחוח.גליל לימ/לואיזה25ש,גרמים,55.00,100 גרם,false,0,19.40,35.27,true,1,
7290011126469,false,חל.קמומיל+דבש גן קסום25ש,ויסוצקי,IL,חליטת קמומיל+דבש,גרמים,37.00,100 גרם,false,0,18.70,50.54,true,1,
7290011126940,false,תה ירוק מרווה 25שק1.5X'ג,ויסוצקי,IL,תה ירוק מרווה,גרמים,37.00,100 גרם,false,0,21.90,59.19,true,1,
7290011131814,false,"מיזלי מיקס חלווה 1 ק""ג",גרין,MK,"מיזלי מיקס חלווה 1 ק""ג",קילוגרמים,1.00,"ק""ג",false,1,20.00,20.00,true,1,
7290011133375,false,"מכבי שנדי אפרסק 330*6מ""ל",טמפו,IL,"מכבי שנדי אפרסק 330*6מ""ל",ליטרים,1.98,ליטר,false,0,29.90,15.10,true,1,
7290011194246,false,קוטג' 5% שומן 250 גרם,שטראוס,IL,קוטג' 5% שומן 250 גרם,גרמים,250.00,100 גרם,false,0,5.90,2.36,true,1,
7290011239213,false,חטיפים מתוקים -מחרום,ממתקי מחרום,IL,חטיפים מתוקים -מחרום,יחידה,1.00,יחידה,false,0,5.90,5.90,true,1,
7290011239404,false,חטיפים שונים ארוזים330ג,ממתקי מחרום,IL,חטיפים שונים ארוזים330ג,גרמים,330.00,100 גרם,false,0,13.80,4.18,true,1,
7290011239657,false,רחת לוקום ארוז קוביות500,ממתקי מחרום,IL,רחת לוקום ארוז קוביות500,גרמים,500.00,100 גרם,false,0,14.80,2.96,true,1,
7290011308780,false,בייגלה טבעות שומשום300גר,יוניליוור,IL,בייגלה טבעות,גרמים,300.00,100 גרם,false,0,11.60,3.87,true,1,
7290011308858,false,נישנושים ביס שמנת בצל60ג,יוניליוור,IL,נישנושים ביס,גרמים,60.00,100 גרם,false,0,4.60,7.67,true,1,
7290011378028,false,חלבה ללא סוכר שומ.מלא350,רושדי תעשיות מזון,IL,חלבה ללא סוכר,גרמים,350.00,100 גרם,false,0,17.70,5.06,true,1,
7290011378769,false,חטיפי חלבה וניל 7יח18*גר,רושדי תעשיות מזון,IL,חטיפי חלבה 7 יח,גרמים,126.00,100 גרם,false,0,13.40,10.63,true,1,
7290011378776,false,חטיפי חלבה פיסטוק 18*7 ג,רושדי תעשיות מזון,IL,חטיפי חלבה 7 יח,גרמים,126.00,100 גרם,false,0,13.40,10.63,true,1,
7290011378783,false,חטיף חלבה שוקו וניל18*7ג,רושדי תעשיות מזון,IL,חטיף חלבה שוקו וניל18*7ג,גרמים,126.00,100 גרם,false,0,13.40,10.63,true,1,
7290011379018,false,פטריות מארז משפחתי יח',מרינה,IL,פטריות מארז משפחתי יח',יחידה,1.00,יחידה,false,0,15.90,15.90,true,1,
7290011438470,false,מילקשייק שוקו יוטבתה350מ,יטבתה,IL,מילקשייק שוקו,מיליליטרים,350.00,"100 מ""ל",false,0,6.80,1.94,true,1,
7290011438487,false,מילקשייק וניל יטבתה350מל,יטבתה,IL,מילקשייק וניל,מיליליטרים,350.00,"100 מ""ל",false,0,6.80,1.94,true,1,
7290011438593,false,חלב יטבתה טבעי 3.6% 1 לי,יטבתה,IL,חלב יטבתה טבעי1ל,ליטרים,1.00,ליטר,false,0,7.90,7.90,true,1,
7290011447267,false,מטרנה חלבי שלב 1 700ג,נסטלה,IL,מטרנה חלבי,גרמים,700.00,100 גרם,false,0,54.90,7.84,true,1,
7290011447281,false,מטרנה חלבי שלב 2 700ג,נסטלה,IL,מטרנה חלבי שלב 2,גרמים,700.00,100 גרם,false,0,54.90,7.84,true,1,
7290011447373,false,מטרנה מהדרין שלב 2 700גר,נסטלה,IL,מטרנה מהדרין,גרמים,700.00,100 גרם,false,0,54.90,7.84,true,1,
7290011486099,false,נר מטבעות חנוכה 45 גרם,כרמית,IL,נר מטבעות חנוכה,גרמים,45.00,100 גרם,false,0,5.90,13.11,true,1,
7290011499051,false,פטה כבשים 20% 250ג,מחלבות גד,IL,פטה כבשים 20% 250ג,גרמים,250.00,100 גרם,false,0,25.80,10.32,true,1,
7290011499105,false,גבינה בולגרית 5% 250 גרם,מחלבות גד,IL,גבינה בולגרית 5% 250 גרם,גרמים,250.00,100 גרם,false,0,21.70,8.68,true,1,
7290011499112,false,גבינה בולגרית 16% 250גרם,מחלבות גד,IL,גבינה בולגרית,גרמים,250.00,100 גרם,false,0,17.90,7.16,true,1,
7290011499129,false,קוב.בולג.מעודנת 5% 200ג,מחלבות גד,IL,קוב.בולג.מעודנת 5% 200ג,גרמים,200.00,100 גרם,false,0,16.90,8.45,true,1,
7290011499303,false,בולגרית מעודנ.עזים5% 250,מחלבות גד,,בולגרית מעודנ.עזים5% 250,גרמים,250.00,100 גרם,false,0,27.70,11.08,true,1,
7290011499341,false,גבינת קשקאבל26% 250 גרם,מחלבות גד,IL,גבינת קשקאבל,גרמים,250.00,100 גרם,false,0,34.60,13.84,true,1,
7290011515683,false,מאגדת אקסטרים וניל 6יח,נסטלה,IL,מאגדת אקסטרים וניל 6יח,גרמים,432.00,100 גרם,false,0,37.00,8.56,true,1,
7290011570132,false,"קמח נטול גלוטן 1 ק""ג",גלעם,IL,קמח נטול גלוטן,קילוגרמים,1.00,"ק""ג",false,0,5.50,5.50,true,1,
7290011570644,false,קמח לחם ללא גלוטן 500 גר,אשבל,IL,קמח לחם,גרמים,500.00,100 גרם,false,1,19.70,3.94,true,1,
7290011615062,false,לורפק ללא מלח 500 גרם,,DK,לורפק ללא מלח 500 גרם,גרמים,500.00,100 גרם,false,0,21.80,4.36,true,1,
7290011615314,false,תפוחונים 6 יח,,IL,תפוחונים 6 יח,גרמים,132.00,100 גרם,false,0,21.70,16.44,true,1,
7290011615406,false,הבולגריה בקוביות,,GR,הבולגריה בקוביות,גרמים,325.00,100 גרם,false,0,14.80,4.55,true,1,
7290011618025,false,בייבי ביס טעם טבעי 50 גר,want-want,CN,בייבי ביס,גרמים,50.00,100 גרם,false,0,12.60,25.20,true,1,
7290011668587,false,גרנולה עשירה 500 גרם,אפקט טבעי,IL,גרנולה עשירה,גרמים,500.00,100 גרם,false,0,22.90,4.58,true,1,
7290011758479,false,דגנים טויסטר,,,דגנים טויסטר,גרמים,750.00,100 גרם,false,0,15.80,2.11,true,1,
7290011765071,false,ג'ל גילוח קרמה רגיל 200מ,קוסמופארם,IL,ג'ל גילוח קרמה,מיליליטרים,200.00,"100 מ""ל",false,0,13.90,6.95,true,1,
7290011765118,false,קצף גילוח קרמה דליקט200מ,קוסמופארם,IL,קצף גילוח קרמה,מיליליטרים,200.00,"100 מ""ל",false,0,10.00,5.00,true,1,
7290011800642,false,סלט מטבוחה רפי כהן 400גר,צבר,IL,סלט מטבוחה,גרמים,400.00,100 גרם,false,0,17.50,4.38,true,1,
7290011800703,false,פלפלים קלויים רפי כהן400,צבר,IL,סלט פלפלים,גרמים,400.00,100 גרם,false,0,17.50,4.38,true,1,
7290011800864,false,חציל בשמן זית רפי כהן400,צבר,IL,סלט חציל צבר,גרמים,400.00,100 גרם,false,0,17.50,4.38,true,1,
7290011830106,false,דובשניות אורגני,,IL,דובשניות אורגני,גרמים,300.00,100 גרם,false,0,14.00,4.67,true,1,
7290011870225,false,4 סוללות פוג'י AAA,פוג'יקום,CN,סוללות פוג'י,יחידה,1.00,יחידה,false,0,16.10,16.10,true,1,
7290011870256,false,4 סוללות פוג'י AA,פוג'יקום,CN,רביעיית סוללות,יחידה,1.00,יחידה,false,0,16.20,16.20,true,1,
7290011870263,false,8 סוללות פוג'יקום AA,פוג'יקום,CN,סוללות פוג'יקום,יחידה,1.00,יחידה,false,0,25.20,25.20,true,1,
7290011870720,false,סוללת פוג'י D,פוג'יקום,CN,סוללת פוגי',יחידה,1.00,יחידה,false,0,25.20,25.20,true,1,
7290011877927,false,מי פה אורביטול כחול 500מ,קוסמופארם,IL,מי פה אורביטול,מיליליטרים,500.00,"100 מ""ל",false,0,20.00,4.00,true,1,
7290011931162,false,"סוכרלייט נוזלי 220 מ""ל","ביסקול בע""מ",IL,סוכרלייט נוזלי,מיליליטרים,220.00,"100 מ""ל",false,0,29.90,13.59,true,1,
7290011947019,false,"שמן זית כתית 750 מ""ל",זיתא,,שמן זית כתית,מיליליטרים,750.00,"100 מ""ל",false,0,40.50,5.40,true,1,
7290011947316,false,זיתי קלמטה 215 גרם,זיתא,IL,זיתי קלמטה,גרמים,215.00,100 גרם,false,1,10.00,4.65,true,1,
7290011964658,false,מלח לימון 170 גרם,תבליני טעם וריח,IL,מלח לימון 170 גרם,גרמים,170.00,100 גרם,false,0,12.50,7.35,true,1,
7290012001994,false,חרדל דיז'ון ריין 350 גרם,ריין דיג'ון,FR,חרדל דיז'ון ריין,גרמים,350.00,100 גרם,false,0,12.50,3.57,true,1,
7290012019388,false,סלמון במיץ טבעי 213 גרם,SEAFOODS ICICLE,US,סלמון במיץ טבעי,גרמים,213.00,100 גרם,false,0,12.80,6.01,true,1,
7290012022005,false,קריספיות טבעי,דילייט,IL,קריספיות טבעי,גרמים,60.00,100 גרם,false,0,11.90,19.83,true,1,
7290012022050,false,פריכיות חיטה מלאה 75 גרם,דילייט,IL,פריכיות חיטה מלאה 75 גרם,גרמים,75.00,100 גרם,false,0,13.90,18.53,true,1,
7290012086113,false,שרי אשכולות מובחר יחידה,קטיף,IL,שרי אשכולות,יחידה,1.00,יחידה,false,0,9.90,9.90,true,1,
7290012116360,false,פוליויקס גרניט פורצלן2ל',סנו,IL,סנו פוליויקס,ליטרים,2.00,ליטר,false,0,16.90,8.45,true,1,
7290012159404,false,לבבות דקל שלם,,IL,לבבות דקל שלם,גרמים,400.00,100 גרם,false,0,7.90,1.98,true,1,
7290012227394,false,שניצל תירס דק דק 650גרם,זוגלובק,IL,שניצל תירס דק דק,גרמים,650.00,100 גרם,false,0,30.80,4.74,true,1,
7290012309328,false,"אורז יסמין 1 ק""ג",שקדיה,IL,אורז יסמין,קילוגרמים,1.00,"ק""ג",false,0,9.80,9.80,true,1,
7290012313653,false,בצל קצוץ מטוגן בשמן425ג,אירוסיבולס,ES,בצל קצוץ מטוגן,גרמים,425.00,100 גרם,false,1,14.80,3.48,true,1,
7290012313660,false,בצל קצוץ מוזהב 425 גרם,אירוסיבולס,ES,בצל קצוץ מוזהב,גרמים,425.00,100 גרם,false,1,14.80,3.48,true,1,
7290012359392,false,סילאן טבעי,,IL,סילאן טבעי,גרמים,900.00,100 גרם,false,0,29.60,3.29,true,1,
7290012404238,false,שוופס ראש'ן 1.5 ליטר,יפאורה שותפות מובגלת לשיווק,IL,שוופס ראש'ן 1.5 ליטר,ליטרים,1.50,ליטר,false,0,9.80,6.53,true,1,
7290012404320,false,ספרינג ענבים 1.5 ליטר,יפאורה שותפות מובגלת לשיווק,IL,ספרינג ענבים,ליטרים,1.50,ליטר,false,0,6.90,4.60,true,1,
7290012404627,false,נקטר ספרינג תפוח גזר 1ל',יפאורה שותפות מובגלת לשיווק,IL,נקטר ספרינג תפוח גזר 1ל',ליטרים,1.00,ליטר,false,0,5.50,5.50,true,1,
7290012413643,false,תה ירוק קמומיל 25שק1.5*ג,ויסוצקי,IL,תה ירוק קמומיל,גרמים,75.00,100 גרם,false,0,21.90,29.20,true,1,
7290012576607,false,"קברנה פרמייר 750 מ""ל",יקבי ברקן,IL,פרמייר קברנה,מיליליטרים,750.00,"100 מ""ל",false,0,19.90,2.65,true,1,
7290012642678,false,אננס חתוך כוס פלסט113X4ג,FOODS HUIZIANG JIANGSU,CN,אננס חתוך 4 יח,גרמים,452.00,100 גרם,false,0,12.80,2.83,true,1,
7290012665066,false,רביולי במילוי גבינה 400,"אדריה בע""מ",IL,רביולי במילוי גב,גרמים,400.00,100 גרם,false,0,14.90,3.73,true,1,
7290012803055,false,סוכרלוז 100 שקיות,"קיפל טבליות וממתיקים בע""מ",IL,סוכרלוז 100 שקיות,גרמים,100.00,100 גרם,false,0,30.90,30.90,true,1,
7290012803215,false,וופל בלגי בטעם שוקולד200,גילרו,IL,וופל בלגי,גרמים,200.00,100 גרם,false,0,10.50,5.25,true,1,
7290012803604,false,ביסקוויט שוקולד+טרימי180,TAGO,PL,ביסקוויט טרמיסו,גרמים,180.00,100 גרם,false,0,10.00,5.56,true,1,
7290012984228,false,מאגדת מנגו פסיפלורה 6יח,נסטלה,IL,מאגדת מנגו פסיפלורה 6יח,גרמים,468.00,100 גרם,false,0,28.10,6.00,true,1,
7290013027016,false,לחם קמח מלא+100%דגנים750,מאפיית שלמה א. אנג'ל,IL,לחם קמח מלא+100%דגנים750,גרמים,750.00,100 גרם,false,0,13.80,1.84,true,1,
7290013027399,false,לחם מלא+100%שיפון-קל750ג,מאפיית שלמה א. אנג'ל,IL,לחם מלא+100%שיפון-קל750ג,גרמים,750.00,100 גרם,false,0,15.20,2.03,true,1,
7290013027535,false,לחם שיפון קל 750 גרם,מאפיית שלמה א. אנג'ל,IL,לחם שיפון קל 750 גרם,גרמים,750.00,100 גרם,false,0,13.80,1.84,true,1,
7290013027849,false,לחם אנג'ל100קל+שיפון500,מאפיית שלמה א. אנג'ל,IL,לחם אנג'ל100קל+שיפון500,גרמים,500.00,100 גרם,false,0,13.80,2.76,true,1,
7290013083661,false,מטרנה אקסטרה קר שלב1 700,נסטלה,IL,מטרנה אקסטרה קר,גרמים,700.00,100 גרם,false,0,64.90,9.27,true,1,
7290013083678,false,מטרנה אקסטרה קר שלב2 700,נסטלה,IL,מטרנה אקסטרה קר,גרמים,700.00,100 גרם,false,0,64.90,9.27,true,1,
7290013117212,false,בורקס פילו גבינה 600 גרם,"מעדנות בע""מ",IL,בורקס פילו גבינה 600 גרם,גרמים,600.00,100 גרם,false,0,23.70,3.95,true,1,
7290013117243,false,בורקס פילו בולגרית 600 ג,"מעדנות בע""מ",IL,בורקס בולגרית,גרמים,600.00,100 גרם,false,0,23.70,3.95,true,1,
7290013117410,false,בצק פריך מתוק 450X2 900,"מעדנות בע""מ",IL,בצק פריך,גרמים,900.00,100 גרם,false,0,26.40,2.93,true,1,
7290013117427,false,בצק פריך מלוח 450X2גרם 0,"מעדנות בע""מ",IL,בצק פריך,גרמים,900.00,100 גרם,false,0,26.40,2.93,true,1,
7290013117441,false,בורקס פילו פטריות 600 גר,"מעדנות בע""מ",IL,בורקס פילו,גרמים,600.00,100 גרם,false,0,23.70,3.95,true,1,
7290013153395,false,פריגת סחוט רימונים 1ליטר,פריגת,IL,מיץ סחוט רימונים,ליטרים,1.00,ליטר,false,1,21.70,21.70,true,1,
7290013267566,false,גל.קרמיסימו בומבה 1.33לי,שטראוס,IL,גל.קרמיסימו בומבה 1.33לי,ליטרים,1.30,ליטר,false,0,20.90,16.08,true,1,
7290013267665,false,מאגדת מיני סולרו טרופי,שטראוס,IL,מאגדת מיני סולרו טרופי,גרמים,295.00,100 גרם,false,0,26.70,9.05,true,1,
7290013269263,false,מקסימה ג'ל,,IL,מקסימה ג'ל,ליטרים,3.00,ליטר,false,0,30.00,10.00,true,1,
7290013269560,false,קרמה תחליב רחצה מאסק750מ,קוסמופארם,,קרמה תחליב רחצה מאסק750מ,מיליליטרים,750.00,"100 מ""ל",false,0,17.90,2.39,true,1,
7290013284051,false,טריו זיתים,,,טריו זיתים,גרמים,560.00,100 גרם,false,0,13.20,2.36,true,1,
7290013284136,false,מלפפונים במלח,,,מלפפונים במלח,גרמים,560.00,100 גרם,false,0,6.80,1.21,true,1,
7290013284143,false,מלפפונים במלח,,,מלפפונים במלח,גרמים,560.00,100 גרם,false,0,7.80,1.39,true,1,
7290013284150,false,מלפפונים במלח 13-17 560ג,,,מלפפונים במלח 13-17 560ג,גרמים,560.00,100 גרם,false,0,10.10,1.80,true,1,
7290013284167,false,מלפפונים במלח,,,מלפפונים במלח,גרמים,560.00,100 גרם,false,0,13.30,2.38,true,1,
7290013284181,false,מלפפונים בחומץ,,,מלפפונים בחומץ,גרמים,560.00,100 גרם,false,0,7.80,1.39,true,1,
7290013284303,false,זיתים ירוקים,,IL,זיתים ירוקים,גרמים,560.00,100 גרם,false,0,10.90,1.95,true,1,
7290013284662,false,רוטב פיצה פיתה 240 גרם,,IL,רוטב פיצה פיתה 240 גרם,גרמים,240.00,100 גרם,false,0,6.20,2.58,true,1,
7290013284785,false,רוטב פפרונטה 380 גרם,פרי ניר,IL,רוטב פפרונטה,גרמים,380.00,100 גרם,false,1,8.40,2.21,true,1,
7290013284808,false,זיתים ירוקים מבוקעים560ג,פרי ניר,IL,זיתים ירוקים,גרמים,560.00,100 גרם,false,1,9.80,1.75,true,1,
7290013284891,false,עגבניות מרוסקות 800 גרם,פרי ניר,IL,עגבניות מרוסקות,גרמים,800.00,100 גרם,false,1,7.80,0.98,true,1,
7290013310163,false,מדליק פחם מוצק 40 יחידות,BX.P,DE,מדליק פחם מוצק 40 יחידות,יחידה,1.00,יחידה,false,0,7.80,7.80,true,1,
7290013358295,false,קראנצוס גריל 200 גרם,מנה,IL,קראנצוס 200 גרם,גרמים,200.00,100 גרם,false,0,5.90,2.95,true,1,
7290013358301,false,קראנצוס ברביקיו 200 גרם,מנה,IL,קראנצוס 200 גרם,גרמים,200.00,100 גרם,false,0,5.90,2.95,true,1,
7290013358394,false,קמח קונדיטור מאסטר שף1ק,שטיבל,IL,קמח מאסטר שף,קילוגרמים,1.00,"ק""ג",false,0,8.40,8.40,true,1,
7290013358462,false,מיני קרוטונים למרק350גרם,עינת,IL,מיני קרוטונים,גרמים,350.00,100 גרם,false,0,14.90,4.26,true,1,
7290013358486,false,פירורי לחם ללא ביצה300ג,עינת,IL,פירורי לחם,גרמים,300.00,100 גרם,false,0,11.60,3.87,true,1,
7290013358493,false,"קרם קוקוס פחית 400 מ""ל",תאי קטקנאט קו לטידי,TH,קרם קוקוס,מיליליטרים,400.00,"100 מ""ל",false,1,10.80,2.70,true,1,
7290013358684,false,קוסקוס דורום 350 גרם,"חטיפים מין הטבע בע""מ",IL,קוסקוס דורום,גרמים,350.00,100 גרם,false,1,8.80,2.51,true,1,
7290013358691,false,קוסקוס מלא 350 גרם,"חטיפים מין הטבע בע""מ",IL,קוסקוס מלא,יחידה,1.00,יחידה,false,1,7.80,7.80,true,1,
7290013358882,false,אייר פופס טורטייה טבעי40,דיאבטיקום,IL,חטיף אייר פופס,גרמים,40.00,100 גרם,false,0,5.50,13.75,true,1,
7290013358905,false,טורטיה רולס ספייס צילי70,NV LOCO POCO FOOD SNACK,BE,טורטיה רולס,גרמים,70.00,100 גרם,false,1,3.70,5.29,true,1,
7290013358912,false,טורטיה רולס טבעי70גר,NV LOCO POCO FOOD SNACK,BE,טורטיה רולס,גרמים,70.00,100 גרם,false,1,3.70,5.29,true,1,
7290013358929,false,צ'יפס בטעם טבעי מנה 45גר,FLAPER.S.A APERITIVOS,ES,צ'יפס טבעי מנה,גרמים,45.00,100 גרם,false,1,3.40,7.56,true,1,
7290013358936,false,צ'יפס גלי מנה 45 גרם,FLAPER.S.A APERITIVOS,ES,צ'יפס גלי מנה,גרמים,45.00,100 גרם,false,1,3.40,7.56,true,1,
7290013424174,false,תירס צעיר שלם 410 גרם,LTD GUANGFA LONGHAI,CN,תירס צעיר שלם,גרמים,410.00,100 גרם,false,0,5.90,1.44,true,1,
7290013440785,false,מאגדת קרחוני לייט לימון,נסטלה,IL,מאגדת קרחוני לייט לימון,גרמים,560.00,100 גרם,false,0,23.70,4.23,true,1,
7290013472199,false,ערמונים קלופים קלויים105,הבי ליקראן,CN,ערמונים 105גרם,גרמים,105.00,100 גרם,false,0,9.80,9.33,true,1,
7290013472335,false,מקרלים ש.צמחי פיקנטי120ג,,PT,מקרלים ש.צמחי פיקנטי120ג,גרמים,120.00,100 גרם,false,0,6.80,5.67,true,1,
7290013472892,false,הבולגריה בקוביות 200 גרם,,,הבולגריה בקוביות 200 גרם,גרמים,200.00,100 גרם,false,0,10.80,5.40,true,1,
7290013472908,false,הבולגריה בקוביות 400 גרם,,GR,הבולגריה בקוביות 400 גרם,גרמים,400.00,100 גרם,false,0,20.70,5.18,true,1,
7290013474063,false,בייגלה שמיניות 60 גרם,יוניליוור,IL,בייגלה שמיניות,גרמים,60.00,100 גרם,false,0,3.50,5.83,true,1,
7290013474377,false,בייגלה דקים מלח ים300גרם,יוניליוור,IL,בייגלה דקים,גרמים,300.00,100 גרם,false,0,8.90,2.97,true,1,
7290013521491,false,קטשופ אורגני,,US,קטשופ אורגני,גרמים,568.00,100 גרם,false,0,19.70,3.47,true,1,
7290013540225,false,נתחי טונה קטנה 158*4 גרם,תעשיות פילטונה,IL,נתחי טונה 4 יח,גרמים,632.00,100 גרם,false,0,15.90,2.52,true,1,
7290013584182,false,ספרייט 1.5 ליטר,החברה המרכזית לייצור משקאות,IL,ספרייט 1.5 ליטר,ליטרים,1.50,ליטר,false,0,6.90,4.60,true,1,
7290013584816,false,"משק""ל פריגת לימונענע1.5ל",פריגת,IL,"משק""ל פריגת",ליטרים,1.50,ליטר,false,0,6.90,4.60,true,1,
7290013585240,false,ספרייט זירו 1.5 ליטר,החברה המרכזית לייצור משקאות,IL,ספרייט זירו 1.5 ליטר,ליטרים,1.50,ליטר,false,1,6.90,4.60,true,1,
7290013585271,false,ספרייט זירו 1.5*6 ליטר,החברה המרכזית לייצור משקאות,IL,ספרייט זירו 1.5*6 ליטר,ליטרים,9.00,ליטר,false,1,37.60,4.18,true,1,
7290013585387,false,קולה זירו 1 ליטר,החברה המרכזית לייצור משקאות,IL,קולה זירו 1 ליטר,ליטרים,1.00,ליטר,false,1,5.70,5.70,true,1,
7290013585394,false,קוקה קולה 1 ליטר,החברה המרכזית לייצור משקאות,IL,קוקה קולה 1 ליטר,ליטרים,1.00,ליטר,false,1,5.70,5.70,true,1,
7290013585509,false,"משק""ל פריגת אפרסק 1.5 לי",מבשלות בירה בינלאומיות,IL,"משק""ל פריגת",ליטרים,1.50,ליטר,false,1,6.90,4.60,true,1,
7290013591173,false,מטרנה לילה טוב 400 גרם,נסטלה,IL,מטרנה לילה טוב,גרמים,400.00,100 גרם,false,0,41.90,10.48,true,1,
7290013608086,false,מיץ פירות הדר100%טבעי1ל,גניר,IL,מיץ פירות הדר,ליטרים,1.00,ליטר,false,0,16.20,16.20,true,1,
7290013608260,false,מיץ רימונים סחוט טרי 1ל',גניר,IL,מיץ רימונים,ליטרים,1.00,ליטר,false,0,24.70,24.70,true,1,
7290013652812,false,ק.ידיים נטורל קר רגיל150,פישר מעבדות פרמצבטיות,,קרם ידיים נטורל,מיליליטרים,150.00,"100 מ""ל",false,0,15.70,10.47,true,1,
7290013675101,false,שניצל דגנים אפוי 500גרם,תנובה,IL,שניצל דגנים אפוי 500גרם,גרמים,500.00,100 גרם,false,0,33.60,6.72,true,1,
7290013675163,false,שניצל קריספי מ.עוף 500ג,תנובה,IL,שניצל קריספי מ.עוף 500ג,גרמים,500.00,100 גרם,false,1,33.90,6.78,true,1,
7290013675170,false,שניצל קריספי שומשום עוף,תנובה,IL,שניצל קריספי שומשום עוף,גרמים,500.00,100 גרם,false,1,33.90,6.78,true,1,
7290013702005,false,מים טעם פירות יער 1.5 ל,יפאורה שותפות מובגלת לשיווק,IL,מים טעם פירות יער 1.5 ל,ליטרים,1.50,ליטר,false,0,6.80,4.53,true,1,
7290013702029,false,שוופס מים טעם אפרסק 1.5ל,יפאורה שותפות מובגלת לשיווק,IL,שוופס מים טעם אפרסק 1.5ל,ליטרים,1.50,ליטר,false,0,6.80,4.53,true,1,
7290013702043,false,שוופס מים טעם ענבים 1.5ל,יפאורה שותפות מובגלת לשיווק,IL,שוופס מים טעם ענבים 1.5ל,ליטרים,1.50,ליטר,false,0,6.80,4.53,true,1,
7290013702371,false,שוופס מים בטעם תפוח 1.5ל,יפאורה שותפות מובגלת לשיווק,IL,שוופס מים בטעם תפוח 1.5ל,ליטרים,1.50,ליטר,false,0,6.80,4.53,true,1,
7290013702500,false,שוופס דיאט למון ליים1.5ל,יפאורה שותפות מובגלת לשיווק,IL,שוופס דיאט למון ליים1.5ל,ליטרים,1.50,ליטר,false,0,5.50,3.67,true,1,
7290013847119,false,טונה סטארקיסט קנולה160*4,סטארקיסט,IL,טונה בשמן 4 יח,גרמים,640.00,100 גרם,false,0,30.60,4.78,true,1,
7290013847157,false,טונה שמ.זית כ.מעולה110*4,סטארקיסט,IL,טונה בשמן זית4יח,גרמים,440.00,100 גרם,false,0,33.10,7.52,true,1,
7290013847546,false,טונה דל נתרן בשמן 160*4ג,סטארקיסט,IL,טונה בשמן 4 יח,גרמים,640.00,100 גרם,false,1,27.70,4.33,true,1,
7290013847607,false,סטארקיסט לסלט שמן שום160,סטארקיסט,IL,סטארקיסט לה סלט,גרמים,160.00,100 גרם,false,1,8.80,5.50,true,1,
7290013847614,false,סטארקיסט לסלט ויניגרט160,סטארקיסט,IL,סטארקיסט לה סלט,גרמים,160.00,100 גרם,false,1,8.80,5.50,true,1,
7290013847652,false,סטארק.לסנדביץ חמוצים200ג,סטארקיסט,IL,סטארקיסט לסנדביץ,גרמים,200.00,100 גרם,false,1,9.80,4.90,true,1,
7290013847669,false,סטארקיסט לסנדביץ צ'ילי,סטארקיסט,IL,סטארקיסט לסנדביץ,גרמים,200.00,100 גרם,false,1,9.80,4.90,true,1,
7290013883445,false,אסטוניש קרם מטבח,,IL,אסטוניש קרם מטבח,מיליליטרים,550.00,"100 מ""ל",false,0,22.20,4.04,true,1,
7290013883469,false,אסטוניש קרם אמבט,,IL,אסטוניש קרם אמבט,מיליליטרים,550.00,"100 מ""ל",false,0,22.20,4.04,true,1,
7290013906205,false,פסטרמה שום וצ'ילי 400 גר,טירת צבי,IL,פסטרמה שום+צ'לי,גרמים,400.00,100 גרם,false,0,35.90,8.98,true,1,
7290013906441,false,קבנוס 120 גרם,טירת צבי,IL,קבנוס,גרמים,120.00,100 גרם,false,0,12.30,10.25,true,1,
7290014002128,false,תה ירוק לימונית מנטה25שק,ויסוצקי,IL,תה ירוק לימונית,גרמים,37.00,100 גרם,false,0,21.90,59.19,true,1,
7290014002135,false,תה ירוק מיקס 25 שקיקים,ויסוצקי,IL,תה ירוק מיקס,גרמים,37.00,100 גרם,false,0,21.90,59.19,true,1,
7290014002197,false,חליטת קמומיל ולימונית25ש,ויסוצקי,IL,חליטת קמומיל,גרמים,75.00,100 גרם,false,0,18.70,24.93,true,1,
7290014002203,false,חליטת לימונים לואיזה 25ש,ויסוצקי,IL,חליטת לימונים,גרמים,75.00,100 גרם,false,0,18.70,24.93,true,1,
7290014002586,false,חליטת חורף ג'ינג'ר דבש20,ויסוצקי,IL,חליטת ג'ינגר+דבש,גרמים,30.00,100 גרם,false,0,14.90,49.67,true,1,
7290014002609,false,תה ירוק פטל 25שק',ויסוצקי,IL,תה ירוק פטל,גרמים,38.00,100 גרם,false,0,21.90,57.63,true,1,
7290014002685,false,חליטת אקליפטוס הדר20שק,ויסוצקי,IL,חליטת אקליפטוס,גרמים,30.00,100 גרם,false,0,14.90,49.67,true,1,
7290014002944,false,חליטת חמדת שקד גן קסום25,ויסוצקי,IL,חליטת חמדת שקד,גרמים,57.00,100 גרם,false,0,18.70,32.81,true,1,
7290014046436,false,נשנושי קבנוס 125 גרם,מעדני יחיעם,IL,נשנושי קבנוס 125 גרם,גרמים,125.00,100 גרם,false,0,15.00,12.00,true,1,
7290014083806,false,עוגיות טעם חמאה,,PT,עוגיות טעם חמאה,גרמים,350.00,100 גרם,false,0,11.90,3.40,true,1,
7290014094130,false,גרעין אבטיח קלוי 200גרם,שקדיה,IL,גרעין אבטיח,גרמים,200.00,100 גרם,false,0,16.80,8.40,true,1,
7290014094413,false,סרדין בשמן סויה 115 גרם,,PT,סרדין בשמן סויה 115 גרם,גרמים,115.00,100 גרם,false,0,5.80,5.04,true,1,
7290014095861,false,שבולת שועל דקה 500 גרם,שקדיה,IL,שבולת שועל דקה 500 גרם,גרמים,500.00,100 גרם,false,0,7.80,1.56,true,1,
7290014095922,false,"דבש מפרחי הדר 1 ק""ג",שקדיה,IL,דבש מפרחי הדר,קילוגרמים,1.00,"ק""ג",false,0,41.50,41.50,true,1,
7290014095960,false,שבולת שועל עבה 500 גרם,שקדיה,IL,שבולת שועל עבה 500 גרם,גרמים,500.00,100 גרם,false,0,7.80,1.56,true,1,
7290014126237,false,מר מאסל לניקוי כללי 1ל,AMBALAJ APS,TR,מר מאסל לנ.כללי,ליטרים,1.00,ליטר,false,0,7.90,7.90,true,1,
7290014126718,false,עוג.שוקולד+קרם ברולה180ג,TAGO,PL,עוגיות מואי,גרמים,180.00,100 גרם,false,1,10.00,5.56,true,1,
7290014126978,false,דאק דוחה כתמים750*2מ,ג'ונסון,IL,דאק פאוור זוג,מיליליטרים,1500.00,"100 מ""ל",false,0,17.90,1.19,true,1,
7290014217225,false,גריל עוף במיכל 120 גרם,תבליני טעם וריח,IL,גריל עוף במיכל 120 גרם,גרמים,120.00,100 גרם,false,0,11.80,9.83,true,1,
7290014218093,false,פיצה משפחתית קמח מלא 500,"מעדנות בע""מ",IL,פיצה משפחתית,גרמים,500.00,100 גרם,false,0,24.70,4.94,true,1,
7290014258716,false,מטרנה צמחית 700 גרם,נסטלה,IL,מטרנה צמחי,גרמים,700.00,100 גרם,false,0,52.80,7.54,true,1,
7290014373747,false,עוגת שמרים + שוקולד380גר,לחמי,IL,עוגת שמרים,גרמים,380.00,100 גרם,false,0,19.70,5.18,true,1,
7290014397002,false,דאו.קרמה ספריי דבש 150מ,קוסמופארם,IL,דאודורנט קרמה,מיליליטרים,150.00,"100 מ""ל",false,0,13.90,9.27,true,1,
7290014435810,false,הרינג כבוש עם בצל 180גרם,סלטי שמיר,IL,הרינג כבוש עם בצל 180גרם,גרמים,180.00,100 גרם,false,0,16.80,9.33,true,1,
7290014455375,false,גבינה צהובה פרוס28% 200ג,WLOSZCZOWA,PL,גבינה צהובה פרוס,גרמים,200.00,100 גרם,false,1,12.50,6.25,true,1,
7290014455399,false,גבינה צהובה פרוס28% 400ג,WLOSZCZOWA,PL,גבינה צהובה פרוס,גרמים,400.00,100 גרם,false,1,19.50,4.88,true,1,
7290014459083,false,"ציפס כפרי 1.5 ק""ג",תפוגן,IL,ציפס כפרי,קילוגרמים,1.50,"ק""ג",false,0,28.90,19.27,true,1,
7290014459151,false,שניצל תירס לייט תפוגן630,תפוגן,IL,שניצל תירס לייט,גרמים,630.00,100 גרם,false,0,25.10,3.98,true,1,
7290014459267,false,"תפוגן פרוסות סלייס 1.5ק""",תפוגן,IL,תפוגן פרוסות,קילוגרמים,1.50,"ק""ג",false,10,29.60,19.73,true,1,
7290014462403,false,קיווי מובחר ארוז,.,IL,קיווי מובחר ארוז,יחידה,1.00,יחידה,false,0,10.90,10.90,true,1,
7290014466128,false,"אינדיגו הר חרמון 750 מ""ל",יקבי רמת הגולן קצרין,IL,הר חרמון אינדיגו,מיליליטרים,750.00,"100 מ""ל",false,0,32.90,4.39,true,1,
7290014466272,false,גמלא קברנה סוביניון750מ,יקבי רמת הגולן קצרין,IL,גמלא קברנה,מיליליטרים,750.00,"100 מ""ל",false,0,68.50,9.13,true,1,
7290014466463,false,"מוסקטו הר חרמון 750 מ""ל",יקבי רמת הגולן קצרין,IL,הר חרמון מוסקטו,מיליליטרים,750.00,"100 מ""ל",false,0,32.90,4.39,true,1,
7290014503137,false,"יובלים דלתון אדום 750מ""ל",יקב דלתון,IL,יין יובלים אדום,מיליליטרים,750.00,"100 מ""ל",false,0,39.90,5.32,true,1,
7290014503397,false,"יובלים פריים שיראז750מ""ל",יקב דלתון,IL,יובלים שיראז,מיליליטרים,750.00,"100 מ""ל",false,0,54.90,7.32,true,1,
7290014525085,false,עוג.שוקוציפס ללא סוכר200,מרבה,DE,עוגיות ללא סוכר,גרמים,200.00,100 גרם,false,0,18.20,9.10,true,1,
7290014603073,false,מאגדת מיני מגנום דאבל גר,שטראוס,IL,מאגדת מיני מגנום,גרמים,310.00,100 גרם,false,0,29.60,9.55,true,1,
7290014603547,false,גל.קרמיסימו וניל+שוק1.3.,שטראוס,IL,גל.קרמיסימו וניל+שוק1.3.,מיליליטרים,665.00,"100 מ""ל",false,0,20.90,3.14,true,1,
7290014603554,false,קרמיסימו סנדיי וניל תות,שטראוס,IL,קרמיסימו סנדיי וניל תות,ליטרים,1.33,ליטר,false,0,20.90,15.71,true,1,
7290014603653,false,כריות נוגט ללא גלוטן375ג,יוניליוור,IL,כריות נוגט,גרמים,375.00,100 גרם,false,0,27.70,7.39,true,1,
7290014603820,false,קרמיסימו ונילה פקאן 1330,שטראוס,IL,גלידת קרמיסימו,ליטרים,1.33,ליטר,false,0,20.90,15.71,true,1,
7290014603998,false,"קארט דור בראוניז 520 מ""ל",שטראוס,IL,"קארט דור בראוניז 520 מ""ל",מיליליטרים,520.00,"100 מ""ל",false,15,19.70,3.79,true,1,
7290014692299,false,גבינת ברי 125 גרם,,DK,גבינת ברי 125 גרם,גרמים,125.00,100 גרם,false,0,20.20,16.16,true,1,
7290014692541,false,אדם מגורדת EMMA,,LE,אדם מגורדת EMMA,גרמים,500.00,100 גרם,false,0,17.90,3.58,true,1,
7290014692589,false,חוויה בטעם אדם,,LE,חוויה בטעם אדם,גרמים,150.00,100 גרם,false,0,8.90,5.93,true,1,
7290014692817,false,מוצרלה מגורדת,,,מוצרלה מגורדת,גרמים,200.00,100 גרם,false,0,15.80,7.90,true,1,
7290014692978,false,פלפל.ממולא.גבינת שמנת250,,GR,פלפל.ממולא.גבינת שמנת250,גרמים,250.00,100 גרם,false,0,18.70,7.48,true,1,
7290014725294,false,סוכרזית סוכרלוז 100שקיות,"ביסקול בע""מ",IL,סוכרזית סוכרלוז 100שקיות,גרמים,100.00,100 גרם,false,0,21.70,21.70,true,1,
7290014725348,false,סוכרזית קלאסי 100 שקיות,"ביסקול בע""מ",IL,סוכרזית קלאסי,גרמים,130.00,100 גרם,false,0,15.80,12.15,true,1,
7290014745551,false,שניצל מספרים ע.טוב 100%,עוף טוב,IL,שניצל מספרים,גרמים,700.00,100 גרם,false,0,37.70,5.39,true,1,
7290014745919,false,ע. ט. שניצל עוף דק700גרם,עוף טוב,IL,עוף ט. שניצל עוף,גרמים,700.00,100 גרם,false,0,42.50,6.07,true,1,
7290014746466,false,שניצל דק מופחת מלח ע.ט.,אסם,IL,שניצל דק מופח מל,גרמים,700.00,100 גרם,false,1,42.50,6.07,true,1,
7290014746480,false,אצבעות שניצל שומשום מופח,אסם,IL,אצבעות שניצל שומ,גרמים,700.00,100 גרם,false,1,39.60,5.66,true,1,
7290014746565,false,שניצל מעודן מופח מלח ע.ט,אסם,IL,שניצל מעודן,גרמים,700.00,100 גרם,false,1,46.50,6.64,true,1,
7290014758100,false,יוגורט ביו 8 יח,,IL,יוגורט ביו 8 יח,קילוגרמים,1.20,"ק""ג",false,0,16.00,13.33,true,1,
7290014758117,false,יוגורט ביו 8 יח,,IL,יוגורט ביו 8 יח,קילוגרמים,1.20,"ק""ג",false,0,16.00,13.33,true,1,
7290014758308,false,יוגורט עיזים ביו,,IL,יוגורט עיזים ביו,גרמים,150.00,100 גרם,false,0,6.40,4.27,true,1,
7290014758681,false,קוטג 1% 250 גרם,,IL,קוטג 1% 250 גרם,גרמים,250.00,100 גרם,false,0,5.80,2.32,true,1,
7290014759534,false,בולגרית מריחה5%פיראוס200,,IL,בולגרית מריחה5%פיראוס200,גרמים,200.00,100 גרם,false,0,14.30,7.15,true,1,
7290014759978,false,קולאז' קצ'קבל/גלעד 200ג,,IL,קולאז' קצ'קבל/גלעד 200ג,גרמים,200.00,100 גרם,false,0,26.70,13.35,true,1,
7290014760141,false,משקה שקדים טרי 1 ליטר,סוי מג'יק,IL,משקה שקדים,ליטרים,1.00,ליטר,false,1,14.80,14.80,true,1,
7290014761070,false,יולו שוקולד לבן,,IL,יולו שוקולד לבן,גרמים,123.00,100 גרם,false,0,4.50,3.66,true,1,
7290014761193,false,פרילי פירות יער 125 גרם,תנובה,IL,פרילי פירות יער,גרמים,125.00,100 גרם,false,0,3.60,2.88,true,1,
7290014762367,false,יופלה סיידר תפוח3% 150גר,תנובה,IL,יופלה סיידר תפוח,גרמים,150.00,100 גרם,false,1,5.20,3.47,true,1,
7290014762459,false,יופלה סלט פירות 3% 150 ג,תנובה,IL,יופלה סלט פירות,גרמים,150.00,100 גרם,false,1,5.20,3.47,true,1,
7290014791558,false,שוופס סודה נענע לי1.5*4ל,יפאורה שותפות מובגלת לשיווק,IL,שוופס סודה נענע לי1.5*4ל,ליטרים,6.00,ליטר,false,0,11.90,1.98,true,1,
7290014791787,false,פרוט ווטר אננס 1.5 ליטר,יפאורה שותפות מובגלת לשיווק,IL,פרוט ווטר אננס 1.5 ליטר,ליטרים,1.50,ליטר,false,1,6.00,4.00,true,1,
7290014940086,false,הלחמניה להמבורגר 50*8ג,מאפיית שלמה א. אנג'ל,IL,הלחמניה להמבורגר 50*8ג,גרמים,400.00,100 גרם,false,0,12.20,3.05,true,1,
7290014940093,false,הלחמניה הקלה 54*6 גרם,מאפיית שלמה א. אנג'ל,IL,הלחמניה הקלה 54*6 גרם,גרמים,324.00,100 גרם,false,0,13.40,4.14,true,1,
7290014940581,false,לחם קימל 650 גרם,מאפיית שלמה א. אנג'ל,IL,לחם קימל 650 גרם,גרמים,650.00,100 גרם,false,1,14.80,2.28,true,1,
7290014940901,false,לחם פשוט מלא 750 גרם,מאפיית שלמה א. אנג'ל,IL,לחם מלא,גרמים,750.00,100 גרם,false,1,12.80,1.71,true,1,
7290014949652,false,מעדן פרי תות ל.ת.סוכר250,"מעבדות מטרנה בע""מ",BE,מעדן פרי תות ל.ת.סוכר250,גרמים,250.00,100 גרם,false,0,15.20,6.08,true,1,
7290014949669,false,"מעדן פרי דובדבן ללת""ס250","מעבדות מטרנה בע""מ",BE,"מעדן פרי דובדבן ללת""ס250",גרמים,250.00,100 גרם,false,0,15.20,6.08,true,1,
7290014960145,false,עוגיות אוזני פיל 150 גרם,לחם יין,IL,עוגיות אוזני פיל,גרמים,150.00,100 גרם,false,1,14.90,9.93,true,1,
7290014960466,false,עוגיות לב ריבה 250 גרם,לחם יין,IL,עוגיות ריבה,גרמים,250.00,100 גרם,false,1,14.90,5.96,true,1,
7290015039130,false,חמאה בלגית ללא מלח 200ג,,BE,חמאה בלגית ללא מלח 200ג,גרמים,200.00,100 גרם,false,0,8.10,4.05,true,1,
7290015039406,false,נתחי טונה בשמן זית160*3ג,טרופיקל,TH,טונה בשמן זית3יח,גרמים,480.00,100 גרם,false,1,23.70,4.94,true,1,
7290015039697,false,בייגל צ'יפס טעם שום 80גר,טוטיס פודס,GR,בייגל צ'יפס טעם שום 80גר,גרמים,80.00,100 גרם,false,1,5.50,6.88,true,1,
7290015055000,false,שרי יובל ליקופן,,IL,שרי יובל ליקופן,יחידה,1.00,יחידה,false,0,11.00,11.00,true,1,
7290015139069,false,מטבעות שוק.חלב מדבקה42ג,כרמית,IL,מטבעות שוקולד,גרמים,42.00,100 גרם,false,0,5.80,13.81,true,1,
7290015139229,false,מטבעות שוקולד זהב סגול42,כרמית,IL,מטבעות שוקולד,גרמים,42.00,100 גרם,false,1,5.80,13.81,true,1,
7290015139342,false,מארז נר חנוכה ללא גלוטן,כרמית,IL,מארז נר חנוכה,גרמים,90.00,100 גרם,false,1,9.90,11.00,true,1,
7290015139359,false,מארז חנוכה בית גרם117גרם,כרמית,IL,מארז חנוכה בית,יחידה,1.00,יחידה,false,1,7.90,7.90,true,1,
7290015150033,false,תה ירוק ספייסי נענע 25שק,ויסוצקי,IL,תה ירוק ספייסי נענע 25שק,גרמים,38.00,100 גרם,false,0,21.90,57.63,true,1,
7290015150057,false,ביסקוויט סנדוויץ שוקו240,אלגוריאגה ברנדס,ES,ביסקוויט סנדוויץ,גרמים,240.00,100 גרם,false,1,8.80,3.67,true,1,
7290015150064,false,ביסקוויט סנדוויץ וניל240,אלגוריאגה ברנדס,ES,ביסקוויט סנדוויץ,גרמים,240.00,100 גרם,false,1,8.80,3.67,true,1,
7290015150095,false,ויסוצקידס ענבים 20 שק',ויסוצקי,IL,ויסוצקידס ענבים,גרמים,54.00,100 גרם,false,0,12.90,23.89,true,1,
7290015150583,false,תה ירוק לימון ודבש 25שק',ויסוצקי,IL,תה ירוק ויסוצקי,גרמים,37.00,100 גרם,false,1,21.90,59.19,true,1,
7290015150590,false,תה ירוק ג'ינג'ר חריף25שק,ויסוצקי,IL,תה ירוק ויסוצקי,גרמים,37.00,100 גרם,false,1,21.90,59.19,true,1,
7290015150613,false,חליטת קינמון ליקריץ20שק',ויסוצקי,IL,חליטת חורף,גרמים,48.00,100 גרם,false,1,14.90,31.04,true,1,
7290015257909,false,20 מפיות מודפסות 33*33,.,CN,מפיות מודפסות,יחידה,1.00,יחידה,false,1,7.90,7.90,true,1,
7290015324007,false,פלפל שחור גרוס בשקית80ג,תבליני טעם וריח,IL,פלפל שחור גרוס בשקית80ג,גרמים,80.00,100 גרם,false,0,15.20,19.00,true,1,
7290015324014,false,פלפל שחור טחון בשקית80ג,תבליני טעם וריח,IL,פלפל שחור טחון בשקית80ג,גרמים,80.00,100 גרם,false,0,15.20,19.00,true,1,
7290015324052,false,פפריקה מתוקה בשקית 80גרם,תבליני טעם וריח,IL,פפריקה מתוקה בשקית 80גרם,גרמים,80.00,100 גרם,false,0,6.10,7.63,true,1,
7290015324069,false,גריל עוף בשקית 80 גרם,תבליני טעם וריח,IL,גריל עוף בשקית 80 גרם,גרמים,80.00,100 גרם,false,0,6.80,8.50,true,1,
7290015324205,false,מרינדה עוף פיקנטי 25 גרם,תבליני טעם וריח,IL,מרינדה עוף פיקנטי 25 גרם,גרמים,25.00,100 גרם,false,0,2.90,11.60,true,1,
7290015395045,false,קינואה 400 גרם,שקדיה,IL,קינואה,גרמים,400.00,100 גרם,false,0,18.70,4.68,true,1,
7290015642309,false,פילה מטיאס 400 גרם,מעדני מיקי,IL,פילה מטיאס,גרמים,400.00,100 גרם,false,0,21.00,5.25,true,1,
7290015642323,false,מטיאס פרובנציאל 400 גרם,מעדני מיקי,IL,מטיאס פרובנציאל,גרמים,400.00,100 גרם,false,0,22.00,5.50,true,1,
7290015766005,false,עגבניות וויטני,,IL,עגבניות וויטני,יחידה,1.00,יחידה,false,0,9.90,9.90,true,1,
7290055090597,false,מטבעות שוקולד לבן 42 גרם,כרמית,IL,מטבעות שוקולד,גרמים,42.00,100 גרם,false,0,5.80,13.81,true,1,
7290055090764,false,מארז סביבון גדול 125 גרם,כרמית,IL,מארז סביבון,גרמים,125.00,100 גרם,false,0,5.90,4.72,true,1,
7290055090863,false,סביבון מטבעות 68 גרם,כרמית,IL,סביבון מטבעות,גרמים,68.00,100 גרם,false,0,5.90,8.68,true,1,
7290100243664,false,"בדין אקסטרה סגול 960 מ""ל",יוניליוור,TR,מרכך כביסה בדין,מיליליטרים,960.00,"100 מ""ל",false,0,19.90,2.07,true,1,
7290100243671,false,"בדין אקסטרה כחול 960 מ""ל",יוניליוור,TR,מרכך כביסה בדין,מיליליטרים,960.00,"100 מ""ל",false,0,19.90,2.07,true,1,
7290100243688,false,"בדין אקסטרה ורוד 960 מ""ל",יוניליוור,TR,מרכך כביסה בדין,מיליליטרים,960.00,"100 מ""ל",false,0,19.90,2.07,true,1,
7290100244586,false,רוטב אלף האיים לייט290מל,יוניליוור,IL,אלף האיים לייט,מיליליטרים,290.00,"100 מ""ל",false,0,10.00,3.45,true,1,
7290100244616,false,רוטב לסלט חרדל ודבש290מל,יוניליוור,IL,רוטב חרדל ודבש,מיליליטרים,290.00,"100 מ""ל",false,0,10.00,3.45,true,1,
7290100247068,false,תחליב פינוק לבנד.וניל700,יוניליוור,IL,תחליב רחצה פינוק,מיליליטרים,700.00,"100 מ""ל",false,0,9.90,1.41,true,1,
7290100247556,false,קורנפלקס ללא גלוטן 500גר,יוניליוור,IT,קורנפלקס תלמה,גרמים,500.00,100 גרם,false,0,24.70,4.94,true,1,
7290100247761,false,מרק עגבניות עם אורז105גר,יוניליוור,IL,מרק עגבניות,גרמים,105.00,100 גרם,false,0,8.00,7.62,true,1,
7290100247778,false,מרק פטריות מוקרם 79 גרם,יוניליוור,IL,מרק פטריות,גרמים,79.00,100 גרם,false,0,8.00,10.13,true,1,
7290100247785,false,מרק תירס מוקרם 83 גרם,יוניליוור,IL,מרק תירס מוקרם,גרמים,83.00,100 גרם,false,0,8.00,9.64,true,1,
7290100247822,false,נמס בכוס פטריות אקסטרה32,יוניליוור,IL,נמס בכוס פטריות,גרמים,32.00,100 גרם,false,0,4.90,15.31,true,1,
7290100249383,false,מרק פטריות 400 גרם,יוניליוור,IL,מרק פטריות,גרמים,400.00,100 גרם,false,0,16.90,4.23,true,1,
7290100249390,false,מרק טעם עוף ר.טבעיים400ג,יוניליוור,IL,מרק טעם עוף,גרמים,400.00,100 גרם,false,0,19.70,4.93,true,1,
7290100410912,false,פצירה חשמלית,ניאופרם,IL,פצירה חשמלית,יחידה,1.00,יחידה,false,1,74.30,74.30,true,1,
7290100653593,false,ליידי ס.סטיק24/7ג'ל ירוק,קולגייט-פלמוליב,US,דאודורנט,גרמים,65.00,100 גרם,false,0,32.60,50.15,true,1,
7290100680711,false,פירורית זהב 350 גרם,עינת,IL,פירורית זהב אסם,גרמים,350.00,100 גרם,false,0,9.40,2.69,true,1,
7290100680889,false,קרם קרקר חיטה מלאה 300גר,אסם,IL,קרקר חיטה מלאה,גרמים,300.00,100 גרם,false,0,11.60,3.87,true,1,
7290100681015,false,אינסטנ.פודינג ריבת חלב84,אסם,IL,אינסטנט פודינג,גרמים,84.00,100 גרם,false,0,5.70,6.79,true,1,
7290100681114,false,"רוטב סויה סיני אסם600מ""ל",אסם,IL,רוטב סויה אסם,מיליליטרים,600.00,"100 מ""ל",false,0,18.70,3.12,true,1,
7290100683217,false,"ויטמינצ'יק תפו""ע 2 ליטר",בית השיטה,IL,"ויטמינצ'יק תפו""ע",ליטרים,2.00,ליטר,false,0,24.70,12.35,true,1,
7290100683880,false,פירה 260 גרם,אסם,IL,פירה אסם,גרמים,260.00,100 גרם,false,0,16.10,6.19,true,1,
7290100686164,false,ביסלי ברביקיו 35*6 גרם,אסם,IL,ביסלי מארז 6 יח,גרמים,210.00,100 גרם,false,0,13.80,6.57,true,1,
7290100686171,false,ביסלי גריל 6 * 35 גרם,אסם,IL,ביסלי מארז 6 יח,גרמים,210.00,100 גרם,false,0,13.80,6.57,true,1,
7290100689035,false,פייבר וואן 460 גרם,ג'נרל מילס,US,פייבר וואן,גרמים,460.00,100 גרם,false,0,20.90,4.54,true,1,
7290100689264,false,האני נאט צ'יריוס 615 גרם,ג'נרל מילס,US,הני נאט צ'יריוס,גרמים,615.00,100 גרם,false,0,15.00,2.44,true,1,
7290100700075,false,פירורי לחם מוזהבים200ג,סוגת,IL,פירורי לחם מוזהב,גרמים,200.00,100 גרם,false,0,4.60,2.30,true,1,
7290100700242,false,"אורז מלא עגול סוגת 1 ק""ג",סוגת,IL,אורז מלא עגול,קילוגרמים,1.00,"ק""ג",false,0,9.80,9.80,true,1,
7290100700396,false,"אורז יסמין קלאסי 1 ק""ג",סוגת,IL,אורז יסמין סוגת,קילוגרמים,1.00,"ק""ג",false,0,10.90,10.90,true,1,
7290100700402,false,"חומוס ענק 1 ק""ג",סוגת,IL,חומוס ענק,קילוגרמים,1.00,"ק""ג",false,0,16.80,16.80,true,1,
7290100700563,false,"אורז מיקס קלאסי 1 ק""ג",סוגת,IL,אורז מיקס,קילוגרמים,1.00,"ק""ג",false,0,17.40,17.40,true,1,
7290100700587,false,בורגול 500 גרם,סוגת,IL,בורגול 500 גרם,גרמים,500.00,100 גרם,false,0,6.80,1.36,true,1,
7290100701157,false,"אורז להכנת סושי 1 ק""ג",סוגת,IL,אורז להכנת סושי,קילוגרמים,1.00,"ק""ג",false,0,14.80,14.80,true,1,
7290100701324,false,"סוכר דק דק 1 ק""ג",סוגת,IL,סוכר דק דק,קילוגרמים,1.00,"ק""ג",false,0,7.30,7.30,true,1,
7290100702628,false,פתיתים אפויים קוסקוס500ג,אסיף תעשיות מזון,IL,פתיתים סוגת,גרמים,500.00,100 גרם,false,0,5.20,1.04,true,1,
7290100850008,false,שוקולד חלב+סוכ.קופצות85ג,עלית,IL,שוקולד וסוכריות,גרמים,85.00,100 גרם,false,0,6.60,7.76,true,1,
7290100850343,false,מיני מקופלת 200 גרם,עלית,IL,מיני מקופלת,גרמים,200.00,100 גרם,false,0,16.40,8.20,true,1,
7290100850411,false,מיקס חטיפים 190 גרם,שטראוס,IL,מיקס חטיפים 190 גרם,גרמים,190.00,100 גרם,false,0,16.40,8.63,true,1,
7290100850459,false,מיקס חטיפים 390 גרם,עלית,IL,מיקס חטיפים 390 גרם,גרמים,390.00,100 גרם,false,0,24.70,6.33,true,1,
7290100850466,false,מיקס פסק זמן 390 גרם,שטראוס,IL,מיקס פסק זמן 390 גרם,גרמים,390.00,100 גרם,false,0,24.70,6.33,true,1,
7290100850909,false,דוריטוס נאצ'ו מקסיקני70ג,עלית,IL,דוריטוס נאצ'ו,גרמים,70.00,100 גרם,false,0,3.90,5.57,true,1,
7290100850916,false,דוריטוס חמוץ חריף 70 גרם,עלית,IL,דוריטוס חמוץ ח,גרמים,70.00,100 גרם,false,0,3.90,5.57,true,1,
7290100850923,false,דוריטוס גריל 70 גרם,עלית,IL,דוריטוס גריל 70 גרם,גרמים,70.00,100 גרם,false,0,3.90,5.57,true,1,
7290100850930,false,דוריטוס דיפ טבעי 70 גרם,עלית,IL,חטיף דוריטוס דיפ,גרמים,70.00,100 גרם,false,0,3.90,5.57,true,1,
7290100854266,false,שוקולד מריר 60%קקאו100ג,עלית,IL,שוקולד מריר,גרמים,100.00,100 גרם,false,0,8.70,8.70,true,1,
7290100858653,false,מיקס חטיפים סגול 390 גרם,שטראוס,IL,מיקס חטיפים סגול 390 גרם,גרמים,390.00,100 גרם,false,0,24.70,6.33,true,1,
7290100923108,false,תח.הוואי יוגורט וניל750מ,טרופיקל דגיל,IL,תחליב רחצה הוואי,מיליליטרים,750.00,"100 מ""ל",false,0,9.90,1.32,true,1,
7290100923122,false,תח.רחצה הוואי יוגורט 750,טרופיקל דגיל,IL,תחליב רחצה הוואי,מיליליטרים,750.00,"100 מ""ל",false,0,9.90,1.32,true,1,
7290100923146,false,תחליב רחצה הוואי משי750מ,טרופיקל דגיל,IL,תחליב רחצה הוואי,מיליליטרים,750.00,"100 מ""ל",false,0,9.90,1.32,true,1,
7290100928639,false,נוזל לרצפות כחול 2ל,,IL,נוזל לרצפות כחול 2ל,ליטרים,2.00,ליטר,false,0,17.90,8.95,true,1,
7290100929735,false,מרכך מרוכז ארומה,,IL,מרכך מרוכז ארומה,מיליליטרים,900.00,"100 מ""ל",false,0,17.20,1.91,true,1,
7290101110149,false,גל.וניל עם נטיפי שוק.כשל,גלידות פלדמן,IL,גל.פלדמן,ליטרים,1.30,ליטר,false,0,23.70,18.23,true,1,
7290101111597,false,מאגדת יוגורט פסיפלורה 6י,גלידות פלדמן,IL,מאגדת יוגורט,גרמים,420.00,100 גרם,false,0,26.30,6.26,true,1,
7290101112433,false,מאגדת מיקס חטיפים6יח',פלקו,IL,מאגדת מיקס,יחידה,1.00,יחידה,false,6,19.70,19.70,true,1,
7290101130864,false,"סט 4 מגשיות מחולק+סכו""ם",,CN,"סט 4 מגשיות מחולק+סכו""ם",יחידה,1.00,יחידה,false,0,10.00,10.00,true,1,
7290101418627,false,מגן משטחים שקוף 100*45סמ,מרקט וליום,CN,מגן משטחים,יחידה,1.00,יחידה,false,1,9.90,9.90,true,1,
7290101482208,false,משקה אורז טבעי 1ליטר,היין,BE,משקה אורז,ליטרים,1.00,ליטר,false,0,17.40,17.40,true,1,
7290101487470,false,לייד ס.סטיק אלוורה כחול,קולגייט-פלמוליב,US,לייד ס.סטיק אלוורה כחול,גרמים,45.00,100 גרם,false,0,19.90,44.22,true,1,
7290101488286,false,ליידי ס.סטיק 24/7ורוד150,קולגייט-פלמוליב,MX,ליידי ספיד סטיק,מיליליטרים,150.00,"100 מ""ל",false,0,14.90,9.93,true,1,
7290101489306,false,משקה שיבולת שועל 1 ליטר,היין,IL,משקה שיבולת שועל,ליטרים,1.00,ליטר,false,0,16.90,16.90,true,1,
7290101864127,false,וניש קליה ספריי 750מל,רקיט בנקיזר,PL,וניש קליה ספריי,מיליליטרים,750.00,"100 מ""ל",false,0,9.90,1.32,true,1,
7290101866176,false,קולון101 ג'ל כביסה3ליטר,רקיט בנקיזר,,קולון ג'ל,ליטרים,3.00,ליטר,false,0,20.00,6.67,true,1,
7290101868972,false,פיניש AIO הכל ב1 24 טבלי,רקיט בנקיזר,PL,פיניש טבליות,יחידה,1.00,יחידה,false,1,24.90,24.90,true,1,
7290102064403,false,משחת מרידול הליטוזיס 75מ,קולגייט-פלמוליב,DE,משחת מרידול,מיליליטרים,75.00,"100 מ""ל",false,0,21.60,28.80,true,1,
7290102390489,false,"יוגורט לימון מולר 150מ""ל",טרה,IL,יוגורט לימון,מיליליטרים,150.00,"100 מ""ל",false,0,5.20,3.47,true,1,
7290102393039,false,יוג.מולר מיקס פצפוצים150,טרה,IL,יוגורט מולר מיקס,גרמים,150.00,100 גרם,false,0,5.90,3.93,true,1,
7290102393190,false,יוג.פירות יער+פרי3% 150ג,טרה,IL,יוגורט מולר,גרמים,150.00,100 גרם,false,0,4.90,3.27,true,1,
7290102393268,false,גבינה לבנה 5% 750 גרם,טרה,IL,גבינה לבנה 5%,גרמים,750.00,100 גרם,false,0,13.30,1.77,true,1,
7290102393848,false,יוגורט עיזים עם תות 150ג,משק צוריאל תבור,IL,יוגורט עיזים,גרמים,150.00,100 גרם,false,0,6.00,4.00,true,1,
7290102393855,false,יוגורט עיזים+אפרסק 150גר,משק צוריאל תבור,IL,יוגורט עיזים,גרמים,150.00,100 גרם,false,0,6.00,4.00,true,1,
7290102394449,false,גב.צהובה22%נעם ואקום200ג,טרה,IL,גבינה צהובה 22%,גרמים,200.00,100 גרם,false,0,13.90,6.95,true,1,
7290102394821,false,ג.צהובה נעם דק דק28% 200,טרה,IL,גבינה צהובה דק,גרמים,200.00,100 גרם,false,0,15.70,7.85,true,1,
7290102395217,false,יוג.ביאנקו2%מעודן150*8ג',טרה,IL,יוגורט ביאנקו 8י,קילוגרמים,1.20,"ק""ג",false,0,19.20,16.00,true,1,
7290102395231,false,יוגורט ביאנקו2.8% 150*8ג,טרה,IL,יוגורט ביאנקו 8י,קילוגרמים,1.20,"ק""ג",false,0,18.30,15.25,true,1,
7290102395378,false,גבינה צהובה28%ואקום 360ג,טרה,IL,גבינה צהובה 28%,גרמים,360.00,100 גרם,false,0,19.90,5.53,true,1,
7290102395408,false,נועם גב.צהובה 28% במשקל,טרה,IL,גבינת נועם 28%,קילוגרמים,0.00,"ק""ג",true,0,39.90,39.90,true,1,
7290102395415,false,נועם גב.צהובה9%חריץ משקל,טרה,IL,נועם גב.צהובה9%חריץ משקל,קילוגרמים,0.00,"ק""ג",true,0,65.00,65.00,true,1,
7290102395477,false,מו שוקולד וקצפת 123 גרם,טרה,IL,מו שוקולד וקצפת,גרמים,123.00,100 גרם,false,0,2.90,2.36,true,1,
7290102395521,false,"שמנת לבישול פקק 500 מ""ל",טרה,IL,"שמנת לבישול פקק 500 מ""ל",מיליליטרים,500.00,"100 מ""ל",false,0,15.80,3.16,true,1,
7290102396245,false,יוגורט נטורל+פ.יער 150ג,טרה,IL,יוגורט נטורל,גרמים,150.00,100 גרם,false,1,4.20,2.80,true,1,
7290102396252,false,יוגורט נטורל3% אננס 150ג,טרה,IL,יוגורט נטורל,גרמים,150.00,100 גרם,false,1,4.20,2.80,true,1,
7290102396436,false,מעדן שוקולד מוו1.5% 125ג,טרה,IL,מעדן שוקולד,גרמים,125.00,100 גרם,false,0,2.90,2.32,true,1,
7290102396443,false,מעדן וניל מוו1.5% 125גרם,טרה,IL,מעדן וניל,גרמים,125.00,100 גרם,false,0,2.90,2.32,true,1,
7290102396597,false,מעדן מו וניל+מוס שוק123ג,טרה,IL,מעדן מו וניל,גרמים,123.00,100 גרם,false,0,2.80,2.28,true,1,
7290102396672,false,גב.צהובה נעם דק9% 360גרם,טרה,IL,גבינה צהובה נעם,גרמים,360.00,100 גרם,false,1,26.90,7.47,true,1,
7290102396764,false,שוקו מוו קרטון 2 ליטר,טרה,IL,שוקו מוו 2 ליטר,ליטרים,2.00,ליטר,false,0,21.30,10.65,true,1,
7290102397204,false,גב.צהובה נעם דק 22% 200ג,טרה,IL,גבינה צהובה נעם,גרמים,200.00,100 גרם,false,1,15.70,7.85,true,1,
7290102457052,false,מקל מעץ הברגה 1.5 מטר,,,מקל מעץ הברגה 1.5 מטר,יחידה,1.00,יחידה,false,0,13.90,13.90,true,1,
7290103120658,false,ספיד סטיק ג'ל 24/7 שחור,קולגייט-פלמוליב,US,דאודורנט,גרמים,85.00,100 גרם,false,0,35.00,41.18,true,1,
7290103124601,false,פלמוליב חלב ודבש משאב750,קולגייט-פלמוליב,TH,סבון פלמוליב,מיליליטרים,750.00,"100 מ""ל",false,0,15.90,2.12,true,1,
7290103126674,false,משחה קולגייט הרבל ג'ל100,קולגייט-פלמוליב,BR,משחת שיניים,מיליליטרים,100.00,"100 מ""ל",false,0,14.80,14.80,true,1,
7290103402815,false,אצבעות שוקולד+קרם חלב96ג,עלית,IL,אצבעות שוקולד,גרמים,96.00,100 גרם,false,0,8.10,8.44,true,1,
7290103402839,false,אצבעות שוקולד+עדשים96גרם,עלית,IL,אצבעות שוקולד,גרמים,96.00,100 גרם,false,0,8.10,8.44,true,1,
7290103403997,false,אנרג'י שייפ אגוז+שוק25*6,עלית,IL,חטיפי אנרג'י 6יח,גרמים,156.00,100 גרם,false,0,18.50,11.86,true,1,
7290103404758,false,סלט כרוב אדום יום יום120,שטראוס,IL,כרוב אדום אחלה,גרמים,120.00,100 גרם,false,0,5.40,4.50,true,1,
7290103405946,false,שושים שוקולד 60 גרם,עלית,IL,שושים שוקולד,גרמים,60.00,100 גרם,false,0,4.40,7.33,true,1,
7290103407223,false,אצבעות שוק+סוכ.קופצות96ג,עלית,IL,אצבעות שוקולד,גרמים,96.00,100 גרם,false,0,8.10,8.44,true,1,
7290103680244,false,"יין פנינים רוזה 750 מ""ל",יקב תבור,IL,"יין פנינים רוזה 750 מ""ל",מיליליטרים,750.00,"100 מ""ל",false,0,37.90,5.05,true,1,
7290104060403,false,מסטיק מאסט בזוקה ענבים28,עלית,IL,מסטיק מאסט בזוקה,גרמים,28.00,100 גרם,false,0,4.60,16.43,true,1,
7290104061417,false,חומוס עם טחינה אחלה 400ג,שטראוס,IL,חומוס עם טחינה אחלה 400ג,גרמים,400.00,100 גרם,false,0,11.90,2.98,true,1,
7290104061448,false,חומוס עם חריף אחלה 400 ג,שטראוס,IL,חומוס עם חריף אחלה 400 ג,גרמים,400.00,100 גרם,false,0,11.90,2.98,true,1,
7290104061455,false,סוכריות טופי פרצופי 42גר,שטראוס,IL,סוכריות טופי,גרמים,22.00,100 גרם,false,1,2.50,11.36,true,1,
7290104068546,false,מסטיק מאסט פליפ קולה28גר,עלית,IL,מסטיק מאסט,גרמים,28.00,100 גרם,false,0,4.60,16.43,true,1,
7290104068676,false,תפוצ'יפס קידס 45 גרם,עלית,IL,תפוצ'יפס קידס,גרמים,45.00,100 גרם,false,0,3.20,7.11,true,1,
7290104502903,false,ביסקוויט ללא גלוטן 200גר,אסם,IL,ביסקוויט,גרמים,200.00,100 גרם,false,0,13.00,6.50,true,1,
7290104504228,false,מיני דובונים 20*5 גרם,אסם,,מיני דובונים 5יח,גרמים,100.00,100 גרם,false,0,14.60,14.60,true,1,
7290104570162,false,תמר כבוש500גרם,ששון,IL,תמר כבוש500גרם,גרמים,500.00,100 גרם,false,0,19.90,3.98,true,1,
7290104720499,false,דני וניל 125*8 גרם,שטראוס,IL,דני וניל 8 יח',קילוגרמים,1.00,"ק""ג",false,0,16.30,16.30,true,1,
7290104721533,false,רצועות פלפלים קלויים400ג,שטראוס,IL,רצועות פלפלים,גרמים,400.00,100 גרם,false,0,16.50,4.13,true,1,
7290104722509,false,רבע לשבע מריר 120 גרם,עלית,IL,רבע לשבע מריר,גרמים,120.00,100 גרם,false,0,13.40,11.17,true,1,
7290104723674,false,קפה נמס מיובש בהקפאה200ג,עלית,IL,קפה נמס מיובש,גרמים,200.00,100 גרם,false,0,29.60,14.80,true,1,
7290104724190,false,גב.סימפוניה פימנטה5% 200,שטראוס,IL,גב.סימפוניה פימנטה5% 200,גרמים,200.00,100 גרם,false,1,12.40,6.20,true,1,
7290104725845,false,דנכול בטעם מעודן 100*6ג,שטראוס,IL,דנכול 6 יח,גרמים,600.00,100 גרם,false,0,22.70,3.78,true,1,
7290104726231,false,מעדן JOY וניל 160 גרם,שטראוס,IL,מעדן JOY וניל,גרמים,160.00,100 גרם,false,0,4.30,2.69,true,1,
7290104726712,false,מארז מילקי ט.שוקולד170*8,שטראוס,IL,מארז מילקי 8 יח',ליטרים,1.36,ליטר,false,0,21.20,15.59,true,1,
7290104727252,false,פסטו בזיליקום ואגוז140גר,שטראוס,IL,פסטו בזיליקום,גרמים,140.00,100 גרם,false,0,12.80,9.14,true,1,
7290104728242,false,צ'יקו תחליף קפה 130 גרם,עלית,IL,צ'יקו תחליף קפה 130 גרם,גרמים,130.00,100 גרם,false,0,26.20,20.15,true,1,
7290104728310,false,שמנת עמידה לקצפת38% 250מ,יטבתה,IL,שמנת עמידה לקצפת38% 250מ,גרמים,250.00,100 גרם,false,0,6.20,2.48,true,1,
7290104729010,false,לבן בטעם תות 100 גרם,יטבתה,IL,לבן בטעם תות,גרמים,100.00,100 גרם,false,0,1.40,1.40,true,1,
7290104729539,false,אנרג'י אגוזים+שוק.חלב6יח,שטראוס,IL,חטיפי אנרג'י,גרמים,180.00,100 גרם,false,0,18.50,10.28,true,1,
7290104850042,false,כפות מוכספות,,IL,כפות מוכספות,יחידה,1.00,יחידה,false,0,6.80,6.80,true,1,
7290104960239,false,סבון נקה7 ארומה לבן 750מ,אמיליה קוסמטיקס,IL,תחליב רחצה נקה 7,מיליליטרים,750.00,"100 מ""ל",false,0,9.90,1.32,true,1,
7290104960246,false,תחליב רח.נקה 7 ורוד 750,אמיליה קוסמטיקס,IL,תחליב רחצה נקה 7,מיליליטרים,750.00,"100 מ""ל",false,0,9.90,1.32,true,1,
7290104961533,false,טיטניום ספריי בלק 150מ,קרליין,IL,טיטניום ספריי,מיליליטרים,150.00,"100 מ""ל",false,0,25.20,16.80,true,1,
7290104962844,false,"שמפו אמפולה נטורל 400מ""ל",קוסמופארם,IL,שמפו אמפולה,מיליליטרים,400.00,"100 מ""ל",false,1,30.00,7.50,true,1,
7290104962851,false,"מרכך אמפולה נטורל 400מ""ל",קוסמופארם,IL,מרכך אמפולה,מיליליטרים,400.00,"100 מ""ל",false,1,30.00,7.50,true,1,
7290105360755,false,"שמן זית 3 חזק 750 מ""ל",יד מרדכי,IL,"שמן זית 3 חזק 750 מ""ל",מיליליטרים,750.00,"100 מ""ל",false,0,39.90,5.32,true,1,
7290105361578,false,החומוסיה של אבי יפו400גר,שטראוס,IL,החומוסיה של אבי יפו400גר,גרמים,400.00,100 גרם,false,0,15.80,3.95,true,1,
7290105362193,false,עוגות אישיות מגולגלות245,עלית,IL,עוגות אישיות,גרמים,245.00,100 גרם,false,0,15.80,6.45,true,1,
7290105362339,false,שמנת לבישול15%מהדרין250,שטראוס,IL,שמנת לבישול15%מהדרין250,מיליליטרים,250.00,"100 מ""ל",false,0,9.00,3.60,true,1,
7290105364883,false,ביסקוויט עד חצות לבן200ג,עלית,IL,ביסקוויט עד חצות,גרמים,200.00,100 גרם,false,0,14.70,7.35,true,1,
7290105366047,false,טחינה לבנה 400 גרם,שטראוס,IL,טחינה לבנה 400 גרם,גרמים,400.00,100 גרם,false,0,16.50,4.13,true,1,
7290105367020,false,סימפוניה טבעי 25% 210גרם,שטראוס,IL,גבינת סימפוניה,גרמים,210.00,100 גרם,false,0,13.20,6.29,true,1,
7290105367297,false,יוגורט מ.מעודנת2% 150גר,שטראוס,IL,יוגורט דנונה2%,גרמים,150.00,100 גרם,false,0,3.10,2.07,true,1,
7290105368171,false,מילקישייק ט.שוק.וקצפת143,שטראוס,IL,מילקי שייק,גרמים,143.00,100 גרם,false,0,5.00,3.50,true,1,
7290105368331,false,"מילקי בטעם תות 170 מ""ל",שטראוס,IL,מילקי טעם תות,מיליליטרים,170.00,"100 מ""ל",false,0,2.80,1.65,true,1,
7290105368355,false,מילקי שוקולד עשיר 133גרם,שטראוס,IL,מילקי שוקולד,גרמים,133.00,100 גרם,false,1,4.00,3.01,true,1,
7290105368379,false,מילקי שוקולד ופצופצים133,שטראוס,IL,מילקי שוקולד,גרמים,133.00,100 גרם,false,1,4.00,3.01,true,1,
7290105368386,false,מילקי וניל ופצופצים133ג,שטראוס,IL,מילקי וניל,גרמים,133.00,100 גרם,false,1,4.00,3.01,true,1,
7290105368485,false,חומוס לניגוב+מטבוחה 400ג,שטראוס,IL,חומוס לניגוב,גרמים,400.00,100 גרם,false,0,11.90,2.98,true,1,
7290105368881,false,חלב יטבתה מועשר3% 1.75ל,שטראוס,IL,חלב יטבתה מועשר3% 1.75ל,ליטרים,1.75,ליטר,false,0,15.40,8.80,true,1,
7290105368959,false,פונץ בננה+פקק מהדרין250מ,שטראוס,IL,משקה פונץ' בננה,מיליליטרים,250.00,"100 מ""ל",false,0,5.40,2.16,true,1,
7290105435989,false,"אייר פופס חטיף תפו""א40ג",דיאבטיקום,IL,אייר פופס,גרמים,40.00,100 גרם,false,0,5.50,13.75,true,1,
7290105436023,false,"איר פופס חט.תפו""א גריל40",דיאבטיקום,IL,אייר פופס,גרמים,40.00,100 גרם,false,0,5.50,13.75,true,1,
7290105474056,false,לה קט מעדן סלמון 155ג,PRODUCTS FOOD HIQ,IL,לה קט מעדן מוס,גרמים,155.00,100 גרם,false,0,6.80,4.39,true,1,
7290105474124,false,"בונזו מחולק 12 ק""ג",ביופט,IL,בונזו מחולק 12קג,קילוגרמים,12.00,"ק""ג",false,0,137.30,11.44,true,1,
7290105690692,false,מרק נמס ירקות 28*2גר,אסם,IL,מרק נמס ירקות,גרמים,56.00,100 גרם,false,0,7.20,12.86,true,1,
7290105690753,false,מרק נמס ט.עוף+שקדי 26*2ג,אסם,IL,מרק נמס טעם עוף,גרמים,52.00,100 גרם,false,0,7.20,13.85,true,1,
7290105691248,false,קריספי טורטיה תירס 60 גר,"פרח תעשיות מזון בע""מ",IL,קריספי טורטיה,גרמים,60.00,100 גרם,false,0,8.10,13.50,true,1,
7290105691415,false,בייגלה שמיניות ללא גלוטן,אסם,,בייגלה שמיניות,גרמים,250.00,100 גרם,false,0,15.10,6.04,true,1,
7290105691934,false,"קמח שמרים 1 ק""ג",תחנת קמח המפרץ,IL,"קמח שמרים 1 ק""ג",קילוגרמים,1.00,"ק""ג",false,0,10.80,10.80,true,1,
7290105692665,false,במבה קרם חלבה 60*4 גרם,אסם,IL,במבה קרם חלבה4יח,גרמים,240.00,100 גרם,false,0,18.30,7.63,true,1,
7290105693457,false,עוגת דמקה שוקו וניל320גר,אסם,IL,עוגת הבית,גרמים,320.00,100 גרם,false,0,13.40,4.19,true,1,
7290105694775,false,טריקס פירות דגני תירס480,ג'נרל מילס,US,טריקס בטעם פירות,גרמים,480.00,100 גרם,false,0,15.00,3.13,true,1,
7290105694904,false,מרק פטריות רכיבים טבעיים,אסם,IL,מרק פטריות רכיבים טבעיים,גרמים,220.00,100 גרם,false,0,18.50,8.41,true,1,
7290105695321,false,עוגת בראוניס פאדג' 380 ג,אסם,IL,עוגת בראוניס,גרמים,380.00,100 גרם,false,0,18.30,4.82,true,1,
7290105964915,false,פופקורן טבעי 80 גרם,שטראוס,IL,פופקורן טבעי 80 גרם,גרמים,80.00,100 גרם,false,0,5.90,7.38,true,1,
7290105965240,false,בזוקה קוביות ללא סוכר25ג,שטראוס,IL,בזוקה קוביות ללא סוכר25ג,גרמים,25.00,100 גרם,false,0,5.30,21.20,true,1,
7290105965738,false,דנונה לשתיה תות בננה267ג,שטראוס,IL,דנונה לשתיה,גרמים,267.00,100 גרם,false,0,5.30,1.99,true,1,
7290105966377,false,"משקה סחלב מהדרין 850 מ""ל",יטבתה,IL,משקה סחלב,מיליליטרים,850.00,"100 מ""ל",false,0,11.50,1.35,true,1,
7290106262324,false,סט קלאסיק איפור לילה,,IL,סט קלאסיק איפור לילה,יחידה,1.00,יחידה,false,0,29.90,29.90,true,1,
7290106504783,false,פמפרס פרימיום מידה4 20*4,פרוקטר & גמבל,IL,רביעיית פמפרס,יחידה,1.00,יחידה,false,1,89.90,89.90,true,1,
7290106504790,false,פמפרס פרימיום מידה5 18*4,פרוקטר & גמבל,IL,רביעיית פמפרס,יחידה,1.00,יחידה,false,1,89.90,89.90,true,1,
7290106520097,false,עוג.בוקר אגוזים 6יח25*ג,,IL,עוג.בוקר אגוזים 6יח25*ג,גרמים,150.00,100 גרם,false,0,17.20,11.47,true,1,
7290106520387,false,"בזוקה גולים לל""ס 21 גרם",עלית,IL,"בזוקה גולים לל""ס",גרמים,21.00,100 גרם,false,0,5.30,25.24,true,1,
7290106520462,false,מילקי קייק 4 * 34 גרם,TSC,IT,מילקי קייק 4יח,גרמים,136.00,100 גרם,false,1,11.40,8.38,true,1,
7290106520912,false,"שמנת לבישול 9% 250 מ""ל",שטראוס,IL,"שמנת לבישול 9% 250 מ""ל",מיליליטרים,250.00,"100 מ""ל",false,0,9.00,3.60,true,1,
7290106521049,false,סלט קוביות סלק 400 גרם,שטראוס,IL,סלט קוביות סלק,גרמים,400.00,100 גרם,false,0,16.50,4.13,true,1,
7290106521629,false,מאגדת טוויסט 4 * 28 גרם,שטראוס,IL,מאגדת טוויסט 4 * 28 גרם,גרמים,112.00,100 גרם,false,0,14.10,12.59,true,1,
7290106521650,false,מאגדת טעמי 40*4 גרם,שטראוס,IL,מאגדת טעמי 40*4 גרם,גרמים,160.00,100 גרם,false,0,14.10,8.81,true,1,
7290106523142,false,יוג.יווני טבעי7% 130*4גר,שטראוס,IL,יוגורט יווני 4יח,גרמים,520.00,100 גרם,false,0,13.40,2.58,true,1,
7290106525320,false,שוקולית לאפיה 500 גרם,עלית,IL,שוקולית לאפיה,גרמים,500.00,100 גרם,false,0,15.80,3.16,true,1,
7290106525436,false,טבלת פסק זמן בננה 110גרם,שטראוס,IL,טבלת פסק זמן,גרמים,110.00,100 גרם,false,0,8.80,8.00,true,1,
7290106525689,false,ספלנדיד אגוז.לוז מריר110,שטראוס,IL,ספלנדיד אגוז.לוז מריר110,גרמים,110.00,100 גרם,false,0,15.80,14.36,true,1,
7290106525702,false,ספלנדיד שקדים וחלב 110גר,שטראוס,IL,ספלנדיד שקדים וחלב 110גר,גרמים,110.00,100 גרם,false,0,15.80,14.36,true,1,
7290106525917,false,סוכריות ג'לית 25 גרם,שטראוס,IL,סוכריות ג'לית,גרמים,25.00,100 גרם,false,1,2.50,10.00,true,1,
7290106525962,false,חומוס אבי תטבילה 400גרם,שטראוס,IL,חומוס אבי תטבילה 400גרם,גרמים,400.00,100 גרם,false,0,15.80,3.95,true,1,
7290106526822,false,פריכיות תחתית חלב 80גרם,שטראוס,IL,פריכיות,גרמים,80.00,100 גרם,false,0,8.80,11.00,true,1,
7290106527423,false,אקטיביה שזיף 1.5% 150*4ג,שטראוס,IL,מארז אקטיביה 4יח,גרמים,600.00,100 גרם,false,0,20.20,3.37,true,1,
7290106528864,false,מאסט פפרמינט ממולא25גרם,שטראוס,IL,מאסט פפרמינט ממולא25גרם,גרמים,25.00,100 גרם,false,1,5.30,21.20,true,1,
7290106571273,false,מאגדת קראנצ שוקולד5יכשלפ,נסטלה,IL,מאגדת קראנצ שוקולד5יכשלפ,גרמים,360.00,100 גרם,false,0,37.00,10.28,true,1,
7290106571877,false,בייגלה שטוחים 60*6 גרם,אסם,IL,בייגלה שטוח 6 יח,גרמים,360.00,100 גרם,false,0,16.30,4.53,true,1,
7290106571907,false,עוגיות שוקולד צ'יפס180ג,אסם,IL,עוגיות פיטנס,גרמים,180.00,100 גרם,false,0,12.80,7.11,true,1,
7290106571945,false,עוג.שוקולד מריר פיטנס180,אסם,IL,עוגיות פיטנס,גרמים,180.00,100 גרם,false,1,12.80,7.11,true,1,
7290106572126,false,מיני פתיבר מצופה שוקו70ג,כרמית,IL,מיני פתיבר מצופה,גרמים,70.00,100 גרם,false,0,7.70,11.00,true,1,
7290106573277,false,חט.קריספי טאפאס זיתים150,אסם,IL,חטיפי קריספי,גרמים,150.00,100 גרם,false,0,8.90,5.93,true,1,
7290106573628,false,חומוס עם טחינה צבר 400גר,צבר,IL,חומוס עם טחינה,גרמים,400.00,100 גרם,false,0,11.90,2.98,true,1,
7290106573642,false,חומוס צנובר צבר 400 גרם,צבר,IL,חומוס צנובר,גרמים,400.00,100 גרם,false,0,12.80,3.20,true,1,
7290106575738,false,מאגדת מיני ג'ויה בראוניז,נסטלה,IL,מאגדת מיני ג'ויה בראוניז,יחידה,1.00,יחידה,false,0,31.60,31.60,true,1,
7290106575776,false,מאגדת מיני ג'ויה ריבת חל,נסטלה,IL,מאגדת ג'ויה ריבת,גרמים,250.00,100 גרם,false,0,31.60,12.64,true,1,
7290106576209,false,ביסלי אקסטרים מעושן 70 ג,אסם,IL,ביסלי אקסטרים,גרמים,70.00,100 גרם,false,0,4.80,6.86,true,1,
7290106576513,false,חומוס צבר 400 גרם,צבר,IL,חומוס צבר,גרמים,400.00,100 גרם,false,0,10.40,2.60,true,1,
7290106576537,false,חומוס מסעדה צבר 700גרם,צבר,IL,חומוס מסעדה צבר,גרמים,700.00,100 גרם,false,0,12.40,1.77,true,1,
7290106576797,false,"לה קרמריהצמחי וניל כשל""פ",נסטלה,IL,"לה קרמריה כשל""פ",ליטרים,1.40,ליטר,false,0,23.00,16.43,true,1,
7290106576858,false,"לה קרמריה תותים כשל""פ .1",נסטלה,IL,"לה קרמריה כשל""פ",ליטרים,1.40,ליטר,false,0,23.00,16.43,true,1,
7290106576926,false,לה קרמריה שוקו וניל לייט,נסטלה,IL,לה קרמריה לייט,ליטרים,1.40,ליטר,false,0,23.70,16.93,true,1,
7290106576957,false,לה קרמריה שוקו וניל כשלפ,נסטלה,IL,"לה קרמריה כשל""פ",ליטרים,1.40,ליטר,false,0,23.00,16.43,true,1,
7290106576971,false,לה קרמריה צמחי שוק כשלפ,נסטלה,IL,"לה קרמריה כשל""פ",ליטרים,1.40,ליטר,false,0,23.00,16.43,true,1,
7290106577039,false,"לה קרמריה וניל+שוק כשל""פ",נסטלה,IL,"לא קרמריה כשל""פ",ליטרים,1.40,ליטר,false,0,23.00,16.43,true,1,
7290106577282,false,טחינה צבר מרובע 400 גרם,צבר,IL,טחינה צבר,גרמים,400.00,100 גרם,false,0,13.60,3.40,true,1,
7290106577480,false,חציל על האש בטחינה400גר,צבר,IL,חציל על האש צבר,גרמים,400.00,100 גרם,false,0,15.40,3.85,true,1,
7290106577572,false,מטבוחה מרובע צבר 400 גרם,צבר,IL,מטבוחה צבר,גרמים,400.00,100 גרם,false,0,11.30,2.83,true,1,
7290106579231,false,עוגיות תפוז פיטנס 180גרם,אסם,IL,עוגיות פיטנס,גרמים,180.00,100 גרם,false,0,12.80,7.11,true,1,
7290106652484,false,בפלות שוקולד קרנאץ 300גר,עלית,IL,בפלות קראנץ,גרמים,300.00,100 גרם,false,0,6.80,2.27,true,1,
7290106652491,false,בפלות לימון קראנץ 300גר,עלית,IL,בפלות קראנץ,גרמים,300.00,100 גרם,false,0,6.80,2.27,true,1,
7290106653191,false,פיתה קראנצ' טבעי300 גרם,עלית,IL,פיתה קראנצ',גרמים,300.00,100 גרם,false,0,14.80,4.93,true,1,
7290106654105,false,מילקי פבלובה 120 גרם,שטראוס,IL,מילקי פבלובה,גרמים,120.00,100 גרם,false,1,5.00,4.17,true,1,
7290106654235,false,טופי בטעם בזוקה 290 גרם,עלית,IL,טופי בזוקה,גרמים,290.00,100 גרם,false,0,10.90,3.76,true,1,
7290106654365,false,אינסטנט פודינג וניל80גרם,שטראוס,IL,אינסטנט פודינג וניל80גרם,יחידה,1.00,יחידה,false,0,5.70,5.70,true,1,
7290106654921,false,תפוציפס אקסטרא טבעי50ג,שטראוס,IL,תפוציפס אקסטרא טבעי50ג,גרמים,50.00,100 גרם,false,0,4.40,8.80,true,1,
7290106654969,false,חומוס כפרי אחלה750גרם,שטראוס,IL,חומוס כפרי אחלה750גרם,גרמים,750.00,100 גרם,false,0,10.00,1.33,true,1,
7290106655966,false,אנרג'י שוק.מריר+אגוז זוג,עלית,IL,חטיפי אנרג'י זוג,גרמים,312.00,100 גרם,false,0,31.70,10.16,true,1,
7290106655973,false,זוג אנרגי אגוז/שוק.חלב,עלית,IL,חטיפי אנרג'י זוג,גרמים,312.00,100 גרם,false,0,31.70,10.16,true,1,
7290106662650,false,טחינה לניגוב 400 גרם,שטראוס,IL,טחינה לניגוב 400 גרם,גרמים,400.00,100 גרם,false,1,15.80,3.95,true,1,
7290106662834,false,סוכריות דומי דובונים22גר,שטראוס,IL,סוכריות גומי,גרמים,22.00,100 גרם,false,1,2.50,11.36,true,1,
7290106662865,false,מסטיק מאסט מנגו חריף28גר,עלית,IL,מסטיק מאסט,גרמים,28.00,100 גרם,false,1,4.60,16.43,true,1,
7290106662872,false,מסטיק מאסט קרמל מלוח28ג,עלית,IL,מסטיק מאסט,גרמים,28.00,100 גרם,false,1,4.60,16.43,true,1,
7290106663121,false,מילקי קייק 34 גרם,TSC,IT,מילקי קייק,גרמים,34.00,100 גרם,false,1,3.10,9.12,true,1,
7290106663343,false,עדשים מיני מיני 17 גרם,שטראוס,IL,עדשים מיני מיני,גרמים,17.00,100 גרם,false,1,2.50,14.71,true,1,
7290106663367,false,מרשמלו 30 גרם,שטראוס,IL,מרשמלו,גרמים,30.00,100 גרם,false,1,2.50,8.33,true,1,
7290106663411,false,מסטיקים בטעם פירות 25גרם,שטראוס,IL,מסטיקים,גרמים,25.00,100 גרם,false,1,2.50,10.00,true,1,
7290106663503,false,קונפיט.תות שדה לייט250ג,יד מרדכי,IL,קונפיטורה תות,גרמים,250.00,100 גרם,false,0,9.90,3.96,true,1,
7290106663565,false,חלבית - חלבי 300 גרם,עלית,IL,חלבית - חלבי,גרמים,300.00,100 גרם,false,1,20.50,6.83,true,1,
7290106663770,false,ציטוס סוויט קראנצ שוק100,עלית,IL,ציטוס קראנצ,גרמים,100.00,100 גרם,false,1,6.60,6.60,true,1,
7290106664548,false,רוטב שמנת4+גבינות9% 250מ,שטראוס,IL,רוטב שמנת4+גבינות9% 250מ,מיליליטרים,250.00,"100 מ""ל",false,1,11.00,4.40,true,1,
7290106664555,false,רוטב שמנת+עגבניות9% 250מ,שטראוס,IL,רוטב שמנת,מיליליטרים,250.00,"100 מ""ל",false,1,11.00,4.40,true,1,
7290106664562,false,רוטב שמנת+פטריות 9% 200מ,שטראוס,IL,רוטב שמנת+פטריות 9% 200מ,מיליליטרים,250.00,"100 מ""ל",false,1,11.00,4.40,true,1,
7290106664616,false,חלב דל לקטוז 2% 1 ליטר,שטראוס,IL,חלב דל לקטוז 2% 1 ליטר,ליטרים,1.00,ליטר,false,0,8.10,8.10,true,1,
7290106668263,false,חומוס שיפקה 125 גרם,שטראוס,IL,חומוס שיפקה,גרמים,125.00,100 גרם,false,1,5.30,4.24,true,1,
7290106668621,false,"קופי שוט שוק.מריר80*4מ""ל",יטבתה,IL,מארז קופי שוט,מיליליטרים,320.00,"100 מ""ל",false,1,19.70,6.16,true,1,
7290106668638,false,"קופי שוט שוק.חלב 80*4מ""ל",יטבתה,IL,מארז קופי שוט,מיליליטרים,320.00,"100 מ""ל",false,1,19.70,6.16,true,1,
7290106720039,false,מאסט ספירמינט ממולא25גרם,שטראוס,IL,מאסט ספירמינט ממולא25גרם,גרמים,25.00,100 גרם,false,1,5.30,21.20,true,1,
7290106720695,false,מיקס חטיפים צהוב 182גרם,שטראוס,IL,מיקס חטיפים צהוב,גרמים,182.00,100 גרם,false,0,11.80,6.48,true,1,
7290106721531,false,דוריטוס חמוץ מתוק 70 גרם,עלית,IL,דוריטוס חמוץ,גרמים,70.00,100 גרם,false,0,3.90,5.57,true,1,
7290106721999,false,מאסט אננס הדר ממולא25גרם,שטראוס,IL,מאסט אננס הדר ממולא25גרם,גרמים,25.00,100 גרם,false,1,5.30,21.20,true,1,
7290106722095,false,באגט קראנצ שום 300 גרם,עלית,IL,באגט קראנצ שום,גרמים,300.00,100 גרם,false,0,14.80,4.93,true,1,
7290106723504,false,עוג.דגנים עם שבבי שוק150,עלית,IL,עוג.דגנים עם שבבי שוק150,גרמים,150.00,100 גרם,false,1,13.80,9.20,true,1,
7290106723597,false,בפלות כדורי שוק.קוקוס350,עלית,IL,בפלות כדורי שוקו,גרמים,350.00,100 גרם,false,1,16.20,4.63,true,1,
7290106723634,false,עד חצות ניבס קרמל180גרם,עלית,IL,עד חצות ניבס קרמל180גרם,גרמים,180.00,100 גרם,false,1,14.70,8.17,true,1,
7290106724402,false,עוג.חיוכים שוקו וניל150ג,עלית,IL,עוג.חיוכים שוקו וניל150ג,גרמים,150.00,100 גרם,false,1,5.30,3.53,true,1,
7290106724457,false,אנרג'י בייגלה אגוז 6יח',עלית,IL,אנרג'י בייגלה אגוז 6יח',גרמים,156.00,100 גרם,false,1,18.50,11.86,true,1,
7290106724808,false,סוכריות נוסטלגיה מנטה80ג,עלית,IL,סוכריות נוסטלגיה מנטה80ג,גרמים,80.00,100 גרם,false,1,6.40,8.00,true,1,
7290106725423,false,רבע לשבע חלבה 120 גרם,עלית,IL,רבע לשבע חלבה,גרמים,120.00,100 גרם,false,1,13.40,11.17,true,1,
7290106725430,false,מסטיק קוב.אננס הדרים63ג,עלית,IL,מסטיק קוב.אננס הדרים63ג,גרמים,63.00,100 גרם,false,1,12.80,20.32,true,1,
7290106725522,false,"רוטב שזיף רימון 280 מ""ל",בית אל מזון,IL,רוטב שזיף רימון,מיליליטרים,280.00,"100 מ""ל",false,1,15.80,5.64,true,1,
7290106726314,false,רוטב אדום ישראלי חריף220,שטראוס,IL,רוטב אדום חריף,גרמים,220.00,100 גרם,false,1,13.50,6.14,true,1,
7290107280105,false,מגבוני טישו,,IL,מגבוני טישו,יחידה,1.00,יחידה,false,0,7.90,7.90,true,1,
7290107280167,false,תחליב רחצה קרמה וניל750מ,קוסמופארם,IL,תחליב רחצה קרמה,מיליליטרים,750.00,"100 מ""ל",false,0,17.90,2.39,true,1,
7290107280396,false,מתז ג'ט למטבח,,IL,מתז ג'ט למטבח,מיליליטרים,750.00,"100 מ""ל",false,0,11.90,1.59,true,1,
7290107280501,false,סנובון WAVE אורנים 45גר,סנו,PL,סנובון WAVE,גרמים,45.00,100 גרם,false,0,6.90,15.33,true,1,
7290107280679,false,ספארק טבליות למדיח 70 יח,סנו,IL,טבליות למדיח,יחידה,1.00,יחידה,false,0,44.90,44.90,true,1,
7290107280815,false,"K301 קוטל זוחלים 300 מ""ל",סנו,IL,"K301 קוטל זוחלים 300 מ""ל",מיליליטרים,300.00,"100 מ""ל",false,1,15.80,5.27,true,1,
7290107280839,false,קרם גוף קרמה לחות 500 מל,סנו,IL,קרם גוף קרמה,מיליליטרים,500.00,"100 מ""ל",false,1,23.90,4.78,true,1,
7290107469173,false,מטאטא שיער סוס משובח,פלנרו,IL,מטאטא שיער סוס משובח,יחידה,1.00,יחידה,false,1,49.90,49.90,true,1,
7290107535809,false,מארז גיפט קארד מלבן נייר,.,IL,מארז גיפטקארד,יחידה,1.00,יחידה,false,1,4.00,4.00,true,1,
7290107536059,false,מארז גיפט קארד פח,.,IL,מארז גיפטקארד,יחידה,1.00,יחידה,false,1,4.00,4.00,true,1,
7290107640312,false,ברנפלקס עם גרנולה 400גרם,דליסר,FR,ברנפלקס+גרנולה,גרמים,400.00,100 גרם,false,1,24.90,6.23,true,1,
7290107640480,false,ברנפלקס+גרנולה ובננה400ג,דליסר,FR,ברנפלקס+גרנולה,גרמים,400.00,100 גרם,false,1,24.90,6.23,true,1,
7290107870429,false,"רוטב בסיס לבישול 580 מ""ל",אסם,IL,רוטב בסיס לבישול,מיליליטרים,580.00,"100 מ""ל",false,0,18.70,3.22,true,1,
7290107870740,false,מאגדת מיני ג'ויה מיקס 25,נסטלה,IL,מאגדת מיני ג'ויה מיקס 25,גרמים,250.00,100 גרם,false,0,31.60,12.64,true,1,
7290107871419,false,סירופ תפוח דיאט 1 ליטר,בית השיטה,IL,סירופ תפוח דיאט,ליטרים,1.00,ליטר,false,1,11.30,11.30,true,1,
7290107873062,false,פתי בר שוקולד מריר500גרם,אסם,IL,פתיבר שוקולד,גרמים,500.00,100 גרם,false,1,12.00,2.40,true,1,
7290107873208,false,חומוס עשיר בטחינה 400גרם,צבר,IL,מלך החומוס צבר,גרמים,400.00,100 גרם,false,1,13.40,3.35,true,1,
7290107873222,false,חומוס עם חריף 400 גרם,צבר,IL,חומוס עם חריף,גרמים,400.00,100 גרם,false,0,12.80,3.20,true,1,
7290107875400,false,להקרמריה פיסטוק מוקה 1.4,נסטלה,IL,להקרמריה,ליטרים,1.40,ליטר,false,0,22.80,16.29,true,1,
7290107875783,false,בייגלה שטוחים שוק.חלב50ג,אסם,IL,שטוחים שוקולד,גרמים,50.00,100 גרם,false,1,7.70,15.40,true,1,
7290107875820,false,קרוטונים תיבול ביתי 180ג,עינת,IL,קרוטונים אפויים,גרמים,180.00,100 גרם,false,1,12.80,7.11,true,1,
7290107875912,false,מנה חמה פסטה עגבניות62ג,אסם,IL,מנה חמה,גרמים,62.00,100 גרם,false,1,7.50,12.10,true,1,
7290107875974,false,קינוחי כוסות שוקולד בלגי,אסם,IL,קינוחי כוסות,גרמים,190.00,100 גרם,false,1,12.80,6.74,true,1,
7290107876032,false,שקדי מרק ואטריות 400 גרם,אסם,IL,שקדי מרק ואטריות,גרמים,400.00,100 גרם,false,1,10.00,2.50,true,1,
7290107876544,false,מרק נמס תירס 18*5 גרם,אסם,IL,מרק נמס תירס 5יח,גרמים,90.00,100 גרם,false,1,10.00,11.11,true,1,
7290107876568,false,מרק נמס עגבניות 19*5 גרם,אסם,IL,מרק נמס עגבנ5.יח,גרמים,95.00,100 גרם,false,1,10.00,10.53,true,1,
7290107876582,false,מרק נמס אפונה 18*5 גרם,אסם,IL,מרק נמס אפונה5יח,גרמים,90.00,100 גרם,false,1,10.00,11.11,true,1,
7290107876605,false,מרק נמס פטריות 17*5 גרם,אסם,IL,מרק נמס פטריות5*,גרמים,85.00,100 גרם,false,1,10.00,11.76,true,1,
7290107876650,false,מלפפונים במלח 7-9 670גרם,בית השיטה,IL,מלפפונים במלח,גרמים,670.00,100 גרם,false,1,7.10,1.06,true,1,
7290107876711,false,עוגת שמרים ריבת חלב340ג,אסם,IL,עוגת שמרים,גרמים,340.00,100 גרם,false,1,18.50,5.44,true,1,
7290107877145,false,בייגלה שטוחים שוק.מריר50,אסם,IL,שטוחים מריר,גרמים,50.00,100 גרם,false,1,7.70,15.40,true,1,
7290107877169,false,חטיפי קרקר ללא גלוטן 150,אסם,IL,חטיפי קרקר,גרמים,150.00,100 גרם,false,1,9.90,6.60,true,1,
7290107877541,false,מרק נמס טעם עוף 26*2 גרם,אסם,IL,מרק נמס טעם עוף,גרמים,52.00,100 גרם,false,1,7.20,13.85,true,1,
7290107877961,false,פרפקטו ספגטי 600 גרם,פסטה זארה,IT,פרפקטו ספגטי,גרמים,600.00,100 גרם,false,1,8.50,1.42,true,1,
7290107877992,false,פרפקטו ספירלי 600 גרם,פסטה זארה,IT,פרפקטו ספירלי,גרמים,600.00,100 גרם,false,1,8.50,1.42,true,1,
7290107878418,false,"ג'ויה חמאת בוטנים500מ""ל",נסטלה,IL,ג'ויה חמאת בוטני,מיליליטרים,500.00,"100 מ""ל",false,6,21.70,4.34,true,1,
7290107878869,false,עוגת שוקולד דאבל ציפס340,אסם,IL,עוגת שוקולד הבית,גרמים,340.00,100 גרם,false,1,13.40,3.94,true,1,
7290107879477,false,"ג'ויה טופי בננה 500מ""ל",נסטלה,IL,ג'ויה טופי בננה,מיליליטרים,500.00,"100 מ""ל",false,6,21.70,4.34,true,1,
7290107879491,false,"ג'ויה נוצ'ולה 500מ""ל",נסטלה,IL,ג'ויה נוצ'ולה,מיליליטרים,500.00,"100 מ""ל",false,6,21.70,4.34,true,1,
7290107930178,false,סלסה עגבניות חריפה 400גר,שטראוס,IL,סלסה עגבניות,גרמים,400.00,100 גרם,false,1,16.50,4.13,true,1,
7290107933728,false,תפוצ'יפס סטיקס קטשופ65גר,שטראוס,IL,תפוצ'יפס סטיקס,גרמים,65.00,100 גרם,false,1,4.10,6.31,true,1,
7290107933742,false,תפוצ'יפס סטיקס ברביקיו65,שטראוס,IL,תפוצ'יפס סטיקס,גרמים,65.00,100 גרם,false,1,4.10,6.31,true,1,
7290107934473,false,דנונה אקטיביה1.5% 150*8מ,שטראוס,IL,אקטביה 1.5% 8 יח,ליטרים,1.20,ליטר,false,1,22.90,19.08,true,1,
7290107934480,false,דנונה אקטיביה 3% 150*8מ,שטראוס,IL,אקטביה 3% 8 יח,ליטרים,1.20,ליטר,false,1,22.90,19.08,true,1,
7290107934497,false,דנונה אקטיביה1.5% 150*4מ,שטראוס,IL,אקטביה1.5% 4 יח,מיליליטרים,600.00,"100 מ""ל",false,1,12.60,2.10,true,1,
7290107934503,false,דנונה אקטיביה 3% 150*4מל,שטראוס,IL,אקטביה 3% 4 יח,מיליליטרים,600.00,"100 מ""ל",false,1,12.60,2.10,true,1,
7290107970952,false,זוג טוטל פסים + מברשת,קולגייט-פלמוליב,PL,מארז טוטל,יחידה,1.00,יחידה,false,1,44.90,44.90,true,1,
7290108200201,false,גולד להסרת כתמים 1.35קג,רקיט בנקיזר,IT,גולד אבקה,קילוגרמים,1.35,"ק""ג",false,1,29.90,22.15,true,1,
7290108200225,false,גולד אבקה להסרת כתמים470,רקיט בנקיזר,IT,וניש גולד אבקה,גרמים,470.00,100 גרם,false,1,21.70,4.62,true,1,
7290108200232,false,גולד אבקה לכב.לבנה 470 ג,רקיט בנקיזר,IT,וניש גולד אבקה,גרמים,470.00,100 גרם,false,1,21.70,4.62,true,1,
7296073002567,false,10שקיות אשפה+שרוך שופרסל,שופרסל,TR,שקיות אשפה,יחידה,1.00,יחידה,false,0,13.60,13.60,true,1,
7296073002574,false,50 שקיות אשפה ענק.שופרסל,שופרסל,HK,שקיות אשפה,יחידה,1.00,יחידה,false,0,14.80,14.80,true,1,
7296073002611,false,"100 שקיות להקפאה25X35ס""מ",שופרסל,HK,שקיות להקפאה,יחידה,1.00,יחידה,false,0,6.30,6.30,true,1,
7296073002635,false,נייר טואלט סופר דיל 48גל,שופרסל,IL,נייר טואלט,מטרים,883.00,100 מטר,false,0,41.90,4.75,true,1,
7296073005735,false,עוג.סנדוויץ שוק.שופרס150,שופרסל,IL,עוגיות סנדוויץ,גרמים,150.00,100 גרם,false,0,4.60,3.07,true,1,
7296073005742,false,עוג.סנדוויץ וניל שופרסל,שופרסל,IL,עוגיות סנדוויץ,גרמים,150.00,100 גרם,false,0,4.60,3.07,true,1,
7296073005865,false,גריסי פנינה שופרסל500גרם,מיה,IL,גריסי פנינה,גרמים,500.00,100 גרם,false,0,5.90,1.18,true,1,
7296073005872,false,חומוס גדול שופרסל 500גרם,מיה,IL,חומוס גדול,גרמים,500.00,100 גרם,false,0,6.40,1.28,true,1,
7296073005889,false,חומוס לבן ענק שופרסל500ג,מיה,IL,חומוס לבן ענק,גרמים,500.00,100 גרם,false,0,8.40,1.68,true,1,
7296073005896,false,חיטה שופרסל 500 גרם,מיה,IL,חיטה שופרסל,גרמים,500.00,100 גרם,false,0,5.90,1.18,true,1,
7296073005902,false,כוסמת שופרסל 500 גרם,מיה,IL,כוסמת שופרסל,גרמים,500.00,100 גרם,false,0,8.30,1.66,true,1,
7296073005919,false,עדשים ירוקות שופרסל500ג,מיה,IL,עדשים ירוקות,גרמים,500.00,100 גרם,false,0,5.50,1.10,true,1,
7296073005926,false,עדשים אדומות שופרסל500גר,מיה,IL,עדשים אדומות,גרמים,500.00,100 גרם,false,0,6.10,1.22,true,1,
7296073005957,false,שעועית לבנה שופרסל500גרם,מיה,IL,שעועית לבנה,גרמים,500.00,100 גרם,false,0,10.80,2.16,true,1,
7296073006015,false,"חומוס גדול שופרסל 1 ק""ג",מיה,IL,חומוס גדול,קילוגרמים,1.00,"ק""ג",false,0,10.80,10.80,true,1,
7296073006381,false,מנזנילו בינונ.שופרסל560ג,שופרסל,IL,זיתים ירוקים,גרמים,560.00,100 גרם,false,0,7.30,1.30,true,1,
7296073006404,false,מלפפון במלח7-9 שופר560.ג,שופרסל,IL,מלפפון במלח,גרמים,560.00,100 גרם,false,0,6.80,1.21,true,1,
7296073006411,false,מלפ.במלח 10-12שופרסל560ג,שופרסל,IL,מלפפון במלח12-,גרמים,560.00,100 גרם,false,0,7.10,1.27,true,1,
7296073006428,false,מלפ.במלח 13-17שופרסל560ג,שופרסל,IL,מלפפון במלח,גרמים,560.00,100 גרם,false,0,8.80,1.57,true,1,
7296073006435,false,מלפ.במלח 18-25שופרסל560ג,שופרסל,IL,מלפפון במלח,גרמים,560.00,100 גרם,false,0,10.80,1.93,true,1,
7296073006541,false,גריסים שופרסל 500 גרם,מיה,IL,גריסים שופרסל,גרמים,500.00,100 גרם,false,0,5.20,1.04,true,1,
7296073011217,false,פסטה פנה ריגטה31שופר500ג,שופרסל,IT,פסטה פנה ריגטה,גרמים,500.00,100 גרם,false,0,4.90,0.98,true,1,
7296073011224,false,פסטה פוסילי36שופר 500גרם,שופרסל,IL,פסטה פוסילי,גרמים,500.00,100 גרם,false,0,4.90,0.98,true,1,
7296073012009,false,קוסקוס בינוני שופרסל350ג,אסיף תעשיות מזון,IL,קוסקוס בינוני,גרמים,350.00,100 גרם,false,0,5.20,1.49,true,1,
7296073020356,false,"כוסות ח""פ שופרסל 150 יח'",שופרסל,,"כוסות ח""פ",יחידה,1.00,יחידה,false,0,8.90,8.90,true,1,
7296073020400,false,"קעריות ח""פ אובלית שופרסל",שופרסל,IL,"קעריות ח""פ",יחידה,1.00,יחידה,false,0,8.90,8.90,true,1,
7296073020431,false,מפיות חד שכבתיות שופרסל,שופרסל,IL,מפיות שופרסל,יחידה,1.00,יחידה,false,0,7.90,7.90,true,1,
7296073020462,false,טחינה גולמית שופרסל 500ג,רושדי תעשיות מזון,IL,טחינה גולמית,גרמים,500.00,100 גרם,false,0,15.80,3.16,true,1,
7296073020936,false,פטריות חתוכות שופרסל400ג,פרוצ'אמפ,DE,פטריות חתוכות,גרמים,400.00,100 גרם,false,0,4.60,1.15,true,1,
7296073021568,false,"קמח לבן שופרסל 1 ק""ג",שופרסל,IL,קמח לבן,קילוגרמים,1.00,"ק""ג",false,0,3.80,3.80,true,1,
7296073021582,false,"סולת חיטה שופרסל 1 ק""ג",שופרסל,IL,סולת חיטה,קילוגרמים,1.00,"ק""ג",false,0,4.00,4.00,true,1,
7296073033752,false,שמן קנולה שופרסל 1 ליטר,NV AOR,BE,שמן קנולה 1 ל',ליטרים,1.00,ליטר,false,0,7.80,7.80,true,1,
7296073048992,false,פסטרמה בדבש שופרסל 300גר,מעדני יחיעם,IL,פסטרמה בדבש,גרמים,300.00,100 גרם,false,0,21.70,7.23,true,1,
7296073049050,false,פסטרמה רומנית שופרסל300ג,שופרסל,IL,פסטרמה רומנית,גרמים,300.00,100 גרם,false,0,24.70,8.23,true,1,
7296073053743,false,פסטה קונקיליוני39 שופרסל,שופרסל,IT,פסטה קונקיליוני,גרמים,500.00,100 גרם,false,0,4.90,0.98,true,1,
7296073053750,false,פסטה לומקה ריגטה 48 שופר,שופרסל,IT,פסטה לומקה,גרמים,500.00,100 גרם,false,0,4.90,0.98,true,1,
7296073053767,false,דפי לזניה שופרסל 500 גרם,שופרסל,IT,דפי לזניה,גרמים,500.00,100 גרם,false,0,13.90,2.78,true,1,
7296073058984,false,גרנולה קראנץ פירות+אג400,שופרסל,DE,גרנולה קראנץ,גרמים,400.00,100 גרם,false,0,15.80,3.95,true,1,
7296073059059,false,ברנפלקס שופרסל 500 גרם,שופרסל,DE,ברנפלקס שופרסל,גרמים,500.00,100 גרם,false,0,17.70,3.54,true,1,
7296073059615,false,קרוטונים לסלט שופרסל250ג,שופרסל,IL,קרוטונים לסלט,גרמים,250.00,100 גרם,false,0,7.90,3.16,true,1,
7296073059691,false,"50 צלחות גדול ח""פ שופרסל",שופרסל,IL,"צלחות ח""פ גדולות",יחידה,1.00,יחידה,false,0,11.40,11.40,true,1,
7296073059707,false,"צלחות קטנות ח""פ שופרסל 5",שופרסל,IL,"צלחות קטנות ח""פ",יחידה,1.00,יחידה,false,0,9.10,9.10,true,1,
7296073059998,false,מפיות מודפסות שופרסל 20,שופרסל,IL,מפיות מודפסות,יחידה,1.00,יחידה,false,0,8.90,8.90,true,1,
7296073066354,false,חטיפי חלווה שופרסל 250 ג,"אחדות בע""מ א.ת. ברקן",IL,חטיפי חלווה,גרמים,250.00,100 גרם,false,0,11.20,4.48,true,1,
7296073066378,false,עוג.סנדביץ' וניל שופר900,שופרסל,IL,עוגיות סנדביץ,גרמים,900.00,100 גרם,false,0,19.70,2.19,true,1,
7296073074434,false,פתי בר גדול שופרסל500גרם,שופרסל,IL,פתי בר שופרסל,גרמים,500.00,100 גרם,false,0,9.40,1.88,true,1,
7296073074441,false,פתי בר שוקו גדול שופר500,שופרסל,IL,פתי בר שוקו,גרמים,500.00,100 גרם,false,0,9.40,1.88,true,1,
7296073074649,false,קנלוני שופרסל 250 גרם,שופרסל,IT,קנלוני שופרסל,גרמים,250.00,100 גרם,false,0,10.20,4.08,true,1,
7296073078586,false,דבש טבעי שופרסל צנצ500גר,שופרסל,IL,דבש טבעי שופרסל,גרמים,500.00,100 גרם,false,0,25.80,5.16,true,1,
7296073078609,false,"דבש טבעי שופרסל 1 ק""ג",שופרסל,IL,דבש טבעי,קילוגרמים,1.00,"ק""ג",false,0,42.80,42.80,true,1,
7296073078791,false,ממחטות אף בקופסא 150*2יח,שופרסל,IL,מגבוני נייר,יחידה,1.00,יחידה,false,0,10.90,10.90,true,1,
7296073078821,false,4 כריות יפניות שופרסל,פלסטו פוליש,IL,כריות יפניות,יחידה,1.00,יחידה,false,0,8.90,8.90,true,1,
7296073078838,false,6 כריות יפניות שופרסל,פלסטו פוליש,IL,כריות יפניות,יחידה,1.00,יחידה,false,0,9.00,9.00,true,1,
7296073079040,false,פריכיות זעתר שופרסל 50גר,שופרסל,IL,פריכיות אורז,גרמים,50.00,100 גרם,false,0,7.80,15.60,true,1,
7296073079354,false,72 מגבונים שופרסל רפיל,שופרסל,IL,מגבונים שופרסל,יחידה,1.00,יחידה,false,0,6.70,6.70,true,1,
7296073079361,false,מגבונים לחים שופר72*6יח,שופרסל,IL,מגבונים לחים 6יח,יחידה,1.00,יחידה,false,0,27.90,27.90,true,1,
7296073079880,false,רסק עגבניות 22%שופר570ג,פריניר,IL,רסק עגבניות,גרמים,570.00,100 גרם,false,0,6.10,1.07,true,1,
7296073079903,false,רסק עגבניות 22%שופר100ג,פריניר,IL,רסק עגבניות,גרמים,100.00,100 גרם,false,0,1.90,1.90,true,1,
7296073080503,false,אפונה גדולה שופרסל550גרם,פרי גליל,IL,אפונה גדולה,גרמים,550.00,100 גרם,false,0,6.30,1.15,true,1,
7296073080534,false,תירס מתוק שופרסל 550 גרם,פרי גליל,IL,תירס גרעינים,גרמים,550.00,100 גרם,false,0,6.30,1.15,true,1,
7296073080541,false,אפונה וגזר שופרסל 550 גר,פרי גליל,IL,אפונה וגזר,גרמים,550.00,100 גרם,false,0,6.10,1.11,true,1,
7296073080558,false,תירס לייט שופרסל 550 גרם,פרי גליל,IL,תירס לייט,גרמים,550.00,100 גרם,false,0,7.40,1.35,true,1,
7296073081241,false,בייגל.שמיניו.מלוח שופ400,שופרסל,IL,בייגלה שמיניות,גרמים,400.00,100 גרם,false,0,9.80,2.45,true,1,
7296073081449,false,פירורי לחם מוזהב שופר200,שופרסל,IL,פירורי לחם,גרמים,200.00,100 גרם,false,0,6.30,3.15,true,1,
7296073081654,false,סבון אסלה כחול שופר50X3ג,שופרסל,IL,סבון אסלה 3 יח,גרמים,165.00,100 גרם,false,0,15.80,9.58,true,1,
7296073087243,false,קונפ.דובדבנים שופרסל370ג,LTD 99 CIMA,BG,קונפ.דובדבנים,גרמים,370.00,100 גרם,false,0,12.80,3.46,true,1,
7296073087250,false,קונפ.אוכמניות שופרסל370ג,LTD 99 CIMA,BG,קונפ.אוכמניות,גרמים,370.00,100 גרם,false,0,12.80,3.46,true,1,
7296073087274,false,קונפ.שזיפים שופרסל 370גר,LTD 99 CIMA,BG,קונפיט.שזיפים,גרמים,370.00,100 גרם,false,0,12.80,3.46,true,1,
7296073087281,false,קונפ.תות שדה שופרסל 370ג,LTD 99 CIMA,BG,קונפיטורת תות,גרמים,370.00,100 גרם,false,0,12.80,3.46,true,1,
7296073087472,false,טונה בשמן שופרסל 160*4גר,תעשיות פילטונה,IL,טונה בשמן 4 יח,גרמים,640.00,100 גרם,false,0,19.90,3.11,true,1,
7296073090496,false,צמר פלדה שופרסל 100 גרם,פלסטו פוליש,IL,צמר פלדה,גרמים,100.00,100 גרם,false,0,6.70,6.70,true,1,
7296073091172,false,פופקורן למיקרו ט.טבעי600,שופרסל,US,פופקורן למיקרו,גרמים,600.00,100 גרם,false,0,14.80,2.47,true,1,
7296073091189,false,פופקורן למיקרו ט.חמאה600,שופרסל,IL,פופקורן למיקרו,גרמים,600.00,100 גרם,false,0,14.80,2.47,true,1,
7296073091462,false,פיסטוק קלוי200ג שופרסל,ששון,IL,פיסטוק חלבי קלוי,גרמים,200.00,100 גרם,false,0,24.90,12.45,true,1,
7296073091486,false,אגוז קשיו קלוי200גשופרסל,ששון,IL,אגוז קשיו קלוי,גרמים,200.00,100 גרם,false,0,20.70,10.35,true,1,
7296073091554,false,צימוק כהה 400 גרם,ששון,IL,צימוק כהה,גרמים,400.00,100 גרם,false,0,18.70,4.68,true,1,
7296073091608,false,קשיו טבעי 200ג שופרסל,ששון,IL,אגוזי קשיו טבעי,גרמים,200.00,100 גרם,false,0,21.70,10.85,true,1,
7296073091622,false,אגוז ברזיל טבעי 200גשופר,ששון,IL,אגוז ברזיל טבעי,גרמים,200.00,100 גרם,false,0,21.70,10.85,true,1,
7296073091677,false,חמוציות 250גרם שופרסל,ששון,IL,חמוציות 250גרם,גרמים,250.00,100 גרם,false,0,16.80,6.72,true,1,
7296073093169,false,פלפל חריף שיפקה שופר540ג,שופרסל,IL,פלפל שיפקה,גרמים,540.00,100 גרם,false,0,4.90,0.91,true,1,
7296073093176,false,כרוב כבוש שופרסל 560 גרם,שופרסל,IL,כרוב כבוש,גרמים,560.00,100 גרם,false,0,6.80,1.21,true,1,
7296073093213,false,אבקת שוקו שופרסל 500 גרם,שופרסל,IL,אבקת שוקו,גרמים,500.00,100 גרם,false,0,11.80,2.36,true,1,
7296073098263,false,גזר גמדי מוקפא שופרסל800,פרי גליל,IL,גזר גמדי 800גר,גרמים,800.00,100 גרם,false,0,15.90,1.99,true,1,
7296073103844,false,תפוח אדמה למיקרו,קטיף,IL,תפוח אדמה למיקרו,יחידה,1.00,יחידה,false,0,6.00,6.00,true,1,
7296073107323,false,5 שקיות צליה גדולות שופר,שופרסל,,שקיות צליה,יחידה,1.00,יחידה,false,0,12.50,12.50,true,1,
7296073107392,false,גרנולה צימוק שקד תפוח400,שופרסל,DE,גרנולה שופרסל,גרמים,400.00,100 גרם,false,0,15.80,3.95,true,1,
7296073107989,false,גרעיני תירס שופרסל 800 ג,פרי גליל,IL,גרעיני תירס,גרמים,800.00,100 גרם,false,0,15.80,1.98,true,1,
7296073108061,false,קלחי תירס שופרסל 1 קג,פרי גליל,IL,קלחי תירס 1קג,קילוגרמים,1.00,"ק""ג",false,0,18.70,18.70,true,1,
7296073108085,false,שעועית צהובה חתוכה שופרס,פרי גליל,IL,שעועית צהובה,גרמים,800.00,100 גרם,false,0,18.20,2.28,true,1,
7296073108122,false,לקט סיני שופרסל 800 גרם,פרי גליל,IL,לקט סיני,גרמים,800.00,100 גרם,false,0,18.70,2.34,true,1,
7296073108245,false,עלי תרד שטופים לאכילה,פרסקו,IL,עלי תרד שטופים,גרמים,200.00,100 גרם,false,0,9.50,4.75,true,1,
7296073108252,false,עלי בייבי שטופים לאכילה,פרסקו,IL,עלי בייבי שטופים,גרמים,110.00,100 גרם,false,0,10.90,9.91,true,1,
7296073108269,false,חסה ערבית שטופה לאכילה,פרסקו,IL,חסה ערבית שטופה,גרמים,250.00,100 גרם,false,0,9.90,3.96,true,1,
7296073108283,false,סלט הגן שטוף לאכילה 300ג,פרסקו,IL,סלט הגן שטוף,גרמים,300.00,100 גרם,false,0,14.50,4.83,true,1,
7296073108306,false,סלט קלאסי שטוף לאכילה,פרסקו,IL,סלט קלאסי שטוף,גרמים,300.00,100 גרם,false,0,14.50,4.83,true,1,
7296073108313,false,סלט קולסלאו שטוף לאכילה,פרסקו,IL,סלט קולסלאו שטוף,גרמים,400.00,100 גרם,false,0,8.50,2.13,true,1,
7296073108320,false,שבבי גזר שטופים לאכילה,פרסקו,IL,שבבי גזר שטופים,גרמים,400.00,100 גרם,false,0,8.50,2.13,true,1,
7296073108344,false,לקט קלאסי שטוף לאכילה,פרסקו,IL,לקט קלאסי שטוף,גרמים,350.00,100 גרם,false,0,10.90,3.11,true,1,
7296073108351,false,חסה אייסברג שטופה לאכילה,פרסקו,IL,חסה אייסברג שטוף,גרמים,300.00,100 גרם,false,0,10.90,3.63,true,1,
7296073108368,false,לקט הגינה שטוף לאכילה,פרסקו,IL,לקט הגינה שטוף,גרמים,300.00,100 גרם,false,0,10.90,3.63,true,1,
7296073108375,false,כרוב לבן שטוף לאכילה,פרסקו,IL,כרוב לבן שטוף,גרמים,400.00,100 גרם,false,0,8.90,2.23,true,1,
7296073108467,false,תבניות מאורכות שופרסל 5,שופרסל,IL,תבניות 5 יח',יחידה,1.00,יחידה,false,0,6.90,6.90,true,1,
7296073108481,false,תבניות קטנות+מכסה שופרסל,שופרסל,IL,תבניות עם מכסה,יחידה,1.00,יחידה,false,0,9.10,9.10,true,1,
7296073108498,false,תבניות עגולות שופרסל 5 י,שופרסל,IL,תבניות עגולות,יחידה,1.00,יחידה,false,0,9.90,9.90,true,1,
7296073108504,false,תבניות גדולות שופרסל 5 י,שופרסל,IL,תבניות גדולות,יחידה,1.00,יחידה,false,0,9.90,9.90,true,1,
7296073108511,false,3 תבניות ענקיות שופרסל,שופרסל,IL,תבניות ענקיות,יחידה,1.00,יחידה,false,0,9.90,9.90,true,1,
7296073108573,false,קרם קרקר שופרסל 230 גרם,מגדנית הדר,IL,קרם קרקר,גרמים,230.00,100 גרם,false,0,8.70,3.78,true,1,
7296073108610,false,קרקר ח.מלאה+שומש.שופר240,מגדנית הדר,IL,קרקר חיטה מלאה,גרמים,240.00,100 גרם,false,0,8.70,3.63,true,1,
7296073109112,false,תירוש ענבים טבעי 1.5 ל*',הכורמים,IL,תירוש ענבים,ליטרים,1.50,ליטר,false,0,18.70,12.47,true,1,
7296073112419,false,65 צמרונים לתינוק שופרסל,שופרסל,IL,צמרונים לתינוק,יחידה,1.00,יחידה,false,0,6.80,6.80,true,1,
7296073112426,false,צמרונים שופרסל 200 יח',שופרסל,IL,צמרונים שופרסל 200 יח',יחידה,1.00,יחידה,false,0,6.80,6.80,true,1,
7296073112433,false,צמרונים שופרסל 400 יח',שופרסל,IL,מקלוני צמר גפן,יחידה,1.00,יחידה,false,0,11.70,11.70,true,1,
7296073112617,false,6 ספוג.לניקוי מופלא שופר,שופרסל,DE,6 ספוג.לניקוי מופלא שופר,יחידה,1.00,יחידה,false,0,9.80,9.80,true,1,
7296073115724,false,אבקת אפיה שופרסל 10X10גר,שופרסל,IL,אבקת אפיה 10יח,גרמים,100.00,100 גרם,false,0,3.10,3.10,true,1,
7296073115731,false,אבקת סוכר שופרסל 100 גרם,שופרסל,IL,אבקת סוכר,גרמים,100.00,100 גרם,false,0,2.20,2.20,true,1,
7296073115748,false,סוכר וניל שופרסל 10X10גר,שופרסל,IL,סוכר וניל 10יח,גרמים,100.00,100 גרם,false,0,3.10,3.10,true,1,
7296073115755,false,קורנפלור שופרסל 500 גרם,שופרסל,,קורנפלור,גרמים,500.00,100 גרם,false,0,7.80,1.56,true,1,
7296073116769,false,קוקוס טחון שופרסל 100גרם,מיה,IL,קוקוס טחון,גרמים,100.00,100 גרם,false,0,4.40,4.40,true,1,
7296073116790,false,שומשום שופרסל 400 גרם,מיה,IL,שומשום שופרסל,גרמים,400.00,100 גרם,false,0,13.80,3.45,true,1,
7296073116813,false,קמח תירס שופרסל 400 גרם,מיה,IL,קמח תירס,גרמים,400.00,100 גרם,false,0,5.90,1.48,true,1,
7296073116820,false,"קמח תפו""א שופרסל 500 גרם",מיה,IL,"קמח תפו""א",גרמים,500.00,100 גרם,false,0,6.90,1.38,true,1,
7296073116837,false,קוואקר שופרסל 500 גרם,שופרסל,DE,קוואקר שופרסל,גרמים,500.00,100 גרם,false,0,10.80,2.16,true,1,
7296073117094,false,שוק.צ'יפס מריר שופרסל300,אופנהיימר,IL,שוקולד צ'יפס,גרמים,300.00,100 גרם,false,0,11.40,3.80,true,1,
7296073117865,false,טבעות זיתים מושחר 560 גר,שופרסל,IL,טבעות זיתים,גרמים,560.00,100 גרם,false,0,8.80,1.57,true,1,
7296073118770,false,עלי בייבי שטופים לאכילה,פרסקו,IL,עלי בייבי שטופים,גרמים,300.00,100 גרם,false,0,13.90,4.63,true,1,
7296073118787,false,תע'חסה אלון שטופה לאכילה,פרסקו,IL,תער' חסה אלון,גרמים,350.00,100 גרם,false,0,8.90,2.54,true,1,
7296073119456,false,תער'חסה+עלי בייבי שטופים,פרסקו,IL,תער' חסה+ע.בייבי,גרמים,350.00,100 גרם,false,0,8.90,2.54,true,1,
7296073121176,false,תמר חלאוי 400ג שופרסל,הדיקלאים,IL,תמר חלאוי400גרם,גרמים,400.00,100 גרם,false,0,13.90,3.48,true,1,
7296073121183,false,תמר דקל נור 400ג שופרסל,הדיקלאים,IL,תמר דקל נור 400ג,גרמים,400.00,100 גרם,false,0,13.90,3.48,true,1,
7296073123712,false,"תמצית רום שופרסל 50 מ""ל",מיה,,תמצית רום,מיליליטרים,50.00,"100 מ""ל",false,0,4.40,8.80,true,1,
7296073123965,false,ניוקי שופרסל 500 גרם,שופרסל,,ניוקי,גרמים,500.00,100 גרם,false,0,11.30,2.26,true,1,
7296073124177,false,שום כתוש צנצנת שופרסל200,שופרסל,IL,שום כתוש,גרמים,200.00,100 גרם,false,0,13.80,6.90,true,1,
7296073124382,false,ספגטיני מספר 3 שופרסל500,שופרסל,IT,ספגטיני מס' 3,גרמים,500.00,100 גרם,false,0,4.90,0.98,true,1,
7296073124399,false,ספגטי מספר 5 שופרסל 500ג,שופרסל,IT,ספגטי מס' 5,גרמים,500.00,100 גרם,false,0,4.90,0.98,true,1,
7296073125327,false,מלפפונים בחומץ10-12 540ג,שופרסל,IL,מלפפונים בחומץ,גרמים,540.00,100 גרם,false,0,7.10,1.31,true,1,
7296073125334,false,מלפפונים בחומץ13-17 540ג,שופרסל,IL,מלפפונים בחומץ,גרמים,540.00,100 גרם,false,0,8.80,1.63,true,1,
7296073125341,false,מלפפונים בחומץ18-25 540ג,שופרסל,IL,מלפפונים בחומץ,גרמים,540.00,100 גרם,false,0,10.80,2.00,true,1,
7296073125525,false,עוגות אישיות קרם שוקו350,שופרסל,IT,עוגות אישיות,גרמים,350.00,100 גרם,false,0,16.80,4.80,true,1,
7296073125532,false,עוגות אישיות ק.חלב350גרם,שופרסל,IT,עוגות אישיות,גרמים,350.00,100 גרם,false,0,16.80,4.80,true,1,
7296073128229,false,מעדן תות שדה שופרסל284גר,LTD 99 CIMA,BG,מעדן תות שדה שופרסל284גר,גרמים,284.00,100 גרם,false,0,14.80,5.21,true,1,
7296073128236,false,מעדן מישמש שופרסל 284 גר,LTD 99 CIMA,BG,מעדן מישמש שופרסל 284 גר,גרמים,284.00,100 גרם,false,0,14.80,5.21,true,1,
7296073128250,false,מעדן אוכמניות כחולות284ג,LTD 99 CIMA,BG,מעדן אוכמניות,גרמים,284.00,100 גרם,false,0,14.80,5.21,true,1,
7296073129448,false,פתיתים טבעות שופרסל500גר,אסיף תעשיות מזון,IL,פתיתים טבעות,גרמים,500.00,100 גרם,false,0,5.50,1.10,true,1,
7296073129523,false,נר נשמה שבועי שופרסל,שופרסל,IL,נר נשמה שבועי,יחידה,1.00,יחידה,false,0,12.80,12.80,true,1,
7296073132462,false,לבבות דקל חתוכ.שופר400.ג,אינדוסטריה אגריקולה,EC,לבבות דקל,גרמים,400.00,100 גרם,false,0,9.30,2.33,true,1,
7296073132806,false,חרוזי זיתים שופרסל560גרם,קבוצת יבנה,IL,חרוזי זיתים,גרמים,560.00,100 גרם,false,0,9.30,1.66,true,1,
7296073132820,false,סלק בואקום 500 גרם,שופרסל,XX,סלק בואקום 500ג,גרמים,500.00,100 גרם,false,0,9.00,1.80,true,1,
7296073132943,false,עוגת מאפין שוק.שופרסל400,גידרון,IL,עוגת מאפין,גרמים,400.00,100 גרם,false,0,10.80,2.70,true,1,
7296073132974,false,צלחות גדולות לבן שופרסל,שופרסל,,צלחות גדולות,יחידה,1.00,יחידה,false,0,23.00,23.00,true,1,
7296073133087,false,קעריות מרק קרם שופרסל 25,שופרסל,IL,קעריות מרק,יחידה,1.00,יחידה,false,0,11.40,11.40,true,1,
7296073133131,false,"מלח למדיח שופרסל 2 ק""ג",מלח הארץ אילת,IL,מלח למדיח שופרסל,קילוגרמים,2.00,"ק""ג",false,0,12.50,6.25,true,1,
7296073134534,false,קפה טורקי שופרסל 100 גרם,שופרסל,IL,קפה טורקי שופרסל,גרמים,100.00,100 גרם,false,0,5.60,5.60,true,1,
7296073134541,false,קפה טורקי שופרסל 100*3גר,שופרסל,IL,קפה טורקי 3 יח',גרמים,300.00,100 גרם,false,0,15.80,5.27,true,1,
7296073134879,false,"משק""ל תפוזים שופרסל 1.5ל",שופרסל,IL,משקה קל תפוזים,ליטרים,1.50,ליטר,false,0,5.90,3.93,true,1,
7296073134886,false,"משק""ל אשכוליות שופרסל1.5",שופרסל,IL,משקה קל אשכוליות,ליטרים,1.50,ליטר,false,0,5.90,3.93,true,1,
7296073134930,false,שעועית ארגנטינאית 500גרם,מיה,IL,שעועית ארגנטינאי,גרמים,500.00,100 גרם,false,0,11.30,2.26,true,1,
7296073136859,false,חמאת בוטנים+שבבים שופ510,שופרסל,US,חמאת בוטנים,גרמים,510.00,100 גרם,false,0,19.70,3.86,true,1,
7296073140672,false,ממרח קרם קקאו שופרסל750ג,שופרסל,,ממרח קרם קקאו,גרמים,750.00,100 גרם,false,0,21.60,2.88,true,1,
7296073141143,false,שוקולד חלב שופרסל100 גרם,שופרסל,CH,שוקולד חלב,גרמים,100.00,100 גרם,false,0,5.00,5.00,true,1,
7296073141150,false,שוקולד מריר שוויצרי100ג,שופרסל,CH,שוקולד מריר,גרמים,100.00,100 גרם,false,0,5.00,5.00,true,1,
7296073141907,false,צלחות קטנות שופרסל כחול,שופרסל,IL,צלחות קטנות,יחידה,1.00,יחידה,false,0,11.40,11.40,true,1,
7296073143437,false,"ברנפלקס ללת""ס שופרסל 500",שופרסל,,"ברנפלקס ללת""ס",גרמים,500.00,100 גרם,false,0,18.10,3.62,true,1,
7296073146636,false,לפתן פירות,,TH,לפתן פירות,גרמים,850.00,100 גרם,false,0,9.70,1.14,true,1,
7296073146933,false,שוק.אוורירי מריר שופר100,שופרסל,CH,שוקולד אוורירי,גרמים,100.00,100 גרם,false,0,5.00,5.00,true,1,
7296073146940,false,שוק.אוורירי חלב שופר100ג,שופרסל,CH,שוקולד אוורירי,גרמים,100.00,100 גרם,false,0,5.00,5.00,true,1,
7296073146957,false,שוק.חלב שברי אגוז שופ100,שופרסל,CH,שוקולד חלב אגוז,גרמים,100.00,100 גרם,false,0,5.00,5.00,true,1,
7296073150442,false,תערובת לכדורי שוקולד500ג,שופרסל,IL,תערובת לכדורים,גרמים,500.00,100 גרם,false,0,10.00,2.00,true,1,
7296073150466,false,תערובת לפנקייק שופרסל400,שופרסל,IL,תערובת לפנקייק,גרמים,400.00,100 גרם,false,0,10.00,2.50,true,1,
7296073150756,false,שוקולד אגוזים3יח,,CH,שוקולד אגוזים3יח,גרמים,300.00,100 גרם,false,0,15.00,5.00,true,1,
7296073151470,false,פריכיות קטנות 3דגנים 50ג,שופרסל,IL,פריכיות קטנות,גרמים,50.00,100 גרם,false,0,7.80,15.60,true,1,
7296073151487,false,פריכיות מיני תפוח 50 גרם,שופרסל,IL,פריכיות תפוח,גרמים,50.00,100 גרם,false,0,7.80,15.60,true,1,
7296073151548,false,"מלח בישול שופרסל 1 ק""ג",מלח הארץ אילת,IL,מלח בישול שופרסל,קילוגרמים,1.00,"ק""ג",false,0,2.07,2.07,true,1,
7296073151555,false,"מלח שולחן שופרסל 1 ק""ג",מלח הארץ אילת,IL,מלח שולחן שופרסל,קילוגרמים,1.00,"ק""ג",false,0,2.07,2.07,true,1,
7296073153849,false,זוג רדידי אלומינ7.5*0.3מ,שופרסל,IL,זוג רדידי אלומינ,מטרים,15.00,מטר,false,0,11.30,0.75,true,1,
7296073153887,false,רדיד אלומיניום,,,רדיד אלומיניום,מטרים,7.00,מטר,false,0,10.10,1.44,true,1,
7296073156611,false,שוקולד מריר 60% קקאו100ג,שופרסל,,שוקולד מריר 60%,גרמים,100.00,100 גרם,false,0,7.40,7.40,true,1,
7296073156628,false,שוק.מריר+אגוזי לוז 100גר,שופרסל,,שוקולד+אגוזי לוז,גרמים,100.00,100 גרם,false,0,5.00,5.00,true,1,
7296073160663,false,פסטה פוזילי 3 דקות 500 ג,שופרסל,,פסטה פוזילי,גרמים,500.00,100 גרם,false,0,6.70,1.34,true,1,
7296073161493,false,שוק.מריר60%שופרסל 100*2ג,שופרסל,,שוקולד מריר זוג,גרמים,200.00,100 גרם,false,0,10.00,5.00,true,1,
7296073161509,false,שוק.חלב אגוזי לוז100*3גר,שופרסל,CH,שוקולד אגוז 3 יח,גרמים,300.00,100 גרם,false,0,15.00,5.00,true,1,
7296073161721,false,נייר אפיה שופרסל 50 דפים,שופרסל,NO,נייר אפיה שופרסל,יחידה,1.00,יחידה,false,0,14.30,14.30,true,1,
7296073161851,false,מגבונים לחים שופרסל72X3י,שופרסל,IL,מגבונים לחים 3יח,יחידה,1.00,יחידה,false,0,12.80,12.80,true,1,
7296073162001,false,עוג.קרם אגוז לוז שופר150,שופרסל,,עוגיות קרם אגוז,גרמים,150.00,100 גרם,false,0,8.70,5.80,true,1,
7296073162520,false,ברזלית בצלינדר שופרסל6יח,פלסטו פוליש,IL,ברזלית בצלינדר,יחידה,1.00,יחידה,false,0,15.20,15.20,true,1,
7296073163190,false,גרנולה אגוזים שופרסל400ג,שופרסל,,גרנולה אגוזים,גרמים,400.00,100 גרם,false,0,19.70,4.93,true,1,
7296073169550,false,3 מטליות מיקרופייבר שופר,שופרסל,,מטליות מיקרופיבר,יחידה,1.00,יחידה,false,0,14.80,14.80,true,1,
7296073169833,false,שוק.מריר 72%ל.סוכר100גר,שופרסל,,שוקולד ללא סוכר,גרמים,100.00,100 גרם,false,0,10.20,10.20,true,1,
7296073169840,false,שוק.חלב ל.סוכר שופרסל100,שופרסל,,שוקולד ללא סוכר,גרמים,100.00,100 גרם,false,0,10.20,10.20,true,1,
7296073170143,false,מטליות לניקוי כללי 50יח,שופרסל,,מטליות לחות,יחידה,1.00,יחידה,false,0,11.30,11.30,true,1,
7296073170167,false,וופל בלגי מצופה שופרס400,גילרו,IL,ופל בלגי מצופה,גרמים,400.00,100 גרם,false,0,9.90,2.48,true,1,
7296073170839,false,שוקולד לבן שוויצרי 100גר,שופרסל,,שוקולד לבן,גרמים,100.00,100 גרם,false,0,5.00,5.00,true,1,
7296073170860,false,צ'יפס קלאסי שופרסל 1.5קג,תפוגן,IL,צ'יפס קלאסי,קילוגרמים,1.50,"ק""ג",false,0,26.20,17.47,true,1,
7296073170891,false,צ'יפס זיגזג שופרסל 1.5קג,תפוגן,IL,צ'יפס זיגזג,קילוגרמים,1.50,"ק""ג",false,0,26.20,17.47,true,1,
7296073171126,false,שוק.לבן שוויצרי 100*3 גר,שופרסל,,שוקולד לבן 3 יח',גרמים,300.00,100 גרם,false,0,15.00,5.00,true,1,
7296073173229,false,שעועית ירוקה חתוכה שופרס,ARDO,BE,שעועית ירוקה,גרמים,800.00,100 גרם,false,0,17.10,2.14,true,1,
7296073173304,false,"קמח חיטה לאפיית לחם 1ק""ג",שופרסל,,קמח לאפית לחם,קילוגרמים,1.00,"ק""ג",false,0,6.80,6.80,true,1,
7296073179689,false,עינוגי פקאן שופרסל 400גר,שופרסל,DE,עינוגי פקאן,גרמים,400.00,100 גרם,false,0,18.50,4.63,true,1,
7296073179863,false,דבש טבעי לחיץ שופרסל250ג,שופרסל,,דבש לחיץ,גרמים,250.00,100 גרם,false,0,16.80,6.72,true,1,
7296073179979,false,תחתיות ארטישוק שופרסל 00,LTD ALEX COLD,EG,תחתיות ארטישוק שופרסל 00,גרמים,400.00,100 גרם,false,0,20.00,5.00,true,1,
7296073180203,false,עלי רוקט שטופים 150גרם,פרסקו,IL,עלי רוקט150ג',גרמים,150.00,100 גרם,false,0,10.50,7.00,true,1,
7296073180630,false,מטליות לחות לרצפה 10יח,טרופיקל דגיל,IL,מטליות לחות,יחידה,1.00,יחידה,false,0,11.30,11.30,true,1,
7296073180852,false,חטיפי דגנים 5 יח,,,חטיפי דגנים 5 יח,גרמים,210.00,100 גרם,false,0,13.80,6.57,true,1,
7296073180869,false,חטיפי דגנים 5 יח,,,חטיפי דגנים 5 יח,גרמים,210.00,100 גרם,false,0,13.80,6.57,true,1,
7296073180876,false,טלק ריחני שופרסל,,IL,טלק ריחני שופרסל,גרמים,200.00,100 גרם,false,0,14.00,7.00,true,1,
7296073180944,false,מטלית רצפה,,CN,מטלית רצפה,יחידה,1.00,יחידה,false,0,9.90,9.90,true,1,
7296073187363,false,פחם דרום אמריקאי,,PY,פחם דרום אמריקאי,קילוגרמים,2.00,"ק""ג",false,0,14.80,7.40,true,1,
7296073188520,false,נייר סנדביץ,,PL,נייר סנדביץ,יחידה,1.00,יחידה,false,0,13.50,13.50,true,1,
7296073188674,false,חטיפי קרקר,,,חטיפי קרקר,גרמים,350.00,100 גרם,false,0,10.30,2.94,true,1,
7296073188711,false,חטיפי קרקר,,,חטיפי קרקר,גרמים,350.00,100 גרם,false,0,10.30,2.94,true,1,
7296073189282,false,פולי סויה בקליפה 450גרם,LTD NEWLAND,CN,פולי סויה,גרמים,450.00,100 גרם,false,0,13.60,3.02,true,1,
7296073189558,false,קרקר מלוח,,IL,קרקר מלוח,גרמים,220.00,100 גרם,false,0,7.40,3.36,true,1,
7296073191162,false,יין אדום מתוק קדרון650מל,הכורמים,IL,יין אדום מתוק קדרון650מל,מיליליטרים,650.00,"100 מ""ל",false,0,15.50,2.38,true,1,
7296073192596,false,לקט לחמין שופרסל 800גרם,פרי גליל,GB,לקט לחמין,גרמים,800.00,100 גרם,false,0,18.70,2.34,true,1,
7296073192657,false,גרגרי חומוס שופרסל 800גר,פרי גליל,GB,גרגרי חומוס,גרמים,800.00,100 גרם,false,0,18.20,2.28,true,1,
7296073192893,false,סבון כחול שופרסל 500*3,אמיליה קוסמטיקס,IL,סבון שופרסל,ליטרים,1.50,ליטר,false,0,14.80,9.87,true,1,
7296073193791,false,ברוקולי שטוף 400גרם,פרסקו,IL,ברוקולי שטוף,גרמים,400.00,100 גרם,false,0,15.00,3.75,true,1,
7296073195115,false,דייסת קורנפלור שופרסל200,שופרסל,IL,דייסת קורנפלור,גרמים,200.00,100 גרם,false,0,9.80,4.90,true,1,
7296073195245,false,חלווה אורגנית גרין 300גר,"אחדות בע""מ א.ת. ברקן",IL,חלווה אורגנית,גרמים,300.00,100 גרם,false,0,14.80,4.93,true,1,
7296073195924,false,אטריות רחבות שופרסל400ג,שיבולים בני דרום,IL,אטריות דקות,גרמים,400.00,100 גרם,false,0,5.70,1.43,true,1,
7296073197461,false,שוקולד חלב 3 יח,,CH,שוקולד חלב 3 יח,גרמים,300.00,100 גרם,false,0,10.00,3.33,true,1,
7296073197478,false,שוקולד מריר 3 יח,,CH,שוקולד מריר 3 יח,גרמים,300.00,100 גרם,false,0,10.00,3.33,true,1,
7296073197652,false,ארוחת אטריות בטעם ירקות,LTD EVERGLORY,CN,ארוחת אטריות,גרמים,65.00,100 גרם,false,0,4.30,6.62,true,1,
7296073199380,false,רוטב צ'ילי מתוק שופר810ג,תאי פרידה אינדסטרי,TH,רוטב צ'ילי מתוק,גרמים,810.00,100 גרם,false,0,13.80,1.70,true,1,
7296073200987,false,פטריות חתוכות 3 * 400 גר,פרוצ'אמפ,DE,פטריות חתוכות3יח,קילוגרמים,1.20,"ק""ג",false,0,13.50,11.25,true,1,
7296073201427,false,סילאן 350 גרם,,IL,סילאן 350 גרם,גרמים,350.00,100 גרם,false,0,10.20,2.91,true,1,
7296073201434,false,סילאן שופרסל,,IL,סילאן שופרסל,גרמים,900.00,100 גרם,false,0,15.80,1.76,true,1,
7296073202493,false,שוקולד חלב 6 יח,,CH,שוקולד חלב 6 יח,גרמים,600.00,100 גרם,false,0,20.00,3.33,true,1,
7296073202813,false,קרם ידיים לעור רגיל 100,אמיליה קוסמטיקס,IL,קרם ידיים שופרסל,מיליליטרים,100.00,"100 מ""ל",false,0,11.50,11.50,true,1,
7296073203391,false,"מיקס מזון לכלבים 3 ק""ג",EFFEFFE,IT,מיקס מזון לכלבים,קילוגרמים,3.00,"ק""ג",false,0,44.50,14.83,true,1,
7296073204879,false,שניצל תירס שופרסל 750גרם,תפוגן,IL,שניצל תירס,גרמים,750.00,100 גרם,false,0,21.70,2.89,true,1,
7296073205081,false,מיונז,,IL,מיונז,גרמים,500.00,100 גרם,false,0,6.90,1.38,true,1,
7296073205111,false,"ניוקי תפו""א",,IT,"ניוקי תפו""א",גרמים,500.00,100 גרם,false,0,13.80,2.76,true,1,
7296073205395,false,עגבנ.מרוסקות גרין300*2גר,פרי גליל,IL,עגבניות מרוסקות,גרמים,600.00,100 גרם,false,0,13.80,2.30,true,1,
7296073205463,false,פנה אורגני,,IT,פנה אורגני,גרמים,500.00,100 גרם,false,0,8.80,1.76,true,1,
7296073205487,false,ספגטי מלא אורגני,,IT,ספגטי מלא אורגני,גרמים,500.00,100 גרם,false,0,8.80,1.76,true,1,
7296073206354,false,דבש הדרים,,IL,דבש הדרים,גרמים,500.00,100 גרם,false,0,25.70,5.14,true,1,
7296073207115,false,מגבונים נשטפים,,IL,מגבונים נשטפים,יחידה,1.00,יחידה,false,0,6.70,6.70,true,1,
7296073208136,false,סרדינים ש.סויה פיקנטי110,,TH,סרדינים ש.סויה פיקנטי110,גרמים,110.00,100 גרם,false,0,6.00,5.45,true,1,
7296073208143,false,"פחם דחוס 2 ק""ג",,PY,"פחם דחוס 2 ק""ג",קילוגרמים,2.00,"ק""ג",false,0,18.30,9.15,true,1,
7296073208624,false,סילאן לחיץ,,IL,סילאן לחיץ,גרמים,400.00,100 גרם,false,0,13.40,3.35,true,1,
7296073209225,false,"3ספוגיות קירצוף 9*72 ס""מ",פלסטו פוליש,IL,ספוגיות קירצוף,יחידה,1.00,יחידה,false,0,9.10,9.10,true,1,
7296073209928,false,בייגלה שטוח,,IL,בייגלה שטוח,גרמים,300.00,100 גרם,false,0,8.40,2.80,true,1,
7296073211969,false,וופל בלגי שופרסל 200 גרם,גילרו,IL,וופל בלגי,גרמים,200.00,100 גרם,false,0,4.60,2.30,true,1,
7296073212089,false,מרק פטריות שופרסל 400גרם,פרי גליל,IL,מרק פטריות,גרמים,400.00,100 גרם,false,0,17.70,4.43,true,1,
7296073212096,false,מרק עוף שופרסל 400 גרם,פרי גליל,IL,מרק עוף,גרמים,400.00,100 גרם,false,0,14.80,3.70,true,1,
7296073214113,false,חצאי משמש בסירופ,,CN,חצאי משמש בסירופ,גרמים,820.00,100 גרם,false,0,9.80,1.20,true,1,
7296073214137,false,פלחי אפרסקים,,CN,פלחי אפרסקים,גרמים,820.00,100 גרם,false,0,9.00,1.10,true,1,
7296073215820,false,כורכום טחון,,IL,כורכום טחון,גרמים,100.00,100 גרם,false,0,8.90,8.90,true,1,
7296073215899,false,כמון טחון,,IL,כמון טחון,גרמים,100.00,100 גרם,false,0,12.00,12.00,true,1,
7296073215936,false,קנמון טחון,,IL,קנמון טחון,גרמים,80.00,100 גרם,false,0,11.30,14.13,true,1,
7296073215981,false,אבקת שום,,IL,אבקת שום,גרמים,90.00,100 גרם,false,0,8.80,9.78,true,1,
7296073216056,false,תיבול לשווארמה,,IL,תיבול לשווארמה,גרמים,100.00,100 גרם,false,0,8.90,8.90,true,1,
7296073216063,false,חוואג' למרק,,IL,חוואג' למרק,גרמים,100.00,100 גרם,false,0,8.90,8.90,true,1,
7296073216070,false,פטרוזיליה תבלין,,IL,פטרוזיליה תבלין,גרמים,20.00,100 גרם,false,0,7.40,37.00,true,1,
7296073216124,false,בזיליקום תבלין,,IL,בזיליקום תבלין,גרמים,30.00,100 גרם,false,0,5.40,18.00,true,1,
7296073216148,false,פלפל שחור טחון,,IL,פלפל שחור טחון,גרמים,100.00,100 גרם,false,0,13.80,13.80,true,1,
7296073216155,false,פלפל שחור,,IL,פלפל שחור,גרמים,40.00,100 גרם,false,0,12.20,30.50,true,1,
7296073216209,false,פלפל שחור,,IL,פלפל שחור,גרמים,35.00,100 גרם,false,0,10.90,31.14,true,1,
7296073216223,false,פפריקה מתוקה,,IL,פפריקה מתוקה,גרמים,80.00,100 גרם,false,0,7.10,8.88,true,1,
7296073216278,false,פפריקה מרוקאית,,IL,פפריקה מרוקאית,גרמים,90.00,100 גרם,false,0,9.10,10.11,true,1,
7296073217527,false,אטריות אורז חום רחבות226,LTD FOOD ETHICAL,IL,אטריות אורז חום רחבות226,גרמים,226.00,100 גרם,false,0,9.80,4.34,true,1,
7296073218333,false,פופקורן מופחת,,US,פופקורן מופחת,גרמים,510.00,100 גרם,false,0,14.80,2.90,true,1,
7296073218661,false,מטליות לרצפה 3יח,,CN,מטליות לרצפה 3יח,יחידה,1.00,יחידה,false,0,22.80,22.80,true,1,
7296073218739,false,"סט אוכל שקוף מרובע ח""פ",,IL,"סט אוכל שקוף מרובע ח""פ",יחידה,1.00,יחידה,false,0,79.00,79.00,true,1,
7296073218753,false,פתי בר,,NL,פתי בר,גרמים,500.00,100 גרם,false,0,9.80,1.96,true,1,
7296073218807,false,בישקוטים,,IT,בישקוטים,גרמים,200.00,100 גרם,false,0,7.80,3.90,true,1,
7296073219118,false,אבקת כביסה,,IL,אבקת כביסה,קילוגרמים,2.50,"ק""ג",false,0,21.70,8.68,true,1,
7296073219156,false,פירורי לחם לבן,,IL,פירורי לחם לבן,גרמים,350.00,100 גרם,false,0,6.70,1.91,true,1,
7296073219255,false,קפה נמס,,IL,קפה נמס,גרמים,200.00,100 גרם,false,0,13.80,6.90,true,1,
7296073219262,false,קפה טורקי עם הל,,IL,קפה טורקי עם הל,גרמים,100.00,100 גרם,false,0,6.70,6.70,true,1,
7296073219347,false,לחם אחיד פרוס750ג שופרסל,מאפית ברמן,IL,לחם אחיד פרוס,גרמים,750.00,100 גרם,false,0,6.90,0.92,true,1,
7296073219576,false,שקיות אשפה,,IL,שקיות אשפה,יחידה,1.00,יחידה,false,0,22.90,22.90,true,1,
7296073219606,false,כדורי דגנים,,IL,כדורי דגנים,גרמים,500.00,100 גרם,false,0,12.80,2.56,true,1,
7296073219668,false,עלי גפן ממולאים 400 גרם,LTD ESME,TR,עלי גפן ממולאים,גרמים,400.00,100 גרם,false,0,8.70,2.18,true,1,
7296073219675,false,פלפל שחור גרוס,,IL,פלפל שחור גרוס,גרמים,80.00,100 גרם,false,0,11.20,14.00,true,1,
7296073219897,false,פודינג וניל,,IL,פודינג וניל,גרמים,80.00,100 גרם,false,0,5.20,6.50,true,1,
7296073219910,false,ג'לי משמש,,IL,ג'לי משמש,גרמים,85.00,100 גרם,false,0,5.80,6.82,true,1,
7296073219941,false,חטיף דגנים שוקו+שוק23*6ג,back and Snack,AT,חטיף דגנים,גרמים,138.00,100 גרם,false,0,10.90,7.90,true,1,
7296073219958,false,חט.דגנים שוקו+מריר23*6ג,back and Snack,AT,חטיף דגנים,גרמים,138.00,100 גרם,false,0,10.90,7.90,true,1,
7296073220008,false,ממתיק על בסיס סוכרלוז100,"ביסקול בע""מ",IL,ממתיק סוכרלוז,גרמים,100.00,100 גרם,false,0,17.70,17.70,true,1,
7296073220022,false,אבקת קקאו,,IL,אבקת קקאו,גרמים,150.00,100 גרם,false,0,9.80,6.53,true,1,
7296073220121,false,חטיפי קרח,,IL,חטיפי קרח,ליטרים,2.10,ליטר,false,0,12.00,5.71,true,1,
7296073220251,false,אבקת קקאו,,IL,אבקת קקאו,גרמים,500.00,100 גרם,false,0,26.70,5.34,true,1,
7296073220398,false,חטיפי קרח,,IL,חטיפי קרח,מיליליטרים,800.00,"100 מ""ל",false,0,7.80,0.98,true,1,
7296073220404,false,פטל אדום קפוא שופרסל 300,d.o.o Lukowa,YU,פטל אדום,גרמים,300.00,100 גרם,false,0,16.80,5.60,true,1,
7296073220411,false,אוכמניות קפוא שופרסל 300,d.o.o Lukowa,YU,אוכמניות,גרמים,300.00,100 גרם,false,0,16.80,5.60,true,1,
7296073221326,false,"כפית קרם ח""פ 100 יח'",.,IL,"כפית קרם ח""פ",יחידה,1.00,יחידה,false,0,6.90,6.90,true,1,
7296073221333,false,"מזלג קרם ח""פ 100 יח'",.,IL,"מזלג קרם ח""פ",יחידה,1.00,יחידה,false,0,8.90,8.90,true,1,
7296073221340,false,"סכין קרם ח""פ 100 יח'",.,IL,"סכין קרם ח""פ",יחידה,1.00,יחידה,false,0,8.90,8.90,true,1,
7296073221661,false,"סוכריות לל""ס לימון 80גרם",טופגאם,IL,סוכריות ללא סוכר,גרמים,80.00,100 גרם,false,0,6.80,8.50,true,1,
7296073221685,false,"סוכ.לל""ס בטעם פסיפלורה80",טופגאם,IL,סוכריות ללא סוכר,גרמים,80.00,100 גרם,false,0,6.80,8.50,true,1,
7296073222255,false,סלמי מעושן שופרסל 400 גר,מעדני יחיעם,IL,סלמי מעושן,גרמים,400.00,100 גרם,false,0,21.70,5.43,true,1,
7296073222309,false,ג'חנון קפוא שופרסל 650 ג,אופרה,IL,ג'חנון קפוא שופר,גרמים,650.00,100 גרם,false,0,12.80,1.97,true,1,
7296073222774,false,"כוסות קפה ח""פ",,IL,"כוסות קפה ח""פ",יחידה,1.00,יחידה,false,0,7.90,7.90,true,1,
7296073222903,false,סט עגול שקוף עם חריטה חד,,IL,סט עגול שקוף עם חריטה חד,יחידה,1.00,יחידה,false,0,79.00,79.00,true,1,
7296073222927,false,מארז קערות קטן מרובע שקו,,IL,מארז קערות קטן מרובע שקו,יחידה,1.00,יחידה,false,0,39.00,39.00,true,1,
7296073223061,false,תה ירוק,,LK,תה ירוק,גרמים,37.00,100 גרם,false,0,12.90,34.86,true,1,
7296073223078,false,תה ירוק,,LK,תה ירוק,גרמים,37.00,100 גרם,false,0,12.90,34.86,true,1,
7296073223085,false,תה ירוק,,LK,תה ירוק,גרמים,37.00,100 גרם,false,0,12.90,34.86,true,1,
7296073223108,false,תה ארל גריי 25שק,,LK,תה ארל גריי 25שק,גרמים,37.00,100 גרם,false,0,5.00,13.51,true,1,
7296073223115,false,תה קלאסי,,LK,תה קלאסי,גרמים,150.00,100 גרם,false,0,7.90,5.27,true,1,
7296073224006,false,מזון חתולים,,FR,מזון חתולים,גרמים,400.00,100 גרם,false,0,7.90,1.98,true,1,
7296073224044,false,מזון לכלב,,FR,מזון לכלב,גרמים,400.00,100 גרם,false,0,7.90,1.98,true,1,
7296073224051,false,מזון כלבים,,FR,מזון כלבים,גרמים,400.00,100 גרם,false,0,7.90,1.98,true,1,
7296073224365,false,קמח שמרים,,IL,קמח שמרים,קילוגרמים,1.00,"ק""ג",false,0,9.80,9.80,true,1,
7296073224389,false,אורז חום,,IL,אורז חום,גרמים,500.00,100 גרם,false,0,11.80,2.36,true,1,
7296073224471,false,עדשים אדומות,,IL,עדשים אדומות,גרמים,500.00,100 גרם,false,0,11.80,2.36,true,1,
7296073224488,false,בורגול אורגני,,IL,בורגול אורגני,גרמים,500.00,100 גרם,false,0,8.80,1.76,true,1,
7296073224525,false,שיבולת שועל,,IL,שיבולת שועל,גרמים,500.00,100 גרם,false,0,11.80,2.36,true,1,
7296073224587,false,כרוב אדום שופרסל 400 גרם,סלטי שמיר,IL,סלט כרוב אדום,גרמים,400.00,100 גרם,false,0,8.90,2.23,true,1,
7296073224631,false,"אורז פרסי שופרסל 1 ק""ג",ltd co produce Uthai,TH,אורז פרסי,קילוגרמים,1.00,"ק""ג",false,0,6.80,6.80,true,1,
7296073224754,false,חליטת פירות יער שופרסל25,רפאלס,DE,חליטת פירות יער,גרמים,50.00,100 גרם,false,0,11.80,23.60,true,1,
7296073224778,false,חליטת ורד הבר שופרסל25שק,רפאלס,DE,חליטת ורד הבר,גרמים,62.00,100 גרם,false,0,11.80,19.03,true,1,
7296073224785,false,חליטת קמומיל שופרסל 25שק,רפאלס,DE,חליטת קמומיל,גרמים,37.00,100 גרם,false,0,11.80,31.89,true,1,
7296073224792,false,ג'ל כביסה קפס,,IL,ג'ל כביסה קפס,יחידה,1.00,יחידה,false,0,11.90,11.90,true,1,
7296073224808,false,ג'ל כביסה שופרסל,,IL,ג'ל כביסה שופרסל,יחידה,1.00,יחידה,false,0,19.80,19.80,true,1,
7296073224815,false,מרכך מרוכז כחול,,IL,מרכך מרוכז כחול,ליטרים,1.00,ליטר,false,0,11.80,11.80,true,1,
7296073224822,false,מרכך מרוכז ורוד,,IL,מרכך מרוכז ורוד,ליטרים,1.00,ליטר,false,0,11.80,11.80,true,1,
7296073224839,false,מרכך מרוכז לבן,,IL,מרכך מרוכז לבן,ליטרים,1.00,ליטר,false,0,11.80,11.80,true,1,
7296073224884,false,לקט ירקות מעורבים 800גרם,ARDO,BE,לקט ירקות,גרמים,800.00,100 גרם,false,0,18.70,2.34,true,1,
7296073224914,false,פלסטרים מבד,,IL,פלסטרים מבד,יחידה,1.00,יחידה,false,0,7.80,7.80,true,1,
7296073224921,false,פלסטרים שקופים,,IL,פלסטרים שקופים,יחידה,1.00,יחידה,false,0,7.80,7.80,true,1,
7296073225072,false,לחמניות שופרסל 6יח75*גר,מאפיית שלמה א. אנג'ל,IL,לחמניות 6יחידות,גרמים,450.00,100 גרם,false,0,9.80,2.18,true,1,
7296073225492,false,רסק עגבניות 22% 260 גרם,פריניר,IL,רסק עגבניות,גרמים,260.00,100 גרם,false,0,3.60,1.38,true,1,
7296073225515,false,"מכסים לכוסות קפה ח""פ 50",.,CN,מכסים לכוסות קפה,יחידה,1.00,יחידה,false,0,8.90,8.90,true,1,
7296073225522,false,כוסות אספרסו חד פעמי 50,.,CN,"כוסות אספרסו ח""פ",יחידה,1.00,יחידה,false,0,6.90,6.90,true,1,
7296073225560,false,"וופל שוקולד ללת""ס200גרם",מנעמים,IL,וופל שוקולד ללתס,גרמים,200.00,100 גרם,false,0,7.80,3.90,true,1,
7296073225577,false,"וופל בלגי שוקו.ללת""ס200ג",גילרו,IL,וופל בלגי שוקולד,גרמים,200.00,100 גרם,false,0,8.80,4.40,true,1,
7296073225591,false,אורז בסמטי,,IN,אורז בסמטי,קילוגרמים,1.00,"ק""ג",false,0,14.80,14.80,true,1,
7296073225607,false,חטיפי קרקר,,IT,חטיפי קרקר,גרמים,150.00,100 גרם,false,0,8.80,5.87,true,1,
7296073225621,false,חטיפי קרקר,,IT,חטיפי קרקר,גרמים,150.00,100 גרם,false,0,8.80,5.87,true,1,
7296073225744,false,חצילים על האש שופרסל400ג,סלטי שמיר,IL,סלט חצילים,גרמים,400.00,100 גרם,false,0,8.90,2.23,true,1,
7296073225768,false,סלט מטבוחה שופרסל 400גרם,סלטי שמיר,IL,סלט מטבוחה,גרמים,400.00,100 גרם,false,0,8.90,2.23,true,1,
7296073225775,false,רצועות סלק שופרסל 400גרם,סלטי שמיר,IL,סלט סלק שופרסל,גרמים,400.00,100 גרם,false,0,8.90,2.23,true,1,
7296073225782,false,פוקט טישיו 6 יח,,IT,פוקט טישיו 6 יח,יחידה,1.00,יחידה,false,0,5.90,5.90,true,1,
7296073226154,false,ביסקוויט שוקולד מריר125,.,DE,ביסקוויט מצופה,גרמים,125.00,100 גרם,false,0,8.80,7.04,true,1,
7296073226161,false,ביסקוויט שוקולד חלב125גר,.,DE,ביסקוויט מצופה,גרמים,125.00,100 גרם,false,0,8.80,7.04,true,1,
7296073226291,false,חיתולים שופרסל,,IL,חיתולים שופרסל,יחידה,1.00,יחידה,false,0,33.60,33.60,true,1,
7296073226529,false,וופל קוביות שוקולד 250גר,בלקוני,IT,וופל קוביות,גרמים,250.00,100 גרם,false,0,8.90,3.56,true,1,
7296073226550,false,דובדבנים חמוצים מגולענים,Kft Gloster,HU,דובדבנים חמוצים,גרמים,720.00,100 גרם,false,0,11.80,1.64,true,1,
7296073226680,false,חט.דגנים שוק.חלב+ביסקויט,back and Snack,IL,חטיף דגנים,גרמים,138.00,100 גרם,false,0,10.90,7.90,true,1,
7296073227069,false,מים בטעם ענבים,,IL,מים בטעם ענבים,ליטרים,1.50,ליטר,false,0,5.90,3.93,true,1,
7296073227083,false,מים בטעם תפוח,,IL,מים בטעם תפוח,ליטרים,1.50,ליטר,false,0,5.90,3.93,true,1,
7296073227090,false,מים בטעם אפרסק,,IL,מים בטעם אפרסק,ליטרים,1.50,ליטר,false,0,5.90,3.93,true,1,
7296073228851,false,מגבונ.ללא בישום 64*5יח,שופרסל,IL,מגבונים,יחידה,1.00,יחידה,false,0,26.50,26.50,true,1,
7296073229650,false,סירופ טעם שוקולד,,IL,סירופ טעם שוקולד,גרמים,600.00,100 גרם,false,0,11.80,1.97,true,1,
7296073229667,false,סירופ טעם מייפל,,IL,סירופ טעם מייפל,גרמים,600.00,100 גרם,false,0,11.80,1.97,true,1,
7296073229711,false,ג'ל רח.פסיפלורה שופרס750,"טרופיקל דגיל תעשיות קוסמטיקה בע""מ",IL,ג'ל רחצה,מיליליטרים,750.00,"100 מ""ל",false,0,8.80,1.17,true,1,
7296073229728,false,ג'ל רח. אלוורה שופרסל750,"טרופיקל דגיל תעשיות קוסמטיקה בע""מ",IL,ג'ל רחצה,מיליליטרים,750.00,"100 מ""ל",false,0,8.80,1.17,true,1,
7296073229735,false,תחליב רח.קלאסי שופרסל750,"טרופיקל דגיל תעשיות קוסמטיקה בע""מ",IL,תחליב רחצה,מיליליטרים,750.00,"100 מ""ל",false,0,8.80,1.17,true,1,
7296073229742,false,תחליב רח.מאסק שופרסל750,"טרופיקל דגיל תעשיות קוסמטיקה בע""מ",IL,תחליב רחצה,מיליליטרים,750.00,"100 מ""ל",false,0,8.80,1.17,true,1,
7296073229889,false,"קטשופ שופרסל 1 ק""ג",סוגל,PT,קטשופ,קילוגרמים,1.00,"ק""ג",false,0,12.80,12.80,true,1,
7296073229940,false,"אורז בסמטי בצנצנת 1 ק""ג",.,IN,אורז בסמטי,קילוגרמים,1.00,"ק""ג",false,0,14.90,14.90,true,1,
7296073229957,false,פיצוצי נוגט,,IL,פיצוצי נוגט,גרמים,750.00,100 גרם,false,0,15.80,2.11,true,1,
7296073229964,false,פיצוצי שוקו,,IL,פיצוצי שוקו,גרמים,750.00,100 גרם,false,0,15.80,2.11,true,1,
7296073230052,false,מנקה רצפות דוחה חרקים2ל,קליר כימיקלים,IL,מנקה רצפות,ליטרים,2.00,ליטר,false,0,19.50,9.75,true,1,
7296073230069,false,מנקה רצפות פרקט 2 ליטר,קליר כימיקלים,IL,מנקה רצפות,ליטרים,2.00,ליטר,false,0,19.50,9.75,true,1,
7296073230076,false,מנקה רצפות שיש וקרמיקה2ל,קליר כימיקלים,IL,מנקה רצפות,ליטרים,2.00,ליטר,false,0,19.50,9.75,true,1,
7296073230113,false,לפתן פירות בסירופ קל225ג,.,CN,לפתן פירות,גרמים,225.00,100 גרם,false,0,5.20,2.31,true,1,
7296073230410,false,"כוסות קפה ח""פ",,IL,"כוסות קפה ח""פ",יחידה,1.00,יחידה,false,0,7.90,7.90,true,1,
7296073230502,false,ניילון נצמד 60 מטר,אופל אריזות,IL,ניילון נצמד,מטרים,60.00,מטר,false,0,12.80,0.21,true,1,
7296073230571,false,אורז יסמין אורג.גרין500ג,יותאי פרודוס קומפני,TH,אורז יסמין אורג.גרין500ג,גרמים,500.00,100 גרם,false,1,13.80,2.76,true,1,
7296073230601,false,"אורז ארוך מלא 1 ק""ג",ltd co produce Uthai,TH,אורז ארוך מלא,קילוגרמים,1.00,"ק""ג",false,0,5.00,5.00,true,1,
7296073230618,false,"אורז תאילנדי 1 ק""ג",ltd co produce Uthai,TH,אורז תאילנדי,קילוגרמים,1.00,"ק""ג",false,0,4.90,4.90,true,1,
7296073230632,false,דגני טבעות דבש 500 גרם,UAB FOODS CERERA,LT,טבעות דבש,גרמים,500.00,100 גרם,false,0,12.80,2.56,true,1,
7296073230656,false,מגבות נייר שופרסל 6 גל.,שניב תעשיות נייר,IL,מגבות נייר,מטרים,63.00,מטר,false,0,10.80,0.17,true,1,
7296073230663,false,מגבות נייר שופרסל 8 גל.,שניב תעשיות נייר,IL,מגבות נייר,מטרים,84.00,מטר,false,0,11.90,0.14,true,1,
7296073230700,false,אקונומיקה מבושמת 4 ליטר,קליר כימיקלים,IL,אקונומיקה מבושמת,ליטרים,4.00,ליטר,false,0,9.90,2.48,true,1,
7296073230724,false,אקונומיקה 4 ליטר,קליר כימיקלים,IL,אקונומיקה 4 ליטר,ליטרים,4.00,ליטר,false,0,9.80,2.45,true,1,
7296073230731,false,נוזל כלים 24% תפוח 750מל,קליר כימיקלים,IL,נוזל לכלים תפוח,מיליליטרים,750.00,"100 מ""ל",false,0,5.90,0.79,true,1,
7296073230755,false,מיץ ענבים תירוש 1 ליטר,יקבי ירושלים,IL,מיץ ענבים תירוש,ליטרים,1.00,ליטר,false,0,13.80,13.80,true,1,
7296073230854,false,קינואה שופרסל 500 גרם,granos dr procesadora,PE,קינואה,גרמים,500.00,100 גרם,false,0,23.30,4.66,true,1,
7296073230939,false,מים מינרלים שופרסל1.5*6ל,LTD TRADE NOVA,BG,מים מינרלים 6 יח,ליטרים,9.00,ליטר,false,0,9.80,1.09,true,1,
7296073231240,false,חט.פריכיות שוקו חלב18*5ג,בנליין פודס,YU,חטיף פריכיות,גרמים,90.00,100 גרם,false,1,10.80,12.00,true,1,
7296073231264,false,חט.פריכיות שוקו תות18*5,בנליין פודס,YU,חטיף פריכיות,גרמים,90.00,100 גרם,false,1,10.80,12.00,true,1,
7296073231547,false,חלב 1% בקרטון שופרסל 1ל,מחלבות רמת הגולן,IL,חלב 1% קרטון 1ל',ליטרים,1.00,ליטר,false,1,5.30,5.30,true,1,
7296073231554,false,חלב 3% בקרטון שופרסל 1ל,מחלבות רמת הגולן,IL,חלב 3% קרטון 1ל',ליטרים,1.00,ליטר,false,1,5.50,5.50,true,1,
7296073231561,false,שמנת עמידה לקצפת38% 250ג,מחלבות רמת הגולן,IL,שמנת עמידה 38%,מיליליטרים,250.00,"100 מ""ל",false,1,5.90,2.36,true,1,
7296073231578,false,שוקו בקרטון שופרסל 1 ל',מחלבות רמת הגולן,IL,שוקו קרטון 1ליטר,ליטרים,1.00,ליטר,false,1,9.80,9.80,true,1,
7296073231769,false,חול לחתולים נטול ריח10ק,בנטס בנטוניט,TR,חול לחתלים,קילוגרמים,10.00,"ק""ג",false,1,54.90,5.49,true,1,
7296073232124,false,גב.פרמז'ן קשה27%שופר200ג,.,IT,גב.פרמז'ן קשה27%שופר200ג,גרמים,200.00,100 גרם,false,1,21.70,10.85,true,1,
7296073232377,false,חלב1% נטול לקטוז גרין1ל,מחלבת רמת-הגולן,IL,חלב נטול לקטוז,ליטרים,1.00,ליטר,false,1,8.90,8.90,true,1,
7296073232384,false,שוקו נטול לקטוז1%גרין1ל,מחלבת רמת-הגולן,IL,שוקו נטול לקטוז,ליטרים,1.00,ליטר,false,1,8.90,8.90,true,1,
7296073232391,false,"סוכר לבן שופרסל 1 ק""ג","אגרנה צוקר בע""מ",AT,סוכר לבן,קילוגרמים,1.00,"ק""ג",false,1,4.50,4.50,true,1,
7296073232438,false,משקה חלב מועשר 1% 1ליטר,מחלבות רמת הגולן,IL,משקה חלב מועשר1%,ליטרים,1.00,ליטר,false,1,7.90,7.90,true,1,
7296073234104,false,עוגיות וניל שוקוצ'יפס600,גידרון,IL,עוגיות טעם וניל,גרמים,600.00,100 גרם,false,1,13.90,2.32,true,1,
7296073234661,false,חטיף בוטנים שופרסל 25 גר,חטיפי העמק,IL,חטיף בוטנים,גרמים,25.00,100 גרם,false,1,1.90,7.60,true,1,
7296073234678,false,חטיף בוטנים שופרסל 80 גר,חטיפי העמק,IL,חטיף בוטנים שופרסל 80 גר,גרמים,80.00,100 גרם,false,1,3.80,4.75,true,1,
7296073234685,false,חטיף בוטנים 10 * 25גר,חטיפי העמק,IL,חטיף בוטנים 10יח,גרמים,250.00,100 גרם,false,1,13.80,5.52,true,1,
7296073234692,false,חטיף חיטה בטעם גריל 70ג,מנה,IL,חטיף חיטה גריל,גרמים,70.00,100 גרם,false,1,3.70,5.29,true,1,
7296073234708,false,חטיף בטעם גריל 200 גרם,מנה,IL,חטיף בטעם גריל 200 גרם,גרמים,200.00,100 גרם,false,1,6.30,3.15,true,1,
7296073234715,false,חטיף חיטה בטעם בצל 70גרם,מנה,IL,חטיף חיטה בצל,גרמים,70.00,100 גרם,false,1,3.70,5.29,true,1,
7296073234722,false,חטיף בטעם בצל 200 גרם,מנה,IL,חטיף בטעם בצל 200 גרם,גרמים,200.00,100 גרם,false,1,6.30,3.15,true,1,
7296073234739,false,חטיף חיטה טעם ברביקיו70ג,מנה,IL,חטיף חיטה ברבקיו,גרמים,70.00,100 גרם,false,1,3.70,5.29,true,1,
7296073234746,false,חטיף בטעם ברביקיו 200גרם,מנה,IL,חטיף בטעם ברביקיו 200גרם,גרמים,200.00,100 גרם,false,1,6.30,3.15,true,1,
7296073234753,false,חטיף תירס קלאסי 50 גרם,מנה,IL,חטיף תירס קלאסי 50 גרם,גרמים,50.00,100 גרם,false,1,4.70,9.40,true,1,
7296073234777,false,חטיף תפוחי אדמה 40 גרם,מנה,IL,חטיף תפוחי אדמה,גרמים,40.00,100 גרם,false,1,4.00,10.00,true,1,
7296073235637,false,דבש טבעי מפרחי שדה 350ג,אפידבה,RO,דבש טבעי,גרמים,350.00,100 גרם,false,1,14.90,4.26,true,1,
7296073236313,false,ג'ל אקונומיקה שופרסל 4ל,קליר כימיקלים,IL,ג'ל אקונומיקה,ליטרים,4.00,ליטר,false,1,12.80,3.20,true,1,
7296073236368,false,גבינה צהובה 28% 200 גרם,ויליפוד,IL,גבינה צהובה 28%,גרמים,200.00,100 גרם,false,1,11.80,5.90,true,1,
7296073236412,false,50 דפי שעווה שופרסל,שופרסל,CN,דפי שעווה שופרסל,יחידה,1.00,יחידה,false,1,17.70,17.70,true,1,
7296073236603,false,"שמנת לבישול 15% 250 מ""ל",מחלבת רמת-הגולן,IL,שמנת לבישול 15%,מיליליטרים,250.00,"100 מ""ל",false,1,6.70,2.68,true,1,
7296073236887,false,סלט גזר מרוקאי 400 גרם,סלטי שמיר,IL,סלט גזר מרוקאי,גרמים,400.00,100 גרם,false,1,8.90,2.23,true,1,
7296073236900,false,סלט חומוס עם טחינה 400גר,סלטי שמיר,IL,סלט חומס+טחינה,גרמים,400.00,100 גרם,false,1,8.90,2.23,true,1,
7296073236931,false,קליונז מופחת קלוריות500ג,מיטב,IL,קליונז,גרמים,500.00,100 גרם,false,1,9.80,1.96,true,1,
7296073239956,false,כוסות אספרסו חד פעמי 50,.,CN,"כוסות אספרסו ח""פ",יחידה,1.00,יחידה,false,1,6.90,6.90,true,1,
7296073240211,false,נייר טואלט דו שכבתי 32 ג,שניב תעשיות נייר,IL,נייר טואלט,מטרים,573.00,מטר,false,1,26.90,0.05,true,1,
7296073240853,false,"וופלים שופרסל 1 ק""ג",מנעמים,IL,וופלים,קילוגרמים,1.00,"ק""ג",false,1,10.90,10.90,true,1,
7296082000035,false,"ביצים ""פלוס"" 6 יחידות",ביו אומגה,IL,"ביצים ""פלוס"" 6 יחידות",יחידה,1.00,יחידה,false,0,15.40,15.40,true,1,
7501013132038,false,נקטר מנגו,,MX,נקטר מנגו,ליטרים,1.00,ליטר,false,0,10.90,10.90,true,1,
7501013132052,false,נקטר אפרסק 1 ליטר,,MX,נקטר אפרסק 1 ליטר,ליטרים,1.00,ליטר,false,0,10.90,10.90,true,1,
7501013132403,false,מיץ קוקוס אננס 1 ליטר,ELORO.S.A COMERCIAIZADOR,MX,מיץ קוקוס אננס,ליטרים,1.00,ליטר,false,1,10.90,10.90,true,1,
7613032045753,false,דגנ.בוקר פיטנס שוקולד375,נסטלה,FR,דגנ.בוקר פיטנס שוקולד375,גרמים,375.00,100 גרם,false,0,23.90,6.37,true,1,
7613032416157,false,דגני פיטנס שקדים ודבש355,נסטלה,FR,דגני פיטנס שקדים,גרמים,355.00,100 גרם,false,0,23.90,6.73,true,1,
7613033539107,false,מחית תפוח בננה שלב2 130ג,נסטלה,PL,מחית שלב 2 מטרנה,גרמים,130.00,100 גרם,false,0,5.90,4.54,true,1,
7613033548192,false,פיטנס שוקולד מריר 375גרם,נסטלה,FR,פיטנס שוקולד,גרמים,375.00,100 גרם,false,0,23.90,6.37,true,1,
7613033592843,false,"דוגלי גזע קטן 3 ק""ג",נסטלה פורינה,HU,דוגלי גזע קטן,קילוגרמים,3.00,"ק""ג",false,0,52.60,17.53,true,1,
7613033592867,false,"דוגלי בשר וכבד 3 ק""ג",נסטלה פורינה,HU,דוגלי בשר וכבד,קילוגרמים,3.00,"ק""ג",false,0,48.20,16.07,true,1,
7613033592935,false,"דוגלי בשר וכבד 12 ק""ג",נסטלה פורינה,HU,דוגלי בשר וכבד,קילוגרמים,12.00,"ק""ג",false,0,121.00,10.08,true,1,
7616500553460,false,שוקולד מריר תפוז 100 גרם,,CH,שוקולד מריר תפוז 100 גרם,גרמים,100.00,100 גרם,false,0,11.30,11.30,true,1,
7616500553484,false,שוקולד מריר 78% 100 גרם,,CH,שוקולד מריר 78% 100 גרם,גרמים,100.00,100 גרם,false,0,11.30,11.30,true,1,
7616500553699,false,שוקולד שוקובלוק חלב100גר,,CH,שוקולד שוקובלוק חלב100גר,גרמים,100.00,100 גרם,false,0,9.80,9.80,true,1,
7616500553705,false,שוקולד שוקובלוק מריר100ג,,CH,שוקולד שוקובלוק מריר100ג,גרמים,100.00,100 גרם,false,0,9.80,9.80,true,1,
7617014149408,false,קפסולות קפה פר מקיאטו96ג,,,קפסולות קפה פר מקיאטו96ג,גרמים,96.00,100 גרם,false,0,25.00,26.04,true,1,
7617014153634,false,קפסולות קפה,,CH,קפסולות קפה,גרמים,96.00,100 גרם,false,0,25.00,26.04,true,1,
7617014154105,false,קפסולות קפה וניל,,CH,קפסולות קפה וניל,גרמים,96.00,100 גרם,false,0,25.00,26.04,true,1,
7622201050757,false,שוקולד מילקה קרמל 100גרם,מונדלייז,DE,שוקולד מילקה קרמל 100גרם,גרמים,100.00,100 גרם,false,0,5.90,5.90,true,1,
7622300001568,false,קפה ג'קובס קרוננג 200 גר,מונדלייז,DE,קפה נמס ג'קובס,גרמים,200.00,100 גרם,false,0,29.90,14.95,true,1,
7622300356767,false,עוג.שוקולד צ'יפס מילק168,מונדלייז,PL,עוגיות שוקוצ'יפס,גרמים,168.00,100 גרם,false,0,11.90,7.08,true,1,
7702018355518,false,מכשיר פרוגלייד פלקס בול,פרוקטר & גמבל,IL,מכשיר פרוגלייד פלקס בול,יחידה,1.00,יחידה,false,0,39.60,39.60,true,1,
7702018985937,false,דאו.ג'ילט C.W ספריי150מ,פרוקטר & גמבל,IL,דאודורנט ג'ילט,מיליליטרים,150.00,"100 מ""ל",false,0,27.90,18.60,true,1,
7702174068833,false,יוגטה אייס קרים בשקית216,אלדור,CO,לקקן יוגטה,גרמים,216.00,100 גרם,false,0,7.90,3.66,true,1,
7702174070201,false,לקקן יוגטה מגיק 216גרם,אלדור,CO,לקקן יוגטה מג'יק,גרמים,216.00,100 גרם,false,0,7.90,3.66,true,1,
7790070013644,false,חליטת ג'רבה מטה 500 גרם,מולינוס ריו דה לפלטה,AR,חליטת ג'רבה מטה 500 גרם,גרמים,500.00,100 גרם,false,0,21.70,4.34,true,1,
7792798007547,false,"בירה קילמס 340 מ""ל",סירויזה קילמס,AR,בירה קילמס,מיליליטרים,340.00,"100 מ""ל",false,1,9.80,2.88,true,1,
7804414001614,false,"דון חוליו שיראז 750 מ""ל",צ'ילה לואיס פיליפה אדוארדס,CL,"דון חוליו שיראז 750 מ""ל",מיליליטרים,750.00,"100 מ""ל",false,0,32.90,4.39,true,1,
7891024124826,false,קולגייט אופטיק וייט 75מל,קולגייט-פלמוליב,IL,משחת קולגייט,מיליליטרים,75.00,"100 מ""ל",false,0,26.70,35.60,true,1,
8000070012783,false,קפה לוואצה אורו 250 גרם,לווצה,IT,קפה לוואצה אורו 250 גרם,גרמים,250.00,100 גרם,false,0,29.90,11.96,true,1,
8000070015104,false,קפה לוואצה קלאב 250 גרם,לווצה,IT,קפה לוואצה קלאב 250 גרם,גרמים,250.00,100 גרם,false,0,48.70,19.48,true,1,
8000070038868,false,קפה לוואצה קרמה גוזסט250,לווצה,,קפה לוואצה,גרמים,250.00,100 גרם,false,0,25.90,10.36,true,1,
8000380001958,false,ממרח אגוזים לואקר 320גרם,לואקר,AT,ממרח אגוזים לואקר 320גרם,גרמים,320.00,100 גרם,false,0,20.80,6.50,true,1,
8000380007257,false,ופלים גרדנה 200 גרם,לואקר,IT,ופלים גרדנה,גרמים,200.00,100 גרם,false,0,15.10,7.55,true,1,
8000380106028,false,וופל טורטינה אורגינל125ג,לואקר,IT,וופל טורטינה,גרמים,125.00,100 גרם,false,0,13.90,11.12,true,1,
8000380148707,false,לואקר קלאסיק שוקולד45*4ג,לואקר,AT,ופל לואקר 4 יח,גרמים,180.00,100 גרם,false,0,16.80,9.33,true,1,
8000380153534,false,טורטינה שוקולד לבן 125גר,לואקר,IT,טורטינה לבן,גרמים,125.00,100 גרם,false,0,13.90,11.12,true,1,
8000380156825,false,שוקולד לואקר חלב 87 גרם,לואקר,IT,שוקולד לואקר חלב 87 גרם,גרמים,87.00,100 גרם,false,0,9.80,11.26,true,1,
8000380156832,false,שוקולד לואקר קרם קקאו87ג,לואקר,IT,שוקולד לואקר קרם קקאו87ג,גרמים,87.00,100 גרם,false,0,9.80,11.26,true,1,
8000380156849,false,שוקולד לואקר מריר 87 גרם,לואקר,IT,שוקולד לואקר מריר 87 גרם,גרמים,87.00,100 גרם,false,0,9.80,11.26,true,1,
8000380156856,false,שוקולד לואקר לבן 87 גרם,לואקר,IT,שוקולד לואקר לבן 87 גרם,גרמים,87.00,100 גרם,false,0,9.80,11.26,true,1,
8000500023624,false,חטיף קינדר הפי היפו 5יח',פררו - אלבה,IT,חטיף קינדר הפי היפו 5יח',גרמים,102.00,100 גרם,false,0,12.90,12.65,true,1,
8000500121436,false,קינדר בואנו לבן 39*3 גרם,פררו - אלבה,PL,קינדר בואנו לבן 39*3 גרם,גרמים,117.00,100 גרם,false,0,13.70,11.71,true,1,
8000500126325,false,ביצי קינדר ג'וי ורוד20*3,פררו - אלבה,ZA,ביצי קינדר ג'וי ורוד20*3,גרמים,60.00,100 גרם,false,0,15.40,25.67,true,1,
8000500148433,false,טיק טק דובד+פסיפלור16*4ג,פררו - אלבה,EC,4 סוכריות טיק טק,גרמים,64.00,100 גרם,false,0,12.00,18.75,true,1,
8000700000050,false,סבון דאב מוצק לבן100X4גר,יוניליוור,DE,סבון דאב רביעייה,גרמים,400.00,100 גרם,false,0,17.80,4.45,true,1,
8000798000604,false,מטאטא ג'וליה,פלנרו,IL,מטאטא ג'וליה,יחידה,1.00,יחידה,false,0,10.00,10.00,true,1,
8002270866524,false,סן פלגרינו,,IL,סן פלגרינו,ליטרים,1.00,ליטר,false,0,9.90,9.90,true,1,
8002450204009,false,"ורדי אפרסק 750 מ""ל",בוסקה,IT,ורדי אפרסק,מיליליטרים,750.00,"100 מ""ל",false,0,24.90,3.32,true,1,
8002450206003,false,"ורדי רימונים 750 מ""ל",בוסקה,IT,ורדי רימונים,מיליליטרים,750.00,"100 מ""ל",false,0,24.90,3.32,true,1,
8002910004798,false,פיניש מפיץ ריח לימון,רקיט בנקיזר,HU,מפיץ ריח למדיח,יחידה,1.00,יחידה,false,0,22.10,22.10,true,1,
8003440982594,false,מסטיק סטיקס מנטה עדינה4י,פרפטי ואן מלה,TR,מסטיק סטיקס מנטה עדינה4י,גרמים,76.00,100 גרם,false,1,11.40,15.00,true,1,
8003440982600,false,מנטוס סטיקס מנטה19*4גרם,פרפטי ואן מלה,TR,מנטוס סטיקס מנטה19*4גרם,גרמים,76.00,100 גרם,false,1,11.40,15.00,true,1,
8003440982617,false,מסטיק סטיקס מלון+לימונ4י,פרפטי ואן מלה,TR,מסטיק סטיקס מלון+לימונ4י,גרמים,76.00,100 גרם,false,1,11.40,15.00,true,1,
8003440982624,false,מסטיק סטיקס פטל תפוז19*4,פרפטי ואן מלה,TR,מסטיק סטיקס פטל תפוז19*4,גרמים,76.00,100 גרם,false,1,11.40,15.00,true,1,
8004030022010,false,ירקות גינה עם טונה160גרם,בולטון,IT,ירקות עם טונה,גרמים,160.00,100 גרם,false,1,14.90,9.31,true,1,
8004030026018,false,סלט מקסיקני עם טונה 160ג,בולטון,IT,סלט עם טונה,גרמים,160.00,100 גרם,false,1,14.90,9.31,true,1,
8004030044005,false,טונה ריו בשמן זית 160גרם,בולטון,IT,טונה בשמן זית,גרמים,160.00,100 גרם,false,0,14.90,9.31,true,1,
8004030081024,false,טונה בשמן זית ופלפל160גר,בולטון,IT,טונה בשמן זית,גרמים,160.00,100 גרם,false,0,14.90,9.31,true,1,
8004030344938,false,טונה בשמן זית 80*3גרם,בולטון,IT,טונה בשמן זית 80*3גרם,גרמים,240.00,100 גרם,false,0,28.70,11.96,true,1,
8005200516520,false,נסטי דיאט טעם אפרסק 1.5ל,סן-פלגרינו,IT,נסטי דיאט אפרסק,ליטרים,1.50,ליטר,false,0,8.20,5.47,true,1,
8005200536528,false,נסטי מנגו אננס 1.5 ליטר,סן-פלגרינו,IT,נסטי מנגו אננס,ליטרים,1.50,ליטר,false,0,8.20,5.47,true,1,
8005200556526,false,נסטי בטעם לימון 1.5 ליטר,סן-פלגרינו,IT,נסטי בטעם לימון,ליטרים,1.50,ליטר,false,0,8.20,5.47,true,1,
8076800195019,false,ספגטי מס' 1 קפליני500גרם,ברילה,IT,ספגטי ברילה,גרמים,500.00,100 גרם,false,0,9.80,1.96,true,1,
8076800195033,false,ספגטיני מס' 3 500 גרם,ברילה,IT,ספגטיני מס' 3,גרמים,500.00,100 גרם,false,0,9.80,1.96,true,1,
8076808070882,false,קנלוני ברילה 250 גרם,ברילה,IT,קנלוני ברילה 250 גרם,גרמים,250.00,100 גרם,false,0,15.80,6.32,true,1,
8076809523714,false,טליאטלה אטריות 500 גרם,ברילה,IT,טליאטלה אטריות,גרמים,500.00,100 גרם,false,0,27.50,5.50,true,1,
8076809523738,false,לזניה ברילה 500 גרם,ברילה,IT,לזניה ברילה 500 גרם,גרמים,500.00,100 גרם,false,0,25.70,5.14,true,1,
8410076610225,false,צ'ואי שוק.מריר+בוטנים5יח,ג'נרל מילס,US,צ'ואי שוק.מריר+בוטנים5יח,גרמים,150.00,100 גרם,false,0,19.70,13.13,true,1,
8410076610270,false,נייטשר ואלי פופקורן שקד5,ג'נרל מילס,ES,חטיף נייטשר ואלי,גרמים,100.00,100 גרם,false,1,21.70,21.70,true,1,
8410076610287,false,נייטשר ואלי פופק.מצופ5יח,ג'נרל מילס,ES,חטיף נייטשר ואלי,גרמים,100.00,100 גרם,false,1,21.70,21.70,true,1,
8410104039134,false,"פיניש לניקוי מדיח 250מ""ל",רקיט בנקיזר,PL,פיניש ניקוי מדיח,מיליליטרים,250.00,"100 מ""ל",false,0,22.10,8.84,true,1,
8410104044916,false,"פיניש אבקה למדיח 2.7 ק""ג",רקיט בנקיזר,IL,"פיניש אבקה למדיח 2.7 ק""ג",קילוגרמים,2.70,"ק""ג",false,0,53.40,19.78,true,1,
8410104133092,false,"קלגון 1 ק""ג",רקיט בנקיזר,PL,"קלגון אבקה 1 ק""ג",קילוגרמים,1.00,"ק""ג",false,0,37.60,37.60,true,1,
8410104437268,false,פיניש מפיג ריח למדיח,רקיט בנקיזר,IT,פיניש מפיג ריח למדיח,יחידה,1.00,יחידה,false,0,22.10,22.10,true,1,
8410179100043,false,שמן זית בורחס מעולה750מל,PONTU BORGES ACEITES,ES,שמן זית בורחס,מיליליטרים,750.00,"100 מ""ל",false,0,39.60,5.28,true,1,
8410644611203,false,קאווה איבריקה לבן יבש750,,ES,קאווה איבריקה לבן יבש750,מיליליטרים,750.00,"100 מ""ל",false,0,26.90,3.59,true,1,
8411640001043,false,"וודקה ליים ספיריט 275מ""ל",דסטילריאס מ.ג,ES,וודקה ליים,מיליליטרים,275.00,"100 מ""ל",false,0,14.80,5.38,true,1,
8412674103109,false,עוגיות סנדוויץ,,ES,עוגיות סנדוויץ,גרמים,250.00,100 גרם,false,0,10.80,4.32,true,1,
8420241129575,false,חטיפי מיני וופל קרמל 200,נטרה,ES,חטיפי מיני וופל קרמל 200,גרמים,200.00,100 גרם,false,0,9.80,4.90,true,1,
8420241129582,false,חטיפי מיני נוגט בוטני200,נטרה,ES,חטיפי מיני נוגט בוטני200,גרמים,200.00,100 גרם,false,0,9.80,4.90,true,1,
8423207206488,false,סלים דליס מצופה שוקולד6י,סלים דליס,ES,חטיפי דגנים מרבה,גרמים,120.00,100 גרם,false,0,10.00,8.33,true,1,
8425206000081,false,ריבת חלב,,IL,ריבת חלב,גרמים,450.00,100 גרם,false,0,17.90,3.98,true,1,
8590160891652,false,קפה נמס ג'קובס גולד200ג,מונדלייז,DE,קפה גיקובס גולד,גרמים,200.00,100 גרם,false,0,33.60,16.80,true,1,
8594019381295,false,דגני בוקר שוקולד מריר340,סמיקס,CZ,דגנים גו פיט,גרמים,340.00,100 גרם,false,0,10.00,2.94,true,1,
8690632054469,false,וופל פריך פתיתי אורז 35ג,נסטלה,TR,וופל פריך פתיתי אורז 35ג,גרמים,35.00,100 גרם,false,0,4.90,14.00,true,1,
8690637073373,false,תה ליפטון ארל גריי 25שק',יוניליוור,TR,תה ארל גריי 25שק,גרמים,50.00,100 גרם,false,0,9.80,19.60,true,1,
8690637073496,false,חליטת ליפטון קמומיל20שק',יוניליוור,TR,חליטת ליפטון,גרמים,30.00,100 גרם,false,0,12.50,41.67,true,1,
8690637073595,false,חליטת ליפטון ורד הבר20שק,יוניליוור,TR,חליטת ליפטון,גרמים,50.00,100 גרם,false,0,12.50,25.00,true,1,
8690637538858,false,"דאו.אקס שוקולד 150 מ""ל",יוניליוור,TR,דאודורנט אקס,מיליליטרים,150.00,"100 מ""ל",false,0,22.70,15.13,true,1,
8690637555084,false,בדין אקסטרא פריחת התפוז,יוניליוור,TR,מרכך בדין אקסטרא,מיליליטרים,960.00,"100 מ""ל",false,0,19.90,2.07,true,1,
8690637673887,false,אקס בודי ספריי גולד 150מ,יוניליוור,TR,אקס ספריי לגוף,מיליליטרים,150.00,"100 מ""ל",false,0,22.70,15.13,true,1,
8690637682551,false,בדין אקסטרה שחור960מל,יוניליוור,IL,בדין אקסטרה,מיליליטרים,960.00,"100 מ""ל",false,0,19.90,2.07,true,1,
8690637688218,false,תה ירוק נגיעות לימון 20,יוניליוור,IL,תה ירוק ליפטון,גרמים,30.00,100 גרם,false,0,15.00,50.00,true,1,
8690637688232,false,תה ירוק עם נענע 20שק,יוניליוור,IL,תה ירוק ליפטון,גרמים,30.00,100 גרם,false,0,15.00,50.00,true,1,
8693323001902,false,סוכ.ג'לי פטל אוכמניות250,סאאדת,TR,סוכריות ג'לי,גרמים,250.00,100 גרם,false,0,7.90,3.16,true,1,
8693323006907,false,ג'לי בצורת לבבות 250 גרם,סאאדת,IL,ג'לי לבבות,גרמים,250.00,100 גרם,false,0,7.90,3.16,true,1,
8693323012908,false,סוכ.ג'לי פטל ואוכמניו800,סאאדת,IL,סוכריות ג'לי,גרמים,800.00,100 גרם,false,0,20.70,2.59,true,1,
8693323689131,false,סוכ.ג'לי טעם תות וניל800,סאדאט,TR,סוכ.ג'לי טעם תות וניל800,גרמים,800.00,100 גרם,false,1,20.70,2.59,true,1,
8693323690106,false,סוכ. גומי בטעם בננה100ג,סאאדת,TR,סוכ. גומי בטעם בננה100ג,גרמים,100.00,100 גרם,false,1,5.90,5.90,true,1,
8693323690137,false,סוכ. ג'לי פטל+אוכמנ100גר,סאאדת,TR,סוכ. ג'לי פטל+אוכמנ100גר,גרמים,100.00,100 גרם,false,1,5.90,5.90,true,1,
8693495037853,false,קולגייט 2מברשת סלים סופט,קולגייט-פלמוליב,CN,2 מברשות קולגייט,יחידה,1.00,יחידה,false,0,34.00,34.00,true,1,
8697530911276,false,קנט קצר חפיסה,bat,TR,קנט קצר חפיסה,יחידה,1.00,יחידה,false,0,34.00,34.00,false,1,
8698720485515,false,תרסיס שמן זית 142 גרם,גאטה,TR,תרסיס שמן זית 142 גרם,גרמים,142.00,100 גרם,false,1,16.80,11.83,true,1,
8712561594608,false,תח.רחצה להזנה עמוקה 750מ,יוניליוור,DE,תחליב רחצה דאב,מיליליטרים,750.00,"100 מ""ל",false,1,25.70,3.43,true,1,
8714789402918,false,אג'קס חג.פרחים אדום 1.5ל,קולגייט-פלמוליב,GR,אג'קס לניקוי,ליטרים,1.50,ליטר,false,0,23.10,15.40,true,1,
8714789402932,false,אג'קס חגיגת פרחי.ורוד1.5,קולגייט-פלמוליב,GR,אג'קס לניקוי,ליטרים,1.50,ליטר,false,0,23.10,15.40,true,1,
8714789462912,false,פלמוליב לכלים מנטה 1 ל',קולגייט-פלמוליב,GR,פלמוליב לכלים מנטה 1 ל',ליטרים,1.00,ליטר,false,0,14.60,14.60,true,1,
8714789554655,false,קולגייט טוטל להלבנה 100,קולגייט-פלמוליב,PL,משחת קולגייט,מיליליטרים,100.00,"100 מ""ל",false,1,13.90,13.90,true,1,
8714789554679,false,קולגייט טוטל אורגינל 100,קולגייט-פלמוליב,PL,משחת קולגייט,מיליליטרים,100.00,"100 מ""ל",false,1,13.90,13.90,true,1,
8714789740058,false,זוג מברשת שיניים קולגייט,קולגייט-פלמוליב,IL,זוג מברשת שיניים,יחידה,1.00,יחידה,false,0,22.00,22.00,true,1,
8715700419732,false,מתבל עגבניות היינץ700גרם,היינץ,NL,מתבל עגבניות,גרמים,700.00,100 גרם,false,0,14.80,2.11,true,1,
8717644390566,false,סבון דאב מלפפונים 100X4ג,יוניליוור,DE,סבון דאב רביעי,גרמים,400.00,100 גרם,false,0,17.80,4.45,true,1,
8722700089131,false,תה פירמידה מנטה 2גר20Xשק,יוניליוור,BE,תה פירמידה מנטה,גרמים,40.00,100 גרם,false,0,16.00,40.00,true,1,
8801055707010,false,נסקפה קפוצינו קלאסיק125ג,נסטלה,KR,נס קפה קפוצ'ינו,גרמים,125.00,100 גרם,false,0,15.00,12.00,true,1,
8850389105849,false,סאפה אלוורה אפרסק 1 ליטר,FOOD GENERAL SAPANAN,TH,סאפה אלוורה אפרסק 1 ליטר,ליטרים,1.00,ליטר,false,0,10.90,10.90,true,1,
8888021200164,false,סוללות אנרג'ייזר AAA 4יח,אנרג'ייזר,SG,סוללות AAA 4 יח',יחידה,1.00,יחידה,false,0,26.20,26.20,true,1,
8888021200720,false,שמינית סוללות AAA,אנרג'ייזר,US,8 סוללות AAA,יחידה,1.00,יחידה,false,0,29.70,29.70,true,1,
8888111030053,false,מיץ אננס 100%טבעי 240*4מ,פילפאק,PH,מיץ אננס 4 יח,מיליליטרים,960.00,"100 מ""ל",false,1,13.50,1.41,true,1,
8992760221028,false,עוגיות אוראו 137 גרם,מונדלייז,ID,עוגיות אוראו,גרמים,137.00,100 גרם,false,1,7.90,5.77,true,1,
9310072013855,false,טים טם ביסקויט דאבל 200ג,ארנולטס,AU,ביסקויט טים טם,גרמים,200.00,100 גרם,false,0,15.90,7.95,true,1,
9322969000015,false,פריכיות תירס 150 גרם,אלגם גיל,AU,פריכיות תירס 150 גרם,גרמים,150.00,100 גרם,false,0,13.40,8.93,true,1,
9322969000046,false,פריכיות תירס אורגני150גר,אלגם גיל,AU,פריכיות תירס אורגני150גר,גרמים,150.00,100 גרם,false,0,13.40,8.93,true,1,
9720188050109,false,ממרח טופו בטעם טבעי 225ג,משק צוריאל תבור,US,ממרח טופו בטעם טבעי 225ג,גרמים,225.00,100 גרם,false,0,22.70,10.09,true,1,
9720188060108,false,ממרח טופו בטעם טבעי340גר,משק צוריאל תבור,US,ממרח טופו בטעם טבעי340גר,גרמים,340.00,100 גרם,false,0,22.70,6.68,true,1,
