code,internal_code,name,manufacturer_name,manufacture_country,manufacturer_item_description,unit_qty,quantity,unit_of_measure,weighted,qty_in_package,price,unit_of_measure_price,allow_discount,status,item_id
917,true,עגבניה,חקלאי,IL,עגבניה,קילוגרמים,1.00,"ק""ג",true,,9.90,9.9000,true,1,83195
920,true,מלפפון,חקלאי,IL,מלפפון,קילוגרמים,1.00,"ק""ג",true,,8.90,8.9000,true,1,83197
941,true,סלק,חקלאי,IL,סלק,קילוגרמים,1.00,"ק""ג",true,,6.90,6.9000,true,1,83196
942,true,ענבים לבנים,חקלאי,IL,ענבים לבנים,קילוגרמים,1.00,"ק""ג",true,,29.90,29.9000,true,1,83139
945,true,כרוב לבן,חקלאי,IL,כרוב לבן,קילוגרמים,1.00,"ק""ג",true,,6.90,6.9000,true,1,83199
960,true,כרובית ארוזה שקיל,חקלאי,IL,כרובית ארוזה שקיל,קילוגרמים,1.00,"ק""ג",true,,13.90,13.9000,true,1,83147
965,true,ברוקולי שקיל,חקלאי,IL,ברוקולי שקיל,קילוגרמים,1.00,"ק""ג",true,,9.90,9.9000,true,1,83206
990,true,בצל יבש,חקלאי,IL,בצל יבש,קילוגרמים,1.00,"ק""ג",true,,5.90,5.9000,true,1,83205
995,true,בצל ירוק ארוז,חקלאי,IL,בצל ירוק ארוז,לא מנהל יחידת מידה,0.00,לא מנהל יחידת מידה,false,1,5.90,0.0000,true,1,83130
997,true,בצל אדום,חקלאי,IL,בצל אדום,קילוגרמים,1.00,"ק""ג",true,,8.90,8.9000,true,1,83086
5485,true,מאפה במשקל גדרון,גדרון,IL,מאפה במשקל גדרון,קילוגרמים,1.00,"ק""ג",true,,37.90,37.9000,true,1,112330
6638,true,חבילת מצה 500 גרם,,,חבילת מצה 500 גרם,קילוגרמים,2.50,"ק""ג",false,1,6.90,2.7600,true,1,54822
9110,true,בטטה,חקלאי,IL,בטטה,קילוגרמים,1.00,"ק""ג",true,,7.90,7.9000,true,1,83349
9113,true,כוסברה ארוזה,חקלאי,IL,כוסברה ארוזה,Unknown,0.00,Unknown,false,1,4.90,0.0000,true,1,83126
9114,true,נענע ארוזה,חקלאי,IL,נענע ארוזה,Unknown,0.00,Unknown,false,1,4.90,0.0000,true,1,83127
9131,true,דלעת ארוזה,חקלאי,IL,דלעת ארוזה,קילוגרמים,1.00,"ק""ג",true,,14.90,14.9000,true,1,83202
9140,true,חצילים,חקלאי,IL,חצילים,קילוגרמים,1.00,"ק""ג",true,,7.90,7.9000,true,1,83201
9147,true,אפרסמון,חקלאי,IL,אפרסמון,קילוגרמים,1.00,"ק""ג",true,,18.90,18.9000,true,1,83171
9150,true,פלפל בהיר,חקלאי,IL,פלפל בהיר,קילוגרמים,1.00,"ק""ג",true,,11.90,11.9000,true,1,83304
9155,true,פלפל כהה,חקלאי,IL,פלפל כהה,קילוגרמים,1.00,"ק""ג",true,,9.90,9.9000,true,1,83191
9158,true,פלפל חריף ירוק,חקלאי,IL,פלפל חריף ירוק,קילוגרמים,1.00,"ק""ג",true,,10.90,10.9000,true,1,83188
9160,true,פלפל אדום,חקלאי,IL,פלפל אדום,קילוגרמים,1.00,"ק""ג",true,,9.90,9.9000,true,1,83192
9163,true,פלפל צהוב,חקלאי,IL,פלפל צהוב,קילוגרמים,1.00,"ק""ג",true,,9.90,9.9000,true,1,83189
9170,true,קולורבי,חקלאי,IL,קולורבי,קילוגרמים,1.00,"ק""ג",true,,10.90,10.9000,true,1,83187
9180,true,קשואים,חקלאי,IL,קשואים,קילוגרמים,1.00,"ק""ג",true,,11.90,11.9000,true,1,83182
9187,true,קישוא זוקיני ארוז,חקלאי,IL,קישוא זוקיני ארוז,קילוגרמים,1.00,"ק""ג",true,,11.90,11.9000,true,1,83184
9245,true,מנגולד,חקלאי,IL,מנגולד,יחידה,1.00,יחידה,false,1,6.90,6.9000,true,1,83115
9260,true,חסה ערבית ארוזה,חקלאי,IL,חסה ערבית ארוזה,יחידה,1.00,יחידה,false,1,6.90,6.9000,true,1,83111
9270,true,לוף,חקלאי,IL,לוף,קילוגרמים,1.00,"ק""ג",true,,17.90,17.9000,true,1,83198
9290,true,תפוח אדמה אדום,חקלאי,IL,תפוח אדמה אדום,קילוגרמים,1.00,"ק""ג",true,,6.90,6.9000,true,1,83177
9295,true,תפוח אדמה לבן,חקלאי,IL,תפוח אדמה לבן,קילוגרמים,1.00,"ק""ג",true,,5.90,5.9000,true,1,83176
9297,true,פטרוזליה ארוזה,חקלאי,IL,פטרוזליה ארוזה,לא מנהל יחידת מידה,0.00,לא מנהל יחידת מידה,false,1,4.90,0.0000,true,1,83129
9299,true,סלרי ראש ארוז,חקלאי,IL,סלרי ראש ארוז,Unknown,0.00,Unknown,false,1,5.90,0.0000,true,1,83119
9306,true,סלרי עלים,חקלאי,IL,סלרי עלים,לא מנהל יחידת מידה,0.00,לא מנהל יחידת מידה,false,1,6.90,0.0000,true,1,83121
9311,true,גזר ארוז,חקלאי,IL,גזר ארוז,קילוגרמים,1.00,"ק""ג",true,,5.90,5.9000,true,1,83204
9312,true,מלון גליה,חקלאי,IL,מלון גליה,קילוגרמים,1.00,"ק""ג",true,,6.90,6.9000,true,1,83175
9320,true,אבטיח דולב,חקלאי,IL,אבטיח דולב,קילוגרמים,1.00,"ק""ג",true,,7.90,7.9000,true,1,95880
9331,true,תות שדה במארז כ 250,חקלאי,IL,תות שדה במארז כ 250 גרם,גרמים,250.00,100 גרם,false,1,17.90,7.1600,true,1,83211
9348,true,שום בתפזורת,חקלאי,IL,שום בתפזורת,קילוגרמים,1.00,"ק""ג",true,,19.90,19.9000,true,1,83181
9370,true,שומר,חקלאי,IL,שומר,קילוגרמים,1.00,"ק""ג",true,,9.90,9.9000,true,1,83179
9486,true,לימון,חקלאי,IL,לימון,קילוגרמים,1.00,"ק""ג",true,,11.90,11.9000,true,1,83153
9500,true,תפוז מובחר,חקלאי,IL,תפוז מובחר,קילוגרמים,1.00,"ק""ג",true,,7.90,7.9000,true,1,83149
9510,true,מנדרינה,חקלאי,IL,מנדרינה,קילוגרמים,1.00,"ק""ג",true,,9.90,9.9000,true,1,83151
9525,true,פומלה,חקלאי,IL,פומלה,קילוגרמים,1.00,"ק""ג",true,,7.90,7.9000,true,1,83152
9555,true,בננות,חקלאי,IL,בננות,קילוגרמים,1.00,"ק""ג",true,,8.90,8.9000,true,1,83169
9560,true,אבוקדו,חקלאי,IL,אבוקדו,קילוגרמים,1.00,"ק""ג",true,,18.90,18.9000,true,1,83173
9568,true,רימון,חקלאי,IL,רימון,קילוגרמים,1.00,"ק""ג",true,,15.90,15.9000,true,1,83162
9604,true,אגס ספדונה,חקלאי,IL,אגס ספדונה,קילוגרמים,1.00,"ק""ג",true,,13.90,13.9000,true,1,83172
9637,true,קיווי מובחר,חקלאי,IL,קיווי מובחר,קילוגרמים,1.00,"ק""ג",true,,19.90,19.9000,true,1,83163
9658,true,תפוח עץ סמיט,חקלאי,IL,תפוח עץ סמיט,קילוגרמים,1.00,"ק""ג",true,,11.90,11.9000,true,1,83159
9697,true,תפוח עץ סטארקינג,חקלאי,IL,תפוח עץ סטארקינג,קילוגרמים,1.00,"ק""ג",true,,11.90,11.9000,true,1,83160
9756,true,שזיף אדום,חקלאי,IL,שזיף אדום,קילוגרמים,1.00,"ק""ג",true,,19.90,19.9000,true,1,83136
9928,true,שמיר,חקלאי,IL,שמיר,לא מנהל יחידת מידה,0.00,לא מנהל יחידת מידה,false,1,4.90,0.0000,true,1,101070
9950,true,כרוב אדום,חקלאי,IL,כרוב אדום,קילוגרמים,1.00,"ק""ג",true,,6.90,6.9000,true,1,83200
92218,true,מאפה ביס תפוע,"גידרון תעשיות בע""מ",,מאפה ביס תפוע מחיר לקג-גידרון,קילוגרמים,1.00,"ק""ג",true,,39.90,39.9000,true,1,12229
92614,true,בורקס טורקי פיטריות,"גידרון תעשיות בע""מ",,בורקס טורקי פיטריות מחיר לקג-גדרון,קילוגרמים,1.00,"ק""ג",true,,39.90,39.9000,true,1,12231
94274,true,חצי בגט גדרון א.ק,גדרון,IL,חצי בגט גדרון א.ק,לא מנהל יחידת מידה,0.00,לא מנהל יחידת מידה,false,1,3.90,0.0000,true,1,14404
96018,true,שנייק קינמון מחיר לק,"גידרון תעשיות בע""מ",,שנייק קינמון מחיר לקג-גדרון,קילוגרמים,1.00,"ק""ג",true,,39.90,39.9000,true,1,12234
99248,true,בורקס גבינה,"גידרון תעשיות בע""מ",,בורקס גבינה מחיר לקג גידרון,קילוגרמים,1.00,"ק""ג",true,,39.90,39.9000,true,1,12240
99255,true,בורקס תפוא,"גידרון תעשיות בע""מ",,בורקס תפוא מחיר לקג -גידרון,קילוגרמים,1.00,"ק""ג",true,,39.90,39.9000,true,1,12241
99385,true,גביניות,"גידרון תעשיות בע""מ",,גביניות מחיר לקג-גידרון,קילוגרמים,1.00,"ק""ג",true,,39.90,39.9000,true,1,12243
99415,true,רוגלך,"גידרון תעשיות בע""מ",,רוגלך מחיר לקג-גידרון,קילוגרמים,1.00,"ק""ג",true,,39.90,39.9000,true,1,12245
99439,true,"קוראסון קטן מחיר לק""","גידרון תעשיות בע""מ",,קוראסון קטן מחיר לקג-גידרון,קילוגרמים,1.00,"ק""ג",true,,39.90,39.9000,true,1,12246
99477,true,ק.ביס שוקולד,"גידרון תעשיות בע""מ",,ק.ביס שוקולד מחיר לקג-גידרון,קילוגרמים,1.00,"ק""ג",true,,39.90,39.9000,true,1,12247
99514,true,מאפה צימוקים,"גידרון תעשיות בע""מ",,מאפה צימוקים,קילוגרמים,1.00,"ק""ג",true,,39.90,39.9000,true,1,12248
99927,true,בורקס בולגרי,"גידרון תעשיות בע""מ",,בורקס בולגרי מחיר לקג-גידרון,קילוגרמים,1.00,"ק""ג",true,,39.90,39.9000,true,1,12249
453781,true,שמרים יבשים 125 גרם,"פאקא תעשיות בע""מ",PT,שמרית שמרים יבשים 125 גרם,גרמים,125.00,100 גרם,false,1,6.90,5.5200,true,1,120583
2026976,true,גלידת שוקולד וגלידת,מוצרי איכות אמריקאיי,IL,שוקולד מילק &קוקיס - מופוריה,מיליליטרים,500.00,"100 מ""ל",false,1,23.90,4.7800,true,1,122389
2128311,true,נר נשמה מנורה בכוס ש,מנורה,IL,נר נשמה מנורה בכוס שבועי,יחידה,1.00,יחידה,false,1,13.90,13.9000,true,1,126608
2128946,true,נר נשמה מנורה בכוס,מנורה,IL,נר נשמה מנורה בכוס 84 שעות,יחידה,1.00,יחידה,false,1,5.90,5.9000,true,1,142656
2317678,true,זיתים נטולי גלעין מו,מוטולה,IL,זיתים נטולי גלעין מוטולה 265גרם צנצנת,גרמים,265.00,100 גרם,false,1,9.90,3.7358,true,1,142631
2814412,true,סנט מוריץ נוזל כלים,ארבה כימיקלים,TR,סנט מוריץ נוזל כלים לימון ליים 1.6 ליטר,ליטרים,1.60,ליטר,false,1,11.90,7.4375,true,1,141409
2814436,true,סנט מוריץ נוזל כלים,ארבה כימיקלים,TR,סנט מוריץ נוזל כלים לימון 1.6 ליטר 18%,ליטרים,1.60,ליטר,false,1,11.90,7.4375,true,1,141408
3072811,true,נקניקיות בראטוורסט ל,הנסיך- מפעל לייצור ט,IL,"נקניקיות בראטוורסט לל""ג 320 גרם",גרמים,320.00,100 גרם,false,1,22.90,7.1562,true,1,125108
8425186,true,זיתים אורגניים סורי4,,,זיתים אורגניים סורי4,Unknown,0.00,Unknown,false,1,21.90,0.0000,true,1,132793
8425193,true,זיתים נאבלי,,,זיתים נאבלי,גרמים,400.00,100 גרם,false,1,21.90,5.4750,true,1,132794
8425209,true,זיתים אורגניים פיקוא,,,זיתים אורגניים פיקוא,Unknown,0.00,Unknown,false,1,21.90,0.0000,true,1,132795
30107014,false,נייר גלגול גדול + פילטר בודד,,,נייר גלגול גדול +פילטר בודד,יחידה,1.00,יחידה,false,1,10.00,10.0000,true,1,100577
30112902,false,נייר גלגול קטן+פילטר,,,נייר גלגול קטן+פילטר בודד,יחידה,1.00,יחידה,false,1,8.90,8.9000,false,1,103906
30112919,false,נייר גלגול בינוני + פילטר בודד,,,נ.ג. בינוני+פילטר בודד,Unknown,0.00,Unknown,false,1,10.00,0.0000,false,1,100581
40084077,false,שוקולד קינדר מקסי 21 גרם,קדבורי,DE,קינדר מקסי,יחידה,1.00,יחידה,false,1,3.50,3.5000,true,1,110788
40084107,false,ביצת שוקולד הפתעה קינדר,קדבורי,IT,ביצת הפתעה - עשיר בחלב,גרמים,20.00,100 גרם,false,1,6.00,30.0000,true,1,13333
40084725,false,קנדר מילק סלייס עוגת,פררו טורקיה צ'יקולטה,TR,קנדר מילק סלייס עוגת ספוג במילוי קרם65%,גרמים,30.00,100 גרם,false,1,4.50,15.0000,true,1,131429
40144016,false,סוכריות חמאה וורטר אורגינל גליל בודד 50,קריניציה ויטמינה אס,DE,וורטר 24 גליל'(ב-(3,גרמים,50.00,100 גרם,false,1,4.90,9.8000,true,1,12184
42138105,false,סיגריות וינסטון סופר סלימס כחול,גיי טי אינטרנשיונל,,סיגריות וינסטון סלימס כחול חפיסה בודד,לא מנהל יחידת מידה,0.00,לא מנהל יחידת מידה,false,1,34.30,0.0000,false,1,57026
42138129,false,סיגריות וינסטון סופר סלימס מנטול,JTI,,סיגריות וינסטון סלימס מנטול חפיסה בודד,לא מנהל יחידת מידה,0.00,לא מנהל יחידת מידה,false,1,34.30,0.0000,false,1,57027
42139447,false,סיגריות כאמל לבן חפי,JTI,,סיגריות כאמל לבן חפיסה בודד,לא מנהל יחידת מידה,0.00,לא מנהל יחידת מידה,false,1,32.00,0.0000,false,1,99871
42154662,false,אורביט באריזת מעטפה ספירמינט מסטיק,ריגלי צרפת,FR,מסטיק אורביט באריזת מעטפה ספירמינט,לא מנהל יחידת מידה,0.00,לא מנהל יחידת מידה,false,1,7.90,0.0000,true,1,46007
42182108,false,מסטיק פייב פפרמינט ס,מרס נדרלנד,,מסטיק פייב פפרמינט סטיקס,לא מנהל יחידת מידה,0.00,לא מנהל יחידת מידה,false,1,6.90,0.0000,true,1,63801
42182115,false,אורביט פייב ספירמינט 12 סטיקס 29 גר,ריגלי צרפת,FR,מסטיק פייב ספירמינט סטיקס,Unknown,0.00,Unknown,false,1,7.50,0.0000,true,1,63802
42188889,false,אורביט פייב אבטיח 12 סטיקס 29 גר,ריגלי צרפת,FR,מסטיק פייב אבטיח סטיקס,גרמים,31.00,100 גרם,false,1,7.50,24.1935,true,1,73776
42212119,false,מסטיק אורביט פרופשיויל פפרמינט מעטפה,ריגלי צרפת,FR,מסטיק אורביט באריזת מעטפה פפרמינט,לא מנהל יחידת מידה,0.00,לא מנהל יחידת מידה,false,1,7.90,0.0000,true,1,110989
54051140,false,מעדן סויה טעם וניל אלפרו רביעיה * 125 ג',הנסיך- מפעל לייצור ט,BE,מעדן סויה וניל אלפרו רביעייה 500 גרם,גרמים,500.00,100 גרם,false,1,17.90,3.5800,true,1,42740
59068907,false,סיגריות פאל מאל כחול דמי סלימס,גלוברנס,,סיגריות פאל מאל כחול דמי סלימס בודד,לא מנהל יחידת מידה,0.00,לא מנהל יחידת מידה,false,1,27.30,0.0000,false,1,119061
59068914,false,סיגריות פאל מאל סילבר דמי סלימס,,,סיגריות פאל מאל סילבר דמני סלימס בודד,לא מנהל יחידת מידה,0.00,לא מנהל יחידת מידה,false,1,27.30,0.0000,false,1,119063
59455240,false,ווג סופרסלימס לילך חפיסה,BAT,,סיגריות ווג ליידי לילך חפיסה בודד,Unknown,0.00,Unknown,false,1,40.00,0.0000,false,1,79167
72917367,false,טעמי 28 חטיף 40 גר',"שטראוס גרופ בע""מ",IL,טעמי 40 גרם,גרמים,40.00,100 גרם,false,1,4.50,11.2500,true,1,8017
72918388,false,טוויסט 28 גרם,"שטראוס גרופ בע""מ",IL,טוויסט 28 גר וועסטהיים,גרמים,28.00,100 גרם,false,1,4.50,16.0714,true,1,8022
72940754,false,מילקי וניל 133 גרם,"שטראוס גרופ בע""מ",IL,מילקי בטעם וניל,גרמים,133.00,100 גרם,false,1,3.00,2.2556,true,1,8026
72940761,false,מילקי שוקולד מהדרין 170 ג',מיוצר עי קונדיטוריית,IL,מילקי בטעם שוקולד,גרמים,133.00,100 גרם,false,1,3.00,2.2556,true,1,8027
72945308,false,קוביות שמרים לאפיה שמרית 2*25 ג',"פאקא תעשיות בע""מ",IL,שמרית שמרים טריים לאפייה 50 גרם,גרמים,50.00,100 גרם,false,1,4.50,9.0000,true,1,8124
72961247,false,גיל 3% 125 גרם,תנובה,,"גיל 3% 125 מ""ל",מיליליטרים,125.00,"100 מ""ל",false,1,0.94,0.7520,true,1,112859
72961506,false,יוגורט עם תות 1.5% שומן 125 ג' פרילי,מיוצר עי קונדיטוריית,IL,פרילי תות בגביע 125 גרם,מיליליטרים,125.00,"100 מ""ל",false,1,3.70,2.9600,true,1,8327
72961544,false,יוגרט תות 3% 125שומן ג' באדי,מחלבת אלון תבור,IL,באדי תות 125 גרם,גרמים,125.00,100 גרם,false,1,3.40,2.7200,true,1,8334
72963753,false,שמנת אורגינל של פעם 27% שומן 200 ג' תנובה,תנובה מרכז שיתופי לש,IL,תנובה שמנת של פעם אורגינל 27% שומן,מיליליטרים,200.00,"100 מ""ל",false,1,4.50,2.2500,true,1,8370
72964422,false,"יוגורט פרחים גביע 4.5% 200 מ""ל",מחלבת תנובה,IL,תנובה יוגורט 4.5% שומן 200 מל,גרמים,200.00,100 גרם,false,1,2.90,1.4500,true,1,8373
72983997,false,גולף גולד 100 פ.ע חפיסה,דובק,,סיגריות גולף גולד 100בוקס חפיסה בודד,לא מנהל יחידת מידה,0.00,לא מנהל יחידת מידה,false,1,32.00,0.0000,false,1,36659
72986233,false,באדי מעדן וניל גביע 125גרם 2% בדצ,מחלבת אלון תבור,IL,באדי מעדן וניל גביע 125גרם 2% בדצ,מיליליטרים,125.00,"100 מ""ל",false,1,3.40,2.7200,true,1,19426
72986240,false,באדי מעדן שוקו גביע 125גרם 2% בדצ,מחלבת אלון תבור,IL,"באדי שוקו 125 מל מהדרין בד""צ",מיליליטרים,125.00,"100 מ""ל",false,1,3.40,2.7200,true,1,13044
72986370,false,"גלידת בן & ג'ריס פיינטים וניל 500מ""ל",מוצרי איכות אמריקאים,IL,פיינט וניל FT,מיליליטרים,500.00,"100 מ""ל",false,1,23.90,4.7800,true,1,9156
72986424,false,"גלידת בן & ג'ריס פיינטים קרם עוגיות 500מ""ל",מוצרי איכות אמריקאיי,IL,"פיינט קרם עוגיות בד""ץ",מיליליטרים,500.00,"100 מ""ל",false,1,23.90,4.7800,true,1,9157
72986448,false,"גלידת בן & ג'ריס פיינטים טופי קראנץ 500מ""ל",מוצרי איכות אמריקאיי,IL,גלידת וניל עם חתיכות טופי מצופות שוקולד,מיליליטרים,500.00,"100 מ""ל",false,1,23.90,4.7800,true,1,9158
72986455,false,"גלידת בן & ג'ריס פיינטים ניו-יורק 500מ""ל",מוצרי איכות אמריקאיי,IL,פיינט ניו-יורק סופר FT,מיליליטרים,500.00,"100 מ""ל",false,1,23.90,4.7800,true,1,9159
72989395,false,טילון ורמוט קרם עוגיות,מוצרי איכות אמריקאיי,IL,טילון קרם עוגיות,גרמים,100.00,100 גרם,false,1,8.90,8.9000,true,1,12212
72989425,false,"גלידת בן & ג'ריס פיינטים שוקולד בראוניז 500מ""ל",מוצרי איכות אמריקאיי,IL,"גלידה שוקולד בראוניס 500 מ""ל",מיליליטרים,500.00,"100 מ""ל",false,1,23.90,4.7800,true,1,21394
72991008,false,חטיף פסק זמן במילוי ופל מגולגל 45 גרם,"שטראוס גרופ בע""מ",IL,פז קלסיק מגדים45 גרם,גרמים,45.00,100 גרם,false,1,5.90,13.1111,true,1,9162
72991374,false,סיגריות טיים רד חפיס,דובק,,סיגריות טיים רד חפיסה בודד,Unknown,0.00,Unknown,false,1,30.60,0.0000,false,1,9163
72991381,false,קופסה טיים אדום ארוך,דובק,,סיגריות טיים 100 רד חפיסה בודד,לא מנהל יחידת מידה,0.00,לא מנהל יחידת מידה,false,1,30.60,0.0000,false,1,9164
72991466,false,קופסה גולף גולד ארוך,דובק,,סיגריות גולף גולד 100 ארוך חפיסה בודד,לא מנהל יחידת מידה,0.00,לא מנהל יחידת מידה,false,1,32.00,0.0000,false,1,9171
72991497,false,נובלס ורג'יניה פילטר,דובק,,סיגריות נובלס פילטר חפיסה בודד,יחידה,0.00,יחידה,false,1,30.60,0.0000,false,1,9174
72994061,false,חטיף פסק זמן GOOD גלילית לבן 40 גרם,שולן צ'יקולטה גידה ס,TR,פסק זמן 2GOOD,גרמים,36.00,100 גרם,false,1,5.90,16.3889,true,1,72244
76136184,false,פאל מאל סופרסלימס כחול קופסה,BAT,,סיגריות פאל מל סלימס כחול חפיסה בודד,לא מנהל יחידת מידה,0.00,לא מנהל יחידת מידה,false,1,31.40,0.0000,false,1,42219
80001287,false,וופל חטיף לואקר אגוז 38 גר',לואקר,AT,חטיף גרדנה אגוז 38 גרם,גרמים,38.00,100 גרם,false,1,4.90,12.8947,true,1,9501
80001461,false,לואקר חטיף שוקולד 38 גר',"א. לואקר קונפקט בע""מ",AT,חטיף גרדנה שוקולד 38 גרם,גרמים,38.00,100 גרם,false,1,4.50,11.8421,true,1,43065
80001485,false,גרדנה קוקוס 38 גר'25X יח',קריניציה ויטמינה אס,IT,לואקר גרדנה קוקוס,גרמים,38.00,100 גרם,false,1,4.50,11.8421,true,1,43066
80001799,false,חטיף טורטינה קרם אגוזים 21 גרם,"כד בני דרום בע""מ",IT,וופל בציפוי שוקולד חלב וממלוא בקרם אגוזים,גרמים,21.00,100 גרם,false,1,4.50,21.4286,true,1,106735
80001911,false,גרדינה שוקולד לבן במילוי קרם אגוזים 38 ג',א. לואקר,AT,חטיף גרדנה לבן 38 גרם,גרמים,38.00,100 גרם,false,1,4.50,11.8421,true,1,113158
80043638,true,כורכום טחון אורגני 4,בנומנולי,IT,סנומאלה כורכום טחון אורגני 47 גרם,גרמים,47.00,100 גרם,false,1,14.90,31.7021,true,1,118028
80043775,true,צלי טחון אורגני,האי נאם סי או אל.טי.,IT,סנומאלה צ'ילי טחון אורגני 50 גרם,גרמים,50.00,100 גרם,false,1,14.90,29.8000,true,1,118030
80043874,true,פלפל שחור במטחנה,בונומלי,IT,פלפל שחור אורגני במטחנה 28 גרם,גרמים,32.00,100 גרם,false,1,14.90,46.5625,true,1,118031
80050025,false,סוכריות טיק טק בטעם תפוז,קדבורי,ZA,דחוסות בטעם תפוז,גרמים,16.00,100 גרם,false,1,4.50,28.1250,true,1,9700
80050124,false,סוכריות טיק טק בטעם מנטה,קדבורי,ZA,טיק טק מנטה,גרמים,16.00,100 גרם,false,1,4.50,28.1250,true,1,9701
80050278,false,פררו רושר חטיף כדורים שלישיה 40ג',קדבורי,IT,פררו רושה שלישייה,גרמים,38.00,100 גרם,false,1,6.50,17.1053,true,1,15380
80052487,false,רפאלו 30 גרי שלישיי,פררו,PL,רפאלו 30 גרי שלישייה,גרמים,30.00,100 גרם,false,1,4.90,16.3333,true,1,73424
80052760,false,קינדר בואנו קלאסי 43 ג',קדבורי,PL,קינדר בואנו,גרמים,43.00,100 גרם,false,1,5.00,11.6279,true,1,9705
80136194,false,קינדר הפי היפו אגוזי לוז חמישייה 103.5 ג,קדבורי,IT,"הפי היפו קקאו, וופל במילוי קרם חלבי וקרם אגוזי לוז",לא מנהל יחידת מידה,0.21,לא מנהל יחידת מידה,false,1,14.90,70.9524,true,1,132434
80176732,false,קינדר הפי היפו 28 יחידות,קדבורי,DE,"הפי היפו קקאו, וופל במילוי קרם חלבי וקרם קקאו",גרמים,21.00,100 גרם,false,1,3.50,16.6667,true,1,47113
80176800,false,נוטלה ממרח שוקולד 750 גרם,פררו תעשיות איטליה ס,IT,ממרח שוקולד נוטלה 750 גרם,גרמים,750.00,100 גרם,false,1,27.90,3.7200,true,1,9767
80177173,false,ממרח נוטלה קקאו עם א,פררו,IT,ממרח שוקולד נוטלה אגוזים 350 גרם,גרמים,350.00,100 גרם,false,1,15.90,4.5429,true,1,9768
80177180,false,שוקולד קינדר קאונטרי 23.5 גרם,קדבורי,IT,שוקולד קינדר קאנטרי 23.5 גרם,גרמים,24.00,100 גרם,false,1,3.50,14.5833,true,1,74648
80177609,false,קינדר - אצבעות שוקולד רביעייה,קדבורי,IT,שוקולד חלב עם תכולת חלב גבוהה במילוי קרם חלבי,גרמים,50.00,100 גרם,false,1,5.90,11.8000,true,1,9769
80177616,false,טבלת שוקולד קינדר 100 גרם,פררו,IT,שוקולד חלב עם תכולת חלב גבוהה במילוי קרם חלבי,גרמים,100.00,100 גרם,false,1,9.50,9.5000,true,1,9770
80273561,false,פלפל שחור במטחנה 45 גר ארומה דה טוסקנה,DROGHERIA E ALIMENTA,,פלפל שחור במטחנה 45 גרם,גרמים,45.00,100 גרם,false,1,12.90,28.6667,true,1,9808
80273592,false,פלפל ארבע עונות 30 גר ארומה דה טוסקנה,DROGHERIA E ALIMENTA,,פלפל 4 העונות במטחנה 35 גרם,גרמים,35.00,100 גרם,false,1,12.90,36.8571,true,1,9810
80273677,false,צילי במטחנה 20 גר ארומה דה טוסקנה,DROGHERIA E ALIMENTA,,"צ""ילי במטחנה 20 גרם",גרמים,20.00,100 גרם,false,1,12.90,64.5000,true,1,9816
80310549,false,הפי היפו חטיף קינדר שוקולד לבן 20.5ג',קדבורי,DE,"הפי היפו קקאו, וופל במילוי קרם חלבי וקרם אגוזי לוז",לא מנהל יחידת מידה,0.00,לא מנהל יחידת מידה,false,1,3.50,0.0000,true,1,120849
80310891,false,ביצת קינדר ג'וי שוקולד 20ג',פררו,ZA,"ביצת קינדר ג""וי 20 גרם",גרמים,20.00,100 גרם,false,1,6.00,30.0000,true,1,142569
80761761,false,קינדר בואנו לבן בודד 39 גר,קדבורי,PL,חטיף וופל קינדר בואנו שוקולד לבן 39 גרם,גרמים,39.00,100 גרם,false,1,5.00,12.8205,true,1,75932
80773429,false,מסטיק מנטוס פיור פרש בבקבוק בינוני בטעם תות 60 ג',"פרפטי ואן מלה ג'ידה,",TR,מסטיק מנטוס פיור פרש בטעם תות מעוגל,גרמים,60.00,100 גרם,false,1,9.90,16.5000,true,1,117444
80790990,false,מסטיק מנטוס בבקבוק מעוגל בטעם פירות -מנטה 60 ג',"פרפטי ואן מלה ג'ידה,",TR,מסטיק מנטוס מנטה עדינה בקבוק מעוגל 60 גר,גרמים,60.00,100 גרם,false,1,9.90,16.5000,true,1,115718
80809265,false,טורטינה בודד חמאת בוטנים 21 ג' לואקר,לואקר,AT,חטיף טורטינה חמאת בוטנים 21 גרם,גרמים,21.00,100 גרם,false,1,4.50,21.4286,true,1,141112
80831402,false,סוכרית מנטוס מנטה עדינה ללא סוכר 21 גרם Clean Breath,קדבורי,NL,סוכרית מנטוס מנטה עדינה ללא סוכר,לא מנהל יחידת מידה,0.00,לא מנהל יחידת מידה,false,1,6.90,0.0000,true,1,127581
80854753,false,סוכרית מנטוס מנטה ללא סוכר 21 גרם Clean Breath,קדבורי,NL,סוכרית מנטוס מנטה ללא סוכר,לא מנהל יחידת מידה,0.00,לא מנהל יחידת מידה,false,1,6.90,0.0000,true,1,127582
80864059,false,וופל לואקר גרנדה חמאת בוטנים 38 גר,לואקר,AT,גרדנה חמאת בוטנים 38 גרם,גרמים,38.00,100 גרם,false,1,4.50,11.8421,true,1,141113
80874652,false,קינדר קלפים בודד 25.6 גר',פררו,IT,קינדר קארדס 25.6 גרם,גרמים,26.00,100 גרם,false,1,4.90,18.8462,true,1,142271
80896081,false,מסטיק מנטוס פיור פרש בבקבוק בינוני בטעם אבטיח 60 ג',"פרפטי ואן מלה ג'ידה,",TR,מנטוס גומי לעיסה ללא סוכר בטעם אבטיח,גרמים,60.00,100 גרם,false,1,9.90,16.5000,true,1,117445
80913467,false,מסטיק מנטו בבקבוק מעוגל בטעם מנטה 60 ג',פרפטי ואן מלה ברדה,TR,mentos - pure fresh,גרמים,60.00,100 גרם,false,1,9.90,16.5000,true,1,115720
80936848,false,סוכריות טיק טק תות שדה 24 יח',קדבורי,ZA,טיק טק תות,גרמים,16.00,100 גרם,false,1,4.50,28.1250,true,1,97878
80974482,false,קינדר ג'וי כחול 72 יחידות,פררו,ZA,"ביצת קינדר ג""וי כחול בודד",גרמים,20.00,100 גרם,false,1,6.00,30.0000,true,1,98604
80979128,false,מנטוס בבקבוק פיור בטעם דובדבן 60 גר,פרפטי ואן מלה,TR,מסטיק בקבוקון פיור דובדובן 60 גרם,גרמים,60.00,100 גרם,false,1,9.90,16.5000,true,1,138069
80986348,false,סוכריות פיור וויט טעם מנטה 60 ג' מנטוס,"פרפטי ואן מלה ג'ידה,",TR,מסטיק בקבקון מנטה pure white 60 גרם,גרמים,60.00,100 גרם,false,1,9.90,16.5000,true,1,138438
85939868,false,נייר קצר ללא פילטר PIH,,,נייר קצר ללא פילטר,יחידה,0.00,יחידה,false,1,3.00,0.0000,true,1,93959
85942677,false,נייר קצר כולל פילטר,,,נייר קצר כולל פילטר,Unknown,0.00,Unknown,false,1,6.00,0.0000,false,1,86391
85942707,false,נייר קצר ללא פילטר עבה PIH,,,נייר קצר עבה,Unknown,0.00,Unknown,false,1,3.00,0.0000,false,1,103460
85951730,false,רול פור יו פילטרים ל,,,120 פילטרים SLIM PARTY,Unknown,0.00,Unknown,false,1,6.50,0.0000,false,1,80321
85966611,false,נייר גלגול גדול כולל פילטר PIH,,,נייר גלגול גדול כולל פילטר PIH,יחידה,1.00,יחידה,false,1,7.50,7.5000,false,1,126359
85967076,false,נייר גלגול בינוני כולל פילטר חום,,CZ,נייר בינוני כולל פיל,יחידה,1.00,יחידה,false,1,7.00,7.0000,true,1,126358
87108538,false,סוכריות מנטוס תות גל,הדקלאים אגודת שיתופי,NL,מנטוס תות 40 גלילים,גרמים,38.00,100 גרם,false,1,3.90,10.2632,true,1,41854
87311396,false,מנטוס ריינבואו בגליל 40 ג',פרפטי ואן מלה,NL,מנטוס ריינבאוו סוכריות לעיסה בטעמי פירות 37.5 גרם,גרמים,38.00,100 גרם,false,1,3.90,10.2632,true,1,86833
9800800056,false,נוטלה אנד גו קופסית 52ג',פררו,DE,נוטלה גו בייגלה מלוח,גרמים,52.00,100 גרם,false,1,6.90,13.2692,true,1,112495
11210007253,false,רוטב טבסקו שום ופלפל,מקאילהייני אייבורי,,"רוטב טבסקו שום ופלפל 60 מ""ל",מיליליטרים,60.00,"100 מ""ל",false,1,11.90,19.8333,true,1,118
16000423534,false,ניטשר ואלי חטיף שיבולת שועל שוקולד מריר קראנצי 210ג',ג'נרל מילס סאן אדריא,ES,חטיפי גרנולה קראנצי שיבולת שועל מריר 210,גרמים,210.00,100 גרם,false,1,14.90,7.0952,true,1,76612
16000507777,false,נייטשר ואלי חטיף קראנצ'י שוקולד,ג'נרל מילס,,קראנצי שיבולת שועל שוקולד מריר 42 גרם,גרמים,42.00,100 גרם,false,1,4.90,11.6667,true,1,88491
16000548404,false,ניטשר ואלי חטיף קראנצי גרנולה שיבולת שועל 210 ג',ג'נרל מילס סאן אדריא,ES,"נייטשר וואלי, קראנצ'י שיבולת שועל עם דבש",גרמים,210.00,100 גרם,false,1,14.90,7.0952,true,1,803
16000548497,false,קראנצי שיבולת שועל ודבש בודד 42גר,ג'נרל מילס,,"קראנצ""י שיבולת שועל ודבש בודד 42 גרם",גרמים,42.00,100 גרם,false,1,4.90,11.6667,true,1,21015
16000548503,false,ניטשר ואלי קראנצי חטיף גרנולהומייפל 10 יח' 210 ג',ג'נרל מילס סאן אדריא,ES,חטיפי גרנולה קראנצי מייפל וסוכר חום 210,גרמים,210.00,100 גרם,false,1,14.90,7.0952,true,1,804
16000548596,false,חטיף 18 יח מייפל וסוכר חום,ג'נרל מילס,,"קראנצ""י מייפל סוכר חום בודד 42 גרם",גרמים,42.00,100 גרם,false,1,4.90,11.6667,true,1,21016
16229924263,true,קרם קוקוס 250 מל,,,קרם קוקוס 250 מל,Unknown,0.00,Unknown,false,1,9.90,0.0000,true,1,130511
18000701223,false,תערובת לעוגת שוקולד 517 גרם פילסבורי,הדקלאים אגודת שיתופי,IL,תערובת להכנת עוגת שוקולד פילסברי 500 גרם,גרמים,500.00,100 גרם,false,1,17.90,3.5800,true,1,920
25675120068,false,מקלות חמצוצים קולה 100 גרם,,,מקלות קולה 100 גרם,גרמים,100.00,100 גרם,false,1,9.90,9.9000,true,1,25028
25675301153,false,פשקס - חמצוצים מקלות פטל 50 גרם,יושלם,,מקלות חמוצים פטל 50 גר .,גרמים,50.00,100 גרם,false,1,7.00,14.0000,true,1,25079
25700005698,false,שקיות אחסון בינוניות- 24 יח' זיפלוק,אס.סי גונוסון,US,זיפלוק שקיות אחסון בינוניות 24יח,יחידה,1.00,יחידה,false,1,13.90,13.9000,true,1,129528
30100487197,false,קיבלר סנדוויץ קרקר גבינה וצדר 39 גרם,"מאכלי עולם ר.ז. בע""מ",,קיבלר קרקר גבינת צדר לבן 39 גרם,גרמים,39.00,100 גרם,false,1,4.00,10.2564,true,1,101269
30100545101,false,קיבלר סנדוויץ קרקר קלאב צדר 39 גרם,"מאכלי עולם ר.ז. בע""מ",,קיבלר קרקר קלאב צדר כתום 39 גרם,גרמים,39.00,100 גרם,false,1,4.00,10.2564,true,1,98764
36000516876,false,ממחטות נייר קלינקס לושן 3 שכבות 75 דף,קימברלי,GB,קלינקס לושן 75 - 3 שכבות,יחידה,27.00,יחידה,false,1,11.90,0.4407,true,1,126283
36000516890,false,קלינקס - טישו לושן 3 שכבות 120 דף,קימברלי,GB,קלינקס לושן אלוורה 120 - 3 שכבות,יחידה,24.00,יחידה,false,1,17.90,0.7458,true,1,126282
37600297967,false,מטבל סלסה בחריפות עדינה ציי צי 439 גר,,US,CHI-CHIS מטבל סלסה בחריפות עדינה 439 גרם,גרמים,439.00,100 גרם,false,1,16.90,3.8497,true,1,142464
38000138607,false,פרינגלס כחול חומץ 158 ג',מנופקצורי קטמפני,US,פרינגלס חומץ מלח 158 גרם,גרמים,158.00,100 גרם,false,1,9.90,6.2658,true,1,124128
38000138720,false,פרינגלס  תכלת ראנץ 158 ג',פרינגלס מניופקצ'ורינ,US,פרינגלס ראנץ 158 גרם,גרמים,158.00,100 גרם,false,1,9.90,6.2658,true,1,120121
38000183928,false,פרינגלס חרדל ודבש 158 גרם,פרינגלס מניופקצ'ורינ,US,פרינגלס חרדל ודבש 158 גרם,גרמים,158.00,100 גרם,false,1,9.90,6.2658,true,1,129017
38000232152,false,פרינגלס ברביקיו 158 גרם – חדש,פרינגלס מניופקצ'ורינ,US,פרינגלס ברביקיו 158גרם,גרמים,158.00,100 גרם,false,1,9.90,6.2658,true,1,126645
38000232176,false,פרינגלס שמנת ובצל 158 גרם,פרינגלס מניופקצ'ורינ,US,פרינגלס שמנת בצל 158גרם,גרמים,158.00,100 גרם,false,1,9.90,6.2658,true,1,126644
38000232183,false,פרינגלס אוריגינל 149 גרם,פרינגלס מניופקצ'ורינ,US,פרינגלס אורגינל 149 גרם,גרמים,149.00,100 גרם,false,1,9.90,6.6443,true,1,126643
38000845253,false,פרינגלס מידי שמנת בצל 71 גרם,פרינגלס מנופקצורינג,US,פרינגלס מידי שמנת בצל 71 גרם,גרמים,71.00,100 גרם,false,1,5.90,8.3099,true,1,121096
38527591053,false,קואקר דגנים מרובעים שיבולת שועל וקינמון,BEVERAGES FOODS & SE,,דגני קוואקר מרובעים קינמון 411 גרם,גרמים,411.00,100 גרם,false,1,23.90,5.8151,true,1,82065
38527591060,false,קוואקר מרובעים אינסנט סוכר חום 430 ג',BEVERAGES FOODS & SE,,דגני קוואקר מרובעים סוכר חום 411 גרם,גרמים,411.00,100 גרם,false,1,23.90,5.8151,true,1,82674
40000123415,false,כרזה 1X,ארסלן,,כרזה 1X,Unknown,0.00,Unknown,false,1,6.90,0.0000,true,1,3987
40000514480,false,M&M אריזה קטנה's שוקולד אריזה קטנה 48 גרם,מרס נדרלנד,,סוכריות M&M בטעם שוקולד 48 גרם,גרמים,48.00,100 גרם,false,1,5.80,12.0833,true,1,112350
40000514510,false,M&M אריזה קטנה's בוטנים אריזה קטנה 49 גרם,מרס נדרלנד,,סוכריות שוקולד M&M בוטנים 49 גרם,גרמים,49.00,100 גרם,false,1,5.80,11.8367,true,1,112048
41224468108,false,עגבניות מיובשות שמן זית 340 גרם ROLAND,סיגס גיטה,,עגבניות מיובשות בשמן זית 283 גרם,גרמים,283.00,100 גרם,false,1,22.90,8.0919,true,1,55996
41390000010,false,רוטב סויה קיקומן 148,קיקומן פודז אינק,,"רוטב סויה קיקומן 148 מ""ל",מיליליטרים,148.00,"100 מ""ל",false,1,10.90,7.3649,true,1,107547
46214731552,false,עוגיות שוקולד ציפס מובחרות 225 ג',קריניציה ויטמינה אס,NL,מרבה עוגיות 37% שוקולד ציפס,גרמים,225.00,100 גרם,false,1,10.90,4.8444,true,1,4797
50000015474,false,פריסקיז מעדני הים 4*,פורינה,US,פריסקיז דגים 1.42 קג,קילוגרמים,1.42,"ק""ג",false,1,35.90,25.2817,true,1,25363
50000084500,false,"פריסקיז מנתחי ברביקיו 1.4 ק""ג",פורינה,US,פריסקיז מעדני השף 1.42 קג,קילוגרמים,1.42,"ק""ג",false,1,35.90,25.2817,true,1,28419
50000429448,false,פנסי פיסט - מוס סלמון 85 גרם,פורינה,US,פנסי פיסט מוס סלמון 85 גר,גרמים,85.00,100 גרם,false,1,5.90,6.9412,true,1,5206
55500012046,false,"כלורקס מרסס ניקוי עם אקונומיקה 946 מ""ל",כלורוקס אוקלנד,US,"קלין אפ מרסס 946 מ""ל",מיליליטרים,946.00,"100 מ""ל",false,1,19.90,2.1036,true,1,6130
64144090013,false,"ספריי שמן PAM בטעם חמאה 141 מ""ל",קונאגרה פודס,,"תרסיס PAM שמן חמאה 148 מ""ל",מיליליטרים,148.00,"100 מ""ל",false,1,18.90,12.7703,true,1,84485
70970473562,false,מייק לייק - סוכריות ג'לי בינס קרטונית מגה מיקס 141 גרם,ג'אסט בורן,,מייק אנד אייק מגה מיקס 141 גרם,גרמים,141.00,100 גרם,false,1,10.90,7.7305,true,1,115584
74299018060,true,הוט ויילס חמישיה,,,הוט ויילס חמישיה,יחידה,1.00,יחידה,false,1,59.90,59.9000,true,1,85267
76840002542,false,"גלידת בן & ג'ריס פיינט נטפליקס וצ'ילד 500מ""ל",מוצרי איכות אמריקאים,IL,פיינט נטפליקס וצילד,גרמים,500.00,100 גרם,false,1,23.90,4.7800,true,1,127674
76840100583,false,"גלידת וניל עם בצק עוגיות בן וג'ירי 473 מ""ל",מוצרי איכות אמריקאיי,,"גלידה בצק עוגיות 473 מ""ל",מיליליטרים,473.00,"100 מ""ל",false,1,23.90,5.0529,true,1,69178
76840400218,false,"גלידה בן&ג'ריס תות שדה ועוגת גבינה 500מ""ל",מוצרי איכות אמריקאיי,,"גלידה עוגת גבינה ותות שדה 473 מ""ל",מיליליטרים,473.00,"100 מ""ל",false,1,23.90,5.0529,true,1,96758
76840620036,false,"גלידה בן&ג'ריס חצי אפוי משפחתית 500מ""ל",מוצרי איכות אמריקאים,,גלידה שוקולד ציפס ובראוניס עם בצק 500 מל,גרמים,500.00,100 גרם,false,1,23.90,4.7800,true,1,115953
76840657841,false,גלידה בן&גרי סלייס ב,מוצרי איכות אמריקאים,IL,גלידה בן&גרי סלייס בצק עוגיות 82 גרם,גרמים,82.00,100 גרם,false,1,8.90,10.8537,true,1,126454
77245110610,false,סוכריות מאסט ללא סוכר בטעם מנטה 80 ג'עלית,MIESZKO S.A - MS. JO,CO,סוכריות מאסט מנטה ללא סוכר 80 גרם,גרמים,80.00,100 גרם,false,1,8.90,11.1250,true,1,14248
77343000233,false,נרות חימום אורה 50,מנורה,IL,נרות חימום אורה 50,יחידה,1.00,יחידה,false,1,12.90,12.9000,true,1,111760
77975036976,false,מטבל עגבניות בחריפות עדינה סניידרס 439 ג',סניידרס,,מטבל עגבניות בחריפות מעודנת 439 גרם,גרמים,439.00,100 גרם,false,1,16.90,3.8497,true,1,113830
77975094631,false,סנדוויץ' בייגלה במילוי בטעם קרם צ'דר 226 גר',סיינדרס,US,"בייגלה סניידרס סנדביץ גבינה צ""דר 226 גרם",גרמים,226.00,100 גרם,false,1,17.90,7.9204,true,1,128787
77975094761,false,שברי בייגלה סניידרס בטעם צידר 340 גרם,סניידרס,US,סניידרס בטעם צדר 340 גרם,גרמים,340.00,100 גרם,false,1,17.90,5.2647,true,1,130833
77975094778,false,שברי בייגלה סניידרס בטעם דבש חרדל 340 גר,סניידרס,US,סניידרס דבש חרדל ובצל 340 גרם,גרמים,340.00,100 גרם,false,1,17.90,5.2647,true,1,131157
80432402931,false,"וויסקי שיבאס רגאל 12 שנה 700 מ""ל",מזקקת האחים שיבאס,GB,"וויסקי סקוטי, שיבאס ריגאל 12 שנה, 700 מ''ל",מיליליטרים,700.00,"100 מ""ל",false,1,139.90,19.9857,true,1,101535
80518532743,false,שקית בלון 50 בלונים,NORTHERN,,שקית בלון 50 בלונים,מיליליטרים,0.00,"100 מ""ל",false,1,15.90,0.0000,true,1,9830
80518532897,false,10 בלונים נקניק,יושלם,,בלוני דיסני 10 X,Unknown,0.00,Unknown,false,1,5.90,0.0000,true,1,9833
84213017420,false,מסטמכר מיסלי אורגני אגוזים וצימוק 5 500,מסטמכר,DE,מיסלי אורגני אגוזים וצימוקים 500 גרם,גרמים,500.00,100 גרם,false,1,19.90,3.9800,true,1,10274
84213017475,false,מסטמכר מיסלי אורגני עם פירות 500ג,מסטמכר,,מיסלי אורגני עם פירות יבשים 500 גרם,גרמים,500.00,100 גרם,false,1,20.90,4.1800,true,1,10275
412244568220,false,פלפלים אדומים קלויים,,,פלפלים אדומים קלויים בחומץ 490 גרם,גרמים,490.00,100 גרם,false,1,16.10,3.2857,true,1,90869
651080647519,false,"פלאקרס ""פלוסר ""חוט דנטלי ירוק -מנטה",המאפיה של הרמן,US,פלאקרס פלוסר חוט דנטלי ירוק -מנטה,יחידה,1.00,יחידה,false,1,11.90,11.9000,true,1,114768
693493010788,false,"נאצוס חטיף טורטיה ע""ב תירס ברביקיו 200 ג",או. קיי סניקס,DK,נאצוס בטעם ברביקיו 200 גרם,גרמים,200.00,100 גרם,false,1,13.90,6.9500,true,1,141429
693493010818,false,"נאצוס - חטיף טורטיה ע""ב תירס בטע 200 גר",או. קיי סניקס,DK,נאצוס בטעם טבעי 200 גרם,גרמים,200.00,100 גרם,false,1,13.90,6.9500,true,1,141430
753182231761,false,"משקה אנרגיה BLU ללא תוספת סוכר 250 מ""ל",אקו - ביט,PL,בלו משקה אנרגיה מוגז 250 מל,מיליליטרים,250.00,"100 מ""ל",false,1,5.00,2.0000,true,1,69412
768404001640,false,"גלידה בן&ג'ריס קפה משפחתית 500מ""ל",מוצרי איכות אמריקאיי,,"פיינט בטעם קפה בן אנד גרי 500 מ""ל",מיליליטרים,500.00,"100 מ""ל",false,1,23.90,4.7800,true,1,56791
769904000997,false,דגש שקדי מרק ללא גלו,משובח תעשיות בעמ,IL,שקדי מרק,גרמים,200.00,100 גרם,false,1,15.90,7.9500,true,1,74622
782588945453,false,ערק קורדו פסיפלורה 7,שי חזן 7 ח.ש,IL,"ערק קורדו פסיפלורה 750 מ""ל",מיליליטרים,750.00,"100 מ""ל",false,1,59.90,7.9867,true,1,137506
835811005957,false,תבנית אלמניום מכסה 8 יח',יבוא ושיווק: הנמל אר,IL,"הנמל תבנית אלומניום מלבנית, 8 יחידות",לא מנהל יחידת מידה,0.00,לא מנהל יחידת מידה,false,1,11.90,0.0000,true,1,88426
835811006053,false,הנמל קורנפלור 200 גר,ר.ס חברה ליבוא ויצור,IL,קורנפלור 200 גרם,גרמים,200.00,100 גרם,false,1,3.90,1.9500,true,1,86125
835811006060,false,כוסות קרטון 50 יח' 2.5 OZ,אכיף,,כוסות נייר אספרסו 50 יח,Unknown,0.00,Unknown,false,1,7.90,0.0000,true,1,87221
835811009023,false,"כוס קרטון ח""פ 50 יחי'",אכיף,,כוסות קרטון,יחידה,0.50,יחידה,false,1,12.90,25.8000,true,1,60973
839762000641,false,משקה איילנד מנגו נקטר 1 ל',"פאראגאלה,דה אג'יפשן",EG,איילנד מנגו 1 ליטר,ליטרים,1.00,ליטר,false,1,11.50,11.5000,true,1,21076
839762000658,false,משקה נקטר איילנד גויאבה 1 ל',The Egyptian Co. for,EG,איילנד גויאבה המשקה של חופי סיני 1 ליטר,ליטרים,1.00,ליטר,false,1,11.50,11.5000,true,1,20560
839762002379,false,משקה נקטר מנגו איילנד 350מל,"פאראגאלה,דה אג'יפשן",EG,"איילנד מנגו 350 מ""ל",מיליליטרים,350.00,"100 מ""ל",false,1,6.90,1.9714,true,1,68735
850668000863,false,חטיף ציפס DEEP ברביק,OLD LYME GOURMET COM,,חטיף ציפס DEEP ברביקיו ללא גלוטן 142 גרם,גרמים,142.00,100 גרם,false,1,21.90,15.4225,true,1,91540
856591000062,false,עבאדי עוגיות מזרחיות מלח 400 גרם,מאפיית יוסף ושמחה עב,IL,מזרח. מלח 400ג 856591000062,גרמים,400.00,100 גרם,false,1,19.90,4.9750,true,1,22258
888849008117,false,משקה חלבון קווסט בטע,קווסט נטרישן,US,משקה חלבון קווסט בטעם וניל 330מל,מיליליטרים,330.00,"100 מ""ל",false,1,19.90,6.0303,true,1,141436
3013201300029,false,מחממי אוזניים שחור,IMPOFIX,,מחממי אוזניים שחור,יחידה,1.00,יחידה,false,1,8.90,8.9000,true,1,93219
3014260201753,false,סכיני גילוח בלו 2 פלוס חמישייה,פרוקטר אנד גמבל,PL,ג'ילט סכיני בלו 2 חמישייה,קילוגרמים,100.00,"ק""ג",false,1,11.90,0.1190,true,1,12981
3014260214692,false,"ג'ילט ג'ל גילוח סירייס רגיש - 200 מ""ל",ג'ילט,GB,גל גילוח גילט סירייס לעור רגיש ירוק 200,מיליליטרים,20000.00,"100 מ""ל",false,1,13.90,0.0695,true,1,38346
3014260262693,false,מכשיר גילוח ונוס לאי,פרוקטר אנד גמבל,PL,מכשיר גילוח ונוס+ 2 סכינים,קילוגרמים,0.00,"ק""ג",false,1,33.90,0.0000,true,1,57202
3228022910023,false,פרזידנט חמאה 200 גרם,סוסייטה בארייר דה אי,FR,פרזידנט חמאה 200 גרם,גרמים,200.00,100 גרם,false,1,15.50,7.7500,true,1,3001
3387390525960,false,קראנץ' דגנים פריכים עם שוקולד 500 גרם,הנסיך- מפעל לייצור ט,FR,דגני קראנץ נסטלה 500 גרם,גרמים,500.00,100 גרם,false,1,26.90,5.3800,true,1,50545
3387390730852,false,דגנים מחיטה מלאה 375 ג' פיטנס,האחים פלם הגפן,FR,דגני פיטנס 375 גרם,גרמים,375.00,100 גרם,false,1,21.90,5.8400,true,1,28302
3574660115154,false,או-בה טמפונים קלאסי סופר 32יח',ג'ונסון אנד ג'ונסון,GR,טמפוני O.B סופר 32 יח,יחידה,1.00,יחידה,false,1,24.90,24.9000,true,1,43080
3574660333466,false,או-בה טמפונים פרוקומפורט מיני 32 יח',הנסיך- מפעל לייצור ט,DE,אובה מיני טמפונים ללא מוליך 32 יחידות,ליטרים,0.00,ליטר,false,1,24.90,0.0000,true,1,85163
3574661425139,true,גונסונס בייבי קרם הח,CILAG GMBH INTERNATI,IT,גונסונס בייבי קרם החתלה 100 מל חדש,מיליליטרים,100.00,"100 מ""ל",false,1,15.90,15.9000,true,1,123425
3574661425696,true,גונסונס בייבי תחליב,CILAG GMBH INTERNATI,IT,גונסונס בייבי תחליב 500 חדש,Unknown,0.00,Unknown,false,1,26.90,0.0000,true,1,123426
3574661487328,false,קרפרי מגני תחתון אורגינל פלוס 56 יח',הדקלאים אגודת שיתופי,IT,קרפרי מגן תחתון רגיל 56 יח,יחידה,1.00,יחידה,false,1,19.90,19.9000,true,1,125603
3574661487625,false,קרפרי מגן תחתון מקסי לארג 48 יח'',הדקלאים אגודת שיתופי,IT,קרפרי מגן תחתון מקסי לארג 48 יח,יחידה,1.00,יחידה,false,1,19.90,19.9000,true,1,125604
3574669908481,true,גונסונס בייבי אל סבו,CILAG GMBH INTERNATI,IT,גונסונס בייבי אל סבון אמבט 750 מל חדש,Unknown,0.00,Unknown,false,1,19.90,0.0000,true,1,123430
3574669909204,false,גונסונס בייבי שמן 300 מל,CILAG GMBH INTERNATI,IT,גונסונס בייבי שמן 300 מל חדש,מיליליטרים,300.00,"100 מ""ל",false,1,19.90,6.6333,true,1,123206
3574669909822,true,גונסונס ספריי קשרים,CILAG GMBH INTERNATI,IT,גונסונס ספריי קשרים טיפות של ברק 200 חדש,Unknown,0.00,Unknown,false,1,16.90,0.0000,true,1,123433
3661163990545,false,"אדידס דאודורנט ספריי לגברים אקשיין 200 מ""ל",מיוצר עי קונדיטוריית,PT,200 מל דאודורנט ספריי קליימקול לגבר אדידס,מיליליטרים,200.00,"100 מ""ל",false,1,19.90,9.9500,true,1,65087
3661163991146,false,"אדידס - דאודורנט ספריי לאישה קול אנד קר פרש 150 מ""ל",מיוצר עי קונדיטוריית,PT,אדידס דאודורנט ספריי לאישה פרש 150 מל,מיליליטרים,200.00,"100 מ""ל",false,1,19.90,9.9500,true,1,68299
3661163991580,false,"אדידס - דאודורנט ספריי לאישה קול אנד קר 6 ב-1 150 מ""ל",מיוצר עי קונדיטוריית,PT,אדידס דאודורנט ספריי לאישה 6 ב-1 150 מל,מיליליטרים,200.00,"100 מ""ל",false,1,19.90,9.9500,true,1,68620
3800020491393,false,שוקולד קיט קט צאנקי,תאי פרזידנט פוד פאבל,BG,שוקולד קיט קט צאנקי עוגיות 42 גרם,גרמים,42.00,100 גרם,false,1,4.90,11.6667,true,1,129307
4000417026002,false,שוקולד ריטר ספורט נוגט 100 גרם,מולינו ניקולי s.p.a,DE,שוקולד ריטר ספורט נוגט פרלין 100 גרם,גרמים,100.00,100 גרם,false,1,11.20,11.2000,true,1,75760
4000417222008,false,שוקולד ריטר ספורט חלב עם אגוזים 100 גר,מולינו ניקולי s.p.a,DE,שוקולד ריטר שברי אגוזים 100 גרם,גרמים,100.00,100 גרם,false,1,11.20,11.2000,true,1,113297
4002448017684,false,"סיליט באנג ספריי רב שימושי כתום 750 מ""ל",הדקלאים אגודת שיתופי,PL,"ספריי לניקוי כללי והסרת אבנית סיליט באנג 750 מ""ל",מיליליטרים,750.00,"100 מ""ל",false,1,14.90,1.9867,true,1,20582
4002448019480,false,"סיליט באנג מסיר שומנים רב שימושי 750 מ""ל",רקיט בנקיזר,PL,"ספריי מסיר שומנים סיליט באנג 750 מ""ל",מיליליטרים,750.00,"100 מ""ל",false,1,14.90,1.9867,true,1,31394
4004666042004,false,"מלרוד - מרסס משמיד עובש 500 מ""ל",מלרוד,DE,יעקבי מלרוד ספריי משמיד עובש 500 מל,מיליליטרים,500.00,"100 מ""ל",false,1,29.90,5.9800,true,1,22504
4005808262168,false,ניוואה ספריי הגנה,טרופיקל דגיל תעשיות,DE,"תרסיס מקדם הגנה מרענן, SPF20 עמיד במים",מיליליטרים,200.00,"100 מ""ל",false,1,64.90,32.4500,true,1,97227
4005808813063,false,תחליב לחות לעור רגיש לאחר גילוח,בטר אנד דיפרנט,DE,תחליב לחות לעור רגיש ניוואה,גרמים,260.00,100 גרם,false,1,34.90,13.4231,true,1,4017
4008033091428,false,פותחן פקלמן,YIWO,,פותחן טקרטור פקלמן,יחידה,1.00,יחידה,false,1,33.90,33.9000,true,1,117177
4008400170428,false,בונבוניירה פררו רושר לב 100 גרם,גוד פוד פרודקטס S.p,PL,פררו רושה לב,גרמים,125.00,100 גרם,false,1,17.90,14.3200,true,1,123700
4008400230726,false,ביצת שוקולד הפתעה קינדר ענקית 100ג' בנים,פררו,BE,ביצת הפתעה קינדר מקסי12 יח,גרמים,100.00,100 גרם,false,1,25.90,25.9000,true,1,125204
4008400290126,false,קנדר עוגת ספוג במילו,פררו טורקיה צ'יקולטה,TR,קנדר עוגת ספוג במילוי חלבי מצופה ש מריר,גרמים,30.00,100 גרם,false,1,4.50,15.0000,true,1,131428
4009300522935,false,תה פומפדור תה ירוק לימונית ולואיזה 20 יח',"איטיליאן פוד, אס.פי.",DE,פומפדור תה ירוק לימונית ולואיזה 30 גר',גרמים,30.00,100 גרם,false,1,19.90,66.3333,true,1,49995
4009300522966,false,פומפדור תה ירוק נענע 20 שקיקים,"איטיליאן פוד, אס.פי.",DE,pompadour תה ירוק עם נענע 30 גרם,גרמים,30.00,100 גרם,false,1,18.90,63.0000,true,1,49996
4009300524588,false,תה פומפדור חליטת צמחים פירות יער 20 יח',טיקנה,DE,תה פומפדור חליטה פירות יער,גרמים,60.00,100 גרם,false,1,16.90,28.1667,true,1,59738
4009300525684,false,תה חליטת פומפדור לימון וגינגיר 20 יח,טיקנה,DE,"חליטת לימון ג""ינגר",גרמים,35.00,100 גרם,false,1,16.90,48.2857,true,1,87869
4009300526438,false,פומפדור תה ירוק קלאסי 30 גרם,"איטיליאן פוד, אס.פי.",DE,פומפדור תה ירוק קלאסי 30 גרם,גרמים,30.00,100 גרם,false,1,18.90,63.0000,true,1,101502
4009300527909,true,פומפדור גינגר כורכום,,DE,פומפדור גינגר כורכום,Unknown,0.00,Unknown,false,1,16.90,0.0000,true,1,133584
4009309022399,true,כרוב כבוש אורגני 670,נטורפוד,DE,כרוב כבוש אורגני 670 גרם,גרמים,670.00,100 גרם,false,1,16.90,2.5224,true,1,118001
4009309114346,true,מלפפונים אורגנים בחו,סטאר סנקס,DE,מלפפונים אורגנים בחומץ ללא סוכר 670 גרם,גרמים,670.00,100 גרם,false,1,24.90,3.7164,true,1,118002
4009309742426,true,רסק תפוח מנגו אורגני,תות תעשיות מזון (201,DE,רסק תפוח מנגו אורגני,גרמים,700.00,100 גרם,false,1,18.90,2.7000,true,1,118006
4009900379564,false,מסטיק הובה בובה באבל טייפ פירות 56 גר',מארס,GB,הובה טייפ פירות 56 גרם,גרמים,56.00,100 גרם,false,1,8.90,15.8929,true,1,35539
4009900402965,false,מסטיק אורביט בקבוקון white פירות 64ג',ריגלי פולין,PL,מסטיק אורביט וויט פירות בקבוקון,Unknown,0.00,Unknown,false,1,9.90,0.0000,true,1,88550
4009900403023,false,מסטיק אורביט בקבוקון דאבל white קלאסי 64ג',"ב.א מזון בע""מ",PL,מסטיק אורביט וויט מנטה בקבוקון,גרמים,64.00,100 גרם,false,1,9.90,15.4688,true,1,88551
4009900406918,false,מסטיק הובה בובה טייפ טריפל מיקס 56ג',מארס,GB,הובה טייפ טריפל מיקס 56 גרם,גרמים,56.00,100 גרם,false,1,8.90,15.8929,true,1,42278
4009900420129,false,מסטיק אורביט פרופשנל פפרמינט בקבוקון 64 גר',מרס נדרלנד,PL,אורביט פרופשיונל פפרמינט בקבוקון,לא מנהל יחידת מידה,0.00,לא מנהל יחידת מידה,false,1,9.90,0.0000,true,1,121570
4009900426039,false,מסטיק איירוויבז מנטה אקליפטוס בקבוקון 64,ריגלי פולין,PL,מסטיק איירווייבס מנטה אקליפטוס בקבוקון,גרמים,64.00,100 גרם,false,1,9.90,15.4688,true,1,112555
4009900426121,false,מסטיק אורביט איירוויז בקבוקון אוכמניות 64ג',ריגלי פולין,PL,מסטיק איירווייבס אוכמניות בקבוקון,גרמים,64.00,100 גרם,false,1,9.90,15.4688,true,1,112556
4009900479998,false,"מסטיק אורביט לל""ס אוכמניות בקבוקון",ריגלי פולין,PL,מסטיק אורביט אוכמניות בקבוקון,Unknown,0.00,Unknown,false,1,9.90,0.0000,true,1,101599
4009900482417,false,מסטיק אורביט פירות מנטה בקבוקון באבל מינט 45יח,ריגלי פולין,PL,מסטיק אורביט בבאבל מינט בקבוקון,Unknown,0.00,Unknown,false,1,9.90,0.0000,true,1,93454
4009900500166,false,סוכריות פירות אדום סקיטלס בקבוקון 125ג',ריגלי ממתקים,,סוכריות סקיטלס פירות בקבוקון 125 גרם,גרמים,125.00,100 גרם,false,1,10.90,8.7200,true,1,113116
4009900512329,false,מסטיק פייב פפרמינט ב,ריגלי בעמ רוסיה,RU,מסטיק פייב פפרמינט בוקס,גרמים,69.00,100 גרם,false,1,9.90,14.3478,true,1,112175
4009900536257,false,מסטיק אורביט רפרשרס ספירמינט בקבוקון ללא סוכר 67 גר',מרס ריגלי קונפקשונרי,PL,מסטיק אורביט רפרשרס ספירמנט 67 ג,גרמים,67.00,100 גרם,false,1,10.90,16.2687,true,1,130908
4009900536288,false,מסטיק אורביט רפרשרס פפרמינט בקבוקון ללא סוכר 67 גר',מרס ריגלי קונפקשונרי,PL,מסטיק אורביט רפרשרס פפרמ 67 ג,גרמים,67.00,100 גרם,false,1,10.90,16.2687,true,1,130909
4009900536486,false,מסטיק אורביט רפרשרס באבלמינט בקבוקון ללא סוכר 67 גר',מרס ריגלי קונפקשונרי,PL,מסטיק אורביט רפרשרס באבלמ 67 ג,גרמים,67.00,100 גרם,false,1,10.90,16.2687,true,1,130910
4009900539685,false,"מסטיק פייב באונס בטעם מנטה בקבוקון, 61.8 גרם",ריגלי בעמ רוסיה,PL,מסטיק פייב מנטה בקבוקון 61.8גרם,גרמים,62.00,100 גרם,false,1,11.90,19.1935,true,1,139828
4009900539746,false,"מסטיק פייב באונס בטעם אבטיח בקבוקון, 61.8 גרם",ריגלי בעמ רוסיה,PL,מסטיק פייב אבטיח בקבוקון 61.8גרם,גרמים,62.00,100 גרם,false,1,11.90,19.1935,true,1,139829
4009900540551,false,מסטיק אורביט רפרשרס טרופיקל בקבוקון ללא סוכר,מרס פולין,PL,אורביט ריפרשרס טרופיקל,גרמים,67.00,100 גרם,false,1,10.90,16.2687,true,1,139823
4014400900217,false,בונבוניירה שוקולד מרסי 400 ג`,קריניציה ויטמינה אס,DE,בונבוניירה מרסי 400 גרם,גרמים,400.00,100 גרם,false,1,49.90,12.4750,true,1,12270
4014400901405,false,בונבוניירה שוקולד מרסי חלב 250 ג',קריניציה ויטמינה אס,DE,"בונבוניירה מרסי חלב 250 גר """,גרמים,250.00,100 גרם,false,1,29.90,11.9600,true,1,36173
4014400901412,false,בונבוניירה שוקולד מריר מרסי 250 ג`,תות ממתקי איכות,,בונבוניירה מרסי מריר 250 גרם,גרמים,250.00,100 גרם,false,1,29.90,11.9600,true,1,78780
4014400910063,false,סוכריות וורטר אורגינל שקית 135 גרם,אוגוסט שטורק,DE,וורטרס אורגינל סוכריות חמאה 135 גרם,גרמים,135.00,100 גרם,false,1,10.90,8.0741,true,1,70138
4014400914696,false,סוכריות חמאה וורטר אור ללא סוכר 80 גרם,אוגוסט שטורק,DE,סוכריות חמאה וורטר ללא סוכר 80 גרם,גרמים,80.00,100 גרם,false,1,10.90,13.6250,true,1,73328
4014400923711,false,טופיפי בונבונירה שוק,אוגוסט שטורק,DE,בונבוניירה טופיפי שוקולד 125 גרם,גרמים,125.00,100 גרם,false,1,13.90,11.1200,true,1,112863
4015000031394,false,"ספטיל - משחה להסרת כתמים 200 מ""ל",הנקל,HU,ספטיל משחה להסרת כתמים,מיליליטרים,200.00,"100 מ""ל",false,1,16.90,8.4500,true,1,4137
4015400363002,false,טמפקס סופר 20 יח',פרוקטר & גמבל,DE,טמפקס סופר 20 יח,יחידה,20.00,יחידה,false,1,25.90,1.2950,true,1,141192
4015400498124,false,אולוויז תחבושת (ס) אולטרה נייט 18 יח',פרוקטל אנד גמבל,DE,תחבושות אולוויז אולטרה לילה 18 יח,יחידה,18.00,יחידה,false,1,19.90,1.1056,true,1,142676
4015400564324,false,אולוויז - מגן תחתון לארג' 52 יח',פרוקטר אנד גמבל,DE,אולדייז מגן תחתון לארג 60 יחידות,יחידה,1.00,יחידה,false,1,23.90,23.9000,true,1,107153
4015400681670,false,תחבושות אולוויז לילה בטוח וליו פק 18 יח,פרוקטר אנד גמבל,UA,תחבושות אולוויז לילה בטוח 18 יחידות,יחידה,18.00,יחידה,false,1,19.90,1.1056,true,1,110074
4015400755241,false,אולוויז תחבושות כפול אולטרא נורמל 28 יח',פרוקטר אנד גמבל,UA,תחבושות אולוויז הגיינה נורמל 28 יחידות,יחידה,28.00,יחידה,false,1,19.90,0.7107,true,1,112024
4015400755487,false,אולוויז תחבושות כפול אולטרא סגול 24 יח',פרוקטר אנד גמבל,UA,אולוויז תחבושות וליו פק לונג פלוס 24 יח',לא מנהל יחידת מידה,0.00,לא מנהל יחידת מידה,false,1,19.90,0.0000,true,1,112025
4015600762742,false,"שמפו קלאסי 500 מ""ל הד אנד שולדרס",פרוקטר אנד גמבל,RO,"הד אנד שולדרס שמפו קלאסי 500 מ""ל",מיליליטרים,500.00,"100 מ""ל",false,1,24.90,4.9800,true,1,113707
4015600762780,false,"שמפו ומרכך קלאסי 500 מ""ל הד אנד שולדרס",פרוקטר אנד גמבל,RO,"הד אנד שולדרס 2 ב 1 קלאסי 500 מ""ל",מיליליטרים,500.00,"100 מ""ל",false,1,24.90,4.9800,true,1,113711
4015600762902,false,"שמפו מנטול הד אנד שולדרס 500 מ""ל",פרוקטר אנד גמבל,RO,"הד אנד שולדרס שמפו מנטול 500 מ""ל",מיליליטרים,500.00,"100 מ""ל",false,1,24.90,4.9800,true,1,113712
4015600762940,false,"שמפו תפוח 500 מ""ל הד הד אנד שולדרס",פרוקטר אנד גמבל,RO,"הד אנד שולדרס שמפו תפוח 500 מ""ל",מיליליטרים,500.00,"100 מ""ל",false,1,24.90,4.9800,true,1,113723
4015600763022,false,"שמפו לשיער יבש 500 מ""ל הד אנד שולדרס",פרוקטר אנד גמבל,RO,"שמפו הד אנד שולדרס למניעת קשקשים 500 מ""ל",מיליליטרים,500.00,"100 מ""ל",false,1,24.90,4.9800,true,1,109811
4015600810849,false,Gillette Clear Gel A,פרוקטר אנד גמבל,PL,Gillette Clear Gel AP Deo Stick Power Ru,מיליליטרים,70.00,"100 מ""ל",false,1,16.90,24.1429,true,1,101016
4018722102656,true,ספגטי כוסמין אורגני,האחים פלם הגפן,DE,אלב גולד - ספגטי כוסמין אורגני 500 גרם,גרמים,500.00,100 גרם,false,1,17.90,3.5800,true,1,118069
4032900104508,false,אל די סופרסלימס כחול חפיסה,,,סיגריות אל די סופרסל,לא מנהל יחידת מידה,0.00,לא מנהל יחידת מידה,false,1,28.40,0.0000,false,1,122426
4032900111292,false,סיגריות וינסטון קומפקט פלוס,JTI,UA,סיגריות ווינסטון קומפקט כחול בודד,לא מנהל יחידת מידה,0.00,לא מנהל יחידת מידה,false,1,29.80,0.0000,false,1,123102
4032900112824,false,כאמל קומפקט תכלת חפיסה,,,סיגריות כאמל קומפקט,יחידה,1.00,יחידה,false,1,27.60,27.6000,false,1,123345
4032900112879,false,כאמל קומפקט כחול חפיסה,,,סיגריות כאמל קומפקט כחול בודד,יחידה,1.00,יחידה,false,1,27.60,27.6000,false,1,123344
4032900124193,false,כאמל צהוב ארוך PP חפיסה,,,סיגריות כאמל צהוב ארוך בודד PP,לא מנהל יחידת מידה,0.00,לא מנהל יחידת מידה,false,1,32.00,0.0000,false,1,126792
4032900124254,false,ווינסטון קומפלקט ברי PP חפיסה,,,וינסטון קומפקט ברי PP בודד,יחידה,1.00,יחידה,false,1,29.80,29.8000,false,1,127915
4033100013348,false,סיגריות אל די כחול א,JTI,,סיגריות אל די כחול ארוך חפיסה בודד,לא מנהל יחידת מידה,0.00,לא מנהל יחידת מידה,false,1,30.20,0.0000,false,1,68302
4033100014468,false,סיגריות אל די אדום ח,JTI,,סיגריות אל די אדום חפיסה בודד,לא מנהל יחידת מידה,0.00,לא מנהל יחידת מידה,false,1,30.20,0.0000,false,1,68301
4033100014499,false,סיגריות אל די כחול ח,JTI,,סיגריות אל די כחול חפיסה בודד,Unknown,0.00,Unknown,false,1,30.20,0.0000,false,1,68300
4033100014529,false,סיגריות אל די סלים ח,JTI,,סיגריות אל די סלים חפיסה בודד,יחידה,1.00,יחידה,false,1,29.00,29.0000,false,1,68303
4033100024146,false,סיגריות וינסטון קוד,JTI,,סיגריות וינסטון קוד חפיסה בודד,לא מנהל יחידת מידה,0.00,לא מנהל יחידת מידה,false,1,32.00,0.0000,false,1,87617
4033100024252,false,וינסטון אקווה לייט קופסה,JTI,,סיגריות וינסטון אקווה חפיסה בודד,יחידה,0.00,יחידה,false,1,32.00,0.0000,false,1,87619
4033100038914,false,טבק כאמל צהוב + נייר גלגול 30ג',JTI,,טבק לגלגול קאמל צהוב חפיסה30 גרם,גרמים,30.00,100 גרם,false,1,81.20,270.6667,false,1,96107
4033100046490,false,סיגריות וינסטון 100 אקווה ארוך,יושלם,,סיגריות וינסטון קוד אקווה 100 חפיסה בודד,לא מנהל יחידת מידה,0.00,לא מנהל יחידת מידה,false,1,32.00,0.0000,false,1,94185
4033100047350,false,טבק לגלגול קאמל כחול,JTI,,טבק לגלגול קאמל כחול חפיסה30 גרם,גרמים,30.00,100 גרם,false,1,81.20,270.6667,false,1,96108
4033100064036,false,וינסטון כחול טבק לגלגול חפיסה,JTI,,טבק לגלגול וינסטון כחול חפיסה30 גרם,גרמים,30.00,100 גרם,false,1,81.20,270.6667,false,1,108469
4043058008778,false,טבק אמריקן ספיריט כחול פאוצ,jti,,טבק לגלגול אמריקן ספיריט כחול חבילה30גר,גרמים,30.00,100 גרם,false,1,88.20,294.0000,false,1,105901
4043058010412,false,טבק אמריקן ספיריט צהוב פאוצ,jti,,טבק לגלגול אמריקן ספיריט צהוב חבילה30גר,גרמים,30.00,100 גרם,false,1,88.20,294.0000,false,1,107351
4084500853836,false,"נוזל כלים פיירי ורדים ומשי 515 מ""ל",פרוקטר אנד גמבל,GB,"פיירי ורדים ומשי נוזל כלים 515 מ""ל",מיליליטרים,515.00,"100 מ""ל",false,1,9.90,1.9223,true,1,110073
4084500854048,true,נוזל לכלים פיירי לימ,פרוקטר אנד גמבל,,פיירי נוזל לניקוי כלים לימון 1.24 ליטר,ליטרים,1.24,ליטר,false,1,17.90,14.4355,true,1,120826
4084500920880,true,נוזל לכלים פיירי אור,פרוקטר אנד גמבל,,פיירי נוזל לניקוי כלים קלאסי 1.24 ליטר,ליטרים,1.24,ליטר,false,1,17.90,14.4355,true,1,125365
4710068001692,false,"מאסטר קפה לאטה פחית 240מ""ל",תאיט מרקטינג אנד דיס,,מאסטר קפה לאטה פחית,מיליליטרים,240.00,"100 מ""ל",false,1,7.50,3.1250,true,1,99494
4710068001715,false,"מאסטר קפה טירמיסו 240 מ""ל",יוני פרזינדנט אנטרפר,,מאסטר קפה טרמיסו פחית 240 מל,מיליליטרים,240.00,"100 מ""ל",false,1,7.50,3.1250,true,1,99556
4710068001739,false,"מאסטר קפה קולומביאני 240 מ""ל",יוני פרזינדנט אנטרפר,,מאסטר קפה משקה קפה קר קלאסיקו 240 מל,מיליליטרים,240.00,"100 מ""ל",false,1,7.50,3.1250,true,1,99495
4710068002798,false,"מאסטר קפה ונילה פחית 240מ""ל",מאיטה פוד אינדוסטריא,,מאסטר קפה לאטה פחית,מיליליטרים,240.00,"100 מ""ל",false,1,7.50,3.1250,true,1,124185
4796019790020,false,"שמן קוקוס אורגני 500 מ""ל גרין קוקו",גרין קוקו,LK,"שמן קוקוס אורגני 500 מ""ל",מיליליטרים,500.00,"100 מ""ל",false,1,33.90,6.7800,true,1,118065
4820229031311,false,"וודקה חורטיצה פלטינום 700 מ""ל",Global Gourmet Produ,UA,וודקה חורטיצה פלטינום 700 מל,מיליליטרים,700.00,"100 מ""ל",false,1,69.90,9.9857,true,1,141100
4820229032219,false,וודקה חורטיצה אייס 7,Global Gourmet Produ,UA,וודקה חורטיצה אייס 700 מל,מיליליטרים,700.00,"100 מ""ל",false,1,74.90,10.7000,true,1,141101
4891228430047,false,"שיק אקזטקא סכיני גילוח חד פעמי עור רגיש, 10 יח'",השחר,CN,שיק אקזקטה סכיני גילוח חד פעמי לעור רגיש 10 יחידות,לא מנהל יחידת מידה,0.00,לא מנהל יחידת מידה,false,1,31.60,0.0000,true,1,31193
4891228430061,false,סכיני גילוח שיק אקזקטה 2 לנשים ורוד 10 יח',הנסיך- מפעל לייצור ט,CN,שיק אקזקטה2 סכיני גילוח לנשים 10 יח',לא מנהל יחידת מידה,0.00,לא מנהל יחידת מידה,false,1,29.90,0.0000,true,1,42139
4891228430092,false,שיק אקסטרים 3 קומפורט +לנשים 4 יחידות,ENERGIZER SINGAPORE,CN,שיק אקסטרים 3 סכיני גילוח לאישה לעור רגיש,לא מנהל יחידת מידה,0.00,לא מנהל יחידת מידה,false,1,19.90,0.0000,true,1,41815
4891228460242,false,שיק קוואטרו חד פעמי לנשים 3 יחידות,השחר,CN,שיק קוואטרו סכיני גילוח חד פעמיים לאישה 3 יחידות,לא מנהל יחידת מידה,0.00,לא מנהל יחידת מידה,false,1,31.60,0.0000,true,1,55903
4895149077565,false,נורת לד 10.5W 60W הב,J&P,,נורת לד 10.5W 60W הברגה E27 אור צהוב,יחידה,1.00,יחידה,false,1,14.90,14.9000,true,1,115265
4895149077589,false,נורת לד 12W 75W הברג,J&P,,נורת לד 12W 75W הברגה E27 אור צהוב,יחידה,1.00,יחידה,false,1,24.90,24.9000,true,1,115267
4895149077596,false,נורת לד 12W 75W הברג,J&P,,נורת לד 12W 75W הברגה E27 אור לבן,יחידה,1.00,יחידה,false,1,24.90,24.9000,true,1,115266
4895149077602,false,נורת לד 100W אור חם,J&P,,נורת לד 15W 100W הברגה E27 אור צהוב,יחידה,1.00,יחידה,false,1,29.90,29.9000,true,1,115269
4895149077619,false,נורת לד 15W 100W הבר,J&P,,נורת לד 15W 100W הברגה E27 אור לבן,יחידה,1.00,יחידה,false,1,29.90,29.9000,true,1,115270
5000111001007,false,HP רוטב 255 גרם,HP,,"רוטב HP255 מ""ל",גרמים,250.00,100 גרם,false,1,23.90,9.5600,true,1,90031
5000157143365,true,מתבל בטעם מיונז וקטש,תאי פרזידנט פוד פאבל,PL,מתבל בטעם מיונז וקטשופ היינץ 425 מל,מיליליטרים,425.00,"100 מ""ל",false,1,15.90,3.7412,true,1,126898
5000159376655,false,סוכריות סקיטליס פירות 38 גר',ריגלי ממתקים,GB,סוכריות סקיטלס פירות 38 גרם,גרמים,38.00,100 גרם,false,1,4.50,11.8421,true,1,89915
5000159376792,false,סוכריות סקיטליס חמוץ 38 גר',ריגלי ממתקים,,סוכריות סקיטלס חמוץ 38 גרם,גרמים,38.00,100 גרם,false,1,4.50,11.8421,true,1,89916
5000159407236,false,חטיף שוקולד מרס 51 ג',מרס הולנד בי.וי.,NL,חטיף מרס 51 גרם,גרמים,51.00,100 גרם,false,1,4.90,9.6078,true,1,49581
5000159452977,false,מיקס מרס חטיפי מיני 400 גר',מארס,NL,מארז מיני מיקס,גרמים,400.00,100 גרם,false,1,23.90,5.9750,true,1,97065
5000159461122,false,חטיף שוקולד סניקרס 50 ג',"נארז ע""י : א.ג. גילר",NL,חטיף סניקרס שוקולד 50 גרם,גרמים,50.00,100 גרם,false,1,4.90,9.8000,true,1,91643
5000159486972,false,טוויקס לבן בודד,"נארז ע""י : א.ג. גילר",DE,טוויקס לבן בודד,גרמים,49.00,100 גרם,false,1,4.90,10.0000,true,1,111898
5000159492539,false,חטיף סניקרס שוקולד ל,מרס נדרלנד,NL,חטיף סניקרס שוקולד לבן 49 גרם,גרמים,49.00,100 גרם,false,1,4.90,10.0000,true,1,111897
5000204657913,false,קיווי משחת נעליים בקופסא שחור 50 מל,ג' אל ראיה בוגור,ID,קיווי משחת נעליים בקופסא שחור 35 גרם,יחידה,1.00,יחידה,false,1,6.80,6.8000,true,1,89269
5010182997680,false,"רייד ארוסול קוטל נמלים - 300 מ""ל",אס.סי.ג'ונסון מידרכט,NL,"תרסיס רייד קוטל נמלים אדום 300 מ""ל",מיליליטרים,300.00,"100 מ""ל",false,1,19.90,6.6333,true,1,5310
5010182997918,false,"טואלט דאק ג'ל אסלה בניחוח ים 55 מ""ל","איטיליאן פוד, אס.פי.",IT,דאק ג'ל לאסלה בניחוח ים 55 מל,מיליליטרים,55.00,"100 מ""ל",false,1,11.90,21.6364,true,1,5312
5010677551281,false,"בקרדי בריזר לימון 275 מ""ל","בקרדי בע""מ",BE,"בריזר - משקה כוהלי מוגז בטעם לימון 275 מ""ל",מיליליטרים,275.00,"100 מ""ל",false,1,14.90,5.4182,true,1,5322
5010677551397,false,"בקרדי בריזר לימון ליים 275 מ""ל","ברקדי בע""מ",BE,"בריזר - משקה כוהלי מוגז בטעם ליים 275 מ""ל",מיליליטרים,275.00,"100 מ""ל",false,1,14.90,5.4182,true,1,104917
5010677552387,false,"בקרדי בריזר אננס 275 מ""ל",בקרדי בעמ,BE,"בריזר - משקה כוהלי מוגז בטעם אננס 275 מ""ל",מיליליטרים,275.00,"100 מ""ל",false,1,14.90,5.4182,true,1,5323
5010677554398,false,"בקרדי בריזר אבטיח 275 מ""ל",בקרדי בעמ,BE,"בריזר - משקה כוהלי מוגז בטעם אבטיח 275 מ""ל",מיליליטרים,275.00,"100 מ""ל",false,1,14.90,5.4182,true,1,5325
5010677850100,false,וודקה גריי גוס בקבוק,גריי גוס,FR,"וודקה גריי גוס בקבוק 700מ""ל",מיליליטרים,700.00,"100 מ""ל",false,1,139.90,19.9857,true,1,122736
5011157630281,false,"טילדה אורז בסמטי 1 ק""ג",טילדה,GB,"אורז טילדה בסמטי 1 ק""ג",קילוגרמים,1.00,"ק""ג",false,1,24.90,24.9000,true,1,5328
5011417576922,false,דורקס גל סיכוך מתחמם,מיוצר עבור רקיט בנקי,TH,"דורקס ג'ל סיכוך מחמם 100 מ""ל",מיליליטרים,100.00,"100 מ""ל",false,1,59.90,59.9000,true,1,137034
5014271300429,false,סן דלפו מעדן משמש ללא סוכר 284גר,פלזנסקי,FR,"מעדן משמש 284 גר """,גרמים,284.00,100 גרם,false,1,21.90,7.7113,true,1,5341
5014271360423,false,סן דלפו מעדן תפוז ללא סוכר 284 ג',המאפיה של הרמן,FR,מעדן סנדלפור תפוז 284 גרם,גרמים,284.00,100 גרם,false,1,21.90,7.7113,true,1,5344
5029053534596,false,קוטקס טמפוני נורמל 32 יח,KC Czech,,קוטקס טמפוני נורמל 32 יח,לא מנהל יחידת מידה,0.00,לא מנהל יחידת מידה,false,1,29.90,0.0000,true,1,63099
5038483198032,false,קונדומים דורקס פלגרמ,תאילנד,TH,קונדומים דורקס פלגרמקס 12 יחידות,לא מנהל יחידת מידה,0.00,לא מנהל יחידת מידה,false,1,39.90,0.0000,true,1,142996
5038483578780,false,קונדומים דורקס עלית,רקיט בנקיזר הלת'קר,,קונדומים דורקס עלית 3 יחידות,לא מנהל יחידת מידה,0.00,לא מנהל יחידת מידה,false,1,19.90,0.0000,true,1,57179
5050895247351,false,גלי בלי מפיץ ריח דוב,יוניליוור,CN,גלי בלי מפיץ ריח דובדבן מקלות 30 מל,ליטרים,30.00,ליטר,false,1,13.90,0.4633,true,1,140739
5056357900925,false,סניקרס חטיף חלבון חמאת בוטנים 57 גרם,מרס נדרלנד,US,סניקרס חמאת בוטנים 57 גרם,גרמים,59.00,100 גרם,false,1,16.90,28.6441,true,1,129905
5056357901427,false,אם אנד אם חטיף חלבון שוקולד 51 גרם,מארס,GB,חטיף חלבון m&m בטעם שוקולד,גרמים,51.00,100 גרם,false,1,16.90,33.1373,true,1,138643
5056357903834,false,באונטי מעושר בחלבון 52 גרם,מארס יורק אנגליה,GB,חטיף באונטי 18גרם חלבון 52גרם,גרמים,52.00,100 גרם,false,1,16.90,32.5000,true,1,139247
5060221201810,false,גרנייד בטעם שוקולד לבן עוגיות,גרנייה,NL,גרנייד שוקולד לבן עוגיות 60גרם,גרמים,60.00,100 גרם,false,1,16.90,28.1667,true,1,140013
5060221203753,false,חטיף חלבון גרנייד בטעם חמאת בוטנים,,GB,חטיף חלבון גרנייד חמאת בוטנים 21 חלבון,גרמים,60.00,100 גרם,false,1,16.90,28.1667,true,1,138768
5060221206860,false,חטיף חלבון בטעם קרמל מלוח ושוקולד 60 ג' Grenade,,GB,חטיף חלבון גרנייד קרמל מלוח 20 חלבון 60,גרמים,60.00,100 גרם,false,1,16.90,28.1667,true,1,138771
5060319120078,true,תה הייר ליבינג סוויט,אף.סי תבליני בגליל ב,GB,תה הייר ליבינג סוויט דרימס 15 שקיקים,גרמים,40.00,100 גרם,false,1,18.90,47.2500,true,1,118013
5060319120153,true,תה קמומיל וניל-הייר,אף.סי תבליני בגליל ב,IL,תה קמומיל וניל-הייר ליבינג,גרמים,30.00,100 גרם,false,1,18.90,63.0000,true,1,117990
5060402908248,false,סניקרס חטיף חלבון 55 גרם,מרס נדרלנד,US,סניקרס פרוטאין 55 גרם,גרמים,59.00,100 גרם,false,1,16.90,28.6441,true,1,129906
5060402908286,false,מארס חטיף חלבון 59 גרם,מרס נדרלנד,US,מארס פרוטאין 59 גרם,גרמים,59.00,100 גרם,false,1,16.90,28.6441,true,1,129903
5060424705511,false,WARRIOR - חטיף חלבון קראנץ' בטעם שוקולד וקוקוס,תעשיות מזון בלאבאן,US,WARRIOR חטיף חלבון קראנץ שוקולד וקוקוס,גרמים,64.00,100 גרם,false,1,13.90,21.7188,true,1,142685
5060517886486,false,"מונסטר משקה אנרגיה קלאסי 500 מ""ל",Monster energy סרביה,RU,"מונסטר אנרג'י פח 500 מ""ל",מיליליטרים,500.00,"100 מ""ל",false,1,8.90,1.7800,true,1,126279
5060639128051,false,"משקה אנרגיה מונסטר אולטרה פחית 500 מ""ל",Monster energy סרביה,RS,"מונסטר ULTRA פח 500 מ""ל",מיליליטרים,500.00,"100 מ""ל",false,1,8.90,1.7800,true,1,127883
5060756343702,false,WARRIOR - חטיף חלבון קראנץ' שוקולד מריר פטל,תעשיות מזון בלאבאן,US,WARRIORחטיף חלבון קראנץ פטל שוקולד מריר,גרמים,64.00,100 גרם,false,1,13.90,21.7188,true,1,142686
5200133120476,false,גלילות וופלים ממולאים קרם אגוזים וקקאו 400 ג',יוניליוור גרמניה Gm,GR,גליליות וופלים 400 גרם אגוזים וקקאו,גרמים,400.00,100 גרם,false,1,18.90,4.7250,true,1,127945
5200133120483,false,גליליות וופלים ממולא קרם וניל 400 גר,יוניליוור גרמניה Gm,GR,"גליליות וופלים ממולאות קרם בטעם וניל, 400 גרם",גרמים,400.00,100 גרם,false,1,18.90,4.7250,true,1,125344
5201184066508,false,נר מספר,שמחה,,נר מספר 8,Unknown,0.00,Unknown,false,1,2.90,0.0000,true,1,5515
5201940010110,false,זיתים שחורים מזן קלמטה בפח 454 גרם,סיוארס אס.איי,GR,זיתים שחורים טבעיים קלמטה 454 גרם,גרמים,454.00,100 גרם,false,1,14.90,3.2819,true,1,37694
5202390020407,false,פטה טבעונית גוש ויולייף 200 ג',פרוטרופיק סיה.,GR,יוונית בסגנון פטה טבעוני 200 גרם ויולייף,גרמים,200.00,100 גרם,false,1,27.90,13.9500,true,1,121291
5208049001452,false,גולדן וירגיניה ירוק 30 גר+נייר PP,BAT,,גולדן ירוק 30 ג+ נייר PP פקט חפיסה,יחידה,1.00,יחידה,false,1,70.00,70.0000,false,1,125732
5208049001483,false,גולדן וירגיניה לבן 30 גר+נייר PP יחידה,,,גולדן וירגיניה לבן30 גר+ נייר גלגול P,גרמים,30.00,100 גרם,false,1,70.00,233.3333,true,1,125554
5208049001513,false,גולדן וירגיניה צהוב30 גר+נייר לגלגול יח,,,גולדן וירגיניה צהוב 30 גר+ נייר גלגול P,גרמים,30.00,100 גרם,false,1,70.00,233.3333,true,1,125553
5208049001841,false,פאל מאל דמי קפסולה חפיסה,גלוברנס,,פאל מאל דמי קפסולה בודד,יחידה,1.00,יחידה,false,1,27.30,27.3000,false,1,125398
5208049002473,false,קנט ארוך קופסא בודדת,BAT,,סיגריות קנט ארוך חפיסה בודד PP,יחידה,1.00,יחידה,false,1,38.40,38.4000,false,1,125559
5208049004408,false,סיגריות רוטמנס סילבר,גלוברנס,IL,סיגריות רוטמנס סילבר בודד,יחידה,1.00,יחידה,false,1,31.40,31.4000,false,1,129686
5208049004781,false,פאל מאל ברי דמי סלימס קופסא,,,סיגריות,יחידה,1.00,יחידה,false,1,27.30,27.3000,false,1,129309
5208049006655,false,פאל מאל אקסטרה מנדרינה קופסה,,RO,סיגריות פלמל אקסטרה מנדרינה חפיסה,יחידה,1.00,יחידה,false,1,30.20,30.2000,true,1,142861
5391523058087,false,סימילאק אדוונס פלוס שלב 2 700 גרם,טרופיקל דגיל תעשיות,IE,סימילאק אדבנס פלוס 700 שלב2,גרמים,700.00,100 גרם,false,1,69.90,9.9857,true,1,120212
5410076933129,false,אריאל שושן צחור שקית,P&G,,"אבקת כביסה אריאל שושן צחור 3 ק""ג",קילוגרמים,3.00,"ק""ג",false,1,37.90,12.6333,true,1,87696
5410126006087,false,ביסקוויט לוטוס קרמל 700 גרם,כלורוקס אוקלנד,BE,ביסקוויט לוטוס בטעם קרמל700 גר,גרמים,700.00,100 גרם,false,1,29.90,4.2714,true,1,97893
5410126106183,false,ביסקויט לוטוס קרמל 312 גר 50 יח ארוז,כלורוקס אוקלנד,BE,"ביסקויט קרמל 312 גרם בד""צ 50 יח ארוז בנפ",גרמים,312.00,100 גרם,false,1,19.90,6.3782,true,1,14377
5410126116953,false,ממרח עוגיות לוטוס קרמל 400 גר,לוטוס בייקרי בלגיה נ,BE,לוטוס ממרח עוגיות קרמל 400 גרם,גרמים,400.00,100 גרם,false,1,22.90,5.7250,true,1,89211
5410126716016,false,"ביסקוויט בטעם קרמל לוטוס בד""צ 250 ג'",לוטוס ביקרי בלגיה,BE,"ביסקויט בטעם קרמל לוטוס 250 גרם בד""צ",גרמים,250.00,100 גרם,false,1,12.90,5.1600,true,1,5851
5410126726947,false,ממרח עוגיות קראנץ' 380 ג' לוטוס,לוטוס בייקרי בלגיה נ,BE,ממרח עוגיות לוטוס קראנץ',גרמים,380.00,100 גרם,false,1,22.90,6.0263,true,1,99402
5410228142089,false,בירה לף בלונד בקבוק,אינבב,,"בירה לף בלונד בקבוק 330 מ""ל",מיליליטרים,330.00,"100 מ""ל",false,1,9.90,3.0000,true,1,140879
5410228217732,false,סטלה ארטואה - פחית 4,מנדלז סי.אר. פרודקשן,BE,בירה סטלה ארטואה בפחית 440 מל,מיליליטרים,440.00,"100 מ""ל",false,1,12.90,2.9318,true,1,129817
5411188081852,false,אלפרו משקה סויה בטעם וניל 1 ל',הנסיך- מפעל לייצור ט,BE,משקה סויה אלפרו וניל 1 ליטר,ליטרים,1.00,ליטר,false,1,14.90,14.9000,true,1,99450
5411188094159,false,אלפרו מעדן סויה בטעם שוקו בלגי 125 גר*4,הנסיך- מפעל לייצור ט,BE,אלפרו מעדן סויה שוקולד מריר 4*125מל,גרמים,500.00,100 גרם,false,1,17.90,3.5800,true,1,42742
5411188110835,false,אלפרו חלב סויה שקדים וניל 1ל',הנסיך- מפעל לייצור ט,BE,אלפרו משקה שקדים 1ל,ליטרים,1.00,ליטר,false,1,14.90,14.9000,true,1,91617
5411188112549,false,משקה קוקוס אלפרו 1 ליטר משקה אורז 1 ליטר,הנסיך- מפעל לייצור ט,BE,אלפרו משקה אורז 1ל,ליטרים,1.00,ליטר,false,1,14.90,14.9000,true,1,98477
5411188112709,false,"משקה קוקוס אלפרו 1 ליטר משקה שקדים לל""ס",הנסיך- מפעל לייצור ט,BE,אלפרו משקה שקדים ללס 1ל,ליטרים,1.00,ליטר,false,1,14.90,14.9000,true,1,102121
5411188115366,false,משקה קוקוס אלפרו 1 ליטר משקה שיבולת שועל 1 ליטר,הנסיך- מפעל לייצור ט,BE,אלפרו משקה שיבולת שועל 1 ליטר,ליטרים,1.00,ליטר,false,1,14.90,14.9000,true,1,98478
5411188115472,false,אלפרו משקה סויה 1 ליטר,הנסיך- מפעל לייצור ט,BE,אלפרו משקה סויה 1ל,ליטרים,1.00,ליטר,false,1,14.90,14.9000,true,1,128217
5411188118732,false,אלפרו חלב משקה קוקוס שקדים 1 ל',הנסיך- מפעל לייצור ט,BE,אלפרו משקה שקדים קוקוס 1ל,ליטרים,1.00,ליטר,false,1,14.90,14.9000,true,1,110812
5411188121923,false,"אלפרו משקה סויה סידן מארז 250X3מ""ל",הנסיך- מפעל לייצור ט,BE,אלפרו משקה סויה 3*250מל,מיליליטרים,750.00,"100 מ""ל",false,1,14.90,1.9867,true,1,116389
5411188127307,false,משקה בריסטה סויה אלפ,הנסיך- מפעל לייצור ט,BE,אלפרו בריסטה סויה 1ל,ליטרים,1.00,ליטר,false,1,14.90,14.9000,true,1,128218
5411188127697,false,אלפרו משקה בריסטה שיבולת שועל 1 ליטר,הנסיך- מפעל לייצור ט,BE,אלפרו בריסטה שיבולת שועל 1ל,ליטרים,1.00,ליטר,false,1,14.90,14.9000,true,1,128219
5411188129899,false,משקה אלפרו בריסטה שקדים 1 ליטר,הנסיך- מפעל לייצור ט,BE,אלפרו בריסטה שקדים 1ל,ליטרים,1.00,ליטר,false,1,14.90,14.9000,true,1,128220
5411188511137,false,כשלפ אלפרו משקה סויה,תות תעשיות מזון (201,BE,אלפרו משקה סויה אורגני ללא סוכר 1ל כשלפ,ליטרים,1.00,ליטר,false,1,14.90,14.9000,true,1,116847
5411188543398,false,אלפרו משקה סויה ללא סוכר 1 ליטר,הנסיך- מפעל לייצור ט,BE,אלפרו משקה סויה ללא סוכר 1 ליטר,ליטרים,1.00,ליטר,false,1,14.90,14.9000,true,1,128221
5413548280189,false,קינדר שוקובון 16 יחידות,פררו,BE,חטיף קינדר שוקו בון 125 גרם,גרמים,125.00,100 גרם,false,1,14.90,11.9200,true,1,5876
5601010211070,false,סרדין במים 125 גר רמירז,רמירז קונסרב,PT,שימורי סרדינים במי מלח 100 גרם,גרמים,125.00,100 גרם,false,1,11.20,8.9600,true,1,76884
5604912415041,false,סרדינים בשמן חמניה פורטוס 125 גרם,קונסרבס פורטוגל נורט,PT,סרדינים בשמן חמניה 125 גרם,גרמים,125.00,100 גרם,false,1,6.90,5.5200,true,1,134427
5604912415058,false,סרדינים בשמן חמניה חריף פורטוס 125 גרם,,PT,סרדינים בשמן חמניה חריף פורטוס 125 גרם,גרמים,125.00,100 גרם,false,1,6.90,5.5200,true,1,134428
5604912425040,false,מקרלים בשמן חמניה 125 ג' פורטוס,קונסרבס פורטוגל נורט,PT,מקרלים קטנים בשמן חמניות 125 גרם,גרמים,125.00,100 גרם,false,1,6.90,5.5200,true,1,134431
5701932026964,false,פופקורן הוטפופ מלוח 600ג',פופז בעמ,US,פופקורן עם מלח הוטפופ 600 גרם,גרמים,600.00,100 גרם,false,1,15.90,2.6500,true,1,6232
5701932026971,false,פופקורן הוט חמאה מאגדת 100X6ג',"פופז בע""מ",US,הוט חמאה 600 ג') ב(12,גרמים,600.00,100 גרם,false,1,15.90,2.6500,true,1,6233
5709405527253,false,תחתוני רונאלדו - L,,,תחתוני רונאלדו - L,יחידה,1.00,יחידה,false,1,59.90,59.9000,true,1,127617
5710840186615,false,באלי סילבר אמריקן בל,,,באלי סילבר אמריקן בל,גרמים,40.00,100 גרם,false,1,100.00,250.0000,true,1,121131
5710840209437,false,טבק באלי נטוראל 40 גרם,,,באלי נטוראל 40 גר,גרמים,40.00,100 גרם,false,1,100.00,250.0000,true,1,125939
5710840210013,false,טבק באלי לבן 40 גרם,,,באלי לבן 40 גר,גרמים,40.00,100 גרם,false,1,100.00,250.0000,true,1,125938
5710840210167,false,באלי צהוב 40 גרם,S.T.G,,באלי צהוב 40 גר,גרמים,40.00,100 גרם,false,1,100.00,250.0000,true,1,126203
5740900403215,true,ממרח לורפק עם מלח 25,ארלה פודס אמבה,DK,ממרח לורפק עם מלח 250,גרמים,250.00,100 גרם,false,1,19.90,7.9600,true,1,120584
5740900403239,true,ממרח לורפק ללא מלח 2,ארלה פודס אמבה,DK,ממרח לורפק בלי מלח 250,גרמים,250.00,100 גרם,false,1,19.90,7.9600,true,1,120586
5740900403284,false,ממרח חמאה לופרק ללא מלח 200 גר',ארלה דודס,DK,ממרח לורפק 200 גר ללא מלח,גרמים,200.00,100 גרם,false,1,11.90,5.9500,true,1,128055
5900020026552,false,האני נאט ציריוס מלחמת הכוכבים 625 גרם,הנסיך- מפעל לייצור ט,FR,דגני האני נאט ציריוס 625 גרם,גרמים,625.00,100 גרם,false,1,26.90,4.3040,true,1,111710
5901414200411,false,ביסקוויט מיניס ממולא שוקולד היט 130 גר,בלזן,PL,עוגיות היט מיני קקאו 130 גרם,גרמים,130.00,100 גרם,false,1,6.90,5.3077,true,1,23822
5902198160403,false,"משקה אנרגיה XL TEN פחית לל""ס 250מ""ל","טמפו משקאות בע""מ",IL,"משקה אנרגיה XL TEN פחית 250 מ""ל",מיליליטרים,250.00,"100 מ""ל",false,1,4.50,1.8000,true,1,114244
5903141082766,false,פאל מאל כחול דמי סלימס עשיריה,,,סיגריות פאל מאל כחול,לא מנהל יחידת מידה,0.00,לא מנהל יחידת מידה,false,1,273.00,0.0000,false,1,119060
5904941750312,false,"משקה אנרגיה BLU מוחיטו בודד 250 מ""ל",אקו - ביט,PL,בלו משקה אנרגיה מוגז 250 מל,מיליליטרים,250.00,"100 מ""ל",false,1,5.00,2.0000,true,1,91189
5904941751302,false,"משקה אנרגיה בלו 250 מ""ל- בודד",אקו - ביט,PL,בלו משקה אנרגיה מוגז 250 מל,מיליליטרים,250.00,"100 מ""ל",false,1,5.00,2.0000,true,1,49876
5904941751524,false,"משקה אנרגיה BLU DAY אבטיח בודד 250 מ""ל",אקו - ביט,PL,בלו משקה אנרגיה מוגז 250 מל,מיליליטרים,250.00,"100 מ""ל",false,1,5.00,2.0000,true,1,91190
5904941751920,false,"משקה אנרגיה BLU DAY בודד 250 מ""ל",אקו - ביט,PL,בלו משקה אנרגיה מוגז 250 מל,מיליליטרים,250.00,"100 מ""ל",false,1,5.00,2.0000,true,1,85351
5906485301012,false,"משקה אנרגיה XL פחית 250 מ""ל","טמפו משקאות בע""מ",IL,אקס אל אנרג'י דרינק משקה אנרגיה מוגז,מיליליטרים,250.00,"100 מ""ל",false,1,4.50,1.8000,true,1,25560
5998749108550,true,ויסקס טמפציקן,מארס,HU,ויסקס טמפציקן,גרמים,60.00,100 גרם,false,1,13.90,23.1667,true,1,141967
6001067001485,false,קולגייט מברשת שינים דאבל אקשן זוג,קולגייט פלמוליב,CN,מברשת שיניים קולגייט 360,יחידה,1.00,יחידה,false,1,9.90,9.9000,true,1,140741
6001067017523,false,קולגייט מברשת שיניים ילדים ספידרמן-ברבי 5+,יבואן ומשווק: ש. שסט,CN,קולגייט מברשת שיניים ספידרמן-ברבי גילאי 5+,Unknown,0.00,Unknown,false,1,13.90,0.0000,true,1,91308
6008165271192,false,פאל מאל אדום ארוך האוס חפיסה,אמריקן גרדן,,סיגריות פאל מל ארוך אדום חפיסה בודד,לא מנהל יחידת מידה,0.00,לא מנהל יחידת מידה,false,1,31.40,0.0000,false,1,92952
6008165274629,false,פאל מאל כחול ארוך סטרים פילטר חפיסה,יושלם,,סיגריות פאל מאל כחול ארוך סטרים חפיסה בו,לא מנהל יחידת מידה,0.00,לא מנהל יחידת מידה,false,1,31.40,0.0000,false,1,109345
6008165276098,false,סיגריות רוטמנס כחול,BAT,,סיגריות רוטמנס כחול חפיסה בודד,Unknown,0.00,Unknown,false,1,31.40,0.0000,false,1,115511
6253341100029,false,טחינה עאייש 100% שומ,עומר עאייש שכם,PS,טחינה עאייש 100% שומשום 450 גרם,גרמים,450.00,100 גרם,false,1,15.90,3.5333,true,1,125149
6281001510390,false,קולגייט מברשת שיניים לילדים,COLGATE SANXIAO COMP,CN,קולגייט מברשת שיניים אקסטרה סופט לגילאי 0-2,Unknown,0.00,Unknown,false,1,13.90,0.0000,true,1,24335
6926572510386,false,סוכריית לקקן גלי ממו,אחים מזרחי,,סוכריית לקקן גלי ממותג,לא מנהל יחידת מידה,0.00,לא מנהל יחידת מידה,false,1,4.50,0.0000,true,1,7718
6971060684087,false,ס. אלקטרונית ק. פרו,,CN,ס. אלקטרונית ק. פרו קוקוס אננס 2000 שאיפ,יחידה,1.00,יחידה,false,1,79.90,79.9000,false,1,139291
6971578990625,false,HQD סיגריה אלקטרוני,shenzhen shengsi,CN,HQD סיגריה אלקטרונית תפוח 1200 שאיפות,יחידה,1.00,יחידה,false,1,99.90,99.9000,false,1,140484
6971578996757,false,סיגריה אלקטרונית גו,shenzhen shengsi,CN,סיגריה אלקטרונית גויאבה 1200 שאיפות HQD,יחידה,1.00,יחידה,false,1,99.90,99.9000,false,1,140496
7038513909117,false,קיסמי שיניים דקים,JORDAN,,קיסמי שיניים דקים במיוחד-גורדן,Unknown,0.00,Unknown,false,1,19.90,0.0000,true,1,45984
7070646288653,false,מקס 100בטעם קרמל מלו,הרת'סייד פוד סולושיי,GB,מקס 100בטעם קרמל מלוח,גרמים,100.00,100 גרם,false,1,18.90,18.9000,true,1,131425
7290000008384,false,דונאטס במגוון טעמים,פילסברי,IL,דונאטס במגוון טעמים,יחידה,1.00,יחידה,false,1,7.90,7.9000,true,1,128177
7290000023083,false,ערק אשקלון 40% בקבוק,"יקבי ברקן בע""מ",IL,"ערק אשקלון 40% בקבוק 700 מ""ל",מיליליטרים,700.00,"100 מ""ל",false,1,69.90,9.9857,true,1,101678
7290000023809,false,"יין ברקן קלאסיק קברנה סובניון 750מ""ל",יקבי ברקן שיווק והפצ,IL,ברקן קלאסיק קברנה סוביניון יין אדום יבש 2015,מיליליטרים,750.00,"100 מ""ל",false,1,32.90,4.3867,true,1,1942
7290000024523,false,מיץ ענבים של סגל 1 ליטר,כרמי צבי - האחים סגל,IL,מיץ ענבים תירוש סגל 1 ליטר,ליטרים,1.00,ליטר,false,1,14.90,14.9000,true,1,103276
7290000024530,false,יין אדום מתוק לקידוש של סגל ^^^,כרמי צבי - אחים סגל,IL,"יין אדום מתוק 750 מ""ל",מיליליטרים,750.00,"100 מ""ל",false,1,16.30,2.1733,true,1,69128
7290000024905,false,וודקה קגלביץ קלאסיקה,"יקבי ברקן בע""מ",IL,"קגלביץ' קלאסיקה 40% 700 מ""ל",מיליליטרים,700.00,"100 מ""ל",false,1,78.00,11.1429,true,1,48354
7290000034256,false,ביסקוויט תירוש חצי מצופה הדר 175ג',אפיפית,,עוגיות תירוש 175 גרם,גרמים,175.00,100 גרם,false,1,7.90,4.5143,true,1,3213
7290000040042,false,יוגורט תות %3 גביע 150 ג' יופלה,תנובה בעמ,IL,יופלה יוגורט תות %3 גביע 150 גרם,גרמים,150.00,100 גרם,false,1,5.20,3.4667,true,1,3997
7290000040066,false,יוגורט דובדבן 3% שומן 150 ג' יופלה,תנובה בעמ,IL,יופלה יוגורט דובדבן %3 גביע 150 גרם,גרמים,150.00,100 גרם,false,1,5.20,3.4667,true,1,4047
7290000040080,false,יוגורט אפרסק 3% שומן 150 ג' יופלה,תנובה בעמ,IL,יופלה יוגורט אפרסק %3 גביע 150 גרם,גרמים,150.00,100 גרם,false,1,5.20,3.4667,true,1,4052
7290000040301,false,"גבינת קולאז קממבר עין גדי 24%, 125 ג'",תנובה,IL,קממבר 24%,גרמים,125.00,100 גרם,false,1,21.90,17.5200,true,1,4179
7290000040912,false,שורש פטרוזיליה,חקלאי,IL,שורש פטרוזיליה,יחידה,1.00,יחידה,false,1,5.90,5.9000,true,1,140991
7290000040974,false,חלב טרי דל לקטוז 1ל' תנובה,"תנובה, מחלבת רחובות",IL,חלב תנובה דל לקטוז 2% שומן 1 ליטר,ליטרים,1.00,ליטר,false,1,7.20,7.2000,true,1,75446
7290000041445,false,גבינת קוטג מהדרין 5% 250 גרם,מיוצר עי קונדיטוריית,IL,קוטג תנובה גביע 250 גרם 5% בדצ,גרמים,250.00,100 גרם,false,1,5.70,2.2800,true,1,4343
7290000041858,false,"שמנת חמוצה 15% יטבתה 200 מ""ל מהדרין",שטראוס גרופ,IL,שמנת חמוצה 15% מועשרת מהדרין,מיליליטרים,200.00,"100 מ""ל",false,1,2.40,1.2000,true,1,4390
7290000042015,false,חלב טרי 3% תנובה שקית 1ל' מהדרין,תנובה,IL,"חלב 3% שקית בד""ץ פיקוח 1 ליטר",ליטרים,1.00,ליטר,false,1,5.43,5.4300,true,1,4414
7290000042435,false,חלב דל שומן בקרטון+פקק 1 ליטר 1%,תנובה מרכז שיתופי לש,IL,תנובה חלב טרי 1% שומן,ליטרים,1.00,ליטר,false,1,5.86,5.8600,true,1,4451
7290000042503,false,"חלב עמיד קרטון 3% 1 ליטר בד""צ תנובה",תנובה מרכז שיתופי לש,IL,תנובה חלב עמיד 3% שומן 1 ליטר,ליטרים,1.00,ליטר,false,1,7.70,7.7000,true,1,4454
7290000042855,false,יוטבתה שוקו שקית 225מל,שטראוס גרופ,IL,"שוקו יטבתה בשקית 225 מ""ל",מיליליטרים,225.00,"100 מ""ל",false,1,2.60,1.1556,true,1,4478
7290000043814,false,"שמנת מתוקה להקצפה 38% 250 מ""ל תנובה",תנובה מרכז שיתופי לש,IL,השף הלבן שמנת להקצפה 38% שומן 250 מל,מיליליטרים,250.00,"100 מ""ל",false,1,6.47,2.5880,true,1,4635
7290000043944,false,כד יוגורט תנובה 4% שומן 1.5 ליטר,מיוצר עי קונדיטוריית,IL,יוגורט 4.5% בכד תנובה 1.5 ליטר,ליטרים,1.50,ליטר,false,1,17.90,11.9333,true,1,4670
7290000044712,false,יוגורט עם תות 1.5% שומן 500 ג' פרילי,מיוצר עי קונדיטוריית,IL,"פרילי תות 500 מ""ל",מיליליטרים,500.00,"100 מ""ל",false,1,11.90,2.3800,true,1,4694
7290000044880,false,באדי יוגורט תות 3% שומן 500 ג' תנובה,מיוצר עי קונדיטוריית,IL,"באדי תות 3% 500 מ""ל",מיליליטרים,500.00,"100 מ""ל",false,1,9.90,1.9800,true,1,4697
7290000045573,false,גבינת מותכת משולשים 25% שומן 200 ג' נעמה,תנובה,IL,נעמה גבינה מותכת משולשים 25% שומן,גרמים,200.00,100 גרם,false,1,16.90,8.4500,true,1,4751
7290000046327,false,"גבינת גלבוע פרוס 22%, 200 ג' תנובה",תנובה מרכז שיתופי לש,IL,גלבוע גבינה צהובה חצי קשה פרוס 22% שומן,גרמים,200.00,100 גרם,false,1,13.90,6.9500,true,1,4804
7290000047546,false,כנען גבינה לבנה 5% 500 גרם ללא מלח,תנובה,IL,גבינה כנען500 גרם 5% שומן,גרמים,500.00,100 גרם,false,1,26.50,5.3000,true,1,4930
7290000048185,false,גבינה לבנה 5% שומן 250 ג' תנובה,מיוצר עי קונדיטוריית,IL,גבינה למריחה 5% תנובה פיקוח 250 גרם,גרמים,250.00,100 גרם,false,1,4.98,1.9920,true,1,4964
7290000048192,false,גבינה לבנה 9% שומן 250 ג' תנובה,מחלבת אלון תבור,IL,גבינה למריחה 9% תנובה 250 גרם,גרמים,250.00,100 גרם,false,1,4.90,1.9600,true,1,4965
7290000048307,false,גבינת קוטג 5% עם זיתים 250ירוקים גרם,מיוצר עי קונדיטוריית,IL,קוטג 5% זיתים 250 גרם,גרמים,250.00,100 גרם,false,1,6.10,2.4400,true,1,4977
7290000048413,false,גבינה חמד %16 שקית 250 ג' פיראוס,תנובה מרכז שיתופי לש,IL,פיראוס חמד גבינה כפרית מלוחה 16% שומן,גרמים,250.00,100 גרם,false,1,19.90,7.9600,true,1,4986
7290000048437,false,גבינה צפתית 5% 200 ג' פיראוס,פארייפאבה אגרואינדוס,IL,גבינה צפתית 5% שומן,גרמים,200.00,100 גרם,false,1,16.50,8.2500,true,1,4995
7290000050447,false,יוגורט תות 500 ג' יופלה,מיוצר עי קונדיטוריית,IL,יופלה תות 3% גביע 500 גרם,גרמים,500.00,100 גרם,false,1,14.50,2.9000,true,1,54705
7290000050454,false,יוגורט אפרסק 500 ג' יופלה,מיוצר עי קונדיטוריית,IL,יופלה אפרסק 3% גביע 500 גרם,גרמים,500.00,100 גרם,false,1,14.50,2.9000,true,1,54706
7290000051376,false,יופלה דיאט אננס ספורטיבי 0% 150גר,תנובה בעמ,IL,יופלה דיאט אננס גביע 150 גרם,גרמים,150.00,100 גרם,false,1,5.20,3.4667,true,1,60120
7290000051710,false,לאבנה 9% עם שמן זית וזעתר 263 ג' פיראוס,"תנובה, מחלבת אלון תב",IL,פיראוס לאבנה אסלית עם שמן זית וזעתר על בסיס יוגורט,גרמים,263.00,100 גרם,false,1,14.50,5.5133,true,1,60123
7290000052311,false,עמק פרוס בקופסא 200 גר 15% שומן,תנובה,IL,עמק פרוסות גבינה צהובה חצי קשה 15% מופחתת שומן,גרמים,200.00,100 גרם,false,1,16.90,8.4500,true,1,69541
7290000052649,false,גבינת לאבנה 5% שומן 500 ג' פיראוס,פ.פ.ח. שאביט,IL,פיראוס לאבנה אסלית 5% שומן,גרמים,500.00,100 גרם,false,1,20.90,4.1800,true,1,68787
7290000052717,false,קוטג' 5%עם שום שמיר 250 ג' תנובה,מיוצר עי קונדיטוריית,IL,קוטג 5% עם שום שמיר 250 גרם,גרמים,250.00,100 גרם,false,1,6.10,2.4400,true,1,88157
7290000055329,false,משקה יוגורט יופלה בטעם תות-מלון 250 גר,תנובה בעמ,IL,"משקה יוגורט יופלה תות מלון 250 מ""ל",מיליליטרים,250.00,"100 מ""ל",false,1,6.20,2.4800,true,1,77729
7290000055336,false,משקה יוגורט יופלה בטעם בננה אפרסק 250 גר,תנובה בעמ,IL,"משקה יוגורט יופלה בננה אפרסק 250 מ""ל",מיליליטרים,250.00,"100 מ""ל",false,1,6.20,2.4800,true,1,77730
7290000055343,false,משקה יוגורט יופלה בטעם טרופי 250 גר,תנובה בעמ,IL,"משקה יוגורט יופלה טרופי 250 מ""ל",מיליליטרים,250.00,"100 מ""ל",false,1,6.20,2.4800,true,1,77731
7290000055893,false,חמאה משמנת מפוסטרת 200ג' כ.מהדרין,תנובה,IL,חמאה תנובה 200 גרם,גרמים,200.00,100 גרם,false,1,8.50,4.2500,true,1,93013
7290000056272,false,גבינה לבנה 5% עם זיתים ירוקים 250 ג' תנובה,מחלבת אלון תבור,IL,גבינה לבנה 5% זיתים 250 גרם,גרמים,250.00,100 גרם,false,1,6.00,2.4000,true,1,81518
7290000056845,false,חלב טרי 3% הומוגני קרטון 1.5 ל' תנובה,פארייפאבה אגרואינדוס,IL,תנובה חלב טרי 3% שומן אריזת נוחות,ליטרים,1.50,ליטר,false,1,9.34,6.2267,true,1,82642
7290000056906,false,מאגדת לבן טבעי 1.5% שומן 8 יח' * 150 ג' יופלה,מחלבת אלון תבור,IL,מאגדת יופלה לבן 1.5% שמינייה,קילוגרמים,1.20,"ק""ג",false,1,19.50,16.2500,true,1,80670
7290000057088,false,עמק פרוס דק דק 200 גרם 28%,פ.פ.ח. שאביט,IL,גבינה עמק 28% דק 200 גרם,גרמים,200.00,100 גרם,false,1,16.90,8.4500,true,1,82375
7290000057118,false,עמק סמי מעדנייה כשרות מהדרין,תנובה מרכז שיתופי לש,IL,גבינת עמק קלאסית חצי קשה פרוסות 28% שומן,גרמים,400.00,100 גרם,false,1,23.90,5.9750,true,1,82486
7290000057132,false,יוגורט תנובה טבעי 1.5% גביע 200 גרם,מחלבת אלון תבור,IL,יוגורט ביו 1.5% תנובה 200 גרם,גרמים,200.00,100 גרם,false,1,3.20,1.6000,true,1,82376
7290000057149,false,יוגורט תנובה טבעי 3% גביע 200 גרם,מיוצר עי קונדיטוריית,IL,יוגורט ביו 3% תנובה 200 גרם,גרמים,200.00,100 גרם,false,1,3.20,1.6000,true,1,82377
7290000057552,false,יופלה דיאט עוגת גבינה ותות 0% גביע 150ג',תנובה בעמ,IL,יוגורט יופלה דיאט ע.גבינה ותות 150 גרם,גרמים,150.00,100 גרם,false,1,4.90,3.2667,true,1,87628
7290000058030,false,"יופלה שטוזים משקה יוגורט תות 8 יח' * 100 מ""ל",מיוצר עי קונדיטוריית,IL,יופלה משקה יוגורט תות 800 מל,מיליליטרים,800.00,"100 מ""ל",false,1,21.90,2.7375,true,1,84790
7290000058047,false,"שמנת להקצפה 38% שומן 500 מ""ל תנובה",תנובה,IL,שמנת מתוקה להקצפה 500 38% גרם,מיליליטרים,500.00,"100 מ""ל",false,1,12.94,2.5880,true,1,86525
7290000058580,false,קוקילידה וניל ועוגיות שוקולד נסטלה 83ג',נגה גלידות (גלידות נ,IL,נסטלה קוקילידה 28*80גרם,גרמים,80.00,100 גרם,false,1,10.50,13.1250,true,1,13203
7290000060071,false,אוסם - חטיפי פריכונים מאורז מלא קלוי 80גר,"מיוצר ע""י PT, משווק",IL,אסם חטיפי פריכונים טבעי 12*80גרם,גרמים,80.00,100 גרם,false,1,7.90,9.8750,true,1,6651
7290000060163,false,אטריות דקות 400 ג' אסם,"אסם השקעות בע""מ",IL,אסם אטריות דקות 12*400גרם,גרמים,400.00,100 גרם,false,1,7.90,1.9750,true,1,6672
7290000060316,false,פסטה פרפקטו ספגטי 500ג' אסם,פסטה זארה,IT,פרפקטו פסטה ספגטי אטלקי 24*500גרם,גרמים,500.00,100 גרם,false,1,7.90,1.5800,true,1,6684
7290000060408,false,פתיתים אפויים טבעות 500 ג' אסם,"אסם השקעות בע""מ",IL,אסם פתיתים אפויים טבעות 12*500גרם,גרמים,500.00,100 גרם,false,1,6.90,1.3800,true,1,6689
7290000060415,false,פסטה פרפקטו לזאניה אסם 500ג',פסטה לנסי,IL,פרפקטו לזניה 12*500גרם 2016,גרמים,500.00,100 גרם,false,1,14.90,2.9800,true,1,6690
7290000060576,false,פתיתים אפויים כוכבים 500 ג' אסם,"אסם השקעות בע""מ",IL,אסם פתיתים אפויים כוכבים 12*500גרם,גרמים,500.00,100 גרם,false,1,6.90,1.3800,true,1,6699
7290000060781,false,פסטה מסולסלים (57) 500 גרם,פסטה זארה,IT,אסם פסטה מסולסלים לאחר הפסח 12*500גרם,גרמים,500.00,100 גרם,false,1,6.90,1.3800,true,1,6709
7290000060811,false,טילון אקסטרים ענק מטבע שוקולד 120 ג',תות תעשיות מזון (201,IL,אקסטרים ענק מטבע שוקולד 18*120גרם,גרמים,141.00,100 גרם,false,1,10.50,7.4468,true,1,89340
7290000060828,false,פסטה קרניים בינוניות (55) 500 גרם,פסטה זארה,IT,אסם פסטה קרניים בינוניות 12*500גרם,גרמים,500.00,100 גרם,false,1,6.90,1.3800,true,1,6711
7290000060880,false,פסטה מס' 8 ספגטי אסם 500ג',פסטה זארה,IT,ספגטי אסם 500 גרם,גרמים,500.00,100 גרם,false,1,6.90,1.3800,true,1,6717
7290000060903,false,אוסם - פתיתים אפויים אורז 500 גרם,"אסם השקעות בע""מ",IL,אסם פתיתים אפויים אורז 12*500גרם,גרמים,500.00,100 גרם,false,1,6.90,1.3800,true,1,6718
7290000060958,false,אטריות בינוניות 400 ג' אסם,"אסם השקעות בע""מ",IL,אסם אטריות בינוניות 12*400גרם,גרמים,400.00,100 גרם,false,1,7.90,1.9750,true,1,6722
7290000060965,false,אטריות רחבות 400 ג' אסם,"אסם השקעות בע""מ",IL,אסם אטריות רחבות 12*400גרם,גרמים,400.00,100 גרם,false,1,7.90,1.9750,true,1,6723
7290000061061,false,אסם קרקר בצל 250גרם,"אסם השקעות בע""מ",IL,אסם קרקר בצל 12*250גרם,גרמים,250.00,100 גרם,false,1,10.90,4.3600,true,1,6727
7290000061214,false,פתיתים אפויים קוסקוס עם בצל אסם 500 גר',"אסם השקעות בע""מ",IL,אסם פתיתים קוסקוס עם בצל 12*500גרם,גרמים,500.00,100 גרם,false,1,6.90,1.3800,true,1,56318
7290000061764,false,נסקפה רד מאג טעם חדש 200ג',נסטלה ספרד,ES,נסקפה רד מאג טעם חדש 6*200גרם2017,גרמים,200.00,100 גרם,false,1,24.90,12.4500,true,1,6813
7290000063102,false,קמח עוגה אסם תופח מאליו 350ג',"אסם השקעות בע""מ",IL,קמח תופח אסם 350 גרם,גרמים,350.00,100 גרם,false,1,5.50,1.5714,true,1,7000
7290000063140,false,שקדי מרק רכיבים טבעיים בשקית 400 ג' אסם,"אסם השקעות בע""מ",IL,אסם שקדי מרק רכיבים טבעיים 12*400גרם,גרמים,400.00,100 גרם,false,1,12.90,3.2250,true,1,7008
7290000063157,false,"קמח עוגה תופח מאליו 1 ק""ג","אסם השקעות בע""מ",IL,"קמח תופח מאליו 1 ק""ג אסם",קילוגרמים,1.00,"ק""ג",false,1,10.50,10.5000,true,1,7010
7290000064758,false,קוסקוס בינוני אמיתי אסם 350 ג',"מיוצר ע""י קוד יצרן K",IL,אסם קוסקוס אמיתי 12*350גרם,גרמים,350.00,100 גרם,false,1,7.90,2.2571,true,1,15300
7290000065090,false,מיני קרוטונים למרק ולסלט 400 ג' אסם,עינת תעשיות,IL,אסם מיני קרוטונים למרק וסלט 12*400גרם,גרמים,400.00,100 גרם,false,1,25.90,6.4750,true,1,7160
7290000065335,false,אוסם - מנה חמה פירה עם ירקות 55 גרם,"אסם השקעות בע""מ",IL,מנה חמה פירה וירקות 12*55גרם,גרמים,55.00,100 גרם,false,1,6.90,12.5455,true,1,7176
7290000065540,false,אוסם - מנה חמה פסטה מוקרמת בטעם עוף 55 גרם,"אסם השקעות בע""מ",IL,מנה חמה פסטה מוקרמת בדץ 12*55גרם,גרמים,55.00,100 גרם,false,1,6.90,12.5455,true,1,7181
7290000065557,false,אוסם - מנה חמה קוסקוס עם ירקות 84 גרם,"אסם תעשיות מזון בע""מ",IL,מנה חמה קוסקוס וירקות בדצ 12*84גרם,גרמים,84.00,100 גרם,false,1,6.90,8.2143,true,1,7182
7290000066189,false,ביסלי גדול בטעם פלאפל 200 ג' אסם,"אסם השקעות בע""מ",IL,ביסלי פלאפל 25*200גרם,גרמים,200.00,100 גרם,false,1,7.90,3.9500,true,1,7284
7290000066196,false,ביסלי גדול בטעם גריל 200 ג' אסם,מיוצר עי קונדיטוריית,IL,ביסלי גריל 25*200גרם,גרמים,200.00,100 גרם,false,1,7.90,3.9500,true,1,7285
7290000066226,false,ביסלי בטעם פיצה 200 ג' אסם,מיוצר עי קונדיטוריית,IL,ביסלי פיצה 25*200גרם,גרמים,200.00,100 גרם,false,1,7.90,3.9500,true,1,7288
7290000066295,false,אסם במבה תות מחומרים טבעיים 30גר,מיוצר עי קונדיטוריית,IL,במבה מתוקה מחומרים טבעיים 40*30גרם,גרמים,30.00,100 גרם,false,1,3.00,10.0000,true,1,7333
7290000066332,false,אפרופו חטיף אסם 50ג',מיוצר עי קונדיטוריית,IL,אפרופו 36*50גרם,גרמים,50.00,100 גרם,false,1,5.20,10.4000,true,1,7336
7290000067599,false,אוסם - מנה חמה ספגטי רוטב בולנז 65 גרם,"אסם השקעות בע""מ",IL,מנה חמה ספגטי בולונז 12*65גרם,גרמים,65.00,100 גרם,false,1,6.90,10.6154,true,1,7470
7290000068138,false,פודינג אינסטנט וניל 80 ג' אסם,מיוצר עי קונדיטוריית,IL,אסם פודינג אינסטנט וניל 12*80גרם,גרמים,80.00,100 גרם,false,1,5.90,7.3750,true,1,7556
7290000068190,false,ג'לי תות שדה צבע טבעי 85 ג',מיוצר עי קונדיטוריית,IL,אסם ג'לי תות שדה צבעים טבעיים 12*90גרם,גרמים,90.00,100 גרם,false,1,6.90,7.6667,true,1,7568
7290000068343,false,אוסם - פירכונים מאורז מלא 140 גרם,"מיוצר ע""י PT, משווק",IL,אסם פריכונים מאורז מלא 12*140גרם,גרמים,140.00,100 גרם,false,1,8.90,6.3571,true,1,7587
7290000070308,false,אבקת מרק עוף אמיתי 400 גרם-מיכל,"אסם השקעות בע""מ",IL,אסם מרק עוף אמיתי חתם סופר כלפ.6*400גרם,גרמים,400.00,100 גרם,false,1,21.90,5.4750,true,1,7801
7290000070353,false,אבקת מרק בצל רכיבים טבעיים 400 ג' אסם,"אסם השקעות בע""מ",IL,"מרק בצל כשל""פ 400 גרם",גרמים,400.00,100 גרם,false,1,28.90,7.2250,true,1,7803
7290000070919,false,בייגלה רשתות מלח 400 ג' אסם,מיוצר עי קונדיטוריית,IL,אסם בייגלה רשתות מלח 9*400גרם,גרמים,400.00,100 גרם,false,1,14.50,3.6250,true,1,72949
7290000071008,false,אוסם - בייגלה שטוחים מלח 60 גרם,"אסם השקעות בע""מ",IL,אסם בייגלה שטוחים מלח 24*60גרם,גרמים,60.00,100 גרם,false,1,3.70,6.1667,true,1,72950
7290000072067,false,במבה במילוי קרם חלבה 60ג' אסם,מיוצר עי קונדיטוריית,IL,במבה במילוי קרם חלבה כשלפ 60 גרם,גרמים,60.00,100 גרם,false,1,4.90,8.1667,true,1,61725
7290000072241,false,"רוטב פיצה 290 מ""ל-בקבוק","אסם השקעות בע""מ",IL,אסם רוטב פיצה 9*290מל,מיליליטרים,290.00,"100 מ""ל",false,1,12.90,4.4483,true,1,7847
7290000072623,false,קטשופ אסם בקבוק לחיץ 750 גרם,"אסם השקעות בע""מ",IL,אסם קטשופ בקבוק לחיץ 9*750גרם-חדש,גרמים,750.00,100 גרם,false,1,11.90,1.5867,true,1,7858
7290000072630,false,קטשופ אסם חריף 750 גרם-בקבוק,"אסם השקעות בע""מ",IL,אסם קטשופ חריף כלפ.9*750גרם 2015,גרמים,750.00,100 גרם,false,1,15.80,2.1067,true,1,7859
7290000072753,false,קפה טייסטר צ'ויס קפה מגורען 200ג',לוטה נסטלה קוריאה,IL,טייסטרס צ'וייס 12*200גרם,גרמים,200.00,100 גרם,false,1,31.90,15.9500,true,1,7862
7290000072968,false,דגנים סיני מיניס מלחמת הכוכבים 500 גרם,סי. פי. פולין,PL,דגני סיני מיניס קינמון 500 גרם,גרמים,500.00,100 גרם,false,1,26.90,5.3800,true,1,8376
7290000073699,false,סלט חומוס צבר 150 גר,סלטי צבר,IL,סלט חומוס צבר 150 גרם,גרמים,150.00,100 גרם,false,1,4.90,3.2667,true,1,89009
7290000074153,false,ביסקוויט פתיבר שוקו,מיוצר עי קונדיטוריית,IL,אסם פתי בר שוקו 12*500גרם,גרמים,500.00,100 גרם,false,1,14.10,2.8200,true,1,9271
7290000074184,false,אוסם - פתי בר בינוני 500 גרם,"אסם השקעות בע""מ",IL,ביסקוויט פתיבר 500 גרם,גרמים,500.00,100 גרם,false,1,9.90,1.9800,true,1,9275
7290000074245,false,אוסם - קרם קרקר אסם 250 גרם,"אסם השקעות בע""מ",IL,אסם קרם קרקר 12*250גרם,גרמים,250.00,100 גרם,false,1,10.90,4.3600,true,1,9277
7290000074481,false,לחמית אגוזים אסם 160 ג',"אסם השקעות בע""מ",IL,לחמית אגוזים 12*160גרם,גרמים,160.00,100 גרם,false,1,10.90,6.8125,true,1,81038
7290000075693,false,עוגת הבית שמרים בריוש שוקולד 360ג',מיוצר עי קונדיטוריית,IL,הבית עוגת שמרים בריוש שוקולד 8*360גרם,גרמים,360.00,100 גרם,false,1,19.90,5.5278,true,1,60459
7290000076133,false,בייגלה שמיניות קטנות 400 גרם אסם,"אסם השקעות בע""מ",IL,אסם בייגלה שמיניות קטנות 12*400גרם,גרמים,400.00,100 גרם,false,1,11.90,2.9750,true,1,9331
7290000077017,false,עוגיות קרמוגית וקרם שוקולד אסם 200 גרם,מיוצר עי קונדיטוריית,IL,אסם קרמוגית במילוי שוקולד 12*200גרם,גרמים,200.00,100 גרם,false,1,11.90,5.9500,true,1,9358
7290000085180,false,גטניו פתי בר וניל 470 גרם,"אחים גטניו בע""מ",,ביסקוויט פתיבר וניל גטניו 470 גרם,גרמים,470.00,100 גרם,false,1,9.90,2.1064,true,1,34771
7290000101934,false,מיקס פירות יער מוקפאות 300 ג' סנפרוסט,"סנפרוסט בע""מ",IL,תערובת פירות יער סנפרוסט 300 גרם,גרמים,300.00,100 גרם,false,1,19.90,6.6333,true,1,114313
7290000103365,false,מרק ירקות 550 ג' סנפרוסט,"איי, בי, אינבוו",IL,מרק ירקות סנפרוסט 550 גרם,גרמים,550.00,100 גרם,false,1,19.90,3.6182,true,1,87046
7290000104218,false,במיה 600 גר סנפרוסט,"איי, בי, אינבוו",IL,במיה 600 גרם,גרמים,600.00,100 גרם,false,1,19.90,3.3167,true,1,18
7290000104225,false,בצל קצוץ 600 גרם סנפרוסט,"סנפרוסט בע""מ",IL,בצל קצוץ סנפרוסט 600 גרם,גרמים,600.00,100 גרם,false,1,19.90,3.3167,true,1,19
7290000104676,false,אפונה קפואה סנפרוסט 800 גרם,"איי, בי, אינבוו",IL,אפונת גינה 800 גרם סנפרוסט,גרמים,800.00,100 גרם,false,1,19.90,2.4875,true,1,36
7290000104683,false,שעועית ירוקה שלמה 800 גר סנפרוסט,"סנפרוסט בע""מ",IL,שעועית ירוקה שלמה סנפרוסט 800גרם,גרמים,800.00,100 גרם,false,1,21.90,2.7375,true,1,37
7290000104690,false,תירס גרעינים 800 גרם סנפרוסט,"איי, בי, אינבוו",IL,תירס גרעינים סנפרוסט 800גרם,גרמים,800.00,100 גרם,false,1,19.90,2.4875,true,1,38
7290000104706,false,גזר גמדי 800 גרם סנפרוסט,"סנפרוסט בע""מ",IL,גזר גמדי 800 גרם,גרמים,800.00,100 גרם,false,1,19.90,2.4875,true,1,39
7290000104713,false,פול ירוק 800 גר סנפרוסט,"איי, בי, אינבוו",IL,פול ירוק 800 גרם,גרמים,800.00,100 גרם,false,1,26.90,3.3625,true,1,40
7290000104720,false,שעועית ירוקה חתוכה 800גר סנפרוסט,"סנפרוסט בע""מ",IL,שעועית ירוקה חתוכה סנפרוסט 800גרם,גרמים,800.00,100 גרם,false,1,20.90,2.6125,true,1,41
7290000104737,false,שעועית צהובה חתוכה סנפרוסט 800גר,"סנפרוסט בע""מ",IL,שעועית צהובה 800- גר .,גרמים,800.00,100 גרם,false,1,20.90,2.6125,true,1,42
7290000104751,false,כרוב ניצנים 800גר סנפרוסט,"איי, בי, אינבוו",IL,כרוב ניצנים 800-גר .,גרמים,800.00,100 גרם,false,1,26.90,3.3625,true,1,44
7290000104768,false,תרד עלים סנפרוסט 800 ג ',"איי, בי, אינבוו",IL,תרד עלים 800-גר .,גרמים,800.00,100 גרם,false,1,27.90,3.4875,true,1,45
7290000104799,false,שעועית לבנה מבושלת סנפרוסט 800גר,"איי, בי, אינבוו",IL,שעועית לבנה מבושלת קפואה 800 גרם,גרמים,800.00,100 גרם,false,1,21.90,2.7375,true,1,47
7290000104805,false,גרגירי חומוס קפוא 800 ג' סנפרוסט,"איי, בי, אינבוו",IL,גרגרי חומוס מבושלים קפואים 800 גרם,גרמים,800.00,100 גרם,false,1,21.90,2.7375,true,1,48
7290000104836,false,שעועית עדינה שלמה 600 גר סנפרוסט,"סנפרוסט בע""מ",IL,שעועית עדינה שלמה 600 גרם סנפרוסט,גרמים,600.00,100 גרם,false,1,24.90,4.1500,true,1,20828
7290000104874,false,ירקות לקוסקוס של אמא סנפרוסט 800ג',"סנפרוסט בע""מ",IL,ירקות לקוסקוס של אמא 800 גרם סנפרוסט,גרמים,800.00,100 גרם,false,1,24.90,3.1125,true,1,51
7290000104881,false,אפונה וגזר קפוא סנפרוסט 800ג',"איי, בי, אינבוו",IL,לקט אפונה וגזר 800 גרם,גרמים,800.00,100 גרם,false,1,19.90,2.4875,true,1,52
7290000104911,false,לקט נורמנדי 800 גר סנפרוסט,"איי, בי, אינבוו",IL,לקט נורמנדי 800 גרם סנפרוסט,גרמים,800.00,100 גרם,false,1,24.90,3.1125,true,1,55
7290000106526,false,חגיגה ירוקה להקפצה סנפרוסט 800 גר,"איי, בי, אינבוו",IL,ירקות להקפצה חגיגה ירוקה 800גרם,גרמים,800.00,100 גרם,false,1,26.90,3.3625,true,1,123935
7290000107165,false,פולי סויה אדממה סנפרוסט 400 ג',"איי, בי, אינבוו",IL,חטיף פולי סויה אדממה 400 גרם סנפרוסט,גרמים,400.00,100 גרם,false,1,13.90,3.4750,true,1,33322
7290000107295,false,תפרחות ברוקולי סנפרוסט 800 ג',"איי, בי, אינבוו",IL,ברוקולי מוקפא 800 גרם סנפרוסט,גרמים,800.00,100 גרם,false,1,27.90,3.4875,true,1,63
7290000110844,false,"כיפלי גריל בד""צ תלמה 70 ג'",יוניליור ישראל מזון,IL,כיפלי חטיף בטעם גריל,גרמים,70.00,100 גרם,false,1,6.50,9.2857,true,1,16216
7290000110851,false,"כיפלי בצל בד""צ תלמה 70 ג'",אתר שפע - Food,IL,כיפלי חטיף בטעם בצל,גרמים,70.00,100 גרם,false,1,6.50,9.2857,true,1,16217
7290000111063,false,מיונז אמיתי תלמה 250 ג',יוניליוור ישראל מזון,IL,תלמה מיונז אמיתי 250 גרם,גרמים,250.00,100 גרם,false,1,7.80,3.1200,true,1,79
7290000111117,false,מרכך כביסה לבן 4 ל' בדין,יוניליור ישראל טיפוח,IL,מרכך כביסה בדין לבן,ליטרים,4.00,ליטר,false,1,24.90,6.2250,true,1,80
7290000111186,false,מיונז תלמה 500 גרם-צנצנת,יוניליוור ישראל מזון,IL,תלמה מיונז אמיתי 500 גרם,גרמים,500.00,100 גרם,false,1,10.90,2.1800,true,1,82
7290000111353,false,"מיונז אמיתי תלמה 1 ק""ג",יוניליוור ישראל מזון,IL,תלמה מיונז 1 קג,קילוגרמים,1.00,"ק""ג",false,1,19.90,19.9000,true,1,85
7290000112220,false,בארכה טחינה 100% שומשום 500 גרם,רושדי תעשיות מזון בע,IL,בארכה טחינה 100% שומשום 12*500גרם,גרמים,500.00,100 גרם,false,1,14.90,2.9800,true,1,127
7290000112503,false,מרק עשיר ירקות קנור 69 גרם - שקיות,יוניליוור ישראל מזון,IL,מרק עשיר ירקות קנור 61 גרם,גרמים,61.00,100 גרם,false,1,12.90,21.1475,true,1,146
7290000112619,false,מרק עוף לתיבול והעשרה קנור 400 ג',יוניליוור ישראל מזון,IL,קנור מרק עוף אמיתי 400 גרם,גרמים,400.00,100 גרם,false,1,22.90,5.7250,true,1,160
7290000113180,false,כיפלי חטיף צ'יפס 70ג' בדץ,יוניליור ישראל מזון,IL,"כיפלי חטיף על בסיס תפו""א",גרמים,50.00,100 גרם,false,1,4.90,9.8000,true,1,88949
7290000116204,false,"אבקת מרק דגש בטעם עוף 1ק""ג קנור",יוניליוור ישראל מזון,IL,קנור מרק דגש זך בטעם עוף 1 קג,קילוגרמים,1.00,"ק""ג",false,1,19.70,19.7000,true,1,267
7290000117720,false,קנור - נמס בכוס זוג פטריות 21.50 גרם * 2,יוניליוור ישראל מזון,IL,קנור נמס בכוס פטריות 43 גרם,גרמים,43.00,100 גרם,false,1,7.50,17.4419,true,1,276
7290000118277,false,כופתאות מצה להכנת מהירה 65 ג' קנור,יוניליוור ישראל מזון,IL,קנור קניידל 130 גרם,גרמים,130.00,100 גרם,false,1,12.90,9.9231,true,1,284
7290000118352,false,"לטקס קנור כשל""פ 170 גר'",יוניליוור ישראל מזון,IL,KNORR 170 GR,גרמים,170.00,100 גרם,false,1,14.90,8.7647,true,1,286
7290000120874,false,מיונז דל קלוריות 424 ג' הלמנס,"שד' קילבורן 2816, שי",US,hellmanns light ממרח מופחת קלוריות,גרמים,424.00,100 גרם,false,1,12.90,3.0425,true,1,310
7290000121093,false,גבינה מון בלאן שוצרית 120 גרם,האי נאם סי או אל.טי.,IL,גבינה מותכת מון בלאן 7% לייט 120 גרם,גרמים,120.00,100 גרם,false,1,11.90,9.9167,true,1,314
7290000129457,false,אבקת רוטב פטריות קנור 28 ג' שקית,יוניליוור ישראל מזון,IL,קנור רוטב פטריות 28 גרם,גרמים,28.00,100 גרם,false,1,5.00,17.8571,true,1,31462
7290000134147,false,טעם וריח מוסקט טחון מיכל 40גר,תות ממתקי איכות,IL,"תבליני טעם וריח, מוסקט טחון 100%, 40 גרם",גרמים,40.00,100 גרם,false,1,14.90,37.2500,true,1,16909
7290000134307,false,תבלין קינמון טחון 50 גר',תות ממתקי איכות,IL,"תבליני טעם וריח, 100% קינמון טחון, 50 גרם",גרמים,50.00,100 גרם,false,1,5.90,11.8000,true,1,21541
7290000134338,false,תבלין אבקת שום טעם ו,תבליני טעם וריח,IL,תבליני טעם וריח אבקת שום 90 גרם,גרמים,90.00,100 גרם,false,1,9.90,11.0000,true,1,16238
7290000134352,false,תבלין קינמון טחון 90 גר',תות ממתקי איכות,IL,"תבליני טעם וריח, 100% קינמון טחון, 90 גרם",גרמים,80.00,100 גרם,false,1,9.90,12.3750,true,1,16023
7290000134376,false,תבלין פפריקה בשמן 90 גר',תות ממתקי איכות,IL,תבלין פפריקה מתוקה בשמן 90 מיכ,גרמים,90.00,100 גרם,false,1,9.90,11.0000,true,1,17908
7290000134550,false,טעם וריח עלי דפנה שק,תות ממתקי איכות,IL,"תבליני טעם וריח, 100% עלי דפנה, 20 גרם",גרמים,20.00,100 גרם,false,1,5.90,29.5000,true,1,16024
7290000134666,false,תבלין רוזמרין 15ג',תות ממתקי איכות,IL,"תבליני טעם וריח, 100% רוזמרין, 15 גרם",גרמים,15.00,100 גרם,false,1,6.90,46.0000,true,1,42101
7290000134673,false,תבלין זנגביל טעם ורי,תות ממתקי איכות,IL,"תבליני טעם וריח, 100% זנגביל טחון, 30 גרם",גרמים,30.00,100 גרם,false,1,6.90,23.0000,true,1,42102
7290000134826,false,תבלין זעתר מעורב 100 גר',תות ממתקי איכות,IL,"תבליני טעם וריח, תערובת תיבול זעתר , 100 גרם",גרמים,100.00,100 גרם,false,1,9.90,9.9000,true,1,16170
7290000134833,false,תבלין כמון טחון 100 גר',תות ממתקי איכות,IL,"תבליני טעם וריח, 100% כמון מזרחי",גרמים,100.00,100 גרם,false,1,9.90,9.9000,true,1,16171
7290000134840,false,תבלין כורכום טחון 100 גר',תות ממתקי איכות,IL,"תבליני טעם וריח, 100% כורכום, 100 גרם",גרמים,100.00,100 גרם,false,1,9.90,9.9000,true,1,16312
7290000134857,false,תבלין פפריקה מתוקה 100 גר',תות ממתקי איכות,IL,"תבליני טעם וריח, פפריקה מתוקה 100%, 100 גרם",גרמים,100.00,100 גרם,false,1,9.90,9.9000,true,1,16313
7290000134864,false,תבלין פפריקה חריפה 100 גר',"תבליני טעם וריח בע""מ",IL,תבליני טעם וריח פפריקה חריפה 100% 100 גרם,גרמים,100.00,100 גרם,false,1,9.90,9.9000,true,1,16172
7290000134871,false,תבלין פלפל שחור טחון 100 גר',תות ממתקי איכות,IL,"תבליני טעם וריח, 100% פלפל שחור טחון, 100 גרם",גרמים,100.00,100 גרם,false,1,12.90,12.9000,true,1,16352
7290000134970,false,תבלין חוואייג טעם ור,תות ממתקי איכות,IL,"תבליני טעם וריח, חוויאג' למרק, 100 גרם",גרמים,100.00,100 גרם,false,1,9.90,9.9000,true,1,16282
7290000134987,false,תבלין פלפל שחור גרוס 90 גר',תבליני טעם וריח,,"פלפל שחור גרוס 90 גר ""מכיל",גרמים,90.00,100 גרם,false,1,12.90,14.3333,true,1,16025
7290000134994,false,תבלין טימין 20ג',תות ממתקי איכות,IL,"תבליני טעם וריח, 100% טימין, 20 גרם",גרמים,20.00,100 גרם,false,1,6.90,34.5000,true,1,42105
7290000135045,false,"XL TEN משקה אנרגיה פתוח ללא סוכר 250 מ""ל","טמפו משקאות בע""מ",IL,XL TEN משקה אנרגיה בטעם תפוח250מל,מיליליטרים,250.00,"100 מ""ל",false,1,4.50,1.8000,true,1,96708
7290000135052,false,"XL TEN משקה אנרגיה מנגו ללא סוכר 250 מ""ל","טמפו משקאות בע""מ",IL,משקה אנרגיה XL TEN מנגו פחית 250 מל,מיליליטרים,250.00,"100 מ""ל",false,1,4.50,1.8000,true,1,122965
7290000136141,false,משקה בטעם קולה 1.5ל' פפסי,טמפו,IL,פפסי קולה בקבוק 1.5 ליטר,ליטרים,1.50,ליטר,false,1,8.50,5.6667,true,1,138793
7290000136646,false,משקה מאלט תריסר 1.5 ל' נשר,טמפו,IL,בירה נשר מאלט בקבוק 1.5 ליטר,ליטרים,1.50,ליטר,false,1,8.90,5.9333,true,1,138808
7290000136660,false,סודה טמפו 1.5 ליטר,טמפו,IL,מי סודה 1.5 ליטר,ליטרים,1.50,ליטר,false,1,3.80,2.5333,true,1,139092
7290000136677,false,פפסי קולה פיקדון 1.5 ליטר,טמפו,IL,פפסי קולה בקבוק 1.5 ליטר,ליטרים,1.50,ליטר,false,1,8.50,5.6667,true,1,139097
7290000136691,false,מארז שישייה סבן אפ 1.5 ל',טמפו,IL,סבן אפ שישייה בקבוק 1.5 ליטר,ליטרים,9.00,ליטר,false,6,49.90,5.5444,true,1,138810
7290000136776,false,שישיית פפסי מקס דל קלוריות 1.5 ליטר,טמפו,IL,פפסי מקס קולה שישייה בקבוק 1.5 ליטר,ליטרים,9.00,ליטר,false,6,45.90,5.1000,true,1,138812
7290000136783,false,מארז שישייה מרינדה 1.5 ל',טמפו,IL,שישיית מירינדה,ליטרים,9.00,ליטר,false,6,49.90,5.5444,true,1,138813
7290000136790,false,מארז סודה שישייה 1.5 ל' טמפו,טמפו,IL,מי סודה שישייה בקבוק 1.5 ליטר,ליטרים,9.00,ליטר,false,6,17.90,1.9889,true,1,138814
7290000136806,false,מארז סודה רביעייה לימון ליים 1.5 ל' טמפו,טמפו,IL,סודה לימון ליים רביעייה בקבוק 1.5 ליטר,ליטרים,6.00,ליטר,false,4,13.10,2.1833,true,1,138815
7290000136844,false,מים אקווה נובה 2 ליטר שישייה-,טמפו,IL,מים אקווה נובה שישייה בקבוק 2 ליטר,ליטרים,12.00,ליטר,false,6,13.90,1.1583,true,1,138817
7290000137513,false,גלידונית גלידה וניל בציפוי שוקולד 60 יח' קרמיסימו,"גלידת שטראוס בע""מ, ר",IL,גלידונית קרמיסימו 1/60 630 גרם,גרמים,630.00,100 גרם,false,1,41.90,6.6508,true,1,518
7290000139104,false,שלווה מתוקה 230 גרם בשקית,"אשב""ל בע""מ",IL,.חיטה תפוחה מתוקה 250 גרם,גרמים,250.00,100 גרם,false,1,9.90,3.9600,true,1,50849
7290000143217,false,"הוואי - שמפו לשיער יבש 700 מ""ל",שוורצקוף& הנקל דיסלד,IL,"שמפו הוואי לשיער יבש 700 מ""ל",מיליליטרים,700.00,"100 מ""ל",false,1,12.90,1.8429,true,1,558
7290000143255,false,"שמפו הוואי לשיער רגיל 700 מ""ל",שוורצקוף& הנקל דיסלד,IL,הוואי שמפו לשיער רגיל,מיליליטרים,700.00,"100 מ""ל",false,1,12.90,1.8429,true,1,560
7290000143286,false,"מרכך הוואי לשיער רגיל 700 מ""ל",שוורצקוף& הנקל דיסלד,IL,הוואי מרכך לשיער רגיל,מיליליטרים,700.00,"100 מ""ל",false,1,12.90,1.8429,true,1,563
7290000144467,false,שמן חמניות מועשר בנוגדי חמצון 1 ל' עץ הזית,"נארז ע""י : א.ג. גילר",GR,שמן חמניות מועשר בנוגדי חמצון 1 ליטר,ליטרים,1.00,ליטר,false,1,16.90,16.9000,true,1,575
7290000144474,false,שמן עץ הזית קנולה 1 ליטר בריאות מהטבע,סקנולה,EE,שמן קנולה מועשר בנוגדי חמצון 1 ליטר,ליטרים,1.00,ליטר,false,1,16.90,16.9000,true,1,576
7290000146928,false,"טום וגרי משחת שיניים בטעם ענבים 50 מ""ל",שוורצקוף& הנקל דיסלד,IL,טום וג'רי מ.שינים ענב,מיליליטרים,50.00,"100 מ""ל",false,1,9.90,19.8000,true,1,20513
7290000148380,false,פיסטוק קלוי שקית 200 גרם,"ג'י אנד ג'י בע""מ",IL,קליית גת פיסטוק קלויים 200 גרם,גרמים,200.00,100 גרם,false,1,21.90,10.9500,true,1,12250
7290000148489,false,גרעיני דלעת קליית גת שקית 200 גרם,"ג'י אנד ג'י בע""מ",IL,"קליית גת גרעיני דלעת קלויים,200 גרם",גרמים,200.00,100 גרם,false,1,10.30,5.1500,true,1,14557
7290000148618,false,קשיו מטוגן שקית קליית גת 200 גרם,"ג'י אנד ג'י בע""מ",IL,קליית גת קשיו מטוגן 200 גרם,גרמים,200.00,100 גרם,false,1,19.90,9.9500,true,1,12251
7290000148748,false,גרעיני חמניה שקית קליית גת 200 גרם,"ג'י אנד ג'י בע""מ",IL,"קליית גת חמנייה קלויים, 200 גרם",גרמים,200.00,100 גרם,false,1,6.90,3.4500,true,1,12170
7290000148939,false,שקדים קלויים קלית גת 200 ג',"ג'י אנד ג'י בע""מ",IL,שקד קלוי 200 גר' שקית,גרמים,200.00,100 גרם,false,1,21.90,10.9500,true,1,12252
7290000149844,false,סנו - סינטבון סבון רב שימושי,סנו,IL,סינטבון חתול 230 גר .,גרמים,230.00,100 גרם,false,1,7.90,3.4348,true,1,680
7290000149905,false,טקסטיל שמפו לכביסה ביד 1 ליטר,מיוצר עי קונדיטוריית,IL,טקסטיל שמפו 1 ליטר,ליטרים,1.00,ליטר,false,1,14.90,14.9000,true,1,682
7290000168173,false,ברנפלקס קרנצים 375 ג' תלמה,יוניליור ישראל מזון,IL,ברנפלקס קרנצים 375 גרם,גרמים,375.00,100 גרם,false,1,25.90,6.9067,true,1,100412
7290000169798,false,"עוגי מופחת סוכר 20% פצפוצי שוקו' 500ג' בד""צ",יוניליוור שפע ישראל,IL,תלמה דגני בוקר עוגי 500 גרם,גרמים,500.00,100 גרם,false,1,24.90,4.9800,true,1,94525
7290000170053,false,שוקולד פרה חלב 100 גרם,"תופינית בע""מ",IL,שוקולד פרה חלב 100 גרם,גרמים,100.00,100 גרם,false,1,5.90,5.9000,true,1,828
7290000174723,false,שוקולית אבקה להכנת משקה שוקו 500 גרם,הנסיך- מפעל לייצור ט,IL,שוקולית קופסא 500 / 12 קופ'/ 500ג',גרמים,500.00,100 גרם,false,1,13.90,2.7800,true,1,862
7290000176062,false,קפה עלית טורקי 100 גרם,שטראוס קפה בי.וי.,IL,עלית טורקי שקית 100ג/1שק'/100גר',גרמים,100.00,100 גרם,false,1,8.90,8.9000,true,1,872
7290000176079,false,קפה עלית טורקי עם הל 100 גרם,הנסיך- מפעל לייצור ט,IL,עלית טורקי עם הל 00/1שק'/100גר',גרמים,100.00,100 גרם,false,1,10.20,10.2000,true,1,873
7290000176413,false,קפה נמס עלית 50 גרם,הנסיך- מפעל לייצור ט,IL,קפה נמס עלית 50 גרם,גרמים,50.00,100 גרם,false,1,10.80,21.6000,true,1,878
7290000176420,false,קפה נמס אבקתי 200ג עלית,שטראוס קפה בי.וי,IL,קפה נמס עלית פחית 200 גרם,גרמים,200.00,100 גרם,false,1,19.90,9.9500,true,1,879
7290000176468,false,קפה נמס נטול קפאין 50 ג' קפה האג,"איי, בי, אינבוו",,האג נמס אבקתי פחית 50 גר חדש,גרמים,50.00,100 גרם,false,1,13.10,26.2000,true,1,880
7290000178707,false,תפוציפס מלוח 50 גרם,"שטראוס פריטו ליי בע""",IL,תפו טבעי 50 גר 48 יח - שמיטה,גרמים,50.00,100 גרם,false,1,3.90,7.8000,true,1,916
7290000178721,false,תפוציפס מלוח 200 גרם,"שטראוס פריטו ליי בע""",IL,תפו טבעי 200 גר 12 יח,גרמים,200.00,100 גרם,false,1,9.90,4.9500,true,1,918
7290000180212,false,שוקולוד פרה מריר אגוזים 100ג' עלית,"שטראוס גרופ בע""מ",IL,שוקולד פרה מריר אגוזים 100 גרם,גרמים,100.00,100 גרם,false,1,5.90,5.9000,true,1,926
7290000185460,false,חרוסת בטעם ביתי תמר,מנדלז סי.אר. פרודקשן,IL,חרוסת כנרת 250 גרם,גרמים,250.00,100 גרם,false,1,9.90,3.9600,true,1,991
7290000187860,false,מגבוני טואלט לחים לילי דיספנסר 40יח',עלבד משואות יצחק בעמ,IL,מגבוני טואלט לח לילי,לא מנהל יחידת מידה,0.00,לא מנהל יחידת מידה,false,1,7.90,0.0000,true,1,1004
7290000187938,false,לילי - נייר טואולט נייר טואלט פסטל 32 יח',חוגלה קימברלי,,נייר טואלט לילי פסטל 32 גלילים,מטרים,58880.00,מטר,false,1,38.90,0.0007,true,1,48943
7290000188355,false,מגבות מטבח ניקול לבנה שישייה,קימברלי-קלארק,IL,ניקול מגבת 6 בלי בנדלר,מטרים,6400.00,מטר,false,1,12.90,0.0020,true,1,48852
7290000189192,false,מגבת רב שימושית סופר ניקול 64 דף,קימברלי קלארק,CO,ניקול מטלית חכמה יומית 64 יחידות,מטרים,6520.00,מטר,false,1,19.90,0.0031,true,1,31674
7290000189550,false,זוג אשפתון ניקול ענק מתכלה 10 יח,אשפלסט,IL,שקיות אשפה זוג 20 יחידות,לא מנהל יחידת מידה,0.00,לא מנהל יחידת מידה,false,1,23.90,0.0000,true,1,30109
7290000189871,false,ניקול שקיות אשפה L עם שרוך 55 יח',אשפלסט,IL,שקיות אשפה עם שרוך ניקול 60 יחידות,לא מנהל יחידת מידה,0.00,לא מנהל יחידת מידה,false,1,21.90,0.0000,true,1,50138
7290000191225,false,האגיס - רך נולד מידה 2 מוקטן 44 יח',קימברלי קלארק שיווק,IL,האגיס ליטל בייביס מידה 2,יחידה,1.00,יחידה,false,1,38.90,38.9000,true,1,109204
7290000195537,false,האגיס - מגבוני האגיס דיילי קר לא מבושם 64 יח' * 4,ווטנפס בעמ,IL,האגיס מגבונים לחים לתינוק ללא בישום מארז רביעייה,יחידה,1.00,יחידה,false,1,18.90,18.9000,true,1,15303
7290000196763,false,ניקול שקיות לאשפה השקית החזקה 40 יח',אשפלסט,IL,שקיות אשפה השקית החזקה ניקול 40 יח,Unknown,0.00,Unknown,false,1,22.90,0.0000,true,1,80243
7290000197326,false,רדיד אלומניום ניקול זוגי 30X7.5מ',אופל,IL,זוג רדיד אלומיניום קצר עובי משופר 15 מיקרון,מטרים,1500.00,מטר,false,1,11.90,0.0079,true,1,1109
7290000197425,false,האגיס פרידום דריי שלב 3 54 יחידות,קימברלי קלארק ישראל,IL,חיתולים פרידום דריי שלב 3,יחידה,1.00,יחידה,false,1,42.90,42.9000,true,1,102986
7290000197821,false,נייר אפייה אפיפית לת,אופל,,נייר אפייה אפיפית לתנור 30 יחידות,לא מנהל יחידת מידה,0.00,לא מנהל יחידת מידה,false,1,9.90,0.0000,true,1,1122
7290000204086,false,ניקול כרית קרצוף מארז שלישייה,UFO INC,IL,"ניקול, כריות קרצוף גדולות וחזקות במיוחד, 3 יחידות",יחידה,0.00,יחידה,false,1,11.90,0.0000,true,1,12962
7290000204307,false,ניקול מטליות רב שימושיות בגליל 40 יח',נועם אורים-קיבוץ אור,IL,"מטליות ניקוי רב-שימושיות, 40 יחידות",לא מנהל יחידת מידה,0.00,לא מנהל יחידת מידה,false,1,22.90,0.0000,true,1,23503
7290000204611,false,ספוגית הקסם ניקול שישייה,UFO INC,US,ספוגית הקסם ניקול 6 יחידות,לא מנהל יחידת מידה,0.00,לא מנהל יחידת מידה,false,1,11.90,0.0000,true,1,15390
7290000207162,false,רוטב עגבניות מרכיב טבעי 100 ג' יכין,"זנלכל בע""מ",IL,יכין רוטב עגבניות מרוכז 100 גרם,גרמים,100.00,100 גרם,false,1,2.50,2.5000,true,1,1386
7290000208022,false,עגבניות מרוסקות פריכוז 800 ג' יכין,"זנלכל בע""מ",IL,עגבניות מרוסקות יכין 800 גרם,גרמים,800.00,100 גרם,false,1,8.90,1.1125,true,1,40770
7290000208077,false,אפונת גינה רגילה 550 גרם יכין,"זנלכל בע""מ",IL,אפונת גינה יכין 550גרם,גרמים,550.00,100 גרם,false,1,8.50,1.5455,true,1,16030
7290000208114,false,"אפונה וגזר יכין A2 פ""ק בית יוסף","זנלכל בע""מ",IL,יכין אפונת גינה וגזר 550 גרם,גרמים,550.00,100 גרם,false,1,8.50,1.5455,true,1,1430
7290000208213,false,שעועית לבנה אפויה A2 ברוטב עגבניות יכין 560ג',היינץ צפון אמריקה מק,IL,יכין שעועית לבנה ברוטב עגבניות 580 גרם,גרמים,580.00,100 גרם,false,1,7.90,1.3621,true,1,104810
7290000208329,false,גרעיני תירס מתוק 550 גרם יכין,"זנלכל בע""מ",IL,תירס גרעינים מתוק יכין 560 גרם,גרמים,560.00,100 גרם,false,1,7.90,1.4107,true,1,12174
7290000208336,false,רסק יכין 240גר 22% יכין בית יוסף,"זנלכל בע""מ",IL,יכין רוטב עגבניות מרוכז 240 גרם,גרמים,240.00,100 גרם,false,1,4.50,1.8750,true,1,37787
7290000208428,false,חומוס יכין שלם 550 גר A/2,"זנלכל בע""מ",IL,חומוס שלם יכין 560 גרם,גרמים,560.00,100 גרם,false,1,8.90,1.5893,true,1,16032
7290000209012,false,חומץ הדרים 5% יכין 1,"זנלכל בע""מ",IL,חומץ 1 ליטר יכין,ליטרים,1.00,ליטר,false,1,5.50,5.5000,true,1,16447
7290000209043,false,מיץ לימון משומר 1 ל' יכין,היינץ צפון אמריקה מק,IL,יכין רוטב לימון משומר לתיבול 1 ליטר,ליטרים,1.00,ליטר,false,1,6.50,6.5000,true,1,16244
7290000209371,false,שלישיית תירס יכין 165 גר OZ 6,היינץ צפון אמריקה מק,IL,יכין גרעיני תירס מתוק שלישייה 3*165,גרמים,165.00,100 גרם,false,1,13.90,8.4242,true,1,104485
7290000209722,false,רסק עגבניות פריכוז 28% 600 ג' יכין,"זנלכל בע""מ",IL,רסק עגבניות פריכוז 580 יכין,גרמים,580.00,100 גרם,false,1,9.90,1.7069,true,1,12175
7290000209944,false,רוטב לעגבניות בסיס לשקשוקה 240 ג' יכין,"זנלכל בע""מ",IL,רוטב עגבניות לשקשוקה יכין 240גרם,גרמים,240.00,100 גרם,false,1,5.50,2.2917,true,1,112278
7290000211442,false,"אורז פרסי קלאסי סוגת 1 ק""ג",האי נאם סי או אל.טי.,IL,"אורז פרסי 1 ק""ג",קילוגרמים,1.00,"ק""ג",false,1,12.90,12.9000,true,1,1475
7290000211503,false,סוכר לבן ארוז בשקית,"סוגת תעשיות בע""מ",IL,"סוכר לבן ארוז בשקית סוגת 1 ק""ג",קילוגרמים,1.00,"ק""ג",false,1,5.30,5.3000,true,1,1476
7290000233162,false,מים נביעות 1.5ל בקבו,יושלם,,מים נביעות 1.5ל בקבוק בודד,ליטרים,1.50,ליטר,false,1,3.90,2.6000,true,1,13705
7290000238029,false,"בצק עלים צרפתי מרודד מעדנות 1ק""ג",מיוצר עי קונדיטוריית,IL,"בצק עלים 1 ק""ג",קילוגרמים,1.00,"ק""ג",false,1,25.90,25.9000,true,1,1940
7290000238036,false,מלווח עגול מעדנות 700 ג',מיוצר עי קונדיטוריית,IL,מלווח 700 גרם מעדנות,גרמים,700.00,100 גרם,false,1,19.90,2.8429,true,1,1941
7290000238173,false,מעדנות בורקס גבינה 800גר,מיוצר עי קונדיטוריית,IL,בורקס גבינה מעדנות 800 גרם,גרמים,800.00,100 גרם,false,1,24.90,3.1125,true,1,1944
7290000240541,false,ריבועי בצק בורקס מעדנות 800 ג',מיוצר עי קונדיטוריית,IL,ריבועי בצק עלים800 גר .,גרמים,800.00,100 גרם,false,1,26.40,3.3000,true,1,1964
7290000244761,false,קרם ידיים וולוטה 80 גרם,תאי פרזידנט פוד פאבל,IL,וולוטה קרם ידיים קרם לטיפוח עור היידים והגוף,גרמים,80.00,100 גרם,false,1,11.90,14.8750,true,1,2016
7290000245294,false,"א.כ. פרסיל סופרא שקית 2.5 ק""ג","הנקל סוד בע""מ",IL,פרסיל אבקה לכביסה לבנה וצבעונית 2.5 קג,קילוגרמים,2.50,"ק""ג",false,1,29.90,11.9600,true,1,2030
7290000245782,false,סוד ורוד מסתורי 4 ל מרכך כביסה,"הנקל סוד בע""מ",IL,סוד מרכך כביסה ורד ורוד,ליטרים,4.00,ליטר,false,1,21.90,5.4750,true,1,2047
7290000245799,false,סוד כחול מרענן 4 ל מרכך כביסה,"הנקל סוד בע""מ",IL,סוד מרכך כביסה כחול 4 ליטר,ליטרים,4.00,ליטר,false,1,21.90,5.4750,true,1,2048
7290000263359,false,האגיס - פיור נטורל שלב 1 ניו בורן 40 יח',קימברלי קלארק שיווק,IL,חיתולים האגיס מידה 1 ליטל בייביז,יחידה,1.00,יחידה,false,1,38.90,38.9000,true,1,69878
7290000267043,false,שקד מולבן פרוס 100 גרם,,IL,שקד טבעי מולבן פרוס 100 גרם שקדיה,גרמים,100.00,100 גרם,false,1,11.90,11.9000,false,1,138244
7290000267104,false,שקד מולבן גרוס/מרוסק 100 גרם,,IL,שקד מולבן מרוסק 100 גרם שקדיה,גרמים,100.00,100 גרם,false,1,11.90,11.9000,true,1,138132
7290000272696,false,עסיס מיץ לימון טבעי משומר 1 ל' אסם,בית-השיטה עסיס תעשיו,IL,עסיס מיץ לימון משומר 12*1ליטר,ליטרים,1.00,ליטר,false,1,12.90,12.9000,true,1,2274
7290000286228,false,כרית קרצוף לכלים סנו סושי 6יח',סנו מפעלי ברונו בעמ,IL,כרית יפנית סנו סושי 1/6,גרמים,70.00,100 גרם,false,1,10.90,15.5714,true,1,2404
7290000286297,false,"סנו אנטי קאלק מסיר אבן מקומקום 700 מ""ל",סנו מפעלי ברונוס בעמ,IL,אנטי קלאק מסיר אבנית מקומקום 700 מל,מיליליטרים,700.00,"100 מ""ל",false,1,13.90,1.9857,true,1,2407
7290000286471,false,סנו מדיק ג'ל לניקוי ידיים דמויות סיליקון,nantong health & bey,CN,סנו מדיק אלכו גל דמות סיליקון לתליה 30,מיליליטרים,30.00,"100 מ""ל",false,1,9.90,33.0000,true,1,125209
7290000286525,false,כיף ספוג לרחצה פרינה,קוסמופארם,,ספוג כיף פרינה,לא מנהל יחידת מידה,0.00,לא מנהל יחידת מידה,false,1,8.90,0.0000,true,1,2412
7290000286549,false,סנו סושי מטליות לניקוי כללי 9 יח',טרופיקל דגיל תעשיות,IL,"סנו סושי מטליות לניקוי כללי, 9 יחידות",לא מנהל יחידת מידה,0.00,לא מנהל יחידת מידה,false,1,9.90,0.0000,true,1,2413
7290000286594,false,"סנו איקס לימון במיכל 600 מ""ל",סנו מפעלי ברונוס בעמ,IL,חול לניקוי סנו X לימון קופסא 600 גרם,גרמים,600.00,100 גרם,false,1,9.90,1.6500,true,1,2414
7290000286761,false,ניילון נצמד סנו סושי פלסטיק מארז 30X2 מ',מיוצר עי קונדיטוריית,CN,סנו סושי - צמד ניילון נצמד+,מטרים,3000.00,מטר,false,1,11.90,0.0040,true,1,2416
7290000286891,false,סנו מגן קריסטל 1 ליטר,"סנו מפעלי ברונוס בע""",IL,סנו מגן קריסטל 1 ליטר,ליטרים,1.00,ליטר,false,1,26.90,26.9000,true,1,2425
7290000286907,false,מסיר כתמים סנו ספריי,סנו מפעלי ברונוס בעמ,IL,סנו מסיר כתמים 125 גרם,מיליליטרים,170.00,"100 מ""ל",false,1,24.90,14.6471,true,1,2426
7290000286921,false,"סנוקל רסס וכבס 750 מ""ל",סנו מפעלי ברונוס בעמ,IL,סנו קל BIO,מיליליטרים,750.00,"100 מ""ל",false,1,15.90,2.1200,true,1,62701
7290000287195,false,"סנו רהיט ספריי עשיר בווקס להברקה 305 מ""ל",מיוצר עי קונדיטוריית,IL,"סנו רהיט אירוסול מנקה, מבריק, מגן ודוחה אבק 300 מל",מיליליטרים,305.00,"100 מ""ל",false,1,16.90,5.5410,true,1,2438
7290000287409,false,סנובון שלישיה תות 3 יח' *55 ג',סנו מפעלי ברונוס בעמ,IL,סנובון סבון אסלה בניחוח תות X3,גרמים,55.00,100 גרם,false,1,12.90,23.4545,true,1,2441
7290000288017,false,ז'אוול אקונומיקה 1ל'-לימון,"סנו מפעלי ברונוס בע""",IL,אקונומיקה סנו JAVEL לימון 1 ליטר,ליטרים,1.00,ליטר,false,1,8.90,8.9000,true,1,2450
7290000288024,false,סנו - ז'אוול אקונומיקה בריח לימון 4 ליטר,"סנו מפעלי ברונוס בע""",IL,אקונומיקה סנו JAVEL לימון 4 ליטר,ליטרים,4.00,ליטר,false,1,16.90,4.2250,true,1,2451
7290000288031,false,סנו אקונומיקה 4 ליטר תו תקן,"סנו מפעלי ברונוס בע""",IL,אקונומיקה כחולה 4 ליטר,ליטרים,4.00,ליטר,false,1,12.80,3.2000,true,1,30004
7290000288079,false,סנו - ז'אוול אקונומיקה לימון 2 ליטר,"סנו מפעלי ברונוס בע""",IL,אקונומיקה JAVEL לימון 2 ליטר,ליטרים,2.00,ליטר,false,1,12.80,6.4000,true,1,16252
7290000288307,false,סנו - מט מכשיר דוחה יתושים + טבליות,זובאלה,IT,סנומט דוחה יתושים חשמל+ טבליות,Unknown,0.00,Unknown,false,1,28.60,0.0000,true,1,2458
7290000288352,false,"סנו K-300 חרקים ונמלים 630מ""ל","סנו מפעלי ברונוס בע""",IL,K-300,מיליליטרים,630.00,"100 מ""ל",false,1,23.90,3.7937,true,1,2460
7290000288383,false,"סנו K-500 נמלים ותיקנים 630מ""ל",מיוצר עי קונדיטוריית,IL,"משמיד זוחלים K500 סנו 400 מ""ל",מיליליטרים,400.00,"100 מ""ל",false,1,23.90,5.9750,true,1,2461
7290000288642,false,סנו - מקסימה מרכך כביסה סנסטיב ורוד 4 ליטר,"סנו מפעלי ברונוס בע""",IL,מרכך 4 ליטר,ליטרים,4.00,ליטר,false,1,22.90,5.7250,true,1,2467
7290000288659,false,"סנו - די רולאון דוחה יתושים ג'ונגל 50 מ""ל",טרופיקל דגיל תעשיות,IL,סנו די! ג'ונגל - דוחה יתושים,לא מנהל יחידת מידה,0.00,לא מנהל יחידת מידה,false,1,19.90,0.0000,true,1,119288
7290000288727,false,"אבקת כביסה מקסימה מאסק 1.25 ק""ג סנו",סנו,,אבק.כביסה מקסימה MUSK קג 1.25,קילוגרמים,1.25,"ק""ג",false,1,14.90,11.9200,true,1,2471
7290000288840,false,סנו - מים מזוקקים 2 ליטר,סנו,IL,מים מזוקקים 2 ליטר,ליטרים,2.00,ליטר,false,1,16.60,8.3000,true,1,2474
7290000289069,false,סנו - ז'אוול מרסס קצף ניקוי בתוספת אקונומיקה בריח לימון 1 ליטר,"סנו מפעלי ברונוס בע""",IL,קצף ניקוי JAVEL מרסס בריח לימון סנו 1 ל,ליטרים,1.00,ליטר,false,1,16.90,16.9000,true,1,2476
7290000289236,false,קוטל נמלים בבית ובחצר K3 פיתיון גל 10 גר,"סנו מפעלי ברונוס בע""",IL,סנו K3 קוטל נמלים פיתיון ג'ל 12 גרם,יחידה,1.00,יחידה,false,1,49.90,49.9000,true,1,127168
7290000289748,false,"סנו פורטה פלוס מסיר שומנים לתנור 750מ""ל","סנו מפעלי ברונוס בע""",IL,סנו פורטה פלוס 750 מ''ל,מיליליטרים,750.00,"100 מ""ל",false,1,15.90,2.1200,true,1,2481
7290000291963,false,סנו ז'אוול סמיכה לימון 1 ל',סנו,IL,אקונומיקה סנו JAVEL סמיכה 1 ליטר,ליטרים,1.00,ליטר,false,1,8.90,8.9000,true,1,2499
7290000292007,false,סנו K3 פיתיון ג'ל קוטל חרקים 10גר,מיוצר עי קונדיטוריית,IL,סנו K3 פיתיון ג'ל קוטל תיקנים,גרמים,0.00,100 גרם,false,1,49.90,0.0000,true,1,123115
7290000292311,false,סנו פוליווקס לרצפות סחלבים 2ל',"סנו מפעלי ברונוס בע""",IL,פוליויקס מנקה ומבריק רצפות 2 ליטר שחלבים,ליטרים,2.00,ליטר,false,1,22.90,11.4500,true,1,2510
7290000292564,false,"סנו 2000-K דוחה חרקים ללא ריח 750 מ""ל",מיוצר עי קונדיטוריית,IL,תכשיר מיקרוקפסורי,מיליליטרים,750.00,"100 מ""ל",false,1,34.60,4.6133,true,1,2516
7290000292687,false,סנובון לאסלה כחול אפרסק נתלה 55X3ג',מיוצר עי קונדיטוריית,IL,"סנובון סבון אסלה כחול קלאסיק, 3 יחידות",גרמים,165.00,100 גרם,false,1,19.90,12.0606,true,1,2518
7290000292915,false,"סנו רסס ונגב אקדח 750מ""ל","סנו מפעלי ברונוס בע""",IL,"רסס ונגב לניקוי כללי 750 מ""ל",מיליליטרים,750.00,"100 מ""ל",false,1,13.90,1.8533,true,1,2519
7290000294773,false,סנו ז'אוול בריח לבנדר 4 ל',"סנו מפעלי ברונוס בע""",IL,אקונומיקה סנו JAVEL לבנדר 4 ליטר,ליטרים,4.00,ליטר,false,1,15.90,3.9750,true,1,2536
7290000294780,false,סנו - ז'אוול אקונומיקה סמיכה מבושמת 4 ליטר,"סנו מפעלי ברונוס בע""",IL,אקונומיקה סנו JAVEL סמיכה 4 ליטר,ליטרים,4.00,ליטר,false,1,16.90,4.2250,true,1,2537
7290000295299,false,סנו סושי כריות הפלא רב תכלתיות רביעייה,סנו מפעלי ברונו בעמ,IL,כרית הפלא סנו סושי 4 יחידות,יחידה,1.00,יחידה,false,1,11.80,11.8000,true,1,2539
7290000295343,false,"אבקת כביסה מקסימה ביו 1.25 ק""ג סנו",סנו,,אבק.כביסה קומ MAXIMA ביו1.25קג,קילוגרמים,1.25,"ק""ג",false,1,14.90,11.9200,true,1,2541
7290000295367,false,סנו מקסימה אפקט ג'אוול 2.5 קג,הורביץ סחר,IL,"אבקת כביסה, אפקט JAVEL",קילוגרמים,2.50,"ק""ג",false,1,28.90,11.5600,true,1,2542
7290000295404,false,סנו סושי שקית אשפה חזקות 70*50 60 יח',מיוצר עי קונדיטוריית,IL,שקיות אשפה 54*65 סנו סושי 60 שקיות,לא מנהל יחידת מידה,0.00,לא מנהל יחידת מידה,false,1,23.70,0.0000,true,1,2543
7290000295442,false,אטבי כביסה איכות 20,מ.א ייצור,,אטבי כביסה איכות 20 יחידות,יחידה,0.00,יחידה,false,1,7.90,0.0000,true,1,2544
7290000295503,false,סנו סושי שקיות אוכל מתכלות זוג *150 יח',הורביץ סחר,CN,שקיות אוכל 19*25 סנו סושי 150 שקיות,לא מנהל יחידת מידה,0.00,לא מנהל יחידת מידה,false,1,14.90,0.0000,true,1,2545
7290000295541,false,סנו רב מגבת גמבו 75 דפים בגליל,מיוצר עי קונדיטוריית,IL,"סנו סושי, רב מגבת ג'מבו, 398 גרם",מטרים,2100.00,מטר,false,1,19.90,0.0095,true,1,2547
7290000295794,false,כרית מתכת סנו סושי אל חלד 3יח',,,ספוגיות מתכת,יחידה,1.00,יחידה,false,1,11.90,11.9000,true,1,116090
7290000300900,false,שניצל תירס 750 גרם טבעול,טבעול,IL,שניצל תירס טבעול 750 גרם,גרמים,750.00,100 גרם,false,1,29.90,3.9867,true,1,2623
7290000311128,false,מן עוגיות בטעם חמאה 300 גרם,תות ממתקי איכות,IL,עוגיות מובחרות בטעם חמאה,גרמים,300.00,100 גרם,false,1,8.50,2.8333,true,1,57381
7290000311203,false,וופלים מן בטעם שוקולד 200 גרם,תות ממתקי איכות,IL,ופלים מן בטעם שוקולד 200 גרם,גרמים,200.00,100 גרם,false,1,5.50,2.7500,true,1,2824
7290000311708,false,מן עוגיות מחיטה מלאה 300 גרן,תות ממתקי איכות,IL,"מן, עוגיות חיטה מלאה עם סיבים תזונתיים 300 גרם",גרמים,300.00,100 גרם,false,1,8.50,2.8333,true,1,2826
7290000311715,false,מן עוגיות כוכבים שוקולד 300 גרם,תות ממתקי איכות,IL,"מן, עוגיות כוכבים בטעם שוקולד 300 גרם",גרמים,300.00,100 גרם,false,1,8.50,2.8333,true,1,2827
7290000311722,false,מן עוגיות כוכבים וניל 300 גרם,תות ממתקי איכות,IL,"מן, עוגיות כוכבים בטעם וניל 300 גרם",גרמים,300.00,100 גרם,false,1,8.50,2.8333,true,1,2828
7290000313184,false,עוגיות חברים גן חיות וניל אסם 250 גר',הגביע מוצרי וופלים ב,IL,אסם עוגיות גן חיות וניל 12*250גרם חדש,גרמים,250.00,100 גרם,false,1,10.90,4.3600,true,1,16334
7290000327044,false,"שישיית סבן אפ פחית צרה *330 מ""ל",פפסיקו ניורק,IL,סבן אפ פחית צרה 330 שיישיה,ליטרים,1.98,ליטר,false,6,22.90,11.5657,true,1,140407
7290000334684,false,טבעות בצל 700 גרם תפוגן,"תעשיות תפוגן בע""מ",IL,תפוגן טבעות בצל 10*700גרם,גרמים,700.00,100 גרם,false,1,18.90,2.7000,true,1,3143
7290000334745,false,"אמריקאן צ'יפס תפוגן 1.5 ק""ג","תעשיות תפוגן בע""מ",IL,תפוגן אמריקן צ'יפס 6*1.5קג,קילוגרמים,1.50,"ק""ג",false,1,26.90,17.9333,true,1,16336
7290000339566,false,מרכך כביסה ורוד 4 ל' בדין,יוניליור ישראל טיפוח,IL,מרכך כביסה בדין ורוד,ליטרים,4.00,ליטר,false,1,24.90,6.2250,true,1,3180
7290000342856,false,מרכך כביסה כחול 4 ל' בדין,יוניליור ישראל טיפוח,IL,מרכך כביסה בדין כחול,ליטרים,4.00,ליטר,false,1,24.90,6.2250,true,1,3217
7290000345260,false,תה ויסוצקי 25 שקיקים 1.5 גרם,מולינו ניקולי s.p.a,IL,תה קלאסיק 1.5 גרם 25 שקיקים,גרמים,37.00,100 גרם,false,1,8.10,21.8919,true,1,3261
7290000345291,false,תה ארל גריי 25 שקיקים ויסוצקי,ויסוצקי,IL,ארל גריי TEAR TAPE - 25,גרמים,38.00,100 גרם,false,1,17.70,46.5789,true,1,3264
7290000346205,false,חליטת קמומיל 25 שקיקים הגן קסום,HIQ FOOD PRODUCTS,IL,"קמומיל-""הגן הקסוםC24 ?",גרמים,37.00,100 גרם,false,1,19.90,53.7838,true,1,3292
7290000346236,false,חליטת לואיזה 25 שקיקים הגן הקסום,ויסוצקי,IL,"לואיזה (ורבנה)""גן-קסום """,גרמים,50.00,100 גרם,false,1,19.90,39.8000,true,1,46992
7290000347738,false,תה ירוק נענע 25 שקיקים 1.5 גרם,HIQ FOOD PRODUCTS,IL,תה ירוק עם נענע T.T,גרמים,37.00,100 גרם,false,1,25.90,70.0000,true,1,3319
7290000347752,false,תה ירוק לימונית ולואיזה 25 שקיקים *1.5 ג'' ויסוצקי,HIQ FOOD PRODUCTS,IL,תה ירוק עם לימונית/לואיזה T.T,גרמים,37.00,100 גרם,false,1,25.90,70.0000,true,1,3321
7290000363202,false,נקניק גליל 700 גרם טירת צבי,הנסיך- מפעל לייצור ט,IL,סלמי גליל מעושן נקניק מעושן חצי יבש 600 גרם,גרמים,600.00,100 גרם,false,1,38.90,6.4833,true,1,3457
7290000363363,false,קבנוס מיוחד 160 גרםטירת צבי,הנסיך- מפעל לייצור ט,IL,טירת צבי קבנוס נקניק מעושן יבש 160 גרם,גרמים,160.00,100 גרם,false,1,15.90,9.9375,true,1,3458
7290000364278,false,דקניקים סילסולי סלמי איטלקי 120 ג' טירת צבי,הנסיך- מפעל לייצור ט,IL,דקניקים סלסולי סלמי איטלקי משובח 120 גרם,גרמים,120.00,100 גרם,false,1,15.90,13.2500,true,1,68192
7290000364285,false,דקניקים סלסולי פסטרמה הודו 120 ג' טירת צבי,הנסיך- מפעל לייצור ט,IL,דקניקים סלסולי פסטרמה הודו 120 גרם,גרמים,120.00,100 גרם,false,1,15.90,13.2500,true,1,68193
7290000364292,false,דקניקים סלסולי פסטרמה הודו על גחלים 120 ג' טירת צבי,הנסיך- מפעל לייצור ט,IL,דקניקים סלסולי פסטרמה גחלים 120 גרם,גרמים,120.00,100 גרם,false,1,15.90,13.2500,true,1,73152
7290000364759,false,נקניקיות וינר קרנץ טירת צבי 500 ג',הנסיך- מפעל לייצור ט,IL,נקניקיות וינר 500 גרם,גרמים,500.00,100 גרם,false,1,19.50,3.9000,true,1,3487
7290000364810,false,נקניקיות עגל 500 גרםטירת צבי,הנסיך- מפעל לייצור ט,IL,נקניקיות עגל 500 גרם,גרמים,500.00,100 גרם,false,1,31.60,6.3200,true,1,16896
7290000364858,false,"נקניקיות עוף טרי 1 ק""ג טירת צבי",הנסיך- מפעל לייצור ט,IL,"טירת צבי - נקניקיות עוף 1 ק""ג",קילוגרמים,1.00,"ק""ג",false,1,29.90,29.9000,true,1,3510
7290000364872,false,נקניקיות עוף 400 גרםטירת צבי,טיב טירת צבי 2000,IL,נקניקיות עוף 400 גרם,גרמים,400.00,100 גרם,false,1,13.90,3.4750,true,1,3512
7290000367590,false,צמד כפרי סלמי+פסטרמה 800 גרם טירת צבי,טיב טירת צבי 2000,IL,צמד כפרי פסטרמה סלמי טירת צבי 800 גרם,גרמים,800.00,100 גרם,false,1,30.90,3.8625,true,1,3537
7290000377209,false,בוטנים מטוגנים קליית,"ג'י אנד ג'י בע""מ",IL,בוטנים מטוגנים קליית גת 200 גרם,גרמים,200.00,100 גרם,false,1,7.90,3.9500,true,1,15187
7290000377445,false,נש צאנס קלית גת 200 גר',"ג'י אנד ג'י בע""מ",IL,נש צ'אנס 200 גר' ב 12,גרמים,200.00,100 גרם,false,1,8.90,4.4500,true,1,15188
7290000377452,false,גרעיני אבטיח קלית גת 200 ג',הדקלאים אגודת שיתופי,IL,גרעיני אבטיח שק'200 גר',גרמים,200.00,100 גרם,false,1,11.90,5.9500,true,1,12267
7290000408316,false,יוגורט דנונה דל לקטוז 200 גרם,מיוצר עי קונדיטוריית,IL,דנונה ביו 3% 200 גרם,גרמים,200.00,100 גרם,false,1,3.70,1.8500,true,1,4215
7290000408354,false,יוגורט עם אורז מצופה שוקולד קקאו 175 ג' דנונה,"שטראוס בריאות בע""מ",IL,בר דנונה פצפוצים,גרמים,175.00,100 גרם,false,1,4.80,2.7429,true,1,4216
7290000412481,false,סנו - מנקה אסלות 00 1 ליטר,מיוצר עי קונדיטוריית,IL,מנקה אסלות 00 סנו 1 ליטר,ליטרים,1.00,ליטר,false,1,8.90,8.9000,true,1,4272
7290000416021,false,ממרח שוקולד השחר חלבי 500 גר',השחר העולה,IL,ממרח השחר העולה חלבי 500 גרם,גרמים,500.00,100 גרם,false,1,13.90,2.7800,true,1,4369
7290000416045,false,ממרח שוקולד השחר דלי,השחר העולה,IL,ממרח שוקולד השחר דלי1 קג,קילוגרמים,1.00,"ק""ג",false,1,25.90,25.9000,true,1,106924
7290000416618,false,"ממרח שוקולד השחר פרווה בד""צ 400 גר'",השחר העולה בעמ,IL,ממרח שוקולד השחר 400 גרם,גרמים,400.00,100 גרם,false,1,13.50,3.3750,true,1,4375
7290000430102,false,"שקיות קרח 2 ק""ג ""מר אייס""",אייס קיוב,,קוביות קרח בשקית,יחידה,1.00,יחידה,false,1,14.90,14.9000,true,1,15230
7290000449128,false,סיף פנטסטיק לימון ניקוי רב תכליתי 4ל',יוניליוור ישראל טיפו,IL,פנטסטיק תרכיז ניקוי רב תכליתי בניחוח לימון 4 ליטר,ליטרים,4.00,ליטר,false,1,27.60,6.9000,true,1,4699
7290000450209,false,נתחי טונה פוסידון בשמן 110 ג',"מיוצר עי וליגר בעמ,",IL,פוסידון נתחי טונה בהירה בשמן 108 גרם,גרמים,108.00,100 גרם,false,1,5.90,5.4630,true,1,4719
7290000453019,false,שמרים טריים לאפייה שקית שמרית 50 ג',"פאקא תעשיות בע""מ",IL,שמרית שמרים טריים לאפייה 50 גרם,גרמים,50.00,100 גרם,false,1,4.90,9.8000,true,1,4730
7290000453798,false,שמרית שמרים יבשים אקטיביים 500 גר',"גי' בי' רכיבים בע""מ",,שמרים אקטביים 500 גרם,גרמים,500.00,100 גרם,false,1,15.90,3.1800,true,1,111333
7290000453866,false,נטורינה קוקוס לאפייה שמרית 200ג',גרונבאנג- גרונדנסק א,DK,נטורינה קוקוס לאפייה ובישול 200 גרם,גרמים,200.00,100 גרם,false,1,8.90,4.4500,true,1,121768
7290000461625,false,בייגלה שמיניות מלח בייגל בייגל 400 ג',בייגל את בייגל מזון,IL,כעכים עם מלח בייגל בייגל,גרמים,400.00,100 גרם,false,1,11.90,2.9750,true,1,4783
7290000461656,false,בייגלה אחד אחד 400 ג' מקלות,בייגל את בייגל מזון,IL,כעכים בצורת מקלות עם מלח בייגל בייגל,גרמים,400.00,100 גרם,false,1,11.90,2.9750,true,1,4785
7290000461700,false,בייגל גדול גדול 400 גרם,בייגל את בייגל מזון,IL,כעכים גדולים עם מלח בייגל בייגל,גרמים,400.00,100 גרם,false,1,15.20,3.8000,true,1,4787
7290000461724,false,בייגל גדול גדול שומשום 400 גרם,אתר בייגל - Food,IL,כעכים גדולים עם שומשום בייגל בייגל -,גרמים,400.00,100 גרם,false,1,15.20,3.8000,true,1,4788
7290000462141,false,סחוג אדום חריף 150 ג' זהבי,קריניסה ויטמין אס אי,IL,"זהבי הכרם זחוק תמני חריף, 150 גרם",גרמים,150.00,100 גרם,false,1,9.90,6.6000,true,1,55180
7290000462172,false,סחוג ירוק חריף מאוד זהבי 150 ג',קריניסה ויטמין אס אי,IL,זחוק זהבי ירוק חריף 150 גרם,גרמים,150.00,100 גרם,false,1,9.90,6.6000,true,1,4798
7290000467153,false,חומוס צבר סמיר הגדול 400ג',סלטי צבר,IL,צבר חומוס סמיר הגדול 6*400גרם,גרמים,400.00,100 גרם,false,1,14.90,3.7250,true,1,97625
7290000467320,false,חומוס אבו מרואן צבר 400 ג',סלטי צבר,IL,חומוס אבו מרוואן מלך החומוס 400 גרם,גרמים,400.00,100 גרם,false,1,14.90,3.7250,true,1,97626
7290000467511,false,ביסלי חטיף ברביקיו אסם 55 ג',"אסם השקעות בע""מ",IL,ביסלי ברביקיו 55 גרם,גרמים,55.00,100 גרם,false,1,4.00,7.2727,true,1,100175
7290000468747,false,ביסלי חטיף גריל אסם 55 ג',"אסם השקעות בע""מ",IL,ביסלי גריל 55 גרם,גרמים,55.00,100 גרם,false,1,4.00,7.2727,true,1,100177
7290000468877,false,ביסלי בטעם בצל 55 ג' אסם,"אסם השקעות בע""מ",IL,ביסלי בצל 55 גרם,גרמים,55.00,100 גרם,false,1,4.00,7.2727,true,1,100178
7290000474090,false,חלב הומוגני 1% קרטון טרה 1ל',מילקו תעשיות בעמ,IL,"חלב בקרטון 1%- 1 ליטר בד""צ",ליטרים,1.00,ליטר,false,1,5.86,5.8600,true,1,4908
7290000474373,false,"שמנת חמוצה 15% שומן 200 מ""ל טרה",טרה,IL,"שמנת חמוצה 200 מ""ל בד""צ",גרמים,200.00,100 גרם,false,1,2.40,1.2000,true,1,4914
7290000480107,false,קוואקר שיבולת שועל פחית 500 גר,וולקרס סנקס לימיטד,,קוואקר שיבולת שועל פחית 500 גר 24 יח,גרמים,500.00,100 גרם,false,1,15.00,3.0000,true,1,4946
7290000480442,false,קוואקר שבולת שועל שקית 500 גרם,שטראוס גרופ,IL,שיבולת שועל קוואקר שקית 500 גרם,גרמים,500.00,100 גרם,false,1,12.90,2.5800,true,1,4951
7290000481883,false,דגנית עין בר מארז לחמניות 10 יח'*75 ג',יוניליוור גרמניה Gm,IL,לחמניות אצבע בשקית 10 יח,גרמים,750.00,100 גרם,false,1,14.90,1.9867,true,1,101285
7290000482019,false,שקיות קוקי רגיל צליה 10יח',"ש. שסטוביץ בע""מ",IL,שקיות לצליה קוקי 10 יחידות,לא מנהל יחידת מידה,0.00,לא מנהל יחידת מידה,false,1,14.20,0.0000,true,1,4968
7290000482033,false,שקיות קוקי ענק בתנור ובמיקרוגל 5 יח,הנסיך- מפעל לייצור ט,IL,קוקי שקיות לצליה מהירה ענק 5 יחידות,Unknown,0.00,Unknown,false,1,12.90,0.0000,true,1,4970
7290000484747,false,עלית הארק 40% בקבוק,יקבי הגליל יוסף,,"עלית הארק 40% בקבוק 700 מ""ל",מיליליטרים,700.00,"100 מ""ל",false,1,59.90,8.5571,true,1,111791
7290000493176,false,אבקת רוטב צלי לבשר 22ג' אסם,"אסם השקעות בע""מ",IL,רוטב צלי בשר 22 גרם,גרמים,22.00,100 גרם,false,1,4.50,20.4545,true,1,5112
7290000493183,false,אבקת רוטב פטריות לבשר-30 גרם,"אסם השקעות בע""מ",IL,אסם אבקת רוטב פטריות 3 12*30גרם,גרמים,30.00,100 גרם,false,1,4.90,16.3333,true,1,5113
7290000504025,false,סוכרזית פטריה 300 טבליות,אף.סי תבליני בגליל ב,IL,סוכרזית קלאסי 300,גרמים,25.00,100 גרם,false,1,9.80,39.2000,true,1,5385
7290000504278,false,סוכרזית - קלאסי פטנט 700 טבליות,אף.סי תבליני בגליל ב,IL,ממתיק סוכרזית פטנט 700 טבליות,גרמים,57.00,100 גרם,false,1,17.90,31.4035,true,1,5389
7290000518336,false,צמר גפן מתוק MOOOSH 10 גרם,מתוק וקל בעמ,IL,מוש צמר גפן מתוק מסיבים תזונתיים 10 גרם,גרמים,10.00,100 גרם,false,1,4.90,49.0000,true,1,142258
7290000521008,false,"יין אדום יבש סגל 750 מ""ל",כרמי צבי - אחים סגל,IL,יין אדום יבש של סגל 750 מל,מיליליטרים,750.00,"100 מ""ל",false,1,21.90,2.9200,true,1,5549
7290000521022,false,סגל לבן חצי יבש 750 מל פקדון,"מיוצר ע""י כרמי צבי-",IL,סגל לבן חצי יבש 2015 750 מל,מיליליטרים,750.00,"100 מ""ל",false,1,21.90,2.9200,true,1,5551
7290000521411,false,יין מרום גליל סינגל מרלו 750 מל,כרמי צבי אחים סגל בע,IL,"סגל, מרום גליל, מרלו 750 מל",מיליליטרים,750.00,"100 מ""ל",false,1,44.90,5.9867,true,1,77684
7290000523125,false,מלח הארץ הים האדום 250 ג' עדין,חברת מלח הארץ אילת ב,IL,מלח הארץ מהים האדום מלח ים דק 250 גרם,גרמים,250.00,100 גרם,false,1,5.90,2.3600,true,1,5623
7290000523224,false,מלח הארץ הים האדום 500 ג' עדין,חברת מלח הארץ אילת ב,IL,מלח הארץ מהים האדום מלח ים דק,גרמים,500.00,100 גרם,false,1,7.90,1.5800,true,1,5628
7290000523514,false,מלח ים יבש מופחת נתרן 250 גר,חברת מלח הארץ אילת ב,IL,מלח הארץ 50% מכמות נתרן 250 גרם,גרמים,250.00,100 גרם,false,1,10.90,4.3600,true,1,5631
7290000523804,false,"מלח עדין צנצנת 1 ק""ג מלח הארץ",חברת מלח הארץ אילת ב,IL,מלח הים האדום עדין צנצנת 1 קג,קילוגרמים,1.00,"ק""ג",false,1,7.20,7.2000,true,1,49174
7290000525969,false,פרימור סחוט תפוזים טבעי 1ל',גניר,IL,פרימור מיץ תפוזים 1 ליטר,ליטרים,1.00,ליטר,false,1,16.00,16.0000,true,1,5645
7290000530291,false,נקניק מבשר הודו קטן 800 ג' זוגלובק,כצט,IL,נקניק מבשר הודו קטן 750 גרם,גרמים,750.00,100 גרם,false,1,24.60,3.2800,true,1,5675
7290000530703,false,נקניק כפרית 400 + כפרית 400 גרם זוגי זוגלובק,זוגלובק,IL,זוגלובק זוג חרמון הודו ועוף 400+סלמי תה 400 גרם,גרמים,800.00,100 גרם,false,1,31.40,3.9250,true,1,5685
7290000531977,false,בורקס גבינה 800 ג' זוגלובק,מאפיית גידרון,IL,בורקס גבינה 800 גרם זוגלובק,גרמים,800.00,100 גרם,false,1,18.90,2.3625,true,1,12745
7290000537566,false,נקניקיות עוף טרי 400 ג' זוגלובק,זוגלובק,IL,נקניקיות עוף זגלובק 400 גרם,גרמים,400.00,100 גרם,false,1,15.90,3.9750,true,1,5766
7290000552989,false,בשר טחון מובחר 500 גרם,"טיבון ויל אחזקות בע""",IL,טיבון וויל בשר עגל טחון קפוא 500 גרם,גרמים,500.00,100 גרם,false,1,29.90,5.9800,true,1,6056
7290000560540,false,אדג' ג'ל כתום לעור רגיש 198גרם,המאפיה של הרמן,US,אדג ג'ל גילוח לעור רגיש עם אלוורה 200 מל,מיליליטרים,200.00,"100 מ""ל",false,1,17.90,8.9500,true,1,6183
7290000560557,false,אדג ג'ל תכלת לרכוך העור 198 ג',אס.סי ג'ונסון ובניו,US,"ג""ל גילוח אדג ריכוך עור 200 מ""ל",מיליליטרים,200.00,"100 מ""ל",false,1,17.90,8.9500,true,1,6184
7290000572208,false,חלבה חטיף וניל אחווה 100ג',שוורצקוף& הנקל דיסלד,IL,אחוה חלוה בטעם וניל 100 גרם,גרמים,100.00,100 גרם,false,1,2.90,2.9000,true,1,6249
7290000574035,false,לחם אחיד פרוס 750ג' דגנית עין בר,יוניליוור גרמניה Gm,IL,לחם אחיד פרוס -דגנית,גרמים,750.00,100 גרם,false,1,7.91,1.0547,true,1,6307
7290000574141,false,לחם חיטה מלא 750ג' דגנית עין בר,דגנית עין בר תעשיות,IL,לחם חיטה מלא 750 גרם,גרמים,750.00,100 גרם,false,1,13.90,1.8533,true,1,41821
7290000574165,false,חלה מעודנת פרוסה 500,מולינו ניקולי s.p.a,IL,חלה מעודנת פרוסה 500 גרם,גרמים,500.00,100 גרם,false,1,8.90,1.7800,true,1,6313
7290000574172,false,לחם קל מחיטה מלאה 750 ג' דגנית עין בר,יוניליוור גרמניה Gm,IL,לחם קל מחיטה מלאה 750 גרם,גרמים,750.00,100 גרם,false,1,14.90,1.9867,true,1,56196
7290000591742,false,קמח מצה לבן כשר לפסח,אם החיטה,,קמח מצה לבן כשר לפסח 500 גרם,גרמים,500.00,100 גרם,false,1,7.90,1.5800,true,1,6537
7290000604039,false,ביצים 12 יח רגיל בינוני M תנובה,יושלם,,ביצים ארוזות M 1/12,Unknown,0.00,Unknown,false,1,11.15,0.0000,true,1,49301
7290000644783,false,נתחי פילה סלמון בואק,X MAK,IL,"נתחי פילה סלמון בואקום לק""ג",קילוגרמים,1.00,"ק""ג",true,,109.00,109.0000,true,1,70931
7290000652542,false,פילה אמנון קפוא 5-7,,CN,פילה אמנון קפוא 5-7 100% דג לקג,קילוגרמים,1.00,"ק""ג",true,,38.00,38.0000,true,1,126693
7290000655376,false,פילה דניס קפוא 100%,,TR,פילה דניס קפוא 100% דג,קילוגרמים,1.00,"ק""ג",true,,89.00,89.0000,true,1,113501
7290000663036,false,פילה אמנון קפוא ללא עור 100% דג תנובה,תנובה,IL,"פילה אמנון ללא עור 100% דג לק""ג",קילוגרמים,1.00,"ק""ג",true,,38.00,38.0000,true,1,130929
7290000663135,false,קוביות סלמון 100% דג קפוא 300 גרם,תנובה,IL,קוביות סלמון קפוא 100% דג 300גרם,גרמים,300.00,100 גרם,false,1,36.00,12.0000,true,1,138015
7290000688084,false,מי עדן בקבוק ספורט 5,מופק ממקור בזלתי עדן,IL,"מי עדן בקבוק ספורט 500 מ""ל",מיליליטרים,500.00,"100 מ""ל",false,1,3.90,0.7800,true,1,7613
7290000688381,false,שישיית מי עדן פקק ספורט 0.5 ליטר,"מי עדן בע""מ",IL,"מי עדן בקבוק אישי שישייה 500 מ""ל",ליטרים,3.00,ליטר,false,1,12.90,4.3000,true,1,7617
7290000692203,false,אגקס נוזל לניקוי כללי 2 ל',הנסיך- מפעל לייצור ט,GR,אג'קס נוזל לניקוי כללי ורצפות בניחוח לימון 2 ליטר,ליטרים,2.00,ליטר,false,1,22.90,11.4500,true,1,7704
7290000692210,false,אג'קס ניקוי כללי לוונדר 2ל',הנסיך- מפעל לייצור ט,GR,אג'קס נוזל לניקוי כללי ורצפות בניחוח לבנדר 2 ליטר,ליטרים,2.00,ליטר,false,1,22.90,11.4500,true,1,7705
7290000692227,false,נוזל כלים פלמוליב צילינדר קלאסי 1 ליטר,יבואן ומשווק: ש. שסט,GR,פלמוליב נוזל לניקוי כלים קלאסי 1 ליטר,ליטרים,1.00,ליטר,false,1,13.90,13.9000,true,1,7707
7290000849478,false,"סרקל מרכך שיער לילדים 500 מ""ל",פישר מעבדות פרמצבטיו,IL,"סרקל מרכך שיער לילדים 500 מ""ל",מיליליטרים,500.00,"100 מ""ל",false,1,15.90,3.1800,true,1,10353
7290000993560,false,עגבניות שרי שוקו \מנומר 500ג' ארוז,רון שרי,IL,עגבניות שרי שוקו לב 500 גרם,גרמים,500.00,100 גרם,false,1,14.90,2.9800,true,1,120040
7290001041123,false,שקד מולבן פרוס 100 גר' מיה,מיה,IL,שקדים מולבנים פרוסים מיה 100 גרם,גרמים,100.00,100 גרם,false,1,11.90,11.9000,true,1,142181
7290001045633,false,"פרימור משקה לימונים ונענע 400מ""ל",גניר,IL,פרימור משקה קל לימונים ונענע 400 מל,מיליליטרים,400.00,"100 מ""ל",false,1,8.50,2.1250,true,1,13335
7290001045657,false,"פרימור סחוט תפוחים צלול 400 מ""ל",גניר,IL,פרימור מיץ תפוחים 100% מיץ צלול מיוצר מרכז 400 מל,מיליליטרים,400.00,"100 מ""ל",false,1,8.50,2.1250,true,1,12167
7290001045688,false,"תפוזים סחוט 400 מ""ל פרימור",גניר,IL,פרימור מיץ תפוזים סחוט 400 מל,מיליליטרים,400.00,"100 מ""ל",false,1,8.50,2.1250,true,1,13332
7290001136287,false,"נקה 7 שמפו לשיער רגיל 750 מ""ל","קוסמופארם בעמ, ח.פ 5",IL,נקה 7 שמפו לשיער רגיל ירוק,מיליליטרים,750.00,"100 מ""ל",false,1,11.90,1.5867,true,1,208
7290001201589,false,ביצים אריזון 12 גדול,,,ביצים ארוזות12 יח L,לא מנהל יחידת מידה,0.00,לא מנהל יחידת מידה,false,1,12.05,0.0000,true,1,130967
7290001201596,false,ביצים אריזון 12 בינוני,,,ביצים ארוזות12 יח M,לא מנהל יחידת מידה,0.00,לא מנהל יחידת מידה,false,1,11.15,0.0000,true,1,130968
7290001216040,false,טחינה 500 גרם טחינת אל-ארז,דולפין ספא,IL,טחינת אל ארז 500 גרם,גרמים,500.00,100 גרם,false,1,16.90,3.3800,true,1,62607
7290001230234,false,סיגריות כאמל סופט חפ,גיי טי אינטרנשיונל,,סיגריות כאמל סופט חפיסה בודד,יחידה,0.00,יחידה,false,1,32.00,0.0000,false,1,14555
7290001230331,false,סיגריות כאמל בוקס חפ,JTI,,סיגריות כאמל בוקס חפיסה בודד,יחידה,0.00,יחידה,false,1,32.00,0.0000,false,1,14556
7290001230739,false,כאמל קופסא בודדת כחו,JTI,,סיגריות כאמל כחול חפיסה בודד,יחידה,0.00,יחידה,false,1,32.00,0.0000,false,1,20118
7290001231233,false,סיגריות וינסטון בוקס,JTI,,סיגריות וינסטון בוקס חפיסה בודד,Unknown,0.00,Unknown,false,1,34.30,0.0000,false,1,14544
7290001231932,false,ווינסטון כחול בוקס חפיסה,JTI,,סיגריות וינסטון כחול בוקס חפיסה בודד,לא מנהל יחידת מידה,0.00,לא מנהל יחידת מידה,false,1,34.30,0.0000,false,1,14545
7290001235938,false,סיגריות וינסטון כחול,JTI,,סיגריות וינסטון כחול 100 חפיסה בודד,לא מנהל יחידת מידה,0.00,לא מנהל יחידת מידה,false,1,34.30,0.0000,false,1,48072
7290001247082,false,קרטונית נקטר ספרינג עגבניות 1 ליטר,"יפאורה תבורי בע""מ",IL,ספרינג קרטוניות עגבניות 1 ל',ליטרים,1.00,ליטר,false,1,8.90,8.9000,true,1,363
7290001247143,false,נקטר ספרינג תפוחים קרטונית 1 ל',"יפאורה תבורי בע""מ",IL,ספרינג קרטוניות תפוחים 1 ל',ליטרים,1.00,ליטר,false,1,8.90,8.9000,true,1,369
7290001302279,false,אוסם - במבה קלאסי 60 גרם,מיוצר עי קונדיטוריית,IL,במבה קלאסי כלפ.48*60גרם,גרמים,60.00,100 גרם,false,1,4.90,8.1667,true,1,100173
7290001305188,false,פלמוליב כלים שקוף לימון 750 בקבוק חדש,יבואן ומשווק: ש. שסט,GR,פלמוליב נוזל לניקוי כלים בריח לימון (כתום) 750 מל,מיליליטרים,750.00,"100 מ""ל",false,1,11.90,1.5867,true,1,441
7290001338315,false,סקין גארד ילדיםSPF34,מיוצר עי : אמיליה קו,IL,"סקין גארד תחליב הגנה לילדים SPF30 250 מ""ל",מיליליטרים,250.00,"100 מ""ל",false,1,59.40,23.7600,true,1,77396
7290001407813,false,חלבה שאמית פיסטוק בקטנה בארכה 350ג',רושדי תעשיות מזון בע,IL,בארכה חלבה שאמית וניל עם פסטק.כלפ8*350ג,גרמים,350.00,100 גרם,false,1,15.90,4.5429,true,1,38297
7290001419618,false,וופל בלגי עלמה שחור לבן וניל 200ג',גילרו,,ופלים בלגי שוקולד עלמה 200 גרם,גרמים,200.00,100 גרם,false,1,3.90,1.9500,true,1,68219
7290001419779,false,וופל שוקו' עלמה קלאסי 200 גר,"גילרו בע""מ",,ופלים שוקולד עלמה 200 גרם,גרמים,200.00,100 גרם,false,1,3.90,1.9500,true,1,36902
7290001419892,false,וופל קלאסי לימון 200 ג' עלמה,"גילרו בע""מ",,ופלים לימון עלמה 200 גרם,גרמים,200.00,100 גרם,false,1,3.90,1.9500,true,1,49307
7290001509272,false,שוקיים פטם פרימיום ק,מילועוף,,"שוקיים פטם פרימיום קפוא ארוז לק""ג",קילוגרמים,1.00,"ק""ג",true,,35.90,35.9000,true,1,127023
7290001509319,false,כנפיים פטם פרימיום ק,מילועוף,,"כנפיים פטם פרימיום קפוא ארוז לק""ג",קילוגרמים,1.00,"ק""ג",true,,20.90,20.9000,true,1,126980
7290001516522,false,שוארמה פטם פרימיום ק,מילועוף,,"שוארמה פטם פרימיום קפוא ארוז לק""ג",קילוגרמים,1.00,"ק""ג",true,,75.00,75.0000,true,1,126987
7290001594025,false,"קוקה קולה זכוכית 350 מ""ל",החברה המרכזית לייצור,IL,"קוקה קולה קלאסי 350 מ""ל",מיליליטרים,330.00,"100 מ""ל",false,1,7.00,2.1212,true,1,20502
7290001594155,false,קוקה קולה בקבוק 500,החברה המרכזית לייצור,IL,"קוקה קולה 500 מ""ל",מיליליטרים,500.00,"100 מ""ל",false,1,7.50,1.5000,true,1,783
7290001594179,false,פאנטה אורנג בקבוק 50,החברה המרכזית לייצור,IL,"פאנטה אורנג' 500 מ""ל",מיליליטרים,500.00,"100 מ""ל",false,1,7.50,1.5000,true,1,785
7290001594230,false,"קינלי סודה בקבוק 250 מ""ל",החברה המרכזית לייצור,IL,"קינלי סודה 250 מ""ל",מיליליטרים,250.00,"100 מ""ל",false,1,5.90,2.3600,true,1,788
7290001594377,false,פריגת משקה תפוזים 50,מבשלות בירה בינלאומי,IL,פריגת משקה קל תפוזים 500 מל,מיליליטרים,500.00,"100 מ""ל",false,1,7.90,1.5800,true,1,789
7290001594384,false,"פריגת אשכוליות 500 מ""ל",מבשלות בירה בינלאומי,IL,"פריגת משק""ל אשכוליות 0.5 ליטר",מיליליטרים,500.00,"100 מ""ל",false,1,7.90,1.5800,true,1,790
7290001594391,false,משקל פריגת ענבים 500,מבשלות בירה בינלאומי,IL,משקה קל פירות ענבים תפוחים 500 מל,מיליליטרים,500.00,"100 מ""ל",false,1,7.90,1.5800,true,1,791
7290001594520,false,"בירה טובורג בקבוק 330מ""ל",מבשלות בירה בינלאומי,IL,"טובורג בק 330 מ""ל פקדון",מיליליטרים,330.00,"100 מ""ל",false,1,9.50,2.8788,true,1,12253
7290001594568,false,"בירה קרלסברג פחית 500 מ""ל",יונייטד רומניאן ברוו,RO,קלסברג בירה 500 מל,מיליליטרים,500.00,"100 מ""ל",false,1,9.90,1.9800,true,1,794
7290001594575,false,"בירה טובורג פחית 500 מ""ל",מבשלות בירה בינלאומי,IL,"טובורג רד פחית 500 מ""ל",מיליליטרים,500.00,"100 מ""ל",false,1,9.90,1.9800,true,1,795
7290001670057,false,כפיות חד פעמי 100 יח,הנמל אריזות ושיווק ב,IL,הנמל כפיות לבן 100 יחידות,Unknown,0.00,Unknown,false,1,12.90,0.0000,true,1,17838
7290001670071,false,כפות חד פעמי לבן 100 יח',הנמל אריזות ושיווק ב,IL,הנמל כפות לבן 100 יחידות,Unknown,0.00,Unknown,false,1,15.90,0.0000,true,1,12949
7290001670873,false,"צלחות גדולות לבנות קשיח ח""פ הנמל 66יח'",הנמל אריזות ושיווק ב,IL,צלחות עבות במיוחד 66 יחידות,קילוגרמים,1.00,"ק""ג",false,1,54.90,54.9000,true,1,12950
7290001710111,false,נקניקיות מרגז 500 גר,לאטי עזרא גלם ודגים,,נקניקיות מרגז 500 גר,גרמים,500.00,100 גרם,false,1,26.90,5.3800,true,1,78496
7290001710128,false,נקניקיות צוריסוס 500,מעדני הטלה,,"נקניקיות צ""וריסוס 500 גר",גרמים,500.00,100 גרם,false,1,26.90,5.3800,true,1,78451
7290001710548,false,כנפיים עוף קפוא לקג,לאטי עזרא,,כנפיים עוף קפוא לקג,קילוגרמים,1.00,"ק""ג",true,,12.90,12.9000,true,1,82967
7290001710814,false,טחון בקר 500 גר,מעדני הטלה,,"טחון בקר 500 גר """,גרמים,500.00,100 גרם,false,1,26.90,5.3800,true,1,78772
7290001713105,false,עלמה נייר אפייה 42*37 50 יח',קומפלקס כימיקלים,IL,עלמה נייר אפייה 50 יחידות,יחידה,50.00,יחידה,false,1,8.90,0.1780,true,1,141341
7290001713242,false,עלמה שקיות אשפה 25 יחידות 75*90 עם ידית,אסיר פלסט,TR,עלמה שקיות אשפה 25 יחידות 75 90 עם ידית,יחידה,25.00,יחידה,false,1,12.90,0.5160,true,1,141347
7290001713501,false,"רדיד אלומיניום עלמה עבה 45 ס""מ 50 מ' סנט מוריץ",קומפלקס כימיקלים,IL,עלמה רדיד אלומיניום עלמה עבה 45 סמ 50 מ,יחידה,1.00,יחידה,false,1,38.90,38.9000,true,1,141558
7290001713662,false,מרכך כביסה pure בניחוח מלון רויאל 1 ל' סנט מוריץ,טרסאן,TR,מרכך כביסה מרוכז בניחוח בית מלון רויאל 1,ליטרים,1.00,ליטר,false,1,11.90,11.9000,true,1,141351
7290001713860,false,PURE מרכך כביסה בניחוח מלון ספא 1 ליטר,טרסאן,TR,מרכך כביסה מרוכז בניחוח בית מלון ספא 1 ל,ליטרים,1.00,ליטר,false,1,11.90,11.9000,true,1,141354
7290001713891,false,עלמה מיקרופייבר חמישייה לניקוי חמישייה סנט מוריץ,קומפלקס כימיקלים,CN,עלמה מיקרופייבר לניקוי שיש חמישייה,יחידה,5.00,יחידה,false,1,9.90,1.9800,true,1,141356
7290001713921,false,אקונומיקה bleach מבושמת 4 ל' סנט מוריץ,קומפלקס כימיקלים,IL,אקונומיקה מבושמת סנט מוריץ 4 ליטר,ליטרים,4.00,ליטר,false,1,11.90,2.9750,true,1,141358
7290001713938,false,ניילון נצמד 150 מטר קומפלקס,קומפלקס כימיקלים,IL,עלמה ניילון נצמד 150 מטר,מטרים,150.00,מטר,false,1,18.90,0.1260,true,1,141559
7290001780800,false,שלגון קראנץ ליבת נוגט שוקולד,נגה גלידות,,שלגון קראנץ ליבת נוגט,Unknown,0.00,Unknown,false,1,10.50,0.0000,true,1,22340
7290001791349,false,אקונומיקה פסגה ריחנית 4ליטר,"סנו מפעלי ברונוס בע""",IL,אקונומיקה ריחנית פיסגה 4 ליטר,ליטרים,4.00,ליטר,false,1,11.90,2.9750,true,1,42106
7290001817728,false,צ'יטוס חטיף כאפה קטשופ 55 גרם,"שטראוס פריטו ליי בע""",IL,"חטיף צ""יטוס כאפה 55 גר",גרמים,55.00,100 גרם,false,1,3.90,7.0909,true,1,957
7290001902301,false,חלה מתוקה קלועה,"גידרון תעשיות בע""מ",,חלה מתוקה קלועה,גרמים,560.00,100 גרם,false,1,11.90,2.1250,true,1,15103
7290001990094,false,"סוכר חום כהה צנצנת קלאסי סוגת 1ק""ג",האי נאם סי או אל.טי.,IL,"סוכר חום בצנצנת סוגת 1 ק""ג",קילוגרמים,1.00,"ק""ג",false,1,15.90,15.9000,true,1,16316
7290001990117,false,שומשום סוגת 100 גרם,האי נאם סי או אל.טי.,IL,שומשום 100 גר',גרמים,100.00,100 גרם,false,1,4.20,4.2000,true,1,41844
7290001990278,false,"שעועית לבנה סוגת 1 ק""ג",סוגת,,שעועית לבנה 1 קג,קילוגרמים,1.00,"ק""ג",false,1,18.90,18.9000,true,1,138020
7290002000143,false,"חדש -פנג'ל ק.ידיים קלאסיק 80מ""ל",מיוצר עי קונדיטוריית,IL,פנג'ל קרם ידיים קלאסיק 80 מל,מיליליטרים,80.00,"100 מ""ל",false,1,8.80,11.0000,true,1,1147
7290002002635,false,מגע המשי שעווה לפנים 80גר,"ש. שוורץ (ב""ש) בע""מ",IL,שעווה מגע משי הדבש -לפנים,גרמים,80.00,100 גרם,false,1,15.90,19.8750,true,1,1172
7290002007234,false,אבקת סוכר 100 ג' הנמל,"מיוצר וארוז ע""י: ר.ס",IL,הנמל אבקת סוכר 100 גרם,גרמים,100.00,100 גרם,false,1,2.20,2.2000,true,1,1181
7290002007852,false,"תמצית אפייה בטעמים שונים 55 מ""ל הנמל",ממתקי עלה יצור ושיוו,IL,הנמל תמצית בטעם וניל 55 מל,מיליליטרים,55.00,"100 מ""ל",false,1,3.50,6.3636,true,1,1190
7290002007890,false,כוס חד פעמי הנמל 100 יח',,IL,כוס שתיה קרה 100 יח,יחידה,100.00,יחידה,false,1,11.90,0.1190,true,1,1192
7290002007982,false,מזלגות חד פעמי 100 י,הנמל אריזות ושיווק ב,IL,"הנמל מזלגות, 100 יחידות",Unknown,0.00,Unknown,false,1,15.90,0.0000,true,1,12959
7290002008040,false,"שיפודים עץ 30 ס""מ הנמל 100יח'",הנמל אריזות ושיווק ב,IL,הנמל שיפודי במבוק 100 יחידות,Unknown,0.00,Unknown,false,1,4.50,0.0000,true,1,1194
7290002008071,false,עטרות חום 2 הנמל 130יח',הנמל אריזות ושיווק ב,IL,הנמל עטרות נייר אפייה מספר 2 130 יחידות,לא מנהל יחידת מידה,0.00,לא מנהל יחידת מידה,false,1,4.90,0.0000,true,1,1196
7290002008149,false,מדליק פחם מוצק הנמל אריזת 40יח',"איטיליאן פוד, אס.פי.",,"הנמל מדליק פחם מוצק, 40 יחידות",Unknown,0.00,Unknown,false,1,7.90,0.0000,true,1,1198
7290002008187,false,קשים לשתיה מתקפלים 40 יח',"איטיליאן פוד, אס.פי.",CN,קשים מתקפלים לשתיה 40 יח,לא מנהל יחידת מידה,0.00,לא מנהל יחידת מידה,false,1,1.90,0.0000,true,1,1199
7290002008224,false,סוכריות לקישוט צבעונית הנמל 100 ג',ממתקי עלה בעמ,IL,סוכריות לקישוט צבעוני 100 גרם,גרמים,100.00,100 גרם,false,1,5.50,5.5000,true,1,1201
7290002008309,false,עטרות נייר חום לעוגה מס' 4 הנמל 130יח',הנמל אריזות ושיווק ב,IL,"הנמל עטרות נייר אפייה מספר 4 , 130 יח'",לא מנהל יחידת מידה,0.00,לא מנהל יחידת מידה,false,1,5.90,0.0000,true,1,1203
7290002008361,false,דפים לסנדויץ 200 יחי,הנמל אריזות ושיווק (,IL,הנמל דפים לסנדוויץ 200 יחידות,יחידה,200.00,יחידה,false,1,13.90,0.0695,true,1,79704
7290002008507,false,נייר אפייה 50 יח' הנמל,הנמל אריזות ושיווק ב,IL,הנמל נייר אפייה 50 יח,לא מנהל יחידת מידה,0.00,לא מנהל יחידת מידה,false,1,10.90,0.0000,true,1,16445
7290002008743,false,סוכר וניל 10*10 ג' הנמל,"מיוצר וארוז ע""י: ר.ס",IL,הנמל סוכר וניל 10 יחידות,גרמים,100.00,100 גרם,false,1,3.00,3.0000,true,1,1210
7290002008750,false,אבקת אפיה הנמל מארז 10X10 ג',"מיוצר ע""י:ר.ס. חברה",IL,הנמל אבקת אפיה 10 יחידות,גרמים,100.00,100 גרם,false,1,2.90,2.9000,true,1,1211
7290002019787,false,רוטב עגבניות מרוכז מאוד 260 גרם פריניר,פריניר ( הדס 1987) ב,IL,רוטב עגבניות מרוכז,גרמים,260.00,100 גרם,false,1,4.90,1.8846,true,1,1246
7290002019794,false,רוטב עגבניות מרוכז מאוד 100 גרם פריניר,פריניר ( הדס 1987) ב,IL,רסק עגבניות 22% פרי ניר 100 גרם,גרמים,100.00,100 גרם,false,1,2.50,2.5000,true,1,1247
7290002020189,false,מיני סופגניה עם מילו,"גידרון תעשיות בע""מ",,מיני סופגניה עם מילוי ריבה 40 גרם,גרמים,40.00,100 גרם,false,1,2.90,7.2500,true,1,49594
7290002020981,false,סופגניה מיני ללא ריב,"גידרון תעשיות בע""מ",,מיני סופגניה ללא ריבה כ 40 גר,גרמים,40.00,100 גרם,false,1,2.90,7.2500,true,1,60106
7290002026303,false,גלידה שורטי דולצה דה,מוצרי איכות אמריקאיי,IL,"דולצ'ה דה לצ'ה 150 מ""ל - שורטי",מיליליטרים,150.00,"100 מ""ל",false,1,10.90,7.2667,true,1,1254
7290002043065,false,פריכיות אורז חום מלא בציפוי שוקולד מריר בלגי 70 ג',נוהלס,BG,פריכוני אורז חום מלא בציפוי שוקו מריר70ג,גרמים,70.00,100 גרם,false,1,7.90,11.2857,true,1,129713
7290002043218,false,ציפס אורז חום מלא מלח אקסטרא 60 ג',נוהלס,BG,ציפס אורז חום מלא מלח 60גרם,גרמים,60.00,100 גרם,false,1,5.90,9.8333,true,1,129711
7290002043782,false,ציפס אורז חום מלא טקסס ברביקיו אקסטרא 60 ג',נוהלס,BG,ציפס אורז חום מלא טקסס ברביקיו 60גרם,גרמים,60.00,100 גרם,false,1,5.90,9.8333,true,1,129710
7290002057048,false,זיתים סורי מבוקע A2 יבנה 560ג',קדבורי,IL,זית סורי מבוקע - A2יבנה ח,גרמים,540.00,100 גרם,false,1,11.50,2.1296,true,1,1332
7290002057123,false,זיתים ירוקים חרוזית מנזנילו A-2,קדבורי,IL,זיתים ירוקים מנזנילו ללא גלעין 540 יבנה,גרמים,540.00,100 גרם,false,1,9.50,1.7593,true,1,1336
7290002057185,false,טבעות זיתים ירוקים 560 ג' יבנה,קדבורי,IL,טבעות זיתים ירוקים 540 גרם יבנה,גרמים,540.00,100 גרם,false,1,9.90,1.8333,true,1,1339
7290002057352,false,מלפפון במלח 7-9 560 ג' יבנה,אף.סי תבליני בגליל ב,IL,מלפפונים במלח גדול 7-9 540 גרם,גרמים,540.00,100 גרם,false,1,6.80,1.2593,true,1,1343
7290002057369,false,מלפפון במלח ‏12‏-‏10‏ 560 ג' יבנה,קדבורי,IL,מלפפונים במלח יבנה10-12 540 גרם,גרמים,540.00,100 גרם,false,1,8.50,1.5741,true,1,1344
7290002057376,false,מלפפון במלח ‏17‏-‏13‏ 560 ג' יבנה,קבוצת יבנה,IL,13-17 מלפפונים במלח קטן,גרמים,540.00,100 גרם,false,1,10.90,2.0185,true,1,1345
7290002057383,false,מלפפון במלח ‏25‏-‏18‏ 560 ג' יבנה,קדבורי,IL,מלפפונים במלח קטן 18-25 540 גרם,גרמים,540.00,100 גרם,false,1,12.30,2.2778,true,1,1346
7290002057437,false,שיפקונית קבוצת יבנה,קבוצת יבנה,IL,2Aשיפקונית יבנה 540גרם,גרמים,540.00,100 גרם,false,1,10.90,2.0185,true,1,138035
7290002057451,false,מלפפון בחומץ ‏9‏-‏7‏ %‏20‏ 560 ג' יבנה,אף.סי תבליני בגליל ב,IL,מלפפונים בחומץ גדול 7-9 540 גרם,גרמים,540.00,100 גרם,false,1,6.80,1.2593,true,1,1348
7290002057468,false,מלפפון חומץ ‏12‏-‏10‏ 560 ג' יבנה,קדבורי,IL,מלפפונים בחומץ יבנה10-12 540 גרם,גרמים,540.00,100 גרם,false,1,8.50,1.5741,true,1,15288
7290002128083,false,נרות חנוכה בקופסא 44,,,נרות חנוכה בקופסא 44 יחידות,יחידה,1.00,יחידה,false,1,7.90,7.9000,true,1,118212
7290002128335,false,כוסות שתייה חמה50 יח,טיי פרידה,CN,כוסות שתייה חמה50 יח OZ8,יחידה,1.00,יחידה,false,1,13.90,13.9000,true,1,127781
7290002128403,false,נרות שבת אורה מספר 4,מנורה,IL,נרות שבת אורה מספר 4,יחידה,1.00,יחידה,false,1,3.90,3.9000,true,1,111759
7290002128854,false,כוסות לשתיה חמה (12,טיי פרידה,IL,"כוסות לשתיה חמה (12 יח) 340 מ""ל",יחידה,1.00,יחידה,false,1,21.90,21.9000,true,1,128796
7290002130567,false,דבש טהור מפרחי בר 350 ג' יד מרדכי,מכוורת יד מרדכי שטרא,IL,דבש דבורים טהור יד מרדכי 350 גרם,גרמים,350.00,100 גרם,false,1,19.90,5.6857,true,1,1514
7290002130574,false,דבש טהור מפרחי בר בזכוכית 500 ג' יד מרדכי,מכוורת יד מרדכי שטרא,IL,דבש דבורים טהור 500 גרם,גרמים,500.00,100 גרם,false,1,26.60,5.3200,true,1,1515
7290002132011,false,עבאדי עוגיות מזרחיות 400 גרם,מאפיית יוסף ושמחה עב,IL,"עבאדי עוגיות מזרחיות שומשום, 400 גרם",גרמים,400.00,100 גרם,false,1,19.90,4.9750,true,1,1518
7290002193197,false,מסרק לכינים שיני מתכ,פרגון,,מסרק לכינים שיני מתכת,Unknown,0.00,Unknown,false,1,10.00,0.0000,true,1,69609
7290002232964,false,דגש ציפוי פז טחון דק,תירפז בעמ,IL,ציפוי פז ללא גלוטן 600גרם,גרמים,600.00,100 גרם,false,1,27.90,4.6500,true,1,74600
7290002253006,false,שום כתוש בצנצנת 200 גר דורות,דורות,IL,דורות שום כתוש טרי2 12*200גרם,גרמים,200.00,100 גרם,false,1,19.90,9.9500,true,1,1693
7290002253105,false,מגשית קוביות שום טרי דורות 80 ג',דורות,IL,שום כתוש מגשית 80 גרם,גרמים,80.00,100 גרם,false,1,12.90,16.1250,true,1,1694
7290002281382,false,נתח פילה סלמון קפוא,דלידג,,נתח פילה סלמון קפוא 100% דג,קילוגרמים,1.00,"ק""ג",true,,89.90,89.9000,true,1,120885
7290002317289,false,חצילים כבושים מוטול,מוטולה,IL,חצילים כבושים מוטולה 320גרם,גרמים,320.00,100 גרם,false,1,8.90,2.7813,true,1,142627
7290002319061,false,קוקוס טחון מיה 100,מיה,IL,קוקוס טחון מיה 100 גרם,גרמים,100.00,100 גרם,false,1,3.90,3.9000,true,1,97112
7290002319191,false,עדשים ירוקים יבשים מיה 500 גר',מיה,IL,עדשים ירוקות מיה 500 גרם,גרמים,500.00,100 גרם,false,1,6.90,1.3800,true,1,142158
7290002319788,false,"תמצית אפיה רום 50 מ""ל מיה",מיה,IL,תמצית אפיה רום מיה 50מל,מיליליטרים,50.00,"100 מ""ל",false,1,3.90,7.8000,true,1,142130
7290002331018,false,"נביעות מים עם פקק ספורט 500מ""ל",נביעות טבע הגליל בעמ,IL,נביעות 500 פ.שטוח פיקדון,מיליליטרים,500.00,"100 מ""ל",false,1,3.90,0.7800,true,1,14375
7290002331025,false,"מים מינרלים נביעות ספורט 500 מ""ל פקדון",נביעות טבע הגליל בעמ,IL,נביעות 500 TO GO פקדון,מיליליטרים,500.00,"100 מ""ל",false,1,3.90,0.7800,true,1,1841
7290002331124,false,מים נביעות בטעם תפוח 0.5 ליטר,נביעות טבע הגליל בעמ,IL,נביעות+ בטעם תפוח 500 מל,מיליליטרים,500.00,"100 מ""ל",false,1,8.90,1.7800,true,1,33899
7290002331155,false,מים נביעות בטעם אפרסק 0.5 ליטר,נביעות טבע הגליל בעמ,IL,"נביעות + בטעם אפרסק 500 מ""ל",מיליליטרים,500.00,"100 מ""ל",false,1,8.90,1.7800,true,1,33900
7290002331360,false,"נביעות מים מינרליים טו גו מארז 500X6מ""ל",נביעות,IL,"מים נביעות TO GO שישייה בקבוק 500 מ""ל",ליטרים,3.00,ליטר,false,1,15.90,5.3000,true,1,1847
7290002331483,false,שישיית מים נביעות בייב 330 מל,נביעות טבע הגליל בעמ,IL,נביעות בייבי מים מינרליים טבעיים 1.92 ליטר,ליטרים,1.92,ליטר,false,1,13.90,7.2396,true,1,95457
7290002331490,false,מים מינרלים נביעות 1 ליטר,נביעות טבע הגליל בעמ,IL,נביעות 1 ליטר,ליטרים,1.00,ליטר,false,1,4.90,4.9000,true,1,97722
7290002331711,false,מים נביעות בטעם ענבים 0.5 ליטר,נביעות טבע הגליל בעמ,IL,"נביעות + בטעם ענבים 500 מ""ל",מיליליטרים,500.00,"100 מ""ל",false,1,8.90,1.7800,true,1,43071
7290002345022,false,אנטריקוט דק דק אל גאצ'ו 250ג' מינוט,"טיבון ויל אחזקות בע""",IL,אל גאוצ'ו מינוט סטייק אנטריקוטדקדק 250 גרם,גרמים,250.00,100 גרם,false,1,26.90,10.7600,true,1,115990
7290002348061,false,פטריות שמפניון חתוכות 385 ג' וליגיר,גריניארד פריפרד,NL,פטריות חתוכות ויליגר400גר,גרמים,400.00,100 גרם,false,1,5.90,1.4750,true,1,1879
7290002348139,false,ארטישוק תחתיות 210 ג' ויליגר,האי נאם סי או אל.טי.,EG,ויליגר תחתיות ארטישוק במי מלח 390 גרם,גרמים,400.00,100 גרם,false,1,9.90,2.4750,true,1,1880
7290002360285,false,תה פומפדור חליטת צמחים קמומיל 20 שק,טיקנה,DE,פומפדור חליטת צמחים קמומיל 20 יחידות,גרמים,30.00,100 גרם,false,1,16.90,56.3333,true,1,1923
7290002371526,false,סלסולי פסטרמה שום וצילי 120 גר טירת צבי,הנסיך- מפעל לייצור ט,IL,"דקניקים, סלסולי פסטרמה שום וצי'לי פיקנטי 120 גרם",גרמים,120.00,100 גרם,false,1,15.90,13.2500,true,1,95373
7290002371533,false,דקניקים סלסולי פסטרמה בדבש 120 ג' טירת צבי,הנסיך- מפעל לייצור ט,IL,סלסולי פסטרמה דבש 120 גרם,גרמים,120.00,100 גרם,false,1,15.90,13.2500,true,1,95374
7290002371854,false,"נקניקיות עוף מתובלות 1 ק""ג טירת צבי",הנסיך- מפעל לייצור ט,IL,נקנקיות עוף חריפות1ק''ג,קילוגרמים,1.00,"ק""ג",false,1,33.90,33.9000,true,1,48228
7290002371939,false,סרוולד בסגנון צרפתי דליקטיב 120 גרם,הנסיך- מפעל לייצור ט,IL,סרוולד צרפתי 120 גרם,גרמים,120.00,100 גרם,false,1,26.90,22.4167,true,1,47964
7290002410713,false,קישקע 500 גרם קפוא,לאטי עזרא גלם ודגים,,קישקע 500 גר,גרמים,500.00,100 גרם,false,1,11.90,2.3800,true,1,52226
7290002461180,false,כרעיים עוף ארוז,מעדני הטלה והעגל,,כרעיים עוף ארוז קג,קילוגרמים,1.00,"ק""ג",true,,32.90,32.9000,true,1,82969
7290002472667,false,עוגת שמרים גבינה,"גידרון תעשיות בע""מ",,עוגת שמרים גבינה,גרמים,520.00,100 גרם,false,1,21.90,4.2115,true,1,14581
7290002507604,false,פיצת השף מאיטליה 320 גר',האי נאם סי או אל.טי.,IT,פיצת השף שגב 320גרם,יחידה,1.00,יחידה,false,1,16.90,16.9000,true,1,118879
7290002517269,false,תבלין פלפל שחור שלם 35ג',תות ממתקי איכות,IL,תבליני טעם וריח פלפל שחור שלם 35 גרם,גרמים,35.00,100 גרם,false,1,9.90,28.2857,true,1,42112
7290002517283,false,תבלין פלפל שחור גרוס 40 גר' מיכל,תות ממתקי איכות,IL,תבליני טעם וריח מיכל פלפל שחור גרוס 40 גרם,גרמים,40.00,100 גרם,false,1,9.90,24.7500,true,1,41835
7290002517337,false,תבלין אורגנו עלים 20 גר',תות ממתקי איכות,IL,תבליני טעם וריח 100% אורגנו 20 גרם,גרמים,20.00,100 גרם,false,1,5.90,29.5000,true,1,40205
7290002517375,false,תבלין בזיליקום 30 גר' שק',תות ממתקי איכות,IL,"תבליני טעם וריח, 100% בזיליקום (ריחן), 30 גרם",גרמים,30.00,100 גרם,false,1,5.90,19.6667,true,1,42114
7290002517634,false,תבלין כוסברה 30ג',תות ממתקי איכות,IL,תבליני טעם וריח כוסברה 30 גרם,גרמים,30.00,100 גרם,false,1,6.90,23.0000,true,1,40776
7290002517726,false,תבלין מקלות קינמון 15ג',תות ממתקי איכות,IL,תבליני טעם וריח מקלות קינמון 100%,גרמים,15.00,100 גרם,false,1,6.90,46.0000,true,1,40785
7290002517733,false,תבלין קצח טעם וריח 4,תות ממתקי איכות,IL,"תבליני טעם וריח, 100% קצח, 40 גרם",גרמים,40.00,100 גרם,false,1,6.90,17.2500,true,1,40786
7290002517863,false,תבלין ציפורן טחון 80ג',תות ממתקי איכות,IL,"תבליני טעם וריח, ציפורן טחון 100%, 40 גרם",גרמים,40.00,100 גרם,false,1,9.90,24.7500,true,1,40799
7290002542506,false,"בירה קורונה בקבוק 355מ""ל",קריניציה ויטמינה אס,MX,בירה קורונה אקסטרה 355 מל,מיליליטרים,355.00,"100 מ""ל",false,1,10.90,3.0704,true,1,69255
7290002542513,false,מכשיר איוד עם מטען,קילו אי-לקווידס,CN,מכשיר איוד עם מטען,יחידה,5.00,יחידה,false,1,90.00,18.0000,true,1,123472
7290002542773,false,"בירה סטלה ארטואה בקבוק 330 מ""ל",סטלה,BE,סטלה ארטואה בק 330 מל,מיליליטרים,330.00,"100 מ""ל",false,1,9.90,3.0000,true,1,129818
7290002542780,false,"שישייה בירה סטלה ארטואה בקבוק 330X6 מ""ל",סטלה,BE,סטלה ארטואה שישיה 6 בק*330 מל,ליטרים,1.32,ליטר,false,1,39.90,30.2273,true,1,129819
7290002543237,false,קלוגס קורן פלקס 750 גרם,קלוגס קומפני אוף גרי,IL,קלוגס קורנפלקס 750 גרם,גרמים,750.00,100 גרם,false,1,19.90,2.6533,true,1,2128
7290002551003,false,טונה בשמן בודד 160 ג' סטארקיסט,סטארקיסט,,טונה בשמן סטארקיסט 160 גרם,גרמים,160.00,100 גרם,false,1,8.50,5.3125,true,1,2136
7290002551010,false,טונה סטארקיסט במים 160 גרם,"סטארקיסט פודור בע""מ",TR,ס.ק טונה במים 160גרם-בי,גרמים,160.00,100 גרם,false,1,8.50,5.3125,true,1,2137
7290002577508,false,פילה דג הרינג מלוח בשמן ובצל דלידג 240 ג',מיוצר על ידי קוד יצר,IL,פילה דג הרינג מלוח בשמן ובצל דלידג 240גר,גרמים,240.00,100 גרם,false,1,25.90,10.7917,true,1,112628
7290002603498,false,שגב פיצת השף מאיטליה אנטיפסטי,האי נאם סי או אל.טי.,IT,שגב פיצת השף אנטיפסטי 220 גרם,גרמים,220.00,100 גרם,false,1,14.90,6.7727,true,1,117516
7290002627210,false,"גפילטעפיש קציצות מדגי קרפיון וכסיף 560 גר' בעל""ז",האי נאם סי או אל.טי.,IL,גפילטע פיש דלידג בצנצנת 560 גרם,גרמים,560.00,100 גרם,false,1,14.90,2.6607,true,1,125168
7290002657866,false,פילה אמנון קפוא דלידג,גואנדונג יוג'יה סיפו,,פילה אמנון דלידג,קילוגרמים,1.00,"ק""ג",true,,28.90,28.9000,true,1,94297
7290002692478,false,"שמן זית כתית מעולה 750מ""ל מעודן עץ הזית","מרקאולאו, ספרד.אבסה,",IT,"שמן זית כתית מעולה מעודן עץ הזית 750 מ""ל",מיליליטרים,750.00,"100 מ""ל",false,1,36.90,4.9200,true,1,32835
7290002730538,false,בלונס פדים להסרת איפור 80 יח',הנסיך- מפעל לייצור ט,GR,בלונס פדיות להסרת איפור 80 יחידות,לא מנהל יחידת מידה,0.00,לא מנהל יחידת מידה,false,1,10.80,0.0000,true,1,2284
7290002730675,false,"קולגייט משחת שיניים אדומה משפחתי 100 מ""ל",קולגייט פלמוליב,PL,"משחת שיניים קולגייט אדומה 100 מ""ל",מיליליטרים,100.00,"100 מ""ל",false,1,9.90,9.9000,true,1,2286
7290002730927,false,סבון מוצק פלמוליב חל,COLGATE ($) -PALMOLI,,סבון מוצק פלמוליב חלב ודבש רביעייה 400 ג,גרמים,400.00,100 גרם,false,1,18.90,4.7250,true,1,2291
7290002730958,false,פלמוליב סבון מוצק? ירוק זית רביעייה * 100 ג',הנסיך- מפעל לייצור ט,TR,סבון מוצק בניחוח זיתים ואלוורה פלמוליב 4 יחידות,גרמים,400.00,100 גרם,false,1,12.90,3.2250,true,1,2292
7290002752332,false,"סוכריות מנטוס פירות בגליל, 37.5 גרם",הדקלאים אגודת שיתופי,NL,מנטוס סוכריות לעיסה בטעם פירות 37.5 גרם,גרמים,38.00,100 גרם,false,1,3.90,10.2632,true,1,2296
7290002752349,false,סוכריות מנטוס מנטה 40יח' בגליל 38ג',פרפטי ואן מלה,NL,גליל מנטוס סוכריות לעיסה בטעם מנטה,גרמים,38.00,100 גרם,false,1,3.90,10.2632,true,1,12176
7290002766056,false,עגבניות שרי קופסא ליח',רון שרי,IL,עגבניות שרי תמר לב 500 גרם,גרמים,500.00,100 גרם,false,1,7.90,1.5800,true,1,120035
7290002771111,false,קפה עם הל 250 ג' אלנח'לה,מולינו ניקולי s.p.a,IL,אל נחל'ה קפה קלוי וטחון עם הל 250 גרם,גרמים,250.00,100 גרם,false,1,17.90,7.1600,true,1,2306
7290002800361,false,המבורגר מסעדות בואקו,מעדני הטלה,,המבורגר מסעדות בואקום 500 גר,גרמים,500.00,100 גרם,false,1,28.90,5.7800,true,1,73207
7290002814016,false,"מסיר שומנים קר מתז סנט מוריץ 750מ""ל",קומפלקס כימיקלים,IL,מסיר שומנים 750 מל,מיליליטרים,750.00,"100 מ""ל",false,1,16.90,2.2533,true,1,2348
7290002814290,false,BLANCO קצף אקונומיקה מרוכז 1 ליטר בניחוח לימון,קומפלקס כימיקלים,IL,בלאנקו קצף אקונומיקה מרוכז 7% חומר פעיל,ליטרים,1.00,ליטר,false,1,12.90,12.9000,true,1,141364
7290002814481,false,עלמה שקיות מזון בקופסא 150 יח' מארז שלישיה,קומפלקס כימיקלים,IL,עלמה שקיות מזון 150 3,יחידה,1.00,יחידה,false,1,11.90,11.9000,true,1,141366
7290002814504,false,סנט מוריץ מגבונים לרצפה 10 יח' עם חור בית מלון בוטיק,קומפלקס כימיקלים,IL,סנט מוריץ מגבונים לרצפה 10 יחידות מלון,יחידה,1.00,יחידה,false,1,10.90,10.9000,true,1,141560
7290002814528,false,נוזל לניקוי האסלה סנט מוריץ 1 ליטר,קומפלקס כימיקלים,IL,נוזל לניקוי אסלות 1 ליטר,ליטרים,1.00,ליטר,false,1,6.90,6.9000,true,1,2350
7290002814542,false,סנט מוריץ שקיות אשפה 75*90 -25 יח',אסיר פלסט,TR,עלמה שקיות אשפה 25 יחידות 75 90,יחידה,25.00,יחידה,false,1,10.90,0.4360,true,1,141368
7290002814580,false,טורנדו גרגירים לפתיחת סתימות 200 גרם,קומפלקס כימיקלים,IL,טורנדו גרגירים לפתיחת סתימות גרם 200 מל,מיליליטרים,200.00,"100 מ""ל",false,1,14.90,7.4500,true,1,141369
7290002814665,false,סנט מוריץ - מרסס מסיר עובש 1 ליטר,קומפלקס כימיקלים,IL,מתז מסיר עובש 1 ליטר,ליטרים,1.00,ליטר,false,1,12.90,12.9000,true,1,141373
7290002814917,false,תכשיר ס.מוריץ מרוכז לרצפות לוונדר 4 ל',קומפלקס כימיקלים,IL,תכשיר מרוכז לניקוי רצפות לבנדר 4 ליטר,ליטרים,4.00,ליטר,false,1,15.90,3.9750,true,1,100141
7290002814948,false,סנט מוריץ מגבוני דלי לרצפה 50 יחידות עם חור,קומפלקס כימיקלים,IL,סנט מוריץ מגבוני דלי לרצפה 50 יחידות,יחידה,50.00,יחידה,false,1,29.90,0.5980,true,1,141561
7290002814986,false,סנט מוריץ מגבונים לניקוי כללי בדלי 400 יחידות בריח לימון,קומפלקס כימיקלים,IL,סנט מוריץ מגבונים לניקוי כללי בדלי 400 י,יחידה,400.00,יחידה,false,1,21.90,0.0547,true,1,141562
7290002824183,false,גבינה לבנה 5% שומן 500 ג' שטראוס,מיוצר עי קונדיטוריית,IL,סקי משפחתי 5%,גרמים,500.00,100 גרם,false,1,9.96,1.9920,true,1,2364
7290002824466,false,יוגורט דנונה ביו 0% 200 גרם,"שטראוס בריאות בע""מ",IL,דנונה ביו 0% 200 גרם,גרמים,200.00,100 גרם,false,1,3.70,1.8500,true,1,2365
7290002824640,false,גבינה שטראוס 5% 250 ג',מיוצר עי קונדיטוריית,IL,סקי 5% 250 גרם,גרמים,250.00,100 גרם,false,1,4.98,1.9920,true,1,2367
7290002825722,false,סלט כרוב אדום אחלה,מיוצר עי קונדיטוריית,IL,כרוב אדום 500,גרמים,500.00,100 גרם,false,1,14.90,2.9800,true,1,2372
7290002827029,false,מרלבורו פלייבור מיקס,פיליפ מוריס,,מרלבורו פלייבור מיקסPP חפיסה,יחידה,1.00,יחידה,false,1,35.50,35.5000,false,1,14566
7290002868996,false,קוטג' 5% מועשר טרה 250ג' מהדרין,טרה,IL,קוטג מועשר 5% טרה 250 גרם,גרמים,250.00,100 גרם,false,1,6.20,2.4800,true,1,31550
7290002871248,false,"בירה טובורג רד חוזר 500 מ""ל",מבשלות בירה בינלאומי,IL,"טובורג מלא חוזר חדש 500 מ""ל",מיליליטרים,500.00,"100 מ""ל",false,1,9.50,1.9000,true,1,2431
7290002871361,false,"קרלסברג בירה בק.חוזר 500 מ""ל",מבשלות בירה בינלאומי,IL,קלסברג בירה 500 מל,מיליליטרים,500.00,"100 מ""ל",false,1,9.50,1.9000,true,1,2432
7290002879237,false,חטיף ציפס תירס ברביק,דדוש דניאל,,חטיף ציפס תירס ברביקיו 200 גרם,גרמים,200.00,100 גרם,false,1,12.90,6.4500,true,1,55839
7290002879282,false,ציפס חטיף תירס טבעי סומבררו 200 גרם,פוקולוקו,,חטיף ציפס תירס רגיל 200 גרם,גרמים,200.00,100 גרם,false,1,12.90,6.4500,true,1,55761
7290002879305,false,מלפפונים קטנים בחומץ,דדוש דניאל,,מלפפונים קטנים בחומץ 860 גרם,גרמים,860.00,100 גרם,false,1,20.70,2.4070,true,1,55635
7290002879435,false,כרוב כבוש 900 גרם Valley,פולן,,כרוב כבוש 900 גרם,גרמים,900.00,100 גרם,false,1,18.70,2.0778,true,1,53397
7290002881551,false,עלי גפן בשמן זית ממולא 400ג תומר,אסמא קונסרב,IL,עלי גפן ממולאים באורז תומר 400 גרם,גרמים,400.00,100 גרם,false,1,10.90,2.7250,true,1,109355
7290002881865,false,פטריות שמפיניון חתוכות 400 ג' תומר,Prochamp B.V,,פטריות שמפניון חתוכות תומר 400 גרם,גרמים,400.00,100 גרם,false,1,5.90,1.4750,true,1,72098
7290002900566,false,פסטרמה ברביקיו דל שומן טירת צבי 360 ג',הנסיך- מפעל לייצור ט,IL,פסטרמה ברביקיו דל שומן טירת צבי 360 גרם,גרמים,360.00,100 גרם,false,1,30.90,8.5833,true,1,32843
7290002921233,false,"קרבונה ניקוי יבש לכתמים שומניים 200 מ""ל",מנדלז סי.אר. פרודקשן,ES,מסיר כתמים קרבונה ספריי 170,מיליליטרים,170.00,"100 מ""ל",false,1,23.90,14.0588,true,1,15806
7290002921332,false,סבון פלא אסטוניש מסיר כתמים 75גר,פרח,,יעקבי אסטוניש סבון הפלא מסיר כתמים 75 גרם,גרמים,75.00,100 גרם,false,1,18.90,25.2000,true,1,2505
7290002921349,false,דבק סופר גלו מארז זוגי,הנקל,,דבק סופר גלו לוקטיט,גרמים,100.00,100 גרם,false,1,11.90,11.9000,true,1,2506
7290002929512,false,פלאפל 500 גרם,האי נאם סי או אל.טי.,IL,פלאפל 500 גר,גרמים,500.00,100 גרם,false,1,17.90,3.5800,true,1,98132
7290002929635,false,טונה בשמן 140 ג' ויליגר,"ויליגר תעשיות בע""מ",IL,ויליגר נתחי טונה בהירה בשמן 140 גרם,גרמים,140.00,100 גרם,false,1,5.90,4.2143,true,1,106739
7290002929642,false,טונה וילגר בשמן רביעיה * 140 ג',דיאמנט פוד פרודקט קו,TH,טונה ויליגר בשמן 140 גרם 1\4,גרמים,560.00,100 גרם,false,1,21.90,3.9107,true,1,99369
7290002972365,false,קמח תופח שטיבל 13 ללא צורך בניפוי 1 קג,מיוצר עי קונדיטוריית,IL,קמח תופח שטיבל ללא ניפוי 1קג,קילוגרמים,1.00,"ק""ג",false,1,9.90,9.9000,true,1,129224
7290002986218,false,עוג.יין חצי מצופה,"אחים גטניו בע""מ",,"עוגיות יין חצי מצופה300 גר""פסח",גרמים,300.00,100 גרם,false,1,10.90,3.6333,true,1,139708
7290002987963,false,"סלט חומוס אחלה 1 ק""ג",מיוצר עי קונדיטוריית,IL,חומוס אחלה 1 קג,קילוגרמים,1.00,"ק""ג",false,1,15.70,15.7000,true,1,2560
7290002994329,false,לחם אחיד פרוס,מאפיית אגמי,IL,לחם אחיד פרוס,גרמים,0.00,100 גרם,false,1,7.91,0.0000,true,1,50876
7290002994602,false,לחם 9 דגנים קל,מאפיית אגמי,IL,לחם 9 דגנים קל,גרמים,500.00,100 גרם,false,1,17.90,3.5800,true,1,50836
7290002994794,false,חלה קלה ארוזה אגמי,מאפיית אגמי,,חלה קלה ארוזה אגמי,גרמים,500.00,100 גרם,false,1,12.90,2.5800,true,1,88497
7290003009183,false,"סירופ דיאט תפוחים פריגת 750 מ""ל",גת,IL,"סירופ דיאט פריגת תפוחים 750 מ""ל",מיליליטרים,750.00,"100 מ""ל",false,1,24.60,3.2800,true,1,31364
7290003009312,false,בוטן קלוי קלית גת 200 ג',הדקלאים אגודת שיתופי,IL,בוטן קלוי 200 גר' שק',גרמים,200.00,100 גרם,false,1,7.90,3.9500,true,1,12265
7290003009329,false,בוטן אמריקאי קלית גת 200 ג',הדקלאים אגודת שיתופי,IL,בוטן אמריק'200 גר'שק (ב(24,גרמים,200.00,100 גרם,false,1,6.90,3.4500,true,1,12178
7290003009336,false,קבוקים מצופים קליית,הדקלאים אגודת שיתופי,IL,קבוקים 200 גר'שק'ב24,גרמים,200.00,100 גרם,false,1,6.90,3.4500,true,1,13873
7290003009596,false,"סירופ דיאט אשכוליות פריגת 750 מ""ל",גת,IL,"סירופ דיאט אשכוליות 750 מ""ל",מיליליטרים,750.00,"100 מ""ל",false,1,24.60,3.2800,true,1,31345
7290003015627,false,סנו ריצפז פרש 2 ליטר אפרסק,"סנו מפעלי ברונוס בע""",IL,ריצפז סנופרש אפרסק 2 ליטר,ליטרים,2.00,ליטר,false,1,18.90,9.4500,true,1,34788
7290003015641,false,סנו ריצפז פרש 2 ליטר יסמין,סנו,IL,ריצפז סנופרש יסמין 2 ליטר,ליטרים,2.00,ליטר,false,1,18.90,9.4500,true,1,34790
7290003029181,false,משקה יטבתה שוקו' בקבוק 1ל מהדרין,מחלבת יטבתה,IL,שוקו 1 ליטר,ליטרים,1.00,ליטר,false,1,12.90,12.9000,true,1,2721
7290003029372,false,משקה חלב בננה בקבוק 1ל' יוטבתה,מחלבת יטבתה,IL,בננה 1 ליטר,ליטרים,1.00,ליטר,false,1,12.90,12.9000,true,1,2725
7290003029389,false,"משקה חלב בננה פקק ספורט 250 מ""ל יוטבתה",שטראוס גרופ,IL,"בננה פקק 250 מ""ל",מיליליטרים,250.00,"100 מ""ל",false,1,5.50,2.2000,true,1,2726
7290003029433,false,"משקה יטבתה שוקו פקק 250 מ""ל מהדרין",מחלבת יטבתה,IL,"שוקו יטבתה פקק ספורטאים 250 מ""ל",מיליליטרים,250.00,"100 מ""ל",false,1,5.50,2.2000,true,1,2728
7290003029815,false,חלב יוטבתה מועשר 3% בכד 2ל',מחלבת יטבתה,IL,חלב מועשר 3% בכד יטבתה 2 ליטר,ליטרים,2.00,ליטר,false,1,15.60,7.8000,true,1,31923
7290003029907,false,משקה יטבתה אייס קפה 1ליטר,מחלבת יטבתה,IL,אייס קפה 1 ליטר,ליטרים,1.00,ליטר,false,1,12.90,12.9000,true,1,34015
7290003054183,false,מסטמכר לחם שיפון מלא 500ג,מסטמכר,DE,לחם שיפון מסטמכר 500 גרם,גרמים,500.00,100 גרם,false,1,14.90,2.9800,true,1,2769
7290003054213,false,מסטמכר לחם שיפון כפרי 500ג,מסטמכר,DE,לחם שיפון כפרי מסטמכר 500 גרם,גרמים,500.00,100 גרם,false,1,14.90,2.9800,true,1,2772
7290003054657,false,חרדל דיז'ון אקסטרא פורטה 370 ג,כלורוקס אוקלנד,FR,חרדל דיז'ון אקסטרא פורטה 370 גרם,גרמים,370.00,100 גרם,false,1,12.90,3.4865,true,1,2776
7290003060009,false,"קמח חיטה לבן 1 ק""ג ס",טחנות ישראל,,"קמח חיטה לבן 1 ק""ג סוגת",קילוגרמים,1.00,"ק""ג",false,1,5.90,5.9000,true,1,2794
7290003060023,false,"סולת חיטה 1 ק""ג אריזות ירושלים",טחנות ישראל,,"סולת חיטה 1 ק""ג טחנות ישראליות",קילוגרמים,1.00,"ק""ג",false,1,5.70,5.7000,true,1,2795
7290003060047,false,קמח תופח טחנות ישראל,טחנות ישראליות,,"קמח תופח בשקית 1 ק""ג",קילוגרמים,1.00,"ק""ג",false,1,5.90,5.9000,true,1,24129
7290003060276,true,קמח בהיר מנופה,,,קמח בהיר מנופה,קילוגרמים,1.00,"ק""ג",false,1,8.90,8.9000,true,1,129997
7290003072828,false,נקניקיות פרנקפורט דליקטיב,טירת צבי,IL,נקניקיות פרנקפורטר 320 גרם,גרמים,320.00,100 גרם,false,1,22.90,7.1562,true,1,130051
7290003102136,false,צמר גפן COTTON SOFT רפואי 100 גר' 3102136,הדקלאים אגודת שיתופי,TR,צמר גפן מכותנה טבעית 100 גרם,גרמים,100.00,100 גרם,false,1,4.90,4.9000,true,1,80714
7290003141159,false,יוגטה מרשמלו תות וניל 180 גרם,סאדאט,IL,מרשמלו יוגטה 180 גרם,גרמים,180.00,100 גרם,false,1,8.90,4.9444,true,1,89975
7290003143146,false,ממרח תמרים קליית גת 450 גרם,הדקלאים אגודת שיתופי,IL,ממרח תמרים 450 קלית גת,גרמים,450.00,100 גרם,false,1,6.50,1.4444,true,1,93527
7290003144310,false,תערובת אגוזים וחמוציות קליית גת 150 גרם,קליית גת,IL,תע'אגוזים וחמוציות 150 גר,גרמים,150.00,100 גרם,false,1,19.90,13.2667,true,1,116369
7290003145751,false,קשיו קלוי קליית גת 200 גר,הדקלאים אגודת שיתופי,IL,"קליית גת אגוזי קלויים, 200 גרם",גרמים,200.00,100 גרם,false,1,19.90,9.9500,true,1,50461
7290003145959,false,פקאן טבעי 150 גרם קליית גת,קוד יצרן JG,IL,פקאן טבעי 150 גרם,יחידה,150.00,יחידה,false,1,23.90,0.1593,true,1,57864
7290003158164,false,בורקס ריקוטה,"גידרון תעשיות בע""מ",,בורקס ריקוטה,קילוגרמים,1.00,"ק""ג",true,,49.90,49.9000,true,1,80795
7290003163939,false,"נקניקיות גריל 1.5 ק""",יושלם,,"נקניקיות גריל 1.5 ק""ג",קילוגרמים,1.50,"ק""ג",false,1,33.90,22.6000,true,1,85600
7290003210114,false,טרופית בוסתן 200 מל,בוסתן,IL,טרופית בוסתן 200 מל,מיליליטרים,200.00,"100 מ""ל",false,1,2.90,1.4500,true,1,124403
7290003217014,false,פיתות מזרחיות אריזת 5 יח',יוניליוור גרמניה Gm,IL,פיתה תנעמי 5 יח בשקית 500 גרם,גרמים,500.00,100 גרם,false,1,7.80,1.5600,true,1,2969
7290003217052,false,5 פיתות כפריות קלות,יוניליוור גרמניה Gm,IL,פיתה כפרית קלה 5 יח בשקית 500 גרם,גרמים,500.00,100 גרם,false,1,9.90,1.9800,true,1,2971
7290003220380,false,עוגיות סנדוויץ שוקו 150 ג' נאפה מעדני מלך,אחים פפושדו,IL,מעדני מלך סנדוויץ שוקו 150ג,גרמים,150.00,100 גרם,false,1,4.50,3.0000,true,1,138056
7290003220397,false,עוגיות סנדוויץ וניל 150 ג' נאפה מעדני מלך,אחים פפושדו,IL,מעדני מלך סנדוויץ וניל 150ג,גרמים,150.00,100 גרם,false,1,4.50,3.0000,true,1,138057
7290003220526,false,"WOK רוטב צ'ילי חריף 700 מ""ל",THAI PREEDA TRADING,,"רוטב WOK צילי חריף 700 מ""ל",מיליליטרים,700.00,"100 מ""ל",false,1,13.90,1.9857,true,1,79974
7290003220533,false,"רוטב צ'ילי מתוק ווק 700 מ""ל",THAI COCONUT CO,,"רוטב WOK צילי מתוק 700 מ""ל",מיליליטרים,700.00,"100 מ""ל",false,1,13.90,1.9857,true,1,70789
7290003220595,false,"ווק אורז לסושי 1 ק""ג WOK","מיה תעשיות מזון בע""מ",,"אורז לסושי WOK שקית 1 ק""ג",קילוגרמים,1.00,"ק""ג",false,1,13.90,13.9000,true,1,80231
7290003220649,false,שמן שומשום 100% טהור,או שין הינג,SG,"ווק שמן שומשום 100% 150 מ""ל",מיליליטרים,150.00,"100 מ""ל",false,1,13.90,9.2667,true,1,109960
7290003220717,false,ווק נורי סילבר 10 דפים WOK,JAEWON GLOBAL NET,,אצות נורי סילוור 10 דפים 25 גרם,גרמים,25.00,100 גרם,false,1,11.90,47.6000,true,1,79798
7290003220724,false,צופ-סטיקס חד פעמי 20,קוסומאי במבוק,,צופ-סטיקס חד פעמי 20 זוגות,Unknown,0.00,Unknown,false,1,6.90,0.0000,true,1,87887
7290003220748,false,"ווק סויה לתיבול\בהירה WOK 640 מ""ל",LINGHANG INDUSTRIA,,"רוטב סויה בהירה 640 מ""ל",מיליליטרים,640.00,"100 מ""ל",false,1,14.90,2.3281,true,1,83897
7290003220755,false,ווק רוטב סויה כהה 64,ליאנג סאנג האנד הואד,,"רוטב סויה כהה 640 מ""ל",מיליליטרים,640.00,"100 מ""ל",false,1,14.90,2.3281,true,1,83898
7290003220786,false,"אטריות אורז ללא גלוטן 5 מ""מ 400 ג' WOK",ASIAN SUPERIOR FOODS,,מקלות אורז מס 5 400 גרם,גרמים,400.00,100 גרם,false,1,9.90,2.4750,true,1,98467
7290003220830,false,ווק חומץ אורז יסמין,דיאמונד פריזרוד פודס,TH,"ווק חומץ אורז יסמין 500מ""ל WOK",מיליליטרים,500.00,"100 מ""ל",false,1,15.90,3.1800,true,1,98445
7290003220939,false,אטריות אורז דקיקות ללא גלוטן 400 ג' WOK,אסיאן סופירה פודס חב,,מקלוני אורז דקים 400 גרם,גרמים,400.00,100 גרם,false,1,9.90,2.4750,true,1,103020
7290003220946,false,"דפי אורז קוטר 22 ס""מ",אסיאן סופירה פודס חב,,"דפי אורז קוטר 22 ס""מ 300 גרם WOK",גרמים,300.00,100 גרם,false,1,12.90,4.3000,true,1,111914
7290003220977,false,עוגיות חצי ירח מצופה 175 נאפה מעדני מלך,אפיפית,IL,עוגיות מצופות מעדני המלך 175 גר,גרמים,175.00,100 גרם,false,1,7.90,4.5143,true,1,130954
7290003229109,false,פסטרמה בפפריקה 400 גרםטירת צבי,הנסיך- מפעל לייצור ט,IL,פסטרמה בפפריקה טירת צבי 400 גרם,גרמים,400.00,100 גרם,false,1,30.90,7.7250,true,1,3006
7290003229123,false,פסטרמה על גחלים 400 גרםטירת צבי,הנסיך- מפעל לייצור ט,IL,פסטרמה על גחלים טירת צבי 400 גרם,גרמים,400.00,100 גרם,false,1,30.90,7.7250,true,1,3008
7290003229147,false,נקניק סלמי איטלקי טירת צבי 300 ג',הנסיך- מפעל לייצור ט,IL,נקניק סלמי איטלקי טירת צבי 300 גרם,גרמים,300.00,100 גרם,false,1,31.90,10.6333,true,1,3009
7290003229154,false,סלמי קוניאק מובחר טירת צבי 300 ג',הנסיך- מפעל לייצור ט,IL,נקניק סלמי קוניאק מובחר טירת צבי 300 גרם,גרמים,300.00,100 גרם,false,1,31.90,10.6333,true,1,3010
7290003229192,false,כתף בקר מעושן טירת צבי 400 ג' צבי,טיב טירת צבי 2000,IL,"טירת צבי, פסטרמה כתף בקר מעושנת 400 גרם",גרמים,400.00,100 גרם,false,1,34.90,8.7250,true,1,3011
7290003260102,false,סנו סופט נ.טואלט 12 גלילים,שניר תעשיות,,נייר טואלט משי קומפקט 12 יח,מטרים,70700.00,מטר,false,1,37.90,0.0005,true,1,49633
7290003268177,false,לחמנית לוסי כפרית 75,,,לחמנית לוסי כפרית 75 גרם,גרמים,75.00,100 גרם,false,1,3.20,4.2667,true,1,87413
7290003268641,false,חלה מתוקה מיוחדת 500ג',מולינו ניקולי s.p.a,IL,חלה מתוקה 500 גרם,גרמים,500.00,100 גרם,false,1,14.90,2.9800,true,1,115252
7290003268740,false,לחם אחיד 750 גרם,דגנית עין בר,,לחם אחיד 750 גרם,גרמים,750.00,100 גרם,false,1,6.96,0.9280,true,1,24605
7290003268764,false,חלה רגילה 500 גרם,מולינו ניקולי s.p.a,IL,חלה רגילה 500 גרם,גרמים,500.00,100 גרם,false,1,6.26,1.2520,true,1,24607
7290003268795,false,לחמניה 75 גרם,דגנית עין בר,,לחמניה 75 גרם,גרמים,75.00,100 גרם,false,1,1.90,2.5333,true,1,24254
7290003321155,false,יוגורט בר עם פקאן מצופה שוקולד 183 ג' דנונה,"שטראוס בריאות בע""מ",IL,דנונה בר פקאן,גרמים,175.00,100 גרם,false,1,4.80,2.7429,true,1,3115
7290003321292,false,גבינה לבנה 9% שומן 250 ג' שטראוס,מיוצר עי קונדיטוריית,IL,סקי 9% 250 גרם,גרמים,250.00,100 גרם,false,1,4.90,1.9600,true,1,3116
7290003387373,false,דאו' ספיד סטיק בסיסי קלאסיק 70ג',הנסיך- מפעל לייצור ט,US,דאודורנט ספיד סטיק קלאסי 50 גרם,גרמים,70.00,100 גרם,false,1,21.90,31.2857,true,1,3173
7290003400500,false,חטיף הרשי ריזס נאטרייגיס 47 גרם,הרשי,,שוקולד ריזס קרמל עם בוטנים 47 גרם,גרמים,47.00,100 גרם,false,1,5.50,11.7021,true,1,95768
7290003402809,false,חטיף הרשי ריזס שוקולד לבן 39 גר,,US,שוקולד ריזס לבן 39 ג,גרמים,39.00,100 גרם,false,1,5.50,14.1026,true,1,128936
7290003411313,false,הנמל מפה מבד לא ארוג,שיווק: הנמל אריזות ו,IL,הנמל מפת שולחן אל בד 180X120 סמ,Unknown,0.00,Unknown,false,1,5.90,0.0000,true,1,18770
7290003411689,false,ליפתניות חד פעמי 25,הנמל אריזות ושיווק ב,IL,הנמל ליפתניות 25 יחידות,יחידה,1.00,יחידה,false,1,4.90,4.9000,true,1,12987
7290003411696,false,"מרקיות לבן ח""פ הנמל 25 יח'",,IL,הנמל מרקיות לבן 25 יחידות,יחידה,0.00,יחידה,false,1,10.90,0.0000,true,1,12988
7290003444009,false,חטיף הרשי ריזס שוקולד חלב 42 גר,הרשי,,שוקולד ריזס חלב 42 גרם,גרמים,42.00,100 גרם,false,1,5.50,13.0952,true,1,112490
7290003450602,false,חרדל הינץ אמיתי לחיץ 255 ג',היינץ צפון אמריקה -,US,היינץ חרדל לחיץ 255 גרם,גרמים,255.00,100 גרם,false,1,10.90,4.2745,true,1,3245
7290003457861,false,סולרו פירות טרופיים פסח 30,"מיוצר ע""י גלידת שטרא",IL,שלגון סולרו פירות טרופיים,גרמים,85.00,100 גרם,false,1,10.90,12.8235,true,1,3283
7290003495030,false,מאפה שקדים פרווה,"גידרון תעשיות בע""מ",,מאפה שקדים פרווה,קילוגרמים,1.00,"ק""ג",true,,44.90,44.9000,true,1,83240
7290003514007,false,מנה שקדי מרק מנה 400 גרם,מנה,IL,מנה שקדי מרק 400 גרם,גרמים,400.00,100 גרם,false,1,10.80,2.7000,true,1,89976
7290003525478,false,סלט טונה ויליגר 160 גרם,"ויליגר, תעשיות בע""מ",IL,סלט טונה ויליגר 160 גרם,גרמים,160.00,100 גרם,false,1,4.90,3.0625,true,1,14119
7290003550753,false,טונה פוסידון בשמן רביעיה *108 ג',"מיוצר עי וליגר בעמ,",IL,טונה בשמן פוסידון מארז רביעייה 432 גרם,גרמים,432.00,100 גרם,false,1,23.90,5.5324,true,1,101596
7290003643004,false,"אורז בסמטי קלאסי 1 ק""ג סוגת",האי נאם סי או אל.טי.,IL,"אורז בסמטי קלאסי 1 ק""ג",קילוגרמים,1.00,"ק""ג",false,1,14.90,14.9000,true,1,3478
7290003643134,false,סוגת סוכר וניל 10 יח,גוד פוד פרודקטס S.p,IL,סוכר וניל סוגת 10 גרם,גרמים,100.00,100 גרם,false,1,3.70,3.7000,true,1,41830
7290003643158,false,קורנפלור 200 ג' סוגת,המאפיה של הרמן,IL,סוגת קורנפלור 200 גרם,גרמים,200.00,100 גרם,false,1,4.50,2.2500,true,1,3479
7290003643387,false,"סוכר לבן בצנצנת 1 ק""ג סוגת",האי נאם סי או אל.טי.,IL,"סוכר 1 ק""ג בצנצנת",קילוגרמים,1.00,"ק""ג",false,1,9.90,9.9000,true,1,3482
7290003643646,false,"סוכר דמררה קלאסי בצנצנת סוגת 1 ק""ג",האי נאם סי או אל.טי.,IL,"סוכר דמררה צנצנת סוגת 1 ק""ג",קילוגרמים,1.00,"ק""ג",false,1,12.90,12.9000,true,1,3483
7290003643684,false,אפונה יבשה סוגת 500 גר',האי נאם סי או אל.טי.,IL,אפונה 500 גרם,גרמים,500.00,100 גרם,false,1,7.50,1.5000,true,1,36435
7290003643707,false,גריסים 500 גרם סוגת,"סוגת תעשיות בע""מ",IL,גריסים 500 גרם סוגת,גרמים,500.00,100 גרם,false,1,5.90,1.1800,true,1,120761
7290003643714,false,חומוס סוגת 500 גרם,האי נאם סי או אל.טי.,IL,חומוס 500 גרם,גרמים,500.00,100 גרם,false,1,8.90,1.7800,true,1,41841
7290003643738,false,חיטה סוגת 500 גרם,האי נאם סי או אל.טי.,IL,חיטה 500 גרם,גרמים,500.00,100 גרם,false,1,5.90,1.1800,true,1,41842
7290003643745,false,כוסמת סוגת 500 גרם,האי נאם סי או אל.טי.,IL,כוסמת 500 גרם,גרמים,500.00,100 גרם,false,1,8.90,1.7800,true,1,75223
7290003643752,false,עדשים ירוקים יבש סוגת 500 גר',האי נאם סי או אל.טי.,IL,עדשים ירוקות 500 גר',גרמים,500.00,100 גרם,false,1,8.90,1.7800,true,1,42098
7290003643769,false,עדשים אדומים יבש סוגת 500 גר',"סוגת תעשיות בע""מ",IL,עדשים אדומות סוגת 500 גרם,גרמים,500.00,100 גרם,false,1,8.90,1.7800,true,1,21066
7290003643776,false,"פופקורן גרעינים סוגת 500 ג' כשל""פ",האי נאם סי או אל.טי.,IL,פופקורן 500 גרם,גרמים,500.00,100 גרם,false,1,6.50,1.3000,true,1,41840
7290003643783,false,קוקוס סוגת 100 גרם,האי נאם סי או אל.טי.,IL,קוקוס 100 גרם,גרמים,100.00,100 גרם,false,1,4.20,4.2000,true,1,30068
7290003643806,false,שעועית לבנה יבשה סוגת 500 ג',האי נאם סי או אל.טי.,IL,שעועית לבנה 500 גרם,גרמים,500.00,100 גרם,false,1,12.90,2.5800,true,1,38757
7290003713943,false,טרס פסוס מחית צפטולה,,,טרס פסוס מחית צפטולה 200גרם,גרמים,200.00,100 גרם,false,1,20.90,10.4500,true,1,136939
7290003713950,false,טרס פסוס סלסה מקסיקנ,,IL,טרס פסוס סלסה מקסיקנה 200גרם,גרמים,200.00,100 גרם,false,1,15.90,7.9500,true,1,136943
7290003805129,false,"קנור פירה בטעם ביתי 260 גרם כשל""פ",יוניליוור ישראל מזון,IL,קנור פירה כשר לפסח 240 גרם,גרמים,260.00,100 גרם,false,1,13.90,5.3462,true,1,3658
7290003805587,false,"פתית חיטה מלאה בד""צ 250 גרם-קופסא",יוניליוור ישראל מזון,IL,פתיתי חיטה מלאה קרקר פריך עם חיטה מלאה,גרמים,250.00,100 גרם,false,1,18.20,7.2800,true,1,70587
7290003807482,false,"רוטב קנור טריאקי 300 מ""ל",יוניליוור ישראל מזון,IL,קנור רוטב טריאקי 370 גרם,מיליליטרים,300.00,"100 מ""ל",false,1,12.90,4.3000,true,1,41923
7290003821754,false,סלמון מעושן קפוא 100 ג',"ויליגר, תעשיות בע""מ",IL,סלמון נורבגי בעישון טבעי 100 גרם,גרמים,100.00,100 גרם,false,1,15.90,15.9000,true,1,3692
7290003882694,false,טונה בהירה בשמן צמחי 900 גרם ויליפוד,גולדן פרייז,TH,טונה בהירה בשמן - מוסדי,לא מנהל יחידת מידה,0.00,לא מנהל יחידת מידה,false,1,29.00,0.0000,true,1,50738
7290003989539,false,לורנצו רביולי במילוי גבינה,מיוצר עי קונדיטוריית,IL,רביולי גבינה 400 EAT GOOD,גרמים,400.00,100 גרם,false,1,19.90,4.9750,true,1,3972
7290004011338,false,"קצפת מתוקה מכונה 250 מ""ל ריץ'",האי נאם סי או אל.טי.,IT,קצפת ריץ חלבי במיכל 250 גרם,גרמים,250.00,100 גרם,false,1,14.90,5.9600,true,1,64629
7290004011345,false,"קצפת ריצ` פרווה במיכל 250 מ""ל",האי נאם סי או אל.טי.,IT,קצפת ריץ פרווה במיכל 250 גרם,גרמים,250.00,100 גרם,false,1,14.90,5.9600,true,1,80546
7290004014407,false,סוכריות M&M בוטנים 46 ג',מרס נדרלנד,,סוכריות שוקולדM&M חמאת בוטנים 46 גרם,גרמים,46.00,100 גרם,false,1,5.80,12.6087,true,1,110304
7290004063016,false,מלח שולחן מעולה דק 1,האי נאם סי או אל.טי.,IL,מלח שולחן,קילוגרמים,1.00,"ק""ג",false,1,2.07,2.0700,true,1,4199
7290004063115,false,"מלח מטבח עבה להמלחת בשר ובישול 1 ק""ג 1ק""ג",האי נאם סי או אל.טי.,IL,מלח מטבח,קילוגרמים,1.00,"ק""ג",false,1,2.07,2.0700,true,1,4200
7290004064099,false,מטחנה מלח מהרי ההימלאיה 250 ג מלח הארץ,חברת מלח הארץ אילת ב,IL,מטחנה מלח מהרי ההימלאי 300 גרם,גרמים,250.00,100 גרם,false,1,15.90,6.3600,true,1,111597
7290004078225,false,"שטיפת פה קולגייט פלקס מינט ירוק 500מ""ל",קולגייט- פלמוליב,PL,"מי פה פלאקס ירוק 500 מ""ל",מיליליטרים,500.00,"100 מ""ל",false,1,31.90,6.3800,true,1,4205
7290004078690,false,"אגקס נוזל לניקוי אסלות מרענן 750 מ""ל",הנסיך- מפעל לייצור ט,FR,אג'קס נוזל לניקוי אסלות ג'ל עם אקונומיקה 750 מל,מיליליטרים,750.00,"100 מ""ל",false,1,15.90,2.1200,true,1,4210
7290004078942,false,ליידי ספיד סטיק - דאודורנט ג'ל לאישה 65 גרם,קולגייט פלמוליב,US,"ליידי ספיד סטיק ג""ל כתום",גרמים,63.00,100 גרם,false,1,19.90,31.5873,true,1,4214
7290004091248,false,וזלין פטרוליום אינטנסיב קאר ג'ל 106 גר',"יוניליוור ארה""ב, ג'ו",US,וזלין טהור 106 גרם,גרמים,106.00,100 גרם,false,1,15.90,15.0000,true,1,4223
7290004091255,false,"ואזלין פטרוליום ג'ל 225מ""ל","יוניליוור ארה""ב, ג'ו",US,וזלין ג'ל פטרוליום 100% טהור 212 גרם,מיליליטרים,212.00,"100 מ""ל",false,1,22.90,10.8019,true,1,59367
7290004119133,false,כד יוגורט תנובה 6.5% שומן 1.5 ליטר,מיוצר עי קונדיטוריית,IL,יוגורט 7% בכד1.5 ליטר,ליטרים,1.50,ליטר,false,1,18.90,12.6000,true,1,16044
7290004119225,false,יוגורט אננס 3% שומן 150 ג' יופלה,תנובה בעמ,IL,יופלה יוגורט אננס 3% גביע 150 גרם,גרמים,150.00,100 גרם,false,1,5.20,3.4667,true,1,4229
7290004119928,false,קרלו מעדן וניל רביעיות גביע 125 1.5%,מחלבת אלון תבור,IL,מעדן קרלו וניל 3% 125 גרם,גרמים,125.00,100 גרם,false,1,3.30,2.6400,true,1,4231
7290004119973,false,קרלו מעדן שוקו רביעיה גביע 125 1.5%,מחלבת אלון תבור,IL,קרלו מעדן שוקו רביעיה גביע 125 גרם 1.5%,גרמים,125.00,100 גרם,false,1,3.30,2.6400,true,1,4232
7290004120061,false,קרלו שוניל 3% 125 גרם,תנובה מרכז שיתופי לש,IL,קרלו שוניל 1.5% שומן 125 גרם,גרמים,125.00,100 גרם,false,1,3.30,2.6400,true,1,4233
7290004120108,false,יופלה דיאט יוגורט דובדבן %0 גביע 150ג',תנובה בעמ,IL,יופלה דיאט יוגורט דובדבן %0 גביע 150גרם,גרמים,150.00,100 גרם,false,1,5.20,3.4667,true,1,4234
7290004120573,false,גבינה בולגרית פיראוס 16% 250 גרם,תנובה,IL,גבינה בולגרית מלוחה 16% שומן,גרמים,250.00,100 גרם,false,1,24.90,9.9600,true,1,4239
7290004120634,false,גבינה פיראוס בולגרית 5% 250 גרם,פ.פ.ח. שאביט,IL,פיראוס גבינה בולגרית 5% שומן,גרמים,250.00,100 גרם,false,1,24.90,9.9600,true,1,4240
7290004121488,false,יופלה דיאט אפרסק 0% גביע 150 ג',תנובה בעמ,IL,יופלה יוגורט עם אפרסק 0% שומן 150 גרם,גרמים,150.00,100 גרם,false,1,5.20,3.4667,true,1,4247
7290004121754,false,יוגורט עוגת גבינה ותות 3% שומן 150 ג' יופלה,תנובה בעמ,IL,יופלה יוגורט עוגת גבינה ותות %3 150 גרם,גרמים,150.00,100 גרם,false,1,5.20,3.4667,true,1,4251
7290004121853,false,גבינה בולגרית פיראוס 5% קוביות 200 גרם,תנובה,IL,פירוס בולגרית קוביות 5% 200 גרם,גרמים,200.00,100 גרם,false,1,22.90,11.4500,true,1,4253
7290004122119,false,פתיתי פרמזן לפסטה %23 100 ג' השף הלבן,פ.פ.ח. שאביט,IL,תנובה השף הלבן פתיתי גבע פרמזן 23% שומן,גרמים,100.00,100 גרם,false,1,13.90,13.9000,true,1,16046
7290004122195,false,"גבינת גוש חלב פרוס 28%, כשרות מהדרין, 200 ג'",תנובה,IL,גוש חלב פרוסות גבינה צהובה חצי קשה 28% שומן מהדרין,גרמים,200.00,100 גרם,false,1,15.50,7.7500,true,1,15601
7290004122270,false,גבינה צהובה פרוס בקופסא %28 200 ג' עמק,תנובה מרכז שיתופי לש,IL,עמק קלאסית פרוסות גבינה חצי קשה 28% 200 גרם,גרמים,200.00,100 גרם,false,1,16.90,8.4500,true,1,4254
7290004122348,false,גבינת עמק לייט פרוס בקופסא 200 גרם,תנובה,IL,עמק גבינה צהובה חצי קשה 9% מופחתת שומן,גרמים,200.00,100 גרם,false,1,17.90,8.9500,true,1,4256
7290004122676,false,גבינת חמד לייט 5% פיראוס 250 ג',"תנובה,מחלבת טנא נוגה",IL,פיראוס לייט חמד גבינה כפרית מלוחה 5% שומן,גרמים,250.00,100 גרם,false,1,19.90,7.9600,true,1,38303
7290004122683,false,חטיף גבינת אצבעות 28% 172 ג' עמק,פ.פ.ח. שאביט,IL,עמק חטיף אצבעות גבינה חצי קשה 28% שומן,גרמים,172.00,100 גרם,false,1,17.90,10.4070,true,1,43308
7290004124205,false,יוגורט דיאט תות %0 שומן 150 ג' יופלה,תנובה בעמ,IL,יופלה דיאט יוגורט תות %0 גביע 150 גרם,גרמים,150.00,100 גרם,false,1,5.20,3.4667,true,1,4268
7290004124847,false,"קצפת צמחית השף הלבן 500 מ""ל תנובה",סוי מג'יק,IL,קצפת צמחית 500 מל,מיליליטרים,500.00,"100 מ""ל",false,1,17.50,3.5000,true,1,33292
7290004125400,false,"שלי אשל 4.5% תנובה 200מ""ל מהדרין",פארייפאבה אגרואינדוס,IL,תנובה אשל לבן 4.5% שומן,מיליליטרים,200.00,"100 מ""ל",false,1,1.69,0.8450,true,1,4276
7290004125417,false,"שלי גיל 3% תנובה 200מ""ל מהדרין",תנובה מרכז שיתופי לש,IL,תנובה גיל לבן 3% 206 גרם,מיליליטרים,200.00,"100 מ""ל",false,1,1.51,0.7550,true,1,4277
7290004125455,false,"שמנת אורגינל15% תנובה 200 מ""ל",תנובה מרכז שיתופי לש,IL,שמנת אורגינל 15% שומן 200 מל,מיליליטרים,200.00,"100 מ""ל",false,1,2.40,1.2000,true,1,4278
7290004125509,false,"שמנת 15% חצי מנה 100 מ""ל תנובה",תנובה,IL,תנובה שמנת 15% חצי מנה 100 מל,מיליליטרים,100.00,"100 מ""ל",false,1,1.80,1.8000,true,1,4279
7290004125578,false,משקה סויה מעושר בסידן תנובה 1ל',סוי מג'יק,IL,משקה סויה מועשר בסידן 1 ליטר,ליטרים,1.00,ליטר,false,1,11.50,11.5000,true,1,4280
7290004125585,false,משקה סויה וניל על הבוקר 1 ל',תנובה מרכז שיתופי לש,IL,משקה סויה על הבוקר וניל 1 ליטר,ליטרים,1.00,ליטר,false,1,12.50,12.5000,true,1,4281
7290004125721,false,"שמנת לבישול 15% שומן 250 מ""ל תנובה",תנובה מרכז שיתופי לש,IL,"השף הלבן שמנת לבישול ,שמנת עמידה לבישול 15% 250 מל",מיליליטרים,250.00,"100 מ""ל",false,1,8.80,3.5200,true,1,4283
7290004125738,false,שמנת מתוקה להקצפה32% 250מל עמיד השף הלבן,תנובה מרכז שיתופי לש,IL,"שמנת להקצפה 32% 250 מ""ל",מיליליטרים,250.00,"100 מ""ל",false,1,7.20,2.8800,true,1,4284
7290004125776,false,גבינה צהובה עמק 28% 400 גרם בקופסא,תנובה,IL,עמק פרוס 28% 400 גרם בקופסא,גרמים,400.00,100 גרם,false,1,31.90,7.9750,true,1,33293
7290004126674,false,פרוסות גבינה חצי קשה 9% שומן 200 ג' עמק,תנובה,IL,גבינה צהובה טל העמק 9% לייט 200 גרם,גרמים,200.00,100 גרם,false,1,19.90,9.9500,true,1,4288
7290004126759,false,יופלה דיאט פירות יער %0 גביע 150 ג',תנובה בעמ,IL,יופלה דיאט פירות יער %0 גביע 150 גרם,גרמים,150.00,100 גרם,false,1,5.20,3.4667,true,1,4289
7290004126872,false,"שוקו תנובה בבקבוק 250 מ""ל תנובה",תנובה,IL,"שוקו תנובה בקבוק 250 מ""ל",מיליליטרים,250.00,"100 מ""ל",false,1,6.20,2.4800,true,1,35041
7290004127077,false,קוטג' 3% שומן 250 ג' תנובה,מיוצר עי קונדיטוריית,IL,קוטג 3% תנובה 250 גרם,גרמים,250.00,100 גרם,false,1,5.70,2.2800,true,1,4291
7290004127329,false,קוטג' 5% תנובה 250ג' מהדרין,מיוצר עי קונדיטוריית,IL,קוטג 5% תנובה 250 גרם,גרמים,250.00,100 גרם,false,1,5.70,2.2800,true,1,4296
7290004127336,false,קוטג' 9% תנובה 250 ג' הדרין,מיוצר עי קונדיטוריית,IL,קוטג 9% תנובה 250 גרם,גרמים,250.00,100 גרם,false,1,5.70,2.2800,true,1,4297
7290004127800,false,גבינה לבנה 5% שומן 500 ג' תנובה,מיוצר עי קונדיטוריית,IL,גבינה למריחה 5% פיקוח 500 גרם,גרמים,500.00,100 גרם,false,1,9.96,1.9920,true,1,4306
7290004127817,false,גבינה לבנה 9% שומן 500 ג' תנובה,מיוצר עי קונדיטוריית,IL,גבינה למריחה 500 9% גרם,גרמים,500.00,100 גרם,false,1,9.40,1.8800,true,1,4307
7290004127862,false,גבינה לבנה 5% שומן 750 ג' תנובה,מחלבת אלון תבור,IL,גבינה למריחה 750 5% גרם,גרמים,750.00,100 גרם,false,1,14.94,1.9920,true,1,4308
7290004128333,false,לאבנה על בסיס יוגורט %9 שומן 500 ג' פיראוס,תנובה,IL,פיראוס גבינת לאבנה אסלית 9% שומן,גרמים,500.00,100 גרם,false,1,20.90,4.1800,true,1,14567
7290004129101,false,גבינת שמנת 25% בטעם טבעי 225 ג' נפוליאון,מחלבת אלון תבור,IL,גבינת שמנת נפוליאון טבעי 225 גרם,גרמים,225.00,100 גרם,false,1,14.60,6.4889,true,1,4320
7290004129156,false,גבינת שמנת25% עם שום שמיר 225 ג' נפוליאון,מחלבת אלון תבור,IL,גבינת שמנת נפוליאון שום שמיר 225 גרם,גרמים,225.00,100 גרם,false,1,14.60,6.4889,true,1,4323
7290004129736,false,יוגורט במתיקות מעודנת 1.5% שומן 200 ג' יופלה,תנובה מרכז שיתופי לש,IL,יוגורט,גרמים,200.00,100 גרם,false,1,4.50,2.2500,true,1,20839
7290004129767,false,יופלה מאגדת לבן 3% 8 יח' *150 ג',מחלבת אלון תבור,IL,מאגדת יופלה לבן 3% שמינייה,קילוגרמים,1.20,"ק""ג",false,1,19.50,16.2500,true,1,20840
7290004130794,false,משקה סויה טבעי במתיקות מופחתת 1 ליטר,סוי מג'יק,IL,משקה סויה מועשר מופחת מתיקות 1 ליטר,ליטרים,1.00,ליטר,false,1,12.50,12.5000,true,1,14143
7290004131074,false,חלב תנובה 3% 1 ליטר קרטון מהדרין,תנובה מרכז שיתופי לש,IL,חלב 3% קרטון מהדרין פיקוח 1 ליטר,ליטרים,1.00,ליטר,false,1,6.23,6.2300,true,1,4336
7290004131432,false,יוגורט ביו 3% שומן 200 ג' יופלה,מיוצר עי קונדיטוריית,IL,יופלה לבן 3% גביע 200 גרם,גרמים,200.00,100 גרם,false,1,4.00,2.0000,true,1,20841
7290004131456,false,יוגורט ביו 1.5% שומן 200 ג' יופלה,מיוצר עי קונדיטוריית,IL,יופלה לבן 1.5% גביע 200 גרם,גרמים,200.00,100 גרם,false,1,4.00,2.0000,true,1,20842
7290004131814,false,גבינה צפתית 5% מעודנת 200 ג' פיראוס,פארייפאבה אגרואינדוס,IL,פיראוס צפתית 5% מעודנת 200 גרם,גרמים,200.00,100 גרם,false,1,16.50,8.2500,true,1,23583
7290004132552,false,משקה סויה לייט בטעם טבעי טרי 1 ליטר,תנובה מרכז שיתופי לש,IL,משקה סויה דיאט 1 ליטר,ליטרים,1.00,ליטר,false,1,12.50,12.5000,true,1,25059
7290004135614,false,גבינה בולגרית מעודנת 5% 250 ג' פיראוס,תנובה,IL,פיראוס גבינה בולגרית מעודנת 5% שומן,גרמים,250.00,100 גרם,false,1,24.90,9.9600,true,1,46808
7290004136598,false,מארז הפסקת אוכל עם קורנפלקס ומשקה חלב עמיד בטעם וניל,פארייפאבה אגרואינדוס,IL,מארז הפסקת אוכל חלב+דגנים,לא מנהל יחידת מידה,0.00,לא מנהל יחידת מידה,false,1,9.90,0.0000,true,1,45074
7290004136857,false,גלי בטעם פטל 125 גרם,תנובה מרכז שיתופי לש,IL,גלי בטעם פטל 125 גרם,גרמים,125.00,100 גרם,false,1,2.50,2.0000,true,1,44292
7290004136864,false,ג'לי תנובה אננס עם חתיכות אננס 125 ג',סוי מג'יק,IL,גלי אננס וחתיכות פרי 125 גרם,גרמים,125.00,100 גרם,false,1,2.80,2.2400,true,1,44293
7290004137021,false,"שמנת לבישול 10% עמיד השף הלבן 250 מ""ל",תנובה מרכז שיתופי לש,IL,תנובה השף הלבן שמנת לבישול עם סיבים 10% שומן,מיליליטרים,250.00,"100 מ""ל",false,1,8.80,3.5200,true,1,48254
7290004137311,false,גבינה צהובה לייט 9% שומן 400 ג' עמק,תנובה,IL,עמק גבינה צהובה חצי קשה 9% שומן,גרמים,400.00,100 גרם,false,1,31.90,7.9750,true,1,47588
7290004199203,false,קיסמ' שיניים מבמבוק מלחיה 300 יח',הדקלאים אגודת שיתופי,CN,קיסמי שיניים מבמבוק מלחייה 300 יח',Unknown,0.00,Unknown,false,1,2.90,0.0000,true,1,63041
7290004199579,false,פלסטר מעורב 100 יח' - SUNNY PLASTER,הדקלאים אגודת שיתופי,CN,סאני פלסטר 100 פלסטרים בגדלים שונים סטריליים,גרמים,0.00,100 גרם,false,1,9.90,0.0000,true,1,92510
7290004200930,false,"זיקוק זוג 15 ס""מ בשק",F.T.I,,זיקוק זוג 15 סמ בשקית,יחידה,1.00,יחידה,false,1,6.80,6.8000,true,1,92286
7290004219819,false,מלבין קפה הולנדי 200 גרם,פריזלנד פודס קיוויט,NL,קומפלטה מלבין קפה הולנדי 200 גרם,גרמים,200.00,100 גרם,false,1,11.90,5.9500,true,1,4442
7290004255428,false,נר נשמה מנורה בפחית,מנורה,IL,נר נשמה מנורה בפחית 24 שעות,יחידה,1.00,יחידה,false,1,2.50,2.5000,true,1,127148
7290004256371,false,ריץ פרוס 400 ג' -צהובה פרוסה,מלקפול אלוורטוסקה,PL,גבינה צהובה פרוסה על בסיס חלב,גרמים,400.00,100 גרם,false,1,18.90,4.7250,true,1,123925
7290004324858,false,קבב כבש500 גר טי,"טיבון ויל אחזקות בע""",IL,טיבון ויל קבב בקר כבש 500 גרם,גרמים,500.00,100 גרם,false,1,19.90,3.9800,true,1,4512
7290004532574,false,גרעינים שחורים 200 גר',"גיי אנג גי פקאנס בע""",IL,גרעיני חמניה הטיב 200 גרם,גרמים,200.00,100 גרם,false,1,6.50,3.2500,true,1,12191
7290004554330,false,שלגון אסקימו דובדבן,"מיוצר ע""י גלידת שטרא",IL,שלגון אסקימו דובדבן,גרמים,84.00,100 גרם,false,1,3.90,4.6429,true,1,13197
7290004554798,false,"שלגון מטרה פטל,לימון וענבים","מיוצר ע"" גלידת שטראו",IL,שטראוס מטרה שלגון בטעמי פטל ולימון 80 גרם,גרמים,90.00,100 גרם,false,1,6.90,7.6667,true,1,13198
7290004584351,false,גבינה לבנה סימפוניה עם תוספות 200 ג' חמישית 200,"שטראוס בריאות בע""מ",IL,סימפוניה החמישית,גרמים,200.00,100 גרם,false,1,11.90,5.9500,true,1,4761
7290004584528,false,יוגורט דנונה ביו טבעי 1.7% 200 גרם,מיוצר עי קונדיטוריית,IL,דנונה ביו 1.7% 200 גרם,גרמים,200.00,100 גרם,false,1,3.70,1.8500,true,1,4762
7290004731472,false,"אל סבון צבעוני כיף שלישיה* 500 מ""ל",טרופיקל דגיל תעשיות,IL,כיף שלישיה צבעוני,ליטרים,1.50,ליטר,false,1,18.90,12.6000,true,1,23967
7290004737443,false,קוקטייל פירות 820 גרם,ג'יאנגסו יואהו פוד ק,CN,קוקטייל פירות 820 גרם,גרמים,820.00,100 גרם,false,1,9.90,1.2073,true,1,52567
7290004872021,false,קרחון רמזור 80ג' נסטלה,המאפיה של הרמן,IL,נסטלה קרחון רמזור בדצ 48*80גרם,Unknown,0.00,Unknown,false,1,2.90,0.0000,true,1,13208
7290004872229,false,שלגון נסטלה שוקולד מצופה,תות תעשיות מזון (201,IL,שלגון שוקו מצופה,Unknown,0.00,Unknown,false,1,5.90,0.0000,true,1,13214
7290004872243,false,שלגון בננה מצופה נסטלה 57ג',תות תעשיות מזון (201,IL,שלגון בננה מצופה,Unknown,0.00,Unknown,false,1,5.90,0.0000,true,1,12196
7290004872250,false,שלגון שרבט אבטיח נסטלה 108'ג,נגה גלידות (גלידות נ,IL,שלגון אבטיח קיץ,Unknown,0.00,Unknown,false,1,6.90,0.0000,true,1,12197
7290004872359,false,קרחון דובדבן 80 ג ' נסטלה,גלידות נסטלה (נגה גל,IL,שלגון קרח דובדבן,Unknown,0.00,Unknown,false,1,2.90,0.0000,true,1,12198
7290004872731,false,טילון אקסטרים וניל 70ג',גלידות נסטלה,IL,טילון אקסטרים וניל,Unknown,0.00,Unknown,false,1,9.50,0.0000,true,1,13217
7290004872786,false,"טילון אקסטרים ענק פקאן 115ג' בד""ץ",גלידות נסטלה,IL,טילון אקסטרים ענק פקאן 139 גרם,גרמים,139.00,100 גרם,false,1,10.50,7.5540,true,1,13219
7290004913403,false,מפיץ ריח אווירה ספר,סאנרייז,,מפיץ ריח אווירה ספריי,Unknown,0.00,Unknown,false,1,9.00,0.0000,true,1,108537
7290005008191,false,"פלמוליב סבון נוזלי בניחוח ארומה סגול, 500 מ""ל",הנסיך- מפעל לייצור ט,TR,500 מל סבון נוזלי פלמוליב so relaxed,מיליליטרים,500.00,"100 מ""ל",false,1,19.90,3.9800,true,1,5288
7290005041129,false,מעדני הטלה קבב גמבו,לאטי עזרא גלם ודגים,,"קבב ג""מבו מזרחי 1 ק""ג",לא מנהל יחידת מידה,0.00,לא מנהל יחידת מידה,false,1,49.90,0.0000,true,1,91338
7290005041198,false,"קבב כבש ביתי 1 ק""ג",לאטי עזרא גלם ודגים,,"קבב ביתי 1 ק""ג",לא מנהל יחידת מידה,0.00,לא מנהל יחידת מידה,false,1,49.90,0.0000,true,1,91339
7290005041402,false,שיפודי שווארמה 600 גר קפוא,יושלם,,שיפודי פרגיות מעדני הטלה 600 גר,גרמים,600.00,100 גרם,false,1,59.90,9.9833,true,1,92566
7290005174551,false,סלט חומוס עם צנוברים 125 ג' אחלה,מיוצר עי קונדיטוריית,IL,סלט חומוס יום יום 125 גרם,גרמים,125.00,100 גרם,false,1,5.50,4.4000,true,1,5448
7290005174568,false,אחלה סלט חצילים יום 125 ג',"שטראוס גרופ בע""מ",IL,חציל במיונז 125 גרם,גרמים,125.00,100 גרם,false,1,5.50,4.4000,true,1,5449
7290005174575,false,טחינה אחלה יום יום משובחת 125ג',מיוצר עי קונדיטוריית,IL,סלט טחינה יום יום 125 גרם,גרמים,125.00,100 גרם,false,1,5.50,4.4000,true,1,5450
7290005200786,false,תפוצ'יפס שמנת ובצל 50 גרם,"שטראוס פריטו ליי בע""",IL,תפו שמנת בצל 50 גר 48 יח - שמיטה,גרמים,50.00,100 גרם,false,1,3.90,7.8000,true,1,5486
7290005201882,false,קפה טורקי עלית 200 גרם,הנסיך- מפעל לייצור ט,IL,קפה טורקי 200 גרם,גרמים,200.00,100 גרם,false,1,15.90,7.9500,true,1,5525
7290005271427,false,ביצים M ארוזות 12 י,גליקסמן שיווק ביצים,,ביצים M ארוזות 12 יחידות,לא מנהל יחידת מידה,0.00,לא מנהל יחידת מידה,false,1,11.15,0.0000,true,1,49177
7290005287510,false,טונה בשמן עם בפלפל חריף 160 ג' סטארקיסט,תאי יוניון גרופ,TH,ס.ק עם פלפל חריף 160 גרם,גרמים,160.00,100 גרם,false,1,8.90,5.5625,true,1,46267
7290005287527,false,טונה סטארקיסט בשמן עם לימון 160 גר,תאי יוניון גרופ,TH,ס.ק בטעם לימון 160גרם,גרמים,160.00,100 גרם,false,1,8.90,5.5625,true,1,46268
7290005423055,false,סנו פורטה פלוס מתז בניחות לימון 1 ל',"סנו מפעלי ברונוס בע""",IL,סנו פורטה פלוס נוזל מרוכז XL ניחוח לימון 1 ליטר,לא מנהל יחידת מידה,0.00,לא מנהל יחידת מידה,false,1,17.90,0.0000,true,1,122326
7290005423369,false,"תחליב דוחה יתושים סנו די קידס 100 מ""ל",טרופיקל דגיל תעשיות,IL,סנו די תחליב דוחה יתושים 100 מל,מיליליטרים,100.00,"100 מ""ל",false,1,19.90,19.9000,true,1,126915
7290005423420,false,משמיד עש מבושם 2 יח,טרופיקל דגיל תעשיות,BG,"סנו משמיד עש מבושם, 2 יחידות",Unknown,0.00,Unknown,false,1,21.90,0.0000,true,1,5901
7290005423499,false,"סנו נירוסטה אירוסול 500 מ""ל",מיוצר עי קונדיטוריית,IL,נירוסטה - לניקוי והברקה של משטחי נירוסטה,מיליליטרים,500.00,"100 מ""ל",false,1,21.70,4.3400,true,1,5902
7290005423635,false,ריצפז נוזל לניקוי רצפות דוחה חרקים 2 ל',מיוצר עי קונדיטוריית,IL,סנו ריצפז פלוס,ליטרים,2.00,ליטר,false,1,22.90,11.4500,true,1,5907
7290005423734,false,סנו - מקסימה מרכך כביסה אולטרה פרש 4 ליטר,"סנו מפעלי ברונוס בע""",IL,מרכך 4 ליטר,ליטרים,4.00,ליטר,false,1,22.90,5.7250,true,1,5909
7290005423918,false,סנו - מקסימה מרכך כביסה היפואלרגני אלוורה 4 ליטר,"סנו מפעלי ברונוס בע""",IL,מרכך 4 ליטר,ליטרים,4.00,ליטר,false,1,22.90,5.7250,true,1,13019
7290005424014,false,"אבקת כביסה פיסגה קלה 6 ק""ג סנו","מפעלי ברונוס בע""מ",IL,"פיסגה אבקת כביסה ביתית 6 ק""ג שקית",קילוגרמים,6.00,"ק""ג",false,1,42.50,7.0833,true,1,67353
7290005424113,false,מטליות רצפה 4 יח' סנו סושי,עופרטקס,,"מטלית רצפה סנו סושי 4 יח """,Unknown,0.00,Unknown,false,1,13.10,0.0000,true,1,5913
7290005424311,false,קוטל חרקים זוחלים ומעופפים,מיוצר עי קונדיטוריית,IL,משמיד חרקים סנו Kרב קוטל500 מל,מיליליטרים,500.00,"100 מ""ל",false,1,23.90,4.7800,true,1,5916
7290005424847,false,מפיות סנו סושי לבן לאירוח 150יח',מיוצר עי קונדיטוריית,TR,מפיות נייר סנו סושי 150 יח,Unknown,0.00,Unknown,false,1,9.90,0.0000,true,1,5925
7290005425127,false,"חיטוי משטחים 99.9% מתז לשומנים ואבנית 750 מ""ל","סנו מפעלי ברונוס בע""",IL,סנו מחטא ומשמיד חיידקים עוצמתי 750 מל,לא מנהל יחידת מידה,0.00,לא מנהל יחידת מידה,false,1,16.90,0.0000,true,1,122328
7290005425196,false,"סנו לכביסה מקסימה סנסיטיב 2.5 ק""ג",מיוצר עי קונדיטוריית,IL,אבקת כביסה מרוכזת SENSITIVE,קילוגרמים,2.50,"ק""ג",false,1,28.90,11.5600,true,1,5931
7290005425646,false,סנו קליר ספריי אקדח לניקוי והברקת חלונות 1ל',"סנו מפעלי ברונוס בע""",IL,סנוקליר חלונות 1 ליטר,ליטרים,1.00,ליטר,false,1,11.90,11.9000,true,1,5934
7290005426629,false,"סנו דואופרש אורן לוטוס ופרחי מים ודובדבן, 300 מ""ל",סנו,,מ.אויר דואופרש לוטוס ופרחי מים,מיליליטרים,300.00,"100 מ""ל",false,1,11.90,3.9667,true,1,5951
7290005427107,false,סנו - סושי מגבות נייר הפלא 6 יחידות,מיוצר עי קונדיטוריית,IL,"סנו סושי 6 מגבות הפלא, 700 גרם",מטרים,6350.00,מטר,false,1,12.90,0.0020,true,1,16841
7290005429286,false,"אבקת כביסה מקסימה ביו 6 ק""ג סנו",סנו,IL,"אבק.כביסה מקסימה ביו 6 ק""ג",קילוגרמים,6.00,"ק""ג",false,1,49.90,8.3167,true,1,30390
7290005430602,false,סנו אוקסיגן מסיר כתמים קשים מרסס 750 מל,"סנו מפעלי ברונוס בע""",IL,"מסיר כתמים אוקסיג""ן מרסס 750 מ""ל",מיליליטרים,750.00,"100 מ""ל",false,1,18.90,2.5200,true,1,5979
7290005431883,false,עדן מלבי חלבי 165 גר,לחמנו,IL,עדן מלבי 165 גרם,גרמים,165.00,100 גרם,false,1,7.20,4.3636,true,1,126087
7290005431906,false,עדן קדאיף 82 גרם,תנובה,IL,קדאיף 82 גרם,גרמים,82.00,100 גרם,false,1,7.20,8.7805,true,1,126090
7290005431937,false,עדן טירמיסו 82 גרם,תנובה,IL,טירמיסו 82 גרם,גרמים,82.00,100 גרם,false,1,7.20,8.7805,true,1,126086
7290005509445,false,כרמית מיני קוקיס בטעם חמאה 600 גרם,HIQ FOOD PRODUCTS,IL,עוג.מיני קוקיס חמאה 600 גרם,גרמים,600.00,100 גרם,false,1,23.90,3.9833,true,1,114519
7290005559587,false,מאפה נקניקיה בבצק מעדנות 800ג',מיוצר עי קונדיטוריית,IL,מאפה נקניקיה 800 גרם,גרמים,800.00,100 גרם,false,1,33.60,4.2000,true,1,6137
7290005559709,false,בורקס פיצה מעדנות 700 ג',"מעדנות בע""מ",IL,בורקס פיצה מעדנות 700 גרם,גרמים,700.00,100 גרם,false,1,25.90,3.7000,true,1,6142
7290005559907,false,פיצה משפחתית גבינה מעדנות 500 גר,מיוצר עי קונדיטוריית,IL,פיצה משפחתית גבינה מעדנות 500גרם,גרמים,500.00,100 גרם,false,1,25.90,5.1800,true,1,6145
7290005559914,false,פיצה משפחתית זיתים מעדנות 550 גר,מיוצר עי קונדיטוריית,IL,פיצה משפחתית זיתים 550 גרם,גרמים,550.00,100 גרם,false,1,27.90,5.0727,true,1,6146
7290005559990,false,בצק פילאס תורכי מעדנות 600 גר,מיוצר עי קונדיטוריית,IL,בצק פילאס תורכי 600 גרם,גרמים,600.00,100 גרם,false,1,22.90,3.8167,true,1,6150
7290005591761,false,דבש טהור מפרחי בר בלחיץ 400 ג' יד מרדכי,מכוורת יד מרדכי שטרא,IL,דבש טהור לחיץ 400 גרם,גרמים,400.00,100 גרם,false,1,24.90,6.2250,true,1,6164
7290005610509,false,צנונית בייבי ארוז,חקלאי,IL,צנונית בייבי ארוז,לא מנהל יחידת מידה,0.00,לא מנהל יחידת מידה,false,1,6.90,0.0000,true,1,117154
7290005680052,false,או-בה טמפון קלאסי סופר פלוס 32יח',גונסון אנד גונסון,GR,טמפוני O.B סופר פלוס 32 יח,יחידה,32.00,יחידה,false,1,24.90,0.7781,true,1,6224
7290005686436,false,תפוחי עץ מיובש קופסא 160 גרם,"דין שיווק וקליה בע""מ",,תפוח עץ מיובש 200 גרם,גרמים,200.00,100 גרם,false,1,11.90,5.9500,false,1,137957
7290005838002,false,מעדן גבינה ויוגורט בטעם וניל 88 ג' דניאלה,"שטראוס בריאות בע""מ",IL,דניאלה וניל,גרמים,88.00,100 גרם,false,1,4.40,5.0000,true,1,6451
7290005839108,false,גבינה לבנה סימפוניה עם תוספות 200 ג'+זיתים 5%,"שטראוס בריאות בע""מ",IL,סימפוניה 5% עם זתים,גרמים,200.00,100 גרם,false,1,11.90,5.9500,true,1,6461
7290005839313,false,"מילקי טופ שוקולד מגולגל 170 מ""ל",מיוצר עי קונדיטוריית,IL,מילקי טופ מגולגלת 140 גרם,גרמים,140.00,100 גרם,false,1,4.90,3.5000,true,1,6463
7290005854040,false,שלגון אסקימו משמש שטראוס,יושלם,,שלגון אסקימו משמש,לא מנהל יחידת מידה,0.00,לא מנהל יחידת מידה,false,1,3.00,0.0000,true,1,56139
7290005896439,false,"בירה מכבי בקבוק חוזר 500 מ""ל","טמפו משקאות בע""מ",IL,"בירה מכבי, בקבוק חוזר 500 מ''ל",מיליליטרים,500.00,"100 מ""ל",false,1,6.90,1.3800,true,1,85817
7290005896453,false,"בירה מכבי 7.9% בקבוק חוזר 500מ""ל",טמפו משקאות בע''מ,IL,"בירה מכבי 7.9%, בירה חזקה, בקבוק חוזר 500 מ''ל",מיליליטרים,500.00,"100 מ""ל",false,1,7.90,1.5800,true,1,112701
7290005896620,false,מים מוגז ' סאן בנדטו ' יחידה,אקווה מינרלה סאן בנד,IT,סאן בנדטו מוגז עדין 1.5 ליטר,ליטרים,1.50,ליטר,false,1,3.90,2.6000,true,1,51154
7290005938245,false,ממרח פסטו קלאסי פרסקו 220ג' מצונן,מיוצר עי פרסקו חצבה,IL,פרסקו פסטו קלאסי ממרח בזיליקום וצנובר 220 גרם,גרמים,220.00,100 גרם,false,1,19.90,9.0455,true,1,25162
7290006241191,false,אגוזי מלך קליית גת 150 גר,הדקלאים אגודת שיתופי,US,אגוז מלך שקית 150 גרם,גרמים,150.00,100 גרם,false,1,19.90,13.2667,true,1,57865
7290006241214,false,שקד טבעי קלית גת 200 ג',הדקלאים אגודת שיתופי,IL,שקד טבעי שקית 200 גרם,גרמים,200.00,100 גרם,false,1,21.90,10.9500,true,1,15192
7290006241511,false,"פריגת קפוא לימון נענע 280 מ""ל",היינץ צפון אמריקה מק,IL,פריגת לימונענע קפוא 340 מל .,מיליליטרים,340.00,"100 מ""ל",false,1,14.90,4.3824,true,1,6921
7290006241535,false,"פריגת קפוא מנגו 280מ""ל",היינץ צפון אמריקה מק,IL,קפוא מנגו,מיליליטרים,340.00,"100 מ""ל",false,1,14.90,4.3824,true,1,6923
7290006251275,false,תה ירוק סיני 25 שקיקים של 1.5 ג,HIQ FOOD PRODUCTS,IL,תה ירוק סיני T.T,גרמים,37.00,100 גרם,false,1,25.90,70.0000,true,1,6944
7290006271174,false,ג'חנון לאפיה בתנור מעדנות 700 ג',מיוצר עי קונדיטוריית,IL,גחנון לאפיה מעדנות 700 גרם,גרמים,700.00,100 גרם,false,1,19.90,2.8429,true,1,6966
7290006271181,false,ג'חנון אפוי מעדנות 750 ג',מיוצר עי קונדיטוריית,IL,"ג""חנון אפוי 750 גרם מעדנות",גרמים,750.00,100 גרם,false,1,26.90,3.5867,true,1,6967
7290006271648,false,"מיני בורקס תפו""א מוזל מעדנות","מעדנות בע""מ",IL,מיני בורקס תפוא מעדנות 800גרם,גרמים,800.00,100 גרם,false,1,26.90,3.3625,true,1,51377
7290006272072,false,חטיפי פיצה בשקית מעדנות 650ג',"מעדנות בע""מ",IL,חטיפי פיצה מעדנות 650 גרם,גרמים,650.00,100 גרם,false,1,34.90,5.3692,true,1,119411
7290006272430,false,בצק עלים חמאה מעדנות 600 ג',מיוצר עי קונדיטוריית,IL,בצק עלים חמאה 600 גרם,גרמים,600.00,100 גרם,false,1,27.90,4.6500,true,1,46062
7290006342065,false,בוטנים קלויים 200 ג ששון הקולה,,,בוטנים קלויים 200גרם,גרמים,200.00,100 גרם,false,1,7.90,3.9500,true,1,137936
7290006342515,false,מנצס 200 גרם ששון הקולה,יושלם,,"מנצ""ס 200 גרם",גרמים,200.00,100 גרם,false,1,7.90,3.9500,true,1,137938
7290006374738,false,קונפיטורת יד מרדכי תות 340 גרם,אף.סי תבליני בגליל ב,IL,קונפיטורה תות 340 גרם יד מרדכי,גרמים,340.00,100 גרם,false,1,14.90,4.3824,true,1,15269
7290006451170,false,שנייק פיצה מחיר לקג-,"גידרון תעשיות בע""מ",IL,שנייק פיצה מחיר לקג-גידרון,קילוגרמים,1.00,"ק""ג",true,,39.90,39.9000,true,1,137983
7290006567048,false,קוסקוס ישראלי מפתול אסם 350ג',"מיוצר ע""י קוד יצרן K",IL,אסם פתיתי קוסקוס ישראלי 12*350גרם,גרמים,350.00,100 גרם,false,1,7.90,2.2571,true,1,20696
7290006618078,false,"אסטוניש מרסס ניקוי יסודי 750 מ""ל",אסטוניש,,יעקבי אסטוניש ספריי ניקוי למטבח 750 מל,מיליליטרים,750.00,"100 מ""ל",false,1,15.90,2.1200,true,1,18085
7290006664051,false,"אקטימל לבן מארז 100X14 מ""ל",מיוצר עי קונדיטוריית,IL,אקטימל לבן 14,ליטרים,1.40,ליטר,false,1,32.60,23.2857,true,1,20420
7290006664402,false,גבינה 5% שומן 750 ג' שטראוס,מיוצר עי קונדיטוריית,IL,סקי% 5 750 גרם,גרמים,750.00,100 גרם,false,1,14.94,1.9920,true,1,7400
7290006664532,false,יוגורט עם תות 3% שומן 150 ג' דנונה,מיוצר עי קונדיטוריית,IL,דנונה תות 3%,גרמים,150.00,100 גרם,false,1,3.90,2.6000,true,1,13095
7290006664655,false,"אקטימל לבן טבעי מארז 100X8 מ""ל",מיוצר עי קונדיטוריית,IL,אקטימל לבן שמינייה,מיליליטרים,864.00,"100 מ""ל",false,1,20.90,2.4190,true,1,20423
7290006664693,false,יוגורט עם אפרסק 3% שומן 150 ג' דנונה,מיוצר עי קונדיטוריית,IL,דנונה אפרסק 3%,גרמים,150.00,100 גרם,false,1,3.90,2.6000,true,1,14294
7290006681065,false,טעמקור אקסטרא לארג,"מיוצר ע""י גלידת שטרא",IL,שלגון טעמקור XL,גרמים,75.00,100 גרם,false,1,9.90,13.2000,true,1,15275
7290006681553,false,מארז קרמבו וניל שטראוס 8 יח',"גלידת שטראוס בע""מ",IL,"שטראוס קרמבו 80 מ""ל",גרמים,200.00,100 גרם,false,1,15.90,7.9500,true,1,20687
7290006681560,false,מארז קרמבו מוקה שטראוס 8 יח',"גלידת שטראוס בע""מ",IL,"שטראוס קרמבו 80 מ""ל",גרמים,200.00,100 גרם,false,1,15.90,7.9500,true,1,20688
7290006703323,false,שוקיים עוף קפוא,מעדני הטלה,,שוקיים עוף קפוא,קילוגרמים,1.00,"ק""ג",true,,34.90,34.9000,true,1,82984
7290006703576,false,כבד עוף קפוא,מעדני הטלה והעגל,,כבד עוף קפוא500 גר,גרמים,500.00,100 גרם,false,1,11.90,2.3800,true,1,88858
7290006714381,false,טחון עוף 500 גר,מעדני הטלה והעגל,,"טחון עוף 500 גר """,גרמים,500.00,100 גרם,false,1,14.90,2.9800,true,1,59548
7290006714398,false,טחון הודו 500 גר,לאטי עזרא,,"טחון הודו 500 גר """,גרמים,500.00,100 גרם,false,1,14.90,2.9800,true,1,87058
7290006714947,false,גולש עגל 800 גרם במג,לאטי עזרא גלם ודגים,,גולש עגל 800 גרם במגש מוכשר,קילוגרמים,1.00,"ק""ג",false,1,44.90,44.9000,true,1,107530
7290006739421,false,סלמי מעושן איטלקי 300 ג' זוגלובק,זוגלובק,IL,זוגלובק סלמי מעושן איטלקי 300 גרם א.מ.,גרמים,300.00,100 גרם,false,1,28.90,9.6333,true,1,51162
7290006739544,false,כתף בקר 300 ג' זוגלובק,זוגלובק,IL,זוגלובק כתף בקר 300 גרם א.מ.,גרמים,300.00,100 גרם,false,1,31.90,10.6333,true,1,59788
7290006742292,false,פסטרמה הודו בדבש 330 ג' זוגלובק,זוגלובק,IL,זוגלובק פסטרמה הודו בדבש טהור 330 גר,גרמים,330.00,100 גרם,false,1,30.90,9.3636,true,1,59794
7290006764065,false,"בירה נשר מאלט בקבוק חוזר 500 מ""ל","טמפו משקאות בע""ם.",IL,בירה מאלט ללא אלכוהול 500 מל,מיליליטרים,500.00,"100 מ""ל",false,1,5.80,1.1600,true,1,7474
7290006764072,false,"בירה גולדסטאר בק חוזר 500 מ""ל","טמפו משקאות בע""מ",IL,"בירה גולדסטאר, בקבוק חוזר 500 מ""ל",מיליליטרים,500.00,"100 מ""ל",false,1,7.90,1.5800,true,1,7475
7290006775016,false,עוגת תפוז אחווה 450 גר',אחדות ביחר לטחינה חל,IL,אחוה עוגה בטעם תפוז 450 גרם,גרמים,450.00,100 גרם,false,1,10.90,2.4222,true,1,110494
7290006775023,false,עוגה אנגלית אחווה 450 גר',אחדות בעמ,IL,אחוה עוגה אנגלית 450 גרם,גרמים,450.00,100 גרם,false,1,10.90,2.4222,true,1,110495
7290006775030,false,עוגת שוקולד צ'יפס 450 ג אחוה,אחדות בעמ,IL,אחווה עוגת שוקולד צ'יפס 450 גרם,גרמים,450.00,100 גרם,false,1,10.90,2.4222,true,1,64108
7290006775054,false,עוגת שיש אחווה 450 ג' אחוה,אחווה,IL,עוגת שיש 450גרם,גרמים,450.00,100 גרם,false,1,10.90,2.4222,true,1,110496
7290006775085,false,עוגת שמרים אחווה 400 ג' אחוה,אחדות בעמ,IL,אחוה עוגת שמרים בטעם שוקולד 400 גרם,גרמים,400.00,100 גרם,false,1,10.90,2.7250,true,1,64107
7290006775344,false,עוגת שמרים קינמון אגוזים אחוה,אחדות בעמ,IL,עוגת שמרים קינמון 400 גרם,גרמים,400.00,100 גרם,false,1,10.90,2.7250,true,1,57731
7290006784032,false,עלמה כריות יפניות - ללא שריטות 6 יחידות,קומפלקס כימיקלים,IL,עלמה כרית יפנית ללא שריטות 6 יחידות,יחידה,6.00,יחידה,false,1,7.90,1.3167,true,1,141385
7290006784360,false,חלונית סנט מוריץ לניקוי חלונות 1 ליטר,קומפלקס כימיקלים,IL,חלונית נוזל רב תכלתי 1 ליטר,ליטרים,1.00,ליטר,false,1,6.90,6.9000,true,1,114612
7290006784407,false,"PURE מבשם כביסה בניחוח מלון בוטיק 500 מ""ל",טרסאן,TR,מבשם כביסה בניחוח בית מלון בוטיק 500 מל,מיליליטרים,500.00,"100 מ""ל",false,1,13.90,2.7800,true,1,141392
7290006784575,false,"מילוי מכשיר אוויר 250 מ""ל fashion loouy סנט מוריץ",סורה קוסמטיקס,TR,fashion loouy מילוי מכשיר אוויר 250 מל,מיליליטרים,250.00,"100 מ""ל",false,1,13.90,5.5600,true,1,141399
7290006789624,false,קרם לחות לשיער מחייה צבוע,אמיליה קוסמטיקס,,קרליין 10 קרם לחות לשיער צבוע,מיליליטרים,400.00,"100 מ""ל",false,1,17.70,4.4250,true,1,15193
7290006789655,false,"קרליין קרם לחות לבניית תלתלים 400 מ""ל",מיוצר עי : אמיליה קו,IL,"קרליין 10 - קרם לחות לבניית תלתלים 400 מ""ל",מיליליטרים,400.00,"100 מ""ל",false,1,17.70,4.4250,true,1,14451
7290006805850,false,תערובת להכנת פנקייק פילסבורי 500 גר,הדקלאים אגודת שיתופי,IL,תערובת קלת הכנה לפנקייק ביתי וטעים 450 גרם,גרמים,500.00,100 גרם,false,1,17.90,3.5800,true,1,23239
7290006899187,false,תה סרמוני לימונית ול,סרמוני תה בעמ,,תה סרמוני לימונית ולואיזה 14 שקיקים,גרמים,30.00,100 גרם,false,1,19.90,66.3333,true,1,140466
7290006899255,false,תה סרמוני א.גריי 20 שקיות,סרמוני תה בעמ,,תה סרמוני ארל גריי לבנדר 14 שקיקים,גרמים,44.00,100 גרם,false,1,19.90,45.2273,true,1,140463
7290006983763,false,עוגת הבית שוקולד 400 ג' אסם,מיוצר עי קונדיטוריית,IL,הבית עוגת שוקולד 8*400גרם,גרמים,400.00,100 גרם,false,1,15.90,3.9750,true,1,12601
7290006983770,false,עוגת הבית שיש 400 ג' אסם,מיוצר עי קונדיטוריית,IL,הבית עוגת שיש 8*400גרם,גרמים,400.00,100 גרם,false,1,15.90,3.9750,true,1,12771
7290006983787,false,עוגת הבית שוקוציפס 400 ג' אסם,מיוצר עי קונדיטוריית,IL,הבית עוגת שוקולד צ'יפס 8*400גרם,גרמים,400.00,100 גרם,false,1,15.90,3.9750,true,1,12602
7290008190909,false,כרמית מיני קוקיס שוקו ציפס 600ג',כרמית,IL,מיני קוקיס שוקולד ציפס 600 גר,גרמים,600.00,100 גרם,false,1,23.90,3.9833,true,1,23490
7290008330398,false,בדין דפים למייבש כביסה כחול 40 יח',קלין טסט פרודקטס,US,בדין דפי מרכך ריחניים למייבש הכביסה,לא מנהל יחידת מידה,0.00,לא מנהל יחידת מידה,false,1,18.90,0.0000,true,1,43101
7290008340618,false,סלמון מעושן מצונן דלידג 100 ג',ויליגר תעשיות בעמ,IL,פרלינג סלומון מעושן 100 גרם,גרמים,100.00,100 גרם,false,1,21.90,21.9000,true,1,14249
7290008343466,false,בצק פילו 500 גרם שלושת האופים,כלורוקס אוקלנד,IL,בצק פילו,גרמים,500.00,100 גרם,false,1,19.90,3.9800,true,1,29746
7290008409100,false,אצבעות שניצל בציפוי שומשום מאמא עוף 700 גרם,תנובה גליל שותפות מו,IL,אצבעות שניצל ציפוי שומשום מאמא ע 700 גרם,גרמים,700.00,100 גרם,false,1,38.90,5.5571,true,1,24625
7290008409124,false,שניצל ג'ונגל פריך 700 ג' מאמא עוף,תנובה גליל שותפות מו,IL,שניצל גונגל מאמא עוף 700 גרם,גרמים,700.00,100 גרם,false,1,38.90,5.5571,true,1,25193
7290008409216,false,שניצל דק פריך מאמא עוף 700 ג',תנובה גליל,IL,מאמא עוף שניצל דק פריך 700 גרם,גרמים,700.00,100 גרם,false,1,44.90,6.4143,true,1,55546
7290008409315,false,מיני מיני דק שניצלונים בציפוי פריך מאמא עוף 500 ג',תנובה גליל,IL,מיני שניצלונים ציפוי פריך 500 גרם,גרמים,500.00,100 גרם,false,1,29.90,5.9800,true,1,12840
7290008409407,false,שניצל דק ציפס מאמא עוף 700 ג',תנובה גליל שותפות מו,IL,"שניצל דק בציפוי צ""יפס 700 גרם",גרמים,700.00,100 גרם,false,1,44.90,6.4143,true,1,71900
7290008409551,false,שניצל עוף אמיתי בציפוי מעודן 700 ג' מאמא עוף,תנובה גליל שותפות מו,IL,שניצל אמיתי מעודן,גרמים,700.00,100 גרם,false,1,44.90,6.4143,true,1,10199
7290008409582,false,שניצל אמיתי בציפוי ביתי מאמא עוף 700 ג',תנובה גליל שותפות מו,IL,שניצל אמיתי ביתי מאמא עוף 700 גרם,גרמים,700.00,100 גרם,false,1,44.90,6.4143,true,1,10202
7290008409605,false,כוכבי עוף בציפוי מעודן מאמא עף 700 גרם,תנובה גליל שותפות מו,IL,כוכבי עוף 700 גרם,גרמים,700.00,100 גרם,false,1,37.90,5.4143,true,1,10203
7290008409773,false,קציצות עוף ביתיות מאמא עוף 700 ג',תנובה גליל שותפות מו,IL,מאמא עוף קציצות עוף והודו 700 גרם,גרמים,700.00,100 גרם,false,1,34.90,4.9857,true,1,10206
7290008415071,false,חומוס עם טחינה 150 ג' צבר,סלטי צבר,IL,סלט חומוס וטחינה 150 גרם,גרמים,150.00,100 גרם,false,1,5.90,3.9333,true,1,10255
7290008415514,false,חומוס צבר עם חריף עגול 150ג',סלטי צבר,IL,סלט חומוס וחריף 150 גרם,גרמים,150.00,100 גרם,false,1,5.90,3.9333,true,1,10260
7290008425575,true,נאות סמדר סילאן אורג,,,נאות סמדר סילאן אורג,גרמים,710.00,100 גרם,false,1,41.90,5.9014,true,1,132796
7290008425681,true,זיתים אורגנים ברנע,,,זיתים אורגנים ברנע,גרמים,400.00,100 גרם,false,1,21.90,5.4750,true,1,132797
7290008464024,false,"בירה גולדסטאר לא מסוננת 500 מ""ל פחית","טמפו משקאות בע""מ",IL,"בירה גולדסטאר לא מסונן פחית 500 מ""ל",מיליליטרים,500.00,"100 מ""ל",false,1,9.90,1.9800,true,1,96890
7290008464130,false,"שישיית בירה גולדסטאר 330 מ""ל UNFILTERED",טמפו,IL,בירה גולדסטאר ל.מסונן שישייה בקבוק 330 מ,ליטרים,1.98,ליטר,false,1,39.90,20.1515,true,1,90299
7290008464208,false,"בקבוק בירה לבנה מכבי 330 מ""ל",טמפו משקאות בע''מ,IL,"בירה מכבי 7.9%, בירה חזקה, בקבוק 330 מ''ל",מיליליטרים,330.00,"100 מ""ל",false,1,8.90,2.6970,true,1,101688
7290008464222,false,"בירה מכבי 7.9% פחית 500 מ""ל","טמפו משקאות בע""מ",IL,"בירה מכבי 7.9%, בירה חזקה, פחית 500 מ""ל",מיליליטרים,500.00,"100 מ""ל",false,1,8.90,1.7800,true,1,106414
7290008464338,false,"בירה מכבי בקבוק ח""פ 330 מ""ל",בירה מכבי,IL,בירה מכבי בקבוק 330 מל לאגר בהירה,מיליליטרים,330.00,"100 מ""ל",false,1,7.90,2.3939,true,1,10326
7290008464345,false,"בירה גולדסטאר בקבוק 330 מ""ל",טמפו משקאות בע''מ,IL,"בירה גולדסטאר, בקבוק 330 מ''ל",מיליליטרים,330.00,"100 מ""ל",false,1,7.90,2.3939,true,1,10327
7290008464468,false,"בירה גולדסטאר פחית 500 מ""ל","טמפו משקות בע""מ",IL,"בירה גולדסטאר פחית 500 מ""ל",מיליליטרים,500.00,"100 מ""ל",false,1,8.90,1.7800,true,1,10330
7290008464604,false,"בירה היינקן פחית 500מ""ל",טמפו משקאות בע''מ,NL,"בירה היינקן, פחית 500 מ""ל",מיליליטרים,500.00,"100 מ""ל",false,1,13.90,2.7800,true,1,12217
7290008464611,false,"סודה טמפו בקבוק זכוכית 275 מ""ל",טמפו משקאות בעמ,IL,"הסודה של טמפו, מי סודה בגיזוז חזק, 275 מל",מיליליטרים,275.00,"100 מ""ל",false,1,3.90,1.4182,true,1,119627
7290008464697,false,"שישיית בירה מכבי 7.9% 330 מ""ל",טמפו,IL,"בירה מכבי 7.9% שישייה בקבוק 330 מ""ל",ליטרים,1.98,ליטר,false,1,32.90,16.6162,true,1,101190
7290008464741,false,"שישייית בירה גולדסטאר כהה 330X6 מ""ל",טמפו,IL,"בירה גולדסטאר שישייה בקבוק 330 מ""ל",ליטרים,1.98,ליטר,false,1,36.90,18.6364,true,1,10335
7290008500036,false,תערובת להכנת עוגיות,פילסברי,IL,תערובת להכנת עוגיות שוקו ציפס פלסברי200,גרמים,200.00,100 גרם,false,1,16.90,8.4500,true,1,138029
7290008634045,false,"פלסטר שקוף 30 יחידות ""SUNNY PLASTER""",,,פלסטר לילדים סאני 30 יחידות,יחידה,1.00,יחידה,false,1,6.90,6.9000,true,1,92511
7290008636933,false,אגוזי מלך גרוסים 100 גר' מיה,מיה,IL,אגוזי מלך גרוסים מיה 100 גרם,גרמים,100.00,100 גרם,false,1,11.90,11.9000,true,1,142205
7290008636995,false,גרעיני דלעת קלופים 100 גר' מיה,מיה,IL,גרעיני דלעת קלופים מיה 100 גרם,גרמים,100.00,100 גרם,false,1,8.90,8.9000,true,1,142209
7290008644112,false,סלט מטבוחה יום יום אחלה 125 ג',"שטראוס גרופ בע""מ",IL,סלט מטבוחה יום יום 125 גרם,גרמים,125.00,100 גרם,false,1,5.50,4.4000,true,1,10400
7290008645935,false,חומוס לניגוב אחלה 750 ג',"שטראוס גרופ בע""מ",IL,חומוס 750 אחלה,גרמים,750.00,100 גרם,false,1,11.90,1.5867,true,1,24225
7290008670142,false,"יין רקנאטי יסמין אדום 2019 750 מ""ל",רקנאטי,IL,רקנטי - יסמין אדום 2017,מיליליטרים,750.00,"100 מ""ל",false,1,34.90,4.6533,true,1,16018
7290008670159,false,רקנאטי יסמין לבן 750 מל,"יקבי רקנאטי בע""מ",IL,"יין יסמין לבן רקנאטי 750 מ""ל",מיליליטרים,750.00,"100 מ""ל",false,1,34.90,4.6533,true,1,16019
7290008693134,false,מעדן גבינה ויוגורט בטעם תות 5% שומן 88 ג' דניאלה,"שטראוס בריאות בע""מ",IL,דניאלה תות,גרמים,88.00,100 גרם,false,1,4.40,5.0000,true,1,10495
7290008745239,false,תפוציפס אקסטרא טבעי 50 גרם,"שטראוס פריטו ליי בע""",IL,תפו קראנצ טבעי 50 גר 48 יח - שמיטה,גרמים,50.00,100 גרם,false,1,3.90,7.8000,true,1,10590
7290008747547,false,תפוציפס קראנץ טבעי 200 גרם,"שטראוס פריטו ליי בע""",IL,תפו קראנצ טבעי 200 גר 12 יח - שמיטה,גרמים,200.00,100 גרם,false,1,9.90,4.9500,true,1,10601
7290008752244,false,תפוצ'יפס אקסטרא גריל 50 גרם,"שטראוס פריטו ליי בע""",IL,תפו קראנצ גריל 50 גר 48 יח - שמיטה,גרמים,50.00,100 גרם,false,1,3.90,7.8000,true,1,10642
7290008753111,false,תפוציפס קראנצי מקסיקני 50 גרם,"שטראוס פריטו ליי בע""",IL,תפו קראנצ מקסיקני 50 גר 48 יח- שמיטה,גרמים,50.00,100 גרם,false,1,3.90,7.8000,true,1,10655
7290008775816,false,ערגליות שוקו חדש12*300גרם 2020,מיוצר עי קונדיטוריית,IL,ערגליות שוקולד 6*300גרם,גרמים,300.00,100 גרם,false,1,10.90,3.6333,true,1,10704
7290008775823,false,ערגליות תות חדש12*300גרם 2020,מיוצר עי קונדיטוריית,IL,ערגליות תות שדה 6*300גרם,גרמים,300.00,100 גרם,false,1,10.90,3.6333,true,1,10705
7290008802895,false,יין קברנה סוביניון פרייוט קולקשן,אגודת הכורמים הקאופו,IL,"יין P.C קברנה סוביניון 750 מ""ל",מיליליטרים,750.00,"100 מ""ל",false,1,39.90,5.3200,true,1,10747
7290008804189,false,"יין קברנה סובניון הסדרה האיזורית 750 מ""ל",אגודת הכורמים הקואופ,IL,"יין קברנה סוביניון גליל עליון 750 מ""ל",מיליליטרים,750.00,"100 מ""ל",false,1,59.90,7.9867,true,1,71088
7290008806305,false,פצפצים תות בננה,"מיוצר ע"" גלידת שטראו",IL,שלגון פצפצים תות בננה עם סוכרי,גרמים,97.00,100 גרם,false,1,6.90,7.1134,true,1,10796
7290008806961,false,גלידה שוקולד שבבי שוקולד פרה 1.33 ל' קרמיסימו,"גלידת שטראוס בע""מ, ר",IL,גלידה קרמיסימו שוקולד צ'יפ פרה 1.33 ל',ליטרים,1.33,ליטר,false,1,26.90,20.2256,true,1,10802
7290008849661,false,ממרח אוליביה עגבניות מיובשות פיקנטי 180 גר',טרופיקל דגיל תעשיות,IL,ממרח עגבניות מיובשות פקנטי אוליביה,גרמים,180.00,100 גרם,false,1,12.90,7.1667,true,1,119416
7290008849845,false,ממרח אוליביה אריסה פיקנטי 180 ג',"אוליביה גרומה בע""מ",IL,אריסה פקנטית אוליביה 185גרם,גרמים,185.00,100 גרם,false,1,12.90,6.9730,true,1,119417
7290008909761,false,קרלסברג בקבוק יחיד 3,מבשלות בירה בינלאומי,IL,"קרלסברג בק 330 מ""ל פקדון",מיליליטרים,330.00,"100 מ""ל",false,1,9.50,2.8788,true,1,46697
7290008909853,false,"קולה זירו 500 מ""ל בקבוק",החברה המרכזית לייצור,IL,"קולה ZERO בקבוק 500 מ""ל",מיליליטרים,500.00,"100 מ""ל",false,1,7.50,1.5000,true,1,47188
7290008909884,false,"קוקה קולה זירו 350 מ""ל בקבוק זכוכית",החברה המרכזית לייצור,IL,"קולה ZERO קלאסי 350 מ""ל",מיליליטרים,330.00,"100 מ""ל",false,1,7.00,2.1212,true,1,77915
7290009398113,false,חלה מתוקה,"גידרון תעשיות בע""מ",,חלה מתוקה ח א,גרמים,560.00,100 גרם,false,1,11.90,2.1250,true,1,25103
7290009398618,false,סופגניה גדולה עם ריב,"גידרון תעשיות בע""מ",,סופגניה גדולה עם ריבה כ 80 גר,גרמים,80.00,100 גרם,false,1,3.90,4.8750,true,1,30273
7290009957808,false,פרצל אפוי גדרון א.ק,גדרון,IL,פרצל אפוי גדרון א.ק,יחידה,1.00,יחידה,false,1,5.90,5.9000,true,1,130513
7290010116980,false,אבקת שוקולית שקית עלית 850 ג',הנסיך- מפעל לייצור ט,IL,שוקולית 850 גרם 6 יח,גרמים,850.00,100 גרם,false,1,19.70,2.3176,true,1,15635
7290010117864,false,דוריטוס בטעם חריף אש 70 גרם,שטראוס פריטו ליי בע,IL,דוריטוס חריף אש 70 גרם,גרמים,70.00,100 גרם,false,1,4.50,6.4286,true,1,95854
7290010117970,false,בוטנים אמריקאים סבבה קלוי 50 ג עלית,"שטראוס פריטו ליי בע""",IL,בוטנים אמריקאים סבבה 50 גרם,גרמים,50.00,100 גרם,false,1,3.50,7.0000,true,1,48912
7290010154012,false,לימון כבוש בלאדי ביטון 250 ג',תבליני ביטון יוחאי,IL,לימון כבוש בלאדי 250 גרם,גרמים,250.00,100 גרם,false,1,16.00,6.4000,true,1,7940
7290010154036,false,עמבה 250 ג' ביטון,תבליני ביטון יוחאי,IL,ביטון יוחאי המקורי עמבה סלט מנגו וחילבה 250 גרם,גרמים,250.00,100 גרם,false,1,14.90,5.9600,true,1,23950
7290010154678,false,אריסה מרוקאית ביטון 250 ג' ביטון,תבליני ביטון יוחאי,IL,אריסה מרוקאית 250 גרם,גרמים,250.00,100 גרם,false,1,14.90,5.9600,true,1,119148
7290010154685,false,סלט שום כתוש 250 ג' ביטון,תבליני ביטון יוחאי,IL,ביטון יוחאי המקורי סלט שום כתוש 250 גרם,גרמים,250.00,100 גרם,false,1,14.90,5.9600,true,1,119149
7290010192816,false,תמר מגהול ללא גלעין,תימורת הערבה,IL,תמר מגהול ללא גלעין 45 גרם,גרמים,45.00,100 גרם,false,1,4.90,10.8889,true,1,139531
7290010199891,false,"אל סבון ארומטי תה אדום משאבה סטייל 500 מ""ל",דולפין ספא,TR,"תה אדום, סבון ארומטי",מיליליטרים,500.00,"100 מ""ל",false,1,7.90,1.5800,true,1,69521
7290010237890,false,"בירה הייניקן בקבוק 500 מ""ל חוזר",טמפו משקאות בע''מ,IL,"בירה היינקן, בקבוק חוזר 500 מ""ל",מיליליטרים,500.00,"100 מ""ל",false,1,8.90,1.7800,true,1,24339
7290010259847,false,מרק עם נודלס טעם תירס מנת השף 70 גר,יוליניבר,TH,ויליפוד מנת השף נודלס בטעם תירס 70 גרם,גרמים,70.00,100 גרם,false,1,5.50,7.8571,true,1,30073
7290010328246,false,טחינה גולמית שומשום מלא אחווה 500 ג',,IL,טחינה שומשום מלא אחווה 500 גרם,גרמים,500.00,100 גרם,false,1,14.90,2.9800,true,1,76474
7290010328253,false,אחווה טחינה משומשום טבעי 500 גר,"אחדות ביח""ר בעמ",IL,אחוה טחינה גולמית 500 גרם בפלסטיק,גרמים,500.00,100 גרם,false,1,14.90,2.9800,true,1,74060
7290010328468,false,אחווה חטיפי מיני חלווה ב- 3 טעמים 18 יח,שוורצקוף& הנקל דיסלד,IL,"אחוה חטיפי מיני חלוה פיסטוק, וניל וקקאו 18 יחידות",גרמים,216.00,100 גרם,false,1,10.90,5.0463,true,1,98818
7290010328505,false,אחווה חטיפי מיני חלווה ללא סוכר 15 יח,"אחדות ביח""ר בע""מ",IL,חלבה אחוה מיני ללא סוכר 150 גרם,גרמים,150.00,100 גרם,false,1,10.90,7.2667,true,1,98819
7290010429684,false,דבש טהור יד מרדכי מארז 350X2ג',שטראוס גרופ,,מארז זוג דבש 350 גרם,גרמים,700.00,100 גרם,false,1,36.90,5.2714,true,1,35030
7290010471669,false,יוגורט בר תות קורנפלקס מצופה שוקולד 175 ג' דנונה,"שטראוס בריאות בע""מ",IL,דנונה בר תות קורנפלקס,גרמים,175.00,100 גרם,false,1,4.80,2.7429,true,1,21942
7290010472307,false,מארז 8 גמדים שתיה תות -בננה 800 גר,מיוצר עי קונדיטוריית,IL,גמדים לשתיה שמינייה תות בננה,מיליליטרים,800.00,"100 מ""ל",false,1,21.90,2.7375,true,1,24652
7290010546152,false,גרנולה קלויה בתוספת אגוזים ותמרים 400 ג',יוליניבר,IL,גרנולה מנדל קלויה עם תמרים 400 גרם,גרמים,400.00,100 גרם,false,1,18.90,4.7250,true,1,53287
7290010546169,false,מנדל - גרנולה שקדים וצימוקים 400 גרם,יוליניבר,IL,גרנולה מנדל דבש ואגוזים 400 גרם,גרמים,400.00,100 גרם,false,1,18.90,4.7250,true,1,53338
7290010561421,false,לחם כפרי מקמח טף,אשבל מזון פונקציונלי,IL,לחם כפרי ברילי אקסטרה מקמח טף500גרם,גרמים,500.00,100 גרם,false,1,21.90,4.3800,true,1,135147
7290010609734,false,"משקה להקפאה בטעם פירות 8*800 מ""ל אייס לי",הדיל,IL,"שלוקים אייס לי 800 מ""ל",מיליליטרים,800.00,"100 מ""ל",false,1,5.90,0.7375,true,1,124052
7290010632121,false,כוס אימון עם ידיות ופיה רכה ML360 טוליפס פרמיום,GZ.B.B,CN,כוס אימון עם ידיות רכות TULIPS,לא מנהל יחידת מידה,0.00,לא מנהל יחידת מידה,false,1,16.90,0.0000,true,1,119667
7290010632404,false,נובי מיכל לאבקת חלב,מולינו ניקולי s.p.a,CN,מיכל לאבקת תחליף חלב נובי,לא מנהל יחידת מידה,0.00,לא מנהל יחידת מידה,false,1,17.90,0.0000,true,1,119660
7290010632541,true,נובי סט קערות+מכסה,מולינו ניקולי s.p.a,CN,נובי קערות האכלת לתינוק 6 יח',לא מנהל יחידת מידה,0.00,לא מנהל יחידת מידה,false,1,34.90,0.0000,true,1,119670
7290010632558,true,נובי כפית ארוכה,מולינו ניקולי s.p.a,CN,נובי כפיות האכלה 18 יחידות,לא מנהל יחידת מידה,0.00,לא מנהל יחידת מידה,false,1,19.90,0.0000,true,1,119663
7290010632657,false,מוצץ גומי בינוני 3 י,B.R Works,IN,טוליפס 3 מוצצי גומי,Unknown,0.00,Unknown,false,1,12.90,0.0000,true,1,32009
7290010632787,false,צימרוני אוזניים עץ 300יח',הדקלאים אגודת שיתופי,CN,צימרוני אוזניים עץ 300 יח' בשקית,Unknown,0.00,Unknown,false,1,4.90,0.0000,true,1,83795
7290010814695,false,שוקולד מריר פרווה ללא סוכר 85 גר',כרמית תעשיות ממתקים,IL,שוקולד מריר ללא תוספת סוכר אגו 85 גרם,גרמים,85.00,100 גרם,false,1,6.90,8.1176,true,1,71555
7290010814701,false,כרמית שוקולד חלב ללא סוכר 85,כרמית תעשיות ממתקים,IL,"שוקולד חלב לל""ס 85ג*12בדיס*2בקרט",גרמים,85.00,100 גרם,false,1,6.90,8.1176,true,1,71556
7290010945450,false,גבינה לבנה 3% 250 גר מועשר בסידן וויטמין,טרה,,גבינה לבנה 3% 250 גרם,גרמים,250.00,100 גרם,false,1,5.10,2.0400,true,1,33308
7290011017866,false,"קוקה קולה פחית 330 מ""ל",החברה המרכזית לייצור,IL,"סליק קוקה קולה 330 מ""ל מבצע",מיליליטרים,330.00,"100 מ""ל",false,1,5.90,1.7879,true,1,85786
7290011017873,false,"קוקה קולה זירו פחית 330 מ""ל",החברה המרכזית לייצור,IL,"סליק קולה ZERO 330 מ""ל מבצע",מיליליטרים,330.00,"100 מ""ל",false,1,5.90,1.7879,true,1,85787
7290011018184,false,"אייס תה FUZE TEAאפרסק 500 מ""ל",מבשלות בירה בינלאומי,IL,FUZE tea אפרסק 0.5 ליטר,מיליליטרים,500.00,"100 מ""ל",false,1,8.50,1.7000,true,1,85439
7290011018917,false,ק.קולה זירו פרידגפק סליק 330 מל שישייה,החברה המרכזית לייצור,IL,"מארז ק""ק ZERO 6 פח FRIDGE-PACK מבצע",ליטרים,1.98,ליטר,false,1,24.90,12.5758,true,1,91362
7290011018924,false,"מארז פחיות דיאט קוקה קולה שישייה 330 מ""ל",החברה המרכזית לייצור,IL,דקק 6 פח FRIDGE Pack מבצע,ליטרים,1.98,ליטר,false,1,24.90,12.5758,true,1,91332
7290011074173,false,מגבוני קליה TO GO רב,רקיט בנקיזר,IL,מגבונים להסרת כתמים וניש קליה 20 יחידות,Unknown,0.00,Unknown,false,1,22.40,0.0000,true,1,33666
7290011114886,false,סקין גארד תרסיס הגנה,מיוצר עי : אמיליה קו,IL,סקין גארד ספריי הגנה שקוף SPF30 200 מל,מיליליטרים,200.00,"100 מ""ל",false,1,62.40,31.2000,true,1,39009
7290011126469,false,חליטת קמומיל ודבש 25 שקיקים גן קסום,HIQ FOOD PRODUCTS,IL,"קמומיל ודבש ""הגן הקסוםC24 ?",גרמים,37.00,100 גרם,false,1,19.90,53.7838,true,1,46099
7290011128043,false,שורש פטרוזיליה,חקלאי,IL,שורש ארוז,יחידה,1.00,יחידה,false,1,5.90,5.9000,true,1,132085
7290011148898,false,גבעולי ברוקולי משקל 400 גר,חקלאי,IL,ברוקולי ארוז במגשית,לא מנהל יחידת מידה,0.00,לא מנהל יחידת מידה,false,1,9.90,0.0000,true,1,130175
7290011148935,false,מלפפון מיני ארוז,חקלאי,IL,מלפפון טעם ארוז,לא מנהל יחידת מידה,0.00,לא מנהל יחידת מידה,false,1,9.90,0.0000,true,1,105696
7290011194215,false,מעדן גבינה ויוגורט בטעם בננה 5% שומן 88 ג' דניאלה,"שטראוס בריאות בע""מ",IL,דניאלה מעדן בננה 88 גרם,גרמים,88.00,100 גרם,false,1,4.40,5.0000,true,1,31785
7290011194246,false,קוטג' 5% שומן 250 ג' שטראוס,מיוצר עי קונדיטוריית,IL,קוטג' 5% 250 גרם,גרמים,250.00,100 גרם,false,1,5.90,2.3600,true,1,32203
7290011223038,false,עלים לקרמשניט - בונומי 300גרם,בונומי ס.פ.א,IT,עלים לקרמשניט בונומי 300 גרם,גרמים,300.00,100 גרם,false,1,16.90,5.6333,true,1,74019
7290011223045,false,בישקוטים בונומי 200גרם,בונומי ס.פ.א,IT,בונמי בישקוטים 200 גרם,גרמים,200.00,100 גרם,false,1,7.90,3.9500,true,1,71917
7290011223243,false,"טואלט דאק ג'ל לאסלה בניחוח לבנדר 55 מ""ל","איטיליאן פוד, אס.פי.",IT,ג'ל נוזלי לאסלה בניחוח לבנדר 55 מל,מיליליטרים,55.00,"100 מ""ל",false,1,11.90,21.6364,true,1,33473
7290011235055,false,בזיליקום,יושלם,IL,בזיליקום,לא מנהל יחידת מידה,0.00,לא מנהל יחידת מידה,false,1,5.90,0.0000,true,1,55765
7290011249755,false,רולים גלילי ופל במילוי קרם אגוזים 100 ג' עלמה,"גילרו בע""מ",,ופלים גלילית אגוזים 100 גרם,גרמים,100.00,100 גרם,false,1,3.90,3.9000,true,1,99486
7290011378776,false,חלבה חטיף פיסטוק בארכה בקטנה מארז 126ג',רושדי תעשיות מזון בע,IL,בארכה בקטנה מאגדת פיסטוק כלפ.12 7*18גרם,גרמים,120.00,100 גרם,false,1,13.90,11.5833,true,1,86959
7290011402020,false,ציפס משפחתי 2 קג מיל,מילוטל,,ציפס משפחתי 2 קג מילוטל,קילוגרמים,2.00,"ק""ג",false,1,26.90,13.4500,true,1,64188
7290011438142,false,"משקה יטבתה אייס קפה בבקבוק אישי 350 מ""ל",שטראוס גרופ,IL,"אייס קפה 350 מ""ל",מיליליטרים,350.00,"100 מ""ל",false,1,6.50,1.8571,true,1,41209
7290011447267,false,מטרנה פרימיום חלבי שלב 1 700 גרם חיסכון,מטרנה תעשיות ש.מ,IL,מטרנה פרימיום חלבי שלב 1 700,גרמים,700.00,100 גרם,false,1,59.90,8.5571,true,1,47047
7290011501617,false,חמוציות ברכז תפוחים ללא תוספת סוכר 250 גרם,אף.סי תבליני בגליל ב,IL,חמוציות ברכז תפוחים ללא סוכר 250 גרם,גרמים,250.00,100 גרם,false,1,16.90,6.7600,true,1,138706
7290011505493,false,כפות מהודר עבה במיוח,F.T.I,,כפות מהודר עבה במיוחד 50 יחידות,לא מנהל יחידת מידה,0.00,לא מנהל יחידת מידה,false,1,11.90,0.0000,true,1,120919
7290011505509,false,מזלגות מהודר עבה במי,F.T.I,,מזלגות מהודר עבה במיוחד 50 יחידות,לא מנהל יחידת מידה,0.00,לא מנהל יחידת מידה,false,1,11.90,0.0000,true,1,120568
7290011505516,false,סכין מהודר עבה במיוחד 50 יחידות הוסטס,F.T.I,,סכינים מהודר עבה במיוחד 50 יחידות,לא מנהל יחידת מידה,0.00,לא מנהל יחידת מידה,false,1,11.90,0.0000,true,1,120652
7290011518561,false,"אקטימל תות משפחתי מארז 14X100מ""ל",מיוצר עי קונדיטוריית,IL,אקטימל 14 תות,ליטרים,1.40,ליטר,false,1,32.60,23.2857,true,1,37826
7290011575007,false,"הפי מרסס שומר ברק למקלחון 750 מ""ל",,,הפי מרסס למקלחון 750 מל,מיליליטרים,750.00,"100 מ""ל",false,1,15.90,2.1200,true,1,39876
7290011575526,false,מטלית מיקרופייבר לני,סי.פי.קנג,,מטלית מיקרופייבר לניקוי רצפות,לא מנהל יחידת מידה,0.00,לא מנהל יחידת מידה,false,1,12.70,0.0000,true,1,49111
7290011575755,true,סופר גלו גל 3 גרם,,,סופר גלו גל 3 גרם,Unknown,0.00,Unknown,false,1,12.90,0.0000,true,1,132819
7290011598211,false,"סנו - אנטי קאלק מרסס ניקוי כללי 4 ב-1 700 מ""ל",מיוצר עי קונדיטוריית,IL,אנטי קאלק מרסס כללי רב שימושי 4 ב 1 700 מל,מיליליטרים,700.00,"100 מ""ל",false,1,19.90,2.8429,true,1,45724
7290011607180,false,"אבקת כביסה קולון 101 1.25 ק""ג",ריקט בנקיזר ( ניר אי,IL,"אבקת כביסה קולון 1.25 ק""ג",קילוגרמים,1.25,"ק""ג",false,1,13.90,11.1200,true,1,39010
7290011723200,false,טחינה הר ברכה 100% שומשום טהור 500 גר,הר ברכה תעשיות,,טחינת הר ברכה 500גרם,גרמים,500.00,100 גרם,false,1,18.90,3.7800,true,1,94978
7290011728298,false,חליפניו קיץ ירוק חריף 210 גר,,IL,טרס פסוס חלפניו ירוק עם בצל 195גרם,גרמים,195.00,100 גרם,false,1,22.90,11.7436,true,1,136938
7290011765200,false,"סנו מדיק ג'ל לניקוי ידיים עם אולוורה 300 מ""ל",גוד פוד פרודקטס S.p,IL,סנו מדיק ג'ל לניקוי ידיים ללא מים 300 מל,מיליליטרים,300.00,"100 מ""ל",false,1,21.90,7.3000,true,1,46551
7290011765217,false,"סנו מדיק ג'ל לניקוי ידיים אלוורה 100 מ""ל",גוד פוד פרודקטס S.p,IL,"סנו מדיק ג""ל לניקוי ידיים 100",מיליליטרים,100.00,"100 מ""ל",false,1,9.90,9.9000,true,1,46500
7290011765446,false,אורביטול - משחת שיניים לילדים בוב ספוג בטעם ענבים 70 גרם,טרופיקל דגיל תעשיות,IL,משחת שיניים אורביטול בוב ספוג 70 גרם,גרמים,70.00,100 גרם,false,1,9.90,14.1429,true,1,42654
7290011765453,false,אורביטול מברשות שיניים בוב ספוג,z.h. plastic,,מברשת שיניים אורביטול בוב ספוג,Unknown,0.00,Unknown,false,1,16.90,0.0000,true,1,67835
7290011870225,false,סוללות פוג'יקום AAA רביעייה,פוג'יקום,,סוללות פוזיקום 4AAA,יחידה,1.00,יחידה,false,1,9.90,9.9000,true,1,114199
7290011870249,false,סוללות פוזיקום 12AAA,פוג'יקום,,סוללות פוזיקום 12AAA,לא מנהל יחידת מידה,0.00,לא מנהל יחידת מידה,false,1,19.90,0.0000,true,1,114212
7290011870256,false,AA סוללות פוגיקום 4 יחידות,פוג'יקום,,מארז 4 פוגיקום AA,יחידה,1.00,יחידה,false,1,9.90,9.9000,true,1,114198
7290011870270,false,פוג'יקום סוללות מארז 12 יח' AA,פוג'יקום,,סוללות פוזיקום 12AA,לא מנהל יחידת מידה,0.00,לא מנהל יחידת מידה,false,1,19.90,0.0000,true,1,114213
7290011870737,false,סוללות פוזיקום C,פוג'יקום,,סוללות פוזיקום C,יחידה,1.00,יחידה,false,1,21.90,21.9000,true,1,114208
7290011870744,false,סוללות פוזיקום 9V,פוג'יקום,,סוללות פוזיקום 9V,יחידה,1.00,יחידה,false,1,19.90,19.9000,true,1,68948
7290011876388,false,מאמא עוף קציצות עוף ובקר 600 גרם,תנובה גליל שותפות מו,IL,קציצות עוף ובקר 600 גרם,גרמים,600.00,100 גרם,false,1,34.90,5.8167,true,1,87059
7290011877088,false,"סנו סושי צמד רדידי אלומיניום קצר 30 ס""מ",בורסה פאזרי,TR,רדיד אלומיניום סנו זוג 18*45,מטרים,1500.00,מטר,false,1,18.70,0.0125,true,1,46136
7290011877859,false,סנו אינסטלטור חדש פותח סתימות 200ג',מיוצר עי קונדיטוריית,IL,"פותח סתימות אינסטלטור 200 גר """,גרמים,200.00,100 גרם,false,1,14.90,7.4500,true,1,48969
7290011878351,true,תמר מגהול אורגני 400,,,תמר מגהול אורגני 400,Unknown,0.00,Unknown,false,1,29.90,0.0000,true,1,132820
7290011959692,false,ביסקולידה ביג,תות תעשיות מזון (201,IL,נסטלה ביסקולידה ביג בדצ 36*72גרם,לא מנהל יחידת מידה,0.00,לא מנהל יחידת מידה,false,1,9.50,0.0000,true,1,58966
7290011964344,false,תבלין שום גבישי 120 ג',תות ממתקי איכות,IL,תבליני טעם וריח מיכל שום גבישי 120 גרם,גרמים,120.00,100 גרם,false,1,9.90,8.2500,true,1,47465
7290011964658,false,תבלין מלח לימון טעם,תות ממתקי איכות,IL,תבליני טעם וריח מלח לימון 100% 170 גרם,גרמים,170.00,100 גרם,false,1,9.90,5.8235,true,1,56044
7290011964689,false,תבלין תיבול על האש ללא מונוס' 100ג',תות ממתקי איכות,IL,"תבליני טעם וריח תערובת תיבול על האש, 100 גרם",Unknown,0.00,Unknown,false,1,9.90,0.0000,true,1,68230
7290011964702,false,תבלין תיבול לשווארמה ללא מונוסו' 100ג',תות ממתקי איכות,IL,"תבליני טעם וריח תערובת תיבול לשווארמה, 100 גרם",גרמים,110.00,100 גרם,false,1,9.90,9.0000,true,1,68232
7290011996062,false,"טעם אסיה אורז לסושי 1 ק""ג",דדוש דניאל,,"אורז לסושי 1 ק""ג",קילוגרמים,1.00,"ק""ג",false,1,13.90,13.9000,true,1,52303
7290011996222,false,חלב קוקוס אסיה 400 מ,פוקולוקו,,"חלב קוקוס אסיה 400 מ""ל",מיליליטרים,400.00,"100 מ""ל",false,1,5.90,1.4750,true,1,56170
7290011996277,false,מחצלת עגולה לגלגול סושי,פוקולוקו,,מחצלת לסושי אסיה,יחידה,1.00,יחידה,false,1,3.90,3.9000,true,1,53133
7290011996703,false,טעם אסיה אצות וקאמה 100גר,פוקולוקו,,אצות וואקאמה מיובשות 100 גרם,גרמים,100.00,100 גרם,false,1,14.90,14.9000,true,1,62597
7290011996765,false,וואסבי שפורפרת 43 גר,פוקולוקו,,וואסבי שפורפרת 43 גרם,גרמים,43.00,100 גרם,false,1,8.90,20.6977,true,1,56461
7290012019258,false,מחית תפוחי עץ רביעיה 4 * 113 ג' תומר,Cherry growers inc,IL,מחית תפוחי עץ רביעייה 452 גרם,גרמים,452.00,100 גרם,false,1,13.90,3.0752,true,1,85794
7290012052323,false,"גרנולה מוזלי מיקס לא קלוי 1 ק""ג",רפאלס,IL,"תענוג מוזלי 1 ק""ג רפאל'ס",קילוגרמים,1.00,"ק""ג",false,1,28.90,28.9000,true,1,83452
7290012052347,false,גרנולה תענוג - ללא תוספת סוכר צימוקים ושקדים,רפאלס,IL,"תענוג ללא סוכר צימוק שקד 1 ק""ג רפאל'ס",קילוגרמים,1.00,"ק""ג",false,1,28.90,28.9000,true,1,84925
7290012116261,false,"סנו מדיק ג'ל לניקוי ידיים 500 מ""ל",גוד פוד פרודקטס S.p,IL,סנו מדיק ג'ל לניקוי ידיים ללא מים 500 מל,מיליליטרים,500.00,"100 מ""ל",false,1,29.90,5.9800,true,1,126794
7290012116537,false,"סנו מקסימה אבקת כביסה 2.5 ק""ג מאסק",טרופיקל דגיל תעשיות,IL,"סנו מקסימה בניחוח מאסק, 2.5 קג",קילוגרמים,2.50,"ק""ג",false,1,28.90,11.5600,true,1,60632
7290012116551,false,סנו אנטי קאלק רב שימושי 2 ליטר- 4 ב 1,מיוצר עי קונדיטוריית,IL,אנטי קאלק לניקוי כללי 2 ל',ליטרים,2.00,ליטר,false,1,21.90,10.9500,true,1,60234
7290012116612,false,אורביטול מברשת שיניים מארז 4 יח',ג'נרל מילס סאן אדריא,CN,אורביטול מברשת שיניים 1/4,לא מנהל יחידת מידה,0.00,לא מנהל יחידת מידה,false,1,12.90,0.0000,true,1,86760
7290012116735,false,נייר טואלט סנו סופט גמבו קומפקט 24 גל,סנו מפעלי ברונוס בעמ,IL,נ ט סופט גליל גמבו 24 יחידות,מטרים,90000.00,מטר,false,1,42.90,0.0005,true,1,78630
7290012117091,false,אבקת -כביסה סנו מקסימה סנסיטיב 6 קג,הורביץ סחר,IL,אבקת כביסה מרוכזת SENSITIVE,קילוגרמים,6.00,"ק""ג",false,1,49.90,8.3167,true,1,62680
7290012117275,false,"סנו קליר שקית מילוי 750 מ""ל",טרופיקל דגיל תעשיות,IL,"סנוקליר חלונות 750 מ""ל מילוי",מיליליטרים,750.00,"100 מ""ל",false,1,8.90,1.1867,true,1,60236
7290012117350,false,סנו ריצפז פרש 2 ליטר לילך לבנדר,"סנו מפעלי ברונוס בע""",IL,ריצפז פרש לילך 2 ליטר,ליטרים,2.00,ליטר,false,1,18.90,9.4500,true,1,60237
7290012117534,false,סנו - מקסימה מרכך כביסה מרוכז קול 1 ליטר,"סנו מפעלי ברונוס בע""",IL,מקסימה מרכך כביסה מרוכז (COOL) 1 ליטר,ליטרים,1.00,ליטר,false,1,18.90,18.9000,true,1,64966
7290012117558,false,מרכך כביסה קומפקט מאסק ורוד סנו מקסימה 1 ל',"סנו מפעלי ברונוס בע""",IL,מרכך מרוכז מאסק 1ליטר 40 כביסות,ליטרים,1.00,ליטר,false,1,18.90,18.9000,true,1,67826
7290012226120,false,מב זוגלובק קבנוס 135,זוגלובק,IL,זוגלובק קבנוס 135 גרם,גרמים,135.00,100 גרם,false,1,12.50,9.2593,true,1,71008
7290012227325,false,סלמי דק דק מעושן איטלקי 120 ג' זוגלובק,זוגלובק,IL,זוגלובק סלמי מעושן איטלקי 120 גרם דק דק דק,גרמים,120.00,100 גרם,false,1,14.90,12.4167,true,1,116722
7290012227974,false,פסטרמה דק דק בדבש 120 ג' זוגלובק,זוגלובק,IL,זוגלובק פסטרמה בדבש 120 גרם דק דק דק,גרמים,120.00,100 גרם,false,1,14.90,12.4167,true,1,116724
7290012227998,false,פסטרמה דק דק חזה בקר 120 ג' זוגלובק,זוגלובק,IL,זוגלובק חזה בקר 120 גרם דק דק דק,גרמים,120.00,100 גרם,false,1,14.90,12.4167,true,1,116723
7290012228278,false,נקנקיות בוקוורסט עוף ובקר ריינהולד'ס 310 ג' זוגלובק,זוגלובק,IL,זוגלובק נקניקיות הודו -בקר (בוקוורסט) ריינהולדס,גרמים,310.00,100 גרם,false,1,20.00,6.4516,true,1,113105
7290012245183,false,ציפס קריספי קלאסי 700 גרם,אגריסטו,BE,CHIPS ציפס קריספי קלאסי700גרם,גרמים,700.00,100 גרם,false,1,11.90,1.7000,true,1,139923
7290012263453,false,מד חום גמיש מהיר,גזיאנג,CN,מד חום גמיש מהיר,יחידה,1.00,יחידה,false,1,17.90,17.9000,true,1,128921
7290012309939,false,חלבה מסולסלת דין שיווק 500 ג',אף.סי תבליני בגליל ב,IL,חלבה מסולסלת 500 גרם ששון הקולה,גרמים,500.00,100 גרם,false,1,14.90,2.9800,true,1,97816
7290012367717,false,"ד""ר פישר - אפקטיב קר קרם ידיים שיבולת שועל 150 מ""ל",פישר מעבדות פרמצבטיו,IL,אפקטיב קר קרם ידיים שיבולת שועל 150 מל,מיליליטרים,150.00,"100 מ""ל",false,1,11.90,7.9333,true,1,53354
7290012525452,false,טילון אקסטרים נוק אאוט שוקו וניל 70ג',גלידות נסטלה (נגה גל,IL,אקסטרים טילון שוקו וניל בדצ 24*70גרם-חדש,גרמים,70.00,100 גרם,false,1,9.50,13.5714,true,1,64405
7290012561405,false,בצל חצי מטוגן דורות 180גר,דורות,IL,בצל חצי מטוגן 180 גרם,גרמים,180.00,100 גרם,false,1,12.40,6.8889,true,1,58731
7290012588907,false,"איילנד גויאבה 300 מ""ל",טמפו,IL,"איילנד גויאבה 300 מ""ל",מיליליטרים,300.00,"100 מ""ל",false,1,6.90,2.3000,true,1,143035
7290012588914,false,"איילנד מנגו 300 מ""ל",טמפו,IL,"איילנד מנגו 300 מ""ל",מיליליטרים,300.00,"100 מ""ל",false,1,6.90,2.3000,true,1,143036
7290012637032,false,זעתר האזוב המקראי 10,,IL,זעתר האזוב המקראי 100 גרם,גרמים,100.00,100 גרם,false,1,15.90,15.9000,true,1,142564
7290012642586,false,ערמונים קלופים תומר 100 ג',Tangshan huiyuan foo,IL,ערמונים קלופים 100 גר תומר,גרמים,100.00,100 גרם,false,1,4.90,4.9000,true,1,87774
7290012759017,false,חטיף אנרגיה מיקס ממה,ממה חטיפי אנרגיה,,חטיף אנרגיה מיקס ממה 50 גרם,גרמים,50.00,100 גרם,false,1,7.50,15.0000,true,1,56551
7290012759031,false,חטיף אנרגיה בננה ופק,ממה חטיפי אנרגיה,,חטיף אנרגיה בננה ופקאן ממה אישי 50 גרם,גרמים,50.00,100 גרם,false,1,7.50,15.0000,true,1,64528
7290012759215,false,חטיף אנרגיה קינואה ט,ממה חטיפי אנרגיה,,חטיף אנרגיה קינואה טחינה אגוזים ממה 25 ג,גרמים,25.00,100 גרם,false,1,7.50,30.0000,true,1,93332
7290012759253,false,טרפלס תמרים וקקאו 28,ממה חטיפי אנרגיה,,טרפלס תמרים וקקאו 280 גרם,גרמים,280.00,100 גרם,false,1,32.90,11.7500,true,1,91443
7290012759659,false,משפחתית בראוניז תמר שוקולד קוקוס ואגוז מ,ממה חטיפי אנרגיה,IL,עוגיות בראוניז קוקוס ואגוז מלך 240 גרם,גרמים,240.00,100 גרם,false,1,27.90,11.6250,true,1,124413
7290012759666,false,משפחתית בראוניז תמר שוקולד פקאן ופולי קק,ממה חטיפי אנרגיה,IL,עוגיות בראוניז פקאן ופולי קקאו 240 גרם,גרמים,240.00,100 גרם,false,1,27.90,11.6250,true,1,124412
7290012759673,false,עוגיות בראוניז חמאת,ממה חטיפי אנרגיה,IL,עוגיות בראוניז חמאת בוטנים 240 גרם,גרמים,240.00,100 גרם,false,1,27.90,11.6250,true,1,124411
7290012759710,false,חטיף בראוניז קוקוס ו,ממה חטיפי אנרגיה,IL,חטיף בראוניז קוקוס ואגוז מלך 50 גרם,גרמים,50.00,100 גרם,false,1,8.50,17.0000,true,1,124410
7290012803765,false,טוסו מר' שוקולד מריר 100 גר',אלטינמארקה גידה סאן,TR,טוסו שוקולד מריר ללא תוספת סוכר 100 גרם,גרמים,100.00,100 גרם,false,1,11.90,11.9000,true,1,84155
7290012823381,false,מרכך כביסה מקסימה סנסיטיב מרוכז ורוד 1 ל' סנו,"סנו מפעלי ברונוס בע""",IL,מרכך מרוכז סנסטיב 1 ליטר 40 כביסות,ליטרים,1.00,ליטר,false,1,18.90,18.9000,true,1,65077
7290012823558,false,סנו סושי מטליות לחות לריצפה ענק 10 יח,סנו מפעלי ברונוס בעמ,IL,מטליות לחות לריצפה סנו סושי 10 יחידות,Unknown,0.00,Unknown,false,1,13.90,0.0000,true,1,68329
7290012823602,false,נייר טואלט סופט סילק לבן 32 גלילים סנו,טרופיקל דגיל תעשיות,IL,נייר טואלט סופט 32 גלילים,מטרים,58800.00,מטר,false,1,33.90,0.0006,true,1,74210
7290012823947,false,"סנו - מרכך כביסה מרוכז פרפיום קריסטל נואר 750 מ""ל",מיוצר עי קונדיטוריית,IL,"מרכך כביסה פרפיום קריסטל נואר 750 מ""ל",מיליליטרים,750.00,"100 מ""ל",false,1,18.90,2.5200,true,1,72248
7290012884986,false,צ'יפס לתנור קפוא תפוגן 1.5קר:ג,"תעשיות תפוגן בע""מ",IL,תפוגן לתנור 4% שומן,קילוגרמים,1.50,"ק""ג",false,1,26.90,17.9333,true,1,92095
7290012911170,false,"מיסו כהה אסיה 500 מ""",פוקולוקו,,"מיסו כהה אסיה 500 מ""ל",מיליליטרים,500.00,"100 מ""ל",false,1,11.90,2.3800,true,1,70876
7290012911187,false,מיסו בהיר אסיה 500 מ,אסיה,,"מיסו בהיר אסיה 500 מ""ל",מיליליטרים,500.00,"100 מ""ל",false,1,11.90,2.3800,true,1,71405
7290012911415,false,ממרח קארי ירוק 400ג',קיי אר אס ספייסי פוד,,ממרח קארי ירוק 400 גרם,גרמים,400.00,100 גרם,false,1,17.90,4.4750,true,1,87717
7290012911422,false,ממרח קארי אדום 400ג',מזרח ומערב,,ממרח קארי אדום 400 גרם,גרמים,400.00,100 גרם,false,1,17.90,4.4750,true,1,80496
7290012911439,false,ממרח קארי צהוב 400ג',מזרח ומערב,,ממרח קארי צהוב 400 גרם,גרמים,400.00,100 גרם,false,1,17.90,4.4750,true,1,80884
7290012911675,false,פטריות שיטאקה אסיה 8,מזרח מערב,IL,פטריות שיטאקה אסיה 85 גרם,גרמים,85.00,100 גרם,false,1,17.90,21.0588,true,1,87484
7290012938580,false,"סנסודיין משחת שיניים להלבנה עדינה 75 מ""ל",גלקסוסמית'קליין קונס,,סנסודיין משחת שיניים הלבנה עדינה 75 מל,מיליליטרים,75.00,"100 מ""ל",false,1,21.90,29.2000,true,1,77687
7290012962974,false,כפית מהודרת עבה במיו,F.T.I,,כפית מהודרת עבה במיוחד 50 יחידות,לא מנהל יחידת מידה,0.00,לא מנהל יחידת מידה,false,1,8.90,0.0000,true,1,120918
7290012996450,false,מרכך כביסה מרוכז פרחי אביב הפי 1 ליטר,קרלו,BE,"יעקבי האפי מרכך כביסה סופר מרוכז, פרחי אביב",ליטרים,1.00,ליטר,false,1,16.70,16.7000,true,1,69259
7290013068361,false,שמן זית אליעד כתית מ,אליעד,IL,שמן זית אליעד כתית מעולה 750 מל,מיליליטרים,750.00,"100 מ""ל",false,1,36.90,4.9200,true,1,125023
7290013068699,false,שמן זית כתית מעולה ע,בית הבד,IL,"שמן זית כתית מעולה עשיר אליעד 750מ""ל",מיליליטרים,750.00,"100 מ""ל",false,1,36.90,4.9200,true,1,127213
7290013068705,false,שמן זית כתית מעולה ק,בית הבד,IL,שמן זית כתית מעולה קטיפתי אליעד750 מל,מיליליטרים,750.00,"100 מ""ל",false,1,36.90,4.9200,true,1,127212
7290013083678,false,מטרנה אקסטרה קר שלב 2 חסכון 700 גר,מולינו ניקולי s.p.a,IL,מטרנה אקסטרה קייר שלב 2 700 גרם,גרמים,700.00,100 גרם,false,1,64.90,9.2714,true,1,70279
7290013117212,false,בורקס פילו במילוי גבינה מעדנות 600 גר,מיוצר עי קונדיטוריית,IL,בורקס פילו במילוי גבינה 600 גרם,גרמים,600.00,100 גרם,false,1,22.50,3.7500,true,1,62060
7290013117243,false,בורקס פילו בולגרית מעדנות 600 ג',מיוצר עי קונדיטוריית,IL,בורקס פילו בולגרית 600 גרם,גרמים,600.00,100 גרם,false,1,22.50,3.7500,true,1,62063
7290013117526,false,בצק שמרים למאפים מתוקים מעדנות 900 ג',"מעדנות בע""מ",IL,בצק שמרים למאפים מתוקים 900 גר,גרמים,900.00,100 גרם,false,1,25.40,2.8222,true,1,77108
7290013144393,false,"תמצית בטעם וניל מימונס 50 מ""ל",מיוצר עי קונדיטוריית,IL,מימונס תמצית אפיה בטעם וניל 50 מל,מיליליטרים,50.00,"100 מ""ל",false,1,4.90,9.8000,true,1,79700
7290013144416,false,"תמצית בטעם שקדים מימונס 50 מ""ל",מיוצר עי קונדיטוריית,IL,מימונס תמצית אפיה בטעם שקדים 50 מל,גרמים,50.00,100 גרם,false,1,4.90,9.8000,true,1,96992
7290013144508,false,"תמצית בטעם ורדים מימונס 50 מ""ל",מיוצר עי קונדיטוריית,IL,מימונס תמצית אפיה בטעם ורדים 50 מל,גרמים,50.00,100 גרם,false,1,9.90,19.8000,true,1,67943
7290013145055,true,פרג שלם,א.ל ייצור ושיווק תבל,IL,פרג שלם,גרמים,100.00,100 גרם,false,1,6.90,6.9000,true,1,119611
7290013145109,true,שקד מולבן טחון 100גר,מיוצר עי קונדיטוריית,IL,"מיימונס, שקד מולבן טחון, 100 גרם",Unknown,0.00,Unknown,false,1,14.90,0.0000,true,1,73943
7290013145192,true,שומשום,מיוצר עי קונדיטוריית,IL,"מימונס, שומשום, 100% טהור, 100 גרם",גרמים,100.00,100 גרם,false,1,4.90,4.9000,true,1,119618
7290013145628,false,סוכריות צבעוניות לקישוט מימונס 200 ג',א.ל ייצור ושיווק תבל,IL,סוכריות אדומות לקישוט 200גרם,גרמים,200.00,100 גרם,false,1,9.90,4.9500,true,1,119578
7290013151209,false,קורנישון מלפפון בחומ,יוניקורן פיקלס,,קורנישון מלפפון בחומץ 690 גרם,גרמים,690.00,100 גרם,false,1,11.90,1.7246,true,1,90868
7290013268020,false,סנו - מקסימה מרכך כביסה מרוכז אולטרה פרש 1 ליטר,"סנו מפעלי ברונוס בע""",IL,מרכך מרוכז א.פרש 1ל' 40 כביסות,ליטרים,1.00,ליטר,false,1,18.90,18.9000,true,1,65327
7290013268204,false,מגבונים לניקוי וחיטוי מושב האסלה 20 יח' סנו,טרופיקל דגיל- תעשיות,IL,"סנובון מגבונים לניקוי וחיטוי מושב האסלה, 20 יחידות",לא מנהל יחידת מידה,0.00,לא מנהל יחידת מידה,false,1,10.90,0.0000,true,1,119292
7290013268891,false,אוקסיג'ן ג'ל מסיר כתמים 3 ל' סנו,"סנו מפעלי ברונוס בע""",IL,אוקסיג'ן גל,ליטרים,3.00,ליטר,false,1,34.60,11.5333,true,1,75209
7290013269287,false,סנו - מקסימה ג'ל כביסה מרוכז מאסק 3 ליטר,"סנו מפעלי ברונוס בע""",IL,"ג""ל כביסה מקסימה בניחוח מאסק 3 ליטר",ליטרים,3.00,ליטר,false,1,29.90,9.9667,true,1,82494
7290013269638,true,ספוג הפלא אקסטרא,טרופיקל דגיל תעשיות,IL,סנו סושי - ספוג הפלא EXTRA,יחידה,1.00,יחידה,false,1,12.90,12.9000,true,1,108835
7290013269669,false,ריצפז נוזל רצפות פנטזיה 3 ליטר,"סנו מפעלי ברונוס בע""",IL,ריצפז בניחוח פנטזיה לניקוי הריצפה 3 ליטר,ליטרים,3.00,ליטר,false,1,15.90,5.3000,true,1,87953
7290013269690,false,"סנו - ג'ל אסלה סנובון לימון 55 מ""ל",Nicolas polandמשווק,PL,ג'ל אסלה סנו,מיליליטרים,55.00,"100 מ""ל",false,1,7.90,14.3636,true,1,84667
7290013269751,false,מטליות לחותריצפז פרש לניקוי ריצפה בניחות מלון בוטיק 10 יח' סנו,טרופיקל דגיל תעשיות,IL,"סנו רצפז, מטליות לחות לניקוי הרצפה.",לא מנהל יחידת מידה,7.50,לא מנהל יחידת מידה,false,1,14.90,1.9867,true,1,121225
7290013284310,false,רוטב פסטה לילדים 240 גרם פריניר,פריניר ( הדס 1987) ב,IL,פריניר רוטב פסטה טעים לילדים 240 גרם,גרמים,240.00,100 גרם,false,1,5.90,2.4583,true,1,90002
7290013284662,false,רוטב פיצה פיתה לילדים 240 ג' פריניר,פריניר ( הדס 1987) ב,IL,פריניר רוטב פיצה פיתה 240 גרם,גרמים,240.00,100 גרם,false,1,5.90,2.4583,true,1,102310
7290013310170,false,כוסות נייר משובחות ל,,,כוסות נייר משובחות לשתיה חם/קר 50 יחידות,Unknown,0.00,Unknown,false,1,13.90,0.0000,true,1,92704
7290013310576,false,"כוסות נייר 240-8BOZמ""ל שתיה חם/קר הוסטס 50 יח'",ACSP,CN,כוסות נייר 8 לשתייה חמה 50יח 240מל,יחידה,1.00,יחידה,false,1,10.90,10.9000,true,1,131450
7290013358356,false,מאסטר שף - פירורי לחם מוזהבים 320 גרם,מנה י.א בעמ,IL,פירורי לחם מוזהבים 350 גרם מאסטר שף,גרמים,300.00,100 גרם,false,1,7.90,2.6333,true,1,81512
7290013358363,false,פירורי לחם פנקו מזוהבים מאסטר שף מנה 300 ג',קריניציה ויטמינה אס,IL,פירורי לחם יפנים פנקו 300 גרם,גרמים,300.00,100 גרם,false,1,9.90,3.3000,true,1,81466
7290013358370,false,פירורי לחם פנקו מוזהבים שום 300 גרם מנה,"מיוצר ע""י מנה י.א בע",IL,פירורי לחם יפנים טעם שום 300 גרם,גרמים,300.00,100 גרם,false,1,9.90,3.3000,true,1,81467
7290013358417,false,מנה אסייאתי רוטב טריאקי 300 מל מאסטר שף,קריניציה ויטמינה אס,TH,מאסטר שף רוטב טריאקי אסייאתי 300 מל,מיליליטרים,300.00,"100 מ""ל",false,1,12.90,4.3000,true,1,109347
7290013358462,false,מנה קרוטונים למרק שום בצל פטרוזיליה 350ג,"עינת תעשיות מזון, אג",IL,"מאסטר שף, מיני קרוטונים למרק, 350 גרם",גרמים,350.00,100 גרם,false,1,18.90,5.4000,true,1,94837
7290013358493,false,מנה אסייאתי קרם קוקוס פחית 400 מל מ.שף,תאי קוקונט פבליק קומ,TH,מאסטר שף קרם קוקוס 400 מל,מיליליטרים,400.00,"100 מ""ל",false,1,9.90,2.4750,true,1,109210
7290013358516,false,מאסטר שף מיקסלט עם חמוציות 200 גרם,המאפיה של הרמן,IL,מיקסלט עם חמוציות 200 גרם,גרמים,200.00,100 גרם,false,1,14.80,7.4000,true,1,101197
7290013358523,false,מאסטר שף שבבי בצל מטוגן 150 גרם,קריניציה ויטמינה אס,NL,מאסטר שף שבבי בצל מטוגן 150 גרם,גרמים,150.00,100 גרם,false,1,14.80,9.8667,true,1,101902
7290013358530,false,מאסטר שף אסייאתי רוטב צ'ילי מתוק 700 מל,קריניציה ויטמינה אס,TH,מאסטר שף רוטב צ'ילי מתוק 700 מל,מיליליטרים,700.00,"100 מ""ל",false,1,13.90,1.9857,true,1,109144
7290013358547,false,מאסטר שף אסייאתי רוטב צ'ילי חריף 700 מל,מסוונג רונרוג בעמ,TH,מאסטר שף רוטב צ'ילי חריף 700 מל,מיליליטרים,700.00,"100 מ""ל",false,1,13.90,1.9857,true,1,109145
7290013358578,false,מנה אסייאתי אטריות אורז רחבות 400 ג מ.שף,ליינג טונג רייס פלוו,TH,מאסטר שף אטריות אורז רחבות 400 גרם,גרמים,400.00,100 גרם,false,1,9.80,2.4500,true,1,107402
7290013358585,false,מנה אסייאתי נודלס ביצים להקפצה 400 מ.שף,הנסיך- מפעל לייצור ט,CN,מאסטר שף נודלס אטריות ביצים 400 גרם,גרמים,400.00,100 גרם,false,1,9.80,2.4500,true,1,109051
7290013520067,false,10 לחמניות אצבע אגמי,מאפיית אגמי,,10 לחמניות אצבע אגמי,גרמים,750.00,100 גרם,false,1,13.90,1.8533,true,1,100999
7290013520111,false,לחמניית המבורגר,מאפיית אגמי,IL,לחמניית המבורגר אמריקאי 6 יח,גרמים,600.00,100 גרם,false,1,14.90,2.4833,true,1,123286
7290013520142,false,8 לחמניות קלות אגמי,מאפיית אגמי,,8 לחמניות קלות אגמי,גרמים,400.00,100 גרם,false,1,13.90,3.4750,true,1,100998
7290013520463,true,כוסמין לחם בריאות,,,כוסמין לחם בריאות,גרמים,600.00,100 גרם,false,1,16.50,2.7500,true,1,122890
7290013520500,true,8 לחמניות מקמח כוסמי,,,8 לחמניות מקמח כוסמי,גרמים,400.00,100 גרם,false,1,16.90,4.2250,true,1,118863
7290013539915,false,אל סבון נוזלי משאבה תה לבן סטייל 1 ל,כצט,TR,סטייל אל סבון ארומטי בניחוח תה לבן 750 מל,ליטרים,1.00,ליטר,false,1,16.70,16.7000,true,1,85799
7290013585233,false,"ספרייט ZERO פחית סליק 330 מ""ל",קוקה קולה,IL,"גזוז בטעם לימון ליים דל קלוריות 330 מ""ל",מיליליטרים,330.00,"100 מ""ל",false,1,5.90,1.7879,true,1,106348
7290013585257,false,"ספרייט ZERO בקבוק 500 מ""ל",החברה המרכזית לייצור,IL,"ZERO ספרייט 500 מ""ל",מיליליטרים,500.00,"100 מ""ל",false,1,7.50,1.5000,true,1,106346
7290013585387,false,קוקה קולה זירו בקבוק,החברה המרכזית לייצור,IL,ZERO תריסר 1 ליטר,ליטרים,1.00,ליטר,false,1,8.00,8.0000,true,1,104820
7290013585394,false,קוקה קולה 1 ליטר,החברה המרכזית לייצור,IL,קוקה קולה 1 ליטר תריסר,ליטרים,1.00,ליטר,false,1,8.00,8.0000,true,1,104819
7290013608260,false,פרימור מיץ רימונים 100% סחוט טרי 1ל',גניר,IL,7290068700001,ליטרים,1.00,ליטר,false,1,26.00,26.0000,true,1,99843
7290013608673,false,נקטר תפוחי עץ 1 ל' פרימור,סטאר סנקס,IL,נקטר תפוחי עץ ‏1‏ל,לא מנהל יחידת מידה,0.00,לא מנהל יחידת מידה,false,1,8.90,0.0000,true,1,123912
7290013725820,false,אגוזי לוז בשוקולד מריר 140 גר שקדיה,"דין שיווק וקליה בע""מ",IL,אגוזי לוז בציפוי שוקולד מריר 140 גרם,גרמים,140.00,100 גרם,false,1,10.90,7.7857,true,1,64593
7290013816009,true,שוקולד טבעוני הולי ק,הולי קקאו,IL,שוקולד טבעוני הולי קקאו 90% קקאו,גרמים,100.00,100 גרם,false,1,19.90,19.9000,true,1,132899
7290013816016,true,שוקולד טבעוני הולי ק,הולי קקאו,IL,שוקולד טבעוני הולי קקאו 100% קקאו,גרמים,100.00,100 גרם,false,1,19.90,19.9000,true,1,132900
7290013848017,false,"סנו נירוסטה מתז 500 מ""ל","סנו מפעלי ברונוס בע""",IL,ניקוי והברקת נירוסטה,לא מנהל יחידת מידה,0.00,לא מנהל יחידת מידה,false,1,19.90,0.0000,true,1,119295
7290013848345,false,מארז מטליות לחות לחיטוי שלישיה 3 * 50 יח' סנו,סנו מפעלי ברונוס בעמ,IL,מטליות לחות שלישייה לניקוי 99%,לא מנהל יחידת מידה,0.00,לא מנהל יחידת מידה,false,1,21.90,0.0000,true,1,122329
7290013906441,false,קבנוס טירת צבי 120 גר,הנסיך- מפעל לייצור ט,IL,קבנוס נקניק מעושן יבש 120 גרם,גרמים,120.00,100 גרם,false,1,11.90,9.9167,true,1,93950
7290013906458,false,קבנוס בטעם פיקנטי טירת צבי 120 גר,הנסיך- מפעל לייצור ט,IL,טירת צבי קבנוס פיקנטי נקניק מעושן יבש 120 גרם,גרמים,120.00,100 גרם,false,1,11.90,9.9167,true,1,97479
7290013906489,false,חטיפי מיני קבנוס 120 ג' טירת צבי,הנסיך- מפעל לייצור ט,IL,טירת צבי חטיפי מיני קבנוס 120 גרם,גרמים,120.00,100 גרם,false,1,11.90,9.9167,true,1,97480
7290013906496,false,פסטרמה עגל בסגנון רומני טירת צבי 120 גר,הנסיך- מפעל לייצור ט,IL,פסטרמה עגל בסגנון רומני 120 גרם,גרמים,120.00,100 גרם,false,1,15.90,13.2500,true,1,101792
7290013906519,false,פרושוטו בקר דליקטיב 100 גרם,הנסיך- מפעל לייצור ט,IL,פרושוטו בקר 100 גרם,גרמים,100.00,100 גרם,false,1,26.90,26.9000,true,1,101793
7290013971555,false,מארז פוגיקום 8+4,פוג'יקום,,מארז פוגיקום 8+4,לא מנהל יחידת מידה,0.00,לא מנהל יחידת מידה,false,1,19.90,0.0000,true,1,96540
7290014094338,false,דלעת מקולפת 250 קופסא,"דין שיווק וקליה בע""מ",,דלעת מקולפת 250 גרם,גרמים,250.00,100 גרם,false,1,14.90,5.9600,true,1,138534
7290014094345,false,ששון הקולה גרעיני חמ,"דין שיווק וקליה בע""מ",,חמניות קלופות 300 גרם,גרמים,300.00,100 גרם,false,1,11.90,3.9667,true,1,138535
7290014094369,false,שקד טבעי 200 גר קופסא ששון הקולה,"דין שיווק וקליה בע""מ",,שקד טבעי בקופסא 200 גרם,גרמים,200.00,100 גרם,false,1,21.90,10.9500,true,1,137954
7290014094376,false,שזיפים ללא גלעין 330 גר,"דין שיווק וקליה בע""מ",,שזיפים ללא גלעין בקופסא 250 גרם,גרמים,250.00,100 גרם,false,1,19.90,7.9600,true,1,138704
7290014094383,false,משמש מיובש בקופסא 33,"דין שיווק וקליה בע""מ",,משמש מיובש בקופסא 250 גרם,גרמים,250.00,100 גרם,false,1,19.90,7.9600,true,1,97560
7290014094406,false,צימוק לבן 250 גרם ששון הקולה,"דין שיווק וקליה בע""מ",,צימוק לבן בקופסא 330 גרם,גרמים,330.00,100 גרם,false,1,14.90,4.5152,true,1,138705
7290014094659,false,אגוזי לוז טבעיים 250,דין שיווק,IL,אגוזי לוז טבעיים 250 גרם,גרמים,250.00,100 גרם,false,1,27.90,11.1600,true,1,138536
7290014094796,false,משמש מיובש 300 גרם ששון הקולה,"דין שיווק וקליה בע""מ",,משמש בשקית 300 גרם,גרמים,300.00,100 גרם,false,1,16.90,5.6333,true,1,137940
7290014094833,false,צימוק בהיר 300 גרם ששון הקולה,"דין שיווק וקליה בע""מ",,צימוק לבן שקית 300 גרם,גרמים,300.00,100 גרם,false,1,13.90,4.6333,true,1,102583
7290014094840,false,צימוק כהה 300 גרם ששון הקולה,"דין שיווק וקליה בע""מ",,צימוק חום שקית 300 גרם,גרמים,300.00,100 גרם,false,1,13.90,4.6333,true,1,102584
7290014094857,false,פקאן סיני מסוכר 150 גרם ששון הקולה,דין שיווק,IL,פקאן סיני מסוכר 150 גרם,גרמים,150.00,100 גרם,false,1,17.90,11.9333,true,1,137892
7290014094864,false,פיסטוק קלוי 170 גר עם קליפה ששון הקולה,דין שיווק,IL,פיסטוק קלוי 170גרם,גרמים,170.00,100 גרם,false,1,18.90,11.1176,true,1,137918
7290014095953,false,משוקלדים פקאן בשוקולד חלב 140 ג',שקדיה גבע בתעשיות עמ,IL,משוקלדים פקאן חלב 140 גר קופסא,גרמים,140.00,100 גרם,false,1,10.90,7.7857,true,1,138059
7290014217065,false,תבלין אורגנו עלים 30 גר',תות ממתקי איכות,IL,תבליני טעם וריח אורגנו 100% 30 גרם,Unknown,0.00,Unknown,false,1,9.90,0.0000,true,1,86190
7290014217119,false,תערובת לצ'יפס מיכל 100 ג',תות ממתקי איכות,IL,"תבליני טעם וריח תערובת תיבול לצ'יפס, 100 גרם",Unknown,0.00,Unknown,false,1,9.90,0.0000,true,1,103038
7290014217140,false,תבלין ראס אל חנות טעם וריח 100ג',תות ממתקי איכות,IL,תבליני טעם וריח ראס אל חנות 100 גרם,גרמים,100.00,100 גרם,false,1,9.90,9.9000,true,1,103041
7290014217171,false,תערובת תיבול תיבול גריל דג מיכל 100ג',תות ממתקי איכות,IL,תבליני טעם וריח תערובת תיבול גריל דג 100 גרם,Unknown,0.00,Unknown,false,1,9.90,0.0000,true,1,103044
7290014217201,false,תערובת תיבול סומק 45 גר',תות ממתקי איכות,IL,תבליני טעם וריח מיכל קטן סומק 45 גרם,גרמים,45.00,100 גרם,false,1,6.90,15.3333,true,1,120653
7290014217225,false,תבלין גריל עוף מיכל 120גר,תות ממתקי איכות,IL,"תבליני טעם וריח, תערובת תיבול גריל עוף, 120 גרם",גרמים,120.00,100 גרם,false,1,9.90,8.2500,true,1,99088
7290014217263,false,תערובת תיבול לפרגיות 100ג',תות ממתקי איכות,IL,"תבליני טעם וריח תערובת תיבול לפרגיות, 100 גרם",גרמים,100.00,100 גרם,false,1,9.90,9.9000,true,1,111266
7290014217355,false,תבלין אבקת קרי מיכל 100ג',תות ממתקי איכות,IL,"תבליני טעם וריח, אבקת קארי, 100 גרם",Unknown,0.00,Unknown,false,1,9.90,0.0000,true,1,99426
7290014217362,false,תבלין תיבול לקציצות מיכל 100 ג',תות ממתקי איכות,IL,תבליני טעם וריח תערובת תיבול לקציצות 100 גרם,Unknown,0.00,Unknown,false,1,9.90,0.0000,true,1,99427
7290014218932,false,חטיפי פיצה בתוספת זיתים 710 ג' מעדנות,מיוצר עי קונדיטוריית,IL,חטיפי פיצה בתוספת זיתים בשקית 710 גרם,גרמים,710.00,100 גרם,false,1,34.90,4.9155,true,1,123092
7290014369269,false,שלגון MOJO קוקוס אננ,פיקסל,IL,שלגון MOJO קוקוס אננס 69 גרם,גרמים,69.00,100 גרם,false,1,9.90,14.3478,true,1,131048
7290014369306,false,שלגון תות שדה טבעי מ,איתלק,IL,שלגון MOJO תות שדה טבעי 70 גרם,גרמים,70.00,100 גרם,false,1,9.90,14.1429,true,1,123161
7290014369320,false,שלגון סורבה קוקוס טב,איתלק,IL,שלגון MOJO סורבה קוקוס טבעי 70 גרם,גרמים,70.00,100 גרם,false,1,9.90,14.1429,true,1,123163
7290014369337,false,שלגון MOJO מנגו טרופ,איתלק,IL,שלגון MOJO מנגו טרופי טבעי 70 גרם,גרמים,70.00,100 גרם,false,1,9.90,14.1429,true,1,123164
7290014369351,false,שלגון מנגו אננס ופסי,איתלק,IL,מנגו אננס ופסיפלורה טבעיים 70 גרם,גרמים,70.00,100 גרם,false,1,9.90,14.1429,true,1,123166
7290014369412,false,שלגון שוקולד בלגי בצ,איתלק,IL,שלגון MOJO שוקולד בלגי 70 גרם,גרמים,70.00,100 גרם,false,1,9.90,14.1429,true,1,123171
7290014369498,false,שלגון יוגורט ופטל טב,איתלק,IL,שלגון יוגורט ופטל טבעי בציפוי שוקולד מריר,גרמים,70.00,100 גרם,false,1,9.90,14.1429,true,1,127451
7290014369566,false,מאגדת 1/5 MOJO מיני,פיקסל,IL,מאגדת 1/5 MOJO מיני סורבה קוקוס + שוקולד,גרמים,240.00,100 גרם,false,1,27.90,11.6250,true,1,126990
7290014369795,false,שלגון אננס עם חתיכות,גלידת אילו,IL,שלגון אננס עם חתיכות תות 71גרם,גרמים,71.00,100 גרם,false,1,9.90,13.9437,true,1,140283
7290014369801,false,שלגון קרם קוקוס עם ח,גלידת אילו,IL,שלגון קרם קוקוס עם חתיכות אוכמניות 71 גרם,גרמים,71.00,100 גרם,false,1,9.90,13.9437,true,1,140284
7290014369825,false,שלגון תות עם חתיכות,גלידת אילו,IL,שלגון תות עם חתיכות ליצי 71גרם,גרמים,71.00,100 גרם,false,1,9.90,13.9437,true,1,140285
7290014369832,false,שלגון מקיאטו 71גרם,גלידת אילו,IL,שלגון מקיאטו 71גרם,גרמים,71.00,100 גרם,false,1,9.90,13.9437,true,1,140282
7290014397538,false,"סנופרש הום בניחוח בוקר אביבי 350 מ""ל",סנו מפעלי ברונוס בעמ,IL,פרש הום מבשם לבית סבון מפנק 350 מל,מיליליטרים,350.00,"100 מ""ל",false,1,15.90,4.5429,true,1,88723
7290014397767,false,סנו ריצפז פרש הום כותנה מלטפת 2 ליטר,"סנו מפעלי ברונוס בע""",IL,ריצפז פרש הום כותנה מלטפת 2 ליטר,ליטרים,2.00,ליטר,false,1,21.90,10.9500,true,1,93486
7290014459137,false,"צ'יפס תפוגן סטייק 1.5 ק""ג","תעשיות תפוגן בע""מ",IL,תפוגן סטייק צ'יפס 8*1.5קג,קילוגרמים,1.50,"ק""ג",false,1,26.90,17.9333,true,1,95124
7290014459632,false,"צ'יפס טוגן תפוגן 1.5 ק""ג",תפוגן,IL,ציפס טוגן 1.5קג,קילוגרמים,1.50,"ק""ג",false,1,21.90,14.6000,true,1,142941
7290014472228,false,תאנים בקופסא 330 גר,"דין שיווק וקליה בע""מ",,תאנים בקופסא 330 גרם,גרמים,330.00,100 גרם,false,1,22.90,6.9394,true,1,137960
7290014472488,false,שקד קלוי ענק 250 גרם פרימיום ששון הקולה,דין שיווק,IL,שקד קלוי ענק 250גרם פרימיום,גרמים,250.00,100 גרם,false,1,25.90,10.3600,true,1,137934
7290014525672,false,מרבה על חלל עוגיות עם סוכריות שוקולד 140 יח',"מרבה בע""מ",NL,מרבה עוגיות עם סוכריות שוקולד חלב צבעוניות,גרמים,140.00,100 גרם,false,1,9.90,7.0714,true,1,130969
7290014581036,false,"פחם טבעי קטן 2 ק""ג",,,"פחם להבה 2 ק""ג",קילוגרמים,2.00,"ק""ג",false,1,14.90,7.4500,true,1,116729
7290014581319,false,מנגל קטן+ רשת,,,מנגל פח + רשת,יחידה,1.00,יחידה,false,1,29.90,29.9000,true,1,127263
7290014603028,false,סולרו תות שדה יחידות 76 ג',"מיוצר ע""י גלידת שטרא",IL,שלגון סולרו וניל ציפוי תות,גרמים,76.00,100 גרם,false,1,10.90,14.3421,true,1,89188
7290014692336,false,שיני שום במלח ויליפוד 340ג',לינאי קטימה פודסטאפ,CN,ויליפוד שיני שום במי מלח 340 גרם,גרמים,340.00,100 גרם,false,1,14.90,4.3824,true,1,90638
7290014692565,false,גרעיני תירס מתוק וילי פוד 320 גרם,אקו קונסרויפרי קי.אפ,HU,ויליפוד גרעיני תירס מתוק 320 גרם,גרמים,320.00,100 גרם,false,1,5.90,1.8438,true,1,109154
7290014749245,false,ספיישל רצועות שניצל שומשום עוף טוב 600 גרם,מוצרי עוף טוב (2001),IL,עוף טוב ספיישל רצועות שניצל שמשם.12*600ג,גרמים,600.00,100 גרם,false,1,36.90,6.1500,true,1,126477
7290014749702,false,ש.עוף ביתי עם שומשום,מוצרי עוף טוב (2001),IL,שניצל עוף טוב בציפוי שומשום 700גרם,גרמים,700.00,100 גרם,false,1,44.90,6.4143,true,1,127033
7290014749764,false,שניצל עוף ביתי עדין עוף טוב 700 גרם,מוצרי עוף טוב (2001),IL,עוף טוב שניצל עוף ביתי עדין כזה 700גרם,לא מנהל יחידת מידה,0.00,לא מנהל יחידת מידה,false,1,44.90,0.0000,true,1,127036
7290014759084,false,גבינת שמנת 16% בטעם טבעי 225 ג' נפוליאון,הרדוף חלב,IL,גבינת שמנת נפוליאון בסגנון צרפתי 225 גרם,גרמים,225.00,100 גרם,false,1,14.60,6.4889,true,1,94802
7290014759534,false,גבינה בולגרית למריחה טבעי 5% 200 ג' פיראוס,"תנובה, מחלבת תל יוסף",IL,גבינה בולגרית 5% למריחה 200 גרם,גרמים,200.00,100 גרם,false,1,15.50,7.7500,true,1,95409
7290014759978,false,"גבינת קצקבל פלח גלעד 27%, 200 ג'",תנובה,IL,"קצ""קבל פלח 200 גרם קולקשיין",גרמים,200.00,100 גרם,false,1,28.90,14.4500,true,1,95800
7290014759985,false,"גבינת פרמזן גבע 23% פלח, 200 ג'",תנובה,IL,פרמזן פלח 200 גרם קולקשיין,גרמים,200.00,100 גרם,false,1,27.90,13.9500,true,1,95801
7290014759992,false,גבינת רוקפור גליל פלח 140 ג' תנובה,"תנובה, מחלבת תל יוסף",IL,גבינת רוקפור פלח 140 גרם קולקשיין,גרמים,140.00,100 גרם,false,1,20.90,14.9286,true,1,95411
7290014760134,false,מעדן סויה ביו בטעם ו,פ.פ.ח. שאביט,IL,מעדן סויה ביו בטעם וניל 125 גרם,גרמים,125.00,100 גרם,false,1,4.20,3.3600,true,1,117554
7290014760141,true,משקה שקדים טרי 1 ליט,תות תעשיות מזון (201,IL,משקה שקדים טרי 1 ליטר,ליטרים,1.00,ליטר,false,1,13.90,13.9000,true,1,108552
7290014760448,false,מאגדת גלבוע 22% 400 גר,מחלבת בית יצחק,IL,"גלבוע פרוסות גבינה חצי קשה, 22% שומן 400 גרם",גרמים,400.00,100 גרם,false,1,26.90,6.7250,true,1,98638
7290014761056,false,מעדן שוקולד חלב מעולה 123 ג' יולו,מיוצר עי קונדיטוריית,IL,YOLO מעדן שוקולד חלב מעולה 123 גרם,גרמים,123.00,100 גרם,false,1,4.70,3.8211,true,1,102771
7290014761063,false,מעדן שוקולד מריר מעולה 123 ג' יולו,מיוצר עי קונדיטוריית,IL,YOLO מעדן שוקולד מריר מעולה 123 גרם,גרמים,123.00,100 גרם,false,1,4.70,3.8211,true,1,102772
7290014761070,false,מעדן שוקולד לבן מעולה 123 ג' יולו,מיוצר עי קונדיטוריית,IL,YOLO מעדן שוקולד לבן מעולה 123 גרם,גרמים,123.00,100 גרם,false,1,4.70,3.8211,true,1,102773
7290014761193,true,יוגורט פירות יער,מיוצר עי קונדיטוריית,IL,פרילי פירות יער,גרמים,125.00,100 גרם,false,1,3.70,2.9600,true,1,114370
7290014761414,false,יולו מעדן שכבות שוקולד חלב ולבן 123 גר,מיוצר עי קונדיטוריית,IL,YOLO מעדן שכבות שוקולד חלב ולבן 122 גרם,גרמים,123.00,100 גרם,false,1,4.70,3.8211,true,1,102774
7290014762800,false,מעדן סויה שוקולד גביע 125 ג',תות תעשיות מזון (201,IL,תנובה מעדן סויה שוקולד 2% שומן 125 גרם,גרמים,125.00,100 גרם,false,1,4.20,3.3600,true,1,114973
7290014762831,false,גבינת שמנת חלפיניו 24% שומן 225 ג' נפוליאון,הרדוף חלב,IL,גבינת נפוליאון 24% חלפיניו 225 גרם,גרמים,225.00,100 גרם,false,1,14.60,6.4889,true,1,114982
7290014762909,false,פתיתי מוצרלה 20% שומן 200 ג' השף הלבן,"תנובה, מחלבת תל יוסף",IL,פתיתי מוצרלה 10% תוספת השף הלבן,גרמים,200.00,100 גרם,false,1,19.90,9.9500,true,1,111368
7290014791862,false,"שוופס פרוט ווטר אפרסק 500מ""ל",יפאורה תבורי בעמ,IL,Fruit Water אפרסק 0.5 ל',מיליליטרים,500.00,"100 מ""ל",false,1,7.00,1.4000,true,1,113074
7290014821057,false,כבל AUX - אלומניום,,,כבל AUX - אלומניום,לא מנהל יחידת מידה,0.00,לא מנהל יחידת מידה,false,1,29.90,0.0000,true,1,125742
7290014821064,false,כבל סנכרון אלומניום גלקסי 2 מטר,,,כבל גלקסי 2 מטר,יחידה,1.00,יחידה,false,1,29.90,29.9000,true,1,125778
7290014821088,false,כבל אייפון מאושר אפל,,,כבל אייפון מאושר אפל 2.1,יחידה,1.00,יחידה,false,1,49.90,49.9000,true,1,125741
7290014821095,false,מטען רכב אייפון מאוש,,,מטען רכב אייפון מאושר אפל 2.1,יחידה,1.00,יחידה,false,1,79.90,79.9000,true,1,125770
7290014821118,false,מעמד אופנתי לסלולר ש,,,מעמד אופנתי לסלולר שחור creative dash 1,יחידה,1.00,יחידה,false,1,99.90,99.9000,true,1,125774
7290014821569,false,כבל סנכרון אלומניום אייפון 6 2 מטר,,,כבל אייפון 2 מטר,יחידה,1.00,יחידה,false,1,39.90,39.9000,true,1,125763
7290014855434,false,מגבונים בייביסיטר פרפורמנס מבושם רביעיה,די פי אל,,מגבוני בייביסיטר רביעייה מבושם,יחידה,0.00,יחידה,false,1,19.70,0.0000,true,1,108629
7290014855458,false,מגבוני בייביסיטר פרפורמנס ללא בישום מארז 72X4יח',די פי אל,,מגבונים בייביסיטר רביעייה לא בישום,לא מנהל יחידת מידה,0.00,לא מנהל יחידת מידה,false,1,19.70,0.0000,true,1,108628
7290014905160,false,"הפי מטהר אוויר פניני ריח בניחוחות, 130 גרם",יוליניבר,IL,יעקבי פניני ריח לימון 130 גרם,יחידה,1.00,יחידה,false,1,11.90,11.9000,true,1,98639
7290014905733,false,"הפי פרפקט לניקוי שמשות 750 מ""ל",יוליניבר,IL,יעקבי ברק קריסטלי ניקוי שמשות 750 מל,מיליליטרים,750.00,"100 מ""ל",false,1,8.90,1.1867,true,1,101518
7290014949751,false,אוטן ג'וניור ג'ל לילדים 100מ''ל,ג'נרל מילס סאן אדריא,NL,"אוטן ג""וניור ג""ל ילדים 100 מל",מיליליטרים,100.00,"100 מ""ל",false,1,17.90,17.9000,true,1,97688
7290014949768,false,אוטן אפטר בייט 25 מ''ל,המאפיה של הרמן,IT,אוטן אפטר בייט-ג'ל להרגעת העור לאחר עקיצה,מיליליטרים,25.00,"100 מ""ל",false,1,25.90,103.6000,true,1,97689
7290015008570,false,"קערה גדולה שקופה קשיחה לאירוח ח""פ",,CN,קערה קשיחה לאירוח 1.5 ליטר שקופה,Unknown,0.00,Unknown,false,1,6.90,0.0000,true,1,128834
7290015009003,false,"חומץ בן יין לבן 500 מ""ל",מנדלז סי.אר. פרודקשן,ES,דניאל חומץ בן יין לבן 500 מל,מיליליטרים,500.00,"100 מ""ל",false,1,14.90,2.9800,true,1,97419
7290015009010,false,"חומץ בן יין אדום 500 מ""ל",מנדלז סי.אר. פרודקשן,ES,חומץ בן יין אדום 5%,מיליליטרים,500.00,"100 מ""ל",false,1,14.90,2.9800,true,1,97420
7290015009027,false,חומץ בלסמי חומציות 6,אקובינל,ES,חומץ בלסמי חומציות 6%,מיליליטרים,500.00,"100 מ""ל",false,1,21.90,4.3800,true,1,98281
7290015009041,false,חומץ תפוחים חומציות,מנדלז סי.אר. פרודקשן,ES,דניאל חומץ תפוחים 500 מל,מיליליטרים,500.00,"100 מ""ל",false,1,15.90,3.1800,true,1,100345
7290015009225,false,ריבת חלב מקורית דניא,קארו,,ריבת חלב מקורית דניאל 450 גרם,גרמים,450.00,100 גרם,false,1,19.90,4.4222,true,1,113512
7290015009393,false,זיתים שחורים מגולענים מזן קלמטה 430 גרם,אידיאל ס.א,GR,זיתים שחורים מגולענים קלמטהIDEAL גרם250,גרמים,250.00,100 גרם,false,1,16.90,6.7600,true,1,133977
7290015155830,false,מחית תפוח בננה חטיפטף פרינוק 120 גר,פרוטה פודיווין,CZ,"פרינוק חטיפטף מחית תפוח בננה 100% פרי, 120 גרם",גרמים,120.00,100 גרם,false,1,5.50,4.5833,true,1,124891
7290015161558,false,קמח שיבולת שועל מלאה ללא גלוטן 500 גרם,"ב.א מזון בע""מ",DK,קוואקר שיבולת שועל מלאה ללא גלוטן500גרם,גרמים,500.00,100 גרם,false,1,21.90,4.3800,true,1,117045
7290015161848,false,"פת פריכה אורגנית לל""ג כוסמת וקינואה 100",אקסטרודו בצ'יצה,CZ,נוטרה זן פת פריכה אורגנית עם כוסמת וקינואה 100 גרם,גרמים,100.00,100 גרם,false,1,13.90,13.9000,true,1,117049
7290015176361,false,מברשת שיניים חשמלית למבוגרים-FJ-TBFJ-ABLUE,פוג'יקום,,מברשת שיניים חשמלית פוגיקום כחול,יחידה,1.00,יחידה,false,1,39.90,39.9000,true,1,113254
7290015176378,false,מברשת שיניים חשמלית למבוגרים-FJ-TBFJ-APURPLE,פוג'יקום,,מברשת שיניים חשמלית סגולה,יחידה,1.00,יחידה,false,1,39.90,39.9000,true,1,113251
7290015176385,false,מברשת שיניים חשמלית לילדים בצבע כחול,פוג'יקום,,מברשת שיניים חשמלית פוגיקום,יחידה,1.00,יחידה,false,1,39.90,39.9000,true,1,113255
7290015176392,false,מברשת שיניים חשמלית פוג'יקום לילד ורוד,פוג'יקום,,מברשת שיניים חשמלית ילדות פוגיקום,יחידה,1.00,יחידה,false,1,39.90,39.9000,true,1,113253
7290015282710,false,קוביות סלק שמיר 200 גר',"סלטי שמיר 2006 בע""מ",IL,קוביות סלק 200 גרם,גרמים,200.00,100 גרם,false,1,12.90,6.4500,true,1,117612
7290015324007,false,תבלין פלפל שחור גרוס 80 ג',תות ממתקי איכות,IL,"תבליני טעם וריח, 100% פלפל שחור גרוס, 80 גרם",גרמים,80.00,100 גרם,false,1,9.90,12.3750,true,1,97690
7290015324014,false,תבלין פלפל שחור טחון 80 ג',תות ממתקי איכות,IL,"תבליני טעם וריח, 100% פלפל שחור טחון, 80 גרם",גרמים,80.00,100 גרם,false,1,9.90,12.3750,true,1,97691
7290015324038,false,פפריקה מתוקה בשמן 80 גר',תות ממתקי איכות,IL,פפריקה בשמן 80 גרם,גרמים,80.00,100 גרם,false,1,5.90,7.3750,true,1,97692
7290015324045,false,תבלין פפריקה חריפה 80 גר' שק',תות ממתקי איכות,IL,"תבליני טעם וריח, 100% פפריקה חריפה, 80 גרם",גרמים,80.00,100 גרם,false,1,5.90,7.3750,true,1,97693
7290015324052,false,תבלין פפריקה מתוקה 80 ג',תות ממתקי איכות,IL,"תבליני טעם וריח, 100% פפריקה מתוקה, 80 גרם",גרמים,80.00,100 גרם,false,1,5.90,7.3750,true,1,97694
7290015324069,false,טעם וריח גריל עוף שק,תות ממתקי איכות,IL,"תבליני טעם וריח, תערובת תיבול גריל עוף, 80 גרם",גרמים,80.00,100 גרם,false,1,5.90,7.3750,true,1,97695
7290015324076,false,טעם וריח זעתר שקית 8,תות ממתקי איכות,IL,"תבליני טעם וריח, תערובת תיבול זעתר, 80 גרם",גרמים,80.00,100 גרם,false,1,5.90,7.3750,true,1,97720
7290015324083,false,טעם וריח מלח לימון ש,תות ממתקי איכות,IL,"תבליני טעם וריח, 100% מלח לימון, 80 גרם",גרמים,80.00,100 גרם,false,1,5.90,7.3750,true,1,97696
7290015324090,false,תבלין כמון טחון 80 ג',תות ממתקי איכות,IL,"תבליני טעם וריח, 100% כמון מזרחי, 80 גרם",גרמים,80.00,100 גרם,false,1,5.90,7.3750,true,1,97697
7290015324106,false,תבלין כורכום טחון 80 גר',תות ממתקי איכות,IL,"תבליני טעם וריח, 100% כורכום, 80 גרם",גרמים,80.00,100 גרם,false,1,5.90,7.3750,true,1,97698
7290015324151,false,תבלין חוויאג למרק ב,תות ממתקי איכות,IL,חוויאג למרק 80 גרם,גרמים,80.00,100 גרם,false,1,5.90,7.3750,true,1,97701
7290015324168,false,תבלין על האש תיבול 80 גר' שק',תות ממתקי איכות,IL,"תבליני טעם וריח, תערובת תיבול על האש, 80 גרם",גרמים,80.00,100 גרם,false,1,5.90,7.3750,true,1,97702
7290015324540,false,טימין מכל גדול 30 גרם,"תבליני טעם וריח בע""מ",IL,תבליני טעם וריח טימין (קורנית) 30 גרם,גרמים,30.00,100 גרם,false,1,9.90,33.0000,true,1,125377
7290015324557,false,בהרט לבישול מיכל גדול 80 גרם,"תבליני טעם וריח בע""מ",IL,בהרט לבישול מיכל גדו,גרמים,0.00,100 גרם,false,1,9.90,0.0000,true,1,125378
7290015324663,false,צ'ילי גרוס חריף אש 70 גרם,תבליני טעם וריח,IL,תבליני טעם וריח צ'ילי גרוס חריף אש 70 גרם,גרמים,70.00,100 גרם,false,1,9.90,14.1429,true,1,129692
7290015446495,false,אול אין חטיף חלבון ב,,,אול אין חטיף חלבון בטעם שוקולד פאדג100גר,גרמים,100.00,100 גרם,false,1,19.90,19.9000,true,1,122249
7290015519144,false,מטען קיר לגלקסי פרימ,,,מטען קיר לגלקסי פרימיום 2A,יחידה,1.00,יחידה,false,1,49.90,49.9000,true,1,125762
7290015597937,false,קורנטו וניל קלאסי שטראוס 70 גר,"מיוצר ע""י גלידת שטרא",IL,קורנטו קלאסיק,גרמים,70.00,100 גרם,false,1,9.90,14.1429,true,1,116854
7290015652087,false,תערובת פיצוחים 150 גרם ששון הקולה,דין שיווק,IL,תערובת פיצוחים 150 גרם,גרמים,150.00,100 גרם,false,1,14.90,9.9333,true,1,137894
7290015848909,false,"אולטרסול תחליב קידס 30/250 מ""ל",פישר מעבדות פרמצבטיו,IL,אולטרסול תחליב קידס 30/250,לא מנהל יחידת מידה,0.00,לא מנהל יחידת מידה,false,1,44.90,0.0000,true,1,122363
7290015858700,false,אלקוגל 70% אלכוהול 100 מל,"מדשא תעשיות מזון בע""",IL,"אלקולגל 70% אלכוהול חוף ים  100 מ""ל",מיליליטרים,100.00,"100 מ""ל",false,1,9.90,9.9000,true,1,128153
7290015968201,false,כוסות נייר 50 יח לשת,,,כוסות נייר 50 יח לשתיה חמה קרה 310 מל,יחידה,1.00,יחידה,false,1,17.90,17.9000,true,1,124261
7290015968256,false,ראש מטאטא גוליה הוסט,H.N.R.P,CN,ראש מטאטא גוליה הוסטס,יחידה,1.00,יחידה,false,1,7.90,7.9000,true,1,127330
7290015968317,false,"סינרים ח""פ לתינוק",F.H.P CO LT,CN,"סינרים ח""פ לתינוק",לא מנהל יחידת מידה,0.00,לא מנהל יחידת מידה,false,1,23.90,0.0000,true,1,119655
7290015968621,false,סכינים חד פעמי מוכסף,J.E&W.Inc,,סכינים חד פעמי מוכסף מהודר 20 יחידות,לא מנהל יחידת מידה,0.00,לא מנהל יחידת מידה,false,1,8.90,0.0000,true,1,115015
7290015968669,false,גביע יין מוכסף לקידו,J.E&W.Inc,,גביע יין מוכסף לקידוש 6 יח,לא מנהל יחידת מידה,0.00,לא מנהל יחידת מידה,false,1,11.90,0.0000,true,1,115013
7290016077766,false,היינץ שעועית אפויה 453 גרם,הייבורי קנקו,CA,היינץ שעועית אפויה 453 גרם,גרמים,410.00,100 גרם,false,1,10.90,2.6585,true,1,120415
7290016087192,false,עגבניות מרוסקות מרוכזות 230 גרם פריניר,פריניר ( הדס 1987) ב,IL,פריניר מרוסקות 230 ג,גרמים,230.00,100 גרם,false,1,5.90,2.5652,true,1,115954
7290016094022,true,אולטרסול 50/200 תרסי,פישר מעבדות פרמצבטיו,IL,ספריי שקוף 50 SPF,מיליליטרים,200.00,"100 מ""ל",false,1,44.90,22.4500,true,1,122360
7290016094039,false,"ד""ר פישר - אולטרסול ספריי שקוף קידס 200 מ""ל 50SPF",פישר מעבדות פרמצבטיו,IL,ספריי שקוף לילדים 50 SPF,מיליליטרים,200.00,"100 מ""ל",false,1,44.90,22.4500,true,1,113839
7290016094091,false,"אולטרסול קידס קוליפה ספריי שקוף SPF 30,200 מ""ל",פישר מעבדות פרמצבטיו,IL,"אולטרסול רציף קידס קוליפה  200 מ""ל",מיליליטרים,200.00,"100 מ""ל",false,1,49.90,24.9500,true,1,122367
7290016102352,false,"קערה אובלית 11"" שקופה קשיחה ח""פ",,CN,קערה אובלית קשיחה לאירוח 2 ליטר שקופה,Unknown,0.00,Unknown,false,1,6.90,0.0000,true,1,128843
7290016102437,false,"מזלג הגשה בודד שקוף ח""פ",,CN,מזלג הגשה חד פעמי יחידה,Unknown,0.00,Unknown,false,1,2.90,0.0000,true,1,128845
7290016197495,false,ניקול זוג מטליות הקסם מיקרופייבר לרצפה,UFO INC,CN,מטליות מיקרופייבר רצפה,לא מנהל יחידת מידה,0.00,לא מנהל יחידת מידה,false,1,21.90,0.0000,true,1,111938
7290016230888,false,סוללה 3V (5 יחידות),,,סוללה 3V 5 יחידות,יחידה,1.00,יחידה,false,1,19.90,19.9000,true,1,118179
7290016246445,true,טחינה גולמית מעודנ,רושדי תעשיות מזון בע,IL,בארכה טחנ.גולמית מעודנת שמשם.מלא12*310ג,גרמים,310.00,100 גרם,false,1,13.90,4.4839,true,1,120595
7290016321661,false,מגבונים פרש וואנס סנסיטיב קר רביעייה,עלבד משואות יצחק,IL,פרש וואנס רביעייה סנסטיב SENSITIVE קייר,לא מנהל יחידת מידה,0.00,לא מנהל יחידת מידה,false,4,18.90,0.0000,true,1,123705
7290016408294,false,"מרשמלו ורוד לבן וסטהיים 150 ג', 26 בקרטון",מנדלז סי.אר. פרודקשן,IL,"מרשמלו ורוד לבן וסטהיים 150 ג', 26 בקרטון",גרמים,150.00,100 גרם,false,1,5.90,3.9333,true,1,113571
7290016408980,false,מטבעות שוקולד חלב 36 גרם כרמית,כרמית,IL,מטבעות שוקולד חלב 36 גרם,גרמים,36.00,100 גרם,false,1,3.90,10.8333,true,1,115586
7290016509786,true,פרסיל גל ירוק 2.5 לי,"הנקל סוד בע""מ",IL,ג'ל מרוכז לכביסה במכונה - לבנה וצבעונית,ליטרים,2.50,ליטר,false,1,34.90,13.9600,true,1,119711
7290016564266,false,מבריקל כיסוי פלא 30 יח,מבריקל,CN,כיסוי הפלא 30 יח,יחידה,30.00,יחידה,false,1,9.90,0.3300,true,1,142661
7290016584011,false,חטיפוני גזר 350 גרם גיזרונים,"מרינה פטריות הגליל בע""מ",IL,חטיפוני גזר 350 גרם,גרמים,350.00,100 גרם,false,1,10.90,3.1143,true,1,119768
7290016682038,false,"פריניב סחוט תפוזים 400מ""ל",פריניב,IL,"מיץ תפוזים פריניב 400 מ""ל",מיליליטרים,400.00,"100 מ""ל",false,1,8.50,2.1250,true,1,113589
7290016866674,false,"פרודונטקס - משחת שיניים מלבינה 75 מ""ל",DE MICLEN,SK,"פרודונטקס משחת שיניים מלבינה 75 מ""ל",מיליליטרים,75.00,"100 מ""ל",false,1,29.90,39.8667,true,1,119756
7290016898309,false,מגש לאירוח אובלי בנוני שקוף שקיח,,CN,מגש אובלי בינוני קשיח לאירוח,Unknown,0.00,Unknown,false,1,8.90,0.0000,true,1,128857
7290017023854,false,"שוופס סודה מארז רביעייה 250 מ""ל",יפאורה תבורי בעמ,IL,שוופס סודה 250 מל רביעיה,ליטרים,1.00,ליטר,false,1,14.60,14.6000,true,1,121853
7290017044002,false,דלי מטליות לחות לניק,דלקרם,IL,דלי מטליות לחות לניקוי וחיטוי כללי 400,לא מנהל יחידת מידה,4.00,לא מנהל יחידת מידה,false,1,22.90,5.7250,true,1,138334
7290017068367,false,שמרים בוואקום 125 גרם,מיה,IL,שמרים יבשים 125 גרם,גרמים,125.00,100 גרם,false,1,4.90,3.9200,true,1,142199
7290017088105,false,חיתולי בייביסיטר נוח,די.פי.אל תעשיות מוצר,IL,חיתול דק מידה 3,יחידה,38.00,יחידה,false,1,34.90,0.9184,true,1,117581
7290017088242,false,מגבונים בייבי בייסיק,,,מגבונים בייבי בייסיק,לא מנהל יחידת מידה,0.00,לא מנהל יחידת מידה,false,1,3.90,0.0000,true,1,123879
7290017088341,false,מגבון דוחה יתושים אי,DPL קסריה,IL,מגבון דוחה יתושים איי קר 20 יח,יחידה,1.00,יחידה,false,1,17.90,17.9000,true,1,127400
7290017088730,false,מגבון לניקוי ידיים 70% אלכוהול 30 יח',האי נאם סי או אל.טי.,IL,מגבונים היגייניים לידיים 30 יח,לא מנהל יחידת מידה,0.00,לא מנהל יחידת מידה,false,1,11.90,0.0000,true,1,127399
7290017121086,false,"אריסה ביתית מתוקה עללחם, 250 גרם","מדשא תעשיות מזון בע""",IL,אריסה מתוקה עללחם 250גרם,גרמים,250.00,100 גרם,false,1,14.90,5.9600,true,1,139336
7290017129877,false,מיקס לקקנים שטוחים פירות 40*7.5 גר' * 24 בקר',דורקן סקרלמה סאן. וי,TR,סוכריות על מקל שטוחות בטעמי פירות 40 יח'*7.5 גרם,לא מנהל יחידת מידה,0.00,לא מנהל יחידת מידה,false,1,14.90,0.0000,true,1,121160
7290017129983,false,כרמית שוקולד ציפס לבן 250גרם,"כד בני דרום בע""מ",IL,שוקוצ'יפס לבן 250ג'*16בקרט,גרמים,250.00,100 גרם,false,1,13.90,5.5600,true,1,122323
7290017142159,false,מארז נתחי טונה בהירה בשמן זית 3*80 ג' עץ הזית,הנסיך- מפעל לייצור ט,TH,נתחי טונה בהירה בשמן זית 80*3 גרם עץ-הזית,גרמים,240.00,100 גרם,false,1,22.90,9.5417,true,1,118079
7290017142418,false,ארוחה אורז עם עדשים טונה בשמן זית 160 גר',יוניקורד ח.צ בעמ,TH,אורז ועדשים עם טונה בשמן זית,גרמים,160.00,100 גרם,false,1,13.90,8.6875,true,1,136426
7290017334448,false,שמן קנולה מזוכך OLEO,א.ד.מ . אנטוורפן,BE,שמן קנולה מזוכך OLEO 1 ליטר,ליטרים,1.00,ליטר,false,1,11.90,11.9000,true,1,129815
7290017334455,false,"אורז פרסי זיפר 1ק""ג",,TH,"אורז פרסי זיפר 1ק""ג",קילוגרמים,1.00,"ק""ג",false,1,9.90,9.9000,true,1,138753
7290017470634,false,"צלחות קטן לבן ח""פ 10 יח' קלאסיק",,CN,צלחות קטנות קלאסיק 10 יח,Unknown,0.00,Unknown,false,1,11.90,0.0000,true,1,128866
7290017477596,false,תמר מגהול פרימיום 400 ג' בקופסא,דין שיווק,IL,תמר מגהול ענק פרמיום 400ג שקדיה,גרמים,400.00,100 גרם,false,1,19.90,4.9750,true,1,138315
7290017513409,false,תה ירוק SUPER GREEN 87 גרםבטעם אוכמניות ואסאי,HIQ FOOD PRODUCTS,IL,תה ירוק עם צמחים סגולים בטעם אוכמניות ואסאי,יחידה,1.00,יחידה,false,1,25.90,25.9000,true,1,125668
7290017513775,false,פליפז בייגלה מצופה שוקולד חלב 140 גרם,שוורצקוף& הנקל דיסלד,TR,"Flipz, חטיף בייגלה אפוי בציפוי שוקולד חלב, 140 גרם",גרמים,140.00,100 גרם,false,1,8.90,6.3571,true,1,126461
7290017516424,false,פנגיאה שוקולד קוקוס ואגוזי לוז 300 גרם,ש.ר רגע בטבע,IL,פנגיאה שוקולד קוקוס ואגוזי לוז 300גרם,גרמים,300.00,100 גרם,false,1,29.90,9.9667,true,1,137315
7290017589633,false,"רזרב גולד אדישיין קברנה סוביניון 750 מ""ל",,IL,"קברנה סוביניון מהדורת רזרב גולד 750 מ""ל",מיליליטרים,750.00,"100 מ""ל",false,1,52.90,7.0533,true,1,140568
7290017599236,false,סוכרזית סטיוויה 200 טבליות,סנו מפעלי ברונוס.,IL,סוכרזית סטיוויה 200 טבליות,גרמים,0.00,100 גרם,false,1,25.90,0.0000,true,1,138207
7290017599267,false,סוכרזית סוכרלוז 120 שקיות,ביסקול בע''מ,IL,סוכרזית סוכרלוז 120 שקיות 100גרם,גרמים,100.00,100 גרם,false,1,29.90,29.9000,true,1,142700
7290017617084,false,סטארקיסט מיקס טוגו טונה עם שעועית 185 גרם,דרדנל אוננטאס גידה,TR,סטארקיסט מיקס טוגו טונה עם שעועית 185גרם,גרמים,185.00,100 גרם,false,1,12.90,6.9730,true,1,130516
7290017617091,false,סטארקיסט מיקס טוגו טונה עם פתיתים 185 גרם,דרדנל אוננטאס גידה,TR,סטארקיסט מיקס טוגו טונה עם פתיתים 185גר,גרמים,185.00,100 גרם,false,1,12.90,6.9730,true,1,130517
7290017617107,false,סטארקיסט מיקס טוגו טונה עם 4 דגנים 185 גרם,"איטיליאן פוד, אס.פי.",TR,סטארקיסט מיקס טוגו טונה עם דגנים 185גרם,גרמים,185.00,100 גרם,false,1,12.90,6.9730,true,1,130518
7290017617411,false,מיקס סלמון עם אורז מלא וירקות 160 ג' סטארקיסט,גראאל אס איי,PL,מיקס סלמון עם אורז מלא סטארקיסט 160גרם,גרמים,160.00,100 גרם,false,1,14.90,9.3125,true,1,142229
7290017617435,false,מיקס סלמון עם עדשים קינואה וירק 160 ג' סטארקיסט,גראאל אס איי,PL,מיקס סלמון עם עדשים וקינואה סטארקיסט 16,גרמים,160.00,100 גרם,false,1,14.90,9.3125,true,1,142230
7290017617466,false,רביעיית טונה במים 120 ג' סטארקיסט,dalmore distilleries,TH,רביעיית טונה סטארקיסט במים 480גרם,גרמים,480.00,100 גרם,false,1,21.90,4.5625,true,1,140872
7290017641089,false,פניני צנימים עם בטעם,ניולט פוד,IT,פניני צנימים בטעם קלאסי 300ג' 12 בקרטון,גרמים,300.00,100 גרם,false,1,10.90,3.6333,true,1,127550
7290017641096,false,"שוקולד פרימיום 70% לל""ס 100גרם בדצ *12יח*2 בדיס",כרמית תעשיות ממתקים,IL,שוקולד מריר אגו 70% ללא תוספת סוכר 100 גרם,גרמים,100.00,100 גרם,false,1,9.90,9.9000,true,1,122306
7290017641119,false,שוקולד פרימיום 85% בדצ 100 גר,אף.סי תבליני בגליל ב,IL,שוקולד אגו 85% קקאו 100גרם,גרמים,100.00,100 גרם,false,1,8.90,8.9000,true,1,130322
7290017641188,false,חטיף קרקר עם שיפון מלא וסלק,דנוויטה ג'יי. אס. סי,LT,קרקר דגנים עם שיפון מלא וסלק 130 גר',גרמים,130.00,100 גרם,false,1,6.90,5.3077,true,1,122635
7290017724058,false,עוגיות מעדן תמר אגוז,אקלר,IL,עוגיות מעדן תמר אגוז250 גרם,גרמים,250.00,100 גרם,false,1,23.90,9.5600,true,1,138229
7290017724157,false,עוגיות מעדן תפוע ללא,אקלר,IL,עוגיות מעדן תפוע ללא סוכר 200 גרם,גרמים,200.00,100 גרם,false,1,23.90,11.9500,true,1,138232
7290017791142,false,קרקר כוסמין מלא שקית,פת במלח,IL,קרקר כוסמין מלא אורגינל 225 גרם,גרמים,225.00,100 גרם,false,1,21.90,9.7333,true,1,131471
7290017791203,false,קרקר כוסמין מלא סלק שקית,פת במלח,IL,קרקר כוסמין מלא סלק 225 גרם,גרמים,225.00,100 גרם,false,1,21.90,9.7333,true,1,131472
7290017888972,false,בקבוק מי עדן פקק ספורט 1 ליטר,מופק ממקור בזלתי עדן,IL,מי עדן פקק ספורט 1 ליטר,ליטרים,1.00,ליטר,false,1,5.50,5.5000,true,1,127594
7290017907208,false,קמח תמי רב תכליתי ללא גלוטן 500 גרם,מנדלז סי.אר. פרודקשן,IL,קמח תמי רב תכליתי ללג 500גרם,גרמים,500.00,100 גרם,false,1,18.90,3.7800,true,1,136917
7290017918143,false,חסה לבבות,ביכורי שדה דרום,IL,חסה לבבות,גרמים,300.00,100 גרם,false,1,12.90,4.3000,true,1,142053
7290017928043,true,גריסיני קראנץ מלח 17,מאיר בייגל,IL,מאיר בייגל גריסיני קראנץ' עם מלח 175 גרם,יחידה,0.00,יחידה,false,1,11.90,0.0000,true,1,126259
7290017928210,true,בייגלה גדול שומשום 2,מאיר בייגל,IL,בייגלה גדול שומשום 250 גרם מאיר בייגל,גרמים,250.00,100 גרם,false,1,11.90,4.7600,true,1,126261
7290017928432,true,גריסיני קראנץ פרג 17,HIQ FOOD PRODUCTS,IL,מאיר בייגל גריסיני קראנץ' עם פרג 175 גרם,גרמים,175.00,100 גרם,false,1,11.90,6.8000,true,1,126267
7290017928616,true,שטוחלה שומשום 300 גר,מאיר בייגל,IL,שטוחלה שומשום 300 גרם מאיר בייגל,גרמים,300.00,100 גרם,false,1,11.90,3.9667,true,1,126270
7290017969831,false,"גביעי יין גדולים מוכספים 200 מ""ל",,CN,גביעי יין 200 מל גדול נצנץ שקוף 6 יח,Unknown,0.00,Unknown,false,1,34.90,0.0000,true,1,128881
7290017969848,false,"כוסות קוקטייל מוכספים 100 מ""ל",ר.שמאי,IL,כוס קוקטייל נצנץ שקוף 6 יח,יחידה,1.00,יחידה,false,1,16.90,16.9000,true,1,128885
7290018012116,false,תאורת חירום מודל L,,,תאורת חירום מודל L,יחידה,1.00,יחידה,false,1,79.00,79.0000,true,1,126251
7290018043189,false,פראוד - חטיף חלבון בטעם קשיו קרמל 60 גרם,מרס נדרלנד,NL,PROUD קרמל קשיו 60 גרם,גרמים,60.00,100 גרם,false,1,13.90,23.1667,true,1,129907
7290018071137,false,"צלחות מתכלות מקנה סוכר טבעי 17 ס""מ- 25 יחי",Z.J.T.CO.LTD,CN,צלחות מתכלות מקנה סוכר טבעי 17 סמ 25 יח,יחידה,25.00,יחידה,false,1,9.90,0.3960,true,1,130981
7290018071144,false,"צלחות מתכלות מקנה סוכר טבעי 23 ס""מ - 25 יחי",Z.J.T.CO.LTD,CN,צלחות מתכלות מקנה סוכר טבעי   23סמ 25 יח,יחידה,25.00,יחידה,false,1,19.90,0.7960,true,1,130982
7290018071151,false,"צלחות מתכלות מקנה סוכר טבעי 26ס""מ - 25 יחי",Z.J.T.CO.LTD,CN,צלחות מתכלות מקנה סוכר טבעי   26סמ 25 יח,יחידה,25.00,יחידה,false,1,26.90,1.0760,true,1,130983
7290018071236,false,כפפות ניטרו כחולות אלסטיות XL ללא אבקה 100יח',איזיטאצ,CN,כפפות נטרו V ללא אבקה XL כחול 100 יח,יחידה,1.00,יחידה,false,1,29.90,29.9000,true,1,131230
7290018071601,false,צלחות פלסטיק גדולות,,,"צלחות פלסטיק גדולות ועבות במיוחד 22 ס""מ",יחידה,1.00,יחידה,false,1,25.90,25.9000,true,1,143054
7290018077597,false,בייגל רומני אפוי קפו,גדרון,IL,בייגל רומני אפוי קפוא עם שומשום,יחידה,1.00,יחידה,false,1,5.90,5.9000,true,1,126756
7290018077603,false,בייגל רומני עם זעתר,גדרון,IL,בייגל רומני עם זעתר א.ק,יחידה,1.00,יחידה,false,1,5.90,5.9000,true,1,126679
7290018077665,false,בייגל רומני גדרון א.,גדרון,IL,בייגל רומני גדרון א.ק,יחידה,1.00,יחידה,false,1,5.90,5.9000,true,1,126757
7290018091272,false,בצק עוגיות קקאו טריפל שוקולד ציפס מעדנו,מעדנות,IL,בצק עוגיות קקאו טריפל שוקולד ציפס300 ג,גרמים,300.00,100 גרם,false,1,19.90,6.6333,true,1,140175
7290018091616,false,מקלות פילו גבינה מעדנות 450 ג',מיוצר עי קונדיטוריית,IL,מקלות פילו גבינה מעדנות 450גרם,גרמים,450.00,100 גרם,false,1,21.90,4.8667,true,1,126887
7290018131251,false,אקסטרים מטבע שוקולד לבן וליבת קרם עוגיות 115ג',גלידות נסטלה (נגה גל,IL,אקסטרים מ.שקלד.לבן וליבת ק.עוג. 18*115ג,גרמים,128.00,100 גרם,false,1,10.50,8.2031,true,1,126656
7290018131336,false,נסטלה שלגון ליון 66 גרם,שוורצקוף& הנקל דיסלד,PL,שלגון ליון קרמל 66גרם,גרמים,66.00,100 גרם,false,1,11.50,17.4242,true,1,130539
7290018131428,false,טילון אקסטרים מסקרפו,גלידות נסטלה (נגה גל,IL,טילון אקסטרים מסקרפונה תות 128 גרם,גרמים,128.00,100 גרם,false,1,10.50,8.2031,true,1,126659
7290018131596,false,מיני בייטס אוראו 67 גרם,שוורצקוף& הנקל דיסלד,PL,גלידה מיני בייטס אוראו 85 גרם,גרמים,85.00,100 גרם,false,1,7.90,9.2941,true,1,126667
7290018131770,false,שלגון נסטלה מצופה וניל תות 60 גרם,גלידות נסטלה (נגה גל,IL,שלגון וניל מצופה תות 55 גרם,גרמים,55.00,100 גרם,false,1,5.90,10.7273,true,1,130041
7290018131794,false,קראנץ וניל ש.מריר ל,נסטלה,IL,קראנץ וניל ש.מריר ליבת 100 גרם,גרמים,100.00,100 גרם,false,1,10.50,10.5000,true,1,130040
7290018131978,false,טילון נסטלה אוראו 68.5 גרם,פרונרי פולין,PL,טילון אוראו 68.5גרם,גרמים,69.00,100 גרם,false,1,5.90,8.5507,true,1,130540
7290018165027,false,"יין רזרב גולד רוזה 750 מ""ל ברקן",יקבי ברקן שיווק והפצ,IL,"רזרב גולד רוזה 750 מ""ל",מיליליטרים,750.00,"100 מ""ל",false,1,52.90,7.0533,true,1,140571
7290018192658,false,מארז זוג פטריות פורטובלה ושמפיניון מרינה,"מרינה פטריות הגליל בע""מ",IL,פטריות שמפניון צמד חמד איטלקי מארז זוג,גרמים,500.00,100 גרם,false,1,18.90,3.7800,true,1,130306
7290018249994,false,סוויטאנגו ממתיק בצנצ,מתבל תעשיות מזון,IL,סוויטאנגו ממתיק בצנצנת 700 גרם,גרמים,700.00,100 גרם,false,1,59.90,8.5571,true,1,135738
7290018296042,false,לחם טוסט אמריקה 500ג,מאפיית אגמי,IL,לחם טוסט אמריקה 500גרם,גרמים,500.00,100 גרם,false,1,12.90,2.5800,true,1,138007
7290018296400,false,לחם בריאות ושובע,"מאפיית אגמי בע""מ",,לחם בריאות ושובע,גרמים,600.00,100 גרם,false,1,13.90,2.3167,true,1,127676
7290018296462,false,6 לחמניות מזונות,מאפיית אגמי,IL,6 לחמניות,גרמים,510.00,100 גרם,false,1,16.90,3.3137,true,1,140886
7290018296608,false,לחם בריאות ושובע 9 ד,מאפיית אגמי,IL,לחם בריאות ושובע 9 דגנים,גרמים,600.00,100 גרם,false,1,13.90,2.3167,true,1,127677
7290018296615,false,פיתה כוסמין ביס,"מאפיית אגמי בע""מ",,פיתה כוסמין ביס,גרמים,500.00,100 גרם,false,1,16.90,3.3800,true,1,127679
7290018296646,false,חלת כוסמין תחתית קרט,מאפיית אגמי,IL,חלת כוסמין תחתית קרטון,יחידה,1.00,יחידה,false,1,17.50,17.5000,true,1,129493
7290018296813,false,פיתה קלה ביס,"מאפיית אגמי בע""מ",,פיתה קלה ביס,גרמים,500.00,100 גרם,false,1,13.90,2.7800,true,1,127680
7290018333693,false,גרנולה פרו עם קשיו ופירות יבשים 600 גרם,רפאלס,IL,גרנולה רפאלס פרו 600 גר קשיו ופירות יבשים*6 בקר',גרמים,600.00,100 גרם,false,1,28.90,4.8167,true,1,136428
7290018333945,false,חטיף אגוזים רפאלס שקד ווניל בדצ 150 גר *12יח,כרמית,IL,מאגדת אגוזים רפאלס שקד ווניל *5 150גרם,גרמים,150.00,100 גרם,false,1,15.90,10.6000,true,1,137551
7290018333952,false,חטיף אגוזים רפאלס וחמוציות בדצ 150 גר *12יח,כרמית,IL,מאגדת אגוזים רפאלס וחמוציות *5 150 גרם,גרמים,150.00,100 גרם,false,1,15.90,10.6000,true,1,137552
7290018440070,false,תרכיז עגבניות בשפורפרת 28BX בלה איטליה 200 ג',בלה איטליה,IT,תרכיז עגבניות בשפורפרת 28 BX 200 גר,גרמים,200.00,100 גרם,false,1,8.90,4.4500,true,1,129198
7290018468326,false,נקניקיה טבעונית בסגנון אמריקאי טירת צבי 400 גרם,טירת צבי,IL,נקניקיה צמחית בסגנון ניו יורק טירת צבי 400 גרם,גרמים,400.00,100 גרם,false,1,39.90,9.9750,true,1,141215
7290018471913,false,שוופס מוגז פירות תפוחים 1.5 ליטר-,"יפאורה תבורי בע""מ",IL,שוופס משקה תפוחים מוגז 1.5 ליטר,ליטרים,1.50,ליטר,false,1,10.50,7.0000,true,1,138826
7290018471920,false,שוופס מוגז פירות ענבים 1.5 ליטר פיקדון,"יפאורה תבורי בע""מ",IL,שוופס מוגז פירות ענבים 1.5 ל',ליטרים,1.50,ליטר,false,1,10.50,7.0000,true,1,138827
7290018471944,false,שוופס מוגז פירות לימונייד 1.5 ליטר פיקדון,"יפאורה תבורי בע""מ",IL,שוופס מוגז פירות לימונייד 1.5 ליטר,ליטרים,1.50,ליטר,false,1,10.50,7.0000,true,1,138829
7290018641446,false,"ערק לימונדה מוגז 330 ""מ""ל",,IL,ערק פלוס לימודה 330 מל,מיליליטרים,330.00,"100 מ""ל",false,1,12.90,3.9091,true,1,138429
7290018652015,false,נסטלה שלגון סופרולר 75 גרם,פרונרי איברייה,PL,סופרולר 75גרם,גרמים,75.00,100 גרם,false,1,7.90,10.5333,true,1,130541
7290018652039,false,לה קרמריה קרמל מלוח ונוגט בדצ 1.4 ליטר,נגה גלידות,IL,לה קרמריה קרמל מלוח ונוגט 1.4 ליטר,ליטרים,1.40,ליטר,false,1,21.90,15.6429,true,1,131294
7290018652053,false,"יסקולידה אקסטרה גלידה בטעמי וניל ושוקולד, 90 גרם",נגה גלידות,IL,ביסקולידה קסטרה 95 גרם,גרמים,95.00,100 גרם,false,1,5.90,6.2105,true,1,130536
7290018652190,false,חטיף גלידה קראנץ בר 60 גרם,גלידות נסטלה,IT,קראנץ בר אימפלס 60גרם,גרמים,60.00,100 גרם,false,1,6.90,11.5000,true,1,139681
7290018652695,false,ביסקולידה אקסטרה שוק,גלידות נסטלה,IL,ביסקולידה שוקו בננה 90גרם,גרמים,90.00,100 גרם,false,1,5.90,6.5556,true,1,139680
7290018652718,false,שלגון מילקה אגוזים 71 גר,נסטלה,PL,שלגון מילקה אגוזים 71גרם,גרמים,71.00,100 גרם,false,1,11.50,16.1972,true,1,139686
7290018652770,false,אקסטרים ביגלה מתוק מלוח 115 ג' נסטלה,גלידות נסטלה,IL,טילון גולדה 115גרם,גרמים,115.00,100 גרם,false,1,10.50,9.1304,true,1,139682
7290018652947,false,שלגון קראנצ' פיסטוק 100 גרם,גלידות נסטלה,IL,שלגון קראנץ פיסטוק 100 גרם,גרמים,100.00,100 גרם,false,1,10.50,10.5000,true,1,140368
7290018720028,false,קרנבל אותיות ביסקוויט בטעם חמאה 250 ג' מעדני מלך,הגביע מוצרי וופלים,IL,ביסקוויט קרנבל אותיות 250 גרם,גרמים,250.00,100 גרם,false,1,5.90,2.3600,true,1,131586
7290018724552,false,קמח שקדים נטורלה ללא,השקד אומנות ומסחר,IL,קמח שקדים נטורלה ללא גלוטן 250 גרם,גרמים,250.00,100 גרם,false,1,23.90,9.5600,true,1,138407
7290018848005,false,יין רוזה בפחית 250 מ,דונלי ויני,IT,"יין רוזה בפחית 250 מ""ל",מיליליטרים,250.00,"100 מ""ל",false,1,14.90,5.9600,true,1,139442
7290018848012,false,יין לבן בפחית 250 מ,דונלי ויני,IT,"יין לבן בפחית 250 מ""ל",מיליליטרים,250.00,"100 מ""ל",false,1,14.90,5.9600,true,1,139441
7290018894002,false,בלקוני וופל קוביות קקאו 250 גרם,בלקוני,IT,בלקוני וופל קוביות קקאו 250 ג,גרמים,250.00,100 גרם,false,1,12.90,5.1600,true,1,140077
7290018894200,false,בלקוני וופל קוביות וניל 250 גרם,בלקוני,IT,בלקוני וופל קוביות וניל 250 ג,גרמים,250.00,100 גרם,false,1,12.90,5.1600,true,1,140078
7290018894408,false,וופל קוביות אגוזי לוז 250 ג' בלקוני,בלקוני,IT,בלקוני וופל קוביות אגוזי לוז 250 ג,גרמים,250.00,100 גרם,false,1,12.90,5.1600,true,1,140079
7290018894804,false,וופל אגוזי לוז 175 ג' בלקוני,בלקוני,IT,בלקוני וופל אגוזי לוז 175 ג,גרמים,175.00,100 גרם,false,1,8.90,5.0857,true,1,140081
7290018925065,false,מיץ פרימור תפוזים סחוט 2 ליטר-,גניר,IL,פרימור סחוט מיץ תפוזים 100% 2 ליטר,ליטרים,2.00,ליטר,false,1,28.50,14.2500,true,1,139049
7290018925072,false,משקה קל לימונים ונענע 2 ל פרימור,גניר,IL,פרימור משקה קל לימונים ונענע 2 ליטר,ליטרים,2.00,ליטר,false,1,28.50,14.2500,true,1,138831
7290018925089,false,"מיץ פרימור תפו""ע צלול סחוט 2 ליטר-",גניר,IL,מיץ תפוחים 2 ליטר,ליטרים,2.00,ליטר,false,1,28.50,14.2500,true,1,138832
7290018925096,false,משקה קל תפוזים 1.5 ל' פרימור,השחר,IL,פרימור משקה קל תפוזים ‏5‏.‏1‏ ליטר,ליטרים,1.50,ליטר,false,1,9.50,6.3333,true,1,138833
7290018925126,false,משקה קל תפוחי עץ 1.5ל' פרימור,השחר,IL,פרימור משקה קל תפוחי עץ ‏5‏.‏1‏ ליטר,ליטרים,1.50,ליטר,false,1,9.50,6.3333,true,1,138836
7290018925409,false,"מיץ לימון ואננס 400 מ""ל פרימור","גניר בע""מ",IL,מיץ לימון ואננס פרימור 400 מל,מיליליטרים,400.00,"100 מ""ל",false,1,8.50,2.1250,true,1,141542
7290019056119,false,שוופס סודה 1.5 ליטר פיקדון,"יפאורה תבורי בע""מ",IL,שוופס סודה 1.5 ל',ליטרים,1.50,ליטר,false,1,4.20,2.8000,true,1,138849
7290019056126,false,שוופס סודה לימון 1.5 ליטר בק' בודד פיקדון,"יפאורה תבורי בע""מ",IL,שוופס סודה לימון 1.5 ל',ליטרים,1.50,ליטר,false,1,4.20,2.8000,true,1,138850
7290019056133,false,שוופס סודה נענע ליים 1.5 ליטר בק' בודד,"יפאורה תבורי בע""מ",IL,שוופס סודה נענע ליים 1.5 ל',ליטרים,1.50,ליטר,false,1,4.20,2.8000,true,1,138851
7290019056164,false,שוופס סודה 1.5 ליטר רביעייה פיקדון,"יפאורה תבורי בע""מ",IL,שוופס רביעיה מי סודה 6 ליטר,ליטרים,6.00,ליטר,false,4,11.10,1.8500,true,1,138853
7290019056362,false,תפוזינה ענבים 1.5 ליטר פיקדון,"יפאורה תבורי בע""מ",IL,תפוזינה ענבים 1.5 ל',ליטרים,1.50,ליטר,false,1,11.50,7.6667,true,1,138870
7290019056379,false,תפוזינה תפוזים 1.5 ליטר פיקדון,"יפאורה תבורי בע""מ",IL,תפוזינה תפוזים 1.5 ל',ליטרים,1.50,ליטר,false,1,11.50,7.6667,true,1,138871
7290019056386,false,פתוזינה אשכולית 1.5 ליטר פיקדון,"יפאורה תבורי בע""מ",IL,תפוזינה אשכוליות 1.5 ל',ליטרים,1.50,ליטר,false,1,11.50,7.6667,true,1,138872
7290019056553,false,שישית מים מינרליים 2ל' עין גדי,עין גדי מים מינרליים,IL,מים מינרליים עין גדי 2 ל' שישייה,ליטרים,12.00,ליטר,false,6,13.80,1.1500,true,1,138888
7290019056560,false,עין גדי 2 ליטר בק' בודד פיקדון,יפאורה,IL,מים עין גדי בקבוק 2 ליטר,ליטרים,2.00,ליטר,false,1,4.20,2.1000,true,1,138889
7290019056584,false,ספרינג תפוזים 1.5 ליטר פיקדון,"יפאורה תבורי בע""מ",IL,ספרינג תפוזים 1.5 ל',ליטרים,1.50,ליטר,false,1,11.50,7.6667,true,1,138891
7290019056591,false,ספרינג ענבים 1.5 ליטר פיקדון,"יפאורה תבורי בע""מ",IL,ספרינג ענבים 1.5 ל',ליטרים,1.50,ליטר,false,1,11.50,7.6667,true,1,138892
7290019056638,false,ספרינג תות בננה 1.5 ליטר פיקדון,"יפאורה תבורי בע""מ",IL,ספרינג תות בננה 1.5 ל',ליטרים,1.50,ליטר,false,1,11.50,7.6667,true,1,138896
7290019056645,false,ספרחנג אגס תפוח סברס 1.5 ליטר פיקדון,"יפאורה תבורי בע""מ",IL,ספרינג תפוח אגס סברס 1.5 ל',ליטרים,1.50,ליטר,false,1,11.50,7.6667,true,1,138897
7290019056959,false,מי עדן 1.5 ליטר בק' בודד פיקדון,מופק ממקור בזלתי עדן,IL,מי עדן בקבוק 1.5 ליטר,ליטרים,1.50,ליטר,false,1,3.20,2.1333,true,1,138902
7290019056966,false,מי עדן בקבוק פיקדון 1.5 ליטר,יפאורה,IL,מי עדן בקבוק 1.5 ליטר,ליטרים,1.50,ליטר,false,1,3.20,2.1333,true,1,139091
7290019056973,false,שישיית מי עדן 1.5 ליטר משפחתי,מופק ממקור בזלתי עדן,IL,מי עדן שישייה בקבוק 1.5 ליטר,ליטרים,9.00,ליטר,false,6,14.90,1.6556,true,1,138903
7290019153368,false,"מיץ בטעם מוחיטו 330 מ""ל תפוזינה",יפאורה תבורי בעמ,IL,"תפוזינה מוחיטו 330 מ""ל זכוכית",מיליליטרים,330.00,"100 מ""ל",false,1,5.90,1.7879,true,1,140811
7290019153382,false,"מיץ בטעם סנגרייה 330 מ""ל תפוזינה",יפאורה תבורי בעמ,IL,"תפוזינה סנגריה 330 מ""ל זכוכית",מיליליטרים,330.00,"100 מ""ל",false,1,5.90,1.7879,true,1,140809
7290019232834,false,בייגלה מצופה קרם עוגיות ושוקולד 140 ג' פליפז,אולקר מקבוצת פלאדיס,TR,בייגלה מצופה קרם עוגיות ושוקולד 140 גרם,גרמים,140.00,100 גרם,false,1,8.90,6.3571,true,1,140533
7290019297451,false,מי ורדים שקדיה 500 מ,אף.סי תבליני בגליל ב,BE,שקדיה מי ורדים 500 מל,מיליליטרים,500.00,"100 מ""ל",false,1,15.90,3.1800,true,1,113785
7290019303008,false,שמפו קיק מועשר בתמצי,ש.שוורץ,IL,שמפו קיק מועשר בתמצית ספירולינה 450 מל,מיליליטרים,450.00,"100 מ""ל",false,1,27.90,6.2000,true,1,142662
7290055090702,false,"כרמית איגלו שלוקים 60 יחידות 29X60מ""ל",מנדלז סי.אר. פרודקשן,IL,"איגלו שלוקים 70 יח ""ווסטהיים",מיליליטרים,29.00,"100 מ""ל",false,1,12.90,44.4828,true,1,91396
7290100240144,false,"תרסיס למייבש כביסה ורוד 500 מ""ל בדין","זוהר דליה, קיבוץ דלי",IL,בדין תרסיס ריחני למייבש כביסה ורוד 500 מל,מיליליטרים,500.00,"100 מ""ל",false,1,19.90,3.9800,true,1,80889
7290100240632,false,קרקר פתית 200-300ג' 6 דגנים 250 גרם,יוניליוור ישראל מזון,IL,פתיתי 6 דגנים קרקר פריך מ6 דגנים,גרמים,250.00,100 גרם,false,1,18.20,7.2800,true,1,72587
7290100240656,false,פתית חיטה מלאה בדצ 250 גרם,יוניליוור ישראל מזון,IL,פתית שיפון קרקר פריך משיפון ללא תוספת מלח וסוכר,גרמים,300.00,100 גרם,false,1,18.20,6.0667,true,1,76195
7290100412701,false,"תחליב גוף קלאסיק מאסק דר עור 400 מ""ל",אמיליה קוסמטיקס בעמ,IL,"DOCTOR OR, תחליב גוף קלאסי בניחוח מאסק, 400 מל",לא מנהל יחידת מידה,0.00,לא מנהל יחידת מידה,false,1,31.90,0.0000,true,1,122200
7290100658338,false,פלמוליב כלים אוקסי כחול פורמולה חדשה,הנסיך- מפעל לייצור ט,GR,"פלמוליב נוזל כלים אוקסי פלוס 750 מ""ל",מיליליטרים,750.00,"100 מ""ל",false,1,11.90,1.5867,true,1,29294
7290100680650,false,מנה חמה נודלס-אטריות ירקות טעם תאילנדי אסם 76 ג',THAI PRESIDENT FOODS,TH,מנה חמה נודל.+ירקות תאילנדי6 6*76גרם,גרמים,76.00,100 גרם,false,1,6.90,9.0789,true,1,24266
7290100680711,false,פירורית זהב אסם זהב 350ג',עינת תעשיות,IL,אסם פירורית זהב 12*350גרם,גרמים,350.00,100 גרם,false,1,8.90,2.5429,true,1,31200
7290100680728,false,פירורית רגילה 350 ג' אוסם,מיוצר עי קונדיטוריית,IL,אסם פירורית 20*350גרם,גרמים,350.00,100 גרם,false,1,7.60,2.1714,true,1,31201
7290100681015,false,פודינג אינסטנט בטעם ריבת חלב 80 גר,מיוצר עי קונדיטוריית,IL,פודינג ריבת חלב 84 גרם,גרמים,84.00,100 גרם,false,1,5.90,7.0238,true,1,55720
7290100681138,false,אפרופו מארז שלישיה * 50ג' אסם,"אסם השקעות בע""מ",IL,אפרופו מאח.10 3*50גרם,גרמים,150.00,100 גרם,false,1,12.90,8.6000,true,1,22014
7290100684139,false,פסטה אסם מיני מקרוני 500 גרם,פסטה זארה,IL,אסם מיני מקרוני 12*500גרם,גרמים,500.00,100 גרם,false,1,6.90,1.3800,true,1,31251
7290100684764,false,במבה יום הולדת על סרט אסם 25 ג',"אסם השקעות בע""מ",IL,במבה יום הולדת על סרט 25 גרם,גרמים,25.00,100 גרם,false,1,2.50,10.0000,true,1,32787
7290100685136,false,"מרק טעם עוף 1 ק""ג בשקית","אסם השקעות בע""מ",IL,אסם מרק טעם עוף 8*1קג,קילוגרמים,1.00,"ק""ג",false,1,16.20,16.2000,true,1,34009
7290100685334,false,מרק עוף אמיתי מרכיבים טבעיים 400 גרם,"אסם השקעות בע""מ",IL,אסם מרק עוף רכיבים טבעיים בדצ6*400גרם,גרמים,400.00,100 גרם,false,1,27.90,6.9750,true,1,42283
7290100685341,false,מרק תיבול טעם עוף זך רכיבים טיבעיים 400,"אסם השקעות בע""מ",IL,אסם מרק זך טעם עוף רכיבים טבעים 6*400ג,גרמים,400.00,100 גרם,false,1,19.90,4.9750,true,1,34988
7290100687109,false,במבה במילוי קרם נוגט 60ג' אסם,"אסם השקעות בע""מ",IL,במבה במילוי נוגט 60 גרם,גרמים,60.00,100 גרם,false,1,4.90,8.1667,true,1,47717
7290100689301,false,אבקת מרק עוף זך עדיף אסם 400 גר',"אסם השקעות בע""מ",IL,אסם עדיף זך טעם עוף 6*400גרם,גרמים,400.00,100 גרם,false,1,18.70,4.6750,true,1,46593
7290100700020,false,גריסי פנינה סוגת 500 גר',האי נאם סי או אל.טי.,IL,גריסי פנינה 500 גרם,גרמים,500.00,100 גרם,false,1,5.90,1.1800,true,1,24144
7290100700075,false,פירורי לחם מוזהבים 200 ג' סוגת,"סוגת תעשיות בע""מ",IL,פירורי לחם מוזהבים סוגת 200 גרם,גרמים,200.00,100 גרם,false,1,4.20,2.1000,true,1,97329
7290100700273,false,קינואה סוגת 500 גרם,האי נאם סי או אל.טי.,IL,קינואה 500 גרם,גרמים,500.00,100 גרם,false,1,15.90,3.1800,true,1,59632
7290100700372,false,"אורז בסמטי מלא סוגת 1 ק""ג",האי נאם סי או אל.טי.,IL,אורז בסמטי מלא 1 קג,קילוגרמים,1.00,"ק""ג",false,1,16.90,16.9000,true,1,71129
7290100700396,false,"אורז יסמין קלאסי 1 ק""ג סוגת",האי נאם סי או אל.טי.,IL,אורז יסמין קלאסי,קילוגרמים,1.00,"ק""ג",false,1,13.90,13.9000,true,1,84355
7290100700587,false,"בורגול ""סוגת"" 500 גרם",האי נאם סי או אל.טי.,IL,בורגול 500 גרם,גרמים,500.00,100 גרם,false,1,5.90,1.1800,true,1,69218
7290100701454,false,גרישה 500 גרם סוגת,"סוגת תעשיות בע""מ",IL,גרישה 500 גרם,גרמים,500.00,100 גרם,false,1,5.90,1.1800,true,1,74376
7290100701881,false,"קמח פיצה ופוקצה 1 ק""ג סוגת","שטיבל בע""מ - טחנת קמ",IL,"קמח פיצה 1 ק""ג - סוגת",קילוגרמים,1.00,"ק""ג",false,1,7.90,7.9000,true,1,83058
7290100703007,false,עדשים שחורות בלוגה סוגת 500 גר',האי נאם סי או אל.טי.,IL,עדשים שחורות בלוגה,גרמים,500.00,100 גרם,false,1,8.90,1.7800,true,1,121534
7290100850909,false,דוריטוס נאצו מקסיקני 70 גרם,שטראוס פריטו ליי בע,IL,דוריטוס נאצו 70 גרם,גרמים,70.00,100 גרם,false,1,4.50,6.4286,true,1,22397
7290100850916,false,דוריטוס חמוץ חריף 70 גרם,"שטראוס פריטו ליי בע""",IL,דוריטוס חמוץ חריף 70 גר 48 יח,גרמים,70.00,100 גרם,false,1,4.50,6.4286,true,1,22398
7290100850923,false,דוריטוס גריל 70 גרם,שטראוס פריטו ליי בע,IL,דוריטוס גריל 70 גר 48 יח,גרמים,70.00,100 גרם,false,1,4.50,6.4286,true,1,22399
7290100850930,false,דוריטוס טבעי 70 גרם,שטראוס פריטו ליי בע,IL,דוריטוס טבעי 70 גר 48 יח,גרמים,70.00,100 גרם,false,1,4.50,6.4286,true,1,22400
7290100858592,false,אבקת קקאו עלית שקית 150 ג',הנסיך- מפעל לייצור ט,IL,שקית קקאו 150גרם/20שק/150גר,גרמים,150.00,100 גרם,false,1,11.80,7.8667,true,1,38972
7290100858608,false,אבקת קקאו עלית שקית 500 ג',שטראוס גרופ,,אבקת קקאו 500 גרם,גרמים,500.00,100 גרם,false,1,26.90,5.3800,true,1,38973
7290100928516,false,סוד - ג'ל לכביסה ביד 1 ליטר,"הנקל סוד בע""מ",IL,כביסה ביד סוד,ליטרים,1.00,ליטר,false,1,16.70,16.7000,true,1,86262
7290100928752,false,נוזל הברקה למדיח,יושלם,,"סומט נוזל הברקה למדיח 750 מ""ל",מיליליטרים,750.00,"100 מ""ל",false,1,28.60,3.8133,true,1,84669
7290101453871,false,נר מספר - 0 (1X12X60),סודי,CN,נר מספר 0,Unknown,0.00,Unknown,false,1,4.50,0.0000,true,1,103403
7290101453888,false,נר מספר - 1,סודי,CN,נר מספר 1,Unknown,0.00,Unknown,false,1,4.50,0.0000,true,1,103404
7290101453901,false,נר מספר - 3,סודי,CN,נר מספר 3,Unknown,0.00,Unknown,false,1,4.50,0.0000,true,1,103406
7290101453932,false,נר מספר - 6,סודי,CN,נר מספר 6,Unknown,0.00,Unknown,false,1,4.50,0.0000,true,1,103409
7290101453956,false,נר מספר - 8,סודי,CN,נר מספר 8,Unknown,0.00,Unknown,false,1,4.50,0.0000,true,1,103411
7290101453963,false,נר מספר - 9,סודי,CN,נר מספר 9,Unknown,0.00,Unknown,false,1,4.50,0.0000,true,1,103412
7290101486688,false,חטיף פרי אנרגיה דגנים עם שוקולד חמישייה,טבעית מוצרים מן הטבע,IL,FREEמאגדת חטיף דגנים עם שוקולד 100 גרם,גרמים,100.00,100 גרם,false,1,16.90,16.9000,true,1,43344
7290101488286,false,"ליידי ספיד סטיק - דאודורנט ספריי לאישה 24/7 פרש פיוזן ורוד 150 מ""ל",קולגייט פלמוליב,RU,דאודורנט ספרי ל.ספיד ורוד פרש פיוזן150 מ,מיליליטרים,150.00,"100 מ""ל",false,1,23.90,15.9333,true,1,56264
7290101488316,false,ליידי ספיד סטיק - דאודורנט סטיק לאישה ללא סימן ורוד סטיק 65 גרם,הנסיך- מפעל לייצור ט,US,דאודורנט ליידי ספיד סטיק ללא סימן שאוור פרש 65 גרם,מיליליטרים,65.00,"100 מ""ל",false,1,19.90,30.6154,true,1,52531
7290101500001,false,בייבי מיקס (נספק),חקלאי,IL,ביבי מיקס,גרמים,0.00,100 גרם,false,1,6.90,0.0000,true,1,51702
7290101501138,false,כרובית ארוזה יח,חקלאי,IL,כרובית ארוזה יח,קילוגרמים,1.50,"ק""ג",false,1,13.90,9.2667,true,1,131993
7290101501589,false,גינגר יחידה 200 גרם,יוליניבר,IL,גינגר,גרמים,200.00,100 גרם,false,1,10.90,5.4500,true,1,140214
7290101551027,false,קפסולות קפה אספרסו חזק במיוחד 14 עלית 10 יח',הנסיך- מפעל לייצור ט,IL,קפסולות קפה אספרסו 14,גרמים,50.00,100 גרם,false,1,16.90,33.8000,true,1,122349
7290101551300,false,סילאן טבעי טהור לחיץ יד מרדכי 380 גר,"פוליבה בע""מ",IL,סילאן טבעי לחיץ 380 גרם,גרמים,380.00,100 גרם,false,1,16.90,4.4474,true,1,121769
7290101551539,true,דנונה פרו 20 גרם בטע,"שטראוס בריאות בע""מ",IL,דנונה פרו 20 גר אפרסק 0% שומן,גרמים,200.00,100 גרם,false,1,6.50,3.2500,true,1,120601
7290101551584,false,תפוצ'יפס קידס מארז 10 יח' * 20 ג',"שטראוס פריטו ליי בע""",IL,מ. תפו קידס 10*20 גר 9 יח,גרמים,200.00,100 גרם,false,1,15.90,7.9500,true,1,120748
7290101864127,false,"ספריי להסרת כתמים 750 מ""ל וניש קליה",רקיט בנקיזר,IL,"ספריי מסיר כתמים וניש קליה 750 מ""ל",מיליליטרים,750.00,"100 מ""ל",false,1,17.90,2.3867,true,1,58106
7290101865261,false,"פיניש נוזל הברקה 800 מ""ל",רקיט בנקיזר,PL,"פיניש נוזל הברקה למדיח 800 מ""ל",מיליליטרים,800.00,"100 מ""ל",false,1,22.90,2.8625,true,1,89515
7290101866633,false,וניש קליה ג'ל מסיר כתמים 3 ליטר,רקיט בנקיזר,IL,"ג""ל להסרת כתמים קליה וניש 3 ליטר",ליטרים,3.00,ליטר,false,1,26.90,8.9667,true,1,80468
7290101869702,true,גל למדיח,רקיט בנקיזר,PL,"פיניש AIO ג""ל 600 מל",מיליליטרים,600.00,"100 מ""ל",false,1,29.90,4.9833,true,1,107317
7290101980919,false,מארז שלישיית ביצי שוקולד ממותגים,זאיני,,ביצי שוקולד מארז שלישייה 60 גרם,גרמים,60.00,100 גרם,false,1,12.90,21.5000,true,1,46817
7290101984412,false,זיקוק מספר,F.T.I,,זיקוק מספר,Unknown,0.00,Unknown,false,1,4.90,0.0000,true,1,97309
7290101985433,false,הפתעות לימי הולדת,NOVELTY,,הפתעות לימי הולדת,Unknown,0.00,Unknown,false,1,6.70,0.0000,true,1,93325
7290101989073,false,ממתק גלי,יושלם,,ממתק גלי,לא מנהל יחידת מידה,0.00,לא מנהל יחידת מידה,false,1,9.80,0.0000,true,1,98244
7290101999638,false,נרות מטה כוכבים הלו,סודי,,נרות מטה כוכבים הלו קיטי,Unknown,0.00,Unknown,false,1,6.90,0.0000,true,1,104190
7290102003853,false,נרות מטה כוכבים מיני מאוס,סודי,,נרות מטה כוכבים מיני,Unknown,0.00,Unknown,false,1,6.90,0.0000,true,1,104193
7290102030330,false,תפוציפס קראנצ מקסיקני 200 גרם,"שטראוס פריטו ליי בע""",IL,תפו קראנצ מקסיקני 200 גר 12 יח - שמיטה,גרמים,200.00,100 גרם,false,1,9.90,4.9500,true,1,42479
7290102031276,false,"אקטימל תות בננה 8 יח' * 100 מ""ל דנונה",מיוצר עי קונדיטוריית,IL,אקטימל 8 תות בננה,מיליליטרים,800.00,"100 מ""ל",false,1,20.90,2.6125,true,1,42250
7290102062195,false,אלמקס גוניור משחת שיניים לגילאי 6-12,יבואן ומשווק: ש. שסט,PE,אלמקס משחת שיניים לילדים לגילאי 6-12 75 מל,מיליליטרים,75.00,"100 מ""ל",false,1,15.90,21.2000,true,1,59528
7290102390427,false,יוגורט ביו עם קציפת תות 3% שומן 150 ג' מולר,טרה,,יוגורט מולר פרופ תות 150 גרם,גרמים,150.00,100 גרם,false,1,5.50,3.6667,true,1,47056
7290102393169,false,סימפלי פרוט יוגורט תות 3% שומן 150 ג' מולר,טרה,IL,מולר יוגורט ביו עם תות שדה 3% שומן 150 גרם,גרמים,150.00,100 גרם,false,1,5.50,3.6667,true,1,72462
7290102393176,false,סימפלי פרוט יוגורט אפרסק 3% שומן 150 ג' מולר,מילקו תעשיות בעמ,IL,יוגורט מולר סימפלי פרוט אפרסק 3% 150 גרם,גרמים,150.00,100 גרם,false,1,5.50,3.6667,true,1,72463
7290102393947,false,סימפלי פרוט יוגורט בטעם קיווי 3% שומן 150 ג' מולר,מילקו תעשיות בעמ,IL,יוגורט מולר סימפלי פרוט קיווי 3% 150 גרם,גרמים,150.00,100 גרם,false,1,5.50,3.6667,true,1,77003
7290102395521,false,"שמנת לבישול 15% שומן 500 מ""ל טרה",מילקו תעשיות בעמ,IL,שמנת לבישול טרה 15% 500גרם,גרמים,500.00,100 גרם,false,1,16.90,3.3800,true,1,103603
7290102397891,false,גבינת מותכת 18% צוריאל 100ג',משק צוריאל,IL,גבינה מותכת 100 גרם צוריאל,גרמים,100.00,100 גרם,false,1,7.90,7.9000,true,1,113540
7290102398065,false,חלב 3% וסטהיים בקרטון 2 ל' טרה,טרה,IL,טרה חלב בקרטון 2 ליטר 3% שומן,ליטרים,2.00,ליטר,false,1,12.46,6.2300,true,1,114790
7290102398072,false,חלב 3% טרה קרטון 1 ל'מהדרין,טרה,IL,חלב בקרטון 1 ליטר 3% שומן,ליטרים,1.00,ליטר,false,1,6.23,6.2300,true,1,114789
7290103124588,false,"פלמוליב סבון נוזלי סגול משאבה 750 מ""ל",הנסיך- מפעל לייצור ט,TR,"פלמוליב סבון נוזלי סגול משאבה 750 מ""ל",מיליליטרים,750.00,"100 מ""ל",false,1,21.90,2.9200,true,1,102754
7290103124601,false,"תחליב רחצה נוזל חלב ודבש משאבה 750מ""ל פלמוליב",הנסיך- מפעל לייצור ט,TR,"פלמוליב סבון נוזלי חלב ודבש 750 מ""ל",מיליליטרים,750.00,"100 מ""ל",false,1,21.90,2.9200,true,1,97022
7290103404758,false,סלט כרוב אדום יום יו,מיוצר עי קונדיטוריית,IL,כרוב 120,גרמים,120.00,100 גרם,false,1,5.50,4.5833,true,1,54625
7290103681173,false,"יין תבור הר קברנה סוביניון 750 מ""ל",מיוצר על ידי יקב תבו,IL,הר קברנה סוביניון יין אדום יבש 2016 מל,מיליליטרים,750.00,"100 מ""ל",false,1,46.90,6.2533,true,1,122011
7290103681180,false,"יין הר מרלו מיתוג תנשמת 750 מ""ל",מיוצר על ידי יקב תבו,IL,"יין מרלו 750 מ""ל סדרת הר",מיליליטרים,750.00,"100 מ""ל",false,1,46.90,6.2533,true,1,122010
7290103681197,false,"יין הר שיראז מיתוג תנשמת 750 מ""ל",מיוצר על ידי יקב תבו,IL,"יין שיראז  750 מ""ל סדרת הר",מיליליטרים,750.00,"100 מ""ל",false,1,46.90,6.2533,true,1,122009
7290103681227,false,"יין הר גוורצטרמינר מיתוג תנשמת 750 מ""ל",מיוצר על ידי יקב תבו,IL,"יין גוורצטרמינר חצי מתוק 750 מ""ל סדרת הר",מיליליטרים,750.00,"100 מ""ל",false,1,46.90,6.2533,true,1,122012
7290103702236,false,טאצ מפות שולחן שישייה עבות במיוחד,"שניב תעשיות נייר בע""",,מפות שולחן עבות במיוחד טאצ שישייה,לא מנהל יחידת מידה,0.00,לא מנהל יחידת מידה,false,1,10.90,0.0000,true,1,107139
7290103703240,false,טאצ' מטליות לחות לניקוי רצפות,,,מטליות לחות לרצפה טאצ,לא מנהל יחידת מידה,0.00,לא מנהל יחידת מידה,false,1,9.90,0.0000,true,1,120281
7290103703370,false,טאצ מגבוני טואלט לחים מארז שלישייה,,,מארז מגבוני טואלט לחים שלישיה,לא מנהל יחידת מידה,0.00,לא מנהל יחידת מידה,false,1,15.90,0.0000,true,1,120282
7290104061417,false,חומוס טחינה אחלה 400 ג',"שטראוס גרופ בע""מ",IL,סלט חומוס וטחינה 400 גרם,גרמים,400.00,100 גרם,false,1,12.20,3.0500,true,1,60131
7290104061431,false,חומוס אחלה עם צנובר 400 ג',"שטראוס גרופ בע""מ",IL,סלט חומוס וצנובר 400 גרם,גרמים,400.00,100 גרם,false,1,12.20,3.0500,true,1,60133
7290104061448,false,חומוס עם חריף 400 ג' אחלה,מיוצר עי קונדיטוריית,IL,חומוס חריף 400 גרם,גרמים,400.00,100 גרם,false,1,12.20,3.0500,true,1,60134
7290104067679,false,טחינה אחלה 400 גרם,מיוצר עי קונדיטוריית,IL,טחינה 400,גרמים,400.00,100 גרם,false,1,10.90,2.7250,true,1,109606
7290104067693,false,חומוס עם חריף 150 ג' אחלה,מיוצר עי קונדיטוריית,IL,חומוס עם חריף 150 גרם,גרמים,150.00,100 גרם,false,1,5.90,3.9333,true,1,109822
7290104508943,false,במבה אריזת חסכון 200 גרם,"אסם השקעות בע""מ",IL,במבה קלאסי 200 גרם,גרמים,200.00,100 גרם,false,1,9.90,4.9500,true,1,80994
7290104722530,false,תפוצ'יפס שמנת בצל 200 גרם,"שטראוס פריטו ליי בע""",IL,תפו שמנת בצל 200 גר 12 יח - שמיטה,גרמים,200.00,100 גרם,false,1,9.90,4.9500,true,1,70841
7290104726262,false,דני לשתיה שוקולד דיסני מארז 125X4 ג',מיוצר עי קונדיטוריית,IL,דני שלוק שוקולד רביעייה,גרמים,500.00,100 גרם,false,1,11.90,2.3800,true,1,73966
7290104726484,false,סוכריות טופי פרצופי,"שטראוס גרופ בע""מ",IL,טופי פרצופי מגדים 150 ג',גרמים,150.00,100 גרם,false,1,6.90,4.6000,true,1,74962
7290104729003,false,"יד מרדכי - שמן זית כתית מעולה 2 קלאסי 750 מ""ל",מכוורת יד מרדכי שטרא,IL,שמן זית כתית מעולה יד מרדכי,מיליליטרים,750.00,"100 מ""ל",false,1,34.90,4.6533,true,1,120920
7290104961243,false,"נקה 7 תחליב רחצה מגע קטיפה קוקוס ליים 750 מ""ל",ג'נרל מילס סאן אדריא,IL,"נקה 7 תחליב רחצה קוקוס ויסמין 750 מ""ל",מיליליטרים,750.00,"100 מ""ל",false,1,11.90,1.5867,true,1,81602
7290104963001,true,סופטקר מגבונים עדין,מיוצר עי טרופיקל דגי,IL,"סופט קייר מגבונים לחים בניחוח עדין, 4 יחידות במארז",יחידה,1.00,יחידה,false,1,19.90,19.9000,true,1,111779
7290104964022,false,סקין גארד בוב ספוג 3,מיוצר עי : אמיליה קו,IL,סקין גארד בוב ספוג 300מל,מיליליטרים,300.00,"100 מ""ל",false,1,44.90,14.9667,true,1,112790
7290105360328,false,קפסולות אספרסו חזק למכונות נספרסו 10 יח',הנסיך- מפעל לייצור ט,IL,קפסולות 10 למכונות NESPRESSO,גרמים,50.00,100 גרם,false,1,16.90,33.8000,true,1,89619
7290105360335,false,קפסולות אספרסו למכונות נספרסו 50 גר,הנסיך- מפעל לייצור ט,IL,קפסולות 07 למכונות NESPRESSO,גרמים,50.00,100 גרם,false,1,16.90,33.8000,true,1,89620
7290105360878,false,מארז תפוציפס טבעי 50 גרם * 4,"שטראוס פריטו ליי בע""",IL,מארז תפוציפס 50*4 גרם,גרמים,200.00,100 גרם,false,1,13.90,6.9500,true,1,100824
7290105363602,false,כיף כף - מקלות קלאסי 40 גרם,"איי, בי, אינבוו",TR,כיף כף מקלות קלאסי,גרמים,40.00,100 גרם,false,1,5.90,14.7500,true,1,87534
7290105364289,false,כיף כף - מקלות פצפוצים 40 גרם,"איי, בי, אינבוו",TR,כיף כף מקלות פצפוצים,גרמים,40.00,100 גרם,false,1,5.90,14.7500,true,1,87535
7290105364302,false,"עלית חטיף שוקולד כיף כף מקלות אגוזים, 40 גרם","איי, בי, אינבוו",TR,כיף כף מקלות אגוזים,גרמים,40.00,100 גרם,false,1,5.90,14.7500,true,1,87536
7290105364678,false,משקה אקטיביה בטעם אפרסק 1.3% שומן 265 ג' דנונה,מיוצר עי קונדיטוריית,IL,משקה אקטיביה אפרסק 1.2% בודד,מיליליטרים,250.00,"100 מ""ל",false,1,5.90,2.3600,true,1,78143
7290105366023,false,חציל אחלה בטעם כבד 400 גר' אחלה,מיוצר עי קונדיטוריית,IL,חציל בטעם כבד 400 גרם,גרמים,400.00,100 גרם,false,1,15.90,3.9750,true,1,79712
7290105366993,false,גבינה לבנה סימפוניה עם תוספות 200 ג' פלפל שיפקה,"שטראוס בריאות בע""מ",IL,סימפוניה פילפל שיפקה חריף,גרמים,200.00,100 גרם,false,1,11.90,5.9500,true,1,95345
7290105368331,false,מילקי תות 8% וקצפת 133ג',מחלבת אחיהוד,IL,מילקי בטעם תות,גרמים,133.00,100 גרם,false,1,3.00,2.2556,true,1,84234
7290105368928,false,"שמנת 9% שומן 200 מ""ל יוטבתה",מחלבת יטבתה,IL,שמנת 9% 200 גר-מהדרין,גרמים,200.00,100 גרם,false,1,3.20,1.6000,true,1,83687
7290105369130,false,גבינת סימפוניה עם בצל ירוק 200 גרם,"שטראוס בריאות בע""מ",IL,סימפוניה בצל ירוק 2022,גרמים,200.00,100 גרם,false,1,11.90,5.9500,true,1,88741
7290105431516,false,פרי חטיפי בריאות מארז 5 תמרים בוטנים,טבעית מוצרים מן הטבע,IL,"FREE חטיף תמרים ובוטנים, 5 חטיפים, 125 גרם",גרמים,125.00,100 גרם,false,1,16.90,13.5200,true,1,90081
7290105434050,true,ספיד סטיק ירוק רגולר,הנסיך- מפעל לייצור ט,US,דאודורנט ספיד סטיק רגולר 85 גרם,Unknown,0.00,Unknown,false,1,31.90,0.0000,true,1,133006
7290105434067,true,ספיד סטיק כחול אושיי,הנסיך- מפעל לייצור ט,US,דאודורנט ספיד סטיק אושן סרף 85 גרם,Unknown,0.00,Unknown,false,1,31.90,0.0000,true,1,133007
7290105436382,false,חטיף מארז פרי אנרגיה תמרים עם קשיו 125,טבעית מוצרים מן הטבע,IL,מאגדת חטיף תמרים קשיו,גרמים,125.00,100 גרם,false,1,16.90,13.5200,true,1,100624
7290105438539,true,קוקי נייר אפיה 40 יח,אופל אריזות אלומיניו,IL,קוקי נייר אפייה 40 יחידות,Unknown,0.00,Unknown,false,1,8.90,0.0000,true,1,133008
7290105439581,false,מנה מאסטר שף חרדל דיזיון צרפתי 370 גר,סאם קווינור,FR,חרדל דיזיון צרפתי מאסטר שף 370 גרם,גרמים,370.00,100 גרם,false,1,11.90,3.2162,true,1,110942
7290105474063,false,לה קט מוס כבד 155 גר,יו פי אף,FR,לה קט מוס כבד 155 גר,גרמים,155.00,100 גרם,false,1,7.90,5.0968,true,1,141833
7290105500236,false,"וויסקי ג'ק דניאלס 700 מ""ל",ג'ק דניאלס,US,טנסי וויסקי,מיליליטרים,700.00,"100 מ""ל",false,1,124.90,17.8429,true,1,99458
7290105691248,false,פריכונים חטיפי טורטיה תירס 60 ג' אוסם,"מיוצר ע""י PT, משווק",IL,אסם חטיפי פריכונים טורטיה תירס 12*60גרם,גרמים,60.00,100 גרם,false,1,7.90,13.1667,true,1,81097
7290105691712,false,עוגיות הפסקת קפה חיטה מלאה אסם 230 גר',היינץ צפון אמריקה מק,IL,עוגיות הפסקת קפה דגנים מלאים 2,גרמים,230.00,100 גרם,false,1,11.90,5.1739,true,1,83908
7290105691934,false,"קמח שמרים 1ק""ג אוסם",תאי פרזידנט פוד פאבל,IL,"קמח שמרים 1 ק""ג אסם",קילוגרמים,1.00,"ק""ג",false,1,10.80,10.8000,true,1,87075
7290105693341,false,במבה מארז 10 יח' * 25 ג' אסם,"אסם השקעות בע""מ",IL,מארז במבה 25*10 גרם,גרמים,250.00,100 גרם,false,1,15.90,6.3600,true,1,95569
7290105693952,false,פירורית זהב אסם זהב שומשום 200 ג',מיוצר עי קונדיטוריית,IL,פירורית זהב שומשום 200 גרם,גרמים,200.00,100 גרם,false,1,6.90,3.4500,true,1,83693
7290105694928,false,אבקת מרק בצל רכיבים טבעיים 220 ג' אסם,"אסם השקעות בע""מ",IL,אבקת מרק בצל 220 גרם,גרמים,220.00,100 גרם,false,1,17.90,8.1364,true,1,86254
7290105962980,false,כרוב אדום במיונז 400 ג' אחלה,מיוצר עי קונדיטוריית,IL,כרוב אדום 400,גרמים,400.00,100 גרם,false,1,10.90,2.7250,true,1,109605
7290105962997,false,חצילים אחלה במיונז 400 גר',"שטראוס גרופ בע""מ",IL,חציל במיונז 400 גרם,גרמים,400.00,100 גרם,false,1,10.90,2.7250,true,1,109604
7290105963000,false,מטבוחה אחלה 400 גר',מיוצר עי קונדיטוריית,IL,מטבוחה 400,גרמים,400.00,100 גרם,false,1,10.90,2.7250,true,1,109600
7290105964564,false,אחלה חומוס אחלה 400ג,מיוצר עי קונדיטוריית,IL,סלט חומוס אחלה 400 גרם,גרמים,400.00,100 גרם,false,1,8.90,2.2250,true,1,110810
7290105965738,false,יוגורט לשתיה בטעם תות בננה267 ג' דנונה,מיוצר עי קונדיטוריית,IL,"משקה יוגורט דנונה תות בננה 267מ""ל",מיליליטרים,267.00,"100 מ""ל",false,1,5.30,1.9850,true,1,97216
7290105966469,false,"חומץ בלסמי יד מרדכי 250מ""ל",אצטייה ג'וזפה קרמוני,IT,חומץ בלסמי יד מרדכי,מיליליטרים,250.00,"100 מ""ל",false,1,15.90,6.3600,true,1,89927
7290105968654,false,רביולי בטטה פרווה פסטה נונה 400 ג',מיוצר עי קונדיטוריית,IL,רביולי בטטה פרווה 400 EAT GOOD,גרמים,400.00,100 גרם,false,1,19.90,4.9750,true,1,86248
7290105968777,false,פריכיות עם תחתית שוקולד מריר 70 ג' אנרגי,"טחנת האבן תעשיות בע""",IL,פריכיות אנרגי תחתית ש.מריר OS,גרמים,70.00,100 גרם,false,1,8.90,12.7143,true,1,90778
7290106262546,true,ספריי שקוף מבוגרים S,אמיליה קוסמטיקס,,ספריי שקוף מבוגרים SPF50 UVA B סאן&קאר,מיליליטרים,200.00,"100 מ""ל",false,1,29.90,14.9500,true,1,104935
7290106520066,false,רבע לשבע וופל שוקולד 120 גרם,הגביע מוצרי וופלים ב,IL,רבע לשבע (ירוק) 160 גר',גרמים,160.00,100 גרם,false,1,12.90,8.0625,true,1,87954
7290106521049,false,אחלה טעמי השוק קוביות סלק 400 גר,מיוצר עי קונדיטוריית,IL,קוביות סלק 400,גרמים,400.00,100 גרם,false,1,15.90,3.9750,true,1,94254
7290106524439,false,תפוצ'יפס טבעי פופס 60גר',"שטראוס פריטו ליי בע""",IL,תפו פופס 60 גר 40 יח,גרמים,60.00,100 גרם,false,1,3.90,6.5000,true,1,116292
7290106525320,false,אבקת שוקולית לאפייה קופסא 500ג' עלית,הנסיך- מפעל לייצור ט,IL,שוקולית לאפיה,גרמים,500.00,100 גרם,false,1,17.70,3.5400,true,1,100827
7290106528567,false,חטיף דוריטוס גריל 185 גרם,הנסיך- מפעל לייצור ט,IL,דוריטוס גריל 185 גר 12 יח,גרמים,185.00,100 גרם,false,1,8.00,4.3243,true,1,111317
7290106528628,false,חטיף דוריטוס טבעי 185 גרם,"שטראוס פריטו ליי בע""",IL,דוריטוס טבעי 185 גרם,גרמים,185.00,100 גרם,false,1,8.00,4.3243,true,1,111318
7290106572027,false,אוסם - לחמית חמישה דגנים 190 גרם,"אסם השקעות בע""מ",IL,לחמית חמישה דגנים 12*190גרם,גרמים,190.00,100 גרם,false,1,10.90,5.7368,true,1,87900
7290106572065,false,חטיפי פריכונים טורטיה חמוץ מתוק 60 גרם,"מיוצר ע""י PT, משווק",IL,אסם חטיפי פרכ.טורטיה תר.חמוץ מתוק 12*60ג,גרמים,60.00,100 גרם,false,1,7.90,13.1667,true,1,87845
7290106572997,false,"קמח שמרים לפיצה ופוקצ'ה אסם 1ק""ג","קוד יצרן TKMB, משווק",IL,"קמח שמרים לפיצה 1 ק""ג אסם",קילוגרמים,1.00,"ק""ג",false,1,10.90,10.9000,true,1,90018
7290106573628,false,חומוס צבר עם טחינה 400 ג',סלטי צבר,IL,סלט חומוס טחינה 400 גרם,גרמים,400.00,100 גרם,false,1,12.90,3.2250,true,1,91383
7290106573642,false,חומוס עם צנובר צבר 400 גר,סלטי צבר,IL,צבר חומוס צנובר 12*400גרם,גרמים,400.00,100 גרם,false,1,12.90,3.2250,true,1,91384
7290106574120,false,גומי גם קרחון שרבט עם סוכריות 90 גרם,גלידות נסטלה (נגה גל,IL,גומיגם קרחון שרבט עם סוכריות בפנים42*90ג,גרמים,90.00,100 גרם,false,1,7.00,7.7778,true,1,95953
7290106574953,false,בייגלה אסם שטוחים שומשום 300 גר,מיוצר עי קונדיטוריית,IL,אסם בייגלה שטוחים שומשום 9*300גרם,גרמים,300.00,100 גרם,false,1,11.90,3.9667,true,1,93085
7290106574977,false,בייגלה שטוחים עם מלח 300 ג' אסם,מיוצר עי קונדיטוריית,IL,אסם בייגלה שטוחים עם מלח 9*300גרם,גרמים,300.00,100 גרם,false,1,11.90,3.9667,true,1,93086
7290106575257,false,עוגת הבית סופלה בטעם שוקולד 340 ג' אסם,מיוצר עי קונדיטוריית,IL,הבית עוגת סופלה בטעם שוקולד 8*340גרם,גרמים,340.00,100 גרם,false,1,15.90,4.6765,true,1,94261
7290106575431,false,עוגת הבית סופלה בטעם שוקוניל 340 ג' אסם,מיוצר עי קונדיטוריית,IL,הבית עוגת סופלה בטעם שוקו וניל 8*340גרם,גרמים,340.00,100 גרם,false,1,15.90,4.6765,true,1,94263
7290106576223,false,אפרופו שוקולד 40 ג' אסם,מיוצר עי קונדיטוריית,IL,אפרופו שוקולד 36*40גרם,גרמים,40.00,100 גרם,false,1,5.20,13.0000,true,1,112286
7290106576513,false,סלט חומוס צבר 400 גר,סלטי צבר,IL,סלט חומוס צבר 400 גרם,גרמים,400.00,100 גרם,false,1,11.90,2.9750,true,1,94378
7290106576537,false,חומוס מסעדה צבר 700 גר,סלטי צבר,IL,חומוס מסעדה צבר 700 גרם,גרמים,700.00,100 גרם,false,1,12.90,1.8429,true,1,94498
7290106577282,false,טחינה צבר מרובע 400 ג',סלטי צבר,IL,טחינה אמיתית צבר 400 גרם,גרמים,400.00,100 גרם,false,1,13.60,3.4000,true,1,94690
7290106577480,false,חציל על האש בטחינה צ,סלטי צבר,IL,צבר חציל על האש בטחינה מרובע 6*400גרם,גרמים,400.00,100 גרם,false,1,13.90,3.4750,true,1,94693
7290106577541,false,כרוב אדום מרובע 400 ג' צבר,סלטי צבר,IL,צבר כרוב אדום מרובע 6*400גרם,גרמים,400.00,100 גרם,false,1,13.90,3.4750,true,1,94696
7290106578692,false,אוסם - במבה ביסלי מיקס 80 גרם,פרו מן יו פתרונות אר,IL,במבה ביסלי מיקס 36*80גרם,גרמים,80.00,100 גרם,false,1,5.90,7.3750,true,1,97660
7290106658479,false,וופל טורטית שוקלד מגדים 40ג',"שטראוס גרופ בע""מ",IL,טורטית מגדים 40 גרם,גרמים,40.00,100 גרם,false,1,4.50,11.2500,true,1,111877
7290106662025,false,תפוציפס טבעי מלח ופלפל 50 גרם,"שטראוס פריטו ליי בע""",IL,תפו מלח פלפל 50 גר 48 יח - שמיטה,גרמים,50.00,100 גרם,false,1,3.90,7.8000,true,1,113491
7290106663121,false,עוגה אישית מילקי 34 גר CAKE,בובארד איטליה אס.פי.,IT,עוגת מילקי CAKE אישית 34 גרם,גרמים,34.00,100 גרם,false,1,3.90,11.4706,true,1,108151
7290106663503,false,קונפיטורה תות לייט יד מרדכי 250 ג',אף.סי תבליני בגליל ב,IL,קונפיטורת תות שדה לייט,גרמים,230.00,100 גרם,false,1,15.70,6.8261,true,1,101905
7290106663558,false,"רוטב טריאקי ורימון יד מרדכי 280מ""ל",אף.סי תבליני בגליל ב,IL,רוטב טריאקי 320 גרם,מיליליטרים,280.00,"100 מ""ל",false,1,14.90,5.3214,true,1,107398
7290106664067,false,לאבנה עם שמן זית וזעתר 10% שטראוס 400 ג',הדקלאים אגודת שיתופי,IL,גבינת לאבנה 10% שמן זית וזעתר 400 גרם,גרמים,400.00,100 גרם,false,1,17.90,4.4750,true,1,110035
7290106667266,false,חטיף דוריטוס חמוץ חריף 185 גרם,הנסיך- מפעל לייצור ט,IL,דוריטוס חמוץ חריף 185 גרם,גרמים,185.00,100 גרם,false,1,8.00,4.3243,true,1,111315
7290106668577,false,"מיץ לימון טבעי יד מרדכי 250 מ""ל",האי נאם סי או אל.טי.,IT,"מיץ לימון טבעי 250 מ""ל",מיליליטרים,250.00,"100 מ""ל",false,1,8.90,3.5600,true,1,107399
7290106720626,false,ציטוס בטעם גבינה 80 גר,"שטראוס פריטו ליי בע""",IL,ציטוס גבינה 80 גר 48 יח רבנות,גרמים,80.00,100 גרם,false,1,4.90,6.1250,true,1,113806
7290106721913,false,מסטיק מאסט בטעם מנטה מרעננת 66 ג' עלית,"שטראוס גרופ בע""מ",IL,"צנצנת מאסט מנטה מרעננת לל""ס 66 גרם",גרמים,66.00,100 גרם,false,1,9.90,15.0000,true,1,107380
7290106721920,false,צנצנת מסטיק מאסט בטעם ספירמינט עדין 66 ג' עלית,"שטראוס גרופ בע""מ.",IL,"צנצנת ספירמינט לל""ס 66 גרם",גרמים,66.00,100 גרם,false,1,9.90,15.0000,true,1,107381
7290106725867,false,"סירופ מייפל טהור 189 מ""ל יד מרדכי",קוסלסי פוד,CA,"סירופ מייפל טבעי 189 מ""ל",מיליליטרים,189.00,"100 מ""ל",false,1,32.90,17.4074,true,1,110023
7290106727984,false,כיף כף פצפוצים ושוקולד 135 ג',שולן צ'יקולטה גידה ס,TR,גביע פצפצים 135 ג' 2016,גרמים,135.00,100 גרם,false,1,13.90,10.2963,true,1,112290
7290107280020,false,מטליות לחות סנו סושי לניקוי כללי שלישיה *50 יח',טרופיקל דגיל- תעשיות,IL,שלישיה מטליות לחות לניקוי כללי,לא מנהל יחידת מידה,0.00,לא מנהל יחידת מידה,false,1,25.60,0.0000,true,1,92333
7290107280099,false,מגבוני טואלט לחים סנו סופט שלישייה * 48 יח',טרופיקל דגיל- תעשיות,IL,"סנו סופט מגבוני טואלט לחים, מארז שלישייה",Unknown,0.00,Unknown,false,1,19.90,0.0000,true,1,99230
7290107280341,false,ריצפז מטליות לחות לניקוי הרצפה בניחוח מלון מפנק,"סנו מפעלי ברונוס סע""",IL,ריצפז מטליות לחות מלון מפנק,יחידה,1.00,יחידה,false,1,14.90,14.9000,true,1,125982
7290107280396,false,"סנו - ג'ט מרסס לניקוי יסודי במטבח 750 מ""ל","סנו מפעלי ברונוס בע""",IL,ג'ט ניקוי יסודי במטבח 750 מל,מיליליטרים,750.00,"100 מ""ל",false,1,15.90,2.1200,true,1,95397
7290107280495,false,סנובון מוצק,swrzedz dramers,PL,סנובון מוצק WAVE לימון מרענן,גרמים,45.00,100 גרם,false,1,8.90,19.7778,true,1,104579
7290107280709,false,"סנו ספארק נוזל הברקה למדיח 700 מ""ל","סנו מפעלי ברונוס בע""",IL,נוזל להברקה 700 מל SPARK,מיליליטרים,900.00,"100 מ""ל",false,1,16.90,1.8778,true,1,103970
7290107280716,true,מלח למדיח,"מלח הארץ אילת בע""מ",IL,סנו ספארק מלח למדיח 2 קג,קילוגרמים,2.00,"ק""ג",false,1,12.90,6.4500,true,1,107218
7290107280747,false,"סנו ספארק נוזל כלים קלאסי 700 מ""ל",סנו כימיקלים,IL,סנו ספארק נוזל לניקוי כלים קלאסי,מיליליטרים,700.00,"100 מ""ל",false,1,9.90,1.4143,true,1,103097
7290107280761,false,סנו ספארק נוזל כלים בניחוח לימון עם משאבה 1 ל',מיוצר עי קונדיטוריית,IL,ספארק משאבה לימון 1ל,ליטרים,1.00,ליטר,false,1,11.90,11.9000,true,1,103312
7290107602099,false,כובע סרוג צבעים,אודס,,כובע סרוג צבעים,יחידה,1.00,יחידה,false,1,24.90,24.9000,true,1,100439
7290107646062,false,אבקת מרק בצל רכיבים טבעיים קנור 400 ג',יוניליוור ישראל מזון,IL,מרק בצל,גרמים,400.00,100 גרם,false,1,21.90,5.4750,true,1,117545
7290107646154,false,חטיף דגנים קוקומן פצפוצים טעם שוקו שישיה* 21 ג',יוניליוור ישראל מזון,IL,"קוקומן חטיף פצפוצי דגנים בטעם שוקולד, 126 גרם",גרמים,126.00,100 גרם,false,1,15.90,12.6190,true,1,117564
7290107646826,false,מאגדת פתיתי תירס שוקולד 6 יחידות 156 גרם,יוניליוור ישראל מזון,IL,"שוגי חטיף פתיתי תירס קלויים בטעם שוקולד, 156 גרם",גרמים,156.00,100 גרם,false,1,15.90,10.1923,true,1,117565
7290107646895,false,רוטב עגבניות לפסטה נפוליטנה 415 ג' קנור,קונסורזיו קאסאלאסקו,IT,נפוליטנה - רוטב עגבניות לפסטה,גרמים,415.00,100 גרם,false,1,14.90,3.5904,true,1,115393
7290107647632,false,קורנטו כשלפ וניל,"גלידת שטראוס בע""מ, ר",IL,קורנטו כשלפ וניל,לא מנהל יחידת מידה,0.00,לא מנהל יחידת מידה,false,1,9.90,0.0000,true,1,122382
7290107647649,false,שלגון סולרו קוקוס אנ,"גלידת שטראוס בע""מ",IL,שלגון סולרו קוקוס אננס 62 גרם,גרמים,62.00,100 גרם,false,1,7.90,12.7419,true,1,121882
7290107648974,true,רוטב עגבניות עם בזיל,קונסורזיו קאסאלאסקו,IL,רוטב עגבניות עם בזיליקום לפסטה 415 גרם,גרמים,415.00,100 גרם,false,1,14.90,3.5904,true,1,120972
7290107649681,false,שלגון קורנטו פסק זמן לבן,"מיוצר ע""י גלידת שטרא",IL,קורנטו פסק זמן 64 גרם,גרמים,64.00,100 גרם,false,1,9.90,15.4688,true,1,122974
7290107649698,false,מגנום לבן עוגיות 76,מיוצר עי גלידת שטראו,IL,מגנום לבן עוגיות 76 גרם,גרמים,76.00,100 גרם,false,1,9.90,13.0263,true,1,122973
7290107649780,false,שוקולד שוקובו 85 גר,"מיוצר ע""י גלידת שטרא",IL,שוקובו שוקו 85 גרם,גרמים,85.00,100 גרם,false,1,10.90,12.8235,true,1,122977
7290107649858,false,טילון מגנוםלבן -גלידת שמנת,"מיוצר ע""י גלידת שטרא",IL,מגנום טילון שוקולד לבן 100 גרם,גרמים,100.00,100 גרם,false,1,10.90,10.9000,true,1,123607
7290107870047,false,"טילון אקסטרים מטבע ענק בראוניז, 115 ג'",תות תעשיות מזון (201,IL,אקסטרים טילון בראוניז מטבע ענק 18*115גרם,גרמים,133.00,100 גרם,false,1,10.50,7.8947,true,1,103233
7290107871990,false,פסטה צינורות 500 גר אסם,פסטה זארה,IT,אסם פסטה צינורות איטלקי 12*500גרם,גרמים,500.00,100 גרם,false,1,6.90,1.3800,true,1,104146
7290107876889,false,אוסם - במבה במילוי קרם נוגט 45 גרם,"אסם השקעות בע""מ",IL,במבה במילוי קרם נוגט 48*45גרם,גרמים,45.00,100 גרם,false,1,4.90,10.8889,true,1,109983
7290107879620,false,שלגון לה פרוטה מלון תפוח נסטלה 70ג',המאפיה של הרמן,IL,לה פרוטה תפוח מלון 36*70גרם,גרמים,70.00,100 גרם,false,1,6.90,9.8571,true,1,110748
7290107879668,false,קרחון לה פרוטה תות 70 ג' נסטלה,המאפיה של הרמן,IL,לה פרוטה תות 36*70גרם,גרמים,70.00,100 גרם,false,1,6.90,9.8571,true,1,110745
7290107879699,false,שלגון לה פרוטה מנגו נסטלה 70ג',המאפיה של הרמן,IL,לה פרוטה מנגו 36*70גרם,גרמים,70.00,100 גרם,false,1,6.90,9.8571,true,1,110746
7290107931397,false,כיף כף פצפוצים במילוי שוקולד 40 גרם,שולן צ'יקולטה גידה ס,TR,כיף כף פצפצים,גרמים,40.00,100 גרם,false,1,5.90,14.7500,true,1,111628
7290107932080,false,חלב מועשר יוטבתה בבקבוק 3% 1 ליטר,מחלבת יטבתה,IL,חלב בקבוק 3% מועשר 1 ליטר,ליטרים,1.00,ליטר,false,1,7.90,7.9000,true,1,109971
7290107932134,false,חלב מועשר יוטבתה בבקבוק 1% 1 ליטר,מחלבת יטבתה,IL,חלב בקבוק 1% מועשר 1 ליטר,ליטרים,1.00,ליטר,false,1,7.90,7.9000,true,1,109972
7290107936958,false,עד חצות ביסקוויט אצבעות שוקולד 125 גרם,הדקלאים אגודת שיתופי,FR,ביסקוויט עד חצות אצבעות 125 גרם,גרמים,125.00,100 גרם,false,1,14.90,11.9200,true,1,115571
7290107936965,false,עיגולים עד חצות עם שוקולד חלב 225 גר,ביסקווטרי עוגיות סנט,FR,עד חצות עיגולים,גרמים,225.00,100 גרם,false,1,14.90,6.6222,true,1,115570
7290107937542,false,משקה אקטיביה תות 265 ג' דנונה,מיוצר עי קונדיטוריית,IL,משקה אקטיביה תות 1.2% 250 גרם,גרמים,250.00,100 גרם,false,1,5.90,2.3600,true,1,111731
7290107937634,false,צנצנית מסטיק מאסט קוביות פפירמינט 58 ג' עלית,אסקום קונפקשיין,DE,צנצנת קוביות מנטה 58 גרם,גרמים,58.00,100 גרם,false,1,9.90,17.0690,true,1,112413
7290107937641,false,מסטיק בצנצנת קוביות בזוקה 58 ג',אסקום קונפקשיין,DE,צנצנת קוביות בזוקה 58 גרם,גרמים,58.00,100 גרם,false,1,9.90,17.0690,true,1,112434
7290107938396,false,"אקטימל משקה פרוביוטי תות 100X8 מ""ל",מיוצר עי קונדיטוריית,IL,אקטימל שמיניה תות,מיליליטרים,864.00,"100 מ""ל",false,1,20.90,2.4190,true,1,111883
7290107943369,false,קוואקר שיבולת שועל ללא גלוטן 511 גר,היידי שוקולד בירונטי,US,קוואקר שיבולת שועל ללא גלוטן 511 גרם,גרמים,511.00,100 גרם,false,1,19.90,3.8943,true,1,115399
7290107944472,false,סימפוניה שום שמיר 5% 200 ג' שטראוס,"שטראוס בריאות בע""מ",IL,סימפוניה שום שמיר 5%,גרמים,200.00,100 גרם,false,1,11.90,5.9500,true,1,112588
7290107951104,false,בפלות שוקולד ארוך עלית 200ג',"א.ג. גילרו בע""מ",IL,בפלות שוקולד 200 גרם,גרמים,200.00,100 גרם,false,1,5.10,2.5500,true,1,112631
7290107951111,false,בפלות לימון ארוך עלית 200ג',"א.ג. גילרו בע""מ",IL,בפלות לימון 200 גרם,גרמים,200.00,100 גרם,false,1,5.10,2.5500,true,1,112638
7290107953559,false,קפה טורקי עלית לדרך שקיות 24X7ג',הנסיך- מפעל לייצור ט,IL,מארז טורקי לדרך 168 גר,גרמים,200.00,100 גרם,false,1,19.90,9.9500,true,1,117529
7290107954976,false,"משקה יטבתה חלבון פרו קפה 350מ""ל",מחלבת יטבתה,DE,יטבתה פרו קפה 350,מיליליטרים,350.00,"100 מ""ל",false,1,6.50,1.8571,true,1,114892
7290107956642,false,"תרסיס שמן זית יד מרדכי 150 מ""ל",פארייפאבה אגרואינדוס,ES,"תרסיס שמן זית 150 מ""ל",מיליליטרים,150.00,"100 מ""ל",false,1,19.90,13.2667,true,1,116126
7290107956925,true,קפסולות קפה אספרסו 1,הנסיך- מפעל לייצור ט,IL,קפסולות 13 אוגנדה למכונות NESPRESSO,לא מנהל יחידת מידה,0.00,לא מנהל יחידת מידה,false,1,16.90,0.0000,true,1,120448
7290107956932,true,קפסולות אינדונזיה,הנסיך- מפעל לייצור ט,IL,קפסולות 12 אינדונזיה למכונות NESPRESSO,Unknown,0.00,Unknown,false,1,16.90,0.0000,true,1,119764
7290107957069,false,"צנצנת עלמה בטעם אוכמניות לל""ס 66 גרם","שטראוס גרופ בע""מ",IL,"צנצנת עלמה בטעם אוכמניות לל""ס 66 גרם",גרמים,66.00,100 גרם,false,1,9.90,15.0000,true,1,115566
7290107957076,false,"צנצנת עלמה בטעם ספירמינט לל""ס 66 גרם","שטראוס גרופ בע""מ",IL,מסטיק עלמה בצנצנת בטעם ספירמינט 66 גרם,גרמים,66.00,100 גרם,false,1,9.90,15.0000,true,1,115567
7290107957991,false,מילקי CAKE מיניס קרם חלב בציפוי שוקולד חלב שקית 16X9ג',בובארד איטליה אס.פי.,IT,מילקי מינייס,גרמים,144.00,100 גרם,false,1,14.90,10.3472,true,1,119819
7290107973014,false,פלמוליב סבון ידיים חלב ודבש 300 מ'ל,הנסיך- מפעל לייצור ט,TR,"פלמוליב סבון ידיים חלב ודבש 300 מ""ל",מיליליטרים,300.00,"100 מ""ל",false,1,9.90,3.3000,true,1,114713
7290107973038,false,"פלמוליב סבון ידיים אקווריום 300 מ""ל",הנסיך- מפעל לייצור ט,IT,פלמוליב סבון ידיים אקווריום 300 מל,מיליליטרים,300.00,"100 מ""ל",false,1,9.90,3.3000,true,1,114712
7290107973793,false,שימורי עגבניות שלמות 400 ג' מאסטר שף,פראנו אריקו ופיגלי ס,IT,100% עגבניות איטלקיות שלמות מקולפות 400 גרם,גרמים,400.00,100 גרם,false,1,6.20,1.5500,true,1,112074
7290107973861,false,מאסטר שף - עגבניות קצוצות דק שלישיה 400 גרם * 3,קונסרזיו קאסאלאסקו ד,IT,מאסטר שף עגבניות קצוצות דק מארז שלישייה,גרמים,400.00,100 גרם,false,1,15.90,3.9750,true,1,112274
7290107974066,false,"עלי טורטיה קמח מלא 20ס""מ 8יח' מאסטר שף 320ג'",אורגניק,DE,עלי טורטיה קמח מלא 320 גרם,גרמים,320.00,100 גרם,false,1,10.90,3.4063,true,1,111794
7290107974073,false,מנה עלי טורטיה קמח לבן מ.שף 20 סמ 320 גר,הנסיך- מפעל לייצור ט,DE,מאסטר שף עלי טורטיה קמח לבן 320 גר,גרמים,320.00,100 גרם,false,1,10.90,3.4063,true,1,111792
7290107974301,true,ספיד סטיק ליידי גל א,הנסיך- מפעל לייצור ט,US,ליידי ספיד סטיק דאודורנט אלוורה ג'ל 65 גרם,Unknown,0.00,Unknown,false,1,19.90,0.0000,true,1,124028
7290107975094,false,גרגירי חומוס מאסטר ש,פראנצזה אס.פיי.איי,IT,מאסטר שף קטניות איטלקיות גרגירי חומוס 400 גרם,גרמים,400.00,100 גרם,false,1,6.90,1.7250,true,1,112374
7290107977456,false,"פלמוליב - ג'ל רחצה ושמפו ספורט לגבר 750 מ""ל",CP UK,TR,"פלמוליב סבון נוזלי ספורט לגבר 750 מ""ל",מיליליטרים,750.00,"100 מ""ל",false,1,21.90,2.9200,true,1,125623
7290107978330,false,מאסטר שף איטריות דקות 400 גרם,הדקלאים אגודת שיתופי,PL,מאסטר שף אטריות דקות 400 גרם,גרמים,400.00,100 גרם,false,1,6.50,1.6250,true,1,114442
7290107978637,true,משחת שיניים מרידול ח,קולגייט פלמוליב,PL,מרידול משחת שיניים למניעת בעיות חנייכים 75 מל,מיליליטרים,1.00,"100 מ""ל",false,1,19.90,1990.0000,true,1,121293
7290108200225,true,וניש גולד אבקה ורוד,השחר,IT,מסיר כתמים אבקה וניש קליה 470 גרם,גרמים,470.00,100 גרם,false,1,17.90,3.8085,true,1,109372
7290108350128,false,סנו סושי שקיות אשפה חזקות במיוחד 40 יח',מיוצר עי קונדיטוריית,IL,שקית אשפה חזקה סנו סושי 40 יח,Unknown,0.00,Unknown,false,1,25.90,0.0000,true,1,103971
7290108350203,false,סנו סושי כריות קרצוף ללכלוך 6 יח',UFO,US,כריות קרצוף עם ספוג מקציף 6 יחידות,לא מנהל יחידת מידה,0.00,לא מנהל יחידת מידה,false,1,9.90,0.0000,true,1,111814
7290108350210,false,סנו סושי שקיות אשפה חזקות 30 יח' XL,מיוצר עי קונדיטוריית,IL,סנו סושי 30 שקיות אשפה XL חזקות במיוחד,לא מנהל יחידת מידה,0.00,לא מנהל יחידת מידה,false,1,26.90,0.0000,true,1,110340
7290108350531,false,סנו ספארק נוזל כלים בניחוח קלאסי עם משאבה 1 ל',מיוצר עי קונדיטוריית,IL,ספארק משאבה קלאסי 1ל,ליטרים,1.00,ליטר,false,1,11.90,11.9000,true,1,109076
7290108350548,false,סנו ספארק נוזל כלים בניחוח לבנדר עם משאבה 1 ל',מיוצר עי קונדיטוריית,IL,סנו נוזל לניקוי כלים בניחוח לבנדר עדין 1 ליטר,ליטרים,1.00,ליטר,false,1,11.90,11.9000,true,1,109077
7290108350616,false,סנו - מקסימה מרכך כביסה מרוכז פריחה כחולה 1 ליטר,"סנו מפעלי ברונוס בע""",IL,מרכך מרוכז בלו בלוסום 1ליטר,ליטרים,1.00,ליטר,false,1,18.90,18.9000,true,1,111919
7290108350623,false,מרכך כביסה סופר מרוכז סופט סילק מקסימה 1 ל' סנו,"סנו מפעלי ברונוס בע""",IL,מרכך מרוכז סופט סילק 1ליטר,ליטרים,1.00,ליטר,false,1,18.90,18.9000,true,1,111962
7290108350685,false,"מנקה למדיח כלים סנו ספארק 250 מ""ל",סנו,IL,ספארק מנקה מדיח כלים 250 מל,מיליליטרים,250.00,"100 מ""ל",false,1,13.90,5.5600,true,1,116870
7290108350722,false,משחת שיניים אורביטול ענבים מרענן 70 גרם,טרופיקל דגיל תעשיות,IL,אורביטול קידס 6+ בוב ספוג 70גרם,גרמים,70.00,100 גרם,false,1,9.90,14.1429,true,1,129707
7290108350753,false,"אורביטול משחת שיניים פרוטקט פרש, 145 גרם",גוד פוד פרודקטס S.p,IL,אורביטול PROTECT ַ& FRESH משחת שיניים 145 גרם,מיליליטרים,145.00,"100 מ""ל",false,1,12.90,8.8966,true,1,121228
7290108351118,false,"קוטל מעופפים 750 מ""ל K4000",סנו מפעלי ברונוס בעמ,IL,K-4000,מיליליטרים,750.00,"100 מ""ל",false,1,34.60,4.6133,true,1,112009
7290108351149,false,סנו - ג'ט לניקוי כללי ורצפות בתוספת אבקת סודה 1.5 ליטר,"סנו מפעלי ברונוס בע""",IL,ג'ט פלוס סודה 1.5 ליטר,ליטרים,1.50,ליטר,false,1,15.90,10.6000,true,1,112788
7290108351491,false,סנו - אוקסיג'ן פאוור אבקה להסרת כתמים קשים 720 גרם,הורביץ סחר,IL,אבקת כביסה עצמתית,גרמים,720.00,100 גרם,false,1,19.90,2.7639,true,1,112789
7290108351507,false,מרכך כביסה מקסימה סופט סילק 4 ל' סנו,הורביץ סחר,IL,מרכך כביסה מקסימה 4ליטר SOFT SILK,ליטרים,4.00,ליטר,false,1,22.90,5.7250,true,1,112671
7290108351613,false,סנו ריצפז פרש הום בניחוח מלון חלומי 2 ל,"סנו מפעלי ברונוס בע""",IL,'רצפז פ.הום מלון חלומי 2 ליטר,ליטרים,0.00,ליטר,false,1,21.90,0.0000,true,1,114965
7290108351699,false,סנו - ג'ט מטליות לחות לניקוי כללי בתוספת חומץ לבנדר שלישיה,סנו מפעלי ברונוס על,IL,מגבונים גט + חומץ מא,לא מנהל יחידת מידה,0.00,לא מנהל יחידת מידה,false,1,22.90,0.0000,true,1,119896
7290108352092,false,משחת שיניים protective salt אורביטול 145 גר',טרופיקל דגיל תעשיות,IL,אורביטול משחת שיניים מלח 145 גרם,גרמים,145.00,100 גרם,false,1,18.90,13.0345,true,1,135773
7290108352269,false,דלי מטליות לחיטוי ולניקוי 99.9 % 400 יח' סנו,הורביץ סחר,IL,דלי מטליות לחיטוי וניקוי 99.9%,יחידה,1.00,יחידה,false,1,31.90,31.9000,true,1,127167
7290108352313,false,"שקית מילוי למתז חיטוי משטחים 99.9% 750 מ""ל","מפעלו ברונוס בע""מ",IL,99.9% שקית מילוי חיטוי משטחים 750 מל,לא מנהל יחידת מידה,0.00,לא מנהל יחידת מידה,false,1,10.90,0.0000,true,1,126952
7290108352351,false,"סנו תרסיס לחיטוי משטחים 99.9% - 400 מ""ל","סנו מפעלי ברונוס בע""",IL,99.9% תרסיס לחיטוי 400 מל,מיליליטרים,400.00,"100 מ""ל",false,1,21.90,5.4750,true,1,127350
7290108352382,false,סנו - מטליות לחות אישיות לחיטוי משטחים 99.9% 20 יח',טרופיקל דגיל תעשיות,IL,סנו 99.9% מטליות לחות לחיטוי 20 יח,יחידה,1.00,יחידה,false,1,11.90,11.9000,true,1,128190
7290108352399,false,רצפז פ.הום בניחוח מרכך כביסה מקסימה 2 ליטר,"סנו מפעלי ברונוס בע""",IL,ריצפז פרש הום מרכך כביסה מקסימה פלורל 2,ליטרים,2.00,ליטר,false,1,21.90,10.9500,true,1,140048
7290108352412,false,"סנו - פרש הום מבשם לבית ולטקסטיל ורד אנגלי ועלים 300 מ""ל",מיוצר עי קונדיטוריית,IL,מטהר אוויר ארומטי ורוד,Unknown,0.00,Unknown,false,1,13.90,0.0000,true,1,128281
7290108352511,false,"ניקוי וחיטוי מכונת הכביסה מקסימה 500 מ""ל","איי, בי, אינבוו",IL,"מקסימה לניקוי וחיטוי למכונת כביסה, 500 מ""ל",מיליליטרים,500.00,"100 מ""ל",false,1,12.90,2.5800,true,1,137525
7290108352535,false,סנו - מקסימה דפי בישום לחים למייבש הכביסה בניחוח מרכך כביסה,סנו,IL,מקסימה דפי בישום לחים למייבש 20 יחידות,לא מנהל יחידת מידה,0.00,לא מנהל יחידת מידה,false,1,12.90,0.0000,true,1,139443
7290108352641,false,סנו סושי מטלית הפלא לניקוי כללי במארז שלישייה,סנו מפעלי ברונוס.,CN,מארז שלישיית מטליות הפלא לניקוי כללי,לא מנהל יחידת מידה,0.00,לא מנהל יחידת מידה,false,1,14.90,0.0000,true,1,114960
7290108352801,false,סנו - סושי שקיות אשפה לפח קטן 100 יחידות,"סנו מפעלי ברונוס בע""",IL,שקיות אשפה לפחים קטנים,לא מנהל יחידת מידה,0.00,לא מנהל יחידת מידה,false,1,21.90,0.0000,true,1,119298
7290108352887,false,סנו סושי זוג מפות שולחן לבנות,מיוצר עי קונדיטוריית,IL,סנו סושי זוג מפות שולחן עשויות מבד בלתי ארוג 2 יח',לא מנהל יחידת מידה,7.50,לא מנהל יחידת מידה,false,1,8.90,1.1867,true,1,121226
7290108352894,false,סנו סושי מפת שולחן חגיגית,שואוגאנג,CN,סנו סושי מפת שולחן חגיגית XL,לא מנהל יחידת מידה,7.00,לא מנהל יחידת מידה,false,1,7.90,1.1286,true,1,122300
7290108352900,false,סנו סושי מגבות הפלא גליל כפול 6 גלילים,סנו מפעלי ברונוס בעמ,IL,"מגבות הפלא גליל כפול- מגבות עבות, חזקות וסופגות",לא מנהל יחידת מידה,0.00,לא מנהל יחידת מידה,false,1,21.90,0.0000,true,1,124386
7290108353020,false,4 תבנית אפייה מנייר מלבנית גדולה סנו,מיוצר עי קונדיטוריית,CN,סנו סושי- תבניות אפייה מנייר,יחידה,1.00,יחידה,false,1,11.90,11.9000,true,1,134421
7290108353037,false,4 תבנית אפייה מנייר עגולה סנו,מיוצר עי קונדיטוריית,CN,סנו סושי- תבניות אפייה מנייר,יחידה,1.00,יחידה,false,1,11.90,11.9000,true,1,134422
7290108353082,false,ממחטות אף בקופסה 2 שכבות סנו סופט 120 דף,מיוצר עי קונדיטוריית,IL,סנו סופט 120 ממחטות אף דו שכבתיות,יחידה,1.00,יחידה,false,1,9.90,9.9000,true,1,125313
7290108353099,false,ממחטות אף במארז ניילון סנו סופט 5 יח' * 100 דף,טרופיקל דגיל תעשיות,CN,סנו סופט - 500 ממחטות אף דו שכבתיות נשלפות אחת אחת,יחידה,1.00,יחידה,false,1,15.90,15.9000,true,1,125314
7290108353440,false,צמד מברשת שיניים 12000 סיבים אורביטול,"ב.א מזון בע""מ",CN,"מברשת שיניים אורביטול 12,000 סיבים זוג",יחידה,1.00,יחידה,false,1,29.90,29.9000,true,1,138562
7290108353518,false,תבניות אלומיניום עם ידיות XL סנו,קריניסה ויטמין אס אי,CN,סנו סושי תבניות אלומיניום XL עם ידית - 2,יחידה,1.00,יחידה,false,1,10.90,10.9000,true,1,126133
7290108353525,false,תבניות אלומיניום סנו סושי+ידית 4 יח L,קריניסה ויטמין אס אי,CN,סנו סושי תבניות אלומיניום L עם ידית - 4,יחידה,1.00,יחידה,false,1,10.90,10.9000,true,1,126134
7290108353532,false,סנו סושי שקיות אשפה בגליל 100 יח',Elif,IL,שקיות אשפה סנו סושי עם שרוך - 100 יח,יחידה,1.00,יחידה,false,1,29.90,29.9000,true,1,134795
7290108353648,false,סנו סושי שקיות אוכל מנייר + מדבקות,סנו מפעלי ברונוס.,TR,סנו סושי 70 שקיות אוכל מנייר + מדבקות במ,יחידה,1.00,יחידה,false,1,11.90,11.9000,true,1,128192
7290108353655,false,"סנו סושי - 50 מפיות אירוח איכותיות גדולות ועבות 3 שכבות לבנות """,האנק טישו,PL,מפיות גדולות לבנות 3שכבות סנו סושי 50,לא מנהל יחידת מידה,0.00,לא מנהל יחידת מידה,false,1,10.90,0.0000,true,1,126919
7290108353969,false,"קרמה - דאודורנט ספריי לאישה קרמה מאסק 150 מ""ל",סנו,IL,"דאו ספריי קרמה מאסק, 150 מ""ל",מיליליטרים,150.00,"100 מ""ל",false,1,17.90,11.9333,true,1,137529
7290108354065,false,"קרמה - מן ג'ל רחצה פילינג 700 מ""ל",קוסמופארם בע''מ,IL,קרמה מן גל רחצה פילינג 700 מל,מיליליטרים,700.00,"100 מ""ל",false,1,18.90,2.7000,true,1,140050
7290108354225,false,"סנו מדיק היגניק ג'ל לניקוי ידיים 100 מ""ל",טרופיקל דגיל תעשיות,CN,"סנו מדיק אלוורה 100 מ""ל",מיליליטרים,100.00,"100 מ""ל",false,1,9.90,9.9000,true,1,129105
7290108354263,false,אורביטול - משחת שיניים 6+ חד קרן 70 גרם,טרופיקל דגיל תעשיות,IL,אורביטול קידס 6+ חד קרן 70גרם,גרמים,70.00,100 גרם,false,1,9.90,14.1429,true,1,129706
7290108354355,false,סנו מגבוני היגיינים לניקוי הידיים 70 % אלכוהול 20 יח',דן - מור חומרי טבע ו,IL,מגבונים היגיינים לניקוי הידיים 20 יח,יחידה,1.00,יחידה,false,1,11.90,11.9000,true,1,128191
7290108354706,false,"קרמה - תחליב רחצה מאסק 500 מ""ל",קוסמופארם,IL,"תחליב רחצה מאסק קרמה 500 מ""ל",מיליליטרים,500.00,"100 מ""ל",false,1,12.90,2.5800,true,1,138564
7290108354713,false,"קרמה - תחליב רחצה קלאסי 500 מ""ל",קוסמופארם,IL,"תחליב רחצה קרמה קלאסי 500 מ""ל",מיליליטרים,500.00,"100 מ""ל",false,1,12.90,2.5800,true,1,138565
7290108354768,false,"קרם גוף קרמה דבש 500 מ""ל",מיוצר בסין.יבוא ושיו,IL,"קרם גוף קרמה דבש 500 מ""ל",מיליליטרים,500.00,"100 מ""ל",false,1,24.90,4.9800,true,1,138563
7290108354829,false,"קרמה - קרם ידיים ורד הוניל 100 מ""ל",קוסמופארם,IL,קרמה קרם ידיים 100 מל ורד ווניל,מיליליטרים,100.00,"100 מ""ל",false,1,9.90,9.9000,true,1,128284
7290108354836,false,"קרם ידיים קרמה מרוכז בישום עדין 50 מ""ל",קוסמופארם,IL,קרם ידיים מרוכז קרמה בישום עדין 50 מל,מיליליטרים,50.00,"100 מ""ל",false,1,14.90,29.8000,true,1,128285
7290108355178,false,"קרמה - קרם ידיים חמאת שיאה וקוקוי 100 מ""ל",קוסמופארם,IL,קרמה קרם ידיים 100 מל חמאת שיאה,Unknown,0.00,Unknown,false,1,9.90,0.0000,true,1,128288
7290108355543,false,"דאודורנט ספריי נרולי מגנוליה קרמה 150 מ""ל",סנו,IL,"דאו ספריי קרמה נרולי מגנוליה 150 מ""ל",מיליליטרים,150.00,"100 מ""ל",false,1,17.90,11.9333,true,1,137531
7290108356229,false,"קרמה - ג'ל גילוח קרבון 200 מ""ל",טרופיקל דגיל תעשיות,TR,קרמה מן ג'ל גילוח קרבון 200 מל,מיליליטרים,200.00,"100 מ""ל",false,1,11.90,5.9500,true,1,127239
7290108356342,false,סנו מדיק ג'ל הגייני,גוד פוד פרודקטס S.p,IL,סנו ג'ל נ.ידיים ללא בישום 500 מל',מיליליטרים,500.00,"100 מ""ל",false,1,29.90,5.9800,true,1,129897
7290108356359,false,"קרמה - מן קרם לחות לגוף לאחר גילוח 400 מ""ל",קוסמופארם בעמ,IL,קרמה מן קרם לחות לאחר גילוח 400 מל,מיליליטרים,400.00,"100 מ""ל",false,1,25.90,6.4750,true,1,127241
7290108356489,false,"כיף - תחליב רחצה אפרסק וחמאת מורומורו 700 מ""ל",קוסמופארם,IL,כיף תחליב רחצה אפרסק 700 מל,מיליליטרים,700.00,"100 מ""ל",false,1,12.90,1.8429,true,1,140053
7290108356519,false,קרליין שמפו 10למניעת קשקשים 700מל,סנו,IL,קרליין שמפו 10 לשיער רגיל 700 מל,מיליליטרים,700.00,"100 מ""ל",false,1,13.90,1.9857,true,1,140054
7290108356526,false,"קרליין - שמפו 10 לשיער יבש 700 מ""ל",סנו,IL,קרליין שמפו 10 לשיער יבש 700 מל,מיליליטרים,700.00,"100 מ""ל",false,1,13.90,1.9857,true,1,140055
7290108356564,false,"קרליין - מרכך 10 לשיער רגיל 700 מ""ל",סנו,IL,קרליי מרכך 10 לשיער רגיל 700 מל,מיליליטרים,700.00,"100 מ""ל",false,1,13.90,1.9857,true,1,140056
7290108356571,false,"קרליין - מרכך 10 לשיער יבש 700 מ""ל",סנו,IL,קרליין מרכך 10 לשיער יבש 700 מל,מיליליטרים,700.00,"100 מ""ל",false,1,13.90,1.9857,true,1,140057
7290108356809,false,סבון בוטני ורד ומרווה לניקוי וטיפוח הידיים טבעוני 1 ל' כיף,"קוסופארם בע""מ",IL,כיף סבון בוטני ורד ומרווה ידיים 1 ליטר,ליטרים,1.00,ליטר,false,1,15.90,15.9000,true,1,142288
7290108357042,false,"קרליין - נושם ביו דאודורנט רול און 75 מ""ל Citrus Blossoms לאישה",קוסמופארם,IL,קרליין דאודורנט רול און ביו סיטריס 75 מל,מיליליטרים,75.00,"100 מ""ל",false,1,13.90,18.5333,true,1,140058
7290108357059,false,"קרליין - נושם ביו דאודורנט רול און 75 מ""ל Secret Garden לאישה",קוסמופארם,IL,קרליין דאודורנט רול און ביו גן קסום 75 מ,מיליליטרים,75.00,"100 מ""ל",false,1,13.90,18.5333,true,1,140059
7290108357196,false,"ג'ט פלוס לניקוי כללי בתוספת תמצית עץ התה 750 מ""ל סנו",מיוצר עי קונדיטוריית,IL,"מתז לניקוי סנו גט תמצית עץ, 750 מ""ל",מיליליטרים,750.00,"100 מ""ל",false,1,13.90,1.8533,true,1,137524
7290108357202,false,סנוקליר לניקוי בניחוח בלו בלוסום 1 ליטר,"סנו מפעלי ברונוס בע""",IL,סנוקליר בניחוח בלו 1 ליטר,ליטרים,1.00,ליטר,false,1,11.90,11.9000,true,1,130867
7290108357233,false,סנוקליר מטליות לחות לניקוי והברקה 50יח,סנו,IL,מגבונים לחים לניקוי חלונות סנו קליר 50 ד,יחידה,1.00,יחידה,false,1,11.90,11.9000,true,1,140062
7290108357240,false,"סנו אוקסיג'ן POWER לניקוי כתמים קשים 1.4 ק""ג",סנו,IL,סנו אוקסיגן אבקת להסרת כתמים 1.4 קג,קילוגרמים,1.40,"ק""ג",false,1,29.90,21.3571,true,1,140063
7290108357257,false,סנו - פרש מכשיר אוטומטי לבישום אוויר בתוספת מילוי אולטרא פרש,סנו,IL,סנו פרש מכשיר + מילוי בניחוח מרכך,יחידה,1.00,יחידה,false,1,44.90,44.9000,true,1,142290
7290108357271,false,"ג'ל לניקוי אסלות עם כח אסלות 750 מ""ל סנו",סנו,IL,"סנובון נוזלי עם חמצן 750 מ""ל",מיליליטרים,750.00,"100 מ""ל",false,1,11.90,1.5867,true,1,140296
7290108357301,false,"סנו - K300 קוטל חרקים תיקנים ונמלים 300 מ""ל","סנו מפעלי ברונוס בע""",IL,סנו K300 קוטל חרקים 300 מל,מיליליטרים,300.00,"100 מ""ל",false,1,12.90,4.3000,true,1,140065
7290108357417,false,"קרמה - קרם גוף קרמה ורד ווניל 500 מ""ל",טרופיקל דגיל תעשיות,IL,קרמה קרם גוף ורד ווניל 500 מל,מיליליטרים,500.00,"100 מ""ל",false,1,24.90,4.9800,true,1,128292
7290108357448,false,"קרמה - קרם גוף קרמה לבנדר ואקליפטוס 500 מ""ל",קוסמופארם בע''מ,IL,קרמה קרם גוף לבנדר ואקליפטוס 500 מל,Unknown,0.00,Unknown,false,1,24.90,0.0000,true,1,128293
7290108357707,false,"כיף שמפו לשיער רגיל-תפוח זרעי צ'יה 700 מ""ל",גוד פוד פרודקטס S.p,IL,כיף שמפו לשיער רגיל תפוח זרעי ציה 700 מ,מיליליטרים,700.00,"100 מ""ל",false,1,12.90,1.8429,true,1,122095
7290108357714,false,"כיף שמפו לשיער יבש -רימונים ושמן ארגן 700 מ""ל",גוד פוד פרודקטס S.p,IL,כיף שמפו לשיער יבש רימונים ושמן ארג700 מ,מיליליטרים,700.00,"100 מ""ל",false,1,12.90,1.8429,true,1,122097
7290108357769,false,"מרכך לשיער רגיל תפוח וזרעי צ'יה 700 מ""ל כיף",גוד פוד פרודקטס S.p,IL,כיף מרכך לשיער רגיל תפוח זרעי ציה 700 מ,מיליליטרים,700.00,"100 מ""ל",false,1,12.90,1.8429,true,1,122096
7290108357776,false,"כיף מרכך לשיער יבש -רימונים ושמן ארגן 700 מ""ל",גוד פוד פרודקטס S.p,IL,כיף מרכך לשיער יבש רימונים ושמן ארג700 מ,מיליליטרים,700.00,"100 מ""ל",false,1,12.90,1.8429,true,1,122422
7290108357844,false,שקית מילוי אל סבון בניחוח גינסנג 1 ל' כיף,סנו,IL,"כיף אל סבון שקית מילוי + פקק, 1 ליטר",ליטרים,1.00,ליטר,false,1,9.90,9.9000,true,1,140297
7290108357875,false,"כיף - שמפו לחות מוגברת עם אפרסק וחמאת מורומורו 700 מ""ל",קוסמופארם,IL,כיף שמפו לחות מוגברת אפרסק 700 מל,מיליליטרים,700.00,"100 מ""ל",false,1,12.90,1.8429,true,1,140068
7290108357882,false,"כיף - מרכך לחות מוגברת עם אפרסק וחמאת מורומורו 700 מ""ל",קוסמופארם,IL,כיף מרכך לחות מוגברת אפרסק 700 מל,מיליליטרים,700.00,"100 מ""ל",false,1,12.90,1.8429,true,1,140069
7290108359145,false,סושי דפי ספוג הפלא 12יח',סנו,IL,סנו סושי דפי ספוג הפלא 12 יח,יחידה,12.00,יחידה,false,1,12.90,1.0750,true,1,142294
7290108359985,false,סנו - ז'אוול מרסס קצף לניקוי וחינו בניחוח פריחה לבנה 1 ליטר,סנו,IL,סנו JAVEL מרסס פריחה לבנה 1 ליטר,ליטרים,1.00,ליטר,false,1,16.90,16.9000,true,1,140071
7290108502329,true,נתחי טונה בשמן זית 6,ארזינא,TH,נתחי טונה בשמן זית 640 גרם ויליפוד 1/4,גרמים,640.00,100 גרם,false,1,30.90,4.8281,true,1,120613
7290108503043,false,תפוחונים חטיף פלחים מיובשים מארז 22X4ג',הביי דונגפנג פוד קו.,CN,תפוחונים מיובשים מארז 3+1 88 גרם,גרמים,88.00,100 גרם,false,1,14.90,16.9318,true,1,122330
7290108890402,false,כובע סרוג לונג,אודס,,כובע סרוג לונג,יחידה,1.00,יחידה,false,1,29.90,29.9000,true,1,109192
7290108896350,false,כובע שחור לגבר,IMPOFIX,,כובע שחור לגבר,יחידה,1.00,יחידה,false,1,29.90,29.9000,true,1,112083
7290108896763,false,מברשת שיער אובלי,IMPOFIX,,מברשת שיער אובלי,יחידה,1.00,יחידה,false,1,14.90,14.9000,true,1,114277
7290109351025,false,חומוס צבר מלך חומוס טחינה חלק 400ג',סלטי צבר,IL,חומוסטחינה חלק מלך החומוס 400 גרם,גרמים,400.00,100 גרם,false,1,14.90,3.7250,true,1,110281
7290109351209,false,שלגון לה פרוטה אננס תפוז נסטלה 70ג',תות תעשיות מזון (201,IL,קרחון שרבט לה פרוטה אננס תפוז 70 גרם,גרמים,70.00,100 גרם,false,1,6.90,9.8571,true,1,110750
7290109354101,false,לחמית ללא גלוטן 200 ג' אסם,אסם,IL,לחמית ללא גלוטן 12*200גרם,גרמים,200.00,100 גרם,false,1,10.50,5.2500,true,1,114122
7290109354972,false,אוסם - פתי בר וניל חלבי ללא גלוטן 200 גרם,מיוצר עי קונדיטוריית,IL,אסם פתי בר ללא גלוטן קלאסי 12*200גרם,גרמים,200.00,100 גרם,false,1,11.90,5.9500,true,1,112425
7290109355504,false,שלגון וניל במילוי נוגט קראנץ 100 גרם,נטו מלינדה-בשר,IL,נסטלה קראנץ ונל.ליבת נגט.שקלד.לבן28*100ג,גרמים,100.00,100 גרם,false,1,10.50,10.5000,true,1,112664
7290109358482,false,עוגיות קרמוגית במילוי חלבה 200 גרם,היינץ צפון אמריקה מק,IL,אסם קרמוגית במילוי חלבה 12*200גרם,גרמים,200.00,100 גרם,false,1,11.90,5.9500,true,1,121866
7290109580210,false,נקנקיות ריינהולד'ס הצרפתיה זוגלובק 300 ג',זוגלובק,IL,נקניקיות ריינהולדס הצרפתיה 300 גרם,גרמים,300.00,100 גרם,false,1,18.90,6.3000,true,1,138210
7290109920146,false,"דורגול מסיר אבנית מקומקומים 750 מ""ל",דורינג,,יעקבי דורגול מסיר אבן ללא הרתחה 750 מל,מיליליטרים,750.00,"100 מ""ל",false,1,20.90,2.7867,true,1,114196
7290109920580,true,אסטוניש מרסס עם אקונ,פרח,,יעקבי אסטוניש ספריי ניקוי עם אקונומיקה 750 מל,Unknown,0.00,Unknown,false,1,15.90,0.0000,true,1,119587
7290110059712,false,רחפן משיכה עם סוכריו,,,רחפן משיכה עם סוכריות קשות מניונים יחיד,לא מנהל יחידת מידה,0.00,לא מנהל יחידת מידה,false,1,5.90,0.0000,true,1,115317
7290110110338,false,בירה טובורג בלאק 7.7,מבשלת בירה ישראלית,,בירה טובורג בלאק 7.7% רביעייה בקבוק 330,ליטרים,1.32,ליטר,false,1,35.90,27.1970,true,1,116527
7290110110352,false,"בירה קרלסברג 330X6מ""ל יבוא",קרלסברג רומניהיבואן:,RO,"קרלסברג 0.0 בק 330 מ""ל ייבוא",מיליליטרים,330.00,"100 מ""ל",false,1,4.90,1.4848,true,1,126455
7290110110369,false,שישיית בירה קרלסברג LUMA בקבוק 330 מל,מבשלות בירה בינלאומי,IL,"קרלסברג LUMA שישייה 330 מ""ל",ליטרים,1.98,ליטר,false,6,49.90,25.2020,true,1,127591
7290110110475,false,"פריגת צלול אננס מ""ל 500 מ""ל",מבשלות בירה בינלאומי,IL,פריגת צלול משקה קל אננס,מיליליטרים,500.00,"100 מ""ל",false,1,7.90,1.5800,true,1,117436
7290110110635,false,"ספרייט מופחת 500 מ""ל",החברה המרכזית לייצור,IL,"ספרייט בקבוק 500 מ""ל",מיליליטרים,500.00,"100 מ""ל",false,1,7.50,1.5000,true,1,117442
7290110110659,false,"ספרייט לימון ליים פחית 330מ""ל",החברה המרכזית לייצור,IL,"סליק ספרייט LIME 330 מ""ל מבצע",מיליליטרים,330.00,"100 מ""ל",false,1,5.90,1.7879,true,1,117441
7290110111557,false,"משקה ספורט איזוטוני בטעם פירות 500 מ""ל פאוורייד",Caslino al Piano pla,IT,פאוורייד ספורט500מל בטעם פירות,מיליליטרים,500.00,"100 מ""ל",false,1,9.90,1.9800,true,1,121109
7290110111564,false,"משקה ספורט איזוטוני בטעם הדרים ליין 500 מ""ל פאוורייד",Caslino al Piano pla,IT,פאוורייד ספורט 500מל איזוטוני בטעם הדרים,מיליליטרים,500.00,"100 מ""ל",false,1,9.90,1.9800,true,1,121110
7290110113421,false,"בירה קרלסברג LUMA בקבוק 330 מ""ל",מבשלות בירה בינלאומי,IL,קרלסברג LUMA בק 330 בודד,מיליליטרים,330.00,"100 מ""ל",false,1,9.90,3.0000,true,1,127592
7290110113490,false,"פיוז תה אפרסק 19 קל' 500 מ""ל FUZE T",מבשלות בירה בינלאומי,IL,Fuze tea אפרסק 19 קלוריות 0.5 ליטר,מיליליטרים,500.00,"100 מ""ל",false,1,8.50,1.7000,true,1,127589
7290110113926,false,"פאנטה זירו אורנג' 500 מ""ל",החברה המרכזית לייצור,IL,"פאנטה ZERO אורנג' 500 מ""ל",מיליליטרים,500.00,"100 מ""ל",false,1,7.50,1.5000,true,1,137692
7290110114787,false,נביעות+תפוח 1.5 ליטר פיקדון,נביעות טבע הגליל בעמ,IL,נביעות+ בטעם תפוח 1.5 ליטר,ליטרים,1.50,ליטר,false,1,9.90,6.6000,true,1,138904
7290110114794,false,נביעות+אפרסק 1.5 ליטר פיקדון,"נביעות טבע הגליל בע""",IL,נביעות + בטעם אפרסק 1.5 ליטר,ליטרים,1.50,ליטר,false,1,9.90,6.6000,true,1,138905
7290110114817,false,מים בטעם פרי מנגו 1.5 ל' נביעות,"נביעות טבע הגליל בע""",IL,נביעות +פרי בטעם מנגו 1.5 ליטר,ליטרים,1.50,ליטר,false,1,10.90,7.2667,true,1,138907
7290110114824,false,נביעות+רכיבי פרי אבטיח 1.5 ליטר פיקדון,"נביעות טבע הגליל בע""",IL,נביעות + פרי בטעם אבטיח 1.5 ליטר,ליטרים,1.50,ליטר,false,1,10.90,7.2667,true,1,138908
7290110114831,false,מים בטעם רכיבי פרי אננס 1.5 ל' נביעות,"נביעות טבע הגליל בע""",IL,נביעות + פרי בטעם אננס 1.5 ליטר,ליטרים,1.50,ליטר,false,1,10.90,7.2667,true,1,138909
7290110114855,false,"נביעות מים מינרליים, שישיה 6 * 1.5 ליטר פקדון",נביעות טבע הגליל בעמ,IL,6 נביעות 1.5 ליטר,ליטרים,9.00,ליטר,false,6,13.90,1.5444,true,1,138911
7290110114961,false,מיץ בטעם תפוזים 1.5ל' פריגת,מבשלות בירה בינלאומי,IL,"פריגת תפוזים, 1.5 ליטר",ליטרים,1.50,ליטר,false,1,9.90,6.6000,true,1,138918
7290110114985,false,פריגת אשכולית 1.5 ליטר פיקדון,מבשלות בירה בינלאומי,IL,פריגת בטעם אשכוליות 1.5 ליטר,ליטרים,1.50,ליטר,false,1,9.90,6.6000,true,1,138920
7290110114992,false,פריגת light אשכולית 1.5 ליטר פיקדון,מבשלות בירה בינלאומי,IL,פריגת טעם אשכוליות דל קלוריות 1.5 ליטר,ליטרים,1.50,ליטר,false,1,9.90,6.6000,true,1,138921
7290110115005,false,פריגת ענבים 1.5 ליטר פיקדון,מבשלות בירה בינלאומי,IL,משקה קל פירות ענבים תפוחים,ליטרים,1.50,ליטר,false,1,9.90,6.6000,true,1,138922
7290110115036,false,פריגת מנגו 1.5 ליטר פיקדון,מבשלות בירה בינלאומי,IL,"משק""ל מנגו 1.5 ליטר",ליטרים,1.50,ליטר,false,1,9.90,6.6000,true,1,138925
7290110115043,false,פריגת לימונענע 1.5 ליטר פיקדון,מבשלות בירה בינלאומי,IL,משקה קל פירות לימונענע,ליטרים,1.50,ליטר,false,1,9.90,6.6000,true,1,138926
7290110115050,false,פריגת מיקס תות בננה 1.5 ליטר פיקדון,מבשלות בירה בינלאומי,IL,פריגת טעם תות בננה 1.5 ליטר,ליטרים,1.50,ליטר,false,1,9.90,6.6000,true,1,138927
7290110115180,false,מים נביעות בקבוק 1.5,"נביעות טבע הגליל בע""",IL,נביעות 1.5 ליטר,ליטרים,1.50,ליטר,false,1,4.20,2.8000,true,1,139058
7290110115241,false,קוקה קולה זירו לימון 1.5 ליטר -,החברה המרכזית לייצור,IL,קוקה קולה ZERO לימון 1.5 ליטר,ליטרים,1.50,ליטר,false,1,8.90,5.9333,true,1,138943
7290110115258,false,קוקה קולה זירו מנגו 1.5 ליטר -,החברה המרכזית לייצור,IL,קולה ZERO מנגו 1.5 ליטר,ליטרים,1.50,ליטר,false,1,8.90,5.9333,true,1,138944
7290110115289,false,ספרייט 19 קל' לימון-נענע 1.5 ליטר פיקדון,החברה המרכזית לייצור,IL,ספרייט 19 קל' לימון-נענע 1.5 ליטר,ליטרים,1.50,ליטר,false,1,8.90,5.9333,true,1,138947
7290110115296,false,פאנטה אורנג' 1.5 ליטר פיקדון,החברה המרכזית לייצור,IL,פאנטה אורנג' 1.5 ליטר,ליטרים,1.50,ליטר,false,1,8.90,5.9333,true,1,138948
7290110115319,false,פאנטה אקזוטיק 1.5 ליטר פיקדון,החברה המרכזית לייצור,IL,פאנטה אקזוטיק 1.5 ליטר,ליטרים,1.50,ליטר,false,1,8.90,5.9333,true,1,138950
7290110115364,false,קוקה קולה שישיות 1.5 ליטר פיקדון,החברה המרכזית לייצור,IL,קוקה קולה שישיות 1.5 ליטר,ליטרים,9.00,ליטר,false,6,49.90,5.5444,true,1,138954
7290110115371,false,דיאט קוקה קולה שישיות 1.5 ליטר פיקדון,החברה המרכזית לייצור,IL,דיאט קוקה קולה שישיות 1.5 ליטר,ליטרים,9.00,ליטר,false,6,47.90,5.3222,true,1,138955
7290110115418,false,מארז שישייה קוקה קולה זירו 1.5 ל',החברה המרכזית לייצור,IL,קולה ZERO שישיות 1.5 ליטר,ליטרים,9.00,ליטר,false,6,47.90,5.3222,true,1,138959
7290110115425,false,FUZE TEA גרין לימונענע -נענע 1.5 ליטר פיקדון,מבשלות בירה בינלאומי,IL,פיוזטי גרין לימון נענע 1.5 ליטר,ליטרים,1.50,ליטר,false,1,9.90,6.6000,true,1,138960
7290110115456,false,תה בטעם אפרסק 19 קלוריות 1.5 ל' FUZE TEA,מבשלות בירה בינלאומי,IL,FUZE tea אפרסק 19 קל' 1.5 ליטר,ליטרים,1.50,ליטר,false,1,9.90,6.6000,true,1,138963
7290110115463,false,אייס תה בטעם אפרסק 1.5ל' FUZE TEA,מבשלות בירה בינלאומי,IL,פיוזטי אפרסק 1.5 ליטר,ליטרים,1.50,ליטר,false,1,9.90,6.6000,true,1,138964
7290110115616,false,אייס תה בטעם גרין אננס 1.5ל' FUZE TEA,מבשלות בירה בינלאומי,IL,פיוזטי ZERO גרין אננס 1.5 ליטר,ליטרים,1.50,ליטר,false,1,9.90,6.6000,true,1,139038
7290110115623,false,אייס תה בטעם אפרסק 1.5ל' FUZE TEA,מבשלות בירה בינלאומי,IL,פיוזטי ZERO אפרסק 1.5 ליטר,ליטרים,1.50,ליטר,false,1,9.90,6.6000,true,1,139039
7290110115777,false,מים נביעות בקבוק 1.5,נביעות,,מים נביעות בקבוק 1.5 ליטר,ליטרים,1.50,ליטר,false,1,4.20,2.8000,true,1,139059
7290110115821,false,"ספרייט לימון, 1.5 ליטר פקדון",כלורוקס אוקלנד,IL,ספרייט בקבוק 1.5 ליטר,ליטרים,1.50,ליטר,false,1,8.90,5.9333,true,1,138945
7290110115838,false,ספרייט לימון- ליים 1.5 ליטר,"אינסטנטה בע""מ",IL,ספרייט זירו בקבוק 1.5 ליטר,ליטרים,1.50,ליטר,false,1,8.90,5.9333,true,1,138946
7290110115845,false,קוקה קולה 1.5 ליטר פיקדון,"אינסטנטה בע""מ",IL,קוקה קולה בקבוק 1.5 ליטר,ליטרים,1.50,ליטר,false,1,8.90,5.9333,true,1,138939
7290110115876,false,קינלי סודה 1.5ליטר-,"אינסטנטה בע""מ",IL,סודה קינלי 1.5 ליטר,ליטרים,1.50,ליטר,false,1,5.20,3.4667,true,1,138953
7290110116064,false,פאנטה ZERO פירות ירוק 1.5 ליטר פיקדון,החברה המרכזית לייצור,IL,פאנטה זירו ירוק 1.5 ליטר,ליטרים,1.50,ליטר,false,1,8.90,5.9333,true,1,140713
7290110116125,false,סירופ בטעם פטל 750 מל פריגת,פריגת,IL,סירופ בטעם פטל 750 מל,מיליליטרים,750.00,"100 מ""ל",false,1,24.90,3.3200,true,1,142582
7290110116149,false,סירופ בטעם ענבים 750 מל פריגת,פריגת,IL,סירופ בטעם ענבים 750 מל,מיליליטרים,750.00,"100 מ""ל",false,1,24.90,3.3200,true,1,142584
7290110116385,false,"קולה זירו בטעם אבטיח תות, 330 מ""ל",החברה המרכזית למשקאו,IL,קולה קולה זירו סטאפני 330 מל,מיליליטרים,330.00,"100 מ""ל",false,1,7.50,2.2727,true,1,141238
7290110116392,false,סירופ בטעם תפוזים 750 מל פריגת,פריגת,IL,סירופ בטעם תפוזים 750 מל,מיליליטרים,750.00,"100 מ""ל",false,1,24.90,3.3200,true,1,142585
7290110116576,false,"ספרייט זירו למון היט 500 מ""ל",החברה המרכזית לייצור,IL,"ספרייט זירו למון היט 500 מ""ל",מיליליטרים,500.00,"100 מ""ל",false,1,7.50,1.5000,true,1,142654
7290110320591,false,פיראוס בולגרית מעודנת 16% 250 גר,תנובה,IL,פיראוס בולגרית 16% שומן במרקם מעודן,גרמים,250.00,100 גרם,false,1,24.90,9.9600,true,1,114111
7290110320850,false,פתיתים גבינה 28% שומן 200 ג' עמק,תנובה מרכז שיתופי לש,IL,עמק פתיתים 28% שומן 200 גרם,גרמים,200.00,100 גרם,false,1,16.90,8.4500,true,1,115582
7290110320867,false,פתיתים גבינה 28% שומן 500 ג' עמק,"תנובה, מחלבת תל יוסף",IL,עמק פתיתים 28% שומן 500 גרם,גרמים,500.00,100 גרם,false,1,36.90,7.3800,true,1,115438
7290110320935,false,גבינת מוצרלה תנובה 150ג' פרוסות,תנובה מחלבת תל יוסף,IL,פרוסות מוצרלה קולקשיין 150 גרם,גרמים,150.00,100 גרם,false,1,17.90,11.9333,true,1,115442
7290110321031,false,מעדן חלב GO יוגורט מועשר בחלבון טבעי 200 ג' יופלה,"תנובה, מחלבת אלון תב",IL,GO יוגורט יופלה שומן 20 וחלבון 200 גרם,גרמים,200.00,100 גרם,false,1,6.30,3.1500,true,1,115410
7290110321277,false,קוטג' בקטנה % 5 100 ג' תנובה,פארייפאבה אגרואינדוס,IL,תנובה קוטג' 5% בקטנה 100 גרם,גרמים,100.00,100 גרם,false,1,2.70,2.7000,true,1,116697
7290110321284,false,קוטג' בקטנה 9% 100 ג' תנובה,פארייפאבה אגרואינדוס,IL,תנובה קוטג' 9% בקטנה 100 גרם,גרמים,100.00,100 גרם,false,1,2.70,2.7000,true,1,116698
7290110321680,false,יופלה GO טעם תות 200 גרם,מיוצר עי קונדיטוריית,IL,יוגורט עם תות בתוספת חלבוני חלב,גרמים,200.00,100 גרם,false,1,6.30,3.1500,true,1,117556
7290110321697,false,יופלה גו בטעם אפרסק,מיוצר עי קונדיטוריית,IL,יוגורט עם אפרסק בתוספת חלבוני חלב,גרמים,200.00,100 גרם,false,1,6.30,3.1500,true,1,117557
7290110321703,false,יופלה GO פירות יער 200 מל,מיוצר עי קונדיטוריית,IL,יוגורט עם פירות יער מועשר בחלבון,גרמים,200.00,100 גרם,false,1,6.30,3.1500,true,1,119114
7290110321789,false,גבינה מסקרפונה 38% השף הלבן 250 גר,תנובה,IL,קרם מסקרפונה250גרם,גרמים,250.00,100 גרם,false,1,22.90,9.1600,true,1,117815
7290110322014,false,טופו טבעי ALTERNATIVE 300 גרם,שוורצקוף& הנקל דיסלד,IL,טופו טבעי 300 גרם,גרמים,300.00,100 גרם,false,1,13.90,4.6333,true,1,119421
7290110322038,false,טופו פיקנטי ALTERNATIVE 300 גרם,סוי מג'ק,IL,טופו פקנטי 300 גרם,גרמים,300.00,100 גרם,false,1,13.90,4.6333,true,1,119419
7290110322946,true,יופלה טיוב יוגורט במ,תנובה בעמ,IL,יופלה טיוב יוגורט במרקם חלק בטעם תות בננ,גרמים,350.00,100 גרם,false,1,13.50,3.8571,true,1,120992
7290110323592,true,יוגורט עם אפרסק מופח,מיוצר עי קונדיטוריית,IL,יוגורט עם אפרסק מופחת קולוריות GO200גרם,גרמים,200.00,100 גרם,false,1,6.30,3.1500,true,1,121346
7290110323714,false,משקה קוקוס שקדים 1 ל' ALTERNATIVE,מיוצר עי קונדיטוריית,IL,משקה קוקוס שקדים תנובה 1 ליטר,ליטרים,1.00,ליטר,false,1,13.90,13.9000,true,1,122110
7290110324711,false,"ממרח סויה בסגנון גבינה טעם טבעי בד""צ",מיוצר עי קונדיטוריית,IL,ממרח סויה 9% בטעם טבעי,גרמים,250.00,100 גרם,false,1,9.90,3.9600,true,1,123972
7290110324728,false,"ממרח סויה בסגנון גבינה שום שמיר בד""צ",מיוצר עי קונדיטוריית,IL,ממרח סויה 9% עם שום שמיר,גרמים,250.00,100 גרם,false,1,9.90,3.9600,true,1,123973
7290110324926,false,משקה סויה ללא תוספת סוכר 1 ליטר,"תנובה בע""מ",IL,משקה סויה ללא תוספת סוכר 1 ליטר,ליטרים,1.00,ליטר,false,1,12.50,12.5000,true,1,125901
7290110325114,false,משקה יוגורט גו לייט תות בננה 250 מל,מיוצר עי קונדיטוריית,IL,משקה יוגורטGO לייט תות בננה 250 מל,מיליליטרים,250.00,"100 מ""ל",false,1,6.90,2.7600,true,1,125100
7290110325121,false,משקה יוגורט יופלה גו לייט מנגו אננס,"תנובה בע""מ",IL,משקה יוגורטGO לייט מנגו אננס 250מל,מיליליטרים,250.00,"100 מ""ל",false,1,6.90,2.7600,true,1,125099
7290110325619,false,אלטרנטיב משקה שיבולת שועל 1 ליטר,מיוצר עי קונדיטוריית,IL,משקה שיבולת שועל 1ליטר,ליטרים,1.00,ליטר,false,1,13.90,13.9000,true,1,126480
7290110325893,false,תנובה GO אייס קפה 340 מל' 27 גרם חלבון,מיוצר עי קונדיטוריית,IL,תנובה GO אייס קפה 340 מל,מיליליטרים,340.00,"100 מ""ל",false,1,8.90,2.6176,true,1,126485
7290110326210,false,יופלה און טופ פצפוצים 157 גרם,מיוצר עי קונדיטוריית,IL,יופלה און טופ פצפוצים 157 גרם,גרמים,157.00,100 גרם,false,1,5.20,3.3121,true,1,126942
7290110326227,false,יוגורט און טופ קורנפלקס 157 ג' יופלה,מיוצר עי קונדיטוריית,IL,יופלה און טופ קורנפלקס 157 גרם,גרמים,157.00,100 גרם,false,1,5.20,3.3121,true,1,126944
7290110326234,false,יוגורט און טופ כוכבים 157 ג' יופלה,מיוצר עי קונדיטוריית,IL,יופלה און טופ כוכבים 157 גרם,גרמים,157.00,100 גרם,false,1,5.20,3.3121,true,1,126943
7290110326241,false,ייופלה און טופ גרנולה 157 גרם,מיוצר עי קונדיטוריית,IL,יופלה און טופ גרנולה 157 גרם,גרמים,157.00,100 גרם,false,1,5.20,3.3121,true,1,126945
7290110326333,false,פרוסות גבינה סקנדינבית 170 גרם,פ.פ.ח. שאביט,IL,פרוסות גבינה סקנדינבית קולקשיין 170 גרם,גרמים,200.00,100 גרם,false,1,19.90,9.9500,true,1,128902
7290110326999,false,"משקה חלב עם שוקולד קלאסי YOLO 340 מ""ל",תנובה,IL,"YOLO משקה חלב עם שוקולד קלאסי 340מ""ל",מיליליטרים,340.00,"100 מ""ל",false,1,7.50,2.2059,true,1,127910
7290110327514,false,משקה שיבולת שועל בטעם אגוזי לוז 1 ל' alternative,תנובה,IL,משקה שיבולת שועל אלטרנטיב אגוזי לוז 1 ל,ליטרים,1.00,ליטר,false,1,13.90,13.9000,true,1,138611
7290110327545,false,מעדן און טופ תות פצפוצים מצופים שוקולד 157ג' יופלה,מיוצר עי קונדיטוריית,IL,יופלה אוןטופ תות תוספת פצפוצים מצופים157,גרמים,157.00,100 גרם,false,1,4.90,3.1210,true,1,139315
7290110328023,false,משקה סויה מועשר בחלבון בטעם קפה 250 גרם,סוי מג'ק,IL,"משקה סויה מועשר בחלבון בטעם קפה 250 מ""ל",מיליליטרים,250.00,"100 מ""ל",false,1,6.90,2.7600,true,1,130390
7290110328610,false,אלטרנטיב בריסטה משקה אורז ושקדים 1 ליטר,תנובה בעמ,IL,משקה אורז ושקדים בריסטה אלטרנטיב 1 ליטר,ליטרים,1.00,ליטר,false,1,12.90,12.9000,true,1,137159
7290110328627,false,יוגורט סמיך 0% בננה קרמל יופלה 200 ג' GO,מיוצר עי קונדיטוריית,IL,יוגורט GO סמיך 0% בננה קרמל 200 גרם,גרמים,200.00,100 גרם,false,1,6.30,3.1500,true,1,131305
7290110328764,false,יוגורט סמיך 0% תות יופלה 200 ג' GO,מיוצר עי קונדיטוריית,IL,יוגורט GO סמיך 0% תות 200 גרם,גרמים,200.00,100 גרם,false,1,6.30,3.1500,true,1,131304
7290110328771,false,יוגורט סמיך 0% פירות יער יופלה 200 ג' GO,מיוצר עי קונדיטוריית,IL,יוגורט GO סמיך 0% פ. יער 200 גרם,גרמים,200.00,100 גרם,false,1,6.30,3.1500,true,1,131303
7290110328788,false,יוגורט סמיך 0% אפרסק יופלה 200 ג' GO,תנובה בעמ,IL,יוגורט GO סמיך 0% אפרסק 200 גרם,גרמים,200.00,100 גרם,false,1,6.30,3.1500,true,1,131302
7290110329136,false,מעדן חלב מעושר בחלבון בטעם שוקולד 120 ג' GO,"תנובה בע""מ",IL,מעדן חלב גו בטעם שוקולד 12 חלבון 120גרם,גרמים,120.00,100 גרם,false,1,5.00,4.1667,true,1,138613
7290110329143,false,מעדן חלב מעושר בחלבון בטעם וניל גביע 120 ג' GO,"תנובה בע""מ",IL,מעדן חלב גו בטעם וניל 12 חלבון 120גרם,גרמים,120.00,100 גרם,false,1,5.00,4.1667,true,1,138614
7290110329686,false,"משקה חלב גו בטעם עוגיות 340 מ""ל",מיוצר עי קונדיטוריית,IL,משקה חלב GO בטעם עוגיות 340 מל,מיליליטרים,340.00,"100 מ""ל",false,1,8.90,2.6176,true,1,138618
7290110329716,false,משקה קפה קר בטעם קפוצ'ינו 230 ג' תנובה,"תנובה בע""מ",IL,"משקה חלב עם קפה קפוצינו 230 מ""ל",מיליליטרים,230.00,"100 מ""ל",false,1,7.90,3.4348,true,1,140511
7290110329723,false,משקה קפה קר בטעם לאטה 230 ג' תנובה,"תנובה בע""מ",IL,"משקה חלב עם קפה לאטה 230 מ""ל",מיליליטרים,230.00,"100 מ""ל",false,1,7.90,3.4348,true,1,140512
7290110329730,false,"משקה חלב עם שוקולד וקפה בסגנון לאטה 2.7%  230 מ""ל תנובה","תנובה בע""מ",IL,"משקה חלב עם קפה שוקולד 230 מ""ל",מיליליטרים,230.00,"100 מ""ל",false,1,7.90,3.4348,true,1,140513
7290110329808,false,יוגורט סויה BIO Alternative תות 150 ג' תנובה,מיוצר עי קונדיטוריית,IL,סויה אלטרנטיב ביו תות 150 גרם,גרמים,150.00,100 גרם,false,1,4.70,3.1333,true,1,139100
7290110329815,false,סויה BIO מתיקות מעודנת גביע 150 גרם Alternativ,מיוצר עי קונדיטוריית,IL,סויה אלטרנטיב ביו מתיקות מעודנת150 גרם,גרמים,150.00,100 גרם,false,1,4.70,3.1333,true,1,139099
7290110329822,false,יוגורט סויה BIO Alternative פירות יער 150 ג' תנובה,מיוצר עי קונדיטוריית,IL,סויה אלטרנטיב ביו פירות יער 150 גרם,גרמים,150.00,100 גרם,false,1,4.70,3.1333,true,1,139212
7290110329846,false,יוגורט סויה BIO Alternative בטעם טבעי 150 ג' תנובה,"תנובה בע""מ",IL,סויה אלטרנטיב ביו טבעי150 גרם,גרמים,150.00,100 גרם,false,1,4.70,3.1333,true,1,139102
7290110421083,false,כובע ילדים דמויות,IMPOFIX,,כובע ילדים דמויות,לא מנהל יחידת מידה,0.00,לא מנהל יחידת מידה,false,1,19.90,0.0000,true,1,125537
7290110421526,false,סיכה קליפס,אימפופיקס,,סיכה קליפס,יחידה,1.00,יחידה,false,1,4.90,4.9000,true,1,117461
7290110423674,false,מלקחיים ארוכים למנגל,,,מלקחיים ארוכים למנגל 35 cm,יחידה,1.00,יחידה,false,1,10.90,10.9000,true,1,117180
7290110423728,false,קרש חיתוך עץ+ידית 24,,,קרש חיתוך עץ+ידית 24x33,יחידה,1.00,יחידה,false,1,26.90,26.9000,true,1,117174
7290110424619,false,צעיף נשים סגור,,,צעיף נשים סגור,יחידה,1.00,יחידה,false,1,29.90,29.9000,true,1,120342
7290110472016,false,כבל מטאלי 2 מטר שחורTYPE C,,,כבל 2 מטר - TYPE C,יחידה,1.00,יחידה,false,1,39.90,39.9000,true,1,125915
7290110472467,false,מתאם למצת TYPE C + כבל טעינה 1.5 מטר,,,מתאם למצת TYPE C,יחידה,0.00,יחידה,false,1,44.90,0.0000,true,1,125754
7290110472474,false,מתאם קיר TYPE C + כבל טעינה 1.5 מטר,,,מתאם קיר TYPE C,יחידה,1.00,יחידה,false,1,54.90,54.9000,true,1,125755
7290110472856,false,מטען רכב Qualcomm Du,,,מטען רכב Qualcomm Duet,יחידה,1.00,יחידה,false,1,49.90,49.9000,true,1,125746
7290110473501,false,זרוע טלסקופית לרכב שחור TECH GRIP,,,זרוע לרכב TECH GRIP BLACK,יחידה,1.00,יחידה,false,1,54.90,54.9000,true,1,125780
7290110473594,false,זרוע לרכב ROCKET GRI,,,זרוע לרכב ROCKET GRIP BLACK,יחידה,1.00,יחידה,false,1,49.90,49.9000,true,1,125769
7290110474256,false,כבל aux iron man,,,כבל aux iron man,יחידה,1.00,יחידה,false,1,49.90,49.9000,true,1,125750
7290110474706,false,מעמד מגנטי למזגן POW,,,מעמד מגנטי למזגן POWER VENT,יחידה,1.00,יחידה,false,1,49.90,49.9000,true,1,125759
7290110474713,false,מעמד למזגן OPEN WIDE,,,מעמד למזגן OPEN WIDE VENT,לא מנהל יחידת מידה,0.00,לא מנהל יחידת מידה,false,1,49.90,0.0000,true,1,125753
7290110475116,false,מטען קיר SPEEDY,,,מטען קיר SPEEDY,יחידה,1.00,יחידה,false,1,79.90,79.9000,true,1,125748
7290110475697,false,מארז 3 מסכות N95,,,מארז 3 מסכות N95,יחידה,1.00,יחידה,false,3,39.90,39.9000,true,1,126879
7290110477875,false,TECH VENT מעמד מגנטי,,,TECH VENT מעמד מגנטי למזגן,יחידה,1.00,יחידה,false,1,39.90,39.9000,true,1,143043
7290110553173,false,אנרג'י - פריכיות בטעם קרמל 40 גרם,סאנורייס בלגיום,IL,אנרג`י פריכיות בטעם קרמל 40 גרם,מיליליטרים,40.00,"100 מ""ל",false,1,7.90,19.7500,true,1,141259
7290110553180,false,אנרג'י - פריכיות בטעם תפוח קינמון 40 גרם,סאנורייס בלגיום,IL,אנרג`י פריכיות בטעם תפוח קינמון 40 גרם,מיליליטרים,40.00,"100 מ""ל",false,1,7.90,19.7500,true,1,141260
7290110553210,false,סבבה בוטנים הוט באפלו ווינגס 51.2 ג',שטראוס,IL,סבבה בוטנים הוט באפלו ווינגס 50 גרם,גרמים,50.00,100 גרם,false,1,2.90,5.8000,true,1,141087
7290110553623,false,ציטוס קראנץ צ'דר חלפיניו 80 גר,"שטראוס פריטו ליי בע""",IL,ציטוס קראנץ צדר חלפיניו 80 גרם,גרמים,80.00,100 גרם,false,1,4.90,6.1250,true,1,141417
7290110554453,false,בינז אייס קופי לאטה,מונסטרלנד לולף,DE,אייס קופי לאטה מוקה BEANZ,מיליליטרים,250.00,"100 מ""ל",false,1,9.90,3.9600,true,1,140672
7290110554477,false,קפסולת אספרסו לאפוגטו טעם מייפל פקאן 50 ג' עלית,שטראוס,IL,קפסולות לאפוגטו מייפל 50 גרם,גרמים,50.00,100 גרם,false,1,16.90,33.8000,true,1,140675
7290110555306,false,רבע לשבע טבעוני סינמון באן 25ג' עלית,הגביע מוצרי וופלים ב,IL,רבע לשבע טבעוני סינמון באן 125 גרם,גרמים,125.00,100 גרם,false,1,12.90,10.3200,true,1,142304
7290110555795,false,נסקפה קפוצ'ינו פחית קלאסי 200 ג' עלית,שטראוס,IL,קפוצינו פחית קלאסי 200 גרם,גרמים,200.00,100 גרם,false,1,23.90,11.9500,true,1,142857
7290110556242,false,עלית - שוקולד מריר פרווה בדץ 100 גרם,"שטראוס גרופ בע""מ.",FR,שוקולד פרה מריר 100 גרם,גרמים,100.00,100 גרם,false,1,5.90,5.9000,true,1,142118
7290110557102,false,מעדן חלב עם שוקולד מועשר בחלבון 150 ג' שטראוס,מיוצר עי קונדיטוריית,IL,מעדן חלב עם שוקולד פרו 11 חלבון 150גרם,גרמים,150.00,100 גרם,false,1,5.00,3.3333,true,1,137972
7290110557133,false,מעדן הגולן וניל 125 ג' שטראוס,מיוצר עי קונדיטוריית,IL,מעדן הגולן וניל 125 גרם,גרמים,125.00,100 גרם,false,1,3.20,2.5600,true,1,138215
7290110558741,false,"גמדים פאוץ תפוח בננה, 100 ג' שטראוס","שטראוס בריאות בע""מ",IL,גמדים פאוץ תפוח בננה 100,גרמים,100.00,100 גרם,false,1,5.70,5.7000,true,1,142973
7290110560300,false,פריכיות משולשות אנרגי פלפל שחור 30 גר,שטראוס,IL,פריכיות משולשות- פלפל שחור,גרמים,30.00,100 גרם,false,1,5.90,19.6667,true,1,121078
7290110560317,false,פריכיות משולשות מלח ים 30 ג' הטעימות,"פרח תעשיו מזון בע""מ",IL,פריכיות משולשות- מלח ים,גרמים,30.00,100 גרם,false,1,5.90,19.6667,true,1,121079
7290110560324,false,פריכיות משולשות אפונה ירוקה 30 ג' הטעימות,"פרח תעשיו מזון בע""מ",IL,פריכיות משולשות- אפונה ירוקה,גרמים,30.00,100 גרם,false,1,5.90,19.6667,true,1,121080
7290110563431,false,"משקה קפה קר בסגנון קלאסי 230 מ""ל 1.6% יוטבתה",האי נאם סי או אל.טי.,AT,משקה קפה קר בסגנון קלאסי 1.6%,מיליליטרים,230.00,"100 מ""ל",false,1,9.90,4.3043,true,1,122309
7290110563448,false,"משקה קפה קר בסגנון מעודן 230 מ""ל 1.6% יוטבתה",האי נאם סי או אל.טי.,AT,"משקה קפה קר בסגנון מעודן 230 מ""ל",מיליליטרים,230.00,"100 מ""ל",false,1,9.90,4.3043,true,1,122310
7290110563462,false,חלב בבקבוק נטול לקטוז 2% יטבתה 1 ל',מחלבת יטבתה,IL,חלב בבקבוק נטול לקטוז 2%,ליטרים,1.00,ליטר,false,1,8.20,8.2000,true,1,122624
7290110564742,false,"משקה קפה קר בסגנון חזק 230 מ""ל 1.2% יוטבתה",האי נאם סי או אל.טי.,AT,משקה קפה קר בסגנון חזק -חדש,מיליליטרים,230.00,"100 מ""ל",false,1,9.90,4.3043,true,1,122311
7290110565527,false,דנונה פרו 1.5% יוגורט 20ג' חלבון 200ג',"שטראוס בריאות בע""מ",IL,דנונה פרו 20 גר 1.5% שומן,גרמים,200.00,100 גרם,false,1,6.50,3.2500,true,1,116102
7290110566975,false,דנונה פרו יוגורט 0% תות עשיר בחלבון 200ג',"שטראוס בריאות בע""מ",IL,דנונה פרו 20 גר תות 0% שומן,גרמים,200.00,100 גרם,false,1,6.50,3.2500,true,1,117817
7290110570224,false,משקה קפה קר בטעם עוגיות 230ג' יוטבתה,אנסטל מילק kg,AT,משקה קפה קר בטעם עוגיות 230מל,מיליליטרים,230.00,"100 מ""ל",false,1,7.90,3.4348,true,1,140865
7290110576318,false,מאגדת שלישיית שוקולד אגוז לבן 300 ג' עלית,דיפה,FR,מארז שלישיית אגוז לבן (100*3),גרמים,300.00,100 גרם,false,3,27.90,9.3000,true,1,142346
7290110576356,false,ספלנדיד שוקולד מריר פרו 64% 100 ג' עלית,קימ'ס גריפלנן,BE,ספלנדיד שוקולד מריר פרו 64%,גרמים,100.00,100 גרם,false,1,8.90,8.9000,true,1,142470
7290110576363,false,ספלנדיד שוקולד מריר אוגנדה 80% 100 ג' עלית,קימ'ס גריפלנן,BE,ספלנדיד שוקולד מריר אוגנדה 80%,גרמים,100.00,100 גרם,false,1,8.90,8.9000,true,1,142469
7290110576370,false,מאגדת שלישיית שוקולד אגוז מריר 300 ג' עלית,דיפה,FR,מארז שלישיית אגוז מריר(3*100),גרמים,300.00,100 גרם,false,3,27.90,9.3000,true,1,142347
7290110576387,false,מאגדת שלישיית שוקולד אגוז חלב 300 ג' עלית,שטראוס,FR,מארז שלישיית שוקולד אגוז חלב 100 גרם,גרמים,300.00,100 גרם,false,3,27.90,9.3000,true,1,142345
7290110576752,false,טבלאות שוקולד ספלנדיד מריר 70% 100 ג' עלית,קימ'ס גריפלנן,BE,ספלנדיד מריר 70% 100 גרם,גרמים,100.00,100 גרם,false,1,9.90,9.9000,true,1,142709
7290110576776,false,טבלאות שוקולד ספלנדיד מריר 85% 100 ג' עלית,קימ'ס גריפלנן,BE,ספלנדיד מריר 85% 100 גרם,גרמים,100.00,100 גרם,false,1,9.90,9.9000,true,1,142710
7290110576851,false,מארז 8 גמדים שתיה סלט פירות 864 גרם,שטראוס,IL,גמדים לשתיה סלט פירות שמיניה 864 מל,מיליליטרים,864.00,"100 מ""ל",false,1,21.90,2.5347,true,1,142556
7290110576868,false,רבעיית גמדים סלט פירוט * 100 ג' שטראוס,שטראוס,IL,גמדים רביעיית סלט פירות 400גרם,גרמים,400.00,100 גרם,false,1,11.90,2.9750,true,1,142557
7290110577711,false,"משקה שייק חלבון מי גבינה עם אפרסק ומנגו350מ""ל יטבתה",מחלבת יטבתה,IL,שייק חלבון מי גבינה אפרסק ומנגו 350 מל,מיליליטרים,350.00,"100 מ""ל",false,1,7.50,2.1429,true,1,142974
7290110577728,false,"משקה שייק חלבון מי גבינה עם פירות יער 350מ""ל יטבתה",מחלבת יטבתה,IL,שייק חלבון מי גבינה פירות יער 350 מל,מיליליטרים,350.00,"100 מ""ל",false,1,7.50,2.1429,true,1,142975
7290111093005,false,"I-CARE מג'להסרת איפור, 25 יח בפלופק",די פי אל,IL,I-CARE מגלהסרת איפור 25 יח בפלופק24 בק,לא מנהל יחידת מידה,0.00,לא מנהל יחידת מידה,false,1,8.90,0.0000,true,1,122212
7290111341984,false,לילי - מגבוני נייר טואלט לח פיור רביעייה,קימברלי,IL,לילי לח רביעייה,יחידה,1.00,יחידה,false,1,22.90,22.9000,true,1,125835
7290111343858,false,מטליות לחות ניקול לרצפה אנטיבקטריאלי 10,עלבד,IL,ניקול מטליות לחות לרצפה אנטיבקטריאלי 10,לא מנהל יחידת מידה,0.00,לא מנהל יחידת מידה,false,1,13.90,0.0000,true,1,128894
7290111344206,false,האגיס נטורל קר מגבונים לחים בבישום עדין רביעייה,קימברלי,IL,מגבוני האגיס נטורל קייר מבושם 4*64,לא מנהל יחידת מידה,0.00,לא מנהל יחידת מידה,false,1,18.90,0.0000,true,1,138677
7290111345814,false,נייר טואלט לילי נטורל קר 30 גלילים מהדורה,קימברלי,IL,נייר טואלט לילי נטורל קר 30 גלילים,יחידה,1.00,יחידה,false,1,34.90,34.9000,true,1,139144
7290111346088,false,נייר טואלט מולט דו שכבתי 30 גל,,,נייר טואלט מולט 30 גלילים,יחידה,1.00,יחידה,false,1,27.90,27.9000,true,1,141176
7290111346293,false,מגבות ניקול שישייה מהדורה חגיגית,חוגלה,IL,מגבת נייר ניקול שישייה מהדורה,יחידה,6.00,יחידה,false,1,12.90,2.1500,true,1,140624
7290111350047,false,תמרים מזן מגהול ללא חרצנים 500 גרם,טעמי הגליל,IL,תמרים מגולענים קלית גת 500 גרם,גרמים,500.00,100 גרם,false,1,13.90,2.7800,true,1,120903
7290111350665,false,קליית גת דבש לחיץ 350 גרם,חקלאות עין חרוד מאוח,IL,קליית גת דבש לחיץ טהור מפרחי בר 350 גרם,גרמים,350.00,100 גרם,false,1,27.90,7.9714,true,1,120912
7290111350672,false,קליית גת דבש לחיץ 700 גרם,חקלאות עין חרוד מאוח,IL,קליית גת דבש טהור מפרחי בר 700 גרם,גרמים,700.00,100 גרם,false,1,36.90,5.2714,true,1,120913
7290111350726,false,חטיף נאצוס הוטפופ בסגנון מקסיקני 322 גר,פופז,US,נאצוס הוטפופ מקסיקני 332 גרם,גרמים,332.00,100 גרם,false,1,15.90,4.7892,true,1,122963
7290111351334,false,תמר מגהול 650 גרם,הדקלאים אגודת שיתופי,IL,קליית גת תמר מג'הול טבעי 650 גרם,גרמים,650.00,100 גרם,false,1,26.90,4.1385,true,1,124967
7290111563492,false,סלטי צבר מטבוחה חריפה מרובע 6*400גרם,סלטי צבר,IL,סלטי צבר מטבוחה חריפה מרובע 6*400גרם,גרמים,400.00,100 גרם,false,1,13.90,3.4750,true,1,117538
7290111564277,false,פריכיות פיטנס שלושה דגנים דקות 120 גר,PT,IL,פיטנס פריכיות 3 דגנים דקות 12*120גרם,גרמים,120.00,100 גרם,false,1,10.90,9.0833,true,1,114723
7290111564291,false,פריכיות דקות משלושה דגנים וקינואה,PT,IL,פיטנס פריכיות דקות עם קינואה 12*120גרם,גרמים,120.00,100 גרם,false,1,10.90,9.0833,true,1,114724
7290111565502,false,ארטיק אוראו וניל ועוגיות סנדוויץ נסטלה 80 ג',ג'נרל מילס סאן אדריא,IT,גלידה סנדויץ אוריאו 80 גרם,גרמים,80.00,100 גרם,false,1,10.50,13.1250,true,1,116646
7290111566240,false,שניצל דק מן הצומח בטעם צ'ילי חריף 700 גרם,טבעול ישראל,IL,טבעול שניצל דק בטעם צילי חריף 8*564גרם,גרמים,564.00,100 גרם,false,1,32.90,5.8333,true,1,117067
7290111566271,false,טבעול חטיפי תירס 657 גר',טבעול,IL,טבעול חטיפי תירס 6*657גרם,גרמים,657.00,100 גרם,false,1,32.90,5.0076,true,1,117055
7290111566318,false,שניצל דק מן הצומח בטעם ביתי 700 גרם,טבעול ישראל,IL,טבעול שניצל דק מן הצומח 8*564גרם,גרמים,564.00,100 גרם,false,1,32.90,5.8333,true,1,117068
7290111566547,false,טבעול חזה בגריל צמחוני 99 קלוריות 560ג',טבעול ישראל,IL,טבעול חזה בגריל צמחוני 6*560גרם,גרמים,560.00,100 גרם,false,1,32.90,5.8750,true,1,117054
7290111566561,false,שניצל ברוקולי 99 קלוריות טבעול 560 גר,טבעול ישראל,IL,טבעול שניצל ברוקולי 99 קלוריות 6*560ג,גרמים,560.00,100 גרם,false,1,31.90,5.6964,true,1,117066
7290111930911,false,חטיף פוף לבבות קלאסי 40 גרם,מנה,IL,מנה חטיף פוף קלאסי לבבות 40 גרם,גרמים,40.00,100 גרם,false,1,3.50,8.7500,true,1,115635
7290111933554,true,מאסטר שף עגבניות קוב,פראנו אנריקו ופיגלי,IT,מאסטר שף עגבניות קוביות שלשות 400גר*3,קילוגרמים,1.20,"ק""ג",false,1,15.90,13.2500,true,1,120622
7290111933561,false,מאסטר שף תערובת ציפוי נגטס 250 גרם,טסט וסנט קו.לטד,TH,תערובת ציפוי נאגטס מסטרשף 250,גרמים,250.00,100 גרם,false,1,7.90,3.1600,true,1,138105
7290111933585,true,מאסטר שף שימורי אפונ,קונזרבה,IT,מאסטר שף שימורי אפונת גינה עדינה 410 גר,גרמים,410.00,100 גרם,false,1,6.90,1.6829,true,1,120623
7290111935992,false,אטריות להקפצה מאסטר שף 350 גרם,ליהאנג פוד,CN,איטריות חיטה מאסטר שף 350גרם,גרמים,350.00,100 גרם,false,1,8.50,2.4286,true,1,125914
7290111936296,true,פלמוליב ארומה סנסייש,COLGATE ($) -PALMOLI,TR,פלמוליב ארומה סנסיישן מסאז 750,Unknown,0.00,Unknown,false,1,21.90,0.0000,true,1,123445
7290111939136,false,קוקי נייר אפייה עגול קוטר 26,קוקי,IL,קוקי נייר אפייה עגול קוטר 26,יחידה,1.00,יחידה,false,1,7.90,7.9000,true,1,126544
7290112002099,false,גל כביסה קולון מרוכז כחול 2.5 ל,רקיט בנקיזר,IL,ג'ל כביסה קולון קלאסי 2.5 ליטר,ליטרים,2.50,ליטר,false,1,28.90,11.5600,true,1,125958
7290112002112,false,ג'ל קולון ורוד בניחוח ורדים 2.5 ליטר,רקיט בנקיזר,IL,ג'ל כביסה קולון בניחוח מאסק 2.5 ליטר,ליטרים,2.50,ליטר,false,1,28.90,11.5600,true,1,125957
7290112005045,false,וניש מסיר כתמים אבקה לכביסה לבנה 480 גרם,רקיט בנקיזר,IT,וניש אבקה חדש לבן 480 גרם,גרמים,480.00,100 גרם,false,1,17.90,3.7292,true,1,142478
7290112330352,false,יוגורט פרו 20 ג' וניל 0% שומן 200 ג' דנונה,"שטראוס בריאות בע""מ",IL,דנונה פרו 20 גר וניל 0% שומן,גרמים,200.00,100 גרם,false,1,6.50,3.2500,true,1,123388
7290112330390,false,יוגורט פרו פירות יער 0% שומן 200 ג' דנונה,"שטראוס בריאות בע""מ",IL,דנונה פרו 20 גר פירות יער 0% שומן,גרמים,200.00,100 גרם,false,1,6.50,3.2500,true,1,123389
7290112332585,false,"פריכיות תפו""א, אורז בתיבול סלק ומלח חי 30 גר'","פרח תעשיו מזון בע""מ",IL,פריכיות משולשות-סלק,גרמים,30.00,100 גרם,false,1,5.90,19.6667,true,1,123976
7290112332691,false,פינוקיות עוגיות קרם פסק זמן אגוזים 200 גרם,הגביע מוצרי ופלים בע,IL,.עוגיית קרם פסק זמן אגוזים,גרמים,200.00,100 גרם,false,1,11.90,5.9500,true,1,124115
7290112332899,false,עלית - צנצנת בזוקה פופים קלאסי 58 גרם,רוג'ר אנד רוג'ר,IL,בזוקה פופים קלאסי 58 ג,גרמים,58.00,100 גרם,false,1,9.90,17.0690,true,1,124117
7290112334749,false,קפה טורקי שקית 10% תוספת 200 ג' עלית,שטראוס קפה בי.וי,IL,עלית טורקי שקית 200 ג 10% תוספת,גרמים,200.00,100 גרם,false,1,15.90,7.9500,true,1,125157
7290112335487,false,פריכיות הטעימות קצח ודגנים אנרגי 135 גר,פרח תעשיות,IL,פריכיות טעימות קצח ודגנים 135 גרם,גרמים,135.00,100 גרם,false,1,13.90,10.2963,true,1,123383
7290112335500,false,פריכיות הטעימות חלבון אנרגי 135 גר,קדבורי,IL,פריכיות טעימות חלבון 19,גרמים,135.00,100 גרם,false,1,13.90,10.2963,true,1,123385
7290112336637,false,סוכריות מאסט ללא סוכר תות אוכמניות 80 ג' עלית,מיישקו,PL,סוכריות ללס יוגורט תות אוכמניות,גרמים,80.00,100 גרם,false,1,8.90,11.1250,true,1,126436
7290112336644,false,סוכריות מאסט ללא סוכר לימון 80 ג' עלית,פלזנסקי,PL,סוכריות ללס לימון 80 ג חדש,גרמים,80.00,100 גרם,false,1,8.90,11.1250,true,1,126437
7290112336712,false,דנונה פרו 21 גרם חלבון 0% 200 גר,"שטראוס בריאות בע""מ",IL,דנונה פרו 21 גר 0% שומן,גרמים,200.00,100 גרם,false,1,6.50,3.2500,true,1,122631
7290112337481,false,סוכריות מאסט ללא סוכר קפצ''ינו 80 ג' עלית,פלזנסקי,PL,סוכריות ללס קפוצ'ינו 80 גר' אריזה חדשה,גרמים,80.00,100 גרם,false,1,8.90,11.1250,true,1,126440
7290112339867,true,גמדים סקוויז תות 10,שטראוס,IL,גמדים סקוויז תות 100 גרם,גרמים,100.00,100 גרם,false,1,5.70,5.7000,true,1,128242
7290112339874,true,גמדים סקוויז תות בננ,שטראוס,IL,גמדים סקוויז תות בננה 100,גרמים,100.00,100 גרם,false,1,5.70,5.7000,true,1,128243
7290112340122,false,פריכיות טעימות 3 דגנים אנרגי 135 גר,פרח תעשיות,IL,פריכיות טעימות 3 דגנים 135 גרם,גרמים,135.00,100 גרם,false,1,13.90,10.2963,true,1,123386
7290112340245,false,צנצנת מסטיק מאסט בטעם דובדבן 66 ג' עלית,"שטראוס גרופ בע""מ",IL,צנצנת MUST דובדבן 66 גר,גרמים,66.00,100 גרם,false,1,9.90,15.0000,true,1,122988
7290112340252,false,צנצנת מסטיק מאסט בטעם אבטיח מלון 66 ג' עלית,"שטראוס גרופ בע""מ",IL,מסטיק מאסט צנצנת אבטיח מלון 66 גרם,גרמים,66.00,100 גרם,false,1,9.90,15.0000,true,1,122987
7290112340276,false,פינוקיות עוגיות קרם קפה 200 גרם,הגביע מוצרי ופלים בע,IL,פינוקיות קרם קפה נמס,גרמים,200.00,100 גרם,false,1,11.90,5.9500,true,1,124124
7290112342102,false,סימפוניה 5% בצל מקורמל 200 ג' שטראוס,"שטראוס בריאות בע""מ",IL,סימפוניה בצל מקורמל,גרמים,200.00,100 גרם,false,1,11.90,5.9500,true,1,126487
7290112342195,false,מקלות בטעם טבעי 200 ג' תפוצ'יפס,"שטראוס פריטו ליי בע""",IL,תפו מקלות טבעי 200 גר 15 יח,גרמים,200.00,100 גרם,false,1,9.90,4.9500,true,1,126278
7290112342508,false,דוריטוס ציזי טוויסט 70 גר,שטראוס,IL,דוריטוס קול ראנצ 70 גרם,גרמים,70.00,100 גרם,false,1,4.50,6.4286,true,1,142254
7290112343420,false,"משקה חלב עם דגנים מלאים ובננה פרו יטבתה 350מ""ל",מחלבת יטבתה,IL,יטבתה פרו ארוחת בוקר 350 מל,מיליליטרים,350.00,"100 מ""ל",false,1,7.50,2.1429,true,1,125976
7290112343499,false,ציטוס 55 גרם 48 יחידות puffs,"שטראוס פריטו ליי בע""",IL,צ'יטוס PUFFS בטעם גבינה 55 ג 48 יח,גרמים,55.00,100 גרם,false,1,5.90,10.7273,true,1,138154
7290112344724,false,מעדן בטעם שוקולד בלונדי 170 ג' מילקי,מיוצר עי קונדיטוריית,IL,מילקי בטעם שוקולד בלונדי 170גרם,גרמים,170.00,100 גרם,false,1,3.50,2.0588,true,1,125971
7290112344786,false,קפה פלטינום קלאסיק 200 ג' עלית,שטראוס קפה בי.וי.,IL,קפה פלטינום קלאסיק 200 גרם,גרמים,200.00,100 גרם,false,1,27.90,13.9500,true,1,130797
7290112344953,false,גבינת סימפוניה חציל קלוי 5% 200 גרם,"שטראוס בריאות בע""מ",IL,סימפוניה חציל קלוי,גרמים,200.00,100 גרם,false,1,11.90,5.9500,true,1,129312
7290112349606,false,מעדן גבינה ויוגורט תות בננה 88 ג' דניאלה,"שטראוס בריאות בע""מ",IL,דניאלה תות בננה,גרמים,88.00,100 גרם,false,1,4.40,5.0000,true,1,139183
7290112349699,false,פסאטה מחית עגבניות יד מרדכי 350 גרם,אמיליאנה קונסרב סוסי,IT,פסאטה מחית עגבניות חלקה יד מרדכי 350 גר,גרמים,350.00,100 גרם,false,1,12.90,3.6857,true,1,126637
7290112349705,false,פומודורו רוטב עגבניות קלאסי לפסטה 350ג' יד מרדכי,אמיליאנה קונסרב סוסי,IT,רוטב עגבניות קלאסי פומודורו יד מרדכי350ג,גרמים,350.00,100 גרם,false,1,12.90,3.6857,true,1,126635
7290112349736,false,בזיליקום רוטב עגבניות לפסטה 350 ג' יד מרדכי,אמיליאנה קונסרב סוסי,IT,רוטב עגבניות לפסטה בזיליקום יד מרדכי350ג,גרמים,350.00,100 גרם,false,1,12.90,3.6857,true,1,126636
7290112349750,false,רוטב עגבניות לפסטה פיצה 350 ג' יד מרדכי,יד מרדכי,IT,רוטב עגבניות לפיצה 350 גרם,גרמים,350.00,100 גרם,false,1,12.90,3.6857,true,1,138471
7290112349897,false,מסטיק מאסט קוביות מנטה ללא גלוטן 86 גר,רוג'ר אנד רוג'ר,DE,מאסט קוביות מנטה 86 ג וועסטהיים,גרמים,86.00,100 גרם,false,1,15.90,18.4884,true,1,135317
7290112350312,false,קפסולות 15 קפה יותר למכונות נספרסו עלית 10יח',הנסיך- מפעל לייצור ט,IL,קפסולות 15 למכונות NESPRESSO,גרמים,50.00,100 גרם,false,1,16.90,33.8000,true,1,128189
7290112351104,false,שוקולד פרה ממולא פיצפוצי אורז 100 ג' עלית,שטראוס,IL,שוקולד פרה פצפוצי אורז 100גרם,גרמים,100.00,100 גרם,false,1,5.90,5.9000,true,1,127315
7290112351128,false,שוקולד פרה סוכריות קופצות 100 ג' עלית,"שטראוס גרופ בע""מ",IL,טבלאות שוקולד פרה סוכריות קופצות 90 גרם,גרמים,90.00,100 גרם,false,1,5.90,6.5556,true,1,127876
7290112353412,false,"פריכיות משולשות תפו""א,תירס.אפונה,סלק ומלח 30 גר","פרח תעשיו מזון בע""מ",IL,"פריכיות משולשות-תפוא,תירס,אפונה,סלק ומלח",גרמים,30.00,100 גרם,false,1,5.90,19.6667,true,1,128279
7290112353887,false,"משקה קפה קר בטעם אגוזים יטבתה 230 מ""ל",אנסטל מילק kg,AT,"משקה קפה קר בטעם אגוזים 230 מ""ל",מיליליטרים,230.00,"100 מ""ל",false,1,7.90,3.4348,true,1,127498
7290112354945,false,"תפוצ'יפס WAVY ט טבעי, 50 ג'",שטראוס פריטו ליי בע”,IL,תפוציפס טבעי 50 גרם wavy,גרמים,50.00,100 גרם,false,1,3.90,7.8000,true,1,142639
7290112354952,false,תפוצ'יפס WAVY פפריקה 50 גרם,שטראוס פריטו ליי בע”,IL,תפוציפס פפריקה 50 גרם wavy,גרמים,50.00,100 גרם,false,1,3.90,7.8000,true,1,142640
7290112354969,false,"תפוציפס WAVY טבעי , 200 גרם",שטראוס פריטו ליי בע”,IL,תפוציפס טבעי 200 גרם wavy,גרמים,200.00,100 גרם,false,1,9.90,4.9500,true,1,142637
7290112355102,false,גמדים סקוויז 100 גרם פאוץ סלט פירות 100 גרם,"שטראוס בריאות בע""מ",IL,סקוויז גמדים לדרך סלט פירות 100 גרם,גרמים,100.00,100 גרם,false,1,5.70,5.7000,true,1,129890
7290112357069,false,מחית עגבניות איטלקיות ט.הטבע קופסה 500 גר',קונסרברס,IT,מחית עגבניות איטלקיות 500גרם טעם הטבע,גרמים,500.00,100 גרם,false,1,7.90,1.5800,true,1,135526
7290112357113,false,גרגרי חומוס טעם הטבע קופסה 380 גר,קונסרברס,IT,גרגרי חומוס 380טעם הטבע,גרמים,380.00,100 גרם,false,1,7.90,2.0789,true,1,135523
7290112358004,false,חטיף פסק זמן קראנץ 32 גרם,שולן צ'יקולטה גידה ס,TR,פסק זמן קראנץ' 32 גר,גרמים,32.00,100 גרם,false,1,5.90,18.4375,true,1,129509
7290112358431,false,ביסקוויט עד חצות דאבל 200 גרם,הדקלאים אגודת שיתופי,IL,עד חצות דאבל 200 גרם,גרמים,200.00,100 גרם,false,1,14.90,7.4500,true,1,131167
7290112490032,true,מרק נמס בכוס תירס 43,יוניליוור ישראל מזון,IL,קנור נמס בכוס מרק תירס 45 גרם,גרמים,43.00,100 גרם,false,1,7.50,17.4419,true,1,120392
7290112490209,true,נמס בכוס עגבניות קרו,יוניליוור ישראל מזון,IL,נמס בכוס עגבניות קרוטונים ר.טבעי 64 גרם,גרמים,64.00,100 גרם,false,1,7.50,11.7188,true,1,120395
7290112490230,true,נמס בכוס אפונה ר.טבע,יוניליוור ישראל מזון,IL,נמס בכוס מרק אפונה - 100% רכיבים טבעיים,גרמים,50.00,100 גרם,false,1,7.50,15.0000,true,1,120396
7290112490650,false,קונפיטורה תות שדה 340 גרם-צנצנת,קונפיטורות לה-ארדניי,FR,778 קונפיטורת תות שדה 340 גרם,גרמים,340.00,100 גרם,false,1,13.90,4.0882,true,1,120205
7290112490667,false,קונפיטורה משמש 340 גרם-צנצנת,,FR,778 קונפיטורת משמש 340 גרם,גרמים,340.00,100 גרם,false,1,15.90,4.6765,true,1,120208
7290112492449,false,"פינוק - שמפו לשיער רגיל 700 מ""ל",יוניליוור ישראל טיפו,IL,PINUK שמפו 2IN1 700 ML,מיליליטרים,700.00,"100 מ""ל",false,1,12.90,1.8429,true,1,127285
7290112492548,true,פינוק מרכך שיער יבש,יוניליוור ישראל טיפו,IL,PINUK מרכך שיער 700 ML,מיליליטרים,700.00,"100 מ""ל",false,1,12.90,1.8429,true,1,126187
7290112492630,true,פינוק שמפו 3 ב-1 לגב,יוניליוור ישראל טיפו,IL,PINUK סבון נוזלי 700 ML,מיליליטרים,700.00,"100 מ""ל",false,1,12.90,1.8429,true,1,126192
7290112492975,false,"קנור מרק טעם עוף 400 גרם כשל""פ",יוניליוור ישראל מזון,IL,קנור מרק טעם עוף כשלפ 400 גרם,גרמים,400.00,100 גרם,false,1,16.90,4.2250,true,1,126420
7290112492982,false,אבקת מרק פטריות רכיבים טבעיים קנור 400ג',יוניליוור ישראל מזון,IL,קנור מרק פטריות רכיבים טבעיים 400 גרם,גרמים,400.00,100 גרם,false,1,21.90,5.4750,true,1,126161
7290112492999,false,מרק טעם עוף 400 גרם צנצנת קנור,יוניליוור ישראל מזון,IL,קנור מרק טעם עוף 400 גרם,גרמים,400.00,100 גרם,false,1,17.50,4.3750,true,1,126160
7290112493293,true,קנור מרק נמס בכוס יר,יוניליוור ישראל מזון,IL,קנור מרק נמס בכוס ירקות 44גרם - 100% רכי,גרמים,44.00,100 גרם,false,1,7.50,17.0455,true,1,125122
7290112493873,false,קרקרים דג דג מלח 400 גרם,בייגל את בייגל מזון,IL,דג דג - חטיף אפוי עם מלח 400 גרם,גרמים,400.00,100 גרם,false,1,14.60,3.6500,true,1,126352
7290112493903,false,גלידת ננסים בארבע טעמים 60 גר,"מיוצר ע""י גלידת שטרא",IL,"מאגדת ננסים בטעמים תות, לימון, קולה ומשמש",גרמים,87.00,100 גרם,false,1,10.90,12.5287,true,1,125062
7290112493965,false,קרמיסימו חלבית בטעם מסטיק וניל 665 גר,"גלידת שטראוס בע""מ, ר",IL,גלידה קרמיסימו מסטיגם 1.33 ליטר,ליטרים,1.33,ליטר,false,1,26.90,20.2256,true,1,126383
7290112494221,false,קליק - ביסקויט תפזורת 65 גרם,יוניליוור ישראל מזון,IL,קליק ביסקוויט 65 גרם,גרמים,65.00,100 גרם,false,1,7.90,12.1538,true,1,125595
7290112494238,false,קליק - כדורים חלב תפזורת 65 גרם,יוניליוור ישראל מזון,IL,קליק קליק כדורים 65 גרם,גרמים,65.00,100 גרם,false,1,7.90,12.1538,true,1,125598
7290112494276,false,קליק כריות תפזורת 65 גר,יוניליוור ישראל מזון,IL,קליק קליק כריות 65 גרם,גרמים,65.00,100 גרם,false,1,7.90,12.1538,true,1,125599
7290112494313,false,קליק - קורנפלקס תפזורת 65 גרם,יוניליוור ישראל מזון,IL,קליק קליק קורנפלקס 65 גרם,גרמים,65.00,100 גרם,false,1,7.90,12.1538,true,1,125602
7290112494344,false,קורנפלקס כספי אלופים תלמה850 גר',יוניליוור שפע ישראל,IL,תלמה קורנפלקס של אלופים דגני בוקר 850 גרם,גרמים,850.00,100 גרם,false,1,21.90,2.5765,true,1,126798
7290112494351,false,תלמה קורנפלקס של אלופים 850 ג',יוניליוור שפע ישראל,IL,תלמה קורנפלקס של אלופים 850 גרם,גרמים,850.00,100 גרם,false,1,21.90,2.5765,true,1,126799
7290112494801,false,ג'ל לכביסה לבנה וצבעונית ורוד 2.5 ל' בדין,זוהר דליה,IL,בדין גל לכביסה לבנה וצבעונית בניחוח בדי,ליטרים,2.50,ליטר,false,1,27.90,11.1600,true,1,125643
7290112495006,false,כריות נוגט 686 גרם - קופסא,יוניליוור שפע ישראל,IL,תלמה דגני בוקר כריות נוגט 686 גרם,גרמים,686.00,100 גרם,false,1,29.90,4.3586,true,1,125616
7290112495044,false,קוקומן פצפופים בדצ 375 גרם,יוניליור שפע ישראל ב,IL,קוקומן פיצפוצים 375 גרם,גרמים,375.00,100 גרם,false,1,22.90,6.1067,true,1,125619
7290112495105,false,נשנושים בטעם שמנת ובצל 260ג',בייגל את בייגל מזון,IL,נשנושים חטיף אפוי בטעם שמנת בצל 260 גרם,גרמים,260.00,100 גרם,false,1,14.90,5.7308,true,1,125709
7290112495112,false,נשנושים זעתר ב.בייגל 260ג',בייגל את בייגל מזון,IL,נשנושים חטיף אפוי בטעם זעתר 260 גרם,גרמים,260.00,100 גרם,false,1,14.90,5.7308,true,1,125708
7290112495754,false,"רטבי הלמנס לסלט 300 מ""ל אלף האיים",יוניליוור ישראל מזון,IL,הלמנ'ס רוטב אלף האיים 305 גרם,גרמים,305.00,100 גרם,false,1,12.90,4.2295,true,1,126396
7290112496027,false,סירופ שוקולד 580 גרם-בקבוק,יוניליוור ישראל מזון,IL,EFICOL קינוחים שונים 580 GR,גרמים,580.00,100 גרם,false,1,15.50,2.6724,true,1,126424
7290112496270,false,"פתית צ'יפס תפו""א בתוספת עגבניות ועשבי תיבול 22 ג'",JLM גלובל פודס37 דרך,GB,פתית ציפס עם תפוחי אדמה עגבניות 22 גרם,גרמים,0.00,100 גרם,false,1,4.90,0.0000,true,1,128069
7290112496287,false,פתית - צ'יפס בטטה בטעם טבעי 21 גרם,JLM גלובל פודס37 דרך,GB,פתית פתית צ'יפס בטטה בטעם טבעי 21 גר',גרמים,0.00,100 גרם,false,1,4.90,0.0000,true,1,128068
7290112496584,false,כריות בלאק לבן 65 ג' קליק,"דרך השוקולד 1, צפת 1",IL,קליק קליק כריות בלאק ושוקולד לבן 65 גרם,גרמים,65.00,100 גרם,false,1,6.90,10.6154,true,1,127875
7290112497284,false,נמס בכוס אקסטרה פרו,"יוליוס סימון 52, חיפ",IL,קנור נמס בכוס אקסטרה פרו עדשים 31 גרם,גרמים,31.00,100 גרם,false,1,4.50,14.5161,true,1,129465
7290112498274,false,"אל סבון לידיים לבנדר ווניל פינוק 950 מ""ל",יוניליוור ישראל טיפו,IL,פינוק אל סבון לידיים בניחוח לבנדר ווניל 950 מל,מיליליטרים,950.00,"100 מ""ל",false,1,12.90,1.3579,true,1,138150
7290112498526,false,פתית צ'יפס בטטה סגולה בטעם שמנת בצל 22 גרם,JLM גלובל פודס37 דרך,GB,פתית ציפס בטטה סגולה 22 גרם,גרמים,22.00,100 גרם,false,1,4.90,22.2727,true,1,138415
7290112498915,false,מאגדת מיני מגנום שקדים מובחרים 250 ג',"מיוצר ע""י גלידת שטרא",IL,מגנום מאגדת מיני מגנום שקדים מובחרים 5 יחידות,גרמים,250.00,100 גרם,false,1,32.90,13.1600,true,1,131383
7290112498946,false,ארטיק קשת בענן שטראוס,שטראוס גרופ גלידות,IL,ארטיק ילדים קשת בענן 47גרם,גרמים,47.00,100 גרם,false,1,6.90,14.6809,true,1,139451
7290112499080,false,"סולרו בר קוקוס 86 מ""ל","מיוצר ע""י גלידת שטרא",IL,גלידת שרבט עם קוקוס 65גרם,גרמים,65.00,100 גרם,false,1,10.90,16.7692,true,1,139450
7290112499110,false,טילון קליק בטעם שוקולד 72 ג' שטראוס,שטראוס גרופ גלידות,IL,קורנטו קליק שוקולד חזק 72 גרם,גרמים,72.00,100 גרם,false,1,9.90,13.7500,true,1,140030
7290112499127,false,שלגון גלידה שוקולד לבן ותות 77 גרם,"מיוצר ע""י גלידת שטרא",IL,מגנום שלגון גלידה שוקולד לבן ותות 77 גרם,גרמים,77.00,100 גרם,false,1,11.90,15.4545,true,1,139449
7290112499141,false,סולרו וניל ותפוח ירוק 76 ג' שטראוס,שטראוס גרופ גלידות,IL,סולרו וניל ותפוח ירוק 76 גרם,גרמים,74.00,100 גרם,false,1,10.90,14.7297,true,1,140028
7290112499189,false,"גלידת קרמיסימו חד קרן וניל תות, 1.33 ליטר","גלידת שטראוס בע""מ, ר",IL,קרמיסימו חד קרן בטעמי וניל תות ובננה 1.3,ליטרים,1.33,ליטר,false,1,26.90,20.2256,true,1,140904
7290112499196,false,גלידה בטעם החלב של הקורנפלקס 1.33 ל' קרמיסימו,"גלידת שטראוס בע""מ, ר",IL,קרמיסימו החלב של הקורנפלקס 1.33 ליטר,ליטרים,1.33,ליטר,false,1,26.90,20.2256,true,1,140905
7290112499219,false,מאגדת מיני גודיז פיסטוק ושוקולד 235 ג' שטראוס,"גלידת שטראוס בע""מ, ר",IL,גודיז מאגדת גלידה בטעמי פיסטוק ושוקולד 5 יחידות,גרמים,235.00,100 גרם,false,1,26.90,11.4468,true,1,140031
7290112499639,false,טילון סופר מגנום וניל צ'יפ ושוקולד 110 ג',"מיוצר ע""י גלידת שטרא",IL,קורנטו מגנום טילון וניל צ'יפ שוקולד 110 גרם,גרמים,110.00,100 גרם,false,1,10.90,9.9091,true,1,126393
7290112499646,false,טילון קורנטו וניל עם וופל פקאן 108 ג',"מיוצר ע""י גלידת שטרא",IL,קורנטו סופר פקאן 108 גרם,גרמים,108.00,100 גרם,false,1,10.90,10.0926,true,1,127089
7290112499677,false,מגנום וניל בציפוי שוקולד לבן,"מיוצר ע""י גלידת שטרא",IL,מגנום שלגון שוקולד לבן 85 גרם,גרמים,85.00,100 גרם,false,1,11.90,14.0000,true,1,126387
7290112499738,false,קרחון שרבט פרווה בטעם מלון 90 גרם,"מיוצר ע""י גלידת שטרא",IL,מקס שלגון מלון 90 גרם,גרמים,90.00,100 גרם,false,1,6.90,7.6667,true,1,126447
7290112499776,false,מאגדת גלידת גודיז שלגון אישי  240 ג',"גלידת שטראוס בע""מ, ר",IL,GOODIZ חבילות בית 350 ML,גרמים,297.00,100 גרם,false,1,26.90,9.0572,true,1,127083
7290112499837,false,מגנום דואט שוקולד עם נוגט 90 גרם,"מיוצר ע""י גלידת שטרא",IL,Magnum יחידתיות 134 ML,גרמים,90.00,100 גרם,false,1,11.90,13.2222,true,1,126388
7290112499844,false,מאגדת מיני מגנום דואט שוקולד עם נוגט 5 יח' שטראוס,"מיוצר ע""י גלידת שטרא",IL,מגנום מאגדת מיני מגנום דואט שוקולד נוגט 5 יחידות,גרמים,310.00,100 גרם,false,1,32.90,10.6129,true,1,126386
7290112499851,false,ארטיק מגנום בראוניז 58 גר',"גלידת שטראוס בע""מ, ר",IL,Magnum יחידתיות 80 ML,גרמים,58.00,100 גרם,false,1,9.90,17.0690,true,1,127654
7290112499929,false,מגנום שוקולד אימפלס פסח 120מל,"מיוצר ע""י גלידת שטרא",IL,מגנום שלגון מגנום שוקולד 85 גרם,גרמים,85.00,100 גרם,false,1,11.90,14.0000,true,1,126389
7290112499943,false,מיני מאגדת מיני מגנום טעמים שונים וניל+שוקו,"מיוצר ע""י גלידת שטרא",IL,מיני מגנום קלאסיק שוקולד 250 גרם,גרמים,250.00,100 גרם,false,1,32.90,13.1600,true,1,126385
7290112960856,false,טילון אקסטרים מטבע שוקולד וריבת חלב 126 גר',שוורצקוף& הנקל דיסלד,IL,נסטל.אקסטרים ליבת ריבת חלב ומטבע 18*115ג,גרמים,128.00,100 גרם,false,1,10.50,8.2031,true,1,122394
7290112961266,false,בייגלה כפיות פיזור איטלקי 300 ג' אסם,אסם,IL,אסם בייגלה כפיות פיזור איטלקי 12*300גרם,גרמים,300.00,100 גרם,false,1,11.90,3.9667,true,1,123815
7290112962003,false,שלגון קראנץ וניל עוגיות 90 גרם,שוורצקוף& הנקל דיסלד,IL,שלגון בשומן צמחי טעם וניל עוגיות,לא מנהל יחידת מידה,0.00,לא מנהל יחידת מידה,false,1,10.50,0.0000,true,1,121875
7290112962751,false,שלגון אוראו בטעם וני,שוורצקוף& הנקל דיסלד,IL,אוראו שלגון אימפלס 20*65גרם,גרמים,65.00,100 גרם,false,1,11.50,17.6923,true,1,122399
7290112963918,false,פיטנס חטיפי קרקר דק רוזמרין 140 גרם,אסם,IL,פיטנס קרקר דק רוזמרין 12*140גרם,גרמים,140.00,100 גרם,false,1,12.90,9.2143,true,1,124285
7290112964410,false,רוטב אוסם אלף האיים לסלט 290 ג' אסם,אסם,IL,אסם רוטב אלף האיים חדש לסלט 9*290גרם,גרמים,290.00,100 גרם,false,1,11.90,4.1034,true,1,123987
7290112965783,false,אוסם - ביסלי פריסטייל על האש 60 גרם,"אסם השקעות בע""מ",IL,ביסלי פריסטייל על האש 60 גרם,גרמים,60.00,100 גרם,false,1,4.00,6.6667,true,1,131387
7290112966001,false,טבעול גורמה ארוחת ירוקים 450 גרם,טבעול (מקבוצת אסם הש,IL,טבעול גורמה ארוחת ירוקים 450 גרם,גרמים,450.00,100 גרם,false,1,33.90,7.5333,true,1,139395
7290112966025,false,בייגלה אוסם כפיות כפרי טוגו 60 גר',,IL,אסם בייגלה כפיות כפרי טוגו 24*60גרם,גרמים,60.00,100 גרם,false,1,3.70,6.1667,true,1,126073
7290112966094,false,הבית עוגת תפוז מופחתת סוכר 400 גרם,מיוצר עי קונדיטוריית,IL,עוגת הבית תפוז מופחתת סוכר 400 גרם,גרמים,400.00,100 גרם,false,1,15.90,3.9750,true,1,131418
7290112966728,false,צבר טחינה בלאדי פלפלים חריפים 350 גרם,שוורצקוף& הנקל דיסלד,IL,צבר טחינה בלאדי פלפלים חריפים 6*350גרם,גרמים,350.00,100 גרם,false,1,16.90,4.8286,true,1,125437
7290112966780,false,צבר טחינה בלאדי עם חציל קלוי 350 גרם,שוורצקוף& הנקל דיסלד,IL,צבר טחינה בלאדי עם חציל קלוי 6*350גרם,גרמים,350.00,100 גרם,false,1,16.90,4.8286,true,1,125433
7290112966803,false,אסם פודינג אינסטנט שוקולד 88 גרם,"אסם השקעות בע""מ",IL,אסם פודינג אינסטנט שוקולד 88 גרם,גרמים,88.00,100 גרם,false,1,5.90,6.7045,true,1,126110
7290112968807,false,פיטנס - קרקר דק סלק 140 גרם,מפעל אסם יקנעם,IL,פיטנס קרקר דק סלק 12*140גרם,גרמים,140.00,100 גרם,false,1,12.90,9.2143,true,1,128277
7290112968821,false,פיטנס - קרקר דק בטטה 140 גרם,מפעל אסם יקנעם,IL,פיטנס קרקר דק בטטה 12*140גרם,גרמים,140.00,100 גרם,false,1,12.90,9.2143,true,1,128278
7290112969286,false,אסם בישולים רוטב חרדל ודבש 330 גרם,"אסם השקעות בע""מ",IL,רוטב חרדל ודבש אסם בישולים 330גרם,גרמים,330.00,100 גרם,false,1,16.90,5.1212,true,1,129882
7290113158672,false,כוס זכוכית כפולה 350,,,כוס זכוכית כפולה 350,יחידה,1.00,יחידה,false,1,39.90,39.9000,true,1,129641
7290113192171,false,מיקס אגוזים שקדים וחמוציות 150 גרם,דין שיווק,IL,מיקס אגוזים שקדים וחמוציות 150 גרם,גרמים,150.00,100 גרם,false,1,14.90,9.9333,true,1,137897
7290113192317,true,טבעות זיתים מושחרים,בית השיטה,IL,טבעות זיתים מושחרים בית השיטה 280גר,גרמים,280.00,100 גרם,false,1,12.90,4.6071,true,1,126221
7290113192355,true,חרוזית ירוק בית השיט,בית-השיטה עסיס תעשיו,IL,חרוזית ירוק בית השיטה 275גר,גרמים,275.00,100 גרם,false,1,12.90,4.6909,true,1,126225
7290113192362,true,טבעות זיתים ירק בית,בית-השיטה עסיס תעשיו,IL,טבעות זיתים ירק בית השיטה 280גר,גרמים,280.00,100 גרם,false,1,12.90,4.6071,true,1,126226
7290113192393,true,קוקטייל זיתים בית ה,בית-השיטה עסיס תעשיו,IL,קוקטייל זיתים בית השיטה 336גר,גרמים,336.00,100 גרם,false,1,12.90,3.8393,true,1,126229
7290113192478,true,מלפפונים במלח 10-12,בית-השיטה עסיס תעשיו,IL,מלפפונים במלח 10-12 בית השיטה 320גר,גרמים,320.00,100 גרם,false,1,10.50,3.2813,true,1,126237
7290113192485,true,מלפפונים בחומץ 10-12,בית-השיטה עסיס תעשיו,IL,מלפפונים בחומץ 10-12בית השיטה 290גר,גרמים,290.00,100 גרם,false,1,10.50,3.6207,true,1,126238
7290113192492,true,מלפפונים בחומץ 17-13,בית-השיטה עסיס תעשיו,IL,מלפפונים בחומץ 17-13בית השיטה 290גר,גרמים,290.00,100 גרם,false,1,11.90,4.1034,true,1,126239
7290113192508,true,מלפפונים במלח 17-13ב,בית-השיטה עסיס תעשיו,IL,מלפפונים במלח 17-13בית השיטה 320גר,גרמים,320.00,100 גרם,false,1,11.90,3.7188,true,1,126240
7290113192515,true,מלפפונים במלח 18 -25,בית-השיטה עסיס תעשיו,IL,מלפפונים במלח 18 -25בית השיטה 320גר,גרמים,0.00,100 גרם,false,1,12.90,0.0000,true,1,126241
7290113192560,true,פלפל שיפקה בית השיטה,בית-השיטה עסיס תעשיו,IL,פלפל שיפקה בית השיטה 230גר,גרמים,230.00,100 גרם,false,1,7.50,3.2609,true,1,126246
7290113192577,true,כרוב כבוש בית השיטה,שוורצקוף& הנקל דיסלד,IL,כרוב כבוש בית השיטה 430גר,גרמים,430.00,100 גרם,false,1,8.50,1.9767,true,1,126247
7290113193031,false,חרוזית קלמטה 275 גרם בית השיטה,שוורצקוף& הנקל דיסלד,IL,זית חרוזית קלמטה בית השיטה 275גרם,גרמים,275.00,100 גרם,false,1,14.90,5.4182,true,1,127518
7290113198029,false,פקאן מצופה חלבה שקדי,דין שיווק,IL,פקאן מצופה חלבה 150גרם,גרמים,150.00,100 גרם,false,1,14.90,9.9333,true,1,137926
7290113198036,false,פקאן מצופה בטעם קרמל,"דין שיווק וקליה בע""מ",IL,פקאן מצופה בטעם קרמל 150 גרם,גרמים,150.00,100 גרם,false,1,14.90,9.9333,true,1,137956
7290113198043,false,פקאן מצופה שוקולד וע,דין שיווק,IL,פקאן מצופה שוקולד ועוגיות 150גרם,גרמים,150.00,100 גרם,false,1,14.90,9.9333,true,1,137928
7290113198050,false,פקאן מצופה בייגלה מל,דין שיווק,IL,פקאן מצופה בייגלה מלוח 150גרם,גרמים,150.00,100 גרם,false,1,14.90,9.9333,true,1,137927
7290113302372,false,רצועות בונזו סנדוויץ,לנגי,CN,חטיפי בנוזו סנדויץ במילוי אווז 80 גר,גרמים,80.00,100 גרם,false,1,12.90,16.1250,true,1,141859
7290113452848,false,קטי גומי אבטיח 200 ג,טופגם,IL,קטי גומי אבטיח 200 גרם,גרמים,200.00,100 גרם,false,1,12.90,6.4500,true,1,141115
7290113452855,false,סוכריות גומי יין ארו,טופגם,IL,סוכריות גומי יין ארוז 200 גרם,גרמים,200.00,100 גרם,false,1,12.90,6.4500,true,1,138607
7290113452862,false,סוכריות גומי נחש מוב,טופגם,IL,סוכריות גומי נחש מוברק ארוז 200 גרם,גרמים,200.00,100 גרם,false,1,12.90,6.4500,true,1,138541
7290113452879,false,סוכריות גומי בננה אר,טופגם,IL,סוכריות גומי בננה ארוז 200 גרם,גרמים,200.00,100 גרם,false,1,12.90,6.4500,true,1,138542
7290113452886,false,סוכריות גומי נחש חמו,טופגם,IL,סוכריות גומי נחש חמוץ ארוז 200 גרם,גרמים,200.00,100 גרם,false,1,12.90,6.4500,true,1,138544
7290113452923,false,סוכריות גומי לב אפרס,טופגם,IL,סוכריות גומי לב אפרסק ארוז 200 גרם,גרמים,200.00,100 גרם,false,1,12.90,6.4500,true,1,138608
7290113452930,false,סוכריות גומי דובי מו,טופגם,IL,סוכריות גומי דובי מוברק ארוז 200 גרם,גרמים,200.00,100 גרם,false,1,12.90,6.4500,true,1,138543
7290113452985,false,קטי תות ממולא 150 גר,טופגם,IL,קטי תות ממולא 150 גרם,גרמים,150.00,100 גרם,false,1,12.90,8.6000,true,1,141116
7290113453043,false,סוכריות גומי תות קטן,טופגם,IL,סוכריות גומי תות קטן 200 גרם,גרמים,200.00,100 גרם,false,1,12.90,6.4500,true,1,138609
7290114311144,false,גבינת עיזים שום שמיר,משק צוריאל,IL,מה עז גבינת עיזים עם שום ושמיר 9% צורי,גרמים,150.00,100 גרם,false,1,26.90,17.9333,true,1,140198
7290114311168,false,גבינת נועם בטעם כמה,מילקו תעשיות בעמ,IL,נעם בטעמים-כמהין 200 גרם,גרמים,200.00,100 גרם,false,1,21.90,10.9500,true,1,140200
7290114311458,false,"חלב מועשר 3% וויטמין קרטון, 1 ל טרה",טרה,IL,D,ליטרים,1.00,ליטר,false,1,7.90,7.9000,true,1,142350
7290114311496,false,"חלב מועשר 1% שומן קרטון, 1 ל טרה",טרה,IL,חלב מועשר 1% טרה1 ליטר,ליטרים,1.00,ליטר,false,1,7.90,7.9000,true,1,142349
7290114603034,false,"פרי גרנולה אגוזים צימוקים וחמוציות, 300 ג'","אפקט טבעי בע""מ",IL,גרנולה פרי אגוזים צימוקים וחמוציות 300גר,גרמים,300.00,100 גרם,false,1,14.90,4.9667,true,1,129806
7290114604895,false,ממרח ספייסי לחיץ מאסטר שף 446 גרם,Remia,NL,מאסטר שף ממרח ספייסי לחיץ 446 גר,גרמים,446.00,100 גרם,false,1,13.90,3.1166,true,1,137147
7290114604901,false,ממרח שום לחיץ מאסטר שף 444 גרם,Remia,NL,מאסטר שף ממרח שום לחיץ 444 גרם,גרמים,444.00,100 גרם,false,1,13.90,3.1306,true,1,137148
7290114605557,false,נייר עטיפה לסנדוויץ קוקי 80 יח',כרמל,CN,קוקי- נייר עטיפה לסנדוויץ 80 דף,לא מנהל יחידת מידה,0.00,לא מנהל יחידת מידה,false,1,12.90,0.0000,true,1,137197
7290114606530,false,רוטב בטעם מיונז וקטשופ מאסטר שף 515 גרם,Remia,NL,מאסטר שף רוטב מיונז וקטשופ 515 גר,גרמים,515.00,100 גרם,false,1,13.90,2.6990,true,1,137150
7290114606547,false,מיונז פטריות כמהין לחיץ מאסטר שף 242 גרם,Remia,NL,מאסטר שף מיונז פטריות כמהין 242 גרם,גרמים,242.00,100 גרם,false,1,13.90,5.7438,true,1,137149
7290115073676,false,מסכה לפנים חד פעמי 50 יח צבעוניות,מ.פאנג,CN,מסכות מנתח שחורות 50 יח שמחה זה אנחנו,יחידה,1.00,יחידה,false,1,9.90,9.9000,true,1,128149
7290115180268,false,יחידות טבק לחימום צהוב PP,פיליפ מוריס,IL,יחידות טבק לחימום צהוב PP בודד,יחידה,1.00,יחידה,false,1,27.90,27.9000,true,1,129533
7290115180275,false,יחידות טבק לחימום טורקיז PP,פיליפ מוריס,IL,יחידות טבק לחימום טורקיז PP בודד,יחידה,1.00,יחידה,false,1,27.90,27.9000,true,1,129536
7290115180688,false,יחידות טבק לחימום סגול PP,,,יחידות טבק לחימום סגול PPבודד,יחידה,1.00,יחידה,false,1,27.90,27.9000,false,1,129424
7290115190014,false,סיגריות מרלבורו רד קצר בוקס,פיליפ מוריס,,סיגריות PPמרלבורו רד חפיסה,יחידה,1.00,יחידה,false,1,36.70,36.7000,false,1,129194
7290115190038,false,סיגריות מרלבורו רד קצר סופט,פיליפ מוריס,,סיגריות PPמרלבורו רד סופט חפיסה,יחידה,1.00,יחידה,false,1,34.50,34.5000,false,1,129180
7290115190052,false,סיגריות מרלבורו מדיום פלייבור מיקס,פיליפ מוריס,,סיגריות מרלבורו פלייבור מיקסPP חפיסה בוד,יחידה,1.00,יחידה,false,1,36.70,36.7000,false,1,128952
7290115190076,false,סיגריות מרלבורו גולד ארוך 100 בוקס,פיליפ מוריס,,סיגריות מרלבורו גולד 100בודד,יחידה,1.00,יחידה,false,1,36.70,36.7000,false,1,129546
7290115190090,false,סיגריות מרלבורו גולד קצר בוקס,פיליפ מוריס,,סיגריות מרלבורו גולדPP חפיסה,יחידה,1.00,יחידה,false,1,36.70,36.7000,false,1,129166
7290115190113,false,מרלבורו גולד קצר קופסא סופט,פיליפ מוריס,,סיגריות מרלבורו גולד סופטPP חפיסה,יחידה,1.00,יחידה,false,1,34.50,34.5000,false,1,129188
7290115190137,false,מלבורו פיין טאצ 7.1 חפיסה,פיליפ מוריס,,סיגריות מרלבורו פיין טאץPP חפיסה,יחידה,1.00,יחידה,false,1,32.90,32.9000,false,1,129190
7290115190151,false,מלבורו גולד טאצ 7.1 חפיסה,פיליפ מוריס,,סיגריות מרלבורו טאץPP חפיסה,יחידה,1.00,יחידה,false,1,32.90,32.9000,false,1,129182
7290115190199,false,סיגריות פרלמנט (חפיס,פיליפ מוריס,,פרלמנט נייט 100PP חפיסה,יחידה,1.00,יחידה,false,1,41.70,41.7000,false,1,131044
7290115190212,false,פרלמנט ארוך בלו RCB קופסא,פיליפ מוריס,,סיגריות פרלמנט בלו 100PPחפיסה,יחידה,1.00,יחידה,false,1,41.70,41.7000,false,1,129172
7290115190236,false,סיגריות פרלמנט קצר בלו,פיליפ מוריס,,סיגריות פרלמנט בלוPP חפיסה,יחידה,1.00,יחידה,false,1,41.70,41.7000,false,1,129168
7290115190250,false,סיגריות פרלמנט נייטP,פיליפ מוריס,,סיגריות פרלמנט נייטPP חפיסה בודד,יחידה,1.00,יחידה,false,1,41.70,41.7000,false,1,128954
7290115190274,false,סיגריות פרלמנט סילבר,פיליפ מוריס,,סיגריות פרלמנט סילברPP חפיסה,יחידה,1.00,יחידה,false,1,41.70,41.7000,false,1,129184
7290115190335,false,ל.מ.בלו לייבל ארוך בוקס חפיסה,פיליפ מוריס,,ל.מ בלו 100PP חפיסה,יחידה,1.00,יחידה,false,1,32.20,32.2000,false,1,131141
7290115190359,false,L&M בלו לייבל קצר-חפיסה,פיליפ מוריס,,סיגריות ל.מ בלוPP חפיסה בודד,יחידה,1.00,יחידה,false,1,32.20,32.2000,false,1,128950
7290115190373,false,סיגריות ל.מ. קפסולהP,פיליפ מוריס,,סיגריות ל.מ. קפסולהPP חפיסה,יחידה,1.00,יחידה,false,1,32.20,32.2000,false,1,129186
7290115190397,false,סיגריות LM רד לייבל קצר,פיליפ מוריס,,ל.מ רדPP חפיסה בודד סיגריות,יחידה,1.00,יחידה,false,1,32.20,32.2000,false,1,128945
7290115190434,false,סיגריות LM לייט וייב סלימס,פיליפ מוריס,IL,סיגריות ל.מ וייבPP חפיסה בודד,יחידה,1.00,יחידה,false,1,32.20,32.2000,false,1,128956
7290115190458,false,סיגריות נקסט אדג בוד,פיליפ מוריס,,סיגריות נקסט אדג בודד,יחידה,1.00,יחידה,false,1,25.00,25.0000,false,1,129514
7290115190472,false,סיגריות נקסט פיין אדג',פיליפ מוריס,,סיגריות נקסט פיין אדגPP חפיסה,יחידה,1.00,יחידה,false,1,25.00,25.0000,false,1,129830
7290115190496,false,סיגריות נקסט פיין 10,פיליפ מוריס,IL,סיגריות נקסט פיין 100PP חפיסה,יחידה,1.00,יחידה,false,1,31.20,31.2000,false,1,130377
7290115190502,false,נקסט פיין קצר פאקט 1,פיליפ מוריס,,סיגריות נקסט פייןPP פאקט,יחידה,1.00,יחידה,false,10,282.00,282.0000,false,1,129177
7290115190519,false,סיגריות נקסט פיין חפ,פיליפ מוריס,,סיגריות נקסט פיין חפיסה,יחידה,1.00,יחידה,false,1,31.20,31.2000,false,1,129176
7290115190533,false,סיגריות נקסט כחול ארוך,פיליפ מוריס,,סיגריות נקסט ריסס 100בודד,יחידה,1.00,יחידה,false,1,26.00,26.0000,false,1,129543
7290115190557,false,סיגריות נקסט כחול קצר,פיליפ מוריס,,סיגריות נקסט ריסס קצרPP חפיסה,יחידה,1.00,יחידה,false,1,26.00,26.0000,false,1,129178
7290115190571,false,סיגריות נקסט לילךPP,פיליפ מוריס,,סיגריות נקסט לילךPP חפיסה בודד,יחידה,1.00,יחידה,false,1,31.20,31.2000,false,1,128947
7290115190595,false,סיגריות נקסט אוריגינ,פיליפ מוריס,,סיגריות נקסט אוריגינלPP חפיסה,יחידה,1.00,יחידה,false,1,31.20,31.2000,false,1,129164
7290115190618,false,טבק מרלבורו רד 30 גרם חפיסה,,,טבק מרלבורו רדPP חפיסה,יחידה,1.00,יחידה,false,1,82.40,82.4000,true,1,129891
7290115190632,false,טבק מרלבורו גולד 30 גרם חפיסה,פיליפ מוריס,,טבק מרלבורו גולד חפיסה 30 גרם,גרמים,30.00,100 גרם,false,1,82.40,274.6667,false,1,129832
7290115190656,false,טבק נקסט פיין 40 גרם חפיסה,פיליפ מוריס,,טבק נקסט פייןPP חפיסה,יחידה,1.00,יחידה,false,1,87.30,87.3000,true,1,129680
7290115190670,false,טבק נקסט אוריג'ינל 40 גרם חפיסה,פיליפ מוריס,,טבק נקסט אוריגינל בודד,יחידה,1.00,יחידה,false,1,87.30,87.3000,true,1,129548
7290115190694,false,טבק צסטרפילד פיין וי,פיליפ מוריס,,טבק צסטרפילד פיין וירגינה בודד,יחידה,1.00,יחידה,false,1,69.00,69.0000,true,1,129541
7290115190731,false,טבק צסטרפילד אוריגינ,,,טבק צסטרפילד אוריגינל 30PP חפיסה,יחידה,1.00,יחידה,false,1,69.00,69.0000,true,1,129192
7290115190915,false,טבק לגלגול נקסט לבן,פיליפ מוריס,,טבק לגלגול נקסט לבן XL ל 50 גרם בודד,גרמים,50.00,100 גרם,false,1,102.30,204.6000,true,1,131296
7290115190939,false,אל.אם קפסולות קליק חפיסה,פיליפ מוריס,,סיגריות ל.מ קליק קפסולה בודד,יחידה,1.00,יחידה,false,1,25.00,25.0000,false,1,138557
7290115190977,false,מרלבורו טאצ' אדום קופסא,פיליפ מוריס,TR,מרלבורו טאץ אדום חפיסה,יחידה,20.00,יחידה,false,1,29.00,1.4500,false,1,141119
7290115191035,false,מרלבורו סאמר ספלאש קופסא,פיליפ מוריס,RS,מרלבורו סאמר ספלאש חפיסה בודד,יחידה,1.00,יחידה,false,1,29.00,29.0000,false,1,140470
7290115191073,false,סיגריות נקסט(בודד) ר,פיליפ מוריס,RS,נקסט ריץ ריסס חפיסה,יחידה,1.00,יחידה,false,1,26.00,26.0000,true,1,142712
7290115200003,false,אסם פתי בר פינוקי וניל 220 גרם,תאי פרזידנט פוד פאבל,PL,אסם פתי בר פינוקי וניל 220 גרם,גרמים,220.00,100 גרם,false,1,11.90,5.4091,true,1,128071
7290115200676,false,עוגיות קרמוגית קרמל מלוח 200 גר',היינץ צפון אמריקה מק,IL,קרמוגית קרמל מלוח200 גרם,גרמים,200.00,100 גרם,false,1,11.90,5.9500,true,1,130328
7290115201703,false,ביסלי בטעם ברביקיו 200 ג' אסם,מיוצר עי קונדיטוריית,IL,בסלי ברביקיו 200גרם,גרמים,200.00,100 גרם,false,1,7.90,3.9500,true,1,129471
7290115202434,false,צבר סלט חומוס עם זעתר 375 גרם,ג'נרל מילס סאן אדריא,IL,צבר חומוס עם זעתר 375 גרם,גרמים,375.00,100 גרם,false,1,12.90,3.4400,true,1,130520
7290115202687,false,צבר חומוס עם חריף 37,ג'נרל מילס סאן אדריא,IL,צבר חומוס עם חריף 375 גרם,גרמים,375.00,100 גרם,false,1,12.90,3.4400,true,1,130521
7290115202939,false,מנה חמה רייס נודלס עוף פטריות 50 ג' אסם,מיוצר עי קונדיטוריית,TH,מנה חמה רייס נודלס עוף פטריות 50 גרם,גרמים,50.00,100 גרם,false,1,8.90,17.8000,true,1,138678
7290115203134,false,פופקו פופקורן במבה 80 ג' אסם,"אסם השקעות בע""מ",IL,פופקו פופקורן במבה 80 גרם,גרמים,80.00,100 גרם,false,1,5.90,7.3750,true,1,131390
7290115203172,false,במבה אסם 80 גרם PRO,"אסם השקעות בע""מ",IL,במבה פרו 80גרם,גרמים,80.00,100 גרם,false,1,5.90,7.3750,true,1,141418
7290115205176,false,פיטנס - קרקר דק כפרי פיטנס 140 גרם,אסם יקנעם,IL,פיטנס קרקר דק כפרי 150 גרם,גרמים,150.00,100 גרם,false,1,12.90,8.6000,true,1,139284
7290115205312,false,פיטנס - קרקר דק זיתי קלמטה 140 גרם,"אסם השקעות בע""מ",IL,קרקר דק פיטנס זיתים 140 גרם,גרמים,140.00,100 גרם,false,1,12.90,9.2143,true,1,140153
7290115205978,false,"פתי בר אצבעות שוקולד אוסם, 180 גרם","ד""ר ג'רארד בע""מ",PL,אסם פתי בר אצבעות שוקולד 180גרם,גרמים,180.00,100 גרם,false,1,11.90,6.6111,true,1,139553
7290115206852,false,ביסלי צ'יזי סטיקס חדש 70 ג אסם,אסם,IL,ביסלי ציזי סטיקס חדש 24 70גרם,גרמים,70.00,100 גרם,false,1,4.90,7.0000,true,1,141212
7290115206890,false,ביסלי המבורגר חדש 70 ג אסם,"אסם השקעות בע""מ",IL,ביסלי המבורגר חדש 70גרם,גרמים,70.00,100 גרם,false,1,4.90,7.0000,true,1,141213
7290115207965,false,ויטמינצ'יק תרכיז מנגו אפרסק 1 ליטר,בית-השיטה עסיס תעשיו,IL,ויטמינציק מנגו אפרסק 1 ליטר,ליטרים,1.00,ליטר,false,1,23.90,23.9000,true,1,140099
7290115208009,false,ויטמינצ'יק תרכיז ענבים 1 ליטר,בית-השיטה עסיס תעשיו,IL,סירופ ויטמינציק ענבים 1 ליטר,ליטרים,1.00,ליטר,false,1,23.90,23.9000,true,1,139355
7290115208047,false,ויטמינצ'יק תרכיז פטל 1 ליטר,בית-השיטה עסיס תעשיו,IL,סירופ ויטמינציק פטל 1 ליטר,ליטרים,1.00,ליטר,false,1,23.90,23.9000,true,1,139353
7290115208320,false,אפרופו בטעם ביסלי בצל 50ג' אסם,"אסם השקעות בע""מ",IL,אפרופו בטעם ביסלי בצל 50גרם,גרמים,50.00,100 גרם,false,1,4.90,9.8000,true,1,142646
7290115209174,false,במבה אורירית קלאסי 60 גר',אסם השקעות בעמ,IL,במבה אורירית 60גרם,גרמים,60.00,100 גרם,false,1,4.90,8.1667,true,1,141419
7290115209358,false,במבה במילוי בראוניז 60ג' אסם,"אסם השקעות בע""מ",IL,במבה במילוי בראוניז 60גרם,גרמים,60.00,100 גרם,false,1,4.90,8.1667,true,1,142643
7290115670240,false,"פריכיות טעימות אורז מלא דקות 135 גרם כשל""פ",פרח,IL,כשלפ פריכיות אורז מלא דקות,גרמים,110.00,100 גרם,false,1,13.90,12.6364,true,1,130332
7290115670691,false,אנרג'י גרנולה פירות יער 400 גרם,אמקו ספול אס. אר.או,CZ,גרנולה אנרגי פירות יער 400 גרם,גרמים,400.00,100 גרם,false,1,15.90,3.9750,true,1,139268
7290115671339,false,מיני פינוקיות בראוניז בייגל בוטן עלית 180 ג' עלית,הגביע מוצרי ופלים בע,IL,מיני פינוקיות בראוניז בייגל בוטן 180 ג,גרמים,180.00,100 גרם,false,1,11.90,6.6111,true,1,137680
7290115671346,false,מיני פינוקיות טופי קרמל מלוח 180 ג' עלית,הגביע מוצרי ופלים בע,IL,מיני פינוקיות טופי קרמל מלוח 180 ג,גרמים,180.00,100 גרם,false,1,11.90,6.6111,true,1,137681
7290115674743,false,פיתה צ'יפס עם מלח ים,"אלאדין בייקרס בע""מ",US,פיתה BREADZ מלח ים 170 גרם,גרמים,170.00,100 גרם,false,1,13.90,8.1765,true,1,138981
7290115675559,false,מארז קפה טורקי לדרך 70ג' עלית,שטראוס קפה בי.וי.,IL,מארז טורקי לדרך 70 גרם,גרמים,70.00,100 גרם,false,1,9.90,14.1429,true,1,142677
7290115676037,false,דנונה ריפרש תות דומדמניות 250 גרם,מיוצר עי קונדיטוריית,IL,"דנונה ריפרש תות דומדמניות 250 מ""ל",מיליליטרים,250.00,"100 מ""ל",false,1,5.90,2.3600,true,1,131313
7290115676051,false,"משקה אקטיביה עם ש""ש מתיקות מעודנת 265 ג' דנונה",מיוצר עי קונדיטוריית,IL,משקה אקטיביה עם שש מתיקות מעודנת 265 מל,מיליליטרים,265.00,"100 מ""ל",false,1,5.90,2.2264,true,1,138221
7290115676099,false,משקה יוגורט בטעם וניל פרו 20 דנונה 255 ג',"שטראוס בריאות בע""מ.",IL,משקה דנונה פרו 20 וניל,מיליליטרים,255.00,"100 מ""ל",false,1,6.90,2.7059,true,1,131314
7290115676273,false,אבקת קקאו 500 גרם +10% עלית,שטראוס גרופ,IL,אבקת קקאו 500 גרם +10% תוספת כשלפ,גרמים,500.00,100 גרם,false,1,26.90,5.3800,true,1,140044
7290115676389,false,חרוסת יד מורדכי 250,"פוליבה בע""מ",IL,חרוסת יד מרדכי 250 גרם,גרמים,250.00,100 גרם,false,1,16.90,6.7600,true,1,130762
7290115676990,false,תפוציפס מלח חומץ 50,"שטראוס פריטו ליי בע""",IL,תפו SALT & VINEGAR י50 גר 48 יח,גרמים,50.00,100 גרם,false,1,3.90,7.8000,true,1,130832
7290115677089,false,קונפיטורת יד מרדכי תפוח וקינמון 340 גרם,"ב.א מזון בע""מ",IL,קונפיטורה יד מרדכי תפוח וקינמון 340 גר,גרמים,340.00,100 גרם,false,1,14.90,4.3824,true,1,137566
7290115678376,false,מעדן הגולן שוקולד 125 גרם,מיוצר עי קונדיטוריית,IL,מעדן הגולן שוקולד 125גרם,גרמים,125.00,100 גרם,false,1,3.20,2.5600,true,1,131818
7290115678383,false,מעדן הגולן שוקולד מריר 125 גרם,מיוצר עי קונדיטוריית,IL,מעדן הגולן שוקולד מריר 125גרם,גרמים,125.00,100 גרם,false,1,3.20,2.5600,true,1,131817
7290116530482,false,מארז קורנפלקס של אלופים 5*30 ג' תלמה,פרו מן-יו פתרנות ארי,IL,תלמה מארז קורנפלקס של אלופים 5*30 גרם,גרמים,150.00,100 גרם,false,1,11.90,7.9333,true,1,138037
7290116531090,false,דג-דג חטיף אפוי במליחות מעודנת 250 גרם,"דרך השוקולד 1, צפת 1",IL,דגדג במליחות מעודנת 250 גרם,גרמים,250.00,100 גרם,false,1,10.90,4.3600,true,1,139149
7290116531663,false,"תחליב רחצה פינוק בניחוח תפוח 700 מ""ל",יוניליוור ישראל טיפו,IL,פינוק תחליב רחצה בניחוח תפוח 700 מל,מיליליטרים,700.00,"100 מ""ל",false,1,12.90,1.8429,true,1,138422
7290116531885,false,מיונז טבעוני הלמנס 500 גרם,יוניליוור ישראל מזון,IL,הלמנס ממרח טבעוני ויגן 500 גרם,גרמים,500.00,100 גרם,false,1,14.90,2.9800,true,1,141539
7290116531977,false,"דאו ספריי סקייט וורדים 150 מ""ל אקס",יוניליוור,GB,"דאודורנט ספריי אקס פרש רוז 150 מ""ל",מיליליטרים,150.00,"100 מ""ל",false,1,13.90,9.2667,true,1,143123
7290116532462,false,גלידת שמנת קליק בטעמי שוקולד בננה 384 ג' שטראוס,"גלידת שטראוס בע""מ, ר",IL,פיינט קליק שוקולד בננה,מיליליטרים,520.00,"100 מ""ל",false,1,24.90,4.7885,true,1,140429
7290116532486,false,גלידת שמנת קליק בטעמי וניל קרמל מלוח 384 ג' שטראוס,"גלידת שטראוס בע""מ, ר",IL,פיינט קליק וניל קרמל מלוח,מיליליטרים,520.00,"100 מ""ל",false,1,24.90,4.7885,true,1,140430
7290116914527,false,מארז סוכריות על מקל,,CN,מארז סוכריות על מקל 600 גרם,גרמים,600.00,100 גרם,false,1,22.90,3.8167,true,1,140878
7290116930282,false,ארוחה בקטנה לאבנה עם קרקרים 150ג' תנובה,תנובה,IL,ארוחה בקטנה לאבנה עם קרקרים 150 גרם,גרמים,150.00,100 גרם,false,1,7.50,5.0000,true,1,141229
7290116930435,false,יוגורט סמיך 0% דובדבן יופלה 200 ג' GO,"תנובה בע""מ",IL,יוגורט גו סמיך 0% דובדבן,גרמים,150.00,100 גרם,false,1,6.30,4.2000,true,1,140210
7290116930459,false,"יופלה שייק מנגו בננה אננס וקוקוס 230 מ""ל",תנובה בעמ,IL,SHAKE יופלה בננה אננס וקוקוס 230 מל,מיליליטרים,230.00,"100 מ""ל",false,1,8.90,3.8696,true,1,140857
7290116930466,false,"משקה SHAKE בננה מנגן פסיפלורה והל 230 מ""ל יופלה",תנובה בעמ,IL,SHAKE יופלה מנגו בננה פסיפלורה והל 230 מ,מיליליטרים,230.00,"100 מ""ל",false,1,8.90,3.8696,true,1,140856
7290116930480,false,"משקה SHAKE בננה קיווי תפוח 230 מ""ל יופלה",תנובה בעמ,IL,SHAKE יופלה בננה קיווי תפוח 230 מל,מיליליטרים,230.00,"100 מ""ל",false,1,8.90,3.8696,true,1,140855
7290116930497,false,פלח גבינה כחולה קולק,פיקוס דה אירופה ס.ל.,ES,פלח גבינה כחולה קולקשיין 100 גרם,גרמים,100.00,100 גרם,false,1,16.90,16.9000,true,1,140107
7290116930558,false,"משקה תה קר עם חלב בטעם צאי קרמל 230 מ""ל",תנובה בעמ,IL,משקה תה קר עם חלב בטעם צאי קרמל 230מל,מיליליטרים,230.00,"100 מ""ל",false,1,6.90,3.0000,true,1,140862
7290116930572,false,משקה תה קר עם חלב בט,תנובה בעמ,IL,משקה תה קר עם חלב בטעם צאי ורדים 230מל,מיליליטרים,230.00,"100 מ""ל",false,1,6.90,3.0000,true,1,140864
7290116930633,false,יולו שוקולד בלונדי ע,תנובה בעמ,IL,יולו שוקולד בלונדי עם שברי בייגלה 120 גרם,גרמים,120.00,100 גרם,false,1,5.50,4.5833,true,1,140860
7290116930725,false,סויה BIO קוקוס גביע Alternative 150 גרם,תנובה בעמ,IL,מעדן סויה BIO קוקוס אלטרנטיב 150 גרם,גרמים,150.00,100 גרם,false,1,4.90,3.2667,true,1,141574
7290116931081,false,גביע מעדן סויה בטעם טופי קרמל 125 גרם,תנובה בעמ,IL,מעדן סויה בטעם טופי קרמל 125 גרם,גרמים,125.00,100 גרם,false,1,3.90,3.1200,true,1,141573
7290117380208,false,חטיף פוף קראנץ בטעם חמוץ חריף 60 גרם,מנה,IL,פוף חטיף קראנץ חמוץ חריף 60 גרם,גרמים,60.00,100 גרם,false,1,3.50,5.8333,true,1,139255
7290118873082,false,בדיקות לזיהוי אנטיגן,,IL,בדיקת קורונה שפעת מארז חמישייה,יחידה,1.00,יחידה,false,1,59.90,59.9000,true,1,142782
7296021191367,false,קרחון עם מכסה,,,קרחון עם מכסה,יחידה,1.00,יחידה,false,1,12.90,12.9000,true,1,127813
7296150000028,false,עלי גפן ממולאים באורז 425 גר,אקמאר,TR,עלי גפן ממולאים באורז 425 גרם,גרמים,425.00,100 גרם,false,1,10.90,2.5647,true,1,55664
7297488036703,false,סיכות סבתא 12 שחור,אימפופיקס,,סיכות סבתא 12 שחור,יחידה,1.00,יחידה,false,1,4.90,4.9000,true,1,90985
7297488199736,false,דגש קוסקוס ללא גלוטן,נטורפוד,,קוסקוס 140 גרם,גרמים,140.00,100 גרם,false,1,18.90,13.5000,true,1,116703
7298074501995,false,בליסטקס הגנה מוגברת,,,בליסטקס הגנה מוגברת spf50,יחידה,1.00,יחידה,false,1,9.90,9.9000,true,1,125622
7312040017683,false,וודקה אבסולוט בקבוק,חברת אבסולוט,SE,"אבסולוט וודקה, 700 מ''ל",מיליליטרים,700.00,"100 מ""ל",false,1,69.90,9.9857,true,1,91269
7394376616778,false,"אוטלי משקה שיבולת שועל להקצפה בריסטה , 1 ל'",,SE,משקה שיבולת שועל  להקצפה בריסטה אוטלי 1,ליטרים,1.00,ליטר,false,1,15.90,15.9000,true,1,127845
7394376620294,false,משקה ש.שועל בטעם וניל 1 ליטר,איי אם פי אס איי תעש,NL,משקה שיבולת שועל וניל אוטלי 1 ליטר,ליטרים,1.00,ליטר,false,1,15.90,15.9000,true,1,142359
7441000720605,false,לבבות דקל(צנצנת)410 גרם,אינקופלמיטו אס. אי,EC,לה קימה שימורי לבבות דקל שלמים 410 גרם,גרמים,410.00,100 גרם,false,1,18.90,4.6098,true,1,112947
7501013101430,false,גומקס יוניקו פרסקו ח,חומקס קומר קומרסאליז,MX,יוניקו פרסקו חמוציות בק' 473 תריסר,מיליליטרים,473.00,"100 מ""ל",false,1,9.50,2.0085,true,1,125324
7501013101447,false,גומקס יוניקו פרסקו ר,חומקס קומר קומרסאליז,MX,יוניקו פרסקו רימונים בק' 473 תריסר,מיליליטרים,473.00,"100 מ""ל",false,1,9.50,2.0085,true,1,125325
7501013138184,false,משקה יוניקו פרסקו חמוציות קרטונית 1 ליטר,חומקס קומר קומרסאליז,MX,ג'ומקס פרסקו חמוציות קרטונית ליטר תריסר,ליטרים,1.00,ליטר,false,1,12.60,12.6000,true,1,131587
7501064191398,false,"שישיית בירה קורונה 355 מ""ל בקבוק",קריניציה ויטמינה אס,MX,בשישיית בירה קורונה אקסטרה 2.13 ל',ליטרים,2.13,ליטר,false,6,39.90,18.7324,true,1,123267
7509546061160,false,קולגייט משחת שיניים לילדים מיניונים 75 מל,CP UK,MX,"משחת שיניים לילדים מיניונים 75 מ""ל",מיליליטרים,75.00,"100 מ""ל",false,1,15.90,21.2000,true,1,138147
7610113011652,false,"בקרדי בריזר תפוח 275 מ""ל",בקרדי בעמ,BE,"בריזר - משקה כוהלי מוגז בטעם תפוח 275 מ""ל",מיליליטרים,275.00,"100 מ""ל",false,1,14.90,5.4182,true,1,127731
7610113013250,false,"משקה כוהלי על בסיס רום בקרדי 250 מ""ל",בקרדי מרטיני,BE,פחית בקרדי מוחיטו 250 מל,מיליליטרים,250.00,"100 מ""ל",false,1,14.90,5.9600,true,1,131557
7610113015780,false,"משקה בריזר סלצזר לימון ליים 250 מ""ל","בקרדי בע""מ",BE,בריזר סלצזר לימון ליים 250 מל פחית,מיליליטרים,250.00,"100 מ""ל",false,1,14.90,5.9600,true,1,138656
7610243004463,false,"דורגול - מרסס להסרת אבנית במקלחון 600 מ""ל",דורינג,,"מסיר אבן דורגול מרסס 500 מ""ל",מיליליטרים,500.00,"100 מ""ל",false,1,24.90,4.9800,true,1,48147
7613035619050,false,חמשושים מצופים 55ג,שוורצקוף& הנקל דיסלד,ES,חמשושים מפלצות 18*75מל,גרמים,80.00,100 גרם,false,1,7.90,9.8750,true,1,111721
7613035809109,false,פרפקטו רוטב עגבניות ובזיליקום 400 ג'אסם,נסטלה ספרד,ES,פרפקטו רוטב עגבניות ובזיליקום 6*400גרם,גרמים,400.00,100 גרם,false,1,10.90,2.7250,true,1,112323
7613035809857,false,פרפקטו רוטב עגבניות לפסטה ולבישול 400 ג' אסם,נסטלה ספרד,ES,פרפקטו רוטב עגבניות לפסטה ולבישול 6*400ג,גרמים,400.00,100 גרם,false,1,10.90,2.7250,true,1,112321
7613036105545,false,דוגלי בטעם בקר גזע ק,פורינה,HU,דוגלי גזע קטן 3 קג,קילוגרמים,3.00,"ק""ג",false,1,49.90,16.6333,true,1,115478
7613036105576,false,"דוגלי בוגר עוף 3 ק""ג",פורינה,HU,דוגלי בוגר עוף 3 קג,קילוגרמים,3.00,"ק""ג",false,1,49.90,16.6333,true,1,115273
7613036105606,false,דוגלי בוגר בקר 4*3קג,פורינה,HU,דוגלי בוגר בקר 3 קג,קילוגרמים,3.00,"ק""ג",false,1,49.90,16.6333,true,1,115479
7613036576734,false,קרטיב חמשושים חדש נסטלה 60 גר,פרונרי איבריה ס.ל,ES,נסטלה חמשושים חדש 18*60גרם,גרמים,60.00,100 גרם,false,1,7.90,13.1667,true,1,120099
7613036880534,false,גרבר מחית ירקות מעורבים מטרנה 190 גר',נסטלה פולסקה אס.איי,PL,גרבר מחית מרק ירקות מעורבים 12*190גרם,גרמים,190.00,100 גרם,false,1,6.90,3.6316,true,1,126566
7613037686906,false,פיטנס - דגני בוקר שקדים ודבש 355 גרם,הנסיך- מפעל לייצור ט,FR,פיטנס שקדים ודבש 14*355גרם,גרמים,355.00,100 גרם,false,1,21.90,6.1690,true,1,126634
7613038451954,false,דגני בוקר שוקולד מופחת סוכר 410 ג' קראנץ',סי. פי. צרפת,FR,דגני קראנץ שוקולד מופחת סוכר 410ג N9LEM,גרמים,410.00,100 גרם,false,1,21.90,5.3415,true,1,126501
7613039882030,false,גרבר מחית תפוח גזר בטטה 6*190 גרם,אסם,IL,גרבר מחית תפוח גזר בטטה 190 גרם,גרמים,190.00,100 גרם,false,1,6.90,3.6316,true,1,137707
7622010001858,false,אוראו ממולאות קרם וניל באטמן 176 גרם,פי אר ג'יי אס אי מנד,UA,עוגיות אוראו ממולאות קרם וניל 176 גרם,גרמים,176.00,100 גרם,false,1,9.90,5.6250,true,1,111142
7622201127398,false,מילקה אוראו מיניס אורגינל 153 גרם,פי.אר.ג'יי.אס.סי מונ,UA,מילקה אוריאו מיניס אורגינל 153 גרם,גרמים,153.00,100 גרם,false,1,16.90,11.0458,true,1,130782
7622201401900,false,עוגיות מילקה סנסיישן אוראו 156 גרם,מונדלז פולסקה פרודקש,PL,עוגיות מילקה סנסיישן אוראו 156 גרם,גרמים,156.00,100 גרם,false,1,13.90,8.9103,true,1,129415
7622201502515,false,מילקה - עוגיות קוקי לופ 132 גרם,גיורי קייקס קייאפטי,HU,מילקה קוקי לופ 132 גרם,גרמים,132.00,100 גרם,false,1,13.90,10.5303,true,1,138658
7622201808631,false,אוראו מיני כוסות בטעם וניל 67 גרם,פי.טי. מונדלז אינדונ,ID,אוראו מיני כוסות בטעם וניל 67 גרם,גרמים,67.00,100 גרם,false,1,6.90,10.2985,true,1,137520
7622201813390,false,עוגיות מילקה וואפל במילוי קרם קקאו 150 ג,מונדליז סי.אר. ביסקו,,מילקה וואפל במילוי קרם קקאו 150 גרם,גרמים,150.00,100 גרם,false,1,16.90,11.2667,true,1,130514
7622210637994,false,"אוראו ביס קראנצי אורגינל, 110 גרם",מונדלז אספניה ג'לאטס,ES,אוראו קראנצי בייטס 110 גרם,גרמים,110.00,100 גרם,false,1,8.90,8.0909,true,1,129977
7622210638021,false,אוראו ביס קראנ'צי בציפוי שוקולד 110 גרם,מונדלז אספניה ג'לאטס,ES,אוראו קראנצ'י בייטס מצופים 110 גרם,גרמים,110.00,100 גרם,false,1,8.90,8.0909,true,1,129978
7622210826053,false,שוקולד מילקה אוראו סנדוויץ 92 גר',גיאורי קאקסז קייאףטי,HU,שוקולד מילקה אוראו סנדביץ 92 גרם,גרמים,92.00,100 גרם,false,1,6.90,7.5000,true,1,129695
7622210835338,false,עוגיות אוראו בראוניז 176 ג',מנדלז אספנה גאלטס פר,ES,עוגיות אוראו בראוניז 176 גרם,גרמים,176.00,100 גרם,false,1,9.90,5.6250,true,1,122339
7622300270506,false,מילקה גריינס - עוגיות שיבולת שועל מצופות שוקולד 168 ג',מונדלז פולסקה פרודקש,PL,עוגיות שיבולת שועל מצופות 168 גרם,גרמים,168.00,100 גרם,false,1,13.90,8.2738,true,1,79964
7622300315283,false,"עוגיות אוראו וניל, כשרות בד""ץ, 154 גרם","מונדלז CR פרודקשיין,",UA,"אוראו וניל בד""צ 154 גרם",גרמים,154.00,100 גרם,false,1,7.90,5.1299,true,1,137519
7622300340285,false,גבינת שמנת 22% שומן 175 ג' פילדלפיה,מונדלז דויצ'לנד פרוד,DE,גבינת שמנת 21% שומן,גרמים,175.00,100 גרם,false,1,14.90,8.5143,true,1,118228
7622300340292,false,גבינת שמנת 11% שומן 175 ג' פילדלפיה,מונדלז דויצ'לנד פרוד,DE,גבינת שמנת מופחתת שומן 11% שומן,גרמים,175.00,100 גרם,false,1,14.90,8.5143,true,1,118229
7622300489427,false,עוגיות אוראו בציפוי שוקולד לבן 246 גרם,מנדלז אספנה גאלטס פר,ES,עוגיות אוראו בציפוי בטעם שוקולד לבן 246 גר',גרמים,246.00,100 גרם,false,1,17.90,7.2764,true,1,117636
7622300489434,false,"עוגיות אוראו פאדג' בציפוי שוקולד חלב, 246 גרם",מנדלז אספנה גאלטס פר,ES,עוגיות אוראו פאדג שוקולד חלב 246 גרם,גרמים,246.00,100 גרם,false,1,17.90,7.2764,true,1,117637
7622300503079,false,מילקה מוו - ביסקוויט מצופה שוקולד חלב 200 ג',מונדלז פולסקה פרודקש,PL,מילקה מו עוגיות ביסקוויט בציפוי שוקולד 200 גר',גרמים,200.00,100 גרם,false,1,13.90,6.9500,true,1,80050
7622300617820,false,שוקלד מילקה טבלת חלב אוראו 100ג',מנדלז דויצ'לנד סנקס,DE,מילקה אוראו 100 גרם,גרמים,100.00,100 גרם,false,1,6.90,6.9000,true,1,88415
7622300761363,false,עוגיות אוראו מיני כוסות בטעם שוקו 67 ג',פי.טי. מונדלז אינדונ,ID,אוראו מיני כוסות בטעם שוקולד 61.3 גרם,גרמים,67.00,100 גרם,false,1,6.90,10.2985,true,1,104357
7622400005190,false,שוקולד חלב נגיעות שוקולד לבן מילקה 100 ג,מנדלז דויצ'לנד סנקס,DE,שוקולד חלב חום לבן מילקה 100 גרם,גרמים,100.00,100 גרם,false,1,6.90,6.9000,true,1,60188
7640175743451,false,משקה כוהלי על בסיס גין בומביי ספייר 250מ,בקרדי מרטיני,BE,פחית גין בומביי טוניק 250 מל,מיליליטרים,250.00,"100 מ""ל",false,1,14.90,5.9600,true,1,137489
7702018271788,false,"דאו גילט SPORT קליר גל 70 מ""ל",פרוקטר אנד גמבל,PL,Gillette Clear Gel AP Deo Stick Triumph,ליטרים,70.00,ליטר,false,1,16.90,0.2414,true,1,89864
7702018366286,false,ונוס סכיני גילוח סימפלי ידית ושלושה סכינים 3 להבים,פרוקטל אנד גמבל,MD,סכין סימפלי ונוס אישה,לא מנהל יחידת מידה,0.00,לא מנהל יחידת מידה,false,1,22.90,0.0000,true,1,125588
7702018405145,true,גילט גל גילוח סירייס,P&G,DE,"ג'ילט סירייס ג'ל גילוח להגנה 200 מ""ל.",Unknown,0.00,Unknown,false,1,13.90,0.0000,true,1,134333
7702018462032,false,סכיני גילוח גילט מאך 3 רביעייה,פרוקטור אנד גמבל,DE,גילט מאך 3 רביעיות סטארט,יחידה,1.00,יחידה,false,1,29.90,29.9000,true,1,128002
7702018980925,false,"קצף גילוח לעור רגיל 200 מ""ל ג'ילט",קימברלי,GB,"קצף גילוח גילט לעור רגיל 200 מ""ל",מיליליטרים,200.00,"100 מ""ל",false,1,9.90,4.9500,true,1,142224
7702018980932,false,"קצף גילוח לעור רגיש 200 מ""ל ג'ילט",קימברלי,GB,"קצף גילוח גילט לעור רגיש 200 מ""ל",מיליליטרים,200.00,"100 מ""ל",false,1,9.90,4.9500,true,1,142225
7702024258322,false,חטיפי קרקר עם חיטה מלאה צ'יה ופשתן 234 ג' פיטנס,יוליניבר,CO,פיטנס חטיפי קרקר ציה ופישתן 234 גרם,גרמים,234.00,100 גרם,false,1,12.90,5.5128,true,1,127856
7792860006218,false,1X48X24G בייבי דול רביעיה,גוד פוד פרודקטס S.p,AR,"סוכריות בייבי דול, 24 גרם",גרמים,20.00,100 גרם,false,1,2.60,13.0000,true,1,9397
7860001950048,false,פותחן שמן סט 5 יח,אודס,,פותחן שמן סט 5 יח,יחידה,1.00,יחידה,false,1,8.90,8.9000,true,1,91678
7860001950420,false,מאריך ברז,פורטונה,,מאריך ברז,יחידה,1.00,יחידה,false,1,8.90,8.9000,true,1,94024
7860001950468,false,מקלף ירקות,YIWO,,מקלף ירקות,יחידה,1.00,יחידה,false,1,6.90,6.9000,true,1,92671
7860001952851,false,סט תפירה גדול/קטן,אודס,,סט תפירה גדול/קטן,יחידה,0.00,יחידה,false,1,9.90,0.0000,true,1,91676
7891024179482,false,"שטיפת פה קולגייט אופטיק וייט 500מ""ל",יבואן ומשווק: ש. שסט,PL,קולגייט מי פה אופטיק וייט 500 מל,מיליליטרים,500.00,"100 מ""ל",false,1,31.90,6.3800,true,1,88744
8000215204219,false,משקה אורז - אורגני 1 ליטר,בטר אנד דיפרנט,IT,משקה אורז אורגני 1 ליטר,ליטרים,1.00,ליטר,false,1,14.90,14.9000,true,1,71289
8000380003723,false,גרנד פטיסרי עוגיות וופל אגוזים 100ג',קריניציה ויטמינה אס,IT,ופל גרנד פטיסרי אגוזים 100 גרם,גרמים,100.00,100 גרם,false,1,12.90,12.9000,true,1,9510
8000380003754,false,עוגיות גרנד פטיסרי 100 קפוצינו,"כד בני דרום בע""מ",IT,גרנד פטיסרי קפוצינו 100 גרם,גרמים,100.00,100 גרם,false,1,12.90,12.9000,true,1,120908
8000380003761,false,וופל גרנדה פטיסרי קוקוס שוקולד 100ג',קריניציה ויטמינה אס,IT,לואקר גרנד פטיסרי קוקוס 100 גרם,גרמים,100.00,100 גרם,false,1,12.90,12.9000,true,1,9511
8000380004676,false,וופל לואקר קוביות וניל 200ג',"א. לואקר, קונפקט ג'י",AT,ופל סנדויץ קרם וניל לואקר 200 גרם,גרמים,200.00,100 גרם,false,1,14.90,7.4500,true,1,9512
8000380004911,false,וופל קוארדטיני לואקר קוביות אגוז 250ג'',קריניציה ויטמינה אס,AT,קוארדטיני אגוז 250 גר',גרמים,250.00,100 גרם,false,1,14.90,5.9600,true,1,9513
8000380004966,false,וופל קוארדטיני לואקר קוביות שוקולד 250ג',קריניציה ויטמינה אס,AT,קוארדטיני שוקולד 250 גר',גרמים,250.00,100 גרם,false,1,14.90,5.9600,true,1,9514
8000380007219,false,וופל לואקר אגוז קלאסי 175ג',א. לואקר,AT,לואקר קלאסיק אגוז 175 גרם,גרמים,175.00,100 גרם,false,1,11.90,6.8000,true,1,9515
8000380007257,false,וופל גרנדה מצופה שוקולד 200ג',קריניציה ויטמינה אס,IT,לואקר גרנדה אגוז 200 גר',גרמים,200.00,100 גרם,false,1,14.90,7.4500,true,1,9516
8000380007264,false,וופל לואקר קקאו 175 גרם,קריניציה ויטמינה אס,AT,לואקר קלאסיק קקאו 175 גרם,גרמים,175.00,100 גרם,false,1,11.90,6.8000,true,1,12710
8000380106028,false,טורטינה לואקר וופל שוקולד ואגוזים שישיה 125ג',קריניציה ויטמינה אס,IT,טורטינה 1/6 חדש,גרמים,125.00,100 גרם,false,1,22.90,18.3200,true,1,46011
8000380144044,false,וופל גרדנה לואקר שוקולד 200ג',"א. לואקר , AG/SpA, ו",IT,וופל במילוי קרם שוקולד מצופה שוקולד חלב,גרמים,200.00,100 גרם,false,1,14.90,7.4500,true,1,46013
8000380153442,false,ופל אגוז לואקר 90 גר,לואקר,IT,ופל אגוז לואקר 90 גרם,גרמים,90.00,100 גרם,false,1,7.90,8.7778,true,1,89660
8000380153466,false,ופל שוקולד לואקר 90,קריניציה ויטמינה אס,IT,ופל שוקולד לואקר 90 גרם,גרמים,90.00,100 גרם,false,1,7.90,8.7778,true,1,89654
8000380156573,false,בונבוניירה ורד דולומיטים בטעמים 150 גר,קריניציה ויטמינה אס,IT,דולומיטים חלב 100ג,גרמים,150.00,100 גרם,false,1,23.90,15.9333,true,1,109862
8000380180745,false,לואקר קוביות וופל קקאו עם קרם חלבי 250 ג,"א. לואקר, קונפקט ג'י",AT,ופל קואדרטיני שושו לבן 250 גרם,גרמים,250.00,100 גרם,false,1,14.90,5.9600,true,1,112089
8000380180837,false,גרנד פטיסרי עם קרם קוקוס מצופה שוק. 100,"אינסטנטה בע""מ",IT,גרנד פטיסרי במילוי קרם קוקוס ובציפוי שוק,גרמים,100.00,100 גרם,false,1,12.90,12.9000,true,1,112081
8000380187249,false,עוגיות במילוי קרם שקדים לואקר 100 גר,לואקר,AT,עוגיות לואקר שקדים 100גרם,גרמים,100.00,100 גרם,false,1,15.90,15.9000,true,1,129239
8000380187300,false,עוגיות חמאה עם שוקולד חלב לואקר 120 גר,לואקר,AT,עוגיות לואקר פתיתי שלג 120גרם,גרמים,120.00,100 גרם,false,1,15.90,13.2500,true,1,129240
8000380205523,false,וופל לואקר קלאסיק חמאת בוטנים 175 גר,א. לואקר,AT,לואקר חמאת בוטנים 175 גרם,גרמים,175.00,100 גרם,false,1,11.90,6.8000,true,1,140902
8000500009673,false,בונבוניירה פררו רושה 300 גרם,קדבורי,IT,בונבוניירה רושר 300 גרם,גרמים,300.00,100 גרם,false,1,49.90,16.6333,true,1,25402
8000500018828,false,קינדר אצבעות שוקולד חצי מטר 300 גר,קדבורי,IT,שוקולד קינדר חצי מטר 300 גרם T(8X3)X12,גרמים,300.00,100 גרם,false,1,25.90,8.6333,true,1,128275
8000500023624,false,שוקולד הפי היפו חטיף קינדר מארז 20.5X5ג',קדבורי,DE,קינדר הפי היפו קקאו 105 גר,גרמים,102.00,100 גרם,false,1,14.90,14.6078,true,1,46138
8000500023976,false,בונבוניירה רפאלו 150 גרם,פררו,PL,כדור וופל בציפוי קוקוס פריך במילוי קרם ושקד שלם,גרמים,150.00,100 גרם,false,1,19.90,13.2667,true,1,9517
8000500026731,false,שוקולד ביצי הפתעה קינדר שלישייה,קדבורי,IT,ביצת הפתעה קינדר שלישייה,גרמים,64.00,100 גרם,false,1,15.90,24.8438,true,1,9518
8000500094976,false,"בונבוניירה פררו רושר רושה קונוס, 212 גרם T17X4",פררו,IT,בונב.רושה קונוס 212 גרם,גרמים,212.00,100 גרם,false,1,39.90,18.8208,true,1,87406
8000500227848,true,נוטלה בי רדי שישיה 1,קדבורי,IT,נוטלה בי רדי שישיה 132 גרם,גרמים,132.00,100 גרם,false,1,13.90,10.5303,true,1,121091
8000500249352,false,קינדר בואנו מיני מיקס שקית 205 ג',קדבורי,PL,קינדר בואנו מיני מיקס,גרמים,205.00,100 גרם,false,1,21.90,10.6829,true,1,121097
8000500256213,false,קינדר שוקולד מיני 120 גרם,קדבורי,IT,קינדר שוקולד מיני 120 גרם,גרמים,120.00,100 גרם,false,1,12.90,10.7500,true,1,126680
8000500267035,true,קינדר דליס יחידה בוד,פררו,ZA,קינדר דליס יחידה בודדת,לא מנהל יחידת מידה,0.00,לא מנהל יחידת מידה,false,1,2.90,0.0000,true,1,121215
8000500267103,true,קינדר דליס עשיריה,קדבורי,IT,קינדר דליס עוגת ספוג קקאו במילוי חלבי 390 גרם,גרמים,390.00,100 גרם,false,1,20.90,5.3590,true,1,121090
8000500269169,false,קינדר קארדס חמישייה 128 גרם,פררו,IT,קינדר קארדס חמישיה 128 גרם,גרמים,128.00,100 גרם,false,1,13.90,10.8594,true,1,142262
8000500310397,false,נוטלה עוגיות נוטלה בגליל 12יח' - NUTELLA BISCUITTS,פררו,IT,נוטלה ביסקויט 166 גרם,גרמים,166.00,100 גרם,false,1,15.90,9.5783,true,1,143256
8000500359358,false,מארז שלישיית עוגיות נוטלה באריזה אישית - NUTELLA BISCUITTS,פררו,IT,נוטלה ביסקויט 41.4 גרם,גרמים,41.00,100 גרם,false,1,5.90,14.3902,true,1,143257
8000500366073,false,נוטלה עוגיות נוטלה בשקית 20 יח'- NUTELLA BISCUITTS,פררו,IT,נוטלה ביסקויט 276 גרם,גרמים,276.00,100 גרם,false,1,21.90,7.9348,true,1,143258
8000500374429,false,בונבוניירה פררו גרנד רושר 125 גר,פררו,IT,מעטפת שוקולד חלב אגוזי לוז 100 גר,גרמים,100.00,100 גרם,false,1,14.90,14.9000,true,1,137686
8000500386941,false,"ממרח קקאו עם אגוזי לוז, 900 גרם",קדבורי,IT,ממרח אגוזי לוז עם קקאו נוטלה 900גרם,גרמים,900.00,100 גרם,false,1,33.90,3.7667,true,1,140441
8001090016003,true,פיירי טב למדיח 84 יח,קדבורי,BE,פיירי אוריגינל קפסולות למדיח כלים 84 יחידות,Unknown,0.00,Unknown,false,1,59.90,0.0000,true,1,133134
8001090222428,true,הרבל אסנסס שמפו חלב,פרוקטר אנד גמבל,FR,הרבל אסנסס שמפו חלב קוקוס,Unknown,0.00,Unknown,false,1,19.90,0.0000,true,1,134340
8001090705600,false,טמפקס קומפאק רגולר 1,פרוקטל אנד גמבל,HU,טמפקס קומפאק רגולר 18 יח,יחידה,18.00,יחידה,false,1,25.90,1.4389,true,1,142673
8001090705662,false,טמפקס קומפאק סופר 18,פרוקטל אנד גמבל,HU,טמפקס קומפאק סופר 18 יח,יחידה,18.00,יחידה,false,1,25.90,1.4389,true,1,142674
8001090705723,false,טמפקס קומפאק סופר פל,פרוקטל אנד גמבל,HU,טמפקס קומפאק סופר פלוס 18 יח,יחידה,18.00,יחידה,false,1,25.90,1.4389,true,1,142675
8001090810083,false,פנטן קונדישנר נוסחה,פרוקטר אנד גמבל,RO,"פנטן קונדישנר נוסחה קלאסית 500 מ""ל",מיליליטרים,500.00,"100 מ""ל",false,1,18.90,3.7800,true,1,120175
8001090810205,false,"שמפו פנטן נוסחה קלאסית 500 מ""ל",פרוקטר אנד גמבל,RO,"פנטן שמפו נוסחה קלאסית 500 מ""ל",מיליליטרים,500.00,"100 מ""ל",false,1,18.90,3.7800,true,1,120174
8001090833167,false,גל כביסה אריאל בניחוח הרים 2.365 ליטר,פרוקטור אנד גמבל,FR,אריאל גל כביסה ניחוח הרים 2.365 ליטר,ליטרים,2.37,ליטר,false,1,36.90,15.5696,true,1,121175
8001090833198,false,אריאל נוזל כביסה 2.47 ליטר ניחוח מרענן,פרוקטור אנד גמבל,FR,אריאל ג'ל כביסה ניחוח מרענן 2.365 ליטר,ליטרים,2.37,ליטר,false,1,36.90,15.5696,true,1,121176
8001505000306,true,מעדן פירות יער אורגנ,אף.סי תבליני בגליל ב,IT,אורגניכ פארמינג מעדן פירות יער 250 גרם,גרמים,250.00,100 גרם,false,1,20.90,8.3600,true,1,124268
8001505000320,false,מעדן תותי יער אורגני 250 ג FIORDIFRUTTA,אף.סי תבליני בגליל ב,IT,מעדן תותים ותותי בר אורגני ללא סוכר 250,גרמים,250.00,100 גרם,false,1,21.90,8.7600,true,1,98060
8001620015612,false,"משקה פירוט בטעם גזר תפוז לימן 400 מ""ל פרוטה",אקווה מינרלה סאן בנד,IT,משקה פירות פרוטה בטעם תפוז גזר לימון,מיליליטרים,400.00,"100 מ""ל",false,1,8.50,2.1250,true,1,130911
8001620015636,false,"סן בנדטו מיקס פירות 400 מ""ל",אקווה מינרלה סאן בנד,IT,משקה פירות פרוטה בטעם מיקס פירות,מיליליטרים,400.00,"100 מ""ל",false,1,8.50,2.1250,true,1,130912
8001620019177,false,"סן בנדטו ענבים 400 מ""ל 12 יח'",אקווה מינרלה סאן בנד,IT,סן בנדטו ענבים 400,מיליליטרים,400.00,"100 מ""ל",false,1,8.50,2.1250,true,1,142037
8001841237657,false,מגן תחתון אולוויז פר,פרוקטר & גמבל,DE,מגן תחתון אולוויז פרש נורמל 72 יח,יחידה,72.00,יחידה,false,1,18.90,0.2625,true,1,141432
8001841716596,false,"הד אנד שולדרס ג'ל רחצה ושמפו מרענן 360 מ""ל","נארז ע""י : א.ג. גילר",FR,"הד שולדרס גל רחצה ושמפו מרענן 360 מ""ל",מיליליטרים,360.00,"100 מ""ל",false,1,19.90,5.5278,true,1,132231
8001841722481,false,מגן תחתון אולוויז פר,פרוקטר & גמבל,DE,מגן תחתון אולוויז פרש נורמל 54 יח,יחידה,54.00,יחידה,false,1,14.90,0.2759,true,1,141433
8001841958460,false,פיירי טבליות למדיח 48 יחידות,פרוקטר אנד גמבל,BE,פיירי טבליות למדיח 48 יחידות,לא מנהל יחידת מידה,0.00,לא מנהל יחידת מידה,false,1,44.90,0.0000,true,1,131836
8001841960081,false,טבליות למדיח פלטינום פיירי 37 יחידות,פרוקטר אנד גמבל,BE,פיירי טבליות למדיח פלטינום 37 יחידות,לא מנהל יחידת מידה,0.00,לא מנהל יחידת מידה,false,1,44.90,0.0000,true,1,131837
8002910004798,false,פיניש מפיג ריח למדיח,פיניש,,פיניש מפיג ריחות סטרופרש למדיח,Unknown,0.00,Unknown,false,1,15.90,0.0000,true,1,9624
8002920016903,false,LADORIA עגבניות מרוס,,IT,LADORIA עגבניות מרוסקות שלישיה 400גרם,גרמים,400.00,100 גרם,false,3,15.90,3.9750,true,1,140025
8003385312883,false,אנטונלה רוטב שקשוקה,אנטונלה,IT,אנטונלה רוטב שקשוקה 680 גרם,גרמים,680.00,100 גרם,false,1,14.90,2.1912,true,1,138748
8003385312906,false,אנטונלה רוטב שקשוקה,אנטונלה,IT,אנטונלה רוטב שקשוקה חריפה 680 גרם,גרמים,680.00,100 גרם,false,1,14.90,2.1912,true,1,138749
8003385312920,false,אנטונלה רוטב ארביאטה,אנטונלה,IT,אנטונלה רוטב ארביאטה 680 גרם,גרמים,680.00,100 גרם,false,1,14.90,2.1912,true,1,138751
8003385401501,false,אנטונלה עגבניות טחון,אנטונלה,IT,אנטונלה עגבניות טחון דק 680 גרם,גרמים,680.00,100 גרם,false,1,12.90,1.8971,true,1,138746
8003753158556,false,קפסולות אספרסו קלאסיקו 10 * 57 ג' אילי,ג'ייקובס דאו אגרבטס,FR,קפסולות אספרסו קלאסיקו ILLY 10יח 57גרם,גרמים,57.00,100 גרם,false,1,19.90,34.9123,true,1,126788
8003753158587,false,אילי קפסולות אספרסו פורטה 10 יח' 57 גרם,ג'ייקובס דאו אגרבטס,FR,קפסולות קפה פורטה,גרמים,57.00,100 גרם,false,1,19.90,34.9123,true,1,126790
8003753158617,false,אילי קפסולות אספרסו לונגו קלאסיקו 10 יח' 57 גרם,ג'ייקובס דאו אגרבטס,FR,קפסולות קפה לונגו,גרמים,57.00,100 גרם,false,1,19.90,34.9123,true,1,126791
8003753158648,false,אילי קפסולות אספרסו אינטנסו 10 יח' 57 גר',ג'ייקובס דאו אגרבטס,FR,קפסולות קפה אינטנסו,גרמים,57.00,100 גרם,false,1,19.90,34.9123,true,1,126789
8004030022010,false,ירקות גינה עם טונה ריו מרה אינסלטיסימי 160 ג',"בולטון אלימנטרי בע""מ",IT,ריו מר ירקות גינה עם טונה 160 גרם,גרמים,160.00,100 גרם,false,1,18.50,11.5625,true,1,110316
8004030026018,false,"מקסיקני עם טונה ריו מרה אינסלטיסימי, 160 ג'","בולטון אלימנטרי בע""מ",IT,ריו מרה ירקות בנוסח מקסיקני עם טונה 160 גרם,גרמים,160.00,100 גרם,false,1,18.50,11.5625,true,1,110315
8004030081024,false,טונה בשמן זית שום ופלפל ריו מרה 160 גרם,"בולטון אלימנטרי בע""מ",IT,ריו מר נתחי טונה בהירה בשמן זית ופלפל 160 גרם,גרמים,160.00,100 גרם,false,1,18.50,11.5625,true,1,9654
8004030344938,false,טונה בשמן זית ריו מרה שלישיה * 80 ג',"בולטון אלימנטרי בע""מ",IT,ריו מרה נתחי טונה בהירה בשמן זית 240 גרם,גרמים,240.00,100 גרם,false,1,27.90,11.6250,true,1,112485
8005469981602,false,פילה אנשובי איטלקי ש.חמניות 80 גר SCALIA,,,פילה אנשובי איטלקי שמן חמניות 75 גרם,גרמים,75.00,100 גרם,false,1,15.90,21.2000,true,1,110092
8006050090239,false,"חומץ בלסמי ממודנה מאצטי אורגני 500 מ""ל",יבואן ומשווק: ש. שסט,IT,מאצטי אורגינל חומץ בלסמי ממודנה 500 מל,מיליליטרים,500.00,"100 מ""ל",false,1,27.90,5.5800,true,1,118074
8006227001372,false,סמנצאטו לחם לבן שמן זית ללא קשה 400 גר,רו. מאר ס.ר.ל,IT,סמנצאטו לחם מחמצת לבן משמן זית 400 גרם ל,גרמים,250.00,100 גרם,false,1,18.90,7.5600,true,1,138310
8006540112823,false,"לנור מרכך כביסה מרוכז בניחוח האוקיינוס 900 מ""ל",פרוקטר אנד גמבל,FR,לנור מרכך מרוכז אוקיינוס 900מל,מיליליטרים,900.00,"100 מ""ל",false,1,16.90,1.8778,true,1,137330
8006540221068,false,אולוויז מגן תחתון וליופק לונג פלוס 40 יח,פרוקטר,DE,מגן תחתון אולוויז וליופק לונג פלוס 40 יחידות,יחידה,40.00,יחידה,false,1,19.90,0.4975,true,1,142303
8006540221341,false,אולוויז מגן תחתון וליופק לארג' 48 יחידות,,DE,מגן תחתון אולוויז לארג 48 יח,יחידה,1.00,יחידה,false,1,19.90,19.9000,true,1,139938
8006540425930,false,אריאל קפסולות לכביסה ג'ל 24 יח' לכתמים קשים,פרוקטר & גמבל,FR,אריאל קפסולות לכביסה לכמים קשים 24 יחיד,לא מנהל יחידת מידה,0.00,לא מנהל יחידת מידה,false,1,39.90,0.0000,true,1,138977
8006540592496,false,תחבושות אולוויז אולטרא כפול לילה 20 יח,פרוקטר,DE,תחבושות אולוייז כפול לילה 20,יחידה,20.00,יחידה,false,1,19.90,0.9950,true,1,140729
8007178120310,false,"חומץ בלסמי ג'קובזי 500 מ""ל",פטורייה ג'יאקובאזי ס,IT,"חומץ בלסמי ממודנה 500 מ""ל",מיליליטרים,500.00,"100 מ""ל",false,1,21.90,4.3800,true,1,9708
8008660210021,false,מעדן ריבה מנץ אנד גאססר דובדבן 300 גר,שוורצקוף& הנקל דיסלד,IT,מנז אנד גאסר מעדן דובדבן 320 גרם,גרמים,300.00,100 גרם,false,1,15.90,5.3000,true,1,111421
8010024006010,false,חמאת שקדים 100% 350 גרם השקד,תות תעשיות מזון (201,IT,חמאת שקדים,גרמים,350.00,100 גרם,false,1,42.90,12.2571,true,1,113971
8024985008051,false,סמוזי נטורה נובה סמוצי פירות אדומים 100,"נטורפוד בע""מ",IT,סמוצ'י פירות אדומים אורגניים 100 גרם,גרמים,100.00,100 גרם,false,1,6.50,6.5000,true,1,102560
8032804430471,false,פליסיה פסטה סדניני עדשים אורגני 250 גרם,אף.סי תבליני בגליל ב,IT,פסטה מקמח עדשים אדומות פליסיה 250 גרם,גרמים,250.00,100 גרם,false,1,14.90,5.9600,true,1,113993
8032880800243,false,מקלות אפויים עם ממרח+הפתעה,"הוסטה איטליה, ס.ר.ל.",IT,פיקניק הפתעה - אגוזי לוז ומקלות אפויים,גרמים,50.00,100 גרם,false,1,10.50,21.0000,true,1,45925
8076800195033,false,ברילה - צ.א ספגטיני מס3 חדש 500 גרם,ברילה גי.אי.אר פרטלי,IT,ברילה ספגטי מספר 3 500 גרם,גרמים,500.00,100 גרם,false,1,6.90,1.3800,true,1,9874
8076800195057,false,ברילה - צ.א ספגטי מס5 חדש 500 גרם,ברילה גי.אי.אר פרטלי,IT,ברילה ספגטי מס' 5 500 גרם,גרמים,500.00,100 גרם,false,1,6.90,1.3800,true,1,9875
8076802085738,false,ברילה - צ.ק פנה רגטה חדש 500 גרם,ברילה גי.אי.אר פרטלי,IT,ברילה פנה רגטה מס 73 500 גרם,גרמים,500.00,100 גרם,false,1,6.90,1.3800,true,1,9881
8076802085837,false,ברילה - צ.ק טורטליוני מס83 500 גרם,הנסיך- מפעל לייצור ט,IT,פסטה ברילה טורטיליוני מס 83 500 גרם,גרמים,500.00,100 גרם,false,1,6.90,1.3800,true,1,9882
8076802085936,false,ברילה - פסטה קונצילה ריגטה 500 גרם,ברילה גי.אי.אר פרטלי,IT,ברילה פסטה פתיתים - קונצילה ריגטה 500 גרם,גרמים,500.00,100 גרם,false,1,6.90,1.3800,true,1,9884
8076802085981,false,ברילה - צ.ק פוזילי חדש 500 גרם,ברילה גי.אי.אר פרטלי,IT,ברילה פסטה פתיתים פוזילי 500 גרם,גרמים,500.00,100 גרם,false,1,6.90,1.3800,true,1,9885
8076808060654,false,ברילה - צ.ק פרפלה חדש 500 גרם,ברילה גי.אי.אר פרטלי,IT,ברילה פסטה פתיתים פרפלה 500 גרם,גרמים,500.00,100 גרם,false,1,6.90,1.3800,true,1,9888
8076808070882,false,פסטה ברילה קנלוני מס'88 250ג',פאסטיפיקו ריגו אס.אר,IT,פסטה ברילה קנלוני מס 88 250 גרם,גרמים,250.00,100 גרם,false,1,14.90,5.9600,true,1,9889
8076808150072,false,ברילה - צ.א ספגטוני מס7 חדש 500 גרם,ברילה גי.אי.אר פרטלי,IT,ברילה ספגטי מספר 7 500 גרם,גרמים,500.00,100 גרם,false,1,6.90,1.3800,true,1,9890
8076809513395,false,רוטב פסטה ברילה פורמודרו 400ג',ברילה גי.אי.אר פרטלי,IT,ברילה רוטב עגבניות קלאסי 400 גרם,גרמים,400.00,100 גרם,false,1,13.90,3.4750,true,1,9895
8076809513692,false,רוטב עגבניות נפולטנה בתוספת ירקות,ברילה גי.אי.אר פרטלי,IT,ברילה רוטב עגבניות עם ירקות שורש לפסטה 400 גרם,גרמים,400.00,100 גרם,false,1,13.90,3.4750,true,1,9896
8076809513739,false,רוטב פסטה ברילה בזיליקום 400 ג',ברילה גי.אי.אר פרטלי,IT,ברילה רוטב עגבניות עם בזיליקום לפסטה 400 גרם,גרמים,400.00,100 גרם,false,1,13.90,3.4750,true,1,35110
8076809523561,false,רוטב עגבניות עם עשבי תיבול 400 ג' ברילה,ברילה גי.אי.אר פרטלי,IT,ברילה רוטב טוסקנה לפסטה 400 גרם,גרמים,400.00,100 גרם,false,1,13.90,3.4750,true,1,55390
8076809529419,false,ספגטי מחיטה מלאה מס' 5 500 ג' ברילה,ברילה גי. אי. אר פרט,IT,ספגטי מחיטה מלאה 500 גרם,גרמים,500.00,100 גרם,false,1,13.90,2.7800,true,1,36532
8410076800633,false,קראנצ'י חטיף 18 יח' שבבי שוקולד,ג'נרל מילס,,קראנצי שיבולת שועל ושוקולד מריר,גרמים,42.00,100 גרם,false,1,4.90,11.6667,true,1,106532
8410104035112,false,"נוזל הברקה פיניש למדיח 500מ""ל",,,"פיניש נוזל הברקה למדיח 400 מ""ל",מיליליטרים,400.00,"100 מ""ל",false,1,21.90,5.4750,true,1,10219
8410104045111,false,"פיניש מלח למדיח כלים 2ק""ג",פ.פ.ח. שאביט,IL,פיניש מלח למדיח כלים 2 קג,קילוגרמים,2.00,"ק""ג",false,1,14.90,7.4500,true,1,10222
8410179100043,false,BORGES שמן זית כתית,בורחס אגריקולטורל וא,ES,"BORGES שמן זית כתית מעולה 750 מ""ל",מיליליטרים,750.00,"100 מ""ל",false,1,36.90,4.9200,true,1,125020
8410182420114,false,בצלצלי פנינה בחומץ 370 גר,דליסיאס,,בצלצלי פנינה בחומץ 370 גרם,גרמים,370.00,100 גרם,false,1,11.90,3.2162,true,1,68779
8410793282934,false,בירה אסטרייה דאם בקב,"סי סי דאם, אס.אל, בר",ES,"אסטרייה דאם בקבוק בודד 330 מ""ל",מיליליטרים,330.00,"100 מ""ל",false,1,11.90,3.6061,true,1,69317
8423207206488,false,חטיף דגנים מלאים מצופה שוקולד חלב 120 גר,אף.סי תבליני בגליל ב,ES,חטיף דגנים סלים דליס שוקולד חלב 120 גרם,גרמים,120.00,100 גרם,false,1,13.90,11.5833,true,1,101629
8423207207362,false,חטיף דגנים סלים דליס שוקולד לבן 120 גר,ביסנצ'ורי אס.אל.יו,ES,סלים דליס שוקולד לבן 120 גרם,גרמים,120.00,100 גרם,false,1,13.90,11.5833,true,1,101632
8423207208260,false,מרבה סלים דליס 125 ג' ללא גלוטן שוקולד חלב,ביסנצ'ורי אס.אל.יו,ES,חטיף דגנים סלים דליס ש.חלב ללא גלוטן,גרמים,78.00,100 גרם,false,1,13.90,17.8205,true,1,112032
8423207208680,false,מרבה חטיפי סלים דליס לילדים שוקולד חלב,ביסנצ'ורי אס.אל.יו,ES,סלים דליס קידס חטיף דגנים מצופה שוקולד חלב 120 גר',גרמים,182.00,100 גרם,false,1,13.90,7.6374,true,1,110818
8423207208703,false,מרבה חטיפי סלים דליס לילדים שוקולד מריר,ביסנצ'ורי אס.אל.יו,ES,סלים דליס חטיף דגנים שוקולד מריר 120 גרם,גרמים,182.00,100 גרם,false,1,13.90,7.6374,true,1,110820
8423371000462,false,קוקטייל מיקס סאליסול 50 גרם,SALTS OK,ES,סאליסול טו גו קוקטיל מיקס,גרמים,50.00,100 גרם,false,1,5.90,11.8000,true,1,125190
8423371000516,false,בוטנים ושקדים מקורמלים 50 גרם,,ES,פיצוחים בפחית טו גו בוטנים ושקדים מקורמל,גרמים,50.00,100 גרם,false,1,5.90,11.8000,true,1,127261
8423371000653,false,פיצוחים בפחית טו גו,SALTS OK,ES,סאליסול טו גו בוטנים עם דבש ומלח,גרמים,50.00,100 גרם,false,1,5.90,11.8000,true,1,125193
8423371005078,false,מיקס פיקנטי סאליסול 50 גרם,SALTS OK,ES,סאליסול טו גו מיקס פיקנטי,גרמים,50.00,100 גרם,false,1,5.90,11.8000,true,1,125192
8423371005795,false,קאנטרי מיקס סאליסול 45 גרם,SALTS OK,ES,סאליסול טו גו קאנטרי מיקס,גרמים,45.00,100 גרם,false,1,5.90,13.1111,true,1,125189
8425206000081,false,ריבת חלב מרדל 450 גרם,כלורוקס אוקלנד,ES,מרדל ריבת חלב 450 גרם,גרמים,450.00,100 גרם,false,1,19.90,4.4222,true,1,99142
8595134503302,false,"פילטר ארוך 6 מ""מ.",,,פילטר 6 ארוך,Unknown,0.00,Unknown,false,1,6.50,0.0000,false,1,121608
8595134503975,false,נייר גלגול בינוני כולל פילטר PIH,,,נייר בינוני כולל פילטר,לא מנהל יחידת מידה,0.00,לא מנהל יחידת מידה,false,1,6.00,0.0000,false,1,126360
8606018615827,false,גלידת וניל עם שברי עוגיות אוראו 480 ג',נסטלה,IL,פיינט אוראו 480גרם,גרמים,480.00,100 גרם,false,1,22.90,4.7708,true,1,139693
8606018615841,false,גלידת וניל עם ליבת שוקולד חלב 480 ג' מילקה,נסטלה,IL,פיינט מילקה וניל ליבת שוקולד 480גרם,גרמים,480.00,100 גרם,false,1,22.90,4.7708,true,1,139694
8606018615865,false,פיינט מילקה קרמל ליבת שוקולד 480 גרם,נסטלה,IL,פיינט מילקה קרמל ליבת שוקולד 480גרם,גרמים,480.00,100 גרם,false,1,22.90,4.7708,true,1,139695
8683130012666,false,מגנום דאבל לבן עוגיות 200 גרם,"מיוצר ע""י יונילוור ס",TR,מגנום דאבל לבן עוגיות 74 גרם,גרמים,74.00,100 גרם,false,1,11.90,16.0811,true,1,140027
8690637007705,false,מסטיגם וניל מסטיק על מקל ללא סוכר,"מיוצר ע""י יוניליוור",TR,שלגון מסטיגם 80 גרם,גרמים,80.00,100 גרם,false,1,6.90,8.6250,true,1,121355
8690637505614,false,"מרכך כביסה בדין אקסטרה פינוק קוקוס 960 מ""ל",יוניליוור סנאיי וי ט,TR,"בדין אקסטרא מרכך פינוק קוקוס 960 מ""ל",מיליליטרים,960.00,"100 מ""ל",false,1,19.90,2.0729,true,1,137538
8690637555084,false,מרכך כביסה בדין אקסטרא פריחת תפוז 960 מל,יוניליוור סנאיי וי ט,TR,בדין מרכך כביסה אקסטרה פריחת התפוז,מיליליטרים,960.00,"100 מ""ל",false,1,19.90,2.0729,true,1,63572
8690637842382,false,מגנום דאבל פרי יער שטראוס 82 גר,"מיוצר ע""י יונילוור ס",TR,מגנום וניל פירות יער,גרמים,85.00,100 גרם,false,1,11.90,14.0000,true,1,116843
8690637842399,false,מאגדת מגנום מיני דאבל פרי יער שוקולד 6 יח' נסטלה,יוניליוור סנאי וי סי,TR,מאגדת מיני מגנום 1/6 329 גרם דאבל פרי יע,גרמים,379.00,100 גרם,false,1,32.90,8.6807,true,1,116844
8690637890666,false,מאגדת מגנום מיני דאבל פיסטוק 6 יח' שטראוס,יוניליוור סנאיי וי ט,TR,מאגדת מיני מגנום 1/6 329 גרם דאבל פיסטוק,גרמים,282.00,100 גרם,false,1,32.90,11.6667,true,1,122968
8690637989612,false,מאגדת מיני מגנום דולצה גולד 6 יח 246 גרם,יונילוור סנאיי וי טי,TR,מגנום מיני דאבל דולצה גולד 246גרם,גרמים,246.00,100 גרם,false,1,32.90,13.3740,true,1,130928
8690637989629,false,מגנום דאבל דולצה גולד 63 גרם,יונילוור סנאיי וי טי,TR,מגנום שלגון מגנום דאבל דולצ'ה גולד 63 גרם,גרמים,63.00,100 גרם,false,1,11.90,18.8889,true,1,130543
8690637997914,false,מגנום וניל שקדים כוס אישית 57 גרם,יונילוור סנאיי וי טי,TR,מגנום כוס אישי שמנת ונ.שקדים 76גרם,גרמים,76.00,100 גרם,false,1,7.90,10.3947,true,1,137689
8690637997921,false,גלידת שמנת וניל קלאסיק בכוס אישית 63 גרם,יונילוור סנאיי וי טי,TR,מגנום כוס אישי שמנת וניל 81 גרם,גרמים,81.00,100 גרם,false,1,7.90,9.7531,true,1,137690
8690784312448,false,גלייד מארז אוטומטי מ,המאפיה של הרמן,TR,גלייד מכשיר אוטומטי בניחוח מרכך כביסה 175 גרם,Unknown,0.00,Unknown,false,1,49.90,0.0000,true,1,109950
8690784315227,false,גלייד מארז אוטומטי מ,coster aerosol vail,TR,גלייד מארז אוטומטי מעוצב לבנדר וניל 400ג,Unknown,0.00,Unknown,false,1,49.90,0.0000,true,1,109949
8691530924670,false,רכז רימונים טבעי 345 גר,נטורסן,TR,סירופ רימונים נטורסאן 345 גרם,גרמים,345.00,100 גרם,false,1,19.90,5.7681,true,1,85264
8693495052931,false,מברשות שיניים קולגייט אדוונס 360 זוג,CP UK,CN,קולגייט זוג מברשות 360 אדוונס,מטרים,1.00,מטר,false,1,33.90,33.9000,true,1,134380
8697418280111,false,עלי טורטייה 25 סמ 840 גרם LAVALIA,רמירז,,"עלי טורטייה 25 ס""מ 840 גרם",גרמים,840.00,100 גרם,false,1,27.60,3.2857,true,1,51698
8697418280173,false,עלי טורטייה מחיטה מלאה 840 גרם LAVALIA,פרינסס גידה,TR,"עלי טורטייה מחיטה מלאה 25 ס""מ 840 גרם",גרמים,840.00,100 גרם,false,1,27.60,3.2857,true,1,52589
8697480070177,false,פסטה מחיטת דורום ספגטי 400 ג' האופה Spaghetti,בסאן מקרנה,TR,פסטה ספגטי האופה 400 גרם,גרמים,400.00,100 גרם,false,1,4.50,1.1250,true,1,142667
8697480070207,false,פסטה מחיטת דורום מסולסלת 400 ג' האופה Fusilli,בסאן מקרנה,TR,פסטה מסולסלת האופה 400 גרם,גרמים,400.00,100 גרם,false,1,4.50,1.1250,true,1,142669
8697480070214,false,פסטה מחיטת דורום פנה Penne 400 ג' האופה,בסאן מקרנה,TR,פסטה פנה האופה 400 גרם,גרמים,400.00,100 גרם,false,1,4.50,1.1250,true,1,142670
8697530910743,false,סיגריות פאל מאל כחול קצר מטאליק,BAT,,סיגריות פאל מל כחול חפיסה בודד,יחידה,1.00,יחידה,false,1,31.40,31.4000,false,1,46641
8697530910750,false,סיגריות פאל מאל כחול ארוך האוס,BAT,,סיגריות פאל מל כחול ארוך חפיסה בודד,יחידה,0.00,יחידה,false,1,31.40,0.0000,false,1,46642
8697530910781,false,סיגריות פאל מאל אדום מטאליק,BAT,,סיגריות פאל מל אדום חפיסה בודד,יחידה,1.00,יחידה,false,1,31.40,31.4000,false,1,46643
8697530911276,false,סיגריות קנט קצר חפיס,BAT,,סיגריות קנט קצר חפיסה בודד,יחידה,1.00,יחידה,false,1,38.40,38.4000,false,1,47870
8710447231807,false,סיף תרסיס לניקוי מטב,יוניליוור,GB,סיף תרסיס לניקוי מטבח 450 מל,ליטרים,450.00,ליטר,false,1,12.90,0.0287,true,1,140744
8710502064814,false,עוגיות מרבה שוקולד ציפס במרקם רך 175 גר,בנקטבקריי מרבה בי.וי,NL,מרבה עוגיות שוקולד צ'יפס במרקם רך 175 גרם,גרמים,225.00,100 גרם,false,1,9.90,4.4000,true,1,106745
8710502139017,false,עוגיות מרבה טריפל שוקולד שוקוצ'יפס 180ג',בנקטבקריי מרבה בי.וי,NL,מרבה עוגיות טריפל שוקולד ציפס,גרמים,180.00,100 גרם,false,1,9.90,5.5000,true,1,72421
8710502194801,false,מרבה עוגיות שוקולד ציפס פירות יער 175 גר,בנקטבקריי מרבה בי.וי,NL,מרבה עוגיות שוקולד צ'יפס במרקם רך עם פירות יער,גרמים,175.00,100 גרם,false,1,10.90,6.2286,true,1,111907
8710502231018,false,מרבה מיני עוגיות שוקולד צ'יפס 175 גרם,"מרבה בע""מ",NL,מיני עוגיות מרבה ש ציפס 175 גרם,גרמים,175.00,100 גרם,false,1,9.90,5.6571,true,1,130527
8710502279010,false,מרבה עוגיות שוקולד צ'יפס מצופות שוקולד 175 ג',"מרבה בע""מ",NL,מרבה עוגיות שוקולד ציפס מצופות שוקולד,גרמים,175.00,100 גרם,false,1,10.90,6.2286,true,1,129827
8710502405204,false,מרבה עוגיות שוקוציפס ממולא קרם שוקולד 175ג',קריניציה ויטמינה אס,NL,מרבה עוגיות ממולאות קרם שוקולד,גרמים,175.00,100 גרם,false,1,10.90,6.2286,true,1,83712
8710502470028,false,עוגיות מרבה נוגטלי שוקוצ'יפס 160ג',קריניציה ויטמינה אס,NL,עוגיות שוקולד ציפס נוגטלי מרבה 160 גרם,גרמים,160.00,100 גרם,false,1,9.90,6.1875,true,1,72423
8710847908446,false,"דאו אקס ספריי אנטיפרספירנט בלאק 150 מ""ל",ארנסט. רחוב קומבינצק,RU,אקס דאודורנט ספריי אנטיפרספירנט בלאק 150,מיליליטרים,150.00,"100 מ""ל",false,1,13.90,9.2667,true,1,125636
8710908404184,false,דאו דאב ספריי אוריגינל 0% אלומיניום 150,"פרמול איטליה, קומון",IT,DOVE דאו ספריי 150 ML,מיליליטרים,150.00,"100 מ""ל",false,1,17.90,11.9333,true,1,127273
8711000362556,false,קפסולות אספרסו סונטוסו 10*52 ג' LOR,גיקובס דאו אגברטס צר,FR,לור קפסולות קפה אספרסו סונטוזו (8) 52ג',יחידה,1.00,יחידה,false,1,21.90,21.9000,true,1,134433
8711000362631,false,קפסולות קפה אספרסו 10* 52 ג' LOR,גיקובס דאו אגברטס צר,FR,לור קפסולות קפה אספרסו אוניקס (12) 52ג',גרמים,52.00,100 גרם,false,1,21.90,42.1154,true,1,120309
8711000362747,false,קפסולות אספרסו ריסטרטו 10* 52 ג' LOR,גיקובס דאו אגברטס צר,FR,לור קפסולות קפה אספרסו ריסטרטו (11) 52ג',גרמים,52.00,100 גרם,false,1,21.90,42.1154,true,1,120310
8711327475618,false,"גלידת מגנום וניל קלאסיק 440 מ""ל","מפעל גלידות בווספרם,",HU,מגנום גלידת שמנת בטעם וניל 440 מל,גרמים,260.00,100 גרם,false,1,25.90,9.9615,true,1,129866
8712000050146,false,"בירה היינקן 0% אלכוהול בקבוק 330 מ""ל","מבשלת היינקן, ריטבלד",NL,"בירה הייניקן ללא אלכוהול בקבוק 330 מ""ל",מיליליטרים,330.00,"100 מ""ל",false,1,6.90,2.0909,true,1,123609
8712400802512,false,נוטרילון מבית נוטרישה 2 800 גר,פרוטרופיק סיה.,NL,נוטרילון שלב 800 2 גרם,גרמים,800.00,100 גרם,false,1,62.90,7.8625,true,1,114220
8712400802536,false,נוטרילון מבית נוטרישה 3 800 גר,פרוטרופיק סיה.,NL,נוטרילון 3- 800 גרם,גרמים,800.00,100 גרם,false,1,62.90,7.8625,true,1,114221
8712561594240,false,"דאב - תחליב רחצה להזנה עמוקה 500 מ""ל","יוניליוור גרמניה, Gm",DE,"תחליב רחצה דאב להזנה עמוקה 500 מ""ל",מיליליטרים,500.00,"100 מ""ל",false,1,17.90,3.5800,true,1,108147
8712561594608,false,"דאב תחליב רחיצה להזנה עמוקה 750 מ""ל","יוניליוור גרמניה, Gm",DE,דאב תחליב רחצה להזנה עמוקה 750 מל,מיליליטרים,750.00,"100 מ""ל",false,1,22.90,3.0533,true,1,111715
8714100639405,false,שלגון WICH חמאת בוטנ,אווגה,GR,קסטה WICH חמאת בוטנים,מיליליטרים,80.00,"100 מ""ל",false,1,11.90,14.8750,true,1,117983
8714599512159,false,קפה נמס ג'ייקובס 190 גר',"אל.אל.סי ""גייקובס דא",RU,גייקובס מגורען 190 גרם,גרמים,190.00,100 גרם,false,1,28.90,15.2105,true,1,139346
8714599513866,false,"ג'ייקובס קרוננג מיובש בהקפאה כשל""פ 200 ג'",אל.אל.סי גייקובס דאו,DE,"קפה גיקובס קרונונג נמס כשל""פ 200 גרם",גרמים,200.00,100 גרם,false,1,28.90,14.4500,true,1,110786
8714789177229,false,קולגייט מברשת שיניים אקסטרא קלין רביעייה,הנסיך- מפעל לייצור ט,CN,מברשת שיניים אקסטרא קלין 4 יח,יחידה,1.00,יחידה,false,1,14.90,14.9000,true,1,21573
8714789218465,false,מברשת שיניים קולגייט 360 מדיום זוג,הנסיך- מפעל לייצור ט,CN,זוג מברשות שיניים קולגייט 360 סופט,לא מנהל יחידת מידה,0.00,לא מנהל יחידת מידה,false,1,33.90,0.0000,true,1,34029
8714789303925,false,קולגייט מברשת 360 סנסטיב פרו ריליף זוג,קולגייט- פלמוליב,,קולגייט מב.שיניים 360 סנסטיב ז,Unknown,0.00,Unknown,false,1,33.90,0.0000,true,1,47499
8714789582764,false,"ספריי לניקוי חלונות 750 מ""ל אגקס","ש. שסטוביץ בע""מ",GR,"אגקס לניקוי חלונות טריגר 750 מ""ל",מיליליטרים,750.00,"100 מ""ל",false,1,15.90,2.1200,true,1,100275
8715700110141,false,מיונז קרמי היינץ צנצנת 460ג',ה.י.היינץ הולדינג בי,NL,SG היינץ מיונז צנצנת 460 גרם,גרמים,460.00,100 גרם,false,1,11.90,2.5870,true,1,115975
8715700110158,false,מיונז לייט בצנצנת היינץ 490 גרם,ה.י.היינץ הולדינג בי,NL,SG היינץ מיונז לייט צנצנת 490,גרמים,490.00,100 גרם,false,1,11.90,2.4286,true,1,115976
8715700115344,false,"מתבל עגבניות היינץ 460 גר' כשל""פ",אייץ'. ג'יי. היינץ פ,ES,מתבל עגבניות היינץ 460 גרם,גרמים,460.00,100 גרם,false,1,10.00,2.1739,true,1,112857
8715700419695,true,רוטב ברביקיו מתוק,ה.י.היינץ הולדינג בי,NL,היינץ רוטב ברביקיו מתוק 500 גרם,גרמים,500.00,100 גרם,false,1,17.90,3.5800,true,1,133916
8715700421322,true,רוטב ברביקיו צילי,ה.י היינץ הולדינג בי,NL,היינץ רוטב ברביקיו צ'ילי 490 גרם,יחידה,1.00,יחידה,false,1,17.90,17.9000,true,1,133915
8715700422473,false,ממרח מיונז ללא חומרים משמרים 395 ג' היינץ,ה.י.היינץ,NL,היינץ ממרח לחיץ ללא חומרים משמרים,גרמים,395.00,100 גרם,false,1,15.90,4.0253,true,1,132419
8715700423906,false,קטשופ מתובל עגבניות 50% פחות סוכר 555ג' היינץ,היינץ צפון אמריקה מק,NL,היינץ מתבל עגבניות 50/50 550 גרם,גרמים,555.00,100 גרם,false,1,9.90,1.7838,true,1,117858
8715800321607,false,חם צוואר צבעוני פרוו,IMPOFIX,,חם צוואר צבעוני פרווה,לא מנהל יחידת מידה,0.00,לא מנהל יחידת מידה,false,1,19.90,0.0000,true,1,125541
8717163647233,false,"דאו אקס ספריי גוף לגבר בלאק נייט 150 מ""ל",ארנסט. רחוב קומבינצק,RU,"דאודורנט ספריי אקס בלאק נייט 150 מ""ל",מיליליטרים,150.00,"100 מ""ל",false,1,13.90,9.2667,true,1,124462
8717163647240,false,"דאו אקס ספריי גוף לגבר שוקולד 150 מ""ל",ארנסט. רחוב קומבינצק,TR,"דאודורנט ספריי AXE שוקולד 150 מ""ל",מיליליטרים,150.00,"100 מ""ל",false,1,13.90,9.2667,true,1,123848
8717677338436,false,"שוקולד עם אגוזי לוז קצוצים טוניס, 180 גרם",אלפרד ריטר,NL,שוקולד חלב עם אגוזי לוז קצוצים טוניס,גרמים,180.00,100 גרם,false,1,19.90,11.0556,true,1,139272
8718114724485,false,מיונז הלמנס לחיץ 750,יוניליוור,GB,מיונז הלמנס לחיץ 750 גרם,גרמים,750.00,100 גרם,false,1,23.90,3.1867,true,1,142855
8718951001589,false,"אגקס ספריי מסיר שומנים במטבח 600 מ""ל",הנסיך- מפעל לייצור ט,GR,"אגקס ספריי מסיר שומנים במטבח 600 מ""ל",מיליליטרים,600.00,"100 מ""ל",false,1,12.90,2.1500,true,1,107449
8718951001596,false,"אג'קס ספריי אמבטיה 600 מ""ל",הנסיך- מפעל לייצור ט,GR,אג'קט מסיר אבנית וחלודה לאמבטיה 600 מל,מיליליטרים,600.00,"100 מ""ל",false,1,12.90,2.1500,true,1,107450
8718951176874,false,"קולגייט מי פה מיניון 250 מ""ל",קולגייט-פלמוליב,PL,"קולגייט מי פה מיניון 250 מ""ל",מיליליטרים,250.00,"100 מ""ל",false,1,15.90,6.3600,true,1,132227
8718951189881,false,"אגקס טריגר בוסט תפוח וחומץ 500מ""ל",הדקלאים אגודת שיתופי,GR,אג'קס טריגר בוסט תפוח וחומץ 500 מל,מיליליטרים,500.00,"100 מ""ל",false,1,12.90,2.5800,true,1,121209
8718951194144,false,מברשת שיניים+ ערכת ה,Colgate (Euro)-Palmo,PL,מברשת שיניים+ ערכת הלבנה קולגייט אופטיק,מיליליטרים,125.00,"100 מ""ל",false,1,69.90,55.9200,true,1,120574
8718951236790,false,"קולגייט טוטאל משחת שיניים קלין מינט לפה בריא 100 מ""ל",Colgate (Euro)-Palmo,PL,"משחת שיניים קולגייט טוטל משפחתי 100 מ""ל",מיליליטרים,100.00,"100 מ""ל",false,1,17.90,17.9000,true,1,123134
8718951296794,false,"פלמוליב גל רחצה נורדיק האג 500 מ""ל",CP UK,IT,פלמוליב גל רחצה נורדיק האג 500מל,מיליליטרים,500.00,"100 מ""ל",false,1,19.90,3.9800,true,1,137344
8718951312722,false,"קולגייט מקס וויט משחת שיניים 100 מ""ל",קולגייט פלמוליב,PL,משחת שיניים קולגייט מקסווייט 100 מל,מיליליטרים,100.00,"100 מ""ל",false,1,11.90,11.9000,true,1,140750
8718951313576,false,קולגייט משחת שיניים מקס פרש קול קריסטל 100 מל,קולגייט פלמוליב,PL,משחת שיניים קולגייט מקס פרש כחול 100 מל,מיליליטרים,100.00,"100 מ""ל",false,1,11.90,11.9000,true,1,140751
8718951320093,false,זוג מברשות 360 אדוונס וויט שיניים קולגייט,קולגייט-פלמוליב,CN,מברשת שיניים קולגייט 360 אדוונס ווייט זו,יחידה,1.00,יחידה,false,1,33.90,33.9000,true,1,127529
8718951335066,false,מרכך כביסה סופלין מרוכז ורדים 1.3 ל,CP UK,GR,סופלין מרכך כביסה מרוכז ורדים 1.3 ליטר,ליטרים,1.30,ליטר,false,1,17.90,13.7692,true,1,127265
8718951385290,false,אגקס ניקוי כללי עוצמת ה7 כחול 2 ליטר,קולגייט פלמוליב,GR,נוזל לניקוי כללי ורצפות אג'קס 2 ליטר,ליטרים,2.00,ליטר,false,1,22.90,11.4500,true,1,130054
8719128110332,true,תרכיז אנרגייה חדש,,,תרכיז אנרגייה חדש,Unknown,0.00,Unknown,false,1,22.90,0.0000,true,1,123579
8719200997998,false,מרגרינה למריחה בישול וטיגון 200 ג' בלו בנד,יוניליוור,IL,בלו בנד מרגרינה למריחה בישול וטיגון 200,גרמים,0.00,100 גרם,false,1,4.70,0.0000,true,1,126370
8719200998001,false,מרגרינה לאפיה ובישול בלי מלח 200 ג' בלו בנד,מיוצר עי קונדיטוריית,IL,בלו בנד עם מלח 200 גרם,גרמים,200.00,100 גרם,false,1,4.70,2.3500,true,1,126376
8719200998018,false,מחמאה מרגרינה בטעם חמאה 200 ג' בלו בנד,פארייפאבה אגרואינדוס,IL,מרגרינה בטעם חמאה מחמאה 200 גרם,גרמים,200.00,100 גרם,false,1,4.90,2.4500,true,1,72
8719200998100,false,מרגרינה בטעם חמאה לאפייה 200 ג' מזולה,פארייפאבה אגרואינדוס,IL,מזולה מרגרינה בטעם חמאה לאפייה ובישול 20,יחידה,1.00,יחידה,false,1,6.60,6.6000,true,1,126380
8720181114496,false,"אקס - דאודורנט ספריי לגבר שוקולד 150 מ""ל",יוניליוור,GB,"ספרי גוף אקס שוקולד 150 מ""ל",מיליליטרים,150.00,"100 מ""ל",false,1,13.90,9.2667,true,1,140877
8722700083306,false,גלידה בצק עוגיות מנה,מוצרי איכות אמריקאיי,IL,100 מ'ל בצק עוגיות,מיליליטרים,100.00,"100 מ""ל",false,1,8.90,8.9000,true,1,116664
8801055708772,false,מארז טייסטרס צ'ויס 200 גרם+50 גר' מתנה,לוטה נסטלה קוריאה,IL,טייסטרס צויס מארז 8*200ג'+50ג',גרמים,250.00,100 גרם,false,1,31.90,12.7600,true,1,134921
8815810002043,false,מחמם אוזניים ילדים,IMPOFIX,,מחמם אוזניים ילדים,לא מנהל יחידת מידה,0.00,לא מנהל יחידת מידה,false,1,19.90,0.0000,true,1,125540
8850161167041,false,"חלב קוקוס קוקו וואי 270 מ""ל",טויו טייקאן קו.אל.טי,TH,"קוקו וואי משקה קוקוס 270 מ""ל",מיליליטרים,270.00,"100 מ""ל",false,1,9.50,3.5185,true,1,125701
8850389103111,false,"משקה קל סאפה בטעם ענבים 300 מ""ל",סאפה פובליק קומפני ל,TH,"סאפה אלוורה ענבים בקבוק 300 מ""ל",מיליליטרים,300.00,"100 מ""ל",false,1,8.50,2.8333,true,1,43289
8850389103128,false,"משקה קל סאפה בטעם תפוח 300 מ""ל",סאפה פובליק קומפני ל,TH,"סאפה תפוח בקבוק 300 מ""ל 24 יח",מיליליטרים,300.00,"100 מ""ל",false,1,8.50,2.8333,true,1,43290
8850389103159,false,"משקה ליצ'י עם חתיכות גלי קוקוס 320 מ""ל מוגו מוגו",סאפה פובליק קומפני ל,TH,מוגו מוגו ליצ'י עם חתיכות ג'לי קוקוס,מיליליטרים,320.00,"100 מ""ל",false,1,8.50,2.6563,true,1,139439
8850389104637,false,"משקה קל סאפה אלוורה אפרסק 300 מ""ל",סאפה פובליק קומפני ל,TH,"סאפה אלוורה אפרסק בקבוק 300 מ""ל",מיליליטרים,300.00,"100 מ""ל",false,1,8.50,2.8333,true,1,60114
8850389115312,false,"משקה קל סאפה בטעם מלון 300 מ""ל",סאפה פובליק קומפני ל,TH,"סאפה אלוורה מלון בקבוק 300 מ""ל",מיליליטרים,330.00,"100 מ""ל",false,1,8.50,2.5758,true,1,117415
8850632604259,false,מקלות חספוסים יוגטה טעם תות שדה 50 גר,ג'נרל קנדי בעמ,TH,ממתק תות שדה בצורת מקלות יוגטה 50 גרם,גרמים,50.00,100 גרם,false,1,4.90,9.8000,true,1,65354
8850632604266,false,מקלות חספוסים יוגטה טעם קולה 50 גר,ג'נרל קנדי בעמ,TH,"יוגטה, ממתק חמוץ בצורת מקלות בטעם קולה, 50 גרם",גרמים,50.00,100 גרם,false,1,4.90,9.8000,true,1,65355
8850632604372,false,יוגטה חמצוצים שטיח בטעם תות שדה 50גר,ג'נרל קנדי בעמ,TH,ממתק תות שדה בצורת שטיח יוגטה 50 גרם,גרמים,50.00,100 גרם,false,1,4.90,9.8000,true,1,65356
8850632604402,false,חספוסים יוגוטה שטיח חמוץ מעורב 50 ג',"ג'נרל קנדי בע""מ",TH,ממתק תות ענבים בצורת שטיח יוגטה 50 גרם,גרמים,50.00,100 גרם,false,1,4.90,9.8000,true,1,65357
8851613101378,false,"נוזל קוקוס ארוי די 250 מ""ל",כלורוקס אוקלנד,TH,"חלב קוקוס 250 מ""ל",מיליליטרים,250.00,"100 מ""ל",false,1,9.90,3.9600,true,1,91178
8888021200126,false,סוללות AA רביעיה,אנרג'ייזר,SG,אנרג'ייזר סוללות מקס AA*4,Unknown,0.00,Unknown,false,1,16.90,0.0000,true,1,10886
8888021200164,false,סוללות 1X4 ADVANCED FORMULA AAA ריפרש,,,סוללות אנרגייזר AAA רביעיה,Unknown,0.00,Unknown,false,1,18.70,0.0000,true,1,10887
8901571011018,false,סנסודיין שלישייה מב.שיניים סנסטיב סופט,הנקל,DE,מברשת שיניים סנסודיין שלישייה,יחידה,3.00,יחידה,false,1,12.90,4.3000,true,1,141195
8994692541120,false,12 קונוסים לגלגול,,,12 קונוסים לגלגול,Unknown,0.00,Unknown,false,1,14.90,0.0000,false,1,78206
9005835312718,false,"קלרו פירמידה מלח למדיח כלים 1 ק""ג CLARO",קלרו,AT,קלרו פירדמיה מלח אקולוגי למדיח,מיליליטרים,1.00,"100 מ""ל",false,1,15.90,1590.0000,true,1,125631
9044400841000,false,סוכריות פז 3 מילויים,פז,HU,סוכריות פז בובה,גרמים,26.00,100 גרם,false,1,12.90,49.6154,true,1,11553
9044400851672,false,סוכריות פז סוגים שונים + 3 מילויים,פז,HU,סוכריות פז בובה,גרמים,26.00,100 גרם,false,1,12.90,49.6154,true,1,140423
9310072028743,false,טים טם אורגינל 200 גרם,"ארנוטס ביסקוויטס בע""",AU,טים טם אורגינל 200 גר,גרמים,200.00,100 גרם,false,1,19.90,9.9500,true,1,111211
9310072028750,false,טים טם מצופה שוקולד,"ארנוטס ביסקוויטס בע""",AU,טים טם דאבל 200 גר,גרמים,200.00,100 גרם,false,1,19.90,9.9500,true,1,110837
9322969000015,false,פריכיות תירס בטעם אורגינל ריל פודס 150 ג',אף.סי תבליני בגליל ב,AU,רילפוד- פריכיות תירס בטעם טבעי 150 גר',גרמים,150.00,100 גרם,false,1,13.90,9.2667,true,1,70808
9322969000022,false,פריכיות 150 ג' תירס עם סויה וזרעי פשתן 150ג',אף.סי תבליני בגליל ב,AU,פריכיות תירס עם סויה וזרעי פשת 150 גרם,גרמים,150.00,100 גרם,false,1,13.90,9.2667,true,1,70872
