code,internal_code,name,manufacturer_name,manufacture_country,manufacturer_item_description,unit_qty,quantity,unit_of_measure,weighted,qty_in_package,price,unit_of_measure_price,allow_discount,status,item_id
2,true,"עמלת החזרת צ ק 14ש""ח",שונות /שרות,,,"י""ח",1,,false,1,14,14,false,1,
7,true,תוספת למשלוח בקלקר,שונות /שרות,,,"100 ס""מ",1,,false,1,10,10,false,1,
39,true,ב  39 תו קניה,שונות /שרות,,,"י""ח",1,,false,1,10,10,false,1,
59,true,קשתית בשר לא מוכשר,ב ספק בשר קפוא,,,"ק""ג",1,,true,1,27.90,27.90,false,1,
83,true,בקלה עם ראש,ב ספק דגים קפואים,,,"י""ח",1,,true,1,11.90,11.90,false,1,
85,true,פיזור עובדים,ב מבצעים,,,"י""ח",1,,false,1,0.10,0.10,false,1,
151,true,עוף טחון טרי  {קצביה]**,ח.י. מעדני גורמה בעמ,,,"ק""ג",1,,true,1,49.90,49.90,true,1,
245,true,דג פרידה,ח.י. מעדני גורמה בעמ,,,"ק""ג",1,,true,1,100,100,false,1,
280,true,דג אמנון ג`מבו טרי XL,ח.י. מעדני גורמה בעמ,,,"ק""ג",1,,true,1,35.90,35.90,true,1,
283,true,דג בורי XL טרי,ח.י. מעדני גורמה בעמ,,,"ק""ג",1,"ק""ג",true,1,44.90,44.90,true,1,
284,true,דג בורי L טרי,ח.י. מעדני גורמה בעמ,,,"ק""ג",1,,true,1,49.90,49.90,true,1,
288,true,דג דניס S טרי,ח.י. מעדני גורמה בעמ,,,"ק""ג",1,,true,1,59.90,59.90,true,1,
289,true,דג קרפיון מצונן טרי,ח.י. מעדני גורמה בעמ,,,"ק""ג",1,,true,1,29.90,29.90,false,1,
302,true,דג אמנון L טרי,ח.י. מעדני גורמה בעמ,,,"ק""ג",1,,true,1,35.90,35.90,true,1,
327,true,דג ברמונדי טרי,ח.י. מעדני גורמה בעמ,,,"ק""ג",1,,true,1,49.90,49.90,false,1,
353,true,72גינגר תפזורת,ביכורי השדה צפון 1994 ג.ד. בעמ,,,"ק""ג",1,,true,1,39.90,39.90,false,1,
504,true,אנונה,ביכורי השדה צפון 1994 ג.ד. בעמ,,,"ק""ג",1,,true,1,24.90,24.90,false,1,
505,true,אבוקדו,ביכורי השדה צפון 1994 ג.ד. בעמ,,,"ק""ג",1,"ק""ג",true,1,9.90,9.90,false,1,
506,true,אבטיח,ביכורי השדה צפון 1994 ג.ד. בעמ,,,"ק""ג",1,"ק""ג",true,1,5.90,5.90,false,1,
507,true,אפרסק מובחר,ביכורי השדה צפון 1994 ג.ד. בעמ,,,"ק""ג",1,"ק""ג",true,1,6.90,6.90,false,1,
509,true,קסביה,ביכורי השדה צפון 1994 ג.ד. בעמ,,,"ק""ג",1,"ק""ג",true,1,15.90,15.90,false,1,
510,true,אגסים,ביכורי השדה צפון 1994 ג.ד. בעמ,,,"ק""ג",1,"ק""ג",true,1,12.90,12.90,false,1,
514,true,תפוזון,ביכורי השדה צפון 1994 ג.ד. בעמ,,,"ק""ג",1,,true,1,4.90,4.90,false,1,
515,true,אפרסמון,ביכורי השדה צפון 1994 ג.ד. בעמ,,,"ק""ג",1,"ק""ג",true,1,13.90,13.90,false,1,
519,true,דג בורי M טרי,ח.י. מעדני גורמה בעמ,,,"ק""ג",1,,true,1,44.90,44.90,true,1,
522,true,אננס.,ביכורי השדה צפון 1994 ג.ד. בעמ,,,"י""ח",1,,false,1,29.90,29.90,false,1,
523,true,אשכולית אדומה,ביכורי השדה צפון 1994 ג.ד. בעמ,,,"ק""ג",1,"ק""ג",true,1,6.90,6.90,false,1,
525,true,אשכולית,ביכורי השדה צפון 1994 ג.ד. בעמ,,,"ק""ג",1,"ק""ג",true,1,6.90,6.90,false,1,
530,true,בננה.,ביכורי השדה צפון 1994 ג.ד. בעמ,,,"ק""ג",1,"ק""ג",true,1,6.90,6.90,false,1,
533,true,גויאבה,ביכורי השדה צפון 1994 ג.ד. בעמ,,,"ק""ג",1,"ק""ג",true,1,14.90,14.90,false,1,
535,true,לימון,ביכורי השדה צפון 1994 ג.ד. בעמ,,,"ק""ג",1,"ק""ג",true,1,6.90,6.90,false,1,
536,true,פמלה,ביכורי השדה צפון 1994 ג.ד. בעמ,,,"ק""ג",1,"ק""ג",true,1,19.90,19.90,false,1,
540,true,מלון,ביכורי השדה צפון 1994 ג.ד. בעמ,,,"ק""ג",1,"ק""ג",true,1,6.90,6.90,false,1,
543,true,מנגו,ביכורי השדה צפון 1994 ג.ד. בעמ,,,"ק""ג",1,"ק""ג",true,1,5.90,5.90,false,1,
545,true,נקטרינה,ביכורי השדה צפון 1994 ג.ד. בעמ,,,"ק""ג",1,"ק""ג",true,1,6.90,6.90,false,1,
553,true,ענב אדום,ביכורי השדה צפון 1994 ג.ד. בעמ,,,"ק""ג",1,"ק""ג",true,1,18.90,18.90,false,1,
554,true,ענבים לבן .,ביכורי השדה צפון 1994 ג.ד. בעמ,,,"ק""ג",1,"ק""ג",true,1,22.90,22.90,false,1,
557,true,פמלית,ביכורי השדה צפון 1994 ג.ד. בעמ,,,"ק""ג",1,"ק""ג",true,1,8.90,8.90,false,1,
559,true,"פירות וירקות 4 ש""ח",ביכורי השדה צפון 1994 ג.ד. בעמ,,,"ק""ג",1,,true,1,3.90,3.90,false,1,
560,true,קלמנטינה,ביכורי השדה צפון 1994 ג.ד. בעמ,,,"ק""ג",1,"ק""ג",true,1,3.90,3.90,false,1,
563,true,קיווי.,ביכורי השדה צפון 1994 ג.ד. בעמ,,,"ק""ג",1,"ק""ג",true,1,50,50,false,1,
564,true,רימונים,ביכורי השדה צפון 1994 ג.ד. בעמ,,,"ק""ג",1,"ק""ג",true,1,7.90,7.90,false,1,
566,true,שזיף אדום.,ביכורי השדה צפון 1994 ג.ד. בעמ,,,"ק""ג",1,"ק""ג",true,1,15.90,15.90,false,1,
568,true,שזיף ירוק,ביכורי השדה צפון 1994 ג.ד. בעמ,,,"ק""ג",0,"ק""ג",true,1,14.90,14.90,false,1,
575,true,תפוז תבורי.,ביכורי השדה צפון 1994 ג.ד. בעמ,,,"ק""ג",1,"ק""ג",true,1,4.90,4.90,false,1,
583,true,תפוח סמיט ירוק,ביכורי השדה צפון 1994 ג.ד. בעמ,,,"ק""ג",1,"ק""ג",true,1,10.90,10.90,false,1,
584,true,תפוח עץ  ברשת,ביכורי השדה צפון 1994 ג.ד. בעמ,,,"ק""ג",1,,true,1,9.90,9.90,false,1,
585,true,תפוח חרמון,ביכורי השדה צפון 1994 ג.ד. בעמ,,,"ק""ג",1,"ק""ג",true,1,10.90,10.90,false,1,
586,true,תפוז ברשת,ביכורי השדה צפון 1994 ג.ד. בעמ,,,"ק""ג",1,,true,1,4.90,4.90,false,1,
587,true,קלמנטינה ברשת,ביכורי השדה צפון 1994 ג.ד. בעמ,,,"ק""ג",1,,true,1,3.90,3.90,false,1,
588,true,תפוח גלה,ביכורי השדה צפון 1994 ג.ד. בעמ,,,"ק""ג",1,"ק""ג",true,1,13.90,13.90,false,1,
590,true,תפוח זהוב.,ביכורי השדה צפון 1994 ג.ד. בעמ,,,"ק""ג",1,"ק""ג",true,1,10.90,10.90,false,1,
594,true,סברס,ביכורי השדה צפון 1994 ג.ד. בעמ,,,"ק""ג",1,"ק""ג",true,1,29.90,29.90,false,1,
602,true,קישוא עגול,ביכורי השדה צפון 1994 ג.ד. בעמ,,,"ק""ג",1,,true,1,14.90,14.90,false,1,
605,true,בצל יבש,ביכורי השדה צפון 1994 ג.ד. בעמ,,,"ק""ג",1,"ק""ג",true,1,2.90,2.90,false,1,
606,true,בצל אדום,ביכורי השדה צפון 1994 ג.ד. בעמ,,,"ק""ג",1,"ק""ג",true,1,6.90,6.90,false,1,
612,true,בטטה,ביכורי השדה צפון 1994 ג.ד. בעמ,,,"ק""ג",1,"ק""ג",true,1,9.90,9.90,false,1,
620,true,דלעת,ביכורי השדה צפון 1994 ג.ד. בעמ,,,"ק""ג",1,"ק""ג",true,1,12.90,12.90,false,1,
622,true,דלורית,ביכורי השדה צפון 1994 ג.ד. בעמ,,,"ק""ג",1,"ק""ג",true,1,5.90,5.90,false,1,
625,true,חציל,ביכורי השדה צפון 1994 ג.ד. בעמ,,,"ק""ג",1,"ק""ג",true,1,6.90,6.90,false,1,
629,true,ירק בתפזורת,ביכורי השדה צפון 1994 ג.ד. בעמ,,,"י""ח",1,,false,1,3.90,3.90,true,1,
630,true,כרוב לבן,ביכורי השדה צפון 1994 ג.ד. בעמ,,,"ק""ג",1,"ק""ג",true,1,2.90,2.90,false,1,
633,true,כרוב אדום,ביכורי השדה צפון 1994 ג.ד. בעמ,,,"ק""ג",1,"ק""ג",true,1,4.90,4.90,false,1,
635,true,.כרובית,ביכורי השדה צפון 1994 ג.ד. בעמ,,,"י""ח",1,"ק""ג",false,1,10.90,10.90,false,1,
643,true,כוסברה רגילה לא ארוז,ביכורי השדה צפון 1994 ג.ד. בעמ,,,"י""ח",1,,false,1,3.90,3.90,true,1,
645,true,מלפפון.,ביכורי השדה צפון 1994 ג.ד. בעמ,,,"ק""ג",1,"ק""ג",true,1,6.90,6.90,false,1,
650,true,נענע,ביכורי השדה צפון 1994 ג.ד. בעמ,,,"י""ח",1,,false,1,2.90,2.90,true,1,
657,true,סלרי,ביכורי השדה צפון 1994 ג.ד. בעמ,,,"י""ח",1,,false,1,5.90,5.90,false,1,
659,true,סלק אדום,ביכורי השדה צפון 1994 ג.ד. בעמ,,,"ק""ג",1,"ק""ג",true,1,3.90,3.90,false,1,
660,true,עגבניה.,ביכורי השדה צפון 1994 ג.ד. בעמ,,,"ק""ג",1,"ק""ג",true,1,5.90,5.90,false,1,
661,true,עגבניה שרי תפזורת,ביכורי השדה צפון 1994 ג.ד. בעמ,,,"ק""ג",1,,true,1,18.90,18.90,false,1,
663,true,פלפל חריף ירוק,ביכורי השדה צפון 1994 ג.ד. בעמ,,,"ק""ג",1,"ק""ג",true,1,9.90,9.90,false,1,
664,true,פלפל חריף אדום,ביכורי השדה צפון 1994 ג.ד. בעמ,,,"ק""ג",1,,true,1,9.90,9.90,false,1,
665,true,פלפל כהה,ביכורי השדה צפון 1994 ג.ד. בעמ,,,"ק""ג",1,"ק""ג",true,1,8.90,8.90,false,1,
666,true,פלפל צהוב,ביכורי השדה צפון 1994 ג.ד. בעמ,,,"ק""ג",1,"ק""ג",true,1,9.90,9.90,false,1,
667,true,גמבה אדומה,ביכורי השדה צפון 1994 ג.ד. בעמ,,,"ק""ג",1,"ק""ג",true,1,9.90,9.90,false,1,
669,true,פלפל בהיר,ביכורי השדה צפון 1994 ג.ד. בעמ,,,"ק""ג",0,"ק""ג",true,1,9.90,9.90,false,1,
684,true,זנגביל,ביכורי השדה צפון 1994 ג.ד. בעמ,,,"ק""ג",1,,true,1,29.90,29.90,false,1,
685,true,קישואים.,ביכורי השדה צפון 1994 ג.ד. בעמ,,,"ק""ג",1,"ק""ג",true,1,8.90,8.90,false,1,
687,true,קולורבי,ביכורי השדה צפון 1994 ג.ד. בעמ,,,"ק""ג",1,"ק""ג",true,1,9.90,9.90,false,1,
689,true,שום ארוז.,ביכורי השדה צפון 1994 ג.ד. בעמ,,,"י""ח",1,,false,1,7.90,7.90,true,1,
690,true,שומר,ביכורי השדה צפון 1994 ג.ד. בעמ,,,"ק""ג",1,"ק""ג",true,1,8.90,8.90,false,1,
692,true,שום טרי.,ביכורי השדה צפון 1994 ג.ד. בעמ,,,"ק""ג",1,,true,1,19.90,19.90,false,1,
698,true,תירס קלחים טרי ארוז.,ביכורי השדה צפון 1994 ג.ד. בעמ,,,"ק""ג",1,"ק""ג",true,1,8.90,8.90,false,1,
699,true,תפוח אדמה אדום.,ביכורי השדה צפון 1994 ג.ד. בעמ,,,"ק""ג",1,"ק""ג",true,1,4.90,4.90,false,1,
700,true,תפוח אדמה לבן ארוז,ביכורי השדה צפון 1994 ג.ד. בעמ,,,"ק""ג",1,"ק""ג",true,1,2.90,2.90,false,1,
702,true,"תפו""א לאפיה",ביכורי השדה צפון 1994 ג.ד. בעמ,,,"ק""ג",1,,true,1,3.90,3.90,false,1,
712,true,חציל בלאדי,ביכורי השדה צפון 1994 ג.ד. בעמ,,,"ק""ג",1,,true,1,6.90,6.90,false,1,
716,true,פלפל כתום,ביכורי השדה צפון 1994 ג.ד. בעמ,,,"ק""ג",1,"ק""ג",true,1,9.90,9.90,false,1,
720,true,אבוקדו ברשת,ביכורי השדה צפון 1994 ג.ד. בעמ,,,"ק""ג",1,,true,1,9.90,9.90,false,1,
723,true,תפוח פינק ישראלי.,ביכורי השדה צפון 1994 ג.ד. בעמ,,,"ק""ג",1,,true,1,19.90,19.90,false,1,
732,true,ליצ`י,ביכורי השדה צפון 1994 ג.ד. בעמ,,,"י""ח",1,,false,1,19.90,19.90,false,1,
734,true,קובו,ביכורי השדה צפון 1994 ג.ד. בעמ,,,"ק""ג",1,,true,1,29.90,29.90,false,1,
735,true,קישוא זוקיני,ביכורי השדה צפון 1994 ג.ד. בעמ,,,"ק""ג",1,,true,1,9.90,9.90,false,1,
770,true,פלפל שושקה,ביכורי השדה צפון 1994 ג.ד. בעמ,,,"ק""ג",1,,true,1,15.90,15.90,false,1,
821,true,תפוח פינק,ביכורי השדה צפון 1994 ג.ד. בעמ,,,"ק""ג",1,"ק""ג",true,1,19.90,19.90,false,1,
868,true,חצי בגט,שונות /שרות,,,"י""ח",1,,false,1,3,3,false,1,
891,true,אפרסמון קרמבו.,ביכורי השדה צפון 1994 ג.ד. בעמ,,,"ק""ג",1,"ק""ג",true,1,13.90,13.90,false,1,
1436,true,גרב לנשים,ליאור יבוא ושיווק מוצרי הלבשה,,,"י""ח",1,,false,1,18.90,18.90,false,1,
1482,true,גרב חתוך לגבר,ליאור יבוא ושיווק מוצרי הלבשה,,,"י""ח",1,,false,1,14.90,14.90,false,1,
1510,true,גרבי גבר לי קופר,ליאור יבוא ושיווק מוצרי הלבשה,,,"י""ח",1,,false,1,22.90,22.90,false,1,
1527,true,גרבי בריאות,ליאור יבוא ושיווק מוצרי הלבשה,,,"י""ח",1,,false,1,21.90,21.90,false,1,
1663,true,תחתון לייקרה תחרה *5,ליאור יבוא ושיווק מוצרי הלבשה,,,"י""ח",1,,false,1,39.90,39.90,false,1,
1864,true,תחתון קלאסי לנשים,ליאור יבוא ושיווק מוצרי הלבשה,,,"י""ח",1,,false,1,15.90,15.90,false,1,
2009,true,מעריב חול/שבת   בשקל,שונות /שרות,,,"י""ח",1,,false,1,6.90,6.90,false,1,
2065,true,צלי כתף  טרי/מצונן**,ח.י. מעדני גורמה בעמ,,,"ק""ג",1,,true,1,99.90,99.90,false,1,
2067,true,אוסובוקו  טרי**,ח.י. מעדני גורמה בעמ,,,"ק""ג",1,,true,1,69.90,69.90,true,1,
2068,true,שריר  טרי/מצונן**,ח.י. מעדני גורמה בעמ,,,"ק""ג",1,"ק""ג",true,1,69.90,69.90,true,1,
3334,true,"בוטנים/מצופה   0.5 ק""ג",מגדניה דגן בעמ,,,"י""ח",1,,false,1,7.50,7.50,false,1,
3416,true,קוקטייל עוף טרי מקוצב,ח.י. מעדני גורמה בעמ,,,"ק""ג",1,,true,1,49.90,49.90,true,1,
4018,true,מעורב ירושלמי,ח.י. מעדני גורמה בעמ,,,"ק""ג",1,,true,1,59.90,59.90,false,1,
4443,true,סופגניה רגילה עם ריבה.,שונות /שרות,,,"י""ח",1,,false,1,4.90,4.90,true,1,
4444,true,סופגניה פרימיום מצופות.,ג נרל מילס ישראל בעמ,,,"י""ח",1,,false,1,5.90,5.90,true,1,
5066,true,אבטיח אישי,ביכורי השדה צפון 1994 ג.ד. בעמ,,,"ק""ג",1,,true,1,5.90,5.90,false,1,
5300,true,צוואר כבש  טרי**,ח.י. מעדני גורמה בעמ,,,"ק""ג",1,,true,1,79.90,79.90,false,1,
5506,true,אבטיח אישי,ביכורי השדה צפון 1994 ג.ד. בעמ,,,"ק""ג",1,,true,1,5.90,5.90,false,1,
5853,true,הצגה מרוקאית,מבוטל גורי יבוא והפצהבעמ,,,"י""ח",1,,false,1,55,55,false,1,
6005,true,"עמלת חלקית 5ש""ח",שונות /שרות,,,"י""ח",1,,false,1,5,5,false,1,
6600,true,עגבניות בישול,ביכורי השדה צפון 1994 ג.ד. בעמ,,,"ק""ג",1,,true,1,3.90,3.90,false,1,
6636,true,סינרים,שונות /שרות,,,"י""ח",1,,false,1,0.10,0.10,false,1,
7076,true,הסעות להבים,שונות /שרות,,,"י""ח",1,,false,1,100,100,false,1,
7560,true,קלמנטינה שמיטה,ביכורי השדה צפון 1994 ג.ד. בעמ,,,"ק""ג",1,,true,1,3.90,3.90,false,1,
7564,true,רימון שמיטה,ביכורי השדה צפון 1994 ג.ד. בעמ,,,"ק""ג",7.50,"ל 100 מ""ל",true,1,7.90,1.05,false,1,
8027,true,תרומה ילדים בסיכוי,שונות /שרות,,,"י""ח",1,,false,1,10,10,false,1,
8867,true,"קנס""חותמת   אדומה""לא פעיל נרמין עזאם",שונות /שרות,,,"י""ח",1,,false,1,200,200,false,1,
18163,true,קישואים,פלאפל הגשר מרכז,,,"ק""ג",0,"ק""ג",true,1,8.90,8.90,false,1,
23809,true,יין קלאסיק ברקן ק. סובניון,טמפו משקאות בעמ,,,"י""ח",7.50,"ל 100 מ""ל",false,1,32.90,4.35,true,1,
23816,true,יין קלאסיק ברקן אמרלד ריזלינג,טמפו משקאות בעמ,,,"י""ח",7.50,"ל 100 מ""ל",false,1,32.90,4.35,true,1,
23977,true,יין קלאסיק מרלו ברקן.,טמפו משקאות בעמ,,,"י""ח",7.50,"ל 100 מ""ל",false,1,32.90,4.35,true,1,
40974,true,חלב טרי דל לקטוז 1 ליטר,תנובה בעמ ***,,,"י""ח",1,ליטר,false,1,7.10,7.10,false,1,
41212,true,סטייק פרגיות  עוף טרי**,ח.י. מעדני גורמה בעמ,,,"ק""ג",1,,true,1,79.90,79.90,true,1,
41260,true,כתף בקר טרי /מצונן חלק.,ח.י. מעדני גורמה בעמ,,,"ק""ג",1,,true,1,79.90,79.90,true,1,
41268,true,אסאדו עם עצם טרי**,ח.י. מעדני גורמה בעמ,,,"ק""ג",1,,true,1,79.90,79.90,true,1,
41269,true,גולש עגל  טרי/מצונן**,ח.י. מעדני גורמה בעמ,,,"ק""ג",1,,true,1,79.90,79.90,true,1,
41270,true,כנפית עוף **,ח.י. מעדני גורמה בעמ,,,"ק""ג",1,,true,1,21.90,21.90,true,1,
41271,true,אנטריקוט טרי/מצונן**,ח.י. מעדני גורמה בעמ,,,"ק""ג",1,,true,1,199,199,true,1,
41273,true,אצבעות  אנטריקוט**,ח.י. מעדני גורמה בעמ,,,"ק""ג",1,,true,1,89.90,89.90,false,1,
41324,true,רוסטביף לתנור  **,ח.י. מעדני גורמה בעמ,,,קוב,1,,true,1,89.90,89.90,false,1,
41379,true,שוקית כנף עוף **,ח.י. מעדני גורמה בעמ,,,"ק""ג",1,,true,1,21.90,21.90,true,1,
41447,true,פרגית עוף לתנור עם עצם טרי**,ח.י. מעדני גורמה בעמ,,,"ק""ג",1,,true,1,59.90,59.90,true,1,
41850,true,ברמונדי טרי-מבצע  **.,ח.י. מעדני גורמה בעמ,,,"ק""ג",1,,true,1,34.90,34.90,false,1,
41996,true,מעורב ישראלי,ח.י. מעדני גורמה בעמ,,,"ק""ג",1,,true,1,69.90,69.90,true,1,
42209,true,טחון כתף/צלעות טרי **,ח.י. מעדני גורמה בעמ,,,"ק""ג",1,,true,1,59.90,59.90,true,1,
42323,true,אצבעות נגיסי עוף טרי**,ח.י. מעדני גורמה בעמ,,,"ק""ג",1,,true,1,49.90,49.90,true,1,
45876,true,שאריות נקניק,שונות /שרות,,,"ק""ג",1,,true,1,19.90,19.90,false,1,
46006,true,עמק שקילה  *,תנובה בעמ ***,,,"ק""ג",10,ל 100 גרם,true,1,44.79,4.48,false,1,
46501,true,טל העמק שקיל,תנובה בעמ ***,,,"ק""ג",10,ל 100 גרם,true,1,60,6,false,1,
46662,true,.גבינה סקנדינבית,תנובה בעמ ***,,,"ק""ג",10,"ק""ג",true,1,76,7.60,false,1,
47034,true,רוקפור(גליל) חריץ שקיל תנובה,תנובה בעמ ***,,,"ק""ג",10,ל 100 גרם,true,1,122,12.20,false,1,
47485,true,בולגרית פיראוס  %24 שקיל,תנובה בעמ ***,,,"ק""ג",1,"ק""ג",true,1,57,57,false,1,
51352,true,חלב של פעם 1 ליטר,תנובה בעמ ***,,,"י""ח",1,ליטר,false,1,7.60,7.60,false,1,
51710,true,פיראוס לאבנה עם שמן זית וזעתר 263גר`,תנובה בעמ ***,,,"י""ח",2.63,ל 100 גרם,false,1,13.90,5.29,false,1,
52311,true,עמק 15% פרוס בקופסא 200גר`,תנובה בעמ ***,,,"י""ח",2,ל 100 גרם,false,1,16.20,8.10,true,1,
55329,true,"יופלה משקה יוגורט טעם תות-מלון 250מ""ל",תנובה בעמ ***,,,"י""ח",2.50,ל 100 גרם,false,1,5.60,2.24,false,1,
55336,true,"יופלה משקה יוגורט טעם בננה-אפרסק 250מ""",תנובה בעמ ***,,,"י""ח",2.50,ל 100 גרם,false,1,5.60,2.24,false,1,
55893,true,חמאה 200גרם   רגיל*תנובה,תנובה בעמ ***,,,"י""ח",2,ל 100 גרם,false,1,7.80,3.90,false,1,
56081,true,מאגדת פרילי טבע 6 יח,תנובה בעמ ***,,,"י""ח",1.20,"ק""ג",false,1,21.90,18.25,false,1,
56845,true,חלב תנובה טרי הומוגני 3% 1.5  ליטר*,תנובה בעמ ***,,,"י""ח",1.50,ליטר,false,1,9.34,6.23,false,1,
56883,true,מאגדת יופלה שמיניה פירות 3%,תנובה בעמ ***,,,"י""ח",1.20,ליטר,false,1,29.90,24.92,false,1,
56890,true,מאגדת  יופלה שמיניה דיאט 0%,תנובה בעמ ***,,,"י""ח",1.20,ליטר,false,1,30.50,25.42,false,1,
57088,true,עמק דק 200גר`,תנובה בעמ ***,,,"י""ח",2,ל 100 גרם,false,1,16.30,8.15,true,1,
57118,true,עמק סמי מעדניה  400גרם,תנובה בעמ ***,,,"י""ח",4,ל 100 גרם,false,1,20.90,5.23,false,1,
57132,true,יוגורט תנובה 1.5% 200גרם,תנובה בעמ ***,,,"י""ח",2,ל 100 גרם,false,1,3.20,1.60,false,1,
57149,true,יוגורט תנובה 3% 200גרם,תנובה בעמ ***,,,"י""ח",2,ל 100 גרם,false,1,3.20,1.60,false,1,
58030,true,"יופלה שטוזים מקה יוגורט תות 800 מ""ל",תנובה בעמ ***,,,"י""ח",8,"ל 100 מ""ל",false,1,20.90,2.61,false,1,
58047,true,"שמנת מתוקה  (38%תנובה)עם  פקק 500 מ""ל*",תנובה בעמ ***,,,"י""ח",5,"ל 100 מ""ל",false,1,12.94,2.59,false,1,
58979,true,ג לי בטעם תות 125גר,תנובה בעמ ***,,,"י""ח",1.25,"ל 100 מ""ל",false,1,1.50,1.20,false,1,
59310,true,דג לברק טרי,ח.י. מעדני גורמה בעמ,,,"ק""ג",1,,true,1,74.90,74.90,false,1,
60316,true,פרפקטו ספגטי,קבוצת אוסם סחר-שות.מוגבלת,,,"י""ח",5,ל 100 גרם,false,1,7.70,1.54,false,1,
60903,true,פתיתים אפויים אורז אוסם,קבוצת אוסם סחר-שות.מוגבלת,,,"י""ח",5,ל 100 גרם,false,1,6.90,1.38,true,1,
61214,true,פתיתים קוסקום עם בצל 500גר`,קבוצת אוסם סחר-שות.מוגבלת,,,"י""ח",5,ל 100 גרם,false,1,7.90,1.58,true,1,
61450,true,פתיתים קוסקוס 3 צבעים 500גר`,קבוצת אוסם סחר-שות.מוגבלת,,,"י""ח",5,ל 100 גרם,false,1,7.60,1.52,true,1,
62129,true,"פודינג אינסטנט וניל  1 ק""ג",קבוצת אוסם סחר-שות.מוגבלת,,,"י""ח",1,"ק""ג",false,1,23.90,23.90,false,1,
73699,true,חומוס  150גר צבר,קבוצת אוסם סחר-שות.מוגבלת,,,"י""ח",1.50,ל 100 גרם,false,1,5.20,3.47,false,1,
74481,true,לחמית אגוזים 230גרם,קבוצת אוסם סחר-שות.מוגבלת,,,"י""ח",2.30,ל 100 גרם,false,1,8.90,3.87,true,1,
76645,true,טוסטעים חיטה מלאה 100גר`,קבוצת אוסם סחר-שות.מוגבלת,,,"י""ח",1,ל 100 גרם,false,1,10.70,10.70,false,1,
77253,true,לחמית כפרית עם דגנים מלאים 190 ג`,קבוצת אוסם סחר-שות.מוגבלת,,,"י""ח",1.90,ל 100 גרם,false,1,8.90,4.68,true,1,
89188,true,יין פומפידיתא 1ליטר,ויטה- פרי גליל (החדשה) בעמ,,,"י""ח",1,ליטר,false,1,16.90,16.90,false,1,
100302,true,פול ירוק קלוף סנפרוסט{600גר,תנובה בשר,,,"י""ח",6,ל 100 גרם,false,1,22.90,3.82,true,1,
101132,true,לקט קטניות לחמין 800ג,תנובה בשר,,,"י""ח",8,ל 100 גרם,false,1,19.90,2.49,true,1,
103730,true,לקט להקפצה עם פסטה פוזילי 800גר`,תנובה בשר,,,"י""ח",8,ל 100 גרם,false,1,22.90,2.86,true,1,
103815,true,לקט להקפצה בסגנון   תאילנ}סנפרוסט {800,תנובה בשר,,,"י""ח",8,ל 100 גרם,false,1,22.90,2.86,true,1,
103839,true,מרק כתום   572גרם סנפרוסט,תנובה בשר,,,"י""ח",5.72,ל 100 גרם,false,1,16.90,2.95,true,1,
103846,true,מרק אפונה 572גרם סנפרוסט,תנובה בשר,,,"י""ח",5.72,ל 100 גרם,false,1,10.90,1.91,true,1,
103877,true,מרק שעועית 644גרם סנפרוסט,תנובה בשר,,,"י""ח",6.44,ל 100 גרם,false,1,10.90,1.69,true,1,
110004,true,"קנס""חותמת  אדומה"" רפאל מימון",שונות /שרות,,,"י""ח",1,,false,1,200,200,false,1,
110851,true,כיפלי חטיף בצל,יוניליוור ישראל שיווק בעמ,,,"י""ח",0.70,ל 100 גרם,false,1,4.50,6.43,true,1,
113361,true,ערכת אבלים כבאות והצלה,שונות /שרות,,,"י""ח",1,,false,1,900,900,false,1,
116884,true,רוטב ברביקיו-קנור  340גרם,יוניליוור ישראל שיווק בעמ,,,"י""ח",3.40,ל 100 גרם,false,1,10.90,3.21,true,1,
120874,true,מיונז הלמנס לייט 424גרם,יוניליוור ישראל שיווק בעמ,,,"י""ח",4.24,ל 100 גרם,false,1,12.90,3.04,false,1,
124749,true,"קורנביף קפוא ארוז חב""ד",בלדי בעמ,,,"ק""ג",1,"ק""ג",true,1,46.90,46.90,false,1,
124756,true,"כתף כבש קפוא חב""ד בלדי",בלדי בעמ,,,"ק""ג",1,"ק""ג",true,1,49.90,49.90,false,1,
135342,true,"סודה טמפו 500 מ""ל בודד",טמפו משקאות בעמ,,,"י""ח",5,"ל 100 מ""ל",false,1,2.90,0.52,true,1,
135465,true,"סודה טמפו 500 מ""ל 12 בק",טמפו משקאות בעמ,,,"י""ח",6,ליטר,false,1,29.90,4.38,true,1,
136141,true,פפסי 1.5 ליטר.,טמפו משקאות בעמ,,,"י""ח",1.50,"ל 100 מ""ל",false,1,7.60,4.87,true,1,
136158,true,פפסי מקס 1.5 ליטר,טמפו משקאות בעמ,,,"י""ח",1.50,ליטר,false,1,7.50,4.80,true,1,
136172,true,סבן אפ 1.5 ליטר.,טמפו משקאות בעמ,,,"י""ח",1.50,ליטר,false,1,7.60,4.87,true,1,
136189,true,7-UP דיאט  1.5 ליטר,טמפו משקאות בעמ,,,"י""ח",1.50,ליטר,false,1,7.20,4.60,true,1,
136264,true,טוניק 1.5 ליטר,טמפו משקאות בעמ,,,"י""ח",1.50,ליטר,false,1,9.90,6.40,true,1,
136516,true,ג אמפ מנגו פסיפלורה 1.5 ליטר,טמפו משקאות בעמ,,,"י""ח",1.50,ליטר,false,1,7.50,4.80,true,1,
136523,true,ג אמפ ענבים 1.5 ליטר,טמפו משקאות בעמ,,,"י""ח",1.50,ליטר,false,1,7.50,4.80,true,1,
136561,true,ג אמפ תות בננה 1.5 ליטר,טמפו משקאות בעמ,,,"י""ח",1.50,ליטר,false,1,7.50,4.80,true,1,
136769,true,פפסי 1.5 ליטר שישיה,טמפו משקאות בעמ,,,"י""ח",9,ליטר,false,1,39.90,4.23,false,1,
136776,true,פפסי מקס 1.5 ליטר שישיה,טמפו משקאות בעמ,,,"י""ח",9,ליטר,false,1,37.90,4.01,false,1,
136790,true,סודה 1.5 ליטר שישיה טמפו,טמפו משקאות בעמ,,,"י""ח",9,ליטר,false,1,16.90,1.68,false,1,
136868,true,סאן בנדטו שישיה 1.5 ל,טמפו משקאות בעמ,,,"י""ח",9,ליטר,false,1,17.90,1.79,false,1,
136875,true,סאן בנדטו  מוגז שישיה 1.5 ליטר,טמפו משקאות בעמ,,,"י""ח",9,ליטר,false,1,19.90,2.01,false,1,
143279,true,שמפו הוואי 700 אדום,הנקל סוד בעמ,,,"י""ח",7,"ל 100 מ""ל",false,1,10.90,1.56,false,1,
151151,true,עוף טחון עוף  קצביה]**מוזל,ח.י. מעדני גורמה בעמ,,,"ק""ג",1,,true,1,39.90,39.90,true,1,
158105,true,שניצל דינוזאור עוף טוב,קבוצת אוסם סחר-שות.מוגבלת,,,"י""ח",7,ל 100 גרם,false,1,29.90,4.27,true,1,
160078,true,"קוסקוס קנור 10ק""ג",יוניליוור ישראל שיווק בעמ,,,"י""ח",1.80,ל 100 גרם,false,1,139.90,77.72,false,1,
168173,true,ברנפלקס קראנצ`ים 375גרם,יוניליוור ישראל שיווק בעמ,,,"י""ח",5,ל 100 גרם,false,1,19.90,3.98,false,1,
169538,true,נמס בכוס מרק עגבניות עם קרוטונים 62  ג`ב,יוניליוור ישראל שיווק בעמ,,,"י""ח",0.34,ל 100 גרם,false,1,6.90,20.29,true,1,
169798,true,"עוגי מופחת סוכר  500 ג בד""ץ",יוניליוור ישראל שיווק בעמ,,,"י""ח",5,ל 100 גרם,false,1,19.90,3.98,true,1,
176420,true,111,שטראוס גרופ בעמ,,,"י""ח",2,"ל 100 מ""ל",false,1,19.90,9.95,true,1,
187853,true,נייר טואלט לילי לבן 1/40,קימברלי קלארק ישראל שיווק בעמ,,,"י""ח",40,"י""ח",false,1,43.90,1.10,true,1,
188386,true,מגבות ניקול לבנה 1/12,קימברלי קלארק ישראל שיווק בעמ,,,"י""ח",132.40,מארז,false,1,21.90,0.17,false,1,
188591,true,מגני תחתון קוטקס SILK יאנג,קימברלי קלארק ישראל שיווק בעמ,,,"י""ח",1,"י""ח",false,1,22.90,22.90,true,1,
189079,true,תבניות אינגליש קייק חזקות ועבות,קימברלי קלארק ישראל שיווק בעמ,,,"י""ח",1,,false,1,11.90,11.90,false,1,
189116,true,תבניות עגולות חזקות ועבות,קימברלי קלארק ישראל שיווק בעמ,,,"י""ח",1,,false,1,11.90,11.90,false,1,
189260,true,תבניות מלבניות חזקות ועבות,קימברלי קלארק ישראל שיווק בעמ,,,"י""ח",1,,false,1,11.90,11.90,false,1,
189598,true,מטליות לחות חד פעמיות ניקול,קימברלי קלארק ישראל שיווק בעמ,,,"י""ח",1,ל 100 גרם,false,1,9.80,9.80,false,1,
191645,true,האגיס רך נולד NB,קימברלי קלארק ישראל שיווק בעמ,,,"י""ח",1,,false,1,31.90,31.90,false,1,
192581,true,מגבות ניקול גליל כפול 6=12,קימברלי קלארק ישראל שיווק בעמ,,,"י""ח",6,"י""ח",false,1,21.90,3.65,false,1,
197425,true,האגיס פרידום דריי שלב 3,קימברלי קלארק ישראל שיווק בעמ,,,"י""ח",54,"י""ח",false,1,45.90,0.85,true,1,
197463,true,האגיס פרידום דריי שלב 4+,קימברלי קלארק ישראל שיווק בעמ,,,"י""ח",42,"י""ח",false,1,45.90,1.09,true,1,
197548,true,האגיס פרידום דריי שלב 5,קימברלי קלארק ישראל שיווק בעמ,,,"י""ח",38,"י""ח",false,1,45.90,1.21,true,1,
197678,true,האגיס פרידום דריי שלב  6,קימברלי קלארק ישראל שיווק בעמ,,,"י""ח",34,"י""ח",false,1,45.90,1.35,true,1,
201849,true,טיטולים פרמיום שלב 4,קימברלי קלארק ישראל שיווק בעמ,,,"י""ח",1,"י""ח",false,1,36.90,36.90,true,1,
201863,true,טיטולים פרמיום שלב 5,קימברלי קלארק ישראל שיווק בעמ,,,"י""ח",1,"י""ח",false,1,36.90,36.90,true,1,
201870,true,טיטולים פרמיום שלב 6,קימברלי קלארק ישראל שיווק בעמ,,,"י""ח",1,"י""ח",false,1,36.90,36.90,true,1,
209012,true,חומץ 1ליטר]יכין[,זנלכל בעמ,,,"י""ח",6,"ל 100 מ""ל",false,1,6.90,1.15,true,1,
209371,true,שלשות תירס 6OZ,זנלכל בעמ,,,"י""ח",6,ל 100 גרם,false,1,14.90,2.48,false,1,
209388,true,תירס לייט 150 ג  שלישיה,זנלכל בעמ,,,"י""ח",1,,false,1,14.90,14.90,false,1,
210896,true,רוטב בולונז לפסטה 240 גר`פלסטיק,זנלכל בעמ,,,"י""ח",2.40,ל 100 גרם,false,1,5.50,2.29,false,1,
263359,true,האגיס פומלה NB1.,קימברלי קלארק ישראל שיווק בעמ,,,"י""ח",1,"י""ח",false,1,31.90,31.90,false,1,
293820,true,"ג`ל רחצה קרמה מן 700מ""ל",החב הדרומית לשיווק,,,"י""ח",1,,false,1,14.90,14.90,false,1,
311272,true,וופל חלבה 180 גר`מן,ח.כהן סוכנות מזון ומשקאות בע,,,"י""ח",1.80,ל 100 גרם,false,1,4.90,2.72,false,1,
311746,true,עוגיות קרמל 300ג מן,ח.כהן סוכנות מזון ומשקאות בע,,,"י""ח",3,ל 100 גרם,false,1,6.90,2.30,false,1,
311869,true,וופל שוקולד ללא סוכר 180ג מן,ח.כהן סוכנות מזון ומשקאות בע,,,"י""ח",1.80,ל 100 גרם,false,1,7.90,4.39,false,1,
311876,true,"וופלים  וניל לל""ס 180גר מן",ח.כהן סוכנות מזון ומשקאות בע,,,"י""ח",2,ל 100 גרם,false,1,7.90,3.95,false,1,
318189,true,פסטרמה ברביקיו על האש 300גר.,מעדני יחיעם 1993 בעמ,,,"י""ח",3,ל 100 גרם,false,1,29.90,9.97,false,1,
319247,true,נקניק פריזר 600גר,מעדני יחיעם 1993 בעמ,,,"י""ח",6,ל 100 גרם,false,1,15.90,2.65,false,1,
319292,true,"נקניקיות וינר פלוס1 ק""ג",מעדני יחיעם 1993 בעמ,,,"י""ח",1,"ק""ג",false,1,19.90,19.90,false,1,
319391,true,"נקניקיות צ`ופר 1 ק""ג",מעדני יחיעם 1993 בעמ,,,"י""ח",1,"ק""ג",false,1,20.90,20.90,false,1,
364261,true,סלסולי כתף בקר 120גר`,תנובה בשר,,,"י""ח",1.20,ל 100 גרם,false,1,13.90,11.58,false,1,
364285,true,סלסולי פסטרמה הודו 120גר`,תנובה בשר,,,"י""ח",1.20,ל 100 גרם,false,1,13.90,11.58,false,1,
379240,true,חלה רגילה מרובעת  500  גרם*,שלמה א.אנג ל בעמ,,,"י""ח",5,ל 100 גרם,false,1,5.10,1.02,false,1,
416809,true,ממרח שחר חצי חצי מובחר למריחה 350 חלבי,השחר העולה תעשית ממתקים,,,"י""ח",3.50,ל 100 גרם,false,1,10.90,3.11,false,1,
416922,true,ממרח חלב שחר  350 חלבי,השחר העולה תעשית ממתקים,,,"י""ח",3.50,ל 100 גרם,false,1,10.90,3.11,false,1,
419374,true,מארז לנדוור טחון טורקי 3*100גרם,ש.שסטוביץ בעמ,,,"י""ח",2,ל 100 גרם,false,1,18.90,9.45,false,1,
453408,true,בצק פיצה דק ומוכן לאפיה שמרית 415גר,שטראוס גרופ ***בעמ,,,"י""ח",4.15,ל 100 גרם,false,1,16.90,4.07,true,1,
453415,true,בצק עלים מצונן ומוכן לאפיה שמרית 300גר,שטראוס גרופ ***בעמ,,,"י""ח",3,ל 100 גרם,false,1,14.90,4.97,true,1,
453422,true,בצק פילו מוכן לאפיה שמרית 300גר,שטראוס גרופ ***בעמ,,,"י""ח",3,ל 100 גרם,false,1,14.90,4.97,true,1,
453798,true,שמרים אקטיבים 500גר עלית,שטראוס גרופ בעמ,,,"י""ח",5,ל 100 גרם,false,1,15,3,true,1,
453866,true,נטורינה קוקוס  200גר,שטראוס גרופ ***בעמ,,,"י""ח",2,ל 100 גרם,false,1,7.90,3.95,true,1,
453880,true,מרגרינה ללא מלח לאפייה ובישול 200גר,שטראוס גרופ ***בעמ,,,"י""ח",2,ל 100 גרם,false,1,5.40,2.70,true,1,
453897,true,מרגרינה בטעם חמאה 200גר,שטראוס גרופ ***בעמ,,,"י""ח",2,ל 100 גרם,false,1,5.90,2.95,true,1,
462141,true,סחוג אדום חריף זהבי  150גר`,שטראוס גרופ ***בעמ,,,"י""ח",1.50,ל 100 גרם,false,1,7.90,5.27,true,1,
467320,true,חומוס אבו מרוואן 400גר,קבוצת אוסם סחר-שות.מוגבלת,,,"י""ח",4,ל 100 גרם,false,1,14.80,3.70,true,1,
481883,true,מארז 10 לחמניות אצבע.,דגנית עין בר ~~~,,,"י""ח",1,,false,1,11.90,11.90,false,1,
518190,true,מתוק וקל סטיביה 100 שק.,מתוק וקל בעמ,,,"י""ח",0.25,ל 100 גרם,false,1,24.70,98.80,false,1,
521008,true,יין סגל אדום יבש,טמפו משקאות בעמ,,,"י""ח",7.50,"ל 100 מ""ל",false,1,21.90,2.88,true,1,
523804,true,"מלח עדין 1 ק""ג צנצנת הארץ",סוגת תעשיות בעמ,,,"י""ח",1,"ק""ג",false,1,6.90,6.90,false,1,
523811,true,"מלח גס 1 ק""ג צנצנת הארץ",סוגת תעשיות בעמ,,,"י""ח",1,"ק""ג",false,1,6.90,6.90,false,1,
530024,true,תה מעושן רחב זוגלובק,זוגלובק שיווק בעמ,,,"ק""ג",10,ל 100 גרם,true,1,44.90,4.49,false,1,
530031,true,פיין סלמי זוגלובק,זוגלובק שיווק בעמ,,,"י""ח",10,ל 100 גרם,true,1,55.20,5.52,false,1,
530062,true,מעושן איטלקי]זוגלובק[,זוגלובק שיווק בעמ,,,"ק""ג",1,"י""ח",true,1,75.60,75.60,false,1,
536743,true,קריספי סטיקס תירס 500 גרם,זוגלובק שיווק בעמ,,,"י""ח",1.50,"ק""ג",false,1,14.90,9.93,false,1,
551531,true,חזה  מס `3קפוא  מוכשר,נטו מלינדה סחר בעמ,,,"ק""ג",1,,true,1,31.90,31.90,false,1,
554532,true,צפתית גד  מעודנת 5% במלח ים טבעי 200 ג,מחלבות גד,,,"י""ח",2,"ל 100 מ""ל",false,1,13.90,6.95,false,1,
554754,true,מוצרלה במים גד,מחלבות גד,,,"ק""ג",1,"ק""ג",true,1,92.80,92.80,false,1,
554815,true,גבינה מוצרלה  משק}גד{,מחלבות גד,,,"ק""ג",1,,true,1,79.90,79.90,false,1,
554891,true,בולגרית פח  %16}גד{,מחלבות גד,,,"ק""ג",1,,true,1,55.90,55.90,false,1,
555502,true,אריזת פקדון(חוק  פקדון),שונות /שרות,,,"י""ח",1,,false,1,0.30,0.30,false,1,
555503,true,פיקדון X 6,שונות /שרות,,,"י""ח",1,,false,1,1.80,1.80,false,1,
555504,true,פיקדון X 4,שונות /שרות,,,"י""ח",1,,false,1,1.20,1.20,false,1,
555509,true,פיקדון 12X,שונות /שרות,,,"י""ח",1,,false,1,3.60,3.60,false,1,
574172,true,לחם קל מחיטה מלאה 750גר`,דגנית עין בר ~~~,,,"י""ח",7.50,ל 100 גרם,false,1,14.90,1.99,false,1,
574455,true,לחם חיטה מלא פלוס כוסמין 750גר,דגנית עין בר ~~~,,,"י""ח",7.50,ל 100 גרם,false,1,14.90,1.99,false,1,
630519,true,עוף טרי שלם מוכשר(קצביה)**.,ח.י. מעדני גורמה בעמ,,,"ק""ג",1,"ק""ג",true,1,19.90,19.90,false,1,
631059,true,כבד עוף  טרי(קצביה) **.,ח.י. מעדני גורמה בעמ,,,"ק""ג",1,"ק""ג",true,1,29.90,29.90,true,1,
632278,true,שניצל עוף פרימיום  נקי ודק  דק[קצביה].,ח.י. מעדני גורמה בעמ,,,"ק""ג",1,"ק""ג",true,1,49.90,49.90,true,1,
632308,true,חזה עוף חצוי נקי טרי(קצביה )**.,ח.י. מעדני גורמה בעמ,,,"ק""ג",1,,true,1,42.80,42.80,true,1,
633800,true,כנפיים פטם  עטרה]קפוא[,נטו מלינדה סחר בעמ,,,"ק""ג",1,"ק""ג",true,1,14.90,14.90,false,1,
641751,true,חזה הודו טרי נז  קצביה**,ח.י. מעדני גורמה בעמ,,,"ק""ג",1,,true,1,34.90,34.90,false,1,
642840,true,שוקיים הודו טרי**,ח.י. מעדני גורמה בעמ,,,"ק""ג",1,,true,1,29.90,29.90,false,1,
643243,true,שווארמה הודו נקבה}קצביה{**,ח.י. מעדני גורמה בעמ,,,"ק""ג",1,,true,1,74.90,74.90,false,1,
643946,true,כנף הודו   טרי}קצביה{**,ח.י. מעדני גורמה בעמ,,,"ק""ג",1,,true,1,14.90,14.90,false,1,
644356,true,גרון   הודו טרי(קצביה)**,ח.י. מעדני גורמה בעמ,,,"ק""ג",1,,true,1,32.90,32.90,false,1,
644783,true,דג סלמון קפוא מנות תנובה,תנובה בשר,,,"ק""ג",1,"ק""ג",true,1,89.90,89.90,false,1,
646299,true,פילה נסיכת נילוס 100% דג,תנובה בשר,,,"ק""ג",1,,true,1,54.90,54.90,false,1,
651651,true,עוף טוב רצועות צ`ונגו אמיתי,בלדי בעמ,,,"ק""ג",1,"ק""ג",true,1,47.90,47.90,false,1,
652177,true,נתחי פילה נסיכה 100% דג,תנובה בשר,,,"ק""ג",1,,true,1,59.90,59.90,false,1,
657657,true,מאפים טריים במשקל אפיה מקומית.,ג נרל מילס ישראל בעמ,,,"ק""ג",1,,true,1,44.90,44.90,true,1,
663036,true,פילה אמנון ללא עור קפוא,תנובה בשר,,,"ק""ג",1,,true,1,44.90,44.90,false,1,
663135,true,קוביות סלמון קפוא 300ג,תנובה בשר,,,"י""ח",3,ל 100 גרם,false,1,29.90,9.97,false,1,
688374,true,מי עדן בייבי שישיה 250,יפאורה שותפות מוגבלת לשיווק,,,"י""ח",1.50,ליטר,false,1,15.80,9.33,false,1,
688381,true,מי עדן שישיה 0.5 ליטר,יפאורה שותפות מוגבלת לשיווק,,,"י""ח",3,ליטר,false,1,13.90,4.03,true,1,
688428,true,מי מינרלים בודד חצי ליטר,יפאורה שותפות מוגבלת לשיווק,,,"י""ח",5,"ל 100 מ""ל",false,1,3,0.54,false,1,
688503,true,"מי עדן שישייה ג ים 750 מ""ל",יפאורה שותפות מוגבלת לשיווק,,,"י""ח",4.50,ליטר,false,1,16.50,3.27,false,1,
861000,true,משטח עץ,שונות /שרות,,,"י""ח",1,,false,1,7,7,false,1,
961804,true,דלעת ארוזה שקיל,ביכורי השדה צפון 1994 ג.ד. בעמ,,,"ק""ג",1,,true,1,12.90,12.90,false,1,
990261,true,"חומוס 1 ק""ג סוגת.",סוגת תעשיות בעמ,,,"י""ח",1,"ק""ג",false,1,14.90,14.90,true,1,
1053508,true,"סטייק אנטריקוט חב""ד קפוא",בלדי בעמ,,,"ק""ג",1,"ק""ג",true,1,69.90,69.90,false,1,
1053515,true,"סטייק אנטריקוט חב""ד קפוא",בלדי בעמ,,,"ק""ג",1,"ק""ג",true,1,69.90,69.90,false,1,
1053553,true,"צלי כתף מס 5 חב""ד קפוא",בלדי בעמ,,,"ק""ג",1,"ק""ג",true,1,89.90,89.90,false,1,
1053560,true,"פילה מדומה מס `6 חב""ד קפוא",בלדי בעמ,,,"ק""ג",0,"ק""ג",true,1,44.90,44.90,false,1,
1053577,true,"שריר בשר  מס `8 חב""ד קפוא",בלדי בעמ,,,"ק""ג",1,"ק""ג",true,1,49.90,49.90,false,1,
1053591,true,"אסאדו מס 9 חב""ד קפוא",בלדי בעמ,,,"ק""ג",1,,true,1,59.90,59.90,false,1,
1053737,true,"צלעות  מס2 חב""ד קפוא",בלדי בעמ,,,"ק""ג",1,,true,1,42.90,42.90,false,1,
1053751,true,"כתף  מס `4 קפוא חב""ד.",בלדי בעמ,,,"ק""ג",1,,true,1,42.90,42.90,false,1,
1053768,true,"מכסה הצלע מס -7ג. חב""ד קפוא.",בלדי בעמ,,,"ק""ג",1,"ק""ג",true,1,36.90,36.90,false,1,
1111009,true,נקנק צוריסוס  תפזורת,בלדי בעמ,,,"ק""ג",1,"י""ח",true,1,50.90,50.90,false,1,
1111012,true,המבורגר מסעדות 220ג  תפזורת,בלדי בעמ,,,"ק""ג",1,"י""ח",true,1,49.90,49.90,false,1,
1111213,true,המבורגר ביג בורגר 165ג תפזורת,בלדי בעמ,,,"ק""ג",1,"י""ח",true,1,35.90,35.90,false,1,
1111237,true,קבב בלדי 50ג  תפזורת,בלדי בעמ,,,"ק""ג",2.20,ל 100 גרם,true,1,49.90,22.68,false,1,
1111303,true,טחון בקר תפזורת,בלדי בעמ,,,"ק""ג",1,"י""ח",true,1,33.90,33.90,false,1,
1111322,true,קבב מזרחי  תפזורת,בלדי בעמ,,,"ק""ג",2.20,ל 100 גרם,true,1,27.90,12.68,false,1,
1121048,true,"גולש בקר מעובד 8ק""ג   תפזורת",בלדי בעמ,,,"ק""ג",1,"י""ח",true,1,35.90,35.90,false,1,
1121672,true,פסטרמה מעודנת בפפריקה   300ג,מעדני יחיעם 1993 בעמ,,,"י""ח",3.30,ל 100 גרם,false,1,19.90,6.03,false,1,
1121795,true,נקניקיות עוף חריפות 400גרם,מעדני יחיעם 1993 בעמ,,,"י""ח",4,ל 100 גרם,false,1,11.90,2.98,false,1,
1121849,true,פסטרמה הודו 100% חומרים טבעיים 250גרם,מעדני יחיעם 1993 בעמ,,,"י""ח",2.50,ל 100 גרם,false,1,24.90,9.96,false,1,
1133682,true,"סלמון נורבגי שלם בד""ץ",בלדי בעמ,,,"ק""ג",1,,true,1,76.90,76.90,false,1,
1134153,true,גרון  הודו קפוא  ארוז.,נטו מלינדה סחר בעמ,,,"ק""ג",1,,true,1,29.90,29.90,false,1,
1201510,true,ביצים M 30 יח,מ.לסר בעמ,,,"י""ח",30,"י""ח",false,1,27.80,0.93,false,1,
1201602,true,ביצים L 18יח,מ.לסר בעמ,,,"י""ח",18,"י""ח",false,1,18,1,false,1,
1201619,true,ביצים M 18יח,מ.לסר בעמ,,,"י""ח",18,"י""ח",false,1,16.70,0.93,false,1,
1201862,true,ביצים 12יח L חופש,מ.לסר בעמ,,,"י""ח",12,"י""ח",false,1,17.90,1.49,false,1,
1216040,true,"טחינה""אל   ארז""רגילה  500גר",סוגת תעשיות בעמ,,,"י""ח",5,ל 100 גרם,false,1,16.90,3.38,false,1,
1230739,true,קאמל כחול בודד,גלוברנדס בעמ,,,"י""ח",1,,false,1,31,31,false,1,
1231932,true,וינסטון כחול בודד.,גלוברנדס בעמ,,,"י""ח",1,,false,1,32.50,32.50,false,1,
1235938,true,וינסטון כחול ארוך,גלוברנדס בעמ,,,"י""ח",1,,false,1,32.50,32.50,false,1,
1245798,true,נ.כלים לימון 1.6  ל`טאצ,סאסאטק אגשח בעמ,,,"י""ח",1.60,ליטר,false,1,11.90,7.44,true,1,
1245842,true,נוזל רצפות מאסק 4ליטר טאצ`,סאסאטק אגשח בעמ,,,"י""ח",4,ליטר,false,1,14.90,3.73,true,1,
1246757,true,נוזל רצפות מלון בוטיק  2ליטר טאצ`,סאסאטק אגשח בעמ,,,"י""ח",2,ליטר,false,1,18.90,9.45,true,1,
1415407,true,לחמנית קשר פילסברי,ג נרל מילס ישראל בעמ,,,"י""ח",5,ל 100 גרם,false,1,2.50,0.50,true,1,
1419618,true,וופל בלגי שוקו 200גר`,ח.כהן סוכנות מזון ומשקאות בע,,,"י""ח",2,ל 100 גרם,false,1,3.90,1.95,true,1,
1419793,true,"גביעי גלידה  12יח  בד""צ",ח.כהן סוכנות מזון ומשקאות בע,,,"י""ח",1,,false,1,13.90,13.90,false,1,
1427019,true,"מיץ תפוזים 500מ""ל סחוט בקבוק זכוכית",תנובה בעמ ***,,,"י""ח",5,"ל 100 מ""ל",false,1,17.50,3.44,false,1,
1436950,true,אסאדו מס 9  עם עצם מוכשר,בלדי בעמ,,,"ק""ג",1,,true,1,59.90,59.90,false,1,
1444160,true,"שמן זית כתית מעולה מ עץ הזית 750 מ""ל.",סוגת תעשיות בעמ,,,"י""ח",7.50,"ל 100 מ""ל",false,1,33.90,4.52,true,1,
1455418,true,סטייק טונה בוואקום,בלדי בעמ,,,"ק""ג",1,"ק""ג",true,1,44.90,44.90,false,1,
1455456,true,פילה נסיכת הנילוס פרוס,בלדי בעמ,,,"ק""ג",1,"ק""ג",true,1,62.90,62.90,false,1,
1459676,true,"המבורגר 400גרם חב""ד ארוז",בלדי בעמ,,,"י""ח",4,ל 100 גרם,false,1,17.90,4.48,false,1,
1459683,true,"קבב מזרחי 400גרם חב""ד ארוז",בלדי בעמ,,,"י""ח",4,ל 100 גרם,false,1,17.90,4.48,false,1,
1459690,true,"טחון בקר טהור  1ק""ג חב""ד קפוא",בלדי בעמ,,,"י""ח",1,"ק""ג",false,1,39.90,39.90,false,1,
1459706,true,"טחון בקר  1ק""ג חב""ד קפוא",בלדי בעמ,,,"י""ח",1,"ק""ג",false,1,32.90,32.90,false,1,
1459713,true,"גולש בקר 800גרם חב""ד ארוז",בלדי בעמ,,,"י""ח",4,ל 100 גרם,false,1,36.90,9.23,false,1,
1460092,true,חזה בקר מס 3 מוכשר פולין קפוא,בלדי בעמ,,,"ק""ג",1,,true,1,34.90,34.90,false,1,
1461860,true,פיתה אסלי}פילסברי   {10יח,ג נרל מילס ישראל בעמ,,,"י""ח",1,,false,1,13.90,13.90,true,1,
1482049,true,בולגריה בקוביות עם שמן ותבלינים שקיל,ג.וילי פוד אינטרנשיונל בעמ,,,"ק""ג",1,,true,1,65,65,false,1,
1567708,true,נקניק וינר 400ג ללא,מעדני יחיעם 1993 בעמ,,,"י""ח",4,ל 100 גרם,false,1,11.90,2.98,true,1,
1567760,true,פסטרמה של פעם  300ג,מעדני יחיעם 1993 בעמ,,,"י""ח",3,ל 100 גרם,false,1,24.90,8.30,false,1,
1567814,true,סלמי מעושן בסגנון איטלקי 300ג,מעדני יחיעם 1993 בעמ,,,"י""ח",3,ל 100 גרם,false,1,19.90,6.63,false,1,
1591505,true,סטייק דג טונה  קפוא עם עור מחנה יהודה.,נטו מלינדה סחר בעמ,,,"ק""ג",1,"ק""ג",true,1,39.90,39.90,true,1,
1591512,true,נתחי סלמון ללא עור קפוא מחנה יהודה,נטו מלינדה סחר בעמ,,,"ק""ג",1,"ק""ג",true,1,99.90,99.90,false,1,
1591529,true,פילה סלמון מנות קפוא מחנה יהודה.,נטו מלינדה סחר בעמ,,,"ק""ג",1,"ק""ג",true,1,89.90,89.90,false,1,
1591550,true,פילה אמנון ללא עור מחנה יהודה.,נטו מלינדה סחר בעמ,,,"ק""ג",1,"ק""ג",true,1,37.90,37.90,true,1,
1591574,true,פילה אמנון 80% מחנה יהודה.,נטו מלינדה סחר בעמ,,,"ק""ג",1,"ק""ג",true,1,26.90,26.90,false,1,
1591604,true,המבורגר אנגוס מחנה יהודה 600גר,נטו מלינדה סחר בעמ,,,"י""ח",6,ל 100 גרם,false,1,29.90,4.98,true,1,
1591635,true,נקניקיות מרגז סגנון מרוקאי מחנה יהודה,נטו מלינדה סחר בעמ,,,"י""ח",5,ל 100 גרם,false,1,29.90,5.98,true,1,
1591642,true,קבבוני טלה מחנה יהודה 500גר.,נטו מלינדה סחר בעמ,,,"י""ח",5,ל 100 גרם,false,1,29.90,5.98,true,1,
1591673,true,"קניידלך מקמח תפו""א  500גר",נטו מלינדה סחר בעמ,,,"י""ח",5,ל 100 גרם,false,1,19.90,3.98,false,1,
1648919,true,קפה כתר 70גר3*.,רוני רג ואן,,,"י""ח",2.10,ל 100 גרם,false,1,12.90,6.14,false,1,
1664285,true,שווארמה אנטריקוט  תפזורת,בלדי בעמ,,,"ק""ג",1,"י""ח",true,1,76.90,76.90,false,1,
1713150,true,אקונומיקה קצף ניקוי 1ליטר מרסס,קומפלקס כימיקלסבעמ ~~~,,,"י""ח",1,,false,1,8.90,8.90,false,1,
1713921,true,אקונומיקה}סנט   מוריץ{4ליטר,קומפלקס כימיקלסבעמ ~~~,,,"י""ח",4,ליטר,false,1,9.90,2.48,false,1,
1879627,true,פילה עוף  טרי**,ח.י. מעדני גורמה בעמ,,,"ק""ג",1,,true,1,49.90,49.90,true,1,
2013006,true,פסטרמה מקסיקנית,זוגלובק שיווק בעמ,,,"ק""ג",1,,true,1,76.90,76.90,false,1,
2013037,true,פסטרמה פרגיות על לבנים 1% שומן,זוגלובק שיווק בעמ,,,"ק""ג",1,,true,1,76.90,76.90,false,1,
2043232,true,צ`יפס אורז חום מלא טקסס ברביקיו 120גר,א.ל.יצור ושיווקתבלינים בעמ,,,"י""ח",1.20,ל 100 גרם,false,1,11.90,9.92,true,1,
2043591,true,צ`יפס אורז חום מלא פפריקה 120גר,א.ל.יצור ושיווקתבלינים בעמ,,,"י""ח",1.20,ל 100 גרם,false,1,11.90,9.92,true,1,
2043874,true,באר אקסטרה קרמל בציפוי שוקולד לבן 90גר,א.ל.יצור ושיווקתבלינים בעמ,,,"י""ח",0.90,ל 100 גרם,false,1,13.90,15.44,true,1,
2057437,true,שיפקונית A-2,קבוצת יבנה מוצרי מזון בעמ,,,"י""ח",5.60,ל 100 גרם,false,1,9.90,1.77,false,1,
2075271,true,ריקולה שקית 70ג צמחים,שוקוטרייד בעמ,,,"י""ח",0.70,ל 100 גרם,false,1,11.90,17,false,1,
2077725,true,סלומון נורווגי מצונן 100 גרם(נטו),נטו מלינדה סחר בעמ,,,"י""ח",1,ל 100 גרם,false,1,19.90,19.90,false,1,
2107385,true,מה עז  180 גרם צוריאל,*החברה המרכזית להפצת משקאותבעמ,,,"י""ח",1.80,ל 100 גרם,false,1,23.30,12.94,false,1,
2111313,true,"עגב. קוביות A2.5 בד""ץ",זנלכל בעמ,,,"י""ח",1,,false,1,9.90,9.90,false,1,
2111672,true,רוטב עגבניות 22% מבורך,זנלכל בעמ,,,"י""ח",5.70,ל 100 גרם,false,1,8.90,1.56,false,1,
2129462,true,פיצה איטלקית דקה שלושת האופים זוג 640ג,נטו מלינדה סחר בעמ,,,"י""ח",6.40,ל 100 גרם,false,1,28.90,4.52,true,1,
2129479,true,פיצה איטלקית דקה שלושת האופים 320גר,נטו מלינדה סחר בעמ,,,"י""ח",3.20,ל 100 גרם,false,1,16.90,5.28,true,1,
2157830,true,קוביות גולש 100% בשר  800ג,נטו מלינדה סחר בעמ,,,"י""ח",8,ל 100 גרם,false,1,39.90,4.99,false,1,
2157953,true,טונה  קנולה 140ג 1/4,נטו מלינדה סחר בעמ,,,"י""ח",5.60,ל 100 גרם,false,1,19.90,3.55,true,1,
2157960,true,טונה  במים 140ג 1/4,נטו מלינדה סחר בעמ,,,"י""ח",5.60,ל 100 גרם,false,1,19.90,3.55,true,1,
2198048,true,פסטרמה הודו בתיבול שווארמה,זוגלובק שיווק בעמ,,,"י""ח",1,,true,1,76.90,76.90,false,1,
2198116,true,פסטרמה ברזילאית זוגלובק,זוגלובק שיווק בעמ,,,"ק""ג",10,ל 100 גרם,true,1,114.90,11.49,false,1,
2263562,true,"רוטב לימון משומר 200מ""ל",א.ל.יצור ושיווקתבלינים בעמ,,,"י""ח",2,"ל 100 מ""ל",false,1,6.70,3.35,false,1,
2263586,true,"מיץ לימון משומר 500מ""ל (מימון)",א.ל.יצור ושיווקתבלינים בעמ,,,"י""ח",5,"ל 100 מ""ל",false,1,11.90,2.38,true,1,
2277668,true,טונה פוסידון רביעיות,נטו מלינדה סחר בעמ,,,"י""ח",3.40,ל 100 גרם,false,1,19.90,5.85,false,1,
2278528,true,זוג כריות ניקוי כלים,ח.כהן סוכנות מזון ומשקאות בע,,,"י""ח",2,"י""ח",false,1,7.90,3.95,false,1,
2281405,true,סלט סלמון מעושן 160*2יח,נטו מלינדה סחר בעמ,,,"י""ח",3.20,ל 100 גרם,false,1,9.90,3.09,false,1,
2281429,true,סטייק דג טונה קפוא ללא עור,נטו מלינדה סחר בעמ,,,"ק""ג",1,"ק""ג",true,1,54.90,54.90,false,1,
2281979,true,שריר בשר  מס `8   חלק.,נטו מלינדה סחר בעמ,,,"ק""ג",1,,true,1,32.90,32.90,false,1,
2291107,true,"אפונה וגזר  2.5ק""ג",בלדי בעמ,,,"ק""ג",2.50,"ק""ג",true,1,10.90,4.36,false,1,
2291121,true,"גזר גמדי   2.5ק""ג",בלדי בעמ,,,"ק""ג",2.50,"ק""ג",true,1,10.90,4.36,false,1,
2291138,true,"לקט ירקות העונה 2.5ק,ג",בלדי בעמ,,,"ק""ג",2.50,"ק""ג",true,1,10.90,4.36,false,1,
2291145,true,"שעועית ירוקה חתוכה    2.5ק""ג",בלדי בעמ,,,"ק""ג",2.50,"ק""ג",true,1,10.90,4.36,false,1,
2291169,true,"שעועית ירוקה שלמה עדינה    2.5ק""ג",בלדי בעמ,,,"ק""ג",2.50,"ק""ג",true,1,10.90,4.36,false,1,
2291206,true,"שעועית צהובה  שלמה    2.5ק""ג",בלדי בעמ,,,"ק""ג",2.50,"ק""ג",true,1,10.90,4.36,false,1,
2291244,true,"במיה  2.5ק""ג",בלדי בעמ,,,"ק""ג",2.50,"ק""ג",true,1,10.90,4.36,false,1,
2291275,true,"תחתיות ארטישוק  2ק""ג",בלדי בעמ,,,"ק""ג",2,"ק""ג",true,1,19.90,9.95,false,1,
2291695,true,צוואר  מס10 מוכשר ברזיל קפוא,בלדי בעמ,,,"ק""ג",1,,true,1,30.90,30.90,false,1,
2300884,true,צ`דר אנגלי כתום נטו.,א. סיימן סחר בעמ,,,"ק""ג",1,,true,1,129,129,true,1,
2327066,true,קונכיות בצק קפוא,נטו מלינדה סחר בעמ,,,"י""ח",5,ל 100 גרם,false,1,21.90,4.38,true,1,
2327073,true,בורקס גבינה 800 גרם,נטו מלינדה סחר בעמ,,,"י""ח",8,ל 100 גרם,false,1,17.90,2.24,true,1,
2331360,true,נביעות שישיות 500 מייל פקק ספורט,החברה המרכזית להפצת משקאות בעמ,,,"י""ח",3,ליטר,false,1,14.90,4.37,true,1,
2331490,true,נביעות 1ליטר,החברה המרכזית להפצת משקאות בעמ,,,"י""ח",1,ליטר,false,1,3.50,3.50,true,1,
2345022,true,אנטריקוט דקדק 250גר,נטו מלינדה סחר בעמ,,,"י""ח",2.50,ל 100 גרם,false,1,19.90,7.96,true,1,
2345060,true,מאסדם גבינה הולנדי אמיתי שקיל.,נטו מלינדה סחר בעמ,,,"ק""ג",1,,true,1,75,75,false,1,
2345077,true,שניצל בקר דק דק 250ג אל גאוצו,נטו מלינדה סחר בעמ,,,"י""ח",2.50,ל 100 גרם,false,1,14.90,5.96,true,1,
2345435,true,פילה מרלוזה,נטו מלינדה סחר בעמ,,,"ק""ג",1,"ק""ג",true,1,31.90,31.90,false,1,
2370123,true,גבינת עיזים רכה  29% שקיל,ג.וילי פוד אינטרנשיונל בעמ,,,"ק""ג",1,"י""ח",true,1,99,99,false,1,
2370673,true,שערות גבינה  שקיל,ג.וילי פוד אינטרנשיונל בעמ,,,"ק""ג",1,"ק""ג",true,1,99,99,true,1,
2370680,true,אצבעות מוצרלי במשקל ויליפוד,ג.וילי פוד אינטרנשיונל בעמ,,,"ק""ג",1,,true,1,79.90,79.90,true,1,
2370734,true,צמות גבינה במי מלח 25% שומן  שקיל,ג.וילי פוד אינטרנשיונל בעמ,,,"ק""ג",1,"ק""ג",true,1,99,99,true,1,
2370970,true,גבינת איבריקו גלגל שקיל,ג.וילי פוד אינטרנשיונל בעמ,,,"ק""ג",1,"ק""ג",true,1,113,113,false,1,
2371403,true,מארז זוגות 600 גר`,תנובה בשר,,,"י""ח",6,ל 100 גרם,false,1,28.90,4.82,false,1,
2374640,true,שמן קנולה פלוס אומגה 3 עץ הזית 1ליטר,סוגת תעשיות בעמ,,,"י""ח",1,ליטר,false,1,15.90,15.90,false,1,
2385455,true,בולגרית מעודנת 24% גד מעדנייה,מחלבות גד,,,"ק""ג",1,,true,1,61,61,false,1,
2385486,true,גבינת שמנת טבעית 30% שקיל גד,מחלבות גד,,,"ק""ג",1,,true,1,44.90,44.90,false,1,
2385493,true,גבינת שמנת זיתים 30% שקיל,מחלבות גד,,,"ק""ג",1,,true,1,44.90,44.90,false,1,
2385509,true,גבינת שמנת שמיר 30% שקיל גד,מחלבות גד,,,"ק""ג",1,,true,1,44.90,44.90,false,1,
2385608,true,לאבנה 5% שקיל,מחלבות גד,,,"ק""ג",1,,true,1,37.40,37.40,false,1,
2395408,true,"גבנצ  נעם 28% ק""ג  *.",*החברה המרכזית להפצת משקאותבעמ,,,"ק""ג",1,,true,1,44.79,44.79,false,1,
2395415,true,חריץ גבינה נעם 9% שקיל,*החברה המרכזית להפצת משקאותבעמ,,,"ק""ג",1,,true,1,70.90,70.90,false,1,
2395422,true,גבינה צהובה נעם 22%  שקיל*,*החברה המרכזית להפצת משקאותבעמ,,,"ק""ג",1,,true,1,42.58,42.58,false,1,
2507284,true,שניצל דג מצופה 700 במבינו,נטו מלינדה סחר בעמ,,,"י""ח",7,ל 100 גרם,false,1,24.90,3.56,false,1,
2507604,true,פיצה השף איטלקית 320ג,נטו מלינדה סחר בעמ,,,"י""ח",3.20,ל 100 גרם,false,1,17.90,5.59,true,1,
2511236,true,בולגרית מעודנת  5%  המושבה,מחלבות המושבה בעמ,,,"ק""ג",1,,true,1,39.90,39.90,false,1,
2511281,true,ברינזה צאן/כבשים המושבה,מחלבות המושבה בעמ,,,"ק""ג",1,"ק""ג",true,1,79.90,79.90,false,1,
2512066,true,גחנון אפוי  650 גרם צנעני,א.ג בחירה חכמה בעמ,,,"י""ח",6.50,ל 100 גרם,false,1,18.90,2.91,false,1,
2512257,true,מלאווח מופחת שומן 700ג צנעני,א.ג בחירה חכמה בעמ,,,"י""ח",7,ל 100 גרם,false,1,16.90,2.41,false,1,
2542780,true,"בירה סטלה ארטואה 330מ""ל  1/6 בקבוק",תימקו בירה בעמ,,,"י""ח",3.30,"ל 100 מ""ל",false,1,39.90,11.55,true,1,
2579731,true,"נר נשמה שבועי   בזכוכית""שווה""",ח.כהן סוכנות מזון ומשקאות בע,,,"י""ח",1,,false,1,9.90,9.90,false,1,
2603016,true,טונה  במים 140ג 1/4,נטו מלינדה סחר בעמ,,,"י""ח",5.60,ל 100 גרם,false,1,19.90,3.55,true,1,
2603498,true,פיצה שף שגב אנטיפסטי 200ג,נטו מלינדה סחר בעמ,,,"י""ח",2,ל 100 גרם,false,1,16.90,8.45,true,1,
2603634,true,"משולש זיתים דק תפזורת בעל""ז",נטו מלינדה סחר בעמ,,,"י""ח",1,"י""ח",false,1,2.90,2.90,true,1,
2628170,true,צלי כתף מס 5 חלק ג.חול פרגוואי.,בלדי בעמ,,,"ק""ג",1,"ק""ג",true,1,79.90,79.90,true,1,
2692782,true,תרסיס טעם זית כתית מעולה ללא תוספת גז1,סוגת תעשיות בעמ,,,"י""ח",2,"ל 100 מ""ל",false,1,14.90,7.45,false,1,
2706731,true,רצועות פילה נסיכה קפוא 100% דג,נטו מלינדה סחר בעמ,,,"ק""ג",1,"ק""ג",true,1,79.90,79.90,false,1,
2730903,true,סבון מוצק ורדים פלמוליב  4יח,ש.שסטוביץ בעמ,,,"י""ח",3.60,ל 100 גרם,false,1,16.90,4.69,true,1,
2739685,true,נקניקיות מרגז  400גרם מוכן עטרה,נטו מלינדה סחר בעמ,,,"י""ח",4,ל 100 גרם,false,1,22.90,5.73,false,1,
2750178,true,גבטה 180 כפרית,ג נרל מילס ישראל בעמ,,,"י""ח",1,,false,1,4.50,4.50,true,1,
2750963,true,בגט רוסטיק פילסברי,ג נרל מילס ישראל בעמ,,,"י""ח",1,,false,1,7.90,7.90,true,1,
2757139,true,מלוואח 700 גר`שלושת האופים,נטו מלינדה סחר בעמ,,,"י""ח",7,ל 100 גרם,false,1,17.90,2.56,true,1,
2757146,true,"קובה למרק חמוסטה 1 ק""ג",נטו מלינדה סחר בעמ,,,"י""ח",1,"ק""ג",false,1,21.90,21.90,false,1,
2757511,true,קציצת דג לבישול 750גר`,נטו מלינדה סחר בעמ,,,"י""ח",7.50,"ל 100 מ""ל",false,1,28.90,3.85,true,1,
2757665,true,קבב מזרחי 400גר`,נטו מלינדה סחר בעמ,,,"י""ח",4,ל 100 גרם,false,1,12.90,3.23,false,1,
2757726,true,בורקס גבינה 700 ג`,נטו מלינדה סחר בעמ,,,"י""ח",7,ל 100 גרם,false,1,19.90,2.84,false,1,
2757733,true,ג`חנון 650 ג`,נטו מלינדה סחר בעמ,,,"י""ח",6.50,ל 100 גרם,false,1,12.90,1.98,false,1,
2757740,true,"בורקס תפו""א 700 ג` סדרה אדומה",נטו מלינדה סחר בעמ,,,"י""ח",7,ל 100 גרם,false,1,14.90,2.13,false,1,
2775317,true,פילה זהבנון,נטו מלינדה סחר בעמ,,,"ק""ג",1,,true,1,22.90,22.90,false,1,
2787495,true,פילה סלמון קפוא,נטו מלינדה סחר בעמ,,,"ק""ג",1,,true,1,79.90,79.90,false,1,
2814412,true,שמפו כלים ירוק 1.5ל,קומפלקס כימיקלסבעמ ~~~,,,"י""ח",1.50,ל 100 גרם,false,1,8.90,5.93,false,1,
2814436,true,נוזל כלים 1.5ל לימון,קומפלקס כימיקלסבעמ ~~~,,,"י""ח",1.50,ליטר,false,1,8.90,5.93,false,1,
2814603,true,"מסיר שומנים קר מבושם 750מ""ל",קומפלקס כימיקלסבעמ ~~~,,,"י""ח",0.75,ליטר,false,1,13.90,18.53,false,1,
2827306,true,נקניקיות עוף 400 גר`מחפוד,עוף ירושלים שיווק בעמ,,,"י""ח",4,ל 100 גרם,false,1,8.90,2.23,true,1,
2827337,true,נקניקיות עוף פיקנטי400 גר`מחפוד,עוף ירושלים שיווק בעמ,,,"י""ח",4,ל 100 גרם,false,1,8.90,2.23,true,1,
2862840,true,מתובלים 400ג בטעם שום,רוז חקלאות בעמ,,,"י""ח",4,ל 100 גרם,false,1,8.90,2.23,false,1,
2871248,true,טובורג רד 500 חוזר,החברה המרכזית להפצת משקאות בעמ,,,"י""ח",5,"ל 100 מ""ל",false,1,8.20,1.40,true,1,
2909569,true,פילה  ברבוניה 400 גרם,בלדי בעמ,,,"י""ח",4,ל 100 גרם,false,1,25.90,6.48,false,1,
2909804,true,פילה   בקלה(מרלוזה)ארוז ללא עור.,בלדי בעמ,,,"ק""ג",1,"ק""ג",true,1,29.90,29.90,false,1,
2919179,true,פילה אמנון ללא עור בלדי,בלדי בעמ,,,"ק""ג",1,"ק""ג",true,1,39.90,39.90,false,1,
2929284,true,טונה פוסידון 140ג 1/4,נטו מלינדה סחר בעמ,,,"י""ח",5.60,ל 100 גרם,false,1,19.90,3.55,false,1,
2929642,true,72טונה מארז 4 יח  }ויליגיר{ 140גר,נטו מלינדה סחר בעמ,,,"י""ח",5.60,ל 100 גרם,false,1,19.90,3.55,true,1,
2954217,true,"אורז יסמין מדליה 1ק""ג",בני ג ורג שוקחה (חיפה) בעמ,,,"י""ח",1,"ק""ג",false,1,9.90,9.90,false,1,
2954477,true,"אורז אוסטרלי 5 ק""ג",בני ג ורג שוקחה (חיפה) בעמ,,,"י""ח",5,"ק""ג",false,1,49.90,9.98,false,1,
2971191,true,"קמח חיטה לבן  שטיבל  1ק""ג",טחנות קמח שטיבל בש בעמ,,,"י""ח",1,"ק""ג",false,1,3.90,3.90,true,1,
2971955,true,"קמח לבן 650 ללא צורך בניפוי 1ק""ג שטיבל",ח.כהן סוכנות מזון ומשקאות בע,,,"י""ח",1,"ק""ג",false,1,8.90,8.90,false,1,
2972006,true,"קמח בהיר 405 ללא צורך בניפוי 1ק""ג שטיב",ח.כהן סוכנות מזון ומשקאות בע,,,"י""ח",1,"ק""ג",false,1,8.90,8.90,false,1,
2972426,true,"קמח מלא 80% ללא צורך בניפוי 1ק""ג",ח.כהן סוכנות מזון ומשקאות בע,,,"י""ח",1,"ק""ג",false,1,7.90,7.90,false,1,
2973829,true,"קמח כוסמין לבן ללא צורך  בניפוי 1ק""ג.",ח.כהן סוכנות מזון ומשקאות בע,,,"י""ח",1,"ק""ג",false,1,15.90,15.90,false,1,
3060283,true,"קמח תופח מעושר בחנקן 1ק""ג",טחנות ישראליות בעמ,,,"י""ח",1,"ק""ג",false,1,8.90,8.90,false,1,
3060313,true,"קמח כוסמין מעושר בחנקן 1ק""ג.",טחנות ישראליות בעמ,,,"י""ח",1,"ק""ג",false,1,13.90,13.90,false,1,
3069705,true,"פיצה אישית גבינה דקה תפזורת בעל""ז",נטו מלינדה סחר בעמ,,,"י""ח",1,"י""ח",false,1,2.90,2.90,true,1,
3102136,true,צמר גפן רפואי,אינטרסן (1996) בעמ,,,"י""ח",1,,false,1,4.50,4.50,false,1,
3102419,true,כפפות ניילון 100 יח,אינטרסן (1996) בעמ,,,"י""ח",1,,false,1,5.90,5.90,true,1,
3105807,true,בלוז שקיל שטראוס .,שטראוס גרופ ***בעמ,,,"ק""ג",1,"ק""ג",true,1,69.90,69.90,true,1,
3107223,true,"סולת דגן  1ק""ג",טחנות קמח דגן,,,"י""ח",1,"ק""ג",false,1,5.90,5.90,false,1,
3111034,true,"שיפוד שווארמה עוף מתובל 20ק""ג",בלדי בעמ,,,"ק""ג",1,,true,1,57.90,57.90,false,1,
3122042,true,שניצל הודו מעובד 120ג,בלדי בעמ,,,"ק""ג",1,,true,1,36.90,36.90,false,1,
3122043,true,שניצל הודו מעובד 170ג,בלדי בעמ,,,"ק""ג",1,,true,1,36.90,36.90,false,1,
3122045,true,שניצל הודו מעובד 200ג,בלדי בעמ,,,"ק""ג",1,,true,1,36.90,36.90,false,1,
3141071,true,פרגיות עוף ארוך בלי עור קפוא ארוז.,בלדי בעמ,,,"ק""ג",1,,true,1,61.90,61.90,false,1,
3141072,true,פרגיות עוף ארוך עם עור קפוא ארוז.,בלדי בעמ,,,"ק""ג",1,,true,1,57.90,57.90,false,1,
3141074,true,"שניצל עוף 120גר קפוא ארוז 10ק""ג",בלדי בעמ,,,"ק""ג",5,ל 100 גרם,true,1,47.90,9.58,false,1,
3141075,true,"שניצל עוף 150גר קפוא ארוז 10ק""ג",בלדי בעמ,,,"ק""ג",5,ל 100 גרם,true,1,49.90,9.98,false,1,
3141076,true,"שניצל עוף 170גר קפוא ארוז 10ק""ג",בלדי בעמ,,,"ק""ג",5,ל 100 גרם,true,1,49.90,9.98,false,1,
3141157,true,שניצל הודו מעובד 150ג,בלדי בעמ,,,"ק""ג",1,,true,1,36.90,36.90,false,1,
3141159,true,4009900403023יוגטה מרשמלו 180ג,ליימן שליסל,,,"י""ח",1.80,ל 100 גרם,false,1,8.90,4.94,false,1,
3143139,true,סילאן קליית גת 900גרם,ליימן שליסל,,,"י""ח",9,ל 100 גרם,false,1,14.90,1.66,true,1,
3143146,true,"ממרח תמרים קליית גת 450גרם כשל""פ",ליימן שליסל,,,"י""ח",4.50,ל 100 גרם,false,1,6.90,1.53,false,1,
3144679,true,הוטפופ 5(בדלי) שקיות עם מלח,ליימן שליסל,,,"י""ח",5,ל 100 גרם,false,1,16.90,3.38,true,1,
3157624,true,שניצל עוף פרוס ארוז טמה שווארץ  קפוא~,עוף ירושלים שיווק בעמ,,,"ק""ג",1,"ק""ג",true,1,49.90,49.90,false,1,
3189199,true,צהובה חריפה במשקל-א.חלב נוכרי,גבינות הכפר בעמ,,,"ק""ג",1,,true,1,33.90,33.90,false,1,
3189274,true,צהובה מעושן חלב נוכרי במשקל,גבינות הכפר בעמ,,,"ק""ג",1,"י""ח",true,1,39.90,39.90,false,1,
3189380,true,צהובה שום שמיר במשקל חלב נוכרי,גבינות הכפר בעמ,,,"ק""ג",1,,true,1,35.90,35.90,false,1,
3229154,true,סלמי קוניאק מובחר,תנובה בשר,,,"י""ח",3,ל 100 גרם,false,1,24.90,8.30,false,1,
3229222,true,סלמי תה משובח 300גר`,תנובה בשר,,,"י""ח",3,ל 100 גרם,false,1,20.90,6.97,false,1,
3268252,true,לחם חיטה מלא 750 לילדים,דגנית עין בר ~~~,,,"י""ח",7.50,ל 100 גרם,false,1,13.90,1.85,false,1,
3268429,true,לחם ירוק 750גר,דגנית עין בר ~~~,,,"י""ח",7.50,ל 100 גרם,false,1,14.90,1.99,false,1,
3287956,true,פילה לברק יפני 5-7 וואקום בלדי.,בלדי בעמ,,,"ק""ג",1,"ק""ג",true,1,49.90,49.90,false,1,
3400500,true,חטיף קרמל עם בוטנים נטרייג`ס 47גר,ליימן שליסל,,,"י""ח",0.47,ל 100 גרם,false,1,4.90,10.43,false,1,
3423909,true,חטיף שוקולד לבן קוקיז אנד קרים 43,ליימן שליסל,,,"י""ח",0.43,ל 100 גרם,false,1,4.90,11.40,false,1,
3438853,true,אוליביה  אריסה חריסה 180גר,תה ויסוצקי (ישראל)בעמ,,,"י""ח",1.80,ל 100 גרם,false,1,13.90,7.72,false,1,
3444009,true,חטיף שוקולד לבן ריזס 42גר,ליימן שליסל,,,"י""ח",0.43,ל 100 גרם,false,1,3.90,9.07,false,1,
3514007,true,שקדי מרק 400 גר`MANA,ש.שסטוביץ בעמ,,,"י""ח",4,ל 100 גרם,false,1,8.90,2.23,true,1,
3570164,true,מינוט שווארמה פרגית 300גר,בלדי בעמ,,,"י""ח",3,ל 100 גרם,false,1,29.90,9.97,true,1,
3571550,true,סטייק טונה בוואקום,בלדי בעמ,,,"ק""ג",1,"ק""ג",true,1,54.90,54.90,false,1,
3572267,true,חזה בקר מס 3 מוכשר ברזיל קפוא,בלדי בעמ,,,"ק""ג",1,,true,1,29.90,29.90,false,1,
3579379,true,מרלוזה פילה ללא עור קפוא,בלדי בעמ,,,"ק""ג",1,,true,1,24.90,24.90,false,1,
3579683,true,צלעות  מס2 מוכשר ברזיל קפוא,בלדי בעמ,,,"ק""ג",1,,true,1,38.90,38.90,true,1,
3579706,true,ורד הצלע קפוא  חלק{סטייק} בלדי,בלדי בעמ,,,"ק""ג",1,"ק""ג",true,1,79.90,79.90,false,1,
3579751,true,בשר ראש מוכשר ברזיל,בלדי בעמ,,,"ק""ג",1,,true,1,70.90,70.90,false,1,
3579768,true,צלי כתף מס 5 מוכשר.,בלדי בעמ,,,"ק""ג",1,"ק""ג",true,1,72.90,72.90,true,1,
3579775,true,לשון בקר מוכשר ברזיל,בלדי בעמ,,,"ק""ג",1,,true,1,33.90,33.90,false,1,
3579812,true,מכסה הצלע   מס7 מוכשר ברזיל קפוא,בלדי בעמ,,,"ק""ג",1,,true,1,30.90,30.90,false,1,
3598472,true,פילה סלומון מנות בלדי.,בלדי בעמ,,,"ק""ג",1,"ק""ג",true,1,89.90,89.90,false,1,
3610549,true,פילה מדומה מס 6  קפוא,בלדי בעמ,,,"ק""ג",1,,true,1,39.90,39.90,false,1,
3718719,true,לברק פילה 5/7 עדה חרדית קפוא,בלדי בעמ,,,"ק""ג",1,,true,1,46.80,46.80,false,1,
3976607,true,אקונומיקה סמיכה 4 ל` טאצ`לבנדר.,סאסאטק אגשח בעמ,,,"י""ח",4,ליטר,false,1,12.90,3.23,true,1,
4011284,true,"בסיס להכנת קצפת 212מ""ל",נטו מלינדה סחר בעמ,,,"י""ח",2.12,"ל 100 מ""ל",false,1,9.90,4.67,true,1,
4011291,true,"בסיס להכנת קצפת 425מ""ל",נטו מלינדה סחר בעמ,,,"י""ח",4.25,"ל 100 מ""ל",false,1,12.90,3.04,false,1,
4011345,true,"קצפת  ריצ`פרווה במיכל 250 מ""ל",נטו מלינדה סחר בעמ,,,"י""ח",2.50,"ל 100 מ""ל",false,1,9.90,3.96,false,1,
4011796,true,קבבונים אל גאוצ`ו 400גר`,נטו מלינדה סחר בעמ,,,"י""ח",4,ל 100 גרם,false,1,24.90,6.23,true,1,
4011819,true,המבורגר ריב אנטריקוט 360גרם,נטו מלינדה סחר בעמ,,,"י""ח",3.60,ל 100 גרם,false,1,24.90,6.92,true,1,
4026851,true,בייגלה רומני,ג נרל מילס ישראל בעמ,,,"י""ח",1.50,ל 100 גרם,false,1,4.50,3,true,1,
4030100,true,מיץ תפוזים סחוט 1ל פריניב,תנובה בעמ ***,,,"י""ח",1,ליטר,false,1,17.30,17.30,false,1,
4030445,true,מיץ תפוזים 1 ליטר,תנובה בעמ ***,,,"י""ח",1,ליטר,false,1,14.90,14.90,false,1,
4030728,true,"מיץ לימון 100%  250 מ""ל מחנה יהודה",פריניב סחר והפצה בעמ,,,"י""ח",2.50,"ל 100 מ""ל",false,1,7.90,3.16,true,1,
4030834,true,מיץ רימונים 1 ליטר,תנובה בעמ ***,,,"י""ח",1,ליטר,false,1,25.50,25.50,false,1,
4063016,true,"מלח שולחן 1 ק""ג*",סוגת תעשיות בעמ,,,"י""ח",1,"ק""ג",false,1,1.70,1.70,false,1,
4064181,true,"מלח גס 1 ק""ג צנצנת ההימלאיה",סוגת תעשיות בעמ,,,"י""ח",1,"ק""ג",false,1,17.90,17.90,false,1,
4064358,true,"מלח דק זורם בקלות 1ק""ג קרטון",סוגת תעשיות בעמ,,,"י""ח",1,"ק""ג",false,1,4.90,4.90,false,1,
4068035,true,"איירן 500מ""ל",מחלבות גד,,,"י""ח",5,"ל 100 מ""ל",false,1,7.90,1.58,false,1,
4068332,true,קממבר בקר משולשים גד שקיל 25%,מחלבות גד,,,"ק""ג",1,,true,1,111,111,false,1,
4068394,true,גלגל קממבר בקר שקיל גד  25%,מחלבות גד,,,"ק""ג",1,,true,1,92.90,92.90,false,1,
4129903,true,.גבינת שמנת  שקילה 30% תנובה.,תנובה בעמ ***,,,"ק""ג",1,"י""ח",true,1,39,39,false,1,
4135324,true,בולגרית מעודנת,תנובה בעמ ***,,,"ק""ג",1,"ק""ג",true,1,43,43,false,1,
4136291,true,צפתית מעודנת פיראוס (5%שקיל).,תנובה בעמ ***,,,"ק""ג",1,"ק""ג",true,1,51,51,false,1,
4150129,true,טחינה פיקנטי פרמיום 300ג,סלטי שמיר2006בעמ,,,"י""ח",3,ל 100 גרם,false,1,15.90,5.30,true,1,
4150228,true,כרוב אדום פיקנטי פרמיום 300ג,סלטי שמיר2006בעמ,,,"י""ח",3,ל 100 גרם,false,1,15.90,5.30,true,1,
4194260,true,שוקיים עוף ארוז מחפוד קפוא,עוף ירושלים שיווק בעמ,,,"ק""ג",1,"ק""ג",true,1,31.90,31.90,false,1,
4194529,true,עוף טרי ארוז  מחפוד**,ח.י. מעדני גורמה בעמ,,,"ק""ג",1,"ק""ג",true,1,22.90,22.90,true,1,
4194536,true,חזה עוף טרי שלם ארוז   מחפוד**,ח.י. מעדני גורמה בעמ,,,"ק""ג",1,,true,1,34.90,34.90,false,1,
4194543,true,כרעיים עוף טרי ארוז  מחפוד**,ח.י. מעדני גורמה בעמ,,,"ק""ג",1,,true,1,34.90,34.90,true,1,
4194703,true,כבד עוף צלוי טרי ארוז  מחפוד**,עוף ירושלים שיווק בעמ,,,"ק""ג",1,,true,1,29.90,29.90,false,1,
4228804,true,עלי בצק למילוי סיגרים 450 ג`,נטו מלינדה סחר בעמ,,,"י""ח",4.50,ל 100 גרם,false,1,13.90,3.09,false,1,
4230340,true,מקלות בורקס פילו תרד ובצל,נטו מלינדה סחר בעמ,,,"י""ח",7,ל 100 גרם,false,1,21.90,3.13,true,1,
4256180,true,גבינה גאודה נטו.,נטו מלינדה סחר בעמ,,,"ק""ג",1,"ק""ג",true,1,89.90,89.90,false,1,
4256197,true,גבינת עיזים הולנד נטו,נטו מלינדה סחר בעמ,,,"ק""ג",1,"ק""ג",true,1,105,105,false,1,
4263553,true,חזה בשר מס  3עטרה ל.מעובד,נטו מלינדה סחר בעמ,,,"ק""ג",1,"ק""ג",true,1,39.90,39.90,false,1,
4267216,true,עוגיות ממולאות ריבה 200  ג`ברמן,ח.כהן סוכנות מזון ומשקאות בע,,,"י""ח",2,ל 100 גרם,false,1,5.90,2.95,false,1,
4267636,true,עוגיות לקפה 600גר`,ח.כהן סוכנות מזון ומשקאות בע,,,"י""ח",6,ל 100 גרם,false,1,14.90,2.48,false,1,
4329686,true,"שיפוד שווארמה עוף מתובל 10ק""ג",בלדי בעמ,,,"ק""ג",1,,true,1,57.90,57.90,false,1,
4502997,true,"וודקה פינלנדיה 500מ""ל",מ.אקרמן בעמ,,,"י""ח",5,"ל 100 מ""ל",false,1,59.90,11.92,true,1,
4685447,true,לחמניות כוסמין 6 בשקית,י.את א. ברמן בעמ,,,"י""ח",4.50,ל 100 גרם,false,1,14.50,3.22,false,1,
4731564,true,מבשם ומרכך למייבש כביסה כחול,החב הדרומית לשיווק,,,"י""ח",7.50,"ל 100 מ""ל",false,1,17.90,2.39,true,1,
4768294,true,פילה אמנון ללא עור בלדי,בלדי בעמ,,,"ק""ג",1,"ק""ג",true,1,39.90,39.90,false,1,
4861025,true,בולגרית מסורתית שקיל 5% המושבה,מחלבות המושבה בעמ,,,"ק""ג",10,"ק""ג",true,1,49.90,4.99,false,1,
4861056,true,צפתית טבעי המושבה שקילה 5%.,מחלבות המושבה בעמ,,,"ק""ג",10,ל 100 גרם,true,1,49,4.90,false,1,
4861278,true,גבינת שמנת טבעי/שום שמיר 30%  המושבה,מחלבות המושבה בעמ,,,"ק""ג",1,,true,1,39.90,39.90,false,1,
4861285,true,טבורוג המושבה שקילה 5%,מחלבות המושבה בעמ,,,"ק""ג",1,"ק""ג",true,1,29.90,29.90,false,1,
5079320,true,בולגרית 24%,*החברה המרכזית להפצת משקאותבעמ,,,"ק""ג",1,,true,1,54.90,54.90,false,1,
5095719,true,חיטה תפוחה  טבעית(שלוה),ציון תורגמן בעמ,,,"י""ח",1,"י""ח",false,1,8.90,8.90,false,1,
5113222,true,מיקס זיתים 2 A יבנה,קבוצת יבנה מוצרי מזון בעמ,,,"י""ח",1,,false,1,9.80,9.80,false,1,
5326523,true,אוליביה פסטו פטרוזיליה ונענע 180גר,תה ויסוצקי (ישראל)בעמ,,,"י""ח",1.80,ל 100 גרם,false,1,13.90,7.72,false,1,
5384899,true,בסגנון פטה ים תיכונית 19%שומן שקיל,ג.וילי פוד אינטרנשיונל בעמ,,,"ק""ג",1,,true,1,22.90,22.90,true,1,
5423055,true,"סנו פורטה פלוס 750מ""ל לניחוח לימון",החב הדרומית לשיווק,,,"י""ח",7.50,"ל 100 מ""ל",false,1,16.90,2.25,false,1,
5424021,true,ריפרש מנטרל ריחות פרשם הום,החב הדרומית לשיווק,,,"י""ח",3.50,"ל 100 מ""ל",false,1,14.90,4.26,false,1,
5424755,true,מטליות לחות לריצפה ריצפז פלוס 10 יחידו,החב הדרומית לשיווק,,,"י""ח",10,"י""ח",false,1,13.90,1.39,false,1,
5431883,true,מלבי חלבי 165ג. תנובה,תנובה בעמ ***,,,"י""ח",1.65,"ל 100 מ""ל",false,1,6.90,4.18,false,1,
5431913,true,עוגת גבינה פירורים 92ג(. תנובה),תנובה בעמ ***,,,"י""ח",0.92,"ל 100 מ""ל",false,1,6.90,7.50,false,1,
5559907,true,פיצה משפחתית גבינה 500 ג מעדנות,תנובה בשר,,,"י""ח",5,ל 100 גרם,false,1,19.90,3.98,true,1,
5559990,true,בצק פילאס טורקי,תנובה בשר,,,"י""ח",6,ל 100 גרם,false,1,22.90,3.82,false,1,
5678318,true,ענב טלי בוטיק אוטם קריספי,ביכורי השדה צפון 1994 ג.ד. בעמ,,,"ק""ג",1,,true,1,22.90,22.90,false,1,
5678387,true,ענב טלי,ביכורי השדה צפון 1994 ג.ד. בעמ,,,"ק""ג",1,,true,1,22.90,22.90,false,1,
5678585,true,ענב סקרלוטה אדום מארז,ביכורי השדה צפון 1994 ג.ד. בעמ,,,"ק""ג",1,,true,1,18.90,18.90,false,1,
5678608,true,ענבים אדומים טלי,ביכורי השדה צפון 1994 ג.ד. בעמ,,,"ק""ג",1,,true,1,18.90,18.90,false,1,
5678615,true,ענב אדום ארוז,ביכורי השדה צפון 1994 ג.ד. בעמ,,,"ק""ג",1,,true,1,19.90,19.90,false,1,
5896439,true,"מכבי בקבוק}חוזר   {500מ""ל",טמפו משקאות בעמ,,,"י""ח",5,"ל 100 מ""ל",false,1,6.60,1.08,false,1,
5896453,true,"מכבי  7.9% 500מ""ל בקבוק חוזר",טמפו משקאות בעמ,,,"י""ח",5,"ל 100 מ""ל",false,1,7.30,1.22,false,1,
5992872,true,צפתית 5% במים}גד {.,מחלבות גד,,,"ק""ג",1,,true,1,57.90,57.90,false,1,
6271174,true,ג חנון  בצק}מעדנות 700 ג,תנובה בשר,,,"י""ח",7,ל 100 גרם,false,1,18.90,2.70,false,1,
6306296,true,רביולי גבינה לילדים 400ג,מחלבות גד,,,"י""ח",4,ל 100 גרם,false,1,19.90,4.98,false,1,
6459961,true,אובלט קימל תמר 282 גרם,ציון תורגמן בעמ,,,"י""ח",2.82,ל 100 גרם,false,1,9.90,3.51,false,1,
6459978,true,אובלט שומשום 282 גרם,ציון תורגמן בעמ,,,"י""ח",2.82,ל 100 גרם,false,1,9.90,3.51,false,1,
6496294,true,"רכז רימונים 350מ""ל",ציון תורגמן בעמ,,,"י""ח",3.50,"ל 100 מ""ל",false,1,11.90,3.40,false,1,
6511904,true,כדורי גבינת אדם למעדניה,ג.וילי פוד אינטרנשיונל בעמ,,,"ק""ג",1,"ק""ג",true,1,65.90,65.90,false,1,
6582539,true,חמוציות 250ג,דין שיווק וקליה 2021 בעמ,,,"י""ח",2.50,ל 100 גרם,false,1,10.90,4.36,false,1,
6640024,true,מגש קרטון קטן,צבע ומכחול (2014) בעמ,,,"י""ח",1,,false,1,4.90,4.90,false,1,
6738615,true,קבב זהב 400גר`,זוגלובק שיווק בעמ,,,"י""ח",4,ל 100 גרם,false,1,21.90,5.48,true,1,
6739124,true,בצק פילאס 500גר זוגלובק,זוגלובק שיווק בעמ,,,"י""ח",5,ל 100 גרם,false,1,17.90,3.58,true,1,
6739247,true,פסטרמה   איטלקית(שקיל) זוגלובק,זוגלובק שיווק בעמ,,,"ק""ג",1,,true,1,76.90,76.90,false,1,
6739292,true,פסטרמה תבור 330 ג,זוגלובק שיווק בעמ,,,"י""ח",3.30,ל 100 גרם,false,1,26.90,8.15,false,1,
6739421,true,מעושן איטלקי 300גר`,זוגלובק שיווק בעמ,,,"י""ח",3,ל 100 גרם,false,1,26.90,8.97,false,1,
6739445,true,שניצל תירס קלאסי  750גר`,זוגלובק שיווק בעמ,,,"י""ח",7.50,ל 100 גרם,false,1,26.90,3.59,true,1,
6742278,true,פסטרממיה צלויה על לבנים 330גר`,זוגלובק שיווק בעמ,,,"י""ח",3.30,ל 100 גרם,false,1,26.90,8.15,false,1,
6742292,true,פסטרממיה בדבש 330גר`,זוגלובק שיווק בעמ,,,"י""ח",3.30,ל 100 גרם,false,1,26.90,8.15,false,1,
6742315,true,חזה הודו ברביקיו 330גר`,זוגלובק שיווק בעמ,,,"י""ח",3.30,ל 100 גרם,false,1,26.90,8.15,false,1,
6764072,true,"גולדסטאר 500  מ""ל}חוזר{",טמפו משקאות בעמ,,,"י""ח",5,"ל 100 מ""ל",false,1,7.70,1.30,false,1,
6764157,true,"בירה גולדסטאר לא מסונן חוזר 500מ""ל",טמפו משקאות בעמ,,,"י""ח",5,"ל 100 מ""ל",false,1,7.90,1.34,false,1,
6775801,true,רוגלך 400גרם,אחדות בעמ,,,"י""ח",4,ל 100 גרם,false,1,13.90,3.48,false,1,
6785572,true,שקית הפתעה,שמחה זה אנחנו,,,"י""ח",1,,false,1,5.90,5.90,false,1,
6804136,true,קרואסון  פילסברי,ג נרל מילס ישראל בעמ,,,"ק""ג",1,,true,1,44.90,44.90,true,1,
6805362,true,חצי בגט מאפית אפיה מקומית.,ג נרל מילס ישראל בעמ,,,"י""ח",1,,false,1,3.30,3.30,true,1,
6941466,true,שמן קנולה 1 ליטר שווה,ח.כהן סוכנויות מזון ומשקאות***,,,"י""ח",1,ליטר,false,1,9.90,9.90,false,1,
8000796,true,סופרמן משחת שיניים לילדים,גורי ע.ע.ע. בעמ,,,"י""ח",1,,false,1,10.90,10.90,false,1,
8101356,true,קריספי פאנקו זהוב 300גר,א.ל.יצור ושיווקתבלינים בעמ,,,"י""ח",3,ל 100 גרם,false,1,9.90,3.30,true,1,
8102469,true,קריספי פירורי לחם זהוב 800גר,א.ל.יצור ושיווקתבלינים בעמ,,,"י""ח",8,ל 100 גרם,false,1,11.90,1.49,false,1,
8175760,true,גבינת מנצ`יגו(חלב  כבשים)למעדניה,ג.וילי פוד אינטרנשיונל בעמ,,,"ק""ג",1,"ק""ג",true,1,99,99,true,1,
8175814,true,"פטריות חתוך 400 גרם 8""",ג.וילי פוד אינטרנשיונל בעמ,,,"י""ח",4,ל 100 גרם,false,1,5.40,1.35,false,1,
8175906,true,גבינה  עיזים שקיל,ג.וילי פוד אינטרנשיונל בעמ,,,"ק""ג",1,"ק""ג",true,1,100,100,false,1,
8409049,true,מיני מיני שניצלונים בציפוי שומשום,תנובה בשר,,,"י""ח",1,,false,1,22.90,22.90,false,1,
8409216,true,.שניצל דק דק פריך 700גר`,תנובה בשר,,,"י""ח",7,ל 100 גרם,false,1,36.90,5.27,false,1,
8409315,true,מיני מיני שניצלונים בציפוי פריך 500ג,תנובה בשר,,,"י""ח",1,,false,1,22.90,22.90,false,1,
8409407,true,שניצל דק בציפוי צ`יפס 700גר`,תנובה בשר,,,"י""ח",7,ל 100 גרם,false,1,36.90,5.27,false,1,
8464741,true,גולדסטאר  330 מייל שישייה.,טמפו משקאות בעמ,,,"י""ח",19.80,"ל 100 מ""ל",false,1,33.90,1.62,true,1,
8464796,true,היינקן   שישיה}בקבוק 330 מייל,טמפו משקאות בעמ,,,"י""ח",1.98,ליטר,false,1,38.90,18.74,true,1,
8466806,true,מארז שניק וניל 500ג מחנה יהודה,הלל בן הלל שיווק ומסחר בעמ,,,"י""ח",5,ל 100 גרם,false,1,17.90,3.58,true,1,
8493710,true,פירורי גריסיני זהב 200ג,דנשר (1963) בעמ,,,"י""ח",2,ל 100 גרם,false,1,6.90,3.45,false,1,
8739955,true,רחנים,מוסקו בעמ,,,"י""ח",1,,false,1,11.90,11.90,false,1,
8747547,true,"תפוצ יפס קראנץ טבעי 200ג כשל""פ",שטראוס פריטו ליי בעמ,,,"י""ח",2,ל 100 גרם,false,1,10.90,5.45,true,1,
8792264,true,מפיות  טאצ `100יח`צבעוני,שניב תעשיות נייר בעמ,,,"י""ח",100,"י""ח",false,1,4.90,0.05,true,1,
8801522,true,K.D קונקורד,אגודת הכורמים,,,"י""ח",7.50,"ל 100 מ""ל",false,1,21.90,2.88,true,1,
8801843,true,סלקטד קברנה  סובניון 0.75,אגודת הכורמים,,,"י""ח",7.50,"ל 100 מ""ל",false,1,29.90,3.95,true,1,
8801850,true,סלקטד ריזלינג 0.75 ל,אגודת הכורמים,,,"י""ח",7.50,"ל 100 מ""ל",false,1,29.90,3.95,true,1,
8802291,true,"PC מרלו פ.קולקשיין 750מ""ל",אגודת הכורמים,,,"י""ח",7.50,"ל 100 מ""ל",false,1,39.90,5.28,true,1,
8805384,true,".יין מוסקטו   סלקטד 750מ""ל",אגודת הכורמים,,,"י""ח",7.50,"ל 100 מ""ל",false,1,29.90,3.95,true,1,
8805520,true,סלקטד קברנה מרלו  0.75 ל,אגודת הכורמים,,,"י""ח",7.50,"ל 100 מ""ל",false,1,29.90,3.95,true,1,
8899055,true,אוזניים מתוקות שקיל,ג נרל מילס ישראל בעמ,,,"ק""ג",1,,true,1,39,39,false,1,
8899321,true,חלה רגילה קלועה (אפיה מקומית).,ג נרל מילס ישראל בעמ,,,"י""ח",5.70,ל 100 גרם,false,1,10.90,1.91,true,1,
8899345,true,שמינייה כפרית קלועה פילסבר..,ג נרל מילס ישראל בעמ,,,"י""ח",1,,false,1,3.90,3.90,true,1,
8899505,true,בגט ארוך לבן (אפיה מקומית),ג נרל מילס ישראל בעמ,,,"י""ח",2.50,ל 100 גרם,false,1,4.50,1.80,true,1,
8899512,true,בגט כפרי (אפיה מקומית),ג נרל מילס ישראל בעמ,,,"י""ח",1,,false,1,4.50,4.50,true,1,
8899772,true,קוקיס שוקו שוקו שקיל,ג נרל מילס ישראל בעמ,,,"ק""ג",1,,true,1,47,47,false,1,
8989091,true,פריכיות אורז שלישיה B D,בטר אנד דיפרנט בעמ,,,"י""ח",3.10,ל 100 גרם,false,1,12.90,4.16,false,1,
8989695,true,חיטה תפוחה עם דבש 400 גר(שלווה),בטר אנד דיפרנט בעמ,,,"י""ח",4,ל 100 גרם,false,1,14.90,3.73,false,1,
8989848,true,חמאת בוטנים קרנצ`י,בטר אנד דיפרנט בעמ,,,"י""ח",1,,false,1,13.90,13.90,false,1,
9169272,true,פקדון,שונות /שרות,,,"י""ח",1,,false,1,0.30,0.30,false,1,
13580160,true,אסאדו מס9 מוכשר ברזיל קפוא,בלדי בעמ,,,"ק""ג",1,"ק""ג",true,1,49.90,49.90,false,1,
16000247,true,רימון בינוני,לפ חגים נחלים שיווק בעמ,,,"י""ח",1,,false,1,7.90,7.90,false,1,
40084107,true,קינדר ביצת  הפתעה בודד,פרימיום - חברה לדברי מתיקה ולמ,,,"י""ח",1,,false,1,5.90,5.90,false,1,
40099132,true,הובה בובה תות 20חפ`,מרס ריגלי ישראל בעמ,,,"י""ח",0.35,ל 100 גרם,false,1,3.80,10.86,false,1,
40099583,true,אורביט ילדים קלאסי,מרס ריגלי ישראל בעמ,,,"י""ח",1,,false,1,5,5,false,1,
40111216,true,באונטי חטיף שוקולד 57גר,מרס ריגלי ישראל בעמ,,,"י""ח",0.57,ל 100 גרם,false,1,4.50,7.89,true,1,
40144061,true,וופל קנופרס 25גר.,ליימן שליסל,,,"י""ח",0.25,ל 100 גרם,false,1,2.90,11.60,false,1,
42306788,true,איירוויבז HP מנטה ואוכמניות,מרס ריגלי ישראל בעמ,,,"י""ח",0.30,ל 100 גרם,false,1,5.80,19.33,false,1,
72940754,true,"מילקי וניל רובין כשל""פ 135גר",שטראוס גרופ ***בעמ,,,"י""ח",1.30,"ל 100 מ""ל",false,1,2.90,2.23,true,1,
72940761,true,"מילקי   שוקו}שטראוס{רובין כשל""פ",שטראוס גרופ ***בעמ,,,"י""ח",1.30,"ל 100 מ""ל",false,1,2.90,2.23,true,1,
72940952,true,מילקי פי2 קצפת 111גר,שטראוס גרופ ***בעמ,,,"י""ח",1.11,ל 100 גרם,false,1,3.60,3.24,true,1,
72941041,true,מיני מילקי שוקו,שטראוס גרופ ***בעמ,,,"י""ח",1.30,"ל 100 מ""ל",false,1,2,1.54,true,1,
72945308,true,שמרים קוביות 50,שטראוס גרופ ***בעמ,,,"י""ח",0.50,ל 100 גרם,false,1,3.60,7.20,true,1,
72961506,true,"פרילי תות 125 מ""ל",תנובה בעמ ***,,,"י""ח",1.25,"ל 100 מ""ל",false,1,3.50,2.80,false,1,
72961544,true,באדי תות,תנובה בעמ ***,,,"י""ח",1.25,"ל 100 מ""ל",false,1,3,2.40,false,1,
72986370,true,גלידה פיינטים וניל,מוצרי איכות אמריקאיים בעמ,,,"י""ח",5,"ל 100 מ""ל",false,1,19.90,3.98,true,1,
72986424,true,גלידה פיינטים קרם עוגיות,מוצרי איכות אמריקאיים בעמ,,,"י""ח",7.50,"ל 100 מ""ל",false,1,19.90,2.65,true,1,
72986448,true,גלידה פיינטים טופי קראנץ,מוצרי איכות אמריקאיים בעמ,,,"י""ח",7.50,"ל 100 מ""ל",false,1,19.90,2.65,true,1,
72986455,true,גלידה פיינטים ניו-יורק סופר,מוצרי איכות אמריקאיים בעמ,,,"י""ח",5,"ל 100 מ""ל",false,1,19.90,3.98,true,1,
72986479,true,גלידה פיינטים צאנקי מנקי,מוצרי איכות אמריקאיים בעמ,,,"י""ח",5,"ל 100 מ""ל",false,1,19.90,3.98,true,1,
72989425,true,גלידה פיינטים שוקולד בראוניס,מוצרי איכות אמריקאיים בעמ,,,"י""ח",7.50,"ל 100 מ""ל",false,1,19.90,2.65,true,1,
72991886,true,גלידה פיינטים דולציה דה לצ ה,מוצרי איכות אמריקאיים בעמ,,,"י""ח",5,"ל 100 מ""ל",false,1,19.90,3.98,true,1,
72993637,true,דני שוקולד בודד,שטראוס גרופ ***בעמ,,,"י""ח",1.25,"ל 100 מ""ל",false,1,2.60,2.08,true,1,
72994061,true,פסק זמן GOOD 2,שטראוס גרופ בעמ,,,"י""ח",0.40,ל 100 גרם,false,1,4.90,12.25,true,1,
80176800,true,נוטלה 750 גרם,פרימיום - חברה לדברי מתיקה ולמ,,,"י""ח",7.50,ל 100 גרם,false,1,25.90,3.45,false,1,
80177173,true,נוטלה 350 גרם.,פרימיום - חברה לדברי מתיקה ולמ,,,"י""ח",3.50,"י""ח",false,1,14.90,4.26,false,1,
80177616,true,קינדר אצבעות 100 גר,פרימיום - חברה לדברי מתיקה ולמ,,,"י""ח",1,,false,1,8.90,8.90,false,1,
80310167,true,קינדר אצבעות 126 גר,פרימיום - חברה לדברי מתיקה ולמ,,,"י""ח",1.26,ל 100 גרם,false,1,9.90,7.86,false,1,
80761761,true,קינדר בואנו לבן בודד,פרימיום - חברה לדברי מתיקה ולמ,,,"י""ח",1,,false,1,3.90,3.90,false,1,
80773429,true,מנטוס טעם תות בקבוק 60ג,ליימן שליסל,,,"י""ח",0.60,ל 100 גרם,false,1,9.90,16.50,true,1,
80790990,true,מנטוס טעם מנטה  עדין בקבוק 60ג,ליימן שליסל,,,"י""ח",0.60,ל 100 גרם,false,1,9.90,16.50,true,1,
80843184,true,מנטוס טעם ענבים  בקבוק 60ג,ליימן שליסל,,,"י""ח",0.60,ל 100 גרם,false,1,9.90,16.50,true,1,
80896081,true,מנטוס טעם אבטיח בקבוק 60ג,ליימן שליסל,,,"י""ח",0.60,ל 100 גרם,false,1,9.90,16.50,true,1,
80913467,true,מנטוס טעם מנטה בקבוק 60ג,ליימן שליסל,,,"י""ח",0.60,ל 100 גרם,false,1,9.90,16.50,true,1,
80945468,true,מנטוס בוקס וואיט מנטה מתוקה  30 יח`,ליימן שליסל,,,"י""ח",0.60,ל 100 גרם,false,1,9.90,16.50,true,1,
80979128,true,מנטוס טעם דובדבן  בקבוק 60ג,ליימן שליסל,,,"י""ח",0.60,ל 100 גרם,false,1,9.90,16.50,true,1,
80986348,true,מנטוס בוקס וואיט מנטה  30 יח`,ליימן שליסל,,,"י""ח",0.60,ל 100 גרם,false,1,9.90,16.50,true,1,
80995128,true,מנטוס טעם הדרים בתוספת ויטמין D,ליימן שליסל,,,"י""ח",0.60,ל 100 גרם,false,1,9.90,16.50,true,1,
87108651,true,מנטוס מנטה 1\4,ליימן שליסל,,,"י""ח",1,,false,1,11.90,11.90,false,1,
87108712,true,מנטוס פירות 1\4,ליימן שליסל,,,"י""ח",1.50,ל 100 גרם,false,1,11.90,7.93,false,1,
87311396,true,מנטוס גלילים מיקס פירות,ליימן שליסל,,,"י""ח",0.3750,ל 100 גרם,false,1,3.30,8.80,false,1,
90162602,true,"רד בול פחית 250 מ""ל",דיפלומט מפיצים (1968) בעמ**,,,"י""ח",2.50,"ל 100 מ""ל",false,1,5.90,2.24,true,1,
96137130,true,דאו דאב  רול און גו פרש בניחוח אגס,יוניליוור ישראל שיווק בעמ,,,"י""ח",1.75,"ל 100 מ""ל",false,1,19.90,11.37,true,1,
8888888888,true,1011,לפ הוצ בולט תעשיו,,,"י""ח",1,,false,1,9.11,9.11,false,1,
11210000094,true,"טבסקו חריף 60 מ""ל",ציון תורגמן בעמ,,,"י""ח",0.60,"ל 100 מ""ל",false,1,9.90,16.50,true,1,
11210007253,true,טבסקו רוטב  שום,ציון תורגמן בעמ,,,"י""ח",0.60,"ל 100 מ""ל",false,1,9.90,16.50,true,1,
11210607040,true,"טבסקו צ`יפוטלי60מ""ל",ציון תורגמן בעמ,,,"י""ח",0.60,"ל 100 מ""ל",false,1,9.90,16.50,false,1,
11210698055,true,"טבסקו סרירצ`ה 556מ""ל",ציון תורגמן בעמ,,,"י""ח",5.56,"ל 100 מ""ל",false,1,24.90,4.48,false,1,
16000548404,true,נייטשר קראנצ`י שיבולת שועל ודבש 1/5,ליימן שליסל,,,"י""ח",2.10,ל 100 גרם,false,1,19.90,9.48,true,1,
16000548503,true,חטיף ניצ`ר ואלי  מייפל בסוכר חום,ליימן שליסל,,,"י""ח",2.10,ל 100 גרם,false,1,19.90,9.48,true,1,
16000548602,true,נייטשר קראנצ`י קינמון 1/5,ליימן שליסל,,,"י""ח",2.10,ל 100 גרם,false,1,19.90,9.48,true,1,
16000548909,true,נייטשר קראנצ`י בריאות מעורב 1/5,ליימן שליסל,,,"י""ח",2.10,ל 100 גרם,false,1,19.90,9.48,true,1,
18000701223,true,תערובת לעוגת  שוק(פילסברי),ליימן שליסל,,,"י""ח",5.17,ל 100 גרם,false,1,17.90,3.46,false,1,
18000703494,true,תערובת לעוגות  וניל(פילסברי),ליימן שליסל,,,"י""ח",5.24,ל 100 גרם,false,1,17.90,3.42,false,1,
21723339994,true,"רוטב דגים 300מ""ל",מזרח ומערב יבוא ושיווק,,,"י""ח",3,ל 100 גרם,false,1,9.90,3.30,false,1,
22200956932,true,##ספיד סטיק ג ל-כחול,ש.שסטוביץ בעמ,,,"י""ח",0.51,ל 100 גרם,false,1,19.90,39.02,true,1,
22200956949,true,ספיד סטיק ג ל-כתום,ש.שסטוביץ בעמ,,,"י""ח",0.51,ל 100 גרם,false,1,19.90,39.02,true,1,
25675120037,true,מקלות חמוצות 100,גורי ע.ע.ע. בעמ,,,"י""ח",1,ל 100 גרם,false,1,10.20,10.20,false,1,
25675120044,true,מקלות חמוצות 100,גורי ע.ע.ע. בעמ,,,"י""ח",1,ל 100 גרם,false,1,8.90,8.90,false,1,
25675120068,true,ממתק מקלות בטעם קולה,גורי ע.ע.ע. בעמ,,,"י""ח",1,ל 100 גרם,false,1,8.90,8.90,false,1,
25675301108,true,מקלות חמוצות 50 גרם,גורי ע.ע.ע. בעמ,,,"י""ח",0.50,ל 100 גרם,false,1,4.90,9.80,false,1,
30000315958,true,קוואקר פרוטאין בננה אגוזים 366ג.,שטראוס פריטו ליי בעמ,,,"י""ח",3.66,ל 100 גרם,false,1,21.90,5.98,true,1,
30000315989,true,קוואקר פרוטאין חמוציות ושקדים 372ג.,שטראוס פריטו ליי בעמ,,,"י""ח",3.72,ל 100 גרם,false,1,21.90,5.89,true,1,
34000196173,true,הרשי קוקיס קרים XL,ליימן שליסל,,,"י""ח",0.47,ל 100 גרם,false,1,8.90,18.94,false,1,
34000544431,true,ליקרויץ 198 גרם -דובדבן,ליימן שליסל,,,"י""ח",1,,false,1,7.90,7.90,false,1,
36000516876,true,טישו קלינקס  3 שכבות  75יח,קימברלי קלארק ישראל שיווק בעמ,,,"י""ח",75,"י""ח",false,1,13.90,0.19,false,1,
37600207188,true,חמאת קלאסי סקיפי,דיפלומט מפיצים (1968) בעמ**,,,"י""ח",4.62,ל 100 גרם,false,1,19.90,4.31,false,1,
37600297943,true,מטבל סלסה חריפה 300ג CHI CHIS,ליימן שליסל,,,"י""ח",3,"ל 100 מ""ל",false,1,18.90,6.30,true,1,
37600297967,true,מטבל סלסה עדינה 300ג CHI CHIS,ליימן שליסל,,,"י""ח",3,"ל 100 מ""ל",false,1,18.90,6.30,true,1,
38000138638,true,פרינגלס פיצה 161 גר`פלקס,דיפלומט מפיצים (1968) בעמ**,,,"י""ח",1.61,ל 100 גרם,false,1,9.90,6.15,true,1,
38000138720,true,פרינגלס ראנץ  158ג,דיפלומט מפיצים (1968) בעמ**,,,"י""ח",1.61,ל 100 גרם,false,1,9.90,6.15,true,1,
38000183928,true,פרינגלס חרדל דבש 158ג`,דיפלומט מפיצים (1968) בעמ**,,,"י""ח",1.58,ל 100 גרם,false,1,9.90,6.27,true,1,
38000232176,true,פרינגלס שמנת בצל 161 גר`פלקס,דיפלומט מפיצים (1968) בעמ**,,,"י""ח",1.61,ל 100 גרם,false,1,9.90,6.15,true,1,
38000232183,true,פרינגלס אוריגינל 149 גר`.,דיפלומט מפיצים (1968) בעמ**,,,"י""ח",1.49,ל 100 גרם,false,1,9.90,6.64,true,1,
40000513568,true,שוקולד M M אריזה גדולה  156ג,מרס ריגלי ישראל בעמ,,,"י""ח",15.60,ל 100 גרם,false,1,10.90,0.70,false,1,
41390001079,true,"רוטב סויה דל נטרן 444מ""ל",דיפלומט מפיצים (1968) בעמ**,,,"י""ח",1.44,"ל 100 מ""ל",false,1,19.90,13.82,false,1,
41500007007,true,פרנצ יס ממרח  חרדל לחיץ צהוב 226גר,ר.ב. מוצרי דגנים בעמ,,,"י""ח",2.26,ל 100 גרם,false,1,10.90,4.82,false,1,
42400108153,true,דגני בוקר תותיס פרוטיס  354גר,ר.ב. מוצרי דגנים בעמ,,,"י""ח",3.54,ל 100 גרם,false,1,19.90,5.62,false,1,
44600300580,true,קלין אפ פרש 946 מ``ל,גורי מוצרי צריכה בעמ,,,"י""ח",9.46,"ל 100 מ""ל",false,1,19.90,2.10,false,1,
46214731552,true,עוגיות שוקו צ יפ מרבה,ש.שסטוביץ בעמ,,,"י""ח",2.25,ל 100 גרם,false,1,8.90,3.96,false,1,
50000168583,true,"פריסקיז אקסטרא קראנץ 1.43ק""ג.",קבוצת אוסם סחר-שות.מוגבלת,,,"י""ח",1.43,"ק""ג",false,1,40.60,28.39,false,1,
50000225224,true,פריסקיז פריים פילה הודו ברוטב 156גר`,קבוצת אוסם סחר-שות.מוגבלת,,,"י""ח",1.56,ל 100 גרם,false,1,7.40,4.74,false,1,
55500012046,true,קלין אפ מרסס+פיין סול כלורוקס,גורי מוצרי צריכה בעמ,,,"י""ח",9.46,"ל 100 מ""ל",false,1,19.90,2.10,false,1,
76840100156,true,גלידה פיינטים צרי גרסיה,מוצרי איכות אמריקאיים בעמ,,,"י""ח",7.50,"ל 100 מ""ל",false,1,19.90,2.65,true,1,
76840100583,true,גלידה פיינטים בצק עוגיות 473 מל,מוצרי איכות אמריקאיים בעמ,,,"י""ח",7.50,"ל 100 מ""ל",false,1,19.90,2.65,true,1,
76840400218,true,"גלידת בן אנד גריס 473מ""לעוגת גבינה עם",מוצרי איכות אמריקאיים בעמ,,,"י""ח",4.73,"ל 100 מ""ל",false,1,23.90,5.05,true,1,
76840620029,true,גלידה פיינטים ברי נייס,מוצרי איכות אמריקאיים בעמ,,,"י""ח",5,"ל 100 מ""ל",false,1,23.90,4.78,true,1,
76840620036,true,גלידה פיינטים שמנת עם וניל,מוצרי איכות אמריקאיים בעמ,,,"י""ח",7.50,"ל 100 מ""ל",false,1,19.90,2.65,true,1,
77245110610,true,סוכריות מאסט מנטה ללא סוכ,שטראוס גרופ בעמ,,,"י""ח",0.80,ל 100 גרם,false,1,8.80,11,true,1,
77975093085,true,סניידרס בייגלה בציפוי שוקולד חלב 141ג,ליימן שליסל,,,"י""ח",1.41,ל 100 גרם,false,1,16.90,11.99,true,1,
77975093108,true,סניידרס בייגלה בציפוי שוקולד לבן 141ג,ליימן שליסל,,,"י""ח",1.41,ל 100 גרם,false,1,16.90,11.99,true,1,
77975094631,true,סנדוויץ בייגל במילוי קרם צ דר 226ג.,ליימן שליסל,,,"י""ח",2.26,ל 100 גרם,false,1,15.90,7.04,true,1,
77975094761,true,סניידרס שברי בייגל גבינת צ`דר 340גר,ליימן שליסל,,,"י""ח",3.40,ל 100 גרם,false,1,15.90,4.68,true,1,
77975094778,true,"סניידרס שברי בייגל  בצל,חרדל ודבש 340ג",ליימן שליסל,,,"י""ח",3.40,ל 100 גרם,false,1,15.90,4.68,true,1,
77975095263,true,סניידרס שברי בייגל גבינת צ`דר 319גר,ליימן שליסל,,,"י""ח",3.19,ל 100 גרם,false,1,15.90,4.98,true,1,
80432402931,true,"וויסקי שיבאס רגאל 700מ""ל",טמפו משקאות בעמ,,,"י""ח",7,"ל 100 מ""ל",false,1,119.90,17.09,true,1,
80518532743,true,שקית בלונים,שמחה זה אנחנו,,,"י""ח",1,,false,1,12,12,false,1,
80518532859,true,בלונים 100 יח,שמחה זה אנחנו,,,"י""ח",1,,false,1,21.90,21.90,false,1,
93133737264,true,רוטב טרייאקי שום,לפ מעיא חברה למסחר,,,"י""ח",5.66,"ל 100 מ""ל",false,1,26.99,4.77,false,1,
350007641646,true,קולגייט משחה 2ב -1רעננות 130גר,ש.שסטוביץ בעמ,,,"י""ח",7.50,"ל 100 מ""ל",false,1,17.90,2.39,false,1,
613008753351,true,"אריזונה רימונים 450מ""ל",טמפו משקאות בעמ,,,"י""ח",4.50,"ל 100 מ""ל",false,1,7.40,1.58,true,1,
628154383659,true,דגני בוקר פרוטי פבלס 311גר,ר.ב. מוצרי דגנים בעמ,,,"י""ח",3.11,ל 100 גרם,false,1,21.90,7.04,false,1,
655003854671,true,חסה הולנדיה הידרופוני,ביכורי השדה צפון 1994 ג.ד. בעמ,,,"י""ח",1,,false,1,11.90,11.90,false,1,
693493034487,true,פילה סרדין בשמן זית,ויצמן פרימיום בעמ,,,"י""ח",1.25,ל 100 גרם,false,1,6.50,5.20,false,1,
693493034517,true,פילה אנשובי בשמן חמניות צלפים,ויצמן פרימיום בעמ,,,"י""ח",1,ל 100 גרם,false,1,5.90,5.90,false,1,
693493102575,true,עגבניות שרי קלמרים,ביכורי השדה צפון 1994 ג.ד. בעמ,,,"י""ח",4.50,ל 100 גרם,false,1,9.90,2.20,false,1,
693493136358,true,בייבי בטטה,ביכורי השדה צפון 1994 ג.ד. בעמ,,,"י""ח",1,,false,1,8.90,8.90,false,1,
710069006867,true,סנדוויץ עוגיות וניל הדר 150גר,ח.כהן סוכנות מזון ומשקאות בע,,,"י""ח",1.50,ל 100 גרם,false,1,3.90,2.60,false,1,
710069055452,true,סנדוויץ עוגיות שוקו 150גר הדר,ח.כהן סוכנות מזון ומשקאות בע,,,"י""ח",1.50,ל 100 גרם,false,1,3.90,2.60,false,1,
748855429859,true,עגלה משולבת,כוכב נולד פלוס נתיבות בעמ,,,"י""ח",1,,false,1,999,999,false,1,
768404001640,true,גלידה פיינטים קפה,מוצרי איכות אמריקאיים בעמ,,,"י""ח",5,"ל 100 מ""ל",false,1,19.90,3.98,true,1,
769904001116,true,פתיתים קוסקוס 200ג,בטר אנד דיפרנט בעמ,,,"י""ח",2,ל 100 גרם,false,1,12.90,6.45,false,1,
807250553009,true,בר בצק,צבע ומכחול (2014) בעמ,,,"י""ח",1,,false,1,9.90,9.90,false,1,
835811002246,true,גביעי מאפינס צבעוני 200יח מס2,הנמל אריזות ושווק בעמ,,,"י""ח",1,,false,1,7.50,7.50,false,1,
835811004189,true,פרורי לחם מוזהבים  800 גרם הנמל,הנמל אריזות ושווק בעמ,,,"י""ח",8,ל 100 גרם,false,1,13.20,1.65,false,1,
835811005339,true,זוג שקיות אוכל  זוגות הנמל,הנמל אריזות ושווק בעמ,,,"י""ח",2,"י""ח",false,1,7.90,3.95,false,1,
839762002379,true,"איילנד מנגו 350מ""ל",טמפו משקאות בעמ,,,"י""ח",3.50,"ל 100 מ""ל",false,1,5.40,1.46,false,1,
839762002386,true,"איילנד גויאבה 350מ""ל",טמפו משקאות בעמ,,,"י""ח",3.50,"ל 100 מ""ל",false,1,5.40,1.46,false,1,
856591000055,true,עבאדי עוגיות מזרחיות קריספי  -400,תה ויסוצקי (ישראל)בעמ,,,"י""ח",4,ל 100 גרם,false,1,17.90,4.48,false,1,
856591000062,true,עבאדי עוגיות מזרחיות מלח  -400,תה ויסוצקי (ישראל)בעמ,,,"י""ח",4,ל 100 גרם,false,1,17.90,4.48,false,1,
856591000109,true,עבאדי עוגיות מזרחיות פריך במיוחד 400גר,תה ויסוצקי (ישראל)בעמ,,,"י""ח",4,ל 100 גרם,false,1,17.90,4.48,false,1,
856591000512,true,עוגיות מזרחיות מקלות לניגוב 400גר`,תה ויסוצקי (ישראל)בעמ,,,"י""ח",4,ל 100 גרם,false,1,17.90,4.48,true,1,
856591000918,true,מארז עבאדי חטיף טבעי 80גר,תה ויסוצקי (ישראל)בעמ,,,"י""ח",3.20,ל 100 גרם,false,1,14.90,4.66,false,1,
856591000949,true,עבאדי קטנטנים מאפה חיטה מלוח 350גר,תה ויסוצקי (ישראל)בעמ,,,"י""ח",3.50,ל 100 גרם,false,1,16.90,4.83,true,1,
859547004329,true,ספוג ניקוי SCRUB DADDY,ר.ב. מוצרי דגנים בעמ,,,"י""ח",1,,false,1,17.90,17.90,false,1,
859547004466,true,ספוג ניקוי SCRUB MOMMY,ר.ב. מוצרי דגנים בעמ,,,"י""ח",1,,false,1,17.90,17.90,false,1,
884912117625,true,שלווה גולדן קריספי,ר.ב. מוצרי דגנים בעמ,,,"י""ח",1,ל 100 גרם,false,1,19.90,19.90,false,1,
884912342737,true,דגני בוקר CRISP WAFFLE י326 גרם.,ר.ב. מוצרי דגנים בעמ,,,"י""ח",3.26,ל 100 גרם,false,1,20.90,6.41,false,1,
884912365200,true,דגני בוקר אוראו 311גר.,ר.ב. מוצרי דגנים בעמ,,,"י""ח",3.11,ל 100 גרם,false,1,23.90,7.68,true,1,
2348139024008,false,תחתיות ארטישוק 400 גרם,נטו מלינדה סחר בעמ,,,"י""ח",4.25,ל 100 גרם,false,1,11.90,2.80,false,1,
3014260240226,false,"גילט קצף גילוח רגיש 200 מ""ל",דיפלומט מפיצים 1968 בעמ,,,"י""ח",2,"ל 100 מ""ל",false,1,16.30,8.15,true,1,
3014260287030,false,ג ילט 2 חמישיה,דיפלומט מפיצים 1968 בעמ,,,"י""ח",1,,false,1,6.90,6.90,true,1,
3014260289287,false,גילט בלו 2 חמישיה  לאשה,דיפלומט מפיצים 1968 בעמ,,,"י""ח",1,,false,1,14.90,14.90,true,1,
3046920029759,false,לינדט אקסלנס 90% 100ג,מ.סידס ובנו בעמ,,,"י""ח",1,ל 100 גרם,false,1,16.90,16.90,true,1,
3059943015128,false,אירוויק נטול גז לוונדר,רקיט בנקיזר (ניר איסט) בעמ,,,"י""ח",3.45,"ל 100 מ""ל",false,1,14.90,4.32,true,1,
3059943016507,false,אירוויק ספריי לבנדר,רקיט בנקיזר (ניר איסט) בעמ,,,"י""ח",3,"ל 100 מ""ל",false,1,9.90,3.30,true,1,
3059943016569,false,אירוויק ספריי פריסיה ויסמין,רקיט בנקיזר (ניר איסט) בעמ,,,"י""ח",3,"ל 100 מ""ל",false,1,9.90,3.30,true,1,
3059944025003,false,ויט רצועות שעווה 20יח,רקיט בנקיזר (ניר איסט) בעמ,,,"י""ח",2.50,"ל 100 מ""ל",false,1,39.90,15.96,false,1,
3073781161663,false,גבינה לוואש קירי 8יח`,בני ג ורג שוקחה (חיפה) בעמ,,,"י""ח",1.28,ל 100 גרם,false,1,11.90,9.30,false,1,
3073781161687,false,גבינה לוואש קירי 16 יח`,בני ג ורג שוקחה (חיפה) בעמ,,,"י""ח",2.56,ל 100 גרם,false,1,22.90,8.95,true,1,
3073781162790,false,בייבי בל 6 יח  120גר` נטו,א. סיימן סחר בעמ,,,"י""ח",1.20,ל 100 גרם,false,1,21.90,18.25,true,1,
3141360054405,false,פיניש ציטרופרש לימון,רקיט בנקיזר (ניר איסט) בעמ,,,"י""ח",0.27,ל 100 גרם,false,1,14.90,55.19,true,1,
3161911229199,false,חמאה רכה 250גר אלויר,א. סיימן סחר בעמ,,,"י""ח",2.50,ל 100 גרם,false,1,22.90,9.16,true,1,
3178530402353,false,מדלן עוגיות רכות 175ג,א. סיימן סחר בעמ,,,"י""ח",1.75,ל 100 גרם,false,1,10.90,6.23,true,1,
3178530407938,false,מיני מדליין עם פצפוצי שוקולד 175ג,א. סיימן סחר בעמ,,,"י""ח",1.75,ל 100 גרם,false,1,11.90,6.80,true,1,
3179732348913,false,פרייה ירוק פלסטיק 1 ליטר,טמפו משקאות בעמ,,,"י""ח",1,ליטר,false,1,8.20,8.20,false,1,
3254550033279,false,קממבר פאיסיני 250גר,א. סיימן סחר בעמ,,,"י""ח",2.50,ל 100 גרם,false,1,30.90,12.36,true,1,
3282554138911,false,כפיות לבן 100יח  שווה,ח.כהן סוכנות מזון ומשקאות בע,,,"י""ח",100,"י""ח",false,1,6.90,0.07,false,1,
3282554174957,false,כפות לבן 100יח  שווה,ח.כהן סוכנות מזון ומשקאות בע,,,"י""ח",100,"י""ח",false,1,9.90,0.10,false,1,
3387390320244,false,פיטנס דגנים עם פירות 375גרם,קבוצת אוסם סחר-שות.מוגבלת,,,"י""ח",3.75,ל 100 גרם,false,1,22.90,6.11,true,1,
3387390525960,false,קראנץ  500גר`,קבוצת אוסם סחר-שות.מוגבלת,,,"י""ח",5,ל 100 גרם,false,1,19.90,3.98,true,1,
3480341002685,false,טרטר אפרטיף בנוסח פרובנס 100גר,א. סיימן סחר בעמ,,,"י""ח",100,ל 100 גרם,false,1,19.90,0.20,false,1,
3480341002692,false,טרטר אפרטיף בנוסח איטלקי 100גר,א. סיימן סחר בעמ,,,"י""ח",1,ל 100 גרם,false,1,19.90,19.90,false,1,
3523230025638,false,בושה עיזים טבעי 125גר,א. סיימן סחר בעמ,,,"י""ח",1.25,ל 100 גרם,false,1,23.90,19.12,false,1,
3574660464368,false,קרפרי מגן תחתון אלוורה 76יח`,ש.שסטוביץ בעמ,,,"י""ח",1,,false,1,22.90,22.90,false,1,
3574661114637,false,"ליסטרין זירו  500 מ""ל",שקד תבל בעמ,,,"י""ח",5,"ל 100 מ""ל",false,1,17.90,3.58,true,1,
3574661487632,false,קרפרי מגן תחתון  לארג`מקסי 64יח`,ש.שסטוביץ בעמ,,,"י""ח",1,,false,1,22.90,22.90,false,1,
3574661552576,false,קרפרי מגן תחתון רגיל טנגה לבן 56יח`,ש.שסטוביץ בעמ,,,"י""ח",1,,false,1,15.90,15.90,true,1,
3574661552804,false,קרפרי מגן תחתון אלוורה 56יח`,ש.שסטוביץ בעמ,,,"י""ח",1,,false,1,15.90,15.90,true,1,
3574661552811,false,קרפרי כותון אוורירי 56יח`,ש.שסטוביץ בעמ,,,"י""ח",1,,false,1,15.90,15.90,true,1,
3574661554877,false,קרפרי כותון מבושם 56 יח`,ש.שסטוביץ בעמ,,,"י""ח",1,,false,1,15.90,15.90,true,1,
3574661554884,false,קרפרי רגיל טנגה ריחניה 56יח`,ש.שסטוביץ בעמ,,,"י""ח",1,,false,1,15.90,15.90,true,1,
3600522344032,false,"אלביב מסכה לשיער פגום טואל ריפר 300מ""ל",לוריאל ישראל קוסמטיקס בעמ,,,"י""ח",3,"ל 100 מ""ל",false,1,34.90,11.63,false,1,
3600523651870,false,"אלביב שמפו ארגנין   550מ""ל",לוריאל ישראל קוסמטיקס בעמ,,,"י""ח",5.50,"ל 100 מ""ל",false,1,14.90,2.71,true,1,
3600523651887,false,"אלביב שמפו טוטל ריפר   550מ""ל",לוריאל ישראל קוסמטיקס בעמ,,,"י""ח",5.50,"ל 100 מ""ל",false,1,14.90,2.71,true,1,
3600523652280,false,"אלביב שמפו 6 שמנים   550מ""ל",לוריאל ישראל קוסמטיקס בעמ,,,"י""ח",5.50,"ל 100 מ""ל",false,1,14.90,2.71,true,1,
3600523652297,false,"אלביב מרכך 6 שמנים 550מ""ל",לוריאל ישראל קוסמטיקס בעמ,,,"י""ח",5.50,"ל 100 מ""ל",false,1,14.90,2.71,true,1,
3600524051334,false,"אלביב מרכך היאלורונית  400מ""ל",לוריאל ישראל קוסמטיקס בעמ,,,"י""ח",4,"ל 100 מ""ל",false,1,16.90,4.23,true,1,
3600524051570,false,"אלביב מסכה היאלורונית  300מ""ל",לוריאל ישראל קוסמטיקס בעמ,,,"י""ח",3,"ל 100 מ""ל",false,1,34.90,11.63,true,1,
3600524055400,false,"אלביב שמפו היאלורונית  500מ""ל",לוריאל ישראל קוסמטיקס בעמ,,,"י""ח",5,"ל 100 מ""ל",false,1,18.90,3.78,true,1,
3600540928863,false,גרנייה מינרל דאו רול טורקיז,לוריאל ישראל קוסמטיקס בעמ,,,"י""ח",0.50,"ל 100 מ""ל",false,1,14.90,29.80,true,1,
3600541253667,false,גרנייה דאודורנט כל הסוגים,לוריאל ישראל קוסמטיקס בעמ,,,"י""ח",1.50,"ל 100 מ""ל",false,1,14.90,9.93,true,1,
3600541956223,false,גרנייה פיור אקטיב מברשת,לוריאל ישראל קוסמטיקס בעמ,,,"י""ח",1,,false,1,29.90,29.90,false,1,
3600542375801,false,"גרנייה פיוראקטיב 3ב1 פחם 150מ""ל",לוריאל ישראל קוסמטיקס בעמ,,,"י""ח",1.50,"ל 100 מ""ל",false,1,29.90,19.93,false,1,
3600542385091,false,דאו גרניה אקשן קונטרול  72שעות,לוריאל ישראל קוסמטיקס בעמ,,,"י""ח",1,,false,1,14.90,14.90,true,1,
3607340717635,false,"אדידס גל רחצה 400מ""ל אייס דייב",דנשר (1963) בעמ,,,"י""ח",4,"ל 100 מ""ל",false,1,10.90,2.73,false,1,
3607343817547,false,"אדידס ספריי לגבר קליימקול 150מ""ל",דנשר (1963) בעמ,,,"י""ח",1.50,"ל 100 מ""ל",false,1,12.90,8.60,true,1,
3614224056537,false,דאו`ספריי אישה דרי מקס אנטנסיב,דנשר (1963) בעמ,,,"י""ח",1,,false,1,14.90,14.90,false,1,
3800718504947,false,ספוג סקוטש עשיריה,מ.א.ייצור ויבוא מטליות בעמ,,,"י""ח",10,"י""ח",false,1,5.50,0.55,false,1,
3838824127262,false,צבעי שיער בלונד כהה סמי קיט,הנקל סוד בעמ,,,"י""ח",1,,false,1,19.90,19.90,true,1,
3838824127286,false,צבעי שיער  בלונד בינוני סמי קיט,הנקל סוד בעמ,,,"י""ח",1,,false,1,19.90,19.90,true,1,
3838824276007,false,צבעי שיער  בלונד בהיר מאוד סמי קיט,הנקל סוד בעמ,,,"י""ח",1,,false,1,19.90,19.90,true,1,
4000417101211,false,אמיצ`לי אגוז 150גר,ליימן שליסל,,,"י""ח",1.50,ל 100 גרם,false,1,17.90,11.93,false,1,
4000417101273,false,אמיצ`לי גלילי וופל עם קרם 300ג,ליימן שליסל,,,"י""ח",3,ל 100 גרם,false,1,34.90,11.63,true,1,
4000417450302,false,מיני ריטר פאוצ 183ג ספורט,ליימן שליסל,,,"י""ח",1.83,ל 100 גרם,false,1,19.90,10.87,false,1,
4000417629616,false,ריטר ספורט שקדים מקורמלים,ליימן שליסל,,,"י""ח",1,ל 100 גרם,false,1,8.90,8.90,true,1,
4000417692313,false,ריטר ספורט קינמון קריספי לבן 100ג,ליימן שליסל,,,"י""ח",1,ל 100 גרם,false,1,8.90,8.90,true,1,
4000417694119,false,ריטר ספורט קפה קריספי 100ג,ליימן שליסל,,,"י""ח",1,ל 100 גרם,false,1,8.90,8.90,true,1,
4000522061752,false,בייגלה צ`יו מקלות 100גר.,ר.ב. מוצרי דגנים בעמ,,,"י""ח",1,ל 100 גרם,false,1,3.90,3.90,false,1,
4002590000046,false,קלפני מרענן 150גר.,ליימן שליסל,,,"י""ח",1.50,ל 100 גרם,false,1,9.50,6.33,false,1,
4004666042004,false,מלרוז משמיד עובש,יעקב יעקבי ובניו בעמ,,,"י""ח",7.50,"ל 100 מ""ל",false,1,29.90,3.99,false,1,
4004666111656,false,"מלרוד גל פעיל להשמדת עובש 250מ""ל.",יעקב יעקבי ובניו בעמ,,,"י""ח",2.50,"ל 100 מ""ל",false,1,29.90,11.96,false,1,
4004666111663,false,"מלרוד שפורפרת להלבנת בין חרסינות 90מ""",יעקב יעקבי ובניו בעמ,,,"י""ח",0.90,"ל 100 מ""ל",false,1,27.90,31,false,1,
4005808366392,false,שפתון לבלו כחול,אלפא ב.ד.ף בעמ,,,"י""ח",1,,false,1,11.90,11.90,true,1,
4005808368280,false,שפתון לבלו דובדבן,אלפא ב.ד.ף בעמ,,,"י""ח",1,"י""ח",false,1,11.90,11.90,true,1,
4005808817405,false,"ג ל גילוח לעור רגיש ניוואה 200מ""ל",אלפא ב.ד.ף בעמ,,,"י""ח",2,"ל 100 מ""ל",false,1,19.90,9.95,false,1,
4005900036483,false,דאו ספריי בלק אנד וויט גבר,אלפא ב.ד.ף בעמ,,,"י""ח",1.50,"ל 100 מ""ל",false,1,15.90,10.60,true,1,
4005900555915,false,"תחליב רחצה RELAXING MOMENTS 750מ""ל קוקוס",אלפא ב.ד.ף בעמ,,,"י""ח",7.50,"ל 100 מ""ל",false,1,15.90,2.12,true,1,
4005900730336,false,"דאו רול און  בלק אנד וויט גבר 50מ""ל",אלפא ב.ד.ף בעמ,,,"י""ח",0.50,"ל 100 מ""ל",false,1,13.90,27.80,true,1,
4005900816016,false,דאו  ספריי לאשה פרש,אלפא ב.ד.ף בעמ,,,"י""ח",1.50,"ל 100 מ""ל",false,1,15.90,10.60,true,1,
4005900816115,false,דאו  רול און לאשה יבש,אלפא ב.ד.ף בעמ,,,"י""ח",0.50,"ל 100 מ""ל",false,1,13.90,27.80,true,1,
4005900874931,false,"ניוואה מן דאו  ספריי דיפ ביט לגבר 150מ""ל",אלפא ב.ד.ף בעמ,,,"י""ח",1.50,"ל 100 מ""ל",false,1,15.90,10.60,true,1,
4008287058161,false,קרומבאכר פילס 4.8%  0.33ל בקבוק 1/6,אגודת הכורמים,,,"י""ח",1.98,ליטר,false,1,37.90,18.23,true,1,
4008287905786,false,קרומבאכר חיטה פחית בודד 0.5ל,אגודת הכורמים,,,"י""ח",0.50,"ל 100 מ""ל",false,1,9.90,19.20,true,1,
4009300522935,false,תה ירוק עם לימונית ולואיז,ש.שסטוביץ בעמ,,,"י""ח",0.30,ל 100 גרם,false,1,16.90,56.33,false,1,
4009300524588,false,פומפדור חליטת פירות יער,ש.שסטוביץ בעמ,,,"י""ח",3,ל 100 גרם,false,1,13.90,4.63,true,1,
4009900013581,false,מארז חמישיית אורביט סטיקס ספירמינט,מרס ריגלי ישראל בעמ,,,"י""ח",5,"י""ח",false,1,9.90,1.98,false,1,
4009900402965,false,אורביט בקבוקון WHITE טעם פירות,מרס ריגלי ישראל בעמ,,,"י""ח",0.90,ל 100 גרם,false,1,10.50,11.67,true,1,
4009900403023,false,אורביט בקבוקון WHITE טעם מנטה,מרס ריגלי ישראל בעמ,,,"י""ח",0.90,ל 100 גרם,false,1,10.50,11.67,true,1,
4009900406918,false,הובה בובה טריפל,מרס ריגלי ישראל בעמ,,,"י""ח",0.56,ל 100 גרם,false,1,6.60,11.79,false,1,
4009900420129,false,אורביט בקבוקון פרופשיונל פפרמינט,מרס ריגלי ישראל בעמ,,,"י""ח",0.90,ל 100 גרם,false,1,10.50,11.67,true,1,
4009900426039,false,איירוויבז בקבוקון טעם מנטה אקליפטוס,מרס ריגלי ישראל בעמ,,,"י""ח",0.90,ל 100 גרם,false,1,10.50,11.67,true,1,
4009900465304,false,סוכריות סקיטלס פירות חמוצים 174ג,מרס ריגלי ישראל בעמ,,,"י""ח",1.74,ל 100 גרם,false,1,8.90,5.11,false,1,
4009900479998,false,אורביט בקבוקון WHITE טעם אוכמניות,מרס ריגלי ישראל בעמ,,,"י""ח",0.90,ל 100 גרם,false,1,10.50,11.67,true,1,
4009900484060,false,אורביט בקבוק 60יח פפרמינט,מרס ריגלי ישראל בעמ,,,"י""ח",0.84,ל 100 גרם,false,1,13,15.48,false,1,
4009900487283,false,מארז חמישיית אורביט סטיקס פירות,מרס ריגלי ישראל בעמ,,,"י""ח",5,"י""ח",false,1,9.90,1.98,false,1,
4009900491044,false,מסטיק איירוייס בקבוק אוכמניות.,מרס ריגלי ישראל בעמ,,,"י""ח",0.84,ל 100 גרם,false,1,13,15.48,false,1,
4009900496247,false,אורביט בקבוק 60יח ספירמינט,מרס ריגלי ישראל בעמ,,,"י""ח",0.84,ל 100 גרם,false,1,13,15.48,false,1,
4009900509770,false,אורביט בקבוק 60יח בטעם תות,מרס ריגלי ישראל בעמ,,,"י""ח",0.84,ל 100 גרם,false,1,13,15.48,false,1,
4009900521581,false,אורביט סוכריות מינטס מנטה,מרס ריגלי ישראל בעמ,,,"י""ח",0.77,ל 100 גרם,false,1,9.90,12.86,true,1,
4009900531122,false,אורביט בקבוקון פרופשיונל ספירמינט,מרס ריגלי ישראל בעמ,,,"י""ח",0.90,ל 100 גרם,false,1,10.50,11.67,true,1,
4009900532327,false,סוכריות סקיטלס סמודיס  38גר.,מרס ריגלי ישראל בעמ,,,"י""ח",0.38,ל 100 גרם,false,1,3,7.89,false,1,
4009900535823,false,אורביט רפרשרס בבלמינט HP,מרס ריגלי ישראל בעמ,,,"י""ח",0.15,ל 100 גרם,false,1,3.90,26,false,1,
4009900536257,false,אורביט רפרשרס פפרמינט בקבוקון,מרס ריגלי ישראל בעמ,,,"י""ח",0.67,ל 100 גרם,false,1,11.90,17.76,false,1,
4009900536288,false,אורביט רפרשרס ספירמינט בקבוקון,מרס ריגלי ישראל בעמ,,,"י""ח",0.67,ל 100 גרם,false,1,11.90,17.76,false,1,
4009900539746,false,פייב באונס בטעם אבטיח בקבוקון,מרס ריגלי ישראל בעמ,,,"י""ח",0.67,ל 100 גרם,false,1,11.90,17.76,true,1,
4009900540551,false,אורביט רפרשרס טרופיקל בקבוקון,מרס ריגלי ישראל בעמ,,,"י""ח",0.67,ל 100 גרם,false,1,11.90,17.76,false,1,
4011800633516,false,קורני בייס דרק שוק 138 ג`,מ.סידס ובנו בעמ,,,"י""ח",6,"י""ח",false,1,11.90,1.98,true,1,
4013197767034,false,קוונדיש סוכריות בפחית לימון,שוקוטרייד בעמ,,,"י""ח",3,ל 100 גרם,false,1,10.90,3.63,false,1,
4014400144078,false,קנופרס שלשה 75ג,ליימן שליסל,,,"י""ח",0.75,ל 100 גרם,false,1,7.90,10.53,false,1,
4014400901788,false,"סוכריות וורטר חמאה 1ק""ג",ליימן שליסל,,,"י""ח",1,"ק""ג",false,1,29.90,29.90,false,1,
4014400914696,false,וורטל ללא סוכר שקית 80גר`,ליימן שליסל,,,"י""ח",1,,false,1,8.90,8.90,true,1,
4014400923711,false,טופיפי 125 גרם,ליימן שליסל,,,"י""ח",1.25,ל 100 גרם,false,1,11.90,9.52,true,1,
4015000615884,false,דאו`ספריי פה לימון 200 מ``ל,הנקל סוד בעמ,,,"י""ח",2,"ל 100 מ""ל",false,1,10.90,5.45,true,1,
4015000940955,false,"שמפו גליס ULTREP 400מ""ל",הנקל סוד בעמ,,,"י""ח",4,"ל 100 מ""ל",false,1,18.90,4.73,true,1,
4015100190793,false,"מכסה גליס 300מ""ל שיקום",הנקל סוד בעמ,,,"י""ח",3,"ל 100 מ""ל",false,1,28.90,9.63,true,1,
4015400564034,false,אולדייז מגה פק לונג פלוס 58 יח`***,דיפלומט מפיצים 1968 בעמ,,,"י""ח",58,"י""ח",false,1,19.90,0.34,true,1,
4015400564454,false,אולדייז מגה פק  לארג `68יח`***,דיפלומט מפיצים 1968 בעמ,,,"י""ח",1,,false,1,19.90,19.90,true,1,
4015400681670,false,אולוויז לילה בטוח 18יח,דיפלומט מפיצים 1968 בעמ,,,"י""ח",1,,false,1,19.90,19.90,true,1,
4015400731719,false,אולוויז וליו פק  לילה 20יח`,דיפלומט מפיצים 1968 בעמ,,,"י""ח",1,,false,1,19.90,19.90,true,1,
4015400746812,false,אולדייז מגה פק נורמל 80יח`***,דיפלומט מפיצים 1968 בעמ,,,"י""ח",80,"י""ח",false,1,19.90,0.25,true,1,
4015400824725,false,טמפקס פלאש סופר 30 יח,דיפלומט מפיצים 1968 בעמ,,,"י""ח",1,,false,1,34.90,34.90,false,1,
4015400990482,false,"אריאל אבקת כביסה קולור 3ק""ג",דיפלומט מפיצים 1968 בעמ,,,"י""ח",3,"ק""ג",false,1,33.90,11.30,false,1,
4015600762742,false,"הד שולדרס שמפו קלאסי  500מ""ל",דיפלומט מפיצים 1968 בעמ,,,"י""ח",5,"ל 100 מ""ל",false,1,21.90,4.38,false,1,
4015600762780,false,"הד שולדרס 2ב1 קלאסי  500מ""ל",דיפלומט מפיצים 1968 בעמ,,,"י""ח",5,"ל 100 מ""ל",false,1,21.90,4.38,false,1,
4015600762940,false,"הד שולדרס שמפו תפוח   500מ""ל",דיפלומט מפיצים 1968 בעמ,,,"י""ח",5,"ל 100 מ""ל",false,1,21.90,4.38,false,1,
4015600763022,false,"הד שולדרס שמפו מגע משי  500מ""ל",דיפלומט מפיצים 1968 בעמ,,,"י""ח",5,"ל 100 מ""ל",false,1,21.90,4.38,false,1,
4017040222930,false,דונאטס טעמים מאפייה,ג.וילי פוד אינטרנשיונל בעמ,,,"י""ח",1,,false,1,6.90,6.90,false,1,
4017100290008,false,ביסקוויט ליבניץ שוק חלב,ליימן שליסל,,,"י""ח",1.25,ל 100 גרם,false,1,13.30,10.64,false,1,
4022025001905,false,"יין בלו ווין מבעבע זהב כשר 750מ""ל",היכל היין שקד גולן בעמ,,,"י""ח",7.50,"ל 100 מ""ל",false,1,59.90,7.95,true,1,
4023800012055,false,מרציפן מצופה 50ג,שוקוטרייד בעמ,,,"י""ח",0.50,ל 100 גרם,false,1,5.90,11.80,false,1,
4023800101902,false,טבלאות מרציפן מצופה שוקולד חלב  100ג,שוקוטרייד בעמ,,,"י""ח",1,ל 100 גרם,false,1,10.90,10.90,false,1,
4023800201909,false,טבלאות מרציפן מצופה  שוקולד מריר100ג,שוקוטרייד בעמ,,,"י""ח",1,ל 100 גרם,false,1,10.90,10.90,false,1,
4023800592120,false,מרציפן מצופה 125ג אננס,שוקוטרייד בעמ,,,"י""ח",1.25,ל 100 גרם,false,1,10.90,8.72,false,1,
4023800601907,false,טבלאות שוקולד חלב קרם קפה 100ג,שוקוטרייד בעמ,,,"י""ח",1,ל 100 גרם,false,1,10.90,10.90,false,1,
4023800792124,false,מרציפן מצופה 125ג אגוזי מלך,שוקוטרייד בעמ,,,"י""ח",1.25,ל 100 גרם,false,1,10.90,8.72,false,1,
4025700001962,false,שוקולד מילקה לבן 100ג,דיפלומט מפיצים (1968) בעמ**,,,"י""ח",1,ל 100 גרם,false,1,6.50,6.50,true,1,
4037719068508,false,קוונדיש סוכריות בפחית תות לימון,שוקוטרייד בעמ,,,"י""ח",2,ל 100 גרם,false,1,10.90,5.45,false,1,
4037719068515,false,קוונדיש סוכריות בפחית אוכמניות תפוח,שוקוטרייד בעמ,,,"י""ח",2,ל 100 גרם,false,1,10.90,5.45,false,1,
4037719068522,false,קוונדיש סוכריות בפחית דובדבן ליים,שוקוטרייד בעמ,,,"י""ח",2,ל 100 גרם,false,1,10.90,5.45,false,1,
4045787068467,false,פרוטאין קולור   בלונד  בנוני 7,הנקל סוד בעמ,,,"י""ח",1,,false,1,16.90,16.90,true,1,
4084500065536,false,"פנטן קרם לחות לשיער  300מ""ל",דיפלומט מפיצים 1968 בעמ,,,"י""ח",3,"ל 100 מ""ל",false,1,17.90,5.97,false,1,
4084500088917,false,"~פיירי לימון 650מ""ל",דיפלומט מפיצים 1968 בעמ,,,"י""ח",6.50,"ל 100 מ""ל",false,1,9.90,1.52,false,1,
4084500149526,false,טייד ג`ל 2.48 ליטר,דיפלומט מפיצים 1968 בעמ,,,"י""ח",2.48,ליטר,false,1,29.90,12.06,false,1,
4084500853553,false,"פיירי אוריגינל 650מ""ל",דיפלומט מפיצים 1968 בעמ,,,"י""ח",1.24,ליטר,false,1,9.90,7.98,false,1,
4084500854048,false,פיירי לימון 1.24ליטר.,דיפלומט מפיצים 1968 בעמ,,,"י""ח",1.24,ליטר,false,1,15.90,12.82,true,1,
4084500920880,false,פיירי אוריגינל 1.24ליטר,דיפלומט מפיצים 1968 בעמ,,,"י""ח",1.24,ליטר,false,1,15.90,12.82,true,1,
4605561010305,false,פילה הרינג עם שמיר בשמן חתיכות 500גר,דילר בי.אמ.די פורמולה בעמ,,,"י""ח",5,ל 100 גרם,false,1,26.90,5.38,true,1,
4605561010343,false,פילה הרינג בשמן חתיכות 500גר,דילר בי.אמ.די פורמולה בעמ,,,"י""ח",5,ל 100 גרם,false,1,26.90,5.38,true,1,
4605561011975,false,חתיכות פילה הרינג בשמן 150גר.,דילר בי.אמ.די פורמולה בעמ,,,"י""ח",1.50,ל 100 גרם,false,1,7.90,5.27,false,1,
4605561012613,false,פילה הרינג (קצוץ) בשמן 400גר,דילר בי.אמ.די פורמולה בעמ,,,"י""ח",4,ל 100 גרם,false,1,15.90,3.98,true,1,
4605561013009,false,פילה הרינג בשמן 400גר,דילר בי.אמ.די פורמולה בעמ,,,"י""ח",4,ל 100 גרם,false,1,15.90,3.98,true,1,
4640018993398,false,פיניש קוואנטום 60 קפסולות בשקית,רקיט בנקיזר (ניר איסט) בעמ,,,"י""ח",45,"י""ח",false,1,59.90,1.33,true,1,
4770237049450,false,גלידת שמנת בטעם וניל בגביע 70גר SVALIA,אייס דילר בי.אמ.די בעמ,,,"י""ח",0.70,ל 100 גרם,false,1,5.90,8.43,true,1,
4770237050432,false,גלידת שמנת בטעם שוקולד בגביע SVALIA,אייס דילר בי.אמ.די בעמ,,,"י""ח",0.70,ל 100 גרם,false,1,5.90,8.43,true,1,
4800888219534,false,דאו סטיק דאב 50ג.,יוניליוור ישראל שיווק בעמ,,,"י""ח",0.76,ל 100 גרם,false,1,14.90,19.61,true,1,
4800888219541,false,רקסונה סטיק נשים פאודר דרי 50גר,יוניליוור ישראל שיווק בעמ,,,"י""ח",1,"י""ח",false,1,14.90,14.90,true,1,
4810168000011,false,פילה דג הרינג מלוח מצונן 250גר,דילר בי.אמ.די פורמולה בעמ,,,"י""ח",2.50,ל 100 גרם,false,1,13.90,5.56,true,1,
4810168018795,false,חתיכות פילה דג הרינג מלוח מצונן 200גר,דילר בי.אמ.די פורמולה בעמ,,,"י""ח",2,ל 100 גרם,false,1,13.90,6.95,true,1,
4810168024512,false,פילה דג הרינג מלוח מצונן עם תבלין 260ג,דילר בי.אמ.די פורמולה בעמ,,,"י""ח",2.60,ל 100 גרם,false,1,17.90,6.88,false,1,
4810168045555,false,פילה סלמון מלוח פ.קפוא 100ג מוכן לאכיל,דילר בי.אמ.די פורמולה בעמ,,,"י""ח",1,ל 100 גרם,false,1,22.90,22.90,false,1,
4810168045562,false,פילה סלמון מעושן פ.קפוא 100ג מוכן לאכילה,דילר בי.אמ.די פורמולה בעמ,,,"י""ח",1,ל 100 גרם,false,1,22.90,22.90,false,1,
4810168045579,false,פילה פורל מלוח פ.קפוא 100ג מוכן לאכילה,דילר בי.אמ.די פורמולה בעמ,,,"י""ח",1,ל 100 גרם,false,1,22.90,22.90,false,1,
4810168045586,false,פילה פורל מעושן פ.קפוא 100ג מוכן לאכילה,דילר בי.אמ.די פורמולה בעמ,,,"י""ח",1,ל 100 גרם,false,1,22.90,22.90,false,1,
4810168045593,false,פילה סלמון מלוח קפוא 200ג מוכן לאכילה,דילר בי.אמ.די פורמולה בעמ,,,"י""ח",2,ל 100 גרם,false,1,42.90,21.45,false,1,
4810168045609,false,פילה סלמון מעושן קפוא 200ג מוכן לאכילה,דילר בי.אמ.די פורמולה בעמ,,,"י""ח",2,ל 100 גרם,false,1,42.90,21.45,false,1,
4810168045616,false,פילה פורל מלוח קפוא 200גר מוכן לאכילה,דילר בי.אמ.די פורמולה בעמ,,,"י""ח",2,ל 100 גרם,false,1,42.90,21.45,false,1,
4810168045623,false,פילה פורל מעושן קפוא 200ג מוכן לאכילה,דילר בי.אמ.די פורמולה בעמ,,,"י""ח",2,ל 100 גרם,false,1,42.90,21.45,false,1,
4810168047368,false,בצק שמרים עלים מרודד מוקפא  450גר,דילר בי.אמ.די פורמולה בעמ,,,"י""ח",4.50,ל 100 גרם,false,1,8.90,1.98,true,1,
4810168049959,false,בלינצ`ס במילוי גבינת טבורוג 360גר קפוא,דילר בי.אמ.די פורמולה בעמ,,,"י""ח",3.60,ל 100 גרם,false,1,13.90,3.86,true,1,
4810168049966,false,בלינצ`ס במילוי דובדבן 360גר קפוא,דילר בי.אמ.די פורמולה בעמ,,,"י""ח",3.60,ל 100 גרם,false,1,13.90,3.86,true,1,
4810168051396,false,בצק שמרים מרודד מוקפא  450גר,דילר בי.אמ.די פורמולה בעמ,,,"י""ח",4.50,ל 100 גרם,false,1,8.90,1.98,true,1,
4810168055035,false,כיסונים במילוי טבורוג וצימוקים 450גר קפו,דילר בי.אמ.די פורמולה בעמ,,,"י""ח",4.50,ל 100 גרם,false,1,15.90,3.53,true,1,
4810168055165,false,לביבות גבינת טבורוג מוקפאות 450גר,דילר בי.אמ.די פורמולה בעמ,,,"י""ח",4.50,ל 100 גרם,false,1,19.90,4.42,true,1,
4810168055882,false,חתיכות פילה דג הרינג מומלח בשמן מצונן,דילר בי.אמ.די פורמולה בעמ,,,"י""ח",1.20,"ק""ג",false,1,39.90,33.25,false,1,
4810168056964,false,בלינצ`ס במילוי ממרח קקאו-א.לוז 360גר ק,דילר בי.אמ.די פורמולה בעמ,,,"י""ח",3.60,ל 100 גרם,false,1,13.90,3.86,true,1,
4810168057435,false,פילה הרינג XXL מלוח בשמן מצונן 400גר,דילר בי.אמ.די פורמולה בעמ,,,"י""ח",4,ל 100 גרם,false,1,26.90,6.73,true,1,
4810168058975,false,פילה דג הרינג סקנדינבי חתיכות 260גר,דילר בי.אמ.די פורמולה בעמ,,,"י""ח",2.60,ל 100 גרם,false,1,17.90,6.88,false,1,
4820217240114,false,חמאה  200גר  Ferma 82.5%,דילר בי.אמ.די פורמולה בעמ,,,"י""ח",2,ל 100 גרם,false,1,8.90,4.45,false,1,
4823077613630,false,חטיף שוקולד רושן ממולא קרם ברולה 43גר,דילר בי.אמ.די.אינטרנשיונל בעמ,,,"י""ח",0.40,ל 100 גרם,false,1,3.90,9.75,true,1,
4823077614675,false,ביסקוויט לקפה רושן בטעם חלב 185ג,דילר בי.אמ.די.אינטרנשיונל בעמ,,,"י""ח",1.85,ל 100 גרם,false,1,3.90,2.11,true,1,
4823077614699,false,ביסקוויט לקפה רושן בטעם חמאה וניל 185ג,דילר בי.אמ.די.אינטרנשיונל בעמ,,,"י""ח",1.85,ל 100 גרם,false,1,3.90,2.11,true,1,
4823077614767,false,שוקולד רושן חלב נוגט טעם אגוזי לוז 90גר,דילר בי.אמ.די.אינטרנשיונל בעמ,,,"י""ח",0.90,ל 100 גרם,false,1,4.90,5.44,true,1,
4823077614804,false,שוקולד רושן חלב נוגט טעם אוכמניות כחול,דילר בי.אמ.די.אינטרנשיונל בעמ,,,"י""ח",0.90,ל 100 גרם,false,1,4.90,5.44,true,1,
4823077617041,false,חטיף שוקולד רושן ממולא קרם קרמל 43גר,דילר בי.אמ.די.אינטרנשיונל בעמ,,,"י""ח",0.43,ל 100 גרם,false,1,3.90,9.07,true,1,
4823077618161,false,"וופל  רול""קונאפטו"" חלב 140גר",דילר בי.אמ.די.אינטרנשיונל בעמ,,,"י""ח",1.40,ל 100 גרם,false,1,6.90,4.93,true,1,
4823077621635,false,וופל רושן בטעם חלב 72גר,דילר בי.אמ.די.אינטרנשיונל בעמ,,,"י""ח",0.72,ל 100 גרם,false,1,3.90,5.42,true,1,
4823077621642,false,וופל רושן בטעם שוקולד 72גר,דילר בי.אמ.די.אינטרנשיונל בעמ,,,"י""ח",0.72,ל 100 גרם,false,1,3.90,5.42,true,1,
4823077621659,false,וופל רושן בטעם אגוז 72גר,דילר בי.אמ.די.אינטרנשיונל בעמ,,,"י""ח",0.72,ל 100 גרם,false,1,3.90,5.42,true,1,
4823077624223,false,"רושן סוכריות  ג`לי""בוני   פרוט""פירות",דילר בי.אמ.די.אינטרנשיונל בעמ,,,"י""ח",2,ל 100 גרם,false,1,6.90,3.45,true,1,
4823077624247,false,"רושן סוכריות  ג`לי""בוני   פרוט""טעם הדרים",דילר בי.אמ.די.אינטרנשיונל בעמ,,,"י""ח",2,ל 100 גרם,false,1,6.90,3.45,true,1,
4823077625589,false,וופל רושן בטעם חלב 216גר,דילר בי.אמ.די.אינטרנשיונל בעמ,,,"י""ח",2.16,ל 100 גרם,false,1,6.90,3.19,true,1,
4823077625602,false,וופל רושן בטעם שוקולד 216גר,דילר בי.אמ.די.אינטרנשיונל בעמ,,,"י""ח",2.16,ל 100 גרם,false,1,6.90,3.19,true,1,
4823077625626,false,וופל רושן בטעם אגוז 216גר,דילר בי.אמ.די.אינטרנשיונל בעמ,,,"י""ח",2.16,ל 100 גרם,false,1,6.90,3.19,true,1,
4823077626203,false,שוקולד רושן אורירי מריר 80גר,דילר בי.אמ.די.אינטרנשיונל בעמ,,,"י""ח",0.80,ל 100 גרם,false,1,6.90,8.63,true,1,
4823077626227,false,שוקולד רושן אורירי חלב 80גר,דילר בי.אמ.די.אינטרנשיונל בעמ,,,"י""ח",0.80,ל 100 גרם,false,1,6.90,8.63,true,1,
4823077626241,false,שוקולד רושן אורירי לבן קרמל 80גר,דילר בי.אמ.די.אינטרנשיונל בעמ,,,"י""ח",0.80,ל 100 גרם,false,1,6.90,8.63,true,1,
4823077631856,false,"וופל  רול""קונאפטו"" קוקוס 140גר",דילר בי.אמ.די.אינטרנשיונל בעמ,,,"י""ח",1.40,ל 100 גרם,false,1,6.90,4.93,true,1,
4823077631863,false,"וופל  רול""קונאפטו"" וניל 140גר",דילר בי.אמ.די.אינטרנשיונל בעמ,,,"י""ח",1.40,ל 100 גרם,false,1,6.90,4.93,true,1,
4823077632112,false,וופל רושן בטעם קקאו חלב 216גר,דילר בי.אמ.די.אינטרנשיונל בעמ,,,"י""ח",2.16,ל 100 גרם,false,1,6.90,3.19,true,1,
4823077632259,false,חטיף שוקולד רושן עם בוטנים  43גר,דילר בי.אמ.די.אינטרנשיונל בעמ,,,"י""ח",0.40,ל 100 גרם,false,1,3.90,9.75,true,1,
4823077632570,false,שוקולד רושן מריר 85גר Brut,דילר בי.אמ.די.אינטרנשיונל בעמ,,,"י""ח",0.85,ל 100 גרם,false,1,6.90,8.12,true,1,
4823077632594,false,שוקולד רושן חלב עם אגוז שלם 90גר,דילר בי.אמ.די.אינטרנשיונל בעמ,,,"י""ח",0.90,ל 100 גרם,false,1,7.90,8.78,true,1,
4823077633058,false,"וופל  רול""קונאפטו"" אגוז 140גר",דילר בי.אמ.די.אינטרנשיונל בעמ,,,"י""ח",1.40,ל 100 גרם,false,1,6.90,4.93,true,1,
4823077633317,false,עוגיות Lovita שוקולד עם חתיכות ש. 150ג,דילר בי.אמ.די.אינטרנשיונל בעמ,,,"י""ח",1.50,ל 100 גרם,false,1,6.90,4.60,true,1,
4823077633324,false,עוגיות שוקוצ`יפס  Lovita חתיכות שוקולד,דילר בי.אמ.די.אינטרנשיונל בעמ,,,"י""ח",1.50,ל 100 גרם,false,1,6.90,4.60,true,1,
4823077633331,false,עוגיות רושן  Lovita טעם תפוז 150גר,דילר בי.אמ.די.אינטרנשיונל בעמ,,,"י""ח",1.50,ל 100 גרם,false,1,6.90,4.60,true,1,
4823077633508,false,רושן חטיף וופל במילוי קרם קקאו מצופה 3,דילר בי.אמ.די.אינטרנשיונל בעמ,,,"י""ח",0.34,ל 100 גרם,false,1,3.90,11.47,true,1,
4823077633515,false,רושן חטיף וופל במילוי קרם חלבי מצופה,דילר בי.אמ.די.אינטרנשיונל בעמ,,,"י""ח",0.34,ל 100 גרם,false,1,3.90,11.47,true,1,
4823077634178,false,עוגיות רושן במילוי תפוח קינמון 168גר,דילר בי.אמ.די.אינטרנשיונל בעמ,,,"י""ח",1.68,ל 100 גרם,false,1,6.90,4.11,true,1,
4823077634222,false,עוגיות רושן תפוז 135גר LOVITA,דילר בי.אמ.די.אינטרנשיונל בעמ,,,"י""ח",1.68,ל 100 גרם,false,1,6.90,4.11,true,1,
4823077634246,false,עוגיות רושן פטל 135גר LOVITA,דילר בי.אמ.די.אינטרנשיונל בעמ,,,"י""ח",1.68,ל 100 גרם,false,1,6.90,4.11,true,1,
4823077634277,false,עוגיות רושן תות שדה 135גר LOVITA,דילר בי.אמ.די.אינטרנשיונל בעמ,,,"י""ח",1.68,ל 100 גרם,false,1,6.90,4.11,true,1,
4823077634413,false,עוגות אישיות TOO COOL תות שדה 270גר,דילר בי.אמ.די.אינטרנשיונל בעמ,,,"י""ח",2.70,ל 100 גרם,false,1,13.90,5.15,true,1,
4823077634741,false,עוגיות רושן במילוי תות שדה 168גר,דילר בי.אמ.די.אינטרנשיונל בעמ,,,"י""ח",1.68,ל 100 גרם,false,1,6.90,4.11,true,1,
4823077635489,false,חטיף וופל קרם קקאו350ג Johny Krocker,דילר בי.אמ.די.אינטרנשיונל בעמ,,,"י""ח",3.50,ל 100 גרם,false,1,16.90,4.83,true,1,
4823077635533,false,חטיף וופל קרם חלב350ג Johny Krocker,דילר בי.אמ.די.אינטרנשיונל בעמ,,,"י""ח",3.50,ל 100 גרם,false,1,16.90,4.83,true,1,
4823077636004,false,עוגיות רושן קקאו דובדבן 135גר LOVITA,דילר בי.אמ.די.אינטרנשיונל בעמ,,,"י""ח",1.68,ל 100 גרם,false,1,6.90,4.11,true,1,
4823077636073,false,עוגיות תות שדה 420גר LOVITA,דילר בי.אמ.די.אינטרנשיונל בעמ,,,"י""ח",4.20,ל 100 גרם,false,1,16.90,4.02,false,1,
4823077636172,false,וופל רושן בטעם לימון 216גר,דילר בי.אמ.די.אינטרנשיונל בעמ,,,"י""ח",2.16,ל 100 גרם,false,1,6.90,3.19,true,1,
4823077636554,false,סוכריות ממולאות קרם טעם חלב  378גר,דילר בי.אמ.די.אינטרנשיונל בעמ,,,"י""ח",3.78,ל 100 גרם,false,1,11.90,3.15,true,1,
4823077636561,false,סוכריות ממולאות בטעם חלב קפה  378גר,דילר בי.אמ.די.אינטרנשיונל בעמ,,,"י""ח",3.78,ל 100 גרם,false,1,11.90,3.15,true,1,
4823077636578,false,סוכריות טופי כוס חלב 325גר,דילר בי.אמ.די.אינטרנשיונל בעמ,,,"י""ח",3.25,ל 100 גרם,false,1,11.90,3.66,true,1,
4823077636585,false,"סוכריות טופי ""מילקי בינקי"" 325גר",דילר בי.אמ.די.אינטרנשיונל בעמ,,,"י""ח",3.25,ל 100 גרם,false,1,11.90,3.66,true,1,
4823077636592,false,סוכריות ג`לי 378גר בשקית Crazy bee,דילר בי.אמ.די.אינטרנשיונל בעמ,,,"י""ח",3.78,ל 100 גרם,false,1,11.90,3.15,true,1,
4823077636608,false,סוכריות טופי במילוי שוקולד 325גר,דילר בי.אמ.די.אינטרנשיונל בעמ,,,"י""ח",3.25,ל 100 גרם,false,1,11.90,3.66,true,1,
4895149084921,false,שלישיית נורות לד 12W=75W הברגה E27 אור,פוגיקום בעמ,,,"י""ח",1,,false,1,24.90,24.90,true,1,
4903001925784,false,"רוטב סויה יאמאסה דל מלח 500מ""ל פרימיום",ליימן שליסל,,,"י""ח",5,"ל 100 מ""ל",false,1,17.90,3.58,false,1,
5000157143365,false,"מתבל טעם מיונז וקטשופ 425מ""ל",דיפלומט מפיצים (1968) בעמ**,,,"י""ח",4.25,ל 100 גרם,false,1,14.90,3.51,false,1,
5000159376655,false,סוכריות סקיטלס פירות 38גר,מרס ריגלי ישראל בעמ,,,"י""ח",0.38,ל 100 גרם,false,1,3,7.89,false,1,
5000159376792,false,סוכריות סקיטלס חמוץ 38גר,מרס ריגלי ישראל בעמ,,,"י""ח",0.38,ל 100 גרם,false,1,3,7.89,false,1,
5000159442572,false,טויקס מיני 403ג שקית,מרס ריגלי ישראל בעמ,,,"י""ח",4.03,ל 100 גרם,false,1,18.90,4.69,false,1,
5000159452540,false,סניקרס מארז 5 יח,מרס ריגלי ישראל בעמ,,,"י""ח",1.80,ל 100 גרם,false,1,12.90,7.17,false,1,
5000159459228,false,טוויקס חטיף 50גר,מרס ריגלי ישראל בעמ,,,"י""ח",0.50,ל 100 גרם,false,1,4.50,9,true,1,
5000159538626,false,טוויקס מארז 5 יח,מרס ריגלי ישראל בעמ,,,"י""ח",1.80,ל 100 גרם,false,1,12.90,7.17,false,1,
5000204153903,false,"גלייד ספריי אוטומטי 269מ""ל מילוי",דנשר (1963) בעמ,,,"י""ח",2.69,"ל 100 מ""ל",false,1,14.90,5.54,false,1,
5000204220933,false,רייד אקסטרה קוטל מעופפים,דנשר (1963) בעמ,,,"י""ח",4,"ל 100 מ""ל",false,1,14.90,3.73,false,1,
5000204243031,false,"טואלט דאק נוזל ירח פורח 750מ""ל",דנשר (1963) בעמ,,,"י""ח",7.50,"ל 100 מ""ל",false,1,8.90,1.19,false,1,
5000204254587,false,דאק סבון מוצק לאסלה אפרסק 38.6ג,דנשר (1963) בעמ,,,"י""ח",0.30,"ל 100 מ""ל",false,1,8.90,29.67,true,1,
5000204254617,false,דאק סבון מוצק לאסלה ירח פורח 38.6ג,דנשר (1963) בעמ,,,"י""ח",0.30,"ל 100 מ""ל",false,1,8.90,29.67,true,1,
5000267024233,false,"וויסקי ג`וני ווקר (בלאק) 700מ""ל 40%",החברה המרכזית להפצת משקאות בעמ,,,"י""ח",7,"ל 100 מ""ל",false,1,119.90,17.09,false,1,
5010182996799,false,ג ל אסלה דאק,דנשר (1963) בעמ,,,"י""ח",1,,false,1,9.90,9.90,false,1,
5010182997918,false,טואלט דק ג ל אסלה,דנשר (1963) בעמ,,,"י""ח",0.55,ל 100 גרם,false,1,9.90,18,false,1,
5010182998847,false,"טואלט דאק נוזל כחול 750מ""ל",דנשר (1963) בעמ,,,"י""ח",7.50,"ל 100 מ""ל",false,1,8.90,1.19,false,1,
5010182998861,false,"טואלט דאק נוזל ירוק 750מ""ל",דנשר (1963) בעמ,,,"י""ח",7.50,"ל 100 מ""ל",false,1,8.90,1.19,false,1,
5010478485020,false,"תפזורת סוכר ליקריץ 1ק""ג",שוקוטרייד בעמ,,,"י""ח",1,"ק""ג",false,1,33.90,33.90,false,1,
5010677551281,false,"בקרדי בריזר לימון 275 מ""ל",טמפו משקאות בעמ,,,"י""ח",2.75,"ל 100 מ""ל",false,1,14.20,5.05,true,1,
5010677552387,false,בקרדי בריזר-אננס.,טמפו משקאות בעמ,,,"י""ח",2.75,"ל 100 מ""ל",false,1,14.20,5.05,true,1,
5010677554398,false,"בקרדי בריזר אבטיח 275מ""ל",טמפו משקאות בעמ,,,"י""ח",2.75,"ל 100 מ""ל",false,1,14.20,5.05,true,1,
5011417547885,false,איירוויק מקלות ריחניים,רקיט בנקיזר (ניר איסט) בעמ,,,"י""ח",1,,false,1,14.90,14.90,true,1,
5014271003979,false,מעדן פרי סופר פרוט איכמניות 170ג דלפור,א. סיימן סחר בעמ,,,"י""ח",1.70,ל 100 גרם,false,1,15.90,9.35,false,1,
5014271003986,false,מעדן פרי סופר פרוט משמש 170ג דלפור,א. סיימן סחר בעמ,,,"י""ח",1.70,ל 100 גרם,false,1,15.90,9.35,false,1,
5014271004228,false,מעדן פרי סופר פרוט דובדבן 170ג דלפור,א. סיימן סחר בעמ,,,"י""ח",1.70,ל 100 גרם,false,1,15.90,9.35,false,1,
5014271310428,false,מעדן דובדבן דלפור,א. סיימן סחר בעמ,,,"י""ח",2.84,ל 100 גרם,false,1,22.90,8.06,true,1,
5014271370422,false,מעדן אפרסק ללא סוכר,א. סיימן סחר בעמ,,,"י""ח",2.84,ל 100 גרם,false,1,22.90,8.06,true,1,
5014271560427,false,מעדן  תפוז דלפור,א. סיימן סחר בעמ,,,"י""ח",2.84,ל 100 גרם,false,1,22.90,8.06,true,1,
5029053002408,false,קלינקס  נייר טואלט פרימיום לבן 1/9,קימברלי קלארק ישראל שיווק בעמ,,,"י""ח",11.84,ל 100 גרם,false,1,31.90,2.69,false,1,
5029053510811,false,קוטקס נורמל 28 יחידות,קימברלי קלארק ישראל שיווק בעמ,,,"י""ח",28,"י""ח",false,1,16.90,0.60,true,1,
5029053510828,false,קוטקס סופר 24 יחידות,קימברלי קלארק ישראל שיווק בעמ,,,"י""ח",24,"י""ח",false,1,16.90,0.70,true,1,
5029053523446,false,קוטקס לילה 20 יחידות,קימברלי קלארק ישראל שיווק בעמ,,,"י""ח",20,"י""ח",false,1,16.90,0.85,true,1,
5029053534589,false,טמפוני קוטקס מיני,קימברלי קלארק ישראל שיווק בעמ,,,"י""ח",1,"י""ח",false,1,27.90,27.90,false,1,
5029053535227,false,קוטקס טמפון+מוליך נורמל,קימברלי קלארק ישראל שיווק בעמ,,,"י""ח",1,"י""ח",false,1,27.90,27.90,false,1,
5060639128051,false,"משקה אנרגיה מונסטר Ultra פח 500מ""ל",החברה המרכזית להפצת משקאות בעמ,,,"י""ח",5,"ל 100 מ""ל",false,1,7,1.34,false,1,
5060639129102,false,"משקה אנרגיה מונסטר מנגו פח 500מ""ל",החברה המרכזית להפצת משקאות בעמ,,,"י""ח",5,"ל 100 מ""ל",false,1,7,1.34,false,1,
5060751219033,false,"משקה אנרגיה מונסטר פח 500מ""ל",החברה המרכזית להפצת משקאות בעמ,,,"י""ח",5,"ל 100 מ""ל",false,1,7,1.34,false,1,
5200133120483,false,גלילות וופלים ממולאים קרם  בטעם וניל,דיפלומט מפיצים (1968) בעמ**,,,"י""ח",4,ל 100 גרם,false,1,17.30,4.33,false,1,
5201178801047,false,"קרם רב שימושי ניוואה 150 מ""ל",אלפא ב.ד.ף בעמ,,,"י""ח",1.50,ל 100 גרם,false,1,19.90,13.27,false,1,
5201184478530,false,קישוטי עוגה נסיכה+גמדים,שמחה זה אנחנו,,,"י""ח",1,,false,1,10.70,10.70,false,1,
5201304100013,false,"אוזו מיני 700מ""ל",טמפו משקאות בעמ,,,"י""ח",7,"ל 100 מ""ל",false,1,69.90,9.94,false,1,
5205427014899,false,מיני מאפים במילוי ביונד מיט 300ג,ג.וילי פוד אינטרנשיונל בעמ,,,"י""ח",3,ל 100 גרם,false,1,36.90,12.30,false,1,
5208049002473,false,קנט ארוך בודד,גלוברנדס בעמ,,,"י""ח",1,,false,1,36.50,36.50,false,1,
5391523057936,false,"סימילאק גולד שלב 2 700מ""ל",שקד תבל בעמ ***,,,"י""ח",7,ל 100 גרם,false,1,69.90,9.99,false,1,
5391523057943,false,"סימילאק גולד שלב 3 700מ""ל",שקד תבל בעמ ***,,,"י""ח",7,ל 100 גרם,false,1,69.90,9.99,false,1,
5391523058087,false,סימילק אדוונס פלוס שלב2 700ג,שקד תבל בעמ ***,,,"י""ח",7,ל 100 גרם,false,1,69.90,9.99,true,1,
5410126106022,false,לוטוס ביסקויט מארז חג 2*250ג.,דיפלומט מפיצים (1968) בעמ**,,,"י""ח",5,ל 100 גרם,false,1,17.90,3.58,true,1,
5410126116953,false,ממרח לוטוס קרמל 400ג,דיפלומט מפיצים (1968) בעמ**,,,"י""ח",3.12,ל 100 גרם,false,1,22.90,7.34,false,1,
5410291021991,false,ממרח צ`וקטה אגוזי לוז עם קקאו 700גרם,ש.שסטוביץ בעמ,,,"י""ח",3.85,ל 100 גרם,false,1,17.90,4.65,false,1,
5410291022011,false,ממרח צ`וקטה אגוזי לוז עם קקאו 350גרם,ש.שסטוביץ בעמ,,,"י""ח",3.85,ל 100 גרם,false,1,10.90,2.83,false,1,
5410291022738,false,ממרח צ`וקטה חום לבן  350ג,ש.שסטוביץ בעמ,,,"י""ח",3.50,ל 100 גרם,false,1,10.90,3.11,false,1,
5410291022752,false,ממרח צ`וקטה פרווה 350ג,ש.שסטוביץ בעמ,,,"י""ח",3.50,ל 100 גרם,false,1,10.90,3.11,false,1,
5411188094173,false,אלפרו מעדן סויה טעם קרמל 500 ג`,שטראוס גרופ בעמ,,,"י""ח",5,ל 100 גרם,false,1,18.90,3.78,true,1,
5411188112709,false,אלפרו שקדים ללא סוכר 1ל,שטראוס גרופ בעמ,,,"י""ח",1,ליטר,false,1,13.90,13.90,true,1,
5411188115472,false,אלפרו סויה 1ל אלפרו,שטראוס גרופ בעמ,,,"י""ח",1,ליטר,false,1,13.90,13.90,true,1,
5411188120957,false,"אלפרו קוקוס לבישול 250מ""ל",שטראוס גרופ ***בעמ,,,"י""ח",2.50,"ל 100 מ""ל",false,1,9.90,3.96,true,1,
5411188134985,false,אלפרו 3.5%שומן MLKשיבולת שועל  1ליטר,שטראוס גרופ ***בעמ,,,"י""ח",1,ליטר,false,1,13.90,13.90,true,1,
5411188135005,false,אלפרו 1.8%שומן MLKשיבולת שועל  1ליטר,שטראוס גרופ ***בעמ,,,"י""ח",1,ליטר,false,1,13.90,13.90,true,1,
5413149922907,false,"אריאל 5ק""ג קולור",דיפלומט מפיצים 1968 בעמ,,,"י""ח",5,"ק""ג",false,1,44.90,8.98,true,1,
5413149930025,false,"טייד 5ק""ג רגיל",דיפלומט מפיצים 1968 בעמ,,,"י""ח",5,"ק""ג",false,1,36.90,7.38,true,1,
5601008200451,false,גודיס עוגיות מצופות שוק.מריר,ש.שסטוביץ בעמ,,,"י""ח",1.50,ל 100 גרם,false,1,5.90,3.93,true,1,
5601045300022,false,"גוארנה אנטרטיקה 330מ""ל",טמפו משקאות בעמ,,,"י""ח",3.30,"ל 100 מ""ל",false,1,5.90,1.70,false,1,
5601217129420,false,וולייט דפים 20יח,רקיט בנקיזר (ניר איסט) בעמ,,,"י""ח",20,"י""ח",false,1,19.90,1,false,1,
5604912415041,false,סרדין בשמן חמניה פורטוס 125ג,דיפלומט מפיצים (1968) בעמ**,,,"י""ח",1.25,ל 100 גרם,false,1,6.90,5.52,false,1,
5701932026964,false,הוטפופ מלוח 600 גרם,ליימן שליסל,,,"י""ח",6,ל 100 גרם,false,1,16.90,2.82,true,1,
5701932026971,false,הוטפופ חמאה 600 גרם,ליימן שליסל,,,"י""ח",6,ל 100 גרם,false,1,16.90,2.82,true,1,
5701932026995,false,הוטפופ לייט טבעי 500גר.,ליימן שליסל,,,"י""ח",5.10,ל 100 גרם,false,1,16.90,3.31,true,1,
5705550300963,false,ביצי דג 200ג שיבוט,בני ג ורג שוקחה (חיפה) בעמ,,,"י""ח",2,ל 100 גרם,false,1,10.90,5.45,false,1,
5711953106583,false,גבינת  ארלה שמנת 24% שומן   200גר,שטראוס גרופ ***בעמ,,,"י""ח",2,ל 100 גרם,false,1,14.90,7.45,true,1,
5711953106590,false,גבינת שמנת 24% שומן עם שום  200ג.,שטראוס גרופ ***בעמ,,,"י""ח",2,ל 100 גרם,false,1,14.90,7.45,true,1,
5740900403215,false,ממרח לורפק עם מלח 250גר,שטראוס גרופ ***בעמ,,,"י""ח",2.50,ל 100 גרם,false,1,16.90,6.76,true,1,
5740900403222,false,ממרח לורפק עם מלח מופחת שומן 250גר,שטראוס גרופ ***בעמ,,,"י""ח",2.50,ל 100 גרם,false,1,16.90,6.76,true,1,
5740900403239,false,.ממרח לורפק ללא מלח 250גר,שטראוס גרופ ***בעמ,,,"י""ח",2.50,ל 100 גרם,false,1,16.90,6.76,true,1,
5740900403246,false,ממרח לורפק ללא מלח 500גר,שטראוס גרופ ***בעמ,,,"י""ח",5,ל 100 גרם,false,1,27.90,5.58,true,1,
5740900403253,false,ממרח לורפק עם מלח 500גר,שטראוס גרופ ***בעמ,,,"י""ח",5,ל 100 גרם,false,1,27.90,5.58,true,1,
5740900403260,false,ממרח לורפק ללא מלח מופחת שומן 250גר,שטראוס גרופ ***בעמ,,,"י""ח",2.50,ל 100 גרם,false,1,16.90,6.76,true,1,
5740900403864,false,לורפק חמאה עם מלח  200גר,שטראוס גרופ ***בעמ,,,"י""ח",2,ל 100 גרם,false,1,11.50,5.75,true,1,
5900020012814,false,נסקוויק 500גר`,קבוצת אוסם סחר-שות.מוגבלת,,,"י""ח",5,ל 100 גרם,false,1,19.90,3.98,true,1,
5900020015174,false,פיטנס חטיף דגנים שוקולד 141ג,קבוצת אוסם סחר-שות.מוגבלת,,,"י""ח",1.41,ל 100 גרם,false,1,15.90,11.28,true,1,
5900020018908,false,פיטנס חטיף דגנים קרם עוגיות  141ג,קבוצת אוסם סחר-שות.מוגבלת,,,"י""ח",1.41,ל 100 גרם,false,1,15.90,11.28,true,1,
5900020026552,false,האני נאט צ`יריוס עידן הקרח 625גר,קבוצת אוסם סחר-שות.מוגבלת,,,"י""ח",6.15,ל 100 גרם,false,1,19.90,3.24,true,1,
5900020029669,false,פיטנס חטיף דגניפ פירות יער 6*23.5ג,קבוצת אוסם סחר-שות.מוגבלת,,,"י""ח",1.35,ל 100 גרם,false,1,16.90,12.52,true,1,
5900020034021,false,פיטנס חטיף דגנים שוק.בננה,קבוצת אוסם סחר-שות.מוגבלת,,,"י""ח",1.41,ל 100 גרם,false,1,15.90,11.28,true,1,
5900352002576,false,גלרטקה אוכמניות 190גר.,יעד ממתקים בעמ,,,"י""ח",1.90,ל 100 גרם,false,1,9.90,5.21,true,1,
5900627063233,false,פיניש 50 טבליות AIO  MAX,רקיט בנקיזר (ניר איסט) בעמ,,,"י""ח",50,"י""ח",false,1,39.90,0.80,true,1,
5900627066715,false,פיניש 100 טבליות AIO,רקיט בנקיזר (ניר איסט) בעמ,,,"י""ח",100,"י""ח",false,1,59.90,0.60,true,1,
5900951283963,false,סניקרס קרימי חמאת בוטנים  36.5גר,מרס ריגלי ישראל בעמ,,,"י""ח",0.36,ל 100 גרם,false,1,4.50,12.50,true,1,
5901414200411,false,היט מינ שוק 130ג,ליימן שליסל,,,"י""ח",1.30,ל 100 גרם,false,1,6.90,5.31,true,1,
5902198160403,false,משקה אנרגיה XL TEN,טמפו משקאות בעמ,,,"י""ח",2.50,"ל 100 מ""ל",false,1,4,1.48,true,1,
5904941750312,false,משקה אנרגיה בלו מוחיטו,בני פאוזי שמשום (2009) בעמ,,,"י""ח",2.50,"ל 100 מ""ל",false,1,4.50,1.68,true,1,
5904941751302,false,משקה אנרגיה בלו רגולר  כחול,בני פאוזי שמשום (2009) בעמ,,,"י""ח",2.50,"ל 100 מ""ל",false,1,3.90,1.44,true,1,
5904941751715,false,משקה אנרגיה בלו רגולר קרנברי,בני פאוזי שמשום (2009) בעמ,,,"י""ח",2.50,"ל 100 מ""ל",false,1,3.90,1.44,true,1,
5904941751920,false,משקה אנרגיה בלו day,בני פאוזי שמשום (2009) בעמ,,,"י""ח",2.50,"ל 100 מ""ל",false,1,4.50,1.68,true,1,
5906485301012,false,משקה אנרגיה XL,טמפו משקאות בעמ,,,"י""ח",2.50,"ל 100 מ""ל",false,1,4,1.48,true,1,
5998710131877,false,ממתק שוקולד CHERRY QUEEN,דילר בי.אמ.די.אינטרנשיונל בעמ,,,"י""ח",0.36,ל 100 גרם,false,1,3.90,10.83,true,1,
6008165271192,false,פאל מאל אדום ארוך,גלוברנדס בעמ,,,"י""ח",1,,false,1,29.50,29.50,false,1,
6008165274629,false,פאל מאל כחול ארוך סטרים,גלוברנדס בעמ,,,"י""ח",0,"י""ח",false,1,29.50,29.50,false,1,
6111049002055,false,סרדינים בשמן סויה,ויצמן פרימיום בעמ,,,"י""ח",1,,false,1,4.90,4.90,false,1,
6111119000011,false,"קוסקוס אורגינל פרידה 1ק""ג",ויצמן פרימיום בעמ,,,"י""ח",1,,false,1,12.90,12.90,false,1,
6474753112152,false,מנגל,מחמד זייד,,,"י""ח",1,,false,1,39.90,39.90,false,1,
6901022100416,false,שום כתוש.,ביכורי השדה צפון 1994 ג.ד. בעמ,,,"י""ח",1,,false,1,9.90,9.90,false,1,
6912977000140,false,אטריות  שעועית 250ג,מזרח ומערב יבוא ושיווק,,,"י""ח",2,ל 100 גרם,false,1,8.90,4.45,true,1,
6930126758636,false,מכשירי כתיבה,צבע ומכחול (2014) בעמ,,,"י""ח",1,,false,1,7.50,7.50,false,1,
6934930849016,false,שמן חמניות  1 ליטר.,ישרא-בר שמנים ותבואות בעמ,,,"י""ח",1,ליטר,false,1,9.90,9.90,true,1,
6936613888667,false,שום ארוז.,ביכורי השדה צפון 1994 ג.ד. בעמ,,,"י""ח",1,,false,1,7.90,7.90,true,1,
6936745600462,false,"מירין  500מ""ל",מזרח ומערב יבוא ושיווק,,,"י""ח",5,"ל 100 מ""ל",false,1,19.90,3.98,false,1,
7162108014006,false,סט מצעים נטורל יחיד,דהן פרוספר בעמ,,,"י""ח",1,,false,1,79.90,79.90,false,1,
7162108014013,false,סט מצעים נטורל מיטה וחצי,דהן פרוספר בעמ,,,"י""ח",1,,false,1,99.90,99.90,false,1,
7162108014020,false,סט מצעים נטורל  זוגי,דהן פרוספר בעמ,,,"י""ח",1,,false,1,109.90,109.90,false,1,
7162108014037,false,סט מצעים נטורל  1.8,דהן פרוספר בעמ,,,"י""ח",1,,false,1,109.90,109.90,false,1,
7162108015027,false,סט מצעים רויאל זוגי,דהן פרוספר בעמ,,,"י""ח",1,,false,1,109.90,109.90,false,1,
7162203014000,false,כרית שינה באבא,דהן פרוספר בעמ,,,"י""ח",1,,false,1,49.90,49.90,false,1,
7162203032004,false,פוף לתינוק 100% כותנה דגם דיאמונד,דהן פרוספר בעמ,,,"י""ח",1,,false,1,99.90,99.90,false,1,
7162203038006,false,סט מצעים קמאו יחיד,דהן פרוספר בעמ,,,"י""ח",1,,false,1,79.90,79.90,false,1,
7162203038013,false,סט מצעים קמאו מיטה וחצי,דהן פרוספר בעמ,,,"י""ח",1,,false,1,99.90,99.90,false,1,
7162203038020,false,סט מצעים נטורל  זוגי,דהן פרוספר בעמ,,,"י""ח",1,,false,1,109.90,109.90,false,1,
7162203038037,false,סט מצעים קמאו  1.8,דהן פרוספר בעמ,,,"י""ח",1,,false,1,109.90,109.90,false,1,
7162204035004,false,שמיכת כבש ממולאת פפיטה יחיד,דהן פרוספר בעמ,,,"י""ח",1,,false,1,99.90,99.90,false,1,
7162204035011,false,שמיכת כבש ממולאת פפיטה זוגי,דהן פרוספר בעמ,,,"י""ח",1,,false,1,119.90,119.90,false,1,
7162204036001,false,שמיכת כבש ממולאת טיטניום יחיד,דהן פרוספר בעמ,,,"י""ח",1,,false,1,99.90,99.90,false,1,
7162204036018,false,שמיכת כבש ממולאת פיטניום זוגי,דהן פרוספר בעמ,,,"י""ח",1,,false,1,119.90,119.90,false,1,
7162204037008,false,שמיכת כבש ממולאת קרול יחיד,דהן פרוספר בעמ,,,"י""ח",1,,false,1,99.90,99.90,false,1,
7162204037015,false,שמיכת כבש ממולאת קרול זוגי,דהן פרוספר בעמ,,,"י""ח",1,,false,1,119.90,119.90,false,1,
7162204075000,false,סט מצעים דובון בסטייל יחיד,דהן פרוספר בעמ,,,"י""ח",1,,false,1,69.90,69.90,false,1,
7162204075017,false,סט מצעים דובון בסטייל מיטה וחצי,דהן פרוספר בעמ,,,"י""ח",1,,false,1,79.90,79.90,false,1,
7162204075024,false,סט מצעים דובון בסטייל זוגי,דהן פרוספר בעמ,,,"י""ח",1,,false,1,89.90,89.90,false,1,
7162205033009,false,סט מצעים חורף אנגורה יחיד,דהן פרוספר בעמ,,,"י""ח",1,,false,1,109.90,109.90,false,1,
7162205033016,false,סט מצעים חורף אנגורה מיטה וחצי,דהן פרוספר בעמ,,,"י""ח",1,,false,1,129.90,129.90,false,1,
7162205033023,false,סט מצעים חורף אנגורה זוגי,דהן פרוספר בעמ,,,"י""ח",1,,false,1,139.90,139.90,false,1,
7162205073005,false,סט מצעים חורף אלטה יחיד,דהן פרוספר בעמ,,,"י""ח",1,,false,1,109.90,109.90,false,1,
7162205073012,false,סט מצעים חורף אלטה מיטה וחצי,דהן פרוספר בעמ,,,"י""ח",1,,false,1,129.90,129.90,false,1,
7162205073029,false,סט מצעים חורף אלטה זוגי,דהן פרוספר בעמ,,,"י""ח",1,,false,1,139.90,139.90,false,1,
7162205089013,false,סט מצעים דיאנה מיטה וחצי,דהן פרוספר בעמ,,,"י""ח",1,,false,1,99.90,99.90,false,1,
7162205089020,false,סט מצעים דיאנה זוגי,דהן פרוספר בעמ,,,"י""ח",1,,false,1,109.90,109.90,false,1,
7162205089037,false,סט מצעים דיאנה  1.8,דהן פרוספר בעמ,,,"י""ח",1,,false,1,109.90,109.90,false,1,
7200029736291,false,"קמח  מנופה 1ק""ג שטיבל כחול",ח.כהן סוכנות מזון ומשקאות בע,,,"י""ח",1,"ק""ג",false,1,7.90,7.90,false,1,
7262626014158,false,בובה מנגנת,ביג מול בעמ,,,"י""ח",1,,false,1,29.90,29.90,false,1,
7262626058459,false,טייץ פרווה,ביג מול בעמ,,,"י""ח",1,,false,1,39.90,39.90,false,1,
7262626088302,false,טייץ גינס מהודר,ביג מול בעמ,,,"י""ח",1,,false,1,39.90,39.90,false,1,
7270137700194,false,מדליק פחם מוצק,ח.כהן סוכנות מזון ומשקאות בע,,,"י""ח",1,"י""ח",false,1,5.90,5.90,false,1,
7290000000978,false,גלאט קטיף,ביכורי השדה צפון 1994 ג.ד. בעמ,,,"י""ח",1,,false,1,6.90,6.90,true,1,
7290000000985,false,גלאט קטיף פטרוזיליה.,ביכורי השדה צפון 1994 ג.ד. בעמ,,,"י""ח",1,,false,1,5.90,5.90,true,1,
7290000001043,false,כרוב לבן מהדרין-ברכת קטיף,ביכורי השדה צפון 1994 ג.ד. בעמ,,,"ק""ג",1,,true,1,14.90,14.90,false,1,
7290000001579,false,סלרי עלים גלאט,ביכורי השדה צפון 1994 ג.ד. בעמ,,,"י""ח",1,,false,1,5.90,5.90,true,1,
7290000001586,false,גלאט קטיף שמיר,ביכורי השדה צפון 1994 ג.ד. בעמ,,,"י""ח",1,,false,1,6.90,6.90,true,1,
7290000001616,false,כוסברה מהדרין,ביכורי השדה צפון 1994 ג.ד. בעמ,,,"י""ח",1,,false,1,5.90,5.90,true,1,
7290000024264,false,רזרב מרלו ברקן,טמפו משקאות בעמ,,,"י""ח",7.50,"ל 100 מ""ל",false,1,44.90,5.95,true,1,
7290000024523,false,תירוש של סגל 1ל.,טמפו משקאות בעמ,,,"י""ח",7.50,"י""ח",false,1,15.90,2.08,true,1,
7290000034256,false,ביסקוויט הדר תירוש חצי מצופה  175ג,ח.כהן סוכנות מזון ומשקאות בע,,,"י""ח",1.75,ל 100 גרם,false,1,5.90,3.37,true,1,
7290000040042,false,יופלה תות 3%,תנובה בעמ ***,,,"י""ח",1.50,"ל 100 מ""ל",false,1,5,3.33,false,1,
7290000040066,false,יופלה דובדבן,תנובה בעמ ***,,,"י""ח",1.50,"ל 100 מ""ל",false,1,5,3.33,false,1,
7290000040080,false,יופלה אפרסק,תנובה בעמ ***,,,"י""ח",1.50,"ל 100 מ""ל",false,1,5,3.33,false,1,
7290000041407,false,גילה 125,תנובה בעמ ***,,,"י""ח",1.25,"ל 100 מ""ל",false,1,0.90,0.72,false,1,
7290000041445,false,~קוט ג  }5%  בדץ  תנובה{,תנובה בעמ ***,,,"י""ח",2.75,ל 100 גרם,false,1,5.50,2,false,1,
7290000041858,false,שמנת יוטבתה 200,שטראוס גרופ ***בעמ,,,"י""ח",2,"ל 100 מ""ל",false,1,2.40,1.20,true,1,
7290000041865,false,לבן 4.5%,שטראוס גרופ ***בעמ,,,"י""ח",2,"ל 100 מ""ל",false,1,2,1,true,1,
7290000042435,false,חלב  קרטון דל שומן 1  ל תנובה 1%,תנובה בעמ ***,,,"י""ח",1,ליטר,false,1,5.86,5.86,false,1,
7290000042855,false,שוקו יטבתה 250,שטראוס גרופ ***בעמ,,,"י""ח",2.25,"ל 100 מ""ל",false,1,2.90,1.29,true,1,
7290000043814,false,"שמנת עמידה  38% להקצפה 250  מ""ל*(תנובה",תנובה בעמ ***,,,"י""ח",2.50,"ל 100 מ""ל",false,1,6.47,2.59,false,1,
7290000043890,false,ריויון 1 ליטר קרטון 1.5% שומן,תנובה בעמ ***,,,"י""ח",1.0350,ליטר,false,1,11.50,11.11,false,1,
7290000044712,false,".פרילי  תות 500 מ""ל.",תנובה בעמ ***,,,"י""ח",5,"ל 100 מ""ל",false,1,10.90,2.18,false,1,
7290000044880,false,באדי תות אננס,תנובה בעמ ***,,,"י""ח",5,"ל 100 מ""ל",false,1,8.90,1.78,false,1,
7290000045573,false,נעמה גבינה משולשת  200ג,תנובה בעמ ***,,,"י""ח",2,ל 100 גרם,false,1,15.20,7.60,false,1,
7290000045580,false,נעמה 240גר,תנובה בעמ ***,,,"י""ח",2.40,ל 100 גרם,false,1,18.10,7.54,false,1,
7290000046020,false,"גלבוע  22% שקילה}גבנ""צ{*.",תנובה בעמ ***,,,"ק""ג",10,ל 100 גרם,true,1,42.58,4.26,false,1,
7290000046327,false,גלבוע  פרוס]תנובה[ 200ג,תנובה בעמ ***,,,"י""ח",2,ל 100 גרם,false,1,12.90,6.45,false,1,
7290000046563,false,פרמזן  חריץ תנובה שקיל,תנובה בעמ ***,,,"ק""ג",10,ל 100 גרם,true,1,113,11.30,false,1,
7290000047546,false,כנען 500 ג,תנובה בעמ ***,,,"י""ח",5,ל 100 גרם,false,1,23.90,4.78,false,1,
7290000047621,false,גבינה לבנה 5% תנובה  250  גרם*,תנובה בעמ ***,,,"י""ח",2.50,ל 100 גרם,false,1,4.70,1.88,false,1,
7290000048185,false,גבינה%5  תנובה 250גרם*,תנובה בעמ ***,,,"י""ח",2.50,ל 100 גרם,false,1,4.98,1.99,false,1,
7290000048192,false,גבינה 9%  250 גרם,תנובה בעמ ***,,,"י""ח",2.50,ל 100 גרם,false,1,4.70,1.88,false,1,
7290000048413,false,חמד פיראוס 16% 250גר,תנובה בעמ ***,,,"י""ח",2.50,ל 100 גרם,false,1,17.90,7.16,false,1,
7290000048437,false,צפתית  פיראוס 200  ג%`5,תנובה בעמ ***,,,"י""ח",2,ל 100 גרם,false,1,14.90,7.45,false,1,
7290000048444,false,"פיראוס חמד 1 ק""ג 16%",תנובה בעמ ***,,,"י""ח",1,"ק""ג",false,1,55,55,false,1,
7290000056951,false,"שמנת לבישול 500 תנובה מ""ל",תנובה בעמ ***,,,"י""ח",5,"ל 100 מ""ל",false,1,15.90,3.18,false,1,
7290000060071,false,חטיפי פריכונים מאורז מלא.,קבוצת אוסם סחר-שות.מוגבלת,,,"י""ח",1,,false,1,8.30,8.30,false,1,
7290000060088,false,בייגלה מקלות מלוחים 400גרם,קבוצת אוסם סחר-שות.מוגבלת,,,"י""ח",4,ל 100 גרם,false,1,10.90,2.73,false,1,
7290000060200,false,פתיתים אפויים 500 גרם אסם,קבוצת אוסם סחר-שות.מוגבלת,,,"י""ח",5,ל 100 גרם,false,1,6.90,1.38,true,1,
7290000060217,false,מקרוני פרומנטי,קבוצת אוסם סחר-שות.מוגבלת,,,"י""ח",5,ל 100 גרם,false,1,5.90,1.18,true,1,
7290000060248,false,פרומנטי פתיתים,קבוצת אוסם סחר-שות.מוגבלת,,,"י""ח",5,ל 100 גרם,false,1,5.90,1.18,true,1,
7290000060408,false,טבעות פתיתים 500 גרם,קבוצת אוסם סחר-שות.מוגבלת,,,"י""ח",5,ל 100 גרם,false,1,6.90,1.38,true,1,
7290000060415,false,לזניה לה 500  ג` פרפקטו אוסם,קבוצת אוסם סחר-שות.מוגבלת,,,"י""ח",5,ל 100 גרם,false,1,15.90,3.18,false,1,
7290000060576,false,פתיתים אפויים כוכבים 500,קבוצת אוסם סחר-שות.מוגבלת,,,"י""ח",5,"ל 100 מ""ל",false,1,6.90,1.38,true,1,
7290000060781,false,פרומנטי פתיתים מסולסלים אוסם,קבוצת אוסם סחר-שות.מוגבלת,,,"י""ח",5,ל 100 גרם,false,1,5.90,1.18,true,1,
7290000060828,false,פרומנטי  קרניים אוסם,קבוצת אוסם סחר-שות.מוגבלת,,,"י""ח",5,ל 100 גרם,false,1,5.90,1.18,true,1,
7290000060880,false,~פרומנטי ספגטי אוסם,קבוצת אוסם סחר-שות.מוגבלת,,,"י""ח",5,ל 100 גרם,false,1,5.90,1.18,true,1,
7290000060958,false,איטריות בינוניות אוסם,קבוצת אוסם סחר-שות.מוגבלת,,,"י""ח",4,ל 100 גרם,false,1,7.90,1.98,true,1,
7290000060965,false,איטריות רחבות אוסם,קבוצת אוסם סחר-שות.מוגבלת,,,"י""ח",4,ל 100 גרם,false,1,7.90,1.98,true,1,
7290000061085,false,רוטב צ ילי מתוק אוסם,קבוצת אוסם סחר-שות.מוגבלת,,,"י""ח",2.90,"ל 100 מ""ל",false,1,11.90,4.10,true,1,
7290000061764,false,קפה  רד מאג 200גר`,קבוצת אוסם סחר-שות.מוגבלת,,,"י""ח",2,ל 100 גרם,false,1,21.40,10.70,false,1,
7290000063140,false,שקדי מרק 400  ג{אסם},קבוצת אוסם סחר-שות.מוגבלת,,,"י""ח",4,ל 100 גרם,false,1,10.90,2.73,true,1,
7290000063157,false,"קמח עוגה תופח 1 ק""ג",קבוצת אוסם סחר-שות.מוגבלת,,,"י""ח",1,"ק""ג",false,1,9.90,9.90,true,1,
7290000064758,false,קוסקוס 350 גרם אוסם,קבוצת אוסם סחר-שות.מוגבלת,,,"י""ח",3.50,ל 100 גרם,false,1,8.90,2.54,false,1,
7290000065090,false,מיני קרוטונים למרק וסלט אוסם,קבוצת אוסם סחר-שות.מוגבלת,,,"י""ח",4,ל 100 גרם,false,1,22.80,5.70,false,1,
7290000065335,false,"מנה חמה-פירה תפו""א",קבוצת אוסם סחר-שות.מוגבלת,,,"י""ח",0.55,ל 100 גרם,false,1,6.90,12.55,true,1,
7290000065557,false,מנה חמה-קוסקוס,קבוצת אוסם סחר-שות.מוגבלת,,,"י""ח",0.50,ל 100 גרם,false,1,6.90,13.80,true,1,
7290000066141,false,ביסלי  גריל}קטן{,קבוצת אוסם סחר-שות.מוגבלת,,,"י""ח",0.70,ל 100 גרם,false,1,3.90,5.57,true,1,
7290000066196,false,ביסלי  גדול גריל,קבוצת אוסם סחר-שות.מוגבלת,,,"י""ח",2,ל 100 גרם,false,1,8.90,4.45,true,1,
7290000066226,false,ביסלי פיצה}גדול{,קבוצת אוסם סחר-שות.מוגבלת,,,"י""ח",2,ל 100 גרם,false,1,8.90,4.45,true,1,
7290000066264,false,דובונים 40 גרם,קבוצת אוסם סחר-שות.מוגבלת,,,"י""ח",0.40,ל 100 גרם,false,1,5,12.50,true,1,
7290000066295,false,במבה תות 25 גרם,קבוצת אוסם סחר-שות.מוגבלת,,,"י""ח",0.30,ל 100 גרם,false,1,3.10,10.33,false,1,
7290000066318,false,במבה אסם{,קבוצת אוסם סחר-שות.מוגבלת,,,"י""ח",0.80,ל 100 גרם,false,1,4.30,5.38,true,1,
7290000066332,false,אפרופו 50 גרם,קבוצת אוסם סחר-שות.מוגבלת,,,"י""ח",0.50,ל 100 גרם,false,1,5,10,true,1,
7290000066349,false,אפרופו חטיף גדול,קבוצת אוסם סחר-שות.מוגבלת,,,"י""ח",1,ל 100 גרם,false,1,8.90,8.90,true,1,
7290000066431,false,פופקו חמאה ודבש,קבוצת אוסם סחר-שות.מוגבלת,,,"י""ח",0.80,ל 100 גרם,false,1,5.50,6.88,true,1,
7290000067407,false,פירורית מתובלת,קבוצת אוסם סחר-שות.מוגבלת,,,"י""ח",2,ל 100 גרם,false,1,6.40,3.20,false,1,
7290000067544,false,פירורית זהב 200 ג,קבוצת אוסם סחר-שות.מוגבלת,,,"י""ח",2,ל 100 גרם,false,1,6.90,3.45,true,1,
7290000067599,false,מנה חמה ספגטי בולונז,קבוצת אוסם סחר-שות.מוגבלת,,,"י""ח",0.55,ל 100 גרם,false,1,6.90,12.55,true,1,
7290000068084,false,פתי בר 1.750 אסם,קבוצת אוסם סחר-שות.מוגבלת,,,"י""ח",1.75,"ק""ג",false,1,26.80,15.31,false,1,
7290000068138,false,פודינג  וניל 80 ג אסם,קבוצת אוסם סחר-שות.מוגבלת,,,"י""ח",0.80,ל 100 גרם,false,1,5.90,7.38,true,1,
7290000068190,false,ג לי בטעם  תות אסם,קבוצת אוסם סחר-שות.מוגבלת,,,"י""ח",0.85,ל 100 גרם,false,1,6.90,8.12,false,1,
7290000068237,false,ג לי  בטעם פטל,קבוצת אוסם סחר-שות.מוגבלת,,,"י""ח",0.85,ל 100 גרם,false,1,6.90,8.12,false,1,
7290000068343,false,פריכונים מאורז מלא,קבוצת אוסם סחר-שות.מוגבלת,,,"י""ח",1.40,ל 100 גרם,false,1,7.90,5.64,false,1,
7290000068770,false,במבה יום הולדת 80 גרם,קבוצת אוסם סחר-שות.מוגבלת,,,"י""ח",0.80,ל 100 גרם,false,1,4.30,5.38,true,1,
7290000069258,false,פרפקטו פנה ריגאט,קבוצת אוסם סחר-שות.מוגבלת,,,"י""ח",5,ל 100 גרם,false,1,7.70,1.54,false,1,
7290000070308,false,מרק עוף 400 ג  אמיתי אסם,קבוצת אוסם סחר-שות.מוגבלת,,,"י""ח",4,ל 100 גרם,false,1,17.90,4.48,false,1,
7290000072241,false,רוטב פיצה בקבוק,קבוצת אוסם סחר-שות.מוגבלת,,,"י""ח",2.90,"ל 100 מ""ל",false,1,11.90,4.10,true,1,
7290000072623,false,קטשופ אסם 750 גרם,קבוצת אוסם סחר-שות.מוגבלת,,,"י""ח",7.50,ל 100 גרם,false,1,10.90,1.45,true,1,
7290000072630,false,קטשופ חריף אסם,קבוצת אוסם סחר-שות.מוגבלת,,,"י""ח",7.50,ל 100 גרם,false,1,11.90,1.59,false,1,
7290000072753,false,~קפה נמס טסטר צוייס 200 ג`,קבוצת אוסם סחר-שות.מוגבלת,,,"י""ח",2,ל 100 גרם,false,1,29.90,14.95,false,1,
7290000072777,false,קפה נמס טסטר צוייס ללא קפאין,קבוצת אוסם סחר-שות.מוגבלת,,,"י""ח",2,ל 100 גרם,false,1,35.90,17.95,false,1,
7290000072968,false,סיני מיניס 500גרם,קבוצת אוסם סחר-שות.מוגבלת,,,"י""ח",3.75,ל 100 גרם,false,1,19.90,5.31,true,1,
7290000073125,false,מנה חמה איטריות,קבוצת אוסם סחר-שות.מוגבלת,,,"י""ח",0.55,ל 100 גרם,false,1,6.90,12.55,true,1,
7290000073415,false,מנה חמה פסטה ברוטב פיצה,קבוצת אוסם סחר-שות.מוגבלת,,,"י""ח",0.61,ל 100 גרם,false,1,6.90,11.31,true,1,
7290000073750,false,מנה חמה נודלס בטעם עוף,קבוצת אוסם סחר-שות.מוגבלת,,,"י""ח",0.76,ל 100 גרם,false,1,6.90,9.08,true,1,
7290000073767,false,מנה חמה נודלס בקר,קבוצת אוסם סחר-שות.מוגבלת,,,"י""ח",0.76,ל 100 גרם,false,1,6.90,9.08,true,1,
7290000073774,false,מנה חמה אטריות ורוטב צ יל,קבוצת אוסם סחר-שות.מוגבלת,,,"י""ח",0.76,ל 100 גרם,false,1,6.90,9.08,true,1,
7290000074153,false,פתיבר שוקו 500 אוסם,קבוצת אוסם סחר-שות.מוגבלת,,,"י""ח",5,ל 100 גרם,false,1,13.90,2.78,true,1,
7290000074184,false,פתי בר אוסם 500 ג`,קבוצת אוסם סחר-שות.מוגבלת,,,"י""ח",5,ל 100 גרם,false,1,11.90,2.38,true,1,
7290000074245,false,קרקר 250 ג  מלוח,קבוצת אוסם סחר-שות.מוגבלת,,,"י""ח",2.50,ל 100 גרם,false,1,9.90,3.96,true,1,
7290000074252,false,קרקר שומשום 250,קבוצת אוסם סחר-שות.מוגבלת,,,"י""ח",2.50,ל 100 גרם,false,1,9.60,3.84,true,1,
7290000074276,false,קרקר טבעון250 גר פיקנ,קבוצת אוסם סחר-שות.מוגבלת,,,"י""ח",2.50,ל 100 גרם,false,1,10.90,4.36,true,1,
7290000074696,false,".קרם קרקר 1 ק""ג",קבוצת אוסם סחר-שות.מוגבלת,,,"י""ח",1,"ק""ג",false,1,27.90,27.90,true,1,
7290000074764,false,קרקר זהב 900 גרם,קבוצת אוסם סחר-שות.מוגבלת,,,"י""ח",9,ל 100 גרם,false,1,27.90,3.10,true,1,
7290000075204,false,לחמית 250 גרם,קבוצת אוסם סחר-שות.מוגבלת,,,"י""ח",2.50,ל 100 גרם,false,1,8.90,3.56,true,1,
7290000076126,false,שמיניות מלוח פאוור אישי 80גר,קבוצת אוסם סחר-שות.מוגבלת,,,"י""ח",0.80,ל 100 גרם,false,1,3.10,3.88,false,1,
7290000076133,false,בייגלה  שמיניה]אסם[400גרם,קבוצת אוסם סחר-שות.מוגבלת,,,"י""ח",4,ל 100 גרם,false,1,10.70,2.68,false,1,
7290000077017,false,#קרמעוגית במילוי שוקולד,קבוצת אוסם סחר-שות.מוגבלת,,,"י""ח",2,ל 100 גרם,false,1,11.90,5.95,true,1,
7290000078762,false,חטיפי פריכונים מאורז מלא דבש,קבוצת אוסם סחר-שות.מוגבלת,,,"י""ח",1,ל 100 גרם,false,1,8.30,8.30,false,1,
7290000080758,false,טוסטעים פת קלויה,קבוצת אוסם סחר-שות.מוגבלת,,,"י""ח",1,ל 100 גרם,false,1,10.70,10.70,false,1,
7290000081663,false,בייגלה טבעות עם שומשום 300גר,קבוצת אוסם סחר-שות.מוגבלת,,,"י""ח",3,ל 100 גרם,false,1,10.70,3.57,false,1,
7290000104201,false,אפונה   עדינה(סנפרוסט )600ג`,תנובה בשר,,,"י""ח",6,ל 100 גרם,false,1,16.90,2.82,true,1,
7290000104676,false,#אפונה גינה סנפרוסט 800ג`.,תנובה בשר,,,"י""ח",8,ל 100 גרם,false,1,14.90,1.86,true,1,
7290000104683,false,שעועית שלמה 800 גרם סנפרוסט,תנובה בשר,,,"י""ח",8,ל 100 גרם,false,1,19.90,2.49,true,1,
7290000104690,false,תירס סנפרוסט 800 ג`,תנובה בשר,,,"י""ח",8,ל 100 גרם,false,1,17.90,2.24,true,1,
7290000104706,false,גזר גמדי 800 גרם,תנובה בשר,,,"י""ח",8,ל 100 גרם,false,1,16.90,2.11,true,1,
7290000104713,false,פול ירוק  800 גרם סנפרוסט,תנובה בשר,,,"י""ח",8,ל 100 גרם,false,1,22.90,2.86,true,1,
7290000104720,false,~שעועית חתוכה ירוקה 800 ג`,תנובה בשר,,,"י""ח",8,ל 100 גרם,false,1,17.90,2.24,true,1,
7290000104744,false,כרובית 800 גרם}סנפרוסט{,תנובה בשר,,,"י""ח",8,ל 100 גרם,false,1,23.90,2.99,true,1,
7290000104751,false,כרוב ניצנים 800 גרם,תנובה בשר,,,"י""ח",8,ל 100 גרם,false,1,23.90,2.99,true,1,
7290000104799,false,שעועית   לבנה}סנפרוסט 800 גרם,תנובה בשר,,,"י""ח",1,"ק""ג",false,1,18.90,18.90,true,1,
7290000104805,false,גרגירי   חומוס(סנפרוסט{800גר,תנובה בשר,,,"י""ח",8,ל 100 גרם,false,1,18.90,2.36,true,1,
7290000104829,false,"קלחונים תירס 1 ק""ג",תנובה בשר,,,"י""ח",1,"ק""ג",false,1,19.90,19.90,true,1,
7290000104836,false,שעועית עדינה שלמה 600 ג סנפרוסט,תנובה בשר,,,"י""ח",6,ל 100 גרם,false,1,23.90,3.98,true,1,
7290000104874,false,לקט לקוסקוס}סנפרוסט{,תנובה בשר,,,"י""ח",8,ל 100 גרם,false,1,21.90,2.74,true,1,
7290000104881,false,אפונה  וגזר}סנפרוסט {800ג`,תנובה בשר,,,"י""ח",8,ל 100 גרם,false,1,14.90,1.86,true,1,
7290000104911,false,לקט נורמנדי 800 גסנפרוסט,תנובה בשר,,,"י""ח",8,ל 100 גרם,false,1,21.90,2.74,true,1,
7290000107165,false,מנצ ו חטיף סויה 400 ג` סנפרוסט,תנובה בשר,,,"י""ח",4,ל 100 גרם,false,1,13.90,3.48,true,1,
7290000107189,false,ארטישוק   תחתיות}סנפרוסט{400גר,תנובה בשר,,,"י""ח",4,ל 100 גרם,false,1,20.90,5.23,true,1,
7290000107295,false,ברוקולי (800 סנפרוסט),תנובה בשר,,,"י""ח",8,ל 100 גרם,false,1,24.90,3.11,true,1,
7290000107615,false,לקט מנה אסייטית צבעונית 800גר סנפרוסט,תנובה בשר,,,"י""ח",8,ל 100 גרם,false,1,22.90,2.86,true,1,
7290000110844,false,"כיפלי גריל בד""ץ 70 גרם",יוניליוור ישראל שיווק בעמ,,,"י""ח",0.70,ל 100 גרם,false,1,4.50,6.43,true,1,
7290000111063,false,מיונז תלמה 250גרם,יוניליוור ישראל שיווק בעמ,,,"י""ח",2.50,ל 100 גרם,false,1,6.50,2.60,false,1,
7290000111117,false,בדין לבן 4 ליטר,יוניליוור ישראל שיווק בעמ,,,"י""ח",4,ליטר,false,1,19.90,4.98,false,1,
7290000111186,false,מיונז 500 תלמה,יוניליוור ישראל שיווק בעמ,,,"י""ח",5,ל 100 גרם,false,1,8.90,1.78,false,1,
7290000111353,false,"מיונז 1 ק""ג תלמה",יוניליוור ישראל שיווק בעמ,,,"י""ח",1,"ק""ג",false,1,16.90,16.90,false,1,
7290000111384,false,חרדל 550 צנצנת תלמה,יוניליוור ישראל שיווק בעמ,,,"י""ח",5.50,ל 100 גרם,false,1,7.50,1.36,false,1,
7290000112220,false,טחינה גולמית בארכה 500גרם,קבוצת אוסם סחר-שות.מוגבלת,,,"י""ח",5,ל 100 גרם,false,1,13.90,2.78,false,1,
7290000112619,false,מרק עוף   אמיתי{קנור}400גר.,יוניליוור ישראל שיווק בעמ,,,"י""ח",4,ל 100 גרם,false,1,17.90,4.48,true,1,
7290000116204,false,"מרק דגש 1 ק""ג",יוניליוור ישראל שיווק בעמ,,,"י""ח",1,מטר,false,1,15.90,15.90,true,1,
7290000116921,false,רוטב צ ילי מתוק 340גרם קנור,יוניליוור ישראל שיווק בעמ,,,"י""ח",3.40,"ל 100 מ""ל",false,1,10.90,3.21,true,1,
7290000117171,false,טעם עוף  דלקל 48גרם,יוניליוור ישראל שיווק בעמ,,,"י""ח",0.48,ל 100 גרם,false,1,6.50,13.54,false,1,
7290000117720,false,פטריות נמס 43 גרם,יוניליוור ישראל שיווק בעמ,,,"י""ח",0.43,ל 100 גרם,false,1,6.90,16.05,true,1,
7290000118277,false,קניידלך 65גרם*2יח,יוניליוור ישראל שיווק בעמ,,,"י""ח",1.30,ל 100 גרם,false,1,8.90,6.85,false,1,
7290000120836,false,מיונז הלמנס 394גרם,יוניליוור ישראל שיווק בעמ,,,"י""ח",3.94,ל 100 גרם,false,1,12.90,3.27,false,1,
7290000121017,false,גבינה שומרון 120 גרם,נטו מלינדה סחר בעמ,,,"י""ח",1.20,ל 100 גרם,false,1,8.90,7.42,false,1,
7290000121031,false,גבינה החתול 120 גרם,נטו מלינדה סחר בעמ,,,"י""ח",1.20,ל 100 גרם,false,1,8.90,7.42,false,1,
7290000121079,false,גבינה מון בלאן,נטו מלינדה סחר בעמ,,,"י""ח",1.20,ל 100 גרם,false,1,8.90,7.42,false,1,
7290000122830,false,רוטב סצ ואן בקבוק 370גרם,יוניליוור ישראל שיווק בעמ,,,"י""ח",3.70,ל 100 גרם,false,1,10.90,2.95,true,1,
7290000124841,false,מארז שוקולד חלב 100*3,יוניליוור ישראל שיווק בעמ,,,"י""ח",3,ל 100 גרם,false,1,13.90,4.63,true,1,
7290000129457,false,"רוטב פטריות 28 גרם בד""ץ",יוניליוור ישראל שיווק בעמ,,,"י""ח",0.28,ל 100 גרם,false,1,3.90,13.93,false,1,
7290000129785,false,בדין 4 ליטר ירוק,יוניליוור ישראל שיווק בעמ,,,"י""ח",4,ליטר,false,1,19.90,4.98,false,1,
7290000133645,false,אורביטול שלישיה סודה,החב הדרומית לשיווק,,,"י""ח",4.35,ל 100 גרם,false,1,16.50,3.79,false,1,
7290000133904,false,דאופרש מטהר אוויר,החב הדרומית לשיווק,,,"י""ח",3,"ל 100 מ""ל",false,1,9.90,3.30,false,1,
7290000135175,false,"פפסי מקס ליים  פחיות 330מ""ל דל ק",טמפו משקאות בעמ,,,"י""ח",3.30,"ל 100 מ""ל",false,1,3.90,1.09,true,1,
7290000136585,false,ג אמפ אשכוליות 1.5 ליטר,טמפו משקאות בעמ,,,"י""ח",1.50,ליטר,false,1,7.50,4.80,true,1,
7290000136646,false,נשר מאלט 1.5 ליטר,טמפו משקאות בעמ,,,"י""ח",1.50,ליטר,false,1,9.10,5.87,true,1,
7290000136653,false,נשר מאלט דיאט 1.5 ליטר,טמפו משקאות בעמ,,,"י""ח",1.50,ליטר,false,1,8.90,5.73,true,1,
7290000136844,false,אקווה נובה 2 ליטר שישייה.,טמפו משקאות בעמ,,,"י""ח",12,ליטר,false,1,11.90,0.84,false,1,
7290000137513,false,.גלידונית 60 יח שטראוס,גלידות שטראוס בעמ,,,"י""ח",7,ל 100 גרם,false,1,46.90,6.70,false,1,
7290000143187,false,שמפו+קונדישינר   לגבר,הנקל סוד בעמ,,,"י""ח",7,"ל 100 מ""ל",false,1,10.90,1.56,false,1,
7290000143200,false,מרכך לשיער יבש הוואי,הנקל סוד בעמ,,,"י""ח",7,"ל 100 מ""ל",false,1,10.90,1.56,false,1,
7290000143217,false,שמפו הוואי לשיער יבש,הנקל סוד בעמ,,,"י""ח",7,"ל 100 מ""ל",false,1,10.90,1.56,false,1,
7290000143255,false,שמפו הוואי ירוק 700,הנקל סוד בעמ,,,"י""ח",7,"ל 100 מ""ל",false,1,10.90,1.56,false,1,
7290000143286,false,מרכך הוואי ירוק 700,הנקל סוד בעמ,,,"י""ח",7,"ל 100 מ""ל",false,1,10.90,1.56,false,1,
7290000144467,false,שמן בריאות חמניות 1 ליטר]ע .הזיית,סוגת תעשיות בעמ,,,"י""ח",1,ליטר,false,1,16.90,16.90,false,1,
7290000144474,false,שמן בריאות קנולה 1 ליטר ]ע.זיית[,סוגת תעשיות בעמ,,,"י""ח",1,ליטר,false,1,15.90,15.90,false,1,
7290000146645,false,סבון מוצק הוואי  רבעייה שחור 100,הנקל סוד בעמ,,,"י""ח",4,ל 100 גרם,false,1,11.90,2.98,true,1,
7290000146652,false,סבון מוצק הוואי רביעיה ורוד,הנקל סוד בעמ,,,"י""ח",4,ל 100 גרם,false,1,11.90,2.98,true,1,
7290000146669,false,סבון מוצק הוואי רבעייה שמיים כחולים,הנקל סוד בעמ,,,"י""ח",4,ל 100 גרם,false,1,11.90,2.98,true,1,
7290000148380,false,פיסטוק קלוי 200 ג,ליימן שליסל,,,"י""ח",2,ל 100 גרם,false,1,21.90,10.95,true,1,
7290000148748,false,גרעיני חמניות 200 גרם,ליימן שליסל,,,"י""ח",2,ל 100 גרם,false,1,6.40,3.20,true,1,
7290000148939,false,שקד קלוי 200 גרם,ליימן שליסל,,,"י""ח",2,ל 100 גרם,false,1,19.90,9.95,true,1,
7290000152288,false,נקניקיות עוף 400 (עוף טוב),קבוצת אוסם סחר-שות.מוגבלת,,,"י""ח",4,ל 100 גרם,false,1,10.90,2.73,true,1,
7290000161358,false,מיונז אמיתי שמן קנולה 500גרם,יוניליוור ישראל שיווק בעמ,,,"י""ח",5,ל 100 גרם,false,1,12.90,2.58,false,1,
7290000174723,false,שוקולית 500 גר.,שטראוס גרופ בעמ,,,"י""ח",5,ל 100 גרם,false,1,11.80,2.36,true,1,
7290000176079,false,קפה טורקי 100 הל,שטראוס גרופ בעמ,,,"י""ח",1,ל 100 גרם,false,1,9.90,9.90,true,1,
7290000176413,false,קפה נמס 50 ג,שטראוס גרופ בעמ,,,"י""ח",0.50,ל 100 גרם,false,1,9.60,19.20,true,1,
7290000176468,false,האג נטול 50,שטראוס גרופ בעמ,,,"י""ח",0.50,ל 100 גרם,false,1,10.90,21.80,true,1,
7290000178707,false,תפוצ יפס 50 גרם,שטראוס פריטו ליי בעמ,,,"י""ח",0.50,ל 100 גרם,false,1,4.50,9,true,1,
7290000186030,false,מגבוני האגיס רביעייה עם תחליב,קימברלי קלארק ישראל שיווק בעמ,,,"י""ח",4,"י""ח",false,1,27.90,6.98,true,1,
7290000187952,false,נייר טואלט לילי טריו 32 צבע וורוד,קימברלי קלארק ישראל שיווק בעמ,,,"י""ח",537,מטר,false,1,39.90,0.07,false,1,
7290000189536,false,אשפתון 40 יח M,קימברלי קלארק ישראל שיווק בעמ,,,"י""ח",40,"י""ח",false,1,21.90,0.55,false,1,
7290000189550,false,זוג שקיות אשפה גדול ניקול,קימברלי קלארק ישראל שיווק בעמ,,,"י""ח",1,"י""ח",false,1,24.50,24.50,true,1,
7290000191393,false,ממחטות נייר מולט חתוך  7יחידות,קימברלי קלארק ישראל שיווק בעמ,,,"י""ח",8.2250,ל 100 גרם,false,1,21.90,2.66,false,1,
7290000191539,false,לילי צבעוני חמישיה,קימברלי קלארק ישראל שיווק בעמ,,,"י""ח",5.93,ל 100 גרם,false,1,17.90,3.02,false,1,
7290000191652,false,קלינקס ניילון שלישיות,קימברלי קלארק ישראל שיווק בעמ,,,"י""ח",1,,false,1,13.90,13.90,false,1,
7290000193014,false,פדיות אינטרלוד 5,קימברלי קלארק ישראל שיווק בעמ,,,"י""ח",1,"י""ח",false,1,9.90,9.90,false,1,
7290000193083,false,נובה לי,קימברלי קלארק ישראל שיווק בעמ,,,"י""ח",1,"י""ח",false,1,9.90,9.90,false,1,
7290000193205,false,לילי נטורל לילה,קימברלי קלארק ישראל שיווק בעמ,,,"י""ח",1,"י""ח",false,1,16.90,16.90,false,1,
7290000193540,false,לילי אינטימייט לונג,קימברלי קלארק ישראל שיווק בעמ,,,"י""ח",1,"י""ח",false,1,16.90,16.90,false,1,
7290000193656,false,תחתוניות לילי,קימברלי קלארק ישראל שיווק בעמ,,,"י""ח",1,ל 100 גרם,false,1,16.90,16.90,false,1,
7290000193793,false,תחבושות אולטרה,קימברלי קלארק ישראל שיווק בעמ,,,"י""ח",1,"י""ח",false,1,16.90,16.90,false,1,
7290000195537,false,מגבוני האגיס קמומיל 4 יח,קימברלי קלארק ישראל שיווק בעמ,,,"י""ח",4,"י""ח",false,1,19.90,4.98,true,1,
7290000195773,false,האגיס נטורל אלוורה+קמומיל,קימברלי קלארק ישראל שיווק בעמ,,,"י""ח",1,,false,1,19.90,19.90,true,1,
7290000197081,false,ניילון נצמד ניילונית  150מ  חסכוני ניק,קימברלי קלארק ישראל שיווק בעמ,,,"י""ח",150,מטר,false,1,32.90,0.22,false,1,
7290000197326,false,רדיד אלומיניום ניקול זוגות 7.5*2קצר,קימברלי קלארק ישראל שיווק בעמ,,,"י""ח",2,ל 100 גרם,false,1,10.90,5.45,false,1,
7290000197340,false,רדיד אלומיניום  זוג  ניקול,קימברלי קלארק ישראל שיווק בעמ,,,"י""ח",1,"י""ח",false,1,21.90,21.90,false,1,
7290000197432,false,סנדויצ ון זוג חוגלה,קימברלי קלארק ישראל שיווק בעמ,,,"י""ח",2,"י""ח",false,1,12.90,6.45,false,1,
7290000197753,false,ניילון נצמד נילונית 30  מ`זוג,קימברלי קלארק ישראל שיווק בעמ,,,"י""ח",1,"י""ח",false,1,11.90,11.90,false,1,
7290000197876,false,מגשית 26,קימברלי קלארק ישראל שיווק בעמ,,,"י""ח",26,"י""ח",false,1,10.90,0.42,false,1,
7290000197883,false,מגשית 100,קימברלי קלארק ישראל שיווק בעמ,,,"י""ח",1,"י""ח",false,1,11.90,11.90,false,1,
7290000197982,false,גלילית 7.5*45 רדיד זוגות,קימברלי קלארק ישראל שיווק בעמ,,,"י""ח",2,"י""ח",false,1,24.90,12.45,false,1,
7290000197999,false,רדיד אלומיניום זוג,קימברלי קלארק ישראל שיווק בעמ,,,"י""ח",1,"י""ח",false,1,17.90,17.90,false,1,
7290000199313,false,תחבושות קוטקס יאנג,קימברלי קלארק ישראל שיווק בעמ,,,"י""ח",1,"י""ח",false,1,16.90,16.90,true,1,
7290000204147,false,ניקול כרית יפנית רביעייה,קימברלי קלארק ישראל שיווק בעמ,,,"י""ח",4,"י""ח",false,1,10.90,2.73,false,1,
7290000204215,false,כרית יפנית שישייה ניקול,קימברלי קלארק ישראל שיווק בעמ,,,"י""ח",6,ל 100 גרם,false,1,10.90,1.82,false,1,
7290000204253,false,מטליות רב שימושי תשעייה,קימברלי קלארק ישראל שיווק בעמ,,,"י""ח",9,"י""ח",false,1,10.90,1.21,false,1,
7290000204611,false,ניקול ספוגית הקסם שישיה,קימברלי קלארק ישראל שיווק בעמ,,,"י""ח",6,"י""ח",false,1,10.90,1.82,false,1,
7290000207063,false,רוטב פריכוז }240 יכין{.,זנלכל בעמ,,,"י""ח",2.40,ל 100 גרם,false,1,4.90,2.04,false,1,
7290000207162,false,רוטב עגבניות 100 גר]יכין[.,זנלכל בעמ,,,"י""ח",1,ל 100 גרם,false,1,2.50,2.50,true,1,
7290000208022,false,"עגבניות מרוסקות 800 בד""צ",זנלכל בעמ,,,"י""ח",8,ל 100 גרם,false,1,9.90,1.24,false,1,
7290000208114,false,אפונת גינה וגזר יכין,זנלכל בעמ,,,"י""ח",5.50,ל 100 גרם,false,1,8.90,1.62,true,1,
7290000208213,false,שעועית אפויה A2,זנלכל בעמ,,,"י""ח",5.80,ל 100 גרם,false,1,8.90,1.53,true,1,
7290000208220,false,צ ילי חריף A2,זנלכל בעמ,,,"י""ח",5.50,ל 100 גרם,false,1,9.90,1.80,false,1,
7290000208312,false,תירס ואקום יכין,זנלכל בעמ,,,"י""ח",3.25,ל 100 גרם,false,1,6.90,2.12,true,1,
7290000208329,false,תירס A2 יכין,זנלכל בעמ,,,"י""ח",5.50,ל 100 גרם,false,1,8.90,1.62,true,1,
7290000208343,false,עגב.מרוסקות עם שום 900גר.,זנלכל בעמ,,,"י""ח",9,ל 100 גרם,false,1,9.90,1.10,false,1,
7290000208404,false,פול מצרי,זנלכל בעמ,,,"י""ח",6,ל 100 גרם,false,1,8.90,1.48,false,1,
7290000208428,false,~חומוס גרעינים A2 יכין,זנלכל בעמ,,,"י""ח",5.50,ל 100 גרם,false,1,8.90,1.62,true,1,
7290000208855,false,רוטב פסטה 240 גרם יכין,זנלכל בעמ,,,"י""ח",2.40,ל 100 גרם,false,1,5.50,2.29,false,1,
7290000208893,false,תירס ואקום לייט יכין,זנלכל בעמ,,,"י""ח",3.40,ל 100 גרם,false,1,6.90,2.03,false,1,
7290000208930,false,עגבניות בתוספת שום 240 גרם יכין,זנלכל בעמ,,,"י""ח",2.40,ל 100 גרם,false,1,5.50,2.29,false,1,
7290000209043,false,רוטב לימון משומר]יכין[,זנלכל בעמ,,,"י""ח",1,ליטר,false,1,6.90,6.90,true,1,
7290000209722,false,רוטב עגבניות  פריכוז יכין A2,זנלכל בעמ,,,"י""ח",5.80,ל 100 גרם,false,1,10.90,1.88,true,1,
7290000209944,false,בסיס עגבניות לשקשוקה 240 גרם יכין,זנלכל בעמ,,,"י""ח",2.40,ל 100 גרם,false,1,5.50,2.29,false,1,
7290000209951,false,רוטב פיצה 240גר,זנלכל בעמ,,,"י""ח",2.40,"ל 100 מ""ל",false,1,5.50,2.29,false,1,
7290000209968,false,רוטב לזניה 240גר,זנלכל בעמ,,,"י""ח",2.40,ל 100 גרם,false,1,5.50,2.29,false,1,
7290000211169,false,"אורז בסגנון תאילנדי סוגת 1 ק""ג",סוגת תעשיות בעמ,,,"י""ח",1,"ק""ג",false,1,7.90,7.90,false,1,
7290000211312,false,אורז מלא בסגנון פרסי,סוגת תעשיות בעמ,,,"י""ח",1,"ק""ג",false,1,7.90,7.90,false,1,
7290000211442,false,"~אורז בסגנון פרסי 1 ק""ג]סוגת[",סוגת תעשיות בעמ,,,"י""ח",1,"ק""ג",false,1,10.90,10.90,false,1,
7290000211503,false,סוכר  לבן}סוגת{.,סוגת תעשיות בעמ,,,"י""ח",1,"ק""ג",false,1,4.30,4.30,false,1,
7290000211985,false,אורז בסגנון פרסי עגול]סוגת[,סוגת תעשיות בעמ,,,"י""ח",1,"ק""ג",false,1,9.90,9.90,false,1,
7290000218502,false,חמין ויטה בדצ,ויטה- פרי גליל (החדשה) בעמ,,,"י""ח",5,ל 100 גרם,false,1,9.90,1.98,false,1,
7290000238029,false,בצק עלים  צרפתי מעדנות 1 קג מרודד,תנובה בשר,,,"י""ח",1,"ק""ג",false,1,21.90,21.90,false,1,
7290000238036,false,מלאווח 700  גרם}מעדנות{,תנובה בשר,,,"י""ח",7,ל 100 גרם,false,1,17.90,2.56,true,1,
7290000238173,false,בורקס גבינה מעדנות 800 ג`,תנובה בשר,,,"י""ח",8,ל 100 גרם,false,1,21.90,2.74,true,1,
7290000238180,false,"בורקס מעדנות תפו""א",תנובה בשר,,,"י""ח",8,ל 100 גרם,false,1,17.90,2.24,true,1,
7290000244051,false,"הוואי  אל סבון  נוזלי טרופי 3*500 מ""ל",הנקל סוד בעמ,,,"י""ח",1.50,ליטר,false,1,17.90,11.93,true,1,
7290000244761,false,"ולוטה קרם ידיים 100מ""ל",הנקל סוד בעמ,,,"י""ח",1,"ל 100 מ""ל",false,1,9.90,9.90,true,1,
7290000245157,false,מרכך כביסה סוד 4 ל,גורי שיווק בעמ,,,"י""ח",4,ליטר,false,1,16.90,4.23,false,1,
7290000253220,false,שוקולד  ציפס 260גר אופניימר,תה ויסוצקי (ישראל)בעמ,,,"י""ח",2.60,ל 100 גרם,false,1,10.90,4.19,false,1,
7290000262239,false,נייר טואלט מולט 48 יח,קימברלי קלארק ישראל שיווק בעמ,,,"י""ח",27.70,ל 100 גרם,false,1,41.90,1.51,false,1,
7290000272696,false,7290115676341מיץ לימון משומר אסם,קבוצת אוסם סחר-שות.מוגבלת,,,"י""ח",1,ליטר,false,1,9.90,9.90,false,1,
7290000272726,false,חומץ טבעי1ליטר אוסם,קבוצת אוסם סחר-שות.מוגבלת,,,"י""ח",1,ליטר,false,1,6.50,6.50,false,1,
7290000286228,false,סנו סושי ספוגיות לניקוי `כלים 6 יח,החב הדרומית לשיווק,,,"י""ח",6,"י""ח",false,1,10.90,1.82,false,1,
7290000286297,false,סנו מסיר אבן מקומקום,החב הדרומית לשיווק,,,"י""ח",7,"ל 100 מ""ל",false,1,10.90,1.56,false,1,
7290000286549,false,מטליות רב שימוש סנו סושי 9 יחידות,החב הדרומית לשיווק,,,"י""ח",9,"י""ח",false,1,10.90,1.21,false,1,
7290000286594,false,סנו איקס מיכל,החב הדרומית לשיווק,,,"י""ח",6,ל 100 גרם,false,1,9.90,1.65,false,1,
7290000286761,false,פלסטיק נצמד זוג 30 מטר סנו,החב הדרומית לשיווק,,,"י""ח",1,,false,1,10.90,10.90,false,1,
7290000286921,false,סנוקל רסס כבס,החב הדרומית לשיווק,,,"י""ח",6,"ל 100 מ""ל",false,1,10.90,1.82,false,1,
7290000286945,false,רהיט נוזלי+אקדח,החב הדרומית לשיווק,,,"י""ח",5,"ל 100 מ""ל",false,1,25.90,5.18,false,1,
7290000287102,false,סנו שמפו לשטיחים 540 גרם,החב הדרומית לשיווק,,,"י""ח",6,"ל 100 מ""ל",false,1,19.70,3.28,false,1,
7290000287430,false,סנו בון שלישיה לימון,החב הדרומית לשיווק,,,"י""ח",1.65,ל 100 גרם,false,1,11.90,7.21,false,1,
7290000287485,false,סנובון לובר 55 גרם  `3X יח,החב הדרומית לשיווק,,,"י""ח",1.65,ל 100 גרם,false,1,11.90,7.21,false,1,
7290000287621,false,סנו חיטוי WC סנו,החב הדרומית לשיווק,,,"י""ח",7.50,"ל 100 מ""ל",false,1,9.90,1.32,true,1,
7290000288024,false,"סנו אקונומיקה ז""אוול 4 ליטר",החב הדרומית לשיווק,,,"י""ח",4,ליטר,false,1,16.90,4.23,false,1,
7290000288031,false,אקונומיקה תו תקן 4 ליטר,החב הדרומית לשיווק,,,"י""ח",4,ליטר,false,1,10.90,2.73,false,1,
7290000288048,false,סנו JAVEL מרסס לבנדר,החב הדרומית לשיווק,,,"י""ח",1,ליטר,false,1,18.90,18.90,false,1,
7290000288352,false,K-300 סנו.,החב הדרומית לשיווק,,,"י""ח",6.30,"ל 100 מ""ל",false,1,21.90,3.48,false,1,
7290000288642,false,מרכך סנסטיב 4 ליטר,החב הדרומית לשיווק,,,"י""ח",4,ליטר,false,1,21.90,5.48,false,1,
7290000289069,false,סנו ג`אבל מרסס,החב הדרומית לשיווק,,,"י""ח",1,ליטר,false,1,18.90,18.90,false,1,
7290000289472,false,שקיות לפח אשפה 50יח ענק,החב הדרומית לשיווק,,,"י""ח",1,,false,1,18.90,18.90,false,1,
7290000289496,false,סופר קרם JAVEL,החב הדרומית לשיווק,,,"י""ח",7.50,"ל 100 מ""ל",false,1,10.80,1.44,false,1,
7290000289748,false,"סנו פורטה פלוס 750מ""ל.",החב הדרומית לשיווק,,,"י""ח",7.50,"ל 100 מ""ל",false,1,14.90,1.99,false,1,
7290000289885,false,סנופרש יבש ענק,החב הדרומית לשיווק,,,"י""ח",3.75,"ל 100 מ""ל",false,1,9.80,2.61,false,1,
7290000292137,false,מנקה עור נוזלי,החב הדרומית לשיווק,,,"י""ח",5,"ל 100 מ""ל",false,1,29.90,5.98,false,1,
7290000292311,false,פוליויקס סחלבים 2 ליטר,החב הדרומית לשיווק,,,"י""ח",2,"ל 100 מ""ל",false,1,19.90,9.95,true,1,
7290000292687,false,סנובון כחול שלישיה.,החב הדרומית לשיווק,,,"י""ח",1.65,ל 100 גרם,false,1,14.90,9.03,true,1,
7290000292915,false,"סנו רסס ונגב מרסס 750 מ""ל",החב הדרומית לשיווק,,,"י""ח",6,"ל 100 מ""ל",false,1,10.90,1.82,false,1,
7290000293561,false,מסיר עובש סנו תרסיס,החב הדרומית לשיווק,,,"י""ח",7.50,"ל 100 מ""ל",false,1,19.90,2.65,false,1,
7290000293882,false,כיף רצועת מסאז,החב הדרומית לשיווק,,,"י""ח",1,,false,1,19.90,19.90,false,1,
7290000293943,false,אנטי קאלק מרסס,החב הדרומית לשיווק,,,"י""ח",1,ליטר,false,1,18.90,18.90,false,1,
7290000294391,false,סנו jJET הכל יכול  -4 ל  אקטיב,החב הדרומית לשיווק,,,"י""ח",4,ליטר,false,1,17.90,4.48,false,1,
7290000294773,false,סנו JAVEL לבנדר 4 ליטר,החב הדרומית לשיווק,,,"י""ח",4,ליטר,false,1,16.90,4.23,false,1,
7290000294780,false,סנו JAVEL  פרובנס]סמיכה [4ליטר,החב הדרומית לשיווק,,,"י""ח",4,ליטר,false,1,16.90,4.23,false,1,
7290000295121,false,"מטליות לניקוי רצפות סנו 3 יחידות, מארז",החב הדרומית לשיווק,,,"י""ח",1,,false,1,10.90,10.90,false,1,
7290000295299,false,כריות הפלא סנו סושי 4 יחידות,החב הדרומית לשיווק,,,"י""ח",1,,false,1,10.90,10.90,false,1,
7290000295541,false,סנו סושי רב מגבת ג`מבו 75 יחידות,החב הדרומית לשיווק,,,"י""ח",3.90,ל 100 גרם,false,1,19.90,5.10,false,1,
7290000295558,false,זוג נייר אלומיניום  30*7.5 סנו,החב הדרומית לשיווק,,,"י""ח",1,,false,1,10.90,10.90,false,1,
7290000295565,false,רדיד אלומיניום סנו זוג ארוך,החב הדרומית לשיווק,,,"י""ח",1,,false,1,18.90,18.90,false,1,
7290000295572,false,נוזל ניקוי אסלות זוג,החב הדרומית לשיווק,,,"י""ח",1.50,ליטר,false,1,16.90,11.27,false,1,
7290000295749,false,ספוג סאקי מסאג,החב הדרומית לשיווק,,,"י""ח",1,,false,1,11,11,false,1,
7290000295794,false,ספוגיות מתכת אל חלד לניקוי סנו 3 יחידו,החב הדרומית לשיווק,,,"י""ח",1,,false,1,10.90,10.90,false,1,
7290000295824,false,רדיד  אלומניום 100 מטר ענק סנו,החב הדרומית לשיווק,,,"י""ח",1,,false,1,54.90,54.90,false,1,
7290000300900,false,שניצל תירס 750 גרם,קבוצת אוסם סחר-שות.מוגבלת,,,"י""ח",7.50,ל 100 גרם,false,1,37.90,5.05,true,1,
7290000303598,false,שעועית לבנה אפוי,ויטה- פרי גליל (החדשה) בעמ,,,"י""ח",5.50,ל 100 גרם,false,1,7.90,1.44,true,1,
7290000303604,false,חומוס גרגירים]פריגליל[,ויטה- פרי גליל (החדשה) בעמ,,,"י""ח",6,ל 100 גרם,false,1,7.90,1.32,true,1,
7290000305882,false,סרדין קולי  אס(יונה )110גרם,דיפלומט מפיצים (1968) בעמ**,,,"י""ח",1.10,ל 100 גרם,false,1,5.90,5.36,false,1,
7290000307015,false,אפונה גינה A2,ויטה- פרי גליל (החדשה) בעמ,,,"י""ח",6,ל 100 גרם,false,1,7.90,1.32,true,1,
7290000307046,false,אפונה וגזר A2,ויטה- פרי גליל (החדשה) בעמ,,,"י""ח",5.50,ל 100 גרם,false,1,7.90,1.44,true,1,
7290000307220,false,תירס  ואקום}פריגליל{,ויטה- פרי גליל (החדשה) בעמ,,,"י""ח",4.50,ל 100 גרם,false,1,5.90,1.31,false,1,
7290000307237,false,תירס A2 פרי גליל,ויטה- פרי גליל (החדשה) בעמ,,,"י""ח",5.40,ל 100 גרם,false,1,7.90,1.46,true,1,
7290000311128,false,עוגיות חמאה 300ג מן,ח.כהן סוכנות מזון ומשקאות בע,,,"י""ח",3,ל 100 גרם,false,1,6.90,2.30,false,1,
7290000311135,false,עוגיות  מן סטיקם שוקולד 300גר,ח.כהן סוכנות מזון ומשקאות בע,,,"י""ח",3,ל 100 גרם,false,1,6.90,2.30,false,1,
7290000311180,false,וופלים עשריות 20 מן,ח.כהן סוכנות מזון ומשקאות בע,,,"י""ח",2.50,ל 100 גרם,false,1,7.90,3.16,false,1,
7290000311203,false,וופל שוקו 200 גר מן,ח.כהן סוכנות מזון ומשקאות בע,,,"י""ח",2,ל 100 גרם,false,1,4.90,2.45,false,1,
7290000311210,false,לימון 200 ופל מן,ח.כהן סוכנות מזון ומשקאות בע,,,"י""ח",2,ל 100 גרם,false,1,4.90,2.45,false,1,
7290000311319,false,וופל מצופה 1 קג מן.,ח.כהן סוכנות מזון ומשקאות בע,,,"י""ח",1,"ק""ג",false,1,24.90,24.90,false,1,
7290000311357,false,וופל אגוזים עשירייה מן,ח.כהן סוכנות מזון ומשקאות בע,,,"י""ח",2.80,ל 100 גרם,false,1,11.90,4.25,false,1,
7290000311425,false,וופל מצופה כחול 10יח מן,ח.כהן סוכנות מזון ומשקאות בע,,,"י""ח",2,ל 100 גרם,false,1,8.90,4.45,false,1,
7290000311500,false,וופלים שוקו 500גר מן,ח.כהן סוכנות מזון ומשקאות בע,,,"י""ח",5,ל 100 גרם,false,1,9.90,1.98,false,1,
7290000311517,false,לימון 500 ופל מן,ח.כהן סוכנות מזון ומשקאות בע,,,"י""ח",5,ל 100 גרם,false,1,9.90,1.98,false,1,
7290000311708,false,עוג יות חיטה מלאה 300ג  מן,ח.כהן סוכנות מזון ומשקאות בע,,,"י""ח",3,ל 100 גרם,false,1,6.90,2.30,false,1,
7290000311715,false,עוגיות כוכבים שוקולד 300ג מן,ח.כהן סוכנות מזון ומשקאות בע,,,"י""ח",3,ל 100 גרם,false,1,6.90,2.30,false,1,
7290000313160,false,חברים זברה 3דובים שוקו,קבוצת אוסם סחר-שות.מוגבלת,,,"י""ח",2.50,ל 100 גרם,false,1,8.60,3.44,false,1,
7290000313184,false,חברים-בסקוויט גן חיות 250ג.,קבוצת אוסם סחר-שות.מוגבלת,,,"י""ח",2.50,ל 100 גרם,false,1,8.60,3.44,false,1,
7290000313290,false,נודלס-אטריות מסולסלות,קבוצת אוסם סחר-שות.מוגבלת,,,"י""ח",2,ל 100 גרם,false,1,9.90,4.95,false,1,
7290000318127,false,מיני ביס נקנקיות 380 גרם,מעדני יחיעם 1993 בעמ,,,"י""ח",3.80,ל 100 גרם,false,1,11.90,3.13,false,1,
7290000318677,false,סלמי סרוולט,מעדני יחיעם 1993 בעמ,,,"י""ח",1.50,ל 100 גרם,false,1,22.90,15.27,false,1,
7290000334684,false,טבעות בצל 700גר,קבוצת אוסם סחר-שות.מוגבלת,,,"י""ח",7,ל 100 גרם,false,1,17.90,2.56,false,1,
7290000339191,false,רן הלבנה 35גר קל,יוניליוור ישראל שיווק בעמ,,,"י""ח",3.50,ל 100 גרם,false,1,17.90,5.11,false,1,
7290000339849,false,"משחה לכלים 3.5 ק""ג סמדר",יוניליוור ישראל שיווק בעמ,,,"י""ח",3.50,"ק""ג",false,1,26.90,7.69,false,1,
7290000339887,false,"משחת קלין 3.5 ק""ג",יוניליוור ישראל שיווק בעמ,,,"י""ח",3.50,"ק""ג",false,1,26.90,7.69,false,1,
7290000341071,false,בייבי בדין 2 ליטר,יוניליוור ישראל שיווק בעמ,,,"י""ח",2,ליטר,false,1,14.90,7.45,false,1,
7290000342856,false,בדין כחול 4 ליטר,יוניליוור ישראל שיווק בעמ,,,"י""ח",4,ליטר,false,1,19.90,4.98,false,1,
7290000345215,false,תה ויסוצקי כחול} {100,תה ויסוצקי (ישראל)בעמ,,,"י""ח",100,"י""ח",false,1,15.90,0.16,false,1,
7290000345260,false,תה בריבוע 1.5/25,תה ויסוצקי (ישראל)בעמ,,,"י""ח",0.3750,ל 100 גרם,false,1,6.90,18.40,false,1,
7290000345284,false,תה קלאסיק 100 יח 1.5ג ק.ירוקה,תה ויסוצקי (ישראל)בעמ,,,"י""ח",1.50,ל 100 גרם,false,1,17.90,11.93,false,1,
7290000345291,false,תה ארל גריי 1.5/25,תה ויסוצקי (ישראל)בעמ,,,"י""ח",0.3750,ל 100 גרם,false,1,15.90,42.40,true,1,
7290000345307,false,תה ארל גריי 50 שקיות,תה ויסוצקי (ישראל)בעמ,,,"י""ח",0.75,ל 100 גרם,false,1,28.90,38.53,true,1,
7290000346021,false,תה קמומיל 50 הגן הקסום,תה ויסוצקי (ישראל)בעמ,,,"י""ח",0.75,ל 100 גרם,false,1,33.70,44.93,false,1,
7290000346199,false,חליטת פירות יער  גן קסום 25 שק`,תה ויסוצקי (ישראל)בעמ,,,"י""ח",0.6750,ל 100 גרם,false,1,17.90,26.52,true,1,
7290000346205,false,חליטת  קמומיל גן קסום 25יח,תה ויסוצקי (ישראל)בעמ,,,"י""ח",0.3750,ל 100 גרם,false,1,17.90,47.73,true,1,
7290000346960,false,תה נענע 50 יח,תה ויסוצקי (ישראל)בעמ,,,"י""ח",0.75,ל 100 גרם,false,1,29.90,39.87,false,1,
7290000347738,false,תה ירוק בטעם נענע 25יח,תה ויסוצקי (ישראל)בעמ,,,"י""ח",25,"י""ח",false,1,24.90,1,true,1,
7290000347752,false,תה ירוק  25 עם לימונית לואיזה,תה ויסוצקי (ישראל)בעמ,,,"י""ח",0.3750,ל 100 גרם,false,1,24.90,66.40,true,1,
7290000355481,false,רוטב עגבניות BX22 טומטו,ויטה- פרי גליל (החדשה) בעמ,,,"י""ח",6,ל 100 גרם,false,1,5.90,0.98,false,1,
7290000355498,false,תרכיז עגבניות BX28 TOMATO,ויטה- פרי גליל (החדשה) בעמ,,,"י""ח",6,ל 100 גרם,false,1,6.90,1.15,false,1,
7290000355757,false,עגבניות מרוסקות]טל וטרי,ויטה- פרי גליל (החדשה) בעמ,,,"י""ח",8,ל 100 גרם,false,1,7.90,0.99,true,1,
7290000364858,false,"נקניקיות עוף 1 ק""ג טירת צבי",תנובה בשר,,,"י""ח",1,"ק""ג",false,1,22.90,22.90,false,1,
7290000364872,false,נקניקיות עוף 400 גרם טירת צבי,תנובה בשר,,,"י""ח",4,ל 100 גרם,false,1,10.90,2.73,true,1,
7290000367590,false,צמד כפרי טירת צבי,תנובה בשר,,,"י""ח",8,"י""ח",false,1,24.90,3.11,false,1,
7290000377452,false,גרעיני אבטיח 200 גרם,ליימן שליסל,,,"י""ח",2,ל 100 גרם,false,1,11.90,5.95,false,1,
7290000379000,false,חלה רגילה/קלועה  חדשה  650 גרם *.,שלמה א.אנג ל בעמ,,,"י""ח",6.50,ל 100 גרם,false,1,6.60,1.02,false,1,
7290000408316,false,דנונה יוגורט טבעי,שטראוס גרופ ***בעמ,,,"י""ח",2,"ל 100 מ""ל",false,1,3.50,1.75,true,1,
7290000408354,false,דנונה קראנצי פצפוצים,שטראוס גרופ ***בעמ,,,"י""ח",1.75,"ל 100 מ""ל",false,1,4.40,2.51,true,1,
7290000412481,false,מנקה אסלות 1 ליטר 00,החב הדרומית לשיווק,,,"י""ח",1,ליטר,false,1,7.50,7.50,false,1,
7290000416021,false,#ממרח שחר 500 חלבי,השחר העולה תעשית ממתקים,,,"י""ח",5,ל 100 גרם,false,1,13.90,2.78,false,1,
7290000416045,false,"ממרח שחר 1  ק""ג חלבי",השחר העולה תעשית ממתקים,,,"י""ח",1,"ק""ג",false,1,23.90,23.90,false,1,
7290000416618,false,"ממרח שחר בד""צ} {400",השחר העולה תעשית ממתקים,,,"י""ח",4,ל 100 גרם,false,1,11.90,2.98,false,1,
7290000416632,false,"ממרח שחר פרווה 1 ק""ג",השחר העולה תעשית ממתקים,,,"י""ח",1,מטר,false,1,22.80,22.80,false,1,
7290000418131,false,טופד סופר 18 יח,שקד תבל בעמ,,,"י""ח",1,,false,1,7.50,7.50,true,1,
7290000418155,false,טופד  סופר פלוס 16 יח,שקד תבל בעמ,,,"י""ח",1,,false,1,7.50,7.50,true,1,
7290000419114,false,קפה טחון שחור לנדוור  200 גר,ש.שסטוביץ בעמ,,,"י""ח",2,ל 100 גרם,false,1,16.50,8.25,false,1,
7290000419220,false,קפה טורקי שלשות לנדוור 100*3,ש.שסטוביץ בעמ,,,"י""ח",3,ל 100 גרם,false,1,18.90,6.30,false,1,
7290000420325,false,פופ סטאר פופקורן  טבעי  500גרם,דנשר (1963) בעמ,,,"י""ח",5,ל 100 גרם,false,1,13.80,2.76,true,1,
7290000420332,false,פופ סטאר פופקורן בטעם חמאה 500גר,דנשר (1963) בעמ,,,"י""ח",5,ל 100 גרם,false,1,13.80,2.76,true,1,
7290000446523,false,חמאת בוטנים B D,בטר אנד דיפרנט בעמ,,,"י""ח",3.50,ל 100 גרם,false,1,13.90,3.97,false,1,
7290000446547,false,חמאה בוטנים350 גרם BD,בטר אנד דיפרנט בעמ,,,"י""ח",3.50,ל 100 גרם,false,1,13.90,3.97,false,1,
7290000449128,false,סיף כללי חדש 4 ליטר,יוניליוור ישראל שיווק בעמ,,,"י""ח",4,ליטר,false,1,19.90,4.98,false,1,
7290000450209,false,פוסידון 110 גר  בשמן,נטו מלינדה סחר בעמ,,,"י""ח",1.10,ל 100 גרם,false,1,5.50,5,false,1,
7290000453019,false,שמרית שקית,שטראוס גרופ ***בעמ,,,"י""ח",0.50,ל 100 גרם,false,1,4.50,9,true,1,
7290000453125,false,משפר אפיה,שטראוס גרופ ***בעמ,,,"י""ח",1,ל 100 גרם,false,1,7.50,7.50,true,1,
7290000461656,false,בייגלה אחד אחד 400,יוניליוור ישראל שיווק בעמ,,,"י""ח",4,ל 100 גרם,false,1,9.90,2.48,true,1,
7290000461724,false,גדול גדול שומשום,יוניליוור ישראל שיווק בעמ,,,"י""ח",4,ל 100 גרם,false,1,11.90,2.98,false,1,
7290000461793,false,בייגלה ארוך ארוך-ביג ביג,יוניליוור ישראל שיווק בעמ,,,"י""ח",1.50,ל 100 גרם,false,1,5.90,3.93,false,1,
7290000462172,false,סחוג זהבי ירוק 150ג,שטראוס גרופ ***בעמ,,,"י""ח",1.50,ל 100 גרם,false,1,7.90,5.27,true,1,
7290000474373,false,"שמנת חמוצה 200  מ""ל*",*החברה המרכזית להפצת משקאותבעמ,,,"י""ח",2,"ל 100 מ""ל",false,1,2.40,1.20,false,1,
7290000474502,false,גבינה לבנה  ב250 גרם 5%*,*החברה המרכזית להפצת משקאותבעמ,,,"י""ח",2.50,ל 100 גרם,false,1,4.98,1.99,false,1,
7290000474540,false,טוב טעם גבינה 5% טרה,*החברה המרכזית להפצת משקאותבעמ,,,"י""ח",2.50,ל 100 גרם,false,1,11.50,4.60,false,1,
7290000474830,false,גבינה צהובה 28% מגורדת 500 גרם,*החברה המרכזית להפצת משקאותבעמ,,,"י""ח",5,ל 100 גרם,false,1,32.90,6.58,true,1,
7290000480442,false,קוואקר שקית (עלית),שטראוס פריטו ליי בעמ,,,"י""ח",5,ל 100 גרם,false,1,11.90,2.38,true,1,
7290000493176,false,אבקת רוטב צלי לבשר,קבוצת אוסם סחר-שות.מוגבלת,,,"י""ח",0.22,ל 100 גרם,false,1,4.90,22.27,false,1,
7290000493183,false,אבקת רוטב פטריות לבשר,קבוצת אוסם סחר-שות.מוגבלת,,,"י""ח",0.30,ל 100 גרם,false,1,4.90,16.33,false,1,
7290000504049,false,סוכרזית קנקן 1200,שטראוס גרופ בעמ,,,"י""ח",9.84,ל 100 גרם,false,1,23.90,2.43,true,1,
7290000504278,false,סוכרזית פטנט,שטראוס גרופ בעמ,,,"י""ח",5.74,ל 100 גרם,false,1,14.40,2.51,true,1,
7290000515106,false,"סולת 1 ק""ג(טחנת  ב""ש)",טחנות קמח שטיבל בש בעמ,,,"י""ח",1,"ק""ג",false,1,5.20,5.20,false,1,
7290000518114,false,מתוק וקל אבקה 200גרם,מתוק וקל בעמ,,,"י""ח",2,ל 100 גרם,false,1,9,4.50,false,1,
7290000523125,false,מלח ים יבש הארץ  250  ג,סוגת תעשיות בעמ,,,"י""ח",2.50,ל 100 גרם,false,1,5.40,2.16,false,1,
7290000523224,false,מלח ים יבש  הארץ 500 ג,סוגת תעשיות בעמ,,,"י""ח",5,ל 100 גרם,false,1,7.90,1.58,false,1,
7290000523514,false,מלח 250 ג  בקבוק הארץ,סוגת תעשיות בעמ,,,"י""ח",2.50,ל 100 גרם,false,1,9.90,3.96,false,1,
7290000523521,false,מלח ים בק  200 גר,סוגת תעשיות בעמ,,,"י""ח",2,ל 100 גרם,false,1,5.90,2.95,false,1,
7290000525969,false,פרימור תפוזים 1 ליטר,שטראוס גרופ ***בעמ,,,"י""ח",1,ליטר,false,1,15.90,15.90,true,1,
7290000530048,false,סלמי פפרוני זוגלובק,זוגלובק שיווק בעמ,,,"י""ח",10,ל 100 גרם,true,1,55.20,5.52,false,1,
7290000530086,false,נקניק מעושן  7000,זוגלובק שיווק בעמ,,,"י""ח",8,ל 100 גרם,false,1,29.90,3.74,true,1,
7290000530109,false,זוג קבנוס בואקום,זוגלובק שיווק בעמ,,,"י""ח",4,ל 100 גרם,false,1,24.90,6.23,true,1,
7290000530116,false,נקניק בשן זוגלובק,זוגלובק שיווק בעמ,,,"י""ח",7,ל 100 גרם,false,1,26.90,3.84,true,1,
7290000530178,false,קוניאק זוגלובק שקילה,זוגלובק שיווק בעמ,,,"י""ח",10,ל 100 גרם,true,1,75.60,7.56,false,1,
7290000530192,false,סרבלד זוגלובק,זוגלובק שיווק בעמ,,,"ק""ג",1,ל 100 גרם,true,1,129.90,129.90,true,1,
7290000530260,false,מרטדלה רחב זוגלובק,זוגלובק שיווק בעמ,,,"ק""ג",10,ל 100 גרם,true,1,37.20,3.72,true,1,
7290000530413,false,המבורגר זהב 400,זוגלובק שיווק בעמ,,,"י""ח",4,ל 100 גרם,false,1,21.90,5.48,true,1,
7290000530444,false,כתף בקר מעושן,זוגלובק שיווק בעמ,,,"ק""ג",1,,true,1,110.90,110.90,false,1,
7290000530468,false,"וינר  טרי 1 ק""ג זוגלובק",זוגלובק שיווק בעמ,,,"י""ח",1,"ק""ג",false,1,27.90,27.90,true,1,
7290000530703,false,מארז פסטרמ/חרמון+תה מעושן 800 ג` זוגלובק,זוגלובק שיווק בעמ,,,"י""ח",8,ל 100 גרם,false,1,26.90,3.36,true,1,
7290000531410,false,.פסטרממיה בדבש זוגלובק,זוגלובק שיווק בעמ,,,"ק""ג",1,,true,1,76.90,76.90,false,1,
7290000531601,false,סטייק בורגר 400 גרם,זוגלובק שיווק בעמ,,,"י""ח",4,ל 100 גרם,false,1,21.90,5.48,true,1,
7290000532400,false,פסטרמה חזה הודו ברביקיו זוגלובק,זוגלובק שיווק בעמ,,,"ק""ג",1,,true,1,76.90,76.90,false,1,
7290000532585,false,רוסטביף חצוי,זוגלובק שיווק בעמ,,,"ק""ג",1,"י""ח",true,1,146.90,146.90,false,1,
7290000532721,false,טורו כתף שקילה זוגלובק,זוגלובק שיווק בעמ,,,"ק""ג",1,,true,1,110.90,110.90,false,1,
7290000533353,false,בצק עלים זוגלובק 1 קג,זוגלובק שיווק בעמ,,,"י""ח",1,"ק""ג",false,1,15.90,15.90,true,1,
7290000533636,false,פסטרממיה צלויה,זוגלובק שיווק בעמ,,,"ק""ג",1,,true,1,76.90,76.90,false,1,
7290000534718,false,פסטרמה הודו תבור 1% שומן זוגלובק,זוגלובק שיווק בעמ,,,"ק""ג",1,,true,1,76.90,76.90,false,1,
7290000534800,false,פסטרמה הודו רומנית,זוגלובק שיווק בעמ,,,"י""ח",1,,true,1,76.90,76.90,false,1,
7290000534824,false,פסטרמה חרמון-חזה הודו זוגלובק,זוגלובק שיווק בעמ,,,"ק""ג",1,,true,1,55.20,55.20,false,1,
7290000535791,false,קורנדביף ניו-יורק,זוגלובק שיווק בעמ,,,"ק""ג",1,,true,1,110.90,110.90,false,1,
7290000536316,false,שניצל מן  הצומח]זוגלובק[,זוגלובק שיווק בעמ,,,"י""ח",1,"ק""ג",false,1,29.90,29.90,true,1,
7290000537566,false,נקניקיות עוף טרי 400 ג זוגלובק,זוגלובק שיווק בעמ,,,"י""ח",4,ל 100 גרם,false,1,10.90,2.73,true,1,
7290000537603,false,"נקניקיות עוף 1 ק""ג זוגלובק.",זוגלובק שיווק בעמ,,,"י""ח",1,"ק""ג",false,1,25.90,25.90,true,1,
7290000537610,false,סלמי עממי}זוגלובק{שקיל,זוגלובק שיווק בעמ,,,"ק""ג",1,,true,1,55.20,55.20,false,1,
7290000552569,false,סטייק בורגר 400 גרם,נטו מלינדה סחר בעמ,,,"י""ח",4,ל 100 גרם,false,1,17.90,4.48,true,1,
7290000554402,false,מלבי גד 160 גרם,מחלבות גד,,,"י""ח",1.60,"ל 100 מ""ל",false,1,5.50,3.44,false,1,
7290000554457,false,צפתית מיני% }5 גד 350 ג.,מחלבות גד,,,"י""ח",3.50,ל 100 גרם,false,1,19.90,5.69,false,1,
7290000554471,false,מוצרלה 180גר }.גד{,מחלבות גד,,,"י""ח",1,,false,1,15.90,15.90,false,1,
7290000554624,false,ירח מתוק גד,מחלבות גד,,,"י""ח",1.50,"ל 100 מ""ל",false,1,5.50,3.67,false,1,
7290000554686,false,לאבנה בתוספת  שמןזית  וזעתר  גד{5%,מחלבות גד,,,"י""ח",2.50,ל 100 גרם,false,1,13.80,5.52,false,1,
7290000554792,false,בולגרית פח% }5 גד{,מחלבות גד,,,"ק""ג",10,ל 100 גרם,true,1,54.90,5.49,false,1,
7290000554822,false,ריקוטה 5% בסגנון איטלקי 250 גד{,מחלבות גד,,,"י""ח",2.50,ל 100 גרם,false,1,13.90,5.56,false,1,
7290000554839,false,מסקרפונה 250 גרם,מחלבות גד,,,"י""ח",2.50,ל 100 גרם,false,1,19.90,7.96,false,1,
7290000560021,false,אדג  ג ל נגד חתכים,דנשר (1963) בעמ,,,"י""ח",2,ל 100 גרם,false,1,15.90,7.95,false,1,
7290000560540,false,אדג  ג ל רגיש 200,דנשר (1963) בעמ,,,"י""ח",2,ל 100 גרם,false,1,15.90,7.95,false,1,
7290000571232,false,גבינה גאודה  פרוס 150,מחלבות גד,,,"י""ח",1,,false,1,23.90,23.90,false,1,
7290000572208,false,חלווה 100 גרם,אחדות בעמ,,,"י""ח",1,ל 100 גרם,false,1,2.90,2.90,false,1,
7290000572222,false,חלבה וניל 500 גרם אחווה,אחדות בעמ,,,"י""ח",5,ל 100 גרם,false,1,10.90,2.18,false,1,
7290000572536,false,חלוה מגש 400גר ו,אחדות בעמ,,,"י""ח",4,ל 100 גרם,false,1,12.90,3.23,false,1,
7290000572628,false,חטיפי חלוה ליט אחווה,אחדות בעמ,,,"י""ח",2.76,ל 100 גרם,false,1,10.90,3.95,false,1,
7290000572673,false,חלבה שי עשיריות]אחוה[,אחדות בעמ,,,"י""ח",3,ל 100 גרם,false,1,12.90,4.30,false,1,
7290000572819,false,"טחינה  אחווה 100 טבעי 1 ק""ג",אחדות בעמ,,,"י""ח",1,"ק""ג",false,1,21.90,21.90,false,1,
7290000574035,false,לחם אחיד פרוס}דגנית{*750,דגנית עין בר ~~~,,,"י""ח",7.50,ל 100 גרם,false,1,6.50,0.87,false,1,
7290000574141,false,לחם חיטה מלא 750,דגנית עין בר ~~~,,,"י""ח",7.50,ל 100 גרם,false,1,13.90,1.85,false,1,
7290000574509,false,6 לחמניות חצויות,דגנית עין בר ~~~,,,"י""ח",4.50,ל 100 גרם,false,1,11,2.44,false,1,
7290000599090,false,מקל מטאטא טיטניום,*** מ.א.ייצור ויבוא מטליות,,,"י""ח",1,,false,1,6,6,false,1,
7290000599588,false,צמר פלדה 400 גרם Shiny,מ.א.ייצור ויבוא מטליות בעמ,,,"י""ח",1,,false,1,11.90,11.90,false,1,
7290000611884,false,כבד עוף טרי ארוז.,ח.י. מעדני גורמה בעמ,,,"ק""ג",1,,true,1,29.90,29.90,false,1,
7290000631424,false,פרגיות עוף  טרי[קצביה]**,ח.י. מעדני גורמה בעמ,,,"ק""ג",1,"ק""ג",true,1,79.90,79.90,true,1,
7290000632209,false,חזה פטם}עטרה{קפוא.,נטו מלינדה סחר בעמ,,,"ק""ג",1,"ק""ג",true,1,32.90,32.90,false,1,
7290000632452,false,כרעיים עוף טרי(קצביה )**.,ח.י. מעדני גורמה בעמ,,,"ק""ג",1,"ק""ג",true,1,36.90,36.90,true,1,
7290000632599,false,ירכיים עוף קפוא חלק עטרה,נטו מלינדה סחר בעמ,,,"ק""ג",1,"ק""ג",true,1,32.90,32.90,false,1,
7290000632759,false,שוקיים עוף טרי (קצביה)**,ח.י. מעדני גורמה בעמ,,,"ק""ג",1,"ק""ג",true,1,39.90,39.90,true,1,
7290000633855,false,כנפיים עוף  טרי מקוצבות[קצביה],ח.י. מעדני גורמה בעמ,,,"ק""ג",1,"י""ח",true,1,16.90,16.90,true,1,
7290000659312,false,פילה סלומון קפוא פרימיום תנובה,תנובה בשר,,,"ק""ג",1,"ק""ג",true,1,69.90,69.90,false,1,
7290000692210,false,אג קס ניקוי כללי 2 ל לוונדר,ש.שסטוביץ בעמ,,,"י""ח",2,ליטר,false,1,22.90,11.45,false,1,
7290000692456,false,אג קס חלונות+רפי,ש.שסטוביץ בעמ,,,"י""ח",1.50,ליטר,false,1,23.90,15.93,false,1,
7290001041260,false,שומשום 400גר ].מיה[,מיה תעשיות מזון מ.ת.מ בעמ,,,"י""ח",4,ל 100 גרם,false,1,10.90,2.73,false,1,
7290001041888,false,פפריקה מתוקה 300גר. בצנצנ,מיה תעשיות מזון מ.ת.מ בעמ,,,"י""ח",3,ל 100 גרם,false,1,19.90,6.63,false,1,
7290001045688,false,מיץ תפוזים סחוט 400 מייל,שטראוס גרופ ***בעמ,,,"י""ח",4,"ל 100 מ""ל",false,1,7.90,1.90,true,1,
7290001050064,false,"אבקת סוכר פרימיום 1ק""ג",נאמן לאורך זמן בעמ,,,"י""ח",1,"ק""ג",false,1,11.90,11.90,false,1,
7290001123775,false,שווארמה אמיתית טיבון ויל,נטו מלינדה סחר בעמ,,,"י""ח",5,ל 100 גרם,false,1,19.90,3.98,false,1,
7290001123782,false,שווארמה הודו טיבון ויל,נטו מלינדה סחר בעמ,,,"י""ח",5,ל 100 גרם,false,1,19.90,3.98,false,1,
7290001136294,false,"שמפו נקה 7 לשיער יבש 750 מ""ל",החב הדרומית לשיווק,,,"י""ח",7.50,"ל 100 מ""ל",false,1,11.90,1.59,false,1,
7290001136362,false,סבון נ. ארומה 1 ליטר ירוק,החב הדרומית לשיווק,,,"י""ח",1,ליטר,false,1,12.90,12.90,false,1,
7290001245699,false,אקונומיקה סמיכה 4 ל`טאצ`,סאסאטק אגשח בעמ,,,"י""ח",4,ליטר,false,1,12.90,3.23,true,1,
7290001245705,false,אקונומיקה מבושמת 4ל טאצ`,סאסאטק אגשח בעמ,,,"י""ח",4,ליטר,false,1,10.90,2.73,false,1,
7290001245736,false,ג`ל כביסה כחול  3 ל`טאצ`,סאסאטק אגשח בעמ,,,"י""ח",1,ליטר,false,1,19.90,19.90,true,1,
7290001245828,false,נ.כלים קלאסי 1.6  ל`טאצ,סאסאטק אגשח בעמ,,,"י""ח",1.60,ליטר,false,1,11.90,7.44,true,1,
7290001245897,false,נוזל רצפות יסמין 4ליטר טאצ`,סאסאטק אגשח בעמ,,,"י""ח",4,ליטר,false,1,14.90,3.73,true,1,
7290001245958,false,מרכך כביסה ורוד 4ל טאצ`,סאסאטק אגשח בעמ,,,"י""ח",4,ליטר,false,1,15.90,3.98,true,1,
7290001245965,false,מרכך כביסה כחול 4ל טאצ`,סאסאטק אגשח בעמ,,,"י""ח",4,ליטר,false,1,15.90,3.98,true,1,
7290001245972,false,מרכך כביסה לבן 4ל טאצ`,סאסאטק אגשח בעמ,,,"י""ח",4,ליטר,false,1,15.90,3.98,true,1,
7290001245989,false,מרכך כביסה סגול 4ל טאצ`,סאסאטק אגשח בעמ,,,"י""ח",4,ליטר,false,1,15.90,3.98,true,1,
7290001245996,false,מרכך כביסה צהוב 4ל טאצ`,סאסאטק אגשח בעמ,,,"י""ח",4,ליטר,false,1,15.90,3.98,true,1,
7290001247068,false,ספרינג נקטר תות-בננה,יפאורה שותפות מוגבלת לשיווק,,,"י""ח",1,ליטר,false,1,6.90,6.90,true,1,
7290001247082,false,ספרינג עגבניות,יפאורה שותפות מוגבלת לשיווק,,,"י""ח",1,ליטר,false,1,6.90,6.90,true,1,
7290001247099,false,ספרינג נקטר מנגו,יפאורה שותפות מוגבלת לשיווק,,,"י""ח",1,ליטר,false,1,6.90,6.90,true,1,
7290001247105,false,ספרינג נקטר אפרסק,יפאורה שותפות מוגבלת לשיווק,,,"י""ח",1,ליטר,false,1,6.90,6.90,true,1,
7290001247112,false,ספרינג נקטר לימונים,יפאורה שותפות מוגבלת לשיווק,,,"י""ח",1,ליטר,false,1,6.90,6.90,true,1,
7290001247143,false,ספרינג קרטונית תפוחים,יפאורה שותפות מוגבלת לשיווק,,,"י""ח",1,ליטר,false,1,6.90,6.90,true,1,
7290001247723,false,"נקטר ספרינג פחית תות-בננה 330מ""ל",יפאורה שותפות מוגבלת לשיווק,,,"י""ח",3.30,"ל 100 מ""ל",false,1,5.90,1.70,true,1,
7290001247730,false,נקטר ספרינג פחית מנגו,יפאורה שותפות מוגבלת לשיווק,,,"י""ח",3.30,"ל 100 מ""ל",false,1,5.90,1.70,true,1,
7290001247891,false,נקטר ספרינג פחית אפרסק,יפאורה שותפות מוגבלת לשיווק,,,"י""ח",3.30,"ל 100 מ""ל",false,1,5.90,1.70,true,1,
7290001265642,false,מולטיפק לה קט 400*3.,דיפלומט מפיצים (1968) בעמ**,,,"י""ח",1.20,"ק""ג",false,1,19.90,16.58,false,1,
7290001305188,false,"פלמוליב נוזל לניקוי כלים 750 מ""ל ספרינ",ש.שסטוביץ בעמ,,,"י""ח",7.50,"ל 100 מ""ל",false,1,11.90,1.59,true,1,
7290001327180,false,קרמיסימו שטראוס,גלידות שטראוס בעמ,,,"י""ח",1.33,ליטר,false,1,18.90,14.21,false,1,
7290001468463,false,ספוג ליפה טבעי,נאמן לאורך זמן בעמ,,,"י""ח",1,,false,1,9.90,9.90,false,1,
7290001468883,false,ריבה מעורבת 820 גרם,נאמן לאורך זמן בעמ,,,"י""ח",4.50,ל 100 גרם,false,1,11.90,2.64,false,1,
7290001482186,false,חתיכות אננס בסירופ A2,ג.וילי פוד אינטרנשיונל בעמ,,,"י""ח",5.67,ל 100 גרם,false,1,5.90,1.04,false,1,
7290001482506,false,"חומץ בלסמי 500  מ""ל(ויליפוד)",ג.וילי פוד אינטרנשיונל בעמ,,,"י""ח",5,"ל 100 מ""ל",false,1,18.40,3.68,false,1,
7290001485019,false,גבינת שמנת    5% טרה,*החברה המרכזית להפצת משקאותבעמ,,,"י""ח",2,ל 100 גרם,false,1,11.90,5.95,false,1,
7290001485026,false,גבינת שמנת זיתים 5% עיזים,*החברה המרכזית להפצת משקאותבעמ,,,"י""ח",2,ל 100 גרם,false,1,11.90,5.95,false,1,
7290001485033,false,גבינת שמנת שום שמיר 200ג,*החברה המרכזית להפצת משקאותבעמ,,,"י""ח",2,ל 100 גרם,false,1,11.90,5.95,false,1,
7290001491096,false,תה ירוק -50לימונית,תה ויסוצקי (ישראל)בעמ,,,"י""ח",0.75,ל 100 גרם,false,1,45.90,61.20,true,1,
7290001567555,false,פסטרמה מעודנת עם דבש  300ג,מעדני יחיעם 1993 בעמ,,,"י""ח",3,ל 100 גרם,false,1,19.90,6.63,false,1,
7290001594155,false,בקבוק קוקה קולה חצי ליטר.,החברה המרכזית להפצת משקאות בעמ,,,"י""ח",5,"ל 100 מ""ל",false,1,6.20,1.18,true,1,
7290001594179,false,פאנטה אורנג  0.5ליטר,החברה המרכזית להפצת משקאות בעמ,,,"י""ח",5,"ל 100 מ""ל",false,1,6.20,1.18,true,1,
7290001594230,false,"סודה קינלי 250 מ""ל",החברה המרכזית להפצת משקאות בעמ,,,"י""ח",2.50,"ל 100 מ""ל",false,1,3.20,1.16,true,1,
7290001594520,false,טובורג בקבוק 330,החברה המרכזית להפצת משקאות בעמ,,,"י""ח",3.30,"ל 100 מ""ל",false,1,7.30,2.12,false,1,
7290001594575,false,פחית טובורג 500,החברה המרכזית להפצת משקאות בעמ,,,"י""ח",5,"ל 100 מ""ל",false,1,9.30,1.80,true,1,
7290001594858,false,בירה טובורג רד שישיה,החברה המרכזית להפצת משקאות בעמ,,,"י""ח",1.98,ליטר,false,1,41.70,20.15,true,1,
7290001791349,false,אקונומיקה ריחנית פיסגה 4 ליטר,החב הדרומית לשיווק,,,"י""ח",4,ליטר,false,1,10.90,2.73,false,1,
7290001813454,false,חיוכים שוקו 900 גרם,שטראוס גרופ בעמ,,,"י""ח",9,ל 100 גרם,false,1,21.90,2.43,true,1,
7290001813478,false,חיוכים וניל 900,שטראוס גרופ בעמ,,,"י""ח",9,ל 100 גרם,false,1,21.90,2.43,true,1,
7290001990094,false,סוכר חום צנצנת סוגת,סוגת תעשיות בעמ,,,"י""ח",1,"ק""ג",false,1,14.90,14.90,false,1,
7290001990278,false,"שעועית לבנה 1 ק""ג סוגת",סוגת תעשיות בעמ,,,"י""ח",1,"ק""ג",false,1,18.90,18.90,true,1,
7290001990407,false,"עדשים ירוקים 1 ק""ג סוגת",סוגת תעשיות בעמ,,,"י""ח",1,"ק""ג",false,1,13.90,13.90,true,1,
7290001990421,false,"פופקורן 1 ק""ג סוגת",סוגת תעשיות בעמ,,,"י""ח",1,"ק""ג",false,1,9.90,9.90,true,1,
7290002000143,false,ק.ידיים פ נגל קלאסיק,דנשר (1963) בעמ,,,"י""ח",1,"ל 100 מ""ל",false,1,7.90,7.90,false,1,
7290002002857,false,מגע המשי נייר הדבש,דנשר (1963) בעמ,,,"י""ח",1,"י""ח",false,1,20.30,20.30,false,1,
7290002007357,false,שקיות לצליה 10יח,הנמל אריזות ושווק בעמ,,,"י""ח",10,"י""ח",false,1,5.90,0.59,false,1,
7290002007371,false,פירורי לחם 500גר הנמל,הנמל אריזות ושווק בעמ,,,"י""ח",5,ל 100 גרם,false,1,6.90,1.38,false,1,
7290002008507,false,נייר אפיה הנמל,הנמל אריזות ושווק בעמ,,,"י""ח",1,,false,1,7.90,7.90,false,1,
7290002019114,false,רוטב עגב  28% פריניר,ח.כהן סוכנות מזון ומשקאות בע,,,"י""ח",5.80,ל 100 גרם,false,1,6.90,1.19,false,1,
7290002019787,false,רוטב עגבניות 260 פריניר,ח.כהן סוכנות מזון ומשקאות בע,,,"י""ח",2.60,ל 100 גרם,false,1,3.90,1.50,false,1,
7290002019794,false,רוטב פריניר 100גר`,ח.כהן סוכנות מזון ומשקאות בע,,,"י""ח",1,ל 100 גרם,false,1,1.90,1.90,false,1,
7290002022923,false,לקקן פופ תות ]50כרמית[,כרמית תעשיות ממתקים בעמ,,,"י""ח",5,ל 100 גרם,false,1,16.90,3.38,true,1,
7290002037637,false,לחמנית צמה מתוקה 4יח,י.את א. ברמן בעמ,,,"י""ח",1,,false,1,12.90,12.90,false,1,
7290002040019,false,~קוסקוס רגיל}הנמל{,הנמל אריזות ושווק בעמ,,,"י""ח",3.50,ל 100 גרם,false,1,6.90,1.97,false,1,
7290002040064,false,קוסקוס דק]הנמל[,הנמל אריזות ושווק בעמ,,,"י""ח",3.50,ל 100 גרם,false,1,6.90,1.97,false,1,
7290002040071,false,קוסקוס עבה]הנמל[,הנמל אריזות ושווק בעמ,,,"י""ח",3.50,ל 100 גרם,false,1,6.90,1.97,false,1,
7290002040088,false,קוסקוס מלא]הנמל[,הנמל אריזות ושווק בעמ,,,"י""ח",3.50,ל 100 גרם,false,1,8.20,2.34,false,1,
7290002057017,false,נובו ענק A2,קבוצת יבנה מוצרי מזון בעמ,,,"י""ח",5.60,ל 100 גרם,false,1,8.90,1.59,false,1,
7290002057048,false,סורי מבוקעים A2,קבוצת יבנה מוצרי מזון בעמ,,,"י""ח",5.60,ל 100 גרם,false,1,10.50,1.88,false,1,
7290002057109,false,מנזולינו גדול מאוד,קבוצת יבנה מוצרי מזון בעמ,,,"י""ח",5.60,ל 100 גרם,false,1,8.90,1.59,false,1,
7290002057123,false,חרוזית }A-2 יבנה{,קבוצת יבנה מוצרי מזון בעמ,,,"י""ח",5.60,ל 100 גרם,false,1,9.50,1.70,true,1,
7290002057178,false,זיתים טבעיים,קבוצת יבנה מוצרי מזון בעמ,,,"י""ח",5.60,ל 100 גרם,false,1,8.70,1.55,false,1,
7290002057185,false,טבעות ירוק-יבנה,קבוצת יבנה מוצרי מזון בעמ,,,"י""ח",5.60,ל 100 גרם,false,1,9.20,1.64,false,1,
7290002057345,false,"מלפפון  במלח  3 ק""ג (30-36 יבנה)",קבוצת יבנה מוצרי מזון בעמ,,,"י""ח",1.30,"ק""ג",false,1,19.90,15.31,false,1,
7290002057352,false,מלפפון  מלח  }A-2   7-9 יבנה540 גרם,קבוצת יבנה מוצרי מזון בעמ,,,"י""ח",6,ל 100 גרם,false,1,6.50,1.08,false,1,
7290002057369,false,מלפ  מלח 10\12 2 יבנה,קבוצת יבנה מוצרי מזון בעמ,,,"י""ח",6,ל 100 גרם,false,1,7.50,1.25,false,1,
7290002057376,false,מלפ  מלח 13-17 יבנה,קבוצת יבנה מוצרי מזון בעמ,,,"י""ח",6,ל 100 גרם,false,1,9.90,1.65,false,1,
7290002057383,false,מלפפון  במלח 18\25 יבנה,קבוצת יבנה מוצרי מזון בעמ,,,"י""ח",6,ל 100 גרם,false,1,12.90,2.15,false,1,
7290002057451,false,מלפפון  בחומץ }7-9 יבנה{,קבוצת יבנה מוצרי מזון בעמ,,,"י""ח",6,ל 100 גרם,false,1,6.50,1.08,false,1,
7290002057468,false,מלפפון  בחומץ 10\12 יבנה,קבוצת יבנה מוצרי מזון בעמ,,,"י""ח",6,ל 100 גרם,false,1,7.50,1.25,false,1,
7290002057475,false,מלפ  בחומץ 13\17 יבנה,קבוצת יבנה מוצרי מזון בעמ,,,"י""ח",6,ל 100 גרם,false,1,9.90,1.65,false,1,
7290002057604,false,שיפקה A-2,קבוצת יבנה מוצרי מזון בעמ,,,"י""ח",5.60,ל 100 גרם,false,1,5.50,0.98,false,1,
7290002057628,false,טבעות שחור-יבנה,קבוצת יבנה מוצרי מזון בעמ,,,"י""ח",5.40,ל 100 גרם,false,1,9.50,1.76,false,1,
7290002057734,false,זיתים מושחרים חרוזית,קבוצת יבנה מוצרי מזון בעמ,,,"י""ח",5.40,ל 100 גרם,false,1,7.90,1.46,false,1,
7290002057871,false,חרוזית צנצנת יבנה,קבוצת יבנה מוצרי מזון בעמ,,,"י""ח",5.60,ל 100 גרם,false,1,9.50,1.70,false,1,
7290002065555,false,לחמניות בשקית 6 יח,שלמה א.אנג ל בעמ,,,"י""ח",1,,false,1,11.90,11.90,false,1,
7290002075233,false,אייסקונפקט 250גר`,שוקוטרייד בעמ,,,"י""ח",2.50,ל 100 גרם,false,1,17.90,7.16,false,1,
7290002107965,false,טבורוג 5% 500גר.,*החברה המרכזית להפצת משקאותבעמ,,,"י""ח",5,ל 100 גרם,false,1,24.90,4.98,false,1,
7290002111214,false,תירס לייט מבורך A2,זנלכל בעמ,,,"י""ח",5.50,ל 100 גרם,false,1,9.90,1.80,false,1,
7290002111337,false,"רוטב 240 גרם בד""צ פרי מבורך",זנלכל בעמ,,,"י""ח",2.40,ל 100 גרם,false,1,4.50,1.88,false,1,
7290002111474,false,אפונה ירוקה פרי מבורך,זנלכל בעמ,,,"י""ח",5.50,ל 100 גרם,false,1,8.90,1.62,true,1,
7290002111511,false,"אפונת גינה,גזר פרי מבורך",זנלכל בעמ,,,"י""ח",5.50,ל 100 גרם,false,1,8.90,1.62,true,1,
7290002111634,false,"חומוס בד""צ פרי מבורך",זנלכל בעמ,,,"י""ח",6,ל 100 גרם,false,1,8.90,1.48,true,1,
7290002111696,false,עגב.מרוסקות  800 ג פרי מבורך,זנלכל בעמ,,,"י""ח",8,ל 100 גרם,false,1,9.90,1.24,false,1,
7290002111764,false,שעועית  אפויה}מבורך{,זנלכל בעמ,,,"י""ח",6,ל 100 גרם,false,1,8.90,1.48,true,1,
7290002111818,false,"תירס בד""ץ וואקום",זנלכל בעמ,,,"י""ח",3.25,ל 100 גרם,false,1,6.90,2.12,false,1,
7290002111825,false,תירס מבורך A2,זנלכל בעמ,,,"י""ח",5.50,ל 100 גרם,false,1,8.90,1.62,true,1,
7290002111849,false,תירס וואקים מבורך,זנלכל בעמ,,,"י""ח",3.40,ל 100 גרם,false,1,6.90,2.03,false,1,
7290002130567,false,87~דבש יד מרדכי 350 גרם,שטראוס גרופ בעמ,,,"י""ח",3.50,"י""ח",false,1,18.90,5.40,true,1,
7290002130581,false,"דבש טהור 1 ק""ג יד מרדכי",שטראוס גרופ בעמ,,,"י""ח",1,קוב,false,1,48.90,48.90,true,1,
7290002132011,false,עבאדי עוגיות מלוחות 400גר,תה ויסוצקי (ישראל)בעמ,,,"י""ח",4,ל 100 גרם,false,1,17.90,4.48,false,1,
7290002253006,false,שום כתוש טרי 200,קבוצת אוסם סחר-שות.מוגבלת,,,"י""ח",2,ל 100 גרם,false,1,15.90,7.95,false,1,
7290002253105,false,מגשית קוביות שום,קבוצת אוסם סחר-שות.מוגבלת,,,"י""ח",0.80,ל 100 גרם,false,1,13.90,17.38,false,1,
7290002253150,false,דורות בזיליקום טרי קצוץ,קבוצת אוסם סחר-שות.מוגבלת,,,"י""ח",0.70,ל 100 גרם,false,1,10.90,15.57,false,1,
7290002253174,false,דורות שמיר טרי קצוץ,קבוצת אוסם סחר-שות.מוגבלת,,,"י""ח",0.70,ל 100 גרם,false,1,9.90,14.14,false,1,
7290002255055,false,"פלאפל בד""צ 800 גרם.",חטיפי אלקיים בעמ ~~~,,,"י""ח",8,ל 100 גרם,false,1,13.90,1.74,false,1,
7290002255215,false,"עלים לסיגרים מרובע בד""צ",חטיפי אלקיים בעמ ~~~,,,"י""ח",5,ל 100 גרם,false,1,11.90,2.38,false,1,
7290002316565,false,סינדרלה גרב מקופלת,אחים וייס ישי ייצור בעמ,,,"י""ח",1,,false,1,5.90,5.90,false,1,
7290002316770,false,תחתון נשים נועה,אחים וייס ישי ייצור בעמ,,,"י""ח",1,,false,1,22.90,22.90,false,1,
7290002319016,false,אבקת אפיה עשיריות מיה,מיה תעשיות מזון מ.ת.מ בעמ,,,"י""ח",1,ל 100 גרם,false,1,1.90,1.90,false,1,
7290002319023,false,סוכר וניל עשיריות מיה,מיה תעשיות מזון מ.ת.מ בעמ,,,"י""ח",1,ל 100 גרם,false,1,1.90,1.90,false,1,
7290002319061,false,קוקוס טחון 100 גרם מיה,מיה תעשיות מזון מ.ת.מ בעמ,,,"י""ח",1,ל 100 גרם,false,1,3.70,3.70,false,1,
7290002319078,false,שומשום 100 גרם מיה,מיה תעשיות מזון מ.ת.מ בעמ,,,"י""ח",1,ל 100 גרם,false,1,2.90,2.90,false,1,
7290002319115,false,חומוס גדול 500 מיה,מיה תעשיות מזון מ.ת.מ בעמ,,,"י""ח",5,ל 100 גרם,false,1,6.90,1.38,true,1,
7290002319122,false,גריסים 500 גרם מיה,מיה תעשיות מזון מ.ת.מ בעמ,,,"י""ח",5,ל 100 גרם,false,1,5.90,1.18,true,1,
7290002319139,false,שעועית לבנה 500 מיה,מיה תעשיות מזון מ.ת.מ בעמ,,,"י""ח",5,ל 100 גרם,false,1,6.90,1.38,true,1,
7290002319146,false,שעועית אדומה 500 מיה,מיה תעשיות מזון מ.ת.מ בעמ,,,"י""ח",5,ל 100 גרם,false,1,7.50,1.50,false,1,
7290002319160,false,אפונה ירוקה יבשה} {500,מיה תעשיות מזון מ.ת.מ בעמ,,,"י""ח",5,ל 100 גרם,false,1,4.90,0.98,true,1,
7290002319184,false,עדשים אדומות  500 מיה,מיה תעשיות מזון מ.ת.מ בעמ,,,"י""ח",5,ל 100 גרם,false,1,6.90,1.38,true,1,
7290002319191,false,עדשים ירוקים 500 מיה,מיה תעשיות מזון מ.ת.מ בעמ,,,"י""ח",5,ל 100 גרם,false,1,6.90,1.38,true,1,
7290002319221,false,חיטה 500 ג מיה,מיה תעשיות מזון מ.ת.מ בעמ,,,"י""ח",5,ל 100 גרם,false,1,3.50,0.70,false,1,
7290002319450,false,כרכום בצנצנת 80גר`,מיה תעשיות מזון מ.ת.מ בעמ,,,"י""ח",8,ל 100 גרם,false,1,6.30,0.79,false,1,
7290002319771,false,תמצית אפיה וניל מיה,מיה תעשיות מזון מ.ת.מ בעמ,,,"י""ח",0.50,"ל 100 מ""ל",false,1,2.90,5.80,false,1,
7290002327028,false,ג חנון 650 ג,נטו מלינדה סחר בעמ,,,"י""ח",6.50,ל 100 גרם,false,1,17.90,2.75,true,1,
7290002327042,false,"בורקס תפו""א אופרה.",נטו מלינדה סחר בעמ,,,"י""ח",8,ל 100 גרם,false,1,17.90,2.24,true,1,
7290002327059,false,בצק עלים אופרה,נטו מלינדה סחר בעמ,,,"י""ח",1,"ק""ג",false,1,17.90,17.90,true,1,
7290002331421,false,"שישיית נביעות 775 מ""ל",החברה המרכזית להפצת משקאות בעמ,,,"י""ח",4.53,ליטר,false,1,16.90,3.33,false,1,
7290002348306,false,קוקטיל פירות,נטו מלינדה סחר בעמ,,,"י""ח",8.50,ל 100 גרם,false,1,11.90,1.40,true,1,
7290002360285,false,תה פומפדור-קמומיל,ש.שסטוביץ בעמ,,,"י""ח",0.30,ל 100 גרם,false,1,13.90,46.33,true,1,
7290002371854,false,"נקניקיות חריפות 1ק""ג",תנובה בשר,,,"י""ח",1,"ק""ג",false,1,31.90,31.90,false,1,
7290002374312,false,שמן קנולה מילו 1 ליטר,סוגת תעשיות בעמ,,,"י""ח",1,ליטר,false,1,10.90,10.90,false,1,
7290002485025,false,חומוס מסעדות 500 גרם,סלטי שמיר2006בעמ,,,"י""ח",5,ל 100 גרם,false,1,15.90,3.18,false,1,
7290002485049,false,חומוס מסבחה 500 גרם,סלטי שמיר2006בעמ,,,"י""ח",5,ל 100 גרם,false,1,15.90,3.18,false,1,
7290002485063,false,חומוס אבו גוש 500 גרם,סלטי שמיר2006בעמ,,,"י""ח",5,ל 100 גרם,false,1,15.90,3.18,false,1,
7290002512004,false,מלווח צנעני 900גר,א.ג בחירה חכמה בעמ,,,"י""ח",9,ל 100 גרם,false,1,19.90,2.21,false,1,
7290002512011,false,ג חנון בצק 900ג צנעני,א.ג בחירה חכמה בעמ,,,"י""ח",9,ל 100 גרם,false,1,19.90,2.21,false,1,
7290002512035,false,"בצק עלים 1 ק""ג צנעני",א.ג בחירה חכמה בעמ,,,"י""ח",1,"ק""ג",false,1,16.90,16.90,false,1,
7290002581079,false,תן צ אפ 70 ג,מיה תעשיות מזון מ.ת.מ בעמ,,,"י""ח",0.60,ל 100 גרם,false,1,3.70,6.17,false,1,
7290002654612,false,סחלב חלב ישראל,נאמן לאורך זמן בעמ,,,"י""ח",4,ל 100 גרם,false,1,19.90,4.98,false,1,
7290002654674,false,אבקה להכנת עוגת שוקולד,נאמן לאורך זמן בעמ,,,"י""ח",5.60,ל 100 גרם,false,1,14.90,2.66,true,1,
7290002692478,false,"שמן זית כתית עץ הזית  750 מ""ל",סוגת תעשיות בעמ,,,"י""ח",7.50,"ל 100 מ""ל",false,1,29.90,3.99,true,1,
7290002715375,false,קבב  יווני]טיבונויל[,נטו מלינדה סחר בעמ,,,"י""ח",4,ל 100 גרם,false,1,20.90,5.23,true,1,
7290002715580,false,מרק סיני בכוס,נטו מלינדה סחר בעמ,,,"י""ח",0.70,ל 100 גרם,false,1,4.50,6.43,false,1,
7290002730262,false,"פלמוליב נוזל כלים 750מ""ל",ש.שסטוביץ בעמ,,,"י""ח",7.50,"ל 100 מ""ל",false,1,11.90,1.59,true,1,
7290002730538,false,בלונס מסיר איפור 60 יח,ש.שסטוביץ בעמ,,,"י""ח",1,"י""ח",false,1,8.90,8.90,false,1,
7290002730675,false,"##קולגייט אדומה 100 מ""ל",ש.שסטוביץ בעמ,,,"י""ח",1,"ל 100 מ""ל",false,1,10.90,10.90,false,1,
7290002730811,false,קולגייט ג ל משפחתי,ש.שסטוביץ בעמ,,,"י""ח",1.38,ל 100 גרם,false,1,12.90,9.35,true,1,
7290002730958,false,סבון מוצק זיתים פלמוליב  4יח,ש.שסטוביץ בעמ,,,"י""ח",3.60,ל 100 גרם,false,1,16.90,4.69,true,1,
7290002735021,false,ג חנון ינון 750ג,קפוא זן תעשיות מזון בעמ,,,"י""ח",7.50,ל 100 גרם,false,1,14.90,1.99,false,1,
7290002735113,false,בורקס  גבינה}ינון{,קפוא זן תעשיות מזון בעמ,,,"י""ח",8,ל 100 גרם,false,1,15.90,1.99,false,1,
7290002735120,false,"בורקס תפו""א ינון",קפוא זן תעשיות מזון בעמ,,,"י""ח",8,ל 100 גרם,false,1,13.90,1.74,false,1,
7290002750130,false,מארז חליות פילסברי 6יח,ג נרל מילס ישראל בעמ,,,"י""ח",1,,false,1,11.90,11.90,false,1,
7290002750154,false,לחמניה יאמיס שישייה אפיה מקומית,ג נרל מילס ישראל בעמ,,,"י""ח",1,,false,1,11.90,11.90,true,1,
7290002752332,false,מנטוס גלילים פירות,ליימן שליסל,,,"י""ח",0.3750,ל 100 גרם,false,1,3.30,8.80,false,1,
7290002752349,false,מנטוס גלילים מנטה,ליימן שליסל,,,"י""ח",0.3750,ל 100 גרם,false,1,3.30,8.80,false,1,
7290002768074,false,דרמפון 1 ליטר,החב הדרומית לשיווק,,,"י""ח",1,ליטר,false,1,17.80,17.80,false,1,
7290002768159,false,בת אורן-סבון אמב,החב הדרומית לשיווק,,,"י""ח",5,"ל 100 מ""ל",false,1,17.90,3.58,false,1,
7290002782131,false,דאודורנט ספריי פנינה,פנינה רוזנבלום בעמ,,,"י""ח",1.50,"ל 100 מ""ל",false,1,23.90,15.93,true,1,
7290002782759,false,קרם גוף פ. רוזנבלום מס 2,פנינה רוזנבלום בעמ,,,"י""ח",5,"ל 100 מ""ל",false,1,23.90,4.78,true,1,
7290002805151,false,סיף נוזל רצפות סחלבים 4לי,יוניליוור ישראל שיווק בעמ,,,"י""ח",4,ליטר,false,1,16.90,4.23,false,1,
7290002814016,false,"מסיר שמנים קר}סנט  מוריץ750 מ""ל",קומפלקס כימיקלסבעמ ~~~,,,"י""ח",7.50,"ל 100 מ""ל",false,1,12.90,1.72,false,1,
7290002814528,false,מס  1 לניקוי אסלות 1 ליטר,קומפלקס כימיקלסבעמ ~~~,,,"י""ח",1,ליטר,false,1,4.90,4.90,false,1,
7290002824183,false,גבינה סקי 5% 500 גרם*,שטראוס גרופ ***בעמ,,,"י""ח",5,ל 100 גרם,false,1,9.20,1.84,true,1,
7290002824466,false,דנונה ביו  %0 שומן,שטראוס גרופ ***בעמ,,,"י""ח",2,"ל 100 מ""ל",false,1,3.50,1.75,true,1,
7290002824640,false,גבינה סקי 5% 250  גרם*,שטראוס גרופ ***בעמ,,,"י""ח",2.50,ל 100 גרם,false,1,4.97,1.99,true,1,
7290002825722,false,סלט כרוב אדום שטראוס 500גרם,שטראוס גרופ ***בעמ,,,"י""ח",5,ל 100 גרם,false,1,14.90,2.98,true,1,
7290002842002,false,פתיתי ש. שועל מורנפלייק 500ג,ליימן שליסל,,,"י""ח",5,ל 100 גרם,false,1,10.90,2.18,false,1,
7290002859451,false,כנפי אווז תפזורת קפוא,בלדי בעמ,,,"ק""ג",1,"ק""ג",true,1,29.90,29.90,false,1,
7290002868996,false,קוטג  5% מועשר 250 גרם,*החברה המרכזית להפצת משקאותבעמ,,,"י""ח",2.50,ל 100 גרם,false,1,5.70,2.28,true,1,
7290002954026,false,שמן תירס 3  ל]שוקחה[,בני ג ורג שוקחה (חיפה) בעמ,,,"י""ח",3,ליטר,false,1,44.90,14.97,false,1,
7290002954187,false,"אורז יסמין 5ק""ג מדליה",בני ג ורג שוקחה (חיפה) בעמ,,,"י""ח",5,"ק""ג",false,1,42.90,8.58,false,1,
7290002987963,false,"חומוס אחלה 1 ק""ג שטראוס",שטראוס גרופ ***בעמ,,,"י""ח",1,"ק""ג",false,1,13.90,13.90,true,1,
7290003009312,false,בוטן קלוי 200 גרם שקית קליית גת,ליימן שליסל,,,"י""ח",2,ל 100 גרם,false,1,6.60,3.30,false,1,
7290003009329,false,בוטן אמריקאי 200 גרם,ליימן שליסל,,,"י""ח",2,ל 100 גרם,false,1,5.90,2.95,true,1,
7290003009336,false,קבוקים 200 ג,ליימן שליסל,,,"י""ח",2,ל 100 גרם,false,1,5.90,2.95,true,1,
7290003020195,false,רדיד 100 מקרון,נטו מלינדה סחר בעמ,,,"י""ח",1,,false,1,29.90,29.90,false,1,
7290003023165,false,שוקו כד 2  ליטר(יטבתה),שטראוס גרופ ***בעמ,,,"י""ח",2,ליטר,false,1,19.90,9.95,true,1,
7290003026227,false,שמפו ללא דמעות פישר,פישר תעשיות פרמבצטיות בעמ,,,"י""ח",1,ליטר,false,1,32.90,32.90,true,1,
7290003029181,false,שוקו 1 ליטר בקבוק יטבתה,שטראוס גרופ ***בעמ,,,"י""ח",1,ליטר,false,1,11.90,11.90,true,1,
7290003029372,false,משקה חלב בננה 1ליטר בקבוק יטבתה,שטראוס גרופ ***בעמ,,,"י""ח",1,ליטר,false,1,11.90,11.90,true,1,
7290003029389,false,שוקו בטעם בננה יטבתה פקק 250מל.,שטראוס גרופ ***בעמ,,,"י""ח",2.50,"ל 100 מ""ל",false,1,5.50,2.20,true,1,
7290003029433,false,"שוקו יטבתה בקבוק 250מ""ל מהדרין",שטראוס גרופ ***בעמ,,,"י""ח",2.50,"ל 100 מ""ל",false,1,5.50,2.20,true,1,
7290003029532,false,מוקה 1 ליטר יטבתה,שטראוס גרופ ***בעמ,,,"י""ח",1,ליטר,false,1,11.90,11.90,true,1,
7290003029792,false,מארז שוקו 8 יח  (יוטבתה),שטראוס גרופ ***בעמ,,,"י""ח",1.80,ליטר,false,1,18.90,10.50,true,1,
7290003029815,false,חלב יטבתה מעושר 2 ליטר,שטראוס גרופ ***בעמ,,,"י""ח",2,ליטר,false,1,15,7.50,true,1,
7290003029907,false,אייס קפה יטבתה 1 ליטר בקבוק,שטראוס גרופ ***בעמ,,,"י""ח",1,ליטר,false,1,11.90,11.90,true,1,
7290003047642,false,תה ליפטון 100שקיות (ללא עטיפה),יוניליוור ישראל שיווק בעמ,,,"י""ח",1.50,ל 100 גרם,false,1,12.90,8.60,false,1,
7290003054657,false,חרדל דיג ון אקסטרא פורטה דיפלומט,דיפלומט מפיצים (1968) בעמ**,,,"י""ח",3.70,ל 100 גרם,false,1,11.50,3.11,false,1,
7290003107216,false,"קמח בהיר  לבן[דגן]1ק""ג",טחנות קמח דגן,,,"י""ח",1,"ק""ג",false,1,5.90,5.90,false,1,
7290003119509,false,בקבוק ריק 1.20,שונות /שרות,,,"י""ח",1,"י""ח",false,1,1.20,1.20,false,1,
7290003120475,false,מאלטי 500 חוזר,החברה המרכזית להפצת משקאות בעמ,,,"י""ח",5,"ל 100 מ""ל",false,1,4.70,0.70,false,1,
7290003121083,false,מג יק בשר בשקית,נטו מלינדה סחר בעמ,,,"י""ח",0.85,ל 100 גרם,false,1,2.50,2.94,false,1,
7290003121090,false,מג יק ירקות בשקית,נטו מלינדה סחר בעמ,,,"י""ח",0.85,ל 100 גרם,false,1,2.50,2.94,false,1,
7290003121106,false,מג יק עוף בשקית,נטו מלינדה סחר בעמ,,,"י""ח",0.85,ל 100 גרם,false,1,2.50,2.94,false,1,
7290003127597,false,שקית שרות קופה גופיה,שונות /שרות,,,"י""ח",1,,false,1,0.10,0.10,false,1,
7290003145751,false,קשיו קלוי 200גר`,ליימן שליסל,,,"י""ח",2,ל 100 גרם,false,1,19.40,9.70,true,1,
7290003185719,false,קבב רומני 400 גרם,נטו מלינדה סחר בעמ,,,"י""ח",5,ל 100 גרם,false,1,20.90,4.18,true,1,
7290003185726,false,קבב מזרחי ]500טיווןויל[,נטו מלינדה סחר בעמ,,,"י""ח",5,ל 100 גרם,false,1,17.90,3.58,true,1,
7290003189076,false,פיצרלה  500 גרם,גבינות הכפר בעמ,,,"י""ח",5,ל 100 גרם,false,1,19.90,3.98,false,1,
7290003229192,false,כתף בקר מעושן 400 גרם טירת צבי,תנובה בשר,,,"י""ח",4,ל 100 גרם,false,1,25.90,6.48,false,1,
7290003258284,false,קרם גוף 3 פ.רוזנבלום,פנינה רוזנבלום בעמ,,,"י""ח",4,"ל 100 מ""ל",false,1,28.90,7.23,false,1,
7290003321155,false,דנונה  בר קראנצי שבבי פקאן,שטראוס גרופ ***בעמ,,,"י""ח",1.75,"ל 100 מ""ל",false,1,4.40,2.51,true,1,
7290003385881,false,במיה ברוטב עגבני,ויטה- פרי גליל (החדשה) בעמ,,,"י""ח",6,ל 100 גרם,false,1,10.90,1.82,false,1,
7290003401369,false,לחות קרם לעיצוב שיער}קלאסיק{,החב הדרומית לשיווק,,,"י""ח",4,"ל 100 מ""ל",false,1,19.90,4.98,false,1,
7290003427154,false,שמן זית זיתא  כתית.מעולה 750,תה ויסוצקי (ישראל)בעמ,,,"י""ח",7.50,"ל 100 מ""ל",false,1,37.90,5.05,true,1,
7290003438020,false,ממרח עגבניות מיובשות,תה ויסוצקי (ישראל)בעמ,,,"י""ח",1.90,ל 100 גרם,false,1,13.90,7.32,false,1,
7290003457991,false,קורנטו קלאסיק שטראוס,גלידות שטראוס בעמ,,,"י""ח",1,,false,1,34.90,34.90,false,1,
7290003521081,false,סרקל שמפו  1  ליטר,פישר תעשיות פרמבצטיות בעמ,,,"י""ח",1,ליטר,false,1,29.90,29.90,false,1,
7290003521166,false,סרקל קרם שיער]רוזמרין[,פישר תעשיות פרמבצטיות בעמ,,,"י""ח",3.25,ל 100 גרם,false,1,25.90,7.97,false,1,
7290003521197,false,סרקל מתיר קשרים ספריי,פישר תעשיות פרמבצטיות בעמ,,,"י""ח",3.40,"ל 100 מ""ל",false,1,25.90,7.62,false,1,
7290003521203,false,סרקל שמפו 2 ליטר,פישר תעשיות פרמבצטיות בעמ,,,"י""ח",2,ליטר,false,1,39.90,19.95,false,1,
7290003521395,false,אל סבון תחליבי 2 ליטר,פישר תעשיות פרמבצטיות בעמ,,,"י""ח",2,ליטר,false,1,39.90,19.95,false,1,
7290003525461,false,סלט טונה פקנטי 160ג,נטו מלינדה סחר בעמ,,,"י""ח",1.60,ל 100 גרם,false,1,5.90,3.69,false,1,
7290003525478,false,סלט טונה ויליגר 160 גרם,נטו מלינדה סחר בעמ,,,"י""ח",1.60,ל 100 גרם,false,1,5.90,3.69,false,1,
7290003525904,false,סלט טונה פיקנטי שלישיה,נטו מלינדה סחר בעמ,,,"י""ח",4.80,ל 100 גרם,false,1,14.90,3.10,false,1,
7290003526444,false,אננס חתוך ויליגר A2,נטו מלינדה סחר בעמ,,,"י""ח",1,,false,1,6.10,6.10,false,1,
7290003550753,false,טונה פוסידון רביעיות,נטו מלינדה סחר בעמ,,,"י""ח",3.40,ל 100 גרם,false,1,19.90,5.85,false,1,
7290003578078,false,קוקטיל פירות וויליפוד 490 ג`,ג.וילי פוד אינטרנשיונל בעמ,,,"י""ח",4.90,ל 100 גרם,false,1,9.50,1.94,false,1,
7290003578313,false,דובדבנים  וויליפוד ללא חרצנים,ג.וילי פוד אינטרנשיונל בעמ,,,"י""ח",7.20,ל 100 גרם,false,1,8.90,1.24,false,1,
7290003643004,false,"אורז בסמטי קלאסי  סוגת1 ק""ג",סוגת תעשיות בעמ,,,"י""ח",1,"ק""ג",false,1,13.90,13.90,false,1,
7290003643387,false,"סוכר אריזת פלסטיק 1 ק""ג סוגת",סוגת תעשיות בעמ,,,"י""ח",1,"ק""ג",false,1,7.90,7.90,false,1,
7290003643646,false,סוכר חום דמררה סוגת,סוגת תעשיות בעמ,,,"י""ח",1,"ק""ג",false,1,13.90,13.90,false,1,
7290003643684,false,אפונה יבשה 500 גרם,סוגת תעשיות בעמ,,,"י""ח",5,ל 100 גרם,false,1,6.90,1.38,true,1,
7290003643707,false,גריסים 500 ג,סוגת תעשיות בעמ,,,"י""ח",5,ל 100 גרם,false,1,4.90,0.98,true,1,
7290003643714,false,חומוס 500 גרם סוגת,סוגת תעשיות בעמ,,,"י""ח",5,ל 100 גרם,false,1,7.90,1.58,true,1,
7290003643738,false,חיטה 500 גרם סוגת,סוגת תעשיות בעמ,,,"י""ח",5,ל 100 גרם,false,1,4.90,0.98,true,1,
7290003643752,false,~עדשים ירוקים 500 ג סוגת,סוגת תעשיות בעמ,,,"י""ח",5,ל 100 גרם,false,1,8.90,1.78,true,1,
7290003643769,false,עדשים אדומים 500 סוגת,סוגת תעשיות בעמ,,,"י""ח",5,ל 100 גרם,false,1,8.90,1.78,true,1,
7290003643776,false,פופקורן 500 גרם,סוגת תעשיות בעמ,,,"י""ח",5,ל 100 גרם,false,1,6.90,1.38,true,1,
7290003643806,false,שעועית לבנה 500 גרם סוגת,סוגת תעשיות בעמ,,,"י""ח",5,ל 100 גרם,false,1,11.90,2.38,true,1,
7290003643820,false,חומוס ענק 500 סוגת,סוגת תעשיות בעמ,,,"י""ח",5,ל 100 גרם,false,1,10,2,true,1,
7290003681303,false,שעועית מעורבת 500 מיה,מיה תעשיות מזון מ.ת.מ בעמ,,,"י""ח",5,ל 100 גרם,false,1,7.90,1.58,false,1,
7290003681334,false,"קוקוס 400 גרם מיה בד""צ",מיה תעשיות מזון מ.ת.מ בעמ,,,"י""ח",4,ל 100 גרם,false,1,8.90,2.23,false,1,
7290003681365,false,סוכריות לקישוט צבעוני מיה,מיה תעשיות מזון מ.ת.מ בעמ,,,"י""ח",2,ל 100 גרם,false,1,4.90,2.45,false,1,
7290003681693,false,חומוס לבן ענק  500מיה,מיה תעשיות מזון מ.ת.מ בעמ,,,"י""ח",5,ל 100 גרם,false,1,8.90,1.78,false,1,
7290003681716,false,גריסי פנינה 500 ג מיה,מיה תעשיות מזון מ.ת.מ בעמ,,,"י""ח",5,ל 100 גרם,false,1,5.90,1.18,false,1,
7290003681792,false,טופי פירות מיה 850גר,מיה תעשיות מזון מ.ת.מ בעמ,,,"י""ח",8.50,ל 100 גרם,false,1,16.90,1.99,false,1,
7290003681921,false,טופי פירות מיה,מיה תעשיות מזון מ.ת.מ בעמ,,,"י""ח",2,ל 100 גרם,false,1,6.10,3.05,false,1,
7290003726141,false,טופו בוואקום,מחלבות גד,,,"י""ח",3.20,ל 100 גרם,false,1,10.90,3.41,false,1,
7290003744848,false,אובלטים גריל 300 גרם,שוקוטרייד בעמ,,,"י""ח",3,ל 100 גרם,false,1,11.90,3.97,false,1,
7290003744855,false,אובלטים שומשום 300 גרם,שוקוטרייד בעמ,,,"י""ח",3,ל 100 גרם,false,1,11.90,3.97,false,1,
7290003744862,false,אובלטים זעתר 300 גרם,שוקוטרייד בעמ,,,"י""ח",3,ל 100 גרם,false,1,11.90,3.97,false,1,
7290003781065,false,מלפפונים במלח עם,ג.וילי פוד אינטרנשיונל בעמ,,,"י""ח",6.90,ל 100 גרם,false,1,9.90,1.43,false,1,
7290003781652,false,צלפים 370גר,ג.וילי פוד אינטרנשיונל בעמ,,,"י""ח",3.70,ל 100 גרם,false,1,8.90,2.41,false,1,
7290003804368,false,תיבולית  בזיליקום 72גרם,יוניליוור ישראל שיווק בעמ,,,"י""ח",0.72,ל 100 גרם,false,1,7.90,10.97,true,1,
7290003805501,false,פתית שבדי חסכוני 300 ג`,יוניליוור ישראל שיווק בעמ,,,"י""ח",3,ל 100 גרם,false,1,14.90,4.97,true,1,
7290003807178,false,"רוטב סויה 300 מ""ל סיג.סינ",יוניליוור ישראל שיווק בעמ,,,"י""ח",3,"ל 100 מ""ל",false,1,10.90,3.63,true,1,
7290003807482,false,"רוטב טריאקי 370 מ""ל",יוניליוור ישראל שיווק בעמ,,,"י""ח",3.70,"ל 100 מ""ל",false,1,10.90,2.95,true,1,
7290003864478,false,~סרדין בשמן צמחי  ויליפוד,ג.וילי פוד אינטרנשיונל בעמ,,,"י""ח",1.10,ל 100 גרם,false,1,4.90,4.45,true,1,
7290003864485,false,סרדין ברוטב עגבנ,ג.וילי פוד אינטרנשיונל בעמ,,,"י""ח",1.10,ל 100 גרם,false,1,4.90,4.45,true,1,
7290003864492,false,סרדין בשמן צמחי וילפוד,ג.וילי פוד אינטרנשיונל בעמ,,,"י""ח",1.10,ל 100 גרם,false,1,4.90,4.45,true,1,
7290003882694,false,"נתחי טונה בשמן 1 ק""ג ויליפוד",ג.וילי פוד אינטרנשיונל בעמ,,,"י""ח",1,"ק""ג",false,1,33.90,33.90,false,1,
7290003882922,false,עלי גפן ממולאים וויליפוד 400,ג.וילי פוד אינטרנשיונל בעמ,,,"י""ח",4,ל 100 גרם,false,1,7.90,1.98,false,1,
7290003938049,false,נוזל הברקה למדיח,יעקב יעקבי ובניו בעמ,,,"י""ח",5,"ל 100 מ""ל",false,1,22.90,4.58,false,1,
7290003989096,false,סלט חציל  פיקנטי-אחלה,שטראוס גרופ ***בעמ,,,"י""ח",5,ל 100 גרם,false,1,14.90,2.98,true,1,
7290003989539,false,רביולי גבינה שטראוס,שטראוס גרופ ***בעמ,,,"י""ח",4,ל 100 גרם,false,1,19.90,4.98,true,1,
7290004048679,false,קובה למרק,נטו מלינדה סחר בעמ,,,"י""ח",1,"ק""ג",false,1,21.90,21.90,false,1,
7290004061487,false,טבעות עוף 700,קפוא זן תעשיות מזון בעמ,,,"י""ח",7,ל 100 גרם,false,1,16.90,2.41,false,1,
7290004063115,false,"מלח גביש 1  ק""ג}עבה{",סוגת תעשיות בעמ,,,"י""ח",1,"ק""ג",false,1,1.70,1.70,false,1,
7290004119010,false,גבינת שדה מותכת  25% 500 ג`,תנובה בעמ ***,,,"י""ח",1,,false,1,11.90,11.90,false,1,
7290004119225,false,יופלה אננס,תנובה בעמ ***,,,"י""ח",1.50,"ל 100 מ""ל",false,1,5,3.33,false,1,
7290004120061,false,קרלו שוקו וניל,תנובה בעמ ***,,,"י""ח",1.25,"ל 100 מ""ל",false,1,3,2.40,false,1,
7290004120566,false,בולגרית פיראוס 24% 250 ג`,תנובה בעמ ***,,,"י""ח",2.50,ל 100 גרם,false,1,22.90,9.16,true,1,
7290004120573,false,פריאוס בולגרית 16% 250גר,תנובה בעמ ***,,,"י""ח",2.50,ל 100 גרם,false,1,23.20,9.28,false,1,
7290004120634,false,~בולגרית פיראוס 5% 250גר,תנובה בעמ ***,,,"י""ח",2.50,ל 100 גרם,false,1,21.90,8.76,true,1,
7290004121525,false,מאגדת  יופלה שמיניה פירות 3%,תנובה בעמ ***,,,"י""ח",1.20,ליטר,false,1,29.90,24.92,false,1,
7290004122119,false,פתיתי פרמזן לפסטה 23% השף הלבן 100גר,תנובה בעמ ***,,,"י""ח",1,ל 100 גרם,false,1,12.70,12.70,false,1,
7290004122195,false,גוש   חלב פרוס}מהדרין  {200ג`,תנובה בעמ ***,,,"י""ח",2,ל 100 גרם,false,1,13.90,6.95,false,1,
7290004122270,false,עמק פרוס בקופסא 200גר,תנובה בעמ ***,,,"י""ח",2,ל 100 גרם,false,1,16.10,8.05,true,1,
7290004122348,false,~עמק לייט 9% בקופסא 200 ג`,תנובה בעמ ***,,,"י""ח",2,ל 100 גרם,false,1,16.90,8.45,true,1,
7290004122683,false,אצבעות עמק 172גר,תנובה בעמ ***,,,"י""ח",1.72,ל 100 גרם,false,1,16.40,9.53,true,1,
7290004124205,false,דיאט יופלה תות טוויגי תות 0%,תנובה בעמ ***,,,"י""ח",1.50,"ל 100 מ""ל",false,1,5,3.33,false,1,
7290004124847,false,קצפת צמחית השף הלבן 500 מייל,תנובה בעמ ***,,,"י""ח",5,"ל 100 מ""ל",false,1,14.90,2.98,true,1,
7290004125370,false,שמנת 9% 200 ג,תנובה בעמ ***,,,"י""ח",2,"ל 100 מ""ל",false,1,3.70,1.85,false,1,
7290004125400,false,אשל  *4.5%,תנובה בעמ ***,,,"י""ח",2,"ל 100 מ""ל",false,1,1.69,0.85,false,1,
7290004125417,false,גיל  *3% 200 ג`,תנובה בעמ ***,,,"י""ח",2,ל 100 גרם,false,1,1.51,0.76,false,1,
7290004125455,false,"שמנת תנובה 15% מהדרין 200  מ""ל*",תנובה בעמ ***,,,"י""ח",2,"ל 100 מ""ל",false,1,2.40,1.20,false,1,
7290004125462,false,שמנת חמוצה 15% 500 ג*,תנובה בעמ ***,,,"י""ח",5,"ל 100 מ""ל",false,1,6,1.20,false,1,
7290004125509,false,"שמנת תנובה 15% חצי מנה 100 מ""ל",תנובה בעמ ***,,,"י""ח",1,"ל 100 מ""ל",false,1,1.60,1.60,false,1,
7290004125578,false,משקה סויה מועשר בסידן 1  ל`תנובה,תנובה בעמ ***,,,"י""ח",1,ליטר,false,1,10.90,10.90,true,1,
7290004125585,false,משקה סויה על הבוקר תנובה,תנובה בעמ ***,,,"י""ח",1,ליטר,false,1,10.90,10.90,true,1,
7290004125721,false,שמנת  לבישול השף תנובה 250 מייל,תנובה בעמ ***,,,"י""ח",2.50,"ל 100 מ""ל",false,1,8.20,3.28,false,1,
7290004125738,false,"שמנת לקצפת השף 250 מ""ל  32%( תנובה)",תנובה בעמ ***,,,"י""ח",2.50,"ל 100 מ""ל",false,1,6.50,2.60,false,1,
7290004125776,false,עמק קלאסית פרוס בקופסא 400 גרם,תנובה בעמ ***,,,"י""ח",4,ל 100 גרם,false,1,27.90,6.98,true,1,
7290004126759,false,דאיט יופלה פירות יער טו יוג פרי 150גר.,תנובה בעמ ***,,,"י""ח",1.50,"ל 100 מ""ל",false,1,5,3.33,false,1,
7290004127329,false,קוטג% `5מהדרין תנובה 250,תנובה בעמ ***,,,"י""ח",2.75,ל 100 גרם,false,1,5.50,2,false,1,
7290004127336,false,קוטג 9%  מהדרין תנובה 250,תנובה בעמ ***,,,"י""ח",2.50,ל 100 גרם,false,1,5.50,2.20,false,1,
7290004127800,false,גבינה 5% 500 גרם*תנובה,תנובה בעמ ***,,,"י""ח",5,ל 100 גרם,false,1,9.96,1.99,false,1,
7290004127817,false,גבינה 9% 500 גרם תנובה,תנובה בעמ ***,,,"י""ח",5,ל 100 גרם,false,1,9.50,1.90,false,1,
7290004127862,false,"גבינה לבנה תנובה  5% 750  ג""ר*",תנובה בעמ ***,,,"י""ח",7.50,ל 100 גרם,false,1,14.94,1.99,true,1,
7290004129101,false,נפוליאון  בטעם טבעי,תנובה בעמ ***,,,"י""ח",2.25,ל 100 גרם,false,1,14.20,6.31,false,1,
7290004129156,false,נפוליאון 30% שומ,תנובה בעמ ***,,,"י""ח",2.25,ל 100 גרם,false,1,14.20,6.31,false,1,
7290004130794,false,משקה סויה מעושר טבעי 1 ל תנובה,תנובה בעמ ***,,,"י""ח",1,ליטר,false,1,10.90,10.90,true,1,
7290004130916,false,יופלה  פירות יער בשמנת,תנובה בעמ ***,,,"י""ח",1.50,"ל 100 מ""ל",false,1,5,3.33,false,1,
7290004131074,false,חלב 3% מהדרין תנובה קרטון+פקק   * 1 ל`,תנובה בעמ ***,,,"י""ח",1,ליטר,false,1,6.23,6.23,false,1,
7290004131814,false,צפתית מעודנת פיראוס 200 ג  5%,תנובה בעמ ***,,,"י""ח",2,ל 100 גרם,false,1,14.90,7.45,false,1,
7290004132170,false,יופלה לבן 1.5%,תנובה בעמ ***,,,"י""ח",1.50,"ל 100 מ""ל",false,1,3.20,2.13,false,1,
7290004132552,false,דיאט סויה טבעי 1 ליטר,תנובה בעמ ***,,,"י""ח",1,ליטר,false,1,10.90,10.90,true,1,
7290004133511,false,יופלה לבן מאגדת שמיניה,תנובה בעמ ***,,,"י""ח",1.20,ליטר,false,1,20.90,17.42,false,1,
7290004136857,false,מעדן ג לי בטעם פטל,תנובה בעמ ***,,,"י""ח",1.25,"ל 100 מ""ל",false,1,2.30,1.84,false,1,
7290004136871,false,מעדן ג לי בטעם אפרסק,תנובה בעמ ***,,,"י""ח",1.25,"ל 100 מ""ל",false,1,2.60,2.08,false,1,
7290004137021,false,שמנת לבישול תנובה 250 מייל,תנובה בעמ ***,,,"י""ח",2.50,"ל 100 מ""ל",false,1,8.20,3.28,false,1,
7290004137311,false,עמק לייט %9משפחתית 400גר,תנובה בעמ ***,,,"י""ח",4,ל 100 גרם,false,1,30.90,7.73,true,1,
7290004146986,false,שמפו נקה -7 לשיער צבוע,החב הדרומית לשיווק,,,"י""ח",7.50,"ל 100 מ""ל",false,1,11.90,1.59,false,1,
7290004199777,false,צימרוני אוזניים פל.בכוס,אינטרסן (1996) בעמ,,,"י""ח",1,,false,1,7.90,7.90,true,1,
7290004219284,false,אנשובי עגול צנצנת,ג.וילי פוד אינטרנשיונל בעמ,,,"י""ח",1.60,ל 100 גרם,false,1,10.90,6.81,false,1,
7290004219826,false,מלבין קפה הולנדי קומלטה,ג.וילי פוד אינטרנשיונל בעמ,,,"י""ח",4,ל 100 גרם,false,1,19.90,4.98,false,1,
7290004263652,false,נקניקיות  עוף(עטרה) 400ג,נטו מלינדה סחר בעמ,,,"י""ח",4,ל 100 גרם,false,1,8.90,2.23,true,1,
7290004263935,false,בשר מכסה הצלע מס 7 עטרה .מעו,נטו מלינדה סחר בעמ,,,"ק""ג",1,"ק""ג",true,1,39.90,39.90,false,1,
7290004267124,false,עוגיות ממולאות תות 200  ג`ברמן,ח.כהן סוכנות מזון ומשקאות בע,,,"י""ח",2,ל 100 גרם,false,1,5.90,2.95,false,1,
7290004492762,false,נשנשים תירס 325 גרם,יוניליוור ישראל שיווק בעמ,,,"י""ח",3.25,ל 100 גרם,false,1,11.90,3.66,true,1,
7290004584306,false,סופר גמדים,שטראוס גרופ ***בעמ,,,"י""ח",4,"ל 100 מ""ל",false,1,10.90,2.73,true,1,
7290004584351,false,סימפוניה החמישית 200 ג,שטראוס גרופ ***בעמ,,,"י""ח",2,ל 100 גרם,false,1,10.90,5.45,true,1,
7290004584528,false,דנונה ביו 1.7% שומן,שטראוס גרופ ***בעמ,,,"י""ח",2,"ל 100 מ""ל",false,1,3.50,1.75,true,1,
7290004585907,false,דני וניל,שטראוס גרופ ***בעמ,,,"י""ח",1.30,"ל 100 מ""ל",false,1,2.60,2,true,1,
7290004731083,false,אל סבון כיף 1 ליטר,החב הדרומית לשיווק,,,"י""ח",1,ליטר,false,1,13.90,13.90,false,1,
7290004731472,false,כיף אלסבון שלישייה,החב הדרומית לשיווק,,,"י""ח",1.50,ליטר,false,1,20.90,13.93,false,1,
7290004731519,false,תרסיס מקסימה סנסטיב ורוד למייבש כביסה,החב הדרומית לשיווק,,,"י""ח",7.50,"ל 100 מ""ל",false,1,17.90,2.39,true,1,
7290004731557,false,תרסיס מקסימה מאסק למייבש כביסה,החב הדרומית לשיווק,,,"י""ח",7.50,"ל 100 מ""ל",false,1,17.90,2.39,true,1,
7290004731670,false,דאופרש מטהר אוויר,החב הדרומית לשיווק,,,"י""ח",3,"ל 100 מ""ל",false,1,9.90,3.30,false,1,
7290004737719,false,אספרגוס שלם מקולף בצנצת 330ג,ג.וילי פוד אינטרנשיונל בעמ,,,"י""ח",3.30,ל 100 גרם,false,1,10.90,3.30,false,1,
7290004737900,false,חלב מרוכז ממותק ויליפוד,ג.וילי פוד אינטרנשיונל בעמ,,,"י""ח",3.97,ל 100 גרם,false,1,9.90,2.49,false,1,
7290004944032,false,חומוס אסלי 400 ג,סלטי שמיר2006בעמ,,,"י""ח",4,ל 100 גרם,false,1,9.90,2.48,true,1,
7290004944049,false,טחינה 400 ג אסלי,סלטי שמיר2006בעמ,,,"י""ח",4,ל 100 גרם,false,1,9.90,2.48,true,1,
7290004944056,false,חציל במיונז אסלי 400ג,סלטי שמיר2006בעמ,,,"י""ח",4,ל 100 גרם,false,1,9.90,2.48,true,1,
7290004944063,false,סלט טורקי 400 ג,סלטי שמיר2006בעמ,,,"י""ח",4,ל 100 גרם,false,1,10.90,2.73,true,1,
7290005008481,false,##ספיד סטיק לגבר ג`ל כחול,ש.שסטוביץ בעמ,,,"י""ח",0.85,ל 100 גרם,false,1,15.90,18.71,true,1,
7290005068058,false,תירס קל פרי גליל A2,ויטה- פרי גליל (החדשה) בעמ,,,"י""ח",5.50,ל 100 גרם,false,1,7.90,1.44,false,1,
7290005174513,false,סלט חציל במיונז אחלה 500גרם,שטראוס גרופ ***בעמ,,,"י""ח",5,ל 100 גרם,false,1,14.90,2.98,true,1,
7290005174551,false,חומוס יום יום אחלה,שטראוס גרופ ***בעמ,,,"י""ח",1.25,ל 100 גרם,false,1,4.70,3.76,true,1,
7290005174568,false,חצילים יום יום,שטראוס גרופ ***בעמ,,,"י""ח",1.25,ל 100 גרם,false,1,4.70,3.76,true,1,
7290005174575,false,טחינה יום יום,שטראוס גרופ ***בעמ,,,"י""ח",1.25,ל 100 גרם,false,1,4.70,3.76,true,1,
7290005175428,false,קמח תירס אינסטנד,ג.וילי פוד אינטרנשיונל בעמ,,,"י""ח",5,ל 100 גרם,false,1,5.90,1.18,false,1,
7290005175589,false,"קמח תירס 1 ק""ג",ג.וילי פוד אינטרנשיונל בעמ,,,"י""ח",1,"ק""ג",false,1,9.90,9.90,false,1,
7290005197758,false,חיוכים שוקו  150במגש,שטראוס גרופ בעמ,,,"י""ח",1.50,ל 100 גרם,false,1,4.90,3.27,true,1,
7290005200786,false,תפוצ יפס שמנת ובצל,שטראוס פריטו ליי בעמ,,,"י""ח",0.50,ל 100 גרם,false,1,4.50,9,true,1,
7290005201882,false,קפה טורקי שקית 200 עלית,שטראוס גרופ בעמ,,,"י""ח",2,ל 100 גרם,false,1,17.90,8.95,true,1,
7290005287206,false,טונה סטארקיסט  בשמן 160גרם רבעייה,דיפלומט מפיצים (1968) בעמ**,,,"י""ח",6.40,ל 100 גרם,false,1,26.90,4.20,true,1,
7290005287251,false,~טונה סטארקיסט  במים רביעייה,דיפלומט מפיצים (1968) בעמ**,,,"י""ח",6.40,ל 100 גרם,false,1,26.90,4.20,true,1,
7290005287657,false,ממרח טונה סטארקיסט 160ג,דיפלומט מפיצים (1968) בעמ**,,,"י""ח",1.60,ל 100 גרם,false,1,6.50,4.06,true,1,
7290005317200,false,קרקר טופז רגיל 110גר הדר,ח.כהן סוכנות מזון ומשקאות בע,,,"י""ח",1.10,ל 100 גרם,false,1,2.90,2.64,true,1,
7290005418716,false,לחות לשיער-תלתלים ברגע,החב הדרומית לשיווק,,,"י""ח",4,"ל 100 מ""ל",false,1,20.90,5.23,false,1,
7290005423253,false,תרסיס מקסימה כחול אולטרה למייבש כביסה,החב הדרומית לשיווק,,,"י""ח",7.50,"ל 100 מ""ל",false,1,17.90,2.39,true,1,
7290005423499,false,סנו נירוסטה,החב הדרומית לשיווק,,,"י""ח",4.76,"ל 100 מ""ל",false,1,18.90,3.97,false,1,
7290005423567,false,מטליות בגליל סושי,החב הדרומית לשיווק,,,"י""ח",1,,false,1,18.90,18.90,false,1,
7290005423635,false,ריצפז דוחה חרקים 2 ליטר,החב הדרומית לשיווק,,,"י""ח",2,ליטר,false,1,19.90,9.95,false,1,
7290005423734,false,מקסימה מרכך 4 ל  אולטרא,החב הדרומית לשיווק,,,"י""ח",4,ליטר,false,1,21.90,5.48,false,1,
7290005423833,false,פוליויקס פרקט 2 ליטר,החב הדרומית לשיווק,,,"י""ח",2,ליטר,false,1,19.90,9.95,false,1,
7290005423871,false,אורביטול שלישיה סודה,החב הדרומית לשיווק,,,"י""ח",4.35,ל 100 גרם,false,1,16.50,3.79,false,1,
7290005423918,false,מרכך כביסה מקסימה  ירוק 4 ליטר,החב הדרומית לשיווק,,,"י""ח",4,ליטר,false,1,21.90,5.48,false,1,
7290005424311,false,סנו Kרב קוטל 500מייל,החב הדרומית לשיווק,,,"י""ח",5,"ל 100 מ""ל",false,1,24.90,4.98,false,1,
7290005424403,false,אל סבון כיף 1 ליטר,החב הדרומית לשיווק,,,"י""ח",1,ליטר,false,1,13.90,13.90,false,1,
7290005424700,false,מסיר שומנים קר סנו פורטה 1ל,החב הדרומית לשיווק,,,"י""ח",1,ליטר,false,1,16.90,16.90,false,1,
7290005424762,false,ריצפז ווקס דוחה חרקים 2 ליטר,החב הדרומית לשיווק,,,"י""ח",2,ליטר,false,1,25.90,12.95,false,1,
7290005424847,false,סנו סופט 150 מפיות לבן.,החב הדרומית לשיווק,,,"י""ח",150,"י""ח",false,1,7.90,0.05,false,1,
7290005425646,false,סנו קליר אקדח 1ליטר,החב הדרומית לשיווק,,,"י""ח",1,ליטר,false,1,9.90,9.90,false,1,
7290005426568,false,לחות לשיער קרמה-רגיל,החב הדרומית לשיווק,,,"י""ח",4,"ל 100 מ""ל",false,1,16.90,4.23,false,1,
7290005426803,false,סנו מקסימה מרכך 4 ליטר,החב הדרומית לשיווק,,,"י""ח",4,ליטר,false,1,21.90,5.48,false,1,
7290005426964,false,סנובון שלישייה כחול אפרסק,החב הדרומית לשיווק,,,"י""ח",1.65,ל 100 גרם,false,1,14.90,9.03,true,1,
7290005426971,false,סנובון שלישייה כחול תפוח,החב הדרומית לשיווק,,,"י""ח",1.65,ל 100 גרם,false,1,14.90,9.03,true,1,
7290005427107,false,מגבות   הפלא}סנו{שישייה,החב הדרומית לשיווק,,,"י""ח",5.70,ל 100 גרם,false,1,13.90,2.44,true,1,
7290005427121,false,סנו מגבות הפלא 12 גלילים,החב הדרומית לשיווק,,,"י""ח",12,"י""ח",false,1,24.90,2.08,false,1,
7290005427633,false,"כיף ג ל לשיער חזק 1 ק""ג",החב הדרומית לשיווק,,,"י""ח",1,"ק""ג",false,1,19.90,19.90,false,1,
7290005427947,false,"קרמה ק.גוף פסיפלורה 500 מ""ל",החב הדרומית לשיווק,,,"י""ח",5,"ל 100 מ""ל",false,1,24.90,4.98,false,1,
7290005428852,false,ממחטות   צבעוני סופט חמישייה,החב הדרומית לשיווק,,,"י""ח",6.50,ל 100 גרם,false,1,13.90,2.14,false,1,
7290005429279,false,"סנו מקסימה אפקט זאוול  6 ק""ג.",החב הדרומית לשיווק,,,"י""ח",6,"ק""ג",false,1,45.90,7.65,false,1,
7290005429286,false,סנו מקסימה קומפקט ביו 6,החב הדרומית לשיווק,,,"י""ח",6,"ק""ג",false,1,45.90,7.65,false,1,
7290005430602,false,סנו אוקסיגאן מסיר בתרסיס מרסס,החב הדרומית לשיווק,,,"י""ח",7.50,"ל 100 מ""ל",false,1,17.70,2.36,false,1,
7290005509445,false,מיני קוקיס בטעם חמאה 600 ג`,כרמית תעשיות ממתקים בעמ,,,"י""ח",6,"100 ס""מ",false,1,16.90,2.82,false,1,
7290005559587,false,נקניקיות בבצק]מעדנות[,תנובה בשר,,,"י""ח",8,ל 100 גרם,false,1,28.90,3.61,false,1,
7290005559914,false,"פיצה משפחתית זיתים 550ג""ר מעדנות",תנובה בשר,,,"י""ח",5.50,ל 100 גרם,false,1,19.90,3.62,true,1,
7290005591761,false,דבש טהור מפרחי בר לחיץ 400גר יד מרדכי,שטראוס גרופ בעמ,,,"י""ח",4,ל 100 גרם,false,1,24.90,6.23,true,1,
7290005651427,false,בונזו מעדן 415גר.,דיפלומט מפיצים (1968) בעמ**,,,"י""ח",1.24,"ק""ג",false,1,17.90,14.44,false,1,
7290005838002,false,דניאלה בטעם יוגורט וניל,שטראוס גרופ ***בעמ,,,"י""ח",1.50,"ל 100 מ""ל",false,1,3.90,2.60,true,1,
7290005838613,false,סקי וניל 3%,שטראוס גרופ ***בעמ,,,"י""ח",1.25,ל 100 גרם,false,1,3.80,3.04,true,1,
7290005839078,false,מארז שמיניה  ביו 3% 150גר,שטראוס גרופ ***בעמ,,,"י""ח",1.20,ליטר,false,1,15.90,13.25,true,1,
7290005839108,false,סימפוניה עם זיתים 5%,שטראוס גרופ ***בעמ,,,"י""ח",2,ל 100 גרם,false,1,10.90,5.45,true,1,
7290005839313,false,מילקי טופ שטראוס,שטראוס גרופ ***בעמ,,,"י""ח",1.30,"ל 100 מ""ל",false,1,4.60,3.54,true,1,
7290005896415,false,בירה איגל פחית 500מייל,טמפו משקאות בעמ,,,"י""ח",5,"ל 100 מ""ל",false,1,6.20,1.18,false,1,
7290005896460,false,"בירה איגל פחית חזקה 7.8% 500מ""ל",טמפו משקאות בעמ,,,"י""ח",3.30,"ל 100 מ""ל",false,1,6.70,1.94,false,1,
7290005992018,false,יוגורט עיזים 500 בבקבוק.,מחלבות גד,,,"י""ח",5,"ל 100 מ""ל",false,1,12.90,2.58,false,1,
7290005992247,false,חלומי מוסדי,מחלבות גד,,,"ק""ג",1,,true,1,93.80,93.80,false,1,
7290005992575,false,בולגרית  למריחה 5% גד 250 ג,מחלבות גד,,,"י""ח",2.50,ל 100 גרם,false,1,13.90,5.56,false,1,
7290005992735,false,לבנה 250 ג גד,מחלבות גד,,,"י""ח",2.50,ל 100 גרם,false,1,11.90,4.76,false,1,
7290006185501,false,סבון נוזל ורוד פנינה 1 ליטר,פנינה רוזנבלום בעמ,,,"י""ח",1,ליטר,false,1,10.90,10.90,true,1,
7290006185518,false,סבון נוזלי כחול פנינה 1 ליטר,פנינה רוזנבלום בעמ,,,"י""ח",1,ליטר,false,1,10.90,10.90,true,1,
7290006229427,false,שישית מים סן בנדטו 500,טמפו משקאות בעמ,,,"י""ח",3,ליטר,false,1,11.90,3.97,false,1,
7290006229588,false,"בירה איגל פחית זהב 500מ""ל",טמפו משקאות בעמ,,,"י""ח",3.30,"ל 100 מ""ל",false,1,6.20,1.79,false,1,
7290006241191,false,אגוז מלך שקית 150 גרם,ליימן שליסל,,,"י""ח",1.50,ל 100 גרם,false,1,17.90,11.93,false,1,
7290006251374,false,תה ירוק לימונית וג נג ר,תה ויסוצקי (ישראל)בעמ,,,"י""ח",0.25,ל 100 גרם,false,1,24.90,99.60,true,1,
7290006251589,false,תה ירוק נענע 50 יח,תה ויסוצקי (ישראל)בעמ,,,"י""ח",0.75,ל 100 גרם,false,1,45.90,61.20,true,1,
7290006256089,false,גאטו נגרו קברנה סובניון,היכל היין שקד גולן בעמ,,,"י""ח",7.50,"ל 100 מ""ל",false,1,39.90,5.28,true,1,
7290006256102,false,"גאטו נגרו מרלו 750מ""ל",היכל היין שקד גולן בעמ,,,"י""ח",7.50,"ל 100 מ""ל",false,1,39.90,5.28,true,1,
7290006265500,false,פטריות שמפיניון,ביכורי השדה צפון 1994 ג.ד. בעמ,,,"י""ח",1,,false,1,10.90,10.90,true,1,
7290006271181,false,ג חנון מעדנות אפוי למיקרוגל 750 ג,תנובה בשר,,,"י""ח",7.50,ל 100 גרם,false,1,21.90,2.92,false,1,
7290006271648,false,"מיני בורקס תפו""א",תנובה בשר,,,"י""ח",6.50,ל 100 גרם,false,1,21.90,3.37,false,1,
7290006271655,false,מיני בורקס גבינה,תנובה בשר,,,"י""ח",8,ל 100 גרם,false,1,24.90,3.11,false,1,
7290006272072,false,חטיפי פיצה מעדנות.,תנובה בשר,,,"י""ח",6.50,ל 100 גרם,false,1,22.90,3.52,false,1,
7290006272430,false,בצק עלים חמאה,תנובה בשר,,,"י""ח",6,ל 100 גרם,false,1,27.90,4.65,false,1,
7290006306302,false,רביולי  גבינה פסטה נונה,מחלבות גד,,,"י""ח",4,ל 100 גרם,false,1,19.90,4.98,false,1,
7290006306319,false,רביולי בטטה פסטה נונה,מחלבות גד,,,"י""ח",4,ל 100 גרם,false,1,19.90,4.98,false,1,
7290006374738,false,קונפיטורה תות יד מרדכי בטעם תות,שטראוס גרופ בעמ,,,"י""ח",3.40,ל 100 גרם,false,1,13.60,4,true,1,
7290006492616,false,בולגרית פרוסות 5% גד 250 ג`,מחלבות גד,,,"י""ח",2.50,ל 100 גרם,false,1,25.20,10.08,false,1,
7290006492630,false,גדעזים גליל 180 ג גד,מחלבות גד,,,"י""ח",1,,false,1,21.90,21.90,false,1,
7290006492852,false,גבינה לבנה 5% עזים,מחלבות גד,,,"י""ח",1,,false,1,15.90,15.90,false,1,
7290006492913,false,לבנה ציזקי 250 גרם,מחלבות גד,,,"י""ח",2.50,ל 100 גרם,false,1,12.90,5.16,false,1,
7290006494924,false,מרמולייט וופל לימון 180,דנשר (1963) בעמ,,,"י""ח",1.80,ל 100 גרם,false,1,7.80,4.33,false,1,
7290006511157,false,"פטריות שלם 400 ג  בד""ץ",ג.וילי פוד אינטרנשיונל בעמ,,,"י""ח",4,ל 100 גרם,false,1,7.90,1.98,true,1,
7290006511751,false,פטריות חתוך 290 גרם *שלישיה,ג.וילי פוד אינטרנשיונל בעמ,,,"י""ח",8.70,ל 100 גרם,false,1,11.90,1.37,false,1,
7290006546524,false,צ יפס מובחר 800,נטו מלינדה סחר בעמ,,,"י""ח",8,ל 100 גרם,false,1,14.90,1.86,false,1,
7290006550972,false,"טחון בקר עטרה 1 ק""ג",נטו מלינדה סחר בעמ,,,"י""ח",1,"ק""ג",false,1,29.90,29.90,false,1,
7290006618078,false,אסטוניש מרסס לניקוי 750 יעקבי,יעקב יעקבי ובניו בעמ,,,"י""ח",7.50,"ל 100 מ""ל",false,1,11.90,1.59,true,1,
7290006618146,false,הפי נוזל להדלקת פחמים,יעקב יעקבי ובניו בעמ,,,"י""ח",1,,false,1,10.90,10.90,false,1,
7290006640635,false,מכשירי כתיבה 704,צבע ומכחול (2014) בעמ,,,"י""ח",1,,false,1,4.90,4.90,false,1,
7290006640772,false,מכשירי כתיבה 722,צבע ומכחול (2014) בעמ,,,"י""ח",1,,false,1,11.90,11.90,false,1,
7290006640826,false,מכשירי כתיבה 727,צבע ומכחול (2014) בעמ,,,"י""ח",1,,false,1,7.50,7.50,false,1,
7290006644480,false,תפוזינה תפוז 0.5 ליטר,יפאורה שותפות מוגבלת לשיווק,,,"י""ח",5,"ל 100 מ""ל",false,1,5.90,1.12,true,1,
7290006652027,false,במבה מארז מולטיפק  *20יח,קבוצת אוסם סחר-שות.מוגבלת,,,"י""ח",3,ל 100 גרם,false,1,23.90,7.97,true,1,
7290006664037,false,גמדים ארוחת בוקר,שטראוס גרופ ***בעמ,,,"י""ח",4,"ל 100 מ""ל",false,1,10.90,2.73,true,1,
7290006664051,false,אקטימל מארז משפ 14 יח טבעי,שטראוס גרופ ***בעמ,,,"י""ח",1.40,ליטר,false,1,29.90,21.36,true,1,
7290006664402,false,גבינת סקי 5% 750  ג*,שטראוס גרופ ***בעמ,,,"י""ח",7.50,ל 100 גרם,false,1,13.60,1.81,true,1,
7290006664532,false,דנונה תות 3%,שטראוס גרופ ***בעמ,,,"י""ח",1.50,"ל 100 מ""ל",false,1,3.50,2.33,true,1,
7290006664655,false,אקטימל שמיניה טבעי,שטראוס גרופ ***בעמ,,,"י""ח",8,"ל 100 מ""ל",false,1,19.90,2.49,true,1,
7290006664693,false,דנונה אפרסק 3%,שטראוס גרופ ***בעמ,,,"י""ח",1.50,"ל 100 מ""ל",false,1,3.50,2.33,true,1,
7290006664990,false,~מארז שמינייה ביו 1.5% 150גר,שטראוס גרופ ***בעמ,,,"י""ח",1.20,ליטר,false,1,15.90,13.25,true,1,
7290006681553,false,קרמבו וניל ]8 שטראוס[,גלידות שטראוס בעמ,,,"י""ח",8,"י""ח",false,1,15.90,1.99,false,1,
7290006712981,false,"משחת שיניים  ילדים ספיידרמן 50מ""ל",ש.שסטוביץ בעמ,,,"י""ח",0.50,ל 100 גרם,false,1,11.90,23.80,false,1,
7290006739346,false,נקניקיות פרגיות זוגלובק,זוגלובק שיווק בעמ,,,"י""ח",4,ל 100 גרם,false,1,18.90,4.73,true,1,
7290006739414,false,סלמי קוניאק 300גר`,זוגלובק שיווק בעמ,,,"י""ח",3.50,"י""ח",false,1,26.90,7.69,false,1,
7290006741387,false,מלאווח תימני 700 גרם זוגלובק,זוגלובק שיווק בעמ,,,"י""ח",7,ל 100 גרם,false,1,16.90,2.41,true,1,
7290006742162,false,המבורגר מזרחי,זוגלובק שיווק בעמ,,,"י""ח",4,ל 100 גרם,false,1,21.90,5.48,true,1,
7290006742179,false,קבב מזרחי,זוגלובק שיווק בעמ,,,"י""ח",4,ל 100 גרם,false,1,21.90,5.48,true,1,
7290006764096,false,איגל בקבוק חוזר 500 מייל,טמפו משקאות בעמ,,,"י""ח",5,"ל 100 מ""ל",false,1,5.10,0.78,true,1,
7290006770561,false,לקט לקוסקוס,ויטה- פרי גליל (החדשה) בעמ,,,"י""ח",8,ל 100 גרם,false,1,14.90,1.86,false,1,
7290006775016,false,עוגת תפוז ]450אחוה[,אחדות בעמ,,,"י""ח",4.50,ל 100 גרם,false,1,9.90,2.20,false,1,
7290006775023,false,עוגת אנגלית-אחווה,אחדות בעמ,,,"י""ח",4.50,ל 100 גרם,false,1,9.90,2.20,false,1,
7290006775047,false,עוגת שוקולד]אחוה[,אחדות בעמ,,,"י""ח",4.50,ל 100 גרם,false,1,9.90,2.20,false,1,
7290006775054,false,עוגת שיש]אחווה[.,אחדות בעמ,,,"י""ח",4.50,ל 100 גרם,false,1,9.90,2.20,false,1,
7290006775085,false,עוגת שמרים (400 אחוה).,אחדות בעמ,,,"י""ח",4,ל 100 גרם,false,1,10.90,2.73,false,1,
7290006775337,false,עוגת שמרים 400 גרם,אחדות בעמ,,,"י""ח",4,ל 100 גרם,false,1,10.90,2.73,false,1,
7290006775344,false,עוגת שמרים במילוי קרם קינמון 400 גרם,אחדות בעמ,,,"י""ח",4,ל 100 גרם,false,1,10.90,2.73,false,1,
7290006775764,false,עוגה שוקוציפס ללא סוכר,אחדות בעמ,,,"י""ח",4,ל 100 גרם,false,1,11.90,2.98,false,1,
7290006785633,false,שקית 10 מיטלי,שמחה זה אנחנו,,,"י""ח",1,,false,1,5,5,false,1,
7290006788375,false,דאו סטיק  נושם 5 קרליין.,החב הדרומית לשיווק,,,"י""ח",0.50,ל 100 גרם,false,1,14.90,29.80,false,1,
7290006788399,false,רולאון נושם לבן פ.דיל 1 קרליין,החב הדרומית לשיווק,,,"י""ח",0.75,ל 100 גרם,false,1,11.90,15.87,false,1,
7290006788429,false,רולאון נושם כתום פ. דיל,החב הדרומית לשיווק,,,"י""ח",0.75,ל 100 גרם,false,1,11.90,15.87,false,1,
7290006788443,false,רולאון נושם סגול,החב הדרומית לשיווק,,,"י""ח",1,"י""ח",false,1,11.90,11.90,false,1,
7290006788474,false,קרליין-דאו ספריי נושם  מס3.,החב הדרומית לשיווק,,,"י""ח",0.75,ל 100 גרם,false,1,11.90,15.87,false,1,
7290006804877,false,מארז 10 יח מיני פיתות פילסברי,ג נרל מילס ישראל בעמ,,,"י""ח",1,,false,1,10.90,10.90,false,1,
7290006806963,false,חלה מתוקה קלועה אפויה(אפיה מקומית),ג נרל מילס ישראל בעמ,,,"י""ח",5.70,ל 100 גרם,false,1,10.90,1.91,true,1,
7290006920836,false,הצהובה הטובה מעושן פרוס 350 גרם,צ.י.תעשיות מזון יבנה בעמ,,,"י""ח",3.50,ל 100 גרם,false,1,15.80,4.51,false,1,
7290006983152,false,קרוטונים מתובלים אוסם,קבוצת אוסם סחר-שות.מוגבלת,,,"י""ח",4,ל 100 גרם,false,1,19.90,4.98,false,1,
7290006983770,false,עוגת הבית שיש,קבוצת אוסם סחר-שות.מוגבלת,,,"י""ח",4,ל 100 גרם,false,1,11.90,2.98,false,1,
7290006983787,false,עוגת בית שוקו צ יפס,קבוצת אוסם סחר-שות.מוגבלת,,,"י""ח",4,ל 100 גרם,false,1,11.90,2.98,false,1,
7290006983794,false,עוגת בית תפוז.,קבוצת אוסם סחר-שות.מוגבלת,,,"י""ח",4,ל 100 גרם,false,1,11.90,2.98,false,1,
7290006992161,false,דייסלה קרונפלור מטרנה,קבוצת אוסם סחר-שות.מוגבלת,,,"י""ח",2,ל 100 גרם,false,1,12.90,6.45,false,1,
7290006992185,false,דייסלה אורז מטרנה,קבוצת אוסם סחר-שות.מוגבלת,,,"י""ח",2,ל 100 גרם,false,1,12.90,6.45,false,1,
7290006992208,false,דייסלה דגנים מעורבים מטרנה,קבוצת אוסם סחר-שות.מוגבלת,,,"י""ח",2,ל 100 גרם,false,1,12.90,6.45,false,1,
7290006992390,false,דייסת וניל מטרנה  200 גרם,קבוצת אוסם סחר-שות.מוגבלת,,,"י""ח",2,ל 100 גרם,false,1,12.90,6.45,false,1,
7290008000826,false,משחת שיניים ברבי,גורי ע.ע.ע. בעמ,,,"י""ח",0.50,ל 100 גרם,false,1,10.90,21.80,false,1,
7290008023542,false,שמפו רצפות 4 ליטר מרענן,יוניליוור ישראל שיווק בעמ,,,"י""ח",4,ליטר,false,1,16.90,4.23,false,1,
7290008116541,false,ליסטרין קול מינט 500,שקד תבל בעמ,,,"י""ח",5,"ל 100 מ""ל",false,1,17.90,3.58,true,1,
7290008116565,false,ליסטרין פרש ברט 500,שקד תבל בעמ,,,"י""ח",5,"ל 100 מ""ל",false,1,17.90,3.58,true,1,
7290008116862,false,"בלנאום הרמל 500 מ""ל",שקד תבל בעמ,,,"י""ח",2,"ל 100 מ""ל",false,1,69.90,34.95,false,1,
7290008116886,false,"בלנאום הרמל אף 500 מ""ל",שקד תבל בעמ,,,"י""ח",5,"ל 100 מ""ל",false,1,69.90,13.98,false,1,
7290008154222,false,שניצלונים]עוף  טוב[,קבוצת אוסם סחר-שות.מוגבלת,,,"י""ח",7,ל 100 גרם,false,1,14.90,2.13,false,1,
7290008175173,false,חמאה וואליו  200גר ללא תוספת מלח.,ג.וילי פוד אינטרנשיונל בעמ,,,"י""ח",2,ל 100 גרם,false,1,10.90,5.45,false,1,
7290008175692,false,אטריות להקפצה נודלס 400,ג.וילי פוד אינטרנשיונל בעמ,,,"י""ח",4,ל 100 גרם,false,1,7.90,1.98,false,1,
7290008190633,false,לקקן תות 110 יחידות,כרמית תעשיות ממתקים בעמ,,,"י""ח",1.10,ל 100 גרם,false,1,34.90,31.73,false,1,
7290008190909,false,מיני קוקיס-שוקו   צ יפס 600גר,כרמית תעשיות ממתקים בעמ,,,"י""ח",6,ל 100 גרם,false,1,16.90,2.82,false,1,
7290008190985,false,לקקן גלידה 50 יח,כרמית תעשיות ממתקים בעמ,,,"י""ח",5,ל 100 גרם,false,1,16.90,3.38,true,1,
7290008330107,false,בדין 4 ליטר בריח אביב.,יוניליוור ישראל שיווק בעמ,,,"י""ח",4,ליטר,false,1,19.90,4.98,false,1,
7290008333115,false,"ג""לטין  ווילגר  28 ג",נטו מלינדה סחר בעמ,,,"י""ח",0.28,ל 100 גרם,false,1,9.50,33.93,false,1,
7290008335539,false,פלימני בשר 600,נטו מלינדה סחר בעמ,,,"י""ח",6,ל 100 גרם,false,1,13.90,2.32,false,1,
7290008343466,false,בצק פילו 500 גרם,נטו מלינדה סחר בעמ,,,"י""ח",5,ל 100 גרם,false,1,21.90,4.38,true,1,
7290008343503,false,ג חנון אפוי 650 ג,נטו מלינדה סחר בעמ,,,"י""ח",6.50,ל 100 גרם,false,1,21.90,3.37,true,1,
7290008343558,false,"סיגרים בשר 1 ק""ג",נטו מלינדה סחר בעמ,,,"י""ח",1,"ק""ג",false,1,21.90,21.90,false,1,
7290008343565,false,"סיגרים תפו""א 1 ק""ג",נטו מלינדה סחר בעמ,,,"י""ח",1,"ק""ג",false,1,21.90,21.90,false,1,
7290008343626,false,"פלאפל 1 ק""ג",נטו מלינדה סחר בעמ,,,"י""ח",1,"ק""ג",false,1,21.90,21.90,false,1,
7290008344258,false,המבורגר מזרחיטיוון וויל,נטו מלינדה סחר בעמ,,,"י""ח",4,ל 100 גרם,false,1,20.90,5.23,true,1,
7290008344272,false,המבורגר טיבון וויל,נטו מלינדה סחר בעמ,,,"י""ח",4,ל 100 גרם,false,1,17.90,4.48,true,1,
7290008345576,false,איקרא ביתית לבנה 300,נטו מלינדה סחר בעמ,,,"י""ח",3,ל 100 גרם,false,1,21.90,7.30,false,1,
7290008345583,false,איקרא ביתית ורוד 300גר,נטו מלינדה סחר בעמ,,,"י""ח",3,ל 100 גרם,false,1,21.90,7.30,false,1,
7290008409100,false,אצבעות שניצל שומשום,תנובה בשר,,,"י""ח",6,ל 100 גרם,false,1,34.90,5.82,false,1,
7290008409124,false,שניצל ג ונגל 700 גרם,תנובה בשר,,,"י""ח",7,ל 100 גרם,false,1,34.90,4.99,false,1,
7290008409544,false,שניצל עוף אמיתי בציפוי פריך,תנובה בשר,,,"י""ח",7,ל 100 גרם,false,1,39.90,5.70,false,1,
7290008409568,false,מאמא עוף בציפוי שבבי ציפס,תנובה בשר,,,"י""ח",7,ל 100 גרם,false,1,39.90,5.70,false,1,
7290008409582,false,שניצל אמיתי }700מאמא עוף{,תנובה בשר,,,"י""ח",7,ל 100 גרם,false,1,39.90,5.70,false,1,
7290008415514,false,חומוס עם חריף,קבוצת אוסם סחר-שות.מוגבלת,,,"י""ח",1.50,ל 100 גרם,false,1,5.20,3.47,false,1,
7290008443616,false,מרכך נקה 7 מייצב יבש אדום,החב הדרומית לשיווק,,,"י""ח",7.50,"ל 100 מ""ל",false,1,11.90,1.59,false,1,
7290008443647,false,מרכך נקה 7 מייצב מתולתל סגול,החב הדרומית לשיווק,,,"י""ח",7.50,"ל 100 מ""ל",false,1,11.90,1.59,false,1,
7290008462204,false,חרדל דיג ון,א. סיימן סחר בעמ,,,"י""ח",3.80,ל 100 גרם,false,1,15.90,4.18,true,1,
7290008462259,false,חרדל גרגירים 380 גרם,א. סיימן סחר בעמ,,,"י""ח",3.80,ל 100 גרם,false,1,18.90,4.97,true,1,
7290008464345,false,גולדסטאר בקבוק 330,טמפו משקאות בעמ,,,"י""ח",3.30,"ל 100 מ""ל",false,1,7.20,2.09,false,1,
7290008464390,false,סבן אפ דיאט 330,טמפו משקאות בעמ,,,"י""ח",3.30,"ל 100 מ""ל",false,1,3.90,1.09,true,1,
7290008464604,false,היינקן בירה  500 פחית,טמפו משקאות בעמ,,,"י""ח",5,"ל 100 מ""ל",false,1,9.90,1.92,false,1,
7290008466660,false,מארז רוגעלך 500ג מחנה יהודה,הלל בן הלל שיווק ומסחר בעמ,,,"י""ח",5,ל 100 גרם,false,1,17.90,3.58,true,1,
7290008466813,false,מארז עוגיות  קינמון 500ג מחנה יהודה,הלל בן הלל שיווק ומסחר בעמ,,,"י""ח",5,ל 100 גרם,false,1,17.90,3.58,true,1,
7290008482530,false,אבקה להכנת פנקייק 400 ג,נאמן לאורך זמן בעמ,,,"י""ח",4,ל 100 גרם,false,1,12.90,3.23,false,1,
7290008636209,false,כרכום 300 גרם,מיה תעשיות מזון מ.ת.מ בעמ,,,"י""ח",3,ל 100 גרם,false,1,19.60,6.53,false,1,
7290008636926,false,קקאו הולנדי 500 ג מיה,מיה תעשיות מזון מ.ת.מ בעמ,,,"י""ח",5,ל 100 גרם,false,1,13.90,2.78,false,1,
7290008644112,false,מטבוחה יום יום,שטראוס גרופ ***בעמ,,,"י""ח",1.25,ל 100 גרם,false,1,4.70,3.76,true,1,
7290008690713,false,אושן ספריי חמוציות 1ליטר,החברה המרכזית להפצת משקאות בעמ,,,"י""ח",1,ליטר,false,1,11.50,11.50,false,1,
7290008693134,false,דניאלה תות,שטראוס גרופ ***בעמ,,,"י""ח",1.50,"ל 100 מ""ל",false,1,3.90,2.60,true,1,
7290008713900,false,לחם רוסי שיפון עגול 750גר`,שלמה א.אנג ל בעמ,,,"י""ח",7.50,ל 100 גרם,false,1,12.90,1.72,false,1,
7290008745239,false,תפוצ יפס אקסטרא 55 גרם,שטראוס פריטו ליי בעמ,,,"י""ח",0.55,ל 100 גרם,false,1,4.50,8.18,true,1,
7290008750264,false,MUST דובדבן,שטראוס גרופ בעמ,,,"י""ח",0.28,ל 100 גרם,false,1,4.30,15.36,true,1,
7290008751902,false,"קפה שחור קלוי 1 ק""ג  ואקום עלית",שטראוס גרופ בעמ,,,"י""ח",1,"ק""ג",false,1,49.90,49.90,true,1,
7290008753111,false,תפוצ יפס מקסיקני 50 גרם,שטראוס פריטו ליי בעמ,,,"י""ח",0.50,ל 100 גרם,false,1,4.50,9,true,1,
7290008757034,false,"שוופס סודה 250 מ""ל",יפאורה שותפות מוגבלת לשיווק,,,"י""ח",2.50,"ל 100 מ""ל",false,1,3.50,1.28,true,1,
7290008757980,false,ספרינג רימונים קרטונית,יפאורה שותפות מוגבלת לשיווק,,,"י""ח",1,ליטר,false,1,6.90,6.90,true,1,
7290008775816,false,ערגליות שוקו 300 גרם,קבוצת אוסם סחר-שות.מוגבלת,,,"י""ח",3,ל 100 גרם,false,1,10.90,3.63,true,1,
7290008775823,false,ערגליות תות שדה 300 גרם,קבוצת אוסם סחר-שות.מוגבלת,,,"י""ח",3,ל 100 גרם,false,1,10.90,3.63,true,1,
7290008801157,false,סלקטד מרלו  0.75 ל,אגודת הכורמים,,,"י""ח",7.50,"ל 100 מ""ל",false,1,29.90,3.95,true,1,
7290008806985,false,נשנושים שטראוס.,גלידות שטראוס בעמ,,,"י""ח",6.30,ל 100 גרם,false,1,46.90,7.44,false,1,
7290008835084,false,כתף  מס 4 מוכשר ארגנטינה קפוא,בלדי בעמ,,,"ק""ג",1,,true,1,38.90,38.90,false,1,
7290008849586,false,רוטב ריבת בצל,תה ויסוצקי (ישראל)בעמ,,,"י""ח",3.10,ל 100 גרם,false,1,13.90,4.48,true,1,
7290008849609,false,רוטב כרעיים עוף,תה ויסוצקי (ישראל)בעמ,,,"י""ח",2.75,"ל 100 מ""ל",false,1,13.90,5.05,true,1,
7290008849739,false,רוטב סויה קלאסיק,תה ויסוצקי (ישראל)בעמ,,,"י""ח",2.90,"ל 100 מ""ל",false,1,15.90,5.48,true,1,
7290008909778,false,"קרלסברג שישייה 330מ""ל",החברה המרכזית להפצת משקאות בעמ,,,"י""ח",1.98,ליטר,false,1,42.70,20.66,true,1,
7290008909853,false,קוקה קולה ZIRO 0.5 ל,החברה המרכזית להפצת משקאות בעמ,,,"י""ח",5,"ל 100 מ""ל",false,1,6.20,1.18,true,1,
7290008975551,false,מטרנה מהדרין חיסכון}{3,קבוצת אוסם סחר-שות.מוגבלת,,,"י""ח",7,ל 100 גרם,false,1,49.90,7.13,false,1,
7290008989602,false,פיצפוצי אורז מלא 450 גרם,בטר אנד דיפרנט בעמ,,,"י""ח",4.50,ל 100 גרם,false,1,19.90,4.42,false,1,
7290010002030,false,כמון 100 גרם צנצנת,א.ל.יצור ושיווקתבלינים בעמ,,,"י""ח",1,ל 100 גרם,false,1,11.50,11.50,false,1,
7290010002078,false,פלפל שחור טחון 100 גרם בצנצנת מימון.,א.ל.יצור ושיווקתבלינים בעמ,,,"י""ח",1,ל 100 גרם,false,1,15.50,15.50,false,1,
7290010002092,false,פלפל שחור גס דק90גר צנצנת מימון.,א.ל.יצור ושיווקתבלינים בעמ,,,"י""ח",0.90,ל 100 גרם,false,1,15.50,17.22,false,1,
7290010002146,false,פפריקה מרוקאית מתוקה 100,א.ל.יצור ושיווקתבלינים בעמ,,,"י""ח",1,ל 100 גרם,false,1,11.50,11.50,false,1,
7290010002290,false,תערובת לשוואמה טורקית 110,א.ל.יצור ושיווקתבלינים בעמ,,,"י""ח",1,ל 100 גרם,false,1,11.50,11.50,false,1,
7290010002313,false,ראס אל חנות 100גר,א.ל.יצור ושיווקתבלינים בעמ,,,"י""ח",1,ל 100 גרם,false,1,11.50,11.50,false,1,
7290010002320,false,תבלין גריל עוף 100גר,א.ל.יצור ושיווקתבלינים בעמ,,,"י""ח",1,ל 100 גרם,false,1,11.50,11.50,false,1,
7290010002375,false,מדרס קארי 100גר.,א.ל.יצור ושיווקתבלינים בעמ,,,"י""ח",1,ל 100 גרם,false,1,11.50,11.50,false,1,
7290010002481,false,שום טחון 100 גרם,א.ל.יצור ושיווקתבלינים בעמ,,,"י""ח",1,ל 100 גרם,false,1,14.50,14.50,false,1,
7290010002498,false,שום גבישי 120 גרם,א.ל.יצור ושיווקתבלינים בעמ,,,"י""ח",1.20,ל 100 גרם,false,1,14.50,12.08,false,1,
7290010002658,false,פלפל יבש מתוק 150 גרם,א.ל.יצור ושיווקתבלינים בעמ,,,"י""ח",1.50,ל 100 גרם,false,1,15.50,10.33,false,1,
7290010002696,false,אקסטרה צ`יפס אורז חום מלא שמנת בצל 60ג,א.ל.יצור ושיווקתבלינים בעמ,,,"י""ח",0.60,ל 100 גרם,false,1,7.90,13.17,true,1,
7290010003051,false,פפריקה הונגרית מתוקה 400,א.ל.יצור ושיווקתבלינים בעמ,,,"י""ח",4,ל 100 גרם,false,1,23.90,5.98,false,1,
7290010003693,false,פפריקה מתוקה  80ג שקית,א.ל.יצור ושיווקתבלינים בעמ,,,"י""ח",0.80,ל 100 גרם,false,1,5.90,7.38,false,1,
7290010003709,false,פלפל שחור טחון  50ג שקית,א.ל.יצור ושיווקתבלינים בעמ,,,"י""ח",0.50,ל 100 גרם,false,1,7.90,15.80,false,1,
7290010003754,false,כמון טחו 50ג שקית,א.ל.יצור ושיווקתבלינים בעמ,,,"י""ח",0.50,ל 100 גרם,false,1,5.90,11.80,false,1,
7290010003761,false,כורכום טחון שקית 80ג,א.ל.יצור ושיווקתבלינים בעמ,,,"י""ח",0.80,ל 100 גרם,false,1,5.90,7.38,false,1,
7290010003778,false,תיבול לגריל שקית 80ג,א.ל.יצור ושיווקתבלינים בעמ,,,"י""ח",0.80,ל 100 גרם,false,1,5.90,7.38,false,1,
7290010003792,false,מלח לימון שקית 100ג,א.ל.יצור ושיווקתבלינים בעמ,,,"י""ח",1,ל 100 גרם,false,1,5.90,5.90,false,1,
7290010003808,false,זעתר ושומשום שקית 80ג,א.ל.יצור ושיווקתבלינים בעמ,,,"י""ח",0.80,ל 100 גרם,false,1,5.90,7.38,false,1,
7290010003839,false,קינמון טחון  שקית 80ג,א.ל.יצור ושיווקתבלינים בעמ,,,"י""ח",0.80,ל 100 גרם,false,1,5.90,7.38,false,1,
7290010003846,false,אורגנו שקית 20ג,א.ל.יצור ושיווקתבלינים בעמ,,,"י""ח",0.20,ל 100 גרם,false,1,5.90,29.50,false,1,
7290010003990,false,פטרוזיליה שקית 20ג,א.ל.יצור ושיווקתבלינים בעמ,,,"י""ח",0.20,ל 100 גרם,false,1,5.90,29.50,false,1,
7290010004348,false,פפריקה מתוקה 250ג.,א.ל.יצור ושיווקתבלינים בעמ,,,"י""ח",2.50,ל 100 גרם,false,1,19.90,7.96,false,1,
7290010065295,false,פרינוק מחית 130 גרם,גורי מוצרי צריכה בעמ,,,"י""ח",1.30,ל 100 גרם,false,1,5.50,4.23,false,1,
7290010066001,false,נתחי טונה פילטונה 960גרם בשמן,תעשיות פילטונה בעמ,,,"י""ח",9.60,ל 100 גרם,false,1,34.90,3.64,false,1,
7290010066513,false,טונה 4  יח`בשמן צמחי פילטונה 160 ג`,תעשיות פילטונה בעמ,,,"י""ח",6.40,ל 100 גרם,false,1,22.90,3.58,false,1,
7290010066575,false,טונה 4 יחי מים פילטונה 160 ג`,תעשיות פילטונה בעמ,,,"י""ח",6.40,ל 100 גרם,false,1,22.90,3.58,false,1,
7290010066582,false,טונה 4 יחי קנולה פילטונה 160 ג`,תעשיות פילטונה בעמ,,,"י""ח",6.40,ל 100 גרם,false,1,22.90,3.58,false,1,
7290010117864,false,דוריטוס חריף אש 70 גרם,שטראוס פריטו ליי בעמ,,,"י""ח",0.70,ל 100 גרם,false,1,3.90,5.57,true,1,
7290010118328,false,מארז תפוציפס   {40X6(+אקס טבעי 3,שטראוס פריטו ליי בעמ,,,"י""ח",2.40,ל 100 גרם,false,1,13.90,5.79,true,1,
7290010124497,false,"שעועית ירוקה חתוכה    2.5ק""ג",בלדי בעמ,,,"ק""ג",2.50,"ק""ג",true,1,10.90,4.36,false,1,
7290010124503,false,שומן כבש 200גרם ארוז,בלדי בעמ,,,"י""ח",2,ל 100 גרם,false,1,11.90,5.95,false,1,
7290010129010,false,.עוגיות כתר ריבה 600 גרם,שיבולים ייצור ושיווק מאפה בעמ,,,"י""ח",6,ל 100 גרם,false,1,19.90,3.32,false,1,
7290010129942,false,עוגת קראנץ טעם שוקולד 500ג.,שיבולים ייצור ושיווק מאפה בעמ,,,"י""ח",5,ל 100 גרם,false,1,14.90,2.98,false,1,
7290010129959,false,עוגיות רוגלך טעם שוקולד 400ג.,שיבולים ייצור ושיווק מאפה בעמ,,,"י""ח",4,ל 100 גרם,false,1,13.90,3.48,true,1,
7290010153503,false,שעועית אקסטרא  מיה,מיה תעשיות מזון מ.ת.מ בעמ,,,"י""ח",4,ל 100 גרם,false,1,7.90,1.98,false,1,
7290010153510,false,בורגול 500 גרם,מיה תעשיות מזון מ.ת.מ בעמ,,,"י""ח",5,ל 100 גרם,false,1,3.90,0.78,false,1,
7290010153770,false,ציפוי לשניצל פיקנטי 500 ג`,מיה תעשיות מזון מ.ת.מ בעמ,,,"י""ח",5,ל 100 גרם,false,1,12.90,2.58,false,1,
7290010153787,false,ציפוי לשניצל עם שום 500 ג`,מיה תעשיות מזון מ.ת.מ בעמ,,,"י""ח",5,ל 100 גרם,false,1,12.90,2.58,false,1,
7290010153794,false,ציפוי לשניצל עשבי תיבול 500 ג`,מיה תעשיות מזון מ.ת.מ בעמ,,,"י""ח",5,ל 100 גרם,false,1,12.90,2.58,false,1,
7290010153800,false,ציפוי לשניצל תיבול עדין 500 ג`,מיה תעשיות מזון מ.ת.מ בעמ,,,"י""ח",5,ל 100 גרם,false,1,12.90,2.58,false,1,
7290010153855,false,פפריקה מרוקאית בשמן 300גר,מיה תעשיות מזון מ.ת.מ בעמ,,,"י""ח",3,ל 100 גרם,false,1,17.90,5.97,false,1,
7290010154012,false,לימון כבוש יוחאי ביטון 250 גרם,נטו מלינדה סחר בעמ,,,"י""ח",2.50,ל 100 גרם,false,1,13.90,5.56,false,1,
7290010154029,false,אריסה מתוקה ביטון 250ג,נטו מלינדה סחר בעמ,,,"י""ח",2.50,ל 100 גרם,false,1,13.90,5.56,false,1,
7290010154050,false,ממרח שיפקה כבוש ביטון,נטו מלינדה סחר בעמ,,,"י""ח",2.50,ל 100 גרם,false,1,13.90,5.56,false,1,
7290010154425,false,סחוג ירוק 130ג,נטו מלינדה סחר בעמ,,,"י""ח",1.30,ל 100 גרם,false,1,9.90,7.62,false,1,
7290010154678,false,אריסה ביתית 250 גר,נטו מלינדה סחר בעמ,,,"י""ח",2.50,ל 100 גרם,false,1,13.90,5.56,false,1,
7290010154685,false,שום כתוש 250ג,נטו מלינדה סחר בעמ,,,"י""ח",2.50,ל 100 גרם,false,1,13.90,5.56,false,1,
7290010163069,false,צנובר גדול 100 גרם,דין שיווק וקליה 2021 בעמ,,,"י""ח",1,ל 100 גרם,false,1,19.90,19.90,false,1,
7290010173044,false,יין גליל מרלו,היכל היין שקד גולן בעמ,,,"י""ח",7.50,"ל 100 מ""ל",false,1,38.90,5.15,true,1,
7290010192120,false,צנונית ארוזה,ביכורי השדה צפון 1994 ג.ד. בעמ,,,"י""ח",1,,false,1,6.90,6.90,false,1,
7290010195268,false,פופ קורן טבעי למיקרוגל,דנשר (1963) בעמ,,,"י""ח",5,ל 100 גרם,false,1,13.80,2.76,true,1,
7290010237685,false,"היינקן בירה 330 מ""ל",טמפו משקאות בעמ,,,"י""ח",3.30,"ל 100 מ""ל",false,1,8.90,2.61,false,1,
7290010237890,false,"הייניקן 500  מ""ל(חוזר{",טמפו משקאות בעמ,,,"י""ח",5,"ל 100 מ""ל",false,1,8.90,1.54,false,1,
7290010259359,false,נודלס אטריות ביצים 200 ג,ג.וילי פוד אינטרנשיונל בעמ,,,"י""ח",2,ל 100 גרם,false,1,4.90,2.45,false,1,
7290010259366,false,נודלס אטריות מסולסל 200 ג,ג.וילי פוד אינטרנשיונל בעמ,,,"י""ח",2,ל 100 גרם,false,1,4.90,2.45,false,1,
7290010259823,false,מנת  השף-מרק עם נודלס בטעם עוף,ג.וילי פוד אינטרנשיונל בעמ,,,"י""ח",0.70,ל 100 גרם,false,1,5.90,8.43,false,1,
7290010259830,false,מנת השף נודלס בטעם סיני-פיקנטי,ג.וילי פוד אינטרנשיונל בעמ,,,"י""ח",0.70,ל 100 גרם,false,1,5.90,8.43,false,1,
7290010259847,false,מנת השף נודלס בטעם תירס,ג.וילי פוד אינטרנשיונל בעמ,,,"י""ח",0.70,ל 100 גרם,false,1,5.90,8.43,false,1,
7290010259854,false,מנת השף נודלס בטעם פטריות,ג.וילי פוד אינטרנשיונל בעמ,,,"י""ח",0.70,ל 100 גרם,false,1,5.90,8.43,false,1,
7290010259861,false,מנת השף מרק עם נודלס בטעם ירקות,ג.וילי פוד אינטרנשיונל בעמ,,,"י""ח",0.70,ל 100 גרם,false,1,5.90,8.43,false,1,
7290010259991,false,צנימים 250 גרם,ג.וילי פוד אינטרנשיונל בעמ,,,"י""ח",2.50,ל 100 גרם,false,1,6.90,2.76,false,1,
7290010300501,false,"סוכר חום בשקית 1 ק""ג",נאמן לאורך זמן בעמ,,,"י""ח",1,"ק""ג",false,1,10.90,10.90,false,1,
7290010328178,false,חלווה מסולסלת 250 גרם,אחדות בעמ,,,"י""ח",2.50,ל 100 גרם,false,1,9.90,3.96,false,1,
7290010328239,false,טחינה מתובלת 500 גרם,אחדות בעמ,,,"י""ח",5,ל 100 גרם,false,1,13.90,2.78,false,1,
7290010328246,false,טחינה  אחווה שומשום מלא 500 ג`,אחדות בעמ,,,"י""ח",5,ל 100 גרם,false,1,9.90,1.98,false,1,
7290010328253,false,טחינה גולמית אחווה 500גר,אחדות בעמ,,,"י""ח",5,ל 100 גרם,false,1,9.90,1.98,false,1,
7290010328468,false,חטיף מיני  חלבה  18יח,אחדות בעמ,,,"י""ח",18,"י""ח",false,1,9.90,0.55,false,1,
7290010328505,false,חטיף מיני  חלבה  ללא סוכר 12יח,אחדות בעמ,,,"י""ח",12,"י""ח",false,1,9.90,0.83,false,1,
7290010328680,false,עוגת אחוה שוקולד עם שוקוציפס 450ג,אחדות בעמ,,,"י""ח",4.50,ל 100 גרם,false,1,9.90,2.20,false,1,
7290010328710,false,"קצפיות במגש 180גר אחווה כשל""פ",אחדות בעמ,,,"י""ח",1.80,ל 100 גרם,false,1,9.90,5.50,false,1,
7290010328727,false,ממרח טחינה עם שוקולד 400ג,אחדות בעמ,,,"י""ח",4,ל 100 גרם,false,1,11.90,2.98,false,1,
7290010328734,false,ממרח טחינה עם סילאן 400ג,אחדות בעמ,,,"י""ח",4,ל 100 גרם,false,1,11.90,2.98,false,1,
7290010328765,false,חטיף חלווה שוקו וניל 50ג,אחדות בעמ,,,"י""ח",0.50,ל 100 גרם,false,1,1.50,3,false,1,
7290010429684,false,"מארז 2 דבשים 350 ג כשל""פ.",שטראוס גרופ בעמ,,,"י""ח",7,ל 100 גרם,false,1,35.90,5.13,true,1,
7290010471669,false,דנונה קראנצי יוגורט תות עם קורנפלקס,שטראוס גרופ ***בעמ,,,"י""ח",1.75,"ל 100 מ""ל",false,1,4.40,2.51,true,1,
7290010472390,false,"מארז שמינייה דני שוקולד רובין כשל""פ",שטראוס גרופ ***בעמ,,,"י""ח",1,ליטר,false,1,16.90,16.90,true,1,
7290010558001,false,ממרח לימון,עוזי טעמים של בית,,,"י""ח",1,,false,1,16.90,16.90,false,1,
7290010558094,false,"אריסה 1 ק""ג",עוזי טעמים של בית,,,"י""ח",1,,false,1,34.90,34.90,false,1,
7290010558889,false,שום כתוש 200 גרם,עוזי טעמים של בית,,,"י""ח",2,ל 100 גרם,false,1,13.90,6.95,false,1,
7290010609550,false,טרופי קש  20 יח בקופסא,דודו הדיל בעמ,,,"י""ח",20,"י""ח",false,1,24.90,1.25,false,1,
7290010609734,false,אייס לי שלוקים שמינייה..,דודו הדיל בעמ,,,"י""ח",8,"י""ח",false,1,5.90,0.74,true,1,
7290010627004,false,טחינה ירושלים 500 גר,תה ויסוצקי (ישראל)בעמ,,,"י""ח",5,ל 100 גרם,false,1,16.90,3.38,true,1,
7290010632787,false,צמרוני אוזניים מעץ 300,אינטרסן (1996) בעמ,,,"י""ח",300,"י""ח",false,1,3.50,0.01,false,1,
7290010650019,false,אנדיב/עולש,ביכורי השדה צפון 1994 ג.ד. בעמ,,,"י""ח",1,,false,1,13.90,13.90,false,1,
7290010650828,false,פטריות שי-מג`י חום/לבן,ביכורי השדה צפון 1994 ג.ד. בעמ,,,"י""ח",1.50,ל 100 גרם,false,1,11.90,7.93,true,1,
7290010711123,false,רביעית ננסים באריזה,מ.א.ייצור ויבוא מטליות בעמ,,,"י""ח",1,,false,1,6.90,6.90,false,1,
7290010711666,false,זוג ממרקות ברזל ג מבו,מ.א.ייצור ויבוא מטליות בעמ,,,"י""ח",2,"י""ח",false,1,6.50,3.25,false,1,
7290010711901,false,מיקרופייבר שלישייה לרצפה,מ.א.ייצור ויבוא מטליות בעמ,,,"י""ח",3,"י""ח",false,1,15.90,5.30,false,1,
7290010711918,false,מיקרופייבר חמישייה לניקוי כללי,מ.א.ייצור ויבוא מטליות בעמ,,,"י""ח",1,,false,1,9.90,9.90,false,1,
7290010718634,false,סבון נוזלי לבן פנינה 1 ליטר,פנינה רוזנבלום בעמ,,,"י""ח",1,ליטר,false,1,10.90,10.90,true,1,
7290010719013,false,"שמן זית אחיה מעולה 750מ""ל",ח.כהן סוכנות מזון ומשקאות בע,,,"י""ח",7.50,"ל 100 מ""ל",false,1,38.90,5.19,false,1,
7290010766949,false,ממרח תחתיות ארטישוק,תה ויסוצקי (ישראל)בעמ,,,"י""ח",1,,false,1,13.90,13.90,false,1,
7290010766956,false,ממרח פלפלים קלויים,תה ויסוצקי (ישראל)בעמ,,,"י""ח",1,,false,1,13.90,13.90,false,1,
7290010777242,false,פיתות 10יח  מארז תימניות.,גיא מאפים שיווק טוב בעמ,,,"י""ח",1,,false,1,15.90,15.90,false,1,
7290010777297,false,פיתות 10יח  מארז(עבודת  יד),גיא מאפים שיווק טוב בעמ,,,"י""ח",1,,false,1,12.90,12.90,false,1,
7290010777358,false,מארז פיתה כוסמין ללא סוכר (8 יח),גיא מאפים שיווק טוב בעמ,,,"י""ח",1,,false,1,15.90,15.90,false,1,
7290010777488,false,מארז פיתה קמח מלא (8 יח).,גיא מאפים שיווק טוב בעמ,,,"י""ח",1,,false,1,15.90,15.90,false,1,
7290010777525,false,מארז פיתות כוסמין מלא,גיא מאפים שיווק טוב בעמ,,,"י""ח",1,,false,1,16.90,16.90,false,1,
7290010814244,false,שוקולד שלישיות מריר 3*85גר,כרמית תעשיות ממתקים בעמ,,,"י""ח",2.55,ל 100 גרם,false,1,11.90,4.67,true,1,
7290010814251,false,שוקולד שלישיות חלב 85*3 גרם,כרמית תעשיות ממתקים בעמ,,,"י""ח",3,ל 100 גרם,false,1,11.90,3.97,true,1,
7290010814268,false,שוקולד שלישיות לבן כרמית,כרמית תעשיות ממתקים בעמ,,,"י""ח",3,ל 100 גרם,false,1,11.90,3.97,true,1,
7290010817016,false,קישוא זוקיני,ביכורי השדה צפון 1994 ג.ד. בעמ,,,"ק""ג",1,,true,1,11.90,11.90,false,1,
7290010838431,false,טואלט דאק 750 זוג,דנשר (1963) בעמ,,,"י""ח",1.50,ליטר,false,1,16.90,11.27,false,1,
7290010922918,false,מינוט סטייק 250גר ארוז אשפר,בלדי בעמ,,,"י""ח",2.50,ל 100 גרם,false,1,36.90,14.76,false,1,
7290010922956,false,סלמון מעושן 500ג  הרב אפרתי,בלדי בעמ,,,"י""ח",5,ל 100 גרם,false,1,76.90,15.38,false,1,
7290010931330,false,סלט מטבוחה 500 גרם אחלה,שטראוס גרופ ***בעמ,,,"י""ח",5,ל 100 גרם,false,1,13.90,2.78,true,1,
7290010945146,false,קוטג  3% מועשר טרה,*החברה המרכזית להפצת משקאותבעמ,,,"י""ח",2.50,ל 100 גרם,false,1,5.90,2.36,true,1,
7290010945306,false,חלב טרה קרטון 2 ליטר   מהדרין*%*3,*החברה המרכזית להפצת משקאותבעמ,,,"י""ח",2,ליטר,false,1,12.46,6.23,false,1,
7290010945450,false,גבינה לבנה 3% 250  ג*,*החברה המרכזית להפצת משקאותבעמ,,,"י""ח",2.50,ל 100 גרם,false,1,4.98,1.99,false,1,
7290010955602,false,יין רימונים,יורוסטנדרט בעמ,,,"י""ח",7,"ל 100 מ""ל",false,1,54.90,7.80,false,1,
7290010955619,false,יין רימון GHTLY DESSERT,יורוסטנדרט בעמ,,,"י""ח",7,"ל 100 מ""ל",false,1,54.90,7.80,false,1,
7290011015862,false,"סירופ דיאט לימונענע 750מ""ל",החברה המרכזית להפצת משקאות בעמ,,,"י""ח",7.50,"ל 100 מ""ל",false,1,23.60,3.15,false,1,
7290011017866,false,פחית קוקה קולה סליק,החברה המרכזית להפצת משקאות בעמ,,,"י""ח",3.30,"ל 100 מ""ל",false,1,4.50,1.27,true,1,
7290011017873,false,פחית קוקה קולה זירו  סליק,החברה המרכזית להפצת משקאות בעמ,,,"י""ח",3.30,"ל 100 מ""ל",false,1,4.50,1.27,true,1,
7290011017880,false,פחית קוקה קולה דיאט  סליק,החברה המרכזית להפצת משקאות בעמ,,,"י""ח",3.30,"ל 100 מ""ל",false,1,4.50,1.27,true,1,
7290011018443,false,פחית  פאנטה אורנג   סליק,החברה המרכזית להפצת משקאות בעמ,,,"י""ח",3.30,"ל 100 מ""ל",false,1,4.50,1.27,true,1,
7290011026301,false,שמפו לשיער כסוף,פישר תעשיות פרמבצטיות בעמ,,,"י""ח",1,,false,1,21.90,21.90,false,1,
7290011051358,false,שוופס סודה עם לימון 250,יפאורה שותפות מוגבלת לשיווק,,,"י""ח",2.50,"ל 100 מ""ל",false,1,3.50,1.28,true,1,
7290011065430,false,צ`ילי מטחנה 50גר,א.ל.יצור ושיווקתבלינים בעמ,,,"י""ח",0.50,ל 100 גרם,false,1,17.90,35.80,false,1,
7290011115166,false,תחליב רחצה נקה7 לבנדר 1 ליטר,החב הדרומית לשיווק,,,"י""ח",1,ליטר,false,1,12.90,12.90,false,1,
7290011115203,false,סבון רביעיה לילך,החב הדרומית לשיווק,,,"י""ח",4,ל 100 גרם,false,1,10.90,2.73,false,1,
7290011115289,false,סבון רביעיה  נקה לילך,החב הדרומית לשיווק,,,"י""ח",4,ל 100 גרם,false,1,10.90,2.73,false,1,
7290011133368,false,"שנדי(מכבי) שישיות טעם תפוח 330מ""ל",טמפו משקאות בעמ,,,"י""ח",1.98,ליטר,false,1,35.90,17.22,true,1,
7290011133375,false,"שנדי(מכבי)שישיות טעם אפרסק 330מ""ל",טמפו משקאות בעמ,,,"י""ח",3.30,"ל 100 מ""ל",false,1,35.90,10.33,true,1,
7290011142001,false,"לחם""דואט"" 550גר",מאפיית דואט בעמ,,,"י""ח",5.50,ל 100 גרם,false,1,11.90,2.16,false,1,
7290011142025,false,לחם שיפון כפרי 600גר,מאפיית דואט בעמ,,,"י""ח",6,ל 100 גרם,false,1,12.90,2.15,false,1,
7290011142032,false,לחם שיפון ביתי 630גר,מאפיית דואט בעמ,,,"י""ח",6.30,ל 100 גרם,false,1,12.90,2.05,false,1,
7290011142049,false,לחם דגנים 630גר,מאפיית דואט בעמ,,,"י""ח",6.30,ל 100 גרם,false,1,11.90,1.89,false,1,
7290011142148,false,לחמים/לחמניות 450גר,מאפיית דואט בעמ,,,"י""ח",7,ל 100 גרם,false,1,12.90,1.84,false,1,
7290011142315,false,לחם מרוקאי מסורתי(פרנה),מאפיית דואט בעמ,,,"י""ח",7,ל 100 גרם,false,1,14.50,2.07,false,1,
7290011154301,false,ממרח תמרים הרב לנדאו 450גר`,ח.כהן סוכנות מזון ומשקאות בע,,,"י""ח",4.50,ל 100 גרם,false,1,6.90,1.53,false,1,
7290011194215,false,דניאלה בננה,שטראוס גרופ ***בעמ,,,"י""ח",1.50,"ל 100 מ""ל",false,1,3.90,2.60,true,1,
7290011194246,false,קוטג  5% עם סידן שטראוס,שטראוס גרופ ***בעמ,,,"י""ח",2.50,ל 100 גרם,false,1,5.80,2.32,true,1,
7290011223038,false,עלים לקרמשניט 300 גרם,דנשר (1963) בעמ,,,"י""ח",4,ל 100 גרם,false,1,14.90,3.73,false,1,
7290011223243,false,טואלט גק גל לאסלה,דנשר (1963) בעמ,,,"י""ח",0.55,"ל 100 מ""ל",false,1,9.90,18,false,1,
7290011239213,false,חטיפים מתוקים 100גר,סוכניות עמוס ממתקים בעמ,,,"י""ח",1,,false,1,6.90,6.90,false,1,
7290011239237,false,חטיף אגוזים ישראלי 250גר,סוכניות עמוס ממתקים בעמ,,,"י""ח",2.50,ל 100 גרם,false,1,21.90,8.76,false,1,
7290011239336,false,חלבה ארוז ללא תוספת סוכר 400גר,סוכניות עמוס ממתקים בעמ,,,"י""ח",4,ל 100 גרם,false,1,24.90,6.23,false,1,
7290011239343,false,חלבה ארוז  400גר,סוכניות עמוס ממתקים בעמ,,,"י""ח",4,ל 100 גרם,false,1,24.90,6.23,false,1,
7290011239404,false,חטיפים מתוקים טעמים שונים 330גר,סוכניות עמוס ממתקים בעמ,,,"י""ח",3.30,ל 100 גרם,false,1,19.90,6.03,false,1,
7290011239596,false,בקלאווה  600גר,סוכניות עמוס ממתקים בעמ,,,"י""ח",6,ל 100 גרם,false,1,44.90,7.48,false,1,
7290011239657,false,רחת לוקום 500גר,סוכניות עמוס ממתקים בעמ,,,"י""ח",5,ל 100 גרם,false,1,19.90,3.98,false,1,
7290011249212,false,ופל בטעם לימון 200ג,ח.כהן סוכנות מזון ומשקאות בע,,,"י""ח",2,ל 100 גרם,false,1,3.90,1.95,true,1,
7290011249748,false,רולים שוקולד  100גרם גילרו,ח.כהן סוכנות מזון ומשקאות בע,,,"י""ח",1,ל 100 גרם,false,1,3.90,3.90,false,1,
7290011254032,false,קינואה 500 גרם,מיה תעשיות מזון מ.ת.מ בעמ,,,"י""ח",5,ל 100 גרם,false,1,9.90,1.98,false,1,
7290011254070,false,פלפל שחור בשקית,מיה תעשיות מזון מ.ת.מ בעמ,,,"י""ח",0.80,ל 100 גרם,false,1,9.40,11.75,false,1,
7290011254094,false,כמון 80גר,מיה תעשיות מזון מ.ת.מ בעמ,,,"י""ח",0.80,ל 100 גרם,false,1,4.30,5.38,false,1,
7290011254100,false,כורכום 80גרם בשקית,מיה תעשיות מזון מ.ת.מ בעמ,,,"י""ח",0.80,ל 100 גרם,false,1,5,6.25,false,1,
7290011254117,false,פפריקה מתוקה 80גרם,מיה תעשיות מזון מ.ת.מ בעמ,,,"י""ח",0.80,ל 100 גרם,false,1,5,6.25,false,1,
7290011254124,false,פפריקה חריפה 80גרם,מיה תעשיות מזון מ.ת.מ בעמ,,,"י""ח",0.80,ל 100 גרם,false,1,4.30,5.38,false,1,
7290011254148,false,אבקת שום 80גרם,מיה תעשיות מזון מ.ת.מ בעמ,,,"י""ח",0.80,ל 100 גרם,false,1,7.90,9.88,false,1,
7290011254162,false,אבקת פלפל לבן 50גרם,מיה תעשיות מזון מ.ת.מ בעמ,,,"י""ח",5,ל 100 גרם,false,1,10.90,2.18,false,1,
7290011254209,false,גבישי שום 80גרם,מיה תעשיות מזון מ.ת.מ בעמ,,,"י""ח",0.80,ל 100 גרם,false,1,7.90,9.88,false,1,
7290011254452,false,סוכריות ללא סוכר מנטה,מיה תעשיות מזון מ.ת.מ בעמ,,,"י""ח",1,,false,1,6.50,6.50,false,1,
7290011254728,false,"ג לטין טהור 25גר  בד""ץ",מיה תעשיות מזון מ.ת.מ בעמ,,,"י""ח",0.25,ל 100 גרם,false,1,9.90,39.60,false,1,
7290011254766,false,"שעועית לוביה 400 גר`בד""ץ",מיה תעשיות מזון מ.ת.מ בעמ,,,"י""ח",4,ל 100 גרם,false,1,6.90,1.73,false,1,
7290011254773,false,שעועית ארגנטינאית 500גר`,מיה תעשיות מזון מ.ת.מ בעמ,,,"י""ח",5,ל 100 גרם,false,1,7.90,1.58,false,1,
7290011254964,false,סוכריות ג לי טבעי עשירייה,מיה תעשיות מזון מ.ת.מ בעמ,,,"י""ח",1,,false,1,10.90,10.90,false,1,
7290011276485,false,חסה עגולה,ביכורי השדה צפון 1994 ג.ד. בעמ,,,"י""ח",1,,false,1,6.90,6.90,false,1,
7290011435226,false,דבש  לחיץ 650גר` יד מרדכי,שטראוס גרופ בעמ,,,"י""ח",6.50,ל 100 גרם,false,1,33.90,5.22,true,1,
7290011438142,false,"משקה חלב טעם קפה 350 מ""ל",שטראוס גרופ ***בעמ,,,"י""ח",3.50,"ל 100 מ""ל",false,1,6.50,1.86,true,1,
7290011447267,false,מטרנה פרמיום א.חיסכון שלב 1,קבוצת אוסם סחר-שות.מוגבלת,,,"י""ח",7,ל 100 גרם,false,1,49.90,7.13,false,1,
7290011447281,false,מטרנה פרימיום א.חסכון שלב 2,קבוצת אוסם סחר-שות.מוגבלת,,,"י""ח",7,ל 100 גרם,false,1,49.90,7.13,false,1,
7290011447304,false,מטרנה פרימיום א.חסכוןשלב 3,קבוצת אוסם סחר-שות.מוגבלת,,,"י""ח",7,ל 100 גרם,false,1,49.90,7.13,false,1,
7290011447373,false,מטרנה מהדרין חיסכון} {2,קבוצת אוסם סחר-שות.מוגבלת,,,"י""ח",7,ל 100 גרם,false,1,49.90,7.13,false,1,
7290011461058,false,גומא ריחני במבוק,מוסקו בעמ,,,"י""ח",1,,false,1,19.90,19.90,false,1,
7290011488062,false,בצלצלי שאלוט 350גר,ביכורי השדה צפון 1994 ג.ד. בעמ,,,"י""ח",3.50,ל 100 גרם,false,1,13.90,3.97,false,1,
7290011489595,false,קרקר טופז שומשום 110גר הדר,ח.כהן סוכנות מזון ומשקאות בע,,,"י""ח",1.10,ל 100 גרם,false,1,2.90,2.64,true,1,
7290011499129,false,בולגרית  קוביות מעודנת 5% 200 ג,מחלבות גד,,,"י""ח",2,ל 100 גרם,false,1,19.90,9.95,false,1,
7290011499327,false,בולגרית מעודנת חלב בקר 5%,מחלבות גד,,,"י""ח",2.50,ל 100 גרם,false,1,21.90,8.76,false,1,
7290011499341,false,קשקבלו 200 גרם  %26גד,מחלבות גד,,,"י""ח",2,ל 100 גרם,false,1,25.90,12.95,false,1,
7290011499358,false,פטה עיזים  200גר}גד{,מחלבות גד,,,"י""ח",2,ל 100 גרם,false,1,24.90,12.45,false,1,
7290011499365,false,חלומי גד 200גר.,מחלבות גד,,,"י""ח",2,ל 100 גרם,false,1,19.90,9.95,false,1,
7290011499419,false,קרם שמנת ניו יורק  5%  בטעם טבעי 200גר`,מחלבות גד,,,"י""ח",2,ל 100 גרם,false,1,11.90,5.95,false,1,
7290011499624,false,גבינת שמנת 30% בטעם טבעי ניו יורק,מחלבות גד,,,"י""ח",2,ל 100 גרם,false,1,12.90,6.45,false,1,
7290011499853,false,גבינת שמנת 30% זיתים 200ג,מחלבות גד,,,"י""ח",2,ל 100 גרם,false,1,12.90,6.45,false,1,
7290011501570,false,"מיץ שזיפים 946מ""ל 100%",דין שיווק וקליה 2021 בעמ,,,"י""ח",9.46,"ל 100 מ""ל",false,1,14.80,1.56,false,1,
7290011505806,false,קיסמי שיניים דנטאליים 200 יח`,אינטרסן (1996) בעמ,,,"י""ח",200,"י""ח",false,1,7.90,0.04,false,1,
7290011515683,false,מאגדת אקסטרים וניל X 6,נגה גלידות,,,"י""ח",1,,false,1,34.90,34.90,false,1,
7290011530464,false,"פול סויה אדממה 1ק""ג",בלדי בעמ,,,"י""ח",1,"ק""ג",false,1,16.90,16.90,false,1,
7290011593087,false,"שמן זית סבא חביב  750מ""ל",בני פאוזי שמשום (2009) בעמ,,,"י""ח",7.50,"ל 100 מ""ל",false,1,29.90,3.99,true,1,
7290011593117,false,זית סורי ירוק מבוקע 800גרם,בני פאוזי שמשום (2009) בעמ,,,"י""ח",8,ל 100 גרם,false,1,24.90,3.11,false,1,
7290011598211,false,אנטי קאלק כללי 4ב1,החב הדרומית לשיווק,,,"י""ח",7,"ל 100 מ""ל",false,1,18.90,2.70,false,1,
7290011598259,false,פרש אוטומטיק מאסק,החב הדרומית לשיווק,,,"י""ח",2.50,ל 100 גרם,false,1,12.90,5.16,false,1,
7290011598402,false,מרכך כביסה מקסימה מאסק  4 ל,החב הדרומית לשיווק,,,"י""ח",4,ליטר,false,1,21.90,5.48,false,1,
7290011607180,false,"קולון 1.250 ק""ג",רקיט בנקיזר (ניר איסט) בעמ,,,"י""ח",1.25,"ק""ג",false,1,14.90,11.92,false,1,
7290011668433,false,שמפו שיאה לשיער צבוע  פנינה,פנינה רוזנבלום בעמ,,,"י""ח",7.50,"ל 100 מ""ל",false,1,12.90,1.72,true,1,
7290011668464,false,מרכך שמן זית למתולתל  פנינה,פנינה רוזנבלום בעמ,,,"י""ח",7.50,"ל 100 מ""ל",false,1,12.90,1.72,true,1,
7290011695286,false,קיסם הפלא אריזה ורודה 250,נאמן לאורך זמן בעמ,,,"י""ח",1,,false,1,10.90,10.90,false,1,
7290011695422,false,"רוטב חמוץ מתוק 300מ""ל",נאמן לאורך זמן בעמ,,,"י""ח",3,"ל 100 מ""ל",false,1,9.90,3.30,false,1,
7290011695651,false,צנימים עגולים 300גר`,נאמן לאורך זמן בעמ,,,"י""ח",3,ל 100 גרם,false,1,11.90,3.97,false,1,
7290011695958,false,"חומץ תפוחים בד""ץ",נאמן לאורך זמן בעמ,,,"י""ח",1,,false,1,10.90,10.90,false,1,
7290011765392,false,"שמפו בוב ספוג  750מ""ל",החב הדרומית לשיווק,,,"י""ח",7.50,"ל 100 מ""ל",false,1,10.90,1.45,false,1,
7290011765422,false,בוב ספוג אל סבון,החב הדרומית לשיווק,,,"י""ח",7.50,"ל 100 מ""ל",false,1,10.90,1.45,false,1,
7290011765446,false,בוב ספוג משחת שיניים,החב הדרומית לשיווק,,,"י""ח",0.70,ל 100 גרם,false,1,7.50,10.71,false,1,
7290011778187,false,ביצים 18  יח`גודל M בארותיים,מן הטבע בארותיים בעמ,,,"י""ח",18,"י""ח",false,1,15.60,0.87,false,1,
7290011800840,false,טחינה לבנה 400גר`,קבוצת אוסם סחר-שות.מוגבלת,,,"י""ח",4,ל 100 גרם,false,1,15.90,3.98,true,1,
7290011877088,false,זוג רדיד אלומניום 18 מיקרון,החב הדרומית לשיווק,,,"י""ח",1,,false,1,14.90,14.90,false,1,
7290011877156,false,סנפרש ענק מאסק,החב הדרומית לשיווק,,,"י""ח",3.75,"ל 100 מ""ל",false,1,9.80,2.61,false,1,
7290011877446,false,"בייבי כיף קרם נגד גירוד 100 מ""ל",החב הדרומית לשיווק,,,"י""ח",1,ל 100 גרם,false,1,10.90,10.90,false,1,
7290011877866,false,"סנו מקסימה מאסק 6 ק""ג",החב הדרומית לשיווק,,,"י""ח",6,"ק""ג",false,1,44.90,7.48,false,1,
7290011912642,false,"ליסטרין טאגד  500 מ""ל",שקד תבל בעמ,,,"י""ח",5,"ל 100 מ""ל",false,1,17.90,3.58,true,1,
7290011947309,false,זית סורי מבוקע עם לימון כבוש  220גר,תה ויסוצקי (ישראל)בעמ,,,"י""ח",5.60,ל 100 גרם,false,1,13.90,2.48,false,1,
7290011947316,false,זית קלמטה,תה ויסוצקי (ישראל)בעמ,,,"י""ח",2,ל 100 גרם,false,1,13.90,6.95,false,1,
7290011947781,false,מיקס זית ירוק וקלמטה עם שמן זית  זיתא,תה ויסוצקי (ישראל)בעמ,,,"י""ח",1.90,ל 100 גרם,false,1,13.90,7.32,false,1,
7290012001994,false,חרדל דיג`ון גרעינים 370  גר`דיפלומט,דיפלומט מפיצים (1968) בעמ**,,,"י""ח",3.70,ל 100 גרם,false,1,11.90,3.22,false,1,
7290012022203,false,קליליות חיטה מלאה,דילייט 2005 בעמ,,,"י""ח",1.40,ל 100 גרם,false,1,13.50,9.64,false,1,
7290012022272,false,קליליות קידס 30גר,דילייט 2005 בעמ,,,"י""ח",0.30,ל 100 גרם,false,1,10.90,36.33,false,1,
7290012025822,false,סלק  400 ג אסלי,סלטי שמיר2006בעמ,,,"י""ח",4,ל 100 גרם,false,1,9.90,2.48,true,1,
7290012116537,false,"#א.כביסה מקסימה מאסק 2.5 ק""ג",החב הדרומית לשיווק,,,"י""ח",2.50,"ק""ג",false,1,25.90,10.36,false,1,
7290012116551,false,אנטי קאלק  4ב 1   2 ליטר,החב הדרומית לשיווק,,,"י""ח",2,ליטר,false,1,20.90,10.45,false,1,
7290012116681,false,ק. מן  דאו`ג`ל קלאם 75,החב הדרומית לשיווק,,,"י""ח",75,"ל 100 מ""ל",false,1,13.90,0.19,false,1,
7290012117039,false,סנו 00 לאמבטיה 1 ל`.,החב הדרומית לשיווק,,,"י""ח",1,ליטר,false,1,7.50,7.50,false,1,
7290012117091,false,"סנו מקסימה סנסיטיב 6 ק""ג",החב הדרומית לשיווק,,,"י""ח",6,קוב,false,1,44.90,7.48,false,1,
7290012117275,false,"סנוקליר מילוי 750מ""ל",החב הדרומית לשיווק,,,"י""ח",7.50,"ל 100 מ""ל",false,1,5.80,0.77,false,1,
7290012117435,false,"גיל רחצה אלוורה 700 מ""ל",החב הדרומית לשיווק,,,"י""ח",7,"ל 100 מ""ל",false,1,14.90,2.13,false,1,
7290012117534,false,.מרכך מקסימה סופר מרוכז COOL 1 ליטר,החב הדרומית לשיווק,,,"י""ח",1,ליטר,false,1,17.50,17.50,false,1,
7290012117558,false,מרכך מקסימה סופר מרוכז מאסק 1 ליטר,החב הדרומית לשיווק,,,"י""ח",1,ליטר,false,1,17.50,17.50,false,1,
7290012117565,false,2814245סנו סושי כפפות לטקס 100 יח`S,החב הדרומית לשיווק,,,"י""ח",1,,false,1,39.90,39.90,false,1,
7290012117732,false,מקסימה מרכך 4 ליטר שחור,החב הדרומית לשיווק,,,"י""ח",4,ליטר,false,1,21.90,5.48,false,1,
7290012117916,false,סנו אינסטלטור נוזלי 1 ליטר,החב הדרומית לשיווק,,,"י""ח",1,ליטר,false,1,26.90,26.90,false,1,
7290012226922,false,קבנוס טעם שום 135גרם,זוגלובק שיווק בעמ,,,"י""ח",1.35,ל 100 גרם,false,1,11,8.15,true,1,
7290012226939,false,קבנוס טעם צ`ילי 135גרם,זוגלובק שיווק בעמ,,,"י""ח",1.35,ל 100 גרם,false,1,11,8.15,true,1,
7290012226991,false,"נקניקיות ג`מבו 1.5 ק""ג",זוגלובק שיווק בעמ,,,"י""ח",1.50,"י""ח",false,1,28.90,19.27,true,1,
7290012227172,false,מארז פסטרמה כפרית חרמון 300גר+300גר,זוגלובק שיווק בעמ,,,"י""ח",6,ל 100 גרם,false,1,31.90,5.32,true,1,
7290012227325,false,סלמי מעושן איטלקי דק דק דק 120גר`,זוגלובק שיווק בעמ,,,"י""ח",1.20,ל 100 גרם,false,1,13.90,11.58,true,1,
7290012227592,false,זוג חברון כפרית ותה 2*350גר מחפוד,זוגלובק שיווק בעמ,,,"י""ח",7,ל 100 גרם,false,1,33.90,4.84,true,1,
7290012227608,false,זוג חרמון כפרית וכפרית ברביקיו 2*300 מחפ,זוגלובק שיווק בעמ,,,"י""ח",6,ל 100 גרם,false,1,36.90,6.15,true,1,
7290012227615,false,נקניקיות עוף 800גר זוגלובק,זוגלובק שיווק בעמ,,,"י""ח",8,ל 100 גרם,false,1,24.90,3.11,true,1,
7290012227738,false,סלמי תה מעושן 400גר מחפוד,זוגלובק שיווק בעמ,,,"י""ח",4,ל 100 גרם,false,1,20.90,5.23,true,1,
7290012227783,false,תה מעושן 400גר מחפוד,זוגלובק שיווק בעמ,,,"י""ח",4,ל 100 גרם,false,1,20.90,5.23,true,1,
7290012227974,false,פסטרמה בדבש  120גר`,זוגלובק שיווק בעמ,,,"י""ח",1.20,ל 100 גרם,false,1,13.90,11.58,true,1,
7290012228704,false,נקניקיות סוסג` ספרדית חריפה ריינהולד,זוגלובק שיווק בעמ,,,"י""ח",3.10,ל 100 גרם,false,1,19.90,6.42,false,1,
7290012228766,false,קבנוס מחפוד 120 גר,זוגלובק שיווק בעמ,,,"י""ח",1.20,ל 100 גרם,false,1,10.90,9.08,false,1,
7290012295836,false,חסה לליק,ביכורי השדה צפון 1994 ג.ד. בעמ,,,"י""ח",1,ל 100 גרם,false,1,10.90,10.90,true,1,
7290012309311,false,ערמונים 100גר ששון הקולה,דין שיווק וקליה 2021 בעמ,,,"י""ח",1,,false,1,5.90,5.90,false,1,
7290012309892,false,חלבה וניל 500גר`,דין שיווק וקליה 2021 בעמ,,,"י""ח",5,ל 100 גרם,false,1,9.90,1.98,false,1,
7290012313073,false,מיקס זיתים מגולענים 2 A יבנה.,קבוצת יבנה מוצרי מזון בעמ,,,"י""ח",1,,false,1,11.90,11.90,false,1,
7290012313240,false,מיקס זית ירוק וקלמטה A2,קבוצת יבנה מוצרי מזון בעמ,,,"י""ח",5.60,ל 100 גרם,false,1,11.50,2.05,false,1,
7290012313547,false,זיתים שחורים קלמנטה,קבוצת יבנה מוצרי מזון בעמ,,,"י""ח",5.60,ל 100 גרם,false,1,9.90,1.77,false,1,
7290012404177,false,"שוופס מוגז תפוחים 330מ""ל",יפאורה שותפות מוגבלת לשיווק,,,"י""ח",3.30,"ל 100 מ""ל",false,1,5.90,1.70,true,1,
7290012454608,false,תן צ אפ 70 ג,מיה תעשיות מזון מ.ת.מ בעמ,,,"י""ח",0.60,ל 100 גרם,false,1,3.70,6.17,false,1,
7290012454936,false,"סילאן 720גרם בד""ץ העדה חרדית",מיה תעשיות מזון מ.ת.מ בעמ,,,"י""ח",7.20,ל 100 גרם,false,1,17.90,2.49,false,1,
7290012483608,false,"אורז בסגנון בסמטי מובחר 5ק""ג DAWAT",ג.וילי פוד אינטרנשיונל בעמ,,,"י""ח",5,"ק""ג",false,1,49.90,9.98,false,1,
7290012576607,false,יין פרימייר אדום קברנה סוביניון/מלבק,טמפו משקאות בעמ,,,"י""ח",7.50,"ל 100 מ""ל",false,1,26.90,3.55,false,1,
7290012588242,false,"מים מינרלים 500מ""ל 1/6 כדורגל",טמפו משקאות בעמ,,,"י""ח",1.98,ליטר,false,1,12.90,5.61,true,1,
7290012588907,false,"איילנד גויאבה 300מ""ל",טמפו משקאות בעמ,,,"י""ח",3.50,"ל 100 מ""ל",false,1,5.40,1.46,false,1,
7290012588914,false,"איילנד מנגו 300מ""ל",טמפו משקאות בעמ,,,"י""ח",3.50,"ל 100 מ""ל",false,1,5.40,1.46,false,1,
7290012645112,false,"יוגורט  עיזים 750מ""ל בדלי",שטראוס גרופ ***בעמ,,,"י""ח",7.50,"ל 100 מ""ל",false,1,17.90,2.39,true,1,
7290012803215,false,וופל בלגי טעם שוקולד 200גרם,דנשר (1963) בעמ,,,"י""ח",2,ל 100 גרם,false,1,10.50,5.25,false,1,
7290012803772,false,טבלאות שוקולד טוסו  מר`שוקולד חלב 100ג,דנשר (1963) בעמ,,,"י""ח",1,ל 100 גרם,false,1,8.90,8.90,false,1,
7290012803789,false,טבלאות שוקולד טוסו  מר`שוקולד אגוז 100ג,דנשר (1963) בעמ,,,"י""ח",1,ל 100 גרם,false,1,8.90,8.90,false,1,
7290012823381,false,מרכך כביסה מקסימה 1 ליטר מרוכז,החב הדרומית לשיווק,,,"י""ח",1,ליטר,false,1,17.50,17.50,false,1,
7290012823398,false,מטליות לחות לריצפה ריצפז 10 יחידות,החב הדרומית לשיווק,,,"י""ח",1,,false,1,12.90,12.90,false,1,
7290012823541,false,מטליות לחות לריצפה ריצפז 10 יחידות,החב הדרומית לשיווק,,,"י""ח",1,,false,1,12.90,12.90,false,1,
7290012823602,false,נייר טואלט סופט לבן 32 גלילים,החב הדרומית לשיווק,,,"י""ח",32,"י""ח",false,1,35.90,1.12,true,1,
7290012823657,false,"מילוי רסס כבס 750מ""ל",החב הדרומית לשיווק,,,"י""ח",7.50,"ל 100 מ""ל",false,1,9.90,1.32,false,1,
7290012864001,false,נבטי חמניה.,ביכורי השדה צפון 1994 ג.ד. בעמ,,,"י""ח",1,,false,1,9.90,9.90,false,1,
7290012931611,false,כריות ברזל לקרצוף חזק 1/3,מ.א.ייצור ויבוא מטליות בעמ,,,"י""ח",3,"י""ח",false,1,7.90,2.63,false,1,
7290012936852,false,קימל טחון 40 גרם,א.ל.יצור ושיווקתבלינים בעמ,,,"י""ח",0.40,ל 100 גרם,false,1,9.50,23.75,false,1,
7290012936890,false,קצח 50גר.,א.ל.יצור ושיווקתבלינים בעמ,,,"י""ח",0.50,ל 100 גרם,false,1,11.50,23,false,1,
7290012936913,false,סומק 45גר.,א.ל.יצור ושיווקתבלינים בעמ,,,"י""ח",0.45,ל 100 גרם,false,1,11.50,25.56,false,1,
7290012936937,false,בהרט 40 גרם.,א.ל.יצור ושיווקתבלינים בעמ,,,"י""ח",0.40,ל 100 גרם,false,1,11.50,28.75,false,1,
7290012936944,false,אגוז מוסקט טחון 40גר. צנצנת,א.ל.יצור ושיווקתבלינים בעמ,,,"י""ח",0.50,ל 100 גרם,false,1,14.50,29,false,1,
7290012962448,false,"מדליק פחמים נוזלי 250מ""ל עם פקק ביטחון",אינטרסן (1996) בעמ,,,"י""ח",2.50,"ל 100 מ""ל",false,1,9.80,3.92,false,1,
7290012962561,false,קיסמי שיניים 500יח,אינטרסן (1996) בעמ,,,"י""ח",200,"י""ח",false,1,4.90,0.02,true,1,
7290012962844,false,נובי מוצץ סיליקון סימטרי קצר זוג,אינטרסן (1996) בעמ,,,"י""ח",1,,false,1,24.90,24.90,false,1,
7290012983153,false,סילאן טבעי לחיץ 400ג,תה ויסוצקי (ישראל)בעמ,,,"י""ח",4,ל 100 גרם,false,1,16.90,4.23,true,1,
7290012996672,false,סבוני אסלה כחול זוגי,יעקב יעקבי ובניו בעמ,,,"י""ח",0.88,"ל 100 מ""ל",false,1,9.90,11.25,false,1,
7290013027399,false,#לחם אנג ל 100 קל,שלמה א.אנג ל בעמ,,,"י""ח",7.50,ל 100 גרם,false,1,13.90,1.85,false,1,
7290013038432,false,אקווה נובה 2 ליטר בודד,טמפו משקאות בעמ,,,"י""ח",2,ליטר,false,1,3.60,1.65,false,1,
7290013083661,false,מטרנה אקסטרה קר שלב 1 חסכון 700גר`,קבוצת אוסם סחר-שות.מוגבלת,,,"י""ח",7,ל 100 גרם,false,1,59.90,8.56,false,1,
7290013083678,false,מטרנה אקסטרה קר שלב 2חסכון 700גר`,קבוצת אוסם סחר-שות.מוגבלת,,,"י""ח",7,ל 100 גרם,false,1,59.90,8.56,false,1,
7290013083685,false,מטרנה אקסטרה קר שלב 3חסכון 700גר`,קבוצת אוסם סחר-שות.מוגבלת,,,"י""ח",7,ל 100 גרם,false,1,59.90,8.56,false,1,
7290013117212,false,בורקס פילו במילוי גבינה 600 גר`מעדנות,תנובה בשר,,,"י""ח",6,ל 100 גרם,false,1,19.90,3.32,false,1,
7290013117236,false,בורקס פילו פיצה 600גר`,תנובה בשר,,,"י""ח",6,ל 100 גרם,false,1,19.90,3.32,false,1,
7290013117526,false,בצק שמרים למאפים מתוקים 900גרם,תנובה בשר,,,"י""ח",9,ל 100 גרם,false,1,22.90,2.54,false,1,
7290013144171,false,תערובת עוגת שוקולד 560גר`,א.ל.יצור ושיווקתבלינים בעמ,,,"י""ח",5.60,ל 100 גרם,false,1,16.90,3.02,true,1,
7290013144218,false,תערובת עוגת וניל 560גר`,א.ל.יצור ושיווקתבלינים בעמ,,,"י""ח",5.60,ל 100 גרם,false,1,16.90,3.02,true,1,
7290013144232,false,פודינג וניל,א.ל.יצור ושיווקתבלינים בעמ,,,"י""ח",85,ל 100 גרם,false,1,4.90,0.06,true,1,
7290013144270,false,קרם פטיסייר 100גר`,א.ל.יצור ושיווקתבלינים בעמ,,,"י""ח",1,ל 100 גרם,false,1,9.90,9.90,false,1,
7290013144393,false,תמצית וניל,א.ל.יצור ושיווקתבלינים בעמ,,,"י""ח",1,,false,1,4.90,4.90,false,1,
7290013144409,false,תמצית רום,א.ל.יצור ושיווקתבלינים בעמ,,,"י""ח",1,,false,1,4.90,4.90,false,1,
7290013144416,false,תמצית שקדים,א.ל.יצור ושיווקתבלינים בעמ,,,"י""ח",1,,false,1,4.90,4.90,false,1,
7290013144614,false,"סירופ מייפל אמיתי 100% 236מ""ל מימונס",א.ל.יצור ושיווקתבלינים בעמ,,,"י""ח",2.36,"ל 100 מ""ל",false,1,29.90,12.67,false,1,
7290013144812,false,אייס קפה בטעם וניל 320גר מימונס.,א.ל.יצור ושיווקתבלינים בעמ,,,"י""ח",3.20,ל 100 גרם,false,1,17.90,5.59,true,1,
7290013145017,false,אגוז מלך קלוף 100גר`,א.ל.יצור ושיווקתבלינים בעמ,,,"י""ח",1,ל 100 גרם,false,1,12.90,12.90,false,1,
7290013145031,false,אגוזי לוז מסוכרים 100גר`.,א.ל.יצור ושיווקתבלינים בעמ,,,"י""ח",1,ל 100 גרם,false,1,12.90,12.90,false,1,
7290013145109,false,שקד מולבן טחון 100 גר`מימונס,א.ל.יצור ושיווקתבלינים בעמ,,,"י""ח",1,ל 100 גרם,false,1,12.90,12.90,true,1,
7290013145116,false,שקד מולבן מקלות 100גר`,א.ל.יצור ושיווקתבלינים בעמ,,,"י""ח",1,ל 100 גרם,false,1,12.90,12.90,true,1,
7290013145130,false,שקד מולבן חצוי 100גר,א.ל.יצור ושיווקתבלינים בעמ,,,"י""ח",1,ל 100 גרם,false,1,12.90,12.90,true,1,
7290013145178,false,קוקוס טחון לבן 100 גר`מימונס,א.ל.יצור ושיווקתבלינים בעמ,,,"י""ח",1,ל 100 גרם,false,1,4.60,4.60,false,1,
7290013145192,false,שומשום 100 גר`מימונס,א.ל.יצור ושיווקתבלינים בעמ,,,"י""ח",1,ל 100 גרם,false,1,4.60,4.60,false,1,
7290013145215,false,שומשום 400גר` מימונס,א.ל.יצור ושיווקתבלינים בעמ,,,"י""ח",4,ל 100 גרם,false,1,14.90,3.73,false,1,
7290013145277,false,עלים לקרמשניט 300ג,א.ל.יצור ושיווקתבלינים בעמ,,,"י""ח",3,ל 100 גרם,false,1,16.90,5.63,false,1,
7290013145390,false,שוקולד צ`יפס 250 גר`מימונס,א.ל.יצור ושיווקתבלינים בעמ,,,"י""ח",2.50,ל 100 גרם,false,1,9.30,3.72,false,1,
7290013145406,false,שוקולד צ`יפס לבן 250 גר`מימונס,א.ל.יצור ושיווקתבלינים בעמ,,,"י""ח",2.50,"ל 100 מ""ל",false,1,9.90,3.96,false,1,
7290013145451,false,קקאו 150גר מימונס,א.ל.יצור ושיווקתבלינים בעמ,,,"י""ח",1.50,ל 100 גרם,false,1,8.90,5.93,false,1,
7290013145567,false,מיני מיני עדשים 90גר`.,א.ל.יצור ושיווקתבלינים בעמ,,,"י""ח",1,,false,1,10.90,10.90,false,1,
7290013145628,false,סוכריות צבעוניות 200גר,א.ל.יצור ושיווקתבלינים בעמ,,,"י""ח",4,ל 100 גרם,false,1,8.90,2.23,false,1,
7290013145840,false,סוכר וניל מימונס 10יח בצלופן,א.ל.יצור ושיווקתבלינים בעמ,,,"י""ח",10,"י""ח",false,1,2.30,0.23,false,1,
7290013145857,false,אבקת אפיה  מימונס 10יח בצלופן,א.ל.יצור ושיווקתבלינים בעמ,,,"י""ח",10,"י""ח",false,1,2.50,0.25,false,1,
7290013145901,false,סודה לשתיה 100גר`,א.ל.יצור ושיווקתבלינים בעמ,,,"י""ח",1,ל 100 גרם,false,1,1.90,1.90,false,1,
7290013145918,false,אבקת סוכר 100 גר`מימונס,א.ל.יצור ושיווקתבלינים בעמ,,,"י""ח",1,ל 100 גרם,false,1,1.90,1.90,false,1,
7290013145963,false,שמרים יבשים בואקום 125גרם מימונס,א.ל.יצור ושיווקתבלינים בעמ,,,"י""ח",1.25,ל 100 גרם,false,1,5.90,4.72,false,1,
7290013146014,false,מלית אוכמניות 70% פרי 400גר`,א.ל.יצור ושיווקתבלינים בעמ,,,"י""ח",4,ל 100 גרם,false,1,15.90,3.98,false,1,
7290013146243,false,פודינג בטעם וניל מימונס 320גר,א.ל.יצור ושיווקתבלינים בעמ,,,"י""ח",2.55,ל 100 גרם,false,1,11.90,4.67,false,1,
7290013146656,false,כוכבים תכלת ירוק לבן לקישוט 60גר.,א.ל.יצור ושיווקתבלינים בעמ,,,"י""ח",0.60,ל 100 גרם,false,1,11.90,19.83,false,1,
7290013146663,false,אטריות צבעוניות לקישוט 55גר.,א.ל.יצור ושיווקתבלינים בעמ,,,"י""ח",0.55,ל 100 גרם,false,1,11.90,21.64,true,1,
7290013146670,false,סוכריות לב סגול ורוד לבן לקישוט 60גר,א.ל.יצור ושיווקתבלינים בעמ,,,"י""ח",0.60,ל 100 גרם,false,1,11.90,19.83,true,1,
7290013146816,false,אבקת סוכר שקית 500ג.,א.ל.יצור ושיווקתבלינים בעמ,,,"י""ח",2,ל 100 גרם,false,1,7.20,3.60,false,1,
7290013146854,false,קוקוס לבן 400ג מימונס,א.ל.יצור ושיווקתבלינים בעמ,,,"י""ח",1,,false,1,14.90,14.90,false,1,
7290013153593,false,תפוזים מתקתק 100% 1ל,*החברה המרכזית להפצת משקאותבעמ,,,"י""ח",1,ליטר,false,1,11.90,11.90,false,1,
7290013156822,false,עוגיות רייף 350ג גאקובס,הלל בן הלל שיווק ומסחר בעמ,,,"י""ח",3.50,ל 100 גרם,false,1,16.90,4.83,false,1,
7290013156921,false,אצבעות מתוקות   350ג גאקובס,הלל בן הלל שיווק ומסחר בעמ,,,"י""ח",3.50,ל 100 גרם,false,1,16.90,4.83,false,1,
7290013215017,false,פטריות צמד,ביכורי השדה צפון 1994 ג.ד. בעמ,,,"י""ח",1,,false,1,18.90,18.90,false,1,
7290013268037,false,מרכך כביסה מקסימה 1 ליטר מרוכז,החב הדרומית לשיווק,,,"י""ח",1,ליטר,false,1,17.50,17.50,false,1,
7290013268242,false,ריצפז פרש הום  2ל לרצפה מלון מפנק,החב הדרומית לשיווק,,,"י""ח",1.45,ליטר,false,1,19.80,13.66,false,1,
7290013268464,false,"קרמה קרם גוף מאסק 500מ""ל",החב הדרומית לשיווק,,,"י""ח",5,"ל 100 מ""ל",false,1,24.90,4.98,false,1,
7290013268884,false,ריצפז פרש מאסק 2 ליטר,החב הדרומית לשיווק,,,"י""ח",2,ליטר,false,1,19.90,9.95,false,1,
7290013268891,false,"סנו אוקסיגן  ג""ל 3ליטר",החב הדרומית לשיווק,,,"י""ח",3,ליטר,false,1,28.90,9.63,false,1,
7290013268938,false,סנו בון שלישייה MUSK,החב הדרומית לשיווק,,,"י""ח",1.65,ל 100 גרם,false,1,11.90,7.21,false,1,
7290013268983,false,מרכך מקסימה סופר מרוכז MOMENTS 1 ליטר,החב הדרומית לשיווק,,,"י""ח",1,ליטר,false,1,17.50,17.50,false,1,
7290013268990,false,מרכך כביסה ביו מקסימה 1 ליטר מרוכז,החב הדרומית לשיווק,,,"י""ח",1,ליטר,false,1,17.50,17.50,false,1,
7290013269157,false,תרסיס מקסימה סגול למייבש כביסה לבנדר,החב הדרומית לשיווק,,,"י""ח",7.50,"ל 100 מ""ל",false,1,17.90,2.39,true,1,
7290013269287,false,סנו ג ל כביסה 3ליטר ביו,החב הדרומית לשיווק,,,"י""ח",3,ליטר,false,1,28.90,9.63,false,1,
7290013269621,false,ריצפז פרש הום  2ל לרצפה מלון בוטיק,החב הדרומית לשיווק,,,"י""ח",1.45,ליטר,false,1,19.80,13.66,false,1,
7290013269645,false,מטליות לחות לרצפה מאסק 10 יחידות,החב הדרומית לשיווק,,,"י""ח",1,,false,1,12.90,12.90,false,1,
7290013269669,false,ריצפז פנטזיה  3 ליטר,החב הדרומית לשיווק,,,"י""ח",3,ליטר,false,1,11.70,3.90,false,1,
7290013269706,false,סנובון ג ל אסלה,החב הדרומית לשיווק,,,"י""ח",0.65,"ל 100 מ""ל",false,1,5.90,9.08,false,1,
7290013269751,false,מטליות לחות לרצפה מלון בוטיק  10 יחידו,החב הדרומית לשיווק,,,"י""ח",1,,false,1,12.90,12.90,false,1,
7290013284310,false,רוטב פסטה 240גר פריניר,ח.כהן סוכנות מזון ומשקאות בע,,,"י""ח",0.70,ל 100 גרם,false,1,5.90,8.43,false,1,
7290013284662,false,רוטב פיצה  240גר פריניר,ח.כהן סוכנות מזון ומשקאות בע,,,"י""ח",0.70,ל 100 גרם,false,1,5.90,8.43,false,1,
7290013310163,false,מדליק פחמים מוצק 40יח,אינטרסן (1996) בעמ,,,"י""ח",40,"י""ח",false,1,6.50,0.16,false,1,
7290013310378,false,כפפות ניטריל  80יח S EASY TOUCH,אינטרסן (1996) בעמ,,,"י""ח",80,"י""ח",false,1,24.90,0.31,true,1,
7290013310385,false,כפפות ניטריל   80יח M EASY TOUCH,אינטרסן (1996) בעמ,,,"י""ח",80,"י""ח",false,1,24.90,0.31,true,1,
7290013310392,false,כפפות ניטריל 80יח L EASY TOUCH,אינטרסן (1996) בעמ,,,"י""ח",80,"י""ח",false,1,24.90,0.31,true,1,
7290013358356,false,פירורי לחם מוזהבים 320גרם מאסטרשף,ש.שסטוביץ בעמ,,,"י""ח",3.20,ל 100 גרם,false,1,6.90,2.16,false,1,
7290013358363,false,פירורי לחם יפני פנקו מוזהבים 300גרם,ש.שסטוביץ בעמ,,,"י""ח",3,ל 100 גרם,false,1,9.90,3.30,false,1,
7290013358417,false,"רוטב טריאקי 300מ""ל",ש.שסטוביץ בעמ,,,"י""ח",3,"ל 100 מ""ל",false,1,9.90,3.30,false,1,
7290013358431,false,קרוטונים לסלט בתיבול עגבניות ובזיליקום,ש.שסטוביץ בעמ,,,"י""ח",2,ל 100 גרם,false,1,11.90,5.95,true,1,
7290013358448,false,קרוטונים לסלט 4דגנים 200גר מאסטר שף,ש.שסטוביץ בעמ,,,"י""ח",2,ל 100 גרם,false,1,11.90,5.95,true,1,
7290013358530,false,"רוטב צ`ילי מתוק  700מ""ל מאסטר שף",ש.שסטוביץ בעמ,,,"י""ח",7,"ל 100 מ""ל",false,1,11.90,1.70,false,1,
7290013361981,false,"צ`פס 2ק""ג פרי גליל",ויטה- פרי גליל (החדשה) בעמ,,,"י""ח",2,"ק""ג",false,1,21.90,10.95,false,1,
7290013361998,false,"סטייק צ`פס 2ק""ג פרי גליל",ויטה- פרי גליל (החדשה) בעמ,,,"י""ח",2,"ק""ג",false,1,21.90,10.95,false,1,
7290013412232,false,חיתולי נועם אקו רגולר L,שקד תבל בעמ,,,"י""ח",1,,false,1,43.90,43.90,false,1,
7290013412966,false,מגבונים  טולי מארז 4 יחידות,שקד תבל בעמ,,,"י""ח",4,"י""ח",false,1,12.90,3.23,true,1,
7290013472199,false,ערמונים 100גרם ויליפוד,ג.וילי פוד אינטרנשיונל בעמ,,,"י""ח",1,ל 100 גרם,false,1,5.90,5.90,true,1,
7290013492005,false,"תפו""א ננסי  למיקרו שמיטה",ביכורי השדה צפון 1994 ג.ד. בעמ,,,"י""ח",1,,false,1,8.90,8.90,true,1,
7290013531117,false,"רוטב פסטה קיד  240ג בד""ץ",זנלכל בעמ,,,"י""ח",2.40,ל 100 גרם,false,1,5.50,2.29,false,1,
7290013531582,false,שלישייה זיתים חרוזית יכין 3*200גר,זנלכל בעמ,,,"י""ח",6,ל 100 גרם,false,1,14.90,2.48,false,1,
7290013531612,false,רוטב נפוליטנה 240 גר`פלסטיק.,זנלכל בעמ,,,"י""ח",2.40,ל 100 גרם,false,1,5.50,2.29,false,1,
7290013531629,false,רוטב פומודורו 240 גר`פלסטיק,זנלכל בעמ,,,"י""ח",2.40,ל 100 גרם,false,1,5.50,2.29,false,1,
7290013531759,false,שעועית  אפויה במים,זנלכל בעמ,,,"י""ח",6,ל 100 גרם,false,1,9.90,1.65,false,1,
7290013534057,false,"צ`יפס בטטה טבעי 100גרם כשל""פ",מיה תעשיות מזון מ.ת.מ בעמ,,,"י""ח",1,ל 100 גרם,false,1,7.90,7.90,false,1,
7290013585233,false,"פחית ספרייט ZERO  סליק 330מ""ל",החברה המרכזית להפצת משקאות בעמ,,,"י""ח",3.30,"ל 100 מ""ל",false,1,4.50,1.27,true,1,
7290013585387,false,קוקה קולה 1ליטר ZERO,החברה המרכזית להפצת משקאות בעמ,,,"י""ח",1,ליטר,false,1,7.10,7.10,false,1,
7290013585394,false,קוקה קולה 1ליטר,החברה המרכזית להפצת משקאות בעמ,,,"י""ח",1,ליטר,false,1,7.10,7.10,false,1,
7290013608260,false,פרימור מיץ רימון  100% 1ליטר,שטראוס גרופ ***בעמ,,,"י""ח",1,ליטר,false,1,22.90,22.90,true,1,
7290013652782,false,קרם לחות לשיער מתולתל 400 גרם,פישר תעשיות פרמבצטיות בעמ,,,"י""ח",4,"ל 100 מ""ל",false,1,23.90,5.98,false,1,
7290013675545,false,שניצל כלי תחבורה מאמא עוף 700ג,תנובה בשר,,,"י""ח",6.50,ל 100 גרם,false,1,34.90,5.37,false,1,
7290013677266,false,תבלין לפיצה  80 גר`שקית,מיה תעשיות מזון מ.ת.מ בעמ,,,"י""ח",0.80,ל 100 גרם,false,1,5.50,6.88,false,1,
7290013677273,false,דגיל דג   80 גר`שקית,מיה תעשיות מזון מ.ת.מ בעמ,,,"י""ח",0.80,ל 100 גרם,false,1,5.50,6.88,false,1,
7290013677303,false,חוויג תימני 50 גר`שקית,מיה תעשיות מזון מ.ת.מ בעמ,,,"י""ח",0.50,ל 100 גרם,false,1,5.50,11,false,1,
7290013677310,false,גריל בשר 80 גר`שקית,מיה תעשיות מזון מ.ת.מ בעמ,,,"י""ח",0.80,ל 100 גרם,false,1,5.50,6.88,false,1,
7290013677334,false,תבלין על האש 50 גר`שקית,מיה תעשיות מזון מ.ת.מ בעמ,,,"י""ח",0.50,ל 100 גרם,false,1,5.50,11,false,1,
7290013677648,false,שמן זית למאור1   ליטר מיה,מיה תעשיות מזון מ.ת.מ בעמ,,,"י""ח",1,"ל 100 מ""ל",false,1,18.90,18.90,false,1,
7290013677679,false,סודה לשתיה 80גרם שקית,מיה תעשיות מזון מ.ת.מ בעמ,,,"י""ח",0.80,ל 100 גרם,false,1,4.70,5.88,false,1,
7290013702050,false,שוופס ווטר ענבים 0.5ל,יפאורה שותפות מוגבלת לשיווק,,,"י""ח",5,"ל 100 מ""ל",false,1,6.50,1.24,true,1,
7290013702388,false,"שוופס 500מ""ל טעם תפוח",יפאורה שותפות מוגבלת לשיווק,,,"י""ח",5,"ל 100 מ""ל",false,1,6.50,1.24,true,1,
7290013724960,false,שקדים בשוקולד חלב בקופסא 140 גרם,דין שיווק וקליה 2021 בעמ,,,"י""ח",1.40,ל 100 גרם,false,1,12.90,9.21,false,1,
7290013847867,false,טונה סטארקיסט בשמן סויה 140גר(זוג),דיפלומט מפיצים (1968) בעמ**,,,"י""ח",2.80,ל 100 גרם,false,1,11.90,4.25,true,1,
7290013848017,false,"סנו נירוסטה מתז500 מ""ל",החב הדרומית לשיווק,,,"י""ח",5,"ל 100 מ""ל",false,1,19.90,3.98,false,1,
7290013848345,false,מטליות חיטוי וניקוי יסודי 99.9% 1/3 סנ,החב הדרומית לשיווק,,,"י""ח",3,"י""ח",false,1,24.90,8.30,false,1,
7290013848581,false,מגבת נייר סנו גליל ענק,החב הדרומית לשיווק,,,"י""ח",1,"י""ח",false,1,12.90,12.90,false,1,
7290013848758,false,ג`ל כביסה מקסימה  בייבי 3ליטר,החב הדרומית לשיווק,,,"י""ח",3,ליטר,false,1,32.80,10.93,false,1,
7290013848970,false,קרמה ספריי קלאסי,החב הדרומית לשיווק,,,"י""ח",0.80,"ל 100 מ""ל",false,1,9.90,12.38,false,1,
7290013906212,false,"נקניקיות  וינר 1ק""ג טירת צבי",תנובה בשר,,,"י""ח",1.80,"ק""ג",false,1,22.90,12.72,false,1,
7290013906687,false,צמד כפרי ברביקיו ודבש 600ג,תנובה בשר,,,"י""ח",6,ל 100 גרם,false,1,29.90,4.98,false,1,
7290013906694,false,"נקנקיות עוף טירת צבי 1.5ק""ג",תנובה בשר,,,"י""ח",1.50,"ק""ג",false,1,29.90,19.93,false,1,
7290013927057,false,עוגיות שוקולד צ`יפס 400 גרם אחוה,אחדות בעמ,,,"י""ח",4,ל 100 גרם,false,1,10.90,2.73,false,1,
7290013927200,false,עוגיות שוקולד צ`יפס עשירה 400גרם אחוה,אחדות בעמ,,,"י""ח",4.50,ל 100 גרם,false,1,10.90,2.42,false,1,
7290013927514,false,רוגעלך קינמון מגש 400ג,אחדות בעמ,,,"י""ח",4,ל 100 גרם,false,1,13.90,3.48,false,1,
7290013927996,false,עוגת שמרים קראנץ טעם שוקולד  (400 אחוה),אחדות בעמ,,,"י""ח",4,ל 100 גרם,false,1,10.90,2.73,false,1,
7290013971555,false,סוללות 12יח מעורב פוגיקום,פוגיקום בעמ,,,"י""ח",1,,false,1,19.90,19.90,true,1,
7290014002944,false,גן הקסום חליטת  חמדת שקד 25שק,תה ויסוצקי (ישראל)בעמ,,,"י""ח",1,,false,1,17.90,17.90,true,1,
7290014046016,false,פסטרמה של פעם 100% חומרים טבעיים 250גר,מעדני יחיעם 1993 בעמ,,,"י""ח",2.50,ל 100 גרם,false,1,26.90,10.76,false,1,
7290014069275,false,פיתה,מאפיית הראשונים מ.ל. בעמ,,,"י""ח",1,"י""ח",false,1,1.40,1.40,true,1,
7290014083813,false,שפרוטים  מעושנים בשמן 190גר`,ג.וילי פוד אינטרנשיונל בעמ,,,"י""ח",1.60,ל 100 גרם,false,1,7.90,4.94,false,1,
7290014094352,false,אגוזי מלך 200גר בקופסא,דין שיווק וקליה 2021 בעמ,,,"י""ח",2.50,ל 100 גרם,false,1,14.90,5.96,false,1,
7290014094369,false,שקד טבעי 200גר בקופסא,דין שיווק וקליה 2021 בעמ,,,"י""ח",2.50,ל 100 גרם,false,1,19.90,7.96,false,1,
7290014094383,false,משמש 250גר בקופסא,דין שיווק וקליה 2021 בעמ,,,"י""ח",2.50,ל 100 גרם,false,1,19.90,7.96,false,1,
7290014094543,false,"תרסיס שמן קנולה 186 מ""ל",דין שיווק וקליה 2021 בעמ,,,"י""ח",2.50,"ל 100 מ""ל",false,1,14.90,5.96,false,1,
7290014094567,false,"שמן זית כתית מעולה 750מ""ל אהרוני",דין שיווק וקליה 2021 בעמ,,,"י""ח",7.50,"ל 100 מ""ל",false,1,31.90,4.25,false,1,
7290014094642,false,קשיו טבעי גדול 200גר בקופסא,דין שיווק וקליה 2021 בעמ,,,"י""ח",2,ל 100 גרם,false,1,19.90,9.95,false,1,
7290014094833,false,צימוק לבן שקית  300ג.,דין שיווק וקליה 2021 בעמ,,,"י""ח",3,ל 100 גרם,false,1,12.90,4.30,false,1,
7290014094895,false,אגוזי מלך קלופים  150ג (דין שיווק),דין שיווק וקליה 2021 בעמ,,,"י""ח",1.50,ל 100 גרם,false,1,12.90,8.60,false,1,
7290014126428,false,סטיביה 150טבליות,דנשר (1963) בעמ,,,"י""ח",1.50,ל 100 גרם,false,1,24.90,16.60,false,1,
7290014204560,false,"סבון 500מ""ל שלישייה פנינה",פנינה רוזנבלום בעמ,,,"י""ח",0.50,ליטר,false,1,14.90,29.80,true,1,
7290014204591,false,"שמפו לילדים 750מ""ל",פנינה רוזנבלום בעמ,,,"י""ח",7.50,"ל 100 מ""ל",false,1,18.90,2.52,false,1,
7290014205000,false,"צלחות גדולות *50 ""שווה""",ח.כהן סוכנות מזון ומשקאות בע,,,"י""ח",50,"י""ח",false,1,14.90,0.30,false,1,
7290014205024,false,קערה אובלית 25  יח`לבן,ח.כהן סוכנות מזון ומשקאות בע,,,"י""ח",30,"י""ח",false,1,5.90,0.20,true,1,
7290014205031,false,"לפתניה""שווה""לבן 25",ח.כהן סוכנות מזון ומשקאות בע,,,"י""ח",25,"י""ח",false,1,4.90,0.20,true,1,
7290014205048,false,"מרקיה""שווה""לבן 25",ח.כהן סוכנות מזון ומשקאות בע,,,"י""ח",25,ל 100 גרם,false,1,7.90,0.32,false,1,
7290014205055,false,"צלחת   עמוקה""שווה""30יח לבן",ח.כהן סוכנות מזון ומשקאות בע,,,"י""ח",30,"י""ח",false,1,14.90,0.50,false,1,
7290014205062,false,"כוסות ח""פ פלסטיק ""100שווה"".",ח.כהן סוכנות מזון ומשקאות בע,,,"י""ח",100,"י""ח",false,1,8.90,0.09,false,1,
7290014205093,false,דבש  350ג שווה,ח.כהן סוכנות מזון ומשקאות בע,,,"י""ח",3.50,ל 100 גרם,false,1,18.90,5.40,false,1,
7290014205147,false,"צלחת   קטן""שווה""צבעוני 25",ח.כהן סוכנות מזון ומשקאות בע,,,"י""ח",25,"י""ח",false,1,6.90,0.28,false,1,
7290014205178,false,"מרקיה  ""שווה"" צבעוני 25",ח.כהן סוכנות מזון ומשקאות בע,,,"י""ח",25,ל 100 גרם,false,1,8.90,0.36,false,1,
7290014205673,false,שמן סויה מזוכך 1 ליטר,ח.כהן סוכנויות מזון ומשקאות***,,,"י""ח",1,ליטר,false,1,9.90,9.90,false,1,
7290014205765,false,מפות שולחן 8* עבה במיוחד 1.35/2.4 מ`שו,ח.כהן סוכנות מזון ומשקאות בע,,,"י""ח",25,"י""ח",false,1,11.90,0.48,false,1,
7290014205802,false,שקיות הקפאה שווה 200יח זוג,ח.כהן סוכנות מזון ומשקאות בע,,,"י""ח",200,"י""ח",false,1,7.90,0.04,false,1,
7290014205826,false,שקיות אשפה ירוק 52/65 שרוך שווה 50יח,ח.כהן סוכנות מזון ומשקאות בע,,,"י""ח",50,"י""ח",false,1,17.90,0.36,false,1,
7290014206182,false,תבניות מאפינס גדולים  40יח שווה,ח.כהן סוכנות מזון ומשקאות בע,,,"י""ח",40,"י""ח",false,1,7.90,0.20,false,1,
7290014206250,false,מפיות נייר 1/80 מעוטרות שווה,ח.כהן סוכנות מזון ומשקאות בע,,,"י""ח",80,"י""ח",false,1,6.90,0.09,true,1,
7290014206274,false,גפרור אקסטרה לארג שווה,ח.כהן סוכנות מזון ומשקאות בע,,,"י""ח",1,,false,1,6.90,6.90,true,1,
7290014206410,false,נוזל חלונות זוג 1ל שווה,ח.כהן סוכנות מזון ומשקאות בע,,,"י""ח",2,ליטר,false,1,8.90,4.45,false,1,
7290014206496,false,גליל מפה מוטבעת 15 מטר  שווה,ח.כהן סוכנות מזון ומשקאות בע,,,,1,,false,1,44.90,44.90,false,1,
7290014206526,false,שקיות מזון מרשרש 150יח *3,ח.כהן סוכנות מזון ומשקאות בע,,,"י""ח",1,,false,1,13.90,13.90,true,1,
7290014206861,false,סרדינים בשמן זית 125גר שווה,ח.כהן סוכנות מזון ומשקאות בע,,,"י""ח",1.25,ל 100 גרם,false,1,5.90,4.72,false,1,
7290014206908,false,אננס שלם A2  שווה,ח.כהן סוכנות מזון ומשקאות בע,,,"י""ח",2.27,ל 100 גרם,false,1,7.90,3.48,false,1,
7290014206915,false,"לפתניה קשוף  ""שווה"" 20יח",ח.כהן סוכנות מזון ומשקאות בע,,,"י""ח",20,ל 100 גרם,false,1,5.90,0.30,false,1,
7290014206922,false,"קערית אובלית קשוף  ""שווה"" 20יח",ח.כהן סוכנות מזון ומשקאות בע,,,"י""ח",20,ל 100 גרם,false,1,6.90,0.35,false,1,
7290014206939,false,"מרקיה קשופה  ""שווה"" 20יח",ח.כהן סוכנות מזון ומשקאות בע,,,"י""ח",20,ל 100 גרם,false,1,9.90,0.50,false,1,
7290014206946,false,"צלחת קטנה קשופה  ""שווה"" 20יח",ח.כהן סוכנות מזון ומשקאות בע,,,"י""ח",20,ל 100 גרם,false,1,8.90,0.45,false,1,
7290014206953,false,"צלחת גדולה קשופה  ""שווה"" 20יח",ח.כהן סוכנות מזון ומשקאות בע,,,"י""ח",20,ל 100 גרם,false,1,16.90,0.85,true,1,
7290014206960,false,"צלחת ענקית קשופה  ""שווה"" 20יח",ח.כהן סוכנות מזון ומשקאות בע,,,"י""ח",20,ל 100 גרם,false,1,24.90,1.25,true,1,
7290014218321,false,בורקס  יפו מעדנות גבינה 600ג,תנובה בשר,,,"י""ח",6,ל 100 גרם,false,1,17.90,2.98,false,1,
7290014218338,false,"בורקס יפו מעדנות תפו""א  600ג",תנובה בשר,,,"י""ח",6,ל 100 גרם,false,1,15.90,2.65,false,1,
7290014218536,false,"בצק עלים מופחת שומן 1ק""ג",תנובה בשר,,,"י""ח",1,"ק""ג",false,1,21.90,21.90,false,1,
7290014218932,false,חטיפי פיצה  עם זיתים מעדנות,תנובה בשר,,,"י""ח",7.10,ל 100 גרם,false,1,22.90,3.23,false,1,
7290014256637,false,סלקטד לבן יאנג  BUZZ מוסקטו,אגודת הכורמים,,,"י""ח",7.50,"ל 100 מ""ל",false,1,27.90,3.68,true,1,
7290014288058,false,"להבונים 50 שקית  ""שווה""",ח.כהן סוכנות מזון ומשקאות בע,,,"י""ח",1,,false,1,10.90,10.90,true,1,
7290014288072,false,כריות יפניות רביעייה   שווה,ח.כהן סוכנות מזון ומשקאות בע,,,"י""ח",1,"י""ח",false,1,6.90,6.90,false,1,
7290014288089,false,סרטי קירצוף זוגות שווה איכותי,ח.כהן סוכנות מזון ומשקאות בע,,,"י""ח",10,"י""ח",false,1,5.90,0.59,false,1,
7290014288317,false,טורטיה 6יח 420ג שווה,ח.כהן סוכנות מזון ומשקאות בע,,,"י""ח",3.20,ל 100 גרם,false,1,10.90,3.41,true,1,
7290014288331,false,נודלס טעם עוף  60ג שווה,ח.כהן סוכנות מזון ומשקאות בע,,,"י""ח",0.60,ל 100 גרם,false,1,4.90,8.17,true,1,
7290014288355,false,נודלס טעם בקר 60ג שווה,ח.כהן סוכנות מזון ומשקאות בע,,,"י""ח",0.60,ל 100 גרם,false,1,4.90,8.17,true,1,
7290014288379,false,ערמונים 100ג שווה,ח.כהן סוכנות מזון ומשקאות בע,,,"י""ח",1,ל 100 גרם,false,1,5.90,5.90,true,1,
7290014288461,false,"נר נשמה פחית ""שווה""",ח.כהן סוכנות מזון ומשקאות בע,,,"י""ח",1,,false,1,2.90,2.90,true,1,
7290014288584,false,נייר אפיה 50יח איכותי  שווה,ח.כהן סוכנות מזון ומשקאות בע,,,"י""ח",50,"י""ח",false,1,9.90,0.20,true,1,
7290014288591,false,רדיד אלומיניום 7.5/30 קצר שווה 14,ח.כהן סוכנות מזון ומשקאות בע,,,,10,"י""ח",false,1,4.90,0.49,false,1,
7290014288645,false,מגבונים מגבופיל 72יח  שווה,ח.כהן סוכנות מזון ומשקאות בע,,,"י""ח",72,"י""ח",false,1,18.90,0.26,false,1,
7290014288720,false,כוסות וודקה 350CC שווה,ח.כהן סוכנות מזון ומשקאות בע,,,,10,"י""ח",false,1,9.90,0.99,false,1,
7290014288744,false,"נר נשמה שבועי   בזכוכית""שווה""",ח.כהן סוכנות מזון ומשקאות בע,,,"י""ח",1,,false,1,9.90,9.90,false,1,
7290014288980,false,.נייר טישו 1/5 דו שכבתי שווה,ח.כהן סוכנות מזון ומשקאות בע,,,"י""ח",5,"י""ח",false,1,11.90,2.38,false,1,
7290014325050,false,קורנפלור 500ג,מיה תעשיות מזון מ.ת.מ בעמ,,,"י""ח",3,ל 100 גרם,false,1,3.90,1.30,false,1,
7290014356061,false,ספגטי 500גר שדות,אחים אגא (א.מ.) שיווק,,,"י""ח",5,ל 100 גרם,false,1,3.90,0.78,true,1,
7290014356085,false,פסטה מסולסלת  500גר שדות,אחים אגא (א.מ.) שיווק,,,"י""ח",5,ל 100 גרם,false,1,3.90,0.78,true,1,
7290014356092,false,ספגטי 500גר שדות,אחים אגא (א.מ.) שיווק,,,"י""ח",5,ל 100 גרם,false,1,3.90,0.78,true,1,
7290014356207,false,"שמן קנולה בריאות""שדות""בד""ץ  1ל",אחים אגא (א.מ.) שיווק,,,"י""ח",1,ליטר,false,1,13.90,13.90,true,1,
7290014356245,false,שמן קנולה 1 ליטר שדות.,אחים אגא (א.מ.) שיווק,,,"י""ח",1,ליטר,false,1,11.90,11.90,true,1,
7290014356450,false,פסטה צדפים  500גר שדות,אחים אגא (א.מ.) שיווק,,,"י""ח",5,ל 100 גרם,false,1,3.90,0.78,true,1,
7290014356818,false,"סוכר   לבן שדות  1ק""ג.",אחים אגא (א.מ.) שיווק,,,"י""ח",1,"ק""ג",false,1,4.30,4.30,false,1,
7290014356917,false,חצאי אפרסק בסירופ קל 820גר שדות,אחים אגא (א.מ.) שיווק,,,"י""ח",8.20,ל 100 גרם,false,1,8.90,1.09,false,1,
7290014356962,false,פתיתים בצורת קוסקוס 500ג אגא,אחים אגא (א.מ.) שיווק,,,"י""ח",5,ל 100 גרם,false,1,4.50,0.90,true,1,
7290014356979,false,פתיתים בצורת אורז 500ג אגא,אחים אגא (א.מ.) שיווק,,,"י""ח",5,ל 100 גרם,false,1,4.50,0.90,true,1,
7290014397156,false,"קרם גוף קרמה פרח וניל 500 מ""ל",החב הדרומית לשיווק,,,"י""ח",5,"ל 100 מ""ל",false,1,24.90,4.98,false,1,
7290014397279,false,שקיות אוכל אריזת חיסכון,החב הדרומית לשיווק,,,"י""ח",1,,false,1,12.90,12.90,false,1,
7290014397286,false,מרכך כביסה מקסימה 1 ליטר מרוכז,החב הדרומית לשיווק,,,"י""ח",1,ליטר,false,1,17.50,17.50,false,1,
7290014397675,false,מרכך כביסה חלב ודבש 4 ליטר,החב הדרומית לשיווק,,,"י""ח",4,ליטר,false,1,21.90,5.48,false,1,
7290014397781,false,ריצפז פרש הום סבון מפנק  2ל לרצפה,החב הדרומית לשיווק,,,"י""ח",1.45,ליטר,false,1,19.80,13.66,false,1,
7290014397873,false,מרכך כביסה  מקסימה GENTLE BREEZE י4ל`,החב הדרומית לשיווק,,,"י""ח",4,ליטר,false,1,21.90,5.48,false,1,
7290014435704,false,סלמון מעושן פרוס  100ג(שמיר),סלטי שמיר2006בעמ,,,"י""ח",1,ל 100 גרם,false,1,21.90,21.90,false,1,
7290014455252,false,גרנה פדנו מגורד 100ג,מחלבות גד,,,"י""ח",1,ל 100 גרם,false,1,10.90,10.90,false,1,
7290014455467,false,מעדן שיבולת שועל וחלב 2% 150גר,מחלבות גד,,,"י""ח",1.50,"ל 100 מ""ל",false,1,5.50,3.67,false,1,
7290014459137,false,"סטייק ציפס  1.5ק""ג",קבוצת אוסם סחר-שות.מוגבלת,,,"י""ח",1.50,"ק""ג",false,1,24.90,16.60,false,1,
7290014459632,false,"תפוגן צ יפס טוגן 1.5 ק""ג",קבוצת אוסם סחר-שות.מוגבלת,,,"י""ח",1.50,"ק""ג",false,1,17.90,11.93,false,1,
7290014466128,false,"יין הר חרמון אינדיגו 750 מ""ל",היכל היין שקד גולן בעמ,,,"י""ח",7.50,"ל 100 מ""ל",false,1,35.90,4.75,true,1,
7290014471412,false,"מוזלי בוטנים אגוזים ושקדים 1ק""ג",דין שיווק וקליה 2021 בעמ,,,"י""ח",0,"ק""ג",false,1,19.90,19.90,true,1,
7290014472235,false,פקאן סיני מסוכר 200גר בקופסא,דין שיווק וקליה 2021 בעמ,,,"י""ח",2.50,ל 100 גרם,false,1,26.90,10.76,false,1,
7290014472471,false,גרעין חמניה קלוי ענק 200גר,דין שיווק וקליה 2021 בעמ,,,"י""ח",2,ל 100 גרם,false,1,7.90,3.95,false,1,
7290014525290,false,מרבה סלים דלים קריספי תות 125ג,ש.שסטוביץ בעמ,,,"י""ח",1.20,ל 100 גרם,false,1,12.90,10.75,true,1,
7290014525306,false,מרבה סלים דלים קריספי אוכמניות  125ג,ש.שסטוביץ בעמ,,,"י""ח",1.20,ל 100 גרם,false,1,12.90,10.75,true,1,
7290014525313,false,מרבה סלים דלים קריספי שוקולד  125ג,ש.שסטוביץ בעמ,,,"י""ח",1.20,ל 100 גרם,false,1,12.90,10.75,true,1,
7290014555082,false,מים מזוקקים 4ל מקסול,סאסאטק אגשח בעמ,,,"י""ח",1,,false,1,11.90,11.90,false,1,
7290014673038,false,תערובת תיבול טוסקנה 120ג,א.ל.יצור ושיווקתבלינים בעמ,,,"י""ח",1.20,ל 100 גרם,false,1,11.50,9.58,true,1,
7290014673359,false,מלח לימון 400גר,א.ל.יצור ושיווקתבלינים בעמ,,,"י""ח",4,ל 100 גרם,false,1,21.90,5.48,false,1,
7290014673366,false,"כורכום 250 גר. בצנצנת כשל""פ",א.ל.יצור ושיווקתבלינים בעמ,,,"י""ח",2.50,ל 100 גרם,false,1,21.90,8.76,false,1,
7290014673373,false,פפריקה חריפה 250 גר בצנצנת,א.ל.יצור ושיווקתבלינים בעמ,,,"י""ח",2.50,ל 100 גרם,false,1,21.90,8.76,false,1,
7290014673380,false,כמון 250 גר בצנצנת,א.ל.יצור ושיווקתבלינים בעמ,,,"י""ח",2.50,ל 100 גרם,false,1,21.90,8.76,false,1,
7290014673403,false,פלפל שחור טחון 250 גר בצנצנת,א.ל.יצור ושיווקתבלינים בעמ,,,"י""ח",2.50,ל 100 גרם,false,1,27.90,11.16,false,1,
7290014673410,false,פלפל גרוס דק 250 גר בצנצנת,א.ל.יצור ושיווקתבלינים בעמ,,,"י""ח",2.50,ל 100 גרם,false,1,27.90,11.16,false,1,
7290014673434,false,פלפל שחור גרוס דק  שקית 80ג,א.ל.יצור ושיווקתבלינים בעמ,,,"י""ח",0.80,ל 100 גרם,false,1,8.90,11.13,false,1,
7290014674004,false,קריספי פירורי לחם שומשום ומלח ים 300גר,א.ל.יצור ושיווקתבלינים בעמ,,,"י""ח",3,ל 100 גרם,false,1,7.90,2.63,true,1,
7290014692541,false,צהובה מגורדת 500ג Golden,ג.וילי פוד אינטרנשיונל בעמ,,,"י""ח",5,ל 100 גרם,false,1,19.90,3.98,false,1,
7290014692565,false,גרעיני תירס מתוק 285/320ג,ג.וילי פוד אינטרנשיונל בעמ,,,"י""ח",3.20,ל 100 גרם,false,1,5.90,1.84,true,1,
7290014746145,false,שניצל מקצועי שומשום,בלדי בעמ,,,"י""ח",1,,false,1,29.90,29.90,false,1,
7290014749764,false,שניצל עוף ביתי עדין ן עוף טוב 700גר,קבוצת אוסם סחר-שות.מוגבלת,,,"י""ח",7,ל 100 גרם,false,1,33.90,4.84,true,1,
7290014749801,false,עוף טוב צ`ונגו רצועות צ`ילי חריף מת 600ג,קבוצת אוסם סחר-שות.מוגבלת,,,"י""ח",7,ל 100 גרם,false,1,34.90,4.99,true,1,
7290014758100,false,מאגדת *8יוגורט BIO 3% 150ג,תנובה בעמ ***,,,"י""ח",1.20,ליטר,false,1,16.60,13.83,true,1,
7290014758117,false,מאגדת *8יוגורט BIO 1.5% 150ג,תנובה בעמ ***,,,"י""ח",1.20,ליטר,false,1,16.60,13.83,true,1,
7290014759084,false,נפוליאון 16% סקיני 225גר,תנובה בעמ ***,,,"י""ח",2.25,ל 100 גרם,false,1,14.20,6.31,false,1,
7290014759534,false,בולגרית למריחה טבעי 5% 200ג,תנובה בעמ ***,,,"י""ח",2,ל 100 גרם,false,1,14.30,7.15,false,1,
7290014760141,false,משקה שקדים טרי 1ל,תנובה בעמ ***,,,"י""ח",1,ליטר,false,1,12.90,12.90,true,1,
7290014760912,false,גוש חלב 28% מהדרין 400ג,תנובה בעמ ***,,,"י""ח",4,ל 100 גרם,false,1,25.90,6.48,false,1,
7290014761018,false,ג לי בטעם וניל 125גר,תנובה בעמ ***,,,"י""ח",1.25,"ל 100 מ""ל",false,1,1.50,1.20,false,1,
7290014761056,false,YOLO מעדן שוקולד חלב מעולה,תנובה בעמ ***,,,"י""ח",1.23,"ל 100 מ""ל",false,1,4.60,3.74,false,1,
7290014761063,false,YOLO מעדן שוקולד מריר  מעולה,תנובה בעמ ***,,,"י""ח",1.23,"ל 100 מ""ל",false,1,4.60,3.74,false,1,
7290014761414,false,YOLO מעדן שכבות שוקולד חלב ולבן,תנובה בעמ ***,,,"י""ח",1.23,"ל 100 מ""ל",false,1,4.60,3.74,false,1,
7290014761698,false,"עמק סמי מעדנייה 600ג בד""ץ",תנובה בעמ ***,,,"י""ח",6,ל 100 גרם,false,1,29.90,4.98,false,1,
7290014762909,false,מוצרלה פתיתים 20% שומן 200ג,תנובה בעמ ***,,,"י""ח",2,ל 100 גרם,false,1,15.90,7.95,false,1,
7290014789913,false,אוראו  מארז שלישייה,דיפלומט מפיצים (1968) בעמ**,,,"י""ח",3.52,ל 100 גרם,false,1,22.90,6.51,true,1,
7290014791336,false,מי מינרלים בודד ליטר,יפאורה שותפות מוגבלת לשיווק,,,"י""ח",5,"ל 100 מ""ל",false,1,4.20,0.78,false,1,
7290014791572,false,"שוופס מוגז ענבים 330מ""ל",יפאורה שותפות מוגבלת לשיווק,,,"י""ח",3.30,"ל 100 מ""ל",false,1,5.90,1.70,true,1,
7290014791725,false,שוופס מוגז עדין 0.5 ליטר תפוח,יפאורה שותפות מוגבלת לשיווק,,,"י""ח",5,"ל 100 מ""ל",false,1,6.50,1.24,true,1,
7290014855434,false,מגבונים בייבי סיטר פרפורמנס רבעייה מבו,שקד תבל בעמ,,,"י""ח",1,,false,1,15.90,15.90,true,1,
7290014855458,false,מגבונים בייבי סיטר פרפורמנס רבעייה ללא,שקד תבל בעמ,,,"י""ח",1,,false,1,15.90,15.90,true,1,
7290014860094,false,"מקלוני אורז ללא גלוטן 3מ""מ 454גר",מזרח ומערב יבוא ושיווק,,,"י""ח",4.54,ל 100 גרם,false,1,10.90,2.40,true,1,
7290014905207,false,C W ג ל לאסלה,יעקב יעקבי ובניו בעמ,,,"י""ח",7.50,"ל 100 מ""ל",false,1,7.90,1.05,false,1,
7290014905344,false,הפי קצף לשטיחים,יעקב יעקבי ובניו בעמ,,,"י""ח",6.50,"ל 100 מ""ל",false,1,24.20,3.72,false,1,
7290014940901,false,לחם פשוט מלא.אנגל,שלמה א.אנג ל בעמ,,,"י""ח",7.50,ל 100 גרם,false,1,14.90,1.99,false,1,
7290014945166,false,10 מטליות מיקרו לניקוי כללי FOCUS,מ.א.ייצור ויבוא מטליות בעמ,,,"י""ח",1,,false,1,15.90,15.90,false,1,
7290014945654,false,מדליק פחמים מוצק,ח.כהן סוכנות מזון ומשקאות בע,,,"י""ח",1,"י""ח",false,1,6.90,6.90,false,1,
7290015014182,false,לבבות קיסר,ביכורי השדה צפון 1994 ג.ד. בעמ,,,"י""ח",3,ל 100 גרם,false,1,9.90,3.30,true,1,
7290015014427,false,אורגנו,ביכורי השדה צפון 1994 ג.ד. בעמ,,,"י""ח",1,,false,1,6.90,6.90,false,1,
7290015014465,false,רוזמרין,ביכורי השדה צפון 1994 ג.ד. בעמ,,,"י""ח",1,,false,1,6.90,6.90,false,1,
7290015014472,false,טימין,ביכורי השדה צפון 1994 ג.ד. בעמ,,,"י""ח",1,,false,1,6.90,6.90,false,1,
7290015027021,false,עוגות שמרים פרימיום 500גר,הלל בן הלל שיווק ומסחר בעמ,,,"י""ח",5,ל 100 גרם,false,1,21.90,4.38,false,1,
7290015039246,false,טונה וילפוד 4 יחידות בשמן צימחי,ג.וילי פוד אינטרנשיונל בעמ,,,"י""ח",6.40,ל 100 גרם,false,1,19.90,3.11,false,1,
7290015039499,false,"עוגיות איטלקיות מובחרות 1ק""ג",ג.וילי פוד אינטרנשיונל בעמ,,,"י""ח",1,"ק""ג",false,1,12.90,12.90,true,1,
7290015116015,false,ברוקולי,ביכורי השדה צפון 1994 ג.ד. בעמ,,,"י""ח",1,,false,1,12.90,12.90,false,1,
7290015139465,false,מיקסיםבייגלה מצופה שוקולד חלב 55גר,כרמית תעשיות ממתקים בעמ,,,"י""ח",0.55,ל 100 גרם,false,1,3.90,7.09,true,1,
7290015139526,false,חופשי וופל בציפוי ומילוי שוקו 125גר לל,כרמית תעשיות ממתקים בעמ,,,"י""ח",1.25,ל 100 גרם,false,1,10.90,8.72,false,1,
7290015139533,false,חופשי וופל לימון 200גר ללא גלוטן,כרמית תעשיות ממתקים בעמ,,,"י""ח",2,ל 100 גרם,false,1,10.90,5.45,false,1,
7290015139540,false,חופשי וופל קוביות 150גר ללא גלוטן,כרמית תעשיות ממתקים בעמ,,,"י""ח",1.50,ל 100 גרם,false,1,10.90,7.27,false,1,
7290015139557,false,חופשי וופל שוקו 200גר ללא גלוטן,כרמית תעשיות ממתקים בעמ,,,"י""ח",2,ל 100 גרם,false,1,10.90,5.45,false,1,
7290015139571,false,חופשי וופל בארים 25גר ללא גלוטן,כרמית תעשיות ממתקים בעמ,,,"י""ח",0.25,ל 100 גרם,false,1,10.90,43.60,false,1,
7290015150118,false,עגבניות חתוכות בלה איטליה   400ג3X,תה ויסוצקי (ישראל)בעמ,,,"י""ח",4,ל 100 גרם,false,1,16.90,4.23,false,1,
7290015155830,false,פרינוק מחית תפוח ובננה 120ג,גורי מוצרי צריכה בעמ,,,"י""ח",1.20,ל 100 גרם,false,1,5.90,4.92,true,1,
7290015155847,false,פרינוק מחית תסלט פירות  120ג,גורי מוצרי צריכה בעמ,,,"י""ח",1.20,ל 100 גרם,false,1,5.90,4.92,true,1,
7290015155878,false,חטיפטף בטעם טבעי 28גר,גורי מוצרי צריכה בעמ,,,"י""ח",1,,false,1,6.90,6.90,false,1,
7290015155892,false,חטיפטף בטעם בננה 31גר,גורי מוצרי צריכה בעמ,,,"י""ח",1,,false,1,6.90,6.90,false,1,
7290015156769,false,פרינוק מחית תפוח ואוכמניות 120ג,גורי מוצרי צריכה בעמ,,,"י""ח",1.20,ל 100 גרם,false,1,5.90,4.92,true,1,
7290015156776,false,פרינוק מחית פירות טרופיים 120ג,גורי מוצרי צריכה בעמ,,,"י""ח",1.20,ל 100 גרם,false,1,5.90,4.92,true,1,
7290015156790,false,פרינוק מחית לפתן פירות 120ג,גורי מוצרי צריכה בעמ,,,"י""ח",1.20,ל 100 גרם,false,1,5.90,4.92,true,1,
7290015282024,false,איקרא לבנה 200גר SEVEN SEAS,סלטי שמיר2006בעמ,,,"י""ח",2,ל 100 גרם,false,1,14.90,7.45,false,1,
7290015282581,false,חומוס אבו גוש עם חריף 200ג,סלטי שמיר2006בעמ,,,"י""ח",2,ל 100 גרם,false,1,11.90,5.95,true,1,
7290015282598,false,חומוס מסעדות  200ג,סלטי שמיר2006בעמ,,,"י""ח",2,ל 100 גרם,false,1,11.90,5.95,true,1,
7290015282604,false,טחינה מיוחדת  200ג,סלטי שמיר2006בעמ,,,"י""ח",2,ל 100 גרם,false,1,11.90,5.95,true,1,
7290015282635,false,חומוס מסבחה  200ג,סלטי שמיר2006בעמ,,,"י""ח",2,ל 100 גרם,false,1,11.90,5.95,true,1,
7290015282673,false,חציל במיונז ביתי   200ג,סלטי שמיר2006בעמ,,,"י""ח",2,ל 100 גרם,false,1,11.90,5.95,true,1,
7290015282697,false,כרוב אדום  200ג,סלטי שמיר2006בעמ,,,"י""ח",2,ל 100 גרם,false,1,12.90,6.45,true,1,
7290015282727,false,גזר מרוקאי ברוטב פיקנטי  200ג,סלטי שמיר2006בעמ,,,"י""ח",2,ל 100 גרם,false,1,12.90,6.45,true,1,
7290015282734,false,מטבוחה ביתית  200ג,סלטי שמיר2006בעמ,,,"י""ח",2,ל 100 גרם,false,1,12.90,6.45,true,1,
7290015282741,false,חציל תאילנדי  200ג,סלטי שמיר2006בעמ,,,"י""ח",2,ל 100 גרם,false,1,12.90,6.45,true,1,
7290015347273,false,נטיפי שוקולד 250ג מיה,מיה תעשיות מזון מ.ת.מ בעמ,,,"י""ח",2.50,ל 100 גרם,false,1,8.90,3.56,false,1,
7290015347464,false,קינואה מעורבת  500 גרם,מיה תעשיות מזון מ.ת.מ בעמ,,,"י""ח",5,ל 100 גרם,false,1,14.90,2.98,true,1,
7290015347686,false,"צ`ילי 50גר שקית כשל""פ",מיה תעשיות מזון מ.ת.מ בעמ,,,"י""ח",0.50,ל 100 גרם,false,1,8.90,17.80,false,1,
7290015348423,false,תירוש משפחה  1ליטר,טמפו משקאות בעמ,,,"י""ח",7.50,"י""ח",false,1,15.90,2.08,true,1,
7290015366663,false,אקווה פרש מנטה משחה 100,גורי ע.ע.ע. בעמ,,,"י""ח",1,ל 100 גרם,false,1,5.90,5.90,true,1,
7290015366670,false,אקווה פרש משחת שיניים 100,גורי ע.ע.ע. בעמ,,,"י""ח",1,ל 100 גרם,false,1,5.90,5.90,true,1,
7290015374279,false,"סיגר במילוי בשר בד""צ 400גר",חטיפי אלקיים בעמ ~~~,,,"י""ח",4,ל 100 גרם,false,1,11.90,2.98,false,1,
7290015374286,false,"סיגר במילוי תפו""א בד""צ 400גר",חטיפי אלקיים בעמ ~~~,,,"י""ח",4,ל 100 גרם,false,1,11.90,2.98,false,1,
7290015374323,false,"קובה ביתי במילוי בשר בד""צ 400גר",חטיפי אלקיים בעמ ~~~,,,"י""ח",4,ל 100 גרם,false,1,11.90,2.98,false,1,
7290015374330,false,"קובה מרק בד""צ 400גר",חטיפי אלקיים בעמ ~~~,,,"י""ח",4,ל 100 גרם,false,1,11.90,2.98,false,1,
7290015374347,false,"קובה חמוסטה בד""צ 400גר",חטיפי אלקיים בעמ ~~~,,,"י""ח",4,ל 100 גרם,false,1,11.90,2.98,false,1,
7290015374354,false,"קרפלך במילוי תפו""א בד""צ 400גר",חטיפי אלקיים בעמ ~~~,,,"י""ח",4,ל 100 גרם,false,1,11.90,2.98,false,1,
7290015374361,false,"קרפלך במילוי בשר בד""צ 400גר",חטיפי אלקיים בעמ ~~~,,,"י""ח",4,ל 100 גרם,false,1,11.90,2.98,false,1,
7290015374422,false,"שניצלונים תפו""א במילוי בשר בד""צ 400גר",חטיפי אלקיים בעמ ~~~,,,"י""ח",4,ל 100 גרם,false,1,11.90,2.98,false,1,
7290015374439,false,"שניצלונים תפו""א במילוי פטריות בד""צ 400",חטיפי אלקיים בעמ ~~~,,,"י""ח",4,ל 100 גרם,false,1,11.90,2.98,false,1,
7290015470094,false,טבלאות שוקולד טוסו  מר`שוקולד תפוז 100ג,דנשר (1963) בעמ,,,"י""ח",1,ל 100 גרם,false,1,8.90,8.90,false,1,
7290015603560,false,"שימורי קרם קוקוס 20-22% 400מ""ל",מזרח ומערב יבוא ושיווק,,,"י""ח",4,"ל 100 מ""ל",false,1,9.90,2.48,false,1,
7290015652254,false,גרעיני חמניה קלויים 400גרם ששון הקולה,דין שיווק וקליה 2021 בעמ,,,"י""ח",4,ל 100 גרם,false,1,9.90,2.48,false,1,
7290015652261,false,בוטנים קלויים 300 גרם,דין שיווק וקליה 2021 בעמ,,,"י""ח",3,ל 100 גרם,false,1,9.90,3.30,false,1,
7290015652285,false,אגוזים קלופים 250גר מדבקה,דין שיווק וקליה 2021 בעמ,,,"י""ח",2.50,ל 100 גרם,false,1,20,8,false,1,
7290015652308,false,מנצ`ס 300גרם,דין שיווק וקליה 2021 בעמ,,,"י""ח",3,ל 100 גרם,false,1,10,3.33,false,1,
7290015733229,false,מטרנה אקסטרה קר שלב 2 מהדרין 700גר`,קבוצת אוסם סחר-שות.מוגבלת,,,"י""ח",7,ל 100 גרם,false,1,59.90,8.56,false,1,
7290015733441,false,מטרנה דייסלה דגנים מעורבי 300גר,קבוצת אוסם סחר-שות.מוגבלת,,,"י""ח",3,ל 100 גרם,false,1,18.90,6.30,false,1,
7290015804417,false,עגבניות מרוסקות עם שום,ויטה- פרי גליל (החדשה) בעמ,,,"י""ח",6,ל 100 גרם,false,1,3.90,0.65,true,1,
7290015856812,false,הבסקוויט של הקרמבו וניל 200גר הדר.,ח.כהן סוכנות מזון ומשקאות בע,,,"י""ח",2,ל 100 גרם,false,1,4.90,2.45,false,1,
7290015858106,false,פסטו ביתי  על הלחם 180גר*,שטראוס גרופ ***בעמ,,,"י""ח",1.80,ל 100 גרם,false,1,15.90,8.83,true,1,
7290015858175,false,ממרח פלפלים קלויים 180גר,שטראוס גרופ ***בעמ,,,"י""ח",1.80,ל 100 גרם,false,1,15.90,8.83,true,1,
7290015858229,false,טפנד זיתי קלמטה  180גר,שטראוס גרופ ***בעמ,,,"י""ח",1.80,ל 100 גרם,false,1,15.90,8.83,true,1,
7290015858328,false,איולי פסטו עללחם 295גר*,שטראוס גרופ ***בעמ,,,"י""ח",2.95,ל 100 גרם,false,1,14.90,5.05,true,1,
7290015858441,false,איולי פלפלים עללחם 295גר*,שטראוס גרופ ***בעמ,,,"י""ח",2.95,ל 100 גרם,false,1,14.90,5.05,true,1,
7290015858687,false,איולי שום עללחם 295גר*,שטראוס גרופ ***בעמ,,,"י""ח",2.95,ל 100 גרם,false,1,14.90,5.05,true,1,
7290015858694,false,איולי שום לימון עללחם 295גר*,שטראוס גרופ ***בעמ,,,"י""ח",2.95,ל 100 גרם,false,1,14.90,5.05,true,1,
7290015872096,false,חומוס אסלי 700ג{שמיר{,סלטי שמיר2006בעמ,,,"י""ח",7,ל 100 גרם,false,1,10.90,1.56,true,1,
7290015888301,false,שמן חמניות 3 ל,בני ג ורג שוקחה (חיפה) בעמ,,,"י""ח",3,ליטר,false,1,36.90,12.30,false,1,
7290015951890,false,"יין הר חרמון קברנה סוביניון 750 מ""ל.",היכל היין שקד גולן בעמ,,,"י""ח",7.50,"ל 100 מ""ל",false,1,35.90,4.75,true,1,
7290015968782,false,פדים להסרת איפור 1/3,אינטרסן (1996) בעמ,,,"י""ח",3,"י""ח",false,1,16.90,5.63,true,1,
7290016006292,false,ספרינג נקטר מנגו בננה מלון 1ל,יפאורה שותפות מוגבלת לשיווק,,,"י""ח",1,ליטר,false,1,6.90,6.90,true,1,
7290016006346,false,סודה שוופס 0.5ל שישייה,יפאורה שותפות מוגבלת לשיווק,,,"י""ח",3,"ל 100 מ""ל",false,1,14.90,4.37,true,1,
7290016006377,false,"שוופס מוגז תות ליים 330מ""ל",יפאורה שותפות מוגבלת לשיווק,,,"י""ח",3.30,"ל 100 מ""ל",false,1,5.90,1.70,true,1,
7290016035025,false,לחם פשתן 450ג,נאמן לאורך זמן בעמ,,,"י""ח",4.50,ל 100 גרם,false,1,25.90,5.76,false,1,
7290016076035,false,פרנה  מאמא אובלי מארז 4יח,גיא מאפים שיווק טוב בעמ,,,"י""ח",1,,false,1,14.90,14.90,false,1,
7290016087499,false,עגבניות חתוכות דק 400ג שלישיה,ח.כהן סוכנות מזון ומשקאות בע,,,"י""ח",4,ל 100 גרם,false,1,12.90,3.23,false,1,
7290016096491,false,טונה  בשמן צמחי 80גרם*מארז שלישיה,תעשיות פילטונה בעמ,,,"י""ח",2.40,ל 100 גרם,false,1,11.90,4.96,true,1,
7290016096934,false,זוגות סלט טונה 160גר פילטונה,תעשיות פילטונה בעמ,,,"י""ח",3.20,ל 100 גרם,false,1,11.90,3.72,true,1,
7290016136142,false,תערובת לפנקייק ללא גלוטן 400גר GFREE,גורי מוצרי צריכה בעמ,,,"י""ח",4,ל 100 גרם,false,1,21.90,5.48,false,1,
7290016144000,false,"קמח חיטה  מלא נפלאות   80% 1ק""ג",תה ויסוצקי (ישראל)בעמ,,,"י""ח",1,"ק""ג",false,1,9.90,9.90,false,1,
7290016144024,false,"קמח כוסמין 100%   1ק""ג",תה ויסוצקי (ישראל)בעמ,,,"י""ח",1,"ק""ג",false,1,16.90,16.90,false,1,
7290016144031,false,"קמח לבן מנופה  1ק""ג נפלאות",תה ויסוצקי (ישראל)בעמ,,,"י""ח",1,"ק""ג",false,1,6.90,6.90,false,1,
7290016144086,false,"קמח חלה 1ק""ג",תה ויסוצקי (ישראל)בעמ,,,"י""ח",1,"ק""ג",false,1,9.90,9.90,false,1,
7290016144093,false,"קמח לחם 1ק""ג",תה ויסוצקי (ישראל)בעמ,,,"י""ח",1,"ק""ג",false,1,9.90,9.90,false,1,
7290016150117,false,סלק בואקום לירון 500גר,ביכורי השדה צפון 1994 ג.ד. בעמ,,,"י""ח",5,ל 100 גרם,false,1,8.90,1.78,true,1,
7290016162233,false,עוגיות דיזרט פרמיום סוגים שונים פרווה,קפולסקי אדל בעמ,,,"י""ח",2.80,ל 100 גרם,false,1,19.90,7.11,false,1,
7290016188585,false,"יין למברוסקו רוזה חצי יבש 750מ""ל",אגודת הכורמים,,,"י""ח",7.50,"ל 100 מ""ל",false,1,24.90,3.28,true,1,
7290016188608,false,"יין למברוסקו לבן חצי יבש 750מ""ל",אגודת הכורמים,,,"י""ח",7.50,"ל 100 מ""ל",false,1,24.90,3.28,true,1,
7290016197488,false,מטלית קסם לשיש שלשות.,קימברלי קלארק ישראל שיווק בעמ,,,"י""ח",3,"י""ח",false,1,11.90,3.97,false,1,
7290016197495,false,מטלית קסם לרצפה זוג ניקול.,קימברלי קלארק ישראל שיווק בעמ,,,"י""ח",2,"י""ח",false,1,21.90,10.95,false,1,
7290016197617,false,דיפנד תחבושות אקסטרה,קימברלי קלארק ישראל שיווק בעמ,,,"י""ח",1,,false,1,19.90,19.90,true,1,
7290016197839,false,שקיות החזקה XL ניקול,קימברלי קלארק ישראל שיווק בעמ,,,"י""ח",1,"י""ח",false,1,23.90,23.90,false,1,
7290016197853,false,ניקול אשפתון פחים בינונים 50יח,קימברלי קלארק ישראל שיווק בעמ,,,"י""ח",50,"י""ח",false,1,15.90,0.32,false,1,
7290016217643,false,חמוצים סיני אסלי 400ג,סלטי שמיר2006בעמ,,,"י""ח",4,ל 100 גרם,false,1,10.90,2.73,true,1,
7290016217759,false,חיצל מרוקאי  200ג,סלטי שמיר2006בעמ,,,"י""ח",2,ל 100 גרם,false,1,12.90,6.45,true,1,
7290016245929,false,לחם טחינה עשיר חלבון 450ג,נאמן לאורך זמן בעמ,,,"י""ח",4.50,ל 100 גרם,false,1,26.90,5.98,false,1,
7290016270709,false,עגבניות שרי קלמרים.,ביכורי השדה צפון 1994 ג.ד. בעמ,,,"י""ח",1,,false,1,9.90,9.90,false,1,
7290016276763,false,מעדן שזיף 100% רכיבים פרי 284גר ללא,דין שיווק וקליה 2021 בעמ,,,"י""ח",2.84,ל 100 גרם,false,1,13.90,4.89,true,1,
7290016277470,false,שיבולת שועל דקה 350ג,דין שיווק וקליה 2021 בעמ,,,"י""ח",3.50,ל 100 גרם,false,1,3.90,1.11,true,1,
7290016277487,false,שיבולת שועל עבה 350ג,דין שיווק וקליה 2021 בעמ,,,"י""ח",3.50,ל 100 גרם,false,1,3.90,1.11,true,1,
7290016320343,false,טואלט דאק נוזל זוג,דנשר (1963) בעמ,,,"י""ח",1.50,ליטר,false,1,16.90,11.27,false,1,
7290016321661,false,פרש ואנס רביעייה SENSITIVA CARE,דנשר (1963) בעמ,,,"י""ח",4,"י""ח",false,1,19.90,4.98,true,1,
7290016321678,false,פרש ואנס רביעייה NATURAL CARE,דנשר (1963) בעמ,,,"י""ח",4,"י""ח",false,1,19.90,4.98,true,1,
7290016329278,false,מגבונים קמיל בלו פישר רביעייה,פישר תעשיות פרמבצטיות בעמ,,,"י""ח",4,ל 100 גרם,false,1,19.90,4.98,false,1,
7290016334036,false,עירית,ביכורי השדה צפון 1994 ג.ד. בעמ,,,"י""ח",1,,false,1,6.90,6.90,false,1,
7290016334050,false,סלרי חתוך.,ביכורי השדה צפון 1994 ג.ד. בעמ,,,"י""ח",1,,false,1,6.90,6.90,true,1,
7290016334166,false,לוף,ביכורי השדה צפון 1994 ג.ד. בעמ,,,"י""ח",1,,false,1,9.90,9.90,false,1,
7290016334173,false,פלפל טינקרבל שמיטה,ביכורי השדה צפון 1994 ג.ד. בעמ,,,"י""ח",1,,false,1,8.90,8.90,true,1,
7290016334180,false,מלפפון בייבי שמיטה,ביכורי השדה צפון 1994 ג.ד. בעמ,,,"י""ח",1,,false,1,8.90,8.90,true,1,
7290016334296,false,ברוקולי ארוז יחידה שמיטה,ביכורי השדה צפון 1994 ג.ד. בעמ,,,"י""ח",1,,false,1,11.90,11.90,false,1,
7290016334388,false,פלפל צ`ילי שמיטה,ביכורי השדה צפון 1994 ג.ד. בעמ,,,"י""ח",1,,false,1,7.90,7.90,false,1,
7290016334395,false,שיבא,ביכורי השדה צפון 1994 ג.ד. בעמ,,,"י""ח",1,,false,1,6.90,6.90,false,1,
7290016334432,false,שורש פטרוזילה,ביכורי השדה צפון 1994 ג.ד. בעמ,,,"י""ח",1,,false,1,6.90,6.90,false,1,
7290016334456,false,בזיליקום,ביכורי השדה צפון 1994 ג.ד. בעמ,,,"י""ח",1,,false,1,5.90,5.90,false,1,
7290016334463,false,סלרי ראש,ביכורי השדה צפון 1994 ג.ד. בעמ,,,"י""ח",1,,false,1,6.90,6.90,false,1,
7290016334494,false,חסה ערבית,ביכורי השדה צפון 1994 ג.ד. בעמ,,,"י""ח",1,,false,1,4.90,4.90,false,1,
7290016334500,false,חסה לבבות מארז זוג,ביכורי השדה צפון 1994 ג.ד. בעמ,,,"י""ח",3,ל 100 גרם,false,1,8.90,2.97,false,1,
7290016334579,false,פטרוזיליה ארוז,ביכורי השדה צפון 1994 ג.ד. בעמ,,,"י""ח",1,,false,1,3.90,3.90,true,1,
7290016334586,false,כוסברה ארוז,ביכורי השדה צפון 1994 ג.ד. בעמ,,,"י""ח",1,,false,1,4.90,4.90,true,1,
7290016334593,false,שמיר ארוז,ביכורי השדה צפון 1994 ג.ד. בעמ,,,"י""ח",1,,false,1,4.90,4.90,true,1,
7290016334609,false,נענע,ביכורי השדה צפון 1994 ג.ד. בעמ,,,"י""ח",1,,false,1,4.90,4.90,true,1,
7290016334616,false,בצל ירוק,ביכורי השדה צפון 1994 ג.ד. בעמ,,,"י""ח",1,,false,1,5.90,5.90,false,1,
7290016334623,false,סלרי עלים,ביכורי השדה צפון 1994 ג.ד. בעמ,,,"י""ח",1,"י""ח",false,1,5.90,5.90,false,1,
7290016334647,false,סלק עלים,ביכורי השדה צפון 1994 ג.ד. בעמ,,,"י""ח",1,,false,1,6.90,6.90,false,1,
7290016334654,false,תרד ניוזילנדי 200גר.,ביכורי השדה צפון 1994 ג.ד. בעמ,,,"י""ח",2,ל 100 גרם,false,1,14.90,7.45,false,1,
7290016334784,false,גינגר ארוז 200ג שמיטה,ביכורי השדה צפון 1994 ג.ד. בעמ,,,"י""ח",1,,false,1,11.90,11.90,false,1,
7290016334883,false,שרי תמר בוסתן שמיטה,ביכורי השדה צפון 1994 ג.ד. בעמ,,,"י""ח",1,,false,1,11.90,11.90,false,1,
7290016334890,false,שרי ליקופן שמיטה,ביכורי השדה צפון 1994 ג.ד. בעמ,,,"י""ח",1,,false,1,11.90,11.90,false,1,
7290016370317,false,זיתי קלמנטה ללא גלעין 560ג צנצנת,קבוצת יבנה מוצרי מזון בעמ,,,"י""ח",5.60,ל 100 גרם,false,1,14.90,2.66,false,1,
7290016370959,false,חציל קלוי על האש 580 גרם,קבוצת יבנה מוצרי מזון בעמ,,,"י""ח",0.58,ל 100 גרם,false,1,9.90,17.07,false,1,
7290016370973,false,פלפל קלויה גמביה בצנצנת 580 גרם,קבוצת יבנה מוצרי מזון בעמ,,,"י""ח",0.58,ל 100 גרם,false,1,9.90,17.07,false,1,
7290016372342,false,עגבניות תחוכות לקוביות 400גר*3יח,תה ויסוצקי (ישראל)בעמ,,,"י""ח",4,ל 100 גרם,false,1,17.90,4.48,false,1,
7290016387339,false,מטליות מיקרופייבר ג`מבו לרצפה 2יח,מ.א.ייצור ויבוא מטליות בעמ,,,"י""ח",2,"י""ח",false,1,14.90,7.45,false,1,
7290016400014,false,תבניות ארוז 90 R2 עשיריה שווה,ח.כהן סוכנות מזון ומשקאות בע,,,"י""ח",20,"י""ח",false,1,9.90,0.50,false,1,
7290016400038,false,תבניות ארוז 210 R99 חמישייה שווה,ח.כהן סוכנות מזון ומשקאות בע,,,"י""ח",20,"י""ח",false,1,9.90,0.50,false,1,
7290016400168,false,שקיות צליה 10יח שווה,ח.כהן סוכנות מזון ומשקאות בע,,,"י""ח",10,"י""ח",false,1,4.90,0.49,true,1,
7290016400380,false,גפרורים ארוך שווה,ח.כהן סוכנות מזון ומשקאות בע,,,"י""ח",10,"י""ח",false,1,6.90,0.69,true,1,
7290016400434,false,אשפתון גופיה 75/90 חזק אפור 25יח שווה,ח.כהן סוכנות מזון ומשקאות בע,,,"י""ח",25,"י""ח",false,1,17.90,0.72,true,1,
7290016400441,false,אשפתון גופיה 75/90 קרם 40יח שווה,ח.כהן סוכנות מזון ומשקאות בע,,,"י""ח",40,"י""ח",false,1,20.90,0.52,false,1,
7290016400502,false,גפרורים 10 חדש שווה,ח.כהן סוכנות מזון ומשקאות בע,,,"י""ח",10,"י""ח",false,1,4,0.40,false,1,
7290016400793,false,מפיות נייר 100יח שווה,ח.כהן סוכנות מזון ומשקאות בע,,,"י""ח",100,"י""ח",false,1,5.90,0.06,true,1,
7290016401158,false,נודלס דקות 200ג שווה,ח.כהן סוכנות מזון ומשקאות בע,,,"י""ח",2,ל 100 גרם,false,1,5.90,2.95,false,1,
7290016401165,false,נודלס רחבות 200ג שווה,ח.כהן סוכנות מזון ומשקאות בע,,,"י""ח",2,ל 100 גרם,false,1,5.90,2.95,false,1,
7290016401387,false,פטריות  חתוך  290 גרם שלישייה שווה,ח.כהן סוכנות מזון ומשקאות בע,,,"י""ח",2.90,ל 100 גרם,false,1,11.90,4.10,false,1,
7290016401493,false,רוטב לימון משומר 1ליטר שווה,ח.כהן סוכנות מזון ומשקאות בע,,,"י""ח",1,ליטר,false,1,6.90,6.90,false,1,
7290016401509,false,חומץ 1ליטר 5% שווה,ח.כהן סוכנות מזון ומשקאות בע,,,"י""ח",1,ליטר,false,1,5.90,5.90,false,1,
7290016401585,false,זוג רדיד אלומיניות קצר   שווה,ח.כהן סוכנות מזון ומשקאות בע,,,"י""ח",1,"י""ח",false,1,10.90,10.90,false,1,
7290016401714,false,קש שחור עבה 125יח שווה,ח.כהן סוכנות מזון ומשקאות בע,,,"י""ח",125,"י""ח",false,1,7.90,0.06,false,1,
7290016401776,false,כוסות חד פעמי שתיה חמה,ח.כהן סוכנות מזון ומשקאות בע,,,"י""ח",0,"י""ח",false,1,8.90,8.90,false,1,
7290016401851,false,תבניות אובן עבות במיוחד 4* שווה,ח.כהן סוכנות מזון ומשקאות בע,,,"י""ח",4,"י""ח",false,1,9.90,2.48,true,1,
7290016401882,false,מטליות מיקרופייבר 1/3 לרצפה,ח.כהן סוכנות מזון ומשקאות בע,,,"י""ח",10,"י""ח",false,1,18.90,1.89,false,1,
7290016401899,false,מטליות מיקרופייבר 1/10 ניקוי כללי,ח.כהן סוכנות מזון ומשקאות בע,,,"י""ח",10,"י""ח",false,1,18.90,1.89,false,1,
7290016401912,false,שקיות מזון XL 300יח,ח.כהן סוכנות מזון ומשקאות בע,,,"י""ח",300,"י""ח",false,1,8.90,0.03,false,1,
7290016408294,false,"מרשמלו  כרמית  150גר בד""ץ",כרמית תעשיות ממתקים בעמ,,,"י""ח",1,,false,1,5.50,5.50,true,1,
7290016408980,false,מטבעות שוקולד חלב 36 גרם,כרמית תעשיות ממתקים בעמ,,,"י""ח",0.36,ל 100 גרם,false,1,3.90,10.83,true,1,
7290016509342,false,סוד סבון לאסלה כחול 1/3,גורי שיווק בעמ,,,"י""ח",3,"י""ח",false,1,14.90,4.97,false,1,
7290016509786,false,פרסיל ג ל ירוק  2.5ליטר,גורי שיווק בעמ,,,"י""ח",2.50,ליטר,false,1,34.90,13.96,false,1,
7290016509793,false,פרסיל ג ל 4ליטר ירוק,גורי שיווק בעמ,,,"י""ח",4,ליטר,false,1,44.90,11.23,false,1,
7290016510249,false,"הוואי תחליב רחצה 700 מ""ל יוגורט שקדים",הנקל סוד בעמ,,,"י""ח",7.50,"ל 100 מ""ל",false,1,10.90,1.45,false,1,
7290016510324,false,"הוואי תחליב רחצה 700 מ""ל לגבר",הנקל סוד בעמ,,,"י""ח",7.50,"ל 100 מ""ל",false,1,10.90,1.45,false,1,
7290016510331,false,ת.רחצה  הוואי לבנות 700,הנקל סוד בעמ,,,"י""ח",7,"ל 100 מ""ל",false,1,11.90,1.70,false,1,
7290016517408,false,"קמח חיטה 80% 1ק""ג",אחים אגא (א.מ.) שיווק,,,"י""ח",1,"ק""ג",false,1,6.90,6.90,false,1,
7290016517415,false,"קמח חיטה 100% 1ק""ג",אחים אגא (א.מ.) שיווק,,,"י""ח",1,"ק""ג",false,1,6.90,6.90,false,1,
7290016517439,false,"קמח כוסמין 100% 1ק""ג",אחים אגא (א.מ.) שיווק,,,"י""ח",1,"ק""ג",false,1,11.90,11.90,false,1,
7290016517446,false,"קמח כוסמין לבן 1ק""ג",אחים אגא (א.מ.) שיווק,,,"י""ח",1,"ק""ג",false,1,12.90,12.90,false,1,
7290016517453,false,"קמח לבן מנופה שדות 1ק""ג",אחים אגא (א.מ.) שיווק,,,"י""ח",1,"ק""ג",false,1,6.90,6.90,true,1,
7290016517484,false,פטריות שלשות 290ג *3שדות,אחים אגא (א.מ.) שיווק,,,"י""ח",8.70,ל 100 גרם,false,1,12.90,1.48,false,1,
7290016517538,false,תירס גמדי 410ג שדות,אחים אגא (א.מ.) שיווק,,,"י""ח",4.10,ל 100 גרם,false,1,7.20,1.76,false,1,
7290016517644,false,טונה  1/4 140גר בשמן שדות,אחים אגא (א.מ.) שיווק,,,"י""ח",5.60,ל 100 גרם,false,1,19.90,3.55,false,1,
7290016517743,false,עגבניות מרוסקות 400גר *3שדות,אחים אגא (א.מ.) שיווק,,,"י""ח",1.20,ל 100 גרם,false,1,12.90,10.75,false,1,
7290016523447,false,אטריות ביצים 300 גרם,מזרח ומערב יבוא ושיווק,,,"י""ח",3,ל 100 גרם,false,1,7.90,2.63,false,1,
7290016564006,false,מבריקל הפלא ספוג שלישייה לכלים,ח.כהן סוכנות מזון ומשקאות בע,,,"י""ח",1,,false,1,11.90,11.90,false,1,
7290016667080,false,חטיף טורטיה ברביקוי 250גר,נאמן לאורך זמן בעמ,,,"י""ח",2.50,ל 100 גרם,false,1,9.90,3.96,false,1,
7290016667097,false,חטיף טורטיה מלוח 250גר,נאמן לאורך זמן בעמ,,,"י""ח",2.50,ל 100 גרם,false,1,9.90,3.96,false,1,
7290016667424,false,"חומץ יין לבן 5% 500מ""ל נאמן",נאמן לאורך זמן בעמ,,,"י""ח",5,"ל 100 מ""ל",false,1,14.90,2.98,false,1,
7290016682083,false,מיץ תות בננה 400 מל פריניב,תנובה בעמ ***,,,"י""ח",1,,false,1,10.60,10.60,true,1,
7290016682168,false,תפוז וולנסיה סחוט 100% 400 מ``ל.,תנובה בעמ ***,,,"י""ח",4,ל 100 גרם,false,1,10.30,2.58,true,1,
7290016682328,false,פריניב מיץ תפוזים 2ליטר 100%.,תנובה בעמ ***,,,"י""ח",2,ליטר,false,1,20.90,10.30,false,1,
7290016682335,false,פריניב מיץ תפוזים 2 ליטר.,תנובה בעמ ***,,,"י""ח",2,ליטר,false,1,24.90,12.30,true,1,
7290016682342,false,תפוז וולניה סחוט 100% 2ל.,תנובה בעמ ***,,,"י""ח",2,ליטר,false,1,28.60,14.15,true,1,
7290016717044,false,סלקטד לבן יאנג  BUZZ מנגו,אגודת הכורמים,,,"י""ח",7.50,"ל 100 מ""ל",false,1,27.90,3.68,true,1,
7290016717051,false,סלקטד יאנג  BUZZ מוסקטו רימון,אגודת הכורמים,,,"י""ח",7.50,"ל 100 מ""ל",false,1,27.90,3.68,true,1,
7290016717976,false,סלקטד לבן יאנג  BUZZ אפרסק,אגודת הכורמים,,,"י""ח",7.50,"ל 100 מ""ל",false,1,27.90,3.68,true,1,
7290016866643,false,"משחת פרודונטקס פרש  75מ""ל",גורי ע.ע.ע. בעמ,,,"י""ח",0.75,"ל 100 מ""ל",false,1,30.90,41.20,true,1,
7290016866650,false,"משחת פרודונטקס אוריגינל 75מ""ל",גורי ע.ע.ע. בעמ,,,"י""ח",0.75,"ל 100 מ""ל",false,1,30.90,41.20,true,1,
7290016866667,false,"משחת פרודונטקס פלאוריד  75מ""ל",גורי ע.ע.ע. בעמ,,,"י""ח",0.75,"ל 100 מ""ל",false,1,30.90,41.20,true,1,
7290016883176,false,"מוזלי פתיתי ש.שועל עם שוקולד מריר 1ק""ג",דין שיווק וקליה 2021 בעמ,,,"י""ח",0,"ק""ג",false,1,19.90,19.90,true,1,
7290016967074,false,לחם אנגיל חיטה מלאה 750גר,שלמה א.אנג ל בעמ,,,"י""ח",7.50,ל 100 גרם,false,1,15.90,2.12,false,1,
7290016998207,false,לקט קסם השדה  350גר.,ביכורי השדה צפון 1994 ג.ד. בעמ,,,"י""ח",3.50,ל 100 גרם,false,1,11.90,3.40,false,1,
7290016998221,false,מיקס צבעי הטבע 350גר.,ביכורי השדה צפון 1994 ג.ד. בעמ,,,"י""ח",3.50,"ל 100 מ""ל",false,1,11.90,3.40,false,1,
7290016998238,false,כרוב לבן קצוץ 400גר.,ביכורי השדה צפון 1994 ג.ד. בעמ,,,"י""ח",4,ל 100 גרם,false,1,9.90,2.48,false,1,
7290016998269,false,לקט קולסלאו 400גר.,ביכורי השדה צפון 1994 ג.ד. בעמ,,,"י""ח",4,ל 100 גרם,false,1,9.90,2.48,false,1,
7290016998276,false,גזר חתוך דק 250גר.,ביכורי השדה צפון 1994 ג.ד. בעמ,,,"י""ח",2.50,ל 100 גרם,false,1,8.90,3.56,false,1,
7290016998320,false,לבבות קיסר,ביכורי השדה צפון 1994 ג.ד. בעמ,,,"י""ח",3,ל 100 גרם,false,1,10.90,3.63,true,1,
7290017004433,false,פתי בר 500גר פינטולה,2121 ייבוא וסחר,,,"י""ח",5,"ק""ג",false,1,8.90,1.78,true,1,
7290017004785,false,פסטה קרניים 500גר פנטולה,מ.ר. ניאוברנד בעמ,,,"י""ח",5,ל 100 גרם,false,1,4.90,0.98,true,1,
7290017004792,false,פסטה פנה 500גר פנטולה,מ.ר. ניאוברנד בעמ,,,"י""ח",5,ל 100 גרם,false,1,4.90,0.98,true,1,
7290017004808,false,פסטה פוזילי 500גר פנטולה,מ.ר. ניאוברנד בעמ,,,"י""ח",5,ל 100 גרם,false,1,4.90,0.98,true,1,
7290017004815,false,ספגטי 500גר פנטולה,מ.ר. ניאוברנד בעמ,,,"י""ח",5,ל 100 גרם,false,1,4.90,0.98,true,1,
7290017004839,false,"פתי בר 1.75ק""ג פנטולה",2121 ייבוא וסחר,,,"י""ח",1.75,"ק""ג",false,1,23.90,13.66,true,1,
7290017004877,false,טחינה  גולמית 500ג מחנה יהודה,אחדות בעמ,,,"י""ח",5,ל 100 גרם,false,1,14.90,2.98,true,1,
7290017023229,false,"שוופס מוגז תות ליים  330מ""ל 1/4",יפאורה שותפות מוגבלת לשיווק,,,"י""ח",1.32,ליטר,false,1,14.70,10.23,true,1,
7290017023861,false,"סודה שוופס למון  250מ""ל 1/4",יפאורה שותפות מוגבלת לשיווק,,,"י""ח",1,ליטר,false,1,13.10,13.10,true,1,
7290017023878,false,"סודה שוופס נענע ליים  250מ""ל 1/4",יפאורה שותפות מוגבלת לשיווק,,,"י""ח",1,ליטר,false,1,13.10,13.10,true,1,
7290017031477,false,"סנסודיין רפיד הלבנה 75מ""ל",גורי ע.ע.ע. בעמ,,,"י""ח",0.75,ל 100 גרם,false,1,25.90,34.53,true,1,
7290017031859,false,"משחת פרודונטקס אולטרא קלין 75מ""ל",גורי ע.ע.ע. בעמ,,,"י""ח",0.75,"ל 100 מ""ל",false,1,30.90,41.20,true,1,
7290017062679,false,מרכך כביסה מרוכז צהוב 1 ל`טאצ`,סאסאטק אגשח בעמ,,,"י""ח",1,ליטר,false,1,13.90,13.90,true,1,
7290017065007,false,מוצרלה פרוסה 200ג,מחלבות גד,,,"י""ח",2,ל 100 גרם,false,1,16.90,8.45,false,1,
7290017065137,false,ריקוטה למריחה 5% טבעית,מחלבות גד,,,"י""ח",2,ל 100 גרם,false,1,8.90,4.45,false,1,
7290017065212,false,קרם מסקרפונה 250ג,מחלבות גד,,,"י""ח",2.50,ל 100 גרם,false,1,15.90,6.36,false,1,
7290017065236,false,בולגרית מעודנת 24% 250ג,מחלבות גד,,,"י""ח",2.50,ל 100 גרם,false,1,21.90,8.76,false,1,
7290017065588,false,יוגורט יווני 600 גרם גד.,מחלבות גד,,,"י""ח",6,ל 100 גרם,false,1,15.90,2.65,false,1,
7290017068374,false,שמרים יבשים  500 גרם,מיה תעשיות מזון מ.ת.מ בעמ,,,"י""ח",5,ל 100 גרם,false,1,11.90,2.38,false,1,
7290017068848,false,סוכריות לקישוט לעוגה 200ג צנצנת,מיה תעשיות מזון מ.ת.מ בעמ,,,"י""ח",2,ל 100 גרם,false,1,8.90,4.45,false,1,
7290017068855,false,סוכריות לקישוט לעוגה 200ג צנצנת,מיה תעשיות מזון מ.ת.מ בעמ,,,"י""ח",2,ל 100 גרם,false,1,8.90,4.45,false,1,
7290017068862,false,חמאת בוטנים  קראנץ` 510ג,מיה תעשיות מזון מ.ת.מ בעמ,,,"י""ח",5.10,ל 100 גרם,false,1,9.90,1.94,false,1,
7290017088068,false,חיתולי בייביסיטר  מידה 4 42יח,שקד תבל בעמ,,,"י""ח",1,,false,1,34.90,34.90,true,1,
7290017088082,false,חיתולי בייביסיטר  מידה 5 36יח,שקד תבל בעמ,,,"י""ח",1,,false,1,34.90,34.90,true,1,
7290017088327,false,גבונים בייביסיטר אקסטרא סופט  ללא ביש,שקד תבל בעמ,,,"י""ח",1,,false,1,15.90,15.90,true,1,
7290017088631,false,מגבונים  טולי מארז 4 יחידות,שקד תבל בעמ,,,"י""ח",4,"י""ח",false,1,12.90,3.23,true,1,
7290017094861,false,חומוס עם רוטב מסבחה אסלי 400ג,סלטי שמיר2006בעמ,,,"י""ח",4,ל 100 גרם,false,1,9.90,2.48,true,1,
7290017105048,false,זיתים ירוקים טבעות שלשות יכין,זנלכל בעמ,,,"י""ח",2,ל 100 גרם,false,1,14.90,7.45,false,1,
7290017105116,false,תורמוס 6OZ יכין 200גר,זנלכל בעמ,,,"י""ח",2,ל 100 גרם,false,1,4.30,2.15,true,1,
7290017105253,false,מתבל עגבניות 740 גרם יכין,זנלכל בעמ,,,"י""ח",7.40,ל 100 גרם,false,1,9.90,1.34,true,1,
7290017105383,false,"שלשות תירס 6OZקידס  פ""מ",זנלכל בעמ,,,"י""ח",6,ל 100 גרם,false,1,14.90,2.48,false,1,
7290017105468,false,אפונה שלישייה 6OZ יכין,זנלכל בעמ,,,"י""ח",2,ל 100 גרם,false,1,14.90,7.45,false,1,
7290017129495,false,אגו מיקס כדורי תירס מצופים ש. חלב 55ג,כרמית תעשיות ממתקים בעמ,,,"י""ח",0.55,ל 100 גרם,false,1,3.90,7.09,true,1,
7290017129518,false,אגו מיקס כדורי תירס מצופים  55ג,כרמית תעשיות ממתקים בעמ,,,"י""ח",0.55,ל 100 גרם,false,1,3.90,7.09,true,1,
7290017129549,false,כרמית לקקן גלידה  90ג,כרמית תעשיות ממתקים בעמ,,,"י""ח",0.90,ל 100 גרם,false,1,5.90,6.56,true,1,
7290017129617,false,לקקן קולה לימונדה 450ג,כרמית תעשיות ממתקים בעמ,,,"י""ח",4.50,ל 100 גרם,false,1,16.90,3.76,true,1,
7290017129624,false,לקקן ענבים תפוח  450ג,כרמית תעשיות ממתקים בעמ,,,"י""ח",4.50,ל 100 גרם,false,1,16.90,3.76,true,1,
7290017129761,false,שוקולד אגו פרמיום תפוז  100ג 70%,כרמית תעשיות ממתקים בעמ,,,"י""ח",1,ל 100 גרם,false,1,7.90,7.90,true,1,
7290017129778,false,שוקולד אגו פרמיום קפה  100ג 70%,כרמית תעשיות ממתקים בעמ,,,"י""ח",1,ל 100 גרם,false,1,7.90,7.90,true,1,
7290017129822,false,מטבעות שוקולד מריר 36 גרם,כרמית תעשיות ממתקים בעמ,,,"י""ח",0.36,ל 100 גרם,false,1,3.90,10.83,true,1,
7290017129839,false,שוקולד אגו פרמיום פטל  100ג 70%,כרמית תעשיות ממתקים בעמ,,,"י""ח",1,ל 100 גרם,false,1,7.90,7.90,true,1,
7290017129846,false,מיני קוקיס טעם קרמל  600ג,כרמית תעשיות ממתקים בעמ,,,"י""ח",6,"100 ס""מ",false,1,16.90,2.82,false,1,
7290017142128,false,"שמן זית כתית עץ הזית  750 מ""ל",סוגת תעשיות בעמ,,,"י""ח",7.50,"ל 100 מ""ל",false,1,29.90,3.99,true,1,
7290017142166,false,פילה טונה פרוס עם בשמן זית 120ג עץ הזי,סוגת תעשיות בעמ,,,"י""ח",1.20,ל 100 גרם,false,1,14.90,12.42,false,1,
7290017142180,false,פילה טונה פרוס עם בשמן זית 120ג עץ הזי,סוגת תעשיות בעמ,,,"י""ח",1.20,ל 100 גרם,false,1,14.90,12.42,false,1,
7290017142203,false,פילה טונה פרוס עם בשמן זית 120ג עץ הזי,סוגת תעשיות בעמ,,,"י""ח",1.20,ל 100 גרם,false,1,14.90,12.42,false,1,
7290017197456,false,אסותא מגבוני נייר טואלט שלישיה,עיסא ערטול בעמ-סוכן הנקל סוד,,,"י""ח",3,"י""ח",false,1,11.20,3.63,false,1,
7290017266046,false,וופל קראנץ 30יח גילרו,ח.כהן סוכנות מזון ומשקאות בע,,,"י""ח",30,"י""ח",false,1,18.90,0.63,false,1,
7290017266312,false,וופל AR שוקו 150 גרם,ח.כהן סוכנות מזון ומשקאות בע,,,"י""ח",0.15,ל 100 גרם,false,1,3.20,21.33,false,1,
7290017275338,false,טחינה  גולמית 500ג טורקיז,אחדות בעמ,,,"י""ח",5,ל 100 גרם,false,1,9.90,1.98,false,1,
7290017297217,false,עדשים ירקות מושרות 800גר פרי הגליל,ויטה- פרי גליל (החדשה) בעמ,,,"י""ח",8,ל 100 גרם,false,1,13.90,1.74,false,1,
7290017297323,false,רוטב עגבניות BX22 100ג מרוכז טל וטרי,ויטה- פרי גליל (החדשה) בעמ,,,"י""ח",1,ל 100 גרם,false,1,1.90,1.90,true,1,
7290017297330,false,רוטב עגבניות BX22 260 ג טל וטרי,ויטה- פרי גליל (החדשה) בעמ,,,"י""ח",6,ל 100 גרם,false,1,3.90,0.65,true,1,
7290017297392,false,תירס  קפוא פרי אדמה 800ג,ויטה פרי גליל (החדשה) בעמ,,,"י""ח",8,ל 100 גרם,false,1,12.90,1.61,true,1,
7290017297408,false,אפונה עדינה  קפואה פרי אדמה 600ג,ויטה פרי גליל (החדשה) בעמ,,,"י""ח",6,ל 100 גרם,false,1,14.90,2.48,true,1,
7290017297415,false,אפונה  קפואה פרי אדמה 800ג.,ויטה פרי גליל (החדשה) בעמ,,,"י""ח",8,ל 100 גרם,false,1,12.90,1.61,true,1,
7290017297477,false,פול  קפוא פרי אדמה 800ג,ויטה פרי גליל (החדשה) בעמ,,,"י""ח",8,ל 100 גרם,false,1,14.90,1.86,true,1,
7290017297484,false,שעועית אדומה  פרי אדמה 800ג,ויטה פרי גליל (החדשה) בעמ,,,"י""ח",8,ל 100 גרם,false,1,16.90,2.11,true,1,
7290017297491,false,חומוס פרי אדמה 800ג,ויטה פרי גליל (החדשה) בעמ,,,"י""ח",8,ל 100 גרם,false,1,14.90,1.86,true,1,
7290017297507,false,גזר גמדי פרי אדמה 800ג,ויטה פרי גליל (החדשה) בעמ,,,"י""ח",8,ל 100 גרם,false,1,12.90,1.61,true,1,
7290017297514,false,לקט ירק מעורב פרי אדמה 700ג,ויטה פרי גליל (החדשה) בעמ,,,"י""ח",7,ל 100 גרם,false,1,12.90,1.84,true,1,
7290017297521,false,ברוקולי פרי אדמה 800ג,ויטה פרי גליל (החדשה) בעמ,,,"י""ח",8,ל 100 גרם,false,1,19.90,2.49,true,1,
7290017297538,false,כרובית פרי אדמה 800ג,ויטה פרי גליל (החדשה) בעמ,,,"י""ח",8,ל 100 גרם,false,1,14.90,1.86,true,1,
7290017297552,false,במיה פרי אדמה 600ג,ויטה פרי גליל (החדשה) בעמ,,,"י""ח",6,ל 100 גרם,false,1,12.90,2.15,true,1,
7290017297590,false,"ציפס זיגזג 2ק""ג קפוא  פרי אדמה",ויטה פרי גליל (החדשה) בעמ,,,"י""ח",2,"ק""ג",false,1,22.90,11.45,true,1,
7290017304885,false,לחם שיפון וחיטה מלאה 750ג,שלמה א.אנג ל בעמ,,,"י""ח",7.50,ל 100 גרם,false,1,16.90,2.25,false,1,
7290017457581,false,"סוד מרכך מרוכז coconut water 900מ""ל",גורי שיווק בעמ,,,"י""ח",0.90,"ל 100 מ""ל",false,1,11.90,13.22,false,1,
7290017457710,false,"סוד מרכך מרוכז סגול 900מ""ל",גורי שיווק בעמ,,,"י""ח",0.90,"ל 100 מ""ל",false,1,11.90,13.22,false,1,
7290017457734,false,"סוד מרכך מרוכז ורוד 900מ""ל",גורי שיווק בעמ,,,"י""ח",0.90,"ל 100 מ""ל",false,1,11.90,13.22,false,1,
7290017477367,false,מטבעות שוקולד לבן  300גר לאפיה,דין שיווק וקליה 2021 בעמ,,,"י""ח",3,ל 100 גרם,false,1,13.90,4.63,false,1,
7290017477374,false,מטבעות שוקולד חלב  300גר לאפיה,דין שיווק וקליה 2021 בעמ,,,"י""ח",3,ל 100 גרם,false,1,13.90,4.63,false,1,
7290017477381,false,מטבעות שוקולד מריר  300גר לאפיה,דין שיווק וקליה 2021 בעמ,,,"י""ח",3,ל 100 גרם,false,1,13.90,4.63,false,1,
7290017504001,false,פטריות שמפיניון ארוז,ביכורי השדה צפון 1994 ג.ד. בעמ,,,"י""ח",1,,false,1,10.90,10.90,true,1,
7290017504018,false,פטריות זוגות לבן,ביכורי השדה צפון 1994 ג.ד. בעמ,,,"י""ח",1,,false,1,18.90,18.90,false,1,
7290017504025,false,פטריות פורטובלה,ביכורי השדה צפון 1994 ג.ד. בעמ,,,"י""ח",1,,false,1,11.90,11.90,false,1,
7290017513485,false,מחית עגבניות רוסטיקה גרנד איטליה 700גר,תה ויסוצקי (ישראל)בעמ,,,"י""ח",7,ל 100 גרם,false,1,11.90,1.70,true,1,
7290017513775,false,פליפז בייגלה מצופה ש. חלב  140ג,תה ויסוצקי (ישראל)בעמ,,,"י""ח",1.40,ל 100 גרם,false,1,8.90,6.36,true,1,
7290017513782,false,פליפז בייגלה מצופה ש. מריר 140ג,תה ויסוצקי (ישראל)בעמ,,,"י""ח",1.40,ל 100 גרם,false,1,8.90,6.36,true,1,
7290017586007,false,גזר ארוז,ביכורי השדה צפון 1994 ג.ד. בעמ,,,"ק""ג",1,"ק""ג",true,1,3.90,3.90,false,1,
7290017599267,false,סוכרזית סוכרלוז 120שק.,שטראוס גרופ בעמ,,,"י""ח",100,"י""ח",false,1,24.90,0.25,true,1,
7290017599274,false,סוכרזית סטיוויה 120שקיות 100גרם,שטראוס גרופ בעמ,,,"י""ח",1,ל 100 גרם,false,1,34.90,34.90,true,1,
7290017617046,false,סטארקיסט רביעייה בשמן זית 140ג,דיפלומט מפיצים (1968) בעמ**,,,"י""ח",5.60,"ל 100 מ""ל",false,1,27.90,4.98,false,1,
7290017617084,false,סטארקיסט מיקס טוגו עם שעועית 185ג,דיפלומט מפיצים (1968) בעמ**,,,"י""ח",1.85,ל 100 גרם,false,1,13.90,7.51,false,1,
7290017617091,false,סטארקיסט מיקס טוגו עם פתיתים 185ג,דיפלומט מפיצים (1968) בעמ**,,,"י""ח",1.85,ל 100 גרם,false,1,13.90,7.51,false,1,
7290017617138,false,טונה סטארקיסט דל נטרן רביעייה,דיפלומט מפיצים (1968) בעמ**,,,"י""ח",6.40,ל 100 גרם,false,1,26.90,4.20,true,1,
7290017617411,false,סטארקיסט מיקס סלמון עם אורז 160ג,דיפלומט מפיצים (1968) בעמ**,,,"י""ח",0.80,ל 100 גרם,false,1,14.90,18.63,false,1,
7290017617435,false,סטארקיסט מיקס סלמון עם עדשים 160ג,דיפלומט מפיצים (1968) בעמ**,,,"י""ח",0.80,ל 100 גרם,false,1,14.90,18.63,false,1,
7290017641188,false,קרקר עם שיפון מלא וסלק 130ג,כרמית תעשיות ממתקים בעמ,,,"י""ח",1.30,ל 100 גרם,false,1,6.90,5.31,true,1,
7290017641720,false,שוקולד מריר %70שברי שקד  100ג,כרמית תעשיות ממתקים בעמ,,,"י""ח",0.85,ל 100 גרם,false,1,7.90,9.29,true,1,
7290017641737,false,שוקולד מריר %70שברי אגוז  100ג,כרמית תעשיות ממתקים בעמ,,,"י""ח",0.85,ל 100 גרם,false,1,7.90,9.29,true,1,
7290017677804,false,"רוטב סויה קיקומן 444מ""ל",דיפלומט מפיצים (1968) בעמ**,,,"י""ח",4.44,"ל 100 מ""ל",false,1,19.90,4.48,false,1,
7290017682556,false,שיפודים עבים במיוחד,מ.א.ייצור ויבוא מטליות בעמ,,,"י""ח",1,,false,1,3.90,3.90,false,1,
7290017724041,false,עוגיות תותי פרוטי 250ג,הלל בן הלל שיווק ומסחר בעמ,,,"י""ח",2.50,ל 100 גרם,false,1,23.90,9.56,false,1,
7290017724164,false,אוזניים ללא סוכר 250ג,הלל בן הלל שיווק ומסחר בעמ,,,"י""ח",2.50,ל 100 גרם,false,1,23.90,9.56,false,1,
7290017812069,false,"יין אקסלנס ריזלינג שרדונה 750מ""",אגודת הכורמים,,,"י""ח",7.50,"ל 100 מ""ל",false,1,24.90,3.28,false,1,
7290017812342,false,יין ספארקלינג מוג ו אדום חצי יבש מוגז,אגודת הכורמים,,,"י""ח",7.50,"ל 100 מ""ל",false,1,24.90,3.28,false,1,
7290017812571,false,תירוש אדום 1 ליטר כרמל.,אגודת הכורמים,,,"י""ח",1,ליטר,false,1,19.90,19.90,false,1,
7290017812588,false,תירוש לבן ליטר חדש,אגודת הכורמים,,,"י""ח",1,ליטר,false,1,19.90,19.90,false,1,
7290017812618,false,תירוש רוזה 1ליטר חדש,אגודת הכורמים,,,"י""ח",1,ליטר,false,1,19.90,19.90,false,1,
7290017812878,false,"יין אקסלנס רוזה  750מ""",אגודת הכורמים,,,"י""ח",7.50,"ל 100 מ""ל",false,1,24.90,3.28,false,1,
7290017841519,false,פתילונים משושים שווה,ח.כהן סוכנות מזון ומשקאות בע,,,"י""ח",1,,false,1,4.90,4.90,false,1,
7290017841540,false,תבניות נייר איגליש מעוטרת 3יח שווה,ח.כהן סוכנות מזון ומשקאות בע,,,"י""ח",3,"י""ח",false,1,7.90,2.63,true,1,
7290017841762,false,"חומץ תפוחי עץ  500מ""ל 5% שווה",ח.כהן סוכנות מזון ומשקאות בע,,,"י""ח",5,"ל 100 מ""ל",false,1,11.90,2.38,false,1,
7290017842004,false,תבניות+מכסים טוסר אובן  שווה,ח.כהן סוכנות מזון ומשקאות בע,,,"י""ח",5,"י""ח",false,1,9.90,1.98,false,1,
7290017842028,false,תבניות+מכסים מלבנית ארוכה שווה,ח.כהן סוכנות מזון ומשקאות בע,,,"י""ח",5,"י""ח",false,1,9.90,1.98,false,1,
7290017842035,false,תבניות+מכסים מבלנית עמוקה 80A+R64 שווה,ח.כהן סוכנות מזון ומשקאות בע,,,"י""ח",5,"י""ח",false,1,9.90,1.98,false,1,
7290017842127,false,ניירות סנדוויץ מאוירות שווה,ח.כהן סוכנות מזון ומשקאות בע,,,"י""ח",100,"י""ח",false,1,9.90,0.10,false,1,
7290017842233,false,מקרל בשמן צמחי 125 גרם שווה,ח.כהן סוכנות מזון ומשקאות בע,,,"י""ח",1.25,"ל 100 מ""ל",false,1,5.90,4.72,true,1,
7290017842332,false,פירורי לחם מוזהב 200 גרם שווה.,ח.כהן סוכנות מזון ומשקאות בע,,,"י""ח",2,"ל 100 מ""ל",false,1,3.90,1.95,false,1,
7290017842448,false,אננס שלם 227ג  שווה,ח.כהן סוכנות מזון ומשקאות בע,,,"י""ח",2.27,ל 100 גרם,false,1,4.90,2.16,false,1,
7290017842554,false,חמאת בוטנים קראנץ 510גר קלאסית שווה,ח.כהן סוכנות מזון ומשקאות בע,,,"י""ח",5.10,ל 100 גרם,false,1,10.90,2.14,true,1,
7290017842561,false,חמאת בוטנים קראנץ 510גר קראנץ שווה,ח.כהן סוכנות מזון ומשקאות בע,,,"י""ח",5.10,ל 100 גרם,false,1,10.90,2.14,true,1,
7290017842752,false,צלחת  גדולה חושן 20יח שווה,ח.כהן סוכנות מזון ומשקאות בע,,,"י""ח",20,"י""ח",false,1,13.90,0.70,false,1,
7290017842813,false,"צלחות גדולות מעלי דקל 10  יח""שווה""",ח.כהן סוכנות מזון ומשקאות בע,,,"י""ח",1,,false,1,12.90,12.90,false,1,
7290017845029,false,פטריות צמד משפחתי,ביכורי השדה צפון 1994 ג.ד. בעמ,,,"י""ח",1,,false,1,18.90,18.90,false,1,
7290017864259,false,בזיליקום 100ג,ביכורי השדה צפון 1994 ג.ד. בעמ,,,"י""ח",1,,false,1,8.90,8.90,false,1,
7290017864471,false,עלי בייבי250ג,ביכורי השדה צפון 1994 ג.ד. בעמ,,,"י""ח",2.50,ל 100 גרם,false,1,14.90,5.96,false,1,
7290017864549,false,רוקולה 250גר,ביכורי השדה צפון 1994 ג.ד. בעמ,,,"י""ח",2.50,ל 100 גרם,false,1,15.90,6.36,false,1,
7290017864594,false,שיני שום מובחרות,ביכורי השדה צפון 1994 ג.ד. בעמ,,,"י""ח",1,,false,1,14.90,14.90,false,1,
7290017872056,false,פמלי  סבון סדרה לבנה שלישיה.3*500מ,דנשר (1963) בעמ,,,"י""ח",1.50,ליטר,false,1,17.90,11.93,false,1,
7290017872940,false,מגע הדבש רצועות שעווה BIO לפנים מגבוני,דנשר (1963) בעמ,,,"י""ח",1,"י""ח",false,1,29.90,29.90,false,1,
7290017873015,false,גלילונית גופיה  עם ידיות 30יח,דנשר (1963) בעמ,,,"י""ח",30,"י""ח",false,1,14.90,0.50,false,1,
7290017873367,false,קרם ידיים פנג`ל ויטליטי לכל סוגי עור 1,דנשר (1963) בעמ,,,"י""ח",100,"ל 100 מ""ל",false,1,12.90,0.13,false,1,
7290017873398,false,תחליב גוף פנג`ל ויטליטי לכל סוגי העור4,דנשר (1963) בעמ,,,"י""ח",4,"ל 100 מ""ל",false,1,26.90,6.73,false,1,
7290017873411,false,קרם גוף פנג`ל ויטליטי לכל סוגי העור 20,דנשר (1963) בעמ,,,"י""ח",2,"ל 100 מ""ל",false,1,29.90,14.95,false,1,
7290017888095,false,"שוופס מוגז פירות  330מ""ל 1/4.",יפאורה שותפות מוגבלת לשיווק,,,"י""ח",1.32,ליטר,false,1,13.20,9.09,true,1,
7290017888101,false,"שוופס מוגז עדין 330מ""ל 1/4 אפרסק",יפאורה שותפות מוגבלת לשיווק,,,"י""ח",1.50,ליטר,false,1,13.20,8,true,1,
7290017888729,false,סודה שוופס 1ל,יפאורה שותפות מוגבלת לשיווק,,,"י""ח",1,ליטר,false,1,4.50,4.50,true,1,
7290017917283,false,מגבונים מילוי קמיל בלו ללא בישום רביעייה,פישר תעשיות פרמבצטיות בעמ,,,"י""ח",4,ל 100 גרם,false,1,19.90,4.98,false,1,
7290017928036,false,מאיר בייגל מקלות גריסיני שומשום 175גר,דנשר (1963) בעמ,,,"י""ח",1.75,ל 100 גרם,false,1,11.90,6.80,true,1,
7290017928098,false,מאיר בייגל שטוחלה מלח  300גר,דנשר (1963) בעמ,,,"י""ח",3,ל 100 גרם,false,1,10.90,3.63,true,1,
7290017928210,false,מאיר בייגל בייגלה גדול שומשום 250גר,דנשר (1963) בעמ,,,"י""ח",2.50,ל 100 גרם,false,1,10.90,4.36,true,1,
7290017928227,false,מאיר בייגל שטוחלה פינוקים 300ג,דנשר (1963) בעמ,,,"י""ח",3,ל 100 גרם,false,1,10.90,3.63,true,1,
7290017928524,false,מאיר בייגל בייגלה שטוח ניגובים מלח 330גר,דנשר (1963) בעמ,,,"י""ח",3,ל 100 גרם,false,1,10.90,3.63,true,1,
7290017928616,false,מאיר בייגל שטוחלה שומשום  300גר,דנשר (1963) בעמ,,,"י""ח",3,ל 100 גרם,false,1,10.90,3.63,true,1,
7290017928685,false,מאיר בייגל שמיניות מלח 330גר,דנשר (1963) בעמ,,,"י""ח",3.30,ל 100 גרם,false,1,10.90,3.30,true,1,
7290017928722,false,מאיר בייגל בייגלה שטוח ניגובים שומשו 3,דנשר (1963) בעמ,,,"י""ח",3,ל 100 גרם,false,1,10.90,3.63,true,1,
7290017928807,false,מאיר בייגל אצבעות שומשום 300גר,דנשר (1963) בעמ,,,"י""ח",3,ל 100 גרם,false,1,10.90,3.63,true,1,
7290017928821,false,מאיר בייגל מקלות גריסיני קלאסי 200גר,דנשר (1963) בעמ,,,"י""ח",2,ל 100 גרם,false,1,11.90,5.95,true,1,
7290017946474,false,"הוואי ת. רחצה סודות פולינזיה  700 מ""ל",הנקל סוד בעמ,,,"י""ח",7,"ל 100 מ""ל",false,1,10.90,1.56,false,1,
7290017946795,false,סוד כדוריות לתליה באסלה טורקיז,גורי שיווק בעמ,,,"י""ח",7.50,"ל 100 מ""ל",false,1,7.90,1.05,false,1,
7290017946993,false,סוד כדוריות לתליה באסלה סגול,גורי שיווק בעמ,,,"י""ח",7.50,"ל 100 מ""ל",false,1,7.90,1.05,false,1,
7290017947105,false,לחם אנגיל בסגנון אמריקה 500גר,שלמה א.אנג ל בעמ,,,"י""ח",5,ל 100 גרם,false,1,13.90,2.78,false,1,
7290017947464,false,פיתות כוסמין מארז 8 יח אנגל,שלמה א.אנג ל בעמ,,,"י""ח",8,"י""ח",false,1,14.90,1.86,true,1,
7290017947891,false,לחם אנגיל כוסמין וחיטה מלאה 750גר,שלמה א.אנג ל בעמ,,,"י""ח",7.50,ל 100 גרם,false,1,15.90,2.12,false,1,
7290017947921,false,לחמניות  להמבורגר 450גר.,שלמה א.אנג ל בעמ,,,"י""ח",4.50,ל 100 גרם,false,1,12.90,2.87,false,1,
7290018023013,false,זית סורי שבור  215גרם,בני פאוזי שמשום (2009) בעמ,,,"י""ח",2.15,ל 100 גרם,false,1,9.90,4.60,true,1,
7290018029206,false,עוגיות כתר ריבה מיקס 600 גרם,שיבולים ייצור ושיווק מאפה בעמ,,,"י""ח",6,ל 100 גרם,false,1,19.90,3.32,false,1,
7290018045084,false,דגנים במילוי קרם בטעם בראוניז 480גר,ר.ב. מוצרי דגנים בעמ,,,"י""ח",7.50,ל 100 גרם,false,1,21.90,2.92,true,1,
7290018091029,false,"מקלות פילו תפו""א  450ג קפוא",תנובה בשר,,,"י""ח",4.50,ל 100 גרם,false,1,17.90,3.98,false,1,
7290018091616,false,מקלות פילו גבינה 450ג קפוא,תנובה בשר,,,"י""ח",4.50,ל 100 גרם,false,1,17.90,3.98,false,1,
7290018091821,false,פיצה נפוליטנה 200ג.,תנובה בשר,,,"י""ח",2,ל 100 גרם,false,1,14.90,7.45,false,1,
7290018098349,false,פרישייק בריאות פירות יער ואסאי 300גר,א.ג בחירה חכמה בעמ,,,"י""ח",3,"ל 100 מ""ל",false,1,14.90,4.97,false,1,
7290018098561,false,פרישייק בריאות תות בננה תמר 300גר,א.ג בחירה חכמה בעמ,,,"י""ח",3,"ל 100 מ""ל",false,1,14.90,4.97,false,1,
7290018131879,false,מאגדת אקסטרים ריבת חלב   X 6,נגה גלידות,,,"י""ח",1,,false,1,35.90,35.90,false,1,
7290018131954,false,לה פרוטה מאגדת תות שוקולד 5*70גר,נגה גלידות,,,"י""ח",3.50,ל 100 גרם,false,1,29.90,8.54,false,1,
7290018192023,false,סלרי.,ביכורי השדה צפון 1994 ג.ד. בעמ,,,"י""ח",1,,false,1,5.90,5.90,false,1,
7290018192658,false,פטריות  צמד איטלקי,ביכורי השדה צפון 1994 ג.ד. בעמ,,,"י""ח",1,,false,1,19.90,19.90,false,1,
7290018198056,false,"תפוגן קוביות תפוחי אדמה  1.5ק""ג",קבוצת אוסם סחר-שות.מוגבלת,,,"י""ח",1.50,"ק""ג",false,1,24.90,16.60,false,1,
7290018198100,false,"תפוגן רוסטיק ציפס  1.5ק""ג",קבוצת אוסם סחר-שות.מוגבלת,,,"י""ח",1.50,"ק""ג",false,1,24.90,16.60,false,1,
7290018198148,false,"תפוגן קריספי צ`יפס קלאסי 1.25ק""ג",קבוצת אוסם סחר-שות.מוגבלת,,,"י""ח",1.50,"ק""ג",false,1,27.90,18.60,false,1,
7290018198254,false,"תפוגן קריספי צ`יפס פוטטוס 1.25ק""ג",קבוצת אוסם סחר-שות.מוגבלת,,,"י""ח",1.50,"ק""ג",false,1,27.90,18.60,false,1,
7290018208472,false,"תמר מג`הול 1ק""ג מחנה יהודה.",א.מ. עישבי תיבול תקומה בעמ,,,"י""ח",1,"ק""ג",false,1,19.90,19.90,true,1,
7290018208489,false,תמר מג`הול 800גר פרימים מחנה יהודה,א.מ. עישבי תיבול תקומה בעמ,,,"י""ח",8,ל 100 גרם,false,1,24.90,3.11,true,1,
7290018208496,false,תמר מג`הול 650גר סופר פרימים מחנה יהוד,א.מ. עישבי תיבול תקומה בעמ,,,"י""ח",6.50,ל 100 גרם,false,1,24.90,3.83,true,1,
7290018237496,false,עוף טוב דק דק פסטרמה דבש 220גר.,קבוצת אוסם סחר-שות.מוגבלת,,,"י""ח",2.20,ל 100 גרם,false,1,21.90,9.95,true,1,
7290018237922,false,שניצלונים ציפוי צ`יפס ]עוף  טוב[,קבוצת אוסם סחר-שות.מוגבלת,,,"י""ח",7,ל 100 גרם,false,1,14.90,2.13,false,1,
7290018237939,false,שניצלונים]עוף  טוב[.,קבוצת אוסם סחר-שות.מוגבלת,,,"י""ח",7,ל 100 גרם,false,1,14.90,2.13,false,1,
7290018237960,false,עוף טוב כתף בקר עסיסי 265 גרם,קבוצת אוסם סחר-שות.מוגבלת,,,"י""ח",2.65,ל 100 גרם,false,1,29.90,11.28,true,1,
7290018294208,false,סלקטד אדום ישראלי 0.75,אגודת הכורמים,,,"י""ח",7.50,"ל 100 מ""ל",false,1,29.90,3.95,true,1,
7290018359358,false,רוטב עג  פריכוז יכין 3*200גר,זנלכל בעמ,,,"י""ח",6,ל 100 גרם,false,1,12.90,2.15,false,1,
7290018359495,false,תירס מהשדה ללא תוספת סוכר 550ג יכין,זנלכל בעמ,,,"י""ח",5.50,ל 100 גרם,false,1,9.90,1.80,false,1,
7290018359518,false,תירס מהשדה ללא תוספת סוכר 3*200ג יכין,זנלכל בעמ,,,"י""ח",6,ל 100 גרם,false,1,14.90,2.48,false,1,
7290018359556,false,תירס מהשדה ללא תוספת סוכר 400ג יכין,זנלכל בעמ,,,"י""ח",4,ל 100 גרם,false,1,6.90,1.73,false,1,
7290018359570,false,שעועית צ`ילי הקטניה הטובה יכין 3*200גר.,זנלכל בעמ,,,"י""ח",6,ל 100 גרם,false,1,12.90,2.15,true,1,
7290018359587,false,חומוס הקטניה הטובה יכין 3*200גר.,זנלכל בעמ,,,"י""ח",6,ל 100 גרם,false,1,12.90,2.15,true,1,
7290018359679,false,שעועית לימה יכין 550ג,זנלכל בעמ,,,"י""ח",5.20,ל 100 גרם,false,1,9.90,1.90,false,1,
7290018359686,false,~חומוס ענק יכין 550ג,זנלכל בעמ,,,"י""ח",5.20,ל 100 גרם,false,1,9.90,1.90,false,1,
7290018359716,false,רוטב פיצה טוסקנה יכין 240גר,זנלכל בעמ,,,"י""ח",2.40,"ל 100 מ""ל",false,1,5.50,2.29,false,1,
7290018359938,false,רוטב עגבניות לשקשוקה יכין 400גר,זנלכל בעמ,,,"י""ח",4,ל 100 גרם,false,1,10.90,2.73,false,1,
7290018440209,false,פליפז בייגלה מצופה פאדג לבן 140ג,תה ויסוצקי (ישראל)בעמ,,,"י""ח",1.40,ל 100 גרם,false,1,8.90,6.36,true,1,
7290018440445,false,טונה בשמן זית 160ג,תה ויסוצקי (ישראל)בעמ,,,"י""ח",1.60,ל 100 גרם,false,1,16.90,10.56,true,1,
7290018440476,false,פליפז בייגלה מצופה קרם עוגת גבינה 140ג,תה ויסוצקי (ישראל)בעמ,,,"י""ח",1.40,ל 100 גרם,false,1,8.90,6.36,true,1,
7290018440483,false,פליפז בייגלה מצופה קרמל מלוח 140ג,תה ויסוצקי (ישראל)בעמ,,,"י""ח",1.40,ל 100 גרם,false,1,8.90,6.36,true,1,
7290018443040,false,נבטים סיניים שמיטה,ביכורי השדה צפון 1994 ג.ד. בעמ,,,"י""ח",1,,false,1,7.90,7.90,false,1,
7290018443064,false,נבטים אלפלפא שמיטה,ביכורי השדה צפון 1994 ג.ד. בעמ,,,"י""ח",1,,false,1,7.90,7.90,false,1,
7290018443255,false,בייבי בטטה,ביכורי השדה צפון 1994 ג.ד. בעמ,,,"י""ח",1,,false,1,8.90,8.90,false,1,
7290018443545,false,פלפל צ`ילי אדום 200גר,ביכורי השדה צפון 1994 ג.ד. בעמ,,,"י""ח",2,ל 100 גרם,false,1,10.90,5.45,false,1,
7290018443712,false,כרובית ארוזה,ביכורי השדה צפון 1994 ג.ד. בעמ,,,"י""ח",1,"י""ח",false,1,10.90,10.90,false,1,
7290018443828,false,צמד חסה אייסברג,ביכורי השדה צפון 1994 ג.ד. בעמ,,,"י""ח",1.50,ל 100 גרם,false,1,10.90,7.27,false,1,
7290018443835,false,שרי לובלו פרימיום.,ביכורי השדה צפון 1994 ג.ד. בעמ,,,"י""ח",1,,false,1,12.90,12.90,false,1,
7290018443873,false,ברוקובית ארוז,ביכורי השדה צפון 1994 ג.ד. בעמ,,,"י""ח",1,,false,1,18.90,18.90,false,1,
7290018468326,false,נקניקיה צמחית סגנון אמריקאי 400ג,תנובה בשר,,,"י""ח",1.80,"ק""ג",false,1,42.90,23.83,false,1,
7290018471180,false,פרוט  ווג`אננס תפוח גזר 1ליטר,יפאורה שותפות מוגבלת לשיווק,,,"י""ח",1,ליטר,false,1,12.90,12.90,false,1,
7290018471395,false,פרוט  ווג` סלק רימון גזר,יפאורה שותפות מוגבלת לשיווק,,,"י""ח",1,ליטר,false,1,12.90,12.90,false,1,
7290018471463,false,תפוזינה נקטר תפוז מנגו 1ל קרטון,יפאורה שותפות מוגבלת לשיווק,,,"י""ח",1,ליטר,false,1,8.10,8.10,false,1,
7290018471470,false,תפוזינה נקטר תפוז פסיפלורה 1ל קרטון,יפאורה שותפות מוגבלת לשיווק,,,"י""ח",1,ליטר,false,1,8.10,8.10,false,1,
7290018471913,false,שוופס מוגז פירות תפוחים 1.5ל,יפאורה שותפות מוגבלת לשיווק,,,"י""ח",1.50,ליטר,false,1,8.80,5.67,true,1,
7290018471937,false,שוופס מוגז פירות תות ליים 1.5ל,יפאורה שותפות מוגבלת לשיווק,,,"י""ח",1.50,ליטר,false,1,8.80,5.67,true,1,
7290018471944,false,שוופס מוגז פירות לימונייד 1.5ל,יפאורה שותפות מוגבלת לשיווק,,,"י""ח",1.50,ליטר,false,1,8.80,5.67,true,1,
7290018471951,false,שוופס מוגז פירות אשכולית אדומה 1.5ל,יפאורה שותפות מוגבלת לשיווק,,,"י""ח",1.50,ליטר,false,1,8.80,5.67,true,1,
7290018493144,false,אל סבון נוזלי לידיים קמיל ש. ארגן 1ליט,פישר תעשיות פרמבצטיות בעמ,,,"י""ח",1,ליטר,false,1,15.90,15.90,true,1,
7290018500316,false,לחם כוסמין 750גרם ארטיזנל,שלמה א.אנג ל בעמ,,,"י""ח",7.50,ל 100 גרם,false,1,20.90,2.79,true,1,
7290018500361,false,לחם אחיד פרוס אנג ל 900גרם  *,שלמה א.אנג ל בעמ,,,"י""ח",9,ל 100 גרם,false,1,8.53,0.95,false,1,
7290018507438,false,נתחי חזה עוף בציפוי פריך 600ג,תנובה בשר,,,"י""ח",7,ל 100 גרם,false,1,42.90,6.13,false,1,
7290018516331,false,פרינוק מחית בננה וש.שועל  120ג,גורי מוצרי צריכה בעמ,,,"י""ח",1.20,ל 100 גרם,false,1,5.90,4.92,true,1,
7290018517086,false,מעדן פרי דובדבן ללא סוכר 280גר,נאמן לאורך זמן בעמ,,,"י""ח",2.80,ל 100 גרם,false,1,11.90,4.25,false,1,
7290018540329,false,פיתה אנגל בלדי 8יח.,שלמה א.אנג ל בעמ,,,"י""ח",8,"י""ח",false,1,11.90,1.49,false,1,
7290018556498,false,משקה אלכוהול יאסו פסיפלורה  14% 250 מייל,פיירוואטר בעמ,,,"י""ח",2.50,"ל 100 מ""ל",false,1,11.90,4.64,true,1,
7290018571224,false,סילאן  טבעי לחיץ 470 גרם מיה,מיה תעשיות מזון מ.ת.מ בעמ,,,"י""ח",4.70,ל 100 גרם,false,1,17.90,3.81,false,1,
7290018571231,false,עדשי שוקולד לאפיה 400גר,מיה תעשיות מזון מ.ת.מ בעמ,,,"י""ח",4,ל 100 גרם,false,1,18.90,4.73,false,1,
7290018571620,false,סוכריות מולטי ויטמין נשים 240גר,מיה תעשיות מזון מ.ת.מ בעמ,,,"י""ח",2.40,ל 100 גרם,false,1,39.90,16.63,false,1,
7290018571712,false,"אורז בסגנון פרסי 1 ק""ג",מיה תעשיות מזון מ.ת.מ בעמ,,,"י""ח",1,"ק""ג",false,1,9.90,9.90,true,1,
7290018571736,false,"אורז בסמטי 1 ק""ג",מיה תעשיות מזון מ.ת.מ בעמ,,,"י""ח",1,"ק""ג",false,1,10.90,10.90,true,1,
7290018652039,false,לה קרמריה קרמל מלוח ונוגט  1.4 ליטר,נגה גלידות,,,"י""ח",1.40,ליטר,false,1,18.90,13.50,false,1,
7290018652909,false,מאגדת אספרסו שוקולד 5*43גר,נגה גלידות,,,"י""ח",2.15,ל 100 גרם,false,1,29.90,13.91,false,1,
7290018652923,false,מאגדת תות עוגת גבינה 5*43גר,נגה גלידות,,,"י""ח",2.15,ל 100 גרם,false,1,29.90,13.91,false,1,
7290018732809,false,אבוקדו בשל מארז.,ביכורי השדה צפון 1994 ג.ד. בעמ,,,"י""ח",1,"ק""ג",false,1,8.90,8.90,false,1,
7290018835012,false,באר אקסטרה בציפוי שוקולד חלב 90גר,א.ל.יצור ושיווקתבלינים בעמ,,,"י""ח",0.90,ל 100 גרם,false,1,13.90,15.44,true,1,
7290018878002,false,אגו מיקס קרקר מצופה שוקולג חלב 55ג,כרמית תעשיות ממתקים בעמ,,,"י""ח",0.55,ל 100 גרם,false,1,3.90,7.09,true,1,
7290018878088,false,שוקולד מריר ללא סוכר שלשות *85ג,כרמית תעשיות ממתקים בעמ,,,"י""ח",2.55,ל 100 גרם,false,1,15.90,6.24,false,1,
7290018893036,false,צוקטה ביסקוויט טעם שוקולד 176ג,ש.שסטוביץ בעמ,,,"י""ח",1.76,ל 100 גרם,false,1,6.90,3.92,false,1,
7290018893074,false,צוקטה עוגת שכבות עם ליקר וניל 400גר,ש.שסטוביץ בעמ,,,"י""ח",4,ל 100 גרם,false,1,10.90,2.73,false,1,
7290018893258,false,צוקטה עוגות אישיות עשירייה קרמל,ש.שסטוביץ בעמ,,,"י""ח",3,ל 100 גרם,false,1,12.90,4.30,false,1,
7290018893272,false,בונבוניירה צ`וקטה צדפות בלגי 125גר,ש.שסטוביץ בעמ,,,"י""ח",1.25,ל 100 גרם,false,1,12.90,10.32,false,1,
7290018893425,false,ממרח צ`וקטה אגוזי לוז וחלב 700גרם,ש.שסטוביץ בעמ,,,"י""ח",3.85,ל 100 גרם,false,1,18.90,4.91,false,1,
7290018893456,false,צוקטה עוגות אישיות עשירייה.,ש.שסטוביץ בעמ,,,"י""ח",3,ל 100 גרם,false,1,12.90,4.30,false,1,
7290018893487,false,צוקטה עוגות אישיות עשירייה קוקוס,ש.שסטוביץ בעמ,,,"י""ח",3,ל 100 גרם,false,1,12.90,4.30,false,1,
7290018893708,false,צוקטה עוגיות סנדוויץ שוקו 250גר,ש.שסטוביץ בעמ,,,"י""ח",2.50,ל 100 גרם,false,1,7.90,3.16,true,1,
7290018893814,false,שוקולד מריר 48% 1/5 צוקטה,ש.שסטוביץ בעמ,,,"י""ח",5,"ל 100 מ""ל",false,1,15.90,3.18,false,1,
7290018893876,false,צוקטה עוגות אישיות 1/8 וניל,ש.שסטוביץ בעמ,,,"י""ח",2.40,ל 100 גרם,false,1,11.90,4.96,true,1,
7290018893920,false,לוקיטוס סוכריות גלי טעם פירות 700ג.,ש.שסטוביץ בעמ,,,"י""ח",7,ל 100 גרם,false,1,19.90,2.84,false,1,
7290018893937,false,לוקיטוס סוכריות גלי טעם פירות 300ג,ש.שסטוביץ בעמ,,,"י""ח",3,ל 100 גרם,false,1,9.90,3.30,false,1,
7290018894019,false,בלקוני עוגות מיקס מקס חלב 350גר,ש.שסטוביץ בעמ,,,"י""ח",3.50,ל 100 גרם,false,1,14.90,4.26,false,1,
7290018894040,false,שוקולד חלב צוקטה חמישייה 100ג.,ש.שסטוביץ בעמ,,,"י""ח",5,"ל 100 מ""ל",false,1,19.90,3.98,false,1,
7290018894248,false,שוקולד חלב צוקטה שלישייה 100ג.,ש.שסטוביץ בעמ,,,"י""ח",3,"ל 100 מ""ל",false,1,13.90,4.63,true,1,
7290018921609,false,משחת החתלה לתינוק קלנדולה 120ג,פישר תעשיות פרמבצטיות בעמ,,,"י""ח",1.20,ל 100 גרם,false,1,21.90,18.25,true,1,
7290018925065,false,פרימור מיץ תפוזים סחוט 2ל`,שטראוס גרופ ***בעמ,,,"י""ח",2,ליטר,false,1,26.90,13.30,true,1,
7290018989135,false,סירופ בטעם פטל יכין 1ליטר,זנלכל בעמ,,,"י""ח",1,ליטר,false,1,18.90,18.90,false,1,
7290019014027,false,נוזל רצפות 4ל בלוסום  טאץ,סאסאטק אגשח בעמ,,,"י""ח",4,ליטר,false,1,14.90,3.73,true,1,
7290019014034,false,נוזל רצפות 4ל לוטוס  טאץ,סאסאטק אגשח בעמ,,,"י""ח",4,ליטר,false,1,14.90,3.73,true,1,
7290019014041,false,נוזל רצפות 2ל פסגה מושלגת טאץ,סאסאטק אגשח בעמ,,,"י""ח",2,ליטר,false,1,18.90,9.45,true,1,
7290019036234,false,שיני שום קלופות 200גר.,ביכורי השדה צפון 1994 ג.ד. בעמ,,,"י""ח",1,,false,1,12.90,12.90,false,1,
7290019038559,false,עוגה בחושה שוקוצ`יפס 350גר,שלמה א.אנג ל בעמ,,,"י""ח",2.70,ל 100 גרם,false,1,12.90,4.78,false,1,
7290019056027,false,שוופס מוגז פירות תפוחים ללא סוכר 1.5ל,יפאורה שותפות מוגבלת לשיווק,,,"י""ח",1.50,ליטר,false,1,7.90,5.07,true,1,
7290019056041,false,שוופס מוגז פירות לחמונייד ללא סוכר 1.5ל,יפאורה שותפות מוגבלת לשיווק,,,"י""ח",1.50,ליטר,false,1,7.90,5.07,true,1,
7290019056058,false,שוופס מוגז עדין תפוח ליים 1.5ליטר,יפאורה שותפות מוגבלת לשיווק,,,"י""ח",1.50,ליטר,false,1,8.60,5.53,true,1,
7290019056065,false,שוופס מוגז עדין פירות יער 1.5ליטר,יפאורה שותפות מוגבלת לשיווק,,,"י""ח",1.50,ליטר,false,1,8.60,5.53,true,1,
7290019056072,false,שוופס מוגז עדין אננס 1.5ליטר,יפאורה שותפות מוגבלת לשיווק,,,"י""ח",1.50,ליטר,false,1,8.60,5.53,true,1,
7290019056089,false,שוופס מוגז עדין ענבי ריזלינג 1.5ליטר,יפאורה שותפות מוגבלת לשיווק,,,"י""ח",1.50,ליטר,false,1,8.60,5.53,true,1,
7290019056096,false,שוופס מוגז עדין אפרסק 1.5ליטר,יפאורה שותפות מוגבלת לשיווק,,,"י""ח",1.50,ליטר,false,1,8.60,5.53,true,1,
7290019056119,false,סודה 1.5 ליטר,יפאורה שותפות מוגבלת לשיווק,,,"י""ח",1.50,ליטר,false,1,4.30,2.67,true,1,
7290019056164,false,שוופס סודה רביעיה 1.5 ל,יפאורה שותפות מוגבלת לשיווק,,,"י""ח",6,ליטר,false,1,11.90,1.78,true,1,
7290019056171,false,שוופס סודה רביעיה 1.5 ל לימון,יפאורה שותפות מוגבלת לשיווק,,,"י""ח",6,ליטר,false,1,11.90,1.78,true,1,
7290019056188,false,שוופס סודה רביעיה 1.5 ל נענע ליים,יפאורה שותפות מוגבלת לשיווק,,,"י""ח",6,ליטר,false,1,11.90,1.78,true,1,
7290019056201,false,שוופס סודה רביעיה 1.5 ל פירות יער,יפאורה שותפות מוגבלת לשיווק,,,"י""ח",6,ליטר,false,1,11.90,1.78,true,1,
7290019056256,false,שוופס מים בטעמים תפוחים 1.5 ליטר,יפאורה שותפות מוגבלת לשיווק,,,"י""ח",1.50,ליטר,false,1,8.50,5.47,true,1,
7290019056263,false,שוופס מים בטעמים אפרסק 1.5 ליטר,יפאורה שותפות מוגבלת לשיווק,,,"י""ח",1.50,ליטר,false,1,8.50,5.47,true,1,
7290019056270,false,שוופס מים בטעמים פירות יער 1.5 ליטר,יפאורה שותפות מוגבלת לשיווק,,,"י""ח",1.50,ליטר,false,1,8.50,5.47,true,1,
7290019056300,false,שוופס ביטר למון 1.5ליטר,יפאורה שותפות מוגבלת לשיווק,,,"י""ח",1.50,ליטר,false,1,12.50,8.13,false,1,
7290019056324,false,שוופס טוניק 1.5ליטר,יפאורה שותפות מוגבלת לשיווק,,,"י""ח",1.50,ליטר,false,1,12.50,8.13,false,1,
7290019056331,false,.שוופס טוניק ללא סוכר 1.5ליטר,יפאורה שותפות מוגבלת לשיווק,,,"י""ח",1.50,ליטר,false,1,11.90,7.73,false,1,
7290019056355,false,תפוזינה  לימונענע 1.5 ליטר,יפאורה שותפות מוגבלת לשיווק,,,"י""ח",1.50,ליטר,false,1,9.20,5.93,true,1,
7290019056379,false,תפוזינה  תפוחים 1.5 ליטר,יפאורה שותפות מוגבלת לשיווק,,,"י""ח",1.50,ליטר,false,1,9.20,5.93,true,1,
7290019056386,false,תפוזינה  אשכוליות 1.5 ליטר,יפאורה שותפות מוגבלת לשיווק,,,"י""ח",1.50,ליטר,false,1,9.20,5.93,true,1,
7290019056409,false,תפוזינה  מנגו 1.5 ליטר,יפאורה שותפות מוגבלת לשיווק,,,"י""ח",1.50,ליטר,false,1,9.20,5.93,true,1,
7290019056461,false,R.C שישיה 1.5ל,יפאורה שותפות מוגבלת לשיווק,,,"י""ח",9,ליטר,false,1,40.90,4.34,true,1,
7290019056478,false,ספרינג -Tאפרסק  1.5 ל,יפאורה שותפות מוגבלת לשיווק,,,"י""ח",1.50,ליטר,false,1,7.50,4.80,true,1,
7290019056485,false,ספרינג -Tתה ירוק לימון לואיזה 1.5ליטר,יפאורה שותפות מוגבלת לשיווק,,,"י""ח",1.50,ליטר,false,1,7.50,4.80,true,1,
7290019056492,false,ספרינג -Tמנגו אפרסק 1.5ליטר,יפאורה שותפות מוגבלת לשיווק,,,"י""ח",1.50,ליטר,false,1,7.50,4.80,true,1,
7290019056515,false,פרוט ווטר אננס 1.5 ליטר,יפאורה שותפות מוגבלת לשיווק,,,"י""ח",1.50,ליטר,false,1,8.50,5.47,true,1,
7290019056522,false,פרוט ווטר תות 1.5 ליטר,יפאורה שותפות מוגבלת לשיווק,,,"י""ח",1.50,ליטר,false,1,8.50,5.47,true,1,
7290019056539,false,פרוט ווטר אפרסק 1.5 ליטר,יפאורה שותפות מוגבלת לשיווק,,,"י""ח",1.50,ליטר,false,1,8.50,5.47,true,1,
7290019056546,false,פרוט ווטר אבטיח 1.5 ליטר,יפאורה שותפות מוגבלת לשיווק,,,"י""ח",1.50,ליטר,false,1,8.50,5.47,true,1,
7290019056553,false,עין גדי 2 ליטר שישיה,יפאורה שותפות מוגבלת לשיווק,,,"י""ח",12,ליטר,false,1,13.70,0.99,false,1,
7290019056577,false,ספרינג מנגו 1.5 ליטר,יפאורה שותפות מוגבלת לשיווק,,,"י""ח",1.50,ליטר,false,1,9.10,5.87,true,1,
7290019056584,false,ספרינג תפוזים 1.5 ליטר,יפאורה שותפות מוגבלת לשיווק,,,"י""ח",1.50,ליטר,false,1,9.10,5.87,true,1,
7290019056591,false,ספרינג ענבים 1.5 ליטר,יפאורה שותפות מוגבלת לשיווק,,,"י""ח",1.50,ליטר,false,1,9.10,5.87,true,1,
7290019056607,false,ספרינג תפוחים 1.5 ליטר,יפאורה שותפות מוגבלת לשיווק,,,"י""ח",1.50,ליטר,false,1,9.10,5.87,true,1,
7290019056614,false,ספרינג אפרסק 1.5 ליטר,יפאורה שותפות מוגבלת לשיווק,,,"י""ח",1.50,ליטר,false,1,9.10,5.87,true,1,
7290019056621,false,ספרינג פירות טרופיים 1.5 ליטר,יפאורה שותפות מוגבלת לשיווק,,,"י""ח",1.50,ליטר,false,1,9.10,5.87,true,1,
7290019056638,false,ספרינג תות בננה 1.5 ליטר,יפאורה שותפות מוגבלת לשיווק,,,"י""ח",1.50,ליטר,false,1,9.10,5.87,true,1,
7290019056645,false,ספרינג אגס תפוח סברס 1.5 ליטר,יפאורה שותפות מוגבלת לשיווק,,,"י""ח",1.50,ליטר,false,1,9.10,5.87,true,1,
7290019056652,false,ספרינג אננס בננה 1.5 ליטר,יפאורה שותפות מוגבלת לשיווק,,,"י""ח",1.50,ליטר,false,1,9.10,5.87,true,1,
7290019056669,false,ספרינג תפוחים דיאט 1.5 ליטר,יפאורה שותפות מוגבלת לשיווק,,,"י""ח",1.50,ליטר,false,1,9.20,5.93,true,1,
7290019056676,false,ספרינג תאשכוליות אננס דיאט 1.5 ליטר,יפאורה שותפות מוגבלת לשיווק,,,"י""ח",1.50,ליטר,false,1,8.80,5.67,true,1,
7290019056720,false,קריסטל 2 ליטר מיץ ענבים,יפאורה שותפות מוגבלת לשיווק,,,"י""ח",2,ליטר,false,1,7.80,3.75,true,1,
7290019056737,false,קריסטל 2 ליטר מיץ אשכוליות,יפאורה שותפות מוגבלת לשיווק,,,"י""ח",2,ליטר,false,1,7.80,3.75,true,1,
7290019056744,false,קריסטל 2 ליטר מיץ תפוזים,יפאורה שותפות מוגבלת לשיווק,,,"י""ח",2,ליטר,false,1,7.80,3.75,true,1,
7290019056751,false,קריסטל 2 ליטר מיץ אשכוליות דיאט,יפאורה שותפות מוגבלת לשיווק,,,"י""ח",2,ליטר,false,1,7.80,3.75,true,1,
7290019056768,false,קריסטל 2 ליטר מיץ מנגו,יפאורה שותפות מוגבלת לשיווק,,,"י""ח",2,ליטר,false,1,7.80,3.75,true,1,
7290019056775,false,קריסטל 2 ליטר מוגז ענבים,יפאורה שותפות מוגבלת לשיווק,,,"י""ח",2,ליטר,false,1,7.80,3.75,true,1,
7290019056782,false,קריסטל 2 ליטר מוגז למון,יפאורה שותפות מוגבלת לשיווק,,,"י""ח",2,ליטר,false,1,7.80,3.75,true,1,
7290019056799,false,קריסטל 2 ליטר מוגז אקזוטי,יפאורה שותפות מוגבלת לשיווק,,,"י""ח",2,ליטר,false,1,7.80,3.75,true,1,
7290019056805,false,קריסטל 2 ליטר מוגז תפוחים,יפאורה שותפות מוגבלת לשיווק,,,"י""ח",2,ליטר,false,1,7.80,3.75,true,1,
7290019056812,false,קריסטל 2 ליטר מוגז מנטה,יפאורה שותפות מוגבלת לשיווק,,,"י""ח",2,ליטר,false,1,7.80,3.75,true,1,
7290019056836,false,קריסטל 2 ליטר מוגז תות,יפאורה שותפות מוגבלת לשיווק,,,"י""ח",2,ליטר,false,1,7.80,3.75,true,1,
7290019056850,false,ספרינג -Tאפרסק דיאט 1.5ליטר,יפאורה שותפות מוגבלת לשיווק,,,"י""ח",1.50,ליטר,false,1,7.50,4.80,true,1,
7290019056973,false,מי עדן 1.5 ליטר שישיה,יפאורה שותפות מוגבלת לשיווק,,,"י""ח",9,ליטר,false,1,13.90,1.34,false,1,
7290019105022,false,אל סבון נוזלי בניחוח מאסק 1ליטר,טרופיקל דגיל תעשיות קוסמטיקה,,,"י""ח",1,ליטר,false,1,10.90,10.90,true,1,
7290019105428,false,אל סבון נוזלי בניחוח פרחים 1ליטר,טרופיקל דגיל תעשיות קוסמטיקה,,,"י""ח",1,ליטר,false,1,10.90,10.90,true,1,
7290019105817,false,אל סבון נוזלי בניחוח וניל ודבש 1ליטר,טרופיקל דגיל תעשיות קוסמטיקה,,,"י""ח",1,ליטר,false,1,10.90,10.90,true,1,
7290019145004,false,משקה אלכהלי מחנה יהודה אשכולית 700 מייל,פיירוואטר בעמ,,,"י""ח",7.50,"ל 100 מ""ל",false,1,40.20,5.32,true,1,
7290019145868,false,משקה כהלי מחנה יהודה לימון 250 מייל,פיירוואטר בעמ,,,"י""ח",2.50,"ל 100 מ""ל",false,1,9.90,3.84,true,1,
7290019153085,false,שוופס ללא סוכר מוחיטו 1.5ל.,יפאורה שותפות מוגבלת לשיווק,,,"י""ח",1.50,ליטר,false,1,8.80,5.67,true,1,
7290019153221,false,סודה שוופס אננס  0.5ל,יפאורה שותפות מוגבלת לשיווק,,,"י""ח",5,"ל 100 מ""ל",false,1,4.50,0.84,true,1,
7290019153238,false,סודה שוופס תפוח  0.5ל,יפאורה שותפות מוגבלת לשיווק,,,"י""ח",5,"ל 100 מ""ל",false,1,4.50,0.84,true,1,
7290019153252,false,שוופס סודה רביעיה 1.5 ל תפוח,יפאורה שותפות מוגבלת לשיווק,,,"י""ח",6,ליטר,false,1,11.90,1.78,true,1,
7290019153269,false,שוופס סודה רביעיה 1.5 ל אננס,יפאורה שותפות מוגבלת לשיווק,,,"י""ח",6,ליטר,false,1,11.90,1.78,true,1,
7290019153313,false,"פרוט ווג תפוח חמוציות אוכמניות 350מ""ל",יפאורה שותפות מוגבלת לשיווק,,,"י""ח",3.50,"ל 100 מ""ל",false,1,7.50,2.06,true,1,
7290019153344,false,תפוזינה  סנגרייה 1.5 ליטר,יפאורה שותפות מוגבלת לשיווק,,,"י""ח",1.50,ליטר,false,1,9.20,5.93,true,1,
7290019153375,false,תפוזינה  מוחיטו 1.5 ליטר,יפאורה שותפות מוגבלת לשיווק,,,"י""ח",1.50,ליטר,false,1,9.20,5.93,true,1,
7290019153566,false,ספרינג רימון אוכמניות דובדבן  1.5 ליטר,יפאורה שותפות מוגבלת לשיווק,,,"י""ח",1.50,ליטר,false,1,9.10,5.87,true,1,
7290019162124,false,גרב מחממת *2 לגבר,ליאור יבוא ושיווק מוצרי הלבשה,,,"י""ח",1,,false,1,23.50,23.50,false,1,
7290019162216,false,בוקסר כותנה,ליאור יבוא ושיווק מוצרי הלבשה,,,"י""ח",1,,false,1,14.90,14.90,false,1,
7290019162391,false,חגורה,ליאור יבוא ושיווק מוצרי הלבשה,,,"י""ח",1,,false,1,24.90,24.90,false,1,
7290019167020,false,עוגת גבינה עם פירות יער לייט 82ג,תנובה בעמ ***,,,"י""ח",0.82,"ל 100 מ""ל",false,1,6.90,8.41,false,1,
7290019167037,false,תותים ברצפת 82ג,תנובה בעמ ***,,,"י""ח",0.82,"ל 100 מ""ל",false,1,6.90,8.41,false,1,
7290019167044,false,קצפת עם קרם בייגלה מתוק מלוח 82ג,תנובה בעמ ***,,,"י""ח",0.82,"ל 100 מ""ל",false,1,6.90,8.41,false,1,
7290019203001,false,טורטיה מעדשים כתומות מונבט 180גר,גורי מוצרי צריכה בעמ,,,"י""ח",1.80,ל 100 גרם,false,1,19.90,11.06,false,1,
7290019204107,false,עוף טוב פסטרמה בטעם אווז 320 גרם,קבוצת אוסם סחר-שות.מוגבלת,,,"י""ח",3.20,ל 100 גרם,false,1,29.90,9.34,true,1,
7290019204305,false,חזה הודו ברביקיו  350 גרם,קבוצת אוסם סחר-שות.מוגבלת,,,"י""ח",3.50,ל 100 גרם,false,1,29.90,8.54,true,1,
7290019232803,false,הולגריין ביסקוויט עם קרם 300ג,תה ויסוצקי (ישראל)בעמ,,,"י""ח",3,ל 100 גרם,false,1,10.90,3.63,true,1,
7290019232834,false,פליפז בייגלה מצופה רם עוגיות 140ג,תה ויסוצקי (ישראל)בעמ,,,"י""ח",1.40,ל 100 גרם,false,1,8.90,6.36,true,1,
7290019233015,false,שקשוקה ירוקה 420ג,תה ויסוצקי (ישראל)בעמ,,,"י""ח",3.50,"ל 100 מ""ל",false,1,13.90,3.97,false,1,
7290019233022,false,שקשוקה חצילים  420ג,תה ויסוצקי (ישראל)בעמ,,,"י""ח",3.50,"ל 100 מ""ל",false,1,13.90,3.97,false,1,
7290019233039,false,שקשוקה קלאסית  420ג,תה ויסוצקי (ישראל)בעמ,,,"י""ח",3.50,"ל 100 מ""ל",false,1,13.90,3.97,false,1,
7290019297246,false,שזיפים 250גר בקופסא,דין שיווק וקליה 2021 בעמ,,,"י""ח",2.50,ל 100 גרם,false,1,19.90,7.96,false,1,
7290019297383,false,מעדן משמש שקדיה 100% רכיבי פרי 284גר ל,דין שיווק וקליה 2021 בעמ,,,"י""ח",2.84,ל 100 גרם,false,1,13.90,4.89,true,1,
7290019297406,false,מעדן דובדבן 100% רכיבי פרי 284גר ל.ס,דין שיווק וקליה 2021 בעמ,,,"י""ח",2.84,ל 100 גרם,false,1,13.90,4.89,true,1,
7290019297550,false,בוטנים מטוגטים בקופסא 185גר,דין שיווק וקליה 2021 בעמ,,,"י""ח",1.60,ל 100 גרם,false,1,10,6.25,false,1,
7290019297642,false,גרעין שחור קלוי ללא מלח 150גר ששון הקו,דין שיווק וקליה 2021 בעמ,,,"י""ח",1.50,ל 100 גרם,false,1,5.90,3.93,false,1,
7290022005074,false,רוטב עגבניות שרי קלאסי 400גר,א.ל.יצור ושיווקתבלינים בעמ,,,"י""ח",4,"ל 100 מ""ל",false,1,14.90,3.73,true,1,
7290022005081,false,רוטב עגבניות שרי ארביאטה 400גר,א.ל.יצור ושיווקתבלינים בעמ,,,"י""ח",4,"ל 100 מ""ל",false,1,14.90,3.73,true,1,
7290022005098,false,רוטב עגבניות שרי לשקשוקה 400גר,א.ל.יצור ושיווקתבלינים בעמ,,,"י""ח",4,"ל 100 מ""ל",false,1,14.90,3.73,true,1,
7290022005104,false,רוטב עגבניות שרי בזיליקום 400גר,א.ל.יצור ושיווקתבלינים בעמ,,,"י""ח",4,"ל 100 מ""ל",false,1,14.90,3.73,true,1,
7290022005111,false,רוטב עגבניות שרי לפיצה 400גר,א.ל.יצור ושיווקתבלינים בעמ,,,"י""ח",4,"ל 100 מ""ל",false,1,14.90,3.73,true,1,
7290042051778,false,"צלחות ענקיות מתכלות 25יח  ""שווה""",ח.כהן סוכנות מזון ומשקאות בע,,,"י""ח",25,"י""ח",false,1,19.90,0.80,true,1,
7290042051785,false,"צלחות גדולות מתכלות 25יח  ""שווה""",ח.כהן סוכנות מזון ומשקאות בע,,,"י""ח",25,"י""ח",false,1,14.90,0.60,true,1,
7290042051792,false,"צלחות קטנות מתכלות 25יח  ""שווה""",ח.כהן סוכנות מזון ומשקאות בע,,,"י""ח",25,"י""ח",false,1,8.90,0.36,true,1,
7290042051921,false,כוסות יהלום שווה 40יח,ח.כהן סוכנות מזון ומשקאות בע,,,"י""ח",40,"י""ח",false,1,10.90,0.27,false,1,
7290100240632,false,"פתית 6דגנים 250גר  בד""ץ",יוניליוור ישראל שיווק בעמ,,,"י""ח",2.50,ל 100 גרם,false,1,14.90,5.96,true,1,
7290100243671,false,"בדין אקסטרא כחול 960 מ""ל",יוניליוור ישראל שיווק בעמ,,,"י""ח",9.60,"ל 100 מ""ל",false,1,15.90,1.66,true,1,
7290100245231,false,נמס בכוס ועוד טעם עוף שקדי מרק 50גר,יוניליוור ישראל שיווק בעמ,,,"י""ח",0.50,ל 100 גרם,false,1,6.90,13.80,true,1,
7290100412848,false,"דר עור ת.גוף  אנטי אייגינג  400מ""ל",שקד תבל בעמ,,,"י""ח",4,"ל 100 מ""ל",false,1,21.90,5.48,true,1,
7290100653463,false,סבון נוזלי פלמוליב ספא,ש.שסטוביץ בעמ,,,"י""ח",5,"ל 100 מ""ל",false,1,15.90,3.18,false,1,
7290100658338,false,פלמוליב לכלים אוקסי פלוס,ש.שסטוביץ בעמ,,,"י""ח",7.50,"ל 100 מ""ל",false,1,11.90,1.59,true,1,
7290100680650,false,מנה חמה נודלס תאילנדי,קבוצת אוסם סחר-שות.מוגבלת,,,"י""ח",0.76,ל 100 גרם,false,1,6.90,9.08,true,1,
7290100680667,false,מנה חמה נודלס ירקות ט.סצ`ואן,קבוצת אוסם סחר-שות.מוגבלת,,,"י""ח",0.76,ל 100 גרם,false,1,6.90,9.08,true,1,
7290100680711,false,פירורית זהב 350 גרם אוסם,קבוצת אוסם סחר-שות.מוגבלת,,,"י""ח",3.50,ל 100 גרם,false,1,8.90,2.54,false,1,
7290100680728,false,פירורית]אוסם[,קבוצת אוסם סחר-שות.מוגבלת,,,"י""ח",3.50,ל 100 גרם,false,1,7.90,2.26,false,1,
7290100681138,false,אפרופו מארז  3 יח.,קבוצת אוסם סחר-שות.מוגבלת,,,"י""ח",1.50,ל 100 גרם,false,1,13.90,9.27,true,1,
7290100683880,false,פירה אסם,קבוצת אוסם סחר-שות.מוגבלת,,,"י""ח",2.60,ל 100 גרם,false,1,15.10,5.81,false,1,
7290100684139,false,פסטה אסם מיני מקרוני,קבוצת אוסם סחר-שות.מוגבלת,,,"י""ח",5,ל 100 גרם,false,1,5.90,1.18,true,1,
7290100685136,false,"מרק טעם עוף 1  ק""ג}אסם{",קבוצת אוסם סחר-שות.מוגבלת,,,"י""ח",1,"ק""ג",false,1,14.90,14.90,false,1,
7290100685334,false,אבקת מרק עוף רכיבים טבעיי,קבוצת אוסם סחר-שות.מוגבלת,,,"י""ח",4,ל 100 גרם,false,1,24.90,6.23,false,1,
7290100685341,false,מרק תיבול טעם רך 400 ג,קבוצת אוסם סחר-שות.מוגבלת,,,"י""ח",4,ל 100 גרם,false,1,16.90,4.23,false,1,
7290100687109,false,במבה במילוי נוגט,קבוצת אוסם סחר-שות.מוגבלת,,,"י""ח",0.60,ל 100 גרם,false,1,4.30,7.17,true,1,
7290100689301,false,מרק טעם עוף זך עדיף 400גר.,קבוצת אוסם סחר-שות.מוגבלת,,,"י""ח",4,ל 100 גרם,false,1,15.90,3.98,false,1,
7290100700006,false,"חיטה 1 ק""ג סוגת",סוגת תעשיות בעמ,,,"י""ח",1,"ק""ג",false,1,9.90,9.90,true,1,
7290100700020,false,גריסי פנינה סוגת,סוגת תעשיות בעמ,,,"י""ח",2,ל 100 גרם,false,1,4.90,2.45,true,1,
7290100700075,false,פירורי לחם מוזהבים 200 גרם סוגת,סוגת תעשיות בעמ,,,"י""ח",2,ל 100 גרם,false,1,3.90,1.95,true,1,
7290100700157,false,"אורז סושי 1ק""ג סוגת",סוגת תעשיות בעמ,,,"י""ח",1,"ק""ג",false,1,12.90,12.90,false,1,
7290100700297,false,עדשים שחורות 500 גר סוגת.,סוגת תעשיות בעמ,,,"י""ח",5,ל 100 גרם,false,1,7.90,1.58,true,1,
7290100700310,false,"כוסמת 1 ק""ג סוגת",סוגת תעשיות בעמ,,,"י""ח",1,"ק""ג",false,1,12.90,12.90,true,1,
7290100700396,false,"אורז יסמין 1 ק""ג  סוגת",סוגת תעשיות בעמ,,,"י""ח",1,"ק""ג",false,1,12.90,12.90,false,1,
7290100700402,false,"חומוס ענק 1 ק""ג סוגת",סוגת תעשיות בעמ,,,"י""ח",1,"ק""ג",false,1,19.90,19.90,true,1,
7290100700587,false,בורגול 500 גר`סוגת,סוגת תעשיות בעמ,,,"י""ח",5,ל 100 גרם,false,1,4.90,0.98,true,1,
7290100702611,false,פתיתים אפויים אורז 500ג סוגת,סוגת תעשיות בעמ,,,"י""ח",5,ל 100 גרם,false,1,5.90,1.18,true,1,
7290100702628,false,פתיתים אפויים קוסקוס  500ג סוגת,סוגת תעשיות בעמ,,,"י""ח",5,ל 100 גרם,false,1,5.90,1.18,true,1,
7290100702642,false,פתיתים אפויים טבעות  500ג,סוגת תעשיות בעמ,,,"י""ח",5,ל 100 גרם,false,1,5.90,1.18,true,1,
7290100702987,false,פתיתי שיבולת שועל 500ג,סוגת תעשיות בעמ,,,"י""ח",5,ל 100 גרם,false,1,4.90,0.98,true,1,
7290100702994,false,סוכר חום דמררה שקית 500ג,סוגת תעשיות בעמ,,,"י""ח",5,ל 100 גרם,false,1,4.90,0.98,false,1,
7290100703458,false,כוסמת לא קלויה 500גר.,סוגת תעשיות בעמ,,,"י""ח",5,ל 100 גרם,false,1,7.90,1.58,true,1,
7290100703564,false,שיבולת שועל עבה 500ג,סוגת תעשיות בעמ,,,"י""ח",5,ל 100 גרם,false,1,4.90,0.98,true,1,
7290100703922,false,פופקורן למיקרו מארז5+1 טבעי,סוגת תעשיות בעמ,,,"י""ח",6,"י""ח",false,1,10.90,1.82,false,1,
7290100704691,false,אורז אדום 500גר סוגת,סוגת תעשיות בעמ,,,"י""ח",5,ל 100 גרם,false,1,10.90,2.18,false,1,
7290100704707,false,אורז מיקס 500גר סוגת,סוגת תעשיות בעמ,,,"י""ח",5,ל 100 גרם,false,1,10.90,2.18,false,1,
7290100850909,false,דוריטוס נאצו 70 גרם,שטראוס פריטו ליי בעמ,,,"י""ח",0.70,ל 100 גרם,false,1,3.90,5.57,true,1,
7290100850916,false,דוריטוס חמוץ חריף 70 גרם,שטראוס פריטו ליי בעמ,,,"י""ח",0.70,ל 100 גרם,false,1,3.90,5.57,true,1,
7290100850923,false,דוריטוס גריל 70 גרם,שטראוס פריטו ליי בעמ,,,"י""ח",0.70,ל 100 גרם,false,1,3.90,5.57,true,1,
7290100851968,false,מארז קפה נמס עלית זוגות,שטראוס גרופ בעמ,,,"י""ח",4,ל 100 גרם,false,1,37.90,9.48,true,1,
7290100858592,false,שקית קקאו 150 גרם עלית,שטראוס גרופ בעמ,,,"י""ח",1.50,ל 100 גרם,false,1,9.90,6.60,true,1,
7290100921401,false,שמפו הוואי קרטין מחזק  700,הנקל סוד בעמ,,,"י""ח",7,"ל 100 מ""ל",false,1,10.90,1.56,false,1,
7290100921418,false,מרכך  הוואי קרטין מחזק  700,הנקל סוד בעמ,,,"י""ח",7,"ל 100 מ""ל",false,1,10.90,1.56,false,1,
7290100921593,false,סוד כדוריות לתליה באסלה לניחוח לימון,גורי שיווק בעמ,,,"י""ח",7.50,"ל 100 מ""ל",false,1,7.90,1.05,false,1,
7290100921760,false,"שמפו הוואי ספורט  700מ""ל",הנקל סוד בעמ,,,"י""ח",7,"ל 100 מ""ל",false,1,10.90,1.56,false,1,
7290100922637,false,"הוואי אל סבון נוזלי מי קוקוס 3*500מ""ל",הנקל סוד בעמ,,,"י""ח",1.50,ליטר,false,1,17.90,11.93,true,1,
7290100924631,false,"מרכך מרוכז בייבי 900מ""ל",גורי שיווק בעמ,,,"י""ח",9,"ל 100 מ""ל",false,1,12.90,1.43,false,1,
7290100925751,false,"נוזל כלים סוד תפוח  650מ""ל",גורי שיווק בעמ,,,"י""ח",6.50,"ל 100 מ""ל",false,1,5.90,0.91,false,1,
7290100925782,false,נוזל כלים סוד לימון  1.25ל,גורי שיווק בעמ,,,"י""ח",1.25,ליטר,false,1,9.90,7.92,false,1,
7290100926598,false,"פרסיל 5 ק""ג",גורי שיווק בעמ,,,"י""ח",5,"ק""ג",false,1,42.90,8.58,false,1,
7290101551027,false,"קפסולות אספרסו חזק עלית 14יח כשל""פ",שטראוס גרופ בעמ,,,"י""ח",0.50,ל 100 גרם,false,1,19,38,true,1,
7290101551263,false,סילאן  טבעי 700ג יד מרדכי,שטראוס גרופ בעמ,,,"י""ח",7,ל 100 גרם,false,1,21.90,3.13,true,1,
7290101551300,false,סילאן  טבעי לחיץ 380ג יד מרדכי,שטראוס גרופ בעמ,,,"י""ח",3.80,ל 100 גרם,false,1,14.90,3.92,true,1,
7290101551539,false,דנונה פרו 20גר אפרסק,שטראוס גרופ ***בעמ,,,"י""ח",0.20,"ל 100 מ""ל",false,1,5.90,29.50,true,1,
7290101551584,false,מארז תפוצ`יפס קידס  *10 20 גרם,שטראוס פריטו ליי בעמ,,,"י""ח",10,"י""ח",false,1,13.90,1.39,true,1,
7290101551638,false,מארז צ יטוס כאפה 1/10,שטראוס פריטו ליי בעמ,,,"י""ח",10,"י""ח",false,1,12.90,1.29,true,1,
7290101863410,false,סיליט ספריי אקונומיקה,רקיט בנקיזר (ניר איסט) בעמ,,,"י""ח",1,,false,1,12.90,12.90,false,1,
7290101864127,false,"קליה אוקסי ספריי 750מ""ל",רקיט בנקיזר (ניר איסט) בעמ,,,"י""ח",7.50,"ל 100 מ""ל",false,1,16.90,2.25,true,1,
7290101865261,false,"פיניש הברקה 800מ""ל",רקיט בנקיזר (ניר איסט) בעמ,,,"י""ח",8,"ל 100 מ""ל",false,1,19.90,2.49,false,1,
7290101866633,false,קליה ג`ל 3ל,רקיט בנקיזר (ניר איסט) בעמ,,,"י""ח",1.70,ליטר,false,1,29.90,17.59,false,1,
7290101866787,false,קליה ג`ל 3ל לבן,רקיט בנקיזר (ניר איסט) בעמ,,,"י""ח",3,ליטר,false,1,29.90,9.97,false,1,
7290101868460,false,"קולון 101 8ק""ג",רקיט בנקיזר (ניר איסט) בעמ,,,"י""ח",8,"ק""ג",false,1,54.90,6.86,false,1,
7290101869795,false,מילוי מבשם אוטומטי ליל קיץ,רקיט בנקיזר (ניר איסט) בעמ,,,"י""ח",1,,false,1,15.90,15.90,true,1,
7290101869801,false,מבשם אויר חשמלי מכשיר אואזיס,רקיט בנקיזר (ניר איסט) בעמ,,,"י""ח",1,"י""ח",false,1,29.90,29.90,true,1,
7290101869818,false,מבשם אויר חשמלי מכשיר חלום ליל קיץ,רקיט בנקיזר (ניר איסט) בעמ,,,"י""ח",1,"י""ח",false,1,29.90,29.90,true,1,
7290101869917,false,מילוי מבשם אוטומטי היער הקסום,רקיט בנקיזר (ניר איסט) בעמ,,,"י""ח",1,,false,1,15.90,15.90,true,1,
7290101869962,false,מקלות ריחניים חלום ליל קיץ,רקיט בנקיזר (ניר איסט) בעמ,,,"י""ח",1,,false,1,14.90,14.90,true,1,
7290102031276,false,אקטימל שמיניה תות בננה,שטראוס גרופ ***בעמ,,,"י""ח",8,"ל 100 מ""ל",false,1,19.90,2.49,true,1,
7290102032334,false,קפה נמס וניל 200 גרם,שטראוס גרופ בעמ,,,"י""ח",2,ל 100 גרם,false,1,21.90,10.95,true,1,
7290102302833,false,גאודה הנרי ויליך פרוס 150ג,א. סיימן סחר בעמ,,,"י""ח",1.50,ל 100 גרם,false,1,19.90,13.27,false,1,
7290102302840,false,גבינת עיזים הנרי ויליך פרוסה 150ג,א. סיימן סחר בעמ,,,"י""ח",1.50,ל 100 גרם,false,1,26.90,17.93,false,1,
7290102390427,false,מולר תות FROOP MULLER,*החברה המרכזית להפצת משקאותבעמ,,,"י""ח",1.50,"ל 100 מ""ל",false,1,5.30,3.53,true,1,
7290102390465,false,מולר אפרסק ופסיפלורה,*החברה המרכזית להפצת משקאותבעמ,,,"י""ח",1.50,"ל 100 מ""ל",false,1,5.30,3.53,true,1,
7290102390489,false,"מולר150 מ""ל לימון",*החברה המרכזית להפצת משקאותבעמ,,,"י""ח",1.50,"ל 100 מ""ל",false,1,5.30,3.53,true,1,
7290102391844,false,מולר פירות יער FROOP MULLER,*החברה המרכזית להפצת משקאותבעמ,,,"י""ח",1.50,"ל 100 מ""ל",false,1,5.30,3.53,true,1,
7290102393039,false,מולר מיקס יוגורט קרמי עם פצפוצי שוקלד,*החברה המרכזית להפצת משקאותבעמ,,,"י""ח",5,ל 100 גרם,false,1,6,1.20,false,1,
7290102393060,false,מולר מיקס יוגורט קרמי עם גלילי וופל,*החברה המרכזית להפצת משקאותבעמ,,,"י""ח",5,ל 100 גרם,false,1,6,1.20,false,1,
7290102393169,false,סימפלי פרויט תות שדה,*החברה המרכזית להפצת משקאותבעמ,,,"י""ח",1.50,"ל 100 מ""ל",false,1,5.30,3.53,true,1,
7290102393176,false,סימפלי פרויט אפרסק,*החברה המרכזית להפצת משקאותבעמ,,,"י""ח",1.50,"ל 100 מ""ל",false,1,5.30,3.53,true,1,
7290102393190,false,סימפלי פרויט פירות יער,*החברה המרכזית להפצת משקאותבעמ,,,"י""ח",1.50,"ל 100 מ""ל",false,1,5.30,3.53,true,1,
7290102393268,false,גבינה לבנה 5% 750 גר`*,*החברה המרכזית להפצת משקאותבעמ,,,"י""ח",7.50,ל 100 גרם,false,1,14.94,1.99,false,1,
7290102393947,false,סימפלי פרויט  קיווי,*החברה המרכזית להפצת משקאותבעמ,,,"י""ח",1.50,"ל 100 מ""ל",false,1,5.30,3.53,true,1,
7290102394081,false,מולר מיקס יוגורט קרמי עם קורנפלקס מצופה,*החברה המרכזית להפצת משקאותבעמ,,,"י""ח",5,ל 100 גרם,false,1,6,1.20,false,1,
7290102394258,false,מה  עז 180גרם 9% שומן  צוריאל,*החברה המרכזית להפצת משקאותבעמ,,,"י""ח",1.80,ל 100 גרם,false,1,23.30,12.94,false,1,
7290102394463,false,גבינה צהובה נעם 500 גרם פרוס 28%,*החברה המרכזית להפצת משקאותבעמ,,,"י""ח",5,ל 100 גרם,false,1,25.90,5.18,false,1,
7290102394821,false,גבינה צהובה 28% דק דק לפתיחה חוזרת 200,*החברה המרכזית להפצת משקאותבעמ,,,"י""ח",2,ל 100 גרם,false,1,15.90,7.95,true,1,
7290102394845,false,גבינה צהובה  9% 200גר דק דק לפתיחה חוז,*החברה המרכזית להפצת משקאותבעמ,,,"י""ח",2,ל 100 גרם,false,1,16.90,8.45,true,1,
7290102395101,false,ממרח גבינה ושוקולד{שוקי},*החברה המרכזית להפצת משקאותבעמ,,,"י""ח",2.27,ל 100 גרם,false,1,11.90,5.24,false,1,
7290102395224,false,מאגדת שמינייה מולר ביאנקו נטורל 1.7%,*החברה המרכזית להפצת משקאותבעמ,,,"י""ח",9,ל 100 גרם,false,1,16.90,1.88,false,1,
7290102395231,false,מאגדת שמינייה מולר ביאנקו נטורל 2.8%,*החברה המרכזית להפצת משקאותבעמ,,,"י""ח",9,ל 100 גרם,false,1,16.90,1.88,false,1,
7290102395262,false,מאגדת שמינייה מולר 3% פירות,*החברה המרכזית להפצת משקאותבעמ,,,"י""ח",1.50,"ל 100 מ""ל",false,1,30.90,20.60,false,1,
7290102395378,false,גבינה צהובה נעםמ 28% ואקום 360גר פרוס,*החברה המרכזית להפצת משקאותבעמ,,,"י""ח",3.60,ל 100 גרם,false,1,20.90,5.81,false,1,
7290102395439,false,מאגדת שמינייה מולר 3% פירות,*החברה המרכזית להפצת משקאותבעמ,,,"י""ח",1.50,"ל 100 מ""ל",false,1,30.90,20.60,false,1,
7290102395446,false,מעדן מוו וניל,*החברה המרכזית להפצת משקאותבעמ,,,"י""ח",2.50,ל 100 גרם,false,1,2.90,1.16,false,1,
7290102395477,false,מעדן מוו שוקולד,*החברה המרכזית להפצת משקאותבעמ,,,"י""ח",2.50,ל 100 גרם,false,1,2.90,1.16,false,1,
7290102396047,false,סימפלי פרויט  אננס 1.5% 150גר,*החברה המרכזית להפצת משקאותבעמ,,,"י""ח",1.50,"ל 100 מ""ל",false,1,5.30,3.53,true,1,
7290102396399,false,מאגדת מוו שמינייה מעדן שוקולד 100גר,*החברה המרכזית להפצת משקאותבעמ,,,"י""ח",8,ל 100 גרם,false,1,14.20,1.78,false,1,
7290102396405,false,מאגדת מוו שמינייה מעדן וניל 100גר,*החברה המרכזית להפצת משקאותבעמ,,,"י""ח",8,ל 100 גרם,false,1,14.20,1.78,false,1,
7290102396436,false,מעדן מוו שוקולד,*החברה המרכזית להפצת משקאותבעמ,,,"י""ח",2.50,ל 100 גרם,false,1,2.90,1.16,true,1,
7290102396443,false,מעדן מוו וניל,*החברה המרכזית להפצת משקאותבעמ,,,"י""ח",2.50,ל 100 גרם,false,1,2.90,1.16,true,1,
7290102396580,false,מעדן מוו שוקולד ומוס שוקולד 123גר,*החברה המרכזית להפצת משקאותבעמ,,,"י""ח",1.23,ל 100 גרם,false,1,2.90,2.36,false,1,
7290102396597,false,מעדן מוו וניל ומוס שוקולד 123גר,*החברה המרכזית להפצת משקאותבעמ,,,"י""ח",1.23,ל 100 גרם,false,1,2.90,2.36,false,1,
7290102396672,false,גבינה צהובה  9% 360גר נעם דק דק סגור,*החברה המרכזית להפצת משקאותבעמ,,,"י""ח",3.60,ל 100 גרם,false,1,25.90,7.19,false,1,
7290102396719,false,סימפלי פרויט תות שדה%0,*החברה המרכזית להפצת משקאותבעמ,,,"י""ח",1.50,"ל 100 מ""ל",false,1,5.30,3.53,true,1,
7290102396726,false,סימפלי פרויט אפרסק 0%,*החברה המרכזית להפצת משקאותבעמ,,,"י""ח",1.50,"ל 100 מ""ל",false,1,5.30,3.53,true,1,
7290102396733,false,סימפלי פרויט פירות יער 0%,*החברה המרכזית להפצת משקאותבעמ,,,"י""ח",1.50,"ל 100 מ""ל",false,1,5.30,3.53,true,1,
7290102396740,false,מאגדת סימפלי פרויט תות ואפרסק 8יח 0%,*החברה המרכזית להפצת משקאותבעמ,,,"י""ח",8,"י""ח",false,1,30.90,3.86,false,1,
7290102396795,false,"מאגדת שישייה שוקו 200מ""ל טרה",*החברה המרכזית להפצת משקאותבעמ,,,"י""ח",1.20,"ל 100 מ""ל",false,1,14.90,12.42,false,1,
7290102396979,false,סימפלי פרויט אננס 0%,*החברה המרכזית להפצת משקאותבעמ,,,"י""ח",1.50,"ל 100 מ""ל",false,1,5.30,3.53,true,1,
7290102397075,false,יוגורט 4% 1.5 ל בקרטון,*החברה המרכזית להפצת משקאותבעמ,,,"י""ח",1.50,ליטר,false,1,14.50,9.67,false,1,
7290102397204,false,גבינה צהובה  22% 200גר נעם דק דק סגור,*החברה המרכזית להפצת משקאותבעמ,,,"י""ח",2,ל 100 גרם,false,1,15.90,7.95,true,1,
7290102397464,false,מולר ביאנקו  לבן עם חמניה/אגוזי פקאן ג,*החברה המרכזית להפצת משקאותבעמ,,,"י""ח",1.70,ל 100 גרם,false,1,6,3.53,false,1,
7290102397600,false,מולר מיקס ביו שקדים ובוטנים בקרמל170ג,*החברה המרכזית להפצת משקאותבעמ,,,"י""ח",1.70,ל 100 גרם,false,1,6,3.53,false,1,
7290102397617,false,מולר מיקס קליק,*החברה המרכזית להפצת משקאותבעמ,,,"י""ח",5,ל 100 גרם,false,1,6,1.20,false,1,
7290102397679,false,קוטג 5% 375ג,*החברה המרכזית להפצת משקאותבעמ,,,"י""ח",3.50,ל 100 גרם,false,1,7.90,2.26,false,1,
7290102397730,false,אמנטל נעם 200ג,*החברה המרכזית להפצת משקאותבעמ,,,"י""ח",2,ל 100 גרם,false,1,17.90,8.95,true,1,
7290102397747,false,מוצרלה נעם 200ג,*החברה המרכזית להפצת משקאותבעמ,,,"י""ח",2,ל 100 גרם,false,1,18.90,9.45,true,1,
7290102397891,false,גבינת מותכת 100ג צוריאל,*החברה המרכזית להפצת משקאותבעמ,,,"י""ח",1,"ל 100 מ""ל",false,1,6.90,6.90,false,1,
7290102398065,false,חלב טרה קרטון 2 ליטר   מהדרין*%*3,*החברה המרכזית להפצת משקאותבעמ,,,"י""ח",2,ליטר,false,1,12.46,6.23,false,1,
7290102398331,false,חלב מועשר דל לקטוז1ליטר קרטון,*החברה המרכזית להפצת משקאותבעמ,,,"י""ח",1,ליטר,false,1,7.70,7.70,false,1,
7290102398348,false,מולר מיקס בתוספת כריות FROOP MULLER,*החברה המרכזית להפצת משקאותבעמ,,,"י""ח",1.50,"ל 100 מ""ל",false,1,6,4,false,1,
7290102398362,false,מולר מיקס עוגת גבינה FROOP MULLER,*החברה המרכזית להפצת משקאותבעמ,,,"י""ח",1.50,"ל 100 מ""ל",false,1,6,4,false,1,
7290102398416,false,גבינת  קרם שמנת בצלים קלויים 5%,*החברה המרכזית להפצת משקאותבעמ,,,"י""ח",2,ל 100 גרם,false,1,11.90,5.95,false,1,
7290102398553,false,שוקו טרה בבקבוק 1.5ליטר,*החברה המרכזית להפצת משקאותבעמ,,,"י""ח",1.50,ליטר,false,1,17.40,11.60,false,1,
7290102398560,false,שוקו מעושר 1ל בקבוק טרה,*החברה המרכזית להפצת משקאותבעמ,,,"י""ח",1,ליטר,false,1,12.10,12.10,true,1,
7290102398577,false,"שוקו מעושר 250מ""ל בקבוק פקק ספורט",*החברה המרכזית להפצת משקאותבעמ,,,"י""ח",2.50,"ל 100 מ""ל",false,1,5.70,2.28,false,1,
7290102398614,false,משקה חלב טעם בננה  1ל בקבוק,*החברה המרכזית להפצת משקאותבעמ,,,"י""ח",1,ליטר,false,1,12.10,12.10,true,1,
7290102398638,false,משקה חלב טעם מוקה  1ל בקבוק,*החברה המרכזית להפצת משקאותבעמ,,,"י""ח",1,ליטר,false,1,12.10,12.10,true,1,
7290102398669,false,משקה קפוצינו 1 ליטר. טרה,*החברה המרכזית להפצת משקאותבעמ,,,"י""ח",1,ליטר,false,1,12.10,12.10,true,1,
7290102399048,false,קשקבל נעם 200גרם,*החברה המרכזית להפצת משקאותבעמ,,,"י""ח",2,ל 100 גרם,false,1,22.90,11.45,true,1,
7290102399635,false,מולר פרופ 3% 150 ג`,*החברה המרכזית להפצת משקאותבעמ,,,"י""ח",1.50,ל 100 גרם,false,1,5.30,3.53,true,1,
7290102399642,false,מולר פרופ 3% 150 ג`,*החברה המרכזית להפצת משקאותבעמ,,,"י""ח",1.50,ל 100 גרם,false,1,5.30,3.53,true,1,
7290102399697,false,מולר פרופ מנגו 1.5% 150 ג`,*החברה המרכזית להפצת משקאותבעמ,,,"י""ח",1.50,ל 100 גרם,false,1,5.30,3.53,true,1,
7290102399703,false,מאגדת שמינייה סימפלי 1.5% מנגו ואננס,*החברה המרכזית להפצת משקאותבעמ,,,"י""ח",1.20,ליטר,false,1,30.90,25.75,false,1,
7290102399772,false,ממרח חמאת מולר במליחות עדינה 250ג,*החברה המרכזית להפצת משקאותבעמ,,,"י""ח",2.50,ל 100 גרם,false,1,16.90,6.76,false,1,
7290102399789,false,ממרח חמאת מולר ללא מלח  250ג,*החברה המרכזית להפצת משקאותבעמ,,,"י""ח",2.50,ל 100 גרם,false,1,16.90,6.76,false,1,
7290102399796,false,מולר אקטיב יוגורט לבן 200ג,*החברה המרכזית להפצת משקאותבעמ,,,"י""ח",2,"ל 100 מ""ל",false,1,6,3,true,1,
7290102399802,false,מולר אקטיב יוגורט עם תות  200ג,*החברה המרכזית להפצת משקאותבעמ,,,"י""ח",2,"ל 100 מ""ל",false,1,6,3,true,1,
7290102399819,false,מולר אקטיב יוגורט עם פ.יער 200ג,*החברה המרכזית להפצת משקאותבעמ,,,"י""ח",2,"ל 100 מ""ל",false,1,6,3,true,1,
7290102399857,false,מולר אקטיב לייט יוגורט עם תות 0%  200ג,*החברה המרכזית להפצת משקאותבעמ,,,"י""ח",2,"ל 100 מ""ל",false,1,6,3,true,1,
7290102399864,false,מולר אקטיב לייט יוגורט עם אפרסק 0%  200ג,*החברה המרכזית להפצת משקאותבעמ,,,"י""ח",2,"ל 100 מ""ל",false,1,6,3,true,1,
7290102840243,false,פלאן קרמל,נאמן לאורך זמן בעמ,,,"י""ח",1,,false,1,7.90,7.90,false,1,
7290103124588,false,"פלמוליב סבון נוזלי סגול משאבה 750 מ""ל",ש.שסטוביץ בעמ,,,"י""ח",7.50,"ל 100 מ""ל",false,1,19.90,2.65,true,1,
7290103129378,false,ספיד סטיק 5X ג`ל,ש.שסטוביץ בעמ,,,"י""ח",1,ל 100 גרם,false,1,24.90,24.90,true,1,
7290103129392,false,ליידי ספיד סטיק,ש.שסטוביץ בעמ,,,"י""ח",0.65,ל 100 גרם,false,1,19.90,30.62,true,1,
7290103152970,false,תבנית לאובן 29 בודדת,פאלאס תעשיות נטו (2014) בעמ,,,"י""ח",1,,false,1,2,2,true,1,
7290103401429,false,קפה נמס ברזילאי  200גר,שטראוס גרופ בעמ,,,"י""ח",2,ל 100 גרם,false,1,24.90,12.45,true,1,
7290103404758,false,כרוב 120גר`,שטראוס גרופ ***בעמ,,,"י""ח",1.20,ל 100 גרם,false,1,4.70,3.92,true,1,
7290103681173,false,"יין אדום תבור הר ק.סוביניון 750מ""ל",*החברה המרכזית להפצת משקאותבעמ,,,"י""ח",7.50,"ל 100 מ""ל",false,1,35.90,4.75,false,1,
7290103681241,false,"יין אדום תבור הר מוסקטו 750מ""ל",*החברה המרכזית להפצת משקאותבעמ,,,"י""ח",7.50,"ל 100 מ""ל",false,1,35.90,4.75,false,1,
7290103700324,false,טאץ`שקית אוכל בקרטון 150 זוג,שניב תעשיות נייר בעמ,,,"י""ח",150,"י""ח",false,1,11.90,0.08,false,1,
7290103700331,false,טאץ`שקית אוכל רב תכליתיות 250יחידות,שניב תעשיות נייר בעמ,,,"י""ח",250,"י""ח",false,1,13.90,0.06,false,1,
7290103700386,false,טאצ`כריות קרצוף שישיה,שניב תעשיות נייר בעמ,,,"י""ח",1,,false,1,9.90,9.90,true,1,
7290103701017,false,נייר אפיה טאצ,שניב תעשיות נייר בעמ,,,"י""ח",10,"י""ח",false,1,9.90,0.99,true,1,
7290103701031,false,כוס נייר טאצ 4 OZ,שניב תעשיות נייר בעמ,,,"י""ח",1,,false,1,7.90,7.90,false,1,
7290103701086,false,כוס נייר טאצ  12 OZ,שניב תעשיות נייר בעמ,,,"י""ח",1,,false,1,18.90,18.90,false,1,
7290103701185,false,טאצ מפות 8 יח עבות במיוחד,שניב תעשיות נייר בעמ,,,"י""ח",1,,false,1,14.90,14.90,false,1,
7290103701192,false,טאצ מפות 6 בתוספת 50%,שניב תעשיות נייר בעמ,,,"י""ח",6,"י""ח",false,1,14.90,2.48,false,1,
7290103702304,false,טאצ`אשפתון עבה במיוחד 35יח בגליל 90*7,שניב תעשיות נייר בעמ,,,"י""ח",50,"י""ח",false,1,16.90,0.34,true,1,
7290103702540,false,נייר טואלט מהדורה כדור פורח 30יח,שניב תעשיות נייר בעמ,,,"י""ח",30,"י""ח",false,1,26.90,0.90,true,1,
7290103703219,false,מטליות לחות בדלי לניקוי כללי לימון טאצ,סאסאטק אגשח בעמ,,,"י""ח",7,"י""ח",false,1,21.90,3.13,true,1,
7290103703370,false,מגבוני טואלט לחים 1/3.,שניב תעשיות נייר בעמ,,,"י""ח",3,"י""ח",false,1,14.90,4.97,true,1,
7290103703738,false,טאצ מפות עבות במיוחד 45מטר בגליל.,שניב תעשיות נייר בעמ,,,"י""ח",45,מטר,false,1,31.90,0.71,false,1,
7290103703745,false,טאצ מפות עבות 45מטר בגליל,שניב תעשיות נייר בעמ,,,"י""ח",45,מטר,false,1,18.90,0.42,false,1,
7290103704186,false,מגבות מטבח 6 יח כפול  טאצ` מהדורת2021,שניב תעשיות נייר בעמ,,,"י""ח",6,"י""ח",false,1,19.90,3.32,true,1,
7290103704575,false,נייר טואלט טאצ 48גליל,שניב תעשיות נייר בעמ,,,"י""ח",48,"י""ח",false,1,39.90,0.83,false,1,
7290103704650,false,מגבות מטבח  כדור פורח שישייה,שניב תעשיות נייר בעמ,,,"י""ח",1,,false,1,10.90,10.90,false,1,
7290103746001,false,ממחטות אף  חמישייה טאצ`,שניב תעשיות נייר בעמ,,,"י""ח",1,,false,1,13.90,13.90,true,1,
7290104061417,false,חומוס טחינה 400 גר`אחלה,שטראוס גרופ ***בעמ,,,"י""ח",4,ל 100 גרם,false,1,10.90,2.73,true,1,
7290104061424,false,חומוס זעתר 400גר`,שטראוס גרופ ***בעמ,,,"י""ח",4,ל 100 גרם,false,1,10.90,2.73,true,1,
7290104061431,false,חומוס אחלה צנובר 400גר`,שטראוס גרופ ***בעמ,,,"י""ח",4,ל 100 גרם,false,1,10.90,2.73,true,1,
7290104062599,false,מארז סופר גמדים תות בננה שמינייה,שטראוס גרופ ***בעמ,,,"י""ח",8,ל 100 גרם,false,1,17.90,2.24,true,1,
7290104064012,false,חטיף GOOD2 שוקולד לבן פסק זמן 36גרם,שטראוס גרופ בעמ,,,"י""ח",0.36,ל 100 גרם,false,1,4.90,13.61,true,1,
7290104066566,false,סלט טחינה שומשום מלא 500גר אחלה,שטראוס גרופ ***בעמ,,,"י""ח",5,ל 100 גרם,false,1,13.90,2.78,true,1,
7290104068546,false,מסטיק מאסט פליפטופ קולה עם קרח ולימון,שטראוס גרופ בעמ,,,"י""ח",0.28,ל 100 גרם,false,1,4.30,15.36,true,1,
7290104500572,false,אפרופו איטליאנו 50 גרם,קבוצת אוסם סחר-שות.מוגבלת,,,"י""ח",0.50,ל 100 גרם,false,1,5,10,true,1,
7290104501661,false,פודינג בטעם וניל צרפתי,קבוצת אוסם סחר-שות.מוגבלת,,,"י""ח",1.10,ל 100 גרם,false,1,5.90,5.36,true,1,
7290104570629,false,ממרח תמרים 450גר מתר ענק,בני ג ורג שוקחה (חיפה) בעמ,,,"י""ח",4.50,ל 100 גרם,false,1,5.90,1.31,false,1,
7290104721762,false,קפה שלשות 85גר` עלית,שטראוס גרופ בעמ,,,"י""ח",1,"י""ח",false,1,22.10,22.10,true,1,
7290104722530,false,תפוצי פס 200 ג,שטראוס פריטו ליי בעמ,,,"י""ח",2,ל 100 גרם,false,1,10.90,5.45,true,1,
7290104726262,false,מארז 4 דני   500גר,שטראוס גרופ ***בעמ,,,"י""ח",5,ל 100 גרם,false,1,10.90,2.18,true,1,
7290104728310,false,שמנת להקצפה 38%  שומן מהדרין*פ (יטבתה),שטראוס גרופ ***בעמ,,,"י""ח",2.50,"ל 100 מ""ל",false,1,6.47,2.59,true,1,
7290104729003,false,"שמן זית יד מרדכי כ.מעולה 750 מ""ל  מד.",שטראוס גרופ בעמ,,,"י""ח",7.50,"ל 100 מ""ל",false,1,33.30,4.44,true,1,
7290104960239,false,"תחליב רחצה נקה7 לבן 750 מ""ל",החב הדרומית לשיווק,,,"י""ח",7.50,"ל 100 מ""ל",false,1,9.90,1.32,false,1,
7290104960246,false,"תחליב רחצה  ארומה 750מ""ל ורוד",החב הדרומית לשיווק,,,"י""ח",7.50,"ל 100 מ""ל",false,1,9.90,1.32,false,1,
7290104960253,false,"תחליב רחצה  ארומה לבנדר 750מ""ל",החב הדרומית לשיווק,,,"י""ח",7.50,"ל 100 מ""ל",false,1,9.90,1.32,false,1,
7290104960352,false,"תחליב רחצה  ארומה 750מ""ל וניל שקד.",החב הדרומית לשיווק,,,"י""ח",7.50,"ל 100 מ""ל",false,1,9.90,1.32,false,1,
7290104961205,false,"תחליב רחצה מלפפון קיווי  750מ""ל",החב הדרומית לשיווק,,,"י""ח",7.50,"ל 100 מ""ל",false,1,9.90,1.32,false,1,
7290104961243,false,"תחליב רחצה  קוקוס 750 יסמין מ""ל",החב הדרומית לשיווק,,,"י""ח",7.50,"ל 100 מ""ל",false,1,9.90,1.32,false,1,
7290104961250,false,"תחליב רחצה  וניל מאסק 750  מ""ל",החב הדרומית לשיווק,,,"י""ח",7.50,"ל 100 מ""ל",false,1,9.90,1.32,false,1,
7290104961878,false,שמפו קרטין אינטנס,החב הדרומית לשיווק,,,"י""ח",7,"ל 100 מ""ל",false,1,29.90,4.27,false,1,
7290104961892,false,קרטין אינטנס מסיכה לשיער,החב הדרומית לשיווק,,,"י""ח",7,"ל 100 מ""ל",false,1,39.90,5.70,false,1,
7290104962578,false,דאו`נושם ספריי,החב הדרומית לשיווק,,,"י""ח",2,"ל 100 מ""ל",false,1,11.90,5.95,false,1,
7290104963223,false,אל סבון קלאסי לתינוק 1ל  סופטקר,החב הדרומית לשיווק,,,"י""ח",1,ליטר,false,1,14.90,14.90,false,1,
7290105360250,false,קפסולות מקיאטו עלית 50גר,שטראוס גרופ בעמ,,,"י""ח",0.50,ל 100 גרם,false,1,19,38,true,1,
7290105360335,false,קפסולות אספרסו  עלית 50גר,שטראוס גרופ בעמ,,,"י""ח",0.50,ל 100 גרם,false,1,19,38,true,1,
7290105362339,false,שמנת לבישול 15% שומן מהדרין(יטבתה,שטראוס גרופ ***בעמ,,,"י""ח",2.50,"ל 100 מ""ל",false,1,7.90,3.16,true,1,
7290105363602,false,כיף כף מקלות קלאסי 40גר,שטראוס גרופ בעמ,,,"י""ח",0.40,ל 100 גרם,false,1,4.80,12,true,1,
7290105364289,false,כיף כף מקלות פיצפוצים 40גר,שטראוס גרופ בעמ,,,"י""ח",0.40,ל 100 גרם,false,1,4.80,12,true,1,
7290105364302,false,כיף כף מקלות אגוזים 42גר,שטראוס גרופ בעמ,,,"י""ח",0.40,ל 100 גרם,false,1,4.80,12,true,1,
7290105364678,false,משקה אקטיביה בודד אפרסק,שטראוס גרופ ***בעמ,,,"י""ח",2.50,"ל 100 מ""ל",false,1,4.90,1.96,true,1,
7290105366023,false,סלט אחלה חצילים טעם כבד 400 גרם,שטראוס גרופ ***בעמ,,,"י""ח",4,ל 100 גרם,false,1,14.90,3.73,true,1,
7290105366047,false,טחינה לבנה אחלה 400גרם,שטראוס גרופ ***בעמ,,,"י""ח",4,ל 100 גרם,false,1,13.90,3.48,true,1,
7290105366993,false,סימפוניה פלפל שיפקה  200גר,שטראוס גרופ ***בעמ,,,"י""ח",2,ל 100 גרם,false,1,10.90,5.45,true,1,
7290105368331,false,מילקי  תות}שטראוס{,שטראוס גרופ ***בעמ,,,"י""ח",1.30,"ל 100 מ""ל",false,1,2.90,2.23,true,1,
7290105368904,false,שמנת מתוקה להקצפה 32% שומן מהדרין,שטראוס גרופ ***בעמ,,,"י""ח",2.50,"ל 100 מ""ל",false,1,7.30,2.92,true,1,
7290105369130,false,סימפוניה בצל ירוק 3% 200גר,שטראוס גרופ ***בעמ,,,"י""ח",2,ל 100 גרם,false,1,10.90,5.45,true,1,
7290105430458,false,"פלמוליב סבון נוזלי שקדים משאבה 750 מ""ל",ש.שסטוביץ בעמ,,,"י""ח",7.50,"ל 100 מ""ל",false,1,19.90,2.65,true,1,
7290105439499,false,מיונז 481ג מאסטר שף,ש.שסטוביץ בעמ,,,"י""ח",4.81,ל 100 גרם,false,1,11.90,2.47,false,1,
7290105500151,false,וודקה פינלנדיה רגיל 700,מ.אקרמן בעמ,,,"י""ח",7.50,"ל 100 מ""ל",false,1,68.90,9.15,false,1,
7290105691224,false,חטיפי פריכונים טורטיה שום בצל 60 גר,קבוצת אוסם סחר-שות.מוגבלת,,,"י""ח",0.60,ל 100 גרם,false,1,7.90,13.17,false,1,
7290105691248,false,חטיפי פריכונים טורטיה תירס 60 גר,קבוצת אוסם סחר-שות.מוגבלת,,,"י""ח",0.60,ל 100 גרם,false,1,7.90,13.17,false,1,
7290105691712,false,עוגיות הפסקת קפה 230גר,קבוצת אוסם סחר-שות.מוגבלת,,,"י""ח",2.30,ל 100 גרם,false,1,10.90,4.74,true,1,
7290105691934,false,"קמח שמרים 1ק""ג",קבוצת אוסם סחר-שות.מוגבלת,,,"י""ח",1,"ק""ג",false,1,10.90,10.90,false,1,
7290105693341,false,במבה  מארז 10 יחידות 25גרם.,קבוצת אוסם סחר-שות.מוגבלת,,,"י""ח",2.50,ל 100 גרם,false,1,16.90,6.76,true,1,
7290105693457,false,עוגת הבית דמקה טעם שוקו וניל,קבוצת אוסם סחר-שות.מוגבלת,,,"י""ח",4,ל 100 גרם,false,1,11.90,2.98,false,1,
7290105693952,false,פירורית זהב שומשום 200 ג,קבוצת אוסם סחר-שות.מוגבלת,,,"י""ח",2,ל 100 גרם,false,1,6.90,3.45,false,1,
7290105694614,false,ספגטי מהיר הכנה,קבוצת אוסם סחר-שות.מוגבלת,,,"י""ח",5,ל 100 גרם,false,1,5.90,1.18,true,1,
7290105695024,false,פתיתים אפויים אורז עם אטריות,קבוצת אוסם סחר-שות.מוגבלת,,,"י""ח",5,ל 100 גרם,false,1,7.90,1.58,true,1,
7290105962331,false,סחוג אדום זהבי  220גרם,שטראוס גרופ ***בעמ,,,"י""ח",2.20,ל 100 גרם,false,1,10.90,4.95,true,1,
7290105964564,false,חומוס אחלה  400 גרם. שטראוס,שטראוס גרופ ***בעמ,,,"י""ח",4,ל 100 גרם,false,1,8.90,2.23,true,1,
7290105965738,false,"משקה בוקר לשתיה תות בננה 267מ""ל",שטראוס גרופ ***בעמ,,,"י""ח",2.67,ל 100 גרם,false,1,4.80,1.80,true,1,
7290105966469,false,"חומץ בלסמי יד מרדכי 250מ""ל",שטראוס גרופ בעמ,,,"י""ח",2.50,"ל 100 מ""ל",false,1,14.70,5.88,true,1,
7290105968098,false,סלט קולסלאו 500גר,שטראוס גרופ ***בעמ,,,"י""ח",5,ל 100 גרם,false,1,13.90,2.78,true,1,
7290105968654,false,טורטליני בטטה שטראוס פרווה,שטראוס גרופ ***בעמ,,,"י""ח",4,ל 100 גרם,false,1,19.90,4.98,true,1,
7290105968777,false,פרכיות  אנרג`תחתית שוקולד מריר70גר,שטראוס גרופ בעמ,,,"י""ח",1,,false,1,8.90,8.90,true,1,
7290106520066,false,אצבעות רבע לשבע 160גר`,שטראוס גרופ בעמ,,,"י""ח",1.60,ל 100 גרם,false,1,12.90,8.06,true,1,
7290106520288,false,דנונה WOW תות 2.4%  150גר,שטראוס גרופ ***בעמ,,,"י""ח",1.50,"ל 100 מ""ל",false,1,4.60,3.07,true,1,
7290106520912,false,שמנת לבישול 9% שומן 258גר  מהדרין יטבתה,שטראוס גרופ ***בעמ,,,"י""ח",2.58,"ל 100 מ""ל",false,1,7.90,3.06,true,1,
7290106521049,false,סלט סלק  400גר,שטראוס גרופ ***בעמ,,,"י""ח",5,ל 100 גרם,false,1,13.90,2.78,true,1,
7290106521926,false,קפה טורקי שקית 150 עלית 10%.,שטראוס גרופ בעמ,,,"י""ח",1.50,ל 100 גרם,false,1,13.50,9,true,1,
7290106526822,false,פריכיות אנרג`י תחתית  חלב 80גר,שטראוס גרופ בעמ,,,"י""ח",0.80,ל 100 גרם,false,1,8.90,11.13,true,1,
7290106528628,false,דוריטוס טבעי  185ג,שטראוס פריטו ליי בעמ,,,"י""ח",1.85,ל 100 גרם,false,1,6.90,3.73,true,1,
7290106572027,false,לחמית חמישה דגנים 190גר,קבוצת אוסם סחר-שות.מוגבלת,,,"י""ח",2.30,ל 100 גרם,false,1,8.90,3.87,true,1,
7290106572065,false,חטיפי פריכונים טורטיה חמוץ מתוק 60 גר,קבוצת אוסם סחר-שות.מוגבלת,,,"י""ח",0.60,ל 100 גרם,false,1,7.90,13.17,false,1,
7290106573277,false,קריספי טאפאס זיתיםי 150גרם,קבוצת אוסם סחר-שות.מוגבלת,,,"י""ח",1.50,ל 100 גרם,false,1,11.90,7.93,false,1,
7290106573598,false,חומוס לבנוני 400 גרם,קבוצת אוסם סחר-שות.מוגבלת,,,"י""ח",4,ל 100 גרם,false,1,12.70,3.18,true,1,
7290106574793,false,עוגת בראוניס ביס שוקולד 216גר,קבוצת אוסם סחר-שות.מוגבלת,,,"י""ח",2.16,ל 100 גרם,false,1,11.90,5.51,false,1,
7290106574953,false,שטוחים  בייגלה שומשום 300גר,קבוצת אוסם סחר-שות.מוגבלת,,,"י""ח",3,ל 100 גרם,false,1,10.80,3.60,false,1,
7290106574977,false,שטוחים בייגלה  עם מלח  300גר,קבוצת אוסם סחר-שות.מוגבלת,,,"י""ח",3,ל 100 גרם,false,1,10.80,3.60,false,1,
7290106575257,false,עוגת סופלה טעם שוקולד 340גר,קבוצת אוסם סחר-שות.מוגבלת,,,"י""ח",3.40,ל 100 גרם,false,1,11.90,3.50,false,1,
7290106575431,false,עוגת סופלה טעם שוקו וניל 340גר,קבוצת אוסם סחר-שות.מוגבלת,,,"י""ח",3.40,ל 100 גרם,false,1,11.90,3.50,false,1,
7290106576537,false,חומוס מסעדה 700גר צבר,קבוצת אוסם סחר-שות.מוגבלת,,,"י""ח",7,ל 100 גרם,false,1,11.70,1.67,false,1,
7290106576810,false,לה קרמריה רבת חלב  1.4ליטר,נגה גלידות,,,"י""ח",1.40,ליטר,false,1,18.90,13.50,false,1,
7290106576858,false,לה קרמריה תותים בשמנת  1.4ליטר,נגה גלידות,,,"י""ח",1.40,ליטר,false,1,18.90,13.50,false,1,
7290106577541,false,כרוב אדום צבר  400גר,קבוצת אוסם סחר-שות.מוגבלת,,,"י""ח",4,ל 100 גרם,false,1,12.70,3.18,true,1,
7290106578692,false,ביסלי במבה מיקס מהדורת אליפות 80גר,קבוצת אוסם סחר-שות.מוגבלת,,,"י""ח",0.60,ל 100 גרם,false,1,4.30,7.17,true,1,
7290106578821,false,עוגת שמרים שוקולד קלאסית 350גר,קבוצת אוסם סחר-שות.מוגבלת,,,"י""ח",3.50,ל 100 גרם,false,1,17.90,5.11,false,1,
7290106652996,false,כיף כף מקלות קוקוס   40גר,שטראוס גרופ בעמ,,,"י""ח",0.40,ל 100 גרם,false,1,4.80,12,true,1,
7290106654099,false,מילקי  CAKE מאגדת שמינייה שטראוס,שטראוס גרופ ***בעמ,,,"י""ח",2.72,ל 100 גרם,false,1,19.90,7.32,true,1,
7290106656734,false,"חיוכים וניל 600גר בד""ץ",שטראוס גרופ בעמ,,,"י""ח",6,ל 100 גרם,false,1,16.90,2.82,true,1,
7290106662025,false,תפוצ יפס  מלח פלפל  50ג,שטראוס פריטו ליי בעמ,,,"י""ח",0.50,ל 100 גרם,false,1,4.50,9,true,1,
7290106663121,false,מילקי CAKE בודד,שטראוס גרופ ***בעמ,,,"י""ח",0.34,ל 100 גרם,false,1,2.90,8.53,true,1,
7290106664067,false,לאבנה שמן זית וזעתר 10% שומן 400גר,שטראוס גרופ ***בעמ,,,"י""ח",4,ל 100 גרם,false,1,14.90,3.73,true,1,
7290106664562,false,רוטב שמנת עם פטריות  9%,שטראוס גרופ ***בעמ,,,"י""ח",2,ל 100 גרם,false,1,10.90,5.45,true,1,
7290106667266,false,דוריטוס חמוץ חריף 185ג,שטראוס פריטו ליי בעמ,,,"י""ח",1.85,ל 100 גרם,false,1,7.50,4.05,true,1,
7290106668713,false,דנונה פירות יער 3%,שטראוס גרופ ***בעמ,,,"י""ח",1.50,"ל 100 מ""ל",false,1,3.50,2.33,true,1,
7290106669857,false,קפסולות אספרסו עלית טעם וניל 50גר,שטראוס גרופ בעמ,,,"י""ח",0.50,ל 100 גרם,false,1,19,38,true,1,
7290106720626,false,ציטוס גבינה 80ג,שטראוס פריטו ליי בעמ,,,"י""ח",0.80,ל 100 גרם,false,1,4.20,5.25,true,1,
7290106721920,false,מסטיק מאסט ספירמינט צ`יקלט 66גר,שטראוס גרופ בעמ,,,"י""ח",0.66,ל 100 גרם,false,1,9.90,15,true,1,
7290106726178,false,דנונה WOW פירות יער  2.4%  150גר,שטראוס גרופ ***בעמ,,,"י""ח",1.50,"ל 100 מ""ל",false,1,4.60,3.07,true,1,
7290107280020,false,מטליות לחות לניקוי כללי 50 * 3 מארז סנ,החב הדרומית לשיווק,,,"י""ח",1,,false,1,18.90,18.90,false,1,
7290107280068,false,מגשית אלומיניום מארז XL,החב הדרומית לשיווק,,,"י""ח",1,,false,1,9.90,9.90,false,1,
7290107280099,false,מגבוני ט. סנו סופט  לחים שלישייה,החב הדרומית לשיווק,,,"י""ח",3,"י""ח",false,1,15.90,5.30,false,1,
7290107280129,false,שקיות אשפה 20יח,החב הדרומית לשיווק,,,"י""ח",1,,false,1,22.90,22.90,false,1,
7290107280570,false,סנו ג ל כביסה 3ליטר מיקס,החב הדרומית לשיווק,,,"י""ח",3,ליטר,false,1,28.90,9.63,false,1,
7290107280655,false,"מקסימה 3.25ק""ג",החב הדרומית לשיווק,,,"י""ח",3.25,"ק""ג",false,1,29.90,9.20,false,1,
7290107280716,false,"מלח למדיח 2ק""ג ספארק",החב הדרומית לשיווק,,,"י""ח",2,"ק""ג",false,1,12.90,6.45,false,1,
7290107280723,false,"נוזל כלים סנו ספארק 700מ""ל לימון",החב הדרומית לשיווק,,,"י""ח",7,"ל 100 מ""ל",false,1,9.90,1.41,false,1,
7290107280730,false,"נוזל כלים סנו ספארק 700מ""ל לבנדר",החב הדרומית לשיווק,,,"י""ח",7,"ל 100 מ""ל",false,1,9.90,1.41,false,1,
7290107280747,false,"נוזל כלים סנו ספארק 700מ""ל קלאסי",החב הדרומית לשיווק,,,"י""ח",7,"ל 100 מ""ל",false,1,9.90,1.41,false,1,
7290107280761,false,נוזל כלים סנו ספארק 1ל לימון,החב הדרומית לשיווק,,,"י""ח",1,ליטר,false,1,12.90,12.90,false,1,
7290107280815,false,K-301 סנו,החב הדרומית לשיווק,,,"י""ח",3,"ל 100 מ""ל",false,1,10.90,3.63,false,1,
7290107280839,false,"קרם גוף קרמה דבש 500 מ""ל",החב הדרומית לשיווק,,,"י""ח",5,"ל 100 מ""ל",false,1,24.90,4.98,false,1,
7290107645584,false,מרק עוף אמיתי 400כ ר. טבעיים.,יוניליוור ישראל שיווק בעמ,,,"י""ח",4,ל 100 גרם,false,1,18.90,4.73,true,1,
7290107645591,false,מרק טעם עוף  400 ג קנור ר.טבעים,יוניליוור ישראל שיווק בעמ,,,"י""ח",4,ל 100 גרם,false,1,14.90,3.73,false,1,
7290107646062,false,מרק בצל 400 ג קנור ר.טבעיים,יוניליוור ישראל שיווק בעמ,,,"י""ח",4,ל 100 גרם,false,1,19.90,4.98,true,1,
7290107646147,false,חטיפי שוגי קורנפלקס שישייה 156גר.,יוניליוור ישראל שיווק בעמ,,,"י""ח",1.56,ל 100 גרם,false,1,12.90,8.27,true,1,
7290107646154,false,חטיפי קוקומן פצפ. טעם שוקו שישייה 126ג,יוניליוור ישראל שיווק בעמ,,,"י""ח",1.56,ל 100 גרם,false,1,12.90,8.27,true,1,
7290107646826,false,חטיפי דגנים פתיתי תירס בשוקולד,יוניליוור ישראל שיווק בעמ,,,"י""ח",1.56,ל 100 גרם,false,1,12.90,8.27,true,1,
7290107646925,false,ברנפלקס אקסטרה פייבר ללא סוכר 410ג,יוניליוור ישראל שיווק בעמ,,,"י""ח",4.10,ל 100 גרם,false,1,19.90,4.85,false,1,
7290107646963,false,ממרח ספייסי מיונז 250 גרם,יוניליוור ישראל שיווק בעמ,,,"י""ח",2.50,ל 100 גרם,false,1,9.90,3.96,false,1,
7290107647731,false,קוקומן חום לבן 20% פחות סוכר 375 גרם ב,יוניליוור ישראל שיווק בעמ,,,"י""ח",3.75,ל 100 גרם,false,1,19.90,5.31,true,1,
7290107647854,false,שוגי 20% פחות סוכר 500  גר,יוניליוור ישראל שיווק בעמ,,,"י""ח",5,ל 100 גרם,false,1,19.90,3.98,true,1,
7290107649605,false,טבלת קליק קורנפלקס 85ג,יוניליוור ישראל שיווק בעמ,,,"י""ח",1,ל 100 גרם,false,1,4.90,4.90,true,1,
7290107649858,false,מגנום לבן,גלידות שטראוס בעמ,,,"י""ח",0.85,ל 100 גרם,false,1,8,9.41,true,1,
7290107871990,false,פסטה אסם צינורות,קבוצת אוסם סחר-שות.מוגבלת,,,"י""ח",5,ל 100 גרם,false,1,5.90,1.18,true,1,
7290107874502,false,ביסלי גריל מארז אחיד 4*55גר,קבוצת אוסם סחר-שות.מוגבלת,,,"י""ח",2.10,ל 100 גרם,false,1,12.90,6.14,true,1,
7290107879132,false,פיטנס מיני פריכיות שוקולד חלב 22גר,קבוצת אוסם סחר-שות.מוגבלת,,,"י""ח",1,ל 100 גרם,false,1,4.90,4.90,false,1,
7290107932080,false,חלב יטבתה מועשר 3% בקבוק 1ליטר,שטראוס גרופ ***בעמ,,,"י""ח",1,ליטר,false,1,7.30,7.30,true,1,
7290107932134,false,חלב מועשר 1% בקבוק 1ליטר,שטראוס גרופ ***בעמ,,,"י""ח",1,ליטר,false,1,7.30,7.30,true,1,
7290107933643,false,משקה חלב עם דגנים ותות 250גר,שטראוס גרופ ***בעמ,,,"י""ח",2.50,ל 100 גרם,false,1,4.90,1.96,true,1,
7290107936309,false,דנונה יווני לבן 130גר.,שטראוס גרופ ***בעמ,,,"י""ח",1.30,ל 100 גרם,false,1,3.20,2.46,true,1,
7290107936958,false,אצבעות שוקולד עד חצות,שטראוס גרופ בעמ,,,"י""ח",0.66,ל 100 גרם,false,1,9.90,15,true,1,
7290107936965,false,עיגולים  שוקולד עד חצות,שטראוס גרופ בעמ,,,"י""ח",0.66,ל 100 גרם,false,1,13,19.70,true,1,
7290107937542,false,משקה אקטיביה תות 1.2%,שטראוס גרופ ***בעמ,,,"י""ח",2.50,"ל 100 מ""ל",false,1,4.90,1.96,true,1,
7290107937627,false,מסטיק מאסט קוביות ספירמינט  58ג,שטראוס גרופ בעמ,,,"י""ח",0.66,ל 100 גרם,false,1,9.90,15,true,1,
7290107937856,false,קפסולות אספרסו מס11 ל. נספרסו 50ג עלית,שטראוס גרופ בעמ,,,"י""ח",0.50,ל 100 גרם,false,1,19,38,true,1,
7290107938396,false,אקטימל שמיניה תות בנים,שטראוס גרופ ***בעמ,,,"י""ח",8,"ל 100 מ""ל",false,1,19.90,2.49,true,1,
7290107940030,false,חומוס אחלה 650גר שטראוס,שטראוס גרופ ***בעמ,,,"י""ח",5,ל 100 גרם,false,1,8.90,1.78,true,1,
7290107940467,false,אקטיביה 200גר  1.5%,שטראוס גרופ ***בעמ,,,"י""ח",2,ל 100 גרם,false,1,3.90,1.95,true,1,
7290107943192,false,"שמנת חמוצה מהערבה יוטבתה 200מ""ל 27%",שטראוס גרופ ***בעמ,,,"י""ח",2,"ל 100 מ""ל",false,1,4.10,2.05,true,1,
7290107944472,false,סימפוניה 5% שום שמיר 200גר,שטראוס גרופ ***בעמ,,,"י""ח",2,ל 100 גרם,false,1,10.90,5.45,true,1,
7290107950190,false,מעדן דיאט שוקולד מריר 130גר,שטראוס גרופ ***בעמ,,,"י""ח",1.30,ל 100 גרם,false,1,3.20,2.46,true,1,
7290107950206,false,מעדן דיאט שוקולד 130גר,שטראוס גרופ ***בעמ,,,"י""ח",1.30,ל 100 גרם,false,1,3.20,2.46,true,1,
7290107951111,false,בפלות לימון 200גר,שטראוס גרופ בעמ,,,"י""ח",2,ל 100 גרם,false,1,4.90,2.45,true,1,
7290107951715,false,מסטיק מאסט קוביות ענבים 58גר.,שטראוס גרופ בעמ,,,"י""ח",0.66,ל 100 גרם,false,1,9.90,15,true,1,
7290107953559,false,מארז קפה טורקי לדרך 168גר`,שטראוס גרופ בעמ,,,"י""ח",1.68,ל 100 גרם,false,1,18.90,11.25,true,1,
7290107954976,false,"משקה יוטבתה פרו קפה לשתיה  350מ""ל",שטראוס גרופ ***בעמ,,,"י""ח",3.50,ל 100 גרם,false,1,6.50,1.86,true,1,
7290107956642,false,"תרסיס שמן זית  150גרם כשל""פ",שטראוס גרופ בעמ,,,"י""ח",1.50,ל 100 גרם,false,1,17.90,11.93,true,1,
7290107956895,false,קפסולות טעם קרמל למכונות נספרסו 50גר,שטראוס גרופ בעמ,,,"י""ח",0.50,ל 100 גרם,false,1,19,38,true,1,
7290107956901,false,קפסולות אספרסו טעם אגוזים  150גר,שטראוס גרופ בעמ,,,"י""ח",0.50,ל 100 גרם,false,1,19,38,true,1,
7290107956925,false,קפסולות עלית אוגנדה 13 למכונת נספרסו,שטראוס גרופ בעמ,,,"י""ח",0.50,ל 100 גרם,false,1,19,38,true,1,
7290107957229,false,נטיפי שוקולד ציפס מריר 250גר עלית,שטראוס גרופ בעמ,,,"י""ח",1.80,ל 100 גרם,false,1,11.90,6.61,true,1,
7290107957991,false,מילקי מינייס CAKE 144ג שטראוס,שטראוס גרופ ***בעמ,,,"י""ח",1.44,ל 100 גרם,false,1,13.90,9.65,true,1,
7290107958035,false,"מארז 8 דנונה מתיקות מעודנת לל""ס וממתיק",שטראוס גרופ ***בעמ,,,"י""ח",1.20,ליטר,false,1,17.90,14.92,true,1,
7290107973861,false,עגבניות קצוצות דק מנה  400גר*3,ש.שסטוביץ בעמ,,,"י""ח",1.20,"ק""ג",false,1,15.90,13.25,false,1,
7290107974073,false,טורטיה קמח לבן 320ג מאסטר שף,ש.שסטוביץ בעמ,,,"י""ח",3.20,ל 100 גרם,false,1,9.90,3.09,false,1,
7290107974080,false,עלי טורטיה קמח מלא  756ג מאסטר שף,ש.שסטוביץ בעמ,,,"י""ח",7.40,ל 100 גרם,false,1,15.90,2.15,false,1,
7290107974806,false,"אורז  בסגנון בסמטי 1ק""ג מאסטר שף",ש.שסטוביץ בעמ,,,"י""ח",1,"ק""ג",false,1,10.90,10.90,false,1,
7290107974820,false,ממרח מתובל ספייסי  253ג מנה,ש.שסטוביץ בעמ,,,"י""ח",2.53,ל 100 גרם,false,1,7.90,3.12,false,1,
7290107975346,false,ספיד סטיק 24/7  ג ל,ש.שסטוביץ בעמ,,,"י""ח",1,"י""ח",false,1,24.90,24.90,true,1,
7290107975360,false,ליידי ספיד סטיק פיור גל,ש.שסטוביץ בעמ,,,"י""ח",1,"י""ח",false,1,19.90,19.90,true,1,
7290107975544,false,"קולגייט סמיילס ברבי 50מ""ל",ש.שסטוביץ בעמ,,,"י""ח",0.66,ל 100 גרם,false,1,11.90,18.03,false,1,
7290107978101,false,"קולגייט  אופטיק וויט אקסטרה  75מ""ל",ש.שסטוביץ בעמ,,,"י""ח",2.56,ל 100 גרם,false,1,26.90,10.51,true,1,
7290107978323,false,איטריות דקיקות 400ג מאסטר שף,ש.שסטוביץ בעמ,,,"י""ח",4,ל 100 גרם,false,1,4.50,1.13,true,1,
7290107978330,false,איטריות דקות 400ג מאסטר שף,ש.שסטוביץ בעמ,,,"י""ח",4,ל 100 גרם,false,1,4.50,1.13,true,1,
7290107978347,false,איטריות בינוניות 400ג מאסטר שף,ש.שסטוביץ בעמ,,,"י""ח",4,ל 100 גרם,false,1,4.50,1.13,true,1,
7290107978453,false,קראנצ וס גריל 55ג חדש,ש.שסטוביץ בעמ,,,"י""ח",0.55,ל 100 גרם,false,1,2.90,5.27,true,1,
7290108201284,false,"אירוויק מקלות לבנדר  30מ""ל",רקיט בנקיזר (ניר איסט) בעמ,,,"י""ח",0.30,"ל 100 מ""ל",false,1,14.90,49.67,true,1,
7290108201802,false,"דטול ספריי חיטוי בניחוח כביסה 400מ""ל",רקיט בנקיזר (ניר איסט) בעמ,,,"י""ח",4,"ל 100 מ""ל",false,1,19.90,4.98,true,1,
7290108350203,false,כריות קרצוף עם ספוג מקציף 1/6,החב הדרומית לשיווק,,,"י""ח",1,,false,1,9.60,9.60,false,1,
7290108350531,false,נוזל כלים סנו ספארק 1ל קלאסי,החב הדרומית לשיווק,,,"י""ח",1,ליטר,false,1,12.90,12.90,false,1,
7290108350555,false,נוזל כלים סנו ספארק 1ל שקד,החב הדרומית לשיווק,,,"י""ח",1,ליטר,false,1,12.90,12.90,false,1,
7290108350586,false,נוזל כלים סנו ספארק 1.5ל לימון רענן,החב הדרומית לשיווק,,,"י""ח",1.50,ליטר,false,1,15.90,10.60,false,1,
7290108350616,false,מרכך מקסימה  כביסה 1 ליטר בלו,החב הדרומית לשיווק,,,"י""ח",1,ליטר,false,1,17.50,17.50,false,1,
7290108350623,false,מרכך מקסימהכביסה 1 ליטר סופט סילק,החב הדרומית לשיווק,,,"י""ח",1,ליטר,false,1,17.50,17.50,false,1,
7290108351149,false,סנו גט לניקוי כללי ורצפות+סודה 1.5ל.,החב הדרומית לשיווק,,,"י""ח",1.50,ליטר,false,1,14.90,9.93,false,1,
7290108351156,false,סנו גט לניקוי כללי ורצפות+חומץ 1.5ל.,החב הדרומית לשיווק,,,"י""ח",1.50,ליטר,false,1,14.90,9.93,false,1,
7290108351507,false,מקסימה מרכך 4 ל SOFT SILK,החב הדרומית לשיווק,,,"י""ח",4,ליטר,false,1,21.90,5.48,false,1,
7290108351514,false,מקסימה מרכך 4 ל BLUE BLOSSOM,החב הדרומית לשיווק,,,"י""ח",4,ליטר,false,1,21.90,5.48,false,1,
7290108351569,false,מבשם ומרכך בייבי למייבש כביסה,החב הדרומית לשיווק,,,"י""ח",7.50,"ל 100 מ""ל",false,1,17.90,2.39,true,1,
7290108351705,false,פניני בישום FRESH LINEN י 275 גרם,החב הדרומית לשיווק,,,"י""ח",2.75,ל 100 גרם,false,1,19.90,7.24,false,1,
7290108351804,false,מרכך מקסימה סופר מרוכז Gentle breeze 1לי,החב הדרומית לשיווק,,,"י""ח",1,ליטר,false,1,17.50,17.50,false,1,
7290108351811,false,מרכך מקסימה סופר מרוכז Floral tou 1 ליטר,החב הדרומית לשיווק,,,"י""ח",1,ליטר,false,1,17.50,17.50,false,1,
7290108351835,false,מרכך כביסה  מקסימה FLORAL TOUCH י4ל`,החב הדרומית לשיווק,,,"י""ח",4,ליטר,false,1,21.90,5.48,false,1,
7290108352320,false,"סנופרש הום נטול גז 350מ""ל",החב הדרומית לשיווק,,,"י""ח",3.50,"ל 100 מ""ל",false,1,9.90,2.83,false,1,
7290108352337,false,"פרש אוטומטיק בניחוח מלון מפנק 250מ""ל",החב הדרומית לשיווק,,,"י""ח",1.65,ל 100 גרם,false,1,12.90,7.82,false,1,
7290108352399,false,ריצפז פרש הום  2ל לרצפה מרכך כביסה,החב הדרומית לשיווק,,,"י""ח",1.45,ליטר,false,1,19.80,13.66,false,1,
7290108352481,false,"סנומוד נרסיסוס 150מ""ל",החב הדרומית לשיווק,,,"י""ח",1.50,"ל 100 מ""ל",false,1,9.90,6.60,false,1,
7290108352566,false,מרכך JOY 4 ליטר,החב הדרומית לשיווק,,,"י""ח",4,ליטר,false,1,21.90,5.48,false,1,
7290108352641,false,מטליות הפלא לניקוי כללי 1/3,החב הדרומית לשיווק,,,"י""ח",3,"י""ח",false,1,14.90,4.97,false,1,
7290108352788,false,שקיות זיפר 20יח במידה L סנו סושי,החב הדרומית לשיווק,,,"י""ח",20,"י""ח",false,1,9.90,0.50,false,1,
7290108352849,false,מטליות הפלא לניקוי כללי 1/3 Decor,החב הדרומית לשיווק,,,"י""ח",3,"י""ח",false,1,14.90,4.97,false,1,
7290108352900,false,סנו סושי מגבות נייר גליל כפול 6=12,החב הדרומית לשיווק,,,"י""ח",84.64,מטר,false,1,24.90,0.29,true,1,
7290108353068,false,סנו סושי כרית קרצוף עם סיבי נירוסטה,החב הדרומית לשיווק,,,"י""ח",1,,false,1,10.90,10.90,false,1,
7290108353075,false,50 מפיות אירוח איכותיות 3שכבות,החב הדרומית לשיווק,,,"י""ח",50,"י""ח",false,1,11.90,0.24,false,1,
7290108353099,false,סנו סופט ממחטות מארז 5*100יח,החב הדרומית לשיווק,,,"י""ח",500,"י""ח",false,1,13.90,0.03,false,1,
7290108353334,false,כיף שמפו למניעת קשקשים שמן עץ התה,החב הדרומית לשיווק,,,"י""ח",7,"ל 100 מ""ל",false,1,12.90,1.84,false,1,
7290108353495,false,חוט דנטאלי 50 מטר בתוספת שעווה ופלואוריד,החב הדרומית לשיווק,,,"י""ח",50,מטר,false,1,9.90,0.20,false,1,
7290108353501,false,שקיות אשפה 25יח עם ידיות,החב הדרומית לשיווק,,,"י""ח",1,,false,1,19.90,19.90,false,1,
7290108353532,false,שקיות אשפה 100שקיות בגליל סנו סושי,החב הדרומית לשיווק,,,"י""ח",100,"י""ח",false,1,34.90,0.35,false,1,
7290108353655,false,50 מפיות אירוח איכותיות 3שכבות,החב הדרומית לשיווק,,,"י""ח",50,"י""ח",false,1,11.90,0.24,false,1,
7290108353686,false,סנו סושי מטלית הפלא לרצפה Decor,החב הדרומית לשיווק,,,"י""ח",1,,false,1,10.90,10.90,false,1,
7290108353754,false,"קרם גוף קרמה אשכולית ולמון גראס 500 מ""ל",החב הדרומית לשיווק,,,"י""ח",5,"ל 100 מ""ל",false,1,24.90,4.98,false,1,
7290108353907,false,"קרמה דאו  רול און קלאסי 75 מ""ל",החב הדרומית לשיווק,,,"י""ח",0.75,"ל 100 מ""ל",false,1,11.90,15.87,false,1,
7290108353983,false,"קרם גוף קרמה קלאסי 500 מ""ל.",החב הדרומית לשיווק,,,"י""ח",5,"ל 100 מ""ל",false,1,24.90,4.98,false,1,
7290108353990,false,"קרם גוף קרמה מאסק 500 מ""ל.",החב הדרומית לשיווק,,,"י""ח",5,"ל 100 מ""ל",false,1,24.90,4.98,false,1,
7290108354270,false,מרכך כביסה CALM מקסימה 1 ליטר מרוכז,החב הדרומית לשיווק,,,"י""ח",1,ליטר,false,1,17.50,17.50,false,1,
7290108354447,false,"כיף מרכך שיער לשיקום והזנה 700מ""ל",החב הדרומית לשיווק,,,"י""ח",7,"ל 100 מ""ל",false,1,12.90,1.84,false,1,
7290108354461,false,"קרליין שמפו 10  חימר 700מ""ל",החב הדרומית לשיווק,,,"י""ח",7,"ל 100 מ""ל",false,1,13.90,1.99,false,1,
7290108354478,false,"קרליין מרכך 10  חימר 700מ""ל",החב הדרומית לשיווק,,,"י""ח",7,"ל 100 מ""ל",false,1,13.90,1.99,false,1,
7290108354614,false,"מרכך נקה 7  ביו 750מ""ל",החב הדרומית לשיווק,,,"י""ח",7.50,"ל 100 מ""ל",false,1,11.90,1.59,false,1,
7290108354720,false,סנו פרש הום מקלות FRESH lady COCO,החב הדרומית לשיווק,,,"י""ח",7.50,"ל 100 מ""ל",false,1,21.90,2.92,false,1,
7290108354751,false,סנו גט תרסיס פלוס לניקוי כללי+סודה,החב הדרומית לשיווק,,,"י""ח",7.50,"ל 100 מ""ל",false,1,15.90,2.12,false,1,
7290108354768,false,"קרם גוף קרמה דבש 500 מ""",החב הדרומית לשיווק,,,"י""ח",5,"ל 100 מ""ל",false,1,24.90,4.98,false,1,
7290108354782,false,"קרם גוף קרמה ג`ינג`ר ולמון גראס 500 מ""",החב הדרומית לשיווק,,,"י""ח",5,"ל 100 מ""ל",false,1,24.90,4.98,false,1,
7290108355000,false,שמפו  מיניונים נקה 7 קידס,החב הדרומית לשיווק,,,"י""ח",7.50,"ל 100 מ""ל",false,1,10.90,1.45,false,1,
7290108355024,false,שמפו+מרכך  מיניונים נקה 7 קידס,החב הדרומית לשיווק,,,"י""ח",7.50,"ל 100 מ""ל",false,1,10.90,1.45,false,1,
7290108355147,false,"תחליב רחצה נקה7 שמני הזנה 750 מ""ל",החב הדרומית לשיווק,,,"י""ח",7.50,"ל 100 מ""ל",false,1,9.90,1.32,false,1,
7290108356113,false,"כיף תחליב רחצה דבש 700מ""ל",החב הדרומית לשיווק,,,"י""ח",7.50,"ל 100 מ""ל",false,1,12.90,1.72,false,1,
7290108356120,false,"כיף תחליב רחצה קוקוס וניל 700מ""ל",החב הדרומית לשיווק,,,"י""ח",7.50,"ל 100 מ""ל",false,1,12.90,1.72,false,1,
7290108356182,false,אל סבון כיף 1 ליטר,החב הדרומית לשיווק,,,"י""ח",1,ליטר,false,1,13.90,13.90,false,1,
7290108356229,false,"קרמה ג ל גילוח קרבון פאוור 200מ""ל",החב הדרומית לשיווק,,,"י""ח",2,"ל 100 מ""ל",false,1,12.90,6.45,false,1,
7290108356403,false,כיף תחליב רחצה בניחוח עוגת חד קרן 700מ,החב הדרומית לשיווק,,,"י""ח",7,"ל 100 מ""ל",false,1,12.90,1.84,false,1,
7290108356519,false,קרליין שמפו 10  שיער רגיל 700.,החב הדרומית לשיווק,,,"י""ח",7,"ל 100 מ""ל",false,1,13.90,1.99,false,1,
7290108356526,false,קרליין שמפו 10  שיער יבש 700.,החב הדרומית לשיווק,,,"י""ח",7,"ל 100 מ""ל",false,1,13.90,1.99,false,1,
7290108356533,false,קרליין שמפו 10  שיער מתולתל 700.,החב הדרומית לשיווק,,,"י""ח",7,"ל 100 מ""ל",false,1,13.90,1.99,false,1,
7290108356540,false,קרליין שמפו 10  שיער צבוע 700.,החב הדרומית לשיווק,,,"י""ח",7,"ל 100 מ""ל",false,1,13.90,1.99,false,1,
7290108356557,false,קרליין שמפו 10 למניעת קשקשים 700.,החב הדרומית לשיווק,,,"י""ח",7,"ל 100 מ""ל",false,1,13.90,1.99,false,1,
7290108356564,false,קרליין מרכך 10 לשיער רגיל 700,החב הדרומית לשיווק,,,"י""ח",7,"ל 100 מ""ל",false,1,13.90,1.99,false,1,
7290108356571,false,קרליין מרכך 10 לשיער יבש 700,החב הדרומית לשיווק,,,"י""ח",7,"ל 100 מ""ל",false,1,13.90,1.99,false,1,
7290108356588,false,קרליין מרכך 10 לשיער מתולתל 700,החב הדרומית לשיווק,,,"י""ח",7,"ל 100 מ""ל",false,1,13.90,1.99,false,1,
7290108356595,false,קרליין מרכך 10 לשיער צבוע 700,החב הדרומית לשיווק,,,"י""ח",7,"ל 100 מ""ל",false,1,13.90,1.99,false,1,
7290108356717,false,"כיף לגבר ULTRA POWER שמפו גל רחצה 700מ""",החב הדרומית לשיווק,,,"י""ח",7,"ל 100 מ""ל",false,1,12.90,1.84,false,1,
7290108356724,false,"כיף לגבר COOL SPORT שמפו גל רחצה 700מ""ל",החב הדרומית לשיווק,,,"י""ח",7,"ל 100 מ""ל",false,1,12.90,1.84,false,1,
7290108356861,false,בייבי כיף מגבונים 1/5 ללא בישום,החב הדרומית לשיווק,,,"י""ח",1,,false,1,19.90,19.90,false,1,
7290108357004,false,"כיף שמפו ורד ושמן קוקוי 700מ""ל",החב הדרומית לשיווק,,,"י""ח",7,"ל 100 מ""ל",false,1,12.90,1.84,false,1,
7290108357011,false,"כיף מרכך ורד ושמן קוקוי 700מ""ל",החב הדרומית לשיווק,,,"י""ח",7,"ל 100 מ""ל",false,1,12.90,1.84,false,1,
7290108357189,false,תרסיס מקסימה למייבש כביסה,החב הדרומית לשיווק,,,"י""ח",7.50,"ל 100 מ""ל",false,1,17.90,2.39,true,1,
7290108357226,false,"סנו אוקסיג ן POWER אבקה 1.4ק""ג לכביסה לב",החב הדרומית לשיווק,,,"י""ח",1.40,"ק""ג",false,1,31.90,22.79,false,1,
7290108357233,false,מטליות לחות לניקוי והברקה 50יח,החב הדרומית לשיווק,,,"י""ח",1,,false,1,19.90,19.90,false,1,
7290108357288,false,"סנו אקונומיקה ז""אוול 4 ליטר בניחוח פרי",החב הדרומית לשיווק,,,"י""ח",4,ליטר,false,1,16.90,4.23,false,1,
7290108357295,false,סנו אוקסיגאן מסיר בתרסיס מרסס,החב הדרומית לשיווק,,,"י""ח",7.50,"ל 100 מ""ל",false,1,17.70,2.36,false,1,
7290108357318,false,אוקסיגן 540ג אבקה להסרת כתמים,החב הדרומית לשיווק,,,"י""ח",5.40,ל 100 גרם,false,1,16.90,3.13,false,1,
7290108357325,false,אוקסיגן 540ג אבקה להסרת כתמים,החב הדרומית לשיווק,,,"י""ח",5.40,ל 100 גרם,false,1,16.90,3.13,false,1,
7290108357417,false,"קרם גוף קרמה ורד ווניל 500 מ""",החב הדרומית לשיווק,,,"י""ח",5,"ל 100 מ""ל",false,1,24.90,4.98,false,1,
7290108357424,false,"קרם גוף קרמה נרולי ומגנוליה 500 מ""",החב הדרומית לשיווק,,,"י""ח",5,"ל 100 מ""ל",false,1,24.90,4.98,false,1,
7290108357431,false,"קרם גוף קרמה בריזת ים 500 מ""ל",החב הדרומית לשיווק,,,"י""ח",5,"ל 100 מ""ל",false,1,24.90,4.98,false,1,
7290108357448,false,"קרם גוף קרמה לבנדר ואקליפטוס 500 מ""",החב הדרומית לשיווק,,,"י""ח",5,"ל 100 מ""ל",false,1,24.90,4.98,false,1,
7290108357509,false,"קרם גוף קרמה וניל ופלפל ורוד 500 מ""ל",החב הדרומית לשיווק,,,"י""ח",5,"ל 100 מ""ל",false,1,24.90,4.98,false,1,
7290108357707,false,"כיף שמפו שיער רגיל תפוח ציה 700מ""ל",החב הדרומית לשיווק,,,"י""ח",7,"ל 100 מ""ל",false,1,12.90,1.84,false,1,
7290108357721,false,"כיף שמפו ש.דק שביר ברי ומורינגה 700מ""ל",החב הדרומית לשיווק,,,"י""ח",7,"ל 100 מ""ל",false,1,12.90,1.84,false,1,
7290108357745,false,"כיף שמפו ומרכך 2+1 תאנה ומנטה700מ""ל",החב הדרומית לשיווק,,,"י""ח",7,"ל 100 מ""ל",false,1,12.90,1.84,false,1,
7290108357752,false,"כיף שמפו  קרטין חמאת שיאה 700מ""ל",החב הדרומית לשיווק,,,"י""ח",7,"ל 100 מ""ל",false,1,12.90,1.84,false,1,
7290108357776,false,"כיף מרכך ש. יבש רימון שמן ארגן 700מ""ל",החב הדרומית לשיווק,,,"י""ח",7,"ל 100 מ""ל",false,1,12.90,1.84,false,1,
7290108357875,false,"כיף שמפו לחות מוגברת עם אפרסק 700מ""ל",החב הדרומית לשיווק,,,"י""ח",7,"ל 100 מ""ל",false,1,12.90,1.84,false,1,
7290108358124,false,מקסימה דפי בישום לחים למייבש כביסה,החב הדרומית לשיווק,,,"י""ח",7.50,"ל 100 מ""ל",false,1,12.90,1.72,true,1,
7290108359015,false,סנו סושי שקיות זיפר 20יח M,החב הדרומית לשיווק,,,"י""ח",1,,false,1,14.90,14.90,false,1,
7290108359060,false,כריות הפלא סנו סושי 4 יחידות,החב הדרומית לשיווק,,,"י""ח",1,,false,1,9.90,9.90,false,1,
7290108359183,false,שקיות אשפה סושי 60 יח עם ידיות,החב הדרומית לשיווק,,,"י""ח",1,"י""ח",false,1,22.90,22.90,false,1,
7290108359190,false,סנו סושי מגבות נייר גליל כפול 4=12,החב הדרומית לשיווק,,,"י""ח",126.96,מטר,false,1,24.90,0.20,false,1,
7290108359824,false,"בייבי כיף קרם גוף 500מ""ל",החב הדרומית לשיווק,,,"י""ח",5,"ל 100 מ""ל",false,1,19.90,3.98,false,1,
7290108359879,false,"בייבי כיף אל סבון 750מ""ל",החב הדרומית לשיווק,,,"י""ח",7.50,"ל 100 מ""ל",false,1,13.90,1.85,false,1,
7290108359893,false,"בייבי כיף תחליב רחצה 750מ""ל",החב הדרומית לשיווק,,,"י""ח",7.50,"ל 100 מ""ל",false,1,13.90,1.85,false,1,
7290108359985,false,סנו ג`אבל קצף ניקוי בתוספת אקונומיקה,החב הדרומית לשיווק,,,"י""ח",1,ליטר,false,1,18.90,18.90,false,1,
7290108500677,false,כבד דג שיבוט  115גר`,ג.וילי פוד אינטרנשיונל בעמ,,,"י""ח",1.15,ל 100 גרם,false,1,8.90,7.74,true,1,
7290108501360,false,גבינת צ`דר בשלה 200גר Matured orange,ג.וילי פוד אינטרנשיונל בעמ,,,"י""ח",2,ל 100 גרם,false,1,17.90,8.95,false,1,
7290108502251,false,קרקרים 250ג טבעי,ג.וילי פוד אינטרנשיונל בעמ,,,"י""ח",2.50,ל 100 גרם,false,1,5.90,2.36,false,1,
7290108502329,false,נתחי טונה  בשמן זית 160גר *4,ג.וילי פוד אינטרנשיונל בעמ,,,"י""ח",6.40,ל 100 גרם,false,1,26.90,4.20,false,1,
7290108502527,false,קרקרים 500ג מליחות מעודנת,ג.וילי פוד אינטרנשיונל בעמ,,,"י""ח",5,ל 100 גרם,false,1,11.90,2.38,false,1,
7290108502862,false,מלפפונים כבושים במלח 18-25 600ג,ג.וילי פוד אינטרנשיונל בעמ,,,"י""ח",6,ל 100 גרם,false,1,8.90,1.48,false,1,
7290108503975,false,קנוליני 500 גרם.,ג.וילי פוד אינטרנשיונל בעמ,,,"י""ח",3.97,ל 100 גרם,false,1,9.90,2.49,false,1,
7290108505490,false,דונאטס קפוא ויליפוד,ג.וילי פוד אינטרנשיונל בעמ,,,"י""ח",1,,false,1,5.90,5.90,true,1,
7290108506501,false,אצבעות בצק פילו ממולאות גבינה 500ג,ג.וילי פוד אינטרנשיונל בעמ,,,"י""ח",5,ל 100 גרם,false,1,22.90,4.58,false,1,
7290108506518,false,אצבעות בצק פילו גבינה ותרד 500ג,ג.וילי פוד אינטרנשיונל בעמ,,,"י""ח",5,ל 100 גרם,false,1,15.90,3.18,false,1,
7290108506532,false,גליליות וופל במילוי אגוזי לוז   400ג,ג.וילי פוד אינטרנשיונל בעמ,,,"י""ח",4,ל 100 גרם,false,1,13.90,3.48,false,1,
7290108508031,false,אננס שלם 830 גרם ויליפוד,ג.וילי פוד אינטרנשיונל בעמ,,,"י""ח",8.30,ל 100 גרם,false,1,9.50,1.14,false,1,
7290108509052,false,מאפה פילו ממולא גבינה פטה 400ג ויליפוד,ג.וילי פוד אינטרנשיונל בעמ,,,"י""ח",4,ל 100 גרם,false,1,19.90,4.98,false,1,
7290108509069,false,מאפה פילו ממולא ירקות ירוקי 400ג ויליפ,ג.וילי פוד אינטרנשיונל בעמ,,,"י""ח",4,ל 100 גרם,false,1,19.90,4.98,false,1,
7290108509267,false,ארוחת פסטה עם רוטב גבינה 206גר,ג.וילי פוד אינטרנשיונל בעמ,,,"י""ח",2.06,ל 100 גרם,false,1,7.90,3.83,true,1,
7290108509700,false,"אורז בסגנון פרסי 1ק""ג DAAWAT",ג.וילי פוד אינטרנשיונל בעמ,,,"י""ח",1,"ק""ג",false,1,9.90,9.90,false,1,
7290109351957,false,פיטנס פריכיות גדולות 100גר,קבוצת אוסם סחר-שות.מוגבלת,,,"י""ח",1,ל 100 גרם,false,1,8.70,8.70,false,1,
7290109351971,false,פיטנס בר פריכיות שוקולד חלב 84גר,קבוצת אוסם סחר-שות.מוגבלת,,,"י""ח",0.84,ל 100 גרם,false,1,14.90,17.74,true,1,
7290109354972,false,פתי בר קלאסי ללא גלוטן 200גר,קבוצת אוסם סחר-שות.מוגבלת,,,"י""ח",2,ל 100 גרם,false,1,11.90,5.95,true,1,
7290109358482,false,קרמוגית במילוי חלווה 200גר,קבוצת אוסם סחר-שות.מוגבלת,,,"י""ח",2,ל 100 גרם,false,1,11.90,5.95,true,1,
7290109580043,false,"שניצל תירס 1.75ק""ג בד""ץ",זוגלובק שיווק בעמ,,,"י""ח",1.75,"ק""ג",false,1,49.90,28.51,false,1,
7290109580135,false,קורנדביף 180 גרם פרימיום.,זוגלובק שיווק בעמ,,,"י""ח",1.80,ל 100 גרם,false,1,22.90,12.72,false,1,
7290109580272,false,סרוולד איטלקי פרמיום 150ג,זוגלובק שיווק בעמ,,,"י""ח",1.50,ל 100 גרם,false,1,22.90,15.27,false,1,
7290109580302,false,מארז תה מעושן 350גר+ח.עוף 350גר בית יו.,זוגלובק שיווק בעמ,,,"י""ח",7,ל 100 גרם,false,1,31.90,4.56,false,1,
7290109580463,false,נאגטס פיקנטי 500ג,זוגלובק שיווק בעמ,,,"י""ח",0.50,"ק""ג",false,1,22.90,45.80,false,1,
7290109580470,false,"נאגטס מן הצומח 1ק""ג",זוגלובק שיווק בעמ,,,"י""ח",1,"ק""ג",false,1,37.90,37.90,false,1,
7290109580487,false,"חטיפי תירס 1ק""ג",זוגלובק שיווק בעמ,,,"י""ח",1,"ק""ג",false,1,37.90,37.90,false,1,
7290109920627,false,אסטוניש  קרם אמבט 550+ניקוי אקונומיק 5.,יעקב יעקבי ובניו בעמ,,,"י""ח",5,"ל 100 מ""ל",false,1,10.90,2.18,false,1,
7290110110277,false,"משקה סומרסבי 330מ""ל 1/4",החברה המרכזית להפצת משקאות בעמ,,,"י""ח",1.32,ליטר,false,1,31.90,23.26,true,1,
7290110110574,false,פחית קוקה קולה זירו לימון סליק,החברה המרכזית להפצת משקאות בעמ,,,"י""ח",3.30,"ל 100 מ""ל",false,1,4.50,1.27,true,1,
7290110113377,false,קוקה קולה 1ליטר רביעייה,החברה המרכזית להפצת משקאות בעמ,,,"י""ח",4,ליטר,false,1,29.90,7.18,false,1,
7290110113384,false,קוקה קולה זירו  1ליטר רביעייה,החברה המרכזית להפצת משקאות בעמ,,,"י""ח",4,ליטר,false,1,29.90,7.18,false,1,
7290110114787,false,נביעות בטעם תפוח עדין 1.5ליטר,החברה המרכזית להפצת משקאות בעמ,,,"י""ח",1.50,ליטר,false,1,8.90,5.73,false,1,
7290110114794,false,נביעות בטעם אפרסק עדין 1.5ליטר,החברה המרכזית להפצת משקאות בעמ,,,"י""ח",1.50,ליטר,false,1,8.90,5.73,false,1,
7290110114800,false,נביעות בטעם ענבים עדין 1.5ליטר,החברה המרכזית להפצת משקאות בעמ,,,"י""ח",1.50,ליטר,false,1,8.90,5.73,false,1,
7290110114855,false,~נביעות 1.5 ליטר שישיה,החברה המרכזית להפצת משקאות בעמ,,,"י""ח",9,ליטר,false,1,13,1.24,false,1,
7290110114893,false,פריגת מיץ סחוט תפוז 2 ליטר,*החברה המרכזית להפצת משקאותבעמ,,,"י""ח",2,ליטר,false,1,27.90,13.80,false,1,
7290110114954,false,מיץ תפוזים מתקתק 100% 2ל.,*החברה המרכזית להפצת משקאותבעמ,,,"י""ח",2,ליטר,false,1,20.90,10.30,false,1,
7290110114961,false,פריגת תפוזים 1.5 ליטר,החברה המרכזית להפצת משקאות בעמ,,,"י""ח",1.50,ליטר,false,1,9,5.80,false,1,
7290110114985,false,פריגת אשכולית 1.5 ליטר,החברה המרכזית להפצת משקאות בעמ,,,"י""ח",1.50,ליטר,false,1,9,5.80,false,1,
7290110115005,false,פריגת ענבים 1.5 ליטר,החברה המרכזית להפצת משקאות בעמ,,,"י""ח",1.50,ליטר,false,1,9,5.80,false,1,
7290110115029,false,"פריגת משק""ל תפוח 1.5 ליטר",החברה המרכזית להפצת משקאות בעמ,,,"י""ח",1.50,ליטר,false,1,9,5.80,false,1,
7290110115036,false,פריגת מנגו 1.5 ליטר,החברה המרכזית להפצת משקאות בעמ,,,"י""ח",1.50,ליטר,false,1,9,5.80,false,1,
7290110115043,false,פריגת לימונענע 1.5 ליטר,החברה המרכזית להפצת משקאות בעמ,,,"י""ח",1.50,ליטר,false,1,9,5.80,false,1,
7290110115050,false,פריגת מיקס תות בננה 1.5 ליטר,החברה המרכזית להפצת משקאות בעמ,,,"י""ח",1.50,ליטר,false,1,9,5.80,false,1,
7290110115081,false,פריגת צלול ענבים 1.5 ל,החברה המרכזית להפצת משקאות בעמ,,,"י""ח",1.50,ליטר,false,1,8.60,5.53,false,1,
7290110115128,false,פריגת צלול בטעם לימונענע 1.5 ל,החברה המרכזית להפצת משקאות בעמ,,,"י""ח",1.50,ליטר,false,1,8.60,5.53,false,1,
7290110115180,false,נביעות 1.5 ליטר,החברה המרכזית להפצת משקאות בעמ,,,"י""ח",1.50,ליטר,false,1,3.10,1.87,false,1,
7290110115203,false,קוקה קולה 1.5 ליטר,החברה המרכזית להפצת משקאות בעמ,,,"י""ח",1.50,"ל 100 מ""ל",false,1,8.90,5.73,false,1,
7290110115227,false,קוקה קולה ZERO 1.5 ל,החברה המרכזית להפצת משקאות בעמ,,,"י""ח",1.50,ליטר,false,1,8.80,5.67,false,1,
7290110115234,false,קוקה קולה ZERO נטול1.5ליטר,החברה המרכזית להפצת משקאות בעמ,,,"י""ח",1.50,ליטר,false,1,8.30,5.33,false,1,
7290110115241,false,קוקה קולה ZERO 1.5 ל לימון,החברה המרכזית להפצת משקאות בעמ,,,"י""ח",1.50,ליטר,false,1,8.60,5.53,false,1,
7290110115258,false,קוקה קולה ZERO 1.5 ל מנגו,החברה המרכזית להפצת משקאות בעמ,,,"י""ח",1.50,ליטר,false,1,8.30,5.33,false,1,
7290110115265,false,ספרייט 1.5ליטר,החברה המרכזית להפצת משקאות בעמ,,,"י""ח",1.50,ליטר,false,1,9,5.80,true,1,
7290110115272,false,ספרייט ZERO בק 1.5ליטר,החברה המרכזית להפצת משקאות בעמ,,,"י""ח",1.50,ליטר,false,1,9,5.80,true,1,
7290110115289,false,ספרייט לימון נענע  1.5ל.,החברה המרכזית להפצת משקאות בעמ,,,"י""ח",1.50,ליטר,false,1,9,5.80,true,1,
7290110115302,false,פאנטה ZERO  אורנג` 1.5 ליטר,החברה המרכזית להפצת משקאות בעמ,,,"י""ח",1.50,ליטר,false,1,8.30,5.33,true,1,
7290110115319,false,פאנטה אקזוטי 1.5 ליטר,החברה המרכזית להפצת משקאות בעמ,,,"י""ח",1.50,ליטר,false,1,8.50,5.47,true,1,
7290110115326,false,פאנטה אורנג  מנגו 1.5 ל,החברה המרכזית להפצת משקאות בעמ,,,"י""ח",1.50,ליטר,false,1,8.50,5.47,true,1,
7290110115333,false,פאנטה תות 1.5 ל.,החברה המרכזית להפצת משקאות בעמ,,,"י""ח",1.50,ליטר,false,1,8.50,5.47,true,1,
7290110115340,false,פאנטה ענבים 1.5ל,החברה המרכזית להפצת משקאות בעמ,,,"י""ח",1.50,ליטר,false,1,8.50,5.47,true,1,
7290110115364,false,קוקה קולה שישיות 1.5 ליטר.,החברה המרכזית להפצת משקאות בעמ,,,"י""ח",9,ליטר,false,1,49.90,5.34,false,1,
7290110115388,false,ספרייט שישיות ליים 1.5 ליטר,החברה המרכזית להפצת משקאות בעמ,,,"י""ח",9,ליטר,false,1,49.90,5.34,false,1,
7290110115395,false,ספרייט ZERO שישיות 1.5 ליטר,החברה המרכזית להפצת משקאות בעמ,,,"י""ח",9,ליטר,false,1,46.90,5.01,false,1,
7290110115401,false,קינלי סודה שישיה 1.5ל,החברה המרכזית להפצת משקאות בעמ,,,"י""ח",9,ליטר,false,1,16.90,1.68,false,1,
7290110115418,false,קוקה קולה ZIRO 1.5 ל שישייה,החברה המרכזית להפצת משקאות בעמ,,,"י""ח",9,ליטר,false,1,47.90,5.12,false,1,
7290110115425,false,תה לימון נענע  1.5 FUZE-T,החברה המרכזית להפצת משקאות בעמ,,,"י""ח",1.50,ליטר,false,1,9.50,6.13,true,1,
7290110115449,false,תה מנגו אננס  1.5 FUZE-T,החברה המרכזית להפצת משקאות בעמ,,,"י""ח",1.50,ליטר,false,1,9.50,6.13,true,1,
7290110115456,false,תה אפרסק 19 קל` 1.5 FUZE-T,החברה המרכזית להפצת משקאות בעמ,,,"י""ח",1.50,ליטר,false,1,9.50,6.13,true,1,
7290110115463,false,תה אפרסק  1.5 FUZE-T,החברה המרכזית להפצת משקאות בעמ,,,"י""ח",1.50,ליטר,false,1,9.50,6.13,true,1,
7290110115494,false,תה דיאט ענבים 1.5 FUZE-T,החברה המרכזית להפצת משקאות בעמ,,,"י""ח",1.50,ליטר,false,1,9.50,6.13,true,1,
7290110115586,false,פריגת תפוזים 40% פחות סוכר 1.5 ליטר,החברה המרכזית להפצת משקאות בעמ,,,"י""ח",1.50,ליטר,false,1,9,5.80,false,1,
7290110115623,false,תה אפרסק  1.5 FUZE-T zero,החברה המרכזית להפצת משקאות בעמ,,,"י""ח",1.50,ליטר,false,1,8.90,5.73,true,1,
7290110116194,false,נביעות רכיבי פרי לימון ליים 0% 1.5ליטר,החברה המרכזית להפצת משקאות בעמ,,,"י""ח",1.50,ליטר,false,1,9.50,6.13,false,1,
7290110116552,false,ספרייט 1.5ליטר Lemon hit,החברה המרכזית להפצת משקאות בעמ,,,"י""ח",1.50,ליטר,false,1,9,5.80,true,1,
7290110116569,false,ספרייט ZERO בק 1.5ליטר Lemon hit,החברה המרכזית להפצת משקאות בעמ,,,"י""ח",1.50,ליטר,false,1,9,5.80,true,1,
7290110320591,false,בולגרית מועדנת פיראוס 16% 250גר,תנובה בעמ ***,,,"י""ח",2.50,ל 100 גרם,false,1,21.90,8.76,false,1,
7290110320867,false,פתיתי עמק למאפים 28% שומן 500ג,תנובה בעמ ***,,,"י""ח",5,ל 100 גרם,false,1,37.90,7.58,true,1,
7290110321277,false,קוטג  5% תנובה 100 גרם מהדרין,תנובה בעמ ***,,,"י""ח",1,ל 100 גרם,false,1,2.50,2.50,false,1,
7290110321604,false,בולגרית קוביות+תערובת לסלט  232ג,תנובה בעמ ***,,,"י""ח",2.32,ל 100 גרם,false,1,21.90,9.44,false,1,
7290110321680,false,יופלה תות  GO 200ג,תנובה בעמ ***,,,"י""ח",2,ל 100 גרם,false,1,5.80,2.90,true,1,
7290110323073,false,משקה יוגורט מעושר עם תות ופטל 1%,תנובה בעמ ***,,,"י""ח",2.50,"ל 100 מ""ל",false,1,6.30,2.52,false,1,
7290110323585,false,יופלה דודבן  GO 200ג.,תנובה בעמ ***,,,"י""ח",2,ל 100 גרם,false,1,5.80,2.90,true,1,
7290110323714,false,משקה קוקוס שקדים 1ל,תנובה בעמ ***,,,"י""ח",1,ליטר,false,1,12.90,12.90,true,1,
7290110324551,false,יופלה טיוב יוגורט  תות   348ג,תנובה בעמ ***,,,"י""ח",3.48,"ל 100 מ""ל",false,1,12.20,3.51,false,1,
7290110324926,false,"משקה סויה לל""ס 1  ל` תנובה",תנובה בעמ ***,,,"י""ח",1,ליטר,false,1,10.90,10.90,true,1,
7290110325084,false,מאגדת שמינייה מיני קרלו שונל,תנובה בעמ ***,,,"י""ח",8,"ל 100 מ""ל",false,1,15.10,1.89,false,1,
7290110325114,false,משקה יוגורט גו לייט תות בננה,תנובה בעמ ***,,,"י""ח",2.50,"ל 100 מ""ל",false,1,6.10,2.44,false,1,
7290110325510,false,יופלה טיוב יוגורט  וניל 348ג,תנובה בעמ ***,,,"י""ח",3.48,"ל 100 מ""ל",false,1,12.20,3.51,false,1,
7290110325619,false,משקה ש.שועל  טרי 1ל תנובה,תנובה בעמ ***,,,"י""ח",1,ליטר,false,1,12.90,12.90,true,1,
7290110325893,false,"משקה גו  אייס  קפה 340מ""ל",תנובה בעמ ***,,,"י""ח",3.40,"ל 100 מ""ל",false,1,8.20,2.41,false,1,
7290110326333,false,גבינה פרוסות סקנדינבית 175ג,תנובה בעמ ***,,,"י""ח",1.75,ל 100 גרם,false,1,17.90,10.23,false,1,
7290110327514,false,משקה ש.שועל אגוזי לוז  טרי 1ל תנובה,תנובה בעמ ***,,,"י""ח",1,ליטר,false,1,12.90,12.90,true,1,
7290110327828,false,חטיף חלבון GO בטעם בוטנים 20 גרם.,שקד תבל בעמ,,,"י""ח",1,,false,1,11.90,11.90,false,1,
7290110328627,false,יוגורט גו סמיך 0% בננה קרמל,תנובה בעמ ***,,,"י""ח",2,"ל 100 מ""ל",false,1,5.90,2.95,true,1,
7290110328764,false,יוגורט גו סמיך 0% תות,תנובה בעמ ***,,,"י""ח",2,"ל 100 מ""ל",false,1,5.90,2.95,true,1,
7290110328771,false,יוגורט גו סמיך 0% פ.יער,תנובה בעמ ***,,,"י""ח",2,"ל 100 מ""ל",false,1,5.90,2.95,true,1,
7290110328788,false,יוגורט גו סמיך 0% אפרסק,תנובה בעמ ***,,,"י""ח",2,"ל 100 מ""ל",false,1,5.90,2.95,true,1,
7290110329136,false,מעדן חלב גו טעם שוקולד 120ג  12ג חלבון,תנובה בעמ ***,,,"י""ח",1.20,"ל 100 מ""ל",false,1,5.20,4.33,false,1,
7290110329686,false,"משקה גו  טעם עוגיות  340מ""ל",תנובה בעמ ***,,,"י""ח",3.40,"ל 100 מ""ל",false,1,7.50,2.21,false,1,
7290110329792,false,יוגורט סויה ביו אפרסק  150ג,תנובה בעמ ***,,,"י""ח",1.50,"ל 100 מ""ל",false,1,4.50,3,false,1,
7290110329808,false,יוגורט סויה ביו תות  150ג,תנובה בעמ ***,,,"י""ח",1.50,"ל 100 מ""ל",false,1,4.50,3,false,1,
7290110329822,false,יוגורט סויה ביו פירות יער 150ג,תנובה בעמ ***,,,"י""ח",1.50,"ל 100 מ""ל",false,1,4.50,3,false,1,
7290110552220,false,דנונה פרו 20גר ללא סוכר טעם תות,שטראוס גרופ ***בעמ,,,"י""ח",0.20,"ל 100 מ""ל",false,1,5.90,29.50,true,1,
7290110552237,false,דנונה פרו 20גר ללא סוכר טעם אפרסק מנגו,שטראוס גרופ ***בעמ,,,"י""ח",0.20,"ל 100 מ""ל",false,1,5.90,29.50,true,1,
7290110553104,false,קפוצינו סטיק קלאסי 130גר,שטראוס גרופ בעמ,,,"י""ח",1.30,ל 100 גרם,false,1,16.90,13,true,1,
7290110553135,false,קפוצינו סטיק וניל 130גר,שטראוס גרופ בעמ,,,"י""ח",1.30,ל 100 גרם,false,1,16.90,13,true,1,
7290110553340,false,אייס נמס מילקשייק מלבי 200 ג,שטראוס גרופ בעמ,,,"י""ח",2,ל 100 גרם,false,1,19.90,9.95,true,1,
7290110553425,false,111,שטראוס גרופ בעמ,,,"י""ח",2,"ל 100 מ""ל",false,1,19.90,9.95,true,1,
7290110553623,false,ציטוס קראנץ צ`דר חלפיניו 80ג.,שטראוס פריטו ליי בעמ,,,"י""ח",0.80,ל 100 גרם,false,1,4.20,5.25,true,1,
7290110554545,false,קפסולות אספרסו לאפוגטו טעם קוקוס,שטראוס גרופ בעמ,,,"י""ח",0.50,ל 100 גרם,false,1,19,38,true,1,
7290110554583,false,מארז ציטוס פאפ גבינה 10*20,שטראוס פריטו ליי בעמ,,,"י""ח",2,ל 100 גרם,false,1,12.90,6.45,true,1,
7290110555306,false,רבע לשבע טבעוני סינמון באן 125גר`,שטראוס גרופ בעמ,,,"י""ח",1.25,ל 100 גרם,false,1,12.90,10.32,true,1,
7290110556242,false,"שוקולד מריר פרווה בד""ץ 100 ג עלית",שטראוס גרופ בעמ,,,"י""ח",1,ל 100 גרם,false,1,5.60,5.60,true,1,
7290110557102,false,מעדן חלב עם שוקולד מועשר בחלבון 150גר,שטראוס גרופ ***בעמ,,,"י""ח",1.30,ל 100 גרם,false,1,5,3.85,true,1,
7290110557133,false,מעדן הגולן וניל בודד 125גר,שטראוס גרופ ***בעמ,,,"י""ח",1.25,ל 100 גרם,false,1,2.90,2.32,true,1,
7290110557478,false,חומוס גלילי 600גר שטראוס,שטראוס גרופ ***בעמ,,,"י""ח",6,ל 100 גרם,false,1,11.90,1.98,true,1,
7290110557720,false,קופון 30% הנחה על משקה אלפרו MILK,שטראוס גרופ ***בעמ,,,"י""ח",1,,false,1,0.01,0.01,true,1,
7290110558130,false,דנונה אקטיביה שיבולת שועל ודבש,שטראוס גרופ ***בעמ,,,"י""ח",1.50,"ל 100 מ""ל",false,1,4.50,3,true,1,
7290110558666,false,דניאלה בטעם תפוח,שטראוס גרופ ***בעמ,,,"י""ח",1.50,"ל 100 מ""ל",false,1,3.90,2.60,true,1,
7290110559007,false,שועועית חומה 380גרם טעם הטבע קופסה,שטראוס גרופ בעמ,,,"י""ח",3.80,ל 100 גרם,false,1,6.90,1.82,true,1,
7290110559014,false,שועועית שחורה 380גרם טעם הטבע קופסה,שטראוס גרופ בעמ,,,"י""ח",3.80,ל 100 גרם,false,1,6.90,1.82,true,1,
7290110560300,false,פריכיות המשולשות פלפל שחור 30גר,שטראוס גרופ בעמ,,,"י""ח",0.30,ל 100 גרם,false,1,5,16.67,true,1,
7290110560317,false,פריכיות המשולשות מלח ים 30גר,שטראוס גרופ בעמ,,,"י""ח",0.30,ל 100 גרם,false,1,5,16.67,true,1,
7290110560324,false,פריכיות המשולשות אפונה ירוקה 30גר,שטראוס גרופ בעמ,,,"י""ח",0.30,ל 100 גרם,false,1,5,16.67,true,1,
7290110561604,false,מארז גמדים תות בננה שמינייה,שטראוס גרופ ***בעמ,,,"י""ח",8,ל 100 גרם,false,1,17.90,2.24,true,1,
7290110563431,false,משקה קפה קר בסגנון קלאסי 1.6%230גר,שטראוס גרופ ***בעמ,,,"י""ח",2.30,"ל 100 מ""ל",false,1,7.90,3.43,true,1,
7290110563462,false,חלב נטול לקטוז 2% בקבוק 1ליטר,שטראוס גרופ ***בעמ,,,"י""ח",1,ליטר,false,1,8.90,8.90,true,1,
7290110564339,false,חומוס עשיר ב% -30טחינה 400גר`,שטראוס גרופ ***בעמ,,,"י""ח",4,ל 100 גרם,false,1,12.90,3.23,true,1,
7290110564360,false,חומוס עשיר ב% -40טחינה 400גר`,שטראוס גרופ ***בעמ,,,"י""ח",4,ל 100 גרם,false,1,12.90,3.23,true,1,
7290110565435,false,לימבו פטל 125גרם,שטראוס גרופ ***בעמ,,,"י""ח",1.25,ל 100 גרם,false,1,2.10,1.68,true,1,
7290110565527,false,דנונה פרו 20גר חלבון,שטראוס גרופ ***בעמ,,,"י""ח",0.20,"ל 100 מ""ל",false,1,5.90,29.50,true,1,
7290110565572,false,מארז קפה טורקי לדרך עם הל 168גר`,שטראוס גרופ בעמ,,,"י""ח",1.68,ל 100 גרם,false,1,18.90,11.25,true,1,
7290110566623,false,קפסולות קולומביה 08 למכונת נספרסו,שטראוס גרופ בעמ,,,"י""ח",0.50,ל 100 גרם,false,1,19,38,true,1,
7290110566975,false,דנונה פרו 20גר  תות,שטראוס גרופ ***בעמ,,,"י""ח",0.20,"ל 100 מ""ל",false,1,5.90,29.50,true,1,
7290110568276,false,"משקה יוטבתה פרו וניל לשתיה  350מ""ל",שטראוס גרופ ***בעמ,,,"י""ח",3.50,ל 100 גרם,false,1,6.50,1.86,true,1,
7290110568559,false,מארז דוריטוס חמוץ חריף 10*25גר,שטראוס פריטו ליי בעמ,,,"י""ח",2.50,ל 100 גרם,false,1,10.90,4.36,true,1,
7290110571375,false,מארז אנרג`י  מיקס צימוקים תמרים טופי 100,שטראוס גרופ בעמ,,,"י""ח",1,ל 100 גרם,false,1,15.90,15.90,true,1,
7290110571382,false,מעדן חלב טעם וניל מועשר בחלבון 150גר,שטראוס גרופ ***בעמ,,,"י""ח",1.30,ל 100 גרם,false,1,5,3.85,true,1,
7290110571399,false,מסטיק מאסט קוביות פפירמינט  58ג.,שטראוס גרופ בעמ,,,"י""ח",0.66,ל 100 גרם,false,1,9.90,15,true,1,
7290110571535,false,מארז טורקי הל 3*100גר.,שטראוס גרופ בעמ,,,"י""ח",3,ל 100 גרם,false,1,26.90,8.97,true,1,
7290110572129,false,כיף כף מקלות שוקולד לבן 40גר,שטראוס גרופ בעמ,,,"י""ח",0.40,ל 100 גרם,false,1,4.80,12,true,1,
7290110572884,false,"קפסולות אספרסו חזק עלית 14יח כשל""פ",שטראוס גרופ בעמ,,,"י""ח",0.50,ל 100 גרם,false,1,19,38,true,1,
7290110572969,false,כיף כף פיצפוצים קרם לבן 40גר,שטראוס גרופ בעמ,,,"י""ח",0.40,ל 100 גרם,false,1,4.90,12.25,true,1,
7290110576370,false,מאגדת שלישיית אגוז מריר 3*100גר,שטראוס גרופ בעמ,,,"י""ח",1.12,ל 100 גרם,false,1,25.90,23.13,true,1,
7290110576387,false,מאגדת שלישיית אגוז חלב 3*100גר,שטראוס גרופ בעמ,,,"י""ח",1.12,ל 100 גרם,false,1,25.90,23.13,true,1,
7290110576752,false,שוקולד ספלנדיד מריר 70%,שטראוס גרופ בעמ,,,"י""ח",1,ל 100 גרם,false,1,10.20,10.20,true,1,
7290110576868,false,גמדים רביעיית טעם סלט פירות,שטראוס גרופ ***בעמ,,,"י""ח",4,"ל 100 מ""ל",false,1,10.90,2.73,true,1,
7290111092985,false,מגבונים בייבי סיטר מעוצבת  רבעייה ללא,שקד תבל בעמ,,,"י""ח",1,,false,1,15.90,15.90,true,1,
7290111097041,false,מגבונים בייביסיטר מבושם שמינייה,שקד תבל בעמ,,,"י""ח",66,"י""ח",false,1,24.90,0.38,true,1,
7290111170911,false,מייבש שייער מקצועי 2400W,פוגיקום בעמ,,,"י""ח",1,,false,1,199.90,199.90,true,1,
7290111340178,false,מטליות לחות לניקוי כללי בניחוח מרכך,קימברלי קלארק ישראל שיווק בעמ,,,"י""ח",1,ל 100 גרם,false,1,10.90,10.90,false,1,
7290111341373,false,נייר טואלט לילי פסטל 30ג,קימברלי קלארק ישראל שיווק בעמ,,,"י""ח",30,"י""ח",false,1,33.90,1.13,false,1,
7290111341984,false,נייר טואלט לילי לחים מארז רביעיה,קימברלי קלארק ישראל שיווק בעמ,,,"י""ח",1.17,ל 100 גרם,false,1,24.90,21.28,true,1,
7290111342004,false,לילי לח קידס 56 דפים.,קימברלי קלארק ישראל שיווק בעמ,,,"י""ח",3,"י""ח",false,1,8.90,2.97,false,1,
7290111342523,false,מפיות ניקול 100 יח צבעוני,קימברלי קלארק ישראל שיווק בעמ,,,"י""ח",100,"י""ח",false,1,7.90,0.08,false,1,
7290111343117,false,קלינקס ממחטות לושן סופט פק זוגות 140דף,קימברלי קלארק ישראל שיווק בעמ,,,"י""ח",140,"י""ח",false,1,15.90,0.11,false,1,
7290111343452,false,מטליות לחות לניקוי עם חומץ  50יח,קימברלי קלארק ישראל שיווק בעמ,,,"י""ח",1,,false,1,10,10,false,1,
7290111343803,false,מטליות לחות  חיטוי מושב אסלה טו גו,קימברלי קלארק ישראל שיווק בעמ,,,"י""ח",15,"י""ח",false,1,11.90,0.79,false,1,
7290111343841,false,ספוגית הקסם נירוסטה 3יח,קימברלי קלארק ישראל שיווק בעמ,,,"י""ח",3,"י""ח",false,1,10,3.33,false,1,
7290111344206,false,מגבוני האגיס קמומיל 4 יח,קימברלי קלארק ישראל שיווק בעמ,,,"י""ח",4,"י""ח",false,1,19.90,4.98,true,1,
7290111344459,false,קוטקס לילה אקסטרא לונג,קימברלי קלארק ישראל שיווק בעמ,,,"י""ח",20,"י""ח",false,1,18.90,0.95,true,1,
7290111344503,false,האגיס אקסטרא קר מידה 4,קימברלי קלארק ישראל שיווק בעמ,,,"י""ח",1,"י""ח",false,1,57.90,57.90,true,1,
7290111344527,false,שקיות אשפה  ענקיות ניקול 20יח.,קימברלי קלארק ישראל שיווק בעמ,,,"י""ח",20,"י""ח",false,1,24.90,1.25,true,1,
7290111344558,false,שקיות אשפה  ניקול גדולות 100יח,קימברלי קלארק ישראל שיווק בעמ,,,"י""ח",100,"י""ח",false,1,29.90,0.30,false,1,
7290111344565,false,שקיות זיפר מארז משולב ניקול,קימברלי קלארק ישראל שיווק בעמ,,,"י""ח",1,"י""ח",false,1,13.90,13.90,true,1,
7290111344732,false,קלינקס אלרגי קומפורט,קימברלי קלארק ישראל שיווק בעמ,,,"י""ח",1,,false,1,14.90,14.90,false,1,
7290111344930,false,מטליות לחות לניקוי רצפה 10יח,קימברלי קלארק ישראל שיווק בעמ,,,"י""ח",10,"י""ח",false,1,9.90,0.99,false,1,
7290111345777,false,תחבושת קוטקס כותנה לילה 16יח,קימברלי קלארק ישראל שיווק בעמ,,,"י""ח",1,,false,1,19.90,19.90,true,1,
7290111345814,false,נייר טואלט לילי נטורל קר 30 גליל,קימברלי קלארק ישראל שיווק בעמ,,,"י""ח",552,מטר,false,1,33.90,0.06,false,1,
7290111345999,false,ניקול זוג מטליות לחות לרצפה,קימברלי קלארק ישראל שיווק בעמ,,,"י""ח",10,"י""ח",false,1,21.90,2.19,false,1,
7290111346293,false,מגבות ניקול לבנה 1/6 מהדורת חג,קימברלי קלארק ישראל שיווק בעמ,,,"י""ח",66.20,מטר,false,1,13.90,0.21,false,1,
7290111346347,false,קלינקס אוריגינל חמישייה,קימברלי קלארק ישראל שיווק בעמ,,,"י""ח",5,"י""ח",false,1,15.90,3.18,true,1,
7290111350726,false,נאצוס מקסיקני 322ג,ליימן שליסל,,,"י""ח",3.23,ל 100 גרם,false,1,15.90,4.92,true,1,
7290111352966,false,יוגטה סוכריות ממולאות טעם פירות 250גר,ליימן שליסל,,,"י""ח",2.50,ל 100 גרם,false,1,7.90,3.16,false,1,
7290111353123,false,חיספוסים גומי נחשים חמוצות  200ג.,ליימן שליסל,,,"י""ח",2,ל 100 גרם,false,1,9.90,4.95,false,1,
7290111353239,false,חיספוסים גומי טעם פירות   200ג.,ליימן שליסל,,,"י""ח",2,ל 100 גרם,false,1,9.90,4.95,false,1,
7290111354236,false,"טורטיה גודל 25ס""מ מקמח חיטה",ליימן שליסל,,,"י""ח",1,,false,1,9.90,9.90,false,1,
7290111354243,false,"טורטיה גודל 30ס""מ מקמח חיטה",ליימן שליסל,,,"י""ח",1,,false,1,11.90,11.90,false,1,
7290111354588,false,קלמר מנטוס,ליימן שליסל,,,"י""ח",1,,false,1,19.90,19.90,false,1,
7290111563492,false,מטבוחה חריפה מרובע צבר  400גר,קבוצת אוסם סחר-שות.מוגבלת,,,"י""ח",4,ל 100 גרם,false,1,12.70,3.18,true,1,
7290111564291,false,פיטנס פריכיות דקות עם קינואה 120גר,קבוצת אוסם סחר-שות.מוגבלת,,,"י""ח",1.20,ל 100 גרם,false,1,11.90,9.92,true,1,
7290111566226,false,טבעול שניצל ברוקולי 667גר,קבוצת אוסם סחר-שות.מוגבלת,,,"י""ח",6.67,ל 100 גרם,false,1,37.90,5.68,true,1,
7290111566318,false,טבעול שניצל דק מן הצומח 564גר,קבוצת אוסם סחר-שות.מוגבלת,,,"י""ח",5.64,ל 100 גרם,false,1,37.90,6.72,true,1,
7290111566561,false,טבעול שניצל ברוקולי 99 קלוריות 560 גרם,קבוצת אוסם סחר-שות.מוגבלת,,,"י""ח",5.60,ל 100 גרם,false,1,37.90,6.77,true,1,
7290111566585,false,טבעול שניצל מן צומח 99 קלוריות 650גר,קבוצת אוסם סחר-שות.מוגבלת,,,"י""ח",6.50,ל 100 גרם,false,1,37.90,5.83,true,1,
7290111566660,false,טבעול קציצות עדשים כתומים 530 ג`,קבוצת אוסם סחר-שות.מוגבלת,,,"י""ח",5.30,ל 100 גרם,false,1,37.90,7.15,true,1,
7290111566691,false,טבעול שניצל תרד 99 קלוריות 560גר,קבוצת אוסם סחר-שות.מוגבלת,,,"י""ח",5.60,ל 100 גרם,false,1,37.90,6.77,true,1,
7290111566776,false,טבעול נקניקיות קוקטייל צמחוניות 680גר,קבוצת אוסם סחר-שות.מוגבלת,,,"י""ח",6.80,ל 100 גרם,false,1,37.90,5.57,true,1,
7290111568206,false,ביסלי פארטי מיקס 150ג,קבוצת אוסם סחר-שות.מוגבלת,,,"י""ח",1.50,ל 100 גרם,false,1,8.90,5.93,true,1,
7290111930799,false,קראנצ וס בצל  55ג חדש,ש.שסטוביץ בעמ,,,"י""ח",0.55,ל 100 גרם,false,1,2.90,5.27,true,1,
7290111930805,false,קראנצ וס ברביקיו  55ג חדש,ש.שסטוביץ בעמ,,,"י""ח",0.55,ל 100 גרם,false,1,2.90,5.27,true,1,
7290111930850,false,קראנצ וס פיצה  55ג חדש,ש.שסטוביץ בעמ,,,"י""ח",0.55,ל 100 גרם,false,1,2.90,5.27,true,1,
7290111930898,false,פוף כוכבים גריל  40ג,ש.שסטוביץ בעמ,,,"י""ח",0.40,ל 100 גרם,false,1,3.90,9.75,true,1,
7290111930904,false,פוף כוכבים בצל  40ג,ש.שסטוביץ בעמ,,,"י""ח",0.40,ל 100 גרם,false,1,3.90,9.75,true,1,
7290111930928,false,פוף לבבות גריל  40ג,ש.שסטוביץ בעמ,,,"י""ח",0.40,ל 100 גרם,false,1,3.90,9.75,true,1,
7290111930935,false,פוף טבעות קלאסי  40ג,ש.שסטוביץ בעמ,,,"י""ח",0.40,ל 100 גרם,false,1,3.90,9.75,true,1,
7290111932380,false,"מרידול משחת שיניים זוג  75מ""ל.",ש.שסטוביץ בעמ,,,"י""ח",1.50,ליטר,false,1,29.90,19.93,false,1,
7290111933462,false,"מאסטר שף רוטב צילי מתוק 300מ""ל",ש.שסטוביץ בעמ,,,"י""ח",3,ל 100 גרם,false,1,7.90,2.63,false,1,
7290111933561,false,תערובת ציפוי נגטס 250 גרם,ש.שסטוביץ בעמ,,,"י""ח",2.50,ל 100 גרם,false,1,7.90,3.16,false,1,
7290111936296,false,"פלמוליב סבון ארומה סנסיישן  750 מ""ל",ש.שסטוביץ בעמ,,,"י""ח",7.50,"ל 100 מ""ל",false,1,19.90,2.65,true,1,
7290111938481,false,"רוטב סויה בהירה 300מ""ל",ש.שסטוביץ בעמ,,,"י""ח",3,"ל 100 מ""ל",false,1,9.90,3.30,false,1,
7290112000057,false,וולייט גל גולד 3 ליטר לשמירה על הבגד,רקיט בנקיזר (ניר איסט) בעמ,,,"י""ח",1,"י""ח",false,1,19.90,19.90,false,1,
7290112000156,false,איירוויק מילוי מפיץ אדים קומפליט לבנדר,רקיט בנקיזר (ניר איסט) בעמ,,,"י""ח",1,"י""ח",false,1,16.90,16.90,false,1,
7290112000729,false,"ויט לגבר קרם 200מ""ל",רקיט בנקיזר (ניר איסט) בעמ,,,"י""ח",2,"ל 100 מ""ל",false,1,49.90,24.95,false,1,
7290112000736,false,פיניש 80 טבליות AIO,רקיט בנקיזר (ניר איסט) בעמ,,,"י""ח",80,"י""ח",false,1,59.90,0.75,true,1,
7290112001436,false,מנקה ומחדש לימון,רקיט בנקיזר (ניר איסט) בעמ,,,"י""ח",2,ליטר,false,1,14.90,7.45,true,1,
7290112002044,false,פיניש מנקה מדיח טבליות,רקיט בנקיזר (ניר איסט) בעמ,,,"י""ח",1,,false,1,14.90,14.90,false,1,
7290112002099,false,קולון גל 2.5 ל`רגיל כחול,רקיט בנקיזר (ניר איסט) בעמ,,,"י""ח",2.50,ליטר,false,1,24.90,9.96,true,1,
7290112002112,false,קולון גל 2.5 ל`בניחוח ורדים ורוד,רקיט בנקיזר (ניר איסט) בעמ,,,"י""ח",2.50,ליטר,false,1,24.90,9.96,true,1,
7290112002136,false,קולון גל 4  ל`רגיל כחול,רקיט בנקיזר (ניר איסט) בעמ,,,"י""ח",4,ליטר,false,1,34.90,8.73,false,1,
7290112002167,false,קולון גל 4  ל`בניחוח פריחה מרענן,רקיט בנקיזר (ניר איסט) בעמ,,,"י""ח",4,ליטר,false,1,34.90,8.73,false,1,
7290112002457,false,מארז שלישייה מגבונים דטול,רקיט בנקיזר (ניר איסט) בעמ,,,"י""ח",1,,false,1,21.90,21.90,false,1,
7290112003188,false,קולון קפסולות לכביסה 1/60,רקיט בנקיזר (ניר איסט) בעמ,,,"י""ח",60,"י""ח",false,1,54.90,0.92,true,1,
7290112003249,false,"קולון 101- 5 ק""ג מאסק",רקיט בנקיזר (ניר איסט) בעמ,,,"י""ח",5,"ק""ג",false,1,39.90,7.98,false,1,
7290112004109,false,דטול מגבונים חיטוי וניקוי שלישיה,רקיט בנקיזר (ניר איסט) בעמ,,,"י""ח",3,"י""ח",false,1,21.90,7.30,false,1,
7290112004413,false,"וניש לבן ספריי 750מ""ל",רקיט בנקיזר (ניר איסט) בעמ,,,"י""ח",7.50,"ל 100 מ""ל",false,1,16.90,2.25,true,1,
7290112004604,false,מארז שלישייה מגבונים דטול,רקיט בנקיזר (ניר איסט) בעמ,,,"י""ח",1,,false,1,21.90,21.90,false,1,
7290112005052,false,"וניש  אבקה לכביסה 1.5ק""ג לבן",רקיט בנקיזר (ניר איסט) בעמ,,,"י""ח",1.50,ל 100 גרם,false,1,39.90,26.60,true,1,
7290112005083,false,"וניש  אבקה לכביסה 1.5ק""ג צבעונית",רקיט בנקיזר (ניר איסט) בעמ,,,"י""ח",1.50,ל 100 גרם,false,1,39.90,26.60,true,1,
7290112005144,false,מבשם אויר מכשיר אוטומטי יסמין,רקיט בנקיזר (ניר איסט) בעמ,,,"י""ח",1,,false,1,44.90,44.90,true,1,
7290112330352,false,דנונה פרו 20גר וניל 0% שומן,שטראוס גרופ ***בעמ,,,"י""ח",0.20,"ל 100 מ""ל",false,1,5.90,29.50,true,1,
7290112330390,false,דנונה פרו 20גר פירות יער 0% שומן,שטראוס גרופ ***בעמ,,,"י""ח",2,"ל 100 מ""ל",false,1,5.90,2.95,true,1,
7290112332691,false,פינוקיות פסק זמן אגוזים 200גר,שטראוס גרופ בעמ,,,"י""ח",2,ל 100 גרם,false,1,11.90,5.95,true,1,
7290112334596,false,שוקולית 850 ג  (שקית) +,שטראוס גרופ בעמ,,,"י""ח",8.50,ל 100 גרם,false,1,17.90,2.11,true,1,
7290112334749,false,קפה טורקי שקית 200 עלית +10% תוספת.,שטראוס גרופ בעמ,,,"י""ח",2,ל 100 גרם,false,1,17.90,8.95,true,1,
7290112335487,false,פריכיות הטעימות קצח ודגנים 135גר,שטראוס גרופ בעמ,,,"י""ח",1.35,ל 100 גרם,false,1,12.90,9.56,true,1,
7290112335494,false,פריכיות הטעימות פוטטוס 135גר,שטראוס גרופ בעמ,,,"י""ח",1.35,ל 100 גרם,false,1,12.90,9.56,true,1,
7290112336644,false,"סוכריות MUST טעם לל""ס לימון",שטראוס גרופ בעמ,,,"י""ח",0.80,ל 100 גרם,false,1,8.90,11.13,true,1,
7290112336651,false,"סוכריות MUST טעם לל""ס ריבת חלב",שטראוס גרופ בעמ,,,"י""ח",0.80,ל 100 גרם,false,1,8.90,11.13,true,1,
7290112339362,false,דנונה לייט אנד פריי טעם קפוצ`ינו 150גר.,שטראוס גרופ ***בעמ,,,"י""ח",1.50,"ל 100 מ""ל",false,1,4.50,3,true,1,
7290112339867,false,גמדים סקוויז  תות בודד 100ג,שטראוס גרופ ***בעמ,,,"י""ח",1,ל 100 גרם,false,1,5.90,5.90,true,1,
7290112339874,false,גמדים סקוויז  תות בננה  בודד 100ג,שטראוס גרופ ***בעמ,,,"י""ח",1,ל 100 גרם,false,1,5.90,5.90,true,1,
7290112340122,false,פריכיות הטעימות 3דגנים 135גר,שטראוס גרופ בעמ,,,"י""ח",1.35,ל 100 גרם,false,1,12.90,9.56,true,1,
7290112340276,false,פינוקיות קפה נמס  200גר,שטראוס גרופ בעמ,,,"י""ח",2,ל 100 גרם,false,1,11.90,5.95,true,1,
7290112340900,false,קפה האג 200 גר,שטראוס גרופ בעמ,,,"י""ח",2,ל 100 גרם,false,1,24.90,12.45,true,1,
7290112341686,false,מארז אקטיביה שמינייה 3% 150גר,שטראוס גרופ ***בעמ,,,"י""ח",1.20,ליטר,false,1,19.90,16.58,true,1,
7290112343260,false,רוטב שמנת קלאסי  9%,שטראוס גרופ ***בעמ,,,"י""ח",2.60,ל 100 גרם,false,1,10.90,4.19,true,1,
7290112343420,false,"יטבתה פרו ארוחת בוקר  350מ""ל",שטראוס גרופ ***בעמ,,,"י""ח",3.50,"ל 100 מ""ל",false,1,7.50,2.14,true,1,
7290112343499,false,צ יטוס פאפס 55ג,שטראוס פריטו ליי בעמ,,,"י""ח",0.60,ל 100 גרם,false,1,3.50,5.83,true,1,
7290112344755,false,מילקי עם 26% פחות סוכר 135 גר}שטראוס{,שטראוס גרופ ***בעמ,,,"י""ח",1.30,"ל 100 מ""ל",false,1,2.90,2.23,true,1,
7290112344786,false,קפה נמס פלטינום קלאסיק  200גר,שטראוס גרופ בעמ,,,"י""ח",2,ל 100 גרם,false,1,24.90,12.45,true,1,
7290112346360,false,בפלות אחד אחד בציפוי שוקולד חלב 180גר,שטראוס גרופ בעמ,,,"י""ח",1.80,ל 100 גרם,false,1,13.90,7.72,true,1,
7290112346537,false,פינוקיות טעם טורטית  200גר,שטראוס גרופ בעמ,,,"י""ח",2,ל 100 גרם,false,1,11.90,5.95,true,1,
7290112346773,false,דנונה לייט אנד פריי טעם וניל עם חלבון,שטראוס גרופ ***בעמ,,,"י""ח",1.50,"ל 100 מ""ל",false,1,4.50,3,true,1,
7290112346797,false,אקטיביה שיבולת שועל ושזיף  150גר,שטראוס גרופ ***בעמ,,,"י""ח",1.50,ל 100 גרם,false,1,4.60,3.07,true,1,
7290112347008,false,גמדים סקוויז תות בננה  בודד 100ג,שטראוס גרופ ***בעמ,,,"י""ח",1,ל 100 גרם,false,1,5.90,5.90,true,1,
7290112348616,false,אייס קפה נמס אגוזי לוז 100 ג.,שטראוס גרופ בעמ,,,"י""ח",1,ל 100 גרם,false,1,19.90,19.90,true,1,
7290112349606,false,דניאלה  תות בננה,שטראוס גרופ ***בעמ,,,"י""ח",1.50,"ל 100 מ""ל",false,1,3.90,2.60,true,1,
7290112350312,false,"קפסולות אספרסו חזק עלית 15יח כשל""פ",שטראוס גרופ בעמ,,,"י""ח",0.50,ל 100 גרם,false,1,19,38,true,1,
7290112351067,false,סילאן  טבעי לחיץ 630ג יד מרדכי,שטראוס גרופ בעמ,,,"י""ח",6.30,ל 100 גרם,false,1,24.90,3.95,true,1,
7290112351258,false,פינוקיות שחור לבן 200גר,שטראוס גרופ בעמ,,,"י""ח",2,ל 100 גרם,false,1,11.90,5.95,true,1,
7290112351463,false,שלישיית סוכריות Fresh פטל לימון,שטראוס גרופ בעמ,,,"י""ח",0.45,ל 100 גרם,false,1,8.90,19.78,true,1,
7290112351753,false,מאגדת שלישיית פסק זמן קראנץ  96גר,שטראוס גרופ בעמ,,,"י""ח",1.20,ל 100 גרם,false,1,11.90,9.92,true,1,
7290112354945,false,תפוציפס טבע 50 גרם WAVY,שטראוס פריטו ליי בעמ,,,"י""ח",0.50,ל 100 גרם,false,1,4.50,9,true,1,
7290112354952,false,תפוציפס פפריקה  50 גרם WAVY,שטראוס פריטו ליי בעמ,,,"י""ח",0.50,ל 100 גרם,false,1,4.50,9,true,1,
7290112354969,false,תפוציפס טבעי  200 ג WAVY,שטראוס פריטו ליי בעמ,,,"י""ח",2,ל 100 גרם,false,1,10.90,5.45,true,1,
7290112355027,false,דנונה פרו 20גר טעם קרמל מלוח 200גר,שטראוס גרופ ***בעמ,,,"י""ח",0.20,"ל 100 מ""ל",false,1,5.90,29.50,true,1,
7290112355102,false,גמדים פאוץ סלט פירות בודד 100ג,שטראוס גרופ ***בעמ,,,"י""ח",1,ל 100 גרם,false,1,5.90,5.90,true,1,
7290112355393,false,רוטב שמנת עם בטטה,שטראוס גרופ ***בעמ,,,"י""ח",2.57,ל 100 גרם,false,1,10.90,4.24,true,1,
7290112356536,false,שקית קקאו 150 גרם+10%,שטראוס גרופ בעמ,,,"י""ח",1.50,ל 100 גרם,false,1,9.90,6.60,true,1,
7290112357106,false,שעועית אדומה 380גרם טעם הטבע קופסה,שטראוס גרופ בעמ,,,"י""ח",3.80,ל 100 גרם,false,1,6.90,1.82,true,1,
7290112358004,false,פסק זמן קראנץ 32גר,שטראוס גרופ בעמ,,,"י""ח",0.45,ל 100 גרם,false,1,4.90,10.89,true,1,
7290112358219,false,"רוטב צ`ילי מתוק 280מ""ל יד מרדכי",שטראוס גרופ בעמ,,,"י""ח",2.80,"ל 100 מ""ל",false,1,12.90,4.61,true,1,
7290112358431,false,ביסקויט עד חצות דאבל 200גר,שטראוס גרופ בעמ,,,"י""ח",2,ל 100 גרם,false,1,13.10,6.55,true,1,
7290112359384,false,אייס קפה נמס אלפחורס ריבת חלב 100גר.,שטראוס גרופ בעמ,,,"י""ח",2,ל 100 גרם,false,1,19.90,9.95,true,1,
7290112490032,false,נמס בכוס תירס,יוניליוור ישראל שיווק בעמ,,,"י""ח",0.64,ל 100 גרם,false,1,6.90,10.78,true,1,
7290112490117,false,טבלת קליק XL שוק. חלב עם ופל ואגוזים,יוניליוור ישראל שיווק בעמ,,,"י""ח",0.85,ל 100 גרם,false,1,4.90,5.76,true,1,
7290112490209,false,נמס בכוס עגבניות 56ג,יוניליוור ישראל שיווק בעמ,,,"י""ח",0.56,ל 100 גרם,false,1,6.90,12.32,true,1,
7290112490216,false,נמס בכוס טעם עוף  48ג,יוניליוור ישראל שיווק בעמ,,,"י""ח",0.48,ל 100 גרם,false,1,6.90,14.38,true,1,
7290112490230,false,נמס בכוס אפונה  50ג,יוניליוור ישראל שיווק בעמ,,,"י""ח",0.50,ל 100 גרם,false,1,6.90,13.80,true,1,
7290112490650,false,קונפיטורה תות שדה 340ג,יוניליוור ישראל שיווק בעמ,,,"י""ח",3.40,ל 100 גרם,false,1,11.90,3.50,false,1,
7290112490667,false,קונפיטורה מישמיש 340 גרם,יוניליוור ישראל שיווק בעמ,,,"י""ח",3.40,ל 100 גרם,false,1,11.90,3.50,false,1,
7290112490759,false,מרק עשיר עוף אטריות ר. טבעי 74ג,יוניליוור ישראל שיווק בעמ,,,"י""ח",0.74,ל 100 גרם,false,1,11.90,16.08,false,1,
7290112490827,false,"בדין תרסיס למייבש בייבי 500מ""ל",יוניליוור ישראל שיווק בעמ,,,"י""ח",5,"ל 100 מ""ל",false,1,15.90,3.18,false,1,
7290112491794,false,בייגלה דקים דקים שמנת בצל  300 גר`,יוניליוור ישראל שיווק בעמ,,,"י""ח",3,ל 100 גרם,false,1,9.90,3.30,true,1,
7290112492289,false,מטריה שקופה,יוניליוור ישראל שיווק בעמ,,,"י""ח",1,,false,1,15.90,15.90,false,1,
7290112492449,false,פינוק  שמפו(כחול)לשיער רגיל,יוניליוור ישראל שיווק בעמ,,,"י""ח",7,"ל 100 מ""ל",false,1,11.90,1.70,true,1,
7290112492456,false,פינוק  שמפו(כחול)לשיער יבש,יוניליוור ישראל שיווק בעמ,,,"י""ח",7,"ל 100 מ""ל",false,1,11.90,1.70,true,1,
7290112492463,false,פינוק שמפו+קונדישינר רגיל,יוניליוור ישראל שיווק בעמ,,,"י""ח",7,"ל 100 מ""ל",false,1,11.90,1.70,true,1,
7290112492487,false,"פינוק שמפו לשיער שמן מרוקאי 700מ""ל",יוניליוור ישראל שיווק בעמ,,,"י""ח",7,"ל 100 מ""ל",false,1,11.90,1.70,true,1,
7290112492531,false,"פינוק קונדישנר לשיער רגיל 700מ""ל",יוניליוור ישראל שיווק בעמ,,,"י""ח",7,"ל 100 מ""ל",false,1,11.90,1.70,true,1,
7290112492548,false,קונדשנר פינוק לשיער יבש,יוניליוור ישראל שיווק בעמ,,,"י""ח",7,"ל 100 מ""ל",false,1,11.90,1.70,true,1,
7290112492593,false,פינוק סבון נוזלי בניחוח קלאסי,יוניליוור ישראל שיווק בעמ,,,"י""ח",7.50,"ל 100 מ""ל",false,1,10.90,1.45,false,1,
7290112492609,false,"פינוק סבון נוזלי לבנדר ווניל 700 מ""ל",יוניליוור ישראל שיווק בעמ,,,"י""ח",7,"ל 100 מ""ל",false,1,10.90,1.56,false,1,
7290112492630,false,"פינוק לגבר 3ב1 700מ""ל.",יוניליוור ישראל שיווק בעמ,,,"י""ח",7,"ל 100 מ""ל",false,1,11.90,1.70,true,1,
7290112492685,false,"פינוק מרכך רגיל שפורפרת 100מ""ל",יוניליוור ישראל שיווק בעמ,,,"י""ח",1,ל 100 גרם,false,1,4.90,4.90,false,1,
7290112492722,false,פינוק שמפו ומרכך לסירוק קל לילדים700מ,יוניליוור ישראל שיווק בעמ,,,"י""ח",7,"ל 100 מ""ל",false,1,13.90,1.99,true,1,
7290112492968,false,"מרק בצל 400 גר כשל""פ",יוניליוור ישראל שיווק בעמ,,,"י""ח",4,ל 100 גרם,false,1,21.90,5.48,false,1,
7290112492975,false,"מרק דגש טעם עוף 400ג כשל""פ",יוניליוור ישראל שיווק בעמ,,,"י""ח",4,ל 100 גרם,false,1,13.90,3.48,false,1,
7290112492982,false,מרק פטריות רכיבים טבעיים 400ג קנור,יוניליוור ישראל שיווק בעמ,,,"י""ח",4,ל 100 גרם,false,1,19.90,4.98,true,1,
7290112493064,false,"רוטב ל עוף שזיפים בד""צ 320גרם",יוניליוור ישראל שיווק בעמ,,,"י""ח",3.20,ל 100 גרם,false,1,10.90,3.41,true,1,
7290112493095,false,נמס בכוס עגבניות חריף,יוניליוור ישראל שיווק בעמ,,,"י""ח",0.48,ל 100 גרם,false,1,6.90,14.38,true,1,
7290112493293,false,נמס בכוס ירקות 100% רכיבים טבעיים,יוניליוור ישראל שיווק בעמ,,,"י""ח",0.48,ל 100 גרם,false,1,6.90,14.38,true,1,
7290112493927,false,קרמיסימו מעדן קפוא טעם ריבת חלב,גלידות שטראוס בעמ,,,"י""ח",7.76,"ל 100 מ""ל",false,1,18.90,2.44,false,1,
7290112494221,false,קליק ביסקוויט    65ג,יוניליוור ישראל שיווק בעמ,,,"י""ח",0.65,ל 100 גרם,false,1,5.90,9.08,true,1,
7290112494238,false,קליק כדורים חלב 65ג,יוניליוור ישראל שיווק בעמ,,,"י""ח",0.65,ל 100 גרם,false,1,5.90,9.08,true,1,
7290112494276,false,קליק כריות  65ג,יוניליוור ישראל שיווק בעמ,,,"י""ח",0.65,ל 100 גרם,false,1,5.90,9.08,true,1,
7290112494283,false,קליק מעורב חום לבן 65ג,יוניליוור ישראל שיווק בעמ,,,"י""ח",0.65,ל 100 גרם,false,1,5.90,9.08,true,1,
7290112494313,false,קליק קורנפלקס   65ג,יוניליוור ישראל שיווק בעמ,,,"י""ח",0.65,ל 100 גרם,false,1,5.90,9.08,true,1,
7290112494344,false,קורנפלקס אלופים 850ג בדץ.,יוניליוור ישראל שיווק בעמ,,,"י""ח",8.50,ל 100 גרם,false,1,16.90,1.99,false,1,
7290112494351,false,קורנפלקס אלופים 850ג בדץ,יוניליוור ישראל שיווק בעמ,,,"י""ח",8.50,ל 100 גרם,false,1,16.90,1.99,false,1,
7290112494382,false,פירה טעם ביתי  260גרם,יוניליוור ישראל שיווק בעמ,,,"י""ח",2.60,ל 100 גרם,false,1,9.90,3.81,false,1,
7290112494993,false,כריות תלמה וניל 686ג בדץ,יוניליוור ישראל שיווק בעמ,,,"י""ח",7.50,ל 100 גרם,false,1,24.90,3.32,true,1,
7290112495006,false,כריות נוגט  686ג  בדץ,יוניליוור ישראל שיווק בעמ,,,"י""ח",7.50,ל 100 גרם,false,1,24.90,3.32,false,1,
7290112495020,false,".כריות צ וקולדה 686 ג בד""ץ",יוניליוור ישראל שיווק בעמ,,,"י""ח",7.50,ל 100 גרם,false,1,24.90,3.32,true,1,
7290112495044,false,"קוקומן כדורים בד""ץ 375ב",יוניליוור ישראל שיווק בעמ,,,"י""ח",3.75,ל 100 גרם,false,1,19.90,5.31,true,1,
7290112495105,false,נשנשים שמנת בצל 260 גרם,יוניליוור ישראל שיווק בעמ,,,"י""ח",2.60,ל 100 גרם,false,1,11.90,4.58,true,1,
7290112495167,false,נשנשים קרקר משולשי שומשום 300ג,יוניליוור ישראל שיווק בעמ,,,"י""ח",3,ל 100 גרם,false,1,11.90,3.97,true,1,
7290112495174,false,נשנשים קרקר קוקטייל שומשום 300ג,יוניליוור ישראל שיווק בעמ,,,"י""ח",3,ל 100 גרם,false,1,11.90,3.97,true,1,
7290112495228,false,קורנפלקס  448ג דבש,יוניליוור ישראל שיווק בעמ,,,"י""ח",4.48,ל 100 גרם,false,1,17.90,4,true,1,
7290112495280,false,"ברנפלקס ריבועי קינמון 400מ""ל",יוניליוור ישראל שיווק בעמ,,,"י""ח",4,"ל 100 מ""ל",false,1,19.90,4.98,false,1,
7290112495433,false,דליפקאן 400ג אגוזי פקאן ושקדים,יוניליוור ישראל שיווק בעמ,,,"י""ח",4,ל 100 גרם,false,1,21.90,5.48,false,1,
7290112495556,false,מארז קליק  נוגט שלישייה,יוניליוור ישראל שיווק בעמ,,,"י""ח",1.06,ל 100 גרם,false,1,12,11.32,true,1,
7290112495594,false,גדול גדול ללא מלח  400גר.,יוניליוור ישראל שיווק בעמ,,,"י""ח",4,ל 100 גרם,false,1,11.90,2.98,false,1,
7290112495747,false,"רוטב צילי מתוק 70% פחות סוכר  340מ""ל",יוניליוור ישראל שיווק בעמ,,,"י""ח",3.40,"ל 100 מ""ל",false,1,10.90,3.21,true,1,
7290112495761,false,"הלמנס לסלט אלף האיים לייט 305גרם בד""צ",יוניליוור ישראל שיווק בעמ,,,"י""ח",3.05,ל 100 גרם,false,1,9.90,3.25,true,1,
7290112495785,false,הלמנס רוטב שום 300גרם,יוניליוור ישראל שיווק בעמ,,,"י""ח",3,ל 100 גרם,false,1,9.90,3.30,true,1,
7290112495822,false,כריות תלמה בלאק 686ג בדץ,יוניליוור ישראל שיווק בעמ,,,"י""ח",7.50,ל 100 גרם,false,1,24.90,3.32,true,1,
7290112496027,false,"סירופ שוקולד לחיץ 580 מ""ל כשל""פ אפיכל",יוניליוור ישראל שיווק בעמ,,,"י""ח",5.80,"ל 100 מ""ל",false,1,10.90,1.88,false,1,
7290112496034,false,"סירופ מייפל לחיץ 580 מ""ל כשל""פ אפיכל",יוניליוור ישראל שיווק בעמ,,,"י""ח",5.80,"ל 100 מ""ל",false,1,10.90,1.88,false,1,
7290112496218,false,קנור רוטב טריאקי 340ג,יוניליוור ישראל שיווק בעמ,,,"י""ח",3.40,ל 100 גרם,false,1,10.90,3.21,true,1,
7290112496430,false,נמס בכוס עגבניות אקסטרה אטריות,יוניליוור ישראל שיווק בעמ,,,"י""ח",0.39,ל 100 גרם,false,1,3.90,10,false,1,
7290112496461,false,נמס בכוס טעם עוף עם אטריות וקרטונים,יוניליוור ישראל שיווק בעמ,,,"י""ח",0.35,ל 100 גרם,false,1,3.90,11.14,false,1,
7290112497000,false,פנטסטיק 1 ליטר,יוניליוור ישראל שיווק בעמ,,,"י""ח",1,ליטר,false,1,9.90,9.90,false,1,
7290112497727,false,פינוק אל סבון בייבי 700מ,יוניליוור ישראל שיווק בעמ,,,"י""ח",7,"ל 100 מ""ל",false,1,14.90,2.13,false,1,
7290112498069,false,"קוקומן כשל""פ ללא גלוטן",יוניליוור ישראל שיווק בעמ,,,"י""ח",3.75,ל 100 גרם,false,1,19.90,5.31,true,1,
7290112498090,false,"פינוק מרכך עם שמן חוחבה  700מ""ל",יוניליוור ישראל שיווק בעמ,,,"י""ח",7,"ל 100 מ""ל",false,1,11.90,1.70,true,1,
7290112498175,false,"הלמנס גלון חרדל דבש 5ק""ג",יוניליוור ישראל שיווק בעמ,,,"י""ח",1.80,ל 100 גרם,false,1,139.90,77.72,false,1,
7290112498281,false,"פינוק סבון  ידיים נוזלי קוקוס 950מ""ל",יוניליוור ישראל שיווק בעמ,,,"י""ח",9.50,"ל 100 מ""ל",false,1,11.90,1.25,false,1,
7290112498540,false,רקסונה ספריי מן קובלט דריי,יוניליוור ישראל שיווק בעמ,,,"י""ח",1,"י""ח",false,1,14.90,14.90,true,1,
7290112498915,false,מאגדת  מגנום שקדים  מיני שטראוס,גלידות שטראוס בעמ,,,"י""ח",2.80,ל 100 גרם,false,1,25.90,9.25,false,1,
7290112498922,false,מאגדת  מגנום לבן מיני שטראוס,גלידות שטראוס בעמ,,,"י""ח",2.80,ל 100 גרם,false,1,25.90,9.25,false,1,
7290112499097,false,מאגדת  מגנום מריר  מיני,גלידות שטראוס בעמ,,,"י""ח",2.80,ל 100 גרם,false,1,25.90,9.25,false,1,
7290112499196,false,קרמיסימו החלב של קורנפלקס,גלידות שטראוס בעמ,,,"י""ח",1.33,ליטר,false,1,18.90,14.21,false,1,
7290112499448,false,"פינוק קונדישנר שמן מרוקאי 700מ""ל",יוניליוור ישראל שיווק בעמ,,,"י""ח",7,"ל 100 מ""ל",false,1,11.90,1.70,true,1,
7290112499462,false,"פינוק סבון נוזלי שמן קוקוס 700מ""ל",יוניליוור ישראל שיווק בעמ,,,"י""ח",7.50,"ל 100 מ""ל",false,1,10.90,1.45,false,1,
7290112499479,false,פינוק שמפו עם קרטין,יוניליוור ישראל שיווק בעמ,,,"י""ח",7,"ל 100 מ""ל",false,1,11.90,1.70,true,1,
7290112499639,false,טילון סופר מגנום וניל שוקולד,גלידות שטראוס בעמ,,,"י""ח",1.10,ל 100 גרם,false,1,8,7.27,true,1,
7290112499646,false,"קורנטו טעם וניל עם וופל,פקאן",גלידות שטראוס בעמ,,,"י""ח",1.08,ל 100 גרם,false,1,8,7.41,true,1,
7290112499677,false,מגנום שוקולד 85ג  לבן,גלידות שטראוס בעמ,,,"י""ח",0.85,ל 100 גרם,false,1,8,9.41,true,1,
7290112499929,false,מגנום שוקולד,גלידות שטראוס בעמ,,,"י""ח",0.90,ל 100 גרם,false,1,8,8.89,true,1,
7290112870216,false,שום כתוש בני דרום טבליות 80גר,קפוא זן תעשיות מזון בעמ,,,"י""ח",0.80,ל 100 גרם,false,1,10.90,13.63,false,1,
7290112961266,false,בייגלה כפיות פיזור איטלקי 300ג.,קבוצת אוסם סחר-שות.מוגבלת,,,"י""ח",3,ל 100 גרם,false,1,10.80,3.60,false,1,
7290112961327,false,בייגלה כפיות פיזור כפרי 300ג.,קבוצת אוסם סחר-שות.מוגבלת,,,"י""ח",3,ל 100 גרם,false,1,10.80,3.60,false,1,
7290112963000,false,"רוטב צ`ילי מתוק מופחת נתרן סוכר 290מ""ל",קבוצת אוסם סחר-שות.מוגבלת,,,"י""ח",2.90,"ל 100 מ""ל",false,1,11.90,4.10,true,1,
7290112963918,false,פיטנס חטיפי קרקר דק רוזמרין 140גר,קבוצת אוסם סחר-שות.מוגבלת,,,"י""ח",1.40,ל 100 גרם,false,1,12.90,9.21,true,1,
7290112964052,false,פרפקטו פסטה וזוביוטו 500גר.,קבוצת אוסם סחר-שות.מוגבלת,,,"י""ח",5,ל 100 גרם,false,1,11.90,2.38,false,1,
7290112964410,false,רוטב אלף האיים אסם 290 מייל.,קבוצת אוסם סחר-שות.מוגבלת,,,"י""ח",2.90,"ל 100 מ""ל",false,1,11.90,4.10,true,1,
7290112964434,false,"רוטב לסלט קיסר 290מ""ל",קבוצת אוסם סחר-שות.מוגבלת,,,"י""ח",2.90,"ל 100 מ""ל",false,1,11.90,4.10,true,1,
7290112964472,false,רוטב שום לסלט 290 מייל,קבוצת אוסם סחר-שות.מוגבלת,,,"י""ח",2.90,"ל 100 מ""ל",false,1,11.90,4.10,true,1,
7290112964564,false,רוטב שום  לייט 290 מייל,קבוצת אוסם סחר-שות.מוגבלת,,,"י""ח",2.90,"ל 100 מ""ל",false,1,11.90,4.10,true,1,
7290112964724,false,טבעול המבורגר  טבעוני 580גר,קבוצת אוסם סחר-שות.מוגבלת,,,"י""ח",5.80,ל 100 גרם,false,1,37.90,6.53,true,1,
7290112965165,false,זוג מרק נמס סוף פטריות 48גרם,קבוצת אוסם סחר-שות.מוגבלת,,,"י""ח",0.34,ל 100 גרם,false,1,6.40,18.82,false,1,
7290112965240,false,זוג מרק נמס עגבניות 60גרם,קבוצת אוסם סחר-שות.מוגבלת,,,"י""ח",0.60,ל 100 גרם,false,1,6.40,10.67,false,1,
7290112965288,false,זוג מרק נמס סוף ירקות 30גרם,קבוצת אוסם סחר-שות.מוגבלת,,,"י""ח",0.30,ל 100 גרם,false,1,6.40,21.33,false,1,
7290112965301,false,זוג מרק נמס טעם עוף  52ג,קבוצת אוסם סחר-שות.מוגבלת,,,"י""ח",0.52,ל 100 גרם,false,1,6.40,12.31,false,1,
7290112965363,false,טבעול קצציצות קינואה וברוקולי 525גר,קבוצת אוסם סחר-שות.מוגבלת,,,"י""ח",5.25,ל 100 גרם,false,1,37.90,7.22,true,1,
7290112965660,false,פיטנס מולטיגרין מלח פלפל 25 גרם,קבוצת אוסם סחר-שות.מוגבלת,,,"י""ח",0.25,ל 100 גרם,false,1,5,20,true,1,
7290112965981,false,טבעול גורמה ארוחת דגנים 450גר,קבוצת אוסם סחר-שות.מוגבלת,,,"י""ח",4.50,ל 100 גרם,false,1,34.90,7.76,true,1,
7290112966001,false,טבעול גורמה ארוחת ירוקים 450גר,קבוצת אוסם סחר-שות.מוגבלת,,,"י""ח",4.50,ל 100 גרם,false,1,34.90,7.76,true,1,
7290112966094,false,עוגת הבית תפוז מופחת סוכר 400גר,קבוצת אוסם סחר-שות.מוגבלת,,,"י""ח",4,ל 100 גרם,false,1,11.90,2.98,false,1,
7290112966124,false,פתי בר מופחת סוכר אוסם 500 ג`,קבוצת אוסם סחר-שות.מוגבלת,,,"י""ח",5,ל 100 גרם,false,1,11.90,2.38,true,1,
7290112966803,false,פודינג  שוקולד 88 ג אסם,קבוצת אוסם סחר-שות.מוגבלת,,,"י""ח",0.88,ל 100 גרם,false,1,5.90,6.70,true,1,
7290112966841,false,פודינג  שוקולד מריר 88 ג אסם,קבוצת אוסם סחר-שות.מוגבלת,,,"י""ח",0.88,ל 100 גרם,false,1,5.90,6.70,true,1,
7290112967572,false,"רוטב ברביקיו 290מ""ל",קבוצת אוסם סחר-שות.מוגבלת,,,"י""ח",2.90,"ל 100 מ""ל",false,1,11.90,4.10,true,1,
7290112968708,false,"שניצל תירס טבעול  1.3ק""ג",קבוצת אוסם סחר-שות.מוגבלת,,,"י""ח",1.30,"ק""ג",false,1,46.10,35.46,true,1,
7290112968807,false,פיטנס חטיפי קרקר דק סלק 150גר,קבוצת אוסם סחר-שות.מוגבלת,,,"י""ח",1.50,ל 100 גרם,false,1,12.90,8.60,true,1,
7290112968821,false,פיטנס חטיפי קרקר דק בטטה 150גר,קבוצת אוסם סחר-שות.מוגבלת,,,"י""ח",1.50,ל 100 גרם,false,1,12.90,8.60,true,1,
7290113192201,false,פינוק סלחב 500גר קרטון,דין שיווק וקליה 2021 בעמ,,,"י""ח",5,ל 100 גרם,false,1,13.90,2.78,false,1,
7290113192324,false,זית ירוק 340גר בית השיטה.,קבוצת אוסם סחר-שות.מוגבלת,,,"י""ח",3.40,ל 100 גרם,false,1,10.90,3.21,false,1,
7290113192348,false,זית ירוק שום בית השיטה 340גר,קבוצת אוסם סחר-שות.מוגבלת,,,"י""ח",3.40,ל 100 גרם,false,1,11.10,3.26,true,1,
7290113192355,false,חרוזית ירוק]בית השיטה[,קבוצת אוסם סחר-שות.מוגבלת,,,"י""ח",2.75,ל 100 גרם,false,1,10.90,3.96,true,1,
7290113192362,false,טבעות זיתים ירוקים A2.,קבוצת אוסם סחר-שות.מוגבלת,,,"י""ח",2.80,ל 100 גרם,false,1,11.20,4,false,1,
7290113192478,false,מלפפון במלח .10-12בית  שיטה,קבוצת אוסם סחר-שות.מוגבלת,,,"י""ח",3.20,ל 100 גרם,false,1,8.10,2.53,false,1,
7290113192492,false,מלפפון בחומץ 13-17 בית השיטה,קבוצת אוסם סחר-שות.מוגבלת,,,"י""ח",2.90,ל 100 גרם,false,1,10.90,3.76,false,1,
7290113192515,false,מלפפון במלח .18-25בית שיטה[,קבוצת אוסם סחר-שות.מוגבלת,,,"י""ח",3.20,ל 100 גרם,false,1,12.90,4.03,false,1,
7290113192539,false,מלפפון  במלח ]7-9בית  שיטה[,קבוצת אוסם סחר-שות.מוגבלת,,,"י""ח",3.20,ל 100 גרם,false,1,7.10,2.22,false,1,
7290113192546,false,מלפפון בחומץ 7-9 בית השיטה,קבוצת אוסם סחר-שות.מוגבלת,,,"י""ח",2.90,ל 100 גרם,false,1,7.10,2.45,false,1,
7290113192560,false,שיפקה A2,קבוצת אוסם סחר-שות.מוגבלת,,,"י""ח",2.30,ל 100 גרם,false,1,7.90,3.43,true,1,
7290113192577,false,כרוב כבוש]בית   השיטה[,קבוצת אוסם סחר-שות.מוגבלת,,,"י""ח",4.30,ל 100 גרם,false,1,7.90,1.84,false,1,
7290113193000,false,פלפל שיפקונית 230גר בית השיטה.,קבוצת אוסם סחר-שות.מוגבלת,,,"י""ח",2.30,ל 100 גרם,false,1,10.90,4.74,false,1,
7290113193406,false,בית השיטה טבעות קוקטייל זיתים 280גר,קבוצת אוסם סחר-שות.מוגבלת,,,"י""ח",2.75,ל 100 גרם,false,1,12.90,4.69,false,1,
7290113196414,false,"אורז בסמטי שקדיה 1ק""ג",דין שיווק וקליה 2021 בעמ,,,"י""ח",1,"ק""ג",false,1,9.80,9.80,false,1,
7290113196759,false,בית השיטה ירקות מעורבים צנ. פלסטיק 750,קבוצת אוסם סחר-שות.מוגבלת,,,"י""ח",7.50,ל 100 גרם,false,1,37.90,5.05,true,1,
7290113196902,false,מנה חמה אטריות אורז בטעם בקר,דין שיווק וקליה 2021 בעמ,,,"י""ח",0.70,ל 100 גרם,false,1,7.90,11.29,false,1,
7290113197824,false,בית השיטה לבבות דקל 220גר,קבוצת אוסם סחר-שות.מוגבלת,,,"י""ח",2.20,ל 100 גרם,false,1,12.90,5.86,true,1,
7290113197855,false,בית השיטה תירס גמדי 230גר,קבוצת אוסם סחר-שות.מוגבלת,,,"י""ח",2.30,ל 100 גרם,false,1,12.90,5.61,true,1,
7290113197923,false,בית השיטה טונה בשמן קנולה 4*98גר,קבוצת אוסם סחר-שות.מוגבלת,,,"י""ח",3.92,ל 100 גרם,false,1,29.90,7.63,false,1,
7290113198395,false,קשיו ענק 250גר מחנה יהודה,דין שיווק וקליה 2021 בעמ****,,,"י""ח",2.50,ל 100 גרם,false,1,24.90,9.96,true,1,
7290113198425,false,פקאן טבעי 200גר מחנה יהודה,דין שיווק וקליה 2021 בעמ****,,,"י""ח",2,ל 100 גרם,false,1,24.90,12.45,true,1,
7290113198432,false,תערובת פיצוחים מובחרת 250גר מחנה יהודה,דין שיווק וקליה 2021 בעמ****,,,"י""ח",2.50,ל 100 גרם,false,1,24.90,9.96,true,1,
7290113198449,false,שקד טבעי 300גר מחנה יהודה,דין שיווק וקליה 2021 בעמ****,,,"י""ח",3,ל 100 גרם,false,1,24.90,8.30,true,1,
7290113198456,false,חמוציות  250גר מחנה יהודה,דין שיווק וקליה 2021 בעמ****,,,"י""ח",2.50,ל 100 גרם,false,1,9.90,3.96,true,1,
7290113198463,false,פקאו סיני 160גר מחנה יהודה,דין שיווק וקליה 2021 בעמ****,,,"י""ח",1.60,ל 100 גרם,false,1,19.90,12.44,true,1,
7290113198470,false,אגוז מלך 200גר מחנה יהודה,דין שיווק וקליה 2021 בעמ****,,,"י""ח",2,ל 100 גרם,false,1,14.90,7.45,true,1,
7290113198722,false,סוכריות גומי פירות 300ג מחנה יהודה,דין שיווק וקליה 2021 בעמ****,,,"י""ח",2.88,ל 100 גרם,false,1,14.90,5.17,true,1,
7290113198753,false,סוכריות גומי תות שדה 300ג מחנה יהודה,דין שיווק וקליה 2021 בעמ****,,,"י""ח",2.88,ל 100 גרם,false,1,14.90,5.17,true,1,
7290113199682,false,גרנולה עם פירות יבשים  500ג צנצנת,דין שיווק וקליה 2021 בעמ,,,"י""ח",5,ל 100 גרם,false,1,12.90,2.58,false,1,
7290113199910,false,סוכריות חמצוצים טעם קולה 180ג,דין שיווק וקליה 2021 בעמ,,,"י""ח",1.80,ל 100 גרם,false,1,9.90,5.50,false,1,
7290113285101,false,"כפפות  לטקס ללא אבקה  M פרפקט כשל""פ",ח.כהן סוכנות מזון ומשקאות בע,,,"י""ח",80,"י""ח",false,1,22.90,0.29,true,1,
7290113860247,false,עוגות אישיות שכבות עשריה פנטולה,ש.שסטוביץ בעמ,,,"י""ח",4,ל 100 גרם,false,1,12.90,3.23,true,1,
7290113860476,false,מלפפון 7-9 מחנה יהודה,קבוצת יבנה מוצרי מזון בעמ,,,"י""ח",6,ל 100 גרם,false,1,6.90,1.15,true,1,
7290113860483,false,מלפפון 18-25 מחנה יהודה,קבוצת יבנה מוצרי מזון בעמ,,,"י""ח",6,ל 100 גרם,false,1,10.90,1.82,true,1,
7290113860667,false,"קמח חיטה לבן 1ק""ג מחנה יהודה",טחנות ישראליות בעמ,,,"י""ח",1,"ק""ג",false,1,7.90,7.90,true,1,
7290113860674,false,"קמח חיטה לבן 405 1ק""ג מחנה יהודה",טחנות ישראליות בעמ,,,"י""ח",1,"ק""ג",false,1,8.90,8.90,true,1,
7290113860681,false,"קמח חלות 1ק""ג מחנה יהודה",טחנות ישראליות בעמ,,,"י""ח",1,"ק""ג",false,1,8.90,8.90,true,1,
7290113860698,false,"קמח כוסמין לבן 1ק""ג ישראליות",טחנות ישראליות בעמ,,,"י""ח",1,"ק""ג",false,1,15.90,15.90,true,1,
7290113860742,false,"קמח כוסמין מלא 100% 1ק""ג ישראליות",טחנות ישראליות בעמ,,,"י""ח",1,"ק""ג",false,1,15.90,15.90,true,1,
7290114310215,false,"שמנת מתוקה עמידה 38% 250  מ""ל*בד""צ",*החברה המרכזית להפצת משקאותבעמ,,,"י""ח",2.50,"ל 100 מ""ל",false,1,6.47,2.59,false,1,
7290114310222,false,חלב מועשר בסידן בויטמין D 1.5ליטר,*החברה המרכזית להפצת משקאותבעמ,,,"י""ח",1.50,ליטר,false,1,12.50,8.33,false,1,
7290114310239,false,חלב נטול לקטוז מועשר בויטמין D 1.5ליטר,*החברה המרכזית להפצת משקאותבעמ,,,"י""ח",1.50,ליטר,false,1,12.50,8.33,false,1,
7290114310253,false,גרנה פדנו מגורדת  100ג משק צוריאל,*החברה המרכזית להפצת משקאותבעמ,,,"י""ח",1,ל 100 גרם,false,1,17.90,17.90,false,1,
7290114310345,false,מעדן מוו תות 1.5% 125גר.,*החברה המרכזית להפצת משקאותבעמ,,,"י""ח",2.50,ל 100 גרם,false,1,2.90,1.16,true,1,
7290114310383,false,קציפת יוגורט בטעם וניל צרפת FROOP MULLER,*החברה המרכזית להפצת משקאותבעמ,,,"י""ח",1.50,"ל 100 מ""ל",false,1,5.30,3.53,true,1,
7290114310390,false,קציפת יוגורט בטעם בננה לוטי FROOP MULL,*החברה המרכזית להפצת משקאותבעמ,,,"י""ח",1.50,"ל 100 מ""ל",false,1,5.30,3.53,true,1,
7290114310406,false,קציפת יוגורט תות FROOP MULL,*החברה המרכזית להפצת משקאותבעמ,,,"י""ח",1.50,"ל 100 מ""ל",false,1,5.30,3.53,true,1,
7290114310475,false,נעם בטעמים-פיקנטי  200גר,*החברה המרכזית להפצת משקאותבעמ,,,"י""ח",2,ל 100 גרם,false,1,18.90,9.45,false,1,
7290114310482,false,נעם בטעמים -מעושנת 200גר,*החברה המרכזית להפצת משקאותבעמ,,,"י""ח",2,ל 100 גרם,false,1,18.90,9.45,true,1,
7290114310505,false,מולר מיקס יוגורט תות בתוספת קורנפלקס,*החברה המרכזית להפצת משקאותבעמ,,,"י""ח",5,ל 100 גרם,false,1,6,1.20,false,1,
7290114310512,false,מולר מיקס יוגורט קרמי עם טבעות מצופות,*החברה המרכזית להפצת משקאותבעמ,,,"י""ח",5,ל 100 גרם,false,1,6,1.20,false,1,
7290114310529,false,מולר מיקס יוגורט קרמי עם טבעות מצופות,*החברה המרכזית להפצת משקאותבעמ,,,"י""ח",5,ל 100 גרם,false,1,6,1.20,false,1,
7290114310536,false,מולר אקטיב לייט 0% שומן טעם וניל,*החברה המרכזית להפצת משקאותבעמ,,,"י""ח",2,"ל 100 מ""ל",false,1,6,3,true,1,
7290114310611,false,"משקה חלב בננה  250מ""ל בקבוק פקק ספורט",*החברה המרכזית להפצת משקאותבעמ,,,"י""ח",2.50,"ל 100 מ""ל",false,1,5.70,2.28,false,1,
7290114310628,false,משקה חלב וניל עוגיות 1ל בקבוק,*החברה המרכזית להפצת משקאותבעמ,,,"י""ח",1,ליטר,false,1,12.10,12.10,true,1,
7290114310888,false,מולר פרופ תות 1.5% 150 ג`,*החברה המרכזית להפצת משקאותבעמ,,,"י""ח",1.50,ל 100 גרם,false,1,5.30,3.53,true,1,
7290114310895,false,מאגדת שמינייה סימפלי 1.5% מנגו ותות.,*החברה המרכזית להפצת משקאותבעמ,,,"י""ח",1.50,"ל 100 מ""ל",false,1,30.90,20.60,false,1,
7290114310918,false,קוטג  5%  250 גרם,*החברה המרכזית להפצת משקאותבעמ,,,"י""ח",2.50,ל 100 גרם,false,1,5.70,2.28,true,1,
7290114311014,false,"שוקו חלב אייס קפוצינו 250מ""ל",*החברה המרכזית להפצת משקאותבעמ,,,"י""ח",2.50,"ל 100 מ""ל",false,1,5.70,2.28,false,1,
7290114311021,false,"שוקו חלב וניל עוגיות  250מ""ל",*החברה המרכזית להפצת משקאותבעמ,,,"י""ח",2.50,"ל 100 מ""ל",false,1,5.70,2.28,false,1,
7290114311069,false,מולר אקטיב 0% יוגורט לבן 200ג,*החברה המרכזית להפצת משקאותבעמ,,,"י""ח",2,"ל 100 מ""ל",false,1,6,3,true,1,
7290114311076,false,חמאת מולר צהובה עם שום 200ג.,*החברה המרכזית להפצת משקאותבעמ,,,"י""ח",2,ל 100 גרם,false,1,11.90,5.95,false,1,
7290114311083,false,חמאת מולר צהובה עם מלח 200ג.,*החברה המרכזית להפצת משקאותבעמ,,,"י""ח",2,ל 100 גרם,false,1,11.90,5.95,false,1,
7290114311168,false,נעם בטעמים-כמהין  200גר,*החברה המרכזית להפצת משקאותבעמ,,,"י""ח",2,ל 100 גרם,false,1,18.90,9.45,false,1,
7290114311175,false,נעם בטעמים-זיתים  200גר,*החברה המרכזית להפצת משקאותבעמ,,,"י""ח",2,ל 100 גרם,false,1,18.90,9.45,false,1,
7290114311298,false,מולר תות בננה מלון FROOP MULLER,*החברה המרכזית להפצת משקאותבעמ,,,"י""ח",1.50,"ל 100 מ""ל",false,1,5.30,3.53,true,1,
7290114311304,false,מולר מנגו פסיפלורה בננה FROOP MULLER,*החברה המרכזית להפצת משקאותבעמ,,,"י""ח",1.50,"ל 100 מ""ל",false,1,5.30,3.53,true,1,
7290114311328,false,חלב נטול לקטוז  1ליטר,*החברה המרכזית להפצת משקאותבעמ,,,"י""ח",1,ליטר,false,1,7.90,7.90,false,1,
7290114311358,false,מולר מנגו 3% שומן FROOP MULLER,*החברה המרכזית להפצת משקאותבעמ,,,"י""ח",1.50,"ל 100 מ""ל",false,1,5.30,3.53,true,1,
7290114311359,false,קציפת יוגורט בטעם מנגו FROOP MULL,*החברה המרכזית להפצת משקאותבעמ,,,"י""ח",1.50,"ל 100 מ""ל",false,1,5.30,3.53,true,1,
7290114311434,false,מולר אקטיב טעם קרמל מלוח 0% שומן,*החברה המרכזית להפצת משקאותבעמ,,,"י""ח",2,"ל 100 מ""ל",false,1,6,3,true,1,
7290114311441,false,מולר אקטיב טעם עוגיות חמאה 0% שומן,*החברה המרכזית להפצת משקאותבעמ,,,"י""ח",2,"ל 100 מ""ל",false,1,6,3,true,1,
7290114311458,false,חלב מועשר 3% שומן 1ליטר קרטון,*החברה המרכזית להפצת משקאותבעמ,,,"י""ח",1,ליטר,false,1,7.70,7.70,false,1,
7290114311496,false,חלב מועשר 1% שומן 1ליטר קרטון,*החברה המרכזית להפצת משקאותבעמ,,,"י""ח",1,ליטר,false,1,7.70,7.70,false,1,
7290114311502,false,משקה חלב 1ל בקבוק טעם סחלב,*החברה המרכזית להפצת משקאותבעמ,,,"י""ח",1,ליטר,false,1,12.10,12.10,true,1,
7290114311526,false,מולר קצפת תפוז ג`ינג`ר FROOP MULLER,*החברה המרכזית להפצת משקאותבעמ,,,"י""ח",1.50,"ל 100 מ""ל",false,1,5.30,3.53,true,1,
7290114311533,false,מולר קצפת פרי טעם סנגריה FROOP MULLER,*החברה המרכזית להפצת משקאותבעמ,,,"י""ח",1.50,"ל 100 מ""ל",false,1,5.30,3.53,true,1,
7290114600927,false,עלי טורטיה חיטה מלאה 320ג מאסטר שף,ש.שסטוביץ בעמ,,,"י""ח",3.20,ל 100 גרם,false,1,9.90,3.09,false,1,
7290114603508,false,"מאסטר שף רוטב להקפצה 300מ""ל",ש.שסטוביץ בעמ,,,"י""ח",3,ל 100 גרם,false,1,9.90,3.30,false,1,
7290114603515,false,רוטב קארי אדום 340ג מאסטר שף,ש.שסטוביץ בעמ,,,"י""ח",3.40,"ל 100 מ""ל",false,1,14.90,4.38,false,1,
7290114603539,false,קרוטונים למרק שום בצל 350ג מ.שף,ש.שסטוביץ בעמ,,,"י""ח",3.50,ל 100 גרם,false,1,17.90,5.11,false,1,
7290114603591,false,פוף משולש אפוי קטשופ 40ג,ש.שסטוביץ בעמ,,,"י""ח",0.40,ל 100 גרם,false,1,3.90,9.75,true,1,
7290114603607,false,פוף משולש אפוי חמוץ חריף  40ג,ש.שסטוביץ בעמ,,,"י""ח",0.40,ל 100 גרם,false,1,3.90,9.75,true,1,
7290114604871,false,קוסקוס סולת בינוני 350ג מאסטר שף,ש.שסטוביץ בעמ,,,"י""ח",3.50,ל 100 גרם,false,1,6.90,1.97,false,1,
7290114604895,false,ממרח ספייסי לחיץ 446ג מאסטר שף,ש.שסטוביץ בעמ,,,"י""ח",4.46,ל 100 גרם,false,1,13.90,3.12,false,1,
7290114604901,false,ממרח שום לחיץ 446ג מאסטר שף,ש.שסטוביץ בעמ,,,"י""ח",4.46,ל 100 גרם,false,1,13.90,3.12,false,1,
7290114604932,false,רוטב ברביקיו דבש 520ג מאסטר שף,ש.שסטוביץ בעמ,,,"י""ח",5.20,ל 100 גרם,false,1,14.90,2.87,false,1,
7290114606547,false,מיונז עם פטריות כמהין 242ג מאסטר שף,ש.שסטוביץ בעמ,,,"י""ח",2.42,ל 100 גרם,false,1,13.90,5.74,false,1,
7290114606578,false,שקדי מרק 400 גר`מאסטר שף,ש.שסטוביץ בעמ,,,"י""ח",4,ל 100 גרם,false,1,9.90,2.48,true,1,
7290114606608,false,רוטב סויה דלת נתרן 40% פולי סויה 620גרם,ש.שסטוביץ בעמ,,,"י""ח",6.20,"ל 100 מ""ל",false,1,16.90,2.73,false,1,
7290114608640,false,קרוטונים לסלט כוסמין 260ג מ.שף,ש.שסטוביץ בעמ,,,"י""ח",2.60,ל 100 גרם,false,1,17.90,6.88,false,1,
7290114720878,false,נורות זוגות 75 אור לבן,פוגיקום בעמ,,,"י""ח",1,,false,1,19.90,19.90,true,1,
7290114821469,false,כבד דגים 120 גרם.,דיפלומט מפיצים (1968) בעמ**,,,"י""ח",1.20,ל 100 גרם,false,1,13.90,11.58,false,1,
7290115072266,false,"בקבוק פלסטיק 500 מ""ל עם פיה - מיני",שמחה זה אנחנו,,,"י""ח",1,,false,1,13.90,13.90,false,1,
7290115073676,false,מסכות כירורגיות צבעוני מארז 50 יח(ש),שמחה זה אנחנו,,,"י""ח",50,"י""ח",false,1,9.90,0.20,false,1,
7290115190076,false,מלבורו גולד ארוך בודד,פיליפ מוריס בעמ,,,"י""ח",1,,false,1,34.90,34.90,false,1,
7290115190090,false,מרלבורו גולד קצר בודד,פיליפ מוריס בעמ,,,"י""ח",1,,false,1,34.90,34.90,false,1,
7290115190151,false,מלבורו טאצ`7.1,פיליפ מוריס בעמ,,,"י""ח",1,,false,1,30.90,30.90,false,1,
7290115190212,false,פרלנמט ארוך בלו RCB בודד,פיליפ מוריס בעמ,,,"י""ח",1,,false,1,39.50,39.50,false,1,
7290115190236,false,פרלמנט קצר בלו בודד,פיליפ מוריס בעמ,,,"י""ח",1,,false,1,39.50,39.50,false,1,
7290115190342,false,אל אם בלו 10יח פקאט,פיליפ מוריס בעמ,,,"י""ח",1,,false,1,299.90,299.90,false,1,
7290115190458,false,נקסט אדג` בודד,פיליפ מוריס בעמ,,,"י""ח",1,,false,1,26.50,26.50,true,1,
7290115190465,false,נקסט פיין אדג` פקאט 10 יחידות,פיליפ מוריס בעמ,,,"י""ח",1,,false,1,259.90,259.90,false,1,
7290115190472,false,נקסט פיין אדג` בודד,פיליפ מוריס בעמ,,,"י""ח",1,,false,1,26.50,26.50,true,1,
7290115190496,false,נקסט 100 בודד,פיליפ מוריס בעמ,,,"י""ח",1,,false,1,29.90,29.90,false,1,
7290115190519,false,נקסט לייט בודד,פיליפ מוריס בעמ,,,"י""ח",1,,false,1,29.90,29.90,false,1,
7290115200003,false,פתי בר פינוקי וניל 220גר,קבוצת אוסם סחר-שות.מוגבלת,,,"י""ח",2.20,ל 100 גרם,false,1,10.90,4.95,true,1,
7290115200027,false,פתי בר פינוקי שוקו 220גר,קבוצת אוסם סחר-שות.מוגבלת,,,"י""ח",2.20,ל 100 גרם,false,1,10.90,4.95,true,1,
7290115200676,false,קרמוגיתקרמל מלוח 200גר אוסם,קבוצת אוסם סחר-שות.מוגבלת,,,"י""ח",2,ל 100 גרם,false,1,11.90,5.95,true,1,
7290115201031,false,פתי בר פינוקי דובי שוקולד 175גר.,קבוצת אוסם סחר-שות.מוגבלת,,,"י""ח",1.75,ל 100 גרם,false,1,10.90,6.23,true,1,
7290115201536,false,"טבעול גורמה לביבות כרובית ותפו""א 442גר",קבוצת אוסם סחר-שות.מוגבלת,,,"י""ח",4.42,ל 100 גרם,false,1,25.60,5.79,true,1,
7290115201680,false,ביסלי  ברביקיו}קטן{,קבוצת אוסם סחר-שות.מוגבלת,,,"י""ח",0.70,ל 100 גרם,false,1,3.90,5.57,true,1,
7290115201727,false,ביסלי  גדול בצל 200גר,קבוצת אוסם סחר-שות.מוגבלת,,,"י""ח",2,ל 100 גרם,false,1,8.90,4.45,true,1,
7290115202434,false,חומוס עם זעתר 375גר,קבוצת אוסם סחר-שות.מוגבלת,,,"י""ח",3.75,ל 100 גרם,false,1,12.70,3.39,true,1,
7290115202786,false,מנה חמה נודלס אטריות טעם בקר 70גר.,קבוצת אוסם סחר-שות.מוגבלת,,,"י""ח",0.70,ל 100 גרם,false,1,4.90,7,false,1,
7290115202816,false,מנה חמה נודלס אטריות טעם עוף 70גר.,קבוצת אוסם סחר-שות.מוגבלת,,,"י""ח",0.70,ל 100 גרם,false,1,4.90,7,false,1,
7290115203134,false,פופקו פופקורן במבה 80גר,קבוצת אוסם סחר-שות.מוגבלת,,,"י""ח",0.80,ל 100 גרם,false,1,4.50,5.63,true,1,
7290115203806,false,"רוטב בסיס לבישול אסם 290מ""ל",קבוצת אוסם סחר-שות.מוגבלת,,,"י""ח",2.90,ל 100 גרם,false,1,11.90,4.10,false,1,
7290115204056,false,"קטשופ מופחת סוכר אסם 690 גרם כשל""פ",קבוצת אוסם סחר-שות.מוגבלת,,,"י""ח",6.90,ל 100 גרם,false,1,11.90,1.72,true,1,
7290115204261,false,צבר אריסה 190גר,קבוצת אוסם סחר-שות.מוגבלת,,,"י""ח",1.90,ל 100 גרם,false,1,11.90,6.26,true,1,
7290115205176,false,פיטנס חטיפי קרקר כפרי 140גר.,קבוצת אוסם סחר-שות.מוגבלת,,,"י""ח",1.40,ל 100 גרם,false,1,12.90,9.21,true,1,
7290115205312,false,פיטנס חטיפי קרקר זיתים 140גר.,קבוצת אוסם סחר-שות.מוגבלת,,,"י""ח",1.40,ל 100 גרם,false,1,12.90,9.21,true,1,
7290115205527,false,פיטנס מולטיגרין עם עדשים 25 גרם,קבוצת אוסם סחר-שות.מוגבלת,,,"י""ח",0.25,ל 100 גרם,false,1,4.90,19.60,true,1,
7290115205541,false,פיטנס מולטיגרין עם חומוס 25 גרם,קבוצת אוסם סחר-שות.מוגבלת,,,"י""ח",0.25,ל 100 גרם,false,1,4.90,19.60,true,1,
7290115205978,false,פתי בר אצבעות שוקולד 180גר,קבוצת אוסם סחר-שות.מוגבלת,,,"י""ח",1.80,ל 100 גרם,false,1,11.90,6.61,true,1,
7290115206135,false,טבעול גורמה ארוחת קינואה 450גר,קבוצת אוסם סחר-שות.מוגבלת,,,"י""ח",4.50,ל 100 גרם,false,1,34.90,7.76,true,1,
7290115206173,false,פתיבר קרמל 500 אוסם.,קבוצת אוסם סחר-שות.מוגבלת,,,"י""ח",5,ל 100 גרם,false,1,11.90,2.38,true,1,
7290115207118,false,"טבעול שניצל ברוקולי 7ק""ג",קבוצת אוסם סחר-שות.מוגבלת,,,"י""ח",9,ל 100 גרם,false,1,350,38.89,false,1,
7290115207682,false,רוטב בסגנון סויה סיני 290מל בקבוק,קבוצת אוסם סחר-שות.מוגבלת,,,"י""ח",2.90,"ל 100 מ""ל",false,1,11.90,4.10,true,1,
7290115207774,false,טבעול המבורגר פטריות 480 גרם,קבוצת אוסם סחר-שות.מוגבלת,,,"י""ח",6,ל 100 גרם,false,1,37.90,6.32,true,1,
7290115207880,false,ויטמינצ ק פטל 2 ליטר,קבוצת אוסם סחר-שות.מוגבלת,,,"י""ח",2,ליטר,false,1,41.90,20.95,false,1,
7290115207941,false,סירופ אננס 1 ליטר,קבוצת אוסם סחר-שות.מוגבלת,,,"י""ח",1,ליטר,false,1,21.90,21.90,false,1,
7290115207965,false,סירופ מנגו אפרסק 1 ליטר,קבוצת אוסם סחר-שות.מוגבלת,,,"י""ח",1,ליטר,false,1,21.90,21.90,false,1,
7290115207989,false,סירופ לימון 1 ליטר,קבוצת אוסם סחר-שות.מוגבלת,,,"י""ח",1,ליטר,false,1,21.90,21.90,false,1,
7290115208009,false,סירופ ענבים 1 ליטר,קבוצת אוסם סחר-שות.מוגבלת,,,"י""ח",1,ליטר,false,1,21.90,21.90,false,1,
7290115208047,false,סירופ פטל 1 ליטר,קבוצת אוסם סחר-שות.מוגבלת,,,"י""ח",1,ליטר,false,1,21.90,21.90,false,1,
7290115208061,false,סירופ תפוח 1 ליטר,קבוצת אוסם סחר-שות.מוגבלת,,,"י""ח",1,ליטר,false,1,21.90,21.90,false,1,
7290115208344,false,שטוחים בייגלה כפיות שמנת בצל 300גר,קבוצת אוסם סחר-שות.מוגבלת,,,"י""ח",3,ל 100 גרם,false,1,10.80,3.60,false,1,
7290115208566,false,קרמוגית מיניס קרם בייגלה 200גר,קבוצת אוסם סחר-שות.מוגבלת,,,"י""ח",2,ל 100 גרם,false,1,11.90,5.95,true,1,
7290115208597,false,קרמוגית מיניס קרמל מלוח 200גר,קבוצת אוסם סחר-שות.מוגבלת,,,"י""ח",2,ל 100 גרם,false,1,11.90,5.95,true,1,
7290115208801,false,לחמית כפרית עם דגנים מלאים 190 ג`,קבוצת אוסם סחר-שות.מוגבלת,,,"י""ח",1.90,ל 100 גרם,false,1,8.90,4.68,true,1,
7290115209198,false,במבה אורירית 80גר אסם{,קבוצת אוסם סחר-שות.מוגבלת,,,"י""ח",0.80,ל 100 גרם,false,1,3.90,4.88,true,1,
7290115209235,false,פתיבר קפה 500 אוסם,קבוצת אוסם סחר-שות.מוגבלת,,,"י""ח",5,ל 100 גרם,false,1,13.90,2.78,true,1,
7290115209358,false,במבה במילוי בראוניז 60גר אסם{,קבוצת אוסם סחר-שות.מוגבלת,,,"י""ח",6,ל 100 גרם,false,1,4.30,0.72,true,1,
7290115209372,false,במבה במילוי בראוניז  150 גרם אוסם,קבוצת אוסם סחר-שות.מוגבלת,,,"י""ח",2,ל 100 גרם,false,1,10.90,5.45,true,1,
7290115400274,false,"מיני דובשניות 400ג בד""צ",שיבולים ייצור ושיווק מאפה בעמ,,,"י""ח",4,ל 100 גרם,false,1,11.90,2.98,false,1,
7290115403312,false,עוגיות מלוחות קריספי עגול  450ג דל,שיבולים ייצור ושיווק מאפה בעמ,,,"י""ח",4.50,ל 100 גרם,false,1,15.90,3.53,false,1,
7290115403343,false,עוגיות פסים עלים מסוכרות  450ג דל,שיבולים ייצור ושיווק מאפה בעמ,,,"י""ח",4.50,ל 100 גרם,false,1,15.90,3.53,false,1,
7290115403411,false,עוגיות עינוגים טעם קרם אגוזים  500ג דל,שיבולים ייצור ושיווק מאפה בעמ,,,"י""ח",5,ל 100 גרם,false,1,15.90,3.18,false,1,
7290115403480,false,עוגיות בסגנון מרוקאי מיני  500ג דל,שיבולים ייצור ושיווק מאפה בעמ,,,"י""ח",5,ל 100 גרם,false,1,15.90,3.18,false,1,
7290115403510,false,עוגיות מגולגלות תמרים  500ג דל,שיבולים ייצור ושיווק מאפה בעמ,,,"י""ח",5,ל 100 גרם,false,1,15.90,3.18,false,1,
7290115403541,false,עוגיות גרייבה  500ג דל,שיבולים ייצור ושיווק מאפה בעמ,,,"י""ח",5,ל 100 גרם,false,1,15.90,3.18,false,1,
7290115405828,false,קינוח אישי גבינה אוכמניות 200גרם,קפולסקי אדל בעמ,,,"י""ח",2,ל 100 גרם,false,1,16.90,8.45,false,1,
7290115671155,false,שלישיית סוכריות Fresh ענבים,שטראוס גרופ בעמ,,,"י""ח",0.45,ל 100 גרם,false,1,8.90,19.78,true,1,
7290115675870,false,אייס קפה נמס מילקשייק קרמל מלוח  200,שטראוס גרופ בעמ,,,"י""ח",2,ל 100 גרם,false,1,19.90,9.95,true,1,
7290115676273,false,שקית קקאו 500 גרם+10%  עלית,שטראוס גרופ בעמ,,,"י""ח",5,ל 100 גרם,false,1,23.90,4.78,true,1,
7290115677140,false,תפוציפס פפריקהWAVY  200 ג,שטראוס פריטו ליי בעמ,,,"י""ח",2,ל 100 גרם,false,1,10.90,5.45,true,1,
7290115678376,false,מעדן הגולן בודד 125גר,שטראוס גרופ ***בעמ,,,"י""ח",1.25,ל 100 גרם,false,1,2.90,2.32,true,1,
7290115678383,false,מעדן הגולן שוקולד מריר בודד 125גר,שטראוס גרופ ***בעמ,,,"י""ח",1.25,ל 100 גרם,false,1,2.90,2.32,true,1,
7290116530161,false,"פינוק סבון נוזלי אננס 700מ""ל",יוניליוור ישראל שיווק בעמ,,,"י""ח",7.50,"ל 100 מ""ל",false,1,10.90,1.45,false,1,
7290116530215,false,אקס סטיק שוקולד 77 גרם,יוניליוור ישראל שיווק בעמ,,,"י""ח",0.77,ל 100 גרם,false,1,14.90,19.35,false,1,
7290116530239,false,אקס סטיק בלאק 77 גרם,יוניליוור ישראל שיווק בעמ,,,"י""ח",0.77,ל 100 גרם,false,1,14.90,19.35,false,1,
7290116530482,false,מארז קורנפלקס של אלופים 150גר,יוניליוור ישראל שיווק בעמ,,,"י""ח",1.50,ל 100 גרם,false,1,10,6.67,false,1,
7290116530871,false,נשנשים מיקס 240 גרם,יוניליוור ישראל שיווק בעמ,,,"י""ח",2.40,ל 100 גרם,false,1,12.90,5.38,true,1,
7290116531045,false,"דליפקאן 400ג ללא גלוטן כשל""פ",יוניליוור ישראל שיווק בעמ,,,"י""ח",4,ל 100 גרם,false,1,21.90,5.48,false,1,
7290116531069,false,בויון בצל רכיבים טבעיים 225ג,יוניליוור ישראל שיווק בעמ,,,"י""ח",2.25,ל 100 גרם,false,1,16.90,7.51,false,1,
7290116531083,false,ברנפלקס שקדים ודבש  400גרם,יוניליוור ישראל שיווק בעמ,,,"י""ח",5,ל 100 גרם,false,1,19.90,3.98,true,1,
7290116531090,false,דגדג במליחות מעודנת 250גר,יוניליוור ישראל שיווק בעמ,,,"י""ח",2.50,ל 100 גרם,false,1,9.90,3.96,true,1,
7290116531250,false,"פינוק שמפו נגד קשקשים 700מ""ל",יוניליוור ישראל שיווק בעמ,,,"י""ח",7,"ל 100 מ""ל",false,1,11.90,1.70,false,1,
7290116531496,false,קינמונים דגנים פריכים מצופים 375ג.,יוניליוור ישראל שיווק בעמ,,,"י""ח",3.75,ל 100 גרם,false,1,19.90,5.31,true,1,
7290116531779,false,בדין דפי מרכך כחול-40.,יוניליוור ישראל שיווק בעמ,,,"י""ח",40,"י""ח",false,1,15.90,0.40,false,1,
7290116531830,false,כריות תלמה קינמון 686ג בדץ,יוניליוור ישראל שיווק בעמ,,,"י""ח",7.50,ל 100 גרם,false,1,24.90,3.32,true,1,
7290116532615,false,פינוק שמפו בתוספת תמצית גוג`י ברי 700מ,יוניליוור ישראל שיווק בעמ,,,"י""ח",7,"ל 100 מ""ל",false,1,11.90,1.70,true,1,
7290116532882,false,נשנושים איירביס 150ג טעם בצל,יוניליוור ישראל שיווק בעמ,,,"י""ח",1.50,ל 100 גרם,false,1,11.90,7.93,false,1,
7290116532899,false,נשנושים איירביס 150ג טעם פלאפל,יוניליוור ישראל שיווק בעמ,,,"י""ח",1.50,ל 100 גרם,false,1,11.90,7.93,false,1,
7290116532905,false,נשנושים איירביס 150ג טעם ברביקיו,יוניליוור ישראל שיווק בעמ,,,"י""ח",1.50,ל 100 גרם,false,1,11.90,7.93,false,1,
7290116533230,false,דליאגוז 400ג אגוזי לוז שלמים,יוניליוור ישראל שיווק בעמ,,,"י""ח",4,ל 100 גרם,false,1,21.90,5.48,false,1,
7290116930022,false,חטיף חלבון GO קרם עוגיות ציפוי 20 גרם.,שקד תבל בעמ,,,"י""ח",1,,false,1,11.90,11.90,false,1,
7290116930435,false,יוגורט גו סמיך 0% דובדבן,תנובה בעמ ***,,,"י""ח",2,"ל 100 מ""ל",false,1,5.90,2.95,true,1,
7290116930626,false,ארוחה בקטנה ציזיק עם קרקרים 150ג,תנובה בעמ ***,,,"י""ח",1.50,ל 100 גרם,false,1,7.90,5.27,false,1,
7290116930701,false,מעדן חלב גו טעם קרמל מלוח 120ג,תנובה בעמ ***,,,"י""ח",1.20,"ל 100 מ""ל",false,1,5.20,4.33,false,1,
7290116931104,false,יופלה גו אננס 0% 200ג,תנובה בעמ ***,,,"י""ח",2,"ל 100 מ""ל",false,1,5.90,2.95,true,1,
7290117030745,false,נייר אפייה מתאים לתבנית אינגליש שווה,ח.כהן סוכנות מזון ומשקאות בע,,,"י""ח",20,"י""ח",false,1,9.90,0.50,true,1,
7290117030769,false,תבניות ארוז *7 שווה,ח.כהן סוכנות מזון ומשקאות בע,,,"י""ח",7,"י""ח",false,1,7.90,1.13,true,1,
7290117030776,false,תבניות ארוז מלבן עמוק *7 שווה,ח.כהן סוכנות מזון ומשקאות בע,,,"י""ח",7,"י""ח",false,1,7.90,1.13,true,1,
7290117030790,false,תבניות ארוז *10 אינגליש  שווה,ח.כהן סוכנות מזון ומשקאות בע,,,"י""ח",10,"י""ח",false,1,7.90,0.79,true,1,
7290117030806,false,תבניות ארוז *10 טוסטר  שווה,ח.כהן סוכנות מזון ומשקאות בע,,,"י""ח",10,"י""ח",false,1,7.90,0.79,true,1,
7290117030813,false,תבניות ארוז *4 עגול עמוק שווה,ח.כהן סוכנות מזון ומשקאות בע,,,"י""ח",4,"י""ח",false,1,7.90,1.98,true,1,
7290117030820,false,תבניות ארוז *4 עגול גדול שווה,ח.כהן סוכנות מזון ומשקאות בע,,,"י""ח",4,"י""ח",false,1,7.90,1.98,true,1,
7290117031513,false,"כוסות נייר גודל 10 שווה"" 40יח.",ח.כהן סוכנות מזון ומשקאות בע,,,"י""ח",40,"י""ח",false,1,13.90,0.35,true,1,
7290117032008,false,מזלגונים איכותי  40יח קרם שווה,ח.כהן סוכנות מזון ומשקאות בע,,,"י""ח",40,"י""ח",false,1,6.90,0.17,true,1,
7290117032015,false,מזלגונים איכותי  40יח שקוף שווה,ח.כהן סוכנות מזון ומשקאות בע,,,"י""ח",40,"י""ח",false,1,6.90,0.17,true,1,
7290117032022,false,מזלגונים איכותי  40יח צבעוני שווה,ח.כהן סוכנות מזון ומשקאות בע,,,"י""ח",40,"י""ח",false,1,6.90,0.17,true,1,
7290117032077,false,כפות איכותי  40יח שקוף שווה,ח.כהן סוכנות מזון ומשקאות בע,,,"י""ח",40,"י""ח",false,1,6.90,0.17,true,1,
7290117032091,false,כפיות איכותי 40יח קרם שווה,ח.כהן סוכנות מזון ומשקאות בע,,,"י""ח",40,"י""ח",false,1,6.90,0.17,true,1,
7290117032107,false,כפיות איכותי  40יח שקוף שווה,ח.כהן סוכנות מזון ומשקאות בע,,,"י""ח",40,"י""ח",false,1,6.90,0.17,true,1,
7290117032503,false,לפתניות לבן אריזה משפחתית 115יח שווה,ח.כהן סוכנות מזון ומשקאות בע,,,,115,"י""ח",false,1,25.90,0.23,true,1,
7290117032527,false,קופסא  אריזה משפחתית 105יח שווה,ח.כהן סוכנות מזון ומשקאות בע,,,,105,"י""ח",false,1,25.90,0.25,true,1,
7290117032534,false,קופסא  אריזה משפחתית 105יח שווה,ח.כהן סוכנות מזון ומשקאות בע,,,,105,"י""ח",false,1,25.90,0.25,true,1,
7290117032541,false,צלחת קטנה אריזה משפחתית 75יח שווה,ח.כהן סוכנות מזון ומשקאות בע,,,,75,"י""ח",false,1,25.90,0.35,true,1,
7290117032565,false,מרקיה  אריזה משפחתית 70יח שווה,ח.כהן סוכנות מזון ומשקאות בע,,,,70,"י""ח",false,1,25.90,0.37,true,1,
7290117032572,false,מרקיה  אריזה משפחתית 70יח שווה,ח.כהן סוכנות מזון ומשקאות בע,,,,70,"י""ח",false,1,25.90,0.37,true,1,
7290117032589,false,צלחת גדולה  אריזה משפחתית 60יח שווה,ח.כהן סוכנות מזון ומשקאות בע,,,,60,"י""ח",false,1,25.90,0.43,true,1,
7290117032596,false,צלחת גדולה  אריזה משפחתית 60יח שווה,ח.כהן סוכנות מזון ומשקאות בע,,,,60,"י""ח",false,1,25.90,0.43,true,1,
7290117032602,false,צלחת ענקית  אריזה משפחתית 35יח שווה,ח.כהן סוכנות מזון ומשקאות בע,,,,35,"י""ח",false,1,25.90,0.74,true,1,
7290117032619,false,צלחת ענקית  אריזה משפחתית 35יח שווה,ח.כהן סוכנות מזון ומשקאות בע,,,,35,"י""ח",false,1,25.90,0.74,true,1,
7290117260449,false,גבינה בולגרית מעודנת טבעי 200ג,ג.וילי פוד אינטרנשיונל בעמ,,,"י""ח",2,ל 100 גרם,false,1,9.90,4.95,false,1,
7290117260456,false,גבינה בולגרית מעודנת עם זיתים  200ג,ג.וילי פוד אינטרנשיונל בעמ,,,"י""ח",2,ל 100 גרם,false,1,9.90,4.95,false,1,
7290117260463,false,גבינה בולגרית מעודנת עם חלפיניו  200ג,ג.וילי פוד אינטרנשיונל בעמ,,,"י""ח",2,ל 100 גרם,false,1,9.90,4.95,false,1,
7290117260951,false,ביסקוויטים פירות הדר ללא גלוטן 125ג,ג.וילי פוד אינטרנשיונל בעמ,,,"י""ח",1.25,ל 100 גרם,false,1,9.90,7.92,true,1,
7290117261255,false,תן בו בטעם שוקולד לבן 180 גר,ג.וילי פוד אינטרנשיונל בעמ,,,"י""ח",1.80,ל 100 גרם,false,1,17.90,9.94,false,1,
7290117261545,false,סלמון אטלנטי ברוטב טריאקי  120ג,ג.וילי פוד אינטרנשיונל בעמ,,,"י""ח",1.20,ל 100 גרם,false,1,11.90,9.92,true,1,
7290117261712,false,מלבין קינוח על בסיס חלב 154ג,ג.וילי פוד אינטרנשיונל בעמ,,,"י""ח",1.54,ל 100 גרם,false,1,5.90,3.83,false,1,
7290117262238,false,"משקה יוגורט עם תות שדה  200מ""ל 2.3%",ג.וילי פוד אינטרנשיונל בעמ,,,"י""ח",2,ל 100 גרם,false,1,4.90,2.45,true,1,
7290117262764,false,בצק להכנת עוגיות רד וולווט 300ג קפוא,ג.וילי פוד אינטרנשיונל בעמ,,,"י""ח",3,ל 100 גרם,false,1,16.90,5.63,false,1,
7290117262771,false,בצק להכנת עוגיות קרמל מלוח 300ג קפוא,ג.וילי פוד אינטרנשיונל בעמ,,,"י""ח",3,ל 100 גרם,false,1,16.90,5.63,false,1,
7290117262788,false,בצק להכנת עוגיות פטל שוק. ל.  300ג קפוא,ג.וילי פוד אינטרנשיונל בעמ,,,"י""ח",3,ל 100 גרם,false,1,16.90,5.63,false,1,
7290117262795,false,בצק להכנת עוגיות טעם שוקולד 300ג קפו,ג.וילי פוד אינטרנשיונל בעמ,,,"י""ח",3,ל 100 גרם,false,1,16.90,5.63,false,1,
7290117262801,false,בצק להכנת עוגיות שוק. ציפס 300ג קפוא,ג.וילי פוד אינטרנשיונל בעמ,,,"י""ח",3,ל 100 גרם,false,1,16.90,5.63,false,1,
7290117262931,false,קינוח בטעם מנגו 85ג,ג.וילי פוד אינטרנשיונל בעמ,,,"י""ח",0.85,ל 100 גרם,false,1,8.40,9.88,false,1,
7290117262948,false,קינוח בטעם טירמיסו 85ג,ג.וילי פוד אינטרנשיונל בעמ,,,"י""ח",0.85,ל 100 גרם,false,1,8.40,9.88,false,1,
7290117262955,false,קינוח בטעם שוקולד בלגי 85ג,ג.וילי פוד אינטרנשיונל בעמ,,,"י""ח",0.85,ל 100 גרם,false,1,8.40,9.88,false,1,
7290117262962,false,קינוח בטעם שוקולד קרמל 85ג,ג.וילי פוד אינטרנשיונל בעמ,,,"י""ח",0.85,ל 100 גרם,false,1,8.40,9.88,false,1,
7290117262979,false,קינוח בטעם שוקולד ופירות יער 85ג,ג.וילי פוד אינטרנשיונל בעמ,,,"י""ח",0.85,ל 100 גרם,false,1,8.40,9.88,false,1,
7290117263020,false,"משקה יוגורט פרוביוטי  200מ""ל 2.3%",ג.וילי פוד אינטרנשיונל בעמ,,,"י""ח",2,ל 100 גרם,false,1,4.90,2.45,true,1,
7290117380185,false,סוויט פוף שוקולד חלב ולבן 50ג,ש.שסטוביץ בעמ,,,"י""ח",0.40,ל 100 גרם,false,1,5.20,13,false,1,
7290117380208,false,פוף קראנץ בטעם חמוץ חריף 60גר,ש.שסטוביץ בעמ,,,"י""ח",0.40,ל 100 גרם,false,1,3.90,9.75,true,1,
7290117380864,false,מרבה סלים דלים עוגות טעם שוקולד120גר,ש.שסטוביץ בעמ,,,"י""ח",1.20,ל 100 גרם,false,1,12.90,10.75,true,1,
7290117380871,false,מרבה סלים דלים קריספי אוכמניות  120ג,ש.שסטוביץ בעמ,,,"י""ח",1.20,ל 100 גרם,false,1,12.90,10.75,true,1,
7290117382219,false,מארז קולגייט מ.ילדים מיניונים,ש.שסטוביץ בעמ,,,"י""ח",1,"ל 100 מ""ל",false,1,29.90,29.90,true,1,
7290117383711,false,"זוג פלמוליב חלב ודבש 750מ""ל",ש.שסטוביץ בעמ,,,"י""ח",1.50,ליטר,false,1,31.90,21.27,true,1,
7290117901182,false,בוטן קליפה קלוי350ג ששון הקולה,דין שיווק וקליה 2021 בעמ,,,"י""ח",3.50,ל 100 גרם,false,1,10,2.86,false,1,
7290117901786,false,גרעיני דלעת קלופים 250גר מחנה יהודה,דין שיווק וקליה 2021 בעמ****,,,"י""ח",2.50,ל 100 גרם,false,1,19.90,7.96,true,1,
7290117901793,false,גרעיני חמניה קלופים 250גר מחנה יהודה,דין שיווק וקליה 2021 בעמ****,,,"י""ח",2.50,ל 100 גרם,false,1,14.90,5.96,true,1,
7290117901809,false,צנובר 130גר מחנה יהודה,דין שיווק וקליה 2021 בעמ****,,,"י""ח",1.30,ל 100 גרם,false,1,39.90,30.69,true,1,
7290117901816,false,אגוז קשיו טבעי 250גר מחנה יהודה,דין שיווק וקליה 2021 בעמ****,,,"י""ח",2.50,ל 100 גרם,false,1,29.90,11.96,true,1,
7290118480167,false,מארז מאפין שוקוצ`יפס שישייה 6*45גר,שלמה א.אנג ל בעמ,,,"י""ח",2.70,ל 100 גרם,false,1,11.90,4.41,false,1,
7291045000442,false,פחם אלשאם 2 ק``ג,מחמד זייד,,,"י""ח",1,,false,1,13.90,13.90,false,1,
7297028176999,false,בוקסר לייקרה תליה לגבר 5 צבעים.,ביג מול בעמ,,,"י""ח",1,,false,1,19.90,19.90,true,1,
7297070000334,false,גרבי ירך לייקרה,אחים וייס ישי ייצור בעמ,,,"י""ח",1,,false,1,15.90,15.90,false,1,
7297070000358,false,קרנה-ברך 40לייקרה,אחים וייס ישי ייצור בעמ,,,"י""ח",1,,false,1,11.90,11.90,false,1,
7297070000365,false,גרבי מכנס נשים אלכסנדרה 15,אחים וייס ישי ייצור בעמ,,,"י""ח",1,,false,1,16.90,16.90,false,1,
7297070000372,false,גרבי מכנס נשים אנדראה 20,אחים וייס ישי ייצור בעמ,,,"י""ח",1,,false,1,17.90,17.90,false,1,
7297070000389,false,גרבי מכנס נשים קלודיה 40,אחים וייס ישי ייצור בעמ,,,"י""ח",1,,false,1,20.90,20.90,false,1,
7297070001065,false,גרבי מכנס,אחים וייס ישי ייצור בעמ,,,"י""ח",1,,false,1,12.90,12.90,false,1,
7297070001133,false,"גרביון נשים 100דנ""",אחים וייס ישי ייצור בעמ,,,"י""ח",1,,false,1,39.90,39.90,false,1,
7297070001140,false,גרביון ילדות 70 דינר,אחים וייס ישי ייצור בעמ,,,"י""ח",1,,false,1,15.90,15.90,false,1,
7297070001232,false,גרבי מכנס לנשים,אחים וייס ישי ייצור בעמ,,,"י""ח",1,,false,1,13.90,13.90,false,1,
7297070001546,false,גרביון נשים מיקרופייבר 80דינר,אחים וייס ישי ייצור בעמ,,,"י""ח",1,,false,1,15.90,15.90,false,1,
7297070001553,false,גרביון נשים מיקרופייבר 120דינר לגינג,אחים וייס ישי ייצור בעמ,,,"י""ח",1,,false,1,22.90,22.90,false,1,
7297070001669,false,לורה תחתון בנות *5,אחים וייס ישי ייצור בעמ,,,"י""ח",1,,false,1,26.90,26.90,false,1,
7297070001744,false,תחתוני בנות *5 ג`ין,אחים וייס ישי ייצור בעמ,,,"י""ח",1,,false,1,25.90,25.90,false,1,
7297070001829,false,תחתון נשים *5 לייקרה,אחים וייס ישי ייצור בעמ,,,"י""ח",1,,false,1,35.90,35.90,false,1,
7297070001867,false,תחתון  לגבר רוקי זוג,אחים וייס ישי ייצור בעמ,,,"י""ח",1,,false,1,26.90,26.90,false,1,
7297070002130,false,אליזי נשים 120 דינר,אחים וייס ישי ייצור בעמ,,,"י""ח",2,"י""ח",false,1,22.90,11.45,false,1,
7297070003137,false,כותניון חורף,אחים וייס ישי ייצור בעמ,,,"י""ח",1,,false,1,12.90,12.90,false,1,
7297070003724,false,לונג 6*40 ירך ילדות,אחים וייס ישי ייצור בעמ,,,"י""ח",1,,false,1,32.90,32.90,false,1,
7297174000056,false,קרסוליות במבוק נשים *3,אחים וייס ישי ייצור בעמ,,,"י""ח",1,,false,1,29.90,29.90,false,1,
7297174000063,false,גרבי תינוקות *3,אחים וייס ישי ייצור בעמ,,,"י""ח",1,,false,1,13.90,13.90,false,1,
7297174000377,false,חולצת T לבן,אחים וייס ישי ייצור בעמ,,,"י""ח",1,,false,1,18.90,18.90,false,1,
7297174000643,false,4 זוגות גרבי מכנס לילדות,אחים וייס ישי ייצור בעמ,,,"י""ח",1,,false,1,32.90,32.90,false,1,
7297174000735,false,3 זוגות גרבי מכנס,אחים וייס ישי ייצור בעמ,,,"י""ח",1,,false,1,32.90,32.90,false,1,
7297174000827,false,"גרביון נשים 20 דנ""מידות גדולות",אחים וייס ישי ייצור בעמ,,,"י""ח",1,,false,1,13.90,13.90,false,1,
7297174000896,false,גרביון אנבל נשים 10דנר,אחים וייס ישי ייצור בעמ,,,"י""ח",1,,false,1,12.90,12.90,false,1,
7297174000995,false,גרבי ילדים *3,אחים וייס ישי ייצור בעמ,,,"י""ח",1,,false,1,13.90,13.90,false,1,
7297174001015,false,"אליזי 2*60 גרביון ילדות 50דנ""",אחים וייס ישי ייצור בעמ,,,"י""ח",2,"י""ח",false,1,22.90,11.45,false,1,
7297174001053,false,טייץ מיקרופייבר נשים 80דינר,אחים וייס ישי ייצור בעמ,,,"י""ח",1,,false,1,15.90,15.90,false,1,
7297174001077,false,טייץ נשים מדיצ`י,אחים וייס ישי ייצור בעמ,,,"י""ח",1,,false,1,16.90,16.90,false,1,
7297395000026,false,בדי בדיקה שלישייה בקופסא,חן המעיין בעמ,,,"י""ח",1,,false,1,15.90,15.90,false,1,
7297395000040,false,בדי בדיקה מיוחדים,חן המעיין בעמ,,,"י""ח",1,,false,1,8,8,false,1,
7297579004451,false,שטיח אמבטיה לגונה 50/80,דהן פרוספר בעמ,,,"י""ח",1,,false,1,39.90,39.90,false,1,
7297579006851,false,מגן מזרן איכותי יחיד,דהן פרוספר בעמ,,,"י""ח",1,,false,1,29.90,29.90,false,1,
7297579006868,false,מגן מזרן איכותי מיטה וחצי,דהן פרוספר בעמ,,,"י""ח",1,,false,1,34.90,34.90,false,1,
7297579006875,false,מגן מזרן איכותי זוגי,דהן פרוספר בעמ,,,"י""ח",1,,false,1,44.90,44.90,false,1,
7297579006882,false,מגן מזרן איכותי 1.8,דהן פרוספר בעמ,,,"י""ח",1,,false,1,49.90,49.90,false,1,
7297579006899,false,זוג מגיני כרית איכותי,דהן פרוספר בעמ,,,"י""ח",1,,false,1,24.90,24.90,false,1,
7297579011121,false,כרית ויסקו ג`ל,דהן פרוספר בעמ,,,"י""ח",1,,false,1,109.90,109.90,false,1,
7297579011329,false,מגבת מדאם גוף,דהן פרוספר בעמ,,,"י""ח",1,,false,1,29.90,29.90,true,1,
7297579011350,false,שמיכת כירבולית לונדון,דהן פרוספר בעמ,,,"י""ח",1,,false,1,14.90,14.90,true,1,
7297579011442,false,שטיח כניסה קוקוס 40*60,דניאלה ע.י בעמ,,,"י""ח",1,,false,1,24.90,24.90,false,1,
7297579011503,false,שטיח אמבטיה 50*80 דגם תחרה,דניאלה ע.י בעמ,,,"י""ח",1,,false,1,39.90,39.90,false,1,
7297579011565,false,שלישיית מגבות מטבח גינגר,דניאלה ע.י בעמ,,,"י""ח",1,,false,1,11.90,11.90,false,1,
7297579011572,false,שלישיית מגבות מטבח זיג זג,דניאלה ע.י בעמ,,,"י""ח",1,,false,1,11.90,11.90,false,1,
7297579011596,false,מפת שולחן דגם דיאנה 150/300,דהן פרוספר בעמ,,,"י""ח",1,,false,1,59.90,59.90,false,1,
7297579011602,false,מפת שולחן דגם דיאנה 150/350,דהן פרוספר בעמ,,,"י""ח",1,,false,1,64.90,64.90,false,1,
7297579011619,false,מפת שולחן דגם דיאנה 150/400,דהן פרוספר בעמ,,,"י""ח",1,,false,1,75.90,75.90,false,1,
7297579011633,false,מפת שולחן דגם דובאי 150/300,דהן פרוספר בעמ,,,"י""ח",1,,false,1,54.90,54.90,false,1,
7297579011640,false,מפת שולחן דגם דובאי 150/350,דהן פרוספר בעמ,,,"י""ח",1,,false,1,69.90,69.90,false,1,
7297579011657,false,מפת שולחן דגם דובאי 150/400,דהן פרוספר בעמ,,,"י""ח",1,,false,1,79.90,79.90,false,1,
7297579011688,false,מפת שולחן דגם ויקטוריה 150/350,דהן פרוספר בעמ,,,"י""ח",1,,false,1,69.90,69.90,false,1,
7297579011695,false,מפת שולחן דגם ויקטוריה 150/400,דהן פרוספר בעמ,,,"י""ח",1,,false,1,79.90,79.90,false,1,
7297579011725,false,מפת שולחן דגם נאיה 150/350,דהן פרוספר בעמ,,,"י""ח",1,,false,1,69.90,69.90,false,1,
7297579011732,false,מפת שולחן דגם נאיה 150/400,דהן פרוספר בעמ,,,"י""ח",1,,false,1,79.90,79.90,false,1,
7297579011756,false,מפת שולחן דגם סהרה 150/300,דהן פרוספר בעמ,,,"י""ח",1,,false,1,59.90,59.90,false,1,
7297579011770,false,מפת שולחן דגם סהרה 150/400,דהן פרוספר בעמ,,,"י""ח",1,,false,1,79.90,79.90,false,1,
7297579011862,false,שטיח אמבטיה דגם פופי 50*80,דהן פרוספר בעמ,,,"י""ח",1,,false,1,25.90,25.90,false,1,
7297579011879,false,שטיח אמבטיה דגם פופי 90*60,דהן פרוספר בעמ,,,"י""ח",1,,false,1,34.90,34.90,false,1,
7297579011886,false,שטיח אמבטיה דגם פופי 120*60,דהן פרוספר בעמ,,,"י""ח",1,,false,1,44.90,44.90,false,1,
7297579012036,false,כיסוי סלון אליזבט,דהן פרוספר בעמ,,,"י""ח",1,,false,1,139.90,139.90,false,1,
7501013101355,false,"נקטר אפרסק 473מ""ל JUMEX",טמפו משקאות בעמ,,,"י""ח",4.73,"ל 100 מ""ל",false,1,8,1.63,true,1,
7501013101393,false,"נקטר אננס 473מ""ל JUMEX",טמפו משקאות בעמ,,,"י""ח",4.73,"ל 100 מ""ל",false,1,8,1.63,true,1,
7501013122053,false,נקטר אפרסק 1ליטר JUMEX קרטונית,טמפו משקאות בעמ,,,"י""ח",1,ליטר,false,1,9.50,9.50,false,1,
7501013122992,false,.נקטר קוקוס אננס  1ליטר JUMEX קרטונית,טמפו משקאות בעמ,,,"י""ח",1,ליטר,false,1,9.30,9.30,false,1,
7501013138047,false,יוניקו פרסקו משקה רימונים  1 ליטר קרטו,טמפו משקאות בעמ,,,"י""ח",1,ליטר,false,1,11.50,11.50,false,1,
7501013138856,false,יוניקו 100% תפוזים סחוט 1 ל`קרטוניות.,טמפו משקאות בעמ,,,"י""ח",1,ליטר,false,1,12.60,12.60,false,1,
7501064191398,false,"בירה קורונה שישייה *355מ""ל.",תימקו בירה בעמ,,,"י""ח",6,"י""ח",false,1,39.90,6.35,true,1,
7509546061160,false,"קולגייט מ.ילדים מיניונים 75מ""ל",ש.שסטוביץ בעמ,,,"י""ח",1,"ל 100 מ""ל",false,1,14.90,14.90,false,1,
7509546678702,false,קולגייט משחת שיניים טוטל אנטי טרטר 100,ש.שסטוביץ בעמ,,,"י""ח",1,"ל 100 מ""ל",false,1,16.90,16.90,true,1,
7610113011652,false,"בקרדי בריזר תפוח 275מ""ל",טמפו משקאות בעמ,,,"י""ח",2.75,"ל 100 מ""ל",false,1,14.20,5.05,true,1,
7610243004463,false,"דורגול מרסס קצף 500מ""ל",יעקב יעקבי ובניו בעמ,,,"י""ח",5,"ל 100 מ""ל",false,1,19.90,3.98,true,1,
7610700010778,false,ריקולה 50ג ללא ת.סוכר פטל חמוציות 50ג,שוקוטרייד בעמ,,,"י""ח",0.50,ל 100 גרם,false,1,13.90,27.80,false,1,
7610700012642,false,ריקולה שקית 70ג לימון,שוקוטרייד בעמ,,,"י""ח",0.70,ל 100 גרם,false,1,11.90,17,false,1,
7613030979647,false,טריקס פירות  480גר,קבוצת אוסם סחר-שות.מוגבלת,,,"י""ח",4.80,"י""ח",false,1,19.90,4.15,true,1,
7613032045753,false,פיטנס שוקולד 375גרם,קבוצת אוסם סחר-שות.מוגבלת,,,"י""ח",3.75,ל 100 גרם,false,1,22.90,6.11,true,1,
7613033548192,false,פיטנס שוקולד מריר 375 גרם,קבוצת אוסם סחר-שות.מוגבלת,,,"י""ח",3.75,ל 100 גרם,false,1,22.90,6.11,true,1,
7613035807778,false,רוטב עגבניות לבלונז 400ג אוסם,קבוצת אוסם סחר-שות.מוגבלת,,,"י""ח",4,ל 100 גרם,false,1,9.90,2.48,true,1,
7613035809109,false,פרפקטו רוטב עגבניות ובזיליקום 400ג,קבוצת אוסם סחר-שות.מוגבלת,,,"י""ח",4,ל 100 גרם,false,1,9.90,2.48,true,1,
7613035809123,false,רוטב עגבניות עם פלפלים  400ג,קבוצת אוסם סחר-שות.מוגבלת,,,"י""ח",4,ל 100 גרם,false,1,9.90,2.48,true,1,
7613035809857,false,רוטב עגבניות לפסטה ולבישול 400ג,קבוצת אוסם סחר-שות.מוגבלת,,,"י""ח",4,ל 100 גרם,false,1,9.90,2.48,true,1,
7613036105651,false,"דוגלי בוגר בקר 12 ק""ג",קבוצת אוסם סחר-שות.מוגבלת,,,"י""ח",12,"ק""ג",false,1,122,10.17,false,1,
7613036288958,false,"דוגלי אקטיב  3ק""ג",קבוצת אוסם סחר-שות.מוגבלת,,,"י""ח",3,"ק""ג",false,1,52.50,17.50,false,1,
7613036520492,false,פרפקטו רוטב עגבניות לפיצה  400ג,קבוצת אוסם סחר-שות.מוגבלת,,,"י""ח",4,ל 100 גרם,false,1,9.90,2.48,true,1,
7613037686906,false,פיטנס דבש ושקדים 355  גר`:,קבוצת אוסם סחר-שות.מוגבלת,,,"י""ח",3.55,ל 100 גרם,false,1,22.90,6.45,true,1,
7613038451954,false,קראנץ שוקולד מופחת סוכר 410גר,קבוצת אוסם סחר-שות.מוגבלת,,,"י""ח",4.10,ל 100 גרם,false,1,19.90,4.85,true,1,
7613039771174,false,טבעול סנסשיונל טחון צמחוני 226ג,קבוצת אוסם סחר-שות.מוגבלת,,,"י""ח",2.26,ל 100 גרם,false,1,33.90,15,false,1,
7613287325853,false,מטבל איולי ספייסי 295גר,קבוצת אוסם סחר-שות.מוגבלת,,,"י""ח",2.95,"ל 100 מ""ל",false,1,14.90,5.05,true,1,
7622010001858,false,אוראו 176 גרם ממולא קרם  בטעם וניל,דיפלומט מפיצים (1968) בעמ**,,,"י""ח",1.76,ל 100 גרם,false,1,8.90,5.06,true,1,
7622201137052,false,מילקה מיני קוקיז 110גר,דיפלומט מפיצים (1968) בעמ**,,,"י""ח",1.10,ל 100 גרם,false,1,8.60,7.82,true,1,
7622201139278,false,פילדלפיה  27% שומן 150ג,נטו מלינדה סחר בעמ,,,"י""ח",1.50,ל 100 גרם,false,1,14.90,9.93,false,1,
7622201401900,false,עוגיות מילקה סנסיישן אוראו 156ג,דיפלומט מפיצים (1968) בעמ**,,,"י""ח",1.56,ל 100 גרם,false,1,10.90,6.99,true,1,
7622201801809,false,מילקה אגוזי 100 ג,דיפלומט מפיצים (1968) בעמ**,,,"י""ח",1,ל 100 גרם,false,1,6.50,6.50,true,1,
7622201802363,false,מילקה צימוקים 100ג,דיפלומט מפיצים (1968) בעמ**,,,"י""ח",1,ל 100 גרם,false,1,6.50,6.50,true,1,
7622201802394,false,מילקה מסרונים חלב 100 ג,דיפלומט מפיצים (1968) בעמ**,,,"י""ח",1,ל 100 גרם,false,1,6.50,6.50,true,1,
7622201808631,false,אוראו מיני כוסות  בטעם וניל 67 גר,דיפלומט מפיצים (1968) בעמ**,,,"י""ח",0.67,"100 ס""מ",false,1,6.90,10.30,true,1,
7622201813390,false,מילקה וואפל במילוי קרם  בטעם קקאו 150גר,דיפלומט מפיצים (1968) בעמ**,,,"י""ח",1.50,ל 100 גרם,false,1,10.90,7.27,true,1,
7622210078131,false,מילקה שוקולד חלב עם דאיים 100ג.,דיפלומט מפיצים (1968) בעמ**,,,"י""ח",1,ל 100 גרם,false,1,6.50,6.50,true,1,
7622210163899,false,מילקה שוקולד חלב עם עדשים 100ג,דיפלומט מפיצים (1968) בעמ**,,,"י""ח",1,ל 100 גרם,false,1,6.50,6.50,true,1,
7622210453327,false,מילקה סנסיישן 156גר,דיפלומט מפיצים (1968) בעמ**,,,"י""ח",1.56,ל 100 גרם,false,1,12.90,8.27,true,1,
7622210464729,false,אוראו גולדן בד``צ 154גרם,דיפלומט מפיצים (1968) בעמ**,,,"י""ח",1.54,"100 ס""מ",false,1,6.90,4.48,true,1,
7622210664150,false,עוגיות אוראו וניל 396גר,דיפלומט מפיצים (1968) בעמ**,,,"י""ח",1.56,ל 100 גרם,false,1,14.90,9.55,false,1,
7622210826053,false,שוקולד מילקה אוראו סנדויץ 92ג,דיפלומט מפיצים (1968) בעמ**,,,"י""ח",0.92,ל 100 גרם,false,1,6.50,7.07,true,1,
7622300315283,false,אוראו  בטעם וניל בד``צ 154גרם.,דיפלומט מפיצים (1968) בעמ**,,,"י""ח",1.54,"100 ס""מ",false,1,6.90,4.48,true,1,
7622300489427,false,אוראו פאדגי בטעם  שוק לבן 240,דיפלומט מפיצים (1968) בעמ**,,,"י""ח",2.64,ל 100 גרם,false,1,17.90,6.78,true,1,
7622300503079,false,מילקה מוו ביסקויט,דיפלומט מפיצים (1968) בעמ**,,,"י""ח",2,ל 100 גרם,false,1,10.90,5.45,true,1,
7622300617820,false,מילקה אוראו  100 ג,דיפלומט מפיצים (1968) בעמ**,,,"י""ח",1,ל 100 גרם,false,1,5.90,5.90,true,1,
7622300761363,false,עוגיות מיני אוראו קרם  בטעם שקולד  67גר.,דיפלומט מפיצים (1968) בעמ**,,,"י""ח",0.67,ל 100 גרם,false,1,6.90,10.30,true,1,
7630477891738,false,סטארבקס קפסולות אספרסו בלונד 53גר,קבוצת אוסם סחר-שות.מוגבלת,,,"י""ח",0.53,ל 100 גרם,false,1,21.90,41.32,true,1,
7702018321520,false,"דאו סטיק מתקדם 45מ""ל AI",דיפלומט מפיצים 1968 בעמ,,,"י""ח",1,"י""ח",false,1,19.90,19.90,false,1,
7702024074625,false,פיטנס חטיפי קרקר חיטה מלאה 234גר,קבוצת אוסם סחר-שות.מוגבלת,,,"י""ח",2.34,ל 100 גרם,false,1,12.90,5.51,false,1,
7702174066631,false,לקקן פין פופ 10 יח`180גר`,ליימן שליסל,,,"י""ח",1.80,"ל 100 מ""ל",false,1,8.90,4.94,false,1,
7702174068826,false,לקקן 12 יחידות,ליימן שליסל,,,"י""ח",2.16,ל 100 גרם,false,1,11.90,5.51,false,1,
7702174070201,false,לקקן יוגטה מג`יק 216גר,ליימן שליסל,,,"י""ח",2.16,ל 100 גרם,false,1,9.90,4.58,false,1,
7702174073783,false,לקקן פין פופ 10יח טעם קולה,ליימן שליסל,,,"י""ח",2.16,ל 100 גרם,false,1,8.90,4.12,false,1,
7798378440018,false,אוכמניות,ביכורי השדה צפון 1994 ג.ד. בעמ,,,"י""ח",1,,false,1,14.90,14.90,true,1,
7798382150019,false,אוכמניות,ביכורי השדה צפון 1994 ג.ד. בעמ,,,"י""ח",1,,false,1,14.90,14.90,false,1,
7891024124826,false,"קולגייט  אופטיק וייט 75מ""ל",ש.שסטוביץ בעמ,,,"י""ח",0.75,"ל 100 מ""ל",false,1,19.90,26.53,true,1,
8000070003811,false,קפסולות לוואצה 7.5גר רמת חוזק 11,ליימן שליסל,,,"י""ח",1,ל 100 גרם,false,1,29.90,29.90,true,1,
8000380003723,false,גרנד פטיסרי אגוז 100,ליימן שליסל,,,"י""ח",1,,false,1,12.90,12.90,true,1,
8000380004676,false,וופל לואקר  וניל סנדוויץ 200 ג`,ליימן שליסל,,,"י""ח",2,ל 100 גרם,false,1,12.90,6.45,true,1,
8000380004911,false,לואקר קוארדטיני אגוז 250גר`.,ליימן שליסל,,,"י""ח",2.50,ל 100 גרם,false,1,13.90,5.56,false,1,
8000380004966,false,קואדרטיטני  שוקולד 250ג,ליימן שליסל,,,"י""ח",2.50,ל 100 גרם,false,1,13.90,5.56,false,1,
8000380007257,false,וופל גרדנה 200 ג  מצופה,ליימן שליסל,,,"י""ח",2,ל 100 גרם,false,1,14.50,7.25,true,1,
8000380007264,false,וופל לואקר קקאו 175 גרם,ליימן שליסל,,,"י""ח",1.75,ל 100 גרם,false,1,11.80,6.74,false,1,
8000380106028,false,טורטינה 1/6,ליימן שליסל,,,"י""ח",1.25,ל 100 גרם,false,1,18.90,15.12,false,1,
8000380156856,false,שוקולד לואקר לבן 87ג,ליימן שליסל,,,"י""ח",0.87,ל 100 גרם,false,1,7.90,9.08,false,1,
8000380157587,false,לואקר שוקולד 5 262גר,ליימן שליסל,,,"י""ח",2.62,ל 100 גרם,false,1,13.90,5.31,true,1,
8000380192243,false,לואקר מקסי 200ג טעם אגוזים,ליימן שליסל,,,"י""ח",2,ל 100 גרם,false,1,13.90,6.95,false,1,
8000380201396,false,טורטינה 1/6,ליימן שליסל,,,"י""ח",1.25,ל 100 גרם,false,1,18.90,15.12,false,1,
8000380205523,false,וופל לואקר חמאת בוטנים  175ג,ליימן שליסל,,,"י""ח",1.75,ל 100 גרם,false,1,11.80,6.74,false,1,
8000380206896,false,וופל גרדנה 200 ג  חמאת בוטנים,ליימן שליסל,,,"י""ח",2,ל 100 גרם,false,1,14.50,7.25,true,1,
8000500023624,false,הפי היפו 10 חמישיות,פרימיום - חברה לדברי מתיקה ולמ,,,"י""ח",0.90,ל 100 גרם,false,1,12.90,14.33,false,1,
8000500023976,false,בונבוניירת רפאלו 150 ג,פרימיום - חברה לדברי מתיקה ולמ,,,"י""ח",1.50,ל 100 גרם,false,1,16.90,11.27,false,1,
8000500026731,false,ביצי שוקולד קינדר מארז 3 יח סופרייז,פרימיום - חברה לדברי מתיקה ולמ,,,"י""ח",0.60,ל 100 גרם,false,1,15.90,26.50,true,1,
8000500029350,false,קינדר בואנו שלישייה,פרימיום - חברה לדברי מתיקה ולמ,,,"י""ח",1.20,ל 100 גרם,false,1,10,8.33,true,1,
8000500037874,false,רושר בונ  200 גר,פרימיום - חברה לדברי מתיקה ולמ,,,"י""ח",2,ל 100 גרם,false,1,25.50,12.75,false,1,
8000500071083,false,קינדר שוקולד 200 גרם,פרימיום - חברה לדברי מתיקה ולמ,,,"י""ח",2,ל 100 גרם,false,1,12.90,6.45,false,1,
8000500075708,false,קינדר ג וי שלשות כחול,פרימיום - חברה לדברי מתיקה ולמ,,,"י""ח",3,"י""ח",false,1,16.90,5.63,false,1,
8000500121436,false,קינדר בואנו לבן שלשות,פרימיום - חברה לדברי מתיקה ולמ,,,"י""ח",3,"י""ח",false,1,10,3.33,true,1,
8000500126325,false,קינדר ג וי שלשות ורוד,פרימיום - חברה לדברי מתיקה ולמ,,,"י""ח",3,"י""ח",false,1,16.90,5.63,false,1,
8000500167656,false,קינדר שוקולד עם חלב ודגנים  96ג,פרימיום - חברה לדברי מתיקה ולמ,,,"י""ח",0.96,ל 100 גרם,false,1,7.70,8.02,false,1,
8000500227848,false,וופל נוטלה  בי רדי שישייה 132ג,פרימיום - חברה לדברי מתיקה ולמ,,,"י""ח",1.32,ל 100 גרם,false,1,12.90,9.77,false,1,
8000500247167,false,פררו קולקשיון 275ג,פרימיום - חברה לדברי מתיקה ולמ,,,"י""ח",2.75,ל 100 גרם,false,1,44.90,16.33,false,1,
8000500249352,false,קינדר בואנו מיני מיקס,פרימיום - חברה לדברי מתיקה ולמ,,,"י""ח",3,"י""ח",false,1,19.90,6.63,false,1,
8000500267103,false,קינדר דליס  }עוגות{,פרימיום - חברה לדברי מתיקה ולמ,,,"י""ח",4.20,"י""ח",false,1,19.90,4.74,true,1,
8000500269169,false,קינדר קארדס 128ג,פרימיום - חברה לדברי מתיקה ולמ,,,"י""ח",1.28,"י""ח",false,1,13.90,10.86,false,1,
8000500386941,false,נוטלה 900ג,פרימיום - חברה לדברי מתיקה ולמ,,,"י""ח",9,ל 100 גרם,false,1,31.90,3.54,true,1,
8001003202028,false,יוגטה גלי טעם מנטה 80גר,ליימן שליסל,,,"י""ח",0.80,ל 100 גרם,false,1,4.90,6.13,false,1,
8001003202035,false,יוגטה גלי טעם פירות 80גר,ליימן שליסל,,,"י""ח",0.80,ל 100 גרם,false,1,4.90,6.13,false,1,
8001090016003,false,פיירי טבלאות למדיח 84יח.,דיפלומט מפיצים 1968 בעמ,,,"י""ח",84,"י""ח",false,1,59.90,0.71,false,1,
8001090184412,false,"פיירי לימון  900מ""ל",דיפלומט מפיצים 1968 בעמ,,,"י""ח",9,"ל 100 מ""ל",false,1,14.90,1.66,true,1,
8001090379337,false,פמפרס פרמיום VP מידה 3  1/40,דיפלומט מפיצים 1968 בעמ,,,"י""ח",40,"י""ח",false,1,34.90,0.87,true,1,
8001090734044,false,אולדייז מגה פק נורמל פרש 78 יח`,דיפלומט מפיצים 1968 בעמ,,,"י""ח",78,"י""ח",false,1,19.90,0.26,true,1,
8001090832535,false,"פנטן שמפו שמן מרוקאי משקם 660מ""ל",דיפלומט מפיצים 1968 בעמ,,,"י""ח",6.60,"ל 100 מ""ל",false,1,22.90,3.47,false,1,
8001090832610,false,"פנטן שמפו למגע רך כמשי 660מ""ל",דיפלומט מפיצים 1968 בעמ,,,"י""ח",6.60,"ל 100 מ""ל",false,1,22.90,3.47,false,1,
8001090832771,false,"פנטן שמפו הזנת קרטין  660מ""ל",דיפלומט מפיצים 1968 בעמ,,,"י""ח",6.60,"ל 100 מ""ל",false,1,22.90,3.47,false,1,
8001090832856,false,"פנטן קונדישנר מרוקאי משקם  660מ""ל",דיפלומט מפיצים 1968 בעמ,,,"י""ח",6.60,"ל 100 מ""ל",false,1,22.90,3.47,false,1,
8001090832931,false,"פנטן קונדישנר מגע רך  660מ""ל",דיפלומט מפיצים 1968 בעמ,,,"י""ח",6.60,"ל 100 מ""ל",false,1,22.90,3.47,false,1,
8001090833051,false,"פנטן קונדישנר הזנת קרטין  660מ""ל",דיפלומט מפיצים 1968 בעמ,,,"י""ח",6.60,"ל 100 מ""ל",false,1,22.90,3.47,false,1,
8001090833136,false,אריאל גל כביסה 2.255ליטר בייבי,דיפלומט מפיצים 1968 בעמ,,,"י""ח",2.2550,ליטר,false,1,31.90,14.15,false,1,
8001090833167,false,אריאל גל קולור 2.36ל ניחוח הרים,דיפלומט מפיצים 1968 בעמ,,,"י""ח",2.36,ליטר,false,1,31.90,13.52,false,1,
8001090833228,false,אריאל גל קולור 2.36ל,דיפלומט מפיצים 1968 בעמ,,,"י""ח",2.36,ליטר,false,1,31.90,13.52,false,1,
8001090886385,false,לנור כדוריות הריח רענן  140ג,דיפלומט מפיצים 1968 בעמ,,,"י""ח",1.80,"ל 100 מ""ל",false,1,19.90,11.06,false,1,
8001090899194,false,תחבושות אולוויז פלטינום נורמל,דיפלומט מפיצים 1968 בעמ,,,"י""ח",1,,false,1,19.90,19.90,true,1,
8001090899255,false,תחבושות אולוויז פלטינום לילה,דיפלומט מפיצים 1968 בעמ,,,"י""ח",1,,false,1,19.90,19.90,true,1,
8001090943095,false,פיירי אנטי בקטריאלי 1.015ל,דיפלומט מפיצים 1968 בעמ,,,"י""ח",1.01,ליטר,false,1,15.90,15.74,true,1,
8001090988447,false,"פנטן מרכך לתלתלים מושלמים  500מ""ל",דיפלומט מפיצים 1968 בעמ,,,"י""ח",5,"ל 100 מ""ל",false,1,17.90,3.58,false,1,
8001620011935,false,סן בנדטו שישיה 0.5 ל מוגז עדין,טמפו משקאות בעמ,,,"י""ח",3,ליטר,false,1,13.90,4.03,true,1,
8001620015636,false,"משקה פירות פרוטה בטעם מיקס פירות 400מ""",טמפו משקאות בעמ,,,"י""ח",0.40,"ל 100 מ""ל",false,1,6.90,16.50,true,1,
8001620018408,false,"סן בנדטו מנגו תפוח 400מ""ל",טמפו משקאות בעמ,,,"י""ח",0.40,"ל 100 מ""ל",false,1,6.90,16.50,true,1,
8001841053646,false,אולוייז עבה נורמל פלוס 16יח,דיפלומט מפיצים 1968 בעמ,,,"י""ח",1,,false,1,12.90,12.90,false,1,
8001841053806,false,אולוייז עבה לילה  12יח,דיפלומט מפיצים 1968 בעמ,,,"י""ח",1,,false,1,12.90,12.90,false,1,
8001841625188,false,"פיירי פלטינום לימון 515מ""ל",דיפלומט מפיצים 1968 בעמ,,,"י""ח",5,"ל 100 מ""ל",false,1,9.90,1.98,false,1,
8001841625287,false,פיירי פלטינום לימון 1.015ל,דיפלומט מפיצים 1968 בעמ,,,"י""ח",1.01,ליטר,false,1,15.90,15.74,true,1,
8001841625508,false,פיירי  אורגינל 1.015ל,דיפלומט מפיצים 1968 בעמ,,,"י""ח",1.01,ליטר,false,1,15.90,15.74,true,1,
8001841669465,false,אריאל קפסולות 24יח ניחוח לינור,דיפלומט מפיצים 1968 בעמ,,,"י""ח",24,"י""ח",false,1,32.90,1.37,true,1,
8001841669519,false,אריאל קפסולות לכביסה 55 יח,דיפלומט מפיצים 1968 בעמ,,,"י""ח",55,"י""ח",false,1,59.90,1.09,true,1,
8001841941929,false,אולוויז וליו פק  לילה אקסטרא 16יח,דיפלומט מפיצים 1968 בעמ,,,"י""ח",1,,false,1,25.90,25.90,true,1,
8001931120944,false,קן לציפור דק 500גר,נאמן לאורך זמן בעמ,,,"י""ח",5,ל 100 גרם,false,1,7.50,1.50,false,1,
8001931120982,false,קן לציפור עבה 500גר,נאמן לאורך זמן בעמ,,,"י""ח",5,ל 100 גרם,false,1,7.50,1.50,false,1,
8001931121002,false,קן לציפור דק 500גר,נאמן לאורך זמן בעמ,,,"י""ח",5,ל 100 גרם,false,1,7.50,1.50,false,1,
8002267014945,false,ביצת הפתעה 1/3 60ג,ש.שסטוביץ בעמ,,,"י""ח",0.60,ל 100 גרם,false,1,12.90,21.50,false,1,
8002270866524,false,מים סן פלגרינו 1ליטר בקבוק פלסטיק,טמפו משקאות בעמ,,,"י""ח",1,ליטר,false,1,8.90,8.90,true,1,
8003440997857,false,מסטיק מנטוס פיור פרש אריזה 100יח מנטה,ליימן שליסל,,,"י""ח",100,"י""ח",false,1,19.90,0.20,false,1,
8004030344938,false,טונה ריו 80 גרם(מארז   שלישיה).,ש.שסטוביץ בעמ,,,"י""ח",2.40,ל 100 גרם,false,1,24.90,10.38,false,1,
8005110170300,false,עגבניות מרוסקות1/3 400ג  MUTTI,רסטרטו יבוא ושיווק בעמ,,,"י""ח",4,ל 100 גרם,false,1,18.90,4.73,false,1,
8005200256587,false,נסטי בטעם אפרסק 1.5ל,טמפו משקאות בעמ,,,"י""ח",1.50,ליטר,false,1,8.50,5.47,true,1,
8005200286584,false,נסטי בטעם מנגו אננס 1.5ל,טמפו משקאות בעמ,,,"י""ח",1.50,ליטר,false,1,8.50,5.47,true,1,
8006540112793,false,"לנור מרכך מרוכז יסמין 900מ""ל",דיפלומט מפיצים 1968 בעמ,,,"י""ח",9,"ל 100 מ""ל",false,1,15.90,1.77,true,1,
8006540112823,false,"לנור מרכך מרוכז אוריינוס 900מ""ל",דיפלומט מפיצים 1968 בעמ,,,"י""ח",9,"ל 100 מ""ל",false,1,15.90,1.77,true,1,
8006540112854,false,"לנור מרכך מרוכז בייבי לבן 900מ""ל.",דיפלומט מפיצים 1968 בעמ,,,"י""ח",9,"ל 100 מ""ל",false,1,15.90,1.77,true,1,
8006540425930,false,אריאל קפסולות 24יח לכתמים קשים.,דיפלומט מפיצים 1968 בעמ,,,"י""ח",24,"י""ח",false,1,32.90,1.37,false,1,
8006540463550,false,פיירי טבלאות למדיח 63יח פלטינום,דיפלומט מפיצים 1968 בעמ,,,"י""ח",63,"י""ח",false,1,54.90,0.87,false,1,
8007178120310,false,"חומץ בלסמי 500 מ""ל (דיפלומט)",דיפלומט מפיצים (1968) בעמ**,,,"י""ח",5,"ל 100 מ""ל",false,1,21.90,4.38,false,1,
8008743002536,false,מטבעות שוקולד 50ג,שוקוטרייד בעמ,,,"י""ח",5,ל 100 גרם,false,1,4.90,0.98,false,1,
8008743015611,false,מכוניות פרצופים ברשת 85ג,שוקוטרייד בעמ,,,"י""ח",0.85,ל 100 גרם,false,1,8.90,10.47,false,1,
8008743026389,false,פרלי דובדבן בליקר 450ג,שוקוטרייד בעמ,,,"י""ח",4,ל 100 גרם,false,1,29.90,7.48,false,1,
8008743038993,false,פרלינים מעורב 450ג,שוקוטרייד בעמ,,,"י""ח",4.50,ל 100 גרם,false,1,25.90,5.76,false,1,
8008743048824,false,דובדבן בליקר שקית 90ג,שוקוטרייד בעמ,,,"י""ח",0.90,ל 100 גרם,false,1,9.90,11,false,1,
8008743055266,false,פרלי%72 קקאו שקית 90ג,שוקוטרייד בעמ,,,"י""ח",0.90,ל 100 גרם,false,1,9.90,11,false,1,
8008743055334,false,פרלי קקאו שקית 90ג,שוקוטרייד בעמ,,,"י""ח",0.90,ל 100 גרם,false,1,9.90,11,false,1,
8008743055341,false,פרלי אגוז שקית 90ג,שוקוטרייד בעמ,,,"י""ח",0.90,ל 100 גרם,false,1,9.90,11,false,1,
8008912010034,false,ספגטי מספר3  500ג,תה ויסוצקי (ישראל)בעמ,,,"י""ח",5,ל 100 גרם,false,1,7.90,1.58,true,1,
8008912010300,false,פסטה פרפלה מספר 30 500ג,תה ויסוצקי (ישראל)בעמ,,,"י""ח",5,ל 100 גרם,false,1,7.90,1.58,true,1,
8008912010317,false,פסטה פוזילי מספר31 500ג,תה ויסוצקי (ישראל)בעמ,,,"י""ח",5,ל 100 גרם,false,1,7.90,1.58,true,1,
8009470009164,false,סימבה כלב שימורים 415ג טעם כבש,נאמן לאורך זמן בעמ,,,"י""ח",4.15,ל 100 גרם,false,1,3.90,0.94,false,1,
8009470009171,false,סימבה כלב שימורים 415ג בשר צייד,נאמן לאורך זמן בעמ,,,"י""ח",4.15,ל 100 גרם,false,1,3.90,0.94,false,1,
8011033011279,false,"קוסקוס 1ק""ג דין",דין שיווק וקליה 2021 בעמ,,,"י""ח",1,"ק""ג",false,1,11.90,11.90,false,1,
8014601999870,false,"קמח סמולינה דורום שף קפוטו 1ק""ג",דיפלומט מפיצים (1968) בעמ**,,,"י""ח",1,"ק""ג",false,1,12.90,12.90,false,1,
8021886312997,false,בלון 12  באהבה    5יח .,שמחה זה אנחנו,,,"י""ח",1,,false,1,8.90,8.90,false,1,
8032793344520,false,עגבניות שפופרת 200 גרם,גורי מוצרי צריכה בעמ,,,"י""ח",2,ל 100 גרם,false,1,7.90,3.95,true,1,
8076800195033,false,ברילה ספגטי מס3.,ש.שסטוביץ בעמ,,,"י""ח",5,ל 100 גרם,false,1,6.90,1.38,false,1,
8076800195057,false,ברילה ספגטיני מס  5,ש.שסטוביץ בעמ,,,"י""ח",5,ל 100 גרם,false,1,6.90,1.38,false,1,
8076800195132,false,ברילה פסטה בבטה 13,ש.שסטוביץ בעמ,,,"י""ח",5,ל 100 גרם,false,1,6.90,1.38,false,1,
8076800315097,false,ברילה בוקטיני 9,ש.שסטוביץ בעמ,,,"י""ח",5,ל 100 גרם,false,1,6.90,1.38,false,1,
8076802085936,false,ברילה קונציליאה מס3.,ש.שסטוביץ בעמ,,,"י""ח",5,ל 100 גרם,false,1,6.90,1.38,false,1,
8076802085981,false,ברילה פסטה פוזילי 98,ש.שסטוביץ בעמ,,,"י""ח",5,ל 100 גרם,false,1,6.90,1.38,false,1,
8076808050440,false,ברילה מקרוני-44,ש.שסטוביץ בעמ,,,"י""ח",5,ל 100 גרם,false,1,6.90,1.38,false,1,
8076808060654,false,ברילה פרפלה-65,ש.שסטוביץ בעמ,,,"י""ח",5,ל 100 גרם,false,1,6.90,1.38,false,1,
8076808150072,false,ברילה ספגטי-7,ש.שסטוביץ בעמ,,,"י""ח",5,ל 100 גרם,false,1,6.90,1.38,false,1,
8076809512268,false,ברילה גירנדולה-בורג-34,ש.שסטוביץ בעמ,,,"י""ח",5,ל 100 גרם,false,1,6.90,1.38,false,1,
8076809513654,false,רוטב ברילה בסיס בלונז,ש.שסטוביץ בעמ,,,"י""ח",4,ל 100 גרם,false,1,14.90,3.73,true,1,
8076809513692,false,רוטב ברילה  נפוליטנה,ש.שסטוביץ בעמ,,,"י""ח",4,ל 100 גרם,false,1,14.90,3.73,true,1,
8076809519977,false,ברילה אורקייטה 500ג,ש.שסטוביץ בעמ,,,"י""ח",5,ל 100 גרם,false,1,13.90,2.78,false,1,
8076809523714,false,פסטה טליאטלה,ש.שסטוביץ בעמ,,,"י""ח",5,ל 100 גרם,false,1,24.90,4.98,false,1,
8076809523738,false,לזניה ברילה 500 גרם,ש.שסטוביץ בעמ,,,"י""ח",5,ל 100 גרם,false,1,24.90,4.98,false,1,
8076809545464,false,ברילה ללא גלוטן בצורת ספירלי 400גר,ש.שסטוביץ בעמ,,,"י""ח",5,ל 100 גרם,false,1,14.90,2.98,false,1,
8076809578998,false,ברילה סטלינה 500ג,ש.שסטוביץ בעמ,,,"י""ח",5,ל 100 גרם,false,1,6.90,1.38,false,1,
8121300208780,false,טרוביה תחליף סוכר לכל מטרה 360ג,גורי ע.ע.ע. בעמ,,,"י""ח",3.60,"ל 100 מ""ל",false,1,34.90,9.69,true,1,
8410076600622,false,חטיפי ניצ`ר ואלי קראנצי שבבי שוקולד מריר,ליימן שליסל,,,"י""ח",2.10,ל 100 גרם,false,1,19.90,9.48,true,1,
8410104039134,false,פיניש מנקה מדיח כלים,רקיט בנקיזר (ניר איסט) בעמ,,,"י""ח",2.50,"ל 100 מ""ל",false,1,14.90,5.96,true,1,
8410104045111,false,פיניש מלח למדיח.,רקיט בנקיזר (ניר איסט) בעמ,,,"י""ח",1,"י""ח",false,1,14.90,14.90,false,1,
8412497913992,false,"בקבוק פלסטיק גדול 600מ""ל פרוזן",שמחה זה אנחנו,,,"י""ח",1,,false,1,29.90,29.90,false,1,
8420822130624,false,"סופר מסיר כתמים 750מ""ל.",יעקב יעקבי ובניו בעמ,,,"י""ח",7.50,ל 100 גרם,false,1,15.90,2.12,false,1,
8423207208697,false,חטיף בריאות במילוי שוקולד לבן ילדים,ש.שסטוביץ בעמ,,,"י""ח",2.83,ל 100 גרם,false,1,12.90,4.56,true,1,
8423207209885,false,חטיף בריאות במילוי שוקולד חלב,ש.שסטוביץ בעמ,,,"י""ח",2.83,ל 100 גרם,false,1,12.90,4.56,true,1,
8423207210928,false,סלים דליס טופינג אגוזי לוז,ש.שסטוביץ בעמ,,,"י""ח",2.83,ל 100 גרם,false,1,12.90,4.56,true,1,
8435495805106,false,"ביומט 5 ק""ג",ליימן שליסל,,,"י""ח",5,"ק""ג",false,1,33.90,6.78,false,1,
8435495805168,false,"תינוקלין 1.250 ק""ג",ליימן שליסל,,,"י""ח",1.25,"ק""ג",false,1,24.90,19.92,false,1,
8435495807636,false,תינוקלין גל כביסה 2ל,ליימן שליסל,,,"י""ח",5,"ק""ג",false,1,29.90,5.98,false,1,
8437011503077,false,"טורטיה  24ס""מ 360גר",מור ים מרקטינג בעמ,,,"י""ח",3.60,ל 100 גרם,false,1,9.90,2.75,false,1,
8445290427120,false,פיטנס שוקולד מריר ובננה 330  גר`:,קבוצת אוסם סחר-שות.מוגבלת,,,"י""ח",3.30,ל 100 גרם,false,1,22.90,6.94,true,1,
8606018615827,false,פיינט אוראו,נגה גלידות,,,"י""ח",4.80,ל 100 גרם,false,1,21.90,4.56,false,1,
8606018615865,false,פיינט מילקה קרמל ליבת שוקולד,נגה גלידות,,,"י""ח",4.80,ל 100 גרם,false,1,21.90,4.56,false,1,
8680202110848,false,שמרים נמסים בוואקום  454 גר,נאמן לאורך זמן בעמ,,,"י""ח",4.50,ל 100 גרם,false,1,11.90,2.64,false,1,
8680913060715,false,פח תלוי,שפע טוב סנטר בעמ,,,"י""ח",10,"י""ח",false,1,4.90,0.49,false,1,
8681982060668,false,מארז קופסאות.,פיקס יבוא (ש.ע) בעמ,,,"י""ח",1,,false,1,19.90,19.90,true,1,
8683130008355,false,מיונז הלמנס שום לחיץ 400ג,יוניליוור ישראל שיווק בעמ,,,"י""ח",4,ל 100 גרם,false,1,12.90,3.23,false,1,
8683130008935,false,הלמנס קטשיונז 425ג,יוניליוור ישראל שיווק בעמ,,,"י""ח",4.25,ל 100 גרם,false,1,12.90,3.04,false,1,
8683130025574,false,"בדין אקסטרא לבנדר 960 מ""ל",יוניליוור ישראל שיווק בעמ,,,"י""ח",9.60,"ל 100 מ""ל",false,1,15.90,1.66,true,1,
8683130025581,false,"בדין אקסטרא ענבר 960 מ""ל",יוניליוור ישראל שיווק בעמ,,,"י""ח",9.60,"ל 100 מ""ל",false,1,15.90,1.66,true,1,
8683323063024,false,יוגטה ג`לי  טעם פירות 220גר,ליימן שליסל,,,"י""ח",2.20,ל 100 גרם,false,1,7.90,3.59,false,1,
8686868600075,false,אביזרי שיער,אל האופק שיווק וסחר,,,"י""ח",1,,false,1,9.90,9.90,false,1,
8686868600129,false,אביזרי שיער,אל האופק שיווק וסחר,,,"י""ח",1,,false,1,12.90,12.90,false,1,
8686868600174,false,אביזרי שיער,אל האופק שיווק וסחר,,,"י""ח",1,,false,1,19.90,19.90,false,1,
8690504081913,false,טינס מצופה שוקולד חלב 150ג,תה ויסוצקי (ישראל)בעמ,,,"י""ח",1.50,ל 100 גרם,false,1,9.90,6.60,true,1,
8690572799529,false,"שמפו קרטין 500 מ""ל  SYOSS",הנקל סוד בעמ,,,"י""ח",5,"ל 100 מ""ל",false,1,11.90,2.38,true,1,
8690572799543,false,"שמפו לחיזוק שורשי סיב 500 מ""ל  SYOSS",הנקל סוד בעמ,,,"י""ח",5,"ל 100 מ""ל",false,1,11.90,2.38,true,1,
8690637073434,false,ארל גריי 100 סרוויס,יוניליוור ישראל שיווק בעמ,,,"י""ח",2,ל 100 גרם,false,1,24.90,12.45,false,1,
8690637505607,false,"בדין אקסטרא פינוק קלאסי 960 מ""ל",יוניליוור ישראל שיווק בעמ,,,"י""ח",9.60,"ל 100 מ""ל",false,1,15.90,1.66,true,1,
8690637505614,false,"בדין אקסטרא פינוק קוקוס 960 מ""ל",יוניליוור ישראל שיווק בעמ,,,"י""ח",9.60,"ל 100 מ""ל",false,1,15.90,1.66,true,1,
8690637704277,false,"דאב  600מ""ל שמפו  רגיל",יוניליוור ישראל שיווק בעמ,,,"י""ח",6,"ל 100 מ""ל",false,1,15.90,2.65,true,1,
8690637842382,false,מגנום דאבל פרי יער,גלידות שטראוס בעמ,,,"י""ח",0.85,ל 100 גרם,false,1,10,11.76,true,1,
8690637842399,false,מאגדת מגנום מיני דאבל פרי יער שוקולד,גלידות שטראוס בעמ,,,"י""ח",3.79,ל 100 גרם,false,1,25.90,6.83,false,1,
8690637871245,false,ממרח אמיתי הלמנס 395 גר`לחיץ,יוניליוור ישראל שיווק בעמ,,,"י""ח",7.89,ל 100 גרם,false,1,14.90,1.89,false,1,
8690637946301,false,"בדין אקסטרא בייבי  960 מ""ל",יוניליוור ישראל שיווק בעמ,,,"י""ח",9.60,"ל 100 מ""ל",false,1,15.90,1.66,false,1,
8690637976995,false,"בדין אקסטרא ורוד סחלב 960 מ""ל",יוניליוור ישראל שיווק בעמ,,,"י""ח",9.60,"ל 100 מ""ל",false,1,15.90,1.66,true,1,
8690637989629,false,מגנום דאבל דולצ`ה גולד,גלידות שטראוס בעמ,,,"י""ח",0.85,ל 100 גרם,false,1,10,11.76,true,1,
8690766156381,false,שוקולד מריר מעולה 90% קקאו 90גר Godi,תה ויסוצקי (ישראל)בעמ,,,"י""ח",0.90,ל 100 גרם,false,1,14.90,16.56,true,1,
8690777203012,false,פלפל ירוק כבוש לא חריף SERA 600גר`,ג.וילי פוד אינטרנשיונל בעמ,,,"י""ח",6,ל 100 גרם,false,1,10.90,1.82,false,1,
8690777221405,false,פלפל אדום קלוי על האש 650 גר`SERA,ג.וילי פוד אינטרנשיונל בעמ,,,"י""ח",6.50,ל 100 גרם,false,1,10.90,1.68,false,1,
8690784516440,false,דאק סבון ניקוי לאסלה,דנשר (1963) בעמ,,,"י""ח",7.50,"ל 100 מ""ל",false,1,8.90,1.19,false,1,
8690784614665,false,דאק סבון ניקוי לאסלה בניחוח ים,דנשר (1963) בעמ,,,"י""ח",0.30,"ל 100 מ""ל",false,1,8.90,29.67,true,1,
8690784614771,false,דאק סבון ניקוי לאסלה בניחוח רענן,דנשר (1963) בעמ,,,"י""ח",0.30,"ל 100 מ""ל",false,1,8.90,29.67,true,1,
8690784711777,false,דאק סבון אקטיבי ים עם אקונומיקה,דנשר (1963) בעמ,,,"י""ח",0.30,"ל 100 מ""ל",false,1,7.90,26.33,true,1,
8697040109323,false,סבון מוצק אסותא בודד,עיסא ערטול בעמ-סוכן הנקל סוד,,,"י""ח",1,ל 100 גרם,false,1,4.90,4.90,true,1,
8697530910743,false,פאל מאל לייט קצר בודד,גלוברנדס בעמ,,,"י""ח",1,,false,1,29.50,29.50,false,1,
8697530910750,false,פאל מאל כחול ארוך,גלוברנדס בעמ,,,"י""ח",1,,false,1,29.50,29.50,false,1,
8697530910781,false,פאל מאל אדום,גלוברנדס בעמ,,,"י""ח",0,"י""ח",false,1,29.50,29.50,false,1,
8697530910958,false,פאל מאל כחול ארוך,גלוברנדס בעמ,,,"י""ח",1,,false,1,290,290,false,1,
8699073292768,false,חציל קלוי על האש 640 גרם MELIS,ג.וילי פוד אינטרנשיונל בעמ,,,"י""ח",6.40,ל 100 גרם,false,1,10.90,1.70,false,1,
8699878420212,false,"מים מינרלים טבעי500מ""ל 12יח",עיסא ערטול בעמ-סוכן הנקל סוד,,,"י""ח",5,"ל 100 מ""ל",false,1,18.50,2.98,false,1,
8710502064814,false,עוגיות שוקו צ יפס במרקם רך 175גר מרבה,ש.שסטוביץ בעמ,,,"י""ח",2.25,ל 100 גרם,false,1,8.90,3.96,false,1,
8710502139017,false,עוגיות מרבה  מצופות שוקולד,ש.שסטוביץ בעמ,,,"י""ח",1.80,ל 100 גרם,false,1,8.90,4.94,false,1,
8710502194801,false,עוגיות מרבה שוקולד צ`יפס רכה פירות יער,ש.שסטוביץ בעמ,,,"י""ח",1.75,ל 100 גרם,false,1,8.90,5.09,false,1,
8710502231018,false,מרבה עוגיות שוקולד צ`יפס מיני  175גר`,ש.שסטוביץ בעמ,,,"י""ח",1.75,ל 100 גרם,false,1,9.90,5.66,false,1,
8710502279010,false,עוגיות שוקו צ יפס  175גר מרבה,ש.שסטוביץ בעמ,,,"י""ח",2.25,ל 100 גרם,false,1,8.90,3.96,false,1,
8710502470028,false,עוגיות נוגט לי 160גר`,ש.שסטוביץ בעמ,,,"י""ח",1.60,ל 100 גרם,false,1,8.90,5.56,false,1,
8710800961310,false,מנטוס תות 1/4,ליימן שליסל,,,"י""ח",1.50,ל 100 גרם,false,1,11.90,7.93,false,1,
8711000362631,false,קפסולות אספרסו L OR ONYX,דיפלומט מפיצים (1968) בעמ**,,,"י""ח",0.52,ל 100 גרם,false,1,19.90,38.27,true,1,
8711000371183,false,גייקובס קפסולות קפה אינטנסו,דיפלומט מפיצים (1968) בעמ**,,,"י""ח",0.52,ל 100 גרם,false,1,16.90,32.50,true,1,
8712000051099,false,"היינקן בקבוק  330מ""ל שישייה 0%.",טמפו משקאות בעמ,,,"י""ח",1.98,ליטר,false,1,31.90,15.20,true,1,
8712400802499,false,נוטרילון שלב 1 800 גרם,דיפלומט מפיצים (1968) בעמ**,,,"י""ח",8,ל 100 גרם,false,1,64.90,8.11,false,1,
8712400802512,false,נוטרילון שלב 2 800 גרם,דיפלומט מפיצים (1968) בעמ**,,,"י""ח",8,ל 100 גרם,false,1,64.90,8.11,false,1,
8712400802536,false,נוטרילון שלב 3 800 גרם,דיפלומט מפיצים (1968) בעמ**,,,"י""ח",8,ל 100 גרם,false,1,64.90,8.11,false,1,
8712561594608,false,"דאב סבון נוזלי להזנה עמוקה 750 מ""ל",יוניליוור ישראל שיווק בעמ,,,"י""ח",7.50,"ל 100 מ""ל",false,1,19.90,2.65,true,1,
8712561611411,false,"דאב סבון נוזלי תה ירוק ומלפפון 750 מ""ל",יוניליוור ישראל שיווק בעמ,,,"י""ח",7.50,"ל 100 מ""ל",false,1,19.90,2.65,true,1,
8714599410806,false,גייקובס קרוננג 160ג שקית,דיפלומט מפיצים (1968) בעמ**,,,"י""ח",1.60,ל 100 גרם,false,1,19.90,12.44,true,1,
8714599412336,false,גייקובס בריסטה אמריקנו קפה נמס עם קלוי,דיפלומט מפיצים (1968) בעמ**,,,"י""ח",1.60,ל 100 גרם,false,1,27.90,17.44,false,1,
8714599513781,false,.ג`ייקובס גולד 200 ג,דיפלומט מפיצים (1968) בעמ**,,,"י""ח",2,ל 100 גרם,false,1,25.90,12.95,false,1,
8714599513866,false,"ג""קובס קרוננג קפה נמס מיובש 200 גרם",דיפלומט מפיצים (1968) בעמ**,,,"י""ח",2,ל 100 גרם,false,1,23.90,11.95,true,1,
8714789402918,false,אג קס חגיגת פרחים 1.5ליטר אדום,ש.שסטוביץ בעמ,,,"י""ח",1.50,ליטר,false,1,19.90,13.27,false,1,
8714789402932,false,אג`קס חגיגת הפרחים ורוד 1.5 ליטר,ש.שסטוביץ בעמ,,,"י""ח",1.50,ליטר,false,1,19.90,13.27,false,1,
8714789402970,false,אג קס חגיגת פרחים 1.5ליטר  ירוק,ש.שסטוביץ בעמ,,,"י""ח",1.50,ליטר,false,1,19.90,13.27,false,1,
8714789450315,false,פלמוליב כלים שקוף לימון 1.5 ל`,ש.שסטוביץ בעמ,,,"י""ח",1.50,ליטר,false,1,15.90,10.60,false,1,
8714789797786,false,"פלמוליב כלים GLEASE BLASTER 750מ""ל",ש.שסטוביץ בעמ,,,"י""ח",7.50,"ל 100 מ""ל",false,1,11.90,1.59,true,1,
8714789835112,false,קולגייט מברשת חשמלית אופטיק וייט 360 ס,ש.שסטוביץ בעמ,,,"י""ח",1,,false,1,39.90,39.90,false,1,
8714789930848,false,"קולגייט  אופטיק וייט אינסטנט 75מ""ל",ש.שסטוביץ בעמ,,,"י""ח",7.50,"ל 100 מ""ל",false,1,19.90,2.65,true,1,
8715300238306,false,חמאה הולנדית ללא מלח 200גר,בני ג ורג שוקחה (חיפה) בעמ,,,"י""ח",2,ל 100 גרם,false,1,12.90,6.45,false,1,
8715700110141,false,מיונז היינץ 460 גרם צנצנת,דיפלומט מפיצים (1968) בעמ**,,,"י""ח",4.60,ל 100 גרם,false,1,11.90,2.59,false,1,
8715700115344,false,מתבל עגבניות 460גר היינץ,דיפלומט מפיצים (1968) בעמ**,,,"י""ח",4.60,ל 100 גרם,false,1,7.90,1.72,false,1,
8715700117805,false,"מתבל עגבניות ללא סוכר ומלח 400מ""ל",דיפלומט מפיצים (1968) בעמ**,,,"י""ח",4,ל 100 גרם,false,1,10.90,2.73,false,1,
8715700419732,false,מתבל עגבניות היינץ 700ג,דיפלומט מפיצים (1968) בעמ**,,,"י""ח",7,ל 100 גרם,false,1,12.90,1.84,false,1,
8715700421322,false,רוטב ברביקיו צ`ילי 490גר,דיפלומט מפיצים (1968) בעמ**,,,"י""ח",4.80,ל 100 גרם,false,1,16.90,3.52,false,1,
8715700422473,false,ממרח היינץ ללא חומרים משמרים 395גר,דיפלומט מפיצים (1968) בעמ**,,,"י""ח",3.95,ל 100 גרם,false,1,14.90,3.77,false,1,
8717163647226,false,"אקס בודי ספריי בלק 150מ""ל.",יוניליוור ישראל שיווק בעמ,,,"י""ח",1.50,"ל 100 מ""ל",false,1,11.90,7.93,false,1,
8717163647233,false,"אקס דאו בודי ספריי בלאק נייט  150מ""ל.",יוניליוור ישראל שיווק בעמ,,,"י""ח",1.50,"ל 100 מ""ל",false,1,11.90,7.93,false,1,
8717163647240,false,אקס  דאו`ספריי  שוקו  150 מ``ל.,יוניליוור ישראל שיווק בעמ,,,"י""ח",1.50,"ל 100 מ""ל",false,1,11.90,7.93,false,1,
8717163647264,false,"אקס בודי ספריי אייס צ`יל 150מ""ל.",יוניליוור ישראל שיווק בעמ,,,"י""ח",1.50,"ל 100 מ""ל",false,1,11.90,7.93,false,1,
8717163647301,false,"אקס ספריי גוף גולד 150מ""ל",יוניליוור ישראל שיווק בעמ,,,"י""ח",1.50,"ל 100 מ""ל",false,1,11.90,7.93,false,1,
8717163655825,false,"רקסונה ספריי נשים  כותנה 150מ""ל",יוניליוור ישראל שיווק בעמ,,,"י""ח",1.50,"ל 100 מ""ל",false,1,14.90,9.93,true,1,
8717644390566,false,רביעיית סבון מוצק דאבירוק.,יוניליוור ישראל שיווק בעמ,,,"י""ח",4,ל 100 גרם,false,1,14.90,3.73,false,1,
8718951167094,false,פלמוליב תפוז ליים  לכלים 1 ליטר,ש.שסטוביץ בעמ,,,"י""ח",1,ליטר,false,1,12.90,12.90,false,1,
8718951176874,false,"קולגייט מי פה מיניון 250מ""ל",ש.שסטוביץ בעמ,,,"י""ח",2.50,"ל 100 מ""ל",false,1,12.90,5.16,false,1,
8718951236790,false,"קולגייט טוטל קלין מינט  100מ""ל",ש.שסטוביץ בעמ,,,"י""ח",1,"ל 100 מ""ל",false,1,16.90,16.90,true,1,
8718951289833,false,סבון מוצק לומינוס פלמוליב 4 יח,ש.שסטוביץ בעמ,,,"י""ח",3.60,ל 100 גרם,false,1,16.90,4.69,true,1,
8718951315303,false,"קולגייט אדומה 100 מ""ל מארז זוג.",ש.שסטוביץ בעמ,,,"י""ח",2,"ל 100 מ""ל",false,1,19.80,9.90,false,1,
8718951334090,false,"סופלין מרכך כביסה מרוכז כחול650מ""ל",ש.שסטוביץ בעמ,,,"י""ח",0.65,ליטר,false,1,9.90,15.23,false,1,
8718951334120,false,"סופלין מרכך כביסה מרוכז לבנדר 650מ""ל",ש.שסטוביץ בעמ,,,"י""ח",0.65,ליטר,false,1,9.90,15.23,false,1,
8718951381292,false,"קולגייט מקס דיטוקס פואם  125מ""ל",ש.שסטוביץ בעמ,,,"י""ח",1.25,"ל 100 מ""ל",false,1,17.90,14.32,false,1,
8718951385290,false,אג`קס ניקוי כללי 2 ל כחול,ש.שסטוביץ בעמ,,,"י""ח",2,ליטר,false,1,22.90,11.45,false,1,
8718951391253,false,אג קס אנטי בקטריאלי 1.5ליטר מרענן כחול,ש.שסטוביץ בעמ,,,"י""ח",1.50,ליטר,false,1,19.90,13.27,false,1,
8718951391284,false,אג קס אנטי בקטריאלי 1.5ליטר אוקיינוס טור,ש.שסטוביץ בעמ,,,"י""ח",1.50,ליטר,false,1,19.90,13.27,false,1,
8718951431614,false,"פלמוליב סבון נוזלי סו פירם  750 מ""ל",ש.שסטוביץ בעמ,,,"י""ח",7.50,"ל 100 מ""ל",false,1,19.90,2.65,true,1,
8718951461444,false,"קולגייט טוטל הלבנה  זוג כשל""פ",ש.שסטוביץ בעמ,,,"י""ח",1,"ל 100 מ""ל",false,1,29.90,29.90,false,1,
8719200998001,false,בלבנד בלי מלח 200 גרם,דיפלומט מפיצים (1968) בעמ**,,,"י""ח",2,ל 100 גרם,false,1,4.50,2.25,false,1,
8719200998018,false,מחמאה מרגרינה בטעם חמאה 200 גרם..,דיפלומט מפיצים (1968) בעמ**,,,"י""ח",2,ל 100 גרם,false,1,4.60,2.30,false,1,
8719200998032,false,מזולה בטעם חמאה 250 גרם.,דיפלומט מפיצים (1968) בעמ**,,,"י""ח",2.50,ל 100 גרם,false,1,9.90,3.96,false,1,
8719200998049,false,מזולה בטעם טבעי 250 גרם,דיפלומט מפיצים (1968) בעמ**,,,"י""ח",2.50,ל 100 גרם,false,1,9.90,3.96,false,1,
8720181043093,false,"אקס בודי ספריי גוף אפלו 150מ""ל.",יוניליוור ישראל שיווק בעמ,,,"י""ח",1.50,"ל 100 מ""ל",false,1,11.90,7.93,false,1,
8720181046605,false,דאב דאו  ספריי 90ג,יוניליוור ישראל שיווק בעמ,,,"י""ח",0.90,"ל 100 מ""ל",false,1,14.90,16.56,true,1,
8720181046612,false,דאב דאו רול און.,יוניליוור ישראל שיווק בעמ,,,"י""ח",0.50,"ל 100 מ""ל",false,1,19.90,39.80,true,1,
8720181090202,false,"דאב תחליב רחצה משי  750 מ""ל",יוניליוור ישראל שיווק בעמ,,,"י""ח",7.50,"ל 100 מ""ל",false,1,19.90,2.65,true,1,
8801055707966,false,~קפה נמס בריסטה טסטר צוייס 180 ג`,קבוצת אוסם סחר-שות.מוגבלת,,,"י""ח",1.80,ל 100 גרם,false,1,32.90,18.28,false,1,
8801055708772,false,טסטר צויס ~מארז 200  +50 גר מתנה,קבוצת אוסם סחר-שות.מוגבלת,,,"י""ח",1.80,ל 100 גרם,false,1,29.90,16.61,false,1,
8801055709458,false,נס קפה קפוצ`ינו קרמל 17גר*10,קבוצת אוסם סחר-שות.מוגבלת,,,"י""ח",1.70,ל 100 גרם,false,1,18.90,11.12,false,1,
8801055709472,false,נס קפה קפוצ`ינו קלאסי  18.5גר*10,קבוצת אוסם סחר-שות.מוגבלת,,,"י""ח",1.80,ל 100 גרם,false,1,18.90,10.50,false,1,
8809168840471,false,חטיף אצות מיובשות 9יח 4.5גרם.,מזרח ומערב יבוא ושיווק,,,"י""ח",9,"י""ח",false,1,24.90,2.77,false,1,
8850006332405,false,קולגייט מברשת סלים סופט,ש.שסטוביץ בעמ,,,"י""ח",1,"י""ח",false,1,22.90,22.90,false,1,
8850180040028,false,טמפורה 500גר,מזרח ומערב יבוא ושיווק,,,"י""ח",5,"ל 100 מ""ל",false,1,10.90,2.18,false,1,
8850389103111,false,משקה אלוורה ענבים 300,טמפו משקאות בעמ,,,"י""ח",3,"ל 100 מ""ל",false,1,7.20,2.30,true,1,
8850389103128,false,משקה אלוורה תפוח 300,טמפו משקאות בעמ,,,"י""ח",3,"ל 100 מ""ל",false,1,7.20,2.30,true,1,
8850389103159,false,משקה מוגו מוגו ליצ`י עם חתיכות ג`לי קו,טמפו משקאות בעמ,,,"י""ח",3.20,"ל 100 מ""ל",false,1,6.90,2.06,true,1,
8850389104637,false,משקה אלוורה אפרסק 300,טמפו משקאות בעמ,,,"י""ח",3,"ל 100 מ""ל",false,1,7.20,2.30,true,1,
8850389105832,false,סאפה תפוחים 1 ליטר,טמפו משקאות בעמ,,,"י""ח",1,ליטר,false,1,13,13,false,1,
8850389105849,false,סאפה אפרסק 1 ליטר,טמפו משקאות בעמ,,,"י""ח",1,ליטר,false,1,13,13,false,1,
8850389111352,false,משקה מוגו מוגו מלון עם חתיכות ג`לי קו,טמפו משקאות בעמ,,,"י""ח",3.20,"ל 100 מ""ל",false,1,6.90,2.06,true,1,
8850389115312,false,"סאפה מלון בקבוק 300מ""ל",טמפו משקאות בעמ,,,"י""ח",3,"ל 100 מ""ל",false,1,7.20,2.30,true,1,
8850632604259,false,חיספוסים מקלות תות שדה,ליימן שליסל,,,"י""ח",0.50,ל 100 גרם,false,1,3.50,7,true,1,
8850632604266,false,חיספוסים מקלות קולה,ליימן שליסל,,,"י""ח",0.50,ל 100 גרם,false,1,3.50,7,true,1,
8850632604372,false,חיספוסים שטיח תות שדה,ליימן שליסל,,,"י""ח",0.50,ל 100 גרם,false,1,3.50,7,true,1,
8850632604402,false,חיספוסים שטיח מעורב,ליימן שליסל,,,"י""ח",0.50,ל 100 גרם,false,1,3.50,7,true,1,
8857101301008,false,"רוטב צ ילי מתוק 700 מ""ל",ג.וילי פוד אינטרנשיונל בעמ,,,"י""ח",7,"ל 100 מ""ל",false,1,9.90,1.41,false,1,
8858271002887,false,"רוטב טריאקי 250מ""ל",מזרח ומערב יבוא ושיווק,,,"י""ח",2.50,"ל 100 מ""ל",false,1,10.90,4.36,true,1,
8858271003020,false,"רוטב סויה פורמולה 1 700מ""ל",מזרח ומערב יבוא ושיווק,,,"י""ח",7,"ל 100 מ""ל",false,1,15.90,2.27,false,1,
8858271004300,false,"רוטב טריאקי 700מ""ל",מזרח ומערב יבוא ושיווק,,,"י""ח",7,"ל 100 מ""ל",false,1,19.90,2.84,false,1,
8858271004423,false,"רוטב טום יאם אפ 250מ""ל",מזרח ומערב יבוא ושיווק,,,"י""ח",2.50,"ל 100 מ""ל",false,1,10.90,4.36,false,1,
8858271004799,false,"רוטב צ`ילי מתוק  700מ""ל ALL PURPSES",מזרח ומערב יבוא ושיווק,,,"י""ח",7,"ל 100 מ""ל",false,1,12.90,1.84,false,1,
8888021200256,false,סוללות אנרגייזר שמינייה AA,דנשר (1963) בעמ,,,"י""ח",1,,false,1,27.90,27.90,false,1,
8888021200720,false,סוללות אנרגייזר שמינייה AAA,דנשר (1963) בעמ,,,"י""ח",1,,false,1,19.90,19.90,false,1,
8888111030053,false,"מיץ אננס ללס 100% טבעי רביעייה4*240מ""ל",בני פאוזי שמשום (2009) בעמ,,,"י""ח",9.60,"ל 100 מ""ל",false,1,16.90,1.64,false,1,
8901537024014,false,"אורז  בסמטי 1ק""ג DAAWAT",ג.וילי פוד אינטרנשיונל בעמ,,,"י""ח",1,"ק""ג",false,1,12.90,12.90,true,1,
8934878081712,false,"אטריות אורז 5מ""מ 450גר",מזרח ומערב יבוא ושיווק,,,"י""ח",4.50,ל 100 גרם,false,1,10.90,2.42,false,1,
9000101520965,false,ברף סבון אסלה בניחוח לוטוס עדין,גורי שיווק בעמ,,,"י""ח",0.50,"ל 100 מ""ל",false,1,17.90,35.80,false,1,
9001616702716,false,זוג מוצצים בנות 0-6 לילה זוהר סיליקון,אלפא קוסמטיקה,,,"י""ח",1,,false,1,34.90,34.90,false,1,
9001616702877,false,זוג מוצצים בנות  מקסי אולטי 16+,אלפא קוסמטיקה,,,"י""ח",1,,false,1,34.90,34.90,false,1,
9002975393850,false,סוכריות הריבו וורמס 70ג,מ.סידס ובנו בעמ,,,"י""ח",0.70,ל 100 גרם,false,1,6.90,9.86,false,1,
9005835313609,false,קלרו 15 טבליות למדיח.,יעקב יעקבי ובניו בעמ,,,"י""ח",15,"י""ח",false,1,9.90,0.66,false,1,
9120097310545,false,חטיף מיני מיניונים מצונן 102.5ג,ג.וילי פוד אינטרנשיונל בעמ,,,"י""ח",1.02,ל 100 גרם,false,1,14.90,14.61,false,1,
9310072028750,false,טים טם דאבל 200ג,מ.סידס ובנו בעמ,,,"י""ח",2,ל 100 גרם,false,1,20.90,10.45,false,1,
9310088007015,false,פיוז אולטימייט,קימברלי קלארק ישראל שיווק בעמ,,,"י""ח",1,,false,1,19.90,19.90,true,1,
9771565025005,false,מעריב עיתון שישי.,ג רוזלם פוסט בעמ,,,"י""ח",1,,false,1,6,6,true,1,
9771565051066,false,ידיעות אחרונות שבת ו,ידיעות אחרונות בעמ,,,"י""ח",1,,false,1,20,20,true,1,
72901008010259,true,אפרסמון,ביכורי השדה צפון 1994 ג.ד. בעמ,,,"ק""ג",1,"ק""ג",true,1,11.90,11.90,false,1,
