code,internal_code,name,manufacturer_name,manufacture_country,manufacturer_item_description,unit_qty,quantity,unit_of_measure,weighted,qty_in_package,price,unit_of_measure_price,allow_discount,status,item_id
1,true,אבוקדו,ביכורי השדה הצפון בעמ` 1964,,,"ק""ג",1,,true,1,14.90,14.90,true,1,
2,true,לוף,ביכורי השדה הצפון בעמ` 1964,,,"ק""ג",1,,true,1,9.90,9.90,false,1,
3,true,קישוא זוקיני,ביכורי השדה הצפון בעמ` 1964,,,"ק""ג",1,,true,1,9.90,9.90,false,1,
5,true,אבטיח,ביכורי השדה הצפון בעמ` 1964,,,"ק""ג",0,"ל-100 מ""ל",true,1,2.90,2.90,false,1,
6,true,קישואים,ביכורי השדה הצפון בעמ` 1964,,,"ק""ג",1,,true,1,6.90,6.90,true,1,
7,true,תירס ארוז,ביכורי השדה הצפון בעמ` 1964,,,"ק""ג",3.50,ל-100 גרם,true,1,7.90,2.26,false,1,
8,true,שעועית ירוקה,ביכורי השדה הצפון בעמ` 1964,,,"ק""ג",0,"ק""ג",true,1,19.90,19.90,false,1,
9,true,אשכולית אדומה,ביכורי השדה הצפון בעמ` 1964,,,"ק""ג",1,,true,1,6.90,6.90,false,1,
10,true,אגס,ביכורי השדה הצפון בעמ` 1964,,,"ק""ג",7.50,ל-100 גרם,true,1,11.90,1.59,false,1,
11,true,מנגו,ביכורי השדה הצפון בעמ` 1964,,,"ק""ג",1,,true,1,12.90,12.90,true,1,
13,true,"קסביה\תפו""א ירושלמי",ביכורי השדה הצפון בעמ` 1964,,,'יח,1,,true,1,14.90,14.90,false,1,
14,true,אנונה,ביכורי השדה הצפון בעמ` 1964,,,"ק""ג",1,,true,1,19.90,19.90,false,1,
15,true,אבטיח אישי,ביכורי השדה הצפון בעמ` 1964,,,"ק""ג",1,,true,1,6.90,6.90,false,1,
18,true,אגס אדום,ביכורי השדה הצפון בעמ` 1964,,,"ק""ג",1,,true,1,14.90,14.90,false,1,
20,true,אננס,ביכורי השדה הצפון בעמ` 1964,,,'יח,1,,false,1,29.90,29.90,false,1,
21,true,פיטיה,ביכורי השדה הצפון בעמ` 1964,,,"ק""ג",1,,true,1,29.90,29.90,false,1,
22,true,גינגר,ביכורי השדה הצפון בעמ` 1964,,,'יח,1,,true,1,29.90,29.90,false,1,
25,true,צנון,ביכורי השדה הצפון בעמ` 1964,,,"ק""ג",1,,true,1,5.90,5.90,false,1,
30,true,אפרסמון,ביכורי השדה הצפון בעמ` 1964,,,"ק""ג",1,,true,1,9.90,9.90,true,1,
33,true,שקית,רזפול בע`מ,,,'יח,1,,false,1,0.10,0.10,false,1,
35,true,ארטישוק,ביכורי השדה הצפון בעמ` 1964,,,"ק""ג",1,,true,1,5.90,5.90,false,1,
40,true,אשכולית צהובה,ביכורי השדה הצפון בעמ` 1964,,,"ק""ג",1,,true,1,6.90,6.90,false,1,
45,true,אפרסק,ביכורי השדה הצפון בעמ` 1964,,,"ק""ג",1,,true,1,11.90,11.90,false,1,
55,true,בננה,ביכורי השדה הצפון בעמ` 1964,,,"ק""ג",1,,true,1,9.90,9.90,true,1,
60,true,בצל יבש,ביכורי השדה הצפון בעמ` 1964,,,"ק""ג",1,,true,1,3.90,3.90,false,1,
61,true,בצל יבש סגול,ביכורי השדה הצפון בעמ` 1964,,,"ק""ג",1,,true,1,4.90,4.90,false,1,
75,true,בטטה,ביכורי השדה הצפון בעמ` 1964,,,"ק""ג",1,,true,1,6.90,6.90,true,1,
80,true,גואיבה,ביכורי השדה הצפון בעמ` 1964,,,"ק""ג",1,,true,1,14.90,14.90,false,1,
85,true,גזר ארוז,ביכורי השדה הצפון בעמ` 1964,,,"ק""ג",1,,true,1,3.90,3.90,true,1,
95,true,דלעת,ביכורי השדה הצפון בעמ` 1964,,,"ק""ג",1,,true,1,9.90,9.90,false,1,
99,true,סופגניה,אסול אוכל איכותי בעמ,,,'יח,1,,false,1,4.90,4.90,false,1,
100,true,דלורית,ביכורי השדה הצפון בעמ` 1964,,,"ק""ג",1,,true,1,4.90,4.90,true,1,
111,true,פקדון בקבוק חוזר,טמפו משקאות בע`מ,,,'יח,1,,false,1,1.20,1.20,false,1,
112,true,חצילים,ביכורי השדה הצפון בעמ` 1964,,,"ק""ג",1,,true,1,6.90,6.90,true,1,
115,true,חסה ערבית,ביכורי השדה הצפון בעמ` 1964,,,'יח,1,,false,1,4.90,4.90,false,1,
117,true,חסה עגולה,ביכורי השדה הצפון בעמ` 1964,,,'יח,1,,false,1,5.90,5.90,false,1,
120,true,כרוב אדום,ביכורי השדה הצפון בעמ` 1964,,,"ק""ג",1,,true,1,4.90,4.90,false,1,
121,true,כרוב לבן,ביכורי השדה הצפון בעמ` 1964,,,"ק""ג",1,,true,1,4.90,4.90,true,1,
130,true,כרובית,ביכורי השדה הצפון בעמ` 1964,,,"ק""ג",1,,true,1,9.90,9.90,true,1,
135,true,לימון,ביכורי השדה הצפון בעמ` 1964,,,"ק""ג",1,,true,1,5.90,5.90,true,1,
150,true,מלון,ביכורי השדה הצפון בעמ` 1964,,,"ק""ג",1,,true,1,6.90,6.90,false,1,
155,true,מלפפון,ביכורי השדה הצפון בעמ` 1964,,,"ק""ג",1,,true,1,5.90,5.90,true,1,
205,true,סלק אדום,ביכורי השדה הצפון בעמ` 1964,,,"ק""ג",1,,true,1,4.90,4.90,true,1,
215,true,עגבניות,ביכורי השדה הצפון בעמ` 1964,,,"ק""ג",0,"ק""ג",true,1,5.90,5.90,false,1,
222,true,פקדון בקבוק,החברה המרכזית להפצת משקאות בע`,,,'יח,1,,false,1,0.30,0.30,false,1,
230,true,פלפל שושקה,ביכורי השדה הצפון בעמ` 1964,,,"ק""ג",1,,true,1,9.90,9.90,false,1,
231,true,ענב שחור,ביכורי השדה הצפון בעמ` 1964,,,"ק""ג",10,ל-100 גרם,true,1,24.90,2.49,false,1,
234,true,סל רב פעמי סופר ברקת,סימה,,,'יח,10,ל-100 גרם,false,1,3.90,0.39,true,1,
235,true,מטרייה,סימה,,,'יח,10,ל-100 גרם,false,1,19.90,1.99,false,1,
245,true,פומלית,ביכורי השדה הצפון בעמ` 1964,,,"ק""ג",10,ל-100 גרם,true,1,4.90,0.49,true,1,
250,true,פומלה,ביכורי השדה הצפון בעמ` 1964,,,"ק""ג",1,,true,1,6.90,6.90,false,1,
260,true,לימון ברשת,ביכורי השדה הצפון בעמ` 1964,,,"ק""ג",1,"ק""ג",true,1,5.90,5.90,false,1,
269,true,עגבניה מגי,ביכורי השדה הצפון בעמ` 1964,,,'יח,1,,false,1,16.90,16.90,false,1,
285,true,פלפל אדום,ביכורי השדה הצפון בעמ` 1964,,,"ק""ג",1,,true,1,9.90,9.90,false,1,
290,true,פלפל ירוק כהה,ביכורי השדה הצפון בעמ` 1964,,,"ק""ג",1,,true,1,9.90,9.90,false,1,
295,true,פלפל צהוב,ביכורי השדה הצפון בעמ` 1964,,,"ק""ג",1,,true,1,9.90,9.90,false,1,
300,true,פלפל כתום,ביכורי השדה הצפון בעמ` 1964,,,"ק""ג",1,,true,1,9.90,9.90,false,1,
305,true,פלפל בהיר,ביכורי השדה הצפון בעמ` 1964,,,"ק""ג",1,,true,1,9.90,9.90,false,1,
310,true,פלפל חריף ירוק,ביכורי השדה הצפון בעמ` 1964,,,"ק""ג",1,,true,1,9.90,9.90,false,1,
333,true,פיקדון שישייה,יפאורה - שותפות מוגבלת לשיווק,,,'יח,0,'יח,false,1,1.80,1.80,false,1,
335,true,קולורבי,ביכורי השדה הצפון בעמ` 1964,,,"ק""ג",1,,true,1,6.90,6.90,false,1,
344,true,גזר בתפזורת,ביכורי השדה הצפון בעמ` 1964,,,"ק""ג",1,,true,1,5.90,5.90,false,1,
345,true,קיווי,ביכורי השדה הצפון בעמ` 1964,,,"ק""ג",1,,true,1,14.90,14.90,true,1,
360,true,קלמנטינה,ביכורי השדה הצפון בעמ` 1964,,,"ק""ג",1,,true,1,7.90,7.90,true,1,
365,true,רימון,ביכורי השדה הצפון בעמ` 1964,,,"ק""ג",1,,true,1,8.90,8.90,false,1,
374,true,פטריות שמפניון,ביכורי השדה הצפון בעמ` 1964,,,'יח,1,,false,1,7.90,7.90,false,1,
375,true,שום יבש,ביכורי השדה הצפון בעמ` 1964,,,'יח,1,,false,1,5.90,5.90,false,1,
380,true,שומר,ביכורי השדה הצפון בעמ` 1964,,,"ק""ג",1,,true,1,6.90,6.90,true,1,
414,true,שזיף מטלי,ביכורי השדה הצפון בעמ` 1964,,,"ק""ג",1,,true,1,19.90,19.90,false,1,
415,true,שזיף אדום,ביכורי השדה הצפון בעמ` 1964,,,"ק""ג",1,,true,1,15.90,15.90,false,1,
430,true,עגבניה שרי תפזורת מנומר,ביכורי השדה הצפון בעמ` 1964,,,"ק""ג",1,,true,1,14.90,14.90,false,1,
431,true,עגבניות שרי תמר תפזורת,ביכורי השדה הצפון בעמ` 1964,,,"ק""ג",1,,true,1,14.90,14.90,false,1,
443,true,תפוח עץ גלה,ביכורי השדה הצפון בעמ` 1964,,,"ק""ג",1,,true,1,9.90,9.90,false,1,
450,true,תפוזים,ביכורי השדה הצפון בעמ` 1964,,,"ק""ג",1,,true,1,4.90,4.90,true,1,
451,true,ת. עץ פינק קריספי,ביכורי השדה הצפון בעמ` 1964,,,"ק""ג",1,,true,1,14.90,14.90,false,1,
471,true,תפוח אדמה אדום ארוז,ביכורי השדה הצפון בעמ` 1964,,,"ק""ג",1,,true,1,4.90,4.90,true,1,
472,true,תפוח אדמה לבן,ביכורי השדה הצפון בעמ` 1964,,,"ק""ג",1,,true,1,3.90,3.90,true,1,
490,true,ת.עץ סמיט,ביכורי השדה הצפון בעמ` 1964,,,"ק""ג",1,,true,1,9.90,9.90,false,1,
491,true,ת.עץ זהוב,ביכורי השדה הצפון בעמ` 1964,,,"ק""ג",1,,true,1,9.90,9.90,false,1,
492,true,ת.עץ חרמון,ביכורי השדה הצפון בעמ` 1964,,,"ק""ג",1,,true,1,9.90,9.90,false,1,
494,true,תפוח-אדמה לבן בתפז`,ביכורי השדה הצפון בעמ` 1964,,,"ק""ג",1,,true,1,2.90,2.90,false,1,
496,true,תפוח-אדמה אדום בתפז`,ביכורי השדה הצפון בעמ` 1964,,,"ק""ג",1,,true,1,4.90,4.90,false,1,
503,true,אפרסמון קרמבו,ביכורי השדה הצפון בעמ` 1964,,,"ק""ג",10,ל-100 גרם,true,1,10.90,1.09,true,1,
555,true,פיקדון רביעייה,ברקת,,,'יח,1,,false,1,1.20,1.20,false,1,
580,true,חלה רגילה,מאפיית י.את א. ברמן בעמ,,,'יח,5,ל-100 גרם,false,1,4.90,0.98,false,1,
588,true,חלה מתוקה,אסול אוכל איכותי בעמ,,,'יח,5,ל-100 גרם,false,1,14.40,2.88,false,1,
591,true,ברד גדול,ברקת,,,'יח,1,,false,1,6,6,false,1,
695,true,אספרגוס,ביכורי השדה הצפון בעמ` 1964,,,'יח,1,,false,1,24.90,24.90,false,1,
777,true,זיכוי אריזה,ברקת,,,'יח,1,,true,1,0.01,0.01,false,1,
965,true,פטריות שמפניון תפ`,ביכורי השדה הצפון בעמ` 1964,,,"ק""ג",1,,true,1,35.90,35.90,false,1,
1010,true,פיקדון 30  אג`זיכוי לקוח,ברקת,,,'יח,1,,false,1,0.30,0.30,false,1,
1020,true,פיקדון 1.2 זיכוי לקוח,ברקת,,,'יח,1,,false,1,1.20,1.20,false,1,
1029,true,צילי חריף,ביכורי השדה הצפון בעמ` 1964,,,'יח,1,,false,1,7.90,7.90,false,1,
1104,true,פטריות חורש,ביכורי השדה הצפון בעמ` 1964,,,'יח,1,,false,1,8.90,8.90,false,1,
3110,true,אגוז מלך טבעי במשקל,הקולה על הדרך,,,"ק""ג",1,"ק""ג",true,1,59,59,false,1,
3343,true,משלוח,ברקת,,,'יח,1,,false,1,30,30,true,1,
5002,true,סנדויץ עובד בשרי,ברקת,,,'יח,1,,false,1,5,5,false,1,
6767,true,חלות מאפית ברקת,אסול אוכל איכותי בעמ,,,'יח,1,,false,1,11.10,11.10,true,1,
7958,true,בולגרית%5 מעודנת,החברה המרכזית להפצה,,,"ק""ג",1,,true,1,59.90,59.90,false,1,
7993,true,מארז 5 לחמניות,אסול אוכל איכותי בעמ,,,'יח,1,,false,1,14.40,14.40,false,1,
8484,true,מיקס גרנדה שוקולד חלב/לבן 50 גרם,ליימן שליסל בע`מ,,,'יח,1,'יח,false,1,1,1,false,1,
10013,true,בגט לבן ארוך,אסול אוכל איכותי בעמ,,,'יח,1,,false,1,6.20,6.20,true,1,
23809,true,יין קלאסיק קברנה סובניון,טמפו משקאות בע`מ,,,'יח,7.50,"ל-100 מ""ל",false,1,31.90,4.21,true,1,
40974,true,חלב מפוסטר דל לקטוז 2%,תנובה חלב,,,'יח,10,"ל-100 מ""ל",false,1,6.90,0.69,false,1,
41452,true,קוטג% `9מהדרין,תנובה חלב,,,'יח,2.50,ל-100 גרם,false,1,5.60,2.24,false,1,
43111,true,חמאה מפוסטרת 200 גרם,תנובה חלב,,,'יח,2,ל-100 גרם,false,1,7.90,3.95,false,1,
46327,true,גבינה צהובה גלבוע פרוס 200 גר`,תנובה חלב,,,'יח,2,ל-100 גרם,false,1,12.90,6.45,false,1,
47546,true,גבינת כנען 5% 500 גר`,תנובה חלב,,,'יח,5,ל-100 גרם,false,1,24.70,4.94,false,1,
50447,true,יופלה תות 3%,תנובה חלב,,,'יח,5,"ל-100 מ""ל",false,1,13.70,2.74,false,1,
51352,true,חלב של פעם ליטר,תנובה חלב,,,'יח,10,"ל-100 מ""ל",false,1,8.10,0.81,false,1,
58979,true,גיל טעם תות,תנובה חלב,,,'יח,1.25,"ל-100 מ""ל",false,1,1.50,1.20,false,1,
60781,true,פסטה מסולסלים 500 גרם,קבוצת אסם סחר,,,'יח,5,ל-100 גרם,false,1,5.90,1.18,false,1,
60811,true,אקסטרים מטבע ענק שוקולד 120 גרם,נגה גלידות שותפות מוגבלת,,,'יח,1.20,ל-100 גרם,false,1,9.90,8.25,true,1,
60842,true,פרומנטי צדפות 500 גרם,קבוצת אסם סחר,,,'יח,5,ל-100 גרם,false,1,5.90,1.18,false,1,
60880,true,פסטה ספגטי 8 500 גרם,קבוצת אסם סחר,,,'יח,5,ל-100 גרם,false,1,5.90,1.18,false,1,
60958,true,איטריות בינוניות 400 גר`,קבוצת אסם סחר,,,'יח,4,ל-100 גרם,false,1,6.90,1.73,true,1,
61764,true,נסקפה רד מאג 200 גרם,קבוצת אסם סחר,,,'יח,2,ל-100 גרם,false,1,19.90,9.95,true,1,
65557,true,מנה חמה קוסקוס 84 גרם,קבוצת אסם סחר,,,'יח,8.40,ל-100 גרם,false,1,6.90,0.82,true,1,
66431,true,פופקו חטיף תירס 80 גרם,קבוצת אסם סחר,,,'יח,0.80,ל-100 גרם,false,1,3.90,4.88,true,1,
68343,true,פרכיות אורז,קבוצת אסם סחר,,,'יח,1.40,ל-100 גרם,false,1,7.90,5.64,false,1,
69364,true,פירכונים אורז,קבוצת אסם סחר,,,'יח,1.40,ל-100 גרם,false,1,7.90,5.64,false,1,
69609,true,חטיפי קרקר זעתר,קבוצת אסם סחר,,,'יח,3,ל-100 גרם,false,1,11.90,3.97,true,1,
69715,true,חטיפי קרקר מלוח,קבוצת אסם סחר,,,'יח,3,ל-100 גרם,false,1,11.90,3.97,true,1,
72623,true,"קטשופ אסם 750 מ""ל",קבוצת אסם סחר,,,'יח,7.50,ל-100 גרם,false,1,11.90,1.59,true,1,
72753,true,טסטר ציויס 200 גרם,קבוצת אסם סחר,,,'יח,2,ל-100 גרם,false,1,29.90,14.95,false,1,
72968,true,סיני מיניס מפלצות 500 גר`,קבוצת אסם סחר,,,'יח,5,ל-100 גרם,false,1,19.90,3.98,true,1,
85166,true,גטניו פתי בר וניל 400 גר`,מ.ד אטיאס סוכנויות מזון בע`מ,,,'יח,4,ל-100 גרם,false,1,7.90,1.98,false,1,
100135,true,מיקס פירות קפואים דובדבן  300 גר`,תנובה מרכז שיתופי לשיווק תוצרת,,,'יח,3,ל-100 גרם,false,1,17.90,5.97,true,1,
101927,true,אוכמניות כחולות מוקפא,תנובה מרכז שיתופי לשיווק תוצרת,,,'יח,3,ל-100 גרם,false,1,16.90,5.63,true,1,
104201,true,אפונה עדינה קפואה 600 גרם,תנובה מרכז שיתופי לשיווק תוצרת,,,'יח,6,ל-100 גרם,false,1,17.90,2.98,true,1,
106526,true,לקט לחגיגה ירוקה להקפצה 800 גר`,תנובה מרכז שיתופי לשיווק תוצרת,,,'יח,8,ל-100 גרם,false,1,24.50,3.06,true,1,
111186,true,מיונז אמיתי תלמה 500 גרם,יוניליוור ישראל שיווק בע`מ,,,'יח,5,ל-100 גרם,false,1,9.90,1.98,false,1,
111353,true,מיונז צנצנת 1 קג`,יוניליוור ישראל שיווק בע`מ,,,'יח,10,ל-100 גרם,false,1,16.90,1.69,false,1,
116204,true,קנור מרק דגש זך בשקית 1 קג,יוניליוור ישראל שיווק בע`מ,,,'יח,10,ל-100 גרם,false,1,19.90,1.99,false,1,
118277,true,קניידל אבקה להכנת כופתאות מצה 130גר כש,יוניליוור ישראל שיווק בע`מ,,,'יח,1.30,ל-100 גרם,false,1,11.90,9.15,false,1,
120836,true,מיונז הלמנס אמיתי צנצנת 394 גרם,יוניליוור ישראל שיווק בע`מ,,,'יח,3.94,ל-100 גרם,false,1,11.90,3.02,false,1,
120874,true,מיונז הלמנס מופחת קלוריות 424 גרם,יוניליוור ישראל שיווק בע`מ,,,'יח,4.24,ל-100 גרם,false,1,11.90,2.81,false,1,
121031,true,גבינת החתול המחייך 14% 8יח 120 גרם,נטו מלינדה סחר בע`מ,,,'יח,1.20,ל-100 גרם,false,12,12.90,10.75,true,1,
124841,true,שוקולד חלב חלבי בד`צ 3*100 גר כשלפ,יוניליוור ישראל שיווק בע`מ,,,'יח,3,ל-100 גרם,false,1,14.90,4.97,false,1,
134826,true,זעתר מעורב,תבליני טעם וריח,,,'יח,1,,false,1,9.90,9.90,true,1,
134833,true,כמון טחון,תבליני טעם וריח,,,'יח,1,,false,1,9.90,9.90,true,1,
134840,true,כורכום טחון,תבליני טעם וריח,,,'יח,1,,false,1,9.90,9.90,true,1,
134871,true,פלפל שחור טחון,תבליני טעם וריח,,,'יח,1,,false,1,12.90,12.90,true,1,
134987,true,פלפל שחור גרוס,תבליני טעם וריח,,,'יח,1,,false,1,12.90,12.90,true,1,
143286,true,הוואי מרכך לשיער רגיל 700 מ`ל,הנקל סוד בע`מ,,,'יח,7,"ל-100 מ""ל",false,12,9.90,1.41,false,1,
144160,true,שמן זית כתית מעולה 750 מל עץ הזית מודג,סוגת,,,'יח,7.50,"ל-100 מ""ל",false,1,32.90,4.39,true,1,
144467,true,שמן חמניות בריאות 1 ליטר,סוגת,,,'יח,10,,false,1,16.90,1.69,false,1,
144474,true,שמן קנולה בריאות 1 ליטר,סוגת,,,'יח,10,"ל-100 מ""ל",false,1,15.90,1.59,false,1,
168173,true,ברנפלקס 375 גרם,יוניליוור ישראל שיווק בע`מ,,,'יח,3.75,ל-100 גרם,false,1,22.90,6.11,false,1,
176062,true,קפה טורקי שקית 100 גרם,שטראוס גרופ בע`מ,,,'יח,1,,false,1,8.90,8.90,false,1,
185224,true,סילאן לחיץ 650 גר`,תה ויסוצקי בע`מ,,,'יח,6.50,ל-100 גרם,false,1,15.90,2.45,true,1,
187921,true,לילי נייר טואלט לבן קלאסי 32 גלילים,חוגלה קימברלי שיווק בע`מ,,,'יח,19.69,ל-100 גרם,false,1,39.90,2.03,false,1,
187938,true,לילי נייר טואלט פסטל 32 גלילים,חוגלה קימברלי שיווק בע`מ,,,'יח,19.69,ל-100 גרם,false,1,39.90,2.03,false,1,
187952,true,לילי נייר טואלט טריו 32 גלילים,חוגלה קימברלי שיווק בע`מ,,,'יח,17.88,ל-100 גרם,false,1,44.90,2.51,false,1,
189598,true,ניקול מטליות רב שימושיות 50 יח`,חוגלה קימברלי שיווק בע`מ,,,'יח,1,,false,12,10.90,10.90,true,1,
197326,true,רדיד אלומיניום 30 סמ*7.5מ*2,חוגלה קימברלי שיווק בע`מ,,,'יח,1,,false,12,10.90,10.90,false,1,
204086,true,כריות קירצוף ארוך 3 יח,חוגלה קימברלי שיווק בע`מ,,,'יח,1,,false,24,10.90,10.90,true,1,
204215,true,ניקול כרית יפנית אריזת 6יח,חוגלה קימברלי שיווק בע`מ,,,'יח,1,,false,24,10.90,10.90,true,1,
204512,true,ניקול מטליות לחות לרצפה ריח לימון,חוגלה קימברלי שיווק בע`מ,,,'יח,1,,false,12,10.90,10.90,true,1,
208312,true,גרעיני תירס מתוק בואקום 325 גרם,זנלכול יכין,,,'יח,3.25,ל-100 גרם,false,1,6.50,2,true,1,
208336,true,רסק עגבניות טרי 240 גרם,זנלכול יכין,,,'יח,2.60,ל-100 גרם,false,1,4.90,1.88,true,1,
209012,true,חומץ טבעי 1 ליטר,זנלכול יכין,,,'יח,10,"ל-100 מ""ל",false,1,6.90,0.69,true,1,
209043,true,מיץ לימון משומר 1 ליטר,זנלכול יכין,,,'יח,10,"ל-100 מ""ל",false,1,6.90,0.69,true,1,
209722,true,רסק עגבניות פריכוז 580 גרם,זנלכול יכין,,,'יח,5.80,ל-100 גרם,false,1,10.90,1.88,false,1,
209913,true,קוביות עגבניות 260 גרם,זנלכול יכין,,,'יח,2.60,ל-100 גרם,false,1,5.90,2.27,false,1,
209951,true,רוטב עגבניות לפיצה 240 גרם,זנלכול יכין,,,'יח,2.60,ל-100 גרם,false,1,5.90,2.27,true,1,
211169,true,אורז תאילנדי אחד אחד 1 קג,סוגת,,,'יח,10,ל-100 גרם,false,1,6.90,0.69,true,1,
238180,true,בורקס תפו`א 800 גרם קפוא,תנובה מרכז שיתופי לשיווק תוצרת,,,'יח,8,ל-100 גרם,false,12,19.90,2.49,false,1,
244082,true,הוואי אל סבון נוזלי כחול *3,הנקל סוד בע`מ,,,'יח,1.50,לליטר,false,8,18.90,12.60,true,1,
272726,true,חומץ טבעי 1 ליטר עסיס 5% כל`פ,קבוצת אסם סחר,,,'יח,10,"ל-100 מ""ל",false,1,6.90,0.69,false,1,
286549,true,מטלית לכל 9 יח רב שימושית,החב. הדרומית לשיווק,,,'יח,1,,false,24,10.90,10.90,false,1,
288017,true,סנו JAVEL אקונומיקה בריח לימון 1 ליט,החב. הדרומית לשיווק,,,'יח,10,"ל-100 מ""ל",false,12,8.90,0.89,false,1,
288048,true,סנו Javel קצף ניקוי מונטבלאן 1 ליטר,החב. הדרומית לשיווק,,,'יח,10,"ל-100 מ""ל",false,12,18.90,1.89,true,1,
288079,true,סנו ג`אוול אקונומיקה בריח לימון 2 ליטר,החב. הדרומית לשיווק,,,'יח,2,לליטר,false,1,10.90,5.45,false,1,
288413,true,סנו די רול און נגד יתושים 50 סמ``ק,החב. הדרומית לשיווק,,,'יח,0.50,"ל-100 מ""ל",false,24,19.90,39.80,false,1,
289069,true,סנו Javel קצף ניקוי לימון 1 ליטר,החב. הדרומית לשיווק,,,'יח,10,"ל-100 מ""ל",false,12,18.90,1.89,true,1,
289601,true,סנו ג`אוול אקונומיקה בריח לוונדר 2 ליטר,החב. הדרומית לשיווק,,,'יח,20,"ל-100 מ""ל",false,8,10.90,0.55,false,1,
289892,true,מטהר אויר סנופרש יבש מאונטן 375 מ``ל,החב. הדרומית לשיווק,,,'יח,3.75,"ל-100 מ""ל",false,1,10.90,2.91,false,1,
295404,true,רב שקית סושי אשפה בנילון 60 יח 50*70,החב. הדרומית לשיווק,,,'יח,1,,false,12,24.90,24.90,false,1,
295503,true,סנו סושי צמד שקיות אוכל קרטון2*150,החב. הדרומית לשיווק,,,'יח,1,,false,15,14.90,14.90,false,1,
295541,true,סנו רב מגבת ג`מבו 75 דפים,החב. הדרומית לשיווק,,,'יח,3.90,ל-100 גרם,false,1,20.90,5.36,false,1,
295558,true,סנו סושי רדיד אלומיניום צמד 0.30*7.5,החב. הדרומית לשיווק,,,'יח,1,,false,12,11.90,11.90,false,1,
295565,true,סנו רדידי אלומיניום צמד 0.45*7.5,החב. הדרומית לשיווק,,,'יח,1,,false,12,16.90,16.90,false,1,
307220,true,גרעיני תירס מתוק גלילי 340 גרם בדץ,ויטה פרי גליל (החדשה) בע`מ,,,'יח,3.40,ל-100 גרם,false,1,5.90,1.74,true,1,
313290,true,נודלס אטריות מסולסלות להקפצה 200 גרם,קבוצת אסם סחר,,,'יח,2,ל-100 גרם,false,1,9.90,4.95,false,1,
341071,true,מרכך כביסה בייבי בדין 2 ליטר,יוניליוור ישראל שיווק בע`מ,,,'יח,20,"ל-100 מ""ל",false,1,18.90,0.95,false,1,
355481,true,רסק עגבניות 570 גרם,ויטה פרי גליל (החדשה) בע`מ,,,'יח,5.70,ל-100 גרם,false,1,5.90,1.04,false,1,
355498,true,רכז עגבניות %28 TOMATO פחית 580 גרם,ויטה פרי גליל (החדשה) בע`מ,,,'יח,5.80,ל-100 גרם,false,1,6.90,1.19,false,1,
363899,true,נקניקיות פיקנטיות 400 גרם,תנובה מרכז שיתופי לשיווק תוצרת,,,'יח,4,ל-100 גרם,false,1,13.90,3.48,false,1,
364759,true,נקניקיות וינר  קרנץ`500גר,תנובה מרכז שיתופי לשיווק תוצרת,,,'יח,5,ל-100 גרם,false,1,18.90,3.78,false,1,
364810,true,נקניקיות מבשר עגל 500 גרם,תנובה מרכז שיתופי לשיווק תוצרת,,,'יח,5,ל-100 גרם,false,1,27.90,5.58,false,1,
364858,true,נקניקיות עוף 1קג`,תנובה מרכז שיתופי לשיווק תוצרת,,,'יח,10,ל-100 גרם,false,1,29.90,2.99,true,1,
364872,true,נקניקיות עוף 400 גרם,תנובה מרכז שיתופי לשיווק תוצרת,,,'יח,4,ל-100 גרם,false,1,12.90,3.23,false,1,
408316,true,דנונה טבעי 3%,שטראוס גרופ בע`מ,,,'יח,2,"ל-100 מ""ל",false,24,3.70,1.85,false,1,
416021,true,ממרח שוקולד השחר  500 גרם,השחר העולה בעמ,,,'יח,5,ל-100 גרם,false,1,13.90,2.78,false,1,
416045,true,"ממרח שוקולד השחר דלי 1 ק""ג",השחר העולה בעמ,,,'יח,1,,false,1,24.90,24.90,false,1,
419107,true,קפה לנדוור טורקי 100 גרם,ש. שסטוביץ בע`מ,,,'יח,1,,false,1,7.90,7.90,false,1,
419220,true,קפה לנדוור טורקי 3*100 גרם,ש. שסטוביץ בע`מ,,,'יח,3,ל-100 גרם,false,1,19.90,6.63,false,1,
446523,true,חמאת בוטנים 350 גר`,מ.ד אטיאס סוכנויות מזון בע`מ,,,'יח,3.50,ל-100 גרם,false,1,12.90,3.69,false,1,
446547,true,חמאת בוטנים טבעית 350 גרם,מ.ד אטיאס סוכנויות מזון בע`מ,,,'יח,3.50,ל-100 גרם,false,1,12.90,3.69,false,1,
453408,true,בצק פיצה דק ומצונן מוכן לאפייה שמרית,שטראוס גרופ בע`מ,,,'יח,3,ל-100 גרם,false,1,15.90,5.30,false,1,
453415,true,בצק עלים מצונן ומוכן לאפייה שמרית300ג,שטראוס גרופ בע`מ,,,'יח,3,ל-100 גרם,false,1,14.90,4.97,false,1,
453422,true,בצק פילו מוכן לאפייה שמרית 300 גרם,שטראוס גרופ בע`מ,,,'יח,3,ל-100 גרם,false,1,14.90,4.97,false,1,
453781,true,שמרים יבשים 125 גרם שמרית,שטראוס גרופ בע`מ,,,'יח,1.25,ל-100 גרם,false,12,5.90,4.72,false,1,
453866,true,נטורינה קוקוס 200 לאפייה ובישול גר`,שטראוס גרופ בע`מ,,,'יח,2,ל-100 גרם,false,40,7.90,3.95,false,1,
461724,true,בייגלה שמיניות גדולות עם שומשום 400,יוניליוור ישראל שיווק בע`מ,,,'יח,4,ל-100 גרם,false,1,14.90,3.73,false,1,
467320,true,חומוס אבו מרוואן צבר 400 גרם,קבוצת אסם סחר,,,'יח,4,ל-100 גרם,false,1,14.90,3.73,false,1,
467887,true,"ביסלי פיצה 55 גרם כשל""פ",קבוצת אסם סחר,,,'יח,0.55,ל-100 גרם,false,1,3.90,7.09,true,1,
468747,true,ביסלי גריל 55 גר`,קבוצת אסם סחר,,,'יח,0.55,ל-100 גרם,false,1,3.90,7.09,true,1,
468877,true,ביסלי בצל 55 גר`,קבוצת אסם סחר,,,'יח,0.55,ל-100 גרם,false,1,3.90,7.09,true,1,
474373,true,שמנת חמוצה מפוסטרת לבן ולעניין 200 מ,החברה המרכזית להפצה,,,'יח,2,"ל-100 מ""ל",false,1,2.40,1.20,false,1,
474502,true,גבינה לבנה 5% 250 גרם,החברה המרכזית להפצה,,,'יח,2.50,ל-100 גרם,false,1,4.98,1.99,false,1,
480107,true,קוואקר ש.שועל פחית 500 גרם,שטראוס פריטו ליי בע`מ,,,'יח,5,ל-100 גרם,false,1,13.90,2.78,false,1,
484747,true,ארק עלית 40% 700 מ`ל עם פקק ייחודי,מ.ד אטיאס סוכנויות מזון בע`מ,,,'יח,7,"ל-100 מ""ל",false,1,59.90,8.51,false,1,
490717,true,מאגדת גלית בטעם וניל בציפוי תות שמיניה,פלקו בעמ חברה ישראלית,,,'יח,1,ל-100 גרם,false,1,19.90,19.90,true,1,
497044,true,לחם ברמן אקטיב 750 גר`,מאפיית י.את א. ברמן בעמ,,,'יח,7.50,ל-100 גרם,false,1,16.90,2.25,true,1,
497112,true,לחם אחיד פרוס  ברמן 750 גר`,מאפיית י.את א. ברמן בעמ,,,'יח,7.50,ל-100 גרם,false,1,7.11,0.95,false,1,
497198,true,ברמן פיתות אסלי 10יח`,מאפיית י.את א. ברמן בעמ,,,'יח,1,ל-100 גרם,false,1,11.90,11.90,false,1,
497204,true,ברמן פיתות אסלי 5יח`,מאפיית י.את א. ברמן בעמ,,,'יח,1,ל-100 גרם,false,1,6.90,6.90,false,1,
497228,true,לחמניות 6 בשקית,מאפיית י.את א. ברמן בעמ,,,'יח,1,ל-100 גרם,false,1,10.90,10.90,false,1,
497273,true,לחמניות אקטיב  6 בשקית,מאפיית י.את א. ברמן בעמ,,,'יח,1,ל-100 גרם,false,1,13.90,13.90,false,1,
497358,true,חלומית ארוזה ברמן 500 גר`,מאפיית י.את א. ברמן בעמ,,,'יח,5,ל-100 גרם,false,1,11.90,2.38,false,1,
497426,true,ברמן לענין פלוס 500 גר`,מאפיית י.את א. ברמן בעמ,,,'יח,5,ל-100 גרם,false,1,15.90,3.18,false,1,
497532,true,ברמן לעניין 750 גר`,מאפיית י.את א. ברמן בעמ,,,'יח,7.50,ל-100 גרם,false,1,15.90,2.12,false,1,
497570,true,לחם דגנים פלוס ברמן 500 גר`,מאפיית י.את א. ברמן בעמ,,,'יח,5,ל-100 גרם,false,1,15.90,3.18,false,1,
498256,true,לחמניות מדברות  10 בשקית,מאפיית י.את א. ברמן בעמ,,,'יח,1,ל-100 גרם,false,1,12.90,12.90,false,1,
498430,true,חלה קלועה ברמן 500 גרם,מאפיית י.את א. ברמן בעמ,,,'יח,5,ל-100 גרם,false,1,4.90,0.98,false,1,
518220,true,סוכרה דיאט 100 שקיות 80 גרם,מתוק וקל בע`מ,,,'יח,1,,false,1,26.90,26.90,false,1,
523125,true,מלח הארץ יבש 250 גרם,סוגת,,,'יח,2.50,ל-100 גרם,false,1,5.50,2.20,false,1,
523224,true,מלח הארץ שולחן מעולה 500 גרם,סוגת,,,'יח,5,ל-100 גרם,false,1,7.90,1.58,false,1,
537566,true,נקניקיות עוף טרי 400 גר`,נקניק זוגלובק נהריה,,,'יח,4,ל-100 גרם,false,1,13.90,3.48,true,1,
554402,true,מעדן מלבי חלבי 160 גרם,מחלבות גד בעמ`,,,'יח,1.60,"ל-100 מ""ל",false,1,5.90,3.69,true,1,
554532,true,גבינה צפתית מעודנת 5% 200 גרם,מחלבות גד בעמ`,,,'יח,2,ל-100 גרם,false,1,14.90,7.45,false,1,
554600,true,גבינת מוצרלה מגורדת 22% 300 גרם,מחלבות גד בעמ`,,,'יח,3,ל-100 גרם,false,1,24.90,8.30,false,1,
554686,true,גבינה לאבנה עם זעתר ושמן זית 250 גרם,מחלבות גד בעמ`,,,'יח,2.50,ל-100 גרם,false,1,13.90,5.56,false,1,
554822,true,גבינת ריקוטה 5% 250 גרם,מחלבות גד בעמ`,,,'יח,2.50,ל-100 גרם,false,1,13.90,5.56,true,1,
554839,true,גבינה מוקצפת מסקרפונה %38 250 גרם,מחלבות גד בעמ`,,,'יח,2.50,ל-100 גרם,false,1,19.90,7.96,false,1,
561097,true,תערובת פיצוחים מובחרת 150 גרם,בוטנת בעמ חברה לקלייה ואריזת פ,,,'יח,1.50,ל-100 גרם,false,1,14.90,9.93,false,1,
561158,true,תערובת אגוזים וחמוציות 150 גרם,בוטנת בעמ חברה לקלייה ואריזת פ,,,'יח,1.50,ל-100 גרם,false,1,11.90,7.93,true,1,
561769,true,שקד מולבן פרוס 100 גר`,בוטנת בעמ חברה לקלייה ואריזת פ,,,'יח,2.50,ל-100 גרם,false,1,11.90,4.76,false,1,
561776,true,שקד גרוס פרוס 100 גר`,בוטנת בעמ חברה לקלייה ואריזת פ,,,'יח,2.50,ל-100 גרם,false,1,11.30,4.52,false,1,
561998,true,שזיף מגולען 300 גר`,בוטנת בעמ חברה לקלייה ואריזת פ,,,'יח,3,ל-100 גרם,false,1,13.90,4.63,false,1,
572208,true,חלבה וניל 100 גרם בד``צ,אחדות ביתחרושת לטחינה חלבה,,,'יח,1,ל-100 גרם,false,1,2.90,2.90,false,1,
572628,true,חלבה שומשום לייט 11*25 גרם בד`,אחדות ביתחרושת לטחינה חלבה,,,'יח,2.75,ל-100 גרם,false,1,11.90,4.33,false,1,
572673,true,חלבה וניל קקאו ואגוזים 12*25  ג`בד``,אחדות ביתחרושת לטחינה חלבה,,,'יח,3,ל-100 גרם,false,1,11.90,3.97,false,1,
658926,true,פילה מרלוזה קפוא,תנובה מרכז שיתופי לשיווק תוצרת,,,"ק""ג",1,"ק""ג",true,1,32.90,32.90,false,1,
659312,true,פילה סלמון קפוא,תנובה מרכז שיתופי לשיווק תוצרת,,,"ק""ג",1,ל-100 גרם,true,1,74.90,74.90,false,1,
662817,true,סלמון מעושן 100 גרם,תנובה מרכז שיתופי לשיווק תוצרת,,,'יח,1,ל-100 גרם,false,1,23.90,23.90,false,1,
663166,true,פילה בקלה דרום אפריקאית קפוא,תנובה מרכז שיתופי לשיווק תוצרת,,,"ק""ג",1,ל-100 גרם,true,1,44.90,44.90,false,1,
692456,true,אג`קס לניקוי חלונות כחול 2*750 מל,ש. שסטוביץ בע`מ,,,'יח,15,"ל-100 מ""ל",false,1,25.90,1.73,false,1,
860015,true,עוף מוכשר שלם,קורניש חן (1987) בעמ,,,"ק""ג",1,,true,1,19.90,19.90,false,1,
860016,true,פילה עוף מוכשר,עוף טוב ( שאן) בעמ,,,"ק""ג",1,,true,1,39.90,39.90,true,1,
860039,true,כרעיים עוף מוכשר,קורניש חן (1987) בעמ,,,"ק""ג",1,,true,1,28.90,28.90,true,1,
860053,true,שוקיים עוף מוכשר,קורניש חן (1987) בעמ,,,"ק""ג",1,,true,1,29.90,29.90,true,1,
860060,true,כנף עוף מוכשר,קורניש חן (1987) בעמ,,,"ק""ג",1,"ק""ג",true,1,9.90,9.90,true,1,
860077,true,פרגית עוף מוכשר,קורניש חן (1987) בעמ,,,"ק""ג",1,,true,1,79.90,79.90,false,1,
860084,true,סטייק פרגית מוכשר,קורניש חן (1987) בעמ,,,"ק""ג",7.50,ל-100 גרם,true,1,59.90,7.99,true,1,
860107,true,חזה עוף שלם מוכשר,טל הל יסכה בעמ,,,"ק""ג",1,,true,1,34.90,34.90,false,1,
860114,true,שניצל עוף פרוס מוכשר,קורניש חן (1987) בעמ,,,"ק""ג",1,"ק""ג",true,1,42.90,42.90,true,1,
860116,true,שניצל פרימיום,קורניש חן (1987) בעמ,,,"ק""ג",1,,true,1,42.90,42.90,false,1,
860138,true,כבד עוף טרי[לצליה  בלבד],קורניש חן (1987) בעמ,,,"ק""ג",7,"ל-100 מ""ל",true,1,16.90,2.41,true,1,
860145,true,לב עוף טרי[לצליה  בלבד],קורניש חן (1987) בעמ,,,"ק""ג",7,"ל-100 מ""ל",true,1,27.90,3.99,false,1,
860176,true,קורקבן עוף,קורניש חן (1987) בעמ,,,"ק""ג",1,,true,1,9.90,9.90,false,1,
860183,true,גרון עוף,טל הל יסכה בעמ,,,"ק""ג",1,,true,1,8.90,8.90,false,1,
870014,true,חזה הודו נקבה.,קורניש חן (1987) בעמ,,,"ק""ג",1,,true,1,28.90,28.90,false,1,
870069,true,שוקיים הודו,קורניש חן (1987) בעמ,,,"ק""ג",1,,true,1,27.90,27.90,false,1,
870076,true,כנף הודו,קורניש חן (1987) בעמ,,,"ק""ג",1,,true,1,14.90,14.90,false,1,
870083,true,נתחי הודו,קורניש חן (1987) בעמ,,,"ק""ג",1,,true,1,24.90,24.90,false,1,
870151,true,גרון הודו נקבה,טל הל יסכה בעמ,,,"ק""ג",1,,true,1,21.90,21.90,false,1,
870168,true,גרון הודו זכר,קורניש חן (1987) בעמ,,,"ק""ג",1,,true,1,29.90,29.90,false,1,
979427,true,עגבניות שרי,ביכורי השדה הצפון בעמ` 1964,,,'יח,1,,false,1,9.90,9.90,false,1,
986708,true,ענבים שחורים,ביכורי השדה הצפון בעמ` 1964,,,"ק""ג",1,,true,1,24.90,24.90,false,1,
993560,true,עגבניה שרי ליקופן,ביכורי השדה הצפון בעמ` 1964,,,'יח,1,,false,1,9.90,9.90,false,1,
995410,true,נבטים סינים,ביכורי השדה הצפון בעמ` 1964,,,'יח,1,,false,1,6.90,6.90,false,1,
1133484,true,פילה סלמון נורווגי בוואקום,בלדי בע`מ,,,"ק""ג",1,ל-100 גרם,true,1,79.90,79.90,false,1,
1136294,true,נקה 7 שמפו לשיער יבש 750 מל,החב. הדרומית לשיווק,,,'יח,7.50,"ל-100 מ""ל",false,1,11.90,1.59,true,1,
1136683,true,נקה 7 מרכך לכל סוגי השיער 750 מל,החב. הדרומית לשיווק,,,'יח,7.50,"ל-100 מ""ל",false,1,11.90,1.59,true,1,
1136973,true,נקה תחליב רחצה לבן קמומיל 1 ל`,החב. הדרומית לשיווק,,,'יח,1,,false,12,13.90,13.90,false,1,
1247082,true,ספרינג מיץ עגבניות קרטון 1 ליטר,יפאורה - שותפות מוגבלת לשיווק,,,'יח,10,"ל-100 מ""ל",false,1,6.90,0.69,false,1,
1247099,true,ספרינג נקטר מנגו קרטון 1 ליטר,יפאורה - שותפות מוגבלת לשיווק,,,'יח,10,"ל-100 מ""ל",false,1,6.90,0.69,false,1,
1247112,true,ספרינג נקטר לימונים קרטון 1 ליטר,יפאורה - שותפות מוגבלת לשיווק,,,'יח,10,"ל-100 מ""ל",false,1,6.90,0.69,false,1,
1247129,true,ספרינג נקטר תפוזים 1 ליטר קרטון,יפאורה - שותפות מוגבלת לשיווק,,,'יח,10,"ל-100 מ""ל",false,1,6.90,0.69,false,1,
1247143,true,ספרינג נקטר תפוחים 1 ליטר,יפאורה - שותפות מוגבלת לשיווק,,,'יח,10,"ל-100 מ""ל",false,1,6.90,0.69,false,1,
1249212,true,וופל עלמה בלגי,מ.ד אטיאס סוכנויות מזון בע`מ,,,'יח,1,,false,1,3.90,3.90,true,1,
1302279,true,במבה קלאסי *60,קבוצת אסם סחר,,,'יח,0.60,ל-100 גרם,false,1,3.90,6.50,true,1,
1322031,true,כתף קפוא מס`4,בלדי בע`מ,,,"ק""ג",1,,true,1,34.90,34.90,false,1,
1419779,true,וופל קלאסי 200 גר`,מ.ד אטיאס סוכנויות מזון בע`מ,,,'יח,2,ל-100 גרם,false,1,3.90,1.95,true,1,
1419892,true,וופל קלאסי לימון 200 גר`,מ.ד אטיאס סוכנויות מזון בע`מ,,,'יח,2,ל-100 גרם,false,1,3.90,1.95,true,1,
1436790,true,מרגז מיני אקסטרה חריף 500  גר`קפוא,בלדי בע`מ,,,'יח,5,ל-100 גרם,false,8,27.90,5.58,true,1,
1455456,true,נסיכת הנילוס פרוס,בלדי בע`מ,,,"ק""ג",1,ל-100 גרם,true,1,69.90,69.90,true,1,
1594568,true,בירה קרלסברג פחית להחזרה 500 מל,החברה המרכזית להפצת משקאות בע`,,,'יח,5,"ל-100 מ""ל",false,24,9.20,1.78,false,1,
1594858,true,בירה טובורג בקבוק להחזרה 6*330 מל,החברה המרכזית להפצת משקאות בע`,,,'יח,19.80,"ל-100 מ""ל",false,4,34.90,1.67,true,1,
1594865,true,בירה קרלסברג בקבוק 6*330 מ``,החברה המרכזית להפצת משקאות בע`,,,'יח,19.80,"ל-100 מ""ל",false,4,34.90,1.67,true,1,
1696019,true,צימוק בהיר 200 גר`,בוטנת בעמ חברה לקלייה ואריזת פ,,,'יח,2,ל-100 גרם,false,1,10.60,5.30,false,1,
1696767,true,בוטנים בקליפה 200 גרם,בוטנת בעמ חברה לקלייה ואריזת פ,,,'יח,2,ל-100 גרם,false,1,5.30,2.65,false,1,
1713167,true,מתז קצף ניקוי 1 ליטר,קומפלקס כימקלים בעמ`,,,'יח,1,,false,1,9.90,9.90,true,1,
1873489,true,קרפציו black angus,נטו מלינדה סחר בע`מ,,,'יח,1,ל-100 גרם,false,1,19.90,19.90,true,1,
2007302,true,סוכריות אחיד 100 גרם,הנמל אריזות ושיווק 1984 בע`מ,,,'יח,1,ל-100 גרם,false,1,4.90,4.90,false,1,
2008057,true,תמצית אפייה בטעם רום 55 מ``ל,הנמל אריזות ושיווק 1984 בע`מ,,,'יח,0.55,"ל-100 מ""ל",false,24,2.90,5.27,false,1,
2008088,true,צבע מאכל צהוב 55 מ``ל,הנמל אריזות ושיווק 1984 בע`מ,,,'יח,0.55,"ל-100 מ""ל",false,1,2.90,5.27,false,1,
2008620,true,צבע מאכל ירוק 55 מ``ל,הנמל אריזות ושיווק 1984 בע`מ,,,'יח,0.55,"ל-100 מ""ל",false,1,2.90,5.27,false,1,
2008651,true,קמח תפו``א 500 גרם,הנמל אריזות ושיווק 1984 בע`מ,,,'יח,5,ל-100 גרם,false,20,7.90,1.58,false,1,
2008989,true,קישקשים 225 יח`,הנמל אריזות ושיווק 1984 בע`מ,,,'יח,1,,false,24,8.90,8.90,false,1,
2037637,true,חליה מתוקה 4 בשקית ברמן,מאפיית י.את א. ברמן בעמ,,,'יח,1,ל-100 גרם,false,1,12.90,12.90,false,1,
2057031,true,זיתים מבוקע פיקנטי A-2 יבנה 540 גר`,קבוצת יבנה,,,'יח,5.60,ל-100 גרם,false,1,9.90,1.77,false,1,
2057123,true,זיתים חרוזית A-2 יבנה 540 גר`,קבוצת יבנה,,,'יח,5.40,ל-100 גרם,false,1,9.90,1.83,true,1,
2057130,true,זיתים חרוזית 43 או`יבנה,קבוצת יבנה,,,'יח,5.40,ל-100 גרם,false,1,22.90,4.24,false,1,
2057185,true,זיתים טבעות ירוקים A-2 יבנה 540 גר`,קבוצת יבנה,,,'יח,5.40,ל-100 גרם,false,1,9.90,1.83,false,1,
2057314,true,מלפפון במלח 15-20 יבנה 1.300 ק`ג,קבוצת יבנה,,,'יח,13,ל-100 גרם,false,1,14.90,1.15,false,1,
2057352,true,מלפפון במלח 7-9 A-2 יבנה 540 גר`,קבוצת יבנה,,,'יח,5.40,ל-100 גרם,false,1,7.90,1.46,false,1,
2057369,true,מלפפון במלח 10-12 A-2 ביבנה 540 גר`,קבוצת יבנה,,,'יח,5.40,ל-100 גרם,false,1,7.90,1.46,false,1,
2057376,true,מלפפון במלח 13-17 A-2 יבנה 540 גר`,קבוצת יבנה,,,'יח,5.40,ל-100 גרם,false,1,10.90,2.02,true,1,
2057451,true,מלפפון בחומץ  %7-9 20 A-2 יבנה,קבוצת יבנה,,,'יח,5.40,ל-100 גרם,false,1,7.90,1.46,false,1,
2057468,true,מלפפון בחומץ 10-12 A-2 יבנה 540,קבוצת יבנה,,,'יח,5.40,ל-100 גרם,false,1,7.90,1.46,false,1,
2057475,true,מלפפון בחומץ 13-17 יבנה 540 גר`,קבוצת יבנה,,,'יח,5.40,ל-100 גרם,false,1,10.90,2.02,true,1,
2057482,true,מלפפון בחומץ 18-25 A-2 יבנה 540 גר`,קבוצת יבנה,,,'יח,5.40,ל-100 גרם,false,1,13.90,2.57,false,1,
2057604,true,שיפקה A-2 יבנה 540 גר`,קבוצת יבנה,,,'יח,5.40,ל-100 גרם,false,1,5.90,1.09,false,1,
2107798,true,גבינה בולגרית בקר 5% בגביע 250 ג,החברה המרכזית להפצה,,,'יח,2.50,ל-100 גרם,false,1,22.90,9.16,false,1,
2118398,true,צימרונים ביוטי מרובע 200 יח`,הנמל אריזות ושיווק 1984 בע`מ,,,'יח,1,ל-100 גרם,false,12,4.90,4.90,false,1,
2129370,true,פילה אמנון ללא עור קפוא,נטו מלינדה סחר בע`מ,,,"ק""ג",1,ל-100 גרם,true,1,29.90,29.90,true,1,
2129462,true,מארז פיצה איטלקית דקה שלושת האופים,נטו מלינדה סחר בע`מ,,,'יח,6.40,ל-100 גרם,false,8,27.90,4.36,true,1,
2132011,true,עוגיות מזרחיות עבאדי 400 גרם,תה ויסוצקי בע`מ,,,'יח,4,ל-100 גרם,false,1,17.90,4.48,false,1,
2157960,true,טונה במים 140  גר`מארז רביעייה ויליגר,נטו מלינדה סחר בע`מ,,,'יח,1.40,ל-100 גרם,false,1,19.90,14.21,false,1,
2195054,true,המבורגר בלדי 400גר,בלדי בע`מ,,,'יח,4,ל-100 גרם,false,12,11.90,2.98,true,1,
2195078,true,קבב כבש בלדי 400גר,בלדי בע`מ,,,'יח,4,ל-100 גרם,false,12,11.90,2.98,true,1,
2195085,true,קבב מזרחי בלדי 400 גרם,בלדי בע`מ,,,'יח,4,ל-100 גרם,false,12,11.90,2.98,true,1,
2195092,true,קבב רומני בלדי 400גר,בלדי בע`מ,,,'יח,4,ל-100 גרם,false,12,11.90,2.98,true,1,
2260059,true,במבה יום הולדת *60,קבוצת אסם סחר,,,'יח,0.60,ל-100 גרם,false,1,3.90,6.50,true,1,
2277248,true,גבינת מון בלאן זעתר 120 גרם,נטו מלינדה סחר בע`מ,,,'יח,1.20,ל-100 גרם,false,1,12.90,10.75,true,1,
2331025,true,נביעות מים מינרלים ספורט להחזרה 500מ,החברה המרכזית להפצת משקאות בע`,,,'יח,5,"ל-100 מ""ל",false,24,3.80,0.70,false,1,
2331094,true,נביעות מים מינרלים ספורט 755 מ``ל,החברה המרכזית להפצת משקאות בע`,,,'יח,7.55,"ל-100 מ""ל",false,24,4.90,0.61,false,1,
2331490,true,נביעות מים מינרלים 1 ליטר פיקדון,החברה המרכזית להפצת משקאות בע`,,,'יח,10,"ל-100 מ""ל",false,15,3.40,0.31,true,1,
2345015,true,סינטה דקדק 250 גר`,נטו מלינדה סחר בע`מ,,,'יח,2.50,ל-100 גרם,false,1,28.90,11.56,true,1,
2345022,true,אנטריקוט דקדק 250 גר`,נטו מלינדה סחר בע`מ,,,'יח,2.50,ל-100 גרם,false,10,21.90,8.76,true,1,
2453529,true,אנטריקוט בורגר 400 גרם,זהר עופות ובשר בעמ,,,'יח,4,ל-100 גרם,false,1,21.90,5.48,false,1,
2453697,true,קבב אנטריקוט קצבים עם שומן כבש 400 גר,זהר עופות ובשר בעמ,,,'יח,4,ל-100 גרם,false,1,21.90,5.48,false,1,
2453802,true,"קבב אסלי 1 ק""ג",זהר עופות ובשר בעמ,,,'יח,8,ל-100 גרם,false,1,32.90,4.11,false,1,
2512264,true,מלאווח גחנון מופחת שומן רווי 700 גר`,קבוצת אסם סחר,,,'יח,7,ל-100 גרם,false,1,17.90,2.56,false,1,
2517337,true,אורגנו עלים,תבליני טעם וריח,,,'יח,1,,false,1,5.90,5.90,false,1,
2517726,true,קינמון מקלות,תבליני טעם וריח,,,'יח,1,,false,1,6.90,6.90,false,1,
2542780,true,"בירה סטלה ארטואה שישייה 330 מ""ל",תימקו בירה בעמ`,,,'יח,19.80,"ל-100 מ""ל",false,1,34.90,1.67,true,1,
2543046,true,קלוגס פרוסטיס 750 גר`,דיפלומט מפיצים (1968) בע`מ,,,'יח,7.50,ל-100 גרם,false,12,21.90,2.92,false,1,
2577492,true,פילה הרינג מלוח בשמן,נטו מלינדה סחר בע`מ,,,'יח,2.40,ל-100 גרם,false,6,25.90,10.79,false,1,
2603504,true,פיצת השף מאיטליה שגב עגבניות ובצל סגול,נטו מלינדה סחר בע`מ,,,'יח,2.20,ל-100 גרם,false,12,16.90,7.68,true,1,
2628064,true,טחון בקר בלדי קפוא 500 גרם,בלדי בע`מ,,,'יח,5,ל-100 גרם,false,12,16.90,3.38,true,1,
2661153,true,לחם דני קל  ברמן 1 קג,מאפיית י.את א. ברמן בעמ,,,'יח,10,ל-100 גרם,false,1,17.90,1.79,true,1,
2661443,true,פירורי לחם זהוב עדין 200 גר`,מאפיית י.את א. ברמן בעמ,,,'יח,2,ל-100 גרם,false,1,3.90,1.95,true,1,
2661474,true,פירורי לחם זהוב עם שומשום  200 גר`,מאפיית י.את א. ברמן בעמ,,,'יח,2,ל-100 גרם,false,1,3.90,1.95,true,1,
2692478,true,שמן זית כתית מעולה 750 מל מעודן,סוגת,,,'יח,7.50,"ל-100 מ""ל",false,1,32.90,4.39,true,1,
2715528,true,מג`יק ארוחת נודלס בטעם ירקות 70 גרם,נטו מלינדה סחר בע`מ,,,'יח,7,ל-100 גרם,false,12,4.90,0.70,false,1,
2715580,true,מגי`ק ארוחת נודלס בטעם סיני 70 גרם,נטו מלינדה סחר בע`מ,,,'יח,7,ל-100 גרם,false,12,4.90,0.70,false,1,
2752332,true,סוכריות מנטוס פירות 37 גרם,ליימן שליסל בע`מ,,,'יח,0.3750,ל-100 גרם,false,40,2.90,7.73,false,1,
2752349,true,סוכריות מנטוס מנטה 37 גרם,ליימן שליסל בע`מ,,,'יח,0.3750,ל-100 גרם,false,40,2.90,7.73,false,1,
2775317,true,פילה זהבון,נטו מלינדה סחר בע`מ,,,"ק""ג",1,ל-100 גרם,true,1,24.90,24.90,false,1,
2824183,true,גבינת סקי %5 500 גרם,שטראוס גרופ בע`מ,,,'יח,5,ל-100 גרם,false,12,9.90,1.98,false,1,
2871248,true,בירה טובורג בקבוק 500 מל,החברה המרכזית להפצת משקאות בע`,,,'יח,5,"ל-100 מ""ל",false,20,8.90,1.54,false,1,
2871361,true,בירה קרלסברג בקבוק חוזר 500 מל,החברה המרכזית להפצת משקאות בע`,,,'יח,5,"ל-100 מ""ל",false,20,7.90,1.34,false,1,
2881506,true,חמאת בוטנים 510 גר`,תומר ייבוא ושיווק מוצרי מזון [,,,'יח,5.10,ל-100 גרם,false,12,9.90,1.94,false,1,
2909569,true,פילה ברבוניה,בלדי בע`מ,,,'יח,1,'יח,false,25,21.90,21.90,false,1,
2909576,true,טחון בקר לקציצות וקבב,בלדי בע`מ,,,'יח,1,,false,12,16.90,16.90,true,1,
2909804,true,פילה  מרלוזה[בקלה] ללא עור ארגטיני,בלדי בע`מ,,,"ק""ג",1,ל-100 גרם,true,1,31.90,31.90,true,1,
2909835,true,שמן זית כתית 750 מל`,בלדי בע`מ,,,'יח,7.50,"ל-100 מ""ל",false,1,26.90,3.59,true,1,
2909989,true,שעועית ירוקה חתוכה 800 גר`,בלדי בע`מ,,,'יח,8,ל-100 גרם,false,12,9.90,1.24,false,1,
2919872,true,פילה נסיכת הנילוס בלדי,בלדי בע`מ,,,"ק""ג",1,ל-100 גרם,true,1,49.90,49.90,true,1,
2927358,true,סטייק אנטריקוט 800 גרם,זהר עופות ובשר בעמ,,,'יח,8,ל-100 גרם,false,1,29.90,3.74,false,1,
2927464,true,גולש עגל,זהר עופות ובשר בעמ,,,"ק""ג",1,"ק""ג",true,1,29.90,29.90,false,1,
2927471,true,צלי עגל מס 5,זהר עופות ובשר בעמ,,,"ק""ג",1,"ק""ג",true,1,32.90,32.90,false,1,
2927518,true,טבעות פילה עגל קפוא,זהר עופות ובשר בעמ,,,"ק""ג",1,"ק""ג",true,1,34.90,34.90,false,1,
2929642,true,טונה קנולה בשמן 4*140 גרם ויליגר,נטו מלינדה סחר בע`מ,,,'יח,5.60,ל-100 גרם,false,12,19.90,3.55,false,1,
2977001,true,סולת 1 קג`,הטחנות הגדולות של ארץ ישראל בע,,,'יח,10,ל-100 גרם,false,1,4.90,0.49,false,1,
2977032,true,סוכר 1 קג`,הטחנות הגדולות של ארץ ישראל בע,,,'יח,10,ל-100 גרם,false,1,4.90,0.49,false,1,
2977100,true,קמח לבן 1 קג`,הטחנות הגדולות של ארץ ישראל בע,,,'יח,10,ל-100 גרם,false,1,3.90,0.39,false,1,
2977193,true,קמח כוסמין מלא 100%,הטחנות הגדולות של ארץ ישראל בע,,,'יח,1,'יח,false,1,13.90,13.90,false,1,
2977285,true,קמח לבן מלא 100% ללא צורך בניפוי 1 קג`,הטחנות הגדולות של ארץ ישראל בע,,,'יח,10,ל-100 גרם,false,1,5.50,0.55,false,1,
2977322,true,קמח ללא ניפוי 1 קג`,הטחנות הגדולות של ארץ ישראל בע,,,'יח,10,ל-100 גרם,false,1,6.90,0.69,true,1,
2996293,true,צלי כתף מס` 5 מוכשר קפוא,עוף ירושלים מהדרין בע`מ,,,"ק""ג",1,"ק""ג",true,1,69.90,69.90,true,1,
2996415,true,לשון בקר מוכשר קפוא,עוף ירושלים מהדרין בע`מ,,,"ק""ג",1,"ק""ג",true,1,34.90,34.90,false,1,
3069590,true,דג סול ארוז קפוא,נטו מלינדה סחר בע`מ,,,"ק""ג",1,ל-100 גרם,false,1,34.90,34.90,false,1,
3072804,true,פסטרמה של פעם  200 גר`,תנובה מרכז שיתופי לשיווק תוצרת,,,'יח,2,ל-100 גרם,false,1,25.90,12.95,false,1,
3072965,true,קבנוס חריף מעושן 120 גר`,תנובה מרכז שיתופי לשיווק תוצרת,,,'יח,1.20,ל-100 גרם,false,1,11.70,9.75,true,1,
3141159,true,יוגטה מרשמלו 180 גרם,ליימן שליסל בע`מ,,,'יח,1.80,ל-100 גרם,false,18,8.90,4.94,false,1,
3143276,true,יוגטה מרשמלו מגולגל 180 גרם,ליימן שליסל בע`מ,,,'יח,1.80,ל-100 גרם,false,18,8.90,4.94,false,1,
3144419,true,סילאן קליית גת טבעי 710 גר`,ליימן שליסל בע`מ,,,'יח,7.10,ל-100 גרם,false,1,27.90,3.93,false,1,
3287253,true,נקניקיות מרגז ארוז 500גר קפוא,בלדי בע`מ,,,'יח,5,ל-100 גרם,false,8,27.90,5.58,true,1,
3287956,true,פילה לברק בוואקום,בלדי בע`מ,,,"ק""ג",1,"ק""ג",true,1,44.90,44.90,false,1,
3329229,true,פילה מדומה  מס`6,בלדי בע`מ,,,"ק""ג",1,,true,1,39.90,39.90,false,1,
3411313,true,הנמל מפה מבד לא ארוג 180*120,הנמל אריזות ושיווק 1984 בע`מ,,,'יח,1,,false,30,7.90,7.90,true,1,
3427178,true,שמן זית כתית 500 מ`ל,תה ויסוצקי בע`מ,,,'יח,5,"ל-100 מ""ל",false,1,29.90,5.98,true,1,
3514007,true,מנה שקדי מרק 400 גר`,ש. שסטוביץ בע`מ,,,'יח,4,ל-100 גרם,false,1,8.90,2.23,false,1,
3550753,true,טונה פוסידון בשמן 110 מארז *4,נטו מלינדה סחר בע`מ,,,'יח,4.40,ל-100 גרם,false,16,19.90,4.52,false,1,
3570164,true,מינוט שווארמה פרגית 300 גר` בלדי,בלדי בע`מ,,,'יח,3,ל-100 גרם,false,20,29.90,9.97,false,1,
3570928,true,קבב בלדי קצביה ארוז 500 גר,בלדי בע`מ,,,'יח,5,ל-100 גרם,false,8,27.90,5.58,true,1,
3571550,true,פילה טונה  בוואקום[אלבקור],בלדי בע`מ,,,"ק""ג",1,ל-100 גרם,true,10,44.90,44.90,false,1,
3578177,true,תירס גמדי שלם 410 גרם,ג. וילי-פוד אינטרנשיונל בע`מ,,,'יח,4.10,ל-100 גרם,false,24,7.90,1.93,false,1,
3608621,true,קולה RC שישיה 1.5 ליטר,יפאורה - שותפות מוגבלת לשיווק,,,'יח,90,"ל-100 מ""ל",false,1,38.10,0.42,false,1,
3632220,true,שריר הזרוע מס`8,בלדי בע`מ,,,"ק""ג",1,,true,1,29.90,29.90,true,1,
3643004,true,אורז בסמטי הודי אחד אחד 1 קג,סוגת,,,'יח,10,ל-100 גרם,false,1,13.90,1.39,false,1,
3643134,true,סוגת סוכר וניל 10 יח *10גרם,סוגת,,,'יח,1,ל-100 גרם,false,1,2.50,2.50,false,1,
3643769,true,עדשים אדומים 500 גרם,סוגת,,,'יח,5,ל-100 גרם,false,1,7.90,1.58,false,1,
3718627,true,פול ירוק 400 גרם,בלדי בע`מ,,,'יח,4,ל-100 גרם,false,30,9.90,2.48,false,1,
3719259,true,ליבו אקסלוסיבי  750 גר`,מאפיית י.את א. ברמן בעמ,,,'יח,7.50,ל-100 גרם,false,1,15.90,2.12,false,1,
3726141,true,טופו כפרי טבעי ואקום,מחלבות גד בעמ`,,,'יח,2.50,ל-100 גרם,false,1,13.80,5.52,false,1,
3726615,true,טופו ויילר 300 גרם,שטראוס גרופ בע`מ,,,'יח,3,"ל-100 מ""ל",false,1,12.90,4.30,true,1,
3864478,true,סרדינים בשמן צמחי 120 גרם,ג. וילי-פוד אינטרנשיונל בע`מ,,,'יח,1.20,ל-100 גרם,false,50,4.90,4.08,true,1,
4014407,true,חמאת בוטנים קטנה 46 גר`,"מרס ריגלי ישראל בע""מ",,,'יח,0.46,"ל-100 מ""ל",false,1,4.90,10.65,true,1,
4033705,true,הבורגריה לחמניות המבורגר ביס לוקס 6 בש,מאפיית י.את א. ברמן בעמ,,,'יח,6,ל-100 גרם,false,1,14.90,2.48,false,1,
4033712,true,לחם עננים מקמח מלא 750 גר`,מאפיית י.את א. ברמן בעמ,,,'יח,7.50,ל-100 גרם,false,1,16.90,2.25,true,1,
4033729,true,לחם עננים כוסמין 750 גר`,מאפיית י.את א. ברמן בעמ,,,'יח,7.50,ל-100 גרם,false,1,16.90,2.25,true,1,
4033736,true,לחם עננים בסגנון בריוש,מאפיית י.את א. ברמן בעמ,,,'יח,1,ל-100 גרם,false,1,15.90,15.90,true,1,
4063016,true,.מלח שולחן מעולה 1 ק`ג,סוגת,,,'יח,10,ל-100 גרם,false,1,1.90,0.19,false,1,
4063115,true,מלח מטבח רגיל 1 ק``ג,סוגת,,,'יח,10,ל-100 גרם,false,1,1.90,0.19,false,1,
4064181,true,"מלח צנצנת הימלאיה גס 1 ק""ג",סוגת,,,'יח,6,ל-100 גרם,false,1,16.90,2.82,false,1,
4068028,true,צזיקי 500 מ`ל,מחלבות גד בעמ`,,,'יח,2,ל-100 גרם,false,1,9.90,4.95,false,1,
4068172,true,יוגורט עזים דלי 600  גר`5%,מחלבות גד בעמ`,,,'יח,6,"ל-100 מ""ל",false,1,18.90,3.15,false,1,
4120566,true,גבינה מלוחה %24 בולגרית 250 גרם,תנובה חלב,,,'יח,2.50,ל-100 גרם,false,1,22.90,9.16,false,1,
4120634,true,גבינה מלוחה בולגרית %5 250 גרם,תנובה חלב,,,'יח,2.50,ל-100 גרם,false,1,21.90,8.76,false,1,
4125400,true,אשל מהדרין %4.5 200 מ``ל גביע,תנובה חלב,,,'יח,2,"ל-100 מ""ל",false,1,1.69,0.85,false,1,
4125417,true,גיל מהדרין %3 200 מ``ל גביע,תנובה חלב,,,'יח,2,"ל-100 מ""ל",false,1,1.51,0.76,false,1,
4125462,true,תנובה שמנת חמוצה %15 500 גרם,תנובה חלב,,,'יח,5,"ל-100 מ""ל",false,1,6,1.20,false,1,
4125578,true,משקה סויה טרי מועשר קרטון 1 ליטר,תנובה חלב,,,'יח,10,"ל-100 מ""ל",false,1,10.90,1.09,true,1,
4125585,true,משקה סויה בטעם וניל 1 קרטון 1 ליטר,תנובה חלב,,,'יח,10,"ל-100 מ""ל",false,1,10.90,1.09,true,1,
4125738,true,"שמנת מתוקה להקצפה 32% 250 מ""ל",תנובה חלב,,,'יח,2.50,"ל-100 מ""ל",false,1,6.40,2.56,false,1,
4130794,true,משקה סויה מועשר מופחת מתיקות 1 ליטר,תנובה חלב,,,'יח,10,"ל-100 מ""ל",false,1,10.90,1.09,true,1,
4131074,true,חלב שתייה טרי בקרטון מהדרין 3% 1ליטר,תנובה חלב,,,'יח,10,"ל-100 מ""ל",false,1,6.23,0.62,false,1,
4132552,true,משקה סויה דיאט בטעם טבעי 1 ל`קרטון,תנובה חלב,,,'יח,10,"ל-100 מ""ל",false,1,10.90,1.09,true,1,
4137311,true,גבינת עמק לייט 9% נוחה לפתיחה 400גרם,תנובה חלב,,,'יח,4,ל-100 גרם,false,1,31.90,7.98,false,1,
4263188,true,כתף כבש עטרה,נטו מלינדה סחר בע`מ,,,"ק""ג",1,"ק""ג",true,1,109.90,109.90,false,1,
4603175,true,מלח הים האדום גס 500 גרם,סוגת,,,'יח,5,ל-100 גרם,false,1,7.90,1.58,false,1,
4685010,true,שיפון פלוס לחם הארץ 100% 500  גר`,מאפיית י.את א. ברמן בעמ,,,'יח,5,ל-100 גרם,false,1,16.90,3.38,false,1,
4685157,true,הארץ שיפון 100% ברמן 750 גר`,מאפיית י.את א. ברמן בעמ,,,'יח,7.50,ל-100 גרם,false,1,16.90,2.25,false,1,
4685225,true,הארץ שיפון פומפרניקל ברמן,מאפיית י.את א. ברמן בעמ,,,'יח,1,ל-100 גרם,false,1,16.90,16.90,false,1,
4685430,true,הארץ כוסמין 100%  ברמן 750 גר`,מאפיית י.את א. ברמן בעמ,,,'יח,7.50,ל-100 גרם,false,1,16.90,2.25,false,1,
4685447,true,לחמניות כוסמין ברמן 6 יח`,מאפיית י.את א. ברמן בעמ,,,'יח,1,ל-100 גרם,false,1,13.90,13.90,false,1,
4768294,true,פילה מושט ללא עור,בלדי בע`מ,,,"ק""ג",1,ל-100 גרם,true,1,29.90,29.90,true,1,
4923099,true,עין גדי מים מינרלים שישיה 2 ליטר,יפאורה - שותפות מוגבלת לשיווק,,,'יח,120,"ל-100 מ""ל",false,1,11.90,0.10,false,1,
5201882,true,קפה טורקי שקית 200 גרם,שטראוס גרופ בע`מ,,,'יח,2.40,ל-100 גרם,false,24,14.90,6.21,false,1,
5271410,true,ביצים ארוזות L 12 יח`,גליקסמן שיווק ביצים [1994] בעמ,,,'יח,1,,false,1,12.05,12.05,false,1,
5271427,true,ביצים ארוזות M 12 יח`,גליקסמן שיווק ביצים [1994] בעמ,,,'יח,1,,false,1,11.15,11.15,false,1,
5317200,true,קרקר טופז 110 גרם,ח.כהן סוכנות מזון ומשקאות,,,'יח,1.10,ל-100 גרם,false,1,2.90,2.64,true,1,
5369117,true,פלפל שיפקה,א.א. שימורי עדן בעמ`,,,'יח,1,,false,1,4.60,4.60,false,1,
5423635,true,ריצפז פלוס נוזל לרצפה דוחה חרקים 2 ל,החב. הדרומית לשיווק,,,'יח,20,"ל-100 מ""ל",false,8,22.90,1.15,false,1,
5424403,true,כיף סבון נוזלי אצות ים 1 ליטר,החב. הדרומית לשיווק,,,'יח,1,,false,12,12.90,12.90,false,1,
5424700,true,סנו פורטה מתז פלוס 1 ליטר,החב. הדרומית לשיווק,,,'יח,10,ל-100 גרם,false,12,17.90,1.79,true,1,
5424847,true,סנו סופט מפיות 30*30 150 יח`,החב. הדרומית לשיווק,,,'יח,1,,false,1,8.90,8.90,false,1,
5425127,true,מתז לחיטוי משטחים 99.9% מנקה שומנים וא,החב. הדרומית לשיווק,,,'יח,10,ל-100 גרם,false,1,14.90,1.49,true,1,
5425196,true,סנו מקסימה סנסטיב 2.5,החב. הדרומית לשיווק,,,'יח,25,ל-100 גרם,false,6,24.90,1,false,1,
5426735,true,מקסימה 1.25 בלאק,החב. הדרומית לשיווק,,,'יח,12.50,ל-100 גרם,false,12,15.90,1.27,false,1,
5427107,true,סנו סושי מגבות נייר לבנות 6 יח`,החב. הדרומית לשיווק,,,'יח,5.70,ל-100 גרם,false,1,12.90,2.26,false,1,
5429279,true,סנו מקסימה אבקת כביסה אפקט ג`אוול 6גר,החב. הדרומית לשיווק,,,'יח,6,ל-100 גרם,false,3,49.90,8.32,false,1,
5431968,true,מלבי שמנת 150 גר`,תנובה חלב,,,'יח,1.50,ל-100 גרם,false,1,6.90,4.60,false,1,
5610509,true,צנונית,ביכורי השדה הצפון בעמ` 1964,,,'יח,1,,false,1,5.90,5.90,true,1,
5678318,true,ענב לבן אוטום קריספ,ביכורי השדה הצפון בעמ` 1964,,,"ק""ג",8,ל-100 גרם,true,1,24.90,3.11,false,1,
5678585,true,ענב שחור סקרלוטה,ביכורי השדה הצפון בעמ` 1964,,,"ק""ג",0,"ק""ג",true,1,24.90,24.90,false,1,
5678738,true,ענבים לבנים אררה סוויטיס,ביכורי השדה הצפון בעמ` 1964,,,"ק""ג",0,"ק""ג",true,1,19.90,19.90,false,1,
5678806,true,ענב שחור אדורה,ביכורי השדה הצפון בעמ` 1964,,,"ק""ג",0,"ק""ג",true,1,29.90,29.90,false,1,
5678905,true,כוסברה,ביכורי השדה הצפון בעמ` 1964,,,'יח,1,,false,1,3.90,3.90,true,1,
5896415,true,פחית איגל ירוק 500 מל,טמפו משקאות בע`מ,,,'יח,5,"ל-100 מ""ל",false,24,6.90,1.32,true,1,
5896637,true,סאן בנדטו מים 1.5  ל`בודד,טמפו משקאות בע`מ,,,'יח,15,"ל-100 מ""ל",false,1,4.20,0.26,false,1,
5951022,true,דלעת חתוכה,ביכורי השדה הצפון בעמ` 1964,,,"ק""ג",1,,true,1,10.90,10.90,false,1,
5951039,true,כרובית,ביכורי השדה הצפון בעמ` 1964,,,"ק""ג",1,,true,1,10.90,10.90,true,1,
5992575,true,גבינה בולגרית למריחה 5% 250 גרם,מחלבות גד בעמ`,,,'יח,2.50,ל-100 גרם,false,1,15.90,6.36,false,1,
5992735,true,גבינה לאבנה טבעי 250 גרם,מחלבות גד בעמ`,,,'יח,2.50,ל-100 גרם,false,1,11.90,4.76,false,1,
6199027,true,מאגדת גלידל גלית תות  8 יח`,פלקו בעמ חברה ישראלית,,,'יח,1,ל-100 גרם,false,1,29.90,29.90,false,1,
6229588,true,פחית איגל ירוק 500 מל,טמפו משקאות בע`מ,,,'יח,5,"ל-100 מ""ל",false,24,6.90,1.32,true,1,
6265500,true,פטריות שמפניון ארוז,ביכורי השדה הצפון בעמ` 1964,,,'יח,1,,false,1,7.90,7.90,false,1,
6272072,true,חטיפי פיצה מרובעים אישי 24 יח 650 גר קפו,תנובה מרכז שיתופי לשיווק תוצרת,,,'יח,6.50,ל-100 גרם,false,8,29.90,4.60,false,1,
6306302,true,רביולי פרמזן ריקוטה 400 גרם,מחלבות גד בעמ`,,,'יח,4,ל-100 גרם,false,1,22.90,5.73,true,1,
6306326,true,רביולי פטריות 400 גרם,מחלבות גד בעמ`,,,'יח,4,ל-100 גרם,false,1,22.90,5.73,true,1,
6492432,true,בייבי מוצרלה %18 150 גרם,מחלבות גד בעמ`,,,'יח,1.50,ל-100 גרם,false,1,12.90,8.60,false,1,
6492630,true,גליל גד עז גבינה מחלב עיזים 22% 180ג,מחלבות גד בעמ`,,,'יח,0.80,ל-100 גרם,false,1,21.90,27.38,false,1,
6492852,true,גבינת עזים למריחה 5% 250 גרם,מחלבות גד בעמ`,,,'יח,2.50,ל-100 גרם,false,1,17.90,7.16,true,1,
6492913,true,גבינת לאבנה צזיקי למריחה 5% 250 גרם,מחלבות גד בעמ`,,,'יח,2.50,ל-100 גרם,false,1,12.90,5.16,false,1,
6511683,true,פולי סויה ירוקים קפואים 454 גרם,ג. וילי-פוד אינטרנשיונל בע`מ,,,'יח,4.54,ל-100 גרם,false,1,9.90,2.18,true,1,
6546524,true,צ`פס מובחר 700 גר`,ויטה פרי גליל (החדשה) בע`מ,,,'יח,7,ל-100 גרם,false,15,9.90,1.41,false,1,
6618078,true,אסטוניש לניקוי יסודי מתז 750 מל,יעקב יעקבי ובניו בע`מ,,,'יח,7.50,"ל-100 מ""ל",false,1,11.90,1.59,false,1,
6639004,true,שום,ביכורי השדה הצפון בעמ` 1964,,,'יח,1,,false,1,6.90,6.90,false,1,
6739407,true,שניצל תירס לייט 630 גרם קפוא,נקניק זוגלובק נהריה,,,'יח,6.30,ל-100 גרם,false,12,24.90,3.95,true,1,
6739445,true,שניצל תירס קלאסי 750 גרם,נקניק זוגלובק נהריה,,,'יח,7.50,ל-100 גרם,false,1,26.90,3.59,true,1,
6764072,true,בירה גולדסטאר בקבוק 500 מל,טמפו משקאות בע`מ,,,'יח,5,"ל-100 מ""ל",false,20,6.80,1.12,false,1,
6764485,true,בירה נשר מאלט שחורה בק `6*330מל,טמפו משקאות בע`מ,,,'יח,15,"ל-100 מ""ל",false,1,28.90,1.81,false,1,
6784865,true,מתז 1 ליטר מטבחים תכשיר מרוכז ועוצמתי,קומפלקס כימקלים בעמ`,,,'יח,1,,false,1,9.90,9.90,true,1,
6805850,true,תערובת להכנת פנקייק 500 גרם,ליימן שליסל בע`מ,,,'יח,5,ל-100 גרם,false,12,17.90,3.58,false,1,
6900418,true,לבבות קיסר,ביכורי השדה הצפון בעמ` 1964,,,'יח,1,,false,1,8.90,8.90,false,1,
6908377,true,שקד טבעי 150  גרם,בוטנת בעמ חברה לקלייה ואריזת פ,,,'יח,1.50,ל-100 גרם,false,1,15.90,10.60,false,1,
6908384,true,פיסטוק חלבי 150גר פיצוחי חממה,בוטנת בעמ חברה לקלייה ואריזת פ,,,'יח,1.50,ל-100 גרם,false,1,19.90,13.27,false,1,
6908391,true,קשיו קלוי 150  גרם פיצוחי חממה,בוטנת בעמ חברה לקלייה ואריזת פ,,,'יח,1.50,ל-100 גרם,false,1,14.90,9.93,true,1,
6908681,true,חמוציות 250 גר`,בוטנת בעמ חברה לקלייה ואריזת פ,,,'יח,2.50,ל-100 גרם,false,1,9.90,3.96,false,1,
6941466,true,"שמן קנולה 1  ליטר""שווה""",ח.כהן סוכנות מזון ומשקאות,,,'יח,10,"ל-100 מ""ל",false,1,9.90,0.99,false,1,
8021043,true,שמפו פינוק לשיער רגיל 700 גרם,יוניליוור ישראל שיווק בע`מ,,,'יח,7,"ל-100 מ""ל",false,1,11.90,1.70,false,1,
8175173,true,חמאה מפינלנד 200 גר` ללא מלח,ג. וילי-פוד אינטרנשיונל בע`מ,,,'יח,2,ל-100 גרם,false,1,11.90,5.95,false,1,
8175814,true,פטריות שמפיניון חתוכות 400 גרם,ג. וילי-פוד אינטרנשיונל בע`מ,,,'יח,4,ל-100 גרם,false,24,4.90,1.23,false,1,
8343565,true,סיגרים במילוי תפו``א 1 ק``ג קפוא,נטו מלינדה סחר בע`מ,,,'יח,10,ל-100 גרם,false,8,19.90,1.99,false,1,
8343602,true,קובה במילוי בשר 1 ק``ג קפוא,נטו מלינדה סחר בע`מ,,,'יח,10,ל-100 גרם,false,8,19.90,1.99,false,1,
8345132,true,הרינג כבוש,נטו מלינדה סחר בע`מ,,,'יח,2.40,ל-100 גרם,false,6,25.90,10.79,false,1,
8409407,true,שניצל דק בציפוי צ`יפס 700גר קפוא,תנובה מרכז שיתופי לשיווק תוצרת,,,'יח,7,ל-100 גרם,false,1,41.90,5.99,false,1,
8461283,true,גבינה טריפל צ`דר 200 גר`,א.סיימן סחר בעמ,,,'יח,2,ל-100 גרם,false,1,23.90,11.95,true,1,
8464024,true,בירה גולדסטאר לא מסונן 500מ`ל,טמפו משקאות בע`מ,,,'יח,5,"ל-100 מ""ל",false,12,8.90,1.72,false,1,
8464222,true,בירה מכבי 7.9 פחית להחזרה 500 מל,טמפו משקאות בע`מ,,,'יח,5,"ל-100 מ""ל",false,24,7.90,1.52,false,1,
8464345,true,בירה גולדסטאר בקבוק להחזרה 330 מ``ל,טמפו משקאות בע`מ,,,'יח,3.30,"ל-100 מ""ל",false,1,5.90,1.70,false,1,
8464468,true,בירה גולדסטאר פחית להחזרה 500 מל,טמפו משקאות בע`מ,,,'יח,5,"ל-100 מ""ל",false,24,7.90,1.52,false,1,
8464604,true,בירה היינקן פחית 500 מל,טמפו משקאות בע`מ,,,'יח,5,"ל-100 מ""ל",false,24,9.90,1.92,false,1,
8464697,true,בירה מכבי 7.9% אלכוהול 6יח*330מ`ל בק`,טמפו משקאות בע`מ,,,'יח,19.80,"ל-100 מ""ל",false,4,39.90,1.92,true,1,
8464734,true,שישייה גולדסטאר SLOW BREW,טמפו משקאות בע`מ,,,'יח,19.80,"ל-100 מ""ל",false,4,39.90,1.92,true,1,
8464741,true,בירה גולדסטאר בקבוק 6*330 מ`ל,טמפו משקאות בע`מ,,,'יח,19.80,"ל-100 מ""ל",false,4,36.90,1.77,true,1,
8464796,true,.בירה היינקן בקבוק 6*330 מל,טמפו משקאות בע`מ,,,'יח,19.80,"ל-100 מ""ל",false,4,39.90,1.92,true,1,
8493710,true,פרורי גרסיני זהב 200 גרם,דנאגיס בעמ,,,'יח,2,ל-100 גרם,false,16,6.90,3.45,true,1,
8496421,true,פילה מושט ללא עור,אדום גרופ למזון שיווק והפצה בע,,,"ק""ג",1,ל-100 גרם,true,1,29.90,29.90,true,1,
8644235,true,ירקות צעירי הגן עלי בייבי 120 גר`,ביכורי השדה הצפון בעמ` 1964,,,'יח,1.20,ל-100 גרם,false,1,10.90,9.08,false,1,
8835954,true,פילה מושט קפוא,בלדי בע`מ,,,"ק""ג",1,ל-100 גרם,true,1,24.90,24.90,true,1,
8835961,true,פילה מושט קפוא,בלדי בע`מ,,,"ק""ג",1,ל-100 גרם,true,1,24.90,24.90,true,1,
8835992,true,נסיכת הנילוס פרוס,בלדי בע`מ,,,"ק""ג",1,ל-100 גרם,true,1,69.90,69.90,true,1,
8900157,true,עלי חמציץ,ביכורי השדה הצפון בעמ` 1964,,,'יח,1,,false,1,10.90,10.90,false,1,
10118328,true,תפוצ`יפס בטעם טבעי 6*40 גרם,שטראוס פריטו ליי בע`מ,,,'יח,2.40,ל-100 גרם,false,1,11.90,4.96,false,1,
10124213,true,סינטה בקר דק דק אל מטאדור 250 גר`,בלדי בע`מ,,,'יח,2.50,ל-100 גרם,false,20,19.90,7.96,true,1,
10126323,true,חציל במיונז 400 גר`,ויטה פרי גליל (החדשה) בע`מ,,,'יח,4,ל-100 גרם,false,1,10.90,2.73,true,1,
10126330,true,תירס במיונז 400 גר,ויטה פרי גליל (החדשה) בע`מ,,,'יח,4,ל-100 גרם,false,1,10.90,2.73,true,1,
10126408,true,חציל בטחינה 400 גר`,ויטה פרי גליל (החדשה) בע`מ,,,'יח,4,ל-100 גרם,false,1,10.90,2.73,true,1,
10126477,true,טחינה ירוקה 400 גר`,ויטה פרי גליל (החדשה) בע`מ,,,'יח,4,ל-100 גרם,false,1,10.90,2.73,true,1,
10126484,true,מטבוחה 400 גר`,ויטה פרי גליל (החדשה) בע`מ,,,'יח,4,ל-100 גרם,false,1,10.90,2.73,true,1,
10126491,true,סלט סלק 400 גר`,ויטה פרי גליל (החדשה) בע`מ,,,'יח,4,ל-100 גרם,false,1,10.90,2.73,true,1,
10126507,true,סלט טורקי 400 גר`,ויטה פרי גליל (החדשה) בע`מ,,,'יח,4,ל-100 גרם,false,1,10.90,2.73,true,1,
10126583,true,חציל טבעי 400 גר`,ויטה פרי גליל (החדשה) בע`מ,,,'יח,4,ל-100 גרם,false,1,10.90,2.73,true,1,
10126972,true,טחינה לבנה 400 גר`,ויטה פרי גליל (החדשה) בע`מ,,,'יח,4,ל-100 גרם,false,1,10.90,2.73,true,1,
10154029,true,אריסה מתוקה 250 ג,נטו מלינדה סחר בע`מ,,,'יח,2.50,ל-100 גרם,false,12,12.90,5.16,false,1,
10154678,true,אריסה ביתית 250 גרם,נטו מלינדה סחר בע`מ,,,'יח,2.50,ל-100 גרם,false,12,12.90,5.16,false,1,
10154685,true,שום כתוש 250 גרם,נטו מלינדה סחר בע`מ,,,'יח,2.50,ל-100 גרם,false,12,12.90,5.16,false,1,
10237685,true,בירה הייניקן צואר ארוך 330 מ`ל,טמפו משקאות בע`מ,,,'יח,3.30,"ל-100 מ""ל",false,1,7.90,2.30,false,1,
10237890,true,בירה היינקן בקבוק 500 מל,טמפו משקאות בע`מ,,,'יח,5,"ל-100 מ""ל",false,20,8.80,1.52,false,1,
10328345,true,חלווה 50 גר` בקופסה,אחדות ביתחרושת לטחינה חלבה,,,'יח,0.50,ל-100 גרם,false,1,1.50,3,true,1,
10328505,true,חטיפי מיני חלווה ללא תוספת סוכר 15 יח,אחדות ביתחרושת לטחינה חלבה,,,'יח,1.50,'יח,false,1,10.90,7.27,true,1,
10328727,true,ממרח טחינה עם שוקולד 400 גר`,אחדות ביתחרושת לטחינה חלבה,,,'יח,4,"ל-100 מ""ל",false,1,11.90,2.98,false,1,
10328765,true,חלווה 50 גר` שוקו וניל בקופסא,אחדות ביתחרושת לטחינה חלבה,,,'יח,0.50,ל-100 גרם,false,1,1.50,3,true,1,
10328901,true,מאפין בטעם וניל 45 גר`,אחדות ביתחרושת לטחינה חלבה,,,'יח,0.45,ל-100 גרם,false,1,1.50,3.33,true,1,
10650019,true,אנדיב בלגי אמיתי,ביכורי השדה הצפון בעמ` 1964,,,'יח,1,,false,1,12.90,12.90,false,1,
10650064,true,פטריות יער מיובשות  חוות תקוע .,ביכורי השדה הצפון בעמ` 1964,,,'יח,1,,false,1,9.90,9.90,false,1,
10699155,true,נר עוגה אנגלית,שמחה זה אנחנו בע`מ,,,'יח,1,,false,1,10.70,10.70,false,1,
11017866,true,פחית ק`ק סילק 330 מ`ל,החברה המרכזית להפצת משקאות בע`,,,'יח,3.30,"ל-100 מ""ל",false,24,4.90,1.39,true,1,
11017873,true,פחית זירו סליק 330 מ`ל,החברה המרכזית להפצת משקאות בע`,,,'יח,3.30,"ל-100 מ""ל",false,24,4.20,1.18,true,1,
11018443,true,פחית פנטה אורנג` סילק 330 מ`ל,החברה המרכזית להפצת משקאות בע`,,,'יח,3.30,"ל-100 מ""ל",false,24,4.20,1.18,true,1,
11051365,true,שוופס מי סודה עם לימון 4*1.5 ליטר,יפאורה - שותפות מוגבלת לשיווק,,,'יח,60,"ל-100 מ""ל",false,1,10.90,0.18,false,1,
11108045,true,סלרי,ביכורי השדה הצפון בעמ` 1964,,,'יח,1,,false,1,6.90,6.90,false,1,
11128043,true,שורש פטרוזליה,ביכורי השדה הצפון בעמ` 1964,,,'יח,1,,false,1,4.90,4.90,false,1,
11128050,true,גזר צבעוני מובחר,ביכורי השדה הצפון בעמ` 1964,,,'יח,4.10,ל-100 גרם,false,1,6.90,1.68,false,1,
11142001,true,לחם`דואט`,מאפיית דואט בעמ`,,,'יח,5.50,ל-100 גרם,false,1,12.90,2.35,false,1,
11142032,true,לחם`שיפון  ביתי,מאפיית דואט בעמ`,,,'יח,6,ל-100 גרם,false,1,12.90,2.15,false,1,
11142070,true,לחם הטעמים דואט,מאפיית דואט בעמ`,,,'יח,6.30,ל-100 גרם,false,1,13.90,2.21,false,1,
11142148,true,לחמים/לחמניות,מאפיית דואט בעמ`,,,'יח,1,ל-100 גרם,false,1,12.90,12.90,false,1,
11142193,true,לחמניות מתוקות,מאפיית דואט בעמ`,,,'יח,1,ל-100 גרם,false,1,12.90,12.90,false,1,
11142315,true,פרנה דואט,מאפיית דואט בעמ`,,,'יח,1,'יח,false,1,14.50,14.50,false,1,
11142322,true,פיתה בחבילה 10 יח`,מאפיית דואט בעמ`,,,'יח,1,'יח,false,1,13.90,13.90,false,1,
11142339,true,פיתה חמישייה,מאפיית דואט בעמ`,,,'יח,1,'יח,false,1,7.90,7.90,false,1,
11142445,true,לחם כוסמין,מאפיית דואט בעמ`,,,'יח,1,ל-100 גרם,false,1,17.90,17.90,false,1,
11142650,true,לחם 100% שיפון,מאפיית דואט בעמ`,,,'יח,0.90,ל-100 גרם,false,1,17.90,19.89,false,1,
11148898,true,ברוקלי יח`,ביכורי השדה הצפון בעמ` 1964,,,'יח,1,,false,1,9.90,9.90,false,1,
11148911,true,פלפל טינקרבל,ביכורי השדה הצפון בעמ` 1964,,,'יח,1,,false,1,5.90,5.90,false,1,
11148935,true,מלפפון מיני,ביכורי השדה הצפון בעמ` 1964,,,'יח,1,,false,1,5.90,5.90,false,1,
11174866,true,צי`פס בטטה 700 גר`,ויטה פרי גליל (החדשה) בע`מ,,,'יח,7,ל-100 גרם,false,16,11.90,1.70,false,1,
11174897,true,אפונה עדינה 600 גר`,ויטה פרי גליל (החדשה) בע`מ,,,'יח,8,ל-100 גרם,false,1,12.90,1.61,false,1,
11235024,true,רוזמרין,ביכורי השדה הצפון בעמ` 1964,,,'יח,1,,false,1,5.90,5.90,false,1,
11235055,true,בזיליקום,ביכורי השדה הצפון בעמ` 1964,,,'יח,1,,false,1,5.90,5.90,false,1,
11235062,true,עירית,ביכורי השדה הצפון בעמ` 1964,,,'יח,1,,false,1,5.90,5.90,false,1,
11235079,true,טימין,ביכורי השדה הצפון בעמ` 1964,,,'יח,1,,false,1,5.90,5.90,false,1,
11235109,true,מרווה,ביכורי השדה הצפון בעמ` 1964,,,'יח,1,,false,1,5.90,5.90,false,1,
11235147,true,חמציץ,ביכורי השדה הצפון בעמ` 1964,,,'יח,1,,false,1,9.90,9.90,false,1,
11480509,true,פטרוזליה מהדרין הכפר,ביכורי השדה הצפון בעמ` 1964,,,'יח,1,,false,1,5.90,5.90,false,1,
11480516,true,שמיר מהדרין הכפר,ביכורי השדה הצפון בעמ` 1964,,,'יח,1,,false,1,5.90,5.90,false,1,
11480523,true,נענע מהדרין הכפר,ביכורי השדה הצפון בעמ` 1964,,,'יח,1,,false,1,5.90,5.90,false,1,
11480530,true,כוסברה מהדרין הכפר,ביכורי השדה הצפון בעמ` 1964,,,'יח,1,,false,1,5.90,5.90,false,1,
11480554,true,סלרי עלים גוש קטיף,ביכורי השדה הצפון בעמ` 1964,,,'יח,1,,false,1,5.90,5.90,false,1,
11480578,true,חסה,ביכורי השדה הצפון בעמ` 1964,,,'יח,1,,false,1,6.90,6.90,false,1,
11489595,true,קרקר שומשום 110 גר`,ח.כהן סוכנות מזון ומשקאות,,,'יח,1.10,ל-100 גרם,false,1,2.90,2.64,true,1,
11499105,true,גבינה בולגרית 5% 250 גרם,מחלבות גד בעמ`,,,'יח,2.50,ל-100 גרם,false,1,21.90,8.76,false,1,
11499129,true,גבינה בולגרית קוביות מעודנת 5% 250גר,מחלבות גד בעמ`,,,'יח,2,ל-100 גרם,false,1,21.90,10.95,false,1,
11499303,true,גבינה בולגרית עיזים מעודנת 5% 250 גר,מחלבות גד בעמ`,,,'יח,2.50,ל-100 גרם,false,1,31.90,12.76,false,1,
11499327,true,גבינה בולגרית מעודנת 5% 250 גרם,מחלבות גד בעמ`,,,'יח,2.50,ל-100 גרם,false,1,21.90,8.76,false,1,
11499365,true,גבינת חלומי 200 גרם,מחלבות גד בעמ`,,,'יח,2,ל-100 גרם,false,1,21.90,10.95,false,1,
11499624,true,גבינת ניו יורק טבעי 30%,מחלבות גד בעמ`,,,'יח,2,ל-100 גרם,false,1,13.90,6.95,false,1,
11499853,true,גבינת ניו יורק זיתים 30%,מחלבות גד בעמ`,,,'יח,2,ל-100 גרם,false,1,13.90,6.95,false,1,
11501617,true,חמוציות ברכז תפוחים ללא סוכר 250 גרם,דין שיווק וקליה 2021 בעמ,,,'יח,2.50,ל-100 גרם,false,1,14.90,5.96,false,1,
11515683,true,אקסטרים וניל 6*72 גרם,נגה גלידות שותפות מוגבלת,,,'יח,0.72,ל-100 גרם,false,1,27.90,38.75,false,1,
11587307,true,ארטישוק תחתיות,תומר ייבוא ושיווק מוצרי מזון [,,,'יח,4,ל-100 גרם,false,24,10.60,2.65,false,1,
11587581,true,אנשובי תומר צנצנת,תומר ייבוא ושיווק מוצרי מזון [,,,'יח,0.45,ל-100 גרם,false,12,11.90,26.44,false,1,
11598211,true,אנטי קאלק רב שימושי 4ב1 700 מל,החב. הדרומית לשיווק,,,'יח,7,"ל-100 מ""ל",false,12,17.90,2.56,true,1,
11607180,true,קולון 101 אבקת כביסה שקית 1.25 קג,תה ויסוצקי בע`מ,,,'יח,12,ל-100 גרם,false,1,12.90,1.08,true,1,
11607197,true,"קולון 101 אבקת כביסה שקית 5 ק""ג",תה ויסוצקי בע`מ,,,'יח,50,ל-100 גרם,false,1,34.90,0.70,true,1,
11877156,true,מטהר אויר סנופרש Mask ענק 375 מל,החב. הדרומית לשיווק,,,'יח,3.75,"ל-100 מ""ל",false,12,10.90,2.91,false,1,
11877866,true,סנו מקסימה אבקת כביסה מאסק 6גר שקית,החב. הדרומית לשיווק,,,'יח,6,ל-100 גרם,false,3,49.90,8.32,false,1,
11947781,true,מיקס זיתים ללא גלעין עם שמן זית 190 גר,תה ויסוצקי בע`מ,,,'יח,1.90,ל-100 גרם,false,1,14.90,7.84,true,1,
11947798,true,זית קלמטה ללא גלעין עם שמן זית זיתא,תה ויסוצקי בע`מ,,,'יח,2.17,ל-100 גרם,false,1,14.90,6.87,true,1,
11964702,true,תיבול לשווארמה,תבליני טעם וריח,,,'יח,1,,false,1,9.90,9.90,true,1,
11996789,true,פנקו פירורי לחם 200 גר`,טחנת האבן קואופ בעמ,,,'יח,4,ל-100 גרם,false,1,8.90,2.23,false,1,
12022272,true,קליליות קידס,דילייט 2005 בע`מ,,,'יח,1,ל-100 גרם,false,1,11.50,11.50,false,1,
12117275,true,סנוקליר שקית מילוי 750 מ`ל,החב. הדרומית לשיווק,,,'יח,7.50,"ל-100 מ""ל",false,12,5.90,0.79,false,1,
12117558,true,מרכך סופר מרוכז מאסק 1 ל`,החב. הדרומית לשיווק,,,'יח,10,"ל-100 מ""ל",false,12,18.90,1.89,true,1,
12117916,true,סנו אינסטלטור נוזלי,החב. הדרומית לשיווק,,,'יח,10,"ל-100 מ""ל",false,12,26.90,2.69,false,1,
12226014,true,נקניקיות וינר 800גר,נקניק זוגלובק נהריה,,,'יח,8,ל-100 גרם,false,1,21.90,2.74,false,1,
12226120,true,קבנוס זוגלובק טבעי 135 גרם,נקניק זוגלובק נהריה,,,'יח,1.35,ל-100 גרם,false,1,10.90,8.07,false,1,
12227325,true,סלמי מעושן איטלקי 120 גר` דק דק,נקניק זוגלובק נהריה,,,'יח,1.20,ל-100 גרם,false,1,14.90,12.42,true,1,
12227400,true,נקניקיות עוף 800 גר`,נקניק זוגלובק נהריה,,,'יח,8,ל-100 גרם,false,1,21.90,2.74,false,1,
12227974,true,פסטרמה בדבש 120 גר` דק דק,נקניק זוגלובק נהריה,,,'יח,1.20,ל-100 גרם,false,1,14.90,12.42,true,1,
12227981,true,פסטרמה ברביקיו 120 גר` דק דק,נקניק זוגלובק נהריה,,,'יח,1.20,ל-100 גרם,false,1,14.90,12.42,true,1,
12227998,true,חזה בקר 120 גר` דק דק,נקניק זוגלובק נהריה,,,'יח,1.20,ל-100 גרם,false,1,14.90,12.42,true,1,
12228261,true,נקנקיות בוקוורסט הודו ובקר 300 גר`,נקניק זוגלובק נהריה,,,'יח,3.10,ל-100 גרם,false,1,19.90,6.42,false,1,
12642036,true,לה פסטה 5 ספגטי 400 גר`,תומר ייבוא ושיווק מוצרי מזון [,,,'יח,4,ל-100 גרם,false,1,3.90,0.98,true,1,
12645051,true,יוגורט עיזים בגביע 350 גר` -חלב הארץ,שטראוס גרופ בע`מ,,,'יח,3.50,ל-100 גרם,false,1,11.90,3.40,false,1,
12823381,true,מרכך סופר מרוכז סנסטיב 1 ל`,החב. הדרומית לשיווק,,,'יח,10,"ל-100 מ""ל",false,1,18.90,1.89,true,1,
12823947,true,מרכך מקסימה פרפיום קריסטל 750 מ`ל,החב. הדרומית לשיווק,,,'יח,7.50,"ל-100 מ""ל",false,12,17.90,2.39,true,1,
12938924,true,אקווה פרש מי פה 500 מ`ל,גורי ע.ע.ע. בע`מ,,,'יח,5,"ל-100 מ""ל",false,8,17.90,3.58,true,1,
13089168,true,שריר הזרוע  מס `8מוכשר,בלדי בע`מ,,,"ק""ג",10,"ק""ג",true,1,29.90,2.99,true,1,
13145048,true,צנוברים 100 גרם,א.ל. ייצור ושיווק תבלינים בע`מ,,,'יח,1,ל-100 גרם,false,1,24.90,24.90,false,1,
13145277,true,עלים לקרמשניט מימונס 300 גרם,א.ל. ייצור ושיווק תבלינים בע`מ,,,'יח,3,ל-100 גרם,false,1,16.90,5.63,false,1,
13146755,true,"קצפת מעולה להקצפה  24% 500 מ""ל",קפוא זן תעשיות מזון בעמ,,,'יח,5,"ל-100 מ""ל",false,1,12.90,2.58,false,1,
13153593,true,מיץ תפוז מתקתק 100% 1 ליטר,החברה המרכזית להפצה,,,'יח,10,"ל-100 מ""ל",false,1,11.90,1.19,false,1,
13215024,true,פטריות פורטובלה,ביכורי השדה הצפון בעמ` 1964,,,'יח,1,,false,1,13.90,13.90,false,1,
13268020,true,מרכך סופר מרוכז אולטרא פרש 1 ל`,החב. הדרומית לשיווק,,,'יח,10,"ל-100 מ""ל",false,12,18.90,1.89,true,1,
13268037,true,מרכך סופר מרוכז פצולי לבנדר 1 ל`,החב. הדרומית לשיווק,,,'יח,10,"ל-100 מ""ל",false,12,18.90,1.89,true,1,
13268242,true,רצפז פרש הום בניחוח מלון מפנק 2 ל`,החב. הדרומית לשיווק,,,'יח,20,"ל-100 מ""ל",false,1,21.90,1.10,false,1,
13269003,true,מרכך סופר מרוכז בייבי 1 ל`,החב. הדרומית לשיווק,,,'יח,10,"ל-100 מ""ל",false,12,18.90,1.89,true,1,
13269621,true,סנו ריצפז פרש הום 2 ליטר,החב. הדרומית לשיווק,,,'יח,20,"ל-100 מ""ל",false,8,21.90,1.10,false,1,
13366108,true,אפסרגוס שלם,ביכורי השדה הצפון בעמ` 1964,,,'יח,1,,false,1,29.90,29.90,false,1,
13472199,true,ערמונים קלופים וקלויים 100 גרם,ג. וילי-פוד אינטרנשיונל בע`מ,,,'יח,1.05,ל-100 גרם,false,1,5.90,5.62,true,1,
13558916,true,פטריות שמפניון,ביכורי השדה הצפון בעמ` 1964,,,'יח,1,,false,1,9.90,9.90,false,1,
13579232,true,אוכמניות כחולות קפואות 250 גר` shake it,בלדי בע`מ,,,'יח,2.50,ל-100 גרם,false,1,11.90,4.76,true,1,
13579966,true,אצבעות אנטריקוט אסאדו קפוא,בלדי בע`מ,,,'יח,10,ל-100 גרם,true,1,59.90,5.99,false,1,
13581648,true,מינוט סטייק 250 גר` אל מטאדור,בלדי בע`מ,,,'יח,2.50,ל-100 גרם,false,1,24.90,9.96,true,1,
13581990,true,צלי כתף 5 קפוא מוכשר,בלדי בע`מ,,,"ק""ג",1,,true,1,64.90,64.90,true,1,
13585394,true,קוקה קולה 1 ל` פיקדון,החברה המרכזית להפצת משקאות בע`,,,'יח,10,"ל-100 מ""ל",false,12,7.20,0.69,false,1,
13678010,true,כרוב לבן 400 גר`,ויטה פרי גליל (החדשה) בע`מ,,,'יח,4,ל-100 גרם,false,1,10.90,2.73,true,1,
13678034,true,פלפל מרוקאי 400 גר`,ויטה פרי גליל (החדשה) בע`מ,,,'יח,4,ל-100 גרם,false,1,10.90,2.73,true,1,
13678041,true,פלפל רצועות 400 גר`,ויטה פרי גליל (החדשה) בע`מ,,,'יח,4,ל-100 גרם,false,1,10.90,2.73,true,1,
13678065,true,חציל מרואקי 400 גר`,ויטה פרי גליל (החדשה) בע`מ,,,'יח,4,ל-100 גרם,false,1,10.90,2.73,true,1,
13678171,true,חציל המלך 400 גר`,ויטה פרי גליל (החדשה) בע`מ,,,'יח,4,ל-100 גרם,false,1,10.90,2.73,true,1,
13847454,true,טונה סטארקיסט בשמן קנולה  4*160 גרם,דיפלומט מפיצים (1968) בע`מ,,,'יח,6.40,ל-100 גרם,false,12,24.90,3.89,false,1,
13848345,true,מארז שלישייה-מטליות לחות לחיטוי וניקוי,החב. הדרומית לשיווק,,,'יח,1,,false,1,21.90,21.90,false,1,
13848758,true,ג`ל כביסה בייבי 3 ליטר,החב. הדרומית לשיווק,,,'יח,3,"ל-100 מ""ל",false,6,32.90,10.97,false,1,
13927033,true,מעמול במילוי תמרים ואגוזים 600 גר`,אחדות ביתחרושת לטחינה חלבה,,,'יח,6,ל-100 גרם,false,1,9.90,1.65,true,1,
13927514,true,רוגעלך קינמון  400 גר`,אחדות ביתחרושת לטחינה חלבה,,,'יח,4,ל-100 גרם,false,1,9.90,2.48,false,1,
13927637,true,"חלבה ללא תוספת סוכר בד""צ 400 גר`",אחדות ביתחרושת לטחינה חלבה,,,'יח,4,ל-100 גרם,false,1,12.90,3.23,false,1,
13927644,true,עוגיות כתר בטעם תות 400 גר`,אחדות ביתחרושת לטחינה חלבה,,,'יח,4,ל-100 גרם,false,1,9.90,2.48,true,1,
14079014,true,לבבות קיסר נספק,ביכורי השדה הצפון בעמ` 1964,,,'יח,1,,false,1,9.90,9.90,false,1,
14083479,true,גבינה גאודה פרוסות 150 גרם,ג. וילי-פוד אינטרנשיונל בע`מ,,,'יח,1.50,ל-100 גרם,false,1,11.90,7.93,true,1,
14094406,true,צימוק לבן 250 גרם בקופסא,דין שיווק וקליה 2021 בעמ,,,'יח,2.50,ל-100 גרם,false,1,13.90,5.56,false,1,
14094628,true,פקאן טבעי 200 גרם קופסא,דין שיווק וקליה 2021 בעמ,,,'יח,2.50,ל-100 גרם,false,1,22.90,9.16,false,1,
14094642,true,קשיו טבעי גדול 200 גרם בקופסא,דין שיווק וקליה 2021 בעמ,,,'יח,2,ל-100 גרם,false,1,22.90,11.45,false,1,
14205024,true,קערית אובלית לבן 25 יח,ח.כהן סוכנות מזון ומשקאות,,,'יח,25,'יח,false,1,4.90,0.20,false,1,
14205031,true,לפתניה לבן 25  יח`,ח.כהן סוכנות מזון ומשקאות,,,'יח,1,,false,1,3.90,3.90,false,1,
14205048,true,מרקיה לבן 25 יח`,ח.כהן סוכנות מזון ומשקאות,,,'יח,25,'יח,false,1,9.90,0.40,false,1,
14205055,true,צלחת עמוקה לבן 30 יח,ח.כהן סוכנות מזון ומשקאות,,,'יח,1,,false,1,14.90,14.90,false,1,
14205062,true,כוסות שקוף 100 יח,ח.כהן סוכנות מזון ומשקאות,,,'יח,1,,false,1,7.90,7.90,false,1,
14205154,true,קערית אובלית צבעוני 25 יח,ח.כהן סוכנות מזון ומשקאות,,,'יח,1,,false,1,5.90,5.90,false,1,
14205239,true,מזלגות צבעוני 50 יח,ח.כהן סוכנות מזון ומשקאות,,,'יח,1,,false,1,9.90,9.90,false,1,
14206434,true,"מיכלי אחסון 1 ל` 5 יח` ""שווה""",ח.כהן סוכנות מזון ומשקאות,,,'יח,1,,false,1,9.90,9.90,true,1,
14206441,true,"מיכלי אחסון 2 ל` 4 יח` ""שווה""",ח.כהן סוכנות מזון ומשקאות,,,'יח,1,,false,1,9.90,9.90,true,1,
14206861,true,סרדינים בשמן זית 125 גרם,ח.כהן סוכנות מזון ומשקאות,,,'יח,1.25,ל-100 גרם,false,1,4.90,3.92,false,1,
14217140,true,ראס אל חנות 100 גרם,תבליני טעם וריח,,,'יח,1,,false,1,9.90,9.90,true,1,
14217157,true,תיבול טוסקנה,תבליני טעם וריח,,,'יח,1,,false,1,9.90,9.90,true,1,
14217225,true,גריל עוף,תבליני טעם וריח,,,'יח,1,,false,1,9.90,9.90,true,1,
14217348,true,צי`לי כתוש,תבליני טעם וריח,,,'יח,1,,false,1,9.90,9.90,true,1,
14217355,true,קרי אבקה,תבליני טעם וריח,,,'יח,1,,false,1,9.90,9.90,true,1,
14217492,true,מיכל תיבול פילידפיה,תבליני טעם וריח,,,'יח,1,,false,1,9.90,9.90,true,1,
14217522,true,תבלין לחם שום תערובת 100 גר`,תבליני טעם וריח,,,'יח,1,,false,1,9.90,9.90,true,1,
14288058,true,להבונים 50 יחק שקית `שווה`,ח.כהן סוכנות מזון ומשקאות,,,'יח,50,'יח,false,1,9.90,0.20,true,1,
14288195,true,"מפת שולחן אל בד חלק ""שווה""",ח.כהן סוכנות מזון ומשקאות,,,'יח,1,'יח,false,1,6.90,6.90,true,1,
14288300,true,"טורטיה  8 יח` 320 גרם ""שווה""",ח.כהן סוכנות מזון ומשקאות,,,'יח,4.20,ל-100 גרם,false,1,9.90,2.36,true,1,
14288317,true,"טורטיה תירס 6 יח 420 גר` ""שווה""",ח.כהן סוכנות מזון ומשקאות,,,'יח,4.20,ל-100 גרם,false,1,9.90,2.36,true,1,
14288324,true,"טורטיה מקמח מלא 8 יח` 320 גר` ""שווה""",ח.כהן סוכנות מזון ומשקאות,,,'יח,4.20,ל-100 גרם,false,1,9.90,2.36,true,1,
14288461,true,נר נשמה פחית,ח.כהן סוכנות מזון ומשקאות,,,'יח,1,,false,1,1.90,1.90,true,1,
14288584,true,"נייר אפיה 50 יח` איכותי ""שווה""",ח.כהן סוכנות מזון ומשקאות,,,'יח,1,'יח,false,1,7.90,7.90,true,1,
14288720,true,כוסות וודקה 350CC,ח.כהן סוכנות מזון ומשקאות,,,'יח,1,,false,1,7.90,7.90,true,1,
14288980,true,מגבוני נייר טישו דו שכבתיים חמישיה,ח.כהן סוכנות מזון ומשקאות,,,'יח,1,ל-100 גרם,false,1,8.90,8.90,false,1,
14435704,true,סלמון מעושן 100 גר`,סלטי שמיר,,,'יח,1,ל-100 גרם,false,1,21.90,21.90,true,1,
14435827,true,מקרל מעושן בשמן,סלטי שמיר,,,'יח,1.80,ל-100 גרם,false,16,24.90,13.83,false,1,
14435834,true,מקרל מעושן פרוס בשמן,סלטי שמיר,,,'יח,1.90,ל-100 גרם,false,8,24.90,13.11,false,1,
14435841,true,פילה מטיאס ולנדי בשמן,סלטי שמיר,,,'יח,2,ל-100 גרם,false,8,18.90,9.45,false,1,
14435872,true,סלט הרינג עם מיונז,סלטי שמיר,,,'יח,2,ל-100 גרם,false,8,18.90,9.45,false,1,
14435889,true,סלט מטיאס עם מיונז,סלטי שמיר,,,'יח,2,ל-100 גרם,false,4,18.90,9.45,false,1,
14455245,true,גרנה פדנו משולש 200 גר`,מחלבות גד בעמ`,,,'יח,2,ל-100 גרם,false,1,24.90,12.45,false,1,
14455252,true,גרנה פדנו מגורד 100 גר`,מחלבות גד בעמ`,,,'יח,10,ל-100 גרם,false,1,12.90,1.29,false,1,
14472228,true,תאנים 250 גרם בקופסא,דין שיווק וקליה 2021 בעמ,,,'יח,2.50,ל-100 גרם,false,1,19.90,7.96,false,1,
14472235,true,פקאן סיני מסוכר 200 גרם בקופסא,דין שיווק וקליה 2021 בעמ,,,'יח,2.50,ל-100 גרם,false,1,22.90,9.16,false,1,
14581036,true,פחם טבעי 2 ק`ג,פחמי הלהבה בעמ`,,,'יח,1,,false,1,11.90,11.90,false,1,
14692565,true,גרעיני תירס מתוק 320 גרם,ג. וילי-פוד אינטרנשיונל בע`מ,,,'יח,3.20,ל-100 גרם,false,24,5.90,1.84,false,1,
14749245,true,עוף טוב רצועות שניצל שומשום 600 גר`,קבוצת אסם סחר,,,'יח,6,ל-100 גרם,false,1,32.90,5.48,true,1,
14749887,true,ע.טוב שניצל דק קריספי ענק 720 גר`,קבוצת אסם סחר,,,'יח,7.20,ל-100 גרם,false,1,34.90,4.85,true,1,
14758162,true,חלב עיזים מלא 3.6,תנובה חלב,,,'יח,10,"ל-100 מ""ל",false,1,16.60,1.66,false,1,
14760141,true,משקה שקדים טרי,תנובה חלב,,,'יח,10,"ל-100 מ""ל",false,1,11.90,1.19,true,1,
14761018,true,גיל טעם וניל 125 גר`,תנובה חלב,,,'יח,1.25,"ל-100 מ""ל",false,1,1.50,1.20,false,1,
14761056,true,מעדן YOLO שוקולד חלב מעולה,תנובה חלב,,,'יח,1.23,ל-100 גרם,false,1,4.60,3.74,false,1,
14761063,true,מעדן YOLO שוקולד מריר מעולה,תנובה חלב,,,'יח,1.23,ל-100 גרם,false,1,4.60,3.74,false,1,
14761070,true,מעדן YOLO שוקולד לבן מעולה,תנובה חלב,,,'יח,1.23,ל-100 גרם,false,1,4.60,3.74,false,1,
14761414,true,מעדן YOLO שכבות שוקולד חלב ולבן,תנובה חלב,,,'יח,1.23,ל-100 גרם,false,1,4.60,3.74,false,1,
14785564,true,אטריות אודון מוכנות 200 גר`,טחנת האבן קואופ בעמ,,,'יח,2,ל-100 גרם,false,1,3.90,1.95,false,1,
14785571,true,אטריות מוכנות להקפצה  200 גר`,טחנת האבן קואופ בעמ,,,'יח,2,ל-100 גרם,false,1,3.90,1.95,false,1,
14785588,true,אטריות ראמן מוכנות 180 גר`,טחנת האבן קואופ בעמ,,,'יח,1.80,ל-100 גרם,false,1,3.90,2.17,false,1,
14905733,true,הפי פרפקט לשמשות 750 מל`,יעקב יעקבי ובניו בע`מ,,,'יח,7.50,"ל-100 מ""ל",false,1,7.90,1.05,true,1,
15039499,true,עוגיות איטלקיות מובחרות 1 ק`ג,ג. וילי-פוד אינטרנשיונל בע`מ,,,'יח,10,ל-100 גרם,false,8,11.90,1.19,true,1,
15155830,true,פאוץ פרינוק תפוח בננה 120 גר`,גורי מוצרי צריכה 1991 בע`מ,,,'יח,1.20,ל-100 גרם,false,1,5.90,4.92,true,1,
15155847,true,פאוץ פרינוק סלט פירות 120 גר`,גורי מוצרי צריכה 1991 בע`מ,,,'יח,1.20,ל-100 גרם,false,1,5.90,4.92,true,1,
15156790,true,פאוץ פרינוק לפתן פירות 120 גר`,גורי מוצרי צריכה 1991 בע`מ,,,'יח,1.20,ל-100 גרם,false,1,5.90,4.92,true,1,
15156813,true,פאוץ פרינוק פירות פמעורביםי 120 גר`,גורי מוצרי צריכה 1991 בע`מ,,,'יח,1.20,ל-100 גרם,false,1,5.90,4.92,true,1,
15224017,true,שרי ארוז,ביכורי השדה הצפון בעמ` 1964,,,'יח,1,,false,1,9.90,9.90,false,1,
15282000,true,איקרה אדומה 200 גר`,סלטי שמיר,,,'יח,2,ל-100 גרם,false,8,13.90,6.95,false,1,
15282024,true,איקרה לבנה 200 גר`,סלטי שמיר,,,'יח,2,ל-100 גרם,false,8,13.90,6.95,false,1,
15282666,true,סלט טונה בריאות  200 גר`,סלטי שמיר,,,'יח,2,ל-100 גרם,false,1,16.90,8.45,false,1,
15324007,true,פלפל שחור גרוס,תבליני טעם וריח,,,'יח,1,,false,1,10.90,10.90,false,1,
15324014,true,פלפל שחור טחון,תבליני טעם וריח,,,'יח,1,,false,1,10.90,10.90,false,1,
15324038,true,פפריקה מתוקה בשמן,תבליני טעם וריח,,,'יח,1,,false,1,5.90,5.90,false,1,
15324052,true,פפריקה מתוקה,תבליני טעם וריח,,,'יח,1,,false,1,5.90,5.90,false,1,
15324069,true,גריל עוף,תבליני טעם וריח,,,'יח,1,,false,1,5.90,5.90,false,1,
15324076,true,זעתר מעורב,תבליני טעם וריח,,,'יח,1,,false,1,5.90,5.90,false,1,
15324083,true,מלח לימון,תבליני טעם וריח,,,'יח,1,,false,1,5.90,5.90,false,1,
15324120,true,שום גבישי בשקית 80 גר`,תבליני טעם וריח,,,'יח,1,,false,1,5.90,5.90,false,1,
15324540,true,טימין מיכל גדול 30 גר`,תבליני טעם וריח,,,'יח,1,,false,1,9.90,9.90,true,1,
15324571,true,פפריקה מתוקה בשמן 400 גר`,תבליני טעם וריח,,,'יח,4,ל-100 גרם,false,1,19.90,4.98,true,1,
15324588,true,פלפל לבן 100 גר`,תבליני טעם וריח,,,'יח,1,ל-100 גרם,false,1,12.90,12.90,true,1,
15324663,true,צילי גרוס חריף אש 70 גר`,תבליני טעם וריח,,,'יח,0.70,ל-100 גרם,false,1,9.90,14.14,true,1,
15350150,true,יין סגל אדום חצי יבש 750 מל,טמפו משקאות בע`מ,,,'יח,7.50,"ל-100 מ""ל",false,1,21.90,2.88,true,1,
15652261,true,בוטנים קלויים 300 גרם,דין שיווק וקליה 2021 בעמ,,,'יח,3,ל-100 גרם,false,1,10,3.33,false,1,
15866125,true,ברוקולי ארוזה,ביכורי השדה הצפון בעמ` 1964,,,'יח,1,,false,1,9.90,9.90,false,1,
15996983,true,סוכלוז 0 קלוריות 100 שק`,שטראוס גרופ בע`מ,,,'יח,0.13,"ל-100 מ""ל",false,12,25.90,199.23,false,1,
16144017,true,"קמח חיטה 100% נפלאות 1 ק""ג",תה ויסוצקי בע`מ,,,'יח,10,ל-100 גרם,false,1,8.90,0.89,false,1,
16144024,true,"קמח כוסמין 100% נפלאות 1 ק""ג",תה ויסוצקי בע`מ,,,'יח,10,ל-100 גרם,false,1,14.90,1.49,false,1,
16144031,true,"קמח חיטה לבן מנופה נפלאות 1 ק""ג",תה ויסוצקי בע`מ,,,'יח,10,ל-100 גרם,false,1,6.90,0.69,false,1,
16144055,true,קמח כוסמין 80% נפלאות 1 קג,תה ויסוצקי בע`מ,,,'יח,10,ל-100 גרם,false,1,14.90,1.49,false,1,
16150391,true,סלק בואקום,ביכורי השדה הצפון בעמ` 1964,,,'יח,1,,false,1,5.90,5.90,true,1,
16188585,true,למברוסקו רוזה חצי יבש 750 מ`ל,אגודת הכורמים,,,'יח,7.50,"ל-100 מ""ל",false,1,27.90,3.68,true,1,
16197488,true,מטלית קסם לשיש מארז שלישייה,חוגלה קימברלי שיווק בע`מ,,,'יח,1,,false,24,14.90,14.90,false,1,
16197495,true,מטלית קסם לרצפה מארז זוג,חוגלה קימברלי שיווק בע`מ,,,'יח,1,,false,24,15.90,15.90,false,1,
16234008,true,אנשובי תומר צנצנת עם שמן זית,תומר ייבוא ושיווק מוצרי מזון [,,,'יח,1.60,ל-100 גרם,false,12,9.90,6.19,false,1,
16246452,true,בארכה טחינה מעודנת לחיץ לימון,קבוצת אסם סחר,,,'יח,0.31,ל-100 גרם,false,1,11.90,38.39,false,1,
16270273,true,כרובית,ביכורי השדה הצפון בעמ` 1964,,,"ק""ג",1,,true,1,10.90,10.90,true,1,
16270570,true,מלפפון מיני,ביכורי השדה הצפון בעמ` 1964,,,'יח,1,,false,1,5.90,5.90,false,1,
16270709,true,שרי ארוז,ביכורי השדה הצפון בעמ` 1964,,,'יח,1,,false,1,9.90,9.90,false,1,
16276831,true,תבשיל איטריות בטעם בקר,דין שיווק וקליה 2021 בעמ,,,'יח,1,ל-100 גרם,false,1,5.90,5.90,false,1,
16276855,true,תבשיל איטריות בטעם ירקות,דין שיווק וקליה 2021 בעמ,,,'יח,1,ל-100 גרם,false,1,5.90,5.90,false,1,
16321678,true,מגבוני פרש וונס רביעייה נטורל קאר,דנאגיס בעמ,,,'יח,1,'יח,false,1,16.90,16.90,false,1,
16334616,true,בצל ירוק,ביכורי השדה הצפון בעמ` 1964,,,'יח,1,,false,1,5.90,5.90,false,1,
16372373,true,רסק עגבניות 140*2,תה ויסוצקי בע`מ,,,'יח,2.80,ל-100 גרם,false,1,9.90,3.54,false,1,
16372496,true,חליטת ג`ינגיר ודבש סודות הצמחים,תה ויסוצקי בע`מ,,,'יח,6,ל-100 גרם,false,1,19.90,3.32,true,1,
16400380,true,"גפרור  ארוך""שווה""",ח.כהן סוכנות מזון ומשקאות,,,'יח,1,,false,1,6.90,6.90,false,1,
16400793,true,"מפיות נייר 100 יח ""שווה""",ח.כהן סוכנות מזון ומשקאות,,,'יח,1,,false,1,5.90,5.90,true,1,
16401141,true,"טורטיה תירס 8 יח 320 גר` ""שווה""",ח.כהן סוכנות מזון ומשקאות,,,'יח,3.20,ל-100 גרם,false,1,9.90,3.09,true,1,
16401820,true,תבניות רוסטר עבות במיוחד -*4,ח.כהן סוכנות מזון ומשקאות,,,'יח,1,,false,1,9.90,9.90,false,1,
16401851,true,תבניות אובן עבות במיוחד *4,ח.כהן סוכנות מזון ומשקאות,,,'יח,1,,false,1,9.90,9.90,false,1,
16509786,true,פרסיל ג`ל לכביסה ירוק 2.5 ליטר,גורי שיווק,,,'יח,25,"ל-100 מ""ל",false,6,34.90,1.40,true,1,
16509809,true,פרסיל ג`ל לכביסה קולור 2.5 ליטר,גורי שיווק,,,'יח,25,"ל-100 מ""ל",false,6,34.90,1.40,true,1,
16509847,true,פרסיל ג`ל לכביסה בלאק 2.7 ליטר,גורי שיווק,,,'יח,25,"ל-100 מ""ל",false,6,34.90,1.40,true,1,
16564006,true,מבריקל הפלא *3,אלבגינו שווק וסחר בעמ`,,,'יח,1,,false,1,9.90,9.90,false,1,
16717099,true,סלקטד רדום חצי יבש 750 מל`,אגודת הכורמים,,,'יח,7.50,"ל-100 מ""ל",false,1,29.90,3.95,true,1,
16717631,true,יין מבעבע מוסקטו P.C,אגודת הכורמים,,,'יח,7.50,"ל-100 מ""ל",false,1,39.90,5.28,true,1,
16717754,true,יין היובל ישן נושן 750 מל`,אגודת הכורמים,,,'יח,7.50,"ל-100 מ""ל",false,1,19.90,2.61,false,1,
17023854,true,רביעיית שוופס סודה 250 מ`ל,יפאורה - שותפות מוגבלת לשיווק,,,'יח,10,"ל-100 מ""ל",false,1,10.90,0.97,false,1,
17065007,true,גבינת מוצרלה פרוסה גד 200 גר`,מחלבות גד בעמ`,,,'יח,2,ל-100 גרם,false,1,19.90,9.95,false,1,
17065137,true,גבינה ריקוטה למריחה 5% טבעית 200 גר`,מחלבות גד בעמ`,,,'יח,2,ל-100 גרם,false,1,9.90,4.95,false,1,
17065144,true,גבינה ריקוטה למריחה 5% עם בזילקום,מחלבות גד בעמ`,,,'יח,2,ל-100 גרם,false,1,9.90,4.95,false,1,
17065212,true,גבינת קרם מסקרפונה 250 גר`,מחלבות גד בעמ`,,,'יח,2.50,ל-100 גרם,false,1,19.90,7.96,false,1,
17065236,true,גבינה בולגרית מעודנת 24% 250 גרם,מחלבות גד בעמ`,,,'יח,2.50,ל-100 גרם,false,1,24.70,9.88,false,1,
17065588,true,יוגורט יווני 600 גר`,מחלבות גד בעמ`,,,'יח,6,ל-100 גרם,false,1,16.90,2.82,false,1,
17065649,true,קרם פטיסייר 250 גר`,מחלבות גד בעמ`,,,'יח,2.50,ל-100 גרם,false,1,18.90,7.56,false,1,
17065731,true,גבינת שמנת ניו יורק עם כמהין 200 גר`,מחלבות גד בעמ`,,,'יח,2.50,ל-100 גרם,false,1,13.90,5.56,false,1,
17088112,true,בייביסיטר פרפורמנס{36}מידה 4+,שקד תבל בע`מ,,,'יח,1,'יח,false,1,29.90,29.90,true,1,
17088129,true,בייביסיטר פרפורמנס{34}מידה 4+,שקד תבל בע`מ,,,'יח,1,'יח,false,1,29.90,29.90,true,1,
17088495,true,טופ פד אקסטרה  20 יח`,שקד תבל בע`מ,,,'יח,1,'יח,false,1,9.90,9.90,true,1,
17105079,true,שעועית אפויה ברוטב-הקטניה הטובה יכין,זנלכול יכין,,,'יח,2,ל-100 גרם,false,1,4.90,2.45,false,1,
17105086,true,שעועית צ`ילי-הקטניה  הטובה 200  גר`יכי,זנלכול יכין,,,'יח,2,ל-100 גרם,false,1,4.90,2.45,false,1,
17105116,true,תורמוס-הקטניה  הטובה 200  גר`יכין,זנלכול יכין,,,'יח,2,ל-100 גרם,false,1,4.90,2.45,false,1,
17105123,true,פול הקטניה הטובה 200  גר`יכין,זנלכול יכין,,,'יח,2,ל-100 גרם,false,1,4.90,2.45,false,1,
17105369,true,סירופ דיאט אייס טי אפרסק 1 ליטר,זנלכול יכין,,,'יח,1,,false,1,16.90,16.90,false,1,
17105468,true,אפונה גינה שלשות יכין,זנלכול יכין,,,'יח,6,ל-100 גרם,false,1,14.90,2.48,false,1,
17121093,true,.אריסה חריפה  עללחם 250 גר`,שטראוס גרופ בע`מ,,,'יח,2.50,ל-100 גרם,false,1,14.90,5.96,false,1,
17142128,true,"שמן זית קלאסי עץ הזית 750 מ""ל",סוגת,,,'יח,7.50,"ל-100 מ""ל",false,1,32.90,4.39,true,1,
17142166,true,פילה טונה בשמן זית 120 גר` עץ הזית,סוגת,,,'יח,1.20,ל-100 גרם,false,1,15.90,13.25,true,1,
17142180,true,פילה טונה בשמן זית לימון 120  גר`עץ הז,סוגת,,,'יח,1.20,ל-100 גרם,false,1,15.90,13.25,true,1,
17142203,true,פילה טונה בשמן זית מעושן 120 גר` עץ הז,סוגת,,,'יח,1.20,ל-100 גרם,false,1,15.90,13.25,true,1,
17142289,true,תרסיס שמן חמניות מזוכך ללא גז,סוגת,,,'יח,1,,false,1,14.90,14.90,false,1,
17142340,true,שמן זרעי ענבים 1 ל`,סוגת,,,'יח,10,"ל-100 מ""ל",false,1,29.90,2.99,true,1,
17142395,true,פסטה עם טונה 160 גרם,סוגת,,,'יח,1.60,ל-100 גרם,false,1,13.90,8.69,true,1,
17142401,true,קינואה לבנה ואדומה עם טונה 160 גרם,סוגת,,,'יח,1.60,ל-100 גרם,false,1,13.90,8.69,true,1,
17142418,true,אורז עדשים עם טונה,סוגת,,,'יח,5.50,ל-100 גרם,false,1,13.90,2.53,true,1,
17252636,true,עוגת דבש עגולה,בני פאוזי שמשום,,,'יח,1,ל-100 גרם,false,1,5.90,5.90,false,1,
17275147,true,"עוגת שמרים ""דניש"" קינמון   120 גר`",אחדות ביתחרושת לטחינה חלבה,,,'יח,1.20,ל-100 גרם,false,1,2.90,2.42,false,1,
17275154,true,עוגת שמרים אישית בטעם שוקולד 120 גר`,אחדות ביתחרושת לטחינה חלבה,,,'יח,1.20,ל-100 גרם,false,1,2.90,2.42,false,1,
17303567,true,עוגיות תמר מלוחות עם קצח 500 גר`,מאפית אריאל שיווק והפצה,,,'יח,5,ל-100 גרם,false,1,12.90,2.58,false,1,
17303574,true,עוגיות תמר מלוחות עם שומשום 500 גר`,מאפית אריאל שיווק והפצה,,,'יח,5,ל-100 גרם,false,1,12.90,2.58,false,1,
17303611,true,עוגיות תמר כעכעים קקאו  500 גר`,מאפית אריאל שיווק והפצה,,,'יח,5,ל-100 גרם,false,1,12.90,2.58,false,1,
17303628,true,עוגיות תמר כתר במילוי תות 600 גר,מאפית אריאל שיווק והפצה,,,'יח,5,ל-100 גרם,false,1,12.90,2.58,false,1,
17303659,true,עוגיות תמר מיני מרוקאיות 500 גר`,מאפית אריאל שיווק והפצה,,,'יח,5,ל-100 גרם,false,1,12.90,2.58,false,1,
17303673,true,עוגיות תמר שוקולד ציפס לבן 600 גר,מאפית אריאל שיווק והפצה,,,'יח,5,ל-100 גרם,false,1,12.90,2.58,false,1,
17303680,true,עוגיות תמר כעכים מרוקאיות 500 גר`,מאפית אריאל שיווק והפצה,,,'יח,5,ל-100 גרם,false,1,12.90,2.58,false,1,
17303802,true,מלוואח 600  גר`כשל`פ,מאפית אריאל שיווק והפצה,,,'יח,6,ל-100 גרם,false,1,21.90,3.65,false,1,
17457611,true,סוד ג`ל כביסה 2.5  ל`ורוד,גורי שיווק,,,'יח,25,"ל-100 מ""ל",false,1,22.90,0.92,false,1,
17457628,true,סוד ג`ל כביסה 2.5  ל`כחול,גורי שיווק,,,'יח,25,"ל-100 מ""ל",false,1,22.90,0.92,false,1,
17457727,true,מרכך כביסה מרוכז כחול,גורי שיווק,,,'יח,9,"ל-100 מ""ל",false,12,12.90,1.43,false,1,
17457734,true,מרכך כביסה מרוכז ורוד,גורי שיווק,,,'יח,9,"ל-100 מ""ל",false,12,12.90,1.43,false,1,
17477169,true,קשיו קלוי 250 גר`,דין שיווק וקליה 2021 בעמ,,,'יח,2.50,ל-100 גרם,false,1,20,8,false,1,
17513409,true,תה ירוק עם צמחים ספירוליניה צמחים ירוקים,תה ויסוצקי בע`מ,,,'יח,0.87,ל-100 גרם,false,1,22.90,26.32,true,1,
17513775,true,פליפז בייגלה מצופה שוקולד חלב  140 גר`,תה ויסוצקי בע`מ,,,'יח,1.40,ל-100 גרם,false,1,8.90,6.36,true,1,
17589923,true,free run גוורצטרמינר  750 מ`ל,טמפו משקאות בע`מ,,,'יח,7.50,"ל-100 מ""ל",false,1,59.90,7.95,false,1,
17617046,true,טונה בשמן זית כתית מעולה סטארקיסט 140,דיפלומט מפיצים (1968) בע`מ,,,'יח,1.40,ל-100 גרם,false,1,27.90,19.93,false,1,
17677804,true,רוטב סויה קיקומן 444 מל,דיפלומט מפיצים (1968) בע`מ,,,'יח,4.44,"ל-100 מ""ל",false,12,19.90,4.48,false,1,
17812571,true,תירוש מיץ ענבים טבעי 1 ליטר 100%,אגודת הכורמים,,,'יח,10,"ל-100 מ""ל",false,1,19.90,1.96,false,1,
17812618,true,מיץ ענבים תירוש רוזה 1 ליטר,אגודת הכורמים,,,'יח,10,"ל-100 מ""ל",false,1,19.90,1.96,false,1,
17812861,true,יין לבן יבש 750 מל-וינו,אגודת הכורמים,,,'יח,7.50,"ל-100 מ""ל",false,1,21.90,2.88,true,1,
17842202,true,נייר טישו כיס 10 יחידות שווה,ח.כהן סוכנות מזון ומשקאות,,,'יח,1,ל-100 גרם,false,1,5.90,5.90,false,1,
17888026,true,"משקה קל אננס תפוח וגזר V F 350 מ""ל",יפאורה - שותפות מוגבלת לשיווק,,,'יח,3.50,"ל-100 מ""ל",false,1,6.90,1.89,false,1,
17888132,true,שוופס פינק אקספלוז`ן 330 מ`ל,יפאורה - שותפות מוגבלת לשיווק,,,'יח,3.30,"ל-100 מ""ל",false,1,3.90,1.09,false,1,
17888347,true,"בקבוק מים קטן ספורט 500 מ""ל",יפאורה - שותפות מוגבלת לשיווק,,,'יח,5,"ל-100 מ""ל",false,1,4,0.74,false,1,
17928036,true,מאיר בייגל גריסיני מקלות שומשום  200 ג,דנאגיס בעמ,,,'יח,2,ל-100 גרם,false,1,11.90,5.95,true,1,
17928043,true,מאיר בייגל גריסיני קראנץ` מלח 175 גר`,דנאגיס בעמ,,,'יח,1.75,ל-100 גרם,false,1,11.90,6.80,true,1,
17928227,true,מאיר בייגל שטוחלה פינוקים  300 ג,דנאגיס בעמ,,,'יח,3,ל-100 גרם,false,1,11.90,3.97,true,1,
17928616,true,מאיר בייגל שטוחלה שומשום  300 גר`,דנאגיס בעמ,,,'יח,3,ל-100 גרם,false,1,11.90,3.97,true,1,
17928821,true,מאיר בייגל גריסיני מקלות קלאסי 200 גר`,דנאגיס בעמ,,,'יח,2,ל-100 גרם,false,1,11.90,5.95,true,1,
18091616,true,מקלות פילו גבינה 450 גר`,תנובה מרכז שיתופי לשיווק תוצרת,,,'יח,4.50,ל-100 גרם,false,1,16.90,3.76,false,1,
18131039,true,מאגדת שוקו וניל עוגיות 45*6,נגה גלידות שותפות מוגבלת,,,'יח,0.45,ל-100 גרם,false,1,26.90,59.78,false,1,
18165010,true,יין רזרב גולד גוורצטרמינר 750 מל,טמפו משקאות בע`מ,,,'יח,7.50,"ל-100 מ""ל",false,1,49.90,6.61,true,1,
18192023,true,מקלות סלרי,ביכורי השדה הצפון בעמ` 1964,,,'יח,1,,false,1,5.90,5.90,false,1,
18192658,true,פטריות זוג,ביכורי השדה הצפון בעמ` 1964,,,'יח,1,,false,1,16.90,16.90,false,1,
18198148,true,"תפוגן קריספי ציפס קלאסי 1.25 ק""ג",קבוצת אסם סחר,,,'יח,12.50,ל-100 גרם,false,1,26.90,2.15,false,1,
18198254,true,"תפוגן קריספי ציפס פוטטוס 1.25 ק""ג",קבוצת אסם סחר,,,'יח,12.50,ל-100 גרם,false,1,26.90,2.15,false,1,
18359518,true,תירס מהשדה לל`ס 200  גר`שלישייה,זנלכול יכין,,,'יח,2,ל-100 גרם,false,1,14.90,7.45,false,1,
18359556,true,תירס מהשדה לל`ס יכין 400 גר`,זנלכול יכין,,,'יח,4,ל-100 גרם,false,1,6.50,1.63,false,1,
18359570,true,שעועית צילי הקטניה הטובה שלישייה 200*3,זנלכול יכין,,,'יח,6,ל-100 גרם,false,1,14.90,2.48,true,1,
18380253,true,מזון לכלב עם עוף,תומר ייבוא ושיווק מוצרי מזון [,,,'יח,1,'יח,false,1,3.90,3.90,true,1,
18380307,true,מזון לחתול עם בשר כבד,תומר ייבוא ושיווק מוצרי מזון [,,,'יח,1,'יח,false,1,3.90,3.90,true,1,
18400647,true,סמוטיז בננה תמר  SMOOTHIE,תנובה מרכז שיתופי לשיווק תוצרת,,,'יח,3,ל-100 גרם,false,1,16.90,5.63,false,1,
18440070,true,תרכיז עגבניות בשפורפרת,תה ויסוצקי בע`מ,,,'יח,5.50,ל-100 גרם,false,1,8.90,1.62,false,1,
18471029,true,שישיית שרינק 0.5  ל`שוופס סודה לימון,יפאורה - שותפות מוגבלת לשיווק,,,'יח,3,"ל-100 מ""ל",false,1,14.90,4.37,false,1,
18471210,true,ספרינג נקטר אגס סברס תפוח 1 ליטר קרטון,יפאורה - שותפות מוגבלת לשיווק,,,'יח,10,"ל-100 מ""ל",false,1,6.90,0.69,false,1,
18471463,true,תפוזינה נקטר תפוז  מנגו 1  ל`קרטונית,יפאורה - שותפות מוגבלת לשיווק,,,'יח,10,"ל-100 מ""ל",false,1,6.90,0.69,false,1,
18516348,true,פאוץ פרינוק סלט פירות וש.שועל 120 גר`,גורי מוצרי צריכה 1991 בע`מ,,,'יח,1.30,ל-100 גרם,false,1,5.90,4.54,true,1,
18652039,true,לה קרמריה קרמל מלוח ונוגט כשל`פ 1.4 ל`,נגה גלידות שותפות מוגבלת,,,'יח,14,"ל-100 מ""ל",false,1,19.90,1.42,false,1,
19056539,true,פרוט ווטר אננס1.5 ל`,יפאורה - שותפות מוגבלת לשיווק,,,'יח,15,"ל-100 מ""ל",false,1,8.90,0.57,true,1,
19297246,true,שזיפים 250 גרם בקופסא,דין שיווק וקליה 2021 בעמ,,,'יח,2.50,ל-100 גרם,false,1,14.90,5.96,false,1,
32147230,true,מיץ לימון משומר,דנאגיס בעמ,,,'יח,2,"ל-100 מ""ל",false,1,6.90,3.45,false,1,
40111216,true,חטיף באונטי 57 גרם,"מרס ריגלי ישראל בע""מ",,,'יח,0.57,ל-100 גרם,false,1,3.90,6.84,false,1,
72940754,true,מילקי מעדן חלב וניל עם קצפת %5 170מל,שטראוס גרופ בע`מ,,,'יח,1.30,"ל-100 מ""ל",false,24,2.80,2.15,false,1,
72940761,true,מילקי טעם שוקולד,שטראוס גרופ בע`מ,,,'יח,1.30,"ל-100 מ""ל",false,24,2.90,2.23,false,1,
72940952,true,מילקי קצפת 2p מעדן שוקולד %10 170 מ`,שטראוס גרופ בע`מ,,,'יח,1.70,"ל-100 מ""ל",false,24,3.90,2.29,false,1,
72961506,true,פרילי תות %1.5 125 מל גביע,תנובה חלב,,,'יח,1.25,"ל-100 מ""ל",false,1,3.70,2.96,false,1,
72961544,true,באדי תות,תנובה חלב,,,'יח,1.25,"ל-100 מ""ל",false,1,3,2.40,false,1,
72964132,true,פרילי טבע עם גרנולה 200 מל גביע,תנובה חלב,,,'יח,2,"ל-100 מ""ל",false,1,5.20,2.60,false,1,
72986370,true,גלידת בן & ג`ריס 500 מל` וניל,מוצרי איכות אמריקאים,,,'יח,5,ל-100 גרם,false,1,19.90,3.98,true,1,
72986424,true,גלידת בן & ג`ריס 500 מל` קרם עוגיות,מוצרי איכות אמריקאים,,,'יח,5,"ל-100 מ""ל",false,1,19.90,3.98,true,1,
72986448,true,גלידת בן & ג`ריס 500 מל` טופי קראנץ,מוצרי איכות אמריקאים,,,'יח,5,"ל-100 מ""ל",false,1,19.90,3.98,true,1,
72986455,true,גלידת בן & ג`ריס 500 מל` ניו יורק,מוצרי איכות אמריקאים,,,'יח,5,"ל-100 מ""ל",false,1,19.90,3.98,true,1,
72986479,true,גלידת בן & ג`ריס 500 מל` מאנקי,מוצרי איכות אמריקאים,,,'יח,5,"ל-100 מ""ל",false,1,19.90,3.98,true,1,
72991886,true,גלידת בן & ג`ריס 500 מל` דולצ`ה,מוצרי איכות אמריקאים,,,'יח,5,"ל-100 מ""ל",false,1,19.90,3.98,true,1,
80042556,true,עגבניות חתוכות בודד 400 גרם,רסטרטו יבוא ושיווק בעמ,,,'יח,4,ל-100 גרם,false,1,5.90,1.48,false,1,
80042563,true,רסק עגבניות 700 כר` מוטי,רסטרטו יבוא ושיווק בעמ,,,'יח,7,ל-100 גרם,false,1,11.90,1.70,false,1,
80050124,true,סוכריות טיק טק מנטה 16 גרם,פרימיום חברה לדברי מתיקה ולמסח,,,'יח,0.16,ל-100 גרם,false,1,3.90,24.38,true,1,
80136194,true,קינדר Happy Hippo ופל במילוי קרם 5יח,פרימיום חברה לדברי מתיקה ולמסח,,,'יח,1.30,ל-100 גרם,false,1,12.90,9.92,false,1,
80176800,true,ממרח נוטלה קקאו אגוזים 750 גרם,פרימיום חברה לדברי מתיקה ולמסח,,,'יח,7.50,ל-100 גרם,false,1,25.90,3.45,false,1,
80177616,true,אצבעות שוקולד קינדר 100 גרם,פרימיום חברה לדברי מתיקה ולמסח,,,'יח,1,ל-100 גרם,false,1,7.90,7.90,false,1,
80310167,true,קינד שוקולד מקסי מארז 6 יח`,פרימיום חברה לדברי מתיקה ולמסח,,,'יח,0,ל-100 גרם,false,1,9.90,9.90,false,1,
80790990,true,מסטיק מנטוס טעם מנטה עדינה,ליימן שליסל בע`מ,,,'יח,0.24,ל-100 גרם,false,24,9.90,41.25,true,1,
80832560,true,סוכריות מנטוס ללא סוכר בטעם פירות יער,ליימן שליסל בע`מ,,,'יח,0.21,ל-100 גרם,false,1,6.90,32.86,true,1,
80896081,true,מסטיק מנטוס טעם אבטיח,ליימן שליסל בע`מ,,,'יח,0.24,ל-100 גרם,false,24,9.90,41.25,true,1,
80913467,true,מסטיק מנטוס טעם מנטה,ליימן שליסל בע`מ,,,'יח,0.24,ל-100 גרם,false,24,9.90,41.25,true,1,
80995128,true,מסטיק מנטוס טעם הדרים,ליימן שליסל בע`מ,,,'יח,0.24,ל-100 גרם,false,24,9.90,41.25,true,1,
87108538,true,מנטוס תות 38גר,ליימן שליסל בע`מ,,,'יח,0.37,ל-100 גרם,false,40,2.90,7.84,false,1,
87108651,true,מנטוס רבעיות מנטה 4*37.5 גרם,ליימן שליסל בע`מ,,,'יח,1,,false,35,10.90,10.90,true,1,
87108712,true,מנטוס רביעיות פירות 4*37.5 גרם,ליימן שליסל בע`מ,,,'יח,1.50,ל-100 גרם,false,35,10.90,7.27,true,1,
87311396,true,מנטוס פירות 38גר,ליימן שליסל בע`מ,,,'יח,0.37,ל-100 גרם,false,40,2.90,7.84,false,1,
90162602,true,משקה אנרגיה Red Bull מוגז 250 מל,דיפלומט מפיצים (1968) בע`מ,,,'יח,2.50,"ל-100 מ""ל",false,1,5.90,2.24,true,1,
9800800056,true,ממרח נוטלה GO 52 גרם,פרימיום חברה לדברי מתיקה ולמסח,,,'יח,0.52,ל-100 גרם,false,1,5.50,10.58,false,1,
16000185517,true,פייבר וואן 555 גרם,קבוצת אסם סחר,,,'יח,5.55,ל-100 גרם,false,1,29.90,5.39,false,1,
16000281684,true,חטיף שיבולת שועל עם שבבי פקאן 5*42גרם,ליימן שליסל בע`מ,,,'יח,2.10,ל-100 גרם,false,12,19.90,9.48,true,1,
16000423534,true,חטיף שיבולת שועל עם שוקולד מריר 5*42 גרם,ליימן שליסל בע`מ,,,'יח,2.10,ל-100 גרם,false,12,19.90,9.48,true,1,
16000548404,true,חטיף שיבולת שועל עם דבש 5*42 גרם,ליימן שליסל בע`מ,,,'יח,2.10,ל-100 גרם,false,12,19.90,9.48,true,1,
16000548503,true,חטיף שיבולת שועל עם מייפל קנדי 5*42גרם,ליימן שליסל בע`מ,,,'יח,2.10,ל-100 גרם,false,12,19.90,9.48,true,1,
16000548909,true,חטיף שיבולת שועל מלאה במגוון טעמים,ליימן שליסל בע`מ,,,'יח,2.10,ל-100 גרם,false,12,19.90,9.48,true,1,
16229924263,true,קרם קוקוס 250 מ`ל,גורי מוצרי צריכה 1991 בע`מ,,,'יח,2.50,"ל-100 מ""ל",false,36,9.90,3.96,false,1,
18000701223,true,תערובת להכנת עוגת שוקולד 517 גרם,ליימן שליסל בע`מ,,,'יח,5,ל-100 גרם,false,1,17.90,3.58,false,1,
18000703517,true,תערובת להכנת עוגת שיש 559 גרם,ליימן שליסל בע`מ,,,'יח,5.50,ל-100 גרם,false,12,17.90,3.25,false,1,
25675301108,true,מקלות חמוצים בטעם תות שדה 50 גרם,גורי ע.ע.ע. בע`מ,,,'יח,0.50,ל-100 גרם,false,1,4.90,9.80,false,1,
25675301153,true,מקלות חמוצים בטעם פטל 50 גרם,גורי ע.ע.ע. בע`מ,,,'יח,0.50,ל-100 גרם,false,24,4.90,9.80,false,1,
29424000687,true,גלילי וופל 100  גר`אגוזים,ח.כהן סוכנות מזון ומשקאות,,,'יח,4,ל-100 גרם,false,1,4.90,1.23,true,1,
29424000854,true,גלילי וופל 100  גר`שוקולד,ח.כהן סוכנות מזון ומשקאות,,,'יח,4,ל-100 גרם,false,1,4.90,1.23,true,1,
33617000026,true,וואזה מקמח מלא 260 גר`,גורי מוצרי צריכה 1991 בע`מ,,,'יח,2.60,ל-100 גרם,false,1,13.90,5.35,false,1,
33617340610,true,ואזה מקמח שיפון,גורי מוצרי צריכה 1991 בע`מ,,,'יח,2.75,ל-100 גרם,false,1,13.90,5.05,false,1,
35585453378,true,קונג קיקורו מובחר,שחורי אריה ואנסטסיה,,,'יח,1,,false,1,39.90,39.90,false,1,
37600207188,true,ממרח חמאת בוטנים קלאסי 462 גרם,דיפלומט מפיצים (1968) בע`מ,,,'יח,4.62,ל-100 גרם,false,1,19.90,4.31,false,1,
37600207256,true,ממרח חמאת בוטנים עם שברי בוטנים 462גר`,דיפלומט מפיצים (1968) בע`מ,,,'יח,4.62,ל-100 גרם,false,1,19.90,4.31,false,1,
37600207287,true,ממרח חמאת בוטנים עם דבש 462 גרם,דיפלומט מפיצים (1968) בע`מ,,,'יח,4.62,ל-100 גרם,false,12,19.90,4.31,false,1,
38000138638,true,פרינגלס פיצה 158 גר`,דיפלומט מפיצים (1968) בע`מ,,,'יח,1.58,ל-100 גרם,false,14,9.90,6.27,true,1,
38000138720,true,פרינגלס ראנץ` 158 גר`,דיפלומט מפיצים (1968) בע`מ,,,'יח,1.58,ל-100 גרם,false,1,9.90,6.27,true,1,
38000183928,true,פרינגלס חרדל ודבש  158 גר`,דיפלומט מפיצים (1968) בע`מ,,,'יח,1.58,ל-100 גרם,false,14,9.90,6.27,true,1,
38000197840,true,פרינגלס וייב ברביקיו 130 גר`,דיפלומט מפיצים (1968) בע`מ,,,'יח,1.30,ל-100 גרם,false,1,9.90,7.62,true,1,
38000232152,true,פרינגלס ביג ברביקיו 158 גר`,דיפלומט מפיצים (1968) בע`מ,,,'יח,1.58,ל-100 גרם,false,14,9.90,6.27,true,1,
38000232176,true,פרינגלס ביג שמנת בצל 158 גר`,דיפלומט מפיצים (1968) בע`מ,,,'יח,1.58,ל-100 גרם,false,14,9.90,6.27,true,1,
38000232183,true,פרינגלס ביג אורגינל 149 גר`,דיפלומט מפיצים (1968) בע`מ,,,'יח,1.49,ל-100 גרם,false,14,9.90,6.64,true,1,
38527591060,true,קוואקר ריבועים סוכר חום,שטראוס פריטו ליי בע`מ,,,'יח,4.12,ל-100 גרם,false,1,22.40,5.44,false,1,
40000514480,true,שוקולד אריזה קטנה MM,"מרס ריגלי ישראל בע""מ",,,'יח,0.48,ל-100 גרם,false,1,4.90,10.21,true,1,
46214731552,true,עוגיות מרבה שוקולד צ`יפס 225 גרם,ש. שסטוביץ בע`מ,,,'יח,2.25,ל-100 גרם,false,1,9.90,4.40,true,1,
50000238910,true,פריסקיז פארטי מיקס אוריגינל קראנץ10*60ג,שחורי אריה ואנסטסיה,,,'יח,0.60,ל-100 גרם,false,1,14.90,24.83,false,1,
50000421541,true,מזון חתולים מיקס גריל פריסקיז 156 גרם,שחורי אריה ואנסטסיה,,,'יח,1.56,ל-100 גרם,false,1,6.90,4.42,false,1,
50000429943,true,פנסי פיסט גורמה עוף 85 גרם,שחורי אריה ואנסטסיה,,,'יח,0.85,ל-100 גרם,false,1,5.90,6.94,false,1,
54881000062,true,תה שחור לימונית 20 יח`,תומר ייבוא ושיווק מוצרי מזון [,,,'יח,1,,false,1,9.50,9.50,false,1,
54881000208,true,תה שחור לימון וגינג`ר 20 יח`,תומר ייבוא ושיווק מוצרי מזון [,,,'יח,1,,false,1,9.50,9.50,false,1,
54881003971,true,תה ירוק מובחר 20 שק`,תומר ייבוא ושיווק מוצרי מזון [,,,'יח,1,,false,1,9.50,9.50,false,1,
54881006958,true,תה שחור קינמון 20 יח`,תומר ייבוא ושיווק מוצרי מזון [,,,'יח,1,,false,1,9.50,9.50,false,1,
54881006996,true,תה אפרסק ופסיפלורה,תומר ייבוא ושיווק מוצרי מזון [,,,'יח,1,,false,1,9.50,9.50,false,1,
54881007115,true,תה שחור וניל 20 יח`,תומר ייבוא ושיווק מוצרי מזון [,,,'יח,1,,false,1,9.50,9.50,false,1,
54881007511,true,תה ירוק טעם מנטה 20 שק`,תומר ייבוא ושיווק מוצרי מזון [,,,'יח,1,,false,1,9.50,9.50,false,1,
54881007535,true,תה ירוק טעם לימון 20 שק`,תומר ייבוא ושיווק מוצרי מזון [,,,'יח,1,,false,1,9.50,9.50,false,1,
54881008174,true,תה ארל גריי 100 שק`,תומר ייבוא ושיווק מוצרי מזון [,,,'יח,1,,false,1,17.90,17.90,false,1,
64144090051,true,תרסיס שמן קנולה קל להתזה אורגינל,ליימן שליסל בע`מ,,,'יח,1.48,"ל-100 מ""ל",false,12,18.90,12.77,false,1,
76840100156,true,גלידת בן & ג`ריס 500 מל`פיינט גרסיה,מוצרי איכות אמריקאים,,,'יח,5,ל-100 גרם,false,1,19.90,3.98,true,1,
77245110610,true,סוכריות Must ללא סוכר בטעם מנטה 80גר`,שטראוס גרופ בע`מ,,,'יח,0.80,ל-100 גרם,false,12,7.90,9.88,false,1,
77975094631,true,בייגלה סנדוויץ גבינה צ`דר 226.8 גר`,ליימן שליסל בע`מ,,,'יח,2.26,ל-100 גרם,false,12,16.90,7.48,true,1,
77975094761,true,שברי בייגל בטעם גבינת צ`אדר 340 גר`,ליימן שליסל בע`מ,,,'יח,3.40,ל-100 גרם,false,12,16.90,4.97,true,1,
77975094778,true,"שברי בייגל בטעם בצל,חרדל ודבש 340 גר`",ליימן שליסל בע`מ,,,'יח,3.40,ל-100 גרם,false,12,16.90,4.97,true,1,
77975095133,true,שברי בייגל בטעם פיקנטי 319 גר`,ליימן שליסל בע`מ,,,'יח,3.19,ל-100 גרם,false,12,16.90,5.30,true,1,
80432402931,true,וויסקי שיבאס 700מל,טמפו משקאות בע`מ,,,'יח,7,"ל-100 מ""ל",false,1,119.90,17.09,true,1,
608614310463,true,אוכמניות,ביכורי השדה הצפון בעמ` 1964,,,"ק""ג",1,,false,1,13.90,13.90,false,1,
611745285432,true,סט מגבות למטבח 3 יחידות,הום פרפקט ק.ד.מ בעמ,,,'יח,1,,false,1,14.90,14.90,true,1,
649870166104,true,נייטיב דגים ברוטב לחתול 85 גרם,שחורי אריה ואנסטסיה,,,'יח,0.85,ל-100 גרם,false,1,4.90,5.76,false,1,
649870166135,true,נייטיב טונה ברוטב לחתול 85 גרם,שחורי אריה ואנסטסיה,,,'יח,0.85,ל-100 גרם,false,1,4.90,5.76,false,1,
649870166180,true,נייטיב פטה סלמון לחתול 85 גרם,שחורי אריה ואנסטסיה,,,'יח,0.85,ל-100 גרם,false,1,4.90,5.76,false,1,
655003854664,true,חסה הידרוכונית,ביכורי השדה הצפון בעמ` 1964,,,'יח,1,,false,1,9.90,9.90,false,1,
670087842307,true,חסה סלנובה,ביכורי השדה הצפון בעמ` 1964,,,'יח,1,,false,1,9.90,9.90,false,1,
693493102575,true,שרי ארוז,ביכורי השדה הצפון בעמ` 1964,,,'יח,1,,false,1,9.90,9.90,false,1,
710069006867,true,סנדוויץ 150  גר`וניל,ח.כהן סוכנות מזון ומשקאות,,,'יח,1.50,ל-100 גרם,false,1,3.90,2.60,true,1,
710069055452,true,עוגיות סנדביץ הדר 150 גרם,ח.כהן סוכנות מזון ומשקאות,,,'יח,1.50,ל-100 גרם,false,1,3.90,2.60,true,1,
724353783822,true,תמר מג`הול,ביכורי השדה הצפון בעמ` 1964,,,'יח,1,,false,1,19.90,19.90,false,1,
729011489533,true,בייגלה שמניות מלח 300 גרם הדר,ח.כהן סוכנות מזון ומשקאות,,,'יח,3,ל-100 גרם,false,1,5.90,1.97,false,1,
768404001640,true,גלידת בן & ג`ריס 500 מל`פיינט קפה,מוצרי איכות אמריקאים,,,'יח,5,"ל-100 מ""ל",false,1,19.90,3.98,true,1,
793366811174,true,מדחום דיגיטלי,ד.ג.ש ייבוא ושיווק בעמ,,,'יח,0,'יח,false,1,14.90,14.90,false,1,
835811001133,true,קוקוס 400 גרם,הנמל אריזות ושיווק 1984 בע`מ,,,'יח,4,ל-100 גרם,false,1,10.90,2.73,false,1,
835811003472,true,כפות אלגנט שקוף 50 יח`,הנמל אריזות ושיווק 1984 בע`מ,,,'יח,1,,false,1,7.90,7.90,true,1,
835811003489,true,כפיות אלגנט שקוף 50 יח`,הנמל אריזות ושיווק 1984 בע`מ,,,'יח,1,,false,1,7.90,7.90,true,1,
835811003878,true,שקיות אשפה עם ידיות 40 יח`,הנמל אריזות ושיווק 1984 בע`מ,,,'יח,1,,false,1,15.90,15.90,true,1,
835811004189,true,פירורי לחם מוזהבים 800 גר`,הנמל אריזות ושיווק 1984 בע`מ,,,'יח,8,ל-100 גרם,false,1,10.90,1.36,false,1,
835811004707,true,פרורי לחם מוזהב 440 גר`,הנמל אריזות ושיווק 1984 בע`מ,,,'יח,4.40,ל-100 גרם,false,12,6.90,1.57,false,1,
835811005339,true,זוג שקיות אוכל 150*2,הנמל אריזות ושיווק 1984 בע`מ,,,'יח,1,,false,15,9.90,9.90,true,1,
835811005728,true,עלים לקרמשניט 400 גר`,הנמל אריזות ושיווק 1984 בע`מ,,,'יח,4,ל-100 גרם,false,10,18.90,4.73,false,1,
835811005940,true,מגש הכסף תבנית  אלומ`גדולה+מכסה 8 יח`,הנמל אריזות ושיווק 1984 בע`מ,,,'יח,1,,false,18,11.90,11.90,false,1,
835811005957,true,מגש הכסף תבנית אלומ+`90מכסה 8 יח`,הנמל אריזות ושיווק 1984 בע`מ,,,'יח,1,,false,24,11.90,11.90,false,1,
835811006466,true,שיבולת שועל 500 גרם,הנמל אריזות ושיווק 1984 בע`מ,,,'יח,1,ל-100 גרם,false,1,7.90,7.90,false,1,
835811006497,true,אבקת סוכר 500 גרם,הנמל אריזות ושיווק 1984 בע`מ,,,'יח,5,ל-100 גרם,false,1,6.90,1.38,true,1,
835811006534,true,כוסות קרטון 50 יח` 16OZ,הנמל אריזות ושיווק 1984 בע`מ,,,'יח,1,'יח,false,1,26.90,26.90,true,1,
835811007296,true,כפיות אלגנט קרם  50 יח`,הנמל אריזות ושיווק 1984 בע`מ,,,'יח,1,,false,1,7.90,7.90,true,1,
835811007302,true,כפות אלגנט קרם  50 יח`,הנמל אריזות ושיווק 1984 בע`מ,,,'יח,1,,false,1,7.90,7.90,true,1,
835811007494,true,אבקת ג`לטין טהור מדגים,הנמל אריזות ושיווק 1984 בע`מ,,,'יח,2,ל-100 גרם,false,24,9.90,4.95,false,1,
835811008347,true,גפרור ענק,הנמל אריזות ושיווק 1984 בע`מ,,,'יח,1,,false,48,6.90,6.90,true,1,
855958006662,true,צורו סלמון 56 גרם,שחורי אריה ואנסטסיה,,,'יח,0.56,ל-100 גרם,false,1,15.90,28.39,false,1,
856591000055,true,עוגיות מזרחיות קריספי שרוף במיוחד 400ג,תה ויסוצקי בע`מ,,,'יח,4,ל-100 גרם,false,1,17.90,4.48,false,1,
856591000062,true,עוגיות מזרחיות עם מלח 400 גרם,תה ויסוצקי בע`מ,,,'יח,4,ל-100 גרם,false,1,17.90,4.48,false,1,
856591000109,true,עוגיות מקלות לניגוב 400 גרם,תה ויסוצקי בע`מ,,,'יח,4,ל-100 גרם,false,1,17.90,4.48,false,1,
856591000918,true,מארז עוגיות מזרחיות בטעם טבעי 8*40 גר`,תה ויסוצקי בע`מ,,,'יח,0,ל-100 גרם,false,1,18.90,18.90,false,1,
856591000956,true,מאפה חיטה בטעם גריל 350 גרם,תה ויסוצקי בע`מ,,,'יח,3.50,ל-100 גרם,false,1,16.90,4.83,false,1,
856591000970,true,מזרחיות מקלות בטעם חריף 400 גרם,תה ויסוצקי בע`מ,,,'יח,4,ל-100 גרם,false,1,17.90,4.48,false,1,
893594002051,true,חטיף פופקורן ציפס בטעם גבינת צ`דר 32 ג,שטראוס פריטו ליי בע`מ,,,'יח,3.20,ל-100 גרם,false,1,5.90,1.84,false,1,
2978122235403,false,מגב פרפקט רוחמה,ד.ג.ש ייבוא ושיווק בעמ,,,'יח,0,'יח,false,1,19.90,19.90,false,1,
3014260240226,false,קצף גילוח רגיש 200 מ``ל,דיפלומט מפיצים (1986) בע`מ,,,'יח,2,"ל-100 מ""ל",false,6,14.90,7.45,false,1,
3046920028363,false,שוקולד לינדט אקסלנס 85% 100 גר`,משה סידס ובנו בעמ,,,'יח,1,ל-100 גרם,false,1,14.90,14.90,false,1,
3046920029759,false,שוקולד לינדט אקסלנס 90% 100 גר`,משה סידס ובנו בעמ,,,'יח,1,ל-100 גרם,false,1,14.90,14.90,false,1,
3073781161663,false,גבינה לוואש קירי 128 גר`,בני גורג שוקחה בעמ,,,'יח,1.28,ל-100 גרם,false,1,11.90,9.30,false,1,
3073781162790,false,בייבי בל-אדום 120 גר`,א.סיימן סחר בעמ,,,'יח,1.20,ל-100 גרם,false,12,20.90,17.42,true,1,
3161911229199,false,חמאה רכה למריחה 250 גרם,א.סיימן סחר בעמ,,,'יח,2.50,ל-100 גרם,false,1,22.90,9.16,true,1,
3161911393210,false,חמאת נורמנדי מלוחה אלוויר 200 גרם,א.סיימן סחר בעמ,,,'יח,2,ל-100 גרם,false,1,18.90,9.45,false,1,
3228022910023,false,חמאה צרפתית פרזידנט 200 גר`,נטו מלינדה סחר בע`מ,,,'יח,2,ל-100 גרם,false,1,16.90,8.45,true,1,
3387390320244,false,פיטנס מחיטה מלאה אורז ופירות 375 גרם,קבוצת אסם סחר,,,'יח,3.75,ל-100 גרם,false,1,19.90,5.31,true,1,
3387390525960,false,קראנץ עידן הקרח 500 גרם,קבוצת אסם סחר,,,'יח,5,ל-100 גרם,false,1,19.90,3.98,true,1,
3387390730852,false,פיטנס דגנים מחיטה מלאה 375 גרם,קבוצת אסם סחר,,,'יח,3.75,ל-100 גרם,false,1,19.90,5.31,true,1,
3523230025638,false,מיני בושה עיזים 125  גר`טבעי,א.סיימן סחר בעמ,,,'יח,1.25,ל-100 גרם,false,1,24.90,19.92,false,1,
3574660089547,false,אובה נורמל 32 יח`,ש. שסטוביץ בע`מ,,,'יח,0,ל-100 גרם,false,1,24.90,24.90,false,1,
3921232100023,false,קולפן כפול בבליסטר,ד.ג.ש ייבוא ושיווק בעמ,,,'יח,0,'יח,false,1,14.90,14.90,false,1,
4000415004408,false,שוקולד שוגטן מריר 100 גרם,יעד ממתקים בעמ,,,'יח,1,ל-100 גרם,false,1,5.90,5.90,true,1,
4000415040109,false,שוקולד שוגטן בראוניז 100 גרם,יעד ממתקים בעמ,,,'יח,1,ל-100 גרם,false,1,5.90,5.90,true,1,
4000415065904,false,שוקולד סאלוט חלב אגוזים 100 גרם,יעד ממתקים בעמ,,,'יח,1,ל-100 גרם,false,1,4.90,4.90,true,1,
4000415066000,false,שוקולד סאלוט חלב 100 גרם,יעד ממתקים בעמ,,,'יח,1,ל-100 גרם,false,1,4.90,4.90,true,1,
4000415143800,false,שוקולד שוגטן טרילוגיה 100 גרם,יעד ממתקים בעמ,,,'יח,1,ל-100 גרם,false,1,5.90,5.90,true,1,
4000415358303,false,שוקו פאן ביסקוויט 5*210 גרם,יעד ממתקים בעמ,,,'יח,1.30,ל-100 גרם,false,1,8.90,6.85,true,1,
4000415358501,false,שוקו פאן קוקוס שביעיה  *7 175 גרם,יעד ממתקים בעמ,,,'יח,1.75,ל-100 גרם,false,1,8.90,5.09,true,1,
4000415440701,false,שוקו פאן בוטנים שישיה 6*216 גרם,יעד ממתקים בעמ,,,'יח,1.30,ל-100 גרם,false,1,8.90,6.85,true,1,
4000415440909,false,שוקו פאן קרמל שישיה  *6 216 גרם,יעד ממתקים בעמ,,,'יח,1.30,ל-100 גרם,false,1,8.90,6.85,true,1,
4000415730109,false,שוקולד שוגטן מריר אגוזים קצוצים 100 גרם,יעד ממתקים בעמ,,,'יח,1,ל-100 גרם,false,1,5.90,5.90,true,1,
4000415749606,false,שוקולד שוגטן יום הולדת 100 גרם,יעד ממתקים בעמ,,,'יח,1,ל-100 גרם,false,1,5.90,5.90,true,1,
4000415851705,false,שוקולד שוגטן נוגט 100 גרם,יעד ממתקים בעמ,,,'יח,1,ל-100 גרם,false,1,5.90,5.90,true,1,
4000415856601,false,שוקולד שוגטן לבן 100 גרם,יעד ממתקים בעמ,,,'יח,1,ל-100 גרם,false,1,5.90,5.90,true,1,
4000417222008,false,שוקולד ריטר ספורט חלב עם שברי אגוזים 100,ליימן שליסל בע`מ,,,'יח,1,,false,12,8.90,8.90,true,1,
4000539280740,false,שוקולד לינדט אקסלנס 78% 100 גר`,משה סידס ובנו בעמ,,,'יח,1,ל-100 גרם,false,1,14.90,14.90,false,1,
4000607850004,false,שוקולד שוגטן חלב 100 גרם,יעד ממתקים בעמ,,,'יח,1,ל-100 גרם,false,1,5.90,5.90,true,1,
4000607851001,false,שוקולד שוגטן אגוזים 100 גרם,יעד ממתקים בעמ,,,'יח,1,ל-100 גרם,false,1,5.90,5.90,true,1,
4000607852008,false,שוקולד 100ג שוגטן מריר,יעד ממתקים בעמ,,,'יח,1,,false,1,5.30,5.30,true,1,
4000607854705,false,שוקולד שוגטן תות 100 גרם,יעד ממתקים בעמ,,,'יח,1,ל-100 גרם,false,1,5.90,5.90,true,1,
4002448017684,false,סיליט Bang מתז לניקוי כללי 750 מל,תה ויסוצקי בע`מ,,,'יח,7.50,"ל-100 מ""ל",false,1,10.90,1.45,true,1,
4002448019480,false,סיליט Bang מסיר שומנים רב שימושי 750,תה ויסוצקי בע`מ,,,'יח,7.50,"ל-100 מ""ל",false,1,10.90,1.45,true,1,
4008239313348,false,מעדן ויטקראפט עוף וירקות 85 גרם,שחורי אריה ואנסטסיה,,,'יח,0.85,ל-100 גרם,false,1,5.90,6.94,false,1,
4008496884896,false,מארז 10 סוללות ורטה AA,ד.ש.ש אלקטרוניקה בעמ`,,,'יח,1,,false,1,19.90,19.90,false,1,
4008496927364,false,מארז 10 סוללות AAA ורטה,ד.ש.ש אלקטרוניקה בעמ`,,,'יח,1,'יח,false,1,19.90,19.90,false,1,
4009300524588,false,תה חליטת צמחים פירות יער,ש. שסטוביץ בע`מ,,,'יח,1,,false,1,15.90,15.90,true,1,
4009900403023,false,וויט קלאסי בקבקון דאבל,"מרס ריגלי ישראל בע""מ",,,'יח,0.64,ל-100 גרם,false,1,10.90,17.03,true,1,
4009900455299,false,סקיטלס פירות 174 גר`,"מרס ריגלי ישראל בע""מ",,,'יח,1.75,ל-100 גרם,false,1,8.90,5.09,false,1,
4009900465304,false,סקיטלס חמוץ 174 גר`,"מרס ריגלי ישראל בע""מ",,,'יח,1.75,ל-100 גרם,false,1,8.90,5.09,false,1,
4009900479998,false,אוכמניות בקבקון דאבל,"מרס ריגלי ישראל בע""מ",,,'יח,0.64,ל-100 גרם,false,1,10.90,17.03,true,1,
4011800568610,false,קורני סנדוויץ קלאסי 4*30 גרם,משה סידס ובנו בעמ,,,'יח,1.20,ל-100 גרם,false,1,11.90,9.92,false,1,
4011800632519,false,קורני עם קוקוס ושוקולד חלב 6יח`*25 ג ל,משה סידס ובנו בעמ,,,'יח,1.50,ל-100 גרם,false,1,11.90,7.93,false,1,
4011800636517,false,חטיף קורני פרי 6*20  גר`ללא סוכר,משה סידס ובנו בעמ,,,'יח,1.20,ל-100 גרם,false,1,11.90,9.92,false,1,
4014400900217,false,בונבונירה שוקולד מרסי 400 גר כשלפ,ליימן שליסל בע`מ,,,'יח,4,ל-100 גרם,false,1,49.90,12.48,false,1,
4014400904376,false,סוכריות שטורק טופי שוקולד 325 גרם,ליימן שליסל בע`מ,,,'יח,3.25,ל-100 גרם,false,20,18.90,5.82,false,1,
4014400904390,false,סוכריות ממולאות בטעם חלב 325 גרם,ליימן שליסל בע`מ,,,'יח,3.25,ל-100 גרם,false,20,18.90,5.82,false,1,
4014400914696,false,סוכריות וורטר ללא סוכר 80גר שקית,ליימן שליסל בע`מ,,,'יח,1,,false,18,9.90,9.90,true,1,
4015400564454,false,מגן תחתון אולוויז מגה פק  לארג`68 יח`,דיפלומט מפיצים (1986) בע`מ,,,'יח,0,ל-100 גרם,false,1,19.90,19.90,false,1,
4015400681670,false,תחבושות ALWAYS לילה בטוח 18 יח`,דיפלומט מפיצים (1986) בע`מ,,,'יח,0,ל-100 גרם,false,1,19.90,19.90,false,1,
4015400715290,false,טמפקס קומפקט סופר פלוס 22 יח`,דיפלומט מפיצים (1986) בע`מ,,,'יח,0,ל-100 גרם,false,1,27.90,27.90,false,1,
4015400731719,false,תחבושות Always וליו פק לילה 20 יח`,דיפלומט מפיצים (1986) בע`מ,,,'יח,0,ל-100 גרם,false,1,19.90,19.90,false,1,
4015400746812,false,מגן תחתון אולוויז מגה פק נורמל 80 יח`,דיפלומט מפיצים (1986) בע`מ,,,'יח,0,ל-100 גרם,false,1,19.90,19.90,false,1,
4015400755241,false,תחבושות ALWAYS וליו פק נורמל +28יח`,דיפלומט מפיצים (1986) בע`מ,,,'יח,0,ל-100 גרם,false,1,19.90,19.90,false,1,
4015400755487,false,תחבושות Always וליו פק  לונג +24יח`,דיפלומט מפיצים (1986) בע`מ,,,'יח,0,ל-100 גרם,false,1,19.90,19.90,false,1,
4015600762742,false,שמפו שולדרס 500 מ`ל קלאסי,דיפלומט מפיצים (1986) בע`מ,,,'יח,5,"ל-100 מ""ל",false,6,18.90,3.78,false,1,
4015600762780,false,שמפו שולדרס 2ב1 500 מ`ל קלאסי,דיפלומט מפיצים (1986) בע`מ,,,'יח,5,"ל-100 מ""ל",false,6,18.90,3.78,false,1,
4017100219900,false,וופלטן לבזן גליליות וופל עם שוקולד 100,ליימן שליסל בע`מ,,,'יח,1.20,ל-100 גרם,false,12,13.90,11.58,false,1,
4017100364112,false,ביסקוויט היט קקאו 220גר,ליימן שליסל בע`מ,,,'יח,2.20,ל-100 גרם,false,1,9.90,4.50,true,1,
4025700001962,false,מילקה שוקולד לבן  100 גרם,דיפלומט מפיצים (1968) בע`מ,,,'יח,1,,false,24,5.90,5.90,false,1,
4084500088917,false,נוזל כלים Fairy לימון 650 מ``ל,דיפלומט מפיצים (1986) בע`מ,,,'יח,6.50,"ל-100 מ""ל",false,16,10.90,1.68,false,1,
4084500853836,false,פיירי ורדים ומשי 515 מ`ל,דיפלומט מפיצים (1986) בע`מ,,,'יח,5.15,"ל-100 מ""ל",false,1,10.90,2.12,false,1,
4105120623941,false,בירה ויינשטפן 500 מל`,החברה המרכזית להפצת משקאות בע`,,,'יח,5,"ל-100 מ""ל",false,1,12.20,2.38,false,1,
4601780006211,false,סולת 700 גרם,דולינה טרייד בעמ,,,'יח,7,ל-100 גרם,false,1,11.90,1.70,false,1,
4601780010003,false,כוסמת 400 גרם,דולינה טרייד בעמ,,,'יח,4,ל-100 גרם,false,1,8.90,2.23,false,1,
4601780010508,false,איטריות ארוכות 400 גרם,דולינה טרייד בעמ,,,'יח,4,ל-100 גרם,false,1,6.90,1.73,false,1,
4604248000554,false,מיונז פרובנסל 800 גר`,דולינה טרייד בעמ,,,'יח,7,"ל-100 מ""ל",false,1,19.90,2.84,false,1,
4604248003517,false,"חרדל""רוסקיה"" 140 גרם",דולינה טרייד בעמ,,,'יח,1.40,ל-100 גרם,false,1,4.90,3.50,false,1,
4604248014797,false,רוטב תיבול חריף אג`יקה 160 גרם,דולינה טרייד בעמ,,,'יח,1.60,ל-100 גרם,false,1,8.90,5.56,false,1,
4605561011975,false,פילה הרינג בשמן 150 גרם,דילר בי.אם.די. פורמולה בעמ,,,'יח,1.50,ל-100 גרם,false,1,7.90,5.27,false,1,
4605561012613,false,פילה הרינג(קצוץ) בשמן 400 גרם,דילר בי.אם.די. פורמולה בעמ,,,'יח,4,ל-100 גרם,false,1,15.90,3.98,true,1,
4605561013009,false,פילה הרינג בשמן 400 גרם,דילר בי.אם.די. פורמולה בעמ,,,'יח,4,ל-100 גרם,false,1,15.90,3.98,true,1,
4640018993350,false,פיניש קוואנטום 30 יח` קפסולות ג`ל לימון,תה ויסוצקי בע`מ,,,'יח,1,'יח,false,1,41.90,41.90,true,1,
4710068003313,false,מאסטר קפה אמריקאנו בפחית 240מ`ל,טמפו משקאות בע`מ,,,'יח,2.40,"ל-100 מ""ל",false,24,6.90,2.88,false,1,
4770275048019,false,חמאה מלוחה   200 גר`,דילר בי.אם.די. פורמולה בעמ,,,'יח,2,ל-100 גרם,false,1,13.90,6.95,false,1,
4800888219510,false,דאב דאודורנט סטיק מלפפונים,יוניליוור ישראל שיווק בע`מ,,,'יח,0.50,ל-100 גרם,false,1,16.90,33.80,false,1,
4810168000011,false,פילה דג הרינג מלוח מצונן,דילר בי.אם.די. פורמולה בעמ,,,'יח,1,,false,1,13.90,13.90,true,1,
4810168000998,false,חתיכות פילה דג הרינג מלוח מצונן עם בצל,דילר בי.אם.די. פורמולה בעמ,,,'יח,1,,false,1,17.90,17.90,false,1,
4810168001056,false,חתיכות פילה דג הרינג מלוח מצונן,דילר בי.אם.די. פורמולה בעמ,,,'יח,1,,false,1,17.90,17.90,false,1,
4810168055004,false,כיסונים במילוי אוכמניות כחולות קפוא 45,דילר בי.אם.די. פורמולה בעמ,,,'יח,0.45,ל-100 גרם,false,1,19.90,44.22,true,1,
4810168055028,false,כיסונים במילוי דובדבנים קפוא 450 גר`,דילר בי.אם.די. פורמולה בעמ,,,'יח,4.50,ל-100 גרם,false,1,19.90,4.42,true,1,
4810168058548,false,חתיכות פילה דג הרינג מתובל מומלח בשמן,דילר בי.אם.די. פורמולה בעמ,,,'יח,2,ל-100 גרם,false,1,39.90,19.95,false,1,
4810168058982,false,פילה דג הרינג סקנדינבי 400 גרם,דילר בי.אם.די. פורמולה בעמ,,,'יח,2,ל-100 גרם,false,1,27.90,13.95,true,1,
4820043011094,false,"שמן חרדל(כבישה  קרה)500 מ""ל",דולינה טרייד בעמ,,,'יח,5,"ל-100 מ""ל",false,1,39.90,7.98,false,1,
4823097810019,false,גלידת שמנת וניל קרמל 100 גר`,דילר בי.אם.די. פורמולה בעמ,,,'יח,1,ל-100 גרם,false,1,7.90,7.90,false,1,
4860009000014,false,מיץ רימונים 1 ל`%100,תומר ייבוא ושיווק מוצרי מזון [,,,'יח,10,"ל-100 מ""ל",false,12,19.20,1.89,false,1,
4903001904192,false,רוטב סויה יאמאסה פרימיום 500מ`ל,ליימן שליסל בע`מ,,,'יח,5,"ל-100 מ""ל",false,12,18.90,3.78,false,1,
4903001925784,false,רוטב סויה יאמאסה דל מלח 500מ`ל,ליימן שליסל בע`מ,,,'יח,5,"ל-100 מ""ל",false,12,18.90,3.78,false,1,
4903001930993,false,רוטב טריאקי יאמאסה 500מ`ל,ליימן שליסל בע`מ,,,'יח,5,"ל-100 מ""ל",false,12,18.90,3.78,false,1,
5000054357100,false,פריסקיז פטה מיקס גריל 156 גרם,שחורי אריה ואנסטסיה,,,'יח,1.56,ל-100 גרם,false,1,6.90,4.42,false,1,
5000146057710,false,וינדולין לניקוי חלונות 750 מל,תה ויסוצקי בע`מ,,,'יח,1.50,לליטר,false,1,7.90,5.27,false,1,
5000157143365,false,"היינץ מתבל בטעם מיונז וקטשופ 425 מ""ל",דיפלומט מפיצים (1968) בע`מ,,,'יח,1,,false,1,14.90,14.90,false,1,
5000159376655,false,סקיטלס פירות 38 גר`,"מרס ריגלי ישראל בע""מ",,,'יח,0.38,ל-100 גרם,false,1,2.90,7.63,false,1,
5000159442572,false,טוויקס מיני שקית 403 גר`,"מרס ריגלי ישראל בע""מ",,,'יח,4.03,ל-100 גרם,false,1,22.90,5.68,false,1,
5000159452977,false,מקס מיני שקית 403 גר`,"מרס ריגלי ישראל בע""מ",,,'יח,4.03,ל-100 גרם,false,1,22.90,5.68,false,1,
5000159461122,false,חטיף בר סניקרס 50 גר`,"מרס ריגלי ישראל בע""מ",,,'יח,0.50,ל-100 גרם,false,1,3.90,7.80,false,1,
5000159538626,false,טוויקס מארז 5 יח`,"מרס ריגלי ישראל בע""מ",,,'יח,0.57,ל-100 גרם,false,1,12.90,22.63,false,1,
5000168199245,false,שוקולד PURE חלב בתוספת חתיכות קרם קרמל,תה ויסוצקי בע`מ,,,'יח,0.90,ל-100 גרם,false,1,14.90,16.56,true,1,
5000394140820,false,דורסל שישיות AA פלוס פאוור,דיפלומט מפיצים (1986) בע`מ,,,'יח,1,'יח,false,1,19.90,19.90,false,1,
5010182998847,false,טואלט דאק נוזל כחול 750 מל,דנאגיס בעמ,,,'יח,7.50,"ל-100 מ""ל",false,1,8.90,1.19,false,1,
5010182998861,false,טואלט דאק נוזל ירוק 750 מל,דנאגיס בעמ,,,'יח,7.50,"ל-100 מ""ל",false,1,8.90,1.19,false,1,
5014271310428,false,מעדן דובדבנים שחורים ללא סוכר 284 גר,א.סיימן סחר בעמ,,,'יח,2.84,ל-100 גרם,false,6,20.90,7.36,false,1,
5014271350424,false,מעדן ארבע פירות ללא סוכר 284 גרם,א.סיימן סחר בעמ,,,'יח,2.84,ל-100 גרם,false,6,20.90,7.36,false,1,
5014271370422,false,מעדן אפרסק ללא תוספת סוכר 284גר,א.סיימן סחר בעמ,,,'יח,2.84,ל-100 גרם,false,6,20.90,7.36,false,1,
5014271400426,false,מעדן תות שדה ללא סוכר 284 גרם,א.סיימן סחר בעמ,,,'יח,2.84,ל-100 גרם,false,6,20.90,7.36,false,1,
5014271560427,false,מעדן תפוז וג`ינג`ר ללא סוכר284,א.סיימן סחר בעמ,,,'יח,2.84,ל-100 גרם,false,6,20.90,7.36,false,1,
5014271795980,false,מעדן חמוציות עם אוכמניות 284 גרם,א.סיימן סחר בעמ,,,'יח,2.84,ל-100 גרם,false,6,20.90,7.36,false,1,
5029053510811,false,קוטקסS Dתחבושות נורמל פלוס עם כנפיים,חוגלה קימברלי שיווק בע`מ,,,'יח,0,ל-100 גרם,false,16,15.90,15.90,false,1,
5053827193368,false,קלוגס אול בראן פלקס 500 גרם,דיפלומט מפיצים (1968) בע`מ,,,'יח,5,ל-100 גרם,false,18,23.90,4.78,false,1,
5053827215862,false,קלוגס פרוסטיס קוקו פופס 500 גרם,דיפלומט מפיצים (1968) בע`מ,,,'יח,5,ל-100 גרם,false,16,19.90,3.98,false,1,
5060517886486,false,"מונסטר אנרג`י פח 500 מ""ל",החברה המרכזית להפצת משקאות בע`,,,'יח,5,"ל-100 מ""ל",false,1,6.90,1.32,true,1,
5060517886516,false,"מונסטר אנרג`י זירו פח 500 מ""ל",החברה המרכזית להפצת משקאות בע`,,,'יח,5,"ל-100 מ""ל",false,1,6.90,1.32,true,1,
5060639129102,false,"מונסטר אנרג`י מנגו לוקו פחית 500 מ""ל",החברה המרכזית להפצת משקאות בע`,,,'יח,5,"ל-100 מ""ל",false,1,6.90,1.32,true,1,
5060751218173,false,"מונסטר אנרג`י פח Pipline punch 500 מ""ל",החברה המרכזית להפצת משקאות בע`,,,'יח,5,"ל-100 מ""ל",false,1,6.90,1.32,true,1,
5200133120476,false,גליליות וופלים קרם אגוזים וקקאו 400 גר,דיפלומט מפיצים (1968) בע`מ,,,'יח,4,ל-100 גרם,false,12,16.90,4.23,false,1,
5201085540084,false,סוכריות ג`ל מיקס 700 גרם,בני פאוזי שמשום,,,'יח,7,ל-100 גרם,false,1,14.90,2.13,false,1,
5201246002215,false,בירה פילס היילס 500 מל`,ג. וילי-פוד אינטרנשיונל בע`מ,,,'יח,5,"ל-100 מ""ל",false,1,4.90,0.92,true,1,
5201347160326,false,קלגון ג`ל 750 מ`ל,תה ויסוצקי בע`מ,,,'יח,7.50,"ל-100 מ""ל",false,1,24.90,3.32,true,1,
5208049006662,false,פאקט סיגריות פאל מל אקסטרא מנדרינה,גלוברנדס גרופ בעמ,,,'יח,1,,false,1,310,310,false,1,
5410076404766,false,לינור אביב 2 ל`,דיפלומט מפיצים (1986) בע`מ,,,'יח,1,,false,1,14.90,14.90,false,1,
5410126006087,false,ביסקויט ביסקפה לוטוס בטעם קרמל 700גר`ב,דיפלומט מפיצים (1968) בע`מ,,,'יח,7,ל-100 גרם,false,7,26.90,3.84,false,1,
5410126116953,false,ממרח עוגיות לוטוס קרמל 400 גרם,דיפלומט מפיצים (1968) בע`מ,,,'יח,4,ל-100 גרם,false,12,21.90,5.48,false,1,
5410126666038,false,לוטוס עוגיות 279 גר`,דיפלומט מפיצים (1968) בע`מ,,,'יח,0.2790,ל-100 גרם,false,10,12.90,46.24,false,1,
5410291021991,false,צ`וקטה ממרח אגוזי לוז עם קקאו 700 גר`,ש. שסטוביץ בע`מ,,,'יח,7,ל-100 גרם,false,6,18.90,2.70,false,1,
5410291022738,false,צ`וקטה ממרח חום לבן 350 גר`,ש. שסטוביץ בע`מ,,,'יח,3.50,ל-100 גרם,false,12,10.90,3.11,false,1,
5410316983693,false,סמירנוף אייס בודד 275מ`ל,החברה המרכזית להפצת משקאות בע`,,,'יח,2.75,"ל-100 מ""ל",false,1,13.90,4.95,false,1,
5411188096108,false,"אלפרו שמנת צימחית לבישול 250 מ""ל",שטראוס גרופ בע`מ,,,'יח,2.50,ל-100 גרם,false,1,9.90,3.96,true,1,
5411188122661,false,אלפרו משקה סויה אורגני 1 ליטר,שטראוס גרופ בע`מ,,,'יח,10,"ל-100 מ""ל",false,1,15.90,1.59,false,1,
5411188133490,false,אלפרו משקה סויה קפה קרמל עם חלבון 250,שטראוס גרופ בע`מ,,,'יח,2.50,ל-100 גרם,false,1,6.90,2.76,false,1,
5411188134985,false,אלפרו 3.5% שומן שיבולת שועל ליטר,שטראוס גרופ בע`מ,,,'יח,10,"ל-100 מ""ל",false,1,13.90,1.39,false,1,
5411188135005,false,אלפרו 1.8% שומן שיבולת שועל ליטר,שטראוס גרופ בע`מ,,,'יח,10,"ל-100 מ""ל",false,1,13.90,1.39,false,1,
5413149655522,false,"אריאל שושן צחור 1.25 ק""ג",דיפלומט מפיצים (1986) בע`מ,,,'יח,15,ל-100 גרם,false,10,17.90,1.19,false,1,
5413149922907,false,אריאל 5 ק`ג קולור,דיפלומט מפיצים (1986) בע`מ,,,'יח,5,ל-100 גרם,false,1,39.90,7.98,false,1,
5601008200444,false,עוגיות גודיס מצופה שוקולד חלב 150גר,ש. שסטוביץ בע`מ,,,'יח,1.50,ל-100 גרם,false,1,7.90,5.27,true,1,
5601008200451,false,עוגיות גודיס מצופה שוקולד מריר 150גר,ש. שסטוביץ בע`מ,,,'יח,1.50,ל-100 גרם,false,1,7.90,5.27,true,1,
5601008200468,false,עוגיות גודיס מצופה שוקולד לבן 150גר`,ש. שסטוביץ בע`מ,,,'יח,1.50,ל-100 גרם,false,1,7.90,5.27,true,1,
5601217129420,false,ווליט דפים 20  יח`אריזת חיסכון,תה ויסוצקי בע`מ,,,'יח,20,ל-100 גרם,false,1,19.90,1,false,1,
5701932026971,false,פופקורן למיקרו בטעם חמאה 6*100 ג,ליימן שליסל בע`מ,,,'יח,6,ל-100 גרם,false,12,14.90,2.48,true,1,
5706516031358,false,פופקורן למיקרו בתוספת מלח 510גר כשלפ,ליימן שליסל בע`מ,,,'יח,5.10,ל-100 גרם,false,12,14.90,2.92,true,1,
5711953106583,false,ארלה גבינת שמנת טבעי,שטראוס גרופ בע`מ,,,'יח,2,ל-100 גרם,false,1,15.90,7.95,false,1,
5740900403215,false,ממרח חמאה דנית לורפק עם מלח 250 גרם,שטראוס גרופ בע`מ,,,'יח,2.50,ל-100 גרם,false,1,16.90,6.76,true,1,
5740900403222,false,ממרח חמאה לורפק עם מלח%27,שטראוס גרופ בע`מ,,,'יח,2.80,ל-100 גרם,false,1,16.90,6.04,true,1,
5740900403246,false,ממרח חמאת לורפק ללא מלח 500 גר`,שטראוס גרופ בע`מ,,,'יח,5,ל-100 גרם,false,12,27.90,5.58,false,1,
5740900403253,false,ממרח עשיר בחמאה דנית 500 גרם,שטראוס גרופ בע`מ,,,'יח,5,ל-100 גרם,false,12,27.90,5.58,false,1,
5740900403260,false,ממרח חמאה לורפק ללא מלח%27,שטראוס גרופ בע`מ,,,'יח,2.50,ל-100 גרם,false,1,16.90,6.76,true,1,
5740900403284,false,חמאה לורפק 200 גר` ללא מלח,שטראוס גרופ בע`מ,,,'יח,2,ל-100 גרם,false,1,11.90,5.95,false,1,
5740900403864,false,חמאה לורפק 200 גר` עם מלח,שטראוס גרופ בע`מ,,,'יח,2,ל-100 גרם,false,1,11.90,5.95,false,1,
5900020012814,false,נסקוויק עידן הקרח 500גר,קבוצת אסם סחר,,,'יח,5,ל-100 גרם,false,1,19.90,3.98,true,1,
5900020020710,false,קראנץ בר שוקו וניל 6*25גר,קבוצת אסם סחר,,,'יח,1.50,ל-100 גרם,false,1,14.90,9.93,true,1,
5900020025647,false,פיטנס בר דליס שוקולד חלב,קבוצת אסם סחר,,,'יח,1.35,ל-100 גרם,false,1,14.90,11.04,true,1,
5900020026552,false,האני נאט עידן הקרח 625גר אבקת חלב נכרי,קבוצת אסם סחר,,,'יח,6.25,ל-100 גרם,false,1,19.90,3.18,true,1,
5900020031877,false,קראנץ בר שוקו וניל 6*25גר,קבוצת אסם סחר,,,'יח,1.50,ל-100 גרם,false,1,14.90,9.93,true,1,
5900020032539,false,פיטנס בר דליס שוקולד,קבוצת אסם סחר,,,'יח,1.35,ל-100 גרם,false,1,14.90,11.04,true,1,
5900020034991,false,.קראנץ` צדפים בטעם שוקולד 450 גר`,קבוצת אסם סחר,,,'יח,4.50,ל-100 גרם,false,1,19.90,4.42,true,1,
5900020036407,false,ליון דגני בוקר שוקולד וקרמל 480 גר`,קבוצת אסם סחר,,,'יח,4.80,ל-100 גרם,false,1,19.90,4.15,true,1,
5900130034157,false,מאגדת מילקה יוגורט וניל 4 יח`,אייס דילר בי.אמ.די בעמ,,,'יח,1,ל-100 גרם,false,1,31.90,31.90,false,1,
5900352000770,false,ממתק ג`לי דובדבן מצופה שוקולד 190 גרם,יעד ממתקים בעמ,,,'יח,1.90,ל-100 גרם,false,1,7.90,4.16,true,1,
5900352002576,false,ממתק ג`לי אוכמניות מצופה שוקולד190 גרם,יעד ממתקים בעמ,,,'יח,1.90,ל-100 גרם,false,1,7.90,4.16,true,1,
5900352002866,false,חטיף אליבי שוקולד וקרמל 49 גרם,יעד ממתקים בעמ,,,'יח,4.90,ל-100 גרם,false,1,2.50,0.51,true,1,
5900352004044,false,עוגיות יזיקי קוקוס 140 גרם,יעד ממתקים בעמ,,,'יח,1.40,ל-100 גרם,false,1,6.90,4.93,true,1,
5900352004457,false,עוגיות יזיקי קפה 140 גרם,יעד ממתקים בעמ,,,'יח,1.40,ל-100 גרם,false,1,6.90,4.93,true,1,
5900352006468,false,עוגיות יזיקי שרי 140 גרם,יעד ממתקים בעמ,,,'יח,1.40,ל-100 גרם,false,1,6.90,4.93,true,1,
5900352011356,false,עוגיות מריר יזיקי שרי 140 גרם,יעד ממתקים בעמ,,,'יח,1.40,ל-100 גרם,false,1,6.90,4.93,true,1,
5900352012605,false,חטיף אליבי קוקוס 49 גרם,יעד ממתקים בעמ,,,'יח,4.90,ל-100 גרם,false,1,2.50,0.51,true,1,
5900352014449,false,וופל בלגי וניל 130 גרם,יעד ממתקים בעמ,,,'יח,1.30,ל-100 גרם,false,1,3.90,3,true,1,
5900352014470,false,וופל בלגי קרמל 140 גרם,יעד ממתקים בעמ,,,'יח,1.40,ל-100 גרם,false,1,3.90,2.79,true,1,
5900352014890,false,עוגיות יזיקי מריר תפוז 140 גרם,יעד ממתקים בעמ,,,'יח,1.40,ל-100 גרם,false,1,6.90,4.93,true,1,
5900394009762,false,וופל אידיליה 47 גרם,יעד ממתקים בעמ,,,'יח,4.70,ל-100 גרם,false,1,2.50,0.53,true,1,
5901414200411,false,ביסקוויט ממולא היט 130גר,ליימן שליסל בע`מ,,,'יח,1.30,ל-100 גרם,false,1,6.90,5.31,true,1,
5902198160403,false,משקה אנרגיה XL מוגז פחית 250 מל,טמפו משקאות בע`מ,,,'יח,2.50,"ל-100 מ""ל",false,24,4.90,1.84,true,1,
5904941751302,false,"משקה אנרגיה Blu פחית 250 מ""ל",בני פאוזי שמשום,,,'יח,2.50,"ל-100 מ""ל",false,1,3.90,1.44,true,1,
5904941751715,false,משקה אנרגיה Blu פחיתבטעם חמוציות 250מל,בני פאוזי שמשום,,,'יח,2.50,"ל-100 מ""ל",false,1,3.90,1.44,true,1,
5906485301012,false,משקה אנרגיה XL מוגז פחית 250 מל,טמפו משקאות בע`מ,,,'יח,2.50,"ל-100 מ""ל",false,24,4.90,1.84,true,1,
6001067017530,false,קולגייט מברשת שיניים ברבי-ספיידרמן,ש. שסטוביץ בע`מ,,,'יח,0,ל-100 גרם,false,1,9.90,9.90,false,1,
6009188004828,false,קיט קט צ`אנקי לבן 42 גר`,קבוצת אסם סחר,,,'יח,0.42,ל-100 גרם,false,1,4.90,11.67,false,1,
6009900363301,false,ענבים שחורים,ביכורי השדה הצפון בעמ` 1964,,,"ק""ג",1,,true,1,24.90,24.90,false,1,
6111200000135,false,סרדין מרוקאי מאריה 125 גרם,בני פאוזי שמשום,,,'יח,1.25,ל-100 גרם,false,1,4.90,3.92,true,1,
6111200000142,false,סרדין מרוקאי מאריה חריף 125 גרם,בני פאוזי שמשום,,,'יח,1.25,ל-100 גרם,false,1,4.90,3.92,true,1,
6224000485764,false,"שיני שום 1 ק""ג",נטו מלינדה סחר בע`מ,,,'יח,1,"ק""ג",false,1,24.90,24.90,false,1,
6253012620931,false,גלידה חמה,אריזונה,,,'יח,0,ל-100 גרם,false,1,19.90,19.90,false,1,
6253501260686,false,קרמבו וניל,אריזונה,,,'יח,0,ל-100 גרם,false,1,11.90,11.90,false,1,
6899400042062,false,מגביר לחץ איכותי,ד.ג.ש ייבוא ושיווק בעמ,,,'יח,1,,false,1,39.90,39.90,false,1,
6920211204125,false,אוזניות,הום פרפקט ק.ד.מ בעמ,,,'יח,1,,false,1,14.90,14.90,true,1,
6921850620504,false,נורות לד אור לבן 3 יח אומגה 15W,עולם הבית,,,'יח,1,,false,1,39.90,39.90,false,1,
6943652413641,false,תרמוס ספורט פרימיום,ד.ג.ש ייבוא ושיווק בעמ,,,'יח,1,,false,1,59.90,59.90,false,1,
7108322153343,false,מגבת פנים,הום פרפקט ק.ד.מ בעמ,,,'יח,1,,false,1,14.90,14.90,false,1,
7108327921008,false,מגבות גוף סופר,הום פרפקט ק.ד.מ בעמ,,,'יח,1,,false,1,34.90,34.90,true,1,
7108329001111,false,סט מגבות למטבח 3 יחידות,הום פרפקט ק.ד.מ בעמ,,,'יח,1,,false,1,14.90,14.90,true,1,
7290000023083,false,ערק אשקלון 40%,טמפו משקאות בע`מ,,,'יח,7,"ל-100 מ""ל",false,1,54.90,7.80,true,1,
7290000023816,false,קלאסיק א. ריזלינג,טמפו משקאות בע`מ,,,'יח,7.50,"ל-100 מ""ל",false,1,31.90,4.21,true,1,
7290000040042,false,יופלה תות 3%,תנובה חלב,,,'יח,1.50,"ל-100 מ""ל",false,1,5.20,3.47,false,1,
7290000040066,false,יופלה דודבן 3%,תנובה חלב,,,'יח,1.50,"ל-100 מ""ל",false,1,5.20,3.47,false,1,
7290000040080,false,יופלה אפרסק 3%,תנובה חלב,,,'יח,1.50,"ל-100 מ""ל",false,1,5.20,3.47,false,1,
7290000040462,false,טוסטי עמק אמריקאי אדם,תנובה חלב,,,'יח,2,ל-100 גרם,false,1,18.70,9.35,false,1,
7290000041445,false,קוטג% `5מהדרין,תנובה חלב,,,'יח,2.50,ל-100 גרם,false,1,5.60,2.24,false,1,
7290000041858,false,שמנת חמוצה 200 15% מ`ל,שטראוס גרופ בע`מ,,,'יח,2,"ל-100 מ""ל",false,20,2.40,1.20,false,1,
7290000042435,false,חלב דל שומן+פקק 1% מהדרין,תנובה חלב,,,'יח,10,"ל-100 מ""ל",false,1,5.86,0.59,false,1,
7290000042855,false,שוקו בשקית,שטראוס גרופ בע`מ,,,'יח,2.25,"ל-100 מ""ל",false,1,2.50,1.11,false,1,
7290000043814,false,שמנת עמידה  לקצפת%38,תנובה חלב,,,'יח,2.50,"ל-100 מ""ל",false,1,6.47,2.59,false,1,
7290000043890,false,שלי רוויון 1 ליטר,תנובה חלב,,,'יח,10,"ל-100 מ""ל",false,1,11.30,1.13,false,1,
7290000044712,false,פרילי גדול,תנובה חלב,,,'יח,5,"ל-100 מ""ל",false,1,11.10,2.22,false,1,
7290000044880,false,באדי יוגורט 500  מל`3%,תנובה חלב,,,'יח,5,"ל-100 מ""ל",false,1,9.50,1.90,false,1,
7290000045580,false,חורש 240 גרם,תנובה חלב,,,'יח,2.40,ל-100 גרם,false,1,17.60,7.33,false,1,
7290000047621,false,גבינה 5% 250 גר`,תנובה חלב,,,'יח,2.50,ל-100 גרם,false,1,4.98,1.99,false,1,
7290000047942,false,גבינה 9% 250 גר`,תנובה חלב,,,'יח,2.50,ל-100 גרם,false,1,4.80,1.92,false,1,
7290000048185,false,גבינה לבנה  5% 250 גר`,תנובה חלב,,,'יח,2.50,ל-100 גרם,false,1,4.98,1.99,false,1,
7290000048437,false,פיראוס צפתית 5%,תנובה חלב,,,'יח,2,ל-100 גרם,false,1,16,8,false,1,
7290000050454,false,יופלה אפרסק %3,תנובה חלב,,,'יח,5,"ל-100 מ""ל",false,1,13.70,2.74,false,1,
7290000051376,false,יופלה דיאט אננס 0%,תנובה חלב,,,'יח,1.50,"ל-100 מ""ל",false,24,5.20,3.47,false,1,
7290000052311,false,עמק פרוס בקופסא 15% גרם,תנובה חלב,,,'יח,2,ל-100 גרם,false,1,15.90,7.95,false,1,
7290000055329,false,יופלה משקה יוגורט,תנובה חלב,,,'יח,2.50,"ל-100 מ""ל",false,1,5.60,2.24,false,1,
7290000055336,false,יופלה משקה יוגורט,תנובה חלב,,,'יח,2.50,"ל-100 מ""ל",false,1,5.60,2.24,false,1,
7290000055343,false,יופלה משקה יוגורט,תנובה חלב,,,'יח,2.50,"ל-100 מ""ל",false,1,5.60,2.24,false,1,
7290000056845,false,חלב טרי הומגני 3% 1.5 ליטר,תנובה חלב,,,'יח,1.50,"ל-100 מ""ל",false,1,9.30,6.20,false,1,
7290000057118,false,גבינה סמי עמק 400 גר`,תנובה חלב,,,'יח,4,ל-100 גרם,false,1,20.90,5.23,false,1,
7290000057132,false,יוגורט 1.5% 200 גר`,תנובה חלב,,,'יח,2,"ל-100 מ""ל",false,1,3.10,1.55,false,1,
7290000057149,false,יוגורט. לבן 3%,תנובה חלב,,,'יח,2,"ל-100 מ""ל",false,1,3.20,1.60,false,1,
7290000057552,false,יופלה דיאט עוגת גבינה ותות,תנובה חלב,,,'יח,1.50,"ל-100 מ""ל",false,1,5.20,3.47,false,1,
7290000060088,false,מקלות בייגלה,קבוצת אסם סחר,,,'יח,4,ל-100 גרם,false,1,10.90,2.73,true,1,
7290000060156,false,איטריות דקיקות ביצים 200 גרם,קבוצת אסם סחר,,,'יח,2,ל-100 גרם,false,1,7.90,3.95,true,1,
7290000060163,false,איטריות 400 גרם,קבוצת אסם סחר,,,'יח,4,ל-100 גרם,false,1,6.90,1.73,true,1,
7290000060200,false,פתיתים אפויים קוסקוס,קבוצת אסם סחר,,,'יח,5,ל-100 גרם,false,1,6.90,1.38,true,1,
7290000060316,false,לה פסטה ספגטי 3,קבוצת אסם סחר,,,'יח,5,ל-100 גרם,false,1,6.90,1.38,true,1,
7290000060330,false,פרפקטו ספירלי 57,קבוצת אסם סחר,,,'יח,5,ל-100 גרם,false,1,6.90,1.38,true,1,
7290000060415,false,לה פסטה לזאנה 500 גרם,קבוצת אסם סחר,,,'יח,5,ל-100 גרם,false,1,14.90,2.98,true,1,
7290000060576,false,פתיתים אפויים כוכבים,קבוצת אסם סחר,,,'יח,5,ל-100 גרם,false,1,6.90,1.38,true,1,
7290000060828,false,אסם-קרניים בינוניות 55 500 גרם,קבוצת אסם סחר,,,'יח,5,ל-100 גרם,false,1,5.90,1.18,false,1,
7290000060859,false,פרומנטי צדפות 500 גרם,קבוצת אסם סחר,,,'יח,5,ל-100 גרם,false,1,5.90,1.18,false,1,
7290000060965,false,איטריות רחבות,קבוצת אסם סחר,,,'יח,4,ל-100 גרם,false,1,6.90,1.73,true,1,
7290000060972,false,איטריות דקיקות,קבוצת אסם סחר,,,'יח,4,ל-100 גרם,false,1,6.90,1.73,true,1,
7290000061061,false,קרקר בצל,קבוצת אסם סחר,,,'יח,2.50,ל-100 גרם,false,1,9.90,3.96,true,1,
7290000061214,false,פתיתים אפויים קוסקוס עם בצל,קבוצת אסם סחר,,,'יח,5,ל-100 גרם,false,1,6.90,1.38,true,1,
7290000061450,false,פתיתים קוסקוס 3 צבעים,קבוצת אסם סחר,,,'יח,5,"ל-100 מ""ל",false,1,6.90,1.38,true,1,
7290000062952,false,מיני קרוטונים 250גר,קבוצת אסם סחר,,,'יח,2.50,ל-100 גרם,false,1,14.90,5.96,false,1,
7290000063102,false,קמח עוגה תופח 350 גר`,קבוצת אסם סחר,,,'יח,3.50,ל-100 גרם,false,1,4.20,1.20,false,1,
7290000063133,false,שקדי מרק 100 גרם,קבוצת אסם סחר,,,'יח,1,,false,1,4.50,4.50,false,1,
7290000063140,false,שקדי מרק 400 גרם,קבוצת אסם סחר,,,'יח,4,ל-100 גרם,false,1,11.90,2.98,true,1,
7290000063157,false,"קמח עוגה תופח 1 ק""ג",קבוצת אסם סחר,,,'יח,10,ל-100 גרם,false,1,9.90,0.99,true,1,
7290000064758,false,קוסקוס אמיתי בשקית,קבוצת אסם סחר,,,'יח,3.50,ל-100 גרם,false,1,7.30,2.09,false,1,
7290000065977,false,חטיפי פריכונים תירס שומשום,קבוצת אסם סחר,,,'יח,1,ל-100 גרם,false,1,6.90,6.90,false,1,
7290000066332,false,אפרופו 50 גר`,קבוצת אסם סחר,,,'יח,0.50,ל-100 גרם,false,1,3.90,7.80,true,1,
7290000066349,false,אפרופו 100 גרם,קבוצת אסם סחר,,,'יח,1,ל-100 גרם,false,1,7.90,7.90,true,1,
7290000067407,false,פירורית מתובלת 200 גרם,קבוצת אסם סחר,,,'יח,2,ל-100 גרם,false,1,5.90,2.95,false,1,
7290000067599,false,מנה חמה ספגטי בולונז 65 גרם,קבוצת אסם סחר,,,'יח,6.50,ל-100 גרם,false,1,6.90,1.06,true,1,
7290000068138,false,אינסטנט פודינג וניל 80 גרם,קבוצת אסם סחר,,,'יח,8,ל-100 גרם,false,1,5.90,0.74,true,1,
7290000068190,false,"גלי תות שדה  90 גרם כשל""פ",קבוצת אסם סחר,,,'יח,9,ל-100 גרם,false,1,6.90,0.77,false,1,
7290000068206,false,"ג`לי משמש  90 גרם כשל""פ",קבוצת אסם סחר,,,'יח,9,ל-100 גרם,false,1,6.90,0.77,false,1,
7290000068237,false,"ג`לי פטל  90 גרם כשל""פ",קבוצת אסם סחר,,,'יח,9,ל-100 גרם,false,1,6.90,0.77,false,1,
7290000068251,false,"ג`לי אננס  90 גרם כשל""פ",קבוצת אסם סחר,,,'יח,9,ל-100 גרם,false,1,6.90,0.77,false,1,
7290000070308,false,מרק עוף אמיתי 400 גרם,קבוצת אסם סחר,,,'יח,4,ל-100 גרם,false,1,19.90,4.98,false,1,
7290000070322,false,אבקת מרק פטריות 400 גרם,קבוצת אסם סחר,,,'יח,4,ל-100 גרם,false,1,25.90,6.48,true,1,
7290000070353,false,אבקת מרק בצל 400 גרם,קבוצת אסם סחר,,,'יח,4,ל-100 גרם,false,1,25.90,6.48,true,1,
7290000071008,false,בייגלה שטוחים 60 גר`,קבוצת אסם סחר,,,'יח,0.60,ל-100 גרם,false,1,3.10,5.17,false,1,
7290000072067,false,במבה במילוי קרם חלבה,קבוצת אסם סחר,,,'יח,0.60,ל-100 גרם,false,1,3.90,6.50,true,1,
7290000072630,false,קטשופ חריף 750 גרם,קבוצת אסם סחר,,,'יח,7.50,ל-100 גרם,false,1,11.90,1.59,true,1,
7290000073415,false,מנה חמה פסטה ברוטב פיצה,קבוצת אסם סחר,,,'יח,6.10,ל-100 גרם,false,1,6.90,1.13,true,1,
7290000073767,false,מנה חמה נודלסאטריות +ירקות טעם,קבוצת אסם סחר,,,'יח,7,ל-100 גרם,false,1,6.90,0.99,true,1,
7290000074184,false,פתי בר קלאסי 500 גרם,קבוצת אסם סחר,,,'יח,5,ל-100 גרם,false,1,10.90,2.18,true,1,
7290000074245,false,קרם קרקר,קבוצת אסם סחר,,,'יח,2.50,ל-100 גרם,false,1,9.90,3.96,true,1,
7290000074252,false,קרקר שומשום 250 גר`,קבוצת אסם סחר,,,'יח,2.50,ל-100 גרם,false,1,9.90,3.96,true,1,
7290000074276,false,טבעון קרקר,קבוצת אסם סחר,,,'יח,2.50,ל-100 גרם,false,1,9.90,3.96,true,1,
7290000074481,false,לחמית אגוזים 160 גר`,קבוצת אסם סחר,,,'יח,1.60,ל-100 גרם,false,1,9.90,6.19,true,1,
7290000074696,false,קרם קרקר 1 קג,קבוצת אסם סחר,,,'יח,10,ל-100 גרם,false,1,24.90,2.49,true,1,
7290000075204,false,לחמית קרקר חיטה מלאה,קבוצת אסם סחר,,,'יח,2.50,ל-100 גרם,false,1,9.90,3.96,true,1,
7290000075693,false,עוגת בריוש שוקלד,קבוצת אסם סחר,,,'יח,3.60,ל-100 גרם,false,1,16.90,4.69,false,1,
7290000076133,false,בייגלה שמניות,קבוצת אסם סחר,,,'יח,4,ל-100 גרם,false,1,10.90,2.73,true,1,
7290000077017,false,קרמוגית אסם במילוי שוקולד,קבוצת אסם סחר,,,'יח,2,ל-100 גרם,false,1,9.90,4.95,true,1,
7290000079233,false,קרם קרקר דיאטטי,קבוצת אסם סחר,,,'יח,2.50,ל-100 גרם,false,1,9.90,3.96,true,1,
7290000080758,false,טוסטעים פת קלויה,קבוצת אסם סחר,,,'יח,1,ל-100 גרם,false,1,9.90,9.90,false,1,
7290000081663,false,בייגלה טבעות,קבוצת אסם סחר,,,'יח,3,ל-100 גרם,false,1,10.90,3.63,true,1,
7290000103365,false,מרק ירקות 550 גרם,תנובה מרכז שיתופי לשיווק תוצרת,,,'יח,5.50,ל-100 גרם,false,1,17.90,3.25,false,1,
7290000103822,false,לקט לעוף 800 גרם,תנובה מרכז שיתופי לשיווק תוצרת,,,'יח,8,ל-100 גרם,false,1,24.50,3.06,true,1,
7290000103839,false,מרק כתום 570 גרם,תנובה מרכז שיתופי לשיווק תוצרת,,,'יח,5.70,ל-100 גרם,false,1,17.90,3.14,false,1,
7290000103860,false,מרק עדשים 570 גרם,תנובה מרכז שיתופי לשיווק תוצרת,,,'יח,5.70,ל-100 גרם,false,1,17.90,3.14,false,1,
7290000103877,false,מרק שעועית 640 גרם,תנובה מרכז שיתופי לשיווק תוצרת,,,'יח,6.40,ל-100 גרם,false,1,17.90,2.80,false,1,
7290000104072,false,עדשים מבושלים קפואים 800 גרם,תנובה מרכז שיתופי לשיווק תוצרת,,,'יח,8,ל-100 גרם,false,1,19.90,2.49,true,1,
7290000104218,false,במיה 600 גרם,תנובה מרכז שיתופי לשיווק תוצרת,,,'יח,6,ל-100 גרם,false,1,15.90,2.65,true,1,
7290000104676,false,אפונת גינה מוקפאת 800 גרם,תנובה מרכז שיתופי לשיווק תוצרת,,,'יח,8,ל-100 גרם,false,1,16.90,2.11,true,1,
7290000104690,false,גרעיני תירס מוקפאים 800 גרם,תנובה מרכז שיתופי לשיווק תוצרת,,,'יח,8,ל-100 גרם,false,1,17.90,2.24,true,1,
7290000104706,false,גזר גמדי מוקפא 800 גרם,תנובה מרכז שיתופי לשיווק תוצרת,,,'יח,8,ל-100 גרם,false,1,17.90,2.24,true,1,
7290000104720,false,שעועית ירוקה חתוכה מוקפאת 800 גרם,תנובה מרכז שיתופי לשיווק תוצרת,,,'יח,8,ל-100 גרם,false,1,18.90,2.36,true,1,
7290000104737,false,שעועית צהובה חתוכה מוקפאת 800 גרם,תנובה מרכז שיתופי לשיווק תוצרת,,,'יח,8,ל-100 גרם,false,1,18.90,2.36,true,1,
7290000104744,false,כרובית מוקפאת 800 גרם,תנובה מרכז שיתופי לשיווק תוצרת,,,'יח,8,ל-100 גרם,false,1,24.90,3.11,true,1,
7290000104751,false,כרוב ניצנים 800 גרם,תנובה מרכז שיתופי לשיווק תוצרת,,,'יח,8,ל-100 גרם,false,1,22.90,2.86,true,1,
7290000104768,false,תרד עלים מוקפא 800 גרם,תנובה מרכז שיתופי לשיווק תוצרת,,,'יח,8,ל-100 גרם,false,1,22.90,2.86,true,1,
7290000104799,false,שעועית לבנה מבושלת 800 גרם,תנובה מרכז שיתופי לשיווק תוצרת,,,'יח,8,ל-100 גרם,false,1,19.90,2.49,true,1,
7290000104805,false,גרגירי חומוס מבושלים 800 גרם,תנובה מרכז שיתופי לשיווק תוצרת,,,'יח,8,ל-100 גרם,false,1,19.90,2.49,true,1,
7290000104836,false,שעועית עדינה ירוקה שלמה 600 גרם,תנובה מרכז שיתופי לשיווק תוצרת,,,'יח,6,ל-100 גרם,false,1,21.90,3.65,true,1,
7290000104874,false,לקט לקוסקוס קפוא 800 גרם,תנובה מרכז שיתופי לשיווק תוצרת,,,'יח,8,ל-100 גרם,false,1,23.50,2.94,true,1,
7290000104911,false,לקט נורמנדי 800 גרם,תנובה מרכז שיתופי לשיווק תוצרת,,,'יח,8,ל-100 גרם,false,1,23.50,2.94,true,1,
7290000107165,false,מאנצו חטיף סויה קפוא 400 גרם,תנובה מרכז שיתופי לשיווק תוצרת,,,'יח,4,ל-100 גרם,false,1,14.90,3.73,true,1,
7290000107189,false,ארטישוק תחתיות קפואים 400 גרם,תנובה מרכז שיתופי לשיווק תוצרת,,,'יח,4,ל-100 גרם,false,1,20.90,5.23,true,1,
7290000107295,false,תפרחות ברוקולי מוקפאות 800 גרם,תנובה מרכז שיתופי לשיווק תוצרת,,,'יח,8,ל-100 גרם,false,1,24.90,3.11,true,1,
7290000110851,false,כיפלי בטעם בצל בד`צ 70 גרם,יוניליוור ישראל שיווק בע`מ,,,'יח,0.70,ל-100 גרם,false,1,5.30,7.57,false,1,
7290000111117,false,בדין מרכך כביסה לבן 4 ליטר,יוניליוור ישראל שיווק בע`מ,,,'יח,40,"ל-100 מ""ל",false,1,19.90,0.50,false,1,
7290000111360,false,חרדל אמיתי חריף 250 גרם בצנצנת כשלפ,יוניליוור ישראל שיווק בע`מ,,,'יח,2.50,ל-100 גרם,false,1,6.90,2.76,false,1,
7290000112237,false,בארכה טחינה גולמית 1קג`,קבוצת אסם סחר,,,'יח,10,ל-100 גרם,false,1,29.90,2.99,false,1,
7290000112497,false,קנור עשיר מרק עוף אטריות 68גרם שקית,יוניליוור ישראל שיווק בע`מ,,,'יח,0.68,ל-100 גרם,false,1,10.90,16.03,true,1,
7290000112503,false,קנור עשיר מרק ירקות 61 גרם,יוניליוור ישראל שיווק בע`מ,,,'יח,0.61,ל-100 גרם,false,1,10.90,17.87,true,1,
7290000116884,false,"קנור רוטב ברביקיו 300 מ""ל כשלפ",יוניליוור ישראל שיווק בע`מ,,,'יח,3,"ל-100 מ""ל",false,1,12.90,4.30,true,1,
7290000116921,false,"קנור רוטב צילי מתוק 300 מ""ל כשלפ",יוניליוור ישראל שיווק בע`מ,,,'יח,3,"ל-100 מ""ל",false,1,12.90,4.30,true,1,
7290000116945,false,"קנור רוטב סויה 300 מ""ל",יוניליוור ישראל שיווק בע`מ,,,'יח,3,"ל-100 מ""ל",false,1,12.90,4.30,true,1,
7290000117171,false,נמס בכוס טעם עוף 10*10גר,יוניליוור ישראל שיווק בע`מ,,,'יח,0.48,ל-100 גרם,false,1,6.90,14.38,true,1,
7290000117720,false,נמס בכוס פיטריות 43 גרם,יוניליוור ישראל שיווק בע`מ,,,'יח,0.43,ל-100 גרם,false,1,6.90,16.05,true,1,
7290000121079,false,גבינת מון בלאן שמיר 8  יח`120 גרם %7,נטו מלינדה סחר בע`מ,,,'יח,1.20,ל-100 גרם,false,1,12.90,10.75,true,1,
7290000121093,false,"גבינה מותכת בטעם שוויצרי לייט 7%, 120ג",נטו מלינדה סחר בע`מ,,,'יח,1.20,ל-100 גרם,false,1,12.90,10.75,true,1,
7290000121154,false,גבינת מון בלאן לייט סלומון 8  יח`120,נטו מלינדה סחר בע`מ,,,'יח,1.20,ל-100 גרם,false,1,12.90,10.75,true,1,
7290000121239,false,מיוקל %5 500 גרם כשלפ,יוניליוור ישראל שיווק בע`מ,,,'יח,5,ל-100 גרם,false,1,11.90,2.38,false,1,
7290000122830,false,קנור רוטב סצואן סיני 300 מל,יוניליוור ישראל שיווק בע`מ,,,'יח,3,"ל-100 מ""ל",false,1,11.90,3.97,true,1,
7290000129457,false,קנור רוטב פטריות 28 גרם,יוניליוור ישראל שיווק בע`מ,,,'יח,0.28,ל-100 גרם,false,1,4.20,15,false,1,
7290000129785,false,בדין מרכך כביסה ירוק 4 ליטר,יוניליוור ישראל שיווק בע`מ,,,'יח,4,"ל-100 מ""ל",false,1,19.90,4.98,false,1,
7290000134338,false,שום אבקה,תבליני טעם וריח,,,'יח,1,,false,1,9.90,9.90,true,1,
7290000134857,false,פפריקה מתוקה,תבליני טעם וריח,,,'יח,1,,false,1,9.90,9.90,true,1,
7290000136141,false,פפסי קולה 1.5 ליטר פיקדון,טמפו משקאות בע`מ,,,'יח,15,"ל-100 מ""ל",false,12,8.20,0.53,false,1,
7290000136646,false,בירה שחורה נשר מאלט בקבוק 1.5 ליטר,טמפו משקאות בע`מ,,,'יח,15,"ל-100 מ""ל",false,12,8.90,0.57,true,1,
7290000136653,false,בירה שחורה נשר מאלט דיאט בקבוק 1.5ל`,טמפו משקאות בע`מ,,,'יח,15,"ל-100 מ""ל",false,12,8.90,0.57,true,1,
7290000136776,false,פפסי מקס 1.5ל`*6יח פיקדון,טמפו משקאות בע`מ,,,'יח,90,"ל-100 מ""ל",false,1,39.90,0.42,false,1,
7290000136790,false,טמפו מי סודה 6*1.5 ליטר פיקדון,טמפו משקאות בע`מ,,,'יח,90,"ל-100 מ""ל",false,1,17.90,0.18,false,1,
7290000136844,false,אקווה נובה מים מזוככים 6*2ל,טמפו משקאות בע`מ,,,'יח,120,"ל-100 מ""ל",false,1,12.90,0.09,false,1,
7290000136868,false,סאן בנדטו מים מינרלים שקט 6*1.5ל פיקדו,טמפו משקאות בע`מ,,,'יח,90,"ל-100 מ""ל",false,1,18.90,0.19,false,1,
7290000139227,false,דגן תפוח מתוק 150גר,מ.ד אטיאס סוכנויות מזון בע`מ,,,'יח,1.50,ל-100 גרם,false,1,8.50,5.67,false,1,
7290000146645,false,הוואי אל סבון שחור קטיפתי 4*100 גרם,הנקל סוד בע`מ,,,'יח,4,ל-100 גרם,false,12,12.90,3.23,false,1,
7290000158105,false,שניצל דינוזאור 700 גרם קפוא,קבוצת אסם סחר,,,'יח,7,ל-100 גרם,false,1,29.90,4.27,false,1,
7290000169538,false,נמס בכוס ועוד עגבניות וקרוטונים,יוניליוור ישראל שיווק בע`מ,,,'יח,0.62,ל-100 גרם,false,1,6.40,10.32,true,1,
7290000169798,false,עוגי מופחת סוכר 500 גרם,יוניליוור ישראל שיווק בע`מ,,,'יח,5,ל-100 גרם,false,1,19.90,3.98,true,1,
7290000174723,false,אבקת שוקו שוקולית פחית 500 גרם,שטראוס גרופ בע`מ,,,'יח,5,ל-100 גרם,false,1,13.90,2.78,false,1,
7290000176079,false,קפה טורקי עם הל 100 גרם,שטראוס גרופ בע`מ,,,'יח,1,,false,50,8.90,8.90,false,1,
7290000176413,false,קפה נמס עלית פחית 50 גרם,שטראוס גרופ בע`מ,,,'יח,0.50,ל-100 גרם,false,24,8.90,17.80,false,1,
7290000176420,false,קפה נמס פחית 200 גרם,שטראוס גרופ בע`מ,,,'יח,2,ל-100 גרם,false,12,19.90,9.95,false,1,
7290000176468,false,קפה האג נטול קפאין פחית 50 גרם,שטראוס גרופ בע`מ,,,'יח,0.50,ל-100 גרם,false,1,10.90,21.80,false,1,
7290000178707,false,תפוצ`יפס 50 גרם,שטראוס פריטו ליי בע`מ,,,'יח,0.50,ל-100 גרם,false,1,3.90,7.80,false,1,
7290000178721,false,תפוצ`יפס 200 גרם,שטראוס פריטו ליי בע`מ,,,'יח,2,ל-100 גרם,false,1,10.90,5.45,true,1,
7290000189550,false,ניקול שקיות אשפה 78*90 ענק 2*20 יח,חוגלה קימברלי שיווק בע`מ,,,'יח,1,,false,12,23.90,23.90,false,1,
7290000191539,false,מגבונים לילי צבעוני 5X100,חוגלה קימברלי שיווק בע`מ,,,'יח,5.93,ל-100 גרם,false,1,12.90,2.18,false,1,
7290000191645,false,החיתול הראשון שלי עד 4ק`ג 36 יח`,חוגלה קימברלי שיווק בע`מ,,,'יח,1,'יח,false,6,31.90,31.90,false,1,
7290000195537,false,מגבוני האגיס לא מבושם ירוק מילוי4*72,חוגלה קימברלי שיווק בע`מ,,,'יח,1,'יח,false,6,19.90,19.90,false,1,
7290000195773,false,האגיס נטורל אלוורה+קמומיל מילוי 4*72,חוגלה קימברלי שיווק בע`מ,,,'יח,1,'יח,false,6,19.90,19.90,false,1,
7290000196039,false,ניקול מפות שולחן חד פעמיות 2 יח,חוגלה קימברלי שיווק בע`מ,,,'יח,2.50,ל-100 גרם,false,24,10.90,4.36,false,1,
7290000207063,false,תרכיז עגבניות 260 גרם,זנלכול יכין,,,'יח,1,ל-100 גרם,false,1,4.90,4.90,false,1,
7290000207162,false,רסק עגבניות בפלסטיק 100 גרם,זנלכול יכין,,,'יח,1,ל-100 גרם,false,1,2.90,2.90,true,1,
7290000208077,false,יכין אפונת גינה גדולה 560 גרם,זנלכול יכין,,,'יח,5.60,ל-100 גרם,false,1,8.90,1.59,true,1,
7290000208114,false,אפונה וגזר 550 גרם,זנלכול יכין,,,'יח,5.50,ל-100 גרם,false,1,8.90,1.62,true,1,
7290000208213,false,שעועית אפויה ברוטב עגבניות 580ג,זנלכול יכין,,,'יח,5.80,ל-100 גרם,false,1,8.90,1.53,true,1,
7290000208329,false,גרעיני תירס מתוק 550 גרם,זנלכול יכין,,,'יח,5.50,ל-100 גרם,false,1,8.90,1.62,true,1,
7290000208428,false,יכין חומוס שלם 560 גרם,זנלכול יכין,,,'יח,5.60,ל-100 גרם,false,1,8.90,1.59,true,1,
7290000208480,false,גרעיני תירס בטעם חמאה 550 גרם,זנלכול יכין,,,'יח,5.50,ל-100 גרם,false,1,9.90,1.80,false,1,
7290000208534,false,תירס קיד גרעיני תירס מתוק 550 גרם,זנלכול יכין,,,'יח,5.50,ל-100 גרם,false,1,9.90,1.80,false,1,
7290000208800,false,תירס ואקום קיד,זנלכול יכין,,,'יח,5.50,ל-100 גרם,false,1,6.50,1.18,true,1,
7290000208855,false,רוטב עגבניות לפסטה 240 גרם,זנלכול יכין,,,'יח,2.60,ל-100 גרם,false,1,5.90,2.27,true,1,
7290000208893,false,תירס ואקום לייט,זנלכול יכין,,,'יח,3.40,ל-100 גרם,false,1,6.50,1.91,true,1,
7290000208930,false,עגבניות מרוסקות עם שום 240 גרם,זנלכול יכין,,,'יח,2.60,ל-100 גרם,false,1,5.90,2.27,true,1,
7290000209371,false,תירס שלשות 165 גר`OZ,זנלכול יכין,,,'יח,1.65,ל-100 גרם,false,1,14.90,9.03,false,1,
7290000209388,false,תירס שלשות 165 גר`OZ,זנלכול יכין,,,'יח,1.65,ל-100 גרם,false,1,14.90,9.03,false,1,
7290000209517,false,סירופ דיאט לימון 1 ליטר,זנלכול יכין,,,'יח,1,,false,1,16.90,16.90,false,1,
7290000209531,false,סירופ דיאט אשכוליות 1 ליטר,זנלכול יכין,,,'יח,1,,false,1,16.90,16.90,false,1,
7290000209555,false,סירופ דיאט תפוחים 1 ליטר,זנלכול יכין,,,'יח,1,,false,1,16.90,16.90,false,1,
7290000209906,false,עגבניות מרוסקות בתוספת בצל 260 גרם,זנלכול יכין,,,'יח,2.60,ל-100 גרם,false,1,5.90,2.27,false,1,
7290000209968,false,רוטב עגבניות ללזניה 240 גרם,זנלכול יכין,,,'יח,2.60,ל-100 גרם,false,1,5.90,2.27,true,1,
7290000210896,false,רוטב בולונז לפסטה 240 גר`,זנלכול יכין,,,'יח,2.60,ל-100 גרם,false,1,5.90,2.27,true,1,
7290000211312,false,אורז מלא פרסי אחד אחד 1 קג,סוגת,,,'יח,10,ל-100 גרם,false,1,8.90,0.89,false,1,
7290000211442,false,אורז פרסי קלאסי אחד אחד 1 ק``ג,סוגת,,,'יח,10,ל-100 גרם,false,1,10.90,1.09,false,1,
7290000211626,false,חיש אורז אחד אחד 1 קג,סוגת,,,'יח,10,ל-100 גרם,false,1,8.90,0.89,false,1,
7290000211985,false,אורז עגול ריזוטו אחד אחד 1 קג,סוגת,,,'יח,10,ל-100 גרם,false,1,9.90,0.99,false,1,
7290000212579,false,וופלים מצופים מנעמים 40  יח`800 גרם,ח.כהן סוכנות מזון ומשקאות,,,'יח,8,ל-100 גרם,false,1,17.90,2.24,false,1,
7290000238036,false,מלאווח מעדנות 6  יח`700 גרם קפוא,תנובה מרכז שיתופי לשיווק תוצרת,,,'יח,7,ל-100 גרם,false,16,16.90,2.41,false,1,
7290000244051,false,אל סבון נוזלי לידיים 3*500 מל אדום,הנקל סוד בע`מ,,,'יח,1.50,לליטר,false,8,18.90,12.60,true,1,
7290000253220,false,נטיפי שוקולד צ`יפס לבן/שחור לאפיה,תה ויסוצקי בע`מ,,,'יח,2.60,ל-100 גרם,false,1,12.90,4.96,false,1,
7290000263359,false,חיתולים ניו בורן מידה 1 40 יח`,חוגלה קימברלי שיווק בע`מ,,,'יח,1,'יח,false,6,31.90,31.90,false,1,
7290000272696,false,מיץ לימון טבעי משומר 1 ליטר עסיס כלפ,קבוצת אסם סחר,,,'יח,10,"ל-100 מ""ל",false,1,9.90,0.99,false,1,
7290000275901,false,חומוסטחינה צנובר צבר 400 גרם,קבוצת אסם סחר,,,'יח,4,ל-100 גרם,false,1,14.90,3.73,false,1,
7290000286228,false,סנו סושי שישייה לניקוי כלים,החב. הדרומית לשיווק,,,'יח,1,,false,12,11.90,11.90,false,1,
7290000286525,false,סנו ספוג פרינה לרחצה 1 יח`,החב. הדרומית לשיווק,,,'יח,0,ל-100 גרם,false,12,10.90,10.90,false,1,
7290000286945,false,סנו רהיט נוזלי תרסיס 500 סמק+אקדח,החב. הדרומית לשיווק,,,'יח,5,"ל-100 מ""ל",false,12,25.90,5.18,false,1,
7290000287102,false,סנו שטיחים קצף לניקוי שטיחים 600 סמק,החב. הדרומית לשיווק,,,'יח,6,"ל-100 מ""ל",false,1,19.90,3.32,false,1,
7290000287195,false,סנו רהיט אירוסול ספריי 300 סמק,החב. הדרומית לשיווק,,,'יח,3.05,"ל-100 מ""ל",false,1,14.90,4.89,false,1,
7290000287492,false,סנובון נוזלי לאסלה לימון 750 מל,החב. הדרומית לשיווק,,,'יח,7.50,"ל-100 מ""ל",false,12,10.90,1.45,true,1,
7290000287621,false,אנטי קאלק,החב. הדרומית לשיווק,,,'יח,7.50,"ל-100 מ""ל",false,1,11.90,1.59,false,1,
7290000288024,false,סנו ג`אוול אקונומיקה בריח לימון 4 ליט,החב. הדרומית לשיווק,,,'יח,40,"ל-100 מ""ל",false,6,16.90,0.42,false,1,
7290000289472,false,סנו סושי רב שקית שקיות אשפה90*76 50י,החב. הדרומית לשיווק,,,'יח,1,,false,15,24.90,24.90,false,1,
7290000289496,false,סנו JAVEL קרם לימון 750 סמק,החב. הדרומית לשיווק,,,'יח,7.50,"ל-100 מ""ל",false,12,12.90,1.72,false,1,
7290000293943,false,מסיר אבנית וחלודה אנטי קאלק מרסס 1,החב. הדרומית לשיווק,,,'יח,10,"ל-100 מ""ל",false,12,19.90,1.99,true,1,
7290000294780,false,סנו ג`אוול אקונומיקה סמיכה 4 ליטר,החב. הדרומית לשיווק,,,'יח,40,"ל-100 מ""ל",false,6,16.90,0.42,false,1,
7290000295121,false,מטלית ריצפה זיגזג 3 יח`,החב. הדרומית לשיווק,,,'יח,1,,false,1,11.90,11.90,false,1,
7290000295572,false,סנו 00 מנקה אסלות זוג 2*750 סמק,החב. הדרומית לשיווק,,,'יח,1.50,לליטר,false,1,16.90,11.27,false,1,
7290000300900,false,שניצל תירס טבע 750 גרם טבעול קפוא,קבוצת אסם סחר,,,'יח,7.50,ל-100 גרם,false,1,27.90,3.72,true,1,
7290000303598,false,שעועית לבנה אפויה ברוטב עגבניות 570 גר,ויטה פרי גליל (החדשה) בע`מ,,,'יח,5.70,ל-100 גרם,false,1,6.90,1.21,true,1,
7290000307015,false,פרי הגליל אפונת גינה גדולה 550 גרם,ויטה פרי גליל (החדשה) בע`מ,,,'יח,5.50,ל-100 גרם,false,1,6.90,1.25,true,1,
7290000307046,false,פרי גליל אפונה וגזר 550 גרם,ויטה פרי גליל (החדשה) בע`מ,,,'יח,5.50,ל-100 גרם,false,1,6.90,1.25,true,1,
7290000307237,false,גרעיני תירס מתוק 550 גרם,ויטה פרי גליל (החדשה) בע`מ,,,'יח,5.50,ל-100 גרם,false,1,6.90,1.25,true,1,
7290000307343,false,פרי גליל שעועית ירוקה חתוכה 550 גרם,ויטה פרי גליל (החדשה) בע`מ,,,'יח,5.50,ל-100 גרם,false,1,6.90,1.25,false,1,
7290000307800,false,פול 800 גרם,ויטה פרי גליל (החדשה) בע`מ,,,'יח,8,ל-100 גרם,false,20,10.90,1.36,false,1,
7290000307985,false,גרעיני תירס ללא מלח וסוכר 325 גרם,ויטה פרי גליל (החדשה) בע`מ,,,'יח,3.25,ל-100 גרם,false,1,6.90,2.12,true,1,
7290000311203,false,וופל מן שוקו 200 גרם,מ.ד אטיאס סוכנויות מזון בע`מ,,,'יח,2,ל-100 גרם,false,1,4.90,2.45,false,1,
7290000311210,false,וופל מן לימון 200 גרם,מ.ד אטיאס סוכנויות מזון בע`מ,,,'יח,2,ל-100 גרם,false,1,4.90,2.45,false,1,
7290000311234,false,וופל מן בטעם וניל 200 גרם,מ.ד אטיאס סוכנויות מזון בע`מ,,,'יח,2,ל-100 גרם,false,1,4.90,2.45,false,1,
7290000313160,false,חברים עוגיות בצורת זהבה שוקו 250 גרם,קבוצת אסם סחר,,,'יח,2.50,ל-100 גרם,false,12,7.90,3.16,true,1,
7290000334684,false,תפוגן טבעות בצל לתנור 700 גרם,קבוצת אסם סחר,,,'יח,7,ל-100 גרם,false,1,17.90,2.56,false,1,
7290000339566,false,בדין מרכך כביסה ורוד 4 ליטר,יוניליוור ישראל שיווק בע`מ,,,'יח,40,"ל-100 מ""ל",false,1,19.90,0.50,false,1,
7290000342856,false,בדין מרכך כביסה כחול 4 ליטר,יוניליוור ישראל שיווק בע`מ,,,'יח,40,"ל-100 מ""ל",false,1,19.90,0.50,false,1,
7290000345147,false,תה עלים ארל גרי פחית 200 גרם,תה ויסוצקי בע`מ,,,'יח,2,ל-100 גרם,false,1,32.90,16.45,false,1,
7290000345208,false,תה רגיל קלאסי 25 שקיקים,תה ויסוצקי בע`מ,,,'יח,0.25,ל-100 גרם,false,1,6.90,27.60,false,1,
7290000345215,false,תה רגיל 1/ 100 שקיקים ויסוצקי,תה ויסוצקי בע`מ,,,'יח,1,,false,1,16.90,16.90,false,1,
7290000345284,false,תה רגיל 1.5/ 100 שקיקים ויסוצקי,תה ויסוצקי בע`מ,,,'יח,1.50,ל-100 גרם,false,1,16.90,11.27,false,1,
7290000345291,false,תה ארל גרי 1.5/ 25 שקיקים ויסוצקי,תה ויסוצקי בע`מ,,,'יח,0.3750,ל-100 גרם,false,1,15.90,42.40,false,1,
7290000345307,false,תה ארל גרי 1.5/ 50 שקיקים ויסוצקי,תה ויסוצקי בע`מ,,,'יח,0.75,ל-100 גרם,false,1,29.90,39.87,false,1,
7290000346021,false,תה הגן הקסום קמומיל 50 שקיקים,תה ויסוצקי בע`מ,,,'יח,0.75,ל-100 גרם,false,1,33.90,45.20,false,1,
7290000346120,false,תה הגן הקסום קסם הקינמון 1.5/ 25,תה ויסוצקי בע`מ,,,'יח,0.6250,ל-100 גרם,false,1,19.90,31.84,true,1,
7290000346137,false,תה הגן הקסום הילולי פירות 3/ 25שק,תה ויסוצקי בע`מ,,,'יח,0.6250,ל-100 גרם,false,1,19.90,31.84,true,1,
7290000346144,false,תה הגן הקסום עינוגי התפוח 3/ 25שק,תה ויסוצקי בע`מ,,,'יח,0.75,ל-100 גרם,false,1,19.90,26.53,true,1,
7290000346199,false,תה הגן הקסום פירות יער 3/25 שקיקים,תה ויסוצקי בע`מ,,,'יח,0.6750,ל-100 גרם,false,1,19.90,29.48,true,1,
7290000346205,false,תה הגן הקסום קמומיל 1.5/ 25 שק.,תה ויסוצקי בע`מ,,,'יח,0.3750,ל-100 גרם,false,1,19.90,53.07,true,1,
7290000346229,false,תה הגן הקסום ורד הבר 3/ 25 שק.,תה ויסוצקי בע`מ,,,'יח,0.75,ל-100 גרם,false,1,19.90,26.53,true,1,
7290000347738,false,תה ירוק בתוספת עלי נענע 25 שקיקים,תה ויסוצקי בע`מ,,,'יח,0.3750,ל-100 גרם,false,1,22.90,61.07,true,1,
7290000347752,false,תה ירוק בתוספת לימונית ולואיזה 25 יח,תה ויסוצקי בע`מ,,,'יח,0.3750,ל-100 גרם,false,1,22.90,61.07,true,1,
7290000355757,false,עגבניות מרוסקות טריות טל 800 גרם,ויטה פרי גליל (החדשה) בע`מ,,,'יח,8,ל-100 גרם,false,12,7.90,0.99,true,1,
7290000364261,false,סלסולי כתך בקר 120 גרם,תנובה מרכז שיתופי לשיווק תוצרת,,,'יח,1.20,ל-100 גרם,false,1,15.90,13.25,true,1,
7290000364278,false,סלסולי סלמי איטלקי משובח 120 גרם,תנובה מרכז שיתופי לשיווק תוצרת,,,'יח,1.20,ל-100 גרם,false,1,15.90,13.25,true,1,
7290000364285,false,סלסולי פסטרמה הודו 120 גרם,תנובה מרכז שיתופי לשיווק תוצרת,,,'יח,1.20,ל-100 גרם,false,1,15.90,13.25,true,1,
7290000364292,false,סלסולי הודו על גחלים דל שומן 120 גרם,תנובה מרכז שיתופי לשיווק תוצרת,,,'יח,1.20,ל-100 גרם,false,1,15.90,13.25,true,1,
7290000367590,false,צמד כפרי 2*400 גרם,תנובה מרכז שיתופי לשיווק תוצרת,,,'יח,8,ל-100 גרם,false,1,26.90,3.36,false,1,
7290000408354,false,דנונה בר פצפוצים 173 מל,שטראוס גרופ בע`מ,,,'יח,1.75,"ל-100 מ""ל",false,24,4.60,2.63,false,1,
7290000412481,false,מנקה אסלות 00 1 ליטר,החב. הדרומית לשיווק,,,'יח,10,"ל-100 מ""ל",false,12,7.90,0.79,false,1,
7290000419114,false,קפה לנדוור טורקי 200 גרם,ש. שסטוביץ בע`מ,,,'יח,2,ל-100 גרם,false,1,14.90,7.45,false,1,
7290000420332,false,פופקורן למיקרוגל חמאה 5*100 גרם,דנאגיס בעמ,,,'יח,5,ל-100 גרם,false,1,14.90,2.98,false,1,
7290000450209,false,טונה פוסידון בשמן 108 גרם,נטו מלינדה סחר בע`מ,,,'יח,1,ל-100 גרם,false,1,5.50,5.50,false,1,
7290000450308,false,נתחי טונה בהירה במי מלח 120 גרם,נטו מלינדה סחר בע`מ,,,'יח,1.08,ל-100 גרם,false,1,5.50,5.09,false,1,
7290000453019,false,שמרית שמרי בזק טריים שקית 50 גרם,שטראוס גרופ בע`מ,,,'יח,5,ל-100 גרם,false,1,4.50,0.90,false,1,
7290000453897,false,מרגרינה בטעם חמאה 200 גר`,שטראוס גרופ בע`מ,,,'יח,2,ל-100 גרם,false,40,4.90,2.45,false,1,
7290000461625,false,בייגלה שמיניות מלוחות 400 גרם,יוניליוור ישראל שיווק בע`מ,,,'יח,4,ל-100 גרם,false,1,9.90,2.48,false,1,
7290000461656,false,בייגלה מקלות מלוחים 400 גרם,יוניליוור ישראל שיווק בע`מ,,,'יח,4,ל-100 גרם,false,1,9.90,2.48,false,1,
7290000461793,false,בייגלה ארוך ארוך מקלות מלוחים 150גרם,יוניליוור ישראל שיווק בע`מ,,,'יח,1.50,ל-100 גרם,false,1,6.40,4.27,false,1,
7290000469638,false,מריטו ענק ספריי עמילן 500 מל,ש. שסטוביץ בע`מ,,,'יח,5,"ל-100 מ""ל",false,1,21.90,4.38,false,1,
7290000474090,false,חלב בקרטון %1 1 ליטר,החברה המרכזית להפצה,,,'יח,10,"ל-100 מ""ל",false,1,5.86,0.59,false,1,
7290000474540,false,גבינת טוב טעם לאפייה 3% 250 גרם,החברה המרכזית להפצה,,,'יח,2.50,ל-100 גרם,false,1,11.90,4.76,false,1,
7290000480442,false,קוואקר ש.שועל שקית 500,שטראוס פריטו ליי בע`מ,,,'יח,5,ל-100 גרם,false,1,12.90,2.58,false,1,
7290000504049,false,סוכרזית קנקן 1200 טבליות,שטראוס גרופ בע`מ,,,'יח,9.84,ל-100 גרם,false,15,19.90,2.02,false,1,
7290000504209,false,"ממתיק נוזלי דיאטדיפ 220 מ""ל",שטראוס גרופ בע`מ,,,'יח,2.20,"ל-100 מ""ל",false,6,17.90,8.14,false,1,
7290000504261,false,סוכרזית קלאסי כפית 100 גרם,שטראוס גרופ בע`מ,,,'יח,0.75,ל-100 גרם,false,6,25.90,34.53,false,1,
7290000504278,false,סוכרזית פטנט 700 טבליות,שטראוס גרופ בע`מ,,,'יח,57.40,ל-100 גרם,false,15,14.90,0.26,false,1,
7290000518121,false,מתוק וקל אריזה 50 שקיות 50 גרם,מתוק וקל בע`מ,,,'יח,0.50,ל-100 גרם,false,1,7,14,false,1,
7290000518169,false,מתוק וקל 1000 טבליות 80 גרם,מתוק וקל בע`מ,,,'יח,10,ל-100 גרם,false,1,7.90,0.79,false,1,
7290000518176,false,מתוק וקל 250 שקיות 250 גרם,מתוק וקל בע`מ,,,'יח,2.50,ל-100 גרם,false,1,18.90,7.56,false,1,
7290000518251,false,מתוק וקל זהב 100 שקיות,מתוק וקל בע`מ,,,'יח,1,,false,1,12.90,12.90,false,1,
7290000523514,false,מלח הארץ יבש מופחת נתרן 250 גרם,סוגת,,,'יח,2.50,ל-100 גרם,false,1,10.90,4.36,false,1,
7290000523521,false,מלח הארץ מועשר ביוד 250 גרם,סוגת,,,'יח,2.50,ל-100 גרם,false,1,5.90,2.36,false,1,
7290000523804,false,מלח הארץ עדין 1 קג,סוגת,,,'יח,10,ל-100 גרם,false,1,7.50,0.75,false,1,
7290000525969,false,פרימור מיץ תפוזים סחוט טרי 1 ליטר,שטראוס גרופ בע`מ,,,'יח,10,"ל-100 מ""ל",false,6,16.20,1.59,false,1,
7290000530086,false,נקניק סלמי מעושן 7000 600 גרם,נקניק זוגלובק נהריה,,,'יח,8,ל-100 גרם,false,1,29.90,3.74,false,1,
7290000530413,false,המבורגר זהב 400 גרם קפוא,נקניק זוגלובק נהריה,,,'יח,4,ל-100 גרם,false,1,21.90,5.48,true,1,
7290000530703,false,פסטרמה חרמון 400גר+תה מעושן 400גר,נקניק זוגלובק נהריה,,,'יח,8,ל-100 גרם,false,1,29.90,3.74,false,1,
7290000551159,false,בשר ראש מוכשר,נטו מלינדה סחר בע`מ,,,"ק""ג",1,,true,1,69.90,69.90,false,1,
7290000552194,false,קישקע טיבונוויל 500 גרם קפוא,נטו מלינדה סחר בע`מ,,,'יח,5,ל-100 גרם,false,1,12.90,2.58,false,1,
7290000552569,false,סטייק בורגר 400 גרם קפוא,נטו מלינדה סחר בע`מ,,,'יח,4,ל-100 גרם,false,12,21.30,5.33,true,1,
7290000554471,false,גבינה מוצרלה 22% טבעי 180 גרם,מחלבות גד בעמ`,,,'יח,1.80,ל-100 גרם,false,1,15.90,8.83,false,1,
7290000561202,false,חמניה 200 גרם,בוטנת בעמ חברה לקלייה ואריזת פ,,,'יח,2,ל-100 גרם,false,1,5.90,2.95,true,1,
7290000561233,false,בוטן קלוי 200 גרם,בוטנת בעמ חברה לקלייה ואריזת פ,,,'יח,2,ל-100 גרם,false,1,7.90,3.95,true,1,
7290000561240,false,גרעין דלעת קלוי 200גר,בוטנת בעמ חברה לקלייה ואריזת פ,,,'יח,2,ל-100 גרם,false,1,9.60,4.80,false,1,
7290000561578,false,בוטנים מצופים 200גר,בוטנת בעמ חברה לקלייה ואריזת פ,,,'יח,2,ל-100 גרם,false,1,5.90,2.95,false,1,
7290000561585,false,קבוקים 200גר,בוטנת בעמ חברה לקלייה ואריזת פ,,,'יח,2,ל-100 גרם,false,1,5.30,2.65,false,1,
7290000561714,false,צנובר 100גר,בוטנת בעמ חברה לקלייה ואריזת פ,,,'יח,1,ל-100 גרם,false,1,26.90,26.90,false,1,
7290000571232,false,גאודה פרוסה 30% 200 גרם,מחלבות גד בעמ`,,,'יח,1.50,ל-100 גרם,false,1,24.70,16.47,false,1,
7290000572529,false,חלבה עם פיסטוק בדצ 400 גרם,אחדות ביתחרושת לטחינה חלבה,,,'יח,4,ל-100 גרם,false,1,12.90,3.23,false,1,
7290000572536,false,חלבה וניל בד``צ 400 גרם,אחדות ביתחרושת לטחינה חלבה,,,'יח,4,ל-100 גרם,false,1,11.90,2.98,false,1,
7290000652177,false,נתחי פילה נסיכת הנילוס קפוא,תנובה מרכז שיתופי לשיווק תוצרת,,,"ק""ג",1,ל-100 גרם,true,1,59.90,59.90,false,1,
7290000663135,false,קוביות סלמון קפוא  300 גרם,תנובה מרכז שיתופי לשיווק תוצרת,,,'יח,3,ל-100 גרם,false,1,29.90,9.97,false,1,
7290001045169,false,פרימור מיץ תפוחים צלול 1 ליטר,שטראוס גרופ בע`מ,,,'יח,10,"ל-100 מ""ל",false,6,16.20,1.59,false,1,
7290001045688,false,פרימור סחוט תפוזים 400 מל,שטראוס גרופ בע`מ,,,'יח,4,"ל-100 מ""ל",false,8,8.20,1.98,false,1,
7290001053140,false,קוד פילה בוואקום,בלדי בע`מ,,,"ק""ג",1,"ק""ג",true,1,49.90,49.90,false,1,
7290001123775,false,שווארמה אמיתית פרגיות 500 גרם קפוא,נטו מלינדה סחר בע`מ,,,'יח,5,ל-100 גרם,false,12,24.90,4.98,false,1,
7290001123782,false,שווארמה אמיתית הודו 500 גרם קפוא,נטו מלינדה סחר בע`מ,,,'יח,5,ל-100 גרם,false,12,27.80,5.56,false,1,
7290001216040,false,טחינה גולמית 500 גרם,סוגת,,,'יח,1,'יח,false,1,15.90,15.90,false,1,
7290001274156,false,קרחון ציפוי בננה,פלקו בעמ חברה ישראלית,,,'יח,1,ל-100 גרם,false,1,4.90,4.90,false,1,
7290001274231,false,שלגון פסים וניל מסטיק,פלקו בעמ חברה ישראלית,,,'יח,1,ל-100 גרם,false,1,6.90,6.90,true,1,
7290001274279,false,גלית תות חלבי,פלקו בעמ חברה ישראלית,,,'יח,1,ל-100 גרם,false,1,4.90,4.90,true,1,
7290001274422,false,מצופים שלגון מצופה בטעם בננה שמיניה,פלקו בעמ חברה ישראלית,,,'יח,1,ל-100 גרם,false,1,22.90,22.90,false,1,
7290001419618,false,וופל בלגי שוקולד 200 גר,מ.ד אטיאס סוכנויות מזון בע`מ,,,'יח,2,ל-100 גרם,false,1,3.90,1.95,true,1,
7290001419793,false,גביעי גלידה 12  יח`מגולגל,מ.ד אטיאס סוכנויות מזון בע`מ,,,'יח,12,ל-100 גרם,false,1,10.90,0.91,false,1,
7290001436059,false,אוסובוקו עם עצם פרוס ארוז,בלדי בע`מ,,,"ק""ג",1,"ק""ג",true,1,49.90,49.90,false,1,
7290001594025,false,קוקה קולה קלאסי 350מ`ל,החברה המרכזית להפצת משקאות בע`,,,'יח,3.50,"ל-100 מ""ל",false,24,5.20,1.40,false,1,
7290001594155,false,"קוקה קולה בקבוק 500 מ""ל",החברה המרכזית להפצת משקאות בע`,,,'יח,5,"ל-100 מ""ל",false,24,5.80,1.10,false,1,
7290001594230,false,קנלי סודה פקק מתברג 250 מל,החברה המרכזית להפצת משקאות בע`,,,'יח,2.50,"ל-100 מ""ל",false,24,3.40,1.24,false,1,
7290001690376,false,אמנון בואקום,נטו מלינדה סחר בע`מ,,,"ק""ג",1,ל-100 גרם,true,1,19.90,19.90,false,1,
7290001696729,false,פקאן טבעי 100 גרם,בוטנת בעמ חברה לקלייה ואריזת פ,,,'יח,1,,false,1,16.90,16.90,false,1,
7290001696736,false,פקאן סיני 100 גרם,בוטנת בעמ חברה לקלייה ואריזת פ,,,'יח,1,,false,1,18.90,18.90,true,1,
7290001696989,false,גרעינים שחורים ללא מלח,בוטנת בעמ חברה לקלייה ואריזת פ,,,'יח,2,ל-100 גרם,false,1,7.40,3.70,false,1,
7290001780428,false,שלגוני שוקולד לייט 6*50 גרם,נגה גלידות שותפות מוגבלת,,,'יח,0.50,ל-100 גרם,false,1,27.90,55.80,false,1,
7290001791349,false,פיסגה אקונומיקה ריחנית 4 ליטר,החב. הדרומית לשיווק,,,'יח,4,לליטר,false,6,11.90,2.98,false,1,
7290001817728,false,צ`יטוס כאפה בטעם קטשופ 55 גרם,שטראוס פריטו ליי בע`מ,,,'יח,0.55,ל-100 גרם,false,1,3.90,7.09,false,1,
7290001990117,false,שומשום 100 גרם,סוגת,,,'יח,1,ל-100 גרם,false,1,3.90,3.90,false,1,
7290001990148,false,סוכר חום גולדן קלאסי 1 קג צנצנת,סוגת,,,'יח,10,ל-100 גרם,false,1,12.90,1.29,false,1,
7290002007234,false,אבקת סוכר 100 גרם,הנמל אריזות ושיווק 1984 בע`מ,,,'יח,1,ל-100 גרם,false,24,1.90,1.90,true,1,
7290002007357,false,שקיות לצליה דליקטס מיקרוגל 10 יח,הנמל אריזות ושיווק 1984 בע`מ,,,'יח,1,,false,40,5.90,5.90,true,1,
7290002007371,false,פירורית לחם 500 גרם,הנמל אריזות ושיווק 1984 בע`מ,,,'יח,5,ל-100 גרם,false,24,6.90,1.38,false,1,
7290002007395,false,דובדבנים מסוכרים 100 גרם,הנמל אריזות ושיווק 1984 בע`מ,,,'יח,1,ל-100 גרם,false,12,5.90,5.90,false,1,
7290002007500,false,קיסמי שיניים במבוק 500 יחידות,הנמל אריזות ושיווק 1984 בע`מ,,,'יח,0,ל-100 גרם,false,30,4.90,4.90,false,1,
7290002007852,false,תמצית אפייה בטעמים שונים 55 מ``ל,הנמל אריזות ושיווק 1984 בע`מ,,,'יח,0.55,"ל-100 מ""ל",false,24,2.90,5.27,false,1,
7290002008040,false,שיפודי עץ 30 ס`מ,הנמל אריזות ושיווק 1984 בע`מ,,,'יח,1,,false,25,3.90,3.90,false,1,
7290002008309,false,עטרות לעוגה  מס*4,הנמל אריזות ושיווק 1984 בע`מ,,,'יח,1,,false,15,6.90,6.90,false,1,
7290002008347,false,קורנפלור 500 גרם,הנמל אריזות ושיווק 1984 בע`מ,,,'יח,5,ל-100 גרם,false,20,6.90,1.38,false,1,
7290002008507,false,נייר אפיה 50 דפים,הנמל אריזות ושיווק 1984 בע`מ,,,'יח,1,,false,24,9.90,9.90,true,1,
7290002008668,false,צימרונים קלירי 200 יחידות כוס עגולה,הנמל אריזות ושיווק 1984 בע`מ,,,'יח,1,ל-100 גרם,false,1,4.90,4.90,false,1,
7290002008743,false,סוכר וניל 10*10 גרם,הנמל אריזות ושיווק 1984 בע`מ,,,'יח,1,ל-100 גרם,false,50,1.90,1.90,true,1,
7290002008750,false,אבקת אפיה 10 שקיות,הנמל אריזות ושיווק 1984 בע`מ,,,'יח,1,ל-100 גרם,false,50,1.90,1.90,true,1,
7290002040064,false,קוסקוס דק להכנה מהירה בשקית 350 גרם,הנמל אריזות ושיווק 1984 בע`מ,,,'יח,3.50,ל-100 גרם,false,1,6.90,1.97,false,1,
7290002077725,false,סלומון מעושן מצונן 100 גר`,נטו מלינדה סחר בע`מ,,,'יח,1,ל-100 גרם,false,10,18.90,18.90,false,1,
7290002102021,false,תחתוני בוקסר,הום פרפקט ק.ד.מ בעמ,,,'יח,1,,false,1,14.90,14.90,true,1,
7290002103042,false,תחתוני בוקסר,הום פרפקט ק.ד.מ בעמ,,,'יח,1,,false,1,14.90,14.90,true,1,
7290002103103,false,בוקסר לגבר,הום פרפקט ק.ד.מ בעמ,,,'יח,1,,false,1,14.90,14.90,true,1,
7290002107071,false,גבינת פטה עיזים מעודנת טבעי 200 גרם,החברה המרכזית להפצה,,,'יח,2,ל-100 גרם,false,1,26.90,13.45,false,1,
7290002107385,false,מה-עז גבינה עיזים בגליל 180 גרם,החברה המרכזית להפצה,,,'יח,1.80,ל-100 גרם,false,1,24.90,13.83,false,1,
7290002107491,false,גבינת עיזים למריחה %5 250 גרם,החברה המרכזית להפצה,,,'יח,2.50,ל-100 גרם,false,1,15.90,6.36,true,1,
7290002130567,false,דבש יד מרדכי מפרחי בר 350 גרם,שטראוס גרופ בע`מ,,,'יח,3.50,ל-100 גרם,false,12,17.90,5.11,false,1,
7290002157953,false,טונה קנולה 140  גר`מארז רביעייה ויליגר,נטו מלינדה סחר בע`מ,,,'יח,1.40,ל-100 גרם,false,12,19.90,14.21,false,1,
7290002239185,false,אפונת גינה מוקפאת 800 גרם,ויטה פרי גליל (החדשה) בע`מ,,,'יח,8,ל-100 גרם,false,20,10.90,1.36,false,1,
7290002239338,false,שעועית ירוקה חתוכה 800 גרם,ויטה פרי גליל (החדשה) בע`מ,,,'יח,8,ל-100 גרם,false,20,10.90,1.36,false,1,
7290002239420,false,תירס גרעינים קפואים 800 גרם,ויטה פרי גליל (החדשה) בע`מ,,,'יח,8,ל-100 גרם,false,20,10.90,1.36,false,1,
7290002259640,false,רדיד אלומיניום 13 מיקרון 7.6*0.30,גורי ע.ע.ע. בע`מ,,,'יח,0,'יח,false,24,11.90,11.90,false,1,
7290002281382,false,נתחי סלמון נורווגי דלידג קפוא,נטו מלינדה סחר בע`מ,,,"ק""ג",1,ל-100 גרם,true,1,89.90,89.90,false,1,
7290002281436,false,סטייק דג טונה בהירה,נטו מלינדה סחר בע`מ,,,"ק""ג",1,ל-100 גרם,true,1,39.90,39.90,false,1,
7290002291046,false,המבורגר מסעדות 440 גרם,בלדי בע`מ,,,'יח,4.80,ל-100 גרם,false,12,27.90,5.81,true,1,
7290002327066,false,קונכיות בצק לאפיה 500 גרם קפוא,נטו מלינדה סחר בע`מ,,,'יח,5,ל-100 גרם,false,12,21.90,4.38,true,1,
7290002331360,false,נביעות מים מינרלים שישיה 0.5 ליטר,החברה המרכזית להפצת משקאות בע`,,,'יח,30,"ל-100 מ""ל",false,4,14.90,0.44,false,1,
7290002331421,false,נביעות מים מינרלים ספורט 6*755 מל,החברה המרכזית להפצת משקאות בע`,,,'יח,45.30,"ל-100 מ""ל",false,4,16.90,0.33,false,1,
7290002345282,false,נתחי סלמון דלידג קפוא,נטו מלינדה סחר בע`מ,,,"ק""ג",1,ל-100 גרם,true,1,89.90,89.90,false,1,
7290002371854,false,נקניקיות עוף 1 קג חריפות,תנובה מרכז שיתופי לשיווק תוצרת,,,'יח,10,ל-100 גרם,false,1,29.90,2.99,true,1,
7290002374268,false,שמן חמניות מזוכך ללא כולסטרול 1 ליטר,סוגת,,,'יח,1,,false,1,9.90,9.90,false,1,
7290002409328,false,גחנון בצק מקמח כוסמין,ציפור השרון יהוד 1990 בעמ,,,'יח,1,,false,1,19.90,19.90,false,1,
7290002517375,false,בזיליקום עלים שקית,תבליני טעם וריח,,,'יח,1,,false,1,5.90,5.90,false,1,
7290002628088,false,טחון הודו קפוא 500 גרם,בלדי בע`מ,,,'יח,5,ל-100 גרם,false,12,9.90,1.98,false,1,
7290002628194,false,שריר  מס `8הזרוע קפוא חלק,בלדי בע`מ,,,"ק""ג",1,,true,1,29.90,29.90,true,1,
7290002628293,false,טחון עוף קפוא 500 גרם,בלדי בע`מ,,,'יח,5,ל-100 גרם,false,12,9.90,1.98,false,1,
7290002628941,false,נסיכת הנילוס פרוס,בלדי בע`מ,,,"ק""ג",1,ל-100 גרם,true,1,49.90,49.90,false,1,
7290002657408,false,טונה פוסידון בשמן 960 גר`,נטו מלינדה סחר בע`מ,,,'יח,9.60,ל-100 גרם,false,1,32,3.33,false,1,
7290002692782,false,תרסיס זית מופחת קלוריות 200 מל,סוגת,,,'יח,1,,false,1,14.90,14.90,false,1,
7290002715504,false,מג`יק ארוחת נודלס בטעם עוף 70 גרם,נטו מלינדה סחר בע`מ,,,'יח,7,ל-100 גרם,false,12,4.90,0.70,false,1,
7290002715511,false,מג`יק ארוחת נודלס בטעם בשר 70 גרם,נטו מלינדה סחר בע`מ,,,'יח,7,ל-100 גרם,false,12,4.90,0.70,false,1,
7290002730262,false,פלמוליב נוזלי כלים קלאסי 750 מל,ש. שסטוביץ בע`מ,,,'יח,7.50,"ל-100 מ""ל",false,1,11.90,1.59,true,1,
7290002730521,false,מקלות אוזניים בלונס 200 יח`,ש. שסטוביץ בע`מ,,,'יח,0,ל-100 גרם,false,1,5.90,5.90,false,1,
7290002730538,false,פדים להסרת איפור בלונס 80 יח`,ש. שסטוביץ בע`מ,,,'יח,0,ל-100 גרם,false,1,9.90,9.90,false,1,
7290002730903,false,פלמוליב סבון מוצק כחול 4*125 גרם,ש. שסטוביץ בע`מ,,,'יח,4,ל-100 גרם,false,1,16.90,4.23,false,1,
7290002730941,false,צמר גפן בלונס פרוס 100 גרם,ש. שסטוביץ בע`מ,,,'יח,1,ל-100 גרם,false,1,5.90,5.90,false,1,
7290002730958,false,פלמוליב סבון מוצק ירוק 4*125 גרם,ש. שסטוביץ בע`מ,,,'יח,4,ל-100 גרם,false,1,16.90,4.23,false,1,
7290002757511,false,קציצות דג לבישול 750  גר`קפוא,נטו מלינדה סחר בע`מ,,,'יח,7.50,ל-100 גרם,false,8,29.90,3.99,false,1,
7290002757757,false,מלוואח 700 גרם,נטו מלינדה סחר בע`מ,,,'יח,7,ל-100 גרם,false,1,13.90,1.99,false,1,
7290002814016,false,"מסיר שומנים סנטמוריץ מתז 750 מ""ל",קומפלקס כימקלים בעמ`,,,'יח,7.50,"ל-100 מ""ל",false,1,12.90,1.72,false,1,
7290002814481,false,שקיות מזון 150*3,קומפלקס כימקלים בעמ`,,,'יח,1,'יח,false,1,11.90,11.90,true,1,
7290002814504,false,מגבונים לרצפה מלון 10 יח סנט מוריץ,קומפלקס כימקלים בעמ`,,,'יח,1,'יח,false,1,9.90,9.90,false,1,
7290002824466,false,דנונה קל טבעי %0 200 גרם,שטראוס גרופ בע`מ,,,'יח,2,"ל-100 מ""ל",false,24,3.70,1.85,false,1,
7290002824640,false,גבינת סקי %5 250 גרם,שטראוס גרופ בע`מ,,,'יח,2.50,ל-100 גרם,false,12,4.98,1.99,false,1,
7290002830948,false,גבינה מון בלאן עזים 120 גר`,נטו מלינדה סחר בע`מ,,,'יח,1.20,ל-100 גרם,false,1,12.90,10.75,true,1,
7290002868996,false,קוטג` טרה 5% מועשר 250 גרם,החברה המרכזית להפצה,,,'יח,2.50,ל-100 גרם,false,1,5.50,2.20,false,1,
7290002881742,false,לבבות דקל פרוסות 400 גרם,תומר ייבוא ושיווק מוצרי מזון [,,,'יח,4,ל-100 גרם,false,1,7.90,1.98,false,1,
7290002946700,false,מצית פחם נוזלי,הנמל אריזות ושיווק 1984 בע`מ,,,'יח,1,,false,24,10.90,10.90,false,1,
7290002977155,false,"קמח מלא 100% ללא ניפוי 1 ק""ג",הטחנות הגדולות של ארץ ישראל בע,,,'יח,1,'יח,false,1,6.90,6.90,false,1,
7290002977179,false,"קמח שיפון מלא 100% ללא ניפוי 1 ק""ג",הטחנות הגדולות של ארץ ישראל בע,,,'יח,1,'יח,false,1,7.90,7.90,false,1,
7290002977438,false,"קמח חיטה 70% ללא ניפוי 1 ק""ג",הטחנות הגדולות של ארץ ישראל בע,,,'יח,1,'יח,false,1,6.90,6.90,false,1,
7290002977490,false,קמח פיצה נאפולי ללא צורך בניפוי,הטחנות הגדולות של ארץ ישראל בע,,,'יח,1,"ק""ג",false,1,11.90,11.90,false,1,
7290002977537,false,קמח מניטובה לבן ללא צורך בניפוי,הטחנות הגדולות של ארץ ישראל בע,,,'יח,1,"ק""ג",false,1,10.90,10.90,false,1,
7290003015634,false,ריצפז פרש פסיפלורה 2 ליטר,החב. הדרומית לשיווק,,,'יח,20,"ל-100 מ""ל",false,8,17.90,0.90,true,1,
7290003015641,false,ריצפז פרש בניחוח יסמין 2 ליטר,החב. הדרומית לשיווק,,,'יח,20,"ל-100 מ""ל",false,8,17.90,0.90,true,1,
7290003026036,false,קמיל בלו אל סבון נוזלי מועשר 1ל,"פישר תעשיות פרמצבטיות בע""מ",,,'יח,10,"ל-100 מ""ל",false,1,29.90,2.99,false,1,
7290003029181,false,.שוקו יטבתה 1 ל`2% בקבוק,שטראוס גרופ בע`מ,,,'יח,10,"ל-100 מ""ל",false,12,11.90,1.19,false,1,
7290003029372,false,יטבתה משקה בטעם בננה %3 בקבוק 1 ליטר,שטראוס גרופ בע`מ,,,'יח,10,"ל-100 מ""ל",false,6,11.90,1.19,false,1,
7290003029389,false,יטבתה משקה בטעם בננה %3 בקבוק 250 מ`,שטראוס גרופ בע`מ,,,'יח,2.50,"ל-100 מ""ל",false,9,5.70,2.28,false,1,
7290003029433,false,שוקו יטבתה %2 טרי בבקבוק 250 מ``ל,שטראוס גרופ בע`מ,,,'יח,2.50,"ל-100 מ""ל",false,12,5.50,2.20,false,1,
7290003029532,false,מוקה יטבתה %2 בקבוק 1 ליטר,שטראוס גרופ בע`מ,,,'יח,10,"ל-100 מ""ל",false,6,11.90,1.19,false,1,
7290003029792,false,שוקו יטבתה בשקית*225גר*8,שטראוס גרופ בע`מ,,,'יח,2.25,ל-100 גרם,false,8,18.90,8.40,false,1,
7290003029815,false,חלב שתיה 3% בכד 2 ליטר מהדרין,שטראוס גרופ בע`מ,,,'יח,20,"ל-100 מ""ל",false,6,14.90,0.75,false,1,
7290003029907,false,קפה יטבתה טרי בקבוק 1 ליטר,שטראוס גרופ בע`מ,,,'יח,10,"ל-100 מ""ל",false,6,11.90,1.19,false,1,
7290003031757,false,פסטרמה הודו בפפריקה 400  ג`מחפוד,תנובה מרכז שיתופי לשיווק תוצרת,,,'יח,4,ל-100 גרם,false,1,27.90,6.98,false,1,
7290003035632,false,פילה מושט ללא עור 7-9,ג.ת שווק בן בקר בע`מ,,,"ק""ג",1,ל-100 גרם,true,1,29.90,29.90,true,1,
7290003054657,false,חרדל דיזון 370 גרם,דיפלומט מפיצים (1968) בע`מ,,,'יח,3.70,ל-100 גרם,false,12,11.90,3.22,false,1,
7290003126712,false,יוגורט עיזים 4% 150 מל,החברה המרכזית להפצה,,,'יח,1.40,"ל-100 מ""ל",false,1,6.90,4.93,false,1,
7290003229109,false,פסטרמה הודו בפפריקה 400 גרם,תנובה מרכז שיתופי לשיווק תוצרת,,,'יח,4,ל-100 גרם,false,1,26.90,6.73,true,1,
7290003229116,false,פסטרמה הודו בדבש 400 גרם,תנובה מרכז שיתופי לשיווק תוצרת,,,'יח,4,ל-100 גרם,false,1,26.90,6.73,true,1,
7290003229123,false,פסטרמה על גחלים 400 גרם,תנובה מרכז שיתופי לשיווק תוצרת,,,'יח,4,ל-100 גרם,false,1,26.90,6.73,true,1,
7290003229154,false,סלמי קוניאק מובחר 300 גרם,תנובה מרכז שיתופי לשיווק תוצרת,,,'יח,3,ל-100 גרם,false,1,26.90,8.97,true,1,
7290003229192,false,כתף בקר מעושן 400 גרם,תנובה מרכז שיתופי לשיווק תוצרת,,,'יח,4,ל-100 גרם,false,1,26.90,6.73,true,1,
7290003229208,false,פסטרמה ספרדית 2% 360 גרם,תנובה מרכז שיתופי לשיווק תוצרת,,,'יח,3.60,ל-100 גרם,false,1,26.90,7.47,true,1,
7290003229222,false,סלמי תה משובח 300 גרם,תנובה מרכז שיתופי לשיווק תוצרת,,,'יח,3,ל-100 גרם,false,1,22.90,7.63,false,1,
7290003287086,false,סטייק אנטריקוט בעדני קפוא,בלדי בע`מ,,,"ק""ג",1,,true,1,69.90,69.90,true,1,
7290003287260,false,צוריסוס ארוז 600גר קפוא,בלדי בע`מ,,,'יח,6,ל-100 גרם,false,8,27.90,4.65,true,1,
7290003287291,false,קבב טלה וצנובר ארוז 600גר קפוא,בלדי בע`מ,,,'יח,6,ל-100 גרם,false,8,27.90,4.65,true,1,
7290003318100,false,וופלים שוקולד 200 גרם,ח.כהן סוכנות מזון ומשקאות,,,'יח,2.50,ל-100 גרם,false,1,3.90,1.56,true,1,
7290003318131,false,ופלים בטעם אגוזים 200 גרם,ח.כהן סוכנות מזון ומשקאות,,,'יח,2.50,ל-100 גרם,false,1,3.90,1.56,true,1,
7290003321155,false,דנונה בר פקאן 183 מ`ל,שטראוס גרופ בע`מ,,,'יח,1.83,"ל-100 מ""ל",false,24,4.60,2.51,false,1,
7290003411276,false,עמבה פרי 500 גר,הנמל אריזות ושיווק 1984 בע`מ,,,'יח,6,ל-100 גרם,false,15,11.90,1.98,false,1,
7290003411832,false,גרנולה אגוזים 400 גרם,הנמל אריזות ושיווק 1984 בע`מ,,,'יח,4,ל-100 גרם,false,12,9.90,2.48,false,1,
7290003411948,false,צמר גפן רפואי 100 גרם,הנמל אריזות ושיווק 1984 בע`מ,,,'יח,1,ל-100 גרם,false,45,4.90,4.90,false,1,
7290003411993,false,גפרורים 10 יחידות,הנמל אריזות ושיווק 1984 בע`מ,,,'יח,1,,false,100,3.90,3.90,false,1,
7290003438020,false,ממרח עגבניות מיובשות 190 גרם,תה ויסוצקי בע`מ,,,'יח,1.90,ל-100 גרם,false,12,13.90,7.32,true,1,
7290003578078,false,קוקטיל טרופי 850 גרם,ג. וילי-פוד אינטרנשיונל בע`מ,,,'יח,8.50,ל-100 גרם,false,24,9.90,1.16,false,1,
7290003578719,false,ירקות כבושים מעורבים בצנצנת 1.6 קג,ג. וילי-פוד אינטרנשיונל בע`מ,,,'יח,1.60,ל-100 גרם,false,6,19.90,12.44,false,1,
7290003582679,false,קערת מילנו בינוני,ד.ג.ש ייבוא ושיווק בעמ,,,'יח,1,,false,1,9.90,9.90,false,1,
7290003643127,false,סוגת אבקת אפיה 10*10 גרם,סוגת,,,'יח,1,ל-100 גרם,false,1,2.50,2.50,false,1,
7290003643325,false,קוסקוס בינוני 350 גר`,סוגת,,,'יח,3.50,ל-100 גרם,false,1,4.90,1.40,true,1,
7290003643387,false,סוכר לבן בצנצנת פלסטיק 1 ק`ג,סוגת,,,'יח,10,ל-100 גרם,false,1,7.90,0.79,false,1,
7290003643646,false,סוכר דמררה צנצנת 1 קג,סוגת,,,'יח,10,ל-100 גרם,false,1,12.90,1.29,false,1,
7290003643684,false,אפונה 500 גרם,סוגת,,,'יח,5,ל-100 גרם,false,1,5.90,1.18,false,1,
7290003643707,false,גריסים 500 גרם,סוגת,,,'יח,5,ל-100 גרם,false,1,4.90,0.98,false,1,
7290003643714,false,חומוס 500 גרם,סוגת,,,'יח,5,ל-100 גרם,false,1,7.90,1.58,false,1,
7290003643738,false,חיטה 500 גרם,סוגת,,,'יח,5,ל-100 גרם,false,1,4.90,0.98,false,1,
7290003643752,false,עדשים ירוקים 500 גרם,סוגת,,,'יח,5,ל-100 גרם,false,1,7.90,1.58,false,1,
7290003643776,false,פופקורן סוגת 500 גרם כשלפ,סוגת,,,'יח,5,ל-100 גרם,false,1,6.90,1.38,false,1,
7290003643806,false,שעועית לבנה 500 גרם,סוגת,,,'יח,5,ל-100 גרם,false,1,11.90,2.38,false,1,
7290003643813,false,שעועית חומה 500 גרם,סוגת,,,'יח,5,ל-100 גרם,false,1,10.90,2.18,false,1,
7290003643820,false,חומוס ענק 500 גר`,סוגת,,,'יח,5,ל-100 גרם,false,1,12.90,2.58,false,1,
7290003680412,false,נפנף למנגל,ד.ג.ש ייבוא ושיווק בעמ,,,'יח,1,,false,1,4.90,4.90,false,1,
7290003781065,false,מלפפונים בחומץ קורנישונים גמדי 680ג,ג. וילי-פוד אינטרנשיונל בע`מ,,,'יח,6.80,ל-100 גרם,false,1,10.90,1.60,false,1,
7290003781652,false,צלפים במלח 350 גרם,ג. וילי-פוד אינטרנשיונל בע`מ,,,'יח,3.50,ל-100 גרם,false,12,10.60,3.03,false,1,
7290003805501,false,פתית בסגנון שוודי 300 גרם,יוניליוור ישראל שיווק בע`מ,,,'יח,3,ל-100 גרם,false,1,16.90,5.63,false,1,
7290003807178,false,"קנור רוטב סויה 300 מ""ל",יוניליוור ישראל שיווק בע`מ,,,'יח,3,"ל-100 מ""ל",false,1,12.90,4.30,true,1,
7290003807482,false,קנור רוטב טריאקי 300 מל,יוניליוור ישראל שיווק בע`מ,,,'יח,3,"ל-100 מ""ל",false,1,11.90,3.97,true,1,
7290003864485,false,סרדינים ברוטב עגבניות 120 גרם,ג. וילי-פוד אינטרנשיונל בע`מ,,,'יח,1.20,ל-100 גרם,false,1,4.90,4.08,true,1,
7290003864492,false,סרדינים בשמן צמחי עם פלפל חריף 120 גרם,ג. וילי-פוד אינטרנשיונל בע`מ,,,'יח,1.20,ל-100 גרם,false,1,4.90,4.08,true,1,
7290003882922,false,עלי גפן ממולאים באורז 400 גרם כשלפ,ג. וילי-פוד אינטרנשיונל בע`מ,,,'יח,4,ל-100 גרם,false,24,9.90,2.48,true,1,
7290003989539,false,רביולי גבינה 400 גרם,שטראוס גרופ בע`מ,,,'יח,4,ל-100 גרם,false,9,19.90,4.98,false,1,
7290003989553,false,טורטליני גבינה+פטריות 400 גרם,שטראוס גרופ בע`מ,,,'יח,4,ל-100 גרם,false,9,20.30,5.08,false,1,
7290004011284,false,בסיס להכנת קצפת 212 מ`ל,נטו מלינדה סחר בע`מ,,,'יח,2.12,"ל-100 מ""ל",false,24,9.90,4.67,true,1,
7290004011291,false,בסיס להכנת קצפת 425 מ`ל,נטו מלינדה סחר בע`מ,,,'יח,4.35,"ל-100 מ""ל",false,12,14.90,3.43,false,1,
7290004011819,false,המבורגר ריב אנטריקוט אל גאוצ`ו 360  גר`ק,נטו מלינדה סחר בע`מ,,,'יח,3.60,ל-100 גרם,false,6,24.90,6.92,true,1,
7290004011826,false,מיני המבורגר ריב אנטריקוט אל גאוצ`ו 360,נטו מלינדה סחר בע`מ,,,'יח,3.60,ל-100 גרם,false,6,24.90,6.92,true,1,
7290004033750,false,לחמניות עננים,מאפיית י.את א. ברמן בעמ,,,'יח,1,'יח,false,1,13.90,13.90,false,1,
7290004068011,false,יוגורט כבשים 600 גר`,מחלבות גד בעמ`,,,'יח,6,"ל-100 מ""ל",false,1,18.90,3.15,false,1,
7290004119225,false,יופלה יוגורט בטעם אננס %3 150 גרם,תנובה חלב,,,'יח,1.50,"ל-100 מ""ל",false,1,5.20,3.47,false,1,
7290004120108,false,יופלה דיאט יוגורט דובדבן 0% 150 גרם,תנובה חלב,,,'יח,1.50,"ל-100 מ""ל",false,1,5.20,3.47,false,1,
7290004121488,false,יופלה דיאט אפרסק %0 150 גרם,תנובה חלב,,,'יח,1.50,"ל-100 מ""ל",false,1,5.20,3.47,false,1,
7290004121754,false,יופלה עוגת קרם גבינה ותות %3 150 גרם,תנובה חלב,,,'יח,1.50,"ל-100 מ""ל",false,1,5.20,3.47,false,1,
7290004122195,false,גבינה חצי קשה גוש חלב %28 שומן 200גר,תנובה חלב,,,'יח,2,ל-100 גרם,false,1,13.70,6.85,false,1,
7290004122270,false,גבינת עמק פתיחה נוחה 200 גרם,תנובה חלב,,,'יח,2,ל-100 גרם,false,1,15.90,7.95,false,1,
7290004122348,false,גבינת עמק לייט %9 נוחה לפתיחה 200 גר,תנובה חלב,,,'יח,2,ל-100 גרם,false,1,16.80,8.40,false,1,
7290004124205,false,יופלה דיאט יוגורט תות %0 150 גרם,תנובה חלב,,,'יח,1.50,"ל-100 מ""ל",false,1,5.20,3.47,false,1,
7290004125370,false,תנובה שמנת חמוצה %9 200 מל,תנובה חלב,,,'יח,2,"ל-100 מ""ל",false,1,3.80,1.90,false,1,
7290004125455,false,שמנת חמוצה מהדרין %15 200 מל,תנובה חלב,,,'יח,2,"ל-100 מ""ל",false,1,2.40,1.20,false,1,
7290004125509,false,שמנת תנובה חצי מנה %15 100 גרם,תנובה חלב,,,'יח,1,ל-100 גרם,false,1,1.80,1.80,false,1,
7290004125721,false,שמנת לבישול השף הלבן %15 250 מ``ל קר,תנובה חלב,,,'יח,2.50,"ל-100 מ""ל",false,1,8.30,3.32,false,1,
7290004125776,false,גבינת עמק חצי קשה 28% 400 גרם,תנובה חלב,,,'יח,4,ל-100 גרם,false,1,28.90,7.23,false,1,
7290004126674,false,גבינה טל העמק לייט חצי קשה %9 200גרם,תנובה חלב,,,'יח,2,ל-100 גרם,false,1,18.90,9.45,false,1,
7290004127329,false,קוטג`תנובה 5% 250 גרם,תנובה חלב,,,'יח,2.50,ל-100 גרם,false,1,5.60,2.24,false,1,
7290004127336,false,קוטג`תנובה %9 250 גרם,תנובה חלב,,,'יח,2.50,ל-100 גרם,false,1,5.60,2.24,false,1,
7290004127800,false,גבינה לבנה %5 גביע500 גרם,תנובה חלב,,,'יח,5,ל-100 גרם,false,1,9.90,1.98,false,1,
7290004127817,false,גבינה לבנה %9 גביע 500 גרם,תנובה חלב,,,'יח,5,ל-100 גרם,false,1,9.50,1.90,false,1,
7290004127862,false,גבינה לבנה %5 גביע 750 גרם,תנובה חלב,,,'יח,7.50,ל-100 גרם,false,1,14.90,1.99,false,1,
7290004129101,false,גבינת שמנת נפוליאון בטעם טבעי 225 גרם,תנובה חלב,,,'יח,2.25,ל-100 גרם,false,1,13.90,6.18,false,1,
7290004129156,false,גבינת שמנת נפוליאון עם שום ושמיר 225,תנובה חלב,,,'יח,2.25,ל-100 גרם,false,1,13.90,6.18,false,1,
7290004129767,false,יופלה White טבעי %3 8*150 גרם,תנובה חלב,,,'יח,1.50,ל-100 גרם,false,1,16.90,11.27,false,1,
7290004130916,false,יופלה פירות יער בשמנת 3% 150 גרם,תנובה חלב,,,'יח,1.50,"ל-100 מ""ל",false,1,5.20,3.47,false,1,
7290004131432,false,יופלה White טבעי %3 200 גרם,תנובה חלב,,,'יח,2,ל-100 גרם,false,1,4,2,false,1,
7290004131456,false,יופלה White טבעי %1.5 200 גרם,תנובה חלב,,,'יח,2,"ל-100 מ""ל",false,1,4,2,false,1,
7290004131814,false,גבינה מלוחה צפתית מעודנת %5 200 גרם,תנובה חלב,,,'יח,2,ל-100 גרם,false,1,16,8,false,1,
7290004136857,false,ג`לי תנובה פטל 125 גרם,תנובה חלב,,,'יח,1.25,"ל-100 מ""ל",false,1,2.80,2.24,false,1,
7290004136864,false,ג`לי תנובה אננס 125 גרם,תנובה חלב,,,'יח,1.25,"ל-100 מ""ל",false,1,2.80,2.24,false,1,
7290004136871,false,ג`לי תנובה אפרסק 125 גרם,תנובה חלב,,,'יח,1.25,"ל-100 מ""ל",false,1,2.80,2.24,false,1,
7290004137021,false,שמנת עמידה לבישול 10% שומן 250מל,תנובה חלב,,,'יח,2.50,"ל-100 מ""ל",false,1,8.50,3.40,false,1,
7290004228804,false,עלי בצק  לסיגר[פסטליה],נטו מלינדה סחר בע`מ,,,'יח,9,ל-100 גרם,false,1,12.90,1.43,false,1,
7290004492762,false,נשנושים חטיף תירס 325 גרם,יוניליוור ישראל שיווק בע`מ,,,'יח,3.25,ל-100 גרם,false,1,12.90,3.97,true,1,
7290004584306,false,גמדים תות בננה 4*100 גרם,שטראוס גרופ בע`מ,,,'יח,4,"ל-100 מ""ל",false,12,11.90,2.98,true,1,
7290004584351,false,גבינת סימפוניה 5% החמישית טבעי 200גר,שטראוס גרופ בע`מ,,,'יח,2,ל-100 גרם,false,12,10.90,5.45,false,1,
7290004584528,false,דנונה וגורט ביו %1.5 200 גרם,שטראוס גרופ בע`מ,,,'יח,2,"ל-100 מ""ל",false,1,3.70,1.85,false,1,
7290004652401,false,ג`חנון ללא מרגרינה 650 גרם,נטו מלינדה סחר בע`מ,,,'יח,6.50,ל-100 גרם,false,1,18.90,2.91,false,1,
7290004685478,false,פיתות כוסמין 10 יח בשקית 550 גרם,מאפיית י.את א. ברמן בעמ,,,'יח,5.50,ל-100 גרם,false,1,16.90,3.07,true,1,
7290004731472,false,כיף אל סבון שלישיה 3*500 מל צבעוני,החב. הדרומית לשיווק,,,'יח,1.50,לליטר,false,8,19.90,13.27,false,1,
7290004737900,false,חלב מרוכז ממותק בפחית 397 גרם,ג. וילי-פוד אינטרנשיונל בע`מ,,,'יח,3.97,ל-100 גרם,false,48,7.90,1.99,false,1,
7290004846558,false,אצבעות אנטריקוט לא מעובד קפוא 450 גר`,זהר עופות ובשר בעמ,,,'יח,4.50,ל-100 גרם,false,1,34.90,7.76,false,1,
7290005020162,false,"וויסקי בלנטיין 700 מ""ל",טמפו משקאות בע`מ,,,'יח,7,"ל-100 מ""ל",false,1,79.90,11.37,false,1,
7290005068621,false,ברוקלי 800 גר`,ויטה פרי גליל (החדשה) בע`מ,,,'יח,8,ל-100 גרם,false,12,14.90,1.86,false,1,
7290005084355,false,משחת שיניים סנסודין פלואוריד 75 מל זהב,גורי ע.ע.ע. בע`מ,,,'יח,0.75,ל-100 גרם,false,1,21.90,29.20,true,1,
7290005174551,false,אחלה יום יום חומוס 125 גרם,שטראוס גרופ בע`מ,,,'יח,1.25,ל-100 גרם,false,24,4.90,3.92,false,1,
7290005174568,false,אחלה יום יום חצילים במיונז 125 גרם,שטראוס גרופ בע`מ,,,'יח,1.25,ל-100 גרם,false,24,5.30,4.24,false,1,
7290005174575,false,אחלה יום יום טחינה 125 גרם,שטראוס גרופ בע`מ,,,'יח,1.25,ל-100 גרם,false,24,5.30,4.24,false,1,
7290005197758,false,עוגיות חיוכים של שוקו 150 גרם,שטראוס גרופ בע`מ,,,'יח,1.50,ל-100 גרם,false,12,4.90,3.27,false,1,
7290005200786,false,תפוצ`יפס שמנת עם בצל 50 גרם,שטראוס פריטו ליי בע`מ,,,'יח,0.50,ל-100 גרם,false,1,3.90,7.80,false,1,
7290005201455,false,קפה ארומה נמס מגורען 200 גרם,שטראוס גרופ בע`מ,,,'יח,2,ל-100 גרם,false,6,22.90,11.45,false,1,
7290005271786,false,ביצים עטוף 30*1 M,גליקסמן שיווק ביצים [1994] בעמ,,,'יח,1,,false,1,27.87,27.87,false,1,
7290005287206,false,.טונה סטארקיסט בשמן 4*160 גרם,דיפלומט מפיצים (1968) בע`מ,,,'יח,6.40,ל-100 גרם,false,1,24.90,3.89,false,1,
7290005287251,false,טונה סטארקיסט במים 4*160 גרם,דיפלומט מפיצים (1968) בע`מ,,,'יח,6.40,ל-100 גרם,false,12,24.90,3.89,false,1,
7290005287510,false,טונה סטארקיסט בשמן עם פלפל חריף 160גר,דיפלומט מפיצים (1968) בע`מ,,,'יח,1.60,ל-100 גרם,false,24,7.90,4.94,false,1,
7290005326523,false,פסטו פטרוזיליה 180 גרם,תה ויסוצקי בע`מ,,,'יח,1.80,ל-100 גרם,false,1,13.90,7.72,true,1,
7290005426193,false,סנו סושי ספוג הפלא 6 יח`,החב. הדרומית לשיווק,,,'יח,1,,false,12,10.90,10.90,false,1,
7290005426971,false,סנובון כחול בריח תפוח לאסלה 3*55 גרם,החב. הדרומית לשיווק,,,'יח,1.65,ל-100 גרם,false,12,14.90,9.03,true,1,
7290005427725,false,ליטופים חמישייה מבושם,החב. הדרומית לשיווק,,,'יח,1,'יח,false,5,19.90,19.90,false,1,
7290005430602,false,סנו אוקסיג`ן מרסס מסיר כתמים 750 מ,החב. הדרומית לשיווק,,,'יח,7.50,"ל-100 מ""ל",false,12,17.90,2.39,true,1,
7290005559907,false,פיצה משפחתית 500 גרם קפוא,תנובה מרכז שיתופי לשיווק תוצרת,,,'יח,5,ל-100 גרם,false,10,19.90,3.98,false,1,
7290005559914,false,פיצה משפחתית עם זיתים 550 גרם קפוא,תנובה מרכז שיתופי לשיווק תוצרת,,,'יח,5.50,ל-100 גרם,false,8,19.90,3.62,false,1,
7290005559990,false,בצק עלים פילאס תורכי 600 גרם קפוא,תנובה מרכז שיתופי לשיווק תוצרת,,,'יח,6,ל-100 גרם,false,16,22.90,3.82,false,1,
7290005591761,false,דבש טהור מפרחי בר בקבוק לחיץ 400 גרם,שטראוס גרופ בע`מ,,,'יח,4,ל-100 גרם,false,12,23.90,5.98,false,1,
7290005678028,false,ענב טלי,ביכורי השדה הצפון בעמ` 1964,,,"ק""ג",1,,true,1,19.90,19.90,false,1,
7290005678325,false,ענב טלי,ביכורי השדה הצפון בעמ` 1964,,,"ק""ג",1,,true,1,19.90,19.90,false,1,
7290005838002,false,גבינה דניאלה וניל 100 גרם,שטראוס גרופ בע`מ,,,'יח,1.50,"ל-100 מ""ל",false,24,4.30,2.87,false,1,
7290005838613,false,גבינת סקי וניל %3 125 גרם,שטראוס גרופ בע`מ,,,'יח,1.25,ל-100 גרם,false,24,3.90,3.12,true,1,
7290005839078,false,מארז ביו %3 8יח *150גרם,שטראוס גרופ בע`מ,,,'יח,1.50,ל-100 גרם,false,3,16.90,11.27,false,1,
7290005839108,false,גבינת סימפוניה 5% עם זיתים 200גרם,שטראוס גרופ בע`מ,,,'יח,2,ל-100 גרם,false,12,11.90,5.95,false,1,
7290005839313,false,מילקי Top עם שוקולדה מגולגלת 140 גרם,שטראוס גרופ בע`מ,,,'יח,1.30,"ל-100 מ""ל",false,20,4.90,3.77,false,1,
7290005992018,false,משקה יוגורט עיזים 3%,מחלבות גד בעמ`,,,'יח,5,"ל-100 מ""ל",false,1,13.90,2.78,false,1,
7290006229427,false,סאן בנדטו מים מינרלים 6*500 מ``ל,טמפו משקאות בע`מ,,,'יח,30,"ל-100 מ""ל",false,4,13.90,0.40,true,1,
7290006241511,false,פריגת Freeze לימון נענע 340 גרם,החברה המרכזית להפצה,,,'יח,3.40,ל-100 גרם,false,1,13.90,4.09,true,1,
7290006251268,false,תה ירוק תפוח וקינמון 25 שקיקים,תה ויסוצקי בע`מ,,,'יח,0.3750,ל-100 גרם,false,1,22.90,61.07,true,1,
7290006251275,false,תה ירוק סיני קלאסי 25 שקיקים,תה ויסוצקי בע`מ,,,'יח,0.3750,ל-100 גרם,false,1,22.90,61.07,true,1,
7290006251282,false,תה הגן הקסום נפלאות הקרנברי 25/3 ש,תה ויסוצקי בע`מ,,,'יח,0.75,ל-100 גרם,false,1,19.90,26.53,true,1,
7290006251343,false,תה הגן הקסום פסיפלורה ומנגו 25/2.5,תה ויסוצקי בע`מ,,,'יח,0.6250,ל-100 גרם,false,1,19.90,31.84,true,1,
7290006271181,false,ג`חנון אפוי 5  יח `750גרם קפוא,תנובה מרכז שיתופי לשיווק תוצרת,,,'יח,7.50,ל-100 גרם,false,10,22.90,3.05,false,1,
7290006271655,false,מיני בורקס גבינה 800 גרם קפוא,תנובה מרכז שיתופי לשיווק תוצרת,,,'יח,8,ל-100 גרם,false,12,24.90,3.11,false,1,
7290006374738,false,קונפיטורת תות 340 גרם,שטראוס גרופ בע`מ,,,'יח,3.40,ל-100 גרם,false,6,14.90,4.38,true,1,
7290006492685,false,גבינת לאבנה עיזים 250 גרם,מחלבות גד בעמ`,,,'יח,2.50,ל-100 גרם,false,1,17.90,7.16,false,1,
7290006546371,false,במיה 600 גרם,ויטה פרי גליל (החדשה) בע`מ,,,'יח,6,ל-100 גרם,false,20,10.90,1.82,false,1,
7290006567048,false,פתיתי קוסקוס ישראלי 350 גרם,קבוצת אסם סחר,,,'יח,3.50,ל-100 גרם,false,1,7.30,2.09,false,1,
7290006618085,false,אסטוניש קצף לניקוי חדר אמבטיה 750 מל,יעקב יעקבי ובניו בע`מ,,,'יח,7.50,"ל-100 מ""ל",false,1,11.90,1.59,false,1,
7290006653819,false,קוסקוס אמיתי דק בשקית 350 גרם,קבוצת אסם סחר,,,'יח,3.50,ל-100 גרם,false,1,7.90,2.26,false,1,
7290006664051,false,דנונה Actimel יוגורט טבעי 14*100 מ`ל,שטראוס גרופ בע`מ,,,'יח,1,ל-100 גרם,false,1,29.90,29.90,false,1,
7290006664402,false,גבינת סקי לבנה 5% 750 גרם,שטראוס גרופ בע`מ,,,'יח,7.50,ל-100 גרם,false,6,14.90,1.99,false,1,
7290006664655,false,דנונה Actimel יוגורט טבעי 8*100 מ``ל,שטראוס גרופ בע`מ,,,'יח,8,"ל-100 מ""ל",false,6,21.90,2.74,false,1,
7290006664990,false,מארז ביו 1.7% 8*150 גרם,שטראוס גרופ בע`מ,,,'יח,1.50,ל-100 גרם,false,3,16.90,11.27,false,1,
7290006681553,false,קרמבו בטעם וניל 8*24 גרם,שטראוס גלידות,,,'יח,19.20,ל-100 גרם,false,1,16.90,0.88,false,1,
7290006681560,false,קרמבו בטעם מוקה 8*24 גרם,שטראוס גלידות,,,'יח,19.20,ל-100 גרם,false,1,16.90,0.88,false,1,
7290006708007,false,חזה הודו נקבה,עוף טוב ( שאן) בעמ,,,"ק""ג",1,,true,1,28.90,28.90,false,1,
7290006708014,false,שווארמה הודו ארוז טרי,עוף טוב ( שאן) בעמ,,,"ק""ג",1,,true,1,69.90,69.90,false,1,
7290006708038,false,שוקיים הודו טרי מצונן ארוז,עוף טוב ( שאן) בעמ,,,"ק""ג",0,"ק""ג",true,1,27.90,27.90,false,1,
7290006708052,false,כנף הודו טרי מצונן ארוז,עוף טוב ( שאן) בעמ,,,"ק""ג",0,"ק""ג",true,1,14.90,14.90,false,1,
7290006708069,false,גרון הודו טרי מצונן ארוז,עוף טוב ( שאן) בעמ,,,"ק""ג",0,"ק""ג",true,1,29.90,29.90,false,1,
7290006708076,false,הודו נתחים ארוז טרי,עוף טוב ( שאן) בעמ,,,"ק""ג",0,"ק""ג",true,1,24.90,24.90,false,1,
7290006739292,false,פסטרמה חזה תבור מעושן 330גר,נקניק זוגלובק נהריה,,,'יח,3.30,ל-100 גרם,false,1,26.90,8.15,true,1,
7290006739414,false,סלמי קוניאק 300 גרם,נקניק זוגלובק נהריה,,,'יח,3,ל-100 גרם,false,1,26.90,8.97,true,1,
7290006739421,false,סלמי מעושן איטלקי 300 גר`,נקניק זוגלובק נהריה,,,'יח,3,ל-100 גרם,false,1,26.90,8.97,true,1,
7290006742278,false,פסטרמה צלויה על גחלים 330 גרם,נקניק זוגלובק נהריה,,,'יח,3.30,ל-100 גרם,false,1,26.90,8.15,true,1,
7290006742292,false,פסטרמה בדבש 330 גרם,נקניק זוגלובק נהריה,,,'יח,3.30,ל-100 גרם,false,1,26.90,8.15,true,1,
7290006742315,false,חזה הודו ברביקיו 330 גרם,נקניק זוגלובק נהריה,,,'יח,3.30,ל-100 גרם,false,1,26.90,8.15,true,1,
7290006775023,false,עוגה אנגלית 450 גרם,אחדות ביתחרושת לטחינה חלבה,,,'יח,4.50,ל-100 גרם,false,1,9.90,2.20,true,1,
7290006775030,false,עוגת שוקולד צ`יפס 450 גרם,אחדות ביתחרושת לטחינה חלבה,,,'יח,4.50,ל-100 גרם,false,1,9.90,2.20,true,1,
7290006775085,false,עוגת שמרים עם שוקולד 400 גרם,אחדות ביתחרושת לטחינה חלבה,,,'יח,4,ל-100 גרם,false,1,11.90,2.98,false,1,
7290006775191,false,ממאפין ממולא בשוקולד 50 גר`,אחדות ביתחרושת לטחינה חלבה,,,'יח,0.50,ל-100 גרם,false,1,1.50,3,true,1,
7290006775306,false,מאפין ממולא ריבה בטעם תות 50 גר`,אחדות ביתחרושת לטחינה חלבה,,,'יח,0.50,ל-100 גרם,false,1,1.50,3,true,1,
7290006775344,false,עוגת שמרים קינמון ואגוזים 400 גרם,אחדות ביתחרושת לטחינה חלבה,,,'יח,4,ל-100 גרם,false,1,11.90,2.98,false,1,
7290006775801,false,רוגעלך שוקולד 400 גר`,אחדות ביתחרושת לטחינה חלבה,,,'יח,4,ל-100 גרם,false,1,9.90,2.48,false,1,
7290006775900,false,.עוגיות מרוקאיות 500 גר`,אחדות ביתחרושת לטחינה חלבה,,,'יח,5,ל-100 גרם,false,1,9.90,1.98,true,1,
7290006784032,false,כרית יפנית 6 יח,קומפלקס כימקלים בעמ`,,,'יח,1,'יח,false,1,6.90,6.90,true,1,
7290006785633,false,בלון 10   מטאלי/נקניק,שמחה זה אנחנו בע`מ,,,'יח,1,,false,1,7.90,7.90,false,1,
7290006908667,false,שזיף מגולען 200 גרם,בוטנת בעמ חברה לקלייה ואריזת פ,,,'יח,2,ל-100 גרם,false,1,10.90,5.45,false,1,
7290006983176,false,לחמית שיפון 230 גרם,קבוצת אסם סחר,,,'יח,2.30,ל-100 גרם,false,1,9.90,4.30,true,1,
7290006983787,false,עוגת שוקולד צ`יפס 400 גרם,קבוצת אסם סחר,,,'יח,4,ל-100 גרם,false,1,12.90,3.23,false,1,
7290006983794,false,עוגת תפוז 400 גרם,קבוצת אסם סחר,,,'יח,4,ל-100 גרם,false,1,12.90,3.23,false,1,
7290008023542,false,פנטסטיק שמפו לרצפות מרענן 4 ליטר,יוניליוור ישראל שיווק בע`מ,,,'יח,40,"ל-100 מ""ל",false,1,19.90,0.50,false,1,
7290008116541,false,שטיפת פה ליסטרין מנטה קריר 500 מ`ל,שקד תבל בע`מ,,,'יח,5,"ל-100 מ""ל",false,1,14.90,2.98,false,1,
7290008154222,false,שניצלונים 700 גרם קפוא,קבוצת אסם סחר,,,'יח,7,ל-100 גרם,false,1,16.90,2.41,true,1,
7290008175692,false,נודלס אטריות ביצים להקפצה 400 גרם,ג. וילי-פוד אינטרנשיונל בע`מ,,,'יח,4,ל-100 גרם,false,1,6.90,1.73,false,1,
7290008343558,false,סיגרים במילוי בשר פיקנטי 1 ק``ג קפוא,נטו מלינדה סחר בע`מ,,,'יח,10,ל-100 גרם,false,8,19.90,1.99,false,1,
7290008343572,false,אגרול סיני 1 ק``ג קפוא,נטו מלינדה סחר בע`מ,,,'יח,10,ל-100 גרם,false,8,19.90,1.99,false,1,
7290008343619,false,פסטלים במילוי תפו``א 1 ק``ג קפוא,נטו מלינדה סחר בע`מ,,,'יח,10,ל-100 גרם,false,8,19.90,1.99,false,1,
7290008343626,false,כדורי פלאפל 1 קג קפוא,נטו מלינדה סחר בע`מ,,,'יח,10,ל-100 גרם,false,8,19.90,1.99,false,1,
7290008345583,false,איקרא ביתית ורודה 300 גרם,נטו מלינדה סחר בע`מ,,,'יח,3,ל-100 גרם,false,6,19.90,6.63,false,1,
7290008409124,false,שניצל ג`ונגל בציפוי פריך 700 גרם קפוא,תנובה מרכז שיתופי לשיווק תוצרת,,,'יח,7,ל-100 גרם,false,10,34.90,4.99,false,1,
7290008409216,false,שניצל דק דק פריך 700 גרם קפוא,תנובה מרכז שיתופי לשיווק תוצרת,,,'יח,7,ל-100 גרם,false,10,41.90,5.99,false,1,
7290008409315,false,שניצלונים מיני מיני דק בציפוי פריך 500,תנובה מרכז שיתופי לשיווק תוצרת,,,'יח,5,ל-100 גרם,false,14,24.90,4.98,false,1,
7290008409551,false,שניצל עוף אמיתי בציפוי מעודן 700 גרם ק,תנובה מרכז שיתופי לשיווק תוצרת,,,'יח,7,ל-100 גרם,false,10,41.90,5.99,false,1,
7290008409773,false,קציצות עוף אמיתיות קפואות 700 גרם קפוא,תנובה מרכז שיתופי לשיווק תוצרת,,,'יח,7,ל-100 גרם,false,10,31.90,4.56,false,1,
7290008415576,false,חומוס 850 גרם,קבוצת אסם סחר,,,'יח,8.50,ל-100 גרם,false,1,12.90,1.52,false,1,
7290008461238,false,סרדינים בשמן חמניות ופלפל חריף 115 ג,א.סיימן סחר בעמ,,,'יח,1.15,ל-100 גרם,false,50,7.90,6.87,true,1,
7290008464505,false,סאן בנדטו מים מינרלים להחזרה 0.5 ל`,טמפו משקאות בע`מ,,,'יח,5,"ל-100 מ""ל",false,1,3.40,0.62,false,1,
7290008493413,false,פרורי גרסיני טבעי 200 גרם,דנאגיס בעמ,,,'יח,2,ל-100 גרם,false,16,6.90,3.45,true,1,
7290008644112,false,אחלה יום יום סלט מטבוחה יום יום 125 גרם,שטראוס גרופ בע`מ,,,'יח,1.25,ל-100 גרם,false,24,5.30,4.24,false,1,
7290008644945,false,סלט המושבה 450 גרם,ביכורי השדה הצפון בעמ` 1964,,,'יח,4.50,'יח,false,1,12.90,2.87,false,1,
7290008645935,false,אחלה חומוס לניגוב 750 גרם,שטראוס גרופ בע`מ,,,'יח,7.50,ל-100 גרם,false,6,10.90,1.45,true,1,
7290008693134,false,גבינה דניאלה תות %5 100 גרם,שטראוס גרופ בע`מ,,,'יח,1.50,"ל-100 מ""ל",false,24,4.30,2.87,false,1,
7290008745239,false,תפוצ`יפס Extra בטעם טבעי 55 גרם,שטראוס פריטו ליי בע`מ,,,'יח,0.55,ל-100 גרם,false,1,3.90,7.09,false,1,
7290008747547,false,תפוצ`יפס Extra בטעם טבעי 200 גרם,שטראוס פריטו ליי בע`מ,,,'יח,2,ל-100 גרם,false,1,10.90,5.45,true,1,
7290008753111,false,תפוצ`יפס בטעם מקסיקני Extra קראנצ`50,שטראוס פריטו ליי בע`מ,,,'יח,0.50,ל-100 גרם,false,1,3.90,7.80,false,1,
7290008757072,false,"פחית שוופס תות 330 מ""ל",יפאורה - שותפות מוגבלת לשיווק,,,'יח,3.30,"ל-100 מ""ל",false,1,2.90,0.79,false,1,
7290008757386,false,"פחית מיץ פז ענבים 330 מ""ל",יפאורה - שותפות מוגבלת לשיווק,,,'יח,3.30,"ל-100 מ""ל",false,1,2.90,0.79,false,1,
7290008775816,false,ערגליות שוקו 300 גרם,קבוצת אסם סחר,,,'יח,3,ל-100 גרם,false,1,9.90,3.30,true,1,
7290008775823,false,ערגליות תות 300 גרם,קבוצת אסם סחר,,,'יח,3,ל-100 גרם,false,1,9.90,3.30,true,1,
7290008801119,false,סוביניון בלאן סלקטד לבן יבש 750 מל,אגודת הכורמים,,,'יח,7.50,"ל-100 מ""ל",false,1,29.90,3.95,true,1,
7290008801843,false,קברנה סוביניון סלקטד אדום יבש 750 מל,אגודת הכורמים,,,'יח,7.50,"ל-100 מ""ל",false,1,29.90,3.95,true,1,
7290008801850,false,אמרלד ריזלינג לבן חצי יבש 750 מל,אגודת הכורמים,,,'יח,7.50,"ל-100 מ""ל",false,1,29.90,3.95,true,1,
7290008802512,false,יין אדום יבש 750 מל-וינו,אגודת הכורמים,,,'יח,7.50,"ל-100 מ""ל",false,1,21.90,2.88,true,1,
7290008802529,false,יין לבן יבש 750 מל -וינו,אגודת הכורמים,,,'יח,7.50,"ל-100 מ""ל",false,1,21.90,2.88,true,1,
7290008805384,false,יין מוסקטו לבן חצי יבש 750 מל,אגודת הכורמים,,,'יח,7.50,"ל-100 מ""ל",false,1,29.90,3.95,true,1,
7290008806985,false,פינוקי גלידה שוקו וניל מצופה 60יח630גר,שטראוס גלידות,,,'יח,6.30,ל-100 גרם,false,1,39.90,6.33,false,1,
7290008835466,false,שריר  מס `8קפוא חלק ארגנטינה,בלדי בע`מ,,,"ק""ג",1,,true,1,29.90,29.90,true,1,
7290008909853,false,"קוקה קולה Zero בקבוק 500 מ""ל",החברה המרכזית להפצת משקאות בע`,,,'יח,5,"ל-100 מ""ל",false,24,5.80,1.10,false,1,
7290008909884,false,"קולה זירו 350 מ""ל",החברה המרכזית להפצת משקאות בע`,,,'יח,3.50,"ל-100 מ""ל",false,24,5.20,1.40,false,1,
7290010007042,false,לחם שיפון קלאסיק 650 גרם,מאפיית קלאסיק,,,'יח,6.50,ל-100 גרם,false,1,13.90,2.14,false,1,
7290010007059,false,לחם אחיד כהה קלאסיק 650 גרם,מאפיית קלאסיק,,,'יח,6.50,ל-100 גרם,false,1,13.90,2.14,false,1,
7290010007066,false,לחם בורודינסקי קלאסיק 650 גרם,מאפיית קלאסיק,,,'יח,6.50,ל-100 גרם,false,1,13.90,2.14,false,1,
7290010007103,false,לחם ריז`סקי קלאסיק 650 גרם,מאפיית קלאסיק,,,'יח,6.50,ל-100 גרם,false,1,13.90,2.14,false,1,
7290010007127,false,לחם שיפון קל קלאסיק 650 גרם,מאפיית קלאסיק,,,'יח,6.50,ל-100 גרם,false,1,13.90,2.14,false,1,
7290010007202,false,לחם שיפון קל עם סובין קלאסיק 650 גרם,מאפיית קלאסיק,,,'יח,6.50,ל-100 גרם,false,1,13.90,2.14,false,1,
7290010007219,false,לחם דגנים קלאסיק 650 גרם,מאפיית קלאסיק,,,'יח,6.50,ל-100 גרם,false,1,13.90,2.14,false,1,
7290010116980,false,שוקולית אבקה להכנת משקה שוקו שקית 850,שטראוס גרופ בע`מ,,,'יח,8.50,ל-100 גרם,false,6,17.90,2.11,false,1,
7290010117864,false,חטיף דוריטוס חריף אש 70 גרם,שטראוס פריטו ליי בע`מ,,,'יח,0.70,ל-100 גרם,false,1,3.90,5.57,true,1,
7290010117970,false,סבבה בוטנים אמריקאים 50 גר`,שטראוס פריטו ליי בע`מ,,,'יח,0.50,ל-100 גרם,false,1,1.90,3.80,false,1,
7290010124503,false,שומן כבש קפוא ארוז 200גר,בלדי בע`מ,,,'יח,2,ל-100 גרם,false,30,11.90,5.95,false,1,
7290010154005,false,סחוג תימני 250 גרם,נטו מלינדה סחר בע`מ,,,'יח,2.50,ל-100 גרם,false,12,12.90,5.16,false,1,
7290010154012,false,לימון כבוש 250 גר`,נטו מלינדה סחר בע`מ,,,'יח,2.50,ל-100 גרם,false,12,12.90,5.16,false,1,
7290010154241,false,חזרת 250 גרם,נטו מלינדה סחר בע`מ,,,'יח,2.50,ל-100 גרם,false,1,13.90,5.56,false,1,
7290010154265,false,פלפל שומה 250 גרם,נטו מלינדה סחר בע`מ,,,'יח,2.50,ל-100 גרם,false,12,13.90,5.56,false,1,
7290010154425,false,סחוג ירוק 130 גרם,נטו מלינדה סחר בע`מ,,,'יח,1.30,ל-100 גרם,false,12,7.90,6.08,false,1,
7290010259823,false,מנת השף נודלס בטעם עוף 70 גרם,ג. וילי-פוד אינטרנשיונל בע`מ,,,'יח,7,ל-100 גרם,false,1,4.90,0.70,false,1,
7290010259830,false,מנת השף נודלס בסגנון סיני-פיקנטי 70ג,ג. וילי-פוד אינטרנשיונל בע`מ,,,'יח,7,ל-100 גרם,false,1,4.90,0.70,false,1,
7290010259991,false,צנימים 250 גרם,ג. וילי-פוד אינטרנשיונל בע`מ,,,'יח,2.50,ל-100 גרם,false,24,8.90,3.56,false,1,
7290010279227,false,זיקוק 15 ס`מ 6 יח`,שמחה זה אנחנו בע`מ,,,'יח,1,,false,1,19.90,19.90,false,1,
7290010328239,false,טחינה 500 גרם מתובלת,אחדות ביתחרושת לטחינה חלבה,,,'יח,5,ל-100 גרם,false,1,11.90,2.38,true,1,
7290010328246,false,טחינה משומשום מלא 500 גרם,אחדות ביתחרושת לטחינה חלבה,,,'יח,5,ל-100 גרם,false,1,10.90,2.18,true,1,
7290010328253,false,טחינה משומשום טבעי 500 גרם,אחדות ביתחרושת לטחינה חלבה,,,'יח,5,ל-100 גרם,false,1,10.90,2.18,true,1,
7290010471669,false,דנונה בר תות קורנפלקס 175מ`ל,שטראוס גרופ בע`מ,,,'יח,1.75,"ל-100 מ""ל",false,24,4.60,2.63,false,1,
7290010472390,false,דני מעדן שוקולד %1.5 8*125 גרם,שטראוס גרופ בע`מ,,,'יח,1.28,ל-100 גרם,false,3,15.90,12.42,false,1,
7290010627844,false,טחינה ירושליים 500 מלא,תה ויסוצקי בע`מ,,,'יח,5,ל-100 גרם,false,1,15.90,3.18,true,1,
7290010650033,false,בצלצלי שלוט מגשית 350 גר,ביכורי השדה הצפון בעמ` 1964,,,'יח,1,,false,1,12.90,12.90,false,1,
7290010650828,false,פטריות שי מג`י  לבן,ביכורי השדה הצפון בעמ` 1964,,,'יח,1,,false,1,11.90,11.90,false,1,
7290010690138,false,ברוקולי ארוז,ביכורי השדה הצפון בעמ` 1964,,,'יח,1,,false,1,5.90,5.90,false,1,
7290010766185,false,רוטב לפסטה עגבניות ובזיליקום,תה ויסוצקי בע`מ,,,'יח,4.20,ל-100 גרם,false,12,13.90,3.31,true,1,
7290010766949,false,ממרח תחתיות לארטישוק,תה ויסוצקי בע`מ,,,'יח,1.80,ל-100 גרם,false,12,13.90,7.72,true,1,
7290010814695,false,חופשי שוקולד מריר ללא סוכר 85 גרם,כרמית תעשיות ממתקים בעמ,,,'יח,0.85,,false,1,5.90,6.94,false,1,
7290010883356,false,סושי כפפות אלוורה L,החב. הדרומית לשיווק,,,'יח,1,,false,1,10.90,10.90,false,1,
7290010883363,false,סושי כפפות אלוורה S,החב. הדרומית לשיווק,,,'יח,1,,false,1,10.90,10.90,false,1,
7290010883370,false,סושי כפפות אלוורה M,החב. הדרומית לשיווק,,,'יח,1,,false,12,10.90,10.90,false,1,
7290010922017,false,אננס קפוא 250 גר` shake i,בלדי בע`מ,,,'יח,2.50,ל-100 גרם,false,1,11.90,4.76,false,1,
7290010922819,false,מלון קפוא 250 גר` shake it,בלדי בע`מ,,,'יח,2.50,ל-100 גרם,false,1,11.90,4.76,false,1,
7290010922857,false,מנגו קפוא 250 גר` shake it,בלדי בע`מ,,,'יח,2.50,ל-100 גרם,false,1,11.90,4.76,false,1,
7290010945146,false,קוטג` טרה 3% מועשר 250 גרם,החברה המרכזית להפצה,,,'יח,2.50,ל-100 גרם,false,1,5.60,2.24,false,1,
7290010945450,false,גבינה לבנה רכה מהדרין %3 250 גרם,החברה המרכזית להפצה,,,'יח,2.50,ל-100 גרם,false,1,5,2,false,1,
7290010945481,false,גבינה לבנה 5% 500 גרם,החברה המרכזית להפצה,,,'יח,5,ל-100 גרם,false,1,9.90,1.98,false,1,
7290011126452,false,הגן הקסום קמומיל ונענע 25שקיקים*1.5ג,תה ויסוצקי בע`מ,,,'יח,0.3750,ל-100 גרם,false,1,18.90,50.40,true,1,
7290011126957,false,תה ירוק ארל גריי 25שק`*1.5 גרם,תה ויסוצקי בע`מ,,,'יח,0.3750,ל-100 גרם,false,1,22.90,61.07,true,1,
7290011142513,false,לחם שיפון מיוחד 85% 750 גר`,מאפיית דואט בעמ`,,,'יח,7.50,ל-100 גרם,false,1,16.90,2.25,false,1,
7290011142612,false,לחם שיפון בורודינסקי 750 גר`,מאפיית דואט בעמ`,,,'יח,7.50,ל-100 גרם,false,1,16.90,2.25,false,1,
7290011142827,false,פיתה כוסמין,מאפיית דואט בעמ`,,,'יח,1,ל-100 גרם,false,1,16.90,16.90,false,1,
7290011142834,false,פיתה חיטה מלאה,מאפיית דואט בעמ`,,,'יח,1,ל-100 גרם,false,1,15.90,15.90,false,1,
7290011148447,false,חסה,ביכורי השדה הצפון בעמ` 1964,,,'יח,1,'יח,false,1,6.90,6.90,false,1,
7290011153885,false,נייר אכיל לעוגה ממותג,שמחה זה אנחנו בע`מ,,,'יח,0.16,ל-100 גרם,false,1,19.30,120.63,false,1,
7290011174903,false,שעועית ירוקה עדינה שלמה 600 גרם,ויטה פרי גליל (החדשה) בע`מ,,,'יח,6,ל-100 גרם,false,1,12.90,2.15,false,1,
7290011194215,false,גבינה דניאלה בננה 5% 100 גרם,שטראוס גרופ בע`מ,,,'יח,1.50,"ל-100 מ""ל",false,24,4.30,2.87,false,1,
7290011194246,false,קוטג`שטראוס 5% 250 גרם,שטראוס גרופ בע`מ,,,'יח,2.50,ל-100 גרם,false,12,5.90,2.36,false,1,
7290011223038,false,עלים לקרמשניט 300 גרם,דנאגיס בעמ,,,'יח,3,ל-100 גרם,false,1,17.90,5.97,false,1,
7290011435226,false,דבש טהור פרחי בר לחיץ 650גר,שטראוס גרופ בע`מ,,,'יח,6.50,ל-100 גרם,false,9,34.90,5.37,false,1,
7290011438142,false,יטבתה משקה קפה בקבוק 350 מל,שטראוס גרופ בע`מ,,,'יח,3.50,"ל-100 מ""ל",false,6,6.40,1.83,false,1,
7290011447014,false,דייסת סלט פירות 200 גרם,קבוצת אסם סחר,,,'יח,2,ל-100 גרם,false,1,13.90,6.95,false,1,
7290011489533,false,בייגלה שמניות מלח 300 גרם הדר,ח.כהן סוכנות מזון ומשקאות,,,'יח,3,ל-100 גרם,false,1,5.90,1.97,true,1,
7290011489540,false,בייגלה שמניות מלח עם שומשום 300 גרם הדר,ח.כהן סוכנות מזון ומשקאות,,,'יח,3,ל-100 גרם,false,1,5.90,1.97,true,1,
7290011489755,false,בייגלה טבעות מלח 300 גרם הדר,ח.כהן סוכנות מזון ומשקאות,,,'יח,3,ל-100 גרם,false,1,5.90,1.97,true,1,
7290011489762,false,בייגלה טבעות שומשום הדר 300 גרם,ח.כהן סוכנות מזון ומשקאות,,,'יח,3,ל-100 גרם,false,1,5.90,1.97,true,1,
7290011499112,false,גבינה בולגרית 16% 250 גרם,מחלבות גד בעמ`,,,'יח,2.50,ל-100 גרם,false,1,24.70,9.88,false,1,
7290011499419,false,גבינת ניו יורק לייט טבעי 5%,מחלבות גד בעמ`,,,'יח,2,ל-100 גרם,false,1,11.90,5.95,false,1,
7290011518561,false,דנונה Actimel בטעם תות שדה 14*100 מל,שטראוס גרופ בע`מ,,,'יח,1,ל-100 גרם,false,3,29.90,29.90,false,1,
7290011524548,false,גרגירי חומוס 800 גרם,ויטה פרי גליל (החדשה) בע`מ,,,'יח,8,ל-100 גרם,false,20,12.90,1.61,false,1,
7290011524555,false,שעועית לבנה מבושלת 800 גרם,ויטה פרי גליל (החדשה) בע`מ,,,'יח,8,ל-100 גרם,false,20,12.90,1.61,false,1,
7290011587598,false,אנשובי תומר פח,תומר ייבוא ושיווק מוצרי מזון [,,,'יח,0.45,ל-100 גרם,false,25,4.90,10.89,false,1,
7290011587758,false,נודלס 200  גר`דק,תומר ייבוא ושיווק מוצרי מזון [,,,'יח,2,ל-100 גרם,false,1,4.90,2.45,false,1,
7290011587765,false,נודלס 200  גר`עבה,תומר ייבוא ושיווק מוצרי מזון [,,,'יח,2,ל-100 גרם,false,1,4.90,2.45,false,1,
7290011587840,false,עגבניות מיובשות קצוצות 340 גר`,תומר ייבוא ושיווק מוצרי מזון [,,,'יח,1,,false,1,12.90,12.90,false,1,
7290011593087,false,שמן זית כתית מעולה 750 מ`ל,בני פאוזי שמשום,,,'יח,7.50,"ל-100 מ""ל",false,1,29.90,3.99,true,1,
7290011598402,false,מרכך כביסה סנו מקסימה מאסק 4 ל,החב. הדרומית לשיווק,,,'יח,40,"ל-100 מ""ל",false,6,22.90,0.57,false,1,
7290011765446,false,משחת שיניים אורביטול בוב ספוג 70 גרם,החב. הדרומית לשיווק,,,'יח,0.70,ל-100 גרם,false,24,9.90,14.14,false,1,
7290011800840,false,טחינה לבנה רפי 400 גר`בד`צ,קבוצת אסם סחר,,,'יח,4,ל-100 גרם,false,1,17.90,4.48,false,1,
7290011876388,false,קציצות עוף ובקר 600גר קפוא,תנובה מרכז שיתופי לשיווק תוצרת,,,'יח,6,ל-100 גרם,false,12,34.90,5.82,false,1,
7290011912642,false,שטיפת פה ליסטרין הגנה על השיניים והחני,שקד תבל בע`מ,,,'יח,5,"ל-100 מ""ל",false,1,14.90,2.98,false,1,
7290011996000,false,איטריות עגבניות 454 גר`אסיה,טחנת האבן קואופ בעמ,,,'יח,4.54,ל-100 גרם,false,1,9.90,2.18,false,1,
7290011996017,false,איטריות תרד 400 גר`אסיה,טחנת האבן קואופ בעמ,,,'יח,4.54,ל-100 גרם,false,1,9.90,2.18,false,1,
7290011996031,false,איטריות ביצים 454 גר`אסיה,טחנת האבן קואופ בעמ,,,'יח,4.54,ל-100 גרם,false,1,9.90,2.18,false,1,
7290011996123,false,אצות נורי גולד,טחנת האבן קואופ בעמ,,,'יח,10,"ל-100 מ""ל",false,1,10.90,1.09,false,1,
7290011996185,false,חומץ אורז אימו 300 מל,טחנת האבן קואופ בעמ,,,'יח,0.25,ל-100 גרם,false,1,8.90,35.60,false,1,
7290011996222,false,מי קוקוס 400מ`ל,טחנת האבן קואופ בעמ,,,'יח,4,ל-100 גרם,false,1,5.90,1.48,false,1,
7290011996499,false,מקלוני אורז דק 400גר אסיה,טחנת האבן קואופ בעמ,,,'יח,4,ל-100 גרם,false,1,8.90,2.23,false,1,
7290011996512,false,מקלוני אורז 3 ממ 454גר אסיה,טחנת האבן קואופ בעמ,,,'יח,4.54,ל-100 גרם,false,1,7.90,1.74,false,1,
7290011996819,false,מקלוני אורז שעועית 250גר אסיה,טחנת האבן קואופ בעמ,,,'יח,2.50,ל-100 גרם,false,1,6.90,2.76,false,1,
7290012019265,false,רסק תפו דיאט 4  יח`452 גרם,תומר ייבוא ושיווק מוצרי מזון [,,,'יח,4.52,ל-100 גרם,false,12,10.90,2.41,false,1,
7290012022203,false,פריכיות חיטה מלאה 60 גרם,דילייט 2005 בע`מ,,,'יח,0.60,ל-100 גרם,false,1,13.90,23.17,false,1,
7290012022227,false,פריכיות חיטה טבעי 60 גרם,דילייט 2005 בע`מ,,,'יח,0.60,ל-100 גרם,false,1,12.90,21.50,false,1,
7290012117350,false,ריצפז פרש לבנדר 2 ליטר,החב. הדרומית לשיווק,,,'יח,20,"ל-100 מ""ל",false,8,17.90,0.90,true,1,
7290012117732,false,מרכך כביסה סנו מקסימה קול 4 ליטר,החב. הדרומית לשיווק,,,'יח,40,"ל-100 מ""ל",false,6,22.90,0.57,false,1,
7290012226021,false,סלמי מעושן פראג 400גר,נקניק זוגלובק נהריה,,,'יח,4,ל-100 גרם,false,1,22.40,5.60,false,1,
7290012226922,false,קבנוס זוגלובק שום 135 גרם,נקניק זוגלובק נהריה,,,'יח,1.35,ל-100 גרם,false,1,10.90,8.07,false,1,
7290012226939,false,קבנוס זוגלובק צ`ילי 135 גרם,נקניק זוגלובק נהריה,,,'יח,1.35,ל-100 גרם,false,1,10.90,8.07,false,1,
7290012227172,false,פסטרמה כפרית חרמון 2יח*300גר,נקניק זוגלובק נהריה,,,'יח,8,ל-100 גרם,false,1,29.90,3.74,false,1,
7290012245176,false,וופל צ`יפס קריספי 700 גרם,קפוא זן תעשיות מזון בעמ,,,'יח,7,ל-100 גרם,false,1,14.90,2.13,false,1,
7290012245312,false,"צ`יפס אמריקאי גולד 1.5 ק""ג",קפוא זן תעשיות מזון בעמ,,,'יח,15,ל-100 גרם,false,1,19.90,1.33,false,1,
7290012245329,false,"צ`יפס קלאסי גולד 1.5 ק""ג",קפוא זן תעשיות מזון בעמ,,,'יח,15,ל-100 גרם,false,1,19.90,1.33,false,1,
7290012245336,false,"צ`יפס סטייק גולד 1.5 ק""ג",קפוא זן תעשיות מזון בעמ,,,'יח,15,ל-100 גרם,false,1,19.90,1.33,false,1,
7290012384011,false,בגט רוסטיק,אסול אוכל איכותי בעמ,,,'יח,1,,false,1,9,9,false,1,
7290012384059,false,לחם צימוקים ואגוזים,אסול אוכל איכותי בעמ,,,'יח,1,,false,1,17.90,17.90,true,1,
7290012384073,false,לחם בצל,אסול אוכל איכותי בעמ,,,'יח,1,,false,1,17.90,17.90,true,1,
7290012384103,false,לחם דגנים וקמח מלא,אסול אוכל איכותי בעמ,,,'יח,1,,false,1,17.90,17.90,true,1,
7290012384110,false,לחם זיתים,אסול אוכל איכותי בעמ,,,'יח,1,,false,1,17.90,17.90,true,1,
7290012384134,false,לחם כוסמין,אסול אוכל איכותי בעמ,,,'יח,1,,false,1,17.90,17.90,true,1,
7290012385483,false,לחם סלק,אסול אוכל איכותי בעמ,,,'יח,1,,false,1,17.90,17.90,true,1,
7290012413643,false,תה ירוק קמומיל,תה ויסוצקי בע`מ,,,'יח,0.3750,ל-100 גרם,false,1,22.90,61.07,true,1,
7290012522581,false,שניצל תירס ללא גלוטן 664 גרם טבעול קפו,קבוצת אסם סחר,,,'יח,6.64,ל-100 גרם,false,1,28.90,4.35,true,1,
7290012576607,false,פרימייר יין קברנה סוביניון אדום יבש 75,טמפו משקאות בע`מ,,,'יח,7.50,"ל-100 מ""ל",false,1,26.90,3.55,true,1,
7290012642586,false,ערמונים קלופים 100 גר`,תומר ייבוא ושיווק מוצרי מזון [,,,'יח,8,'יח,false,1,5.90,0.74,true,1,
7290012642869,false,פלפל חריף פעמון אדום,תומר ייבוא ושיווק מוצרי מזון [,,,'יח,5.60,ל-100 גרם,false,1,12.90,2.30,false,1,
7290012645020,false,יוגורט עיזים טבעי בבקבוק 500 מ`ל,שטראוס גרופ בע`מ,,,'יח,5,ל-100 גרם,false,1,12.90,2.58,true,1,
7290012645112,false,יוגורט עיזים בדלי 750 מ`ל,שטראוס גרופ בע`מ,,,'יח,7.50,ל-100 גרם,false,6,21.90,2.92,false,1,
7290012645129,false,יוגורט כבשים בדלי 750 מ`ל,שטראוס גרופ בע`מ,,,'יח,7.50,ל-100 גרם,false,6,19.90,2.65,false,1,
7290012645389,false,יוגורט עיזים טבעי בבקבוק 1 ליטר,שטראוס גרופ בע`מ,,,'יח,10,ל-100 גרם,false,6,22.90,2.29,false,1,
7290012697081,false,סוכרזית מהטבע סטיוויה 100שקיות,שטראוס גרופ בע`מ,,,'יח,1,,false,12,29.90,29.90,false,1,
7290012823541,false,סנו ריצפז פרש מטליות לחות לריצפה,החב. הדרומית לשיווק,,,'יח,1,,false,12,12.90,12.90,false,1,
7290012823602,false,סופט 32 גלילים פרש לבן,החב. הדרומית לשיווק,,,'יח,25.50,ל-100 גרם,false,1,34.90,1.37,false,1,
7290012864001,false,נבטי חמניה,ביכורי השדה הצפון בעמ` 1964,,,'יח,1,,false,1,8.90,8.90,false,1,
7290012864025,false,נבטי אלפלפא,ביכורי השדה הצפון בעמ` 1964,,,'יח,1,,false,1,6.90,6.90,false,1,
7290012864216,false,מיקס לחמין,ביכורי השדה הצפון בעמ` 1964,,,'יח,7,ל-100 גרם,false,1,11.90,1.70,false,1,
7290012884986,false,תפוגן בתנור עד 4% שומן 1.5 ק`ג,קבוצת אסם סחר,,,'יח,15,ל-100 גרם,false,1,24.90,1.66,false,1,
7290012911156,false,טריאקי שומשום 300 גר`אסיה,טחנת האבן קואופ בעמ,,,'יח,3,ל-100 גרם,false,1,12.90,4.30,false,1,
7290012911293,false,דפי אורז אסיה,טחנת האבן קואופ בעמ,,,'יח,5,ל-100 גרם,false,1,10.90,2.18,false,1,
7290012911439,false,ממרח קארי צהוב 400 גר`אסיה,טחנת האבן קואופ בעמ,,,'יח,1,,false,1,16.90,16.90,false,1,
7290012911644,false,סריראג`ה צ`ילי חריף לחיץ 435מ`ל,טחנת האבן קואופ בעמ,,,'יח,4.35,"ל-100 מ""ל",false,1,19.90,4.57,false,1,
7290012911675,false,פיטריות שיטאקי 100 גר`,טחנת האבן קואופ בעמ,,,'יח,1,,false,1,16.90,16.90,false,1,
7290012911941,false,רוטב צ`ילי ללא סוכר 700מ`ל,טחנת האבן קואופ בעמ,,,'יח,7,"ל-100 מ""ל",false,1,13.90,1.99,false,1,
7290012938580,false,משחת שיניים סנסודין 75 מ`ל הלבנה עדינה,גורי ע.ע.ע. בע`מ,,,'יח,0.75,"ל-100 מ""ל",false,1,21.90,29.20,true,1,
7290012938740,false,משחת שיניים סנסודין מנטה 75 מ`ל ירוק,גורי ע.ע.ע. בע`מ,,,'יח,0.75,"ל-100 מ""ל",false,1,21.90,29.20,true,1,
7290013117526,false,בצק שמרים למאפים מתוקים 900גר קפוא,תנובה מרכז שיתופי לשיווק תוצרת,,,'יח,6,ל-100 גרם,false,9,21.90,3.65,false,1,
7290013144393,false,תמצית וניל 50 גרם,א.ל. ייצור ושיווק תבלינים בע`מ,,,'יח,5,ל-100 גרם,false,1,4.90,0.98,false,1,
7290013144409,false,תמצית רום 50 גרם,א.ל. ייצור ושיווק תבלינים בע`מ,,,'יח,5,ל-100 גרם,false,1,4.90,0.98,false,1,
7290013144560,false,צבע מאכל אדום 50 גרם,א.ל. ייצור ושיווק תבלינים בע`מ,,,'יח,5,ל-100 גרם,false,1,3.90,0.78,false,1,
7290013145109,false,שקד מולבן טחון 100 גרם,א.ל. ייצור ושיווק תבלינים בע`מ,,,'יח,1,ל-100 גרם,false,1,12.90,12.90,true,1,
7290013145116,false,שקד מולבן מקלות 100 גרם,א.ל. ייצור ושיווק תבלינים בע`מ,,,'יח,1,ל-100 גרם,false,1,12.90,12.90,true,1,
7290013145178,false,קוקוס טחון לבן 100 גרם,א.ל. ייצור ושיווק תבלינים בע`מ,,,'יח,1,ל-100 גרם,false,1,3.90,3.90,false,1,
7290013145390,false,שוקולד ציפס 250 גרם,א.ל. ייצור ושיווק תבלינים בע`מ,,,'יח,2.50,ל-100 גרם,false,1,7.90,3.16,false,1,
7290013145406,false,שוקולד ציפס לבן 250 גרם,א.ל. ייצור ושיווק תבלינים בע`מ,,,'יח,2.50,ל-100 גרם,false,1,8.90,3.56,false,1,
7290013145840,false,סוכר וניל 10  יח`בצלופן,א.ל. ייצור ושיווק תבלינים בע`מ,,,'יח,1,ל-100 גרם,false,1,1.90,1.90,false,1,
7290013145857,false,אבקת אפיה 10  יח`בצלופן,א.ל. ייצור ושיווק תבלינים בע`מ,,,'יח,1,ל-100 גרם,false,1,1.90,1.90,false,1,
7290013145864,false,גילטין טהור אבקה 100 גרם בד`צ,א.ל. ייצור ושיווק תבלינים בע`מ,,,'יח,1,ל-100 גרם,false,1,9.90,9.90,false,1,
7290013145918,false,אבקת סוכר 100 גרם,א.ל. ייצור ושיווק תבלינים בע`מ,,,'יח,1,ל-100 גרם,false,1,1.90,1.90,false,1,
7290013145949,false,אבקת סוכר אריזת פטנט 250 גרם,א.ל. ייצור ושיווק תבלינים בע`מ,,,'יח,2.50,ל-100 גרם,false,1,14.90,5.96,true,1,
7290013145970,false,קורנפלור 200 גרם,א.ל. ייצור ושיווק תבלינים בע`מ,,,'יח,2,ל-100 גרם,false,1,3.90,1.95,false,1,
7290013215017,false,פטריות דואט,ביכורי השדה הצפון בעמ` 1964,,,'יח,1,,false,1,16.90,16.90,false,1,
7290013268891,false,סנו אוקסיג`ן ג`ל לכביסה 3 ל`,החב. הדרומית לשיווק,,,'יח,30,"ל-100 מ""ל",false,6,29.90,1,false,1,
7290013268907,false,ג`ל כביסה סנו מקסימה 3 ל` ביו,החב. הדרומית לשיווק,,,'יח,30,"ל-100 מ""ל",false,6,29.90,1,false,1,
7290013269287,false,ג`ל כביסה סנו מקסימה 3 ל` מאסק,החב. הדרומית לשיווק,,,'יח,30,"ל-100 מ""ל",false,6,29.90,1,false,1,
7290013358356,false,מנה פירורי לחם 320 גרם,ש. שסטוביץ בע`מ,,,'יח,3.20,ל-100 גרם,false,1,6.90,2.16,false,1,
7290013358363,false,מנה פירורי לחם   יפני`פנקו`300גר,ש. שסטוביץ בע`מ,,,'יח,3,ל-100 גרם,false,1,10.90,3.63,false,1,
7290013358417,false,מנה אסייאתי רוטב טריאקי 300 מ`ל,ש. שסטוביץ בע`מ,,,'יח,3,"ל-100 מ""ל",false,1,11.90,3.97,false,1,
7290013358493,false,מנה אסייאתי קרם קוקוס פחית 400 מ`ל,ש. שסטוביץ בע`מ,,,'יח,4,"ל-100 מ""ל",false,1,9.90,2.48,false,1,
7290013358530,false,מנה אסייאתי רוטב צ`ילי מתוק 700 מ`ל,ש. שסטוביץ בע`מ,,,'יח,7,"ל-100 מ""ל",false,1,13.90,1.99,false,1,
7290013358547,false,מנה אסייאתי רוטב צ`ילי חריף 700 מ`ל,ש. שסטוביץ בע`מ,,,'יח,7,"ל-100 מ""ל",false,1,13.90,1.99,false,1,
7290013389138,false,ניוקי שלושה צבעים 500 גר`,תומר ייבוא ושיווק מוצרי מזון [,,,'יח,5,ל-100 גרם,false,12,6.90,1.38,false,1,
7290013389374,false,קמח תירס פולנטה 500 גר`,תומר ייבוא ושיווק מוצרי מזון [,,,'יח,5,ל-100 גרם,false,10,6.90,1.38,false,1,
7290013389381,false,קמח תירס פולנטה 1 קג,תומר ייבוא ושיווק מוצרי מזון [,,,'יח,10,ל-100 גרם,false,10,9.90,0.99,false,1,
7290013389398,false,קמח תירס דק 1 קג,תומר ייבוא ושיווק מוצרי מזון [,,,'יח,10,ל-100 גרם,false,1,10.60,1.06,false,1,
7290013440648,false,קרחוני אבטיח חמישייה 5*108 גרם,נגה גלידות שותפות מוגבלת,,,'יח,1.08,ל-100 גרם,false,1,24.90,23.06,false,1,
7290013492005,false,תפודים למיקרו,ביכורי השדה הצפון בעמ` 1964,,,'יח,7,ל-100 גרם,false,1,5.90,0.84,true,1,
7290013531346,false,סירופ דיאט לימונענע 1 ל`,זנלכול יכין,,,'יח,1,,false,1,16.90,16.90,false,1,
7290013531759,false,שעועית אפויה ברוטב עגבניות 580ג,זנלכול יכין,,,'יח,5.80,ל-100 גרם,false,1,9.90,1.71,false,1,
7290013585233,false,ספרייט זירו פחית דקה 330 מל,החברה המרכזית להפצת משקאות בע`,,,'יח,3.30,"ל-100 מ""ל",false,24,4.20,1.18,true,1,
7290013585387,false,קוקה קולה 1  ל`ZERO פיקדון,החברה המרכזית להפצת משקאות בע`,,,'יח,10,"ל-100 מ""ל",false,12,6.80,0.65,false,1,
7290013608260,false,פרימור סחוט מיץ רימונים 1ל`,שטראוס גרופ בע`מ,,,'יח,10,"ל-100 מ""ל",false,6,22.20,2.19,false,1,
7290013702883,false,"שוופס מוגז פירות לימונדה ורודה 500 מ""ל",יפאורה - שותפות מוגבלת לשיווק,,,'יח,5,"ל-100 מ""ל",false,1,5.90,1.12,false,1,
7290013906052,false,נקניקיות פרגיות 300 גרם,תנובה מרכז שיתופי לשיווק תוצרת,,,'יח,3,ל-100 גרם,false,1,13.90,4.63,false,1,
7290013906212,false,נקניקיות וינר 1קג`,תנובה מרכז שיתופי לשיווק תוצרת,,,'יח,10,ל-100 גרם,false,1,29.90,2.99,true,1,
7290013906441,false,קבנוס 120 גרם,תנובה מרכז שיתופי לשיווק תוצרת,,,'יח,1.20,ל-100 גרם,false,1,11.70,9.75,true,1,
7290013906458,false,קבנוס טעם פיקנטי 120 גרם,תנובה מרכז שיתופי לשיווק תוצרת,,,'יח,1.20,ל-100 גרם,false,1,11.70,9.75,true,1,
7290013906687,false,צמד כפרית ברבקיו ודבש 2*300 גרם,תנובה מרכז שיתופי לשיווק תוצרת,,,'יח,6,ל-100 גרם,false,1,26.90,4.48,false,1,
7290013906694,false,"נקניקיות עוף טרי 1.5 ק""ג",תנובה מרכז שיתופי לשיווק תוצרת,,,'יח,15,ל-100 גרם,false,1,36.90,2.46,false,1,
7290013927019,false,דקליות קינמון במגש 400 גר`,אחדות ביתחרושת לטחינה חלבה,,,'יח,4,ל-100 גרם,false,1,9.90,2.48,true,1,
7290014002197,false,תה הגן הקסום קמומיל ולימונית 25 יח `,תה ויסוצקי בע`מ,,,'יח,0.75,ל-100 גרם,false,1,19.90,26.53,true,1,
7290014002203,false,תה הגן הקסום לימונית ולואיזה 25 יח `,תה ויסוצקי בע`מ,,,'יח,0.75,ל-100 גרם,false,1,19.90,26.53,true,1,
7290014002944,false,תה הגן הקסום חליטת פירות וצמחים חמדת ש,תה ויסוצקי בע`מ,,,'יח,0.50,ל-100 גרם,false,1,19.90,39.80,true,1,
7290014059085,false,סנסודיין לשיקום והגנה 75 מ`ל,גורי ע.ע.ע. בע`מ,,,'יח,0.75,"ל-100 מ""ל",false,1,25.90,34.53,true,1,
7290014083813,false,שפרוטים מעושנים בשמן 190גר,ג. וילי-פוד אינטרנשיונל בע`מ,,,'יח,1.90,ל-100 גרם,false,36,7.90,4.16,false,1,
7290014095960,false,שיבולת שועל עבה 500גר קוואקר,דין שיווק וקליה 2021 בעמ,,,'יח,5,ל-100 גרם,false,1,5.90,1.18,false,1,
7290014206892,false,פילה דג אנשובי בשמן חמניות 100 גרם,ח.כהן סוכנות מזון ומשקאות,,,'יח,1,ל-100 גרם,false,1,11.90,11.90,true,1,
7290014206908,false,"אננס  שלם""שווה""",ח.כהן סוכנות מזון ומשקאות,,,'יח,4,ל-100 גרם,false,1,7.90,1.98,false,1,
7290014218321,false,בורקס יפו גבינה 4*150גר,תנובה מרכז שיתופי לשיווק תוצרת,,,'יח,6,ל-100 גרם,false,12,18.90,3.15,false,1,
7290014397781,false,רצפז פ.הום סבון 2 ל`,החב. הדרומית לשיווק,,,'יח,2,לליטר,false,8,21.90,10.95,false,1,
7290014455320,false,כדור מוצרלה פרסקה,מחלבות גד בעמ`,,,'יח,2,ל-100 גרם,false,1,8.90,4.45,false,1,
7290014471412,false,תערובת מיזלי עם אגוזים ושקדים 1 קג,דין שיווק וקליה 2021 בעמ,,,'יח,10,ל-100 גרם,false,1,21.90,2.19,false,1,
7290014525290,false,מרבה סלים דליס קריספי תות 125 גרם,ש. שסטוביץ בע`מ,,,'יח,1.25,ל-100 גרם,false,1,11.90,9.52,true,1,
7290014525306,false,מרבה סלים דליס קריספי אוכמניות 125 גרם,ש. שסטוביץ בע`מ,,,'יח,1.25,ל-100 גרם,false,1,11.90,9.52,true,1,
7290014534650,false,לה פסטה 55 צינור 400 גר`,תומר ייבוא ושיווק מוצרי מזון [,,,'יח,4,ל-100 גרם,false,1,3.90,0.98,true,1,
7290014534667,false,לה פסטה 53 קונכיה 400 גר`,תומר ייבוא ושיווק מוצרי מזון [,,,'יח,4,ל-100 גרם,false,1,3.90,0.98,true,1,
7290014534674,false,לה פסטה 81 פרפר 400 גר`,תומר ייבוא ושיווק מוצרי מזון [,,,'יח,4,ל-100 גרם,false,1,3.90,0.98,true,1,
7290014534681,false,לה פסטה 64 בורג 400 גר`,תומר ייבוא ושיווק מוצרי מזון [,,,'יח,4,ל-100 גרם,false,1,3.90,0.98,true,1,
7290014534698,false,לה פסטה 65 תלתל 400 גר`,תומר ייבוא ושיווק מוצרי מזון [,,,'יח,4,ל-100 גרם,false,1,3.90,0.98,true,1,
7290014534704,false,לה פסטה 25 אטריות מרק 400 גרם,תומר ייבוא ושיווק מוצרי מזון [,,,'יח,4,ל-100 גרם,false,1,3.90,0.98,true,1,
7290014692299,false,גבינת ברי 125  גר`CASTELLO,ג. וילי-פוד אינטרנשיונל בע`מ,,,'יח,1.25,ל-100 גרם,false,1,14.90,11.92,false,1,
7290014692305,false,גבינת קממבר 125  גר`CASTELLO,ג. וילי-פוד אינטרנשיונל בע`מ,,,'יח,1.25,ל-100 גרם,false,1,19.90,15.92,false,1,
7290014692541,false,צהובה מגורדת גולדן 500 גרם,ג. וילי-פוד אינטרנשיונל בע`מ,,,'יח,5,ל-100 גרם,false,1,19.90,3.98,false,1,
7290014692817,false,מוצרלה SAY CHEESE מגורדת 200גר בית יוס,ג. וילי-פוד אינטרנשיונל בע`מ,,,'יח,2,ל-100 גרם,false,1,11.90,5.95,false,1,
7290014758100,false,מאגדת 8 יוגורט ביו תנובה 3% 150 גר`,תנובה חלב,,,'יח,10,ל-100 גרם,false,1,16.50,1.65,false,1,
7290014758117,false,מאגדת 8 יוגורט ביו תנובה 1.5% 150 גר`,תנובה חלב,,,'יח,10,ל-100 גרם,false,1,16.90,1.69,false,1,
7290014759084,false,נפוליאון (16% סקיני),תנובה חלב,,,'יח,2.25,ל-100 גרם,false,1,13.90,6.18,false,1,
7290014759534,false,בולגרית למריחה טבעי 200 גר`,תנובה חלב,,,'יח,2,ל-100 גרם,false,1,13.90,6.95,false,1,
7290014760448,false,גבינת גלבוע 400 גר`,תנובה חלב,,,'יח,4,ל-100 גרם,false,1,23.90,5.98,false,1,
7290014760912,false,גוש חלב 400  גר`כשרות מהדרין,תנובה חלב,,,'יח,4,ל-100 גרם,false,1,25.90,6.48,false,1,
7290014762831,false,גבינת שמנת נפוליאון עם חלפיניו 225 גרם,תנובה חלב,,,'יח,2.25,ל-100 גרם,false,1,13.90,6.18,false,1,
7290014762909,false,פתיתי מוצרלה 220 גר`,תנובה חלב,,,'יח,2.20,ל-100 גרם,false,1,16.90,7.68,false,1,
7290014785076,false,קרם קוקוס ללא חומר משמר 430גר,טחנת האבן קואופ בעמ,,,'יח,4.30,ל-100 גרם,false,1,7.90,1.84,false,1,
7290014791091,false,"שוופס מוגז פירות לימונייד 500 מ""ל",יפאורה - שותפות מוגבלת לשיווק,,,'יח,5,"ל-100 מ""ל",false,1,5.90,1.12,false,1,
7290014791725,false,"שוופס מוגז פירות תפוחים 500 מ""ל",יפאורה - שותפות מוגבלת לשיווק,,,'יח,5,"ל-100 מ""ל",false,1,5.90,1.12,false,1,
7290015039642,false,גבינה פרמזן מגורדת 90גר,ג. וילי-פוד אינטרנשיונל בע`מ,,,'יח,0.90,ל-100 גרם,false,1,20.40,22.67,false,1,
7290015139250,false,חופשי שוקולד מריר עם פצפוצי אורז ללא ס,כרמית תעשיות ממתקים בעמ,,,'יח,85,ל-100 גרם,false,1,5.90,0.07,false,1,
7290015150118,false,עגבניות גרנד איטליה חתוכות דק 400 גר`,תה ויסוצקי בע`מ,,,'יח,4,ל-100 גרם,false,1,16.90,4.23,true,1,
7290015150361,false,תה ירוק נענע סטיביה 25 שקיקים,תה ויסוצקי בע`מ,,,'יח,0.3750,ל-100 גרם,false,1,22.90,61.07,true,1,
7290015155274,false,פרמיו כריות ביוטי לחתול 60ג,שחורי אריה ואנסטסיה,,,'יח,0.60,ל-100 גרם,false,1,14.90,24.83,false,1,
7290015282581,false,חומוס אבו גוש עם חריף 200 גר`,סלטי שמיר,,,'יח,2,ל-100 גרם,false,1,10.90,5.45,true,1,
7290015282598,false,חומוס מסעדות 200 גר`,סלטי שמיר,,,'יח,2,ל-100 גרם,false,1,10.90,5.45,true,1,
7290015282604,false,טחינה מיוחדת 200 גר`,סלטי שמיר,,,'יח,2,ל-100 גרם,false,1,10.90,5.45,true,1,
7290015282635,false,חומוס מסבחה 200 גר`,סלטי שמיר,,,'יח,2,ל-100 גרם,false,1,10.90,5.45,true,1,
7290015282642,false,חומוס אבו גוש 200 גר`,סלטי שמיר,,,'יח,2,ל-100 גרם,false,1,10.90,5.45,true,1,
7290015282673,false,חציל במיונז ביתי 200 גר`,סלטי שמיר,,,'יח,2,ל-100 גרם,false,1,10.90,5.45,true,1,
7290015282697,false,כרוב אדום גורמה 200 גר`,סלטי שמיר,,,'יח,2,ל-100 גרם,false,1,10.90,5.45,true,1,
7290015320009,false,שוקולד מריר שלישייה 3*100 גרם,דין שיווק וקליה 2021 בעמ,,,'יח,1,,false,1,10.90,10.90,false,1,
7290015320054,false,עוגיות בטעם חמאה 340 גרם,יעד ממתקים בעמ,,,'יח,3.34,ל-100 גרם,false,1,11.90,3.56,false,1,
7290015320481,false,שוקולד מריר 60% קקאו 100 גרם,יעד ממתקים בעמ,,,'יח,1,ל-100 גרם,false,1,4.90,4.90,true,1,
7290015324670,false,מטחנת פלפל שחור שלם 50 גרם,תבליני טעם וריח,,,'יח,5,ל-100 גרם,false,1,10.90,2.18,false,1,
7290015366663,false,משחת שיניים אקווה פרש מנטה עדין 100 מ`,גורי ע.ע.ע. בע`מ,,,'יח,1,"ל-100 מ""ל",false,1,7.90,7.90,false,1,
7290015366670,false,"משחת שיניים אקווה פרש מנטה 100 מ""ל",גורי ע.ע.ע. בע`מ,,,'יח,1,"ל-100 מ""ל",false,1,6.90,6.90,false,1,
7290015652254,false,גרעיני חמניה קלויים 400 גרם,דין שיווק וקליה 2021 בעמ,,,'יח,4,ל-100 גרם,false,1,10,2.50,true,1,
7290015652285,false,אגוזים קלופים 250 גרם,דין שיווק וקליה 2021 בעמ,,,'יח,2.50,ל-100 גרם,false,1,20,8,false,1,
7290015652292,false,קבוקים עם שומשום 400 גרם,דין שיווק וקליה 2021 בעמ,,,'יח,4,ל-100 גרם,false,1,10,2.50,false,1,
7290015652308,false,מנצ`ס 300 גרם,דין שיווק וקליה 2021 בעמ,,,'יח,3,ל-100 גרם,false,1,10,3.33,false,1,
7290015652315,false,חמוציות מסוכרות 300 גרם,דין שיווק וקליה 2021 בעמ,,,'יח,3,ל-100 גרם,false,1,10,3.33,false,1,
7290015652322,false,בוטנים אמריקאים מצופים 400 גרם,דין שיווק וקליה 2021 בעמ,,,'יח,4,ל-100 גרם,false,1,10,2.50,false,1,
7290015652407,false,פיסטוק קלוי 250 גר`,דין שיווק וקליה 2021 בעמ,,,'יח,3,ל-100 גרם,false,1,20,6.67,false,1,
7290015804400,false,עגבניות מרוסקות 260 גר`,ויטה פרי גליל (החדשה) בע`מ,,,'יח,2.60,ל-100 גרם,false,1,3.90,1.50,true,1,
7290015856539,false,ביסקוויט גן חיות הדר 180 גרם,ח.כהן סוכנות מזון ומשקאות,,,'יח,1.80,ל-100 גרם,false,1,3.90,2.17,true,1,
7290015858687,false,איולי שום עללחם 295 גרם,שטראוס גרופ בע`מ,,,'יח,2.95,ל-100 גרם,false,1,14.90,5.05,false,1,
7290016006148,false,"שוופס מוגז פירות ענבים 500 מ""ל",יפאורה - שותפות מוגבלת לשיווק,,,'יח,5,"ל-100 מ""ל",false,1,5.90,1.12,false,1,
7290016035025,false,פשתן-לחם פרוס מזרעי פשתן טחונים 450גר,מאפיית י.את א. ברמן בעמ,,,'יח,4.50,ל-100 גרם,false,1,24.90,5.53,false,1,
7290016114300,false,לילי גליל כפול 16 גלילים,חוגלה קימברלי שיווק בע`מ,,,'יח,19.69,ל-100 גרם,false,1,38.90,1.98,false,1,
7290016144062,false,"קמח שיפון מלא נפלאות 1 ק""ג",תה ויסוצקי בע`מ,,,'יח,10,ל-100 גרם,false,1,8.90,0.89,false,1,
7290016144093,false,"קמח לחם נפלאות 1 ק""ג",תה ויסוצקי בע`מ,,,'יח,10,ל-100 גרם,false,1,8.90,0.89,false,1,
7290016144109,false,"קמח פיצה נפלאות 1 ק""ג",תה ויסוצקי בע`מ,,,'יח,10,ל-100 גרם,false,1,14.90,1.49,false,1,
7290016144116,false,"קמח תופח נפלאות 1 ק""ג",תה ויסוצקי בע`מ,,,'יח,10,ל-100 גרם,false,1,8.90,0.89,false,1,
7290016245929,false,לחם טחינה 450 גרם,מאפיית י.את א. ברמן בעמ,,,'יח,4.50,ל-100 גרם,false,1,26.90,5.98,false,1,
7290016245974,false,מארז לחמניות כוסמין,מאפיית י.את א. ברמן בעמ,,,'יח,1,ל-100 גרם,false,1,17.90,17.90,false,1,
7290016440652,false,מעדני עופר תערובת פרוסות ירקות חמוצים,קפוא זן תעשיות מזון בעמ,,,'יח,2,ל-100 גרם,false,1,19.90,9.95,false,1,
7290016486735,false,רגל עגל,ג.ת שווק בן בקר בע`מ,,,"ק""ג",1,,true,1,39.90,39.90,false,1,
7290016584011,false,חטיפוני גזר 350 גרם,ביכורי השדה הצפון בעמ` 1964,,,'יח,1,,false,1,8.90,8.90,false,1,
7290017065786,false,צ`דר 35% 200 גרם,מחלבות גד בעמ`,,,'יח,2,ל-100 גרם,false,1,24.90,12.45,false,1,
7290017252681,false,"סוכר לבן 1 ק""ג",בני פאוזי שמשום,,,'יח,1,"ק""ג",false,1,4.90,4.90,false,1,
7290017275482,false,סירופ לשתיה בטעם ענבים 900 מל,אחדות ביתחרושת לטחינה חלבה,,,'יח,40,"ל-100 מ""ל",false,1,16.90,0.42,false,1,
7290017275499,false,סירופ לשתיה בטעם אננס 900 מל,אחדות ביתחרושת לטחינה חלבה,,,'יח,40,"ל-100 מ""ל",false,1,16.90,0.42,false,1,
7290017275505,false,סירופ לשתיה בטעם פטל 900 מל,אחדות ביתחרושת לטחינה חלבה,,,'יח,40,"ל-100 מ""ל",false,1,16.90,0.42,false,1,
7290017275741,false,חלבה עם אגוזי לוז 400 גרם,אחדות ביתחרושת לטחינה חלבה,,,'יח,4,ל-100 גרם,false,1,12.90,3.23,false,1,
7290017297323,false,רסק עגבניות 22BX 100 גרם,ויטה פרי גליל (החדשה) בע`מ,,,'יח,1,ל-100 גרם,false,1,1.90,1.90,true,1,
7290017297330,false,רסק עגבניות BX22 240 גרם,ויטה פרי גליל (החדשה) בע`מ,,,'יח,2.60,ל-100 גרם,false,1,3.90,1.50,false,1,
7290017297644,false,ברוקלי 800 גר`,ויטה פרי גליל (החדשה) בע`מ,,,'יח,8,ל-100 גרם,false,12,14.90,1.86,false,1,
7290017470252,false,כוסות קרטון שתיה חמה B-8 שווה,ח.כהן סוכנות מזון ומשקאות,,,'יח,1,,false,1,8.90,8.90,true,1,
7290017593074,false,תירס ארוז,ביכורי השדה הצפון בעמ` 1964,,,"ק""ג",3.50,ל-100 גרם,true,1,11.90,3.40,false,1,
7290017599281,false,סוכרזית סטיוויה פלוס 100 שק,שטראוס גרופ בע`מ,,,'יח,4,ל-100 גרם,false,1,34.90,8.73,false,1,
7290017599359,false,סוכרזית קלאסי כפית לכפית 400 גרם,שטראוס גרופ בע`מ,,,'יח,4,ל-100 גרם,false,1,29.90,7.48,false,1,
7290017659756,false,מגב יותם רוחמה,ד.ג.ש ייבוא ושיווק בעמ,,,'יח,0,'יח,false,1,9.90,9.90,false,1,
7290017841885,false,"דלי מגבונים 400 יח ""שווה""",ח.כהן סוכנות מזון ומשקאות,,,'יח,1,'יח,false,1,19.90,19.90,true,1,
7290017842127,false,"ניירות סנדוויץ ""שווה"" 100 יח",ח.כהן סוכנות מזון ומשקאות,,,'יח,1,'יח,false,1,9.90,9.90,true,1,
7290017842318,false,"מטליות מיקרופייבר לרצפה 2 יח  ""שווה""",ח.כהן סוכנות מזון ומשקאות,,,'יח,1,'יח,false,1,15.90,15.90,true,1,
7290017842615,false,צלחת קטנה אריזת ענק 50 יח` מתכלה שווה,ח.כהן סוכנות מזון ומשקאות,,,'יח,1,,false,1,14.90,14.90,true,1,
7290017842622,false,צלחת גדולה אריזת ענק 50  יח`מתכלה שווה,ח.כהן סוכנות מזון ומשקאות,,,'יח,1,,false,1,19.90,19.90,false,1,
7290017918143,false,לבבות קיסר,ביכורי השדה הצפון בעמ` 1964,,,'יח,1,,false,1,8.90,8.90,false,1,
7290017928524,false,מאיר בייגל שטוחלה ניגובים מלח 330 גר`,דנאגיס בעמ,,,'יח,3.30,ל-100 גרם,false,1,11.90,3.61,true,1,
7290017974002,false,רביולי 4 גבינות 450 גרם,נטו מלינדה סחר בע`מ,,,'יח,4.50,ל-100 גרם,false,1,19.90,4.42,true,1,
7290018091081,false,מאפה פילו תרד וגבינות 320 גרם,תנובה מרכז שיתופי לשיווק תוצרת,,,'יח,3.20,ל-100 גרם,false,1,19.90,6.22,false,1,
7290018194065,false,"אורז בסמטי 1 ק""ג PRIMO",בני פאוזי שמשום,,,'יח,10,ל-100 גרם,false,1,8.90,0.89,true,1,
7290018194256,false,"ערק ג`בלנא בטעם לימון 700 מ""ל",בני פאוזי שמשום,,,'יח,7,"ל-100 מ""ל",false,1,49.90,7.09,true,1,
7290018339077,false,פסטה טרטוליני עוף ריקו 300 גר,תנובה מרכז שיתופי לשיווק תוצרת,,,'יח,3,ל-100 גרם,false,1,31.90,10.63,false,1,
7290018359938,false,רוטב עגבניות לשקשוקה יכין 400 גר`,זנלכול יכין,,,'יח,4,ל-100 גרם,false,1,11.90,2.98,false,1,
7290018359969,false,רוטב עגבניות לפיצה יכין 400 גר`,זנלכול יכין,,,'יח,4,ל-100 גרם,false,1,11.90,2.98,false,1,
7290018380734,false,דפי בצק פילו משולשים 360 גרם,תומר ייבוא ושיווק מוצרי מזון [,,,'יח,3.60,ל-100 גרם,false,1,14.90,4.14,true,1,
7290018440247,false,תה צאי שקדים 25 שקיקים 50 גרם,תה ויסוצקי בע`מ,,,'יח,0.50,ל-100 גרם,false,1,19.90,39.80,true,1,
7290018440254,false,תה צאי קרמל מלוח 25 שקיקים 50 גרם,תה ויסוצקי בע`מ,,,'יח,0.50,ל-100 גרם,false,1,19.90,39.80,true,1,
7290018440438,false,טונה EASY ELIP בשמן זית 3*65 גרם,תה ויסוצקי בע`מ,,,'יח,1.90,ל-100 גרם,false,1,26.90,14.16,false,1,
7290018440490,false,סלט טונה עם קוסקוס 150 גרם,תה ויסוצקי בע`מ,,,'יח,1.50,ל-100 גרם,false,1,13.90,9.27,true,1,
7290018440513,false,סלט קליפורניה עם טונה 150 גרם,תה ויסוצקי בע`מ,,,'יח,1.50,ל-100 גרם,false,1,13.90,9.27,true,1,
7290018468418,false,פסטרמה צמחונית בטעם מפולפל 120 גרם,תנובה מרכז שיתופי לשיווק תוצרת,,,'יח,1.20,ל-100 גרם,false,1,17.90,14.92,false,1,
7290018471906,false,שוופס מוגז לימונדה ורודה 1.5 ל`,יפאורה - שותפות מוגבלת לשיווק,,,'יח,15,"ל-100 מ""ל",false,1,8.90,0.57,true,1,
7290018471913,false,שוופס מוגז פירות  תפוח  1.5 ל` פיקדון,יפאורה - שותפות מוגבלת לשיווק,,,'יח,15,"ל-100 מ""ל",false,1,8.90,0.57,true,1,
7290018471920,false,שוופס  מוגז פירות ענבים 1.5 ל`,יפאורה - שותפות מוגבלת לשיווק,,,'יח,15,"ל-100 מ""ל",false,1,8.90,0.57,true,1,
7290018471937,false,שוופס מוגז פירות תות ליים 1.5 ל` פיקדו,יפאורה - שותפות מוגבלת לשיווק,,,'יח,15,"ל-100 מ""ל",false,1,8.90,0.57,true,1,
7290018471944,false,שוופס מוגז לימונייד 1.5 ל` פיקדון,יפאורה - שותפות מוגבלת לשיווק,,,'יח,15,"ל-100 מ""ל",false,1,8.90,0.57,true,1,
7290018516089,false,פרמיו דליקט טונה דג קוד 56 ג,שחורי אריה ואנסטסיה,,,'יח,0.56,ל-100 גרם,false,1,9.90,17.68,false,1,
7290018516577,false,פרמיו דליקט עוף לחתלתול 56 גר,שחורי אריה ואנסטסיה,,,'יח,0.56,ל-100 גרם,false,1,9.90,17.68,false,1,
7290018652770,false,טילון אקסטרים מטבע בייגלה מלוח 115 גר`,נגה גלידות שותפות מוגבלת,,,'יח,1.15,ל-100 גרם,false,1,9.90,8.61,true,1,
7290018652909,false,מאגדת אספרסו שוקולדחמישיה  *5 43 גרם,נגה גלידות שותפות מוגבלת,,,'יח,0.43,ל-100 גרם,false,1,29.90,69.53,false,1,
7290018652923,false,מאגדת תות עוגת גבינה חמישיה  *5 43 גרם,נגה גלידות שותפות מוגבלת,,,'יח,0.43,ל-100 גרם,false,1,29.90,69.53,false,1,
7290018792841,false,אבקת קקאו טבעי 150 גרם,תה ויסוצקי בע`מ,,,'יח,1.50,ל-100 גרם,false,1,10.90,7.27,true,1,
7290018893258,false,צ`וקוטה עוגות אישיות בטעם קרמל 300 גרם,ש. שסטוביץ בע`מ,,,'יח,3,ל-100 גרם,false,1,12.90,4.30,false,1,
7290018893289,false,צ`וקוטה עוגות אישיות קקאו מגולגלות,ש. שסטוביץ בע`מ,,,'יח,1,ל-100 גרם,false,1,8.90,8.90,true,1,
7290018893418,false,צ`וקטה מארז שישייה שוקולד מריר 60%,ש. שסטוביץ בע`מ,,,'יח,1,,false,4,19.90,19.90,false,1,
7290018893807,false,שוקולד מריר 60% 300 גרם צוקטה,ש. שסטוביץ בע`מ,,,'יח,1,'יח,false,1,14.90,14.90,true,1,
7290018893814,false,מארז שוקולד *5 מריר צ`וקטה 48%,ש. שסטוביץ בע`מ,,,'יח,1,,false,4,19.90,19.90,true,1,
7290018893876,false,צ`וקוטה עוגות אישיות וניל מארז 8יח,ש. שסטוביץ בע`מ,,,'יח,1,ל-100 גרם,false,16,14.90,14.90,true,1,
7290018893920,false,לוקיטוס סוכריות ג`לי בטעמי פירות 700גר,ש. שסטוביץ בע`מ,,,'יח,7,ל-100 גרם,false,1,18.90,2.70,false,1,
7290018894002,false,וופל קוביות קקאו בלקוני 250 גרם,ש. שסטוביץ בע`מ,,,'יח,2.50,ל-100 גרם,false,1,11.90,4.76,true,1,
7290018894019,false,עוגות אישיות מיקסמקס חלב 350 גרם,ש. שסטוביץ בע`מ,,,'יח,3.50,ל-100 גרם,false,1,14.90,4.26,true,1,
7290018894217,false,עוגות אישיות מיקסמקס קקאו 350 גרם,ש. שסטוביץ בע`מ,,,'יח,3.50,ל-100 גרם,false,1,14.90,4.26,true,1,
7290018925065,false,פרימור סחוט תפוזים 2 ליטר,שטראוס גרופ בע`מ,,,'יח,20,"ל-100 מ""ל",false,4,26.80,1.33,false,1,
7290018989005,false,פולפה עגבניות טבעית שלישיה 3 * 400 גרם,זנלכול יכין,,,'יח,12,ל-100 גרם,false,1,15.90,1.33,true,1,
7290019026228,false,בלנדר שייקר כחול PRIMUM BL399B,ד.ש.ש אלקטרוניקה בעמ`,,,'יח,1,,false,1,139,139,false,1,
7290019026235,false,קוצץ מזון 4 סכינים FP-126,ד.ש.ש אלקטרוניקה בעמ`,,,'יח,1,,false,1,149,149,false,1,
7290019026242,false,בלנדר שייקר PRIMUM BL399B-2,ד.ש.ש אלקטרוניקה בעמ`,,,'יח,1,,false,1,129,129,false,1,
7290019026259,false,בלנדר שייקר קרם PRIMUM BL399,ד.ש.ש אלקטרוניקה בעמ`,,,'יח,1,,false,1,149,149,false,1,
7290019026358,false,מייבש שיער מקצועי PRO4000,ד.ש.ש אלקטרוניקה בעמ`,,,'יח,1,,false,1,179,179,false,1,
7290019026365,false,מייבש שיער מקצועי PRO4400,ד.ש.ש אלקטרוניקה בעמ`,,,'יח,1,,false,1,199,199,false,1,
7290019026372,false,מייבש שיער מקצועי PRO3900,ד.ש.ש אלקטרוניקה בעמ`,,,'יח,1,,false,1,99,99,false,1,
7290019026389,false,מייבש שיער מקצועי מתקפל PRO3000,ד.ש.ש אלקטרוניקה בעמ`,,,'יח,1,,false,1,139,139,false,1,
7290019026570,false,"קוצץ מזון 650 מ""ל",ד.ש.ש אלקטרוניקה בעמ`,,,'יח,1,,false,1,139,139,false,1,
7290019026587,false,"קוצץ מזון 500 מ""ל",ד.ש.ש אלקטרוניקה בעמ`,,,'יח,1,,false,1,119,119,false,1,
7290019026617,false,בלנדר מקצועי קוטש קרח,ד.ש.ש אלקטרוניקה בעמ`,,,'יח,1,,false,1,349,349,false,1,
7290019026754,false,מגהץ אדים DY-8088,ד.ש.ש אלקטרוניקה בעמ`,,,'יח,1,,false,1,99,99,false,1,
7290019026761,false,מגהץ אדים DY-5880,ד.ש.ש אלקטרוניקה בעמ`,,,'יח,1,,false,1,99,99,false,1,
7290019056027,false,שוופס מוגז פירות NO SUGAR תפוח 1.5 ליטר,יפאורה - שותפות מוגבלת לשיווק,,,'יח,15,"ל-100 מ""ל",false,1,8.90,0.57,true,1,
7290019056041,false,שוופס מוגז פירות NO SUGAR למונייד 1.5ל,יפאורה - שותפות מוגבלת לשיווק,,,'יח,15,"ל-100 מ""ל",false,1,8.90,0.57,true,1,
7290019056058,false,שוופס מוגז עדין תפוח ליים 1.5 ליטר,יפאורה - שותפות מוגבלת לשיווק,,,'יח,15,"ל-100 מ""ל",false,1,8.90,0.57,true,1,
7290019056065,false,שוופס מוגז עדין פירות יער 1.5 ליטר,יפאורה - שותפות מוגבלת לשיווק,,,'יח,15,"ל-100 מ""ל",false,1,8.90,0.57,true,1,
7290019056072,false,שוופס מוגז עדין אננס 1.5 ליטר,יפאורה - שותפות מוגבלת לשיווק,,,'יח,15,"ל-100 מ""ל",false,1,8.90,0.57,true,1,
7290019056089,false,שוופס מוגז עדין ענבי ריזלינג 1.5 ליט,יפאורה - שותפות מוגבלת לשיווק,,,'יח,15,"ל-100 מ""ל",false,1,8.90,0.57,true,1,
7290019056096,false,שוופס מוגז עדין אפרסק 1.5 ליטר,יפאורה - שותפות מוגבלת לשיווק,,,'יח,15,"ל-100 מ""ל",false,1,8.90,0.57,true,1,
7290019056164,false,שוופס מי סודה 4*1.5 ליטר פיקדון,יפאורה - שותפות מוגבלת לשיווק,,,'יח,60,"ל-100 מ""ל",false,1,12.90,0.20,false,1,
7290019056201,false,שוופס סודה פירות יער רביעייה 1.5 ליטר,יפאורה - שותפות מוגבלת לשיווק,,,'יח,60,"ל-100 מ""ל",false,1,12.90,0.20,false,1,
7290019056300,false,שוופס ביטר למון 1.5 ליטר פיקדון,יפאורה - שותפות מוגבלת לשיווק,,,'יח,15,"ל-100 מ""ל",false,1,12.90,0.84,false,1,
7290019056324,false,שוופס טוניק 1.5 ליטר פיקדון,יפאורה - שותפות מוגבלת לשיווק,,,'יח,15,"ל-100 מ""ל",false,1,12.90,0.84,false,1,
7290019056331,false,שוופס טוניק NO 1.5 ליטר פיקדון,יפאורה - שותפות מוגבלת לשיווק,,,'יח,15,"ל-100 מ""ל",false,1,12.90,0.84,false,1,
7290019056355,false,תפוזינה לימונדה מיקס לימונענע 1.5 ליטר,יפאורה - שותפות מוגבלת לשיווק,,,'יח,15,"ל-100 מ""ל",false,1,8.90,0.57,true,1,
7290019056362,false,תפוזינה משקה קל ענבים 1.5 ליטר,יפאורה - שותפות מוגבלת לשיווק,,,'יח,15,"ל-100 מ""ל",false,1,8.90,0.57,true,1,
7290019056379,false,תפוזינה תפוזים 1.5 ליטר,יפאורה - שותפות מוגבלת לשיווק,,,'יח,15,"ל-100 מ""ל",false,1,8.90,0.57,true,1,
7290019056393,false,תפוזינה משקה תות בננה 1.5 ליטר,יפאורה - שותפות מוגבלת לשיווק,,,'יח,15,"ל-100 מ""ל",false,1,8.90,0.57,true,1,
7290019056416,false,תפוזינה  לימונדה  1.5 ליטר,יפאורה - שותפות מוגבלת לשיווק,,,'יח,15,"ל-100 מ""ל",false,1,8.90,0.57,true,1,
7290019056423,false,תפוזינה משקה קל תפוח רענן 1.5ליטר,יפאורה - שותפות מוגבלת לשיווק,,,'יח,15,"ל-100 מ""ל",false,1,8.90,0.57,true,1,
7290019056447,false,תפוזינה דיאט אשכוליות 1.5 ליטר,יפאורה - שותפות מוגבלת לשיווק,,,'יח,15,"ל-100 מ""ל",false,1,7.90,0.51,true,1,
7290019056478,false,תה קר Spring Tea אפרסק 1.5 ליטר,יפאורה - שותפות מוגבלת לשיווק,,,'יח,15,"ל-100 מ""ל",false,1,7.90,0.51,true,1,
7290019056492,false,ספרינג תה  מנגו  `1.5ל` פיקדון,יפאורה - שותפות מוגבלת לשיווק,,,'יח,15,"ל-100 מ""ל",false,1,7.90,0.51,true,1,
7290019056515,false,פרוט ווטר אפרסק 1.5 ל`,יפאורה - שותפות מוגבלת לשיווק,,,'יח,15,"ל-100 מ""ל",false,1,8.90,0.57,true,1,
7290019056522,false,פרוט ווטר תות 1.5 ל`,יפאורה - שותפות מוגבלת לשיווק,,,'יח,15,"ל-100 מ""ל",false,1,8.90,0.57,true,1,
7290019056546,false,פרוט ווטר אבטיח 1.5 ל`,יפאורה - שותפות מוגבלת לשיווק,,,'יח,15,"ל-100 מ""ל",false,1,8.90,0.57,true,1,
7290019056553,false,עין גדי מים מינרלים שישיה 2 ליטר,יפאורה - שותפות מוגבלת לשיווק,,,'יח,120,"ל-100 מ""ל",false,1,13.80,0.10,false,1,
7290019056560,false,עין גדי מים מינרלים בקבוק 2 ליטר,סימה,,,'יח,20,"ל-100 מ""ל",false,1,3.40,0.16,false,1,
7290019056577,false,ספרינג קל מנגו 1.5 ליטר פיקדון,יפאורה - שותפות מוגבלת לשיווק,,,'יח,15,"ל-100 מ""ל",false,1,8.90,0.57,true,1,
7290019056591,false,ספרינג ענבים 1.5 ליטר פיקדון,יפאורה - שותפות מוגבלת לשיווק,,,'יח,15,"ל-100 מ""ל",false,1,8.90,0.57,true,1,
7290019056607,false,ספרינג תפוחים 1.5 ליטר פיקדון,יפאורה - שותפות מוגבלת לשיווק,,,'יח,15,"ל-100 מ""ל",false,1,8.90,0.57,true,1,
7290019056621,false,ספרינג פירות טרופיים 1.5 ליטר פיקדון,יפאורה - שותפות מוגבלת לשיווק,,,'יח,15,"ל-100 מ""ל",false,1,8.90,0.57,true,1,
7290019056638,false,ספרינג משקה תות בננה 1.5 ליטר,יפאורה - שותפות מוגבלת לשיווק,,,'יח,15,"ל-100 מ""ל",false,1,8.90,0.57,true,1,
7290019056645,false,ספרינג אגס סברס תפוח 1.5 ליטר פיקדון,יפאורה - שותפות מוגבלת לשיווק,,,'יח,15,"ל-100 מ""ל",false,1,8.90,0.57,true,1,
7290019056669,false,ספרינג תפוחים דיאט 1.5 ליטר פיקדון,יפאורה - שותפות מוגבלת לשיווק,,,'יח,15,"ל-100 מ""ל",false,1,7.90,0.51,true,1,
7290019056676,false,ספרינג אשכוליות דיאט 1.5 ליטר פיקדון,יפאורה - שותפות מוגבלת לשיווק,,,'יח,15,"ל-100 מ""ל",false,1,7.90,0.51,true,1,
7290019056720,false,קריסטל ענבים 2 ליטר פיקדון,יפאורה - שותפות מוגבלת לשיווק,,,'יח,20,"ל-100 מ""ל",false,1,7.50,0.36,true,1,
7290019056744,false,קריסטל תפוזים 2 ליטר פיקדון,יפאורה - שותפות מוגבלת לשיווק,,,'יח,20,"ל-100 מ""ל",false,1,7.50,0.36,true,1,
7290019056751,false,קריסטל דיאט אשכוליות 2 ליטר פיקדון,יפאורה - שותפות מוגבלת לשיווק,,,'יח,20,"ל-100 מ""ל",false,1,7.50,0.36,true,1,
7290019056782,false,קריסטל לימון ליים 2 ליטר פיקדון,יפאורה - שותפות מוגבלת לשיווק,,,'יח,20,"ל-100 מ""ל",false,1,7.50,0.36,true,1,
7290019056805,false,קריסטל מוגז תפוח עץ 2 ליטר פיקדון,יפאורה - שותפות מוגבלת לשיווק,,,'יח,20,"ל-100 מ""ל",false,1,7.50,0.36,true,1,
7290019056881,false,שוופס סודה 1.5 ליטר,יפאורה - שותפות מוגבלת לשיווק,,,'יח,15,"ל-100 מ""ל",false,1,4.50,0.28,false,1,
7290019056966,false,בקבוק מי עדן 1.5ליטר,תבורי-שותפות מוגבלת לשיווק,,,'יח,15,"ל-100 מ""ל",false,1,2.90,0.17,false,1,
7290019056973,false,מי עדן שישיה  בק `1.5ליטר פיקדון,יפאורה - שותפות מוגבלת לשיווק,,,'יח,90,"ל-100 מ""ל",false,1,13.70,0.13,false,1,
7290019152101,false,מארז 5 פיתות כוסמין,אסול אוכל איכותי בעמ,,,'יח,1,ל-100 גרם,false,1,11.90,11.90,false,1,
7290019152231,false,לחם מחמצת דגנים וזרעי צ`יה,אסול אוכל איכותי בעמ,,,'יח,1,,false,1,17.90,17.90,true,1,
7290019153085,false,שוופס ללא סוכר מוחיטו 1.5 ליטר,יפאורה - שותפות מוגבלת לשיווק,,,'יח,15,"ל-100 מ""ל",false,1,8.90,0.57,true,1,
7290019153214,false,"שוופס מנטה 330 מ""ל",יפאורה - שותפות מוגבלת לשיווק,,,"ל-100 מ""ל",3.30,"ל-100 מ""ל",false,1,3.90,1.09,false,1,
7290019153245,false,סודה לימון 0.5 ליטר שוופס,יפאורה - שותפות מוגבלת לשיווק,,,'יח,5,"ל-100 מ""ל",false,1,4.90,0.92,true,1,
7290019153375,false,תפוזינה מוחיטו 1.5 ליטר,יפאורה - שותפות מוגבלת לשיווק,,,'יח,15,"ל-100 מ""ל",false,1,8.90,0.57,true,1,
7290019153566,false,ספרינג רימון אוכמניות דובדבן 1.5 ליטר,יפאורה - שותפות מוגבלת לשיווק,,,'יח,15,"ל-100 מ""ל",false,1,8.90,0.57,false,1,
7290019167020,false,עוגת גבינה עם פירות יער לייט 82 גרם,תנובה חלב,,,'יח,8.20,ל-100 גרם,false,1,6.90,0.84,false,1,
7290019167037,false,תותים בקצפת 82 גרם,תנובה חלב,,,'יח,8.20,ל-100 גרם,false,1,6.90,0.84,false,1,
7290019226314,false,פילה אמנון 7-9 80% עם עור,תומר ייבוא ושיווק מוצרי מזון [,,,"ק""ג",0,"ק""ג",true,1,24.90,24.90,false,1,
7290019232155,false,תה קממויל לבנדר,תה ויסוצקי בע`מ,,,'יח,1,'יח,false,1,27.90,27.90,true,1,
7290019232179,false,תה STAY WELL נענע,תה ויסוצקי בע`מ,,,'יח,1,'יח,false,1,27.90,27.90,false,1,
7290019232186,false,תה STAY WELL לימונית לואיזה,תה ויסוצקי בע`מ,,,'יח,1,'יח,false,1,27.90,27.90,false,1,
7290019233008,false,שקשוקה ארטישוק-רוטב עגבניות עם שמן זית,תה ויסוצקי בע`מ,,,'יח,4.20,ל-100 גרם,false,1,12.90,3.07,true,1,
7290019233015,false,שקשוקה ירוקה-תבשיל ירקות עם שמן זית,תה ויסוצקי בע`מ,,,'יח,4.20,ל-100 גרם,false,1,12.90,3.07,true,1,
7290019233022,false,שקשוקה חצילים-רוטב עגבניות עם שמן זית,תה ויסוצקי בע`מ,,,'יח,4.20,ל-100 גרם,false,1,12.90,3.07,true,1,
7290019297413,false,מעדן אפרסק 100% רכיבי פרי ללא תוספת סו,דין שיווק וקליה 2021 בעמ,,,'יח,2.84,ל-100 גרם,false,1,9.90,3.49,false,1,
7290019297437,false,מעדן אוכמניות 100% רכיבי פרי ללא תוספת,דין שיווק וקליה 2021 בעמ,,,'יח,2.84,ל-100 גרם,false,1,9.90,3.49,false,1,
7290019316305,false,גריל בישול בריאותי MS-205,ד.ש.ש אלקטרוניקה בעמ`,,,'יח,1,,false,1,699,699,false,1,
7290019316626,false,מנגל חשמלי ללא עשן TG-102,ד.ש.ש אלקטרוניקה בעמ`,,,'יח,1,,false,1,699,699,false,1,
7290055090801,false,חופשי שוקולד לבן ללא סוכר 85 גרם,כרמית תעשיות ממתקים בעמ,,,'יח,0.85,ל-100 גרם,false,1,5.90,6.94,false,1,
7290100240144,false,בדין תרסיס למייבש הכביסה ורוד 500מל,יוניליוור ישראל שיווק בע`מ,,,'יח,5,"ל-100 מ""ל",false,1,18.10,3.62,false,1,
7290100240632,false,פתית 6 דגנים בדצ 250 גרם,יוניליוור ישראל שיווק בע`מ,,,'יח,2.50,ל-100 גרם,false,1,16.90,6.76,false,1,
7290100240656,false,פתית שיפון בדצ 300 גרם,יוניליוור ישראל שיווק בע`מ,,,'יח,3,ל-100 גרם,false,1,16.90,5.63,false,1,
7290100243671,false,בדין אקסטרא מרכך כחול 960 מל,יוניליוור ישראל שיווק בע`מ,,,'יח,96,"ל-100 מ""ל",false,1,15.90,0.17,false,1,
7290100245231,false,נמס בכוס ועוד טעם עוף 50 גרם,יוניליוור ישראל שיווק בע`מ,,,'יח,0.50,ל-100 גרם,false,1,6.40,12.80,true,1,
7290100653586,false,ליידי ספיד סטיק גל 24/7 פרש פיוזן65,ש. שסטוביץ בע`מ,,,'יח,0.65,"ל-100 מ""ל",false,1,19.90,30.62,true,1,
7290100658338,false,פלמוליב Oxy Plus נוזל לכלים כחול 750מל,ש. שסטוביץ בע`מ,,,'יח,7.50,"ל-100 מ""ל",false,1,11.90,1.59,true,1,
7290100680650,false,נודלס בסגנון תיאלנדי 76 גרם,קבוצת אסם סחר,,,'יח,7.60,ל-100 גרם,false,1,6.90,0.91,true,1,
7290100681138,false,אפרופו חטיף 3*50 גרם,קבוצת אסם סחר,,,'יח,1.50,ל-100 גרם,false,1,12.90,8.60,true,1,
7290100683880,false,פירה 260 גרם,קבוצת אסם סחר,,,'יח,2.60,ל-100 גרם,false,1,13.90,5.35,false,1,
7290100684764,false,במבה יום הולדת על סרט 25 גרם,קבוצת אסם סחר,,,'יח,0.25,ל-100 גרם,false,1,2.40,9.60,false,1,
7290100685136,false,אסם מרק טעם עוף 1קג שקית,קבוצת אסם סחר,,,'יח,10,ל-100 גרם,false,1,14.90,1.49,true,1,
7290100685242,false,במבה מתוקה תות על סרט 30 גרם,קבוצת אסם סחר,,,'יח,0.30,ל-100 גרם,false,1,2.70,9,false,1,
7290100685341,false,מרק בטעם עוף זך רכיבים טבעיים 400גרם,קבוצת אסם סחר,,,'יח,4,ל-100 גרם,false,6,16.90,4.23,true,1,
7290100685563,false,פירורית זהב מארז 220 גרם,קבוצת אסם סחר,,,'יח,4,ל-100 גרם,false,1,9.90,2.48,true,1,
7290100687109,false,במבה נוגט 60 גרם,קבוצת אסם סחר,,,'יח,0.60,ל-100 גרם,false,1,3.90,6.50,true,1,
7290100689301,false,אסם מרק זך-עדיף בטעם עוף 400 גרם,קבוצת אסם סחר,,,'יח,4,ל-100 גרם,false,1,15.90,3.98,true,1,
7290100700020,false,גריסי פנינה 500 גרם,סוגת,,,'יח,5,ל-100 גרם,false,1,5.90,1.18,false,1,
7290100700075,false,פירורי לחם מוזהבים 200 גר*,סוגת,,,'יח,2,ל-100 גרם,false,1,3.90,1.95,true,1,
7290100700273,false,קינואה 500 גרם כשלפ,סוגת,,,'יח,5,ל-100 גרם,false,1,12.90,2.58,false,1,
7290100700297,false,עדשים שחורות סוגת 500 גרם,סוגת,,,'יח,5,ל-100 גרם,false,1,7.90,1.58,false,1,
7290100700372,false,אורז בסמטי מלא 1 קג,סוגת,,,'יח,10,ל-100 גרם,false,1,14.90,1.49,false,1,
7290100700389,false,סוגת אורז אדום 1 קג,סוגת,,,'יח,10,ל-100 גרם,false,1,14.90,1.49,false,1,
7290100700396,false,אורז יסמין קלאסי 1 קג,סוגת,,,'יח,10,ל-100 גרם,false,1,12.90,1.29,false,1,
7290100700402,false,חומוס ענק 1 קג,סוגת,,,'יח,10,ל-100 גרם,false,1,19.90,1.99,true,1,
7290100700587,false,בורגול 500 גר`,סוגת,,,'יח,5,ל-100 גרם,false,1,4.90,0.98,false,1,
7290100701126,false,שעועית מש 500 גר`,סוגת,,,'יח,5,ל-100 גרם,false,1,10.90,2.18,false,1,
7290100701157,false,אורז סושי 1 קג,סוגת,,,'יח,10,ל-100 גרם,false,1,9.90,0.99,false,1,
7290100701454,false,גרישה 500גר`,סוגת,,,'יח,5,ל-100 גרם,false,1,4.90,0.98,false,1,
7290100701966,false,אפונה צהובה 500 גרם,סוגת,,,'יח,5,ל-100 גרם,false,1,5.90,1.18,false,1,
7290100702260,false,קוסקוס דק 350 גר`,סוגת,,,'יח,3.50,ל-100 גרם,false,1,4.90,1.40,true,1,
7290100702277,false,קוסקוס עבה 350 גר`,סוגת,,,'יח,3.50,ל-100 גרם,false,1,4.90,1.40,true,1,
7290100702284,false,קוסקוס מלא 350 גר`,סוגת,,,'יח,3.50,ל-100 גרם,false,1,4.90,1.40,true,1,
7290100702314,false,שעועית שחורה 500 גרם,סוגת,,,'יח,5,ל-100 גרם,false,1,10.90,2.18,false,1,
7290100702611,false,פתיתים אפויים אורז 500 גר`,סוגת,,,'יח,5,ל-100 גרם,false,1,5.90,1.18,true,1,
7290100702628,false,פתיתים אפויים קוסקוס 500 גר`,סוגת,,,'יח,5,ל-100 גרם,false,1,5.90,1.18,true,1,
7290100702987,false,פתיתי שיבולת שועל 500 גר`,סוגת,,,'יח,5,ל-100 גרם,false,1,5.90,1.18,true,1,
7290100702994,false,סוכר דמררה שקית 500 גר`,סוגת,,,'יח,5,ל-100 גרם,false,1,5.90,1.18,true,1,
7290100703007,false,עדשים שחורות בלוגה 500 גרם,סוגת,,,'יח,5,ל-100 גרם,false,1,7.90,1.58,false,1,
7290100703489,false,פירורי לחם לבנים 500 גר*,סוגת,,,'יח,5,ל-100 גרם,false,1,5.90,1.18,true,1,
7290100703564,false,פתיתי שיבולת שועל עבה,סוגת,,,'יח,5,ל-100 גרם,false,1,5.90,1.18,true,1,
7290100703960,false,שומשום 500 גרם,סוגת,,,'יח,5,ל-100 גרם,false,1,11.90,2.38,false,1,
7290100704608,false,שעועית לבנה עדינה 500 גר`,סוגת,,,'יח,5,ל-100 גרם,false,1,6.90,1.38,true,1,
7290100704684,false,"קמח שמרים רב תכליתי 1 ק""ג",סוגת,,,'יח,10,ל-100 גרם,false,1,21.90,2.19,false,1,
7290100850909,false,חטיף דוריטוס נאצ`ו מקסיקני 70 גרם,שטראוס פריטו ליי בע`מ,,,'יח,0.70,ל-100 גרם,false,1,3.90,5.57,true,1,
7290100850916,false,חטיף דוריטוס חמוץ חריף 70 גרם,שטראוס פריטו ליי בע`מ,,,'יח,0.70,ל-100 גרם,false,1,4.20,6,true,1,
7290100850923,false,חטיף דוריטוס גריל 70 גרם,שטראוס פריטו ליי בע`מ,,,'יח,0.70,ל-100 גרם,false,1,4.20,6,true,1,
7290100850930,false,חטיף דוריטוס טבעי 70 גרם,שטראוס פריטו ליי בע`מ,,,'יח,0.70,ל-100 גרם,false,1,4.20,6,true,1,
7290100924457,false,סוד סבון אסלה*3יח בניחוח לימון,גורי שיווק,,,'יח,3,למארז,false,1,19.90,6.63,true,1,
7290100924464,false,סוד סבון אסלה*3יח בניחוח אקונומיקה,גורי שיווק,,,'יח,3,למארז,false,1,19.90,6.63,true,1,
7290100925669,false,קולור קאצ`ר 10 דפים,גורי שיווק,,,'יח,1,ל-100 גרם,false,1,9.90,9.90,true,1,
7290101110279,false,בליסימו 1.33 שוקולד פאדג` פקאן,פלקו בעמ חברה ישראלית,,,'יח,13.30,"ל-100 מ""ל",false,1,17.90,1.35,true,1,
7290101110460,false,בליסימו 1.33 וניל צרפתי,פלקו בעמ חברה ישראלית,,,'יח,13.30,"ל-100 מ""ל",false,1,17.90,1.35,true,1,
7290101112112,false,גלידת טירימיסו 1.8 ליטר,פלקו בעמ חברה ישראלית,,,'יח,18,"ל-100 מ""ל",false,1,21.90,1.22,false,1,
7290101112600,false,בליסימו 1.33 מילקשייק מוקה ונילה,פלקו בעמ חברה ישראלית,,,'יח,13.30,"ל-100 מ""ל",false,1,17.90,1.35,true,1,
7290101113157,false,מאגדת גלידל וניל עוגיות  6 יח,פלקו בעמ חברה ישראלית,,,'יח,1,ל-100 גרם,false,1,24.90,24.90,false,1,
7290101113300,false,יופלה פריזי יוגורט וסורבה אננס 70 גרם,פלקו בעמ חברה ישראלית,,,'יח,0.70,ל-100 גרם,false,1,5.90,8.43,true,1,
7290101113546,false,טילון יולו מיני שוקולד לבן ועוגיות,פלקו בעמ חברה ישראלית,,,'יח,1,ל-100 גרם,false,1,6.90,6.90,true,1,
7290101113706,false,שלגון יולו חלב בציפוי שוקולד 75 גרם,פלקו בעמ חברה ישראלית,,,'יח,0.75,ל-100 גרם,false,1,8.90,11.87,true,1,
7290101113768,false,מאגדת 4 יח שלגון יולו עוגיות ש. חלב,פלקו בעמ חברה ישראלית,,,'יח,1,ל-100 גרם,false,1,19.90,19.90,false,1,
7290101113911,false,מנבו מוקה  12 יח`,פלקו בעמ חברה ישראלית,,,'יח,0,ל-100 גרם,false,1,22.90,22.90,false,1,
7290101451280,false,סט מתנה ממותג,שמחה זה אנחנו בע`מ,,,'יח,1,,false,1,24.90,24.90,false,1,
7290101488323,false,ליידי ספיד סטיק פרש ללא סימן 65.2ג,ש. שסטוביץ בע`מ,,,'יח,0.65,"ל-100 מ""ל",false,1,19.90,30.62,true,1,
7290101500506,false,פטרוזיליה,ביכורי השדה הצפון בעמ` 1964,,,'יח,1,'יח,false,1,3.90,3.90,true,1,
7290101500513,false,שמיר,ביכורי השדה הצפון בעמ` 1964,,,'יח,1,,false,1,3.90,3.90,true,1,
7290101500520,false,ירק כוסברה,ביכורי השדה הצפון בעמ` 1964,,,'יח,1,,false,1,3.90,3.90,true,1,
7290101500537,false,נענע,ביכורי השדה הצפון בעמ` 1964,,,'יח,1,,false,1,3.90,3.90,true,1,
7290101500551,false,סלרי אמריקאי,ביכורי השדה הצפון בעמ` 1964,,,'יח,1,,false,1,5.90,5.90,false,1,
7290101500568,false,סלרי ראש,ביכורי השדה הצפון בעמ` 1964,,,'יח,1,,false,1,5.90,5.90,false,1,
7290101500926,false,תרד ירקר,ביכורי השדה הצפון בעמ` 1964,,,'יח,1,,false,1,10.90,10.90,false,1,
7290101501138,false,כרובית,ביכורי השדה הצפון בעמ` 1964,,,"ק""ג",1,,true,1,9.90,9.90,true,1,
7290101501176,false,פלפלונים,ביכורי השדה הצפון בעמ` 1964,,,'יח,1,,false,1,5.90,5.90,false,1,
7290101501305,false,מלפפונים קטנים,ביכורי השדה הצפון בעמ` 1964,,,'יח,1,,false,1,5.90,5.90,false,1,
7290101551027,false,קפסולות למכונות נספרסו כשל`פ,שטראוס גרופ בע`מ,,,'יח,0.50,ל-100 גרם,false,12,16.90,33.80,true,1,
7290101551300,false,סילאן טבעי לחיץ 300 גרם,שטראוס גרופ בע`מ,,,'יח,0.38,ל-100 גרם,false,12,14.90,39.21,false,1,
7290101551539,false,דנונה פרו 20 אפרסק 200 גר`,שטראוס גרופ בע`מ,,,'יח,1.50,"ל-100 מ""ל",false,12,5.90,3.93,true,1,
7290101551638,false,צ`יטוס מארז כאפה 20*10,שטראוס פריטו ליי בע`מ,,,'יח,2,ל-100 גרם,false,1,13.90,6.95,false,1,
7290101551645,false,מארז ציטוס איקס עיגול 20*10,שטראוס פריטו ליי בע`מ,,,'יח,2,ל-100 גרם,false,1,13.90,6.95,false,1,
7290101825173,false,כפפות לטקס ללא אבקה M,יחזקאל אהרון כמיפרוד,,,'יח,1,,false,1,19.90,19.90,false,1,
7290101825210,false,כפפות לאטקס עם אבקה S,יחזקאל אהרון כמיפרוד,,,'יח,1,,false,1,14.90,14.90,false,1,
7290101825234,false,כפפות לטקס עם אבקה L,יחזקאל אהרון כמיפרוד,,,'יח,1,,false,1,14.90,14.90,false,1,
7290101825241,false,כפפות לטקס עם אבקה XL,יחזקאל אהרון כמיפרוד,,,'יח,1,,false,1,14.90,14.90,false,1,
7290101829362,false,כפפות ניטרל אוניברסלי שחורות S,יחזקאל אהרון כמיפרוד,,,'יח,1,,false,1,16.90,16.90,false,1,
7290101863410,false,סיליט Bangניקוי כללי עם אקונומיקה7,תה ויסוצקי בע`מ,,,'יח,7.50,"ל-100 מ""ל",false,1,10.90,1.45,true,1,
7290101864127,false,קליה אוקסי ספריי 750 מ`ל,תה ויסוצקי בע`מ,,,'יח,7.50,"ל-100 מ""ל",false,1,16.90,2.25,true,1,
7290101865261,false,פיניש נוזל הברקה 800 מ`ל,תה ויסוצקי בע`מ,,,'יח,8,"ל-100 מ""ל",false,1,21.90,2.74,true,1,
7290101866633,false,קליה ג`ל 3 ל`,תה ויסוצקי בע`מ,,,'יח,30,"ל-100 מ""ל",false,1,29.90,1,true,1,
7290102031276,false,דנונה Actimel בטעם תות בננה 8*100מל,שטראוס גרופ בע`מ,,,'יח,8,"ל-100 מ""ל",false,6,21.90,2.74,false,1,
7290102032334,false,קפה נמס וניל פחית 200 גרם,שטראוס גרופ בע`מ,,,'יח,2,ל-100 גרם,false,1,24.90,12.45,false,1,
7290102300822,false,גבינה צ`דר אנגלית  200 גר`,א.סיימן סחר בעמ,,,'יח,2,ל-100 גרם,false,1,23.90,11.95,true,1,
7290102300860,false,גבינה צ`דר אנגלית  200 גר`,א.סיימן סחר בעמ,,,'יח,2,ל-100 גרם,false,1,23.90,11.95,true,1,
7290102390427,false,מולר יוגורט עם קציפת תות 3% 150 מל,החברה המרכזית להפצה,,,'יח,1.50,"ל-100 מ""ל",false,1,5.50,3.67,false,1,
7290102390465,false,מולר יוגורט אפרסק פסיפלורה 3% 150מל,החברה המרכזית להפצה,,,'יח,1.50,"ל-100 מ""ל",false,1,5.50,3.67,false,1,
7290102391844,false,מולר פרופ יוגורט פירות יער 150מל,החברה המרכזית להפצה,,,'יח,1.50,"ל-100 מ""ל",false,1,5.50,3.67,false,1,
7290102392049,false,תבור גבינה לבנה לאפייה 5% 500גרם,החברה המרכזית להפצה,,,'יח,5,ל-100 גרם,false,1,27.90,5.58,false,1,
7290102392094,false,חלב עיזים מלא 3.7% 1 ליטר,החברה המרכזית להפצה,,,'יח,10,"ל-100 מ""ל",false,1,16.90,1.69,false,1,
7290102393039,false,מולר מיקס יוגורט קרמי 150 גר`,החברה המרכזית להפצה,,,'יח,1.50,"ל-100 מ""ל",false,1,6,4,false,1,
7290102393169,false,מולר סימפלי פרויט תות שדה,החברה המרכזית להפצה,,,'יח,1.50,ל-100 גרם,false,1,5.50,3.67,true,1,
7290102393176,false,מולר סימפלי פרויט אפרסק,החברה המרכזית להפצה,,,'יח,1.50,ל-100 גרם,false,1,5.50,3.67,true,1,
7290102393190,false,מולר סימפלי פרויט פירות יער,החברה המרכזית להפצה,,,'יח,1.50,ל-100 גרם,false,1,5.50,3.67,true,1,
7290102393268,false,גבינה לבנה 750 גר`,החברה המרכזית להפצה,,,'יח,7.50,ל-100 גרם,false,1,14.90,1.99,false,1,
7290102393947,false,מולר סימפלי פרויט קיווי 150 גרם,החברה המרכזית להפצה,,,'יח,1.50,ל-100 גרם,false,1,5.50,3.67,true,1,
7290102394463,false,גבנצ ואקום 28% נעם 500  גר`פרוס,החברה המרכזית להפצה,,,'יח,5,ל-100 גרם,false,1,29.90,5.98,false,1,
7290102394821,false,גבנצ דק-דק פתיחה חוזרת נעם 28% 200 גרם,החברה המרכזית להפצה,,,'יח,2,ל-100 גרם,false,1,15.90,7.95,true,1,
7290102394845,false,גבנ`צ דק-דק פתיחה חוזרת נעם 9% 200 גר`,החברה המרכזית להפצה,,,'יח,2,ל-100 גרם,false,1,17.90,8.95,true,1,
7290102395224,false,מאגדת שמינייה מולר ביאנקו נטורל 1.7%,החברה המרכזית להפצה,,,'יח,8,ל-100 גרם,false,1,18.90,2.36,false,1,
7290102395378,false,.גבנ`צ ואקום 28% נעם 360  גר`פרוס,החברה המרכזית להפצה,,,'יח,3.60,ל-100 גרם,false,1,20.90,5.81,false,1,
7290102395446,false,מעדן מוו בטעם וניל עם קצפת 6.7% 123 גר,החברה המרכזית להפצה,,,'יח,1.23,ל-100 גרם,false,1,3,2.44,true,1,
7290102395477,false,מעדן מוו בטעם שוקולד עם קצפת 6.7% 123ג,החברה המרכזית להפצה,,,'יח,1.43,"ל-100 מ""ל",false,1,3,2.10,true,1,
7290102395521,false,שמנת לבישול 15% 500 מ`ל,החברה המרכזית להפצה,,,'יח,5,"ל-100 מ""ל",false,1,16.90,3.38,false,1,
7290102396405,false,מאגדת שמינייה-מעדן וניל 100 גר`,החברה המרכזית להפצה,,,'יח,8,ל-100 גרם,false,1,14.90,1.86,false,1,
7290102396580,false,מעדן מוו שוקולד ומוס שוקולד 118 גרם,החברה המרכזית להפצה,,,'יח,1.18,"ל-100 מ""ל",false,1,3,2.54,true,1,
7290102396597,false,מעדן מוו וניל ומוס שוקולד 118 גרם,החברה המרכזית להפצה,,,'יח,1.18,"ל-100 מ""ל",false,1,3,2.54,true,1,
7290102396665,false,צהובה פרוסות דקדק פתח סגור 15% 200 גר`,החברה המרכזית להפצה,,,'יח,2,ל-100 גרם,false,1,17.90,8.95,true,1,
7290102396672,false,גבנ`צ נעם דקדק 9% פתח סגור 360 גר`,החברה המרכזית להפצה,,,'יח,2.20,ל-100 גרם,false,1,26.90,12.23,false,1,
7290102396719,false,מולר סימפלי פרויט תות 0%,החברה המרכזית להפצה,,,'יח,1.50,ל-100 גרם,false,1,5.50,3.67,true,1,
7290102397204,false,גבנ`צ דקדק פתח סגור 22% 200 גר`,החברה המרכזית להפצה,,,'יח,2.20,ל-100 גרם,false,1,17.90,8.14,true,1,
7290102397310,false,מאגדת שמינייה מיני מוו שוקולד קצפת,החברה המרכזית להפצה,,,'יח,8,ל-100 גרם,false,1,13.90,1.74,false,1,
7290102397464,false,מולר מיקס גרנולה פקאן וחמוציות קרמי 15,החברה המרכזית להפצה,,,'יח,1.50,"ל-100 מ""ל",false,1,6,4,false,1,
7290102397600,false,מולר מיקס שקדים ובוטנים בקרמל,החברה המרכזית להפצה,,,'יח,1.50,"ל-100 מ""ל",false,1,6,4,false,1,
7290102397617,false,מולר מיקס קליק,החברה המרכזית להפצה,,,'יח,1.50,"ל-100 מ""ל",false,1,6,4,false,1,
7290102397679,false,קוטג וחצי 5% 375 גרם,החברה המרכזית להפצה,,,'יח,3.75,ל-100 גרם,false,1,7.90,2.11,false,1,
7290102397730,false,אמנטל ואקום 30% נעם 200 גרם,החברה המרכזית להפצה,,,'יח,2,ל-100 גרם,false,1,17.90,8.95,true,1,
7290102397747,false,גבינה מוצרלה פרוס 200 גרם,החברה המרכזית להפצה,,,'יח,2,ל-100 גרם,false,1,18.90,9.45,true,1,
7290102397891,false,גבינה ניו יורק מותכת %16 4*25 גרם,החברה המרכזית להפצה,,,'יח,0.25,ל-100 גרם,false,1,7.90,31.60,false,1,
7290102398065,false,חלב טרי 3% 2 ליטר,החברה המרכזית להפצה,,,'יח,2,"ל-100 מ""ל",false,1,11.90,5.95,false,1,
7290102398072,false,חלב בקרטון 3% 1 ליטר,החברה המרכזית להפצה,,,'יח,10,"ל-100 מ""ל",false,1,6.23,0.62,false,1,
7290102398331,false,חלב מועשר דל לקטוז 1 ליטר,החברה המרכזית להפצה,,,'יח,10,ל-100 גרם,false,1,7.90,0.79,false,1,
7290102398560,false,שוקו טרה מעושר 1 ליטר,החברה המרכזית להפצה,,,'יח,10,"ל-100 מ""ל",false,1,11.90,1.19,false,1,
7290102398577,false,שוקו טרה מעושר בבקבוק 250 מל`,החברה המרכזית להפצה,,,'יח,2.50,"ל-100 מ""ל",false,1,5.90,2.36,false,1,
7290102398614,false,משקה חלב בטעם בננה 1 ליטר,החברה המרכזית להפצה,,,'יח,10,"ל-100 מ""ל",false,1,11.90,1.19,false,1,
7290102398669,false,משקה חלב אייס קפוצינו  1 ליטר,החברה המרכזית להפצה,,,'יח,10,ל-100 גרם,false,1,11.90,1.19,false,1,
7290102398782,false,משקה סויה קלאסי צוריאל,החברה המרכזית להפצה,,,'יח,10,"ל-100 מ""ל",false,1,11.90,1.19,false,1,
7290102398805,false,משקה סויה בטעם וניל צוריאל,החברה המרכזית להפצה,,,'יח,10,"ל-100 מ""ל",false,1,11.90,1.19,false,1,
7290102398836,false,משקה שקדים קלאסי צוריאל,החברה המרכזית להפצה,,,'יח,10,"ל-100 מ""ל",false,1,12.90,1.29,false,1,
7290102399048,false,נעם פרוסות קשקבל 200 גרם,החברה המרכזית להפצה,,,'יח,2,ל-100 גרם,false,1,23.90,11.95,true,1,
7290102399796,false,יוגורט 25 גר` חלבון מולר אקטיב 200 גרם,החברה המרכזית להפצה,,,'יח,2,ל-100 גרם,false,1,5.90,2.95,true,1,
7290102399802,false,יוגורט 25 גר` חלבון מולר תות  200 גרם,החברה המרכזית להפצה,,,'יח,2,ל-100 גרם,false,1,5.90,2.95,true,1,
7290103120658,false,ספיד סטיק 24/7 Cool Nightג`ל 85גרם,ש. שסטוביץ בע`מ,,,'יח,0.85,ל-100 גרם,false,1,19.90,23.41,true,1,
7290103400194,false,כרוב לבן בדצ,ביכורי השדה הצפון בעמ` 1964,,,'יח,1,,false,1,10.90,10.90,false,1,
7290103400255,false,סלט קולסלאו בדצ,ביכורי השדה הצפון בעמ` 1964,,,'יח,1,,false,1,9.90,9.90,false,1,
7290103401429,false,נס  קפה- קצב ברזילאי 200גר,שטראוס גרופ בע`מ,,,'יח,2,ל-100 גרם,false,6,27.90,13.95,true,1,
7290103404758,false,אחלה יום יום כרוב אדום 120 גרם,שטראוס גרופ בע`מ,,,'יח,1.20,ל-100 גרם,false,24,5.30,4.42,false,1,
7290103408206,false,עלי חסה ערבית שטופים בקופסא,ביכורי השדה הצפון בעמ` 1964,,,'יח,1,,false,1,10.90,10.90,false,1,
7290103681180,false,יין אדום תבור הר מרלו,החברה המרכזית להפצת משקאות בע`,,,'יח,7.50,"ל-100 מ""ל",false,1,37.70,4.99,false,1,
7290104061417,false,חומוס טחינה אחלה 400 גרם,שטראוס גרופ בע`מ,,,'יח,4,ל-100 גרם,false,6,10.90,2.73,false,1,
7290104061424,false,חומוס זעתר אחלה 400 גרם,שטראוס גרופ בע`מ,,,'יח,4,ל-100 גרם,false,6,10.90,2.73,true,1,
7290104061431,false,חומוס צנובר אחלה 400 גרם,שטראוס גרופ בע`מ,,,'יח,4,ל-100 גרם,false,6,10.90,2.73,true,1,
7290104061448,false,חומוס חריף אחלה 400 גרם,שטראוס גרופ בע`מ,,,'יח,4,ל-100 גרם,false,6,10.90,2.73,true,1,
7290104065187,false,קפה נמס מוקה פחית 200 גרם,שטראוס גרופ בע`מ,,,'יח,2,ל-100 גרם,false,6,21.90,10.95,false,1,
7290104065934,false,עלי רוקט 150גר,ביכורי השדה הצפון בעמ` 1964,,,'יח,1,,false,1,10.90,10.90,false,1,
7290104067679,false,טחינה אחלה 400 גרם,שטראוס גרופ בע`מ,,,'יח,4,ל-100 גרם,false,6,10.90,2.73,true,1,
7290104500572,false,אפרופו חטיף איטליאנו 50 גרם,קבוצת אסם סחר,,,'יח,0.50,ל-100 גרם,false,1,3.90,7.80,true,1,
7290104570636,false,ממרח תמרים 450 גרם,מ.ד אטיאס סוכנויות מזון בע`מ,,,'יח,4.50,ל-100 גרם,false,1,6.40,1.42,false,1,
7290104720499,false,דני מעדן וניל %1.5 8*125 גרם,שטראוס גרופ בע`מ,,,'יח,1.25,ל-100 גרם,false,3,15.90,12.72,false,1,
7290104722530,false,תפוצ`יפס שמנת בצל 200 גר`,שטראוס פריטו ליי בע`מ,,,'יח,2,ל-100 גרם,false,1,10.90,5.45,true,1,
7290104726262,false,מארז דני לשתיה שוקולד בננה*4יח,שטראוס גרופ בע`מ,,,'יח,5,ל-100 גרם,false,6,10.90,2.18,false,1,
7290104726712,false,מילקי מארז 8יח *150גר,שטראוס גרופ בע`מ,,,'יח,4,ל-100 גרם,false,3,19.90,4.98,false,1,
7290104728310,false,שמנת מתוקה עמידה 38% 250 מל,שטראוס גרופ בע`מ,,,'יח,5,ל-100 גרם,false,24,6.47,1.29,false,1,
7290104729003,false,שמן זית יד מרדכי 750 מל`,שטראוס גרופ בע`מ,,,'יח,7.50,"ל-100 מ""ל",false,1,34.90,4.65,true,1,
7290104960253,false,נקה 7 ארומה תחליב רחצה לבנדר ענוג 750,החב. הדרומית לשיווק,,,'יח,7.50,ל-100 גרם,false,12,10.90,1.45,false,1,
7290105360250,false,קפסולות צקיאטו למכונת אספרסו,שטראוס גרופ בע`מ,,,'יח,0.50,ל-100 גרם,false,12,16.90,33.80,true,1,
7290105360335,false,קפסולות אספרסו למכונת אספרסו,שטראוס גרופ בע`מ,,,'יח,0.50,ל-100 גרם,false,12,16.90,33.80,true,1,
7290105362339,false,.שמנת לבישול 15% מהדרין,שטראוס גרופ בע`מ,,,'יח,2.50,ל-100 גרם,false,18,8.90,3.56,true,1,
7290105363602,false,כיף כף מקלות קלאסי 40גר`,שטראוס גרופ בע`מ,,,'יח,0.40,ל-100 גרם,false,8,4.90,12.25,true,1,
7290105364289,false,כיף כף מקלות פצפוצים 40גר`,שטראוס גרופ בע`מ,,,'יח,0.40,ל-100 גרם,false,8,4.90,12.25,true,1,
7290105364302,false,כיף כף מקלות אגוזים 42גר`,שטראוס גרופ בע`מ,,,'יח,0.42,ל-100 גרם,false,8,4.90,11.67,true,1,
7290105366993,false,גבינת סימפוניה פלפל שיפקה חריף 200 גר`,שטראוס גרופ בע`מ,,,'יח,2,ל-100 גרם,false,12,11.90,5.95,false,1,
7290105368331,false,מילקי תות 170 מל,שטראוס גרופ בע`מ,,,'יח,1.33,"ל-100 מ""ל",false,24,2.80,2.11,false,1,
7290105368904,false,שמנת מתוקה להקצפה 38% 250 מל,שטראוס גרופ בע`מ,,,'יח,2.50,ל-100 גרם,false,1,8.20,3.28,false,1,
7290105369130,false,גבינת סימפוניה 5% בטעם בצל ירוק 200 גר,שטראוס גרופ בע`מ,,,'יח,2,ל-100 גרם,false,12,11.90,5.95,false,1,
7290105439499,false,מנה מיונז מאסטר שף 480 גר`,ש. שסטוביץ בע`מ,,,'יח,4.81,ל-100 גרם,false,1,10.90,2.27,false,1,
7290105439598,false,חרדל דיג`ון גרגרים מאסטר שף 370 גר`,ש. שסטוביץ בע`מ,,,'יח,3.70,ל-100 גרם,false,1,11.70,3.16,false,1,
7290105474179,false,מארז מען לה קט פטה מולטיפק 100 גר 4 יח,שחורי אריה ואנסטסיה,,,'יח,4,ל-100 גרם,false,1,12.90,3.23,false,1,
7290105691248,false,חטיפי פריכונים טורטיה תירס 60גר כשלפ,קבוצת אסם סחר,,,'יח,0.60,ל-100 גרם,false,1,6.90,11.50,false,1,
7290105691934,false,קמח שמרים 1 ק`ג,קבוצת אסם סחר,,,'יח,10,ל-100 גרם,false,1,10.90,1.09,true,1,
7290105693341,false,במבה מארז 10  יח`25* גר`,קבוצת אסם סחר,,,'יח,2.50,ל-100 גרם,false,1,14.90,5.96,true,1,
7290105962980,false,כרוב אדום 400 גרם,שטראוס גרופ בע`מ,,,'יח,4,ל-100 גרם,false,6,10.90,2.73,true,1,
7290105962997,false,חציל במיונז 400 גרם,שטראוס גרופ בע`מ,,,'יח,4,ל-100 גרם,false,6,10.90,2.73,true,1,
7290105963000,false,מטבוחה 400 גרם,שטראוס גרופ בע`מ,,,'יח,4,ל-100 גרם,false,6,10.90,2.73,true,1,
7290105964564,false,חומוס אחלה 400 גרם,שטראוס גרופ בע`מ,,,'יח,4,ל-100 גרם,false,6,9.90,2.48,false,1,
7290105965738,false,משקה בוקר תות בננה 267מ`ל,שטראוס גרופ בע`מ,,,'יח,2.67,"ל-100 מ""ל",false,12,4.90,1.84,false,1,
7290105968654,false,רביולי בטטה פרווה 400 גרם,שטראוס גרופ בע`מ,,,'יח,4,ל-100 גרם,false,9,19.90,4.98,false,1,
7290105968777,false,פריכיות  אנרג`בשוקולד מריר 80 גרם,שטראוס גרופ בע`מ,,,'יח,0.80,ל-100 גרם,false,16,7.90,9.88,false,1,
7290106520066,false,רבע לשבע בד`צ 160גר,שטראוס גרופ בע`מ,,,'יח,1.60,ל-100 גרם,false,1,11.90,7.44,true,1,
7290106520288,false,דנונה `WOW תות 150 גרם,שטראוס גרופ בע`מ,,,'יח,1.50,"ל-100 מ""ל",false,12,4.90,3.27,true,1,
7290106520912,false,שמנת לבישול 9%,שטראוס גרופ בע`מ,,,'יח,2.58,ל-100 גרם,false,18,8.90,3.45,true,1,
7290106521926,false,קפה טורקי 150 גר` בשקית,שטראוס גרופ בע`מ,,,'יח,1.50,ל-100 גרם,false,1,11.90,7.93,true,1,
7290106524439,false,תפוצ`יפס פופס 60 גר`,שטראוס פריטו ליי בע`מ,,,'יח,0.60,ל-100 גרם,false,1,3.90,6.50,false,1,
7290106525399,false,קפסולות ברזיל 06 למכונת אספרסו,שטראוס גרופ בע`מ,,,'יח,0.50,ל-100 גרם,false,12,16.90,33.80,true,1,
7290106525405,false,קפסולות אספרסו נטול למכונת אספרסו,שטראוס גרופ בע`מ,,,'יח,3.90,ל-100 גרם,false,1,16.90,4.33,true,1,
7290106526822,false,פריכיות  אנרג`תחתית חלב 70 גרם כשל`פ,שטראוס גרופ בע`מ,,,'יח,0.70,ל-100 גרם,false,16,7.90,11.29,false,1,
7290106528628,false,דוריטוס dippas טבעי 185 גר`,שטראוס פריטו ליי בע`מ,,,'יח,1.85,ל-100 גרם,false,1,8.50,4.59,false,1,
7290106528949,false,סלט ערוגות ירקות 450גר,ביכורי השדה הצפון בעמ` 1964,,,'יח,3,ל-100 גרם,false,1,12.90,4.30,false,1,
7290106571921,false,עוגיות פיטנס חמוציות 180 גרם,קבוצת אסם סחר,,,'יח,1.80,ל-100 גרם,false,1,10.90,6.06,true,1,
7290106572027,false,לחמית חמישת דגנים 190 גרם,קבוצת אסם סחר,,,'יח,1.90,ל-100 גרם,false,1,9.90,5.21,true,1,
7290106572065,false,חטיפי פריכונים טורטיה חמוץ מתוק 60גר,קבוצת אסם סחר,,,'יח,0.60,ל-100 גרם,false,1,6.90,11.50,false,1,
7290106572997,false,"קמח שמרים לפיצה 1 ק""ג",קבוצת אסם סחר,,,'יח,10,ל-100 גרם,false,1,10.90,1.09,true,1,
7290106573598,false,סלט חומוס לבנוני 400גר,קבוצת אסם סחר,,,'יח,4,ל-100 גרם,false,1,12.90,3.23,false,1,
7290106575431,false,עוגת סופלה שוקו וניל 340 גרם,קבוצת אסם סחר,,,'יח,3.40,ל-100 גרם,false,1,12.90,3.79,false,1,
7290106576513,false,סלט רק חומוס צבר 400 גרם,קבוצת אסם סחר,,,'יח,4,ל-100 גרם,false,1,9.90,2.48,false,1,
7290106576537,false,חומוס 700 גרם,קבוצת אסם סחר,,,'יח,7,ל-100 גרם,false,1,10.90,1.56,false,1,
7290106576834,false,לה קרמריה פונטש בננה כשל`פ 1.4 ליטר,נגה גלידות שותפות מוגבלת,,,'יח,14,"ל-100 מ""ל",false,1,19.90,1.42,false,1,
7290106576971,false,לה קרמריה שוקולד בלגי כשל`פ 1.4 ליטר,נגה גלידות שותפות מוגבלת,,,'יח,14,"ל-100 מ""ל",false,1,19.90,1.42,false,1,
7290106577039,false,לה קרמריה וניל שוקו פליק כשל`פ 1.4 ליט,נגה גלידות שותפות מוגבלת,,,'יח,14,"ל-100 מ""ל",false,1,19.90,1.42,false,1,
7290106577282,false,סלט טחינה צבר 400 גרם,קבוצת אסם סחר,,,'יח,4,ל-100 גרם,false,1,12.90,3.23,false,1,
7290106577527,false,סלט קולסלאו 400 גרם,קבוצת אסם סחר,,,'יח,4,ל-100 גרם,false,1,12.90,3.23,false,1,
7290106577541,false,סלט כרוב אדום 400 גרם,קבוצת אסם סחר,,,'יח,4,ל-100 גרם,false,1,12.90,3.23,false,1,
7290106578692,false,במבה ביסלי מיקס 80 גרם,קבוצת אסם סחר,,,'יח,0.80,ל-100 גרם,false,1,3.90,4.88,true,1,
7290106652996,false,כיף כף מקלות קוקוס  39 גר`,שטראוס גרופ בע`מ,,,'יח,0.40,ל-100 גרם,false,1,4.90,12.25,true,1,
7290106653504,false,בוטנים אמריקאים 50 גר`,שטראוס פריטו ליי בע`מ,,,'יח,0.50,ל-100 גרם,false,1,2.10,4.20,false,1,
7290106653689,false,חסלט ים תיכוני,ביכורי השדה הצפון בעמ` 1964,,,'יח,2.50,ל-100 גרם,false,1,10.90,4.36,false,1,
7290106654099,false,עוגות אישיות מילקי קייק*8יח 272 גר`,שטראוס גרופ בע`מ,,,'יח,2.72,"ל-100 מ""ל",false,8,21.30,7.83,false,1,
7290106662025,false,תפוצ`יפס מלח-פלפל 50 גר`,שטראוס פריטו ליי בע`מ,,,'יח,0.50,ל-100 גרם,false,1,3.90,7.80,false,1,
7290106663121,false,מילקי קייק עוגה בודדת,שטראוס גרופ בע`מ,,,'יח,1.30,"ל-100 מ""ל",false,24,3.10,2.38,false,1,
7290106664555,false,רוטב שמנת עם עגבניות 9%,שטראוס גרופ בע`מ,,,'יח,2.50,"ל-100 מ""ל",false,18,11.90,4.76,true,1,
7290106664562,false,רוטב שמנת עם פטריות 9%,שטראוס גרופ בע`מ,,,'יח,2.50,"ל-100 מ""ל",false,18,11.90,4.76,true,1,
7290106666788,false,.סוכריות נוסטלגיה דבש ממולאות,שטראוס גרופ בע`מ,,,'יח,1,,false,1,5.90,5.90,false,1,
7290106668577,false,"מיץ לימון טבעי 250 מ""ל",שטראוס גרופ בע`מ,,,'יח,2.50,"ל-100 מ""ל",false,12,7.90,3.16,true,1,
7290106721807,false,חציל פיקנטי 400 גר`,שטראוס גרופ בע`מ,,,'יח,4,ל-100 גרם,false,6,10.90,2.73,true,1,
7290106721913,false,צנצנת ריח פה צ`יקלט,שטראוס גרופ בע`מ,,,'יח,0.66,ל-100 גרם,false,12,9.90,15,true,1,
7290106721920,false,צנצנת ספירמינט צ`יקלט,שטראוס גרופ בע`מ,,,'יח,1,,false,12,9.90,9.90,true,1,
7290106723689,false,עלי תרד בייבי שטראוס 200 גר,ביכורי השדה הצפון בעמ` 1964,,,'יח,2,ל-100 גרם,false,1,10.90,5.45,false,1,
7290106724419,false,חיוכים וניל 150 גרם,שטראוס גרופ בע`מ,,,'יח,1.50,ל-100 גרם,false,12,5.30,3.53,false,1,
7290106725867,false,סירופ מייפל טבעי 189 מ`ל,שטראוס גרופ בע`מ,,,'יח,0.18,"ל-100 מ""ל",false,1,29.90,166.11,false,1,
7290106726178,false,דנונה פרו פירות יער,שטראוס גרופ בע`מ,,,'יח,1.50,"ל-100 מ""ל",false,12,4.90,3.27,true,1,
7290106727984,false,כיף כף פצפצים 135 גר`,שטראוס גרופ בע`מ,,,'יח,1.35,ל-100 גרם,false,24,9.90,7.33,true,1,
7290106729650,false,דנונה יוגורט תות 8 יח*150גר,שטראוס גרופ בע`מ,,,'יח,1.50,ל-100 גרם,false,3,26.70,17.80,false,1,
7290107280341,false,מטליות לחות לניקוי הרצפה בניחוח מלון מ,החב. הדרומית לשיווק,,,'יח,1,,false,1,12.90,12.90,false,1,
7290107280549,false,סנו 400-K קטן,החב. הדרומית לשיווק,,,'יח,1,,false,12,12.90,12.90,false,1,
7290107280730,false,סנו ספארק נוזל כלים לבנדר 700 מ`ל,החב. הדרומית לשיווק,,,'יח,7,"ל-100 מ""ל",false,12,8.90,1.27,false,1,
7290107280761,false,סנו ספארק 1 ל`+משאבה,החב. הדרומית לשיווק,,,'יח,10,"ל-100 מ""ל",false,1,12.90,1.29,false,1,
7290107644488,false,בייגלה שמיניות מלח 255 גר`,יוניליוור ישראל שיווק בע`מ,,,'יח,2.55,ל-100 גרם,false,1,5.90,2.31,false,1,
7290107645591,false,מרק בטעם עוף רכיבים טבעיים 400 גרם,יוניליוור ישראל שיווק בע`מ,,,'יח,4,ל-100 גרם,false,1,15.90,3.98,false,1,
7290107646147,false,שוגי חטיף דגנים 8*21 גרם,יוניליוור ישראל שיווק בע`מ,,,'יח,1.56,ל-100 גרם,false,1,12.90,8.27,false,1,
7290107646154,false,שוגי חטיף דגנים 8*21 גרם,יוניליוור ישראל שיווק בע`מ,,,'יח,1.56,ל-100 גרם,false,1,12.90,8.27,false,1,
7290107646918,false,רוטב שקשוקה קנור,יוניליוור ישראל שיווק בע`מ,,,'יח,4.15,ל-100 גרם,false,1,11.90,2.87,false,1,
7290107647731,false,קוקומן חום לבן 375 גרם,יוניליוור ישראל שיווק בע`מ,,,'יח,3.75,ל-100 גרם,false,1,19.90,5.31,true,1,
7290107647816,false,ברנפלקס ללא סוכר בדצ 500 גרם,יוניליוור ישראל שיווק בע`מ,,,'יח,5,ל-100 גרם,false,1,23.50,4.70,false,1,
7290107647854,false,שוגי 500 גרם,יוניליוור ישראל שיווק בע`מ,,,'יח,5,ל-100 גרם,false,1,19.90,3.98,true,1,
7290107649100,false,בייגלה טבעות שומשום 300 גר`,יוניליוור ישראל שיווק בע`מ,,,'יח,3,ל-100 גרם,false,1,9.90,3.30,false,1,
7290107871532,false,מאגדת מלון דובדבן *10 75 גרם,נגה גלידות שותפות מוגבלת,,,'יח,0.75,ל-100 גרם,false,1,16.90,22.53,false,1,
7290107871990,false,פסטה אסם צינורות 500 גרם,קבוצת אסם סחר,,,'יח,5,ל-100 גרם,false,1,5.90,1.18,false,1,
7290107874502,false,ביסלי גריל מארז 4*55 גר`,קבוצת אסם סחר,,,'יח,2.01,ל-100 גרם,false,1,12.90,6.42,true,1,
7290107875158,false,מארז במבה 4*,קבוצת אסם סחר,,,'יח,2.40,ל-100 גרם,false,1,11.90,4.96,true,1,
7290107875271,false,ביסלי ברבקיו מארז 4*55 גר`,קבוצת אסם סחר,,,'יח,2.01,ל-100 גרם,false,1,12.90,6.42,true,1,
7290107875400,false,לה קרמריה פיסטוק פרווה 1.4 ל`,נגה גלידות שותפות מוגבלת,,,'יח,14,ל-100 גרם,false,1,19.90,1.42,false,1,
7290107876889,false,במבה במילוי קרם קרם נוגט,קבוצת אסם סחר,,,'יח,0.45,ל-100 גרם,false,1,3.90,8.67,true,1,
7290107877619,false,במבה קרם נוגט 5יח*30גר כשלפ,קבוצת אסם סחר,,,'יח,1.50,ל-100 גרם,false,1,12.90,8.60,true,1,
7290107879521,false,מאגדת לה פרוטה תות 5*70 גרם,נגה גלידות שותפות מוגבלת,,,'יח,3.50,ל-100 גרם,false,1,19.90,5.69,false,1,
7290107932080,false,חלב   בבקבוק%3 מועשר,שטראוס גרופ בע`מ,,,'יח,10,"ל-100 מ""ל",false,12,7.70,0.77,false,1,
7290107932134,false,חלב   בבקבוק%1 מועשר,שטראוס גרופ בע`מ,,,'יח,10,"ל-100 מ""ל",false,12,7.70,0.77,false,1,
7290107936309,false,דנונה יווני לבן 130 גר`,שטראוס גרופ בע`מ,,,'יח,1.30,ל-100 גרם,false,24,3.60,2.77,false,1,
7290107936965,false,עד חצות ביסקוויט עיגולים 225 גר`,שטראוס גרופ בע`מ,,,'יח,2.25,ל-100 גרם,false,16,11.90,5.29,false,1,
7290107937627,false,צנצנת קוביות ספירמינט 58 גר`,שטראוס גרופ בע`מ,,,'יח,0.58,ל-100 גרם,false,12,9.90,17.07,true,1,
7290107937641,false,צנצנת קוביות בזוקה 58 גר`,שטראוס גרופ בע`מ,,,'יח,1,,false,12,9.90,9.90,true,1,
7290107938396,false,דנונה Actimel בנים בטעם תות 8*100מל,שטראוס גרופ בע`מ,,,'יח,8,"ל-100 מ""ל",false,6,20.90,2.61,false,1,
7290107939027,false,גזר קצוץ חסלט,ביכורי השדה הצפון בעמ` 1964,,,'יח,1,,false,1,8.90,8.90,false,1,
7290107941266,false,שעועית אדומה מבושלת,ביכורי השדה הצפון בעמ` 1964,,,'יח,1,,false,1,12.90,12.90,false,1,
7290107942355,false,תפוצ`יפס מקלות טעם טבעי 60 גר`,שטראוס פריטו ליי בע`מ,,,'יח,0.60,ל-100 גרם,false,1,3.90,6.50,false,1,
7290107944472,false,גבינת סימפוניה 5% שום שמיר 200גרם,שטראוס גרופ בע`מ,,,'יח,2,ל-100 גרם,false,12,10.90,5.45,false,1,
7290107945165,false,קונפיטורת משמש 340 גרם,שטראוס גרופ בע`מ,,,'יח,3.40,ל-100 גרם,false,6,14.90,4.38,true,1,
7290107950190,false,מעדן דיאט שוקולד מריר 130 גר`,שטראוס גרופ בע`מ,,,'יח,1.30,ל-100 גרם,false,24,3.50,2.69,false,1,
7290107954709,false,קונפיטורת פירות היער 340 גרם,שטראוס גרופ בע`מ,,,'יח,3.40,ל-100 גרם,false,6,14.90,4.38,true,1,
7290107954976,false,משקה יטבתה פרו קפה 350 מל`,שטראוס גרופ בע`מ,,,'יח,3.50,"ל-100 מ""ל",false,6,6.40,1.83,false,1,
7290107956543,false,דבש טהור מפרחי בר 900 גר`,שטראוס גרופ בע`מ,,,'יח,1,,false,6,39.90,39.90,false,1,
7290107956642,false,תרסיס שמן זית להתזה 150 גר`,שטראוס גרופ בע`מ,,,'יח,1.50,"ל-100 מ""ל",false,12,17.90,11.93,false,1,
7290107956895,false,קפסולות אספרסו למכונת אספרסו,שטראוס גרופ בע`מ,,,'יח,0.50,ל-100 גרם,false,12,16.90,33.80,true,1,
7290107958035,false,יוגורט במתיקות מעודנת 2% 150 גרם *8,שטראוס גרופ בע`מ,,,'יח,1.20,ל-100 גרם,false,1,18.50,15.42,false,1,
7290107973861,false,מנה מארז שלישייה עגבניות מרוסקות,ש. שסטוביץ בע`מ,,,'יח,1.20,ל-100 גרם,false,1,16.90,14.08,true,1,
7290107974066,false,מנה עלי טורטיה קמח מלא 320 גר`,ש. שסטוביץ בע`מ,,,'יח,3.20,ל-100 גרם,false,1,9.90,3.09,false,1,
7290107974080,false,מנה עלי טורטיה קמח לבן 840 גר`,ש. שסטוביץ בע`מ,,,'יח,8.40,ל-100 גרם,false,1,15.90,1.89,false,1,
7290107975544,false,קולגייט משחת שיניים Smiles משחת שיניים,ש. שסטוביץ בע`מ,,,'יח,0.50,ל-100 גרם,false,1,11.90,23.80,false,1,
7290107978330,false,מאסטר שף איטריות דקות 400 גר`,ש. שסטוביץ בע`מ,,,'יח,4,ל-100 גרם,false,1,6.90,1.73,true,1,
7290107978453,false,קראנצוס גריל 55 גר`,ש. שסטוביץ בע`מ,,,'יח,0.70,ל-100 גרם,false,1,3.90,5.57,true,1,
7290107978460,false,קראנצוס פאלפל 55 גר`,ש. שסטוביץ בע`מ,,,'יח,0.70,ל-100 גרם,false,1,3.90,5.57,true,1,
7290107978637,false,מרידול משחת שיניים 75 גרם,ש. שסטוביץ בע`מ,,,'יח,0.75,ל-100 גרם,false,1,19.90,26.53,false,1,
7290108350128,false,סנו סושי 40 שקיות אשפה חזקות במיוחד,החב. הדרומית לשיווק,,,'יח,1,,false,12,23.90,23.90,false,1,
7290108350531,false,סנו ספארק נוזל לניקוי כלים עם משאבה קל,החב. הדרומית לשיווק,,,'יח,10,"ל-100 מ""ל",false,12,12.90,1.29,false,1,
7290108350555,false,סנו ספארק נוזל לניקוי כלים עם משאבה שק,החב. הדרומית לשיווק,,,'יח,10,"ל-100 מ""ל",false,1,12.90,1.29,false,1,
7290108351613,false,סנו ריצפז 2 ליטר,החב. הדרומית לשיווק,,,'יח,20,"ל-100 מ""ל",false,8,21.90,1.10,false,1,
7290108351699,false,מגבונים ג`ט לניקוי מארז,החב. הדרומית לשיווק,,,'יח,1,,false,8,19.90,19.90,false,1,
7290108351804,false,מרכך כביסה מקסימה סופר מרוכז 1 ל`,החב. הדרומית לשיווק,,,'יח,10,"ל-100 מ""ל",false,12,18.90,1.89,true,1,
7290108352566,false,מרכך כביסה סנו מקסימה ג`וי 4 ליטר,החב. הדרומית לשיווק,,,'יח,40,"ל-100 מ""ל",false,6,19.90,0.50,false,1,
7290108352672,false,סנו סושי מטלית הפלא לרצפה צמד,החב. הדרומית לשיווק,,,'יח,1,,false,12,19.90,19.90,false,1,
7290108352795,false,שקיות זיפר 50  יח`במידה M סנו סושי,החב. הדרומית לשיווק,,,'יח,7.50,"ל-100 מ""ל",false,1,11.90,1.59,false,1,
7290108352825,false,ספוג הפלא נירוסטה *3,החב. הדרומית לשיווק,,,'יח,1,,false,12,11.90,11.90,false,1,
7290108352900,false,סנו סושי מגבות נייר בגליל כפול 6 ג`,החב. הדרומית לשיווק,,,'יח,25.50,ל-100 גרם,false,1,23.90,0.94,false,1,
7290108353099,false,ממחטות אף דו שכבתיות נשלפות אחד אח,החב. הדרומית לשיווק,,,'יח,1,ל-100 גרם,false,1,14.90,14.90,false,1,
7290108353686,false,סנו סושי מטלית חלומית לרצפה,החב. הדרומית לשיווק,,,'יח,1,,false,12,11.90,11.90,false,1,
7290108353808,false,תחליב רחצה מדגסקר בניחוח אמבר  נקה 7,החב. הדרומית לשיווק,,,'יח,7.50,לליטר,false,12,10.90,1.45,true,1,
7290108354447,false,"כיף מרכך  לשיקום והזנה 700 מ""ל",החב. הדרומית לשיווק,,,'יח,7,"ל-100 מ""ל",false,1,12.90,1.84,false,1,
7290108354591,false,נקה 7 ביו תחליב רחצה 750 מל,החב. הדרומית לשיווק,,,'יח,7.50,"ל-100 מ""ל",false,1,11.90,1.59,true,1,
7290108356137,false,תחליב רחצה לבנדר 700 מל`,החב. הדרומית לשיווק,,,'יח,7,"ל-100 מ""ל",false,12,12.90,1.84,false,1,
7290108356168,false,תחליב רחצה כיף אוקיינוס 700 מל`,החב. הדרומית לשיווק,,,'יח,7,"ל-100 מ""ל",false,12,12.90,1.84,false,1,
7290108357653,false,סנובון ג`ל אסלה אוקיינוס שלישיה,החב. הדרומית לשיווק,,,'יח,1,'יח,false,1,14.90,14.90,false,1,
7290108357837,false,כיף אל סבון שקית  מילוי+ פקק 1 ליטר,החב. הדרומית לשיווק,,,'יח,1,'יח,false,1,8.90,8.90,false,1,
7290108357844,false,כיף אל סבון שקית  מילוי+ פקק 1 ליטר,החב. הדרומית לשיווק,,,'יח,1,'יח,false,1,8.90,8.90,false,1,
7290108358070,false,"תחליב רחצה קרמה קלאסי  700 מ""ל",החב. הדרומית לשיווק,,,'יח,7,"ל-100 מ""ל",false,1,17.90,2.56,false,1,
7290108358087,false,"תחליב רחצה קרמה מאסק 700 מ""ל",החב. הדרומית לשיווק,,,'יח,7,"ל-100 מ""ל",false,1,17.90,2.56,false,1,
7290108359091,false,כיסוי ניילון עם גומי L סנו סושי,החב. הדרומית לשיווק,,,'יח,1,'יח,false,1,9.90,9.90,false,1,
7290108420401,false,תמר  מג`הול,ביכורי השדה הצפון בעמ` 1964,,,'יח,1,'יח,false,1,17.90,17.90,false,1,
7290108468977,false,שלישיית גרבי ספורט לגבר,הום פרפקט ק.ד.מ בעמ,,,'יח,1,,false,1,14.90,14.90,true,1,
7290108500677,false,כבד דג שיבוט בשמן דג 115גר,ג. וילי-פוד אינטרנשיונל בע`מ,,,'יח,1.15,ל-100 גרם,false,12,9.90,8.61,false,1,
7290108501346,false,גבינה גאודה מגורדת 500  גר`28%,ג. וילי-פוד אינטרנשיונל בע`מ,,,'יח,5,ל-100 גרם,false,1,24.90,4.98,false,1,
7290108501377,false,שפרוטים מעושנים מריגה 160 גר`,ג. וילי-פוד אינטרנשיונל בע`מ,,,'יח,1.60,ל-100 גרם,false,1,9.90,6.19,false,1,
7290108501391,false,גבינת חצי קשה מחלב עיזים פרוסות 150 גר`,ג. וילי-פוד אינטרנשיונל בע`מ,,,'יח,1.50,ל-100 גרם,false,1,22.90,15.27,false,1,
7290108501490,false,גבינת מוצרלה פרוסות 150 גר`,ג. וילי-פוד אינטרנשיונל בע`מ,,,'יח,1.50,ל-100 גרם,false,1,14.90,9.93,false,1,
7290108503067,false,פרמז`נו משולש 150 גר`,ג. וילי-פוד אינטרנשיונל בע`מ,,,'יח,1.50,ל-100 גרם,false,1,15.90,10.60,false,1,
7290108503159,false,גבינה כחולה עם עובש 100  גר%`31,ג. וילי-פוד אינטרנשיונל בע`מ,,,'יח,1,ל-100 גרם,false,1,14.90,14.90,false,1,
7290108503982,false,פרוסות גבינה בטעם צ`דר לכריכי 9% 150 גר`,ג. וילי-פוד אינטרנשיונל בע`מ,,,'יח,1.50,ל-100 גרם,false,1,9.90,6.60,true,1,
7290108503999,false,פרוסות גבינה בטעם גאודה לכריכים9% 150 ג,ג. וילי-פוד אינטרנשיונל בע`מ,,,'יח,1.50,ל-100 גרם,false,1,9.90,6.60,true,1,
7290108504286,false,איביריקו צ`אנק 150 גר`,ג. וילי-פוד אינטרנשיונל בע`מ,,,'יח,1.50,ל-100 גרם,false,1,16.90,11.27,true,1,
7290108504293,false,מנצ`גו  צ`אנק 150 גר`,ג. וילי-פוד אינטרנשיונל בע`מ,,,'יח,1.50,ל-100 גרם,false,1,16.90,11.27,true,1,
7290108504378,false,גבינת שמנת EURO CHEESE זיתים  200 גר`,ג. וילי-פוד אינטרנשיונל בע`מ,,,'יח,2,ל-100 גרם,false,1,11.90,5.95,false,1,
7290108504385,false,גבינת שמנת EURO CHEESE חלפיניו  200 גר,ג. וילי-פוד אינטרנשיונל בע`מ,,,'יח,2,ל-100 גרם,false,1,11.90,5.95,false,1,
7290108505740,false,גבינת קשקבל חצי קשה 25% 200 גר`,ג. וילי-פוד אינטרנשיונל בע`מ,,,'יח,2,ל-100 גרם,false,1,13.90,6.95,false,1,
7290108506709,false,גבינת פרמגיאנו 150 גר`,ג. וילי-פוד אינטרנשיונל בע`מ,,,'יח,1.50,ל-100 גרם,false,1,21.90,14.60,false,1,
7290108506815,false,גליליות וופל במילוי קרם קרמל מלו 400 ג,ג. וילי-פוד אינטרנשיונל בע`מ,,,'יח,4,ל-100 גרם,false,1,13.90,3.48,false,1,
7290108507287,false,סלק מבושל,ביכורי השדה הצפון בעמ` 1964,,,'יח,0.45,ל-100 גרם,false,1,9.90,22,false,1,
7290108508499,false,"משקה יוגורט איירן בסגנון טורקי 293 מ""ל",ג. וילי-פוד אינטרנשיונל בע`מ,,,'יח,2.93,"ל-100 מ""ל",false,1,4.90,1.67,true,1,
7290108509113,false,גבינה בולגרית מעודנת 250 גר` 18% שומן,ג. וילי-פוד אינטרנשיונל בע`מ,,,'יח,2.50,ל-100 גרם,false,1,10.90,4.36,false,1,
7290108509120,false,גבינה בולגרית מעודנת 500 גר` 18% שומן,ג. וילי-פוד אינטרנשיונל בע`מ,,,'יח,2.50,ל-100 גרם,false,1,19.90,7.96,false,1,
7290108509182,false,גבינה פטה 250 גר` 17% שומן,ג. וילי-פוד אינטרנשיונל בע`מ,,,'יח,2,ל-100 גרם,false,1,12.90,6.45,false,1,
7290108509205,false,חטיף אורז אפוי בטעם טבעי לתינוקות 50גרם,ג. וילי-פוד אינטרנשיונל בע`מ,,,'יח,0.50,ל-100 גרם,false,1,11.90,23.80,false,1,
7290108509267,false,ארוחת פסטה עם רוטב גבינה 206 גר`,ג. וילי-פוד אינטרנשיונל בע`מ,,,'יח,2.06,ל-100 גרם,false,1,8.90,4.32,true,1,
7290108509700,false,"אורז פרסי DAAWAT 1 ק""ג",ג. וילי-פוד אינטרנשיונל בע`מ,,,'יח,10,ל-100 גרם,false,1,9.90,0.99,false,1,
7290108509908,false,מנת השף אטריות בטעם סיני ירקות 85 גר`,ג. וילי-פוד אינטרנשיונל בע`מ,,,'יח,8.50,ל-100 גרם,false,1,3.90,0.46,true,1,
7290108509915,false,מנת השף אטריות בטעם סיני פיקנטי 85 גר`,ג. וילי-פוד אינטרנשיונל בע`מ,,,'יח,8.50,ל-100 גרם,false,1,3.90,0.46,true,1,
7290108547825,false,מטריית ידית עור סבא,ד.ג.ש ייבוא ושיווק בעמ,,,'יח,0,'יח,false,1,29.90,29.90,false,1,
7290109353272,false,פרפקטו ספגטי עתיר בסיבים 500 גרם,קבוצת אסם סחר,,,'יח,5,ל-100 גרם,false,1,6.90,1.38,true,1,
7290109354996,false,פתי בר ללא גלוטן שוקו 200 גר`,קבוצת אסם סחר,,,'יח,2,ל-100 גרם,false,1,9.90,4.95,false,1,
7290109358482,false,קרמוגית אסם במילוי חלווה,קבוצת אסם סחר,,,'יח,2,ל-100 גרם,false,1,10.90,5.45,true,1,
7290109492414,false,סכיני מטבח שישייה,הום פרפקט ק.ד.מ בעמ,,,'יח,1,,false,1,14.90,14.90,true,1,
7290109580104,false,רוסטביף פרימיום  150 גר`,נקניק זוגלובק נהריה,,,'יח,1.50,ל-100 גרם,false,1,26.90,17.93,false,1,
7290109580135,false,קורנדביף  180 גר`,נקניק זוגלובק נהריה,,,'יח,1.80,ל-100 גרם,false,1,26.90,14.94,false,1,
7290109580227,false,נקניקיות ריינהולד`ס קאריוורסט 300 גרם,נקניק זוגלובק נהריה,,,'יח,3,ל-100 גרם,false,1,19.90,6.63,false,1,
7290109580241,false,נאגטס מן הצומח 500 גר`,נקניק זוגלובק נהריה,,,'יח,5,ל-100 גרם,false,1,23.90,4.78,false,1,
7290109580432,false,פסטרמה חזה הודו מעושן 120 גר` דק דק,נקניק זוגלובק נהריה,,,'יח,1.20,ל-100 גרם,false,1,14.90,12.42,true,1,
7290109920603,false,אסטוניש קרם מטבח,יעקב יעקבי ובניו בע`מ,,,'יח,5.50,"ל-100 מ""ל",false,1,11.90,2.16,false,1,
7290109920627,false,אסטוניש קרם אמבט+אקונמיקה,יעקב יעקבי ובניו בע`מ,,,'יח,5.50,"ל-100 מ""ל",false,1,11.90,2.16,false,1,
7290109920849,false,אסטוניש מרסס תפוז לניקוי רב תכליתי,יעקב יעקבי ובניו בע`מ,,,'יח,7.50,"ל-100 מ""ל",false,1,11.90,1.59,false,1,
7290109923147,false,"אסטוניש מרסס פלא של אקונומיקה 750 מ""ל",יעקב יעקבי ובניו בע`מ,,,'יח,7.50,"ל-100 מ""ל",false,1,14.90,1.99,false,1,
7290110059545,false,בקבוק נירוסטה מעוצב 500 מל`,שמחה זה אנחנו בע`מ,,,'יח,1,,false,1,22.90,22.90,false,1,
7290110110277,false,סמרסבי רבעייה,החברה המרכזית להפצת משקאות בע`,,,'יח,10,"ל-100 מ""ל",false,1,29.90,2.87,false,1,
7290110114787,false,נביעות מים מינרלים תפוח1.5 ל פיקדון,החברה המרכזית להפצת משקאות בע`,,,'יח,15,"ל-100 מ""ל",false,12,9.90,0.64,false,1,
7290110114794,false,נביעות מים מינרליים אפרסק 1.5ל פיקדון,החברה המרכזית להפצת משקאות בע`,,,'יח,15,"ל-100 מ""ל",false,12,9.90,0.64,false,1,
7290110114800,false,נביעות מים מינרליים ענבים1.5 ל` פיקדון,החברה המרכזית להפצת משקאות בע`,,,'יח,15,"ל-100 מ""ל",false,12,9.90,0.64,false,1,
7290110114855,false,נביעות שישייה מים מינרלים שקט 1.5 ל`,החברה המרכזית להפצת משקאות בע`,,,'יח,90,"ל-100 מ""ל",false,1,12.90,0.12,false,1,
7290110114893,false,מיץ תפוזים מפוסטר סחוט 2 ליטר,החברה המרכזית להפצה,,,'יח,20,"ל-100 מ""ל",false,1,28.90,1.43,true,1,
7290110114954,false,מיץ תפוז מתקתק 100% 2 ליטר,החברה המרכזית להפצה,,,'יח,4,"ל-100 מ""ל",false,1,21.90,5.40,false,1,
7290110114961,false,פריגת משקה תפוזים 1.5 ליטר פיקדון,החברה המרכזית להפצת משקאות בע`,,,'יח,15,"ל-100 מ""ל",false,12,9.50,0.61,false,1,
7290110114985,false,פריגת משקה אשכוליות 1.5 ליטר פיקדון,החברה המרכזית להפצת משקאות בע`,,,'יח,15,"ל-100 מ""ל",false,12,9.50,0.61,false,1,
7290110114992,false,פריגת דיאט אשכוליות 1.5 ליטר פיקדון,החברה המרכזית להפצת משקאות בע`,,,'יח,15,"ל-100 מ""ל",false,12,8.90,0.57,false,1,
7290110115005,false,פריגת משקה ענבים 1.5 ליטר פיקדון,החברה המרכזית להפצת משקאות בע`,,,'יח,15,"ל-100 מ""ל",false,12,9.50,0.61,false,1,
7290110115029,false,פריגת מיקס תפוחים 1.5 ליטר פיקדון,החברה המרכזית להפצת משקאות בע`,,,'יח,15,"ל-100 מ""ל",false,12,9.50,0.61,false,1,
7290110115036,false,פריגת משקה מנגו 1.5 ליטר פיקדון,החברה המרכזית להפצת משקאות בע`,,,'יח,15,"ל-100 מ""ל",false,12,9.50,0.61,false,1,
7290110115043,false,פריגת לימונענע 1.5 ליטר פיקדון,החברה המרכזית להפצת משקאות בע`,,,'יח,15,"ל-100 מ""ל",false,12,9.50,0.61,false,1,
7290110115050,false,פריגת מיקס תות בננה 1.5 ליטר פיקדון,החברה המרכזית להפצת משקאות בע`,,,'יח,15,"ל-100 מ""ל",false,12,9.50,0.61,false,1,
7290110115104,false,פריגת צלול אפרסק 1.5 ל` פיקדון,החברה המרכזית להפצת משקאות בע`,,,'יח,15,"ל-100 מ""ל",false,1,7.90,0.51,false,1,
7290110115203,false,קוקה קולה 1.5 ליטר פיקדון,החברה המרכזית להפצת משקאות בע`,,,'יח,15,"ל-100 מ""ל",false,12,8.90,0.57,false,1,
7290110115210,false,קוקה קולה דיאט 1.5 ליטר פיקדון,החברה המרכזית להפצת משקאות בע`,,,'יח,10,"ל-100 מ""ל",false,12,8.40,0.81,false,1,
7290110115227,false,קוקה קולה Zero בקבוק 1.5 ליטר פיקדון,החברה המרכזית להפצת משקאות בע`,,,'יח,15,"ל-100 מ""ל",false,1,8.40,0.54,false,1,
7290110115234,false,קוקה קולה דיאט זירו 1.5 ליטר פיקדון,החברה המרכזית להפצת משקאות בע`,,,'יח,15,"ל-100 מ""ל",false,12,8.40,0.54,false,1,
7290110115241,false,קוקה קולה דיאט לימון 1.5 ליטר פיקדון,החברה המרכזית להפצת משקאות בע`,,,'יח,15,"ל-100 מ""ל",false,12,8.40,0.54,false,1,
7290110115265,false,ספרייט 1.5 ליטר פיקדון,החברה המרכזית להפצת משקאות בע`,,,'יח,15,"ל-100 מ""ל",false,12,8.90,0.57,true,1,
7290110115272,false,ספרייט זירו 1.5 ליטר,החברה המרכזית להפצת משקאות בע`,,,'יח,15,"ל-100 מ""ל",false,12,8.80,0.57,true,1,
7290110115296,false,גזוז בטעם תפוז פאנטה 1.5 ליטר פיקדון,החברה המרכזית להפצת משקאות בע`,,,'יח,15,"ל-100 מ""ל",false,12,8.90,0.57,false,1,
7290110115302,false,פאנטה ZERO אורנג`  1.5 ליטר פיקדון,החברה המרכזית להפצת משקאות בע`,,,'יח,15,"ל-100 מ""ל",false,12,8.40,0.54,false,1,
7290110115333,false,גזוז בטעם תות פאנטה 1.5 ליטר פיקדון,החברה המרכזית להפצת משקאות בע`,,,'יח,15,"ל-100 מ""ל",false,1,8.90,0.57,false,1,
7290110115364,false,קוקה קולה שישיה 1.5 ליטר פיקדון,החברה המרכזית להפצת משקאות בע`,,,'יח,90,"ל-100 מ""ל",false,1,51.90,0.56,false,1,
7290110115371,false,קוקה קולה דיאט 6 בקבוקים 1.5 ל פיקדון,החברה המרכזית להפצת משקאות בע`,,,'יח,15,"ל-100 מ""ל",false,1,49.90,3.21,false,1,
7290110115401,false,קינלי סודה 6*1.5 ליטר פיקדון,החברה המרכזית להפצת משקאות בע`,,,'יח,90,"ל-100 מ""ל",false,1,15.90,0.16,false,1,
7290110115418,false,קוקה קולה Zero בקבוק 6*1.5 ליטר פיקדון,החברה המרכזית להפצת משקאות בע`,,,'יח,90,"ל-100 מ""ל",false,1,49.90,0.53,false,1,
7290110115425,false,פיוז-טי לימון נענע 1.5 ליטר,החברה המרכזית להפצת משקאות בע`,,,'יח,15,"ל-100 מ""ל",false,12,9.20,0.59,false,1,
7290110115449,false,פיוז-טי תה מנגו אננס 1.5 ליטר פיקדון,החברה המרכזית להפצת משקאות בע`,,,'יח,15,"ל-100 מ""ל",false,12,9.20,0.59,false,1,
7290110115463,false,פיוז-טי תה אפרסק  1.5 ליטר פיקדון,החברה המרכזית להפצת משקאות בע`,,,'יח,15,"ל-100 מ""ל",false,12,8.90,0.57,false,1,
7290110115968,false,קוקה קולה 1 ליטר,החברה המרכזית להפצת משקאות בע`,,,'יח,10,"ל-100 מ""ל",false,1,7.90,0.76,false,1,
7290110115975,false,קוקה קולה 1  ל`ZERO,החברה המרכזית להפצת משקאות בע`,,,'יח,10,"ל-100 מ""ל",false,12,7.90,0.76,false,1,
7290110116194,false,נביעות+ לימון  1.5 ל` 0 קלוריות,החברה המרכזית להפצת משקאות בע`,,,'יח,15,"ל-100 מ""ל",false,12,9.90,0.64,false,1,
7290110116217,false,נביעות+ אשכוליות  1.5 ל` 0 קלוריות,החברה המרכזית להפצת משקאות בע`,,,'יח,15,"ל-100 מ""ל",false,12,9.90,0.64,false,1,
7290110116576,false,"ספרייט זירו 500 מ""ל LEMON HIT",החברה המרכזית להפצת משקאות בע`,,,'יח,5,"ל-100 מ""ל",false,24,5.80,1.10,false,1,
7290110320850,false,פתיתי גבינת עמק 200 גר,תנובה חלב,,,'יח,2,ל-100 גרם,false,1,15.20,7.60,false,1,
7290110320867,false,פתיתי גבינת עמק למאפים 500 גר,תנובה חלב,,,'יח,2,ל-100 גרם,false,1,34.90,17.45,false,1,
7290110320935,false,פרוסות מוצרלה 150 גר`,תנובה חלב,,,'יח,1.50,ל-100 גרם,false,1,16.90,11.27,false,1,
7290110321031,false,מעדן GO יופלה 200 גר`,תנובה חלב,,,'יח,2,ל-100 גרם,false,1,5.90,2.95,false,1,
7290110321277,false,קוט`ג 5% 80 גר`,תנובה חלב,,,'יח,0.80,ל-100 גרם,false,1,2.50,3.13,false,1,
7290110321284,false,קוט`ג בקטנה 5% 80 גר`,תנובה חלב,,,'יח,0.80,ל-100 גרם,false,1,2.50,3.13,false,1,
7290110321680,false,יופלה GO תות,תנובה חלב,,,'יח,2,ל-100 גרם,false,1,5.90,2.95,true,1,
7290110322014,false,טופו טבעי 300 גר`,תנובה חלב,,,'יח,3,ל-100 גרם,false,1,12.90,4.30,false,1,
7290110322021,false,טופו בזיליקום 300 גר`,תנובה חלב,,,'יח,3,ל-100 גרם,false,1,12.90,4.30,false,1,
7290110322038,false,טופו פיקנטי 300 גר`,תנובה חלב,,,'יח,3,ל-100 גרם,false,1,12.90,4.30,false,1,
7290110323073,false,יוגורט משקה מעושר בחלבון תות ופטל,תנובה חלב,,,'יח,2.50,"ל-100 מ""ל",false,1,6.50,2.60,false,1,
7290110323301,false,גבינת טל העמק 32% 200 גר`,תנובה חלב,,,'יח,2,ל-100 גרם,false,1,17.90,8.95,false,1,
7290110323592,false,יופלה GO לייט פירות היער,תנובה חלב,,,'יח,2,ל-100 גרם,false,1,5.90,2.95,true,1,
7290110323714,false,משקה שקדים קוקוס טרי,תנובה חלב,,,'יח,10,"ל-100 מ""ל",false,1,11.90,1.19,true,1,
7290110324551,false,יופלה טיוב יוגורט במרקם חלק תות,תנובה חלב,,,'יח,3.48,"ל-100 מ""ל",false,1,12.90,3.71,false,1,
7290110324711,false,ממרח סויה בטעם טבעי9%,תנובה חלב,,,'יח,2.50,ל-100 גרם,false,1,8.90,3.56,false,1,
7290110324841,false,"מעדן שקדים עם שוקולד מריר 125 מ""ל",תנובה חלב,,,'יח,1.25,"ל-100 מ""ל",false,1,3.90,3.12,false,1,
7290110324926,false,משקה סויה מועשר ללא סוכר  1 ליטר,תנובה חלב,,,'יח,10,"ל-100 מ""ל",false,1,10.90,1.09,true,1,
7290110325114,false,משקה יוגורט גו לייט תות בננה,תנובה חלב,,,'יח,2.50,"ל-100 מ""ל",false,1,6.50,2.60,false,1,
7290110325305,false,מעדן סויה גו 20  גר`חלבון במתיקות מועדנת,תנובה חלב,,,'יח,2,ל-100 גרם,false,1,5.90,2.95,false,1,
7290110325619,false,משקה שיבולת שועל 1 ליטר,תנובה חלב,,,'יח,10,"ל-100 מ""ל",false,1,11.90,1.19,true,1,
7290110325893,false,משקה GO חלב אייס קפה  27  גר`חלבון,תנובה חלב,,,'יח,3.50,"ל-100 מ""ל",false,1,7.90,2.26,false,1,
7290110326333,false,פרוסות גבינה סקנדינבית170 גר`,תנובה חלב,,,'יח,2,ל-100 גרם,false,1,19.90,9.95,false,1,
7290110327033,false,משקה סויה GO במתיקות מופחתת 1 ליטר,תנובה חלב,,,'יח,10,"ל-100 מ""ל",false,1,12.90,1.29,false,1,
7290110327064,false,משקה קפה שיבולת שועל בטעם קרמל 1 ל`,תנובה חלב,,,'יח,10,"ל-100 מ""ל",false,1,13.40,1.34,false,1,
7290110327514,false,משקה שיבולת שועל בטעם אגוזי לוז 1 ליט,תנובה חלב,,,'יח,10,"ל-100 מ""ל",false,1,11.90,1.19,true,1,
7290110328016,false,משקה סויה מועשר בחלבון טעם א.לוז 1 ל`,תנובה חלב,,,'יח,10,"ל-100 מ""ל",false,1,7.90,0.79,false,1,
7290110328627,false,יוגורט גו סמיך 0% בננה קרמל  200 גר`,תנובה חלב,,,'יח,2,ל-100 גרם,false,1,5.90,2.95,true,1,
7290110328764,false,יוגורט גו סמיך 0% תות 200 גרם,תנובה חלב,,,'יח,2,ל-100 גרם,false,1,5.90,2.95,true,1,
7290110328771,false,יוגורט גו סמיך 0% פירות יער 200 גר`,תנובה חלב,,,'יח,2,ל-100 גרם,false,1,5.90,2.95,true,1,
7290110328788,false,יוגורט גו סמיך 0% אפרסק 200 גר`,תנובה חלב,,,'יח,2,ל-100 גרם,false,1,5.90,2.95,true,1,
7290110329136,false,מעדן חלב GO בטעם שוקולד 12 גר חלבון,תנובה חלב,,,'יח,1.50,ל-100 גרם,false,1,4.90,3.27,false,1,
7290110329143,false,מעדן חלב GO וניל 12 גר חלבון,תנובה חלב,,,'יח,1.50,ל-100 גרם,false,1,4.90,3.27,false,1,
7290110329266,false,יוגורט תנובה מחלב עיזים מלא 140 גרם,תנובה חלב,,,'יח,1.40,ל-100 גרם,false,1,5.90,4.21,false,1,
7290110329273,false,יוגורט תנובה מחלב עיזים מלא 750 גרם,תנובה חלב,,,'יח,7.50,ל-100 גרם,false,1,19.90,2.65,false,1,
7290110329426,false,טופו טבעי 250 גרם עם קרם קוקוס,תנובה חלב,,,'יח,2.50,ל-100 גרם,false,1,12.90,5.16,false,1,
7290110329433,false,טופו טבעי 250 גרם עם רוטב סצ`ואן,תנובה חלב,,,'יח,2.50,ל-100 גרם,false,1,12.90,5.16,false,1,
7290110329686,false,משקה GO חלב בטעם עוגיות  27  גר`חלבון,תנובה חלב,,,'יח,3.50,"ל-100 מ""ל",false,1,7.90,2.26,false,1,
7290110329792,false,מעדן סויה ביו אפרסק ALTERNATIVE 150 גר,תנובה חלב,,,'יח,1.50,ל-100 גרם,false,1,4.90,3.27,false,1,
7290110329808,false,מעדן סויה ביו תות ALTERNATIVE 150 גרם,תנובה חלב,,,'יח,1.50,ל-100 גרם,false,1,4.90,3.27,false,1,
7290110329822,false,מעדן סויה ביו טבעי עם פירות יער 150 גר,תנובה חלב,,,'יח,1.50,ל-100 גרם,false,1,4.90,3.27,false,1,
7290110550202,false,מטבעות שוקולד חלב לאפיה 400 גרם,שטראוס גרופ בע`מ,,,'יח,4,ל-100 גרם,false,1,27.90,6.98,false,1,
7290110550370,false,פירכיות קינואה ופלפל שחור 65 גרם,שטראוס גרופ בע`מ,,,'יח,0.65,ל-100 גרם,false,10,8.90,13.69,true,1,
7290110552220,false,דנונה פרו תות ללא סוכר 200 גר`,שטראוס גרופ בע`מ,,,'יח,1.55,"ל-100 מ""ל",false,12,5.90,3.81,true,1,
7290110552237,false,דנונה פרו אפרסק מנגו 200 גר`,שטראוס גרופ בע`מ,,,'יח,1.55,"ל-100 מ""ל",false,12,5.90,3.81,true,1,
7290110553029,false,פירכיות חלבון קייל חומוס ומלח 60 גרם,שטראוס גרופ בע`מ,,,'יח,0.60,ל-100 גרם,false,10,8.90,14.83,true,1,
7290110553104,false,קפוצ`ינו סטיק קלאסי,שטראוס גרופ בע`מ,,,'יח,1,ל-100 גרם,false,1,16.90,16.90,false,1,
7290110553135,false,קפוצ`ינו סטיק וניל,שטראוס גרופ בע`מ,,,'יח,1,ל-100 גרם,false,1,16.90,16.90,false,1,
7290110553180,false,אנרג`י פירכיות בטעם תפוח קינמון 40 גרם,שטראוס גרופ בע`מ,,,'יח,0.40,ל-100 גרם,false,1,5.90,14.75,true,1,
7290110553623,false,צ`יטוס צ`דר חלפיניו 80 גר`,שטראוס פריטו ליי בע`מ,,,'יח,0.80,ל-100 גרם,false,1,4.90,6.13,false,1,
7290110554101,false,"סירופ מייפל טבעי בפאוץ 125 מ""ל",שטראוס גרופ בע`מ,,,'יח,1.25,"ל-100 מ""ל",false,1,15.90,12.72,false,1,
7290110554422,false,רוטב עגבניות ופלפלים לשקשוקה 350 גרם,שטראוס גרופ בע`מ,,,'יח,3.50,ל-100 גרם,false,1,10.90,3.11,true,1,
7290110554507,false,קפה טורקי תמני שקית 100 גרם,שטראוס גרופ בע`מ,,,'יח,1,,false,1,8.90,8.90,false,1,
7290110554545,false,קפסולות לאפוגטו קוקוס 50 גרם,שטראוס גרופ בע`מ,,,'יח,0.50,ל-100 גרם,false,12,16.90,33.80,false,1,
7290110554583,false,צ`יטוס מארז פאפאס גבינה  20*10,שטראוס פריטו ליי בע`מ,,,'יח,2,ל-100 גרם,false,1,13.90,6.95,false,1,
7290110555665,false,עלית אבקת קקאו דל שומן,שטראוס גרופ בע`מ,,,'יח,1.50,ל-100 גרם,false,1,19.90,13.27,false,1,
7290110556242,false,שוקולד פרה מריר,שטראוס גרופ בע`מ,,,'יח,1,ל-100 גרם,false,1,5.90,5.90,true,1,
7290110557102,false,מעדן פרו עם שוקולד 11 גר` חלבון 150 גר,שטראוס גרופ בע`מ,,,'יח,1.50,ל-100 גרם,false,24,5.90,3.93,true,1,
7290110557133,false,מעדן הגולן וניל  125 גר`,שטראוס גרופ בע`מ,,,'יח,1.25,ל-100 גרם,false,1,2.90,2.32,true,1,
7290110557478,false,חומוס גלילי 600 גרם,שטראוס גרופ בע`מ,,,'יח,6,ל-100 גרם,false,1,12.90,2.15,true,1,
7290110557645,false,אנרג`י מיקס צימוקים חמוציות ושוקולד לבן,שטראוס גרופ בע`מ,,,'יח,1,ל-100 גרם,false,1,13.90,13.90,false,1,
7290110558130,false,אקטיביה עם שיבולת שועל,שטראוס גרופ בע`מ,,,'יח,1,ל-100 גרם,false,24,5.10,5.10,false,1,
7290110558222,false,דנונה בנופי WOW,שטראוס גרופ בע`מ,,,'יח,1.50,"ל-100 מ""ל",false,12,4.90,3.27,true,1,
7290110558239,false,דנונה קראק פאי WOW,שטראוס גרופ בע`מ,,,'יח,1.50,"ל-100 מ""ל",false,12,4.90,3.27,true,1,
7290110558284,false,דנונה ביו מולטי 200 גרם,שטראוס גרופ בע`מ,,,'יח,2,ל-100 גרם,false,3,4.90,2.45,false,1,
7290110558314,false,"דנונה פרו 20 פיסטוק 200 גר` לל""ס",שטראוס גרופ בע`מ,,,'יח,1.50,"ל-100 מ""ל",false,12,5.90,3.93,true,1,
7290110558420,false,אלפרו משקה שיבולת שועל 1 ליטר,שטראוס גרופ בע`מ,,,'יח,1,לליטר,false,1,14.90,14.90,false,1,
7290110558437,false,אלפרו משקה שקדים 1 ליטר,שטראוס גרופ בע`מ,,,'יח,1,לליטר,false,1,14.90,14.90,false,1,
7290110558666,false,גבינה דניאלה תפוח 5% 100 גרם,שטראוס גרופ בע`מ,,,'יח,1.50,"ל-100 מ""ל",false,24,4.30,2.87,false,1,
7290110558741,false,.גמדים סקוויז לשתיה בטעם תפוח בננה,שטראוס גרופ בע`מ,,,'יח,2,ל-100 גרם,false,7,5.90,2.95,false,1,
7290110559014,false,שעועית שחורה טעם הטבע 380 גר`,שטראוס גרופ בע`מ,,,'יח,3.80,ל-100 גרם,false,1,6.90,1.82,false,1,
7290110559939,false,דלישס נתחי סויה שווארמה ומג`דרה 350 גר,קפוא זן תעשיות מזון בעמ,,,'יח,3.50,ל-100 גרם,false,1,26.90,7.69,false,1,
7290110560317,false,פריכיות משולשות מלח ים,שטראוס גרופ בע`מ,,,'יח,0.30,ל-100 גרם,false,24,4.90,16.33,false,1,
7290110560324,false,פריכיות משולשות אפונה ירוקה,שטראוס גרופ בע`מ,,,'יח,0.30,ל-100 גרם,false,24,4.90,16.33,false,1,
7290110561352,false,דנונה דל לקטוז 3%,שטראוס גרופ בע`מ,,,'יח,2,"ל-100 מ""ל",false,24,3.70,1.85,false,1,
7290110563431,false,משקה קפה קר בסגנון קלאסי 1.6% שומן,שטראוס גרופ בע`מ,,,'יח,2.30,"ל-100 מ""ל",false,1,7.90,3.43,true,1,
7290110563448,false,משקה קפה קר בסגנון מועדן 1.6% שומן,שטראוס גרופ בע`מ,,,'יח,2.30,"ל-100 מ""ל",false,1,7.90,3.43,true,1,
7290110563462,false,חלב מועשר נטול לקטוז  %2,שטראוס גרופ בע`מ,,,'יח,10,"ל-100 מ""ל",false,12,7.90,0.79,false,1,
7290110564339,false,אחלה חומוס 30% בתוספת טחינה 400 גר`,שטראוס גרופ בע`מ,,,'יח,4,ל-100 גרם,false,6,14.90,3.73,false,1,
7290110564360,false,אחלה חומוס 40% בתוספת טחינה 400 גר`,שטראוס גרופ בע`מ,,,'יח,4,ל-100 גרם,false,6,14.90,3.73,false,1,
7290110565527,false,דנונה פרו עשיר בחלבון 200 גר`,שטראוס גרופ בע`מ,,,'יח,1.50,"ל-100 מ""ל",false,12,5.90,3.93,true,1,
7290110566579,false,דבש לחיץ 200 גרם,שטראוס גרופ בע`מ,,,'יח,2,ל-100 גרם,false,12,9.90,4.95,false,1,
7290110566975,false,דנונה פרו תות 200 גר`,שטראוס גרופ בע`מ,,,'יח,1.55,"ל-100 מ""ל",false,12,5.90,3.81,true,1,
7290110568238,false,קצפת צמחית 21%,שטראוס גרופ בע`מ,,,'יח,2.50,"ל-100 מ""ל",false,18,7.90,3.16,false,1,
7290110568276,false,משקה יטבתה פרו וניל 350 מל`,שטראוס גרופ בע`מ,,,'יח,3.50,"ל-100 מ""ל",false,6,6.40,1.83,false,1,
7290110570224,false,משקה קפה קר בטעם עוגיות,שטראוס גרופ בע`מ,,,'יח,2.30,"ל-100 מ""ל",false,1,7.90,3.43,false,1,
7290110571184,false,עדשים חומות טעם הטבע 380 גר`,שטראוס גרופ בע`מ,,,'יח,3.80,ל-100 גרם,false,1,6.90,1.82,true,1,
7290110571375,false,אנרג`י מיקס צימוקים תמרים טופי ופקאן,שטראוס גרופ בע`מ,,,'יח,1,ל-100 גרם,false,1,13.90,13.90,false,1,
7290110571382,false,מעדן פרו בטעם וניל 11 גר` חלבון 150 גר,שטראוס גרופ בע`מ,,,'יח,1.50,ל-100 גרם,false,24,5.90,3.93,true,1,
7290110571405,false,מיני פינוקיות בגביע פסק זמן 180 גרם,שטראוס גרופ בע`מ,,,'יח,1.80,ל-100 גרם,false,1,9.90,5.50,false,1,
7290110571412,false,מיני פינוקיות בגביע  פאדג`180 גרם,שטראוס גרופ בע`מ,,,'יח,1.80,ל-100 גרם,false,1,9.90,5.50,false,1,
7290110571474,false,רבע לשבע טבעוני פופקורן,שטראוס גרופ בע`מ,,,'יח,1.20,ל-100 גרם,false,1,11.90,9.92,true,1,
7290110572129,false,כיף כף מקלות שוקולד לבן,שטראוס גרופ בע`מ,,,'יח,0.40,ל-100 גרם,false,8,4.90,12.25,true,1,
7290110572969,false,כיף כף פצפצים קרם לבן 40 גרם,שטראוס גרופ בע`מ,,,'יח,0.40,ל-100 גרם,false,12,4.90,12.25,true,1,
7290110572976,false,כיף כף פצפצים קרם לבן 135 גר`,שטראוס גרופ בע`מ,,,'יח,1.35,ל-100 גרם,false,24,9.90,7.33,true,1,
7290110576387,false,מאגדת שלישייה שוקולד חלב עם אגוזי לוז,שטראוס גרופ בע`מ,,,'יח,3,ל-100 גרם,false,1,21.90,7.30,true,1,
7290110576752,false,ספלנדיד מריר 70%,שטראוס גרופ בע`מ,,,'יח,1,,false,12,11.90,11.90,false,1,
7290110576776,false,ספלנדיד מריר 85%,שטראוס גרופ בע`מ,,,'יח,1,,false,12,11.90,11.90,false,1,
7290110576868,false,גמדים סלט פירות 4*100 גרם,שטראוס גרופ בע`מ,,,'יח,4,"ל-100 מ""ל",false,12,11.90,2.98,true,1,
7290110577711,false,משקה חלבון מי גבינה עם אפרסק ומנגו,שטראוס גרופ בע`מ,,,'יח,3.50,"ל-100 מ""ל",false,6,6.90,1.97,false,1,
7290110577728,false,משקה שייק חלבון מי גבינה עם פירות יער,שטראוס גרופ בע`מ,,,'יח,3.50,"ל-100 מ""ל",false,6,6.90,1.97,false,1,
7290111093470,false,"מסיר הפלא , ספוגית להסרת כתמים קוויק",שקד תבל בע`מ,,,'יח,1,'יח,false,1,10.90,10.90,false,1,
7290111097041,false,בייביסיטר שמינייה בבישום עדין,שקד תבל בע`מ,,,'יח,1,'יח,false,1,19.90,19.90,false,1,
7290111304644,false,סביבון 3 דיסקיות,ד.ג.ש ייבוא ושיווק בעמ,,,'יח,0,'יח,false,1,6.90,6.90,false,1,
7290111340185,false,ניקול מטליות לחות לניקוי רצפה בניחוח מ,חוגלה קימברלי שיווק בע`מ,,,'יח,1,,false,12,10.90,10.90,true,1,
7290111341366,false,ניקול מפיות 30*30 150 דף,חוגלה קימברלי שיווק בע`מ,,,'יח,1,,false,14,8.90,8.90,true,1,
7290111341984,false,נייר טואלט לילי לח מארז רביעייה,חוגלה קימברלי שיווק בע`מ,,,'יח,1,ל-100 גרם,false,1,19.90,19.90,false,1,
7290111344206,false,מגבוני האגיס NATURAL CARE,חוגלה קימברלי שיווק בע`מ,,,'יח,1,'יח,false,6,19.90,19.90,false,1,
7290111344930,false,ניקול מטליות לחות לרצפה בניחוח מרכך,חוגלה קימברלי שיווק בע`מ,,,'יח,1,,false,1,11.90,11.90,true,1,
7290111346088,false,נייר טואלט מולט 30 גלילים,חוגלה קימברלי שיווק בע`מ,,,'יח,1,ל-100 גרם,false,1,29.90,29.90,true,1,
7290111346293,false,מגבת נייר שישייה ניקול,חוגלה קימברלי שיווק בע`מ,,,'יח,1,ל-100 גרם,false,1,11.90,11.90,true,1,
7290111346347,false,טישו קליניק חמישיה,חוגלה קימברלי שיווק בע`מ,,,'יח,1,'יח,false,1,15.90,15.90,false,1,
7290111350665,false,דבש 350 לחיץ גרם,ליימן שליסל בע`מ,,,'יח,0.35,ל-100 גרם,false,24,23.90,68.29,false,1,
7290111352935,false,סוכריות יוגטה טופי ממולאות 600 גרם,ליימן שליסל בע`מ,,,'יח,6,ל-100 גרם,false,1,14.90,2.48,false,1,
7290111352966,false,סוכריות ממולאות בטעם פירות 250 גר`,ליימן שליסל בע`מ,,,'יח,2.50,ל-100 גרם,false,30,6.90,2.76,false,1,
7290111352973,false,סוכריות קוביות חמוצות 220 גר`,ליימן שליסל בע`מ,,,'יח,2.20,ל-100 גרם,false,30,6.90,3.14,false,1,
7290111353055,false,גומי בטעם דובדבן 200 גרם,ליימן שליסל בע`מ,,,'יח,0.20,ל-100 גרם,false,18,8.90,44.50,false,1,
7290111353079,false,קופסא גומי דובונים  180 גר` צוקטה,ליימן שליסל בע`מ,,,'יח,0.20,ל-100 גרם,false,18,8.90,44.50,false,1,
7290111353109,false,גומי נחשים 200 גר`,ליימן שליסל בע`מ,,,'יח,0.20,ל-100 גרם,false,18,8.90,44.50,false,1,
7290111353567,false,ממרח שקדים טבעי 300 גרם,ליימן שליסל בע`מ,,,'יח,3,ל-100 גרם,false,1,33.90,11.30,false,1,
7290111560910,false,אוסם וופל טעם שוקולד אקסרט מילוי 200 ג,קבוצת אסם סחר,,,'יח,2,ל-100 גרם,false,1,4.40,2.20,true,1,
7290111563492,false,סלט צבר מטבוחה 400 גר`,קבוצת אסם סחר,,,'יח,4,ל-100 גרם,false,1,12.90,3.23,false,1,
7290111564291,false,פיטנס פריכיות 3 דקות עם קינואה 120 גר`,קבוצת אסם סחר,,,'יח,1.20,ל-100 גרם,false,1,9.90,8.25,false,1,
7290111564666,false,טבעול כדורי בשר מן הצומח 500 גר`,קבוצת אסם סחר,,,'יח,5,ל-100 גרם,false,1,27.90,5.58,true,1,
7290111566127,false,אוראו מאגדת סנדוויץ,נגה גלידות שותפות מוגבלת,,,'יח,1,ל-100 גרם,false,1,21.90,21.90,false,1,
7290111566226,false,טבעול שניצל ברוקולי 667 גר`,קבוצת אסם סחר,,,'יח,6.67,ל-100 גרם,false,1,27.90,4.18,true,1,
7290111566271,false,טבעול חטיפי תירס 657 גרם קפוא,קבוצת אסם סחר,,,'יח,6.57,ל-100 גרם,false,1,26.90,4.09,true,1,
7290111566318,false,טבעול שניצל דק מן הצומח 564 גר`,קבוצת אסם סחר,,,'יח,5.64,ל-100 גרם,false,1,27.90,4.95,true,1,
7290111566417,false,טבעול טחון צמחוני 500 גר`,קבוצת אסם סחר,,,'יח,5,ל-100 גרם,false,1,27.90,5.58,true,1,
7290111566561,false,טבעול שניצל ברוקלי 99 קלוריות 693 גר`,קבוצת אסם סחר,,,'יח,6.93,ל-100 גרם,false,1,27.90,4.03,true,1,
7290111566691,false,טבעול שניצל תרד 99 קלוריות 693 גר`,קבוצת אסם סחר,,,'יח,6.93,ל-100 גרם,false,1,27.90,4.03,true,1,
7290111566752,false,טבעול שניצל תירס 99 קלוריות 693 גר`,קבוצת אסם סחר,,,'יח,6.93,ל-100 גרם,false,1,27.90,4.03,true,1,
7290111568206,false,ביסלי פארטי מיקס 150 גר`,קבוצת אסם סחר,,,'יח,1.50,ל-100 גרם,false,1,7.90,5.27,true,1,
7290111568299,false,נודלס אטריות ביצים עם תרד,קבוצת אסם סחר,,,'יח,3,ל-100 גרם,false,1,9.90,3.30,false,1,
7290111736889,false,סט שלישיית גרבי נשים,הום פרפקט ק.ד.מ בעמ,,,'יח,1,,false,1,14.90,14.90,true,1,
7290111878992,false,בקבוק טריטן 500 מל עם פיה מפלסטיק מפרץ,שמחה זה אנחנו בע`מ,,,'יח,1,,false,1,25.50,25.50,false,1,
7290111879050,false,בקבוק טריטן 500 מל עם פיה מפלסטיק כוח,שמחה זה אנחנו בע`מ,,,'יח,1,,false,1,25.50,25.50,false,1,
7290111930799,false,קראנצוס בצל 55 גר`,ש. שסטוביץ בע`מ,,,'יח,0.55,ל-100 גרם,false,1,3.90,7.09,true,1,
7290111930805,false,קראנצוס ברביקיו 55 גר`,ש. שסטוביץ בע`מ,,,'יח,0.55,ל-100 גרם,false,1,3.90,7.09,true,1,
7290111930850,false,קראנצוס פיצה 55 גר`,ש. שסטוביץ בע`מ,,,'יח,0.55,ל-100 גרם,false,1,3.90,7.09,true,1,
7290111930898,false,פוף כוכבים גריל 40 גר`,ש. שסטוביץ בע`מ,,,'יח,0.40,ל-100 גרם,false,1,3.90,9.75,true,1,
7290111930904,false,פוף כוכבים בצל 40 גר`,ש. שסטוביץ בע`מ,,,'יח,0.40,ל-100 גרם,false,1,3.90,9.75,true,1,
7290111930911,false,פוף לבבות קלאסי 40 גר`,ש. שסטוביץ בע`מ,,,'יח,0.40,ל-100 גרם,false,1,3.90,9.75,true,1,
7290111930928,false,פוף לבבות גריל 40 גר`,ש. שסטוביץ בע`מ,,,'יח,0.40,ל-100 גרם,false,1,3.90,9.75,true,1,
7290111930935,false,פוף טבעות קלאסי 40 גר`,ש. שסטוביץ בע`מ,,,'יח,0.40,ל-100 גרם,false,1,3.90,9.75,true,1,
7290111933462,false,צ`ילי מתוק 300 מל`מאסטר שף,ש. שסטוביץ בע`מ,,,'יח,0.30,ל-100 גרם,false,1,9.90,33,false,1,
7290111933561,false,מנה תערובת ציפוי נגטס 250 גר`,ש. שסטוביץ בע`מ,,,'יח,2.50,ל-100 גרם,false,1,7.90,3.16,false,1,
7290111936296,false,פלמוליב סבון נוזלי משאבה סנשיין מסאז`,ש. שסטוביץ בע`מ,,,'יח,7.50,"ל-100 מ""ל",false,1,19.90,2.65,true,1,
7290112001122,false,פיניש 52 טבליות מונו קופסא AIO,תה ויסוצקי בע`מ,,,'יח,1,,false,1,34.90,34.90,true,1,
7290112002099,false,קולון ג`ל כחול רגיל 2.5 ליטר,תה ויסוצקי בע`מ,,,'יח,25,"ל-100 מ""ל",false,1,24.90,1,true,1,
7290112002112,false,קולון ג`ל בניחוח ורדים ורוד 2.5 ליטר,תה ויסוצקי בע`מ,,,'יח,25,"ל-100 מ""ל",false,1,24.90,1,true,1,
7290112002136,false,קולון ג`ל רגיל כחול 4 ליטר,תה ויסוצקי בע`מ,,,'יח,40,"ל-100 מ""ל",false,1,34.90,0.87,true,1,
7290112002150,false,ג`ל כביסה קולון 4 ל` בניחוח ורדים,תה ויסוצקי בע`מ,,,'יח,40,"ל-100 מ""ל",false,1,34.90,0.87,true,1,
7290112005083,false,"וניש אבקה 1.5 ק""ג ורוד גולד",תה ויסוצקי בע`מ,,,'יח,1,'יח,false,1,39.90,39.90,false,1,
7290112330352,false,דנונה פרו וניל 200 גר` 0%,שטראוס גרופ בע`מ,,,'יח,2,"ל-100 מ""ל",false,12,5.90,2.95,true,1,
7290112330390,false,דנונה פרו פירות יער 200 גר`,שטראוס גרופ בע`מ,,,'יח,2,"ל-100 מ""ל",false,12,5.90,2.95,true,1,
7290112330420,false,דנונה פרו לבן 2.9%,שטראוס גרופ בע`מ,,,'יח,1.50,"ל-100 מ""ל",false,24,4.90,3.27,false,1,
7290112332585,false,פריכיות תפוא אורז בתיבול סלק ומלח ים,שטראוס גרופ בע`מ,,,'יח,0.30,ל-100 גרם,false,24,4.90,16.33,false,1,
7290112332691,false,עוגיית קרם פסק זמן אגוזים 200 גרם,שטראוס גרופ בע`מ,,,'יח,2,ל-100 גרם,false,1,9.90,4.95,false,1,
7290112332875,false,מאסט קוביות בטעם מנטה עדינה 86 גר`,שטראוס גרופ בע`מ,,,'יח,0.80,ל-100 גרם,false,1,14.90,18.63,false,1,
7290112335111,false,מאסט קוביות בטעם בזוקה 86 גר`,שטראוס גרופ בע`מ,,,'יח,0.86,ל-100 גרם,false,1,14.90,17.33,false,1,
7290112335487,false,פריכיות טעימות קצח ודגנים 135 גר`,שטראוס גרופ בע`מ,,,'יח,1.35,ל-100 גרם,false,1,11.90,8.81,false,1,
7290112335500,false,פריכיות טעימות חלבון 135 גר`,שטראוס גרופ בע`מ,,,'יח,1.35,ל-100 גרם,false,1,11.90,8.81,false,1,
7290112336637,false,סוכריות Must ללא סוכר יוגורט תות אוכמניו,שטראוס גרופ בע`מ,,,'יח,0.80,ל-100 גרם,false,12,7.90,9.88,false,1,
7290112336651,false,סוכריות Must ללא סוכר ריבת חלב   80 גר`,שטראוס גרופ בע`מ,,,'יח,0.80,ל-100 גרם,false,12,7.90,9.88,false,1,
7290112336712,false,דנונה פרו 21 גר` חלבון 0% שומן,שטראוס גרופ בע`מ,,,'יח,2,"ל-100 מ""ל",false,12,5.90,2.95,true,1,
7290112337474,false,סוכריות Must ללא סוכר פטל לימון 80 גר`,שטראוס גרופ בע`מ,,,'יח,0.80,ל-100 גרם,false,12,7.90,9.88,false,1,
7290112337481,false,סוכריות Must ללא סוכר קפוצינו  80 גר`,שטראוס גרופ בע`מ,,,'יח,0.80,ל-100 גרם,false,12,7.90,9.88,false,1,
7290112339867,false,גמדים סקוויז לשתיה בטעם תות,שטראוס גרופ בע`מ,,,'יח,1,ל-100 גרם,false,7,5.90,5.90,false,1,
7290112339874,false,.גמדים סקוויז לשתיה בטעם תות בננה,שטראוס גרופ בע`מ,,,'יח,2,ל-100 גרם,false,7,5.90,2.95,false,1,
7290112340122,false,פריכיות טעימות 3 דגנים 135 גר`,שטראוס גרופ בע`מ,,,'יח,1.35,ל-100 גרם,false,1,11.90,8.81,false,1,
7290112340245,false,3צנצנת מאסט בטעם דובדבן,שטראוס גרופ בע`מ,,,'יח,0.58,ל-100 גרם,false,1,9.90,17.07,true,1,
7290112340276,false,פינוקיות עוגיית קרם קפה נמס 200 גרם,שטראוס גרופ בע`מ,,,'יח,2,ל-100 גרם,false,1,9.90,4.95,false,1,
7290112341556,false,אקטיביה עם צי`ה ותות  3%,שטראוס גרופ בע`מ,,,'יח,1.50,"ל-100 מ""ל",false,24,5.10,3.40,false,1,
7290112341679,false,דנונה אקטיביה 200  גר`3%,שטראוס גרופ בע`מ,,,'יח,2,"ל-100 מ""ל",false,24,4,2,false,1,
7290112341686,false,מארז אקטיביה 3% 150 גר`,שטראוס גרופ בע`מ,,,'יח,1.50,ל-100 גרם,false,3,23.50,15.67,false,1,
7290112342102,false,גבינת סימפוניה 5% בצל מקורמל  200גרם,שטראוס גרופ בע`מ,,,'יח,2,ל-100 גרם,false,12,10.90,5.45,false,1,
7290112342508,false,חטיף דוריטוס צ`יזי טוויסט  70 גרם,שטראוס פריטו ליי בע`מ,,,'יח,0.70,ל-100 גרם,false,1,3.90,5.57,true,1,
7290112343420,false,משקה חלב עם דנים מלאים ובננה פרו,שטראוס גרופ בע`מ,,,'יח,3.50,"ל-100 מ""ל",false,6,6.90,1.97,false,1,
7290112343499,false,צ`יטוס PUFFS 55 גרם,שטראוס פריטו ליי בע`מ,,,'יח,0.55,ל-100 גרם,false,1,3.90,7.09,false,1,
7290112344724,false,מילקי בטעם שוקולד בלונדי,שטראוס גרופ בע`מ,,,'יח,1.35,ל-100 גרם,false,1,4,2.96,false,1,
7290112344755,false,מילקי טעם שוקולד 26% פחות סוכר,שטראוס גרופ בע`מ,,,'יח,1.30,"ל-100 מ""ל",false,24,2.90,2.23,false,1,
7290112344786,false,נס קפה פלטינום קלאסיק 200 גר`,שטראוס גרופ בע`מ,,,'יח,2,ל-100 גרם,false,6,27.90,13.95,true,1,
7290112344953,false,גבינת סימפוניה 5% חציל קלוי 200גרם,שטראוס גרופ בע`מ,,,'יח,2,ל-100 גרם,false,12,10.90,5.45,false,1,
7290112346360,false,בפלות אחת אחת בציפוי שוקולד חלב,שטראוס גרופ בע`מ,,,'יח,1.25,ל-100 גרם,false,1,11.90,9.52,false,1,
7290112346797,false,אקטיביה עם שיבולת שועל ושזיף 3% 150 גר,שטראוס גרופ בע`מ,,,'יח,1.50,"ל-100 מ""ל",false,24,5.10,3.40,false,1,
7290112347008,false,גמדים סקוויז ארוחת בוקר תות סקוויז,שטראוס גרופ בע`מ,,,'יח,5,ל-100 גרם,false,7,5.90,1.18,false,1,
7290112348142,false,שעועית לבנה טעם הטבע 380 גר`,שטראוס גרופ בע`מ,,,'יח,3.80,ל-100 גרם,false,1,6.90,1.82,true,1,
7290112348616,false,קפה נמס אגוזי לוז 100 גר`,שטראוס גרופ בע`מ,,,'יח,1,ל-100 גרם,false,1,14.90,14.90,true,1,
7290112349316,false,מסטיק בזוקה ביג פופים בטעם תות 86 גר`,שטראוס גרופ בע`מ,,,'יח,0.86,ל-100 גרם,false,1,14.90,17.33,false,1,
7290112349606,false,מעדן דניאלה תות בננה 88 גרם,שטראוס גרופ בע`מ,,,'יח,0.88,"ל-100 מ""ל",false,1,4.30,4.89,false,1,
7290112349699,false,.פיצה -מחית עגבניות חלקה 350 גרם,שטראוס גרופ בע`מ,,,'יח,3.50,ל-100 גרם,false,1,7.90,2.26,false,1,
7290112349736,false,בזיליקום-רוטב עגבניות לפסטה 350 גר`,שטראוס גרופ בע`מ,,,'יח,3.50,ל-100 גרם,false,1,10.90,3.11,true,1,
7290112349750,false,פיצה -רוטב עגבניות לפיצה  350 גרם,שטראוס גרופ בע`מ,,,'יח,3.50,ל-100 גרם,false,1,10.90,3.11,true,1,
7290112349897,false,מאסט קוביות בטעם מנטה  86 גר`,שטראוס גרופ בע`מ,,,'יח,0.80,ל-100 גרם,false,1,14.90,18.63,false,1,
7290112350312,false,קפסולות ברזיל 15 למכונת אספרסו,שטראוס גרופ בע`מ,,,'יח,0.50,ל-100 גרם,false,12,16.90,33.80,true,1,
7290112355027,false,דנונה פרו 20 גר` קרמל מלוח 200 גר`,שטראוס גרופ בע`מ,,,'יח,2,"ל-100 מ""ל",false,12,5.90,2.95,true,1,
7290112355102,false,.גמדים סקוויז לשתיה בטעם פירות,שטראוס גרופ בע`מ,,,'יח,2,ל-100 גרם,false,7,5.90,2.95,false,1,
7290112356123,false,שלישיית סוכריות FRESH מנדרינה אבט 45 גר`,שטראוס גרופ בע`מ,,,'יח,0.45,ל-100 גרם,false,1,7.90,17.56,false,1,
7290112356536,false,עלית אבקת קקאו 150 גרם%+10,שטראוס גרופ בע`מ,,,'יח,1.50,ל-100 גרם,false,1,9.90,6.60,false,1,
7290112357069,false,מחית עגבניות איטלקיות 500 גר` טעם הטבע,שטראוס גרופ בע`מ,,,'יח,5,ל-100 גרם,false,1,7.90,1.58,true,1,
7290112357083,false,אפונת גינה טעם הטבע 380 גר`,שטראוס גרופ בע`מ,,,'יח,3.80,ל-100 גרם,false,1,6.90,1.82,true,1,
7290112357113,false,גרגרי חומוס טעם הטבע 380 גרם,שטראוס גרופ בע`מ,,,'יח,3.80,ל-100 גרם,false,1,6.90,1.82,true,1,
7290112357175,false,קפסולות בוסט למכונת נספרסו 12 יח`,שטראוס גרופ בע`מ,,,'יח,0.50,ל-100 גרם,false,1,16.90,33.80,true,1,
7290112358004,false,פסק זמן  קראנץ`32 גר`,שטראוס גרופ בע`מ,,,'יח,0.32,ל-100 גרם,false,24,5.30,16.56,false,1,
7290112358554,false,מארז נמס בדרך,שטראוס גרופ בע`מ,,,'יח,0.50,ל-100 גרם,false,1,9.90,19.80,false,1,
7290112358561,false,נס קפה פלטינום קלאסיק 47 גרם,שטראוס גרופ בע`מ,,,'יח,4.70,ל-100 גרם,false,6,5.90,1.26,false,1,
7290112359384,false,קפה נמס אלפחורס ריבת חלב  100 גר`,שטראוס גרופ בע`מ,,,'יח,1,ל-100 גרם,false,1,12.90,12.90,true,1,
7290112490032,false,נמס בכוס תירס,יוניליוור ישראל שיווק בע`מ,,,'יח,0.64,ל-100 גרם,false,1,6.40,10,true,1,
7290112490117,false,קליק טבלה וופל ואגוזים 85 גר`,יוניליוור ישראל שיווק בע`מ,,,'יח,1,,false,1,5.90,5.90,true,1,
7290112490209,false,נמס בכוס עגבניות 56 גרם,יוניליוור ישראל שיווק בע`מ,,,'יח,0.64,ל-100 גרם,false,1,6.40,10,true,1,
7290112490216,false,נמס בכוס מרק עוף 48 גרם,יוניליוור ישראל שיווק בע`מ,,,'יח,0.64,ל-100 גרם,false,1,6.40,10,true,1,
7290112490230,false,נמס בכוס מרק אפונה 50 גרם,יוניליוור ישראל שיווק בע`מ,,,'יח,0.64,ל-100 גרם,false,1,6.40,10,true,1,
7290112490674,false,778 קונפיטורה דובדבנים 340 גר`,יוניליוור ישראל שיווק בע`מ,,,'יח,3.40,ל-100 גרם,false,1,13.90,4.09,false,1,
7290112490728,false,מרק עשיר ירקות בורגול,יוניליוור ישראל שיווק בע`מ,,,'יח,10,ל-100 גרם,false,1,12.90,1.29,true,1,
7290112490735,false,מרק עשיר עגבניות פסטה,יוניליוור ישראל שיווק בע`מ,,,'יח,10,ל-100 גרם,false,1,12.90,1.29,true,1,
7290112490742,false,מרק עשיר פטריות גריסים ר. טבעי,יוניליוור ישראל שיווק בע`מ,,,'יח,10,ל-100 גרם,false,1,12.90,1.29,true,1,
7290112492456,false,"שמפו לשיער יבש ופגום 700 מ""ל",יוניליוור ישראל שיווק בע`מ,,,'יח,7,"ל-100 מ""ל",false,1,11.90,1.70,false,1,
7290112492463,false,שמפו פינוק 2 ב-1 רגיל  700 מל`,יוניליוור ישראל שיווק בע`מ,,,'יח,7,"ל-100 מ""ל",false,1,11.90,1.70,false,1,
7290112492487,false,"שמפו פינוק שמן מרוקאי 700 מ""ל",יוניליוור ישראל שיווק בע`מ,,,'יח,7,"ל-100 מ""ל",false,1,11.90,1.70,false,1,
7290112492593,false,פינוק תחליב רחצה קלאסי 700 מל`,יוניליוור ישראל שיווק בע`מ,,,'יח,7,"ל-100 מ""ל",false,1,10.90,1.56,false,1,
7290112492609,false,פינוק תחליב רחצה לבנדר  700 מל`,יוניליוור ישראל שיווק בע`מ,,,'יח,7,"ל-100 מ""ל",false,1,10.90,1.56,false,1,
7290112492982,false,קנור מרק פיטריות 400  גר`רכיבים טבעיים,יוניליוור ישראל שיווק בע`מ,,,'יח,4,ל-100 גרם,false,1,24.90,6.23,false,1,
7290112492999,false,קנור מרק טעם עוף 400 גרם בד`צ,יוניליוור ישראל שיווק בע`מ,,,'יח,4,ל-100 גרם,false,1,11.90,2.98,false,1,
7290112493088,false,נמס בכוס עדשים 100% רכיביים טבעי,יוניליוור ישראל שיווק בע`מ,,,'יח,0.64,ל-100 גרם,false,1,6.40,10,true,1,
7290112493095,false,נמס בכוס עגבניות חריף100% רכיביים טבעיים,יוניליוור ישראל שיווק בע`מ,,,'יח,0.64,ל-100 גרם,false,1,6.40,10,true,1,
7290112493293,false,נמס בכוס ירקות 100 % רכיביים טבעיים,יוניליוור ישראל שיווק בע`מ,,,'יח,0.64,ל-100 גרם,false,1,6.40,10,true,1,
7290112493316,false,מרק היום אפונה 100% רכיבים טבעיים,יוניליוור ישראל שיווק בע`מ,,,'יח,10,ל-100 גרם,false,1,12.90,1.29,true,1,
7290112493927,false,גלידת קרמיסימו ריבת חלב 1.33 ליטר,שטראוס גלידות,,,'יח,13.30,"ל-100 מ""ל",false,1,19.90,1.50,false,1,
7290112493965,false,קרמיסימו מסטיגם 1.33ל`,שטראוס גלידות,,,'יח,13.30,"ל-100 מ""ל",false,1,19.90,1.50,false,1,
7290112494221,false,קליק ביסקוויט 65 גרם,יוניליוור ישראל שיווק בע`מ,,,'יח,0.65,ל-100 גרם,false,1,5.90,9.08,true,1,
7290112494238,false,קליק כדורים 65 גרם,יוניליוור ישראל שיווק בע`מ,,,'יח,0.65,ל-100 גרם,false,1,5.90,9.08,true,1,
7290112494276,false,קליק כריות 65 גרם,יוניליוור ישראל שיווק בע`מ,,,'יח,0.65,ל-100 גרם,false,1,5.90,9.08,true,1,
7290112494283,false,קליק חום לבן 65 גרם,יוניליוור ישראל שיווק בע`מ,,,'יח,0.65,ל-100 גרם,false,1,5.90,9.08,true,1,
7290112494313,false,קליק קורנפלקס 65 גרם,יוניליוור ישראל שיווק בע`מ,,,'יח,0.65,ל-100 גרם,false,1,5.90,9.08,true,1,
7290112495020,false,כריות צ`וקולדה 686 גרם,יוניליוור ישראל שיווק בע`מ,,,'יח,6.86,ל-100 גרם,false,1,24.90,3.63,false,1,
7290112495037,false,קוקומן כדורים 375 גרם בד`ץ,יוניליוור ישראל שיווק בע`מ,,,'יח,3.75,ל-100 גרם,false,1,19.90,5.31,true,1,
7290112495044,false,קוקומן פצפיצי שוקולד 375 גרם,יוניליוור ישראל שיווק בע`מ,,,'יח,3.75,ל-100 גרם,false,1,19.90,5.31,true,1,
7290112495105,false,נשנושים חטיף בטעם שמנת בצל 260 גרם,יוניליוור ישראל שיווק בע`מ,,,'יח,2.60,ל-100 גרם,false,1,12.90,4.96,true,1,
7290112495112,false,נשנושים חטיף זעתר 260 גרם,יוניליוור ישראל שיווק בע`מ,,,'יח,2.60,ל-100 גרם,false,1,12.90,4.96,true,1,
7290112495150,false,נשנושי קרקר עיגולים מלוחים 300גרם,יוניליוור ישראל שיווק בע`מ,,,'יח,3,ל-100 גרם,false,1,12.90,4.30,true,1,
7290112495167,false,נשנושי קרקר משולשי שומשום 300גרם,יוניליוור ישראל שיווק בע`מ,,,'יח,3,ל-100 גרם,false,1,12.90,4.30,true,1,
7290112495174,false,נשנושי קרקר קוקטייל שומשום 350 גרם,יוניליוור ישראל שיווק בע`מ,,,'יח,3,ל-100 גרם,false,1,12.90,4.30,true,1,
7290112495228,false,קורנפלקס דבש 448 גרם בד`צ,יוניליוור ישראל שיווק בע`מ,,,'יח,4.48,ל-100 גרם,false,1,17.90,4,true,1,
7290112495433,false,דגני בוקר דליפקאן 400 גרם בד`צ,יוניליוור ישראל שיווק בע`מ,,,'יח,4,ל-100 גרם,false,1,21.90,5.48,false,1,
7290112495662,false,קרקר חיטה מלאה עם פשתן 300 גר`,יוניליוור ישראל שיווק בע`מ,,,'יח,3,ל-100 גרם,false,1,8.90,2.97,false,1,
7290112495761,false,רוטב הלמנס אלף האיים לייט חמץ,יוניליוור ישראל שיווק בע`מ,,,'יח,3.05,ל-100 גרם,false,1,11.90,3.90,false,1,
7290112495822,false,כריות בלאק 686 גרם,יוניליוור ישראל שיווק בע`מ,,,'יח,6.86,ל-100 גרם,false,1,24.90,3.63,false,1,
7290112496027,false,סירופ שוקולד 600 מל כשלפ,יוניליוור ישראל שיווק בע`מ,,,'יח,6,"ל-100 מ""ל",false,1,15.90,2.65,false,1,
7290112496034,false,סירופ מייפל 600 מל כשלפ,יוניליוור ישראל שיווק בע`מ,,,'יח,6,"ל-100 מ""ל",false,1,15.90,2.65,false,1,
7290112496218,false,טריאקי פחות 50% סוכר ונתרן 340 גרם,יוניליוור ישראל שיווק בע`מ,,,'יח,3.40,ל-100 גרם,false,1,11.90,3.50,true,1,
7290112496270,false,"פתית צ`יפס תפו""א בתוספת עגבניות ועשבים",יוניליוור ישראל שיווק בע`מ,,,'יח,1,ל-100 גרם,false,1,4.90,4.90,false,1,
7290112496287,false,פתית צ`יפס בטטה בטעם טבעי,יוניליוור ישראל שיווק בע`מ,,,'יח,1,ל-100 גרם,false,1,4.90,4.90,false,1,
7290112496294,false,פתית צ`יפס אפונה בתוספת צ`ילי,יוניליוור ישראל שיווק בע`מ,,,'יח,1,ל-100 גרם,false,1,4.90,4.90,false,1,
7290112496430,false,נמס בכוס אקסטרה עגבניות 37 גרם,יוניליוור ישראל שיווק בע`מ,,,'יח,0.37,ל-100 גרם,false,1,4.20,11.35,false,1,
7290112496447,false,נמס בכוס אקסטרה טעם עוף 27 גר`,יוניליוור ישראל שיווק בע`מ,,,'יח,0.39,ל-100 גרם,false,1,4.20,10.77,false,1,
7290112496461,false,נמס בכוס אקסטרה ירקות 32 גרם,יוניליוור ישראל שיווק בע`מ,,,'יח,0.39,ל-100 גרם,false,1,4.20,10.77,false,1,
7290112496584,false,קליק כריות בלאק לבן  65 גרם,יוניליוור ישראל שיווק בע`מ,,,'יח,0.65,ל-100 גרם,false,1,5.90,9.08,true,1,
7290112497031,false,רוטב עגבניות לקציצות 415 גר`,יוניליוור ישראל שיווק בע`מ,,,'יח,4.15,ל-100 גרם,false,1,11.90,2.87,false,1,
7290112497499,false,קליק XL שוקולד לבן עוגיות,יוניליוור ישראל שיווק בע`מ,,,'יח,85,ל-100 גרם,false,1,5.90,0.07,true,1,
7290112497994,false,גרנולה פרוטאין אגוזים 300 גר`,יוניליוור ישראל שיווק בע`מ,,,'יח,3,ל-100 גרם,false,1,15.90,5.30,false,1,
7290112498007,false,גרנולה פרוטאין שקדים וחמוציות 300 גר`,יוניליוור ישראל שיווק בע`מ,,,'יח,3,ל-100 גרם,false,1,15.90,5.30,false,1,
7290112498052,false,מארז פתית צ`יפס בטטה בטעם טבעי 84 ג`,יוניליוור ישראל שיווק בע`מ,,,'יח,0.84,ל-100 גרם,false,1,14.90,17.74,false,1,
7290112498090,false,מרכך פינוק שמן חוחובה 700 גרם,יוניליוור ישראל שיווק בע`מ,,,'יח,7,"ל-100 מ""ל",false,1,11.90,1.70,false,1,
7290112498441,false,"רוטב אסיאתי למוקפץ 300 מ""ל",יוניליוור ישראל שיווק בע`מ,,,'יח,3,"ל-100 מ""ל",false,1,11.90,3.97,true,1,
7290112498748,false,מאגדת מיני סולרו וניל תות שדה 350 גר`,שטראוס גלידות,,,'יח,3.50,ל-100 גרם,false,1,28.90,8.26,false,1,
7290112498915,false,מיני מגנום שקדים מובחרים  מאגדת 5 יח`,שטראוס גלידות,,,'יח,1,ל-100 גרם,false,1,26.90,26.90,false,1,
7290112498922,false,מיני מגנום שוקולד לבן מאגדת 5 יח`,שטראוס גלידות,,,'יח,1,ל-100 גרם,false,1,26.90,26.90,false,1,
7290112499097,false,מיני מגנום שוקולד מריר מאגדת 5 יח`,שטראוס גלידות,,,'יח,1,ל-100 גרם,false,1,26.90,26.90,false,1,
7290112499189,false,גלידת קרמיסימו חד קרן וניל תות 1.33 ליטר,שטראוס גלידות,,,'יח,13.30,"ל-100 מ""ל",false,1,19.90,1.50,false,1,
7290112499943,false,מיני מגנום קלאסיק שווקולד 250 גר1/5,שטראוס גלידות,,,'יח,2.50,ל-100 גרם,false,1,26.90,10.76,false,1,
7290112960856,false,טילון אקסטרים מטבע שוקולד חלב 115 גרם,נגה גלידות שותפות מוגבלת,,,'יח,1.15,ל-100 גרם,false,1,9.90,8.61,true,1,
7290112961266,false,בייגלה כפיות פיזור איטלקי 300 גר`,קבוצת אסם סחר,,,'יח,3,ל-100 גרם,false,1,10.90,3.63,true,1,
7290112961464,false,פיטנס חטיפי פריכיות דקות מטובלות 60 גר,קבוצת אסם סחר,,,'יח,0.60,ל-100 גרם,false,1,7.90,13.17,false,1,
7290112963918,false,פיטנס קרקר דק רוזמרין  234 גר`,קבוצת אסם סחר,,,'יח,1.40,ל-100 גרם,false,1,11.90,8.50,true,1,
7290112964052,false,פרפקטו פסטה וזוביטו 500 גר`,קבוצת אסם סחר,,,'יח,5,ל-100 גרם,false,1,10,2,false,1,
7290112964410,false,רוטב אלף האיים לסלט חדש,קבוצת אסם סחר,,,'יח,2.90,"ל-100 מ""ל",false,1,10.90,3.76,true,1,
7290112964625,false,רוטב שום לייט לסלט,קבוצת אסם סחר,,,'יח,2.90,"ל-100 מ""ל",false,1,10.90,3.76,true,1,
7290112965103,false,קוסקוס עם ירקות,קבוצת אסם סחר,,,'יח,1.40,ל-100 גרם,false,1,10.90,7.79,true,1,
7290112965240,false,מרק נמס זוג עדשים 34*,קבוצת אסם סחר,,,'יח,1.20,ל-100 גרם,false,1,5.90,4.92,true,1,
7290112965264,false,מרק נמס סוף אפונה 2*26גר,קבוצת אסם סחר,,,'יח,1.20,ל-100 גרם,false,1,5.90,4.92,true,1,
7290112965288,false,מרק נמס בכוס ירקות 15*2,קבוצת אסם סחר,,,'יח,1.20,ל-100 גרם,false,1,5.90,4.92,true,1,
7290112965301,false,מרק נמס בטעם עוף בדץ 2*26גר,קבוצת אסם סחר,,,'יח,1.20,ל-100 גרם,false,1,5.90,4.92,true,1,
7290112965585,false,פרפקטו פסטה קסרצה 500 גר`,קבוצת אסם סחר,,,'יח,5,ל-100 גרם,false,1,6.90,1.38,true,1,
7290112965660,false,פיטנס חטיף מולטיגריין מלח פלפל 25 גר`,קבוצת אסם סחר,,,'יח,0.25,ל-100 גרם,false,1,4.90,19.60,false,1,
7290112965684,false,פיטנס חטיף מולטיגריין ע.תיבול 25 גר`,קבוצת אסם סחר,,,'יח,0.25,ל-100 גרם,false,1,4.90,19.60,false,1,
7290112965868,false,קרם קרקר במליחות מועדנת 250גר`,קבוצת אסם סחר,,,'יח,2.50,ל-100 גרם,false,1,9.90,3.96,true,1,
7290112966094,false,עוגת הבית תפוז מופחת סוכר 400 גר`,קבוצת אסם סחר,,,'יח,4,ל-100 גרם,false,1,12.90,3.23,false,1,
7290112966247,false,לחמית כוסמין  200 גר`,קבוצת אסם סחר,,,'יח,2,ל-100 גרם,false,1,9.90,4.95,true,1,
7290112966445,false,במבה מתוקה אריזה גדולה 100 גר`,קבוצת אסם סחר,,,'יח,1,ל-100 גרם,false,1,7.90,7.90,true,1,
7290112966803,false,אינסטנט פודינג שוקולד 88 גרם,קבוצת אסם סחר,,,'יח,0.95,ל-100 גרם,false,1,5.90,6.21,true,1,
7290112967114,false,פיטנס חטיפי פריכיות קטניות ופלפל  60,קבוצת אסם סחר,,,'יח,0.60,ל-100 גרם,false,1,7.90,13.17,false,1,
7290112967572,false,"רוטב ברביקיו 290 מ""ל",קבוצת אסם סחר,,,'יח,2.90,ל-100 גרם,false,1,12.90,4.45,true,1,
7290112968807,false,פיטנס קרקר דק סלק  140 גר`,קבוצת אסם סחר,,,'יח,1.40,ל-100 גרם,false,1,11.90,8.50,true,1,
7290112968821,false,פיטנס קרקר דק בטטה  140 גר`,קבוצת אסם סחר,,,'יח,1.40,ל-100 גרם,false,1,11.90,8.50,true,1,
7290113191938,false,"סירופ רוזטה בטעם שקדיה 750 מ""ל",דין שיווק וקליה 2021 בעמ,,,'יח,7.50,"ל-100 מ""ל",false,1,14.90,1.99,false,1,
7290113192300,false,חרוזית זית שחור ללא גלעין 560 גרם,קבוצת אסם סחר,,,'יח,5.60,ל-100 גרם,false,1,10.90,1.95,false,1,
7290113192331,false,זיתים ירוקים גדולים 560 גרם,קבוצת אסם סחר,,,'יח,5.60,ל-100 גרם,false,1,10.90,1.95,false,1,
7290113192348,false,זיתים ירוקים בטעם שום גדול מאד 560 גרם,קבוצת אסם סחר,,,'יח,5.60,ל-100 גרם,false,1,9.90,1.77,false,1,
7290113192355,false,חרוזית זיתים ירוקים ללא חרצנים 550 גרם,קבוצת אסם סחר,,,'יח,5.50,ל-100 גרם,false,1,10.90,1.98,false,1,
7290113192485,false,מלפפונים בחומץ בינוני 10-12 560 גרם,קבוצת אסם סחר,,,'יח,5.60,ל-100 גרם,false,1,8.90,1.59,false,1,
7290113192508,false,מלפפונים במלח קטן 13-17 320 גרם,קבוצת אסם סחר,,,'יח,3.20,ל-100 גרם,false,1,11.90,3.72,false,1,
7290113192539,false,מלפפונים במלח גדול 7-9 560 גרם,קבוצת אסם סחר,,,'יח,5.60,ל-100 גרם,false,1,7.50,1.34,false,1,
7290113192546,false,מלפפונים בחומץ גדול 7-9 560 גרם,קבוצת אסם סחר,,,'יח,5.60,ל-100 גרם,false,1,7.50,1.34,false,1,
7290113192560,false,פלפל שיפקה חריף כבוש 340 גרם,קבוצת אסם סחר,,,'יח,5.60,ל-100 גרם,false,1,7.90,1.41,false,1,
7290113192577,false,כרוב כבוש חתוך 560 גרם,קבוצת אסם סחר,,,'יח,5.60,ל-100 גרם,false,1,8.90,1.59,false,1,
7290113192997,false,בית השיטה חזית מרוקאי 340 גר`,קבוצת אסם סחר,,,'יח,3.40,ל-100 גרם,false,1,14.90,4.38,false,1,
7290113193031,false,בית השיטה חרוזית קלמטה 275 גר`,קבוצת אסם סחר,,,'יח,2.75,ל-100 גרם,false,1,11.90,4.33,false,1,
7290113193406,false,בית השיטה טבעות קוקטייל זיתים 280 גר`,קבוצת אסם סחר,,,'יח,2.80,ל-100 גרם,false,1,12.90,4.61,false,1,
7290113196414,false,"אורז בסמטי 1 ק""ג -שקדיה",דין שיווק וקליה 2021 בעמ,,,'יח,10,ל-100 גרם,false,1,10.90,1.09,false,1,
7290113196520,false,פירכיות כוסמין ללא מלח 150 גרם,דין שיווק וקליה 2021 בעמ,,,'יח,1.50,ל-100 גרם,false,1,10.90,7.27,false,1,
7290113196780,false,בית השיטה זיתים מבוקעים 900 גרם,קבוצת אסם סחר,,,'יח,9,ל-100 גרם,false,1,27.90,3.10,false,1,
7290113197824,false,לבבות דקל 220 גרם בית השיטה,קבוצת אסם סחר,,,'יח,2.20,ל-100 גרם,false,1,9.90,4.50,false,1,
7290113199866,false,מגש פיצוחים וחטיפים קלויים,דין שיווק וקליה 2021 בעמ,,,'יח,1,'יח,false,1,29.90,29.90,false,1,
7290113300354,false,לה קט סטיק עוף 30 גרם,שחורי אריה ואנסטסיה,,,'יח,0.30,ל-100 גרם,false,1,9.90,33,false,1,
7290113302341,false,חטיפי בנוזו עוף ואורז 80 גר,שחורי אריה ואנסטסיה,,,'יח,0.80,ל-100 גרם,false,1,12.90,16.13,false,1,
7290113305809,false,סופרים עוף לכלב 400 גרם,שחורי אריה ואנסטסיה,,,'יח,4,ל-100 גרם,false,1,4,1,false,1,
7290113305816,false,סופרים סלמון לכלב 400 גרם,שחורי אריה ואנסטסיה,,,'יח,4,ל-100 גרם,false,1,4,1,false,1,
7290114310215,false,"שמנת מתוקה 38% בבקבוק 250 מ""ל",החברה המרכזית להפצה,,,'יח,2.50,"ל-100 מ""ל",false,1,6.40,2.56,false,1,
7290114310222,false,חלב מועשר בסידן וויטמין D1.5 ליטר,החברה המרכזית להפצה,,,'יח,15,"ל-100 מ""ל",false,1,12.90,0.86,false,1,
7290114310239,false,חלב נטול לקטוז מעושר בויטמין 1.5 ל 2%,החברה המרכזית להפצה,,,'יח,15,"ל-100 מ""ל",false,1,12.90,0.86,false,1,
7290114310338,false,גבינה צפתית מעודנת צוריאל %5 225 ג,החברה המרכזית להפצה,,,'יח,2.50,ל-100 גרם,false,1,18.90,7.56,false,1,
7290114310567,false,לאבנה עיזים 5% 200 גר` צוריאל,החברה המרכזית להפצה,,,'יח,2,ל-100 גרם,false,1,14.90,7.45,true,1,
7290114310611,false,משקה חלב בננה בבקבוק 250 מל`,החברה המרכזית להפצה,,,'יח,2.50,"ל-100 מ""ל",false,1,5.90,2.36,false,1,
7290114310628,false,משקה חלב וניל עוגיות 1 ל`,החברה המרכזית להפצה,,,'יח,10,"ל-100 מ""ל",false,1,11.90,1.19,false,1,
7290114310673,false,לאבנה 9% 250 גרם,החברה המרכזית להפצה,,,'יח,2.50,ל-100 גרם,false,1,12.90,5.16,false,1,
7290114311014,false,"משקה חלב אייס קפוצינו ספורט 250 מ""ל",החברה המרכזית להפצה,,,'יח,2.50,"ל-100 מ""ל",false,1,5.90,2.36,false,1,
7290114311038,false,"שמנת מתוקה בבקבוק 32% 250 מ""ל",החברה המרכזית להפצה,,,'יח,2.50,"ל-100 מ""ל",false,1,6.90,2.76,false,1,
7290114311069,false,יוגורט 25 גר` חלבון מולר אקטיב0% 200,החברה המרכזית להפצה,,,'יח,2,ל-100 גרם,false,1,5.90,2.95,true,1,
7290114311298,false,מולר יוגורט עם קציפת תות בננה  3% 150ג,החברה המרכזית להפצה,,,'יח,1.50,"ל-100 מ""ל",false,1,5.20,3.47,false,1,
7290114311304,false,מולר יוגורט עם קציפת מנגו פסיפלורה בננה,החברה המרכזית להפצה,,,'יח,1.50,"ל-100 מ""ל",false,1,5.20,3.47,false,1,
7290114311328,false,חלב מועשר נטול לקטוז 1 ליטר,החברה המרכזית להפצה,,,'יח,10,ל-100 גרם,false,1,7.90,0.79,false,1,
7290114311359,false,מולר יוגורט עם קציפת מנגו 3% 150 גרם,החברה המרכזית להפצה,,,'יח,1.50,"ל-100 מ""ל",false,1,5.20,3.47,false,1,
7290114311458,false,קרטון חלב 3% מעושר וויטמין D 1 ליטר,החברה המרכזית להפצה,,,'יח,10,ל-100 גרם,false,1,7.90,0.79,false,1,
7290114600927,false,מאסטר שף עלי טורטיה חיטה מלאה 320 גר`,ש. שסטוביץ בע`מ,,,'יח,3.20,ל-100 גרם,false,1,9.90,3.09,false,1,
7290114600941,false,מאסטר שף מיונז לחיץ 435 גרם,ש. שסטוביץ בע`מ,,,'יח,4.35,ל-100 גרם,false,1,13.90,3.20,false,1,
7290114604895,false,מאסטר שף מיונז ספייסי לחיץ 446 גרם,ש. שסטוביץ בע`מ,,,'יח,4.35,ל-100 גרם,false,1,13.90,3.20,false,1,
7290114604925,false,מנה אסייאתי קרם קוקוס פחית לייט  400 מ`ל,ש. שסטוביץ בע`מ,,,'יח,4,"ל-100 מ""ל",false,1,9.90,2.48,false,1,
7290114604932,false,מאסטר שף רוטב ברביקיו דבש 524 גר`,ש. שסטוביץ בע`מ,,,'יח,5.24,ל-100 גרם,false,1,12.90,2.46,true,1,
7290114604963,false,מנה פירורי לחם מתובלים 230 גר`,ש. שסטוביץ בע`מ,,,'יח,2.30,ל-100 גרם,false,1,6.90,3,false,1,
7290114606554,false,מאסטר שף מיונז לייט  470 גר,ש. שסטוביץ בע`מ,,,'יח,4.35,ל-100 גרם,false,1,13.90,3.20,false,1,
7290114606578,false,שקדי מרק 400 גרם מאסטר שף,ש. שסטוביץ בע`מ,,,'יח,4,ל-100 גרם,false,1,9.90,2.48,false,1,
7290114608633,false,דפי אצה 25 גרם מאסטר שף,ש. שסטוביץ בע`מ,,,'יח,0.25,ל-100 גרם,false,1,11.90,47.60,false,1,
7290115191066,false,נקסט ריץ פאקט,פיליפ מוריס בעמ,,,'יח,1,,false,1,290,290,false,1,
7290115201680,false,ביסלי ברביקיו 70 גר`,קבוצת אסם סחר,,,'יח,0.70,ל-100 גרם,false,1,3.90,5.57,true,1,
7290115201727,false,ביסלי בצל גדול 200 גר`,קבוצת אסם סחר,,,'יח,2,ל-100 גרם,false,1,7.90,3.95,true,1,
7290115201741,false,ביסלי בצל 70 גר`,קבוצת אסם סחר,,,'יח,0.70,ל-100 גרם,false,1,3.90,5.57,true,1,
7290115202236,false,טבעול טופו קראנצים 470 גר`,קבוצת אסם סחר,,,'יח,4.70,ל-100 גרם,false,1,31.90,6.79,true,1,
7290115202250,false,טבעול טופו קראנצים צילי פיקנטי  470 גר,קבוצת אסם סחר,,,'יח,4.70,ל-100 גרם,false,1,31.90,6.79,true,1,
7290115202786,false,מנה חמה פאוצ` בקר 70 גר`,קבוצת אסם סחר,,,'יח,7,ל-100 גרם,false,1,4.90,0.70,false,1,
7290115202816,false,מנה חמה פאוצ` עוף 70 גר`,קבוצת אסם סחר,,,'יח,7,ל-100 גרם,false,1,4.90,0.70,false,1,
7290115202847,false,מנה חמה פאוצ` ספייסי 70 גר`,קבוצת אסם סחר,,,'יח,7,ל-100 גרם,false,1,4.90,0.70,false,1,
7290115203134,false,פופקו פופקורן במבה 80 גר`,קבוצת אסם סחר,,,'יח,0.80,ל-100 גרם,false,1,3.90,4.88,true,1,
7290115203172,false,במבה אסם פרו 80 גרם,קבוצת אסם סחר,,,'יח,0.80,ל-100 גרם,false,1,4.50,5.63,true,1,
7290115203806,false,"רוטב בסיס 290 מ""ל",קבוצת אסם סחר,,,'יח,2.90,"ל-100 מ""ל",false,1,12.90,4.45,true,1,
7290115204056,false,קטשופ אסם מופחת סוכר כשלפ 750 מל`,קבוצת אסם סחר,,,'יח,7.50,ל-100 גרם,false,1,11.90,1.59,true,1,
7290115205251,false,פיטנס בר פריכיות קרמל מלוח 84 גר`,קבוצת אסם סחר,,,'יח,0.84,ל-100 גרם,false,1,13.80,16.43,false,1,
7290115205312,false,פיטנס קרקר זיתים 140 גרם,קבוצת אסם סחר,,,'יח,1.40,ל-100 גרם,false,1,11.90,8.50,true,1,
7290115205527,false,פיטנס חטיף מולטיגריין עדשים 25 גר`,קבוצת אסם סחר,,,'יח,0.25,ל-100 גרם,false,1,4.90,19.60,false,1,
7290115205541,false,פיטנס חטיף מולטיגריין עם חומוס 25 גרם,קבוצת אסם סחר,,,'יח,0.25,ל-100 גרם,false,1,4.90,19.60,false,1,
7290115207361,false,פתי בר-פיסטוק 500 גרם,קבוצת אסם סחר,,,'יח,5,ל-100 גרם,false,1,11.90,2.38,true,1,
7290115207484,false,סלט חציל על האש צבר 400 גרם,קבוצת אסם סחר,,,'יח,4,ל-100 גרם,false,1,16.90,4.23,false,1,
7290115207620,false,"רוטב סויה קלאסי 290 מ""ל",קבוצת אסם סחר,,,'יח,2.90,"ל-100 מ""ל",false,1,12.90,4.45,true,1,
7290115207682,false,"רוטב סויה סיני 290 מ""ל",קבוצת אסם סחר,,,'יח,2.90,"ל-100 מ""ל",false,1,10.90,3.76,true,1,
7290115207941,false,ויטמינציק אננס 1 ליטר,קבוצת אסם סחר,,,'יח,10,"ל-100 מ""ל",false,1,20.90,2.09,true,1,
7290115207989,false,ויטמינציק לימון  1 ליטר,קבוצת אסם סחר,,,'יח,10,"ל-100 מ""ל",false,1,20.90,2.09,true,1,
7290115208009,false,ויטמינציק ענבים 1 ליטר,קבוצת אסם סחר,,,'יח,10,"ל-100 מ""ל",false,1,20.90,2.09,true,1,
7290115208047,false,ויטמינציק פטל 1 ליטר,קבוצת אסם סחר,,,'יח,10,"ל-100 מ""ל",false,1,20.90,2.09,true,1,
7290115208597,false,קרמעוגית קרמל מלוח 200 גר`,קבוצת אסם סחר,,,'יח,2,ל-100 גרם,false,1,10.90,5.45,false,1,
7290115209174,false,במבה אוורירית 60 גרם,קבוצת אסם סחר,,,'יח,6,ל-100 גרם,false,1,3.90,0.65,true,1,
7290115209235,false,פתי בר-קפה 500 גר`,קבוצת אסם סחר,,,'יח,5,ל-100 גרם,false,1,11.90,2.38,true,1,
7290115480016,false,קפסולות 3+1 26 יח סוד,גורי שיווק,,,'יח,1,ל-100 גרם,false,1,29.90,29.90,true,1,
7290115670684,false,גרנולה אגוזים 400 גר`,שטראוס גרופ בע`מ,,,'יח,4,ל-100 גרם,false,1,11.90,2.98,false,1,
7290115670691,false,גרנולה פירות יער  400 גר`,שטראוס גרופ בע`מ,,,'יח,4,ל-100 גרם,false,1,11.90,2.98,false,1,
7290115671339,false,מיני פינוקיות בראוניז בייגל בוטן 180 גר,שטראוס גרופ בע`מ,,,'יח,2,ל-100 גרם,false,1,9.90,4.95,false,1,
7290115671353,false,פינוקיות עוגית קרם שחור לבן קפה נמס,שטראוס גרופ בע`מ,,,'יח,2,ל-100 גרם,false,1,9.90,4.95,false,1,
7290115675559,false,קפה טורקי לדרך 10  יח`70 גר`,שטראוס גרופ בע`מ,,,'יח,1.40,ל-100 גרם,false,1,7.90,5.64,false,1,
7290115675702,false,קוואקר CRUESLI פירות 375 גרם,שטראוס פריטו ליי בע`מ,,,'יח,3.75,ל-100 גרם,false,1,22.40,5.97,false,1,
7290115677089,false,קונפיטורת בטעם תפוח וקינמון  340 גר`,שטראוס גרופ בע`מ,,,'יח,3.40,ל-100 גרם,false,1,14.90,4.38,true,1,
7290115678222,false,מארז שמינייה יוגורט יווני 6.5%,שטראוס גרופ בע`מ,,,'יח,2.50,ל-100 גרם,false,1,24.90,9.96,false,1,
7290115678376,false,מעדן הגולן שוקולד 125 גר`,שטראוס גרופ בע`מ,,,'יח,1.25,ל-100 גרם,false,1,2.90,2.32,true,1,
7290115678383,false,מעדן הגולן שוקולד מריר  125 גר`,שטראוס גרופ בע`מ,,,'יח,1.25,ל-100 גרם,false,1,2.90,2.32,true,1,
7290115678888,false,אבקת שוקולית טופי וקרמל פחית 500 גרם,שטראוס גרופ בע`מ,,,'יח,5,ל-100 גרם,false,1,14.90,2.98,false,1,
7290115737691,false,מגב סילקון 40,ד.ג.ש ייבוא ושיווק בעמ,,,'יח,0,'יח,false,1,14.90,14.90,false,1,
7290116053097,false,צלחת רטרו עמוקה גדול,ד.ג.ש ייבוא ושיווק בעמ,,,'יח,1,,false,1,9.90,9.90,false,1,
7290116053110,false,צלחת רטרו איכותית,ד.ג.ש ייבוא ושיווק בעמ,,,'יח,1,,false,1,9.90,9.90,false,1,
7290116053165,false,אטבי כביסה מילניום,ד.ג.ש ייבוא ושיווק בעמ,,,'יח,0,'יח,false,1,19.90,19.90,false,1,
7290116053172,false,אטבי כביסה צבעוניים,ד.ג.ש ייבוא ושיווק בעמ,,,'יח,0,'יח,false,1,12.90,12.90,false,1,
7290116053851,false,אלמוגית בינונית,ד.ג.ש ייבוא ושיווק בעמ,,,'יח,0,'יח,false,1,14.90,14.90,false,1,
7290116053882,false,מלקחיים נירוסטה,ד.ג.ש ייבוא ושיווק בעמ,,,'יח,1,,false,1,9.90,9.90,false,1,
7290116530482,false,מאגדת קורנפלקס אלופים 5*30 גרם,יוניליוור ישראל שיווק בע`מ,,,'יח,1.50,ל-100 גרם,false,1,11.90,7.93,false,1,
7290116531540,false,"קורנפלקס דבש כשל""פ 375 גרם",יוניליוור ישראל שיווק בע`מ,,,'יח,3.75,ל-100 גרם,false,1,16.90,4.51,false,1,
7290116531557,false,פריכיות עם תירס מלא 150 גרם כשלפ,יוניליוור ישראל שיווק בע`מ,,,'יח,1.50,ל-100 גרם,false,1,10.90,7.27,false,1,
7290116531779,false,בדין דפים למייבש כביסה כחול 40 יח,יוניליוור ישראל שיווק בע`מ,,,'יח,1,ל-100 גרם,false,1,18.90,18.90,false,1,
7290116531861,false,"פינוק תחליב רחצה שייק תפוז 700 מ""ל",יוניליוור ישראל שיווק בע`מ,,,'יח,7,"ל-100 מ""ל",false,1,10.90,1.56,false,1,
7290116531939,false,גלידונית תות בקלקר 60 יח 700 גרם,שטראוס גלידות,,,'יח,7,ל-100 גרם,false,1,39.90,5.70,false,1,
7290116532394,false,"אל סבון ידיים פינוק חמאת קקאו 950 מ""ל",יוניליוור ישראל שיווק בע`מ,,,'יח,1,'יח,false,1,11.90,11.90,false,1,
7290116532905,false,נשנושים איירביס ברביקיו 155 גרם,יוניליוור ישראל שיווק בע`מ,,,'יח,1.55,ל-100 גרם,false,1,12.90,8.32,true,1,
7290116533216,false,מרק ירקות 235 גרם,יוניליוור ישראל שיווק בע`מ,,,'יח,2.25,ל-100 גרם,false,1,17.90,7.96,false,1,
7290116930435,false,יוגורט גו סמיך 0% תות 200 גרם,תנובה חלב,,,'יח,2,ל-100 גרם,false,1,5.90,2.95,true,1,
7290116930626,false,ארוחה בקטנה ציזיקי עם קרקרים 150 גרם,תנובה חלב,,,'יח,2.10,"ל-100 מ""ל",false,1,7.90,3.76,false,1,
7290116930701,false,מעדן חלב GO בטעם קרמל מלוח 120 גרם,תנובה חלב,,,'יח,1.20,ל-100 גרם,false,1,4.90,4.08,false,1,
7290116930725,false,מעדן סויה ביו קוקוס 150 גרם,תנובה חלב,,,'יח,2,ל-100 גרם,false,1,5.90,2.95,false,1,
7290116931074,false,פרוסות טל העמק 32% 300 גרם,תנובה חלב,,,'יח,3,ל-100 גרם,false,1,25.90,8.63,false,1,
7290116931104,false,יופלה גו במרקם סמיך עם אננס 0% שומן,תנובה חלב,,,'יח,2,ל-100 גרם,false,1,5.90,2.95,true,1,
7290117030752,false,"תבניות ארוז *7 R31 (105) ""שווה""",ח.כהן סוכנות מזון ומשקאות,,,'יח,1,'יח,false,1,8.90,8.90,true,1,
7290117030769,false,"תבניות ארוז *7 R2 (90) ""שווה""",ח.כהן סוכנות מזון ומשקאות,,,'יח,1,'יח,false,1,8.90,8.90,true,1,
7290117030776,false,"תבניות ארוז מלבן עמוק *7 ""שווה""",ח.כהן סוכנות מזון ומשקאות,,,'יח,1,'יח,false,1,8.90,8.90,true,1,
7290117030783,false,"תבניות ארוז *7 R99 (210) ""שווה""",ח.כהן סוכנות מזון ומשקאות,,,'יח,1,'יח,false,1,8.90,8.90,true,1,
7290117030790,false,"תבניות ארוז *10 R88 אינגליש ""שווה""",ח.כהן סוכנות מזון ומשקאות,,,'יח,1,'יח,false,1,8.90,8.90,true,1,
7290117030806,false,"תבניות ארוז *10 R29 טוסטר ""שווה""",ח.כהן סוכנות מזון ומשקאות,,,'יח,1,'יח,false,1,8.90,8.90,true,1,
7290117030813,false,"תבניות ארוז *4 C60 עגול עמוק ""שווה""",ח.כהן סוכנות מזון ומשקאות,,,'יח,1,'יח,false,1,8.90,8.90,true,1,
7290117031506,false,כוסות קרטון שתיה חמה B-8 שווה,ח.כהן סוכנות מזון ומשקאות,,,'יח,1,,false,1,8.90,8.90,true,1,
7290117031520,false,כוסות נייר גדול 12,ח.כהן סוכנות מזון ומשקאות,,,'יח,1,,false,1,14.90,14.90,false,1,
7290117032008,false,"מזלגות איכותי 40 יח קרם  ""שווה""",ח.כהן סוכנות מזון ומשקאות,,,'יח,1,'יח,false,1,5.90,5.90,true,1,
7290117032060,false,"כפות איכותי 40 יח קרם  ""שווה""",ח.כהן סוכנות מזון ומשקאות,,,'יח,1,'יח,false,1,5.90,5.90,true,1,
7290117033005,false,"פופקורן למיקרו מלח 5*100 גרם ""שווה""",ח.כהן סוכנות מזון ומשקאות,,,'יח,5,ל-100 גרם,false,1,10.90,2.18,true,1,
7290117033012,false,"פופקורן למיקרו חמאה 5*100 גרם ""שווה""",ח.כהן סוכנות מזון ומשקאות,,,'יח,5,ל-100 גרם,false,1,10.90,2.18,true,1,
7290117033029,false,"פופקורן למיקרו לייט 5*85 גרם ""שווה""",ח.כהן סוכנות מזון ומשקאות,,,'יח,4,ל-100 גרם,false,1,10.90,2.73,true,1,
7290117132715,false,כבל לאיפון MOMA,הום פרפקט ק.ד.מ בעמ,,,'יח,1,,false,1,14.90,14.90,true,1,
7290117260074,false,שעועית ירוקה חתוכה 800 גרם,ג. וילי-פוד אינטרנשיונל בע`מ,,,'יח,8,ל-100 גרם,false,1,6.90,0.86,false,1,
7290117260449,false,גבינה בולגרית מעודנת למריחה טבעי 200 ג,ג. וילי-פוד אינטרנשיונל בע`מ,,,'יח,2,ל-100 גרם,false,1,10.90,5.45,false,1,
7290117260456,false,גבינה בולגרית מעודנת למריחה זיתים 200 ג,ג. וילי-פוד אינטרנשיונל בע`מ,,,'יח,2,ל-100 גרם,false,1,10.90,5.45,false,1,
7290117260463,false,גבינה בולגרית מעודנת למריחה חלפיניו 200,ג. וילי-פוד אינטרנשיונל בע`מ,,,'יח,2,ל-100 גרם,false,1,10.90,5.45,false,1,
7290117260470,false,גבינה בולגרית מעודנת למריחה שום 200 ג,ג. וילי-פוד אינטרנשיונל בע`מ,,,'יח,2,ל-100 גרם,false,1,10.90,5.45,false,1,
7290117260562,false,חמאה בגביע 225 גרם,ג. וילי-פוד אינטרנשיונל בע`מ,,,'יח,2.25,ל-100 גרם,false,1,16.90,7.51,false,1,
7290117260821,false,גבינת כבשים צ`אנק עם פטריות כמהין 150ג,ג. וילי-פוד אינטרנשיונל בע`מ,,,'יח,1.50,ל-100 גרם,false,1,26.90,17.93,false,1,
7290117261088,false,בוראטה מוצרלה רכה 125 גרם  %18,ג. וילי-פוד אינטרנשיונל בע`מ,,,'יח,1.25,ל-100 גרם,false,1,19.90,15.92,false,1,
7290117261354,false,ריקוטה 200 גרם 5%,ג. וילי-פוד אינטרנשיונל בע`מ,,,'יח,2,ל-100 גרם,false,1,9.90,4.95,true,1,
7290117261422,false,יוגורט פרוביוטי 2.7% שומן תות שד 125 גרם,ג. וילי-פוד אינטרנשיונל בע`מ,,,'יח,1.25,ל-100 גרם,false,1,2.90,2.32,true,1,
7290117261521,false,סלמון אטלנטי בשמן קנולה 120 גרם,ג. וילי-פוד אינטרנשיונל בע`מ,,,'יח,1.20,ל-100 גרם,false,1,11.90,9.92,true,1,
7290117261705,false,חמאה מחלב עיזים 200 גרם,ג. וילי-פוד אינטרנשיונל בע`מ,,,'יח,2,ל-100 גרם,false,1,13.90,6.95,false,1,
7290117262238,false,"משקה יוגורט עם תות שדה 200 מ""ל 2.3%",ג. וילי-פוד אינטרנשיונל בע`מ,,,'יח,1.50,ל-100 גרם,false,1,4.90,3.27,true,1,
7290117263020,false,"משקה יוגורט עם פירות יער 200 מ""ל 2.3%",ג. וילי-פוד אינטרנשיונל בע`מ,,,'יח,1.50,ל-100 גרם,false,1,4.90,3.27,true,1,
7290117380192,false,פוף קראנץ בטעם גריל 60 גרם,ש. שסטוביץ בע`מ,,,'יח,0.60,ל-100 גרם,false,1,3.90,6.50,true,1,
7290117380208,false,פוף קראנץ בטעם חמוץ חריף 60 גרם,ש. שסטוביץ בע`מ,,,'יח,0.60,ל-100 גרם,false,1,3.90,6.50,true,1,
7290117380215,false,פוף קראנץ בטעם טאקו 60 גרם,ש. שסטוביץ בע`מ,,,'יח,0.60,ל-100 גרם,false,1,3.90,6.50,true,1,
7290117860045,false,הוואי שמפו לשיער רגיל 700 מ`ל,הנקל סוד בע`מ,,,'יח,7,"ל-100 מ""ל",false,1,14.90,2.13,true,1,
7290117860090,false,הוואי מרכך לשיער רגיל 700 מ`ל,הנקל סוד בע`מ,,,'יח,7,"ל-100 מ""ל",false,1,14.90,2.13,true,1,
7290117860946,false,הוואי תחליב רחצה יוגורט 700 מל`,הנקל סוד בע`מ,,,'יח,0.70,"ל-100 מ""ל",false,1,14.90,21.29,true,1,
7290117901168,false,מיקס אגוזים וחמוציות 250 גר`,דין שיווק וקליה 2021 בעמ,,,'יח,2.50,ל-100 גרם,false,1,20,8,false,1,
7290117901182,false,בוטן קליפה קלוי 350 גר`,דין שיווק וקליה 2021 בעמ,,,'יח,5,ל-100 גרם,false,1,10,2,false,1,
7290117901205,false,טורטיה דגנים בתוספת שומשום ופשתן,דין שיווק וקליה 2021 בעמ,,,'יח,3.60,ל-100 גרם,false,1,10.90,3.03,false,1,
7290118070221,false,אטבי כביסה בשקית,ד.ג.ש ייבוא ושיווק בעמ,,,'יח,0,'יח,false,1,9.90,9.90,false,1,
7290118070269,false,שיפודי ברזל איכותיים,ד.ג.ש ייבוא ושיווק בעמ,,,'יח,1,,false,1,14.90,14.90,false,1,
7290118071259,false,ערכת יצירה סול,ד.ג.ש ייבוא ושיווק בעמ,,,'יח,1,,false,1,4.90,4.90,false,1,
7290118071266,false,סט פלסטלינה+חותכנים,ד.ג.ש ייבוא ושיווק בעמ,,,'יח,1,,false,1,14.90,14.90,false,1,
7290118071327,false,בצק משחק ארנב,ד.ג.ש ייבוא ושיווק בעמ,,,'יח,0,'יח,false,1,16.90,16.90,false,1,
7290118071365,false,ערכת סופר קליי,ד.ג.ש ייבוא ושיווק בעמ,,,'יח,1,,false,1,14.90,14.90,false,1,
7290118071433,false,סט 12 טושים ג`מבו,ד.ג.ש ייבוא ושיווק בעמ,,,'יח,0,'יח,false,1,9.90,9.90,false,1,
7290118071631,false,לוח מחיק דו צדדי,ד.ג.ש ייבוא ושיווק בעמ,,,'יח,1,,false,1,14.90,14.90,false,1,
7290118072430,false,מחבת יציקה 26,ד.ג.ש ייבוא ושיווק בעמ,,,'יח,0,'יח,false,1,69.90,69.90,false,1,
7290118072539,false,מחבת גריל איכותית,ד.ג.ש ייבוא ושיווק בעמ,,,'יח,0,'יח,false,1,89.90,89.90,false,1,
7290118072638,false,כוס אספרסו,ד.ג.ש ייבוא ושיווק בעמ,,,'יח,1,,false,1,5.90,5.90,false,1,
7290118072980,false,סביבון חללית,ד.ג.ש ייבוא ושיווק בעמ,,,'יח,1,,false,1,18.90,18.90,false,1,
7290118073819,false,מברשת למנגל,ד.ג.ש ייבוא ושיווק בעמ,,,'יח,0,'יח,false,1,9.90,9.90,false,1,
7290118074199,false,קערת פופקורן גדולה,ד.ג.ש ייבוא ושיווק בעמ,,,'יח,1,,false,1,9.90,9.90,false,1,
7290118074533,false,שפריצר מיכל אלומיניום,ד.ג.ש ייבוא ושיווק בעמ,,,'יח,1,,false,1,12.90,12.90,false,1,
7290118074649,false,ראש דוש מונאקו,ד.ג.ש ייבוא ושיווק בעמ,,,'יח,1,,false,1,49.90,49.90,false,1,
7290118074687,false,קולפן פירות וירקות,ד.ג.ש ייבוא ושיווק בעמ,,,'יח,1,,false,1,9.90,9.90,false,1,
7290118078723,false,נטלה מעוצבת שחור,ד.ג.ש ייבוא ושיווק בעמ,,,'יח,1,,false,1,19.90,19.90,false,1,
7290118078753,false,נטלה מעוצבת לבן,ד.ג.ש ייבוא ושיווק בעמ,,,'יח,1,,false,1,19.90,19.90,false,1,
7290118490043,false,עלי סלנובה ראש,ביכורי השדה הצפון בעמ` 1964,,,'יח,1,,false,1,9.90,9.90,false,1,
7290485627608,false,טוסטר אובן חכם EF 250,ד.ש.ש אלקטרוניקה בעמ`,,,'יח,0,'יח,false,1,799,799,false,1,
7291988012229,false,שקית לכיבוס במכונת כביסה,ד.ג.ש ייבוא ושיווק בעמ,,,'יח,0,'יח,false,1,9.90,9.90,false,1,
7291988012281,false,מוט ניקוי צבעוני,ד.ג.ש ייבוא ושיווק בעמ,,,'יח,0,'יח,false,1,19.90,19.90,false,1,
7291988013424,false,שפריצר שקוף איכותי,ד.ג.ש ייבוא ושיווק בעמ,,,'יח,1,,false,1,9.90,9.90,false,1,
7291988014568,false,פטיש שניצל אלומיניום,ד.ג.ש ייבוא ושיווק בעמ,,,'יח,0,'יח,false,1,29.90,29.90,false,1,
7291988015572,false,שעונית כסף,ד.ג.ש ייבוא ושיווק בעמ,,,'יח,0,'יח,false,1,14.90,14.90,false,1,
7291988020972,false,סט 6 סכינים לסטייק,ד.ג.ש ייבוא ושיווק בעמ,,,'יח,0,'יח,false,1,19.90,19.90,false,1,
7291988021696,false,קרש חיתוך במבוק גדול איכותי,ד.ג.ש ייבוא ושיווק בעמ,,,'יח,0,'יח,false,1,34,34,false,1,
7291988024147,false,מגב שיש סיליקון,ד.ג.ש ייבוא ושיווק בעמ,,,'יח,0,'יח,false,1,9.90,9.90,false,1,
7291988040444,false,מסננת סילקון מלבנית,ד.ג.ש ייבוא ושיווק בעמ,,,'יח,0,'יח,false,1,14.90,14.90,false,1,
7291988041618,false,כף-כדורי פלאפל,ד.ג.ש ייבוא ושיווק בעמ,,,'יח,1,,false,1,14.90,14.90,false,1,
7291988044398,false,אטבי סיליקון,ד.ג.ש ייבוא ושיווק בעמ,,,'יח,0,'יח,false,1,9.90,9.90,false,1,
7291988045969,false,מקטין גז אוניברסלי,ד.ג.ש ייבוא ושיווק בעמ,,,'יח,1,,false,1,9.90,9.90,false,1,
7295682698567,false,גרביי אלגנט,הום פרפקט ק.ד.מ בעמ,,,'יח,1,,false,1,12.90,12.90,true,1,
7296058110010,false,פריכיות אורז פרח 110 גר`,מ.ד אטיאס סוכנויות מזון בע`מ,,,'יח,1.10,ל-100 גרם,false,1,4.90,4.45,false,1,
7296073377214,false,לבבות קיסר,ביכורי השדה הצפון בעמ` 1964,,,'יח,1,,false,1,9.90,9.90,false,1,
7296073397380,false,דלי הפלא מתקפל,ד.ג.ש ייבוא ושיווק בעמ,,,'יח,1,,false,1,39.90,39.90,false,1,
7296102210703,false,סט קופסאות מלבן 4 יח`,הום פרפקט ק.ד.מ בעמ,,,'יח,1,,false,1,12.90,12.90,true,1,
7296102521748,false,סט קופסאות ריבוע 4 יח`,הום פרפקט ק.ד.מ בעמ,,,'יח,1,,false,1,12.90,12.90,false,1,
7297029070012,false,גרביי עקביות לגבר,הום פרפקט ק.ד.מ בעמ,,,'יח,1,,false,1,12.90,12.90,true,1,
7297029070029,false,גרבי נשים,הום פרפקט ק.ד.מ בעמ,,,'יח,1,,false,1,12.90,12.90,true,1,
7297461004408,false,שמיכה פליז כרבולית,הום פרפקט ק.ד.מ בעמ,,,'יח,1,,false,1,14.90,14.90,true,1,
7297585030946,false,מטריה,ד.ג.ש ייבוא ושיווק בעמ,,,'יח,1,,false,1,34.90,34.90,false,1,
7297588017121,false,מטריית ילדים שקוף,ד.ג.ש ייבוא ושיווק בעמ,,,'יח,0,'יח,false,1,16.90,16.90,false,1,
7297588030946,false,מטריה מחוזקת,ד.ג.ש ייבוא ושיווק בעמ,,,'יח,1,,false,1,34.90,34.90,false,1,
7394376123337,false,אוטלי-משקה שיבולת שועל אורגני,ש. שסטוביץ בע`מ,,,'יח,10,"ל-100 מ""ל",false,1,14.90,1.49,false,1,
7394376615825,false,אוטלי-משקה שיבולת שועל מועשר בסידן,ש. שסטוביץ בע`מ,,,'יח,10,"ל-100 מ""ל",false,1,14.90,1.49,false,1,
7394376616778,false,אוטלי-משקה שיבולת שועל להקצפה בריסטה,ש. שסטוביץ בע`מ,,,'יח,10,"ל-100 מ""ל",false,1,15.90,1.59,false,1,
7394376620294,false,משקה שיבולת שועל בטעם וניל,ש. שסטוביץ בע`מ,,,,0,'יח,false,1,14.90,14.90,false,1,
7501064191398,false,שישייה בירה קורונה,תימקו בירה בעמ`,,,'יח,19.80,"ל-100 מ""ל",false,1,34.90,1.67,true,1,
7610113011652,false,בקרדי בריזר תפוח 275 מל,טמפו משקאות בע`מ,,,'יח,2.75,"ל-100 מ""ל",false,24,13.90,4.95,true,1,
7613030979647,false,טריקס פירות 480 גרם,קבוצת אסם סחר,,,'יח,4.80,ל-100 גרם,false,1,19.90,4.15,true,1,
7613032045753,false,פיטנס דגנים מחיטה מלאה שוקולד 375גרם,קבוצת אסם סחר,,,'יח,3.75,ל-100 גרם,false,1,19.90,5.31,true,1,
7613033548192,false,פיטנס שוקולד מריר 375 גרם,קבוצת אסם סחר,,,'יח,3.75,ל-100 גרם,false,1,19.90,5.31,true,1,
7613034146656,false,ONE מיני אקטיב בקר 1.5קג,שחורי אריה ואנסטסיה,,,'יח,15,ל-100 גרם,false,1,59.90,3.99,false,1,
7613035379794,false,דנטלייף גזע בינוני115גרם,שחורי אריה ואנסטסיה,,,'יח,1.15,ל-100 גרם,false,1,14.90,12.96,false,1,
7613035379817,false,דנטלייף גזע קטן115גרם,שחורי אריה ואנסטסיה,,,'יח,1.15,ל-100 גרם,false,1,14.90,12.96,false,1,
7613037811629,false,קורנפלקס גו פרי ללא גלוטן 500 גר`,קבוצת אסם סחר,,,'יח,5,ל-100 גרם,false,1,16,3.20,false,1,
7613039547632,false,גרבר מחית תפוח בננה תות פאוץ`  90 גר`,קבוצת אסם סחר,,,'יח,9,ל-100 גרם,false,1,5.90,0.66,true,1,
7613039547731,false,גרבר מחית תפוח משמש  פאוץ`  90 גר`,קבוצת אסם סחר,,,'יח,9,ל-100 גרם,false,1,5.90,0.66,true,1,
7613287186928,false,קפסולות סטארבקס ברקפסט רוסט 12 יח`,קבוצת אסם סחר,,,'יח,0.57,ל-100 גרם,false,1,21.90,38.42,true,1,
7613287394323,false,מולטי צ`יריוס 600גר`,קבוצת אסם סחר,,,'יח,6,ל-100 גרם,false,1,24.90,4.15,false,1,
7622010001858,false,עוגיות סנדביץ אוראו 176 גרם,דיפלומט מפיצים (1968) בע`מ,,,'יח,1.76,ל-100 גרם,false,1,8.90,5.06,true,1,
7622201050757,false,מילקה שוקולד חלב במילוי קרם קרמל 100 ג,דיפלומט מפיצים (1968) בע`מ,,,'יח,1,,false,23,5.90,5.90,false,1,
7622201127206,false,ממרח מילקה  350 גרם,דיפלומט מפיצים (1968) בע`מ,,,'יח,3.50,ל-100 גרם,false,1,14.90,4.26,false,1,
7622201139278,false,גבינת שמנת פילדלפיה 150 גר`,נטו מלינדה סחר בע`מ,,,'יח,1.50,ל-100 גרם,false,1,13.90,9.27,true,1,
7622201401900,false,עוגיות מילקה סנסיישן אוראו 156 גר`,דיפלומט מפיצים (1968) בע`מ,,,'יח,2,ל-100 גרם,false,16,10.90,5.45,false,1,
7622201500733,false,אוראו רמיקס דאבל קרם קרמל וניל 157 גרם,דיפלומט מפיצים (1968) בע`מ,,,'יח,1.57,ל-100 גרם,false,1,8.90,5.67,false,1,
7622201521493,false,שמנת פילדלפיה שום ועשבי תיבול 150 גרם,נטו מלינדה סחר בע`מ,,,'יח,1.50,ל-100 גרם,false,1,13.90,9.27,true,1,
7622201801809,false,.מילקה שוקולד חלב עם אגוזים 100 גרם,דיפלומט מפיצים (1968) בע`מ,,,'יח,1,'יח,false,22,5.90,5.90,false,1,
7622201802363,false,מילקה שוקולד חלב עם צימוקים ואגוזים 10,דיפלומט מפיצים (1968) בע`מ,,,'יח,1,,false,22,5.90,5.90,false,1,
7622201802394,false,מילקה שוקולד חלב 100 גרם,דיפלומט מפיצים (1968) בע`מ,,,'יח,1,,false,24,5.90,5.90,false,1,
7622201809188,false,מילקה ביסקויט 150 גר`,דיפלומט מפיצים (1968) בע`מ,,,'יח,1.50,ל-100 גרם,false,14,11.90,7.93,false,1,
7622201813390,false,מילקה וופל במילוי קרם קקאו 150גר,דיפלומט מפיצים (1968) בע`מ,,,'יח,2,ל-100 גרם,false,14,10.90,5.45,false,1,
7622201823733,false,עוגיות מילקה ת`ינס דקות 151 גרם,דיפלומט מפיצים (1968) בע`מ,,,'יח,1.51,ל-100 גרם,false,14,10.90,7.22,false,1,
7622210078131,false,שוקולד מילקה חלב עם דיים 100 גר`,דיפלומט מפיצים (1968) בע`מ,,,'יח,1,,false,22,5.90,5.90,false,1,
7622210163899,false,מילקה שוקולד חלב עם עדשים 100 גר`,דיפלומט מפיצים (1968) בע`מ,,,'יח,1,,false,22,5.90,5.90,false,1,
7622210453327,false,מילקה סנסיישן 156 גר,דיפלומט מפיצים (1968) בע`מ,,,'יח,1.56,ל-100 גרם,false,1,10.90,6.99,false,1,
7622210637994,false,אוראו קראנצ`י בייטס 110 גר`,דיפלומט מפיצים (1968) בע`מ,,,'יח,1.10,ל-100 גרם,false,1,7.90,7.18,false,1,
7622210638021,false,אוראו קראנצ`י בייטס מצופים  110 גר`,דיפלומט מפיצים (1968) בע`מ,,,'יח,1.10,ל-100 גרם,false,1,7.90,7.18,false,1,
7622210826053,false,מילקה שוקולד אוראו סנדוויץ  100 גרם,דיפלומט מפיצים (1968) בע`מ,,,'יח,1,,false,22,5.90,5.90,false,1,
7622300356767,false,מילקה עוגיות גרנולה ושוקולד חלב,דיפלומט מפיצים (1968) בע`מ,,,'יח,1.68,ל-100 גרם,false,14,10.90,6.49,false,1,
7622300503079,false,מילקה ביסקוויט מצופה שוקולד חלב 200גר,דיפלומט מפיצים (1968) בע`מ,,,'יח,2,ל-100 גרם,false,16,10.90,5.45,false,1,
7622300617820,false,מילקה שוקולד אוראו 100 גרם,דיפלומט מפיצים (1968) בע`מ,,,'יח,1,,false,22,5.90,5.90,false,1,
7622400005190,false,מילקה שוקולד חלב במילוי קרם קרמל 100 ג,דיפלומט מפיצים (1968) בע`מ,,,'יח,1,,false,1,5.90,5.90,false,1,
7630477891592,false,קפסולות סטארבקס האוס בלנד 12 יח`,קבוצת אסם סחר,,,'יח,0.57,ל-100 גרם,false,1,21.90,38.42,true,1,
7630477891615,false,קפסולות סטארבקס סומטרה  12 יח`,קבוצת אסם סחר,,,'יח,0.57,ל-100 גרם,false,1,21.90,38.42,true,1,
7630477891653,false,קפסולות סטארבקס אספרסו נטול  12 יח`,קבוצת אסם סחר,,,'יח,0.57,ל-100 גרם,false,1,21.90,38.42,true,1,
7630477891677,false,קפסולות סטארבקס פייק פלייס 12 יח`,קבוצת אסם סחר,,,'יח,0.57,ל-100 גרם,false,1,21.90,38.42,true,1,
7630477891714,false,קפסולות סטארבקס אספרסו 12 יח`,קבוצת אסם סחר,,,'יח,0.57,ל-100 גרם,false,1,21.90,38.42,true,1,
7702174066631,false,סוכריות לקקנים בטעם פין פופ 216 גרם,ליימן שליסל בע`מ,,,'יח,1.80,ל-100 גרם,false,20,8.90,4.94,false,1,
7777272500868,false,מדבקות 10 דפים,ד.ג.ש ייבוא ושיווק בעמ,,,'יח,1,,false,1,2.90,2.90,false,1,
7777555511796,false,סט קולבי קטיפה,ד.ג.ש ייבוא ושיווק בעמ,,,'יח,1,,false,1,13.90,13.90,false,1,
7777884400105,false,קערת נירוסטה S,ד.ג.ש ייבוא ושיווק בעמ,,,'יח,1,,false,1,9.90,9.90,false,1,
7777886600572,false,סכומון נירוסטה מעוצב גדול,ד.ג.ש ייבוא ושיווק בעמ,,,'יח,1,,false,1,17.90,17.90,false,1,
7777886604914,false,מחבת יציקה איכותית 28 wood editrion,ד.ג.ש ייבוא ושיווק בעמ,,,'יח,1,,false,1,79.90,79.90,false,1,
7777886605720,false,סט טריו 3 קופסאות אחסון,ד.ג.ש ייבוא ושיווק בעמ,,,'יח,1,,false,1,19.90,19.90,false,1,
7777886606208,false,סביבון קפיץ,ד.ג.ש ייבוא ושיווק בעמ,,,'יח,1,,false,1,12.90,12.90,false,1,
7895000519170,false,קרש חיתוך במבוק בינוני איכותי,ד.ג.ש ייבוא ושיווק בעמ,,,'יח,0,'יח,false,1,29.90,29.90,false,1,
8000380003723,false,וופלים גרנד פטיסרי במילוי קרם אגוזים 100,ליימן שליסל בע`מ,,,'יח,1,ל-100 גרם,false,18,12.90,12.90,true,1,
8000380003761,false,וופלים גרנד פטיסרי במילוי קרם קוקוס 100,ליימן שליסל בע`מ,,,'יח,1,ל-100 גרם,false,18,12.90,12.90,true,1,
8000380004676,false,וופל ממולא קרם בטעם וניל 200 גרם,ליימן שליסל בע`מ,,,'יח,2,ל-100 גרם,false,18,12.90,6.45,true,1,
8000380004911,false,וופל קואדרטיני בטעם אגוזים 250 גרם,ליימן שליסל בע`מ,,,'יח,2.50,ל-100 גרם,false,18,14.90,5.96,true,1,
8000380004966,false,וופל קואדרטיני בטעם קקאו 250 גרם,ליימן שליסל בע`מ,,,'יח,2.50,ל-100 גרם,false,1,14.90,5.96,true,1,
8000380007219,false,וופל לואקר ממולא קרם אגוזים 175 גרם,ליימן שליסל בע`מ,,,'יח,1.75,ל-100 גרם,false,18,10.90,6.23,false,1,
8000380152728,false,גרדנה חטיפי אצבעות מארז 125גר,ליימן שליסל בע`מ,,,'יח,1.25,ל-100 גרם,false,1,15.90,12.72,false,1,
8000380157570,false,לואקר אגוז 262 גר`,ליימן שליסל בע`מ,,,'יח,2.62,ל-100 גרם,false,1,13.90,5.31,true,1,
8000380157587,false,לואקר שוקולד 262 גר`,ליימן שליסל בע`מ,,,'יח,2.62,ל-100 גרם,false,1,13.90,5.31,true,1,
8000380180721,false,וופל לואקר קלאסיק שוקו חלב 175 גרם,ליימן שליסל בע`מ,,,'יח,1.75,ל-100 גרם,false,18,10.90,6.23,false,1,
8000380192243,false,לואקר מקסי בטעם אגוז 200 גר`,ליימן שליסל בע`מ,,,'יח,2,ל-100 גרם,false,1,13.90,6.95,false,1,
8000380205400,false,וופל קואדרטיני חמאת בוטנים 250 גרם,ליימן שליסל בע`מ,,,'יח,2.50,ל-100 גרם,false,18,14.90,5.96,true,1,
8000500023624,false,קינדר Happy Hippo ופל במילוי קרם 5יח,פרימיום חברה לדברי מתיקה ולמסח,,,'יח,1.30,ל-100 גרם,false,1,12.90,9.92,false,1,
8000500028124,false,קינדר ג`וי מארז שלישייה,פרימיום חברה לדברי מתיקה ולמסח,,,'יח,1,למארז,false,1,14.90,14.90,false,1,
8000500029350,false,חטיף קינדר בואנו שוקולד*3יח 43 גרם,פרימיום חברה לדברי מתיקה ולמסח,,,'יח,0.43,ל-100 גרם,false,1,10.90,25.35,true,1,
8000500032237,false,בונבונירה רושר 375 גרם,פרימיום חברה לדברי מתיקה ולמסח,,,'יח,3.75,ל-100 גרם,false,1,48.90,13.04,false,1,
8000500037874,false,בונבונירה רושר 200 גרם,פרימיום חברה לדברי מתיקה ולמסח,,,'יח,2,ל-100 גרם,false,1,26.90,13.45,false,1,
8000500071083,false,אצבעות שוקולד קינדר 16 יח 200 גרם,פרימיום חברה לדברי מתיקה ולמסח,,,'יח,2,ל-100 גרם,false,1,11.90,5.95,false,1,
8000500075708,false,ביצת קינדר Joy עם הפתעה כחול 3*20 גרם,פרימיום חברה לדברי מתיקה ולמסח,,,'יח,0.60,ל-100 גרם,false,1,14.90,24.83,false,1,
8000500121436,false,חטיף קינדר בואנו לבן*3יח 43 גרם,פרימיום חברה לדברי מתיקה ולמסח,,,'יח,1.29,ל-100 גרם,false,1,10.90,8.45,true,1,
8000500167656,false,קינד שוקולד עם דגנים 4 יח`,פרימיום חברה לדברי מתיקה ולמסח,,,'יח,0,ל-100 גרם,false,1,7.90,7.90,false,1,
8000500227848,false,נוטלה B-READY,פרימיום חברה לדברי מתיקה ולמסח,,,'יח,1.32,ל-100 גרם,false,1,11.90,9.02,true,1,
8000500249352,false,קינדר בואנו מיני מיקס,פרימיום חברה לדברי מתיקה ולמסח,,,'יח,0,ל-100 גרם,false,1,18.90,18.90,false,1,
8000500256213,false,קינדר שוקולד מיני,פרימיום חברה לדברי מתיקה ולמסח,,,'יח,1.20,ל-100 גרם,false,1,8.90,7.42,false,1,
8000500267103,false,קינדר דליס עוגות אישיות,פרימיום חברה לדברי מתיקה ולמסח,,,'יח,0.35,ל-100 גרם,false,1,19.90,56.86,true,1,
8000500269169,false,קינדר קארדס חמישיה  *5 25.6 גרם,פרימיום חברה לדברי מתיקה ולמסח,,,'יח,12.80,ל-100 גרם,false,1,13.90,1.09,false,1,
8001090206930,false,"מרכך לנור לבן 750 מ""ל",איינשטיין צור-יבוא-יצוא וסחר ב,,,'יח,7.50,"ל-100 מ""ל",false,1,12.90,1.72,true,1,
8001090336606,false,חיתולי פמפרס בייבי דריי מידה 6 26 יח`,דיפלומט מפיצים (1986) בע`מ,,,'יח,1,'יח,false,1,34.90,34.90,true,1,
8001090458353,false,פיירי אנטי בקטריאלי 515 מל`,דיפלומט מפיצים (1986) בע`מ,,,'יח,5.15,"ל-100 מ""ל",false,1,10.90,2.12,false,1,
8001090721099,false,.אריאל קפסולות לכביסה רגיל 24 יח`,דיפלומט מפיצים (1986) בע`מ,,,'יח,1,ל-100 גרם,false,1,34.90,34.90,false,1,
8001090721129,false,אריאל קפסולות לכביסה קולור 24 יח`,דיפלומט מפיצים (1986) בע`מ,,,'יח,1,ל-100 גרם,false,1,34.90,34.90,false,1,
8001090832450,false,"פנטן שמפו נוסחה קלאסית 660 מ""ל",דיפלומט מפיצים (1986) בע`מ,,,'יח,6.60,"ל-100 מ""ל",false,6,18.90,2.86,false,1,
8001090832573,false,"פנטן שמפו לחות מוגברת 660 מ""ל",דיפלומט מפיצים (1986) בע`מ,,,'יח,6.60,"ל-100 מ""ל",false,6,18.90,2.86,false,1,
8001090832818,false,"פנטן מרכך נוסחה קלאסית 660 מ""ל",דיפלומט מפיצים (1986) בע`מ,,,'יח,6.60,"ל-100 מ""ל",false,6,18.90,2.86,false,1,
8001090833167,false,אריאל ג`ל 2.47 ל`בניחוח הרים,דיפלומט מפיצים (1986) בע`מ,,,'יח,2.3650,"ל-100 מ""ל",false,4,29.90,12.64,false,1,
8001090833228,false,אריאל ג`ל כביסה קולור 2.365 ל`,דיפלומט מפיצים (1986) בע`מ,,,'יח,2.3650,"ל-100 מ""ל",false,4,29.90,12.64,false,1,
8001244002555,false,מתקן כביסה מתכת,הום פרפקט ק.ד.מ בעמ,,,'יח,1,,false,1,59.90,59.90,true,1,
8001620011935,false,סאן בנדטו מים מוגז עדין 6*500 מל,טמפו משקאות בע`מ,,,'יח,30,"ל-100 מ""ל",false,4,13.90,0.40,true,1,
8001620017449,false,סאן בנדטו מים  500 מל,טמפו משקאות בע`מ,,,'יח,5,"ל-100 מ""ל",false,1,3.40,0.62,false,1,
8001841375762,false,"מרכך לנור גולד 750 מ""ל",איינשטיין צור-יבוא-יצוא וסחר ב,,,'יח,7.50,"ל-100 מ""ל",false,1,12.90,1.72,true,1,
8001841625461,false,"פיירי פלטינום אורגינל החדש 515 מ""ל",דיפלומט מפיצים (1986) בע`מ,,,'יח,5.15,"ל-100 מ""ל",false,1,10.90,2.12,false,1,
8001841960081,false,טבליות למדיח פלטינום 37 יח`,דיפלומט מפיצים (1986) בע`מ,,,'יח,1,,false,1,34.90,34.90,false,1,
8004030180000,false,טונה ריו בשמן זית 3יח *80גר,ש. שסטוביץ בע`מ,,,'יח,2.40,ל-100 גרם,false,1,25.90,10.79,false,1,
8004030344938,false,טונה ריו בשמן זית 3יח *80גר,ש. שסטוביץ בע`מ,,,'יח,2.40,ל-100 גרם,false,1,25.90,10.79,false,1,
8004030845046,false,ריו מארה אינסלטיסימי אורז עם טונה,ש. שסטוביץ בע`מ,,,'יח,1.60,ל-100 גרם,false,1,17.90,11.19,false,1,
8005110170300,false,מוטי עגבניות שלישייה חתוכות 400 גרם,רסטרטו יבוא ושיווק בעמ,,,'יח,4,ל-100 גרם,false,1,18.90,4.73,true,1,
8005110191015,false,רסק עגבניות ובזיליקום 700 גר` מוטי,רסטרטו יבוא ושיווק בעמ,,,'יח,7,ל-100 גרם,false,1,11.90,1.70,false,1,
8006540566701,false,אריאל ג`ל כתמים קשים 1.925 ק,דיפלומט מפיצים (1986) בע`מ,,,'יח,2.2250,"ל-100 מ""ל",false,4,29.90,13.44,false,1,
8008245004847,false,ממרח אגוזי לוז וקקאו 300 גר`,א.סיימן סחר בעמ,,,'יח,3,ל-100 גרם,false,1,13.90,4.63,true,1,
8008660210038,false,מעדן תות שדה 300 גר`,תה ויסוצקי בע`מ,,,'יח,3,ל-100 גרם,false,1,15.90,5.30,true,1,
8008857300771,false,פסטה רג`ייה טליאטלה 500 גר`,תומר ייבוא ושיווק מוצרי מזון [,,,'יח,5,ל-100 גרם,false,1,4.90,0.98,true,1,
8076800195033,false,ספגטיני ברילה מספר 3 500 גרם,ש. שסטוביץ בע`מ,,,'יח,5,ל-100 גרם,false,1,7.90,1.58,true,1,
8076800195057,false,ספגטי ברילה מוסמולינה 500 גרם,ש. שסטוביץ בע`מ,,,'יח,5,ל-100 גרם,false,1,7.90,1.58,true,1,
8076800195132,false,איטריות בבטה 13 500 גרם,ש. שסטוביץ בע`מ,,,'יח,5,ל-100 גרם,false,1,7.90,1.58,true,1,
8076800315097,false,ספגטי בוקטיני 500 גרם,ש. שסטוביץ בע`מ,,,'יח,5,ל-100 גרם,false,1,7.90,1.58,true,1,
8076802085738,false,פתיתים פנה ריגטה 500 גרם,ש. שסטוביץ בע`מ,,,'יח,5,ל-100 גרם,false,1,7.90,1.58,true,1,
8076802085837,false,פתיתים טורטיליוני 500 גרם,ש. שסטוביץ בע`מ,,,'יח,5,ל-100 גרם,false,1,7.90,1.58,true,1,
8076802085936,false,קונציליאה ריגאטי 3,ש. שסטוביץ בע`מ,,,'יח,5,ל-100 גרם,false,1,7.90,1.58,true,1,
8076802085981,false,פתיתים פוזילי 500 גרם,ש. שסטוביץ בע`מ,,,'יח,5,ל-100 גרם,false,1,7.90,1.58,true,1,
8076808060654,false,פסטה פרפלה 65 ברילה 500 גרם,ש. שסטוביץ בע`מ,,,'יח,5,ל-100 גרם,false,1,7.90,1.58,true,1,
8076808150072,false,ספגטוני מס 7 500 גרם,ש. שסטוביץ בע`מ,,,'יח,5,ל-100 גרם,false,1,7.90,1.58,true,1,
8076809512268,false,פסטה ברילה קצרה גירנדולה 500 גרם,ש. שסטוביץ בע`מ,,,'יח,5,ל-100 גרם,false,1,7.90,1.58,true,1,
8076809513654,false,בסיס עגבניות לרוטב בולונז 400 גרם,ש. שסטוביץ בע`מ,,,'יח,4,ל-100 גרם,false,1,14.90,3.73,false,1,
8076809513739,false,ברילה רוטב בזיליקום לפסטה 400 גרם,ש. שסטוביץ בע`מ,,,'יח,4,ל-100 גרם,false,1,14.90,3.73,false,1,
8076809529419,false,ספגטי מחיטה מלאה  מס`5 500 גרם,ש. שסטוביץ בע`מ,,,'יח,5,ל-100 גרם,false,1,14.90,2.98,false,1,
8076809529433,false,פנטה רגטה פסטה מחיטה מלאה 500 גרם,ש. שסטוביץ בע`מ,,,'יח,5,ל-100 גרם,false,1,14.90,2.98,false,1,
8076809545440,false,ברילה אטריות ללא גלוטן 400 גר`,ש. שסטוביץ בע`מ,,,'יח,4,ל-100 גרם,false,1,14.90,3.73,false,1,
8076809578998,false,ברילה צ.ק סטלינה 500 גר`,ש. שסטוביץ בע`מ,,,'יח,5,ל-100 גרם,false,1,7.90,1.58,false,1,
8367383775003,false,מכונת גילוח,ד.ש.ש אלקטרוניקה בעמ`,,,'יח,0,'יח,false,1,199,199,false,1,
8377373138848,false,מסחטת מיצים 800MI,ד.ש.ש אלקטרוניקה בעמ`,,,'יח,1,,false,1,89.90,89.90,true,1,
8410076600622,false,חטיף גרנולה קראנצ`י ושבבי שוקולד מריר,ליימן שליסל בע`מ,,,'יח,2.10,ל-100 גרם,false,1,19.90,9.48,true,1,
8410076621047,false,חטיף בריאות פייבר 1 שוקולד 5*24 גרם,ליימן שליסל בע`מ,,,'יח,1.20,ל-100 גרם,false,12,15.90,13.25,true,1,
8410104045111,false,"פיניש מלח למדיח 2 ק""ג",תה ויסוצקי בע`מ,,,'יח,0,ל-100 גרם,false,1,14.90,14.90,true,1,
8423207206495,false,חטיף דגנים מלאים מצופה 120גר,ש. שסטוביץ בע`מ,,,'יח,1.20,ל-100 גרם,false,1,11.90,9.92,true,1,
8423207207362,false,מרבה סלים דליס שוקולד לבן 120 גר`,ש. שסטוביץ בע`מ,,,'יח,1.20,ל-100 גרם,false,1,11.90,9.92,true,1,
8423207208680,false,מרבה סלים דליס לילדים עם שוקולד חלב,ש. שסטוביץ בע`מ,,,'יח,1.10,ל-100 גרם,false,1,11.90,10.82,true,1,
8423207208871,false,פריכיות תירס בטעם טבעי`סלים דליס`,גורי מוצרי צריכה 1991 בע`מ,,,'יח,1.30,ל-100 גרם,false,1,9.90,7.62,false,1,
8423207208895,false,פריכיות תירס בטעם זיתים ועירית`סלים דל,גורי מוצרי צריכה 1991 בע`מ,,,'יח,1.30,ל-100 גרם,false,1,9.90,7.62,false,1,
8423207209748,false,מרבה סלים דליס שוקולד מריר,ש. שסטוביץ בע`מ,,,'יח,1.20,ל-100 גרם,false,1,11.90,9.92,true,1,
8423207209885,false,מרבה סלים דליס לילדים עם שוקולד חלב,ש. שסטוביץ בע`מ,,,'יח,1.10,ל-100 גרם,false,1,11.90,10.82,true,1,
8423207210287,false,מרבה סלים דליס שוקולד לבן 120 גר`,ש. שסטוביץ בע`מ,,,'יח,1.20,ל-100 גרם,false,1,11.90,9.92,true,1,
8425206000081,false,ריבת חלב מרדל 450 גרם,גורי מוצרי צריכה 1991 בע`מ,,,'יח,4.50,ל-100 גרם,false,1,19.90,4.42,false,1,
8435495819363,false,מרכך כביסה מרוכז תינוקלין 1 ליטר,ליימן שליסל בע`מ,,,'יח,10,"ל-100 מ""ל",false,1,19.90,1.99,false,1,
8436575292205,false,מאגדת חמשושים 180 גרם,נגה גלידות שותפות מוגבלת,,,'יח,1.80,ל-100 גרם,false,1,19.90,11.06,false,1,
8606018615841,false,פיינט מילקה וניל ליבת שוקולד,נגה גלידות שותפות מוגבלת,,,'יח,1,ל-100 גרם,false,1,16.90,16.90,false,1,
8606018615865,false,פיינט מילקה קרמל ריבת חלב,נגה גלידות שותפות מוגבלת,,,'יח,1,ל-100 גרם,false,1,16.90,16.90,false,1,
8683130008935,false,הלמנס קטשיונז 425 גרם,יוניליוור ישראל שיווק בע`מ,,,'יח,4.80,ל-100 גרם,false,1,14.90,3.10,false,1,
8683323063024,false,סוכריות טעם תותי פרוטי 220 גר`,ליימן שליסל בע`מ,,,'יח,2.20,ל-100 גרם,false,30,6.90,3.14,false,1,
8690504153740,false,טבלת שוקולד מריר עם גאנש 86 גר`,תה ויסוצקי בע`מ,,,'יח,0.86,ל-100 גרם,false,1,14.90,17.33,true,1,
8690637073434,false,תה ארל גריי בטעם ברגמוט ללא שקית100ש,יוניליוור ישראל שיווק בע`מ,,,'יח,2,ל-100 גרם,false,1,23.90,11.95,false,1,
8690637503856,false,מיונז הלמנס לחיץ 385 גרם,יוניליוור ישראל שיווק בע`מ,,,'יח,3.85,ל-100 גרם,false,1,13.90,3.61,false,1,
8690637504426,false,לניקוי כללי קרם סיף 500 מל לימון,יוניליוור ישראל שיווק בע`מ,,,'יח,5,"ל-100 מ""ל",false,1,10.90,2.18,false,1,
8690637858734,false,גל אקונומיקה לימון 750 מל,יוניליוור ישראל שיווק בע`מ,,,'יח,7.50,"ל-100 מ""ל",false,1,11.90,1.59,false,1,
8690637858741,false,סיף ג`ל אקונמיקה 750 מל`,יוניליוור ישראל שיווק בע`מ,,,'יח,7.50,"ל-100 מ""ל",false,1,11.90,1.59,false,1,
8690637871245,false,מיונז הלמנס לחיץ 385 גרם,יוניליוור ישראל שיווק בע`מ,,,'יח,3.85,ל-100 גרם,false,1,13.90,3.61,false,1,
8690637946301,false,בדין אקסטרא כחול בייבי 960 מל,יוניליוור ישראל שיווק בע`מ,,,'יח,96,"ל-100 מ""ל",false,1,15.90,0.17,false,1,
8690637976995,false,בדין אקסטרא מרכך ורוד סחלבים 960 מל,יוניליוור ישראל שיווק בע`מ,,,'יח,96,"ל-100 מ""ל",false,1,15.90,0.17,false,1,
8690766156374,false,שוקולד PURE מריר 72% קקאו,תה ויסוצקי בע`מ,,,'יח,0.90,ל-100 גרם,false,1,14.90,16.56,true,1,
8690766156381,false,שוקולד PURE מריר מעולה 90%,תה ויסוצקי בע`מ,,,'יח,0.90,ל-100 גרם,false,1,14.90,16.56,true,1,
8690766156404,false,שוקולד PURE מריר מעולה טעם תפוז,תה ויסוצקי בע`מ,,,'יח,0.90,ל-100 גרם,false,1,14.90,16.56,true,1,
8690770322598,false,שמרים יבשים לאפייה 125 גרם,הנמל אריזות ושיווק 1984 בע`מ,,,'יח,1,ל-100 גרם,false,24,4.90,4.90,true,1,
8690777221405,false,פלפל אדום קלוי על האש 620 גרם סרה,ג. וילי-פוד אינטרנשיונל בע`מ,,,'יח,6.20,ל-100 גרם,false,12,12.90,2.08,false,1,
8690784616775,false,דאק סבון ניקוי לאסלה 4ב1 בניחוח,דנאגיס בעמ,,,'יח,3,"ל-100 מ""ל",false,1,7.90,2.63,false,1,
8693395002319,false,מתקן נייר סופג,ד.ג.ש ייבוא ושיווק בעמ,,,'יח,0,'יח,false,1,15.90,15.90,false,1,
8697425880090,false,מגב שיש פלורה,ד.ג.ש ייבוא ושיווק בעמ,,,'יח,0,'יח,false,1,9.90,9.90,false,1,
8699073290764,false,פלפל אדום קלוי 680 גרם MELIS,ג. וילי-פוד אינטרנשיונל בע`מ,,,'יח,6.80,ל-100 גרם,false,1,10.90,1.60,false,1,
8699073292768,false,חציל קלוי על האש 640 גרם MELIS,ג. וילי-פוד אינטרנשיונל בע`מ,,,'יח,6.40,ל-100 גרם,false,1,10.90,1.70,false,1,
8699947920797,false,סט 3 קופסאות סוגרים,הום פרפקט ק.ד.מ בעמ,,,'יח,1,,false,1,14.90,14.90,true,1,
8710447320662,false,דאב דאודורנט ספריי אפרסק לימון 150 מל`,יוניליוור ישראל שיווק בע`מ,,,'יח,1.50,"ל-100 מ""ל",false,1,15.90,10.60,false,1,
8710502194801,false,עוגיות מרבה שוקולד צ`יפס רכה פירות יער,ש. שסטוביץ בע`מ,,,'יח,1.75,ל-100 גרם,false,1,9.90,5.66,true,1,
8710847973970,false,דאב סבון נוזלי חלב אלוורה 750 מל,יוניליוור ישראל שיווק בע`מ,,,'יח,7.50,"ל-100 מ""ל",false,1,19.90,2.65,false,1,
8711327577664,false,מגנום פיינט בטעם ביסקוויט טופי קינמון,שטראוס גלידות,,,'יח,2.60,ל-100 גרם,false,1,21.90,8.42,false,1,
8712000051099,false,בירה היינקן ללא אלכוהול שישיה 6 * 330מ,טמפו משקאות בע`מ,,,'יח,3.30,"ל-100 מ""ל",false,4,34.90,10.03,true,1,
8712400802512,false,נוטרילון שלב 2 800 גרם,דיפלומט מפיצים (1968) בע`מ,,,'יח,8,ל-100 גרם,false,12,59.90,7.49,false,1,
8714599410530,false,קפה ג`ייקובס קרוננג מיובש בהקפאה 200 ג,דיפלומט מפיצים (1968) בע`מ,,,'יח,0.75,ל-100 גרם,false,10,21.90,29.20,false,1,
8714599513781,false,קפה ג`יקובס גולד מיובש בהקפאה 200גר כש,דיפלומט מפיצים (1968) בע`מ,,,'יח,2,ל-100 גרם,false,6,29.90,14.95,false,1,
8714599513835,false,קפה ג`יקובס נטול קופיאין מיובש בהקפאה,דיפלומט מפיצים (1968) בע`מ,,,'יח,2,ל-100 גרם,false,6,34.90,17.45,false,1,
8714599513866,false,קפה ג`יקובס ירוק מיובש בהקפאה 200 גרם,דיפלומט מפיצים (1968) בע`מ,,,'יח,2,ל-100 גרם,false,6,29.90,14.95,false,1,
8714789177229,false,מברשת שיניים קולגייט אקסטרא קלין 4יח,ש. שסטוביץ בע`מ,,,'יח,0,ל-100 גרם,false,1,9.90,9.90,false,1,
8715035150300,false,רוטב סויה קיקומן ללא גלוטן 250 מ`ל,דיפלומט מפיצים (1968) בע`מ,,,'יח,0.25,"ל-100 מ""ל",false,6,19.90,79.60,false,1,
8715700115344,false,מתבל עגבניות היינץ 460  גר`כשלפ`,דיפלומט מפיצים (1968) בע`מ,,,'יח,4.60,ל-100 גרם,false,1,8.90,1.93,false,1,
8715700117805,false,"קטשופ היינץ ללא סוכר ומלח 425 מ""ל",דיפלומט מפיצים (1968) בע`מ,,,'יח,4.25,ל-100 גרם,false,1,11.90,2.80,true,1,
8715700419732,false,מתבל עגבניות היינץ 700 גרם,דיפלומט מפיצים (1968) בע`מ,,,'יח,7,ל-100 גרם,false,10,11.90,1.70,true,1,
8715700422473,false,מיונז היינץ לחיץ ללא חומרים מ. 395 גר`,דיפלומט מפיצים (1968) בע`מ,,,'יח,3.95,ל-100 גרם,false,1,16.90,4.28,false,1,
8715700423906,false,מתבל עגבניות 50% פחות סוכר 555 גר`,דיפלומט מפיצים (1968) בע`מ,,,'יח,0.55,ל-100 גרם,false,10,11.90,21.64,true,1,
8717163647240,false,אקס דאודורנט ספריי  גוף שוקולד  150 מל,יוניליוור ישראל שיווק בע`מ,,,'יח,1.50,"ל-100 מ""ל",false,1,14.90,9.93,false,1,
8717163647264,false,אקס דאודורנט ספריי אייס ציל 150 מל,יוניליוור ישראל שיווק בע`מ,,,'יח,1.50,"ל-100 מ""ל",false,1,14.90,9.93,false,1,
8717163647301,false,"אקס ספריי אנטיפרספרנט גולדן 150 מ""ל",יוניליוור ישראל שיווק בע`מ,,,'יח,1.50,"ל-100 מ""ל",false,1,14.90,9.93,false,1,
8717644390566,false,דאב Go Fresh ירוק סבון מוצק4*100גרם,יוניליוור ישראל שיווק בע`מ,,,'יח,4,ל-100 גרם,false,1,17.90,4.48,false,1,
8717677336661,false,שוקולד מריר 70% טוניס  180 גרם,ליימן שליסל בע`מ,,,'יח,1.80,ל-100 גרם,false,1,18.90,10.50,false,1,
8718951159808,false,מברשת שיניים קולגייט 360 שלישייה,ש. שסטוביץ בע`מ,,,'יח,0.75,ל-100 גרם,false,1,29.90,39.87,false,1,
8718951166561,false,קולגייט משחת מקס פרש כחול 125 מל`,ש. שסטוביץ בע`מ,,,'יח,1.25,"ל-100 מ""ל",false,1,19.90,15.92,false,1,
8718951315303,false,"מארז קולגייט אדומה ביטיוב 100 מ""ל*2",ש. שסטוביץ בע`מ,,,'יח,2,"ל-100 מ""ל",false,1,19.90,9.95,false,1,
8718951477384,false,"משחת שיניים קולגייט טוטאל פחם 75 מ""ל",ש. שסטוביץ בע`מ,,,'יח,0.75,"ל-100 מ""ל",false,1,19.90,26.53,false,1,
8719200998001,false,מרגרינה בלובנדבלי מלח 200 גר כשלפ,דיפלומט מפיצים (1968) בע`מ,,,'יח,2,ל-100 גרם,false,1,4.50,2.25,false,1,
8719200998032,false,מרגרינה מזולה בטעם חמאה 250 גר כשלפ,דיפלומט מפיצים (1968) בע`מ,,,'יח,2.50,ל-100 גרם,false,1,10.70,4.28,false,1,
8719200998094,false,מרגרינה מזולה ללא מלח 200גר,דיפלומט מפיצים (1968) בע`מ,,,'יח,2,ל-100 גרם,false,1,6.60,3.30,false,1,
8720181045639,false,דאב דאודורנט ספריי טאלק סופט 150 מל,יוניליוור ישראל שיווק בע`מ,,,'יח,1.50,"ל-100 מ""ל",false,1,15.90,10.60,false,1,
8720181046605,false,דאב דאודורנט ספריי א.פ אוריגניל   150,יוניליוור ישראל שיווק בע`מ,,,'יח,1.50,"ל-100 מ""ל",false,1,15.90,10.60,false,1,
8720181090219,false,דאב סבון תחליב רחצה רימונים  750 מל`,יוניליוור ישראל שיווק בע`מ,,,'יח,7.50,"ל-100 מ""ל",false,1,19.90,2.65,false,1,
8723400756552,false,מנטוס פירות 1/4,ליימן שליסל בע`מ,,,'יח,1.48,ל-100 גרם,false,35,10.90,7.36,true,1,
8801055709458,false,נס קפה קפוצ`ינו קרמל 10יח*17גר`,קבוצת אסם סחר,,,'יח,1.70,ל-100 גרם,false,1,17.90,10.53,false,1,
8801055709472,false,נס קפה קפוצ`ינו קלאסי  10יח*17גר`,קבוצת אסם סחר,,,'יח,1.70,ל-100 גרם,false,1,17.90,10.53,false,1,
8802241131664,false,חטיף אצות קלויות עם מלח 9 יח`,טחנת האבן קואופ בעמ,,,'יח,2,ל-100 גרם,false,1,22.90,11.45,false,1,
8850161166204,false,"קרם קוקוס 500 מ""ל",רסטרטו יבוא ושיווק בעמ,,,'יח,1,'יח,false,1,10.90,10.90,false,1,
8850389103111,false,סאפה ענבים 300 מל`,טמפו משקאות בע`מ,,,'יח,3,"ל-100 מ""ל",false,24,9.20,2.97,true,1,
8850389105832,false,סאפה אלוורה 1ל`,טמפו משקאות בע`מ,,,'יח,10,"ל-100 מ""ל",false,12,12.90,1.26,false,1,
8850389105849,false,סאפה אלוורה 1ל`,טמפו משקאות בע`מ,,,'יח,10,"ל-100 מ""ל",false,12,12.90,1.26,false,1,
8850632604259,false,חספוסים בטעם תות שדה 50 גרם יוגטה,ליימן שליסל בע`מ,,,'יח,1,,false,1,4.90,4.90,false,1,
8850632604372,false,חספוסים בטעם תות 50 גרם יוגטה,ליימן שליסל בע`מ,,,'יח,1,,false,1,4.90,4.90,false,1,
8850632604402,false,חספוסים בטעם מעורב 50 גרם יוגטה,ליימן שליסל בע`מ,,,'יח,1,,false,1,4.90,4.90,false,1,
8851613101385,false,חלב קוקוס 500 מ`ל,גורי מוצרי צריכה 1991 בע`מ,,,'יח,5,"ל-100 מ""ל",false,1,12.90,2.58,false,1,
8852361411603,false,מסחטת מיץ ידני BENATON,ד.ש.ש אלקטרוניקה בעמ`,,,'יח,1,'יח,false,1,199,199,true,1,
8901537024014,false,"אורז בסמטי 1 ק""ג",ג. וילי-פוד אינטרנשיונל בע`מ,,,'יח,10,ל-100 גרם,false,1,12.90,1.29,true,1,
8936018435256,false,דג צנינון מלוח מיובש תכלת 100 גר`,דילר בי.אם.די. פורמולה בעמ,,,'יח,1,ל-100 גרם,false,1,12.90,12.90,false,1,
9001148803103,false,שיני שום קלופות,ביכורי השדה הצפון בעמ` 1964,,,'יח,1,,false,1,9.90,9.90,false,1,
9001395807015,false,חטיף טעם בננה מצופה שוקולד 300 גרם,יעד ממתקים בעמ,,,'יח,3,ל-100 גרם,false,1,10.90,3.63,false,1,
9120025834723,false,חטיף אוראו 120 גרם,ג. וילי-פוד אינטרנשיונל בע`מ,,,'יח,1.20,ל-100 גרם,false,1,14.90,12.42,false,1,
9120025839896,false,חטיף מילקה 120 גרם,ג. וילי-פוד אינטרנשיונל בע`מ,,,'יח,1.20,ל-100 גרם,false,1,14.90,12.42,false,1,
72900114898755,true,בייגלה טבעות מלח הדר 300 גרם,ח.כהן סוכנות מזון ומשקאות,,,'יח,3,ל-100 גרם,false,1,5.90,1.97,false,1,
78321962190016,true,מארז 6 כוסות פלסטיק צבעוני,ד.ג.ש ייבוא ושיווק בעמ,,,'יח,0,'יח,false,1,14.90,14.90,false,1,
