code,internal_code,name,manufacturer_name,manufacture_country,manufacturer_item_description,unit_qty,quantity,unit_of_measure,weighted,qty_in_package,price,unit_of_measure_price,allow_discount,status,item_id
55,true,משלוחים לבית,,,משלוחים לבית,יחידה,0.00,יחידה,false,,25.60,0.0000,true,1,34164
103,true,לחמניה בריאות,,,לחמניה בריאות,יח',1.00,יח',false,,3.20,3.2000,true,1,2400
119,true,גפרורים,,,גפרורים,יחידה,0.00,יחידה,false,,4.90,0.0000,true,1,15565
121,true,משלוח לקוח מוסדי,,,משלוח לקוח מוסדי,יחידה,0.00,יחידה,false,,38.50,0.0000,true,1,58405
161,true,קישוא עגול,,,קישוא עגול,קילוגרמים,1.00,"ק""ג",true,,12.90,12.9000,true,1,50279
163,true,פטריות שמפיניון תפזו,,,פטריות שמפיניון תפזו,קילוגרמים,1.00,"ק""ג",true,,39.90,39.9000,true,1,50280
164,true,פטריות חורש תפזורת,,,פטריות חורש תפזורת,קילוגרמים,1.00,"ק""ג",true,,39.90,39.9000,true,1,50281
173,true,דלעת ערמונים,,,דלעת ערמונים,קילוגרמים,1.00,"ק""ג",true,,11.90,11.9000,true,1,50282
214,true,"10 פיתות ד""ר פיתה",,,"10 פיתות ד""ר פיתה",יחידה,0.00,יחידה,false,,15.90,0.0000,true,1,51285
301,true,בקבוק ריק חוזר בירה,,,בקבוק ריק חוזר בירה,יחידה,0.00,יחידה,false,,1.02,0.0000,true,1,6864
374,true,פטריות שמפניון,,,פטריות שמפניון,יח',1.00,יח',false,,8.90,8.9000,true,1,50283
413,true,רול/קוקטייל בולגרית/,,,רול/קוקטייל בולגרית/,קילוגרמים,1.00,"ק""ג",true,,42.80,42.8000,true,1,2411
572,true,קופון מצטרף חדש למוע,,,קופון מצטרף חדש למוע,יחידה,0.00,יחידה,false,,0.01,0.0000,true,1,34182
574,true,קופון מצטרף חדש למוע,,,קופון מצטרף חדש למוע,יחידה,0.00,יחידה,false,,0.01,0.0000,true,1,34184
652,true,כריך פרצל,,,כריך פרצל,יח',1.00,יח',false,,3.90,3.9000,true,1,2416
896,true,צלחת בודדת קטנה,,,צלחת בודדת קטנה,יחידה,0.00,יחידה,false,,3.50,0.0000,true,1,27301
952,true,קרטון 1200 גרם,,,קרטון 1200 גרם,יחידה,0.00,יחידה,false,,0.10,0.0000,true,1,46107
996,true,חלה קלועה,,,חלה קלועה,יח',1.00,יח',false,,10.20,10.2000,true,1,2420
997,true,מיני חלה,,,מיני חלה,יחידה,0.00,יחידה,false,,5.90,0.0000,true,1,2421
998,true,חלה מתוקה קלועה,,,חלה מתוקה קלועה,יח',1.00,יח',false,,10.20,10.2000,true,1,2422
1003,true,לחמניה עגולה כפרית,,,לחמניה עגולה כפרית,יח',1.00,יח',false,,2.60,2.6000,true,1,2423
1008,true,שליש בגט כפרי,,,שליש בגט כפרי,יח',1.00,יח',false,,2.40,2.4000,true,1,2425
1009,true,בגט שלם,,,בגט שלם,יח',1.00,יח',false,,4.20,4.2000,true,1,2426
1011,true,לחמנית קוראסול,,,לחמנית קוראסול,יח',1.00,יח',false,,3.40,3.4000,true,1,2427
1014,true,בגט רוסטיק,,,בגט רוסטיק,יח',1.00,יח',false,,7.30,7.3000,true,1,2428
1020,true,שליש בגט,,,שליש בגט,יח',1.00,יח',false,,2.40,2.4000,true,1,2430
1028,true,חצי בגט,,,חצי בגט,יח',1.00,יח',false,,3.00,3.0000,true,1,2431
1055,true,לחם לבן 750 גרם,,,לחם לבן 750 גרם,גרמים,750.00,100 גרם,false,,4.19,0.5587,true,1,4439
1058,true,חלה רגילה/חלה ציפורי,,,חלה רגילה/חלה ציפורי,גרמים,500.00,100 גרם,false,,3.80,0.7600,true,1,4440
1073,true,סופגניה גדולה בודדת,,,סופגניה גדולה בודדת,יחידה,0.00,יחידה,false,,3.40,0.0000,true,1,2435
1077,true,חצי חלה מתוקה 250 גר,,,חצי חלה מתוקה 250 גר,גרמים,250.00,100 גרם,false,,4.80,1.9200,true,1,4442
1079,true,מיני סופגניה בודדת,,,מיני סופגניה בודדת,יחידה,0.00,יחידה,false,,2.90,0.0000,true,1,2438
1091,true,צנונית בייבי,,,צנונית בייבי,גרמים,400.00,100 גרם,false,,5.90,1.4750,true,1,35299
1095,true,בייבי בטטה,,,בייבי בטטה,יח',1.00,יח',false,,6.90,6.9000,true,1,50286
1103,true,לחמניה אצבע (6500),,,לחמניה אצבע (6500),יח',1.00,יח',false,,2.50,2.5000,true,1,33731
1130,true,עוף בגריל,,,עוף בגריל,קילוגרמים,1.00,"ק""ג",true,,34.20,34.2000,true,1,34195
1214,true,לחמניה לוסי לבנה,,,לחמניה לוסי לבנה,יחידה,0.00,יחידה,false,,1.70,0.0000,true,1,4445
1476,true,לימון סיני,,,לימון סיני,קילוגרמים,1.00,"ק""ג",true,,12.90,12.9000,true,1,50293
1488,true,אשכולית אדומה,,,אשכולית אדומה,קילוגרמים,1.00,"ק""ג",true,,5.90,5.9000,true,1,50299
1494,true,תפו`א לבן תפזורת,,,תפו`א לבן תפזורת,קילוגרמים,1.00,"ק""ג",true,,4.90,4.9000,true,1,50304
1495,true,תפו`א אדום תפזורת,,,תפו`א אדום תפזורת,קילוגרמים,1.00,"ק""ג",true,,4.90,4.9000,true,1,50305
1500,true,פלפל כתום,,,פלפל כתום,קילוגרמים,1.00,"ק""ג",true,,9.90,9.9000,true,1,50308
1501,true,עגבניות,,,עגבניות,קילוגרמים,1.00,"ק""ג",true,,6.90,6.9000,true,1,50309
1502,true,מלפפונים,,,מלפפונים,קילוגרמים,1.00,"ק""ג",true,,5.90,5.9000,true,1,50310
1503,true,גזר ארוז,,,גזר ארוז,קילוגרמים,1.00,"ק""ג",true,,3.90,3.9000,true,1,50311
1504,true,סלק,,,סלק,קילוגרמים,1.00,"ק""ג",true,,3.90,3.9000,true,1,50312
1505,true,כרוב לבן,,,כרוב לבן,קילוגרמים,1.00,"ק""ג",true,,3.90,3.9000,true,1,50313
1506,true,כרוב אדום,,,כרוב אדום,קילוגרמים,1.00,"ק""ג",true,,5.90,5.9000,true,1,50314
1507,true,כרובית,,,כרובית,קילוגרמים,1.00,"ק""ג",true,,8.90,8.9000,true,1,50315
1510,true,קישואים,,,קישואים,קילוגרמים,1.00,"ק""ג",true,,7.90,7.9000,true,1,50316
1511,true,חצילים,,,חצילים,קילוגרמים,1.00,"ק""ג",true,,6.90,6.9000,true,1,50317
1513,true,פלפל ירוק,,,פלפל ירוק,קילוגרמים,1.00,"ק""ג",true,,7.90,7.9000,true,1,50318
1514,true,פלפל בהיר,,,פלפל בהיר,קילוגרמים,1.00,"ק""ג",true,,8.90,8.9000,true,1,50319
1515,true,פלפל חריף,,,פלפל חריף,קילוגרמים,1.00,"ק""ג",true,,7.90,7.9000,true,1,50320
1516,true,פלפל אדום,,,פלפל אדום,קילוגרמים,1.00,"ק""ג",true,,9.90,9.9000,true,1,50321
1517,true,פלפל רומרו,,,פלפל רומרו,קילוגרמים,1.00,"ק""ג",true,,12.90,12.9000,true,1,50322
1518,true,מלון,,,מלון,קילוגרמים,1.00,"ק""ג",true,,7.90,7.9000,true,1,50323
1519,true,בצל יבש,,,בצל יבש,קילוגרמים,1.00,"ק""ג",true,,4.90,4.9000,true,1,50324
1521,true,קולורבי,,,קולורבי,קילוגרמים,1.00,"ק""ג",true,,6.90,6.9000,true,1,50325
1522,true,חסה ערבית,,,חסה ערבית,יח',1.00,יח',false,,4.90,4.9000,true,1,50326
1525,true,חציל ננסי,,,חציל ננסי,קילוגרמים,1.00,"ק""ג",true,,16.90,16.9000,true,1,50327
1527,true,פטרוזיליה גומי,,,פטרוזיליה גומי,יח',1.00,יח',false,,3.50,3.5000,true,1,35300
1528,true,כוסברה גומי,,,כוסברה גומי,יח',1.00,יח',false,,3.50,3.5000,true,1,35301
1529,true,שמיר גומי,,,שמיר גומי,יח',1.00,יח',false,,3.50,3.5000,true,1,35302
1530,true,נענע גומי,,,נענע גומי,יח',1.00,יח',false,,3.50,3.5000,true,1,35303
1531,true,לפת,,,לפת,קילוגרמים,1.00,"ק""ג",true,,6.90,6.9000,true,1,50329
1533,true,שעועית ירוקה,,,שעועית ירוקה,קילוגרמים,1.00,"ק""ג",true,,22.90,22.9000,true,1,50331
1535,true,תפו`א אדום ארוז,,,תפו`א אדום ארוז,קילוגרמים,1.00,"ק""ג",true,,4.90,4.9000,true,1,50332
1540,true,חזרת,,,חזרת,קילוגרמים,1.00,"ק""ג",false,,39.90,39.9000,true,1,50335
1541,true,ארטישוק,,,ארטישוק,קילוגרמים,1.00,"ק""ג",true,,18.90,18.9000,true,1,50336
1542,true,ערמונים,,,ערמונים,קילוגרמים,1.00,"ק""ג",true,,17.90,17.9000,true,1,50337
1545,true,שום ארוז ייבוא יח',,,שום ארוז ייבוא יח',יח',1.00,יח',false,,4.90,4.9000,true,1,50340
1547,true,שומר,,,שומר,קילוגרמים,1.00,"ק""ג",true,,6.90,6.9000,true,1,50342
1548,true,תות שדה ביח',,,תות שדה ביח',יח',1.00,יח',false,,19.90,19.9000,true,1,47388
1550,true,תפו`א לבן ארוז,,,תפו`א לבן ארוז,קילוגרמים,1.00,"ק""ג",true,,3.90,3.9000,true,1,50343
1551,true,לימון,,,לימון,קילוגרמים,1.00,"ק""ג",true,,7.90,7.9000,true,1,50344
1552,true,תפוז,,,תפוז,קילוגרמים,1.00,"ק""ג",true,,5.90,5.9000,true,1,50345
1553,true,ענב לבן,,,ענב לבן,קילוגרמים,1.00,"ק""ג",true,,29.90,29.9000,true,1,50346
1555,true,תפוז ארוז,,,תפוז ארוז,קילוגרמים,1.00,"ק""ג",true,,4.90,4.9000,true,1,50348
1556,true,בננה מובחרת,,,בננה מובחרת,קילוגרמים,1.00,"ק""ג",true,,6.90,6.9000,true,1,50349
1557,true,צנון,,,צנון,קילוגרמים,1.00,"ק""ג",true,,6.90,6.9000,true,1,50350
1558,true,אשכולית צהובה,,,אשכולית צהובה,קילוגרמים,1.00,"ק""ג",true,,5.90,5.9000,true,1,50351
1560,true,דלעת ארוזה,,,דלעת ארוזה,קילוגרמים,1.00,"ק""ג",true,,8.90,8.9000,true,1,50353
1561,true,תפוח עץ זהוב,,,תפוח עץ זהוב,קילוגרמים,1.00,"ק""ג",true,,9.90,9.9000,true,1,50354
1562,true,תפוח עץ יונתן,,,תפוח עץ יונתן,קילוגרמים,1.00,"ק""ג",true,,9.90,9.9000,true,1,50355
1563,true,תפוח עץ חרמון,,,תפוח עץ חרמון,קילוגרמים,1.00,"ק""ג",true,,9.90,9.9000,true,1,50356
1564,true,תפוח עץ סמיט,,,תפוח עץ סמיט,קילוגרמים,1.00,"ק""ג",true,,9.90,9.9000,true,1,50357
1568,true,רימון,,,רימון,קילוגרמים,1.00,"ק""ג",true,,9.90,9.9000,true,1,50360
1570,true,קלמנטינה,,,קלמנטינה,קילוגרמים,1.00,"ק""ג",true,,5.90,5.9000,true,1,50361
1571,true,פלפל שושקה,,,פלפל שושקה,קילוגרמים,1.00,"ק""ג",true,,12.90,12.9000,true,1,50362
1572,true,אבוקדו מובחר,,,אבוקדו מובחר,קילוגרמים,1.00,"ק""ג",true,,7.90,7.9000,true,1,50363
1573,true,מנגו,,,מנגו,קילוגרמים,1.00,"ק""ג",true,,15.90,15.9000,true,1,50364
1574,true,בטטה מתוקה,,,בטטה מתוקה,קילוגרמים,1.00,"ק""ג",true,,8.90,8.9000,true,1,50365
1576,true,אגס,,,אגס,קילוגרמים,1.00,"ק""ג",true,,11.90,11.9000,true,1,50366
1577,true,אגס נאשי,,,אגס נאשי,קילוגרמים,1.00,"ק""ג",true,,16.90,16.9000,true,1,50367
1581,true,פלפל צהוב,,,פלפל צהוב,קילוגרמים,1.00,"ק""ג",true,,9.90,9.9000,true,1,50368
1585,true,קובו,,,קובו,קילוגרמים,1.00,"ק""ג",true,,24.90,24.9000,true,1,50371
1588,true,תירס ארוז,,,תירס ארוז,קילוגרמים,1.00,"ק""ג",true,,9.90,9.9000,true,1,50372
1590,true,משורית סרט 1590 ממ,,,פומלה,קילוגרמים,1.00,"ק""ג",true,,7.90,7.9000,true,1,50373
1591,true,ענב אדום,,,ענב אדום,קילוגרמים,1.00,"ק""ג",true,,29.90,29.9000,true,1,50374
1595,true,חציל בלדי,,,חציל בלדי,קילוגרמים,1.00,"ק""ג",true,,7.90,7.9000,true,1,50377
1601,true,סלרי חתוך ליח,,,סלרי חתוך ליח,יח',1.00,יח',false,,6.90,6.9000,true,1,47257
1603,true,אבוקדו ברשת,,,אבוקדו ברשת,קילוגרמים,1.00,"ק""ג",true,,10.90,10.9000,true,1,50379
1604,true,אפרסמון,,,אפרסמון,קילוגרמים,1.00,"ק""ג",true,,14.90,14.9000,true,1,50380
1605,true,גויאבה,,,גויאבה,קילוגרמים,1.00,"ק""ג",true,,19.90,19.9000,true,1,50381
1607,true,תפו`א קטן אפיה ארוז,,,תפו`א קטן אפיה ארוז,קילוגרמים,1.00,"ק""ג",true,,3.90,3.9000,true,1,50383
1608,true,זנגוויל\גינגיר תפזור,,,זנגוויל\גינגיר תפזור,קילוגרמים,1.00,"ק""ג",true,,22.90,22.9000,true,1,50384
1610,true,שרי אשכולות לקג,,,שרי אשכולות לקג,קילוגרמים,1.00,"ק""ג",true,,18.90,18.9000,true,1,50385
1611,true,תפוח עץ זהוב ברשת,,,תפוח עץ זהוב ברשת,קילוגרמים,1.00,"ק""ג",true,,9.90,9.9000,true,1,329037
1613,true,דלורית,,,דלורית,קילוגרמים,1.00,"ק""ג",true,,5.90,5.9000,true,1,50387
1615,true,בצל אדום,,,בצל אדום,קילוגרמים,1.00,"ק""ג",true,,6.90,6.9000,true,1,50389
1617,true,אננס,,,אננס,יח',1.00,יח',false,,37.90,37.9000,true,1,50390
1618,true,אפרסמון קרמבו,,,אפרסמון קרמבו,קילוגרמים,1.00,"ק""ג",true,,15.90,15.9000,true,1,50391
1619,true,פומלית,,,פומלית,קילוגרמים,1.00,"ק""ג",true,,5.90,5.9000,true,1,50392
1620,true,קיווי,,,קיווי,קילוגרמים,1.00,"ק""ג",true,,15.90,15.9000,true,1,50393
1621,true,קרמבולה,,,קרמבולה,קילוגרמים,1.00,"ק""ג",true,,39.90,39.9000,true,1,50394
1628,true,צנון לבן,,,צנון לבן,קילוגרמים,1.00,"ק""ג",true,,14.90,14.9000,true,1,342204
1632,true,קישוא זוקיני ירוק,,,קישוא זוקיני ירוק,קילוגרמים,1.00,"ק""ג",true,,11.90,11.9000,true,1,50395
1634,true,פפאיה,,,פפאיה,קילוגרמים,1.00,"ק""ג",true,,19.90,19.9000,true,1,50396
1645,true,תפוח עץ גלה,,,תפוח עץ גלה,קילוגרמים,1.00,"ק""ג",true,,9.90,9.9000,true,1,50401
1670,true,"בטטה קסביה (תפו""א יר",,,"בטטה קסביה (תפו""א יר",קילוגרמים,1.00,"ק""ג",true,,15.90,15.9000,true,1,50409
1683,true,תפוח עץ פינק קריפס,,,תפוח עץ פינק קריפס,קילוגרמים,1.00,"ק""ג",true,,13.90,13.9000,true,1,50413
1688,true,דלעת יפנית,,,דלעת יפנית,קילוגרמים,1.00,"ק""ג",true,,14.90,14.9000,true,1,50414
1708,true,גזר תפזורת,,,גזר תפזורת,קילוגרמים,1.00,"ק""ג",true,,4.90,4.9000,true,1,50424
1814,true,בצלצלי שאלוט,,,בצלצלי שאלוט,גרמים,280.00,100 גרם,false,,14.90,5.3214,true,1,35304
1840,true,ברוקולי,,,ברוקולי,קילוגרמים,1.00,"ק""ג",true,,9.90,9.9000,true,1,50442
1841,true,תפוח פינק קריפס מאר,,,תפוח פינק קריפס מאר,גרמים,600.00,100 גרם,false,,16.90,2.8167,true,1,50443
1854,true,שרי מיניאפלם,,,שרי מיניאפלם,יח',1.00,יח',false,,8.90,8.9000,true,1,46119
1859,true,שיבה ליח',,,שיבה ליח',יח',1.00,יח',false,,4.90,4.9000,true,1,35305
1880,true,רוקולה ליח,,,רוקולה ליח,גרמים,100.00,100 גרם,false,,7.90,7.9000,true,1,35308
1883,true,שום יבש תפזורת,,,שום יבש תפזורת,קילוגרמים,1.00,"ק""ג",true,,22.90,22.9000,true,1,50447
2000,true,"בורקס גבינה/תפו""א",,,"בורקס גבינה/תפו""א",קילוגרמים,1.00,"ק""ג",true,,35.90,35.9000,true,1,33734
2002,true,עוגיות שמרים/ביס חיט,,,עוגיות שמרים/ביס חיט,קילוגרמים,1.00,"ק""ג",true,,38.90,38.9000,true,1,2444
2012,true,מב אוזני פיל פרווה,,,*מבצע* אוזני פיל פרו,קילוגרמים,1.00,"ק""ג",true,,23.00,23.0000,true,1,2450
4015,true,קוקוס ראש,,,קוקוס ראש,יח',1.00,יח',false,,5.90,5.9000,true,1,50474
4507,true,כרעיים בגריל,,,כרעיים בגריל,קילוגרמים,1.00,"ק""ג",true,,42.70,42.7000,true,1,34227
4650,true,5 יח' לחמניות שמיניה,,,5 יח' לחמניות שמיניה,יח',1.00,יח',false,,13.60,13.6000,true,1,53391
5504,true,דונאטס בטעמים מצופה,,,דונאטס בטעמים מצופה,גרמים,45.00,100 גרם,false,,5.90,13.1111,true,1,2755
5505,true,מאפינס בית מאפה,,,מאפינס בית מאפה,גרמים,100.00,100 גרם,false,,6.80,6.8000,true,1,2756
6303,true,6 יח' יאמיס,,,6 יח' יאמיס,יח',1.00,יח',false,,13.50,13.5000,true,1,2472
6305,true,10 יח' פטיט פאן,,,10 יח' פטיט פאן,יח',1.00,יח',false,,11.90,11.9000,true,1,2474
6306,true,6יח לחמניות אצבע מאר,,,6יח לחמניות אצבע מאר,יח',1.00,יח',false,,8.60,8.6000,true,1,2475
7664,true,שרי תמר תפזורת לובלו,,,שרי תמר תפזורת לובלו,קילוגרמים,1.00,"ק""ג",true,,22.90,22.9000,true,1,50475
8888,true,פיקדון זיכוי לקוח,,,פיקדון זיכוי לקוח,יחידה,0.00,יחידה,false,,0.30,0.0000,true,1,34312
9998,true,יין עונות היוצר ב- 1,,,יין עונות היוצר ב- 1,יחידה,0.00,יחידה,false,,0.01,0.0000,true,1,337995
9999,true,פיקדון בקבוקים,,,פיקדון בקבוקים,יחידה,0.00,יחידה,false,,0.30,0.0000,true,1,75
5678585,true,ענב סקרלוטה,,,ענב סקרלוטה,קילוגרמים,1.00,"ק""ג",true,,29.90,29.9000,true,1,50489
32147230,false,לימונית - מיץ לימון משומר,ג'נרל מילס סאן אדריא,CH,מיץ לימון סיצילייה 2,מיליליטרים,200.00,"100 מ""ל",false,,5.90,2.9500,true,1,5443
40099132,false,מסטיק הובה בובה Hubba Bubba בטעם תות,הובה בובה Hubba Bubba,DE,הובה בובה צאנק תות 3,גרמים,35.00,100 גרם,false,,2.60,7.4286,true,1,20354
40111216,false,באונטי חטיף קוקוס ושוקולד 57ג',"נארז ע""י : א.ג. גילר",NL,חטיף שוקולד באונטי 5,גרמים,57.00,100 גרם,false,,3.30,5.7895,true,1,20357
42123866,false,מסטיק הובה בובה צ'אנק פירות קלאסי 35ג',הובה בובה Hubba Bubba,,הובה בובה צ'אנק קלאס,גרמים,35.00,100 גרם,false,,2.60,7.4286,true,1,20363
42246640,false,"ניוואה - דאודורנט רול און לאישה פאודר טאצ' נשים 50 מ""ל",,,דאודורנט רול און פאו,מיליליטרים,50.00,"100 מ""ל",false,,11.90,23.8000,true,1,50582
42299363,false,"ניוואה - דאודורנט רול און לגבר פרש פאוור 50 מ""ל",ביירסדורף,DE,ניוואה דאודורנט רול,מיליליטרים,50.00,"100 מ""ל",false,,12.70,25.4000,true,1,50584
42315926,false,"קרם ידיים ניוואה סמוט 100 מ""ל",,,קרם ידיים ניוואה 100,מיליליטרים,100.00,"100 מ""ל",false,,12.80,12.8000,true,1,72114
72917367,false,טעמי חטיף במילוי קרם נוגט וקרמל,"שטראוס גרופ בע""מ",IL,טעמי 40 גר',גרמים,40.00,100 גרם,false,,3.30,8.2500,true,1,21900
72940754,false,מעדן מילקי בטעם וניל עם קצפת,"שטראוס גרופ בע""מ",IL,"מילקי וניל 170 מ""ל",מיליליטרים,170.00,"100 מ""ל",false,,2.60,1.5294,true,1,22966
72940761,false,מעדן מילקי בטעם שוקולד עם קצפת,מיוצר עי קונדיטוריית,IL,מילקי שוקולד מהדרין,מיליליטרים,170.00,"100 מ""ל",false,,2.60,1.5294,true,1,22967
72940952,false,מעדן מילקי בטעם שוקולד עם אקסטרה קצפת,"שטראוס גרופ בע""מ",IL,מילקי אקסטראה קצפת מ,מיליליטרים,110.00,"100 מ""ל",false,,3.30,3.0000,true,1,22968
72940976,false,כרוב אדום אחלה 250 ג',מיוצר עי קונדיטוריית,IL,אחלה סלט כרוב אדום,גרמים,250.00,100 גרם,false,,7.10,2.8400,true,1,22969
72940983,false,חומוס אחלה 250 גרם,אחלה - שטראוס,IL,אחלה חומוס 250ג,גרמים,250.00,100 גרם,false,,5.90,2.3600,true,1,22970
72941041,false,מעדן מילקי מיני בטעם שוקולד עם קצפת,"שטראוס גרופ בע""מ",IL,מיני מילקי שוקולד 70,מיליליטרים,70.00,"100 מ""ל",false,,2.20,3.1429,true,1,22971
72945308,false,קוביות שמרים לאפיה שמרית 2*25 ג',"פאקא תעשיות בע""מ",IL,שמרית קוביות שמרים ל,גרמים,50.00,100 גרם,false,,3.00,6.0000,true,1,22972
72961209,false,**תנובה שמנת חמוצה 15% 200מל,תנובה מרכז שיתופי לש,IL,"שמנת חמוצהבד""צ תנובה",מיליליטרים,200.00,"100 מ""ל",false,,2.05,1.0250,true,1,25446
72961223,false,"גילה גדול 200 מ""ל",תנובה מרכז שיתופי לש,IL,"גיל 3% בד""צ 200 מ""ל",מיליליטרים,200.00,"100 מ""ל",false,,1.29,0.6450,true,1,25448
72961506,false,יוגורט עם תות 1.5% שומן 125 ג' פרילי,מיוצר עי קונדיטוריית,IL,פרילי תות 1.5% 125מל,מיליליטרים,125.00,"100 מ""ל",false,,3.20,2.5600,true,1,25449
72961544,false,באדי יוגורט בטעם תות שדה 3%,מחלבת אלון תבור,IL,באדי תות 125מל,מיליליטרים,125.00,"100 מ""ל",false,,2.50,2.0000,true,1,25452
72963753,false,שמנת אורגינל של פעם 27% שומן 200 ג' תנובה,תנובה מרכז שיתופי לש,IL,תנובה שמנת של פעם 27,מיליליטרים,200.00,"100 מ""ל",false,,3.60,1.8000,true,1,25457
72964132,false,פרילי טבע עם גרנולה 1.5% 200מל,מיוצר עי קונדיטוריית,IL,פרילי טבע עם גרנולה,מיליליטרים,200.00,"100 מ""ל",false,,4.20,2.1000,true,1,25459
72964422,false,תנובה יוגורט פרחים 4.5% 200מל,מחלבת תנובה,IL,תנובה יוגורט פרחים 4,מיליליטרים,200.00,"100 מ""ל",false,,2.50,1.2500,true,1,25460
72986370,false,"גלידת בן & ג'ריס פיינטים וניל 500מ""ל",מוצרי איכות אמריקאים,IL,גלידת פיינטים וניל צ,מיליליטרים,420.00,"100 מ""ל",false,,17.00,4.0476,true,1,14102
72986424,false,"גלידת בן & ג'ריס פיינטים קרם עוגיות 500מ""ל",מוצרי איכות אמריקאיי,IL,גלידת פיינטים קרם עו,מיליליטרים,420.00,"100 מ""ל",false,,17.00,4.0476,true,1,14103
72986448,false,"גלידת בן & ג'ריס פיינטים טופי קראנץ 500מ""ל",מוצרי איכות אמריקאיי,IL,גלידת טופי קרנץ,מיליליטרים,420.00,"100 מ""ל",false,,17.00,4.0476,true,1,14104
72986479,false,"צ'אנקי מנקי גלידת וניל, בננות, חתיכות פאדג' ואגוזים",מוצרי איכות אמריקאיי,IL,גלידת פיינטים צאנקי,מיליליטרים,420.00,"100 מ""ל",false,,17.00,4.0476,true,1,14106
72991008,false,חטיף פסק זמן במילוי ופל מגולגל 45 גרם,"שטראוס גרופ בע""מ",IL,"פסק זמן קלאסי בד""צ",גרמים,45.00,100 גרם,false,,4.20,9.3333,true,1,21906
72991374,false,סיגריות טיים רד חפיס,דובק,,טיים רד,יחידה,0.00,יחידה,false,,28.90,0.0000,false,1,4541
72991381,false,קופסה טיים אדום ארוך,דובק,,טיים רד ארוך,יחידה,0.00,יחידה,false,,28.90,0.0000,false,1,4542
72991404,false,סיגריות אירופה חפיסה,דובק,,אירופה,יחידה,0.00,יחידה,false,,27.00,0.0000,false,1,4544
72993637,false,מעדן חלב בטעם שוקולד 125 ג' דני,מחלבת אחיהוד,IL,דני מהדרין שוקו בודד,מיליליטרים,125.00,"100 מ""ל",false,,2.60,2.0800,true,1,22975
72994061,false,חטיף פסק זמן GOOD גלילית לבן 40 גרם,שולן צ'יקולטה גידה ס,TR,פסק זמן 36גר,גרמים,36.00,100 גרם,false,,4.20,11.6667,true,1,21910
76136184,false,פאל מאל סופרסלימס כחול קופסה,BAT,,פאל מאל בלו סופרסלימ,יחידה,0.00,יחידה,false,,29.00,0.0000,false,1,4102
78009226,false,דאב דאו סטיק אורגינל לאישה 50 גר,"זולברג, גוברנור דריי",,דאו' סטיק אורגינל לא,גרמים,50.00,100 גרם,false,,18.80,37.6000,true,1,10040
80001485,false,גרדנה קוקוס 38 גר'25X יח',קריניציה ויטמינה אס,IT,גרדנה קוקוס 38 גרם,גרמים,38.00,100 גרם,false,,3.00,7.8947,true,1,12530
80050025,false,סוכריות טיק טק בטעם תפוז,קדבורי,ZA,טיק טק תפוז,גרמים,16.00,100 גרם,false,,2.70,16.8750,true,1,40997
80052760,false,קינדר בואנו Kinder Bueno עם חלב ואגוזי לוז,קינדר Kinder,PL,חטיף קינדר בואנו שוק,גרמים,43.00,100 גרם,false,,3.60,8.3721,true,1,41004
80176800,false,נוטלה ממרח שוקולד 750 גרם,פררו תעשיות איטליה ס,IT,ממרח שוקולד נוטלה 75,גרמים,750.00,100 גרם,false,,23.00,3.0667,true,1,41007
80177173,false,ממרח אגוזי לוז עם קקאו,נוטלה Nutella,IT,ממרח נוטלה קקאו עם א,גרמים,350.00,100 גרם,false,,13.60,3.8857,true,1,41008
80177609,false,אצבעות שוקולד קינדר Kinder ארבע יחידות,קינדר Kinder,IT,קינדר אצבעות שוק.חלב,גרמים,50.00,100 גרם,false,,4.20,8.4000,true,1,41010
80177616,false,אצבעות שוקולד קינדר Kinder שמונה יחידות,קינדר Kinder,IT,אצבעות שוקולד קינדר,גרמים,100.00,100 גרם,false,,7.20,7.2000,true,1,41011
80718765,false,טונה במים בצנצנת קלי,קליפו קונסרב,IT,נתחי טונה בהירה במי,גרמים,160.00,100 גרם,false,,19.60,12.2500,true,1,47426
80761761,false,קינדר בואנו לבן בודד 39 גרם,קדבורי,PL,קינדר בואנו לבן 39ג,גרמים,43.00,100 גרם,false,,3.60,8.3721,true,1,41013
80768838,false,מסטיק מנטוס וויט ביג פירות ומנטה 105 ג',"אינסטנטה בע""מ",TR,מסטיק מנטוס וויט מנט,גרמים,105.00,100 גרם,false,,14.00,13.3333,true,1,12541
80773429,false,מסטיק מנטוס פיור פרש בבקבוק בינוני בטעם תות 60 ג',"פרפטי ואן מלה ג'ידה,",TR,מסטיק מנטוס בקבוק בט,גרמים,60.00,100 גרם,false,,9.40,15.6667,true,1,12545
80773443,false,מסטיק מנטוס בבקבוק מעוגל בטעם מנטה מעודנת 60 ג',"פרפטי ואן מלה ג'ידה,",TR,מסטיק מנטוס בקבוק בט,גרמים,60.00,100 גרם,false,,9.40,15.6667,true,1,12546
80776307,false,מסטיק מנטוס ביג בבקבוק מעוגל טעם פירות מנטה 90 ג',פרפטי ואן מלה,TR,מסטיק מנטוס ביג בקבו,גרמים,90.00,100 גרם,false,,14.00,15.5556,true,1,12547
80862130,false,"מנטוס מסטיק פיור פרש - אבטיח 28 גרם (14 יח') חת""ס",פרפטי ואן מלה ברדה,TR,מסטיק מנטוס פיור פרש,גרמים,28.00,100 גרם,false,,3.90,13.9286,true,1,121562
80913467,false,מסטיק מנטו בבקבוק מעוגל בטעם מנטה 60 ג',פרפטי ואן מלה ברדה,TR,מסטיק מנטוס בקבוק בט,גרמים,60.00,100 גרם,false,,9.40,15.6667,true,1,12571
80945468,false,סוכריות פיור וויט טעם מנטה מתוקה 60 ג' מנטוס,"פרפטי ואן מלה ג'ידה,",TR,מנטוס פיור וויט ללא,גרמים,60.00,100 גרם,false,,9.40,15.6667,true,1,205361
80995128,false,מנטוס - מסטיק בטעם הדרים בתוספת ויטמינים 60 גרם,פרפטי ואן מלה ברדה,TR,מסטיק מנטוס ויטמין ל,גרמים,60.00,100 גרם,false,,9.40,15.6667,true,1,321196
87108538,false,סוכריות מנטוס Mentos תות שדה,הדקלאים אגודת שיתופי,NL,מנטוס תות בגליל 37.5,גרמים,37.50,100 גרם,false,,2.50,6.6667,true,1,12584
87108712,false,מארז סוכריות מנטוס Mentos פירות,פרפטי ואן מלה ברדה,NL,סוכריות מנטוס פירות,גרמים,150.00,100 גרם,false,,9.40,6.2667,true,1,12586
87221503,false,מיונז גאודס הולנדי אמיתי 650 גר,,NL,מיונז הולנדי אמיתי 6,גרמים,650.00,100 גרם,false,,28.20,4.3385,true,1,278964
87311396,false,סוכריות מנטוס Mentos ריינבואו,פרפטי ואן מלה,NL,מנטוס סוכריות גליל,גרמים,37.00,100 גרם,false,,2.50,6.7568,true,1,12590
90162602,false,"משקה רד בול מוגז פחית 250 מ""ל",רד בול ג'י.אם.בי. אץ,AT,משקה אנרגיה RED BULL,מיליליטרים,250.00,"100 מ""ל",false,,5.10,2.0400,true,1,5222
198888886,false,עיגול אגורות,,,עיגול אגורות,יחידה,0.00,יחידה,false,,1.00,0.0000,true,1,46682
8112100298,false,שמן שומשום טהור לא מ,Flavor full foods in,TW,שמן שומשום טהור לא מ,מיליליטרים,185.00,"100 מ""ל",false,,12.80,6.9189,true,1,47092
10900678148,false,דיאמונד רדיד אלומיניום נון סטיק,דיימונד,CN,רדיד אלומיניום נון ס,יחידה,0.00,יחידה,false,,12.80,0.0000,true,1,202062
11210000094,false,"רוטב ""טבסקו"" על בסיס פלפל אדום 60 מ""ל",מקאילהייני אייבורי,US,טבסקו,מיליליטרים,60.00,"100 מ""ל",false,,12.00,20.0000,true,1,37478
11210009387,false,רוטב טבסקו פלפל ירוק,מקאילהייני אייבורי,US,רוטב ירוק 60 מל,מיליליטרים,60.00,"100 מ""ל",false,,12.00,20.0000,true,1,37484
11210698055,false,רוטב טבסקו סרירציה 566 גרם,מקאילהייני קו,US,רוטב טבסקו סרירצ'ה,מיליליטרים,566.00,"100 מ""ל",false,,24.70,4.3640,true,1,37486
12300103138,false,סיגריות כאמל בוקס פק,JTI,,כאמל בוקס פאקט 10*20,יחידה,0.00,יחידה,false,,310.00,0.0000,false,1,4105
16000423534,false,ניטשר ואלי חטיף שיבולת שועל שוקולד מריר קראנצי 210ג',ג'נרל מילס סאן אדריא,ES,חטיף קראנצי שיבולת ש,גרמים,210.00,100 גרם,false,,16.70,7.9524,true,1,12596
16000548404,false,ניטשר ואלי חטיף קראנצי גרנולה שיבולת שועל 210 ג',ג'נרל מילס סאן אדריא,ES,חטיף קראנצי גרנולה ש,גרמים,210.00,100 גרם,false,,16.70,7.9524,true,1,12600
16000548503,false,ניטשר ואלי קראנצי חטיף גרנולהומייפל 10 יח' 210 ג',ג'נרל מילס סאן אדריא,ES,חטיף קראנצי גרנולה מ,גרמים,210.00,100 גרם,false,,16.70,7.9524,true,1,12602
16000548602,false,נייטשר וואלי חטיף קראנצ'י קינמון 210ג',ג'נרל מילס סאן אדריא,ES,חטיף שיבולת שועל מלא,גרמים,210.00,100 גרם,false,,16.70,7.9524,true,1,12603
16000548909,false,חטיף ניישטר וואלי 1/5 בריאות מעורב 210 ג,ג'נרל מילס סאן אדריא,ES,חטיף קראנצי גרנולה מ,גרמים,210.00,100 גרם,false,,16.70,7.9524,true,1,12605
18000701223,false,תערובת לעוגת שוקולד 517 גרם פילסבורי,הדקלאים אגודת שיתופי,IL,תערובת לעוגת שוק.דוי,גרמים,500.00,100 גרם,false,,14.40,2.8800,true,1,12607
18000766413,false,תערובת להכנת עוגה בטעם שוקולד,הדקלאים אגודת שיתופי,IL,תערובת לעוגת בראוניס,גרמים,550.00,100 גרם,false,,14.40,2.6182,true,1,12610
22200956932,false,דאודורנט ספיד סטיק גל 24/7 כחול 85 גר,הנסיך- מפעל לייצור ט,US,דאו' ג'ל כחול ספיד ס,גרמים,85.00,100 גרם,false,,16.20,19.0588,true,1,20953
25700005681,false,שקיות אחסון סליידר בינוניות -20 יח' זיפלוק,אס.סי גונוסון,US,זיפלוק שקיות איחסון,גרמים,140.00,100 גרם,false,,13.60,9.7143,true,1,108378
29424002001,false,ופל קוביות שוקו מנעמ,,,ופל קוביות שוקו מנעמ,גרמים,200.00,100 גרם,false,,6.80,3.4000,true,1,35804
36000516876,false,ממחטות נייר קלינקס לושן 3 שכבות 75 דף,חוגלה קימברלי,GB,קלינקס לושן תלת שכבת,יחידה,0.00,יחידה,false,,9.30,0.0000,true,1,8786
36000516890,false,ממחטות אף עם אלוורה + ויטמין E תלת שכבתי,קלינקס Kleenex,GB,קלינקס לושן תלת שכבת,יחידה,0.00,יחידה,false,,16.20,0.0000,true,1,8787
37600207188,false,חמאת בוטנים סקיפי קלאסי 462 גר',חברת המזון אלגוד,US,סקיפי חמאת בוטנים קל,גרמים,462.00,100 גרם,false,,15.30,3.3117,true,1,5226
37600207256,false,חמאת בוטנים סקיפי עם שברי בוטנים 462 גר',חברת המזון אלגוד,US,סקיפי חמאת בוטנים עם,גרמים,462.00,100 גרם,false,,15.30,3.3117,true,1,5227
38000232152,false,פרינגלס ברביקיו 158 גרם – חדש,פרינגלס מניופקצ'ורינ,US,פרינגלס ביג ברביקיו,גרמים,158.00,100 גרם,false,,7.60,4.8101,true,1,52250
38000232176,false,חטיף צ'יפס שמנת חמוצה ובצל,פרינגלס מניופקצ'ורינ,US,פרינגלס ביג שמנת בצל,גרמים,158.00,100 גרם,false,,7.60,4.8101,true,1,52251
38000232183,false,פרינגלס אוריגינל 149 גרם,פרינגלס מניופקצ'ורינ,US,פרינגלס ביג אורגינל,גרמים,158.00,100 גרם,false,,7.60,4.8101,true,1,52252
40000513568,false,סוכריות אם אנד אמס M&M שוקולד חלב,M&M אם אנד אם,US,עדשי שוקולד M&M,גרמים,156.00,100 גרם,false,,10.20,6.5385,true,1,20410
41500745107,false,"אמריקן גורנן רד הוט 354 מ""ל כנפיים",,US,רוטב באפלו לכנפיים 3,מיליליטרים,354.00,"100 מ""ל",false,,29.90,8.4463,true,1,327763
41500805023,false,"רוטב פלפל רד האט 354 מ""ל",,,"רוטב פלפל 354 מ""ל RE",מיליליטרים,354.00,"100 מ""ל",false,,29.90,8.4463,true,1,327765
46214372250,false,"עוגיות שטרודל פריכות תפו""ע וצימוקים",מרבה Merba,NL,מרבה עוגיות שטרודל פ,גרמים,225.00,100 גרם,false,,8.50,3.7778,true,1,20959
46214382259,false,עוגיות בראוניס שוקולד 225 ג',בנקטבקריי מרבה בי.וי,NL,מרבה עוגיות בראוניס,גרמים,225.00,100 גרם,false,,8.50,3.7778,true,1,20960
46214731552,false,עוגיות שוקולד ציפס מובחרות 225 ג',קריניציה ויטמינה אס,NL,מרבה עוגיות שוקולד צ,גרמים,225.00,100 גרם,false,,8.50,3.7778,true,1,20961
50000015474,false,פריסקיז מעדני הים 4*,פורינה,US,פריסקיז מעדני הים 4*,קילוגרמים,1.40,"ק""ג",false,,33.20,23.7143,true,1,140339
50000100347,false,"פריסקיז - מעדני החתול מועשר בחלב 1.40 ק""ג",נסטלה פורינה USA מק,US,פריסקיז מעדני החתול,קילוגרמים,1.40,"ק""ג",false,,33.20,23.7143,true,1,18121
50000168583,false,"פריסקיז אקסטרא קראנץ 1.43 ק""ג",פורינה,US,פריסקיז אקסטרא קראננ,קילוגרמים,1.42,"ק""ג",false,,33.20,23.3803,true,1,140314
50000237951,false,פריסקיז פרטי מיקס גר,פורינה,US,פריסקיז פארטי מיקס מ,גרמים,60.00,100 גרם,false,,10.20,17.0000,true,1,295560
50000238910,false,פריסקיז פרטי מיקס או,פורינה,US,פריסקיז פארטי מיקס א,גרמים,60.00,100 גרם,false,,10.20,17.0000,true,1,295561
50000574414,false,פריסקיז פרטי מיקס פק,פורינה,US,פריסקיז פארטי מיקס פ,גרמים,60.00,100 גרם,false,,10.20,17.0000,true,1,295562
52100002453,false,תערובת תיבול לסטייק 96 גר,,US,תערובת תיבול לסטייק,גרמים,96.00,100 גרם,false,,17.10,17.8125,true,1,273695
64144090013,false,"ספריי שמן PAM בטעם חמאה 141 מ""ל",קונאגרה פודס,US,תרסיס שמן פאם חמאה 1,מיליליטרים,148.00,"100 מ""ל",false,,15.00,10.1351,true,1,12637
64144090051,false,"ספריי שמן PAM קנולה אורגינל 148 מ""ל",קונאגרה פודס,US,תרסיס שמן קנולה פאם,מיליליטרים,148.00,"100 מ""ל",false,,15.00,10.1351,true,1,12639
70177077563,false,תה ארל גריי 25 שקיות טוינינגס 50 גר,אר. טווינינגס אנד קו,PL,טווינינג ארל גריי 50,גרמים,50.00,100 גרם,false,,16.20,32.4000,true,1,13663
70177086664,false,תה ירוק טהור 25 שק TWININGS,טווינינגס Twinings,GB,טווינינג גרין פיור 5,גרמים,50.00,100 גרם,false,,17.10,34.2000,true,1,13666
70177173166,false,תה יסמין ירוק 25 שקיקים TWININGS,טווינינגס Twinings,PL,טווינינג גרין ג'סמין,גרמים,45.00,100 גרם,false,,17.10,38.0000,true,1,13668
76840002542,false,"גלידת בן & ג'ריס פיינט נטפליקס וצ'ילד 500מ""ל",מוצרי איכות אמריקאים,IL,גלידת פיינטים נטפליק,מיליליטרים,420.00,"100 מ""ל",false,,17.00,4.0476,true,1,75117
76840100156,false,"בן אנד גריס גלידת צרי גרסיה 500 מ""ל",מוצרי איכות אמריקאיי,IL,בן&גרי גלידה צרי גרס,גרמים,473.00,100 גרם,false,,17.00,3.5941,true,1,14119
76840100583,false,"גלידת וניל עם בצק עוגיות בן וג'ירי 473 מ""ל",מוצרי איכות אמריקאיי,IL,גלידה וניל +בצק עוגי,מיליליטרים,473.00,"100 מ""ל",false,,17.00,3.5941,true,1,14120
76840400218,false,"גלידה בן&ג'ריס תות שדה ועוגת גבינה 500מ""ל",מוצרי איכות אמריקאיי,IL,בן&גריס גלידה תות שד,מיליליטרים,475.00,"100 מ""ל",false,,17.00,3.5789,true,1,14133
77245110610,false,סוכריות מאסט ללא סוכר בטעם מנטה 80 ג'עלית,MIESZKO S.A - MS. JO,PL,סוכריות מאסט ללא סוכ,גרמים,80.00,100 גרם,false,,5.90,7.3750,true,1,21915
77975022757,false,בייגלה קשה מבצק שאור בסגנון אמריקאי,סניידרס Snyder's,US,סניידרס בייגלה אמריק,גרמים,382.00,100 גרם,false,,13.60,3.5602,true,1,12641
77975036976,false,מטבל עגבניות בחריפות עדינה סניידרס 439 ג',סניידרס Snyder's,US,סניידרס מטבל סלסה בח,גרמים,439.00,100 גרם,false,,13.60,3.0979,true,1,12646
77975094631,false,סנדביץ בייגלה במילוי קרם בטעם צ'דר 226 גרם סניידרס,סניידרס Snyder's,US,סניידרס בייגלה סנדוו,גרמים,266.00,100 גרם,false,,13.60,5.1128,true,1,133138
77975094761,false,שברי בייגלה סניידרס בטעם צידר 340 גרם,סניידרס Snyder's,US,סניידרס צ'דר 340 גרם,גרמים,340.00,100 גרם,false,,13.60,4.0000,true,1,133139
77975094778,false,שברי בייגלה סניידרס בטעם דבש חרדל 340 גר,סניידרס Snyder's,US,סניידרס שברי בייגלה,גרמים,340.00,100 גרם,false,,13.60,4.0000,true,1,166319
80432402931,false,"שיבאס וויסקי ריגאל 12 שנה 700 מ""ל",מזקקת האחים שיבאס,GB,שיבאס וויסקי ריגאל 1,מיליליטרים,700.00,"100 מ""ל",false,,94.10,13.4429,true,1,33533
85696608037,false,טופו רך ללא גלוטן 340 גר,,,טופו משי (רך) ללא גל,גרמים,340.00,100 גרם,false,,11.10,3.2647,true,1,47095
611745285685,true,אבוקדו בשל יח,,,אבוקדו בשל יח,גרמים,470.00,100 גרם,false,,8.90,1.8936,true,1,50490
613008742409,false,בקבוק אריזונה אפרסק 1 ליטר,נובה טרייד אל טי די,DE,אריזונה אפרסק בקבוק,ליטרים,1.00,ליטר,false,,10.10,10.1000,true,1,100329
628154383659,false,דגני בוקר פרוטי פבלס 311 ג' POST,PO קוד יצרן,PL,דגני בוקר פרוטי פבלס,גרמים,311.00,100 גרם,false,,20.30,6.5273,true,1,242656
633016004030,false,מיני ברוקולי פרחים א,,,מיני ברוקולי פרחים א,גרמים,680.00,100 גרם,false,,21.30,3.1324,true,1,227647
693493126281,false,מארז שלישיית קפה טורקי טחון 100ג' קסטל,,,קפה טורקי קלוי וטחון,גרמים,300.00,100 גרם,false,,12.80,4.2667,true,1,200158
710535495539,false,"אורז בסמטי 96% 1 ק""ג Avel",,IN,"אבאל אורז בסמטי 1 ק""",קילוגרמים,1.00,"ק""ג",false,,10.20,10.2000,true,1,81622
728229123590,false,חטיף על בסיס ירקות שורש בטעם טבעי,הונדורס צ'יפס יצור א,HN,טרה צ'יפס ירקות שורש,גרמים,110.00,100 גרם,false,,13.30,12.0909,true,1,5478
728229123811,false,חטיף על בסיס ירקות שורש בתיבול ים תיכוני,הונדורס צ'יפס יצור א,HN,טרה צ'יפס חטיף ים ת,גרמים,110.00,100 גרם,false,,13.30,12.0909,true,1,5480
753182231761,false,"משקה אנרגיה BLU ללא תוספת סוכר 250 מ""ל",אקווה ויט,PL,בלו סיקס ללא סוכר 25,מיליליטרים,250.00,"100 מ""ל",false,,3.90,1.5600,true,1,1812
768404001640,false,"גלידה בן&ג'ריס קפה משפחתית 500מ""ל",מוצרי איכות אמריקאיי,IL,גלידה פיינטס קפה 473,מיליליטרים,473.00,"100 מ""ל",false,,17.00,3.5941,true,1,14143
811250030699,false,פלפל שחור טחון 50 גר,נפטון Neptune,,פלפל שחור טחון 50 גר,גרמים,50.00,100 גרם,false,,5.10,10.2000,true,1,34488
814109021350,false,פופקורן סניקרס 149 ג,,,פופקורן סניקרס 149 ג,יחידה,0.00,יחידה,false,,19.60,0.0000,true,1,193984
814109021374,false,פופקורן אם אנד מנס,,,פופקורן אם אנד מנס,גרמים,149.00,100 גרם,false,,19.60,13.1544,true,1,186563
835811000402,false,כפות 50 יח` קרם עבה במיוחד,"גרנג יוניברס , הונג",TR,כפות 50 יח' קרם עבה,יחידה,0.00,יחידה,false,,14.45,0.0000,true,1,7430
835811000426,false,מזלגות קרם עבה במיוחד 50 יח',"גרנג יוניברס , הונג",TR,מזלגות 50 יח' קרם עב,יחידה,0.00,יחידה,false,,14.45,0.0000,true,1,7432
835811001522,false,כפיות חד פעמיות לבן 100 יח' הנמל,,,כפיות 100 יח` לקפה ו,יחידה,0.00,יחידה,false,,8.50,0.0000,true,1,7436
835811001676,false,"תבנית אלומיניום גדולה 32*26 ס""מ - 9 יח'",הנמל,IL,תבנית גדולה 9 יח. R-,יחידה,0.00,יחידה,false,,11.90,0.0000,true,1,7447
835811001713,false,נילון נצמד 150 מטר רוחב 30 סמ,ווינפאק סחר בעמ,IL,נילון ניצמד 150 מ' ר,מטרים,150.00,מטר,false,,15.30,0.1020,true,1,7450
835811001959,false,תבניות אלומיניום עבות במיוחד 41*30 רוסטר בינוני,הנמל,,תבנית אלומניום עבה ר,יחידה,0.00,יחידה,false,,8.50,0.0000,true,1,7470
835811003427,false,"צלחות גדולות מקנה סוכר 1 ק""ג",,,צלחות גדול מקנה סוכר,יחידה,0.00,יחידה,false,,29.90,0.0000,true,1,324242
835811003458,false,מזלגות אלגנט שחור / שקוף 50 יח' הנמל,,TR,מזלגות אלגנט שקוף 50,יחידה,0.00,יחידה,false,,8.50,0.0000,true,1,294877
835811003472,false,כפות אלגנט שחור / שקוף 50 יח' הנמל,,TR,כפות אלגנט שקוף 50 י,יחידה,0.00,יחידה,false,,8.50,0.0000,true,1,294879
835811003588,false,צלחות קלאסי גדול לבן 65 יח' הנמל,,,צלחות קלאסי לבן גדול,יחידה,0.00,יחידה,false,,29.90,0.0000,true,1,236799
835811004219,false,מפות שולחן ניילון עבה הנמל 8 יח',זמזמ תעשיות פלסטיק,IL,מפות שולחן 8 מטר עבה,מטרים,8.00,מטר,false,,15.00,1.8750,true,1,7511
835811004431,false,מארז ממחטות טישו משי 100X5 יח',,,מארז ממחטות נייר טי,יח',5.00,יח',false,,8.50,1.7000,true,1,208306
835811005100,false,קערה מעוטרת בינונית 1 יח`,,,קערה קריסטלית מעוטרת,יחידה,0.00,יחידה,false,,6.00,0.0000,true,1,7536
835811005339,false,שקיות אוכל קרטון הנמל זוג*150 יח',,,זוג שקיות אוכל הנמל,יח',300.00,יח',false,,7.70,0.0257,true,1,7548
835811005728,false,עלים לעוגת קרמשניט 400 גרם,"רונית מאפים בע""מ",IL,עלים לקרמשניט 400 גר,גרמים,400.00,100 גרם,false,,18.90,4.7250,true,1,7564
835811005803,false,שקיות אשפה עם ידיות 25 יח' X90-מרכז,תעשיות והשקעה אל רסא,IL,הנמל שקיות אשפה עם י,יחידה,0.00,יחידה,false,,11.10,0.0000,true,1,7565
835811005810,false,מגש הכסף תבנית מרובע קטן +מכסה 10 יח`,הנמל,IL,תבנית אלומיניום מרוב,יחידה,0.00,יחידה,false,,11.90,0.0000,true,1,7566
835811005933,false,מגש הכסף תבנית אלומ` ענק 5 יח`,ווינפאק,,תבנית ענקית 5 יח. R-,יחידה,0.00,יחידה,false,,11.90,0.0000,true,1,7568
835811005957,false,מגש הכסף תבנית אלומ` 90 + מכסה 8 יח`,יבוא ושיווק: הנמל אר,IL,תבנית מלבנית עם מכסה,יחידה,0.00,יחידה,false,,11.90,0.0000,true,1,7570
835811006060,false,"כוסות אספרסו קטנות 75 מ""ל",הנמל,,כוסות קרטון 50 יח 2.,יחידה,0.00,יחידה,false,,5.90,0.0000,true,1,7578
835811006497,false,אבקת סוכר 500 גרם הנמל,ר.ס. חברה ליבוא ויצו,IL,אבקת סוכר 500 גר,גרמים,500.00,100 גרם,false,,8.90,1.7800,true,1,7604
835811006534,false,"כוסות קרטון לשתיה חמה 475 מ""ל",הנמל,CN,כוסות קרטון 50 יח 16,יחידה,0.00,יחידה,false,,20.50,0.0000,true,1,7607
835811006770,false,תבנית אולמניום עגול 5 יח',הנמל,,תבנית אלומניום עגולה,יחידה,0.00,יחידה,false,,11.90,0.0000,true,1,7625
835811007302,false,כפות אלגנט קרם 50 יח' הנמל,,,כפות אלגנט קרם 50 יח,יחידה,0.00,יחידה,false,,8.50,0.0000,true,1,294896
835811007319,false,מזלגות אלגנט קרם 50 יח' הנמל,,,מזלגות אלגנט קרם 50,יחידה,0.00,יחידה,false,,8.50,0.0000,true,1,294897
835811007326,false,סכינים אלגנט קרם 50 יח' הנמל,,,סכינים אלגנט קרם 50,יחידה,0.00,יחידה,false,,8.50,0.0000,true,1,294898
835811007357,false,לפתניות אובלי 25 יח',הנמל,TR,סלטינות 25 יחידות,יחידה,0.00,יחידה,false,,6.80,0.0000,true,1,7643
835811008347,false,גפרור ארוך מאוד להבי,הנמל,SE,גפרור ענק,יחידה,0.00,יחידה,false,,5.90,0.0000,true,1,7658
835811008699,false,כפות שקוף/קרם עבה במיוחד הנמל 50 יח,"גרנג יוניברס , הונג",TR,כפות 50 יח שקוף עבה,יחידה,0.00,יחידה,false,,14.45,0.0000,true,1,7662
835811008934,false,מזלגות 50 יח שקוף/קרם עבה במיוחד,"גרנג יוניברס , הונג",TR,מזלגות 50 יח עבה במי,יחידה,0.00,יחידה,false,,14.45,0.0000,true,1,7673
835811008958,false,כפיות 50 יח שקוף/קרם עבה במיוחד,"גרנג יוניברס , הונג",TR,כפיות 50 יח שקוף עבה,יחידה,0.00,יחידה,false,,14.45,0.0000,true,1,7675
835811008989,false,"כוסות משקה חם קרטון 355 מ""ל",הנמל,,כוסות קרטון 12 אוז 5,יחידה,0.00,יחידה,false,,17.10,0.0000,true,1,7677
835811008996,false,"כוסות חד פעמי קרטון 295 מ""ל",הנמל,CN,כוסות קרטון 10 אוז,יחידה,0.00,יחידה,false,,13.60,0.0000,true,1,7678
835811009214,false,"צלחות אלגנט קטן ח""פ הנמלן 18 יח '",הנמל,,צלחות אלגנט 7.5 קטן,יחידה,0.00,יחידה,false,,30.70,0.0000,true,1,7699
841058006633,false,"אדג' ג'יל גילוח מועשר בשיבולת שועל 198 מ""ל",,,ג'ל גילוח אדג' מועשר,מיליליטרים,198.00,"100 מ""ל",false,,13.60,6.8687,true,1,108202
877300001071,false,שום גבישי דק 150 גר,,,שום גבישי דק 150גר,גרמים,150.00,100 גרם,false,,9.40,6.2667,true,1,34510
877300001163,false,נפטון פפריקה חריפה 1,נפטון Neptune,,נפטון פפריקה חריפה 1,גרמים,150.00,100 גרם,false,,9.40,6.2667,true,1,34515
877300001170,false,פפריקה מתוקה 150 גרם,נפטון Neptune,,פפריקה מתוקה 150 גרם,גרמים,150.00,100 גרם,false,,9.40,6.2667,true,1,34516
877300001408,false,תערובת תיבול לשקשוקה,נפטון Neptune,,נפטון תבלין לשקשוקה,גרמים,150.00,100 גרם,false,,9.40,6.2667,true,1,34526
877300001576,false,תערובת תיבול על האש ברביקיו,נפטון Neptune,,תבלין על האש ברביקיו,גרמים,150.00,100 גרם,false,,9.40,6.2667,true,1,34530
877300001583,false,תערובת תיבול לדג מבושל,נפטון Neptune,,תבלין לדג מבושל 120ג,גרמים,120.00,100 גרם,false,,9.40,7.8333,true,1,34531
877300002313,false,תערובת תיבול ראס אל חנות,נפטון Neptune,,תבלין ראס אל חנות 15,גרמים,150.00,100 גרם,false,,9.40,6.2667,true,1,34548
877300004270,false,ציפוי לשניצל ים תיכו,,,ציפוי לשניצל ים תיכו,גרמים,400.00,100 גרם,false,,8.60,2.1500,true,1,34575
877300007714,false,כורכום טחון 400 גרם,,,כורכום טחון 400גר,גרמים,400.00,100 גרם,false,,17.90,4.4750,true,1,34586
877300007721,false,כמון טחון 400 גרם,,,כמון טחון 400גר,גרמים,400.00,100 גרם,false,,17.90,4.4750,true,1,34587
877300007752,false,פפריקה מתוקה 400 גר,,,פפריקה מתוקה 400גר,גרמים,400.00,100 גרם,false,,17.90,4.4750,true,1,34589
877300009725,false,אורגנו צנצנת מרובעת,,,אורגנו נפטון 60 גרם.,גרמים,60.00,100 גרם,false,,9.40,15.6667,true,1,34608
884912126115,false,דגני סלקט גרייט גריינס 454 גרם פוסט,הנסיך- מפעל לייצור ט,US,דגני בוקר גרייט גריי,גרמים,453.00,100 גרם,false,,19.60,4.3267,true,1,20233
884912359155,false,דגני בוקר האני באנצס רוסטד 340 ג' POST,פוסט לקיוויל,US,דגני בוקר שיבולת שוע,גרמים,340.00,100 גרם,false,,19.60,5.7647,true,1,238727
884912359162,false,דגני בוקר האני באנצס שקדים 340 ג' POST,פוסט לקיוויל,US,דגני בוקר שיבולת שוע,גרמים,340.00,100 גרם,false,,19.60,5.7647,true,1,238728
884912365200,false,דגני בוקר אוראו 311 גרם מתכון חדש,פוסט לקיוויל,US,דגני בוקר עם פירורי,גרמים,311.00,100 גרם,false,,19.60,6.3023,true,1,296249
3010470155299,false,פריסקיז Friskies פטה בקר וירקות,ניו פטפוד איטליה,IT,פריסקיז פטה בקר וירק,גרמים,400.00,100 גרם,false,,8.50,2.1250,true,1,18145
3010470158221,false,פריסקיז פטה עוף וירק,ניו פטפוד איטליה,IT,פריסקיז פטה עוף וירק,גרמים,400.00,100 גרם,false,,8.50,2.1250,true,1,18146
3014260201753,false,סכיני גילוח ג'ילט בלו 2 להבים - מארז 5 יח',פרוקטר אנד גמבל,PL,סכיני גילוח חד פעמיי,יחידה,0.00,יחידה,false,,11.10,0.0000,true,1,26518
3014260228842,false,"ג'ילט קצף גילוח רגיל - 200 מ""ל",מולינו ניקולי s.p.a,GB,קצף גילוח רגיל ג'ילט,מיליליטרים,200.00,"100 מ""ל",false,,12.70,6.3500,true,1,26527
3014260289287,false,סכין גילוח גילט בלו 2 לנשים-חמישייה,פרוקטר אנד גמבל,RU,סכיני גילוח לאישה בל,יחידה,0.00,יחידה,false,,12.80,0.0000,true,1,26547
3046920010856,false,לינדט שוקולד אקסלנס לימון גינגיר 100 גר,,CH,לינדט אקסלנס לימון ג,גרמים,100.00,100 גרם,false,,12.80,12.8000,true,1,13695
3046920028004,false,לינדט שוקולד אקסלנס מריר 70% 100 גר,לינדט ושפרונגלי,FR,לינדט אקסלנס 70% 100,גרמים,100.00,100 גרם,false,,12.80,12.8000,true,1,13701
3046920028363,false,שוקולד מריר אקסלנס 85%,לינדט ושפרונגלי,FR,לינדט אקסלנס 85% 100,גרמים,100.00,100 גרם,false,,12.80,12.8000,true,1,13702
3046920029681,false,לינדט שוקולד אקסלנס מילד 85% קקאו 100 גר,לינדט,DE,לינדט אקסלנס מילד 85,גרמים,100.00,100 גרם,false,,12.80,12.8000,true,1,87706
3046920029759,false,שוקולד מריר אקסלנס 90% קקאו,לינדט ושפרונגלי ג'י.,DE,לינדט אקסלנס 90% 100,גרמים,100.00,100 גרם,false,,12.80,12.8000,true,1,13708
3059943015128,false,מבשם אוויר נטול גז אקווה מיסט בניחוח לבנדר פראי ואוויר הרים,הדקלאים אגודת שיתופי,PL,איירוויק ספריי נטול,מיליליטרים,345.00,"100 מ""ל",false,,12.70,3.6812,true,1,20543
3059943016569,false,"אירוויק ספריי בניחוח פריסיה ויסמין 240 מ""ל",איירוויק Air Wick,GB,אירוויק ספריי פרסיה,מיליליטרים,240.00,"100 מ""ל",false,,8.50,3.5417,true,1,20546
3073781162790,false,גבינת בייבי בל אדם 1,מחלבות בל,FR,בייבי בל 24% אדום 12,גרמים,120.00,100 גרם,false,,19.60,16.3333,true,1,264191
3141360054405,false,פיניש מפיץ ריח למדיח בניחוח לימון וליים,הדקלאים אגודת שיתופי,HU,פיניש מפיץ ריח לימון,יחידה,0.00,יחידה,false,,12.80,0.0000,true,1,20561
3142640618867,false,יין סטורי קוט דה פרו,,,יין סטורי קוט דה פרו,מיליליטרים,750.00,"100 מ""ל",false,,76.90,10.2533,true,1,245691
3161911229199,false,חמאה רכה אלוויר 250 גרם,אלל אה וויר,FR,אלוויר חמאה רכה 250ג,גרמים,250.00,100 גרם,false,,18.70,7.4800,true,1,16482
3161911366429,false,חמאה רכה מלוחה אלוויר 250 גרם,ארזינא,FR,אלוויר חמאה רכה מלוח,גרמים,250.00,100 גרם,false,,18.70,7.4800,true,1,16484
3161911393210,false,אלוויר חמאה נורמנדי מלוחה 200 גרם,אלוויר,FR,חמאת נורמנדי מלוחה 2,גרמים,200.00,100 גרם,false,,18.70,9.3500,true,1,254576
3162330060479,false,בירה SAER BRAU 6*250,,,בירה SAER BRAU 6*250,ליטרים,1.50,ליטר,false,,13.00,8.6667,true,1,322451
3178530407938,false,עוגיות מיני מדלן עם פצפוצי שוקולד,סן מישל St Michel,FR,עוגיות שוקולד צ'יפס,גרמים,175.00,100 גרם,false,,11.00,6.2857,true,1,16495
3178530417340,false,בראוניז שוקולד סאן מישל 210 גרם,סן מישל,FR,בראוניז שוקולד סאן מ,גרמים,210.00,100 גרם,false,,14.40,6.8571,true,1,215597
3178530417357,false,בראוניז שוקולד לבן סאן מישל 210 גרם,סן מישל,FR,בראוניז שוקולד לבן ס,גרמים,210.00,100 גרם,false,,14.40,6.8571,true,1,215613
3245412211393,false,שוקולד חלב מעולה קרפ,,FR,שוקולד חלב מעולה קרפ,גרמים,300.00,100 גרם,false,,6.80,2.2667,true,1,269298
3245412211409,false,שוקולד חלב מעולה עם,,FR,שוקולד חלב מעולה עם,גרמים,300.00,100 גרם,false,,13.60,4.5333,true,1,269138
3254550033279,false,גבינה קממבר איסיני 2,איסיני סנט מר,FR,גבינת קממבר 250 גרם,גרמים,250.00,100 גרם,false,,26.40,10.5600,true,1,16501
3267682136176,false,ויסקי היילנד קווין בלנדד 1 ליטר,היילנד קווין קומפני,GB,ויסקי היילנד קווין ב,ליטרים,1.00,ליטר,false,,86.30,86.3000,true,1,72
3270190128151,false,קרפור שוקולד חלב אור,,FR,קרפור שוקולד חלב אור,גרמים,100.00,100 גרם,false,,5.90,5.9000,true,1,336856
3270190151654,false,שוקולד מריר מעולה עם,,FR,שוקולד מריר מעולה עם,גרמים,100.00,100 גרם,false,,5.10,5.1000,true,1,269140
3270190174936,false,שוקולד חלב עם תכולת,,FR,שוקולד חלב עם תכולת,גרמים,100.00,100 גרם,false,,5.10,5.1000,true,1,269170
3278480396310,false,"קוניאק VS גודה 700 מ""ל","יורוסטדנרט בע""מ",FR,קוניאק גודה VSכשל'פ,מיליליטרים,700.00,"100 מ""ל",false,,111.10,15.8714,true,1,11145
3387390525960,false,קראנץ' דגנים פריכים עם שוקולד 500 גרם,הנסיך- מפעל לייצור ט,FR,דגני קראנץ' נסטלה 50,גרמים,500.00,100 גרם,false,,19.60,3.9200,true,1,18148
3500610150500,false,שאטו הו פורה בורדו 7,,FR,שאטו הו פורה בורדו 7,מיליליטרים,750.00,"100 מ""ל",false,,64.10,8.5467,true,1,245962
3523230025638,false,מיני בושה עיזים טבעי 125 גר,אוריאל,FR,גבינת עיזים בושה טבע,גרמים,125.00,100 גרם,false,,23.00,18.4000,true,1,16514
3523230026888,false,גב עיזים למריחה שום ועשבי תיבול פירמידה,סואניון SOIGNON,FR,פרמידה עיזים שום ועש,גרמים,140.00,100 גרם,false,,23.00,16.4286,true,1,16518
3525490011093,false,יין לה זאמל שרדונה 7,badet clement,FR,לה ז'אמל שרדונה 750,מיליליטרים,750.00,"100 מ""ל",false,,51.30,6.8400,true,1,245344
3525490011116,false,לה ז'אמל קברנה סובינ,badet clement,FR,לה ז'אמל קברנה סובינ,מיליליטרים,750.00,"100 מ""ל",false,,51.30,6.8400,true,1,245346
3560070415755,false,קרפור-תה ירוק 25 יחי,,,קרפור-תה ירוק 25 יחי,גרמים,32.50,100 גרם,false,,6.80,20.9231,true,1,322541
3560070582884,false,קרפור סטייליס עם שוק,,,קרפור סטייליס עם שוק,גרמים,300.00,100 גרם,false,,7.70,2.5667,true,1,303785
3560070659517,false,קרפור-תה ארל גריי 20,,,קרפור-תה ארל גריי 20,גרמים,36.00,100 גרם,false,,8.50,23.6111,true,1,322526
3560070669981,false,שוקולד מריר מעולה 80,,FR,שוקולד מריר מעולה 80,גרמים,80.00,100 גרם,false,,4.20,5.2500,true,1,269124
3560070701407,false,שוקולד מריר מעולה עם,,FR,שוקולד מריר מעולה עם,גרמים,100.00,100 גרם,false,,5.10,5.1000,true,1,269156
3560070720859,false,שוקולד מריר מעולה 72,,FR,שוקולד מריר מעולה 72,גרמים,80.00,100 גרם,false,,4.20,5.2500,true,1,269141
3560070800230,false,קרפור שוקו קרלס 375,,,קרפור שוקו קרלס 375,גרמים,375.00,100 גרם,false,,5.90,1.5733,true,1,303818
3560070800353,false,קרפור הוני בולז 375,,,קרפור הוני בולז 375,גרמים,375.00,100 גרם,false,,5.90,1.5733,true,1,303835
3560070820221,false,קרפור-חטיף דגנים אגו,,,קרפור-חטיף דגנים אגו,גרמים,125.00,100 גרם,false,,5.10,4.0800,true,1,322783
3560070826186,false,קרפור מוזלי שוקולד ו,,,קרפור מוזלי שוקולד ו,גרמים,750.00,100 גרם,false,,12.80,1.7067,true,1,303800
3560070852116,false,קרפור-תה ירוק נענע 5,,,קרפור-תה ירוק נענע 5,גרמים,80.00,100 גרם,false,,7.70,9.6250,true,1,322631
3560071005191,false,קרפור -שוקולד לבן עם,,FR,קרפור -שוקולד לבן עם,גרמים,100.00,100 גרם,false,,5.10,5.1000,true,1,336769
3560071006327,false,שוקולד מריר מעולה קר,,FR,שוקולד מריר מעולה קר,גרמים,200.00,100 גרם,false,,5.10,2.5500,true,1,269142
3560071013127,false,קרפור סטייליס עם שוק,,,קרפור סטייליס עם שוק,גרמים,300.00,100 גרם,false,,7.70,2.5667,true,1,303801
3560071013196,false,קרפור סטייליס בטעם ט,,,קרפור סטייליס בטעם ט,גרמים,500.00,100 גרם,false,,8.50,1.7000,true,1,303802
3560071015725,false,קרפור פיברה עם 5 פיר,,,קרפור פיברה עם 5 פיר,גרמים,500.00,100 גרם,false,,10.20,2.0400,true,1,303836
3560071018566,false,קרפור-חטיף דגנים בוט,,,קרפור-חטיף דגנים בוט,גרמים,125.00,100 גרם,false,,5.10,4.0800,true,1,322768
3560071081256,false,קרפור-תה שחור 20 יחי,,,קרפור-תה שחור 20 יחי,גרמים,36.00,100 גרם,false,,8.50,23.6111,true,1,322481
3560071081263,false,קרפור-תה ירוק סיני 2,,,קרפור-תה ירוק סיני 2,גרמים,36.00,100 גרם,false,,8.50,23.6111,true,1,322511
3560071081270,false,קרפור-תה ירוק נענע 2,,,קרפור-תה ירוק נענע 2,גרמים,36.00,100 גרם,false,,8.50,23.6111,true,1,322496
3560071090821,false,קרפור שוקו בולז 375,,,קרפור שוקו בולז 375,גרמים,375.00,100 גרם,false,,5.90,1.5733,true,1,303820
3560071095598,false,קרפור-חטיף דגנים חמו,,,קרפור-חטיף דגנים חמו,גרמים,125.00,100 גרם,false,,5.10,4.0800,true,1,322784
3560071095659,false,קרפור-חטיף דגנים קוק,,,קרפור-חטיף דגנים קוק,גרמים,125.00,100 גרם,false,,5.10,4.0800,true,1,322785
3560071413750,false,קרפור-שוקולד מריר 80,,FR,קרפור-שוקולד מריר 80,גרמים,100.00,100 גרם,false,,5.90,5.9000,true,1,336841
3560071431914,false,קפסולות קפה קרפור עו,,FR,קפסולות קפה קרפור עו,גרמים,52.00,100 גרם,false,,5.90,11.3462,true,1,304720
3560071431945,false,קפסולות קפה קרפור עו,,FR,קפסולות קפה קרפור עו,גרמים,52.00,100 גרם,false,,5.90,11.3462,true,1,304735
3560071432003,false,קפסולות קפה קרפור עו,,FR,קפסולות קפה קרפור עו,גרמים,52.00,100 גרם,false,,5.90,11.3462,true,1,304736
3560071432034,false,קפסולות קפה נטול קרפ,,FR,קפסולות קפה נטול קרפ,גרמים,52.00,100 גרם,false,,5.90,11.3462,true,1,304737
3560071432065,false,קפסולות קפה קרפור עו,,FR,קפסולות קפה קרפור עו,גרמים,52.00,100 גרם,false,,5.90,11.3462,true,1,304738
3560071432096,false,קפסולות קפה קרפור עו,,FR,קפסולות קפה קרפור עו,גרמים,52.00,100 גרם,false,,5.90,11.3462,true,1,304739
3560071432218,false,קפסולות קפה אגוז קרפ,,FR,קפסולות קפה אגוז קרפ,גרמים,52.00,100 גרם,false,,5.90,11.3462,true,1,304742
3560071432249,false,קפסולות קפה ברזיל קר,,FR,קפסולות קפה ברזיל קר,גרמים,52.00,100 גרם,false,,5.90,11.3462,true,1,304743
3560071432270,false,קפסולות קפה קולומביה,,FR,קפסולות קפה קולומביה,גרמים,52.00,100 גרם,false,,5.90,11.3462,true,1,304744
3560071432300,false,קפסולות קפה אתיופיה,,FR,קפסולות קפה אתיופיה,גרמים,52.00,100 גרם,false,,5.90,11.3462,true,1,304745
3560071432331,false,קפסולות קפה לאוס קרפ,,FR,קפסולות קפה לאוס קרפ,גרמים,52.00,100 גרם,false,,5.90,11.3462,true,1,304746
3560071432362,false,קפסולות קפה קניה קרפ,,FR,קפסולות קפה קניה קרפ,גרמים,52.00,100 גרם,false,,5.90,11.3462,true,1,304747
3560071432515,false,קפסולות קפה קרפור עו,,FR,קפסולות קפה קרפור עו,גרמים,52.00,100 גרם,false,,5.90,11.3462,true,1,304749
3560071432690,false,קפסולות קפה קרפור עו,,FR,קפסולות קפה קרפור עו,גרמים,52.00,100 גרם,false,,5.90,11.3462,true,1,304750
3560071442545,false,בירה SAER BRAU 6*250,,,בירה SAER BRAU 6*250,ליטרים,1.50,ליטר,false,,13.00,8.6667,true,1,322466
3574661114637,false,"מי פה ליסטרין זירו מנטה עדין 500 מ""ל",ג'ונסון אנד ג'ונסון,IT,מי פה זירו ליסטרין 5,מיליליטרים,500.00,"100 מ""ל",false,,19.60,3.9200,true,1,29165
3574661419435,false,תחבושת הגיינית וניה מקסי לילה 12 יח',Johnson Vania - BL,BE,תחבושות הגייניות מקס,יחידה,0.00,יחידה,false,,20.40,0.0000,true,1,281831
3574661425696,false,גונסונס בייבי תחליב 500,ג'ונסונס Johnson's,IT,ג'ונסונס בייבי תחליב,מיליליטרים,500.00,"100 מ""ל",false,,24.80,4.9600,true,1,21052
3574661485201,false,טמפונים אובה סופר 32 יח' פרוקומפורט,,,אובה פרוקומפורט סופר,יחידה,0.00,יחידה,false,,18.70,0.0000,true,1,271542
3574661491806,false,מי פה אדבנס וויט מנטה מסירה כתמים קשים,גונסון אנד גונסון,IT,מי פה אדוונס וויאט מ,מיליליטרים,500.00,"100 מ""ל",false,,17.10,3.4200,true,1,122175
3574661501901,false,שטיפה אינטימית יומיומית מכיל תה ירוק ואלוורה,קרפרי Carefree,,שטיפה אינטימית אלוור,מיליליטרים,200.00,"100 מ""ל",false,,15.30,7.6500,true,1,21054
3574661552576,false,קרפרי מגן תחתון רגיל טנגה לבן 56 יח חדש,הדקלאים אגודת שיתופי,GR,קרפרי רגיל טנגה לבן,יחידה,0.00,יחידה,false,,14.40,0.0000,true,1,64226
3574661552804,false,קרפרי מגן תחתון אלוורה 56 יח',הדקלאים אגודת שיתופי,GR,קרפרי מגן תחתן אלוור,יחידה,0.00,יחידה,false,,14.40,0.0000,true,1,64227
3574661554877,false,מגן תחתון קרפרי כותון מבושם 56 יח,הנסיך- מפעל לייצור ט,GR,קרפרי כותון מבושם 56,יחידה,0.00,יחידה,false,,14.40,0.0000,true,1,64228
3574669907637,false,ג'ונסונס בייבי שמפו,,,ג'ונסונס בייבי שמפו,מיליליטרים,750.00,"100 מ""ל",false,,20.50,2.7333,true,1,21058
3574669907682,false,ג'ונסון בייבי טלק 500 גרם,גונסון אנד גונסון,IT,ג'ונסונס בייבי טלק 5,גרמים,500.00,100 גרם,false,,27.30,5.4600,true,1,21059
3600523651870,false,שמפו לחיזוק סיב השערה לכל סוגי השיער,לוריאל - אלביב Elvive,TR,שמפו ארגנין אלביב 55,מיליליטרים,550.00,"100 מ""ל",false,,12.80,2.3273,true,1,12282
3600523652280,false,"לוריאל אלביב שמפו מועשר ב 6 שמנים, 550 מ""ל",לוריאל - אלביב Elvive,TR,שמפו 6 שמנים אלביב 5,מיליליטרים,550.00,"100 מ""ל",false,,12.80,2.3273,true,1,12291
3600523652297,false,"מרכך לשיער אלביב זהב 6 שמנים , 550 מ""ל",לוריאל - אלביב Elvive,TR,מרכך 6 שמנים אלביב 5,מיליליטרים,550.00,"100 מ""ל",false,,12.80,2.3273,true,1,12292
3600523782567,false,"לוריאל - אלביב שמפו דרים לונג 500 מ""ל",לוריאל,TR,שמפו דרים לונג אלביב,מיליליטרים,500.00,"100 מ""ל",false,,12.80,2.5600,true,1,12296
3600523782581,false,מרכך מתיר קשרים לשיער ארוך ופגום Dream Long,לוריאל - אלביב Elvive,TR,מרכך דרים לונג אלביב,מיליליטרים,500.00,"100 מ""ל",false,,12.80,2.5600,true,1,12298
3600540928863,false,"גרנייה - דאודורנט רול און לאישה אינביזי קליר 50 מ""ל",,,דאודורנט רול מיניראל,מיליליטרים,50.00,"100 מ""ל",false,,12.80,25.6000,true,1,12343
3600542375801,false,גרנייה - פיור אקטיב 3ב1 פחם,לוריאל,PL,גרנייה פיור אקטיב 3,מיליליטרים,150.00,"100 מ""ל",false,,25.60,17.0667,true,1,174930
3600542385251,false,"גרנייה - דאודורנט רול און לאישה פרוטקשן 6 כותנה (ורוד) 50 מ""ל",גרנייה Garnier,,דאודורנט רול פרוטקשן,יחידה,50.00,יחידה,false,,12.80,0.2560,true,1,174888
3616180424856,false,קרפור הום -30 מפיות,,,קרפור הום -30 מפיות,יחידה,0.00,יחידה,false,,5.10,0.0000,true,1,330214
3616180424863,false,קרפור הום -30 מפיות,,,קרפור הום -30 מפיות,יחידה,0.00,יחידה,false,,5.10,0.0000,true,1,330215
3616180424931,false,קרפור הום -30 מפיות,,,קרפור הום -30 מפיות,יחידה,0.00,יחידה,false,,5.10,0.0000,true,1,330217
3616180424948,false,קרפור הום -30 מפיות,,,קרפור הום -30 מפיות,יחידה,0.00,יחידה,false,,5.10,0.0000,true,1,330218
3616180425044,false,קרפור הום -30 מפיות,,,קרפור הום -30 מפיות,יחידה,0.00,יחידה,false,,5.10,0.0000,true,1,330219
3616180425099,false,קרפור הום -30 מפיות,,,קרפור הום -30 מפיות,יחידה,0.00,יחידה,false,,5.10,0.0000,true,1,330220
3616180425129,false,קרפור הום -30 מפיות,,,קרפור הום -30 מפיות,יחידה,0.00,יחידה,false,,5.10,0.0000,true,1,330221
3616180425150,false,קרפור הום -30 מפיות,,,קרפור הום -30 מפיות,יחידה,0.00,יחידה,false,,5.10,0.0000,true,1,330223
3616180425174,false,קרפור הום -30 מפיות,,,קרפור הום -30 מפיות,יחידה,0.00,יחידה,false,,5.10,0.0000,true,1,330224
3800034954150,false,מארז 3 יחידות פריש דריי,,,עץ ריח איירון שלישיה,יחידה,0.00,יחידה,false,,9.00,0.0000,true,1,31482
3838824127224,false,פלטה סמי קיט חום בינוני 4-0 צבע שיער,שוורצקופף והנקל,DE,סמי קיט חום בינוני 4,יחידה,0.00,יחידה,false,,12.80,0.0000,true,1,7910
3838824193915,false,צבע לשיער פאלטה סמי קיט שחור 0-1,שוורצקופף והנקל,DE,סמי קיט שחור 1-0פאלט,יחידה,0.00,יחידה,false,,12.80,0.0000,true,1,7929
4000417022004,false,שוקולד ריטר ספורט צימוק אגוז 100 גרם חלב נוכרי,ריטר ספורט Ritter sport,DE,שוקולד ריטר ספורט חל,גרמים,100.00,100 גרם,false,,7.40,7.4000,true,1,12659
4000417025005,false,שוקולד ריטר ספורט מרציפן 100 גרם חלב נוכרי,ריטר ספורט Ritter sport,DE,שוקולד ריטר ספורט מר,גרמים,100.00,100 גרם,false,,7.40,7.4000,true,1,12662
4000417222008,false,שוקולד ריטר ספורט חלב+שברי אגוזים 100 גרם חלב נוכרי,ריטר ספורט Ritter sport,DE,ריטר שוקולד ספורט חל,גרמים,100.00,100 גרם,false,,7.40,7.4000,true,1,12668
4000417224002,false,"ריטר ספורט טבלת שוקולד מריר אגוזים, 100 גרם",ריטר ספורט Ritter sport,DE,שוקולד ריטר ספורט מר,גרמים,100.00,100 גרם,false,,8.20,8.2000,true,1,12669
4000539280740,false,שוקולד לינדט אקסלנס 78% 100 גר,לינדט,DE,לינדט אקסלנס 78% 100,גרמים,100.00,100 גרם,false,,12.80,12.8000,true,1,284774
4001432773230,false,יין בלו נאן בלו וויי,יקב רמת הגולן,DE,יין בלו נאן בלו וויי,מיליליטרים,750.00,"100 מ""ל",false,,43.50,5.8000,true,1,41158
4002575016253,false,מרציפן מצופה שוקולד,הדקלאים אגודת שיתופי,DE,מרציפן מצופה שוקולד,גרמים,100.00,100 גרם,false,,7.70,7.7000,true,1,12679
4002720004371,false,קפה אספרסו קלוי וטחון 250 גרם BELLA CREMA,Melitta Kaffee GmbH,DE,מליטה קפה אספרסו קלו,גרמים,250.00,100 גרם,false,,22.00,8.8000,true,1,5575
4002720005736,false,קפה לפילטר מליטה 250 גרם PREMIUM,המאפיה של הרמן,DE,מליטה פרימיום קפה פי,גרמים,250.00,100 גרם,false,,15.30,6.1200,true,1,5576
4004666042004,false,משמיד עובש עם מרסס מלרוד Mellerud,מלרוד,DE,מלרוד מחסל עובש+מרסס,מיליליטרים,500.00,"100 מ""ל",false,,27.40,5.4800,true,1,11283
4005808366392,false,שפתון כחול בליסטר לבלו,טרופיקל דגיל תעשיות,DE,שפתון כחול למניעת יו,גרמים,4.80,100 גרם,false,,9.70,202.0833,true,1,50603
4005808813063,false,תחליב לחות לעור רגיש לאחר גילוח,בטר אנד דיפרנט,DE,"ניוואה א""ש קרם לחות",מיליליטרים,100.00,"100 מ""ל",false,,42.70,42.7000,true,1,50639
4005808890507,false,קרם ניוואה סופט צנצנת 200 מל,ניוואה Nivea,IT,קרם ניוואה סופט 200,מיליליטרים,200.00,"100 מ""ל",false,,23.00,11.5000,true,1,50667
4005900036506,false,"ניוואה - דאודורנט רול און לגבר שקוף בלק 50 מ""ל",טרופיקל דגיל תעשיות,DE,דאו' רולאון לגבר בלק,מיליליטרים,40.00,"100 מ""ל",false,,12.70,31.7500,true,1,50679
4005900828088,false,"ניוואה - דאודורנט רול און לגבר פרש 50 מ""ל",טרופיקל דגיל תעשיות,DE,דאו' רול און לגבר פר,מיליליטרים,50.00,"100 מ""ל",false,,12.70,25.4000,true,1,50714
4005900833723,false,"ניוואה - פאוור פרש ג'ל רחצה לגבר 500 מ""ל",,,ג'ל רחצה לגבר ניוואה,מיליליטרים,500.00,"100 מ""ל",false,,12.80,2.5600,true,1,221274
4005900874931,false,"דאודורנט ספריי דיפ ביט לגבר 150 מ""ל ניוויה",ביירסדורף,DE,ניוואה דאודורנט ספרי,מיליליטרים,150.00,"100 מ""ל",false,,11.00,7.3333,true,1,321415
4008287762020,false,בירה קרומבאכר חיטה 0.50 ליטר בקבוק,קרומבכר בראורי,DE,בירה קרומבאכר חיטה 5,מיליליטרים,500.00,"100 מ""ל",false,,8.80,1.7600,true,1,250651
4009300522935,false,תה פומפדור תה ירוק לימונית ולואיזה 20 יח',"איטיליאן פוד, אס.פי.",DE,פומפדור תה ירוק לימו,גרמים,30.00,100 גרם,false,,14.40,48.0000,true,1,21077
4009300524588,false,תה פומפדור חליטת צמחים פירות יער 20 יח',פומפדור Pompadour,DE,פומפדור חליטת פירות,גרמים,60.00,100 גרם,false,,13.60,22.6667,true,1,21079
4009300525684,false,תה חליטת פומפדור לימון וגינגיר 20 יח,פומפדור Pompadour,DE,פומפדור חליטת לימוןג,גרמים,35.00,100 גרם,false,,13.60,38.8571,true,1,21082
4009300526438,false,פומפדור תה ירוק קלאסי 30 גרם,"איטיליאן פוד, אס.פי.",DE,פומפדור תה ירוק קלאס,גרמים,30.00,100 גרם,false,,14.40,48.0000,true,1,21084
4009900013581,false,מסטיק אורביט ספרמינט סטיקס משפחתי-חמישיות,אורביט Orbit,DE,אורביט סטיקס ספירמינ,גרמים,65.00,100 גרם,false,,9.90,15.2308,true,1,20420
4009900402965,false,מסטיק אורביט וויט בטעם פירות ללא סוכר,ריגלי פולין,PL,אורביט וויט פירות בק,גרמים,64.00,100 גרם,false,,9.00,14.0625,true,1,20430
4009900403023,false,מסטיק אורביט בקבוקון דאבל white קלאסי 64ג',"ב.א מזון בע""מ",PL,אורביט וויט מנטה בקב,גרמים,64.00,100 גרם,false,,9.00,14.0625,true,1,20431
4009900406918,false,מסטיק הובה בובה טייפ טריפל מיקס 56ג',הובה בובה Hubba Bubba,GB,הובה בובה טייפ טריפל,גרמים,56.00,100 גרם,false,,6.50,11.6071,true,1,20434
4009900426039,false,מסטיק איירוויבז מנטה אקליפטוס בקבוקון 64,איירוויבס Airwaves,PL,בקבוקון בקבוקון מסטי,גרמים,64.00,100 גרם,false,,8.30,12.9688,true,1,20440
4009900426121,false,מסטיק אורביט איירוויז בקבוקון אוכמניות 64ג',איירוויבס Airwaves,PL,בקבוקון בקבוקון מסטי,גרמים,64.00,100 גרם,false,,8.30,12.9688,true,1,20441
4009900479998,false,מסטיק אורביט בטעם אוכמניות ללא סוכר,ריגלי פולין,PL,אורביט מסטיק בקבוקון,גרמים,64.00,100 גרם,false,,9.00,14.0625,true,1,20451
4009900482417,false,מסטיק אורביט פירות מנטה בקבוקון באבל מינט 45יח,ריגלי פולין,PL,אורביט באבל מינט בקב,גרמים,64.00,100 גרם,false,,9.00,14.0625,true,1,20453
4009900531122,false,"מסטיק בטעם מנטה ספירמינט, 64 ג' פרופשיונל אורפיט",מרס נדרלנד,PL,אורביט פרופשייונל ספ,גרמים,64.00,100 גרם,false,,9.00,14.0625,true,1,20490
4009900535519,false,מסטיק אורביט רפרשרס ספירמינט ללא סוכר 15.6גר',,PL,אורביט רפרשרס אריזה,גרמים,15.00,100 גרם,false,,3.40,22.6667,true,1,117654
4009900535540,false,מסטיק אורביט רפרשרס פפרמינט ללא סוכר 15.6גר',,PL,אורביט רפרשרס פפרמינ,גרמים,15.00,100 גרם,false,,3.40,22.6667,true,1,117655
4009900535823,false,מסטיק אורביט רפרשרס באבלמינט ללא סוכר 15.6גר',,PL,אורביט רפרשרס באבלמי,גרמים,15.00,100 גרם,false,,3.40,22.6667,true,1,117656
4009900536257,false,מסטיק אורביט רפרשרס ספירמינט בקבוקון ללא סוכר 67 גר',מרס ריגלי קונפקשונרי,PL,מסטיק אורביט רפרשרס,גרמים,67.00,100 גרם,false,,10.20,15.2239,true,1,117669
4009900536288,false,מסטיק אורביט רפרשרס פפרמינט בקבוקון ללא סוכר 67 גר',מרס ריגלי קונפקשונרי,PL,מסטיק אורביט רפרשרס,גרמים,67.00,100 גרם,false,,10.20,15.2239,true,1,140621
4009900536486,false,מסטיק אורביט רפרשרס באבלמינט בקבוקון ללא סוכר 67 גר',מרס ריגלי קונפקשונרי,PL,מסטיק אורביט רפרשרס,גרמים,67.00,100 גרם,false,,10.20,15.2239,true,1,117670
4009900539401,false,מסטיק פייב באונס בטעם מנטה HP,,,מסטיק בטעם מנטה פייב,גרמים,14.40,100 גרם,false,,3.40,23.6111,true,1,236136
4009900539432,false,מסטיק פייב באונס בטעם אבטיח HP,,,מסטיק בטעם אבטיח פיי,גרמים,14.40,100 גרם,false,,3.40,23.6111,true,1,263457
4009900539685,false,"מסטיק פייב באונס בטעם מנטה בקבוקון, 61.8 גרם",ריגלי בעמ רוסיה,PL,מסטיק בטעם מנטה ללא,גרמים,61.80,100 גרם,false,,10.20,16.5049,true,1,236121
4009900539746,false,"מסטיק פייב באונס בטעם אבטיח בקבוקון, 61.8 גרם",ריגלי בעמ רוסיה,PL,מסטיק בטעם אבטיח ללא,גרמים,31.80,100 גרם,false,,10.20,32.0755,true,1,236122
4009900540551,false,מסטיק אורביט רפרשרס טרופיקל בקבוקון ללא סוכר,מרס פולין,PL,אורביט רפרשרס טרופיק,גרמים,67.00,100 גרם,false,,10.20,15.2239,true,1,230363
4011800577810,false,קורני פרי (6) נוגט 120 גרם,Schwartauer,DE,קורני חטיף דגנים נוג,גרמים,150.00,100 גרם,false,,9.30,6.2000,true,1,206600
4011800617615,false,1X24X50G קורני ביג שוקולד,שוורטאוור וורקה,DE,חטיף דגנים ביג שוקול,גרמים,50.00,100 גרם,false,,4.20,8.4000,true,1,13735
4011800617714,false,קורני ביג שוקו בננה 50 גר,מיוצר עי קונדיטוריית,DE,חטיף דגנים ביג שוקו,גרמים,50.00,100 גרם,false,,4.20,8.4000,true,1,13736
4011800628512,false,חטיף קורני שוקולד חלב 6 יח 150 גר,מיוצר עי קונדיטוריית,DE,חטיף דגנים עם שוקולד,גרמים,150.00,100 גרם,false,,9.30,6.2000,true,1,13738
4011800633516,false,חטיף דגנים עם שוקולד מריר מעולה,שוורטאוור וורקה,DE,חטיף דגנים שוקולד מר,גרמים,138.00,100 גרם,false,,9.30,6.7391,true,1,13742
4014400901191,false,בונבונירה מרסי קלאסי 250 גרם חלב נוכרי,ליימן מותגים,DE,בונבונירה מרסי 250 ג,גרמים,250.00,100 גרם,false,,21.30,8.5200,true,1,12695
4014400904277,false,סוכריות שטרוק אייס פרש בשקית 425 גרם,תות ממתקי איכות,DE,סוכריות אייס פרש 425,גרמים,425.00,100 גרם,false,,16.50,3.8824,true,1,12699
4014400904376,false,סוכריות טופי שוקולדן שטורק 325 ג',קריניציה ויטמינה אס,DE,סוכ.שטורק שוקולדן 32,גרמים,325.00,100 גרם,false,,16.50,5.0769,true,1,12702
4014400904390,false,סוכריות וולמילש ממולא ט.חלב 325גרם,קריניציה ויטמינה אס,DE,סוכריות וולמליש 325ג,גרמים,325.00,100 גרם,false,,16.50,5.0769,true,1,12703
4014400910063,false,סוכריות וורטר אורגינל שקית 135 גרם,ליימן מותגים,DE,סוכריות חמאה וורטר 1,גרמים,135.00,100 גרם,false,,7.60,5.6296,true,1,12707
4014400913910,false,וורטר אוריגינל במילוי קרם 125 גרם,תות ממתקי איכות,DE,125 סוכריות וורטר קר,גרמים,125.00,100 גרם,false,,7.60,6.0800,true,1,12708
4014400914696,false,סוכריות חמאה וורטר אור ללא סוכר 80 גרם,ליימן מותגים,DE,80 סוכריות חמאה וורט,גרמים,80.00,100 גרם,false,,7.60,9.5000,true,1,12712
4014400914924,false,סוכריות וורטר אורגינל ללא סוכר קפה 80 ג',קריניציה ויטמינה אס,DE,80 סוכריות קפה וורטר,גרמים,80.00,100 גרם,false,,7.60,9.5000,true,1,12713
4014400920857,false,סוכריות וורטר Werther's בטעם שוקולד ללא סוכר,קריניציה ויטמינה אס,DE,וורטרס ללא סוכר טעם,גרמים,70.00,100 גרם,false,,7.60,10.8571,true,1,12716
4014400923711,false,טופיפי 125 גר' - חלב נוכרי,ליימן מותגים,DE,טופיפי בונבונירה שוק,גרמים,125.00,100 גרם,false,,10.20,8.1600,true,1,12717
4014400925319,false,סוכריות וורטר פופקורן קרמל 140 גר',וורטרס Werther's,DE,חטיף פופקורן בציפוי,גרמים,140.00,100 גרם,false,,12.80,9.1429,true,1,105673
4014522120104,false,בודטה-סוכריות פירות מולטיויטמין לל.ס 100ג,,DE,סוכריות פירות מולטיו,גרמים,100.00,100 גרם,false,,8.60,8.6000,true,1,278807
4014522120203,false,בודטה-סוכריות בטעם דובדבן לל.ס 100ג,,DE,סוכריות בטעם דובדבן,גרמים,100.00,100 גרם,false,,8.60,8.6000,true,1,278791
4015000031394,false,"ספטיל - משחה להסרת כתמים 200 מ""ל",ספטיל saptil,IL,מסיר כתמים ספטיל 200,גרמים,200.00,100 גרם,false,,13.60,6.8000,true,1,34619
4015000615921,false,"פה - דאודורנט ספריי לגבר ספורט 200 מ""ל",שוורצקופף והנקל,DE,דאו' ספריי פה לגבר 2,מיליליטרים,200.00,"100 מ""ל",false,,8.50,4.2500,true,1,7972
4015400564034,false,מגני תחתון אולוויז לונג פלוס עם ניחוח,פרוקטר אנד גמבל,DE,מגן תחתון לונג פלוס,יחידה,0.00,יחידה,false,,16.20,0.0000,true,1,26627
4015400564454,false,מגני תחתון אולוויז לארג' עם ניחוח מגה פק,פרוקטר אנד גמבל,DE,מגן תחתון לארג מגה פ,יחידה,0.00,יחידה,false,,16.20,0.0000,true,1,26631
4015400690405,false,טמפונים פרל סופר טמפקס קומפאק 18 יח,טמפקס Tampax,HU,טמפון פרל סופר טמפקס,יחידה,0.00,יחידה,false,,17.00,0.0000,true,1,26668
4015400746812,false,מגני תחתון אולוויז נורמל עם ניחוח מגה פק,פרוקטר אנד גמבל,UA,מגן תחתון מגה פק נור,יחידה,0.00,יחידה,false,,16.20,0.0000,true,1,26693
4015400759324,false,אולוייז אולטרה נייט 20 יח',,,תחבושות כפול לילה או,יחידה,0.00,יחידה,false,,14.50,0.0000,true,1,17826
4015400990482,false,אריאל אבקת כביסה קולור 3 קג,אריאל Ariel,,אבקת כביסה אריאל קול,קילוגרמים,3.00,"ק""ג",false,,29.80,9.9333,true,1,26707
4015600762742,false,שמפו יומיומי למניעת קשקשים הנוסחה הקלאסית,פרוקטר אנד גמבל,RO,שמפו קלאסי הד&שולדרס,מיליליטרים,500.00,"100 מ""ל",false,,16.20,3.2400,true,1,26732
4015600971946,false,שמפו פנטן קלאסי 500,,,שמפו פנטן קלאסי 500,מיליליטרים,500.00,"100 מ""ל",false,,11.90,2.3800,true,1,172675
4017100198151,false,עוגיות היט Hit קקאו במילוי קרם וניל,הדקלאים אגודת שיתופי,PL,היט עוגיות סנדביץ בט,גרמים,220.00,100 גרם,false,,7.20,3.2727,true,1,41504
4017100219900,false,וופלטן גליליות וופל עם שוקולד 100 גרם,הדקלאים אגודת שיתופי,DE,בלזן גלילי וופל חלב,גרמים,100.00,100 גרם,false,,9.00,9.0000,true,1,41510
4017100290008,false,ביסקוויט בלזן ליבניץ שוקולד חלב 125 ג',הדקלאים אגודת שיתופי,DE,בלזן ביסקוויט מצופה,גרמים,125.00,100 גרם,false,,9.00,7.2000,true,1,41511
4017100364112,false,עוגיות היט Hit במילוי קרם בטעם שוקולד,הדקלאים אגודת שיתופי,PL,היט עוגיות סנדביץ בט,גרמים,220.00,100 גרם,false,,7.20,3.2727,true,1,41515
4018722344308,false,פפרדלה כוסמין אורגני אלב גולד 500 גרם,אלב גולד,DE,אלב גולד - טליאטלה כ,גרמים,500.00,100 גרם,false,,15.30,3.0600,true,1,106744
4022025001905,false,יין בלו ווין מבעבע זהב כשר 750 מל,היי סישל סוהן טראבן,DE,בלו וויין מבעבע זהב,מיליליטרים,750.00,"100 מ""ל",false,,47.80,6.3733,true,1,41162
4022025002100,false,בלו וויין מבעבע רוזה,היי סישל סוהן טראבן,DE,בלו וויין מבעבע רוזה,מיליליטרים,750.00,"100 מ""ל",false,,47.80,6.3733,true,1,41168
4022025261002,false,יין בלו ווין גוורצטרמינר 750 מל,לנגוט טראבן,DE,יין בלו נאן בלו וויי,מיליליטרים,750.00,"100 מ""ל",false,,43.50,5.8000,true,1,41169
4022025290408,false,יין בלו ווין פינק רוזה כשר 750 מל,יקב רמת הגולן,IL,יין בלו וויין פינק 7,מיליליטרים,750.00,"100 מ""ל",false,,43.50,5.8000,true,1,41170
4033100013348,false,סיגריות אל די כחול א,JTI,,אל.די בלו ארוך,יחידה,0.00,יחידה,false,,27.00,0.0000,false,1,4121
4033100014499,false,סיגריות אל די כחול ח,JTI,,אל.די בלו,יחידה,0.00,יחידה,false,,27.00,0.0000,false,1,4125
4033100014529,false,סיגריות אל די סלים ח,JTI,,אל.די סלימס,יחידה,0.00,יחידה,false,,27.00,0.0000,false,1,4127
4033100024146,false,סיגריות וינסטון קוד,JTI,,וינסטון קופסא בודדת,יחידה,0.00,יחידה,false,,32.00,0.0000,false,1,4132
4045787068245,false,צבע לשיער פרוטאין קולור- 1000.0 אקסטרה בלונד,שוורצקופף והנקל,DE,פרוטאין קולור 1000.0,מיליליטרים,60.00,"100 מ""ל",false,,11.90,19.8333,true,1,8024
4045787068252,false,צבע לשיער פרוטאין קולור- 1000.1 אקסטרה בלונד אפרפר,שוורצקופף והנקל,DE,פרוטאין קולור 1000.1,מיליליטרים,60.00,"100 מ""ל",false,,11.90,19.8333,true,1,8025
4052197000017,false,"בירה בנדיקטינר חיטה לא מסוננת 500 מ""ל",בנדיקטינר וויצבראו,DE,בירה בנדיקטינר 500 מ,מיליליטרים,500.00,"100 מ""ל",false,,8.50,1.7000,true,1,91
4052197000925,false,בירה בנדקטינר דונקל כהה 500 מל,בנדיקטינר וויצבראו,DE,בירה בנדקטינר כהה דו,מיליליטרים,500.00,"100 מ""ל",false,,8.50,1.7000,true,1,94
4062400543125,false,"טקילה סיירה רפוסאדו 700 מ""ל",סיארה Sierra,MX,טקילה סיירה זהב רפוס,מיליליטרים,700.00,"100 מ""ל",false,,85.50,12.2143,true,1,100
4066600999614,false,"בירה פאולנר חיטה 500 מ""ל בקובק",מבשלת פאולנר,DE,בירה פאולנר בקבוק 50,מיליליטרים,500.00,"100 מ""ל",false,,9.40,1.8800,true,1,9272
4079400330129,false,"בירה פילסנר וולטרס 4.9% 500 מ""ל בפחית",,,בירה וולטרס פחית 4.9,מיליליטרים,500.00,"100 מ""ל",false,,6.00,1.2000,true,1,48453
4084500081314,false,משחת שיניים פרו אקספרט לניקוי עמוק בטעם מנטה,אורל בי Oral B,DE,אורל בי משחה פרואקספ,מיליליטרים,75.00,"100 מ""ל",false,,10.20,13.6000,true,1,165512
4084500853836,false,"נוזל כלים פיירי ורדים ומשי 515 מ""ל",פרוקטר אנד גמבל,GB,פיירי נוזל כלים ורדי,מיליליטרים,515.00,"100 מ""ל",false,,8.50,1.6505,true,1,26860
4100130937163,false,בירה בקס שישייה 6*275 מל,"איי, בי, אינבוו",DE,"בירה בקס 6* 275 מ""ל",ליטרים,1.65,ליטר,false,,21.50,13.0303,true,1,9959
4210201262183,false,מברשת שיניים חשמלית ויטליטי Vitality נטענת,פרוקטר אנד גמבל,DE,אורל בי מברשת חשמלית,יחידה,0.00,יחידה,false,,86.20,0.0000,true,1,72022
4602486002071,false,"וודקה בלנקאיה גולד 700 מ""ל",מזקקת גאורגייבסקי קר,RU,וודקה בלנקאיה גולד 7,מיליליטרים,700.00,"100 מ""ל",false,,52.10,7.4429,true,1,107
4603400000043,false,"וודקה רוסקיי סטנדרט 700 מ""ל",רוסקי סטנדרט וודקה,RU,רוסקי סטנדרט 700מ'ל,מיליליטרים,700.00,"100 מ""ל",false,,59.80,8.5429,true,1,11173
4640018993343,false,פיניש קוואנטום קפסולות ג'ל למדיח כלים 30 יח',רקיט בנקיזר,PL,פיניש קוואנטום למדיח,יחידה,0.00,יחידה,false,,35.00,0.0000,true,1,67364
4640018993398,false,פיניש קוואנטום 60 יח' קפסולות ג'ל למדיח כלים,רקיט בנקיזר,PL,פיניש קוואנטום למדיח,יחידה,0.00,יחידה,false,,51.20,0.0000,true,1,67367
4710068002798,false,"מאסטר קפה ונילה פחית 240מ""ל",מאיטה פוד אינדוסטריא,TW,מאסטר קפה וונילה פחי,מיליליטרים,240.00,"100 מ""ל",false,,5.30,2.2083,true,1,38953
4800888209429,false,רקסונה - דאודורנט סטיק לאישה כותנה נשים 50 גרם,,,דאו' סטיק כותנה רקסו,גרמים,50.00,100 גרם,false,,15.30,30.6000,true,1,70576
4860019001346,false,בורז'ומי מים מינרליים טבעיים 500מ'ל חדש,אי די אס בורגומי,,בורז'ומי מים מינרליי,מיליליטרים,500.00,"100 מ""ל",false,,6.80,1.3600,true,1,11190
4891228430061,false,סכיני גילוח שיק אקזקטה 2 לנשים ורוד 10 יח',הנסיך- מפעל לייצור ט,CN,סכיני גילוח לאישה שי,יחידה,0.00,יחידה,false,,20.40,0.0000,true,1,21101
4903001904208,false,רוטב סויה יאמסה פרימיום 1 ליטר,הדקלאים אגודת שיתופי,JP,רוטב סויה פרימיום יא,ליטרים,1.00,ליטר,false,,27.30,27.3000,true,1,12720
5000127533196,false,קלוגס וורייטי שמינייה 191 גרם,חברת קלוגס בריטניה,,דגני בוקר ווראייטי ק,גרמים,191.00,100 גרם,false,,19.60,10.2618,true,1,5249
5000146401568,false,וולייט דפים למניעת העברת צבע 10 דפים,ווליט Woolite,IT,לכביסה ווליט דפים שו,יחידה,0.00,יחידה,false,,8.50,0.0000,true,1,20578
5000146980322,false,קרם להסרת שיער לעור רגיל מועשר בחלב לוטוס ויסמין,רקיט בנקיזר,FR,קרם להסרת שיער ניחוח,מיליליטרים,100.00,"100 מ""ל",false,,26.40,26.4000,true,1,20579
5000159407236,false,חטיף שוקולד מרס 51 ג',מרס הולנד בי.וי.,NL,חטיף מרס 51 גרם,גרמים,51.00,100 גרם,false,,3.30,6.4706,true,1,20506
5000159459228,false,חטיף שוקולד טוויקס 50 ג',"נארז ע""י : א.ג. גילר",NL,חטיף טויקס 50 גרם,גרמים,50.00,100 גרם,false,,3.30,6.6000,true,1,20512
5000159461122,false,חטיף שוקולד סניקרס 50 ג',"נארז ע""י : א.ג. גילר",NL,חטיף סניקרס שוקולד 5,גרמים,50.00,100 גרם,false,,3.30,6.6000,true,1,20513
5000189974579,false,מארז מיני חטיפי קיט קט Kit Kat,ליימן מותגים,DE,קיט קט מיני 200 גרם,גרמים,200.00,100 גרם,false,,8.50,4.2500,true,1,41523
5000204114867,false,"גלייד אורסול בניחוח וניל 300 מ""ל",coster aerosol vail,TR,גלייד ארוסול בניחוח,מיליליטרים,300.00,"100 מ""ל",false,,6.80,2.2667,true,1,5635
5000204114898,false,"גלייד ארוסול בניחוח מרכך כביסה 300 מ""ל",אס.סי גונוסון,NL,גלייד ארוסול בניחוח,מיליליטרים,300.00,"100 מ""ל",false,,6.80,2.2667,true,1,5636
5000204114928,false,"גלייד ארוסול בניחוח דובדבן 300 מ""ל",coster aerosol vail,TR,גלייד ארוסול בניחוח,מיליליטרים,300.00,"100 מ""ל",false,,6.80,2.2667,true,1,5637
5000204115048,false,"מטהר אוויר גלייד ארוסול לבנדר 300 מ""ל","אס.סי ג'ונסון,מידרכט",TR,גלייד ארוסול בניחוח,מיליליטרים,300.00,"100 מ""ל",false,,6.80,2.2667,true,1,5640
5000204153729,false,מטהר אוויר גלייד מילוי אוטומטי לבנדר וניל,המאפיה של הרמן,TR,גלייד מילוי אוטומטי,מיליליטרים,269.00,"100 מ""ל",false,,13.60,5.0558,true,1,93421
5000204196924,false,"נוזל מילוי 60 לילות זוג 36*2 מ""ל",גונסון שנגחאי,BG,רייד נוזל מילוי זוג,יחידה,0.00,יחידה,false,,25.60,0.0000,true,1,244287
5000204197051,false,"מכשיר חשמלי +נוזל מילוי אקליפטוס 45 לילות רייד 36 מ""ל",גונסון שנגחאי,CN,רייד מכשיר חשמלי + נ,יחידה,0.00,יחידה,false,,29.90,0.0000,true,1,244602
5000204243000,false,"נוזל לאסלה אפרסק על חלל 750 מ""ל דאק",,,דאק ג'ל נוזל לאסלה,מיליליטרים,750.00,"100 מ""ל",false,,8.50,1.1333,true,1,242541
5000204254587,false,סבון מוצק לאסלהאפרסק על חלל 38.6 ג' דאק,דאופלור אס.פי.אי כונ,IT,דאק סבון מוצק לאסלה,גרמים,38.60,100 גרם,false,,7.70,19.9482,true,1,242542
5000207004172,false,פדים להנקה גונסון 30 יח,CILAG GMBH INTERNATI,IT,גונסון פדים להנקה 30,יחידה,0.00,יחידה,false,,20.40,0.0000,true,1,21113
5000209145514,false,"שטיפת פה ירוק מנטה עדין נשימה רעננה קולגייט פלאקס 250 מ""ל",קולגייט- פלמוליב,BR,קולגייט פלאקס ירוק 2,מיליליטרים,250.00,"100 מ""ל",false,,12.80,5.1200,true,1,21114
5000267014234,false,וויסקי ג'וני ווקר רד לייבל Red label,ג'וני ווקר Johnnie walker,,גוני ווקר רד לייבל 7,מיליליטרים,700.00,"100 מ""ל",false,,69.20,9.8857,true,1,50935
5000267024233,false,"וויסקי ג'וני בלאק לייבל עם פורר 700מ""ל",ג'וני ווקר Johnnie walker,,ג'וני ווקר בלאק לייב,מיליליטרים,700.00,"100 מ""ל",false,,103.40,14.7714,true,1,50936
5000299609347,false,"וויסקי גלנליווט פאונדרס רזרב 700 מ""ל",גורג וגיי גי סמית,GB,וויסקי גלנליווט 700,מיליליטרים,700.00,"100 מ""ל",false,,128.20,18.3143,true,1,33538
5000394141209,false,שישיות סוללות AAA פלוס פאוור דורסל,דורסל,BE,סוללות דורסל שישיות,יחידה,0.00,יחידה,false,,18.80,0.0000,true,1,238593
5010067322453,false,תחליף אבקת סוכר טרוביה 280 גר,טרוביה Truvia,US,תחליף אבקת סוכר טרוב,גרמים,280.00,100 גרם,false,,29.90,10.6786,true,1,302239
5010123703547,false,"מי פה פרש בורסט ליסטרין 500 מ""ל",גונסון אנד גונסון,,מי פה פרש בוסט ליסטר,מיליליטרים,500.00,"100 מ""ל",false,,12.80,2.5600,true,1,51301
5010182997253,false,"רייד ארוסול קוטל ג''וקים - 300 מ""ל",אס.סי.ג'ונסון מידרכט,NL,רייד ארוסול קוטל ג'ו,מיליליטרים,300.00,"100 מ""ל",false,,11.00,3.6667,true,1,5669
5010182997338,false,"טואלט דאק ג'ל אסלה ניחוח רענן 55 מ""ל","איטיליאן פוד, אס.פי.",IT,דאק ג'ל אסלה ניחוח ר,גרמים,55.00,100 גרם,false,,9.90,18.0000,true,1,5670
5010182997680,false,"רייד ארוסול קוטל נמלים - 300 מ""ל",אס.סי.ג'ונסון מידרכט,NL,רייד ארוסול קוטל נמל,מיליליטרים,300.00,"100 מ""ל",false,,11.00,3.6667,true,1,5674
5010182998861,false,"טואלט דאק נוזל לאסלה ירוק 750 מ""ל",מיוצר עי קונדיטוריית,NL,דאק ג'ל נוזל לניקוי,מיליליטרים,750.00,"100 מ""ל",false,,8.50,1.1333,true,1,5677
5010677551281,false,"בקרדי בריזר לימון 275 מ""ל בקבוק",בקרדי בריזר Bacardi Breezer,BE,בקרדי בריזר לימון 27,מיליליטרים,275.00,"100 מ""ל",false,,11.90,4.3273,true,1,9277
5010677551397,false,"בקרדי בריזר לימון ליים 275 מ""ל",בקרדי בריזר Bacardi Breezer,BE,בקרדי בריזר ליים,מיליליטרים,275.00,"100 מ""ל",false,,11.90,4.3273,true,1,9278
5010677552387,false,"בקרדי בריזר אננס 275 מ""ל בקבוק",בקרדי בריזר Bacardi Breezer,BE,בקרדי בריזר אננס.,מיליליטרים,275.00,"100 מ""ל",false,,11.90,4.3273,true,1,9279
5010677554398,false,"בקרדי בריזר אבטיח 275 מ""ל בקבוק",בקרדי בריזר Bacardi Breezer,BE,בקרדי בריזר אבטיח,מיליליטרים,275.00,"100 מ""ל",false,,11.90,4.3273,true,1,9280
5010677850100,false,וודקה גריי גוס בקבוק,גריי גוס,FR,"גריי גוס 700 מ""ל",מיליליטרים,700.00,"100 מ""ל",false,,94.80,13.5429,true,1,13363
5010852000917,false,ווסקי בארקליס 0.7 ליטר,,,ויסקי בארקליס 700מ'ל,מיליליטרים,700.00,"100 מ""ל",false,,60.60,8.6571,true,1,11193
5011157630281,false,אורז לבן ארוך בסמטי טילדה Tilda,טילדה Tilda,GB,טילדה אורז הימשלי בס,קילוגרמים,1.00,"ק""ג",false,,21.30,21.3000,true,1,21120
5011157671222,false,"אורז בסמטי חום מלא טילדה 1 ק""ג",טילדה Tilda,,אורז בסמטי חום מלא,קילוגרמים,1.00,"ק""ג",false,,21.30,21.3000,true,1,244547
5013965948428,false,משחת שיניים פרו אקספרט לניקוי יסודי מנטה מעודן,אורל בי Oral B,DE,אורל בי משחה פרואקספ,מיליליטרים,75.00,"100 מ""ל",false,,10.20,13.6000,true,1,165526
5014271002675,false,מעדן פרי תפוח וקינמון 284 גרם,סנדלפור St.dalfour,FR,סאן דלפור מעדן פרי ת,גרמים,284.00,100 גרם,false,,17.90,6.3028,true,1,16528
5014271300429,false,סן דלפו מעדן משמש ללא סוכר 284גר,סנדלפור St.dalfour,FR,סאן דלפור מעדן משמש,גרמים,284.00,100 גרם,false,,17.90,6.3028,true,1,16529
5014271310428,false,סן דלפו מעדן דבדבן שחור ללא סוכ 284 ג',המאפיה של הרמן,FR,סאן דלפור מעדן דובדב,גרמים,284.00,100 גרם,false,,17.90,6.3028,true,1,16530
5014271330426,false,מעדן סאנט דלפור אוכמניות כחולות 284 גר,סנדלפור St.dalfour,FR,סאן דלפור מעדן אוכמנ,גרמים,284.00,100 גרם,false,,17.90,6.3028,true,1,16531
5014271350424,false,מעדן סאנט דלפור ארבע פירות 284 גר,המאפיה של הרמן,FR,סאן דלפור מעדן ארבע,גרמים,284.00,100 גרם,false,,17.90,6.3028,true,1,16532
5014271400426,false,סן דלפו מעדן תות שדה ללא סוכר 284 ג',המאפיה של הרמן,FR,סאן דלפור מעדן תות ש,גרמים,284.00,100 גרם,false,,17.90,6.3028,true,1,16537
5016840033219,false,ויסקי לוך לומונד סינ,לוך לומונוד דיסטלרי,GB,לוך לונונד אוריג'נל,מיליליטרים,700.00,"100 מ""ל",false,,101.80,14.5429,true,1,279033
5021349702894,false,"וויסקי טומינטול סינגל מאלט טילה 700 מ""ל",,,טומינטול טילה סקוטש,מיליליטרים,700.00,"100 מ""ל",false,,145.30,20.7571,true,1,309485
5024546366609,false,"וויסקי 700 מ""ל LAUDERS SCOTCH",מקדוף אינטרנשנל דיסט,,וויסקי לאודרס 700מל,מיליליטרים,700.00,"100 מ""ל",false,,86.30,12.3286,true,1,134
5029053032658,false,קלינקס ממחטות שמיניה,KC Italy,,ממחטות טישו טו גו ק,יחידה,0.00,יחידה,false,,7.60,0.0000,true,1,8801
5029053510811,false,קוטקס - תחבושות אולטרה נורמל + כנפיים 30 יח',קימברלי קלארק,TR,תחבושות אולטרה נורמל,יחידה,0.00,יחידה,false,,16.20,0.0000,true,1,8803
5029053510828,false,קוטקס - תחבושות אולטרה סופר + כנפיים 22 יח',קימברלי קלארק,GB,תחבושת אולטרה סופר+כ,יחידה,0.00,יחידה,false,,16.20,0.0000,true,1,8804
5029053523446,false,קוטקס - תחבושות אולטרה נייט + כנפיים 20 יח',קימברלי קלארק,GB,תחבושות אולטרה נייט+,יחידה,0.00,יחידה,false,,16.20,0.0000,true,1,8806
5029053534596,false,קוטקס טמפוני נורמל ללא מוליך 32 יח,KC Czech,CZ,טמפון נורמל ללא מולי,יחידה,0.00,יחידה,false,,20.40,0.0000,true,1,8816
5029053535227,false,קוטקס טמפון עם מוליך נורמל 16 יח',KC Czech,CZ,טמפון עם מוליך נורמל,יחידה,0.00,יחידה,false,,18.70,0.0000,true,1,8819
5029053535234,false,טמפון קוטקס עם מוליך סופר 16 יח,KC Czech,CZ,טמפון עם מוליך סופר,יחידה,0.00,יחידה,false,,18.70,0.0000,true,1,8820
5029054220085,false,האגיס - מגבוני האגיס אקסטרה קר לא מבושם 56 יח' * 4,קימברלי קלארק,IL,האגיס אקסטרה קר מגבו,יחידה,0.00,יחידה,false,,23.80,0.0000,true,1,8824
5053827215862,false,קלוגס קוקו פופס שוקו 500ג',קלוגס Kellogg's,DE,דגני בוקר קוקו פופס,גרמים,500.00,100 גרם,false,,15.30,3.0600,true,1,82295
5060517886486,false,"מונסטר משקה אנרגיה קלאסי 500 מ""ל",מונסטר אנרג'י Monster Energy,RU,מונסטר אנרג'י פחית 5,מיליליטרים,500.00,"100 מ""ל",false,,5.90,1.1800,true,1,6795
5060751218173,false,"משקה אנרגיה מונסטר Pipline punch פח 500 מ""ל",מונסטר אנרג'י לימטד,IE,מונסטר פייפלין פאנץ',מיליליטרים,500.00,"100 מ""ל",false,,5.90,1.1800,true,1,253695
5060751219033,false,"משקה אנרגיה מונסטר ULTRA PARADISE פח 500 מ""ל",מונסטר אנרג'י לימטד,IE,מונסטר אולטרה פרדייז,מיליליטרים,500.00,"100 מ""ל",false,,5.90,1.1800,true,1,253696
5099864006384,false,סימילאק למהדרין שלב 2 אריזת חיסכון 900 ג.,אבוט מעבדות רפואיות,ES,"סימילאק מהדרין בד""צ",גרמים,900.00,100 גרם,false,,64.90,7.2111,true,1,29202
5201004021328,false,קפריס רולס גלילי וופל במילוי קרם אגוזי לוז וקקאו,אי. ג'יי פאפאדופולוס,GR,קפריס רולס קלאסיק 11,גרמים,115.00,100 גרם,false,,7.70,6.6957,true,1,124805
5201085540084,false,סוכריות ג'ילי מיקס שקית 800 גר',פאלאס אס איי,GR,סוכריות ג'לו מיקס 70,גרמים,700.00,100 גרם,false,,11.90,1.7000,true,1,34360
5201261201532,false,"מארז הייניקן פחית 500 מ""ל*4 יח'",,,"היינקן פחית 500 מ""ל",ליטרים,2.00,ליטר,false,,39.41,19.7050,true,1,195853
5201347160326,false,גל לשמירה על חיי מכונת הכביסה קלגון 750מ,RECKITT BENCKISER It,IT,קלגון גל 750 מ'ל,מיליליטרים,750.00,"100 מ""ל",false,,26.40,3.5200,true,1,20610
5201347175030,false,פיניש קוואנטום 32 יח,,,פיניש קוואנטום 32 יח,יחידה,0.00,יחידה,false,,29.90,0.0000,true,1,287969
5201347400545,false,רצועות שעווה מוכנות לשימוש לפנים ולאזורים רגישים,רקיט בנקיזר,FR,רצועות שעווה לפנים ו,יחידה,0.00,יחידה,false,,26.40,0.0000,true,1,20612
5201940010110,false,זיתים שחורים מזן קלמטה בפח 454 גרם,סיוארס אס.איי,GR,זיתים שחורים קלמטה ו,גרמים,250.00,100 גרם,false,,12.80,5.1200,true,1,2841
5208049002473,false,קנט ארוך קופסא בודדת,BAT,,קנט ארוך קופסא בודדת,יחידה,0.00,יחידה,false,,36.00,0.0000,false,1,180872
5391523057929,false,סימילאק גולד שלב 1 תרכובת מזון על בסיס חלב,אבוט מעבדות רפואיות,ES,סימילאק גולדשלב 1 7,גרמים,700.00,100 גרם,false,,60.60,8.6571,true,1,29210
5391523057936,false,סימילאק גולד שלב 2 תרכובת מזון על בסיס חלב,אבוט מעבדות רפואיות,ES,סימילאק גולד שלב 2,גרמים,700.00,100 גרם,false,,60.60,8.6571,true,1,29211
5391523058063,false,סימילאק אדבנס פלוס 1 תרכובת מזון על בסיס חלב,טרופיקל דגיל תעשיות,IE,סימילאק אדוואנס פלוס,גרמים,700.00,100 גרם,false,,55.50,7.9286,true,1,29213
5391523058070,false,סימילאק אדבנס פלוס 3 תרכובת מזון על בסיס חלב,טרופיקל דגיל תעשיות,IE,סימילאק אדוונס פלוס,גרמים,700.00,100 גרם,false,,55.50,7.9286,true,1,29214
5391523058087,false,סימילאק אדבנס פלוס 2 תרכובת מזון על בסיס חלב,טרופיקל דגיל תעשיות,IE,סימילאק אדוואנס פלוס,גרמים,700.00,100 גרם,false,,55.50,7.9286,true,1,29215
5410126006087,false,ביסקוויט לוטוס קרמל 700 גרם,לוטוס ביקרי נ.וי.,BE,לוטוס עוגיות קרמל 70,גרמים,700.00,100 גרם,false,,21.30,3.0429,true,1,5265
5410126106183,false,ביסקויט לוטוס קרמל 312 גר 50 יח ארוז,כלורוקס אוקלנד,BE,ביסקוויט קרמל 312גרם,גרמים,312.00,100 גרם,false,,13.60,4.3590,true,1,5270
5410126116953,false,ממרח עוגיות לוטוס קרמל 400 גר,לוטוס בייקרי בלגיה נ,BE,לוטוס ממרח ביסקוויט,גרמים,400.00,100 גרם,false,,17.90,4.4750,true,1,5272
5410126666038,false,עוגיות לוטוס 18*2 279 גרם,לוטוס ביקרי,BE,עוגיות לוטוס 279 גרם,גרמים,279.00,100 גרם,false,,11.10,3.9785,true,1,5273
5410126716016,false,"ביסקוויט בטעם קרמל לוטוס בד""צ 250 ג'",לוטוס ביקרי בלגיה,BE,ביסקוויט בטעם קרמל ל,גרמים,250.00,100 גרם,false,,10.20,4.0800,true,1,5274
5410126726947,false,ממרח עוגיות לוטוס קראנץ' 380 גרם,לוטוס בייקרי בלגיה נ,BE,לוטוס קראנץ ממרח עוג,גרמים,380.00,100 גרם,false,,17.90,4.7105,true,1,5275
5410173210055,false,רומבוסט קפה טחון וקלוי לפילטר 70 גרם,קופי רומבוטס,BE,רומבוסט קפה טחון וקל,גרמים,70.00,100 גרם,false,,14.40,20.5714,true,1,12723
5410291021991,false,ממרח אגוזי לוז עם קקאו,צ'וקטה Chocketa,BE,צ`וקטה ממרח אגוזי לו,גרמים,700.00,100 גרם,false,,17.00,2.4286,true,1,41526
5410291022011,false,ממרח אגוזי לוז עם קקאו 350 גרם חלב נכרי,צ'וקטה Chocketa,BE,צ`וקטה ממרח אגוזי לו,גרמים,350.00,100 גרם,false,,10.20,2.9143,true,1,41527
5410316994019,false,"וודקה סמירנוף אדום 700מ""ל",דיאג'ו אופריישנס איט,US,וודקה סמירנוף אדום 7,מיליליטרים,700.00,"100 מ""ל",false,,47.80,6.8286,true,1,50950
5411188080268,false,אלפרו סויה אורגני אלפרו 1 ליטר,הנסיך- מפעל לייצור ט,BE,אלפרו משקה סויה אורג,ליטרים,1.00,ליטר,false,,12.10,12.1000,true,1,21121
5411188081852,false,אלפרו משקה סויה בטעם וניל 1 ל',הנסיך- מפעל לייצור ט,BE,אלפרו משקה סויה בטעם,יחידה,0.00,יחידה,false,,12.10,0.0000,true,1,21122
5411188094159,false,אלפרו מעדן סויה בטעם שוקו בלגי 125 גר*4,הנסיך- מפעל לייצור ט,BE,אלפרו מעדן סויה שוק.,מיליליטרים,500.00,"100 מ""ל",false,,14.90,2.9800,true,1,21123
5411188110835,false,אלפרו חלב סויה שקדים וניל 1ל',הנסיך- מפעל לייצור ט,BE,אלפרו משקה שקדים 1 ל,ליטרים,1.00,ליטר,false,,13.20,13.2000,true,1,21128
5411188112709,false,"משקה קוקוס אלפרו 1 ליטר משקה שקדים לל""ס",הנסיך- מפעל לייצור ט,BE,אלפרו משקה שקדים ללא,יחידה,0.00,יחידה,false,,13.20,0.0000,true,1,21132
5411188115366,false,משקה קוקוס אלפרו 1 ליטר משקה שיבולת שועל 1 ליטר,הנסיך- מפעל לייצור ט,BE,אלפרו משקה שיבולת שו,יחידה,0.00,יחידה,false,,13.20,0.0000,true,1,21134
5411188115434,false,משקה אלפרו בריסטה סויה 1 ליטר,אלפרו Alpro,BE,אלפרו משקה בריסטה סו,ליטרים,1.00,100 ליטר,false,,13.20,1320.0000,true,1,263222
5411188115472,false,אלפרו משקה סויה 1 ליטר,הנסיך- מפעל לייצור ט,BE,אלפרו משקה סויה 1 לי,ליטרים,1.00,ליטר,false,,12.10,12.1000,true,1,91257
5411188120742,false,משקה קוקוס אלפרו 1 ליטר שקדים וניל 1 ל',הנסיך- מפעל לייצור ט,BE,אלפרו משקה שקדים בטע,ליטרים,1.00,ליטר,false,,13.20,13.2000,true,1,21141
5411188121923,false,"אלפרו משקה סויה סידן מארז 250X3מ""ל",הנסיך- מפעל לייצור ט,BE,אלפרו סויה סידן שלש,מיליליטרים,750.00,"100 מ""ל",false,,12.20,1.6267,true,1,21143
5411188121978,false,"משקה סויה בטעם שוקולד 3 * 250 מ""ל אלפרו",אלפרו C.V.A,BE,אלפרו סויה שוקו סיד,מיליליטרים,750.00,"100 מ""ל",false,,12.20,1.6267,true,1,21144
5411188122661,false,אלפרו משקה שקדים לא קלויים ללא תוספת סוכר 1 ל',אלפרו Alpro,,אלפרו משקה שקדים לא,יחידה,0.00,יחידה,false,,13.20,0.0000,true,1,21147
5411188124689,false,משקה שיבולת שועל ללא סוכר 1ל' אלפרו,אלפרו Alpro,BE,אלפרו משקה שיבולת שו,יחידה,0.00,יחידה,false,,13.20,0.0000,true,1,114362
5411188124726,false,אלפרו משקה שיבולת שועל שקדים 1 ליטר,הדקלאים אגודת שיתופי,BE,אלפרו משקה שיבולת שו,יחידה,0.00,יחידה,false,,11.90,0.0000,true,1,21149
5411188129899,false,משקה אלפרו בריסטה שקדים 1 ליטר,הנסיך- מפעל לייצור ט,BE,אלפרו משקה בריסטה שק,יחידה,0.00,יחידה,false,,13.20,0.0000,true,1,91259
5411188134985,false,אלפרו 3.5% NOT M*LK שיבולת שועל 1 ליטר בית יוסף,הנסיך- מפעל לייצור ט,BE,אלפרו 3.5% שומן NOT,ליטרים,1.00,ליטר,false,,12.10,12.1000,true,1,167449
5411188135005,false,אלפרו 1.8% NOT M*LK שיבולת שועל 1 ליטר בית יוסף,הנסיך- מפעל לייצור ט,BE,אלפרו 1.8% שומן NOT,ליטרים,1.00,ליטר,false,,12.10,12.1000,true,1,170385
5411188513483,false,"משקה סויה לבישול 14% 250 מ""ל אלפרו",אלפרו C.V.A,BE,אלפרו סויה לבישול 14,מיליליטרים,250.00,"100 מ""ל",false,,8.50,3.4000,true,1,230409
5411188543398,false,אלפרו משקה סויה ללא סוכר 1 ליטר,הנסיך- מפעל לייצור ט,BE,אלפרו משקה סויה ללא,ליטרים,1.00,ליטר,false,,12.10,12.1000,true,1,95160
5413121364121,false,בלג'יאן טראפלס קקאו שוקולד 150 גרם,,BE,שוקולד טראפלס קקאו ז,גרמים,150.00,100 גרם,false,,12.80,8.5333,true,1,282281
5413548280189,false,קינדר שוקובון 16 יחידות,פררו,BE,קינדר שוקו בון 125ג,גרמים,125.00,100 גרם,false,,11.90,9.5200,true,1,41027
5420066370001,false,טראפל בלגי קרמל 150 גרם,,,טראפל שוקולד בלגי קר,גרמים,150.00,100 גרם,false,,12.80,8.5333,true,1,282339
5420066370032,false,טראפל בלגי מריר 150 גרם,,,טראפל שוקולד בלגי מר,גרמים,150.00,100 גרם,false,,12.80,8.5333,true,1,282355
5601008200444,false,גודיס Goodies עוגיות טבעת מצופות שוקולד חלב,הנסיך- מפעל לייצור ט,PT,גודיס עוגיות טבעת מצ,גרמים,150.00,100 גרם,false,,5.00,3.3333,true,1,21153
5601008200468,false,עוגיות מרבה גודיס טבעת מצופה שוקו' לבן 150ג',קריניציה ויטמינה אס,PT,גודיס עוגיות טבעת מצ,גרמים,150.00,100 גרם,false,,5.00,3.3333,true,1,21155
5604912415058,false,סרדינים בשמן חמניה חריף פורטוס 125 גרם,פורטוס Porthos,PT,סרדינים בשמן חמניה ח,גרמים,125.00,100 גרם,false,,5.10,4.0800,true,1,5278
5701932026964,false,פופקורן להכנה במיקרוגל בטעם טבעי 6 שקיות,ליימן מותגים,US,הוט פופ .פופקורן עם,גרמים,600.00,100 גרם,false,,12.90,2.1500,true,1,12727
5701932026971,false,פופקורן להכנה במיקרוגל בטעם חמאה 6 שקיות,ליימן מותגים,US,הוט פופ פופקורן בטעם,גרמים,600.00,100 גרם,false,,12.90,2.1500,true,1,12728
5701932026995,false,פופקורן להכנה במיקרוגל בטעם טבעי מופחת שומן 6 שקיות,קריניציה ויטמינה אס,US,הוט פופ פופקורן לייט,גרמים,510.00,100 גרם,false,,12.90,2.5294,true,1,12729
5711953106583,false,גבינת שמנת בטעם טבעי 200 גרם ארלה,ארלה פודס אמבה,DK,ארלה גבינת שמנת טבעי,גרמים,200.00,100 גרם,false,,14.20,7.1000,true,1,22985
5711953106590,false,גבינת שמנת ארלה שמנת שום 200 גרם,ארלה פודס אמבה,DK,ארלה גבינת שמנת שום,גרמים,200.00,100 גרם,false,,14.20,7.1000,true,1,22986
5711953106606,false,גבינת שמנת עם תבלינים ועשבי תיבול 23.5%,ארלה פודס אמבה,DK,ארלה גבינת שמנת עשבי,גרמים,200.00,100 גרם,false,,14.20,7.1000,true,1,22987
5711953148347,false,"גבינת שמנת טבעי ארלה, 300 גרם",ארלה,DK,גבינת שמנת טבעי ארלה,גרמים,300.00,100 גרם,false,,20.50,6.8333,true,1,302616
5740900403215,false,ממרח מחמאת לורפק עם מלח 250 ג',לורפאק Lurpak,DK,ממרח לורפק עם מלח 25,גרמים,250.00,100 גרם,false,,14.40,5.7600,true,1,22988
5740900403222,false,ממרח לורפק חמאה עם מלח מופחת שומן 250 ג,לורפאק Lurpak,DK,ממרח לורפק עם מלח מו,גרמים,250.00,100 גרם,false,,14.40,5.7600,true,1,22989
5740900403239,false,ממרח מחמאת לורפק ללא מלח 250 ג',לורפאק Lurpak,DK,ממרח לורפק ללא מלח 2,גרמים,250.00,100 גרם,false,,14.40,5.7600,true,1,22990
5740900403246,false,ממרח מחמאת לורפק ללא מלח 500 ג',לורפאק Lurpak,DK,ממרח לורפק ללא מלח 5,גרמים,500.00,100 גרם,false,,25.90,5.1800,true,1,22991
5740900403253,false,ממרח מחמאת לורפק עם מלח 500 ג',לורפאק Lurpak,DK,ממרח לורפק עם מלח 50,גרמים,500.00,100 גרם,false,,25.90,5.1800,true,1,22992
5740900403260,false,ממרח מחמאת לורפק ללא מלח 27% פחות שומן,ארלה פודס אמבה,DK,ממרח לורפק ללא מלח מ,גרמים,250.00,100 גרם,false,,14.40,5.7600,true,1,22993
5900017062419,false,"ניוואה - תחליב רחצה ורדים ושמן שקדים 750 מ""ל",ביירסדורף,DE,ניוואה תחליב רחצה בנ,מיליליטרים,750.00,"100 מ""ל",false,,14.40,1.9200,true,1,222528
5900020012814,false,דגנים נסקוויק מלחמת הכוכבים 500 גרם,מיוצר עי קונדיטוריית,PL,דגני בוקר נסקוויק נס,גרמים,500.00,100 גרם,false,,21.30,4.2600,true,1,18151
5900020015174,false,חטיף דגנים פיטנס Fitness עם שוקולד מריר,מיוצר עי קונדיטוריית,PL,פיטנס חטיף דגנים שוק,גרמים,141.00,100 גרם,false,,12.70,9.0071,true,1,18152
5900020020710,false,נסטלה - קראנץ' שוקו וניל חטיף דגנים 25 גרם * 6,נסטלה פולין ברים,PL,חטיף דגנים קראנץ בר,גרמים,150.00,100 גרם,false,,14.50,9.6667,true,1,18155
5900020024817,false,פיטנס דליס Fitness Delice חטיף דגנים עם שוקולד לבן,סי.פי.פולין,PL,פיטנס בר דליס שוקולד,גרמים,135.00,100 גרם,false,,12.70,9.4074,true,1,18160
5900020026552,false,דגני בוקר האני נאט צ'יריוס בטעם דבש ושקדים,נסטלה צרפת איטנקורט,FR,האני נאט ציריוס נסטל,גרמים,625.00,100 גרם,false,,21.30,3.4080,true,1,18167
5900020029669,false,פיטנס - חטיף דגנים פירות יער 23.50 גרם * 6,נסטלה פולין ברים,PL,פיטנס חטיף דגנים פיר,גרמים,141.00,100 גרם,false,,12.70,9.0071,true,1,18169
5900020031877,false,צ'יריוס האני חטיף דגנים מארז 8 6*22ג 8N,נסטלה פולין דגני בוק,PL,חטיף דגנים צ'יריוס ה,גרמים,132.00,100 גרם,false,,14.50,10.9848,true,1,18171
5900020032539,false,מארז חטיף פיטנס שוקולד 8 X 23.5 גרם,נסטלה פולין ברים,PL,חטיף דגנים שוקולד פ,גרמים,188.00,100 גרם,false,,14.50,7.7128,true,1,149934
5900020034021,false,פיטנס בר דליס שוקולד בננה 8*23.5 גרם,מיוצר עי קונדיטוריית,PL,פיטנס חטיף דגנים שוק,גרמים,141.00,100 גרם,false,,14.50,10.2837,true,1,18173
5900020036407,false,דגני בוקר ליון Lion בטעם שוקולד וקרמל,ג.נרל מילס,US,דגני בוקר שוקולד וקר,גרמים,480.00,100 גרם,false,,21.30,4.4375,true,1,65363
5900020037916,false,דגני בוקר שיבולת שועל צ'ריוס 375ג',ג'נרל מילס סאן אדריא,US,צ'יריוס שיבולת שועל,גרמים,375.00,100 גרם,false,,13.60,3.6267,true,1,151763
5900020039620,false,פיטנס חטיף דגנים שקדים ודבש פרווה 8 6*23 ג,סי.פי.פולין,PL,חטיף דגנים שקדים ודב,גרמים,141.00,100 גרם,false,,12.70,9.0071,true,1,195229
5900020041142,false,קורנפלקס פיטנס 500 ג' אסם,סי.פי.פולין,PL,קורנפלקס פיטנס 500גר,גרמים,500.00,100 גרם,false,,11.10,2.2200,true,1,329767
5900627063233,false,טבליות למדיח AIO 50 יח פיניש,רקיט בנקיזר,PL,50 יח AIO טבליות פינ,גרמים,800.00,100 גרם,false,,34.10,4.2625,true,1,20630
5901414200411,false,ביסקוויט מיניס ממולא שוקולד היט 130 גר,בלזן פולסקה,PL,היט מיניס קרם קקאו 1,גרמים,130.00,100 גרם,false,,5.40,4.1538,true,1,41536
5902198160403,false,"משקה אנרגיה XL TEN פחית לל""ס 250מ""ל","טמפו משקאות בע""מ",IL,אקס אל משקה אנרגיה ט,מיליליטרים,250.00,"100 מ""ל",false,,3.90,1.5600,true,1,9287
5902768862683,true,עוגיות טוויט שוקולד,,,עוגיות טוויט שוקולד,גרמים,155.00,100 גרם,false,,5.10,3.2903,true,1,49421
5902768865677,true,עוגיות שוקולד צ'יפס,,,עוגיות שוקולד צ'יפס,גרמים,150.00,100 גרם,false,,5.10,3.4000,true,1,49423
5904941751302,false,"משקה אנרגיה בלו 250 מ""ל- בודד",אקו - ביט,PL,בלו משקה אנרגיה 250,מיליליטרים,250.00,"100 מ""ל",false,,3.90,1.5600,true,1,1814
5904941751715,false,"משקה אנרגיה בלו קרנברי 250 מ""ל -בודד",אקו - ביט,PL,בלו משקה אנרגיה קרנב,מיליליטרים,250.00,"100 מ""ל",false,,3.90,1.5600,true,1,1816
5904941751920,false,בלו משקה אנרגיה דיי חצי מכמות הקלו250 מל,אקו - ביט,PL,בלו משקה אנרגיה דיי,מיליליטרים,250.00,"100 מ""ל",false,,3.90,1.5600,true,1,1819
5906485301012,false,"משקה אנרגיה XL פחית 250 מ""ל","טמפו משקאות בע""מ",IL,אקס אל משקה אנרגיה 2,מיליליטרים,250.00,"100 מ""ל",false,,3.90,1.5600,true,1,9288
5998623530644,false,פינו גריג'יו רוזה חצ,אדלמה,HU,פינו גריג'יו רוזה חצ,מיליליטרים,750.00,"100 מ""ל",false,,34.20,4.5600,true,1,245948
6008165271192,false,פאל מאל אדום ארוך האוס חפיסה,אמריקן גרדן,,פאל מאל אדום ארוך,יחידה,0.00,יחידה,false,,29.00,0.0000,false,1,4170
6102017501939,false,מצית לגז ארוך קבוע,,,מצת מהודר,יחידה,0.00,יחידה,false,,9.90,0.0000,true,1,30833
6910191800287,false,אצות נורי בלו 10 דף (ננגטונג),ננטונג היידה אקווטוק,CN,אצות נורי לסושי מזרח,גרמים,25.00,100 גרם,false,,10.20,40.8000,true,1,47103
6912977000140,false,אטריות שעועית 250 גר' ( Yantai)ללא גלוטן,יאנטאי ינסידה לנוגקא,CN,אטריות שעועית ללא גל,גרמים,250.00,100 גרם,false,,7.70,3.0800,true,1,47104
6920072208378,false,מתקן כביסה כחול מבריק,,,מתקן לייבוש כביסה,יחידה,0.00,יחידה,false,,102.50,0.0000,true,1,323211
6920220650028,false,חנוכיית פח זהב /כסף,,,חנוכיה פח זהב/כסף,יחידה,0.00,יחידה,false,,4.20,0.0000,true,1,319135
6922077801028,false,פותחן מהודר,,,פותחן מהודר,יחידה,0.00,יחידה,false,,49.90,0.0000,true,1,11852
6936745600462,false,רוטב מירין לתיבול מז,דאנינג יוה פודס קו,CN,רוטב מירין לתיבול מז,מיליליטרים,500.00,"100 מ""ל",false,,17.10,3.4200,true,1,47107
6937266703366,false,שיק היידרו מכשיר פאו,ENERGIZER SINGAPORE,,שיק היידרו 5 מכשיר פ,יחידה,0.00,יחידה,false,,49.50,0.0000,true,1,21170
6951097101030,false,מאג לונדון 375,,,מאג לונדון,יחידה,0.00,יחידה,false,,5.10,0.0000,true,1,27769
6951097101078,false,כוס זכוכית BLINKMAX,,,מאג לאטה 240,יחידה,0.00,יחידה,false,,4.20,0.0000,true,1,157893
6951097101139,false,מאג קליר ניו בלינק 3,,,מאג קליר ניו בלינק 3,יחידה,0.00,יחידה,false,,5.10,0.0000,true,1,27772
6987965789239,false,דף יצירה צהוב עם מדב,,,דף יצירה צהוב עם מדב,יחידה,0.00,יחידה,false,,1.30,0.0000,true,1,319551
6989198335078,false,"שיפודים 15 ס""מ 100 י",,,"שיפודים 15 ס""מ 100 י",יחידה,0.00,יחידה,false,,7.70,0.0000,true,1,288591
7046110075562,false,משחת שיניים גורדן לשיניים קבועות 6-12,,SE,מש.שיניים לשיניים קב,מיליליטרים,50.00,"100 מ""ל",false,,10.20,20.4000,true,1,5727
7262626058466,false,טייץ שחור מודפס,,,טייץ שחור מודפס,יחידה,0.00,יחידה,false,,25.60,0.0000,true,1,30960
7262626088173,false,גרבי אנגורה נשים,,,גרבי אנגורה נשים,יחידה,0.00,יחידה,false,,8.50,0.0000,true,1,111923
7262626088180,false,טייץ טרמי שחור,,,טייץ טרמי שחור,יחידה,0.00,יחידה,false,,25.60,0.0000,true,1,97093
7262626088197,false,טייץ טרמי צבעוני,,,טייץ טרמי צבעוני,יחידה,0.00,יחידה,false,,25.60,0.0000,true,1,96723
7290000000311,false,קרואסון ביס בטעמים ח,,,קרואסון ביס בטעמים ח,קילוגרמים,1.00,"ק""ג",true,,38.90,38.9000,true,1,2403
7290000000465,false,לחמניה שמינייה,,,לחמניה שמינייה,יח',1.00,יח',false,,3.40,3.4000,true,1,2414
7290000000626,false,ברוקולי ארוז במגשית,,,ברוקולי ארוז במגשית,יח',1.00,יח',false,,9.90,9.9000,true,1,210003
7290000001005,false,לחם איטלקי,,,לחם איטלקי,יח',1.00,יח',false,,6.80,6.8000,true,1,2424
7290000001056,false,לחם אחיד 750 גרם,,,לחם אחיד 750 גרם,גרמים,750.00,100 גרם,false,,4.19,0.5587,true,1,4456
7290000001104,false,פטריות חורש מיני ארוז 200 ג',מרינה פטריות,IL,פטריות חורש ארוז,יח',1.00,יח',false,,9.90,9.9000,true,1,44329
7290000001109,false,פטיט פאן דגנים,,,פטיט פאן דגנים,יח',1.00,יח',false,,1.20,1.2000,true,1,284758
7290000001110,false,לחמניה עגולה לבנה,,,לחמניה עגולה לבנה,יח',1.00,יח',false,,2.60,2.6000,true,1,2441
7290000001193,false,בונז'ור בייבי חליות,,,בונז'ור בייבי חליות,גרמים,70.00,100 גרם,false,,2.06,2.9429,true,1,33732
7290000001223,true,לחמניה שמיניית מתוקה,,,לחמניה שמיניית מתוקה,יח',1.00,יח',false,,2.50,2.5000,true,1,2588
7290000001524,true,בצל ירוק כשר,,,בצל ירוק כשר,יח',1.00,יח',false,,5.90,5.9000,true,1,47267
7290000001579,true,סלרי אמריקאי כשר,,,סלרי אמריקאי כשר,יח',1.00,יח',false,,6.90,6.9000,true,1,47268
7290000002021,false,רוגלך פרווה,,,רוגלך פרווה,קילוגרמים,1.00,"ק""ג",true,,38.90,38.9000,true,1,2455
7290000002022,false,פרווה ביס שוקולד/מאפ,,,פרווה ביס שוקולד/מאפ,קילוגרמים,1.00,"ק""ג",true,,35.90,35.9000,true,1,2456
7290000002057,false,בורקיטס בולגרי בטעמי,,,בורקיטס בולגרי בטעמי,קילוגרמים,1.00,"ק""ג",true,,35.90,35.9000,true,1,2457
7290000002247,false,חלומי גד 24% במשקל,,,חלומי גד 24% במשקל,קילוגרמים,1.00,"ק""ג",true,,89.00,89.0000,true,1,14312
7290000002858,false,פטה עזים גד 5% במשקל,,,פטה עזים גד 5% במשקל,קילוגרמים,1.00,"ק""ג",true,,109.00,109.0000,true,1,14315
7290000002872,false,צפתית במים גד 5% במש,,,צפתית במים גד 5% במש,קילוגרמים,1.00,"ק""ג",true,,58.00,58.0000,true,1,14316
7290000002889,false,גבינות שמנת שום שמיר,,,גבינות שמנת שום שמיר,קילוגרמים,1.00,"ק""ג",true,,43.00,43.0000,true,1,14317
7290000002964,false,פטה כבשים גד 16% במ,,,פטה כבשים גד 16% במ,קילוגרמים,1.00,"ק""ג",true,,97.00,97.0000,true,1,14324
7290000003196,false,פילו מלוח טעמים מיוח,,,פילו מלוח טעמים מיוח,קילוגרמים,1.00,"ק""ג",true,,34.20,34.2000,true,1,2465
7290000003285,false,פטינה מחלבת ארלה 21%,,,פטינה מחלבת ארלה 21%,קילוגרמים,1.00,"ק""ג",true,,24.80,24.8000,true,1,22957
7290000003286,false,בלוז דנאבלו מחלבת אר,,,בלוז דנאבלו מחלבת אר,קילוגרמים,1.00,"ק""ג",true,,55.60,55.6000,true,1,22958
7290000004006,false,קאשקבל משולשים גד 26,,,קאשקבל משולשים גד 26,קילוגרמים,1.00,"ק""ג",true,,118.00,118.0000,true,1,14325
7290000004444,false,שקיות גופיה 20 מקרו,,,שקיות גופיה 20 מקרו,יחידה,0.00,יחידה,false,,0.09,0.0000,true,1,280007
7290000004655,false,מוצרלה מעושנת גד 22%,,,מוצרלה מעושנת גד 22%,קילוגרמים,1.00,"ק""ג",true,,74.00,74.0000,true,1,14329
7290000004754,false,מוצרלה כדור קטן גד 1,,,מוצרלה כדור קטן גד 1,קילוגרמים,1.00,"ק""ג",true,,87.00,87.0000,true,1,14331
7290000004792,false,בולגרית מעודנת גד 5%,,,בולגרית מעודנת גד 5%,קילוגרמים,1.00,"ק""ג",true,,51.00,51.0000,true,1,14332
7290000004815,false,מוצרלה גד 22% במשקל,,,מוצרלה גד 22% במשקל,קילוגרמים,1.00,"ק""ג",true,,75.00,75.0000,true,1,14333
7290000004891,false,בולגרית מסורתית גד 1,,,בולגרית מסורתית גד 1,קילוגרמים,1.00,"ק""ג",true,,51.00,51.0000,true,1,14334
7290000004969,false,גבינות שמנת טבעי גד,,,גבינות שמנת טבעי גד,קילוגרמים,1.00,"ק""ג",true,,43.00,43.0000,true,1,14339
7290000004976,false,גבינות שמנת זיתים גד,,,גבינות שמנת זיתים גד,קילוגרמים,1.00,"ק""ג",true,,43.00,43.0000,true,1,14340
7290000004983,false,לאבנה גד 5% במשקל,,,לאבנה גד 5% במשקל,קילוגרמים,1.00,"ק""ג",true,,39.30,39.3000,true,1,14341
7290000004990,false,כדור גדול מוצרלה גד,,,כדור גדול מוצרלה גד,קילוגרמים,1.00,"ק""ג",true,,87.00,87.0000,true,1,14342
7290000005455,false,בולגרית מעודנת מהדרי,,,בולגרית מעודנת מהדרי,קילוגרמים,1.00,"ק""ג",true,,55.00,55.0000,true,1,14348
7290000009352,false,בשר טחון פרימיום טרי,,,בשר טחון פרימיום טרי,קילוגרמים,1.00,"ק""ג",true,,42.70,42.7000,true,1,291969
7290000009353,false,בשר טחון פרימיום חלק,,,בשר טחון פרימיום חלק,קילוגרמים,1.00,"ק""ג",true,,42.70,42.7000,true,1,292243
7290000009358,false,כתף בקר טרי,,,כתף בקר טרי,קילוגרמים,1.00,"ק""ג",true,,55.50,55.5000,true,1,292207
7290000009359,false,כתף חלק טרי,,,כתף חלק טרי,קילוגרמים,1.00,"ק""ג",true,,55.50,55.5000,true,1,292258
7290000009362,false,צלי כתף טרי,,,צלי כתף טרי,קילוגרמים,1.00,"ק""ג",true,,76.90,76.9000,true,1,292341
7290000009366,false,פילה מדומה טרי,,,פילה מדומה טרי,קילוגרמים,1.00,"ק""ג",true,,64.10,64.1000,true,1,292225
7290000009370,false,שריר טרי,,,שריר טרי,קילוגרמים,1.00,"ק""ג",true,,51.20,51.2000,true,1,292472
7290000009374,false,אנטריקוט טרי,,,אנטריקוט טרי,קילוגרמים,1.00,"ק""ג",true,,111.10,111.1000,true,1,292755
7290000009378,false,אנטריקוט פרימיום חלק,,,אנטריקוט פרימיום חלק,קילוגרמים,1.00,"ק""ג",true,,136.70,136.7000,true,1,292825
7290000009389,false,אסאדו טרי,,,אסאדו טרי,קילוגרמים,1.00,"ק""ג",true,,59.80,59.8000,true,1,292858
7290000009395,false,אסאדו ע.ע. טרי,,,אסאדו ע.ע. טרי,קילוגרמים,1.00,"ק""ג",true,,59.80,59.8000,true,1,292913
7290000009396,false,אסאדו ע.ע חלק טרי,,,אסאדו ע.ע חלק טרי,קילוגרמים,1.00,"ק""ג",true,,59.90,59.9000,true,1,292931
7290000009397,false,אוסובוקו טרי,,,אוסובוקו טרי,קילוגרמים,1.00,"ק""ג",true,,55.50,55.5000,true,1,292607
7290000009399,false,סינטה טרי,,,סינטה טרי,קילוגרמים,1.00,"ק""ג",true,,111.10,111.1000,true,1,292962
7290000009406,false,סינטה חלק טרי,,,סינטה חלק טרי,קילוגרמים,1.00,"ק""ג",true,,111.10,111.1000,true,1,294770
7290000009416,false,שייטל בקר פרימיום חל,,,שייטל בקר פרימיום חל,קילוגרמים,1.00,"ק""ג",true,,100.80,100.8000,true,1,293563
7290000009421,false,עצמות בקר טרי,,,עצמות בקר טרי,קילוגרמים,1.00,"ק""ג",true,,34.20,34.2000,true,1,296046
7290000009454,false,אנטריקוט ע.ע פרימיום,,,אנטריקוט ע.ע פרימיום,קילוגרמים,1.00,"ק""ג",true,,111.10,111.1000,true,1,300853
7290000009455,false,צוואר בקר מחפוד טרי,,,צוואר בקר מחפוד טרי,קילוגרמים,1.00,"ק""ג",true,,59.80,59.8000,true,1,302375
7290000009456,false,צוואר עגל טרי,,,צוואר עגל טרי,קילוגרמים,1.00,"ק""ג",true,,47.00,47.0000,true,1,302062
7290000009457,false,חזה בקר חלק טרי,,,חזה בקר חלק טרי,קילוגרמים,1.00,"ק""ג",true,,47.00,47.0000,true,1,301908
7290000009461,false,חזה ע.ע טרי,,,חזה ע.ע טרי,קילוגרמים,1.00,"ק""ג",true,,42.70,42.7000,true,1,301816
7290000009462,false,צוואר ע.ע טרי,,,צוואר ע.ע טרי,קילוגרמים,1.00,"ק""ג",true,,42.70,42.7000,true,1,301832
7290000009464,false,אנטריקוט ע.ע טרי,,,אנטריקוט ע.ע טרי,קילוגרמים,1.00,"ק""ג",true,,81.20,81.2000,true,1,301877
7290000009469,false,קוביות לגולש טרי,,,קוביות לגולש טרי,קילוגרמים,1.00,"ק""ג",true,,76.90,76.9000,true,1,301954
7290000009480,false,עצמות מח חלק טרי,,,עצמות מח חלק טרי,קילוגרמים,1.00,"ק""ג",true,,21.30,21.3000,true,1,302441
7290000009483,false,כבד בקר מחפוד טרי,,,כבד בקר מחפוד טרי,קילוגרמים,1.00,"ק""ג",true,,28.20,28.2000,true,1,302668
7290000009485,false,לשון בקר מחפוד טרי,,,לשון בקר מחפוד טרי,קילוגרמים,1.00,"ק""ג",true,,59.80,59.8000,true,1,302727
7290000009487,false,בשר ראש בקר מחפוד טר,,,בשר ראש בקר מחפוד טר,קילוגרמים,1.00,"ק""ג",true,,47.00,47.0000,true,1,302758
7290000009506,false,ויסברטן בקר טרי,,,ויסברטן בקר טרי,קילוגרמים,1.00,"ק""ג",true,,68.30,68.3000,true,1,303051
7290000009509,false,אווזית בקר טרי,,,אווזית בקר טרי,קילוגרמים,1.00,"ק""ג",true,,68.30,68.3000,true,1,303068
7290000009514,false,צאך בקר מחפוד טרי,,,צאך בקר מחפוד טרי,קילוגרמים,1.00,"ק""ג",true,,76.90,76.9000,true,1,303115
7290000009515,false,אווזית בקר מחפוד טרי,,,אווזית בקר מחפוד טרי,קילוגרמים,1.00,"ק""ג",true,,76.90,76.9000,true,1,303116
7290000010030,false,5 יח' לחמניה לבנה ע,,,5 יח' לחמניה לבנה ע,יח',1.00,יח',false,,12.80,12.8000,true,1,53393
7290000010500,false,5 יח' לחמניות חיטה,,,5 יח' לחמניות חיטה,יח',1.00,יח',false,,13.40,13.4000,true,1,53395
7290000011040,false,5 יח' לחמניה קשר,,,5 יח' לחמניה קשר,יח',1.00,יח',false,,11.90,11.9000,true,1,2485
7290000011593,false,שזיף,,,שזיף,קילוגרמים,1.00,"ק""ג",true,,19.90,19.9000,true,1,50476
7290000013037,false,פסטרמה פרגיות על לבנ,,,פסט. פרגיות על לבנים,קילוגרמים,1.00,"ק""ג",true,,68.40,68.4000,true,1,38430
7290000014510,false,חסה עגולה,,,חסה עגולה,יח',1.00,יח',false,,6.90,6.9000,true,1,50477
7290000022085,false,גבינת פוקרינו מחלב כ,,,גבינת פוקרינו מחלב כ,קילוגרמים,1.00,"ק""ג",true,,110.30,110.3000,true,1,302344
7290000023083,false,ערק אשקלון 40% בקבוק,"יקבי ברקן בע""מ",IL,"ערק אשקלון 700 מ""ל כ",מיליליטרים,700.00,"100 מ""ל",false,,43.50,6.2143,true,1,9296
7290000023809,false,"יין ברקן קלאסיק קברנה סובניון 750מ""ל",יקבי ברקן שיווק והפצ,IL,קלאסיק קברנה סובניון,מיליליטרים,750.00,"100 מ""ל",false,,28.20,3.7600,true,1,9309
7290000023816,false,"יין ברקן קלאסיק אמרלד ריזלינג 750מ""ל",יקבי ברקן שיווק והפצ,IL,קלאסיק אמרלד ריזלינג,מיליליטרים,750.00,"100 מ""ל",false,,28.20,3.7600,true,1,9310
7290000023977,false,"יין ברקן קלאסיק מרלו 750 מ""ל",יקבי ברקן שיווק והפצ,IL,קלאסיק מרלו 750מל.,מיליליטרים,750.00,"100 מ""ל",false,,28.20,3.7600,true,1,9316
7290000024202,false,"יין ברקן רזרב קברנה סובניון 750 מ""ל",ברקן שיווק והפצה בעמ,IL,קברנה סוביניון רזרבד,מיליליטרים,750.00,"100 מ""ל",false,,36.80,4.9067,true,1,9319
7290000024240,false,יין רזרב שרדונה 750 מל שביעית,ביבקבי ברקן שיווק וה,IL,"שרדונה רזרבד 750 מ""ל",מיליליטרים,750.00,"100 מ""ל",false,,36.80,4.9067,true,1,9322
7290000024264,false,"יין ברקן רזרב מרלו 750 מ""ל",כרמי צבי - אחים סגל,IL,מרלו ריזרב,מיליליטרים,750.00,"100 מ""ל",false,,36.80,4.9067,true,1,9323
7290000024523,false,מיץ ענבים של סגל 1 ליטר,כרמי צבי - האחים סגל,IL,תירוש של סגל 1 ליטר,ליטרים,1.00,ליטר,false,,12.00,12.0000,true,1,9327
7290000024905,false,וודקה קגלביץ קלאסיקה,"יקבי ברקן בע""מ",IL,קגלביץ קלאסיקה 700 מ,מיליליטרים,700.00,"100 מ""ל",false,,43.50,6.2143,true,1,9333
7290000024912,false,וודקה קגלביץ לימון 7,"יקבי ברקן בע""מ",IL,"קגלביץ לימון 700 מ""ל",מיליליטרים,700.00,"100 מ""ל",false,,30.70,4.3857,true,1,9334
7290000025786,false,דניס נקי טרי,,,דניס נקי טרי,קילוגרמים,1.00,"ק""ג",true,,59.80,59.8000,true,1,47455
7290000025861,false,פורל נקי טרי,,,פורל נקי טרי,קילוגרמים,1.00,"ק""ג",true,,68.30,68.3000,true,1,47456
7290000026650,false,צפתית פיראוס 5% במשק,,,צפתית פיראוס 5% במשק,קילוגרמים,1.00,"ק""ג",true,,49.60,49.6000,true,1,25377
7290000026806,false,קרפיון נקי טרי,,,קרפיון נקי טרי,קילוגרמים,1.00,"ק""ג",true,,29.90,29.9000,true,1,47457
7290000026813,false,אמנון טרי נקי,,,אמנון טרי נקי,קילוגרמים,1.00,"ק""ג",true,,31.60,31.6000,true,1,47458
7290000026891,false,אמור נקי,,,אמור נקי,קילוגרמים,1.00,"ק""ג",true,,29.90,29.9000,true,1,47461
7290000026892,false,בס נקי,,,בס נקי,קילוגרמים,1.00,"ק""ג",true,,38.40,38.4000,true,1,47462
7290000026893,false,פלפלית בלימון חריף,,,ברמונדי נקי,קילוגרמים,1.00,"ק""ג",true,,42.70,42.7000,true,1,47463
7290000027742,false,לברק נקי טרי,,,לברק נקי טרי,קילוגרמים,1.00,"ק""ג",true,,59.80,59.8000,true,1,47470
7290000027995,false,פילה סלמון טרי,,,פילה סלמון טרי,קילוגרמים,1.00,"ק""ג",true,,85.40,85.4000,true,1,47478
7290000030030,false,5 יח' לחמניה המבורג,,,5 יח' לחמניה המבורג,יח',1.00,יח',false,,19.90,19.9000,true,1,2489
7290000035324,false,בולגרית חלב נוכרי פי,,,בולגרית חלב נוכרי פי,קילוגרמים,1.00,"ק""ג",true,,35.00,35.0000,true,1,25378
7290000040042,false,יוגורט תות %3 גביע 150 ג' יופלה,תנובה בעמ,IL,יופלה תות שובב 3% 15,מיליליטרים,150.00,"100 מ""ל",false,,4.40,2.9333,true,1,25464
7290000040066,false,יוגורט דובדבן 3% שומן 150 ג' יופלה,תנובה מרכז שיתופי לש,IL,יופלה דובדבן פראי 3%,מיליליטרים,150.00,"100 מ""ל",false,,4.40,2.9333,true,1,25465
7290000040080,false,יוגורט אפרסק 3% שומן 150 ג' יופלה,תנובה בעמ,IL,יופלה אפרסק מאוהב 3%,מיליליטרים,150.00,"100 מ""ל",false,,4.40,2.9333,true,1,25466
7290000040301,false,"גבינת קולאז קממבר עין גדי 24%, 125 ג'",תנובה מרכז שיתופי לש,IL,תנובה גבינת קממבר עי,גרמים,125.00,100 גרם,false,,14.50,11.6000,true,1,25467
7290000040318,false,גבינת ברי 24% קולאז עדי תנובה 125 ג',תנובה מרכז שיתופי לש,IL,תנובה גבינת ברי 24%,גרמים,125.00,100 גרם,false,,15.30,12.2400,true,1,25468
7290000040462,false,גבינת טוסטי עמק אמריקאי אדם 23% 200 ג',תנובה מרכז שיתופי לש,IL,טוסטי טעם אדם 22% 20,גרמים,200.00,100 גרם,false,,14.40,7.2000,true,1,25470
7290000040974,false,חלב תנובה קרטון דל לקטוז 2% 1ל,תנובה מרכז שיתופי לש,IL,חלב תנובה קרטון דל ל,ליטרים,1.00,ליטר,false,,6.10,6.1000,true,1,25471
7290000041858,false,"שמנת חמוצה 15% יטבתה 200 מ""ל מהדרין",שטראוס גרופ,IL,יטבתה שמנת חמוצה 15%,מיליליטרים,200.00,"100 מ""ל",false,,2.30,1.1500,true,1,22994
7290000041865,false,"לבן 4.5% יטבתה מהדרין 200מ""ל",שטראוס גרופ,IL,יטבתה לבן 4.5% 200מל,מיליליטרים,200.00,"100 מ""ל",false,,2.10,1.0500,true,1,22995
7290000042015,false,חלב טרי 3% תנובה שקית 1ל' מהדרין,תנובה מרכז שיתופי לש,IL,חלב תנובה טרי שקית,יחידה,0.00,יחידה,false,,4.64,0.0000,true,1,25476
7290000042411,false,יטבתה חלב קרטון 3% 1,,,יטבתה חלב קרטון 3% 1,ליטרים,1.00,ליטר,false,,5.32,5.3200,true,1,22998
7290000042435,false,חלב דל שומן בקרטון+פקק 1 ליטר 1%,תנובה מרכז שיתופי לש,IL,חלב תנובה בקרטון 1%,ליטרים,1.00,ליטר,false,,5.01,5.0100,true,1,25482
7290000042503,false,"חלב עמיד קרטון 3% 1 ליטר בד""צ תנובה",תנובה מרכז שיתופי לש,IL,חלב תנובה עמיד 3% קר,ליטרים,1.00,ליטר,false,,5.90,5.9000,true,1,25485
7290000042640,false,"חלב תנובה עמיד 3% קרטון 250 מ""ל",תנובה מרכז שיתופי לש,IL,חלב תנובה עמיד 3% מה,מיליליטרים,250.00,"100 מ""ל",false,,2.50,1.0000,true,1,25487
7290000042855,false,יוטבתה שוקו שקית 225מל,שטראוס גרופ,IL,יטבתה שוקו שקית 225,מיליליטרים,225.00,"100 מ""ל",false,,2.50,1.1111,true,1,22999
7290000043012,false,"שוקו עמיד 2% בקרטון 250 מ""ל תנובה",תנובה מרכז שיתופי לש,IL,שוק שוקו עמיד 2% בקר,מיליליטרים,250.00,"100 מ""ל",false,,4.20,1.6800,true,1,25489
7290000043814,false,"שמנת מתוקה להקצפה 38% 250 מ""ל תנובה",תנובה מרכז שיתופי לש,IL,שף לבן שמנת לקצפת עמ,מיליליטרים,250.00,"100 מ""ל",false,,5.53,2.2120,true,1,25492
7290000043890,false,רוויון קרטון 1 ליטר %1.5,תנובה מרכז שיתופי לש,IL,ריויון 1.5% 1ל,ליטרים,1.00,ליטר,false,,10.20,10.2000,true,1,25493
7290000043944,false,כד יוגורט תנובה 4% שומן 1.5 ליטר,מיוצר עי קונדיטוריית,IL,יוגורט כדים תנובה 1.,ליטרים,1.50,ליטר,false,,14.80,9.8667,true,1,25494
7290000044712,false,יוגורט עם תות 1.5% שומן 500 ג' פרילי,מיוצר עי קונדיטוריית,IL,פרילי תות 1.5% 500מל,מיליליטרים,500.00,"100 מ""ל",false,,9.30,1.8600,true,1,25498
7290000044880,false,באדי יוגורט תות 3% שומן 500 ג' תנובה,מיוצר עי קונדיטוריית,IL,באדי תות 3% 500מל,מיליליטרים,500.00,"100 מ""ל",false,,8.10,1.6200,true,1,25500
7290000045573,false,גבינת מותכת משולשים 25% שומן 200 ג' נעמה,תנובה,IL,נעמה גבינת מותכת 25%,גרמים,200.00,100 גרם,false,,12.70,6.3500,true,1,25502
7290000045580,false,"גבינת מותכת נעמה חורש 25%, 240 ג'",תנובה מרכז שיתופי לש,IL,נעמה גבינת מותכת 25%,גרמים,240.00,100 גרם,false,,15.30,6.3750,true,1,25503
7290000045917,false,תנובה גבינת פרומעז 23% גלילית 200ג,תנובה,IL,תנובה גבינת פרומעז 2,גרמים,200.00,100 גרם,false,,21.30,10.6500,true,1,25505
7290000046020,false,"גבינה גלבוע בלוק ק""ג",תנובה מרכז שיתופי לש,IL,גלבוע 22% במשקל,קילוגרמים,1.00,"ק""ג",true,,36.39,36.3900,true,1,25384
7290000046327,false,"גבינת גלבוע פרוס 22%, 200 ג' תנובה",תנובה מרכז שיתופי לש,IL,גלבוע גבינה פרוסה 22,גרמים,200.00,100 גרם,false,,10.80,5.4000,true,1,25506
7290000046549,false,מוצרלה חריץ תנובה במ,תנובה מרכז שיתופי לש,IL,מוצרלה חריץ תנובה במ,קילוגרמים,1.00,"ק""ג",true,,64.20,64.2000,true,1,25389
7290000046563,false,גבע פרמזן תנובה במשק,תנובה מרכז שיתופי לש,IL,גבע פרמזן תנובה במשק,קילוגרמים,1.00,"ק""ג",true,,93.20,93.2000,true,1,25391
7290000046662,false,סקנדינבית חריץ מעדני,תנובה מרכז שיתופי לש,IL,סקנדינבית חריץ מעדני,קילוגרמים,1.00,"ק""ג",true,,65.00,65.0000,true,1,25392
7290000047027,false,גבינה גלעד קצקאבל27%,תנובה מרכז שיתופי לש,IL,קשקבל גלעד במשקל,קילוגרמים,1.00,"ק""ג",true,,102.60,102.6000,true,1,25393
7290000047034,false,"גבינה רוקפור גליל ק""",תנובה מרכז שיתופי לש,IL,רוקפור גליל במשקל,קילוגרמים,1.00,"ק""ג",true,,102.60,102.6000,true,1,25394
7290000047485,false,בולגרית פיראוס 24% ב,תנובה מרכז שיתופי לש,IL,בולגרית פיראוס 24% ב,קילוגרמים,1.00,"ק""ג",true,,50.00,50.0000,true,1,25396
7290000047546,false,כנען גבינה לבנה 5% 500 גרם ללא מלח,תנובה מרכז שיתופי לש,IL,שף לבן כנען 5% 500ג,גרמים,500.00,100 גרם,false,,21.50,4.3000,true,1,25507
7290000047730,false,סלמון פילה מעושן מצו,,,סלמון פילה מעושן מצו,קילוגרמים,1.00,"ק""ג",true,,161.50,161.5000,true,1,16261
7290000048185,false,גבינה לבנה 5% שומן 250 ג' תנובה,מיוצר עי קונדיטוריית,IL,גבינה לבנה רכה 5% תנ,גרמים,250.00,100 גרם,false,,4.26,1.7040,true,1,25510
7290000048192,false,גבינה לבנה 9% שומן 250 ג' תנובה,מחלבת אלון תבור,IL,גבינה לבנה רכה 9% בד,גרמים,250.00,100 גרם,false,,4.30,1.7200,true,1,25511
7290000048207,false,פילה הרינג בסגנון מט,,,פילה הרינג בסגנון מט,קילוגרמים,1.00,"ק""ג",true,,59.90,59.9000,true,1,17384
7290000048306,false,מקרל מעושן שלם שמיר,,,מקרל מעושן שלם שמיר,קילוגרמים,1.00,"ק""ג",true,,83.80,83.8000,true,1,17390
7290000048437,false,גבינה צפתית 5% 200 ג' פיראוס,פארייפאבה אגרואינדוס,IL,פיראוס צפתית 5% 200,גרמים,200.00,100 גרם,false,,12.70,6.3500,true,1,25514
7290000050284,false,מאפה פילו גבינה,,,מאפה פילו גבינה,קילוגרמים,1.00,"ק""ג",true,,35.90,35.9000,true,1,2490
7290000050447,false,יוגורט תות 500 ג' יופלה,מיוצר עי קונדיטוריית,IL,יופלהYYY תות 3% 500מ,מיליליטרים,500.00,"100 מ""ל",false,,11.10,2.2200,true,1,25521
7290000050454,false,יוגורט אפרסק 500 ג' יופלה,מיוצר עי קונדיטוריית,IL,יופלהYYY אפרסק 3% 50,מיליליטרים,500.00,"100 מ""ל",false,,11.10,2.2200,true,1,25522
7290000051710,false,לאבנה 9% עם שמן זית וזעתר 263 ג' פיראוס,"תנובה, מחלבת אלון תב",IL,פיראוס לאבנה עם שמן,גרמים,263.00,100 גרם,false,,11.90,4.5247,true,1,25531
7290000052311,false,עמק פרוס בקופסא 200 גר 15% שומן,תנובה מרכז שיתופי לש,IL,עמק מהדרין 15% 200 ג,גרמים,200.00,100 גרם,false,,14.40,7.2000,true,1,25536
7290000052649,false,גבינת לאבנה 5% שומן 500 ג' פיראוס,תנובה מרכז שיתופי לש,IL,פיראוס לאבנה 5% 500ג,גרמים,500.00,100 גרם,false,,17.00,3.4000,true,1,25538
7290000052946,false,"יופלה לבן מעודן מאגדת שמינייה בד""צ",תנובה מרכז שיתופי לש,IL,יופלה בדץ מעודן 8*15,ליטרים,1.20,ליטר,false,,18.40,15.3333,true,1,25541
7290000053219,false,חריץ טל העמק 32% שומ,תנובה מרכז שיתופי לש,IL,טל העמק 32% במשקל,קילוגרמים,1.00,"ק""ג",true,,52.00,52.0000,true,1,25399
7290000053981,false,"מאגדת יופלה תות+אפרסק בד""צ 150X4 גרם",תנובה מרכז שיתופי לש,IL,מאגדת יופלה תות ואפר,קילוגרמים,1.20,"ק""ג",false,,22.20,18.5000,true,1,25544
7290000055329,false,משקה יוגורט יופלה בטעם תות-מלון 250 גר,תנובה מרכז שיתופי לש,IL,יופלה משקה יוגורט תו,מיליליטרים,250.00,"100 מ""ל",false,,4.70,1.8800,true,1,25552
7290000055336,false,משקה יוגורט יופלה בטעם בננה אפרסק 250 גר,תנובה מרכז שיתופי לש,IL,יופלה משקה יוגורט בנ,מיליליטרים,250.00,"100 מ""ל",false,,4.70,1.8800,true,1,25553
7290000055343,false,משקה יוגורט יופלה בטעם טרופי 250 גר,תנובה מרכז שיתופי לש,IL,יופלה משקה יוגורט טר,מיליליטרים,250.00,"100 מ""ל",false,,4.70,1.8800,true,1,25554
7290000055350,false,גבינה צהובה חריץ עמק 28% במשקל,תנובה מרכז שיתופי לש,IL,עמק קלאסית 28% במשקל,קילוגרמים,1.00,"ק""ג",true,,38.28,38.2800,true,1,25401
7290000056081,false,מאגדת פרילי טבע 6 יח' * 200 ג',מיוצר עי קונדיטוריית,IL,"פרילי טבע 6*200 מ""ל",קילוגרמים,1.20,"ק""ג",false,,19.60,16.3333,true,1,25562
7290000056784,false,פטה כבשים פיראוס 5%,תנובה מרכז שיתופי לש,,פטה כבשים פיראוס 5%,קילוגרמים,1.00,"ק""ג",true,,93.20,93.2000,true,1,25404
7290000056845,false,חלב טרי 3% הומוגני קרטון 1.5 ל' תנובה,פארייפאבה אגרואינדוס,IL,חלב תנובה בקרטון 3%,ליטרים,1.50,ליטר,false,,7.98,5.3200,true,1,25568
7290000056883,false,יופלה מאגדת פרי 3% 8 יח' * 150 ג',תנובה מרכז שיתופי לש,IL,יופלה טעמים משתנים 3,קילוגרמים,1.20,"ק""ג",false,,27.30,22.7500,true,1,25569
7290000056890,false,דיאט יופלה שמינייה טעמים שונים,מיוצר עי קונדיטוריית,IL,יופלה דיאט טעמים שונ,קילוגרמים,1.20,"ק""ג",false,,27.30,22.7500,true,1,25570
7290000056951,false,שמנת לבישול 15% 500 מל עמיד השף הלבן,תנובה מרכז שיתופי לש,IL,שף לבן שמנת לבישול +,מיליליטרים,500.00,"100 מ""ל",false,,14.20,2.8400,true,1,25573
7290000057088,false,עמק פרוס דק דק 200 גרם 28%,תנובה מרכז שיתופי לש,IL,עמק דק דק 28% 200גר,גרמים,200.00,100 גרם,false,,14.40,7.2000,true,1,25576
7290000057118,false,עמק סמי מעדנייה כשרות מהדרין,תנובה מרכז שיתופי לש,IL,עמק סמי 28% 400 גר,גרמים,400.00,100 גרם,false,,18.70,4.6750,true,1,25577
7290000057132,false,יוגורט תנובה טבעי 1.5% גביע 200 גרם,מחלבת אלון תבור,IL,תנובה יוגורט טבעי 1.,מיליליטרים,200.00,"100 מ""ל",false,,3.00,1.5000,true,1,25578
7290000057149,false,יוגורט תנובה טבעי 3% גביע 200 גרם,מיוצר עי קונדיטוריית,IL,תנובה יוגורט טבעי 3%,גרמים,200.00,100 גרם,false,,3.00,1.5000,true,1,25579
7290000058030,false,"יופלה שטוזים משקה יוגורט תות 8 יח' * 100 מ""ל",מיוצר עי קונדיטוריית,IL,יופלה שטוזים משקה יו,מיליליטרים,800.00,"100 מ""ל",false,,18.70,2.3375,true,1,25584
7290000058047,false,**שף לבן שמנת מתוקה מהדרין 38% פקק 500מ,תנובה מרכז שיתופי לש,IL,שף לבן שמנת מתוקה מה,מיליליטרים,500.00,"100 מ""ל",false,,11.06,2.2120,true,1,25585
7290000060088,false,בייגלה אסם מקלות מלוחים 400 גרם,מיוצר עי קונדיטוריית,IL,בייגלה אסם מקלות מלו,גרמים,400.00,100 גרם,false,,8.50,2.1250,true,1,18181
7290000060163,false,פסטה אסם אטריות דקות 400גר,"אסם השקעות בע""מ",IL,אטריות דקות אסם 400,גרמים,400.00,100 גרם,false,,5.90,1.4750,true,1,18184
7290000060200,false,פסטה אסם פתיתים אפויים קוסקוס 500גר,"אסם השקעות בע""מ",IL,פתיתים אפויים קוסקוס,גרמים,500.00,100 גרם,false,,5.90,1.1800,true,1,18185
7290000060217,false,פסטה אסם מקרוני 7 500 גר,פסטה זארה,IT,פסטה מקרוני אסם 500,גרמים,500.00,100 גרם,false,,5.00,1.0000,true,1,18186
7290000060248,false,פסטה אסם פתיתים תלתלים 500 גר',פסטה זארה,IT,פסטה תלתלים אסם 500,גרמים,500.00,100 גרם,false,,5.00,1.0000,true,1,18187
7290000060316,false,פסטה פרפקטו ספגטי 500ג' אסם,פסטה זארה,IT,פסטה ספגטי פרפקטו 50,גרמים,500.00,100 גרם,false,,5.90,1.1800,true,1,18189
7290000060330,false,פרפקטו פרפקטו ספיראלי גירף 500 גר,פסטה זארה,IL,פסטה ספירלי פרפקטו 5,גרמים,500.00,100 גרם,false,,5.90,1.1800,true,1,18191
7290000060408,false,פסטה אסם פתיתים אפויים טבעות 500 גר,"אסם השקעות בע""מ",IL,פתיתים אפויים טבעות,גרמים,500.00,100 גרם,false,,5.90,1.1800,true,1,18193
7290000060415,false,פסטה פרפקטו לזאניה אסם 500ג',פסטה לנסי,IL,לזאניה פרפקטו 500 ג,גרמים,500.00,100 גרם,false,,11.10,2.2200,true,1,18194
7290000060576,false,פסטה אסם פתיתים אפוי כוכב 500גר,"אסם השקעות בע""מ",IL,פתיתים אפויים כוכבים,גרמים,500.00,100 גרם,false,,5.90,1.1800,true,1,18200
7290000060781,false,פסטה אסם פתיתים מסולסלים 500גר,פסטה זארה,IT,פסטה מסולסלים אסם 50,גרמים,500.00,100 גרם,false,,5.00,1.0000,true,1,18201
7290000060811,false,טילון אקסטרים ענק מטבע שוקולד 120 ג',תות תעשיות מזון (201,IL,אקסטרים מטבע ענק,גרמים,500.00,100 גרם,false,,8.50,1.7000,true,1,15841
7290000060842,false,פסטה אסם פתיתים צדפים גדולים 500גר,פסטה זארה,IT,פסטה צדפים גדולים אס,גרמים,500.00,100 גרם,false,,5.00,1.0000,true,1,18203
7290000060880,false,פסטה מס' 8 ספגטי אסם 500ג',פסטה זארה,IT,ספגטי אסם 500 גרם,גרמים,500.00,100 גרם,false,,5.00,1.0000,true,1,18206
7290000060903,false,פסטה אסם פתיתים אפויים אורז 500גר,"אסם השקעות בע""מ",IL,פתיתים אפויים אורז א,גרמים,500.00,100 גרם,false,,5.90,1.1800,true,1,18207
7290000060958,false,פסטה אסם אטריות בינוניות 400 גרם,"אסם השקעות בע""מ",IL,אטריות בינוניות אסם,גרמים,400.00,100 גרם,false,,5.90,1.4750,true,1,18209
7290000060965,false,פסטה אסם אטריות רחבות 400גר,"אסם השקעות בע""מ",IL,אטריות רחבות אסם 400,גרמים,400.00,100 גרם,false,,5.90,1.4750,true,1,18210
7290000061061,false,קרקר בצל אסם 250 גרם,"אסם השקעות בע""מ",IL,אסם קרקר בצל 250גרם,גרמים,250.00,100 גרם,false,,8.50,3.4000,true,1,18212
7290000061085,false,"רוטב צילי מתוק 290 מ""ל-בקבוק","אסם השקעות בע""מ",IL,אסם רוטב צ'ילי מתוק,מיליליטרים,290.00,"100 מ""ל",false,,8.10,2.7931,true,1,18213
7290000061108,false,"רוטב טריאקי 290 מ""ל-בקבוק","אסם השקעות בע""מ",IL,רוטב טריאקי אסם 290,מיליליטרים,290.00,"100 מ""ל",false,,8.10,2.7931,true,1,18214
7290000061214,false,פתיתים אפויים קוסקוס עם בצל אסם 500 גר',"אסם השקעות בע""מ",IL,פתיתים קוסקוס בצל אס,גרמים,500.00,100 גרם,false,,5.90,1.1800,true,1,18215
7290000061764,false,נסקפה רד מאג טעם חדש 200ג',נסטלה ספרד קפה,ES,נס קפה רד מאג טעם חד,גרמים,200.00,100 גרם,false,,17.10,8.5500,true,1,18219
7290000062952,false,אוסם - מיני קרוטונים למרק ולסלט 250 גרם,עינת תעשיות מזון אגו,IL,מיני קרוטונים למרק ו,גרמים,250.00,100 גרם,false,,11.90,4.7600,true,1,18225
7290000063102,false,קמח עוגה אסם תופח מאליו 350ג',"אסם השקעות בע""מ",IL,קמח תופח קטן אסם 350,גרמים,350.00,100 גרם,false,,4.20,1.2000,true,1,18228
7290000063133,false,אסם שקדי מרק רכיבים טבעיים 24*100גרם,"אסם השקעות בע""מ",IL,שקדי מרק רכיבים טבעי,גרמים,100.00,100 גרם,false,,5.00,5.0000,true,1,18229
7290000063140,false,שקדי מרק רכיבים טבעיים בשקית 400 ג' אסם,"אסם השקעות בע""מ",IL,שקדי מרק רכיבים טבעי,גרמים,400.00,100 גרם,false,,9.30,2.3250,true,1,18230
7290000063157,false,"קמח עוגה תופח מאליו 1 ק""ג","אסם השקעות בע""מ",IL,קמח עוגה תופח מאליו,קילוגרמים,1.00,"ק""ג",false,,6.80,6.8000,true,1,18231
7290000064871,false,"אוסם - מנה חמה פירה תפו""א עם בצל 56 גרם","אסם השקעות בע""מ",IL,"מנה חמה פירה תפו""א ו",גרמים,56.00,100 גרם,false,,5.05,9.0179,true,1,18242
7290000065090,false,מיני קרוטונים למרק ולסלט 400 ג' אסם,עינת תעשיות מזון אגו,IL,מיני קרוטונים למרק ו,גרמים,400.00,100 גרם,false,,17.90,4.4750,true,1,18243
7290000065557,false,אוסם - מנה חמה קוסקוס עם ירקות 84 גרם,"אסם תעשיות מזון בע""מ",IL,מנה חמה קוסקוס וירקו,גרמים,84.00,100 גרם,false,,5.05,6.0119,true,1,18247
7290000065977,false,חטיפי פריכונים תירס שומשום 80 ג' אוסם,"מיוצר ע""י פרח, משווק",IL,חטיפי פריכונים תירס,גרמים,80.00,100 גרם,false,,6.80,8.5000,true,1,18253
7290000066141,false,ביסלי בטעם גריל 70 גרם,"אסם השקעות בע""מ",IL,ביסלי גריל 70 גר'.,גרמים,70.00,100 גרם,false,,3.40,4.8571,true,1,18255
7290000066172,false,ביסלי בטעם פיצה 70 גרם,"אסם השקעות בע""מ",IL,ביסלי פיצה 70גרם,גרמים,70.00,100 גרם,false,,3.40,4.8571,true,1,18258
7290000066196,false,ביסלי גדול בטעם גריל 200 ג' אסם,מיוצר עי קונדיטוריית,IL,ביסלי גריל 200גרם,גרמים,200.00,100 גרם,false,,5.90,2.9500,true,1,18260
7290000066226,false,ביסלי בטעם פיצה 200 ג' אסם,מיוצר עי קונדיטוריית,IL,ביסלי טעם פיצה 200גר,גרמים,200.00,100 גרם,false,,5.90,2.9500,true,1,18263
7290000066295,false,אסם במבה תות מחומרים טבעיים 30גר,מיוצר עי קונדיטוריית,IL,במבה מתוקה מחומרים ט,גרמים,30.00,100 גרם,false,,2.50,8.3333,true,1,18265
7290000066318,false,במבה קלאסי 40*80גרם,"אסם השקעות בע""מ",IL,במבה קלאסי 80 גרם,גרמים,80.00,100 גרם,false,,3.80,4.7500,true,1,18267
7290000066332,false,אפרופו חטיף אסם 50ג',מיוצר עי קונדיטוריית,IL,אפרופו 50 גרם,גרמים,50.00,100 גרם,false,,4.30,8.6000,true,1,18268
7290000066349,false,אפרופו גדול אסם 100ג',מיוצר עי קונדיטוריית,IL,אפרופו 100גרם,גרמים,100.00,100 גרם,false,,7.60,7.6000,true,1,18269
7290000066431,false,פופקו חטיף תירס בטעם חמאה ודבש 80 גרם,מיוצר עי קונדיטוריית,IL,פופקו חמאה ודבש 80גר,גרמים,80.00,100 גרם,false,,4.20,5.2500,true,1,18270
7290000067407,false,פרורית מתובלת בשקית 200 גרם,עינת תעשיות מזון אגו,IL,פירורית מתובל שקית 2,גרמים,200.00,100 גרם,false,,5.60,2.8000,true,1,18277
7290000067544,false,פירורית זהב שקית 200גר,עינת תעשיות מזון אגו,IL,אסם פירורית פירורי ל,גרמים,200.00,100 גרם,false,,5.60,2.8000,true,1,18279
7290000067599,false,אוסם - מנה חמה ספגטי רוטב בולנז 65 גרם,"אסם השקעות בע""מ",IL,מנה חמה ספגטי בולונז,גרמים,65.00,100 גרם,false,,5.05,7.7692,true,1,18283
7290000068138,false,אסם פודינג אינסטנט וניל 80 גרם,מיוצר עי קונדיטוריית,IL,אסם פודינג אינסטנט ו,גרמים,80.00,100 גרם,false,,4.70,5.8750,true,1,18289
7290000068332,false,גד קממבר בקר משולשים,,,קממבר בקר משולש גד 2,קילוגרמים,1.00,"ק""ג",true,,107.00,107.0000,true,1,14362
7290000068343,false,אוסם - פירכונים מאורז מלא 140 גרם,"מיוצר ע""י PT, משווק",IL,פריכונים מאורז מלא א,גרמים,140.00,100 גרם,false,,5.90,4.2143,true,1,18299
7290000068394,false,קממבר בקר גלגל גד 25,,,קממבר בקר גלגל גד 25,קילוגרמים,1.00,"ק""ג",true,,89.00,89.0000,true,1,14366
7290000068701,false,שקדי מרק רכיבים טבעיים 400 גרם-מיכל,"אסם השקעות בע""מ",IL,שקדי מרק במיכל אסם 4,גרמים,400.00,100 גרם,false,,13.60,3.4000,true,1,18300
7290000068787,false,במבה יום הולדת 25 גרם,מיוצר עי קונדיטוריית,IL,במבה יום הולדת 25גרם,גרמים,25.00,100 גרם,false,,2.10,8.4000,true,1,18302
7290000069258,false,פסטה פרפקטו פנה ריגאטה 500ג' אסם,פסטה זארה,IT,פנה ריגאטה פרפקטו 50,גרמים,500.00,100 גרם,false,,5.90,1.1800,true,1,18306
7290000069364,false,פריכונים עגולים אורז דל נתרן אסם 140 גרם,"מיוצר ע""י PT, משווק",IL,פריכונים מאורז מלא ל,גרמים,140.00,100 גרם,false,,5.90,4.2143,true,1,18307
7290000070308,false,אבקת מרק עוף אמיתי במיכל 400 גרם,"אסם השקעות בע""מ",IL,מרק עוף אמיתי אסם 40,גרמים,400.00,100 גרם,false,,14.40,3.6000,true,1,18317
7290000070322,false,אבקת מרק פטריות רכיבים טבעיים אוסם 400 ג',"אסם השקעות בע""מ",IL,אבקת מרק פטריות רכיב,גרמים,400.00,100 גרם,false,,17.00,4.2500,true,1,18318
7290000070919,false,בייגלה אסם רשתות מלח 400 גרם,מיוצר עי קונדיטוריית,IL,בייגלה אסם רשתות מלח,גרמים,400.00,100 גרם,false,,10.20,2.5500,true,1,18327
7290000071008,false,אוסם - בייגלה שטוחים מלח 60 גרם,"אסם השקעות בע""מ",IL,בייגלה אסם שטוחים מל,גרמים,60.00,100 גרם,false,,3.00,5.0000,true,1,18328
7290000072241,false,"רוטב פיצה 290 מ""ל-בקבוק","אסם השקעות בע""מ",IL,אסם רוטב פיצה 290מל,מיליליטרים,290.00,"100 מ""ל",false,,8.10,2.7931,true,1,18333
7290000072623,false,קטשופ אסם בקבוק לחיץ 750 גרם,"אסם השקעות בע""מ",IL,אסם קטשופ בקבוק לחיץ,גרמים,750.00,100 גרם,false,,9.30,1.2400,true,1,18335
7290000072630,false,קטשופ אסם חריף 750 גרם-בקבוק,"אסם השקעות בע""מ",IL,אסם קטשופ חריף 750 ג,גרמים,750.00,100 גרם,false,,9.30,1.2400,true,1,18336
7290000072753,false,קפה טייסטר צ'ויס קפה מגורען 200ג',נסטלה קוריאה - קפה,IL,נס קפה טייסטרס צ'ויס,גרמים,200.00,100 גרם,false,,25.60,12.8000,true,1,18338
7290000072760,false,נסקפה טייסטרס צויס 100 גר אוריגנל,נסטלה,KR,טייסטרס צ'וייס 100גר,גרמים,100.00,100 גרם,false,,23.80,23.8000,true,1,18339
7290000072777,false,קפה טייסטר צ'ויס מגור' נ.קפאין 200ג',לוטה נסטלה קוריאה,IL,טייסטרס צוייס נטול ק,גרמים,200.00,100 גרם,false,,31.50,15.7500,true,1,18340
7290000072968,false,דגנים סיני מיניס מלחמת הכוכבים 500 גרם,נסטלה פולין דגני בוק,PL,סיני מיניס דגני נסטל,גרמים,500.00,100 גרם,false,,21.30,4.2600,true,1,18346
7290000073415,false,אוסם - מנה חמה פסטה ברוטב פיצה 61 גרם,"אסם השקעות בע""מ",IL,מנה חמה פסטה ברוטב פ,גרמים,61.00,100 גרם,false,,5.05,8.2787,true,1,18348
7290000073774,false,מנה חמה נודלס אטר+ירקות טעם צילי 70 גרם,טאי רזידנט,TH,מנה חמה נודלס בטעם פ,גרמים,70.00,100 גרם,false,,5.00,7.1429,true,1,18352
7290000074153,false,ביסקוויט פתיבר שוקו,מיוצר עי קונדיטוריית,IL,אסם פתי בר שוקו 500ג,גרמים,500.00,100 גרם,false,,11.90,2.3800,true,1,18356
7290000074184,false,אוסם - פתי בר בינוני 500 גרם,"אסם השקעות בע""מ",IL,אסם פתי בר 500גרם.,גרמים,500.00,100 גרם,false,,9.30,1.8600,true,1,18358
7290000074245,false,אוסם - קרם קרקר אסם 250 גרם,"אסם השקעות בע""מ",IL,אסם קרם קרקר 250גרם,גרמים,250.00,100 גרם,false,,7.60,3.0400,true,1,18359
7290000074252,false,קרקר אסם שומשום 250 גרם,"אסם השקעות בע""מ",IL,אסם קרקר שומשום 250ג,גרמים,250.00,100 גרם,false,,8.50,3.4000,true,1,18360
7290000074276,false,קרקר פיקנטי טבעון 250 ג' אסם,"אסם השקעות בע""מ",IL,טבעון קרקר פיקנטי 25,גרמים,250.00,100 גרם,false,,8.50,3.4000,true,1,18361
7290000074375,false,אוסם - קרקר זהב 150 גרם,"אסם השקעות בע""מ",IL,אסם קרקר זהב 150גרם,גרמים,150.00,100 גרם,false,,6.40,4.2667,true,1,18364
7290000074481,false,לחמית אגוזים אסם 160 ג',"אסם השקעות בע""מ",IL,לחמית אגוזים 160גרם,גרמים,160.00,100 גרם,false,,8.50,5.3125,true,1,18366
7290000074696,false,אסם קרם קרקר 4*1קג ח,"אסם השקעות בע""מ",IL,אסם קרם קרקר 1קג,קילוגרמים,1.00,"ק""ג",false,,19.60,19.6000,true,1,18368
7290000075204,false,אוסם - לחמית חיטה מלאה 250 גרם,"אסם השקעות בע""מ",IL,לחמית חיטה מלאה 250ג,גרמים,250.00,100 גרם,false,,7.60,3.0400,true,1,18376
7290000075693,false,עוגת הבית שמרים בריוש שוקולד 360ג',מיוצר עי קונדיטוריית,IL,עוגת שמרים בריוש שוק,גרמים,360.00,100 גרם,false,,13.60,3.7778,true,1,18377
7290000076126,false,אוסם - בייגלה שמיניות קטנות 80 גרם,"אסם השקעות בע""מ",IL,אסם בייגלה שמיניות ק,גרמים,80.00,100 גרם,false,,3.00,3.7500,true,1,18378
7290000076133,false,בייגלה שמיניות קטנות 400 גרם אסם,"אסם השקעות בע""מ",IL,בייגלה אסם שמיניות ק,גרמים,400.00,100 גרם,false,,8.50,2.1250,true,1,18379
7290000076208,false,ברי פקאן משולש גד במ,,,ברי פקאן משולש גד במ,קילוגרמים,1.00,"ק""ג",true,,127.00,127.0000,true,1,14372
7290000076645,false,אוסם - טוסטעים חיטה מלאה 100 גרם,ון דר מולן האלום,NL,טוסטעים חיטה מלאה אס,גרמים,100.00,100 גרם,false,,8.50,8.5000,true,1,18381
7290000077017,false,עוגיות קרמוגית וקרם שוקולד אסם 200 גרם,מיוצר עי קונדיטוריית,IL,אסם קרמוגית במילוי ש,גרמים,200.00,100 גרם,false,,9.00,4.5000,true,1,18383
7290000077253,false,אוסם - לחמית כפרית עם דגנים מלאים 190 גרם,"אסם השקעות בע""מ",IL,לחמית כפרית 190גרם,גרמים,190.00,100 גרם,false,,8.50,4.4737,true,1,18384
7290000078762,false,אוסם - חטיפי פריכונים מאורז מלא בטעם דבש 80גר,סנורייס בלגיום אן. ו,BE,חטיפי פריכונים אורז,גרמים,80.00,100 גרם,false,,6.80,8.5000,true,1,18389
7290000079344,false,מוצרלה נועם רכיבים ט,,,גבינת מוצרלה נעם 22%,קילוגרמים,1.00,"ק""ג",true,,68.40,68.4000,true,1,6288
7290000079412,false,אמנטל נעם מהדרין במש,,,אמנטל נעם מהדרין במש,קילוגרמים,1.00,"ק""ג",true,,52.00,52.0000,true,1,6289
7290000080758,false,אוסם - טוסטעים פת קלוי 100 גרם,ון דר מולן האלום,NL,טוסטעים פת קלוי אסם,גרמים,100.00,100 גרם,false,,8.50,8.5000,true,1,18392
7290000081663,false,בייגלה אסם טבעות שומשום 300 גרם,מיוצר עי קונדיטוריית,IL,בייגלה אסם טבעות שומ,גרמים,300.00,100 גרם,false,,8.50,2.8333,true,1,18395
7290000082421,false,הבולגריה מעדניה וילי,,,הבולגריה מעדניה וילי,קילוגרמים,1.00,"ק""ג",true,,29.10,29.1000,true,1,2760
7290000085066,false,גד בולגרית קוביות 5%,,,בולגרית קוביות 5%גד,קילוגרמים,1.00,"ק""ג",true,,55.00,55.0000,true,1,14374
7290000085196,false,רוקפור גליל גד מע,,,רוקפור גליל גד מע,קילוגרמים,1.00,"ק""ג",true,,115.00,115.0000,true,1,14377
7290000089045,false,כפיר הולנדית 22%,,,הולנדי במשקל,קילוגרמים,1.00,"ק""ג",true,,35.90,35.9000,true,1,18008
7290000089199,false,כפיר צהובה חריפה 22%,,,חריפה במשקל,קילוגרמים,1.00,"ק""ג",true,,35.90,35.9000,true,1,18010
7290000089272,false,איקרה שמיר מע.,,,איקרה שמיר מע.,קילוגרמים,1.00,"ק""ג",true,,41.90,41.9000,true,1,17400
7290000089274,false,נקניק מעושן מעדנייה,,,נקניק מעושן מעדנייה,קילוגרמים,1.00,"ק""ג",true,,35.90,35.9000,true,1,18012
7290000089364,false,מקרל מעושן פרוס בשמן,,,מקרל מעושן פרוס בשמן,קילוגרמים,1.00,"ק""ג",true,,110.30,110.3000,true,1,17402
7290000089388,false,מעדן הרינג בסגנון מט,,,מעדן הרינג בסגנון מט,קילוגרמים,1.00,"ק""ג",true,,59.90,59.9000,true,1,17404
7290000089395,false,הרינג כבוש עם בצל,,,הרינג כבוש עם בצל,קילוגרמים,1.00,"ק""ג",true,,59.90,59.9000,true,1,17405
7290000095408,false,נעם 28% חריץ מעדניה,,,נעם 28% חריץ מעדניה,קילוגרמים,1.00,"ק""ג",true,,38.28,38.2800,true,1,6293
7290000095422,false,גבינת נועם 22% חריץ,,,גבינת נועם 22% חריץ,קילוגרמים,1.00,"ק""ג",true,,36.39,36.3900,true,1,6295
7290000100018,false,גביניות,,,גביניות,קילוגרמים,1.00,"ק""ג",true,,35.90,35.9000,true,1,2494
7290000100081,false,לחמניה קשר/קלועה,,,לחמניה קשר/קלועה,יח',1.00,יח',false,,2.50,2.5000,true,1,33758
7290000100128,false,פירות קפואים תות סנפרוסט 300 ג',"סנפרוסט בע""מ",IL,סדרת פירות קפואים-תו,גרמים,300.00,100 גרם,false,,11.10,3.7000,true,1,25196
7290000100135,false,פירות קפואים סנפרוסט דובדבן 300 גר,"סנפרוסט בע""מ",IL,סדרת פירות קפואים-דו,גרמים,300.00,100 גרם,false,,11.10,3.7000,true,1,25197
7290000100142,false,סמודיז צהוב סנפרוסט 300 גר,"סנפרוסט בע""מ",IL,תערובת של אננס מנגו,גרמים,300.00,100 גרם,false,,11.10,3.7000,true,1,25198
7290000100160,false,נילס קוקיס שוקו,,,נילס קוקיס שוקו,קילוגרמים,1.00,"ק""ג",true,,44.50,44.5000,true,1,2501
7290000100300,false,לחם מחמצת טוסקני כפר,,,לחם מחמצת טוסקני כפר,גרמים,530.00,100 גרם,false,,14.50,2.7358,true,1,53243
7290000100301,false,לחם מחמצת טוסקני לבן,,,לחם מחמצת טוסקני לבן,גרמים,530.00,100 גרם,false,,14.50,2.7358,true,1,53364
7290000100593,false,פרוסות אנטיפסטי לתנור סנפורסט 600 ג',"סנפרוסט בע""מ",IL,פרוסות אנטיפסטי לתנו,גרמים,600.00,100 גרם,false,,17.00,2.8333,true,1,25212
7290000100609,false,קוביות אנטי פסטי להקפצה סנפורסט 600 ג',"סנפרוסט בע""מ",IL,קוביות אנטיפסטי להקפ,גרמים,600.00,100 גרם,false,,17.00,2.8333,true,1,25213
7290000100615,false,5 יח' חליות לחמניו,,,5 יח' חליות לחמניו,יח',1.00,יח',false,,10.20,10.2000,true,1,2507
7290000101132,false,לקט קטניות לחמין סנפרוסט 800 גר,"סנפרוסט בע""מ",IL,לקט קטניות לחמין 800,גרמים,800.00,100 גרם,false,,15.30,1.9125,true,1,25218
7290000101927,false,אוכמניות כחולות מוקפאות סנפרוסט 300 גרם,"איי, בי, אינבוו",IL,אוכמניות כחולות מוקפ,גרמים,300.00,100 גרם,false,,11.10,3.7000,true,1,25220
7290000101934,false,מיקס פירות יער מוקפאות 300 ג' סנפרוסט,"סנפרוסט בע""מ",IL,מיקס פירות יער 300 ג,גרמים,300.00,100 גרם,false,,11.10,3.7000,true,1,25221
7290000103365,false,מרק ירקות 550 ג' סנפרוסט,"איי, בי, אינבוו",IL,סנפרוסט מרק ירקות 50,גרמים,500.00,100 גרם,false,,14.50,2.9000,true,1,25227
7290000103433,false,לקט ירקות סנפרוסט לתנור 800 גר,"איי, בי, אינבוו",IL,לקט ירקות לתנור 800,גרמים,800.00,100 גרם,false,,18.70,2.3375,true,1,25232
7290000103457,false,מיני כרובית סנפרוסט 600 גר,"סנפרוסט בע""מ",IL,מיני כרובית 600 גרם,גרמים,600.00,100 גרם,false,,9.40,1.5667,true,1,25234
7290000103471,false,מיני ברוקולי סנפרוסט 600 גר',"סנפרוסט בע""מ",IL,סנפרוסט מיני ברוקולי,גרמים,600.00,100 גרם,false,,12.80,2.1333,true,1,25235
7290000103839,false,מרק כתום קפוא 570 ג' סנפרוסט,"סנפרוסט בע""מ",IL,סנפרוסט מרק כתום קפו,גרמים,572.00,100 גרם,false,,14.50,2.5350,true,1,25257
7290000103846,false,מרק אפונה 570 ג' סנפרוסט,"סנפרוסט בע""מ",IL,סנפרוסט מרק אפונה קפ,גרמים,570.00,100 גרם,false,,14.70,2.5789,true,1,25258
7290000103860,false,מרק עדשים קפוא 570 ג' סנפרוסט,"איי, בי, אינבוו",IL,סנפרוסט מרק עדשים קפ,גרמים,572.00,100 גרם,false,,14.80,2.5874,true,1,25259
7290000103877,false,מרק שעועית קפוא 640 ג' סנפרוסט,"סנפרוסט בע""מ",IL,סנפרוסט מרק שעועית ק,גרמים,644.00,100 גרם,false,,14.50,2.2516,true,1,25260
7290000104072,false,עדשים ירוקות מבושלות מוקפאות 800 ג' סנפרוסט,"איי, בי, אינבוו",IL,סנפרוסט עדשים ירוקות,גרמים,800.00,100 גרם,false,,15.30,1.9125,true,1,25263
7290000104188,false,שעועית אדומה מבושלת סנפרוסט 800 גרם,"סנפרוסט בע""מ",IL,סנפרוסט שעועית אדומה,גרמים,800.00,100 גרם,false,,13.60,1.7000,true,1,25264
7290000104201,false,אפונה עדינה סנפרוסט 600 גרם,"איי, בי, אינבוו",IL,אפונה עדינה סנפרוסט,גרמים,600.00,100 גרם,false,,14.40,2.4000,true,1,25265
7290000104218,false,סנפרוסט במיה 600 גרם,"איי, בי, אינבוו",IL,סנפרוסט במיה 600גר,גרמים,600.00,100 גרם,false,,13.60,2.2667,true,1,25266
7290000104676,false,אפונה קפואה סנפרוסט 800 גרם,"איי, בי, אינבוו",IL,אפונת גינה סנפרוסט 8,גרמים,800.00,100 גרם,false,,12.80,1.6000,true,1,25269
7290000104683,false,שעועית ירוקה שלמה 800 גר סנפרוסט,"סנפרוסט בע""מ",IL,שעועית שלמה סנפרוסט,גרמים,800.00,100 גרם,false,,17.10,2.1375,true,1,25270
7290000104690,false,תירס גרעינים 800 גרם סנפרוסט,"איי, בי, אינבוו",IL,תירס גרעינים 800גר,גרמים,800.00,100 גרם,false,,14.50,1.8125,true,1,25271
7290000104706,false,גזר גמדי 800 גרם סנפרוסט,"סנפרוסט בע""מ",IL,גזר גמדי 800 גרם,גרמים,800.00,100 גרם,false,,12.80,1.6000,true,1,25272
7290000104713,false,פול ירוק 800 גר סנפרוסט,"איי, בי, אינבוו",IL,פול ירוק 800גר,גרמים,800.00,100 גרם,false,,17.90,2.2375,true,1,25273
7290000104737,false,שעועית צהובה חתוכה סנפרוסט 800גר,"סנפרוסט בע""מ",IL,שעועית צהובה חתוכה ס,גרמים,800.00,100 גרם,false,,14.50,1.8125,true,1,25275
7290000104744,false,כרובית 800 גר סנפרוסט,"סנפרוסט בע""מ",IL,כרובית 800גר,גרמים,800.00,100 גרם,false,,20.40,2.5500,true,1,25276
7290000104751,false,כרוב ניצנים סנפרוסט 800 גרם,"איי, בי, אינבוו",IL,כרוב ניצנים 800גר,גרמים,800.00,100 גרם,false,,17.00,2.1250,true,1,25277
7290000104775,false,מדליוני תרד 800 גר סנפרוסט,"איי, בי, אינבוו",IL,תרד מדליונים 800גר,גרמים,800.00,100 גרם,false,,18.70,2.3375,true,1,25279
7290000104805,false,גרגירי חומוס קפוא 800 ג' סנפרוסט,"איי, בי, אינבוו",IL,גרגירי חומוס קפוא 80,גרמים,800.00,100 גרם,false,,12.80,1.6000,true,1,25281
7290000104829,false,"קלחוני תירס 1 ק""ג סנפרוסט","סנפרוסט בע""מ",IL,"קלחוני תירס 1 ק""ג",קילוגרמים,1.00,"ק""ג",false,,16.70,16.7000,true,1,25282
7290000104836,false,שעועית עדינה שלמה 600 גר סנפרוסט,"סנפרוסט בע""מ",IL,שעועית עדינה שלמה סנ,גרמים,600.00,100 גרם,false,,18.70,3.1167,true,1,25283
7290000104874,false,ירקות לקוסקוס של אמא סנפרוסט 800ג',"סנפרוסט בע""מ",IL,לקט קוסקוס 800גר,גרמים,800.00,100 גרם,false,,18.70,2.3375,true,1,25285
7290000104881,false,אפונה וגזר קפוא סנפרוסט 800ג',"איי, בי, אינבוו",IL,אפונה וגזר 800 גרם ס,גרמים,800.00,100 גרם,false,,12.70,1.5875,true,1,25286
7290000105800,false,רגל בקר פרוס ארוז קפ,,,רגל בקר פרוס ארוז קפ,קילוגרמים,1.00,"ק""ג",true,,27.30,27.3000,true,1,46403
7290000106526,false,ירקות מעורבים מוקפאים חגיגה ירוקה להקפצה,"איי, בי, אינבוו",IL,סנפרוסט חגיגה ירוקה,גרמים,800.00,100 גרם,false,,17.00,2.1250,true,1,25293
7290000107165,false,פולי סויה אדממה סנפרוסט 400 ג',"איי, בי, אינבוו",IL,פולי סויה אדממה קפוא,גרמים,400.00,100 גרם,false,,11.80,2.9500,true,1,25295
7290000107189,false,תחתיות ארטישוק 400 גרם סנפרוסט,"איי, בי, אינבוו",IL,תחתיות ארטישוק 400גר,גרמים,400.00,100 גרם,false,,17.00,4.2500,true,1,25296
7290000107295,false,תפרחות ברוקולי סנפרוסט 800 ג',"איי, בי, אינבוו",IL,תפרחות ברוקולי 800ג,גרמים,800.00,100 גרם,false,,21.30,2.6625,true,1,25297
7290000107316,false,טבורוג 5% צוריאלמעדנ,,,טבורוג 5% צוריאלמעדנ,קילוגרמים,1.00,"ק""ג",true,,34.20,34.2000,true,1,6301
7290000112220,false,בארכה טחינה 100% שומשום 500 גרם,רושדי תעשיות מזון בע,IL,בארכה טחינה 100% שומ,גרמים,500.00,100 גרם,false,,11.90,2.3800,true,1,18396
7290000112237,false,בארכה טחינה 100% שומשום 6*1000גרם,רושדי תעשיות מזון בע,IL,בארכה טחינה 100% שומ,קילוגרמים,1.00,"ק""ג",false,,19.60,19.6000,true,1,18397
7290000112497,false,מרק עשיר עוף אטריות קנור 75 גרם - שקיות,יוניליוור ישראל מזון,IL,מרק עשיר עוף עם אטרי,גרמים,68.00,100 גרם,false,,8.50,12.5000,true,1,10099
7290000118352,false,תלמה לטקס לביבות תפו,יוניליוור ישראל מזון,IL,קנור לטקס 2*85 גרם,גרמים,170.00,100 גרם,false,,11.90,7.0000,true,1,10129
7290000121017,false,גבינה מותכת 7% שומרון 120 גרם,נטו,IL,מון בלאן שומרון 7% 1,גרמים,120.00,100 גרם,false,,10.20,8.5000,true,1,16545
7290000121023,false,פסט.שלפעם יחיעם מעד.,,,פסט.שלפעם יחיעם מעד.,קילוגרמים,1.00,"ק""ג",true,,64.20,64.2000,true,1,15242
7290000121079,false,גבינה מון בלאן 9% שום שמיר 120ג',שלושת האופים,IL,מון בלאן שמיר 7% 120,גרמים,120.00,100 גרם,false,,10.20,8.5000,true,1,16548
7290000121093,false,גבינה מון בלאן שוצרית 120 גרם,האי נאם סי או אל.טי.,IL,מון בלאן שויצרית 7%,גרמים,120.00,100 גרם,false,,10.20,8.5000,true,1,16549
7290000121109,false,"גבינת מון בלאן זיתים, 120 ג'",האי נאם סי או אל.טי.,IL,מון בלאן זיתים 7% 12,גרמים,120.00,100 גרם,false,,10.20,8.5000,true,1,16550
7290000121147,false,גבינה מון בלאן לייט 7% פיקנטי 120ג',"שלושת האופים בע""מ",IL,מון בלאן פיקנטי 7% 1,גרמים,120.00,100 גרם,false,,10.20,8.5000,true,1,16551
7290000123363,false,צמקאו לאכילה ציפוי ואפייה 500 גרם,אתר צפת ממרחים וצימא,IL,צמקאו לאכילה ציפוי ו,גרמים,500.00,100 גרם,false,,9.00,1.8000,true,1,10150
7290000125251,false,בדין שמפו לכביסה עדינה 2 ליטר,"זוהר דליה, קיבוץ דלי",IL,בדין שמפו לכביסה עדי,ליטרים,2.00,ליטר,false,,20.40,10.2000,true,1,10153
7290000128401,false,פטה כבש 24% פיראוס,,,פטה כבש 24% פיראוס,קילוגרמים,1.00,"ק""ג",true,,93.20,93.2000,true,1,25413
7290000134147,false,טעם וריח מוסקט טחון מיכל 40גר,"תבליני טעם וריח בע""מ",IL,טעם וריח מוסקט טחון,גרמים,40.00,100 גרם,false,,11.10,27.7500,true,1,41928
7290000134314,false,תבלין תיבול לפיצה 120 ג',"תבליני טעם וריח בע""מ",IL,תערובת תיבול לפיצה ט,גרמים,120.00,100 גרם,false,,9.00,7.5000,true,1,41930
7290000134338,false,תבלין אבקת שום טעם ו,"תבליני טעם וריח בע""מ",IL,תבלין אבקת שום טעם ו,גרמים,90.00,100 גרם,false,,10.20,11.3333,true,1,41931
7290000134352,false,תבלין קינמון טחון 90 גר',"תבליני טעם וריח בע""מ",IL,טעם וריח קימנון טחון,גרמים,80.00,100 גרם,false,,9.00,11.2500,true,1,41932
7290000134376,false,תבלין פפריקה בשמן 90 גר',"תבליני טעם וריח בע""מ",IL,טעם וריח פפריקה בשמן,גרמים,90.00,100 גרם,false,,9.00,10.0000,true,1,41933
7290000134550,false,טעם וריח עלי דפנה שק,"תבליני טעם וריח בע""מ",IL,טעם וריח עלי דפנה שק,גרמים,20.00,100 גרם,false,,4.10,20.5000,true,1,41937
7290000134680,false,תבלין קמיל שלם טעם ו,תות ממתקי איכות,IL,תבלין קמיל שלם טעם ו,גרמים,40.00,100 גרם,false,,6.00,15.0000,true,1,41940
7290000134833,false,תבלין כמון טחון 100 גר',"תבליני טעם וריח בע""מ",IL,טעם וריח ת.כמון במיכ,גרמים,100.00,100 גרם,false,,9.00,9.0000,true,1,41944
7290000134840,false,תבלין כורכום טחון 100 גר',"תבליני טעם וריח בע""מ",IL,טעם וריח ת.כורכום במ,גרמים,100.00,100 גרם,false,,9.00,9.0000,true,1,41945
7290000134857,false,תבלין פפריקה מתוקה 100 גר',"תבליני טעם וריח בע""מ",IL,טעם וריח ת.פפריקה מת,גרמים,100.00,100 גרם,false,,9.00,9.0000,true,1,41946
7290000134871,false,תבלין פלפל שחור טחון 100 גר',"תבליני טעם וריח בע""מ",IL,טעם וריח ת. פלפל שחו,גרמים,100.00,100 גרם,false,,13.90,13.9000,true,1,41948
7290000134970,false,תבלין חוואייג טעם ור,"תבליני טעם וריח בע""מ",IL,תבלין חוואייג טעם ור,גרמים,100.00,100 גרם,false,,9.00,9.0000,true,1,41949
7290000134987,false,תבלין פלפל שחור גרוס 90 גר',"תבליני טעם וריח בע""מ",IL,טעם וריח פלפל שחור ג,גרמים,90.00,100 גרם,false,,13.90,15.4444,true,1,41950
7290000135045,false,"XL TEN משקה אנרגיה פתוח ללא סוכר 250 מ""ל","טמפו משקאות בע""מ",IL,אקס אל TEN פחית תפוח,מיליליטרים,250.00,"100 מ""ל",false,,3.90,1.5600,true,1,9351
7290000135052,false,"XL TEN משקה אנרגיה מנגו ללא סוכר 250 מ""ל","טמפו משקאות בע""מ",IL,אקס אל TEN פחית מנגו,מיליליטרים,250.00,"100 מ""ל",false,,3.90,1.5600,true,1,9352
7290000135168,false,"פפסי מקס ליים פחית צרה מארז שישייה 330 מ""ל",אלפא S.A,AL,שישיית פחיות פפסי מק,ליטרים,1.98,ליטר,false,,15.30,7.7273,true,1,113756
7290000135311,false,פפסי מקס ליים 1.5 ליטר בודד,"טמפו משקאות בע""מ",IL,פפסי מקס ליים 1.5 ל',ליטרים,1.50,ליטר,false,,6.80,4.5333,true,1,76103
7290000135595,false,פפסי מקס בטעם דובדבן 1.5 ליטר,"איי, בי, אינבוו",IL,פפסי מקס בטעם דובדבן,ליטרים,1.50,ליטר,false,,6.80,4.5333,true,1,139494
7290000135625,false,"רביעיית פחיות גולדסטאר 500 מ""ל",טמפו,IL,גולדסטאר פחיות 4*500,ליטרים,2.00,ליטר,false,,24.00,12.0000,true,1,155630
7290000136141,false,משקה בטעם קולה 1.5ל' פפסי,פפסי Pepsi,IL,פפסי קולה 1.5 ליטר,ליטרים,1.50,ליטר,false,,6.80,4.5333,true,1,197279
7290000136158,false,פפסי מקס 1.5 ליטר פיקדון,פפסי Pepsi,IL,פפסי מקס 1.5 ליטר,ליטרים,1.50,ליטר,false,,6.80,4.5333,true,1,197308
7290000136165,false,מירינדה בקבוק 1.5 לי,מירינדה Mirinda,IL,מירינדה 1.5 ליטר,ליטרים,1.50,ליטר,false,,6.80,4.5333,true,1,197232
7290000136172,false,סבן אפ בקבוק 1.5 ליט,סבן אפ 7up,IL,סבן אפ 1.5 ליטר,ליטרים,1.50,ליטר,false,,6.80,4.5333,true,1,197250
7290000136189,false,דיאט סבן אפ 1.5 ליטר FREE,סבן אפ 7up,IL,סבן אפ דיאט 1.5 ליטר,ליטרים,1.50,ליטר,false,,6.80,4.5333,true,1,197233
7290000136240,false,סודה 1.5 ליטר שישייה בודד,טמפו 7.5%,IL,טמפו סודה 1.5 ליטר,ליטרים,1.50,ליטר,false,,2.50,1.6667,true,1,197088
7290000136257,false,פאנק טוניק גזוז בטעם פירות,טמפו 7.5%,IL,טמפו פאנק טוניק 1.5,ליטרים,1.50,ליטר,false,,9.40,6.2667,true,1,197009
7290000136264,false,מי טוניק גזוז 1.5 ל' טמפו,טמפו 7.5%,IL,טמפו מי טוניק 1.5 ל,ליטרים,1.50,ליטר,false,,9.40,6.2667,true,1,196994
7290000136295,false,סירופ בטעם פטל סיידר הגליל JUICER,סיידר הגליל,IL,סיידר הגליל JUICER ס,מיליליטרים,330.00,"100 מ""ל",false,,11.40,3.4545,true,1,270894
7290000136301,false,סירופ בטעם ענבים סיידר הגליל JUICER,סיידר הגליל,IL,סיידר הגליל JUICER ס,מיליליטרים,330.00,"100 מ""ל",false,,11.40,3.4545,true,1,270895
7290000136455,false,משקה בטעם אשכוליות תריסר 1.5 ל' ג'אמפ,טמפו 7.5%,IL,ג`אמפ אשכול 1.5 ליטר,ליטרים,1.50,ליטר,false,,6.80,4.5333,true,1,197040
7290000136486,false,משקה בטעם אשכוליות דיאט תריסר 1.5 ל' ג'אמפ,טמפו 7.5%,IL,ג`אמפ דיאט אשכוליות,ליטרים,1.50,ליטר,false,,6.80,4.5333,true,1,197041
7290000136516,false,משקה בטעם מנגו פסיפלורה תריסר 1.5 ל' ג'אמפ,טמפו 7.5%,IL,ג`אמפ פסיפלורה 1.5 ל,ליטרים,1.50,ליטר,false,,6.80,4.5333,true,1,197025
7290000136523,false,משקה בטעם ענבים תריסר 1.5 ל' ג'אמפ,טמפו 7.5%,IL,ג`אמפ ענבים 1.5 ליטר,ליטרים,1.50,ליטר,false,,6.80,4.5333,true,1,197042
7290000136561,false,משקה בטעם תות בננה תריסר 1.5 ל' ג'אמפ,טמפו 7.5%,IL,ג`אמפ תות בננה 1.5 ל,ליטרים,1.50,ליטר,false,,6.80,4.5333,true,1,197043
7290000136585,false,משקה בטעם תפוזים תריסר 1.5 ל' ג'אמפ,טמפו 7.5%,IL,ג`אמפ תפוז 1.5 ליטר,ליטרים,1.50,ליטר,false,,6.80,4.5333,true,1,197044
7290000136653,false,משקה מאלט דיאט תריסר 1.5 ל' נשר,טמפו 7.5%,IL,נשר מאלט דיאט 1.5 לי,ליטרים,1.50,ליטר,false,,7.70,5.1333,true,1,196950
7290000136660,false,סודה רגיל 1.5 ליטר,טמפו,IL,טמפו סודה 1.5 ליטר,ליטרים,1.50,ליטר,false,,2.50,1.6667,true,1,197161
7290000136684,false,פפסי מקס פיקדון 1.5 ליטר,טמפו,IL,פפסי מקס 1.5 ליטר,ליטרים,1.50,ליטר,false,,6.80,4.5333,true,1,197323
7290000136752,false,סבן אפ דיאט מארז שישייה 1.5 ל' FREE,"טמפו משקאות בע""מ",IL,סבן אפ דיאט 6*1.5 לי,ליטרים,9.00,ליטר,false,,32.70,3.6333,true,1,197217
7290000136776,false,שישיית פפסי מקס דל קלוריות 1.5 ליטר,פפסי Pepsi,IL,פפסי מקס 6*1.5 ליטר,ליטרים,9.00,ליטר,false,,32.70,3.6333,true,1,197309
7290000136790,false,מארז סודה שישייה 1.5 ל' טמפו,טמפו 7.5%,IL,טמפו סודה 6*1.5 ליטר,ליטרים,9.00,ליטר,false,,15.40,1.7111,true,1,197072
7290000136837,false,גזוז בנגיעות טעם אפרסק - מארז רביעייה,טמפו 7.5%,IL,טמפו סודה אפרסק 1.5,ליטרים,6.00,ליטר,false,,10.00,1.6667,true,1,197203
7290000136844,false,מארז מים מזוככים אקווה נובה שישיית 2 ליטר,אקווה נובה Aqua Nova,IL,אקווה נובה 6*2 ליטר,ליטרים,12.00,ליטר,false,,10.40,0.8667,true,1,196978
7290000136851,false,סבן אפ פיקדון 1.5 ליטר,טמפו,IL,סבן אפ 1.5 ליטר,ליטרים,1.50,ליטר,false,,6.80,4.5333,true,1,197265
7290000136868,false,שישיית מים מינרלים סאן בנדטו,סאן בנדטו San Benedetto,IL,מים סאן בנדטו 6* 1.5,ליטרים,9.00,ליטר,false,,15.40,1.7111,true,1,196979
7290000136875,false,מארז מים מינרלים מוגז 6* 1.5 ל' סאן בנדטו,סאן בנדטו San Benedetto,IL,סאן בנדטו מים מינרלי,ליטרים,9.00,ליטר,false,,15.60,1.7333,true,1,197058
7290000136912,false,סודה טמפו פירות יער 1.5 ליטר-,,IL,טמפו סודה פירות יער,ליטרים,1.50,ליטר,false,,3.30,2.2000,true,1,197189
7290000143187,false,"הוואי שמפו 2 ב 1 לגבר 700 מ""ל",שוורצקוף& הנקל דיסלד,IL,שמפו לגבר הוואי 700,מיליליטרים,700.00,"100 מ""ל",false,,8.50,1.2143,true,1,8065
7290000144160,false,"שמן זית כתית מעולה מודגש""עץ-הזית"" 750 מ""ל","מרקאולאו, ספרד.אבסה,",IL,שמן זית כתית מעולה א,מיליליטרים,750.00,"100 מ""ל",false,,29.00,3.8667,true,1,29097
7290000144467,false,שמן חמניות מועשר בנוגדי חמצון 1 ל' עץ הזית,"נארז ע""י : א.ג. גילר",GR,שמן חמניות בריאות מה,ליטרים,1.00,ליטר,false,,13.60,13.6000,true,1,29100
7290000144474,false,שמן עץ הזית קנולה 1 ליטר בריאות מהטבע,שמן תעשיות,EE,שמן קנולה בריאות עץ,ליטרים,1.00,ליטר,false,,13.60,13.6000,true,1,29101
7290000146652,false,הוואי - סבון מוצק ורוד רומנטי 100 גרם רביעייה,טרופיקל דגיל קוסמטיק,IL,סבון מוצק ורוד הוואי,גרמים,400.00,100 גרם,false,,10.20,2.5500,true,1,8077
7290000146676,false,הוואי - סבון מוצק לגבר 100 גרם רביעייה,טרופיקל דגיל קוסמטיק,IL,סבון מוצק לגבר הוואי,גרמים,400.00,100 גרם,false,,10.20,2.5500,true,1,8079
7290000146683,false,הוואי - סבון מוצק אפקט דאודורנט 100 גרם רביעייה,טרופיקל דגיל קוסמטיק,IL,סבון מוצק אפקט דאודו,גרמים,400.00,100 גרם,false,,10.20,2.5500,true,1,8080
7290000146997,false,"טום וג'רי - משחת שיניים מסטיק 50 מ""ל",טרופיקל דגיל קוסמטיק,IL,משחת שיניים טום וגרי,מיליליטרים,50.00,"100 מ""ל",false,,5.90,11.8000,true,1,8085
7290000148748,false,גרעיני חמניה שקית קליית גת 200 גרם,"ג'י אנד ג'י בע""מ",IL,גרעיני חמניה 200 גרם,גרמים,200.00,100 גרם,false,,5.90,2.9500,true,1,12734
7290000149615,false,נקה 7 סבון מוצק לתינוק רביעיה * 100 ג',גליל כימיקלים בעממשו,IL,אלסבון מוצק לתינוק נ,גרמים,400.00,100 גרם,false,,9.30,2.3250,true,1,29435
7290000149851,false,סינטבון סבון מארז 460X2ג',יבואן ומשווק: ש. שסט,IL,סינטבון כפול 460גר,גרמים,460.00,100 גרם,false,,9.30,2.0217,true,1,29438
7290000150277,false,פסטרמה חזה הודו ברבי,עיצובים 2020 (4.9),,חזה הודו ברביקיו עוף,קילוגרמים,1.00,"ק""ג",true,,70.10,70.1000,true,1,19353
7290000150352,false,"פסטרמה איטלקית לק""ג",עיצובים 2020 (4.9),IL,פסט.איטלקית ע.ט.,קילוגרמים,1.00,"ק""ג",true,,70.10,70.1000,true,1,19354
7290000150642,false,כתף בקר מעושן עוף טו,עיצובים 2020 (4.9),IL,כתף בקר מעושן עוף טו,קילוגרמים,1.00,"ק""ג",true,,83.00,83.0000,true,1,19359
7290000150956,false,עוף טוב מקלוני קבנוס 160 ג',מוצרי עוף טוב (2001),IL,עוף טוב מקלוני קבנוס,גרמים,160.00,100 גרם,false,,10.20,6.3750,true,1,19412
7290000151106,false,פסטרמה אמריקאית,עיצובים 2020 (4.9),IL,אמריקאית ע.טוב,קילוגרמים,1.00,"ק""ג",true,,70.10,70.1000,true,1,19363
7290000151885,false,נקניק הודו יחידה עוף טוב 700ג',עוף טוב,IL,נקניק הודו יחידה 700,גרמים,700.00,100 גרם,false,,12.70,1.8143,true,1,19424
7290000152608,false,סלמי תה ענק,עוף טוב,IL,תה עוף טוב,קילוגרמים,1.00,"ק""ג",true,,40.20,40.2000,true,1,19369
7290000152943,false,פסטרמה כפרית +סלמי כפרי עוף טוב 350X2ג',מולינו ניקולי s.p.a,IL,עוף טוב סלמי פסטרמה,גרמים,700.00,100 גרם,false,,18.70,2.6714,true,1,19429
7290000153445,false,קציצות בקר מתובלות עוף טוב 500 ג',מולינו ניקולי s.p.a,IL,עוף טוב קציצות בקר מ,גרמים,500.00,100 גרם,false,,25.60,5.1200,true,1,19433
7290000153469,false,עוף טוב קציצות עוף קלאסיות 600 גר',מוצרי עוף טוב (2001),IL,עוף טוב קציצות עוף ק,גרמים,600.00,100 גרם,false,,25.60,4.2667,true,1,19434
7290000153698,false,כתף מפולפל ע.טוב,עוף טוב,IL,כתף מפולפל ע.טוב,קילוגרמים,1.00,"ק""ג",true,,83.00,83.0000,true,1,19370
7290000155524,false,"פסטרמה פולנית לק""ג",עיצובים 2020 (4.9),IL,פולנית עוף טוב,קילוגרמים,1.00,"ק""ג",true,,70.10,70.1000,true,1,19371
7290000158105,false,שניצל עוף מיני דינוזאור מעוף שגדל ללא אנטיביוטיקה,מוצרי עוף טוב (2001),IL,עוף טוב שניצל עוף מי,גרמים,700.00,100 גרם,false,,21.30,3.0429,true,1,19448
7290000170053,false,שוקולד פרה חלב 100 גרם,"תופינית בע""מ",IL,שוקולד חלב פרה 100 ג,גרמים,100.00,100 גרם,false,,4.40,4.4000,true,1,21925
7290000174723,false,שוקולית אבקה להכנת משקה שוקו 500 גרם,הנסיך- מפעל לייצור ט,IL,שוקולית 500 גרם,גרמים,500.00,100 גרם,false,,11.00,2.2000,true,1,21933
7290000175760,false,מנציגו כבשים ויליפו,,,מנציגו כבשים ויליפו,קילוגרמים,1.00,"ק""ג",true,,82.10,82.1000,true,1,2765
7290000175777,false,איבריקו ויליפוד31%,,,איבריקו ויליפוד31%,קילוגרמים,1.00,"ק""ג",true,,82.10,82.1000,true,1,2766
7290000175906,false,גאודה עיזים ויליפוד,,,גאודה עיזים ויליפוד,קילוגרמים,1.00,"ק""ג",true,,93.20,93.2000,true,1,2767
7290000176062,false,קפה עלית טורקי 100 גרם,שטראוס קפה בי.וי.,IL,טורקי עלית 100 גרם,גרמים,100.00,100 גרם,false,,7.60,7.6000,true,1,21935
7290000176079,false,קפה עלית טורקי עם הל 100 גרם,הנסיך- מפעל לייצור ט,IL,טורקי עלית קפה עם הל,גרמים,100.00,100 גרם,false,,7.60,7.6000,true,1,21936
7290000176116,false,"קפה טורקי עלית וואקום 1 ק""ג",הנסיך- מפעל לייצור ט,IL,טורקי עלית 1קג,קילוגרמים,1.00,"ק""ג",false,,66.60,66.6000,true,1,21938
7290000176413,false,קפה נמס עלית 50 גרם,הנסיך- מפעל לייצור ט,IL,עלית נמס 50 גר',גרמים,50.00,100 גרם,false,,7.60,15.2000,true,1,21941
7290000176420,false,קפה נמס אבקתי 200ג עלית,שטראוס קפה בי.וי,IL,קפה נמס עלית פחית 20,גרמים,200.00,100 גרם,false,,16.70,8.3500,true,1,21942
7290000176468,false,קפה נמס נטול קפאין 50 ג' קפה האג,"איי, בי, אינבוו",IL,האג קפה נטול קפאין 5,גרמים,50.00,100 גרם,false,,9.00,18.0000,true,1,21943
7290000178707,false,תפוצ'יפס טבעי 50 גרם,"שטראוס פריטו ליי בע""",IL,תפוציפס טבעי 50 גרם,גרמים,50.00,100 גרם,false,,3.30,6.6000,true,1,23913
7290000178721,false,תפוציפס מלוח 200 גרם,"שטראוס פריטו ליי בע""",IL,תפוציפס טבעי 200 גרם,גרמים,200.00,100 גרם,false,,9.30,4.6500,true,1,23915
7290000180212,false,שוקולוד פרה מריר אגוזים 100ג' עלית,"שטראוס גרופ בע""מ",IL,פרה שוקולד מריר ושבר,גרמים,100.00,100 גרם,false,,4.20,4.2000,true,1,21952
7290000185330,false,סילאן טבעי תמר כנרת 900 גר,טעמי הגליל,IL,סילאן טבעי תמר כנרת,גרמים,900.00,100 גרם,false,,20.40,2.2667,true,1,97726
7290000186535,false,נייר טואלט טריו לבן 32 גלילים לילי,קימברלי קלארק ישראל,IL,לילי נייר טואלט טריו,מטרים,537.00,מטר,false,,38.40,0.0715,true,1,8834
7290000186931,false,ניקול כריות קרצוף חתוכות 12 יח',UFO,US,ניקול כריות קרצוף חת,יחידה,0.00,יחידה,false,,9.30,0.0000,true,1,8838
7290000187860,false,מגבוני טואלט לחים לילי דיספנסר 40יח',עלבד משואות יצחק בעמ,IL,לילי נייר טואלט לח ד,יחידה,0.00,יחידה,false,,7.60,0.0000,true,1,8846
7290000187952,false,נייר טואלט טריו לילי פרימיום 32גליל,קימברלי קלארק,IL,נייר טאולט לילי טריו,מטרים,537.00,מטר,false,,38.40,0.0715,true,1,8851
7290000188355,false,מגבות מטבח ניקול לבנה שישייה,קימברלי-קלארק,IL,מגבות מטבח ניקול לבנ,מטרים,64.80,מטר,false,,11.90,0.1836,true,1,8857
7290000188591,false,קוטקס - מגן תחתון סילק יאנג 60 יח',קימברלי קלארק,CN,מגן תחתון סילק יאנג,יחידה,0.00,יחידה,false,,15.30,0.0000,true,1,8864
7290000189116,false,ניקול תבניות אלומניום עגולות 5 יח',בראבו,CN,ניקול תבניות עגולות,יחידה,0.00,יחידה,false,,9.30,0.0000,true,1,8870
7290000189192,false,מגבת רב שימושית סופר ניקול 64 דף,קימברלי קולומביה,CO,ניקול מטלית חכמה יומ,יח',64.00,יח',false,,16.20,0.2531,true,1,8871
7290000189215,false,מטלית קסם ניקול לרצפה,סידורסקי,CN,מטלית קסם לרצפה,יחידה,0.00,יחידה,false,,12.90,0.0000,true,1,8873
7290000189277,false,תבניות מלבניות גדולות ועמוקות 3 יח,בראבו,CN,ניקול תבניות מלבניות,יחידה,0.00,יחידה,false,,9.30,0.0000,true,1,8877
7290000189659,false,מטליות לחות לרצפה ניקול 10 יח'-מרכז,עלבד משואות יצחק בעמ,IL,ניקול מטליות לחות לר,יחידה,0.00,יחידה,false,,9.80,0.0000,true,1,8887
7290000189734,false,מטליות לחות לפרקט 10יח' ניקול,עלבד משואות יצחק בעמ,IL,ניקול מטליות לחות לפ,יחידה,0.00,יחידה,false,,15.80,0.0000,true,1,8891
7290000189871,false,ניקול שקיות אשפה L עם שרוך 55 יח',אשפלסט,IL,אשפתון 55 שקיות,יחידה,0.00,יחידה,false,,17.00,0.0000,true,1,8894
7290000190068,false,מפיות אירוח לבן 100 יחי' ניקול,חוגלה קימברלי,IL,מפיות לבן ניקול 100,יחידה,0.00,יחידה,false,,6.80,0.0000,true,1,8896
7290000190150,false,מפיות נייר מודפסות 3 שכבות ניקול 20 יח',PALOMA,SI,מפיות תלת שכבתיות ני,יחידה,0.00,יחידה,false,,7.60,0.0000,true,1,8897
7290000191539,false,ממחטות טישו לילי צבעוני חמישיה,חוגלה קימברלי,IL,לילי צבעוני חמישיה-9,יחידה,0.00,יחידה,false,,12.70,0.0000,true,1,8915
7290000191645,false,האגיס חיתול רך נולד NB ארוז 36יח',קימברלי קלארק ארהב,US,האגיס רך נולד NB יח',יחידה,0.00,יחידה,false,,28.10,0.0000,true,1,8919
7290000191652,false,קלינקס ממחטות טישו אולטרא סופט מארז 90X3יח',חוגלה קימברלי,IL,קלינקס קלאסיק ניילון,יחידה,0.00,יחידה,false,,10.20,0.0000,true,1,8920
7290000192581,false,מגבת נייר גליל כפול ניקול 12=6 גליל,,IL,מגבת כפולה ניקול 6=1,מטרים,129.70,מטר,false,,18.70,0.1442,true,1,8925
7290000193014,false,פדיות אינטרלוד מגיני יום לילי 50יח',חוגלה קימברלי,CZ,מגן תחתון אינטרלוד ל,יחידה,0.00,יחידה,false,,8.50,0.0000,true,1,8926
7290000193205,false,לילי תחבושות נטורל לילה 20 יח',Ontex,BE,תחבושות אולטרה לילה,יחידה,0.00,יחידה,false,,13.20,0.0000,true,1,8931
7290000193618,false,לילי אינטימייט מגן תחתון נורמל 24 יח',Ontex,,מגן תחתון נטורל לייט,יחידה,0.00,יחידה,false,,13.20,0.0000,true,1,8936
7290000193649,false,לילי תחבושות נטורל אולטרה סופר 24 יח',Ontex,IL,תחבושות נטורל אולטרה,יחידה,0.00,יחידה,false,,13.20,0.0000,true,1,8937
7290000193656,false,לילי תחבושות נטורל אולטרה סופר פלוס 24 יח',Ontex,IL,תחבושות נטורל אולטרה,יחידה,0.00,יחידה,false,,13.20,0.0000,true,1,8938
7290000194837,false,ניקול - שקיות מזון + ידיות קשירה אקסטרה לארג' 200 יח',קילת,CN,ניקול שקיות מזון עם,יחידה,0.00,יחידה,false,,11.00,0.0000,true,1,8950
7290000195216,false,נייר אפייה בשקית ניקול 50 יח',אופל,IL,ניקול נייר אפייה בשק,יחידה,0.00,יחידה,false,,9.30,0.0000,true,1,8957
7290000195537,false,האגיס - מגבוני האגיס דיילי קר לא מבושם 64 יח' * 4,חוגלה קימברלי,IL,מגבוני האגיס דיילי ק,יחידה,0.00,יחידה,false,,17.90,0.0000,true,1,8963
7290000195773,false,האגיס - מגבוני האגיס סנסטיב קר לא מבושם 64 יח' * 4,חוגלה קימברלי,IL,מגבוני האגיס סנסטיב,יחידה,0.00,יחידה,false,,17.90,0.0000,true,1,8967
7290000196763,false,ניקול שקיות לאשפה השקית החזקה 40 יח',אשפלסט,IL,ניקול השקית החזקה,יחידה,0.00,יחידה,false,,20.40,0.0000,true,1,8973
7290000197326,false,רדיד אלומניום ניקול זוגי 30X7.5מ',אופל,IL,ניקול רדיד אלומיניום,מטרים,15.00,מטר,false,,10.20,0.6800,true,1,8987
7290000197425,false,האגיס פרידום דריי שלב 3 54 יחידות,קימברלי קלארק ישראל,IL,האגיס פרידום דריי של,יחידה,0.00,יחידה,false,,39.20,0.0000,true,1,8991
7290000197432,false,שקיות אוכל סנדביצ'ון ניקול מארז 150X2יח',אשלפסט תעשיות בעמ,IL,ניקול שקיות אוכל זוג,יחידה,0.00,יחידה,false,,11.90,0.0000,true,1,8992
7290000197463,false,האגיס פרידום דריי שלב 4+ 42 יחידות,קימברלי קלארק ישראל,IL,האגיס פרידום דריי של,יחידה,0.00,יחידה,false,,39.20,0.0000,true,1,8994
7290000197548,false,האגיס פרידום דריי שלב 5 38 יחידות,קימברלי קלארק ישראל,IL,האגיס פרידום דריי של,יחידה,0.00,יחידה,false,,39.20,0.0000,true,1,8998
7290000197654,false,ניקול אשפתון שקיות אשפה ענקיות 45 יח',"אשפלסט תעשיות בע""מ",IL,אשפתון שקיות אשפה ענ,יחידה,0.00,יחידה,false,,19.60,0.0000,true,1,8999
7290000197678,false,האגיס פרידום דריי שלב 6 34 יחידות,קימברלי קלארק ישראל,IL,האגיס פרידום דריי ש,יחידה,0.00,יחידה,false,,39.20,0.0000,true,1,9000
7290000197753,false,ניילון נצמד אנטי בטקריאלי ניקול 30X2מ',GTC,CN,ניקול ניילונית זוג,מטרים,60.00,מטר,false,,10.20,0.1700,true,1,9002
7290000197876,false,ניקול תבנית אלומיניום 4 יח' 2 מכסים,פאלאס,CN,ניקול תבנית אלומיניו,יחידה,0.00,יחידה,false,,8.50,0.0000,true,1,9004
7290000197883,false,ניקול תבניות אלומיניום 4יח',ארץ ייצור: סין,CN,ניקול תבניות אלומיני,יחידה,0.00,יחידה,false,,8.50,0.0000,true,1,9005
7290000197982,false,רדיד אלומיניום עבה 45 ניקול 7.5 מ' זוגי,אופל,IL,ניקול רדיד אלומיניום,מטרים,15.00,מטר,false,,20.40,1.3600,true,1,9007
7290000197999,false,רדיד אלומיניום עבה ניקול זוגי 30X7.5מ',אופל,IL,ניקול רדיד אלומיניום,מטרים,15.00,מטר,false,,14.40,0.9600,true,1,9008
7290000198109,false,צלעות אסאדו מעושנות,,,צלעות אסאדו מעושנות,קילוגרמים,1.00,"ק""ג",true,,119.60,119.6000,true,1,243154
7290000199313,false,קוטקס - תחבושות יאנג 30 יח',KC Turkey,IL,תחבושות קוטקס יאנג 2,יחידה,0.00,יחידה,false,,16.20,0.0000,true,1,9010
7290000201832,false,טיטולים פרימיום שלב 3 (5-9) 52 יח',חוגלה קימברלי,IL,טיטולים פרימיום שלב,יחידה,0.00,יחידה,false,,29.00,0.0000,true,1,9018
7290000201849,false,טיטולים פרימיום שלב 4 42 יח' (8-14),חוגלה קימברלי,IL,טיטולים פרימיום שלב,יחידה,0.00,יחידה,false,,29.00,0.0000,true,1,9019
7290000201863,false,טיטולים פרימיום שלב 5 34 יח',חוגלה קימברלי,IL,טיטולים פרימיום שלב,יחידה,0.00,יחידה,false,,29.00,0.0000,true,1,9021
7290000201870,false,טיטולים פרימיום שלב 6 30 יח',חוגלה קימברלי,IL,טיטולים פרימיום שלב,יחידה,0.00,יחידה,false,,29.00,0.0000,true,1,9022
7290000204086,false,ניקול כרית קרצוף מארז שלישייה,חוגלה קימברלי,US,ניקול כרית קרצוף,יחידה,0.00,יחידה,false,,9.30,0.0000,true,1,9039
7290000204253,false,מטליות ניקול רב שימושיות 9יח',נועם אורים-קיבוץ אור,IL,מטלית רב שימושית תשע,יחידה,0.00,יחידה,false,,8.50,0.0000,true,1,9043
7290000204512,false,מטליות לחות לרצפה בניחוח לימון 10 יח' ניקול,עלבד משואות יצחק בעמ,IL,מטליות לחות לרצפה בר,יחידה,0.00,יחידה,false,,9.80,0.0000,true,1,9045
7290000204611,false,ספוגית הקסם ניקול שישייה,UFO INC,US,ניקול ספוגית הקסם*6,יחידה,0.00,יחידה,false,,9.30,0.0000,true,1,9046
7290000205915,false,חיתולי האגיס אקסטרה קייר מידה 4 40יח,חוגלה קימברלי,IL,האגיס אקסטרה קייר מי,יחידה,0.00,יחידה,false,,44.40,0.0000,true,1,9048
7290000207063,false,רסק עגבניות פריכוז 28% 240 גרם יכין,היינץ צפון אמריקה מק,IL,רוטב עגבניות פריכוז,גרמים,240.00,100 גרם,false,,3.30,1.3750,true,1,8615
7290000207162,false,רוטב עגבניות מרכיב טבעי 100 ג' יכין,"זנלכל בע""מ",IL,רוטב עגבניות 100 גרם,גרמים,100.00,100 גרם,false,,2.20,2.2000,true,1,8618
7290000207438,false,עגבניות 2.5 A קוביות 850 גרם יכין,"זנלכל בע""מ",IL,עגבניות לקוביות יכין,גרמים,800.00,100 גרם,false,,8.50,1.0625,true,1,8619
7290000208022,false,עגבניות מרוסקות פריכוז 800 ג' יכין,"זנלכל בע""מ",IL,עגבניות מרוסקות יכין,גרמים,800.00,100 גרם,false,,8.50,1.0625,true,1,8622
7290000208077,false,אפונת גינה רגילה 550 גרם יכין,"זנלכל בע""מ",IL,אפונת גינה גדולה L י,גרמים,335.00,100 גרם,false,,7.60,2.2687,true,1,8624
7290000208114,false,"אפונה וגזר יכין A2 פ""ק בית יוסף","זנלכל בע""מ",IL,אפונת גינה וגזר יכין,גרמים,330.00,100 גרם,false,,7.60,2.3030,true,1,8627
7290000208145,false,גרעיני תירס מתוק לייט 550 גרם יכין,"זנלכל בע""מ",IL,גרעיני תירס לייט יכי,גרמים,335.00,100 גרם,false,,8.50,2.5373,true,1,8630
7290000208213,false,שעועית לבנה אפויה A2 ברוטב עגבניות יכין 560ג',היינץ צפון אמריקה מק,IL,שעועית לבנה ברוטב עג,גרמים,355.00,100 גרם,false,,7.60,2.1408,true,1,8632
7290000208312,false,גרעיני תירס מתוק בואקום יכין 400 גר',"זנלכל בע""מ",IL,גרעיני תירס מתוק יכי,גרמים,400.00,100 גרם,false,,5.90,1.4750,true,1,8637
7290000208329,false,גרעיני תירס מתוק 550 גרם יכין,"זנלכל בע""מ",IL,גרעיני תירס מתוק יכי,גרמים,335.00,100 גרם,false,,7.60,2.2687,true,1,8638
7290000208336,false,רסק יכין 240גר 22% יכין בית יוסף,"זנלכל בע""מ",IL,רוטב עגבניות יכין 24,גרמים,240.00,100 גרם,false,,3.80,1.5833,true,1,8639
7290000208350,false,עגבניות מרוסקות בצל 850 גר יכין A 2.5,,IL,עגבניות מרוסקות עם ב,גרמים,800.00,100 גרם,false,,8.50,1.0625,true,1,8641
7290000208367,false,עגבניות מרוסקות בתוספת בזיליקום 800 ג' יכין,זנלכל,IL,עגבניות מרוסקות בזיל,גרמים,800.00,100 גרם,false,,8.50,1.0625,true,1,8642
7290000208404,false,A2 פול מצרי 550 גרם יכין,"זנלכל בע""מ",IL,פול מצרי יכין 550 גר,גרמים,350.00,100 גרם,false,,7.60,2.1714,true,1,8643
7290000208428,false,גרגרי חומוס שלם 550 גרם יכין,"זנלכל בע""מ",IL,חומוס שלם יכין 550 ג,גרמים,290.00,100 גרם,false,,7.60,2.6207,true,1,8644
7290000208480,false,גרעיני תירס מתוק בטעם חמאה 550 גרם יכין,זנלכל,IL,גרעיני תירס בטעם חמא,גרמים,335.00,100 גרם,false,,8.50,2.5373,true,1,8647
7290000208534,false,גרעיני תירס מתוק לילדים 550 גרם יכין,"זנלכל בע""מ",IL,גרעיני תירס קיד מתוק,גרמים,335.00,100 גרם,false,,8.50,2.5373,true,1,8649
7290000208855,false,רוטב לפסטה קלאסי 240 גרם יכין,"זנלכל בע""מ",IL,רוטב לפסטה קלאסי יכי,גרמים,260.00,100 גרם,false,,4.70,1.8077,true,1,8652
7290000208893,false,גרעיני תירס מתוק לייט 400 גרם יכין,היינץ צפון אמריקה מק,IL,תירס לייט יכין 400 ג,גרמים,400.00,100 גרם,false,,5.90,1.4750,true,1,8653
7290000208930,false,עגבניות מרוסקות בתוספת שום 240 גרם יכין,"זנלכל בע""מ",IL,עגבניות מרוסקות עם ש,גרמים,260.00,100 גרם,false,,4.70,1.8077,true,1,8654
7290000208947,false,עגבניות מרוסקות 260 גרם יכין,היינץ צפון אמריקה מק,IL,עגבניות מרוסקות יכין,יחידה,260.00,יחידה,false,,4.70,0.0181,true,1,8655
7290000208978,false,פריכוז 100 גרם יכין בית יוסף,היינץ צפון אמריקה מק,IL,רוטב עגבניות פריכוז,גרמים,100.00,100 גרם,false,,2.50,2.5000,true,1,8656
7290000209012,false,חומץ הדרים 5% יכין 1,"זנלכל בע""מ",IL,חומץ הדרים 5% יכין 1,ליטרים,1.00,ליטר,false,,5.00,5.0000,true,1,8658
7290000209043,false,מיץ לימון משומר 1 ל' יכין,היינץ צפון אמריקה מק,IL,מיץ לימון משומר יכין,ליטרים,1.00,ליטר,false,,4.20,4.2000,true,1,8659
7290000209371,false,שלישיית תירס יכין 165 גר OZ 6,היינץ צפון אמריקה מק,IL,תירס שלישיה יכין 3*1,גרמים,495.00,100 גרם,false,,12.70,2.5657,true,1,8668
7290000209388,false,תירס גרגרים לייט וואקום מארז 60X3ג',זנלכל,IL,תירס לייט שלישיה יכי,גרמים,420.00,100 גרם,false,,12.70,3.0238,true,1,8669
7290000209722,false,רסק עגבניות 28% פריכוז 580 גרם יכין,"זנלכל בע""מ",IL,רוטב עגבניות מרוכז מ,גרמים,580.00,100 גרם,false,,8.50,1.4655,true,1,8680
7290000209906,false,עגבניות מרוסקות בתוספת בצל 240 גרם יכין,זנלכל,IL,עגבניות מרוסקות עם ב,גרמים,260.00,100 גרם,false,,4.70,1.8077,true,1,8681
7290000209913,false,עגבניות חתוכות לקוביות 240 גרם יכין,"זנלכל בע""מ",IL,עגבניות לקוביות יכין,גרמים,260.00,100 גרם,false,,4.70,1.8077,true,1,8682
7290000209944,false,רוטב לעגבניות בסיס לשקשוקה 240 ג' יכין,"זנלכל בע""מ",IL,רוטב לעגבניות לשקשוק,גרמים,260.00,100 גרם,false,,4.70,1.8077,true,1,8683
7290000209951,false,רוטב עגבניות לפיצה 260 גרם יכין,"זנלכל בע""מ",IL,רוטב עגבניות לפיצה י,מיליליטרים,260.00,"100 מ""ל",false,,4.70,1.8077,true,1,8684
7290000209968,false,רוטב עגבניות ללזניה יכין 240 גרם,"זנלכל בע""מ",IL,רוטב ללזניה יכין 240,גרמים,260.00,100 גרם,false,,4.70,1.8077,true,1,8685
7290000210469,false,עגבניות שלמות יכין A2.5 בית יוסף,זנלכל,IL,עגבניות שלמות יכין 8,גרמים,800.00,100 גרם,false,,8.50,1.0625,true,1,8686
7290000210896,false,רוטב לפסטה בולונז 240 גרם יכין,"זנלכל בע""מ",IL,רוטב לפסטה בולונז יכ,גרמים,260.00,100 גרם,false,,4.70,1.8077,true,1,8687
7290000211138,false,סיימן גבינת עיזים הו,,,סיימן גבינת עיזים הו,קילוגרמים,1.00,"ק""ג",true,,153.00,153.0000,true,1,16283
7290000211145,false,סיימן גבינת גאודה במ,,,סיימן גבינת גאודה במ,קילוגרמים,1.00,"ק""ג",true,,101.70,101.7000,true,1,16284
7290000211169,false,"אורז תאילנדי אחד אחד סוגת 1 ק""ג",האי נאם סי או אל.טי.,IL,אורז תאילנדי 1 ק'ג,קילוגרמים,1.00,"ק""ג",false,,5.90,5.9000,true,1,17066
7290000211374,false,קמח חיטה מלא סוגת 1,טחנת קמח דגן-שטיבל,IL,"קמח מלא סוגת 1 ק""ג",קילוגרמים,1.00,"ק""ג",false,,5.50,5.5000,true,1,17068
7290000211442,false,"סוגת אורז פרסי קלאסי שקית 1 ק""ג",האי נאם סי או אל.טי.,IL,סוגת אורז פרסי קלאסי,קילוגרמים,1.00,"ק""ג",false,,9.30,9.3000,true,1,17070
7290000211503,false,סוכר לבן ארוז בשקית,"סוגת תעשיות בע""מ",IL,"סוכר סוגת לבן 1 ק""ג",קילוגרמים,1.00,"ק""ג",false,,3.80,3.8000,true,1,17071
7290000211626,false,"סוגת אורז חיש 1 ק""ג",סוגת תעשיות,IL,"אורז חיש 1 ק""ג",קילוגרמים,1.00,"ק""ג",false,,8.50,8.5000,true,1,17072
7290000211985,false,"אורז ריזוטו עגול סוגת 1 ק""ג","סוגת תעשיות בע""מ",IL,סוגת אורז עגול 1קג,קילוגרמים,1.00,"ק""ג",false,,10.20,10.2000,true,1,17074
7290000212579,false,וופלים מצופים טעם שוקו 40 יחידות,,,ופל מצופה שוקולד מנע,גרמים,800.00,100 גרם,false,,14.50,1.8125,true,1,35810
7290000212975,false,"ופל שוקו מנעמים 1 ק""",,,"ופל שוקו מנעמים 1 ק""",קילוגרמים,1.00,"ק""ג",false,,14.50,14.5000,true,1,35812
7290000220158,false,פילה סלמון נורבגי 1-,,,פילה סלמון נורבגי 1-,קילוגרמים,1.00,"ק""ג",true,,59.80,59.8000,true,1,224072
7290000225278,false,סיימן מסוג דנבלו 27%,,,סיימן מסוג דנבלו 27%,קילוגרמים,1.00,"ק""ג",true,,51.30,51.3000,true,1,16288
7290000225940,false,פילה סלומון 1-1.4 קפ,,,פילה סלומון 1-1.4 קפ,קילוגרמים,1.00,"ק""ג",true,,68.30,68.3000,true,1,112601
7290000226514,false,עוגת דובוש ריבת חלב 400 גר',קריניציה ויטמינה אס,IL,עוגת היום- דובוש ריב,גרמים,450.00,100 גרם,false,,35.00,7.7778,true,1,39483
7290000226545,false,קפולסקי עוגת טורט היער השחור,קפולסקי שיווק וקמעונ,IL,עוגת טורט היער השחור,קילוגרמים,1.10,"ק""ג",false,,56.30,51.1818,true,1,39485
7290000226552,false,קפולסקי עוגת טורט ריבת חלב+ קוקוס קפוא,קפולסקי שיווק וקמעונ,IL,עוגת טורט ריבת חלב ע,קילוגרמים,1.00,"ק""ג",false,,56.30,56.3000,true,1,39486
7290000226569,false,קפולסקי עוגת טורט קצפת שוקולד,קפולסקי שיווק וקמעונ,IL,עוגת טורט קצפת שוקול,קילוגרמים,1.00,"ק""ג",false,,56.30,56.3000,true,1,39487
7290000226576,false,קפולסקי עוגת טורט מצופה שוקולד,קפולסקי שיווק וקמעונ,IL,עוגת טורט מצופה שוקו,קילוגרמים,1.00,"ק""ג",false,,56.30,56.3000,true,1,39488
7290000226613,false,עוגות דובוש מצופה שוקולד 400 גר',קפולסקי שיווק וקמעונ,IL,עוגת דובוש מצופה בטע,גרמים,450.00,100 גרם,false,,35.00,7.7778,true,1,39490
7290000238029,false,"בצק עלים צרפתי מרודד מעדנות 1ק""ג",מיוצר עי קונדיטוריית,IL,"בצק עלים 1ק""ג",קילוגרמים,1.00,"ק""ג",false,,15.30,15.3000,true,1,35371
7290000238036,false,מלווח עגול מעדנות 700 ג',מיוצר עי קונדיטוריית,IL,מעדנות מלווח 700גר,גרמים,700.00,100 גרם,false,,13.60,1.9429,true,1,35372
7290000238173,false,מעדנות בורקס גבינה 800גר,מיוצר עי קונדיטוריית,IL,בורקס גבינה מעדנות 8,גרמים,800.00,100 גרם,false,,17.10,2.1375,true,1,35373
7290000238180,false,בורקס תפוחי אדמה מעדנות 800ג',מיוצר עי קונדיטוריית,IL,"בורקס תפו""א 800גר",גרמים,800.00,100 גרם,false,,12.80,1.6000,true,1,35374
7290000243566,false,"שמן קנולה בריאות 750 מ""ל",סקנולה,EE,שמן קנולה בריאות עץ,מיליליטרים,750.00,"100 מ""ל",false,,10.20,1.3600,true,1,29107
7290000244051,false,"סבון נוזלי הוואי מ.טרופי - שלישיה * 500 מ""ל",,,סבון נוזלי טרופי הוו,ליטרים,1.50,ליטר,false,,12.70,8.4667,true,1,8086
7290000245157,false,סוד סופט מרכך כביסה סנסיישן 4 ליטר,"הנקל סוד בע""מ",IL,מרכך כביסה סוד סנסיי,ליטרים,4.00,ליטר,false,,16.20,4.0500,true,1,34638
7290000245270,false,"פרסיל אבקת כביסה סופרא 1.250 ק""ג","הנקל סוד בע""מ",IL,אבקת כביסה פרסיל סופ,קילוגרמים,1.25,"ק""ג",false,,13.60,10.8800,true,1,34640
7290000245287,false,"פרסיל אבקת כביסה 1.250 ק""ג קולור ויניגר","הנקל סוד בע""מ",IL,אבקת כביסה פרסיל קול,קילוגרמים,1.25,"ק""ג",false,,13.60,10.8800,true,1,34641
7290000245294,false,"א.כ. פרסיל סופרא שקית 2.5 ק""ג","הנקל סוד בע""מ",IL,אבקת כביסה פרסיל 2.5,קילוגרמים,2.50,"ק""ג",false,,23.00,9.2000,true,1,34642
7290000245478,false,"אבקת כביסה לבגדי תינוקות 1.25 ק""ג סוד","הנקל סוד בע""מ",IL,סוד א.כ בייבי 1.25קג,קילוגרמים,1.25,"ק""ג",false,,11.10,8.8800,true,1,34645
7290000245782,false,סוד סופט מרכך כביסה ורוד 4 ליטר,"הנקל סוד בע""מ",IL,מרכך כביסה סוד ורוד,ליטרים,4.00,ליטר,false,,16.20,4.0500,true,1,34652
7290000245799,false,סוד סופט מרכך כביסה כחול 4 ליטר,"הנקל סוד בע""מ",IL,מרכך כביסה סוד כחול,ליטרים,4.00,ליטר,false,,16.20,4.0500,true,1,34653
7290000253220,false,שוקולד צ'יפס חום אופנהיימר 260 גר',אופנהיימר,IL,שוקולד צ'יפס אופנהיי,גרמים,260.00,100 גרם,false,,9.40,3.6154,true,1,24347
7290000253251,false,שוקולד צ'יפס לבן אופנהיימר 250 גרם,אופנהיימר,IL,שוקולד צ'יפס לבן אופ,גרמים,250.00,100 גרם,false,,9.40,3.7600,true,1,24348
7290000253374,false,מיני שוקולד צ'יפס - נטיפי שוקולד מריר,אופנהיימר,IL,מיני שוקולד צ'יפס או,גרמים,250.00,100 גרם,false,,12.80,5.1200,true,1,323419
7290000263359,false,האגיס - פיור נטורל שלב 1 ניו בורן 40 יח',קימברלי קלארק שיווק,IL,האגיס אקסטרא קייר של,יחידה,0.00,יחידה,false,,28.10,0.0000,true,1,9065
7290000267500,false,קליפות הדר מצופות בשוקולד 200 גרם,"דין שיווק וקלייה בע""",IL,קליפות הדר בציפוי שו,גרמים,200.00,100 גרם,false,,9.40,4.7000,true,1,4607
7290000272443,false,סירופ עסיס דיאט תפוזים צ.טבעי 1 ל',בית-השיטה עסיס תעשיו,IL,סירופ דיאט תפוז עסיס,יחידה,0.00,יחידה,false,,14.50,0.0000,true,1,18401
7290000272467,false,סירופ עסיס דיאט פטל 1 ליטר,בית-השיטה עסיס תעשיו,IL,סירופ דיאט פטל עסיס,ליטרים,1.00,ליטר,false,,14.50,14.5000,true,1,18402
7290000272696,false,עסיס מיץ לימון טבעי משומר 1 ל' אסם,בית-השיטה עסיס תעשיו,IL,מיץ לימון משומר עסיס,ליטרים,1.00,ליטר,false,,8.10,8.1000,true,1,18403
7290000272726,false,חומץ טבעי 5% עסיס 1 ל' אסם,בית השיטה עסיס תעשיו,IL,חומץ טבעי 5% עסיס 1,ליטרים,1.00,ליטר,false,,5.00,5.0000,true,1,18404
7290000286228,false,כרית קרצוף לכלים סנו סושי 6יח',סנו מפעלי ברונו בעמ,IL,סנו סושי שישיות כריו,יחידה,0.00,יחידה,false,,10.20,0.0000,true,1,29443
7290000286298,false,פילה דג סלמון נורווג,,,פילה דג סלמון נורווג,קילוגרמים,1.00,"ק""ג",true,,68.30,68.3000,true,1,307642
7290000286466,false,פילה דג לברק/ בס יפנ,,,פילה דג לברק/ בס יפנ,קילוגרמים,1.00,"ק""ג",true,,42.70,42.7000,true,1,308642
7290000286525,false,כיף ספוג לרחצה פרינה,קוסמופארם,IL,ספוג פרינה כיף,יחידה,0.00,יחידה,false,,8.50,0.0000,true,1,29451
7290000286549,false,סנו סושי מטליות לניקוי כללי 9 יח',נועם אורים תעשיות בע,IL,סנו סושי מטליות לכל,יחידה,0.00,יחידה,false,,10.20,0.0000,true,1,29452
7290000286761,false,ניילון נצמד סנו סושי פלסטיק מארז 30X2 מ',מיוצר עי קונדיטוריית,CN,סנו סושי פלסטיק נצמד,מטרים,60.00,מטר,false,,10.20,0.1700,true,1,29456
7290000286824,false,פילה דג נסיכת הנילוס,,,פילה דג נסיכת הנילוס,קילוגרמים,1.00,"ק""ג",true,,34.20,34.2000,true,1,307597
7290000286945,false,"סנו רהיט אקדח מרסס 500מ""ל","סנו מפעלי ברונוס בע""",IL,"סנו רהיט נוזל 500 מ""",מיליליטרים,500.00,"100 מ""ל",false,,21.30,4.2600,true,1,29462
7290000286947,false,פילה דג סלמון נורווג,,,פילה דג סלמון נורווג,קילוגרמים,1.00,"ק""ג",true,,72.60,72.6000,true,1,310839
7290000287195,false,"סנו רהיט ספריי עשיר בווקס להברקה 305 מ""ל",מיוצר עי קונדיטוריית,IL,סנו רהיט ספריי עשיר,מיליליטרים,305.00,"100 מ""ל",false,,12.70,4.1639,true,1,29465
7290000287409,false,סנובון שלישיה תות 3 יח' *55 ג',סנו מפעלי ברונוס בעמ,IL,סנובון שלישיה תות 3*,גרמים,165.00,100 גרם,false,,10.20,6.1818,true,1,29468
7290000287621,false,"מנקה אסלות סנו אנטי קאלק 750 מ""ל,",מיוצר עי קונדיטוריית,IL,סנו אנטי קאלק W.C מנ,מיליליטרים,750.00,"100 מ""ל",false,,10.20,1.3600,true,1,29474
7290000288017,false,ז'אוול אקונומיקה 1ל'-לימון,"סנו מפעלי ברונוס בע""",IL,סנו זאוול 1ליטר לימו,ליטרים,1.00,ליטר,false,,6.80,6.8000,true,1,29478
7290000288024,false,סנו - ז'אוול אקונומיקה בריח לימון 4 ליטר,"סנו מפעלי ברונוס בע""",IL,סנו ז'אוול בריח לימו,ליטרים,4.00,ליטר,false,,14.40,3.6000,true,1,29479
7290000288031,false,סנו אקונומיקה 4 ליטר תו תקן,"סנו מפעלי ברונוס בע""",IL,סנו אקנומיקה 4 ל,ליטרים,4.00,ליטר,false,,9.30,2.3250,true,1,29480
7290000288048,false,סנו זאוול מרסס מונבלאן 1 ליטר,סנו,IL,סנו ג'אוול מרסס אילנ,ליטרים,1.00,ליטר,false,,15.30,15.3000,true,1,29481
7290000288079,false,סנו - ז'אוול אקונומיקה לימון 2 ליטר,"סנו מפעלי ברונוס בע""",IL,סנו זאוול בריח לימון,ליטרים,2.00,ליטר,false,,10.20,5.1000,true,1,29482
7290000288253,false,משמיד מעופפים K400 ס,מיוצר עי קונדיטוריית,IL,400-K,מיליליטרים,630.00,"100 מ""ל",false,,21.30,3.3810,true,1,29485
7290000288352,false,"סנו K-300 חרקים ונמלים 630מ""ל","סנו מפעלי ברונוס בע""",IL,K - 300,מיליליטרים,630.00,"100 מ""ל",false,,17.90,2.8413,true,1,29488
7290000288727,false,"אבקת כביסה מקסימה מאסק 1.25 ק""ג סנו",סנו,IL,סנו מקסימה מאסק 1.25,קילוגרמים,1.25,"ק""ג",false,,12.70,10.1600,true,1,29497
7290000289069,false,סנו - ז'אוול מרסס קצף ניקוי בתוספת אקונומיקה בריח לימון 1 ליטר,"סנו מפעלי ברונוס בע""",IL,סנו ג'אוול מרסס לימו,ליטרים,1.00,ליטר,false,,15.30,15.3000,true,1,29501
7290000289380,false,"סנו - ז'אוול לניקוי אסלות לימון 750 מ""ל",סנו,IL,סנו ג'אוול לימון לני,מיליליטרים,750.00,"100 מ""ל",false,,10.20,1.3600,true,1,29502
7290000289748,false,"סנו פורטה פלוס מסיר שומנים לתנור 750מ""ל","סנו מפעלי ברונוס בע""",IL,סנו פורטה פלוס לתנור,מיליליטרים,750.00,"100 מ""ל",false,,12.70,1.6933,true,1,29510
7290000289915,false,"סנו פרש ענק קוקו וניל צהוב 375 מ""ל",סנו,IL,סנו פרש ענק קוקו וני,מיליליטרים,375.00,"100 מ""ל",false,,9.30,2.4800,true,1,29513
7290000291932,false,"סנובון לניקוי לבנדר 750מ""ל","איי, בי, אינבוו",IL,סנובון נוזלי בניחוח,מיליליטרים,750.00,"100 מ""ל",false,,8.50,1.1333,true,1,29515
7290000291963,false,סנו ז'אוול סמיכה לימון 1 ל',סנו,IL,סנו ז'אוול סמיכה לימ,יחידה,0.00,יחידה,false,,6.80,0.0000,true,1,29517
7290000292533,false,ג'ל סנו כחול לניקוי כללי 1 ליטר,סנו,IL,סנו ג'ל לניקוי כללי,ליטרים,1.00,ליטר,false,,14.40,14.4000,true,1,29523
7290000292564,false,"סנו 2000-K דוחה חרקים ללא ריח 750 מ""ל",מיוצר עי קונדיטוריית,IL,K 2000 סנו ללא ריח,מיליליטרים,750.00,"100 מ""ל",false,,26.40,3.5200,true,1,29526
7290000292687,false,סנובון לאסלה כחול אפרסק נתלה 55X3ג',מיוצר עי קונדיטוריית,IL,סנובון כחול שלישיה,גרמים,165.00,100 גרם,false,,14.40,8.7273,true,1,29527
7290000293073,false,מרכך כביסה מקסימה ביו לבן 4 ל' סנו,"סנו מפעלי ברונוס בע""",IL,מרכך כביסה סנו מקסימ,ליטרים,4.00,ליטר,false,,19.60,4.9000,true,1,29531
7290000293820,false,"קרמה מן שמפו וג'ל גל רחצה אקטיב בלוק 700מ""ל",קוסמופארם בעמ,IL,שמפו וג'ל רחצה קרבון,מיליליטרים,700.00,"100 מ""ל",false,,16.20,2.3143,true,1,29536
7290000294773,false,סנו ז'אוול 4ליטר מונטבלאן קול,"סנו מפעלי ברונוס בע""",IL,סנו ז'אוול בריח אילנ,ליטרים,4.00,ליטר,false,,14.40,3.6000,true,1,29544
7290000294780,false,סנו - ז'אוול אקונומיקה סמיכה מבושמת 4 ליטר,"סנו מפעלי ברונוס בע""",IL,סנו ז'אוול סמיכה 4 ל,ליטרים,4.00,ליטר,false,,14.40,3.6000,true,1,29545
7290000295121,false,מטליות זיגזג סנו סושי לניקוי רצפות 3יח',עופרטקס,IL,מטלית זיגזג 3יח,יחידה,0.00,יחידה,false,,10.20,0.0000,true,1,29546
7290000295299,false,סנו סושי כריות הפלא רב תכלתיות רביעייה,סנו מפעלי ברונו בעמ,IL,כריות יפניות סנו סוש,יחידה,0.00,יחידה,false,,10.20,0.0000,true,1,29547
7290000295404,false,סנו סושי שקית אשפה חזקות 70*50 60 יח',מיוצר עי קונדיטוריית,IL,שקיות אשפה נשלפות סנ,יחידה,0.00,יחידה,false,,19.60,0.0000,true,1,29552
7290000295503,false,סנו סושי שקיות אוכל מתכלות זוג *150 יח',"אשפלסט תעשיות בע""מ",CN,סנו סושי צמד שקיות א,יחידה,0.00,יחידה,false,,12.70,0.0000,true,1,29553
7290000295558,false,רדיד אלומיניום סנו סושי זוגי 30X7.5מ',מולינו ניקולי s.p.a,TR,צמד רדיד אלומיניום ק,מטרים,15.00,מטר,false,,10.20,0.6800,true,1,29555
7290000295565,false,רדיד אלומיניום סנו סושי זוגי 45X7.5מ',בורסה פזרי,TR,רדיד אלומיניום רחב ב,מטרים,15.00,מטר,false,,14.40,0.9600,true,1,29556
7290000295572,false,"סנו מנקה אסלות 00 זוג * 750 מ""ל",מיוצר עי קונדיטוריית,IL,מנקה אסלות 00 צמד,ליטרים,1.50,ליטר,false,,15.30,10.2000,true,1,29557
7290000300884,false,סיימן גבינת צ'דר אנג,,,סיימן גבינת צ'דר אנג,קילוגרמים,1.00,"ק""ג",true,,111.10,111.1000,true,1,16312
7290000300900,false,טבעול שניצל תירס 8*750גרם רכיבים טבעיים,עיצובים 2020 (4.8),IL,שניצל תירס טבעול רכי,גרמים,750.00,100 גרם,false,,21.30,2.8400,true,1,19467
7290000302027,false,סיגריות טיים רד פקט,דובק,,טיים רד (פקט),יחידה,0.00,יחידה,false,,275.00,0.0000,false,1,4513
7290000302041,false,פאקט טיים ארוך אדום,,,טיים 100 רד (פקט),יחידה,0.00,יחידה,false,,275.00,0.0000,false,1,63399
7290000313160,false,עוגיות חברים זהבה ו-3 הדובים שוקו' אסם 250 גר',היינץ צפון אמריקה מק,IL,חברים זהבה ושלושת הד,גרמים,250.00,100 גרם,false,,7.30,2.9200,true,1,18405
7290000313184,false,עוגיות חברים גן חיות וניל אסם 250 גר',הגביע מוצרי וופלים ב,IL,חברים ביסקויט גן חיו,גרמים,250.00,100 גרם,false,,7.30,2.9200,true,1,18406
7290000313290,false,אסם נודלס נודלס אטריות מסולסלות 200גר,תאי פרזידנט פוד בנגק,TH,נודלס אטריות מסולסלו,יחידה,200.00,יחידה,false,,7.70,0.0385,true,1,18408
7290000318127,false,נקניקיות ביס 380 ג' יחיעם,מעדני יחיעם,IL,נקניקיות ביס 380 גרם,גרמים,380.00,100 גרם,false,,9.40,2.4737,true,1,15282
7290000318479,false,פרושטו בקר יחיעם 100גר,תאי פרזידנט פוד פאבל,IL,פרושטו בקר יחיעם 100,גרמים,100.00,100 גרם,false,,23.00,23.0000,true,1,15289
7290000318493,false,כתףבקר מפולפליחיעם מ,מעדני יחיעם,IL,כתףבקר מפולפליחיעם מ,קילוגרמים,1.00,"ק""ג",true,,110.00,110.0000,true,1,15257
7290000318677,false,סלמי סרוולט 150 ג' יחיעם,מעדני יחיעם,IL,סלמי סרוולט 150גר יח,גרמים,150.00,100 גרם,false,,19.60,13.0667,true,1,15291
7290000318806,false,סלמי סרוולט מעדנ.יחי,מעדני יחיעם,IL,סלמי סרוולט מעדנ.יחי,קילוגרמים,1.00,"ק""ג",true,,119.70,119.7000,true,1,15260
7290000318929,false,סלמי צרפתי יחיעם מעד,מעדני יחיעם,IL,סלמי צרפתי יחיעם מעד,קילוגרמים,1.00,"ק""ג",true,,119.70,119.7000,true,1,15266
7290000318943,false,פסטרמה של פעם 200 גר,תאי פרזידנט פוד פאבל,IL,פסטרמה של פעם 200 גר,גרמים,200.00,100 גרם,false,,18.80,9.4000,true,1,15298
7290000319124,false,סלמי סרוולד יחיעם 25,מעדני יחיעם,IL,סלמי סרוולט 250 גרם,גרמים,250.00,100 גרם,false,,29.80,11.9200,true,1,15301
7290000319131,false,נקניקיות עוף 400 ג' יחיעם,מעדני יחיעם,IL,נקניקיות עוף יחיעם 4,גרמים,400.00,100 גרם,false,,9.40,2.3500,true,1,15302
7290000319339,false,סלמי פרח יחיעם,מעדני יחיעם,IL,סלמי פרח יחיעם,קילוגרמים,1.00,"ק""ג",true,,85.00,85.0000,true,1,15270
7290000319520,false,סאלמי צרפתי יחיעם 10,מעדני יחיעם,IL,סאלמי צרפתי יחיעם 10,גרמים,100.00,100 גרם,false,,16.20,16.2000,true,1,15310
7290000319728,false,סלמי איטלקי מפולפל י,מעדני יחיעם,IL,סלמי איטלקי מפולפל י,קילוגרמים,1.00,"ק""ג",true,,66.00,66.0000,true,1,15272
7290000327051,false,"שישיית סודה בטעם אננס בקבוק 500X6 מ""ל",טמפו 7.5%,IL,סודה בטעם אננס 500 מ,ליטרים,3.00,ליטר,false,,13.00,4.3333,true,1,237073
7290000327075,false,שישיית סודה בטעם למון ליים 500 מל בקבוק,טמפו 7.5%,IL,סודה בטעם למון ליים,ליטרים,3.00,ליטר,false,,13.00,4.3333,true,1,237074
7290000334684,false,טבעות בצל 700 גרם תפוגן,"תעשיות תפוגן בע""מ",IL,טבעות בצל 700 גרם,גרמים,700.00,100 גרם,false,,15.30,2.1857,true,1,19481
7290000345215,false,תה ויסוצקי קלאסיק 100/1 כחול מעודן,מולינו ניקולי s.p.a,IL,תה ויסוצקי קלאסיק 10,גרמים,100.00,100 גרם,false,,13.60,13.6000,true,1,24354
7290000345260,false,תה ויסוצקי 25 שקיקים 1.5 גרם,מולינו ניקולי s.p.a,IL,תה ויסוצקי קלאסיק 25,גרמים,37.50,100 גרם,false,,5.90,15.7333,true,1,24355
7290000345277,false,תה ויסוצקי קלאסיק 75 יחידות,מולינו ניקולי s.p.a,IL,תה ויסוצקי קלאסיק 1.,גרמים,75.00,100 גרם,false,,9.30,12.4000,true,1,24356
7290000345284,false,תה ויסוצקי קלאסיק טעם עשיר 100/1.5יח',מולינו ניקולי s.p.a,IL,תה ויסוצקי 1.5 קלאסי,גרמים,150.00,100 גרם,false,,13.60,9.0667,true,1,24357
7290000345291,false,תה ארל גריי 25 שקיקים ויסוצקי,ויסוצקי,IL,תה ארל גריי 1.5/25,גרמים,37.50,100 גרם,false,,13.60,36.2667,true,1,24358
7290000345307,false,תה ארל גריי 50 שקיקים ויסוצקי,מולינו ניקולי s.p.a,IL,תה ארל גריי 1.5/50,גרמים,75.00,100 גרם,false,,24.70,32.9333,true,1,24359
7290000345536,false,תה נענע 25 שקיקים 1.5 גרם,מולינו ניקולי s.p.a,IL,תה נענע 25 שקיות 1.5,גרמים,37.50,100 גרם,false,,15.30,40.8000,true,1,24360
7290000346021,false,חליטת קמומיל בבונג גן קסום 50 שקיקים,בית ויסוצקי,IL,תה קמומיל 50 שקיקים,גרמים,75.00,100 גרם,false,,30.70,40.9333,true,1,24365
7290000346120,false,חליטת קסם הקינמון 25 שקיקים גן קסום,HIQ FOOD PRODUCTS,IL,תה קסם הקנמון 25 שקי,גרמים,62.50,100 גרם,false,,15.30,24.4800,true,1,24366
7290000346137,false,חליטת הילולי פירות 25 שקיקים גן קסום,HIQ FOOD PRODUCTS,IL,תה הילולי פירות 25 ש,גרמים,62.50,100 גרם,false,,15.30,24.4800,true,1,24367
7290000346199,false,חליטת פירות היער 25 שקיקים גן קסום,HIQ FOOD PRODUCTS,IL,תה פירות יער 25 שקיק,גרמים,67.50,100 גרם,false,,15.30,22.6667,true,1,24371
7290000346205,false,חליטת קמומיל 25 שקיקים הגן קסום,HIQ FOOD PRODUCTS,IL,תה קמומיל 25 שקיקים,גרמים,37.50,100 גרם,false,,15.30,40.8000,true,1,24372
7290000346212,false,תה בטעם מנטה 25 שקיקים גן קסום,HIQ FOOD PRODUCTS,IL,תה מנטה 25 שקיקים,גרמים,50.00,100 גרם,false,,15.30,30.6000,true,1,24373
7290000347738,false,תה ירוק נענע 25 שקיקים 1.5 גרם,HIQ FOOD PRODUCTS,IL,תה ירוק נענע 25 שקיק,גרמים,37.50,100 גרם,false,,20.40,54.4000,true,1,24378
7290000347752,false,תה ירוק לימונית ולואיזה 25 שקיקים *1.5 ג'' ויסוצקי,HIQ FOOD PRODUCTS,IL,תה ירוק לימונית ולוא,גרמים,37.50,100 גרם,false,,20.40,54.4000,true,1,24379
7290000363011,false,סלמי קוניאק מובחר טירת צבי במשקל,הנסיך- מפעל לייצור ט,IL,נקניק קוניאק מובחר ט,קילוגרמים,1.00,"ק""ג",true,,64.20,64.2000,true,1,25048
7290000363233,false,קבנוס מובחר 100 גרםטירת צבי,,,קבנוס 100 גרם,גרמים,100.00,100 גרם,false,,8.40,8.4000,true,1,25083
7290000363363,false,קבנוס מיוחד 160 גרםטירת צבי,הנסיך- מפעל לייצור ט,IL,קבנוס מיוחד 160 גרם,גרמים,160.00,100 גרם,false,,12.70,7.9375,true,1,25084
7290000363400,false,סלמי פפרוני טירת צבי,הנסיך- מפעל לייצור ט,IL,סלמי פפרוני טירת צבי,קילוגרמים,1.00,"ק""ג",true,,64.20,64.2000,true,1,25050
7290000363462,false,סלמי מעושן איטלקי טי,טירת- צבי,IL,סלמי מעושן איטלקי טי,קילוגרמים,1.00,"ק""ג",true,,64.20,64.2000,true,1,25051
7290000363486,false,נקניק תה טירת צבי מע,טירת- צבי,IL,נקניק תה טירת צבי מע,קילוגרמים,1.00,"ק""ג",true,,42.80,42.8000,true,1,25052
7290000363899,false,נקניקיות פיקנטיות טירת צבי 400 גר',טירת- צבי,IL,נקניקיות פיקנטיות 40,גרמים,400.00,100 גרם,false,,10.10,2.5250,true,1,25085
7290000364261,false,דקניקים סלסולי כתף בקר 120 ג' טירת צבי,הנסיך- מפעל לייצור ט,IL,סלסולי כתף בקר 120 ג,גרמים,120.00,100 גרם,false,,11.00,9.1667,true,1,25088
7290000364278,false,דקניקים סילסולי סלמי איטלקי 120 ג' טירת צבי,הנסיך- מפעל לייצור ט,IL,סלסולי סלמי איטלקי מ,גרמים,120.00,100 גרם,false,,11.00,9.1667,true,1,25089
7290000364285,false,דקניקים סלסולי פסטרמה הודו 120 ג' טירת צבי,הנסיך- מפעל לייצור ט,IL,טירת צבי סלסולי פסטר,גרמים,120.00,100 גרם,false,,11.00,9.1667,true,1,25090
7290000364292,false,דקניקים סלסולי פסטרמה הודו על גחלים 120 ג' טירת צבי,הנסיך- מפעל לייצור ט,IL,סלסולי פסטרמה גחלים,גרמים,120.00,100 גרם,false,,11.00,9.1667,true,1,25091
7290000364803,false,נקניקיות קרנץ אמריקאי טירת צבי 500 ג',הנסיך- מפעל לייצור ט,IL,נקניקיות קרנץ אמריקא,גרמים,500.00,100 גרם,false,,23.00,4.6000,true,1,25094
7290000364810,false,נקניקיות עגל 500 גרםטירת צבי,הנסיך- מפעל לייצור ט,IL,נקנקיות עגל 500 גרם,גרמים,500.00,100 גרם,false,,23.00,4.6000,true,1,25095
7290000364858,false,"נקניקיות עוף טרי 1 ק""ג טירת צבי",הנסיך- מפעל לייצור ט,IL,נקניקיות עוף טרי 1 ק,קילוגרמים,1.00,"ק""ג",false,,19.60,19.6000,true,1,25096
7290000364872,false,נקניקיות עוף 400 גרםטירת צבי,טיב טירת צבי 2000,IL,נקניקיות עוף 400 גרם,גרמים,400.00,100 גרם,false,,10.20,2.5500,true,1,25097
7290000364957,false,נקניקיות מיני מיני עוף 700 גרםטירת צבי,הנסיך- מפעל לייצור ט,IL,נקנקיות מיני - מיני,גרמים,700.00,100 גרם,false,,17.90,2.5571,true,1,25098
7290000365046,false,כתף מעושן טירת צבי מ,טירת- צבי,IL,כתף מעושן טירת צבי מ,קילוגרמים,1.00,"ק""ג",true,,76.07,76.0700,true,1,25057
7290000365107,false,כתף בקר מפולפל במשקל,טירת- צבי,IL,כתף בקר מפולפל ט.צבי,קילוגרמים,1.00,"ק""ג",true,,77.00,77.0000,true,1,25059
7290000365398,false,חזה הודו בדבשטירת צבי,טירת- צבי,IL,חזה הודו בדבש ט.צבי,קילוגרמים,1.00,"ק""ג",true,,67.60,67.6000,true,1,25063
7290000365909,false,פסטרמה הודו מעושנתטירת צבי,טירת- צבי,IL,פסט.טבעית ט.צבי מעדנ,קילוגרמים,1.00,"ק""ג",true,,67.60,67.6000,true,1,25067
7290000365954,false,פסט.על גחלים ט.צבי מ,טירת- צבי,IL,פסט.על גחלים ט.צבי מ,קילוגרמים,1.00,"ק""ג",true,,67.60,67.6000,true,1,25068
7290000367590,false,צמד כפרי סלמי+פסטרמה 800 גרם טירת צבי,טיב טירת צבי 2000,IL,צמד כפרי נק.סלמי+פסט,גרמים,800.00,100 גרם,false,,21.80,2.7250,true,1,25100
7290000370161,false,גבינת צ'דר בשלה שקיל,,,גבינת צ'דר בשלה שקיל,קילוגרמים,1.00,"ק""ג",true,,81.20,81.2000,true,1,2779
7290000370239,false,גבינה חצי קשה פיקנטי,,,גבינה חצי קשה פיקנטי,קילוגרמים,1.00,"ק""ג",true,,68.40,68.4000,true,1,2784
7290000370352,false,גבינת גאודה מיושנת ש,,,גבינת גאודה מיושנת ש,קילוגרמים,1.00,"ק""ג",true,,101.80,101.8000,true,1,2790
7290000370420,false,גבינת גאודה מהולנד 3,,,גבינת גאודה מהולנד 3,קילוגרמים,1.00,"ק""ג",true,,55.60,55.6000,true,1,2791
7290000370475,false,מב גבינה כחולה עם עו,,,*מבצע* גבינה כחולה ע,קילוגרמים,1.00,"ק""ג",true,,50.50,50.5000,true,1,63926
7290000370741,false,גבינה לבנה מלוחה מחל,,,*מבצע* גבינה לבנה מל,קילוגרמים,1.00,"ק""ג",true,,68.40,68.4000,true,1,235714
7290000371571,false,פסט.פרגיות לבאגט ט.צ,,,פסט.פרגיות לבאגט ט.צ,קילוגרמים,1.00,"ק""ג",true,,67.60,67.6000,true,1,25072
7290000377612,false,"מיץ סחוט תפוזים פריגת 400 מ""ל",גת גבעת חיים,IL,פריגת סחוט תפוזים 40,מיליליטרים,400.00,"100 מ""ל",false,,8.50,2.1250,true,1,6338
7290000382210,false,שקיות גופיה ינות בית,,,שקיות גופיה ינות בית,יחידה,0.00,יחידה,false,,0.10,0.0000,true,1,48
7290000382227,false,שקיות גופיה מגה בעיר,,,שקיות גופיה מגה בעיר,יחידה,0.00,יחידה,false,,0.07,0.0000,true,1,49
7290000385738,false,מנצ`גו משולש. מע.,,,מנצ`גו משולש. מע.,קילוגרמים,1.00,"ק""ג",true,,148.00,148.0000,true,1,14380
7290000385745,false,פיקורינו משולש.מע.,,,פיקורינו משולש.מע.,קילוגרמים,1.00,"ק""ג",true,,148.00,148.0000,true,1,14381
7290000403238,false,סיימן ברי איסיני מעד,,,סיימן ברי איסיני מעד,קילוגרמים,1.00,"ק""ג",true,,111.10,111.1000,true,1,16335
7290000403443,false,סיימן גבינה קברה עיז,,,סיימן גבינה קברה עיז,קילוגרמים,1.00,"ק""ג",true,,170.10,170.1000,true,1,16344
7290000408316,false,יוגורט דנונה דל לקטוז 200 גרם,מיוצר עי קונדיטוריית,IL,דנונה טבעי 3% 200מל,מיליליטרים,200.00,"100 מ""ל",false,,3.30,1.6500,true,1,23002
7290000408354,false,יוגורט עם אורז מצופה שוקולד קקאו 175 ג' דנונה,"שטראוס בריאות בע""מ",IL,דנונה קראנצ' פצפוצים,מיליליטרים,175.00,"100 מ""ל",false,,4.20,2.4000,true,1,23003
7290000410874,false,מעדני הטלה רבעי פרגי,,,רבעי פרגיות מלוח,קילוגרמים,1.00,"ק""ג",true,,42.70,42.7000,true,1,16355
7290000412139,false,ריצפז 3ליטר-ירוק מרכז,סנו,IL,ריצפז סנו אורן 3 ליט,ליטרים,3.00,ליטר,false,,13.60,4.5333,true,1,29562
7290000412481,false,סנו - מנקה אסלות 00 1 ליטר,מיוצר עי קונדיטוריית,IL,מנקה אסלות 1 ליטר 00,ליטרים,1.00,ליטר,false,,6.80,6.8000,true,1,29564
7290000416021,false,ממרח שוקולד השחר חלבי 500 גר',השחר העולה,IL,ממרח שוקולד השחר 500,גרמים,500.00,100 גרם,false,,11.89,2.3780,true,1,28618
7290000416045,false,ממרח שוקולד השחר דלי,השחר העולה תעשייות מ,IL,ממרח שוקולד השחר 1 ק,קילוגרמים,1.00,"ק""ג",false,,21.30,21.3000,true,1,28620
7290000416076,false,צימקאו שוקולד לבישול ואפיה 400 גרם,השחר העולה תעשייות מ,IL,צימקאו לאפיה 400 גר',גרמים,400.00,100 גרם,false,,9.40,2.3500,true,1,28621
7290000416618,false,"ממרח שוקולד השחר פרווה בד""צ 400 גר'",השחר העולה תעשייות מ,IL,ממרח שוקולד פרווה הש,גרמים,400.00,100 גרם,false,,10.20,2.5500,true,1,28628
7290000416632,false,"ממרח שוקולד השחר פרווה 1ק""ג",השחר העולה תעשית ממת,IL,ממרח שוקולד פרווה הש,קילוגרמים,1.00,"ק""ג",false,,20.40,20.4000,true,1,28629
7290000416854,false,אבקת קקאו השחר העולה 150ג',השחר העולה תעשייות מ,IL,קקאו 150 גר',גרמים,150.00,100 גרם,false,,7.60,5.0667,true,1,28632
7290000419114,false,קפה לנדור כחול 200 גרם,קפה לנדוור,IL,לנדוור המקורי קפה טח,גרמים,200.00,100 גרם,false,,13.60,6.8000,true,1,18410
7290000419220,false,לנדוור כחול המקורי קפה טחון טורקי 3*100 גרם 16 יח',קפה לנדוור,IL,לנדוור כחול המקורי ק,גרמים,300.00,100 גרם,false,,15.30,5.1000,true,1,18411
7290000419374,false,לנדוור לבוקר קפה טחון טורקי 3*100 גרם 16 יח',קפה לנדוור,IL,לנדוור לבוקר קפה טחו,גרמים,300.00,100 גרם,false,,15.30,5.1000,true,1,18412
7290000419893,false,לנדוור חזק - קפה טחון טורקי 100 גרם,מולינו ניקולי s.p.a,IL,לנדוור חזק קפה טחון,גרמים,100.00,100 גרם,false,,8.50,8.5000,true,1,18413
7290000420325,false,פופ קורן טבעי למיקרוגל 5 יח',Preston farms,US,פופסטאר פופקורן טבעי,גרמים,500.00,100 גרם,false,,11.00,2.2000,true,1,5730
7290000420332,false,פופ קורן חמאה למיקרוגל 5יח',Preston farms,US,פופסטאר פופקורן חמאה,גרמים,500.00,100 גרם,false,,11.00,2.2000,true,1,5731
7290000420417,false,גלילונית שקיות אשפה 50*70 - 60 יח',"איטיליאן פוד, אס.פי.",IL,גלילונית שקיות אשפה,יחידה,0.00,יחידה,false,,17.00,0.0000,true,1,5732
7290000432489,false,נרות חנוכה מיוחד,,,נרות חנוכה מיוחד,יחידה,0.00,יחידה,false,,4.20,0.0000,true,1,36555
7290000448040,false,נפוליאון גבינת שמנת,,,נפוליאון גבינת שמנת,קילוגרמים,1.00,"ק""ג",true,,33.40,33.4000,true,1,200335
7290000453019,false,שמרים טריים לאפייה שקית שמרית 50 ג',"פאקא תעשיות בע""מ",IL,שמרית שמרים טריים לא,גרמים,50.00,100 גרם,false,,3.80,7.6000,true,1,23004
7290000453125,false,שמרית שמרים טריים לאפייה +משפר אפייה 100ג,"פאקא תעשיות בע""מ",IL,שמרית שמרים טריים לא,גרמים,100.00,100 גרם,false,,6.60,6.6000,true,1,23005
7290000453200,false,בלילה להכנת פנקייק עם רכיבים ביתיים,"פאקא תעשיות בע""מ",DE,בלילה מצוננת פנקייק,גרמים,750.00,100 גרם,false,,17.10,2.2800,true,1,167614
7290000453408,false,בצק פיצה דק מצונן ומוכן לאפייה שמרית,"פאקא תעשיות בע""מ",FR,שמרית בצק פיצה דק מצ,גרמים,415.00,100 גרם,false,,15.00,3.6145,true,1,23006
7290000453415,false,בצק עלים מצונן ומוכן לאפייה שמרית,"פאקא תעשיות בע""מ",FR,שמרית בצק עלים מצונן,גרמים,300.00,100 גרם,false,,13.60,4.5333,true,1,23007
7290000453422,false,בצק פילו מצונן ומוכן לאפייה שמרית,"פאקא תעשיות בע""מ",FR,שמרית בצק פילו מוכן,גרמים,300.00,100 גרם,false,,13.60,4.5333,true,1,23008
7290000453446,false,פיצה קראסט בצק שמרים מצונן להכנת פיצה ופוקצ'ה,"פאקא תעשיות בע""מ",IL,פיצה קראסט שמרית מצו,גרמים,500.00,100 גרם,false,,17.01,3.4020,true,1,195883
7290000453484,false,בצק קדאיף לאפייה שמרית 350 גרם,"פאקא תעשיות בע""מ",GR,בצק קדאיף מצונן שמרי,גרמים,350.00,100 גרם,false,,12.80,3.6571,true,1,260120
7290000453798,false,שמרית שמרים יבשים אקטיביים 500 גר',"גי' בי' רכיבים בע""מ",IL,שמרים יבשים אקטיביים,גרמים,500.00,100 גרם,false,,11.00,2.2000,true,1,21959
7290000453880,false,מרגרינה ללא מלח לאפיה ובישול שמרית 200גר,"פאקא תעשיות בע""מ",IL,מרגרינה ללא מלח לאפי,גרמים,200.00,100 גרם,false,,4.20,2.1000,true,1,23011
7290000453897,false,מרגרינה בטעם חמאה שימרית 200 ג',גרונבאנג- גרונדנסק א,IL,מרגרינה בטעם חמאה 20,גרמים,200.00,100 גרם,false,,4.20,2.1000,true,1,23012
7290000455456,false,נסיכת הנילוס פילה פר,,,נסיכת הנילוס פילה פר,קילוגרמים,1.00,"ק""ג",true,,59.80,59.8000,true,1,34941
7290000461047,false,סיימן ברי לה רוסטיק,,,סיימן ברי לה רוסטיק,קילוגרמים,1.00,"ק""ג",true,,170.10,170.1000,true,1,16357
7290000461793,false,בייגלה ארוך ארוך סידרה ירוקה 200גר,בייגל את בייגל מזון,IL,ביגלה ארוך ארוך דל ש,גרמים,150.00,100 גרם,false,,5.10,3.4000,true,1,10310
7290000462103,false,סחוג אדום חריף עדין (מכסה לבן) 150 גרם,קריניסה ויטמין אס אי,IL,סחוג אדום חריף עדין,גרמים,150.00,100 גרם,false,,6.80,4.5333,true,1,23013
7290000462141,false,סחוג אדום חריף מאוד (מכסה אדום) 150 גרם,קריניסה ויטמין אס אי,IL,סחוג אדום חריף מאוד,גרמים,150.00,100 גרם,false,,6.80,4.5333,true,1,23014
7290000462172,false,סחוג ירוק חריף מאוד מ.ירוק 150 גרם,קריניסה ויטמין אס אי,IL,סחוג ירוק חריף מאוד,גרמים,150.00,100 גרם,false,,6.80,4.5333,true,1,23016
7290000462310,false,סיימן סנט מור במשקל.,,,סיימן סנט מור במשקל.,קילוגרמים,1.00,"ק""ג",true,,170.10,170.1000,true,1,16363
7290000474090,false,חלב הומוגני 1% קרטון טרה 1ל',מילקו תעשיות בעמ,IL,טרה חלב בקרטון 1% 1ל,ליטרים,1.00,ליטר,false,,5.01,5.0100,true,1,6345
7290000474502,false,גבינה לבנה 5% 250ג' טרה מהדרין,טרה,IL,טרה גבינה לבנה 5% 25,גרמים,250.00,100 גרם,false,,4.26,1.7040,true,1,6354
7290000474540,false,גבינה טוב טעם 3% טרה 250ג' מהדרין,טרה,IL,טוב טעם גבינה 3% 250,גרמים,250.00,100 גרם,false,,9.80,3.9200,true,1,6355
7290000474830,false,גבינה צהובה מגורדת 28% שומן 500 ג' נעם,מילקו תעשיות בעמ,IL,נעם גבינה צהובה מגור,גרמים,500.00,100 גרם,false,,28.10,5.6200,true,1,6356
7290000478157,false,מעדני הטלה רבעי פרגי,,,רבעי פרגיות מתוק,קילוגרמים,1.00,"ק""ג",true,,42.70,42.7000,true,1,251970
7290000480332,false,גד גבינת גאודה בקר מ,,,גאודה בקר משולש גד 3,קילוגרמים,1.00,"ק""ג",true,,97.00,97.0000,true,1,230018
7290000480363,false,קאשקבל גלגל גד 26% ב,,,קאשקבל גלגל גד 26% ב,קילוגרמים,1.00,"ק""ג",true,,118.00,118.0000,true,1,230004
7290000480442,false,קוואקר שיבולת שועל שקית 500 גר',פריטו ליי FRITO-LAY,IL,שיבולת שועל בשקית קו,גרמים,500.00,100 גרם,false,,10.20,2.0400,true,1,23917
7290000481531,false,דגנית עין בר לחמניות אצבע מחיטה מלאה בשקית 750 ג',יוניליוור גרמניה Gm,IL,לחמניות 10 יחידות חי,גרמים,750.00,100 גרם,false,,11.90,1.5867,true,1,4462
7290000481883,false,דגנית עין בר מארז לחמניות 10 יח'*75 ג',יוניליוור גרמניה Gm,IL,10 לחמניות דגנית,גרמים,750.00,100 גרם,false,,11.90,1.5867,true,1,4466
7290000482019,false,שקיות קוקי רגיל צליה 10יח',"ש. שסטוביץ בע""מ",IL,שקיות קוקי רגיל 10יח,יחידה,0.00,יחידה,false,,10.20,0.0000,true,1,21172
7290000482049,false,הבולגריה קוביות שמן,,,הבולגריה קוביות שמן,קילוגרמים,1.00,"ק""ג",true,,64.20,64.2000,true,1,2795
7290000484747,false,עראק עלית 700 מל 40% כהל,יקב הגליל שווק בעמ,IL,"עלית הארק 40% 700 מ""",מיליליטרים,700.00,"100 מ""ל",false,,51.20,7.3143,true,1,28653
7290000490717,false,מאגדת גלית- שלגון חלבי בטעם וניל עם ציפו,הגלידות של פלדמן,IL,גלית שרבט בטעם תות 8,גרמים,560.00,100 גרם,false,,21.30,3.8036,true,1,35823
7290000490762,false,מאגדת גלידל שוקו 8 יח דיאט,הגלידות של פלדמן,IL,גלידל מאגדת בטעם שוק,גרמים,400.00,100 גרם,false,,27.30,6.8250,true,1,35824
7290000493176,false,אבקת רוטב צלי לבשר 22ג' אסם,"אסם השקעות בע""מ",IL,אסם אבקת רוטב צלי לב,גרמים,22.00,100 גרם,false,,3.30,15.0000,true,1,18445
7290000493183,false,אבקת רוטב פטריות לבשר-30 גרם,"אסם השקעות בע""מ",IL,אסם אבקת רוטב פטריות,גרמים,30.00,100 גרם,false,,3.30,11.0000,true,1,18446
7290000496209,false,פילה סלמון קפוא 1.0-,,,פילה סלמון קפוא 1.0-,קילוגרמים,1.00,"ק""ג",true,,68.30,68.3000,true,1,342188
7290000504025,false,סוכרזית פטריה 300 טבליות,אף.סי תבליני בגליל ב,IL,סוכרזית פטריה 300 טב,גרמים,246.00,100 גרם,false,,7.30,2.9675,true,1,21966
7290000504049,false,סוכרזית קנקן 1200 טבליות,אף.סי תבליני בגליל ב,IL,סוכרזית קנקן 1200 טב,גרמים,984.00,100 גרם,false,,20.50,2.0833,true,1,21967
7290000504209,false,"סוכרזית דיאט טיפ נוזלי 220 מ""ל",אף.סי תבליני בגליל ב,IL,דיאט טיפ-ממתיק,מיליליטרים,220.00,"100 מ""ל",false,,12.80,5.8182,true,1,21968
7290000504278,false,סוכרזית - קלאסי פטנט 700 טבליות,אף.סי תבליני בגליל ב,IL,סוכרזית פטנט 700 טבל,גרמים,574.00,100 גרם,false,,11.90,2.0732,true,1,21970
7290000507383,false,בולגרית 5% פנחס אמית,,,בולגרית 5% פנחס אמית,קילוגרמים,1.00,"ק""ג",true,,64.20,64.2000,true,1,16368
7290000511706,false,גבינת גאודה עם כמון,,,גבינת גאודה עם כמון,קילוגרמים,1.00,"ק""ג",true,,90.00,90.0000,true,1,2801
7290000511904,false,בייבי אדם הולנד וילי,,,*מבצע* בייבי אדם הול,קילוגרמים,1.00,"ק""ג",true,,55.60,55.6000,true,1,2803
7290000521404,false,"יין מרום גליל קברנה סוביניון סינגל 750 מ""ל",כרמי צבי אחים סגל בע,IL,מרום גליל סינגל קברנ,מיליליטרים,750.00,"100 מ""ל",false,,33.30,4.4400,true,1,9389
7290000521428,false,יין מרום גליל שרדונה 750 מל,כרמי צבי-אחים סגל בע,IL,מרום גליל סינגל שרד,מיליליטרים,750.00,"100 מ""ל",false,,33.30,4.4400,true,1,9391
7290000523125,false,מלח הארץ הים האדום 250 ג' עדין,חברת מלח הארץ אילת ב,IL,מלח ים יבש הארץ 250,גרמים,250.00,100 גרם,false,,4.80,1.9200,true,1,24381
7290000523224,false,מלח הארץ הים האדום 500 ג' עדין,חברת מלח הארץ אילת ב,IL,מלח ים יבש הארץ 500,גרמים,500.00,100 גרם,false,,6.80,1.3600,true,1,15223
7290000523514,false,מלח הארץ 50% מכמות הנתרן 250 גרם,חברת מלח הארץ אילת ב,IL,מלח 50% פחות נתרן הא,גרמים,250.00,100 גרם,false,,8.40,3.3600,true,1,15224
7290000523521,false,מלח ים מועשר ביוד 250 ג' מלח הארץ,חברת מלח הארץ אילת ב,IL,מלח מעושר ביוד הארץ,גרמים,250.00,100 גרם,false,,5.10,2.0400,true,1,24382
7290000523804,false,"מלח עדין צנצנת 1 ק""ג מלח הארץ",חברת מלח הארץ אילת ב,IL,מלח עדין בצנצנת הארץ,קילוגרמים,1.00,"ק""ג",false,,6.40,6.4000,true,1,24383
7290000523811,false,"צנצנת מלח גס 1 ק""ג מלח הארץ",חברת מלח הארץ אילת ב,IL,מלח גס בצנצנת הארץ 1,קילוגרמים,1.00,"ק""ג",false,,6.40,6.4000,true,1,24384
7290000525969,false,פרימור סחוט תפוזים טבעי 1ל',"גניר (1992) בע""מ",IL,פרימור מיץ תפוזים 1ל,ליטרים,1.00,ליטר,false,,13.60,13.6000,true,1,23020
7290000530024,false,תה מעושן רחב זוגלובק,זוגלובק,IL,תה מעושן זוגלובק,קילוגרמים,1.00,"ק""ג",true,,40.00,40.0000,true,1,38447
7290000530031,false,סלמי פיין צר זוגלובק,,,סלמי פיין צר זוגלובק,קילוגרמים,1.00,"ק""ג",true,,51.00,51.0000,true,1,38448
7290000530048,false,סלמי פפרוני זוגלובק,זוגלובק,IL,סלמי פפרוני זוגלובק,קילוגרמים,1.00,"ק""ג",true,,54.00,54.0000,true,1,38449
7290000530062,false,סלמי מעו. איטלקי זוג,זוגלובק,IL,סלמי מעו. איטלקי זוג,קילוגרמים,1.00,"ק""ג",true,,77.00,77.0000,true,1,38450
7290000530086,false,נקניק סלמי מעושן 600 ג' זוגלובק,זוגלובק,IL,סלמי מעושן 7000 א.מ.,גרמים,600.00,100 גרם,false,,28.20,4.7000,true,1,38485
7290000530109,false,קבנוס זוגי בואקום זוגלובק 180ג',זוגלובק,IL,זוג קבנוס בוואקום 36,גרמים,360.00,100 גרם,false,,21.30,5.9167,true,1,38486
7290000530116,false,נקניק סלמי מעושן בשן 470 ג' זוגלובק,זוגלובק,IL,סלמי מעושן בשן זוגלו,גרמים,470.00,100 גרם,false,,19.60,4.1702,true,1,38487
7290000530192,false,נקניק סרבלד זוגלובק,זוגלובק,IL,נקניק סרבלד זוגלובק,קילוגרמים,1.00,"ק""ג",true,,105.20,105.2000,true,1,38454
7290000530260,false,נקניק מורטדלה זוגלוב,זוגלובק,IL,נקניק מורטדלה זוגלוב,קילוגרמים,1.00,"ק""ג",true,,33.00,33.0000,true,1,38455
7290000530291,false,נקניק מבשר הודו קטן 800 ג' זוגלובק,זוגלובק,IL,זוגלובק נקניק מבשר ה,גרמים,800.00,100 גרם,false,,16.20,2.0250,true,1,38489
7290000530369,false,חזה הודו מעושן גולן,זוגלובק,IL,פסט. גולן 3% זוגלובק,קילוגרמים,1.00,"ק""ג",true,,68.40,68.4000,true,1,38457
7290000530444,false,כתף בקר מעושן זוגלוב,זוגלובק,IL,כתף בקר מעושן זוגלוב,קילוגרמים,1.00,"ק""ג",true,,94.00,94.0000,true,1,38458
7290000530468,false,נקניקיות וינר זוגלוב,זוגלובק,IL,נקניקיות וינר טרי 1ק,קילוגרמים,1.00,"ק""ג",false,,21.30,21.3000,true,1,38491
7290000530598,false,נקניקיות וינר 500 ג' טרי זוגלובק,זוגלובק,IL,נקניקיות וינר טרי זו,גרמים,500.00,100 גרם,false,,10.20,2.0400,true,1,38494
7290000530703,false,זוג במארז חרמון הודו + סלמי תה זוגלובק 800 גר',זוגלובק,IL,זוג תה 400 + חרמון 4,גרמים,800.00,100 גרם,false,,23.80,2.9750,true,1,38496
7290000531410,false,פסטרממיה בדבש טהור,זוגלובק,IL,פסט. בדבש טהור 3% זו,קילוגרמים,1.00,"ק""ג",true,,68.40,68.4000,true,1,38460
7290000532400,false,ברביקיו חזה הודו זוג,זוגלובק,IL,ברביקיו חזה הודו זוג,קילוגרמים,1.00,"ק""ג",true,,68.40,68.4000,true,1,38461
7290000532585,false,רוסטביף 4% זוגלובק,זוגלובק,IL,רוסטביף 4% זוגלובק,קילוגרמים,1.00,"ק""ג",true,,103.00,103.0000,true,1,38462
7290000532721,false,כתף בקר מפולפל טורו,זוגלובק,IL,כתף בקר מפולפל טורו,קילוגרמים,1.00,"ק""ג",true,,94.00,94.0000,true,1,38463
7290000533353,false,"בצק עלים צרפתי 1 ק""ג זוגלובק",מאפיית אריאל וגידרון,IL,זוגלובק בצק עלים 1קג,קילוגרמים,1.00,"ק""ג",false,,11.90,11.9000,true,1,38501
7290000534718,false,פסטרמה תבור דל שומן,זוגלובק,IL,תבור חזה מעושן ד.ש.,קילוגרמים,1.00,"ק""ג",true,,68.40,68.4000,true,1,38468
7290000534800,false,פסטרמה רומנית 4% זוג,זוגלובק,IL,פסטרמה רומנית 4% זוג,קילוגרמים,1.00,"ק""ג",true,,68.40,68.4000,true,1,38469
7290000534824,false,חרמון-חזה הודו מעושן,זוגלובק,IL,חרמון 3% זוגלובק במש,קילוגרמים,1.00,"ק""ג",true,,45.00,45.0000,true,1,38470
7290000537566,false,נקניקיות עוף טרי 400 ג' זוגלובק,זוגלובק,IL,נקניקיות עוף טרי 400,גרמים,400.00,100 גרם,false,,9.80,2.4500,true,1,38513
7290000537603,false,נקניקיות עוף זוגלובק,זוגלובק,IL,"נקנקיות עוף 1 ק""ג -ז",קילוגרמים,1.00,"ק""ג",false,,21.30,21.3000,true,1,38514
7290000538709,false,סלמי תה מעושן 200 ג' זוגלובק,זוגלובק,IL,תה מעושן 200 גרם,גרמים,200.00,100 גרם,false,,12.80,6.4000,true,1,38519
7290000552118,false,נקניקיות מרגז טיבון ויל 400 ג',טיבון ויל אחזקות בעמ,IL,נקנקיות מרגז 400 גרם,גרמים,400.00,100 גרם,false,,17.90,4.4750,true,1,16557
7290000552194,false,קישקע קפוא 500 גרם,טיבון ויל אחזקות בעמ,IL,קישקע קפוא 500 גרם,גרמים,500.00,100 גרם,false,,11.10,2.2200,true,1,16559
7290000552934,false,טחון הודו 500 גרם,קרלו,IL,טחון הודו 500 גרם,גרמים,500.00,100 גרם,false,,11.10,2.2200,true,1,16563
7290000552989,false,בשר טחון מובחר 500 גרם,"טיבון ויל אחזקות בע""",IL,בשר עגל טחון קפוא 50,גרמים,500.00,100 גרם,false,,18.80,3.7600,true,1,16564
7290000554402,false,מלבי מעדן חלב גד 170,"מיוצר ע""י קוד יצרן E",IL,"גד מלבי 160 מ""ל",מיליליטרים,160.00,"100 מ""ל",false,,5.50,3.4375,true,1,14387
7290000554457,false,גבינה צפתית מיני 5% גד 350ג',"מחלבות גד בע""מ",IL,גד צפתית מיני 5% 350,גרמים,350.00,100 גרם,false,,18.70,5.3429,true,1,14388
7290000554471,false,גבינת מוצרלה 22% נקניק 180ג' גד,"מחלבות גד בע""מ",IL,גד מוצרלה נקניק טבעי,גרמים,180.00,100 גרם,false,,15.00,8.3333,true,1,14389
7290000554532,false,גבינה צפתית מעודנת במלח ים 5% 200 ג' גד,הנסיך- מפעל לייצור ט,IL,גד צפתית מעודנת במלח,גרמים,200.00,100 גרם,false,,13.50,6.7500,true,1,14390
7290000554624,false,ירח מתוק 3% 150 גרם רובין,"מיוצר ע""י קוד יצרן E",IL,גד ירח מתוק 150מל,גרמים,150.00,100 גרם,false,,5.50,3.6667,true,1,14392
7290000554686,false,לאבנה שמן זית וזעתר 5% 250 גרם - רבנות,מחלבות גד בעמ,IL,גד לאבנה בשמן זית וז,גרמים,250.00,100 גרם,false,,13.20,5.2800,true,1,14393
7290000554822,false,גבינת ריקוטה טבעי 5% שומן 250 ג' גד,מחלבות גד בעמ,IL,גד ריקוטה טבעי 5% 25,גרמים,250.00,100 גרם,false,,12.70,5.0800,true,1,14395
7290000554839,false,שמנת מתוקה קשה בסגנון איטלקי 40% שומן 250 ג' גד,מחלבות גד בעמ,IL,גד מסקרפונה 40% 250ג,גרמים,250.00,100 גרם,false,,19.60,7.8400,true,1,14396
7290000560295,false,אוסובוקו בקר פרוס אר,,,אוסובוקו בקר פרוס אר,קילוגרמים,1.00,"ק""ג",true,,51.20,51.2000,true,1,307495
7290000560540,false,אדג' ג'ל כתום לעור רגיש 198גרם,המאפיה של הרמן,US,ג'ל גילוח כתום לעור,מיליליטרים,200.00,"100 מ""ל",false,,13.60,6.8000,true,1,5741
7290000561097,false,תערובת פיצוחים 150 ג,,,תערובת פיצוחים 150 ג,גרמים,150.00,100 גרם,false,,15.30,10.2000,true,1,1420
7290000561202,false,גרעין חמניה קלוי 200,,,גרעין חמניה קלוי 200,גרמים,200.00,100 גרם,false,,5.90,2.9500,true,1,1427
7290000561233,false,בוטן קלוי 200ג פיצוח,,,בוטן קלוי 200ג פיצוח,גרמים,200.00,100 גרם,false,,6.80,3.4000,true,1,1429
7290000561240,false,גרעין דלעת קלוי 200ג,,,גרעין דלעת קלוי 200ג,גרמים,200.00,100 גרם,false,,8.50,4.2500,true,1,1430
7290000561714,false,צנובר 100 גרם,,,צנובר 100 גרם,גרמים,100.00,100 גרם,false,,21.30,21.3000,true,1,1452
7290000571109,false,פילה סלמון פרימיום ק,,,פילה סלמון פרימיום ק,קילוגרמים,1.00,"ק""ג",true,,55.50,55.5000,true,1,76950
7290000571119,false,גאודה חריץ בית יצחק,תנובה מרכז שיתופי לש,IL,גאודה טבעי המחלבה,קילוגרמים,1.00,"ק""ג",true,,96.00,96.0000,true,1,25417
7290000571188,false,גבינת גאודה תום עיזים במשקל,תנובה מרכז שיתופי לש,IL,גאודה תום עזים המחלב,קילוגרמים,1.00,"ק""ג",true,,124.00,124.0000,true,1,25419
7290000571294,false,גאודה מעושנת המחלבה,מחלבה בית יצחק,IL,גאודה מעושנת המחלבה,קילוגרמים,1.00,"ק""ג",true,,96.00,96.0000,true,1,25421
7290000574035,false,לחם אחיד פרוס 750ג' דגנית עין בר,יוניליוור גרמניה Gm,IL,לחם אחיד פרוס דגנית,גרמים,750.00,100 גרם,false,,6.08,0.8107,true,1,4472
7290000574141,false,לחם חיטה מלא 750ג' דגנית עין בר,דגנית עין בר תעשיות,IL,לחם חיטה מלאה דגנית,גרמים,750.00,100 גרם,false,,12.80,1.7067,true,1,4478
7290000574172,false,לחם קל מחיטה מלאה 750 ג' דגנית עין בר,יוניליוור גרמניה Gm,IL,לחם קל חיטה מלאה דגנ,גרמים,750.00,100 גרם,false,,10.20,1.3600,true,1,4480
7290000578085,false,גבינת מוצרלה 21% ויל,,,גבינת מוצרלה 21% ויל,קילוגרמים,1.00,"ק""ג",true,,55.00,55.0000,true,1,2804
7290000578853,false,סיימן גבינת טרמנדס כ,,,סיימן גבינת טרמנדס כ,קילוגרמים,1.00,"ק""ג",true,,170.10,170.1000,true,1,144354
7290000599847,false,רב מגבת מויסקו,,,רב מגבת מויסקו,יחידה,0.00,יחידה,false,,8.90,0.0000,true,1,13460
7290000604343,false,תמר דקל נור 400גר,,,תמר דקל נור 400גר,גרמים,400.00,100 גרם,false,,9.90,2.4750,true,1,42498
7290000611299,false,פילה נסיכת הנילוס 50,,,פילה נסיכת הנילוס 50,קילוגרמים,1.00,"ק""ג",true,,59.75,59.7500,true,1,286541
7290000614481,false,סטייק אנטריקוט חלק א,,,סטייק אנטריקוט חלק א,קילוגרמים,1.00,"ק""ג",true,,59.80,59.8000,true,1,320232
7290000614498,false,צלעות בקר (2) חלק א,,,צלעות בקר (2) חלק א,קילוגרמים,1.00,"ק""ג",true,,42.70,42.7000,true,1,320174
7290000614528,false,צלי כתף מס' 5 חלק אר,,,צלי כתף מס' 5 חלק אר,קילוגרמים,1.00,"ק""ג",true,,59.80,59.8000,true,1,211519
7290000614559,false,שריר הזרוע מס' 8 חלק,,,שריר הזרוע מס' 8 חלק,קילוגרמים,1.00,"ק""ג",true,,25.60,25.6000,true,1,211534
7290000614566,false,אסאדו מס' 9 חלק ארוז,,,אסאדו מס' 9 חלק ארוז,קילוגרמים,1.00,"ק""ג",true,,51.20,51.2000,true,1,211505
7290000614580,false,בשר לחמין חלק ארוז,,,בשר לחמין חלק ארוז,קילוגרמים,1.00,"ק""ג",true,,25.60,25.6000,true,1,211548
7290000628170,false,צלי כתף מס' 5 חלק בר,,,צלי כתף מס' 5 חלק בר,קילוגרמים,1.00,"ק""ג",true,,59.70,59.7000,true,1,244994
7290000644783,false,סלמון מנות רביעיה תנ,טרוטל,NO,דגי תנובה נתחי פילה,קילוגרמים,1.00,"ק""ג",true,,76.90,76.9000,true,1,26244
7290000646299,false,פילה נסיכת הנילוס קפוא,דגי תנובה,ZA,פילה נסיכה 100% דגי,קילוגרמים,1.00,"ק""ג",true,,47.00,47.0000,true,1,151267
7290000652177,false,נתחי פילה נסיכת הנילוס קפוא,,,נתחי פילה נסיכה 100%,קילוגרמים,1.00,"ק""ג",true,,59.80,59.8000,true,1,90366
7290000652542,false,פילה אמנון 5-7 100% דג,,CN,פילה אמנון 5-7 100%,קילוגרמים,1.00,"ק""ג",true,,29.90,29.9000,true,1,90351
7290000654546,false,פילה אמנון קפוא 100% דג,תנובה,IL,פילה אמנון 7-9 100%,קילוגרמים,1.00,"ק""ג",true,,29.90,29.9000,true,1,90353
7290000655376,false,פילה דניס קפוא שקיל,,TR,פילה דניס קפוא,קילוגרמים,1.00,"ק""ג",true,,76.90,76.9000,true,1,26250
7290000659312,false,דגי תנובה פילה סלומון קפוא בוואקום,PEQUERA DEL,IL,דגי תנובה פילה סלמון,קילוגרמים,1.00,"ק""ג",true,,59.80,59.8000,true,1,26254
7290000662213,false,נתח פילה סלמון תנובה,הרמס,NO,נתח פילה סלמון קפוא,קילוגרמים,1.00,"ק""ג",true,,76.90,76.9000,true,1,26256
7290000663036,false,פילה אמנון קפוא ללא עור 100% דג תנובה,תנובה,IL,פילה אמנון ללא עור 1,קילוגרמים,1.00,"ק""ג",true,,38.40,38.4000,true,1,151268
7290000663098,false,שווארמה ריב אנטריקות,זוהר בשר,IL,שווארמה אנטריקוט 300,גרמים,300.00,100 גרם,false,,30.70,10.2333,true,1,136736
7290000679318,false,חזה הודו נקבה ארוז,,,חזה הודו נקבה ארוז,קילוגרמים,1.00,"ק""ג",true,,29.00,29.0000,true,1,49450
7290000679332,false,כנף הודו נקבה ארוז,,,כנף הודו נקבה ארוז,קילוגרמים,1.00,"ק""ג",true,,16.20,16.2000,true,1,49452
7290000679356,false,שוקיים הודו נקבה ארו,,,שוקיים הודו נקבה ארו,קילוגרמים,1.00,"ק""ג",true,,23.00,23.0000,true,1,49454
7290000679363,false,שווארמה הודו נקבה אר,,,שווארמה הודו נקבה אר,קילוגרמים,1.00,"ק""ג",true,,59.80,59.8000,true,1,49455
7290000679370,false,גרון הודו נקבה ארוז,,,גרון הודו נקבה ארוז,קילוגרמים,1.00,"ק""ג",true,,25.60,25.6000,true,1,49456
7290000680123,false,כנפיים עוף טרי ארוז,,,כנפיים עוף טרי ארוז,קילוגרמים,1.00,"ק""ג",true,,9.40,9.4000,true,1,49469
7290000680130,false,שוקיים עוף טרי ארוז,,,שוקיים עוף טרי ארוז,קילוגרמים,1.00,"ק""ג",true,,24.80,24.8000,true,1,49470
7290000680147,false,כרעיים עוף טרי ארוז,,,כרעיים עוף טרי ארוז,קילוגרמים,1.00,"ק""ג",true,,23.00,23.0000,true,1,49471
7290000680154,false,שניצל עוף טרי ארוז,,,שניצל עוף טרי ארוז,קילוגרמים,1.00,"ק""ג",true,,29.90,29.9000,true,1,49472
7290000680161,false,חזה עוף שלם טרי ארוז,,,חזה עוף שלם טרי ארוז,קילוגרמים,1.00,"ק""ג",true,,27.30,27.3000,true,1,49473
7290000680178,false,ירכיים עוף טרי ארוז,,,ירכיים עוף טרי ארוז,קילוגרמים,1.00,"ק""ג",true,,23.00,23.0000,true,1,49474
7290000680185,false,פילה עוף טרי ארוז,,,פילה עוף טרי ארוז,קילוגרמים,1.00,"ק""ג",true,,29.90,29.9000,true,1,49475
7290000680444,false,עוף שלם טרי ארוז,,,עוף שלם טרי ארוז,קילוגרמים,1.00,"ק""ג",true,,16.20,16.2000,true,1,49477
7290000680451,false,כבד עוף טרי ארוז.,,,כבד עוף טרי ארוז.,קילוגרמים,1.00,"ק""ג",true,,17.10,17.1000,true,1,49478
7290000680468,false,קורקבן עוף טרי ארוז,,,קורקבן עוף טרי ארוז,קילוגרמים,1.00,"ק""ג",true,,8.50,8.5000,true,1,49479
7290000680475,false,לבבות עוף טרי ארוז,,,לבבות עוף טרי ארוז,קילוגרמים,1.00,"ק""ג",true,,23.90,23.9000,true,1,49480
7290000680529,false,שניצל עוף טרי ארוז,,,שניצל עוף טרי ארוז,קילוגרמים,1.00,"ק""ג",true,,31.60,31.6000,true,1,49483
7290000680536,false,סטייק פרגית טרי כרע,,,סטייק פרגית טרי כרע,קילוגרמים,1.00,"ק""ג",true,,42.70,42.7000,true,1,49484
7290000681304,false,כרעיים עוף טרי מחפוד,,,כרעיים עוף טרי מחפוד,קילוגרמים,1.00,"ק""ג",true,,28.20,28.2000,true,1,49487
7290000681311,false,ירכיים עוף טרי מחפוד,,,ירכיים עוף טרי מחפוד,קילוגרמים,1.00,"ק""ג",true,,28.20,28.2000,true,1,49488
7290000681328,false,מחפוד שוקיים עוף טרי,,,מחפוד שוקיים עוף טרי,קילוגרמים,1.00,"ק""ג",true,,31.60,31.6000,true,1,49489
7290000681366,false,כנפיים עוף מחפוד ב-ק,,,כנפיים עוף מחפוד ב-ק,קילוגרמים,1.00,"ק""ג",true,,12.80,12.8000,true,1,49493
7290000681373,false,גרון עוף טרי מחפוד א,,,גרון עוף טרי מחפוד א,קילוגרמים,1.00,"ק""ג",true,,8.50,8.5000,true,1,49494
7290000681380,false,שניצל עוף טרי מחפוד,,,שניצל עוף טרי מחפוד,קילוגרמים,1.00,"ק""ג",true,,29.90,29.9000,true,1,49495
7290000688084,false,מי עדן בקבוק ספורט 5,מופק ממקור בזלתי עדן,IL,מי עדן 1/2 ליטר ספור,מיליליטרים,500.00,"100 מ""ל",false,,2.50,0.5000,true,1,11458
7290000688176,false,"מי עדן בייבי 330 מ""ל",מופק ממקור בזלתי עדן,IL,"מי עדן בייבי 330 מ""ל",מיליליטרים,250.00,"100 מ""ל",false,,2.60,1.0400,true,1,11460
7290000688374,false,"שישיית מי עדן קטקטים 250 מ""ל","מי עדן בע""מ",IL,"מי עדן בייבי 330 מ""ל",ליטרים,1.98,ליטר,false,,13.00,6.5657,true,1,11461
7290000688381,false,שישיית מי עדן פקק ספורט 0.5 ליטר,"מי עדן בע""מ",IL,מי עדן פקק ספורט 6*5,ליטרים,3.00,ליטר,false,,12.20,4.0667,true,1,11462
7290000688466,false,מי עדן GYM בקבוק ספו,מופק ממקור בזלתי עדן,IL,מי עדן ג'ים 750מל,מיליליטרים,750.00,"100 מ""ל",false,,2.60,0.3467,true,1,11464
7290000688503,false,"שישיית מי עדן ג'ים 750 מ""ל","מי עדן בע""מ",IL,מי עדן ג'ים 6*750מל,ליטרים,4.50,ליטר,false,,13.90,3.0889,true,1,11465
7290000688732,false,שישיית מי עדן 1.5 ליטר משפחתי,"מי עדן בע""מ",,מי עדן 6*1.5 ליטר,ליטרים,9.00,ליטר,false,,9.50,1.0556,true,1,11470
7290000692210,false,אג'קס ניקוי כללי לוונדר 2ל',הנסיך- מפעל לייצור ט,GR,אג'קס ניקוי כללי ורצ,ליטרים,2.00,ליטר,false,,17.90,8.9500,true,1,21177
7290000692227,false,נוזל כלים פלמוליב צילינדר קלאסי 1 ליטר,יבואן ומשווק: ש. שסט,GR,פלמוליב לכלים קלאסי-,יחידה,0.00,יחידה,false,,11.90,0.0000,true,1,21178
7290000692456,false,אג'קס חלונות זוג 750*2 מל ספריי ורפיל,הנסיך- מפעל לייצור ט,GR,אגקס חלונות זוג,ליטרים,1.50,ליטר,false,,21.30,14.2000,true,1,21181
7290000725600,false,סקנדינבית חריץ מע.,,,סקנדינבית חריץ מע.,קילוגרמים,1.00,"ק""ג",true,,68.00,68.0000,true,1,25426
7290000731138,false,פילה מדומה עגל כשר ט,,,פילה מדומה עגל כשר ט,קילוגרמים,1.00,"ק""ג",true,,68.30,68.3000,true,1,1789
7290000740212,false,נקניקיות ג'מבו שקיל,,,נקניקיות ג'מבו שקיל,קילוגרמים,1.00,"ק""ג",true,,17.10,17.1000,true,1,38480
7290000803067,false,"אלמקס משחת שיניים לילדים 75 מ""ל",הנסיך- מפעל לייצור ט,PL,משחת שיניים לילדים א,מיליליטרים,75.00,"100 מ""ל",false,,13.60,18.1333,true,1,21185
7290000835954,false,פילה אמנון 5-7 בוואק,,,פילה אמנון 5-7 בוואק,קילוגרמים,1.00,"ק""ג",true,,23.00,23.0000,true,1,69698
7290000835961,false,פילה אמנון 7-9 בוואק,,,פילה אמנון 7-9 בוואק,קילוגרמים,1.00,"ק""ג",true,,25.60,25.6000,true,1,69699
7290000900313,false,פסט. ספרדית ט.צבי מע,,,פסט. ספרדית ט.צבי מע,קילוגרמים,1.00,"ק""ג",true,,67.60,67.6000,true,1,25073
7290000900436,false,טירת צבי פסטרמה איטל,,,פסט.איטלקית ט.צבי מע,קילוגרמים,1.00,"ק""ג",true,,67.60,67.6000,true,1,25076
7290000907970,false,פסטרמה כפרית טירת צב,טירת- צבי,IL,פסטרמה כפרית טירת צב,קילוגרמים,1.00,"ק""ג",true,,41.90,41.9000,true,1,25077
7290000910291,false,פלפל צ`ילי,,,פלפל צ`ילי,גרמים,100.00,100 גרם,false,,7.90,7.9000,true,1,46147
7290000934725,false,עצמות עגל כשר טרי,,,עצמות עגל כשר טרי,קילוגרמים,1.00,"ק""ג",true,,21.30,21.3000,true,1,1803
7290000934730,false,צלעות עגל כשר טרי,,,צלעות עגל כשר טרי,קילוגרמים,1.00,"ק""ג",true,,68.30,68.3000,true,1,1807
7290000982355,false,סיימן צ`דר טריפל למע,,,סיימן צ`דר טריפל למע,קילוגרמים,1.00,"ק""ג",true,,111.10,111.1000,true,1,16404
7290000982393,false,סיימן ברס בלו במשקל,,,סיימן ברס בלו במשקל,קילוגרמים,1.00,"ק""ג",true,,170.10,170.1000,true,1,16406
7290000996054,false,יחיעם פסרוולט הונגרי,,,"סרוולט הונגרי ק""ג יח",קילוגרמים,1.00,"ק""ג",true,,161.60,161.6000,true,1,58803
7290001041123,false,שקדים מולבנים פרוסים 100גרם,מיה תעשיות מזון,IL,מיה שקד מולבן פרוס 1,גרמים,100.00,100 גרם,false,,9.40,9.4000,true,1,14612
7290001041147,false,חומוס גדול יבש מיה 1 ק'ג,"מיה תעשיות מזון בע""מ",IL,חומוס 1 ק'ג,קילוגרמים,1.00,"ק""ג",false,,10.20,10.2000,true,1,14614
7290001041185,false,"פופקורן גרעינים מיה 1 ק""ג","מיה תעשיות מזון בע""מ",IL,פופקורן 1 ק'ג,קילוגרמים,1.00,"ק""ג",false,,8.40,8.4000,true,1,14618
7290001041192,false,"עדשים אדומים יבשים מיה 1 ק""ג","מיה תעשיות מזון בע""מ",IL,עדשים אדומות 1 ק'ג,קילוגרמים,1.00,"ק""ג",false,,9.30,9.3000,true,1,14619
7290001041208,false,"עדשים ירוקים יבשים מיה 1 ק""ג","מיה תעשיות מזון בע""מ",IL,עדשים ירוקות 1 ק'ג,קילוגרמים,1.00,"ק""ג",false,,11.10,11.1000,true,1,14620
7290001041215,false,"מיה חיטה 1 ק""ג","מיה תעשיות מזון בע""מ",IL,חיטה 1 ק'ג,קילוגרמים,1.00,"ק""ג",false,,5.90,5.9000,true,1,14621
7290001041260,false,שומשום מיה 400 גרם,"מיה תעשיות מזון בע""מ",IL,שומשום מיה 400 גרם,גרמים,400.00,100 גרם,false,,10.20,2.5500,true,1,14623
7290001041277,false,פירורי לחם רגיל מיה 400ג ',,,פרורי לחם 400 גרם,גרמים,400.00,100 גרם,false,,5.00,1.2500,true,1,14624
7290001041284,false,לקקן סוכריה תות על מקל 20 יח',מיה תעשיות מזון,IL,לקקנים סוכריה על מקל,גרמים,220.00,100 גרם,false,,6.80,3.0909,true,1,14625
7290001045169,false,פרימור סחוט תפוחי עץ צלול 1 ל',"גניר (1992) בע""מ",IL,פרימור מיץ תפוחים צל,ליטרים,1.00,ליטר,false,,13.60,13.6000,true,1,23021
7290001072943,false,ספריי להגנה מהשמש נו,,,ספריי להגנה מהשמש נו,מיליליטרים,200.00,"100 מ""ל",false,,23.00,11.5000,true,1,73469
7290001121054,false,יחיעם צמד חמד 700 גר,תאי פרזידנט פוד פאבל,IL,יחיעם צמד חמד 700 גר,גרמים,700.00,100 גרם,false,,21.30,3.0429,true,1,15320
7290001121672,false,פסטרמה מעודנת בפפריקה 300 ג' יחיעם,מעדני יחיעם,IL,פסטרמה הודו בפפריקה,גרמים,300.00,100 גרם,false,,17.10,5.7000,true,1,15323
7290001121979,false,יחיעם סלמי הרץ 150 ג,תאי פרזידנט פוד פאבל,IL,יחיעם סלמי הרץ 150ג,גרמים,150.00,100 גרם,false,,19.60,13.0667,true,1,15329
7290001123782,false,שווארמה הודו 500 גרם,טיבון ויל,IL,שווארמה הודו 500 גרם,גרמים,500.00,100 גרם,false,,17.00,3.4000,true,1,16570
7290001136287,false,"נקה 7 שמפו לשיער רגיל 750 מ""ל","אמיליה קוסמטיקס בע""מ",IL,שמפו רגיל ירוק נקה 7,מיליליטרים,750.00,"100 מ""ל",false,,10.20,1.3600,true,1,29566
7290001136294,false,"שמפו נקה 7 לשיער יבש אדום 750מ""ל","אמיליה קוסמטיקס בע""מ",IL,שמפו יבש אדום נקה 7,מיליליטרים,750.00,"100 מ""ל",false,,10.20,1.3600,true,1,29567
7290001136362,false,נקה 7 תחליב רחצה אלוורה ארומה ירוק 1 ל',מיוצר בסין.יבוא ושיו,IL,תחליב רחצה אלוורה ות,יחידה,0.00,יחידה,false,,11.90,0.0000,true,1,29569
7290001136683,false,"מרכך לשיער רגיל ירוק 750 מ""ל נקה 7","אמיליה קוסמטיקס בע""מ",IL,מרכך רגיל ירוק נקה 7,מיליליטרים,750.00,"100 מ""ל",false,,10.20,1.3600,true,1,29571
7290001136973,false,נקה 7 תחליב רחצה ארומה קמומיל לבן 1 ל',טרופיקל דגיל תעשיות,IL,תחליב רחצה קמומיל נק,יחידה,0.00,יחידה,false,,11.90,0.0000,true,1,29573
7290001201589,false,ביצים אריזון 12 גדול,"מ.לסר בע""מ",IL,12 ביצים L מ.לסר,יחידה,0.00,יחידה,false,,10.30,0.0000,true,1,13622
7290001201596,false,ביצים אריזון 12 בינוני,לסר,IL,12 ביצים M מ.לסר,יחידה,0.00,יחידה,false,,9.50,0.0000,true,1,13623
7290001216040,false,טחינה 500 גרם טחינת אל-ארז,דולפין ספא,IL,טחינה אל ארז 100% שו,גרמים,500.00,100 גרם,false,,13.60,2.7200,true,1,34612
7290001216057,false,"טחינה גולמית אל ארז 1 ק""ג",טחינה אל ארז,IL,טחינה אל ארז 100% שו,קילוגרמים,1.00,"ק""ג",false,,25.60,25.6000,true,1,34613
7290001216231,false,טחינה גולמית שומשום מלא אל ארז 500ג',דולפין ספא,IL,טחינה מלאה 100% שומש,גרמים,500.00,100 גרם,false,,14.50,2.9000,true,1,34617
7290001230331,false,סיגריות כאמל בוקס חפ,JTI,,כאמל בוקס קופסא בודד,יחידה,0.00,יחידה,false,,32.00,0.0000,false,1,4078
7290001231932,false,ווינסטון כחול בוקס חפיסה,JTI,,וינסטון קופסא בודדת,יחידה,0.00,יחידה,false,,32.00,0.0000,false,1,4083
7290001245699,false,אקונומיקה סמיכה בניחוח לימון 4 ל' טאצ',,,ג'ל אקונומיקה סמיכה,ליטרים,4.00,ליטר,false,,10.70,2.6750,true,1,37546
7290001245705,false,אקונומיקה מבושמת טאצ' 4 ליטר,סאסאטק,IL,אקונומיקה מבושמת 4 ל,ליטרים,4.00,ליטר,false,,9.40,2.3500,true,1,37547
7290001245712,false,אקונומיקה 4 ליטר טאצ,,,אקונומיקה טאצ' 4 ליט,ליטרים,4.00,ליטר,false,,9.40,2.3500,true,1,37548
7290001245828,false,נוזל כלים קלאסי טאצ' 18% 1.6 ליטר,,,נוזל כלים קלאסי 18%,ליטרים,1.60,ליטר,false,,9.40,5.8750,true,1,37554
7290001245842,false,נוזל רצפות מאסק 4 ל' טאצ,,,נוזל רצפות מאסק 4 לי,ליטרים,4.00,ליטר,false,,11.90,2.9750,true,1,37556
7290001245897,false,נוזל רצפות יסמין 4 ל' טאצ,,,נוזל רצפות יסמין 4 ל,ליטרים,4.00,ליטר,false,,11.90,2.9750,true,1,37561
7290001245958,false,מרכך כביסה ורוד טאצ' 4 ליטר,,,מרכך כביסה טאצ' ורוד,ליטרים,4.00,ליטר,false,,11.90,2.9750,true,1,37566
7290001245972,false,מרכך כביסה לבן טאצ' 4 ליטר,,,מרכך כביסה טאצ' לבן,ליטרים,4.00,ליטר,false,,11.90,2.9750,true,1,37568
7290001246054,false,פותח סתימות 1 ליטר טאצ,סאסאטק,IL,פותח סתימות 1 ליטר ט,ליטרים,1.00,ליטר,false,,11.90,11.9000,true,1,37570
7290001246061,false,מרכך מרוכז פרפיום פנטזי טאצ 1ל',סאסאטק,IL,מרכך פרימיום פנטזי 1,ליטרים,1.00,ליטר,false,,11.10,11.1000,true,1,37571
7290001246085,false,טאצ' מרסס ניקוי חלונות 1 ליטר,,,תרסיס מנקה חלונות 1,ליטרים,1.00,ליטר,false,,5.10,5.1000,true,1,37573
7290001246092,false,"תרסיס מסיר שומנים 750 מ""ל טאצ.",סאסאטק,IL,תרסיס מסיר שומנים 75,מיליליטרים,750.00,"100 מ""ל",false,,11.10,1.4800,true,1,37574
7290001246122,false,"תרסיס ניקוי כללי+ אקונומיקה 750 מ""ל טאצ",סאסאטק,IL,תרסיס לניקוי כללי 75,מיליליטרים,750.00,"100 מ""ל",false,,11.10,1.4800,true,1,37577
7290001246290,false,"תרסיס רסס נגב 750 סמ""ק טאצ",סאסאטק,IL,תרסיס רסס נגב טאצ' 7,מיליליטרים,750.00,"100 מ""ל",false,,11.10,1.4800,true,1,37580
7290001246351,false,נוזל רצפות לבנדר 4 ל' טאצ,,,נוזל רצפות לבנדר 4 ל,ליטרים,4.00,ליטר,false,,11.90,2.9750,true,1,37585
7290001247068,false,קרטונית נקטר ספרינג תות בננה 1 ליטר,"יפאורה תבורי בע""מ",IL,ספרינג תות בננה קרטו,ליטרים,1.00,ליטר,false,,5.90,5.9000,true,1,11479
7290001247082,false,קרטונית נקטר ספרינג עגבניות 1 ליטר,"יפאורה תבורי בע""מ",IL,ספרינג עגבניות קרטונ,ליטרים,1.00,ליטר,false,,5.60,5.6000,true,1,11480
7290001247112,false,קרטונית נקטר ספרינג לימונענע 1 ליטר,"יפאורה תבורי בע""מ",IL,ספרינג לימונענע קרטו,ליטרים,1.00,ליטר,false,,5.90,5.9000,true,1,11483
7290001247129,false,נקטר ספרינג תפוזים קרטונית 1 ל',"יפאורה תבורי בע""מ",IL,ספרינג תפוז קרטונית,ליטרים,1.00,ליטר,false,,5.90,5.9000,true,1,11484
7290001247143,false,נקטר ספרינג תפוחים קרטונית 1 ל',"יפאורה תבורי בע""מ",IL,ספרינג תפוח קרטונית,ליטרים,1.00,ליטר,false,,5.90,5.9000,true,1,11486
7290001305188,false,פלמוליב כלים שקוף לימון 750 בקבוק חדש,יבואן ומשווק: ש. שסט,GR,פלמוליב לכלים פריחת,מיליליטרים,750.00,"100 מ""ל",false,,10.20,1.3600,true,1,21190
7290001407134,false,בארכה פרוסות חלווה שוקו וניל+פ.קקאו 400גר,רושדי תעשיות מזון בע,IL,פרוסות חלבה שוקו וני,גרמים,350.00,100 גרם,false,,12.20,3.4857,true,1,18454
7290001407547,false,טחינה גולמית משומשום מלא פי 6 בארכה 500ג',רושדי תעשיות מזון בע,IL,בארכה טחינה שומשום מ,גרמים,500.00,100 גרם,false,,12.80,2.5600,true,1,18457
7290001407813,false,חלבה שאמית פיסטוק בקטנה בארכה 350ג',רושדי תעשיות מזון בע,IL,חלבה שאמית וניל עם פ,גרמים,350.00,100 גרם,false,,12.80,3.6571,true,1,18461
7290001407837,false,חלבה שאמית קקאו בארכה 350 ג',רושדי תעשיות מזון בע,IL,חלבה שאמית קקאו בארכ,גרמים,350.00,100 גרם,false,,12.80,3.6571,true,1,18463
7290001407844,false,חלווה קלאסית וניל בארכה 350גר,רושדי תעשיות מזון בע,IL,חלבה קלאסית וניל באר,גרמים,350.00,100 גרם,false,,12.20,3.4857,true,1,18464
7290001407936,false,בארכה-טחינה גולמית מעודנת בקבוק לחיץ 310 ג',רושדי תעשיות מזון בע,IL,בארכה טחינה מעודנת 3,גרמים,310.00,100 גרם,false,,10.20,3.2903,true,1,18465
7290001439074,false,ספוג שלישיית כדורי רחצה מוסקו,יושלם,,שלישיית כדור ליפה,יחידה,0.00,יחידה,false,,8.50,0.0000,true,1,14028
7290001439395,false,ג.ס לגב רצועות,יושלם,,ג.ס לגב רצועות,יחידה,0.00,יחידה,false,,13.60,0.0000,true,1,14029
7290001439432,false,מוסקו ספוג ליפה רכה,יושלם,,ג.ס ספוג ליפה,יחידה,0.00,יחידה,false,,9.30,0.0000,true,1,14030
7290001461105,false,לחם מחמצת לבן (ברקוד,פילסברי,,לחם מחמצת לבן,גרמים,530.00,100 גרם,false,,14.50,2.7358,true,1,2517
7290001461112,false,לחם רוסטיק עגול פילס,פילסברי,,לחם מחמצת דגנים,גרמים,530.00,100 גרם,false,,14.50,2.7358,true,1,53347
7290001461860,false,עשיריית פיתות פילסבר,,,עשיריית פיתות פילסבר,יח',1.00,יח',false,,11.10,11.1000,true,1,2521
7290001482186,false,אננס חתוך בסירופ קל וילי פוד 565 גר,הנסיך- מפעל לייצור ט,TH,אננס חתוך ויליפוד 56,גרמים,565.00,100 גרם,false,,5.10,0.9027,true,1,2858
7290001485019,false,גבינת שמנת 5% טעם טבעי 200 ג' טרה,טרה,IL,טרה גבינת שמנת טבעי,גרמים,200.00,100 גרם,false,,10.20,5.1000,true,1,6366
7290001491010,false,תה ירוק יסמין 25 שקיקים 1.5 גרם,HIQ FOOD PRODUCTS,IL,תה ירוק עם יסמין T.T,גרמים,37.50,100 גרם,false,,20.40,54.4000,true,1,24386
7290001491096,false,תה ירוק בתוספת לימונית ולואיזה 50 שקיקים ויסוצקי,ויסוצקי,IL,תה ירוק בתוספת לימונ,גרמים,75.00,100 גרם,false,,39.20,52.2667,true,1,24387
7290001552025,false,הקוסקוס של אמא קפוא 800 גר,מטעמי פאר,IL,קוסקוס 800גר,גרמים,800.00,100 גרם,false,,14.90,1.8625,true,1,51068
7290001552049,false,קוסקוס מרוקאי קפוא 800 גר,מטעמי פאר,IL,מטעמי פאר קוסקוס מרו,גרמים,800.00,100 גרם,false,,14.90,1.8625,true,1,51069
7290001567555,false,פסטרמה מעודנת עם דבש 300 ג' יחיעם,מעדני יחיעם,IL,פסטרמה מעודנת עם דבש,גרמים,300.00,100 גרם,false,,17.10,5.7000,true,1,207791
7290001567708,false,נקנקיות וינר 400 ג' יחיעם,מעדני יחיעם,IL,נקניקיות עוף 400 גר`,גרמים,400.00,100 גרם,false,,8.50,2.1250,true,1,15330
7290001567760,false,פסטרמה של פעם 300 ג' יחיעם,מעדני יחיעם,IL,פסטרמה של פעם 300 גר,גרמים,300.00,100 גרם,false,,20.90,6.9667,true,1,15335
7290001567814,false,סלמי מעושן בסגנון איטלקי 300 ג' יחיעם,מעדני יחיעם,IL,סלמי מעושן בסגנון אי,גרמים,300.00,100 גרם,false,,17.00,5.6667,true,1,15340
7290001591673,false,"קניידלך קפוא מקמח תפו""א 500 גרם",שלושת האופים,IL,קניידלך מקמח תפוח אד,גרמים,500.00,100 גרם,false,,17.10,3.4200,true,1,249525
7290001591703,false,קבב אנגוס עגול 500 ג' טיבון ויל,טיבון ויל,IL,קבב בקר אנגוס עגול ט,גרמים,500.00,100 גרם,false,,19.60,3.9200,true,1,240108
7290001591710,false,המבורגר אנגוס 600 ג' טיבון ויל,טיבון ויל,IL,המבורגר אנגוס טיבון,גרמים,600.00,100 גרם,false,,19.60,3.2667,true,1,240109
7290001594025,false,"קוקה קולה זכוכית 350 מ""ל",החברה המרכזית לייצור,IL,קוקה קולה קלאסי 350,מיליליטרים,350.00,"100 מ""ל",false,,5.90,1.6857,true,1,6828
7290001594179,false,פאנטה אורנג' בבקבוק,החברה המרכזית לייצור,IL,פאנטה אורנג' 500 בקב,מיליליטרים,500.00,"100 מ""ל",false,,5.90,1.1800,true,1,6838
7290001594230,false,"קינלי סודה בקבוק 250 מ""ל",החברה המרכזית לייצור,IL,סודה קינלי 250 מ'ל,מיליליטרים,250.00,"100 מ""ל",false,,2.50,1.0000,true,1,6841
7290001594377,false,פריגת משקה קל תפוזים,מבשלות בירה בינלאומי,IL,פריגת משקה תפוזים 50,מיליליטרים,500.00,"100 מ""ל",false,,5.60,1.1200,true,1,6846
7290001594858,false,"טובורג רד שישייה בקבוק 330 מ""ל",קרלסברג ישראל,IL,טובורג רד בקבוק פקדו,ליטרים,1.98,ליטר,false,,37.80,19.0909,true,1,6859
7290001594865,false,"קרלסברג בירה בקבוק 6* 330 מ""ל",קרלסברג ישראל,IL,קרלסברג בירה בקבוק 6,ליטרים,1.98,ליטר,false,,34.40,17.3737,true,1,6860
7290001670057,false,כפיות לבן 100 יחידות,הנמל אריזות ושיווק ב,IL,.סכום ח.פ.כפיות 100י,יחידה,0.00,יחידה,false,,11.00,0.0000,true,1,7722
7290001670064,false,סכינים חד פעמי לבן 100 יח',בי רייט,CN,סכינים 100יח,יחידה,0.00,יחידה,false,,11.00,0.0000,true,1,7723
7290001670071,false,כפות חד פעמי לבן 100 יח',הנמל אריזות ושיווק ב,IL,.סכום ח.פ.כפות 100יח,יחידה,0.00,יחידה,false,,11.00,0.0000,true,1,7724
7290001696620,false,מיקס פיצוחים 350 גר',,,מיקס פיצוחים 350 גר',גרמים,350.00,100 גרם,false,,11.10,3.1714,true,1,1465
7290001696729,false,פקאן טבעי 100 גרם,,,פקאן טבעי 100 גרם,גרמים,100.00,100 גרם,false,,14.50,14.5000,true,1,1467
7290001710111,false,נקניקיות מרגז ארוז 5,לאטי עזרא גלם ודגים,IL,נקניקיות מרגז 500 גר,גרמים,500.00,100 גרם,false,,17.10,3.4200,true,1,16583
7290001710128,false,מעדני הטלה נקניקיות,מעדני הטלה,,נקניקיות צוריסוס 500,גרמים,500.00,100 גרם,false,,17.10,3.4200,true,1,16584
7290001713150,false,סנט מוריץ מתז אקונומיקה Bleach קצף לימון 1 ליטר,"קומפלקס כימיקלים בע""",IL,אקונומיקה קצף ניקוי,ליטרים,1.00,ליטר,false,,7.60,7.6000,true,1,19854
7290001780428,false,מאגדת גלידת לייט שוקולד נסטלה 6יח' 312ג',גלידות נסטלה (נגה גל,IL,נסטלה לייט 6 שלגוני,גרמים,312.00,100 גרם,false,,23.80,7.6282,true,1,15859
7290001791349,false,אקונומיקה פסגה ריחנית 4ליטר,"סנו מפעלי ברונוס בע""",IL,אקונומיקה ריחנית פסג,ליטרים,4.00,ליטר,false,,10.20,2.5500,true,1,29595
7290001791776,false,"סנו - די רולאון דוחה יתושים אלוורה 50 מ""ל",גוד פוד פרודקטס S.p,IL,סנו די רולאון עם אלו,מיליליטרים,50.00,"100 מ""ל",false,,17.00,34.0000,true,1,29599
7290001813478,false,עוגיות חיוכים חגיגה וניל 900 ג',אפיפית נצרת תעשיות ב,IL,חיוכים חגיגה וניל 90,גרמים,900.00,100 גרם,false,,17.10,1.9000,true,1,21977
7290001817377,false,צ'יטוס חטיף איקס עיגול פיצה 60 גרם,"שטראוס פריטו ליי בע""",IL,ציטוס איקס עיגול 60ג,גרמים,60.00,100 גרם,false,,3.00,5.0000,true,1,23918
7290001817728,false,צ'יטוס חטיף כאפה קטשופ 55 גרם,"שטראוס פריטו ליי בע""",IL,ציטוס כאפה 55 גרם,גרמים,55.00,100 גרם,false,,3.00,5.4545,true,1,23920
7290001873441,false,המבורגר בלאק אנגוס 3,טיבון ויל אחזקות בעמ,IL,המבורגר בלאק אנגוס 3,גרמים,320.00,100 גרם,false,,17.10,5.3438,true,1,56123
7290001917527,false,פרש וואנס פדים להסרת איפור 80 יח' *3,על בד,IL,פדיות קוסמטיות פרש ו,יחידה,0.00,יחידה,false,,17.10,0.0000,true,1,5764
7290001990148,false,"סוכר גולדן קלאסי צנצנת 1ק""ג סוגת",האי נאם סי או אל.טי.,IL,סוכר גולדן קלאסי בצנ,קילוגרמים,1.00,"ק""ג",false,,11.00,11.0000,true,1,17079
7290001990261,false,"סוגת חומוס 1 ק""ג","סוגת תעשיות בע""מ",IL,"סוגת חומוס 1 ק""ג",קילוגרמים,1.00,"ק""ג",false,,12.80,12.8000,true,1,17080
7290001990278,false,"שעועית לבנה סוגת 1 ק""ג","סוגת תעשיות בע""מ",IL,סוגת שעועית לבנה 1 ק,קילוגרמים,1.00,"ק""ג",false,,16.20,16.2000,true,1,17081
7290001990391,false,אפונה יבשה 1קג סוגת,"סוגת תעשיות בע""מ",IL,"אפונה 1 ק""ג",קילוגרמים,1.00,"ק""ג",false,,10.20,10.2000,true,1,17083
7290001990407,false,"עדשים ירוקים 1 ק""ג סוגת","סוגת תעשיות בע""מ",IL,עדשים ירוקים 1 קג,קילוגרמים,1.00,"ק""ג",false,,12.70,12.7000,true,1,17084
7290001990414,false,"עדשים אדומים 1 ק""ג סוגת","סוגת תעשיות בע""מ",IL,סוגת עדשים אדומים 1,קילוגרמים,1.00,"ק""ג",false,,12.70,12.7000,true,1,17085
7290001990421,false,"פופקורן גרעינים סוגת 1 ק""ג","סוגת תעשיות בע""מ",IL,"סוגת פופקורן 1 ק""ג",קילוגרמים,1.00,"ק""ג",false,,8.50,8.5000,true,1,17086
7290002000143,false,"חדש -פנג'ל ק.ידיים קלאסיק 80מ""ל",מיוצר עי קונדיטוריית,IL,קרם ידיים קלאסיק פנג,מיליליטרים,100.00,"100 מ""ל",false,,7.90,7.9000,true,1,5767
7290002000266,false,מגע המשי שעווה תפוח למיקרוגל 500 ג',המאפיה של הרמן,IL,שעווה תפוח לחימום במ,גרמים,500.00,100 גרם,false,,15.30,3.0600,true,1,5768
7290002007234,false,אבקת סוכר 100 ג' הנמל,"מיוצר וארוז ע""י: ר.ס",IL,אבקת סוכר 100ג,גרמים,100.00,100 גרם,false,,1.60,1.6000,true,1,7751
7290002007487,false,צמר פלדה הנמל 100 גר,"איטיליאן פוד, אס.פי.",IL,צמר פלדה 100 גר',גרמים,100.00,100 גרם,false,,3.30,3.3000,true,1,7761
7290002007890,false,כוסות שתייה קרה 100 יח` 200 PP מל`,אריזות מדף - פלזית,IL,כוס שתיה קרה 100 יח,יחידה,0.00,יחידה,false,,11.00,0.0000,true,1,7771
7290002007975,false,"צלחות קטנות ח""פ הנמל 50 יח'",אריזות מדף - פלזית,IL,צלחות קטן 50יח,יחידה,0.00,יחידה,false,,11.10,0.0000,true,1,7773
7290002007982,false,מזלגות חד פעמי 100 י,הנמל אריזות ושיווק ב,IL,מזלגות חד פעמי 100 י,יחידה,0.00,יחידה,false,,11.00,0.0000,true,1,7774
7290002007999,false,"צלחות גדולות ח""פ הנמל 50 יח'",אריזות מדף - פלזית,IL,צלחות גדול 50יח הנמל,יחידה,0.00,יחידה,false,,13.60,0.0000,true,1,7775
7290002008187,false,קשים לשתיה מתקפלים 40 יח',"איטיליאן פוד, אס.פי.",CN,קש לשתיה מתקפל 40יח,יחידה,0.00,יחידה,false,,1.60,0.0000,true,1,7787
7290002008347,false,קורנפלור 500 ג' הנמל,,,קורנפלור 500 גרם,גרמים,500.00,100 גרם,false,,5.90,1.1800,true,1,7793
7290002008507,false,נייר אפייה 50 יח' הנמל,הנמל אריזות ושיווק ב,IL,נייר אפיה 50יח,יחידה,0.00,יחידה,false,,9.90,0.0000,true,1,7798
7290002008651,false,קמח תפוח אדמה 500 ג' הנמל,ר.ס. חברה ליבוא וייצ,IL,קמח תפוח אדמה הנמל 5,גרמים,500.00,100 גרם,false,,5.10,1.0200,true,1,7802
7290002008743,false,סוכר וניל 10*10 ג' הנמל,"מיוצר וארוז ע""י: ר.ס",IL,סוכר וניל 10*10 גרם,גרמים,100.00,100 גרם,false,,2.50,2.5000,true,1,7803
7290002008750,false,אבקת אפיה הנמל מארז 10X10 ג',"מיוצר ע""י:ר.ס. חברה",IL,אבקת אפיה 10*10 גרם,גרמים,100.00,100 גרם,false,,2.50,2.5000,true,1,7804
7290002008989,false,קישקשים קשים לשתיה 225יח הנמל,הנמל אריזות ושיווק ב,CN,קישקשים 225 יח,יחידה,0.00,יחידה,false,,8.47,0.0000,true,1,7813
7290002026341,false,בטטה צ'יפס רגיל אריסטו קראנץ 500 ג',האי נאם סי או אל.טי.,CA,אריסטו קראנץ-ציפס בט,גרמים,500.00,100 גרם,false,,12.80,2.5600,true,1,14152
7290002026402,false,בראנץ אנד קראנץ בלינצס גבינה 350 גרם,מוצרי איכות אמריקאיי,IL,בראנץ אנד קראנץ בלינ,גרמים,350.00,100 גרם,false,,11.90,3.4000,true,1,14153
7290002026587,false,וופל בלגי פרווה בראנץ אנד קראנץ 8 יח',בראנץ' אנד קראנץ Brunch& Crunch,BE,בראנץ אנד קראנץ וופל,גרמים,28.00,100 גרם,false,,11.90,42.5000,true,1,14157
7290002043096,false,פריכיות אורז חום מלא בציפוי שוקולד לבן בלגי 70 ג',נוהלס,BG,פריכוני אורז בציפוי,גרמים,70.00,100 גרם,false,,8.00,11.4286,true,1,96645
7290002043218,false,ציפס אורז חום מלא מלח אקסטרא 60 ג',מימונס אפיה,BG,אקסטרא צ'יפס מלח ואו,גרמים,60.00,100 גרם,false,,7.30,12.1667,true,1,133232
7290002043782,false,ציפס אורז חום מלא טקסס ברביקיו אקסטרא 60 ג',מימונס אפיה,BG,צ'יפס טקסס ברבקיו אק,גרמים,60.00,100 גרם,false,,7.30,12.1667,true,1,96659
7290002057185,false,טבעות זיתים ירוקים 560 ג' יבנה,קבוצת יבנה,IL,טבעות זיתים ירוקים ק,גרמים,540.00,100 גרם,false,,8.10,1.5000,true,1,44282
7290002057352,false,מלפפון במלח 7-9 560 ג' יבנה,אף.סי תבליני בגליל ב,IL,מלפפונים במלח 7-9 ק,גרמים,560.00,100 גרם,false,,5.90,1.0536,true,1,44290
7290002057383,false,מלפפון במלח ‏25‏-‏18‏ 560 ג' יבנה,קבוצת יבנה,IL,מלפפון 18-25במלח קבו,גרמים,560.00,100 גרם,false,,11.10,1.9821,true,1,44293
7290002057451,false,מלפפון בחומץ ‏9‏-‏7‏ %‏20‏ 560 ג' יבנה,אף.סי תבליני בגליל ב,IL,מלפפון בחומץ 7-9 קבו,גרמים,560.00,100 גרם,false,,5.90,1.0536,true,1,44296
7290002057468,false,מלפפון חומץ ‏12‏-‏10‏ 560 ג' יבנה,קבוצת יבנה,IL,מלפפון בחומץ 10-12 ק,גרמים,560.00,100 גרם,false,,6.80,1.2143,true,1,44297
7290002057482,false,מלפפון חומץ ‏25‏-‏18‏ 560 ג' יבנה,קבוצת יבנה,IL,מלפפון בחומץ 18-25 ק,גרמים,560.00,100 גרם,false,,11.10,1.9821,true,1,27840
7290002061236,false,אורנה 19 שעווה קרה להסרת שיער,,,19 שעווה קרה אורנה,מיליליטרים,500.00,"100 מ""ל",false,,13.60,2.7200,true,1,1075
7290002065555,false,לחמניה אנג'ל ארוכה שקית 6יח,מאפיית שלמה א. אנג'ל,IL,6 לחמניות רכות אנגל,גרמים,450.00,100 גרם,false,,9.80,2.1778,true,1,35188
7290002065616,false,לחם שיפון גרעינים 750 ג' אנג'ל,מאפיית שלמה א. אנג'ל,IL,שיפון גרעינים אנגל 7,גרמים,750.00,100 גרם,false,,11.90,1.5867,true,1,35189
7290002065623,false,לחם שיפון אנגל גרעיני כפרי,מאפיית שלמה א. אנג'ל,IL,לחם שיפון כפרי אנגל,גרמים,750.00,100 גרם,false,,11.90,1.5867,true,1,35190
7290002077725,false,סלומון נורווגי מצונן דלידג 100ג',וי קינג V King,IL,סלמון מעושן 100 גרם,גרמים,100.00,100 גרם,false,,17.00,17.0000,true,1,16588
7290002079354,false,פרורים מוזהבים שקית,,,פרורים מוזהבים שקית,גרמים,200.00,100 גרם,false,,4.30,2.1500,true,1,328323
7290002107071,false,צוריאל פטה עיזים מעודנת גביע 16% 200ג,מחלבת משק צוריאל,IL,צוריאל פטה עיזים מעו,גרמים,200.00,100 גרם,false,,22.30,11.1500,true,1,6374
7290002107491,false,גבינת עזים למריחה טבעי 5% צוריאל 250 ג',מחלבת משק צוריאל,IL,צוריאל גבינת עזים למ,גרמים,250.00,100 גרם,false,,13.60,5.4400,true,1,6376
7290002107798,false,גבינה בולגרית מעודנת 5% צוריאל 250ג',מחלבת משק צוריאל,IL,צוריאל בולגרית מעודנ,גרמים,250.00,100 גרם,false,,19.10,7.6400,true,1,6377
7290002107965,false,טבורוג גבינה לאפייה 5% צוריאל 500 ג',מחלבת משק צוריאל,IL,צוריאל טבורוג גבינה,גרמים,500.00,100 גרם,false,,21.80,4.3600,true,1,6378
7290002109372,false,בורקס פילו אצבעות בולגרי 700 ג' שלושת האופים,שלושת האופים,IL,בורקס פילו אצבעות בו,גרמים,700.00,100 גרם,false,,17.00,2.4286,true,1,16591
7290002111085,false,"רוטב עגבניות 22% ""פרי מבורך"" 100 גרם",זנלכל,IL,רוטב עגבניות 22% פרי,גרמים,100.00,100 גרם,false,,2.20,2.2000,true,1,8690
7290002111474,false,אפונה גדולה A2 פרי מבורך 600ג',זנלכל,IL,אפונת גדולה פרי מבור,גרמים,335.00,100 גרם,false,,6.80,2.0299,true,1,8696
7290002111511,false,"אפונה וגזר A2 פרי מבורך 550ג' בד""צ.",זנלכל,IL,אפונה וגזר פרי מבורך,גרמים,550.00,100 גרם,false,,6.80,1.2364,true,1,8698
7290002111634,false,חומוס פרי מבורך 550 גר A2,זנלכל,IL,חומוס שלם פרי מבורך,גרמים,550.00,100 גרם,false,,7.60,1.3818,true,1,8699
7290002111764,false,"שעועית לבנה ברוטב עגבניות A2 פ""מ עד""ח",זנלכל,IL,שעועית לבנה ברוטב עג,גרמים,580.00,100 גרם,false,,7.60,1.3103,true,1,8703
7290002111818,false,גרעיני תירס מתוק ואקום פרי מבורך 400ג',זנלכל,IL,גרעיני תירס מתוק פרי,גרמים,246.00,100 גרם,false,,5.00,2.0325,true,1,8704
7290002111825,false,גרעיני תירס מתוק 550 גרם פרי מבורך,זנלכל,IL,גרעיני תירס מתוק פרי,גרמים,335.00,100 גרם,false,,6.80,2.0299,true,1,8705
7290002129455,false,פיצה איטלקית גדולה 4,,,פיצה איטלקית 450 ג,גרמים,450.00,100 גרם,false,,17.01,3.7800,true,1,16595
7290002130567,false,דבש טהור מפרחי בר בזכוכית 350 גרם,מכוורת יד מרדכי שטרא,IL,דבש טהור מפרחי בר בצ,גרמים,350.00,100 גרם,false,,16.20,4.6286,true,1,21987
7290002130574,false,דבש טהור מפרחי בר בזכוכית 500 ג' יד מרדכי,מכוורת יד מרדכי שטרא,IL,דבש טהור מפרחי בר בצ,גרמים,500.00,100 גרם,false,,22.10,4.4200,true,1,21988
7290002130581,false,"דבש טהור יד מרדכי 1 ק""ג",שטראוס גרופ,IL,דבש טהור מפרחי בר בצ,קילוגרמים,1.00,"ק""ג",false,,39.10,39.1000,true,1,21989
7290002253006,false,שום כתוש בצנצנת 200 גר דורות,עיצובים 2020 (3.8),IL,דורות שום כתוש טרי 2,גרמים,200.00,100 גרם,false,,13.60,6.8000,true,1,19498
7290002253013,false,ראשום שום כתוש דורות,עיצובים 2020 (3.8),IL,דורות ראשום 400 גרם.,גרמים,400.00,100 גרם,false,,17.10,4.2750,true,1,166130
7290002253105,false,מגשית קוביות שום טרי דורות 80 ג',עיצובים 2020 (3.8),IL,דורות מגשית קוביות ש,גרמים,80.00,100 גרם,false,,8.50,10.6250,true,1,19501
7290002253150,false,בזיליקום טרי קצוץ דורות 70 ג',עיצובים 2020 (3.8),IL,בזיליקום טרי קצוץ 70,גרמים,70.00,100 גרם,false,,8.50,12.1429,true,1,19502
7290002253167,false,מגשית פטרוזיליה דורות 70 גר,עיצובים 2020 (3.8),IL,פטרוזליה טרייה קצוצה,גרמים,70.00,100 גרם,false,,9.00,12.8571,true,1,19503
7290002253174,false,מגשית שמיר קצוץ דורות 70ג,עיצובים 2020 (3.8),IL,שמיר טרי קצוץ 70 גרם,גרמים,70.00,100 גרם,false,,8.50,12.1429,true,1,19504
7290002253259,false,דורות רוטב עגבניות בזיליקום 160 גרם,עיצובים 2020 (3.8),IL,דורות רוטב עגבניות ב,גרמים,160.00,100 גרם,false,,10.10,6.3125,true,1,19509
7290002259640,false,"רדיד אלומניום דיימונד 084- 7.50 מ""ר *0.3",ריינולדס מוצרי צריכה,CN,רדיד אלומיניום דאיימ,מטרים,7.60,מטר,false,,10.20,1.3421,true,1,3806
7290002259664,false,רדיד אלומיניום דיימונד גדול 60X0.60מ',ריינולדס מוצרי צריכה,US,רדיד אלומניום 30*60.,מטרים,60.90,מטר,false,,46.90,0.7701,true,1,3808
7290002263562,false,"מיץ לימון משומר 200 מ""ל",,,מיץ לימון משומר תבלי,מיליליטרים,200.00,"100 מ""ל",false,,5.90,2.9500,true,1,65715
7290002263661,false,"מיץ לימון 100% טבעי 250 מ""ל",,IT,מיץ לימון 100% טבעי,מיליליטרים,250.00,"100 מ""ל",false,,6.80,2.7200,true,1,65729
7290002278528,false,כרית קרצוף לכלים שבת כלין 2 יח',מ.א ייצור ושיווק מטל,IL,כריות ניקוי כלים לשב,יחידה,0.00,יחידה,false,,6.80,0.0000,true,1,13471
7290002317128,false,מלפפון 560ג במלח 10-12 A2 מטולה,שימורי מוטולה,IL,מלפפון במלח 10-12 מו,גרמים,560.00,100 גרם,false,,9.40,1.6786,true,1,24169
7290002317135,false,מלפפון 560ג במלח 13-17 A2 מטולה,שימורי מוטולה,IL,מלפפון במלח 13-17 מו,גרמים,560.00,100 גרם,false,,9.40,1.6786,true,1,24170
7290002317265,false,מלפפון 650ג במלח +20% 7-9 A2 מטולה,שימורי מוטולה,IL,מלפפון במלח 20% 7-9,גרמים,670.00,100 גרם,false,,8.50,1.2687,true,1,24179
7290002317289,false,חצילים כבושים מוטול,שימורי מוטולה,IL,חצילים מוטולה 560 גר,גרמים,560.00,100 גרם,false,,8.50,1.5179,true,1,24180
7290002317296,false,פלפל חריף שיפקה 670ג 20%+A2 מטולה,שימורי מוטולה,IL,פלפל שיפקה + 20% מוט,גרמים,550.00,100 גרם,false,,8.50,1.5455,true,1,24181
7290002317319,false,מלפפון 650ג בחומץ +20% 7-9 A2 מטולה,שימורי מוטולה,IL,מלפפון בחומץ 7-9 20%,גרמים,670.00,100 גרם,false,,8.50,1.2687,true,1,24183
7290002317326,false,זיתים מנזולינו 12-15 +20% 670ג A2 מטולה,שימורי מוטולה,IL,זיתים מנזלינו 20% 12,גרמים,670.00,100 גרם,false,,8.50,1.2687,true,1,24184
7290002317357,false,מוטולה פלפל שיפקה צנצ',שימורי מוטולה,IL,פילפל שיפקה בצנצנת מ,גרמים,630.00,100 גרם,false,,8.50,1.3492,true,1,24186
7290002317371,false,זיתים מושחר נטול גלעין 560ג A2 מטולה,שימורי מוטולה,IL,זיתים מושחרים נטולי,גרמים,560.00,100 גרם,false,,9.40,1.6786,true,1,24187
7290002317609,false,כרוב כבוש 560ג A2 מטולה,שימורי מוטולה,IL,כרוב כבוש מוטולה 560,גרמים,560.00,100 גרם,false,,5.90,1.0536,true,1,24198
7290002317616,false,זיתים מרינט 17-19 560ג A2 מטולה,שימורי מוטולה,IL,זיתים חתוכים מרינט 1,גרמים,560.00,100 גרם,false,,9.40,1.6786,true,1,24199
7290002317661,false,זיתים מנזלינו גדול מ,שימורי מוטולה,IL,זיתים מנזלינו גדול מ,גרמים,560.00,100 גרם,false,,9.40,1.6786,true,1,24201
7290002317678,false,"זיתים נטולי גלעין צנצנת זכוכית 560 ג""ר",,,זיתים נטולי גלעין צנ,גרמים,560.00,100 גרם,false,,9.40,1.6786,true,1,24202
7290002317753,false,טבעות זיתים ירוקים ב,שימורי מוטולה,IL,טבעות זיתים ירוקים ב,גרמים,560.00,100 גרם,false,,9.40,1.6786,true,1,24204
7290002319023,false,סוכר וניל מיה עשיריו,"מיה תעשיות מזון בע""מ",IL,1/10 סוכר וניל,גרמים,100.00,100 גרם,false,,1.60,1.6000,true,1,14652
7290002319054,false,פרג טחון מיה 100 גרם,מיה תעשיות מזון,IL,פרג טחון 100ג,גרמים,100.00,100 גרם,false,,4.20,4.2000,true,1,14655
7290002319078,false,שומשום מיה 100 גרם,"מיה תעשיות מזון בע""מ",IL,שומשום 100ג,גרמים,100.00,100 גרם,false,,3.30,3.3000,true,1,14657
7290002319092,false,קמח תפוחי אדמה מיה 500 גר',מיה תעשיות מזון,IL,קמח תפוחי אדמה מיה 5,גרמים,500.00,100 גרם,false,,5.10,1.0200,true,1,14659
7290002319122,false,גריסים יבשים מיה 500 גר',"מיה תעשיות מזון בע""מ",IL,גריסים מיה 500 גרם,גרמים,500.00,100 גרם,false,,4.20,0.8400,true,1,14661
7290002319139,false,שעועית לבנה יבשה מיה 500 ג',"מיה תעשיות מזון בע""מ",IL,שעועית מיה 500 גרם,גרמים,500.00,100 גרם,false,,6.80,1.3600,true,1,14662
7290002319184,false,עדשים אדומים יבשים מיה 500 גר',"מיה תעשיות מזון בע""מ",IL,עדשים אדומים מיה 500,גרמים,500.00,100 גרם,false,,7.70,1.5400,true,1,14666
7290002319191,false,עדשים ירוקים יבשים מיה 500 גר',"מיה תעשיות מזון בע""מ",IL,עדשים ירוקים מיה 500,גרמים,500.00,100 גרם,false,,5.90,1.1800,true,1,14667
7290002319344,false,שקד טבעי מיה 100 גרם,מיה תעשיות מזון,IL,שקד טבעי מיה 100 גרם,גרמים,100.00,100 גרם,false,,10.10,10.1000,true,1,14674
7290002319733,false,אגוזי פקאן מקולף 100 גר' מיה,,,מיה אגוזי פקאן 100 ג,גרמים,100.00,100 גרם,false,,18.10,18.1000,true,1,14696
7290002319788,false,"תמצית אפיה רום 50 מ""ל מיה","מיה תעשיות מזון בע""מ",IL,תמצית אפיה רום,מיליליטרים,60.00,"100 מ""ל",false,,2.50,4.1667,true,1,14700
7290002327059,false,"בצק עלים 1 ק""ג שלושת האופים קהילות",שלושת האופים,IL,בצק עלים 1 ק`ג,קילוגרמים,1.00,"ק""ג",false,,17.00,17.0000,true,1,16618
7290002331094,false,"נביעות+ מים טעם ענבים 755מ""ל",נביעות טבע הגליל בעמ,IL,755מל מים מינרלים TO,מיליליטרים,755.00,"100 מ""ל",false,,3.40,0.4503,true,1,6873
7290002331162,false,נביעות מים מינרלים 1.5ל',נביעות,,נביעות 1.5 ליטר,ליטרים,1.50,ליטר,false,,2.50,1.6667,true,1,6879
7290002331322,false,שישיית מים נביעות 1.5 ליטר,נביעות,IL,מי נביעות שישייה 1.5,ליטרים,9.00,ליטר,false,,9.30,1.0333,true,1,6882
7290002331360,false,"נביעות מים מינרליים טו גו מארז 500X6מ""ל",נביעות,IL,נביעות TO GO שישייה,ליטרים,3.00,ליטר,false,,13.00,4.3333,true,1,6883
7290002331421,false,"מים אישי נביעות מארז שישייה* 755 מ""ל",נביעות,IL,נביעות 6*755מל,ליטרים,4.53,ליטר,false,,14.80,3.2671,true,1,6884
7290002331476,false,"נביעות בייבי מים מינרלים 250מ""ל",נביעות,,"נביעות בייבי 320 מ""ל",מיליליטרים,320.00,"100 מ""ל",false,,2.00,0.6250,true,1,6885
7290002331483,false,שישיית מים נביעות בייב 330 מל,נביעות טבע הגליל בעמ,IL,נביעות בייבי 320*6 מ,ליטרים,1.92,ליטר,false,,12.00,6.2500,true,1,6886
7290002331490,false,מים מינרלים נביעות 1 ליטר,נביעות טבע הגליל בעמ,IL,נביעות 1 ליטר,ליטרים,1.00,ליטר,false,,2.60,2.6000,true,1,6887
7290002331711,false,מים נביעות בטעם ענבים 0.5 ליטר,נביעות טבע הגליל בעמ,IL,נביעות מים מינרלים ב,מיליליטרים,500.00,"100 מ""ל",false,,5.50,1.1000,true,1,6900
7290002344056,false,מטליות מיקרופייבר מ,,,מטליות מיקרופייבר מ,יחידה,0.00,יחידה,false,,11.10,0.0000,true,1,275318
7290002345022,false,אנטריקוט דק דק אל גאצ'ו 250ג' מינוט,"טיבון ויל אחזקות בע""",IL,אנטריקוט דקדק 250 ג,גרמים,250.00,100 גרם,false,,13.60,5.4400,true,1,16627
7290002348238,false,אננס חתוך 820 ג' ויליגר,טיפקו,TH,לפתן אננס חתוך ויליג,גרמים,830.00,100 גרם,false,,5.90,0.7108,true,1,60529
7290002353836,false,סרדינים רוברט בשמן זית 115 גרם,קונסרבס פורטוגל נורט,PT,סרדינים רוברט בשמן ז,גרמים,120.00,100 גרם,false,,7.60,6.3333,true,1,16637
7290002360124,false,פומפדור חליטת צמחים ורד הבר והיביסקו חדש,TEEKANNE- POMPADOU,DE,פומפדור חליטת ורד הב,גרמים,30.00,100 גרם,false,,13.60,45.3333,true,1,21191
7290002360285,false,תה פומפדור חליטת צמחים קמומיל 20 שק,TEEKANNE- POMPADOU,DE,פומפדור חליטת קמומיל,גרמים,30.00,100 גרם,false,,13.60,45.3333,true,1,21196
7290002371854,false,"נקניקיות עוף מתובלות 1 ק""ג טירת צבי",הנסיך- מפעל לייצור ט,IL,נקניקיות עוף מתובלות,קילוגרמים,1.00,"ק""ג",false,,21.30,21.3000,true,1,25107
7290002371939,false,סרוולד בסגנון צרפתי דליקטיב 120 גרם,הנסיך- מפעל לייצור ט,IL,טירת צבי סרוולד צרפת,גרמים,120.00,100 גרם,false,,23.10,19.2500,true,1,25108
7290002374268,false,שמן חמניות מילומור 1 ליטר,שמן תעשיות,IL,שמן חמניות מילומור 1,ליטרים,1.00,ליטר,false,,8.47,8.4700,true,1,29111
7290002374312,false,"שמן קנולה מילומור 1 ל' עד""ח","נארז ע""י : א.ג. גילר",IL,שמן קנולה מילומור 1,ליטרים,1.00,ליטר,false,,10.20,10.2000,true,1,29112
7290002374640,false,שמן קנולה פלוס אומגה 3 1 ליטר עץ הזית,שמן תעשיות,IL,שמן קנולה פלוס אומגה,ליטרים,1.00,ליטר,false,,14.50,14.5000,true,1,29114
7290002404828,false,תירוש ארזה 1 ליטר,,IL,תירוש ארזה 1 ליטר,ליטרים,1.00,ליטר,false,,13.70,13.7000,true,1,11876
7290002404958,false,יין גינוסר1 ליטר,יקבי ארזה,IL,גינוסר 1 ליטר,ליטרים,1.00,ליטר,false,,12.80,12.8000,true,1,11884
7290002407454,false,שמן זית כתית מעולה ס,,,שמן זית כתית מעולה ס,מיליליטרים,750.00,"100 מ""ל",false,,34.20,4.5600,true,1,5037
7290002410829,false,קבב מרוקאי 800 גרם,מעדני הטלה,IL,קבב מרוקאי 800 גרם,גרמים,800.00,100 גרם,false,,39.30,4.9125,true,1,16644
7290002461562,false,נקניקיות מיני מרגז 500 ג',מעדני הטלה,IL,נקניקיות מיני מרגז 5,גרמים,500.00,100 גרם,false,,22.20,4.4400,true,1,16657
7290002512011,false,צנעני גחנון 900 גרם,צנעני מוצרי בצק,IL,צנעני גחנון 900 גרם,גרמים,900.00,100 גרם,false,,18.70,2.0778,true,1,51091
7290002512066,false,גחנון אפוי צנעני 600 גרם,YOAL,IL,ג'חנון אפוי צנעני 65,גרמים,650.00,100 גרם,false,,17.90,2.7538,true,1,207830
7290002512257,false,מלוואח מופחת שומן רו,צנעני,IL,מלווח מופחת שומן 700,גרמים,700.00,100 גרם,false,,15.30,2.1857,true,1,51093
7290002512264,false,ג'חנון מופחת שומן רו,צנעני,IL,ג'חנון מופחת שומן 70,גרמים,700.00,100 גרם,false,,15.30,2.1857,true,1,51094
7290002515371,false,אל סבון קמיל בלו קלאסיק דר פישר 1 ל,"ד""ר פישר Dr fischer",IL,קמיל בלו משפחתי 1 לי,ליטרים,1.00,ליטר,false,,23.00,23.0000,true,1,28831
7290002517566,false,תערובת תיבול לדג- 80 גרם,תות ממתקי איכות,IL,תערובת תיבול לדג טעם,גרמים,80.00,100 גרם,false,,10.50,13.1250,true,1,41967
7290002517580,false,תערובת תיבול לעוף - 80 גרם,תות ממתקי איכות,IL,תערובת תיבול לעוף טע,גרמים,80.00,100 גרם,false,,10.50,13.1250,true,1,41969
7290002517733,false,תבלין קצח טעם וריח 4,תות ממתקי איכות,IL,תבלין קצח טעם וריח 4,גרמים,40.00,100 גרם,false,,6.00,15.0000,true,1,41978
7290002542780,false,"שישייה בירה סטלה ארטואה בקבוק 330X6 מ""ל",סטלה ארטואה Stella Artois,BE,סטלה ארטואה בקבוק 6*,ליטרים,1.98,ליטר,false,,30.90,15.6061,true,1,152803
7290002542797,false,"בירה לף בלונד בקבוק 330 מ""ל",לף Leffe,BE,בירה לף בלונד - בק',מיליליטרים,330.00,"100 מ""ל",false,,8.50,2.5758,true,1,172292
7290002542841,false,"שישייה בירה לף בלונד בקבוק 330X6 מ""ל",לף Leffe,BE,בירה לף בלונד -שישיה,ליטרים,1.98,ליטר,false,,43.00,21.7172,true,1,172308
7290002542865,false,"שישייה בירה הוגרדן בקבוק 330X6 מ""ל",הוגרדן,BE,בירה הוגרדן -שישיה *,ליטרים,1.98,ליטר,false,,43.00,21.7172,true,1,172309
7290002543237,false,קלוגס קורן פלקס 750 גרם,קלוגס קומפני אוף גרי,DE,קורנפלקס קלוגס 750 ג,גרמים,750.00,100 גרם,false,,12.70,1.6933,true,1,5289
7290002603481,false,פיצת השף מאיטליה CHEF שגב פסטו ועגבניות 200 גרם,האי נאם סי או אל.טי.,IT,פיצת השף מאיטליה CHE,גרמים,200.00,100 גרם,false,,14.40,7.2000,true,1,16668
7290002603498,false,שגב פיצת השף מאיטליה אנטיפסטי,האי נאם סי או אל.טי.,IT,פיצת השף מאיטליה CHE,גרמים,220.00,100 גרם,false,,14.40,6.5455,true,1,16669
7290002603504,false,פיצת השף מאיטליה CHEF שגב עגבניות ובצל סגול 200 גרם,סוילה אס.אר.אל,IT,פיצת השף מאיטליה CHE,גרמים,200.00,100 גרם,false,,14.40,7.2000,true,1,16670
7290002608363,false,לחמניית המבורגר פרימ,,,לחמניות המבורגר פרימ,יח',1.00,יח',false,,5.60,5.6000,true,1,84750
7290002608509,false,לחם מחמצת זיתי קלמנט,,,לחם מחמצת זיתי קלמנט,גרמים,530.00,100 גרם,false,,15.30,2.8868,true,1,53348
7290002608516,false,לחם מחמצת מקמח מלא 5,פילסברי,,לחם מחמצת מקמח מלא,גרמים,530.00,100 גרם,false,,14.50,2.7358,true,1,53349
7290002608547,false,לחם מחמצת שיפון וחמוציות 530,פילסברי,IL,לחם מחמצת שיפון כהה,גרמים,530.00,100 גרם,false,,15.30,2.8868,true,1,53365
7290002608769,false,לחם מחמצת טוסקני דגנ,פילסברי,,לחם מחמצת טוסקני דגנ,גרמים,530.00,100 גרם,false,,14.50,2.7358,true,1,53366
7290002651116,false,גחנון חמסי 1 קג לא א,מעדני הטלה,IL,"גחנון חמסי 1 ק""ג",קילוגרמים,1.00,"ק""ג",false,,13.60,13.6000,true,1,16673
7290002651253,false,חמסי גחנון אפוי 6 יח,מעדני הטלה,IL,ג'חנון אפוי חמסי 60,גרמים,600.00,100 גרם,false,,13.60,2.2667,true,1,16675
7290002674238,false,"אקווה פרש - משחת שיניים מנטה מרענן 125 מ""ל",,,משחת שיניים א.פרש מנ,מיליליטרים,125.00,"100 מ""ל",false,,7.00,5.6000,true,1,3811
7290002674269,false,"אקווה פרש - משחת שיניים מנטה עדין 125 מ""ל",,,משחת שיניים א.פרש עד,מיליליטרים,125.00,"100 מ""ל",false,,7.00,5.6000,true,1,3813
7290002692393,false,שמן קנולה מועשר1 ליטר-עץ הזית,שמן תעשיות,IL,שמן קנולה מועשר עץ ה,ליטרים,1.00,ליטר,false,,13.60,13.6000,true,1,29116
7290002692478,false,"שמן זית כתית מעולה קלאסי מעודן 750 מ""ל עץ הזית","מרקאולאו, ספרד.אבסה,",IT,שמן זית כתית מעולה מ,מיליליטרים,750.00,"100 מ""ל",false,,29.00,3.8667,true,1,29118
7290002703068,false,צנצנת דבש עין חרוד 1,עין חרוד,IL,צנצנת דבש עין חרוד 1,קילוגרמים,1.00,"ק""ג",false,,35.00,35.0000,true,1,46957
7290002703310,false,צנצנת דבש עין חרוד 5,,,צנצנת דבש עין חרוד 5,גרמים,500.00,100 גרם,false,,18.80,3.7600,true,1,46962
7290002703358,false,צנצנת דבש עין חרוד 3,עין חרוד,IL,צנצנת דבש עין חרוד 3,גרמים,350.00,100 גרם,false,,15.90,4.5429,true,1,46963
7290002703426,false,דבש לחיץ מכוורת 250,,,דבש לחיץ מכוורת 250,גרמים,250.00,100 גרם,false,,11.10,4.4400,true,1,46965
7290002703617,false,סילאן 100% טבעי לחיץ,,,סילאן 100% טבעי לחיץ,גרמים,385.00,100 גרם,false,,11.10,2.8831,true,1,46966
7290002703662,false,סילאן 100% טבעי צנצנ,,,סילאן 100% טבעי צנצנ,גרמים,900.00,100 גרם,false,,17.10,1.9000,true,1,46968
7290002703679,false,סילאן 100% טבעי עין,,,סילאן 100% טבעי עין,גרמים,900.00,100 גרם,false,,16.20,1.8000,true,1,46969
7290002730262,false,פלמוליב כלים שקוף קלאסי 750 בקבוק חדש,יבואן ומשווק: ש. שסט,GR,פלמוליב לכלים קלאסי,מיליליטרים,750.00,"100 מ""ל",false,,10.20,1.3600,true,1,21200
7290002730941,false,בלונס צמר גפן פרוס 100גר',הנסיך- מפעל לייצור ט,GR,צמר גפן פרוס בלונס 1,גרמים,100.00,100 גרם,false,,5.90,5.9000,true,1,21211
7290002730958,false,פלמוליב סבון מוצק? ירוק זית רביעייה * 100 ג',הנסיך- מפעל לייצור ט,TR,סבון מוצק ירוק זית פ,גרמים,400.00,100 גרם,false,,14.50,3.6250,true,1,21212
7290002735007,false,"בצק עלים 1 ק""ג ינון",,,"בצק עלים 1 ק""ג",קילוגרמים,1.00,"ק""ג",false,,11.90,11.9000,true,1,20184
7290002735014,false,מלוואח ארוז ינון 800 גר',ג'נרל מילס סאן אדריא,IL,ינון מלווח ארוז 800,גרמים,800.00,100 גרם,false,,11.90,1.4875,true,1,20185
7290002735021,false,ינון גחנון ארוז 750גר,ג'נרל מילס סאן אדריא,IL,ינון גחנון ארוז 750,גרמים,750.00,100 גרם,false,,11.90,1.5867,true,1,20186
7290002735113,false,בורקס גבינה ינון 800 גר,,,בורקס גבינה ינון 800,גרמים,800.00,100 גרם,false,,13.60,1.7000,true,1,20187
7290002735120,false,"בורקס תפו""א ינון 800 גר",,,"בורקס תפו""א ינון 800",גרמים,800.00,100 גרם,false,,11.90,1.4875,true,1,20188
7290002735274,false,ינון גחנון אפוי 600 גר,ג'נרל מילס סאן אדריא,IL,ינון גחנון אפוי 600,גרמים,600.00,100 גרם,false,,12.80,2.1333,true,1,20191
7290002750338,false,לחם רוסטיק עגבניות מ,,,לחם עגבניות מיובשות,גרמים,530.00,100 גרם,false,,14.50,2.7358,true,1,53351
7290002752332,false,"סוכריות מנטוס פירות בגליל, 37.5 גרם",הדקלאים אגודת שיתופי,NL,מנטוס .סוכריות פירות,גרמים,37.50,100 גרם,false,,2.50,6.6667,true,1,12743
7290002753223,false,רביעייה סוכריות תפוז 4*16 ג' טיק טק,פררו,EC,טיק טק תפוז 4/1,גרמים,64.00,100 גרם,false,,9.80,15.3125,true,1,41030
7290002757139,false,מלוואח 700 גר' שלושת האופים קהילות,שלושת האופים,IL,שלושת האופים מלוואח,גרמים,700.00,100 גרם,false,,11.10,1.5857,true,1,16693
7290002757146,false,"קובה חמוסטה למרק שלושת האופים 1ק""ג",שלושת האופים,IL,שלושת האופים קובה חמ,קילוגרמים,1.00,"ק""ג",false,,14.50,14.5000,true,1,16694
7290002757511,false,דלידג קציצות דג לבישול 750 גר קהילות,האי נאם סי או אל.טי.,IL,דלידג קציצות דג לביש,גרמים,750.00,100 גרם,false,,26.40,3.5200,true,1,16696
7290002757535,false,בורקס פילו אצבעות גבינה 700 ג' שלושת האופים,שלושת האופים,IL,בורקס פילו אצבעות גב,גרמים,700.00,100 גרם,false,,17.00,2.4286,true,1,16698
7290002757672,false,המבורגר מזרחי טיבון ויל 400ג',,,המבורגר 400גרם נטו,גרמים,400.00,100 גרם,false,,8.50,2.1250,true,1,16701
7290002768159,false,"בת אורן סבון קצף לאמבט 500 מ""ל",פארק תעשיות עמק חפרמ,IL,קצף אמבט בת אורן 500,מיליליטרים,500.00,"100 מ""ל",false,,14.40,2.8800,true,1,29611
7290002782742,false,"פנינה רוזנבלום - דאודורנט ספריי לאישה מס' 2 150 מ""ל",ביסקול תמרוקים,IL,פנינה דאודורנט ספריי,מיליליטרים,150.00,"100 מ""ל",false,,13.60,9.0667,true,1,17878
7290002793311,false,שירות והחלפה מילוי גז 60 סודהסטרים,סודה סטרים,IL,מילוי למכשיר 50,יחידה,0.00,יחידה,false,,51.30,0.0000,true,1,17291
7290002814160,false,מסיר שומנים קר סנט מ,,,מסיר שומנים קר סנט מ,יחידה,0.00,יחידה,false,,16.20,0.0000,true,1,19871
7290002814290,false,BLANCO קצף אקונומיקה מרוכז 1 ליטר בניחוח לימון,קומפלקס כימיקלים,IL,קצף מרוכז 1 ליטר בלנ,ליטרים,1.00,ליטר,false,,9.40,9.4000,true,1,81428
7290002814870,false,"סנט מוריץ - מרסס מסיר שומנים קר מבושם לוונדר\פרחים 750 מ""ל",,IL,מסיר שומנים קר מבושם,מיליליטרים,750.00,"100 מ""ל",false,,12.80,1.7067,true,1,19884
7290002824183,false,גבינה לבנה 5% שומן 500 ג' שטראוס,מיוצר עי קונדיטוריית,IL,גבינה לבנה 5% סקי 50,גרמים,500.00,100 גרם,false,,7.61,1.5220,true,1,23028
7290002824466,false,יוגורט דנונה ביו 0% 200 גרם,"שטראוס בריאות בע""מ",IL,דנונה יוגורט ביו 0%,מיליליטרים,200.00,"100 מ""ל",false,,3.30,1.6500,true,1,23029
7290002824640,false,גבינה שטראוס 5% 250 ג',מיוצר עי קונדיטוריית,IL,גבינה 5% סקי 250 גרם,גרמים,250.00,100 גרם,false,,4.26,1.7040,true,1,23030
7290002825722,false,סלט כרוב אדום אחלה 5,מיוצר עי קונדיטוריית,IL,אחלה כרוב אדום 500ג,גרמים,500.00,100 גרם,false,,12.10,2.4200,true,1,23032
7290002868996,false,קוטג' 5% מועשר טרה 250ג' מהדרין,טרה,IL,טרה קוטג מועשר 5% 25,גרמים,250.00,100 גרם,false,,4.80,1.9200,true,1,6382
7290002871248,false,"בירה טובורג רד חוזר 500 מ""ל",מבשלות בירה בינלאומי,IL,בירה טובורג רד בקבוק,מיליליטרים,500.00,"100 מ""ל",false,,6.72,1.3440,true,1,6906
7290002871361,false,"קרלסברג בירה בק.חוזר 500 מ""ל",מבשלות בירה בינלאומי,IL,קרלסברג בירה בק.חוזר,מיליליטרים,500.00,"100 מ""ל",false,,6.72,1.3440,true,1,6907
7290002900566,false,פסטרמה ברביקיו דל שומן טירת צבי 360 ג',הנסיך- מפעל לייצור ט,IL,פסטרמה ברביקיו דל שו,גרמים,360.00,100 גרם,false,,23.80,6.6111,true,1,25111
7290002909880,false,"פולי סויה - אדממה - 400 גרם (בד""ץ עדה חרדית)",ZHEJIANG,CN,פולי סויה אדממה בלדי,גרמים,400.00,100 גרם,false,,10.20,2.5500,true,1,35069
7290002921349,false,דבק סופר גלו מארז זוגי,הנקל סוד,TR,סופר גלו 3 זוגי,יחידה,0.00,יחידה,false,,11.90,0.0000,true,1,11294
7290002922117,false,עוגיות אקלר פרמיום,אקלר,,מארז עוגיות אקלר 250,100 יח',250.00,100 יח',false,,20.40,8.1600,true,1,225440
7290002971955,false,קמח שטיבל חיטה לבן מנופה 1קג,טחנת קמח דגן-שטיבל,IL,קמח לבן 650 ללא צורך,קילוגרמים,1.00,"ק""ג",false,,7.30,7.3000,true,1,9223
7290002971993,false,"קמח כוסמין מס 14 ללא ניפוי 1 ק""ג",טחנת קמח דגן-שטיבל,IL,קמח כוסמין מלא ללא צ,קילוגרמים,1.00,"ק""ג",false,,11.90,11.9000,true,1,9225
7290002973829,false,"קמח כוסמין לבן ללא ניפוי שטיבל 1 ק""ג","שטיבל בע""מ",IL,קמח כוסמין לבן ללא צ,קילוגרמים,1.00,"ק""ג",false,,12.80,12.8000,true,1,102422
7290002974314,false,"קמח פיצה שטיבל 1 ק""ג",טחנת קמח דגן-שטיבל,IL,"קמח פיצה שטיבל 1 ק""ג",קילוגרמים,1.00,"ק""ג",false,,10.20,10.2000,true,1,292106
7290002974352,false,קמח מלא חיטה ישראלית,טחנת קמח דגן-שטיבל,IL,קמח רותה חיטה מלא שט,קילוגרמים,1.00,"ק""ג",false,,8.50,8.5000,true,1,286380
7290002987963,false,"סלט חומוס אחלה 1 ק""ג",מיוצר עי קונדיטוריית,IL,אחלה חומוס 1קג,קילוגרמים,1.00,"ק""ג",false,,11.90,11.9000,true,1,23033
7290003009312,false,בוטן קלוי קלית גת 200 ג',הדקלאים אגודת שיתופי,IL,בוטן קלוי 200 גרם,גרמים,200.00,100 גרם,false,,6.90,3.4500,true,1,12748
7290003009329,false,בוטן אמריקאי קלית גת 200 ג',הדקלאים אגודת שיתופי,IL,בוטן אמריקאי מצופה 2,גרמים,200.00,100 גרם,false,,5.60,2.8000,true,1,12749
7290003009336,false,קבוקים מצופים קליית,הדקלאים אגודת שיתופי,IL,קבוקים מצופים 200 גר,גרמים,200.00,100 גרם,false,,5.60,2.8000,true,1,12750
7290003009640,false,מיץ סחוט תפוזים 1 ל' פריגת,פריגת מצוננים,IL,פריגת סחוט מיץ תפוזי,ליטרים,1.00,ליטר,false,,13.60,13.6000,true,1,6384
7290003011087,false,אורז בסמטי אלפאנט 1 קג,,IN,אלסקה אורז בסמטי אלפ,קילוגרמים,1.00,"ק""ג",false,,8.50,8.5000,true,1,4618
7290003015627,false,ריצפז פרש 2 ליטר אפרסק מרכז,"סנו מפעלי ברונוס בע""",IL,ריצפז פרש אפרסק 2 לי,ליטרים,2.00,ליטר,false,,16.20,8.1000,true,1,29621
7290003015641,false,סנו ריצפז פרש 2 ליטר יסמין,סנו,IL,ריצפז פרש יסמין 2 לי,ליטרים,2.00,ליטר,false,,16.20,8.1000,true,1,29623
7290003015672,false,סנו סופט מפיות צבעוניות חלקות 50 יח',חיי נייר,IL,סנו סופט מפיות צבעונ,יחידה,0.00,יחידה,false,,6.80,0.0000,true,1,29624
7290003015917,false,סנומט רולון דוחה יתוש אישי עם אלוורה 50מ,,,סנומט מגן רולאון 50מ,מיליליטרים,50.00,"100 מ""ל",false,,17.00,34.0000,true,1,29625
7290003026029,false,"ד""ר פישר - קמיל בלו סנסיטיב שמפו אלדמע 500 מ""ל","ד""ר פישר Dr fischer",IL,קמיל בלו סנסיטיב שמפ,גרמים,500.00,100 גרם,false,,15.30,3.0600,true,1,28832
7290003026197,false,"ד""ר פישר - קמיל בלו שמן טיפולי 500 מ""ל","ד""ר פישר Dr fischer",IL,קמיל בלו שמן טיפולי,מיליליטרים,500.00,"100 מ""ל",false,,26.40,5.2800,true,1,28834
7290003029181,false,משקה יטבתה שוקו' בקבוק 1ל מהדרין,שטראוס גרופ,IL,יטבתה שוקו בקבוק 1ל,ליטרים,1.00,ליטר,false,,10.20,10.2000,true,1,23037
7290003029372,false,משקה חלב בננה בקבוק 1ל' יוטבתה,שטראוס גרופ,IL,יטבתה משקה חלב בננה,ליטרים,1.00,ליטר,false,,10.20,10.2000,true,1,23040
7290003029389,false,"משקה חלב בננה פקק ספורט 250 מ""ל יוטבתה",שטראוס גרופ,IL,יטבתה משקה חלב בננה+,מיליליטרים,250.00,"100 מ""ל",false,,4.70,1.8800,true,1,23041
7290003029433,false,"משקה יטבתה שוקו פקק 250 מ""ל מהדרין",שטראוס גרופ,IL,יטבתה שוקו +פקק 250,מיליליטרים,250.00,"100 מ""ל",false,,4.70,1.8800,true,1,23042
7290003029532,false,מוקה בקבוק 1 ל' יוטבתה,שטראוס גרופ,IL,יטבתה מוקה 1ל,ליטרים,1.00,ליטר,false,,10.20,10.2000,true,1,23044
7290003029792,false,"משקה יטבתה שוקו שקיות מהדרין מארז 225X8מ""ל",שטראוס גרופ,IL,יטבתה מהדרין שוקו שק,ליטרים,1.80,ליטר,false,,17.00,9.4444,true,1,23046
7290003029815,false,חלב יוטבתה מועשר 3% בכד 2ל',שטראוס גרופ,IL,חלב מועשר בכד2 ליטר,ליטרים,2.00,ליטר,false,,13.60,6.8000,true,1,23047
7290003029907,false,משקה יטבתה אייס קפה 1ליטר,שטראוס גרופ,IL,יטבתה אייס קפה 1ל,ליטרים,1.00,ליטר,false,,10.20,10.2000,true,1,23049
7290003054183,false,מסטמכר לחם שיפון מלא 500ג,מרום את קונפינו,DE,לחם שיפון מלא מסטמכר,גרמים,500.00,100 גרם,false,,11.50,2.3000,true,1,5293
7290003054190,false,מסטמכר לחם שיפון עם שלושה דגנים 500ג,מרום את קונפינו,DE,לחם שיפון 3 דגנים מס,גרמים,500.00,100 גרם,false,,11.50,2.3000,true,1,5294
7290003072804,false,פסטרמה של פעם טירת צבי 200 ג',טירת- צבי,IL,טירת צבי פסטרמה של פ,גרמים,200.00,100 גרם,false,,17.10,8.5500,true,1,25131
7290003072835,false,נקניקיות קנאקוורסט דליקטיב,טירת- צבי,IL,טירת צבי נקניקיות קנ,גרמים,320.00,100 גרם,false,,17.10,5.3438,true,1,25134
7290003072965,false,קבנוס חריף מעושן טירת צבי 120 גרם,טירת- צבי,IL,קבנוס חריף מעושן 120,גרמים,120.00,100 גרם,false,,8.50,7.0833,true,1,126035
7290003072972,false,קבנוס בתיבול מעושן טירת צבי 120 גרם,טירת- צבי,IL,קבנוס בתיבול שום 120,גרמים,120.00,100 גרם,false,,8.50,7.0833,true,1,126036
7290003102136,false,צמר גפן COTTON SOFT רפואי 100 גר' 3102136,הדקלאים אגודת שיתופי,TR,צמר גפן כוטון סופט 1,גרמים,100.00,100 גרם,false,,4.20,4.2000,true,1,868
7290003102891,false,שקיות צליה הוסטס בקופסה 10יח',B.P. Ltd,TR,שקיות צליה הוסטס 10י,יחידה,0.00,יחידה,false,,4.20,0.0000,true,1,876
7290003107148,false,"קמח לבן דגן 1 ק""ג",טחנות קמח דגן בעמ,IL,"קמח לבן דגן 1 ק""ג",קילוגרמים,1.00,"ק""ג",false,,3.90,3.9000,true,1,9231
7290003107223,false,"סולת לנדא ארוז 1 ק""ג",טחנות קמח דגן בעמ,IL,"סולת חיטה דגן 1 ק""ג",קילוגרמים,1.00,"ק""ג",false,,5.60,5.6000,true,1,9234
7290003107315,false,"סולת בד""צ ארוז 1 ק""ג",,,"סולת דגן 1 ק""ג",קילוגרמים,1.00,"ק""ג",false,,3.90,3.9000,true,1,9237
7290003107346,false,טחנת קמח דגן קמח 1 קג,,,קמח חיטה לבן דגן 1 ק,קילוגרמים,1.00,"ק""ג",false,,3.90,3.9000,true,1,9239
7290003126712,false,"משק צוריאל יוגורט עיזים 3% ביו 140מ""ל",מחלבת משק צוריאל,IL,צוריאל יוגורט עיזים,מיליליטרים,150.00,"100 מ""ל",false,,5.50,3.6667,true,1,6388
7290003126958,false,טופו גבינה גוש בואקום צוריאל 300 ג',א.י.ן תעשיות מזון בע,IL,צוריאל גבינה גוש טופ,גרמים,300.00,100 גרם,false,,11.00,3.6667,true,1,6389
7290003141159,false,יוגטה מרשמלו תות וניל 180 גרם,סאדאט,IL,יוגטה מרשמלו 180 גר',גרמים,180.00,100 גרם,false,,5.90,3.2778,true,1,41543
7290003142422,false,גרעיני חמניה בשקית ללא מלח קליית גת 180 גרם,"ג'י אנד ג'י בע""מ",IL,גרעיני חמניה ללא מלח,גרמים,180.00,100 גרם,false,,5.90,3.2778,true,1,12758
7290003143146,false,ממרח תמרים קליית גת 450 גרם,הדקלאים אגודת שיתופי,IL,ממרח תמרים 450 גרם,גרמים,450.00,100 גרם,false,,5.60,1.2444,true,1,12765
7290003143337,false,סילאן טבעי קליית גת 350 גרם בקבוק לחיץ,ליימן מותגים,,סילאן טבעי 350 גרם,גרמים,350.00,100 גרם,false,,11.90,3.4000,true,1,12769
7290003144419,false,סילאן טבעי קליית גת 710 גרם,ליימן מותגים,IL,סילאן טבעי קלית גת 7,גרמים,710.00,100 גרם,false,,17.90,2.5211,true,1,12776
7290003145751,false,קשיו קלוי קליית גת 200 גר,הדקלאים אגודת שיתופי,IL,קשיו קלוי 200 גרם,גרמים,200.00,100 גרם,false,,17.10,8.5500,true,1,12785
7290003145782,false,צנובר טבעי קליית גת,הדקלאים אגודת שיתופי,IL,צנובר טבעי 100 גרם,גרמים,100.00,100 גרם,false,,23.80,23.8000,true,1,12787
7290003145959,false,פקאן טבעי 150 גרם קליית גת,ליימן מותגים,IL,אגוז פקאן טבעי 150 ג,גרמים,150.00,100 גרם,false,,17.10,11.4000,true,1,12788
7290003163939,false,מעדני הטלה נקניקיות,יושלם,,"נקניקיות גריל 1.5 ק""",קילוגרמים,1.50,"ק""ג",false,,21.30,14.2000,true,1,16759
7290003208586,false,"וורמוט מרטיני לבן 750 מ""ל",מרטיני ורוסי,IT,מרטיני ביאנקו 750 מל,מיליליטרים,750.00,"100 מ""ל",false,,39.30,5.2400,true,1,13375
7290003208593,false,"וורמוט מרטיני לבן יבש 750 מ""ל",,,מרטיני אקסטרא דריי 7,מיליליטרים,750.00,"100 מ""ל",false,,39.30,5.2400,true,1,13376
7290003229116,false,פסטרמה בדבש 400 גרםטירת צבי,הנסיך- מפעל לייצור ט,IL,א.מ פסטרמה בדבש 400,גרמים,400.00,100 גרם,false,,23.00,5.7500,true,1,25138
7290003229123,false,פסטרמה על גחלים 400 גרםטירת צבי,הנסיך- מפעל לייצור ט,IL,א.מ. פסטרמה על גחלים,גרמים,400.00,100 גרם,false,,23.00,5.7500,true,1,25139
7290003229147,false,נקניק סלמי איטלקי טירת צבי 300 ג',הנסיך- מפעל לייצור ט,IL,סלמי בסגנון איטלקי 3,גרמים,300.00,100 גרם,false,,23.00,7.6667,true,1,25140
7290003229154,false,סלמי קוניאק מובחר טירת צבי 300 ג',הנסיך- מפעל לייצור ט,IL,א.מ. סלמי קוניאק מוב,גרמים,300.00,100 גרם,false,,21.30,7.1000,true,1,25141
7290003229192,false,כתף בקר מעושן טירת צבי 400 ג' צבי,טיב טירת צבי 2000,IL,א.מ. כתף בקר מעושן 4,גרמים,400.00,100 גרם,false,,23.00,5.7500,true,1,25143
7290003229208,false,פסטרמה ספרדית 2% טירת צבי 360 ג',טירת- צבי,IL,פסטרמה ספרדית 2% 360,גרמים,360.00,100 גרם,false,,23.80,6.6111,true,1,25144
7290003229215,false,פסטרמה איטלקית טירת צבי 360 ג',טירת- צבי,IL,פסטרמה איטלקית 360 ג,גרמים,360.00,100 גרם,false,,23.80,6.6111,true,1,25145
7290003231270,false,דאודורנט סטיק דאב מל,"חברת זולברג, קוויט,",MX,דאו' סטיק פרש טאצ' ד,גרמים,50.00,100 גרם,false,,18.80,37.6000,true,1,10326
7290003251308,false,אציטון משובח 100מל,שוורץ,,"אציטון משובח 100 מ""",מיליליטרים,100.00,"100 מ""ל",false,,3.40,3.4000,true,1,20940
7290003258406,false,"פנינה וואקס בריליאנטין לשיער 100 מ""ל",א.ארמן,IL,וואקס בריליאנטין לשי,מיליליטרים,100.00,"100 מ""ל",false,,14.50,14.5000,true,1,17883
7290003268252,false,לחם חיטה מלא לילדים 750 ג' דגנית עין בר,יוניליוור גרמניה Gm,IL,לחם חיטה מלא ללא גרע,גרמים,750.00,100 גרם,false,,11.90,1.5867,true,1,4507
7290003318100,false,וופל בטעם שוקולד מנעמים 200 ג',מנעמים תעשיות מזון,IL,ופל שוקו מנעמים 200,גרמים,200.00,100 גרם,false,,3.70,1.8500,true,1,35813
7290003318131,false,ופל קלאסיק אגוז 200 גרם מנעמים,מנעמים תעשיות מזון,IL,ופל אגוז מנעמים 200,גרמים,200.00,100 גרם,false,,3.70,1.8500,true,1,35814
7290003318599,false,וופל וניל 200 גרם מנעמים,מנעמים תעשיות מזון,IL,ופל וניל מנעמים 200,גרמים,200.00,100 גרם,false,,3.70,1.8500,true,1,35817
7290003321155,false,יוגורט בר עם פקאן מצופה שוקולד 183 ג' דנונה,"שטראוס בריאות בע""מ",IL,דנונה קראנצ' ששבי פק,מיליליטרים,183.00,"100 מ""ל",false,,4.20,2.2951,true,1,23050
7290003321292,false,גבינה לבנה 9% שומן 250 ג' שטראוס,מיוצר עי קונדיטוריית,IL,גבינה 9% סקי 250 גרם,גרמים,250.00,100 גרם,false,,4.30,1.7200,true,1,23051
7290003332007,false,קפה נחלה סובחי 250ג,סובחי נחלה ובניו,,קפה נחלה סובחי 250ג,גרמים,250.00,100 גרם,false,,11.90,4.7600,true,1,33526
7290003387410,false,בלונס פדים להסרת איפור שלישייה,SEPTONA S.A.,GR,מגבונים להסרת איפור,יחידה,0.00,יחידה,false,,17.00,0.0000,true,1,21215
7290003401369,false,"קרם לחות ועיצוב לשיער חוחובה נטורל 400 מ""ל",מיוצר עי אמיליה קוסמ,IL,קרם לחות ועיצוב לשיע,מיליליטרים,400.00,"100 מ""ל",false,,17.00,4.2500,true,1,29627
7290003401635,false,"קרם לחות לפתיחת תלתלים נטורל 400 מ""ל",מיוצר עי אמיליה קוסמ,IL,לחות לפתיחת תלתלים נ,מיליליטרים,400.00,"100 מ""ל",false,,19.60,4.9000,true,1,29630
7290003411276,false,עמבה הודית מובחרת הנמל 600ג',טרופיקל דגיל תעשיות,IL,עמבה מובחרת 500 גרם,גרמים,500.00,100 גרם,false,,7.60,1.5200,true,1,7839
7290003411566,false,צמרוני אזניים עץ הנמ,שוורצקוף& הנקל דיסלד,CN,צמרוני אוזניים עץ 20,יחידה,0.00,יחידה,false,,2.50,0.0000,true,1,7847
7290003411689,false,ליפתניות לבן 25 יחידות,הנמל אריזות ושיווק ב,IL,לפתניות 25 יח,יחידה,0.00,יחידה,false,,4.20,0.0000,true,1,7850
7290003411696,false,"מרקיות לבן ח""פ הנמל 25 יח'",פלסטכים תורכיה,IL,מרקיות חד פעמי 25 יח,יחידה,0.00,יחידה,false,,8.50,0.0000,true,1,7851
7290003411993,false,גפרורים הנמל 10 יחיד,"איטיליאן פוד, אס.פי.",SE,גפרורים 10 יחידות,יחידה,0.00,יחידה,false,,2.50,0.0000,true,1,7862
7290003423909,false,חטיף הרשי קוקיס קרם לבן 43 גרם,ליימן מותגים,US,קוקיז אנד קרים 43 גר,גרמים,43.00,100 גרם,false,,3.40,7.9070,true,1,12522
7290003427154,false,"שמן זית כתית מעולה מעודן זיתא 750 מ""ל",זיתא – י.ט.ב תעשיות,IL,שמן זית כתית מעולה ז,מיליליטרים,750.00,"100 מ""ל",false,,29.00,3.8667,true,1,24391
7290003438006,false,ממרח אולביה פסטו וצנובר איטלקי 190ג',מיוצר עי קונדיטוריית,IL,אוליביה ממרח פסטו אי,גרמים,180.00,100 גרם,false,,11.10,6.1667,true,1,51544
7290003438013,false,ממרח זיתים ירוקים אוליביה 190 גרם,אוליביה,IL,אוליביה ממרח זיתים א,גרמים,190.00,100 גרם,false,,11.10,5.8421,true,1,51545
7290003438020,false,ממרח עגבניות מיובשות אוליביה 190 גר,מיוצר עי קונדיטוריית,IL,אוליביה ממרח עגבניות,גרמים,190.00,100 גרם,false,,11.10,5.8421,true,1,51546
7290003438709,false,ממרח אולביה זיתים שחורים וירוקים 190 ג',גוד פוד פרודקטס S.p,IL,אוליביה ממרח זיתים ש,גרמים,190.00,100 גרם,false,,11.10,5.8421,true,1,51548
7290003438853,false,אוליביה ממרח אריסה חריפה 185 גר ',אוליביה,IL,אוליביה ממרח אריסה ח,גרמים,185.00,100 גרם,false,,11.10,6.0000,true,1,51549
7290003444009,false,חטיף הרשי ריזס שוקולד חלב 42 גר,ליימן מותגים,US,ריזס שוקולד חלב במיל,גרמים,42.00,100 גרם,false,,3.40,8.0952,true,1,12524
7290003450602,false,חרדל אמיתי צהוב בקבוק לחיץ 255 גר,היינץ צפון אמריקה מק,US,חרדל אמיתי צהוב בקבו,גרמים,255.00,100 גרם,false,,8.50,3.3333,true,1,5304
7290003514007,false,מנה שקדי מרק מנה 400 גרם,מנה Mana,IL,שקדי מרק מנה 400 גרם,גרמים,400.00,100 גרם,false,,8.50,2.1250,true,1,21217
7290003521395,false,קמיל בלו אל סבון סנסיטיב,פישר מעבדות פרמצבטיו,IL,קמיל בלו אל סבון ורו,ליטרים,2.00,ליטר,false,,34.20,17.1000,true,1,28849
7290003525898,false,סלט טונה שלישיה * 180 ג' וילגיר,,,סלט טונה ויליגר שליש,גרמים,480.00,100 גרם,false,,12.80,2.6667,true,1,16773
7290003525904,false,סלט טונה פיקנטי שלישיה * 160 ג',,,סלט טונה פיקנטי וילי,גרמים,480.00,100 גרם,false,,12.80,2.6667,true,1,16774
7290003527380,false,דובדובן ללא חרצן 680 ג',,,דובדבן ללא חרצן וילי,גרמים,680.00,100 גרם,false,,7.70,1.1324,true,1,16784
7290003570928,false,קבב בלדי קצביה ארוז קפוא 500ג',בלאדי,IL,קבב בלדי קצביה ארוז,גרמים,500.00,100 גרם,false,,24.70,4.9400,true,1,35088
7290003578108,false,חתיכות אננס בסירופ קל וילי פוד 850 גרם,טקרנג פינאפל אינדסטר,TH,אננס חתוך ויליפוד 85,גרמים,490.00,100 גרם,false,,7.70,1.5714,true,1,2867
7290003578313,false,דובדבנים חמוצים ללא חרצנים 680גר,דל מונטה היילס אס.אי,HR,דובדבנים חמוצים ללא,גרמים,350.00,100 גרם,false,,8.50,2.4286,true,1,2873
7290003598311,false,מינוט סטייק חלק ריאה 300 ג',בלדי,IL,מינוט סטייק 300 גר'/,גרמים,300.00,100 גרם,false,,30.70,10.2333,true,1,35090
7290003643004,false,"אורז בסמטי קלאסי 1 ק""ג סוגת",האי נאם סי או אל.טי.,IL,"סוגת אורז בסמטי 1 ק""",קילוגרמים,1.00,"ק""ג",false,,11.90,11.9000,true,1,17087
7290003643134,false,סוגת סוכר וניל 10 יח,גוד פוד פרודקטס S.p,IL,סוגת סוכר וניל 10 יח,גרמים,100.00,100 גרם,false,,2.10,2.1000,true,1,17089
7290003643387,false,"סוכר לבן בצנצנת 1 ק""ג סוגת",האי נאם סי או אל.טי.,IL,סוכר לבן בצנצנת סוגת,קילוגרמים,1.00,"ק""ג",false,,8.50,8.5000,true,1,17098
7290003643646,false,"סוכר דמררה קלאסי בצנצנת סוגת 1 ק""ג",האי נאם סי או אל.טי.,IL,סוכר דמררה בצנצנת חו,קילוגרמים,1.00,"ק""ג",false,,11.00,11.0000,true,1,17099
7290003643684,false,אפונה יבשה סוגת 500 גר',האי נאם סי או אל.טי.,IL,אפונה יבשה 500 גרם,גרמים,500.00,100 גרם,false,,5.00,1.0000,true,1,17100
7290003643714,false,סוגת חומוס 500 גרם,האי נאם סי או אל.טי.,IL,חומוס 500 גרם,גרמים,500.00,100 גרם,false,,6.80,1.3600,true,1,17102
7290003643738,false,סוגת חיטה 500 גרם,האי נאם סי או אל.טי.,IL,סוגת חיטה 500 גר,גרמים,500.00,100 גרם,false,,4.20,0.8400,true,1,17103
7290003643745,false,סוגת כוסמת 500 גרם,האי נאם סי או אל.טי.,IL,כוסמת 500 גרם,גרמים,500.00,100 גרם,false,,6.80,1.3600,true,1,17104
7290003643752,false,עדשים ירוקים יבש סוגת 500 גר',האי נאם סי או אל.טי.,IL,עדשים ירוקות 500 גרם,גרמים,500.00,100 גרם,false,,6.80,1.3600,true,1,17105
7290003643776,false,"פופקורן גרעינים סוגת 500 ג' כשל""פ",האי נאם סי או אל.טי.,IL,סוגת פופקורן 500 גרם,גרמים,500.00,100 גרם,false,,4.20,0.8400,true,1,17107
7290003643813,false,שעועית אדומה יבשה סוגת 500 גר',האי נאם סי או אל.טי.,IL,שעועית אדומה 500 גרם,גרמים,500.00,100 גרם,false,,9.40,1.8800,true,1,17110
7290003681693,false,חומוס לבן ענק יבש מיה 500 גר',"מיה תעשיות מזון בע""מ",IL,חומוס לבן ענק מיה 50,גרמים,500.00,100 גרם,false,,9.40,1.8800,true,1,14744
7290003706167,false,בצל ירוק ארוז,,,בצל ירוק ארוז,יח',1.00,יח',false,,5.90,5.9000,true,1,35314
7290003718627,false,"פול ירוק 400 ג' בית יוסף כשל""פ",,,פול ירוק בלדי 400 גר,גרמים,400.00,100 גרם,false,,10.20,2.5500,true,1,300405
7290003726615,false,טופו הבית משק ויילר,הדקלאים אגודת שיתופי,IL,טופו ויילר 300 גרם.,גרמים,300.00,100 גרם,false,,9.30,3.1000,true,1,23053
7290003781850,false,גבינת קשקבל פרוסות 200 גרם,וילי פוד,ES,גבינת קשקבל פרוסות 2,גרמים,200.00,100 גרם,false,,17.10,8.5500,true,1,186344
7290003864478,false,סרדינים בשמן צמחי ויליפוד 110ג' פתח קל,גולדן פרייז קאנינג א,TH,סרדין בשמן צמחי וילי,גרמים,110.00,100 גרם,false,,4.60,4.1818,true,1,2882
7290003864485,false,סרדינים ברוטב עגבנ יות ויליפוד 110ג' פתח קל,גולדן פרייז קאנינג א,TH,סרדינים ברוטב עגבניו,גרמים,120.00,100 גרם,false,,4.60,3.8333,true,1,2883
7290003864492,false,סרדינים בשמן צמחי חריף פתח קל ויליפוד 110ג',גולדן פרייז קאנינג א,TH,סרדין בשמן צמחי חריף,גרמים,120.00,100 גרם,false,,4.60,3.8333,true,1,2884
7290003882922,false,עלי גפן ממולאים באורז ויליפוד 400ג',הזה פלאקספו פוד קו ב,CN,עלי גפן ממולאים באור,גרמים,360.00,100 גרם,false,,7.70,2.1389,true,1,2887
7290003896141,false,חטיף ספרדי פיקנטי אלמנדוס 200 גרם,הדקלאים אגודת שיתופי,IL,אלמנדוס 200 גרם,גרמים,200.00,100 גרם,false,,10.20,5.1000,true,1,12792
7290003903771,false,קפוצ'ינו פחית עלית 200ג',שטראס קפה בי.וי,IL,עלית קפוצינו פחית 20,גרמים,200.00,100 גרם,false,,21.30,10.6500,true,1,21994
7290003903788,false,קפוצ'ינו וניל פחית עלית 200ג',שטראס קפה בי.וי,IL,עלית קפוצינו טעם וני,גרמים,200.00,100 גרם,false,,21.30,10.6500,true,1,21995
7290003976263,false,תרסיס די תיקן 300 מל מגיק טאצ,,,"די תיקן טאצ' 300 מ""ל",מיליליטרים,300.00,"100 מ""ל",false,,8.50,2.8333,true,1,68470
7290003976270,false,תרסיס די תיקן 300 מל מגיק,,,"די תוש טאצ' 300 מ""ל",מיליליטרים,300.00,"100 מ""ל",false,,8.50,2.8333,true,1,68471
7290003976713,false,נוזל רצפות פנטזי אנטיבקטריאלי טאצ' 2 ליטר,,,נוזל רצפות 99.9% אנט,ליטרים,2.00,ליטר,false,,21.30,10.6500,true,1,65176
7290003989096,false,חציל פיקנטי אחלה 500 גרם,מיוצר עי קונדיטוריית,IL,אחלה חציל פיקנטי 500,גרמים,500.00,100 גרם,false,,13.30,2.6600,true,1,23056
7290003989539,false,לורנצו רביולי במילוי גבינה,מיוצר עי קונדיטוריית,IL,EAT GOOD רביולי גבינ,גרמים,400.00,100 גרם,false,,17.10,4.2750,true,1,23057
7290004011260,false,קפה עם תחליף חלב על,ריץ,IL,קפה עם תחליף חלב על,מיליליטרים,426.00,"100 מ""ל",false,,8.50,1.9953,true,1,16790
7290004011338,false,"קצפת מתוקה מכונה 250 מ""ל ריץ'",האי נאם סי או אל.טי.,IT,ריצ קצפת במיכל 250מל,מיליליטרים,250.00,"100 מ""ל",false,,8.50,3.4000,true,1,16794
7290004011345,false,"קצפת ריצ` פרווה במיכל 250 מ""ל",האי נאם סי או אל.טי.,IT,קצפת ריץ במיכל פרווה,מיליליטרים,238.00,"100 מ""ל",false,,8.50,3.5714,true,1,16795
7290004022309,false,אמ אנד אמז חמאת בוטנ,,,M&M עדשי חמאת בוטנים,גרמים,80.00,100 גרם,false,,5.90,7.3750,true,1,20348
7290004026776,false,לחם מחמצת אגוזים וצי,פילסברי,,לחם מחמצת אגוזים וצי,גרמים,530.00,100 גרם,false,,15.30,2.8868,true,1,53333
7290004030100,false,מיץ תפוזים ולנסיה סחוט 1 ליטר100%,פריניב,IL,מיץ תפוזים סחוט וולנ,ליטרים,1.00,ליטר,false,,13.60,13.6000,true,1,52641
7290004030445,false,פריניב סחוט טבעי תפוזים 1ליטר,פריניב בעמ,IL,פרי ניב תפוז סחוט 1ל,ליטרים,1.00,ליטר,false,,11.90,11.9000,true,1,48994
7290004030612,false,פרי ניב מיץ קיוי אגס ללא תוספת סוכר 1ל,פריניב בעמ,IL,פרי ניב מיץ קיוי אגס,ליטרים,1.00,ליטר,false,,12.80,12.8000,true,1,49000
7290004030834,false,פריניב מיץ רימונים סחוט 1 ליטר,פריניב בעמ,IL,מיץ סחוט רימונים 100,ליטרים,1.00,ליטר,false,,20.40,20.4000,true,1,49013
7290004048679,false,"קובה למרק שלושת האופים 1 ק""ג",שלושת האופים,IL,קובה למרק 1 קג שלושת,קילוגרמים,1.00,"ק""ג",false,,14.50,14.5000,true,1,16805
7290004063016,false,מלח שולחן מעולה דק 1,האי נאם סי או אל.טי.,IL,"מלח שולחן סלית 1 ק""ג",קילוגרמים,1.00,"ק""ג",false,,1.50,1.5000,true,1,15225
7290004063115,false,"מלח מטבח עבה להמלחת בשר ובישול 1 ק""ג 1ק""ג",האי נאם סי או אל.טי.,IL,מלח מטבח גס לבישול כ,קילוגרמים,1.00,"ק""ג",false,,1.50,1.5000,true,1,15226
7290004064099,false,מטחנה מלח מהרי ההימלאיה 250 ג מלח הארץ,חברת מלח הארץ אילת ב,IL,מטחנה מלח מהרי ההימל,גרמים,250.00,100 גרם,false,,13.60,5.4400,true,1,15227
7290004064174,false,"תבלין מלח ההימלאיה דק בצנצנת 1 ק""ג",מלח הארץ אילת,IL,מלח ההימלאיה דק בצנצ,קילוגרמים,1.00,"ק""ג",false,,14.50,14.5000,true,1,15228
7290004064228,false,מלח במטחנה אקסטרא תבלינים שום ופלפל 125 גר',מלח הארץ אילת,IL,מטחנת מלח אקסטרא תבל,גרמים,125.00,100 גרם,false,,13.60,10.8800,true,1,24411
7290004064280,false,מלח מופחת נתרן בצנצנת מלח הארץ 600 גרם,חברת מלח הארץ אילת ב,IL,מלח מופחת נתרן בצנצנ,גרמים,600.00,100 גרם,false,,15.30,2.5500,true,1,24412
7290004064303,false,מלח אטלנטי בצנצנת מלח הארץ 800 גרם,מלח הארץ אילת,IL,מלח אטלנטי בצנצנת הא,גרמים,800.00,100 גרם,false,,17.10,2.1375,true,1,15231
7290004064358,false,"מלח דק זורם בקלות מלח הארץ קרטון 1 ק""ג",,IL,מלח דק זורם בקלות בק,קילוגרמים,1.00,"ק""ג",false,,4.20,4.2000,true,1,15232
7290004064389,false,מלח הימלאיה דק מלחייה 250 גרם,מלח הארץ אילת,IL,מלח הימלאיה דק מלחיי,גרמים,250.00,100 גרם,false,,8.50,3.4000,true,1,123011
7290004068011,false,יוגורט כבשים 5% בדלי,"מיוצר ע""י קוד יצרן M",IL,גד יוגורט כבשים 5% 6,מיליליטרים,600.00,"100 מ""ל",false,,15.80,2.6333,true,1,14399
7290004068028,false,"ציזיקי יוגורט לשתיה גד 500 מ""ל",מיוצר על ידי קוד יצר,IL,גד משקה צזיקי 2% 500,מיליליטרים,500.00,"100 מ""ל",false,,9.10,1.8200,true,1,14400
7290004068035,false,"איירן יוגורט לשתייה 3% גד 500 מ""ל","מיוצר ע""י קוד יצרן M",IL,גד משקה איירן בסגנון,גרמים,500.00,100 גרם,false,,7.30,1.4600,true,1,14401
7290004068172,false,"יוגורט עיזים בדלי 5% 600 מ""ל רובין",קוד יצרן MKN,IL,גד יוגורט עיזים 5% 6,מיליליטרים,600.00,"100 מ""ל",false,,15.80,2.6333,true,1,14402
7290004078225,false,"שטיפת פה קולגייט פלקס מינט ירוק 500מ""ל",קולגייט- פלמוליב,PL,מי פה פלקס סופט מינט,מיליליטרים,500.00,"100 מ""ל",false,,26.40,5.2800,true,1,21236
7290004078263,false,מקלות אוזניים פלסטיק 2* 200 יחידות,SEPTONA S.A,GR,צמרונים בקופסא זוג ב,יחידה,0.00,יחידה,false,,9.30,0.0000,true,1,21237
7290004078270,false,נוזל כלים פלמוליב צילינדר לימון 1 ליטר,יבואן ומשווק: ש. שסט,GR,פלמוליב לכלים לימון-,יחידה,0.00,יחידה,false,,11.90,0.0000,true,1,21238
7290004078690,false,"אגקס נוזל לניקוי אסלות מרענן 750 מ""ל",הנסיך- מפעל לייצור ט,FR,אגקס כלורון נוזל לני,מיליליטרים,750.00,"100 מ""ל",false,,12.70,1.6933,true,1,21240
7290004078942,false,ליידי ספיד סטיק - דאודורנט ג'ל לאישה 65 גרם,קולגייט פלמוליב,US,דיאודורנט ג'ל מרענן,גרמים,65.00,100 גרם,false,,15.30,23.5385,true,1,21241
7290004102326,false,תרד לא שטוף,,,תרד לא שטוף,גרמים,180.00,100 גרם,false,,11.90,6.6111,true,1,35316
7290004119133,false,כד יוגורט תנובה 6.5% שומן 1.5 ליטר,מיוצר עי קונדיטוריית,IL,יוגורט כדים תנובה 7%,ליטרים,1.50,ליטר,false,,15.10,10.0667,true,1,25624
7290004119928,false,קרלו מעדן וניל רביעיות גביע 125 1.5%,מחלבת אלון תבור,IL,קרלו וניל 3% 125מל,מיליליטרים,125.00,"100 מ""ל",false,,2.50,2.0000,true,1,25627
7290004119973,false,קרלו מעדן שוקו רביעיה גביע 125 1.5%,תנובה מרכז שיתופי לש,IL,קרלו שוקולדה 3% 125מ,מיליליטרים,125.00,"100 מ""ל",false,,2.50,2.0000,true,1,25628
7290004120061,false,קרלו שוקולד וניל 125,תנובה מרכז שיתופי לש,IL,קרלו שוניל 3% 125מל,מיליליטרים,125.00,"100 מ""ל",false,,2.50,2.0000,true,1,25629
7290004120566,false,גבינה בולגרית פיראוס 24% 250 גרם,תנובה,IL,פיראוס בולגרית 24% 2,גרמים,250.00,100 גרם,false,,18.70,7.4800,true,1,25637
7290004120573,false,גבינה בולגרית פיראוס 16% 250 גרם,תנובה מרכז שיתופי לש,IL,פיראוס בולגרית בקר 1,גרמים,250.00,100 גרם,false,,18.70,7.4800,true,1,25638
7290004120634,false,גבינה פיראוס בולגרית 5% 250 גרם,תנובה מרכז שיתופי לש,IL,פיראוס בולגרית 5% 25,גרמים,250.00,100 גרם,false,,18.70,7.4800,true,1,25639
7290004120832,false,חלב תנובה טרי 3% מהדרין כד 2 ל',תנובה מרכז שיתופי לש,IL,"חלב תנובה טרי 3% בד""",ליטרים,2.00,ליטר,false,,10.65,5.3250,true,1,25641
7290004121488,false,יופלה דיאט אפרסק 0% גביע 150 ג',תנובה מרכז שיתופי לש,IL,יופלה דיאט אפרסק 0%,מיליליטרים,150.00,"100 מ""ל",false,,4.40,2.9333,true,1,25642
7290004121525,false,יופלה מאגדת פרי 4 תות 4 אפרסק 3% 8 יח'*150 ג',תנובה מרכז שיתופי לש,IL,יופלה אפרסק תות 3% 8,קילוגרמים,1.20,"ק""ג",false,,27.30,22.7500,true,1,25643
7290004121839,false,גבינת פטה כבשים 20% 250 ג' פיראוס,תנובה מרכז שיתופי לש,IL,פיראוס פטה כבשים 20%,גרמים,250.00,100 גרם,false,,23.00,9.2000,true,1,25645
7290004121853,false,גבינה בולגרית פיראוס 5% קוביות 200 גרם,תנובה מרכז שיתופי לש,IL,פיראוס בולגרית בקובי,גרמים,200.00,100 גרם,false,,16.20,8.1000,true,1,25646
7290004122119,false,פתיתי פרמזן לפסטה %23 100 ג' השף הלבן,פ.פ.ח. שאביט,IL,שף לבן פתיתי פרמזן ל,גרמים,100.00,100 גרם,false,,9.40,9.4000,true,1,25648
7290004122195,false,"גבינת גוש חלב פרוס 28%, כשרות מהדרין, 200 ג'",תנובה,IL,גוש חלב פרוס 28% 200,גרמים,200.00,100 גרם,false,,12.70,6.3500,true,1,25649
7290004122270,false,גבינה צהובה פרוס בקופסא %28 200 ג' עמק,תנובה מרכז שיתופי לש,IL,עמק פרוס סגירה חוזרת,גרמים,200.00,100 גרם,false,,14.40,7.2000,true,1,25650
7290004122348,false,גבינת עמק לייט פרוס בקופסא 200 גרם,תנובה מרכז שיתופי לש,IL,עמק לייט 9% 200ג,גרמים,200.00,100 גרם,false,,15.30,7.6500,true,1,25651
7290004122676,false,גבינת חמד לייט 5% פיראוס 250 ג',"תנובה,מחלבת טנא נוגה",IL,פיראוס חמד לייט 5% 2,גרמים,250.00,100 גרם,false,,16.20,6.4800,true,1,25653
7290004122683,false,חטיף גבינת אצבעות 28% 172 ג' עמק,תנובה מרכז שיתופי לש,IL,עמק אצבעות 172ג,גרמים,172.00,100 גרם,false,,14.30,8.3140,true,1,25654
7290004124205,false,יוגורט דיאט תות %0 שומן 150 ג' יופלה,תנובה מרכז שיתופי לש,IL,יופלה דיאט תות 0% 15,מיליליטרים,150.00,"100 מ""ל",false,,4.40,2.9333,true,1,25662
7290004124847,false,"קצפת צמחית השף הלבן 500 מ""ל תנובה",תנובה מרכז שיתופי לש,IL,שף לבן קצפת צמחית 24,מיליליטרים,500.00,"100 מ""ל",false,,12.70,2.5400,true,1,25664
7290004125370,false,"שמנת חמוצה מופחתת שומן 9% 200 מ""ל",תנובה מרכז שיתופי לש,IL,תנובה שמנת מופחתת 9%,מיליליטרים,200.00,"100 מ""ל",false,,3.30,1.6500,true,1,25666
7290004125400,false,"שלי אשל 4.5% תנובה 200מ""ל מהדרין",פארייפאבה אגרואינדוס,IL,"אשל 4.5% בד""צ מהדרין",מיליליטרים,200.00,"100 מ""ל",false,,1.44,0.7200,true,1,25667
7290004125417,false,"שלי גיל 3% תנובה 200מ""ל מהדרין",תנובה מרכז שיתופי לש,IL,"גיל 3% בד""צ מהדרין",מיליליטרים,200.00,"100 מ""ל",false,,1.29,0.6450,true,1,25668
7290004125455,false,**תנובה שמנת אורגינל מהדרין 15% 200מל,תנובה מרכז שיתופי לש,IL,תנובה שמנת אורגינל מ,מיליליטרים,200.00,"100 מ""ל",false,,2.05,1.0250,true,1,25669
7290004125462,false,"שמנת אורגינל 15% מהדרין 500 מ""ל",תנובה מרכז שיתופי לש,IL,תנובה שמנת חמוצה 15%,מיליליטרים,500.00,"100 מ""ל",false,,5.13,1.0260,true,1,25670
7290004125509,false,"שמנת 15% חצי מנה 100 מ""ל תנובה",תנובה מרכז שיתופי לש,IL,תנובה שמנת חצי מנה 1,מיליליטרים,100.00,"100 מ""ל",false,,1.50,1.5000,true,1,25671
7290004125578,false,משקה סויה מעושר בסידן תנובה 1ל',תנובה מרכז שיתופי לש,IL,משקה סויה תנובה מועש,ליטרים,1.00,ליטר,false,,9.30,9.3000,true,1,25672
7290004125585,false,משקה סויה וניל תנובה E אלטרנטיב,תנובה מרכז שיתופי לש,IL,סויה תנובה משקה סויה,ליטרים,1.00,ליטר,false,,9.30,9.3000,true,1,25673
7290004125721,false,"שמנת לבישול 15% שומן 250 מ""ל תנובה",תנובה מרכז שיתופי לש,IL,שף לבן שמנת לבישול 1,מיליליטרים,250.00,"100 מ""ל",false,,7.40,2.9600,true,1,25675
7290004125738,false,שמנת מתוקה להקצפה32% 250מל עמיד השף הלבן,תנובה מרכז שיתופי לש,IL,שף לבן שמנת להקצפה 3,מיליליטרים,250.00,"100 מ""ל",false,,5.80,2.3200,true,1,25676
7290004125776,false,גבינה צהובה עמק 28% 400 גרם בקופסא,תנובה,IL,עמק גבינה קשה פרוסה,גרמים,400.00,100 גרם,false,,25.60,6.4000,true,1,25677
7290004126674,false,פרוסות גבינה חצי קשה 9% שומן 200 ג' עמק,תנובה מרכז שיתופי לש,IL,עמק טל לייט 9% 200ג,גרמים,200.00,100 גרם,false,,17.00,8.5000,true,1,25680
7290004127077,false,קוטג' 3% שומן 250 ג' תנובה,מיוצר עי קונדיטוריית,IL,קוטג תנובה 3% 250 ג,גרמים,250.00,100 גרם,false,,4.80,1.9200,true,1,25683
7290004127329,false,קוטג' 5% תנובה 250ג' מהדרין,מיוצר עי קונדיטוריית,IL,קוטג' 5% תנובה מהדרי,גרמים,250.00,100 גרם,false,,4.80,1.9200,true,1,25684
7290004127336,false,קוטג' 9% תנובה 250 ג' הדרין,מיוצר עי קונדיטוריית,IL,קוטג' תנובה מהדרין 9,גרמים,250.00,100 גרם,false,,4.80,1.9200,true,1,25685
7290004127800,false,גבינה לבנה 5% שומן 500 ג' תנובה,מיוצר עי קונדיטוריית,IL,תנובה גבינה לבנה 5%,גרמים,500.00,100 גרם,false,,8.51,1.7020,true,1,25687
7290004127817,false,גבינה לבנה 9% שומן 500 ג' תנובה,מיוצר עי קונדיטוריית,IL,תנובה גבינה לבנה 9%,גרמים,500.00,100 גרם,false,,7.90,1.5800,true,1,25688
7290004127862,false,**תנובה גבינה למריחה מהדרין 5% 750ג,תנובה מרכז שיתופי לש,IL,תנובה גבינה למריחה מ,גרמים,750.00,100 גרם,false,,12.74,1.6987,true,1,25689
7290004128333,false,לאבנה על בסיס יוגורט %9 שומן 500 ג' פיראוס,תנובה,IL,פיראוס לאבנה גביע %9,גרמים,500.00,100 גרם,false,,17.00,3.4000,true,1,25692
7290004128432,false,פתיתים מיוחדים לפיצה על בסיס גבינה 500 ג',תנובה,IL,שף לבן פתיתי גבינה מ,גרמים,500.00,100 גרם,false,,18.80,3.7600,true,1,25695
7290004129101,false,גבינת שמנת 25% בטעם טבעי 225 ג' נפוליאון,תנובה מרכז שיתופי לש,IL,נפוליאון בטעם טבעי 2,גרמים,225.00,100 גרם,false,,12.40,5.5111,true,1,25696
7290004129118,false,גבינת שמנת 24% עם זיתים ירוקים 225 ג' נפוליאון,תנובה מרכז שיתופי לש,IL,נפוליאון בטעם זיתים,גרמים,225.00,100 גרם,false,,12.40,5.5111,true,1,25697
7290004129156,false,גבינת שמנת25% עם שום שמיר 225 ג' נפוליאון,תנובה מרכז שיתופי לש,IL,נפוליאון שום שמיר 25,גרמים,225.00,100 גרם,false,,12.40,5.5111,true,1,25698
7290004129736,false,יוגורט במתיקות מעודנת 1.5% שומן 200 ג' יופלה,תנובה מרכז שיתופי לש,IL,יופלה קרם יוגרט מעוד,מיליליטרים,200.00,"100 מ""ל",false,,3.80,1.9000,true,1,25701
7290004129767,false,יופלה לבן טבעי מאגדת 3% 8*150מל,מחלבת אלון תבור,IL,יופלה לבן מאגדת 3% 8,קילוגרמים,1.20,"ק""ג",false,,15.80,13.1667,true,1,25702
7290004130794,false,משקה סויה טבעי במתיקות מופחתת 1 ליטר,תנובה מרכז שיתופי לש,IL,סויה תנובה טבעי במתי,ליטרים,1.00,ליטר,false,,9.00,9.0000,true,1,25705
7290004130916,false,יוגורט 3% פירות יער בשמנת 150 ג' יופלה,תנובה מרכז שיתופי לש,IL,יופלה בטעם פירות יער,גרמים,150.00,100 גרם,false,,4.40,2.9333,true,1,25706
7290004131074,false,**חלב תנובה טרי מהדרין קרטון 3% 1ל,תנובה מרכז שיתופי לש,IL,חלב תנובה הומוגני מה,ליטרים,1.00,ליטר,false,,5.32,5.3200,true,1,25708
7290004131432,false,יוגורט ביו 3% שומן 200 ג' יופלה,מיוצר עי קונדיטוריית,IL,יופלה לבן 3% 200מל,מיליליטרים,200.00,"100 מ""ל",false,,3.30,1.6500,true,1,25712
7290004131456,false,יוגורט ביו 1.5% שומן 200 ג' יופלה,מיוצר עי קונדיטוריית,IL,יופלה לבן 1.5% 200מל,מיליליטרים,200.00,"100 מ""ל",false,,3.30,1.6500,true,1,25713
7290004131814,false,גבינה צפתית 5% מעודנת 200 ג' פיראוס,פארייפאבה אגרואינדוס,IL,פיראוס צפתית מעודנת,גרמים,200.00,100 גרם,false,,12.70,6.3500,true,1,25716
7290004132552,false,משקה סויה לייט בטעם טבעי טרי 1 ליטר,תנובה מרכז שיתופי לש,IL,סויה תנובה לייט בטעם,ליטרים,1.00,ליטר,false,,9.00,9.0000,true,1,25723
7290004135614,false,גבינה בולגרית מעודנת 5% 250 ג' פיראוס,תנובה,IL,פיראוס בולגרית מעודנ,גרמים,250.00,100 גרם,false,,18.70,7.4800,true,1,25742
7290004136598,false,מארז הפסקת אוכל עם קורנפלקס ומשקה חלב עמיד בטעם וניל,פארייפאבה אגרואינדוס,IL,מארז הפסקת אוכל חלב,גרמים,150.00,100 גרם,false,,8.50,5.6667,true,1,25749
7290004136857,false,גלי פטל תנובה 125 גר,תנובה מרכז שיתופי לש,IL,ג'לי תנובה פטל 125מל,מיליליטרים,125.00,"100 מ""ל",false,,2.10,1.6800,true,1,25750
7290004136864,false,ג'לי תנובה אננס עם חתיכות אננס 125מל,סוי מג'יק,IL,ג'לי תנובה אננס עם ח,מיליליטרים,125.00,"100 מ""ל",false,,2.50,2.0000,true,1,25751
7290004136871,false,ג'לי תנובה אפרסק עם חתיכות אפרסק 125מל,תנובה מרכז שיתופי לש,IL,ג'לי תנובה אפרסק עם,מיליליטרים,125.00,"100 מ""ל",false,,2.50,2.0000,true,1,25752
7290004137021,false,"שמנת לבישול 10% עמיד השף הלבן 250 מ""ל",תנובה מרכז שיתופי לש,IL,שף לבן שמנת לבישול 1,מיליליטרים,250.00,"100 מ""ל",false,,7.20,2.8800,true,1,25754
7290004137311,false,עמק לייט משפחתית 9% 400ג-ועדת מהדרין,תנובה,IL,עמק לייט משפחתית 9%,גרמים,400.00,100 גרם,false,,28.10,7.0250,true,1,25755
7290004199784,false,כפפות S לטקס עם איבוק עדין 100 יח- SAFE TOUCH,T.G. Sdn,TH,כפפות לאטקס סייף טאצ,יחידה,0.00,יחידה,false,,19.60,0.0000,true,1,69476
7290004199791,false,כפפות M לטקס עם איבוק עדין 100 יח- SAFE TOUCH,T.G. Sdn,TH,כפפות לאטקס סייף טאצ,יחידה,0.00,יחידה,false,,19.60,0.0000,true,1,69477
7290004199807,false,כפפות L לטקס עם איבוק עדין 100 יח- SAFE TOUCH,T.G. Sdn,TH,כפפות לאטקס סייף טאצ,יחידה,0.00,יחידה,false,,19.60,0.0000,true,1,69478
7290004200244,false,פרסים רמה 3,,,פרסים רמה 3,יחידה,0.00,יחידה,false,,8.10,0.0000,true,1,31989
7290004225285,false,גבינה בסגנון דנאבלו 100 ג',האי נאם סי או אל.טי.,DK,סגנון דנאבלו 100 גרם,גרמים,100.00,100 גרם,false,,8.50,8.5000,true,1,16806
7290004230081,false,קציצות עוף ברוטב עגבניות שגב 800 גרם,קרלו,IL,שגב קציצות עוף ברוטב,גרמים,800.00,100 גרם,false,,21.30,2.6625,true,1,16818
7290004230340,false,מקלות בורקס פילו תרד ובצל שגב 600 ג,האי נאם סי או אל.טי.,IL,שגב מקלות בורקס פילו,גרמים,600.00,100 גרם,false,,17.00,2.8333,true,1,16828
7290004323882,false,טחון הודו אדום 500 גרם,,,טחון הודו אדום 500 ג,גרמים,500.00,100 גרם,false,,11.10,2.2200,true,1,16847
7290004480301,false,גבינת שמנת כמהין מעד,,,גבינת שמנת כמהין מעד,קילוגרמים,1.00,"ק""ג",true,,51.30,51.3000,true,1,259588
7290004494131,false,יין דלתון קברנה סוביניון גליל,"איי, בי, אינבוו",IL,"קברנה דלתון 750 מ""ל",מיליליטרים,750.00,"100 מ""ל",false,,50.40,6.7200,true,1,7320
7290004537241,false,אפונת גינה שדה בשקית,בסט מייסטר,IL,אפונת גינה קפואה 800,גרמים,800.00,100 גרם,false,,11.90,1.4875,true,1,51098
7290004537258,false,אפונה וגזר 800 גר שד,,,אפונה וגזר 800 גר שד,גרמים,800.00,100 גרם,false,,11.90,1.4875,true,1,51099
7290004537326,false,לקט ירקות מעורבים קפ,,,לקט ירקות העונה 800,גרמים,800.00,100 גרם,false,,11.90,1.4875,true,1,51105
7290004537340,false,גזר גמדי 800גרם שדה,,,גזר גמדי 800גרם שדה,גרמים,800.00,100 גרם,false,,11.90,1.4875,true,1,51107
7290004584306,false,רבעיית גמדים בטעם תות בננה * 100 ג' שטראוס,מיוצר עי קונדיטוריית,IL,גמדים תות בננה 4*100,מיליליטרים,400.00,"100 מ""ל",false,,9.90,2.4750,true,1,23059
7290004584351,false,גבינה לבנה סימפוניה עם תוספות 200 ג' חמישית 200,"שטראוס בריאות בע""מ",IL,סימפוניה חמישית 200ג,גרמים,200.00,100 גרם,false,,9.80,4.9000,true,1,23060
7290004584528,false,יוגורט דנונה ביו טבעי 1.7% 200 גרם,מיוצר עי קונדיטוריית,IL,דנונה יוגורט טבעי 1.,מיליליטרים,200.00,"100 מ""ל",false,,3.30,1.6500,true,1,23061
7290004585907,false,דני ועדן וניל 1.5% 125ג' שטראוס,מיוצר עי קונדיטוריית,IL,דני וניל מהדרין 130מ,מיליליטרים,130.00,"100 מ""ל",false,,2.60,2.0000,true,1,23062
7290004639006,false,סולטנה קוסקוס טוניסא,מטעמי פאר,IL,קוסקוס ביתי קפוא,גרמים,800.00,100 גרם,false,,14.90,1.8625,true,1,51109
7290004658946,false,שרדונה פרייבט קולקשי,"כד בני דרום בע""מ",IL,יין P.C שרדונה לבן,מיליליטרים,750.00,"100 מ""ל",false,,34.10,4.5467,true,1,508
7290004658960,false,יין ארמלד ריזלינג P.C לבן חצי יבש 750 מ,אגודת הכורמים הקואופ,IL,יין P.C אמרלד ריזל,מיליליטרים,750.00,"100 מ""ל",false,,34.10,4.5467,true,1,510
7290004731076,false,אל סבון אלוורה כיף 1 ל',טרופיקל דגיל תעשיות,IL,אלסבון אלוורה כיף 1,ליטרים,1.00,ליטר,false,,11.00,11.0000,true,1,29637
7290004731410,false,סנו סושי כרית קרצוף ירוק שלישיה,סנו,IL,כרית קרצוף סנו סושי,יחידה,0.00,יחידה,false,,8.50,0.0000,true,1,29644
7290004731472,false,"אל סבון צבעוני כיף שלישיה* 500 מ""ל",טרופיקל דגיל תעשיות,IL,שלישיית אלסבון צבעונ,ליטרים,1.50,ליטר,false,,17.00,11.3333,true,1,29645
7290004731564,false,"סנו - מקסימה מרסס למייבש כביסה פריחה כחולה 750 מ""ל",סנו,IL,סנו מקסימה מבשם ומרכ,מיליליטרים,750.00,"100 מ""ל",false,,15.30,2.0400,true,1,29648
7290004731687,false,דואופרש וניל ולמון גראס,סנו,IL,דואופרש וניל,מיליליטרים,300.00,"100 מ""ל",false,,10.20,3.4000,true,1,29651
7290004737900,false,חלב מרוכז ממותק 397 גרם ויליפוד,יו.איי.בי מאריג'אמפו,LT,וילי פוד חלב מרוכז מ,גרמים,397.00,100 גרם,false,,8.50,2.1411,true,1,2897
7290004762056,false,שקדי מרק חטיפים מן ה,,,שקדי מרק חטיפים מן ה,גרמים,400.00,100 גרם,false,,8.50,2.1250,true,1,305928
7290004762827,false,"קרוטונים למרק בטעם שום בצל, 250 גרם",,,קרוטונים למרק שקית,גרמים,250.00,100 גרם,false,,8.50,3.4000,true,1,328400
7290005020346,false,בקרדי קרטה בלנקה סופ,תאגיד בקרדי,US,בקרדי קרטה בלנקה סופ,מיליליטרים,750.00,"100 מ""ל",false,,88.00,11.7333,true,1,13385
7290005040993,false,ערמונים קלויים קלופי,אראל תוצרת חקלאית בע,IL,ערמונים קלויים קלופי,יח',1.00,יח',false,,4.20,4.2000,true,1,50494
7290005041129,false,מעדני הטלה קבב גמבו,לאטי עזרא גלם ודגים,IL,מעדני הטלה קבב גמבו,קילוגרמים,1.00,"ק""ג",false,,39.30,39.3000,true,1,16852
7290005041198,false,מעדני הטלה קבב ביתי,לאטי עזרא גלם ודגים,IL,"קבב ביתי 1ק""ג",קילוגרמים,1.00,"ק""ג",false,,39.20,39.2000,true,1,16855
7290005041402,false,שיפודי שווארמה 600 גר קפוא,יושלם,,שיפודי שוארמה פרגית,גרמים,600.00,100 גרם,false,,47.80,7.9667,true,1,208039
7290005095061,false,נר נשמה בפחית 24 שעות,,CN,נר נשמה 26 שעות שקד,גרמים,68.00,100 גרם,false,,1.90,2.7941,true,1,180805
7290005095269,false,נרות חימום 50 יח' שק,,,נרות חימום 50 יח' שק,גרמים,500.00,100 גרם,false,,8.50,1.7000,true,1,327921
7290005174513,false,חציל במיונז 500 ג' אחלה,מיוצר עי קונדיטוריית,IL,חציל במיונז אחלה 500,גרמים,500.00,100 גרם,false,,13.60,2.7200,true,1,23063
7290005174551,false,סלט חומוס עם צנוברים 125 ג' אחלה,מיוצר עי קונדיטוריית,IL,אחלה חומוס 125ג,גרמים,125.00,100 גרם,false,,4.20,3.3600,true,1,23064
7290005174568,false,אחלה סלט חצילים יום 125 ג',"שטראוס גרופ בע""מ",IL,אחלה חציל במיונז 125,גרמים,125.00,100 גרם,false,,4.20,3.3600,true,1,23065
7290005174575,false,טחינה אחלה יום יום משובחת 125ג',מיוצר עי קונדיטוריית,IL,אחלה טחינה 125גר,גרמים,125.00,100 גרם,false,,4.20,3.3600,true,1,23066
7290005197758,false,עוגיות חיוכים שוקו שוקו 150ג',אפיפית נצרת תעשיות ב,IL,חיוכים של שוקו,גרמים,150.00,100 גרם,false,,4.20,2.8000,true,1,22002
7290005200786,false,תפוצ'יפס שמנת ובצל 50 גרם,"שטראוס פריטו ליי בע""",IL,תפוציפס שמנת ובצל 50,גרמים,50.00,100 גרם,false,,3.30,6.6000,true,1,23923
7290005201455,false,קפה נמס ארומה קלאסי 200 גרם,"אינסטנטה בע""מ",IL,ארומה קפה נמס 200 גר,גרמים,200.00,100 גרם,false,,18.70,9.3500,true,1,22011
7290005201882,false,קפה טורקי עלית 200 גרם,הנסיך- מפעל לייצור ט,IL,טורקי עלית 200 גר',גרמים,200.00,100 גרם,false,,13.60,6.8000,true,1,22013
7290005287206,false,טונה סטארקיסט בשמן רביעיות 4*160 גר,"סטארקיסט פודור בע""מ",IL,טונה בשמן סטארקיסט ר,גרמים,640.00,100 גרם,false,,21.30,3.3281,true,1,26418
7290005287213,false,"טונה סטארקיסט בשמן רביעייה בד""צ",,,טונה בשמן סטארקיסט ב,גרמים,640.00,100 גרם,false,,21.30,3.3281,true,1,26419
7290005287251,false,טונה סטארקיסט במים רביעיות 4*160 גר,"סטארקיסט פודור בע""מ",IL,טונה במים סטארקיסט ר,גרמים,640.00,100 גרם,false,,21.30,3.3281,true,1,26421
7290005287930,false,"טונה במים רביעייה סטארקיסט בד""צ",,,טונה במים סטארקיסט ב,גרמים,640.00,100 גרם,false,,21.30,3.3281,true,1,26440
7290005326523,false,ממרח פסטו פטרוזיליה ונענע אוליביה 180 גר,אוליביה,IL,אוליביה ממרח פסטו פט,גרמים,180.00,100 גרם,false,,11.10,6.1667,true,1,51552
7290005384851,false,וילי פוד מיץ לימון בדץ 200מל,יורופוד,IT,מיץ לימון משומר וילי,מיליליטרים,200.00,"100 מ""ל",false,,2.50,1.2500,true,1,2902
7290005403972,false,תחתיות ארטישוק 400 ג,,,תחתיות ארטישוק 400 ג,גרמים,400.00,100 גרם,false,,14.10,3.5250,true,1,51111
7290005403989,false,במיה קפואה 600 גרם ש,,,במיה קפואה 600 גרם ש,גרמים,600.00,100 גרם,false,,10.20,1.7000,true,1,51112
7290005423253,false,"סנו - מקסימה מרסס למייבש כביסה אולטרה פרש 750 מ""ל","סנו מפעלי ברונוס בע""",IL,סנו מקסימה למייבש או,מיליליטרים,750.00,"100 מ""ל",false,,15.30,2.0400,true,1,29663
7290005423499,false,"סנו נירוסטה אירוסול 500 מ""ל",מיוצר עי קונדיטוריית,IL,סנו נירוסטה אירוסול,מיליליטרים,476.00,"100 מ""ל",false,,17.00,3.5714,true,1,29671
7290005423567,false,מטליות לניקוי כללי בגליל 40 יח' סנו סושי,אסותא תעשיות אלבד בע,IL,סנו סושי מטלית לכל 3,יחידה,0.00,יחידה,false,,17.10,0.0000,true,1,29674
7290005423635,false,ריצפז נוזל לניקוי רצפות דוחה חרקים 2 ל',מיוצר עי קונדיטוריית,IL,נוזל לניקוי רצפות דו,ליטרים,2.00,ליטר,false,,18.70,9.3500,true,1,29675
7290005423734,false,סנו - מקסימה מרכך כביסה אולטרה פרש 4 ליטר,"סנו מפעלי ברונוס בע""",IL,מרכך כביסה סנו מקסימ,ליטרים,4.00,ליטר,false,,19.60,4.9000,true,1,29676
7290005423918,false,סנו - מקסימה מרכך כביסה היפואלרגני אלוורה 4 ליטר,"סנו מפעלי ברונוס בע""",IL,מרכך כביסה סנו מקסימ,ליטרים,4.00,ליטר,false,,20.40,5.1000,true,1,29680
7290005424700,false,סנו - פורטה פלוס מרסס מסיר שומנים 1 ליטר,סנו,IL,פורטה פלוס - קצף ברי,מיליליטרים,1.00,"100 מ""ל",false,,15.30,1530.0000,true,1,29691
7290005425196,false,"סנו לכביסה מקסימה סנסיטיב 2.5 ק""ג",מיוצר עי קונדיטוריית,IL,אבקת כביסה סנו מקסימ,קילוגרמים,2.50,"ק""ג",false,,23.00,9.2000,true,1,29705
7290005425202,false,אבקת כביסה ביו מקסימה לכתמים קשים,"סנו מפעלי ברונוס בע""",IL,אבקת כביסה סנו מקסימ,קילוגרמים,2.50,"ק""ג",false,,23.00,9.2000,true,1,29706
7290005425646,false,סנו קליר ספריי אקדח לניקוי והברקת חלונות 1ל',"סנו מפעלי ברונוס בע""",IL,סנוקליר נוזל רב תכלי,יחידה,0.00,יחידה,false,,10.20,0.0000,true,1,29713
7290005426964,false,סנובון כחול בריח אפרסק 3 יח' * 55 ג',סנו,IL,סנובון כחול שלישיה ב,גרמים,165.00,100 גרם,false,,14.40,8.7273,true,1,29739
7290005426971,false,סנובון כחול בריח תפוח 3 יח' * 55 ג',סנו,IL,סנובון כחול שלישיה ב,גרמים,165.00,100 גרם,false,,14.40,8.7273,true,1,29740
7290005427725,false,מגבונים ליטופים מארז חמישיה,טרופיקל דגיל קוסמטיק,IL,ליטופים מגבונים מבוש,יחידה,0.00,יחידה,false,,16.20,0.0000,true,1,29759
7290005427985,false,"קרמה תחליב רחצה לפנים בתוספת גרגירי פילינג 180 מ""ל",גוד פוד פרודקטס S.p,IL,תחליב רחצה לפנים בתו,מיליליטרים,180.00,"100 מ""ל",false,,11.90,6.6111,true,1,29771
7290005428845,false,סנו סושי מפיות צבעוני 100 יח,"חי מוצרי נייר בע""מ",IL,סנו סופט מפיות 33*33,יחידה,0.00,יחידה,false,,6.80,0.0000,true,1,29772
7290005429279,false,סנו מקסימה קומפקט קומפקט אפקט גאוול 6 ק,סנו,IL,אבקת כביסה סנו מקסימ,קילוגרמים,6.00,"ק""ג",false,,42.60,7.1000,true,1,29780
7290005430602,false,סנו אוקסיגן מסיר כתמים קשים מרסס 750 מל,"סנו מפעלי ברונוס בע""",IL,סנו אוקסיג'ן מסיר כת,מיליליטרים,750.00,"100 מ""ל",false,,15.30,2.0400,true,1,29785
7290005431883,false,עדן מלבי חלבי 165 גר,עדן קינוחים Eden,IL,עדן מלבי חלבי 165 גר,גרמים,165.00,100 גרם,false,,6.20,3.7576,true,1,25773
7290005431906,false,עדן קדאיף 82 גרם,עדן קינוחים Eden,IL,עדן קדאיף 82 גרם,גרמים,82.00,100 גרם,false,,6.20,7.5610,true,1,25775
7290005431913,false,עוגת גבינה פירורים 92 גרם.,עדן קינוחים Eden,IL,קינוחי עדן עוגת גבינ,גרמים,92.00,100 גרם,false,,6.20,6.7391,true,1,25776
7290005431920,false,עוגת גבינה פירורים ללא תוספת סוכר,עדן קינוחים Eden,IL,עדן עוגת גבינה פירור,גרמים,78.00,100 גרם,false,,6.20,7.9487,true,1,25777
7290005431937,false,עוגת טירימיסו 82 גרם,עדן קינוחים Eden,IL,עדן טירמיסו 82 גרם,גרמים,82.00,100 גרם,false,,6.20,7.5610,true,1,25778
7290005559709,false,בורקס פיצה מעדנות 700 ג',"מעדנות בע""מ",IL,בורקס פיצה 700 גרם,גרמים,700.00,100 גרם,false,,21.30,3.0429,true,1,35380
7290005559907,false,פיצה משפחתית גבינה מעדנות 500 גר,מיוצר עי קונדיטוריית,IL,פיצה משפחתית גבינה 5,גרמים,500.00,100 גרם,false,,17.10,3.4200,true,1,35383
7290005559914,false,פיצה משפחתית זיתים מעדנות 550 גר,מיוצר עי קונדיטוריית,IL,פיצה משפחתית זיתים 5,גרמים,550.00,100 גרם,false,,17.00,3.0909,true,1,35384
7290005559990,false,בצק פילאס תורכי מעדנות 600 גרם,מיוצר עי קונדיטוריית,IL,בצק פילאס תורכי מעדנ,גרמים,600.00,100 גרם,false,,17.00,2.8333,true,1,35388
7290005591761,false,דבש טהור מפרחי בר בלחיץ 400 ג' יד מרדכי,מכוורת יד מרדכי שטרא,IL,דבש טהור מפרחי בר בל,גרמים,400.00,100 גרם,false,,17.90,4.4750,true,1,22014
7290005605994,false,"פאנטה קלאסי בקבוק 350מ""ל",קוקה קולה Coca Cola,IL,"פאנטה קלאסי 350 מ""ל",מיליליטרים,350.00,"100 מ""ל",false,,6.00,1.7143,true,1,6956
7290005610127,false,תפוח אדמה לבן דוד משה,אראל תוצרת חקלאית בע,IL,תפו`א גורמה לבן דוד,קילוגרמים,1.00,"ק""ג",true,,6.90,6.9000,true,1,50486
7290005610196,false,תפוח אדמה בייבי גורמ,אראל תוצרת חקלאית בע,IL,תפו`א בייבי גורמה,קילוגרמים,1.00,"ק""ג",true,,6.90,6.9000,true,1,50487
7290005719080,true,לחמניית פרנה עגולה א,,,לחמניית פרנה עגולה א,יח',1.00,יח',false,,4.40,4.4000,true,1,2699
7290005719189,false,לחם מחמצת שיפון אגוז,,,לחם מחמצת שיפון אגו,יח',1.00,יח',false,,15.30,15.3000,true,1,2700
7290005838002,false,מעדן גבינה ויוגורט בטעם וניל 88 ג' דניאלה,"שטראוס בריאות בע""מ",IL,דניאלה מעדן גבינה 15,מיליליטרים,150.00,"100 מ""ל",false,,3.50,2.3333,true,1,23068
7290005838613,false,שטראוס גבינת וניל 3% 125ג,"שטראוס בריאות בע""מ",IL,גבינה וניל 3% סקי 12,גרמים,125.00,100 גרם,false,,3.50,2.8000,true,1,23069
7290005838972,false,גבינת יום יום 5% שטראוס 125ג',מיוצר עי קונדיטוריית,IL,גבינת יום יום 5% סקי,גרמים,125.00,100 גרם,false,,3.20,2.5600,true,1,23070
7290005839078,false,"דנונה יוגורט ביו 3% לבן מארז 150X8מ""ל",מיוצר עי קונדיטוריית,IL,דנונה ביו מארז חסכון,קילוגרמים,1.20,"ק""ג",false,,15.30,12.7500,true,1,23071
7290005839108,false,גבינה לבנה סימפוניה עם תוספות 200 ג'+זיתים 5%,"שטראוס בריאות בע""מ",IL,סימפוניה עם זיתים 5%,גרמים,200.00,100 גרם,false,,9.80,4.9000,true,1,23072
7290005839313,false,"מילקי טופ שוקולד מגולגל 170 מ""ל",מיוצר עי קונדיטוריית,IL,מילקי טופ מגולגלת 14,מיליליטרים,142.00,"100 מ""ל",false,,4.40,3.0986,true,1,23073
7290005896439,false,"בירה מכבי בקבוק חוזר 500 מ""ל","טמפו משקאות בע""מ",IL,מכבי בקבוק חוזר 500,מיליליטרים,500.00,"100 מ""ל",false,,5.02,1.0040,true,1,9396
7290005896453,false,"בירה מכבי 7.9% בקבוק חוזר 500מ""ל",טמפו משקאות בע''מ,IL,בירה מכבי 7.9 בקבוק,מיליליטרים,500.00,"100 מ""ל",false,,7.22,1.4440,true,1,9397
7290005896460,false,"בירה איגל לאגר חזקה 7.8% 500 מ""ל פחית",טמפו,IL,איגל בירה חזקה 7.8%,מיליליטרים,500.00,"100 מ""ל",false,,5.90,1.1800,true,1,9398
7290005896620,false,מים מוגז ' סאן בנדטו ' יחידה,אקווה מינרלה סאן בנד,IT,סאן בנדטו מים מינרלי,ליטרים,1.50,ליטר,false,,3.90,2.6000,true,1,9399
7290005896637,false,מים סן בנדטו בודד 1.5 ליטר-,אקווה מינרלה סאן בנד,IT,סאן בנדטו 1.5 ליטר,ליטרים,1.50,ליטר,false,,3.90,2.6000,true,1,9400
7290005896828,false,שישיית מים סאן בנדטו 1.5 ליטר,טמפו 7.5%,IL,סאן בנדטו 6*1.5 ליטר,ליטרים,9.00,ליטר,false,,12.80,1.4222,true,1,9401
7290005901348,false,קבב כבש מעדני המנגל,,,קבב כבש מעדני המנגל,גרמים,400.00,100 גרם,false,,11.10,2.7750,true,1,51113
7290005901362,false,קבב רומני מעדני המנג,,,קבב רומני מעדני המנג,גרמים,400.00,100 גרם,false,,11.10,2.7750,true,1,51115
7290005901379,false,המבורגר מעדני המנגל,,,המבורגר מעדני המנגל,גרמים,400.00,100 גרם,false,,11.10,2.7750,true,1,51116
7290005901386,false,קבב טלה וצנובר טעים,,,קבב טלה וצנובר טעים,גרמים,500.00,100 גרם,false,,24.70,4.9400,true,1,51117
7290005901430,false,המבורגר מסעדות טעים,,,המבורגר מסעדות טעים,גרמים,480.00,100 גרם,false,,21.30,4.4375,true,1,51122
7290005901447,false,"""טעים טעים"" שווארמה",,,"""טעים טעים"" שווארמה",גרמים,300.00,100 גרם,false,,23.00,7.6667,true,1,51123
7290005901454,false,סטייק מינוט טעים טעי,,,סטייק מינוט טעים טעי,גרמים,300.00,100 גרם,false,,30.70,10.2333,true,1,51124
7290005938245,false,ממרח פסטו קלאסי פרסקו 220ג' מצונן,מיוצר עי פרסקו חצבה,IL,פרסקו ממרח מצונן פסט,גרמים,220.00,100 גרם,false,,15.30,6.9545,true,1,16858
7290005966033,false,"יין הר חרמון לבן 750 מ""ל",יקב רמת הגולן,IL,יקבי רמת הגולן הר חר,מיליליטרים,750.00,"100 מ""ל",false,,30.70,4.0933,true,1,41176
7290005966088,false,"יין הר חרמון אדום עברית 750 מ""ל",יקב רמת הגולן,IL,יקבי רמת הגולן הר חר,מיליליטרים,750.00,"100 מ""ל",false,,30.70,4.0933,true,1,41177
7290005992018,false,יוגורט עיזים 3% שומן 500 ג' גד,"מיוצר ע""י קוד יצרן M",IL,גד יוגורט עיזים 3% 5,מיליליטרים,500.00,"100 מ""ל",false,,11.80,2.3600,true,1,14407
7290005992575,false,בולגרית למריחה 5% 250 גרם - רבנות,מחלבות גד בעמ,IL,גד בולגרית למריחה 5%,גרמים,250.00,100 גרם,false,,14.50,5.8000,true,1,14410
7290005992735,false,לאבנה טבעית 5% 250 גר' - רבנות,הנסיך- מפעל לייצור ט,IL,גד לאבנה 5% 250ג,גרמים,250.00,100 גרם,false,,11.50,4.6000,true,1,14412
7290005996078,false,סלמי סרוולט הונגרי 1,מעדני יחיעם,IL,סלמי סרוולט הונגרי 1,גרמים,125.00,100 גרם,false,,23.80,19.0400,true,1,58804
7290005996160,true,נקניקיות צ'וריסו פרי,,,נקניקיות צ'וריסו פרי,גרמים,280.00,100 גרם,false,,17.90,6.3929,true,1,15348
7290005996238,false,פסטרמה בדבש דק דק 120 גרם,מעדני יחיעם,IL,פסטרמה בדבש דק דק יח,גרמים,120.00,100 גרם,false,,9.40,7.8333,true,1,73649
7290005996276,false,פסטרמה ברביקיו דק דק 120 גרם,מעדני יחיעם,IL,פסטרמה ברביקיו דק דק,גרמים,120.00,100 גרם,false,,9.40,7.8333,true,1,73650
7290005996825,false,נקניקיות בקר בסגנון אמריקאי 280 גרם,מעדני יחיעם,IL,נקניקיות פרימיום בקר,גרמים,280.00,100 גרם,false,,23.00,8.2143,true,1,311299
7290006065049,false,בלו פיש פילה באס יפני 5-7 (לברק),,IL,פילה באס יפני 7-9 20,קילוגרמים,1.00,"ק""ג",true,,35.90,35.9000,true,1,164982
7290006065391,false,פילה דג נסיכת הנילו,,,פילה דג נסיכת הנילו,קילוגרמים,1.00,"ק""ג",true,,37.60,37.6000,true,1,164966
7290006185518,false,פנינה אל סבון נוזלי כחול פנינה 1 ל',סאסא קוסמטיקס,IL,אל סבון נוזלי כחול פ,יחידה,0.00,יחידה,false,,7.60,0.0000,true,1,17902
7290006199218,false,מאגדת גלידל אייס מוקה 8 יח דיאט,הגלידות של פלדמן,IL,גלידל מאגדת בטעם איי,גרמים,400.00,100 גרם,false,,27.30,6.8250,true,1,35830
7290006229588,false,בירה איגל לאגר פרימיום חזקה 6.3% 500 מל,"טמפו משקאות בע""מ",IL,איגל בירה פחית זהב 5,מיליליטרים,500.00,"100 מ""ל",false,,5.10,1.0200,true,1,9414
7290006241191,false,אגוזי מלך קליית גת 150 גר,הדקלאים אגודת שיתופי,US,אגוזי מלך 150 גרם קל,גרמים,150.00,100 גרם,false,,15.00,10.0000,true,1,12800
7290006241504,false,פריגת תפוזים קפוא 345 גרם,פריגת מצוננים,IL,קפוא תפוזים 340 גרם,גרמים,340.00,100 גרם,false,,11.90,3.5000,true,1,6393
7290006241535,false,תרכיז מנגו קפוא פריג,היינץ צפון אמריקה מק,IL,קפוא מנגו 340 גרם,גרמים,340.00,100 גרם,false,,11.90,3.5000,true,1,6395
7290006251107,false,תה ויסוצקי צ'אי מסאלה 25 יח',מולינו ניקולי s.p.a,IL,תה מסאלה ויסוצקי 2/2,גרמים,50.00,100 גרם,false,,16.20,32.4000,true,1,24415
7290006251275,false,תה ירוק סיני 25 שקיקים של 1.5 ג,HIQ FOOD PRODUCTS,IL,תה ירוק סיני,גרמים,37.50,100 גרם,false,,20.40,54.4000,true,1,24417
7290006251343,false,תה חליטה הגן הקסום פסיפלורה מנגו 25 שקיקים,HIQ FOOD PRODUCTS,IL,תה חליטה הגן הקסום פ,גרמים,62.50,100 גרם,false,,15.30,24.4800,true,1,24419
7290006251374,false,תה ירוק לימונית וגינגר 25 שקיקים ויסוצקי,ויסוצקי,IL,תה ירוק לימונית וג'י,גרמים,25.00,100 גרם,false,,20.40,81.6000,true,1,24420
7290006256089,false,גאטו נגרו קברנה סובי,יושלם,AR,גאטו נגרו קברנה סובי,מיליליטרים,750.00,"100 מ""ל",false,,34.20,4.5600,true,1,224373
7290006256102,false,יין גאטו נגרו מרלו 7,יושלם,AR,גאטו נגרו מרלו 750 מ,מיליליטרים,750.00,"100 מ""ל",false,,34.20,4.5600,true,1,7410
7290006256775,false,גאטו נגרו מלבק 750 מ,,,גאטו נגרו מלבק 750 מ,מיליליטרים,750.00,"100 מ""ל",false,,34.20,4.5600,true,1,245705
7290006265548,false,נבטים סינים מרינה ארוז 360ג',"מרינה פטריות הגליל בע""מ",IL,נבטים סינים,יח',1.00,יח',false,,6.90,6.9000,true,1,41088
7290006265890,false,נבטי גרעיני חמניה יח,"מרינה פטריות הגליל בע""מ",IL,נבטי חמניה יח,יח',1.00,יח',false,,8.90,8.9000,true,1,35317
7290006271174,false,מעדנות גחנון לאפייה בתנור 700גר,מיוצר עי קונדיטוריית,IL,גחנון לאפיה בתנור מע,גרמים,700.00,100 גרם,false,,14.50,2.0714,true,1,35389
7290006271181,false,מעדנות גחנון אפוי 750 גרם,מיוצר עי קונדיטוריית,IL,מעדנות גחנון אפוי 75,גרמים,750.00,100 גרם,false,,18.70,2.4933,true,1,35390
7290006271655,false,מיני בורקס גבינה מוזל מעדנות,מיוצר עי קונדיטוריית,IL,מיני בורקס גבינה 800,גרמים,800.00,100 גרם,false,,17.10,2.1375,true,1,35395
7290006272072,false,חטיפי פיצה בשקית מעדנות 650ג',"מעדנות בע""מ",IL,חטיפי פיצה מעדנות 65,גרמים,650.00,100 גרם,false,,25.60,3.9385,true,1,35398
7290006272430,false,בצק עלים חמאה מעדנות 600 ג',מיוצר עי קונדיטוריית,IL,בצק עלים חמאה 600 גר,גרמים,600.00,100 גרם,false,,24.70,4.1167,true,1,35400
7290006306296,false,רביולי נונה במילוי גבינה לילדים 400 גרם,פסטנונה רמת דלטון מר,IL,פסטה נונה פסטה נונה,גרמים,400.00,100 גרם,false,,22.10,5.5250,true,1,14419
7290006306302,false,רביולי במילוי גבינות פרמזן ריקוטה 400 ג' פסטה נונה,דורום תעשיות מזון ופ,IL,פסטה נונה ריביולי פר,גרמים,400.00,100 גרם,false,,22.10,5.5250,true,1,14420
7290006342065,false,בוטנים קלויים 200 ג ששון הקולה,,,בוטנים קלויים 200 ג,גרמים,200.00,100 גרם,false,,7.70,3.8500,true,1,4627
7290006342072,false,גרעין לבן 200 גרם ששון הקולה,"דין שיווק וקלייה בע""",IL,גרעין לבן 200 גרם,גרמים,200.00,100 גרם,false,,8.50,4.2500,true,1,4628
7290006342515,false,מנצס 200 גרם ששון הקולה,יושלם,,מנציס 200 גרם,גרמים,200.00,100 גרם,false,,6.80,3.4000,true,1,4633
7290006374738,false,קונפיטורת יד מרדכי תות 340 גרם,אף.סי תבליני בגליל ב,IL,קונפיטורת תות יד מור,גרמים,340.00,100 גרם,false,,10.20,3.0000,true,1,22021
7290006449955,false,מלפפון בייבי מארז,"מרינה פטריות הגליל בע""מ",IL,מלפפון בייבי,יח',1.00,יח',false,,8.90,8.9000,true,1,162906
7290006459510,false,נרות חנוכה רגיל 44 יח,,CN,נרות חנוכה שקד,גרמים,157.00,100 גרם,false,,2.50,1.5924,true,1,328321
7290006459527,false,נרות חנוכה לוקס לא נוטפים 45 יח,,CN,נרות חנוכה לוקס שקד,גרמים,330.00,100 גרם,false,,5.10,1.5455,true,1,328322
7290006492432,false,גבינת מוצרלה בייבי 18% 300 ג' גד,מחלבות גד בעמ,IL,גד בייבי מוצרלה 150ג,גרמים,170.00,100 גרם,false,,12.70,7.4706,true,1,14428
7290006492616,false,גבינה בולגרית פרוסות 5% 250 ג' גד,DSH עבור מחלבות גד ב,IL,גד בולגרית פרוסות 5%,גרמים,250.00,100 גרם,false,,24.70,9.8800,true,1,14429
7290006492630,false,גליל גד עז 22% 180 גרם - רבנות,מחלבות גד בעמ,IL,גד גבינת גליל גד עזי,גרמים,180.00,100 גרם,false,,20.90,11.6111,true,1,14430
7290006492685,false,לאבנה עיזים 5% 250 גרם - רובין,מחלבות גד בעמ,IL,גד לאבנה עזים 3% 250,גרמים,250.00,100 גרם,false,,15.80,6.3200,true,1,14432
7290006492852,false,גבינת עיזים למריחה 5% שומן 250 ג' גד,מחלבות גד,IL,גד גבינת עיזים למריח,גרמים,250.00,100 גרם,false,,15.20,6.0800,true,1,14433
7290006494917,false,טוסו וופל קלאסי במילוי שוקולד 200 גרם,"איטיליאן פוד, אס.פי.",IL,טוסו וופל טעם שוקולד,גרמים,180.00,100 גרם,false,,9.00,5.0000,true,1,5813
7290006494924,false,טוסו וופל קלאסי במילוי קרם לימון 200 גרם,"גילרו בע""מ",IL,מרמולייט ופל בטעם לי,גרמים,180.00,100 גרם,false,,9.00,5.0000,true,1,5814
7290006511157,false,"פטריות שלמות ויליפוד 400 גרם בד""ץ",אוקצ'מפס אס.איי אויי,PL,פטריות שלמות שמפיניו,גרמים,230.00,100 גרם,false,,5.90,2.5652,true,1,2906
7290006511751,false,פטריות שמפניון חתוך ויליפוד 290X3 ג' בד”צ,לוטס,NL,פטריות חתוכות ויליפו,גרמים,870.00,100 גרם,false,,10.20,1.1724,true,1,2909
7290006532008,false,צ'יפס טעים טעים 1.8,,,צ'יפס טעים טעים 1.8,קילוגרמים,1.80,"ק""ג",false,,19.60,10.8889,true,1,51126
7290006532398,false,סטייק צ'יפס טעים 1.8,,,סטייק צ'יפס טעים 1.8,קילוגרמים,1.80,"ק""ג",false,,18.70,10.3889,true,1,51127
7290006567048,false,קוסקוס ישראלי מפתול אסם 350ג',"מיוצר ע""י קוד יצרן K",IL,קוסקוס ישראלי בשקית,גרמים,350.00,100 גרם,false,,6.80,1.9429,true,1,18470
7290006618085,false,"אסטוניש - מרסס לחדר האמבט עם אקונומיקה 750 מ""ל",אסטוניש Astonish,GB,אסטוניש מרסס לאמבט 7,מיליליטרים,750.00,"100 מ""ל",false,,11.10,1.4800,true,1,11311
7290006644480,false,"תפוזינה תפוזים 500 מ""ל","יפאורה תבורי בע""מ",IL,משקה תפוזים Move תפו,מיליליטרים,500.00,"100 מ""ל",false,,4.50,0.9000,true,1,11534
7290006644510,false,"מיץ ענבים 500 מ""ל תפוזינה","יפאורה תבורי בע""מ",IL,משקה ענבים Move תפוז,מיליליטרים,500.00,"100 מ""ל",false,,4.50,0.9000,true,1,11537
7290006652027,false,מארז במבה יום הולדת 15X20 גרם,מיוצר עי קונדיטוריית,IL,במבה יום הולדת מאח.1,גרמים,300.00,100 גרם,false,,20.40,6.8000,true,1,18475
7290006653765,false,פסטה פרפקטו פטוציני 500ג' אסם,פסטה זארה,IL,פטוציני פרפקטו 500 ג,גרמים,500.00,100 גרם,false,,5.90,1.1800,true,1,18477
7290006653819,false,פתיתי קוסקוס דק 350 גרם,"מיוצר ע""י קוד יצרן K",IL,קוסקוס דק בשקית אסם,גרמים,350.00,100 גרם,false,,6.80,1.9429,true,1,18478
7290006664037,false,גמדים דגנים ארוחת בוקר מארז 100X4ג',"שטראוס בריאות בע""מ",IL,גמדים ארוחת בוקר 4*1,מיליליטרים,400.00,"100 מ""ל",false,,9.90,2.4750,true,1,23076
7290006664310,false,גבינה לבנה 3% שומן 250 ג' שטראוס,מיוצר עי קונדיטוריית,IL,גבינה 3% סקי 250 גרם,גרמים,250.00,100 גרם,false,,4.30,1.7200,true,1,23080
7290006664402,false,גבינה 5% שומן 750 ג' שטראוס,מיוצר עי קונדיטוריית,IL,שטראוס גבינה 5% 750ג,גרמים,750.00,100 גרם,false,,11.03,1.4707,true,1,23081
7290006664532,false,יוגורט עם תות 3% שומן 150 ג' דנונה,מיוצר עי קונדיטוריית,IL,דנונה תות 3% 150מל,גרמים,150.00,100 גרם,false,,3.50,2.3333,true,1,23082
7290006664655,false,"אקטימל לבן טבעי מארז 100X8 מ""ל",מיוצר עי קונדיטוריית,IL,אקטימל טבעי 8*100מל,מיליליטרים,800.00,"100 מ""ל",false,,17.00,2.1250,true,1,23084
7290006664693,false,יוגורט עם אפרסק 3% שומן 150 ג' דנונה,מיוצר עי קונדיטוריית,IL,דנונה אפרסק 3% 150מל,גרמים,150.00,100 גרם,false,,3.50,2.3333,true,1,23085
7290006664990,false,דנונה ביו מארז חיסכון 1.5% 8 יח' *150 ג',מיוצר עי קונדיטוריית,IL,דנונה ביו מארז חיסכו,קילוגרמים,1.20,"ק""ג",false,,15.30,12.7500,true,1,23087
7290006681003,false,גלידה תות לימון סורבה 1.33 ל' קרמיסימו,"גלידת שטראוס בע""מ, ר",IL,קרמיסימו תות לימון ס,ליטרים,1.33,ליטר,false,,16.20,12.1805,true,1,4261
7290006704016,false,בזיליקום ארוז יחידה,,,בזיליקום ארוז יחידה,יח',1.00,יח',false,,5.90,5.9000,true,1,35318
7290006704047,false,רוזמרין,,,רוזמרין,יח',1.00,יח',false,,5.90,5.9000,true,1,41091
7290006704078,false,אורגנו,,,אורגנו,יח',1.00,יח',false,,5.90,5.9000,true,1,41092
7290006704092,false,מרווה יחידה,,,מרווה יחידה,יח',1.00,יח',false,,5.90,5.9000,true,1,41093
7290006704108,false,קורנית /טימין יח',,,קורנית /טימין יח',יח',1.00,יח',false,,5.90,5.9000,true,1,41094
7290006704511,false,"תפו""א גמדי אדום למיקרו מרינה 750ג'","מרינה פטריות הגליל בע""מ",IL,תפוא ננסי מיקרוגל,גרמים,750.00,100 גרם,false,,6.90,0.9200,true,1,35321
7290006704733,false,אספרגוס יחידה קמעונאי,סרז'טו,IL,אספרגוס ארוז,יח',1.00,יח',false,,31.90,31.9000,true,1,41097
7290006712981,false,"קולגייט משחת שיניים סמיילס לגילאי 6 50 מ""ל",הנסיך- מפעל לייצור ט,PL,מ.שיניים סמיילס לגיל,מיליליטרים,50.00,"100 מ""ל",false,,10.20,20.4000,true,1,21252
7290006739131,false,בצק גולמי פילו זוגלובק 500ג',מאפיית אריאל,IL,זוגלובק בצק פילו 500,גרמים,500.00,100 גרם,false,,12.70,2.5400,true,1,38538
7290006739346,false,נקניקיות פרגיות טרי 400 גרם זוגלובק,זוגלובק,IL,נקניקיות פרגיות טרי,גרמים,400.00,100 גרם,false,,11.90,2.9750,true,1,38543
7290006739407,false,שניצל תירס לייט 630 ג' זוגלובק,זוגלובק,IL,שניצל תירס לייט 630,גרמים,600.00,100 גרם,false,,18.70,3.1167,true,1,38545
7290006739421,false,סלמי מעושן איטלקי 300 ג' זוגלובק,זוגלובק,IL,סלמי מעושן איטלקי ז,גרמים,300.00,100 גרם,false,,23.00,7.6667,true,1,38547
7290006739445,false,שניצל תירס קלאסי 750 ג' זוגלובק,זוגלובק,IL,שניצל תירס קלאסי 750,גרמים,750.00,100 גרם,false,,18.80,2.5067,true,1,38548
7290006739544,false,כתף בקר 300 ג' זוגלובק,זוגלובק,IL,כתף בקר זוגלובק 300,גרמים,300.00,100 גרם,false,,25.60,8.5333,true,1,38549
7290006742315,false,פסטרמה חזה הודו ברביקיו זוגלובק 330 ג',זוגלובק,IL,חזה הודו ברביקיו 1%,גרמים,330.00,100 גרם,false,,23.80,7.2121,true,1,38573
7290006748072,false,זר עונתי,,,זר עונתי,יחידה,0.00,יחידה,false,,29.70,0.0000,true,1,45332
7290006748096,false,זר מפואר,,,זר מפואר,יחידה,0.00,יחידה,false,,42.40,0.0000,true,1,45333
7290006748119,false,זר גרברה,,,זר גרברה,יחידה,0.00,יחידה,false,,50.50,0.0000,true,1,45331
7290006748133,false,זר רגיל,,,זר רגיל,יחידה,0.00,יחידה,false,,21.20,0.0000,true,1,45334
7290006748157,false,זר בינוני,,,זר בינוני,יחידה,0.00,יחידה,false,,25.50,0.0000,true,1,45335
7290006753915,false,נקניקיות מיני מרגז פ,,IL,נקניקיות מיני מרגז פ,גרמים,500.00,100 גרם,false,,27.30,5.4600,true,1,265397
7290006753922,false,נקניקיות מיני צ'וריס,,,נקניקיות מיני צ'וריס,גרמים,500.00,100 גרם,false,,27.30,5.4600,true,1,265398
7290006753977,false,מעדני הטלה הקבב של ע,,,הקבב של עזרא פרמיום,גרמים,600.00,100 גרם,false,,34.20,5.7000,true,1,265416
7290006764065,false,"בירה נשר מאלט בקבוק חוזר 500 מ""ל","טמפו משקאות בע""ם.",IL,נשר מאלט בקבוק פקדון,מיליליטרים,500.00,"100 מ""ל",false,,4.22,0.8440,true,1,9416
7290006764072,false,"גולדסטאר בירה בק חוזר 500 מ""ל","טמפו משקאות בע""מ",IL,גולדסטאר בירה בק חוז,מיליליטרים,500.00,"100 מ""ל",false,,6.72,1.3440,true,1,9417
7290006764096,false,"בירה איגל 500 מ""ל 3.8% בקבוק חוזר","טמפו משקאות בע""מ",IL,בירה איגל בקבוק 500,מיליליטרים,500.00,"100 מ""ל",false,,4.72,0.9440,true,1,9418
7290006764270,false,סודה בנגיעות אשכולית אדומה 1.5*4 ליטר (רבעייה),טמפו,IL,סודה בנגיעות אשכולית,ליטרים,6.00,ליטר,false,,10.00,1.6667,true,1,275799
7290006764737,false,"בירה נשר מאלט דיאט 500 מ""ל חוזר","טמפו משקאות בע""ם.",IL,נשר מאלט דיאט בקבוק,מיליליטרים,500.00,"100 מ""ל",false,,4.22,0.8440,true,1,9429
7290006765000,false,טורטיות חיטה מלאה 8יח 540 ג',אלקטי קוראבייכיסיגיד,TR,8 טורטיות חיטה מלאה,גרמים,540.00,100 גרם,false,,8.50,1.5741,true,1,4646
7290006765895,false,בוטן בקליפה 200 גרם שושן הקולה,דין שיווק,IL,בוטן קלוי בקליפה 200,גרמים,200.00,100 גרם,false,,6.80,3.4000,true,1,4650
7290006784865,false,סנט מוריץ לניקוי משטחי מטבחים מרוכז ועוצמתי 1ל',קומפלקס כימיקלים,IL,ניקוי משטחי מטבח סנט,ליטרים,1.00,ליטר,false,,10.20,10.2000,true,1,19899
7290006788078,false,"מרכך לשיער קרליין קלאסי לשיער יבש 700מ""ל","אמיליה קוסמטיקס בע""מ",IL,מרכך לשיער יבש קרליי,מיליליטרים,700.00,"100 מ""ל",false,,11.10,1.5857,true,1,29802
7290006788429,false,"קרליין - נושם סאן רייס דאודורנט רול און לאישה כתום 75 מ""ל","אמיליה קוסמטיקס בע""מ",IL,דאו' רולאון נושם סאנ,גרמים,75.00,100 גרם,false,,11.00,14.6667,true,1,29817
7290006788443,false,"קרליין - נושם אוקסיג'ן דאודורנט רול און לאישה סגול 75 מ""ל","אמיליה קוסמטיקס בע""מ",IL,דאו' רולאון נושם אוק,גרמים,75.00,100 גרם,false,,11.00,14.6667,true,1,29819
7290006788467,false,"קרליין - נושם אקטיב דאודורנט ספריי לאישה בורדו 200 מ""ל","אמיליה קוסמטיקס בע""מ",IL,דאו' תרסיס נושם בורד,מיליליטרים,200.00,"100 מ""ל",false,,11.00,5.5000,true,1,29821
7290006788481,false,"קרליין - נושם סאן רייס דאודורנט ספריי לאישה כתום 200 מ""ל","אמיליה קוסמטיקס בע""מ",IL,דאו' תרסיס נושם כתום,מיליליטרים,200.00,"100 מ""ל",false,,11.00,5.5000,true,1,29823
7290006788498,false,"קרליין - נושם פיור דאודורנט ספריי לאישה ורוד 200 מ""ל","אמיליה קוסמטיקס בע""מ",IL,דאו' תרסיס נושם ורוד,מיליליטרים,200.00,"100 מ""ל",false,,11.00,5.5000,true,1,29824
7290006788504,false,"קרליין - נושם אוקסיג'ן דאודורנט ספריי לאישה סגול 200 מ""ל",מיוצר עי : אמיליה קו,IL,דאו' תרסיס נושם סגול,מיליליטרים,200.00,"100 מ""ל",false,,11.00,5.5000,true,1,29825
7290006789655,false,"קרליין קרם לחות לבניית תלתלים 400 מ""ל","אמיליה קוסמטיקס בע""מ",IL,קרם לחות לבניית תלתל,מיליליטרים,400.00,"100 מ""ל",false,,12.70,3.1750,true,1,29835
7290006804877,false,פיתה ביס פילסברי 1/,פילסברי,,פיתלה 10 יח',יח',1.00,יח',false,,10.20,10.2000,true,1,53413
7290006804907,false,פיתות אסלי קפוא 5 יח' אפיה,פילסברי,,פיתות אסלי 5 יח',גרמים,500.00,100 גרם,false,,6.80,1.3600,true,1,53414
7290006805355,false,תערובת להכנת כדורי שוקולד פילסברי 500ג',הדקלאים אגודת שיתופי,IL,תערובת כדורי שוקולד,גרמים,500.00,100 גרם,false,,14.40,2.8800,true,1,12802
7290006805850,false,תערובת להכנת פנקייק פילסבורי 500 גר,הדקלאים אגודת שיתופי,IL,תערובת להכנת פנקייקס,גרמים,500.00,100 גרם,false,,14.40,2.8800,true,1,12803
7290006822192,false,מיץ חמוציות דיאט אושן ספריי 1 ליטר,מבשלות בירה בינלאומי,IL,אושן ספרי דיאט חמוצי,ליטרים,1.00,ליטר,false,,10.20,10.2000,true,1,6968
7290006855183,false,ברבריא חטיף תמרים שומשום אגוז מלך 30*4,טבעית מוצרים מן הטבע,IL,ברבריא חטיף תמרים אג,גרמים,120.00,100 גרם,false,,12.80,10.6667,true,1,24754
7290006855190,false,חטיף תמרים ואגוזי מלך עם בננה ללא תוספת סוכר,ברבריא Barbary,,ברבריא חטיף תמר אגוז,גרמים,120.00,100 גרם,false,,12.80,10.6667,true,1,176101
7290006855244,false,ברבריא חטיף אגוזים שקדים וצימוקים 30*4,טבעית מוצרים מן הטבע,IL,ברבריא חטיף שקדים צי,גרמים,120.00,100 גרם,false,,12.80,10.6667,true,1,24756
7290006866363,false,אשכוליות אדומות טבעי סחוט 1 ל פרימור,"גניר (1992) בע""מ",IL,פרימור מיץ אשכולית א,ליטרים,1.00,ליטר,false,,13.60,13.6000,true,1,23088
7290006908391,false,קשיו קלוי 150 גר` פי,,,קשיו קלוי 150 גר` פי,גרמים,150.00,100 גרם,false,,15.30,10.2000,true,1,1479
7290006983152,false,קרוטונים מתובלים למרק 400 ג' אסם,עינת תעשיות מזון אגו,IL,קרוטונים מתובלים אסם,גרמים,400.00,100 גרם,false,,15.30,3.8250,true,1,18481
7290006983176,false,אוסם - לחמית שיפון 250 גרם,"אסם השקעות בע""מ",IL,לחמית שיפון אסם 250,גרמים,230.00,100 גרם,false,,7.60,3.3043,true,1,18482
7290006983206,false,תערובת להכנת פלפל קלי קלות 180 גרם,"אסם השקעות בע""מ",IL,תערובת פלאפל בקלי קל,גרמים,180.00,100 גרם,false,,8.20,4.5556,true,1,18483
7290006983770,false,עוגת הבית שיש 400 ג' אסם,מיוצר עי קונדיטוריית,IL,עוגת הבית שיש 400גר,גרמים,400.00,100 גרם,false,,10.20,2.5500,true,1,18487
7290006983787,false,עוגת הבית שוקוציפס 400 גרם אסם,מיוצר עי קונדיטוריית,IL,עוגת הבית שוקוציפס 4,גרמים,400.00,100 גרם,false,,10.20,2.5500,true,1,18488
7290006983794,false,עוגת הבית תפוז 400 ג' אסם,מיוצר עי קונדיטוריית,IL,עוגת הבית תפוז 400גר,גרמים,400.00,100 גרם,false,,10.20,2.5500,true,1,18489
7290006992161,false,מטרנה - דייסת קורנפלור פרוביוטי 200 גרם,מולינו ניקולי s.p.a,IL,מטרנה דייסת קורנפלור,גרמים,200.00,100 גרם,false,,11.50,5.7500,true,1,18491
7290006992185,false,"מטרנה - דייסת אורז פרוביוטי כשל""פ 200 גרם",מולינו ניקולי s.p.a,IL,מטרנה דייסת אורז פרו,גרמים,200.00,100 גרם,false,,11.50,5.7500,true,1,18492
7290006992208,false,מטרנה דייסלה דגנים מעורבים 200 גרם,מטרנה תעשיות ש.מ,IL,מטרנה דייסת דגנים פר,גרמים,200.00,100 גרם,false,,11.50,5.7500,true,1,18494
7290006992390,false,"מטרנה - דייסת וניל פרוביוטי כשל""פ 200 גרם",מולינו ניקולי s.p.a,IL,מטרנה דייסת וניל פרו,גרמים,200.00,100 גרם,false,,11.50,5.7500,true,1,18495
7290008000246,false,"פמינה - שטיפה אינטימית מועשר באלוורה 220 מ""ל",כצט,IL,סבון שטיפה מועשר באל,מיליליטרים,220.00,"100 מ""ל",false,,19.60,8.9091,true,1,3828
7290008101318,false,קריספ פירורי לחם זהוב 300 גרם,א.ל ייצור ושיווק תבל,IL,פירורי לחם זהוב קלאס,גרמים,300.00,100 גרם,false,,5.90,1.9667,true,1,263302
7290008116541,false,"שטיפת פה ליסטרין קול מינט 500 מ""ל",ג'ונסון אנד ג'ונסון,IT,מי פה ליסטרין בטעם מ,מיליליטרים,500.00,"100 מ""ל",false,,19.60,3.9200,true,1,29238
7290008116565,false,ליסטרין מי פה פרשברו,ג'ונסון אנד ג'ונסון,IT,מי פה פרש ליסטרין 50,מיליליטרים,500.00,"100 מ""ל",false,,19.60,3.9200,true,1,29240
7290008154222,false,שניצלונים עוף טוב 700 גרם,מולינו ניקולי s.p.a,IL,שניצלונים עוף טוב 70,גרמים,700.00,100 גרם,false,,17.10,2.4429,true,1,19534
7290008175210,false,גבינת פרמזן מגורדת 90ג' ויליפוד,זנטי אס.איי.,IT,וילי פוד פרמזן מגורד,גרמים,90.00,100 גרם,false,,12.80,14.2222,true,1,2911
7290008268288,true,מארז תפוח קריפס פינק,,,מארז תפוח קריפס פינק,גרמים,900.00,100 גרם,false,,12.90,1.4333,true,1,337182
7290008268301,false,אוכמניות יחידה,מרינה,IL,אוכמניות,גרמים,120.00,100 גרם,false,,14.90,12.4167,true,1,47395
7290008268455,false,קיווי ישראלי ארוז 4,חקלאי,IL,קיווי ארוז בראשית,יח',1.00,יח',false,,11.90,11.9000,true,1,201105
7290008333115,false,אבקת ג'לטין טהור נטו 28 גרם,ג'ליק פיניור,IL,.ג'לטין טהור 28 גר,גרמים,28.00,100 גרם,false,,8.50,30.3571,true,1,16867
7290008343466,false,בצק פילו 500 גרם שלושת האופים,כלורוקס אוקלנד,IL,בצק פילו 500 גרם,גרמים,500.00,100 גרם,false,,17.00,3.4000,true,1,16878
7290008343558,false,"סיגרים בשר שלושת האופים 1 ק""ג",שלושת האופים,IL,סיגרים בשר 1 ק`ג שלו,קילוגרמים,1.00,"ק""ג",false,,14.90,14.9000,true,1,16882
7290008343572,false,"אגרול סיני 1 ק""ג שלושת האופים",שלושת האופים,IL,אגרול סיני 1 ק`ג שלו,קילוגרמים,1.00,"ק""ג",false,,14.50,14.5000,true,1,16884
7290008343602,false,"קובה בשר 1 ק""ג שלושת האופים",שלושת האופים,IL,קובה בשר 1 ק`ג שלושת,קילוגרמים,1.00,"ק""ג",false,,14.90,14.9000,true,1,16885
7290008344258,false,המבורגר מזרחי 400גרם,"טיבון ויל אחזקות בע""",IL,המבורגר מזרחי 400 ג',גרמים,400.00,100 גרם,false,,15.30,3.8250,true,1,16892
7290008345118,false,דלידג מקרל בשמן 240 גרם,מיוצר על ידי קוד יצר,IL,מקרל בשמן דלידג 240,גרמים,240.00,100 גרם,false,,21.30,8.8750,true,1,16895
7290008345583,false,איקרה ביתית ורוד 300 גרם דלידג,כלורוקס אוקלנד,IL,300 איקרה ביתית ורוד,גרמים,300.00,100 גרם,false,,17.00,5.6667,true,1,16899
7290008347211,false,אצבעות דג מצופות נטו,אף.סי תבליני בגליל ב,IL,דלידג אצבעות דג 700,גרמים,700.00,100 גרם,false,,17.00,2.4286,true,1,16900
7290008409049,false,מאמא עוףמיני שניצלים בציפוי שומשום 500 ג,תנובה גליל שותפות מו,IL,מאמא עוף מיני דק שני,גרמים,500.00,100 גרם,false,,21.30,4.2600,true,1,25310
7290008409100,false,אצבעות שניצל בציפוי שומשום מאמא עוף 700 גרם,תנובה גליל שותפות מו,IL,אצבעות שניצל ציפוי ש,גרמים,700.00,100 גרם,false,,26.40,3.7714,true,1,25311
7290008409124,false,מאמא עוף קפוא שניצל ג'ונגל פריך 700 גרם,תנובה גליל שותפות מו,IL,מאמא עוף קפוא שניצל,גרמים,700.00,100 גרם,false,,26.40,3.7714,true,1,25312
7290008409216,false,מאמא עוף קפוא שניצל דק פריך 700 גרם,תנובה גליל,IL,מאמא עוף קפוא שניצל,גרמים,700.00,100 גרם,false,,30.70,4.3857,true,1,25313
7290008409315,false,מיני מיני דק שניצלונים בציפוי פריך מאמא עוף 500 ג',תנובה גליל,IL,מאמא עוף מיני דק שני,גרמים,500.00,100 גרם,false,,21.30,4.2600,true,1,25317
7290008409407,false,שניצל דק ציפס מאמא עוף 700 ג',תנובה גליל שותפות מו,IL,מאמא עוף שניצל דק צי,גרמים,700.00,100 גרם,false,,30.70,4.3857,true,1,25323
7290008409551,false,שניצל עוף אמיתי בציפוי מעודן 700 ג' מאמא עוף,תנובה גליל שותפות מו,IL,שניצל עוף אמיתי בציפ,גרמים,700.00,100 גרם,false,,29.90,4.2714,true,1,25329
7290008409568,false,שניצל עוף אמיתי בציפוי שבבי ציפס 700 גר,תנובה גליל שותפות מו,IL,שניצל ציפס אמיתי מאמ,גרמים,700.00,100 גרם,false,,29.90,4.2714,true,1,25330
7290008409582,false,שניצל אמיתי בציפוי ביתי מאמא עוף 700 ג',תנובה גליל שותפות מו,IL,שניצל אמיתי בציפוי ב,גרמים,700.00,100 גרם,false,,29.90,4.2714,true,1,25332
7290008409773,false,קציצות עוף ביתיות מאמא עוף 700 ג',תנובה גליל שותפות מו,IL,מאמא עוף קפוא קציצות,גרמים,700.00,100 גרם,false,,24.70,3.5286,true,1,25337
7290008415514,false,חומוס צבר עם חריף עגול 150ג',סלטי צבר,IL,צבר סלט חומוס עם חרי,גרמים,150.00,100 גרם,false,,4.20,2.8000,true,1,19538
7290008443616,false,"מרכך לשיער יבש אדום 750 מ""ל נקה 7","אמיליה קוסמטיקס בע""מ",IL,מרכך לשיער יבש אדום,מיליליטרים,750.00,"100 מ""ל",false,,10.20,1.3600,true,1,29847
7290008443647,false,"מרכך לשיער מתולתל סגול, 750 מ""ל נקה 7","אמיליה קוסמטיקס בע""מ",IL,מרכך לשיער מתולתל סג,מיליליטרים,750.00,"100 מ""ל",false,,10.20,1.3600,true,1,29850
7290008461221,false,סרדינים רוברט בשמן חמניות 115 גרם,"רמירז, מטוסינוס",PT,סרדינים רוברט שמן חמ,גרמים,115.00,100 גרם,false,,5.90,5.1304,true,1,16904
7290008461238,false,סרדין רוברט בשמן חמניות ופלפל חריף 115 ג',"רמירז, מטוסינוס",PT,סרדינים רוברט בשמן ח,גרמים,115.00,100 גרם,false,,5.90,5.1304,true,1,16905
7290008462259,false,חרדל דיזיון גרגירים 345 גרם,יוניליוור צרפת,FR,חרדל דיזון חריף גרגי,גרמים,380.00,100 גרם,false,,14.40,3.7895,true,1,16908
7290008464024,false,"בירה גולדסטאר לא מסוננת 500 מ""ל פחית","טמפו משקאות בע""מ",IL,גולדסטאר לא מסונן פח,מיליליטרים,500.00,"100 מ""ל",false,,7.70,1.5400,true,1,9434
7290008464130,false,"שישיית בירה גולדסטאר 330 מ""ל UNFILTERED",טמפו,IL,גולדסטאר לא מסונן 6*,ליטרים,1.98,ליטר,false,,31.80,16.0606,true,1,9436
7290008464345,false,"בירה גולדסטאר בקבוק 330 מ""ל",טמפו משקאות בע''מ,IL,"גולדסטאר בירה ח""פ 33",יחידה,330.00,יחידה,false,,8.70,0.0264,true,1,9442
7290008464468,false,"בירה גולדסטאר פחית 500 מ""ל","טמפו משקות בע""מ",IL,"גולדסטאר פחית 500מ""ל",מיליליטרים,500.00,"100 מ""ל",false,,6.80,1.3600,true,1,9448
7290008464475,false,"בירה מכבי פחית 500 מ""ל","טמפו משקאות בע""מ",IL,"מכבי פחית 500מ""ל",מיליליטרים,500.00,"100 מ""ל",false,,5.90,1.1800,true,1,9449
7290008464604,false,"בירה היינקן פחית 500מ""ל",טמפו משקאות בע''מ,NL,הייניקן בירה פח 500מ,מיליליטרים,500.00,"100 מ""ל",false,,10.70,2.1400,true,1,9457
7290008464673,false,"בירה גולדסטאר SLOWBREW פחית 10%, 500 מ""ל","טמפו משקאות בע""מ",IL,גולדסטאר SLOWBREW 10,מיליליטרים,500.00,"100 מ""ל",false,,7.70,1.5400,true,1,9459
7290008464734,false,"בירה גולדסטאר SLOW BREW מארז 330X6מ""ל",טמפו משקאות בע''מ,IL,גולדסטאר SLOW BREW 3,ליטרים,1.98,ליטר,false,,30.90,15.6061,true,1,9463
7290008464741,false,"שישייית בירה גולדסטאר כהה 330X6 מ""ל",טמפו,IL,"גולדסטאר ח""פ בקבוק 6",ליטרים,1.98,ליטר,false,,32.70,16.5152,true,1,9464
7290008464796,false,"בירה היינקין ח""פ בקבוק 330X6מ""ל",טמפו,IL,"הייניקן בקבוק ח""פ 6*",ליטרים,1.98,ליטר,false,,33.50,16.9192,true,1,9467
7290008470766,false,מסטיק אורביט סטיקס פפרמינט שמינייה,ריגלי,FR,אורביט סטיקס בטעם פפ,יחידה,0.00,יחידה,false,,12.00,0.0000,true,1,20532
7290008500128,false,עוגת שמרים פרימיום ש,ב- פילסברי (ג'נל מיל,IL,עוגת שמרים טעם שוקול,גרמים,500.00,100 גרם,false,,22.20,4.4400,true,1,132209
7290008500142,false,עוגת שמרים פרימיום ת,ב- פילסברי (ג'נל מיל,IL,"עוגת שמרים טעם תפו""ע",גרמים,480.00,100 גרם,false,,22.20,4.6250,true,1,183367
7290008500159,false,עוגת שמרים פרימיום ג,ב- פילסברי (ג'נל מיל,IL,עוגת שמרים טעם גבינה,גרמים,480.00,100 גרם,false,,22.20,4.6250,true,1,132211
7290008500166,false,עוגת שמרים פרימיום פ,ב- פילסברי (ג'נל מיל,IL,עוגת שמרים טעם פרג 5,גרמים,520.00,100 גרם,false,,22.20,4.2692,true,1,132212
7290008634700,false,כפפות XL לטקס עם איבוק עדין 100 יח- SAFE TOUCH,T.G. Sdn,TH,כפפות לאטקס סייף טאצ,יחידה,0.00,יחידה,false,,19.60,0.0000,true,1,69479
7290008636704,false,קונפיטורה משמש מיה 340 גר',מיה תעשיות מזון בעמ,IL,קונפיטורה משמש 340גר,גרמים,340.00,100 גרם,false,,7.70,2.2647,true,1,14782
7290008636926,false,קקאו הולנדי 500גרם מיה,מיה תעשיות מזון,IL,קקאו הולנדי 500גר. ב,גרמים,500.00,100 גרם,false,,14.40,2.8800,true,1,14785
7290008636988,false,גרעיני חמניות קלופים 100 גר' מיה,מיה תעשיות מזון,IL,מיה גרעיני חמניות קל,גרמים,100.00,100 גרם,false,,3.50,3.5000,true,1,14791
7290008636995,false,גרעיני דלעת קלופים 100 גר' מיה,מיה תעשיות מזון,IL,מיה גרעיני דלעת קלופ,גרמים,100.00,100 גרם,false,,5.90,5.9000,true,1,14792
7290008644112,false,סלט מטבוחה יום יום אחלה 125 ג',"שטראוס גרופ בע""מ",IL,אחלה מטבוחה 125ג,גרמים,125.00,100 גרם,false,,4.20,3.3600,true,1,23089
7290008644235,false,עלי בייבי 120 גר' שטראוס,שטראוס בריאות ירקות,IL,עלי בייבי 120 ג ירקו,גרמים,120.00,100 גרם,false,,9.00,7.5000,true,1,23090
7290008644945,false,סלט המושבה שטופים שט,שטראוס בריאות ירקות,IL,סלט המושבה 450 ג ירק,גרמים,450.00,100 גרם,false,,10.20,2.2667,true,1,23092
7290008670142,false,"יין רקנאטי יסמין אדום 2019 750 מ""ל",יקב רקאנטי,IL,רקנאטי יסמין אדום 75,מיליליטרים,750.00,"100 מ""ל",false,,32.40,4.3200,true,1,41190
7290008690713,false,פריגת אושן ספריי חמוציות 1ל',מבשלות בירה בינלאומי,IL,אושן ספרי חמוציות 1ל,ליטרים,1.00,ליטר,false,,10.20,10.2000,true,1,6989
7290008693134,false,מעדן גבינה ויוגורט בטעם תות 5% שומן 88 ג' דניאלה,"שטראוס בריאות בע""מ",IL,דניאלה תות מעדן גבינ,מיליליטרים,150.00,"100 מ""ל",false,,3.50,2.3333,true,1,23094
7290008713900,false,לחם שיפון עגול 750 ג' אנג'ל,מאפיית אנג'ל אורנים,IL,לחם שיפון עגול אנגל,גרמים,750.00,100 גרם,false,,11.90,1.5867,true,1,35231
7290008713917,false,לחם שיפון כהה 750 ג' אנג'ל,מאפית אורנים,IL,לחם שיפון כהה אנגל 7,גרמים,750.00,100 גרם,false,,11.90,1.5867,true,1,35232
7290008739610,false,עציץ כפרי,,,עציץ כפרי,יחידה,0.00,יחידה,false,,21.30,0.0000,true,1,14041
7290008739955,false,נר בכוס עגולה,,,נר LOVE,יחידה,0.00,יחידה,false,,10.00,0.0000,true,1,14042
7290008745239,false,תפוציפס אקסטרא טבעי 50 גרם,"שטראוס פריטו ליי בע""",IL,תפוציפס קראנץ טבעי 5,גרמים,50.00,100 גרם,false,,3.30,6.6000,true,1,23925
7290008747547,false,תפוציפס קראנץ טבעי 200 גרם,"שטראוס פריטו ליי בע""",IL,תפוציפס קראנץ טבעי 2,גרמים,200.00,100 גרם,false,,9.30,4.6500,true,1,23927
7290008752244,false,תפוצ'יפס אקסטרא גריל 50 גרם,"שטראוס פריטו ליי בע""",IL,תפוציפס קראנץ גריל 5,גרמים,50.00,100 גרם,false,,3.30,6.6000,true,1,23929
7290008753111,false,תפוציפס קראנצי מקסיקני 50 גרם,"שטראוס פריטו ליי בע""",IL,תפוציפס מקסיקני 50גר,גרמים,50.00,100 גרם,false,,3.30,6.6000,true,1,23930
7290008754040,false,ממרח פרה שוקולד 850 גר - מגדים,שטראוס גרופ,IL,ממרח פרה שוקולד 850,גרמים,850.00,100 גרם,false,,12.70,1.4941,true,1,22040
7290008757980,false,נקטר ספרינג רימונים קרטונית 1 ל',"יפאורה תבורי בע""מ",IL,ספרינג רימונים 1ל,ליטרים,1.00,ליטר,false,,5.90,5.9000,true,1,11575
7290008775816,false,ערגליות שוקו חדש12*300גרם 2020,מיוצר עי קונדיטוריית,IL,ערגליות שוקולד 300 ג,גרמים,300.00,100 גרם,false,,8.50,2.8333,true,1,18498
7290008775823,false,ערגליות תות חדש12*300גרם 2020,מיוצר עי קונדיטוריית,IL,ערגליות תות שדה 300,גרמים,300.00,100 גרם,false,,8.50,2.8333,true,1,18499
7290008792264,false,מפיות טישיו טאצ' 100יח',"שניב תעשיות נייר בע""",IL,מפיות טאצ' 100,יחידה,0.00,יחידה,false,,4.20,0.0000,true,1,24218
7290008801546,false,"יין קינג דויד מוסקט מתוק לבן 750 מ""ל",אגודת הכורמים הקואופ,IL,יין קונקורד קינג דיו,מיליליטרים,750.00,"100 מ""ל",false,,18.80,2.5067,true,1,522
7290008801843,false,קברנה סוביניון אדום יבש 750 מל סלקטד,"כד בני דרום בע""מ",IL,יין סלקטד קברנה סובנ,מיליליטרים,750.00,"100 מ""ל",false,,25.60,3.4133,true,1,523
7290008802512,false,"יין וינו אדום יבש 750 מ""ל","כד בני דרום בע""מ",IL,יין וינו אדום יבש,מיליליטרים,750.00,"100 מ""ל",false,,18.80,2.5067,true,1,526
7290008802895,false,יין קברנה סוביניון פרייוט קולקשן,אגודת הכורמים הקאופו,IL,יין P.C קברנה סובי,מיליליטרים,750.00,"100 מ""ל",false,,34.10,4.5467,true,1,528
7290008803090,false,"יין מרלו קולקשיין הסדרה האזורית כרמל 750 מ""ל",אגודת הכורמים הקואופ,IL,מרלו סדרה אזורית,מיליליטרים,750.00,"100 מ""ל",false,,51.20,6.8267,true,1,531
7290008849609,false,רוטב לעוף שום דבש אוליביה 330 גרם,אוליביה גורמה (1996),IL,רוטב שום דבש אוליבי,גרמים,330.00,100 גרם,false,,11.90,3.6061,true,1,3506
7290008849777,false,אוליביה רוטב צילי מתוק 350 גרם,אוליביה,IL,אוליביה רוטב צילי מת,גרמים,350.00,100 גרם,false,,11.50,3.2857,true,1,51559
7290008909761,false,"קרלסברג בקבוק יחיד 330מ""ל",מבשלות בירה בינלאומי,IL,קרלסברג בקבוק יחיד 3,מיליליטרים,330.00,"100 מ""ל",false,,6.00,1.8182,true,1,7002
7290008909877,false,קוקה קולה זירו שישיי,,,קוקה קולה זירו שישיי,ליטרים,9.00,ליטר,false,,37.90,4.2111,true,1,7007
7290008945172,false,גלילונית שקיות אשפה 52*65 40 יח',"קינג באג בע""מ",TH,גלילונית אשפה למטבח,יחידה,0.00,יחידה,false,,11.00,0.0000,true,1,5821
7290008945202,false,גלילונית ש.אשפה ענק 50 90X75יח' 2020,קילט ניהול פרוייקטים,IL,גלילונית לאשפה משרדי,יחידה,0.00,יחידה,false,,11.00,0.0000,true,1,5822
7290008975551,false,מטרנה מהדרין חסכון שלב 3 700 גרם,מולינו ניקולי s.p.a,IL,מטרנה מהדרין שלב 3,גרמים,700.00,100 גרם,false,,42.60,6.0857,true,1,18503
7290009018004,false,פיקדון בקבוק/פחית בו,,,פיקדון בקבוק/פחית בו,יחידה,0.00,יחידה,false,,0.30,0.0000,true,1,66
7290009018011,false,פיקדון בקבוק/פחיות ש,,,פיקדון בקבוק/פחיות ש,יחידה,0.00,יחידה,false,,1.80,0.0000,true,1,64
7290009018264,false,פיקדון בקבוק/פחית רב,,,פיקדון בקבוק/פחית רב,יחידה,0.00,יחידה,false,,1.20,0.0000,true,1,105
7290009164664,false,לחמניית דגנים,,,לחמניית דגנים,יח',1.00,יח',false,,3.90,3.9000,true,1,2572
7290009174397,false,כריך א לעובד-כשר לפס,,,כריך עובד מגה,יחידה,0.00,יחידה,false,,1.50,0.0000,true,1,46681
7290010002030,false,כמון טחון 100גרם יורדן,א.ל ייצור ושיווק תבל,IL,מימון כמון במיכל 100,גרמים,100.00,100 גרם,false,,10.20,10.2000,true,1,246
7290010002078,false,פלפל שחור טחון 100 גרם,א.ל ייצור ושיווק תבל,IL,מימון פלפל שחור טחון,גרמים,100.00,100 גרם,false,,12.40,12.4000,true,1,250
7290010002108,false,פלפל שחור גרוס גס 90 גרם,א.ל ייצור ושיווק תבל,IL,מימון פלפל שחור גרוס,גרמים,90.00,100 גרם,false,,12.40,13.7778,true,1,253
7290010002122,false,פפריקה הונגרית מתוקה 100 גרם,א.ל ייצור ושיווק תבל,IL,מימון פפריקה הונגרית,גרמים,100.00,100 גרם,false,,10.20,10.2000,true,1,255
7290010002146,false,פפריקה מרוקאית מתוקה 100 גרם,א.ל ייצור ושיווק תבל,IL,מימון פפריקה מרוקאית,גרמים,100.00,100 גרם,false,,10.20,10.2000,true,1,257
7290010002153,false,פפריקה מרוקאית חריפה 100 גרם,א.ל ייצור ושיווק תבל,IL,מימון פפריקה מרוקאית,גרמים,100.00,100 גרם,false,,10.20,10.2000,true,1,258
7290010002191,false,תבליני מימון מקלות קינמון,TLV צ'יף,IL,מימון מקלות קינמון ב,גרמים,70.00,100 גרם,false,,8.10,11.5714,true,1,259
7290010002207,false,מימון קינמון טחון במ,א.ל ייצור ושיווק תבל,IL,מימון קינמון טחון במ,גרמים,100.00,100 גרם,false,,8.10,8.1000,true,1,260
7290010002214,false,צילי מקסיקני גרוס 70 גרם,TLV צ'יף,IL,מימון צילי גרוס 80 ג,גרמים,80.00,100 גרם,false,,10.20,12.7500,true,1,261
7290010002283,false,מימון תבלין על האש ב,א.ל ייצור ושיווק תבל,IL,מימון תבלין על האש ב,גרמים,100.00,100 גרם,false,,10.20,10.2000,true,1,263
7290010002290,false,תערובת לשווארמה טורקית 100 גרם,א.ל ייצור ושיווק תבל,IL,מימון תערובת לשווארמ,גרמים,100.00,100 גרם,false,,10.20,10.2000,true,1,264
7290010002306,false,תערובת לקציצות 100 גרם,א.ל ייצור ושיווק תבל,IL,מימון תיבול לקציצות,גרמים,100.00,100 גרם,false,,10.20,10.2000,true,1,265
7290010002313,false,תבלין קציצות מרוקני,א.ל ייצור ושיווק תבל,IL,מימון ראס אל חנות 10,גרמים,100.00,100 גרם,false,,10.20,10.2000,true,1,266
7290010002320,false,תבלין גריל עוף 100 גרם,א.ל ייצור ושיווק תבל,IL,מימון תיבול לגריל עו,גרמים,100.00,100 גרם,false,,10.20,10.2000,true,1,267
7290010002337,false,מימון תיבול לסטייק 1,,,מימון תיבול לסטייק 1,גרמים,110.00,100 גרם,false,,10.20,9.2727,true,1,268
7290010002368,false,תערובת חווג למרק 100 גרם,א.ל ייצור ושיווק תבל,IL,מימון תערובת חווג` ל,גרמים,100.00,100 גרם,false,,10.20,10.2000,true,1,271
7290010002399,false,בזיליקום -ריחן 40 גרם,,,מימון בזיליקום 40 גר,גרמים,40.00,100 גרם,false,,8.10,20.2500,true,1,274
7290010002498,false,מימון שום גבישי 120,א.ל ייצור ושיווק תבל,IL,מימון שום גבישי 120,גרמים,120.00,100 גרם,false,,12.40,10.3333,true,1,281
7290010002658,false,מימון פלפל יבש מתוק,,,מימון פלפל יבש מתוק,גרמים,150.00,100 גרם,false,,13.60,9.0667,true,1,283
7290010002726,false,מימון תיבול לפרגיות,א.ל ייצור ושיווק תבל,IL,מימון תיבול לפרגיות,גרמים,100.00,100 גרם,false,,10.20,10.2000,true,1,284
7290010003075,false,פפריקה מרוקאית מתוקה 400 גרם,TLV צ'יף,IL,מימון פפריקה מרוקאית,גרמים,400.00,100 גרם,false,,21.30,5.3250,true,1,286
7290010003693,false,פפריקה מתוקה 80 גרם שקית,TLV צ'יף,IL,מימון פפריקה מתוקה ש,גרמים,80.00,100 גרם,false,,5.00,6.2500,true,1,291
7290010003709,false,פלפל שחור טחון 50 גרם שקית,TLV צ'יף,IL,מימון פלפל שחור טחון,גרמים,50.00,100 גרם,false,,6.80,13.6000,true,1,292
7290010003754,false,מימון כמון טחון שקית,TLV צ'יף,IL,מימון כמון טחון שקית,גרמים,50.00,100 גרם,false,,5.00,10.0000,true,1,293
7290010003761,false,מימון כורכום טחון שק,א.ל ייצור ושיווק תבל,IL,מימון כורכום טחון שק,גרמים,80.00,100 גרם,false,,5.00,6.2500,true,1,294
7290010003778,false,תיבול לגריל עוף שקית 80 גרם,TLV צ'יף,IL,מימון תיבול לגריל עו,גרמים,80.00,100 גרם,false,,5.00,6.2500,true,1,295
7290010003815,false,מימון פלפל שטה יבש 1,,,מימון פלפל שטה יבש 1,גרמים,150.00,100 גרם,false,,13.60,9.0667,true,1,299
7290010003822,false,פפריקה חריפה 80 גרם שקית,א.ל ייצור ושיווק תבל,IL,מימון פפריקה חריפה ש,גרמים,80.00,100 גרם,false,,5.00,6.2500,true,1,300
7290010004348,false,מימון פ פריקה מתוקה,א.ל ייצור ושיווק תבל,IL,מימון פ פריקה מתוקה,גרמים,250.00,100 גרם,false,,18.70,7.4800,true,1,326
7290010023141,false,תה לימונענע הגן הקסום 25 שיקיקים,HIQ FOOD PRODUCTS,IL,תה לימונענע 25 שק',גרמים,50.00,100 גרם,false,,15.30,30.6000,true,1,24433
7290010045013,false,עוגיות חמאה צרפתיות 200 גרם לחמי,קונדטוריות לחמי,IL,עוגיות עם חמאה וסוכר,גרמים,200.00,100 גרם,false,,16.20,8.1000,true,1,24441
7290010051243,false,תרד ניו-זילנדי - ארו,,,תרד ניו זילנדי,גרמים,150.00,100 גרם,false,,11.90,7.9333,true,1,285141
7290010060597,false,סרקל שמפו לילדים 1.2,,,סרקל שמפו לילדים 1.2,ליטרים,1.25,ליטר,false,,27.30,21.8400,true,1,221933
7290010066513,false,נתחי טונה בשמן צמחי רביעיה *158ג' פילטונה,תעשיות פילטונה,IL,נתחי טונה בשמן צמחי,גרמים,632.00,100 גרם,false,,19.60,3.1013,true,1,26350
7290010066575,false,נתחי טונה במים רביעיה *158ג' פילטונה,תעשיות פילטונה,IL,נתחי טונה במים פילטו,גרמים,632.00,100 גרם,false,,19.60,3.1013,true,1,26352
7290010066582,false,נתחי טונה בשמן קנולה רביעיה * 158 ג' פילטונה,תעשיות פילטונה,IL,נתחי טונה בשמן קנולה,גרמים,632.00,100 גרם,false,,19.60,3.1013,true,1,26353
7290010066599,false,מארז רביעיית טונה בשמן זית 4*160 גרם,תעשיות פילטונה,IL,נתחי טונה בשמן זית פ,גרמים,632.00,100 גרם,false,,23.00,3.6392,true,1,26354
7290010116980,false,אבקת שוקולית שקית עלית 850 ג',הנסיך- מפעל לייצור ט,IL,שוקולית 850 גרם,גרמים,850.00,100 גרם,false,,13.60,1.6000,true,1,22054
7290010117864,false,דוריטוס בטעם חריף אש 70 גרם,שטראוס פריטו ליי (מל,IL,דוריטוס חריף אש 70 ג,גרמים,70.00,100 גרם,false,,3.30,4.7143,true,1,23937
7290010118328,false,מארז תפוצ'יפס בטעם טבעי,שטראוס פריטו ליי (מל,IL,תפוצ'יפס טבעי 6*40 ג,גרמים,240.00,100 גרם,false,,11.90,4.9583,true,1,23941
7290010124190,false,שניצל בקר מלינסה 250 ג' אל מטאדור,בלדי,IL,שניצל בקר מלינסה אל,גרמים,250.00,100 גרם,false,,11.10,4.4400,true,1,35110
7290010124503,false,שומן כבש מעובד ארוז בלדי 200גר,בלדי,IL,שומן כבש 200 גר',גרמים,200.00,100 גרם,false,,10.20,5.1000,true,1,35113
7290010129003,false,עוגיות אוזניים 600 גרם,קריניציה ויטמינה אס,IL,עוגיות אוזניים 600גר,גרמים,600.00,100 גרם,false,,17.00,2.8333,true,1,19918
7290010129010,false,עוגיות ריבה 600 גרם,קריניציה ויטמינה אס,IL,עוגיות ריבה 600גר,גרמים,600.00,100 גרם,false,,17.00,2.8333,true,1,19919
7290010129027,false,עוגיות מרוקאיות 600 גרם,שיבולים א.ד.ל,IL,עוגיות מרוקאיות 600,גרמים,600.00,100 גרם,false,,17.00,2.8333,true,1,19920
7290010129300,false,עוגיות רייף מרוקאיות 350 גרם,שיבולים א.ד.ל,IL,עוגיות רייף מרוקאיות,גרמים,350.00,100 גרם,false,,15.30,4.3714,true,1,19935
7290010129324,false,עוגיות מעמול 600 גרם,שיבולים א.ד.ל,IL,עוגיות מעמול 600 גרם,גרמים,600.00,100 גרם,false,,17.00,2.8333,true,1,19937
7290010129553,false,עוגיות רולדה תמרים 600 גרם,שיבולים א.ד.ל,IL,עוגיות רולדה תמרים 6,גרמים,600.00,100 גרם,false,,17.00,2.8333,true,1,19944
7290010129676,false,עוגיות מרוקאיות ארוך 350 גרם,,,עוגיות מרוקאיות ארוך,גרמים,350.00,100 גרם,false,,15.30,4.3714,true,1,19953
7290010129720,false,עוגיות שמרים קינמון 400 גרם דולצה ויטה,שיבולים א.ד.ל,IL,עוגיות שמרים שניק קי,גרמים,400.00,100 גרם,false,,10.20,2.5500,true,1,19956
7290010153503,false,שעועית בובס יבשה מיה 400 גר',"מיה תעשיות מזון בע""מ",IL,שעועית ענק 400 גרם,גרמים,400.00,100 גרם,false,,9.30,2.3250,true,1,14797
7290010153510,false,בורגול יבש מיה 500 גר',"מיה תעשיות מזון בע""מ",IL,בורגול מיה 500 גרם,גרמים,500.00,100 גרם,false,,4.80,0.9600,true,1,14798
7290010153688,false,"חומץ טבעי מיה 1 ליטר בד""צ",פרידמן תעשיות חומץ ו,IL,חומץ טבעי מיה 1 ליטר,ליטרים,1.00,ליטר,false,,5.00,5.0000,true,1,14805
7290010153695,false,פול גדול מיה 400,"מיה תעשיות מזון בע""מ",IL,מיה פול 500גר,גרמים,500.00,100 גרם,false,,6.70,1.3400,true,1,14806
7290010153725,false,קונפיטורה דובדבן מיה 340 גר',מיה תעשיות מזון בעמ,IL,מיה קונפיטורה דובדבנ,גרמים,340.00,100 גרם,false,,7.70,2.2647,true,1,14808
7290010153770,false,ציפוי לשניצל פיקנטי מיה 500 גר',מיה תעשיות מזון,IL,ציפוי לשניצל פיקנטי,גרמים,500.00,100 גרם,false,,7.70,1.5400,true,1,14812
7290010153787,false,ציפוי לשניצל עם שום מיה 500 גר',מיה תעשיות מזון,IL,ציפוי לשניצל עם שום,גרמים,500.00,100 גרם,false,,7.70,1.5400,true,1,14813
7290010153794,false,ציפוי לשניצל עם עשבי תיבול מיה 500 גר',מיה תעשיות מזון,IL,ציפוי לשניצל עם עשבי,גרמים,500.00,100 גרם,false,,7.70,1.5400,true,1,14814
7290010153817,false,ממרח ריבת חלב 400 גרם מיה,מיה תעשיות מזון בעמ,IL,ריבת חלב מיה 400 גרם,גרמים,400.00,100 גרם,false,,10.70,2.6750,true,1,14816
7290010153978,false,קונפיטורה שזיפים מיה 340 גר',מיה תעשיות מזון בעמ,IL,קונפיטורה שזיפים 340,גרמים,340.00,100 גרם,false,,7.70,2.2647,true,1,14826
7290010154005,false,סחוג תימני ירוק 250 ביטון,תבליני יוחאי ביטון,IL,סחוג תימני ירוק 250,גרמים,250.00,100 גרם,false,,11.90,4.7600,true,1,16909
7290010154012,false,לימון בלאדי - סלט לימון כבוש,תבליני יוחאי ביטון,IL,לימון כבוש 250 ביטון,גרמים,250.00,100 גרם,false,,11.90,4.7600,true,1,16910
7290010154029,false,אריסה מתוקה ביטון 250 ג',תבליני יוחאי ביטון,IL,250 אריסה מתוקה ביטו,גרמים,250.00,100 גרם,false,,11.90,4.7600,true,1,16911
7290010154265,false,פלפל צ'ומה חריף פיקנטי,תבליני יוחאי ביטון,IL,פלפל צ`ומה ביטון 250,גרמים,250.00,100 גרם,false,,11.90,4.7600,true,1,16914
7290010154685,false,סלט שום כתוש 250 ג' ביטון יוחאי,תבליני יוחאי ביטון,IL,סלט שום כתוש 250 גר',גרמים,250.00,100 גרם,false,,11.90,4.7600,true,1,16925
7290010173044,false,"יין בר הרי גליל מרלו 750 מ""ל",יקב הרי גליל,IL,הרי גליל מרלו 2007 7,מיליליטרים,750.00,"100 מ""ל",false,,32.40,4.3200,true,1,41195
7290010173068,false,יין בר הרי גליל קברנה סוביניון 750 מל,יקב הרי גליל,IL,הרי גליל קברנה סובינ,מיליליטרים,750.00,"100 מ""ל",false,,32.40,4.3200,true,1,41196
7290010173174,false,"יין אלון 2019 750 מ""ל הרי גליל",יקב רמת הגולן,IL,"הרי גליל אלון 750מ""ל",מיליליטרים,750.00,"100 מ""ל",false,,42.70,5.6933,true,1,41197
7290010173181,false,יין אלה הרי גליל 750 מל,יקב רמת הגולן,IL,יין הר גליל אלה אירו,מיליליטרים,750.00,"100 מ""ל",false,,47.00,6.2667,true,1,41198
7290010173334,false,יין הרי גליל שיראז 750 מל,,,הרי גליל סירה 2017 7,מיליליטרים,750.00,"100 מ""ל",false,,32.40,4.3200,true,1,41199
7290010192007,false,פטרוזיליה,,,פטרוזיליה,יח',1.00,יח',false,,3.50,3.5000,true,1,35326
7290010192014,false,שמיר,,,שמיר,יח',1.00,יח',false,,3.50,3.5000,true,1,35327
7290010192021,false,כוסברה ארוז,,,כוסברה,יח',1.00,יח',false,,3.50,3.5000,true,1,35328
7290010192038,false,שורש פטרוזיליה ארוז,,,שורש פטרוזיליה ארוז,יח',1.00,יח',false,,5.90,5.9000,true,1,35329
7290010192045,false,נענע יחידה,חקלאי,IL,נענע יחידה,יח',1.00,יח',false,,3.50,3.5000,true,1,35330
7290010192052,false,סלרי עלים (אמריקאי),,,סלרי עלים (אמריקאי),יח',1.00,יח',false,,5.90,5.9000,true,1,35331
7290010192069,false,סלרי ראש ארוז,,,סלרי ראש ארוז,יח',1.00,יח',false,,5.90,5.9000,true,1,35332
7290010192083,false,מנגולד ארוז,,,מנגולד ארוז,יח',1.00,יח',false,,6.90,6.9000,true,1,35333
7290010192137,false,לוף ארוז ליח,,,לוף ארוז ליח,יח',1.00,יח',false,,8.90,8.9000,true,1,35334
7290010195268,false,פופקורן פופסטאר חמישייה מופחת שומן טבעי,פופ סטאר,US,פופסטאר פופקורן מופח,גרמים,425.00,100 גרם,false,,11.00,2.5882,true,1,5843
7290010195275,false,פופקורן להכנה במיקרוגל בטעם חמאה מופחת שומן,פופ סטאר,US,פופסטאר פופקורן מופח,גרמים,425.00,100 גרם,false,,11.00,2.5882,true,1,5844
7290010199891,false,"סטייל - סבון ידיים אדום 500 מ""ל משאבה - מרכז",דולפין ספא,TR,אל סבון סטייל תה אדו,מיליליטרים,500.00,"100 מ""ל",false,,6.30,1.2600,true,1,3843
7290010237531,false,"פפסי קולה פלסטיק 500 מ""ל","טמפו משקאות בע""ם.",IL,פפסי קולה 500 מ'ל,מיליליטרים,500.00,"100 מ""ל",false,,4.20,0.8400,true,1,9474
7290010237579,false,סבן אפ פלסטיק 500מל,"טמפו משקאות בע""מ",IL,סבן אפ 500 מ'ל,מיליליטרים,500.00,"100 מ""ל",false,,4.20,0.8400,true,1,9477
7290010237685,false,"הייניקן בירה צואר ארוך 330מ""ל",טמפו משקאות בע''מ,IL,היינקן בירה צואר ארו,מיליליטרים,330.00,"100 מ""ל",false,,10.30,3.1212,true,1,9482
7290010259823,false,מנת השף מרק עם נודלס טעם עוף בדץ 70ג,נמצ'או(תאילנד) בעמ,TH,נודלס בטעם עוף מנת ה,גרמים,70.00,100 גרם,false,,4.20,6.0000,true,1,2925
7290010259830,false,מרק עם נודלס סיני פיקנטי מנת השף 70 גר,נמצ'או(תאילנד) בעמ,TH,נודלס בטעם סיני פיקנ,גרמים,70.00,100 גרם,false,,4.20,6.0000,true,1,2926
7290010259847,false,מנת השף מרק עם נודלס טעם תירס בדץ 70ג,יוליניבר,TH,נודלס טעם תירס מנת ה,גרמים,70.00,100 גרם,false,,4.20,6.0000,true,1,2927
7290010259854,false,מרק עם נודלס טעם פטריות מנת השף 70 גר,נמצ'או(תאילנד) בעמ,TH,נודלס בטעם פטריות מנ,גרמים,70.00,100 גרם,false,,4.20,6.0000,true,1,2928
7290010259977,false,שמן קנולה וילי פוד 1 ליטר,בונגי פולין אס.פי.זד,PL,שמן קנולה ויליפוד 1,ליטרים,1.00,ליטר,false,,9.40,9.4000,true,1,2933
7290010259991,false,וילי פוד צנימים בדץ 250ג,וילי פוד,PT,"צנימים בד""ץ וילי פוד",גרמים,250.00,100 גרם,false,,6.80,2.7200,true,1,2934
7290010429554,false,"שמן זית כתית מעולה יד מרדכי 2 קלאסי, 750 מ""ל",מכוורת יד מרדכי שטרא,IL,שמן זית כתית מעולה 2,מיליליטרים,750.00,"100 מ""ל",false,,29.00,3.8667,true,1,22059
7290010471669,false,יוגורט תות עם קורנפלקס מצופה שוקולד ללא גלוטן 3.9%,"שטראוס בריאות בע""מ",IL,דנונה קראנצ' יוגורט,מיליליטרים,175.00,"100 מ""ל",false,,4.20,2.4000,true,1,23095
7290010472307,false,מארז 8 יחידות משקה גמדים בטעם תות בננה,מיוצר עי קונדיטוריית,IL,גמדים לשתיה תות בננה,מיליליטרים,864.00,"100 מ""ל",false,,17.10,1.9792,true,1,23098
7290010472390,false,מארז 8 יחידות מעדן דני בטעם שוקולד 1.5%,מיוצר עי קונדיטוריית,IL,מארז דני שוקולד 8*,מיליליטרים,1000.00,"100 מ""ל",false,,14.40,1.4400,true,1,23099
7290010627004,false,טחינה גולמית מסורתית ירושלים 500 ג',"בראשית ירושלים בע""מ",IL,טחינה ירושלים 500 גר,גרמים,500.00,100 גרם,false,,12.80,2.5600,true,1,24445
7290010627844,false,טחינה גולמית שומשום מלא ירושלים 500גרם,"בראשית ירושלים בע""מ",IL,טחינה ירושלים 500 מל,גרמים,500.00,100 גרם,false,,12.80,2.5600,true,1,24448
7290010632787,false,צימרוני אוזניים עץ 300יח',הדקלאים אגודת שיתופי,CN,צימרוני אוזניים עץ כ,יחידה,0.00,יחידה,false,,3.80,0.0000,true,1,941
7290010650064,false,פטריות יער מיובשות 2,חוות תקוע,IL,פטריות יער מיובשות 2,גרמים,25.00,100 גרם,false,,9.90,39.6000,true,1,50500
7290010650071,false,פטריות שי-טאקי מיובשות,חוות תקוע,,פטריות שיטאקי מיובש,גרמים,25.00,100 גרם,false,,9.90,39.6000,true,1,50501
7290010650231,false,פטריות מאיטאקי מיובש,קרלו,IL,פטריות מאיטאקי מיובש,יח',1.00,יח',false,,11.90,11.9000,true,1,50506
7290010650255,false,לקט פטריות מיובשות ל,קרלו,IL,לקט פטריות מיובשות ל,גרמים,40.00,100 גרם,false,,16.90,42.2500,true,1,50507
7290010690527,false,כרוב על - קייל,,,כרוב על - קייל,יח',1.00,יח',false,,9.90,9.9000,true,1,41101
7290010711123,false,"ננס רביעיה ""שייני"" ח",מ.א ייצור ושיווק מטל,CN,"ננס רביעיה ""שייני"" ח",יחידה,0.00,יחידה,false,,5.90,0.0000,true,1,13483
7290010711253,false,מיקרופייבר ניקוי כלל,,,מיקרופייבר ניקוי כלל,יחידה,0.00,יחידה,false,,9.90,0.0000,true,1,13487
7290010711543,false,כף אשפה + גומי SHINY,שייני Shiny,,כף אשפה + גומי SHINY,יחידה,0.00,יחידה,false,,5.10,0.0000,true,1,13495
7290010711864,false,מטאטא משובח,,,מטאטא משובח,יחידה,0.00,יחידה,false,,19.60,0.0000,true,1,13501
7290010718634,false,"פנינה רוזנבלום -אל סבון נוזלי לבן,1 ליטר",סאסא קוסמטיקס,IL,אל סבון נוזלי לבן פנ,יחידה,0.00,יחידה,false,,7.60,0.0000,true,1,17911
7290010748891,false,קרם גוף מולטי ויטמין Multi vitamin לעור רגיל- יבש,פישר מעבדות פרמצבטיו,IL,אפקטיב קר ק.גוף רגיל,מיליליטרים,700.00,"100 מ""ל",false,,29.00,4.1429,true,1,28884
7290010760909,false,"בורקס פיצה כשל""פ 600 גרם",מאפיית אריאל,,"בורקס פיצה כשל""פ 600",גרמים,600.00,100 גרם,false,,18.80,3.1333,true,1,51143
7290010766949,false,ממרח תחתיות ארטישוק 180ג' אוליביה,אוליביה,IL,אוליביה ממרח ארטישוק,גרמים,180.00,100 גרם,false,,11.10,6.1667,true,1,51565
7290010838219,false,ממתיק על בסיס צמח הסטיביה - שקיות,תות ממתקי איכות,IL,סטיביה 100 שקיות,גרמים,100.00,100 גרם,false,,23.80,23.8000,true,1,5846
7290010838424,false,ג'ל לניקוי מתקדם בניחוח רענן - מארז זוג,"איטיליאן פוד, אס.פי.",NL,זוג ג'ל נוזל בניחוח,ליטרים,1.50,ליטר,false,,13.30,8.8667,true,1,5847
7290010838431,false,ג'ל לניקוי מתקדם בניחוח ים - מארז זוג,מיוצר עי קונדיטוריית,NL,דאק ג'ל נוזל 750 זוג,ליטרים,1.50,ליטר,false,,13.30,8.8667,true,1,5848
7290010839865,false,רוטב רכז רימונים ויליפוד 320 ג',וילי פוד,TR,רוטב רימונים 320 גרם,מיליליטרים,320.00,"100 מ""ל",false,,9.30,2.9063,true,1,2940
7290010883356,false,כפפות אלוורה רב שימושיות מרופדות גדול L,סנו סושי,CN,סנו סושי זוג כפפות א,יחידה,0.00,יחידה,false,,8.50,0.0000,true,1,29873
7290010883363,false,כפפות אלוורה רב שימושיות מרופדות קטן S,האי נאם סי או אל.טי.,CN,סנו סושי זוג כפפות א,יחידה,0.00,יחידה,false,,8.50,0.0000,true,1,29874
7290010883370,false,כפפות אלוורה רב שימושיות מרופדות בינוני M,האי נאם סי או אל.טי.,CN,סנו סושי זוג כפפות א,יחידה,0.00,יחידה,false,,8.50,0.0000,true,1,29875
7290010903917,false,שניצל תירס שף הטבע 1,משק ויילר,IL,שניצל תירס שף הטבע 1,קילוגרמים,1.00,"ק""ג",false,,17.10,17.1000,true,1,185402
7290010931330,false,מטבוחה אחלה 500 גרם,מיוצר עי קונדיטוריית,IL,אחלה מטבוחה 500ג,גרמים,500.00,100 גרם,false,,12.40,2.4800,true,1,23101
7290010945450,false,גבינה לבנה 3% 250 גר מועשר בסידן וויטמין,טרה,IL,טרה גבינה לבנה מהדרי,גרמים,250.00,100 גרם,false,,4.26,1.7040,true,1,6416
7290010955619,false,"יין רימונים 750 מ""ל lightly",,IL,יין רימונים לייטלי ק,מיליליטרים,750.00,"100 מ""ל",false,,51.30,6.8400,true,1,277946
7290011017866,false,קוקה קולה קלאסי בפחית,החברה המרכזית לייצור,IL,קוקה קולה פחית סליק,מיליליטרים,330.00,"100 מ""ל",false,,4.70,1.4242,true,1,7031
7290011017873,false,"קוקה קולה זירו פחית 330 מ""ל",החברה המרכזית לייצור,IL,ZERO קולה פחית סליק,מיליליטרים,330.00,"100 מ""ל",false,,4.70,1.4242,true,1,7032
7290011017880,false,דיאט קוקה קולה פחית סליק 330מל,החברה המרכזית לייצור,IL,קולה דיאט פחית סליק,מיליליטרים,330.00,"100 מ""ל",false,,4.70,1.4242,true,1,7033
7290011018443,false,"פנטה אורנג פחית סליק 330 מ""ל",החברה המרכזית לייצור,IL,פאנטה אורנג פחית סלי,מיליליטרים,330.00,"100 מ""ל",false,,4.70,1.4242,true,1,7053
7290011026066,false,"ד""ר פישר - סרקל שמפו + מרכך לילדים 1 ליטר","ד""ר פישר Dr fischer",IL,סרקל שמפו + מרכך ליל,יחידה,0.00,יחידה,false,,25.60,0.0000,true,1,28887
7290011065416,true,פלפל שחור מטחנה 60 ג,,,פלפל שחור מטחנה 60 ג,גרמים,60.00,100 גרם,false,,15.30,25.5000,true,1,334
7290011115203,false,אל סבון מוצק מבושם בניחוח עדין קלאסיק - מארז רביעיה,טרופיקל דגיל תעשיות,IL,סבון מוצק ורוד נקה 7,גרמים,400.00,100 גרם,false,,9.30,2.3250,true,1,29892
7290011115289,false,אל סבון מוצק מבושם בניחוח עדין קלאסיק - מארז רביעיה,"גליל כימיכלים בע""מ",IL,סבון מוצק לילך נקה 7,גרמים,400.00,100 גרם,false,,9.30,2.3250,true,1,29897
7290011126452,false,חליטת קמומיל ונענע 25 שקיקים גן קסום,HIQ FOOD PRODUCTS,IL,תה קמומיל ונענע 1.5ג,גרמים,37.50,100 גרם,false,,15.30,40.8000,true,1,24457
7290011126469,false,חליטת קמומיל ודבש 25 שקיקים גן קסום,HIQ FOOD PRODUCTS,IL,תה קמומיל ודבש 1.5גר,גרמים,37.50,100 גרם,false,,15.30,40.8000,true,1,24458
7290011131050,false,גרנולה בתוספת פקאן וצימוקים,ויטליאה ניקולה דו,MK,גרנולה פקאן גרין 1 ק,קילוגרמים,1.00,"ק""ג",false,,23.00,23.0000,true,1,13806
7290011131975,false,גרנולה בתוספת פירות מיובשים ומסוכרים,ויטליאה ניקולה דו,MK,גרנולה פירות בתוספת,קילוגרמים,1.00,"ק""ג",false,,23.00,23.0000,true,1,13822
7290011132309,false,BLACK ROASTשישיית בירה גולדסטאר 330 מל,,,בירה גולדסטאר Black,ליטרים,1.98,ליטר,false,,31.80,16.0606,true,1,267167
7290011148911,false,פלפלים מתוקים טינקרב,קוליוס,IL,פלפלים מתוקים טינקרב,גרמים,300.00,100 גרם,false,,9.90,3.3000,true,1,35336
7290011154080,false,"תרכיז תפוחים צלול טעמי הגליל 500 מ""ל",טעמי הגליל,IL,תרכיז תפוחים צלול טע,מיליליטרים,500.00,"100 מ""ל",false,,17.10,3.4200,true,1,235829
7290011194215,false,מעדן גבינה ויוגורט בטעם בננה 5% שומן 88 ג' דניאלה,"שטראוס בריאות בע""מ",IL,"דניאלה בננה 150 מ""ל",מיליליטרים,150.00,"100 מ""ל",false,,3.50,2.3333,true,1,23102
7290011194246,false,קוטג שטראוס 5% עם סידן 250ג,מיוצר עי קונדיטוריית,IL,קוטג שטראוס 5% עם סי,גרמים,250.00,100 גרם,false,,5.10,2.0400,true,1,23103
7290011223205,false,ריבת חלב ארגנטינאית 454 גרם,אשבל מזון פונקציונלי,IL,דולקור ריבת חלב 454,גרמים,454.00,100 גרם,false,,13.60,2.9956,true,1,5861
7290011236649,false,נטיפי שוקולד ציפס 54% מוצקי קקאו 300 גרם,,,שוקולד צ'יפס בלגי שק,גרמים,300.00,100 גרם,false,,8.50,2.8333,true,1,4656
7290011239213,false,עמוס חטיפים מתוקים מ,ממתקי מחרום,,עמוס חטיפים מתוקים מ,גרמים,100.00,100 גרם,false,,5.10,5.1000,true,1,42357
7290011239237,false,חטיפי אגוזים ישראלי,,IL,חטיפי אגוזים ישראלי,גרמים,250.00,100 גרם,false,,16.20,6.4800,true,1,161153
7290011239336,false,מחרום חלבה ללא סוכר,"בני ריאד מחרום בע""מ",IL,מחרום חלבה ללא סוכר,גרמים,400.00,100 גרם,false,,21.90,5.4750,true,1,42358
7290011239404,false,עמוס חטיפים שונים אר,"בני ריאד מחרום בע""מ",IL,עמוס חטיפים שונים אר,גרמים,300.00,100 גרם,false,,12.80,4.2667,true,1,42360
7290011254001,false,זרעי פשתן 450 גרם,מיה תעשיות מזון,IL,זרעי פשתן 450 גרם,גרמים,450.00,100 גרם,false,,6.70,1.4889,true,1,14827
7290011254018,false,שעועית מש מיה 500 גר',"מיה תעשיות מזון בע""מ",IL,שעועית מש 500 גרם,גרמים,500.00,100 גרם,false,,7.60,1.5200,true,1,14828
7290011254452,false,סוכריות מנטה ללא סוכר 80גרם,מיה תעשיות מזון,IL,סוכריות ללא סוכר מנט,גרמים,80.00,100 גרם,false,,5.00,6.2500,true,1,14858
7290011254490,false,סוכריות פירות יער ללא סוכר 80גרם,מיה תעשיות מזון,IL,סוכריות ללא סוכר טעם,גרמים,80.00,100 גרם,false,,5.00,6.2500,true,1,14862
7290011254728,false,ג'לטין טהור 25גרם בקרטונית,"מיה תעשיות מזון בע""מ",IL,ג'לטין טהור 25 גר' ב,גרמים,25.00,100 גרם,false,,8.50,34.0000,true,1,14869
7290011254773,false,שעועית ארגנטינאית יבשה מיה 500 גר',"מיה תעשיות מזון בע""מ",IL,שעועית ארגנטינאית 50,גרמים,500.00,100 גרם,false,,7.60,1.5200,true,1,14872
7290011254810,false,סוכריות ג'לילנד דובונים פרי קיץ 125 גרם,מיה תעשיות מזון,IL,סוכריות ג'לי דובונים,גרמים,125.00,100 גרם,false,,5.10,4.0800,true,1,14875
7290011378769,false,בארכה - חטיף בקטנה חלבה וניל 20 גרם * 6,רושדי תעשיות מזון בע,IL,בארכה בקטנה מאגדת ונ,גרמים,120.00,100 גרם,false,,10.20,8.5000,true,1,18511
7290011378776,false,חלבה חטיף פיסטוק בארכה בקטנה מארז 126ג',רושדי תעשיות מזון בע,IL,בארכה בקטנה מאגדת פי,גרמים,120.00,100 גרם,false,,10.20,8.5000,true,1,18512
7290011379018,false,מארז משפחתי שמפיניון 500 ג' מרינה,מרינה פטריות,IL,פטריות צמד חמד,גרמים,500.00,100 גרם,false,,15.90,3.1800,true,1,41102
7290011438142,false,"משקה יטבתה אייס קפה בבקבוק אישי 350 מ""ל",שטראוס גרופ,IL,יטבתה אייס קפה בבקבו,מיליליטרים,350.00,"100 מ""ל",false,,5.60,1.6000,true,1,23109
7290011447267,false,מטרנה פרימיום חלבי שלב 1 700 גרם חיסכון,מטרנה תעשיות ש.מ,IL,מטרנה חלבי שלב 1 70,גרמים,700.00,100 גרם,false,,41.80,5.9714,true,1,18520
7290011447281,false,מטרנה פרימיום חלבי שלב 2 700 גרם חיסכון,מטרנה תעשיות ש.מ,IL,מטרנה חלבי שלב 2 70,גרמים,700.00,100 גרם,false,,41.80,5.9714,true,1,18521
7290011447304,false,מטרנה פרימיום חלבי שלב 3 700 גרם חיסכון,מטרנה תעשיות ש.מ,IL,מטרנה חלבי שלב 3 12*,גרמים,700.00,100 גרם,false,,41.80,5.9714,true,1,18522
7290011447359,false,תרכובת מזון המשך לפעוטות מהדרין שלב 1,מולינו ניקולי s.p.a,IL,מטרנה מהדרין שלב 1,גרמים,700.00,100 גרם,false,,42.60,6.0857,true,1,18524
7290011447373,false,תרכובת מזון המשך לפעוטות מהדרין שלב 2,מטרנה תעשיות ש.מ,IL,מטרנה מהדרין שלב 2,גרמים,700.00,100 גרם,false,,42.60,6.0857,true,1,18525
7290011461058,false,גומא - מקלות ריחניים,יושלם,,גומא - מקלות ריחניים,יחידה,0.00,יחידה,false,,20.00,0.0000,true,1,14043
7290011474447,false,קוואקר עבה טבעי 500 גרם תבאות,תבואות,,שיבולת שועל עבה טבעי,גרמים,400.00,100 גרם,false,,5.10,1.2750,true,1,217557
7290011499105,false,בולגרית מסורתית 5% 250 גרם -רבנות,ג'נרל מילס סאן אדריא,IL,גד בולגרית 5% 250ג,גרמים,250.00,100 גרם,false,,20.40,8.1600,true,1,14436
7290011499112,false,בולגרית מסורתית 16% 250 גרם - רבנות,"מיוצר ע""י dsh",IL,גד בולגרית 16% 250ג,גרמים,250.00,100 גרם,false,,20.40,8.1600,true,1,14437
7290011499129,false,בולגרית מעודנת קוביות קטנות 5% 200 גרם - רבנות,קוד יצרן DSH,IL,גד בולגרית מעודנת קו,גרמים,200.00,100 גרם,false,,19.60,9.8000,true,1,14438
7290011499358,false,פטה עיזים מסורתית 20% בגביע 200 גרם - רובין,מיוצר על ידי קוד יצר,IL,גד פטה עיזים 20% 200,גרמים,200.00,100 גרם,false,,24.60,12.3000,true,1,14445
7290011499365,false,גבינה חלומי נענע גד,"מחלבות גד בע""מ",IL,גד חלומי 24% 200ג,גרמים,200.00,100 גרם,false,,19.10,9.5500,true,1,14446
7290011499419,false,גבינה במרקם שמנת בטעם טבעי 5% ניו יורק,מחלבות גד,IL,גבינה במרקם שמנת 5%,גרמים,200.00,100 גרם,false,,10.50,5.2500,true,1,14448
7290011499525,false,גד לאבנה דרוזית 9% 500 ג',מחלבות גד בעמ,IL,גד לאבנה דרוזית 9% 5,גרמים,500.00,100 גרם,false,,18.70,3.7400,true,1,14449
7290011499624,false,שמנת 30% ניו יורק טבעי 200 גרם רבנות,מחלבות גד,IL,גד ניו יורק גבינת שמ,גרמים,200.00,100 גרם,false,,12.10,6.0500,true,1,14451
7290011499846,false,גבינת ריקוטה פרסקה 9% 300 ג' גד,מחלבות גד בעמ,IL,גד ריקוטה פרסקה 5% 3,גרמים,300.00,100 גרם,false,,15.80,5.2667,true,1,14462
7290011515683,false,מעדן קפוא אקסטרים Extreme בטעם וניל - 6 יח',תות תעשיות מזון (201,IL,אקסטרים וניל מאגדת 6,גרמים,432.00,100 גרם,false,,29.00,6.7130,true,1,15874
7290011515911,false,שלגונים מופחתי קלוריות בטעם ריבת חלב - 6 יח',גלידות נסטלה (נגה גל,IL,מאגדת לייט ריבת חלב,גרמים,312.00,100 גרם,false,,23.80,7.6282,true,1,15875
7290011518561,false,"אקטימל תות משפחתי מארז 14X100מ""ל",מיוצר עי קונדיטוריית,IL,אקטימל תות משפחתי 14,ליטרים,1.40,ליטר,false,,25.60,18.2857,true,1,23114
7290011530358,false,שייק איט 450 גרם friday מיקס פירות קפוא,"הבו-קדו בע""מ",IL,שייק איט(3*150 גר')-,גרמים,450.00,100 גרם,false,,26.40,5.8667,true,1,102176
7290011530730,false,מיקס פירות קפואים שייק איט חום - 3*150 ג',"הבו-קדו בע""מ",IL,שייק איט יום חמישי 4,גרמים,450.00,100 גרם,false,,26.40,5.8667,true,1,71025
7290011530747,false,מיקס פירות קפואים שייק איט סגול - 3*150 ג',"הבו-קדו בע""מ",IL,שייק איט יום רביעי 4,גרמים,450.00,100 גרם,false,,26.40,5.8667,true,1,71026
7290011553456,false,קרוטונים למרק שקית,,,קרוטונים למרק שקית,גרמים,400.00,100 גרם,false,,12.80,3.2000,true,1,328416
7290011553876,false,פרורי לחם קלאסי שקית,,,פרורי לחם קלאסי שקית,גרמים,800.00,100 גרם,false,,10.20,1.2750,true,1,328324
7290011553883,false,פרורים מוזהבים שקית,,,פרורים מוזהבים שקית,גרמים,800.00,100 גרם,false,,10.20,1.2750,true,1,328341
7290011575007,false,"הפי מרסס שומר ברק למקלחון 750 מ""ל",דומל,DE,הפי-מרסס לאמבט חדש 7,מיליליטרים,750.00,"100 מ""ל",false,,16.20,2.1600,true,1,11323
7290011593704,false,"שמן זית סורי 750 מ""ל סבא חביב",,,שמן זית סורי הסדרה ה,מיליליטרים,750.00,"100 מ""ל",false,,36.70,4.8933,true,1,310579
7290011593711,false,"שמן זית קורונייקי 750 מ""ל סבא חביב",,,שמן זית קורונייקי סב,מיליליטרים,750.00,"100 מ""ל",false,,36.70,4.8933,true,1,310594
7290011593742,false,"שמן זית פיקואל 750 מ""ל סבא חביב",,,שמן זית פיקואל הסדרה,מיליליטרים,750.00,"100 מ""ל",false,,36.70,4.8933,true,1,313527
7290011598211,false,"סנו - אנטי קאלק מרסס ניקוי כללי 4 ב-1 700 מ""ל",מיוצר עי קונדיטוריית,IL,מנקה כללי אנטיקאלק 7,מיליליטרים,700.00,"100 מ""ל",false,,15.30,2.1857,true,1,29908
7290011598402,false,סנו מקסימה מרכך כביסה וויט מילק 4 ליטר,סנו מקסימה,IL,מרכך כביסה סנו מקסימ,ליטרים,4.00,ליטר,false,,19.60,4.9000,true,1,29912
7290011599836,false,משפר אפיה טבעי 100 ג' רובינפלד,,,משפר אפיה רובינפלד 1,גרמים,100.00,100 גרם,false,,9.40,9.4000,true,1,36387
7290011607180,false,"אבקת כביסה קולון 101 1.25 ק""ג",ריקט בנקיזר ( ניר אי,IL,"קולון 101 1.25 ק""ג",קילוגרמים,1.25,"ק""ג",false,,12.70,10.1600,true,1,20652
7290011607197,false,"אבקת כביסה קולון 101 5 ק""ג",רקיט בנקיזר,IL,"קולון 101 5 ק""ג",קילוגרמים,5.00,"ק""ג",false,,34.10,6.8200,true,1,20653
7290011615260,false,"טורטייה 20 ס""מ קוטר וילי פוד 540 גר",מוטלוקל גידה סאנאי ט,TR,"עלי טורטיה בד""ץ וילי",גרמים,540.00,100 גרם,false,,7.60,1.4074,true,1,2944
7290011615277,false,"עלי טורטיוה קמח חיטה 25ס""מ 12יח' ויליפוד 840 ג'",מוטלוקל גידה סאנאי ט,TR,"עלי טורטיה בד""ץ וילי",גרמים,840.00,100 גרם,false,,12.80,1.5238,true,1,2945
7290011659004,false,צנצנת שום כתוש קפוא,,,צנצנת שום כתוש קפוא,גרמים,200.00,100 גרם,false,,10.20,5.1000,true,1,145720
7290011659042,false,קוביות פטרוזליה קפוא,,,קוביות פטרוזליה קפוא,גרמים,70.00,100 גרם,false,,8.50,12.1429,true,1,145722
7290011668594,false,תוספת בריאה לסלט ברי,בריא מהטבע פנינה רוזנבלום,IL,פנינה תוספת בריאה לס,גרמים,550.00,100 גרם,false,,35.00,6.3636,true,1,17935
7290011765088,false,ג'ל גילוח לעור רגיל מנטול Cool,טרופיקל דגיל תעשיות,TR,ג'ל גילוח לעור רגיל,מיליליטרים,200.00,"100 מ""ל",false,,9.30,4.6500,true,1,29915
7290011765095,false,קרמה מן גל גילוח אלוורה ירוק 200 מל,טרופיקל דגיל תעשיות,TR,ג'ל גילוח לעור עדין,מיליליטרים,200.00,"100 מ""ל",false,,9.30,4.6500,true,1,29916
7290011765408,false,שמפו + מרכך בוב ספוג לסירוק קל מכיל רוזמרין,קוסמופארם בע''מ,IL,שמפו+מרכך כיף בוב ספ,מיליליטרים,750.00,"100 מ""ל",false,,10.20,1.3600,true,1,29930
7290011765613,false,סנו מסיר עובש בניחות לימון מתז 1 ל',סנו,IL,סנו מתז מסיר עובש בנ,ליטרים,13.00,ליטר,false,,15.30,1.1769,true,1,29935
7290011800840,false,טחינה בלאדי רפי כהן 400 ג' צבר,סלטי צבר,IL,צבר רפי כהן טחינה בל,גרמים,400.00,100 גרם,false,,13.20,3.3000,true,1,19556
7290011860271,false,ביסבול כדורי פירה בציפוי פריך,"תעשיות תפוגן בע""מ",IL,תפוגן ביס בול טבעי 7,גרמים,700.00,100 גרם,false,,13.60,1.9429,true,1,19558
7290011877088,false,"רדיד אלומיניום רוחב 30 ס""מ, 18 מיקרון - מארז זוג",בורסה פאזרי,TR,סנו סושי צמד רדידי א,מטרים,15.00,מטר,false,,14.40,0.9600,true,1,29936
7290011877156,false,"מבשם אוויר, בגדים וארונות פרש בניחוח מאסק",מיוצר עי קונדיטוריית,IL,סנו פרש ענק מאסק 375,מיליליטרים,375.00,"100 מ""ל",false,,9.30,2.4800,true,1,29939
7290011877835,false,סנו סושי אריזות ואקום לאחסון 2 יח XXL,מיוצר עי קונדיטוריית,TR,סנו סושי שקיות ואקום,יחידה,0.00,יחידה,false,,21.30,0.0000,true,1,29944
7290011877859,false,סנו אינסטלטור חדש פותח סתימות 200ג',מיוצר עי קונדיטוריית,IL,סנו אינסטלטור פותח ס,מיליליטרים,200.00,"100 מ""ל",false,,13.60,6.8000,true,1,29946
7290011877866,false,אבקת כביסה סנו מקסימה בניחוח Musk,"איי, בי, אינבוו",IL,אבקת כביסה סנו מקסימ,קילוגרמים,6.00,"ק""ג",false,,42.60,7.1000,true,1,29947
7290011931162,false,סוכרלייט ממתיק נוזלי על בסיס סוכרלוז,אף.סי תבליני בגליל ב,IL,סוכרלייט נוזלי 220מל,מיליליטרים,220.00,"100 מ""ל",false,,23.80,10.8182,true,1,22074
7290011947309,false,זיתים מצוננים סורי מבוקע ולימון כבוש זיתא 230 ג',זיתא – י.ט.ב תעשיות,IL,זית סורי מבוקע עם לי,גרמים,215.00,100 גרם,false,,9.40,4.3721,true,1,24469
7290011947316,false,זיתא זיתי קלמטה בשמן זית כתית מעולה 215ג,זיתא - י.ט.ב תעשיות,IL,זיתי קלמטה זיתא 215,גרמים,215.00,100 גרם,false,,9.40,4.3721,true,1,24470
7290011947743,false,זיתים זיתא מיקס זית ירוק וזית קלמטה 215 גרם,זיתא - י.ט.ב תעשיות,IL,מיקס זית ירוק וזית ק,גרמים,215.00,100 גרם,false,,9.40,4.3721,true,1,24491
7290011947781,false,מיקס זית ירוק וזית קלמטה ללא גלעין עם שמן זית 190 ג',זיתא - י.ט.ב תעשיות,IL,מיקס זית ירוק קלמטה,גרמים,190.00,100 גרם,false,,11.90,6.2632,true,1,117397
7290011947798,false,זית קלמטה ללא גלעין עם שמן זית כתית 190 ג',זיתא - י.ט.ב תעשיות,IL,זית קלמטה ללא גלעין,גרמים,190.00,100 גרם,false,,11.90,6.2632,true,1,117398
7290011964344,false,תבלין שום גבישי 120 ג',"תבליני טעם וריח בע""מ",IL,שום גבישי 120 גר' במ,גרמים,120.00,100 גרם,false,,9.30,7.7500,true,1,41992
7290011964658,false,תבלין מלח לימון טעם,"תבליני טעם וריח בע""מ",IL,תבלין מלח לימון טעם,גרמים,170.00,100 גרם,false,,10.00,5.8824,true,1,41998
7290011964702,false,תבלין תיבול לשווארמה ללא מונוסו' 100ג',"תבליני טעם וריח בע""מ",IL,תבלין לשווארמה ללא מ,גרמים,100.00,100 גרם,false,,9.70,9.7000,true,1,42001
7290012001994,false,חרדל דיז'ון גרעינים 350 ג' ריין דיזון,ריין דיז'ון reine dijon,FR,חרדל דיגון גרעינים 3,גרמים,350.00,100 גרם,false,,9.30,2.6571,true,1,5332
7290012022203,false,קליליות חיטה מלאה די,דילייט 2005,IL,קליליות חיטה מלאה די,גרמים,100.00,100 גרם,false,,11.90,11.9000,true,1,31318
7290012022227,false,קליליות חיטה טעם טבעי,דילייט 2005,IL,קליליות בטעם טבעי די,גרמים,60.00,100 גרם,false,,10.00,16.6667,true,1,31319
7290012086113,false,עגבניות שרי צימן קופסא 500ג',מרינה,IL,עגבניות שרי,גרמים,500.00,100 גרם,false,,9.90,1.9800,true,1,50518
7290012116063,false,"כיף אל סבון פיות בתמציות קמומיל 750 מ""ל",טרופיקל דגיל תעשיות,IL,אל סבון כיף פיות בתמ,מיליליטרים,750.00,"100 מ""ל",false,,10.20,1.3600,true,1,29955
7290012116261,false,"500 מ""ל גל לניקוי ידיים סנו מדיק 500 מ""ל",גוד פוד פרודקטס S.p,IL,"סנו מדיק ג'ל 500 מ""ל",מיליליטרים,500.00,"100 מ""ל",false,,17.00,3.4000,true,1,55545
7290012116537,false,"סנו מקסימה אבקת כביסה 2.5 ק""ג מאסק",טרופיקל דגיל תעשיות,IL,אבקת כביסה סנו מקסימ,קילוגרמים,2.50,"ק""ג",false,,23.00,9.2000,true,1,29961
7290012117091,false,אבקת -כביסה סנו מקסימה סנסיטיב 6 קג,סנו מקסימה,IL,אבקת כביסה סנו מקסימ,קילוגרמים,6.00,"ק""ג",false,,42.60,7.1000,true,1,29976
7290012117275,false,נוזל רב תכליתי לניקוי ולהברקה מילוי,טרופיקל דגיל תעשיות,IL,סנוקליר שקית מילוי 7,מיליליטרים,750.00,"100 מ""ל",false,,5.90,0.7867,true,1,29979
7290012117350,false,סנו ריצפז פרש 2 ליטר לילך לבנדר,"סנו מפעלי ברונוס בע""",IL,ריצפז פרש לילך לבנדר,ליטרים,2.00,ליטר,false,,16.20,8.1000,true,1,29980
7290012117428,false,"קרמה מן שמפו+גל רחצה 2 ב1 700 מ""ל מעינות",טרופיקל דגיל תעשיות,IL,שמפו וג'ל רחצה לגבר,מיליליטרים,700.00,"100 מ""ל",false,,16.20,2.3143,true,1,29986
7290012117435,false,"קרמה - שמפו וג'ל רחצה 2 ב-1 אלוורה 700 מ""ל",טרופיקל דגיל תעשיות,IL,שמפו וג'ל רחצה אלוור,מיליליטרים,700.00,"100 מ""ל",false,,16.20,2.3143,true,1,29987
7290012117534,false,סנו - מקסימה מרכך כביסה מרוכז קול 1 ליטר,"סנו מפעלי ברונוס בע""",IL,סנו מקסימה מרכך קומפ,יחידה,0.00,יחידה,false,,16.20,0.0000,true,1,29989
7290012117541,false,מרכך כביסה מקסימה קומפקט צהוב 1 ל' סנו,סנו מקסימה,IL,סנו מקסימה מרכך קומפ,יחידה,0.00,יחידה,false,,16.20,0.0000,true,1,29990
7290012117572,false,כפפות לטקס 100 יח' - M סנו סושי,סנו סושי,TH,M סנו סושי כפפות לטק,יחידה,0.00,יחידה,false,,38.40,0.0000,true,1,29993
7290012117589,false,כפפות לטקס 100 יח' - L סנו סושי,סנו סושי,TH,L סנו סושי כפפות לטק,יחידה,0.00,יחידה,false,,38.40,0.0000,true,1,29994
7290012191053,true,המנגליסט גפרור ארוך,,,המנגליסט גפרור ארוך,יחידה,0.00,יחידה,false,,5.00,0.0000,true,1,136494
7290012191084,false,המנגליסט גפרורים עשי,,IN,המנגליסט גפרורים עשי,יחידה,0.00,יחידה,false,,2.50,0.0000,true,1,7887
7290012193125,false,ממתיק על בסיס סוכרלוז - טבליות,מיוצר עי קונדיטוריית,CN,מרמולייט סוכרלוז 150,גרמים,150.00,100 גרם,false,,20.40,13.6000,true,1,5901
7290012193163,false,סבון נוזלי פמלי לקשרי פריחת הדובדבן 1 ל,אף.סי תבליני בגליל ב,TR,אלסבון פרחי בר ורוד+,ליטרים,1.00,ליטר,false,,9.30,9.3000,true,1,5902
7290012226021,false,סלמי מעושן פראג יבש 400 ג' זוגלובק,זוגלובק,IL,סלמי מעושן פראג יבש,גרמים,400.00,100 גרם,false,,14.40,3.6000,true,1,38583
7290012226120,false,מב זוגלובק קבנוס 135,זוגלובק,IL,*מבצע* זוגלובק קבנוס,גרמים,135.00,100 גרם,false,,8.50,6.2963,true,1,38584
7290012226939,false,קבנוס עם צ'ילי חריף 135ג' זוגלובק,זוגלובק,IL,*מבצע* זוגלובק קבנוס,גרמים,135.00,100 גרם,false,,8.50,6.2963,true,1,38593
7290012227325,false,סלמי דק דק מעושן איטלקי 120 ג' זוגלובק,זוגלובק,IL,זוגלובק סלמי מעושן ד,גרמים,120.00,100 גרם,false,,10.20,8.5000,true,1,38606
7290012227912,false,קבנוס עודן 135 ג' זוגלובק,זוגלובק,IL,*מבצע* קבנוס מעודן,גרמים,135.00,100 גרם,false,,8.50,6.2963,true,1,38628
7290012227974,false,פסטרמה הודו בדבש טהור דק דק דק,זוגלובק,IL,זוגלובק פסטרמה בדבש,גרמים,120.00,100 גרם,false,,10.20,8.5000,true,1,38629
7290012227981,false,פסטרמה דק דק ברביקיו 120 ג' זוגלובק,זוגלובק,IL,פסטרמה ברביקיו זוגלו,גרמים,120.00,100 גרם,false,,10.20,8.5000,true,1,38630
7290012228124,false,קבנוס סטיקס עם נגיעות מלח ים סדרת ריינהולד'ס,זוגלובק,IL,קבנוס סטיקס 50 גר'.,גרמים,50.00,100 גרם,false,,8.50,17.0000,true,1,38634
7290012313141,false,מלפפון פרוס במלח A2 ק.יבנה 540ג',אף.סי תבליני בגליל ב,IL,פרוסות מלפפון במלח י,גרמים,540.00,100 גרם,false,,5.56,1.0296,true,1,44319
7290012313240,false,יבנה זיתים מיקס ירוק וקלמטה 560 גר',קבוצת יבנה,,מיקס זית ירוק וקלמטה,גרמים,560.00,100 גרם,false,,9.40,1.6786,true,1,112512
7290012372100,false,"קמח חיטה מלא 80% 1 ק""ג רובינפלד",,,קמח חיטה 80% רובינפל,קילוגרמים,1.00,"ק""ג",false,,9.40,9.4000,true,1,36388
7290012372117,false,"קמח 100% רובינפלד 1ק""ג",,,קמח חיטה מלא 100% רו,קילוגרמים,1.00,"ק""ג",false,,9.40,9.4000,true,1,36389
7290012372155,false,"קמח כוסמין 80% 1ק""ג רובינפלד",,,קמח כוסמין 80% רובינ,קילוגרמים,1.00,"ק""ג",false,,14.50,14.5000,true,1,36391
7290012372209,false,"קמח חיטה לבן 1 ק""ג רובינפלד",,,קמח חיטה לבן מנופה ר,קילוגרמים,1.00,"ק""ג",false,,6.80,6.8000,true,1,246335
7290012372247,false,"קמח כוסמין לבן 1 ק""ג רובינפלד",,,קמח כוסמין לבן רובינ,קילוגרמים,1.00,"ק""ג",false,,14.50,14.5000,true,1,246376
7290012413643,false,תה ירוק קמומיל 25 שקיקים ויסוצקי,ויסוצקי ירוק,IL,תה ירוק קמומיל T.Tשמ,גרמים,37.50,100 גרם,false,,20.40,54.4000,true,1,24497
7290012454172,false,סוכריות ללא סוכר בטעם יוגורט- תות שדה,מיה תעשיות מזון,IL,סוכריות ללא סוכר בטע,גרמים,80.00,100 גרם,false,,5.00,6.2500,true,1,14890
7290012454189,false,סוכריות ללא סוכר בטעם יוגורט- אפרסק,מיה תעשיות מזון,IL,סוכריות ללא סוכר מיה,גרמים,80.00,100 גרם,false,,5.00,6.2500,true,1,14891
7290012454202,false,סוכריות ריבת חלב ללא סוכר 80גרם,מיה תעשיות מזון,IL,סוכריות ללא סוכר מיה,גרמים,80.00,100 גרם,false,,5.00,6.2500,true,1,14893
7290012522581,false,טבעול שניצל תירס ללא גלוטן טבעול 664 גרם,עיצובים 2020 (4.8),IL,טבעול שניצל תירס ללא,גרמים,664.00,100 גרם,false,,17.00,2.5602,true,1,19566
7290012561313,false,דורות בצל מטוגן 400 גרם,עיצובים 2020 (3.8),IL,בצל מטוגן דורות 400,גרמים,400.00,100 גרם,false,,14.50,3.6250,true,1,166211
7290012561405,false,בצל חצי מטוגן דורות 180 גרם,עיצובים 2020 (3.8),IL,בצל חצי מטוגן דורות,גרמים,180.00,100 גרם,false,,9.00,5.0000,true,1,19570
7290012576362,false,יין ספיישל רזרב קברנה סוביניון 750 מל,יקבי ברקן שיווק והפצ,IL,קברנה סוביניון ספייש,מיליליטרים,750.00,"100 מ""ל",false,,51.30,6.8400,true,1,237132
7290012576591,false,"יין רזרב גוורצטרמינר 750 מ""ל שביעית",יקבי ברקן שיווק והפצ,IL,רזרב גוורצטרמינר 750,מיליליטרים,750.00,"100 מ""ל",false,,36.80,4.9067,true,1,9529
7290012576614,false,יין Premieur לבן חצי יבש אמרלד ריזלינג קולומברד,יקבי ברקן שיווק והפצ,IL,ברקן יין פרמייר לבן,מיליליטרים,750.00,"100 מ""ל",false,,23.10,3.0800,true,1,9531
7290012645112,false,"יוגורט עיזים בדלי חלב הארץ 750מ""ל",מחלבות סוסיא,IL,יוגורט עיזים בדלי 75,מיליליטרים,750.00,"100 מ""ל",false,,16.20,2.1600,true,1,23122
7290012645181,false,לאבנה עיזים 5% חלב הארץ 200 גרם,חלב הארץ,IL,לאבנה עיזים 5% חלב ה,גרמים,200.00,100 גרם,false,,11.90,5.9500,true,1,261398
7290012645280,false,"יוגורט כבשים טבעי 2.8% בגביע חלב הארץ 150מ""ל",מחלבות סוסיא,IL,יוגורט כבשים בסגנון,מיליליטרים,150.00,"100 מ""ל",false,,5.10,3.4000,true,1,23127
7290012645297,false,סוסיא יוגורט עיזים ביו 2.8% ט.טבעי 150מל,מחלבות סוסיא,IL,סוסיא יוגורט עיזים ב,מיליליטרים,150.00,"100 מ""ל",false,,4.20,2.8000,true,1,23128
7290012645389,false,יוגורט עיזים טבעי חלב הארץ 1 ל',מחלבות סוסיא,IL,חלב הארץ יוגורט ביו,ליטרים,1.00,ליטר,false,,18.80,18.8000,true,1,23131
7290012803215,false,וופל בלגי בטעם שוקולד ללא תוספת סוכר,בטר אנד דיפרנט,IL,טוסו וופל בלגי שוקול,גרמים,200.00,100 גרם,false,,8.10,4.0500,true,1,5917
7290012803222,false,וופל בלגי בטעם לימון ללא תוספת סוכר,בטר אנד דיפרנט,IL,טוסו וופל בלגי לימון,גרמים,200.00,100 גרם,false,,8.10,4.0500,true,1,5918
7290012803321,false,מרמולייט סוכרלוז 200 שקיות אישיות,מרמולייט,IL,מרמולייט סוכרלוז 200,גרמים,200.00,100 גרם,false,,39.90,19.9500,true,1,5920
7290012803451,false,שוקולד מריר מעולה 62% ללא תוספת סוכר,טוסו tusso,TR,טוסו שוקלד מריר 62%,גרמים,100.00,100 גרם,false,,7.70,7.7000,true,1,5922
7290012803765,false,טבלאת שוקולד מריר 100 גרם -טוסו,אלטינמארקה גידה סאן,TR,טוסו שוקלד מריר 100ג,גרמים,100.00,100 גרם,false,,7.70,7.7000,true,1,5932
7290012803772,false,שוקולד חלב ללא תוספת סוכר,אלטינמארקה גידה סאן,TR,טוסו שוקלד חלב 100ג,גרמים,100.00,100 גרם,false,,7.70,7.7000,true,1,5933
7290012823251,false,אל סבון כיף יסמין לבנדר 1 ליטר,קוסמופארם,IL,אל סבון יסמין לבנדר,ליטרים,1.00,ליטר,false,,11.00,11.0000,true,1,30032
7290012823381,false,מרכך כביסה מקסימה סנסיטיב מרוכז ורוד 1 ל' סנו,"סנו מפעלי ברונוס בע""",IL,סנו מקסימה סנסטיב מר,יחידה,0.00,יחידה,false,,16.20,0.0000,true,1,30034
7290012823398,false,מטליות חד פעמיות לניקוי הרצפה בניחוח מרכך כביסה 10יח' סנו,סנו מפעלי ברונו בעמ,IL,ריצפז מטליות לחות בנ,יחידה,0.00,יחידה,false,,10.20,0.0000,true,1,30035
7290012823916,false,גל כביסה סנו מקסימ מרוכז קריסטל נואר 5 ל,סנו מקסימה,IL,מקסימה ג'ל כביסה קרי,ליטרים,5.00,ליטר,false,,40.90,8.1800,true,1,30055
7290012823923,false,מרכך כביסה סופר מרוכז פרפיום גולדן סנרייז,סנו מפעלי ברונוס בעמ,IL,סנו מקסימה מרכך פרפי,מיליליטרים,750.00,"100 מ""ל",false,,16.20,2.1600,true,1,30056
7290012823947,false,"סנו - מרכך כביסה מרוכז פרפיום קריסטל נואר 750 מ""ל",מיוצר עי קונדיטוריית,IL,סנו מקסימה מרכך פרפי,מיליליטרים,750.00,"100 מ""ל",false,,16.20,2.1600,true,1,30058
7290012838026,false,עוגיות מלוחות עדי 35,,,עוגיות מלוחות עדי 35,גרמים,350.00,100 גרם,false,,13.60,3.8857,true,1,241377
7290012884986,false,תפוגן ציפס לתנור עד 4% שומן 1.5 קג,"תעשיות תפוגן בע""מ",IL,תפוגן ציפס לתנור עד,קילוגרמים,1.50,"ק""ג",false,,21.30,14.2000,true,1,19576
7290012921032,false,"בירה מלכה אדמונית 330 מ""ל",בירה מלכה בעמ,IL,מלכה בוטיק בירה אדמו,מיליליטרים,330.00,"100 מ""ל",false,,11.10,3.3636,true,1,7350
7290012921056,false,מלכה בוטיק בירה חיטה,מבשלת בירה ישראלית,IL,מלכה בוטיק בירה חיטה,מיליליטרים,330.00,"100 מ""ל",false,,11.10,3.3636,true,1,7351
7290012931611,false,שייני כריות ברזל שלשייה,מ.א ייצור ושיווק מטל,CN,כריות ברזל שלישייה,יחידה,0.00,יחידה,false,,5.00,0.0000,true,1,13519
7290012936913,false,תבלינים סומק בצנצנת 40 גרם,,,סומק צנצנת זכוכית 40,גרמים,45.00,100 גרם,false,,10.20,22.6667,true,1,353
7290012936937,false,תבלינים בהרט בצנצנת 40 גרם,א.ל ייצור ושיווק תבל,IL,מימון בהרט 40 גרם,גרמים,50.00,100 גרם,false,,10.20,20.4000,true,1,355
7290012938405,false,דיימונד רדיד אלומיניום עבה במיוחד 7 מטר,ריינולדס,US,דאיימונד נייר כסף 87,מטרים,7.60,מטר,false,,15.00,1.9737,true,1,3876
7290012938597,false,"סנסודיין משחת שיניים רפיד רליף 75 מ""ל","סמיתקליין ביצ'ם בע""מ",SK,משחת שיניים רפיד רלי,מיליליטרים,75.00,"100 מ""ל",false,,20.40,27.2000,true,1,3879
7290012938740,false,"משחת שיניים פרש מינט מנטה 75מ""ל סנסודיין",גלקסו סמית קליין,GB,משחת שיניים פרש מינט,מיליליטרים,75.00,"100 מ""ל",false,,18.80,25.0667,true,1,3881
7290012962448,false,"מדליק פחם נוזלי 250 מ""ל עם פקק ביטחון EASY LIGHT",איזי לייט Easy light,,מדליק פחם נוזלי 250,מיליליטרים,250.00,"100 מ""ל",false,,9.90,3.9600,true,1,972
7290012962684,false,"הוסטס שקיות צליה ג'מבו 50X35 ס""מ בקופסה 5 יח'",הוסטס Hostess,TR,שקיות צליה ג`מבו 5 י,יחידה,0.00,יחידה,false,,4.20,0.0000,true,1,979
7290012962912,false,כפפות ניטריל סייף טא,,,כפפות ניטריל סייף טא,יחידה,0.00,יחידה,false,,23.90,0.0000,true,1,250344
7290012962943,false,כפפות ניטריל סייף טא,,,כפפות ניטריל סייף טא,יחידה,0.00,יחידה,false,,23.90,0.0000,true,1,250572
7290013010001,false,עגבניות מרוסקות פרי מבורך 240 גרם,זנלכל,IL,עגבניות מרוסקות פרי,גרמים,260.00,100 גרם,false,,4.70,1.8077,true,1,8711
7290013027399,false,לחם קמח מלא קל בתוספת שיפון 750 ג' אנג'ל,מאפיית שלמה א. אנג'ל,IL,לחם 100 בתוספת שיפון,גרמים,750.00,100 גרם,false,,11.90,1.5867,true,1,35250
7290013083661,false,תרכובת מזון המשך לפעוטות שלב 1 Extra Care,מטרנה תעשיות ש.מ,IL,מטרנה אקסטרה קר חסכו,גרמים,700.00,100 גרם,false,,50.40,7.2000,true,1,18529
7290013083678,false,תרכובת מזון המשך לפעוטות שלב 2 Extra Care,מולינו ניקולי s.p.a,IL,מטרנה אקסטרה קר שלב,גרמים,700.00,100 גרם,false,,50.40,7.2000,true,1,18530
7290013083685,false,תרכובת מזון המשך לפעוטות שלב 3 Extra Care,מטרנה תעשיות ש.מ,IL,מטרנה אקסטרה קר שלב,גרמים,700.00,100 גרם,false,,50.40,7.2000,true,1,18531
7290013117212,false,בורקס פילו במילוי גבינה מעדנות 600 גר,מיוצר עי קונדיטוריית,IL,בורקס פילו גבינה מעד,גרמים,600.00,100 גרם,false,,16.20,2.7000,true,1,35405
7290013117229,false,"בורקס פילו במילוי תפו""א מעדנות 600 גר",מיוצר עי קונדיטוריית,IL,בורקס פילו תפוא מעדנ,גרמים,600.00,100 גרם,false,,16.20,2.7000,true,1,35406
7290013117236,false,בורקס פילו פיצה מעדנות 600 ג',מיוצר עי קונדיטוריית,IL,בורקס פילו פיצה מעדנ,גרמים,600.00,100 גרם,false,,16.20,2.7000,true,1,35407
7290013117243,false,בורקס פילו בולגרית מעדנות 600 ג',מיוצר עי קונדיטוריית,IL,בורקס פילו בולגרית מ,גרמים,600.00,100 גרם,false,,16.20,2.7000,true,1,35408
7290013117410,false,בצק פריך מרודד למאפים מתוקים 900 ג' מעדנות,מיוצר עי קונדיטוריית,IL,מעדנות בצק פריך מרוד,גרמים,900.00,100 גרם,false,,17.00,1.8889,true,1,35410
7290013117427,false,בצק פריך מרודד למאפים מלוחים 900 ג' מעדנות,מיוצר עי קונדיטוריית,IL,מעדנות בצק פריך מרוד,גרמים,900.00,100 גרם,false,,17.00,1.8889,true,1,35411
7290013117526,false,מעדנות בצק שמרים למאפים מתוקים 900 גרם,"מעדנות בע""מ",IL,מעדנות בצק שמרים למא,גרמים,900.00,100 גרם,false,,17.00,1.8889,true,1,35414
7290013121103,false,רביעיית שליש בגט ללא גלוטן 400 גר,אביב קונדיטוריה מעול,IL,שליש בגט 4 יחידות גר,גרמים,400.00,100 גרם,false,,14.00,3.5000,true,1,49292
7290013121158,false,רביעיית לחמניות סנדויץ 460 גר קפוא,אביב קונדיטוריה מעול,IL,רביעיית לחמניות סנדב,גרמים,460.00,100 גרם,false,,15.30,3.3261,true,1,49297
7290013121165,false,שישיית לחמניות ללא גלוטן 460 גר קפוא,אביב קונדיטוריה מעול,IL,"לחמניות נקניקיה כשל""",גרמים,460.00,100 גרם,false,,15.30,3.3261,true,1,49298
7290013144140,false,תערובת להכנת סופגניות מימונס 600 ג',מיוצר עי קונדיטוריית,IL,מימונס תערובת לסופגנ,גרמים,600.00,100 גרם,false,,15.00,2.5000,true,1,15114
7290013144171,false,תערובת עוגת שוקולד מימונס 560 ג',מיוצר עי קונדיטוריית,IL,תערובת עוגת שוקולד 5,גרמים,560.00,100 גרם,false,,13.60,2.4286,true,1,15117
7290013144218,false,תערובת עוגת וניל מימונס 560 ג',מיוצר עי קונדיטוריית,IL,תערובת עוגת וניל 560,גרמים,560.00,100 גרם,false,,13.60,2.4286,true,1,15121
7290013144232,false,פודינג בטעם וניל מימונס 80 ג',מיוצר עי קונדיטוריית,IL,פודינג וניל מימונס 8,גרמים,80.00,100 גרם,false,,4.20,5.2500,true,1,15123
7290013144393,false,"תמצית בטעם וניל מימונס 50 מ""ל",מיוצר עי קונדיטוריית,IL,תמצית בטעם וניל 50גר,גרמים,50.00,100 גרם,false,,3.80,7.6000,true,1,15132
7290013144416,false,"תמצית בטעם שקדים מימונס 50 מ""ל",מיוצר עי קונדיטוריית,IL,תמציתבטעם שקדים 50גר,גרמים,50.00,100 גרם,false,,3.80,7.6000,true,1,15134
7290013144508,false,"תמצית בטעם ורדים מימונס 50 מ""ל",מיוצר עי קונדיטוריית,IL,תמצית בטעם ורדים 50ג,מיליליטרים,50.00,"100 מ""ל",false,,7.70,15.4000,true,1,15136
7290013144515,false,צבע מאכל צהוב מימונס 50 ג',מיוצר עי קונדיטוריית,IL,צבע מאכל צהוב 50גר,גרמים,50.00,100 גרם,false,,3.80,7.6000,true,1,15137
7290013144539,false,צבע מאכל אדום מימונס 50 ג',מיוצר עי קונדיטוריית,IL,צבע מאכל אדום 50גר,גרמים,50.00,100 גרם,false,,3.80,7.6000,true,1,15139
7290013144751,false,מימונס סירופ בטעם מייפל 500 מל,מימונס אפיה,IL,מימונס סירופ בטעם מי,מיליליטרים,500.00,"100 מ""ל",false,,11.90,2.3800,true,1,15142
7290013144911,false,מימונס מיקס שוקולד צ'יפס מריר וחלב 250 גרם,,IL,מיקס שוקולד צ'יפס מר,גרמים,250.00,100 גרם,false,,12.80,5.1200,true,1,320449
7290013144980,false,תרסיס שמן קנולה מימונס 170 גרם,מולינו ניקולי s.p.a,FI,תרסיס שמן קונולה מימ,גרמים,170.00,100 גרם,false,,13.60,8.0000,true,1,15146
7290013145055,false,פרג שלם מימונס 100 גר',מימונס אפיה,IL,פרג שלם 100גר,גרמים,100.00,100 גרם,false,,5.90,5.9000,true,1,15152
7290013145062,false,"סירופ מייפל אמיתי 100% מימונס 187 מ""ל",,,סירופ מייפל אמיתי %1,מיליליטרים,187.00,"100 מ""ל",false,,17.00,9.0909,true,1,15153
7290013145116,false,שקד מולבן מקלות מימונס 100 גר',מימונס אפיה,IL,מימונס שקד מולבן מקל,גרמים,100.00,100 גרם,false,,11.00,11.0000,true,1,15157
7290013145123,false,שקד מולבן פרוס מימונס 100 גר',מימונס אפיה,IL,מימונס שקד מולבן פרו,גרמים,100.00,100 גרם,false,,11.00,11.0000,true,1,15158
7290013145178,false,קוקוס טחון לבן מימונס 100 ג',מימונס אפיה,IL,קוקוס טחון לבן 100 ג,גרמים,100.00,100 גרם,false,,4.20,4.2000,true,1,15162
7290013145192,false,שומשום מימונס 100 ג',מימונס אפיה,IL,שומשום 100גר,גרמים,100.00,100 גרם,false,,4.20,4.2000,true,1,15163
7290013145277,false,עלים לקרמשניט 300 גר מימונס,מימונס אפיה,IL,עלים לקרמשניט 300 גר,גרמים,300.00,100 גרם,false,,13.60,4.5333,true,1,15166
7290013145390,false,מימונס שוקולד צ'יפס מהדרין 250 גר,אינטרגטה תעשיות מזון,IL,מימונס שוקולד ציפס מ,גרמים,250.00,100 גרם,false,,7.60,3.0400,true,1,15168
7290013145437,false,שוקולד מריר מעולה ציפס מימונס 250 ג',הנסיך- מפעל לייצור ט,IL,מימונס שוקולד ציפס 4,גרמים,250.00,100 גרם,false,,11.10,4.4400,true,1,15171
7290013145536,false,סוכריות בטעם שוקולד לקישוט מימונס 85 ג',,,סוכריות בטעם שוקולד,גרמים,90.00,100 גרם,false,,4.70,5.2222,true,1,15176
7290013145567,false,מיני מיני עדשים מימונס 90 ג',מיוצר עי קונדיטוריית,IL,מיני מיני עדשים 90גר,גרמים,90.00,100 גרם,false,,9.00,10.0000,true,1,15177
7290013145574,false,ערכה לקישוט מימונס 100 ג',א.ל ייצור ושיווק תבל,IL,ערכה לקישוט 100 גרם.,גרמים,100.00,100 גרם,false,,9.30,9.3000,true,1,15178
7290013145628,false,סוכריות צבעוניות לקישוט מימונס 200 ג',א.ל ייצור ושיווק תבל,IL,סוכריות צבעוניות לקי,גרמים,200.00,100 גרם,false,,7.60,3.8000,true,1,15180
7290013145710,false,דובדבנים מסוכרים מימונס 100 ג',מיוצר עי קונדיטוריית,IL,דובדבנים מסוכרים 100,גרמים,100.00,100 גרם,false,,8.50,8.5000,true,1,15186
7290013145826,false,פודניג בטעם וניל לבן במיוחד מימונס 80 ג',א.ל ייצור ושיווק תבל,IL,מימונס פודינג בטעם ו,גרמים,80.00,100 גרם,false,,3.40,4.2500,true,1,15192
7290013145833,false,פודינג שוקולד אמיתי מימונס 95 ג',א.ל ייצור ושיווק תבל,IL,מימונס פודינג שוקולד,גרמים,95.00,100 גרם,false,,3.40,3.5789,true,1,15193
7290013145840,false,סוכר וניל מימונס 10* 10 ג',מיוצר עי קונדיטוריית,IL,מימונס סוכר וניל 10*,גרמים,100.00,100 גרם,false,,2.10,2.1000,true,1,15194
7290013145857,false,אבקת אפייה 10 יח' בצלופן,מימונס אפיה,IL,אבקת אפיה 10* 10 גרם,גרמים,100.00,100 גרם,false,,2.10,2.1000,true,1,15195
7290013145871,false,שמרים יבשים סטיק מימונס 5*11 ג',מימונס אפיה,IL,מימונס שמרים יבשים 5,גרמים,55.00,100 גרם,false,,9.00,16.3636,true,1,15197
7290013145901,false,סודה לשתיה מימונס 100 ג',מימונס אפיה,IL,סודה לשתיה 100 גרם,גרמים,100.00,100 גרם,false,,1.70,1.7000,true,1,15198
7290013145949,false,אבקת סוכר באריזת פטנט 250גר,מיוצר עי קונדיטוריית,IL,אבקת סוכר באריזת פטנ,גרמים,250.00,100 גרם,false,,13.60,5.4400,true,1,15201
7290013145956,false,שמרים יבשים בוואקום מימונס 500 ג',הנסיך- מפעל לייצור ט,CN,מימונס שמרים יבשים ב,גרמים,500.00,100 גרם,false,,11.00,2.2000,true,1,15202
7290013145963,false,שמרים יבשים בוואקום מימונוס 125 ג',מימונס אפיה,CN,מימונס שמרים יבשים ב,גרמים,125.00,100 גרם,false,,4.70,3.7600,true,1,15203
7290013145970,false,קורנפלור מימונס בשקית 200 ג',א.ל ייצור ושיווק תבל,IL,מימונס קורנפלור 200,גרמים,200.00,100 גרם,false,,3.30,1.6500,true,1,15204
7290013146021,false,מלית תפוח עץ עם קינמון לדברי מאפה 400 ג',,,מלית תפוח עץ 70% פרי,גרמים,400.00,100 גרם,false,,13.60,3.4000,true,1,15208
7290013146199,false,מלית קרם נוגט 350 גרם מימונס,הנסיך- מפעל לייצור ט,IL,מימונס קרם נוגט 350,גרמים,400.00,100 גרם,false,,13.60,3.4000,true,1,15213
7290013146243,false,פודינג בטעם וניל מימונס 320 גרם,,IL,פודינג בטעם וניל 320,גרמים,320.00,100 גרם,false,,16.20,5.0625,true,1,292043
7290013146298,false,טארטלטים תחתיות בצק פריך אפויות למילוי מימונס 120 ג',א.ל ייצור ושיווק תבל,IL,טארטלטים-תחתיות בצק,גרמים,120.00,100 גרם,false,,17.10,14.2500,true,1,15215
7290013146304,false,קורנפלור 500 גרם מימונס.,,,מימונס קורנפלור 500,גרמים,500.00,100 גרם,false,,5.90,1.1800,true,1,15216
7290013146403,false,סירופ בטעם קרמל מלוח מימונס 500 גרם,TLV צ'יף,IL,סירופ בטעם קרמל מלוח,גרמים,500.00,100 גרם,false,,14.40,2.8800,true,1,15217
7290013146762,false,מימונס קצפת 24% 200 גרם,,IL,קצפת לזילוף 24% שומן,גרמים,500.00,100 גרם,false,,5.90,1.1800,true,1,185303
7290013153418,false,פריגת סחוט לימונענע 1ל',פריגת מצוננים,IL,פריגת מצונן סחוט לימ,יחידה,0.00,יחידה,false,,13.60,0.0000,true,1,6429
7290013153593,false,מיץ תפוזים מתקתק 1 ליטר,"גת גבעת חיים,",IL,פריגת סחוט תפוזים מת,ליטרים,1.00,ליטר,false,,10.20,10.2000,true,1,6437
7290013156006,false,עוגיות כעכים לקפה מרוקאיות 200גר,,,עוגיות מרוקאיות גיק,גרמים,350.00,100 גרם,false,,14.40,4.1143,true,1,225567
7290013156228,false,מרנג צילינדר אלף נשי,,,מרנג צילינדר אלף נשי,גרמים,100.00,100 גרם,false,,17.00,17.0000,true,1,225602
7290013156914,false,עוגיות כעך טוניסאי ג,,,עוגיות כעך טוניסאי ג,גרמים,350.00,100 גרם,false,,14.40,4.1143,true,1,225570
7290013203182,false,שרי מנומר -ליקופן,,,שרי מנומר -ליקופן,גרמים,200.00,100 גרם,false,,9.90,4.9500,true,1,50519
7290013220103,false,דובדבן קפוא 500 גרם,א.מ שרון,PL,דובדבן קפוא 500 גרם,גרמים,500.00,100 גרם,false,,17.10,3.4200,true,1,51190
7290013220127,false,דומדמנית שחורה קפוא,א.מ שרון,PL,דומדמנית שחורה 500 ג,גרמים,500.00,100 גרם,false,,17.10,3.4200,true,1,51192
7290013220318,false,חמוצית קפוא 400 גרם,א.מ שרון,PL,חמוציות יער 400 גרם,גרמים,400.00,100 גרם,false,,17.10,4.2750,true,1,51195
7290013220349,false,דומדמנית קפוא 500 גר,א.מ שרון,PL,דומדמנית אדומה 500 ג,גרמים,500.00,100 גרם,false,,17.10,3.4200,true,1,51196
7290013220899,false,תות שדה קפוא 500 גרם,א.מ שרון,PL,תות שדה קפוא 500 גרם,גרמים,500.00,100 גרם,false,,17.10,3.4200,true,1,51199
7290013268020,false,סנו - מקסימה מרכך כביסה מרוכז אולטרה פרש 1 ליטר,"סנו מפעלי ברונוס בע""",IL,סנו מקסימה אולטרא פר,יחידה,0.00,יחידה,false,,16.20,0.0000,true,1,30060
7290013268037,false,סנו מקסימה מרכך כביסה פצ''ולי מרוכז סגול 1 ל',סנו מקסימה,IL,סנו מקסימה פצ'ולי מר,יחידה,0.00,יחידה,false,,16.20,0.0000,true,1,30061
7290013268242,false,תרכיז ריחני לניקוי רצפות בריח מלון מפנק ריצפז פרש,"סנו מפעלו ברונוס בע""",IL,ריצפז פרש הום בניחוח,ליטרים,2.00,ליטר,false,,18.70,9.3500,true,1,30068
7290013268563,false,"קרמה - דאודורנט ספריי לגבר ללא אלומיניום כחול קול 200 מ""ל",מיוצר עי אמיליה קוסמ,IL,דאודורנט ספרי קרמה מ,מיליליטרים,200.00,"100 מ""ל",false,,11.90,5.9500,true,1,30079
7290013268839,false,סנו פוליויקס פרקט בריח מלון חלומי,סנו פוליויקס,IL,סנו פוליויקס פרקט בנ,ליטרים,2.00,ליטר,false,,18.70,9.3500,true,1,30093
7290013268884,false,סנו ריצפז פרש 2 ליטר מאסק,מיוצר עי קונדיטוריית,IL,ריצפז פרש מאסק 2 ליט,ליטרים,2.00,ליטר,false,,16.20,8.1000,true,1,30095
7290013268891,false,מסיר כתמים ג'ל אוקסיג'ן ללא אקונומיקה,"סנו מפעלי ברונוס בע""",IL,סנו אוקסיג'ן 3 ליטר,ליטרים,3.00,ליטר,false,,26.40,8.8000,true,1,30096
7290013268938,false,סנובון סבון אסלה בניחוח מאסק - מארז 3 יח',סנו,IL,סנובון שלישיה מאסק 3,גרמים,195.00,100 גרם,false,,10.20,5.2308,true,1,30099
7290013268983,false,מרכך כביסה סופר מרוכז בבישום עוצמתי סנו מקסימה 1 ל',"סנו מפעלי ברונוס בע""",IL,מקסימה מרכך כביסה בב,יחידה,0.00,יחידה,false,,16.20,0.0000,true,1,153192
7290013268990,false,סנו - מקסימה מרכך כביסה מרוכז ביו 1 ליטר,"סנו מפעלי ברונוס בע""",IL,סנו מקסימה מרכך מרוכ,יחידה,0.00,יחידה,false,,16.20,0.0000,true,1,30100
7290013269003,false,מרכך כביסה סופר מרוכז בייבי לתינוקות ולעור רגיש,"סנו מפעלי ברונוס בע""",IL,סנו מקסימה קר בייבי,ליטרים,1.00,ליטר,false,,17.00,17.0000,true,1,30101
7290013269263,false,ג'ל כביסה מרוכז מקסימה בבישום קריסטל נואר,סנו מפעלי ברונוס בעמ,IL,מקסימה גל כביסה קריס,ליטרים,3.00,ליטר,false,,29.00,9.6667,true,1,30107
7290013269287,false,סנו - מקסימה ג'ל כביסה מרוכז מאסק 3 ליטר,"סנו מפעלי ברונוס בע""",IL,מקסימה מאסק גל כביסה,ליטרים,3.00,ליטר,false,,29.00,9.6667,true,1,30108
7290013269638,false,ספוג הפלא אקסטרה Extra- מארז 6 יח',סנו סושי,US,סנו סושי ספוג הפלא א,יחידה,0.00,יחידה,false,,8.30,0.0000,true,1,30116
7290013269645,false,מטליות לחות לניקוי הרצפה בניחוח מאסק ריצפז פרש,סנו מפעלי ברונוס בעמ,IL,ריצפז פרש מטליות לחו,יחידה,0.00,יחידה,false,,10.20,0.0000,true,1,30117
7290013269690,false,סנובון /פיסגה ג'ל בניחוח לימון-מרכז,Nicolas polandמשווק,PL,סנובון ג'ל אסלה לימו,מיליליטרים,55.00,"100 מ""ל",false,,5.90,10.7273,true,1,30120
7290013269706,false,סנובון ג'ל לניקוי האסלה בניחוח אוקיינוס,סנו,PL,סנובון ג'ל אסלה ריח,מיליליטרים,55.00,"100 מ""ל",false,,5.90,10.7273,true,1,30121
7290013269751,false,מטליות לחותריצפז פרש לניקוי ריצפה בניחות מלון בוטיק 10 יח' סנו,טרופיקל דגיל תעשיות,IL,ריצפז מטליות לחות לנ,יחידה,0.00,יחידה,false,,10.20,0.0000,true,1,30122
7290013269867,false,"סנו סושי זוג מפות שולחן 120*180 ס""מ",מיוצר עי קונדיטוריית,IL,סנו סושי זוג מפות אי,יחידה,0.00,יחידה,false,,7.60,0.0000,true,1,30127
7290013276124,false,"בירה נגב אמבר אייל 330 מ""ל","איי, בי, אינבוו",IL,בירה נגב אמבר אייל ח,מיליליטרים,330.00,"100 מ""ל",false,,11.10,3.3636,true,1,7355
7290013310163,false,מדליק פחם מוצק 40 יח' EASY LIGHT,הדקלאים אגודת שיתופי,DE,איזילייט מדליק פחם מ,יחידה,0.00,יחידה,false,,5.60,0.0000,true,1,1000
7290013358356,false,מאסטר שף - פירורי לחם מוזהבים 320 גרם,מנה י.א בעמ,IL,מאסטר שף פירורי לחם,גרמים,350.00,100 גרם,false,,5.90,1.6857,true,1,21264
7290013358363,false,פירורי לחם פנקו מזוהבים מאסטר שף מנה 300 ג',קריניציה ויטמינה אס,IL,מאסטר שף פירורי לחם,גרמים,300.00,100 גרם,false,,8.50,2.8333,true,1,21265
7290013358370,false,פירורי לחם פנקו מוזהבים שום 300 גרם מנה,"מיוצר ע""י מנה י.א בע",IL,מאסטר שף פירורי לחם,גרמים,300.00,100 גרם,false,,8.50,2.8333,true,1,21266
7290013358417,false,מנה אסייאתי רוטב טריאקי 300 מל מאסטר שף,קריניציה ויטמינה אס,TH,מאסטר שף אסייאתי רוט,מיליליטרים,300.00,"100 מ""ל",false,,11.00,3.6667,true,1,21269
7290013358448,false,"קרוטונים לסלט אקסטרה ארוכים בתיבול שום, בצל ופטרוזיליה",עינת תעשיות מזון אגו,IL,מנה קרוטונים לסלט 4,גרמים,200.00,100 גרם,false,,11.10,5.5500,true,1,21272
7290013358486,false,מאסטר שף פירורי לחם ללא צורך בביצה 300 ג,"מיוצר ע""י מנה י.א בע",IL,מאסטר שף פירורים מו,גרמים,300.00,100 גרם,false,,5.90,1.9667,true,1,21274
7290013358493,false,מנה אסייאתי קרם קוקוס פחית 400 מל מ.שף,תאי קוקונט פבליק קומ,TH,מאסטר שף אסייאתי קרם,מיליליטרים,400.00,"100 מ""ל",false,,8.50,2.1250,true,1,21275
7290013358530,false,מאסטר שף אסייאתי רוטב צ'ילי מתוק 700 מל,קריניציה ויטמינה אס,TH,מאסטר שף רוטב צ'ילי,מיליליטרים,700.00,"100 מ""ל",false,,11.00,1.5714,true,1,21279
7290013358547,false,מאסטר שף אסייאתי רוטב צ'ילי חריף 700 מל,קי.אר.אס. ספייסי פוד,TH,מאסטר שף רוטב צ'ילי,מיליליטרים,700.00,"100 מ""ל",false,,11.00,1.5714,true,1,21280
7290013366634,false,כרמל יבולים חסה סלנו,שמיניית מעדן חלב שוק,IL,חסה סלנובה,יח',1.00,יח',false,,11.90,11.9000,true,1,47289
7290013382399,false,בלנדר מקל.,,,בלנדר מקל.,יחידה,0.00,יחידה,false,,51.20,0.0000,true,1,85605
7290013382863,false,מצנם 2 פרוסות,,,מצנם 2 פרוסות,יחידה,0.00,יחידה,false,,59.80,0.0000,true,1,85591
7290013424914,false,אפרסק פלחים קפוא פיל,בינזו לונגשינטיאנרן,PL,אפרסק פלחים קפוא 500,גרמים,500.00,100 גרם,false,,11.00,2.2000,true,1,137231
7290013424921,false,קיווי פרוסות קפוא פי,בינזו לונגשינטיאנרן,PL,קיווי פרוס קפוא 500,גרמים,500.00,100 גרם,false,,11.00,2.2000,true,1,137232
7290013424952,false,אננס קפוא 500 ג' פילד גוד,סאפו דקלאק טריידינג,PL,אננס חתוך קפוא 500 ג,גרמים,500.00,100 גרם,false,,11.00,2.2000,true,1,137233
7290013440648,false,מאגדת שלגוני אבטיח נסטלה 108X5ג',גלידות נסטלה (נגה גל,IL,אבטיח קרחונים מאגדת,גרמים,540.00,100 גרם,false,,21.30,3.9444,true,1,15883
7290013472199,false,ערמונים קלופים וקלויים 105 גרם,בייג'גג פוינונג,CN,וילי פוד ערמונים 100,גרמים,100.00,100 גרם,false,,5.90,5.9000,true,1,2961
7290013531117,false,רוטב פסטה לילדים 240 גרם יכין,"זנלכל בע""מ",IL,רוטב לפסטה לילדים יכ,גרמים,260.00,100 גרם,false,,4.70,1.8077,true,1,8726
7290013531759,false,שעועית אפויה במים 550 ג' יכין,"זנלכל בע""מ",IL,שעועית אפויה במים יכ,גרמים,550.00,100 גרם,false,,8.50,1.5455,true,1,8745
7290013534057,false,"צ'יפס בטטה טבעי מיה 100ג' 'כשל""פ",מיה תעשיות מזון בעמ,IL,מיה ציפס בטטה טבעי 1,גרמים,100.00,100 גרם,false,,7.60,7.6000,true,1,14904
7290013585233,false,"ספרייט זירו פחית סליק 330 מ""ל",קוקה קולה ישראל,IL,פחית סליק 330 מל ZER,מיליליטרים,330.00,"100 מ""ל",false,,4.70,1.4242,true,1,7083
7290013585387,false,קוקה קולה זירו בקבוק,החברה המרכזית לייצור,IL,קולה זירו 1 ליטר,ליטרים,1.00,ליטר,false,,5.90,5.9000,true,1,7095
7290013585394,false,קוקה-קולה 1 ליטר,החברה המרכזית לייצור,IL,קוקה קולה 1 ליטר,ליטרים,1.00,ליטר,false,,6.50,6.5000,true,1,7096
7290013585967,false,מארז ספרייט זירו 6 * 330 פח Fridge- pack,קוקה קולה ישראל,IL,ספרייט זירו שישיה פח,ליטרים,1.98,ליטר,false,,20.00,10.1010,true,1,7122
7290013608260,false,פרימור מיץ רימונים 100% סחוט טרי 1ל',"גניר (1992) בע""מ",IL,פרימור מיץ רימונים ס,יחידה,0.00,יחידה,false,,19.60,0.0000,true,1,23136
7290013608864,false,פרימור משקה פירות הדר 1 ליטר בתוספת ויטמין C,"גניר (1992) בע""מ",IL,פרימור משקה פירות הד,ליטרים,1.00,ליטר,false,,13.60,13.6000,true,1,87842
7290013675545,false,שניצל כלי תחבורה מאמא עוף 700 ג',תנובה גליל,IL,שניצל כלי תחבורה 700,גרמים,700.00,100 גרם,false,,26.40,3.7714,true,1,25362
7290013677082,false,שעועית אדומה בוואקום מיה 500 גר',מיה תעשיות מזון בעמ,IL,שעועית אדומה בואקום,גרמים,500.00,100 גרם,false,,8.50,1.7000,true,1,14913
7290013677167,false,אורז פרסי בוואקום מיה 500 גר',,,אורז פרסי בואקום 500,גרמים,500.00,100 גרם,false,,6.80,1.3600,true,1,14920
7290013677174,false,אורז מלא בוואקום מיה 500 גר',מיה תעשיות מזון בעמ,IL,אורז מלא סלקטד 500גר,גרמים,500.00,100 גרם,false,,6.80,1.3600,true,1,14921
7290013677341,false,ג'לילנד - ג'ליבינס - תות /בננה - 100גרם *( 12יח'),מיה תעשיות מזון,IL,100 סוכריות ג'לי בינ,גרמים,100.00,100 גרם,false,,5.00,5.0000,true,1,14936
7290013677648,false,שמן זית למאור 1 ליטר,מיה תעשיות מזון בעמ,IL,שמן זית למאור 1 ל' ב,ליטרים,1.00,ליטר,false,,17.10,17.1000,true,1,14947
7290013724939,false,חמוציות בשוקולד מריר 140 גר שקדיה,"דין שיווק וקלייה בע""",IL,שקדיה חמוציות בשוק.מ,גרמים,140.00,100 גרם,false,,9.40,6.7143,true,1,4676
7290013724953,false,חמוציות בשוקולד חלב 140 גר שקדיה,שקדיה,IL,חמוציות בציפוי שוקול,גרמים,140.00,100 גרם,false,,9.40,6.7143,true,1,4678
7290013724960,false,שקדים בשוקולד חלב 140 גר שקדיה,שקדיה,IL,שקדים בציפוי שוקולד,גרמים,140.00,100 גרם,false,,9.40,6.7143,true,1,4679
7290013724984,false,שקדיה בוטנים בשוק.מר,שקדיה,,שקדיה בוטנים בשוק.מר,גרמים,140.00,100 גרם,false,,9.40,6.7143,true,1,4681
7290013724991,false,אגוזי לוז בשוקולד חלב 140 גר שקדיה,דין שיווק,IL,אגוזי לוז בציפוי שוק,גרמים,140.00,100 גרם,false,,9.40,6.7143,true,1,4682
7290013725820,false,אגוזי לוז בשוקולד מריר 140 גר שקדיה,"דין שיווק וקלייה בע""",IL,אגוזי לוז בציפוי שוק,גרמים,140.00,100 גרם,false,,9.40,6.7143,true,1,4685
7290013725844,false,חטיף שומשום בשוקולד מריר 160ג,שקדיה,,שקדיה שומשום בשוק.מר,גרמים,140.00,100 גרם,false,,9.40,6.7143,true,1,4687
7290013787408,false,רביולי בטטה 330 גרם ריקו בית יוסף,יוניליוור גרמניה Gm,IL,רביולי בטטה ריקו 330,גרמים,330.00,100 גרם,false,,21.30,6.4545,true,1,91181
7290013787415,false,רביולי ריקוטה תרד 330 גרם ריקו בית יוסף,יוניליוור גרמניה Gm,IL,רביולי ריקוטה תרד 33,גרמים,330.00,100 גרם,false,,21.30,6.4545,true,1,91182
7290013847102,false,נתחי טונה בהירה בשמן - מארז שלישיה,סטארקיסט Starkist,,טונה בשמן סטארקיסט ש,גרמים,240.00,100 גרם,false,,10.60,4.4167,true,1,26447
7290013847867,false,מארז זוג טונה בשמן סויה 140 ג' סטארקיסט,טונה ויטנאם קו. אל.ט,IL,נתחי טונה בהירה בשמן,גרמים,140.00,100 גרם,false,,11.10,7.9286,true,1,324170
7290013848383,false,ג'ל רחצה לגבר 12 שעות של הגנה Active block,טרופיקל דגיל תעשיות,IL,ג'ל רחצה אנטי בלוק ק,מיליליטרים,700.00,"100 מ""ל",false,,16.20,2.3143,true,1,30138
7290013848420,false,דאודורנט גל קרמה מן אנטיפרספירנט 70 מל,גוד פוד פרודקטס S.p,IL,דאודורנט ג'ל קרמה מן,יחידה,70.00,יחידה,false,,11.90,0.1700,true,1,30139
7290013848437,false,"קרמה - דאודורנט ספריי לגבר אקטיב בלוק 200 מ""ל",מיוצר עי אמיליה קוסמ,IL,דאודורנט ספריי קרמה,מיליליטרים,200.00,"100 מ""ל",false,,11.90,5.9500,true,1,30140
7290013848758,false,סנו - מקסימה ג'ל כביסה מרוכז בייבי 3 ליטר,"סנו מפעלי ברונוס בע""",IL,סנו מקסימה ג'ל כביסה,ליטרים,3.00,ליטר,false,,31.50,10.5000,true,1,30157
7290013861054,false,צימוקים בשוקולד חלב 140 גר שקדיה,שקדיה,IL,שקדיה צימוקים בשוק.ח,גרמים,140.00,100 גרם,false,,9.40,6.7143,true,1,4688
7290013906052,false,נקניקיות פרגיות טירת צבי 300 גר',הנסיך- מפעל לייצור ט,IL,טירת צבי נקניקיות פר,גרמים,300.00,100 גרם,false,,10.10,3.3667,true,1,25148
7290013906205,false,פסטרמה עם שום וצילי טירת צבי 400 ג',הנסיך- מפעל לייצור ט,IL,טירת צבי פסטרמה שום,גרמים,400.00,100 גרם,false,,23.00,5.7500,true,1,25149
7290013906212,false,"נקנקיות וינר טירת 1 ק""ג טירת צבי",הנסיך- מפעל לייצור ט,IL,טירת צבי נקניקיות וי,קילוגרמים,1.00,"ק""ג",false,,19.60,19.6000,true,1,25150
7290013906441,false,קבנוס טירת צבי 120 גר,הנסיך- מפעל לייצור ט,IL,טירת צבי קבנוס 120 ג,גרמים,120.00,100 גרם,false,,8.50,7.0833,true,1,25161
7290013906489,false,חטיפי מיני קבנוס 120 ג' טירת צבי,הנסיך- מפעל לייצור ט,IL,טירת צבי חטיפי מיני,גרמים,120.00,100 גרם,false,,8.50,7.0833,true,1,25163
7290013906496,false,פסטרמה עגל בסגנון רומני טירת צבי 120 גר,הנסיך- מפעל לייצור ט,IL,טירת צבי פסטרמה עגל,גרמים,120.00,100 גרם,false,,11.80,9.8333,true,1,25164
7290013906687,false,פסט' צמד כפרית ברביקיו ודבש 300X2ג' טירת צבי,הנסיך- מפעל לייצור ט,IL,טירת צבי צמד כפרית ב,גרמים,600.00,100 גרם,false,,21.30,3.5500,true,1,25167
7290013906694,false,נקניקיות שקית קילו וחצי טירת צבי,הנסיך- מפעל לייצור ט,IL,"נקניקיות עוף 1.5 ק""ג",קילוגרמים,1.50,"100 ק""ג",false,,29.90,1993.3333,true,1,228522
7290014002197,false,חליטת קמומיל ולימונית 25 שק הגן הקסום,ויסוצקי,IL,תה חליטת קמומיל ולימ,גרמים,37.50,100 גרם,false,,15.30,40.8000,true,1,24507
7290014002203,false,תה ויסוצקי חליטת לימונית ולואיזה 20יח',HIQ FOOD PRODUCTS,IL,תה חליטת לימונית ולו,גרמים,37.50,100 גרם,false,,15.30,40.8000,true,1,24508
7290014002944,false,גן קסום חליטת פירות וצמחים חמדת שקד 25 שקיקים,HIQ FOOD PRODUCTS,IL,תה גן קסום חליטת חמא,גרמים,62.50,100 גרם,false,,15.30,24.4800,true,1,24520
7290014027213,false,"ערק ג'בלנא 40% אלכוהול 700 מ""ל",משקאות ג'בלנא,IL,ערק ג'בלנא מיוצר מכו,מיליליטרים,700.00,"100 מ""ל",false,,42.70,6.1000,true,1,167934
7290014046016,false,פסטרמה של פעם דל שומן 2% רכיבים טבעיים,מעדני יחיעם,IL,יחיעם פסטרמה הודו 10,גרמים,250.00,100 גרם,false,,21.30,8.5200,true,1,15349
7290014046047,false,צמד פסטרמות 600 ג' יחיעם,מעדני יחיעם,IL,יחיעם צמד פסטרמה 600,גרמים,600.00,100 גרם,false,,18.80,3.1333,true,1,15352
7290014046436,false,נשנושי קבנוס 125 ג' יחיעם,מעדני יחיעם,IL,נשנושי קבנוס 125 ג,גרמים,125.00,100 גרם,false,,9.40,7.5200,true,1,15353
7290014046474,false,"נקניקיות עוף 1.5 ק""ג יחיעם",מעדני יחיעם,IL,יחיעם נקניקיות עוף 1,קילוגרמים,1.50,"ק""ג",false,,23.80,15.8667,true,1,15355
7290014046757,false,סלמי תה מעדני יחיעם,מעדני יחיעם,IL,סלמי תה `שרולה` 300,גרמים,300.00,100 גרם,false,,17.00,5.6667,true,1,15367
7290014059436,false,"משחת שיניים סנסודיין 75 מ""ל פרימיום לשיקום והגנה מלבינה 75 מ""ל","סמית קליין ביצ'ם בע""",GB,משחת שיניים לשיקום ס,מיליליטרים,75.00,"100 מ""ל",false,,20.40,27.2000,true,1,3903
7290014066359,false,לנדוור-קפסולות אספרסו בלנסד(06) - 10יח'12X יח,האחים פלם הגפן,IL,לנדוור קפה אספרסו בל,יחידה,0.00,יחידה,false,,13.60,0.0000,true,1,43
7290014079014,false,לבבות קיסר ארוז נספק,"מרינה פטריות הגליל בע""מ",IL,לבבות קיסר,גרמים,300.00,100 גרם,false,,9.90,3.3000,true,1,35339
7290014079076,false,נבטי אלפלפא יח,"מרינה פטריות הגליל בע""מ",IL,נבטי אלפלפא,יח',1.00,יח',false,,6.90,6.9000,true,1,41104
7290014083479,false,גבינת גאודה פרוסות 150 גרם 29% שומן,ג.וילי פוד אינטרנשיו,IL,סיי צ'יז גבינה גאודה,גרמים,150.00,100 גרם,false,,6.80,4.5333,true,1,2983
7290014083813,false,וילי פוד מריגה שפרוטים מעושנים בשמן 190ג,הנסיך- מפעל לייצור ט,LV,בריוולס וילניס שפרוט,גרמים,190.00,100 גרם,false,,6.80,3.5789,true,1,2990
7290014094352,false,אגוזי מלך בקופסא 200 ג',"דין שיווק וקליה בע""מ",,ששון הקולה אגוז מלך,גרמים,200.00,100 גרם,false,,14.50,7.2500,true,1,4703
7290014094376,false,שזיפים ללא גלעין 330 גר,"דין שיווק וקליה בע""מ",,שזיף ללא גלעין בקופס,גרמים,250.00,100 גרם,false,,21.30,8.5200,true,1,4705
7290014094383,false,משמש מיובש בקופסא 33,"דין שיווק וקליה בע""מ",,שקדיה משמש מיובש 250,גרמים,250.00,100 גרם,false,,20.50,8.2000,true,1,4706
7290014094390,false,חמוציות מסוכרות בקופ,"דין שיווק וקליה בע""מ",,חמוציות מסוכרות בקופ,גרמים,250.00,100 גרם,false,,12.80,5.1200,true,1,4707
7290014094406,false,צימוק לבן 250 גרם ששון הקולה,"דין שיווק וקלייה בע""",US,צימוק בהיר בקופסא 2,גרמים,250.00,100 גרם,false,,14.50,5.8000,true,1,4708
7290014094628,false,פקאן טבעי 200 ג' בקופסא,ששון הקולה,,פקאן טבעי 200גר ששון,גרמים,200.00,100 גרם,false,,22.20,11.1000,true,1,4725
7290014094635,false,אגוז ברזיל טבעי 200ג,,,אגוז ברזיל טבעי 200ג,גרמים,200.00,100 גרם,false,,34.20,17.1000,true,1,4726
7290014094642,false,קשיו טבעי גדול 250 גר,"דין שיווק וקליה בע""מ",,קשיו טבעי 200 גר' שש,גרמים,200.00,100 גרם,false,,21.30,10.6500,true,1,4727
7290014094864,false,פיסטוק קלוי 170 גר עם קליפה ששון הקולה,דין שיווק,IL,פיסטוק קלוי 170 גרם,גרמים,170.00,100 גרם,false,,14.50,8.5294,true,1,4735
7290014095861,false,שיבולת שועל דקה 500 גרם קוואקר,"דין שיווק וקלייה בע""",IL,שיבולת שועל דקה קווא,גרמים,500.00,100 גרם,false,,4.20,0.8400,true,1,4742
7290014095946,false,משוקלדים פקאן בשוקולד מריר 140 גרם,"שקדיה גבע תעשיות בע""",IL,פקאן בציפוי שוקולד מ,גרמים,140.00,100 גרם,false,,9.40,6.7143,true,1,4743
7290014095953,false,משוקלדים פקאן בשוקולד חלב 140 ג',שקדיה גבע בתעשיות עמ,IL,שקדיה פקאן בשוקולד ח,גרמים,160.00,100 גרם,false,,9.40,5.8750,true,1,4744
7290014095960,false,שיבולת שועל עבה 500 גרם קוואקר,"דין שיווק וקלייה בע""",IL,שיבולת שועל עבה קווא,גרמים,500.00,100 גרם,false,,4.20,0.8400,true,1,4745
7290014204034,false,מרכך יומי פנינה רוזנבלום,א.ל ארמן,IL,"מרכך יומי 750 מ""ל",מיליליטרים,750.00,"100 מ""ל",false,,8.50,1.1333,true,1,17941
7290014204645,false,שמפו לאחר החלקה מועשר בקרטין,פנינה רוזנבלום PR,IL,שמפו לאחר החלקה פ.רו,מיליליטרים,750.00,"100 מ""ל",false,,21.30,2.8400,true,1,17955
7290014217065,false,תבלין אורגנו עלים 30 גר',"תבליני טעם וריח בע""מ",IL,טעם וריח אורגנו מיכל,גרמים,30.00,100 גרם,false,,10.10,33.6667,true,1,42008
7290014217157,false,תערובת תיבול טוסקנה מיכל 120 גר,"תבליני טעם וריח בע""מ",IL,תבלין תערובת תיבול ט,גרמים,120.00,100 גרם,false,,11.80,9.8333,true,1,42012
7290014217164,false,תבלין פטרוזיליה מיכל גדול 20 ג',"תבליני טעם וריח בע""מ",IL,תבלין פטרויליה טעם ו,גרמים,20.00,100 גרם,false,,10.80,54.0000,true,1,42013
7290014217171,false,תערובת תיבול תיבול גריל דג מיכל 100ג',"תבליני טעם וריח בע""מ",IL,תבלין בתיבול גריל דג,גרמים,100.00,100 גרם,false,,11.80,11.8000,true,1,42014
7290014217225,false,תבלין גריל עוף מיכל 120גר,"תבליני טעם וריח בע""מ",IL,טעם וריח גריל עוף מי,גרמים,120.00,100 גרם,false,,10.80,9.0000,true,1,42015
7290014217348,false,צ'ילי כתוש חריף (פלפל קיינה),"תבליני טעם וריח בע""מ",IL,תבליני טעם וריח צילי,גרמים,70.00,100 גרם,false,,10.80,15.4286,true,1,42019
7290014217362,false,תבלין תיבול לקציצות מיכל 100 ג',"תבליני טעם וריח בע""מ",IL,תערובת תיבול קציצות,גרמים,100.00,100 גרם,false,,11.80,11.8000,true,1,42021
7290014218536,false,בצק עלים מרודד מופחת שומן מעדנות 1 קג,"מעדנות בע""מ",IL,בצק עלים מופחת שומן,קילוגרמים,1.00,"ק""ג",false,,18.70,18.7000,true,1,35438
7290014218932,false,חטיפי פיצה בתוספת זיתים 710 ג' מעדנות,מיוצר עי קונדיטוריית,IL,חטיפי פיצה בתוספת זי,גרמים,710.00,100 גרם,false,,23.90,3.3662,true,1,35464
7290014258723,false,תרכובת מזון צמחי לתינוקות מגיל 0 עד גיל שנה,מטרנה,IL,מטרנה צמחי מגיל 0-12,גרמים,700.00,100 גרם,false,,58.90,8.4143,true,1,18546
7290014298217,false,בקבוק 620 פתיחת לחיצה,,,בקבוק שתיה קטן 350 מ,יחידה,0.00,יחידה,false,,21.30,0.0000,true,1,14052
7290014298996,false,בקבוק תרמי 500 מ''ל מוסקו,,,בקבוק טרמי,יחידה,0.00,יחידה,false,,49.90,0.0000,true,1,14063
7290014325043,false,"פודינג וניל 1 ק""ג שקית",מיה תעשיות מזון בעמ,IL,מיה פודינג וניל 1 ק`,קילוגרמים,1.00,"ק""ג",false,,15.20,15.2000,true,1,14963
7290014397286,false,מרכך כביסה מקסימה מרוכז חלב ודבש 1 ל' סנו,סנו מקסימה,IL,סנו מקסימה קר מרכך מ,ליטרים,1.00,ליטר,false,,16.20,16.2000,true,1,30186
7290014397767,false,סנו ריצפז פרש הום 2 ליטר בניחוח כותנה-מרכז,"סנו מפעלי ברונוס בע""",IL,ריצפז פרש הום כותנה,ליטרים,2.00,ליטר,false,,18.70,9.3500,true,1,30212
7290014397781,false,סנו ריצפז פרש הום 2 ליטר בניחוח סבון,סנו פרש Fresh,IL,ריצפז פרש הום סבון מ,ליטרים,2.00,ליטר,false,,18.70,9.3500,true,1,30214
7290014397873,false,מרכך כביסה בבישום עוצמתי ג'נטל בריז,סנו מקסימה,IL,מרכך כביסה סנו מקסימ,ליטרים,4.00,ליטר,false,,19.60,4.9000,true,1,30220
7290014435803,false,מטיאס הולנדי (פרובנציאל) עם בצל בשמן 180 גרם,שבעת הימים - שמיר,IL,מטיאס הולנדי פרובנצי,גרמים,180.00,100 גרם,false,,16.20,9.0000,true,1,17516
7290014435810,false,הרינג כבוש ובצל במרינת חמוץ מתוק שמיר 180 ג',שבעת הימים - שמיר,IL,הרינג כבוש עם בצל במ,גרמים,180.00,100 גרם,false,,16.20,9.0000,true,1,17517
7290014435834,false,מקרל מעושן פרוס בשמן 180 גרם,שבעת הימים - שמיר,IL,מקרל מעושן פרוס בשמן,גרמים,180.00,100 גרם,false,,21.30,11.8333,true,1,17519
7290014455245,false,גבינת גרנה פדנו משולש 29% 200 גרם בית יוסף,מחלבת סוציאלה מנטובה,IT,גד גרנה פדנו משולש כ,גרמים,200.00,100 גרם,false,,22.10,11.0500,true,1,14465
7290014455252,false,גבינה קשה מגורדת גרנה פדנו 29% שומן,מחלבות גד,IT,גד גרנה פדנו מגורד כ,גרמים,100.00,100 גרם,false,,11.00,11.0000,true,1,14466
7290014455320,false,גבינה כדורי מוצרלה פרסקה גד 100ג',מחלבות גד בעמ,IL,גד כדור מוצרלה פרסקה,גרמים,100.00,100 גרם,false,,8.90,8.9000,true,1,14469
7290014455467,false,ירח מתוק מעדן חלב 2% ושיבולת שועל גד 150ג',מחלבות גד,IL,גד מעדן שיבולת שועל,מיליליטרים,150.00,"100 מ""ל",false,,5.50,3.6667,true,1,14474
7290014459137,false,"צ'יפס תפוגן סטייק 1.5 ק""ג","תעשיות תפוגן בע""מ",IL,תפוגן סטייק ציפס 1.5,קילוגרמים,1.50,"ק""ג",false,,20.40,13.6000,true,1,19586
7290014459472,false,"צ'יפס קפוא תפוגן 2 ק""ג כשל""פ","תעשיות תפוגן בע""מ",IL,תפוגן צ`יפס קלאסי 2,קילוגרמים,2.00,"ק""ג",false,,21.30,10.6500,true,1,19593
7290014466128,false,"יין הר חרמון אינדיגו 750 מ""ל",מיוצר וממולא על ידי,IL,יקבי רמת הגולן הר חר,מיליליטרים,750.00,"100 מ""ל",false,,30.70,4.0933,true,1,41206
7290014466609,false,יין מרלו גמלא 2020 750 מל,יקב רמת הגולן,IL,יין גמלא מרלו 2012 7,מיליליטרים,750.00,"100 מ""ל",false,,47.80,6.3733,true,1,41217
7290014471429,false,"מוזלי עם פירות 1 ק""ג - 429 סגול שקדיה","דין שיווק וקלייה בע""",IL,מוזלי פירות עם פירות,קילוגרמים,1.00,"ק""ג",false,,16.20,16.2000,true,1,4747
7290014472136,false,גרעין שחור קלוי ששון הקולה 150 ג',"דין שיווק וקלייה בע""",IL,גרעין שחור קלוי 150,גרמים,150.00,100 גרם,false,,4.20,2.8000,true,1,4759
7290014472228,false,תאנים בקופסא 330 גר,"דין שיווק וקליה בע""מ",,תאנים בקופסא 330גר,גרמים,330.00,100 גרם,false,,18.80,5.6970,true,1,4761
7290014472235,false,פקאן סיני מסוכר בקופ,ששון הקולה,,פקאן סיני מסוכר בקופ,גרמים,200.00,100 גרם,false,,21.30,10.6500,true,1,4762
7290014472471,false,גרעינים שחור ענק 200גר' פרימיום,דין שיווק,IL,גרעין שחור ענק 200 ג,גרמים,200.00,100 גרם,false,,5.90,2.9500,true,1,4769
7290014472495,false,קשיו קלוי ענק 250 גר פרימיום ששון הקולה,דין שיווק,IL,קשיו קלוי ענק פרימיו,גרמים,250.00,100 גרם,false,,18.80,7.5200,true,1,4771
7290014472501,false,פיסטוק קלוי ענק 250 ג פרימיום ששון הקולה,דין שיווק,IL,פיסטוק קלוי ענק 250,גרמים,250.00,100 גרם,false,,22.20,8.8800,true,1,4772
7290014472518,false,בוטן קלוי ענק 250 גר פרימיום ששון הקולה,דין שיווק,IL,בוטן קלוי פרימיום 25,גרמים,250.00,100 גרם,false,,10.20,4.0800,true,1,4773
7290014525290,false,חטיף מרבה סלים דליס קריספי תות 125 גר,סלים דליס Slim Delis,NL,חטיף מרבה קריספי תות,גרמים,125.00,100 גרם,false,,9.30,7.4400,true,1,21311
7290014525306,false,חטיף מרבה סלים דליס קריספי אוכמניות 125,סלים דליס Slim Delis,NL,חטיף מרבה קריספי אוכ,גרמים,125.00,100 גרם,false,,9.30,7.4400,true,1,21312
7290014547353,false,זוג מברשות סנסודיין דואל קר,,,זוג מברשות סנסודיין,יחידה,0.00,יחידה,false,,17.00,0.0000,true,1,3914
7290014636545,false,שלישית מגבות מטבח ג'קרד,,,שלישית מגבות מטבח פס,יחידה,0.00,יחידה,false,,17.10,0.0000,true,1,229414
7290014636651,false,סט סאטן תחרה זוגי מנהטן,,,סט סאטן זוגי תחרה,יחידה,0.00,יחידה,false,,102.50,0.0000,true,1,15239
7290014636675,false,מגבת גוף חלקה 550 גר,,,מגבת גוף מנהטן 70*13,יחידה,0.00,יחידה,false,,29.80,0.0000,true,1,27906
7290014636811,false,פיג'מה חורף נשים קורל מותגים,,,פיג'מה מינק מותגים,יחידה,0.00,יחידה,false,,76.90,0.0000,true,1,217062
7290014673014,false,תבליני מימון פלפל אנ,,,תבליני מימון פלפל אנ,גרמים,90.00,100 גרם,false,,12.40,13.7778,true,1,357
7290014673021,false,תבליני מימון פלפל שח,,,תבליני מימון פלפל שח,גרמים,100.00,100 גרם,false,,12.40,12.4000,true,1,358
7290014673366,false,מימון כורכום טחון 25,TLV צ'יף,IL,מימון כורכום טחון 25,גרמים,250.00,100 גרם,false,,18.70,7.4800,true,1,362
7290014673410,false,פלפל שחור גרוס דק 250 גרם,,,מימון פלפל שחור גרוס,גרמים,250.00,100 גרם,false,,25.60,10.2400,true,1,367
7290014673434,false,פלפל שחור גרוס דק שקית 80 גרם,,,פלפל שחור גרוס דק בש,גרמים,80.00,100 גרם,false,,7.60,9.5000,true,1,368
7290014674004,false,קריספ פירורי לחם שומשום ומלח ים 300 גרם,א.ל ייצור ושיווק תבל,IL,פירורי לחם עם שומשום,גרמים,300.00,100 גרם,false,,6.80,2.2667,true,1,263316
7290014692299,false,גבינת ברי 125 ג' קסטיאלו ויליפוד,יורו צ'יז Euro Cheese,DK,גבינת ברי 125 גרם EU,גרמים,125.00,100 גרם,false,,12.80,10.2400,true,1,2993
7290014692305,false,גבינת קממבר 125ג' CASTELLO ויליפוד,הנסיך- מפעל לייצור ט,DK,גבינת קממבר 125 גרם,גרמים,125.00,100 גרם,false,,12.80,10.2400,true,1,2994
7290014692817,false,גבינת מוצרלה מגורדת 200 ג' EURO CHEESE ויליפוד,הנסיך- מפעל לייצור ט,IL,סיי צ'יז גבינת מוצרל,גרמים,200.00,100 גרם,false,,9.40,4.7000,true,1,3005
7290014731189,false,"כפיות ח""פ לבן 100 יח",,,כפיות P.P לבן 100 יח,יח',100.00,יח',false,,5.90,0.0590,true,1,287820
7290014731264,false,כוסות לשתייה קרה 100 יחי',,,כוסות לשתיה קרה חד פ,יח',100.00,יח',false,,5.90,0.0590,true,1,27908
7290014731271,false,כוסות שתיה קרה 80 יח,,,כוסות שתיה קרה 80 יח,יחידה,0.00,יחידה,false,,5.10,0.0000,true,1,276068
7290014748613,false,דג טוב מקלוני דגים בציפוי ציפס 600גר,עיצובים 2020 (4.9),,דג טוב מקלוני דגים ב,גרמים,600.00,100 גרם,false,,24.70,4.1167,true,1,19647
7290014749245,false,ספיישל רצועות שניצל שומשום עוף טוב 600 גרם,מוצרי עוף טוב (2001),IL,רצועות שניצל שומשום,גרמים,600.00,100 גרם,false,,26.40,4.4000,true,1,65248
7290014749764,false,שניצל עוף ביתי עדין עוף טוב 700 גרם,מוצרי עוף טוב (2001),IL,שניצל עוף ביתי כזה ע,גרמים,700.00,100 גרם,false,,33.20,4.7429,true,1,65202
7290014758100,false,מאגדת יוגורט ביו 3% שומן 8 יח' *150ג' תנובה,מיוצר עי קונדיטוריית,IL,יוגורט תנובה 3% 8*15,קילוגרמים,1.20,"ק""ג",false,,14.40,12.0000,true,1,25791
7290014758117,false,מאגדת יוגורט ביו 1.5% שומן 8 יח' *150 ג' תנובה,מיוצר עי קונדיטוריית,IL,יוגורט תנובה 1.5% 8*,קילוגרמים,1.20,"ק""ג",false,,14.40,12.0000,true,1,25792
7290014758162,false,חלב עיזים מלא 3.6% קרטון 1 ל' תנובה,תנובה מרכז שיתופי לש,IL,חלב תנובה עיזים מלא,ליטרים,1.00,ליטר,false,,13.30,13.3000,true,1,25794
7290014758681,false,קוטג' תנובה 1% גביע 250 ג',מיוצר עי קונדיטוריית,IL,קוטג תנובה 1% 250ג,גרמים,250.00,100 גרם,false,,4.80,1.9200,true,1,25798
7290014759084,false,גבינת שמנת 16% בטעם טבעי 225 ג' נפוליאון,תנובה מרכז שיתופי לש,IL,נפוליאון 16% 225גר,גרמים,225.00,100 גרם,false,,12.40,5.5111,true,1,25799
7290014759237,false,כד יוגורט תנובה 6.5% שומן 3 ליטר,,,יוגורט כדים תנובה בי,ליטרים,3.00,ליטר,false,,25.90,8.6333,true,1,25800
7290014759985,false,"גבינת פרמזן גבע 23% פלח, 200 ג'",תנובה,IL,גבינה קשה מחלב בקר 2,גרמים,200.00,100 גרם,false,,20.40,10.2000,true,1,25809
7290014760134,false,מעדן סויה בטעם וניל אלטרנטיב,תנובה Alternative,IL,גביע מעדן סויה בטעם,גרמים,125.00,100 גרם,false,,3.80,3.0400,true,1,25811
7290014760141,false,משקה שקדים תנובה E אלטרנטיב,תנובה Alternative,IL,תנובה משקה שקדים טרי,יחידה,0.00,יחידה,false,,11.50,0.0000,true,1,25812
7290014760448,false,גבינה צהובה גלבוע 400 גרם 22% שומן תנובה,מחלבת בית יצחק,IL,גלבוע 22% 400 גרם,גרמים,400.00,100 גרם,false,,21.50,5.3750,true,1,25815
7290014760912,false,פרוסות גבינה 28% שומן 400 ג' גוש חלב,תנובה מרכז שיתופי לש,IL,גוש חלב 28% מהדרין 4,גרמים,400.00,100 גרם,false,,23.00,5.7500,true,1,25819
7290014761056,false,מעדן שוקולד חלב מעולה 123 ג' יולו,מיוצר עי קונדיטוריית,IL,יולו שוקולד חלב מעול,גרמים,122.00,100 גרם,false,,4.40,3.6066,true,1,25821
7290014761063,false,מעדן שוקולד מריר מעולה 123 ג' יולו,מיוצר עי קונדיטוריית,IL,יולו שוקולד מריר מעו,גרמים,122.00,100 גרם,false,,4.40,3.6066,true,1,25822
7290014761070,false,מעדן שוקולד לבן מעולה 123 ג' יולו,מיוצר עי קונדיטוריית,IL,יולו שוקולד לבן מעול,גרמים,122.00,100 גרם,false,,4.40,3.6066,true,1,25823
7290014761193,false,יוגורט עם פירות יער 1.5% שומן 125 ג' פרילי,תנובה מרכז שיתופי לש,IL,פרילי פירות יער 1.5%,גרמים,125.00,100 גרם,false,,3.20,2.5600,true,1,25824
7290014761414,false,יולו מעדן שכבות שוקולד חלב ולבן 123 גר,מיוצר עי קונדיטוריית,IL,יולו מעדן שכבות שוקו,גרמים,122.00,100 גרם,false,,4.40,3.6066,true,1,25832
7290014761612,false,YOLO מעדן שכבות שוקולד מריר ולבן מעולה,מיוצר עי קונדיטוריית,IL,יולו שכבות שוקולד מר,גרמים,122.00,100 גרם,false,,4.40,3.6066,true,1,25836
7290014762756,false,נפוליאון גבינת שמנת עם בצל 16% שומן,הרדוף חלב,IL,נפוליאון 16% עם בצל,גרמים,225.00,100 גרם,false,,12.40,5.5111,true,1,25851
7290014762831,false,גבינת שמנת חלפיניו 24% שומן 225 ג' נפוליאון,תנובה מרכז שיתופי לש,IL,גבינת שמנת נפוליאון,גרמים,225.00,100 גרם,false,,12.40,5.5111,true,1,25857
7290014762909,false,פתיתי מוצרלה 20% שומן 200 ג' השף הלבן,"תנובה, מחלבת תל יוסף",IL,פתיתי מוצרלה 200 גר`,גרמים,200.00,100 גרם,false,,13.60,6.8000,true,1,25861
7290014763272,false,יוגורט סויה BIO לשתייה תות ובננה אלטרנטיב,תות תעשיות מזון (201,IL,משקה סויה ביו עם תות,מיליליטרים,250.00,"100 מ""ל",false,,5.30,2.1200,true,1,25868
7290014791725,false,"שוויפס תפוחים מוגז 500 מ""ל",,,משקה מוגז תפוחים שוו,מיליליטרים,500.00,"100 מ""ל",false,,5.10,1.0200,true,1,11679
7290014855434,false,מגבונים בייביסיטר פרפורמנס מבושם רביעיה,בייביסיטר Babysitter,IL,בייביסיטר פרפורמנס מ,יחידה,0.00,יחידה,false,,13.60,0.0000,true,1,29304
7290014855458,false,מגבוני בייביסיטר פרפורמנס ללא בישום מארז 72X4יח',בייביסיטר Babysitter,IL,מגבוני בייבי פרפורמנ,יחידה,0.00,יחידה,false,,13.60,0.0000,true,1,29305
7290014860070,false,"מקלוני אורז ללא גלוטן 5 מ""מ 454גר' (אור)",ניינטי נודל קו,TH,"מקלוני אורז 5 מ""מ לל",גרמים,454.00,100 גרם,false,,9.40,2.0705,true,1,47110
7290014860988,false,מזרח ומערב יבוא חלב,theppadungporn cocon,TH,שימורי קרם קוקוס 17%,מיליליטרים,400.00,"100 מ""ל",false,,8.50,2.1250,true,1,47113
7290014901247,false,"סטייל שמפו 0חר החלקה מועשר בקרטין, 750 מ""ל",א.ל. ארמן ייצור תמרו,IL,שמפו קרטין סטייל 750,מיליליטרים,750.00,"100 מ""ל",false,,21.30,2.8400,true,1,3923
7290014905160,false,"הפי מטהר אוויר פניני ריח בניחוחות, 130 גרם",יוליניבר,IT,הפי פניני ריח תפוז\ו,גרמים,130.00,100 גרם,false,,10.20,7.8462,true,1,11369
7290014905689,false,"נוזל כלים הפי מרוכז 24% תפוח 750 מ""ל",פרח,IL,הפי לכלים ירוק תפוח,מיליליטרים,750.00,"100 מ""ל",false,,8.90,1.1867,true,1,11379
7290014905733,false,"הפי פרפקט לניקוי שמשות 750 מ""ל",יוליניבר,TR,הפי מרסס לניקוי חלונ,מיליליטרים,750.00,"100 מ""ל",false,,6.40,0.8533,true,1,11382
7290014910461,false,"ערק יודה 700 מ""ל כשל",,IL,"ערק יודה 700 מ""ל כשל",מיליליטרים,700.00,"100 מ""ל",false,,52.10,7.4429,true,1,11225
7290014910515,false,שימורי שפרוטים מעושנים בשמן צמחי 250 גר,,,שפרוטים מעושנים רויא,גרמים,250.00,100 גרם,false,,9.40,3.7600,true,1,11227
7290014940901,false,לחם פשוט מלא 750 ג' אנג'ל,מאפית אנגל,IL,לחם פשוט מלא אנגל 75,גרמים,750.00,100 גרם,false,,12.70,1.6933,true,1,35260
7290015009027,false,חומץ בלסמי חומציות 6,אקובינל,ES,חומץ בלסמי חומציות 6,מיליליטרים,500.00,"100 מ""ל",false,,19.60,3.9200,true,1,47435
7290015009225,false,ריבת חלב מקורית דניא,קארו,,ריבת חלב מקורית (צנצ,גרמים,450.00,100 גרם,false,,17.10,3.8000,true,1,47445
7290015009287,false,חומץ בלסמי לבן דניאל,,,חומץ בלסמי לבן דניאל,מיליליטרים,500.00,"100 מ""ל",false,,18.80,3.7600,true,1,262275
7290015009409,false,זיתים שחורים מזן טאסוס במלח 250 גרם,אדיאל ס.א,GR,זיתים שחורים זן טאטו,גרמים,250.00,100 גרם,false,,17.10,6.8400,true,1,126734
7290015009447,false,זיתים שחורים מזן קלמטה 440 גרם,,GR,זיתים שחורים מזן קלמ,גרמים,440.00,100 גרם,false,,17.10,3.8864,true,1,257648
7290015033084,false,קוסקוס חיטה בינוני ד,,,קוסקוס חיטה בינוני ד,גרמים,350.00,100 גרם,false,,5.10,1.4571,true,1,328579
7290015033299,false,פרורי לחם קלאסי שקית,,,פרורי לחם קלאסי שקית,גרמים,400.00,100 גרם,false,,4.30,1.0750,true,1,328326
7290015039246,false,נתחי טונה בשמן צמחי רביעיה * 160 ג' וילי פוד,וילי פוד,TH,טונה בהירה בשמן וילי,גרמים,640.00,100 גרם,false,,18.30,2.8594,true,1,3012
7290015039338,false,נתחי טונה במי מלח רביעיה * 160 ג' וילי פוד,וילי פוד,TH,טונה במי מלח ויליפוד,גרמים,640.00,100 גרם,false,,18.30,2.8594,true,1,3014
7290015150088,false,מחית עגבניות גראנד איטליה 700 גרם,שוורצקוף& הנקל דיסלד,IT,מחית עגבניות בלה איט,גרמים,700.00,100 גרם,false,,10.20,1.4571,true,1,24544
7290015150118,false,עגבניות חתוכות דק בלה איטליה 3*400 ג',אמיליאנה קונסרב ס.פ.,IL,עגבניות חתוכות דק בל,גרמים,400.00,100 גרם,false,,14.40,3.6000,true,1,24547
7290015150200,false,עגבניות חתוכות דק 400 גרם,HIQ FOOD PRODUCTS,IT,עגבניות חתוכות דק ו,גרמים,400.00,100 גרם,false,,5.10,1.2750,true,1,24548
7290015178266,false,רוטב פלפלת אוליביה 270 גר,אוליביה,IL,רוטב פלפלת שחורה לבי,גרמים,270.00,100 גרם,false,,11.90,4.4074,true,1,323403
7290015178273,false,רוטב מרינדה לעוף בגריל אוליביה 270 גר,אוליביה,IL,רוטב מרינדה לעוף בגר,גרמים,320.00,100 גרם,false,,11.90,3.7188,true,1,323404
7290015253321,false,"פחם 2 ק""ג ירוק פרימי",,CN,"פחם 2 ק""ג ירוק פרימי",קילוגרמים,2.00,"ק""ג",false,,11.90,5.9500,true,1,93197
7290015282581,false,חומוס שמיר אבו גוש עם חריף 200 גר',"סלטי שמיר 2006 בע""מ",IL,חומוס אבו גוש עם חרי,גרמים,200.00,100 גרם,false,,9.32,4.6600,true,1,17544
7290015282598,false,חומוס שמיר מסעדות 200 גר',"סלטי שמיר 2006 בע""מ",IL,חומוס מסעדות,גרמים,200.00,100 גרם,false,,9.32,4.6600,true,1,17545
7290015282604,false,טחינה שמיר מיוחדת גורמה 200ג',"סלטי שמיר 2006 בע""מ",IL,טחינה מיוחדת,גרמים,200.00,100 גרם,false,,9.32,4.6600,true,1,17546
7290015282628,false,חציל שמיר בטעם כבד 200 גר',"סלטי שמיר 2006 בע""מ",IL,חציל בטעם כבד סלטי ש,גרמים,200.00,100 גרם,false,,11.10,5.5500,true,1,17548
7290015282635,false,חומוס שמיר מסבחה 200 גר',"סלטי שמיר 2006 בע""מ",IL,חומוס מסבחה,גרמים,200.00,100 גרם,false,,9.32,4.6600,true,1,17549
7290015282642,false,חומוס שמיר אבו גוש 200 גר',"סלטי שמיר 2006 בע""מ",IL,חומוס אבו גוש,גרמים,200.00,100 גרם,false,,9.32,4.6600,true,1,17550
7290015282673,false,חציל שמיר במיונז ביתי 200 גורמה גר',"סלטי שמיר 2006 בע""מ",IL,חציל במיונז ביתי,גרמים,200.00,100 גרם,false,,9.32,4.6600,true,1,17552
7290015282697,false,כרוב אדום שמיר גורמה 200גר,"סלטי שמיר 2006 בע""מ",IL,סלט כרוב אדום 200ג ש,גרמים,200.00,100 גרם,false,,11.10,5.5500,true,1,17554
7290015282710,false,קוביות סלק שמיר 200 גר',"סלטי שמיר 2006 בע""מ",IL,קוביות סלק סלטי שמיר,גרמים,200.00,100 גרם,false,,9.32,4.6600,true,1,17555
7290015282741,false,חציל תאילנדי אסלי שמיר 200 ג',"סלטי שמיר 2006 בע""מ",IL,חציל תילאנדי סלטי שמ,גרמים,200.00,100 גרם,false,,11.10,5.5500,true,1,17558
7290015282796,false,"סלט תפו""א שמיר במיונז 200ג'","סלטי שמיר 2006 בע""מ",IL,סלט תפוח אדמה 200 ג,גרמים,200.00,100 גרם,false,,11.10,5.5500,true,1,17563
7290015324007,false,תבלין פלפל שחור גרוס 80 ג',"תבליני טעם וריח בע""מ",IL,טעם וריח פלפל שחור ג,גרמים,80.00,100 גרם,false,,8.50,10.6250,true,1,42028
7290015324014,false,תבלין פלפל שחור טחון 80 ג',"תבליני טעם וריח בע""מ",IL,טעם וריח פלפל שחור ט,גרמים,80.00,100 גרם,false,,8.50,10.6250,true,1,42029
7290015324038,false,פפריקה מרוקאית מתוקה בשמן,"תבליני טעם וריח בע""מ",IL,טעם וריח פפריקה בשמן,גרמים,80.00,100 גרם,false,,5.60,7.0000,true,1,42030
7290015324052,false,תבלין פפריקה מתוקה 80 ג',"תבליני טעם וריח בע""מ",IL,טעם וריח פפריקה מתוק,גרמים,80.00,100 גרם,false,,5.60,7.0000,true,1,42032
7290015324069,false,תערובת תיבול גריל עוף,"תבליני טעם וריח בע""מ",IL,טעם וריח גריל עוף שק,גרמים,80.00,100 גרם,false,,5.60,7.0000,true,1,42033
7290015324076,false,טעם וריח זעתר שקית 8,"תבליני טעם וריח בע""מ",IL,טעם וריח זעתר שקית 8,גרמים,80.00,100 גרם,false,,5.10,6.3750,true,1,42034
7290015324083,false,טעם וריח מלח לימון ש,"תבליני טעם וריח בע""מ",IL,טעם וריח מלח לימון ש,גרמים,80.00,100 גרם,false,,5.60,7.0000,true,1,42035
7290015324090,false,תבלין כמון טחון 80 ג',"תבליני טעם וריח בע""מ",IL,טעם וריח כמון שקית 8,גרמים,80.00,100 גרם,false,,6.80,8.5000,true,1,42036
7290015324106,false,תבלין כורכום טחון 80 גר',"תבליני טעם וריח בע""מ",IL,טעם וריח כורכום שקית,גרמים,80.00,100 גרם,false,,6.80,8.5000,true,1,42037
7290015324120,false,טעם וריח שום גבישי ב,"תבליני טעם וריח בע""מ",IL,טעם וריח שום גבישי ב,גרמים,80.00,100 גרם,false,,10.10,12.6250,true,1,42039
7290015324151,false,תבלין חוויאג למרק ב,"תבליני טעם וריח בע""מ",IL,תבלין חוויאג למרק ב,גרמים,80.00,100 גרם,false,,5.10,6.3750,true,1,42040
7290015324168,false,תבלין על האש תיבול 80 גר' שק',"תבליני טעם וריח בע""מ",IL,תערובת תיבול על האש,גרמים,80.00,100 גרם,false,,7.00,8.7500,true,1,42041
7290015324175,false,תבלין שווארמה תיבול 80 גר' שק',"תבליני טעם וריח בע""מ",IL,תערובת תיבול לשווארמ,גרמים,80.00,100 גרם,false,,7.00,8.7500,true,1,42042
7290015324717,false,"מחית שום `טעם וריח, 210 גרם",ליני קאטייאמה פודסטא,CN,מחית שום 210 גרם,גרמים,210.00,100 גרם,false,,11.90,5.6667,true,1,255865
7290015324724,false,מחית צ`ילי חריף `טעם וריח' 230 גרם,ליני קאטייאמה פודסטא,CN,מחית צ'ילי חריף 230,גרמים,230.00,100 גרם,false,,11.90,5.1739,true,1,255879
7290015328517,false,נרונים 4 שעות 72 יח',,,נרונים 4 שעות 72 יח',יחידה,0.00,יחידה,false,,18.80,0.0000,true,1,13232
7290015347273,false,נטיפי שוקולד אמיתי לאפיה 250 גר',מיה,IL,נטיפי שוקולד מריר לא,גרמים,250.00,100 גרם,false,,8.50,3.4000,true,1,14989
7290015347464,false,קינואה מעורבת 400 גרם,"מיה תעשיות מזון בע""מ",IL,מיה קינואה מעורבת 50,גרמים,400.00,100 גרם,false,,12.80,3.2000,true,1,15002
7290015347761,false,סוכריות ג'לילנד כוכבים 125 גר',,,סוכריות ג'לי רכות כו,גרמים,125.00,100 גרם,false,,5.10,4.0800,true,1,15015
7290015348089,false,"יין למברוסקו/קאווה ביאנקו לבן 750 מ""ל",vi.mo - גאטטיקו,IT,למברוסקו אמיליאנו לב,מיליליטרים,750.00,"100 מ""ל",false,,21.30,2.8400,true,1,9542
7290015348096,false,"אמיליאנו למברוסקו רוזה 750 מ""ל",,IL,למברוסקו אמיליאנו רו,מיליליטרים,750.00,"100 מ""ל",false,,21.30,2.8400,true,1,9543
7290015366663,false,"אקווה פרש משחת שיניים מנטה עדין 100מ""ל",גלקסוסמיתקליין,SK,מש.שיניים מנטה עדין,גרמים,100.00,100 גרם,false,,6.80,6.8000,true,1,3963
7290015366670,false,משחת שיניים הגנה משולשת מנטה מרענן,גלקסוסמיתקליין,SK,מש.שיניים מנטה אקווה,גרמים,100.00,100 גרם,false,,6.80,6.8000,true,1,3964
7290015572033,false,שרי צהוב,,,שרי צהוב,יח',1.00,יח',false,,9.90,9.9000,true,1,46161
7290015597326,false,מאגדת קרחוני אייס לייט 3 טעמים 260 גר,"גלידת שטראוס בע""מ, ר",IL,מאגדת לייט אסקימו קל,גרמים,710.00,100 גרם,false,,20.40,2.8732,true,1,4345
7290015603218,false,איטריות בתוספת עגבניות 454 גרם,פוגקן לונגהי אנלידה,CN,אטריות עם עגבניות מז,גרמים,454.00,100 גרם,false,,8.50,1.8722,true,1,47119
7290015603225,false,איטריות בתוספת גזר 454 גרם,פוגקן לונגהי אנלידה,CN,אטריות עם גזר מזרח ו,גרמים,454.00,100 גרם,false,,9.40,2.0705,true,1,47120
7290015603522,false,נוזל אגוזי קוקוס 5-7% 400 מל,אסי אטיק גרו אינדוסט,TH,נוזל אגוזי קוקוס 5-7,מיליליטרים,400.00,"100 מ""ל",false,,5.90,1.4750,true,1,47122
7290015603546,false,"שימורי קרם קוקוס 17-19% 400 מ""ל (ASIATIC)(כ)",אסי אטיק גרו אינדוסט,TH,שימורי קרם קוקוס 17-,מיליליטרים,400.00,"100 מ""ל",false,,7.70,1.9250,true,1,47123
7290015603560,false,"שימורי קרם קוקוס 20-22% 400 מ""ל",אסי אטיק גרו אינדוסט,TH,שימורי קרם קוקוס 20-,מיליליטרים,400.00,"100 מ""ל",false,,8.50,2.1250,true,1,47124
7290015603638,false,אורז קלרוז מזרח ומער,מינה פונג גרין אגריק,VN,אורז עגול קלרוז לסוש,קילוגרמים,1.00,"ק""ג",false,,10.20,10.2000,true,1,47126
7290015644426,false,לחם צרפתי חיטה מלאה ודגנים 600 ג',"איטיליאן פוד, אס.פי.",IL,לחם מחמצת חיטה מלאה,גרמים,600.00,100 גרם,false,,15.30,2.5500,true,1,35263
7290015644433,false,לחם צרפתי שיפון 100% 600 ג',מאפית אנגל,IL,לחם מחמצת 100% שיפון,גרמים,600.00,100 גרם,false,,15.30,2.5500,true,1,35264
7290015652070,false,קשיו קלוי 150 גרם ששון הקולה,דין שיווק,IL,קשיו קלוי 150 גרם שש,גרמים,150.00,100 גרם,false,,11.10,7.4000,true,1,4802
7290015652087,false,תערובת פיצוחים 150 גרם ששון הקולה,דין שיווק,IL,תערובת פיצוחים 150גר,גרמים,150.00,100 גרם,false,,10.20,6.8000,true,1,4803
7290015652254,false,גרעיני חמניה קלויים 400 גרם ששון הקלה,דין שיווק,IL,גרעיני חמניה קלויים,גרמים,400.00,100 גרם,false,,8.55,2.1375,true,1,4812
7290015652261,false,בוטנים קלויים 300 גרם ששון הקולה,"דין שיווק וקלייה בע""",IL,בוטנים קלויים ששון ה,גרמים,300.00,100 גרם,false,,8.55,2.8500,true,1,4813
7290015652285,false,אגוזים קלופים 250 גרם ששון הקולה,דין שיווק,IL,אגוזים קלופים 250 גר,גרמים,250.00,100 גרם,false,,17.09,6.8360,true,1,4815
7290015652292,false,קבוקים עם שומשום 400 גרם ששון הקלה,"דין שיווק וקלייה בע""",IL,קבוקים עם שומשום ששו,גרמים,400.00,100 גרם,false,,8.55,2.1375,true,1,4816
7290015652308,false,מנצס 300 גרם ששון הקולה,,,מנצ'ס ששון הקולה 300,גרמים,300.00,100 גרם,false,,8.55,2.8500,true,1,4817
7290015652315,false,חמוציות מסוכרות 300 גרם ששון הקולה,"דין שיווק וקלייה בע""",IL,חמוציות מסוכרות ששון,גרמים,300.00,100 גרם,false,,8.55,2.8500,true,1,4818
7290015652322,false,בוטנים אמריקאיים מצופים 400 גר ששון הקלה,"דין שיווק וקלייה בע""",IL,בוטנים אמריקאים מצופ,גרמים,400.00,100 גרם,false,,8.55,2.1375,true,1,4819
7290015652346,false,פלפלים ירוקים חריפים מוחמצים 680 גרם,,,פלפלים חריפים מוחמצי,גרמים,680.00,100 גרם,false,,8.60,1.2647,true,1,177288
7290015652407,false,פיסטוק קלוי 250 גר דין שיווק,ינגאון גידה סאנאבי,IL,פיסטוק קלוי ששון הקו,גרמים,250.00,100 גרם,false,,17.09,6.8360,true,1,4826
7290015652605,false,פיסטוק קלוף 100 גרם השף,"דין שיווק וקליה בע""מ",,פיסטוק קלוף 100 גרם,גרמים,100.00,100 גרם,false,,18.80,18.8000,true,1,4838
7290015733205,false,תרכובת מזון לתינוקות חלבי שלב 1 אקסטרה קר מהדרין,מטרנה,IL,מטרנה אקסטרה קר מהדר,גרמים,700.00,100 גרם,false,,51.20,7.3143,true,1,18556
7290015733229,false,תרכובת מזון לתינוקות חלבי שלב 2 אקסטרה קר מהדרין,מטרנה,IL,מטרנה אקסטרה קר מהדר,גרמים,700.00,100 גרם,false,,51.20,7.3143,true,1,18557
7290015733243,false,מטרנה אקסטרה קר מהדרין שלב 3 700ג',מטרנה,IL,מטרנה אקסטרה קר מהדר,גרמים,700.00,100 גרם,false,,51.20,7.3143,true,1,18558
7290015766005,false,עגבניות שרי וויטני,אראל תוצרת חקלאית בע,IL,שרי וויטני יחידה,גרמים,500.00,100 גרם,false,,9.90,1.9800,true,1,50521
7290015766029,false,עגבניות שרי כתומות 4,אראל תוצרת חקלאית בע,IL,שרי כתום יח',גרמים,460.00,100 גרם,false,,9.90,2.1522,true,1,50522
7290015781053,false,"יין ויז'ן לבן יבש 750 מ""ל",יקב טפרברג 1870 בעמ,IL,ויז'ן לבן יבש,מיליליטרים,750.00,"100 מ""ל",false,,34.20,4.5600,true,1,11823
7290015781091,false,"יין ויז'ן קברנה סובניון 750 מ""ל",יקב טפרברג 1870 בעמ,IL,ויז'ן קברנה סובניון,מיליליטרים,750.00,"100 מ""ל",false,,34.20,4.5600,true,1,11824
7290015781121,false,"קברנה סוביניון אימפרשיאון 750 מ""ל-מרכז",יקב טפרברג 1870 בעמ,IL,אימפרשן קברנה סובניו,מיליליטרים,750.00,"100 מ""ל",false,,42.70,5.6933,true,1,11827
7290015781169,false,"יין קברנה סוביניון - חצי יבש אימפרשן 750מ""ל",יקב טפרברג 1870 בעמ,IL,אימפרשן אדום חצי יבש,מיליליטרים,750.00,"100 מ""ל",false,,42.70,5.6933,true,1,11831
7290015781275,false,יין MOSCATO מוסקטו לבן 750 מל,יקב טפרברג 1870 בעמ,IL,טפרברג מוסקטו לבן 75,מיליליטרים,750.00,"100 מ""ל",false,,34.20,4.5600,true,1,11833
7290015781282,false,"יין גוורצטמינר אימפרשן 750מ""ל",יקב טפרברג 1870,IL,אימפרשן גוורצטרמינר,מיליליטרים,750.00,"100 מ""ל",false,,42.70,5.6933,true,1,11834
7290015781299,false,יין שיראז אדום טפמבר,יקב טפרברג 1870 בעמ,IL,ויז'ן שיראז,מיליליטרים,750.00,"100 מ""ל",false,,34.20,4.5600,true,1,11835
7290015855082,false,ברוקולי מיני,,,ברוקולי מיני,יח',1.00,יח',false,,9.90,9.9000,true,1,35340
7290015855143,false,שום קלוף יח',,,שום קלוף,גרמים,170.00,100 גרם,false,,10.20,6.0000,true,1,48897
7290015855181,false,ג'ינג'ר ארוז,,,ג'ינג'ר ארוז,יח',1.00,יח',false,,8.90,8.9000,true,1,48898
7290015855495,false,חסה לאליק,פריסלנד,IL,חסה לאליק,יח',1.00,יח',false,,12.90,12.9000,true,1,230681
7290015858113,false,ממרח עגבניות מיובשות עללחם 180 גרם,"מדשא תעשיות מזון בע""",IL,ממרח עגבניות מיובשות,גרמים,180.00,100 גרם,false,,14.40,8.0000,true,1,23149
7290015858144,false,ממרח ארטישוק עללחם 180 גרם,זאביק יצור ושיווק מז,IL,ממרח ארטישוק עללחם 1,גרמים,180.00,100 גרם,false,,14.40,8.0000,true,1,23150
7290015858229,false,טפנד זיתי קלמטה עללחם 180 גרם,"מדשא תעשיות מזון בע""",IL,ממרח טפנד זיתי קלמטה,גרמים,180.00,100 גרם,false,,14.40,8.0000,true,1,23153
7290015865692,false,ענבי ציון-תנובה תענו,ענבי ציון,IL,תענוג פרי תות שדה ענ,גרמים,400.00,100 גרם,false,,15.30,3.8250,true,1,209238
7290015865722,false,קונפיטורת תות שדה ענ,ענבי ציון,IL,קונפיטורה לייט תות ש,גרמים,400.00,100 גרם,false,,17.10,4.2750,true,1,209294
7290015865746,false,קונפיטורה לייט פירות,,,קונפיטורה לייט פירות,גרמים,400.00,100 גרם,false,,17.10,4.2750,true,1,209296
7290015951869,false,יקבי רמת הגולן הר חר,מיוצר וממולא על ידי,IL,יקבי רמת הגולן הר חר,מיליליטרים,750.00,"100 מ""ל",false,,30.70,4.0933,true,1,41227
7290016006148,false,"שוופס מוגז עדין ענבים בקבוק 500מ""ל",,,משקה מוגז ענבים שוופ,מיליליטרים,500.00,"100 מ""ל",false,,5.10,1.0200,true,1,11698
7290016006292,false,נקטר מנגו בננה מלון קרטונית 1 ל' ספרינג,יפאורה תבורי,IL,ספרינג מנגו בננה מלו,יחידה,0.00,יחידה,false,,5.90,0.0000,true,1,11704
7290016006322,false,מי עדן בקבוק 1 ליטר,מופק ממקור בזלתי עדן,IL,מי עדן 1 ליטר,ליטרים,1.00,ליטר,false,,2.60,2.6000,true,1,11705
7290016006339,false,מים מינרלים - מארז רביעייה,מופק ממקור בזלתי עדן,IL,מי עדן רביעייה 1 ליט,ליטרים,4.00,ליטר,false,,9.50,2.3750,true,1,11706
7290016096491,false,נתחי טונה בהירה בשמן צמחי שלישיה *80ג' פילטונה,תעשיות פילטונה,IL,נתחי טונה בשמן צמחי,גרמים,240.00,100 גרם,false,,10.20,4.2500,true,1,26364
7290016096675,false,טונה בשמן זית פילטונ,,,טונה בשמן זית פילטונ,גרמים,240.00,100 גרם,false,,15.30,6.3750,true,1,26369
7290016096811,false,רביעיית ממרח טונה פילטונה 160 גר'*4,תעשיות פילטונה,IL,ממרח טונה פילטונה רב,גרמים,160.00,100 גרם,false,,17.10,10.6875,true,1,110327
7290016096934,false,מארז זוגות סלט טונה 2*160 ג' פילטונה,תעשיות פילטונה,IL,סלט טונה 2 יח' פילטו,גרמים,320.00,100 גרם,false,,10.20,3.1875,true,1,148556
7290016104271,false,ריבת חלב פוליבה 340 גר,,,ריבת חלב 340 גר`,גרמים,340.00,100 גרם,false,,11.10,3.2647,true,1,13277
7290016117417,false,כרית יפנית 6 יח,,,כרית יפנית 6 יח,יחידה,0.00,יחידה,false,,7.70,0.0000,true,1,275319
7290016136111,false,תערובת להכנת מאפים ללא גלוטן 500 G FREE,אשבל -מזון פונקציונל,IL,תערובת קמח להכנת לחם,גרמים,500.00,100 גרם,false,,14.50,2.9000,true,1,39634
7290016144000,false,"קמח חיטה מלאה נפלאות 80% 1 ק""ג","קמח מלכים בע""מ",IL,קמח חיטה 80% נפלאות,קילוגרמים,1.00,"ק""ג",false,,8.50,8.5000,true,1,46951
7290016144017,false,"קמח מלא נפלאות 100% ללא ניפוי 1 ק""ג",קמח מלכים,IL,קמח חיטה מלאה 100% נ,קילוגרמים,1.00,"ק""ג",false,,8.50,8.5000,true,1,46952
7290016144024,false,"קמח כוסמין מלא נפלאות 100% 1 ק""ג","קמח מלכים בע""מ",IL,קמח כוסמין מלא 100%,קילוגרמים,1.00,"ק""ג",false,,12.80,12.8000,true,1,46953
7290016150117,false,סלק אדום מבושל 500 ג' בוואקום,חקלאי,IL,מעדן סלק בוואקום 500,גרמים,500.00,100 גרם,false,,5.10,1.0200,true,1,46815
7290016150711,false,AVEL נוזל קוקוס תאיל,,,AVEL נוזל קוקוס תאיל,מיליליטרים,400.00,"100 מ""ל",false,,5.10,1.2750,true,1,48479
7290016150865,false,מיזלי בננה ותמר גרין,וויטליה,MK,מיזלי בננה ותמר גרין,קילוגרמים,1.00,"ק""ג",false,,21.30,21.3000,true,1,217690
7290016162219,false,כדורי שוקולד קוקוס קפולסקי 280 גר',קפולסקי שיווק וקמעונ,IL,כדורי שוקולד פרווה,גרמים,280.00,100 גרם,false,,26.40,9.4286,true,1,39526
7290016162264,false,עוגת גבינה רנססנס 450 גר',קפולסקי שיווק וקמעונ,IL,עוגת גבינה רנסנס 450,גרמים,450.00,100 גרם,false,,35.00,7.7778,true,1,39531
7290016197488,false,מטליות מיקרופייבר למשטחים ניקול 3יח',UFO INC,CN,מטלית קסם לשיש מארז,יחידה,0.00,יחידה,false,,10.20,0.0000,true,1,9091
7290016197839,false,ניקול השקית החזקה 20 יח' XL,אשפלסט תעשיות בעמ,IL,ניקול השקית החזקה XL,יחידה,0.00,יחידה,false,,22.10,0.0000,true,1,9098
7290016197877,false,ניקול שקיות לפחי מטבח קטנים 60 יח' M,,,שקית לפחי מטבח קטנים,יחידה,0.00,יחידה,false,,18.70,0.0000,true,1,9100
7290016217742,false,חציל על אש בטחינה 200 גר,"סלטי שמיר 2006 בע""מ",IL,חציל בטחינה סלטי שמי,גרמים,200.00,100 גרם,false,,9.32,4.6600,true,1,17576
7290016246018,false,בארכה מיקס פינוקיות חלבה 10*20 גרם.,רושדי תעשיות מזון בע,IL,בארכה מיקס פינוקיות,גרמים,200.00,100 גרם,false,,10.20,5.1000,true,1,18561
7290016246209,false,חטיף חלבה וניל 100 גרם בארכה,בארכה,,בארכה חטיף חלבה וניל,גרמים,100.00,100 גרם,false,,3.30,3.3000,true,1,18564
7290016246490,false,בארכה חלבה קלאסית 400 גרם,,IL,בארכה חלבה קלאסית 40,גרמים,400.00,100 גרם,false,,9.00,2.2500,true,1,18570
7290016270907,false,ברוקולי ארוז במגשית,,,ברוקולי,יח',1.00,יח',false,,8.90,8.9000,true,1,50524
7290016277630,false,צנובר 150 גרם ששון - קופסא,,,צנובר טבעי 150 גרם ש,גרמים,150.00,100 גרם,false,,26.40,17.6000,true,1,102651
7290016319187,false,טוסו עוגיות סנדוויץ שוקו במילוי קרם שוקולד *זוג* 300 גרם,בטר אנד דיפרנט,IL,עוגיות סנדוויץ שוקו,גרמים,300.00,100 גרם,false,,14.50,4.8333,true,1,106077
7290016321661,false,מגבונים פרש וואנס סנסיטיב קר רביעייה,עלבד משואות יצחק,IL,מגבוני פרש וואנס רבי,יחידה,0.00,יחידה,false,,13.60,0.0000,true,1,6048
7290016321678,false,מגבונים לחים בניחוח מרענן עם תמציות קמומיל ואלוורה,עלבד משואות יצחק,IL,פרשוואנס רביעייה נטו,יחידה,0.00,יחידה,false,,13.60,0.0000,true,1,6049
7290016321883,false,פ.ו נייר טואלט מתכלה ילדים 40יח- שלישייה,עלבד משואות יצחק,IL,פרשוואנס נייר טואלט,יחידה,0.00,יחידה,false,,11.50,0.0000,true,1,6051
7290016321890,false,פ.ו נייר טואלט מתכלה מבוגרים 40יח- שלישייה,עלבד משואות יצחק בעמ,IL,פרשוואנס נייר טואלט,יחידה,0.00,יחידה,false,,11.50,0.0000,true,1,6052
7290016329278,false,רביעייה מגבוני קמיל בלו 64 יח',"ד""ר פישר Dr fischer",IL,מגבוני קמיל 64 יח` מ,יחידה,0.00,יחידה,false,,17.10,0.0000,true,1,29033
7290016334500,false,לבבות חסה זוגות בשקי,,,לבבות חסה זוגות בשקי,יח',1.00,יח',false,,9.90,9.9000,true,1,47319
7290016372335,false,עגבניות חתוכות לקובי,,,עגבניות חתוכות לקובי,גרמים,400.00,100 גרם,false,,6.00,1.5000,true,1,158636
7290016372342,false,עגבניות חתוך קוביות גראנד איטליה מארז 400X3ג',גרנד איטליה Grand Italia,IT,עגבניות חתוכות לקובי,גרמים,400.00,100 גרם,false,,14.40,3.6000,true,1,24573
7290016387483,false,שייני כריות יפניות דו צדדיות 3 יח',מ.א ייצור ושיווק מטל,IL,3 כריות יפניות דו צד,יחידה,0.00,יחידה,false,,5.60,0.0000,true,1,13573
7290016387698,false,כריות יפניות פנינה עדינות,,,כריות יפניות דו צדדי,יחידה,0.00,יחידה,false,,5.60,0.0000,true,1,13575
7290016416961,false,פס מוס גבינה עם תות שדה,קפולסקי שיווק וקמעונ,IL,עוגת פס מוס גבינה תו,גרמים,400.00,100 גרם,false,,35.00,8.7500,true,1,39536
7290016437621,false,"תחתוני חיתולים פרידום דריי מידה 4 9-11 ק""ג",קימברלי קלארק צ'כיה,CZ,האגיס פרידום דריי 3,יחידה,0.00,יחידה,false,,40.10,0.0000,true,1,9110
7290016437645,false,תחתוני חיתולים האגיס פרידום דריי (5),קימברלי קלארק צ'כיה,CZ,האגיס פרידום דריי 32,יחידה,0.00,יחידה,false,,40.10,0.0000,true,1,9111
7290016440911,false,מלפפונים ביתיים כבושים,מעדני עופר,,מלפפונים ביתיים כבוש,גרמים,500.00,100 גרם,false,,17.01,3.4020,true,1,185179
7290016509342,false,סוד שלישייה סבון לאסל כחול אקטיבי אקנומיקה,הנקל סוד,RS,סוד מארז שלישיה כדור,גרמים,150.00,100 גרם,false,,15.00,10.0000,true,1,34670
7290016509786,false,פרסיל - ג'ל כביסה ירוק 2.50 ליטר,פרסיל Persil,IL,פרסיל ג'ל 2.5 ליטר י,ליטרים,2.50,ליטר,false,,29.90,11.9600,true,1,34676
7290016509809,false,ג'ל מרוכז לכביסה קולור 2.5 ל' פרסיל,פרסיל Persil,IL,פרסיל ג'ל 2.5 ליטר ק,ליטרים,2.50,ליטר,false,,29.90,11.9600,true,1,34678
7290016509823,false,ג'ל לכביסה לבנה וצבעונית בניחוח רענן,פרסיל Persil,IL,פרסיל ג'ל 2.5 ליטר ב,ליטרים,2.50,ליטר,false,,29.90,11.9600,true,1,34680
7290016509830,false,ג'ל כביסה לבגדי תינוקות ובעלי עור רגיש Sensitive,פרסיל Persil,IL,פרסיל ג'ל 2.5 ליטר ב,ליטרים,2.50,ליטר,false,,29.90,11.9600,true,1,34681
7290016509847,false,ג'ל כביסה לבגדים שחורים וכהים,פרסיל Persil,IL,פרסיל ג'ל 2.5 ליטר ב,ליטרים,2.50,ליטר,false,,29.90,11.9600,true,1,34682
7290016566185,false,בקבוק שתיה H20 750 מ,,,בקבוק שתיה H20 750 מ,יחידה,0.00,יחידה,false,,29.90,0.0000,true,1,14084
7290016566215,false,אטבי כביסה 18 יחידות סיליקון מוסקו,,,אטבי כביסה 18 יח,יחידה,0.00,יחידה,false,,8.50,0.0000,true,1,14086
7290016682168,false,"פריניב מיץ תפוזים ולנסיה סחוט 100% 400 מ""ל",פרי ניב,IL,מיץ תפוזים סחוט וולנ,מיליליטרים,400.00,"100 מ""ל",false,,7.70,1.9250,true,1,146600
7290016682182,false,פריניב שייק תמר בננה מופחת סוכר 1 ליטר,פריניב בעמ,IL,שייק תמר בננה מופחת,יחידה,0.00,יחידה,false,,14.50,0.0000,true,1,49032
7290016682199,false,פריניב שייק תות בננה מופחת סוכר 1 ליטר,פריניב בעמ,IL,שייק תות בננה מופחת,יחידה,0.00,יחידה,false,,14.50,0.0000,true,1,49033
7290016682250,false,מיץ תפוז גזר פרי ניב 1 ליטר,פרי ניב,IL,מיץ תפוז וגזר סחוט 1,ליטרים,1.00,ליטר,false,,14.50,14.5000,true,1,301466
7290016682397,false,מיץ חמוציות פרי ניב 2 ליטר-,פריניב,IL,נקטר חמוציות פריניב,ליטרים,2.00,ליטר,false,,16.20,8.1000,true,1,196227
7290016693041,false,"יין אמירים רזרב קברנה 750 מ""ל!.",יקבי ארזה,IL,יין אמירים קברנה 750,מיליליטרים,750.00,"100 מ""ל",false,,15.40,2.0533,true,1,11920
7290016717099,false,"יין כרמל סלקטד אדום חצי יבש, 750 מ""ל",יקבי כרמל Carmel Winery,IL,יין סלקטד אדום חצי י,מיליליטרים,750.00,"100 מ""ל",false,,25.60,3.4133,true,1,630
7290016717631,false,יין מוסקטו בעל חוזק אלכוהול נמוך פרייבט קולקשן,אגודת הכורמים הקואופ,IL,יין P.C מוסקטו יין,מיליליטרים,750.00,"100 מ""ל",false,,34.10,4.5467,true,1,637
7290016717754,false,"יין ישן נושן יקבי כרמל 750 מ""ל ^^^",אגודת הכורמים הקואופ,IL,"ישן נושן 750מ""ל.",מיליליטרים,750.00,"100 מ""ל",false,,16.20,2.1600,true,1,638
7290016717976,false,"יין BUZZ ספארקלינג אפרסק 750 מ""ל",יקבי כרמל,IL,יין באזז ספארקלינג א,מיליליטרים,750.00,"100 מ""ל",false,,23.90,3.1867,true,1,68246
7290016866643,false,משחת שיניים פרודונטקס אקסטרה פרש,פרודונטקס Parodontax,SK,מש.שיניים פרש פרודונ,מיליליטרים,75.00,"100 מ""ל",false,,27.30,36.4000,true,1,4030
7290016866650,false,"פרודונטקס - משחת שיניים אוריג'ינל 75 מ""ל",פרודונטקס Parodontax,SK,מש.שיניים אוריגינל פ,מיליליטרים,75.00,"100 מ""ל",false,,27.30,36.4000,true,1,4031
7290016866667,false,"פרודונטקס - משחת שיניים ללא פלאוריד 75 מ""ל",פרודונטקס Parodontax,SK,מש.שיניים פלאוריד פר,מיליליטרים,75.00,"100 מ""ל",false,,27.30,36.4000,true,1,4032
7290016867046,false,פיתות קלות כוסמין במתיקות מעודנת 6 יח',המאפה של דר מרק בריא,IL,פיתות קלות כוסמין במ,גרמים,303.00,100 גרם,false,,12.80,4.2244,true,1,184615
7290016867114,false,לחם כוסמין קל מלא 500 גר',המאפה של דר מרק בריא,IL,לחם כוסמין קל מלא 50,גרמים,500.00,100 גרם,false,,15.30,3.0600,true,1,184570
7290016867152,false,פיתות קלות כוסמין 5 יחידות 330 גר,המאפה של דר מרק בריא,IL,פיתות קלות כוסמין 29,גרמים,292.00,100 גרם,false,,11.90,4.0753,true,1,184618
7290016867176,false,"לחמניות קלות כוסמין שומשום 6יח' ד""ר מרק",המאפה של דר מרק,IL,לחמניות ק. כוסמין שו,גרמים,300.00,100 גרם,false,,11.90,3.9667,true,1,184619
7290016867237,false,לחם קל כוסמין במתיקות מעודנת 400ג',המאפה של דר מרק בריא,IL,לחם קל כוסמין במתיקו,גרמים,400.00,100 גרם,false,,16.20,4.0500,true,1,184571
7290016867244,false,לחמניות מחמצת כוסמין 99 קלוריות מארז,המאפה של דר מרק בריא,IL,לחמניות מחמצת כוסמין,גרמים,321.00,100 גרם,false,,12.80,3.9875,true,1,184601
7290016967074,false,לחם חיטה מלאה עם גרעינים ודגנים,מאפיית שלמה א. אנג'ל,IL,חיטה מלאה אנגל 750 ג,גרמים,750.00,100 גרם,false,,14.40,1.9200,true,1,35266
7290016967456,false,לחם צרפתי מחמצת 100% כוסמין 600 ג' אנג'ל,מאפיית שלמה א.אנג'ל,IL,לחם מחמצת כוסמין אנג,גרמים,600.00,100 גרם,false,,15.30,2.5500,true,1,35267
7290016980004,false,בטטה סגולה מארז,,,בטטה סגולה מארז,יח',1.00,יח',false,,9.90,9.9000,true,1,50525
7290017023229,false,רביעיית פחיות שוופס מוגז פירות תות ליים 330 מל.,יפאורה תבורי,IL,רביעיית משקה שוופס ב,ליטרים,1.32,ליטר,false,,12.10,9.1667,true,1,11727
7290017023809,false,"רביעיית ספרינג אגס סברס תפוח 250 מ""ל",יפאורה תבורי,IL,ספרינג אגס סברס תפוח,ליטרים,1.00,ליטר,false,,10.60,10.6000,true,1,11748
7290017023823,false,"רביעיית ספרינג תות בננה 250 מ""ל",יפאורה תבורי,IL,ספרינג תות בננה 250,ליטרים,1.00,ליטר,false,,10.60,10.6000,true,1,11750
7290017031156,false,דפים על בסיס קמח תירס ואורז ללא גלוטן 250 גר',,IT,דפים לזניה קמח תירס,גרמים,250.00,100 גרם,false,,13.60,5.4400,true,1,39667
7290017031705,false,"סנסודיין - משחת שיניים קלין&פרש 75 מ""ל",גלקסוסמיתקליין,GB,משחת שיניים קלין&פרש,מיליליטרים,75.00,"100 מ""ל",false,,18.80,25.0667,true,1,4049
7290017031811,false,פרודונטקס - זוג מברשות שיניים,גלקסוסמיתקליין,CN,זוג מברשות פרודונטקס,יחידה,0.00,יחידה,false,,17.10,0.0000,true,1,331145
7290017062662,false,מרכך כביסה מרוכז כתום 1*5 ליטר טאצ,,,מרכך כביסה מרוכז טאצ,ליטרים,1.00,ליטר,false,,11.10,11.1000,true,1,112045
7290017062693,false,מרכך כביסה מרוכז לבן 1*5 ליטר טאצ,סאסאטק,IL,מרכך כביסה מרוכז טאצ,ליטרים,1.00,ליטר,false,,11.10,11.1000,true,1,112047
7290017062747,false,"נ.כלים 36% תפוח טאצ' +משאבה 750 מ""ל",,,נוזל כלים תפוח 36% 7,מיליליטרים,750.00,"100 מ""ל",false,,7.70,1.0267,true,1,103686
7290017062907,false,"קצף לכלים בניחוח תפוח 500 מ""ל פלירוסול - מילוי",,,קצף לכלים בניחוח תפו,מיליליטרים,500.00,"100 מ""ל",false,,10.20,2.0400,true,1,230471
7290017062921,false,קצף לכלים בניחוח לימ,,,קצף לכלים בניחוח לימ,מיליליטרים,500.00,"100 מ""ל",false,,10.20,2.0400,true,1,230473
7290017065007,false,פרוסות גבינה מוצרלה חצי קשה 22% שומן 200 ג' גד,מחלבות גד בעמ,IL,מוצרלה פרוסה חצי קש,גרמים,200.00,100 גרם,false,,16.80,8.4000,true,1,14484
7290017065137,false,ריקוטה למריחה 5% טבעית 200 גרם - רובין,האי נאם סי או אל.טי.,IL,גבינה ריקוטה למריחה,גרמים,200.00,100 גרם,false,,9.30,4.6500,true,1,14487
7290017065212,false,גבינת קרם מסקרפונה מחלבות גד 250 גר,מיוצר עי קוד יצרן ED,IL,קרם מסקרפונה להקצפה,גרמים,250.00,100 גרם,false,,17.00,6.8000,true,1,14493
7290017065236,false,גבינה בולגרית מעודנת 24% גד 250 ג',הנסיך- מפעל לייצור ט,IL,בולגרית מעודנת 24% 2,גרמים,250.00,100 גרם,false,,20.40,8.1600,true,1,14494
7290017065380,false,גבינת גרנה פדנו שבבים 29%,מחלבות גד,IT,גרנה פדנו שבבים 100,גרמים,100.00,100 גרם,false,,12.50,12.5000,true,1,14500
7290017065526,false,קוואטרו פורמאג'י 4 גבינות מגוררות 26%,מחלבות גד בעמ,IL,גד קוואטרו פורמאג'י,גרמים,300.00,100 גרם,false,,26.40,8.8000,true,1,14511
7290017065786,false,גבינת צ'דר אנגלית גד 210 ג',מחלבות גד,IL,גבינה אנגלית קשה צ'ד,גרמים,210.00,100 גרם,false,,18.70,8.9048,true,1,216930
7290017068367,false,שמרים בוואקום 125 גרם,מיה,IL,מיה שמרים בוואקום 12,גרמים,125.00,100 גרם,false,,4.20,3.3600,true,1,15046
7290017068374,false,שמרים בוואקום 500 גרם,angle yeast co ltd,IL,מיה שמרים בוואקום 50,גרמים,500.00,100 גרם,false,,9.40,1.8800,true,1,15047
7290017088051,false,בייביסיטר - חיתולי סטנדרט מידה 3 - 52 יח',בייביסיטר Babysitter,IL,חיתולי ביייביסיטר סט,יח',52.00,יח',false,,29.90,0.5750,true,1,275220
7290017088068,false,בייביסיטר - חיתולי סטנדרט מידה 4 - 42 יח',בייביסיטר Babysitter,IL,חיתולי ביייביסיטר סט,יח',42.00,יח',false,,29.90,0.7119,true,1,275221
7290017088075,false,בייביסיטר - חיתולי סטנדרט מידה 4+ - 40 יח',בייביסיטר Babysitter,IL,חיתולי ביייביסיטר סט,יח',40.00,יח',false,,29.90,0.7475,true,1,275222
7290017088082,false,בייביסיטר - חיתולי סטנדרט מידה 5 - 36 יח',בייביסיטר Babysitter,IL,חיתולי ביייביסיטר סט,יח',36.00,יח',false,,29.90,0.8306,true,1,275223
7290017088105,false,טיטולי בייביסיטר מידה 3 38 יח,די.פי.אל תעשיות מוצר,IL,ביייביסיטר נוחות מיד,יח',40.00,יח',false,,29.80,0.7450,true,1,29321
7290017088815,false,BREEZE תחבושות לבריחת שתן נורמל(12 יח),בריז Breeze,IT,תחבושות Breeze לבריח,יח',12.00,יח',false,,16.20,1.3500,true,1,144898
7290017088839,false,BREEZE תחבושות לבריחת שתן אקסטרה פלוס (8 יח'),בריז Breeze,IT,תחבושות Breeze לבריח,יח',12.00,יח',false,,16.20,1.3500,true,1,144900
7290017088846,false,BREEZE תחבושות לבריחת שתן מקסי (8 יח'),בריז Breeze,IT,תחבושות Breeze לבריח,יח',12.00,יח',false,,16.20,1.3500,true,1,144901
7290017088853,false,BREEZE תחתונים לבריחת שתן מידה M יח' 14,EUROFIL,IT,תחתונים סופגים Breez,יח',14.00,יח',false,,64.10,4.5786,true,1,144988
7290017088860,false,BREEZE תחתונים לבריחת שתן מידה L יח' 14,EUROFIL,IT,תחתונים סופגים Breez,יח',14.00,יח',false,,64.10,4.5786,true,1,145025
7290017088914,false,מגבונים בייביסיטר מבושם 66X6 יח',,,מגבונים מבושם בייביס,יחידה,0.00,יחידה,false,,14.50,0.0000,true,1,97928
7290017105062,false,גרגירי חומוס שלם יכין הקטניה הטובה 200 ג,היינץ צפון אמריקה מק,IL,חומוס 6OZ יכין 200 ג,גרמים,200.00,100 גרם,false,,3.30,1.6500,true,1,8750
7290017105086,false,שימורי יכין שעועית צילי 200 גר,"זנלכל בע""מ",IL,שעועית צ'ילי 6OZ יכי,גרמים,200.00,100 גרם,false,,3.30,1.6500,true,1,8752
7290017105123,false,שימורי פול יכין הקטניה הטובה 200 גר,היינץ צפון אמריקה מק,IL,פול מצרי 6OZ יכין 20,גרמים,200.00,100 גרם,false,,3.30,1.6500,true,1,8756
7290017105468,false,מארז שלישייה אפונה קטנה יכין 3*200 גר,קשקמט קונסרב הונגריה,IL,אפונה יכין 3*120 גרם,גרמים,360.00,100 גרם,false,,11.90,3.3056,true,1,8759
7290017105550,false,רביעיית רסק עגבניות 100% יכין 4X100 גרם,היינץ צפון אמריקה מק,IL,מאגדת רסק עגבניות יכ,גרמים,400.00,100 גרם,false,,10.20,2.5500,true,1,8760
7290017105895,false,גרגרי חומוס להכנת חומוס 550 גרם יכין,זנלכל,IL,גרגרי חומוס מסעדות י,גרמים,550.00,100 גרם,false,,8.50,1.5455,true,1,82645
7290017129822,false,מטבעות שוקולד מריר 36 גרם כרמית,כרמית,IL,לני מטבעות שוקולד מר,גרמים,36.00,100 גרם,false,,3.40,9.4444,true,1,38362
7290017140056,false,קמח חומוס ללא גלוטן 500 גרם,אופק מן הטבע,IL,קמח חומוס שי של הטבע,גרמים,500.00,100 גרם,false,,13.60,2.7200,true,1,217585
7290017140063,false,"קמח עדשים אדומות לל""ג 500 גרם",,,קמח עדשים אדומות שי,גרמים,500.00,100 גרם,false,,13.60,2.7200,true,1,217586
7290017140254,false,קמח כוסמת ירוקה 500 גרם,,IL,קמח כוסמת ירוקה שי ש,גרמים,500.00,100 גרם,false,,13.60,2.7200,true,1,217587
7290017142005,false,"שמן קוקוס אורגני עץ הזית צנצנת 320מ""ל",אקספלונקה,LK,שמן קוקוס אורגני כתי,מיליליטרים,320.00,"100 מ""ל",false,,26.40,8.2500,true,1,29125
7290017142012,false,שמן קוקוס אורגני כתית 500 גר עץ הזית,עץ הזית,,שמן קוקוס אורגני כתי,מיליליטרים,500.00,"100 מ""ל",false,,35.00,7.0000,true,1,29126
7290017142111,false,פתיתי טונה בשמן זית טו גו עץ הזית 85 גרם,שמן תעשיות,TH,פתיתי טונה בהירה בשמ,גרמים,85.00,100 גרם,false,,8.50,10.0000,true,1,29132
7290017142128,false,"שמן זית כתית מעולה קלאסי עץ הזית 750 מ""ל",שמן תעשיות,IL,שמן זית כתית מעולה ק,מיליליטרים,750.00,"100 מ""ל",false,,29.00,3.8667,true,1,29133
7290017142203,false,פילה טונה בשמן זית בטעם מעושן עץ המוצר 120 ג',"יוניקורד ח.צ בע""מ",IL,פילה טונה פרוס עם בש,גרמים,120.00,100 גרם,false,,12.80,10.6667,true,1,29137
7290017142289,false,"תרסיס שמן חמניות לל""ת גז עץ הזית 200מ""ל",שמן תעשיות,IL,תרסיס שמן חמניות עץ,מיליליטרים,200.00,"100 מ""ל",false,,14.10,7.0500,true,1,29142
7290017142371,false,"שמן שומשום עץ הזית 250 מ""ל",גאה די. או. או.,SI,שמן שומשום לא מזוכך,מיליליטרים,250.00,"100 מ""ל",false,,25.60,10.2400,true,1,29149
7290017142388,false,שמן חמניות אומגה 3 פלוס 1 ליטר עץ הזית,שמן תעשיות,IL,שמן חמניות פלוס אומג,ליטרים,1.00,ליטר,false,,13.60,13.6000,true,1,29150
7290017142395,false,טונה עם פסטה בשמן זית 160 גרם עץ הזית,,TH,פסטה עם טונה בשמן זי,גרמים,160.00,100 גרם,false,,11.90,7.4375,true,1,29151
7290017142401,false,קינואה לבנה ואדומה עם טונה בשמן זית 160 גרם,ג'נרל מילס סאן אדריא,TH,קינואה לבנה ואדומה ע,גרמים,160.00,100 גרם,false,,11.90,7.4375,true,1,100299
7290017142418,false,ארוחה אורז עם עדשים טונה בשמן זית 160 גר',יוניקורד ח.צ בעמ,TH,אורז עדשים עם טונה ב,גרמים,160.00,100 גרם,false,,11.90,7.4375,true,1,29152
7290017142500,false,תרסיס שמן זית כתית מעולה בטעם שום 150מל,קומטמפ קומפניה פורטו,IT,תרסיס שמן זית כתית ב,מיליליטרים,150.00,"100 מ""ל",false,,17.10,11.4000,true,1,277113
7290017142609,false,תרסיס שמן זית כתית ב,קונפניה,IT,תרסיס שמן זית כתית ב,מיליליטרים,150.00,"100 מ""ל",false,,17.10,11.4000,true,1,277114
7290017142623,false,תרסיס שמן זית כתית מעולה בטעם צ'ילי 150 מל',קונפניה,IT,תרסיס שמן זית כתית ב,מיליליטרים,150.00,"100 מ""ל",false,,17.10,11.4000,true,1,277115
7290017189215,false,וופל בלגי מקורי גופר,,,וופל בלגי מקורי גופר,גרמים,220.00,100 גרם,false,,11.10,5.0455,true,1,185288
7290017189246,false,מיני פנקייק קפוא 500,,ES,מיני פנקייק קפוא 500,גרמים,500.00,100 גרם,false,,19.60,3.9200,true,1,185289
7290017239774,false,מקלות סורימי ארוז 35,,,מקלות סורימי ארוז 35,גרמים,250.00,100 גרם,false,,21.30,8.5200,true,1,230154
7290017304885,false,לחם שיפון מחיטה מלאה ללא תוספת סוכר 750 ג' אנג'ל,מאפית אנגל,IL,לחם שיפון וחיטה מלאה,גרמים,750.00,100 גרם,false,,14.40,1.9200,true,1,35272
7290017374390,false,סט שרותים מיוחד PINA,,,סט לשרותים TORINO (,יחידה,0.00,יחידה,false,,21.30,0.0000,true,1,13583
7290017374857,false,מטאטא דבורה + מקל מודפס,,,מטאטא דבורה BUZZZ +,יחידה,0.00,יחידה,false,,19.60,0.0000,true,1,296348
7290017374925,false,מטאטא אמור AMOR + מק,,,מטאטא אמור AMORE,יחידה,0.00,יחידה,false,,17.10,0.0000,true,1,296363
7290017389028,false,אננס מיובש ללא סוכר 160 גרם קופסא,שקדיה,,אננס מיובש ללא סוכר,גרמים,160.00,100 גרם,false,,17.10,10.6875,true,1,4892
7290017440248,false,סרקל מרכך לילדים לשיער מתולתל,"ד""ר פישר Dr fischer",IL,סרקל מתולתל מרכך 1,ליטרים,1.00,ליטר,false,,24.80,24.8000,true,1,29082
7290017440682,false,שמפו לשיער בהיר-בלונדיני,"ד""ר פישר Dr fischer",IL,"שמפו בלונד 400 מ""ל",מיליליטרים,400.00,"100 מ""ל",false,,25.60,6.4000,true,1,115489
7290017440699,false,"מרכך ד""ר פישר בלונד 400 מ""ל","ד""ר פישר",IL,"מרכך בלונד 400 מ""ל ד",מיליליטרים,400.00,"100 מ""ל",false,,25.60,6.4000,true,1,115504
7290017440965,false,אל סבון היגייני לניקוי יסודי ולהזנת העור clean & nourish,"ד""ר פישר Dr fischer",IL,אל סבון ניקיון ולחות,ליטרים,1.00,ליטר,false,,13.60,13.6000,true,1,29091
7290017457574,false,כדוריות סבון נתלה לאסלה בניחוח פרחים - 3 יח',הנקל סוד,RS,סוד סבון 4 כדוריות ל,גרמים,150.00,100 גרם,false,,15.00,10.0000,true,1,34690
7290017457581,false,"סוד מרכך כביסה מרוכז קוקוס 900 מ""ל",הנקל סוד,IL,מרכך כביסה מרוכז סוד,מיליליטרים,900.00,"100 מ""ל",false,,10.20,1.1333,true,1,34691
7290017457727,false,"סוד - מרכך כביסה מרוכז פרש סקיי 900 מ""ל",הנקל סוד,IL,מרכך כביסה מרוכז סוד,מיליליטרים,900.00,"100 מ""ל",false,,10.20,1.1333,true,1,34700
7290017457734,false,"סוד - מרכך כביסה מרוכז ווילד רוז 900 מ""ל",הנקל סוד,IL,מרכך כביסה מרוכז סוד,מיליליטרים,900.00,"100 מ""ל",false,,10.20,1.1333,true,1,34701
7290017457871,false,גל כביסה סוד טוטל ירוק 4 ל,הנקל סוד,IL,ג'ל כביסה סוד ירוק 4,ליטרים,4.00,ליטר,false,,29.90,7.4750,true,1,72144
7290017457925,false,סוד מרכך כביסה מרוכז פרש קונטרול ורוד,הנקל סוד,IL,מרכך כביסה מרוכז סוד,מיליליטרים,900.00,"100 מ""ל",false,,10.20,1.1333,true,1,103978
7290017457932,false,סוד מרכך כביסה מרוכז פרש קונטרול כחול,הנקל סוד,IL,מרכך כביסה מרוכז סוד,מיליליטרים,900.00,"100 מ""ל",false,,10.20,1.1333,true,1,103965
7290017477169,false,קשיו קלוי 250 גרם ששון הקולה,ששון,IL,קשיו קלוי ששון הקולה,גרמים,250.00,100 גרם,false,,17.09,6.8360,true,1,4898
7290017513485,false,מחית עגבניות רוסטיקה בלה איטליה 680 ג',היצרן: ס.פ. פודנצנו,IT,מחית עגבניות רוסטיקה,גרמים,680.00,100 גרם,false,,10.20,1.5000,true,1,24606
7290017513867,false,תה ירוק לימונית ולואיזה בתוספת ויטמינים D+C,ויסוצקי,IL,תה ירוק לימונית לואי,גרמים,37.50,100 גרם,false,,20.40,54.4000,true,1,101451
7290017589633,false,"רזרב גולד אדישיין קברנה סוביניון 750 מ""ל",יקבי ברקן Barkan,IL,יין רזרב קברנה גולד,מיליליטרים,750.00,"100 מ""ל",false,,41.90,5.5867,true,1,9556
7290017599229,false,ממתיק סוכרלוז 200 טבליות סוכרזית,ביסקול,IL,סוכרזית סוכרלוז 200,גרמים,17.00,100 גרם,false,,20.50,120.5882,true,1,221260
7290017599267,false,סוכרלוז 120 שקיות ממתיק שולחני,סוכרזית Sucrazit,IL,סוכרזית סוכרלוז ממתי,גרמים,120.00,100 גרם,false,,21.30,17.7500,true,1,298343
7290017599304,false,סוכרזית מהטבע סטיוויה כפית לכפית 400 גרם,ביסקול בעמ,IL,סוכרזית כפית לכפית מ,גרמים,400.00,100 גרם,false,,30.70,7.6750,true,1,302530
7290017617046,false,נתחי טונה בשמן זית כתית מעולה רביעיה * 140 ג',דרדנל,TR,טונה בשמן זית סטארקי,גרמים,560.00,100 גרם,false,,21.30,3.8036,true,1,26478
7290017617084,false,סטארקיסט מיקס טוגו טונה עם שעועית 185 גרם,דרדנל אוננטאס גידה,TR,סטארקיסט מיקס 185 גר,גרמים,185.00,100 גרם,false,,11.03,5.9622,true,1,233415
7290017617091,false,סטארקיסט מיקס טוגו טונה עם פתיתים 185 גרם,דרדנל אוננטאס גידה,TR,סטארקיסט מיקס 185 גר,גרמים,185.00,100 גרם,false,,11.03,5.9622,true,1,195964
7290017617107,false,סטארקיסט מיקס טוגו טונה עם 4 דגנים 185 גרם,"איטיליאן פוד, אס.פי.",TR,סטארקיסט מיקס 185 גר,גרמים,185.00,100 גרם,false,,11.03,5.9622,true,1,195965
7290017619736,false,ארגז עץ עם מכסה wood,,,ארגז עץ עם מכסה wood,יחידה,0.00,יחידה,false,,76.90,0.0000,true,1,231080
7290017637549,false,מרכך לשיער בלונד 500 מל מיקי בוגנים,מיקי בוגנים,,מרכך BLOND לשיער בלו,מיליליטרים,500.00,"100 מ""ל",false,,34.20,6.8400,true,1,260263
7290017637594,false,שמפו יומיומי זיכרונות מתוקים 500 מל,מיקי בוגנים,,שמפו שיער רגיל MB S,מיליליטרים,500.00,"100 מ""ל",false,,21.30,4.2600,true,1,260281
7290017647425,false,יין גמלא קברנה סוביניון 2019 750 מל,יקב רמת הגולן,,יין גמלא קברנה סובינ,מיליליטרים,750.00,"100 מ""ל",false,,58.10,7.7467,true,1,84915
7290017647708,false,"יין גמלא גוורצטרמינר 21 עברית 750 מ""ל",רמת הגולן,IL,גמלא גוורצטרמינר רמת,מיליליטרים,750.00,"100 מ""ל",false,,55.80,7.4400,true,1,337883
7290017647722,false,"יין גמלא בלאנקו 20 עברית 750 מ""ל",רמת הגולן,IL,גמלא בלאנקו רמת הגול,מיליליטרים,750.00,"100 מ""ל",false,,55.80,7.4400,true,1,337884
7290017647852,false,"יין ירדן מרלו 2019 750 מ""ל",,,"יין מרלו ירדן 750 מ""",מיליליטרים,750.00,"100 מ""ל",false,,85.50,11.4000,true,1,328978
7290017682624,false,"מגב קלינג עם תפסן 50 ס""מ",,,מגב קלינג CLING עם ת,יחידה,0.00,יחידה,false,,16.20,0.0000,true,1,296409
7290017682648,true,מגב PVC - ONE חד להב,,,מגב PVC - ONE חד להב,יחידה,0.00,יחידה,false,,17.10,0.0000,true,1,296438
7290017724003,false,עוגיות גרסיני אקלר 2,אקלר,IL,עוגיות גרסיני אקלר 2,גרמים,250.00,100 גרם,false,,20.40,8.1600,true,1,225514
7290017724027,false,עוגיות אלפא חורס אקל,"אקלר בע""מ",IL,עוגיות אלפא חורס אקל,גרמים,300.00,100 גרם,false,,20.40,6.8000,true,1,225408
7290017724034,false,עוגיות סנדוויץ ריבה,אקלר,IL,עוגיות סנדוויץ ריבה,גרמים,250.00,100 גרם,false,,20.40,8.1600,true,1,225409
7290017724041,false,עוגיות תותי פרוטי אק,אקלר,IL,עוגיות תותי פרוטי אק,גרמים,200.00,100 גרם,false,,20.40,10.2000,true,1,225410
7290017724058,false,עוגיות מעדן תמר אגוז,אקלר,IL,עוגיות מעדן תמר אגוז,גרמים,250.00,100 גרם,false,,20.40,8.1600,true,1,225411
7290017724065,false,עוגיות מעדן תפוע ואג,אקלר,IL,"עוגיות מעדן תפו""ע וא",גרמים,250.00,100 גרם,false,,20.40,8.1600,true,1,225454
7290017724089,false,עוגיות ואן גוך אקלר,,,עוגיות ואן גוך אקלר,גרמים,200.00,100 גרם,false,,20.40,10.2000,true,1,225412
7290017724102,false,עוגיות סיגרים תמרים/,אקלר,IL,עוגיות סיגרים תמרים/,גרמים,250.00,100 גרם,false,,20.40,8.1600,true,1,225457
7290017724119,false,עוגיות אוזניים אקלר,אקלר,IL,עוגיות אוזניים אקלר,גרמים,200.00,100 גרם,false,,20.40,10.2000,true,1,225515
7290017724157,false,עוגיות מעדן תפוע ללא,אקלר,IL,"עוגיות מעדן תפו""ע וא",גרמים,250.00,100 גרם,false,,20.40,8.1600,true,1,225531
7290017724164,false,עוגיות אוזניים ללא ת,אקלר,IL,"עוגיות אוזניים לל""תס",גרמים,200.00,100 גרם,false,,20.40,10.2000,true,1,225532
7290017724171,false,עוגיות סנדביץ ריבה ל,אקלר,IL,עוגיות סנדוויץ ריבה,גרמים,250.00,100 גרם,false,,20.40,8.1600,true,1,225533
7290017724201,false,עוגיות ואן גוך ללא ת,אקלר,IL,"עוגיות ואן גוך לל""תס",גרמים,200.00,100 גרם,false,,20.40,10.2000,true,1,225534
7290017724232,false,עוגיות שומשומית אקלר,אקלר,IL,עוגיות שומשומית אקלר,גרמים,200.00,100 גרם,false,,20.40,10.2000,true,1,225500
7290017724256,false,עוגיות שומשומיות ללא,אקלר,IL,"עוגיות שומשומית לל""ת",גרמים,200.00,100 גרם,false,,20.40,10.2000,true,1,225536
7290017724270,false,עוגיות אשכול בריאות,אקלר,IL,עוגיות אשכול בריאות,גרמים,200.00,100 גרם,false,,20.40,10.2000,true,1,225537
7290017724287,false,עוגיות אצבעות פקאן ל,אקלר,IL,עוגיות אצבעות פקאן ל,גרמים,250.00,100 גרם,false,,20.40,8.1600,true,1,225538
7290017724300,false,עוגיות גרנולה אקלר 2,אקלר,IL,עוגיות גרנולה אקלר 2,גרמים,200.00,100 גרם,false,,20.40,10.2000,true,1,225517
7290017812052,false,יין שיראז קברנה סוביניון אקסלנס Excellence,יקבי כרמל Carmel Winery,IL,אקסלנס שיראז קברנה ס,מיליליטרים,750.00,"100 מ""ל",false,,22.20,2.9600,true,1,641
7290017812069,false,יין אמרלד ריזלינג שרדונה אקסלנס Excellence,יקבי כרמל Carmel Winery,IL,אקסלנס ריזלינג שרדונ,מיליליטרים,750.00,"100 מ""ל",false,,22.20,2.9600,true,1,642
7290017812380,false,תירוש מיץ ענבים אדום,,,תירוש מיץ ענבים אדום,מיליליטרים,750.00,"100 מ""ל",false,,11.10,1.4800,true,1,649
7290017812571,false,יין תירוש אדום 100%ה טבעי 1 ליטר,יקבי כרמל Carmel Winery,IL,תירוש מיץ ענבים אדום,ליטרים,1.00,ליטר,false,,17.10,17.1000,true,1,52815
7290017812588,false,יין תירוש לבן 100%ה טבעי 1 ליטר,יקבי כרמל Carmel Winery,IL,תירוש מיץ ענבים לבן,ליטרים,1.00,ליטר,false,,17.10,17.1000,true,1,52829
7290017812861,false,"יין וינו לבן יבש 750 מ""ל",יקבי כרמל,IL,יין וינו לבן יבש יקב,מיליליטרים,750.00,"100 מ""ל",false,,18.80,2.5067,true,1,166593
7290017812977,false,"יין מבעבע באזז אננס יקבי כרמל 750 מ""",יקבי כרמל,IL,יין באזז אננס יקבי כ,מיליליטרים,750.00,"100 מ""ל",false,,23.90,3.1867,true,1,148406
7290017816005,false,בייגלה כוסמין שמיניות שומשום 300 גר,יוליניבר,IL,בייגלה כוסמין בתוספת,גרמים,300.00,100 גרם,false,,13.60,4.5333,true,1,217658
7290017816012,false,קרם קרקר כוסמין מקור הכוסמין 250 גר,אפיפית הדר,IL,קרם קרקר מקור הכוסמי,גרמים,250.00,100 גרם,false,,12.80,5.1200,true,1,217675
7290017816111,false,פתי בר מקמח כוסמין 220 גרם,אפיפית הדר,IL,פתי בר מקור הכוסמין,גרמים,220.00,100 גרם,false,,10.20,4.6364,true,1,217659
7290017816128,false,קרקר מקור הכוסמין 22,,,קרקר מקור הכוסמין 22,גרמים,220.00,100 גרם,false,,12.80,5.8182,true,1,217692
7290017816135,false,פריכיות כוסמין מקור הכוסמין 90 גר,זן-בר,IL,פריכיות כוסמין ללא ת,גרמים,90.00,100 גרם,false,,8.50,9.4444,true,1,217676
7290017871363,true,סבון ידיים מועשר בשמ,,,סבון ידיים מועשר בשמ,מיליליטרים,500.00,"100 מ""ל",false,,8.50,1.7000,true,1,6054
7290017872049,false,"פמלי אל סבון בניחוח לוונדר ארומטי- שלישייה 500 מ""ל",אברנסל קוסמטיקס,TR,פמלי אל סבון שלישייה,ליטרים,1.50,ליטר,false,,11.90,7.9333,true,1,75808
7290017872056,false,"פמלי אל סבון סדרה לבנה- שלישייה 500 מ""ל",אברנסל קוסמטיקס,TR,פמלי אל סבון סידרה ל,מיליליטרים,500.00,"100 מ""ל",false,,11.90,2.3800,true,1,75524
7290017872193,false,טוסו עוגיות שקדים וקינמון ללא סוכר 200 גרם,היינץ צפון אמריקה מק,IL,עוגיות שקדים וקינמון,גרמים,200.00,100 גרם,false,,14.90,7.4500,true,1,73631
7290017873008,false,שקיות להקפאה גלילונית 275 יח',"אשפלסט תעשיות בע""מ",IL,גלילונית שקיות רב שי,יחידה,0.00,יחידה,false,,10.20,0.0000,true,1,202361
7290017873176,false,"סבון ידיים מועשר בשמן אבוקדו 500 מ""ל יהלום",,TR,תחליב רחצה לטיפוח עו,מיליליטרים,500.00,"100 מ""ל",false,,8.50,1.7000,true,1,244368
7290017873183,false,"סבון ידיים בניחות אשכולית אדומה 500 מ""ל יהלום",,TR,תחליב רחצה לטיפוח עו,מיליליטרים,500.00,"100 מ""ל",false,,8.50,1.7000,true,1,244369
7290017888019,false,"משקה תפוח רימון סלק גינגיר פרות &ווג 350 מ""ל",פרוט אנד וג' Fruit & Veg,IL,פרוט & וג' תפוח רימו,מיליליטרים,330.00,"100 מ""ל",false,,6.80,2.0606,true,1,11764
7290017888026,false,"משקה אננס תפוח גזר פרות & ווג 350 מ""ל",פרוט אנד וג' Fruit & Veg,IL,פרוט & וג' אננס תפוח,מיליליטרים,330.00,"100 מ""ל",false,,6.80,2.0606,true,1,11765
7290017888972,false,בקבוק מי עדן פקק ספורט 1 ליטר,מופק ממקור בזלתי עדן,IL,מי עדן פקק ספורט 1 ל,ליטרים,1.00,ליטר,false,,4.20,4.2000,true,1,75204
7290017917283,false,"מגבוני קמיל בלו ד""ר פישר ללא בישום רביעי","ד""ר פישר",IL,מגבוני קמיל 64 יח` מ,יחידה,0.00,יחידה,false,,17.10,0.0000,true,1,115406
7290017917764,false,"ד""ר פישר - אפקטיב קר קרם גוף מועשר בשמן ארגן 450 מ""ל","ד""ר פישר",,קרם גוף אפקטיב קר 4,מיליליטרים,450.00,"100 מ""ל",false,,21.30,4.7333,true,1,115450
7290017928036,false,מאיר בייגל מקלות גריסיני שומשום 175 ג',מאיר בייגל,IL,מקלות גריסיני שומשום,גרמים,175.00,100 גרם,false,,10.20,5.8286,true,1,5348
7290017928098,false,מאיר בייגל שטוחלה מלח 330 גר',מאיר בייגל,IL,בייגלה שטוח מלח מאיר,גרמים,330.00,100 גרם,false,,10.20,3.0909,true,1,186428
7290017928432,false,מאיר בייגל גריסיני קראנץ פרג 175 גר',מאיר בייגל,IL,גריסיני קראנץ' פרג מ,גרמים,175.00,100 גרם,false,,10.20,5.8286,true,1,5357
7290017928463,false,מאיר בייגל -סמאש-שבורים בטעם דבש חרדל ובצל 300 גרם,מאיר בייגל,BG,שברי בייגלה דבש חרדל,גרמים,300.00,100 גרם,false,,11.10,3.7000,true,1,120898
7290017928524,false,בייגלה שטוח ניגובים מלח 330 ג' מאיר בייגל,מאיר בייגל,IL,בייגלה שטוח ניגובים,גרמים,300.00,100 גרם,false,,10.20,3.4000,true,1,190260
7290017928685,false,בייגלה שמיניות עם מלח 400גרם -חדש,מאיר בייגל,IL,בייגלה שמיניות עם מל,גרמים,400.00,100 גרם,false,,10.20,2.5500,true,1,186401
7290017928722,false,בייגלה שטוח ניגובים שומשום 300 ג' מאיר בייגל,מאיר בייגל,IL,בייגלה שטוח ניגובים,גרמים,300.00,100 גרם,false,,10.20,3.4000,true,1,190246
7290017928746,false,פירורי בייגלה מאיר בייגל 200 גר,,,פירורי בייגלה מאיר ב,גרמים,200.00,100 גרם,false,,5.90,2.9500,true,1,236555
7290017928821,false,מאיר בייגל מקלות גריסיני קלאסי 200 ג',מאיר בייגל,IL,מקלות גריסיני קלאסי,גרמים,200.00,100 גרם,false,,10.20,5.1000,true,1,5365
7290017941110,false,סכינים 100 יח' לבן,,,סכינים 100 יח' לבן,יחידה,0.00,יחידה,false,,6.76,0.0000,true,1,148929
7290017941233,false,סכינים 40 יח' עבה במ,,,סכינים 40 יח' עבה במ,יחידה,0.00,יחידה,false,,6.80,0.0000,true,1,126482
7290017941257,false,כפות 40 יח' עבה במיו,,,כפות 40 יח' עבה במיו,יחידה,0.00,יחידה,false,,6.80,0.0000,true,1,126484
7290017941288,false,נר נשמה 24 שעות,,,נר נשמה 24 שעות,יחידה,0.00,יחידה,false,,1.60,0.0000,true,1,161675
7290017941356,false,נר שבת 72 יח',,,נר שבת 72 יח',יחידה,0.00,יחידה,false,,27.30,0.0000,true,1,172644
7290017941387,false,להבונים בקופסא 100 י,,,להבונים בקופסא 100 י,יחידה,0.00,יחידה,false,,19.60,0.0000,true,1,172661
7290017941394,false,נייר סנדוויץ 100 יח',,,נייר סנדוויץ 100 יח',יחידה,0.00,יחידה,false,,8.50,0.0000,true,1,137217
7290017941462,false,50 כוסות שתייה חמה 8B,,,כוסות שתיה חמה 8B י,יחידה,0.00,יחידה,false,,8.47,0.0000,true,1,133165
7290017941530,false,כוסות TO-GO לשתייה ח,,,כוסות TO-GO לשתייה ח,יחידה,0.00,יחידה,false,,11.03,0.0000,true,1,140212
7290017941677,false,מארז תבניות רוסטר בנ,,,מארז תבניות רוסטר בנ,יחידה,0.00,יחידה,false,,11.03,0.0000,true,1,125946
7290017941691,false,מפת שולחן מהודרת 270,,,מפת שולחן מהודרת 270,יחידה,0.00,יחידה,false,,7.70,0.0000,true,1,161707
7290017941820,false,כוסות שתיה קרה כחול,,,כוסות שתיה קרה כחול,יחידה,0.00,יחידה,false,,11.89,0.0000,true,1,119149
7290017941851,false,מגש איכותי מרובע 9*1,,,מגש איכותי מרובע 9*1,יחידה,0.00,יחידה,false,,5.90,0.0000,true,1,119164
7290017941868,false,קערת פלסטיק עגולה 8,,,קערת פלסטיק עגולה 8,יחידה,0.00,יחידה,false,,4.20,0.0000,true,1,119165
7290017941882,false,WIZ קערה פלסטיק אובלית 11,,,קערת פלסטיק אובלית 1,יחידה,0.00,יחידה,false,,6.76,0.0000,true,1,119167
7290017941899,false,קערת פלסטיק עגולה ענ,,,קערת פלסטיק עגולה ענ,יחידה,0.00,יחידה,false,,8.47,0.0000,true,1,119181
7290017941929,false,"שיפודי יקטורי 18 ס""מ",,,"שיפודי יקטורי 18 ס""מ",יחידה,0.00,יחידה,false,,6.80,0.0000,true,1,128463
7290017941981,false,כוסות 12OZ לשתייה חמ,,,כוסות 12OZ לשתייה חמ,יחידה,0.00,יחידה,false,,14.50,0.0000,true,1,242356
7290017941998,false,שיפודים רחבים לקבב 9,,,שיפודים רחבים לקבב 9,יחידה,0.00,יחידה,false,,5.10,0.0000,true,1,128465
7290017946368,false,סוד סבון 4 כדוריות לאסלה אוקיינוס 3*50 ג,הנקל סוד,RS,סוד כדוריות לאסלה P.,גרמים,150.00,100 גרם,false,,15.00,10.0000,true,1,114863
7290017946542,false,סוד - מרכך כביסה מרוכז ורוד 1.80 ליטר,,,סוד מרכך כביסה מרוכ,ליטרים,1.80,ליטר,false,,18.80,10.4444,true,1,93394
7290017946979,false,ג'ל מרוכז לכביסה מנטרל ריחות 2.4 ל' פרסיל,פרסיל Persil,IL,פרסיל ג'ל פרימיום 2.,ליטרים,2.40,ליטר,false,,29.90,12.4583,true,1,119206
7290017947105,false,לחם בסגנון אמריקה 500 גר',מאפיית שלמה א. אנג'ל,IL,לחם בסגנון אמריקה אנ,גרמים,500.00,100 גרם,false,,12.70,2.5400,true,1,35273
7290017947464,false,מארז 8 פיתות מקמח כוסמין מלא 400ג',"איטיליאן פוד, אס.פי.",IL,שמיניית פיתות כוסמין,גרמים,400.00,100 גרם,false,,13.60,3.4000,true,1,95311
7290017947495,false,לחמניות כוסמין 450 ג' אנג'ל,"איטיליאן פוד, אס.פי.",IL,6 לחמניות כוסמין אנג,גרמים,450.00,100 גרם,false,,13.60,3.0222,true,1,109574
7290017947891,false,לחם כוסמין וחיטה מלאה 750 ג' אנג'ל,מאפיית שלמה א. אנג'ל,IL,לחם כוסמין וחיטה מלא,גרמים,750.00,100 גרם,false,,14.40,1.9200,true,1,35274
7290017947921,true,מארז לחמניות המבורגר,,,מארז לחמניות המבורגר,גרמים,450.00,100 גרם,false,,12.70,2.8222,true,1,71733
7290017947938,false,מיני לחמניות המבורגר בסגנון אמריקה 400 ג' אנג'ל,מאפיית שלמה א. אנג'ל,IL,8 לחמניות המבורגר בס,גרמים,4000.00,100 גרם,false,,12.70,0.3175,true,1,110069
7290018023495,false,טחינה גולמית 500ג' סבא חביב,מ.א ושות',IL,טחינה גולמית סבא חבי,גרמים,500.00,100 גרם,false,,12.80,2.5600,true,1,278040
7290018043196,false,פראוד - חטיף חלבון בטעם שוקולד לבן עוגיות 60 גרם,הרת'סייד פוד סולושיי,NL,חטיף חלבון בטעם שוקו,גרמים,60.00,100 גרם,false,,11.90,19.8333,true,1,246181
7290018045312,false,זוג ספוגי ניקוי סקראב דדי,,US,ספוגים SCOUR DADDY,יחידה,0.00,יחידה,false,,15.30,0.0000,true,1,321849
7290018045497,false,בון בון דגנים במילוי קרם שוקולד 480 גרם,monday,DE,דגנים במילוי קרם שוק,גרמים,480.00,100 גרם,false,,20.40,4.2500,true,1,215680
7290018045503,false,דגני בוקר הלו קיטי לבבות 311 גר MONDAY,מונדיי Monday,DE,דגני חיטה ואורז בטעם,גרמים,311.00,100 גרם,false,,22.20,7.1383,true,1,330405
7290018045695,false,דגנים במילוי קרם קרמל מלוח 480 ג' BON & BON,מונדיי Monday,DE,דגנים במילוי קרם קרמ,גרמים,480.00,100 גרם,false,,20.40,4.2500,true,1,215681
7290018045893,false,בון בון דגנים במילוי קרם נוגט 480 גרם,monday,DE,דגנים במילוי קרם נוג,גרמים,480.00,100 גרם,false,,20.40,4.2500,true,1,215682
7290018071236,false,כפפות ניטרו כחולות אלסטיות XL ללא אבקה 100יח',איזיטאצ,CN,כפפות ניטרו-V כחולות,יחידה,0.00,יחידה,false,,17.10,0.0000,true,1,250391
7290018071571,false,פדים אובליים להסרת איפור 40 יח',,,פדים אובליים להסרת א,יחידה,0.00,יחידה,false,,6.80,0.0000,true,1,306359
7290018091081,false,מאפה פילו תרד וגבינות מעדנות 320 גרם,"מעדנות בע""מ",IL,מאפה פילו תרד גבינה,גרמים,320.00,100 גרם,false,,18.80,5.8750,true,1,252794
7290018091838,false,חטיפי פילאס גבינה מעדנות 600ג',,,חטיפי בורקס מבצק פיל,גרמים,600.00,100 גרם,false,,16.20,2.7000,true,1,117250
7290018098578,false,המבורגר 230 גר BEEF FREE,כל טוב,IL,המבורגר 230 גרם BEEF,גרמים,230.00,100 גרם,false,,18.80,8.1739,true,1,271902
7290018127452,false,פתי בר ללא גלוטן כשל,,,פתי בר ללא גלוטן כשל,גרמים,200.00,100 גרם,false,,10.20,5.1000,true,1,120899
7290018131756,false,מאגדת שלגון וניל מצופה תות נסטלה 440 גרם,גלידות נסטלה,IL,נסטלה וניל מצופה תות,גרמים,440.00,100 גרם,false,,26.40,6.0000,true,1,124729
7290018131855,false,אקסטרים טילון בראוניז מאגדת 6 יח 432 גרם,גלידות נסטלה (נגה גל,IL,אקסטרים מאגדת טילון,גרמים,432.00,100 גרם,false,,31.50,7.2917,true,1,144492
7290018131879,false,אקסטרים טילון ריבת חלב מאגדת 6 יח 432 גר,גלידות נסטלה (נגה גל,IL,אקסטרים מאגדת טילון,גרמים,432.00,100 גרם,false,,31.50,7.2917,true,1,144493
7290018131954,false,קרחון שרבט פרווה לה פרוטה תות שדה ושוקולד מריר,גלידות נסטלה Nestle,IL,לה פרוטה מאגדת בטעם,גרמים,350.00,100 גרם,false,,26.40,7.5429,true,1,124716
7290018132388,false,מטרנה גולד שלב 2 תרכובת מזון על בסיס חלבי,מטרנה,IL,מטרנה גולד בדץ שלב 2,גרמים,700.00,100 גרם,false,,64.90,9.2714,true,1,279271
7290018165447,false,"יין רזרב GOLD EDITION מרלו 750 מ""ל",יקבי ברקן שיווק והפצ,IL,יין רזרב גולד מרלו 7,מיליליטרים,750.00,"100 מ""ל",false,,41.90,5.5867,true,1,113757
7290018194065,false,אורז בסמטי 1 קילו PRIMO,וינדו רייס מיילז פרי,IN,אורז בסמטי 1 קילו PR,קילוגרמים,1.00,"ק""ג",false,,8.50,8.5000,true,1,292058
7290018195406,false,"שמן זית כתית ""טעים"" 750 מ""ל טעמן",,IL,שמן זית כתית עגול טע,מיליליטרים,750.00,"100 מ""ל",false,,25.60,3.4133,true,1,216782
7290018213094,true,מטאטא לילי LILI,,,מטאטא לילי LILI,יחידה,0.00,יחידה,false,,15.30,0.0000,true,1,75002
7290018213476,false,כף אשפה מתקפל GLOW (,,,כף אשפה מתקפל GLOW (,יחידה,0.00,יחידה,false,,15.30,0.0000,true,1,296524
7290018225134,false,"מערבל יד חשמלי "" פל",,,"מערבל יד חשמלי "" פל",יחידה,0.00,יחידה,false,,52.10,0.0000,true,1,129675
7290018225851,false,"מסחטת הדרים חשמלית """,,,מסחטת הדרים חשמלית,יחידה,0.00,יחידה,false,,55.50,0.0000,true,1,85607
7290018228586,false,מפיץ ריח מיוחד,,,מפיץ ריח מיוחד,יחידה,0.00,יחידה,false,,25.60,0.0000,true,1,230930
7290018236635,false,עוף טוב צ'ונגו פופקורן מצופה 600 גרם,מוצרי עוף טוב (2001),IL,צ'ונגו פופקורן מצופה,גרמים,600.00,100 גרם,false,,26.40,4.4000,true,1,114707
7290018237281,false,עוף טוב נקניק סלמי ירדן 550 גר',עיצובים 2020 (4.9),IL,נקניק סלמי ירדן עוף,גרמים,550.00,100 גרם,false,,18.80,3.4182,true,1,183699
7290018237373,false,עוף טוב פסטרמה צרובה על הגריל נתח שלם 8*300 גרם,"עוף טוב (שאן) בע""מ",IL,פסטרמה צרובה על הגרי,גרמים,300.00,100 גרם,false,,23.80,7.9333,true,1,160829
7290018237410,false,עוף טוב פסטרמה במעשנה נתח שלם 8*300 גרם,מולינו ניקולי s.p.a,IL,פסטרמה במעשנה נתח של,גרמים,300.00,100 גרם,false,,23.80,7.9333,true,1,160831
7290018237496,false,פסטרמה בדבש דקדק 220 גר,"עוף טוב (שאן) בע""מ",IL,עוף טוב דק דק פסטרמה,גרמים,220.00,100 גרם,false,,18.80,8.5455,true,1,207610
7290018237502,false,עוף טוב דק דק כתף בק,"עוף טוב (שאן) בע""מ",IL,עוף טוב דק דק כתף בק,גרמים,200.00,100 גרם,false,,17.90,8.9500,true,1,207637
7290018237960,false,עוף טוב כתף בקר עסיסי 265 גר',עיצובים 2020 (4.9),IL,כתף בקר עסיסי עוף טו,גרמים,265.00,100 גרם,false,,21.30,8.0377,true,1,294648
7290018249123,false,אינסטנט פודינג סוויטאנגו בטעם וניל,מתבל תעשיות מזון,IL,כמו סוכר אינסטנט פוד,גרמים,50.00,100 גרם,false,,10.20,20.4000,true,1,79298
7290018249802,false,ממתיק סוויטאנגו צנצנת 280 גרם,סוויטאנגו Sweetango,IL,כמו סוכר באריזת צנצנ,קילוגרמים,280.00,"ק""ג",false,,23.80,0.0850,true,1,79300
7290018249994,false,סוויטאנגו תחליף סוכר ממתיק 700 גר',מתבל תעשיות מזון,IL,סוויטאנגו ממתיק אריז,גרמים,700.00,100 גרם,false,,48.70,6.9571,true,1,323302
7290018294000,false,"יין מתוק ק.דיויד רוזה 750 מ""ל",יקבי כרמל,IL,יין קינג דיוויד רוזה,מיליליטרים,750.00,"100 מ""ל",false,,18.80,2.5067,true,1,148420
7290018294352,false,"ארק יקבי כרמל 700 מ""",יקבי כרמל Carmel Winery,IL,"ארק יקבי כרמל 700 מ""",מיליליטרים,700.00,"100 מ""ל",false,,47.30,6.7571,true,1,230667
7290018344095,false,חטיף חלבון בטעם בוטנים מלח 50 ג' VEG PROTEIN,טבע ירוק,IL,חטיף חלבון בוטנים ומ,גרמים,50.00,100 גרם,false,,8.47,16.9400,true,1,190890
7290018344101,false,חטיף חלבון בטעם קקאו וקפה 50 ג' VEG PROTEIN,טבע ירוק,IL,חטיף חלבון קקאו וקפה,גרמים,50.00,100 גרם,false,,8.47,16.9400,true,1,190905
7290018359334,false,רכז עגבניות טבעי פריכוז שף יכין 580 גרם,זנלכל,IL,רכז עגבניות טבעי פרי,גרמים,580.00,100 גרם,false,,8.50,1.4655,true,1,100185
7290018359686,false,חומוס ענק יכין 550 גרם,היינץ צפון אמריקה מק,IL,חומוס ענק יכין 550 ג,גרמים,550.00,100 גרם,false,,8.50,1.5455,true,1,176182
7290018359716,false,רוטב עגבניות פיצה טוסקנה 240 גרם יכין,"זנלכל בע""מ",IL,רוטב פיצה טוסקנה יכי,גרמים,240.00,100 גרם,false,,4.70,1.9583,true,1,133646
7290018359860,false,רסק עגבניות ליקופן טבעי יכין 200 גר*2,יכין,IL,רסק עגבניות ליקופן י,גרמים,400.00,100 גרם,false,,8.50,2.1250,true,1,219956
7290018359877,false,רסק עגבניות טבעי יכין 200 גר*3,יכין,IL,רסק עגבניות טבעי יכי,גרמים,600.00,100 גרם,false,,13.60,2.2667,true,1,219970
7290018359938,false,"רוטב עגבניות לשקשוקה יכין, 400 גרם",יכין,IL,רוטב עגבניות לשקשוקה,גרמים,400.00,100 גרם,false,,10.20,2.5500,true,1,274624
7290018400036,false,חגיגת טעמים כתומים סנפרוסט 800 גרם,"סנפרוסט בע""מ",IL,ירקות מוקפאים מעורבי,גרמים,800.00,100 גרם,false,,17.10,2.1375,true,1,168744
7290018400470,false,כרישה חתוכה מוקפאת 600 גרם סנפרוסט,"סנפרוסט בע""מ",IL,כרישה חתוכה קפואה סנ,גרמים,600.00,100 גרם,false,,12.80,2.1333,true,1,288840
7290018400609,false,פיאסטה מקסיקנית סנפרוסט 800 גרם,"סנפרוסט בע""מ",IL,פיאסטה מקסיקנית לתנו,גרמים,600.00,100 גרם,false,,17.00,2.8333,true,1,98877
7290018440223,false,חווית הצ'אי- מסאלה עוצמתי,ויסוצקי,IL,חווית הצ'אי- מסאלה ע,גרמים,50.00,100 גרם,false,,17.01,34.0200,true,1,194232
7290018440230,false,צ'אי ורדים 25 שק' ויסוצקי,ויסוצקי,IL,חווית הצ'אי- ורדים 2,גרמים,50.00,100 גרם,false,,17.01,34.0200,true,1,194233
7290018440247,false,צ'אי שקדים 25 שק' ויסוצקי,ויסוצקי,IL,חווית הצ'אי- שקדים 2,גרמים,50.00,100 גרם,false,,17.01,34.0200,true,1,194234
7290018440254,false,צ'אי קרמל מלוח 25 שק' ויסוצקי,ויסוצקי,IL,חווית הצ'אי- קרמל מל,גרמים,50.00,100 גרם,false,,17.01,34.0200,true,1,194248
7290018440438,false,טונה קאלוו איזי פליפ בשמן 65 גר*3,קאלבו קונסרבס ס.ל.ו,ES,טונה easy flip בשמן,גרמים,195.00,100 גרם,false,,22.20,11.3846,true,1,280590
7290018440513,false,סלט קליפורנייה קאלוו עם טונה 150 גר,קאלבו קונסרבס ס.ל.ו,ES,סלט טונה עם ירקות בס,גרמים,150.00,100 גרם,false,,12.80,8.5333,true,1,280535
7290018441626,false,גלידת פיינטים מנטה עוגיות 430 ג' בן וג'ירי,מוצרי איכות אמריקאיי,IL,גלידת שמנת בטעם מנטה,גרמים,430.00,100 גרם,false,,17.00,3.9535,true,1,222647
7290018468401,false,פסטרמה צמחונית בטעם גריל 100 גר טירת צבי,טיב טירת צבי 2000,IL,פסטרמה צמחונית בטעם,גרמים,120.00,100 גרם,false,,13.60,11.3333,true,1,310683
7290018468418,false,פסטרמה צמחונית בטעם מפולפל 100 ג טירת צב,טיב טירת צבי 2000,IL,פסטרמה צמחונית מפולפ,גרמים,120.00,100 גרם,false,,13.60,11.3333,true,1,310684
7290018468432,false,נקניק טבעוני בטעם מעושן 100 גרם טירת צבי,טיב טירת צבי 2000,IL,נקניק טבעוני בטעם פי,גרמים,100.00,100 גרם,false,,13.60,13.6000,true,1,310668
7290018471180,false,משקה פרוט& ווג' אננס תפוח גזר 1 ליטר,פרוט אנד וג' Fruit & Veg,IL,פרוט ווג אננס תפוח ו,ליטרים,1.00,ליטר,false,,11.60,11.6000,true,1,130180
7290018471210,false,קרטונית נקטר ספרינג תפוח סברס 1 ליטר,יפאורה תבורי,IL,קרטונית אגס תפוח וסב,ליטרים,1.00,ליטר,false,,5.90,5.9000,true,1,131322
7290018471401,false,משקה פרוט& ווג' אננס בננה כורכום 1 ליטר,פרוט אנד וג' Fruit & Veg,IL,פרוט ווג אננס בננה כ,ליטרים,1.00,ליטר,false,,11.60,11.6000,true,1,130183
7290018471449,false,קרטונית ספרינג שייק בננה תמר תפוז 1 ליטר,"יפאורה תבורי בע""מ",IL,ספרינג שייק בננה תמ,ליטרים,1.00,ליטר,false,,11.20,11.2000,true,1,155615
7290018471456,false,קרטונית ספרינג שייק אננס מנגו פסיפלורה 1 ליטר,"יפאורה תבורי בע""מ",IL,ספרינג שייק אננס מנג,ליטרים,1.00,ליטר,false,,11.20,11.2000,true,1,155614
7290018471470,false,תפוזינה נקטר תפוז פסיפלורה קרטונית 1 ליטר,"יפאורה תבורי בע""מ",IL,נקטר תפוזינה ENJOY ב,ליטרים,1.00,ליטר,false,,5.90,5.9000,true,1,144185
7290018471487,false,תפוזינה נקטר תפוז אננס קרטונית 1 ליטר,"יפאורה תבורי בע""מ",IL,נקטר תפוזינה ENJOY ב,ליטרים,1.00,ליטר,false,,5.90,5.9000,true,1,144186
7290018471494,false,תפוזינה משקה תפוז גזר קרטונית 1 ליטר,"יפאורה תבורי בע""מ",IL,נקטר תפוזינה ENJOY ב,ליטרים,1.00,ליטר,false,,5.90,5.9000,true,1,144187
7290018471630,false,שוופס טוניק מלפפון ליים 1 ליטר,"יפאורה תבורי בע""מ",IL,שוופס טוניק מלפפון ל,ליטרים,1.00,ליטר,false,,7.80,7.8000,true,1,146587
7290018471692,false,ספרינג שייק בננה אננס קוקוס פירות יער קרטונית 1 ליטר,"יפאורה תבורי בע""מ",IL,ספרינג שייק בננה אננ,ליטרים,1.00,ליטר,false,,11.20,11.2000,true,1,155616
7290018471913,false,שוופס מוגז פירות תפוחים 1.5 ליטר-,"יפאורה תבורי בע""מ",IL,שוופס פרוטס תפוחים 1,ליטרים,1.50,ליטר,false,,8.20,5.4667,true,1,197355
7290018471951,false,שוופס מוגז פירות אשכולית אדומה 1.5 ליטר פיקדון,"יפאורה תבורי בע""מ",IL,שוופס פרוטס אשכולית,ליטרים,1.50,ליטר,false,,8.20,5.4667,true,1,197372
7290018493977,false,אל סבון קמיל בלו בתמצית שיבולת שועל 1 ל,,IL,אל סבון ניקיון ולחות,ליטרים,1.00,ליטר,false,,13.60,13.6000,true,1,190176
7290018500361,false,לחם אנג'ל אחיד פרוס 900 גר',מאפיית שלמה א. אנג'ל,IL,לחם אחיד פרוס מאפיית,גרמים,900.00,100 גרם,false,,7.20,0.8000,true,1,276124
7290018500392,true,חלה קלועה אנגל 650 ג,,,חלה קלועה אנגל 650 ג,גרמים,650.00,100 גרם,false,,5.56,0.8554,true,1,297023
7290018540329,false,שקית פיתה פיתה בלדי 800 ג' אנג'ל,מאפיית שלמה א. אנג'ל,IL,פיתה פיתה אנגל 880 ג,יח',10.00,יח',false,,11.00,1.1000,true,1,123036
7290018564684,false,ממרח פסטו בזיליקום ו,,,ממרח פסטו בזיליקום ו,גרמים,200.00,100 גרם,false,,10.20,5.1000,true,1,236814
7290018564721,false,ממרח אריסה שף הטבע 2,,,ממרח אריסה שף הטבע 2,גרמים,200.00,100 גרם,false,,10.20,5.1000,true,1,236818
7290018571552,false,סוכריות ג'לי ללא סוכר עם חומצות שומן אומגה 3 למבוגרים,מיה תעשיות מזון בעמ,IL,סוכריות אומגה 3 -ילד,גרמים,240.00,100 גרם,false,,34.20,14.2500,true,1,307720
7290018571651,false,סוכריות קולגן מבוגרים אצבעות רחבות 210גרם,מיה תעשיות מזון בעמ,IL,סוכריות קולגן מבוגרי,גרמים,210.00,100 גרם,false,,34.20,16.2857,true,1,307725
7290018626085,false,לפתניות 4.5 שקוף 50,,,לפתניות 4.5 שקוף 50,יחידה,0.00,יחידה,false,,7.61,0.0000,true,1,125950
7290018626191,false,צלחות וינטג' גדולות,,,צלחות וינטג' גדולות,יחידה,0.00,יחידה,false,,15.30,0.0000,true,1,137170
7290018626245,false,תבנית מהודרת לזניה 4,,,תבנית מהודרת לזניה 4,יחידה,0.00,יחידה,false,,10.20,0.0000,true,1,131469
7290018626320,false,צלחות וינטג' קטנות 1,,,צלחות וינטג' קטנות 1,יחידה,0.00,יחידה,false,,11.03,0.0000,true,1,137186
7290018626344,false,אובלים וינטג' 10 יח',,,אובלים וינטג' 10 יח',יחידה,0.00,יחידה,false,,8.47,0.0000,true,1,138183
7290018626412,false,צלחות וינטג' גדולות,,,צלחות וינטג' גדולות,יחידה,0.00,יחידה,false,,15.30,0.0000,true,1,137172
7290018626436,false,קערות וינטג' 10 יח',,,קערות וינטג' 10 יח',יחידה,0.00,יחידה,false,,12.74,0.0000,true,1,137204
7290018626535,false,שקיות נייר לכריכים 5,,,שקיות נייר לכריכים 5,יחידה,0.00,יחידה,false,,6.80,0.0000,true,1,137218
7290018626634,false,מארז תבניות רוסטר עמ,,,מארז תבניות רוסטר עמ,יחידה,0.00,יחידה,false,,12.80,0.0000,true,1,214327
7290018626641,false,מארז תבניות רוסטר גד,,,מארז תבניות רוסטר גד,יחידה,0.00,יחידה,false,,12.80,0.0000,true,1,214328
7290018626696,false,מארז צלחות 12+12 מא,,,מארז צלחות 12+12 מא,יחידה,0.00,יחידה,false,,42.65,0.0000,true,1,186864
7290018626702,false,מארז צלחות 12+12 מא,,,מארז צלחות 12+12 מא,יחידה,0.00,יחידה,false,,42.65,0.0000,true,1,186865
7290018626863,false,כוסות ליקר 20 יח' WI,,,כוסות ליקר 20 יח' WI,יחידה,0.00,יחידה,false,,6.76,0.0000,true,1,187330
7290018626887,false,כוסות P.P יהלום שוחר,,,כוסות P.P יהלום שוחר,יחידה,0.00,יחידה,false,,8.47,0.0000,true,1,167044
7290018626900,false,מפיות תלת שכבתיות 20,,,מפיות תלת שכבתיות 20,יחידה,0.00,יחידה,false,,4.20,0.0000,true,1,182845
7290018626955,false,מפיות תלת שכבתיות 20,,,מפיות תלת שכבתיות 20,יחידה,0.00,יחידה,false,,4.20,0.0000,true,1,182862
7290018626993,false,מפיות תלת שכבתיות 20,,,מפיות תלת שכבתיות 20,יחידה,0.00,יחידה,false,,4.20,0.0000,true,1,182879
7290018652657,false,מאגדת לייט יוגורט ומנגו 52X6 גרם,גלידות נסטלה,IL,מאגדת מנגו-יוגורט לי,גרמים,312.00,100 גרם,false,,25.60,8.2051,true,1,260398
7290018652688,false,לה קרמריה טרופי ופירות אדומים 1.4 ל' נסטלה,גלידות נסטלה,IL,גלידת בטעמי פירות טר,ליטרים,1.40,100 ליטר,false,,19.60,1400.0000,true,1,230869
7290018652886,false,נסטלה מאגדת מצופים שוקו בננה 8 יח',גלידות נסטלה,IL,מאגדת שוקו בננה 8 יח,גרמים,476.00,100 גרם,false,,24.80,5.2101,true,1,233099
7290018703311,false,חטיף חלבון קרם עוגיות קראנץ 60 ג' פראוד,v.s.i,NL,חטיף חלבון בטעם קרם,גרמים,60.00,100 גרם,false,,11.90,19.8333,true,1,248405
7290018773316,false,בזיליקום 100 גרם,,,בזיליקום 100 גרם,גרמים,100.00,100 גרם,false,,9.90,9.9000,true,1,196001
7290018777268,false,חטיף חלבון בננה קקאו טבע ירוק 50 גרם,טבע ירוק,IL,חטיף חלבון קקאו בננה,גרמים,50.00,100 גרם,false,,8.47,16.9400,true,1,208359
7290018818275,false,פיצה קונו מרגריטה 26,,,פיצה קונו מרגריטה 26,גרמים,260.00,100 גרם,false,,12.80,4.9231,true,1,262534
7290018835029,false,מרק בטעם עוף פרווה ת,תבליני מימון,IL,מרק בטעם עוף פרווה ת,גרמים,400.00,100 גרם,false,,13.60,3.4000,true,1,285805
7290018886151,false,מפיות תלת שכבתיות 20,,,מפיות תלת שכבתיות 20,יחידה,0.00,יחידה,false,,4.20,0.0000,true,1,182898
7290018886168,false,מפיות תלת שכבתיות 20,,,מפיות תלת שכבתיות 20,יחידה,0.00,יחידה,false,,4.20,0.0000,true,1,182899
7290018886199,false,סכינים עבות 50 יח',,,סכינים עבות 50 יח',יחידה,0.00,יחידה,false,,8.47,0.0000,true,1,167008
7290018886212,false,מזלגות עבות 50 יח',,,מזלגות עבות 50 יח',יחידה,0.00,יחידה,false,,8.47,0.0000,true,1,167010
7290018886229,false,מזלגות עבות 50 יח',,,מזלגות עבות 50 יח',יחידה,0.00,יחידה,false,,8.47,0.0000,true,1,167011
7290018886236,false,כפות עבות 50 יח' שק,,,כפות עבות 50 יח' שק,יחידה,0.00,יחידה,false,,8.47,0.0000,true,1,167012
7290018886304,false,פת דגנים סגנון שוודי,סונקו,PL,פת דגנים סגנון שוודי,גרמים,340.00,100 גרם,false,,10.20,3.0000,true,1,186549
7290018886311,false,פת דגנים סגנון שוודי,,,פת דגנים סגנון שוודי,גרמים,170.00,100 גרם,false,,6.80,4.0000,true,1,186533
7290018886328,false,פת דגנים שיפון מאפים,סונקו,PL,פת דגנים שיפון 340 ג,גרמים,340.00,100 גרם,false,,10.20,3.0000,true,1,187952
7290018886335,false,פת דגנים שיפון 170 ג,,,פת דגנים שיפון 170 ג,גרמים,170.00,100 גרם,false,,6.80,4.0000,true,1,186534
7290018886359,false,פת דגנים 7 דגנים 170,,,פת דגנים 7 דגנים 170,גרמים,170.00,100 גרם,false,,6.80,4.0000,true,1,186535
7290018886403,false,מזלגות מהודרים שקוף,,,מזלגות מהודרים שקוף,יחידה,0.00,יחידה,false,,5.90,0.0000,true,1,211837
7290018886410,false,מזלגות מהודרים פנינה,,,מזלגות מהודרים פנינה,יחידה,0.00,יחידה,false,,5.90,0.0000,true,1,211838
7290018886427,false,מזלגות מהודרים זהב 1,,,מזלגות מהודרים זהב 1,יחידה,0.00,יחידה,false,,5.90,0.0000,true,1,211839
7290018886434,false,מזלגות מהודרים כסף 1,,,מזלגות מהודרים כסף 1,יחידה,0.00,יחידה,false,,5.90,0.0000,true,1,211840
7290018886465,false,כפות מהודרות זהב 10,,,כפות מהודרות זהב 10,יחידה,0.00,יחידה,false,,5.90,0.0000,true,1,211856
7290018886502,false,כפיות מהודרות זהב 10,,,כפיות מהודרות זהב 10,יחידה,0.00,יחידה,false,,5.10,0.0000,true,1,211779
7290018886519,false,כפיות מהודרות כסף 10,,,כפיות מהודרות כסף 10,יחידה,0.00,יחידה,false,,5.10,0.0000,true,1,211793
7290018886687,false,גביעי יין מהודרים 12,,,גביעי יין מהודרים 12,יחידה,0.00,יחידה,false,,11.90,0.0000,true,1,212081
7290018886793,false,כוסות יין 6 יחידות,,,כוסות יין 6 יחידות,יחידה,0.00,יחידה,false,,16.16,0.0000,true,1,191579
7290018886809,false,קערת סלט בועות שקוף,,,קערת סלט בועות שקוף,יחידה,0.00,יחידה,false,,6.76,0.0000,true,1,187344
7290018886854,false,קערת סלט בועות פנינה,,,קערת סלט בועות פנינה,יחידה,0.00,יחידה,false,,8.47,0.0000,true,1,187362
7290018886908,false,קערת סלט בועות טורקי,,,קערת סלט בועות טורקי,יחידה,0.00,יחידה,false,,11.89,0.0000,true,1,187380
7290018886953,false,כפיות מוכספים 20 יח,,,כפיות מוכספים 20 יח,יחידה,0.00,יחידה,false,,7.61,0.0000,true,1,187398
7290018893005,false,"חטיפי בייגלה אפוי בטעם חרדל ודבש, 160 גרם",צ'וקטה Chocketa,RO,בייגלה שטוח בתוספת ח,גרמים,200.00,100 גרם,false,,5.90,2.9500,true,1,209538
7290018893098,false,צ'וקטה ביסקוויט מצופה שוקולד חלב 100 גרם משולש K,צ'וקטה Chocketa,ES,צ'וקטה עוגיות מצופות,גרמים,100.00,100 גרם,false,,6.80,6.8000,true,1,255924
7290018893128,false,צ'וקטה שוקולד חלב בלגי 34% 100 גרם משולש K,צ'וקטה Chocketa,,צ'וקטה שוקולד חלב מע,גרמים,100.00,100 גרם,false,,7.70,7.7000,true,1,278233
7290018893142,false,צ'וקטה גריסיני בתוספת שמן זית 120 גרם,צ'וקטה Chocketa,US,צ'וקטה גריסיני שמן ז,גרמים,120.00,100 גרם,false,,7.70,6.4167,true,1,278095
7290018893258,false,צוקטה עוגות אישיות במילוי קרמל 10*30 גר,פרדי קונדטוריה אס פי,IT,צ'וקטה עוגות אישיות,גרמים,300.00,100 גרם,false,,11.00,3.6667,true,1,171036
7290018893340,false,מקלות אפויים בתוספת שומשום Salty,צ'וקטה Chocketa,US,צ'וקטה גריסיני שומשו,גרמים,120.00,100 גרם,false,,7.70,6.4167,true,1,278096
7290018893401,false,שוקולד מריר פרימיום 70% 100 גרם צ'וקטה איגוד רבנים,צ'וקטה Chocketa,ES,צ'וקטה שוקולד מריר מ,גרמים,100.00,100 גרם,false,,7.70,7.7000,true,1,278123
7290018893456,false,צ'וקטה מארז עוגות אישיות במילוי קרם ובציפוי שוקולד 10*30ג,פרדי קונדטוריה אס.פי,IT,צ'וקטה עוגות אישיות,יחידה,300.00,יחידה,false,,11.00,0.0367,true,1,171021
7290018893487,false,צ'וקטה עוגה אישית בטעם קוקוס 350 ג' נוכרי,פרדי קונדטוריה אס פי,IT,צ'וקטה עוגות אישיות,גרמים,350.00,100 גרם,false,,11.00,3.1429,true,1,187838
7290018893494,false,עלי וופל דקים בטעם חמאה ציוקטה 100 גר,צ'וקטה Chocketa,BE,עוגיות עלי וופל דקות,גרמים,100.00,100 גרם,false,,8.60,8.6000,true,1,217642
7290018893500,false,צ'וקטה עוגיות סנדביץ שוקו 180 גרם חלב נכרי,ארלוי,ES,צ'וקטה עוגיות סנדביץ,גרמים,180.00,100 גרם,false,,4.20,2.3333,true,1,255910
7290018893616,false,מארז צוקטה שוקולד מריר 48% 6*100 גר,איברקקאו,ES,שישיית צוקטה שוקולד4,גרמים,600.00,100 גרם,false,,17.90,2.9833,true,1,199776
7290018893647,false,צ'וקטה עוגיות סנדביץ מצופות 150 גרם חלב נוכרי,צ'וקטה Chocketa,BE,עוגיות סנדויץ' מצופו,גרמים,150.00,100 גרם,false,,6.80,4.5333,true,1,217571
7290018893654,false,חטיפי בייגלה דקיקים ופריכים מלח צ'וקטה 200 ג',צ'וקטה Chocketa,RO,צ'וקטה חטיף בייגלה ב,גרמים,200.00,100 גרם,false,,5.90,2.9500,true,1,187821
7290018893708,false,עוגיות סנדוויץ' במילוי קרם בטעם שוקולד,צ'וקטה Chocketa,ES,צ'וקטה עוגיות סנדביץ,גרמים,250.00,100 גרם,false,,6.80,2.7200,true,1,255926
7290018893746,false,צ'וקטה בייגלה עגבניות ועשבי תיבול 180 גרם,SC ALKA TRADING CO S,RO,צ'וקטה בייגלה עגבניו,גרמים,180.00,100 גרם,false,,5.90,3.2778,true,1,306768
7290018893753,false,צ'וקטה וופל חמאה בטעם לימון 100 ג,,,צ'וקטה וופל חמאה בטע,גרמים,100.00,100 גרם,false,,8.60,8.6000,true,1,306783
7290018893807,false,צ'וקטה - שוקולד מריר שלישייה 3 * 100 גרם,צ'וקטה Chocketa,ES,מארז שוקולד מריר 60%,גרמים,300.00,100 גרם,false,,11.00,3.6667,true,1,217543
7290018893814,false,צ'וקטה שוקולד מריר 48% 5 יח' *100 ג',הדקלאים אגודת שיתופי,ES,צ'וקטה שוקולד 48% 5*,גרמים,500.00,100 גרם,false,,16.20,3.2400,true,1,194992
7290018893906,false,עוגיות סנדוויץ' במילוי קרם בטעם וניל,צ'וקטה Chocketa,ES,צ'וקטה עוגיות סנדביץ,גרמים,250.00,100 גרם,false,,6.80,2.7200,true,1,255927
7290018893937,false,לוקיטוס סוכריות ג'לי בטעמי פירות 300 גרם,לאבדס,GR,לוקיטוס סוכריות ג'לי,גרמים,300.00,100 גרם,false,,8.50,2.8333,true,1,321386
7290018893951,false,צ'וקטה וופל חמאה קינמון 100 גרם,,,צ'וקטה וופל חמאה בטע,גרמים,100.00,100 גרם,false,,8.60,8.6000,true,1,306784
7290018894002,false,בלקוני וופל קוביות קקאו 250 גרם חלבי OU,בלקוני Balconi,IT,בלקוני קוביות וופל ק,גרמים,250.00,100 גרם,false,,10.70,4.2800,true,1,268969
7290018894217,false,עוגות אישיות במילוי קרם קקאו ובציפוי קרם קקאו,בלקוני Balconi,IT,עוגות אישיות מיקס מק,גרמים,350.00,100 גרם,false,,12.80,3.6571,true,1,259750
7290018894606,false,בלקוני וופל קקאו 175 גרם חלבי OU,בלקוני Balconi,IT,וופל במילוי קרם קקאו,גרמים,175.00,100 גרם,false,,6.80,3.8857,true,1,259766
7290018894804,false,וופלים במילוי קרם אגוזי לוז - חלבי,בלקוני Balconi,IT,וופל במילוי קרם אגוז,גרמים,175.00,100 גרם,false,,6.80,3.8857,true,1,259780
7290018925065,false,מיץ פרימור תפוזים סחוט 2 ליטר-,"גניר (1992) בע""מ",IL,פרימור מיץ תפוזים סח,ליטרים,2.00,ליטר,false,,23.90,11.9500,true,1,204075
7290018925089,false,"מיץ פרימור תפו""ע צלול סחוט 2 ליטר-","גניר (1992) בע""מ",IL,פרימור מיץ תפוחים צל,ליטרים,2.00,ליטר,false,,23.90,11.9500,true,1,204076
7290018925409,false,"מיץ לימון ואננס 400 מ""ל פרימור","גניר בע""מ",IL,משקה קל לימון אננס פ,מיליליטרים,400.00,"100 מ""ל",false,,6.80,1.7000,true,1,288781
7290018989005,false,שלישיית פולפה עגבניות טבעי יכין 400X3 גרם,זנלכל,IL,פולפה טבעית יכין 3*,קילוגרמים,1.20,"ק""ג",false,,14.50,12.0833,true,1,219942
7290018989128,false,סירופ בטעם ענבים יכין 1 ליטר,זנלכל,IL,סירופ בטעם ענבים יכי,יחידה,0.00,יחידה,false,,16.20,0.0000,true,1,274697
7290019015154,false,"מבשם אוויר בוהו 250 מ""ל",,,מבשם אוויר בוהו פרחי,יחידה,0.00,יחידה,false,,25.60,0.0000,true,1,230945
7290019031000,false,WIZ מארז חמישיית ניי,,,WIZ מארז חמישיית ניי,יחידה,0.00,יחידה,false,,9.40,0.0000,true,1,214382
7290019031017,false,נר הבדלה צהוב,,,נר הבדלה צהוב,יחידה,0.00,יחידה,false,,7.70,0.0000,true,1,247760
7290019031048,false,להבונים ריחניים וניל,,,להבונים ריחניים וניל,יחידה,0.00,יחידה,false,,10.20,0.0000,true,1,247790
7290019031079,false,תבנית R-29 מרובעת קט,,,תבנית R-29 מרובעת קט,יחידה,0.00,יחידה,false,,8.50,0.0000,true,1,236510
7290019031093,false,תבנית R-64 בינונית 7,,,תבנית R-64 בינונית 7,יחידה,0.00,יחידה,false,,8.50,0.0000,true,1,236512
7290019031109,false,תבנית R-88 אינגליש 1,,,תבנית R-88 אינגליש 1,יחידה,0.00,יחידה,false,,8.50,0.0000,true,1,236513
7290019031116,false,תבנית R-99 ענקית 3 י,,,תבנית R-99 ענקית 3 י,יחידה,0.00,יחידה,false,,8.50,0.0000,true,1,236514
7290019031123,false,WIZ תבניות אלומיניום עגול 5 יח חזקות,,,תבנית אלומינים A-14,יחידה,0.00,יחידה,false,,8.50,0.0000,true,1,236515
7290019031130,false,WIZ תבניות מאפינס אל,,,WIZ תבניות מאפינס אל,יחידה,0.00,יחידה,false,,13.60,0.0000,true,1,260673
7290019031239,false,כוסות 16OZ לשתייה חמ,,,כוסות 16OZ לשתייה חמ,יחידה,0.00,יחידה,false,,12.80,0.0000,true,1,242328
7290019031307,false,לפתניות לבנות 25 יח',,,לפתניות לבנות 25 יח',יחידה,0.00,יחידה,false,,5.10,0.0000,true,1,231689
7290019031338,false,"צלחות קטנות 7"" לבנות",,,"צלחות קטנות 7"" לבנות",יחידה,0.00,יחידה,false,,7.70,0.0000,true,1,231705
7290019031345,false,צלחות גדולות 9 לבן 2,,,צלחות גדולות 9 לבן 2,יחידה,0.00,יחידה,false,,11.10,0.0000,true,1,217644
7290019031369,false,"צלחות גדולות 9"" קרם",,,"צלחות גדולות 9"" קרם",יחידה,0.00,יחידה,false,,12.80,0.0000,true,1,231720
7290019031376,false,סבון ידיים אוקיינוס,,,סבון ידיים אוקיינוס,ליטרים,1.00,100 ליטר,false,,8.50,850.0000,true,1,231659
7290019031383,false,סבון ידיים מאסק 1 לי,,,סבון ידיים מאסק 1 לי,ליטרים,1.00,100 ליטר,false,,8.50,850.0000,true,1,231660
7290019031390,false,סבון ידיים אביבי 1 ל,,,סבון ידיים אביבי 1 ל,ליטרים,1.00,100 ליטר,false,,8.50,850.0000,true,1,231661
7290019031437,false,אשפתון 65X75 XL חזק,,,אשפתון 65X75 XL חזק,יחידה,0.00,יחידה,false,,16.20,0.0000,true,1,254269
7290019031475,false,WIZ צלחות מתכלות גדו,,,WIZ צלחות מתכלות גדו,יחידה,0.00,יחידה,false,,8.50,0.0000,true,1,287736
7290019031499,false,WIZ מגשים אובלים מתכ,,,WIZ מגשים אובלים מתכ,יחידה,0.00,יחידה,false,,7.70,0.0000,true,1,287755
7290019031543,false,שמן זית כתית מעולה א,,,שמן זית כתית מעולה א,מיליליטרים,750.00,"100 מ""ל",false,,25.60,3.4133,true,1,242140
7290019031550,false,מנגל קטן 40*25 WIZ,,,מנגל קטן 40*25 WIZ,יחידה,0.00,יחידה,false,,34.20,0.0000,true,1,247725
7290019031604,false,מארז 5 מכלים + מכסים,,,מארז 5 מכלים + מכסים,ליטרים,1.00,ליטר,false,,8.50,8.5000,true,1,237238
7290019031635,false,פחם מסעדות דרום אמרי,,,פחם מסעדות דרום אמרי,יחידה,0.00,יחידה,false,,21.30,0.0000,true,1,312961
7290019031642,false,WIZ צלחות ענקיות שקו,,,WIZ צלחות ענקיות שקו,יחידה,0.00,יחידה,false,,18.80,0.0000,true,1,287771
7290019031659,false,WIZ צלחות גדולות  שק,,,WIZ צלחות גדולות  שק,יחידה,0.00,יחידה,false,,11.90,0.0000,true,1,287772
7290019031666,false,WIZ צלחות קטנות שקופ,,,WIZ צלחות קטנות שקופ,יחידה,0.00,יחידה,false,,8.50,0.0000,true,1,287773
7290019031673,false,"WIZ מרקיות שקופות 7""",,,"WIZ מרקיות שקופות 7""",יחידה,0.00,יחידה,false,,8.50,0.0000,true,1,287774
7290019031697,false,WIZ לפתניות שקופות 2,,,WIZ לפתניות שקופות 2,יחידה,0.00,יחידה,false,,5.10,0.0000,true,1,287791
7290019035053,false,מלון ירוק קוביות קפוא 500 ג' פילד גוד,דה נייל אג'יפטיאן פו,EG,קוביות מלון קפוא 500,גרמים,500.00,100 גרם,false,,11.00,2.2000,true,1,190920
7290019056027,false,שוופס מוגז פירות תפוחים ללא סוכר 1.5 ליטר פיקדון,"יפאורה תבורי בע""מ",IL,שוופס מוגז פירות תפו,ליטרים,1.50,ליטר,false,,7.30,4.8667,true,1,197386
7290019056058,false,שוופס מוגז עדין תפוח ליים 1.5 ליטר פיקדון,"יפאורה תבורי בע""מ",IL,שוופס מוגז עדין תפוח,ליטרים,1.50,ליטר,false,,7.30,4.8667,true,1,197073
7290019056065,false,שוופס מוגז עדין פירות יער 1.5 ליטר פיקדון,"יפאורה תבורי בע""מ",IL,שוופס מוגז עדין פירו,ליטרים,1.50,ליטר,false,,7.30,4.8667,true,1,197074
7290019056072,false,שוופס מוגז עדין אננס 1.5 ליטר פיקדון,יפאורה תבורי בעמ,IL,שוופס מוגז עדין אננס,ליטרים,1.50,ליטר,false,,7.30,4.8667,true,1,197089
7290019056089,false,שוופס מוגז עדין ענבי ריזלינג 1.5 ליטר פיקדון,"יפאורה תבורי בע""מ",IL,שוופס מוגז עדין טעם,ליטרים,1.50,ליטר,false,,7.30,4.8667,true,1,197090
7290019056096,false,שוופס מוגז עדין אפרסק 1.5 ליטר פיקדון,"יפאורה תבורי בע""מ",IL,שוופס מוגז עדין אפרס,ליטרים,1.50,ליטר,false,,7.30,4.8667,true,1,197106
7290019056119,false,שוופס סודה 1.5 ליטר פיקדון,"יפאורה תבורי בע""מ",IL,שוופס סודה 1.5ליטר,ליטרים,1.50,ליטר,false,,3.00,2.0000,true,1,196964
7290019056164,false,שוופס סודה 1.5 ליטר רביעייה פיקדון,"יפאורה תבורי בע""מ",IL,שוופס סודה 4*1.5ליטר,ליטרים,6.00,ליטר,false,,10.50,1.7500,true,1,196980
7290019056171,false,שוופס סודה לימון 1.5 ליטר רביעייה פיקדון,"יפאורה תבורי בע""מ",IL,שוופס סודה לימון 4*1,ליטרים,6.00,ליטר,false,,10.50,1.7500,true,1,196995
7290019056188,false,שוופס סודה נענע ליים 1.5 ליטר רביעייה פיקדון,"יפאורה תבורי בע""מ",IL,שוופס סודה נענע ליים,ליטרים,6.00,ליטר,false,,10.50,1.7500,true,1,197010
7290019056201,false,שוופס סודה פירות יער 1.5 ליטר רביעייה פיקדון,"יפאורה תבורי בע""מ",IL,שוופס פירות יער סודה,ליטרים,6.00,ליטר,false,,10.50,1.7500,true,1,197026
7290019056232,false,משקה מוגז בטעם ליים מוחיטו 1.5 ל' שוופס,"יפאורה תבורי בע""מ",IL,שוופס ליים מוחיטו 1.,ליטרים,1.50,ליטר,false,,8.20,5.4667,true,1,197107
7290019056249,false,שוופס מים בטעמים ענבים 1.5 ליטר פיקדון,יפאורה תבורי בעמ,IL,שוופס וואטר ענבים 1.,ליטרים,1.50,ליטר,false,,7.30,4.8667,true,1,196907
7290019056256,false,שוופס מים בטעמים תפוחים 1.5 ליטר פיקדון,יפאורה תבורי בעמ,IL,שוופס וואטר בטעם תפו,ליטרים,1.50,ליטר,false,,7.30,4.8667,true,1,196921
7290019056263,false,שוופס מים בטעמים אפרסק 1.5 ליטר פיקדון,יפאורה תבורי בעמ,IL,שוופס וואטר אפרסק 1.,ליטרים,1.50,ליטר,false,,7.30,4.8667,true,1,196936
7290019056270,false,שוופס מים בטעמים פירות יער 1.5 ליטר פיקדון,"יפאורה תבורי בע""מ",IL,שוופס וואטר פירות יע,ליטרים,1.50,ליטר,false,,7.30,4.8667,true,1,198905
7290019056294,false,שוופס ג'ינג'ר אייל 1.5 ליטר פיקדון,"יפאורה תבורי בע""מ",IL,שוופס ג'ינג'ר אייל 1,ליטרים,1.50,ליטר,false,,10.70,7.1333,true,1,197431
7290019056317,false,שוופס ראשן 1.5 ליטר פיקדון,"יפאורה תבורי בע""מ",IL,שוופס ראשן 1.5 ליטר,ליטרים,1.50,ליטר,false,,10.70,7.1333,true,1,197433
7290019056324,false,שוופס טוניק 1.5 ליטר פיקדון,"יפאורה תבורי בע""מ",IL,שוופס מי טוניק 1.5 ל,ליטרים,1.50,ליטר,false,,10.70,7.1333,true,1,197434
7290019056355,false,תפוזינה לימונדה MIX לימונענע 1.5 ליטר,"יפאורה תבורי בע""מ",IL,תפוזינה לימונדה נענע,ליטרים,1.50,ליטר,false,,7.30,4.8667,true,1,196525
7290019056362,false,תפוזינה ענבים 1.5 ליטר פיקדון,"יפאורה תבורי בע""מ",IL,תפוזינה ענבים 1.5 לי,ליטרים,1.50,ליטר,false,,7.30,4.8667,true,1,196629
7290019056379,false,תפוזינה תפוזים 1.5 ליטר פיקדון,"יפאורה תבורי בע""מ",IL,תפוזינה תפוזים 1.5 ל,ליטרים,1.50,ליטר,false,,7.30,4.8667,true,1,196663
7290019056386,false,פתוזינה אשכולית 1.5 ליטר פיקדון,"יפאורה תבורי בע""מ",IL,תפוזינה אשכוליות 1.5,ליטרים,1.50,ליטר,false,,7.30,4.8667,true,1,196664
7290019056393,false,תפוזינה תות בננה 1.5 ליטר פיקדון,"יפאורה תבורי בע""מ",IL,תפוזינה תות בננה 1.5,ליטרים,1.50,ליטר,false,,7.30,4.8667,true,1,196681
7290019056409,false,תפוזינה מנגו 1.5 ליטר פיקדון,"יפאורה תבורי בע""מ",IL,תפוזינה מנגו עסיסי 1,ליטרים,1.50,ליטר,false,,7.30,4.8667,true,1,196682
7290019056416,false,מיץ בטעם לימונדה ורודה 1.5 ל' תפוזינה,"יפאורה תבורי בע""מ",IL,תפוזינה לימונדה 1.5,ליטרים,1.50,ליטר,false,,7.30,4.8667,true,1,196683
7290019056423,false,מיץ בטעם תפוח רענן 1.5ל' תפוזינה,"יפאורה תבורי בע""מ",IL,תפוזינה תפוח רענן 1.,ליטרים,1.50,ליטר,false,,7.30,4.8667,true,1,196723
7290019056447,false,תפוזינה אשכוליות לייט 1.5 ליטר פיקדון,"יפאורה תבורי בע""מ",IL,תפוזינה אשכוליות 1.5,ליטרים,1.50,ליטר,false,,6.80,4.5333,true,1,196751
7290019056508,false,פרוט ווטר ענבים 1.5 ליטר פיקדון,"יפאורה תבורי בע""מ",IL,פרוט ווטר ענבים 1.5,ליטרים,1.50,ליטר,false,,7.70,5.1333,true,1,196823
7290019056515,false,פרוט ווטר אננס 1.5 ליטר פיקדון,"יפאורה תבורי בע""מ",IL,פרוט ווטר אננס 1.5 ל,ליטרים,1.50,ליטר,false,,7.70,5.1333,true,1,196864
7290019056522,false,פרוט ווטר תות 1.5 ליטר פיקדון,"יפאורה תבורי בע""מ",IL,פרוט ווטר תות 1.5 לי,ליטרים,1.50,ליטר,false,,7.70,5.1333,true,1,196878
7290019056539,false,פרוט ווטר אפרסק 1.5 ליטר פיקדון,"יפאורה תבורי בע""מ",IL,פרוט ווטר אפרסק 1.5,ליטרים,1.50,ליטר,false,,7.70,5.1333,true,1,196879
7290019056553,false,עין גדי מים מינרלים 2 ליטר*6 יח',עין גדי מים מינרליים,IL,עין גדי מים מינרלים,ליטרים,12.00,ליטר,false,,11.60,0.9667,true,1,197598
7290019056560,false,עין גדי 2 ליטר בק' בודד פיקדון,יפאורה תבורי,IL,עין גדי מים מינרלים,ליטרים,2.00,ליטר,false,,3.00,1.5000,true,1,197599
7290019056577,false,ספרינג מנגו 1.5 ליטר פיקדון,"יפאורה תבורי בע""מ",IL,ספרינג מנגו 1.5 ליטר,ליטרים,1.50,ליטר,false,,7.30,4.8667,true,1,196371
7290019056584,false,ספרינג תפוזים 1.5 ליטר פיקדון,"יפאורה תבורי בע""מ",IL,ספרינג תפוזים 1.5 לי,ליטרים,1.50,ליטר,false,,7.30,4.8667,true,1,196401
7290019056591,false,ספרינג ענבים 1.5 ליטר פיקדון,"יפאורה תבורי בע""מ",IL,ספרינג ענבים 1.5 ליט,ליטרים,1.50,ליטר,false,,7.30,4.8667,true,1,196415
7290019056607,false,ספרינג תפוחים 1.5 ליטר פיקדון,"יפאורה תבורי בע""מ",IL,ספרינג תפוחים 1.5 לי,ליטרים,1.50,ליטר,false,,7.30,4.8667,true,1,196416
7290019056614,false,ספרינג אפרסק 1.5 ליטר פיקדון,"יפאורה תבורי בע""מ",IL,ספרינג אפרסק 1.5 ליט,ליטרים,1.50,ליטר,false,,7.30,4.8667,true,1,196430
7290019056621,false,ספרינג פירות טרופיים 1.5 ליטר פיקדון,"יפאורה תבורי בע""מ",IL,ספרינג פירות טרופיים,ליטרים,1.50,ליטר,false,,7.30,4.8667,true,1,196444
7290019056638,false,ספרינג תות בננה 1.5 ליטר פיקדון,"יפאורה תבורי בע""מ",IL,ספרינג תות בננה 1.5,ליטרים,1.50,ליטר,false,,7.30,4.8667,true,1,196460
7290019056645,false,ספרחנג אגס תפוח סברס 1.5 ליטר פיקדון,"יפאורה תבורי בע""מ",IL,ספרינג אגס סברס תפוח,ליטרים,1.50,ליטר,false,,7.30,4.8667,true,1,196461
7290019056652,false,ספרינג אננס בננה 1.5 ליטר פיקדון,"יפאורה תבורי בע""מ",IL,ספרינג אננס בננה 1.5,ליטרים,1.50,ליטר,false,,7.30,4.8667,true,1,196503
7290019056720,false,קריסטל מיץ ענבים 2 ליטר פיקדון,יפאורה תבורי,IL,קריסטל מיץ ענבים 2 ל,ליטרים,2.00,ליטר,false,,6.80,3.4000,true,1,197449
7290019056744,false,קריסטל מיץ תפוזים 2 ליטר פיקדון,יפאורה תבורי,IL,קריסטל מיץ תפוזים 2,ליטרים,2.00,ליטר,false,,6.80,3.4000,true,1,197464
7290019056768,false,קריסטל מיץ מנגו 2 ליטר פיקדון,יפאורה תבורי,IL,קריסטל מיץ מנגו 2 לי,ליטרים,2.00,ליטר,false,,6.80,3.4000,true,1,197479
7290019056805,false,קריסטל מוגז תפוחים 2 ליטר פיקדון,יפאורה תבורי,IL,משקה מוגז קריסטל תפו,ליטרים,2.00,ליטר,false,,6.80,3.4000,true,1,197509
7290019056812,false,קריסטל מוגז מנטה 2 ליטר פיקדון,יפאורה תבורי,IL,קריסטל מנטה 2 ליטר,ליטרים,2.00,ליטר,false,,6.80,3.4000,true,1,197523
7290019056959,false,מי עדן 1.5 ליטר בק' בודד פיקדון,מופק ממקור בזלתי עדן,IL,מי עדן 1.5 ליטר,ליטרים,1.50,ליטר,false,,3.40,2.2667,true,1,207691
7290019056973,false,שישיית מי עדן 1.5 ליטר משפחתי,מופק ממקור בזלתי עדן,IL,מי עדן 6*1.5 ליטר,ליטרים,9.00,ליטר,false,,11.30,1.2556,true,1,197555
7290019075899,false,קמיל בלו אקסטרה סופט אל סבון לתינוק ל',,,קמיל בלו אקסטרה סופט,ליטרים,1000.00,100 ליטר,false,,28.20,2.8200,true,1,286365
7290019153252,false,שוופס סודה תפוח 1.5 ליטר רביעייה פיקדון,יפאורה תבורי,IL,שוופס סודה תפוח 4*1.,ליטרים,6.00,ליטר,false,,10.50,1.7500,true,1,257578
7290019153269,false,שוופס סודה אננס 1.5 ליטר רביעייה פיקדון,יפאורה תבורי,IL,שוופס סודה אננס 4*1.,ליטרים,6.00,ליטר,false,,10.50,1.7500,true,1,257579
7290019153344,false,מיץ בטעם סנגרייה 1.5 ל' תפוזינה,"יפאורה תבורי בע""מ",IL,תפוזינה סנגריה 1.5 ל,ליטרים,1.50,ליטר,false,,7.30,4.8667,true,1,265315
7290019153351,false,מיץ בטעם פינק אוזו 1.5 ל' תפוזינה,"יפאורה תבורי בע""מ",IL,תפוזינה פינק אוזו 1.,ליטרים,1.50,ליטר,false,,7.30,4.8667,true,1,265329
7290019153375,false,מיץ בטעם מוחיטו 1.5 ל' תפוזינה,"יפאורה תבורי בע""מ",IL,תפוזינה מוחיטו 1.5 ל,ליטרים,1.50,ליטר,false,,7.30,4.8667,true,1,265330
7290019204008,false,עוף טוב פסטרמה ארבעה פלפלים 350גרם,עיצובים 2020 (4.9),IL,פסטרמה ארבעה פלפלים,גרמים,350.00,100 גרם,false,,21.30,6.0857,true,1,294650
7290019204305,false,חזה הודו פסטרמה ברביקיו 350 גר',עיצובים 2020 (4.9),IL,פסטרמה ברביקיו עוף ט,גרמים,350.00,100 גרם,false,,21.30,6.0857,true,1,294633
7290019232155,false,"חליטת ""לילה טוב"" קמומיל לבנדר ו25 שקיקים ויסוצקי",ויסוצקי,IL,לילה טוב חליטת קמומי,גרמים,37.50,100 גרם,false,,19.60,52.2667,true,1,328546
7290019232162,false,"חליטת ""לילה טוב"" קמומיל מליסה 25 שקיקים ויסוצקי",ויסוצקי,IL,לילה טוב חליטת קמומי,גרמים,37.50,100 גרם,false,,19.60,52.2667,true,1,328547
7290019232186,false,תה ירוק לימונית לואיזהSTAY WELL 25 שקיקים ויסוצקי,ויסוצקי,IL,תה ירוק לימונית לואי,גרמים,37.50,100 גרם,false,,19.60,52.2667,true,1,328549
7290019232384,false,חווית הצ'אי תה שחור בטעם מוקה 25*50 ג' ויסוצקי,ויסוצקי,IL,חווית הצ'אי- מוקה 25,גרמים,50.00,100 גרם,false,,17.01,34.0200,true,1,334884
7290019245001,false,שמן קנולה אלומות 1 ל,סקנולה,EE,שמן קנולה אלומות 1 ל,ליטרים,1.00,ליטר,false,,9.40,9.4000,true,1,252918
7290019297161,false,טורטיות ראפ מקמח תירס 540 ג' 12 יח',מוטלוקל,TR,טורטיות ראפ מקמח תיר,גרמים,540.00,100 גרם,false,,8.50,1.5741,true,1,4911
7290019297239,false,צימוק חום 250 גרם ששון הקולה,"דין שיווק וקליה בע""מ",,צימוק כהה 250 גרם,גרמים,250.00,100 גרם,false,,11.90,4.7600,true,1,4912
7290019297536,false,חמאת בוטנים עם שברי בוטנים Crazy or Nuts,דין שיווק,,חמאת בוטנים עם שברי,גרמים,510.00,100 גרם,false,,10.20,2.0000,true,1,4925
7290019297543,false,שקדיה חמאת בוטנים 51,דין שיווק,CN,חמאת בוטנים שקדיה 51,גרמים,510.00,100 גרם,false,,8.50,1.6667,true,1,4926
7290019297628,false,שקד טבעי 150 גרם ששון הקולה שקית,"דין שיווק וקלייה בע""",IL,שקד טבעי 150 גרם ששו,גרמים,150.00,100 גרם,false,,11.90,7.9333,true,1,4932
7290019297635,false,שקד קלויים 150 גרם ששון הקולה,דין שיווק,IL,שקד קלוי 150 גרם,גרמים,150.00,100 גרם,false,,14.50,9.6667,true,1,4933
7290019308058,false,שעועית ירוקה חתוכה 8,,,שעועית ירוקה חתוכה 8,גרמים,800.00,100 גרם,false,,8.50,1.0625,true,1,282831
7290019393023,false,האופה- קמח חיטה 80% ללא צורך בניפוי 1 קג,,IL,קמח חיטה 80% מנופה ה,קילוגרמים,1.00,"ק""ג",false,,9.40,9.4000,true,1,315462
7290022005074,false,רוטב עגבניות שרי קלאסי 400 גרם,גוסטיבוס,IT,רוטב עגבניות שרי קלא,גרמים,400.00,100 גרם,false,,12.80,3.2000,true,1,323607
7290022005081,false,רוטב עגבניות שרי ארביאטה 400 גרם,,,רוטב עגבניות שרי ארב,גרמים,400.00,100 גרם,false,,12.80,3.2000,true,1,378
7290022005104,false,רוטב עגבניות שרי בזיליקום 400 גרם,גוסטיבוס,IT,רוטב עגבניות שרי בזי,גרמים,400.00,100 גרם,false,,12.80,3.2000,true,1,379
7290100249598,false,"רוטב לבישול שום ודבש קנור 320ג' בד""צ",יוניליוור ישראל מזון,IL,רוטב לעוף שום ודבש ב,גרמים,310.00,100 גרם,false,,9.00,2.9032,true,1,10501
7290100412343,false,קוויק מגבונים לניקוי כללי בניחוח לימון 50 יח',DPL,IL,מגבונים לניקוי וחיטו,יחידה,0.00,יחידה,false,,7.70,0.0000,true,1,29343
7290100412435,false,קוויק מגבונים לניקוי כללי בניחוח פרחי בר 50 יח',DPL,IL,מגבונים לניקוי וחיטו,יחידה,0.00,יחידה,false,,7.70,0.0000,true,1,29346
7290100412466,false,מגבונים קוויק לניקוי וחיטוי רצפות בניחוח לימון 10 יח',DPL,IL,מגבונים לניקוי רצפות,יח',10.00,יח',false,,9.40,0.9400,true,1,29349
7290100412800,false,"תחליב רחצה לעור יבש וילד פלאור דר עור 700 מ""ל","אמיליה קוסמטיקס בע""מ",IL,תחליב רחצה עור יבש פ,מיליליטרים,700.00,"100 מ""ל",false,,16.20,2.3143,true,1,29361
7290100570234,false,אביזרי מטבח,,,אביזרי מטבח,יחידה,0.00,יחידה,false,,11.10,0.0000,true,1,34033
7290100572368,false,אביזרי מטבח,,,אביזרי מטבח,יחידה,0.00,יחידה,false,,17.10,0.0000,true,1,34042
7290100572702,false,אביזרי מטבח ב-11.00,,,אביזרי מטבח ב-11.00,יחידה,0.00,יחידה,false,,9.40,0.0000,true,1,34045
7290100573402,false,אביזרי מטבח,,,אביזרי מטבח,יחידה,0.00,יחידה,false,,12.80,0.0000,true,1,34048
7290100653463,false,"פלמוליב - ארומה ג'ל רחצה מסאז' 500 מ""ל",קולגייט פלמוליב,IT,סבון נוזלי ספא מסאג',מיליליטרים,500.00,"100 מ""ל",false,,13.60,2.7200,true,1,21327
7290100658338,false,נוזל כלים אוקסי פלוס עם נוסחת החמצן הפעיל,הנסיך- מפעל לייצור ט,GR,פלמוליב לכלים אוקסי-,מיליליטרים,750.00,"100 מ""ל",false,,10.20,1.3600,true,1,21334
7290100659090,false,פרי חטיפים ללא סוכר מארז 5 תמרים וקינמו,טבעית מוצרים מן הטבע,IL,פרי חטיפים ללא סוכר,גרמים,100.00,100 גרם,false,,12.80,12.8000,true,1,21335
7290100680650,false,מנה חמה נודלס-אטריות ירקות טעם תאילנדי אסם 76 ג',THAI PRESIDENT FOODS,TH,מנה חמה נודלס תאילנד,גרמים,76.00,100 גרם,false,,5.00,6.5789,true,1,18574
7290100680711,false,פירורית זהב אסם זהב 350ג',עינת תעשיות מזון אגו,IL,אסם פירורית זהב 350,גרמים,350.00,100 גרם,false,,7.70,2.2000,true,1,18576
7290100680728,false,פירורית רגילה שקית 350 גרם,מיוצר עי קונדיטוריית,IL,פירורית רגילה שקית 3,גרמים,350.00,100 גרם,false,,6.80,1.9429,true,1,18577
7290100681138,false,מארז אפרופו חטיף תירס 3 יחידות,"אסם השקעות בע""מ",IL,אפרופו מאח 3*50 גר',גרמים,150.00,100 גרם,false,,11.00,7.3333,true,1,18581
7290100683880,false,תבשילים משפחתיים פירה 260 גרם,"אסם השקעות בע""מ",IL,פירה אסם 260 גרם,גרמים,260.00,100 גרם,false,,11.90,4.5769,true,1,18591
7290100685068,false,פודינג וניל עם פצפוצי שוקולד 110 ג' אסם,אסם תעשיות,IL,אסם פדנג.אינס.ונל.פצ,גרמים,110.00,100 גרם,false,,4.70,4.2727,true,1,18597
7290100685242,false,במבה מתוקה תות אדום סרט 30ג',"אסם השקעות בע""מ",IL,במבה מתוקה מחומרים ט,גרמים,30.00,100 גרם,false,,2.50,8.3333,true,1,18599
7290100685334,false,מרק עוף אמיתי מרכיבים טבעיים 400 גרם,"אסם השקעות בע""מ",IL,מרק עוף מרכיבים טבעי,גרמים,400.00,100 גרם,false,,17.00,4.2500,true,1,18600
7290100685341,false,מרק תיבול טעם עוף זך רכיבים טיבעיים 400,"אסם השקעות בע""מ",IL,מרק זך טעם עוף רכיבי,גרמים,400.00,100 גרם,false,,11.90,2.9750,true,1,18601
7290100686164,false,מארז מולטיפק ביסלי ברביקיו 6 יח 35 גר יח,מיוצר עי קונדיטוריית,IL,ביסלי ברביקיו מאח.8,גרמים,210.00,100 גרם,false,,10.60,5.0476,true,1,18608
7290100686171,false,מארז מולטיפק ביסלי גריל 6 יח 35 גר ליח,אסם תעשיות,IL,ביסלי גריל מאח.8 6*3,גרמים,210.00,100 גרם,false,,10.60,5.0476,true,1,18609
7290100687109,false,במבה במילוי קרם נוגט 60ג' אסם,"אסם השקעות בע""מ",IL,במבה במילוי קרם נוגט,גרמים,60.00,100 גרם,false,,3.80,6.3333,true,1,18612
7290100689301,false,אבקת מרק עוף זך עדיף אסם 400 גר',"אסם השקעות בע""מ",IL,מרק בטעם עוף זך אסם,גרמים,400.00,100 גרם,false,,11.90,2.9750,true,1,18619
7290100700020,false,סוגת גריסי פנינה 500גרם,האי נאם סי או אל.טי.,IL,סוגת גריסי פנינה 500,גרמים,500.00,100 גרם,false,,4.20,0.8400,true,1,17114
7290100700242,false,"אורז מלא עגול סוגת 1 ק""ג","סוגת תעשיות בע""מ",IL,סוגת אורז מלא עגול 1,קילוגרמים,1.00,"ק""ג",false,,10.20,10.2000,true,1,17116
7290100700273,false,קינואה סוגת 500 גרם,האי נאם סי או אל.טי.,IL,קינואה סוגת 500 גרם,גרמים,500.00,100 גרם,false,,11.00,2.2000,true,1,17118
7290100700310,false,"סוגת כוסמת סוגת 1ק""ג","סוגת תעשיות בע""מ",IL,כוסמת 1 ק'ג,קילוגרמים,1.00,"ק""ג",false,,12.70,12.7000,true,1,17120
7290100700334,false,קינואה לבנה סוגת 1,"סוגת תעשיות בע""מ",IL,סוגת קינואה 1קג,קילוגרמים,1.00,"ק""ג",false,,17.00,17.0000,true,1,17122
7290100700372,false,"סוגת אורז בסמטי מלא 1 ק""ג",האי נאם סי או אל.טי.,IL,אורז בסמטי מלא 1 ק'ג,קילוגרמים,1.00,"ק""ג",false,,8.50,8.5000,true,1,17124
7290100700389,false,"סוגת אורז אדום 1 ק""ג",סוגת תעשיות בעמ,IL,אורז אדום 1 ק'ג,קילוגרמים,1.00,"ק""ג",false,,11.00,11.0000,true,1,17125
7290100700396,false,"סוגת אורז יסמין קלאסי 1 ק""ג",האי נאם סי או אל.טי.,IL,סוגת אורז יסמין קלאס,קילוגרמים,1.00,"ק""ג",false,,10.20,10.2000,true,1,17126
7290100700402,false,"סוגת חומוס ענק 1 ק""ג",,,חומוס ענק 1 ק'ג,קילוגרמים,1.00,"ק""ג",false,,17.10,17.1000,true,1,17127
7290100700563,false,"סוגת אורז מיקס 1 ק""ג",סוגת תעשיות בעמ,IL,אורז מיקס קלאסי 1 ק',קילוגרמים,1.00,"ק""ג",false,,11.00,11.0000,true,1,17131
7290100700587,false,"בורגול ""סוגת"" 500 גרם",האי נאם סי או אל.טי.,IL,סוגת בורגול 500 גר,גרמים,500.00,100 גרם,false,,5.00,1.0000,true,1,17132
7290100701331,false,קמח רב תכליתי שטיבל קמח חיטה לבן בהיר,"שטיבל בע""מ - טחנות ק",IL,קמח רב תכליתי סוגת,קילוגרמים,1.00,"ק""ג",false,,5.50,5.5000,true,1,17138
7290100701348,false,"קמח שיפון מלא 1 ק""ג סוגת",טחנות קמח שטיבל באר,IL,קמח שיפון מלא סוגת,קילוגרמים,1.00,"ק""ג",false,,5.50,5.5000,true,1,17139
7290100701409,false,קמח תירס סוגת 500 גר,,IL,קמח תירס סוגת 500 גר,גרמים,500.00,100 גרם,false,,5.90,1.1800,true,1,17142
7290100701454,false,סוגת גרישה 500 גרם,"סוגת תעשיות בע""מ",IL,גרישה 500 גרם,גרמים,500.00,100 גרם,false,,5.00,1.0000,true,1,17144
7290100701577,false,קמח לחם קמח חיטה לבן שטיבל,שטיבל טחנות קמח,IL,קמח לחם מועשר בויטמי,קילוגרמים,1.00,"ק""ג",false,,5.50,5.5000,true,1,17145
7290100702284,false,קוסקוס מלא סוגת 350 גרם,סוגת,IL,קוסקוס מלא סוגת 350,גרמים,350.00,100 גרם,false,,4.20,1.2000,true,1,17157
7290100702611,false,פתיתים אפויים אורז 500 גרם סוגת,"אסיף תעשיות מזון בע""",IL,פתיתים אפויים אורז ס,גרמים,500.00,100 גרם,false,,4.20,0.8400,true,1,17169
7290100702628,false,פתיתים אפויים קוסקוס 500 גרם סוגת,"אסיף תעשיות מזון בע""",IL,פתיתים אפויים קוסקוס,גרמים,500.00,100 גרם,false,,4.20,0.8400,true,1,17170
7290100702635,false,פתיתים אפויים כוכבים סוגת 500 ג',"אסיף תעשיות מזון בע""",IL,פתיתים אפויים כוכבים,גרמים,500.00,100 גרם,false,,4.20,0.8400,true,1,17171
7290100702741,false,"סוכר חום בהיר בצנצנת 1 ק""ג סוגת",סוגת,IL,סוכר חום בהיר בצנצנת,קילוגרמים,1.00,"ק""ג",false,,11.00,11.0000,true,1,17180
7290100702987,false,פתיתי שיבולת שועל דק סוגת 500ג',סוגת תעשיות,,פתיתי שיבולת שועל סו,גרמים,500.00,100 גרם,false,,5.10,1.0200,true,1,17197
7290100703564,false,פתיתי שיבולת שועל עבה סוגת 500 ג',,,שיבולת שועל עבה סוגת,גרמים,500.00,100 גרם,false,,5.10,1.0200,true,1,17223
7290100703632,false,קמח חיטה מלא ללא צורך בניפוי,סוגת,,קמח מלא ללא ניפוי סו,קילוגרמים,1.00,"ק""ג",false,,7.60,7.6000,true,1,17227
7290100703649,false,"קמח מלא 80% חיטה ללא ניפוי סוגת 1ק""ג",סוגת,,קמח מלא חיטה 80% ללא,קילוגרמים,1.00,"ק""ג",false,,7.60,7.6000,true,1,17228
7290100703687,false,"קמח חלה ללא ניפוי 1 ק""ג סוגת",סוגת,,קמח חלה ללא ניפוי סו,קילוגרמים,1.00,"ק""ג",false,,7.60,7.6000,true,1,17231
7290100703915,false,פופקורן להכנה במיקרוגל בטעם חמאה - מארז 6 שקיות,סוגת,IL,מארז פופקורן למיקרוג,גרמים,540.00,100 גרם,false,,8.50,1.5741,true,1,17238
7290100703922,false,פופקורן להכנה במיקרוגל בטעם טבעי - מארז 6 שקיות,סוגת,IL,מארז פופקורן למיקרוג,גרמים,540.00,100 גרם,false,,8.50,1.5741,true,1,17239
7290100704578,false,קמח כוסמין לבן סוגת,טחנת קמח דגן-שטיבל,IL,קמח כוסמין לבן סוגת,קילוגרמים,1.00,"ק""ג",false,,13.60,13.6000,true,1,133685
7290100704615,false,סוכר לבן דק דק בצנצנת 500 גרם,סוגת,IL,סוכר לבן דק דק בצנצנ,גרמים,500.00,100 גרם,false,,6.76,1.3520,true,1,194070
7290100704622,false,סוכר דמררה דק דק בצנצנת 500 גרם,סוגת,IL,סוכר דמררה דק דק בצנ,גרמים,500.00,100 גרם,false,,6.76,1.3520,true,1,194056
7290100850909,false,דוריטוס נאצו מקסיקני 70 גרם,שטראוס פריטו ליי (מל,IL,דוריטוס נאצו מקסיקני,גרמים,70.00,100 גרם,false,,3.30,4.7143,true,1,23944
7290100850916,false,דוריטוס חמוץ חריף 70 גרם,"שטראוס פריטו ליי בע""",IL,דוריטוס חמוץ חריף 70,גרמים,70.00,100 גרם,false,,3.30,4.7143,true,1,23945
7290100850923,false,דוריטוס גריל 70 גרם,שטראוס פריטו ליי (מל,IL,דוריטוס גריל 70 גרם,גרמים,70.00,100 גרם,false,,3.30,4.7143,true,1,23946
7290100850930,false,דוריטוס טבעי 70 גרם,שטראוס פריטו ליי (מל,IL,דוריטוס טבעי 70 גרם,גרמים,70.00,100 גרם,false,,3.30,4.7143,true,1,23947
7290100858592,false,אבקת קקאו עלית שקית 150 ג',הנסיך- מפעל לייצור ט,IL,עלית קקאו 150ג,גרמים,150.00,100 גרם,false,,8.50,5.6667,true,1,22130
7290100858608,false,אבקת קקאו עלית שקית 500 ג',שטראוס גרופ,IL,עלית קקאו 500ג,גרמים,500.00,100 גרם,false,,20.40,4.0800,true,1,22131
7290100922569,false,קרם לטיפוח עוד הידיים והגוף- מארז שלישייה,טרופיקל דגיל,IL,80*3 ולוטה קרם ידיים,מיליליטרים,300.00,"100 מ""ל",false,,17.10,5.7000,true,1,8168
7290100922651,false,הוואי - סבון מוצק מי קוקוס 100 גרם רביעייה,טרופיקל דגיל קוסמטיק,IL,סבון מוצק מי קוקוס ה,גרמים,400.00,100 גרם,false,,10.20,2.5500,true,1,8173
7290100924457,false,כדוריות סבון נתלה לאסלה לימון רענן - 3 יח',הנקל סוד,HU,סוד סבון 4 כדוריות ל,גרמים,150.00,100 גרם,false,,15.00,10.0000,true,1,34731
7290100924631,false,מרכך כביסה מרוכז לבגדי תינוקות ובעלי עור רגיש,"הנקל סוד בע""מ",IL,מרכך כביסה סוד מרוכז,מיליליטרים,900.00,"100 מ""ל",false,,10.20,1.1333,true,1,34741
7290100926147,false,אבקת כביסה פרסיל קולור שקית 2.5 קג,"הנקל סוד בע""מ",IL,אבקת כביסה פרסיל קול,קילוגרמים,2.50,"ק""ג",false,,23.00,9.2000,true,1,34791
7290101110811,false,גלידל שלגון בטעם וניל מצופה סורבה פסיפלורה - 8 יח',הגלידות של פלדמן,IL,גלידל מאגדת בטעם פסי,גרמים,600.00,100 גרם,false,,27.30,4.5500,true,1,35833
7290101113447,false,עשירייה גלידל מיני קסטה בטעמי שוקו ווניל 270 ג' פלדמן,הגלידות של פלדמן,IL,גלידל מיני סנדוויץ',גרמים,270.00,100 גרם,false,,27.30,10.1111,true,1,206627
7290101113591,false,טילוני יולו גלידת שוקולד לבן עם שברי עוגיות,הגלידות של פלדמן,IL,מאגדת טילון YOLO בט,גרמים,400.00,100 גרם,false,,21.30,5.3250,true,1,136443
7290101113751,false,מאגדת שלגון קרמל ושוקולד בלונדי רביעיה * 50 ג' יולו,הגלידות של פלדמן,IL,מאגדת רביעייה שלגון,גרמים,200.00,100 גרם,false,,17.10,8.5500,true,1,234787
7290101113768,false,מאגדת שלגון עוגיות ושוקולד חלב רביעיה * 50 ג' יולו,הגלידות של פלדמן,IL,מאגדת רביעייה שלגון,גרמים,200.00,100 גרם,false,,17.10,8.5500,true,1,234788
7290101113904,false,מארז מנבו וניל 12 יח' פלדמן,הגלידות של פלדמן,IL,מנבו וניל 12 יח 288,גרמים,288.00,100 גרם,false,,17.90,6.2153,true,1,311615
7290101453888,false,נר מספר - 1,סודי,CN,נר מספר 1,יחידה,0.00,יחידה,false,,3.80,0.0000,true,1,32048
7290101453918,false,נר מספר - 4,סודי,CN,נר מספר 4,יחידה,0.00,יחידה,false,,3.80,0.0000,true,1,32051
7290101459880,false,נרות אותיות- יום הול,,,נרות אותיות- יום הול,יחידה,0.00,יחידה,false,,8.50,0.0000,true,1,32250
7290101488286,false,"ליידי ספיד סטיק - דאודורנט ספריי לאישה 24/7 פרש פיוזן ורוד 150 מ""ל",ליידי ספיד סטיק Lady Speed Stick,RU,דאו' ספריי ורוד לייד,מיליליטרים,150.00,"100 מ""ל",false,,14.10,9.4000,true,1,21342
7290101488316,false,ליידי ספיד סטיק - דאודורנט סטיק לאישה ללא סימן ורוד סטיק 65 גרם,ליידי ספיד סטיק Lady Speed Stick,US,דאו' ללא סימן ורוד ל,מיליליטרים,65.00,"100 מ""ל",false,,16.50,25.3846,true,1,21344
7290101488323,false,ליידי ספיד סטיק - דאודורנט סטיק לאישה ללא סימן ירוק סטיק 65 גרם,ליידי ספיד סטיק Lady Speed Stick,US,דאו' ללא סימן ירוק ל,גרמים,65.00,100 גרם,false,,16.50,25.3846,true,1,21345
7290101551300,false,סילאן טבעי ללא תוספת סוכר בקבוק לחיץ,מכוורת יד מרדכי,IL,סילאן טבעי לחיץ יד מ,גרמים,380.00,100 גרם,false,,13.30,3.5000,true,1,22141
7290101551539,false,יוגורט PRO בטעם אפרסק 0% 20 גרם חלבון בגביע,דנונה - שטראוס,IL,דנונה פרו 20 אפרסק 2,גרמים,200.00,100 גרם,false,,5.30,2.6500,true,1,23162
7290101551577,false,קוואקר שיבות שועל פחית מארז 2*500 גר',FRITO-LAY TRADING CO,GB,זוג קוואקר פחית שיבו,קילוגרמים,1.00,"ק""ג",false,,17.00,17.0000,true,1,23951
7290101551584,false,תפוצ'יפס קידס מארז 10 יח' * 20 ג',"שטראוס פריטו ליי בע""",IL,מארז תפוצ'יפס קידס 1,גרמים,200.00,100 גרם,false,,12.10,6.0500,true,1,23952
7290101551638,false,חטיף צ'יטוס כאפה בטעם קטשופ - מארז 10 יח',"שטראוס פריטו ליי בע""",IL,מארז צ'יטוס כאפה 10*,גרמים,200.00,100 גרם,false,,12.10,6.0500,true,1,23956
7290101864127,false,"ספריי להסרת כתמים 750 מ""ל וניש קליה",קליה וניש Kalia Vanish,IL,קליה אוקסי ספריי 750,מיליליטרים,750.00,"100 מ""ל",false,,14.50,1.9333,true,1,20672
7290101865261,false,"פיניש נוזל הברקה 800 מ""ל",רקיט בנקיזר,PL,פיניש הברקה 800 מל,מיליליטרים,800.00,"100 מ""ל",false,,17.00,2.1250,true,1,20679
7290101866633,false,וניש קליה ג'ל מסיר כתמים 3 ליטר,קליה וניש Kalia Vanish,IL,וניש קליה ג'ל 3 ליטר,ליטרים,3.00,ליטר,false,,25.60,8.5333,true,1,20685
7290101866787,false,מסיר כתמים ומלבין לכביסה לבנה 3 ל וניש קליה,קליה וניש Kalia Vanish,IL,וניש נוזל מסיר כתמים,ליטרים,3.00,ליטר,false,,25.60,8.5333,true,1,20688
7290101869719,false,ג'ל מרוכז למדיח פיניש all in one max בניחוח לימון,רקיט בנקיזר,IL,פיניש ג'ל לימון 600,יחידה,0.00,יחידה,false,,28.10,0.0000,true,1,20721
7290101869801,false,אירוויק מבשם אויר מכשיר חשמלי אואזיס,רקיט בנקיזר,HU,איירוויק מבשם אויר ח,יחידה,0.00,יחידה,false,,23.00,0.0000,true,1,20730
7290101985365,false,בקבוק אלומיניום גדול,,,בקבוק אלומיניום גדול,יחידה,0.00,יחידה,false,,19.20,0.0000,true,1,32329
7290101999720,false,נרות מטה לבבות פו,,,נרות מטה לבבות פו,יחידה,0.00,יחידה,false,,6.40,0.0000,true,1,32584
7290102030330,false,תפוציפס קראנצ מקסיקני 200 גרם,"שטראוס פריטו ליי בע""",IL,תפוצ'יפס קראנץ מקסיק,גרמים,200.00,100 גרם,false,,9.30,4.6500,true,1,23965
7290102031276,false,מארז 8 יחידות אקטימל משקה יוגורט בטעם תות בננה,מיוצר עי קונדיטוריית,IL,אקטימל תות בננה 8*10,מיליליטרים,800.00,"100 מ""ל",false,,17.00,2.1250,true,1,23183
7290102032334,false,אבקה להכנת משקה קפה בטעם וניל,שטראוס,IL,קפה נמס עלית בטעם ונ,גרמים,200.00,100 גרם,false,,17.00,8.5000,true,1,22144
7290102060764,false,מארז זוג מברשות שיניים מרידול,יבואן ומשווק: ש. שסט,CH,זוג מברשות שיניים עד,יחידה,0.00,יחידה,false,,30.70,0.0000,true,1,21346
7290102062195,false,"אלמקס משחת שיניים אלמקס גוניור 75 מ""ל",יבואן ומשווק: ש. שסט,PE,אלמקס משחת שיניים אל,מיליליטרים,75.00,"100 מ""ל",false,,13.60,18.1333,true,1,21351
7290102300822,false,גבינה צ'דר אנגלית כתומה 200 ג',דאולי צ'יסמייקרס,GB,סיימן גבינת צדר אנגל,גרמים,200.00,100 גרם,false,,20.40,10.2000,true,1,16946
7290102300860,false,גבינת צ'דר אנגלי לבן 35%,דאוליי צ'יסמייקרס,GB,שביק גבינת צדר אנגלי,גרמים,200.00,100 גרם,false,,20.40,10.2000,true,1,16947
7290102302246,false,גבינת גאודה הולנדית 200 גרם,מיוצר עי קונדיטוריית,NL,גבינת גאודה 200 גר',גרמים,200.00,100 גרם,false,,19.60,9.8000,true,1,16953
7290102302864,false,גבינה הולנדית עם פסטו ירוק 34%,הנרי ויליך Henri Willig,NL,גבינה הולנדית חצי קש,גרמים,200.00,100 גרם,false,,25.60,12.8000,true,1,253816
7290102302888,false,גבינת גאודה כמון 200 גרם,מיוצר עי קונדיטוריית,NL,גבינה הולנדית עם כמו,גרמים,200.00,100 גרם,false,,25.60,12.8000,true,1,253817
7290102304714,false,גלוריוס עיזים 180 גרם,הנרי ויליך,NL,גבינת גלוריוס עיזים,גרמים,180.00,100 גרם,false,,40.90,22.7222,true,1,253914
7290102304721,false,גבינת טרמנדס כמהין 1,הנרי ויליך,NL,גבינת טרמנדס כמהין 1,גרמים,180.00,100 גרם,false,,40.90,22.7222,true,1,253929
7290102390427,false,יוגורט ביו עם קציפת תות 3% שומן 150 ג' מולר,מולר Muller,IL,מולר פרופ תות 3% 150,גרמים,150.00,100 גרם,false,,4.50,3.0000,true,1,6444
7290102392049,false,גבינה תבור לאפייה 5% 500 ג' צוריאל,מחלבת משק צוריאל,IL,צוריאל תבור 5% 500ג,גרמים,500.00,100 גרם,false,,21.30,4.2600,true,1,6456
7290102392094,false,חלב עיזים 4.1% צוריאל 1 ל' קרטון,מילקו תעשיות בעמ,IL,צוריאל חלב עיזים 1ל,ליטרים,1.00,ליטר,false,,14.10,14.1000,true,1,6457
7290102392254,false,חלב 1% בקרטון 2 ל' טרה,טרה,IL,טרה חלב 1% 2ל,ליטרים,2.00,ליטר,false,,10.02,5.0100,true,1,6460
7290102393039,false,מולר מיקס יוגורט קרמי בתוספת פצפוצי שוקולד 170 ג',מולר Muller,IL,מולר מיקס בתוספת פצפ,מיליליטרים,170.00,"100 מ""ל",false,,5.30,3.1176,true,1,6473
7290102393169,false,סימפלי פרוט יוגורט תות 3% שומן 150 ג' מולר,מולר Muller,IL,מולר סימפלי פרוט תות,גרמים,150.00,100 גרם,false,,4.40,2.9333,true,1,6480
7290102393190,false,סימפלי פרוט פירות היער 3% שומן 150 ג' מולר,מילקו תעשיות בעמ,IL,מולר סימפלי פרוט פיר,גרמים,150.00,100 גרם,false,,4.40,2.9333,true,1,6482
7290102393268,false,**טרה גבינה לבנה אריזת חיסכון 5% 750ג,טרה,IL,טרה גבינה לבנה אריזת,גרמים,750.00,100 גרם,false,,12.74,1.6987,true,1,6483
7290102393299,false,יוגורט עיזים לשתייה 3% שומן 500 ג' צוריאל,מיוצר עי קוד יצרן HG,IL,צוריאל יוגורט עיזים,מיליליטרים,500.00,"100 מ""ל",false,,10.70,2.1400,true,1,6484
7290102393855,false,"משק צוריאל יוגורט עיזים אפרסק 3% 140 מ""ל",מחלבת משק צוריאל,IL,צוריאל יוגורט עיזים,מיליליטרים,150.00,"100 מ""ל",false,,5.50,3.6667,true,1,6489
7290102393947,false,סימפלי פרוט יוגורט בטעם קיווי 3% שומן 150 ג' מולר,מילקו תעשיות בעמ,IL,מולר סימפלי פרוט קיו,מיליליטרים,150.00,"100 מ""ל",false,,4.40,2.9333,true,1,6490
7290102394081,false,מולר מיקס יוגורט קרמי עם קורנפלקס מצופה שוקולד,מילקו תעשייה בעמ,IL,מולר מיקס קורנפקלס מ,גרמים,170.00,100 גרם,false,,5.30,3.1176,true,1,6492
7290102394463,false,נעם גבינה צהובה וואקום 28% 500 גרם,טרה,IL,נעם גבינה צהובה וואק,גרמים,500.00,100 גרם,false,,24.70,4.9400,true,1,6501
7290102394821,false,"נעם גבינה צהובה דק דק פ""ח 28% 200 גר",מילקו תעשיות בעמ,IL,נעם גבינה צהובה דק ד,גרמים,200.00,100 גרם,false,,14.70,7.3500,true,1,6505
7290102394845,false,פרוסות גבינת נעם מופחתת שומן 9%,מילקו תעשיות בעמ,IL,נעם גבינה צהובה דק ד,גרמים,200.00,100 גרם,false,,15.30,7.6500,true,1,6506
7290102395101,false,ממרח גבינה ושוקולד שוקי 200 גר,מילקו תעשיות בעמ,IL,מוו ממרח גבינה ושוקו,גרמים,200.00,100 גרם,false,,10.20,5.1000,true,1,6509
7290102395217,false,מאגדת שמיניה מולר במתיקות מעודנת 1.2% 8*150 ג',מולר Muller,IL,מולר ביאנקו במתיקות,קילוגרמים,1.20,"ק""ג",false,,16.70,13.9167,true,1,6513
7290102395224,false,מארז 8 גביעים יוגורט ביו בטעם טבעי 1.7%,מולר Muller,IL,מולר נטורל 1.7% 8*15,קילוגרמים,1.20,"ק""ג",false,,15.80,13.1667,true,1,6514
7290102395231,false,מולר נטורל 2.8% ביאנקו מאגדת 8 יח' * 150 ג',מולר Muller,IL,מולר נטורל 2.8% 8*15,קילוגרמים,1.20,"ק""ג",false,,15.80,13.1667,true,1,6515
7290102395262,false,מארז 8 גביעים יוגורט בטעם תות שדה ואפרסק 3% Simply Fruit,מולר Muller,IL,מולר תות שדה ואפרסק,קילוגרמים,1.20,"ק""ג",false,,27.30,22.7500,true,1,6516
7290102395347,false,יוגורט 6% שומן 3 ל' טרה,טרה,IL,טרה יוגורט 6% כד 3 ק,קילוגרמים,3.00,"ק""ג",false,,25.60,8.5333,true,1,6517
7290102395378,false,גבינה צהובה נועם 28% וואקום פרוס 360ג',טרה,IL,נעם גבינה צהובה ואקו,גרמים,360.00,100 גרם,false,,17.90,4.9722,true,1,6518
7290102395439,false,מארז 8 גביעים יוגורט בטעם פירות יער וקיווי 3% Simply Fruit,מילקו תעשיות בעמ,IL,מולר סימפלי פירות יע,קילוגרמים,1.20,"ק""ג",false,,27.30,22.7500,true,1,6520
7290102395477,false,מעדן חלב בטעם שוקולד עם קצפת 123 ג' טרה,טרה,IL,מוו שוקולד קצפת 123מ,מיליליטרים,123.00,"100 מ""ל",false,,2.60,2.1138,true,1,6524
7290102396399,false,מארז 8 יחידות מעדן חלב בטעם שוקולד 1.5%,טרה,IL,מוו מעדן שוקולד 100*,גרמים,800.00,100 גרם,false,,12.10,1.5125,true,1,6542
7290102396665,false,פרוסות גבינת נעם מופחתת שומן 15%,מילקו תעשיות בעמ,IL,גבנ`צ דקדק פתח סגור,גרמים,200.00,100 גרם,false,,14.40,7.2000,true,1,6555
7290102396672,false,זבינה צהובה נעם דק דק 9% 360 גר,טרה,IL,נעם צהובה דק דק 9% 3,גרמים,360.00,100 גרם,false,,23.80,6.6111,true,1,6556
7290102396719,false,יוגורט ביו עם תות שדה 0% Simply Fruit,מולר Muller,IL,מולר סימפלי פרוט תות,גרמים,170.00,100 גרם,false,,4.40,2.5882,true,1,6558
7290102397204,false,פרוסות גבינה 22% שומן 200 ג' נעם,מילקו תעשיות בעמ,IL,נעם צהובה דק דק 22%,גרמים,200.00,100 גרם,false,,14.40,7.2000,true,1,6582
7290102397464,false,יוגורט ביו בתוספת גרעינים אגוזים וחמוציות 170 ג' מולר,מולר Muller,IL,מולר יוגורט נטורל +,גרמים,150.00,100 גרם,false,,5.30,3.5333,true,1,6597
7290102397600,false,מיקס יוגורט בתוספת שקדים ובוטנים מקורמלים 170 ג' מולר,מילקו תעשייה בעמ,IL,מולר מיקס שקדים ובוט,גרמים,168.00,100 גרם,false,,5.30,3.1548,true,1,6607
7290102397617,false,יוגורט ביו קרמי עם כדורים מצופים שוקולד חום לבן,מולר Muller,IL,מולר מיקס קליק 168 ג,גרמים,168.00,100 גרם,false,,5.30,3.1548,true,1,6608
7290102397679,false,קוטג' וחצי 5% טרה 375 ג',מילקו,IL,קוטג' וחצי 5% 375 גר,גרמים,375.00,100 גרם,false,,6.20,1.6533,true,1,6611
7290102397730,false,פרוסות גבינה אמנטל חצי קשה 30% שומן 200 ג' נעם,טרה,IL,גבינת אמנטל נעם פתיח,גרמים,200.00,100 גרם,false,,15.30,7.6500,true,1,6616
7290102397747,false,פרוסות גבינת מוצרלה נעם מחלב בקר 22%,טרה,IL,מוצרלה נעם רכיבים ט,גרמים,200.00,100 גרם,false,,17.00,8.5000,true,1,6617
7290102398065,false,**חלב בקרטון 2 ליטר 3% מהדרין - טרה,טרה,IL,טרה חלב קרטון 3% מהד,יחידה,0.00,יחידה,false,,10.65,0.0000,true,1,6633
7290102398331,false,חלב דל לקטוז 2% מועשר בויטמין D,טרה,IL,חלב מועשר 1 ליטר דל,ליטרים,1.00,ליטר,false,,6.60,6.6000,true,1,6652
7290102398553,false,משקה חלב בטעם שוקו 2% XL אריזה משפחתית,מילקו תעשיות בעמ,IL,שוקו טרה בבקבוק 1.5,ליטרים,1.50,ליטר,false,,14.40,9.6000,true,1,6666
7290102398560,false,שוקו מעושר בבקבוק 1ל' טרה,מילקו תעשיות בעמ,IL,שוקו טרה מועשר בבקבו,ליטרים,1.00,ליטר,false,,10.40,10.4000,true,1,6667
7290102398782,false,משקה סויה קלאסי משק צוריאל 1 ליטר,משק צוריאל,IT,משקה סויה קלאסי משק,ליטרים,1.00,ליטר,false,,8.50,8.5000,true,1,6676
7290102398799,false,משקה סויה במתיקות מופחתת 1 ליטר משק צוריאל,משק צוריאל,IT,משקה סויה במתיקות מו,ליטרים,1.00,ליטר,false,,8.50,8.5000,true,1,6677
7290102398805,false,משקה סויה בטעם וניל משק צוריאל 1 ליטר,משק צוריאל,IT,משקה סויה בטעם וניל,ליטרים,1.00,ליטר,false,,8.50,8.5000,true,1,6678
7290102398836,false,משקה שקדים קלאסי משק צוריאל 1 ליטר,משק צוריאל,IT,משקה שקדים קלאסי משק,ליטרים,1.00,ליטר,false,,11.00,11.0000,true,1,6680
7290102399048,false,פרוסות גבינת קשקבל נעם 200 ג' טרה,מילקו,IL,קשקבל נעם פתיחה חוזר,גרמים,200.00,100 גרם,false,,19.70,9.8500,true,1,6687
7290102399635,false,"מולר פרופ יוגורט ביו עם קציפת קוקוס ואננס 150 מ""ל",מולר Muller,IL,מעדן מולר פרופ קוקוס,גרמים,150.00,100 גרם,false,,4.50,3.0000,true,1,80266
7290102399796,false,מעדן יוגורט לבן מועשר בחלבון 200 ג' מולר אקטיב,מולר Muller,IL,יוגורט חלבון לבן 250,גרמים,200.00,100 גרם,false,,5.30,2.6500,true,1,73679
7290102399802,false,יוגורט עם תות מולר אקטיב מועשר בחלבון 200 גר',מולר Muller,IL,יוגורט חלבון תות 20,גרמים,200.00,100 גרם,false,,5.30,2.6500,true,1,73680
7290102399819,false,יוגורט עם פירות יער מולר אקטיב מועשר בחלבון 200 גר',מולר Muller,IL,יוגורט חלבון פ.יער 2,גרמים,200.00,100 גרם,false,,5.30,2.6500,true,1,73681
7290102399857,false,"יוגורט אקטיב עם תות 0% , 20 גרם חלבון בגביע",מולר Muller,IL,יוגורט מולר אקטיב לי,גרמים,150.00,100 גרם,false,,5.30,3.5333,true,1,86565
7290103120658,false,דאודורנט סטיק ג'ל לגבר Cool Night 24/7,הנסיך- מפעל לייצור ט,US,דאודורנט ג'ל שחור ספ,מיליליטרים,85.00,"100 מ""ל",false,,16.20,19.0588,true,1,21358
7290103124588,false,"פלמוליב סבון נוזלי סגול משאבה 750 מ""ל",הנסיך- מפעל לייצור ט,TR,תחליב רחצה ארומה סגו,מיליליטרים,750.00,"100 מ""ל",false,,17.10,2.2800,true,1,21364
7290103124601,false,"תחליב רחצה נוזל חלב ודבש משאבה 750מ""ל פלמוליב",הנסיך- מפעל לייצור ט,TR,תחליב רחצה חלב ודבש,מיליליטרים,750.00,"100 מ""ל",false,,17.10,2.2800,true,1,21366
7290103126797,false,משחת שיניים סנסיטיב פרו רליף Sensitive Pro - Reliefe,הנסיך- מפעל לייצור ט,BR,סנסטיב פרו רילף קולג,מיליליטרים,110.00,"100 מ""ל",false,,18.80,17.0909,true,1,21370
7290103128739,false,בלונס צימרוני אוזניים לתינוק 50 יח',הנסיך- מפעל לייצור ט,GR,בלונס צימרוני אוזניי,יחידה,0.00,יחידה,false,,5.90,0.0000,true,1,21375
7290103156343,false,סכינים איכותיים צבעו,MAZLUM,,סכין 100 יחידות צבעו,יחידה,0.00,יחידה,false,,12.74,0.0000,true,1,36738
7290103400255,false,"סלט קולסלאו 400 גר בד""צ ירקות שטראוס","טרופיקל דגיל בע""מ אז",IL,סלט קולסלאו 400 ג בד,גרמים,400.00,100 גרם,false,,7.90,1.9750,true,1,23188
7290103401429,false,קפה קצב ברזילאי אוריגינס 200 גר,הנסיך- מפעל לייצור ט,IL,קפה אוריגינס קצב ברז,גרמים,200.00,100 גרם,false,,21.30,10.6500,true,1,22158
7290103404758,false,כרוב אדום במיונז אחל,מיוצר עי קונדיטוריית,IL,אחלה כרוב אדום 120ג,גרמים,120.00,100 גרם,false,,4.70,3.9167,true,1,23191
7290103408206,false,עלי חסה בקופסא 250 גרם ירקות שטראוס,שטראוס בריאות ירקות,IL,עלי חסה ערבית שטופים,גרמים,250.00,100 גרם,false,,9.00,3.6000,true,1,23194
7290103681630,false,"תבור יין לבן מבעבע 750 מ""ל",תבור TABOR,,"פנינים לבן 750 מ""ל י",מיליליטרים,750.00,"100 מ""ל",false,,30.80,4.1067,true,1,104254
7290103700225,false,רדיד אלומניום רוחב 45 עובי 14 מיקרון,,,טאצ רדיד אלומיניום ר,יחידה,0.00,יחידה,false,,16.90,0.0000,true,1,24223
7290103700386,false,טאצ כריות יפניות מארז שישיה,"שניב תעשיות נייר בע""",IL,טאצ' כריות יפניות 6י,יחידה,0.00,יחידה,false,,8.50,0.0000,true,1,24225
7290103700393,false,טאצ' כריות יפניות עבות עם תעלות 4 יח',"שניב תעשיות נייר בע""",IL,טאצ' כריות יפניות עב,יחידה,0.00,יחידה,false,,8.90,0.0000,true,1,24226
7290103700652,false,טאצ' ספוג הפלא מארז שישייה,"שניב תעשיות נייר בע""",,טאצ' ספוג הפלא 6יח,יחידה,0.00,יחידה,false,,8.50,0.0000,true,1,24227
7290103700997,false,נייר טואלט לובלי 40 גלילים,,IL,לאבלי נייר טואלט 40,מטרים,716.00,מטר,false,,33.20,0.0464,true,1,24230
7290103701093,false,טאצ' מטליות מיקרופייבר לרצפה 2 יח',"שניב תעשיות נייר בע""",,טאצ מטליות מקרופייבר,יחידה,0.00,יחידה,false,,11.90,0.0000,true,1,24234
7290103701130,false,טאצ' מטליות מיקרופייבר לניקוי כללי 7 יח',,,טאצ מטליות מקרופייבר,יחידה,0.00,יחידה,false,,11.90,0.0000,true,1,24235
7290103701147,false,טאצ רדיד אלומיניום 200 מטר,,,טאצ רדידי אלומיניום,מטרים,60.90,מטר,false,,30.70,0.5041,true,1,24236
7290103702212,false,טאצ' ממחטות כיס עשירייה,"שניב תעשיות נייר בע""",,טאצ ממחטות כיס,יחידה,0.00,יחידה,false,,5.90,0.0000,true,1,24242
7290103702298,false,טאצ' אשפתון עבה בגליל 77*90 50 יח',"שניב תעשיות נייר בע""",,טאצ אשפתון בגליל 50,יחידה,0.00,יחידה,false,,15.90,0.0000,true,1,24248
7290103702304,false,טאצ אשפתון עבה במיוחד 35 יחידות,"שניב תעשיות נייר בע""",,טאצ אשפתון בגליל 35,יחידה,0.00,יחידה,false,,15.90,0.0000,true,1,24249
7290103702328,false,טאצ אשפתון עבה וחזק במיוחד 25 יחידות,"שניב תעשיות נייר בע""",,טאצ אשפתון בגליל 25,יחידה,0.00,יחידה,false,,15.90,0.0000,true,1,24251
7290103702526,false,קופסת ממחטות טאצ' 100 יח',סאסאטק,IL,ממחטות טאצ` 100 יח`,יחידה,0.00,יחידה,false,,5.90,0.0000,true,1,24255
7290103703219,false,דלי מטליות לחות לניקוי כללי בניחוח לימון טאצ',,,טאצ' מטליות לחות לני,יחידה,0.00,יחידה,false,,17.90,0.0000,true,1,37706
7290103703226,false,טאצ מטליות לחות לניקוי כללי,,,טאצ' מטליות לחות לני,יח',50.00,יח',false,,6.80,0.1360,true,1,24264
7290103703233,false,מטליות טאצ' לחות תפוח לניקוי כללי דלי,,,טאצ' מטליות לחות לני,יחידה,0.00,יחידה,false,,17.90,0.0000,true,1,37707
7290103703370,false,טאצ מגבוני טואלט לחים מארז שלישייה,,,טאצ' מגבוני נייר טוא,יח',3.00,יח',false,,12.80,4.2667,true,1,24266
7290103703394,false,טאצ ניילון נצמד זוגות,,,טאצ' ניילון נצמד זוג,יחידה,0.00,יחידה,false,,8.50,0.0000,true,1,24267
7290103703899,false,מפיות טאצ 80 יחי' צבעים כהים חד שכבתיות,,IL,מפיות טאצ' 80 יחידות,יחידה,0.00,יחידה,false,,4.20,0.0000,true,1,108189
7290103704155,false,נייר מגבת טאצ' 6 גלילים מהדורת 2021,"שניב תעשיות נייר בע""",IL,מגבות נייר 6 גלילים,מטרים,63.00,מטר,false,,9.40,0.1492,true,1,156912
7290103704162,false,נייר טואלט טאצ' פרימיום 32 גלילים,"שניב תעשיות נייר בע""",IL,נייר טואלט טאצ' 32 ג,יח',0.00,יח',false,,24.70,0.0000,true,1,134326
7290103704179,false,מגבת נייר למטבח טאצ' 8 יח',,,מגבות נייר 8 גלילים,מטרים,83.00,מטר,false,,11.90,0.1434,true,1,156155
7290103704575,false,נייר טואלט טאצ' פרימיום 48 גלילים,,,נייר טואלט טאצ' 48 י,יחידה,0.00,יחידה,false,,34.20,0.0000,true,1,134340
7290103704681,false,טאצ' שקיות קוקי גדולות 10 יח',,,שקיות קוקי 10 יח' טא,יחידה,0.00,יחידה,false,,4.20,0.0000,true,1,277889
7290103746001,false,ממחטות טאצ' 5*100 צץ רץ (19*195),"שניב תעשיות נייר בע""",IL,ממחטות טאצ' חמישייה,יחידה,0.00,יחידה,false,,10.20,0.0000,true,1,24281
7290104005176,false,חגורות גברים,,,חגורות גברים,יחידה,0.00,יחידה,false,,19.90,0.0000,true,1,31086
7290104061417,false,חומוס טחינה אחלה 400 ג',"שטראוס גרופ בע""מ",IL,אחלה חומוס טחינה 400,גרמים,400.00,100 גרם,false,,8.50,2.1250,true,1,23196
7290104061424,false,חומוס אחלה עם זעתר 400 ג',מיוצר עי קונדיטוריית,IL,אחלה חומוס זעתר 400,גרמים,400.00,100 גרם,false,,9.30,2.3250,true,1,23197
7290104061431,false,חומוס אחלה עם צנובר 400 ג',"שטראוס גרופ בע""מ",IL,אחלה חומוס צנובר 400,גרמים,400.00,100 גרם,false,,9.30,2.3250,true,1,23198
7290104061448,false,חומוס עם חריף 400 ג' אחלה,מיוצר עי קונדיטוריית,IL,אחלה חומוס חריף 400ג,גרמים,400.00,100 גרם,false,,9.30,2.3250,true,1,23199
7290104062599,false,מארז 8 יחידות מעדן גמדים בטעמי תות ובננה,שטראוס גרופ,IL,גמדים תות בננה 8*100,מיליליטרים,800.00,"100 מ""ל",false,,16.90,2.1125,true,1,23200
7290104065934,false,עלי רוקט 150 גרם שטראוס,שטראוס בריאות ירקות,IL,שטראוס עלי רוקט 150ג,גרמים,150.00,100 גרם,false,,9.00,6.0000,true,1,23201
7290104066566,false,טחינה שומשום מלא אחלה 500 גר',מיוצר עי קונדיטוריית,IL,אחלה טחינה 500ג,גרמים,500.00,100 גרם,false,,12.30,2.4600,true,1,23203
7290104500572,false,אפרופו חטיף איטליאנו 50 ג' אסם,מיוצר עי קונדיטוריית,IL,אפרופו איטלקי 36*50ג,גרמים,50.00,100 גרם,false,,4.30,8.6000,true,1,18622
7290104501661,false,פודינג אינסטנט בטעם וניל צרפתי 80 גר,מיוצר עי קונדיטוריית,IL,אסם פודינג בטעם וניל,גרמים,80.00,100 גרם,false,,4.70,5.8750,true,1,18623
7290104508202,false,גביעי גלידה אמריקאים 24 יח' אסם 120 ג',"גילרו בע""מ",IL,גביעי גלידה אמריקאים,גרמים,120.00,100 גרם,false,,11.00,9.1667,true,1,18635
7290104508943,false,במבה אריזת חסכון 200 גרם,"אסם השקעות בע""מ",IL,במבה קלאסי 18*200 גר,גרמים,200.00,100 גרם,false,,7.60,3.8000,true,1,18637
7290104570131,false,"תמר מג'הול שחור 1ק""ג",,,"תמר מג'הול 1 ק""ג",קילוגרמים,1.00,"ק""ג",false,,17.90,17.9000,true,1,42504
7290104570162,false,תמרים כבוש ביסאן 500 ג',תמר העמקים בית שאן,IL,תמר כבוש 500 גרם,גרמים,500.00,100 גרם,false,,8.50,1.7000,true,1,42505
7290104721533,false,רצועות פלפלים קלויים אחלה 400 ג',מיוצר עי קונדיטוריית,IL,אחלה פלפלים קלויים 4,גרמים,400.00,100 גרם,false,,13.60,3.4000,true,1,23210
7290104721762,false,מארז קפה טורקי עלית 3*85 גר,שטראוס גרופ,IL,טורקי עלית 3*85 גר'.,גרמים,255.00,100 גרם,false,,16.20,6.3529,true,1,22197
7290104721953,false,לקט מסולסלים 350 גר ירקות שטראוס,שטראוס בריאות ירקות,IL,לקט מסולסלים ירקות 3,גרמים,350.00,100 גרם,false,,11.50,3.2857,true,1,23211
7290104722530,false,תפוצ'יפס שמנת בצל 200 גרם,"שטראוס פריטו ליי בע""",IL,תפוציפס שמנת בצל 200,גרמים,200.00,100 גרם,false,,9.30,4.6500,true,1,23988
7290104726262,false,מארז 4 יחידות דני לשתייה בטעם שוקולד + קשים,מיוצר עי קונדיטוריית,IL,דני שוקולד לשתייה מא,מיליליטרים,500.00,"100 מ""ל",false,,9.70,1.9400,true,1,23218
7290104726712,false,מארז 8 יחידות מעדן מילקי בטעם שוקולד עם קצפת,"שטראוס גרופ בע""מ",IL,מילקי שמינייה מארז 8,קילוגרמים,1.06,"ק""ג",false,,17.90,16.8868,true,1,23219
7290104728310,false,"שמנת עמידה לקצפת 38% שומן 250 מ""ל יוטבתה",שטראוס גרופ,IL,יטבתה שמנת עמידה לקצ,מיליליטרים,250.00,"100 מ""ל",false,,5.53,2.2120,true,1,23224
7290104960239,false,"תחליב רחצה נקה 7 ארומה לבן 750 מ""ל","אמיליה קוסמטיקס בע""מ",IL,תחליב רחצה קמומיל נק,מיליליטרים,750.00,"100 מ""ל",false,,10.20,1.3600,true,1,30230
7290104960338,false,"נקה 7 תחליב רחצה ארומה אלוורה ותה ירוק 750מ""ל","אמיליה קוסמטיקס בע""מ",IL,תחליב רחצה אלוורה ות,מיליליטרים,750.00,"100 מ""ל",false,,10.20,1.3600,true,1,30233
7290104961250,false,"נקה 7 תחליב רחצה מגע קטיפה וניל מאסק 750 מ""ל","אמיליה קוסמטיקס בע""מ",IL,תחליב רחצה וניל מאסק,מיליליטרים,750.00,"100 מ""ל",false,,10.20,1.3600,true,1,30244
7290104961526,false,דאודורנט ספריי גוף טיטניום קלאסיק Titanium Classic,"אמיליה קוסמטיקס בע""מ",IL,ספריי גוף קלאסיק טיט,מיליליטרים,150.00,"100 מ""ל",false,,10.20,6.8000,true,1,30251
7290104961540,false,דאודורנט ספריי גוף טיטניום מטאל Titanium Metal,אמיליה קוסמטיקס,IL,טיטניום דאודורנט ספר,מיליליטרים,150.00,"100 מ""ל",false,,10.20,6.8000,true,1,30253
7290104961878,false,"שמפו לשיער קרטין אינטנס פורמולה 400 מ""ל נטורל",נטורל פורמולה Natural Formula,IL,קרטין אינטנס שמפו נט,מיליליטרים,400.00,"100 מ""ל",false,,26.40,6.6000,true,1,30255
7290104961892,false,מסכת קרטין טהור לשיער שעבר החלקה או עיצוב בחום,נטורל פורמולה Natural Formula,IL,מסכת קרטין אינטנס נט,מיליליטרים,350.00,"100 מ""ל",false,,34.10,9.7429,true,1,30257
7290104962073,false,דאודורנט ספריי גוף טיטניום גולד Titanium Gold,"אמיליה קוסמטיקס בע""מ",IL,דאו' ספריי גולד טיטנ,מיליליטרים,180.00,"100 מ""ל",false,,13.60,7.5556,true,1,30265
7290104962844,false,"שמפו אמפולה לטיפול אינטנסיבי לשיער יבש, צבוע ופגום",נטורל פורמולה Natural Formula,IL,שמפו אמפולה אינטנס נ,מיליליטרים,400.00,"100 מ""ל",false,,26.40,6.6000,true,1,30283
7290104963223,false,סופטקר - אל סבון עדין לתינוק לעור רגיש 1 ליטר,סופטקר Softcare,IL,סופטקר אלסבון קלאסי,יחידה,0.00,יחידה,false,,15.30,0.0000,true,1,30298
7290104963704,false,סופטקר אל סבון קלאסי,טרופיקל דגיל תעשיות,IL,סופטקר אל סבון קלאסי,מיליליטרים,770.00,"100 מ""ל",false,,14.40,1.8701,true,1,30302
7290104964350,false,אל סבון עשיר בלחות בניחוח פרחי מים - מארז 3 יח',נקה 7,IL,סבון נוזלי פרחי מים,ליטרים,1.50,ליטר,false,,17.00,11.3333,true,1,30315
7290104965647,false,קרליין דיאודורנט בנות רולאון סוויט קיס,"אמיליה קוסמטיקס בע""מ",IL,דאו' רול און נושם לב,מיליליטרים,50.00,"100 מ""ל",false,,11.00,22.0000,true,1,153164
7290104965661,false,"דאדורנט ספריי נושם בנות קרליין 150 מ""ל","אמיליה קוסמטיקס בע""מ",IL,דאודורנט נושם ספריי,מיליליטרים,150.00,"100 מ""ל",false,,11.00,7.3333,true,1,153755
7290105360250,false,קפסולות 09 עשיר וארומטי למכונת נספרסו עלית 10יח',הנסיך- מפעל לייצור ט,IL,עלית קפסולות מקיאטו,גרמים,50.00,100 גרם,false,,14.40,28.8000,true,1,22214
7290105360335,false,קפסולות אספרסו למכונות נספרסו 50 גר,הנסיך- מפעל לייצור ט,IL,עלית קפסולות אספרסו,גרמים,50.00,100 גרם,false,,14.40,28.8000,true,1,22216
7290105360755,false,"שמן זית 3 חזק 750 מ""ל יד מרדכי",מכוורת יד מרדכי שטרא,IL,שמן זית 3 חזק כתית י,מיליליטרים,750.00,"100 מ""ל",false,,29.00,3.8667,true,1,22219
7290105360762,false,"שמן זית 1 עדין 750 מ""ל יד מרדכי",מכוורת יד מרדכי שטרא,IL,שמן זית 1 עדין כתית,מיליליטרים,750.00,"100 מ""ל",false,,29.00,3.8667,true,1,22220
7290105362339,false,"שמנת לבישול 15% 250 מ""ל יטבתה מהדרין",שטראוס גרופ,IL,יטבתה שמנת לבישול 15,מיליליטרים,250.00,"100 מ""ל",false,,7.20,2.8800,true,1,23229
7290105363602,false,כיף כף - מקלות קלאסי 40 גרם,"איי, בי, אינבוו",TR,כיף כף מקלות קלאסי 4,גרמים,40.00,100 גרם,false,,4.40,11.0000,true,1,22225
7290105364289,false,כיף כף - מקלות פצפוצים 40 גרם,"איי, בי, אינבוו",TR,כיף כף מקלות פצפוצים,גרמים,40.00,100 גרם,false,,4.40,11.0000,true,1,22226
7290105366023,false,חציל אחלה בטעם כבד 400 גר' אחלה,מיוצר עי קונדיטוריית,IL,אחלה חציל בטעם כבד 4,גרמים,400.00,100 גרם,false,,13.60,3.4000,true,1,23232
7290105366047,false,טחינה אחלה לבנה 400 גר',מיוצר עי קונדיטוריית,IL,אחלה טחינה לבנה 400ג,גרמים,400.00,100 גרם,false,,13.60,3.4000,true,1,23234
7290105366993,false,גבינה לבנה סימפוניה עם תוספות 200 ג' פלפל שיפקה,"שטראוס בריאות בע""מ",IL,סימפוניה פלפל שיפקה,גרמים,200.00,100 גרם,false,,9.80,4.9000,true,1,23239
7290105368331,false,מעדן מילקי בטעם תות עם קצפת,מחלבת אחיהוד,IL,"מילקי תות 170 מ""ל",מיליליטרים,170.00,"100 מ""ל",false,,2.60,1.5294,true,1,23250
7290105368904,false,"שמנת מתוקה להקצפה 32% שומן 250 מ""ל יוטבתה",שטראוס גרופ,IL,יטבתה שמנת עמידה לקצ,מיליליטרים,250.00,"100 מ""ל",false,,6.80,2.7200,true,1,23259
7290105368928,false,"שמנת 9% שומן 200 מ""ל יוטבתה",שטראוס גרופ,IL,יטבתה שמנת 9% 200מל,מיליליטרים,200.00,"100 מ""ל",false,,2.60,1.3000,true,1,23260
7290105369130,false,סימפוניה גבינה במרקם שמנת בצל ירוק 5%,"שטראוס בריאות בע""מ",IL,סימפוניה שטראוס בצל,גרמים,200.00,100 גרם,false,,9.80,4.9000,true,1,23263
7290105431516,false,פרי חטיפי בריאות מארז 5 תמרים בוטנים,טבעית מוצרים מן הטבע,IL,פרי חטיפי תמרים ובוט,גרמים,125.00,100 גרם,false,,12.80,10.2400,true,1,21395
7290105431868,false,"פלמוליב ספא קוקוס גרגרים נוזלי 500 מ""ל",הנסיך- מפעל לייצור ט,TR,פלמוליב סבון נוזלי ס,מיליליטרים,500.00,"100 מ""ל",false,,13.60,2.7200,true,1,21396
7290105433961,false,"ליידי ספיד סטיק לסס פרש אסנס ספריי דובדבן, 150 מ""ל",קולגייט פלמוליב,BY,ליידי ספיד סטיק ספרי,מיליליטרים,150.00,"100 מ""ל",false,,14.10,9.4000,true,1,21403
7290105434050,false,ספיד סטיק - דאודורנט סטיק לגבר XL ירוק רגיולר 85 גרם,ספיד סטיק Speed Stick,US,דאו' ירוק רגיולר ספי,גרמים,85.00,100 גרם,false,,12.80,15.0588,true,1,21409
7290105434067,false,ספיד סטיק - דאודורנט סטיק לגבר XL אושן סרף 85 גרם,קולגייט פלמוליב,US,ספיד סטיק כחול אושיי,גרמים,85.00,100 גרם,false,,17.00,20.0000,true,1,21410
7290105439505,false,מנה מאסטר שף קרם בטעם מיונז לייט 479 גר,רמיה סי.וי. הולנד,NL,מאסטר שף קרם בטעם מ,גרמים,479.00,100 גרם,false,,10.20,2.1294,true,1,21423
7290105439581,false,מנה מאסטר שף חרדל דיזיון צרפתי 370 גר,סאס קווינור,FR,מאסטר שף מאסטר שף חר,מיליליטרים,370.00,"100 מ""ל",false,,9.30,2.5135,true,1,21424
7290105500151,false,וודקה פינלנדיה בקבוק,"אלטיה קורפ, הלסינקי,",FI,וודקה פינלנדיה 700 מ,מיליליטרים,700.00,"100 מ""ל",false,,52.10,7.4429,true,1,13393
7290105500236,false,וויסקי ג'ק דניאלס מס' 7 Brand No,ג'ק דניאלס Jack Daniel's,US,גק דניאלס וויסקי 700,מיליליטרים,700.00,"100 מ""ל",false,,85.40,12.2000,true,1,13394
7290105500748,false,וויסקי פיימוס גראוס The Famouse Grouse,מתיו גלוג אנד סאן,GB,פיימוס גראוס וויסקי,מיליליטרים,700.00,"100 מ""ל",false,,68.30,9.7571,true,1,13397
7290105500984,false,ארק בוכא בוקובזה לבנ,,,ארק בוכא בוקובזה לבנ,מיליליטרים,700.00,"100 מ""ל",false,,106.80,15.2571,true,1,13399
7290105691224,false,פריכונים חטיפי טורטיה שום בצל 60 ג' אוסם,"מיוצר ע""י PT, משווק",IL,חטיפי פריכונים טורטי,גרמים,60.00,100 גרם,false,,6.50,10.8333,true,1,18648
7290105691248,false,פריכונים חטיפי טורטיה תירס 60 ג' אוסם,"מיוצר ע""י PT, משווק",IL,חטיפי פריכונים טורטי,גרמים,60.00,100 גרם,false,,6.50,10.8333,true,1,18649
7290105691897,false,קוסקוס פלוס עם קמח חיטה מלא,"מיוצר ע""י קוד יצרן K",IL,קוסקוס עם חיטה מלאה,גרמים,350.00,100 גרם,false,,7.60,2.1714,true,1,18654
7290105693341,false,במבה מארז 10 יח' * 25 ג' אסם,"אסם השקעות בע""מ",IL,במבה מאח.15 10*25גרם,גרמים,250.00,100 גרם,false,,12.70,5.0800,true,1,18663
7290105693457,false,עוגת הבית דמקה שוקו וניל 320 ג' אסם,מיוצר עי קונדיטוריית,IL,עוגת הבית דמקה שוקו,גרמים,320.00,100 גרם,false,,10.20,3.1875,true,1,18664
7290105694904,false,אבקת מרק פטריות רכיבים טבעיים 220 ג' אסם,"אסם השקעות בע""מ",IL,אבקת מרק פטריות רכיב,גרמים,220.00,100 גרם,false,,11.90,5.4091,true,1,18670
7290105694928,false,אבקת מרק בצל רכיבים טבעיים 220 ג' אסם,"אסם השקעות בע""מ",IL,אבקת מרק בצל רכיבים,גרמים,220.00,100 גרם,false,,11.90,5.4091,true,1,18671
7290105695024,false,אסם פתיתים אפויים אורז עם אטריות 500 גר,"אסם השקעות בע""מ",IL,פתיתים אפויים אורז ע,גרמים,500.00,100 גרם,false,,5.90,1.1800,true,1,18672
7290105695321,false,עוגת שוקולד בראוניז פאדג' 380 ג',מיוצר עי קונדיטוריית,IL,הבית עוגות בראוניס פ,גרמים,380.00,100 גרם,false,,13.60,3.5789,true,1,18675
7290105962331,false,זחוק אדום תימני מקורי חריף מאוד 220 גר,קריניסה ויטמין אס אי,IL,סחוג חריף מאוד זהבי,גרמים,220.00,100 גרם,false,,9.40,4.2727,true,1,23265
7290105964564,false,אחלה חומוס אחלה 400ג,מיוצר עי קונדיטוריית,IL,אחלה חומוס אחלה 400ג,גרמים,400.00,100 גרם,false,,7.00,1.7500,true,1,23270
7290105965738,false,יוגורט לשתיה בטעם תות בננה267 ג' דנונה,מיוצר עי קונדיטוריית,IL,דנונה משקה תות בננה,גרמים,267.00,100 גרם,false,,4.40,1.6479,true,1,23276
7290105968098,false,סלט קולסלאו אחלה 500 ג',שטראוס גרופ סלטים,IL,אחלה קולסלאו 500ג,גרמים,500.00,100 גרם,false,,13.60,2.7200,true,1,23282
7290105968654,false,רביולי בטטה פרווה פסטה נונה 400 ג',מיוצר עי קונדיטוריית,IL,שטראוס רביולי בטטה 4,גרמים,400.00,100 גרם,false,,17.10,4.2750,true,1,23283
7290105968777,false,פריכיות עם תחתית שוקולד מריר 70 ג' אנרגי,"טחנת האבן תעשיות בע""",IL,פריכיות תחתית שוקלד,גרמים,70.00,100 גרם,false,,7.10,10.1429,true,1,22264
7290106520066,false,רבע לשבע במילוי קרם אגוזים ובציפוי שוקולד חלב,הגביע מוצרי וופלים ב,IL,רבע לשבע 160 גרם,גרמים,160.00,100 גרם,false,,9.30,5.8125,true,1,22266
7290106520912,false,"שמנת לבישול 9% 250 מ""ל יטבתה",שטראוס גרופ,IL,יטבתה שמנת לבישול 9%,מיליליטרים,250.00,"100 מ""ל",false,,7.20,2.8800,true,1,23294
7290106521049,false,אחלה טעמי השוק קוביות סלק 400 גר,מיוצר עי קונדיטוריית,IL,אחלה קוביות סלק 400,גרמים,400.00,100 גרם,false,,13.60,3.4000,true,1,23296
7290106521926,false,שקית קפה טורקי 150 ג' עלית,שטראוס גרופ,IL,קפה טורקי עלית 150 ג,גרמים,150.00,100 גרם,false,,11.10,7.4000,true,1,22274
7290106524439,false,תפוצ'יפס טבעי פופס 60גר',"שטראוס פריטו ליי בע""",IL,תפוציפס פופס 60 גרם,גרמים,60.00,100 גרם,false,,3.30,5.5000,true,1,24007
7290106525368,false,גלילי וופל רבע לשבע אין סייד אוט 125 גר,הגביע מוצרי וופלים ב,IL,רבע לשבע אין סייד או,גרמים,125.00,100 גרם,false,,9.30,7.4400,true,1,22282
7290106525405,false,קפסולות למכונת נספרסו נטול קפאין,שטראוס קפה בי.וי,IL,עלית קפסולות נטול למ,גרמים,50.00,100 גרם,false,,14.40,28.8000,true,1,22284
7290106526822,false,פריכיות אורז עם תחתית שוקולד חלב 80 ג' אנרגי,"טחנת האבן תעשיות בע""",IL,פריכיות עם תחתית שוק,גרמים,80.00,100 גרם,false,,7.10,8.8750,true,1,22291
7290106528567,false,חטיף דוריטוס גריל 185 גרם,שטראוס פריטו ליי (מל,IL,דוריטוס גריל 185 גר`,גרמים,185.00,100 גרם,false,,7.00,3.7838,true,1,24013
7290106528949,false,לקט לסלט ערוגות שטרא,שטראוס בריאות ירקות,IL,לקט ערוגות,גרמים,450.00,100 גרם,false,,10.30,2.2889,true,1,23303
7290106571921,false,עוגיות פיטנס עוגיות חמוציות 180 גר',מיוצר עי קונדיטוריית,IL,פיטנס עוגיות חמוציות,גרמים,180.00,100 גרם,false,,9.80,5.4444,true,1,18693
7290106572065,false,חטיפי פריכונים טורטיה חמוץ מתוק 60 גרם,"מיוצר ע""י PT, משווק",IL,טורטיה בטעם תירס חמו,גרמים,60.00,100 גרם,false,,6.50,10.8333,true,1,18696
7290106572959,false,מארז אפרופו חטיף תירס 5 יחידות,אסם תעשיות,IL,אפרופו קלאסי מאח.8 5,גרמים,75.00,100 גרם,false,,11.00,14.6667,true,1,18700
7290106573598,false,צבר חומוס לבנוני 400גרם,סלטי צבר,IL,צבר חומוס לבנוני 400,גרמים,400.00,100 גרם,false,,10.20,2.5500,true,1,19688
7290106574793,false,עוגת הבית שוקו שוקוצ''יפס 350 ג' אסם,מיוצר עי קונדיטוריית,IL,עוגת הבית שוקו שוקוצ,גרמים,350.00,100 גרם,false,,10.20,2.9143,true,1,18715
7290106574953,false,בייגלה שטוחים כעכים שטוחים עם שומשום,מיוצר עי קונדיטוריית,IL,אסם בייגלה שטוחים שו,גרמים,300.00,100 גרם,false,,9.30,3.1000,true,1,18716
7290106574977,false,בייגלה שטוחים כעכים שטוחים עם מלח,מיוצר עי קונדיטוריית,IL,אסם בייגלה שטוחים עם,גרמים,300.00,100 גרם,false,,9.30,3.1000,true,1,18717
7290106575011,false,פתיתים אפויים קוסקוס פלוס חיטה מלא 400 ג,מיוצר עי קונדיטוריית,IL,פתיתים אפויים חיטה מ,גרמים,400.00,100 גרם,false,,5.90,1.4750,true,1,18718
7290106575257,false,עוגת הבית סופלה בטעם שוקולד 340 ג' אסם,מיוצר עי קונדיטוריית,IL,עוגת הבית סופלה בטעם,גרמים,340.00,100 גרם,false,,10.20,3.0000,true,1,18720
7290106575431,false,עוגת הבית סופלה בטעם שוקוניל 340 ג' אסם,מיוצר עי קונדיטוריית,IL,עוגת הבית סופלה בטעם,גרמים,340.00,100 גרם,false,,10.20,3.0000,true,1,18724
7290106576513,false,סלט חומוס צבר 400 גר,סלטי צבר,IL,צבר חומוס 400 גרם,גרמים,400.00,100 גרם,false,,7.70,1.9250,true,1,19694
7290106576537,false,צבר חומוס מסעדה 700 גר,סלטי צבר,IL,צבר חומוס מסעדה 700,גרמים,700.00,100 גרם,false,,9.40,1.3429,true,1,19695
7290106576797,false,"לה קרמריה גלידת וניל איטלקי כשל""פ 1.4ל'",תות תעשיות מזון (201,IL,לה קרמריה וניל איטלק,ליטרים,1.40,ליטר,false,,19.60,14.0000,true,1,15913
7290106576810,false,גלידה לה קרמריה ריבת חלב 1.4 ל' נסטלה,המאפיה של הרמן,IL,לה קרמריה ריבת חלב 1,ליטרים,1.40,ליטר,false,,19.60,14.0000,true,1,15914
7290106576834,false,גלידה לה קרמריה פונטש בננה1.4 ל' נסטלה,תות תעשיות מזון (201,IL,גלידה קרמריה פונטש ב,ליטרים,1.40,ליטר,false,,19.60,14.0000,true,1,15915
7290106576858,false,גלידה לה קרמריה תותים בשמנת 1.4 ל' נסטלה,המאפיה של הרמן,IL,גלידה קרמריה תותים ב,ליטרים,1.40,ליטר,false,,19.60,14.0000,true,1,15916
7290106576919,false,גלידה קרמריה סורבה תות לימון 1.4 ליטר,המאפיה של הרמן,IL,גלידה קרמריה סורבה ת,ליטרים,1.40,ליטר,false,,19.60,14.0000,true,1,15918
7290106576957,false,"לה קרמריה גלידת שוקו וניל פליק פרווה כשל""פ 1.4",תות תעשיות מזון (201,IL,גלידה קרמריה פרווה ש,ליטרים,1.40,ליטר,false,,19.60,14.0000,true,1,15920
7290106576971,false,גלידה לה קרמריה שוקולד בלגי 1.4 ל' נסטלה,תות תעשיות מזון (201,IL,לה קרמריה שוקולד בלג,ליטרים,1.40,ליטר,false,,19.60,14.0000,true,1,15921
7290106576995,false,גלידה סורבה לה קרמריה תות מנגו לייט 1.4 ל' נסטלה,המאפיה של הרמן,IL,לה קרמריה לייט סורבה,ליטרים,1.40,ליטר,false,,19.60,14.0000,true,1,15922
7290106577039,false,גלידה לה קרמריה שוקו וניל פליק 1.4 ל' נסטלה,תות תעשיות מזון (201,IL,לה קרמריה שוקו וניל,ליטרים,1.40,ליטר,false,,19.60,14.0000,true,1,15923
7290106577282,false,צבר טחינה מרובע 400גרם,סלטי צבר,IL,צבר מרובע טחינה 400ג,גרמים,400.00,100 גרם,false,,11.00,2.7500,true,1,19696
7290106577527,false,סלט קולסלאו כרוב לבן וגזר 400 ג' צבר,סלטי צבר,IL,צבר מרובע קולסלו 400,גרמים,400.00,100 גרם,false,,11.00,2.7500,true,1,19701
7290106577541,false,כרוב אדום מרובע 400 ג' צבר,סלטי צבר,IL,צבר מרובע כרוב אדום,גרמים,400.00,100 גרם,false,,10.70,2.6750,true,1,19702
7290106577572,false,צבר מטבוחה מרובע 400גרם,סלטי צבר,IL,צבר מרובע מטבוחה 40,גרמים,400.00,100 גרם,false,,11.00,2.7500,true,1,19703
7290106578821,false,הבית עוגת שמרים קלאסית בטעם שוקולד 350גר.,מיוצר עי קונדיטוריית,IL,עוגת הבית שמרים קלאס,גרמים,350.00,100 גרם,false,,14.40,4.1143,true,1,18740
7290106652996,false,כיף כף מקלות קוקוס חלבי 40 גר',סולן בעבור שטראוס,TR,כיף כף מקלות קוקוס 4,גרמים,40.00,100 גרם,false,,4.40,11.0000,true,1,319949
7290106653689,false,לקט לסלט בסגנון אסייתי,"שטראוס מזון טרי בע""מ",IL,לקט לסלט אסייתי שטרא,גרמים,350.00,100 גרם,false,,9.80,2.8000,true,1,23306
7290106654099,false,מילקי CAKE עוגות אישיות במילוי קרם חלב,אירו קייקס אס פי איי,IT,עוגות אישיות מילקי ק,גרמים,272.00,100 גרם,false,,17.70,6.5074,true,1,23307
7290106656734,false,עוגיות חיוכים וניל 600 ג'רם,אפיפית נצרת תעשיות ב,IL,"חיוכים וניל בד""צ 600",גרמים,600.00,100 גרם,false,,14.90,2.4833,true,1,22318
7290106658479,false,עלית וופל בטעם טורטית אגוזים 40ג,"שטראוס גרופ בע""מ",IL,עלית וופל בטעם טורטי,גרמים,40.00,100 גרם,false,,3.30,8.2500,true,1,22323
7290106663091,false,לאבנה טבעי 9% שטראוס 500ג',הדקלאים אגודת שיתופי,IL,שטראוס לאבנה 9% 500,גרמים,500.00,100 גרם,false,,15.30,3.0600,true,1,23333
7290106663503,false,יד מרדכי קונפיטורת לייט תות 230 גר,אף.סי תבליני בגליל ב,IL,קונפיטורת לייט תות 2,גרמים,230.00,100 גרם,false,,10.20,4.4348,true,1,22358
7290106663558,false,"רוטב טריאקי ורימון יד מרדכי 280מ""ל",אף.סי תבליני בגליל ב,IL,יד מרדכי רוטב טריאקי,מיליליטרים,280.00,"100 מ""ל",false,,11.90,4.2500,true,1,22363
7290106664067,false,לאבנה עם שמן זית וזעתר 10% שטראוס 400 ג',הדקלאים אגודת שיתופי,IL,שטראוס לאבנה שמן זית,גרמים,400.00,100 גרם,false,,13.30,3.3250,true,1,23337
7290106664555,false,"רוטב שמנת עם עגבניות 9% שומן 250 מ""ל יוטבתה",שטראוס גרופ,IL,יטבתה רוטב שמנת עם ע,מיליליטרים,250.00,"100 מ""ל",false,,8.50,3.4000,true,1,23339
7290106667266,false,חטיף דוריטוס חמוץ חריף 185 גרם,שטראוס פריטו ליי (מל,IL,דוריטוס חמוץ חריף 18,גרמים,185.00,100 גרם,false,,7.00,3.7838,true,1,24067
7290106668577,false,"מיץ לימון טבעי יד מרדכי 250 מ""ל",האי נאם סי או אל.טי.,IT,מיץ לימון טבעי יד מר,מיליליטרים,250.00,"100 מ""ל",false,,6.70,2.6800,true,1,22382
7290106668713,false,יוגורט עם פירות יער 3% שומן 150 ג' דנונה,מיוצר עי קונדיטוריית,IL,דנונה פירות יער3% 15,מיליליטרים,150.00,"100 מ""ל",false,,3.50,2.3333,true,1,23343
7290106669857,false,קפסולות 06 אספרסו בטעם וניל עלית 10יח',הנסיך- מפעל לייצור ט,IL,עלית קפסולות בטעם ונ,גרמים,50.00,100 גרם,false,,14.40,28.8000,true,1,22395
7290106720626,false,צ'יטוס קראנצ' בטעם גבינה - חלבי,"שטראוס פריטו ליי בע""",IL,ציטוס גבינה 80 גרם,גרמים,80.00,100 גרם,false,,4.20,5.2500,true,1,24070
7290106721920,false,צנצנת מסטיק מאסט בטעם ספירמינט עדין 66 ג' עלית,"שטראוס גרופ בע""מ.",IL,מאסט צנצנת ספירמינט,גרמים,66.00,100 גרם,false,,9.00,13.6364,true,1,22410
7290106723689,false,עלי תרד בייבי שטראוס 200 גרם,שטראוס בריאות ירקות,IL,שטראוס תרד בייבי 200,גרמים,200.00,100 גרם,false,,8.90,4.4500,true,1,23350
7290106726178,false,יוגורט PRO עם פירות יער 2.4% 10 גרם חלבון בגביע,מיוצר עי קונדיטוריית,IL,דנונה פרו בטעם פירות,גרמים,150.00,100 גרם,false,,4.40,2.9333,true,1,23356
7290106727984,false,כיף כף פצפוצים ושוקולד 135 ג',שולן צ'יקולטה גידה ס,TR,כיף כף פצפצים 135 גר,גרמים,135.00,100 גרם,false,,8.90,6.5926,true,1,22449
7290106729650,false,יוגורט עם תות מאגדת 8 יח' * 150ג' דנונה,דנונה - שטראוס,IL,דנונה יוגורט תות 8יח,קילוגרמים,1.20,"ק""ג",false,,22.30,18.5833,true,1,23375
7290107280013,false,מגבונים ליטופים ללא בושם חמישיה,טרופיקל דגיל קוסמטיק,IL,ליטופים מגבונים ללא,יחידה,0.00,יחידה,false,,16.20,0.0000,true,1,30326
7290107280020,false,מטליות לחות סנו סושי לניקוי כללי שלישיה *50 יח',טרופיקל דגיל- תעשיות,IL,סנו סושי מגבונים לני,יחידה,0.00,יחידה,false,,17.00,0.0000,true,1,30327
7290107280068,false,זוג תבניות אלומיניום לאפייה XL,סנו סושי,,2 תבניות אלומיניום X,יחידה,0.00,יחידה,false,,8.50,0.0000,true,1,30330
7290107280082,false,מארז 7 תבניות אלומיניום מוארכות לאפייה אינגליש קייק,סנו סושי,,7 תבניות אינגליש קיי,יחידה,0.00,יחידה,false,,8.50,0.0000,true,1,30332
7290107280099,false,מגבוני טואלט לחים סנו סופט שלישייה * 48 יח',טרופיקל דגיל- תעשיות,IL,סנו סופט מגבוני טואל,יחידה,0.00,יחידה,false,,13.60,0.0000,true,1,30333
7290107280112,false,נייר טואלט סופט סילק 24 גליל,סנו,IL,סנו סופט נייר טואלט,מטרים,441.00,מטר,false,,22.20,0.0503,true,1,30335
7290107280341,false,ריצפז מטליות לחות לניקוי הרצפה בניחוח מלון מפנק,"סנו מפעלי ברונוס סע""",IL,ריצפז מטליות לחות לנ,יחידה,0.00,יחידה,false,,10.20,0.0000,true,1,30340
7290107280549,false,"סנו - K400 קוטל זבובים ויתושים 300 מ""ל","סנו מפעלי ברונוס בע""",IL,"K-400 סנו קטן 300 מ""",מיליליטרים,300.00,"100 מ""ל",false,,11.00,3.6667,true,1,30349
7290107280563,false,אוקסיג'ן ג'ל לכביסה בייבי 3ל',"איי, בי, אינבוו",IL,סנו ג'ל אוקסיג'ן ביי,ליטרים,3.00,ליטר,false,,26.40,8.8000,true,1,30351
7290107280570,false,סנו - מקסימה ג'ל כביסה מרוכז לכביסה צבעונית 3 ליטר,מיוצר עי קונדיטוריית,IL,מקסימה ג'ל כביסה מיק,ליטרים,3.00,ליטר,false,,29.00,9.6667,true,1,30352
7290107280587,false,סנובון סבון לאסלה דאבל אקשן בריח פרחים ורודים,סנו,,סנובון דאבל אקשן בני,גרמים,165.00,100 גרם,false,,10.20,6.1818,true,1,30353
7290107280709,false,"סנו ספארק נוזל הברקה למדיח 700 מ""ל","סנו מפעלי ברונוס בע""",IL,סנו ספארק נוזל הברקה,מיליליטרים,700.00,"100 מ""ל",false,,12.70,1.8143,true,1,30361
7290107280716,false,מלח למדיח להגנה מפני אבנית סנו ספארק Spark,סנו,IL,סנו ספארק מלח למדיח,קילוגרמים,2.00,"ק""ג",false,,11.00,5.5000,true,1,30362
7290107280723,false,נוזל לניקוי כלים סנו ספארק Spark בניחוח לימון רענן,סנו כימיקלים,IL,סנו ספארק נוזל לניקו,מיליליטרים,700.00,"100 מ""ל",false,,8.50,1.2143,true,1,30363
7290107280730,false,נוזל לניקוי כלים סנו ספארק Spark בניחוח לבנדר,מיוצר עי קונדיטוריית,IL,סנו ספארק נוזל לניקו,מיליליטרים,700.00,"100 מ""ל",false,,8.50,1.2143,true,1,30365
7290107280747,false,נוזל לניקוי כלים סנו ספארק Spark קלאסי,סנו כימיקלים,IL,סנו ספארק נוזל לניקו,מיליליטרים,700.00,"100 מ""ל",false,,8.50,1.2143,true,1,30366
7290107280761,false,נוזל לניקוי כלים בניחוח לימון רענן סנו ספארק Spark,מיוצר עי קונדיטוריית,IL,ספארק נוזל לכלים לימ,יחידה,0.00,יחידה,false,,10.20,0.0000,true,1,30368
7290107340526,false,מטען בית טייפ סי,,,מטען בית טייפ סי,יחידה,0.00,יחידה,false,,34.20,0.0000,true,1,253262
7290107341394,false,אוזניות לבן imx,,,אוזנייה לבנה,יחידה,0.00,יחידה,false,,25.60,0.0000,true,1,253265
7290107871990,false,פסטה צינורות 500 גר אסם,פסטה זארה,IT,פסטה צינורות אסם 500,גרמים,500.00,100 גרם,false,,5.00,1.0000,true,1,18766
7290107874502,false,ביסלי גריל קדמ. מארז אחיד 10 4*55 גרם,מיוצר עי קונדיטוריית,IL,ביסלי גריל 4*55 גרם,גרמים,220.00,100 גרם,false,,11.00,5.0000,true,1,18788
7290107875004,false,פופקורן חמאה ודבש מארז12*20גר',,,פופקו חמאה ודבש מארז,גרמים,240.00,100 גרם,false,,16.20,6.7500,true,1,18793
7290107875271,false,ביסלי ברביקיו קדמ. מארז אחיד10 4*55 גרם,אסם,IL,ביסלי ברבקיו מארז 4*,גרמים,220.00,100 גרם,false,,11.00,5.0000,true,1,18799
7290107876889,false,אוסם - במבה במילוי קרם נוגט 45 גרם,"אסם השקעות בע""מ",IL,במבה במילוי קרם נוגט,גרמים,45.00,100 גרם,false,,3.80,8.4444,true,1,18825
7290107877619,false,מארז במבה במילוי קרם נוגט 5*30ג' אסם,אסם תעשיות,IL,במבה במילוי קרם נוגט,גרמים,150.00,100 גרם,false,,11.90,7.9333,true,1,18834
7290107879132,false,פריכיות פיטנס מיני פריכיות שוקולד חלב 22 ג',כרמית,IL,מיני פריכיות שוקולד,גרמים,22.00,100 גרם,false,,6.50,29.5455,true,1,19719
7290107879521,false,קרחוני לה פרוטה La Frutta תות שדה - 5 יח',גלידות נסטלה Nestle,IL,לה פרוטה תות 5 יח,גרמים,350.00,100 גרם,false,,20.40,5.8286,true,1,15956
7290107879569,false,קרחון לה פרוטה שרבט מנגו מאגדת 5יח',גלידות נסטלה Nestle,IL,לה פרוטה מנגו 5 יח,גרמים,350.00,100 גרם,false,,20.40,5.8286,true,1,15957
7290107930321,false,קונפיטורת יד מרדכי דובדובן 340 גרם,"בית אל מזון בע""מ",IL,יד מרדכי קונפיטורה ד,גרמים,340.00,100 גרם,false,,10.20,3.0000,true,1,22466
7290107931397,false,כיף כף פצפוצים במילוי שוקולד 40 גרם,שולן צ'יקולטה גידה ס,TR,כיף כף פצפצים 40גר`,גרמים,40.00,100 גרם,false,,4.40,11.0000,true,1,22474
7290107932080,false,חלב מועשר יוטבתה בבקבוק 3% 1 ליטר,מחלבת יטבתה,IL,יטבתה חלב בבקבוק 3%,ליטרים,1.00,ליטר,false,,6.90,6.9000,true,1,23388
7290107932134,false,חלב מועשר יוטבתה בבקבוק 1% 1 ליטר,מחלבת יטבתה,IL,יטבתה חלב בבקבוק 1%,ליטרים,1.00,ליטר,false,,6.90,6.9000,true,1,23390
7290107933155,false,לקט לסלט סלנובה שטרא,שטראוס בריאות ירקות,IL,לקט סלנובה 200 גרם,גרמים,200.00,100 גרם,false,,11.50,5.7500,true,1,23391
7290107934473,false,מארז 8 יח' אקטיביה יוגורט קרמי 1.5% שומן,דנונה - שטראוס,IL,אקטיביה מארז מיוחד 1,קילוגרמים,1.20,"ק""ג",false,,17.90,14.9167,true,1,23405
7290107936309,false,דנונה יוגורט 7% יווני לבן 130 ג',"שטראוס בריאות בע""מ",IL,דנונה יווני לבן 130,גרמים,130.00,100 גרם,false,,3.00,2.3077,true,1,23411
7290107937542,false,משקה יוגורט אקטיביה עם תות 1.2% שומן,מיוצר עי קונדיטוריית,IL,משקה אקטיביה תות 1.2,מיליליטרים,265.00,"100 מ""ל",false,,4.40,1.6604,true,1,23416
7290107937641,false,מסטיק בצנצנת קוביות בזוקה 58 ג',אסקום קונפקשיין,DE,צנצנת קוביות בזוקה 5,גרמים,58.00,100 גרם,false,,9.00,15.5172,true,1,22524
7290107937856,false,קפסולות 11חזק למכונות נספרסו עלית 10יח',הנסיך- מפעל לייצור ט,IL,עלית קפסולות בטעם נס,גרמים,50.00,100 גרם,false,,14.40,28.8000,true,1,22527
7290107938396,false,"אקטימל משקה פרוביוטי תות 100X8 מ""ל",מיוצר עי קונדיטוריית,IL,דנונה Actimel בנים ב,גרמים,864.00,100 גרם,false,,17.90,2.0718,true,1,23422
7290107939027,false,גזר דק דק שטראוס טעם,שטראוס בריאות ירקות,IL,גזרדק דק 250 גרם בד`,גרמים,250.00,100 גרם,false,,7.10,2.8400,true,1,23426
7290107940030,false,חומוס אחלה 650 גרם,שטראוס גרופ,IL,חומוס אחלה 650 גר,גרמים,650.00,100 גרם,false,,7.70,1.1846,true,1,23439
7290107940467,false,אקטיביה יוגורט 1.5% שומן 200 ג' דנונה,מיוצר עי קונדיטוריית,IL,דנונה אקטיביה יוגורט,גרמים,200.00,100 גרם,false,,3.50,1.7500,true,1,23445
7290107941266,false,שעועית אדומה שטראוס,הורקסה לס לגונס דה ס,ES,שעועית אדומה מבושלת,גרמים,475.00,100 גרם,false,,12.80,2.6947,true,1,23455
7290107944472,false,סימפוניה גבינה במרקם שמנת 5% שום שמיר,"שטראוס בריאות בע""מ",IL,סימפוניה 5% שום שמיר,גרמים,200.00,100 גרם,false,,9.80,4.9000,true,1,23490
7290107945165,false,קונפיטורת יד מרדכי משמש 340 גר,אף.סי תבליני בגליל ב,IL,יד מרדכי קונפיטורת מ,גרמים,340.00,100 גרם,false,,10.20,3.0000,true,1,22595
7290107950190,false,מעדן חלב דל קלוריות בטעם שוקולד מריר 0.5% שומן,מיוצר עי קונדיטוריית,IL,מעדן דיאט שוקולד מרי,גרמים,130.00,100 גרם,false,,3.20,2.4615,true,1,23550
7290107950206,false,מעדן חלב דל קלוריות בטעם שוקולד 0% שומן,מיוצר עי קונדיטוריית,IL,מעדן דיאט שוקולד % 0,גרמים,130.00,100 גרם,false,,3.20,2.4615,true,1,23551
7290107951104,false,בפלות ופלים ארוכים בטעם שוקולד,"א.ג. גילרו בע""מ",IL,בפלות 200 גרם שוקולד,גרמים,200.00,100 גרם,false,,3.50,1.7500,true,1,22631
7290107951715,false,צנצנת מסטיק מאסט קוביות בטעם ענבים 58 ג' עלית,אסקום קונפקשיין,IL,מאסט צנצנת קוביות ענ,גרמים,58.00,100 גרם,false,,9.00,15.5172,true,1,22647
7290107953559,false,קפה טורקי עלית לדרך שקיות 24X7ג',הנסיך- מפעל לייצור ט,IL,קפה טורקי לדרך 168 ג,גרמים,168.00,100 גרם,false,,15.30,9.1071,true,1,22658
7290107954709,false,קונפיטורת פירות יער 340 גר יד מרדכי,יד מרדכי,IL,יד מרדכי קונפיטורת פ,גרמים,340.00,100 גרם,false,,10.20,3.0000,true,1,22679
7290107954976,false,"משקה יטבתה חלבון פרו קפה 350מ""ל",מחלבת יטבתה,IL,משקה פרו בטעם קפה יט,מיליליטרים,350.00,"100 מ""ל",false,,6.20,1.7714,true,1,23617
7290107956642,false,"תרסיס שמן זית יד מרדכי 150 מ""ל",פארייפאבה אגרואינדוס,ES,תרסיס שמן זית יד מרד,מיליליטרים,150.00,"100 מ""ל",false,,15.30,10.2000,true,1,22714
7290107956925,false,קפסולות 13 אוגנדה למכונת נספרסו עלית 10יח',שטראוס קפה בי.וי,IL,עלית קפסולות אוגנדה,גרמים,50.00,100 גרם,false,,14.40,28.8000,true,1,22722
7290107956932,false,קפסולות אספרסו אידונזיה למכונות 50 גר,שטראוס קפה בי.וי,IL,עלית קפסולות אידונזי,גרמים,50.00,100 גרם,false,,14.40,28.8000,true,1,22723
7290107957113,false,סימפוניה 5% זיתים פיקנטיים 200 ג' שטראוס,שטראוס גרופ,IL,סימפוניה עם זיתים פי,גרמים,200.00,100 גרם,false,,9.80,4.9000,true,1,23633
7290107958035,false,יוגורט במתיקות מעודנת 2% ללא תוספת סוכר- מארז 8 יח,דנונה - שטראוס,IL,8 דנונה מתיקות מעודנ,קילוגרמים,1.20,"ק""ג",false,,16.60,13.8333,true,1,23651
7290107971751,false,מי פה קולגייט טוטל ללא אלכוהול פפרמינט,יבואן ומשווק: ש. שסט,PL,קולגייט מי פה טוטל כ,מיליליטרים,500.00,"100 מ""ל",false,,26.40,5.2800,true,1,21455
7290107973014,false,פלמוליב סבון ידיים חלב ודבש 300 מ'ל,הנסיך- מפעל לייצור ט,TR,פלמוליב סבון ידיים ח,מיליליטרים,300.00,"100 מ""ל",false,,8.50,2.8333,true,1,21462
7290107973038,false,"פלמוליב סבון ידיים אקווריום 300 מ""ל",הנסיך- מפעל לייצור ט,IT,סבון ידיים אקווריום,מיליליטרים,300.00,"100 מ""ל",false,,8.50,2.8333,true,1,21464
7290107973861,false,מאסטר שף - עגבניות קצוצות דק שלישיה 400 גרם * 3,קונסרזיו קאסאלאסקו ד,IT,עגבניות קצוצות דק מא,קילוגרמים,1.20,"ק""ג",false,,13.60,11.3333,true,1,21474
7290107974066,false,"עלי טורטיה קמח מלא 20ס""מ 8יח' מאסטר שף 320ג'",אלקאטי קורביישיסי,DE,עלי טורטיה קמח מלא מ,גרמים,320.00,100 גרם,false,,8.50,2.6563,true,1,21479
7290107974080,false,מנה עלי טורטיה קמח לבן מ.שף 25 סמ 840 גר,הדקלאים אגודת שיתופי,DE,עלי טורטיה קמח לבן מ,גרמים,820.00,100 גרם,false,,14.40,1.7561,true,1,21481
7290107974806,false,"מאסטר שף - אורז בסמטי 1 ק""ג",מאסטר שף,,אורז בסמטי מאסטר שף,קילוגרמים,1.00,"ק""ג",false,,11.00,11.0000,true,1,21489
7290107975544,false,"קולגייט משחת שיניים סמיילס ברבי לגילאי 6 50מ""ל",קולגייט פלמוליב,PL,קולגייט מ.שיניים סמי,מיליליטרים,50.00,"100 מ""ל",false,,10.20,20.4000,true,1,21502
7290107976916,false,"פלמוליב סבון ידיים חלב זיתים 300 מ""ל",פלמוליב Palmolive,IT,פלמוליב סבון ידיים ח,מיליליטרים,300.00,"100 מ""ל",false,,8.50,2.8333,true,1,21524
7290107977753,false,"משחת שיניים פרודונט אקספרט מרידול , 75 מ""ל",מרידול Meridol,PL,מרידול משחת שיניים פ,מיליליטרים,75.00,"100 מ""ל",false,,21.30,28.4000,true,1,21526
7290107978101,false,מש.שיניים קולגייט א.וויט אקסטרה פאוור 75,קולגייט-פלמוליב,PL,אופטיק וייט אקסטרה פ,מיליליטרים,75.00,"100 מ""ל",false,,23.90,31.8667,true,1,21527
7290107978347,false,מאסטר שף איטריות בינוניות 400 גר,הדקלאים אגודת שיתופי,PL,איטריות בינוניות מאס,גרמים,400.00,100 גרם,false,,5.10,1.2750,true,1,21530
7290107978453,false,חטיף קראנצ'וס גריל 5,קראנצ'וס,IL,קראנצו'ס גריל 55 גרם,גרמים,55.00,100 גרם,false,,3.30,6.0000,true,1,21533
7290107979184,false,"תבניות אלומיניום פלוס נייר אפייה 32/26 ס""מ L",HAI PLASTIC,CN,קוקי תבנית אלומניום,יחידה,0.00,יחידה,false,,10.20,0.0000,true,1,21543
7290108070316,false,שקית בלונים פסטל מעו,,,שקית 50 פסטל,יחידה,0.00,יחידה,false,,10.20,0.0000,true,1,32863
7290108077988,false,תחתית לשולחן - סמי ה,,,תחתית לשולחן - סמי ה,יחידה,0.00,יחידה,false,,8.50,0.0000,true,1,33085
7290108201871,false,קולון קפסולות גל לכביסה 42 יחידות,,,קולון ג'ל קאפס 42,יחידה,0.00,יחידה,false,,32.40,0.0000,true,1,20776
7290108350128,false,סנו סושי שקיות אשפה חזקות במיוחד 40 יח',מיוצר עי קונדיטוריית,IL,סנו סושי שקיות חזקות,יחידה,0.00,יחידה,false,,21.30,0.0000,true,1,30375
7290108350142,false,שקיות רב שימושיות ענק סנו סושי 270 יח',אשפלסט תעשיות,IL,סנו סושי שקיות רב שי,יחידה,0.00,יחידה,false,,12.70,0.0000,true,1,30377
7290108350180,false,סנו סושי מפיות מודפסות 100 יח',חי מוצרי נייר בעמ,IL,סנו סושי מפיות מודפס,יחידה,0.00,יחידה,false,,6.80,0.0000,true,1,30380
7290108350203,false,כריות קרצוף אקסטרה חזקות עם ספוג מקציף - 6 יח',סנו סושי,IL,כריות קרצוף עם ספוג,יחידה,0.00,יחידה,false,,8.50,0.0000,true,1,30382
7290108350210,false,סנו סושי שקיות אשפה חזקות 30 יח' XL,מיוצר עי קונדיטוריית,IL,סושי שקיות אקסטרא חז,יחידה,0.00,יחידה,false,,21.30,0.0000,true,1,30383
7290108350258,false,סופט נייר טואלט גליל ארוך 12 גלילים=36,מפעלי ברונוס בעמ,IL,סופט נייר טואלט גליל,מטרים,180.00,מטר,false,,36.70,0.2039,true,1,30385
7290108350531,false,סנו ספארק נוזל כלים בניחוח קלאסי עם משאבה 1 ל',מיוצר עי קונדיטוריית,IL,סנו ספארק משאבה בניח,ליטרים,1.00,ליטר,false,,10.20,10.2000,true,1,30391
7290108350586,false,נוזל לניקוי כלים סנו ספארק Spark בניחוח לימון רענן,סנו,IL,ספארק נוזל כלים בניח,ליטרים,1.50,ליטר,false,,12.70,8.4667,true,1,30395
7290108350616,false,סנו - מקסימה מרכך כביסה מרוכז פריחה כחולה 1 ליטר,"סנו מפעלי ברונוס בע""",IL,מרכך כביסה מקסימה סו,יחידה,0.00,יחידה,false,,16.20,0.0000,true,1,30398
7290108350623,false,מרכך כביסה סופר מרוכז סופט סילק מקסימה 1 ל' סנו,"סנו מפעלי ברונוס בע""",IL,מרכך כביסה מקסימה סו,יחידה,0.00,יחידה,false,,16.20,0.0000,true,1,30399
7290108350692,false,"אבקת כביסה מקסימה 6 ק""ג סנו",סנו מפעלי ברונוס בעמ,IL,אבקת כביסה סנו מקסימ,קילוגרמים,6.00,"ק""ג",false,,42.60,7.1000,true,1,30404
7290108351507,false,מרכך כביסה מקסימה סופט סילק 4 ל' סנו,סנו מקסימה,IL,מרכך כביסה סנו מקסימ,ליטרים,4.00,ליטר,false,,19.60,4.9000,true,1,30433
7290108351514,false,מרכך כביסה בבישום עוצמתי פריחה כחולה,סנו מקסימה,IL,מרכך כביסה סנו מקסימ,ליטרים,4.00,ליטר,false,,19.60,4.9000,true,1,30434
7290108351538,false,"סנו פרש הום פרש הום מבשם יבש בלו 200 מ""ל",סנו מפעלי ברונוס בעמ,IL,סנו פרש הום -מבשם יב,מיליליטרים,200.00,"100 מ""ל",false,,10.20,5.1000,true,1,30436
7290108351552,false,"סנו - ג'ט לניקוי כללי בתוספת חומץ בניחוח לבנדר 750 מ""ל","סנו מפעלי ברונוס בע""",IL,סנו ג'ט מתז חומץ 750,מיליליטרים,750.00,"100 מ""ל",false,,11.00,1.4667,true,1,30438
7290108351590,false,"סנופרש הום בלו בלוסון בניחוח מרכך כביסה 350 מ""ל",סנו פרש Fresh,IL,סנו פרש BLUE BLOSSOM,מיליליטרים,350.00,"100 מ""ל",false,,10.20,2.9143,true,1,30441
7290108351606,false,מטהר אוויר בלו בלוסום סנו פרש הום 350 מל,סנו,IL,סנו פרש הום סופט סיל,מיליליטרים,350.00,"100 מ""ל",false,,10.20,2.9143,true,1,30442
7290108351613,false,סנו ריצפז פרש הום 2 ליטר בניחוח מלון חלומי,"סנו מפעלי ברונוס בע""",IL,ריצפז פרש הום מלון ח,ליטרים,2.00,ליטר,false,,18.70,9.3500,true,1,30443
7290108351804,false,סנו - מקסימה מרכך כביסה מרוכז ג'נטל בריז 1 ליטר,מיוצר עי קונדיטוריית,IL,סנו מקסימה מרכך כביס,יחידה,0.00,יחידה,false,,16.20,0.0000,true,1,30457
7290108351811,false,מקסימה מרכך כביסה סופר מרוכז פלור טאצ' 1 ליטר,מיוצר עי קונדיטוריית,IL,סנו מקסימה מרכך כביס,יחידה,0.00,יחידה,false,,16.20,0.0000,true,1,30458
7290108351835,false,מרכך כביסה בבישום עוצמתי פלורל טאצ',מיוצר עי קונדיטוריית,IL,מרכך כביסה סנו מקסימ,ליטרים,4.00,ליטר,false,,19.60,4.9000,true,1,30459
7290108351866,false,"מקסימה בושם מרוכז לכביסה FOREVER בורדו 600מ""ל",סנו מקסימה,IL,מקסימה בושם מרוכז לכ,מיליליטרים,600.00,"100 מ""ל",false,,18.70,3.1167,true,1,30462
7290108351927,false,סנו ספארק טבליות למדיח 70 יח',סנו,IL,סנו ספארק טבליות למד,קילוגרמים,1.40,"ק""ג",false,,35.00,25.0000,true,1,30465
7290108351941,false,סנובון סבון אסלה מוצק RINGS בניחוח יערות שלישיה,סנו,IL,סנובון סבון אסלה מוצ,יחידה,0.00,יחידה,false,,11.90,0.0000,true,1,30467
7290108352047,false,אורביטול - צמד מברשות שיניים 808 + חוט דנטלי במתנה,סנו,IL,אורביטול מברשת לחניכ,יחידה,0.00,יחידה,false,,17.00,0.0000,true,1,234759
7290108352092,false,משחת שיניים אורביטול פרוטקטיב סולט בטעם מנטה,טרופיקל דגיל תעשיות,IL,אורביטול משחת שיניים,גרמים,145.00,100 גרם,false,,15.30,10.5517,true,1,81061
7290108352207,false,מקסימה קפסולות לכביסה פלורל 40 יחידות,טרופיקל דגיל תעשיות,IL,קפס' כביסה בניחוח פל,גרמים,840.00,100 גרם,false,,30.70,3.6548,true,1,68324
7290108352214,false,סנו - מקסימה קפסולות כביסה בניחוח בריזה מרעננת 40 יח',טרופיקל דגיל תעשיות,IL,קפסולות כביסה בניחוח,גרמים,840.00,100 גרם,false,,30.70,3.6548,true,1,68325
7290108352320,false,מבשם אוויר פרש הום נטול גז בניחוח מלון בוטיק,מיוצר עי קונדיטוריית,IL,סנו פרש הום מלון בוט,מיליליטרים,350.00,"100 מ""ל",false,,10.20,2.9143,true,1,71896
7290108352344,false,"סנו - פרש מילוי למטהר אוויר מלון בוטיק 250 מ""ל",מיוצר עי קונדיטוריית,IL,סנו פרש הום אוטומטיק,גרמים,250.00,100 גרם,false,,11.90,4.7600,true,1,71910
7290108352412,false,"סנו - פרש הום מבשם לבית ולטקסטיל ורד אנגלי ועלים 300 מ""ל",מיוצר עי קונדיטוריית,IL,סנו פרש הום מטהר אוי,מיליליטרים,300.00,"100 מ""ל",false,,11.00,3.6667,true,1,81117
7290108352429,false,מטהר אוויר סנו פרש הום נוזלי כחול ארומטי,סנו מפעלי ברונוס בעמ,IL,סנו פרש הום מטהר אוי,מיליליטרים,300.00,"100 מ""ל",false,,11.00,3.6667,true,1,81118
7290108352566,false,מרכך כביסה בבישום עוצמתי 4 ל' סנו מקסינה,"סנו מפעלי ברונוס בע""",IL,מרכך JOY בבישום עוצמ,ליטרים,4.00,ליטר,false,,19.60,4.9000,true,1,192037
7290108352573,false,מרכך כביסה מקסימה בבישום עוצמתי 4 ל' סנו,סנו,IL,מרכך כביסה CALM בבי,ליטרים,4.00,ליטר,false,,19.60,4.9000,true,1,242628
7290108352627,false,מפת שולחן סנו סושי בגליל 20 מ,"סנו מפעלי ברונו בע""מ",IL,סנו סושי- מפת ניילון,יחידה,0.00,יחידה,false,,17.00,0.0000,true,1,30479
7290108352641,false,סנו סושי מטלית הפלא לניקוי כללי במארז שלישייה,סנו מפעלי ברונוס.,IL,סנו סושי מטלית הפלא,יחידה,0.00,יחידה,false,,12.70,0.0000,true,1,30480
7290108352672,false,מטלית הפלא לריצפה זוג סנו סושי,סנו מפעלי ברונוס.,IL,סנו סושי זוג מטלית ה,יחידה,0.00,יחידה,false,,17.00,0.0000,true,1,30483
7290108352689,false,סנו סושי כריות קרצוף ללכלוך קשה 9 יח',טרופיקל דגיל תעשיות,US,כריות קרצוף ללכלוך ק,יחידה,0.00,יחידה,false,,8.50,0.0000,true,1,30484
7290108352801,false,"שקיות אשפה S לפחים קטנים 56*45 ס""מ בניחוח עדין","סנו מפעלי ברונוס בע""",IL,סנו סושי 100 שקיות א,יח',100.00,יח',false,,17.00,0.1700,true,1,30490
7290108352825,false,ספוג הפלא נירוסטה סנו סושי 3יח',s.k.a.t ltdסנו מפעלי,CN,סנו סושי-ספוג הפלא נ,יח',3.00,יח',false,,8.50,2.8333,true,1,30492
7290108352849,false,שלישיית מטליות הפלא לניקוי כללי דקור סנו סושי,טרופיקל דגיל תעשיות,IL,סנו סושי מטלית הפלא,יחידה,0.00,יחידה,false,,12.70,0.0000,true,1,99478
7290108352887,false,"זוג מפות שולחן עשויות מבד בלתי ארוג 180*120 ס""מ",מיוצר עי קונדיטוריית,IL,סנו סושי זוג מפות שו,יחידה,0.00,יחידה,false,,7.60,0.0000,true,1,30497
7290108352894,false,סנו סושי מפת שולחן חגיגית,שואוגאנג,IL,סנוסושי מפת שולחן חג,יחידה,0.00,יחידה,false,,6.80,0.0000,true,1,30498
7290108353020,false,4 תבנית אפייה מנייר מלבנית גדולה סנו,מיוצר עי קונדיטוריית,CN,סנו-סושי-4 תבניות אפ,יחידה,0.00,יחידה,false,,11.10,0.0000,true,1,30511
7290108353037,false,"תבניות אפיה עגולות מנייר קוטר 21 ס""מ",מיוצר עי קונדיטוריית,CN,סנו-סושי-4 תבניות אפ,יחידה,0.00,יחידה,false,,11.10,0.0000,true,1,30512
7290108353068,false,ספוג הפלא נירוסטה עם סיבי קירצוף סנו סושי 2 יח',מיוצר עי קונדיטוריית,IL,סנו סושי-כרית קרצוף,יח',3.00,יח',false,,8.50,2.8333,true,1,30515
7290108353075,false,סנו סושי מפיות אירוח עבות 3שכבות 50 יח',סנו,IL,סנו סושי 50 מפיות אי,יחידה,0.00,יחידה,false,,9.30,0.0000,true,1,30516
7290108353334,false,"שמפו למניעת קשקשים עם שמן עץ התה ואסאי 700 מ""ל כיף",קוסמופארם בעמ,IL,שמפו למניעת קשקשים ע,מיליליטרים,700.00,"100 מ""ל",false,,10.20,1.4571,true,1,30519
7290108353341,false,"מרכך למניעת קשקשים עם שמן עץ התה ואסאי 700 מ""ל כיף",קוסמופארם בעמ,IL,מרכך למניעת קשקשים ש,מיליליטרים,700.00,"100 מ""ל",false,,10.20,1.4571,true,1,30520
7290108353495,false,אורביטול - חוט דנטאלי 50 מטר בתוספת שעווה ופלואוריד,סנו,IL,חוט דנטלי אורביטול,יחידה,0.00,יחידה,false,,9.40,0.0000,true,1,270850
7290108353518,false,"תבניות אלומיניום עם ידיות אחיזה 34*29 ס""מ",קריניסה ויטמין אס אי,CN,סנו סושי 2 תבניות אל,יחידה,0.00,יחידה,false,,11.10,0.0000,true,1,30529
7290108353525,false,תבניות אלומיניום סנו סושי+ידית 4 יח L,קריניסה ויטמין אס אי,CN,סנו סושי 4 תבניות אל,יחידה,0.00,יחידה,false,,11.10,0.0000,true,1,30530
7290108353532,false,"שקיות אשפה נשלפות עם שרוך 65*54 ס""מ L",סנו סושי,IL,שקיות אשפה בגליל סנו,יחידה,0.00,יחידה,false,,26.40,0.0000,true,1,30531
7290108353549,false,נייר אפייה סנו סושי 100 יח,"טופ פלסט 2002 בע""מ",IL,נייר אפיה סנו סושי 1,יחידה,0.00,יחידה,false,,17.00,0.0000,true,1,30532
7290108353556,false,נייר טואלט סופט שלוש שכבות 32 גלילים סנו,טרופיקל דגיל תעשיות,IL,נייר טואלט סנו סופט,יחידה,0.00,יחידה,false,,38.40,0.0000,true,1,69504
7290108353563,false,צלחות מקנה סוכר טבעי סנו סושי - 10'' *25,הנסיך- מפעל לייצור ט,CN,צלחות ק.סוכר סנו סוש,יחידה,0.00,יחידה,false,,18.70,0.0000,true,1,73246
7290108353594,false,סנו סושי צלחות אובליות 25 יח',סנו סושי,,סלטייה ק.סוכר סנו סו,יחידה,0.00,יחידה,false,,9.30,0.0000,true,1,73249
7290108353662,false,"סנו סושי מפת שולחן מוטבעת 120*270 ס""מ",,,סנוסושי מפת שולחן מו,יחידה,0.00,יחידה,false,,9.40,0.0000,true,1,270073
7290108353679,false,סנו סושי – ניילון שקופות 10 מפות,מיוצר עי קונדיטוריית,IL,סנו סושי 10 מפות ניי,יחידה,0.00,יחידה,false,,17.00,0.0000,true,1,58628
7290108353686,false,מטלית חלומית לריצפה מיקרופייבר,נינגבו סנבנג,CN,סנו סושי מטלית לריצפ,יחידה,0.00,יחידה,false,,11.00,0.0000,true,1,99503
7290108353693,false,"צלחות מעוטרות מקנה סוכר בקוטר 19 ס""מ",סנו סושי,,צלחות ק.סוכר סנו סוש,יחידה,0.00,יחידה,false,,14.40,0.0000,true,1,73250
7290108353747,false,"תחליב רחצה אירוודה, בניחוח טונקה 600 מ""ל קרימה",קוסמופארם,IL,קרמה תחליב רחצה ספא,מיליליטרים,600.00,"100 מ""ל",false,,16.20,2.7000,true,1,290626
7290108353761,false,"תחליב רחצה זן, בניחוח קשמיר 600 מ""ל קרימה",קוסמופארם,IL,קרמה תחליב רחצה ספא,מיליליטרים,600.00,"100 מ""ל",false,,16.20,2.7000,true,1,290627
7290108353778,false,"נקה 7 - תחליב רחצה שוודיה בניחוח פיטנגו 750 מ""ל","אמיליה קוסמטיקס בע""מ",IL,תחליב רחצה שוודיה פי,מיליליטרים,750.00,"100 מ""ל",false,,10.20,1.3600,true,1,100790
7290108353785,false,תחליב רחצה נקה 7 מרוקו בניחוח טונקה 750,"אמיליה קוסמטיקס בע""מ",IL,תחליב רחצה מרוקו טונ,מיליליטרים,750.00,"100 מ""ל",false,,10.20,1.3600,true,1,100806
7290108353792,false,"תחליב רחצה נקה יפן פריחת הדובדבנים 750 מ""ל","אמיליה קוסמטיקס בע""מ",IL,תחליב רחצה יפן פריחת,מיליליטרים,750.00,"100 מ""ל",false,,10.20,1.3600,true,1,100791
7290108353808,false,"תחליב רחצה נקה מדגסקר בניחות אמבר 750 מ""ל","אמיליה קוסמטיקס בע""מ",IL,תחליב רחצה מדגסקר אמ,מיליליטרים,750.00,"100 מ""ל",false,,10.20,1.3600,true,1,100792
7290108353990,false,"קרמה - קרם גוף קרמה מאסק 500 מ""ל",טרופיקל דגיל תעשיות,IL,קרם גוף קרמה מאסק 50,מיליליטרים,500.00,"100 מ""ל",false,,21.30,4.2600,true,1,97847
7290108354065,false,"קרמה - מן ג'ל רחצה פילינג 700 מ""ל",קוסמופארם בע''מ,IL,ג'ל רחצה פילינג קרמה,מיליליטרים,700.00,"100 מ""ל",false,,16.20,2.3143,true,1,217643
7290108354164,false,אל סבון כיף מועשר בשמנים מארז שלישייה,טרופיקל דגיל תעשיות,IL,כיף שלישיית אלסבון ק,ליטרים,1.50,ליטר,false,,17.00,11.3333,true,1,112028
7290108354270,false,מרכך כביסה מרוכז בבישום עוצמתי 1 ל' סנו מקסימה,מיוצר עי קונדיטוריית,IL,מרכך בבישום עוצמתי מ,ליטרים,1.00,ליטר,false,,16.20,16.2000,true,1,192009
7290108354430,false,"שמפו כיף לשיקום והזנה שמן קוקוס וקרטין 700 מ""ל",קוסמופארם בעמ,IL,שמפו כיף לשיקום והזנ,מיליליטרים,700.00,"100 מ""ל",false,,10.20,1.4571,true,1,121288
7290108354447,false,"מרכך כיף לשיקום והזנה שמן קוקוס וקרטין 700 מ""ל",גוד פוד פרודקטס S.p,IL,מרכך כיף לשיקום והזנ,מיליליטרים,700.00,"100 מ""ל",false,,10.20,1.4571,true,1,121289
7290108354461,false,"שמפו קרליין 10 חימר 700 מ""ל",,,שמפו קרליין 10 חימר,מיליליטרים,700.00,"100 מ""ל",false,,11.90,1.7000,true,1,331269
7290108354478,false,קרוליין 10 מרכך חימר 700 מל,,IL,מרכך קרליין 10 חימר,מיליליטרים,700.00,"100 מ""ל",false,,11.90,1.7000,true,1,331270
7290108354485,false,"קרליין - מרכך 10 שמן ארגן 700 מ""ל",סנו,IL,מרכך לשיער ארגן קר,מיליליטרים,700.00,"100 מ""ל",false,,11.90,1.7000,true,1,234868
7290108354607,false,"שמפו בניחוח מי קקטוס ושמן באבאסו 750 מ""ל נקה 7","אמיליה קוסמטיקס בע""מ",IL,שמפו ביו נקה 7 750 מ,מיליליטרים,750.00,"100 מ""ל",false,,10.20,1.3600,true,1,270013
7290108354614,false,"מרכך בניחוח מי קקטוס ושמן באבאסו 750 מ""ל נקה 7","אמיליה קוסמטיקס בע""מ",IL,מרכך לשיער ביו נקה 7,מיליליטרים,750.00,"100 מ""ל",false,,10.20,1.3600,true,1,270030
7290108354621,false,"מסיכה לשיער לחות מוגברת עם אפרסק וחמאת מורומורו 500 מ""ל כיף",סנו,IL,מסכה לשיער עם אפרסק,מיליליטרים,500.00,"100 מ""ל",false,,21.30,4.2600,true,1,287849
7290108354713,false,"קרמה - תחליב רחצה קלאסי 500 מ""ל",קוסמופארם,IL,תחליב רחצה קלאסי קרמ,מיליליטרים,500.00,"100 מ""ל",false,,11.00,2.2000,true,1,192078
7290108354751,false,"סנו - ג'ט מרסס לניקוי כללי בתוספת אבקת סודה 750 מ""ל","סנו מפעלי ברונוס בע""",IL,מתז JET+בתוספת סודה,מיליליטרים,750.00,"100 מ""ל",false,,11.00,1.4667,true,1,30534
7290108354829,false,"קרמה - קרם ידיים ורד הוניל 100 מ""ל",קוסמופארם,IL,קרם ידיים קרמה ורד ו,מיליליטרים,100.00,"100 מ""ל",false,,8.50,8.5000,true,1,93183
7290108354980,false,קרם ידיים מרוכז לידיים יבשות מאוד ללא בישום,קוסמופארם,IL,קרם ידיים קרמה מרוכז,מיליליטרים,50.00,"100 מ""ל",false,,12.70,25.4000,true,1,99404
7290108355031,false,"נקה 7 אל סבון לילדים מיניונים 750 מ""ל",נקה 7,IL,אל סבון מיניונים נקה,מיליליטרים,750.00,"100 מ""ל",false,,10.20,1.3600,true,1,30543
7290108355062,false,לחו.לשיער מקצועי קרטין נטורל פורמולה 400,קוסמופארם,IL,לחות מקצועית עם קרטי,מיליליטרים,400.00,"100 מ""ל",false,,26.40,6.6000,true,1,30545
7290108355147,false,"תחליב רחצה נקה 7שמני רחצה 750 מ""ל","אמיליה קוסמטיקס בע""מ",IL,תחליב רחצה שמני הזנה,מיליליטרים,750.00,"100 מ""ל",false,,10.20,1.3600,true,1,30552
7290108355260,false,"נקה 7-שמפו 3ב1 שמפו ג'ל רחצה וסבון פנים לגבר 750 מ""ל","אמיליה קוסמטיקס בע""מ",IL,שמפו ג'ל רחצה וסבון,מיליליטרים,750.00,"100 מ""ל",false,,10.20,1.3600,true,1,30560
7290108355802,false,"תחליב רחצה קרמה ורד ווניל 700 מ""ל",גוד פוד פרודקטס S.p,IL,קרמה תחליב רחצה ורד,מיליליטרים,700.00,"100 מ""ל",false,,14.40,2.0571,true,1,87935
7290108356113,false,"כיף תחליב רחצה דבש 700 מ""ל-מרכז",קוסמופארם בעמ,IL,תחליב רחצה דבש כיף 7,מיליליטרים,700.00,"100 מ""ל",false,,10.20,1.4571,true,1,30590
7290108356120,false,"תחליב רחצה כיף קוקוס וניל 700 מ""ל",קוסמופארם,IL,תחליב רחצה קוקוס וני,מיליליטרים,700.00,"100 מ""ל",false,,10.20,1.4571,true,1,30591
7290108356137,false,"כיף - תחליב רחצה לבנדר 700 מ""ל",קוסמופארם,IL,תחליב רחצה לבנדר כיף,מיליליטרים,700.00,"100 מ""ל",false,,10.20,1.4571,true,1,30592
7290108356168,false,"כיף - תחליב רחצה אוקיינוס 700 מ""ל",גוד פוד פרודקטס S.p,IL,תחליב רחצה אוקיינוס,מיליליטרים,700.00,"100 מ""ל",false,,10.20,1.4571,true,1,30594
7290108356229,false,ג'ל גילוח לכל סוגי העור מועשר בפחם פעיל,טרופיקל דגיל תעשיות,TR,גל גילוח קרמה מן קרב,מיליליטרים,200.00,"100 מ""ל",false,,9.30,4.6500,true,1,81103
7290108356489,false,"כיף - תחליב רחצה אפרסק וחמאת מורומורו 700 מ""ל",קוסמופארם,IL,תחליב רחצה אפרסק וחמ,מיליליטרים,700.00,"100 מ""ל",false,,10.20,1.4571,true,1,243140
7290108356519,false,קרליין שמפו 10למניעת קשקשים 700מל,קרליין Careline,IL,שמפו לשיער בתוספת שמ,מיליליטרים,700.00,"100 מ""ל",false,,11.90,1.7000,true,1,216062
7290108356526,false,"קרליין - שמפו 10 לשיער יבש 700 מ""ל",קרליין Careline,IL,שמפו לשיער יבש קרליי,מיליליטרים,700.00,"100 מ""ל",false,,11.90,1.7000,true,1,216076
7290108356533,false,קרוליין 10 שמפו לשיער מתולתל 700 מל,קרליין Careline,IL,שמפו לשיער מתולתל קר,מיליליטרים,700.00,"100 מ""ל",false,,11.90,1.7000,true,1,216090
7290108356540,false,קרוליין 10 שמפו לשיער צבוע 700 מל,סנו,IL,שמפו לשיער צבוע קרלי,מיליליטרים,700.00,"100 מ""ל",false,,11.90,1.7000,true,1,216091
7290108356564,false,"קרליין - מרכך 10 לשיער רגיל 700 מ""ל",קרליין Careline,IL,מרכך לשיער רגיל קרלי,מיליליטרים,700.00,"100 מ""ל",false,,11.90,1.7000,true,1,216093
7290108356595,false,קרוליין 10 מרכך לשיער צבוע 700 מל,קרליין Careline,IL,מרכך לשיער צבוע קרלי,מיליליטרים,700.00,"100 מ""ל",false,,11.90,1.7000,true,1,216109
7290108356816,false,"סבון בוטני גרניום ופטצ'ולי לניקוי וטיפוח הידיים, טבעוני 1 ל' כיף","קוסופארם בע""מ",IL,סבון בוטני גרניום לנ,ליטרים,1.00,ליטר,false,,13.60,13.6000,true,1,287865
7290108357004,false,"שמפו כיף ורד ושמן קוקוי 700 מ""ל",טרופיקל דגיל תעשיות,IL,כיף שמפו לשיער ורד ו,מיליליטרים,700.00,"100 מ""ל",false,,10.20,1.4571,true,1,30595
7290108357011,false,"מרכך כיף ורד ושמן קוקוי 700 מ""ל",טרופיקל דגיל תעשיות,IL,כיף מרכך לשיער ורד ו,מיליליטרים,700.00,"100 מ""ל",false,,10.20,1.4571,true,1,30596
7290108357028,false,"תחליב רחצה כיף ורד ושמן קוקוי 700 מ""ל",קוסמופארם בעמ,IL,כיף תחליב רחצה ורד ו,מיליליטרים,700.00,"100 מ""ל",false,,10.20,1.4571,true,1,30597
7290108357073,false,"קרליין - נושם ביו דאודורנט ספריי 150 מ""ל Blossoms Citrus לאישה",קרליין Careline,IL,דיאודורנט ספריי בניח,מיליליטרים,150.00,"100 מ""ל",false,,11.00,7.3333,true,1,243226
7290108357226,false,"אוקסיגן POWER אבקה לכביסה לבנה והסרת כתמים 1.4 ק""ג סנו",סנו,IL,אוקסיג'ן אבקה להסרת,קילוגרמים,1.40,"ק""ג",false,,25.60,18.2857,true,1,230331
7290108357240,false,"אוקסיג'ן פאוור תוסף להסרת כתמים קשים 1.4 ק""ג",סנו,IL,אוקסיג'ן אבקה תוסף ל,קילוגרמים,1.40,"ק""ג",false,,25.60,18.2857,true,1,230332
7290108357288,false,אקונומיקה ז'אוול בניחוח פריחה לבנה 4 ל' סנו,סנו ז'אוול Javel,IL,סנו ז'אוול בניחוח פר,ליטרים,4.00,ליטר,false,,14.40,3.6000,true,1,231675
7290108357295,false,"סנו - אוקסיג'ן פאוור מרסס להסרת כתמים 750 מ""ל",סנו,IL,מרסס אוקסיג'ן מסיר כ,מיליליטרים,750.00,"100 מ""ל",false,,15.30,2.0400,true,1,270767
7290108357417,false,"קרמה - קרם גוף קרמה ורד ווניל 500 מ""ל",טרופיקל דגיל תעשיות,IL,קרם גוף קרמה ורד וונ,מיליליטרים,500.00,"100 מ""ל",false,,21.30,4.2600,true,1,97850
7290108357424,false,"קרם גוף קרמה נרולי ומגנוליה 500 מ""ל",,,קרם גוף קרמה נרולי ו,מיליליטרים,500.00,"100 מ""ל",false,,21.30,4.2600,true,1,97832
7290108357509,false,"קרם גוף קרמה וניל ופלפל ורוד 500 מ""ל",טרופיקל דגיל תעשיות,IL,קרם גוף קרמה וניל ופ,מיליליטרים,500.00,"100 מ""ל",false,,21.30,4.2600,true,1,144328
7290108357653,false,סבון ג'ל לאסלה בניחוח אוקיינוס 3 יח' סנו,,,סנובון סבון ג'ל לאסל,גרמים,315.00,100 גרם,false,,14.50,4.6032,true,1,321831
7290108357660,false,סבון ג'ל לאסלה בניחוח לבנדר 3 יח' סנו,,,סנובון סבון ג'ל לאסל,גרמים,315.00,100 גרם,false,,14.50,4.6032,true,1,321832
7290108357707,false,"כיף שמפו לשיער רגיל-תפוח זרעי צ'יה 700 מ""ל",גוד פוד פרודקטס S.p,IL,שמפו לשיער רגיל תפוח,מיליליטרים,700.00,"100 מ""ל",false,,10.20,1.4571,true,1,30599
7290108357714,false,"כיף שמפו לשיער יבש -רימונים ושמן ארגן 700 מ""ל",גוד פוד פרודקטס S.p,IL,שמפו לשיער יבש רימונ,מיליליטרים,700.00,"100 מ""ל",false,,10.20,1.4571,true,1,30600
7290108357745,false,שמפו ומרכך 2 ב-1 תאנה ומנטה לכל סוגי השיער,גוד פוד פרודקטס S.p,IL,שמפו ומרכך תאנה ומנט,מיליליטרים,700.00,"100 מ""ל",false,,10.20,1.4571,true,1,30602
7290108357837,false,שקית מילוי אל סבון בניחוח אצות ים 1 ל' כיף,סנו,IL,אל סבון כיף שקית מיל,ליטרים,1.00,ליטר,false,,7.70,7.7000,true,1,270879
7290108357844,false,שקית מילוי אל סבון בניחוח גינסנג 1 ל' כיף,סנו,IL,אל סבון כיף שקית מיל,ליטרים,1.00,ליטר,false,,7.70,7.7000,true,1,270880
7290108357882,false,"כיף - מרכך לחות מוגברת עם אפרסק וחמאת מורומורו 700 מ""ל",קוסמופארם,IL,מרכך לחות מוגברת אפר,מיליליטרים,700.00,"100 מ""ל",false,,10.20,1.4571,true,1,243126
7290108359084,false,כיסוי ניילון עם גומי 30 יח' M סנו סושי,סנו,IL,סנו סושי כיסוי ניילו,יחידה,0.00,יחידה,false,,10.20,0.0000,true,1,310175
7290108359114,false,סושי חמגשית אלומיניום עם מכסה,סנו,IL,סנו סושי חמגשית אלומ,יחידה,0.00,יחידה,false,,9.40,0.0000,true,1,270865
7290108359152,false,"תבנית אלומיניום עגולה 25 ס""מ -6 יחי סנו סושי",סנו,IL,סנו סושי-6 תבניות אל,יחידה,0.00,יחידה,false,,10.20,0.0000,true,1,307047
7290108359169,false,"תבנית אלומיניום עגולה 628 ס""מ יחי סנו סושי",סנו,IL,סנו סושי-6 תבניות אל,יחידה,0.00,יחידה,false,,10.20,0.0000,true,1,307048
7290108359183,false,שקית אשפה חזקות 70*50 60 יח' סנו סושי,סנו,IL,שקיות אשפה L עם ידי,יחידה,0.00,יחידה,false,,19.60,0.0000,true,1,306253
7290108359190,false,סושי מגבת הפלא 4 יח' = 12 גליל ארוך פי 3,סנו,IL,סנו סושי מגבות הפלא,יחידה,0.00,יחידה,false,,21.30,0.0000,true,1,326116
7290108359824,false,"כיף - בייבי כיף קרם 500 מ""ל",קוסמופארם בעמ,IL,קרם גוף HYDROMOIST ב,מיליליטרים,500.00,"100 מ""ל",false,,18.70,3.7400,true,1,30608
7290108359855,false,"שמפו אל דמע בייבי כיף+משאבה 750 מ""ל",גוד פוד פרודקטס S.p,IL,שמפו אלדמע בייבי כיף,מיליליטרים,750.00,"100 מ""ל",false,,13.60,1.8133,true,1,30611
7290108359985,false,סנו - ז'אוול מרסס קצף לניקוי וחינו בניחוח פריחה לבנה 1 ליטר,סנו ז'אוול Javel,IL,אקונומיקה מרסס עם ממ,ליטרים,1.00,ליטר,false,,15.30,15.3000,true,1,231791
7290108500677,false,כבד דג שיבוט מעושן בשמן הדג,"איטיליאן פוד, אס.פי.",IS,כבד דג שיבוט בשמן וי,גרמים,115.00,100 גרם,false,,7.70,6.6957,true,1,3046
7290108501353,false,פילה אנשובי אמיתי ארוך בשמן וילי פוד 45,קונסרבאס פרדו,ES,פילה אנשובי ארוך בשמ,גרמים,45.00,100 גרם,false,,5.10,11.3333,true,1,3072
7290108501490,false,גבינה מוצרלה פרוסות ו.פוד 150ג',ליטא,DE,גבינה מוצרלה פרוסות,גרמים,150.00,100 גרם,false,,11.10,7.4000,true,1,3084
7290108501971,false,חטיף בוטנים ומשמש הפי נאטס מארז 35X4ג',וילי פוד,GR,חטיף שקדים ומשמש HAP,גרמים,140.00,100 גרם,false,,10.20,7.2857,true,1,3123
7290108502305,false,גבינת גרדה פדנו משולש 150 גר`וילי פוד,וילי פוד,IT,גבינת גרנה פדנו משול,גרמים,150.00,100 גרם,false,,14.50,9.6667,true,1,3133
7290108502381,false,בסיסים להכנת פיצה קוטר 26 וילי פוד 480ג',מוטלוקל גידה סאנאי ט,TR,תחתיות לפיצה קוטר 26,יחידה,0.00,יחידה,false,,11.10,0.0000,true,1,3136
7290108502862,false,מלפפונים כבושים במלח 18-25קטנים מאוד 600ג',וילי פוד,TR,מלפפונים כבושים במלח,גרמים,600.00,100 גרם,false,,7.70,1.2833,true,1,3170
7290108503043,false,תפוחונים חטיף פלחים מיובשים מארז 22X4ג',ינטאי זונגקאן פוד קו,CN,מארז רביעייה תפוחוני,גרמים,88.00,100 גרם,false,,11.10,12.6136,true,1,3181
7290108503159,false,גבינה כחולה עם עובש 31% שומן,קסוס אל פסטור,ES,וילי פוד גבינה כחולה,גרמים,100.00,100 גרם,false,,6.80,6.8000,true,1,3188
7290108503999,false,פרוסות גבינה 150גרם בטעם גאודה לכריכים וטוסטים,סנטרל קסרה,ES,פרוסות גבינה בטעם גא,גרמים,150.00,100 גרם,false,,8.50,5.6667,true,1,3229
7290108504286,false,גבינה איבריקו צ'אנק 150 גר',ג.וילי פוד אינטרנשיו,ES,איבריקו צ'אנק 150 גר,גרמים,150.00,100 גרם,false,,14.50,9.6667,true,1,3244
7290108504293,false,גבינה מנצ'גו צ'אנק 150 גר',ג.וילי פוד אינטרנשיו,ES,מנצ'גו צ'אנק 150 גר',גרמים,150.00,100 גרם,false,,14.50,9.6667,true,1,3245
7290108504392,false,גבינת שמנת לייט עם זיתים 200 ג' - EURO CHEESE,אטלסר&אלפרי קאסורק,DE,גבינת שמנת לייט עם ז,גרמים,200.00,100 גרם,false,,10.70,5.3500,true,1,3253
7290108504699,false,נתחי טונה בשמן קנולה רביעיה * 160 ג' וילי פוד,גולדן פרייז,TH,נתחי טונה בשמן קנולה,גרמים,640.00,100 גרם,false,,18.30,2.8594,true,1,3262
7290108505689,false,גבינת גרנה פדנו מגורדת 100 גרם,זנאטי,IT,גבינת גרנה פדנו 29%,גרמים,100.00,100 גרם,false,,8.50,8.5000,true,1,3268
7290108505719,false,גבינת מוצרלה מגורדת 25% שומן 200גר,יורו צ'יז Euro Cheese,TR,גבינת מוצרלה מגורדת,גרמים,200.00,100 גרם,false,,11.10,5.5500,true,1,71373
7290108506037,false,יוגורט בטעם טבעי 5% שומן דלתא 150 ג',Euro יורו מחלבות אירופה,GR,יוגורט בטעם טבעי 150,גרמים,150.00,100 גרם,false,,4.20,2.8000,true,1,113534
7290108506426,false,בייגלה קראנצ'י טורקי אותנטי - מוקפא,וילי פוד,TR,סימיט בייגלה קפוא 40,גרמים,400.00,100 גרם,false,,17.10,4.2750,true,1,63886
7290108506488,false,סופלה שוקולד קפוא 200 גרם,ארמה גרופ,TR,סופלה שוקולד קפוא 20,גרמים,200.00,100 גרם,false,,12.80,6.4000,true,1,63887
7290108506495,false,"כנאפה מאפה בצק ""שערות"" קדאיף וגבינה",ארמה גרופ,TR,כנאפה קפוא 192.5 גרם,גרמים,192.50,100 גרם,false,,11.10,5.7662,true,1,63888
7290108506501,false,אצבעות בצק פילו ממולאות גבינה 500 ג' ויליפוד,סיהאן גידה,TR,אצבעות בצק פילו ממול,גרמים,500.00,100 גרם,false,,13.60,2.7200,true,1,239183
7290108506518,false,אצבעות בצק פילו ממולאות גבינה ותרד 500 ג' ויליפוד,סיהאן גידה,TR,אצבעות בצק פילו ממול,גרמים,500.00,100 גרם,false,,13.60,2.7200,true,1,239184
7290108506969,false,מאפה בורקס מים תורכי - גבינה 300 ג',וילי פוד,TR,מ.בורקס מים תורכי גב,גרמים,300.00,100 גרם,false,,11.10,3.7000,true,1,71347
7290108507010,false,מאפה בורקס מים תורכי תרד וגבינה 300 גרם,וילי פוד,TR,מ.בורקס מים תורכי תר,גרמים,300.00,100 גרם,false,,11.10,3.7000,true,1,71348
7290108507072,false,שבבי גבינת גרנה פדנו 100 גרם,זנאתי,IT,שבבי גבינת גרנה פדנו,גרמים,100.00,100 גרם,false,,8.50,8.5000,true,1,132280
7290108507188,false,"כנאפה קפוא 657 גרם אריזה משפחתית חתם סופר פ""ת",ארמה גרופ,TR,כנאפה קפוא 657.50 גר,גרמים,657.50,100 גרם,false,,26.40,4.0152,true,1,84638
7290108507652,false,ביסקויט פריך בשוקולד לבן 100 גרם -קהילות,מודרן צ'יקולטה,TR,ביסקויט פריך בשוקולד,גרמים,100.00,100 גרם,false,,5.90,5.9000,true,1,226147
7290108507911,false,קינואה עם טונה וירקות - מוכן לאכילה,וילי פוד,TR,קינואה עם טונה וירקו,גרמים,160.00,100 גרם,false,,10.20,6.3750,true,1,149227
7290108508499,false,"איירן משקה יוגורט בסגנון טורקי יורו 293 מ""ל",Euro יורו מחלבות אירופה,TR,משקה יוגורט בסגנון ט,גרמים,293.00,100 גרם,false,,4.20,1.4334,true,1,132249
7290108508543,false,אפונה מבושלת במי מלח,,,אפונה מבושלת 700 גרם,גרמים,700.00,100 גרם,false,,8.60,1.2286,true,1,149243
7290108509106,false,"גבינה בולגרית מעודנת בקוביות 13% שומן 200 ג' חת""ס פ""ת",קוליוס,TW,גבינה בולגרית מעודנת,גרמים,200.00,100 גרם,false,,10.20,5.1000,true,1,161906
7290108509113,false,"גבינה בולגרית מעודנת 18% שומן 250 גרם חת""ס פ""ת",Euro יורו מחלבות אירופה,TR,גבינה בולגרית מעודנת,גרמים,250.00,100 גרם,false,,10.20,4.0800,true,1,154323
7290108509137,false,גבינה בולגרית מעודנת 5% שומן יורו 250 ג',סוטאש,TR,גבינה בולגרית מעודנת,גרמים,250.00,100 גרם,false,,10.20,4.0800,true,1,161920
7290108509199,false,גבינת פטה 17% שומן יורו 500 ג',קוליוס,TW,גבינה פטה 500 גרם -,גרמים,500.00,100 גרם,false,,19.60,3.9200,true,1,155961
7290108509229,false,ויליפוד חטיף אורז אפוי לתינוקות בננה 50 גרם,נמצ'או,TH,חטיף אורז אפוי לתינו,גרמים,50.00,100 גרם,false,,10.20,20.4000,true,1,212498
7290108509250,false,"אנטיפסטי ארטישוק+עגבניות מיובשות וצלפים בשמן חמניות 380 מ""ל",,,אנטיפסטי ארטישוק עג,גרמים,580.00,100 גרם,false,,18.80,3.2414,true,1,149200
7290108509359,false,פופקורן בציפוי בטעם קרמל 90 ג' ויליפוד,סנרו ס.א,UA,פופקורן בציפוי בטעם,גרמים,90.00,100 גרם,false,,6.80,7.5556,true,1,218030
7290108509595,false,גבינה מלוחה עם עגבניות מיובשות וריחן 24%,,GR,גבינה מלוחה עם עגבני,גרמים,153.00,100 גרם,false,,13.60,8.8889,true,1,330801
7290108509700,false,"אורז פרסי דוואט 1 ק""",אל טי פוד,IN,"אורז פרסי 1 ק""ג DAAW",קילוגרמים,1.00,"ק""ג",false,,8.47,8.4700,true,1,194751
7290108509755,false,גבינה חלומי 250 גרם 23% שומן,,קפריסין,גבינת חלומי יורו 25,גרמים,250.00,100 גרם,false,,21.30,8.5200,true,1,325776
7290108509939,false,פרוסות פילה טונה בשמן זית כתית מעולה,וילי פוד,,פרוסות פילה טונה 120,גרמים,120.00,100 גרם,false,,11.10,9.2500,true,1,212565
7290109351025,false,מלך החומוס חומוסטחינה 40% טחינה גולמית,סלטי צבר,IL,מלך החומוס חומוס טחי,גרמים,400.00,100 גרם,false,,11.90,2.9750,true,1,19721
7290109354057,false,קרחוני לה פרוטה La Frutta בטעמי אננס תפוז- 5 יח',תות תעשיות מזון (201,IL,"מאגדת 5 י""ח לה פרוטה",גרמים,350.00,100 גרם,false,,20.40,5.8286,true,1,15970
7290109354101,false,לחמית ללא גלוטן 200 ג' אסם,אסם,IL,לחמית ללא גלוטן 200,גרמים,200.00,100 גרם,false,,8.50,4.2500,true,1,18914
7290109354972,false,אוסם - פתי בר וניל חלבי ללא גלוטן 200 גרם,מיוצר עי קונדיטוריית,IL,אסם פתי בר ללא גלוטן,גרמים,200.00,100 גרם,false,,8.47,4.2350,true,1,18918
7290109354996,false,פתי בר ללא גלוטן שוקו 200 גרם אסם,מיוצר עי קונדיטוריית,IL,אסם פתי בר ללא גלוטן,גרמים,200.00,100 גרם,false,,8.47,4.2350,true,1,18919
7290109492414,false,סכיני מטבח שישייה שח,,,סכיני מטבח שישיה שח,יחידה,0.00,יחידה,false,,10.20,0.0000,true,1,118742
7290109580043,false,"שניצל תירס קלאסי זוגלובק 1.75 ק""ג",זוגלובק,IL,זוגלובק שניצל תירס 1,קילוגרמים,1.75,"ק""ג",false,,42.70,24.4000,true,1,102149
7290109580067,false,"טחון וונדרס 0% בשר , טבעוני",זוגלובק וונדרס Wonders,IL,טחון מן הצומח וונדרס,גרמים,340.00,100 גרם,false,,25.60,7.5294,true,1,130639
7290109580111,false,"צלעות אסאדו מעושנות פרימיום, 120 גרם",זוגלובק,IL,צלעות אסאדו מעושנות,גרמים,180.00,100 גרם,false,,21.30,11.8333,true,1,229959
7290109580159,false,זוגלובק פרימיום פסטרמה בנוסח טוסקנה,זוגלובק,IL,פסטרמה בנוסח טוסקנה,גרמים,180.00,100 גרם,false,,21.30,11.8333,true,1,132068
7290109580227,false,נקניקיות עוף ובקר בסגנון ברלינאי קאריוורסט,זוגלובק,IL,נקנקיות ריינהולד'ס ק,גרמים,300.00,100 גרם,false,,17.10,5.7000,true,1,208414
7290109640198,false,מגורדת לפיצה ואפיה 20% שומן משומשו 200 ג,וי גרדן,IL,מגורדת לפיצה ואפייה,גרמים,200.00,100 גרם,false,,15.30,7.6500,true,1,6169
7290109920313,false,"אסטוניש מרסס לניקוי חלונות 750 מ""ל",יעקבי- אסטוניש Astonish,GB,אסטוניש מרסס מבריק ש,מיליליטרים,750.00,"100 מ""ל",false,,11.10,1.4800,true,1,11395
7290109920597,false,"אסטוניש - מרסס לניקוי המקלחון 750 מ""ל",יעקבי- אסטוניש Astonish,GB,אסטוניש מרסס למקלחון,מיליליטרים,750.00,"100 מ""ל",false,,11.10,1.4800,true,1,11399
7290109920603,false,"אסטוניש קרם לניקוי המטבח 500 מ""ל",אסטוניש,IL,אסטוניש קרם מטבח 500,מיליליטרים,500.00,"100 מ""ל",false,,11.10,2.2200,true,1,11400
7290109923048,false,"אסטוניש - מרסס פרמיום ארומטיק לכל הבית 750 מ""ל",אסטוניש,GB,אסטוניש פרימיום ארומ,מיליליטרים,750.00,"100 מ""ל",false,,12.80,1.7067,true,1,241916
7290109923130,false,מדליק לפחמים קוביות הפי 24 יח',,,מדליק פחמים הפי 48 י,גרמים,250.00,100 גרם,false,,9.40,3.7600,true,1,282387
7290110110659,false,"ספרייט לימון ליים פחית 330מ""ל",החברה המרכזית לייצור,IL,סליק ספרייט חדש 330,מיליליטרים,330.00,"100 מ""ל",false,,4.70,1.4242,true,1,7195
7290110111809,false,"מארז פחיות פאנטה אורנג' שישייה 330 מ""ל",החברה המרכזית לייצור,IL,פאנטה אורנג' שישייה,ליטרים,1.98,ליטר,false,,19.50,9.8485,true,1,7231
7290110113476,false,בירה קרלסברג ללא אלכוהול - שישייה,קרלסברג רומניהיבואן:,IL,קרלסברג 0.0 בקבוק 6*,ליטרים,1.98,ליטר,false,,26.70,13.4848,true,1,53742
7290110114787,false,נביעות + תפוח 1.5 ליטר פיקדון,נביעות טבע הגליל בעמ,IL,נביעות + תפוח 1.5 לי,ליטרים,1.50,ליטר,false,,7.70,5.1333,true,1,196242
7290110114794,false,נביעות + אפרסק 1.5 ליטר פיקדון,"נביעות טבע הגליל בע""",IL,נביעות + אפרסק 1.5 ל,ליטרים,1.50,ליטר,false,,7.70,5.1333,true,1,196243
7290110114800,false,נביעות פלוס בטעם ענבים 1.5 ליטר-,"נביעות טבע הגליל בע""",IL,נביעות + ענבים 1.5 ל,ליטרים,1.50,ליטר,false,,7.70,5.1333,true,1,196244
7290110114824,false,נביעות+רכיבי פרי אבטיח 1.5 ליטר פיקדון,"נביעות טבע הגליל בע""",IL,נביעות+ פרי אבטיח 1.,ליטרים,1.50,ליטר,false,,7.70,5.1333,true,1,196458
7290110114855,false,"נביעות מים מינרליים, שישיה 6 * 1.5 ליטר פקדון",נביעות טבע הגליל בעמ,IL,מי נביעות שישייה 1.5,ליטרים,9.00,ליטר,false,,12.10,1.3444,true,1,196272
7290110114886,false,פריגת סחוט טרי קלמנטינה 2 ליטר,גת,IL,פריגת משקה קלמנטינה,ליטרים,2.00,ליטר,false,,25.00,12.5000,true,1,196136
7290110114893,false,פריגת סחוט טרי תפוז 2 ליטר,פריגת מצוננים,IL,פריגת סחוט תפוזים 2,ליטרים,2.00,ליטר,false,,25.00,12.5000,true,1,196165
7290110114916,false,פריגת סחוט לימון נענע 2 ליטר,פריגת,IL,פריגת סחוט לימונענע,ליטרים,2.00,ליטר,false,,25.00,12.5000,true,1,196166
7290110114954,false,מיץ תפוזים מתקתקים 100% 2 ל' פריגת,"גת,גבעת חיים",IL,מיץ תפוזים מתקתק 100,ליטרים,2.00,ליטר,false,,19.00,9.5000,true,1,196182
7290110114961,false,מיץ בטעם תפוזים 1.5ל' פריגת,מבשלות בירה בינלאומי,IL,פריגת תפוזים 1.5 ליט,ליטרים,1.50,ליטר,false,,7.70,5.1333,true,1,196286
7290110114985,false,פריגת אשכולית 1.5 ליטר פיקדון,מבשלות בירה בינלאומי,IL,פריגת אשכולית 1.5 לי,ליטרים,1.50,ליטר,false,,7.70,5.1333,true,1,196301
7290110114992,false,פריגת light אשכולית 1.5 ליטר פיקדון,מבשלות בירה בינלאומי,IL,פריגת דיאט אשכולית 1,ליטרים,1.50,ליטר,false,,7.30,4.8667,true,1,196315
7290110115012,false,מיץ ענבים בניחוח מרלו 1.5 ל' פריגת,פריגת,IL,פריגת ענבים בניחוח מ,ליטרים,1.50,ליטר,false,,7.70,5.1333,true,1,196343
7290110115029,false,"פריגת משק""ל תפוח 1.5 ליטר פיקדון",מבשלות בירה בינלאומי,IL,פריגת תפוחים 1.5 ליט,ליטרים,1.50,ליטר,false,,7.70,5.1333,true,1,196370
7290110115036,false,פריגת מנגו 1.5 ליטר פיקדון,מבשלות בירה בינלאומי,IL,פריגת מנגו 1.5 ליטר,ליטרים,1.50,ליטר,false,,7.70,5.1333,true,1,196385
7290110115043,false,פריגת לימונענע 1.5 ליטר פיקדון,מבשלות בירה בינלאומי,IL,פריגת לימונענע 1.5 ל,ליטרים,1.50,ליטר,false,,7.70,5.1333,true,1,196386
7290110115050,false,פריגת מיקס תות בננה 1.5 ליטר פיקדון,מבשלות בירה בינלאומי,IL,פריגת מיקס תות בננה,ליטרים,1.50,ליטר,false,,7.70,5.1333,true,1,196387
7290110115067,false,פריגת אפרסק 1.5 ליטר פיקדון,מבשלות בירה בינלאומי,IL,פריגת אפרסק 1.5 ליטר,ליטרים,1.50,ליטר,false,,7.70,5.1333,true,1,196475
7290110115074,false,פריגת תפוח דובדבן 1.5 ליטר פיקדון,מבשלות בירה בינלאומי,IL,פריגת דובדבן 1.5 ליט,ליטרים,1.50,ליטר,false,,7.70,5.1333,true,1,196476
7290110115081,false,פריגת צלול ענבים 1.5 ליטר פיקדון,מבשלות בירה לישראל ב,IL,פריגת צלול ענבים 1.5,ליטרים,1.50,ליטר,false,,7.30,4.8667,true,1,196477
7290110115098,false,פריגת צלול תפוחים 1.5 ליטר פיקדון,מבשלות בירה לישראל ב,IL,פריגת צלול תפוח 1.5,ליטרים,1.50,ליטר,false,,7.30,4.8667,true,1,196478
7290110115104,false,פריגת צלול אפרסק 1.5 ליטר פיקדון,מבשלות בירה בינלאומי,IL,פריגת צלול אפרסק 1.5,ליטרים,1.50,ליטר,false,,7.30,4.8667,true,1,196495
7290110115111,false,פריגת צלול אננס 1.5 ליטר פיקדון,מבשלות בירה לישראל ב,IL,פריגת צלול אננס 1.5,ליטרים,1.50,ליטר,false,,7.30,4.8667,true,1,196496
7290110115128,false,פריגת צלול בטעם לימונענע 1.5 ליטר פיקדון,מבשלות בירה לישראל ב,IL,פריגת צלול בטעם לימו,ליטרים,1.50,ליטר,false,,7.30,4.8667,true,1,196497
7290110115180,false,מים נביעות בקבוק 1.5,"נביעות טבע הגליל בע""",IL,נביעות 1.5 ליטר,ליטרים,1.50,ליטר,false,,2.80,1.8667,true,1,210672
7290110115203,false,קוקה קולה 1.5 ליטר פיקדון,קוקה קולה Coca Cola,IL,קוקה קולה 1.5 ליטר,ליטרים,1.50,ליטר,false,,7.70,5.1333,true,1,196500
7290110115210,false,דיאט קוקה קולה 1.5 ליטר פיקדון,קוקה קולה Coca Cola,IL,דיאט קוקה קולה 1.5 ל,ליטרים,1.50,ליטר,false,,7.30,4.8667,true,1,196501
7290110115227,false,קוקה קולה זירו 1.5 ליטר -,קוקה קולה Coca Cola,IL,קוקה קולה זירו בקבוק,ליטרים,1.50,ליטר,false,,7.70,5.1333,true,1,196518
7290110115234,false,קוקה קולה זירו נטול 1.5 ליטר -,החברה המרכזית לייצור,IL,קולה ZERO נטול 1.5 ל,ליטרים,1.50,ליטר,false,,7.70,5.1333,true,1,196519
7290110115241,false,קוקה קולה זירו לימון 1.5 ליטר -,החברה המרכזית לייצור,IL,קולה ZERO לימון 1.5,ליטרים,1.50,ליטר,false,,7.70,5.1333,true,1,196520
7290110115265,false,ספרייט לימון ליים 1.5 ליטר-,החברה המרכזית לייצור,IL,ספרייט 1.5 ליטר LIME,ליטרים,1.50,ליטר,false,,7.70,5.1333,true,1,196593
7290110115272,false,ZERO ספרייט זירו 1.5 ליטר פיקדון,החברה המרכזית לייצור,IL,ספרייט זירו 1.5 ליטר,ליטרים,1.50,ליטר,false,,7.30,4.8667,true,1,196594
7290110115296,false,פאנטה אורנג' 1.5 ליטר פיקדון,החברה המרכזית לייצור,IL,פאנטה אורנג' 1.5 ליט,ליטרים,1.50,ליטר,false,,7.70,5.1333,true,1,196610
7290110115302,false,פאנטה ZERO אורנג' 1.5 ליטר פיקדון,החברה המרכזית לייצור,IL,פאנטה זירו בטעם אורנ,ליטרים,1.50,ליטר,false,,7.70,5.1333,true,1,196625
7290110115319,false,פאנטה אקזוטיק 1.5 ליטר פיקדון,החברה המרכזית לייצור,IL,פאנטה אקזוטיק 1.5 לי,ליטרים,1.50,ליטר,false,,7.70,5.1333,true,1,196626
7290110115333,false,פאנטה תות 1.5 ליטר פיקדון,החברה המרכזית לייצור,IL,פאנטה תות 1.5 ליטר,ליטרים,1.50,ליטר,false,,7.70,5.1333,true,1,196643
7290110115340,false,פאנטה ענבים 1.5 ליטר פיקדון,קוקה קולה,IL,פאנטה ענבים 1.5 ליטר,ליטרים,1.50,ליטר,false,,7.70,5.1333,true,1,196644
7290110115357,false,קינלי סודה 1.5 ליטר פיקדון,קינלי Kinley,IL,קינלי סודה 1.5 ליטר,ליטרים,1.50,ליטר,false,,3.00,2.0000,true,1,196645
7290110115364,false,קוקה קולה שישיות 1.5 ליטר פיקדון,החברה המרכזית לייצור,IL,קוקה קולה 6*1.5 ליטר,ליטרים,9.00,ליטר,false,,43.00,4.7778,true,1,196522
7290110115371,false,דיאט קוקה קולה שישיות 1.5 ליטר פיקדון,החברה המרכזית לייצור,IL,קוקה קולה דיאט 6*1.,ליטרים,9.00,ליטר,false,,40.50,4.5000,true,1,196523
7290110115401,false,קינלי סודה שישייה 1.5 ליטר פיקדון,החברה המרכזית לייצור,IL,קינלי סודה 6*1.5 ליט,ליטרים,9.00,ליטר,false,,13.00,1.4444,true,1,206390
7290110115418,false,מארז שישייה קוקה קולה זירו 1.5 ל',החברה המרכזית לייצור,IL,קוקה קולה זירו שישיי,ליטרים,9.00,ליטר,false,,40.30,4.4778,true,1,196524
7290110115425,false,FUZE TEA גרין לימונענע -נענע 1.5 ליטר פיקדון,מבשלות בירה בינלאומי,IL,פיוז טי לימון נענע 1,ליטרים,1.50,ליטר,false,,7.70,5.1333,true,1,196659
7290110115449,false,אייס תה בטעם מנגו אננס 1.5ל' FUZE TEA,מבשלות בירה בינלאומי,IL,פיוז טי מנגו אננס 1.,ליטרים,1.50,ליטר,false,,8.20,5.4667,true,1,196661
7290110115456,false,"תה קר בטעם אפרסק 19 קלוריות ב- 100 מ""ל",מבשלות בירה בינלאומי,IL,פיוז טי אפרסק 19 קל,ליטרים,1.50,ליטר,false,,7.70,5.1333,true,1,196662
7290110115463,false,אייס תה בטעם אפרסק 1.5ל' FUZE TEA,מבשלות בירה בינלאומי,IL,פיוז טי אפרסק 1.5 לי,ליטרים,1.50,ליטר,false,,8.20,5.4667,true,1,196678
7290110115494,false,אייס תה בטעם ענבים 1.5ל' FUZE TEA,מבשלות בירה בינלאומי,IL,פיוז טי ענבים 1.5 לי,ליטרים,1.50,ליטר,false,,8.20,5.4667,true,1,196680
7290110115593,false,פריגת אשכוליות 40% פחות סוכר 1.5 ליטר פיקדון,מבשלות בירה בינלאומי,IL,משקה קל בטעם אשכוליו,ליטרים,1.50,ליטר,false,,7.30,4.8667,true,1,196480
7290110115609,false,פריגת ענבים 40% פחות סוכר 1.5 ליטר פיקדון,מבשלות בירה בינלאומי,IL,משקה קל בטעם ענבים 4,ליטרים,1.50,ליטר,false,,7.30,4.8667,true,1,196481
7290110115616,false,FUZE tea zero גרין אננס 1.5 ליטר פיקדון,מבשלות בירה בינלאומי,IL,פיוז טי ZERO גרין אנ,ליטרים,1.50,ליטר,false,,7.70,5.1333,true,1,222269
7290110115623,false,משקה פיוז טי זירו ZERO בטעם אפרסק,מבשלות בירה בינלאומי,IL,פיוז טי ZERO בטעם אפ,ליטרים,1.50,ליטר,false,,7.70,5.1333,true,1,221077
7290110115869,false,קוקה קולה זירו 1.5 ליטר פיקדון,תות תעשיות מזון (201,IL,קוקה קולה זירו בקבוק,ליטרים,1.50,ליטר,false,,7.70,5.1333,true,1,313223
7290110116064,false,פאנטה ZERO פירות ירוק 1.5 ליטר פיקדון,החברה המרכזית לייצור,IL,פאנטה זירו 1.5 ליטר,ליטרים,1.50,ליטר,false,,7.70,5.1333,true,1,257547
7290110116156,false,נביעות+רכיבי פרי מנגו-פסיפלורה 1.5 ליטר-,נביעות,IL,נביעות+ פרי בטעם מנג,ליטרים,1.50,ליטר,false,,7.70,5.1333,true,1,286041
7290110116170,false,נביעות+רכיבי פרי אננס-קוקוס 1.5 ליטר-,נביעות,IL,נביעות+ פרי בטעם אננ,ליטרים,1.50,ליטר,false,,7.70,5.1333,true,1,286026
7290110116194,false,נביעות+ סדרת 0 קלוריות לימון-ליים 1.5 לי,"נביעות טבע הגליל בע""",IL,נביעות+ לימון ליים 0,ליטרים,1.50,ליטר,false,,8.60,5.7333,true,1,286087
7290110116217,false,נביעות+ סדרת 0 קלוריות אשכוליות 1.5 ליטר,"נביעות טבע הגליל בע""",IL,נביעות+ אשכולית 0 קל,ליטרים,1.50,ליטר,false,,7.70,5.1333,true,1,286072
7290110116224,false,מים 0 קלוריות בטעם אשכולית 0.5 ל נביעות,"נביעות טבע הגליל בע""",IL,נביעות+ אשכולית 0 קל,מיליליטרים,500.00,"100 מ""ל",false,,5.40,1.0800,true,1,286103
7290110116385,false,"קולה זירו בטעם אבטיח תות, 330 מ""ל",החברה המרכזית למשקאו,IL,סליק זירו מרשמלו 33,מיליליטרים,330.00,"100 מ""ל",false,,4.70,1.4242,true,1,287648
7290110116491,false,מיץ סחוט אפרסק משמש 1 ל' פריגת,פריגת מצוננים,IL,פריגת סחוט MIX אפרסק,ליטרים,1.00,ליטר,false,,12.80,12.8000,true,1,304629
7290110116514,false,"פריגת מיקס תות בננה 400 מ""ל",פריגת,IL,פריגת סחוט MIX תות ב,מיליליטרים,400.00,"100 מ""ל",false,,7.70,1.9250,true,1,321285
7290110116521,false,"פריגת מיקס אפרסק ומשמש 400 מ""ל",פריגת,IL,פריגת סחוט MIX אפרסק,מיליליטרים,400.00,"100 מ""ל",false,,7.70,1.9250,true,1,321270
7290110320850,false,פתיתים גבינה חצי קשה מגורדת 28% שומן,תנובה מרכז שיתופי לש,IL,עמק פתיתים 200 גרם,גרמים,200.00,100 גרם,false,,12.80,6.4000,true,1,25954
7290110320867,false,פתיתים גבינה חצי קשה מגורדת 28% שומן,תנובה מרכז שיתופי לש,IL,עמק פתיתים למאפים 28,גרמים,500.00,100 גרם,false,,30.70,6.1400,true,1,25955
7290110321277,false,קוטג' בקטנה % 5 100 ג' תנובה,פארייפאבה אגרואינדוס,IL,קוטג' תנובה בקטנה 5,גרמים,100.00,100 גרם,false,,2.20,2.2000,true,1,25986
7290110321284,false,קוטג' בקטנה 9% 100 ג' תנובה,פארייפאבה אגרואינדוס,IL,קוטג' תנובה בקטנה 9,גרמים,100.00,100 גרם,false,,2.20,2.2000,true,1,25987
7290110321604,false,קוביות פיראוס בולגרית מעודנת 5% 200 גרם - רבנות,פיראוס,IL,פיראוס קוביות בולגרי,גרמים,200.00,100 גרם,false,,17.10,8.5500,true,1,26003
7290110321703,false,יוגורט GO בטעם פירות יער 20 גרם חלבון בגביע,מיוצר עי קונדיטוריית,IL,יופלה גו בטעם פרות י,מיליליטרים,200.00,"100 מ""ל",false,,5.30,2.6500,true,1,26011
7290110322014,false,טופו בטעם טבעי תנובה ALTERNATIVE,שוורצקוף& הנקל דיסלד,IL,טופו טבעי 300 גרם,גרמים,300.00,100 גרם,false,,11.00,3.6667,true,1,26030
7290110322946,false,יופלה טיוב יוגורט במרקם חלק בטעם תות בננה כשרות רבנות 348 ג',תנובה,IL,יופלה טיוב יוגורט במ,מיליליטרים,348.00,"100 מ""ל",false,,10.20,2.9310,true,1,26054
7290110323097,false,מעדן גבינה עם תות 5% שומן 80 ג' תנובה,תנובה,IL,תאומים 80 גרם גביע ב,גרמים,80.00,100 גרם,false,,1.70,2.1250,true,1,26061
7290110323585,false,יופלה יוגורט עם דובדבן מופחת קלוריות 200 ג' GO,יופלה Yoplait,IL,יופלה GO לייט עם דוב,גרמים,200.00,100 גרם,false,,5.30,2.6500,true,1,26095
7290110323714,false,משקה קוקוס שקדים תנובה E אלטרנטיב,מיוצר עי קונדיטוריית,IL,תנובה משקה קוקוס שקד,יחידה,0.00,יחידה,false,,11.50,0.0000,true,1,26107
7290110324353,false,יוגורט GO לייט בטעם אננס 20 גרם חלבון בגביע,"תנובה בע""מ",IL,יופלה גו לייט בטעם א,גרמים,200.00,100 גרם,false,,5.30,2.6500,true,1,26148
7290110324551,false,יופלה טיוב יוגורט במרקם חלק בטעם תות 348 ג',יופלה Yoplait,IL,יופלה טיוב יוגורט במ,מיליליטרים,348.00,"100 מ""ל",false,,10.20,2.9310,true,1,26166
7290110324728,false,ממרח סויה עם שום שמיר 9% שומן אלטרנטיב,מיוצר עי קונדיטוריית,IL,ממרח סויה 9% עם שום,גרמים,250.00,100 גרם,false,,7.70,3.0800,true,1,26176
7290110324841,false,מעדן שקדים עם שוקולד מריר אלטרנטיב,מיוצר עי קונדיטוריית,IL,מעדן שקדים עם שוקולד,גרמים,125.00,100 גרם,false,,3.80,3.0400,true,1,26185
7290110324858,false,מעדן שקדים בטעם אגוזי לוז אלטרנטיב,תנובה Alternative,IL,מעדן שקדים בטעם אגוז,גרמים,125.00,100 גרם,false,,3.80,3.0400,true,1,26186
7290110324872,false,גבינה צהובה גלבוע 5% שומן 200 גרם,גלבוע - תנובה,IL,גלבוע גבינה פרוסה 5%,גרמים,200.00,100 גרם,false,,16.20,8.1000,true,1,26187
7290110324926,false,משקה סויה ללא תוספת סוכר E אלטרנטיב,תנובה מרכז שיתופי לש,IL,משקה סויה ללא תוספת,יחידה,0.00,יחידה,false,,9.30,0.0000,true,1,26190
7290110325619,false,משקה שיבולת שועל תנובה E אלטרנטיב,מיוצר עי קונדיטוריית,IL,תנובה משקה שיבולת שו,יחידה,0.00,יחידה,false,,11.50,0.0000,true,1,26216
7290110325701,false,פיראוס צזיקי יווני 9% שומן על בסיס יוגורט,גוד פוד פרודקטס S.p,IL,פיראוס צזיקי יווני 9,גרמים,250.00,100 גרם,false,,11.10,4.4400,true,1,26222
7290110326173,false,יולו COOKIES שוקולדלבן בטעם קרם עוגיות+עוגיות ונטיפי שוקולד 120 ג',תנובה,IL,יולו קוקיז ש.לבן בטע,גרמים,120.00,100 גרם,false,,4.10,3.4167,true,1,69042
7290110326210,false,יופלה און טופ פצפוצים 157 גרם.,מיוצר עי קונדיטוריית,IL,יופלה און טופ פצפוצי,גרמים,157.00,100 גרם,false,,4.20,2.6752,true,1,60804
7290110326227,false,יוגורט און טופ קורנפלקס 157 ג' יופלה,מיוצר עי קונדיטוריית,IL,יופלה און טופ קורנפל,גרמים,157.00,100 גרם,false,,4.20,2.6752,true,1,60805
7290110326234,false,יוגורט און טופ כוכבים 157 ג' יופלה,מיוצר עי קונדיטוריית,IL,יופלה און טופ כוכבים,גרמים,157.00,100 גרם,false,,4.20,2.6752,true,1,60806
7290110327033,false,משקה סויה גו מועשר בחלבון במתיקות מופחתת 1 ליטר,מיוצר עי קונדיטוריית,IL,משקה סויה תנובה GO מ,יחידה,0.00,יחידה,false,,11.00,0.0000,true,1,91126
7290110327514,false,משקה שיבולת שועל בטעם אגוזי לוז 1 ליטר אלטרנטיב,תנובה מרכז שיתופי לש,IL,משקה שיבולת שועל בטע,יחידה,0.00,יחידה,false,,11.50,0.0000,true,1,162920
7290110328016,false,משקה סויה מועשר בחלבון בטעם אגוזי לוז 250 גרם,תנובה מרכז שיתופי לש,IL,משקה סויה מעושר בחלב,גרמים,250.00,100 גרם,false,,5.10,2.0400,true,1,121021
7290110328023,false,משקה סויה מועשר בחלבון בטעם קפה 250 גרם,תנובה מרכז שיתופי לש,IL,משקה סויה מעושר בחלב,גרמים,250.00,100 גרם,false,,5.10,2.0400,true,1,121022
7290110328580,false,יוגורט תנובה טבעי 5% גביע 200 גרם,מיוצר עי קונדיטוריית,IL,יוגורט טבעי תנובה 5%,גרמים,200.00,100 גרם,false,,3.00,1.5000,true,1,216341
7290110328627,false,יוגורט יופלה GO במרקם סמיך בטעם בננה קרמל 0%,מיוצר עי קונדיטוריית,IL,יוגורט גו סמיך 0% בנ,גרמים,200.00,100 גרם,false,,5.30,2.6500,true,1,152772
7290110328641,false,טופו טבעי אלטרנטיב ז,תנובה,IL,טופו טבעי 2 יחידות,גרמים,500.00,100 גרם,false,,15.30,3.0600,true,1,168517
7290110328764,false,יוגורט יופלה GO במרקם סמיך עם תות 0%,מיוצר עי קונדיטוריית,IL,יוגורט גו סמיך 0% תו,גרמים,200.00,100 גרם,false,,5.30,2.6500,true,1,152773
7290110328771,false,יוגורט יופלה GO במרקם סמיך עם פירות יער 0%,מיוצר עי קונדיטוריית,IL,יוגורט גו סמיך 0% פי,גרמים,200.00,100 גרם,false,,5.30,2.6500,true,1,152774
7290110328788,false,יוגורט יופלה GO במרקם סמיך בטעם אפרסק 0%,תנובה מרכז שיתופי לש,IL,יוגורט גו סמיך 0% אפ,גרמים,200.00,100 גרם,false,,5.30,2.6500,true,1,152758
7290110328955,false,קוביות גבינת עזים בשמן מתובל פיראוס 350 גרם,דודוני תעשיית החלב ה,GR,קוביות גבינת עזים בש,גרמים,350.00,100 גרם,false,,23.00,6.5714,true,1,253614
7290110329143,false,מעדן חלב מעושר בחלבון בטעם וניל גביע 120 ג' GO,תנובה מרכז שיתופי לש,IL,מעדן חלב גו בטעם וני,גרמים,120.00,100 גרם,false,,4.00,3.3333,true,1,200456
7290110329266,false,יוגורט תנובה מחלב עיזים מלא תנובה 140 ג',תנובה,IL,יוגורט מחלב עיזים מל,גרמים,140.00,100 גרם,false,,5.00,3.5714,true,1,168557
7290110329815,false,סויה BIO מתיקות מעודנת גביע 150 גרם אלטרנטיב,מיוצר עי קונדיטוריית,IL,סויה BIO מתיקות מעוד,גרמים,150.00,100 גרם,false,,4.20,2.8000,true,1,222108
7290110329822,false,יוגורט סויה BIO Alternative פירות יער 150 ג' תנובה,מיוצר עי קונדיטוריית,IL,סויה BIO פירות יער ג,גרמים,150.00,100 גרם,false,,4.20,2.8000,true,1,222109
7290110329846,false,יוגורט סויה BIO Alternative בטעם טבעי 150 ג' תנובה,תנובה Alternative,IL,סויה BIO טבעי גביע 1,גרמים,150.00,100 גרם,false,,4.20,2.8000,true,1,222110
7290110550226,false,מטבעות שוקולד מריר לאפיה 400 גרם עלית,"פוליבה בע""מ",IL,מטבעות שוקולד מריר ל,גרמים,400.00,100 גרם,false,,25.60,6.4000,true,1,252513
7290110550370,false,פריכיות משולשות קינואה ופלפל שחור 65 גרם,שטראוס גרופ,IL,אנרגי פריכיות משולשו,גרמים,65.00,100 גרם,false,,8.50,13.0769,true,1,311600
7290110550394,false,PERFECT BITE שוקולד חלב במילוי קרם ושברי אגוזי לוז 234 גרם,"שטראוס גרופ בע""מ",IL,מיני חטיפי שוקולד PE,גרמים,234.00,100 גרם,false,,17.00,7.2650,true,1,188847
7290110551254,false,נשנושי תירס 600 גרם,"גילד אנטרפריזס בע""מ",IL,נשנושי תירס 600 גרם,גרמים,600.00,100 גרם,false,,13.60,2.2667,true,1,300807
7290110551261,false,נשנושי תירס 500 גרם,או.וי אינטרנשיונל אי,TH,נשנושי תירס 500 גרם,גרמים,500.00,100 גרם,false,,11.10,2.2200,true,1,314368
7290110552121,false,יוגורט בתוספת סידן וויטמין ד 100 ג' דנונה,תנובה מרכז שיתופי לש,IL,היוגורט הראשון שלי 5,גרמים,100.00,100 גרם,false,,2.00,2.0000,true,1,262506
7290110552237,false,יוגורט פרו בטעם אפרסק מנגו ללא סוכר 200 ג' דנונה,"שטראוס בריאות בע""מ",IL,דנונה PRO 20 גרם חלב,גרמים,200.00,100 גרם,false,,5.30,2.6500,true,1,215925
7290110553104,false,נסקפה קפוצ'ינו סטיק קלאסי 130 ג' עלית,שטראוס,IL,נמס קפוצינו -אבקה לה,גרמים,130.00,100 גרם,false,,14.50,11.1538,true,1,320026
7290110553135,false,נסקפה קפוצ'ינו סטיק וניל 130 ג' עלית,שטראוס,IL,נמס קפוצינו -אבקה לה,גרמים,130.00,100 גרם,false,,14.50,11.1538,true,1,319964
7290110554262,false,חלבית מלבין קפה חלבי 350 ג' עלית,עלית,,מלבין קפה חלבי 350 ג,גרמים,350.00,100 גרם,false,,15.30,4.3714,true,1,230032
7290110554583,false,מארז חטיפי צ'יטוס פאפס בטעם גבינה - 10 יחידות,שטראוס פריטו ליי (מל,IL,מארז צ'יטוס PUFFS בט,גרמים,200.00,100 גרם,false,,12.10,6.0500,true,1,209139
7290110555009,false,פאסטה זוג מחית עגבניות 700 גרם יד מרדכי,אמיליאנה,IT,פסאטה זוגות 700 גרם,גרמים,700.00,100 גרם,false,,10.20,1.4571,true,1,296613
7290110555078,false,לאבנה עם שמן זית ועשבי תיבול 250 גרם,"מחלבות בר בכפר בע""מ",IL,לאבנה עם עשבי תיבול,גרמים,250.00,100 גרם,false,,9.70,3.8800,true,1,260075
7290110555092,false,לאבנה עם שמן זית וצ'ילי 250 גרם,"מחלבות בר בכפר בע""מ",IL,לאבנה עם שמן זית וצ',גרמים,250.00,100 גרם,false,,9.70,3.8800,true,1,260076
7290110555306,false,רבע לשבע טבעוני סינמון באן 25ג' עלית,הגביע מוצרי וופלים ב,IL,רבע לשבע טבעוני סינמ,גרמים,120.00,100 גרם,false,,9.30,7.7500,true,1,255360
7290110555788,false,נסקפה קפוצ'ינו פחית וניל 200 ג' עלית,שטראוס,IL,אבקה להכנת משקה קפה,גרמים,200.00,100 גרם,false,,21.30,10.6500,true,1,320056
7290110556242,false,"שוקולד מריר פרווה 100 גר' בד""ץ תוצרת חוץ","שטראוס גרופ בע""מ.",IL,שוקולד מריר מעולה 10,גרמים,100.00,100 גרם,false,,4.40,4.4000,true,1,300550
7290110557027,false,חומוס עשיר 50% טחינה גולמית 400 ג' אחלה,מיוצר עי קונדיטוריית,IL,חומוס הסדרה עשיר ב50,גרמים,400.00,100 גרם,false,,11.10,2.7750,true,1,199695
7290110557102,false,מעדן חלב עם שוקולד מועשר בחלבון 150 ג' שטראוס,מיוצר עי קונדיטוריית,IL,מעדן פרו חלב עם שוקו,גרמים,150.00,100 גרם,false,,5.00,3.3333,true,1,185804
7290110557133,false,מעדן הגולן וניל 125 ג' שטראוס,מיוצר עי קונדיטוריית,IL,מעדן הגולן מעדן חלב,גרמים,125.00,100 גרם,false,,2.60,2.0800,true,1,194978
7290110557478,false,חומוס גלילי במרקם מעודן 600 גרם,שטראוס גרופ,IL,חומוס גלילי אחלה 60,גרמים,600.00,100 גרם,false,,11.10,1.8500,true,1,243375
7290110558130,false,יוגורט אקטיביה שיבולת שועל ודבש 150 גרם,"שטראוס בריאות בע""מ",IL,אקטיביה עם דבש ושיבו,גרמים,150.00,100 גרם,false,,4.00,2.6667,true,1,260327
7290110558154,false,דנונה לייט אנד פרי עוגת תפוחים 150ג דנונה,"שטראוס בריאות בע""מ",IL,דנונה לייט אנד פרי ת,גרמים,150.00,100 גרם,false,,4.20,2.8000,true,1,277224
7290110558222,false,"וואו יוגורט עם שכבה בטעם בנופי פאי 5.4%, 150ג דנונה","שטראוס בריאות בע""מ",IL,WOW יוגורט בטעם בנופ,גרמים,150.00,100 גרם,false,,4.40,2.9333,true,1,277208
7290110558239,false,"וואו יוגורט עם שכבה בטעם קראק פאי 5.4%, 150 ג דנונה","שטראוס בריאות בע""מ",IL,WOW יוגורט בטעם קראק,גרמים,150.00,100 גרם,false,,4.40,2.9333,true,1,277209
7290110558253,false,"דנונה ריפרש בננה אננס וצ`יה, 250 גרם","שטראוס בריאות בע""מ",IL,יוגורט עם אננס בננה,גרמים,250.00,100 גרם,false,,4.80,1.9200,true,1,260342
7290110558284,false,יוגורט ביו מולטי 200 ג' דנונה,"שטראוס בריאות בע""מ",IL,דנונה מולטי 3% שומן,מיליליטרים,200.00,"100 מ""ל",false,,3.80,1.9000,true,1,269958
7290110558307,false,יוגורט דנונה PRO עם שיבולת שועל במתיקות מעודנת,"שטראוס בריאות בע""מ",IL,דנונה פרו עם שיבולת,מיליליטרים,200.00,"100 מ""ל",false,,5.40,2.7000,true,1,260786
7290110558314,false,דנונה פרו 20 ג' חלבון ללא סוכר פיסטוק 200 גרם,"שטראוס בריאות בע""מ",IL,דנונה פרו ללא סוכר 2,גרמים,200.00,100 גרם,false,,5.30,2.6500,true,1,277239
7290110558338,false,יוגורט PRO בטעם מתיקות מעודנת 1.5% שומן,"שטראוס בריאות בע""מ",IL,דנונה פרו 25 גרם חלב,מיליליטרים,200.00,"100 מ""ל",false,,5.40,2.7000,true,1,260787
7290110558741,false,"גמדים פאוץ תפוח בננה, 100 ג' שטראוס","שטראוס בריאות בע""מ",IL,גמדים לדרך תפוח ובננ,גרמים,100.00,100 גרם,false,,5.00,5.0000,true,1,323136
7290110558918,false,עלי חסה קראנצ שטופים,שטראוס בריאות ירקות,IL,עלי חסה קראנצ שטופים,גרמים,150.00,100 גרם,false,,9.80,6.5333,true,1,302105
7290110560317,false,"הפריכיות הטעימות חומוס, עדשים שחורות, קינואה ומלח ים","פרח תעשיו מזון בע""מ",IL,פריכיות משולשות מלח,גרמים,30.00,100 גרם,false,,4.40,14.6667,true,1,22752
7290110560836,false,מילקי פסק זמן מהדרין 133ג',מיוצר עי קונדיטוריית,IL,מילקי בטעם פסק זמן 1,מיליליטרים,170.00,"100 מ""ל",false,,2.60,1.5294,true,1,23672
7290110561352,false,דנונה יוגורט ביו פרוביוטי 3% דל לקטוז 150ג',"שטראוס בריאות בע""מ",IL,דנונה ביו דל לקטוז ב,גרמים,200.00,100 גרם,false,,3.50,1.7500,true,1,23689
7290110561604,false,מארז 8 יחידות מעדן גמדים בטעם תות בננה,שטראוס גרופ,IL,שמיניית גמדים תות בנ,גרמים,800.00,100 גרם,false,,16.90,2.1125,true,1,23698
7290110563448,false,"משקה קפה קר בסגנון מעודן 230 מ""ל 1.6% יוטבתה",האי נאם סי או אל.טי.,AT,יטבתה משקה קפה קר בס,מיליליטרים,230.00,"100 מ""ל",false,,7.10,3.0870,true,1,23703
7290110563462,false,חלב בבקבוק נטול לקטוז 2% יטבתה 1 ל',מחלבת יטבתה,IL,יטבתה חלב בבקבוק נטו,ליטרים,1.00,ליטר,false,,7.90,7.9000,true,1,23705
7290110564339,false,חומוס אחלה הסידרה המובחר 30% טחינה 400 גר',מיוצר עי קונדיטוריית,IL,חומוס הסדרה המובחרת,גרמים,400.00,100 גרם,false,,11.10,2.7750,true,1,23712
7290110564360,false,חומוס אחלה הסידרה המובחר 40% טחינה 400 גר',מיוצר עי קונדיטוריית,IL,חומוס אחלה עשיר ב 40,גרמים,400.00,100 גרם,false,,11.10,2.7750,true,1,23713
7290110564414,false,חומוס אחלה הסידרה המובחר 30% טחינה 600 גר',מיוצר עי קונדיטוריית,IL,חומוס הסדרה המובחרת,גרמים,600.00,100 גרם,false,,12.80,2.1333,true,1,23717
7290110565435,false,ג'לי לימבו פטל חלבי שטראוס 125ג',שטראוס גרופ,IL,לימבו בטעם פטל 0% שו,גרמים,125.00,100 גרם,false,,2.10,1.6800,true,1,23728
7290110565527,false,יוגורט PRO פרו 1.5% 20 גרם חלבון בגביע,"שטראוס בריאות בע""מ",IL,דנונה PRO 20 גרם חלב,גרמים,200.00,100 גרם,false,,5.30,2.6500,true,1,23730
7290110566623,false,קפסולות קולומביה עלית 08 למכונת נספרסו מארז 5X10ג',שטראוס קפה בי.וי,IL,עלית קפסולות קולומבי,גרמים,50.00,100 גרם,false,,14.40,28.8000,true,1,22800
7290110566975,false,דנונה פרו יוגורט 0% תות עשיר בחלבון 200ג',"שטראוס בריאות בע""מ",IL,דנונה PRO 20 גרם חלב,גרמים,200.00,100 גרם,false,,5.30,2.6500,true,1,23740
7290110568276,false,משקה וניל פרו Pro מועשר בחלבון 1.5%,מחלבת יטבתה,IL,משקה פרו וניל יטבתה,מיליליטרים,350.00,"100 מ""ל",false,,6.20,1.7714,true,1,23753
7290110568627,false,עלית - פסק זמן רול שוקולד חלב עם קרם אגוזים 26 גרם,עלית,TR,פסק זמן רול ש.חלב עם,גרמים,28.00,100 גרם,false,,3.40,12.1429,true,1,61284
7290110568924,false,עלית - פסק זמן רול שוקולד חלב עם קרם חלב וקוקוס 26 גרם,עלית,IL,פסק זמן רול ש.חלב עם,גרמים,26.00,100 גרם,false,,3.40,13.0769,true,1,64480
7290110570125,false,"משקה קפה קר בטעם אייריש קרים230 מ""ל יוטבתה",אנסטל מילק kg,AT,קפה קר אייריש קרים 2,מיליליטרים,230.00,"100 מ""ל",false,,7.10,3.0870,true,1,302485
7290110570224,false,משקה קפה קר בטעם עוגיות 230ג' יוטבתה,אנסטל מילק kg,AT,משקה קפה קר בטעם עוג,מיליליטרים,230.00,"100 מ""ל",false,,7.10,3.0870,true,1,270130
7290110571382,false,מעדן חלב בטעם וניל מעושר בחלבון 150 ג' שטראוס,"שטראוס בריאות בע""מ",IL,מעדן חלב מועשר בחלבו,גרמים,150.00,100 גרם,false,,4.30,2.8667,true,1,248130
7290110571535,false,מארז קפה טורקי הל 3*100 ג' עלית,שטראוס קפה בי.וי,IL,קפה עלית טורקי הל מא,גרמים,300.00,100 גרם,false,,21.30,7.1000,true,1,252448
7290110572129,false,כיף כף מקלות שוקולד לבן 40 ג' עלית,סולן בעבור שטראוס,TR,כיף כף מקלות שוקולד,גרמים,40.00,100 גרם,false,,4.40,11.0000,true,1,322378
7290110572884,false,"קפסולות קפה מספר 20 למכונת אספרס אספרסו, 50 גרם",שטראוס קפה בי.וי.,IL,קפסולות אספרסו קפה ע,גרמים,50.00,100 גרם,false,,14.40,28.8000,true,1,320071
7290110572976,false,כיף כף פצפצים בגביע במילוי קרם בטעם שוקולד לבן,שולן צ'יקולטה גידה ס,TR,כיף כף פצפצים קרם לב,גרמים,135.00,100 גרם,false,,8.90,6.5926,true,1,277254
7290110574413,false,עלית - פופקורן בטעם טעמי 70 גרם,סראנו בעבור שטראוס,קפריסין,נשנושי פופקורן מתוק,גרמים,70.00,100 גרם,false,,6.80,9.7143,true,1,327647
7290110574420,false,עלית - פופקורן בטעם פסק זמן 70 גרם,סראנו בעבור שטראוס,קפריסין,נשנושי פופקורן מתוק,גרמים,70.00,100 גרם,false,,6.80,9.7143,true,1,327648
7290110576318,false,מאגדת שלישיית שוקולד אגוז לבן 300 ג' עלית,סמואה,FR,מארז שלישיית אגוז ל,גרמים,300.00,100 גרם,false,,19.70,6.5667,true,1,303482
7290110576752,false,טבלאות שוקולד ספלנדיד מריר 70% 100 ג' עלית,קימ'ס גריפלנן,BE,שוקולד ספלנדיד מריר,גרמים,100.00,100 גרם,false,,8.50,8.5000,true,1,320158
7290110576790,false,סקי בטעם מוקה 125 ג' שטראוס,"שטראוס בריאות בע""מ",IL,מעדן גבינה בטעם מוקה,גרמים,125.00,100 גרם,false,,3.50,2.8000,true,1,302500
7290110576851,false,מארז 8 גמדים שתיה סלט פירות 864 גרם,שטראוס גרופ,IL,מארז גמדים לשתייה ס,מיליליטרים,864.00,"100 מ""ל",false,,17.10,1.9792,true,1,304091
7290110576868,false,רבעיית גמדים סלט פירוט * 100 ג' שטראוס,שטראוס גרופ,IL,גמדים סלט פירות רביע,מיליליטרים,400.00,"100 מ""ל",false,,9.90,2.4750,true,1,304106
7290110577230,false,משקה חלב פיסטוק 1ליטר יטבתה בקבוק,שטראוס גרופ,IL,משקה חלב פיסטוק יטבת,יחידה,0.00,יחידה,false,,10.20,0.0000,true,1,302439
7290110577711,false,"משקה שייק חלבון מי גבינה עם אפרסק ומנגו350מ""ל יטבתה",מחלבת יטבתה,IL,שייק חלבון whey אפרס,מיליליטרים,350.00,"100 מ""ל",false,,6.80,1.9429,true,1,320585
7290110577728,false,"משקה שייק חלבון מי גבינה עם פירות יער 350מ""ל יטבתה",מחלבת יטבתה,IL,שייק חלבון whey עם פ,מיליליטרים,350.00,"100 מ""ל",false,,6.80,1.9429,true,1,320569
7290111090424,false,"I-CARE מגבונים להסרת לק, 10 בקופ'/24 יח' בקרטון",די.פי.אל תעשיות מוצר,IL,מגבונים להסרת לק איי,יחידה,0.00,יחידה,false,,6.80,0.0000,true,1,29370
7290111092985,false,מארז מגבונים לחים בייביסיטר ללא בישום רביעייה,,,מגבוני בייבי פרפורמנ,יחידה,0.00,יחידה,false,,13.60,0.0000,true,1,267815
7290111094248,false,"קוויק שקית אשפה חזקה וגדולה במיוחד (90*78), 20 יח'",,TR,שקיות אשפה XL עם שרו,יחידה,0.00,יחידה,false,,17.10,0.0000,true,1,29381
7290111094613,false,מגבונים לניקוי משקפיים 10 יח' I-CARE,די פי אל,IL,מגבונים לניקוי משקפי,יחידה,0.00,יחידה,false,,6.80,0.0000,true,1,29382
7290111094651,false,שקיות אשפה L עם ידית 40 יח' קוייק,,TR,קוויק שקיות אשפה L ח,יחידה,0.00,יחידה,false,,11.03,0.0000,true,1,193817
7290111095818,false,קוויק שקיות אשפה L חזקות במיוחד עם שרוך 40 יח',,TR,שקיות אשפה L עם שרו,יחידה,0.00,יחידה,false,,17.10,0.0000,true,1,29384
7290111097546,false,מגבונים ניקוי כללי למשטחים בניחוח מרכך כביסה 50 יח' קוויק,DPL,IL,קוויק מטליות לחות לנ,יחידה,0.00,יחידה,false,,7.70,0.0000,true,1,233071
7290111098536,false,מגבונים לחים לתינוק,,,מגבונים לחים לתינוק,יחידה,0.00,יחידה,false,,12.80,0.0000,true,1,246239
7290111340178,false,מטליות לחות ניקול לניקוי כללי בניחוח מרכך כביסה 50 יח',ניקול,IL,מטליות לחות לניקוי כ,יחידה,0.00,יחידה,false,,9.30,0.0000,true,1,9120
7290111342042,false,כריות יפניות ניקול לניקוי אנטיבקטריאלי 4,פלסטו פוליש,IL,כריות יפניות אנטיבקט,יחידה,0.00,יחידה,false,,11.10,0.0000,true,1,9154
7290111342059,false,מט.לחות ניקול לחיט משטחים אנטיבקטריאלי50,ניקול,IL,מטליות לחות אנטיבקטר,יחידה,0.00,יחידה,false,,11.10,0.0000,true,1,9155
7290111342073,false,מטליות מקרופייבר למשטחים אנטיבקטריאלי ניקול,סנו,CN,מטליות מיקורפייבר אנ,יחידה,0.00,יחידה,false,,11.10,0.0000,true,1,9156
7290111342523,false,מפיות אירוח לשימוש יומיומי ניקול 100 יח,,IL,מפיות צבעוני ניקול 1,יחידה,0.00,יחידה,false,,6.80,0.0000,true,1,9158
7290111343117,false,ממחטות אף קלינקס לושן סופט פק 140 דף,קימברלי קלארק,IL,טישו לושן סופט קליני,יחידה,0.00,יחידה,false,,11.90,0.0000,true,1,103724
7290111344206,false,האגיס נטורל קר מגבונים לחים בבישום עדין רביעייה,חוגלה קימברלי,IL,מגבוני האגיס נטורל ק,יחידה,0.00,יחידה,false,,17.90,0.0000,true,1,193448
7290111344503,false,חיתולי האגיס אקסטרה קייר מידה +4 36 יח',חוגלה קימברלי,IL,האגיס אקסטרה קר מידה,יחידה,0.00,יחידה,false,,44.40,0.0000,true,1,139266
7290111344527,false,זוג שקיות אשפה ניקול שחורות XXL 10 יח,,IL,שקיות אשפה ניקול XXL,יחידה,0.00,יחידה,false,,22.10,0.0000,true,1,140719
7290111344558,false,ניקול שקיות אשפה גדולות 100 יח,חוגלה קימברלי,IL,שקיות אשפה נשלפות לא,יח',100.00,יח',false,,27.30,0.2730,true,1,209757
7290111344732,false,קלינקס - טיישו אלרג'י קומפורט ניילון זוגות 140 דף,קימברלי קלארק,IL,קלינקס אלרג'י קומפור,יחידה,0.00,יחידה,false,,11.90,0.0000,true,1,186182
7290111344824,false,מגן תחתון קוטקס אקסטרא אנטיבקטריאלי לארג',KC China,CN,מגיני תחתון אנטיבקטר,יחידה,0.00,יחידה,false,,15.30,0.0000,true,1,209661
7290111344831,false,קוטקס - מגיני יום אקסטרא פרוטקט נורמל ביג 60 יח',חוגלה קימברלי,CN,מגיני תחתון סופר פרו,יחידה,0.00,יחידה,false,,15.30,0.0000,true,1,209647
7290111344855,false,קוטקס - מגיני יום אקסטרא פרוטקט לארג' ביג 52 יח',חוגלה קימברלי,CN,מגיני תחתון סופר פרו,יחידה,0.00,יחידה,false,,15.30,0.0000,true,1,209662
7290111344930,false,מטליות לחות לרצפה בניחוח מרכך כביסה 10 יח' ניקול,,IL,מטליות לחות לניקוי ר,יח',10.00,יח',false,,9.40,0.9400,true,1,209771
7290111350030,false,רסק תפוחי עץ טבעי בצנצנת 670 גרם קלית גת,"ג'י אנד ג'י בע""מ",IL,רסק תפוחי עץ טבעי קל,גרמים,670.00,100 גרם,false,,9.40,1.4030,true,1,12810
7290111352140,false,חמוציות מיובשות ברכז תפוחים קליית גת 150,,IL,חמוציות מיובשות ברכז,גרמים,150.00,100 גרם,false,,10.20,6.8000,true,1,12834
7290111352430,false,ממרח תמרים טבעי קליית גת 440 גרם,"כד בני דרום בע""מ",IL,ממרח תמרים טבעי קליי,גרמים,440.00,100 גרם,false,,10.20,2.3182,true,1,277099
7290111352973,false,יוגוטה קוביות חמוצות ממולאות בטעם פירות,יוגטה yogueta,TR,יוגטה קוביות חמוציות,גרמים,220.00,100 גרם,false,,5.90,2.6818,true,1,89166
7290111353055,false,"גומי דובי 200 גר' וסטהיים (כש""לפ בית יוסף)",טופגם תעשיות ממתקים,IL,יוגטה סוכריות גומי ד,גרמים,200.00,100 גרם,false,,7.60,3.8000,true,1,103513
7290111353109,false,"גומי נחש מבריק 200 גר' וסטהיים (כש""לפ בית יוסף).",טופגם תעשיות ממתקים,TR,יוגטה סוכריות גומי נ,גרמים,200.00,100 גרם,false,,7.60,3.8000,true,1,103514
7290111353239,false,"גומי יין 200 גר' וסטהיים (כש""לפ בית יוסף)",טופגם תעשיות ממתקים,IL,יוגטה סוכריות גומי י,גרמים,200.00,100 גרם,false,,7.60,3.8000,true,1,103516
7290111353550,false,ממרח חמאת בוטנים טבעית 300 גרם,,,חמאת בוטנים טבעית קל,גרמים,300.00,100 גרם,false,,12.80,4.2667,true,1,277072
7290111354748,false,כדורגל קליית גת מתנה,,CN,כדורגל קליית גת מתנה,יחידה,0.00,יחידה,false,,0.01,0.0000,true,1,311185
7290111534010,false,פס גבינה שמנת ופירורים 400 ג',קפולסקי שיווק וקמעונ,IL,פס גבינה שמנת ופירור,גרמים,450.00,100 גרם,false,,35.00,7.7778,true,1,39539
7290111563492,false,סלטי צבר מטבוחה חריפה מרובע 6*400גרם,סלטי צבר,IL,צבר מרובע מטבוחה חר,גרמים,400.00,100 גרם,false,,11.00,2.7500,true,1,19770
7290111564239,false,שלגוני קראנץ' Crunch בטעם וניל - 5 יח',גלידות נסטלה (נגה גל,IL,קראנץ' מאגדת מיני ונ,גרמים,275.00,100 גרם,false,,23.80,8.6545,true,1,15989
7290111564277,false,פריכיות דקות ונימוחות 3 דגנים פיטנס Fitness,פרח תעשיות,IL,פריכיות 3 דגנים דקות,גרמים,120.00,100 גרם,false,,9.30,7.7500,true,1,18988
7290111564291,false,פריכיות דקות ונימוחות 3 דגנים וקינואה פיטנס Fitness,פרח תעשיות,IL,פריכיות קינואה דקות,גרמים,120.00,100 גרם,false,,9.30,7.7500,true,1,18989
7290111565038,false,"לה קרמריה וניל קוקילידה בד""צ 1.4 ל'",המאפיה של הרמן,IL,לה קרמריה בטעם וניל,ליטרים,1.40,ליטר,false,,19.60,14.0000,true,1,15993
7290111566127,false,מעדן אוראו קפוא בטעם וניל עם עוגיות בטעם שוקולד,ג'נרל מילס סאן אדריא,IT,אוראו מאגדת סנדביץ 6,גרמים,198.00,100 גרם,false,,18.70,9.4444,true,1,15998
7290111566318,false,שניצל דק מן הצומח בטעם ביתי 700 גרם,עיצובים 2020 (4.8),IL,שניצל דק צמחוני בט,גרמים,564.00,100 גרם,false,,26.40,4.6809,true,1,19785
7290111566332,false,טבעול נקניקיות וינר צמחוניות 680 גר',עיצובים 2020 (4.8),IL,נקניקיה וינר 680 גר,גרמים,680.00,100 גרם,false,,26.40,3.8824,true,1,19786
7290111566417,false,טחון צמחוני עם המון חלבון,עיצובים 2020 (4.8),IL,טחון מן הצומח 500,גרמים,500.00,100 גרם,false,,26.40,5.2800,true,1,19787
7290111566547,false,טבעול חזה בגריל צמחוני 99 קלוריות 560ג',עיצובים 2020 (4.8),IL,חזה בגריל מו הצומח,גרמים,560.00,100 גרם,false,,26.40,4.7143,true,1,19789
7290111566585,false,טבעול שניצל צמחוני 99 קלוריות 650 גר',עיצובים 2020 (4.8),IL,שניצל מן הצומח מופח,גרמים,650.00,100 גרם,false,,26.40,4.0615,true,1,19791
7290111566660,false,טבעול קציצות עדשים כתומות 530 גר',עיצובים 2020 (4.8),IL,קציצות עדשים כתומות,גרמים,530.00,100 גרם,false,,26.40,4.9811,true,1,19792
7290111566714,false,טבעול המבורגר צמחוני 99 קלוריות 600 גר',עיצובים 2020 (4.8),IL,המבורגר מן הצומח 6,גרמים,600.00,100 גרם,false,,26.40,4.4000,true,1,19794
7290111566752,false,טבעול שניצל תירס 99 קלוריות 693 גר',עיצובים 2020 (4.8),IL,שניצל תירס לייט טבעו,גרמים,693.00,100 גרם,false,,26.40,3.8095,true,1,19796
7290111568275,false,אטריות נודלס אורז רחבות אסם אסייתי 300גרם,תאי פרזידנט,TH,נודלס אטריות אורז רח,גרמים,300.00,100 גרם,false,,7.70,2.5667,true,1,19037
7290111568466,false,רוטב אסייתי למוקפץ הסדרה האסייתית,אסיף תעשיות מזון בעמ,IL,אסם רוטב אסיאתי למוק,מיליליטרים,290.00,"100 מ""ל",false,,11.00,3.7931,true,1,19044
7290111870897,false,מרשמלו מסולסל ארוך בשקית 18 גר'-LOL,,CN,מרשמלו מסולסל ארוך 1,גרמים,432.00,100 גרם,false,,25.56,5.9167,true,1,191374
7290111870910,false,מרשמלו מסולסל ארוך 18 גר'- כוח פי גיי,,CN,מרשמלו מסולסל ארוך 1,גרמים,432.00,100 גרם,false,,25.56,5.9167,true,1,191359
7290111870934,false,מרשמלו מסולסל ארוך 18 גר'-מפרץ הרפתקאות,,CN,מרשמלו מסולסל ארוך 1,גרמים,432.00,100 גרם,false,,25.56,5.9167,true,1,191376
7290111871061,false,מרשמלו מסולסל ארוך 18 גר'-סמי הכבאי,,CN,מרשמלו מסולסל ארוך 1,גרמים,432.00,100 גרם,false,,25.56,5.9167,true,1,191377
7290111879074,false,בקבוק טריטן מרובע 60,,,בקבוק טריטן מרובע 60,יחידה,0.00,יחידה,false,,21.30,0.0000,true,1,33205
7290111930805,false,קראנצ'וס טעם ברביקיו 55 גר',חברת מנה בעמ,IL,קראנצו'ס ברביקיו 55,גרמים,55.00,100 גרם,false,,3.30,6.0000,true,1,21551
7290111930898,false,חטיף פוף כוכבים גריל אמריקאי 40 גרם,פוף POOF,IL,פוף כוכבים גריל אמרי,גרמים,40.00,100 גרם,false,,3.30,8.2500,true,1,21560
7290111930928,false,חטיף פוף לבבות גריל 40 גרם,פוף POOF,IL,"פוף לבבות גריל 40 ג""",גרמים,40.00,100 גרם,false,,3.40,8.5000,true,1,21563
7290111932380,false,"מרידול משחת שיניים 75 מ""ל זוג כשל""פ",GABA LOER GER,DE,מרידול משחות שיניים,גרמים,150.00,100 גרם,false,,25.60,17.0667,true,1,21579
7290111933462,false,"רוטב צ'ילי מתוק מאסטר שף 300 מ""ל",סיטי פוד,TH,רוטב צ'ילי מתוק 300,מיליליטרים,300.00,"100 מ""ל",false,,8.50,2.8333,true,1,21589
7290111933554,false,עגבניות איטלקיות קוביות - מארז שלישיה,קונסוריזיו קאסאלסקו,IT,עגבניות קוביות מאסטר,קילוגרמים,1.20,"ק""ג",false,,13.60,11.3333,true,1,21594
7290111935961,false,מאסטר שף מחית עגבניות 690 גרם,קליספה,IT,מחית עגבניות מאסטר ש,גרמים,690.00,100 גרם,false,,9.00,1.3043,true,1,21607
7290111936296,false,"פלמוליב סבון נוזלי בניחוח סנסיישן מסאז' ,750 מ""ל",קולגייט פלמוליב,TR,פלמוליב ארומה סנסייש,מיליליטרים,750.00,"100 מ""ל",false,,17.10,2.2800,true,1,21613
7290111936647,false,"משחת שיניים קולגייט מקס כחול 125 מ""ל*2 כשלפ",קולגייט פלמוליב,PL,קולגייט מקס זוג 2*12,מיליליטרים,250.00,"100 מ""ל",false,,25.60,10.2400,true,1,21618
7290111938481,false,"רוטב סויה בהירה מאסטר שף 300 מ""ל",מאסטר שף,TH,רוטב סויה בהירה מ.שף,מיליליטרים,300.00,"100 מ""ל",false,,9.40,3.1333,true,1,74988
7290111939181,false,כיסוי ניילון עם גומי במגוון גדלים,קוקי,CN,קוקי ניילון נצמד עם,יחידה,0.00,יחידה,false,,8.50,0.0000,true,1,320584
7290112000408,false,מנקה ומחטא עוצמתי לניקוי כללי בניחוח לימון,רקיט בנקיזר,PL,תרסיס ניקוי וחיטוי ר,מיליליטרים,750.00,"100 מ""ל",false,,11.90,1.5867,true,1,20804
7290112000736,false,AIO טבליות פיניש 80 יחידות,רקיט בנקיזר,PL,פיניש הכל ב-1 80 טבל,יחידה,0.00,יחידה,false,,51.20,0.0000,true,1,20810
7290112000798,false,"דיטול תרסיסי חיטוי וניקוי אנטי בקטריאלי 750 מ""ל",רקיט בנקיזר,GB,מחטא משטחים לימון מנ,מיליליטרים,750.00,"100 מ""ל",false,,11.90,1.5867,true,1,20811
7290112001436,false,פיניש מנקה ומחדש למדיח בניחוח לימון,רקיט בנקיזר,PL,פיניש מנקה מדיח בניח,מיליליטרים,250.00,"100 מ""ל",false,,12.80,5.1200,true,1,20827
7290112002099,false,גל כביסה קולון מרוכז כחול 2.5 ל,רקיט בנקיזר,IL,קולון ג'ל 2.5 ליטר ב,ליטרים,2.50,ליטר,false,,21.30,8.5200,true,1,20838
7290112002105,false,ג'ל כביסה מרוכז קולון 101 בניחוח לילך,זוהר דליה,IL,קולון ג'ל 2.5 ליטר כ,ליטרים,2.50,ליטר,false,,21.30,8.5200,true,1,20839
7290112002129,false,ג'ל כביסה מרוכז קולון 101 בניחוח פריחה מרענן,קולון Colon,IL,קולון ג'ל 2.5 ליטר ב,ליטרים,2.50,ליטר,false,,21.30,8.5200,true,1,20841
7290112002143,false,ג'ל כביסה מרוכז קולון 101 בניחוח לילך,רקיט בנקיזר,IL,קולון ג'ל 4 ליטר ליל,ליטרים,4.00,ליטר,false,,29.80,7.4500,true,1,20843
7290112002150,false,ג'ל כביסה מרוכז קולון 101 בניחוח ורדים,קולון Colon,IL,קולון ג'ל 4 ליטר בני,ליטרים,4.00,ליטר,false,,29.80,7.4500,true,1,20844
7290112003232,false,אבקת כביסה בניחוח לבנדר קולון 5 ק''ג,,,אבקת כביסה קולון לבנ,קילוגרמים,5.00,"ק""ג",false,,34.10,6.8200,true,1,82840
7290112003249,false,אבקת כביסה בניחוח מאסק קולון 5 ק''ג,,,אבקת כביסה קולון מאס,קילוגרמים,5.00,"ק""ג",false,,34.10,6.8200,true,1,82826
7290112004185,false,"פיניש נוזל הברקה אקולוגי למדיח 400 מ""ל",רקיט בנקיזר,PL,פיניש נוזל הברקה אקו,מיליליטרים,400.00,"100 מ""ל",false,,12.74,3.1850,true,1,188971
7290112004192,false,טבליות פיניש אקולוגי,רקיט בנקיזר,PL,פיניש טבליות למדיח א,יחידה,0.00,יחידה,false,,51.20,0.0000,true,1,188956
7290112004413,false,וניש ספריי הסרת כתמים לבגדים לבנים 750 מ,רקיט בנקיזר,PL,מסיר כתמים ספריי כבי,מיליליטרים,750.00,"100 מ""ל",false,,14.50,1.9333,true,1,239920
7290112004703,false,ג'ל וניש שקוף לכביסה צבעונית ועדינה 750מל',רקיט בנקיזר,IT,וניש מסיר כתמים ג'לי,ליטרים,750.00,100 ליטר,false,,17.10,2.2800,true,1,321864
7290112004772,false,אירוויק מילוי מבשם חשמלי כביסה באוויר,RECKITT BENCKISER HU,HU,מילוי למבשם אוויר אי,מיליליטרים,19.00,"100 מ""ל",false,,14.40,75.7895,true,1,286163
7290112004970,false,פיניש קפסולות אולטימיט למדיח 50 יח',רקיט בנקיזר,PL,פיניש אולטימייט 50 י,יחידה,0.00,יחידה,false,,51.20,0.0000,true,1,289630
7290112005076,false,וניש תוסף כביסה רב תכליתי לכביסה צבעונית,קליה וניש Kalia Vanish,IT,וניש אבקה לכביסה צבע,גרמים,480.00,100 גרם,false,,14.50,3.0208,true,1,277836
7290112005083,false,וניש תוסף כביסה רב תכליתי לכביסה צבעונית,קליה וניש Kalia Vanish,IT,וניש אבקה לכביסה צבע,ליטרים,1.50,100 ליטר,false,,34.20,2280.0000,true,1,277821
7290112005168,false,טבליות למדיח פיניש קוואנטום לימון 60 יח,רקיט בנקיזר,PL,פיניש קוואנטום למדיח,יחידה,0.00,יחידה,false,,51.20,0.0000,true,1,289615
7290112190468,false,שמן זית ספרדי טבעי 7,,ES,"שמן זית 750 מ""ל G FO",מיליליטרים,750.00,"100 מ""ל",false,,26.40,3.5200,true,1,174289
7290112192509,false,פירורי לחם ללא גלוטן 250 גר GFREE,"מוצרי הכט בע""מ",IL,ג'י-פרי פירורי לחם 2,גרמים,250.00,100 גרם,false,,13.60,5.4400,true,1,39688
7290112192875,false,"סנסודיין - משחת שיניים רגישות וחניכיים 75 מ""ל",סנסודיין Sensodyne,GB,משחת שיניים סנסודיין,מיליליטרים,75.00,"100 מ""ל",false,,30.70,40.9333,true,1,4070
7290112193292,false,"סטייל - מתולתלות מסכה לטיפול עמוק 500 מ""ל",א.ל ארמן,IL,"מסכה מתולתלות 500 מ""",מיליליטרים,500.00,"100 מ""ל",false,,27.30,5.4600,true,1,87979
7290112193582,false,תערובת לעוגה בטעם שוקולד 500גר' GFREE,,,תערובת לעוגה ללא גלו,גרמים,500.00,100 גרם,false,,16.20,3.2400,true,1,286470
7290112195579,false,שמן זית כתית מעולה 7,אסאס דל סור,ES,שמן זית איטליה 750 מ,מיליליטרים,750.00,"100 מ""ל",false,,26.40,3.5200,true,1,204285
7290112196781,false,קמח כוסמין בהיר מנופ,,,קמח כוסמין בהיר מנופ,קילוגרמים,1.00,"ק""ג",false,,15.30,15.3000,true,1,286978
7290112197092,false,"סטייל - סבון מעוצב ניו יורק 500 מ""ל",רנקסאן פלסטיק יאנגר,TR,סבון מעוצב ניו יורק,מיליליטרים,500.00,"100 מ""ל",false,,8.50,1.7000,true,1,331178
7290112330352,false,"יוגורט PRO בטעם וניל 0% , 20 גרם חלבון בגביע","שטראוס בריאות בע""מ",IL,דנונה פרו 20 גר וניל,גרמים,200.00,100 גרם,false,,5.30,2.6500,true,1,23762
7290112330390,false,יוגורט PRO בטעם פירות יער 0% 20 גרם חלבון בגביע,"שטראוס בריאות בע""מ",IL,דנונה פרו 20 גר פירו,גרמים,200.00,100 גרם,false,,5.30,2.6500,true,1,23764
7290112330420,false,דנונה פרו לבן 2.9% שומן 150 ג',מיוצר עי קונדיטוריית,IL,דנונה פרו לבן 2.9% 1,גרמים,150.00,100 גרם,false,,4.40,2.9333,true,1,23766
7290112332585,false,"פריכיות תפו""א, אורז בתיבול סלק ומלח חי 30 גר'","פרח תעשיו מזון בע""מ",IL,"פריכיות הטעימות תפו""",גרמים,30.00,100 גרם,false,,4.40,14.6667,true,1,22853
7290112332691,false,פינוקיות עוגיות קרם פסק זמן אגוזים 200 גרם,הגביע מוצרי ופלים בע,IL,פינוקיות עוגיית קרם,גרמים,200.00,100 גרם,false,,9.80,4.9000,true,1,22855
7290112334596,false,אבקה להכנת שוקו 850,שטראוס קפה בי.וי,IL,אבקה להכנת שוקו 850,גרמים,935.00,100 גרם,false,,13.60,1.4545,true,1,324301
7290112335487,false,פריכיות הטעימות קצח ודגנים אנרגי 135 גר,אנרג'י Energy - שטראוס,IL,פריכיות הטעימות קצח,גרמים,135.00,100 גרם,false,,9.30,6.8889,true,1,22869
7290112335494,false,הפריכיות הטעימות תפוחי אדמה בטעם פוטטוס,"פרח תעשיות מזון בע""מ",IL,פריכיות הטעימות פוטט,גרמים,135.00,100 גרם,false,,9.30,6.8889,true,1,22870
7290112336613,false,עד חצות עוגיות סנדוויץ שוקולד חלב 135 גר,,FR,עד חצות סנדוויץ' 135,גרמים,135.00,100 גרם,false,,8.50,6.2963,true,1,22880
7290112336637,false,סוכריות מאסט Must ללא סוכר יוגורט תות ואוכניות,שטראוס גרופ,PL,"סוכריות מאסט לל""ס יו",גרמים,80.00,100 גרם,false,,5.90,7.3750,true,1,22882
7290112336644,false,סוכריות מאסט ללא סוכר לימון 80 ג' עלית,שטראוס גרופ,PL,"סוכריות מאסט לל""ס לי",גרמים,80.00,100 גרם,false,,5.90,7.3750,true,1,22883
7290112336651,false,סוכריות מאסט ללא סוכר ריבת חלב 80 ג' עלית,שטראוס גרופ,PL,סוכריות מאסט ללא סוכ,גרמים,80.00,100 גרם,false,,5.90,7.3750,true,1,22884
7290112336712,false,יוגורט PRO לבן 0% 21 גרם חלבון בגביע,"שטראוס בריאות בע""מ",IL,דנונה פרו 21 0% שומן,גרמים,200.00,100 גרם,false,,5.30,2.6500,true,1,23794
7290112337474,false,סוכריות מאסט ללא סוכר פטל לימון 80 ג' עלית,שטראוס גרופ,PL,"סוכריות מאסט לל""ס פט",גרמים,80.00,100 גרם,false,,5.90,7.3750,true,1,22887
7290112337481,false,סוכריות מאסט ללא סוכר קפצ''ינו 80 ג' עלית,שטראוס גרופ,PL,"סוכריות מאסט לל""ס קפ",גרמים,80.00,100 גרם,false,,5.90,7.3750,true,1,22888
7290112338877,false,מעדן גבינה בטעם תות 3% 125ג' סקי,"שטראוס בריאות בע""מ",IL,גבינת סקי תות 3% 125,גרמים,125.00,100 גרם,false,,3.50,2.8000,true,1,23796
7290112339171,false,מילקי מוס עם שוקולד וקצפת,מיוצר עי קונדיטוריית,IL,מילקי מוס 81 גרם.,גרמים,81.00,100 גרם,false,,3.00,3.7037,true,1,23803
7290112339362,false,דנונה לייט אנד פריי בטעם קפוצינו 150 גר',דנונה - שטראוס,IL,דנונה לייט אנד פריי,גרמים,150.00,100 גרם,false,,4.20,2.8000,true,1,23810
7290112339867,false,גמדים לדרך גבינה לבנה עם מחית תות,שטראוס,IL,גמדים סקוויז בודד תו,גרמים,100.00,100 גרם,false,,5.00,5.0000,true,1,23823
7290112339874,false,גמדים לדרך גבינה לבנה עם מחיות תות ובננה,שטראוס,IL,גמדים סקוויז בודד תו,גרמים,100.00,100 גרם,false,,5.00,5.0000,true,1,23824
7290112340122,false,פריכיות טעימות 3 דגנים אנרגי 135 גר,אנרג'י Energy - שטראוס,IL,פריכיות הטעימות 3 דג,גרמים,135.00,100 גרם,false,,9.30,6.8889,true,1,22897
7290112340245,false,צנצנת מסטיק מאסט בטעם דובדבן 66 ג' עלית,"שטראוס גרופ בע""מ",IL,צנצנת מאסט בטעם דובד,גרמים,66.00,100 גרם,false,,9.00,13.6364,true,1,22898
7290112340276,false,פינוקיות עוגיות קרם קפה 200 גרם,הגביע מוצרי ופלים בע,IL,פינוקיות עוגיית קרם,גרמים,200.00,100 גרם,false,,9.80,4.9000,true,1,22901
7290112341556,false,אקטיביה עם צ'יה ותות 150 ג' דנונה,דנונה - שטראוס,IL,אקטיביה עם צ'יה ותות,גרמים,150.00,100 גרם,false,,4.40,2.9333,true,1,23836
7290112341686,false,מארז אקטיביה שמיניה 3% 150 גר*8,מיוצר עי קונדיטוריית,IL,אקטיביה מארז 3% 8*15,קילוגרמים,1.20,"ק""ג",false,,17.90,14.9167,true,1,23838
7290112342102,false,סימפוניה גבינה במרקם שמנת בצל מקורמל 5%,"שטראוס בריאות בע""מ",IL,סימפוניה 5% בצל מקור,גרמים,200.00,100 גרם,false,,9.80,4.9000,true,1,23846
7290112342270,false,קפה פלטינום אינטנס מחוזק ב- 10% אספרסו,שטראוס קפה בי.וי,IL,קפה פלטינום אינטנס 1,גרמים,125.00,100 גרם,false,,16.20,12.9600,true,1,22919
7290112343260,false,"יטבתה רוטב שמנת קלאסי 9% שומן 260 מ""ל",שטראוס גרופ,IL,יטבתה רוטב שמנת קלאס,גרמים,260.00,100 גרם,false,,8.50,3.2692,true,1,23853
7290112343420,false,"משקה חלב עם דגנים מלאים ובננה פרו יטבתה 350מ""ל",מחלבת יטבתה,IL,משקה יטבתה פרו 20 אר,מיליליטרים,350.00,"100 מ""ל",false,,6.80,1.9429,true,1,23856
7290112343499,false,חטיף צ'יטוס פאפס אפוי בטעם גבינה,"שטראוס פריטו ליי בע""",IL,ציטוס Puffs בטעם גבי,גרמים,55.00,100 גרם,false,,3.00,5.4545,true,1,187686
7290112344564,false,רביולי גבינה קלאסי שטראוס 400 ג',"שטראוס גרופ בע""מ",IL,EAT GOOD רביולי גבינ,גרמים,400.00,100 גרם,false,,17.10,4.2750,true,1,23858
7290112344755,false,מילקי שוקולד 26% פחות סוכר 135 גרם,מיוצר עי קונדיטוריית,IL,מילקי עם 26% פחות סו,מיליליטרים,135.00,"100 מ""ל",false,,2.60,1.9259,true,1,110963
7290112344786,false,קפה פלטינום קלאסיק 200 ג' עלית,שטראוס קפה בי.וי.,IL,פלטינום קלאסיק עלית,גרמים,200.00,100 גרם,false,,21.30,10.6500,true,1,22930
7290112346360,false,בפלות אחת אחת ופל בטעם שוקולד מצופה שוקולד,טוטיז-בינגו סיאי,GR,בפלות אחת אחת בציפוי,גרמים,180.00,100 גרם,false,,12.80,7.1111,true,1,22941
7290112346537,false,עוגיות פינוקיות בטעם טורטית 200 ג' עלית,הגביע מוצרי ופלים בע,IL,פינוקיות עוגיות בטעם,גרמים,200.00,100 גרם,false,,9.80,4.9000,true,1,22942
7290112346629,false,דנונה בר יוגורט+קורנפלקס מצופה שוקולד חלב ולבן 172 גרם,דנונה - שטראוס,IL,דנונה קראנצ' עם קורנ,מיליליטרים,172.00,"100 מ""ל",false,,4.20,2.4419,true,1,75961
7290112346773,false,יוגורט בטעם וניל 0% לייט אנד פרי 10 גרם חלבון בגביע,מיוצר עי קונדיטוריית,IL,דנונה לייט אנד פריי,מיליליטרים,150.00,"100 מ""ל",false,,4.20,2.8000,true,1,117138
7290112346827,false,אקטימל פטל ויטמין C שמינייה,שטראוס גרופ,IL,אקטימל ויטמין C פטל,מיליליטרים,800.00,"100 מ""ל",false,,17.00,2.1250,true,1,105861
7290112347008,false,גמדים לדרך גבינה לבנה עם מחית תות ושיבולת שועל,מיוצר עי קונדיטוריית,IL,גמדים ארוחת בוקר תות,גרמים,100.00,100 גרם,false,,5.00,5.0000,true,1,23888
7290112347473,false,דנונה לייט אנד פריי תות ואפרסק מאגדת 8 יח' * 150 ג',מיוצר עי קונדיטוריית,IL,דנונה לייט אנד פריי,קילוגרמים,1.20,"ק""ג",false,,23.80,19.8333,true,1,23891
7290112348142,false,שעועית לבנה 380 גר' בקופסה טעם הטבע,שטראוס טעם הטבע,IT,שעועית לבנה טעם הטבע,גרמים,380.00,100 גרם,false,,5.90,1.5526,true,1,67936
7290112349606,false,מעדן גבינה ויוגורט תות בננה 88 ג' דניאלה,"שטראוס בריאות בע""מ",IL,דניאלה תות בננה 150,מיליליטרים,150.00,"100 מ""ל",false,,3.50,2.3333,true,1,215953
7290112349705,false,פומודורו רוטב עגבניות קלאסי לפסטה 350 גר' יד מרדכי,אמיליאנה קונסרב סוסי,IT,רוטב עגבניות פומודרו,גרמים,350.00,100 גרם,false,,10.20,2.9143,true,1,22949
7290112350312,false,קפסולות 15 קפה יותר למכונות נספרסו עלית 10יח',הנסיך- מפעל לייצור ט,IL,עלית קפסולות 15 למכ,גרמים,50.00,100 גרם,false,,14.40,28.8000,true,1,97556
7290112351104,false,שוקולד פרה ממולא פיצפוצי אורז 100 ג' עלית,שטראוס,IL,שוקולד פרה פיצפוצי א,גרמים,100.00,100 גרם,false,,4.20,4.2000,true,1,73089
7290112351128,false,שוקולד פרה סוכריות קופצות 100 ג' עלית,"שטראוס גרופ בע""מ",IL,שוקולד פרה חלב סוכרי,גרמים,100.00,100 גרם,false,,4.20,4.2000,true,1,154805
7290112351258,false,עוגיית קקאו פינוקיות שחור לבן 200 גר,הגביע מוצרי ופלים,IL,פינוקיות עוגיית שחור,גרמים,200.00,100 גרם,false,,9.80,4.9000,true,1,90883
7290112351463,false,שלישיית סוכריות מאסט FRESH פטל לימון 45 ג' עלית,עלית,,שלישיית סוכריות FRES,גרמים,45.00,100 גרם,false,,6.80,15.1111,true,1,96522
7290112351524,false,עלי סלנובה טעם הטבע,שטראוס בריאות ירקות,IL,עלי סלנובה טעם הטבע,גרמים,200.00,100 גרם,false,,10.70,5.3500,true,1,80818
7290112351753,false,עלית שלישיית פסק זמן קראנץ' 96 גרם,שטראוס גרופ,IL,שלישיית פסק זמן קראנ,גרמים,96.00,100 גרם,false,,10.20,10.6250,true,1,114575
7290112353887,false,"משקה קפה קר בטעם אגוזים יטבתה 230 מ""ל",אנסטל מילק kg,AT,קפה קר יטבתה בטעם אג,מיליליטרים,230.00,"100 מ""ל",false,,6.80,2.9565,true,1,87894
7290112354945,false,תפוצ'יפס wavy טבעי 50ג היתר מכירה,שטראוס פריטו ליי בע”,IL,תפוצ'יפס wavy 50 גר,גרמים,50.00,100 גרם,false,,3.30,6.6000,true,1,323272
7290112354952,false,"תפוציפס WAVY בטעם פפריקה , 50 גרם",שטראוס פריטו ליי בע”,IL,תפוצ'יפס wavy פפריקה,גרמים,50.00,100 גרם,false,,3.30,6.6000,true,1,323273
7290112354969,false,"תפוציפס WAVY טבעי , 200 גרם",שטראוס פריטו ליי בע”,IL,תפוצ'יפס וויבי 200 ג,גרמים,200.00,100 גרם,false,,9.30,4.6500,true,1,323180
7290112355027,false,דנונה פרו 20 גרם חלבון קרמל מלוח 200 גרם,"שטראוס בריאות בע""מ",IL,דנונה פרו 20 גר' בטע,גרמים,200.00,100 גרם,false,,5.30,2.6500,true,1,110992
7290112355393,false,"יטבתה רוטב שמנת+בטטה 9% שומן 250 מ""ל",שטראוס גרופ,IL,רוטב שמנת עם בטטה 9%,גרמים,257.00,100 גרם,false,,8.50,3.3074,true,1,304062
7290112357045,false,עגבניות איטלקיות מרוסקות 390 גר' בקופסה טעם הטבע,שטראוס טעם הטבע,IT,עגבניות איטלקיות מרו,גרמים,390.00,100 גרם,false,,5.70,1.4615,true,1,67937
7290112357069,false,מחית עגבניות איטלקיות בקופסה 500 גר' טעם הטבע,שטראוס טעם הטבע,IT,מחית עגבניות איטלקיו,גרמים,500.00,100 גרם,false,,6.40,1.2800,true,1,67951
7290112357083,false,אפונת גינה טעם הטבע 380 גר' בקופסה,שטראוס טעם הטבע,IT,אפונה ירוקה טעם הטבע,גרמים,380.00,100 גרם,false,,5.90,1.5526,true,1,179585
7290112357106,false,שעועית אדומה 380 גר' בקופסה טעם הטבע,שטראוס טעם הטבע,IT,שעועית אדומה טעם הטב,גרמים,380.00,100 גרם,false,,5.90,1.5526,true,1,67938
7290112357113,false,גרגרי חומוס בקופסה 380 גר' טעם הטבע,שטראוס טעם הטבע,IT,גרגרי חומוס טעם הטבע,גרמים,380.00,100 גרם,false,,5.90,1.5526,true,1,67952
7290112357175,false,קפסולות בוסט למכונות נספרסו 50 גר,שטראוס קפה בי.וי,IL,קפסולות BOOST למכונו,גרמים,50.00,100 גרם,false,,14.40,28.8000,true,1,22954
7290112358004,false,חטיף פסק זמן קראנץ 32 גרם,שולן צ'יקולטה גידה ס,TR,פסק זמן קראנץ' 32 גר,גרמים,32.00,100 גרם,false,,4.20,13.1250,true,1,125887
7290112358127,false,דנונה פרו חלבון+מגנזיום- וניל ועוגיות 200 גרם,מיוצר עי קונדיטוריית,IL,דנונה פרו 20 גר עם מ,גרמים,200.00,100 גרם,false,,5.80,2.9000,true,1,105887
7290112358219,false,יד מרדכי רוטב צ'ילי מתוק 300 גרם,אף.סי תבליני בגליל ב,IL,יד מורדכי רוטב צ'ילי,מיליליטרים,300.00,"100 מ""ל",false,,11.90,3.9667,true,1,87627
7290112415400,false,עוגיות אלפחורס קפולסקי 280 גר',קפולסקי אדל בעמ,IL,עוגיות אלפאחורס 280,גרמים,280.00,100 גרם,false,,26.40,9.4286,true,1,39555
7290112491701,false,ברנפלקס אקסטרה פרוטאין 375 גרם,יוניליוור ישראל מזון,IL,ברנפלקס אקסטרה פרוטא,גרמים,400.00,100 גרם,false,,18.70,4.6750,true,1,10800
7290112492548,false,"מרכך פינוק עם שמן חוחובה 700 מ""ל",אתר ליוור - HPC,IL,פינוק מרכך לשיער יבש,מיליליטרים,700.00,"100 מ""ל",false,,10.20,1.4571,true,1,58583
7290112492579,false,"פינוק - מרכך שמן קוקוס 700 מ""ל",אתר ליוור - HPC,IL,פינוק מרכך שמן קוקוס,מיליליטרים,700.00,"100 מ""ל",false,,10.20,1.4571,true,1,58584
7290112492715,false,"פינוק שמפו ללא דמעות לסירוק קל לילדים 700 מ""ל",,IL,פינוק שמפו לילדים 70,מיליליטרים,700.00,"100 מ""ל",false,,10.10,1.4429,true,1,79089
7290112492722,false,"2ב-1 שמפו ומרכך פינוק אל דמע לסירוק קל לילדים 700 מ""ל",אתר ליוור - HPC,IL,פינוק 2 ב 1 ילדים 70,מיליליטרים,700.00,"100 מ""ל",false,,10.10,1.4429,true,1,79102
7290112495044,false,קוקומן פצפוצים בטעם שוקולד,יוניליור שפע ישראל ב,IL,קוקומן פצפוצים תלמה,גרמים,375.00,100 גרם,false,,17.00,4.5333,true,1,10869
7290112495488,false,קורנפלקס פתיתי תירס קלויים ללא גלוטן 500,"מולינו ניקולי S.p.A,",IT,קורנפלקס ללא גלוטן ד,גרמים,500.00,100 גרם,false,,12.40,2.4800,true,1,310535
7290112496270,false,"פתית צ'יפס תפו""א בתוספת עגבניות ועשבי תיבול 22 ג'",JLM גלובל פודס37 דרך,GB,פתית צ'יפס עם תפוח א,גרמים,21.00,100 גרם,false,,4.20,20.0000,true,1,160754
7290112497123,false,תערובת להכנת מעדן בטעם סחלב,יוניליוור ישראל מזון,IL,קנור סחלב 112 גרם,גרמים,112.00,100 גרם,false,,10.20,9.1071,true,1,107826
7290112498267,false,"אל סבון ידיים נוזלי קלאסי פינוק 950 מ""ל",קוסטר אירוסול ולף סנ,IL,אל סבון לידיים בניחו,מיליליטרים,950.00,"100 מ""ל",false,,10.20,1.0737,true,1,157249
7290112498281,false,"אל סבון לידיים בתוספת שמן קוקוס פינוק 950 מ""ל",יוניליוור ישראל טיפו,IL,אל סבון לידיים בתוספ,מיליליטרים,950.00,"100 מ""ל",false,,10.20,1.0737,true,1,157250
7290112498298,false,"אל סבון ליידים בתוספת שמן מרוקאי פינוק 950 מ""ל",קוסטר אירוסול ולף סנ,TR,אל סבון לידיים בתוספ,מיליליטרים,950.00,"100 מ""ל",false,,10.20,1.0737,true,1,157251
7290112498922,false,מאגדת מיני מגנום שוקולד לבן 250 ג',"מיוצר ע""י גלידת שטרא",IL,מאגדת מיני מגנום לבן,גרמים,310.00,100 גרם,false,,23.80,7.6774,true,1,149695
7290112499196,false,גלידה בטעם החלב של הקורנפלקס 1.33 ל' קרמיסימו,"גלידת שטראוס בע""מ, ר",IL,קרמיסימו בטעם החלב ש,ליטרים,1.33,ליטר,false,,16.20,12.1805,true,1,284673
7290112499844,false,מאגדת מיני מגנום דואט שוקולד עם נוגט 5 יח' שטראוס,"מיוצר ע""י גלידת שטרא",IL,מגנום מיני דואט מאגד,גרמים,310.00,100 גרם,false,,23.80,7.6774,true,1,4419
7290112960115,false,אסם שקדי מרק 30% קמח חיטה מלא 12*350גרם,אסם,IL,שקדי מרק 30% קמח חיט,גרמים,350.00,100 גרם,false,,9.30,2.6571,true,1,19059
7290112961440,false,פיטנס חטיפי פריכיות שוקולד מריר 84 גרם,כרמית,IL,פיטנס בר פריכיות שוק,גרמים,84.00,100 גרם,false,,11.00,13.0952,true,1,65368
7290112961464,false,פיטנס חטיפי פריכיות דגנים וחומוס מתובלות,"פרח תעשיות מזון בע""מ",IL,חטיפי פריכיות דקות מ,גרמים,60.00,100 גרם,false,,7.70,12.8333,true,1,19072
7290112962546,false,ארטיק לה פרוטה מלון תפוח מאגדת 443 גר',שוורצקוף& הנקל דיסלד,IL,לה פרוטה מלון תפוח 5,גרמים,350.00,100 גרם,false,,20.40,5.8286,true,1,16011
7290112963918,false,פיטנס חטיפי קרקר דק רוזמרין 140 גרם,נסטלה Nestle,IL,פיטנס חטיפי קרקר דק,גרמים,140.00,100 גרם,false,,10.20,7.2857,true,1,19098
7290112964410,false,רוטב אוסם אלף האיים לסלט 290 ג' אסם,אסם,IL,אסם רוטב אלף האיים ל,מיליליטרים,290.00,"100 מ""ל",false,,8.50,2.9310,true,1,19111
7290112964472,false,"רוטב שום לסלט 290 מ""ל אסם",אסם,IL,אסם רוטב שום לסלט 29,מיליליטרים,295.00,"100 מ""ל",false,,8.50,2.8814,true,1,19114
7290112964564,false,"רוטב אלף האיים לייט לסלט 290 מ""ל אסם",אסם,IL,אסם רוטב אלף האיים ל,מיליליטרים,295.00,"100 מ""ל",false,,8.50,2.8814,true,1,19117
7290112964625,false,רוטב שום לייט לסלט 310 גרם אסם,אסם,IL,אסם רוטב שום לייט לס,מיליליטרים,295.00,"100 מ""ל",false,,8.50,2.8814,true,1,19120
7290112964724,false,טבעול המבורגר טבעוני 580 גרם,מיוצר עי קונדיטוריית,IL,טבעול המבורגר טבעוני,גרמים,580.00,100 גרם,false,,26.40,4.5517,true,1,19825
7290112965103,false,תבשיל קוסקוס עם ירקות 146 גרם אסם,אסם,IL,קוסקוס עם ירקות אסם,גרמים,146.00,100 גרם,false,,10.20,6.9863,true,1,19124
7290112965141,false,תבשיל פתיתים אפויים עם ירקות 130 גרם,אסם,IL,פתיתים אפויים עם ירק,גרמים,130.00,100 גרם,false,,10.20,7.8462,true,1,19126
7290112965240,false,מרק נמס בטעם עגבניות זוג * 44 ג' אסם,אסם,IL,זוג מרק נמס עגבניות,גרמים,60.00,100 גרם,false,,5.10,8.5000,true,1,19131
7290112965301,false,זוג מרק נמס בטעם עוף עם שקדי מרק רגע חם,אסם,IL,זוג מרק נמס טעם עוף,גרמים,38.00,100 גרם,false,,5.10,13.4211,true,1,19134
7290112965325,false,תבשיל אורז ספרדי אוסם 140 גרם,אסם,IL,אורז ספרדי אסם 140 ג,גרמים,140.00,100 גרם,false,,10.20,7.2857,true,1,19135
7290112965585,false,פרפקטו פסטה קסרצה 500 גרם,אסם פרפקטו Perfecto,IL,פסטה קסרצה פרפקטו 50,גרמים,500.00,100 גרם,false,,5.90,1.1800,true,1,19140
7290112965684,false,פיטנס - חטיף מולטיגריין עשבי תיבול 25 גרם,מיוצר עי קונדיטוריית,IL,פיטנס חטיף מולטיגריי,גרמים,25.00,100 גרם,false,,4.20,16.8000,true,1,110824
7290112965783,false,אוסם - ביסלי פריסטייל על האש 60 גרם,"אסם השקעות בע""מ",IL,ביסלי פריסטייל על הא,גרמים,60.00,100 גרם,false,,3.80,6.3333,true,1,157194
7290112965806,false,אוסם - ביסלי פריסטייל חמוץ חריף 60 גרם,אסם,IL,ביסלי פריסטייל חמוץ,גרמים,60.00,100 גרם,false,,3.80,6.3333,true,1,157195
7290112966094,false,הבית עוגת תפוז מופחתת סוכר 400 גרם,מיוצר עי קונדיטוריית,IL,עוגת הבית תפוז מופחת,גרמים,400.00,100 גרם,false,,10.20,2.5500,true,1,19150
7290112966766,false,צבר טחינה בלאדי חציל עגבניות ושום 350 גרם,שוורצקוף& הנקל דיסלד,IL,צבר טחינה בלאדי חציל,גרמים,350.00,100 גרם,false,,13.60,3.8857,true,1,19830
7290112966780,false,צבר טחינה בלאדי עם חציל קלוי 350 גרם,שוורצקוף& הנקל דיסלד,IL,צבר טחינה בלאדי עם ח,גרמים,350.00,100 גרם,false,,13.60,3.8857,true,1,19831
7290112966803,false,אסם פודינג אינסטנט שוקולד 88 גרם,"אסם השקעות בע""מ",IL,אסם פודינג אינסטנט ש,גרמים,88.00,100 גרם,false,,4.70,5.3409,true,1,19162
7290112966841,false,אסם פודינג בטעם שוקולד מריר 90 גרם,מיוצר עי קונדיטוריית,IL,אסם פודינג בטעם שוקו,גרמים,90.00,100 גרם,false,,4.70,5.2222,true,1,19163
7290112967220,false,ביסלי מארז ברביקיו 20 גר'*10 יח' אסם,,,ביסלי ברביקיו מארז 1,גרמים,200.00,100 גרם,false,,10.20,5.1000,true,1,73195
7290112968203,false,צבר סלט טחינה בלאדי 6*250גרם,שוורצקוף& הנקל דיסלד,IL,סלט טחינה בלאדי צבר,גרמים,250.00,100 גרם,false,,9.40,3.7600,true,1,19837
7290112968449,false,סלט טחינה כרוב אדום 250 גרם,שוורצקוף& הנקל דיסלד,IL,סלט כרוב אדום צבר 25,גרמים,250.00,100 גרם,false,,9.40,3.7600,true,1,19840
7290112968708,false,"טבעול שניצל תירס עדה חרדית 1.3 ק""ג",טבעול ישראל,IL,שניצל תירס עדה חרדי,קילוגרמים,1.30,"ק""ג",false,,35.00,26.9231,true,1,60570
7290112968807,false,פיטנס - קרקר דק סלק 140 גרם,מפעל אסם יקנעם,IL,פיטנס קרקר דק סלק 14,גרמים,140.00,100 גרם,false,,10.20,7.2857,true,1,117767
7290112968821,false,פיטנס - קרקר דק בטטה 140 גרם,מפעל אסם יקנעם,IL,פיטנס קרקר דק בטטה 1,גרמים,140.00,100 גרם,false,,10.20,7.2857,true,1,117768
7290112969248,false,אסם בישולים רוטב סילאן ובצל 335 גרם,"אסם השקעות בע""מ",IL,אוסם בישולים רוטב סי,גרמים,335.00,100 גרם,false,,14.50,4.3284,true,1,114603
7290113100626,false,תבנית אפייה עגולה +מ,,,תבנית אפייה עגולה +מ,יחידה,0.00,יחידה,false,,137.50,0.0000,true,1,49581
7290113101012,false,מגרדת ידנית,,,מגרדת ידנית,יחידה,0.00,יחידה,false,,10.20,0.0000,true,1,49620
7290113101838,false,כפפת יד לסירוק ולהסר,,,כפפת יד לסירוק ולהסר,יחידה,0.00,יחידה,false,,19.60,0.0000,true,1,49702
7290113102187,false,כף מסננת,,,כף מסננת,יחידה,0.00,יחידה,false,,17.10,0.0000,true,1,49737
7290113102934,false,קולפן איכותי,,,קולפן איכותי,יחידה,0.00,יחידה,false,,11.10,0.0000,true,1,49809
7290113190375,false,סילאן טבעי שקדיה 900 גרם,שקדיה,TR,סילאן סירופ תמרים טב,גרמים,900.00,100 גרם,false,,15.30,1.7000,true,1,176852
7290113190771,false,חלבה מסולסלת בטעם שוקו וניל 300 גרם,חיאל עמר שומרון,IL,חלבה מסולסלת בטעם שו,גרמים,300.00,100 גרם,false,,12.80,4.2667,true,1,4941
7290113192171,false,מיקס אגוזים שקדים וחמוציות 150 גרם,דין שיווק,IL,מיקס אגוזים שקדים וח,גרמים,150.00,100 גרם,false,,12.80,8.5333,true,1,104363
7290113192218,false,תערובת להכנת מלבי 500 גרם,דין שיווק,IL,תערובת להכנת מלבי 50,גרמים,500.00,100 גרם,false,,11.90,2.3800,true,1,230047
7290113192300,false,זיתים מושחרים חרוזית 275 גרם בית השיטה,בית השיטה,IL,זיתים חרוזית מושחר ב,גרמים,275.00,100 גרם,false,,8.47,3.0800,true,1,19189
7290113192317,false,טבעות זיתים מושחרים 280 גרם בית השיטה,בית השיטה,IL,טבעות זיתים מושחרים,גרמים,280.00,100 גרם,false,,9.32,3.3286,true,1,19190
7290113192324,false,בית השיטה זית ירוק א2 12*340גרם חדש,בית השיטה,IL,זית ירוק בית השיטה 3,גרמים,340.00,100 גרם,false,,7.61,2.2382,true,1,19191
7290113192348,false,זיתים ירוקים שלמים גדולים מאוד בטעם שום,בית השיטה,IL,זית ירוק שום 17-19בי,גרמים,560.00,100 גרם,false,,8.47,1.5125,true,1,19193
7290113192355,false,חרוזית זיתים ירוקים ללא גלעין 275 ג' בית השיטה,בית השיטה,IL,זיתים חרוזית ירוק בי,גרמים,275.00,100 גרם,false,,8.47,3.0800,true,1,19194
7290113192362,false,זיתים ירוקים טבעות A2 בית השיטה 280 גרם,בית השיטה,IL,טבעות זיתים ירוקים ב,גרמים,280.00,100 גרם,false,,9.32,3.3286,true,1,19195
7290113192379,false,בית השיטה זיתים ירוקים מבוקעים א2 340גר',בית השיטה,IL,זיתים ירוקים מבוקעים,גרמים,340.00,100 גרם,false,,9.32,2.7412,true,1,19196
7290113192386,false,זיתים סורי מבוקע A2 בית השיטה 340ג',בית השיטה,IL,זית סורי מבוקע בית ה,גרמים,340.00,100 גרם,false,,10.18,2.9941,true,1,19197
7290113192393,false,קוקטייל זיתים A2 בית השיטה 336 גרם,בית השיטה,IL,קוקטייל זיתים בית הש,גרמים,336.00,100 גרם,false,,9.32,2.7738,true,1,19198
7290113192478,false,בית השיטה מלפפונים במלח בינוני 10-12 320 גרם,בית השיטה,IL,מלפפון במלח 10-12 בי,גרמים,320.00,100 גרם,false,,6.80,2.1250,true,1,19206
7290113192485,false,בית השיטה מלפפונים בחומץ בינוני 10-12 290 גרם,בית השיטה,IL,מלפפון בחומץ 12-10 ב,גרמים,290.00,100 גרם,false,,6.80,2.3448,true,1,19207
7290113192492,false,בית השיטה מלפפונים בחומץ קטנים 1317 290 גרם,בית השיטה,IL,מלפפון בחומץ 13-17 ב,גרמים,290.00,100 גרם,false,,8.47,2.9207,true,1,19208
7290113192508,false,בית השיטה מלפפונים במלח קטן 1317 320 גרם,בית השיטה,IL,מלפפון במלח 13-17 בי,גרמים,320.00,100 גרם,false,,8.47,2.6469,true,1,19209
7290113192515,false,בית השיטה מלפפונים במלח קטן מאוד 1825 320 גרם,בית השיטה,IL,מלפפון במלח 18-25 בי,גרמים,320.00,100 גרם,false,,9.32,2.9125,true,1,19210
7290113192522,false,בית השיטה מלפפונים בחומץ קטן מאוד 1825 290 גרם,בית השיטה,IL,מלפפון בחומץ 18-25 ב,גרמים,290.00,100 גרם,false,,9.32,3.2138,true,1,19211
7290113192539,false,בית השיטה מלפפונים במלח גדול 79 320 גרם,בית השיטה,IL,מלפפון במלח 7-9 בית,גרמים,560.00,100 גרם,false,,5.90,1.0536,true,1,19212
7290113192546,false,בית השיטה מלפפונים בחומץ גדול 79 290 גרם,בית השיטה,IL,מלפפון בחומץ 7-9 בית,גרמים,560.00,100 גרם,false,,5.90,1.0536,true,1,19213
7290113192553,false,בית השיטה מלפפונים במלח 13-17 בלדי 320 גר',בית השיטה,IL,מלפפון במלח בלדי 13-,גרמים,320.00,100 גרם,false,,9.32,2.9125,true,1,19214
7290113192560,false,בית השיטה פלפל שיפקה חריף כבוש 230 גרם,בית השיטה,IL,פלפל שיפקה בית השיטה,גרמים,230.00,100 גרם,false,,5.90,2.5652,true,1,19215
7290113192577,false,בית השיטה כרוב כבוש חתוך 430 גרם,בית השיטה,IL,כרוב כבוש בית השיטה,יחידה,430.00,יחידה,false,,6.76,0.0157,true,1,19216
7290113192881,false,"טורטיה חיטה מופחת קלוריות, קוטר 20 ס""מ - 6 יח'",דין שיווק,TR,טורטיה חיטה מופחתת ק,גרמים,270.00,100 גרם,false,,8.50,3.1481,true,1,176654
7290113192997,false,זית מרוקאי 340 גרם בית השיטה,בית השיטה,IL,זית מרוקאי בית השיטה,גרמים,340.00,100 גרם,false,,11.03,3.2441,true,1,104720
7290113193000,false,פלפל שיפקונית 230 גרם בית השיטה,שוורצקוף& הנקל דיסלד,IL,פלפל שיפקונית בית הש,גרמים,230.00,100 גרם,false,,10.18,4.4261,true,1,104721
7290113193017,false,קוקטייל זיתים 275 גרם בית השיטה,בית השיטה,IL,בית השיטה קוקטייל זי,גרמים,275.00,100 גרם,false,,11.03,4.0109,true,1,104693
7290113193031,false,חרוזית קלמטה - זיתים שחורים ללא גלעין קלמטה,שוורצקוף& הנקל דיסלד,IL,חרוזית קלמטה בית השי,גרמים,275.00,100 גרם,false,,11.03,4.0109,true,1,104694
7290113193369,false,בית השיטה תרסיס שמן קנולה מזוכך 150 מל,פוד אירוסולס ספיין,ES,תרסיס שמן קנולה מזוכ,גרמים,150.00,100 גרם,false,,12.80,8.5333,true,1,127568
7290113193888,false,חצילים מוחמצים 320 גרם בית השיטה,שוורצקוף& הנקל דיסלד,IL,בית השיטה חצילים מוח,גרמים,320.00,100 גרם,false,,8.50,2.6563,true,1,156817
7290113195042,false,מלפפון חמוץ במלח כבישה ביתית בית השיטה 750 גר',שוורצקוף& הנקל דיסלד,IL,מלפפון מלח כבישה בית,גרמים,750.00,100 גרם,false,,21.30,2.8400,true,1,156832
7290113195073,false,חלבה טורקית עם פיסטו,,,חלבה טורקית עם פיסטו,גרמים,400.00,100 גרם,false,,11.90,2.9750,true,1,177013
7290113195080,false,חלבה טורקית בטעם שוקו וניל 400 גרם,,,חלבה טורקית בטעם שוק,גרמים,500.00,100 גרם,false,,11.10,2.2200,true,1,176998
7290113195424,false,אטריות אורז דקות 5 מ,,,אטריות אורז דקות 5 מ,גרמים,400.00,100 גרם,false,,7.70,1.9250,true,1,177218
7290113195967,false,שיבולת שועל פחית 500 גרם,דין שיווק,IL,שיבולת שועל להכנה מי,גרמים,500.00,100 גרם,false,,8.50,1.7000,true,1,176601
7290113196353,false,אטריות אורז דקות 1 מ,,,אטריות אורז דקות 1 מ,גרמים,400.00,100 גרם,false,,7.70,1.9250,true,1,177219
7290113196513,false,פריכיות כוסמת בתוספת שקדים שקדיה 150 ג',זנבר המכללה לטבעונות,IL,פריכיות כוסמת שקדים,גרמים,150.00,100 גרם,false,,10.20,6.8000,true,1,177080
7290113196759,false,בית השיטה ירקות מעורבים צנ.פלסטיק 6*750 גרם,בית השיטה עסיס תעשיו,IL,ירקות מעורבים צנצנת,גרמים,750.00,100 גרם,false,,25.56,3.4080,true,1,195813
7290113196919,false,מנה חמה אטריות אורז בטעם עוף70 ג' סו שף,,,מנה חמה אטריות אורז,גרמים,60.00,100 גרם,false,,6.80,11.3333,true,1,299098
7290113196926,false,מנה חמה אטריות אורז בטעם ירקות 70 ג' סו שף,,,מנה חמה אטריות אורז,גרמים,60.00,100 גרם,false,,6.80,11.3333,true,1,299099
7290113196933,false,מנה חמה אטריות אורז בטעם טום יאס70 ג' סו שף,,,מנה חמה אטריות אורז,גרמים,60.00,100 גרם,false,,6.80,11.3333,true,1,299100
7290113196957,false,חטיפי תירס [טורטיה]בטעם ברביקיו 300 גרם,אן וי רוגר,BE,חטיפי תירס טורטיה בט,גרמים,300.00,100 גרם,false,,11.90,3.9667,true,1,269737
7290113197169,false,חמאת בוטנים טבעית 510 גרם,סופר נוטרי פודס,IN,חמאת בוטנים טבעית שק,גרמים,510.00,100 גרם,false,,13.60,2.6667,true,1,299115
7290113198067,false,פקאן מצופה שוקולד לבן 150 גרם,"דין שיווק וקליה בע""מ",IL,פקאן מצופה שוקולד לב,גרמים,150.00,100 גרם,false,,12.80,8.5333,true,1,177095
7290113198579,false,סוכריות גומי דובונים בטעמי פירות 200 ג' שקדיה,טופ גלוב,IL,סוכריות גומי דובונים,גרמים,200.00,100 גרם,false,,8.50,4.2500,true,1,235313
7290113198586,false,סוכריות גומי מסוכרות בטעם אפרסק 200 ג' שקדיה,טופ גלוב,IL,סוכריות גומי מסוכר ב,גרמים,200.00,100 גרם,false,,8.50,4.2500,true,1,235314
7290113199682,false,גרנולה שיבולת שועל עם פירות יבשים ומסוכרים 500ג' שקדיה,,,גרנולה שיבולת שועל ע,גרמים,500.00,100 גרם,false,,11.10,2.2200,true,1,279313
7290113199699,false,מוזלי שיבולת שועל עם בוטנים אגוזי לוז ושקדים 500ג' שקדיה,,,מוזלי עם בוטנים אגוז,גרמים,500.00,100 גרם,false,,11.10,2.2200,true,1,279140
7290113199903,false,סוכריות חמצוצים בטעם תות בננה 180 ג' שקדיה,,,סוכריות חמצוצים בטעם,גרמים,180.00,100 גרם,false,,8.50,4.7222,true,1,235331
7290113199934,false,סוכריות חמצוצים בטעם אוכמניות 180 ג' שקדיה,,,סוכריות חמצוצים בטעם,גרמים,180.00,100 גרם,false,,8.50,4.7222,true,1,235334
7290113289031,false,צלחות גדולות אלגנט כ,,,צלחות גדולות אלגנט כ,יחידה,0.00,יחידה,false,,11.03,0.0000,true,1,183488
7290113289161,false,קערות ענקיות אלגנט ק,,,קערות ענקיות אלגנט ק,יחידה,0.00,יחידה,false,,8.47,0.0000,true,1,183325
7290113289192,false,צלחות מתכלות יהלום ק,,,צלחות מתכלות יהלום ק,יחידה,0.00,יחידה,false,,8.50,0.0000,true,1,204626
7290113289208,false,צלחות מתכלות יהלום ג,,,צלחות מתכלות יהלום ג,יחידה,0.00,יחידה,false,,11.90,0.0000,true,1,204640
7290113289215,false,צלחות מתכלות יהלום ע,,,צלחות מתכלות יהלום ע,יחידה,0.00,יחידה,false,,17.10,0.0000,true,1,204641
7290113289338,false,צלחות דקל מרובעות ענ,,,צלחות דקל מרובעות ענ,יחידה,0.00,יחידה,false,,15.30,0.0000,true,1,233877
7290113289376,false,קערות דקל מרובעות 10,,,קערות דקל מרובעות 10,יחידה,0.00,יחידה,false,,14.50,0.0000,true,1,233927
7290113289543,false,כוסות שקופות 150 יחי,,,כוסות שקופות 150 יחי,יחידה,0.00,יחידה,false,,12.70,0.0000,true,1,233705
7290113289550,false,צלחות מתכלות גדולות,,,צלחות מתכלות גדולות,יחידה,0.00,יחידה,false,,25.60,0.0000,true,1,204611
7290113560055,false,"מי פה פרודונטקס לטיפול יום יומי 500 מ""ל",פרודונטקס Parodontax,GB,פרודונטקס מי פה 500,מיליליטרים,500.00,"100 מ""ל",false,,26.40,5.2800,true,1,97819
7290113560109,false,"משחת שיניים פרודונטקס הרבל 75 מ""ל",פרודונטקס Parodontax,SK,משחת שיניים בטעם צמח,מיליליטרים,75.00,"100 מ""ל",false,,27.30,36.4000,true,1,113305
7290113660908,false,סכין לבן P.P. א. 100,,,סכין לבן P.P. א. 100,יחידה,0.00,יחידה,false,,5.10,0.0000,true,1,49164
7290114310215,false,"**טרה שמנת מתוקה 38% 250 מ""ל בקבוק.",מילקו תעשיות בעמ,IL,שמנת מתוקה 38% בקבוק,מיליליטרים,250.00,"100 מ""ל",false,,5.53,2.2120,true,1,68711
7290114310222,false,חלב 1.5 ליטר 3% מועשר בסידן וויטמין D.,מילקו תעשיות בעמ,IL,חלב מועשר בסידן 1.5,ליטרים,1.50,ליטר,false,,9.80,6.5333,true,1,80548
7290114310246,false,גבינת גרנה פדנו מחלב בקר 29%,מחלבת משק צוריאל,IL,גרנה פדנו צ'אנק 125,גרמים,125.00,100 גרם,false,,16.20,12.9600,true,1,121198
7290114310253,false,גרנדה פדנו מגורדת 10,מחלבת משק צוריאל,IL,גרנה פדנו מגורדת 100,גרמים,100.00,100 גרם,false,,11.00,11.0000,true,1,121075
7290114310383,false,Muller Froop מולר יוגורט מוקצף בטעם וניל 90 גרם,מולר Muller,IL,יוגורט מוקצף בטעם ונ,גרמים,97.00,100 גרם,false,,4.50,4.6392,true,1,302851
7290114310390,false,"מולר פרופ קציפת יוגורט בננה לוטי 5% 150 מ""ל",מולר Muller,IL,יוגורט מוקצף בטעם בנ,גרמים,97.00,100 גרם,false,,4.50,4.6392,true,1,302852
7290114310406,false,מולר פרופ יוגורט מוקצף בטעם תות 97 גרם,מולר Muller,IL,יוגורט מוקצף בטעם תו,גרמים,97.00,100 גרם,false,,4.50,4.6392,true,1,302867
7290114310567,false,לאבנה עיזים 5% שומן 200 גרם,מחלבת משק צוריאל,IL,לאבנה עיזים 5% משק צ,גרמים,200.00,100 גרם,false,,12.50,6.2500,true,1,137600
7290114310895,false,סימפלי מולר מאגדת שמינייה מנגו תות 1.5% 150X8 גר',מולר Muller,IL,מאגדת שמינייה סימפלי,קילוגרמים,1.20,"ק""ג",false,,27.30,22.7500,true,1,185629
7290114311014,false,"משקה חלב אייס קפוצינו יטבתה 250 מ""ל פקק",טרה,IL,משקה חלב אייס קפוצ'י,מיליליטרים,250.00,"100 מ""ל",false,,5.00,2.0000,true,1,255769
7290114311021,false,"משקה חלב וניל עוגיות טרה 250 מ""ל פקק ספו",טרה,IL,משקה חלב וניל עוגיות,מיליליטרים,250.00,"100 מ""ל",false,,5.00,2.0000,true,1,255783
7290114311038,false,שמנת מתוקה עמידה 32% 250מל בקבוק,טרה,IL,שמנת מתוקה 32% בקבוק,מיליליטרים,250.00,"100 מ""ל",false,,6.20,2.4800,true,1,255810
7290114311076,false,"חמאת מולר צהובה עם שום, 200 גרם",מולר Muller,IL,חמאה צהובה עם שום מו,גרמים,200.00,100 גרם,false,,9.80,4.9000,true,1,252624
7290114311298,false,יוגורט מולר פרופ בטעם תות בננה מלון 150,מולר Muller,IL,מולר פרופ תות בננה מ,גרמים,150.00,100 גרם,false,,4.50,3.0000,true,1,279018
7290114311328,false,חלב נטול לקטוז 2% שומן מועשר בויטמין D,ג'י.אר.אמ.גרופו אלימ,IL,חלב נטול לקטוז טרה 1,ליטרים,1.00,ליטר,false,,6.40,6.4000,true,1,288902
7290114311359,false,יוגורט עם קציפת מנגו 3% שומן פרופ 150 ג' מולר,מולר Muller,IL,מולר פרופ מנגו 3% 15,גרמים,150.00,100 גרם,false,,4.50,3.0000,true,1,279004
7290114311434,false,מולר אקטיב יוגורט בטעם קרמל מלוח 200 גרם,מולר Muller,IL,מולר אקטיב בטעם קרמל,גרמים,200.00,100 גרם,false,,5.30,2.6500,true,1,302818
7290114311458,false,"חלב מועשר 3% וויטמין קרטון, 1 ל טרה",טרה,IL,קרטון חלב מועשר ויטמ,ליטרים,1.00,ליטר,false,,7.70,7.7000,true,1,304675
7290114311502,false,"משקה חלב בקבוק בטעם סחלב, 1 ליטר",מילקו תעשיות בעמ,IL,משקה חלב בטעם סחלב 1,ליטרים,1.00,ליטר,false,,10.40,10.4000,true,1,337709
7290114600927,false,עלי טורטיה חיטה מלאה מאסטר שף 320 גרם,אלקאטי קורביישיסי,TR,עלי טורטיה חיטה מלאה,גרמים,320.00,100 גרם,false,,8.50,2.6563,true,1,177624
7290114600941,false,מיונז מאסטר שף מיונז לחיץ 435 ג',רמיה סי.וי,NL,מאסטר שף מאסטר שף מ,גרמים,435.00,100 גרם,false,,11.90,2.7356,true,1,84280
7290114600989,false,"רוטב אלף האיים מאסטר שף 250 מ""ל",מאסטר שף,NL,מאסטר שף רוטב אלף הא,מיליליטרים,250.00,"100 מ""ל",false,,8.50,3.4000,true,1,84305
7290114600996,false,"רוטב שום מאסטר שף 250 מ""ל",מאסטר שף,NL,מאסטר שף רוטב שום 25,מיליליטרים,250.00,"100 מ""ל",false,,8.50,3.4000,true,1,84306
7290114603041,false,"פרי גרנולה בוטנים אגוזים וקוקוס, 300 ג'","אפקט טבעי בע""מ",IL,פרי גרנולה בוטנים אג,גרמים,300.00,100 גרם,false,,12.80,4.2667,true,1,110441
7290114603508,false,"רוטב להקצפה מאסטר שף 300 מ""ל",סיטי פוד,TH,מאסטר שף רוטב להקפצה,מיליליטרים,300.00,"100 מ""ל",false,,8.50,2.8333,true,1,105473
7290114603515,false,מאסטר שף רוטב קארי אדום 340 גרם,תאי סופרים,TH,מאסטר שף רוטב קארי א,גרמים,340.00,100 גרם,false,,11.90,3.5000,true,1,124648
7290114603522,false,מאסטר שף רוטב קארי ירוק 340 גרם,תאי סופרים,TH,מאסטר שף רוטב קארי י,גרמים,340.00,100 גרם,false,,11.90,3.5000,true,1,124649
7290114603539,false,קרוטונים למרק שום בצל מאסטר שף 350 גרם,מאסטר שף,IL,מאסטר שף קרוטונים למ,גרמים,350.00,100 גרם,false,,17.00,4.8571,true,1,181508
7290114603768,false,"מארז אג'קס כלורון נוזל לניקוי אסלות 750 מ""ל*2 יח'",cp,FR,אג'קס שירותים 750 מ',מיליליטרים,750.00,"100 מ""ל",false,,26.40,3.5200,true,1,84954
7290114604840,false,דפי אורז קוטר 16 מאסטר שף 400 ג',מאסטר שף,,דפי אורז קוטר 16 כשל,גרמים,400.00,100 גרם,false,,8.50,2.1250,true,1,124383
7290114604857,false,"דפי אורז מאסטר שף קוטר 22 ס""מ 400 גרם",לוק הונג טריידינג פר,VN,דפי אורז קוטר 22 כשל,גרמים,400.00,100 גרם,false,,8.50,2.1250,true,1,124384
7290114604864,false,מאסטר שף קוסקוס דק 350 גרם,דוידוביץ,IL,קוסקוס דק מאסטר שף 3,גרמים,350.00,100 גרם,false,,5.10,1.4571,true,1,177911
7290114604871,false,מאסטר שף קוסקוס בינוני 350 גרם,דוידוביץ,IL,קוסקוס בינוני מאסטר,גרמים,350.00,100 גרם,false,,5.10,1.4571,true,1,177710
7290114604895,false,ממרח ספייסי לחיץ מאסטר שף 446 גרם,מאסטר שף,NL,מאסטר שף ממרח ספייסי,גרמים,446.00,100 גרם,false,,11.90,2.6682,true,1,138901
7290114604901,false,ממרח שום לחיץ מאסטר שף 444 גרם,מאסטר שף,NL,מאסטר שף ממרח שום לח,גרמים,242.00,100 גרם,false,,11.90,4.9174,true,1,138902
7290114604949,false,מאסטר שף רוטב ברביקיו 524 גרם,רמיה סי.וי. הולנד,NL,מאסטר שף רוטב ברביקי,מיליליטרים,524.00,"100 מ""ל",false,,11.10,2.1183,true,1,138874
7290114606387,false,"מארז משחת שיניים אופטיק וויט פחם 2*75 מ""ל קולגייט",קולגייט פלמוליב,PL,משחת שיניים אופטיק ו,מיליליטרים,150.00,"100 מ""ל",false,,38.40,25.6000,true,1,133768
7290114606530,false,רוטב בטעם מיונז וקטשופ מאסטר שף 515 גרם,מאסטר שף,NL,מאסטר שף רוטב בטעם מ,גרמים,515.00,100 גרם,false,,11.90,2.3107,true,1,138887
7290114606547,false,מיונז פטריות כמהין לחיץ מאסטר שף 242 גרם,מאסטר שף,NL,מאסטר שף מיונז עם כמ,גרמים,242.00,100 גרם,false,,11.90,4.9174,true,1,138903
7290114606554,false,מיונז מופחת קלוריות בקבוק לחיץ,מאסטר שף,NL,מאסטר שף מיונז לייט,גרמים,470.00,100 גרם,false,,11.90,2.5319,true,1,138888
7290114606578,false,שקדי מרק מאסטר שף 400 גרם,מנה,IL,שקדי מרק מאסטר שף 40,גרמים,400.00,100 גרם,false,,9.30,2.3250,true,1,181509
7290114651806,false,בקבוק טריטן עם צמידי,,,"בקבוק טריטן 700 מ""ל",יחידה,0.00,יחידה,false,,21.30,0.0000,true,1,163165
7290115190014,false,סיגריות מרלבורו רד קצר בוקס,פיליפ מוריס,,סיגריות מרלבורו חפי,יחידה,0.00,יחידה,false,,35.00,0.0000,false,1,102006
7290115190335,false,ל.מ.בלו לייבל ארוך בוקס חפיסה,פיליפ מוריס,,אל אם בלו ארוך,יחידה,0.00,יחידה,false,,31.00,0.0000,false,1,143335
7290115190472,false,סיגריות נקסט פיין אדג',פיליפ מוריס,,נקסט פיין אדג` בודד,יחידה,0.00,יחידה,false,,26.00,0.0000,false,1,114286
7290115190519,false,סיגריות נקסט פיין חפ,פיליפ מוריס,,סיגריות נקסט (בודד),יחידה,0.00,יחידה,false,,30.00,0.0000,false,1,101992
7290115190595,false,סיגריות נקסט אוריגינ,פיליפ מוריס,,סיגריות נקסט(בודד),יחידה,0.00,יחידה,false,,30.00,0.0000,false,1,101976
7290115200003,false,אסם פתי בר פינוקי וניל 220 גרם,תאי פרזידנט פוד פאבל,PL,פתי בר פינוקי וניל 2,גרמים,220.00,100 גרם,false,,8.50,3.8636,true,1,110681
7290115200027,false,פתי בר פינוקי שוקו 220 גר' אסם.,DR GERARD,PL,פתי בר פינוקי שוקו 2,גרמים,220.00,100 גרם,false,,8.50,3.8636,true,1,110682
7290115200713,false,במבה קלאסי מארז אחיד 8 50*5 ג',אסם,IL,מארז במבה קלאסי אסם,גרמים,250.00,100 גרם,false,,10.20,4.0800,true,1,112574
7290115201475,false,טבעול גורמה לביבות כרישה 434 גרם,טבעול (מקבוצת אסם הש,IL,טבעול גורמה לביבות כ,גרמים,434.00,100 גרם,false,,29.90,6.8894,true,1,279211
7290115201680,false,ביסלי ברביקיו 70 גרם,"אסם השקעות בע""מ",IL,ביסלי ברביקיו 70 גרם,גרמים,70.00,100 גרם,false,,3.40,4.8571,true,1,117084
7290115202786,false,מנה חמה פאוצ נדלס.אטר.טעם בקר 70 גרם,אסם,IL,מנה חמה פאוצ' נדלסאט,גרמים,70.00,100 גרם,false,,4.20,6.0000,true,1,137709
7290115202816,false,מנה חמה פאוצ נדלס.אטר.טעם עוף 70 גרם,אסם,IL,מנה חמה פאוצ' נדלסאט,גרמים,70.00,100 גרם,false,,4.20,6.0000,true,1,137710
7290115202847,false,מנה חמה פאוצ' נדלס ספייסי אסם 70 ג',אסם,IL,מנה חמה פאוצ' נדלסאט,גרמים,70.00,100 גרם,false,,4.20,6.0000,true,1,137711
7290115202939,false,מנה חמה רייס נודלס עוף פטריות 50 ג' אסם,מיוצר עי קונדיטוריית,TH,מנה חמה רייס נודלס ע,גרמים,50.00,100 גרם,false,,6.80,13.6000,true,1,199287
7290115203172,false,במבה PRO מכיל 18 גרם חלבון בשקית,"אסם השקעות בע""מ",IL,במבה אסם 80 גרם PRO,גרמים,80.00,100 גרם,false,,3.80,4.7500,true,1,277308
7290115203486,false,אסם פירורית בטעם ביסלי גריל 200 גרם,עינת תעשיות מזון אגו,IL,אסם פירורית בטעם ביס,גרמים,200.00,100 גרם,false,,5.60,2.8000,true,1,143874
7290115204056,false,אסם קטשופ 56% פחות סוכר 690 גרם,אסם,IL,אסם קטשופ מופחת סוכר,גרמים,690.00,100 גרם,false,,9.00,1.3043,true,1,144950
7290115204247,false,ממרח עגבניות מיובשות 190 ג' צבר,צבר,IL,עגבניות מיובשות המעד,גרמים,190.00,100 גרם,false,,12.80,6.7368,true,1,238293
7290115205176,false,פיטנס - קרקר דק כפרי פיטנס 140 גרם,נסטלה Nestle,IL,פיטנס קרקר THIN כפרי,גרמים,140.00,100 גרם,false,,10.20,7.2857,true,1,197845
7290115205312,false,קרקר פיטנס דק עם זיתי קלמטה ועשבי תיבול,"אסם השקעות בע""מ",IL,פיטנס קרקר Thin Deli,גרמים,140.00,100 גרם,false,,10.20,7.2857,true,1,268101
7290115205527,false,חטיף פיטנס מולטיגריין עם עדשים 25 גרם,פיטנס,IL,פיטנס חטיף מולטגריין,גרמים,25.00,100 גרם,false,,4.20,16.8000,true,1,270027
7290115205541,false,חטיף פיטנס מולטיגריין עם חומוס 25 גרם,"אסם השקעות בע""מ",IL,פיטנס חטיף מולטיגריי,גרמים,25.00,100 גרם,false,,4.20,16.8000,true,1,270028
7290115205978,false,פתיבר ואצבעות שוקולד 180 גרם - רבנות,"ד""ר ג'רארד בע""מ",PL,פתי בר אצבעות שוקולד,גרמים,180.00,100 גרם,false,,8.50,4.7222,true,1,239340
7290115207163,false,פרפקטו ניוקי בזיליקום ושום 500 ג' אסם,איטלניוקי,IT,ניוקי בזיליקום ושום,גרמים,500.00,100 גרם,false,,11.10,2.2200,true,1,214771
7290115207484,false,"""המעדניה"" צבר חציל על האש 400 גרם",ג'נרל מילס סאן אדריא,IL,חציל על האש היתר צבר,גרמים,400.00,100 גרם,false,,13.20,3.3000,true,1,221731
7290115207620,false,"רוטב בסגנון סויה קלאסי 290 מ""ל אסם",אסם,IL,אסם רוטב בסגנון סויה,מיליליטרים,320.00,"100 מ""ל",false,,11.00,3.4375,true,1,267978
7290115207682,false,"אסם רוטב בסגנון סויה סיני 290 מ""ל",אסם,IL,אסם רוטב בסגנון סויה,מיליליטרים,330.00,"100 מ""ל",false,,8.10,2.4545,true,1,267935
7290115207941,false,ויטמינצ'יק תרכיז אננס 1 ליטר,בית-השיטה עסיס תעשיו,IL,ויטמינצ'יק אננס 1 לי,ליטרים,1.00,ליטר,false,,19.30,19.3000,true,1,227003
7290115207965,false,ויטמינצ'יק תרכיז מנגו אפרסק 1 ליטר,בית-השיטה עסיס תעשיו,IL,ויטמינצ'יק מנגו 1 לי,ליטרים,1.00,ליטר,false,,19.30,19.3000,true,1,227020
7290115207989,false,ויטמינצ'יק תרכיז לימון 1 ליטר,בית-השיטה עסיס תעשיו,IL,ויטמינצ'יק לימון 1 ל,ליטרים,1.00,ליטר,false,,19.30,19.3000,true,1,227004
7290115208009,false,ויטמינצ'יק תרכיז ענבים 1 ליטר,בית-השיטה עסיס תעשיו,IL,ויטמינצ'יק ענבים 1 ל,ליטרים,1.00,ליטר,false,,19.30,19.3000,true,1,227021
7290115208320,false,אפרופו חטיף בטעם ביסלי בצל 50 גרם,"אסם השקעות בע""מ",IL,אפרופו בטעם ביסלי בצ,גרמים,50.00,100 גרם,false,,4.30,8.6000,true,1,308807
7290115209136,false,"טבעול חטיפי עוף צימחי העדה החרדית 1ק""ג",טבעול ישראל,IL,חטיפים צמחוניים בטעם,קילוגרמים,1.20,"100 ק""ג",false,,34.20,2850.0000,true,1,288811
7290115209372,false,במבה במילוי בראוניז 150ג' אסם,"אסם השקעות בע""מ",IL,במבה במילוי בראוניז,גרמים,150.00,100 גרם,false,,8.60,5.7333,true,1,308520
7290115403299,false,עוגיות פרפריות אדל 4,,,עוגיות פרפריות אדל 4,גרמים,450.00,100 גרם,false,,13.60,3.0222,true,1,257744
7290115403312,false,עוגיות מלוחות קריספי,,,עוגיות מלוחות קריספי,גרמים,450.00,100 גרם,false,,13.60,3.0222,true,1,257746
7290115403343,false,עוגיות פסים עלים מסו,,,עוגיות פסים עלים מסו,גרמים,450.00,100 גרם,false,,13.60,3.0222,true,1,257748
7290115403350,false,עוגיות רשת שוקו מסוכ,,,עוגיות רשת שוקו מסוכ,גרמים,450.00,100 גרם,false,,13.60,3.0222,true,1,257749
7290115403367,false,עוגיות קוואקר פריכות,,,עוגיות קוואקר פריכות,גרמים,500.00,100 גרם,false,,13.60,2.7200,true,1,257750
7290115403381,false,עוגיות פיצפוצים לבן,,,עוגיות פיצפוצים לבן,גרמים,500.00,100 גרם,false,,13.60,2.7200,true,1,257752
7290115403435,false,עוגיות מעמול תמר אדל,,,עוגיות מעמול תמר אדל,גרמים,500.00,100 גרם,false,,13.60,2.7200,true,1,257757
7290115403459,false,עוגיות נסיכה בטעם תו,,,עוגיות נסיכה בטעם תו,גרמים,500.00,100 גרם,false,,13.60,2.7200,true,1,257759
7290115403466,false,עוגיות נסיכה מיקס אד,,,עוגיות נסיכה מיקס אד,גרמים,500.00,100 גרם,false,,13.60,2.7200,true,1,257760
7290115403480,false,עוגיות בסגנון מרוקאי,,,עוגיות בסגנון מרוקאי,גרמים,500.00,100 גרם,false,,13.60,2.7200,true,1,257762
7290115403503,false,עוגיות פרסה תמרים אד,,,עוגיות פרסה תמרים אד,גרמים,500.00,100 גרם,false,,13.60,2.7200,true,1,257763
7290115403510,false,עוגיות מגולגלות תמרי,,,עוגיות מגולגלות תמרי,גרמים,500.00,100 גרם,false,,13.60,2.7200,true,1,257764
7290115403527,false,עוגיות עינוגי תמרים,,,עוגיות עינוגי תמרים,גרמים,500.00,100 גרם,false,,13.60,2.7200,true,1,257765
7290115403565,false,עוגיות קיפל וניל אדל,,,עוגיות קיפל וניל אדל,גרמים,500.00,100 גרם,false,,13.60,2.7200,true,1,257769
7290115405088,false,קינוח אישי קדאיף קפולסקי 200 גרם,קפולסקי אדל בעמ,IL,קינוח אישי קדאיף-200,גרמים,200.00,100 גרם,false,,12.80,6.4000,true,1,65019
7290115405118,false,קינוח אישי גבינה תענוג תות קפולסקי 200 ג,קפולסקי אדל בעמ,IL,קינוח אישי תענוג תות,גרמים,200.00,100 גרם,false,,12.80,6.4000,true,1,65022
7290115405774,false,פחזניות ממולאות בטעם וניל קפולסקי 180 גר,תופינים מקבוצת קפולס,IL,פחזניות בטעם וניל תו,גרמים,180.00,100 גרם,false,,12.80,7.1111,true,1,265719
7290115405798,false,פחזניות ממולאות בטעם ריבת חלב קפולסקי,קפולסקי אדל בעמ,IL,פחזניות בטעם ריבת חל,גרמים,180.00,100 גרם,false,,12.80,7.1111,true,1,265734
7290115405804,false,פחזניות ממולאות בטעם תות קפולסקי 180 גרם,קפולסקי אדל בעמ,IL,פחזניות בטעם תות תופ,גרמים,180.00,100 גרם,false,,12.80,7.1111,true,1,265735
7290115405811,false,גבינה עוגיות קפולסקי 200 גרם,קפולסקי אדל בעמ,IL,קינוח אישי גבינה פרו,גרמים,200.00,100 גרם,false,,12.80,6.4000,true,1,267667
7290115405828,false,קינוח אישי גבינה אוכמניות קפולסקי 200 גר,קפולסקי אדל בעמ,IL,קינוח אישי גבינה אוכ,גרמים,200.00,100 גרם,false,,12.80,6.4000,true,1,267668
7290115410068,false,סלט חציל במיונז 400 גר',סלטי היום,IL,חציל במיונז 400 גרם,גרמים,400.00,100 גרם,false,,9.40,2.3500,true,1,176000
7290115410075,false,טחינה 400 גרם סלטי ה,סלטי היום,IL,טחינה 400 גרם סלטי ה,גרמים,400.00,100 גרם,false,,9.40,2.3500,true,1,176001
7290115410082,false,סלט טורקי סלטי היום,סלטי היום,IL,טורקי 400 גרם סלטי ה,גרמים,400.00,100 גרם,false,,9.40,2.3500,true,1,176002
7290115410099,false,מטבוחה סלטי היום 400,סלטי היום,IL,מטבוחה 400 גרם סלטי,גרמים,400.00,100 גרם,false,,9.40,2.3500,true,1,176018
7290115410112,false,חומוס 400 גרם סלטי ה,סלטי היום,IL,חומוס 400 גרם סלטי ה,גרמים,400.00,100 גרם,false,,9.40,2.3500,true,1,176004
7290115410150,false,כרוב אדום סלטי היום,סלטי היום,IL,כרוב אדום 400 גרם סל,גרמים,400.00,100 גרם,false,,9.40,2.3500,true,1,232339
7290115410549,false,המעדניה חומוס ירושלים 250 גר',סלטי היום,IL,חומוס מסעדות המעדניה,גרמים,250.00,100 גרם,false,,9.40,3.7600,true,1,175923
7290115410556,false,המעדניה חומוס מסבחה ירוק 250 גר',סלטי היום,IL,חומוס מסבחה 250 גרם,גרמים,250.00,100 גרם,false,,9.40,3.7600,true,1,175950
7290115410594,false,המעדניה חציל תיאלנדי 250 גר',סלטי היום,IL,חציל תאילנדי 250 גרם,גרמים,250.00,100 גרם,false,,9.40,3.7600,true,1,175967
7290115410600,false,המעדניה חציל במיונז 250 גר',סלטי היום,IL,חציל במיונז 250 גרם-,גרמים,250.00,100 גרם,false,,9.40,3.7600,true,1,175968
7290115670677,false,גרנולה פירות טרופיים אנרגי 400 גרם,,CZ,אנרג'י גרנולה שיבולת,גרמים,400.00,100 גרם,false,,11.90,2.9750,true,1,142962
7290115670691,false,גרנולה שיבולת שועל עם פירות יער,אנרג'י Energy - שטראוס,CZ,אנרג'י גרנולה שיבולת,גרמים,400.00,100 גרם,false,,11.90,2.9750,true,1,142964
7290115671339,false,מיני פינוקיות בראוניז בייגל בוטן עלית 180 ג' עלית,הגביע מוצרי ופלים בע,IL,מיני פינוקיות בראוני,גרמים,180.00,100 גרם,false,,9.40,5.2222,true,1,166006
7290115675559,false,מארז קפה טורקי לדרך 70ג' עלית,שטראוס קפה בי.וי.,IL,מארז קפה טורקי לדרך,גרמים,70.00,100 גרם,false,,6.80,9.7143,true,1,118025
7290115675696,false,דגני בוקר קראנצ'ים שיבולת שועל עם אגוזים ושקדים,גלידות שטראוס,IL,דגני בוקר קוואקר שיב,גרמים,375.00,100 גרם,false,,17.10,4.5600,true,1,160784
7290115675986,false,יוגורט עם אגוזי לוז ושקדים בקרמל מלוח 4.5%,"שטראוס בריאות בע""מ",IL,דנונה קראנצ' אגוזים,גרמים,173.00,100 גרם,false,,4.20,2.4277,true,1,117489
7290115676082,false,משקה דנונה פרו 20 יוגורט תות 255 ג' רבנות,"שטראוס בריאות בע""מ.",IL,משקה יוגורט עם חלבון,גרמים,255.00,100 גרם,false,,6.20,2.4314,true,1,146093
7290115676099,false,משקה דנונה פרו 20 יוגורט וניל 255 ג' רבנות,"שטראוס בריאות בע""מ.",IL,משקה יוגורט עם חלבון,גרמים,265.00,100 גרם,false,,6.20,2.3396,true,1,146056
7290115677140,false,תפוצ'יפס WAVY פפריקה 200 גרם,שטראוס פריטו ליי בע”,IL,תפוצ'יפס wavy פפריקה,גרמים,200.00,100 גרם,false,,9.30,4.6500,true,1,323181
7290115677423,false,אורז ירוק קארי חריף חריף דלישס 350 גרם,"טרופיקל דגיל בע""מ אז",IL,אורז קארי ירוק חריף,גרמים,350.00,100 גרם,false,,23.80,6.8000,true,1,193267
7290115677966,false,ממרח אבוקדו 200 ג' שטראוס,ג'י. אר. סימפלוט,MX,ממרח אבוקדו אחלה 200,גרמים,200.00,100 גרם,false,,12.80,6.4000,true,1,183672
7290115678222,false,מארז 8 גביעים יוגורט Greek בסגנון יווני 6.5% שומן,דנונה - שטראוס,IL,מארז שמינייה יוגורט,גרמים,130.00,100 גרם,false,,20.50,15.7692,true,1,146108
7290115678376,false,מעדן הגולן שוקולד 125 גרם,מיוצר עי קונדיטוריית,IL,מעדן הגולן מעדן חלב,גרמים,125.00,100 גרם,false,,2.60,2.0800,true,1,167586
7290115678383,false,מעדן הגולן שוקולד מריר 125 גרם,מיוצר עי קונדיטוריית,IL,מעדן הגולן מעדן חלב,גרמים,125.00,100 גרם,false,,2.60,2.0800,true,1,167600
7290115678642,false,נשנושי גבינה 16% עם חטיף אפוי עם זיתים 67 ג' שטראוס,"מחלבת טבע עז בע""מ",IL,נשנושי גבינה עם חטיף,גרמים,67.00,100 גרם,false,,9.40,14.0299,true,1,270822
7290116244037,false,חד קרן אצבעות שוקולד חלב 84 גרם,,NL,אצבעות שוקולד חלב חד,גרמים,84.00,100 גרם,false,,6.80,8.0952,true,1,231907
7290116244051,false,אצבעות שוקולד חלב 84 גרם LOL,,NL,אצבעות שוקולד חלב 84,גרמים,84.00,100 גרם,false,,6.80,8.0952,true,1,231909
7290116244082,false,מפרץ הרפתקאות אצבעות שוקולד חלב 84 גרם,,NL,אצבעות שוקולד חלב מפ,גרמים,84.00,100 גרם,false,,6.80,8.0952,true,1,231912
7290116270715,false,פילה ברבוניה ארוז בו,,,פילה ברבוניה ארוז בו,יחידה,0.00,יחידה,false,,21.30,0.0000,true,1,239823
7290116512402,false,גרבי נשים קיפולך 36-,,,גרבי נשים קיפולך 36-,יחידה,0.00,יחידה,false,,34.11,0.0000,true,1,194586
7290116530888,false,ג'ל לכביסה לבנה וצבעונית פינוק כחול בדין 2.5 ל',"זוהר דליה, קיבוץ דלי",IL,ג'ל כביסה בניחוח פינ,ליטרים,2.50,ליטר,false,,26.40,10.5600,true,1,168256
7290116531496,false,דגני בוקר קינמונים 375 ג' תלמה,נאוג'אזיס נווזיס UAB,LT,דגני בוקר קינמונים ת,גרמים,375.00,100 גרם,false,,17.00,4.5333,true,1,238101
7290116533063,false,דגני בוקר שוגי קרטיב ענבים 400 גרם,אתר שפע - Food,IL,שוגי דגני בוקר בטעם,גרמים,400.00,100 גרם,false,,17.10,4.2750,true,1,270474
7290116930459,false,"יופלה שייק מנגו בננה אננס וקוקוס 230 מ""ל",קבוצת המזון אקטשלאר,IL,יופלה SHAKE בננה אנ,מיליליטרים,230.00,"100 מ""ל",false,,6.80,2.9565,true,1,278306
7290116930466,false,"משקה SHAKE בננה מנגן פסיפלורה והל 230 מ""ל יופלה",קבוצת המזון אקטשלאר,IL,יופלה SHAKE מנגו בנ,מיליליטרים,230.00,"100 מ""ל",false,,6.80,2.9565,true,1,278307
7290116930626,false,ארוחה בקטנה ציזיקי עם קרקרים 150ג' תנובה,תנובה,IL,ציזיקי עם קרקרים תנו,גרמים,150.00,100 גרם,false,,6.80,4.5333,true,1,278248
7290116930657,false,משקה חלב גו בטעם בננה תמר עם ש. שועל 340,תנובה מרכז שיתופי לש,IL,משקה GO בננה תמר עם,מיליליטרים,340.00,"100 מ""ל",false,,6.80,2.0000,true,1,322379
7290116930718,false,מעדן תנובה דיאט בטעם שוקולד וקרמל מלוח 0% 150ג' תנובה,"תנובה בע""מ",IL,מעדן דיאט בטעם שוקו,גרמים,150.00,100 גרם,false,,3.30,2.2000,true,1,279750
7290116930954,false,יוגורט טעם פאי תפוחים 3% 150 ג' יופלה,"תנובה בע""מ",IL,יופלה בטעם פאי תפוחי,מיליליטרים,150.00,"100 מ""ל",false,,4.40,2.9333,true,1,322332
7290116931012,false,יופלה דיאט 0% שומן תפוח וקינמון 150 גרם,תנובה מרכז שיתופי לש,IL,יופלה דיאט 0% שומן ת,מיליליטרים,150.00,"100 מ""ל",false,,4.40,2.9333,true,1,322347
7290116931074,false,פרוסות טל העמק 32% שומן 300 גרם,"תנובה בע""מ",IL,גבינת טל העמק 32% שו,גרמים,300.00,100 גרם,false,,23.00,7.6667,true,1,288362
7290116931159,false,יופלה דיאט 0% שומן תות בננה 150 גרם,תנובה מרכז שיתופי לש,IL,יופלה דיאט 0% שומן ת,מיליליטרים,150.00,"100 מ""ל",false,,4.40,2.9333,true,1,322363
7290116931289,false,יוגורט GO סמיך 0% אלפחורס 200 גרם,תנובה מרכז שיתופי לש,IL,יוגורט גו סמיך 0% אל,גרמים,200.00,100 גרם,false,,5.30,2.6500,true,1,320450
7290117260104,false,חטיף גבינה לבנה בטעם תות שדה בציפוי שוקו,ז'ייאסבי,LT,חטיף גבינה לבנה בטעם,גרמים,120.00,100 גרם,false,,12.80,10.6667,true,1,286994
7290117260111,false,חטיף גבינה לבנה בטעם קרם ברולה בציפוי שו,ז'ייאסבי,LT,חטיף גבינה לבנה בטעם,גרמים,120.00,100 גרם,false,,12.80,10.6667,true,1,286995
7290117260449,false,גבינה בולגרית מעודנת למריחה בטעם טבעי 5% שומן 200 ג' יורו,"חת""ס",IL,גבינה בולגרית מעודנת,גרמים,200.00,100 גרם,false,,10.20,5.1000,true,1,279977
7290117260456,false,גבינה בולגרית מעודנת למריחה עם זיתים 5% שומן 200 ג' יורו,"חת""ס",IL,גבינה בולגרית מעודנת,גרמים,200.00,100 גרם,false,,10.20,5.1000,true,1,279991
7290117260463,false,גבינה בולגרית מעודנת למריחה עם חלפיניו 5% שומן 200 ג' יורו,Euro יורו מחלבות אירופה,IL,גבינה בולגרית מעודנת,גרמים,200.00,100 גרם,false,,10.20,5.1000,true,1,279992
7290117260470,false,גבינה בולגרית מעודנת למריחה עם שום 5% שומן 200 ג' יורו,"חת""ס",IL,גבינה בולגרית מעודנת,גרמים,200.00,100 גרם,false,,10.20,5.1000,true,1,279993
7290117260562,false,חמאה כפרית מסורתית בגביע,וילי פוד,TR,חמאה בגביע יורו 225,גרמים,225.00,100 גרם,false,,14.50,6.4444,true,1,322893
7290117260593,false,חטיף קראנצ'י על בסיס קמח עדשים בטעם צ'דר 80 ג',וילי פוד,LT,חטיף קראנצ'י על בסיס,גרמים,80.00,100 גרם,false,,6.80,8.5000,true,1,306946
7290117260890,false,פופקורן בציפוי בטעם קוקוס 90 גרם,אלאלסי,UA,פופקורן בטעם קוקוס ו,גרמים,90.00,100 גרם,false,,6.80,7.5556,true,1,231008
7290117260906,false,פופקורן בציפוי בטעם פירות 90 גרם,אלאלסי,UA,פופקורן בטעם פירות ו,גרמים,90.00,100 גרם,false,,6.80,7.5556,true,1,231009
7290117260913,false,פופקורן בציפוי בטעם שוקולד 90 גרם,אלאלסי,UA,פופקורן בטעם שוקולד,גרמים,90.00,100 גרם,false,,6.80,7.5556,true,1,231010
7290117261354,false,גבינת ריקוטה 200 גרם 5%שומן מחלבת אירופה,באלבן גידה סנאי,TR,גבינת ריקוטה 5% שומ,גרמים,200.00,100 גרם,false,,8.50,4.2500,true,1,277336
7290117261422,false,EURO יוגורט פרוביוטי עם תות שדה 2% 125 גרם,Euro יורו מחלבות אירופה,TR,יוגורט פרוביוטי עם ת,גרמים,125.00,100 גרם,false,,2.50,2.0000,true,1,322844
7290117261439,false,EURO יוגורט פרוביוטי עם פירות יער 2% 125 גרם,Euro יורו מחלבות אירופה,TR,יוגורט פרוביוטי עם פ,גרמים,125.00,100 גרם,false,,2.50,2.0000,true,1,322845
7290117261446,false,יוגורט פרוביוטי עם אפרסק ומשמש 2%שומן 125ג',Euro יורו מחלבות אירופה,TR,יוגורט פרוביוטי אפרס,גרמים,125.00,100 גרם,false,,2.50,2.0000,true,1,322846
7290117261521,false,סלמון אטלנטי בשמן קנולה וילי פוד 120 גר,וילי פוד,LV,סלמון אטלנטי בשמן קנ,גרמים,120.00,100 גרם,false,,9.40,7.8333,true,1,304579
7290117261545,false,סלמון אטלנטי ברוטב טריאקי וילי פוד 120 ג,וילי פוד,LV,סלמון אטלנטי ברוטב ט,גרמים,120.00,100 גרם,false,,9.40,7.8333,true,1,304581
7290117261576,false,סרדינים בריסלינג מעושנים ברוטב עגבניות 129 גרם,ליסיט,LV,סרדינים בריסלינג מעו,גרמים,185.00,100 גרם,false,,11.90,6.4324,true,1,304547
7290117261583,false,סרדינים בריסלינג מעושנים בשמן קנולה 129 גרם (צנצנת),ליסיט,LV,סרדינים בריסלינג מעו,גרמים,185.00,100 גרם,false,,11.90,6.4324,true,1,304548
7290117261590,false,סרדינים בריסלינג מעושנים בשמן זית 129 גרם,ליסיט,LV,סרדינים בריסלינג מעו,גרמים,185.00,100 גרם,false,,11.90,6.4324,true,1,304549
7290117261606,false,פרוסות צהובה בטעם טבעי טבעוני 140 גרם,קוליוס,GR,צהובה טבעונית בטעם ט,גרמים,140.00,100 גרם,false,,12.80,9.1429,true,1,302374
7290117261620,false,פרוסות צהובה בטעם מעושן טבעוני 140 גרם,קוליוס,GR,צהובה טבעונית בטעם מ,גרמים,140.00,100 גרם,false,,12.80,9.1429,true,1,302419
7290117261637,false,פרוסות צהובה בטעם צילי טבעוני 140 גרם,קוליוס,GR,צהובה טבעונית בטעם צ,גרמים,140.00,100 גרם,false,,12.80,9.1429,true,1,302420
7290117261675,false,מגורדת טבעונית בטעם צ'דר 200 גרם,קוליוס,GR,צהובה טבעונית מגורדת,גרמים,200.00,100 גרם,false,,12.80,6.4000,true,1,302424
7290117261927,false,גבינת פקורינו מחלב כבשים צאנק 150 גרם,אל פסטור,ES,גבינת פקורינו מחלב כ,גרמים,150.00,100 גרם,false,,17.10,11.4000,true,1,304645
7290117261989,false,גבינת מנורי רכה מחלב צאן 43% שומן 170 גרם,קוליוס,GR,גבינת מנורי גבינה רכ,גרמים,170.00,100 גרם,false,,15.30,9.0000,true,1,279793
7290117380154,false,"מאסטר שף רוטב אסיאתי עם סויה 260 מ""ל",Remia CV,NL,רוטב אסיאתי עם סויה,מיליליטרים,264.00,"100 מ""ל",false,,8.50,3.2197,true,1,257291
7290117380864,false,עוגות בראוניס אישיות בטעם שוקולד 120 ג' סלים דליס פייבר,הלמה הלום,NL,סלים דליס פייבר - עו,גרמים,120.00,100 גרם,false,,9.30,7.7500,true,1,270446
7290117380888,false,מרבה טייק אווי עוגיות סנדוויץ 140 גרם,,NL,מרבה טייק אווי - עוג,גרמים,140.00,100 גרם,false,,8.50,6.0714,true,1,306753
7290117381205,false,מאסטר שף שמן שומשום,,,מאסטר שף שמן שומשום,מיליליטרים,370.00,"100 מ""ל",false,,19.60,5.2973,true,1,320465
7290117823798,false,בדיקה עצמית מהירה לזיהוי אנטיגן 5 יח,,CN,בדיקה עצמית מהירה לז,יחידה,0.00,יחידה,false,,34.20,0.0000,true,1,225965
7290117860045,false,שמפו תמציות אלוורה ותה ירוק לשיער רגיל,"טרופיקל גליל בע""מ",IL,שמפו מטפח לשיער רגיל,מיליליטרים,700.00,"100 מ""ל",false,,12.80,1.8286,true,1,313844
7290117860090,false,מרכך תמציות אלוורה ותה ירוק לשיער רגיל,"טרופיקל גליל בע""מ",IL,מרכך מטפח לשיער רגיל,מיליליטרים,700.00,"100 מ""ל",false,,12.80,1.8286,true,1,313845
7290117860144,false,שמפו למניעת קשקשים לשימוש יומיומי,"טרופיקל גליל בע""מ",IL,שמפו נגד קשקשים הווא,מיליליטרים,700.00,"100 מ""ל",false,,12.80,1.8286,true,1,313846
7290117860182,false,"הוואי - תחליב רחצה בניחוח מגנוליה ושמן שקדים 700 מ""ל","טרופיקל גליל בע""מ",IL,תחליב רחצה בניחוח מג,מיליליטרים,700.00,"100 מ""ל",false,,12.80,1.8286,true,1,317519
7290117860199,false,שמפו שמן ורד הבר ושמן מקדמיה לשיער יבש,"טרופיקל גליל בע""מ",IL,שמפו לשיער יבש הוואי,מיליליטרים,700.00,"100 מ""ל",false,,12.80,1.8286,true,1,313847
7290117860236,false,"הוואי - קרם רחצה בניחוח ויולה ורודה 700 מ""ל","טרופיקל גליל בע""מ",IL,תחליב רחצה בניחוח וי,מיליליטרים,700.00,"100 מ""ל",false,,12.80,1.8286,true,1,317520
7290117860281,false,"הוואי - ג'ל רחצה לגבר בניחוח עוצמתי 700 מ""ל","טרופיקל גליל בע""מ",IL,ג'ל רחצה לגבר בניחוח,מיליליטרים,700.00,"100 מ""ל",false,,12.80,1.8286,true,1,317521
7290117860298,false,שמפו קומפלקס קרטין לשיער עדין או חלש,"טרופיקל גליל בע""מ",IL,שמפו קרטין מחזק הווא,מיליליטרים,700.00,"100 מ""ל",false,,12.80,1.8286,true,1,318873
7290117860335,false,"ג'ל רחצה לגבר בניחוח מעורר 700 מ""ל הוואי","טרופיקל גליל בע""מ",IL,ג'ל רחצה לגבר בניחוח,מיליליטרים,700.00,"100 מ""ל",false,,12.80,1.8286,true,1,317522
7290117860342,false,מרכך קומפלקס קרטין לשיער עדין או חלש,"טרופיקל גליל בע""מ",IL,מרכך קרטין מחזק הווא,מיליליטרים,700.00,"100 מ""ל",false,,12.80,1.8286,true,1,318874
7290117860380,false,"תחליב רחצה יוגורט בניחוח אלוורה 700 מ""ל הוואי","טרופיקל גליל בע""מ",IL,תחליב רחצה יוגורט בנ,מיליליטרים,700.00,"100 מ""ל",false,,12.80,1.8286,true,1,317523
7290117860496,false,שמפו + מרכך 2 ב 1 לגבר תמצית ג'ינג'ר,"טרופיקל גליל בע""מ",IL,שמפו לגבר + מרכך 2ב-,מיליליטרים,700.00,"100 מ""ל",false,,12.80,1.8286,true,1,313851
7290117860540,false,"הוואי - שמפו עדין לילדים 700 מ""ל","טרופיקל גליל בע""מ",IL,שמפו הוואי ילדים 700,מיליליטרים,0.00,"100 מ""ל",false,,12.80,0.0000,true,1,313852
7290117860595,false,"הוואי - מרכך מתיר קשרים לילדים 700 מ""ל","טרופיקל גליל בע""מ",IL,מרכך הוואי מתיר קשרי,מיליליטרים,700.00,"100 מ""ל",false,,12.80,1.8286,true,1,318875
7290117860649,false,"שמפו קרטין, שמן קיק ומי ורדים","טרופיקל גליל בע""מ",IL,שמפו ללא סולפטים הוו,מיליליטרים,700.00,"100 מ""ל",false,,12.80,1.8286,true,1,318876
7290117860694,false,"מרכך קרטין, שמן קיק ומי ורדים","טרופיקל גליל בע""מ",IL,מרכך ללא סולפטים הוו,מיליליטרים,700.00,"100 מ""ל",false,,12.80,1.8286,true,1,318877
7290117860847,false,"הוואי רעננות מושלמת לגבר לשיער, גוף, פנים וזקן","טרופיקל גליל בע""מ",IL,שמפו 4 ב 1 לגבר רעננ,מיליליטרים,700.00,"100 מ""ל",false,,12.80,1.8286,true,1,318880
7290117860892,false,"הוואי - תחליב רחצה יוגורט בניחוח וניל ודבש 700 מ""ל","טרופיקל גליל בע""מ",IL,תחליב רחצה יוגורט בנ,מיליליטרים,700.00,"100 מ""ל",false,,12.80,1.8286,true,1,317524
7290117900932,false,גרעיני אבטיח קלויים,,,גרעיני אבטיח קלויים,גרמים,130.00,100 גרם,false,,9.40,7.2308,true,1,271488
7290117900956,false,תערובת פיצוחים קלויים 180 גרם,,IL,תערובת פיצוחים קלויי,גרמים,180.00,100 גרם,false,,13.60,7.5556,true,1,271490
7290117900963,false,בוטנים קלויים 270 גרם,,IL,בוטנים קלויים 270 גר,גרמים,270.00,100 גרם,false,,9.40,3.4815,true,1,271491
7290117900970,false,שקדים קלויים 180 גרם,,IL,שקד קלוי 180 גרם,גרמים,180.00,100 גרם,false,,13.60,7.5556,true,1,271492
7290117900987,false,אגוזי פקאן קלוף 140 גרם,,IL,פקאן קלוף 140 גרם,גרמים,140.00,100 גרם,false,,13.60,9.7143,true,1,271493
7290117900994,false,פקאן סיני מסוכר 140 גרם,,IL,פקאן סיני מסוכר 140,גרמים,140.00,100 גרם,false,,13.60,9.7143,true,1,271494
7290117901007,false,פיסטוקים קלויים 130 גרם,,IL,פיסטוק קלוי 130 גרם,גרמים,130.00,100 גרם,false,,13.60,10.4615,true,1,271495
7290117901014,false,אגוזי קשיו קלויים,,IL,קשיו קלוי 160 גרם,גרמים,160.00,100 גרם,false,,13.60,8.5000,true,1,271496
7290117901038,false,אגוזי מלך קלופים 190 גרם,,IL,אגוז מלך קלוף 190 גר,גרמים,190.00,100 גרם,false,,13.60,7.1579,true,1,271498
7290117901052,false,שקדים קלופים 180 גרם,,IL,שקד קלוף 180 גרם,גרמים,180.00,100 גרם,false,,13.60,7.5556,true,1,271500
7290117901243,false,ממרח פלפלים אדומים קלויים בתוספת ארטישוק 290 ג' גורמה,,,ממרח ארטישוק ופלפלים,גרמים,290.00,100 גרם,false,,12.80,4.4138,true,1,322020
7290117901250,false,ממרח עגבניות מיובשות בתוספת זיתים ירוקים 290 ג' גורמה,,,ממרח עגבניות מיובשות,גרמים,290.00,100 גרם,false,,12.80,4.4138,true,1,322021
7290117901267,false,ממרח פלפלים אדומים וחצילים קלויים 290 ג' גורמה,,,ממרח חצילים קלויים ו,גרמים,290.00,100 גרם,false,,12.80,4.4138,true,1,322022
7290118420378,false,פתיבר פינוקים בטעם תותים בשמנת - חלבי,דר גררד,IL,פתי בר פינוקים תותים,גרמים,220.00,100 גרם,false,,8.50,3.8636,true,1,308777
7290118420477,false,אסם בייגלה שטוחים בטעם ביסלי בצל 300 גר,אסם,IL,בייגלה שטוחים בטעם ב,גרמים,300.00,100 גרם,false,,9.30,3.1000,true,1,308776
7290118420514,false,אסם אינסטנט פודינג נוגט 75 גרם,"אסם השקעות בע""מ",IL,אינסטנט פודינג נוגט,גרמים,80.00,100 גרם,false,,4.70,5.8750,true,1,306573
7290900010367,false,טורטייה שמינייה משקל נקי 360 ג' Avel,Turka Invest,PL,טורטייה אבאל 360 גרם,גרמים,360.00,100 גרם,false,,7.70,2.1389,true,1,48482
7293556389962,true,שום לבן (סולו) ארוז,,,שום לבן (סולו) ארוז,גרמים,250.00,100 גרם,false,,9.90,3.9600,true,1,82000
7296021131394,false,סכין מולטי משוננת מ,,,סכין מולטי משוננת מ,יחידה,0.00,יחידה,false,,19.90,0.0000,true,1,28245
7296021269011,false,מאג ג'מבו 650 מל קרמ,,,"מאג ג'מבו 650 מ""ל רק",יחידה,0.00,יחידה,false,,17.10,0.0000,true,1,267963
7296021288630,false,"סיר בישוול 22 ס""מ 4.",,,"סיר בישוול 22 ס""מ 4.",יחידה,0.00,יחידה,false,,313.70,0.0000,true,1,294088
7296102266014,false,קרש חיתוך פלסטיק 29.,,,קרש חיתוך פלסטיק,יחידה,0.00,יחידה,false,,16.20,0.0000,true,1,226008
7296102521748,false,סט 4 קופסאות פלסטיק,,,סט 4 קופסאות פלסטיק,יחידה,0.00,יחידה,false,,17.01,0.0000,true,1,196044
7296102810491,false,סט 6 קולבים מפלסטיק,,,סט 6 קולבים מפלסטיק,יחידה,0.00,יחידה,false,,10.00,0.0000,true,1,225036
7296102831557,false,סט 4 צלחות עמוקות תמ,,,סט 4 צלחות עמוקות תמ,יחידה,0.00,יחידה,false,,12.90,0.0000,true,1,224548
7296102831564,false,"סט 4 צלחות שטוחות 22.5 ס""מ",,,סט 4 צלחות שטוחות תמ,יחידה,0.00,יחידה,false,,12.90,0.0000,true,1,224562
7296102831571,false,סט 4 כוסות שתייה,,,סט 4 כוסות לשתיה,יחידה,0.00,יחידה,false,,12.90,0.0000,true,1,224534
7297028160936,false,גרבי גבר שלישייה שחו,,,גרבי גבר שלישייה שחו,יחידה,0.00,יחידה,false,,12.80,0.0000,true,1,206328
7297028161575,false,קרסוליות גבר (10 ) לבן/שחור/מעורב,,,עשיריית גרבי גרב,יחידה,0.00,יחידה,false,,25.56,0.0000,true,1,187120
7297028161582,false,קרסוליות נשים (10 )שחור/לבן/מעורב,,,עשיריית גרבי נשים,יחידה,0.00,יחידה,false,,25.56,0.0000,true,1,187121
7297094010982,false,סינר תינוק,,,סינר תינוק,יחידה,0.00,יחידה,false,,11.10,0.0000,true,1,232785
7297094118909,false,סט פליז יחיד,,,סט פליז יחיד,יחידה,0.00,יחידה,false,,111.10,0.0000,true,1,223935
7297094118916,false,סט פליז זוגי,,,סט פליז זוגי,יחידה,0.00,יחידה,false,,128.20,0.0000,true,1,223950
7297461005986,false,מפת שולחן ג'אקרד ( 1,,,מפת שולחן ג'אקרד ( 1,יחידה,0.00,יחידה,false,,42.70,0.0000,true,1,225050
7297478002534,false,גרבי נוער,,,גרבי נוער,יחידה,0.00,יחידה,false,,13.60,0.0000,true,1,200954
7297478003517,false,גרבי ילדים שלישייה,,,גרבי ילדים שלישייה,יחידה,0.00,יחידה,false,,11.03,0.0000,true,1,196163
7297478003548,false,גרבי ילדים שלישייה,,,גרבי ילדים שלישייה,יחידה,0.00,יחידה,false,,11.03,0.0000,true,1,196164
7297478003661,false,גרבי חיילות,,,גרבי חיילות,יחידה,0.00,יחידה,false,,17.10,0.0000,true,1,200971
7297488098305,false,קמח שקדים ללא גלוטן,תות תעשיות מזון (201,IL,דגש קמח שקדים 250 גר,גרמים,250.00,100 גרם,false,,23.00,9.2000,true,1,106366
7297488099968,false,מלוחה 16% טבעונית 250 גרם,"טרופיקל דגיל בע""מ אז",IL,מלוחה 16% מרכיבים צמ,גרמים,250.00,100 גרם,false,,15.30,6.1200,true,1,185331
7297588007153,false,מארז 10שרשראות לסוכה,,,מארז 10שרשראות לסוכה,יחידה,0.00,יחידה,false,,17.10,0.0000,true,1,31187
7297621000998,false,מגבונים בדלי 250 יח',,,מגבונים בדלי 250 יח',יחידה,0.00,יחידה,false,,16.20,0.0000,true,1,292525
7298171185395,false,גרבי בנות מיני מאוס,,,גרבי בנות מיני מאוס,יחידה,0.00,יחידה,false,,17.10,0.0000,true,1,206298
7298171185470,false,גרבי בנים מיקי מאוס,,,גרבי בנים מיקי מאוס,יחידה,0.00,יחידה,false,,17.10,0.0000,true,1,206299
7298171185487,false,גרבי בנים מיקי מאוס,,,גרבי בנים מיקי מאוס,יחידה,0.00,יחידה,false,,17.10,0.0000,true,1,206300
7450014901344,false,נעלי בית חורף נשים צ,,,נעלי בית חורף נשים צ,יחידה,0.00,יחידה,false,,34.20,0.0000,true,1,331195
7450026800413,false,נעלי בית חורף גברים,,,נעלי בית חורף גברים,יחידה,0.00,יחידה,false,,34.20,0.0000,true,1,31304
7450026800437,false,נעלי בית חורף גברים,,,נעלי בית חורף גברים,יחידה,0.00,יחידה,false,,34.20,0.0000,true,1,31306
7450026800499,false,נעלי בית חורף גברים,,,נעלי בית חורף גברים,יחידה,0.00,יחידה,false,,34.20,0.0000,true,1,31310
7450026800505,false,נעלי בית חורף גברים,,,נעלי בית חורף גברים,יחידה,0.00,יחידה,false,,34.20,0.0000,true,1,31311
7450026800512,false,נעלי בית חורף גברים,,,נעלי בית חורף גברים,יחידה,0.00,יחידה,false,,34.20,0.0000,true,1,31312
7501013101362,false,"משקה קוקוס אננס ג'ומקס 473 מ""ל",חומקס קומר קומרסאליז,MX,ג'ומקס משקה קוקוס אנ,מיליליטרים,473.00,"100 מ""ל",false,,7.00,1.4799,true,1,38985
7501064191398,false,שישיית בירה קורונה אקסטרא *355 מל,קריניציה ויטמינה אס,MX,קורונה מארז שישיה 6*,ליטרים,2.13,ליטר,false,,33.50,15.7277,true,1,29405
7501064191466,false,"שישיית בירה קורונה 355 מ""ל בקבוק",,,קורונה מארז שישיה 6*,ליטרים,2.13,ליטר,false,,31.00,14.5540,true,1,29406
7509546678702,false,קולגייט משחת שיניים טוטל אנטי טרטר 100 מ,קולגייט-פלמוליב,BR,משחת שיניים קולגייט,מיליליטרים,100.00,"100 מ""ל",false,,14.50,14.5000,true,1,274808
7610100034084,false,שפורפרת מיונז טומי 265 גרם,נסטלה שוויץ ס.א,US,מיונז טומי 265 גרם,גרמים,265.00,100 גרם,false,,12.80,4.8302,true,1,12836
7610113011652,false,"בקרדי בריזר תפוח 275 מ""ל בקבוק",בקרדי בריזר Bacardi Breezer,BE,בקרדי בריזר תפוח 275,מיליליטרים,275.00,"100 מ""ל",false,,11.90,4.3273,true,1,79887
7610243004463,false,"דורגול - מרסס להסרת אבנית במקלחון 600 מ""ל",יעקבי- דורגול Durgol,CH,דורגול מסיר אבן מרסס,יחידה,0.00,יחידה,false,,17.00,0.0000,true,1,11427
7610400014649,false,שוקולד חלב במילוי קרם רך,לינדט ושפרונגלי קילש,CH,לינדט לינדור שוק.חלב,גרמים,100.00,100 גרם,false,,13.00,13.0000,true,1,13828
7610400068505,false,בונבוניירת לינדור Lindor שוקולד חלב,לינדט ושפרונגלי קילש,CH,לינדור בונבוניירה חל,גרמים,200.00,100 גרם,false,,19.60,9.8000,true,1,13832
7610400075770,false,שוקולד מריר עם אגוזי לוז שלמים,לינדט ושפרונגלי,CH,לינדט לה גרנד מריר ע,גרמים,150.00,100 גרם,false,,20.40,13.6000,true,1,13837
7610400075787,false,שוקולד חלב עם אגוזי לוז שלמים,"לינדט ושפרונגלי, קיל",CH,לינדט לה גרנד חלב עם,גרמים,150.00,100 גרם,false,,20.40,13.6000,true,1,13838
7610400091060,false,שוקולד מריר לינדט אקסלנס בתוספת תפוז ושקדים,לינדט ושפרונגלי קילש,CH,לינדט מריר אקסלנס תפ,גרמים,100.00,100 גרם,false,,12.80,12.8000,true,1,70973
7613030979647,false,דגני בוקר טריקס פירות עולם היורה 480 ג',ג'נרל מילס סאן אדריא,IL,דגני בוקר טריקס 480,גרמים,480.00,100 גרם,false,,21.30,4.4375,true,1,19219
7613032045753,false,פיטנס - דגני בוקר שוקולד 375 גרם,נסטלה צרפת איטנקורט,FR,דגני פיטנס שוקולד נס,גרמים,375.00,100 גרם,false,,17.40,4.6400,true,1,19225
7613033548192,false,פיטנס - דגני בוקר שוקולד מריר 375 גרם,נסטלה צרפת איטנקורט,FR,דגני בוקר פיטנס שוקו,גרמים,375.00,100 גרם,false,,17.40,4.6400,true,1,19242
7613035379794,false,דנטלייף חטיף דנטלי לכלבים מגזע בינוני - 4 יחידות,פורינה Purina,US,דנטלייף גזע בינוני 5,גרמים,690.00,100 גרם,false,,11.90,1.7246,true,1,199258
7613035514560,false,מזון לחתול מעוקר עם בקר פורינה ONE,נסטלה פורינה צרפת,IT,פורינה ONE חתול סטרי,קילוגרמים,3.00,"ק""ג",false,,101.80,33.9333,true,1,19266
7613035548374,false,דגני בוקר גולדן מיניס מחיטה מלאה ותירס,נסטלה פולין דגני בוק,FR,דגני בוקר גולדן מיני,גרמים,570.00,100 גרם,false,,21.30,3.7368,true,1,19267
7613035622623,false,פיטנס - גרנולה שקדים ודבש 300 גרם,שוורצקוף& הנקל דיסלד,LT,פיטנס גרנולה שקדים ו,גרמים,300.00,100 גרם,false,,12.70,4.2333,true,1,19270
7613035635845,false,פיטנס גרנולה שוקולד 14*300 גרם,שוורצקוף& הנקל דיסלד,LT,פיטנס גרנולה שוקולד,גרמים,300.00,100 גרם,false,,12.70,4.2333,true,1,19271
7613035758834,false,פיטנס גרנולה חמוציות 300 גרם,שוורצקוף& הנקל דיסלד,LT,פיטנס גרנולה חמוציות,גרמים,300.00,100 גרם,false,,12.70,4.2333,true,1,19273
7613035807778,false,פרפקטו רוטב עגבניות לבולונז 400 ג' אסם,אסם פרפקטו Perfecto,ES,פרפקטו רוטב עגבניות,גרמים,400.00,100 גרם,false,,8.50,2.1250,true,1,19274
7613035809109,false,פרפקטו רוטב עגבניות ובזיליקום 400 ג'אסם,אסם פרפקטו Perfecto,ES,פרפקטו רוטב עגבניות,גרמים,400.00,100 גרם,false,,8.50,2.1250,true,1,19275
7613036105545,false,דוגלי בטעם בקר גזע ק,נסטלה פורינה באק הונ,HU,דוגלי בטעם בקר גזע ק,קילוגרמים,3.00,"ק""ג",false,,42.60,14.2000,true,1,19284
7613036105576,false,דוגלי עוף לכלבים בוגרים,נסטלה פורינה פטקר הו,HU,"דוגלי בוגר עוף 3 ק""ג",קילוגרמים,3.00,"ק""ג",false,,37.50,12.5000,true,1,19285
7613036105606,false,דוגלי בקר לכלבים בוגרים,נסטלה פורינה פטקר הו,HU,דוגלי בוגר בקר 4*3קג,קילוגרמים,3.00,"ק""ג",false,,37.50,12.5000,true,1,19286
7613036105637,false,"דוגלי עוף לכלבים בוגרים 12 ק""ג",נסטלה פורינה באק הונ,HU,"דוגלי בוגר עוף 12 ק""",קילוגרמים,12.00,"ק""ג",false,,95.80,7.9833,true,1,19287
7613036105651,false,"דוגלי בקר לכלבים בוגרים 12 ק""ג",נסטלה פורינה באק הונ,HU,"דוגלי בוגר בקר 12 ק""",קילוגרמים,12.00,"ק""ג",false,,95.80,7.9833,true,1,19288
7613036314114,false,נסקפה גולד Gold קפה נמס מיובש בתוספת קפה קלוי,נסקפה Nescafe,IL,נסקפה גולד 200 גרם,גרמים,200.00,100 גרם,false,,39.20,19.6000,true,1,19296
7613036520492,false,פרפקטו רוטב עגבניות לפיצה 400 גרם,אסם פרפקטו Perfecto,ES,פרפקטו רוטב עגבניות,גרמים,400.00,100 גרם,false,,8.50,2.1250,true,1,19299
7613036880534,false,גרבר מחית ירקות מעורבים מטרנה 190 גר',נסטלה פולסקה אס.איי,PL,גרבר מחית מרק ירקות,גרמים,190.00,100 גרם,false,,5.10,2.6842,true,1,19307
7613037012095,false,פיטנס - גרנולה שוקולד קינואה ושקדים 300 גרם,CPW,BE,פיטנס גרנולה שוקולד,גרמים,300.00,100 גרם,false,,12.70,4.2333,true,1,19314
7613037204797,false,סטארבקס - פולי קפה בלונד אספרסו 450 גרם,סטארבקס,PT,סטארבקס פולי קפה בלו,גרמים,450.00,100 גרם,false,,42.70,9.4889,true,1,146763
7613037276091,false,נסטלה מיקס מיני אריזות דגני בוקר 200 גרם,נסטלה Nestle,FR,מיקס מיני אריזות דגנ,גרמים,200.00,100 גרם,false,,14.50,7.2500,true,1,19320
7613037686906,false,פיטנס - דגני בוקר שקדים ודבש 355 גרם,נסטלה צרפת איטנקורט,FR,פיטנס שקדים ודבש נסט,גרמים,355.00,100 גרם,false,,17.40,4.9014,true,1,19321
7613037687132,false,דגני בוקר פיטנס שקדים ודבש 585 גר,נסטלה צרפת איטנקורט,FR,דגני פיטנס שקדים ודב,גרמים,585.00,100 גרם,false,,23.00,3.9316,true,1,19322
7613037811629,false,דגני בוקר קורנפלקס גו פרי 500 גר',שוורצקוף& הנקל דיסלד,IL,קורנפלקס גו פרי 500,גרמים,500.00,100 גרם,false,,9.30,1.8600,true,1,52868
7613038268262,false,דגני בוקר צ'יריוס דבש ושקדים במתיקות מעודנת,סי. פי. צרפת,FR,האני נאט ציריוס מופח,גרמים,410.00,100 גרם,false,,16.20,3.9512,true,1,19323
7613038451954,false,דגני בוקר שוקולד מופחת סוכר 410 ג' קראנץ',נסטלה צרפת רומילי,FR,קראנץ שוקולד מופחת ס,גרמים,410.00,100 גרם,false,,17.40,4.2439,true,1,19324
7613039547731,false,גרבר מחית תפוח תפוח משמש פאוץ 16*90,כלורוקס אוקלנד,ES,פאוץ' גרבר מחית תפוח,גרמים,90.00,100 גרם,false,,5.10,5.6667,true,1,103928
7613039879382,false,גרבר - מחית תפוחי עץ 190 גרם,ארג'זה - פולין,PL,גרבר מחית תפוחי עץ 1,גרמים,190.00,100 גרם,false,,5.10,2.6842,true,1,165195
7613039880807,false,גרבר מחית תפוח גזר 190 גרם,ארג'זה - פולין,PL,גרבר מחית תפוח גזר 1,גרמים,190.00,100 גרם,false,,5.10,2.6842,true,1,203201
7613039881965,false,גרבר מחית גזר תפוח ומנגו 190 גר',ארג'זה - פולין,PL,גרבר מחית גזר תפוח 1,גרמים,190.00,100 גרם,false,,5.10,2.6842,true,1,203215
7613287008497,false,סטארבקס - פולי קפה פייק פלייס 450 גרם,אסם,PT,סטארבקס פולי קפה פיי,גרמים,450.00,100 גרם,false,,42.70,9.4889,true,1,146764
7613287155832,false,מטרנה מחית תפוח פאוץ' 90 גר',כלורוקס אוקלנד,ES,מחית תפוח פאוץ גרבר,גרמים,90.00,100 גרם,false,,5.10,5.6667,true,1,128892
7613287155924,false,מטרנה מחית תפוח וגזר פאוץ' 90 גר',נסטלה ספרד,ES,מחית בטעם תפוח גזר פ,גרמים,90.00,100 גרם,false,,5.10,5.6667,true,1,128893
7613287182456,false,מחית אגס תפוח בננה ויטמינצ'יק 110 ג',"נסטלה ספרד ס.א, מפעל",ES,פאוץ אגס תפוח בננה ו,גרמים,110.00,100 גרם,false,,4.20,3.8182,true,1,173696
7613287325808,false,אוסם - דיפ אנד ספרד מטבל איולי שום 295 גרם,נסטלה פולין,PL,רוטב איולי שום לחיץ,גרמים,295.00,100 גרם,false,,12.74,4.3186,true,1,198199
7613287325822,false,אוסם - דיפ אנד ספרד מטבל מיקס 295 גרם,אסם,PL,רוטב מיקס לחיץ אסם 2,גרמים,295.00,100 גרם,false,,12.74,4.3186,true,1,198183
7613287325853,false,אוסם - דיפ אנד ספרד מטבל איולי ספייסי 295 גרם,נסטלה פולין,PL,רוטב ספייסי איולי לח,גרמים,295.00,100 גרם,false,,12.74,4.3186,true,1,198184
7613287325952,false,אוסם - דיפ אנד ספרד מטבל ברבקיו 345 גרם,דפטונה פולין,PL,רוטב ברביקיו לחיץ אס,גרמים,345.00,100 גרם,false,,12.74,3.6928,true,1,198168
7613287394323,false,אסם מולטי צ'יריוס 14*600 גרם 2021,נסטלה Nestle,GB,מולטי צ'יריוס 100% ד,גרמים,600.00,100 גרם,false,,17.90,2.9833,true,1,154171
7613287476494,false,אוסם - דיפ אנד ספרד מיונז בסגנון צרפתי 280 גרם,נסטלה פולין,PL,מיונז לחיץ אסם 280 ג,גרמים,280.00,100 גרם,false,,12.74,4.5500,true,1,198185
7613287821348,false,נתחוני עוף טבעוני סנסשיונל טבעול 350 ג',ג'נרל מילס סאן אדריא,CZ,נתחוני עוף טבעוני סנ,גרמים,350.00,100 גרם,false,,25.56,7.3029,true,1,205645
7622010001858,false,אוראו ממולאות קרם וניל באטמן 176 גרם,פי אר ג'יי אס אי מנד,UA,עוגיות אוראו סנדביץ,גרמים,176.00,100 גרם,false,,7.60,4.3182,true,1,5130
7622201137052,false,אוראו מיני קוקיס - עוגיות שוקולד צ'יפס ותחתית מצופה שוקולד חלב,מונדלז אספנה גלטאס פ,ES,מיני קוקיז מילקה 110,גרמים,110.00,100 גרם,false,,6.76,6.1455,true,1,198044
7622201139278,false,גבינת שמנת 27% שומן 150 ג' פילדלפיה,מיודלז אספניה פרודוק,ES,פילדלפיה גבינת שמנת,גרמים,150.00,100 גרם,false,,10.20,6.8000,true,1,16982
7622201521493,false,גבינת פילדלפיה שום ועשבי תיבול 150 גרם,מיודלז אספניה פרודוק,ES,גבינת שמנת עם שום וע,גרמים,150.00,100 גרם,false,,10.20,6.8000,true,1,280428
7622201798154,false,גבינת שמנת לייט מופחתת שומן 13% שומן,מיודלז אספניה פרודוק,ES,פילדלפיה גבינת שמנת,גרמים,150.00,100 גרם,false,,10.20,6.8000,true,1,189840
7622201801809,false,מילקה- שוק' חלב עם אגוזים 100 גר' חדש,מנדלז דויצ'לנד סנקס,DE,מילקה שוקוד חלב עם א,גרמים,100.00,100 גרם,false,,5.90,5.9000,true,1,167343
7622201802363,false,שוקולד מילקה טבלה חלב צימוקים ואגוזים 100ג',מנדלז דויצ'לנד סנקס,DE,מילקה שוקולד חלב עם,גרמים,100.00,100 גרם,false,,5.90,5.9000,true,1,167328
7622201802394,false,שוקולד מילקה חלב מסרונים 100 גרם,מנדלז דויצ'לנד סנקס,DE,מילקה שוקולד חלב 100,גרמים,100.00,100 גרם,false,,5.90,5.9000,true,1,167329
7622201808631,false,מיני עוגיות אוראו במילוי קרם בטעם וניל,פי.טי. מונדלז אינדונ,ID,אוראו מיני כוסות בטע,גרמים,67.00,100 גרם,false,,8.50,12.6866,true,1,172456
7622201813390,false,עוגיות מילקה וואפל במילוי קרם קקאו 150 ג,מונדליז סי.אר. ביסקו,PL,מילקה וואפל במילוי ק,גרמים,150.00,100 גרם,false,,8.50,5.6667,true,1,155462
7622201819170,false,שוקולד מילקה דרק שקדים 85 גרם,מונדלז דויטשלנד סנאק,DE,מילקה דארק שקדים 85,גרמים,85.00,100 גרם,false,,6.80,8.0000,true,1,194424
7622201819552,false,שוקולד מילקה דרק 85 גרם,מונדלז דויטשלנד סנאק,DE,מילקה דארק 85 גרם,גרמים,85.00,100 גרם,false,,6.80,8.0000,true,1,194426
7622210453327,false,עוגיות שוקוצ'יפס במילוי שוקולד סנסיישן,מנדלז פולסקה פרודקשן,PL,מילקה סנסיישן 156 גר,גרמים,156.00,100 גרם,false,,8.50,5.4487,true,1,5138
7622210464729,false,"עוגיות אוראו גולדן, 154 גרם",אוראו Oreo,UA,עוגיות אוראו גולדן 1,גרמים,154.00,100 גרם,false,,6.80,4.4156,true,1,5140
7622300270506,false,מילקה גריינס - עוגיות שיבולת שועל מצופות שוקולד 168 ג',מונדלז פולסקה פרודקש,PL,מילקה גריינס עוגיות,גרמים,168.00,100 גרם,false,,8.50,5.0595,true,1,5158
7622300489427,false,עוגיות אוראו בציפוי שוקולד לבן 246 גרם,מנדלז אספנה גאלטס פר,ES,אוראו פאג שוקולד לבן,גרמים,246.00,100 גרם,false,,13.60,5.5285,true,1,5163
7622300489434,false,"עוגיות אוראו פאדג' בציפוי שוקולד חלב, 246 גרם",מנדלז אספנה גאלטס פר,ES,אוראו פאג שוקולד חלב,גרמים,246.00,100 גרם,false,,13.60,5.5285,true,1,5164
7622300503079,false,מילקה מוו - ביסקוויט מצופה שוקולד חלב 200 ג',מונדלז פולסקה פרודקש,PL,מילקה מוו - ביסקוויט,גרמים,200.00,100 גרם,false,,8.50,4.2500,true,1,5167
7622300617820,false,שוקלד מילקה טבלת חלב אוראו 100ג',מנדלז דויצ'לנד סנקס,DE,מילקה שוקולד אוראו 1,גרמים,100.00,100 גרם,false,,5.90,5.9000,true,1,5168
7630311507016,false,סטארבקס קפסולות סאני דיי 57 ג,סטארבקס Starbucks,CH,סטארבקס קפסולות סאני,גרמים,57.00,100 גרם,false,,18.80,32.9825,true,1,270072
7630477891615,false,קפסולות קפה סומטרה עוצמה 10 - 10 יח',סטארבקס Starbucks,IL,סטארבקס קפסולות סומט,גרמים,55.00,100 גרם,false,,18.80,34.1818,true,1,99187
7630477891653,false,סטארבקס - קפסולות אספרסו נטול 57 גרם * 10,סטארבקס Starbucks,IL,סטארבקס קפסולות אספר,גרמים,57.00,100 גרם,false,,18.80,32.9825,true,1,99173
7630477891677,false,קפסולות פייק פלייס לונגו עוצמה 7 - 10 יח',סטארבקס Starbucks,IL,קפס' פייק פלייס סטאר,גרמים,53.00,100 גרם,false,,18.80,35.4717,true,1,108805
7630477891691,false,סטארבקס - קפסולות קולומביה 57 גרם * 10,סטארבקס Starbucks,IL,סטארבקס קפסולות קולו,גרמים,57.00,100 גרם,false,,18.80,32.9825,true,1,99189
7630477891714,false,סטארבקס - קפסולות אספרסו 57 גרם * 10,סטארבקס Starbucks,CH,קפסולות אספרסו סטארב,גרמים,57.00,100 גרם,false,,18.80,32.9825,true,1,108806
7630477891738,false,סטארבקס - קפסולות אספרסו בלונד 53 גרם * 10,סטארבקס Starbucks,CH,סטארבקס קפסולות אספר,גרמים,53.00,100 גרם,false,,18.80,35.4717,true,1,99174
7638900426823,false,סוללות אנרגייזר זוג,אנרג'ייזר,US,סוללת MAX אנרג'ייזר,יחידה,0.00,יחידה,false,,21.30,0.0000,true,1,113093
7702174066631,false,לקקן יוגטה פין פופ במילוי מסטיק 170 גר,הדקלאים אגודת שיתופי,EC,יוגטה פינפופ לקקן 10,גרמים,180.00,100 גרם,false,,6.80,3.7778,true,1,41648
7702174068826,false,סוכריות לקקן במילוי טופי בטעמי יוגורט פירות,יוגטה yogueta,CO,יוגטה לקקן חדש 12יח,גרמים,216.00,100 גרם,false,,7.70,3.5648,true,1,41651
7702174068833,false,סוכריות לקקן במילוי טופי בטעמי גלידת פירות,יוגטה yogueta,EC,'לקקן יוגטה אייס קרי,גרמים,216.00,100 גרם,false,,7.70,3.5648,true,1,41652
7702174070201,false,סוכריות לקקן במילוי טופי בטעם מסטיק,יוגטה yogueta,EC,לקקן בטעם מסטיק ממול,גרמים,216.00,100 גרם,false,,7.70,3.5648,true,1,41653
7702174073783,false,סוכריות על מקל בטעם קולה במילוי גומי לעיסה,הדקלאים אגודת שיתופי,CO,לקקן פינפופ קולה 10,גרמים,180.00,100 גרם,false,,6.80,3.7778,true,1,41654
7791875005353,false,ריבת חלב הוואנה דוצה דה לצה 450 גרם,פרימיום ברנד,ES,הוואנה ריבת חלב 450,גרמים,450.00,100 גרם,false,,17.10,3.8000,true,1,219719
7792860006218,false,סוכריות לקקנים בייבי דול Baby Doll לריטר,גוד פוד פרודקטס S.p,AR,בייבי דול לקקן 20גר,גרמים,24.00,100 גרם,false,,2.10,8.7500,true,1,13844
7800601801111,false,נר הבדלה 2 צמות כחול לבן,,,נר הבדלה עבודת יד,יחידה,0.00,יחידה,false,,8.50,0.0000,true,1,13335
7840392000454,false,"פחם בריקאפאר 5 ק""ג",,,"פחם בריקאפאר 5 ק""ג",קילוגרמים,5.00,"ק""ג",false,,42.70,8.5400,true,1,305463
7891024027998,false,קולגייט מי פה טוטל כחול פפרמינט 500 מל,קולגייט פלמוליב,BR,קולגייט מי פה טוטל ס,מיליליטרים,500.00,"100 מ""ל",false,,26.40,5.2800,true,1,274953
7891024030974,false,"קולגייט משחת שיניים טריפל אקשן 75 מ""ל",הנסיך- מפעל לייצור ט,BR,משחת טריפל אקשן קולג,מיליליטרים,75.00,"100 מ""ל",false,,5.10,6.8000,true,1,21641
7891024124826,false,קולגייט משחת אופטיק ספרקלינג וייט 75מל,הנסיך- מפעל לייצור ט,BR,מש.שיניים אופטיק ווי,מיליליטרים,75.00,"100 מ""ל",false,,17.10,22.8000,true,1,21643
7897654496197,true,חנוכייה מתכת,,,חנוכייה מתכת,יחידה,0.00,יחידה,false,,17.01,0.0000,true,1,192643
8000070003774,false,קפסולות אספרסו לוואצה אינטנסו 13 16 יח,לואיג'י לוואצה,IT,קפסולת LAVAZZA INTEN,גרמים,120.00,100 גרם,false,,25.60,21.3333,true,1,298034
8000070003798,false,קפסולות אספרסו לוואצה דליסיוזו 8 16 יח,לואיג'י לוואצה,IT,קפסולת LAVAZZA DELIZ,גרמים,120.00,100 גרם,false,,25.60,21.3333,true,1,298035
8000070003811,false,קפסולות אספרסו לוואצה פסיונלה 11 16 יח,לואיג'י לוואצה,IT,קפסולת LAVAZZA PASSI,גרמים,120.00,100 גרם,false,,25.60,21.3333,true,1,298036
8000070003880,false,קפסולות קפה קרמה דולצ'ה AMM6 לוואצה 120ג',לוואצה Lavazza,,קפסולת LAVAZZA CREMA,גרמים,120.00,100 גרם,false,,25.60,21.3333,true,1,298038
8000070003972,false,קפסולת LAVAZZA DEKCR,,,קפסולת LAVAZZA DEKCR,גרמים,120.00,100 גרם,false,,25.60,21.3333,true,1,298039
8000070014909,false,ג'ולי אנד מילק לבנה,,,ג'ולי אנד מילק לבנה,יחידה,0.00,יחידה,false,,580.40,0.0000,true,1,298087
8000070041837,false,מכונת קפה טייני לבנה,,,מכונת קפה טייני לבנה,יחידה,0.00,יחידה,false,,341.10,0.0000,true,1,298071
8000215204240,false,משקה שקדים ואורז - אורגני 1 ליטר,בטר אנד דיפרנט,IT,משקה שקדים ואורז אור,ליטרים,1.00,ליטר,false,,12.70,12.7000,true,1,106397
8000215204677,false,משקה ש.שועל בריסטה אורגני 1 ליטר ויטריז,בטר אנד דיפרנט,IT,משקה שיבולת שועל אור,ליטרים,1.00,ליטר,false,,12.70,12.7000,true,1,225966
8000215204714,false,משקה שיבולת שועל אורגני 1 ליטר PRIMAVENA,בטר אנד דיפרנט,IT,משקה שיבולת שועל אור,ליטרים,1.00,ליטר,false,,12.70,12.7000,true,1,106399
8000380003723,false,גרנד פטיסרי עוגיות וופל אגוזים 100ג',קריניציה ויטמינה אס,IT,גרנד פטיסרי ופל אגוז,גרמים,100.00,100 גרם,false,,9.80,9.8000,true,1,12841
8000380003761,false,וופל גרנדה פטיסרי קוקוס שוקולד 100ג',קריניציה ויטמינה אס,IT,גרנד פטיסרי ופל קוקו,גרמים,100.00,100 גרם,false,,9.80,9.8000,true,1,12843
8000380004676,false,קוביות וופל סנדוויץ Sandwich עם וניל וחלב,"א. לואקר, קונפקט ג'י",AT,לואקר וופל קרם וניל,גרמים,200.00,100 גרם,false,,11.00,5.5000,true,1,12847
8000380004911,false,קוביות וופל קואדרטיני Quadratini קרם אגוזים,קריניציה ויטמינה אס,AT,וופל קואדרטיני אגוז,גרמים,250.00,100 גרם,false,,11.60,4.6400,true,1,12849
8000380004966,false,וופל קוארדטיני לואקר קוביות שוקולד 250ג',קריניציה ויטמינה אס,AT,וופל קואדרטיני קקאו,גרמים,250.00,100 גרם,false,,11.60,4.6400,true,1,12852
8000380007219,false,וופל לואקר אגוז קלאסי 175ג',ליימן מותגים,AT,וופל לואקר אגוז 175,גרמים,175.00,100 גרם,false,,9.00,5.1429,true,1,12858
8000380007257,false,וופל גרנדה מצופה שוקולד 200ג',קריניציה ויטמינה אס,IT,.וופל מצופה שוקולד ג,גרמים,200.00,100 גרם,false,,11.90,5.9500,true,1,12860
8000380007264,false,וופל לואקר קקאו 175 גרם,קריניציה ויטמינה אס,AT,וופל לואקר קקאו 175,גרמים,175.00,100 גרם,false,,9.00,5.1429,true,1,12861
8000380144044,false,וופל גרדנה לואקר שוקולד 200ג',"א. לואקר , AG/SpA, ו",IT,וופל גרדנה שוקולד 20,גרמים,200.00,100 גרם,false,,11.90,5.9500,true,1,12867
8000380180721,false,לואקר וופל קקאו במילוי קרם חלבי 175 גר,קריניציה ויטמינה אס,AT,וופל לואקר קלאסיק שו,גרמים,175.00,100 גרם,false,,9.00,5.1429,true,1,12890
8000380187300,false,עוגיות חמאה עם שוקולד חלב לואקר 120 גר,לואקר Loacker,AT,עוגיות לואקר פתיתי ש,גרמים,120.00,100 גרם,false,,11.90,9.9167,true,1,103184
8000380192243,false,וופלים לואקר מקסי בטעם אגוז 200 גר',לואקר Loacker,IT,וופל לואקר מקסי אגוז,גרמים,200.00,100 גרם,false,,11.00,5.5000,true,1,12900
8000380206896,false,וופל לואקר גרדנה חמאת בוטנים 200 גר,ליימן מותגים,IT,לואקר גרדנה חמאת בוט,גרמים,200.00,100 גרם,false,,11.90,5.9500,true,1,275936
8000500023624,false,חטיפי הפי היפו Happy Hippo במילוי קרם חלב וקקאו,קינדר Kinder,DE,הפי היפו 5*20ג,גרמים,102.00,100 גרם,false,,11.00,10.7843,true,1,41036
8000500023976,false,בונבוניירה רפאלו 150 גרם,פררו Ferrero,PL,בונבוניירת רפאלו 150,גרמים,150.00,100 גרם,false,,13.60,9.0667,true,1,41037
8000500029350,false,מארז וופל מצופה 3יח' *43 גרם קינדר בואנו,קינדר Kinder,PL,קינדר בואנו 3*43 גרם,גרמים,129.00,100 גרם,false,,9.30,7.2093,true,1,41039
8000500037874,false,בונבוניירה פררו רושה 200 גרם,פררו Ferrero,IT,בונבוניירת רושר 200ג,גרמים,200.00,100 גרם,false,,23.80,11.9000,true,1,41042
8000500071083,false,אצבעות שוקולד קינדר Kinder שש עשרה יחידות,קינדר Kinder,IT,קינדר אצבעות שוקולד,גרמים,200.00,100 גרם,false,,11.00,5.5000,true,1,41044
8000500121436,false,מארז קינדר בואנו Kinder Bueno לבן שלוש יחידות,קינדר Kinder,PL,קינדר בואנו לבן 3*43,גרמים,117.00,100 גרם,false,,9.30,7.9487,true,1,41048
8000500247167,false,פררו רושה קולקשיין 269ג',פררו,DE,פררו קולקשיין 249.5,גרמים,249.50,100 גרם,false,,39.20,15.7114,true,1,41067
8000500256213,false,קינדר שוקולד מיני בשקית.,קדבורי,IT,פרר-קינדר שוקולד מינ,גרמים,120.00,100 גרם,false,,9.30,7.7500,true,1,41073
8000500267103,false,קינדר דליס שוקול' אישי מארז 10 יח' 420 גר',קינדר Kinder,IT,פררו-קינדר דליס עשיר,יחידה,0.00,יחידה,false,,17.00,0.0000,true,1,41077
8000500269169,false,קינדר קארדס Kinder Cards - חמישייה,קינדר Kinder,IT,קינדר קארדס 128 גרם,גרמים,128.00,100 גרם,false,,11.10,8.6719,true,1,112298
8000500294345,false,רושר איש שלג שוקולד חלב ואגוזי לוז 90 גר,,PL,פררו איש שלג 90 גרם,גרמים,90.00,100 גרם,false,,12.70,14.1111,true,1,36355
8000500310397,true,ביסקוויטים במילוי נו,,,ביסקוויטים במילוי נו,גרמים,166.00,100 גרם,false,,12.80,7.7108,true,1,332283
8000500353738,false,רביעיה סוכריות בטעם מנטה חזק 4 * 16 ג' טחק טק,פררו,EC,טיק טק בטעם מנטה חזק,גרמים,64.00,100 גרם,false,,9.80,15.3125,true,1,268706
8000500366073,true,ביסקוויטים במילוי נו,,,ביסקוויטים במילוי נו,גרמים,276.00,100 גרם,false,,18.80,6.8116,true,1,332268
8000798038034,false,כף אשפה מתקפל ( איטל,שייני Shiny,,כף אשפה מתקפל ( איטל,יחידה,0.00,יחידה,false,,11.10,0.0000,true,1,13603
8001003100164,false,יוגטה סוכריות גילי בטעם פירות 450 גר,יוגטה yogueta,,יוגטה סוכריות ג'לי פ,גרמים,450.00,100 גרם,false,,8.50,1.8889,true,1,41669
8001090290939,false,"משחת שיניים אורל בי 3D white לבן בוהק 500 מ""ל",פרוקטר & גמבל,DE,אורל בי – משחת 3D Wh,מיליליטרים,75.00,"100 מ""ל",false,,19.60,26.1333,true,1,165542
8001090336408,false,חיתולים בייבי דריי מידה 3 38 יח' פמפרס,פרוקטר אנד גמבל,DE,פמפרס בייבי דריי מיד,יחידה,0.00,יחידה,false,,27.30,0.0000,true,1,27178
8001090336521,false,טיטולי פמפרס בייבי דריי מידה 5 30 יח',פרוקטר אנד גמבל,DE,פמפרס בייבי דריי מיד,יחידה,0.00,יחידה,false,,27.30,0.0000,true,1,27181
8001090336606,false,טיטולי פמפרס בייבי דריי מידה 6 26 יח',פרוקטר אנד גמבל,DE,פמפרס בייבי דריי מיד,יחידה,0.00,יחידה,false,,27.30,0.0000,true,1,27182
8001090364104,false,"משחת שיניים אורל בי G&E אורגינל 75 מ""ל",אורל בי Oral B,,אורל בי משחה G&E - ר,מיליליטרים,75.00,"100 מ""ל",false,,13.60,18.1333,true,1,165469
8001090891273,false,לנור כדוריות הבושם בניחוח סחלב 210 ג',פרוקטר אנד גמבל,US,לנור כדוריות הבושם ב,גרמים,210.00,100 גרם,false,,23.80,11.3333,true,1,100312
8001090899194,false,תחבושות אולוויז פלטינום נורמל 24 יח',פרוקטר אנד גמבל,DE,תחבושות פלטינום נורמ,יחידה,0.00,יחידה,false,,17.10,0.0000,true,1,27256
8001090899224,false,תחבושות אולוויז פלטינום לונג 20 יח',פרוקטר אנד גמבל,DE,תחבושות פלטינום לונג,יחידה,0.00,יחידה,false,,17.10,0.0000,true,1,27257
8001100011769,false,וופלים במילוי קרם אגוזים 175 ג בלוקו,,,וואפל שכבות BALOCCO,גרמים,175.00,100 גרם,false,,8.50,4.8571,true,1,132373
8001100067957,false,שקיות וופל פאלוקו סקוור אגוזי לוז 125 ג',,,וואפל קוביות BALOCCO,גרמים,125.00,100 גרם,false,,8.50,6.8000,true,1,132358
8001160001786,false,"משקה אנרגיה גטורייד ספורט כחול 500מ""ל",סאן בנדטו אס פי איי,IT,גטורייד ספורט כחול 5,יחידה,500.00,יחידה,false,,8.90,0.0178,true,1,39005
8001160001892,false,"משקה אנרגיה גטורייד ספורט תפוז אדום 500מ""ל",פפסיקו בוואדג' איטלי,IT,גטורייד ספורט תפוז א,מיליליטרים,500.00,"100 מ""ל",false,,8.90,1.7800,true,1,39006
8001620011935,false,מים מינרלים מוגזים שישייה בקבוק אישי,אקווה מינרלה סאן בנד,IT,סאן בנדטו מוגז 6*500,ליטרים,3.00,ליטר,false,,10.50,3.5000,true,1,9561
8001620015612,false,"משקה פירות פרוטה-גזר תפוז לימון 400 מ""ל סאן בנדטו",אקווה מינרלה סאן בנד,IT,סן בנדטו בטעם גזר תפ,מיליליטרים,400.00,"100 מ""ל",false,,6.50,1.6250,true,1,133618
8001620015629,false,"משקה פירות בטעם תפוז ותפוז אדום 400 מ""ל פרוטה",אקווה מינרלה סאן בנד,IT,משקה פירות פרוטה בטע,מיליליטרים,400.00,"100 מ""ל",false,,6.50,1.6250,true,1,203626
8001620015636,false,"משקה פירות פרוטה-מיקס פירות 400 מ""ל סאן בנדטו",אקווה מינרלה סאן בנד,IT,סן בנדטו בטעם מיקס פ,מיליליטרים,400.00,"100 מ""ל",false,,6.50,1.6250,true,1,133619
8001620017456,false,"מים מינרלים שישיה ספורט סאן בנדטו 500 מ""ל",סאן בנדטו San Benedetto,,סאן בנדטו פקק ספורט,ליטרים,3.00,ליטר,false,,12.70,4.2333,true,1,9563
8001620018408,false,"משקה פירות בטעם מנגו תפוח 400 מ""ל פרוטה",אקווה מינרלה סאן בנד,IT,סן בנדטו מנגו תפוח פ,מיליליטרים,400.00,"100 מ""ל",false,,6.50,1.6250,true,1,219275
8001620019160,false,"סן בנדטו אפרסק 400 מ""ל 12 יח'",אקווה מינרלה סאן בנד,IT,סאן בנדטו משקה בטעם,מיליליטרים,400.00,"100 מ""ל",false,,5.10,1.2750,true,1,270909
8001620019177,false,"סן בנדטו ענבים 400 מ""ל 12 יח'",אקווה מינרלה סאן בנד,IT,סאן בנדטו משקה בטעם,מיליליטרים,400.00,"100 מ""ל",false,,5.10,1.2750,true,1,270910
8001841566771,false,לנור כדוריות הבושם בניחוח יסמין 210 ג',פרוקטר אנד גמבל,US,לנור כדוריות הבושם ב,גרמים,210.00,100 גרם,false,,23.80,11.3333,true,1,100314
8001841625188,false,סבון כלים פלטינום לימון X3 פעולות להסרת שומנים,פרוקטר אנד גמבל,GB,פיירי נוזל כלים פלטי,מיליליטרים,515.00,"100 מ""ל",false,,8.50,1.6505,true,1,72023
8001841625461,false,סבון כלים פלטינום X3 פעולות להסרת שומנים,פרוקטר אנד גמבל,GB,פיירי נוזל כלים פלטי,מיליליטרים,515.00,"100 מ""ל",false,,8.50,1.6505,true,1,72037
8001841664866,false,"פנטן - שמפו סופר פוד 400 מ""ל",,,"שמפו פאנטן 400 מ""ל",מיליליטרים,400.00,"100 מ""ל",false,,12.80,3.2000,true,1,336562
8001841664903,false,"שמפו פאנטן 400 מ""ל",,,"שמפו פאנטן 400 מ""ל",מיליליטרים,400.00,"100 מ""ל",false,,12.80,3.2000,true,1,336563
8001841665498,false,"שמפו פאנטן 400 מ""ל",,,"שמפו פאנטן 400 מ""ל",מיליליטרים,400.00,"100 מ""ל",false,,12.80,3.2000,true,1,336565
8001841665610,false,"שמפו פאנטן 400 מ""ל",,,"שמפו פאנטן 400 מ""ל",מיליליטרים,400.00,"100 מ""ל",false,,12.80,3.2000,true,1,340291
8001841665696,false,"שמפו פאנטן 400 מ""ל",,,"שמפו פאנטן 400 מ""ל",מיליליטרים,400.00,"100 מ""ל",false,,12.80,3.2000,true,1,336566
8001841665856,false,"שמפו פאנטן 400 מ""ל",,,"שמפו פאנטן 400 מ""ל",מיליליטרים,400.00,"100 מ""ל",false,,12.80,3.2000,true,1,336567
8001841716435,false,"הד אנד שולדרס ג'ל רחצה ושמפו לעור רגיש 360 מ""ל","נארז ע""י : א.ג. גילר",FR,ג'ל רחצה ושמפו לעור,מיליליטרים,360.00,"100 מ""ל",false,,14.50,4.0278,true,1,191019
8001841810461,false,"שמפו פאנטן 400 מ""ל",,,"שמפו פאנטן 400 מ""ל",מיליליטרים,400.00,"100 מ""ל",false,,12.80,3.2000,true,1,336568
8001841941929,false,תחבושות אולוויז וליו פק לילה אקסטרא,פרוקטר אנד גמבל,DE,אולוויז וליו פק לילה,יחידה,0.00,יחידה,false,,17.10,0.0000,true,1,236627
8002267014662,false,שלישייה ביצי שוקולד חלב עם צעצוע ברבי,צ'וקטה Chocketa,IT,צ'וקטה ביצת הפתעה בר,יח',60.00,יח',false,,10.20,0.1700,true,1,41677
8002267014945,false,שלישייה ביצי שוקולד חלב עם צעצוע הוט ווילס,צ'וקטה Chocketa,IT,צ'וקטה ביצת הפתעה הו,יח',60.00,יח',false,,10.20,0.1700,true,1,41678
8002267015263,false,ביצי שוקולד חלב עם הפתעת צעצוע - מארז 3 יח',צ'וקטה Chocketa,IT,צ'וקטה מארז 3 יח' בי,יח',60.00,יח',false,,10.20,0.1700,true,1,278124
8002267016475,false,ביצת שוקולד הפתעה בוב הבנאי שלישייה 60 ג,מולינו ניקולי s.p.a,IT,צ'וקטה ביצת הפתעה בו,יח',60.00,יח',false,,10.20,0.1700,true,1,41679
8002270866524,false,סאן פלנגרינו מים מינ,סן פלגרינו San Pellegrino,IL,סאן פלנגרינו מים מינ,ליטרים,1.00,ליטר,false,,6.90,6.9000,true,1,9571
8002450204009,false,ורדי ספרקלטיני אפרסק,"איי, בי, אינבוו",IT,ורדי אפרסק 750 מל,מיליליטרים,750.00,"100 מ""ל",false,,21.30,2.8400,true,1,7386
8003130129506,false,חטיף ציפס 50 גרם CL,,,חטיף ציפס 50 גרם CL,גרמים,50.00,100 גרם,false,,5.10,10.2000,true,1,277385
8003340091280,false,בונבוניירת לינדור Lindor שוקולד מריר,לינדט ושפרונגלי קילש,IT,בונבוניירות לינדור 6,גרמים,200.00,100 גרם,false,,19.60,9.8000,true,1,13847
8003477500044,false,"פרימלוצ'י ספגטי מ""ס",,,"פרימלוצ'י ספגטי מ""ס",גרמים,500.00,100 גרם,false,,5.10,1.0200,true,1,303435
8003477500327,false,פרימלוצ'י קורנטי 500,,,פרימלוצ'י קורנטי 500,גרמים,500.00,100 גרם,false,,5.10,1.0200,true,1,303437
8003477500556,false,פרימלוצ'י פוסילי 500,,,פרימלוצ'י פוסילי 500,גרמים,500.00,100 גרם,false,,5.10,1.0200,true,1,303741
8003477500594,false,פרימלוצ'י פנה ריגאטה,,,פרימלוצ'י פנה ריגאטה,גרמים,500.00,100 גרם,false,,5.10,1.0200,true,1,303756
8003753900438,false,קפה לנדוור אילי אספרסו טחון 250 גרם,קפה לנדוור,IL,אילי אספרסו טחון בפח,גרמים,250.00,100 גרם,false,,35.80,14.3200,true,1,19332
8004030022010,false,ירקות גינה עם טונה ריו מרה אינסלטיסימי 160 ג',"בולטון אלימנטרי בע""מ",IT,טונה וירקות גינה ריו,גרמים,160.00,100 גרם,false,,14.50,9.0625,true,1,21651
8004030026018,false,"מקסיקני עם טונה ריו מרה אינסלטיסימי, 160 ג'","בולטון אלימנטרי בע""מ",IT,ריו מרה טונה עם שעוע,גרמים,160.00,100 גרם,false,,14.50,9.0625,true,1,21652
8004030081024,false,טונה בשמן זית שום ופלפל ריו מרה 160 גרם,"בולטון אלימנטרי בע""מ",IT,נתחי טונה שמן זית שו,גרמים,160.00,100 גרם,false,,16.20,10.1250,true,1,21654
8004030102033,false,טונה בשמן זית עם מיץ לימון ופלפל שחור - מארז 3 יח',בולטון אלימנטרי,IT,טונה בשמן עם לימון ו,גרמים,240.00,100 גרם,false,,23.90,9.9583,true,1,21655
8004030177000,false,טונה בשמן זית וצ'ילי ריו מרה מארז 80X3 גר',ריו מארה Rio Mare,IT,טונה בשמן זית עם צ'י,גרמים,240.00,100 גרם,false,,23.90,9.9583,true,1,21657
8004030344938,false,טונה בשמן זית ריו מרה שלישיה * 80 ג',"בולטון אלימנטרי בע""מ",IT,טונה בשמן זית ריו מר,גרמים,240.00,100 גרם,false,,23.90,9.9583,true,1,21660
8004030381681,false,טונה בשמן זית ריו מרה זוגות * 160 ג',,,טונה בשמן זית ריו מר,גרמים,320.00,100 גרם,false,,28.20,8.8125,true,1,21663
8004030845046,false,טונה עם ירקות בתוספת עם אורז ריו מרה אינסלטיסימי 160 ג',בולטון אלימנטרי,IT,אינסלטיסימי אורז עם,גרמים,160.00,100 גרם,false,,14.50,9.0625,true,1,21664
8004800000064,false,לאגו פלאסיר- גלילי ופל קרם קקאו בציפוי ש.חלב - 100 ג',לאגו,IT,גלילי ופל במילוי קרם,גרמים,100.00,100 גרם,false,,9.40,9.4000,true,1,305132
8004800000071,false,לאגו פלאסיר- גלילי ופל במילוי קרם אגוזי לוז שוקולד חלב - 100 ג',לאגו,IT,לאגו פלאסיר- גלילי ו,גרמים,100.00,100 גרם,false,,9.40,9.4000,true,1,307107
8005200256587,false,משקה תה בטעם אפרסק 1.5ל' NESTEA,מפעל סאנפלגרינו S.P.,IT,נסטי אפרסק 1.5 ליטר,ליטרים,1.50,ליטר,false,,7.70,5.1333,true,1,197338
8005200316588,false,משקה תה דיאט בטעם אפרסק 1.5ל' NESTEA,מפעל סאנפלגרינו s.p.,IL,נסטי דיאט אפרסק 1.5,ליטרים,1.50,ליטר,false,,7.30,4.8667,true,1,197340
8005803010357,false,גריסיני קלאסי עם שמן זית ומלח 125 גר,"אינסטנטה בע""מ",IT,גריסיני בטעם קלאסי 1,גרמים,125.00,100 גרם,false,,7.30,5.8400,true,1,12907
8006227000429,false,סמנצאטו לחם מחמצת פרוס 8 דגנים 400 גר,,,לחם מחמצת פרוס 8 דגנ,גרמים,400.00,100 גרם,false,,14.50,3.6250,true,1,278950
8006227001372,false,סמנצאטו לחם לבן שמן זית ללא קשה 400 גר,רו. מאר ס.ר.ל,IT,לחם מחמצת לבן עם שמן,גרמים,400.00,100 גרם,false,,16.20,4.0500,true,1,278723
8006227001389,false,סמנצאטו לחם מלא שמן זית ללא קשה 400 גר,רו. מאר ס.ר.ל,IT,לחם מחמצת קמח מלא עם,גרמים,400.00,100 גרם,false,,16.20,4.0500,true,1,278724
8006540112823,false,"לנור מרכך כביסה מרוכז בניחוח האוקיינוס 900 מ""ל",פרוקטר אנד גמבל,FR,לנור מרכך מרוכז בניח,מיליליטרים,900.00,"100 מ""ל",false,,13.60,1.5111,true,1,149667
8006540112854,false,"מרכך כביסה מרוכז בניחוח סחלב לנור 900 מ""ל",פרוקטר אנד גמבל,FR,לנור מרכך מרוכז בניח,מיליליטרים,900.00,"100 מ""ל",false,,13.60,1.5111,true,1,143978
8006540404850,false,תחבושות אלוויז דיסקר,פרוקטר & גמבל,DE,תחבושות אולוויז דיסק,יח',10.00,יח',false,,14.50,1.4500,true,1,296772
8006540404898,false,תחבושות אלוויז דיסקר,פרוקטר & גמבל,DE,תחבושות אולוויז דיסק,יח',8.00,יח',false,,14.50,1.8125,true,1,296773
8006540495216,false,"לנור מרכך כביסה מרוכז בניחוח אמאטיסט 900 מ""ל",פרוקטר אנד גמבל,FR,לנור מרכך מרוכז בניח,מיליליטרים,900.00,"100 מ""ל",false,,13.60,1.5111,true,1,275011
8006540495247,false,"לנור מרכך כביסה מרוכז ורוד""פרח בר"" 900 מ""ל",פרוקטר אנד גמבל,FR,לנור מרכך מרוכז בניח,מיליליטרים,900.00,"100 מ""ל",false,,13.60,1.5111,true,1,322348
8006540592465,false,אולוויז תחבושות לונג 24 יח,פרוקטר,DE,תחבושות אולוויז סגול,100 יח',16.00,100 יח',false,,16.20,101.2500,true,1,289017
8006540592496,false,תחבושות אולוויז אולטרא כפול לילה 20 יח,פרוקטר,DE,תחבושות אולוויז כחול,100 יח',16.00,100 יח',false,,16.20,101.2500,true,1,289018
8006540628737,false,שמפו הד שולדרס קלאסי,,,שמפו הד שולדרס קלאסי,מיליליטרים,350.00,"100 מ""ל",false,,14.50,4.1429,true,1,298173
8006540690260,false,"שמפו פאנטן 400 מ""ל",,,"שמפו פאנטן 400 מ""ל",מיליליטרים,400.00,"100 מ""ל",false,,12.80,3.2000,true,1,336571
8008245004847,true,ממרח אגוזי לוז וקקאו,,,ממרח אגוזי לוז וקקאו,גרמים,300.00,100 גרם,false,,12.70,4.2333,true,1,119268
8008620009276,false,קריץ-קרקר מלוח 500 גרם,,IT,קרקר מלוח 500 גרם קר,גרמים,500.00,100 גרם,false,,17.10,3.4200,true,1,39152
8008620009290,false,קריץ-קרקר חיטה מלאה 500 ג',,IT,קרקר חיטה מלאה 500 ג,גרמים,500.00,100 גרם,false,,17.10,3.4200,true,1,39153
8008620009313,false,קריץ-קרקר מלוח 250 ג',,,קרקר מלוח 250 גרם קר,גרמים,250.00,100 גרם,false,,7.70,3.0800,true,1,278891
8008620009337,false,קריץ-קרקר חיטה מלאה 250ג',,,קרקר חיטה מלאה 250 ג,גרמים,250.00,100 גרם,false,,7.70,3.0800,true,1,278892
8008660210038,false,מעדן ריבה מנץ אנד גאססר תות שדה 300 גר,קריניציה ויטמינה אס,IT,מעדן תות שדה 300 גר`,גרמים,300.00,100 גרם,false,,16.90,5.6333,true,1,24624
8008660210052,false,מעדן ריבה מנץ אנד גאססר תפוז 320 גר,מנז אנד גאסר Menz&Gasser,IT,מעדן פרי תפוז 300 גר,גרמים,300.00,100 גרם,false,,16.90,5.6333,true,1,24626
8008660210069,false,מעדן מנץ אנד גאססר אפרסק פסיפלורה 320 גר,מנז אנד גאסר,IT,מעדן פרי אפרסק פסיפל,גרמים,300.00,100 גרם,false,,16.90,5.6333,true,1,24627
8008857310343,false,"פסטה רג'ייה 1 ק""ג",,,"פסטה רג'ייה 1 ק""ג",קילוגרמים,1.00,"ק""ג",false,,8.60,8.6000,true,1,266394
8008912010072,false,ספגטי לינגוויני 500ג ליגורי,פסטה ליגורי,IT,פסטה לינגוויני מספר,גרמים,500.00,100 גרם,false,,6.80,1.3600,true,1,269823
8008912010270,false,פסטה קסרצה מספר 27 LIGUORI,פסטה ליגורי,IT,פסטה קסרצ'ה מספר 27,גרמים,500.00,100 גרם,false,,6.80,1.3600,true,1,269824
8008912010300,false,פסטה פרפלה ליגורי 500 גר',פסטה ליגורי,IT,פסטה פרפלה מספר 30 -,גרמים,500.00,100 גרם,false,,6.80,1.3600,true,1,269825
8008912010331,false,פסטה ניוקטי סרדי בצורת קונכיות מס' 33,פסטה ליגורי,IT,פסטה ניוקטי סרדי בצו,גרמים,500.00,100 גרם,false,,6.80,1.3600,true,1,314155
8023788030610,false,שוקולד חלב 300 גרם,,,שוקולד חלב 300 גרם,גרמים,300.00,100 גרם,false,,15.30,5.1000,true,1,286557
8023788030627,false,שוקולד מריר מעולה 3,,,שוקולד מריר מעולה 3,גרמים,300.00,100 גרם,false,,15.30,5.1000,true,1,286542
8023788030634,false,שוקולד חלב עם שברי א,,,שוקולד חלב עם שברי א,גרמים,300.00,100 גרם,false,,15.30,5.1000,true,1,286558
8023788030658,false,עוגיות מלוחות בטעם ט,,,עוגיות מלוחות בטעם ט,גרמים,400.00,100 גרם,false,,11.10,2.7750,true,1,313190
8023788030665,false,עוגיות מלוחות בטעם ב,,,עוגיות מלוחות בטעם ב,גרמים,400.00,100 גרם,false,,11.10,2.7750,true,1,313191
8023788030672,false,עוגיות מלוחות בתוספת,,,עוגיות מלוחות בתוספת,גרמים,400.00,100 גרם,false,,11.10,2.7750,true,1,313192
8023788030689,false,עוגיות מלוחות בטעם ע,,,עוגיות מלוחות בטעם ע,גרמים,400.00,100 גרם,false,,11.10,2.7750,true,1,313584
8024985000109,false,מחית אגס אורגנ 100% פרי 200 ג נטורה נובה,נטורה נובה,IT,נטורה נובה - מחית אג,גרמים,200.00,100 גרם,false,,8.50,4.2500,true,1,106624
8024985000116,false,מחית תפוח אוכמ 100% פרי 200 ג נטורה נובה,"נטורפוד בע""מ",IT,נטורה נובה - מחית תפ,גרמים,200.00,100 גרם,false,,8.50,4.2500,true,1,247904
8024985005234,false,סמוזי נטורה נובה סמוצי תפוח מנגו 100 גרם,נטורה נובה,IT,נטורה נובה - סמוזי ת,גרמים,100.00,100 גרם,false,,5.00,5.0000,true,1,106625
8024985008044,false,סמוזי נטורה נובה סמוצי אגס 100 גרם,"נטורפוד בע""מ",IT,נטורה נובה - סמוזי א,גרמים,100.00,100 גרם,false,,5.00,5.0000,true,1,106608
8024985008051,false,סמוזי נטורה נובה סמוצי פירות אדומים 100,נטורה נובה Natura Nuova,IT,נטורה נובה - סמוזי פ,גרמים,100.00,100 גרם,false,,5.00,5.0000,true,1,106609
8032880800243,false,פיקניק הפתעה 50 גרם-איגוד רבנים,"הוסטה איטליה, ס.ר.ל.",IT,פיקניק הפתעה 50ג,גרמים,50.00,100 גרם,false,,5.80,11.6000,true,1,12915
8076800105056,false,"ברילה ספגטי 1 ק""ג קופסה",ברילה Barilla,IT,פסטה ספגטי בקופסה בר,קילוגרמים,1.00,"ק""ג",false,,11.10,11.1000,true,1,285745
8076800105735,false,"ברילה פנה ריגטה 1 ק""ג קופסה",ברילה,IT,פנה ריגטה בקופסה ברי,קילוגרמים,1.00,"ק""ג",false,,11.10,11.1000,true,1,285760
8076800195019,false,ברילה - צ.א ספגטי מס1 קפליני 500 גרם,ברילה גי.אי.אר פרטלי,IT,ספגטי קפליני מס' 1 ב,גרמים,500.00,100 גרם,false,,5.90,1.1800,true,1,21668
8076800195033,false,ברילה - צ.א ספגטיני מס3 חדש 500 גרם,ברילה גי.אי.אר פרטלי,IT,ספגטי מס' 3 ברילה 50,גרמים,500.00,100 גרם,false,,5.90,1.1800,true,1,21669
8076800195057,false,ברילה - צ.א ספגטי מס5 חדש 500 גרם,ברילה גי.אי.אר פרטלי,IT,ספגטיני מס' 5 ברילה,גרמים,500.00,100 גרם,false,,5.90,1.1800,true,1,21670
8076800195132,false,ברילה - צ.א בבטה מס13 500 גרם,ברילה גי.אי.אר פרטלי,IT,ספגטי בבטה מס' 13 בר,גרמים,500.00,100 גרם,false,,5.90,1.1800,true,1,21671
8076800315097,false,ברילה - צ.א בוקטיני מס9 500 גרם,ברילה גי.אי.אר פרטלי,IT,ספגטי בוקטיני מס' 9,גרמים,500.00,100 גרם,false,,5.90,1.1800,true,1,21672
8076802085738,false,ברילה - צ.ק פנה רגטה חדש 500 גרם,ברילה גי.אי.אר פרטלי,IT,פנה רגטה מס' 73 בריל,גרמים,500.00,100 גרם,false,,5.90,1.1800,true,1,21675
8076802085981,false,ברילה - צ.ק פוזילי חדש 500 גרם,ברילה גי.אי.אר פרטלי,IT,פסטה פוזילי 98 ברילה,גרמים,500.00,100 גרם,false,,5.90,1.1800,true,1,21678
8076808060654,false,ברילה - צ.ק פרפלה חדש 500 גרם,ברילה גי.אי.אר פרטלי,IT,פסטה פרפלה 65 ברילה,גרמים,500.00,100 גרם,false,,5.90,1.1800,true,1,21680
8076808150072,false,ברילה - צ.א ספגטוני מס7 חדש 500 גרם,ברילה גי.אי.אר פרטלי,IT,ספגטי מס' 7 ברילה 50,גרמים,500.00,100 גרם,false,,5.90,1.1800,true,1,21682
8076809501415,false,ברילה קנלוני/פנה 500 ג' מצה פנה טרקולור 500 גרם,ברילה Barilla,IT,ברילה פסטה פנה טריקו,גרמים,500.00,100 גרם,false,,12.80,2.5600,true,1,21683
8076809512268,false,ברילה - צ.ק גירנדולה חדש 500 גרם,ברילה גי.אי.אר פרטלי,IT,פסטה גירנדולה מס' 34,גרמים,500.00,100 גרם,false,,5.90,1.1800,true,1,21684
8076809513388,false,ברילה - רוטב ארביאטה 400 גרם,ברילה גי.אי.אר פרטלי,IT,ברילה רוטב ארביאטה 4,גרמים,400.00,100 גרם,false,,12.80,3.2000,true,1,21685
8076809513395,false,רוטב פסטה ברילה פורמודרו 400ג',ברילה גי.אי.אר פרטלי,IT,ברילה רוטב פורמודרו,גרמים,400.00,100 גרם,false,,12.80,3.2000,true,1,21686
8076809513654,false,בסיס רוטב עגבניות לבולונז 400 גרם ברילה,ברילה גי.אי.אר פרטלי,IT,ברילה רוטב עגבניות ל,גרמים,400.00,100 גרם,false,,12.80,3.2000,true,1,21688
8076809513692,false,רוטב עגבניות נפולטנה בתוספת ירקות,ברילה גי.אי.אר פרטלי,IT,ברילה רוטב נפוליטנה,גרמים,400.00,100 גרם,false,,12.80,3.2000,true,1,21689
8076809513739,false,רוטב פסטה ברילה בזיליקום 400 ג',ברילה גי.אי.אר פרטלי,IT,ברילה רוטב בזיליקום,גרמים,400.00,100 גרם,false,,12.80,3.2000,true,1,21691
8076809514774,false,ברילה איטריות ביצים פפרדלה 250ג',ברילה גי.אי.אר פרטלי,IT,ברילה פפרדלה ביצים 2,גרמים,250.00,100 גרם,false,,16.20,6.4800,true,1,21693
8076809523561,false,רוטב עגבניות עם עשבי תיבול 400 ג' ברילה,ברילה גי.אי.אר פרטלי,IT,ברילה רוטב פסטה טוסק,גרמים,400.00,100 גרם,false,,12.80,3.2000,true,1,21696
8076809523738,false,פסטה ברילה לזניה 500ג',ברילה גי.אי.אר פרטלי,IT,לזניה ברילה 500 גרם,גרמים,500.00,100 גרם,false,,20.40,4.0800,true,1,21699
8076809529419,false,ספגטי מחיטה מלאה מס' 5 500 ג' ברילה,ברילה גי. אי. אר פרט,IT,ספגטי מחיטה מלאה ברי,גרמים,500.00,100 גרם,false,,12.80,2.5600,true,1,21700
8076809576352,false,ברילה לזניה ללא גלוטן 250 ג',ברילה גי.אי.אר פרטלי,IT,לזניה ללא גלוטן בריל,גרמים,500.00,100 גרם,false,,19.60,3.9200,true,1,139664
8076809578998,false,ברילה - צ.ק. סטלינה 500 גרם,ברילה Barilla,,פסטה סטלינה מס' 27,גרמים,500.00,100 גרם,false,,5.90,1.1800,true,1,145955
8121300208780,false,תחליף סוכר לכל מטרה טרוביה 360 גר,טרוביה Truvia,US,תחליף סוכר לכל מטרה,גרמים,360.00,100 גרם,false,,29.90,8.3056,true,1,302224
8410076600622,false,חטיפי גרנולה Crunchy שיבולת שועל מלאה ושבבי שוקולד מריר,ג'נרל מילס סאן אדריא,ES,חטיף קראנצי שבבי שוק,גרמים,210.00,100 גרם,false,,16.70,7.9524,true,1,12920
8410076610379,false,נייטשר ואלי פרוטאין בוטנים ושבבי שוקולד 160 ג',סריילטו ספיין פודס,ES,פרוטאין בוטנים ושבבי,גרמים,160.00,100 גרם,false,,19.60,12.2500,true,1,12927
8410076610492,false,סוויט אנד סולטי שוקולד מריר בציפוי חמאת בוטנים,יבואן ומשווק: ש. שסט,ES,חטיף בוטנים ושיבולת,גרמים,150.00,100 גרם,false,,16.20,10.8000,true,1,12929
8410076610508,false,"נייטשר וואלי צ'ואי שוקולד מריר בוטנים ושקדים, חמישיה 5 * 30 גרם",נייצ'ר ואלי Nature Valley,ES,חטיף צ'ואי שוקולד מר,גרמים,150.00,100 גרם,false,,16.20,10.8000,true,1,12930
8410104039134,false,"פיניש מנקה ומחדש מדיח 250מ""ל",הדקלאים אגודת שיתופי,PL,פיניש מנקה ומחדש מדי,מיליליטרים,250.00,"100 מ""ל",false,,12.80,5.1200,true,1,20868
8410104045111,false,"פיניש מלח למדיח כלים 2ק""ג",פ.פ.ח. שאביט,IL,"פיניש מלח למדיח 2 ק""",קילוגרמים,2.00,"ק""ג",false,,12.70,6.3500,true,1,20870
8410104437268,false,פיניש דאו ציטרופרש מנטה,רקיט בנקיזר,HU,פיניש מפיג ריחות ציט,יחידה,0.00,יחידה,false,,12.80,0.0000,true,1,20876
8410342004789,false,טוראס-שוקולד מריר 72% ללא סוכר 100 גרם,,,שוקולד מריר 72% ללא,גרמים,100.00,100 גרם,false,,12.80,12.8000,true,1,278792
8410655001147,false,בירה סאן מיגל 500 מל פחית,,,סן מיגל בירה 4.5% כה,מיליליטרים,500.00,"100 מ""ל",false,,7.70,1.5400,true,1,306192
8413664611611,false,פאפאס ארגנטה ציפס דליקטס 180 גרם,,ES,ARGENTE חטיף תפוח א,גרמים,180.00,100 גרם,false,,14.50,8.0556,true,1,278490
8413664611956,false,פאפאס ארגנטה-ציפס עם עשבי תיבול 160 ג,,,ARGENTE חטיף תפוח א,גרמים,160.00,100 גרם,false,,14.50,9.0625,true,1,278709
8413664811844,false,ARGENTE חטיף תפוח א,,,ARGENTE חטיף תפוח א,גרמים,160.00,100 גרם,false,,14.50,9.0625,true,1,278491
8420708018817,false,מנצגו בשלה 150 גרם נ,האי נאם סי או אל.טי.,ES,גבינה מנצ`גו 150 גר`,גרמים,150.00,100 גרם,false,,24.70,16.4667,true,1,16998
8420822130600,false,"ספריי סופר מסיר שומנים 750מ""ל יעקבי",קה לורדה,ES,ספריי סופר מסיר שומנ,מיליליטרים,750.00,"100 מ""ל",false,,14.50,1.9333,true,1,216299
8423207206501,false,חטיף רב דגנים עם שוקולד חלב 78 גרם,סלים דליס Slim Delis,ES,סלים דליס חטיף דגנים,גרמים,120.00,100 גרם,false,,9.30,7.7500,true,1,21722
8423207207362,false,חטיף דגנים סלים דליס שוקולד לבן 120 גר,ביסנצ'ורי אס.אל.יו,ES,סלים דליס חטיף דגנים,גרמים,120.00,100 גרם,false,,9.30,7.7500,true,1,21724
8423207208260,false,מרבה סלים דליס 125 ג' ללא גלוטן שוקולד חלב,ביסנצ'ורי אס.אל.יו,ES,סלים דליס ללא גלוטן,גרמים,78.00,100 גרם,false,,9.30,11.9231,true,1,21727
8423207208895,false,פריכיות תירס בטעם זיתים ועירית סלים דליס 123 ג',סלים דליס Slim Delis,ES,פריכיות תירס זיתים ו,גרמים,123.00,100 גרם,false,,7.60,6.1789,true,1,3707
8423207209885,false,מרבה חטיפי סלים דליס מהדורה מיוחדת שוקולד חלב,סלים דליס Slim Delis,ES,סלים דליס אקסטרא חטי,גרמים,120.00,100 גרם,false,,9.30,7.7500,true,1,21732
8423207210942,false,חטיף דגנים מצופה שוקולד לבן ופירות יער,אף.סי תבליני בגליל ב,ES,סלים דליס טופינג פיר,גרמים,90.00,100 גרם,false,,9.30,10.3333,true,1,84535
8423207210966,false,חטיף רב דגנים מצופה שוקולד לבן קוקוס ולימון,אף.סי תבליני בגליל ב,ES,סלים דליס טופינג קוק,גרמים,90.00,100 גרם,false,,9.30,10.3333,true,1,84536
8424842050016,false,צ'יפס בטעם כמהין 125 גרם,RUBIO,ES,חטיף צ'יפס בטעם כמהי,גרמים,130.00,100 גרם,false,,11.00,8.4615,true,1,226701
8424842050030,false,צ'יפס עם מלח הימלאיה,RUBIO,ES,חטיף צ'יפס עם שמן זי,גרמים,125.00,100 גרם,false,,11.00,8.8000,true,1,226702
8424842050085,false,צ'יפס בטעם חרדל ודבש 125 גרם,RUBIO,ES,חטיף צ'יפס דבש וחרדל,גרמים,125.00,100 גרם,false,,11.00,8.8000,true,1,226703
8431876245561,false,קרפור - חלב סויה עשי,,,קרפור - חלב סויה עשי,ליטרים,1.00,ליטר,false,,5.10,5.1000,true,1,342550
8431876245578,false,קרפור - חלב סויה ללא,,,קרפור - חלב סויה ללא,ליטרים,1.00,ליטר,false,,5.10,5.1000,true,1,342579
8431876289572,false,קרפור - חלב שקדים עש,,,קרפור - חלב שקדים עש,ליטרים,1.00,ליטר,false,,6.80,6.8000,true,1,342614
8431876289589,false,קרפור - חלב שקדים לל,,,קרפור - חלב שקדים לל,ליטרים,1.00,ליטר,false,,6.80,6.8000,true,1,342436
8435495805168,false,"תינוקלין לכביסה לעור רגיש אולימפיק 1.25ק""ג",מולינו ניקולי s.p.a,TR,אבקת כביסה תינוקלין,קילוגרמים,1.25,"ק""ג",false,,18.70,14.9600,true,1,41684
8435495805199,false,"תינוקלין אבקת כביסה 3 ק""ג",מולינו ניקולי s.p.a,TR,אבקת כביסה תינוקלין,קילוגרמים,3.00,"ק""ג",false,,35.00,11.6667,true,1,41685
8435495807605,false,תינוקלין מרכך כביסה היפואלרגני מרוכז 1 ליטר,מולינו ניקולי s.p.a,TR,תינוקלין מרכך כביסה,ליטרים,1.00,ליטר,false,,15.30,15.3000,true,1,41688
8435495807636,false,ג'ל כביסה היפואלרגני 2 ל' תינוקלין,תינוקלין,TR,תינוקלין ג'ל כביסה 2,ליטרים,2.00,ליטר,false,,30.70,15.3500,true,1,41689
8435495819363,false,תינוקלין - מרכך כביסה פרש & ג'נטל 1 ליטר,ליימן מותגים,TR,תינוקלין מרכך כביסה,ליטרים,1.00,ליטר,false,,15.30,15.3000,true,1,178872
8436575292205,false,ארטיק חמשושים מאגדת 15*12 גר',שוורצקוף& הנקל דיסלד,IL,מאגדת חמשושים אננס מ,גרמים,180.00,100 גרם,false,,17.00,9.4444,true,1,16022
8485818700014,false,משקפיים בנרתיק,,,משקפיים,יחידה,0.00,יחידה,false,,19.90,0.0000,true,1,31316
8606018615827,false,גלידת וניל עם שברי עוגיות אוראו 480 ג',פרונרי סרביה,IL,גלידת וניל עם שברי ע,מיליליטרים,300.00,"100 מ""ל",false,,11.90,3.9667,true,1,326780
8606018615841,false,גלידת וניל עם ליבת שוקולד חלב 480 ג' מילקה,פרונרי סרביה,IL,פיינט מילקה וניל ליב,מיליליטרים,300.00,"100 מ""ל",false,,11.90,3.9667,true,1,326764
8606018615865,false,פיינט מילקה קרמל ליבת שוקולד 480 גרם,פרונרי סרביה,IL,פיינט מילקה קרמל ליב,מיליליטרים,300.00,"100 מ""ל",false,,11.90,3.9667,true,1,326765
8606109023593,false,פרוויטה מיץ תפוחי עץ ואגסים 750 מל,,IL,מיץ פרוויטה תפוחי עץ,מיליליטרים,750.00,"100 מ""ל",false,,10.50,1.4000,true,1,148586
8606109023609,false,"פרוויטה מיץ תפוחי עץ ודובדבנים 750 מ""ל",,IL,מיץ פרוויטה תפוחי עץ,מיליליטרים,750.00,"100 מ""ל",false,,10.50,1.4000,true,1,148587
8606109023623,false,פרוויטה מיץ תפוחי עץ ולימון ליים 750 מ,,IL,מיץ פרוויטה תפוחי עץ,מיליליטרים,750.00,"100 מ""ל",false,,10.50,1.4000,true,1,148588
8606109023722,false,פרוויטה מיץ תפוחי עץ ומשמשים 750 מל,,RS,מיץ פרוויטה תפוחי עץ,מיליליטרים,750.00,"100 מ""ל",false,,10.50,1.4000,true,1,148592
8646464131359,false,נפנף למנגל,,,נפנף למנגל,יחידה,0.00,יחידה,false,,3.40,0.0000,true,1,91008
8681863065294,false,מלח ים בטעם מעושן 350 ג' ויליפוד,שף סיזונס גידה סאן,TR,מלח ים בטעם מעושן 35,גרמים,350.00,100 גרם,false,,21.30,6.0857,true,1,273568
8683130025574,false,"מרכך כביסה אקסטרה לבנדר 960 מ""ל בדין",יונילוור - תורכיה,TR,בדין אקסטרא לבנדר-96,מיליליטרים,960.00,"100 מ""ל",false,,12.80,1.3333,true,1,259617
8683323063024,false,ממתק בטעם תותי פרוטי בצורת שטיח,ליימן מותגים,TR,יוגטה חיספוסים שטיחי,גרמים,220.00,100 גרם,false,,5.90,2.6818,true,1,41696
8686868600037,false,המותג אביזרי שיער,,,המותג אביזרי שיער,יחידה,0.00,יחידה,false,,5.00,0.0000,true,1,75017
8686868600068,false,המותג אביזרי שיער,,,המותג אביזרי שיער,יחידה,0.00,יחידה,false,,7.60,0.0000,true,1,30815
8686868600075,false,המותג אביזרי שיער,,,המותג אביזרי שיער,יחידה,0.00,יחידה,false,,8.40,0.0000,true,1,30816
8686868600112,false,המותג אביזרי שיער,,,המותג אביזרי שיער,יחידה,0.00,יחידה,false,,11.80,0.0000,true,1,30819
8686868600129,false,המותג אביזרי שיער,,,המותג אביזרי שיער,יחידה,0.00,יחידה,false,,12.70,0.0000,true,1,30820
8686868600174,false,המותג אביזרי שיער,,,המותג אביזרי שיער,יחידה,0.00,יחידה,false,,16.90,0.0000,true,1,75018
8686868600204,false,המותג אביזרי שיער,", ,",,המותג אביזרי שיער,יחידה,0.00,יחידה,false,,8.40,0.0000,true,1,30825
8686868600235,false,המותג אביזרי שיער,,,המותג אביזרי שיער,יחידה,0.00,יחידה,false,,11.00,0.0000,true,1,30826
8690504153740,false,שוקולד מריר במילוי קרם בטעם שוקולד מריר,ביסקוט ביסקווי סילבר,TR,טבלת שוקולד מריר עם,גרמים,86.00,100 גרם,false,,11.90,13.8372,true,1,24638
8690526009278,false,אי טי אי - חטיף קרמל מצופה שוקולד וחלב כדורוני דגנים 126 גרם,eti gida sanayi,TR,חטיף קרמל מצופה שוקו,יחידה,0.00,יחידה,false,,8.50,0.0000,true,1,105632
8690526009353,false,אי טי אי - מיני חטיף בוטנים נוגט קרמל מצופה שוקולד חלב 140 גרם,eti gida sanayi,TR,מיני חטיף בוטנים נוג,גרמים,140.00,100 גרם,false,,8.50,6.0714,true,1,105534
8690526019154,false,אי טי אי - וופל קקאו במילוי קרם קקאו 142 גרם,מולינו ניקולי s.p.a,TR,וופל קקאו במילוי קרם,גרמים,142.00,100 גרם,false,,6.80,4.7887,true,1,261209
8690526019178,false,אי טי אי - וופל קקאו במילוי קרם קוקוס 142 גרם,מולינו ניקולי s.p.a,TR,וופל קקאו במילוי קרם,יחידה,0.00,יחידה,false,,6.80,0.0000,true,1,70392
8690526019185,false,אי טי אי - וופל במילוי קרם שוקולד חלב 142 גרם,מולינו ניקולי s.p.a,TR,וופל קקאו במילוי קרם,יחידה,0.00,יחידה,false,,6.80,0.0000,true,1,70393
8690526029207,false,אי טי אי - מארז חמישייה וופל במילוי קרם קקאו וחתיכות בוטנים 145 גרם,eti gida sanayi,TR,וופל במילוי קרם קקאו,גרמים,145.00,100 גרם,false,,8.50,5.8621,true,1,261194
8690531032377,false,פלפלים קטנים חריפים במי מלח 340 גרם,גנגיר גידה,TR,פלפל שיפקונית במי מל,גרמים,340.00,100 גרם,false,,8.60,2.5294,true,1,15827
8690572784303,false,שמפו גליס Gliss לשיער ארוך Supreme Length,שוורצקופף והנקל,DE,גליס שמפו לאורך מושל,מיליליטרים,400.00,"100 מ""ל",false,,11.00,2.7500,true,1,175602
8690572786222,false,מרכך גליס Gliss לשיער ארוך Supreme Length,שוורצקופף והנקל,DE,גליס מרכך לאורך מושל,מיליליטרים,400.00,"100 מ""ל",false,,11.00,2.7500,true,1,175603
8690637505614,false,"מרכך כביסה בדין אקסטרה פינוק קוקוס 960 מ""ל",יוניליוור סנאיי וי ט,TR,מרכך כביסה מרוכז בדי,מיליליטרים,960.00,"100 מ""ל",false,,12.80,1.3333,true,1,168176
8690637555084,false,מרכך כביסה בדין אקסטרא פריחת תפוז 960 מל,יוניליוור סנאיי וי ט,TR,בדין אקסטרה לבן 960,מיליליטרים,960.00,"100 מ""ל",false,,12.80,1.3333,true,1,10914
8690637946318,false,"בדין מרכך כביסה אקסטרא בייבי צהוב 960מ""ל",יוניליוור סנאיי וי ט,TR,בדין אקסטרא בייבי צ,מיליליטרים,960.00,"100 מ""ל",false,,12.80,1.3333,true,1,54859
8690757002482,false,"ספוג מבריק נעליים עם צבע 6 מ""ל SILVER -שחור",,,ספוג מבריק נעליים עם,יחידה,0.00,יחידה,false,,11.90,0.0000,true,1,1065
8690766156411,false,שוקולד מריר מעולה בטעם פלפל ורוד עם חתיכות תות מסוכר 90ג',"אולקר מקבוצת פלאדיס,",TR,גודייבה שוקולד מריר,גרמים,90.00,100 גרם,false,,13.10,14.5556,true,1,86592
8690777203012,false,פלפל ירוק כבוש לא חריף סארה 600ג',יוליניבר,TR,פלפל ירוק כבוש סרה 6,גרמים,600.00,100 גרם,false,,9.30,1.5500,true,1,3297
8690777204071,false,פלפלים כבושים - חריפים,יוליניבר,TR,פלפל חריף סרה 640 גר,גרמים,640.00,100 גרם,false,,9.30,1.4531,true,1,3298
8690777206051,false,חצילים קלויים על האש סארה 650 גר',קוראהן פזלרמה וי דיס,TR,חציל קלוי על האש סרה,גרמים,650.00,100 גרם,false,,9.30,1.4308,true,1,3299
8690777221405,false,פלפל אדום קלויים על האש 650 גרם SERA,קוראהן פזלרמה וי דיס,TR,פלפל אדום קלוי על הא,גרמים,650.00,100 גרם,false,,9.30,1.4308,true,1,3301
8690946270074,false,פסטה ספגטי 500 גרם B,,,פסטה ספגטי 500 גרם B,גרמים,500.00,100 גרם,false,,3.40,0.6800,true,1,314482
8690946270111,false,פסטה פוזלי 500 גרם B,,,פסטה פוזלי 500 גרם B,גרמים,500.00,100 גרם,false,,3.40,0.6800,true,1,314483
8690946270241,false,פסטה קונכיות גדולות,,,פסטה קונכיות גדולות,גרמים,500.00,100 גרם,false,,3.40,0.6800,true,1,314484
8690946272207,false,פסטה פנה 500 גרם BAH,,,פסטה פנה 500 גרם BAH,גרמים,500.00,100 גרם,false,,3.40,0.6800,true,1,314485
8690946272320,false,פסטה מקרוני 500 גרם,,,פסטה מקרוני 500 גרם,גרמים,500.00,100 גרם,false,,3.40,0.6800,true,1,314486
8691058141238,false,ערמונים שלמים קלויים וקלופים 100 ג' Avel,,,AVEL ערמונים שלמים ק,גרמים,100.00,100 גרם,false,,4.20,4.2000,true,1,48490
8691900174056,false,קוטקס תחבושות אולטרה לילה 16 י',,,תחבושות קוטקס לילה,100 יח',16.00,100 יח',false,,14.50,90.6250,true,1,275375
8693357155763,false,סט1 קערה הגשה+6 קערו,,,סט1 קערה הגשה+6 קערו,יחידה,0.00,יחידה,false,,145.30,0.0000,true,1,299801
8693357192904,false,סט 2 תבניות פיירקס ע,,,סט 2 תבניות פאי 26 ס,יחידה,0.00,יחידה,false,,128.20,0.0000,true,1,45267
8693495051002,false,מברשת שיניים לילדים מיניונים קולגייט 6+,קולגייט Colgate,,קולגייט מברשת ילדים,יחידה,0.00,יחידה,false,,8.50,0.0000,true,1,21747
8693495052177,false,"סבון נוזלי פלמוליב זיתים 750 מ""ל",קולגייט פלמוליב,TR,פלמוליב נטורלס תחליב,מיליליטרים,750.00,"100 מ""ל",false,,17.10,2.2800,true,1,21749
8697530910750,false,סיגריות פאל מאל כחול ארוך האוס,BAT,,פאל מאל בלו ארוך,יחידה,0.00,יחידה,false,,29.00,0.0000,false,1,4192
8697530910781,false,סיגריות פאל מאל אדום מטאליק,BAT,TR,פאל מאל רד,יחידה,0.00,יחידה,false,,29.00,0.0000,false,1,4195
8697530910958,false,פאל מאל כחול ארוך האוס עשירייה,BAT,,פאל מאל בלו ארוך פאק,יחידה,0.00,יחידה,false,,280.00,0.0000,false,1,4198
8697826469092,false,טורטיה קטנה 12 יחידות 540 גרם,דין שיווק,TR,טורטיה 540 גרם tort,גרמים,540.00,100 גרם,false,,7.70,1.4259,true,1,4959
8698996000207,false,מגבות נייר 1/6,,,מגבות נייר 1/6,מטרים,0.00,מטר,false,,9.40,0.0000,true,1,317083
8698996003413,false,נייר סופג 9=1 JUMB,,,נייר סופג 9=1 JUMB,יחידה,0.00,יחידה,false,,16.20,0.0000,true,1,292526
8710502139017,false,עוגיות מרבה טריפל שוקולד שוקוצ'יפס 180ג',בנקטבקריי מרבה בי.וי,NL,מרבה עוגיות טריפל שו,גרמים,180.00,100 גרם,false,,8.50,4.7222,true,1,21757
8710502260032,false,מרבה עוגיות שוקוצ'יפס 150גרם,בנקטבקריי מרבה בי.וי,NL,מרבה עוגיות שוקולד צ,גרמים,150.00,100 גרם,false,,5.00,3.3333,true,1,21761
8710502279010,false,מרבה עוגיות שוקולד צ'יפס מצופות שוקולד 175 ג',"י.מרבה ישראל בע""מ",NL,מרבה עוגיות שוקולד צ,גרמים,175.00,100 גרם,false,,8.50,4.8571,true,1,124385
8710502285509,false,עוגיות לימון ושוקולד צ'יפס במרקם רך 175 ג' מרבה,בנקטבקריי מרבה בי.וי,NL,מרבה עוגיה רכה לימון,גרמים,175.00,100 גרם,false,,8.50,4.8571,true,1,228412
8710800027573,false,סוכריות מיני מנטוס פירות שקית 178ג',ליימן מותגים,NL,מיני מנטוס שקית,גרמים,178.00,100 גרם,false,,10.60,5.9551,true,1,12944
8710800961310,false,סוכריות מנטוס תות מארז 37.5X4ג',פרפטי ואן מלה ברדה,NL,מנטוס 1/4 תות,גרמים,150.00,100 גרם,false,,9.40,6.2667,true,1,12946
8710908326691,false,תחליב רחצה דאב אדמונית 750 מל,יוניליוור גרמניה (בו,DE,תחליב רחצה אדמונית ד,מיליליטרים,750.00,"100 מ""ל",false,,17.00,2.2667,true,1,11018
8711000371183,false,קפסולות קפה אספרסו אינטנסו 10*52 ג' ג'ייקובס,קריניציה ויטמינה אס,FR,ג'ייקובס קפסולות קפה,גרמים,52.00,100 גרם,false,,13.60,26.1538,true,1,5189
8711327475663,false,פיינט וניל שוקולד לבן 260 ג' מגנום,"מפעל גלידות בווספרם,",HU,גלידת שמנת בטעם וניל,גרמים,260.00,100 גרם,false,,18.80,7.2308,true,1,144809
8711327475762,false,פיינט שוקולד לבן עוגיות 260 ג' מגנום,"מפעל גלידות בווספרם,",HU,גלידת שמנת שוקולד לב,גרמים,260.00,100 גרם,false,,18.80,7.2308,true,1,144811
8712400802512,false,תרכובת מזון המשך לפעוטות על בסיס חלב שלב 2,נוטרישיה קאלק ב. ו.,NL,נוטרילון שלב 2- 800,גרמים,800.00,100 גרם,false,,55.50,6.9375,true,1,5214
8712400802536,false,תרכובת מזון המשך לפעוטות על בסיס חלב שלב 3,נוטרישיה קאלק ב. ו.,NL,נוטרילון שלב 3- 800,גרמים,800.00,100 גרם,false,,55.50,6.9375,true,1,5216
8712561611411,false,תחליב רחצה מזין בניחוח מלפפון ותה ירוק,יוניליוור גרמניה (בו,DE,תחליב רחצה תה ירוק ו,מיליליטרים,750.00,"100 מ""ל",false,,17.00,2.2667,true,1,11064
8712561626286,false,"תחליב רחצה דאב זוהר כמשי 750 מ""ל",יוניליוור גרמניה (בו,DE,תחליב רחצה זוהר כמשי,מיליליטרים,750.00,"100 מ""ל",false,,17.00,2.2667,true,1,11066
8712561631570,false,"תחליב רחצה דאב חלב קוקוס 750 מ""ל",יוניליוור גרמניה (בו,DE,תחליב רחצה חלב קוקוס,מיליליטרים,750.00,"100 מ""ל",false,,17.00,2.2667,true,1,11068
8712561646024,false,"תחליב רחצה דאב קרם פיסטוק ומגנול 750 מ""ל",יוניליוור גרמניה (בו,DE,תחליב רחצה קרם פיסטו,מיליליטרים,750.00,"100 מ""ל",false,,17.00,2.2667,true,1,232018
8714599410530,false,גייקובס קרונינג שקית רפיל 200 גרם,גייקובס,UA,גייקובס קפה נמס 200ג,גרמים,200.00,100 גרם,false,,17.10,8.5500,true,1,5196
8714599513781,false,קפה נמס גולד מיובש בהקפאה 200 ג' ג'ייקובס,אל.אל. סי ג''יקובס ד,RU,קפה ג'יקובס גולד 200,גרמים,200.00,100 גרם,false,,23.00,11.5000,true,1,5200
8714599513835,false,קפה ג'יקובס נטול קופאין מיובש בהקפאה 200 ג',ג'ייקובס Jacobs,RU,קפה ג`יקובס נטול קופ,גרמים,200.00,100 גרם,false,,29.00,14.5000,true,1,5202
8714599513866,false,"ג'ייקובס קרוננג מיובש בהקפאה כשל""פ 200 ג'",אל.אל.סי גייקובס דאו,DE,קפה ג'יקובס קרונונג,גרמים,200.00,100 גרם,false,,23.00,11.5000,true,1,5203
8714789177229,false,מברשת שיניים אקסטרה קלין מדיום - מארז רביעיה,הנסיך- מפעל לייצור ט,CN,מב.שיניים אקסטרא קלי,יחידה,0.00,יחידה,false,,8.50,0.0000,true,1,21771
8714789218465,false,מברשת שיניים קולגייט 360 מדיום זוג,הנסיך- מפעל לייצור ט,CN,זוג מברשות שיניים 36,יחידה,0.00,יחידה,false,,21.30,0.0000,true,1,21775
8714789303925,false,מברשת שיניים 360 Sensitive אקסטרא סופט - מארז זוג,קולגייט- פלמוליב,CH,זוג מברשת שיניים 360,יחידה,0.00,יחידה,false,,21.30,0.0000,true,1,21779
8714789402918,false,נוזל לניקוי כללי ולרצפה בניחוח פרחי בר,הנסיך- מפעל לייצור ט,GR,חגיגת הפרחים אדום אג,ליטרים,1.50,ליטר,false,,17.10,11.4000,true,1,21780
8714789582764,false,אג'קס ספריי לניקוי חלונות ומשטחים,"ש. שסטוביץ בע""מ",GR,אגקס חלונות 750מל,מיליליטרים,750.00,"100 מ""ל",false,,12.80,1.7067,true,1,21790
8714789831275,false,קולגייט מברשת שיניים 360 אופטיק וואיט זוג,קולגייט פלמוליב,CN,קולגייט מברשת שיניים,יחידה,0.00,יחידה,false,,21.30,0.0000,true,1,21801
8714789834467,false,פלמוליב נ.כלים 1.5 ליטר-מרכז,פלמוליב Palmolive,GR,פלמוליב נוזל כלים 1.,ליטרים,1.50,ליטר,false,,13.60,9.0667,true,1,21802
8718692610835,false,שלישית בקבוקי סודה סטרים פיוז 1 ליטר,סודה סטרים,IL,בקבוק 1 ליטר שלישיה,ליטרים,1.00,ליטר,false,,51.20,51.2000,true,1,17306
8718951030169,false,משחת שיניים Sensifoam לשיניים רגישות ולהלבנה,קולגייט Colgate,PL,משחת קולגייט סנסטיב,מיליליטרים,75.00,"100 מ""ל",false,,15.30,20.4000,true,1,62665
8718951030206,false,"קולגייט סנסיטיב מולטי פרוטקשן משחת שיניים 75 מ""ל",קולגייט-פלמוליב,PL,משחת קולגייט סנסטיב,מיליליטרים,75.00,"100 מ""ל",false,,15.30,20.4000,true,1,62666
8718951093331,false,מרידול מברשת שיניים אקסטרה סופט זוג,קולגייט פלמוליב,,מברשת שיניים מרידול,יחידה,0.00,יחידה,false,,30.70,0.0000,true,1,21824
8718951159808,false,מברשות שיניים 360 מדיום- מארז שלישייה,קולגייט פלמוליב,CN,מארז שלישייה מברשת 3,יחידה,0.00,יחידה,false,,26.40,0.0000,true,1,21833
8718951160897,false,ספריי אקונומיקה עוצמת ה7 טריגר אגקס 500מ,קולגייט פלמוליב,GR,אגקס עוצמת ה 7 טריגר,מיליליטרים,500.00,"100 מ""ל",false,,12.80,2.5600,true,1,21834
8718951166288,false,"משחת שיניים קולגייט מקס וייט 125 מ""ל",הנסיך- מפעל לייצור ט,PL,קולגייט משחת שיניים,מיליליטרים,125.00,"100 מ""ל",false,,15.30,12.2400,true,1,21836
8718951166561,false,משחת שיניים לרעננות מוגברת max fresh cooling crystals,הנסיך- מפעל לייצור ט,PL,קולגייט משחת שיניים,מיליליטרים,125.00,"100 מ""ל",false,,15.30,12.2400,true,1,21837
8718951170445,false,"קולגייט משחת שיניים סמיילס לילדים מגיל 2-5 50 מ""ל",COLGATE ($) -PALMOLI,PL,קולגייט סמיילס משחת,מיליליטרים,50.00,"100 מ""ל",false,,10.20,20.4000,true,1,21839
8718951175600,false,"משחת שיניים קולגייט אוטאל קליין מינט 75 מ""ל",,,קולגייט משחת שיניים,מיליליטרים,75.00,"100 מ""ל",false,,11.10,14.8000,true,1,106014
8718951236790,false,"קולגייט טוטאל משחת שיניים קלין מינט לפה בריא 100 מ""ל",קולגייט Colgate,PL,משחת שיניים קלין מינ,מיליליטרים,100.00,"100 מ""ל",false,,14.50,14.5000,true,1,21852
8718951236806,false,"קולגייט טוטאל הלבנה להסרת כתמים מהשן 100 מ""ל",קולגייט Colgate,PL,מש.שיניים להלבנה קול,מיליליטרים,100.00,"100 מ""ל",false,,14.50,14.5000,true,1,21853
8718951259409,false,פלמוליב תחליב רחצה נטורס לעור עדין,קולגייט פלמוליב,TR,תחליב רחצה פלמוליב נ,מיליליטרים,750.00,"100 מ""ל",false,,17.10,2.2800,true,1,320553
8718951264618,false,"קולגייט אופטיק וייט פחם צ'רקול משחת שיניים, 75 מ""ל",קולגייט-פלמוליב,PL,קולגייט אופטיק וייט,מיליליטרים,75.00,"100 מ""ל",false,,23.90,31.8667,true,1,62425
8718951315303,false,משחת שיניים קולגייט הגנה מקסימלית - מארז זוג,קולגייט-פלמוליב,PL,משחת שיניים קולגייט,מיליליטרים,200.00,"100 מ""ל",false,,17.10,8.5500,true,1,82878
8718951345119,false,נוזל לניקוי רצפות וכללי היביסקוס 2 ליטר,הנסיך- מפעל לייצור ט,GR,אג'קס ניקוי כללי עוצ,ליטרים,2.00,ליטר,false,,17.90,8.9500,true,1,114813
8718951366015,false,"קולגייט - משחת שיניים אופטיק וויט אקס קומפ 75 מ""ל",cp,PL,משחת שיניים אופטיק ו,מיליליטרים,75.00,"100 מ""ל",false,,42.70,56.9333,true,1,320538
8718951368422,false,אג'קס פיור הום תפוח,,,אג'קס פיור הום תפוח,ליטרים,1.50,ליטר,false,,17.10,11.4000,true,1,100529
8718951382640,false,"פלמוליב ג'ל רחצה חימר דיטוקס 750 מ""ל",CP UK,TR,סבון רחצה חימר דיטוק,מיליליטרים,750.00,"100 מ""ל",false,,17.10,2.2800,true,1,100490
8718951382718,false,"פלמוליב ג'ל רחצה חימר התחדשות 750 מ""ל",פלמוליב Palmolive,TR,ג'ל רחצה חימר התחדשו,מיליליטרים,750.00,"100 מ""ל",false,,17.10,2.2800,true,1,100503
8718951400474,false,"תחליב רחצה קמליה ושקדים ללא משאבה750 מ""ל פלמולי",CP - Turkey+60,TR,תחליב רחצה קמליה ושק,מיליליטרים,750.00,"100 מ""ל",false,,17.10,2.2800,true,1,274967
8718951409798,false,זוג מברשות שיניים מקס וויט פחם קולגייט,הנסיך- מפעל לייצור ט,CN,קולגייט מברשת שיניים,יחידה,0.00,יחידה,false,,21.30,0.0000,true,1,149186
8718951428522,false,"פלמוליב - ג'ל רחצה 4 ב-1 המפ לגבר 750 מ""ל",CP - Turkey+60,TR,סבון רחצה לגבר 4 ב-1,מיליליטרים,750.00,"100 מ""ל",false,,17.10,2.2800,true,1,228935
8718951443396,false,"סבון ידיים חלב ודבש פלמוליב מארז 3*300 מ""ל",CP UK,TR,פלמוליב סבון ידיים ח,מיליליטרים,900.00,"100 מ""ל",false,,21.30,2.3667,true,1,149261
8718951461413,false,"קולגייט טוטאל קלין מינט ביטיוב 100 מ""ל*2 כשל""פ",קולגייט פלמוליב,PL,משחת שיניים קולגייט,מיליליטרים,200.00,"100 מ""ל",false,,25.60,12.8000,true,1,240026
8718951466371,false,"משחת שיניים מרידול 75 מ""ל",GABA LOER GER,DE,משחת שיניים מרידול 7,מיליליטרים,75.00,"100 מ""ל",false,,17.10,22.8000,true,1,286602
8718951470538,false,קולגייט משחת שיניים מקס פרש ביטיוב 125*2 כשלפ,קולגייט פלמוליב,PL,משחת שיניים קולגייט,מיליליטרים,250.00,"100 מ""ל",false,,25.60,10.2400,true,1,240041
8718951477384,false,"קולגייט משחת שיניים טוטאל ג'ל מתקדם פיור 75 מ""ל",קולגייט פלמוליב,MX,משחת שיניים טוטל Pur,מיליליטרים,75.00,"100 מ""ל",false,,17.10,22.8000,true,1,228950
8718951509627,false,"משחת שיניים אופטיק וויט לאוהבי קפה 75 מ""ל קולגייט",קולגייט פלמוליב,PL,קולגייט וואייט להסרת,יחידה,0.00,יחידה,false,,23.90,0.0000,true,1,257593
8719128117249,false,"סירופ פפסי מקס 440 מ""ל סודהסטרים",סודה סטרים,IL,סירופ פפסי מקס סודה,מיליליטרים,440.00,"100 מ""ל",false,,19.60,4.4545,true,1,142769
8719200997998,false,מרגרינה למריחה בישול וטיגון 200 ג' בלו בנד,אתר חיפה מרגרינה - F,IL,בלו בנד לבישול וטיגו,גרמים,200.00,100 גרם,false,,4.20,2.1000,true,1,11118
8719200998001,false,מרגרינה לאפיה ובישול בלי מלח 200 ג' בלו בנד,מיוצר עי קונדיטוריית,IL,בלו בנד ללא מלח 200,גרמים,200.00,100 גרם,false,,4.20,2.1000,true,1,11119
8719200998018,false,מחמאה מרגרינה בטעם חמאה 200 ג' בלו בנד,פארייפאבה אגרואינדוס,IL,מחמאה מרגרינה בטעם ח,גרמים,200.00,100 גרם,false,,4.20,2.1000,true,1,11120
8719200998094,false,מרגרינה מזולה בטעם טבעי ללא תוספת מלח,"מיוצר ע""י יוניליוור",IL,מזולה מרגרינה לאפייה,גרמים,200.00,100 גרם,false,,5.90,2.9500,true,1,11128
8719200998100,false,מרגרינה בטעם חמאה לאפייה 200 ג' מזולה,פארייפאבה אגרואינדוס,IL,מזולה מרגרינה לאפייה,גרמים,200.00,100 גרם,false,,5.90,2.9500,true,1,11129
8720100012445,false,וופל טוסט בלגי 6 יח 250 גרם בקרסלנד,דה בנקט גרופ,,וופל טוסט בלגי 250 ג,גרמים,250.00,100 גרם,false,,8.50,3.4000,true,1,18091
8720181123955,false,"אקס - ג'ל רחצה ריצארג קריד 400 מ""ל",יוניליוור גרמניה (בו,DE,אקס ג'ל רחצה ריצ'ארג,מיליליטרים,400.00,"100 מ""ל",false,,10.20,2.5500,true,1,305549
8721200060107,false,סטרופ וופל 260 גר בקרסלנד,דה בנקט גרופ,,סטרופ וופל הולנדי 25,גרמים,250.00,100 גרם,false,,8.50,3.4000,true,1,18092
8801055707966,false,קפה טייסטר צו'יס נס קפה בריסטה 180ג',נסטלה קוריאה - קפה,IL,נס קפה טייסטרס צ'ויס,גרמים,180.00,100 גרם,false,,25.60,14.2222,true,1,19344
8801055709427,false,נסקפה טייסטרס צויס אלטה ריקה 100 גר,נסטלה קוריאה - קפה,KR,נסקפה טייסטרס צ'ויס,גרמים,100.00,100 גרם,false,,20.43,20.4300,true,1,198139
8801055709458,false,אבקה להכנת משקה קפה בטעם קפוצ'ינו קרמל,נסקפה Nescafe,KR,נסקפה קפוצ'ינו קרמל,גרמים,170.00,100 גרם,false,,16.20,9.5294,true,1,271237
8801055709472,false,נסטלה - נסקפה קפוצ'ינו קלאסי 12.50 גרם * 10,לוטה נסטלה קוריאה,DE,נסקפה קפוצ'ינו קלאסי,גרמים,185.00,100 גרם,false,,16.20,8.7568,true,1,238264
8803733180788,false,"קופסא 807 -470 מ""ל עם מכסה ורוד/כחול/צהוב",,,"קופסא807 -470מ""ל L&L",יחידה,0.00,יחידה,false,,25.60,0.0000,true,1,42700
8803733181525,false,"קופסא 850 מ""ל (24 יח",,,"קופסא 850 מ""ל 815M",יחידה,0.00,יחידה,false,,31.60,0.0000,true,1,42704
8803733181716,false,קופסא 1.4 ליטר 817H,,,קופסא 1.4 ליטר 817H,יחידה,0.00,יחידה,false,,39.30,0.0000,true,1,42707
8803733181785,false,קופסא 1 ליטר 817 L&,,,קופסא 1 ליטר 817 L&,ליטרים,1.00,ליטר,false,,33.30,33.3000,true,1,42708
8803733182218,false,קופסא 1.2 ליטר 822D עם מכסה ורוד/כחול/צהוב,,,קופסא 1.2 ליטר - L,יחידה,0.00,יחידה,false,,36.70,0.0000,true,1,42709
8850180040028,false,קמח טמפורה להכנת בלי,קרנחם אוטאי פחרה,TH,קמח טמפורה להכנת בלי,גרמים,500.00,100 גרם,false,,9.40,1.8800,true,1,47128
8850206250592,false,רוטב צ'ילי סריראצ'ה 540 גרם (מזרח ומערב),יאן וואל יון קו.לטד,TH,רוטב צ'ילי סיראצ'ה מ,גרמים,540.00,100 גרם,false,,17.10,3.1667,true,1,249850
8850367992164,false,קרם קוקוס 250 מל 20-22% ללא חומר משמר,טאפ פאד ונגפורן,TH,קרם קוקוס ללא גלוטן,גרמים,250.00,100 גרם,false,,6.80,2.7200,true,1,47131
8850367994021,false,"רוטב צילי מתוק ללא סוכר לל""ג 280 מ""ל",יאן ונזל יון,TH,רוטב צ'ילי מתוק ללא,מיליליטרים,280.00,"100 מ""ל",false,,9.40,3.3571,true,1,296148
8850389104637,false,"משקה קל סאפה אלוורה אפרסק 300 מ""ל",סאפה פובליק קומפני ל,TH,סאפה משקה אלוורה אפר,מיליליטרים,300.00,"100 מ""ל",false,,5.50,1.8333,true,1,39013
8850389105825,false,סאפה אלוורה ענבים 1 ליטר,סאפה פובליק קומפני ל,TH,סאפה משקה אלוורה ענב,ליטרים,1.00,ליטר,false,,11.60,11.6000,true,1,39014
8850389105832,false,סאפה אלוורה תפוחים 1 ליטר,סאפה פובליק קומפני ל,TH,סאפה משקה אלוורה תפו,ליטרים,1.00,ליטר,false,,11.60,11.6000,true,1,39015
8850389115336,false,סאפה מלון בקבוק תריסר 1ל',סאפה פובליק קומפני ל,TH,סאפה משקה מלון 1ל,ליטרים,1.00,ליטר,false,,11.60,11.6000,true,1,39022
8850632604259,false,חיספוסים ממתק בטעם תות שדה בצורת מקלות,ג'נרל קנדי בעמ,TH,יוגטה חיספוסים מקלות,גרמים,50.00,100 גרם,false,,3.30,6.6000,true,1,41744
8850632604402,false,יוגטה מקלות חמוצות שטיח בטעם מעורב24 יח',"ג'נרל קנדי בע""מ",TH,יוגטה ממתק תות ענבים,גרמים,50.00,100 גרם,false,,3.30,6.6000,true,1,41747
8858271002870,false,"רוטב פאד תאי 250 מ""ל מקסצאפ","ייאן וואל יון בע""מ",TH,רוטב פאד תאי MAXCHUP,מיליליטרים,250.00,"100 מ""ל",false,,8.50,3.4000,true,1,47144
8858271002887,false,רוטב טריאקי 250 מ'ל - מקסצ'אפ,דאנינג יוה פודס קו,TH,רוטב טריאקי MAXCHUP,מיליליטרים,250.00,"100 מ""ל",false,,9.40,3.7600,true,1,47145
8858271004126,false,רוטב חמוץ מתוק 700 גרם מקסצאפ,יאן ונזל יון,TH,רוטב חמוץ מתוק MAXCH,מיליליטרים,700.00,"100 מ""ל",false,,12.80,1.8286,true,1,47154
8858271004799,false,"רוטב צילי מתוק אל פורפסיס 700 מ""ל",יאן ונזל יון,TH,רוטב צ'ילי מתוק מזרח,מיליליטרים,700.00,"100 מ""ל",false,,11.10,1.5857,true,1,47157
8858271005451,false,רוטב סויה פורמולה 1 - 250 מל מקסצאפ,yan wal yun corpara,TH,רוטב סויה בהיר-פורמו,מיליליטרים,700.00,"100 מ""ל",false,,8.50,1.2143,true,1,296076
8858271005772,false,"רוטב סויה ללא גלוטן 300 מ""ל",יאן ונזל יון,TH,רוטב סויה ללא גלוטן,מיליליטרים,300.00,"100 מ""ל",false,,14.50,4.8333,true,1,249836
8901537024014,false,"אורז בסמטי מובחר 1 ק""ג - דוואט) יורה דיעה",הנסיך- מפעל לייצור ט,IN,וילי פוד אורז בסמטי,גרמים,1000.00,100 גרם,false,,11.00,1.1000,true,1,3315
8901537076679,false,"אורז בסמטי חום מלא 1 ק""ג דאוואט",האי נאם סי או אל.טי.,IN,אורז בסמטי חום מלא 1,קילוגרמים,1.00,"ק""ג",false,,11.90,11.9000,true,1,3316
8934878081811,false,"דפי אורז 22 ס""מ 400 גר'(Trav) ללא גלוטן",דאנינג יוה פודס קו,CN,דפים על בסיס קמח טפי,גרמים,400.00,100 גרם,false,,10.20,2.5500,true,1,47161
9000101372878,false,קפסולות דיסקס לניקוי כביסה לבנה וצבעונית Deep Clean,פרסיל Persil,HU,פרסיל דיסקס לכביסה ל,יח',22.00,יח',false,,29.90,1.3591,true,1,154953
9000101511635,false,קפסולות ג'ל לכביסה פרסיל דיסקס לעור רגיש,פרסיל Persil,HU,פרסיל דיסקס סנסיטיב,יח',22.00,יח',false,,29.90,1.3591,true,1,265939
9000101512526,false,פרסיל - פאוור קאפס קפסולות ג'ל מרוכזות לכביסה 26 יח',פרסיל Persil,RS,פרסיל פאוור קאפס לכב,יח',26.00,יח',false,,29.90,1.1500,true,1,265940
9000101537550,false,פרסיל קאפסולות לכביסה לבנה וצבעונית 52 יח',הנקל סוד,IL,פרסיל פאוור קאפס קפס,יחידה,0.00,יחידה,false,,50.30,0.0000,true,1,261936
9000101537581,false,פרסיל קאפסולות לכביסה צבעונית 52 יחידו,הנקל סוד,IL,פרסיל פאוור קאפס קפס,יחידה,0.00,יחידה,false,,50.30,0.0000,true,1,261950
9002859037221,false,שוקולד מריר אספרסו 7,,,שוקולד מריר אספרסו 7,גרמים,100.00,100 גרם,false,,8.50,8.5000,true,1,282086
9002859042560,false,שוקולד מריר 100 גרם,,,שוקולד מריר 100 גרם,גרמים,100.00,100 גרם,false,,8.50,8.5000,true,1,282119
9002859058172,false,בונבוניירה בננה ציפוי שוקולד מריר 300 גר,,AT,בננה ציפוי שוקולד מר,גרמים,300.00,100 גרם,false,,12.80,4.2667,true,1,282372
9002859110412,false,שוקולד לבן-קפה 100,,,שוקולד לבן-קפה 100,גרמים,100.00,100 גרם,false,,8.50,8.5000,true,1,282103
9002975393836,false,סוכריות גילי הריבו האפי קולה 70 גרם,"האריבו , ג'י.אם.בי.א",AT,סוכריות גומי בטעם קו,גרמים,70.00,100 גרם,false,,5.90,8.4286,true,1,141670
9002975393843,false,סוכריות גילי הריבו גולדברס 70 גרם,"האריבו , ג'י.אם.בי.א",AT,סוכריות גומי בטעמי פ,גרמים,70.00,100 גרם,false,,5.90,8.4286,true,1,141671
9002975393850,false,סוכריות גילי הריבו וורמס 70 גרם,"האריבו , ג'י.אם.בי.א",AT,סוכריות גומי בטעמי פ,גרמים,70.00,100 גרם,false,,5.90,8.4286,true,1,141672
9044400851672,false,סוכריות פז סוגים שונים + 3 מילויים,פז פרודקשיין יורו,HU,פז דמויות מתחלפות 25,גרמים,25.50,100 גרם,false,,9.30,36.4706,true,1,271750
9120025834723,false,חטיף אוראו מצונן 120 גרם רבנות,בובארד איטליה אס.פי.,IT,חטיף אוראו מצונן 120,גרמים,120.00,100 גרם,false,,12.80,10.6667,true,1,288419
9120025839896,false,חטיף מילקה מצונן 128 גרם,בובארד איטליה אס.פי.,IT,חטיף מילקה מצונן 128,גרמים,128.00,100 גרם,false,,12.80,10.0000,true,1,288987
9120097310583,false,חטיף שוקו בננה מיניונים מצונן 108 גרם,בובארד איטליה אס.פי.,IT,חטיף שוקו בננה מיניו,גרמים,108.00,100 גרם,false,,12.80,11.8519,true,1,288450
9310072028743,false,טים טם Tim Tam וופל שוקולד קלאסי,"ארנוטס ביסקוויטס בע""",AU,טים טם אוריגינל 200,גרמים,200.00,100 גרם,false,,17.10,8.5500,true,1,13875
9310072028750,false,טים טם Tim Tam וופל שוקולד ציפוי כפול,"ארנוטס ביסקוויטס בע""",AU,טים טם קרם דאבל 200,גרמים,200.00,100 גרם,false,,17.10,8.5500,true,1,13876
9322969000015,false,פריכיות תירס בטעם אורגינל ריל פודס 150 ג',אף.סי תבליני בגליל ב,AU,פריכיות תירס בטעם או,גרמים,150.00,100 גרם,false,,12.00,8.0000,true,1,6146
9322969000046,false,פריכיות תירס שומשום אורגני ריל פודס 150 ג',אף.סי תבליני בגליל ב,AU,פריכיות תירס אורגניו,גרמים,150.00,100 גרם,false,,12.00,8.0000,true,1,6149
9720188060108,false,טופוטי ממרח על בסיס סויה בסגנון שמנת 340ג',טופוטי ברנדס אינק.ג',IL,טופוטי ממרח טופו בטע,גרמים,340.00,100 גרם,false,,17.10,5.0294,true,1,6763
9771565038319,false,ידיעות אחרונות יום א,,,ידיעות אחרונות יום א,יחידה,0.00,יחידה,false,,0.50,0.0000,true,1,9994
9771565038326,false,ידיעות אחרונות יום ב,,,ידיעות אחרונות יום ב,יחידה,0.00,יחידה,false,,0.50,0.0000,true,1,9995
9771565038333,false,ידיעות אחרונות יום ג,,,ידיעות אחרונות יום ג,יחידה,0.00,יחידה,false,,0.50,0.0000,true,1,9996
9771565038340,false,ידיעות אחרונות יום ד,,,ידיעות אחרונות יום ד,יחידה,0.00,יחידה,false,,0.50,0.0000,true,1,9997
9771565038357,false,עיתון יום חול ידיעות,,,ידיעות אחרונות יום ה,יחידה,0.00,יחידה,false,,0.50,0.0000,true,1,9998
9771565039125,false,עיתון לאישה יום ב,,,לאשה יום ב`,יחידה,0.00,יחידה,false,,17.00,0.0000,true,1,10000
9771565051066,false,ידיעות אחרונות יום ו,,,ידיעות אחרונות יום ו,יחידה,0.00,יחידה,false,,10.30,0.0000,true,1,10010
9771565192431,false,עיתון מנטה יום ג`,,,עיתון מנטה יום ג`,יחידה,0.00,יחידה,false,,21.40,0.0000,true,1,10013
