code,internal_code,name,manufacturer_name,manufacture_country,manufacturer_item_description,unit_qty,quantity,unit_of_measure,weighted,qty_in_package,price,unit_of_measure_price,allow_discount,status,item_id
2,true,"עמלת החזרת צ ק 14ש""ח",שונות /שרות,,,"י""ח",1,,false,1,11.90,11.90,false,1,
6,true,"מוניות הערבה ב -5ש""ח",שונות /שרות,,,"י""ח",1,,false,1,4.20,4.20,false,1,
12,true,שתיה קרה בקבוק חצי ליטר 500,החברה המרכזית להפצת משקאות בעמ,,,"י""ח",1,,false,1,5.10,5.10,false,1,
20,true,לילות סדר ישראלים,שונות /שרות,,,"י""ח",1,"י""ח",false,1,10,10,false,1,
54,true,כתף(בשר  לא מוכשר),ב ספק בשר קפוא,,,"ק""ג",1,,true,1,32.50,32.50,false,1,
107,true,ראש סלומון קפוא,לפ חיים פסקוביץ ובניו בעם,,,"ק""ג",1,,true,1,8.50,8.50,false,1,
151,true,עוף טחון טרי  {קצביה]**,ח.י. מעדני גורמה בעמ,,,"ק""ג",1,,true,1,42.70,42.70,true,1,
233,true,"תרומה 2 ש""ח",שונות /שרות,,,"י""ח",1,,false,1,1.70,1.70,false,1,
284,true,דג בורי L טרי,ח.י. מעדני גורמה בעמ,,,"ק""ג",1,,true,1,42.70,42.70,true,1,
288,true,דג דניס S טרי,ח.י. מעדני גורמה בעמ,,,"ק""ג",1,,true,1,51.20,51.20,true,1,
289,true,דג קרפיון מצונן טרי,ח.י. מעדני גורמה בעמ,,,"ק""ג",1,,true,1,25.60,25.60,false,1,
302,true,דג אמנון L טרי,ח.י. מעדני גורמה בעמ,,,"ק""ג",1,,true,1,30.70,30.70,true,1,
325,true,חרובים,ח.כהן סוכנות מזון ומשקאות בע,,,"ק""ג",1,,true,1,16.10,16.10,false,1,
327,true,דג ברמונדי טרי,ח.י. מעדני גורמה בעמ,,,"ק""ג",1,,true,1,42.70,42.70,false,1,
332,true,דג פילה דניס טרי כ-120גר,ח.י. מעדני גורמה בעמ,,,"י""ח",1,,false,1,15.30,15.30,true,1,
350,true,דג פילה מושט טרי כ-100גר,ח.י. מעדני גורמה בעמ,,,"י""ח",1,,false,1,12.70,12.70,true,1,
352,true,חסה עגולה,ביכורי השדה צפון 1994 ג.ד. בעמ,,,"י""ח",1,,false,1,6.90,6.90,false,1,
370,true,דג מוסר ים טרי,שונות /שרות,,,"ק""ג",1,,true,1,42.70,42.70,false,1,
383,true,דג דניס XL טרי,ח.י. מעדני גורמה בעמ,,,"ק""ג",1,,true,1,59.70,59.70,false,1,
385,true,דג פורל  טרי L,ח.י. מעדני גורמה בעמ,,,"ק""ג",1,,true,1,46.90,46.90,false,1,
403,true,דג פילה סלמון טרי,ח.י. מעדני גורמה בעמ,,,"ק""ג",1,,true,1,102.50,102.50,true,1,
435,true,סלרי,ביכורי השדה צפון 1994 ג.ד. בעמ,,,"י""ח",1,"י""ח",false,1,7.60,7.60,false,1,
444,true,פסטיגל,שונות /שרות,,,"י""ח",1,,false,1,33.90,33.90,false,1,
467,true,דג נסיכת הנילוס  טרי,ח.י. מעדני גורמה בעמ,,,"ק""ג",1,"ק""ג",true,1,59.70,59.70,false,1,
487,true,לחם שחור,ב בית מאפה קונדטוריה לדוגמא,,,"י""ח",1,,false,1,4.30,4.30,false,1,
492,true,פילה לברק כ120גר,ח.י. מעדני גורמה בעמ,,,"י""ח",1,,false,1,15.30,15.30,true,1,
504,true,אנונה,ביכורי השדה צפון 1994 ג.ד. בעמ,,,"ק""ג",1,,true,1,24.90,24.90,false,1,
505,true,אבוקדו,ביכורי השדה צפון 1994 ג.ד. בעמ,,,"ק""ג",1,"ק""ג",true,1,9.90,9.90,false,1,
506,true,אבטיח,ביכורי השדה צפון 1994 ג.ד. בעמ,,,"ק""ג",1,"ק""ג",true,1,5.90,5.90,false,1,
507,true,אפרסק מובחר,ביכורי השדה צפון 1994 ג.ד. בעמ,,,"ק""ג",1,"ק""ג",true,1,6.90,6.90,false,1,
508,true,אפרסק צהוב,ביכורי השדה צפון 1994 ג.ד. בעמ,,,"י""ח",1,,true,1,13.50,13.50,false,1,
510,true,אגסים,ביכורי השדה צפון 1994 ג.ד. בעמ,,,"ק""ג",1,"ק""ג",true,1,12.90,12.90,false,1,
515,true,אפרסמון,ביכורי השדה צפון 1994 ג.ד. בעמ,,,"ק""ג",1,"ק""ג",true,1,11.90,11.90,false,1,
516,true,קרמבולה,ביכורי השדה צפון 1994 ג.ד. בעמ,,,"ק""ג",1,,true,1,39.90,39.90,false,1,
522,true,אננס.,ביכורי השדה צפון 1994 ג.ד. בעמ,,,"י""ח",1,,false,1,29.90,29.90,false,1,
523,true,אשכולית אדומה,ביכורי השדה צפון 1994 ג.ד. בעמ,,,"ק""ג",1,"ק""ג",true,1,6.90,6.90,false,1,
525,true,אשכולית,ביכורי השדה צפון 1994 ג.ד. בעמ,,,"ק""ג",1,"ק""ג",true,1,3.90,3.90,false,1,
527,true,אגס אדום,ביכורי השדה צפון 1994 ג.ד. בעמ,,,"ק""ג",1,,true,1,14.90,14.90,false,1,
530,true,בננה.,ביכורי השדה צפון 1994 ג.ד. בעמ,,,"ק""ג",1,"ק""ג",true,1,6.90,6.90,false,1,
531,true,"תפו""א תפזורת",ביכורי השדה צפון 1994 ג.ד. בעמ,,,"ק""ג",1,,true,1,4.20,4.20,false,1,
532,true,חבושים,ביכורי השדה צפון 1994 ג.ד. בעמ,,,"ק""ג",1,"ק""ג",true,1,24.90,24.90,false,1,
533,true,גויאבה,ביכורי השדה צפון 1994 ג.ד. בעמ,,,"ק""ג",1,"ק""ג",true,1,14.90,14.90,false,1,
535,true,לימון,ביכורי השדה צפון 1994 ג.ד. בעמ,,,"ק""ג",1,"ק""ג",true,1,6.90,6.90,false,1,
536,true,פמלה,ביכורי השדה צפון 1994 ג.ד. בעמ,,,"ק""ג",1,"ק""ג",true,1,4.90,4.90,false,1,
538,true,העברה מסניף ז`בוטינסקי לסניף ארלוזורוב,שונות /שרות,,,"י""ח",1,,false,1,0.10,0.10,false,1,
540,true,מלון,ביכורי השדה צפון 1994 ג.ד. בעמ,,,"ק""ג",1,"ק""ג",true,1,6.90,6.90,false,1,
543,true,מנגו,ביכורי השדה צפון 1994 ג.ד. בעמ,,,"ק""ג",1,"ק""ג",true,1,5.90,5.90,false,1,
544,true,משמש,ביכורי השדה צפון 1994 ג.ד. בעמ,,,"ק""ג",1,"ק""ג",true,1,14.90,14.90,false,1,
545,true,נקטרינה,ביכורי השדה צפון 1994 ג.ד. בעמ,,,"ק""ג",1,"ק""ג",true,1,6.90,6.90,false,1,
550,true,פלפל ביס מתוק,ביכורי השדה צפון 1994 ג.ד. בעמ,,,"י""ח",1,,false,1,9.90,9.90,false,1,
553,true,ענב אדום,ביכורי השדה צפון 1994 ג.ד. בעמ,,,"ק""ג",1,"ק""ג",true,1,18.90,18.90,false,1,
554,true,ענבים לבן .,ביכורי השדה צפון 1994 ג.ד. בעמ,,,"ק""ג",1,"ק""ג",true,1,22.90,22.90,false,1,
557,true,פמלית,ביכורי השדה צפון 1994 ג.ד. בעמ,,,"ק""ג",1,"ק""ג",true,1,8.90,8.90,false,1,
559,true,"פירות וירקות 4 ש""ח",ביכורי השדה צפון 1994 ג.ד. בעמ,,,"ק""ג",1,,true,1,4.90,4.90,false,1,
560,true,קלמנטינה,ביכורי השדה צפון 1994 ג.ד. בעמ,,,"ק""ג",1,"ק""ג",true,1,4.90,4.90,false,1,
563,true,קיווי.,ביכורי השדה צפון 1994 ג.ד. בעמ,,,"ק""ג",1,"ק""ג",true,1,17.90,17.90,false,1,
564,true,רימונים,ביכורי השדה צפון 1994 ג.ד. בעמ,,,"ק""ג",1,"ק""ג",true,1,7.90,7.90,false,1,
566,true,שזיף אדום.,ביכורי השדה צפון 1994 ג.ד. בעמ,,,"ק""ג",1,"ק""ג",true,1,15.90,15.90,false,1,
567,true,גזר בתפזורת,ביכורי השדה צפון 1994 ג.ד. בעמ,,,"ק""ג",1,,true,1,3.90,3.90,false,1,
569,true,שזיף שגיב,ביכורי השדה צפון 1994 ג.ד. בעמ,,,"ק""ג",1,,true,1,19.90,19.90,false,1,
575,true,תפוז תבורי.,ביכורי השדה צפון 1994 ג.ד. בעמ,,,"ק""ג",1,"ק""ג",true,1,5.90,5.90,false,1,
580,true,תפוח אנה,ביכורי השדה צפון 1994 ג.ד. בעמ,,,"ק""ג",1,"ק""ג",true,1,10.90,10.90,false,1,
581,true,תפוח יונתן,ביכורי השדה צפון 1994 ג.ד. בעמ,,,"ק""ג",1,"ק""ג",true,1,10.90,10.90,false,1,
583,true,תפוח סמיט ירוק,ביכורי השדה צפון 1994 ג.ד. בעמ,,,"ק""ג",1,"ק""ג",true,1,10.90,10.90,false,1,
584,true,תפוח עץ  ברשת,ביכורי השדה צפון 1994 ג.ד. בעמ,,,"ק""ג",1,,true,1,9.90,9.90,false,1,
585,true,תפוח חרמון,ביכורי השדה צפון 1994 ג.ד. בעמ,,,"ק""ג",1,"ק""ג",true,1,10.90,10.90,false,1,
586,true,תפוז ברשת,ביכורי השדה צפון 1994 ג.ד. בעמ,,,"ק""ג",1,,true,1,4.90,4.90,false,1,
587,true,קלמנטינה ברשת,ביכורי השדה צפון 1994 ג.ד. בעמ,,,"ק""ג",1,,true,1,4.90,4.90,false,1,
588,true,תפוח גלה,ביכורי השדה צפון 1994 ג.ד. בעמ,,,"ק""ג",1,"ק""ג",true,1,12.90,12.90,false,1,
590,true,תפוח זהוב.,ביכורי השדה צפון 1994 ג.ד. בעמ,,,"ק""ג",1,"ק""ג",true,1,10.90,10.90,false,1,
594,true,סברס,ביכורי השדה צפון 1994 ג.ד. בעמ,,,"ק""ג",1,"ק""ג",true,1,29.90,29.90,false,1,
595,true,תמר צהוב,ביכורי השדה צפון 1994 ג.ד. בעמ,,,"ק""ג",1,"ק""ג",true,1,9.90,9.90,false,1,
599,true,פסיפלורה,ביכורי השדה צפון 1994 ג.ד. בעמ,,,"י""ח",1,,false,1,19.90,19.90,false,1,
600,true,לימון בלדי-קטן,ביכורי השדה צפון 1994 ג.ד. בעמ,,,"ק""ג",1,,true,1,12.90,12.90,false,1,
601,true,ארטישוק,ביכורי השדה צפון 1994 ג.ד. בעמ,,,"ק""ג",1,"ק""ג",true,1,9.90,9.90,false,1,
603,true,פטרוזיליה רגילה לא ארוז,ביכורי השדה צפון 1994 ג.ד. בעמ,,,"י""ח",1,,false,1,3.90,3.90,true,1,
604,true,נענע רגילה לא ארוז,ביכורי השדה צפון 1994 ג.ד. בעמ,,,"י""ח",1,,false,1,3.90,3.90,true,1,
605,true,בצל יבש,ביכורי השדה צפון 1994 ג.ד. בעמ,,,"ק""ג",1,"ק""ג",true,1,3.90,3.90,false,1,
606,true,בצל אדום,ביכורי השדה צפון 1994 ג.ד. בעמ,,,"ק""ג",1,"ק""ג",true,1,6.90,6.90,false,1,
608,true,בצל ירוק,ביכורי השדה צפון 1994 ג.ד. בעמ,,,"י""ח",1,,false,1,5.90,5.90,false,1,
612,true,בטטה,ביכורי השדה צפון 1994 ג.ד. בעמ,,,"ק""ג",1,"ק""ג",true,1,9.90,9.90,false,1,
620,true,דלעת,ביכורי השדה צפון 1994 ג.ד. בעמ,,,"ק""ג",1,"ק""ג",true,1,12.90,12.90,false,1,
622,true,דלורית,ביכורי השדה צפון 1994 ג.ד. בעמ,,,"ק""ג",1,"ק""ג",true,1,5.90,5.90,false,1,
623,true,חסה ערבית,ביכורי השדה צפון 1994 ג.ד. בעמ,,,"י""ח",1,,false,1,3.90,3.90,false,1,
625,true,חציל,ביכורי השדה צפון 1994 ג.ד. בעמ,,,"ק""ג",1,"ק""ג",true,1,6.90,6.90,false,1,
629,true,ירק בתפזורת,ביכורי השדה צפון 1994 ג.ד. בעמ,,,"י""ח",1,,false,1,3.90,3.90,true,1,
630,true,כרוב לבן,ביכורי השדה צפון 1994 ג.ד. בעמ,,,"ק""ג",1,"ק""ג",true,1,3.90,3.90,false,1,
633,true,כרוב אדום,ביכורי השדה צפון 1994 ג.ד. בעמ,,,"ק""ג",1,"ק""ג",true,1,4.90,4.90,false,1,
635,true,.כרובית,ביכורי השדה צפון 1994 ג.ד. בעמ,,,"י""ח",1,"ק""ג",false,1,10.90,10.90,false,1,
636,true,שמיר רגיל לא ארוז,ביכורי השדה צפון 1994 ג.ד. בעמ,,,"י""ח",1,,false,1,3.90,3.90,true,1,
639,true,לוף ירק,ביכורי השדה צפון 1994 ג.ד. בעמ,,,"י""ח",1,"י""ח",false,1,7.90,7.90,false,1,
640,true,חמציץ,ביכורי השדה צפון 1994 ג.ד. בעמ,,,"י""ח",1,,false,1,11.90,11.90,false,1,
641,true,במיה,ביכורי השדה צפון 1994 ג.ד. בעמ,,,"י""ח",1,,true,1,16.90,16.90,false,1,
643,true,כוסברה רגילה לא ארוז,ביכורי השדה צפון 1994 ג.ד. בעמ,,,"י""ח",1,,false,1,3.90,3.90,true,1,
645,true,מלפפון.,ביכורי השדה צפון 1994 ג.ד. בעמ,,,"ק""ג",1,"ק""ג",true,1,6.90,6.90,false,1,
650,true,נענע,ביכורי השדה צפון 1994 ג.ד. בעמ,,,"י""ח",1,,false,1,3.30,3.30,true,1,
653,true,נבטים,ביכורי השדה צפון 1994 ג.ד. בעמ,,,"י""ח",1,,false,1,6.90,6.90,false,1,
657,true,סלרי,ביכורי השדה צפון 1994 ג.ד. בעמ,,,"י""ח",1,,false,1,5.90,5.90,false,1,
658,true,סלק עלים,ביכורי השדה צפון 1994 ג.ד. בעמ,,,"י""ח",1,,false,1,6.90,6.90,false,1,
659,true,סלק אדום,ביכורי השדה צפון 1994 ג.ד. בעמ,,,"ק""ג",1,"ק""ג",true,1,3.90,3.90,false,1,
660,true,עגבניה.,ביכורי השדה צפון 1994 ג.ד. בעמ,,,"ק""ג",1,"ק""ג",true,1,5.90,5.90,false,1,
661,true,עגבניה שרי תפזורת,ביכורי השדה צפון 1994 ג.ד. בעמ,,,"ק""ג",1,,true,1,18.90,18.90,false,1,
663,true,פלפל חריף ירוק,ביכורי השדה צפון 1994 ג.ד. בעמ,,,"ק""ג",1,"ק""ג",true,1,9.90,9.90,false,1,
664,true,פלפל חריף אדום,ביכורי השדה צפון 1994 ג.ד. בעמ,,,"ק""ג",1,,true,1,9.90,9.90,false,1,
665,true,פלפל כהה,ביכורי השדה צפון 1994 ג.ד. בעמ,,,"ק""ג",1,"ק""ג",true,1,8.90,8.90,false,1,
666,true,פלפל צהוב,ביכורי השדה צפון 1994 ג.ד. בעמ,,,"ק""ג",1,"ק""ג",true,1,9.90,9.90,false,1,
667,true,גמבה אדומה,ביכורי השדה צפון 1994 ג.ד. בעמ,,,"ק""ג",1,"ק""ג",true,1,9.90,9.90,false,1,
669,true,פלפל בהיר,ביכורי השדה צפון 1994 ג.ד. בעמ,,,"ק""ג",0,"ק""ג",true,1,9.90,9.90,false,1,
680,true,צנון,ביכורי השדה צפון 1994 ג.ד. בעמ,,,"ק""ג",1,"ק""ג",true,1,7.90,7.90,false,1,
683,true,צנונית עלים,ביכורי השדה צפון 1994 ג.ד. בעמ,,,"י""ח",1,,false,1,6.90,6.90,false,1,
685,true,קישואים.,ביכורי השדה צפון 1994 ג.ד. בעמ,,,"ק""ג",1,"ק""ג",true,1,8.90,8.90,false,1,
687,true,קולורבי,ביכורי השדה צפון 1994 ג.ד. בעמ,,,"ק""ג",1,"ק""ג",true,1,9.90,9.90,false,1,
689,true,שום ארוז.,ביכורי השדה צפון 1994 ג.ד. בעמ,,,"י""ח",1,,false,1,7.90,7.90,true,1,
690,true,שומר,ביכורי השדה צפון 1994 ג.ד. בעמ,,,"ק""ג",1,"ק""ג",true,1,8.90,8.90,false,1,
692,true,שום טרי.,ביכורי השדה צפון 1994 ג.ד. בעמ,,,"ק""ג",1,,true,1,19.90,19.90,false,1,
693,true,תירס בתפזורת,ביכורי השדה צפון 1994 ג.ד. בעמ,,,"ק""ג",1,,true,1,19.90,19.90,false,1,
698,true,תירס קלחים טרי ארוז.,ביכורי השדה צפון 1994 ג.ד. בעמ,,,"ק""ג",1,"ק""ג",true,1,8.90,8.90,false,1,
699,true,תפוח אדמה אדום.,ביכורי השדה צפון 1994 ג.ד. בעמ,,,"ק""ג",1,"ק""ג",true,1,4.90,4.90,false,1,
700,true,תפוח אדמה לבן ארוז,ביכורי השדה צפון 1994 ג.ד. בעמ,,,"ק""ג",1,"ק""ג",true,1,3.90,3.90,false,1,
702,true,"תפו""א לאפיה",ביכורי השדה צפון 1994 ג.ד. בעמ,,,"ק""ג",1,,true,1,3.90,3.90,false,1,
708,true,לפת,ביכורי השדה צפון 1994 ג.ד. בעמ,,,"ק""ג",1,,true,1,8.90,8.90,false,1,
712,true,חציל בלאדי,ביכורי השדה צפון 1994 ג.ד. בעמ,,,"ק""ג",1,,true,1,6.90,6.90,false,1,
716,true,פלפל כתום,ביכורי השדה צפון 1994 ג.ד. בעמ,,,"ק""ג",1,"ק""ג",true,1,9.90,9.90,false,1,
718,true,שום ירוק חתוך,ביכורי השדה צפון 1994 ג.ד. בעמ,,,"ק""ג",1,,true,1,19.90,19.90,false,1,
720,true,אבוקדו ברשת,ביכורי השדה צפון 1994 ג.ד. בעמ,,,"ק""ג",1,,true,1,9.90,9.90,false,1,
723,true,תפוח פינק ישראלי.,ביכורי השדה צפון 1994 ג.ד. בעמ,,,"ק""ג",1,,true,1,19.90,19.90,false,1,
731,true,דלעת ערמונים,ביכורי השדה צפון 1994 ג.ד. בעמ,,,"ק""ג",1,,true,1,19.90,19.90,false,1,
734,true,קובו,ביכורי השדה צפון 1994 ג.ד. בעמ,,,"ק""ג",1,,true,1,29.90,29.90,false,1,
735,true,קישוא זוקיני,ביכורי השדה צפון 1994 ג.ד. בעמ,,,"ק""ג",1,,true,1,8.40,8.40,false,1,
739,true,תאנים שקיל,ביכורי השדה צפון 1994 ג.ד. בעמ,,,"ק""ג",1,,true,1,29.90,29.90,false,1,
770,true,פלפל שושקה,ביכורי השדה צפון 1994 ג.ד. בעמ,,,"ק""ג",1,,true,1,15.90,15.90,false,1,
821,true,תפוח פינק,ביכורי השדה צפון 1994 ג.ד. בעמ,,,"ק""ג",1,"ק""ג",true,1,19.90,19.90,false,1,
837,true,אגס  תפוח(נאשי),ביכורי השדה צפון 1994 ג.ד. בעמ,,,"ק""ג",1,,true,1,16.90,16.90,false,1,
868,true,חצי בגט,שונות /שרות,,,"י""ח",1,,false,1,2.50,2.50,false,1,
888,true,"הד שולדרס 500מ""ל",שונות /שרות,,,"י""ח",1,,false,1,16.90,16.90,false,1,
891,true,אפרסמון קרמבו.,ביכורי השדה צפון 1994 ג.ד. בעמ,,,"ק""ג",1,"ק""ג",true,1,13.90,13.90,false,1,
958,true,פטיה,ביכורי השדה צפון 1994 ג.ד. בעמ,,,"ק""ג",0,"י""ח",true,1,24.90,24.90,false,1,
978,true,חסה,ביכורי השדה צפון 1994 ג.ד. בעמ,,,"י""ח",1,,false,1,6.90,6.90,false,1,
1554,true,בוקסר גבר,ליאור יבוא ושיווק מוצרי הלבשה,,,"י""ח",1,,false,1,12.70,12.70,true,1,
1566,true,גוזיית ספורט X,ליאור יבוא ושיווק מוצרי הלבשה,,,"י""ח",1,,false,1,13.50,13.50,false,1,
1616,true,כוסברה,ביכורי השדה צפון 1994 ג.ד. בעמ,,,"י""ח",1,,false,1,6.90,6.90,true,1,
1645,true,בוקסר לגבר,ליאור יבוא ושיווק מוצרי הלבשה,,,"י""ח",1,,false,1,15.30,15.30,false,1,
1663,true,תחתון לייקרה תחרה *5,ליאור יבוא ושיווק מוצרי הלבשה,,,"י""ח",1,,false,1,34.10,34.10,false,1,
1664,true,תחתון מידות גדולות *4,ליאור יבוא ושיווק מוצרי הלבשה,,,"י""ח",1,,false,1,34.10,34.10,false,1,
1680,true,גוזיה מרופדת,ליאור יבוא ושיווק מוצרי הלבשה,,,"י""ח",1,,false,1,22.10,22.10,false,1,
1717,true,סט גופיות לגבר,ליאור יבוא ושיווק מוצרי הלבשה,,,"י""ח",1,,false,1,29.80,29.80,false,1,
1727,true,גרב עקב בנים/בנות,ליאור יבוא ושיווק מוצרי הלבשה,,,"י""ח",1,,false,1,14.40,14.40,false,1,
1896,true,חולצה דיאדורה,ליאור יבוא ושיווק מוצרי הלבשה,,,"י""ח",1,,false,1,18.70,18.70,false,1,
2009,true,מעריב חול/שבת   בשקל,שונות /שרות,,,"י""ח",1,,false,1,5.90,5.90,false,1,
2930,true,תרומה לעמותת שלווה,שונות /שרות,,,"י""ח",1,"י""ח",false,1,10,10,false,1,
2937,true,תרומה וראייטי,שונות /שרות,,,"י""ח",1,,false,1,10,10,false,1,
3416,true,קוקטייל עוף טרי מקוצב,ח.י. מעדני גורמה בעמ,,,"ק""ג",1,,true,1,42.70,42.70,true,1,
3993,true,בגט,לפ קבוצת אלירן בעמ,,,"י""ח",1,,false,1,4.20,4.20,false,1,
4018,true,מעורב ירושלמי,ח.י. מעדני גורמה בעמ,,,"ק""ג",1,,true,1,51.20,51.20,false,1,
4199,true,תחתון חמישייה לנשים,ליאור יבוא ושיווק מוצרי הלבשה,,,"י""ח",1,,false,1,20.40,20.40,false,1,
4443,true,סופגניה רגילה עם ריבה.,שונות /שרות,,,"י""ח",1,,false,1,4.20,4.20,true,1,
4444,true,סופגניה פרימיום מצופות.,ג נרל מילס ישראל בעמ,,,"י""ח",1,,false,1,5,5,true,1,
4447,true,מארז סופגניות לקוחות מקס,קבוצת אוסם סחר-שות.מוגבלת,,,"י""ח",1,,false,1,12.70,12.70,false,1,
4455,true,מסכה כירורגית,שמחה זה אנחנו,,,"י""ח",1,,false,1,0.50,0.50,false,1,
5042,true,אנטריקוט כשר טרי **,ח.י. מעדני גורמה בעמ,,,"ק""ג",1,,true,1,145.20,145.20,true,1,
5066,true,אבטיח אישי,ביכורי השדה צפון 1994 ג.ד. בעמ,,,"ק""ג",1,,true,1,5.90,5.90,false,1,
5089,true,חזה עגל  כשר טרי /מצונן**.,ח.י. מעדני גורמה בעמ,,,"ק""ג",1,,true,1,51.20,51.20,true,1,
5300,true,צוואר כבש  טרי**,ח.י. מעדני גורמה בעמ,,,"ק""ג",1,,true,1,68.30,68.30,false,1,
5400,true,כתף כבש טרי  חלק**,ח.י. מעדני גורמה בעמ,,,"ק""ג",1,,true,1,102.50,102.50,true,1,
5432,true,סלסלת טיפוח ראש השנה,לפ בי.פור.יו. ***,,,"י""ח",1,,false,1,42.30,42.30,false,1,
5506,true,אבטיח אישי,ביכורי השדה צפון 1994 ג.ד. בעמ,,,"ק""ג",1,,true,1,5.90,5.90,false,1,
5700,true,פנים כבש חלק  טרי**,ח.י. מעדני גורמה בעמ,,,"ק""ג",1,,true,1,49.90,49.90,false,1,
5858,true,נוגט חלבי חלב נוכרי,השחר העולה תעשית ממתקים,,,"ק""ג",1,"ק""ג",true,1,50.40,50.40,false,1,
6005,true,"עמלת חלקית 5ש""ח",שונות /שרות,,,"י""ח",1,,false,1,4.20,4.20,false,1,
6226,true,בירה תפזורת 6ב20,שונות /שרות,,,"י""ח",1,,false,1,18.60,18.60,false,1,
6363,true,תיק גב ממותג,לפ הפיראט האדום בש (2005),,,"י""ח",1,,false,1,170.90,170.90,false,1,
6590,true,סופגניה מיני.,ג נרל מילס ישראל בעמ,,,"י""ח",55,ל  גרם,false,1,3.30,6,true,1,
6663,true,קערה ליימן,ליימן שליסל,,,"י""ח",1,,false,1,4.50,4.50,false,1,
7076,true,הסעות להבים,שונות /שרות,,,"י""ח",1,,false,1,85.50,85.50,false,1,
7560,true,קלמנטינה שמיטה,ביכורי השדה צפון 1994 ג.ד. בעמ,,,"ק""ג",1,,true,1,4.90,4.90,false,1,
8027,true,תרומה ילדים בסיכוי,שונות /שרות,,,"י""ח",1,,false,1,10,10,false,1,
8886,true,בושם+ק.גוף+ק.ידיים+דאודורנט,לפ מאי ביוטי - גבריאל אפנג`ר,,,"י""ח",1,,false,1,8.40,8.40,false,1,
11545,true,קשיו לא קלוי,ח.כהן סוכנות מזון ומשקאות בע,,,"ק""ג",1,,true,1,70.10,70.10,false,1,
12208,true,בוטנים,ח.כהן סוכנות מזון ומשקאות בע,,,"ק""ג",1,,true,1,31.50,31.50,false,1,
12242,true,אננס פלחים/פפיה שקילה,ח.כהן סוכנות מזון ומשקאות בע,,,"ק""ג",1000,ל  גרם,true,1,27.90,2.79,false,1,
12251,true,גרעיני חמניות,ח.כהן סוכנות מזון ומשקאות בע,,,"ק""ג",1,,true,1,23.70,23.70,false,1,
12266,true,לימון פרסי,ח.כהן סוכנות מזון ומשקאות בע,,,"ק""ג",1,,true,1,67,67,false,1,
12269,true,גרעיני חמניות קלופים,ח.כהן סוכנות מזון ומשקאות בע,,,"ק""ג",1,,true,1,24.60,24.60,false,1,
12297,true,פול מטוגן,ח.כהן סוכנות מזון ומשקאות בע,,,"ק""ג",1,,true,1,35.90,35.90,false,1,
12313,true,אגוזים מקדמיה,ח.כהן סוכנות מזון ומשקאות בע,,,"ק""ג",1,,true,1,147,147,false,1,
12317,true,פול גדול,ח.כהן סוכנות מזון ומשקאות בע,,,"ק""ג",1,,true,1,14.50,14.50,false,1,
12328,true,בוטנים עם קליפה,ח.כהן סוכנות מזון ומשקאות בע,,,"ק""ג",1,,true,1,16.90,16.90,false,1,
12333,true,כרטיס לערב שירה ענק,שונות /שרות,,,"י""ח",1,,false,1,50.80,50.80,false,1,
12344,true,שקד חצוי,ח.כהן סוכנות מזון ומשקאות בע,,,"ק""ג",1,,true,1,83.90,83.90,false,1,
12430,true,קשיו טבעי,ח.כהן סוכנות מזון ומשקאות בע,,,"ק""ג",1,,true,1,76.80,76.80,false,1,
12553,true,חמוציות ללא סוכר,ח.כהן סוכנות מזון ומשקאות בע,,,"ק""ג",1,,true,1,47,47,false,1,
12563,true,מנגו מיובש,ח.כהן סוכנות מזון ומשקאות בע,,,"ק""ג",1000,ל  גרם,true,1,52,5.20,false,1,
18163,true,קישואים,פלאפל הגשר מרכז,,,"ק""ג",0,"ק""ג",true,1,7.60,7.60,false,1,
23816,true,יין קלאסיק ברקן אמרלד ריזלינג,טמפו משקאות בעמ,,,"י""ח",750,"ל  מ""ל",false,1,28.20,3.72,true,1,
23823,true,יין קלאסיק סוביניון בלאן,טמפו משקאות בעמ,,,"י""ח",750,"ל  מ""ל",false,1,28.20,3.72,true,1,
23977,true,יין קלאסיק מרלו ברקן.,טמפו משקאות בעמ,,,"י""ח",750,"ל  מ""ל",false,1,28.20,3.72,true,1,
32346,true,צנובר,שונות /שרות,,,"ק""ג",1,,true,1,127,127,false,1,
32347,true,שקד מולבן,שונות /שרות,,,"ק""ג",1,,true,1,83.90,83.90,false,1,
32352,true,פקאן טבעי,שונות /שרות,,,"ק""ג",1,,true,1,83.90,83.90,false,1,
32353,true,צימוק בהיר,שונות /שרות,,,"ק""ג",1,,true,1,29,29,false,1,
32356,true,חמוציות,שונות /שרות,,,"ק""ג",1,,true,1,42.70,42.70,false,1,
40011,true,טחון בקר+כבש  טרי,ח.י. מעדני גורמה בעמ,,,"ק""ג",1,,true,1,70,70,false,1,
40442,true,עצמות בקר למרק  טרי**,ח.י. מעדני גורמה בעמ,,,"ק""ג",1,,true,1,16.90,16.90,false,1,
41012,true,שניצל עגל  טרי/מצונן**,ח.י. מעדני גורמה בעמ,,,"ק""ג",1,,true,1,79.90,79.90,false,1,
41043,true,כנפיים עוף חצוי טרי**.,ח.י. מעדני גורמה בעמ,,,"ק""ג",1,,true,1,16.10,16.10,true,1,
41212,true,סטייק פרגיות  עוף טרי**,ח.י. מעדני גורמה בעמ,,,"ק""ג",1,,true,1,68.30,68.30,true,1,
41218,true,גרון עוף טרי  **,ח.י. מעדני גורמה בעמ,,,"ק""ג",1,,true,1,12.70,12.70,true,1,
41223,true,פרגית יחידה  טרי**,ח.י. מעדני גורמה בעמ,,,"י""ח",1,,false,1,38.40,38.40,false,1,
41230,true,הודו טחון  טרי**,ח.י. מעדני גורמה בעמ,,,"ק""ג",1,,true,1,29.60,29.60,false,1,
41231,true,שווארמה הודו עם עצם   טרי**,ח.י. מעדני גורמה בעמ,,,"ק""ג",1,,true,1,49.90,49.90,false,1,
41235,true,רצועות שוארמה  הודו**,ח.י. מעדני גורמה בעמ,,,"ק""ג",1,,true,1,64,64,false,1,
41242,true,שריר עגל מעובד מופשר**,ח.י. מעדני גורמה בעמ,,,"ק""ג",1,,true,1,51.20,51.20,false,1,
41246,true,בשר טחון מעובד מופשר **,ח.י. מעדני גורמה בעמ,,,"ק""ג",1,"ק""ג",true,1,46.90,46.90,true,1,
41251,true,נתח קצבים  עגל**,ח.י. מעדני גורמה בעמ,,,"ק""ג",1,,true,1,102.50,102.50,false,1,
41255,true,זנב  בקר  טרי**,ח.י. מעדני גורמה בעמ,,,"ק""ג",1,,true,1,68.30,68.30,false,1,
41260,true,כתף בקר טרי /מצונן חלק.,ח.י. מעדני גורמה בעמ,,,"ק""ג",1,,true,1,68.30,68.30,true,1,
41262,true,לב בקר מחפוד  טרי**,ח.י. מעדני גורמה בעמ,,,"ק""ג",1,,true,1,21.10,21.10,false,1,
41263,true,ריאות בקר טרי  מחפוד**,ח.י. מעדני גורמה בעמ,,,"ק""ג",1,,true,1,21.10,21.10,false,1,
41265,true,עצמות מח/ברך   טרי**,ח.י. מעדני גורמה בעמ,,,"ק""ג",1,,true,1,29.60,29.60,false,1,
41267,true,כבד בקר  טרי**,ח.י. מעדני גורמה בעמ,,,"ק""ג",1,,true,1,25.60,25.60,false,1,
41268,true,אסאדו עם עצם טרי**,ח.י. מעדני גורמה בעמ,,,"ק""ג",1,,true,1,68.30,68.30,true,1,
41269,true,גולש עגל  טרי/מצונן**,ח.י. מעדני גורמה בעמ,,,"ק""ג",1,,true,1,68.30,68.30,true,1,
41270,true,כנפית עוף **,ח.י. מעדני גורמה בעמ,,,"ק""ג",1,,true,1,18.70,18.70,true,1,
41271,true,אנטריקוט טרי/מצונן**,ח.י. מעדני גורמה בעמ,,,"ק""ג",1,,true,1,170.10,170.10,true,1,
41273,true,אצבעות  אנטריקוט**,ח.י. מעדני גורמה בעמ,,,"ק""ג",1,,true,1,76.80,76.80,false,1,
41276,true,לשון  בקר חלק בדצ  טרי**,ח.י. מעדני גורמה בעמ,,,"ק""ג",1,,true,1,59.70,59.70,false,1,
41279,true,צלעות כבש  טרי**,ח.י. מעדני גורמה בעמ,,,"ק""ג",1,,true,1,160.70,160.70,false,1,
41299,true,שוקיים הודו מחפוד   טרי**,ח.י. מעדני גורמה בעמ,,,"ק""ג",1,,true,1,28.70,28.70,false,1,
41323,true,סטייק אנטריקוט מעובד מופשר**.,ח.י. מעדני גורמה בעמ,,,"ק""ג",1,,true,1,76.80,76.80,false,1,
41324,true,רוסטביף לתנור  **,ח.י. מעדני גורמה בעמ,,,קוב,1,,true,1,76.80,76.80,false,1,
41325,true,בשר ראש  עגל טרי**,ח.י. מעדני גורמה בעמ,,,"ק""ג",1,,true,1,59.70,59.70,false,1,
41362,true,צלעות בקר טרי/מצונן **,ח.י. מעדני גורמה בעמ,,,"ק""ג",1,,true,1,59.70,59.70,false,1,
41364,true,סינטה  טרי**,ח.י. מעדני גורמה בעמ,,,"ק""ג",1,,true,1,127.20,127.20,false,1,
41365,true,שומן טרי,ח.י. מעדני גורמה בעמ,,,"ק""ג",1,,true,1,25.30,25.30,false,1,
41369,true,שומן כבש  טרי**,ח.י. מעדני גורמה בעמ,,,"ק""ג",1,,true,1,89.70,89.70,false,1,
41373,true,פילה בקר טרי **.,ח.י. מעדני גורמה בעמ,,,"ק""ג",1,,true,1,170.10,170.10,false,1,
41374,true,שפיץ  **,ח.י. מעדני גורמה בעמ,,,"ק""ג",1,,true,1,118.60,118.60,true,1,
41377,true,שייטל טרי **,ח.י. מעדני גורמה בעמ,,,"ק""ג",1,,true,1,85.40,85.40,false,1,
41379,true,שוקית כנף עוף **,ח.י. מעדני גורמה בעמ,,,"ק""ג",1,,true,1,18.70,18.70,true,1,
41390,true,חזה בקר   טרי***עם עצם,ח.י. מעדני גורמה בעמ,,,"ק""ג",1,,true,1,51.20,51.20,false,1,
41414,true,אונטריף טרי/מצונן**,ח.י. מעדני גורמה בעמ,,,"ק""ג",1,,true,1,76.80,76.80,true,1,
41446,true,שישליק הודו,ח.י. מעדני גורמה בעמ,,,"ק""ג",1,,true,1,33.80,33.80,false,1,
41447,true,פרגית עוף לתנור עם עצם טרי**,ח.י. מעדני גורמה בעמ,,,"ק""ג",1,,true,1,51.20,51.20,true,1,
41506,true,קוביות שייטל להקפצה,ח.י. מעדני גורמה בעמ,,,"ק""ג",1,,true,1,85.40,85.40,false,1,
41536,true,צלע עגל לתנור **,ח.י. מעדני גורמה בעמ,,,"ק""ג",1,,true,1,74.90,74.90,false,1,
41545,true,רצועות  חזה עוף להקפצה /טחינה**.,ח.י. מעדני גורמה בעמ,,,"ק""ג",1,,true,1,38.40,38.40,true,1,
41548,true,שווארמה פרגיות **.,ח.י. מעדני גורמה בעמ,,,"ק""ג",1,,true,1,59.70,59.70,false,1,
41659,true,אסאדו בלי עצם טרי**,ח.י. מעדני גורמה בעמ,,,"ק""ג",1,,true,1,68.30,68.30,true,1,
41680,true,דנוור סטייק טרי **.,ח.י. מעדני גורמה בעמ,,,"ק""ג",1,,true,1,100.90,100.90,false,1,
41996,true,מעורב ישראלי,ח.י. מעדני גורמה בעמ,,,"ק""ג",1,,true,1,59.70,59.70,true,1,
42209,true,טחון כתף/צלעות טרי **,ח.י. מעדני גורמה בעמ,,,"ק""ג",1,,true,1,51.20,51.20,true,1,
42261,true,סטייק עם עצם  טרי**,ח.י. מעדני גורמה בעמ,,,"ק""ג",1,,true,1,102.50,102.50,true,1,
42264,true,כתף עם עצם טרי  מחפוד**,ח.י. מעדני גורמה בעמ,,,"ק""ג",1,,true,1,59.70,59.70,false,1,
42265,true,צלי כתף  טרי/מצונן**,ח.י. מעדני גורמה בעמ,,,"ק""ג",1,,true,1,85.40,85.40,false,1,
42266,true,פילה מדומה   טרי/מצונן**,ח.י. מעדני גורמה בעמ,,,"ק""ג",1,,true,1,76.80,76.80,true,1,
42267,true,אוסובוקו  טרי**,ח.י. מעדני גורמה בעמ,,,"ק""ג",1,,true,1,59.70,59.70,true,1,
42268,true,שריר  טרי/מצונן**,ח.י. מעדני גורמה בעמ,,,"ק""ג",1,"ק""ג",true,1,59.70,59.70,true,1,
42269,true,צוואר טרי/מצונן   חלק**,ח.י. מעדני גורמה בעמ,,,"ק""ג",1,"ק""ג",true,1,55.50,55.50,true,1,
42288,true,שייטל עגל טרי מעדני גורמה**,ח.י. מעדני גורמה בעמ,,,"ק""ג",1,,true,1,85.40,85.40,false,1,
42323,true,אצבעות נגיסי עוף טרי**,ח.י. מעדני גורמה בעמ,,,"ק""ג",1,,true,1,42.70,42.70,true,1,
46006,true,עמק שקילה  *,תנובה בעמ ***,,,"ק""ג",1000,ל  גרם,true,1,38.28,3.83,false,1,
46501,true,טל העמק שקיל,תנובה בעמ ***,,,"ק""ג",1000,ל  גרם,true,1,51.30,5.13,false,1,
46662,true,.גבינה סקנדינבית,תנובה בעמ ***,,,"ק""ג",10,"ק""ג",true,1,65,6.50,false,1,
47027,true,גבינה  קצ`קבל(גלעד) חריץ תנובה שקיל,תנובה בעמ ***,,,"ק""ג",1000,ל  גרם,true,1,103.40,10.34,false,1,
47034,true,רוקפור(גליל) חריץ שקיל תנובה,תנובה בעמ ***,,,"ק""ג",1000,ל  גרם,true,1,104.30,10.43,false,1,
47485,true,בולגרית פיראוס  %24 שקיל,תנובה בעמ ***,,,"ק""ג",1,"ק""ג",true,1,48.70,48.70,false,1,
51352,true,חלב של פעם 1 ליטר,תנובה בעמ ***,,,"י""ח",1,ליטר,false,1,6.50,6.50,false,1,
51376,true,יופלה דיאט אננס ספורטיבי 150גר`,תנובה בעמ ***,,,"י""ח",150,ל  גרם,false,1,4.30,2.87,false,1,
51710,true,פיראוס לאבנה עם שמן זית וזעתר 263גר`,תנובה בעמ ***,,,"י""ח",263,ל  גרם,false,1,11.90,4.52,false,1,
52311,true,עמק 15% פרוס בקופסא 200גר`,תנובה בעמ ***,,,"י""ח",200,ל  גרם,false,1,13.90,6.95,true,1,
55329,true,"יופלה משקה יוגורט טעם תות-מלון 250מ""ל",תנובה בעמ ***,,,"י""ח",250,ל  גרם,false,1,4.80,1.92,false,1,
55336,true,"יופלה משקה יוגורט טעם בננה-אפרסק 250מ""",תנובה בעמ ***,,,"י""ח",250,ל  גרם,false,1,4.80,1.92,false,1,
55343,true,"יופלה משקה יוגורט טעם טרופי 250מ""ל",תנובה בעמ ***,,,"י""ח",250,ל  גרם,false,1,4.80,1.92,false,1,
57088,true,עמק דק 200גר`,תנובה בעמ ***,,,"י""ח",200,ל  גרם,false,1,13.90,6.95,true,1,
57118,true,עמק סמי מעדניה  400גרם,תנובה בעמ ***,,,"י""ח",400,ל  גרם,false,1,17.90,4.48,false,1,
58030,true,"יופלה שטוזים מקה יוגורט תות 800 מ""ל",תנובה בעמ ***,,,"י""ח",800,"ל  מ""ל",false,1,17.90,2.24,false,1,
58047,true,"שמנת מתוקה  (38%תנובה)עם  פקק 500 מ""ל*",תנובה בעמ ***,,,"י""ח",500,"ל  מ""ל",false,1,11.06,2.21,false,1,
58272,true,קשיו קלוי,ח.כהן סוכנות מזון ומשקאות בע,,,"ק""ג",1,,true,1,94,94,false,1,
59310,true,דג לברק טרי,ח.י. מעדני גורמה בעמ,,,"ק""ג",1,,true,1,64,64,true,1,
60316,true,פרפקטו ספגטי,קבוצת אוסם סחר-שות.מוגבלת,,,"י""ח",500,ל  גרם,false,1,6.60,1.32,false,1,
60903,true,פתיתים אפויים אורז אוסם,קבוצת אוסם סחר-שות.מוגבלת,,,"י""ח",500,ל  גרם,false,1,5.90,1.18,true,1,
61214,true,פתיתים קוסקום עם בצל 500גר`,קבוצת אוסם סחר-שות.מוגבלת,,,"י""ח",500,ל  גרם,false,1,6.80,1.36,true,1,
61450,true,פתיתים קוסקוס 3 צבעים 500גר`,קבוצת אוסם סחר-שות.מוגבלת,,,"י""ח",500,ל  גרם,false,1,6.50,1.30,true,1,
62129,true,"פודינג אינסטנט וניל  1 ק""ג",קבוצת אוסם סחר-שות.מוגבלת,,,"י""ח",1,"ק""ג",false,1,20.40,20.40,false,1,
69609,true,חטיפי קרקר זעתר 300גר`,קבוצת אוסם סחר-שות.מוגבלת,,,"י""ח",300,ל  גרם,false,1,10.20,3.40,true,1,
69715,true,חטיפי קרקר מלוח 300גר`,קבוצת אוסם סחר-שות.מוגבלת,,,"י""ח",300,ל  גרם,false,1,10.20,3.40,true,1,
71008,true,שטוחים בייגלה מלח 60גר,קבוצת אוסם סחר-שות.מוגבלת,,,"י""ח",60,ל  גרם,false,1,2.70,4.50,false,1,
72067,true,במבה חלבה 60גר`,קבוצת אוסם סחר-שות.מוגבלת,,,"י""ח",60,ל  גרם,false,1,3.70,6.17,true,1,
73699,true,חומוס  150גר צבר,קבוצת אוסם סחר-שות.מוגבלת,,,"י""ח",150,ל  גרם,false,1,4.40,2.93,false,1,
74481,true,לחמית אגוזים 230גרם,קבוצת אוסם סחר-שות.מוגבלת,,,"י""ח",230,ל  גרם,false,1,7.60,3.30,true,1,
75693,true,עוגת שמרים בריוש שוקולד,קבוצת אוסם סחר-שות.מוגבלת,,,"י""ח",360,ל  גרם,false,1,15.30,4.25,false,1,
77253,true,לחמית כפרית עם דגנים מלאים 190 ג`,קבוצת אוסם סחר-שות.מוגבלת,,,"י""ח",190,ל  גרם,false,1,7.60,4,true,1,
100128,true,תות קפוא 300ג  סנפרוסט,תנובה בשר,,,"י""ח",500,ל  גרם,false,1,14.40,2.88,true,1,
100296,true,.שייק תות בננה  300ג.,תנובה בשר,,,"י""ח",300,ל  גרם,false,1,14.40,4.80,true,1,
100302,true,פול ירוק קלוף סנפרוסט{600גר,תנובה בשר,,,"י""ח",600,ל  גרם,false,1,19.60,3.27,true,1,
101132,true,לקט קטניות לחמין 800ג,תנובה בשר,,,"י""ח",800,ל  גרם,false,1,17,2.13,true,1,
103433,true,לקט ירקות לתנור}סנפרוסט{,תנובה בשר,,,"י""ח",800,ל  גרם,false,1,17.90,2.24,true,1,
103457,true,מיני כרובית 600 גרם}סנפרוסט{,תנובה בשר,,,"י""ח",600,ל  גרם,false,1,13.60,2.27,true,1,
103471,true,מיני ברוקולי (600סנפרוסט),תנובה בשר,,,"י""ח",600,ל  גרם,false,1,13.60,2.27,true,1,
103488,true,ארטישוק  ירושלמי}סנפרוסט{400גר,תנובה בשר,,,"י""ח",400,ל  גרם,false,1,17.90,4.48,true,1,
103556,true,"גרגירי חומס בד""ץ",תנובה בשר,,,"י""ח",700,ל  גרם,false,1,15.20,2.17,true,1,
103730,true,לקט להקפצה עם פסטה פוזילי 800גר`,תנובה בשר,,,"י""ח",800,ל  גרם,false,1,19.60,2.45,true,1,
103822,true,לקט לעוף 800גרם סנפרוסט,תנובה בשר,,,"י""ח",800,ל  גרם,false,1,18.70,2.34,true,1,
103860,true,מרק עדשים 572גרם סנפרוסט,תנובה בשר,,,"י""ח",572,ל  גרם,false,1,14.40,2.52,true,1,
104072,true,"עדשים מבושלים 1ק""ג",תנובה בשר,,,"י""ח",1,"ק""ג",false,1,17,17,true,1,
104188,true,שעועית אדומה מבושלת 800גר`,תנובה בשר,,,"י""ח",800,ל  גרם,false,1,16.20,2.03,true,1,
110004,true,"קנס""חותמת  אדומה"" רפאל מימון",שונות /שרות,,,"י""ח",1,,false,1,170.90,170.90,false,1,
110851,true,כיפלי חטיף בצל,יוניליוור ישראל שיווק בעמ,,,"י""ח",70,ל  גרם,false,1,3.90,5.57,true,1,
113361,true,ערכת אבלים כבאות והצלה,שונות /שרות,,,"י""ח",1,,false,1,769.20,769.20,false,1,
116884,true,רוטב ברביקיו-קנור  340גרם,יוניליוור ישראל שיווק בעמ,,,"י""ח",340,ל  גרם,false,1,9.30,2.74,true,1,
116945,true,רוטב סויה-קנור  340גרם,יוניליוור ישראל שיווק בעמ,,,"י""ח",340,ל  גרם,false,1,9.30,2.74,true,1,
120874,true,מיונז הלמנס לייט 424גרם,יוניליוור ישראל שיווק בעמ,,,"י""ח",424,ל  גרם,false,1,11,2.59,false,1,
123023,true,כאמל סופט בודד,גלוברנדס בעמ,,,"י""ח",1,,false,1,26.30,26.30,false,1,
123033,true,קאמל בוקס בודד,גלוברנדס בעמ,,,"י""ח",1,,false,1,26.30,26.30,false,1,
123123,true,וינסטון אדום,גלוברנדס בעמ,,,"י""ח",1,,false,1,26.30,26.30,false,1,
124749,true,"קורנביף קפוא ארוז חב""ד",בלדי בעמ,,,"ק""ג",1,"ק""ג",true,1,40.10,40.10,false,1,
124756,true,"כתף כבש קפוא חב""ד בלדי",בלדי בעמ,,,"ק""ג",1,"ק""ג",true,1,42.70,42.70,false,1,
135465,true,"סודה טמפו 500 מ""ל 12 בק",טמפו משקאות בעמ,,,"י""ח",6,ליטר,false,1,25.60,3.75,true,1,
136141,true,פפסי 1.5 ליטר.,טמפו משקאות בעמ,,,"י""ח",150,"ל  מ""ל",false,1,6.50,4.13,true,1,
136158,true,פפסי מקס 1.5 ליטר,טמפו משקאות בעמ,,,"י""ח",1.50,ליטר,false,1,6.50,4.13,true,1,
136165,true,מירנדה 1.5 ליטר,טמפו משקאות בעמ,,,"י""ח",1.50,ליטר,false,1,6.50,4.13,true,1,
136172,true,סבן אפ 1.5 ליטר.,טמפו משקאות בעמ,,,"י""ח",1.50,ליטר,false,1,6.50,4.13,true,1,
136189,true,7-UP דיאט  1.5 ליטר,טמפו משקאות בעמ,,,"י""ח",1.50,ליטר,false,1,6.20,3.93,true,1,
136257,true,טוניק RUSH 1.5 ליטר,טמפו משקאות בעמ,,,"י""ח",1.50,ליטר,false,1,8.50,5.47,true,1,
136455,true,ג אמפ אשכוליות 1.5 ליטר,טמפו משקאות בעמ,,,"י""ח",1.50,ליטר,false,1,6.50,4.13,true,1,
136516,true,ג אמפ מנגו פסיפלורה 1.5 ליטר,טמפו משקאות בעמ,,,"י""ח",1.50,ליטר,false,1,6.50,4.13,true,1,
136523,true,ג אמפ ענבים 1.5 ליטר,טמפו משקאות בעמ,,,"י""ח",1.50,ליטר,false,1,6.50,4.13,true,1,
136561,true,ג אמפ תות בננה 1.5 ליטר,טמפו משקאות בעמ,,,"י""ח",1.50,ליטר,false,1,6.50,4.13,true,1,
136660,true,סודה טמפו 1.5 ל,טמפו משקאות בעמ,,,"י""ח",1.50,ליטר,false,1,3.90,2.40,false,1,
136776,true,פפסי מקס 1.5 ליטר שישיה,טמפו משקאות בעמ,,,"י""ח",9,ליטר,false,1,32.40,3.43,false,1,
136790,true,סודה 1.5 ליטר שישיה טמפו,טמפו משקאות בעמ,,,"י""ח",9,ליטר,false,1,14.40,1.43,false,1,
136868,true,סאן בנדטו שישיה 1.5 ל,טמפו משקאות בעמ,,,"י""ח",9,ליטר,false,1,15.30,1.53,false,1,
136875,true,סאן בנדטו  מוגז שישיה 1.5 ליטר,טמפו משקאות בעמ,,,"י""ח",9,ליטר,false,1,17,1.72,false,1,
152943,true,מארז סלמי+פסטרמה  350*2,קבוצת אוסם סחר-שות.מוגבלת,,,"י""ח",700,ל  גרם,false,1,25.60,3.66,false,1,
153469,true,קציצות עוף קלאסיות עוף טוב 600 גרם,קבוצת אוסם סחר-שות.מוגבלת,,,"י""ח",600,ל  גרם,false,1,25.60,4.27,true,1,
160078,true,"קוסקוס קנור 10ק""ג",יוניליוור ישראל שיווק בעמ,,,"י""ח",180,ל  גרם,false,1,119.60,66.44,false,1,
166605,true,סיף כללי יסמין 4 ליטר,יוניליוור ישראל שיווק בעמ,,,"י""ח",4,ליטר,false,1,17,4.25,false,1,
168173,true,ברנפלקס קראנצ`ים 375גרם,יוניליוור ישראל שיווק בעמ,,,"י""ח",500,ל  גרם,false,1,17,3.40,false,1,
169538,true,נמס בכוס מרק עגבניות עם קרוטונים 62  ג`ב,יוניליוור ישראל שיווק בעמ,,,"י""ח",34,ל  גרם,false,1,5.90,17.35,true,1,
169798,true,"עוגי מופחת סוכר  500 ג בד""ץ",יוניליוור ישראל שיווק בעמ,,,"י""ח",500,ל  גרם,false,1,17,3.40,true,1,
176420,true,111,"שטראוס גרופ בע""מ",,,"י""ח",200,"ל  מ""ל",false,1,17,8.50,true,1,
185224,true,סילאן בקבוק לחיץ 650ג,תה ויסוצקי (ישראל)בעמ,,,"י""ח",650,ל  גרם,false,1,13.60,2.09,false,1,
186535,true,נייר טואלט לילי טריו 32 לבן,קימברלי קלארק ישראל שיווק בעמ,,,"י""ח",1788,ל  גרם,false,1,35.80,2,false,1,
187853,true,נייר טואלט לילי לבן 1/40,קימברלי קלארק ישראל שיווק בעמ,,,"י""ח",40,"י""ח",false,1,37.50,0.94,true,1,
188355,true,מגבות ניקול לבנה 1/6,קימברלי קלארק ישראל שיווק בעמ,,,"י""ח",66.20,מטר,false,1,11,0.17,true,1,
188386,true,מגבות ניקול לבנה 1/12,קימברלי קלארק ישראל שיווק בעמ,,,"י""ח",132.40,מארז,false,1,18.70,0.14,false,1,
188553,true,מגני תחתון קוטקס SILK נורמל,קימברלי קלארק ישראל שיווק בעמ,,,"י""ח",1,"י""ח",false,1,19.60,19.60,true,1,
188591,true,מגני תחתון קוטקס SILK יאנג,קימברלי קלארק ישראל שיווק בעמ,,,"י""ח",1,"י""ח",false,1,19.60,19.60,true,1,
189116,true,תבניות עגולות חזקות ועבות,קימברלי קלארק ישראל שיווק בעמ,,,"י""ח",1,,false,1,10.20,10.20,false,1,
189277,true,.תבניות מלבניות גדולות ועמוקות,קימברלי קלארק ישראל שיווק בעמ,,,"י""ח",1,,false,1,10.20,10.20,false,1,
189659,true,ניקול מטליות לחות לרצפה,קימברלי קלארק ישראל שיווק בעמ,,,"י""ח",1,"י""ח",false,1,9.30,9.30,false,1,
190198,true,מטליות לחות לניקוי נירוסטה,קימברלי קלארק ישראל שיווק בעמ,,,"י""ח",1,,false,1,8.40,8.40,false,1,
192581,true,מגבות ניקול גליל כפול 6=12,קימברלי קלארק ישראל שיווק בעמ,,,"י""ח",6,"י""ח",false,1,18.70,3.12,false,1,
193076,true,מטליות ריצפה ניקול שלשיה,קימברלי קלארק ישראל שיווק בעמ,,,"י""ח",3,"י""ח",false,1,9.30,3.10,false,1,
194185,true,עוף מחפוד,עוף ירושלים שיווק בעמ,,,"ק""ג",1,,true,1,21.10,21.10,false,1,
194288,true,משטח החתלה,קימברלי קלארק ישראל שיווק בעמ,,,"י""ח",1,,false,1,19.60,19.60,false,1,
194837,true,שקיות למזון גדולות במיוחד,קימברלי קלארק ישראל שיווק בעמ,,,"י""ח",200,"י""ח",false,1,11.90,0.06,true,1,
196763,true,שקיות אשפה  ניקול גדול,קימברלי קלארק ישראל שיווק בעמ,,,"י""ח",1,"י""ח",false,1,21.30,21.30,true,1,
197425,true,האגיס פרידום דריי שלב 3,קימברלי קלארק ישראל שיווק בעמ,,,"י""ח",54,"י""ח",false,1,39.20,0.73,true,1,
197456,true,האגיס פרידום דריי שלב 4,קימברלי קלארק ישראל שיווק בעמ,,,"י""ח",44,"י""ח",false,1,39.20,0.89,true,1,
197463,true,האגיס פרידום דריי שלב 4+,קימברלי קלארק ישראל שיווק בעמ,,,"י""ח",42,"י""ח",false,1,39.20,0.93,true,1,
197548,true,האגיס פרידום דריי שלב 5,קימברלי קלארק ישראל שיווק בעמ,,,"י""ח",38,"י""ח",false,1,39.20,1.03,true,1,
197678,true,האגיס פרידום דריי שלב  6,קימברלי קלארק ישראל שיווק בעמ,,,"י""ח",34,"י""ח",false,1,39.20,1.15,true,1,
201832,true,טיטולים פרמיום שלב 3,קימברלי קלארק ישראל שיווק בעמ,,,"י""ח",1,"י""ח",false,1,31.50,31.50,true,1,
201849,true,טיטולים פרמיום שלב 4,קימברלי קלארק ישראל שיווק בעמ,,,"י""ח",1,"י""ח",false,1,31.50,31.50,true,1,
201870,true,טיטולים פרמיום שלב 6,קימברלי קלארק ישראל שיווק בעמ,,,"י""ח",1,"י""ח",false,1,31.50,31.50,true,1,
204512,true,מטליות לחות לרצפה בריח לימון,קימברלי קלארק ישראל שיווק בעמ,,,"י""ח",1,"י""ח",false,1,9.40,9.40,false,1,
205762,true,האגיס אקסטרא קר מידה 3,קימברלי קלארק ישראל שיווק בעמ,,,"י""ח",1,"י""ח",false,1,49.50,49.50,true,1,
205915,true,האגיס אקסטרא קר מידה 4,קימברלי קלארק ישראל שיווק בעמ,,,"י""ח",1,"י""ח",false,1,49.50,49.50,true,1,
209012,true,חומץ 1ליטר]יכין[,זנלכל בעמ,,,"י""ח",600,"ל  מ""ל",false,1,5.90,0.98,true,1,
209371,true,שלשות תירס 6OZ,זנלכל בעמ,,,"י""ח",600,ל  גרם,false,1,12.70,2.12,false,1,
209388,true,תירס לייט 150 ג  שלישיה,זנלכל בעמ,,,"י""ח",1,,false,1,12.70,12.70,false,1,
210469,true,עגב. שלמות A2.5 יכין,זנלכל בעמ,,,"י""ח",800,"ל  מ""ל",false,1,8.50,1.06,false,1,
210896,true,רוטב בולונז לפסטה 240 גר`פלסטיק,זנלכל בעמ,,,"י""ח",240,ל  גרם,false,1,4.70,1.96,false,1,
211138,true,עיזים הולנד,א. סיימן סחר בעמ,,,"ק""ג",5,"ק""ג",true,1,85.40,17.08,false,1,
262413,true,האגיס אקסטרא קר מידה 5,קימברלי קלארק ישראל שיווק בעמ,,,"י""ח",1,"י""ח",false,1,49.50,49.50,true,1,
274354,true,גלידל וניל,לבטל קליניק שיומזון בעמ,,,"י""ח",400,ל  גרם,false,1,24.20,6.05,false,1,
274361,true,גלידל שוקו,לפ קנדילידה בעמ,,,"י""ח",400,ל  גרם,false,1,24.60,6.15,false,1,
289236,true,K3 פיתיון גל קוטל נמלים,החב הדרומית לשיווק,,,"י""ח",10,"ל  מ""ל",false,1,34.10,341,false,1,
290102,true,המבורגר ביתי שקיל,ג`וליה מעדני בשר בעמ,,,"ק""ג",1,"ק""ג",true,1,55.50,55.50,true,1,
290104,true,נקניקיות מרגז שקיל,ג`וליה מעדני בשר בעמ,,,"ק""ג",1,"ק""ג",true,1,55.50,55.50,true,1,
290106,true,שיפודי פרגיות שקיל,ג`וליה מעדני בשר בעמ,,,"ק""ג",1,"ק""ג",true,1,65.70,65.70,false,1,
290109,true,מעורב ירושלמי שקיל,ג`וליה מעדני בשר בעמ,,,"ק""ג",1,"ק""ג",true,1,55.50,55.50,false,1,
290126,true,כנפיים מתובל שקיל,ג`וליה מעדני בשר בעמ,,,"ק""ג",1,"ק""ג",true,1,18.70,18.70,false,1,
290134,true,צ`וריסוס שקיל,ג`וליה מעדני בשר בעמ,,,"ק""ג",1,"ק""ג",true,1,55.50,55.50,false,1,
290138,true,נקניק פרגית שקיל,ג`וליה מעדני בשר בעמ,,,"ק""ג",1,"ק""ג",true,1,55.50,55.50,true,1,
290189,true,המבורגר אנטריקוט שקיל,ג`וליה מעדני בשר בעמ,,,"ק""ג",1,"ק""ג",true,1,55.50,55.50,true,1,
290241,true,קבב אש שקיל,ג`וליה מעדני בשר בעמ,,,"ק""ג",1,"ק""ג",true,1,55.50,55.50,true,1,
290246,true,קבב שקיל,ג`וליה מעדני בשר בעמ,,,"ק""ג",1,"ק""ג",true,1,55.50,55.50,true,1,
290258,true,נקניקיות אנגוס שקיל,ג`וליה מעדני בשר בעמ,,,"ק""ג",1,"ק""ג",true,1,55.50,55.50,true,1,
290261,true,המבורגר אנגוס שקיל,ג`וליה מעדני בשר בעמ,,,"ק""ג",1,"ק""ג",true,1,55.50,55.50,true,1,
290290,true,מיני מרגז שקיל,ג`וליה מעדני בשר בעמ,,,"ק""ג",1,"ק""ג",true,1,59.70,59.70,false,1,
290300,true,מדליוני טחול שקיל,ג`וליה מעדני בשר בעמ,,,"ק""ג",1,"ק""ג",true,1,76.80,76.80,false,1,
290318,true,נקניקיות בטעם כבד שקיל,ג`וליה מעדני בשר בעמ,,,"ק""ג",1,"ק""ג",true,1,55.50,55.50,true,1,
290344,true,סושי פיסטוק טורקי  שקיל.,ג`וליה מעדני בשר בעמ,,,"ק""ג",1,"ק""ג",true,1,170.90,170.90,false,1,
293820,true,"ג`ל רחצה קרמה מן 700מ""ל",החב הדרומית לשיווק,,,"י""ח",1,,false,1,12.70,12.70,false,1,
311746,true,עוגיות קרמל 300ג מן,ח.כהן סוכנות מזון ומשקאות בע,,,"י""ח",300,ל  גרם,false,1,5.90,1.97,false,1,
311869,true,וופל שוקולד ללא סוכר 180ג מן,ח.כהן סוכנות מזון ומשקאות בע,,,"י""ח",180,ל  גרם,false,1,6.80,3.78,false,1,
311876,true,"וופלים  וניל לל""ס 180גר מן",ח.כהן סוכנות מזון ומשקאות בע,,,"י""ח",200,ל  גרם,false,1,6.80,3.40,false,1,
315140,true,"קורנפלקס מלאה  500גר בד""ץ",יוניליוור ישראל שיווק בעמ,,,"י""ח",575,ל  גרם,false,1,15.30,2.66,false,1,
319292,true,"נקניקיות וינר פלוס1 ק""ג",מעדני יחיעם 1993 בעמ,,,"י""ח",1,"ק""ג",false,1,17,17,false,1,
319803,true,קבנוס קלאסי 125ג,מעדני יחיעם 1993 בעמ,,,"י""ח",125,ל  גרם,false,1,11.90,9.52,true,1,
319834,true,קבנוס פפרוני קלאסי 125ג,מעדני יחיעם 1993 בעמ,,,"י""ח",125,ל  גרם,false,1,11.90,9.52,true,1,
327020,true,"פפסי שישייה פחיות  330מ""ל",טמפו משקאות בעמ,,,"י""ח",1.98,ליטר,false,1,17,7.83,false,1,
327051,true,"סודה בטעם אננס 500מ""ל שישייה",טמפו משקאות בעמ,,,"י""ח",3,ליטר,false,1,13.60,4.03,false,1,
327075,true,"סודה בטעם למון ליים 500מ""ל שישייה",טמפו משקאות בעמ,,,"י""ח",3,ליטר,false,1,13.60,4.03,false,1,
379240,true,חלה רגילה מרובעת  500  גרם*,שלמה א.אנג ל בעמ,,,"י""ח",500,ל  גרם,false,1,4.40,0.88,false,1,
419374,true,מארז לנדוור טחון טורקי 3*100גרם,ש.שסטוביץ בעמ,,,"י""ח",200,ל  גרם,false,1,16.20,8.10,false,1,
453200,true,בלילה מצוננת פנקייק שמרית 750גר,"שטראוס גרופ ***בע""מ",,,"י""ח",750,ל  גרם,false,1,18.70,2.49,true,1,
453385,true,שמרים יבשים פאקא אינסטנט שקית 500גר,"שטראוס גרופ בע""מ",,,"י""ח",500,ל  גרם,false,1,11,2.20,true,1,
453408,true,בצק פיצה דק ומוכן לאפיה שמרית 415גר,"שטראוס גרופ ***בע""מ",,,"י""ח",415,ל  גרם,false,1,14.40,3.47,true,1,
453415,true,בצק עלים מצונן ומוכן לאפיה שמרית 300גר,"שטראוס גרופ ***בע""מ",,,"י""ח",300,ל  גרם,false,1,12.70,4.23,true,1,
453422,true,בצק פילו מוכן לאפיה שמרית 300גר,"שטראוס גרופ ***בע""מ",,,"י""ח",300,ל  גרם,false,1,12.70,4.23,true,1,
453446,true,פיצה קראסט שמרית 500גר,"שטראוס גרופ ***בע""מ",,,"י""ח",500,ל  גרם,false,1,17,3.40,true,1,
453781,true,שמרים יבשים 125ג שמרית.,"שטראוס גרופ בע""מ",,,"י""ח",125,ל  גרם,false,1,5,4,true,1,
453798,true,שמרים אקטיבים 500גר עלית,"שטראוס גרופ בע""מ",,,"י""ח",500,ל  גרם,false,1,12.80,2.56,true,1,
453866,true,נטורינה קוקוס  200גר,"שטראוס גרופ ***בע""מ",,,"י""ח",200,ל  גרם,false,1,6.80,3.40,true,1,
462141,true,סחוג אדום חריף זהבי  150גר`,"שטראוס גרופ ***בע""מ",,,"י""ח",150,ל  גרם,false,1,6.80,4.53,true,1,
462981,true,זחוק חריף אש 150גרם אחלה,"שטראוס גרופ ***בע""מ",,,"י""ח",150,ל  גרם,false,1,6.80,4.53,true,1,
467320,true,חומוס אבו מרוואן 400גר,קבוצת אוסם סחר-שות.מוגבלת,,,"י""ח",400,ל  גרם,false,1,12.70,3.18,true,1,
481333,true,מארז לחמניות לוסי שמינייה,דגנית עין בר ~~~,,,"י""ח",8,"י""ח",false,1,17,2.13,false,1,
518190,true,מתוק וקל סטיביה 100 שק.,מתוק וקל בעמ,,,"י""ח",25,ל  גרם,false,1,21.10,84.40,false,1,
521008,true,יין סגל אדום יבש,טמפו משקאות בעמ,,,"י""ח",750,"ל  מ""ל",false,1,18.80,2.47,true,1,
521015,true,יין  סגל לבן,טמפו משקאות בעמ,,,"י""ח",750,"ל  מ""ל",false,1,18.80,2.47,true,1,
521329,true,יין רכסים דובב ארגמן 2012,טמפו משקאות בעמ,,,"י""ח",750,"ל  מ""ל",false,1,68.60,9.11,false,1,
523804,true,"מלח עדין 1 ק""ג צנצנת הארץ",סוגת תעשיות בעמ,,,"י""ח",1,"ק""ג",false,1,5.90,5.90,false,1,
523811,true,"מלח גס 1 ק""ג צנצנת הארץ",סוגת תעשיות בעמ,,,"י""ח",1,"ק""ג",false,1,5.90,5.90,false,1,
536743,true,קריספי סטיקס תירס 500 גרם,זוגלובק שיווק בעמ,,,"י""ח",1.50,"ק""ג",false,1,12.70,8.47,false,1,
540931,true,עוגיות  400ג טעמים שונים,ציון תורגמן בעמ,,,"י""ח",400,ל  גרם,false,1,11,2.75,false,1,
551067,true,בשר  מס `5  מוכשר,נטו מלינדה סחר בעמ,,,"ק""ג",1,,true,1,59.70,59.70,false,1,
551159,true,בשר ראש מוכשר.,נטו מלינדה סחר בעמ,,,"ק""ג",1,,true,1,68.30,68.30,false,1,
552118,true,נקניקיות מרגז 400 גרם,נטו מלינדה סחר בעמ,,,"י""ח",400,ל  גרם,false,1,17.40,4.35,false,1,
554006,true,קשקבלו  מחלבות גד שקיל,מחלבות גד,,,"ק""ג",1,,true,1,104.30,104.30,false,1,
554532,true,צפתית גד  מעודנת 5% במלח ים טבעי 200 ג,מחלבות גד,,,"י""ח",200,"ל  מ""ל",false,1,11.90,5.95,false,1,
554655,true,מוצרלה נקניק מעושן,מחלבות גד,,,"ק""ג",150,ל  גרם,true,1,65.70,43.80,false,1,
554754,true,מוצרלה במים גד,מחלבות גד,,,"ק""ג",1,"ק""ג",true,1,79.30,79.30,false,1,
554815,true,גבינה מוצרלה  משק}גד{,מחלבות גד,,,"ק""ג",1,,true,1,68.30,68.30,false,1,
554891,true,בולגרית פח  %16}גד{,מחלבות גד,,,"ק""ג",1,,true,1,47.80,47.80,false,1,
554921,true,ריקוטה  }גד 5%  מעדנייה,מחלבות גד,,,"ק""ג",1,,true,1,48.60,48.60,false,1,
554983,true,גבינה לבנה,מחלבות גד,,,"ק""ג",1,,true,1,33.30,33.30,false,1,
555502,true,אריזת פקדון(חוק  פקדון),שונות /שרות,,,"י""ח",1,,false,1,0.30,0.30,false,1,
555503,true,פיקדון X 6,שונות /שרות,,,"י""ח",1,,false,1,1.50,1.50,false,1,
555504,true,פיקדון X 4,שונות /שרות,,,"י""ח",1,,false,1,1,1,false,1,
555509,true,פיקדון 12X,שונות /שרות,,,"י""ח",1,,false,1,3.10,3.10,false,1,
570576,true,חצי באגט,לפ מאפיית גילת בעמ,,,"י""ח",0,"י""ח",false,1,2.50,2.50,false,1,
571126,true,כמון גבינה.,מחלבות גד,,,"ק""ג",1,"ק""ג",true,1,85,85,false,1,
571294,true,גאודה מעושנת שקיל.,מחלבות גד,,,"ק""ג",1000,ל  גרם,true,1,91,9.10,false,1,
630519,true,עוף טרי שלם מוכשר(קצביה)**.,ח.י. מעדני גורמה בעמ,,,"ק""ג",1,"ק""ג",true,1,17,17,false,1,
631059,true,כבד עוף  טרי(קצביה) **.,ח.י. מעדני גורמה בעמ,,,"ק""ג",1,"ק""ג",true,1,25.60,25.60,true,1,
631257,true,לב עוף טרי[קצביה ]**.,ח.י. מעדני גורמה בעמ,,,"ק""ג",1,"ק""ג",true,1,29.80,29.80,false,1,
632278,true,שניצל עוף פרימיום  נקי ודק  דק[קצביה].,ח.י. מעדני גורמה בעמ,,,"ק""ג",1,"ק""ג",true,1,42.70,42.70,true,1,
632308,true,חזה עוף חצוי נקי טרי(קצביה )**.,ח.י. מעדני גורמה בעמ,,,"ק""ג",1,,true,1,36.60,36.60,true,1,
633800,true,כנפיים פטם  עטרה]קפוא[,נטו מלינדה סחר בעמ,,,"ק""ג",1,"ק""ג",true,1,12.70,12.70,false,1,
641430,true,אשכים הודו}טרי{,ח.י. מעדני גורמה בעמ,,,"ק""ג",1,,true,1,144.30,144.30,false,1,
641751,true,חזה הודו טרי נז  קצביה**,ח.י. מעדני גורמה בעמ,,,"ק""ג",1,,true,1,32.10,32.10,false,1,
642840,true,שוקיים הודו טרי**,ח.י. מעדני גורמה בעמ,,,"ק""ג",1,,true,1,25.60,25.60,false,1,
643243,true,שווארמה הודו נקבה}קצביה{**,ח.י. מעדני גורמה בעמ,,,"ק""ג",1,,true,1,64,64,false,1,
643946,true,כנף הודו   טרי}קצביה{**,ח.י. מעדני גורמה בעמ,,,"ק""ג",1,,true,1,12.70,12.70,false,1,
644356,true,גרון   הודו טרי(קצביה)**,ח.י. מעדני גורמה בעמ,,,"ק""ג",1,,true,1,28.10,28.10,false,1,
644783,true,דג סלמון קפוא מנות תנובה,תנובה בשר,,,"ק""ג",1,"ק""ג",true,1,76.80,76.80,false,1,
646299,true,פילה נסיכת נילוס 100% דג,תנובה בשר,,,"ק""ג",1,,true,1,46.90,46.90,false,1,
651651,true,עוף טוב רצועות צ`ונגו אמיתי,בלדי בעמ,,,"ק""ג",1,"ק""ג",true,1,40.90,40.90,false,1,
652177,true,נתחי פילה נסיכה 100% דג,תנובה בשר,,,"ק""ג",1,,true,1,51.20,51.20,false,1,
654546,true,פילה אמנון 7-9 100% דג פרמיום,תנובה בשר,,,"ק""ג",1,,true,1,29.80,29.80,false,1,
657657,true,מאפים טריים במשקל אפיה מקומית.,ג נרל מילס ישראל בעמ,,,"ק""ג",1,,true,1,38.40,38.40,true,1,
658926,true,פילה מרלוזה קפוא 100% דג,תנובה בשר,,,"ק""ג",1,,true,1,25.60,25.60,false,1,
663036,true,פילה אמנון ללא עור קפוא,תנובה בשר,,,"ק""ג",1,,true,1,38.40,38.40,false,1,
663135,true,קוביות סלמון קפוא 300ג,תנובה בשר,,,"י""ח",300,ל  גרם,false,1,25.60,8.53,false,1,
666601,true,פיקדון 0.30.,שונות /שרות,,,"י""ח",1,"י""ח",false,1,0.30,0.30,false,1,
688374,true,מי עדן בייבי שישיה 250,יפאורה שותפות מוגבלת לשיווק,,,"י""ח",1.50,ליטר,false,1,13.50,8,false,1,
688381,true,מי עדן שישיה 0.5 ליטר,יפאורה שותפות מוגבלת לשיווק,,,"י""ח",3,ליטר,false,1,11.80,3.43,true,1,
688503,true,"מי עדן שישייה ג ים 750 מ""ל",יפאורה שותפות מוגבלת לשיווק,,,"י""ח",4.50,ליטר,false,1,16.80,3.40,false,1,
694108,true,מקלוני חומוס 250גר,****דין שיווק וקליה 2021 בעמ,,,"י""ח",500,ל  גרם,false,1,8.60,1.72,false,1,
706145,true,כמון שלם תפזורת,ח.כהן סוכנות מזון ומשקאות בע,,,"ק""ג",1,,true,1,50,50,false,1,
725846,true,חריץ גאודה קולקשן.,תנובה בעמ ***,,,"ק""ג",1,"ק""ג",true,1,64.10,64.10,false,1,
877599,true,פילה עוף פרימיום ארוז.,נטו מלינדה סחר בעמ,,,"ק""ג",1,,true,1,34.10,34.10,false,1,
904072,true,גוג`י ברי תפזורת,ח.כהן סוכנות מזון ומשקאות בע,,,"ק""ג",1,,true,1,68.30,68.30,false,1,
912250,true,צימוק כהה,ח.כהן סוכנות מזון ומשקאות בע,,,"ק""ג",1,,true,1,21.40,21.40,false,1,
912259,true,שקדים פרוס,ח.כהן סוכנות מזון ומשקאות בע,,,"ק""ג",1,,true,1,84.70,84.70,false,1,
961804,true,דלעת ארוזה שקיל,ביכורי השדה צפון 1994 ג.ד. בעמ,,,"ק""ג",1,,true,1,12.90,12.90,false,1,
976433,true,קשיו קלוי שקיל,****דין שיווק וקליה 2021 בעמ,,,"ק""ג",1,,true,1,81.20,81.20,true,1,
976457,true,גרעין אבטיח שקיל,****דין שיווק וקליה 2021 בעמ,,,"ק""ג",1,,true,1,50.40,50.40,false,1,
976471,true,גרעיני דלעת מקולפת שקיל,****דין שיווק וקליה 2021 בעמ,,,"ק""ג",1,,true,1,55.60,55.60,false,1,
976501,true,צימוק חום שקיל,****דין שיווק וקליה 2021 בעמ,,,"ק""ג",1,,true,1,25.60,25.60,false,1,
976556,true,צנובר  שקיל,****דין שיווק וקליה 2021 בעמ,,,"ק""ג",1,,true,1,170.10,170.10,false,1,
976594,true,פו מצרי/אפונה קלויה  שקיל,****דין שיווק וקליה 2021 בעמ,,,"ק""ג",1,,true,1,47,47,false,1,
976600,true,משמש שקיל,****דין שיווק וקליה 2021 בעמ,,,"ק""ג",1,,true,1,46,46,false,1,
976662,true,פקאן טבעי  שקיל,****דין שיווק וקליה 2021 בעמ,,,"ק""ג",1,,true,1,101.70,101.70,false,1,
976716,true,תירס  שקיל,****דין שיווק וקליה 2021 בעמ,,,"ק""ג",1,,true,1,42.70,42.70,false,1,
976747,true,בונדוק קלוי  שקיל,****דין שיווק וקליה 2021 בעמ,,,"ק""ג",1,,true,1,111.10,111.10,false,1,
976754,true,מנצס   שקיל,****דין שיווק וקליה 2021 בעמ,,,"ק""ג",1,,true,1,38.50,38.50,false,1,
976761,true,אגוז מלך קלוף   שקיל,****דין שיווק וקליה 2021 בעמ,,,"ק""ג",1,,true,1,50.40,50.40,false,1,
976778,true,שקד מולבן משובב   שקיל,****דין שיווק וקליה 2021 בעמ,,,"ק""ג",1,,true,1,98.30,98.30,false,1,
976785,true,קשיו מסוכר  שקיל,****דין שיווק וקליה 2021 בעמ,,,"ק""ג",1,,true,1,72.70,72.70,false,1,
976808,true,בוטן קליפה קלוי  שקיל,****דין שיווק וקליה 2021 בעמ,,,"ק""ג",1,,true,1,19.70,19.70,false,1,
976846,true,פיסטוק קלוף שקיל,****דין שיווק וקליה 2021 בעמ,,,"ק""ג",1,,true,1,127.40,127.40,false,1,
976860,true,שקד מולבן חצאים  שקיל,****דין שיווק וקליה 2021 בעמ,,,"ק""ג",1,,true,1,98.30,98.30,false,1,
976884,true,פקאן סיני מסוכר  שקיל,****דין שיווק וקליה 2021 בעמ,,,"ק""ג",1,,true,1,100.90,100.90,false,1,
977010,true,קבוקים  שקיל.,****דין שיווק וקליה 2021 בעמ,,,"ק""ג",1,,true,1,29.90,29.90,false,1,
977065,true,חומוס קלוי  שקיל,****דין שיווק וקליה 2021 בעמ,,,"ק""ג",1,,true,1,34.20,34.20,false,1,
977089,true,קשיו טבעי  שקיל,****דין שיווק וקליה 2021 בעמ,,,"ק""ג",1,,true,1,76.10,76.10,false,1,
977102,true,תערובת פיצוחים שקיל,****דין שיווק וקליה 2021 בעמ,,,"ק""ג",1,,true,1,81.20,81.20,false,1,
977140,true,מקדמיה טבעית שקיל,****דין שיווק וקליה 2021 בעמ,,,"ק""ג",1,,true,1,128.20,128.20,false,1,
977324,true,בוטן מסוכר שקיל,****דין שיווק וקליה 2021 בעמ,,,"ק""ג",1,,true,1,38.50,38.50,false,1,
977355,true,בוטן אמריקאי שקיל,****דין שיווק וקליה 2021 בעמ,,,"ק""ג",1,,true,1,22.20,22.20,false,1,
977454,true,גרעין שחור שקיל,****דין שיווק וקליה 2021 בעמ,,,"ק""ג",1,,true,1,24.80,24.80,true,1,
977478,true,בוטנים קלויים שקיל,****דין שיווק וקליה 2021 בעמ,,,"ק""ג",1,,true,1,31.60,31.60,true,1,
977485,true,גרעין לבן  שקיל,****דין שיווק וקליה 2021 בעמ,,,"ק""ג",1,,true,1,33.30,33.30,false,1,
977492,true,בונדוק טבעי  שקיל,****דין שיווק וקליה 2021 בעמ,,,"ק""ג",1,,true,1,94,94,false,1,
977645,true,חטיף יפני   שקיל,****דין שיווק וקליה 2021 בעמ,,,"ק""ג",1,,true,1,55.60,55.60,false,1,
977676,true,שקד קלוי שקיל,****דין שיווק וקליה 2021 בעמ,,,"ק""ג",1,,true,1,67.50,67.50,true,1,
977683,true,פקאן קלוף קלוי שקיל,****דין שיווק וקליה 2021 בעמ,,,"ק""ג",1,,true,1,107.70,107.70,false,1,
977706,true,ברזיל טבעי שקיל,****דין שיווק וקליה 2021 בעמ,,,"ק""ג",1,,true,1,98.30,98.30,false,1,
977751,true,צימוק גמבו  שקיל,****דין שיווק וקליה 2021 בעמ,,,"ק""ג",1,,true,1,37.60,37.60,false,1,
977782,true,תאנין יבשות  שקיל,****דין שיווק וקליה 2021 בעמ,,,"ק""ג",1,,true,1,41.90,41.90,false,1,
977799,true,שזיפים ללא גלעין   שקיל,****דין שיווק וקליה 2021 בעמ,,,"ק""ג",1,,true,1,40.20,40.20,false,1,
977850,true,צימוק לבן קטן  שקיל,****דין שיווק וקליה 2021 בעמ,,,"ק""ג",1,,true,1,31.60,31.60,false,1,
977980,true,אננס פלחים   שקיל,****דין שיווק וקליה 2021 בעמ,,,"ק""ג",1,,true,1,34.20,34.20,false,1,
978017,true,שזיפים מיובשים   שקיל,****דין שיווק וקליה 2021 בעמ,,,"ק""ג",1,,true,1,38.50,38.50,false,1,
978024,true,בננה ציפס   שקיל,****דין שיווק וקליה 2021 בעמ,,,"ק""ג",1,,true,1,29.90,29.90,false,1,
978321,true,מנגו  שקיל,****דין שיווק וקליה 2021 בעמ,,,"ק""ג",1,,true,1,34.20,34.20,false,1,
978383,true,תמר מגהול ענק  שקיל,****דין שיווק וקליה 2021 בעמ,,,"ק""ג",1,,true,1,45,45,false,1,
978895,true,פרות טרופים שקיל,****דין שיווק וקליה 2021 בעמ,,,"ק""ג",1,,true,1,59.80,59.80,false,1,
989709,true,אגוז ברזיל קלוי  שקיל,****דין שיווק וקליה 2021 בעמ,,,"ק""ג",1,,true,1,85.50,85.50,false,1,
989761,true,שקד טחון  שקיל,****דין שיווק וקליה 2021 בעמ,,,"ק""ג",1,,true,1,76.90,76.90,false,1,
989778,true,חמוציות  שקיל,****דין שיווק וקליה 2021 בעמ,,,"ק""ג",1,,true,1,38.50,38.50,false,1,
990261,true,"חומוס 1 ק""ג סוגת.",סוגת תעשיות בעמ,,,"י""ח",1,"ק""ג",false,1,12.70,12.70,true,1,
1003794,true,שוקיים  עוף טרי ארוז ביסטריצקי,ח.י. מעדני גורמה בעמ,,,"ק""ג",1,,true,1,34.10,34.10,false,1,
1009154,true,לחם  ענק קל דגנים 1.2קג,עזרן מסחר ושרותים בעמ,,,"י""ח",1,,false,1,13.50,13.50,false,1,
1022016,true,גבינת ריקוטה 5% שקיל,ג.וילי פוד אינטרנשיונל בעמ,,,"ק""ג",400,ל  גרם,true,1,26.40,6.60,false,1,
1041130,true,ממרח תמרים מיה,מיה תעשיות מזון מ.ת.מ בעמ,,,"י""ח",450,ל  גרם,false,1,5,1.11,false,1,
1045633,true,"מיץ לימונענע 400 מ""ל","שטראוס גרופ ***בע""מ",,,"י""ח",400,"ל  מ""ל",false,1,7.10,1.70,true,1,
1053508,true,"סטייק אנטריקוט חב""ד קפוא",בלדי בעמ,,,"ק""ג",1,"ק""ג",true,1,59.70,59.70,false,1,
1053515,true,"סטייק אנטריקוט חב""ד קפוא",בלדי בעמ,,,"ק""ג",1,"ק""ג",true,1,59.70,59.70,false,1,
1053553,true,"צלי כתף מס 5 חב""ד קפוא",בלדי בעמ,,,"ק""ג",1,"ק""ג",true,1,76.80,76.80,false,1,
1053560,true,"פילה מדומה מס `6 חב""ד קפוא",בלדי בעמ,,,"ק""ג",0,"ק""ג",true,1,38.40,38.40,false,1,
1053577,true,"שריר בשר  מס `8 חב""ד קפוא",בלדי בעמ,,,"ק""ג",1,"ק""ג",true,1,42.70,42.70,false,1,
1053591,true,"אסאדו מס 9 חב""ד קפוא",בלדי בעמ,,,"ק""ג",1,,true,1,51.20,51.20,false,1,
1053737,true,"צלעות  מס2 חב""ד קפוא",בלדי בעמ,,,"ק""ג",1,,true,1,36.70,36.70,false,1,
1053751,true,"כתף  מס `4 קפוא חב""ד.",בלדי בעמ,,,"ק""ג",1,,true,1,36.70,36.70,false,1,
1053768,true,"מכסה הצלע מס -7ג. חב""ד קפוא.",בלדי בעמ,,,"ק""ג",1,"ק""ג",true,1,31.50,31.50,false,1,
1111009,true,נקנק צוריסוס  תפזורת,בלדי בעמ,,,"ק""ג",1,"י""ח",true,1,43.50,43.50,false,1,
1111012,true,המבורגר מסעדות 220ג  תפזורת,בלדי בעמ,,,"ק""ג",1,"י""ח",true,1,42.70,42.70,false,1,
1111213,true,המבורגר ביג בורגר 165ג תפזורת,בלדי בעמ,,,"ק""ג",1,"י""ח",true,1,30.70,30.70,false,1,
1111237,true,קבב בלדי 50ג  תפזורת,בלדי בעמ,,,"ק""ג",220,ל  גרם,true,1,42.70,19.41,false,1,
1111303,true,טחון בקר תפזורת,בלדי בעמ,,,"ק""ג",1,"י""ח",true,1,29,29,false,1,
1111322,true,קבב מזרחי  תפזורת,בלדי בעמ,,,"ק""ג",220,ל  גרם,true,1,23.90,10.86,false,1,
1121048,true,"גולש בקר מעובד 8ק""ג   תפזורת",בלדי בעמ,,,"ק""ג",1,"י""ח",true,1,30.70,30.70,false,1,
1121238,true,קורנד ביף 180גר`,מעדני יחיעם 1993 בעמ,,,"י""ח",180,ל  גרם,false,1,19.60,10.89,false,1,
1121795,true,נקניקיות עוף חריפות 400גרם,מעדני יחיעם 1993 בעמ,,,"י""ח",400,ל  גרם,false,1,10.20,2.55,false,1,
1133682,true,"סלמון נורבגי שלם בד""ץ",בלדי בעמ,,,"ק""ג",1,,true,1,65.70,65.70,false,1,
1134153,true,גרון  הודו קפוא  ארוז.,נטו מלינדה סחר בעמ,,,"ק""ג",1,,true,1,25.60,25.60,false,1,
1201589,true,ביצים L 12 יח*,מ.לסר בעמ,,,"י""ח",12,"י""ח",false,1,10.30,0.86,false,1,
1201596,true,ביצים M 12 יח*,מ.לסר בעמ,,,"י""ח",12,"י""ח",false,1,9.50,0.79,false,1,
1201824,true,ביצים 12יח L אורגני,מ.לסר בעמ,,,"י""ח",12,"י""ח",false,1,17.90,1.49,false,1,
1201862,true,ביצים 12יח L חופש,מ.לסר בעמ,,,"י""ח",12,"י""ח",false,1,15.30,1.28,false,1,
1201893,true,ביצים 12יח M אומגה 3,מ.לסר בעמ,,,"י""ח",10,"י""ח",false,1,16.20,1.62,true,1,
1216040,true,"טחינה""אל   ארז""רגילה  500גר",סוגת תעשיות בעמ,,,"י""ח",500,ל  גרם,false,1,14.40,2.88,false,1,
1216231,true,"טחינה""אל   ארז""מלאה 500גר",סוגת תעשיות בעמ,,,"י""ח",500,ל  גרם,false,1,13.50,2.70,false,1,
1231932,true,וינסטון כחול בודד.,גלוברנדס בעמ,,,"י""ח",1,,false,1,27.80,27.80,false,1,
1245835,true,נוזל רצפות אורנים 4ליטר טאצ`,סאסאטק אגשח בעמ,,,"י""ח",4,ליטר,false,1,12.70,3.18,true,1,
1245842,true,נוזל רצפות מאסק 4ליטר טאצ`,סאסאטק אגשח בעמ,,,"י""ח",4,ליטר,false,1,12.70,3.18,true,1,
1246474,true,"תרסיס לניקוי שטיחים 600מ""ל טאצ`",סאסאטק אגשח בעמ,,,"י""ח",600,"ל  מ""ל",false,1,13.60,2.27,false,1,
1246528,true,מרכך כביסה מרוכז פרםיום מיסטרי  1 ל`טא,סאסאטק אגשח בעמ,,,"י""ח",1,ליטר,false,1,11.90,11.90,true,1,
1246757,true,נוזל רצפות מלון בוטיק  2ליטר טאצ`,סאסאטק אגשח בעמ,,,"י""ח",2,ליטר,false,1,16.20,8.10,true,1,
1247754,true,"R.C קולה פחית 330מ""ל",יפאורה שותפות מוגבלת לשיווק,,,"י""ח",330,"ל  מ""ל",false,1,3.90,1.09,true,1,
1343845,true,"גרנולה פירות 1ק""ג",דין שיווק וקליה 2021 בעמ,,,"י""ח",1,"ק""ג",false,1,17,17,true,1,
1407592,true,"טחינה גולמית בארכה פי 6 סידן 1 ק""ג",קבוצת אוסם סחר-שות.מוגבלת,,,"י""ח",1,"ק""ג",false,1,21.30,21.30,false,1,
1407936,true,טחינה  בארכה מעודנת 310גר,קבוצת אוסם סחר-שות.מוגבלת,,,"י""ח",310,ל  גרם,false,1,11.90,3.84,false,1,
1419618,true,וופל בלגי שוקו 200גר`,ח.כהן סוכנות מזון ומשקאות בע,,,"י""ח",200,ל  גרם,false,1,3.30,1.65,true,1,
1436950,true,אסאדו מס 9  עם עצם מוכשר,בלדי בעמ,,,"ק""ג",1,,true,1,51.20,51.20,false,1,
1439074,true,כדור ליפה בשקית שלישיה,מוסקו בעמ,,,"י""ח",1,,false,1,10.20,10.20,false,1,
1444160,true,"שמן זית כתית מעולה מ עץ הזית 750 מ""ל.",סוגת תעשיות בעמ,,,"י""ח",750,"ל  מ""ל",false,1,29,3.87,true,1,
1459676,true,"המבורגר 400גרם חב""ד ארוז",בלדי בעמ,,,"י""ח",400,ל  גרם,false,1,15.30,3.83,false,1,
1459683,true,"קבב מזרחי 400גרם חב""ד ארוז",בלדי בעמ,,,"י""ח",400,ל  גרם,false,1,15.30,3.83,false,1,
1459690,true,"טחון בקר טהור  1ק""ג חב""ד קפוא",בלדי בעמ,,,"י""ח",1,"ק""ג",false,1,34.10,34.10,false,1,
1459706,true,"טחון בקר  1ק""ג חב""ד קפוא",בלדי בעמ,,,"י""ח",1,"ק""ג",false,1,28.10,28.10,false,1,
1459713,true,"גולש בקר 800גרם חב""ד ארוז",בלדי בעמ,,,"י""ח",400,ל  גרם,false,1,31.50,7.88,false,1,
1460092,true,חזה בקר מס 3 מוכשר פולין קפוא,בלדי בעמ,,,"ק""ג",1,,true,1,29.80,29.80,false,1,
1461112,true,לחם מחמצת דגנים 530גר,ג נרל מילס ישראל בעמ,,,"י""ח",530,ל  גרם,false,1,14.40,2.72,true,1,
1482049,true,בולגריה בקוביות עם שמן ותבלינים שקיל,ג.וילי פוד אינטרנשיונל בעמ,,,"ק""ג",1,,true,1,55.60,55.60,false,1,
1482421,true,בולגריה למעדניה ויליפוד,ג.וילי פוד אינטרנשיונל בעמ,,,"ק""ג",1000,ל  גרם,true,1,33.80,3.38,false,1,
1498897,true,מארז מתנות,מוסקו בעמ,,,"י""ח",1,,false,1,12.70,12.70,false,1,
1552049,true,סולטנה קוסקוס  מרוקאי}מטעמי  פאר{,מטעמי פאר (א.מ.נ) בעמ,,,"י""ח",800,ל  גרם,false,1,13.60,1.70,false,1,
1567708,true,נקניק וינר 400ג ללא,מעדני יחיעם 1993 בעמ,,,"י""ח",400,ל  גרם,false,1,10.20,2.55,true,1,
1567814,true,סלמי מעושן בסגנון איטלקי 300ג,מעדני יחיעם 1993 בעמ,,,"י""ח",300,ל  גרם,false,1,17,5.67,false,1,
1591505,true,סטייק דג טונה  קפוא עם עור מחנה יהודה.,נטו מלינדה סחר בעמ,,,"ק""ג",1,"ק""ג",true,1,34.10,34.10,true,1,
1591550,true,פילה אמנון ללא עור מחנה יהודה.,נטו מלינדה סחר בעמ,,,"ק""ג",1,"ק""ג",true,1,32.40,32.40,true,1,
1591567,true,פילה אמנון 100% מחנה יהודה.,נטו מלינדה סחר בעמ,,,"ק""ג",1,"ק""ג",true,1,31.50,31.50,true,1,
1591574,true,פילה אמנון 80% מחנה יהודה.,נטו מלינדה סחר בעמ,,,"ק""ג",1,"ק""ג",true,1,23,23,true,1,
1591604,true,המבורגר אנגוס מחנה יהודה 600גר,נטו מלינדה סחר בעמ,,,"י""ח",600,ל  גרם,false,1,25.60,4.27,true,1,
1591611,true,קבבוני אנגוס עגול מחנה יהודה 500גר,נטו מלינדה סחר בעמ,,,"י""ח",500,ל  גרם,false,1,25.60,5.12,true,1,
1591635,true,נקניקיות מרגז סגנון מרוקאי מחנה יהודה,נטו מלינדה סחר בעמ,,,"י""ח",500,ל  גרם,false,1,25.60,5.12,true,1,
1591642,true,קבבוני טלה מחנה יהודה 500גר.,נטו מלינדה סחר בעמ,,,"י""ח",500,ל  גרם,false,1,25.60,5.12,true,1,
1591680,true,קניידלך מקמח מצה 500גר.,נטו מלינדה סחר בעמ,,,"י""ח",500,ל  גרם,false,1,17,3.40,false,1,
1648919,true,קפה כתר 70גר3*.,רוני רג ואן,,,"י""ח",210,ל  גרם,false,1,11,5.24,false,1,
1648995,true,שלישית קפה רגואן 3*100גר,רוני רג ואן,,,"י""ח",300,ל  גרם,false,1,17,5.67,false,1,
1664285,true,שווארמה אנטריקוט  תפזורת,בלדי בעמ,,,"ק""ג",1,"י""ח",true,1,65.70,65.70,false,1,
1690987,true,פילה הייק ארוז קפוא,נטו מלינדה סחר בעמ,,,"ק""ג",1,"ק""ג",true,1,42.70,42.70,false,1,
1713150,true,אקונומיקה קצף ניקוי 1ליטר מרסס,קומפלקס כימיקלסבעמ ~~~,,,"י""ח",1,,false,1,7.60,7.60,false,1,
1873441,true,המבורגר 320ג בלאק אנגוס,נטו מלינדה סחר בעמ,,,"י""ח",320,ל  גרם,false,1,22.10,6.91,true,1,
1879627,true,פילה עוף  טרי**,ח.י. מעדני גורמה בעמ,,,"ק""ג",1,,true,1,42.70,42.70,true,1,
2008989,true,קישקשים 225 יחידות הנמל,הנמל אריזות ושווק בעמ,,,"י""ח",225,"י""ח",false,1,8.50,0.04,false,1,
2043065,true,מיני פריכיות אורז חום צ. שוקול 70ג,א.ל.יצור ושיווקתבלינים בעמ,,,"י""ח",70,ל  גרם,false,1,7.60,10.86,true,1,
2043331,true,צ`יפס אורז חום מלא כוסמת 60גר,א.ל.יצור ושיווקתבלינים בעמ,,,"י""ח",60,ל  גרם,false,1,6.80,11.33,false,1,
2043348,true,צ`יפס אורז חום מלא צ`יה וקינואה 60גר,א.ל.יצור ושיווקתבלינים בעמ,,,"י""ח",60,ל  גרם,false,1,6.80,11.33,false,1,
2043874,true,באר אקסטרה קרמל בציפוי שוקולד לבן 90גר,א.ל.יצור ושיווקתבלינים בעמ,,,"י""ח",90,ל  גרם,false,1,11.90,13.22,true,1,
2057437,true,שיפקונית A-2,קבוצת יבנה מוצרי מזון בעמ,,,"י""ח",560,ל  גרם,false,1,8.50,1.52,false,1,
2065616,true,לחם שיפון גרעינים 750גר`,שלמה א.אנג ל בעמ,,,"י""ח",750,ל  גרם,false,1,11,1.47,false,1,
2065623,true,לחם שיפון כפרי 750גר`,שלמה א.אנג ל בעמ,,,"י""ח",750,ל  גרם,false,1,11,1.47,false,1,
2075271,true,ריקולה שקית 70ג צמחים,שוקוטרייד בעמ,,,"י""ח",70,ל  גרם,false,1,10.20,14.57,false,1,
2077268,true,מיני קציצות דג 500 גרם,נטו מלינדה סחר בעמ,,,"י""ח",500,ל  גרם,false,1,18.70,3.74,false,1,
2077725,true,סלומון נורווגי מצונן 100 גרם(נטו),נטו מלינדה סחר בעמ,,,"י""ח",100,ל  גרם,false,1,17,17,false,1,
2105008,true,רבע כבש  חלק**.,ח.י. מעדני גורמה בעמ,,,"ק""ג",1,,true,1,93.90,93.90,true,1,
2105145,true,בשר  מס `2מחפוד,עוף ירושלים שיווק בעמ,,,"ק""ג",1,"ק""ג",true,1,44.40,44.40,false,1,
2105190,true,פילה מדומה 6 בקר קפאו מחפוד,עוף ירושלים שיווק בעמ,,,"ק""ג",1,"ק""ג",true,1,51.20,51.20,false,1,
2105220,true,שריר הזרוע 8 בקר קפוא מחפוד,עוף ירושלים שיווק בעמ,,,"ק""ג",1,,true,1,46.90,46.90,false,1,
2105565,true,טחון הודו 500גר`מחפוד,עוף ירושלים שיווק בעמ,,,"י""ח",500,ל  גרם,false,1,11,2.20,false,1,
2105671,true,טחון עוף 500 גר`מחפוד,עוף ירושלים שיווק בעמ,,,"י""ח",500,ל  גרם,false,1,11,2.20,false,1,
2105756,true,"טחון בקר 1ק""ר קפוא מחפוד",עוף ירושלים שיווק בעמ,,,"י""ח",1,"ק""ג",false,1,29.80,29.80,false,1,
2105770,true,"קבב כבש קציצות ביתי קפוא מחפוד 1ק""ג",עוף ירושלים שיווק בעמ,,,"י""ח",1,"ק""ג",false,1,35.80,35.80,false,1,
2107316,true,טבורוג גבינה,*החברה המרכזית להפצת משקאותבעמ,,,"ק""ג",1,,true,1,37.50,37.50,true,1,
2107385,true,מה עז  180 גרם צוריאל,*החברה המרכזית להפצת משקאותבעמ,,,"י""ח",180,ל  גרם,false,1,19.90,11.06,false,1,
2109488,true,קבב אמיתי 100% 440גרם  טיבוןויל,נטו מלינדה סחר בעמ,,,"י""ח",500,ל  גרם,false,1,18.70,3.74,true,1,
2129479,true,פיצה איטלקית דקה שלושת האופים 320גר,נטו מלינדה סחר בעמ,,,"י""ח",320,ל  גרם,false,1,14.40,4.50,true,1,
2129486,true,פיצה איטלקית דקה שלושת האופים 340גר,נטו מלינדה סחר בעמ,,,"י""ח",340,ל  גרם,false,1,14.40,4.24,false,1,
2157830,true,קוביות גולש 100% בשר  800ג,נטו מלינדה סחר בעמ,,,"י""ח",800,ל  גרם,false,1,34.10,4.26,false,1,
2157953,true,טונה  קנולה 140ג 1/4,נטו מלינדה סחר בעמ,,,"י""ח",560,ל  גרם,false,1,17,3.04,true,1,
2247729,true,כנף  עוף  קפוא  ארוז.,נטו מלינדה סחר בעמ,,,"ק""ג",1,,true,1,9.30,9.30,false,1,
2247774,true,לבבות עוף}קפוא{,נטו מלינדה סחר בעמ,,,"ק""ג",1,"ק""ג",true,1,21.30,21.30,false,1,
2263562,true,"רוטב לימון משומר 200מ""ל",א.ל.יצור ושיווקתבלינים בעמ,,,"י""ח",200,"ל  מ""ל",false,1,5.70,2.85,false,1,
2263661,true,"מיץ לימון 100% טבעי 250מ""ל מימון",א.ל.יצור ושיווקתבלינים בעמ,,,"י""ח",250,"ל  מ""ל",false,1,6.80,2.72,false,1,
2277668,true,טונה פוסידון רביעיות,נטו מלינדה סחר בעמ,,,"י""ח",340,ל  גרם,false,1,17,5,false,1,
2278528,true,זוג כריות ניקוי כלים,ח.כהן סוכנות מזון ומשקאות בע,,,"י""ח",2,"י""ח",false,1,6.80,3.40,false,1,
2281382,true,נתחי פילה סלמון נורבגי מנות,נטו מלינדה סחר בעמ,,,"ק""ג",1,"ק""ג",true,1,84.60,84.60,false,1,
2281405,true,סלט סלמון מעושן 160*2יח,נטו מלינדה סחר בעמ,,,"י""ח",320,ל  גרם,false,1,8.50,2.66,false,1,
2281429,true,סטייק דג טונה קפוא ללא עור,נטו מלינדה סחר בעמ,,,"ק""ג",1,"ק""ג",true,1,46.90,46.90,false,1,
2281436,true,סטייק דג טונה בהירה קפוא ללא עור,נטו מלינדה סחר בעמ,,,"ק""ג",1,,true,1,38.40,38.40,false,1,
2281443,true,סטייק דג טונה  קפוא עם עור,נטו מלינדה סחר בעמ,,,"ק""ג",1,"ק""ג",true,1,34.10,34.10,true,1,
2281498,true,מגורדת 500ג ריץ,נטו מלינדה סחר בעמ,,,"י""ח",500,ל  גרם,false,1,23,4.60,false,1,
2281894,true,בשר  מס `2חלק,נטו מלינדה סחר בעמ,,,"ק""ג",1,,true,1,29.80,29.80,false,1,
2291107,true,"אפונה וגזר  2.5ק""ג",בלדי בעמ,,,"ק""ג",2.50,"ק""ג",true,1,9.30,3.72,false,1,
2291121,true,"גזר גמדי   2.5ק""ג",בלדי בעמ,,,"ק""ג",2.50,"ק""ג",true,1,9.30,3.72,false,1,
2291138,true,"לקט ירקות העונה 2.5ק,ג",בלדי בעמ,,,"ק""ג",2.50,"ק""ג",true,1,9.30,3.72,false,1,
2291145,true,"שעועית ירוקה חתוכה    2.5ק""ג",בלדי בעמ,,,"ק""ג",2.50,"ק""ג",true,1,9.30,3.72,false,1,
2291169,true,"שעועית ירוקה שלמה עדינה    2.5ק""ג",בלדי בעמ,,,"ק""ג",2.50,"ק""ג",true,1,9.30,3.72,false,1,
2291206,true,"שעועית צהובה  שלמה    2.5ק""ג",בלדי בעמ,,,"ק""ג",2.50,"ק""ג",true,1,9.30,3.72,false,1,
2291244,true,"במיה  2.5ק""ג",בלדי בעמ,,,"ק""ג",2.50,"ק""ג",true,1,9.30,3.72,false,1,
2291275,true,"תחתיות ארטישוק  2ק""ג",בלדי בעמ,,,"ק""ג",2,"ק""ג",true,1,17,8.50,false,1,
2291695,true,צוואר  מס10 מוכשר ברזיל קפוא,בלדי בעמ,,,"ק""ג",1,,true,1,26.40,26.40,false,1,
2292142,true,קבב אנגוס 700ג עטרה,נטו מלינדה סחר בעמ,,,"י""ח",700,ל  גרם,false,1,25.60,3.66,false,1,
2292159,true,בורגר אנגוס 700ג עטרה,נטו מלינדה סחר בעמ,,,"י""ח",700,ל  גרם,false,1,25.60,3.66,false,1,
2300877,true,צ`דר אנגלי לבן נטו,א. סיימן סחר בעמ,,,"ק""ג",1,,true,1,110.30,110.30,true,1,
2300884,true,צ`דר אנגלי כתום נטו.,א. סיימן סחר בעמ,,,"ק""ג",1,,true,1,110.30,110.30,true,1,
2331163,true,מים נביעות 1.5ליטר בודד(קר),החברה המרכזית להפצת משקאות בעמ,,,"י""ח",1.50,ליטר,false,1,3,2,false,1,
2331360,true,נביעות שישיות 500 מייל פקק ספורט,החברה המרכזית להפצת משקאות בעמ,,,"י""ח",3,ליטר,false,1,13.40,3.97,true,1,
2331483,true,"נביעות שישיות בייבי 320מ""ל",החברה המרכזית להפצת משקאות בעמ,,,"י""ח",3,ליטר,false,1,11.70,3.40,true,1,
2331490,true,נביעות 1ליטר,החברה המרכזית להפצת משקאות בעמ,,,"י""ח",1,ליטר,false,1,3,3,true,1,
2345015,true,סינטה דקדק 250גר אל גאוצו,נטו מלינדה סחר בעמ,,,"י""ח",250,ל  גרם,false,1,14.40,5.76,true,1,
2345022,true,אנטריקוט דקדק 250גר,נטו מלינדה סחר בעמ,,,"י""ח",250,ל  גרם,false,1,17,6.80,true,1,
2345060,true,מאסדם גבינה הולנדי אמיתי שקיל.,נטו מלינדה סחר בעמ,,,"ק""ג",1,,true,1,64.10,64.10,false,1,
2345077,true,שניצל בקר דק דק 250ג אל גאוצו,נטו מלינדה סחר בעמ,,,"י""ח",250,ל  גרם,false,1,12.70,5.08,true,1,
2345121,true,אסאדו דקדק 250גר אל גאוצו,נטו מלינדה סחר בעמ,,,"י""ח",250,ל  גרם,false,1,23.90,9.56,true,1,
2345282,true,נתחי פילה סלמון נורבגי מנות,נטו מלינדה סחר בעמ,,,"ק""ג",1,"ק""ג",true,1,84.60,84.60,false,1,
2345435,true,פילה מרלוזה,נטו מלינדה סחר בעמ,,,"ק""ג",1,"ק""ג",true,1,27.30,27.30,false,1,
2370017,true,גבינה גאודה פסטו 32% שומן,ג.וילי פוד אינטרנשיונל בעמ,,,"ק""ג",1,"ק""ג",true,1,85.40,85.40,false,1,
2370123,true,גבינת עיזים רכה  29% שקיל,ג.וילי פוד אינטרנשיונל בעמ,,,"ק""ג",1,"י""ח",true,1,84.60,84.60,false,1,
2370154,true,גבינת צ`דר מיושנת שקיל,ג.וילי פוד אינטרנשיונל בעמ,,,"ק""ג",1,"ק""ג",true,1,85.40,85.40,false,1,
2370239,true,גבינה חצי קשה פיקנטית 31%,ג.וילי פוד אינטרנשיונל בעמ,,,"ק""ג",1,"ק""ג",true,1,84.60,84.60,false,1,
2370475,true,גבינה כחולה עם עובש שקיל,ג.וילי פוד אינטרנשיונל בעמ,,,"ק""ג",1,"ק""ג",true,1,85.40,85.40,true,1,
2370789,true,גבינת כבשים עם פטריות כמהין 36%,ג.וילי פוד אינטרנשיונל בעמ,,,"ק""ג",1,"ק""ג",true,1,127.40,127.40,true,1,
2370796,true,גבינת כבשים בציפוי רוזמרין 36%,ג.וילי פוד אינטרנשיונל בעמ,,,"ק""ג",1,"ק""ג",true,1,76.90,76.90,false,1,
2371403,true,מארז זוגות 600 גר`,תנובה בשר,,,"י""ח",600,ל  גרם,false,1,24.70,4.12,false,1,
2371939,true,סרוולד צרפתי 120גר,תנובה בשר,,,"י""ח",120,ל  גרם,false,1,20.40,17,false,1,
2374640,true,שמן קנולה פלוס אומגה 3 עץ הזית 1ליטר,סוגת תעשיות בעמ,,,"י""ח",1,ליטר,false,1,13.60,13.60,false,1,
2385196,true,רוקפור גליל שקיל גד,מחלבות גד,,,"ק""ג",1,,true,1,107,107,false,1,
2385455,true,בולגרית מעודנת 24% גד מעדנייה,מחלבות גד,,,"ק""ג",1,,true,1,52.10,52.10,false,1,
2385493,true,גבינת שמנת זיתים 30% שקיל,מחלבות גד,,,"ק""ג",1,,true,1,38.40,38.40,false,1,
2385509,true,גבינת שמנת שמיר 30% שקיל גד,מחלבות גד,,,"ק""ג",1,,true,1,38.40,38.40,false,1,
2385738,true,מנצ`יגו משולשים שקיל גד,מחלבות גד,,,"ק""ג",1,,true,1,115.40,115.40,false,1,
2385745,true,פקורינו משולשים שקיל גד,מחלבות גד,,,"ק""ג",1,,true,1,111.10,111.10,false,1,
2386834,true,נקניקיות עוף 400גר  קהילות,נטו מלינדה סחר בעמ,,,"י""ח",400,ל  גרם,false,1,10.30,2.58,false,1,
2395408,true,"גבנצ  נעם 28% ק""ג  *.",*החברה המרכזית להפצת משקאותבעמ,,,"ק""ג",1,,true,1,38.28,38.28,false,1,
2395422,true,גבינה צהובה נעם 22%  שקיל*,*החברה המרכזית להפצת משקאותבעמ,,,"ק""ג",1,,true,1,36.39,36.39,false,1,
2439226,true,רולדת ריבת חלב 450גר,נטו מלינדה סחר בעמ,,,"י""ח",450,ל  גרם,false,1,29.60,6.58,false,1,
2439233,true,רולדת שוקולד 450גר,נטו מלינדה סחר בעמ,,,"י""ח",450,ל  גרם,false,1,29.60,6.58,false,1,
2439981,true,קבב בקר  אל גאוצ`ו 400גר`,נטו מלינדה סחר בעמ,,,"י""ח",400,ל  גרם,false,1,19.60,4.90,true,1,
2439998,true,קבב בקר וכבש אל גאוצ`ו 400גר`,נטו מלינדה סחר בעמ,,,"י""ח",400,ל  גרם,false,1,19.60,4.90,true,1,
2507284,true,שניצל דג מצופה 700 במבינו,נטו מלינדה סחר בעמ,,,"י""ח",700,ל  גרם,false,1,21.30,3.04,false,1,
2507604,true,פיצה השף איטלקית 320ג,נטו מלינדה סחר בעמ,,,"י""ח",320,ל  גרם,false,1,15.30,4.78,true,1,
2509002,true,לחם  שחור/לבן*,שלמה א.אנג ל בעמ,,,"י""ח",700,ל  גרם,false,1,4.20,0.60,false,1,
2511212,true,צפתית עיראקית המושבה,מחלבות המושבה בעמ,,,"ק""ג",1,,true,1,56.30,56.30,false,1,
2511229,true,בולגרית מעודנת 16%  המושבה,מחלבות המושבה בעמ,,,"ק""ג",1000,ל  גרם,true,1,34.10,3.41,false,1,
2511236,true,בולגרית מעודנת  5%  המושבה,מחלבות המושבה בעמ,,,"ק""ג",1,,true,1,34.10,34.10,false,1,
2511243,true,בולגרית פח/רשת שקיל 5%,מחלבות המושבה בעמ,,,"ק""ג",1000,ל  גרם,true,1,39.20,3.92,false,1,
2511281,true,ברינזה צאן/כבשים המושבה,מחלבות המושבה בעמ,,,"ק""ג",1,"ק""ג",true,1,67.70,67.70,false,1,
2511427,true,אצבעות שוקולד וניל מעדניה,מחלבות המושבה בעמ,,,"ק""ג",1000,ל  גרם,true,1,51.20,5.12,false,1,
2512264,true,גחנון מופחת שומן 700ג צנעני,א.ג בחירה חכמה בעמ,,,"י""ח",600,ל  גרם,false,1,14.40,2.40,false,1,
2542780,true,"בירה סטלה ארטואה 330מ""ל  1/6 בקבוק",תימקו בירה בעמ,,,"י""ח",330,"ל  מ""ל",false,1,34.10,9.88,true,1,
2542810,true,"הוגרדן בקבוק 330מ""ל",תימקו בירה בעמ,,,"י""ח",330,"ל  מ""ל",false,1,11.10,3.27,true,1,
2542841,true,"לף בלונד בקבוק 330מ""ל 1/6.",תימקו בירה בעמ,,,"י""ח",330,"ל  מ""ל",false,1,42.60,12.45,true,1,
2542865,true,"הוגרדן בקבוק 330מ""ל 1/6",תימקו בירה בעמ,,,"י""ח",330,"ל  מ""ל",false,1,42.60,12.45,true,1,
2577508,true,פילה הרינג בשמן ובצל  240 ג,נטו מלינדה סחר בעמ,,,"י""ח",240,ל  גרם,false,1,19.10,7.96,false,1,
2579731,true,"נר נשמה שבועי   בזכוכית""שווה""",ח.כהן סוכנות מזון ומשקאות בע,,,"י""ח",1,,false,1,8.50,8.50,false,1,
2603474,true,פיצה שף שגב רוטב פטריות טעם ממהין200ג,נטו מלינדה סחר בעמ,,,"י""ח",200,ל  גרם,false,1,14.40,7.20,true,1,
2603498,true,פיצה שף שגב אנטיפסטי 200ג,נטו מלינדה סחר בעמ,,,"י""ח",200,ל  גרם,false,1,14.40,7.20,true,1,
2603689,true,"מקלות פילו XL תפו""א 450גר",נטו מלינדה סחר בעמ,,,"י""ח",450,ל  גרם,false,1,18.70,4.16,true,1,
2608509,true,לחם מחמצת זיתי קלמטה 530גר,ג נרל מילס ישראל בעמ,,,"י""ח",530,ל  גרם,false,1,14.40,2.72,true,1,
2608516,true,לחם מחמצת טוסקני מקמח מלא 530גר,ג נרל מילס ישראל בעמ,,,"י""ח",530,ל  גרם,false,1,14.40,2.72,true,1,
2657408,true,טונה פוסידון 960גרם,נטו מלינדה סחר בעמ,,,"י""ח",160,ל  גרם,false,1,27.30,17.06,false,1,
2661153,true,"לחם דני קל 1ק""ג",י.את א. ברמן בעמ,,,"י""ח",1,"ק""ג",false,1,14.40,14.40,false,1,
2692768,true,תרסיס שמן קנולה מזוכך ללא תוספת גז 200,סוגת תעשיות בעמ,,,"י""ח",200,"ל  מ""ל",false,1,12.70,6.35,false,1,
2692775,true,"תרסיס שמן קנולה  200מ""ל עץ הזית",סוגת תעשיות בעמ,,,"י""ח",2,ליטר,false,1,12.70,6.35,false,1,
2692782,true,תרסיס טעם זית כתית מעולה ללא תוספת גז1,סוגת תעשיות בעמ,,,"י""ח",200,"ל  מ""ל",false,1,12.70,6.35,false,1,
2706731,true,רצועות פילה נסיכה קפוא 100% דג,נטו מלינדה סחר בעמ,,,"ק""ג",1,"ק""ג",true,1,68.30,68.30,false,1,
2739685,true,נקניקיות מרגז  400גרם מוכן עטרה,נטו מלינדה סחר בעמ,,,"י""ח",400,ל  גרם,false,1,19.60,4.90,false,1,
2739692,true,נקניקיות צ`וריסוס  500גרם מוכן עטרה,נטו מלינדה סחר בעמ,,,"י""ח",500,ל  גרם,false,1,21.30,4.26,false,1,
2750131,true,חלית פילסברי יחידה 80ג,ג נרל מילס ישראל בעמ,,,"י""ח",1,,false,1,2.50,2.50,false,1,
2750178,true,גבטה 180 כפרית,ג נרל מילס ישראל בעמ,,,"י""ח",1,,false,1,3.90,3.90,true,1,
2750840,true,חליות,ג נרל מילס ישראל בעמ,,,"י""ח",100,ל  גרם,false,1,2.50,2.50,false,1,
2750963,true,בגט רוסטיק פילסברי,ג נרל מילס ישראל בעמ,,,"י""ח",1,,false,1,6.80,6.80,true,1,
2757139,true,מלוואח 700 גר`שלושת האופים,נטו מלינדה סחר בעמ,,,"י""ח",700,ל  גרם,false,1,15.30,2.19,true,1,
2757146,true,"קובה למרק חמוסטה 1 ק""ג",נטו מלינדה סחר בעמ,,,"י""ח",1,"ק""ג",false,1,18.70,18.70,false,1,
2757511,true,קציצת דג לבישול 750גר`,נטו מלינדה סחר בעמ,,,"י""ח",750,"ל  מ""ל",false,1,24.70,3.29,true,1,
2757733,true,ג`חנון 650 ג`,נטו מלינדה סחר בעמ,,,"י""ח",650,ל  גרם,false,1,11,1.69,false,1,
2757740,true,"בורקס תפו""א 700 ג` סדרה אדומה",נטו מלינדה סחר בעמ,,,"י""ח",700,ל  גרם,false,1,12.70,1.81,false,1,
2757757,true,מלאווח 700גר`,נטו מלינדה סחר בעמ,,,"י""ח",700,ל  גרם,false,1,11.90,1.70,false,1,
2775317,true,פילה זהבנון,נטו מלינדה סחר בעמ,,,"ק""ג",1,,true,1,19.60,19.60,false,1,
2787501,true,פילה סלמון קפוא 1-1.4.,נטו מלינדה סחר בעמ,,,"ק""ג",1,,true,1,68.30,68.30,false,1,
2814245,true,מגבונים לחים אקונומיקה בדלי 400יח,קומפלקס כימיקלסבעמ ~~~,,,"י""ח",1,,false,1,23,23,false,1,
2814580,true,טורנדו גרגרים לפתיחת סתימות 200גרם,קומפלקס כימיקלסבעמ ~~~,,,"י""ח",200,ל  גרם,false,1,8.50,4.25,false,1,
2814603,true,"מסיר שומנים קר מבושם 750מ""ל",קומפלקס כימיקלסבעמ ~~~,,,"י""ח",0.75,ליטר,false,1,11.90,15.87,false,1,
2814870,true,"מסיר שומנים קר מבושם 750מ""ל",קומפלקס כימיקלסבעמ ~~~,,,"י""ח",0.75,ליטר,false,1,11,14.67,false,1,
2830184,true,פילה לברק 5-7,נטו מלינדה סחר בעמ,,,"ק""ג",200,ל  גרם,true,1,45.20,22.60,false,1,
2862222,true,"פרורי לחם רגילים 1ק""ג",רוז חקלאות בעמ,,,"י""ח",1,"ק""ג",false,1,8.50,8.50,false,1,
2862444,true,"פרורי לחם מוזהבים 1ק""ג הררית",רוז חקלאות בעמ,,,"י""ח",1,"ק""ג",false,1,11,11,false,1,
2871248,true,טובורג רד 500 חוזר,החברה המרכזית להפצת משקאות בעמ,,,"י""ח",500,"ל  מ""ל",false,1,7,1.20,true,1,
2871361,true,קרלסברג  בירה 500 חוזר,החברה המרכזית להפצת משקאות בעמ,,,"י""ח",500,"ל  מ""ל",false,1,7,1.20,false,1,
2920311,true,קממבר צאן משולש שקיל  גד,מחלבות גד,,,"ק""ג",1,,true,1,105,105,false,1,
2922865,true,קבב מובחר טאק טורו בית יוסף,נטו מלינדה סחר בעמ,,,"י""ח",1,,false,1,15.30,15.30,true,1,
2922872,true,המבורגר מובחר טאק טורו בית יוסף 500ג,נטו מלינדה סחר בעמ,,,"י""ח",500,ל  גרם,false,1,15.30,3.06,true,1,
2929130,true,דנאבלו 100% גבינה נטו,נטו מלינדה סחר בעמ,,,"ק""ג",1,,true,1,93.90,93.90,false,1,
2929642,true,טונה מארז 4 יח  }ויליגיר{ 140גר,נטו מלינדה סחר בעמ,,,"י""ח",560,ל  גרם,false,1,17,3.04,true,1,
2954217,true,"אורז יסמין מדליה 1ק""ג",בני ג ורג שוקחה (חיפה) בעמ,,,"י""ח",1,"ק""ג",false,1,8.50,8.50,false,1,
2954460,true,"אורז אוסטרלי עגול 1ק""ג",בני ג ורג שוקחה (חיפה) בעמ,,,"י""ח",1,"ק""ג",false,1,9.30,9.30,false,1,
2954477,true,"אורז אוסטרלי 5 ק""ג",בני ג ורג שוקחה (חיפה) בעמ,,,"י""ח",5,"ק""ג",false,1,42.70,8.54,false,1,
2971191,true,"קמח חיטה לבן  שטיבל  1ק""ג",טחנות קמח שטיבל בש בעמ,,,"י""ח",1,"ק""ג",false,1,3.30,3.30,true,1,
2971955,true,"קמח לבן 650 ללא צורך בניפוי 1ק""ג שטיבל",ח.כהן סוכנות מזון ומשקאות בע,,,"י""ח",1,"ק""ג",false,1,7.60,7.60,false,1,
2971986,true,קמח שיפון ללא צורך  בניפוי,ח.כהן סוכנות מזון ומשקאות בע,,,"י""ח",1,"ק""ג",false,1,7.60,7.60,false,1,
2971993,true,קמח כוסמין מלא ללא צורך  בניפוי,ח.כהן סוכנות מזון ומשקאות בע,,,"י""ח",1,"ק""ג",false,1,12.70,12.70,false,1,
2972006,true,"קמח בהיר 405 ללא צורך בניפוי 1ק""ג שטיב",ח.כהן סוכנות מזון ומשקאות בע,,,"י""ח",1,"ק""ג",false,1,7.60,7.60,false,1,
2972365,true,"קמח תופח ללא צורך בניפוי 1ק""ג",ח.כהן סוכנות מזון ומשקאות בע,,,"י""ח",1,"ק""ג",false,1,7.60,7.60,false,1,
2973812,true,"קמח כוסמין 80% ללא צורך  בניפוי 1ק""ג",ח.כהן סוכנות מזון ומשקאות בע,,,"י""ח",1,"ק""ג",false,1,13.60,13.60,false,1,
2973829,true,"קמח כוסמין לבן ללא צורך  בניפוי 1ק""ג.",ח.כהן סוכנות מזון ומשקאות בע,,,"י""ח",1,"ק""ג",false,1,13.60,13.60,false,1,
2974116,true,קמח כפרי שטיבל ללא צ.בניפוי,ח.כהן סוכנות מזון ומשקאות בע,,,"י""ח",1,"ק""ג",false,1,7.60,7.60,false,1,
2974222,true,קמח עוגיות 4 שטיבל ללא צ.בניפוי,ח.כהן סוכנות מזון ומשקאות בע,,,"י""ח",1,"ק""ג",false,1,6.80,6.80,false,1,
2974239,true,קמח עוגיות 5 שטיבל ללא צ.בניפוי,ח.כהן סוכנות מזון ומשקאות בע,,,"י""ח",1,"ק""ג",false,1,6.80,6.80,false,1,
2974314,true,קמח פיצה שטיבל ללא צ.בניפוי,ח.כהן סוכנות מזון ומשקאות בע,,,"י""ח",1,"ק""ג",false,1,9.30,9.30,false,1,
3013128,true,פתיל משושה,צבע ומכחול (2014) בעמ,,,"י""ח",1,,false,1,5,5,false,1,
3021021,true,אנטריקוטבורגר 880גר,ח.י. מעדני גורמה בעמ,,,"י""ח",1,,false,1,51.20,51.20,true,1,
3021502,true,קבב קצוצות ביתי ארוז 800גר`,ח.י. מעדני גורמה בעמ,,,"י""ח",1,,false,1,48.60,48.60,true,1,
3060290,true,"קמח מלא מעושר בחנקן 1ק""ג",טחנות ישראליות בעמ,,,"י""ח",1,"ק""ג",false,1,6.80,6.80,true,1,
3060306,true,"קמח שיפון מעושר בחנקן 1ק""ג",טחנות ישראליות בעמ,,,"י""ח",1,"ק""ג",false,1,5.60,5.60,true,1,
3060344,true,"קמח לפיצה בשקיות מנופה 1ק""ג",טחנות ישראליות בעמ,,,"י""ח",1,"ק""ג",false,1,7.60,7.60,true,1,
3060351,true,"קמח מלא 80% מנופה1ק""ג",טחנות ישראליות בעמ,,,"י""ח",1,"ק""ג",false,1,5.90,5.90,true,1,
3060443,true,"קמח המנופח קמח דרום 1ק""ג",טחנות ישראליות בעמ,,,"י""ח",1,"ק""ג",false,1,9.30,9.30,true,1,
3069590,true,"סול פילה ארוז 1ק""ג.",נטו מלינדה סחר בעמ,,,"י""ח",1,"ק""ג",false,1,31.50,31.50,false,1,
3069682,true,בצק פילאס 500ג,נטו מלינדה סחר בעמ,,,"י""ח",500,ל  גרם,false,1,18.70,3.74,true,1,
3069705,true,"פיצה אישית גבינה דקה תפזורת בעל""ז",נטו מלינדה סחר בעמ,,,"י""ח",1,"י""ח",false,1,2.50,2.50,true,1,
3072859,true,רוסטביף 120ג  טירת צבי,תנובה בשר,,,"י""ח",120,ל  גרם,false,1,20.40,17,false,1,
3072972,true,קבנוס בתיבול שום 120ג,תנובה בשר,,,"י""ח",120,ל  גרם,false,1,8.50,7.08,false,1,
3103285,true,פטינה שקיל שאראוס .,"שטראוס גרופ ***בע""מ",,,"ק""ג",1,"ק""ג",true,1,21.30,21.30,true,1,
3111034,true,"שיפוד שווארמה עוף מתובל 20ק""ג",בלדי בעמ,,,"ק""ג",1,,true,1,49.50,49.50,false,1,
3122042,true,שניצל הודו מעובד 120ג,בלדי בעמ,,,"ק""ג",1,,true,1,31.50,31.50,false,1,
3122043,true,שניצל הודו מעובד 170ג,בלדי בעמ,,,"ק""ג",1,,true,1,31.50,31.50,false,1,
3122045,true,שניצל הודו מעובד 200ג,בלדי בעמ,,,"ק""ג",1,,true,1,31.50,31.50,false,1,
3140237,true,"סילאן לחיץ 360ג כשל""פ",ליימן שליסל,,,"י""ח",360,ל  גרם,false,1,10.10,2.81,false,1,
3141071,true,פרגיות עוף ארוך בלי עור קפוא ארוז.,בלדי בעמ,,,"ק""ג",1,,true,1,52.90,52.90,false,1,
3141072,true,פרגיות עוף ארוך עם עור קפוא ארוז.,בלדי בעמ,,,"ק""ג",1,,true,1,49.50,49.50,false,1,
3141074,true,"שניצל עוף 120גר קפוא ארוז 10ק""ג",בלדי בעמ,,,"ק""ג",500,ל  גרם,true,1,40.90,8.18,false,1,
3141075,true,"שניצל עוף 150גר קפוא ארוז 10ק""ג",בלדי בעמ,,,"ק""ג",500,ל  גרם,true,1,42.70,8.54,false,1,
3141076,true,"שניצל עוף 170גר קפוא ארוז 10ק""ג",בלדי בעמ,,,"ק""ג",500,ל  גרם,true,1,42.70,8.54,false,1,
3141157,true,שניצל הודו מעובד 150ג,בלדי בעמ,,,"ק""ג",1,,true,1,31.50,31.50,false,1,
3143146,true,"ממרח תמרים קליית גת 450גרם כשל""פ",ליימן שליסל,,,"י""ח",450,ל  גרם,false,1,5.30,1.18,false,1,
3143276,true,יוגטה מרשמלו מגולגל 180ג,ליימן שליסל,,,"י""ח",180,ל  גרם,false,1,7.60,4.22,false,1,
3143337,true,"סילאן קליית גת 360גרם צנצנת  כשל""פ",ליימן שליסל,,,"י""ח",360,ל  גרם,false,1,13.60,3.78,false,1,
3144419,true,סילאן קליית גת 710גר טבעי,ליימן שליסל,,,"י""ח",710,ל  גרם,false,1,18.70,2.63,false,1,
3144679,true,הוטפופ 5(בדלי) שקיות עם מלח,ליימן שליסל,,,"י""ח",500,ל  גרם,false,1,14.40,2.88,true,1,
3157624,true,שניצל עוף פרוס ארוז טמה שווארץ  קפוא~,עוף ירושלים שיווק בעמ,,,"ק""ג",1,"ק""ג",true,1,42.70,42.70,false,1,
3189045,true,הולנדי כפיר-א. חלב נוכרי,גבינות הכפר בעמ,,,"ק""ג",1,,true,1,32.40,32.40,false,1,
3189199,true,צהובה חריפה במשקל-א.חלב נוכרי,גבינות הכפר בעמ,,,"ק""ג",1,,true,1,29,29,false,1,
3189274,true,צהובה מעושן חלב נוכרי במשקל,גבינות הכפר בעמ,,,"ק""ג",1,"י""ח",true,1,34.10,34.10,false,1,
3189380,true,צהובה שום שמיר במשקל חלב נוכרי,גבינות הכפר בעמ,,,"ק""ג",1,,true,1,30.70,30.70,false,1,
3196186,true,דונאטס,****דין שיווק וקליה 2021 בעמ,,,"י""ח",1,,false,1,6.80,6.80,true,1,
3208586,true,מרטיני ביאנקו,מ.אקרמן בעמ,,,"י""ח",750,"ל  מ""ל",false,1,51.20,6.79,true,1,
3272006,true,מקלוני סויה שקיל,****דין שיווק וקליה 2021 בעמ,,,"ק""ג",1,,true,1,68.40,68.40,false,1,
3272273,true,חמוציות ללא סוכר לבן שקיל,****דין שיווק וקליה 2021 בעמ,,,"ק""ג",1,,true,1,59,59,false,1,
3332045,true,קפה נחלה אדום בלי הל 250 ג^,סובחה נחלה ובניו בעמ,,,"י""ח",250,ל  גרם,false,1,11.90,4.76,false,1,
3400500,true,חטיף קרמל עם בוטנים נטרייג`ס 47גר,ליימן שליסל,,,"י""ח",47,ל  גרם,false,1,4.20,8.94,false,1,
3402809,true,חטיף שוקולד לבן ריזס 39גר.,ליימן שליסל,,,"י""ח",39,ל  גרם,false,1,3.30,8.46,false,1,
3423909,true,חטיף שוקולד לבן קוקיז אנד קרים 43,ליימן שליסל,,,"י""ח",43,ל  גרם,false,1,4.20,9.77,false,1,
3444009,true,חטיף שוקולד לבן ריזס 42גר,ליימן שליסל,,,"י""ח",43,ל  גרם,false,1,3.30,7.67,false,1,
3514007,true,שקדי מרק 400 גר`MANA,ש.שסטוביץ בעמ,,,"י""ח",400,ל  גרם,false,1,7.60,1.90,true,1,
3526871,true,פטריות חתוך מארז שלשות,נטו מלינדה סחר בעמ,,,"י""ח",290,ל  גרם,false,1,10.20,3.52,false,1,
3550937,true,רגל פרוסה במגש.,נטו מלינדה סחר בעמ,,,"ק""ג",1,,true,1,34.10,34.10,false,1,
3572267,true,חזה בקר מס 3 מוכשר ברזיל קפוא,בלדי בעמ,,,"ק""ג",1,,true,1,25.60,25.60,false,1,
3578085,true,גבינת מוצרלה %21שומן למעדניות,ג.וילי פוד אינטרנשיונל בעמ,,,"ק""ג",1,,true,1,50.90,50.90,false,1,
3579379,true,מרלוזה פילה ללא עור קפוא,בלדי בעמ,,,"ק""ג",1,,true,1,21.30,21.30,false,1,
3579683,true,צלעות  מס2 מוכשר ברזיל קפוא,בלדי בעמ,,,"ק""ג",1,,true,1,33.30,33.30,true,1,
3579751,true,בשר ראש מוכשר ברזיל,בלדי בעמ,,,"ק""ג",1,,true,1,60.60,60.60,false,1,
3579812,true,מכסה הצלע   מס7 מוכשר ברזיל קפוא,בלדי בעמ,,,"ק""ג",1,,true,1,26.40,26.40,false,1,
3633964,true,בשר ראש קפוא חלק[,נטו מלינדה סחר בעמ,,,"ק""ג",1,,true,1,59.70,59.70,false,1,
3718719,true,לברק פילה 5/7 עדה חרדית קפוא,בלדי בעמ,,,"ק""ג",1,,true,1,40,40,false,1,
3726615,true,טופו ויילר 300גר,"שטראוס גרופ ***בע""מ",,,"י""ח",300,ל  גרם,false,1,10.20,3.40,true,1,
3726684,true,טופו חומוס 300גר טעם טבעי.,"שטראוס גרופ ***בע""מ",,,"י""ח",300,ל  גרם,false,1,11,3.67,true,1,
3794058,true,בצל יבש שבבים   שקיל,ח.כהן סוכנות מזון ומשקאות בע,,,"ק""ג",1,,true,1,33.10,33.10,false,1,
3889471,true,קוקוס    שקיל,ח.כהן סוכנות מזון ומשקאות בע,,,"ק""ג",1,,true,1,29.70,29.70,false,1,
3976263,true,"תרסיס די תיקן 300מ""ל טאצ`.",סאסאטק אגשח בעמ,,,"י""ח",300,"ל  מ""ל",false,1,10.20,3.40,false,1,
3976591,true,"מטהר אוויר  לוטוס  250מ""ל טאץ",סאסאטק אגשח בעמ,,,"י""ח",250,"ל  מ""ל",false,1,11,4.40,false,1,
3976607,true,אקונומיקה סמיכה 4 ל` טאצ`לבנדר.,סאסאטק אגשח בעמ,,,"י""ח",4,ליטר,false,1,11,2.75,true,1,
3976614,true,אקונומיקה סמיכה 4 ל` טאצ`פרחים,סאסאטק אגשח בעמ,,,"י""ח",4,ליטר,false,1,11,2.75,true,1,
3976768,true,"מרסס מסיר כתמים אוקסי פאואר 750מ""ל טאצ",סאסאטק אגשח בעמ,,,"י""ח",750,"ל  מ""ל",false,1,11,1.47,false,1,
3976973,true,מרסס לניקוי כללי בתוספת סודה 1ליטר טאצ,סאסאטק אגשח בעמ,,,"י""ח",1,ליטר,false,1,11,11,false,1,
4011284,true,"בסיס להכנת קצפת 212מ""ל",נטו מלינדה סחר בעמ,,,"י""ח",212,"ל  מ""ל",false,1,8.50,4.01,true,1,
4011338,true,"קצפת 250מ""ל",נטו מלינדה סחר בעמ,,,"י""ח",250,"ל  מ""ל",false,1,8.50,3.40,false,1,
4011345,true,"קצפת  ריצ`פרווה במיכל 250 מ""ל",נטו מלינדה סחר בעמ,,,"י""ח",250,"ל  מ""ל",false,1,12.80,5.12,false,1,
4011352,true,"בסיס להכנת קצפת 212מ""ל מארז 3יח",נטו מלינדה סחר בעמ,,,"י""ח",3,"י""ח",false,1,18.60,6.20,false,1,
4011796,true,קבבונים אל גאוצ`ו 400גר`,נטו מלינדה סחר בעמ,,,"י""ח",400,ל  גרם,false,1,21.10,5.28,true,1,
4011802,true,צ`וריסוס אל גאוצ`ו 400גר`,נטו מלינדה סחר בעמ,,,"י""ח",400,ל  גרם,false,1,21.10,5.28,true,1,
4011819,true,המבורגר ריב אנטריקוט 360גרם,נטו מלינדה סחר בעמ,,,"י""ח",360,ל  גרם,false,1,21.10,5.86,true,1,
4022309,true,MNM פינאטבאטר 80ג,מרס ריגלי ישראל בעמ,,,"י""ח",80,ל  גרם,false,1,6.80,8.50,false,1,
4026776,true,לחם מחמצת אגוזים וצימוקים 530גר,ג נרל מילס ישראל בעמ,,,"י""ח",530,ל  גרם,false,1,14.40,2.72,true,1,
4026851,true,בייגלה רומני,ג נרל מילס ישראל בעמ,,,"י""ח",150,ל  גרם,false,1,3.90,2.60,true,1,
4030216,true,מיץ חמוציות 1 ליטר,תנובה בעמ ***,,,"י""ח",1,ליטר,false,1,13.40,13.40,true,1,
4030445,true,מיץ תפוזים 1 ליטר,תנובה בעמ ***,,,"י""ח",1,ליטר,false,1,12.80,12.80,false,1,
4030612,true,"מיץ קיווי אגס 90% מיץ 1ל ללא""ס",תנובה בעמ ***,,,"י""ח",1,ליטר,false,1,14.20,14.20,true,1,
4030728,true,"מיץ לימון 100%  250 מ""ל מחנה יהודה",פריניב סחר והפצה בעמ,,,"י""ח",250,"ל  מ""ל",false,1,6.80,2.72,true,1,
4030766,true,"מיץ לימון  טבעי 250מ""ל מחנה יהודה",תנובה בעמ ***,,,"י""ח",250,"ל  מ""ל",false,1,7.10,2.72,true,1,
4030810,true,שייק 100% בננה פסיפלורה תפוז ללא תוספת,תנובה בעמ ***,,,"י""ח",1,ליטר,false,1,17.60,17.60,true,1,
4030834,true,מיץ רימונים 1 ליטר,תנובה בעמ ***,,,"י""ח",1,ליטר,false,1,21.80,21.80,false,1,
4043108,true,MNM שוקו   80ג.,מרס ריגלי ישראל בעמ,,,"י""ח",80,ל  גרם,false,1,6.80,8.50,false,1,
4063016,true,"מלח שולחן 1 ק""ג*",סוגת תעשיות בעמ,,,"י""ח",1,"ק""ג",false,1,1.50,1.50,false,1,
4064082,true,מטחנה מלח ים טבעי,סוגת תעשיות בעמ,,,"י""ח",400,ל  גרם,false,1,11,2.75,false,1,
4064099,true,מטחנה מלח מהרי ההימלאיה,סוגת תעשיות בעמ,,,"י""ח",400,ל  גרם,false,1,11,2.75,false,1,
4064105,true,מטחנה מלח עשבי תיבול,סוגת תעשיות בעמ,,,"י""ח",400,ל  גרם,false,1,11,2.75,false,1,
4064174,true,"מלח דק 1 ק""ג צנצנת ההימלאיה",סוגת תעשיות בעמ,,,"י""ח",1,"ק""ג",false,1,15.30,15.30,false,1,
4064181,true,"מלח גס 1 ק""ג צנצנת ההימלאיה",סוגת תעשיות בעמ,,,"י""ח",1,"ק""ג",false,1,15.30,15.30,false,1,
4064228,true,מטחנה מלח אקסטרא תבלינים שום פלפל,סוגת תעשיות בעמ,,,"י""ח",175,ל  גרם,false,1,11.90,6.80,false,1,
4064358,true,"מלח דק זורם בקלות 1ק""ג קרטון",סוגת תעשיות בעמ,,,"י""ח",1,"ק""ג",false,1,4.20,4.20,false,1,
4064365,true,"מלח דק מועשר ביוד 1ק""ג קרטון",סוגת תעשיות בעמ,,,"י""ח",1,"ק""ג",false,1,5,5,false,1,
4064389,true,מלח הימלאיה דק מלחייה 250 גרם,סוגת תעשיות בעמ,,,"י""ח",2.50,"י""ח",false,1,8.50,3.40,false,1,
4068011,true,יוגורט כבשים 600גר,מחלבות גד,,,"י""ח",600,ל  גרם,false,1,14.80,2.47,false,1,
4068035,true,"איירן 500מ""ל",מחלבות גד,,,"י""ח",500,"ל  מ""ל",false,1,6.70,1.34,false,1,
4068172,true,יוגורט עזים דלי 600ג 5%,מחלבות גד,,,"י""ח",600,ל  גרם,false,1,14.70,2.45,false,1,
4128401,true,פטה כבשים פיראוס 20% שקיל,תנובה בעמ ***,,,"ק""ג",1,"ק""ג",true,1,89.70,89.70,false,1,
4135324,true,בולגרית מעודנת,תנובה בעמ ***,,,"ק""ג",1,"ק""ג",true,1,36.80,36.80,false,1,
4136291,true,צפתית מעודנת פיראוס (5%שקיל).,תנובה בעמ ***,,,"ק""ג",1,"ק""ג",true,1,43.60,43.60,false,1,
4136833,true,פיראוס בולגרית 16% שקיל.,תנובה בעמ ***,,,"ק""ג",1,,true,1,49.60,49.60,false,1,
4165017,true,"רסק תפו""ע דל קלוריות 560גר.",זנלכל בעמ,,,"י""ח",560,ל  גרם,false,1,7.60,1.36,false,1,
4194178,true,עוף  מחפוד}קפוא{,עוף ירושלים שיווק בעמ,,,"ק""ג",1,"ק""ג",true,1,20.40,20.40,false,1,
4194185,true,עוף  מחפוד}קפוא{,עוף ירושלים שיווק בעמ,,,"ק""ג",1,"ק""ג",true,1,21.30,21.30,false,1,
4194208,true,כרעיים עוף מחפוד  קפוא~,עוף ירושלים שיווק בעמ,,,"ק""ג",1,"ק""ג",true,1,27.30,27.30,false,1,
4194239,true,חזה עוף ארוז מחפוד  קפוא~,עוף ירושלים שיווק בעמ,,,"ק""ג",1,"ק""ג",true,1,27.30,27.30,false,1,
4194253,true,כנפיים עוף ארוז מחפוד קפוא ~,עוף ירושלים שיווק בעמ,,,"ק""ג",1,"ק""ג",true,1,11.90,11.90,true,1,
4194260,true,שוקיים עוף ארוז מחפוד קפוא,עוף ירושלים שיווק בעמ,,,"ק""ג",1,"ק""ג",true,1,27.30,27.30,false,1,
4194536,true,חזה עוף טרי שלם ארוז   מחפוד**,ח.י. מעדני גורמה בעמ,,,"ק""ג",1,,true,1,29.80,29.80,false,1,
4194604,true,לבבות עוף טרי  מחפוד**,ח.י. מעדני גורמה בעמ,,,"ק""ג",1,,true,1,35.50,35.50,false,1,
4194703,true,כבד עוף צלוי טרי ארוז  מחפוד**,עוף ירושלים שיווק בעמ,,,"ק""ג",1,,true,1,25.60,25.60,false,1,
4220013,true,"טחון בקר 1ק""ג קהילות",נטו מלינדה סחר בעמ,,,"י""ח",1,"ק""ג",false,1,33.80,33.80,false,1,
4225278,true,מסוג דנאבלו  נטו,נטו מלינדה סחר בעמ,,,"ק""ג",1,,true,1,76.10,76.10,false,1,
4225285,true,דנאבלו 100גר נטו,נטו מלינדה סחר בעמ,,,"י""ח",100,ל  גרם,false,1,10.30,10.30,false,1,
4225872,true,"קרם קוקוס 400מ""ל ויליגר",נטו מלינדה סחר בעמ,,,"י""ח",400,"ל  מ""ל",false,1,5.90,1.48,false,1,
4228804,true,עלי בצק למילוי סיגרים 450 ג`,נטו מלינדה סחר בעמ,,,"י""ח",450,ל  גרם,false,1,11.90,2.64,false,1,
4230081,true,קציצות עוף ברוטב עגבניות שגב 800גר,נטו מלינדה סחר בעמ,,,"י""ח",800,ל  גרם,false,1,28.20,3.53,true,1,
4230104,true,קציצות בקר ברוטב עגבניות  שגב 800גר,נטו מלינדה סחר בעמ,,,"י""ח",800,ל  גרם,false,1,25.30,3.16,true,1,
4230333,true,"מקלות בורקס פילו תפו""א",נטו מלינדה סחר בעמ,,,"י""ח",700,ל  גרם,false,1,18.70,2.67,true,1,
4230357,true,מקלות בורקס פילו גבינה ובטטה,נטו מלינדה סחר בעמ,,,"י""ח",700,ל  גרם,false,1,18.70,2.67,true,1,
4256180,true,גבינה גאודה נטו.,נטו מלינדה סחר בעמ,,,"ק""ג",1,"ק""ג",true,1,76.80,76.80,false,1,
4256197,true,גבינת עיזים הולנד נטו,נטו מלינדה סחר בעמ,,,"ק""ג",1,"ק""ג",true,1,89.70,89.70,false,1,
4257118,true,מילנסה דק דק 250ג עטרה,נטו מלינדה סחר בעמ,,,"י""ח",250,ל  גרם,false,1,29.80,11.92,false,1,
4263393,true,קישקע ירושלמי עטרה,נטו מלינדה סחר בעמ,,,"י""ח",1,,false,1,10.90,10.90,false,1,
4263553,true,חזה בשר מס  3עטרה ל.מעובד,נטו מלינדה סחר בעמ,,,"ק""ג",1,"ק""ג",true,1,33.80,33.80,false,1,
4263621,true,כתף בקר לא מעובד עטרה מס 4.,נטו מלינדה סחר בעמ,,,"ק""ג",1,"ק""ג",true,1,42.70,42.70,false,1,
4263867,true,בשר מס  }6עטרה,נטו מלינדה סחר בעמ,,,"ק""ג",1,"ק""ג",true,1,59.20,59.20,false,1,
4267216,true,עוגיות ממולאות ריבה 200  ג`ברמן,ח.כהן סוכנות מזון ומשקאות בע,,,"י""ח",200,ל  גרם,false,1,5,2.50,false,1,
4329686,true,"שיפוד שווארמה עוף מתובל 10ק""ג",בלדי בעמ,,,"ק""ג",1,,true,1,49.50,49.50,false,1,
4603175,true,מלח ים האדום גס 500ג,סוגת תעשיות בעמ,,,"י""ח",500,ל  גרם,false,1,7.60,1.52,false,1,
4652890,true,אמנטל כבשים שקיל,נטו מלינדה סחר בעמ,,,"ק""ג",1,,true,1,102.50,102.50,false,1,
4685010,true,לחם קל 100%,י.את א. ברמן בעמ,,,"י""ח",750,ל  גרם,false,1,13.60,1.81,false,1,
4685089,true,לחם חמניות 750 גר`ברמן,י.את א. ברמן בעמ,,,"י""ח",750,ל  גרם,false,1,13.60,1.81,false,1,
4685447,true,לחמניות כוסמין 6 בשקית,י.את א. ברמן בעמ,,,"י""ח",450,ל  גרם,false,1,12.40,2.76,false,1,
4725600,true,גבינה סקנדינבית שקיל.,תנובה בעמ ***,,,"ק""ג",10,"ק""ג",true,1,64.10,6.41,false,1,
4731564,true,מבשם ומרכך למייבש כביסה כחול,החב הדרומית לשיווק,,,"י""ח",750,"ל  מ""ל",false,1,15.30,2.04,true,1,
4861025,true,בולגרית מסורתית שקיל 5% המושבה,מחלבות המושבה בעמ,,,"ק""ג",10,"ק""ג",true,1,42.70,4.27,false,1,
4861056,true,צפתית טבעי המושבה שקילה 5%.,מחלבות המושבה בעמ,,,"ק""ג",1000,ל  גרם,true,1,41.90,4.19,false,1,
4861063,true,קש בשקילה 5% המושבה,מחלבות המושבה בעמ,,,"ק""ג",1,,true,1,33.80,33.80,false,1,
4861278,true,גבינת שמנת טבעי/שום שמיר 30%  המושבה,מחלבות המושבה בעמ,,,"ק""ג",1,,true,1,34.10,34.10,false,1,
4861360,true,צפתית קצח  המושבה שקיל,מחלבות המושבה בעמ,,,"ק""ג",100,ל  גרם,true,1,44.90,44.90,false,1,
4982393,true,ברס בלו-א.חלב נוכרי,א. סיימן סחר בעמ,,,"ק""ג",1,"ק""ג",true,1,153.90,153.90,true,1,
5079320,true,בולגרית 24%,*החברה המרכזית להפצת משקאותבעמ,,,"ק""ג",1,,true,1,46.90,46.90,false,1,
5095641,true,חיטה תפוחה  מתוקה(שלוה),ציון תורגמן בעמ,,,"י""ח",1,"י""ח",false,1,7.60,7.60,false,1,
5095658,true,תפוחוני תירס מתוקים,ציון תורגמן בעמ,,,"י""ח",1,"י""ח",false,1,7.60,7.60,false,1,
5095719,true,חיטה תפוחה  טבעית(שלוה),ציון תורגמן בעמ,,,"י""ח",1,"י""ח",false,1,7.60,7.60,false,1,
5100079,true,לחמניה אצבע שומשום לבנה,ג נרל מילס ישראל בעמ,,,"י""ח",75,ל  גרם,false,1,2.50,3.33,false,1,
5100092,true,בייגל כפרי,ג נרל מילס ישראל בעמ,,,"י""ח",1,,false,1,3.70,3.70,true,1,
5103048,true,סופגניה מצופה,ג נרל מילס ישראל בעמ,,,"י""ח",1,,false,1,5,5,true,1,
5103369,true,קוקיס חלבי,ג נרל מילס ישראל בעמ,,,"ק""ג",1,,true,1,38.50,38.50,false,1,
5113222,true,מיקס זיתים 2 A יבנה,קבוצת יבנה מוצרי מזון בעמ,,,"י""ח",1,,false,1,8.40,8.40,false,1,
5326523,true,אוליביה פסטו פטרוזיליה ונענע 180גר,תה ויסוצקי (ישראל)בעמ,,,"י""ח",180,ל  גרם,false,1,11.90,6.61,true,1,
5358753,true,לשון חלק,נטו מלינדה סחר בעמ,,,"ק""ג",1,,true,1,29.80,29.80,false,1,
5358883,true,שריר בשר  מס `8   חלק.,נטו מלינדה סחר בעמ,,,"ק""ג",1,,true,1,28.10,28.10,false,1,
5384295,true,גבינת גאודה חצי קשה שקיל,ג.וילי פוד אינטרנשיונל בעמ,,,"ק""ג",1,,true,1,25.60,25.60,false,1,
5425110,true,תרסיס חיטוי משטחים 99.9% סנו,החב הדרומית לשיווק,,,"י""ח",750,"ל  מ""ל",false,1,12.70,1.69,false,1,
5425127,true,תרסיס חיטוי ניקוי יסודי  99.9% סנו,החב הדרומית לשיווק,,,"י""ח",750,"ל  מ""ל",false,1,12.70,1.69,false,1,
5431883,true,מלבי חלבי 165ג. תנובה,תנובה בעמ ***,,,"י""ח",165,"ל  מ""ל",false,1,5.90,3.58,false,1,
5431913,true,עוגת גבינה פירורים 92ג(. תנובה),תנובה בעמ ***,,,"י""ח",92,"ל  מ""ל",false,1,5.90,6.41,false,1,
5431968,true,מלבי שמנת 150ג,תנובה בעמ ***,,,"י""ח",150,"ל  מ""ל",false,1,5.90,3.93,false,1,
5500978,true,מסיר לק ריחני,פנינה רוזנבלום בעמ,,,"י""ח",295,"ל  מ""ל",false,1,8.50,2.88,false,1,
5559907,true,פיצה משפחתית גבינה 500 ג מעדנות,תנובה בשר,,,"י""ח",500,ל  גרם,false,1,17,3.40,true,1,
5559990,true,בצק פילאס טורקי,תנובה בשר,,,"י""ח",600,ל  גרם,false,1,19.60,3.27,false,1,
5678318,true,ענב טלי בוטיק אוטם קריספי,ביכורי השדה צפון 1994 ג.ד. בעמ,,,"ק""ג",1,,true,1,22.90,22.90,false,1,
5678585,true,ענב סקרלוטה אדום מארז,ביכורי השדה צפון 1994 ג.ד. בעמ,,,"ק""ג",1,,true,1,18.90,18.90,false,1,
5678608,true,ענבים אדומים טלי,ביכורי השדה צפון 1994 ג.ד. בעמ,,,"ק""ג",1,,true,1,18.90,18.90,false,1,
5678806,true,ענב אדום ארוז.,ביכורי השדה צפון 1994 ג.ד. בעמ,,,"ק""ג",1,,true,1,22.90,22.90,false,1,
5733109,true,מכונית שלט,צעצועי דורון ~~~,,,"י""ח",1,,false,1,67.50,67.50,false,1,
5892889,true,גבינת שמנת 30% גד,מחלבות גד,,,"ק""ג",1,,true,1,29,29,false,1,
5896439,true,"מכבי בקבוק}חוזר   {500מ""ל",טמפו משקאות בעמ,,,"י""ח",500,"ל  מ""ל",false,1,5.60,0.92,false,1,
5938603,true,טפנד זיתים שחורים 220גר`,נטו מלינדה סחר בעמ,,,"י""ח",220,ל  גרם,false,1,15.70,7.14,false,1,
5938610,true,טפנד זיתים ירוקים 220גר`,נטו מלינדה סחר בעמ,,,"י""ח",220,ל  גרם,false,1,15.40,7,false,1,
5938627,true,ממרח עגבניות מיובשות 220גר`,נטו מלינדה סחר בעמ,,,"י""ח",220,ל  גרם,false,1,15.40,7,false,1,
5966033,true,"יין הר חרמון לבן 750 מ""ל",היכל היין שקד גולן בעמ,,,"י""ח",750,"ל  מ""ל",false,1,30.70,4.05,true,1,
5966088,true,"~יין הר חרמון אדום 750 מ""ל.",היכל היין שקד גולן בעמ,,,"י""ח",750,"ל  מ""ל",false,1,34.90,4.61,true,1,
5992872,true,צפתית 5% במים}גד {.,מחלבות גד,,,"ק""ג",1,,true,1,49.50,49.50,false,1,
5992909,true,גבינת שמנת  %30ירקות.,מחלבות גד,,,"ק""ג",1,,true,1,37.50,37.50,false,1,
5992926,true,גבינה שמיר 5%,מחלבות גד,,,"ק""ג",1,,true,1,24.70,24.70,false,1,
6065032,true,נגיסי אלסקה פולוק בציפוי טמפורה,***אדום גרופ למזון שיווק***,,,"י""ח",1,,false,1,17,17,false,1,
6214942,true,בוטנים מיקס  שקיל,****דין שיווק וקליה 2021 בעמ,,,"ק""ג",1,,true,1,25.60,25.60,false,1,
6271174,true,ג חנון  בצק}מעדנות 700 ג,תנובה בשר,,,"י""ח",700,ל  גרם,false,1,16.20,2.31,false,1,
6306296,true,רביולי גבינה לילדים 400ג,מחלבות גד,,,"י""ח",400,ל  גרם,false,1,17,4.25,false,1,
6421511,true,"פריגת לימונענע  280מ""ל  קפוא",*החברה המרכזית להפצת משקאותבעמ,,,"י""ח",280,ל  גרם,false,1,9.30,3.32,false,1,
6439444,true,"אורז בסגנון בסמטי ""גולד מוזהב   ""1ק""ג",בני ג ורג שוקחה (חיפה) בעמ,,,"י""ח",1,"ק""ג",false,1,8.50,8.50,false,1,
6459961,true,אובלט קימל תמר 282 גרם,ציון תורגמן בעמ,,,"י""ח",282,ל  גרם,false,1,8.50,3.01,false,1,
6459978,true,אובלט שומשום 282 גרם,ציון תורגמן בעמ,,,"י""ח",282,ל  גרם,false,1,8.50,3.01,false,1,
6496072,true,"סירופ מלבי 750מ""ל",ציון תורגמן בעמ,,,"י""ח",750,"ל  מ""ל",false,1,17,2.27,false,1,
6511904,true,כדורי גבינת אדם למעדניה,ג.וילי פוד אינטרנשיונל בעמ,,,"ק""ג",1,"ק""ג",true,1,56.30,56.30,false,1,
6578266,true,הנרי וויליך גבינת פיור גולד,א. סיימן סחר בעמ,,,"ק""ג",1,,true,1,141,141,false,1,
6632111,true,ביצי דג קפוא ארוז,דגי מהדרין בעמ,,,"י""ח",250,ל  גרם,false,1,23,9.20,true,1,
6681003,true,קרמיסימו 1.33 ל  סורבט,גלידות שטראוס בעמ,,,"י""ח",1,,false,1,16.20,16.20,false,1,
6738615,true,קבב זהב 400גר`,זוגלובק שיווק בעמ,,,"י""ח",400,ל  גרם,false,1,18.70,4.68,true,1,
6739124,true,בצק פילאס 500גר זוגלובק,זוגלובק שיווק בעמ,,,"י""ח",500,ל  גרם,false,1,15.30,3.06,true,1,
6739292,true,פסטרמה תבור 330 ג,זוגלובק שיווק בעמ,,,"י""ח",330,ל  גרם,false,1,23,6.97,false,1,
6739407,true,שניצל תירס לייט 600גר`,זוגלובק שיווק בעמ,,,"י""ח",600,ל  גרם,false,1,22.10,3.68,true,1,
6739421,true,מעושן איטלקי 300גר`,זוגלובק שיווק בעמ,,,"י""ח",300,ל  גרם,false,1,23,7.67,false,1,
6739445,true,שניצל תירס קלאסי  750גר`,זוגלובק שיווק בעמ,,,"י""ח",750,ל  גרם,false,1,25.30,3.37,true,1,
6742278,true,פסטרממיה צלויה על לבנים 330גר`,זוגלובק שיווק בעמ,,,"י""ח",330,ל  גרם,false,1,23,6.97,false,1,
6742292,true,פסטרממיה בדבש 330גר`,זוגלובק שיווק בעמ,,,"י""ח",330,ל  גרם,false,1,23,6.97,false,1,
6742315,true,חזה הודו ברביקיו 330גר`,זוגלובק שיווק בעמ,,,"י""ח",330,ל  גרם,false,1,23,6.97,false,1,
6764058,true,"בירה נשר לבנה 500  מ""ל}חוזר{",טמפו משקאות בעמ,,,"י""ח",500,"ל  מ""ל",false,1,5.20,0.84,false,1,
6764065,true,נשר מאלט }500 חוזר{,טמפו משקאות בעמ,,,"י""ח",500,"ל  מ""ל",false,1,4.30,0.66,true,1,
6764072,true,"גולדסטאר 500  מ""ל}חוזר{",טמפו משקאות בעמ,,,"י""ח",500,"ל  מ""ל",false,1,6.60,1.12,false,1,
6764157,true,"בירה גולדסטאר לא מסונן חוזר 500מ""ל",טמפו משקאות בעמ,,,"י""ח",500,"ל  מ""ל",false,1,6.70,1.14,false,1,
6764485,true,נשר מאלט 330 שישיה,טמפו משקאות בעמ,,,"י""ח",1.98,ליטר,false,1,25.50,12.12,false,1,
6765871,true,שקד טבעי  שקיל,****דין שיווק וקליה 2021 בעמ,,,"ק""ג",1,,true,1,67.50,67.50,false,1,
6775801,true,רוגלך 400גרם,אחדות בעמ,,,"י""ח",400,ל  גרם,false,1,11.90,2.98,false,1,
6804051,true,בורקס גבינה פילסברי,ג נרל מילס ישראל בעמ,,,"ק""ג",1,,true,1,38.40,38.40,true,1,
6804068,true,"בורקס תפו""א פילסברי",ג נרל מילס ישראל בעמ,,,"ק""ג",1,,true,1,38.40,38.40,true,1,
6804082,true,קרואסון ביס שוקולד שקילה,ג נרל מילס ישראל בעמ,,,"ק""ג",1,,true,1,38.40,38.40,true,1,
6804136,true,קרואסון  פילסברי,ג נרל מילס ישראל בעמ,,,"ק""ג",1,,true,1,38.40,38.40,true,1,
6805362,true,חצי בגט מאפית אפיה מקומית.,ג נרל מילס ישראל בעמ,,,"י""ח",1,,false,1,2.80,2.80,true,1,
6822192,true,אושן ספריי דיאט חמוציות 1ליטר,החברה המרכזית להפצת משקאות בעמ,,,"י""ח",1000,"ל  מ""ל",false,1,9.50,0.92,false,1,
6941466,true,שמן קנולה 1 ליטר שווה,ח.כהן סוכנויות מזון ומשקאות***,,,"י""ח",1,ליטר,false,1,8.50,8.50,false,1,
8000796,true,סופרמן משחת שיניים לילדים,גורי ע.ע.ע. בעמ,,,"י""ח",1,,false,1,9.30,9.30,false,1,
8101356,true,קריספי פאנקו זהוב 300גר,א.ל.יצור ושיווקתבלינים בעמ,,,"י""ח",300,ל  גרם,false,1,8.50,2.83,true,1,
8102469,true,קריספי פירורי לחם זהוב 800גר,א.ל.יצור ושיווקתבלינים בעמ,,,"י""ח",800,ל  גרם,false,1,11.90,1.49,false,1,
8104050,true,לקטופיל פמינה 220,גורי ע.ע.ע. בעמ,,,"י""ח",220,"ל  מ""ל",false,1,18.70,8.50,false,1,
8175760,true,גבינת מנצ`יגו(חלב  כבשים)למעדניה,ג.וילי פוד אינטרנשיונל בעמ,,,"ק""ג",1,"ק""ג",true,1,83.90,83.90,true,1,
8175777,true,גבינת איבריקו למעדניה,ג.וילי פוד אינטרנשיונל בעמ,,,"ק""ג",1,"ק""ג",true,1,80.30,80.30,true,1,
8175814,true,"פטריות חתוך 400 גרם 8""",ג.וילי פוד אינטרנשיונל בעמ,,,"י""ח",400,ל  גרם,false,1,4.60,1.15,false,1,
8175906,true,גבינה  עיזים שקיל,ג.וילי פוד אינטרנשיונל בעמ,,,"ק""ג",1,"ק""ג",true,1,85.50,85.50,false,1,
8203937,true,מקל בודד למגב/מטאטא,לפ אינטרהום 2000 בעמ,,,"י""ח",1,,false,1,5.10,5.10,false,1,
8211145,true,גבינה גאודה נטו.,א. סיימן סחר בעמ,,,"ק""ג",4.50,"ק""ג",true,1,84.60,18.80,true,1,
8336796,true,בשר ראש קפוא,נטו מלינדה סחר בעמ,,,"ק""ג",1,,true,1,68.30,68.30,false,1,
8347730,true,סלמון הילטון מצונן,נטו מלינדה סחר בעמ,,,"ק""ג",1,,true,1,175.20,175.20,false,1,
8350983,true,סטייק עין לתנור קפוא.,נטו מלינדה סחר בעמ,,,"ק""ג",800,ל  גרם,true,1,51.20,6.40,false,1,
8403238,true,ברי איסיני שקיל. רבנות נטו,א. סיימן סחר בעמ,,,"ק""ג",250,ל  גרם,true,1,110.30,44.12,false,1,
8403900,true,גאודה עגבניות וזיתים  שקיל,א. סיימן סחר בעמ,,,"ק""ג",1,,true,1,101.70,101.70,true,1,
8409049,true,מיני מיני שניצלונים בציפוי שומשום,תנובה בשר,,,"י""ח",1,,false,1,19.60,19.60,false,1,
8461047,true,גבינה ברי לרוסטיק,א. סיימן סחר בעמ,,,"ק""ג",1,,true,1,128.20,128.20,true,1,
8464024,true,"גולדסטאר פחית 500 מ""ל לט מסונן",טמפו משקאות בעמ,,,"י""ח",500,"ל  מ""ל",false,1,7.70,1.48,false,1,
8464130,true,גולדסטאר UF שישייה לא מסונן,טמפו משקאות בעמ,,,"י""ח",1.98,ליטר,false,1,31.30,15.05,true,1,
8464208,true,"מכבי  7.9% 330מ""ל בקבוק",טמפו משקאות בעמ,,,"י""ח",1.98,ליטר,false,1,6.20,2.98,false,1,
8464222,true,"מכבי  7.9% 500מ""ל פחית",טמפו משקאות בעמ,,,"י""ח",0.50,ליטר,false,1,6.90,13.20,false,1,
8464697,true,"מכבי שישייה 7.9% 330מ""ל בקבוק",טמפו משקאות בעמ,,,"י""ח",1.98,ליטר,false,1,30.70,14.75,true,1,
8464703,true,"מכבי שישייה 330מ""ל בקבוק",טמפו משקאות בעמ,,,"י""ח",1.98,ליטר,false,1,30.50,14.65,true,1,
8464741,true,גולדסטאר  330 מייל שישייה.,טמפו משקאות בעמ,,,"י""ח",1980,"ל  מ""ל",false,1,28.90,1.38,true,1,
8464796,true,היינקן   שישיה}בקבוק 330 מייל,טמפו משקאות בעמ,,,"י""ח",1.98,ליטר,false,1,33.20,16.01,true,1,
8470759,true,אורביט סטיקס ספירמינט שמינייה,מרס ריגלי ישראל בעמ,,,"י""ח",8,"י""ח",false,1,12.70,1.59,false,1,
8493710,true,פירורי גריסיני זהב 200ג,דנשר (1963) בעמ,,,"י""ח",200,ל  גרם,false,1,5.90,2.95,false,1,
8496742,true,אצבעות אמנון בציפוי פירורי לחם ושומשום,***אדום גרופ למזון שיווק***,,,"י""ח",1,,false,1,17,17,false,1,
8500975,true,רוגלעך פילסברי,ג נרל מילס ישראל בעמ,,,"ק""ג",1,,true,1,38.40,38.40,false,1,
8670210,true,"יין רקנאטי שיראז 750מ""ל",היכל היין שקד גולן בעמ,,,"י""ח",750,"ל  מ""ל",false,1,47,6.23,true,1,
8739016,true,נר אוירה,מוסקו בעמ,,,"י""ח",1,,false,1,17,17,false,1,
8739955,true,רחנים,מוסקו בעמ,,,"י""ח",1,,false,1,10.20,10.20,false,1,
8747547,true,"תפוצ יפס קראנץ טבעי 200ג כשל""פ","שטראוס פריטו ליי בע""מ",,,"י""ח",200,ל  גרם,false,1,9.20,4.60,true,1,
8792264,true,מפיות  טאצ `100יח`צבעוני,שניב תעשיות נייר בעמ,,,"י""ח",100,"י""ח",false,1,4.20,0.04,true,1,
8801522,true,K.D קונקורד,אגודת הכורמים,,,"י""ח",750,"ל  מ""ל",false,1,18.80,2.47,true,1,
8801539,true,K.D כרמל 120.,אגודת הכורמים,,,"י""ח",750,"ל  מ""ל",false,1,18.80,2.47,true,1,
8801546,true,K.D מוסקט כרמל 0.75 ל,אגודת הכורמים,,,"י""ח",750,"ל  מ""ל",false,1,18.80,2.47,true,1,
8801850,true,סלקטד ריזלינג 0.75 ל,אגודת הכורמים,,,"י""ח",750,"ל  מ""ל",false,1,25.60,3.37,true,1,
8802512,true,VINO אדום כרמל 750,אגודת הכורמים,,,"י""ח",750,"ל  מ""ל",false,1,18,2.36,true,1,
8802895,true,PC קברנה סובניון 0.75 ל,אגודת הכורמים,,,"י""ח",750,"ל  מ""ל",false,1,34.20,4.52,true,1,
8803014,true,"כרמל הוק 750 מ""ל",אגודת הכורמים,,,"י""ח",750,"ל  מ""ל",false,1,18.60,2.44,true,1,
8803021,true,יין אדום עתיק 750,אגודת הכורמים,,,"י""ח",750,"ל  מ""ל",false,1,19.50,2.56,true,1,
8805049,true,סלקטד רוזה  0.75 ל,אגודת הכורמים,,,"י""ח",750,"ל  מ""ל",false,1,25.60,3.37,true,1,
8805520,true,סלקטד קברנה מרלו  0.75 ל,אגודת הכורמים,,,"י""ח",750,"ל  מ""ל",false,1,25.60,3.37,true,1,
8830676,true,תערובת  מן הטבע,****דין שיווק וקליה 2021 בעמ,,,"י""ח",300,ל  גרם,false,1,4.30,1.43,false,1,
8830690,true,למובחרים מן הטבע 300ג,****דין שיווק וקליה 2021 בעמ,,,"י""ח",300,ל  גרם,false,1,8.60,2.87,false,1,
8836401,true,יין ישן נושן 1 ליטר,יקבי טפרברג 1870 בעמ,,,"י""ח",1,ליטר,false,1,18.80,18.80,false,1,
8836425,true,יין אפרת קל,יקבי טפרברג 1870 בעמ,,,"י""ח",1,ליטר,false,1,17.10,17.10,false,1,
8899055,true,אוזניים מתוקות שקיל,ג נרל מילס ישראל בעמ,,,"ק""ג",1,,true,1,33.30,33.30,false,1,
8899321,true,חלה רגילה קלועה (אפיה מקומית).,ג נרל מילס ישראל בעמ,,,"י""ח",570,ל  גרם,false,1,9.30,1.63,true,1,
8899345,true,שמינייה כפרית קלועה פילסבר..,ג נרל מילס ישראל בעמ,,,"י""ח",1,,false,1,3.30,3.30,true,1,
8899437,true,בייגל שונים פילסברי,ג נרל מילס ישראל בעמ,,,"י""ח",100,ל  גרם,false,1,3.90,3.90,false,1,
8899505,true,בגט ארוך לבן (אפיה מקומית),ג נרל מילס ישראל בעמ,,,"י""ח",250,ל  גרם,false,1,3.90,1.56,true,1,
8899512,true,בגט כפרי (אפיה מקומית),ג נרל מילס ישראל בעמ,,,"י""ח",1,,false,1,3.90,3.90,true,1,
8899673,true,חמישיה לחמניות המבורגר(אפיה  מקומית),ג נרל מילס ישראל בעמ,,,"י""ח",1,,false,1,14.10,14.10,false,1,
8989091,true,פריכיות אורז שלישיה B D,בטר אנד דיפרנט בעמ,,,"י""ח",310,ל  גרם,false,1,11.70,3.77,false,1,
8989848,true,חמאת בוטנים קרנצ`י,בטר אנד דיפרנט בעמ,,,"י""ח",1,,false,1,11.90,11.90,false,1,
9068955,true,חמניה קלופה שקיל,****דין שיווק וקליה 2021 בעמ,,,"ק""ג",1,,true,1,38.50,38.50,false,1,
9069174,true,שקד מסוכר שקיל,****דין שיווק וקליה 2021 בעמ,,,"ק""ג",1,,true,1,76.90,76.90,false,1,
9069518,true,גינגר מסוכר שקיל,****דין שיווק וקליה 2021 בעמ,,,"ק""ג",1,,true,1,42.70,42.70,false,1,
9069990,true,תערובת הבית  שקיל,****דין שיווק וקליה 2021 בעמ,,,"ק""ג",1,,true,1,85.50,85.50,false,1,
9077490,true,זית מרוקאי  שקיל,****דין שיווק וקליה 2021 בעמ,,,"ק""ג",1,,true,1,37.60,37.60,false,1,
9077575,true,זיתים  שקיל,****דין שיווק וקליה 2021 בעמ,,,"ק""ג",1,,true,1,37.60,37.60,false,1,
9077650,true,זית יווני שקיל,****דין שיווק וקליה 2021 בעמ,,,"ק""ג",1,,true,1,50.40,50.40,false,1,
9077667,true,מלפפון/ירקות  שקיל,****דין שיווק וקליה 2021 בעמ,,,"ק""ג",1,,true,1,25.60,25.60,false,1,
9077704,true,זית שבור שקיל,****דין שיווק וקליה 2021 בעמ,,,"ק""ג",1,,true,1,50.40,50.40,false,1,
9169272,true,פקדון,שונות /שרות,,,"י""ח",1,,false,1,0.30,0.30,false,1,
9770027,true,פיסטוק קלוי  שקיל,****דין שיווק וקליה 2021 בעמ,,,"ק""ג",1,,true,1,82.90,82.90,false,1,
9951387,true,לוקום ממולא   שקיל,****דין שיווק וקליה 2021 בעמ,,,"ק""ג",1,,true,1,72.70,72.70,false,1,
9951394,true,חלבה שקיל כשר חלבי א.חלב נוכרי,****דין שיווק וקליה 2021 בעמ,,,"ק""ג",1,,true,1,37.60,37.60,false,1,
9951400,true,סוכריות גומי שקיל כשר חלבי א.חלב נוכרי,****דין שיווק וקליה 2021 בעמ,,,"ק""ג",1,,true,1,30.80,30.80,false,1,
9951417,true,לקריץ שקיל  כשר פרווה למהדרין,****דין שיווק וקליה 2021 בעמ,,,"ק""ג",1,,true,1,50.40,50.40,false,1,
9951424,true,פרלינים  שקיל כשר חלבי א.חלב נוכרי,****דין שיווק וקליה 2021 בעמ,,,"ק""ג",1,,true,1,76.10,76.10,false,1,
9951431,true,פירות אקזוטיים   שקיל,****דין שיווק וקליה 2021 בעמ,,,"ק""ג",1,,true,1,76.90,76.90,false,1,
9951448,true,תבלינים     שקיל,****דין שיווק וקליה 2021 בעמ,,,"ק""ג",1,,true,1,59.80,59.80,false,1,
9951455,true,.תבלינים     שקיל,****דין שיווק וקליה 2021 בעמ,,,"ק""ג",1,,true,1,63.30,63.30,false,1,
9951462,true,תערובת תבלינים שקיל,****דין שיווק וקליה 2021 בעמ,,,"ק""ג",1,,true,1,76.10,76.10,false,1,
9951479,true,תבלינים שקיל,****דין שיווק וקליה 2021 בעמ,,,"ק""ג",1,,true,1,135.90,135.90,false,1,
9951561,true,סוכריות קשות  שקיל כשר חלבי א.חלב נוכר,****דין שיווק וקליה 2021 בעמ,,,"ק""ג",1,,true,1,34.20,34.20,false,1,
13580160,true,אסאדו מס9 מוכשר ברזיל קפוא,בלדי בעמ,,,"ק""ג",1,"ק""ג",true,1,42.70,42.70,false,1,
17724294,true,גרנולה ציפס חמוציות  ללא סוכר 200ג,הלל בן הלל שיווק ומסחר בעמ,,,"י""ח",200,ל  גרם,false,1,20.40,10.20,false,1,
40111216,true,באונטי חטיף שוקולד 57גר,מרס ריגלי ישראל בעמ,,,"י""ח",57,ל  גרם,false,1,3.90,6.84,true,1,
41001356,true,"בירה בק`ס 500מ""ל פחית",הכרם משקאות חריפים בעמ,,,"י""ח",500,"ל  מ""ל",false,1,9.40,1.82,true,1,
42101666,true,איירוויבז HP מנטה ואקליפטוס,מרס ריגלי ישראל בעמ,,,"י""ח",30,ל  גרם,false,1,5,16.67,false,1,
42138105,true,וינסטון  סלימס,גלוברנדס בעמ,,,"י""ח",1,,false,1,27.80,27.80,false,1,
42138129,true,ווינסטון סלים ירוק,גלוברנדס בעמ,,,"י""ח",1,,false,1,27.80,27.80,false,1,
42299363,true,רול און  לגבר,אלפא ב.ד.ף בעמ,,,"י""ח",50,"ל  מ""ל",false,1,11.90,23.80,true,1,
52070082,true,פאל מל סלים בודד,גלוברנדס בעמ,,,"י""ח",1,,false,1,25.20,25.20,false,1,
54051157,true,אלפרו מעדן סויה שוקו 500 ג`,"שטראוס גרופ בע""מ",,,"י""ח",500,ל  גרם,false,1,16.20,3.24,true,1,
59068907,true,פאל מאל כחול דמי סמילס,גלוברנדס בעמ,,,"י""ח",1,,false,1,21.40,21.40,false,1,
59068914,true,פאל מאל סילבר דמי סמילס,גלוברנדס בעמ,,,"י""ח",1,,false,1,21.40,21.40,false,1,
59085645,true,"דאב דאו רול און אסאי 50מ""ל",יוניליוור ישראל שיווק בעמ,,,"י""ח",1,,false,1,17,17,true,1,
72940754,true,"מילקי וניל רובין כשל""פ 135גר","שטראוס גרופ ***בע""מ",,,"י""ח",130,"ל  מ""ל",false,1,2.50,1.92,true,1,
72940761,true,"מילקי   שוקו}שטראוס{רובין כשל""פ","שטראוס גרופ ***בע""מ",,,"י""ח",130,"ל  מ""ל",false,1,2.50,1.92,true,1,
72940952,true,מילקי פי2 קצפת 111גר,"שטראוס גרופ ***בע""מ",,,"י""ח",111,ל  גרם,false,1,3.10,2.79,true,1,
72940983,true,חומוס אחלה 250 גר.,"שטראוס גרופ ***בע""מ",,,"י""ח",250,ל  גרם,false,1,5.90,2.36,true,1,
72941041,true,מיני מילקי שוקו,"שטראוס גרופ ***בע""מ",,,"י""ח",130,"ל  מ""ל",false,1,1.70,1.31,true,1,
72945308,true,שמרים קוביות 50,"שטראוס גרופ ***בע""מ",,,"י""ח",50,ל  גרם,false,1,3.10,6.20,true,1,
72961506,true,"פרילי תות 125 מ""ל",תנובה בעמ ***,,,"י""ח",125,"ל  מ""ל",false,1,3,2.40,false,1,
72961544,true,באדי תות,תנובה בעמ ***,,,"י""ח",125,"ל  מ""ל",false,1,2.60,2.08,false,1,
72983997,true,גולף ארוך חדש,דובק בעמ,,,"י""ח",1,,false,1,26.10,26.10,false,1,
72986370,true,גלידה פיינטים וניל,מוצרי איכות אמריקאיים בעמ,,,"י""ח",500,"ל  מ""ל",false,1,17,3.40,true,1,
72986424,true,גלידה פיינטים קרם עוגיות,מוצרי איכות אמריקאיים בעמ,,,"י""ח",750,"ל  מ""ל",false,1,17,2.27,true,1,
72986448,true,גלידה פיינטים טופי קראנץ,מוצרי איכות אמריקאיים בעמ,,,"י""ח",750,"ל  מ""ל",false,1,17,2.27,true,1,
72986455,true,גלידה פיינטים ניו-יורק סופר,מוצרי איכות אמריקאיים בעמ,,,"י""ח",500,"ל  מ""ל",false,1,17,3.40,true,1,
72986479,true,גלידה פיינטים צאנקי מנקי,מוצרי איכות אמריקאיים בעמ,,,"י""ח",500,"ל  מ""ל",false,1,17,3.40,true,1,
72989425,true,גלידה פיינטים שוקולד בראוניס,מוצרי איכות אמריקאיים בעמ,,,"י""ח",750,"ל  מ""ל",false,1,17,2.27,true,1,
72991374,true,טיים בודד,דובק בעמ,,,"י""ח",1,,false,1,25,25,false,1,
72991381,true,טיים ארוך בודד,דובק בעמ,,,"י""ח",1,,false,1,25,25,false,1,
72991404,true,אירופה בודד,דובק בעמ,,,"י""ח",1,,false,1,25,25,false,1,
72991886,true,גלידה פיינטים דולציה דה לצ ה,מוצרי איכות אמריקאיים בעמ,,,"י""ח",500,"ל  מ""ל",false,1,17,3.40,true,1,
72993637,true,דני שוקולד בודד,"שטראוס גרופ ***בע""מ",,,"י""ח",125,"ל  מ""ל",false,1,2.20,1.76,true,1,
72994061,true,פסק זמן GOOD 2,"שטראוס גרופ בע""מ",,,"י""ח",40,ל  גרם,false,1,4.20,10.50,true,1,
72994306,true,רויאל רד בודד,דובק בעמ,,,"י""ח",10,"י""ח",false,1,22.20,2.22,false,1,
72994313,true,רויאל בלו בודד,דובק בעמ,,,"י""ח",10,"י""ח",false,1,22.20,2.22,false,1,
76136184,true,פאל מל סלים בודד,גלוברנדס בעמ,,,"י""ח",1,,false,1,25.20,25.20,false,1,
80042556,true,עגבניות חתוכות 400ג   MUTTI.,רסטרטו יבוא ושיווק בעמ,,,"י""ח",400,ל  גרם,false,1,5,1.25,true,1,
80042563,true,מחית  עגבניות 700ג צהוב MUTTI,רסטרטו יבוא ושיווק בעמ,,,"י""ח",700,ל  גרם,false,1,11.90,1.70,false,1,
80050025,true,טיק טק תפוז,פרימיום - חברה לדברי מתיקה ולמ,,,"י""ח",16,ל  גרם,false,1,3,18.75,true,1,
80050124,true,חטיף טיק טק,פרימיום - חברה לדברי מתיקה ולמ,,,"י""ח",16,ל  גרם,false,1,3,18.75,true,1,
80052760,true,קינדר בואנו,פרימיום - חברה לדברי מתיקה ולמ,,,"י""ח",1,,false,1,4.20,4.20,false,1,
80052883,true,טיק טק מנטה חזק,פרימיום - חברה לדברי מתיקה ולמ,,,"י""ח",16,ל  גרם,false,1,3,18.75,true,1,
80136194,true,קינדר הפי היפו 1/5 אגוזי לוז,פרימיום - חברה לדברי מתיקה ולמ,,,"י""ח",5,"י""ח",false,1,11,2.20,false,1,
80177173,true,נוטלה 350 גרם.,פרימיום - חברה לדברי מתיקה ולמ,,,"י""ח",3.50,"י""ח",false,1,12.90,3.69,false,1,
80177609,true,קינדר 50 גרם,פרימיום - חברה לדברי מתיקה ולמ,,,"י""ח",50,ל  גרם,false,1,3.60,7.20,false,1,
80177616,true,קינדר אצבעות 100 גר,פרימיום - חברה לדברי מתיקה ולמ,,,"י""ח",1,,false,1,7.60,7.60,false,1,
80310167,true,קינדר אצבעות 126 גר,פרימיום - חברה לדברי מתיקה ולמ,,,"י""ח",126,ל  גרם,false,1,9.30,7.38,false,1,
80768838,true,מסטיק מנטוס וויט מנטה,ליימן שליסל,,,"י""ח",900,ל  גרם,false,1,14.40,1.60,true,1,
80773429,true,מנטוס טעם תות בקבוק 60ג,ליימן שליסל,,,"י""ח",60,ל  גרם,false,1,8.50,14.17,true,1,
80773443,true,מנטוס טעם פירות מנטה  בקבוק 60ג,ליימן שליסל,,,"י""ח",60,ל  גרם,false,1,8.50,14.17,true,1,
80790990,true,מנטוס טעם מנטה  עדין בקבוק 60ג,ליימן שליסל,,,"י""ח",60,ל  גרם,false,1,8.50,14.17,true,1,
80794233,true,מנטוס טעם  מנטה  בקבוק 90ג,ליימן שליסל,,,"י""ח",90,ל  גרם,false,1,13.60,15.11,false,1,
80804697,true,מסטיק מנטוס וויט מנטה מתוקה 105 ג,ליימן שליסל,,,"י""ח",900,ל  גרם,false,1,14.40,1.60,true,1,
80831402,true,סוכריות מנטה עדינה ללא סוכר,ליימן שליסל,,,"י""ח",100,ל  גרם,false,1,5.90,5.90,true,1,
80832560,true,סוכריות מנטוס מרעננות ללא סוכר פירות י,ליימן שליסל,,,"י""ח",93,ל  גרם,false,1,5.90,6.34,true,1,
80843184,true,מנטוס טעם ענבים  בקבוק 60ג,ליימן שליסל,,,"י""ח",60,ל  גרם,false,1,8.50,14.17,true,1,
80854753,true,סוכריות מנטה ללא סוכר,ליימן שליסל,,,"י""ח",100,ל  גרם,false,1,5.90,5.90,true,1,
80862130,true,מנטוס  מסטיק קופסא 28ג אבטיח,ליימן שליסל,,,"י""ח",28,ל  גרם,false,1,4.20,15,true,1,
80864295,true,מנטוס בוקס וואיט מנטה עדינה  30 יח`,ליימן שליסל,,,"י""ח",60,ל  גרם,false,1,8.50,14.17,true,1,
80896081,true,מנטוס טעם אבטיח בקבוק 60ג,ליימן שליסל,,,"י""ח",60,ל  גרם,false,1,8.50,14.17,true,1,
80913467,true,מנטוס טעם מנטה בקבוק 60ג,ליימן שליסל,,,"י""ח",60,ל  גרם,false,1,8.50,14.17,true,1,
80926481,true,מנטוס פיור פרש בקבוק ביג טעם אבטיח,ליימן שליסל,,,"י""ח",90,ל  גרם,false,1,13.60,15.11,false,1,
80945468,true,מנטוס בוקס וואיט מנטה מתוקה  30 יח`,ליימן שליסל,,,"י""ח",60,ל  גרם,false,1,8.50,14.17,true,1,
80954521,true,מנטוס  מסטיק קופסא 28ג תות,ליימן שליסל,,,"י""ח",28,ל  גרם,false,1,4.20,15,true,1,
80974215,true,מנטוס פיור פרש בקבוק ביג טעם תות,ליימן שליסל,,,"י""ח",90,ל  גרם,false,1,13.60,15.11,false,1,
80977070,true,מנטוס  מסטיק קופסא 28ג טרופי,ליימן שליסל,,,"י""ח",28,ל  גרם,false,1,4.20,15,true,1,
80982470,true,מנטוס טעם מנטה חזק בקבוק 60ג,ליימן שליסל,,,"י""ח",60,ל  גרם,false,1,8.50,14.17,true,1,
80995128,true,מנטוס טעם הדרים בתוספת ויטמין D,ליימן שליסל,,,"י""ח",60,ל  גרם,false,1,8.50,14.17,true,1,
87108712,true,מנטוס פירות 1\4,ליימן שליסל,,,"י""ח",150,ל  גרם,false,1,10.10,6.73,false,1,
87311396,true,מנטוס גלילים מיקס פירות,ליימן שליסל,,,"י""ח",37.50,ל  גרם,false,1,2.80,7.47,false,1,
90162602,true,"רד בול פחית 250 מ""ל",דיפלומט מפיצים (1968) בעמ**,,,"י""ח",250,"ל  מ""ל",false,1,5.10,1.92,true,1,
90162800,true,"רד בול פחית 250 מ""ל",דיפלומט מפיצים (1968) בעמ**,,,"י""ח",250,"ל  מ""ל",false,1,5.30,2,true,1,
96033531,true,דאב דאו רול און רימונים,יוניליוור ישראל שיווק בעמ,,,"י""ח",1,,false,1,17,17,true,1,
96137130,true,דאו דאב  רול און גו פרש בניחוח אגס,יוניליוור ישראל שיווק בעמ,,,"י""ח",175,"ל  מ""ל",false,1,17,9.71,true,1,
8112100298,true,"שמן שומשום טהור  185מ""ל",מזרח ומערב יבוא ושיווק,,,"י""ח",185,"ל  מ""ל",false,1,12.70,6.86,false,1,
8421420568,true,בובת TY עיינים גדולות S חתולה,שמחה זה אנחנו,,,"י""ח",1,,false,1,25.60,25.60,false,1,
8421902309,true,בובת TY עיינים גדולות M פיל,שמחה זה אנחנו,,,"י""ח",1,,false,1,47.80,47.80,false,1,
9800800056,true,נוטלה גו 52ג,פרימיום - חברה לדברי מתיקה ולמ,,,"י""ח",52,ל  גרם,false,1,5,9.62,false,1,
10900678148,true,רדיד אלומיניום דיימונד נון סטיק,גורי ע.ע.ע. בעמ,,,"י""ח",1,"י""ח",false,1,12.70,12.70,false,1,
11210000032,true,"רוטב טבסקו ענק 350 מ""ל",ציון תורגמן בעמ,,,"י""ח",60,"ל  מ""ל",false,1,42.70,71.17,false,1,
11210000094,true,"טבסקו חריף 60 מ""ל",ציון תורגמן בעמ,,,"י""ח",60,"ל  מ""ל",false,1,8.50,14.17,true,1,
11210002500,true,"טבסקו באפלו 150מ""ל",ציון תורגמן בעמ,,,"י""ח",150,"ל  מ""ל",false,1,19.60,13.07,false,1,
11210009387,true,טבסקו פלפל ירוק,ציון תורגמן בעמ,,,"י""ח",60,"ל  מ""ל",false,1,8.50,14.17,false,1,
11210618503,true,"טבסקו חריף אקסטרא 60 מ""ל",ציון תורגמן בעמ,,,"י""ח",60,"ל  מ""ל",false,1,17,28.33,false,1,
11210698055,true,"טבסקו סרירצ`ה 556מ""ל",ציון תורגמן בעמ,,,"י""ח",556,"ל  מ""ל",false,1,21.30,3.83,false,1,
16000185517,true,פייבר וואן 555גר.,קבוצת אוסם סחר-שות.מוגבלת,,,"י""ח",460,ל  גרם,false,1,21.30,4.63,true,1,
16000281684,true,נייטשר קראנצ`י פקאן 1/5,ליימן שליסל,,,"י""ח",210,ל  גרם,false,1,17,8.10,true,1,
16000423534,true,נייטשר קראנצ`י ש.שועל ושוקולד מריר 1/5,ליימן שליסל,,,"י""ח",210,ל  גרם,false,1,17,8.10,true,1,
16000548404,true,נייטשר קראנצ`י שיבולת שועל ודבש 1/5,ליימן שליסל,,,"י""ח",210,ל  גרם,false,1,17,8.10,true,1,
16000548503,true,חטיף ניצ`ר ואלי  מייפל בסוכר חום,ליימן שליסל,,,"י""ח",210,ל  גרם,false,1,17,8.10,true,1,
16000548602,true,נייטשר קראנצ`י קינמון 1/5,ליימן שליסל,,,"י""ח",210,ל  גרם,false,1,17,8.10,true,1,
16229924263,true,"קרם קוקוס 250מ""ל",גורי מוצרי צריכה בעמ,,,"י""ח",250,"ל  מ""ל",false,1,8.50,3.40,false,1,
17252502244,true,"סירופ מייפל 709מ""ל",מור ים מרקטינג בעמ,,,"י""ח",1,,false,1,17,17,false,1,
18000701223,true,תערובת לעוגת  שוק(פילסברי),ליימן שליסל,,,"י""ח",517,ל  גרם,false,1,15.20,2.94,false,1,
18000703494,true,תערובת לעוגות  וניל(פילסברי),ליימן שליסל,,,"י""ח",524,ל  גרם,false,1,15.20,2.90,false,1,
18000703517,true,תערובת לעוגת שיש,ליימן שליסל,,,"י""ח",559,ל  גרם,false,1,15.20,2.72,false,1,
18000766413,true,תערובת לבראוניס,ליימן שליסל,,,"י""ח",609,ל  גרם,false,1,15.20,2.50,false,1,
25675120020,true,מקלות חמוצות 100,גורי ע.ע.ע. בעמ,,,"י""ח",100,ל  גרם,false,1,7.60,7.60,false,1,
25675121027,true,חמצוצים 115גר`,גורי ע.ע.ע. בעמ,,,"י""ח",115,ל  גרם,false,1,8.70,7.57,false,1,
25675121034,true,חמצוצים 115גר`,גורי ע.ע.ע. בעמ,,,"י""ח",115,ל  גרם,false,1,8.70,7.57,false,1,
25675301092,true,חמצוצים 4 טעמים טבעי 40גר`,גורי ע.ע.ע. בעמ,,,"י""ח",40,ל  גרם,false,1,3.60,9,false,1,
25675301108,true,מקלות חמוצות 50 גרם,גורי ע.ע.ע. בעמ,,,"י""ח",50,ל  גרם,false,1,4.20,8.40,false,1,
25675301153,true,מקלות חמוצות 50 ג  פטל,גורי ע.ע.ע. בעמ,,,"י""ח",50,ל  גרם,false,1,4.20,8.40,false,1,
25675301184,true,מקלות חמוצות קולה,גורי ע.ע.ע. בעמ,,,"י""ח",50,ל  גרם,false,1,4.20,8.40,false,1,
25700005698,true,שקיות אחסון בינוניות 24 יח` זיפלוק.,דנשר (1963) בעמ,,,"י""ח",1,,false,1,11,11,false,1,
34000148301,true,נטיפי שוקולד מריר לאפייה  340גר הרשי,ליימן שליסל,,,"י""ח",340,ל  גרם,false,1,16.20,4.76,false,1,
34000196173,true,הרשי קוקיס קרים XL,ליימן שליסל,,,"י""ח",47,ל  גרם,false,1,7.60,16.17,false,1,
34000442652,true,ריזס קבלה XL,ליימן שליסל,,,"י""ח",47,ל  גרם,false,1,7.60,16.17,false,1,
34000470563,true,ריזס מיניס  ארזה משפחתית 215ג,ליימן שליסל,,,"י""ח",215,ל  גרם,false,1,17,7.91,false,1,
34000544028,true,ממתק בטעם תות 198ג,ליימן שליסל,,,"י""ח",198,ל  גרם,false,1,6.70,3.38,false,1,
34000544431,true,ליקרויץ 198 גרם -דובדבן,ליימן שליסל,,,"י""ח",1,,false,1,6.80,6.80,false,1,
34000996643,true,הרשי דרופס ארזה משפחתית 215ג,ליימן שליסל,,,"י""ח",215,ל  גרם,false,1,17,7.91,false,1,
35000458476,true,קולגייט מברשת ילדים מארז רביעייה,ש.שסטוביץ בעמ,,,"י""ח",1,,false,1,15.30,15.30,false,1,
37600207188,true,חמאת קלאסי סקיפי,דיפלומט מפיצים (1968) בעמ**,,,"י""ח",462,ל  גרם,false,1,17,3.68,false,1,
37600207256,true,חמאת בוטנים סקיפי עם שברי בוטנים 462 ג,דיפלומט מפיצים (1968) בעמ**,,,"י""ח",462,ל  גרם,false,1,17.90,3.87,false,1,
37600207287,true,חמאת בוטנים סקיפי,דיפלומט מפיצים (1968) בעמ**,,,"י""ח",462,ל  גרם,false,1,17.90,3.87,false,1,
37600297967,true,מטבל סלסה עדינה 300ג CHI CHIS,ליימן שליסל,,,"י""ח",300,"ל  מ""ל",false,1,16.20,5.40,true,1,
38000138638,true,פרינגלס פיצה 161 גר`פלקס,דיפלומט מפיצים (1968) בעמ**,,,"י""ח",161,ל  גרם,false,1,8.50,5.28,true,1,
38000138720,true,פרינגלס ראנץ  158ג,דיפלומט מפיצים (1968) בעמ**,,,"י""ח",161,ל  גרם,false,1,8.50,5.28,true,1,
38000169663,true,פרינגלס אוריגינל 194גר,דיפלומט מפיצים (1968) בעמ**,,,"י""ח",194,ל  גרם,false,1,11,5.67,false,1,
38000183928,true,פרינגלס חרדל דבש 158ג`,דיפלומט מפיצים (1968) בעמ**,,,"י""ח",158,ל  גרם,false,1,8.50,5.38,true,1,
38000197840,true,פרינגלס גלי בטעם חריף מתוק 137גר,דיפלומט מפיצים (1968) בעמ**,,,"י""ח",149,ל  גרם,false,1,8.50,5.70,true,1,
38000202278,true,פרינגלס גלי בטעם אוריגינל 130 גר`,דיפלומט מפיצים (1968) בעמ**,,,"י""ח",130,ל  גרם,false,1,8.50,6.54,true,1,
38000232152,true,פרינגלס ברביקיו 161 גר`פלקס,דיפלומט מפיצים (1968) בעמ**,,,"י""ח",161,ל  גרם,false,1,8.50,5.28,true,1,
38000232176,true,פרינגלס שמנת בצל 161 גר`פלקס,דיפלומט מפיצים (1968) בעמ**,,,"י""ח",161,ל  גרם,false,1,8.50,5.28,true,1,
38000232183,true,פרינגלס אוריגינל 149 גר`.,דיפלומט מפיצים (1968) בעמ**,,,"י""ח",149,ל  גרם,false,1,8.50,5.70,true,1,
38527591053,true,דגנים מרובעים קי,"שטראוס פריטו ליי בע""מ",,,"י""ח",375,ל  גרם,false,1,17,4.53,true,1,
38527591060,true,דגנים מרובעים,"שטראוס פריטו ליי בע""מ",,,"י""ח",453,ל  גרם,false,1,17,3.75,true,1,
38900779238,true,"מיץ אננס DOLE במארז רביעייה 250מ""ל",בני ג ורג שוקחה (חיפה) בעמ,,,"י""ח",800,"ל  מ""ל",false,1,13.60,1.58,true,1,
39000008051,true,דינר קיט 283 גרם,מור ים מרקטינג בעמ,,,"י""ח",1,,false,1,27.30,27.30,false,1,
40000513568,true,שוקולד M M אריזה גדולה  156ג,מרס ריגלי ישראל בעמ,,,"י""ח",1560,ל  גרם,false,1,9.30,0.60,false,1,
41390010309,true,"רוטב טריאקי 444מ""ל",דיפלומט מפיצים (1968) בעמ**,,,"י""ח",144,"ל  מ""ל",false,1,17,11.81,false,1,
41500000299,true,פרנצ יס  ממרח חרדל דבש דיז`ון  340גר.,ר.ב. מוצרי דגנים בעמ,,,"י""ח",340,ל  גרם,false,1,17,5,false,1,
41500000428,true,פרנצ יס ממרח  חרדל חום חריף  340גר.,ר.ב. מוצרי דגנים בעמ,,,"י""ח",340,ל  גרם,false,1,17,5,false,1,
42400108153,true,דגני בוקר תותיס פרוטיס  354גר,ר.ב. מוצרי דגנים בעמ,,,"י""ח",354,ל  גרם,false,1,17,4.80,false,1,
44600300580,true,קלין אפ פרש 946 מ``ל,גורי מוצרי צריכה בעמ,,,"י""ח",946,"ל  מ""ל",false,1,17,1.80,false,1,
46214372250,true,.עוגיות שטרודל 225 גרם תפוח מרבה,ש.שסטוביץ בעמ,,,"י""ח",225,ל  גרם,false,1,7.60,3.38,false,1,
46214382259,true,עוגיות בראוניס 225 גרם,ש.שסטוביץ בעמ,,,"י""ח",225,ל  גרם,false,1,7.60,3.38,false,1,
46214731552,true,עוגיות שוקו צ יפ מרבה,ש.שסטוביץ בעמ,,,"י""ח",225,ל  גרם,false,1,7.60,3.38,false,1,
48256214758,true,"אוקסי אבקת הפלא 1 ק""ג",יעקב יעקבי ובניו בעמ,,,"י""ח",1,"ק""ג",false,1,17,17,false,1,
50000170180,true,פריסקיז עוף ברוטב 156גר`,קבוצת אוסם סחר-שות.מוגבלת,,,"י""ח",156,ל  גרם,false,1,6.30,4.04,false,1,
50000225224,true,פריסקיז פריים פילה הודו ברוטב 156גר`,קבוצת אוסם סחר-שות.מוגבלת,,,"י""ח",156,ל  גרם,false,1,6.30,4.04,false,1,
50000238910,true,פריסקיז  פארטי מיקס אוריג`ינל 60גר,קבוצת אוסם סחר-שות.מוגבלת,,,"י""ח",60,ל  גרם,false,1,10.20,17,false,1,
50000429448,true,פנסי פיסט נתחי הודו,קבוצת אוסם סחר-שות.מוגבלת,,,"י""ח",85,ל  גרם,false,1,5.50,6.47,false,1,
50000429646,true,פנסי פיסט טעם טונה,קבוצת אוסם סחר-שות.מוגבלת,,,"י""ח",85,ל  גרם,false,1,5.50,6.47,false,1,
52100070735,true,תמצית קוקוס 29 מ``ל,ר.ב. מוצרי דגנים בעמ,,,"י""ח",29,"ל  מ""ל",false,1,13.60,46.90,false,1,
52100070995,true,תמצית וניל וניל 59גר,ר.ב. מוצרי דגנים בעמ,,,"י""ח",59,"ל  מ""ל",false,1,10.20,17.29,false,1,
52600751219,true,פלאפ ממרח מרשמלו טעם וניל 213גר,מור ים מרקטינג בעמ,,,"י""ח",510,ל  גרם,false,1,15.30,3,false,1,
55369902557,true,רבעיות עברית ביתי חתם סופר 452גרם,מור ים מרקטינג בעמ,,,"י""ח",452,ל  גרם,false,1,13.60,3.01,false,1,
55500012046,true,קלין אפ מרסס+פיין סול כלורוקס,גורי מוצרי צריכה בעמ,,,"י""ח",946,"ל  מ""ל",false,1,17,1.80,false,1,
64144090051,true,תרסיס שמן פאם קנולה 148 ג,ליימן שליסל,,,"י""ח",148,"ל  מ""ל",false,1,16.90,11.42,false,1,
72600062290,true,הר חטיף גבינה חלפניו חריף  198 ג,מור ים מרקטינג בעמ,,,"י""ח",198,ל  גרם,false,1,21.30,10.76,false,1,
72600062306,true,הר חטיף תירס גבינה מנופח 198 גרם,מור ים מרקטינג בעמ,,,"י""ח",198,ל  גרם,false,1,21.30,10.76,false,1,
74234531142,true,פלפל חלפניו פרוס כבוש   210ג,מזרח ומערב יבוא ושיווק,,,"י""ח",210,"ל  מ""ל",false,1,8.50,4.05,false,1,
76840001774,true,גלידה פיינטים בצק עוגיות שוקולד צ`יפס,מוצרי איכות אמריקאיים בעמ,,,"י""ח",750,"ל  מ""ל",false,1,20.40,2.72,true,1,
76840100156,true,גלידה פיינטים צרי גרסיה,מוצרי איכות אמריקאיים בעמ,,,"י""ח",750,"ל  מ""ל",false,1,17,2.27,true,1,
76840100583,true,גלידה פיינטים בצק עוגיות 473 מל,מוצרי איכות אמריקאיים בעמ,,,"י""ח",750,"ל  מ""ל",false,1,17,2.27,true,1,
76840400218,true,"גלידת בן אנד גריס 473מ""לעוגת גבינה עם",מוצרי איכות אמריקאיים בעמ,,,"י""ח",473,"ל  מ""ל",false,1,19.50,4.12,true,1,
77245110610,true,סוכריות מאסט מנטה ללא סוכ,"שטראוס גרופ בע""מ",,,"י""ח",80,ל  גרם,false,1,7.50,9.38,true,1,
77975036976,true,סלסה מטבל עגבניות חריפות מעודנת,ליימן שליסל,,,"י""ח",354,ל  גרם,false,1,14.40,4.07,false,1,
77975088234,true,סניידרס שברי בגיילה טעם חלפיניו 340גר,ליימן שליסל,,,"י""ח",340,ל  גרם,false,1,13.60,4,true,1,
77975093108,true,סניידרס בייגלה בציפוי שוקולד לבן 141ג,ליימן שליסל,,,"י""ח",141,ל  גרם,false,1,14.40,10.21,true,1,
77975094631,true,סנדוויץ בייגל במילוי קרם צ דר 226ג.,ליימן שליסל,,,"י""ח",226,ל  גרם,false,1,13.60,6.02,true,1,
77975094761,true,סניידרס שברי בייגל גבינת צ`דר 340גר,ליימן שליסל,,,"י""ח",340,ל  גרם,false,1,13.60,4,true,1,
77975094778,true,"סניידרס שברי בייגל  בצל,חרדל ודבש 340ג",ליימן שליסל,,,"י""ח",340,ל  גרם,false,1,13.60,4,true,1,
77975095164,true,סניידרס שברי בייגל  פרמזו ושום 318ג,ליימן שליסל,,,"י""ח",318,ל  גרם,false,1,13.60,4.28,true,1,
77975095263,true,סניידרס שברי בייגל גבינת צ`דר 319גר,ליימן שליסל,,,"י""ח",319,ל  גרם,false,1,13.60,4.26,true,1,
79400461056,true,"אקס שמפו לגבר 2ב1ש אפולו 473מ""ל",יוניליוור ישראל שיווק בעמ,,,"י""ח",473,"ל  מ""ל",false,1,13.60,2.88,false,1,
80432402931,true,"וויסקי שיבאס רגאל 700מ""ל",טמפו משקאות בעמ,,,"י""ח",700,"ל  מ""ל",false,1,102.50,14.60,true,1,
80518532743,true,שקית בלונים,שמחה זה אנחנו,,,"י""ח",1,,false,1,10.20,10.20,false,1,
80518810247,true,פרסים,שמחה זה אנחנו,,,"י""ח",1,,false,1,12.70,12.70,false,1,
85696608037,true,טופו רך ללא גלוטן 340גר,מזרח ומערב יבוא ושיווק,,,"י""ח",349,ל  גרם,false,1,11,3.15,true,1,
89041081056,true,"שמן צילי 185מ""ל",מזרח ומערב יבוא ושיווק,,,"י""ח",185,"ל  מ""ל",false,1,9.30,5.03,false,1,
613008753290,true,"אריזונה אפרסק 450מ""ל",טמפו משקאות בעמ,,,"י""ח",450,"ל  מ""ל",false,1,6.40,1.36,true,1,
628154383659,true,דגני בוקר פרוטי פבלס 311גר,ר.ב. מוצרי דגנים בעמ,,,"י""ח",311,ל  גרם,false,1,18.70,6.01,false,1,
633824913432,true,ואן גוך אסאי 750,טמפו משקאות בעמ,,,"י""ח",750,"ל  מ""ל",false,1,111.10,14.77,true,1,
644209301126,true,תערובת להכנת פנקייק וואפל 907גר,מור ים מרקטינג בעמ,,,"י""ח",121,ל  גרם,false,1,20.40,16.86,false,1,
644209301423,true,תערובת להכנת פנקייק וואפל 907גר,מור ים מרקטינג בעמ,,,"י""ח",121,ל  גרם,false,1,20.40,16.86,false,1,
651080647519,true,פלאקרס פלוסר קיסם+חוט,דנשר (1963) בעמ,,,"י""ח",1,,false,1,9.30,9.30,false,1,
653694000117,true,רוטב חזרת 454גר,מור ים מרקטינג בעמ,,,"י""ח",454,ל  גרם,false,1,20.40,4.49,false,1,
666522900138,true,צ`יברס קרם לימון 320ג.,מור ים מרקטינג בעמ,,,"י""ח",320,ל  גרם,false,1,19.60,6.13,false,1,
693493041355,true,נר נשמה,שונות /שרות,,,"י""ח",120,ל  גרם,false,1,5,4.17,false,1,
693493102575,true,עגבניות שרי קלמרים,ביכורי השדה צפון 1994 ג.ד. בעמ,,,"י""ח",450,ל  גרם,false,1,9.90,2.20,false,1,
710069006867,true,סנדוויץ עוגיות וניל הדר 150גר,ח.כהן סוכנות מזון ומשקאות בע,,,"י""ח",150,ל  גרם,false,1,3.30,2.20,false,1,
710069055452,true,סנדוויץ עוגיות שוקו 150גר הדר,ח.כהן סוכנות מזון ומשקאות בע,,,"י""ח",150,ל  גרם,false,1,3.30,2.20,false,1,
728229123613,true,ציפס טרה,מ.סידס ובנו בעמ,,,"י""ח",110,ל  גרם,false,1,13.60,12.36,true,1,
728229123811,true,תה רה צי פס מתובל,מ.סידס ובנו בעמ,,,"י""ח",50,ל  גרם,false,1,13.60,27.20,true,1,
729002864025,true,נבטי אלפלפא,ביכורי השדה צפון 1994 ג.ד. בעמ,,,"י""ח",1,,false,1,6.90,6.90,false,1,
729016400205,true,צלחות 100יח גדול צבעוני שווה,ח.כהן סוכנות מזון ומשקאות בע,,,"י""ח",100,"י""ח",false,1,29.80,0.30,false,1,
734896880483,true,שש בש,צעצועי דורון ~~~,,,"י""ח",1,,false,1,21.30,21.30,false,1,
748855429859,true,עגלה משולבת,כוכב נולד פלוס נתיבות בעמ,,,"י""ח",1,,false,1,853.90,853.90,false,1,
768404001640,true,גלידה פיינטים קפה,מוצרי איכות אמריקאיים בעמ,,,"י""ח",500,"ל  מ""ל",false,1,17,3.40,true,1,
769904000607,true,.שקדי  מרק ברפוד 200גר`,בטר אנד דיפרנט בעמ,,,"י""ח",200,ל  גרם,false,1,11,5.50,false,1,
786150000281,true,"לף בראון בקבוק 330מ""ל 1/6",תימקו בירה בעמ,,,"י""ח",330,"ל  מ""ל",false,1,42.60,12.45,true,1,
807250920139,true,סט 12 יח עטים,צבע ומכחול (2014) בעמ,,,"י""ח",1,,false,1,12.70,12.70,false,1,
835811002215,true,גביעי מאפינס צבעוני 200יח מס4,הנמל אריזות ושווק בעמ,,,"י""ח",1,,false,1,8.10,8.10,false,1,
835811004189,true,פרורי לחם מוזהבים  800 גרם הנמל,הנמל אריזות ושווק בעמ,,,"י""ח",800,ל  גרם,false,1,11.30,1.41,false,1,
835811004417,true,ריבת חלב 340ג,הנמל אריזות ושווק בעמ,,,"י""ח",340,ל  גרם,false,1,11.90,3.50,false,1,
835811007166,true,כוסות קפה לדרך+מכסה 16 יחידות הנמל,הנמל אריזות ושווק בעמ,,,"י""ח",16,"י""ח",false,1,11.90,0.74,false,1,
839762000641,true,איילנד מנגו 1 ליטר,טמפו משקאות בעמ,,,"י""ח",1,ליטר,false,1,11.30,11.30,true,1,
839762000658,true,איילנד גויאבה 1 ליטר,טמפו משקאות בעמ,,,"י""ח",1,ליטר,false,1,11.30,11.30,true,1,
839762002379,true,"איילנד מנגו 350מ""ל",טמפו משקאות בעמ,,,"י""ח",350,"ל  מ""ל",false,1,4.70,1.26,false,1,
839762002386,true,"איילנד גויאבה 350מ""ל",טמפו משקאות בעמ,,,"י""ח",350,"ל  מ""ל",false,1,4.70,1.26,false,1,
851621000050,true,"בירה Blanc 1664 5% 330מ""ל שישייה",החברה המרכזית להפצת משקאות בעמ,,,"י""ח",1.98,ליטר,false,1,36.60,17.73,false,1,
856591000055,true,עבאדי עוגיות מזרחיות קריספי  -400,תה ויסוצקי (ישראל)בעמ,,,"י""ח",400,ל  גרם,false,1,15.30,3.83,false,1,
856591000062,true,עבאדי עוגיות מזרחיות מלח  -400,תה ויסוצקי (ישראל)בעמ,,,"י""ח",400,ל  גרם,false,1,15.30,3.83,false,1,
856591000109,true,עבאדי עוגיות מזרחיות פריך במיוחד 400גר,תה ויסוצקי (ישראל)בעמ,,,"י""ח",400,ל  גרם,false,1,15.30,3.83,false,1,
856591000956,true,עבאדי קטנטנים מאפה גריל 350גר,תה ויסוצקי (ישראל)בעמ,,,"י""ח",350,ל  גרם,false,1,14.40,4.11,true,1,
877300003235,true,רוטב חמוץ מתוק  370ג,נפטון מוצרי מזון 1990בעם,,,"י""ח",370,ל  גרם,false,1,11,2.97,false,1,
884912102102,true,דגני בוקר פוסט סלקט אוכמניות 382 גרם,ר.ב. מוצרי דגנים בעמ,,,"י""ח",1,,false,1,23,23,false,1,
884912116505,true,דגני בוקר בננה נאט  קראנצ`440גרם,ר.ב. מוצרי דגנים בעמ,,,"י""ח",440,ל  גרם,false,1,23,5.23,false,1,
884912117625,true,שלווה גולדן קריספי,ר.ב. מוצרי דגנים בעמ,,,"י""ח",100,ל  גרם,false,1,17,17,false,1,
884912126115,true,דגני בוקר גרייט גריינס 454גרם,ר.ב. מוצרי דגנים בעמ,,,"י""ח",454,ל  גרם,false,1,20.40,4.49,false,1,
884912129512,true,דגני בוקר קוקו פבלס 311 גרם,ר.ב. מוצרי דגנים בעמ,,,"י""ח",1,,false,1,18.70,18.70,false,1,
884912180629,true,שרדד וויט דגני בוקר 464ג,ר.ב. מוצרי דגנים בעמ,,,"י""ח",446,ל  גרם,false,1,22.10,4.96,false,1,
884912342737,true,דגני בוקר CRISP WAFFLE י326 גרם.,ר.ב. מוצרי דגנים בעמ,,,"י""ח",326,ל  גרם,false,1,17.90,5.49,false,1,
884912359162,true,דגני בוקר האני באנצ שקדים  340ג,ר.ב. מוצרי דגנים בעמ,,,"י""ח",340,ל  גרם,false,1,19.60,5.76,true,1,
884912365200,true,דגני בוקר אוראו 311גר.,ר.ב. מוצרי דגנים בעמ,,,"י""ח",311,ל  גרם,false,1,20.40,6.56,true,1,
893594002051,true,חטיף פופקורן צ`יפס טעם גבינת צ`דר 28גר,"שטראוס פריטו ליי בע""מ",,,"י""ח",28,ל  גרם,false,1,5,17.86,true,1,
893594002068,true,חטיף פופקורן צ`יפס עם מלח ים 28גר,"שטראוס פריטו ליי בע""מ",,,"י""ח",28,ל  גרם,false,1,5,17.86,true,1,
2348139024008,false,תחתיות ארטישוק 400 גרם,נטו מלינדה סחר בעמ,,,"י""ח",425,ל  גרם,false,1,10.20,2.40,false,1,
3014260022730,false,מברשת שיניים  אדוונטג  WHITE 3D זוג,דיפלומט מפיצים 1968 בעמ,,,"י""ח",1,,false,1,18.70,18.70,true,1,
3014260022839,false,אורל בי נטורל פרש זוג 40,דיפלומט מפיצים 1968 בעמ,,,"י""ח",1,,false,1,17,17,true,1,
3014260228842,false,"גילט קצף גילוח רגיל 200 מ""ל",דיפלומט מפיצים 1968 בעמ,,,"י""ח",200,"ל  מ""ל",false,1,13.80,6.90,true,1,
3014260240226,false,"גילט קצף גילוח רגיש 200 מ""ל",דיפלומט מפיצים 1968 בעמ,,,"י""ח",200,"ל  מ""ל",false,1,13.80,6.90,true,1,
3014260262709,false,סכיני גילוח ונוס 4 יח,דיפלומט מפיצים 1968 בעמ,,,"י""ח",1,,false,1,42.70,42.70,false,1,
3014260289287,false,גילט בלו 2 חמישיה  לאשה,דיפלומט מפיצים 1968 בעמ,,,"י""ח",1,,false,1,12.70,12.70,true,1,
3045201108008,false,אידיאל לכתמים-כדור מסאג,יעקב יעקבי ובניו בעמ,,,"י""ח",1,ליטר,false,1,16.90,16.90,false,1,
3046920028004,false,לינדט אקסלנס 70% 100ג,מ.סידס ובנו בעמ,,,"י""ח",100,ל  גרם,false,1,14.40,14.40,true,1,
3046920028363,false,לינדט אקסלנס 85% 100ג,מ.סידס ובנו בעמ,,,"י""ח",100,ל  גרם,false,1,14.40,14.40,true,1,
3046920028721,false,לינדט אקסלנס סטרוברי  100גר`,מ.סידס ובנו בעמ,,,"י""ח",100,ל  גרם,false,1,14.40,14.40,true,1,
3059940007768,false,אירוויק ספריי וניל,רקיט בנקיזר (ניר איסט) בעמ,,,"י""ח",300,"ל  מ""ל",false,1,8.50,2.83,true,1,
3059943015104,false,"אירוויק נטול גז יסמין 345 מ""ל",רקיט בנקיזר (ניר איסט) בעמ,,,"י""ח",345,"ל  מ""ל",false,1,12.70,3.68,true,1,
3068320014067,false,"מים אויאן 750מ""ל פלסטיק",יורוסטנדרט בעמ,,,"י""ח",330,"ל  מ""ל",false,1,8.50,2.48,false,1,
3068320017846,false,מים אויאן 1ליטר פלסטיק,יורוסטנדרט בעמ,,,"י""ח",1,ליטר,false,1,9.40,9.40,false,1,
3073781161663,false,גבינה לוואש קירי 8יח`,בני ג ורג שוקחה (חיפה) בעמ,,,"י""ח",128,ל  גרם,false,1,10.20,7.97,false,1,
3073781161687,false,גבינה לוואש קירי 16 יח`,בני ג ורג שוקחה (חיפה) בעמ,,,"י""ח",256,ל  גרם,false,1,19.60,7.66,true,1,
3073781161700,false,גבינה לוואש קירי 32 יח`,בני ג ורג שוקחה (חיפה) בעמ,,,"י""ח",480,ל  גרם,false,1,32.40,6.75,false,1,
3073781162790,false,בייבי בל 6 יח  120גר` נטו,א. סיימן סחר בעמ,,,"י""ח",120,ל  גרם,false,1,18.70,15.58,true,1,
3073781177220,false,בייבי בל רול 102ג,א. סיימן סחר בעמ,,,"י""ח",120,ל  גרם,false,1,18.70,15.58,true,1,
3161911229199,false,חמאה רכה 250גר אלויר,א. סיימן סחר בעמ,,,"י""ח",250,ל  גרם,false,1,19.60,7.84,true,1,
3178530402353,false,מדלן עוגיות רכות 175ג,א. סיימן סחר בעמ,,,"י""ח",175,ל  גרם,false,1,9.30,5.31,true,1,
3178530407938,false,מיני מדליין עם פצפוצי שוקולד 175ג,א. סיימן סחר בעמ,,,"י""ח",175,ל  גרם,false,1,10.20,5.83,true,1,
3178530411478,false,גאלט חמאה קלאסי 150ג,א. סיימן סחר בעמ,,,"י""ח",150,ל  גרם,false,1,11,7.33,false,1,
3228022910023,false,חמאה פרזידנט 200גרם,נטו מלינדה סחר בעמ,,,"י""ח",2,"י""ח",false,1,12.70,6.35,false,1,
3254550033279,false,קממבר פאיסיני 250גר,א. סיימן סחר בעמ,,,"י""ח",250,ל  גרם,false,1,26.40,10.56,true,1,
3282554138911,false,כפיות לבן 100יח  שווה,ח.כהן סוכנות מזון ומשקאות בע,,,"י""ח",100,"י""ח",false,1,5.90,0.06,false,1,
3282554174537,false,סכינים לבן 100יח  שווה,ח.כהן סוכנות מזון ומשקאות בע,,,"י""ח",100,"י""ח",false,1,8.50,0.09,false,1,
3282554174957,false,כפות לבן 100יח  שווה,ח.כהן סוכנות מזון ומשקאות בע,,,"י""ח",100,"י""ח",false,1,8.50,0.09,false,1,
3387390320244,false,פיטנס דגנים עם פירות 375גרם,קבוצת אוסם סחר-שות.מוגבלת,,,"י""ח",375,ל  גרם,false,1,19.60,5.23,true,1,
3387390525960,false,קראנץ  500גר`,קבוצת אוסם סחר-שות.מוגבלת,,,"י""ח",500,ל  גרם,false,1,17,3.40,true,1,
3387390730852,false,פיטנס 375 גרם,קבוצת אוסם סחר-שות.מוגבלת,,,"י""ח",375,ל  גרם,false,1,19.60,5.23,true,1,
3480341002685,false,טרטר אפרטיף בנוסח פרובנס 100גר,א. סיימן סחר בעמ,,,"י""ח",10000,ל  גרם,false,1,17,0.17,false,1,
3480341002692,false,טרטר אפרטיף בנוסח איטלקי 100גר,א. סיימן סחר בעמ,,,"י""ח",100,ל  גרם,false,1,17,17,false,1,
3523230025652,false,בושה עיזים שום  125גר נטו,א. סיימן סחר בעמ,,,"י""ח",125,ל  גרם,false,1,20.40,16.32,false,1,
3523230026826,false,פירמידה עיזים טבעי 140ג,א. סיימן סחר בעמ,,,"י""ח",125,ל  גרם,false,1,20.40,16.32,true,1,
3523230026888,false,פירמידה עיזים שום ועשבי תיבול 140ג.,א. סיימן סחר בעמ,,,"י""ח",125,ל  גרם,false,1,20.40,16.32,true,1,
3563490014898,false,חרדל דיג ון 255 גרם,דיפלומט מפיצים (1968) בעמ**,,,"י""ח",255,ל  גרם,false,1,10.90,4.27,false,1,
3574660026788,false,טלק 200 גרם גונסון ביביי,ש.שסטוביץ בעמ,,,"י""ח",200,ל  גרם,false,1,17,8.50,false,1,
3574660089547,false,טמפוני OB 32 נורמל,ש.שסטוביץ בעמ,,,"י""ח",1,,false,1,21.30,21.30,false,1,
3574660115154,false,טמפוני OB 32+8,ש.שסטוביץ בעמ,,,"י""ח",1,,false,1,21.30,21.30,false,1,
3574660333466,false,אובה 32 יח מיני,ש.שסטוביץ בעמ,,,"י""ח",1,,false,1,21.30,21.30,false,1,
3574661003924,false,"ליסטרין טוטל קאר  500 מ""ל",שקד תבל בעמ,,,"י""ח",500,"ל  מ""ל",false,1,16.20,3.24,true,1,
3574661352275,false,"ליסטרין קידס ברי 250מ""ל",שקד תבל בעמ,,,"י""ח",250,"ל  מ""ל",false,1,12.70,5.08,true,1,
3574661363998,false,"ליסטרין גרין תה   500 מ""ל",שקד תבל בעמ,,,"י""ח",500,"ל  מ""ל",false,1,16.20,3.24,true,1,
3574661391373,false,"קרם  גוף 400מ""ל  ניוטרוגינה.",ש.שסטוביץ בעמ,,,"י""ח",400,"ל  מ""ל",false,1,29.80,7.45,false,1,
3574661487618,false,קרפרי מקסי לארג  מבושם 48יח,ש.שסטוביץ בעמ,,,"י""ח",1,,false,1,13.60,13.60,true,1,
3574661487625,false,קרפרי מקסי לארג 48יח,ש.שסטוביץ בעמ,,,"י""ח",1,,false,1,13.60,13.60,true,1,
3574661491806,false,"ליסטרין אדוונסד וואט  500 מ""ל",שקד תבל בעמ,,,"י""ח",500,"ל  מ""ל",false,1,16.20,3.24,true,1,
3574661501901,false,"שטיפה אינטימית קרפרי אלוורה 200מ""ל",ש.שסטוביץ בעמ,,,"י""ח",200,"ל  מ""ל",false,1,16.20,8.10,false,1,
3574661552576,false,קרפרי מגן תחתון רגיל טנגה לבן 56יח`,ש.שסטוביץ בעמ,,,"י""ח",1,,false,1,13.60,13.60,true,1,
3574661552811,false,קרפרי כותון אוורירי 56יח`,ש.שסטוביץ בעמ,,,"י""ח",1,,false,1,13.60,13.60,true,1,
3574661554877,false,קרפרי כותון מבושם 56 יח`,ש.שסטוביץ בעמ,,,"י""ח",1,,false,1,13.60,13.60,true,1,
3574661554884,false,קרפרי רגיל טנגה ריחניה 56יח`,ש.שסטוביץ בעמ,,,"י""ח",1,,false,1,13.60,13.60,true,1,
3574661650029,false,"ליסטרין נטורל`ס GUM PROTECT  500 מ""ל",שקד תבל בעמ,,,"י""ח",500,"ל  מ""ל",false,1,16.20,3.24,true,1,
3574669907682,false,טלק  גונסון ביביי 500ג,ש.שסטוביץ בעמ,,,"י""ח",500,ל  גרם,false,1,29,5.80,false,1,
3574669907729,false,"ג ונסון בייבי שמפו גולד 750מ""ל",ש.שסטוביץ בעמ,,,"י""ח",750,"ל  מ""ל",false,1,21.30,2.84,true,1,
3574669908146,false,"תחליב בייבי ג ונסון לפני שינה 500מ""ל",ש.שסטוביץ בעמ,,,"י""ח",500,"ל  מ""ל",false,1,23.90,4.78,false,1,
3574669908665,false,ג ונסון בייבי אל סבון לפני שינה 750מל,ש.שסטוביץ בעמ,,,"י""ח",750,"ל  מ""ל",false,1,17.90,2.39,true,1,
3600522550167,false,קרם לילה אייג ספשיאליסט +45,לוריאל ישראל קוסמטיקס בעמ,,,"י""ח",50,"ל  מ""ל",false,1,51.20,102.40,false,1,
3600523651870,false,"אלביב שמפו ארגנין   550מ""ל",לוריאל ישראל קוסמטיקס בעמ,,,"י""ח",550,"ל  מ""ל",false,1,12.70,2.31,true,1,
3600523652228,false,"אלביב מרכך קטוטל ריפר  550מ""ל",לוריאל ישראל קוסמטיקס בעמ,,,"י""ח",550,"ל  מ""ל",false,1,12.70,2.31,true,1,
3600523652242,false,"אלביב שמפו קולור   550מ""ל",לוריאל ישראל קוסמטיקס בעמ,,,"י""ח",550,"ל  מ""ל",false,1,12.70,2.31,true,1,
3600523652259,false,"אלביב מרכך קולור  550מ""ל",לוריאל ישראל קוסמטיקס בעמ,,,"י""ח",550,"ל  מ""ל",false,1,12.70,2.31,true,1,
3600523652280,false,"אלביב שמפו 6 שמנים   550מ""ל",לוריאל ישראל קוסמטיקס בעמ,,,"י""ח",550,"ל  מ""ל",false,1,12.70,2.31,true,1,
3600523652297,false,"אלביב מרכך 6 שמנים 550מ""ל",לוריאל ישראל קוסמטיקס בעמ,,,"י""ח",550,"ל  מ""ל",false,1,12.70,2.31,true,1,
3600523755806,false,"אלביב שמפו קוקוס  550מ""ל",לוריאל ישראל קוסמטיקס בעמ,,,"י""ח",550,"ל  מ""ל",false,1,12.70,2.31,true,1,
3600523756322,false,"אלביב מרכך קוקוס  550מ""ל",לוריאל ישראל קוסמטיקס בעמ,,,"י""ח",550,"ל  מ""ל",false,1,12.70,2.31,true,1,
3600523782574,false,אלביב מסכה דרים לונג 300ML,לוריאל ישראל קוסמטיקס בעמ,,,"י""ח",360,"ל  מ""ל",false,1,29.80,8.28,false,1,
3600523782581,false,אלביב מרכך דרים לונג 500,לוריאל ישראל קוסמטיקס בעמ,,,"י""ח",500,"ל  מ""ל",false,1,12.70,2.54,true,1,
3600541253667,false,גרנייה דאודורנט כל הסוגים,לוריאל ישראל קוסמטיקס בעמ,,,"י""ח",150,"ל  מ""ל",false,1,12.60,8.40,true,1,
3600541928275,false,גרנייה מים מיסלריים דו-פאזיים,לוריאל ישראל קוסמטיקס בעמ,,,"י""ח",1,,false,1,25.60,25.60,false,1,
3600541937475,false,גרנייה פיור ניקוי 3ב1,לוריאל ישראל קוסמטיקס בעמ,,,"י""ח",1,,false,1,25.60,25.60,false,1,
3600542375801,false,"גרנייה פיוראקטיב 3ב1 פחם 150מ""ל",לוריאל ישראל קוסמטיקס בעמ,,,"י""ח",150,"ל  מ""ל",false,1,25.60,17.07,false,1,
3600542385091,false,דאו גרניה אקשן קונטרול  72שעות,לוריאל ישראל קוסמטיקס בעמ,,,"י""ח",1,,false,1,12.70,12.70,true,1,
3600542385251,false,דאו רול פרוטקשן 6 ורוד.,לוריאל ישראל קוסמטיקס בעמ,,,"י""ח",1,,false,1,12.70,12.70,true,1,
3600542385268,false,דאו רול אינביזיבל BWC גרניה,לוריאל ישראל קוסמטיקס בעמ,,,"י""ח",1,,false,1,12.70,12.70,true,1,
3600542431828,false,צבע לשיער גרניה קולור נטורלס 1,לוריאל ישראל קוסמטיקס בעמ,,,"י""ח",1,,false,1,16.20,16.20,false,1,
3600542431835,false,גרניה קולור נטורלס 3,לוריאל ישראל קוסמטיקס בעמ,,,"י""ח",1,,false,1,16.20,16.20,false,1,
3600542431859,false,צבע לשיער גרניה קולור 5,לוריאל ישראל קוסמטיקס בעמ,,,"י""ח",1,,false,1,16.20,16.20,false,1,
3600542431873,false,צבע לשיער גרניה קולור 7,לוריאל ישראל קוסמטיקס בעמ,,,"י""ח",1,,false,1,16.20,16.20,false,1,
3600542431880,false,צבע לשיער גרניה קולור 8,לוריאל ישראל קוסמטיקס בעמ,,,"י""ח",1,,false,1,16.20,16.20,false,1,
3600542431903,false,גצבע לשיער רניה קולור 10,לוריאל ישראל קוסמטיקס בעמ,,,"י""ח",1,,false,1,16.20,16.20,false,1,
3800020423578,false,קיט קאט צ`אנקי 40 גרם,קבוצת אוסם סחר-שות.מוגבלת,,,"י""ח",48,ל  גרם,false,1,3.30,6.88,true,1,
3838824127149,false,צבעי שיער שחור כחול סמי קיט,הנקל סוד בעמ,,,"י""ח",1,,false,1,17,17,true,1,
3838824127200,false,צבעי שיער חום כהה סמי קיט,הנקל סוד בעמ,,,"י""ח",1,,false,1,17,17,true,1,
3838824127224,false,צבעי שיער חום בינוני סמי קיט,הנקל סוד בעמ,,,"י""ח",1,,false,1,17,17,true,1,
3838824127248,false,צבעי שיער חום בהיר סמי קיט,הנקל סוד בעמ,,,"י""ח",1,,false,1,17,17,true,1,
3838824127361,false,צבעי שיער ערמונים סמי קיט,הנקל סוד בעמ,,,"י""ח",1,,false,1,17,17,true,1,
3838824127507,false,צבעי שיער  חום מבריק סמי קיט,הנקל סוד בעמ,,,"י""ח",1,,false,1,17,17,true,1,
3838824129020,false,צבעי שיער פלטה קיט,הנקל סוד בעמ,,,"י""ח",1,,false,1,32.20,32.20,true,1,
3838824193915,false,צבעי שיער שחור סמי קיט,הנקל סוד בעמ,,,"י""ח",1,,false,1,17,17,true,1,
3838824214320,false,קיט שחור כחול 1-1,הנקל סוד בעמ,,,"י""ח",1,,false,1,32.20,32.20,true,1,
3838824276007,false,צבעי שיער  בלונד בהיר מאוד סמי קיט,הנקל סוד בעמ,,,"י""ח",1,,false,1,17,17,true,1,
3838824327099,false,צבעי שיער סמי קיט,הנקל סוד בעמ,,,"י""ח",1,,false,1,17,17,true,1,
3838824380902,false,צבעי שיער בלונד סופר בהיר סמי קיט פאלטה,הנקל סוד בעמ,,,"י""ח",1,,false,1,17,17,true,1,
4000417019004,false,ריטר חלב אגוזים 100 גרם,ליימן שליסל,,,"י""ח",100,ל  גרם,false,1,9.30,9.30,true,1,
4000417022004,false,ריטר שוקולד צימוק אגוז,ליימן שליסל,,,"י""ח",100,ל  גרם,false,1,7.60,7.60,true,1,
4000417023001,false,ריטר ספורט שקדים חלב,ליימן שליסל,,,"י""ח",100,ל  גרם,false,1,9.30,9.30,true,1,
4000417025005,false,ריטר ספורט מרציפן,ליימן שליסל,,,"י""ח",100,ל  גרם,false,1,7.60,7.60,true,1,
4000417026002,false,ריטר שוקולד פרלין 100 גרם,ליימן שליסל,,,"י""ח",100,ל  גרם,false,1,7.60,7.60,true,1,
4000417101211,false,אמיצ`לי אגוז 150גר,ליימן שליסל,,,"י""ח",150,ל  גרם,false,1,15.30,10.20,false,1,
4000417101273,false,אמיצ`לי גלילי וופל עם קרם 300ג,ליימן שליסל,,,"י""ח",300,ל  גרם,false,1,29.80,9.93,true,1,
4000417212009,false,ריטר שוקולד מריר תפוז שקד 100 גרם,ליימן שליסל,,,"י""ח",100,ל  גרם,false,1,7.60,7.60,true,1,
4000417222008,false,ריטר שוקולד חלב עם שברי אגוזים 100גר`,ליימן שליסל,,,"י""ח",100,ל  גרם,false,1,7.60,7.60,true,1,
4000417224002,false,ריטר ספורט שוקולד מריר עם אגוזים שלמים,ליימן שליסל,,,"י""ח",100,ל  גרם,false,1,9.30,9.30,true,1,
4000417294005,false,ריטר מוס קקאו,ליימן שליסל,,,"י""ח",100,ל  גרם,false,1,7.60,7.60,true,1,
4000417298003,false,ריטר קוקוס אגוז 100גר,ליימן שליסל,,,"י""ח",100,ל  גרם,false,1,7.60,7.60,true,1,
4000417450302,false,מיני ריטר פאוצ 183ג ספורט,ליימן שליסל,,,"י""ח",183,ל  גרם,false,1,17,9.29,false,1,
4000417629616,false,ריטר ספורט שקדים מקורמלים,ליימן שליסל,,,"י""ח",100,ל  גרם,false,1,7.60,7.60,true,1,
4000417692313,false,ריטר ספורט קינמון קריספי לבן 100ג,ליימן שליסל,,,"י""ח",100,ל  גרם,false,1,7.60,7.60,true,1,
4000417694119,false,ריטר ספורט קפה קריספי 100ג,ליימן שליסל,,,"י""ח",100,ל  גרם,false,1,7.60,7.60,true,1,
4000417707000,false,ריטר ספורט חלב קשיו,ליימן שליסל,,,"י""ח",100,ל  גרם,false,1,9.30,9.30,true,1,
4000522009747,false,"סטיקלטי תפו""א 80גר",ר.ב. מוצרי דגנים בעמ,,,"י""ח",80,ל  גרם,false,1,3.30,4.13,false,1,
4000522061752,false,בייגלה צ`יו מקלות 100גר.,ר.ב. מוצרי דגנים בעמ,,,"י""ח",100,ל  גרם,false,1,3.30,3.30,false,1,
4001432773230,false,יין בלו ווין מוסקטו כשר 1 ליטר מאר,היכל היין שקד גולן בעמ,,,"י""ח",750,"ל  מ""ל",false,1,42.70,5.65,true,1,
4002448017684,false,סיליט באנג ספריי רב שימושי,רקיט בנקיזר (ניר איסט) בעמ,,,"י""ח",750,"ל  מ""ל",false,1,11,1.47,false,1,
4002448019480,false,~סיליט באנג מסיר שומנים,רקיט בנקיזר (ניר איסט) בעמ,,,"י""ח",750,"ל  מ""ל",false,1,11,1.47,false,1,
4002575016253,false,מרצפן 100גר.,ליימן שליסל,,,"י""ח",100,ל  גרם,false,1,8.10,8.10,false,1,
4002590000039,false,קלפני הדרים 150גר.,ליימן שליסל,,,"י""ח",150,ל  גרם,false,1,8.10,5.40,false,1,
4002590000046,false,קלפני מרענן 150גר.,ליימן שליסל,,,"י""ח",150,ל  גרם,false,1,8.10,5.40,false,1,
4002590000626,false,סוכריות בטעם דובדבן,ליימן שליסל,,,"י""ח",150,ל  גרם,false,1,6.80,4.53,false,1,
4002720005736,false,קפה לפילטר מליטה 250גר`,דנשר (1963) בעמ,,,"י""ח",250,ל  גרם,false,1,13.60,5.44,false,1,
4004666042004,false,מלרוז משמיד עובש,יעקב יעקבי ובניו בעמ,,,"י""ח",750,"ל  מ""ל",false,1,28.70,3.83,false,1,
4004666111656,false,"מלרוד גל פעיל להשמדת עובש 250מ""ל.",יעקב יעקבי ובניו בעמ,,,"י""ח",250,"ל  מ""ל",false,1,25.60,10.24,false,1,
4004666111663,false,"מלרוד שפורפרת להלבנת בין חרסינות 90מ""",יעקב יעקבי ובניו בעמ,,,"י""ח",90,"ל  מ""ל",false,1,23.90,26.56,false,1,
4004715020755,false,קישוטי עוגה פרינס אנד פרינסס,ליימן שליסל,,,"י""ח",1,,false,1,11.30,11.30,false,1,
4005808229390,false,ניוואה ג`ל רחצה לגבר COOL KICK 500,אלפא ב.ד.ף בעמ,,,"י""ח",500,"ל  מ""ל",false,1,12.70,2.54,true,1,
4005808293469,false,דאו  ספריי לגבר יבש,אלפא ב.ד.ף בעמ,,,"י""ח",150,"ל  מ""ל",false,1,13.60,9.07,true,1,
4005808366392,false,שפתון לבלו כחול,אלפא ב.ד.ף בעמ,,,"י""ח",1,,false,1,10.20,10.20,true,1,
4005808368280,false,שפתון לבלו דובדבן,אלפא ב.ד.ף בעמ,,,"י""ח",1,"י""ח",false,1,10.20,10.20,true,1,
4005808502004,false,שפתון לבלו ורוד,אלפא ב.ד.ף בעמ,,,"י""ח",1,"י""ח",false,1,10.20,10.20,true,1,
4005808515554,false,"קרם ניוואה סופט רב שימושי 300מ""ל",אלפא ב.ד.ף בעמ,,,"י""ח",300,ל  גרם,false,1,30.70,10.23,true,1,
4005808698103,false,תחליב גוף SMOOTH ניוואה,אלפא ב.ד.ף בעמ,,,"י""ח",500,ל  גרם,false,1,25.60,5.12,true,1,
4005808702107,false,תחליב גוף לעור יבש ניוואה,אלפא ב.ד.ף בעמ,,,"י""ח",500,ל  גרם,false,1,25.60,5.12,true,1,
4005808817726,false,"100 מ""ל לגילוח",אלפא ב.ד.ף בעמ,,,"י""ח",100,"ל  מ""ל",false,1,10.90,10.90,false,1,
4005808908585,false,דאו ניוואה פיור ספריי,אלפא ב.ד.ף בעמ,,,"י""ח",150,"ל  מ""ל",false,1,13.60,9.07,true,1,
4005900036476,false,דאו רול און בלק אנד וויט אישה,אלפא ב.ד.ף בעמ,,,"י""ח",50,"ל  מ""ל",false,1,18.60,37.20,true,1,
4005900036506,false,דאו רול און  בלק אנד וויט גבר,אלפא ב.ד.ף בעמ,,,"י""ח",50,"ל  מ""ל",false,1,18.60,37.20,true,1,
4005900420220,false,"ניוואה ג`ל רחצה לגב פיור אימפקט 500מ""ל",אלפא ב.ד.ף בעמ,,,"י""ח",500,"ל  מ""ל",false,1,12.70,2.54,true,1,
4005900494924,false,ספריי דריי פרש אישה ניוואה,אלפא ב.ד.ף בעמ,,,"י""ח",50,"ל  מ""ל",false,1,13.60,27.20,true,1,
4005900551412,false,"שפתון לבלו סאן פרוטקט 5.5מ""ל",אלפא ב.ד.ף בעמ,,,"י""ח",1,"י""ח",false,1,10.20,10.20,true,1,
4005900555915,false,"תחליב רחצה RELAXING MOMENTS 750מ""ל קוקוס",אלפא ב.ד.ף בעמ,,,"י""ח",750,"ל  מ""ל",false,1,13.60,1.81,true,1,
4005900833723,false,"ניוואה ג`ל רחצה לגב 500מ""ל POWER REFRE",אלפא ב.ד.ף בעמ,,,"י""ח",500,"ל  מ""ל",false,1,12.70,2.54,true,1,
4008287051032,false,קרומבאכר פילס פחית בודד 0.5ל,אגודת הכורמים,,,"י""ח",50,"ל  מ""ל",false,1,8.50,16.40,true,1,
4008287058161,false,קרומבאכר פילס 4.8%  0.33ל בקבוק 1/6,אגודת הכורמים,,,"י""ח",1.98,ליטר,false,1,32.40,15.61,true,1,
4009300522935,false,תה ירוק עם לימונית ולואיז,ש.שסטוביץ בעמ,,,"י""ח",30,ל  גרם,false,1,14.40,48,false,1,
4009300524588,false,פומפדור חליטת פירות יער,ש.שסטוביץ בעמ,,,"י""ח",300,ל  גרם,false,1,11.90,3.97,true,1,
4009300524625,false,פומפדור תה צ`אי מסאלה,ש.שסטוביץ בעמ,,,"י""ח",1,,false,1,11.90,11.90,true,1,
4009300525684,false,פומפדור חליטת צמחים ג`ינגר לימון,ש.שסטוביץ בעמ,,,"י""ח",300,ל  גרם,false,1,11.90,3.97,true,1,
4009300527909,false,פומפדור-חליטת גינגר כורכום,ש.שסטוביץ בעמ,,,"י""ח",30,ל  גרם,false,1,11.90,39.67,true,1,
4009300528821,false,תה ירוק גינגר וקנמון פומפדור,ש.שסטוביץ בעמ,,,"י""ח",30,ל  גרם,false,1,14.40,48,false,1,
4009300529514,false,פומפדור חליטת פירות אוכמניות,ש.שסטוביץ בעמ,,,"י""ח",30,ל  גרם,false,1,12.70,42.33,false,1,
4009300529538,false,פומפדור חליטת פירות לימון,ש.שסטוביץ בעמ,,,"י""ח",30,ל  גרם,false,1,12.70,42.33,false,1,
4009300530206,false,פומפדור חליטה תפוח טורקי,ש.שסטוביץ בעמ,,,"י""ח",44,ל  גרם,false,1,13.60,30.91,false,1,
4009300530275,false,פומפדור חליטה מנטה מרוקאית,ש.שסטוביץ בעמ,,,"י""ח",44,ל  גרם,false,1,13.60,30.91,false,1,
4009300595120,false,תה פומפדור-גינגר מנגו,ש.שסטוביץ בעמ,,,"י""ח",30,ל  גרם,false,1,11.90,39.67,true,1,
4009900013581,false,מארז חמישיית אורביט סטיקס ספירמינט,מרס ריגלי ישראל בעמ,,,"י""ח",5,"י""ח",false,1,8.40,1.68,false,1,
4009900385824,false,מארז חמישיית אורביט סטיקס פפרמינט,מרס ריגלי ישראל בעמ,,,"י""ח",5,"י""ח",false,1,8.40,1.68,false,1,
4009900402965,false,אורביט בקבוקון WHITE טעם פירות,מרס ריגלי ישראל בעמ,,,"י""ח",90,ל  גרם,false,1,9,10,true,1,
4009900403023,false,אורביט בקבוקון WHITE טעם מנטה,מרס ריגלי ישראל בעמ,,,"י""ח",90,ל  גרם,false,1,9,10,true,1,
4009900406918,false,הובה בובה טריפל,מרס ריגלי ישראל בעמ,,,"י""ח",56,ל  גרם,false,1,5.60,10,false,1,
4009900420129,false,אורביט בקבוקון פרופשיונל פפרמינט,מרס ריגלי ישראל בעמ,,,"י""ח",90,ל  גרם,false,1,9,10,true,1,
4009900426039,false,איירוויבז בקבוקון טעם מנטה אקליפטוס,מרס ריגלי ישראל בעמ,,,"י""ח",90,ל  גרם,false,1,9,10,true,1,
4009900426121,false,איירוויבז בקבוקון טעם אוכמניות,מרס ריגלי ישראל בעמ,,,"י""ח",90,ל  גרם,false,1,9,10,true,1,
4009900455299,false,סוכריות סקיטלס פירות 174ג,מרס ריגלי ישראל בעמ,,,"י""ח",174,ל  גרם,false,1,7.50,4.31,false,1,
4009900479998,false,אורביט בקבוקון WHITE טעם אוכמניות,מרס ריגלי ישראל בעמ,,,"י""ח",90,ל  גרם,false,1,9,10,true,1,
4009900482417,false,אורביט בקבוקון באבל מינט,מרס ריגלי ישראל בעמ,,,"י""ח",90,ל  גרם,false,1,9,10,true,1,
4009900484060,false,אורביט בקבוק 60יח פפרמינט,מרס ריגלי ישראל בעמ,,,"י""ח",84,ל  גרם,false,1,11,13.10,false,1,
4009900484091,false,אורביט בקבוק 60יח ספירמינט,מרס ריגלי ישראל בעמ,,,"י""ח",84,ל  גרם,false,1,11,13.10,false,1,
4009900484305,false,אורביט בקבוק 60יח סוויטמינט,מרס ריגלי ישראל בעמ,,,"י""ח",84,ל  גרם,false,1,11,13.10,false,1,
4009900487283,false,מארז חמישיית אורביט סטיקס פירות,מרס ריגלי ישראל בעמ,,,"י""ח",5,"י""ח",false,1,8.40,1.68,false,1,
4009900491044,false,מסטיק איירוייס בקבוק אוכמניות.,מרס ריגלי ישראל בעמ,,,"י""ח",84,ל  גרם,false,1,11.10,13.21,false,1,
4009900496247,false,אורביט בקבוק 60יח ספירמינט,מרס ריגלי ישראל בעמ,,,"י""ח",84,ל  גרם,false,1,11.10,13.21,false,1,
4009900531573,false,סוכריות סקיטלס סמודיס  174ג.,מרס ריגלי ישראל בעמ,,,"י""ח",174,ל  גרם,false,1,7.60,4.37,false,1,
4009900532327,false,סוכריות סקיטלס סמודיס  38גר.,מרס ריגלי ישראל בעמ,,,"י""ח",38,ל  גרם,false,1,2.60,6.84,false,1,
4009900536257,false,אורביט רפרשרס פפרמינט בקבוקון,מרס ריגלי ישראל בעמ,,,"י""ח",67,ל  גרם,false,1,10.20,15.22,false,1,
4009900536288,false,אורביט רפרשרס ספירמינט בקבוקון,מרס ריגלי ישראל בעמ,,,"י""ח",67,ל  גרם,false,1,10.20,15.22,false,1,
4009900539432,false,פייב באונס בטעם אבטיח HP,מרס ריגלי ישראל בעמ,,,"י""ח",15,ל  גרם,false,1,3.30,22,false,1,
4009900539685,false,פייב באונס בטעם מנטה בקבוקון,מרס ריגלי ישראל בעמ,,,"י""ח",67,ל  גרם,false,1,10.20,15.22,true,1,
4009900539746,false,פייב באונס בטעם אבטיח בקבוקון,מרס ריגלי ישראל בעמ,,,"י""ח",67,ל  גרם,false,1,10.20,15.22,true,1,
4009900540551,false,אורביט רפרשרס טרופיקל בקבוקון,מרס ריגלי ישראל בעמ,,,"י""ח",67,ל  גרם,false,1,10.20,15.22,false,1,
4011800290054,false,קורני חלבון שוקו 50ג,מ.סידס ובנו בעמ,,,"י""ח",50,ל  גרם,false,1,6.80,13.60,false,1,
4011800528416,false,חטיף קורני בייס סויט סולט 150גר,מ.סידס ובנו בעמ,,,"י""ח",150,ל  גרם,false,1,10.20,6.80,true,1,
4011800628512,false,קורני בייס שוקו 150 ג,מ.סידס ובנו בעמ,,,"י""ח",150,ל  גרם,false,1,10.20,6.80,true,1,
4011800630515,false,קורני בייס שוק בננה 150 ג,מ.סידס ובנו בעמ,,,"י""ח",150,ל  גרם,false,1,10.20,6.80,true,1,
4011800632519,false,קורני בייס קוקונט 150ג`,מ.סידס ובנו בעמ,,,"י""ח",150,ל  גרם,false,1,10.20,6.80,true,1,
4011800633516,false,קורני בייס דרק שוק 138 ג`,מ.סידס ובנו בעמ,,,"י""ח",6,"י""ח",false,1,10.20,1.70,true,1,
4013227013391,false,אייריש קרים אוטם קרים,הכרם משקאות חריפים בעמ,,,"י""ח",1,,false,1,51.50,51.50,true,1,
4014400144078,false,קנופרס שלשה 75ג,ליימן שליסל,,,"י""ח",75,ל  גרם,false,1,6.80,9.07,false,1,
4014400901191,false,מרסי 250 ג,ליימן שליסל,,,"י""ח",250,ל  גרם,false,1,21.80,8.72,false,1,
4014400901788,false,"סוכריות וורטר חמאה 1ק""ג",ליימן שליסל,,,"י""ח",1,"ק""ג",false,1,25.60,25.60,false,1,
4014400904277,false,אייספרש 425 ג,ליימן שליסל,,,"י""ח",425,ל  גרם,false,1,12.70,2.99,true,1,
4014400904376,false,שוקולדן 325 גרם.,ליימן שליסל,,,"י""ח",325,ל  גרם,false,1,12.70,3.91,true,1,
4014400904390,false,וולמילש 325 גרם,ליימן שליסל,,,"י""ח",325,ל  גרם,false,1,12.70,3.91,true,1,
4014400910063,false,וורטר טופי 135גר`,ליימן שליסל,,,"י""ח",135,ל  גרם,false,1,7.80,5.78,true,1,
4014400914696,false,וורטל ללא סוכר שקית 80גר`,ליימן שליסל,,,"י""ח",1,,false,1,7.80,7.80,true,1,
4014400914924,false,וורטל ללא סוכר קפה 80גר`,ליימן שליסל,,,"י""ח",1,,false,1,7.80,7.80,true,1,
4014400923711,false,טופיפי 125 גרם,ליימן שליסל,,,"י""ח",125,ל  גרם,false,1,10.20,8.16,true,1,
4014400925319,false,פופקורן וורטר קרמל 140גר,ליימן שליסל,,,"י""ח",140,ל  גרם,false,1,13.60,9.71,false,1,
4015000031394,false,ספטיל להסרת כתמים,גורי שיווק בעמ,,,"י""ח",200,ל  גרם,false,1,12.70,6.35,false,1,
4015000280372,false,דאו`רול און פה פורמאן 50 מ``ל.,הנקל סוד בעמ,,,"י""ח",1,,false,1,9.30,9.30,true,1,
4015000519915,false,דאודורנט ספריי FA ULTIMATE DRY ספורט,הנקל סוד בעמ,,,"י""ח",200,"ל  מ""ל",false,1,9.30,4.65,true,1,
4015000615921,false,דאו`ספריי פה ספורט 200 מ``ל,הנקל סוד בעמ,,,"י""ח",1,,false,1,9.30,9.30,true,1,
4015400564034,false,אולדייז מגה פק לונג פלוס 58 יח`***,דיפלומט מפיצים 1968 בעמ,,,"י""ח",58,"י""ח",false,1,17,0.29,true,1,
4015400564454,false,אולדייז מגה פק  לארג `68יח`***,דיפלומט מפיצים 1968 בעמ,,,"י""ח",1,,false,1,17,17,true,1,
4015400715290,false,טמפקס קומפאק סופר פלוס 22יח,דיפלומט מפיצים 1968 בעמ,,,"י""ח",1,,false,1,23,23,false,1,
4015400731719,false,אולוויז וליו פק  לילה 20יח`,דיפלומט מפיצים 1968 בעמ,,,"י""ח",1,,false,1,17,17,true,1,
4015400746812,false,אולדייז מגה פק נורמל 80יח`***,דיפלומט מפיצים 1968 בעמ,,,"י""ח",80,"י""ח",false,1,17,0.21,true,1,
4015400755241,false,אולוויז וליו פק  נורמל פלוס 28יח`.,דיפלומט מפיצים 1968 בעמ,,,"י""ח",1,,false,1,17,17,true,1,
4015400755487,false,אולוויז וליו פק  לונג פלוס  24יח`,דיפלומט מפיצים 1968 בעמ,,,"י""ח",1,,false,1,17,17,true,1,
4015400824725,false,טמפקס פלאש סופר 30 יח,דיפלומט מפיצים 1968 בעמ,,,"י""ח",1,,false,1,29.80,29.80,false,1,
4015600762742,false,"הד שולדרס שמפו קלאסי  500מ""ל",דיפלומט מפיצים 1968 בעמ,,,"י""ח",500,"ל  מ""ל",false,1,22,4.40,false,1,
4015600762780,false,"הד שולדרס 2ב1 קלאסי  500מ""ל",דיפלומט מפיצים 1968 בעמ,,,"י""ח",500,"ל  מ""ל",false,1,22,4.40,false,1,
4015600762902,false,"הד שולדרס שמפו מנטול 500מ""ל.",דיפלומט מפיצים 1968 בעמ,,,"י""ח",500,"ל  מ""ל",false,1,22,4.40,false,1,
4015600762940,false,"הד שולדרס שמפו תפוח   500מ""ל",דיפלומט מפיצים 1968 בעמ,,,"י""ח",500,"ל  מ""ל",false,1,21.90,4.38,false,1,
4015600763022,false,"הד שולדרס שמפו מגע משי  500מ""ל",דיפלומט מפיצים 1968 בעמ,,,"י""ח",500,"ל  מ""ל",false,1,22,4.40,false,1,
4017100198151,false,היט באלזן וניל 220 גר,ליימן שליסל,,,"י""ח",220,ל  גרם,false,1,6.70,3.05,true,1,
4017100364112,false,היט באלזן קקאו 220 גר,ליימן שליסל,,,"י""ח",220,ל  גרם,false,1,6.70,3.05,true,1,
4022025261002,false,יין בלו ווין גוורצטרמינר,היכל היין שקד גולן בעמ,,,"י""ח",750,"ל  מ""ל",false,1,42.70,5.65,true,1,
4023800012055,false,מרציפן מצופה 50ג,שוקוטרייד בעמ,,,"י""ח",50,ל  גרם,false,1,5,10,false,1,
4023800101902,false,טבלאות מרציפן מצופה שוקולד חלב  100ג,שוקוטרייד בעמ,,,"י""ח",100,ל  גרם,false,1,9.30,9.30,false,1,
4023800201909,false,טבלאות מרציפן מצופה  שוקולד מריר100ג,שוקוטרייד בעמ,,,"י""ח",100,ל  גרם,false,1,9.30,9.30,false,1,
4023800592120,false,מרציפן מצופה 125ג אננס,שוקוטרייד בעמ,,,"י""ח",125,ל  גרם,false,1,9.30,7.44,false,1,
4023800601907,false,טבלאות שוקולד חלב קרם קפה 100ג,שוקוטרייד בעמ,,,"י""ח",100,ל  גרם,false,1,9.30,9.30,false,1,
4023800792124,false,מרציפן מצופה 125ג אגוזי מלך,שוקוטרייד בעמ,,,"י""ח",125,ל  גרם,false,1,9.30,7.44,false,1,
4025700001962,false,שוקולד מילקה לבן 100ג,דיפלומט מפיצים (1968) בעמ**,,,"י""ח",100,ל  גרם,false,1,5.60,5.60,true,1,
4032900111292,false,וינסטון  סלימס,גלוברנדס בעמ,,,"י""ח",1,,false,1,23.90,23.90,false,1,
4033100013348,false,אל די לייט ארוך,גלוברנדס בעמ,,,"י""ח",1,,false,1,23.50,23.50,false,1,
4033100014499,false,אל די כחול בודד,גלוברנדס בעמ,,,"י""ח",1,,false,1,23.50,23.50,false,1,
4033100014529,false,אל די סלימס בודד,גלוברנדס בעמ,,,"י""ח",1,,false,1,21.40,21.40,false,1,
4033100024146,false,וינסטון קוד,גלוברנדס בעמ,,,"י""ח",1,,false,1,26.50,26.50,false,1,
4033100024153,false,וינסטון קוד 10 יחידות,גלוברנדס בעמ,,,"י""ח",1,,false,1,260.60,260.60,false,1,
4033100024252,false,וינסטון אקווה,גלוברנדס בעמ,,,"י""ח",1,,false,1,26.50,26.50,false,1,
4033100046490,false,וינסטון אקווה ארוך,גלוברנדס בעמ,,,"י""ח",1,,false,1,26.50,26.50,false,1,
4037719068508,false,קוונדיש סוכריות בפחית תות לימון,שוקוטרייד בעמ,,,"י""ח",200,ל  גרם,false,1,9.30,4.65,false,1,
4037719068515,false,קוונדיש סוכריות בפחית אוכמניות תפוח,שוקוטרייד בעמ,,,"י""ח",200,ל  גרם,false,1,9.30,4.65,false,1,
4037719068522,false,קוונדיש סוכריות בפחית דובדבן ליים,שוקוטרייד בעמ,,,"י""ח",200,ל  גרם,false,1,9.30,4.65,false,1,
4053700292455,false,ויט רצועות שעווה תמצית צמחים,רקיט בנקיזר (ניר איסט) בעמ,,,"י""ח",1,"י""ח",false,1,22.90,22.90,false,1,
4061445096702,false,קפה דווידוף פיין ארומה  100 גרם,מ.סידס ובנו בעמ,,,"י""ח",100,ל  גרם,false,1,21.30,21.30,false,1,
4066600999614,false,"פאולנר בקבוק 500 מ""ל",טמפו משקאות בעמ,,,"י""ח",500,"ל  מ""ל",false,1,10.30,2,true,1,
4067700014849,false,"ליקר ייגרמייסטר 700מ""ל",הכרם משקאות חריפים בעמ,,,"י""ח",700,"ל  מ""ל",false,1,84.90,12.09,true,1,
4084500065536,false,"פנטן קרם לחות לשיער  300מ""ל",דיפלומט מפיצים 1968 בעמ,,,"י""ח",300,"ל  מ""ל",false,1,15.30,5.10,false,1,
4084500065598,false,"פנטן קרם לחות לשיער  300מ""ל",דיפלומט מפיצים 1968 בעמ,,,"י""ח",300,"ל  מ""ל",false,1,15.30,5.10,false,1,
4084500088917,false,"~פיירי לימון 650מ""ל",דיפלומט מפיצים 1968 בעמ,,,"י""ח",650,"ל  מ""ל",false,1,8.50,1.31,false,1,
4084500149526,false,טייד ג`ל 2.48 ליטר,דיפלומט מפיצים 1968 בעמ,,,"י""ח",2.48,ליטר,false,1,25.30,10.20,false,1,
4084500739253,false,אורל בי משחת שיניים להלבנה,דיפלומט מפיצים 1968 בעמ,,,"י""ח",124,ל  גרם,false,1,18.70,15.08,true,1,
4084500853553,false,"פיירי אוריגינל 650מ""ל",דיפלומט מפיצים 1968 בעמ,,,"י""ח",1.24,ליטר,false,1,8.50,6.85,false,1,
4084500853836,false,"פיירי ורדים ומשי 515מ""ל",דיפלומט מפיצים 1968 בעמ,,,"י""ח",1.24,ליטר,false,1,8.50,6.85,false,1,
4084500853898,false,"פיירי אלוורה ומלפפונים 515מ""ל.",דיפלומט מפיצים 1968 בעמ,,,"י""ח",515,"ל  מ""ל",false,1,8.50,1.65,false,1,
4100130937163,false,"בירה בק`ס שישייה 275מ""ל",הכרם משקאות חריפים בעמ,,,"י""ח",1.65,ליטר,false,1,20.20,11.33,false,1,
4105120623941,false,"בירה ויינשטפן בקבוק 500מ""ל",החברה המרכזית להפצת משקאות בעמ,,,"י""ח",500,"ל  מ""ל",false,1,10.20,1.98,true,1,
4603400000043,false,וודקה רוסקי סטנדרט 700.,יורוסטנדרט בעמ,,,"י""ח",700,"ל  מ""ל",false,1,59.80,8.50,false,1,
4603928000976,false,"וודקה בלוגה 700מ""ל",טמפו משקאות בעמ,,,"י""ח",700,"ל  מ""ל",false,1,111.10,15.83,true,1,
4605561010312,false,חתיכות פילה הרינג עם שמיר בשמן פלסטיק,דילר בי.אמ.די פורמולה בעמ,,,"י""ח",200,ל  גרם,false,1,9.30,4.65,true,1,
4605561011975,false,חתיכות פילה הרינג בשמן 150גר.,דילר בי.אמ.די פורמולה בעמ,,,"י""ח",150,ל  גרם,false,1,6.80,4.53,false,1,
4605561012613,false,פילה הרינג (קצוץ) בשמן 400גר,דילר בי.אמ.די פורמולה בעמ,,,"י""ח",400,ל  גרם,false,1,13.60,3.40,true,1,
4607026342341,false,יין מבעבע לבן חצי מתוק אבראו דרסו,יורוסטנדרט בעמ,,,"י""ח",700,"ל  מ""ל",false,1,35.90,5.09,false,1,
4710068001692,false,מאסטר קפה לאטה 240מל פחית,טמפו משקאות בעמ,,,"י""ח",240,"ל  מ""ל",false,1,5.70,2.25,true,1,
4710068001715,false,"מאסטר קפה טרמיסו 240מ""ל",טמפו משקאות בעמ,,,"י""ח",240,"ל  מ""ל",false,1,5.70,2.25,true,1,
4710068001739,false,מאסטר קפה קולומביאני.,טמפו משקאות בעמ,,,"י""ח",1,,false,1,5.70,5.70,true,1,
4710068002798,false,מאסטר קפה ונילה 240מל פחית,טמפו משקאות בעמ,,,"י""ח",240,"ל  מ""ל",false,1,5.40,2.25,true,1,
4710068003313,false,מאסטר קפה אמריקטה 240מל פחית,טמפו משקאות בעמ,,,"י""ח",240,"ל  מ""ל",false,1,5.40,2.25,true,1,
4710964104916,false,"שמן שומשום טהור 370מ""ל",מזרח ומערב יבוא ושיווק,,,"י""ח",370,"ל  מ""ל",false,1,19.60,5.30,false,1,
4770237057561,false,"חטיף גבינה וניל עם שקדים בד""ץ 40גרגר",דילר בי.אמ.די פורמולה בעמ,,,"י""ח",40,ל  גרם,false,1,5,12.50,true,1,
4791021944720,false,תה ארלגרי 2 גרם  100,דברים טובים סגל בעמ,,,"י""ח",200,ל  גרם,false,1,18.70,9.35,true,1,
4800888190529,false,דאו סטיק דאב 50ג.,יוניליוור ישראל שיווק בעמ,,,"י""ח",76,ל  גרם,false,1,12.70,16.71,true,1,
4800888209405,false,רקסונה סטיק גברים קובלט דריי 50גר,יוניליוור ישראל שיווק בעמ,,,"י""ח",1,"י""ח",false,1,12.70,12.70,true,1,
4800888219510,false,דאב דאו סטיק מלפפונים 50גר,יוניליוור ישראל שיווק בעמ,,,"י""ח",50,ל  גרם,false,1,12.70,25.40,true,1,
4800888219534,false,דאו סטיק דאב 50ג.,יוניליוור ישראל שיווק בעמ,,,"י""ח",76,ל  גרם,false,1,12.70,16.71,true,1,
4810168000066,false,פילה דג הרינג מלוח מצונן עם תבלין 250ג,דילר בי.אמ.די פורמולה בעמ,,,"י""ח",250,ל  גרם,false,1,11.90,4.76,true,1,
4810168001056,false,פילה דג הרינג מלוח מצונן חתיכות 260גר,דילר בי.אמ.די פורמולה בעמ,,,"י""ח",260,ל  גרם,false,1,15.30,5.88,false,1,
4810168045555,false,פילה סלמון מלוח פ.קפוא 100ג מוכן לאכיל,דילר בי.אמ.די פורמולה בעמ,,,"י""ח",100,ל  גרם,false,1,19.60,19.60,false,1,
4810168045562,false,פילה סלמון מעושן פ.קפוא 100ג מוכן לאכילה,דילר בי.אמ.די פורמולה בעמ,,,"י""ח",100,ל  גרם,false,1,19.60,19.60,false,1,
4810168045579,false,פילה פורל מלוח פ.קפוא 100ג מוכן לאכילה,דילר בי.אמ.די פורמולה בעמ,,,"י""ח",100,ל  גרם,false,1,19.60,19.60,false,1,
4810168045586,false,פילה פורל מעושן פ.קפוא 100ג מוכן לאכילה,דילר בי.אמ.די פורמולה בעמ,,,"י""ח",100,ל  גרם,false,1,19.60,19.60,false,1,
4810168045593,false,פילה סלמון מלוח קפוא 200ג מוכן לאכילה,דילר בי.אמ.די פורמולה בעמ,,,"י""ח",200,ל  גרם,false,1,36.70,18.35,false,1,
4810168045609,false,פילה סלמון מעושן קפוא 200ג מוכן לאכילה,דילר בי.אמ.די פורמולה בעמ,,,"י""ח",200,ל  גרם,false,1,36.70,18.35,false,1,
4810168045616,false,פילה פורל מלוח קפוא 200גר מוכן לאכילה,דילר בי.אמ.די פורמולה בעמ,,,"י""ח",200,ל  גרם,false,1,36.70,18.35,false,1,
4810168045623,false,פילה פורל מעושן קפוא 200ג מוכן לאכילה,דילר בי.אמ.די פורמולה בעמ,,,"י""ח",200,ל  גרם,false,1,36.70,18.35,false,1,
4810168049928,false,"בלינצ`ס במילוי תפו""א ופטריות 420גר קפו",דילר בי.אמ.די פורמולה בעמ,,,"י""ח",420,ל  גרם,false,1,11.90,2.83,true,1,
4810168051396,false,בצק שמרים מרודד מוקפא  450גר,דילר בי.אמ.די פורמולה בעמ,,,"י""ח",450,ל  גרם,false,1,7.60,1.69,true,1,
4810168051570,false,"בלינצ`ס במילוי תפו""ע וקינמון 360גר קפוא",דילר בי.אמ.די פורמולה בעמ,,,"י""ח",360,ל  גרם,false,1,11.90,3.31,true,1,
4810168055004,false,כיסונים במילוי אוכמניות כחולות 450גר ק,דילר בי.אמ.די פורמולה בעמ,,,"י""ח",450,ל  גרם,false,1,17,3.78,true,1,
4810168055011,false,כיסונים במילוי גבינת טבורוג קפוא 450גר,דילר בי.אמ.די פורמולה בעמ,,,"י""ח",450,ל  גרם,false,1,13.60,3.02,true,1,
4810168055028,false,כיסונים במילוי דובדבנים 450גר קפוא,דילר בי.אמ.די פורמולה בעמ,,,"י""ח",450,ל  גרם,false,1,17,3.78,true,1,
4810168055035,false,כיסונים במילוי טבורוג וצימוקים 450גר קפו,דילר בי.אמ.די פורמולה בעמ,,,"י""ח",450,ל  גרם,false,1,13.60,3.02,true,1,
4810168055066,false,"כיסונים במילוי תפו""א ופטריות 450גר קפוא",דילר בי.אמ.די פורמולה בעמ,,,"י""ח",450,ל  גרם,false,1,11,2.44,true,1,
4810168055080,false,כיסונים במילוי כרוב ופטריות 450גר קפוא,דילר בי.אמ.די פורמולה בעמ,,,"י""ח",450,ל  גרם,false,1,11,2.44,true,1,
4810168055875,false,"חתיכות פילה דג הרינג מתובל בשמן 1.2ק""ג",דילר בי.אמ.די פורמולה בעמ,,,"י""ח",1.20,"ק""ג",false,1,34.10,28.42,false,1,
4810168055882,false,חתיכות פילה דג הרינג מומלח בשמן מצונן,דילר בי.אמ.די פורמולה בעמ,,,"י""ח",1.20,"ק""ג",false,1,34.10,28.42,false,1,
4810168055905,false,פילה דג הרינג סקנדינבי מומלח בשמן  1.2,דילר בי.אמ.די פורמולה בעמ,,,"י""ח",1.20,"ק""ג",false,1,34.10,28.42,false,1,
4810168056964,false,בלינצ`ס במילוי ממרח קקאו-א.לוז 360גר ק,דילר בי.אמ.די פורמולה בעמ,,,"י""ח",360,ל  גרם,false,1,11.90,3.31,true,1,
4810168057510,false,חתיכות פילה הרינג מתובל מלוח בשמן 400גר,דילר בי.אמ.די פורמולה בעמ,,,"י""ח",400,ל  גרם,false,1,23,5.75,true,1,
4810168058548,false,חתיכות פילה דג הרינג סקנדינבי מלוח בשמן,דילר בי.אמ.די פורמולה בעמ,,,"י""ח",1.20,"ק""ג",false,1,34.10,28.42,false,1,
4810168058975,false,פילה דג הרינג סקנדינבי חתיכות 260גר,דילר בי.אמ.די פורמולה בעמ,,,"י""ח",260,ל  גרם,false,1,15.30,5.88,false,1,
4810168058982,false,חתיכות פילה הרינג סקנדינבי בשמן 400גר,דילר בי.אמ.די פורמולה בעמ,,,"י""ח",400,ל  גרם,false,1,23,5.75,true,1,
4820154723442,false,"גלידת שמנת וניל ושוקו וופל""אמפרזה ""100",אייס דילר בי.אמ.די בעמ,,,"י""ח",100,ל  גרם,false,1,6.80,6.80,true,1,
4820154725187,false,"גלידת שמנת  ""אסקימוס"" בטעם שוקולד 80גר",אייס דילר בי.אמ.די בעמ,,,"י""ח",80,ל  גרם,false,1,5,6.25,true,1,
4820217240114,false,חמאה  200גר  Ferma 82.5%,דילר בי.אמ.די פורמולה בעמ,,,"י""ח",200,ל  גרם,false,1,7.60,3.80,false,1,
4823077602863,false,סוכריות 200גר בשקית Crazy bee,דילר בי.אמ.די.אינטרנשיונל בעמ,,,"י""ח",200,ל  גרם,false,1,5.90,2.95,true,1,
4823077608513,false,רושן סוכריות טופי חלב 205גר,דילר בי.אמ.די.אינטרנשיונל בעמ,,,"י""ח",205,ל  גרם,false,1,5.90,2.88,true,1,
4823077612732,false,רושן סוכריות בטעם פירות 200גר  Bim Bom,דילר בי.אמ.די.אינטרנשיונל בעמ,,,"י""ח",200,ל  גרם,false,1,4.20,2.10,true,1,
4823077613203,false,שוקולד רושן מריר עם אגוז שלם 90גר,דילר בי.אמ.די.אינטרנשיונל בעמ,,,"י""ח",90,ל  גרם,false,1,6.80,7.56,true,1,
4823077613630,false,חטיף שוקולד רושן ממולא קרם ברולה 43גר,דילר בי.אמ.די.אינטרנשיונל בעמ,,,"י""ח",40,ל  גרם,false,1,3.30,8.25,true,1,
4823077614675,false,ביסקוויט לקפה רושן בטעם חלב 185ג,דילר בי.אמ.די.אינטרנשיונל בעמ,,,"י""ח",185,ל  גרם,false,1,3.30,1.78,true,1,
4823077614767,false,שוקולד רושן חלב נוגט טעם אגוזי לוז 90גר,דילר בי.אמ.די.אינטרנשיונל בעמ,,,"י""ח",90,ל  גרם,false,1,4.20,4.67,true,1,
4823077614804,false,שוקולד רושן חלב נוגט טעם אוכמניות כחול,דילר בי.אמ.די.אינטרנשיונל בעמ,,,"י""ח",90,ל  גרם,false,1,4.20,4.67,true,1,
4823077617041,false,חטיף שוקולד רושן ממולא קרם קרמל 43גר,דילר בי.אמ.די.אינטרנשיונל בעמ,,,"י""ח",43,ל  גרם,false,1,3.30,7.67,true,1,
4823077618161,false,"וופל  רול""קונאפטו"" חלב 140גר",דילר בי.אמ.די.אינטרנשיונל בעמ,,,"י""ח",140,ל  גרם,false,1,5.90,4.21,true,1,
4823077621635,false,וופל רושן בטעם חלב 72גר,דילר בי.אמ.די.אינטרנשיונל בעמ,,,"י""ח",72,ל  גרם,false,1,3.30,4.58,true,1,
4823077621642,false,וופל רושן בטעם שוקולד 72גר,דילר בי.אמ.די.אינטרנשיונל בעמ,,,"י""ח",72,ל  גרם,false,1,3.30,4.58,true,1,
4823077621659,false,וופל רושן בטעם אגוז 72גר,דילר בי.אמ.די.אינטרנשיונל בעמ,,,"י""ח",72,ל  גרם,false,1,3.30,4.58,true,1,
4823077625589,false,וופל רושן בטעם חלב 216גר,דילר בי.אמ.די.אינטרנשיונל בעמ,,,"י""ח",216,ל  גרם,false,1,5.90,2.73,true,1,
4823077625602,false,וופל רושן בטעם שוקולד 216גר,דילר בי.אמ.די.אינטרנשיונל בעמ,,,"י""ח",216,ל  גרם,false,1,5.90,2.73,true,1,
4823077625626,false,וופל רושן בטעם אגוז 216גר,דילר בי.אמ.די.אינטרנשיונל בעמ,,,"י""ח",216,ל  גרם,false,1,5.90,2.73,true,1,
4823077626203,false,שוקולד רושן אורירי מריר 80גר,דילר בי.אמ.די.אינטרנשיונל בעמ,,,"י""ח",80,ל  גרם,false,1,5.90,7.38,true,1,
4823077626227,false,שוקולד רושן אורירי חלב 80גר,דילר בי.אמ.די.אינטרנשיונל בעמ,,,"י""ח",80,ל  גרם,false,1,5.90,7.38,true,1,
4823077626241,false,שוקולד רושן אורירי לבן קרמל 80גר,דילר בי.אמ.די.אינטרנשיונל בעמ,,,"י""ח",80,ל  גרם,false,1,5.90,7.38,true,1,
4823077626364,false,שוקולד רושן אורירי לבן 80גר,דילר בי.אמ.די.אינטרנשיונל בעמ,,,"י""ח",80,ל  גרם,false,1,5.90,7.38,true,1,
4823077629136,false,שוקולד רושן חלב 90גר LACMI,דילר בי.אמ.די.אינטרנשיונל בעמ,,,"י""ח",85,ל  גרם,false,1,5.90,6.94,true,1,
4823077630422,false,סנדוויץ קרקר חלב וניל רושן 235גר,דילר בי.אמ.די.אינטרנשיונל בעמ,,,"י""ח",235,ל  גרם,false,1,8.50,3.62,true,1,
4823077630439,false,סנדוויץ קרקר שוקולד רושן 235גר,דילר בי.אמ.די.אינטרנשיונל בעמ,,,"י""ח",235,ל  גרם,false,1,8.50,3.62,true,1,
4823077630996,false,סנדוויץ קרקר קקאו-אגוז רושן 235גר,דילר בי.אמ.די.אינטרנשיונל בעמ,,,"י""ח",235,ל  גרם,false,1,8.50,3.62,true,1,
4823077631856,false,"וופל  רול""קונאפטו"" קוקוס 140גר",דילר בי.אמ.די.אינטרנשיונל בעמ,,,"י""ח",140,ל  גרם,false,1,5.90,4.21,true,1,
4823077631863,false,"וופל  רול""קונאפטו"" וניל 140גר",דילר בי.אמ.די.אינטרנשיונל בעמ,,,"י""ח",140,ל  גרם,false,1,5.90,4.21,true,1,
4823077632112,false,וופל רושן בטעם קקאו חלב 216גר,דילר בי.אמ.די.אינטרנשיונל בעמ,,,"י""ח",216,ל  גרם,false,1,5.90,2.73,true,1,
4823077632259,false,חטיף שוקולד רושן עם בוטנים  43גר,דילר בי.אמ.די.אינטרנשיונל בעמ,,,"י""ח",40,ל  גרם,false,1,3.30,8.25,true,1,
4823077632570,false,שוקולד רושן מריר 85גר Brut,דילר בי.אמ.די.אינטרנשיונל בעמ,,,"י""ח",85,ל  גרם,false,1,5.90,6.94,true,1,
4823077632587,false,שוקולד רושן חלב עם שקד שלם 90גר.,דילר בי.אמ.די.אינטרנשיונל בעמ,,,"י""ח",90,ל  גרם,false,1,6.80,7.56,true,1,
4823077632594,false,שוקולד רושן חלב עם אגוז שלם 90גר,דילר בי.אמ.די.אינטרנשיונל בעמ,,,"י""ח",90,ל  גרם,false,1,6.80,7.56,true,1,
4823077633034,false,"וופל  רול""קונאפטו"" קקאו 140גר",דילר בי.אמ.די.אינטרנשיונל בעמ,,,"י""ח",140,ל  גרם,false,1,5.90,4.21,true,1,
4823077633058,false,"וופל  רול""קונאפטו"" אגוז 140גר",דילר בי.אמ.די.אינטרנשיונל בעמ,,,"י""ח",140,ל  גרם,false,1,5.90,4.21,true,1,
4823077633317,false,עוגיות Lovita שוקולד עם חתיכות ש. 150ג,דילר בי.אמ.די.אינטרנשיונל בעמ,,,"י""ח",150,ל  גרם,false,1,5.90,3.93,true,1,
4823077633324,false,עוגיות שוקוצ`יפס  Lovita חתיכות שוקולד,דילר בי.אמ.די.אינטרנשיונל בעמ,,,"י""ח",150,ל  גרם,false,1,5.90,3.93,true,1,
4823077633331,false,עוגיות רושן  Lovita טעם תפוז 150גר,דילר בי.אמ.די.אינטרנשיונל בעמ,,,"י""ח",150,ל  גרם,false,1,5.90,3.93,true,1,
4823077633348,false,עוגיות רושן  Lovita עם חתיכות בוטנים,דילר בי.אמ.די.אינטרנשיונל בעמ,,,"י""ח",150,ל  גרם,false,1,5.90,3.93,true,1,
4823077633508,false,רושן חטיף וופל במילוי קרם קקאו מצופה 3,דילר בי.אמ.די.אינטרנשיונל בעמ,,,"י""ח",34,ל  גרם,false,1,3.30,9.71,true,1,
4823077633515,false,רושן חטיף וופל במילוי קרם חלבי מצופה,דילר בי.אמ.די.אינטרנשיונל בעמ,,,"י""ח",34,ל  גרם,false,1,3.30,9.71,true,1,
4823077634178,false,עוגיות רושן במילוי תפוח קינמון 168גר,דילר בי.אמ.די.אינטרנשיונל בעמ,,,"י""ח",168,ל  גרם,false,1,5.90,3.51,true,1,
4823077634192,false,עוגיות רושן במילוי דובדבן וניל 168גר,דילר בי.אמ.די.אינטרנשיונל בעמ,,,"י""ח",168,ל  גרם,false,1,5.90,3.51,true,1,
4823077634222,false,עוגיות רושן תפוז 135גר LOVITA,דילר בי.אמ.די.אינטרנשיונל בעמ,,,"י""ח",168,ל  גרם,false,1,5.90,3.51,true,1,
4823077634246,false,עוגיות רושן פטל 135גר LOVITA,דילר בי.אמ.די.אינטרנשיונל בעמ,,,"י""ח",168,ל  גרם,false,1,5.90,3.51,true,1,
4823077634277,false,עוגיות רושן תות שדה 135גר LOVITA,דילר בי.אמ.די.אינטרנשיונל בעמ,,,"י""ח",168,ל  גרם,false,1,5.90,3.51,true,1,
4823077634369,false,שוקולד רושן חלב אוורירי ופצפוצי אורז,דילר בי.אמ.די.אינטרנשיונל בעמ,,,"י""ח",85,ל  גרם,false,1,5.90,6.94,true,1,
4823077634376,false,שוקולד רושן חלב אוורירי קרם אגוזים,דילר בי.אמ.די.אינטרנשיונל בעמ,,,"י""ח",85,ל  גרם,false,1,5.90,6.94,true,1,
4823077634413,false,עוגות אישיות TOO COOL תות שדה 270גר,דילר בי.אמ.די.אינטרנשיונל בעמ,,,"י""ח",270,ל  גרם,false,1,11.90,4.41,true,1,
4823077634741,false,עוגיות רושן במילוי תות שדה 168גר,דילר בי.אמ.די.אינטרנשיונל בעמ,,,"י""ח",168,ל  גרם,false,1,5.90,3.51,true,1,
4823077635489,false,חטיף וופל קרם קקאו350ג Johny Krocker,דילר בי.אמ.די.אינטרנשיונל בעמ,,,"י""ח",350,ל  גרם,false,1,14.40,4.11,true,1,
4823077635533,false,חטיף וופל קרם חלב350ג Johny Krocker,דילר בי.אמ.די.אינטרנשיונל בעמ,,,"י""ח",350,ל  גרם,false,1,14.40,4.11,true,1,
4823077635793,false,וופלים דקיקים רושן THINS בטעם חלב וניל,דילר בי.אמ.די.אינטרנשיונל בעמ,,,"י""ח",55,ל  גרם,false,1,4.20,7.64,false,1,
4823077635809,false,וופלים דקיקים רושן THINS בטעם קקאו 55גר,דילר בי.אמ.די.אינטרנשיונל בעמ,,,"י""ח",55,ל  גרם,false,1,4.20,7.64,false,1,
4823077636004,false,עוגיות רושן קקאו דובדבן 135גר LOVITA,דילר בי.אמ.די.אינטרנשיונל בעמ,,,"י""ח",168,ל  גרם,false,1,5.90,3.51,true,1,
4823077636059,false,עוגיות קקאו דובדבן 420גר LOVITA,דילר בי.אמ.די.אינטרנשיונל בעמ,,,"י""ח",420,ל  גרם,false,1,14.40,3.43,false,1,
4823077636073,false,עוגיות תות שדה 420גר LOVITA,דילר בי.אמ.די.אינטרנשיונל בעמ,,,"י""ח",420,ל  גרם,false,1,14.40,3.43,false,1,
4823077636097,false,עוגיות פטל 420גר LOVITA,דילר בי.אמ.די.אינטרנשיונל בעמ,,,"י""ח",420,ל  גרם,false,1,14.40,3.43,false,1,
4823077636110,false,עוגיות תפוז 420גר LOVITA,דילר בי.אמ.די.אינטרנשיונל בעמ,,,"י""ח",420,ל  גרם,false,1,14.40,3.43,false,1,
4823077636172,false,וופל רושן בטעם לימון 216גר,דילר בי.אמ.די.אינטרנשיונל בעמ,,,"י""ח",216,ל  גרם,false,1,5.90,2.73,true,1,
4823077636547,false,סוכריות ממולאות בטעם פירות  468גר BIM,דילר בי.אמ.די.אינטרנשיונל בעמ,,,"י""ח",468,ל  גרם,false,1,10.20,2.18,true,1,
4823077636554,false,סוכריות ממולאות קרם טעם חלב  378גר,דילר בי.אמ.די.אינטרנשיונל בעמ,,,"י""ח",378,ל  גרם,false,1,10.20,2.70,true,1,
4823077636585,false,"סוכריות טופי ""מילקי בינקי"" 325גר",דילר בי.אמ.די.אינטרנשיונל בעמ,,,"י""ח",325,ל  גרם,false,1,10.20,3.14,true,1,
4823077636592,false,סוכריות ג`לי 378גר בשקית Crazy bee,דילר בי.אמ.די.אינטרנשיונל בעמ,,,"י""ח",378,ל  גרם,false,1,10.20,2.70,true,1,
4823077636608,false,סוכריות טופי במילוי שוקולד 325גר,דילר בי.אמ.די.אינטרנשיונל בעמ,,,"י""ח",325,ל  גרם,false,1,10.20,3.14,true,1,
4860019001346,false,"בורז ומי מים מינרלים 500מ""ל",יורוסטנדרט בעמ,,,"י""ח",500,"ל  מ""ל",false,1,7,1.34,false,1,
4860019001414,false,"מים מינרלים בורג`ומי 750מ""ל",יורוסטנדרט בעמ,,,"י""ח",750,"ל  מ""ל",false,1,7.80,1,false,1,
4891199027598,false,סוללות-אלקליין GP רביעיה,סמיקום לקסיס בעמ,,,"י""ח",1,,false,1,7.50,7.50,false,1,
4891199088117,false,סוללות-אלקליין AAA*4,סמיקום לקסיס בעמ,,,"י""ח",1,,false,1,16.90,16.90,false,1,
4891228304454,false,שיק היידרו 5 סנס מכשיר +סכין,ש.שסטוביץ בעמ,,,"י""ח",1,,false,1,34.10,34.10,false,1,
4891228430047,false,סכיני גילוח שיק אקסטרה 10 יח  ירוק,ש.שסטוביץ בעמ,,,"י""ח",1,,false,1,21.30,21.30,false,1,
4891228430092,false,אקסטרים 3 לאישה,ש.שסטוביץ בעמ,,,"י""ח",1,,false,1,12.70,12.70,false,1,
4903001904192,false,"רוטב סויה יאמאסה פרימיום 500מ""ל",ליימן שליסל,,,"י""ח",500,"ל  מ""ל",false,1,22.80,4.56,false,1,
4903001904208,false,רוטב סויה יאמאסה פרימיום 1 ליטר,ליימן שליסל,,,"י""ח",1,ליטר,false,1,34.70,34.70,false,1,
5000111047364,false,רוטב ברביקיו דבש465גר,דיפלומט מפיצים (1968) בעמ**,,,"י""ח",465,ל  גרם,false,1,13.60,2.92,false,1,
5000146057710,false,"ווינדלין 750 מ""ל לניקוי חלונות",רקיט בנקיזר (ניר איסט) בעמ,,,"י""ח",1.50,ליטר,false,1,8.50,5.67,true,1,
5000146401568,false,וורלייט דפים הגנה על הבד,רקיט בנקיזר (ניר איסט) בעמ,,,"י""ח",1,"י""ח",false,1,12.70,12.70,false,1,
5000157143365,false,"מתבל טעם מיונז וקטשופ 425מ""ל",דיפלומט מפיצים (1968) בעמ**,,,"י""ח",425,ל  גרם,false,1,12.70,2.99,false,1,
5000159376655,false,סוכריות סקיטלס פירות 38גר,מרס ריגלי ישראל בעמ,,,"י""ח",38,ל  גרם,false,1,2.50,6.58,false,1,
5000159407236,false,מרס חטיף שוק 51גר,מרס ריגלי ישראל בעמ,,,"י""ח",51,ל  גרם,false,1,3.90,7.65,true,1,
5000159414197,false,מלטיזרס 135ג,מרס ריגלי ישראל בעמ,,,"י""ח",1560,ל  גרם,false,1,9.30,0.60,false,1,
5000159452540,false,סניקרס מארז 5 יח,מרס ריגלי ישראל בעמ,,,"י""ח",180,ל  גרם,false,1,11,6.11,false,1,
5000159459228,false,טוויקס חטיף 50גר,מרס ריגלי ישראל בעמ,,,"י""ח",50,ל  גרם,false,1,3.90,7.80,true,1,
5000159461122,false,סניקרס חטיף 50גר,מרס ריגלי ישראל בעמ,,,"י""ח",51,ל  גרם,false,1,3.90,7.65,true,1,
5000159536400,false,טוויקס סטיקס 99קלוריות 200ג.,מרס ריגלי ישראל בעמ,,,"י""ח",200,ל  גרם,false,1,13.60,6.80,false,1,
5000159538626,false,טוויקס מארז 5 יח,מרס ריגלי ישראל בעמ,,,"י""ח",180,ל  גרם,false,1,11,6.11,false,1,
5000159541152,false,טוויקס חטיף 50גר,מרס ריגלי ישראל בעמ,,,"י""ח",50,ל  גרם,false,1,3.90,7.80,true,1,
5000204153729,false,"גלייד ספריי אוטומטי 269מ""ל מילוי",דנשר (1963) בעמ,,,"י""ח",269,"ל  מ""ל",false,1,12.70,4.72,false,1,
5000204153842,false,"גלייד ספריי אוטומטי 269מ""ל מילוי",דנשר (1963) בעמ,,,"י""ח",269,"ל  מ""ל",false,1,12.70,4.72,false,1,
5000204153903,false,"גלייד ספריי אוטומטי 269מ""ל מילוי",דנשר (1963) בעמ,,,"י""ח",269,"ל  מ""ל",false,1,12.70,4.72,false,1,
5000204156218,false,גלייד מארז אוטומטי מעוצב לבנדר וניל,דנשר (1963) בעמ,,,"י""ח",269,"ל  מ""ל",false,1,34.10,12.68,false,1,
5000204220933,false,רייד אקסטרה קוטל מעופפים,דנשר (1963) בעמ,,,"י""ח",400,"ל  מ""ל",false,1,12.70,3.18,false,1,
5000204661392,false,קיווי משחת נעליים בקופסא 100גר,דנשר (1963) בעמ,,,"י""ח",88,"ל  מ""ל",false,1,8.50,9.66,false,1,
5000219120112,false,פאל מאל כחול ארוך סטרים פילטר,גלוברנדס בעמ,,,"י""ח",1,,false,1,247.90,247.90,false,1,
5000267014234,false,"וויסקי ג וני ווקר אדום 700מ""ל",החברה המרכזית להפצת משקאות בעמ,,,"י""ח",700,"ל  מ""ל",false,1,68.30,9.71,false,1,
5000289925440,false,"ג`ין גורדונס 700 מ""ל",החברה המרכזית להפצת משקאות בעמ,,,"י""ח",700,"ל  מ""ל",false,1,76.90,10.94,false,1,
5000299609347,false,"וויסקי גלנליווט פאונדרס ריזרב 700מ""ל",טמפו משקאות בעמ,,,"י""ח",700,"ל  מ""ל",false,1,128.20,18.27,true,1,
5010029000252,false,דגנ בוקר וויטביקס מקורי 430ג,ר.ב. מוצרי דגנים בעמ,,,"י""ח",430,ל  גרם,false,1,20.40,4.74,false,1,
5010029221091,false,וויטביקס פרוטאין קראנץ עם שוקולד 450ג,ר.ב. מוצרי דגנים בעמ,,,"י""ח",450,ל  גרם,false,1,24.70,5.49,false,1,
5010038454831,false,"בירה בלו מון 330מ""ל",הכרם משקאות חריפים בעמ,,,"י""ח",330,"ל  מ""ל",false,1,11.90,3.52,true,1,
5010103800259,false,"וויסקי J B 700מ""ל",החברה המרכזית להפצת משקאות בעמ,,,"י""ח",700,"ל  מ""ל",false,1,85.40,12.16,false,1,
5010106113127,false,"וויסקי בלנטיין 700מ""ל",טמפו משקאות בעמ,,,"י""ח",700,"ל  מ""ל",false,1,68.30,9.71,false,1,
5010182997253,false,RAID ארוסול מקס,דנשר (1963) בעמ,,,"י""ח",400,"ל  מ""ל",false,1,12.70,3.18,false,1,
5010182997338,false,ג ל דאק,דנשר (1963) בעמ,,,"י""ח",55,ל  גרם,false,1,8.50,15.45,false,1,
5010182997680,false,ארוסול-קוטל   זוחלים,דנשר (1963) בעמ,,,"י""ח",400,"ל  מ""ל",false,1,12.70,3.18,false,1,
5010182997918,false,טואלט דק ג ל אסלה,דנשר (1963) בעמ,,,"י""ח",55,ל  גרם,false,1,8.50,15.45,false,1,
5010182998847,false,"טואלט דאק נוזל כחול 750מ""ל",דנשר (1963) בעמ,,,"י""ח",750,"ל  מ""ל",false,1,7.60,1.01,false,1,
5010182998861,false,"טואלט דאק נוזל ירוק 750מ""ל",דנשר (1963) בעמ,,,"י""ח",750,"ל  מ""ל",false,1,7.60,1.01,false,1,
5010327000046,false,"וויסקי גרנטס וויסקי 700 מ""ל",הכרם משקאות חריפים בעמ,,,"י""ח",750,"ל  מ""ל",false,1,55.80,7.40,false,1,
5010327399614,false,גלנפיזיך 12 אמריקן אוק,הכרם משקאות חריפים בעמ,,,"י""ח",750,"ל  מ""ל",false,1,188,25.03,true,1,
5010677551281,false,"בקרדי בריזר לימון 275 מ""ל",טמפו משקאות בעמ,,,"י""ח",275,"ל  מ""ל",false,1,12.10,4.29,true,1,
5010677551397,false,"בקרדי בריזר למון ליים 275מ""ל",טמפו משקאות בעמ,,,"י""ח",275,"ל  מ""ל",false,1,12.10,4.29,true,1,
5010677554398,false,"בקרדי בריזר אבטיח 275מ""ל",טמפו משקאות בעמ,,,"י""ח",275,"ל  מ""ל",false,1,12.10,4.29,true,1,
5011007003005,false,"גיימסון 700 מ""ל",טמפו משקאות בעמ,,,"י""ח",700,"ל  מ""ל",false,1,85.40,12.16,true,1,
5011157630281,false,"אורז טילדה בסגנון בסמטי 1 ק""ג",ש.שסטוביץ בעמ,,,"י""ח",1,"ק""ג",false,1,21.30,21.30,false,1,
5011417547885,false,איירוויק מקלות ריחניים,רקיט בנקיזר (ניר איסט) בעמ,,,"י""ח",1,,false,1,12.70,12.70,true,1,
5014271003979,false,מעדן פרי סופר פרוט איכמניות 170ג דלפור,א. סיימן סחר בעמ,,,"י""ח",170,ל  גרם,false,1,13.60,8,false,1,
5014271003986,false,מעדן פרי סופר פרוט משמש 170ג דלפור,א. סיימן סחר בעמ,,,"י""ח",170,ל  גרם,false,1,13.60,8,false,1,
5014271004228,false,מעדן פרי סופר פרוט דובדבן 170ג דלפור,א. סיימן סחר בעמ,,,"י""ח",170,ל  גרם,false,1,13.60,8,false,1,
5014271300429,false,מעדן דלפור משמש 284 ג,א. סיימן סחר בעמ,,,"י""ח",284,ל  גרם,false,1,19.60,6.90,true,1,
5014271310428,false,מעדן דובדבן דלפור,א. סיימן סחר בעמ,,,"י""ח",284,ל  גרם,false,1,19.60,6.90,true,1,
5014271330426,false,מעדן אוכמניות דלפור,א. סיימן סחר בעמ,,,"י""ח",284,ל  גרם,false,1,19.60,6.90,true,1,
5014271400426,false,מעדן תות שדה דלפור,א. סיימן סחר בעמ,,,"י""ח",284,ל  גרם,false,1,19.60,6.90,true,1,
5014271560427,false,מעדן  תפוז דלפור,א. סיימן סחר בעמ,,,"י""ח",284,ל  גרם,false,1,19.60,6.90,true,1,
5017818800116,false,"ד""ר פפר",טמפו משקאות בעמ,,,"י""ח",1,,false,1,4.70,4.70,false,1,
5029053002408,false,קלינקס  נייר טואלט פרימיום לבן 1/9,קימברלי קלארק ישראל שיווק בעמ,,,"י""ח",1184,ל  גרם,false,1,27.30,2.31,false,1,
5029053002439,false,קליניקס נייר טואלט  פרימיום צהוב 1/9.,קימברלי קלארק ישראל שיווק בעמ,,,"י""ח",1184,ל  גרם,false,1,27.30,2.31,false,1,
5029053039725,false,טישו קלינקס נטורל פרש 72 דף,קימברלי קלארק ישראל שיווק בעמ,,,"י""ח",72,"י""ח",false,1,9.30,0.13,true,1,
5029053510811,false,קוטקס נורמל 28 יחידות,קימברלי קלארק ישראל שיווק בעמ,,,"י""ח",28,"י""ח",false,1,16.90,0.60,true,1,
5029053510828,false,קוטקס סופר 24 יחידות,קימברלי קלארק ישראל שיווק בעמ,,,"י""ח",24,"י""ח",false,1,16.90,0.70,true,1,
5029053523446,false,קוטקס לילה 20 יחידות,קימברלי קלארק ישראל שיווק בעמ,,,"י""ח",20,"י""ח",false,1,16.90,0.85,true,1,
5029053535210,false,קוטקס טמפון+מוליך מיני,קימברלי קלארק ישראל שיווק בעמ,,,"י""ח",1,"י""ח",false,1,23.90,23.90,false,1,
5029053535227,false,קוטקס טמפון+מוליך נורמל,קימברלי קלארק ישראל שיווק בעמ,,,"י""ח",1,"י""ח",false,1,23.90,23.90,false,1,
5029054220085,false,מגבוני רך נולד 1/4,קימברלי קלארק ישראל שיווק בעמ,,,"י""ח",4,"י""ח",false,1,25.60,6.40,false,1,
5035766044772,false,"סיידר אלכוהולי 330מ""ל רביעייה",טמפו משקאות בעמ,,,"י""ח",1.32,ליטר,false,1,26.30,19.17,false,1,
5060045588128,false,ג ים בים לבן,הכרם משקאות חריפים בעמ,,,"י""ח",375,"ל  מ""ל",false,1,77.10,20.48,true,1,
5060517886486,false,"משקה אנרגיה מונסטר פח 500מ""ל",החברה המרכזית להפצת משקאות בעמ,,,"י""ח",500,"ל  מ""ל",false,1,6,1.14,false,1,
5060517886516,false,"משקה אנרגיה מונסטר זירו פח 500מ""ל",החברה המרכזית להפצת משקאות בעמ,,,"י""ח",500,"ל  מ""ל",false,1,6,1.14,false,1,
5060639129102,false,"משקה אנרגיה מונסטר מנגו פח 500מ""ל",החברה המרכזית להפצת משקאות בעמ,,,"י""ח",500,"ל  מ""ל",false,1,6,1.14,false,1,
5060751218173,false,"משקה אנרגיה מונסטר פח 500מ""ל",החברה המרכזית להפצת משקאות בעמ,,,"י""ח",500,"ל  מ""ל",false,1,6.50,1.24,false,1,
5060751219033,false,"משקה אנרגיה מונסטר פח 500מ""ל",החברה המרכזית להפצת משקאות בעמ,,,"י""ח",500,"ל  מ""ל",false,1,6,1.14,false,1,
5099864006391,false,סימילאק למהדרין שלב 3 900 ג`,שקד תבל בעמ ***,,,"י""ח",900,ל  גרם,false,1,67.70,7.52,false,1,
5201004020338,false,קפריס רולס קלאסיק 400 גרם,מ.סידס ובנו בעמ,,,"י""ח",400,ל  גרם,false,1,17.90,4.48,false,1,
5202175001515,false,חטיף נאצוס בטעם טבעי 225גרם,מזרח ומערב יבוא ושיווק,,,"י""ח",225,ל  גרם,false,1,9.30,4.13,false,1,
5202175001546,false,חטיף נאצוס בטעם ברביקיו 225גרם,מזרח ומערב יבוא ושיווק,,,"י""ח",225,ל  גרם,false,1,9.30,4.13,false,1,
5202390014222,false,צהובה טבעונת עגבניות בזיליקום 200ג,דיפלומט מפיצים (1968) בעמ**,,,"י""ח",200,ל  גרם,false,1,17,8.50,false,1,
5202390014239,false,צהובה טבעונת עם עשבי תיבול 200ג,דיפלומט מפיצים (1968) בעמ**,,,"י""ח",200,ל  גרם,false,1,17,8.50,false,1,
5202390019319,false,מוצרלה טבעונית מגורדת לפיצה 200גר,דיפלומט מפיצים (1968) בעמ**,,,"י""ח",200,ל  גרם,false,1,17,8.50,false,1,
5202390020407,false,פטה טבעונית גוש 200ג,דיפלומט מפיצים (1968) בעמ**,,,"י""ח",200,ל  גרם,false,1,18.70,9.35,false,1,
5202390021121,false,קרמי טבעוני 150ג,דיפלומט מפיצים (1968) בעמ**,,,"י""ח",150,ל  גרם,false,1,15.30,10.20,false,1,
5205427014899,false,מיני מאפים במילוי ביונד מיט 300ג,ג.וילי פוד אינטרנשיונל בעמ,,,"י""ח",300,ל  גרם,false,1,31.50,10.50,false,1,
5208049001452,false,גולדן וירג`ניה ירוק 30גר+נייר בודד,גלוברנדס בעמ,,,"י""ח",1,,false,1,61.50,61.50,false,1,
5391523057929,false,"סימילאק גולד שלב 1 700מ""ל",שקד תבל בעמ ***,,,"י""ח",700,ל  גרם,false,1,59.70,8.53,false,1,
5391523057936,false,"סימילאק גולד שלב 2 700מ""ל",שקד תבל בעמ ***,,,"י""ח",700,ל  גרם,false,1,59.70,8.53,false,1,
5391523058070,false,סימילק אדוונס פלוס שלב3 700ג,שקד תבל בעמ ***,,,"י""ח",700,ל  גרם,false,1,59.70,8.53,true,1,
5410091648176,false,דאודורנט רול און FA,הנקל סוד בעמ,,,"י""ח",50,"ל  מ""ל",false,1,9.30,18.60,true,1,
5410091678043,false,"סאיוס מוס קורל קונטרול 250מ""ל",הנקל סוד בעמ,,,"י""ח",250,"ל  מ""ל",false,1,23.30,9.32,true,1,
5410091708948,false,"סאיוס מוס קרטין סטיילינג 250מ""ל",הנקל סוד בעמ,,,"י""ח",250,"ל  מ""ל",false,1,23.30,9.32,true,1,
5410126006360,false,לוטוס עוגיות סנדוויץ מילוי לוטוס 150ג,דיפלומט מפיצים (1968) בעמ**,,,"י""ח",150,ל  גרם,false,1,8.50,5.67,false,1,
5410126106022,false,לוטוס ביסקויט מארז חג 2*250ג.,דיפלומט מפיצים (1968) בעמ**,,,"י""ח",500,ל  גרם,false,1,15.30,3.06,true,1,
5410126726947,false,ממרח  לוטוס קראנץ  עוגיות 380ג,דיפלומט מפיצים (1968) בעמ**,,,"י""ח",380,ל  גרם,false,1,19.40,5.11,false,1,
5410228217732,false,"בירה סטלה ארטואה 440מ""ל פחית.",תימקו בירה בעמ,,,"י""ח",440,"ל  מ""ל",false,1,11.90,2.64,true,1,
5410291021991,false,ממרח צ`וקטה אגוזי לוז עם קקאו 700גרם,ש.שסטוביץ בעמ,,,"י""ח",385,ל  גרם,false,1,15.30,3.97,false,1,
5410291022011,false,ממרח צ`וקטה אגוזי לוז עם קקאו 350גרם,ש.שסטוביץ בעמ,,,"י""ח",385,ל  גרם,false,1,9.30,2.42,false,1,
5410291022738,false,ממרח צ`וקטה חום לבן  350ג,ש.שסטוביץ בעמ,,,"י""ח",350,ל  גרם,false,1,9.30,2.66,false,1,
5410291022752,false,ממרח צ`וקטה פרווה 350ג,ש.שסטוביץ בעמ,,,"י""ח",350,ל  גרם,false,1,9.30,2.66,false,1,
5410316983693,false,וודקה סמירנוף אייס בודד 275 מ``ל.,החברה המרכזית להפצת משקאות בעמ,,,"י""ח",275,"ל  מ""ל",false,1,12,4.25,false,1,
5410769800097,false,"בירה צ`רי  שוף 8%  330מ""ל",הכרם משקאות חריפים בעמ,,,"י""ח",330,"ל  מ""ל",false,1,12.80,3.79,true,1,
5411188080268,false,אלפרו סויה אורגני 1ל אלפרו,"שטראוס גרופ בע""מ",,,"י""ח",1,ליטר,false,1,13.60,13.60,true,1,
5411188081852,false,חלב סויה וניל 1ליטר,"שטראוס גרופ בע""מ",,,"י""ח",1,ליטר,false,1,13.60,13.60,true,1,
5411188094173,false,אלפרו מעדן סויה טעם קרמל 500 ג`,"שטראוס גרופ בע""מ",,,"י""ח",500,ל  גרם,false,1,16.20,3.24,true,1,
5411188096108,false,אלפרו סויה לבישול  5%,"שטראוס גרופ ***בע""מ",,,"י""ח",250,"ל  מ""ל",false,1,8.50,3.40,true,1,
5411188106159,false,אלפרו סויה לייט טבעי 1ל אלפרו,"שטראוס גרופ בע""מ",,,"י""ח",1,ליטר,false,1,11.90,11.90,true,1,
5411188110835,false,אלפרו חלב סויה שקדים,"שטראוס גרופ בע""מ",,,"י""ח",1,ליטר,false,1,11.90,11.90,true,1,
5411188112709,false,אלפרו שקדים ללא סוכר 1ל,"שטראוס גרופ בע""מ",,,"י""ח",1,ליטר,false,1,11.90,11.90,true,1,
5411188115366,false,אלפרו משקה שיבולת שועל 1ל,"שטראוס גרופ בע""מ",,,"י""ח",1,ליטר,false,1,11.90,11.90,true,1,
5411188115434,false,אלפרו בריסטה סויה 1ליטר,"שטראוס גרופ בע""מ",,,"י""ח",1,ליטר,false,1,13.60,13.60,true,1,
5411188115472,false,אלפרו סויה 1ל אלפרו,"שטראוס גרופ בע""מ",,,"י""ח",1,ליטר,false,1,11.90,11.90,true,1,
5411188118732,false,אלפרו משקה קוקס שקדים  1ל,"שטראוס גרופ בע""מ",,,"י""ח",1,ליטר,false,1,11.90,11.90,true,1,
5411188120957,false,"אלפרו קוקוס לבישול 250מ""ל","שטראוס גרופ ***בע""מ",,,"י""ח",250,"ל  מ""ל",false,1,8.50,3.40,true,1,
5411188121923,false,אלפרו סויה סידן  1/3,"שטראוס גרופ בע""מ",,,"י""ח",750,"ל  מ""ל",false,1,13.60,1.81,true,1,
5411188121978,false,אלפרו סויה שוקו 1/3,"שטראוס גרופ בע""מ",,,"י""ח",750,"ל  מ""ל",false,1,13.60,1.81,true,1,
5411188124689,false,"אלפרו משקה שיבולת שועל לל""ס 1ל","שטראוס גרופ בע""מ",,,"י""ח",1,ליטר,false,1,11.90,11.90,true,1,
5411188124726,false,אלפרו משקה שיבולת שועל שקדים 1ל,"שטראוס גרופ בע""מ",,,"י""ח",1,ליטר,false,1,11.90,11.90,true,1,
5411188126195,false,אלפרו משקה שקדים אורגנו   1ל,"שטראוס גרופ בע""מ",,,"י""ח",1,ליטר,false,1,11.90,11.90,true,1,
5411188127697,false,אלפרו בריסטה שיבולת שועל  1ליטר,"שטראוס גרופ בע""מ",,,"י""ח",1,ליטר,false,1,11.90,11.90,true,1,
5411188133476,false,"אלפרו משקה סויה שוקו עם חלבון 250מ""ל","שטראוס גרופ בע""מ",,,"י""ח",250,"ל  מ""ל",false,1,5.90,2.36,true,1,
5411188133490,false,"אלפרו משקה סויה קפה קרמל עם חלבון 250מ""ל","שטראוס גרופ בע""מ",,,"י""ח",750,"ל  מ""ל",false,1,5.90,0.79,true,1,
5411188134985,false,אלפרו 3.5%שומן MLKשיבולת שועל  1ליטר,"שטראוס גרופ ***בע""מ",,,"י""ח",1,ליטר,false,1,11.90,11.90,true,1,
5411188135005,false,אלפרו 1.8%שומן MLKשיבולת שועל  1ליטר,"שטראוס גרופ ***בע""מ",,,"י""ח",1,ליטר,false,1,11.90,11.90,true,1,
5411188513483,false,"אלפרו סויה לבישול 14% שומן 250מ""ל","שטראוס גרופ ***בע""מ",,,"י""ח",250,"ל  מ""ל",false,1,8.50,3.40,true,1,
5411188543398,false,אלפרו סויה ללא סוכר 1ל אלפרו,"שטראוס גרופ בע""מ",,,"י""ח",1,ליטר,false,1,11.90,11.90,true,1,
5413149922907,false,"אריאל 5ק""ג קולור",דיפלומט מפיצים 1968 בעמ,,,"י""ח",5,"ק""ג",false,1,38.40,7.68,true,1,
5413149930025,false,"טייד 5ק""ג רגיל",דיפלומט מפיצים 1968 בעמ,,,"י""ח",5,"ק""ג",false,1,31.50,6.30,true,1,
5601008200451,false,גודיס עוגיות מצופות שוק.מריר,ש.שסטוביץ בעמ,,,"י""ח",150,ל  גרם,false,1,5,3.33,true,1,
5601045300022,false,"גוארנה אנטרטיקה 330מ""ל",טמפו משקאות בעמ,,,"י""ח",330,"ל  מ""ל",false,1,5,1.42,false,1,
5604912415058,false,סרדין בשמן חמניה חריף פורטוס 125ג,דיפלומט מפיצים (1968) בעמ**,,,"י""ח",125,ל  גרם,false,1,5.90,4.72,false,1,
5604912425057,false,מקרלים בשמן חמניה חריף פורטוס 125ג,דיפלומט מפיצים (1968) בעמ**,,,"י""ח",125,ל  גרם,false,1,5.90,4.72,false,1,
5701932026964,false,הוטפופ מלוח 600 גרם,ליימן שליסל,,,"י""ח",600,ל  גרם,false,1,14.40,2.40,true,1,
5701932026971,false,הוטפופ חמאה 600 גרם,ליימן שליסל,,,"י""ח",600,ל  גרם,false,1,14.40,2.40,true,1,
5701932026995,false,הוטפופ לייט טבעי 500גר.,ליימן שליסל,,,"י""ח",510,ל  גרם,false,1,14.40,2.82,true,1,
5705550300963,false,ביצי דג 200ג שיבוט,בני ג ורג שוקחה (חיפה) בעמ,,,"י""ח",200,ל  גרם,false,1,9.30,4.65,false,1,
5710840210013,false,בא לי שג לבן סופר עדין 40גר,דובק בעמ,,,"י""ח",1,,false,1,80.30,80.30,false,1,
5711953106583,false,גבינת  ארלה שמנת 24% שומן   200גר,"שטראוס גרופ ***בע""מ",,,"י""ח",200,ל  גרם,false,1,12.70,6.35,true,1,
5711953106590,false,גבינת שמנת 24% שומן עם שום  200ג.,"שטראוס גרופ ***בע""מ",,,"י""ח",200,ל  גרם,false,1,12.70,6.35,true,1,
5711953106606,false,גבינת שמנת 24% שומן עם עשבי תיבול  200,"שטראוס גרופ ***בע""מ",,,"י""ח",200,ל  גרם,false,1,12.70,6.35,true,1,
5740900403215,false,ממרח לורפק עם מלח 250גר,"שטראוס גרופ ***בע""מ",,,"י""ח",250,ל  גרם,false,1,14.40,5.76,true,1,
5740900403222,false,ממרח לורפק עם מלח מופחת שומן 250גר,"שטראוס גרופ ***בע""מ",,,"י""ח",250,ל  גרם,false,1,14.40,5.76,true,1,
5740900403239,false,.ממרח לורפק ללא מלח 250גר,"שטראוס גרופ ***בע""מ",,,"י""ח",250,ל  גרם,false,1,14.40,5.76,true,1,
5740900403246,false,ממרח לורפק ללא מלח 500גר,"שטראוס גרופ ***בע""מ",,,"י""ח",500,ל  גרם,false,1,23.90,4.78,true,1,
5740900403253,false,ממרח לורפק עם מלח 500גר,"שטראוס גרופ ***בע""מ",,,"י""ח",500,ל  גרם,false,1,23.90,4.78,true,1,
5740900403260,false,ממרח לורפק ללא מלח מופחת שומן 250גר,"שטראוס גרופ ***בע""מ",,,"י""ח",250,ל  גרם,false,1,14.40,5.76,true,1,
5900020012814,false,נסקוויק 500גר`,קבוצת אוסם סחר-שות.מוגבלת,,,"י""ח",500,ל  גרם,false,1,17,3.40,true,1,
5900020020710,false,מארז   קראנץ`בר שוקו וניל 6*25גר,קבוצת אוסם סחר-שות.מוגבלת,,,"י""ח",150,ל  גרם,false,1,13.50,9,true,1,
5900020020741,false,נסקוויק בר דגנים שוקו שוקו 6*25גר,קבוצת אוסם סחר-שות.מוגבלת,,,"י""ח",150,ל  גרם,false,1,13.50,9,true,1,
5900020025807,false,סיני מיניס מהדורת קיץ,קבוצת אוסם סחר-שות.מוגבלת,,,"י""ח",350,ל  גרם,false,1,13.30,3.80,false,1,
5900020026552,false,האני נאט צ`יריוס עידן הקרח 625גר,קבוצת אוסם סחר-שות.מוגבלת,,,"י""ח",615,ל  גרם,false,1,17,2.76,true,1,
5900020034991,false,דגני בוקר קראנץ צדפים טעם שוקולד 450גר,קבוצת אוסם סחר-שות.מוגבלת,,,"י""ח",450,ל  גרם,false,1,17,3.78,true,1,
5900020036407,false,סיני מיניס קרייזי קראש 410גר.,קבוצת אוסם סחר-שות.מוגבלת,,,"י""ח",410,ל  גרם,false,1,17,4.15,true,1,
5900020037916,false,צ יריוס משיבולת שועל 375גר,קבוצת אוסם סחר-שות.מוגבלת,,,"י""ח",375,ל  גרם,false,1,13.60,3.63,false,1,
5900020039620,false,פיטנס חטיף דגנים שקדים 6.8*23.5גר פרוו,קבוצת אוסם סחר-שות.מוגבלת,,,"י""ח",141,ל  גרם,false,1,13.40,9.50,true,1,
5900627063233,false,פיניש 50 טבליות AIO  MAX,רקיט בנקיזר (ניר איסט) בעמ,,,"י""ח",50,"י""ח",false,1,34.10,0.68,true,1,
5900627066715,false,פיניש 100 טבליות AIO,רקיט בנקיזר (ניר איסט) בעמ,,,"י""ח",100,"י""ח",false,1,51.20,0.51,true,1,
5900951283963,false,סניקרס קרימי חמאת בוטנים  36.5גר,מרס ריגלי ישראל בעמ,,,"י""ח",36,ל  גרם,false,1,3.90,10.83,true,1,
5901414200411,false,היט מינ שוק 130ג,ליימן שליסל,,,"י""ח",130,ל  גרם,false,1,5.90,4.54,true,1,
5901483081027,false,חליטת לואיזה 2ג*20שק,דברים טובים סגל בעמ,,,"י""ח",40,ל  גרם,false,1,7.60,19,false,1,
5901888020560,false,חטיף דגנים עם קינואה טעם עשבי תיבול 70,דנשר (1963) בעמ,,,"י""ח",70,ל  גרם,false,1,11,15.71,false,1,
5904941750312,false,משקה אנרגיה בלו מוחיטו,בני פאוזי שמשום (2009) בעמ,,,"י""ח",250,"ל  מ""ל",false,1,3.90,1.44,true,1,
5904941751302,false,משקה אנרגיה בלו רגולר  כחול,בני פאוזי שמשום (2009) בעמ,,,"י""ח",250,"ל  מ""ל",false,1,3.40,1.24,true,1,
5904941751524,false,משקה אנרגיה בלו אבטיח,בני פאוזי שמשום (2009) בעמ,,,"י""ח",250,"ל  מ""ל",false,1,3.90,1.44,true,1,
5904941751715,false,משקה אנרגיה בלו רגולר קרנברי,בני פאוזי שמשום (2009) בעמ,,,"י""ח",250,"ל  מ""ל",false,1,3.40,1.24,true,1,
5904941751920,false,משקה אנרגיה בלו day,בני פאוזי שמשום (2009) בעמ,,,"י""ח",250,"ל  מ""ל",false,1,3.90,1.44,true,1,
5904941751975,false,משקה אנרגיה בלו day ענבים,בני פאוזי שמשום (2009) בעמ,,,"י""ח",250,"ל  מ""ל",false,1,3.90,1.44,true,1,
5906485301012,false,משקה אנרגיה XL,טמפו משקאות בעמ,,,"י""ח",250,"ל  מ""ל",false,1,3.50,1.28,true,1,
5949152110821,false,אירוויק מבשם אוויר ונטרל ריחות לילות ל,רקיט בנקיזר (ניר איסט) בעמ,,,"י""ח",345,"ל  מ""ל",false,1,12.70,3.68,true,1,
5949152110838,false,אירוויק מבשם אוויר ונטרל ריחות גשמים ס,רקיט בנקיזר (ניר איסט) בעמ,,,"י""ח",345,"ל  מ""ל",false,1,12.70,3.68,true,1,
5997321701806,false,"קלגון 1 ק""ג",רקיט בנקיזר (ניר איסט) בעמ,,,"י""ח",1,"ק""ג",false,1,25.60,25.60,false,1,
5998623526739,false,"יין סי גראס גוורצטרמינר 750מ""ל",מ.אקרמן בעמ,,,"י""ח",750,"ל  מ""ל",false,1,37.80,5,true,1,
5998710131877,false,ממתק שוקולד CHERRY QUEEN,דילר בי.אמ.די.אינטרנשיונל בעמ,,,"י""ח",36,ל  גרם,false,1,3.30,9.17,true,1,
6001067017530,false,קולגייט סמיילס ג וניור,ש.שסטוביץ בעמ,,,"י""ח",1,,false,1,9.30,9.30,false,1,
6008165003984,false,פל מאל כחול בודד,גלוברנדס בעמ,,,"י""ח",1,,false,1,25.20,25.20,false,1,
6008165271192,false,פאל מאל אדום ארוך,גלוברנדס בעמ,,,"י""ח",1,,false,1,25.20,25.20,false,1,
6008165274629,false,פאל מאל כחול ארוך סטרים,גלוברנדס בעמ,,,"י""ח",0,"י""ח",false,1,25.20,25.20,false,1,
6281001510390,false,קולגייט סמיילס,ש.שסטוביץ בעמ,,,"י""ח",1,,false,1,9.30,9.30,false,1,
6901022100416,false,שום כתוש.,ביכורי השדה צפון 1994 ג.ד. בעמ,,,"י""ח",1,,false,1,8.50,8.50,false,1,
6910191800287,false,אצות נור בלו 10דף,מזרח ומערב יבוא ושיווק,,,"י""ח",10,"י""ח",false,1,11.90,1.19,true,1,
6912977000140,false,אטריות  שעועית 250ג,מזרח ומערב יבוא ושיווק,,,"י""ח",200,ל  גרם,false,1,7.60,3.80,true,1,
6920290620167,false,מקלף אלומיניום,לפ סווטה בעמ ~~~,,,"י""ח",1,,false,1,11,11,false,1,
6936613888667,false,שום ארוז.,ביכורי השדה צפון 1994 ג.ד. בעמ,,,"י""ח",1,,false,1,7.90,7.90,true,1,
6936745600462,false,"מירין  500מ""ל",מזרח ומערב יבוא ושיווק,,,"י""ח",500,"ל  מ""ל",false,1,17,3.40,false,1,
6936745600783,false,"חומץ אורז-מיצוקאן  500מ""ל",מזרח ומערב יבוא ושיווק,,,"י""ח",500,"ל  מ""ל",false,1,13.60,2.72,false,1,
6941607306239,false,כדור ים ספיידרמן בסטווי,צעצועי דורון ~~~,,,"י""ח",1,,false,1,17,17,false,1,
6974640730167,false,פטריות שיטאקה 100גר.,מזרח ומערב יבוא ושיווק,,,"י""ח",100,ל  גרם,false,1,11,11,false,1,
7038513866311,false,ג ורדון מברשת לילדים,דנשר (1963) בעמ,,,"י""ח",1,,false,1,11.20,11.20,true,1,
7038513866328,false,ג ורדון מברשת לילדות,דנשר (1963) בעמ,,,"י""ח",1,,false,1,11.20,11.20,true,1,
7038516140357,false,ג ורדון מברשת שיניים טוטל קלין רביעייה,דנשר (1963) בעמ,,,"י""ח",1,,false,1,9.30,9.30,false,1,
7162108014006,false,סט מצעים נטורל יחיד,דהן פרוספר בעמ,,,"י""ח",1,,false,1,68.30,68.30,false,1,
7162108014013,false,סט מצעים נטורל מיטה וחצי,דהן פרוספר בעמ,,,"י""ח",1,,false,1,85.40,85.40,false,1,
7162108014020,false,סט מצעים נטורל  זוגי,דהן פרוספר בעמ,,,"י""ח",1,,false,1,93.90,93.90,false,1,
7162108014037,false,סט מצעים נטורל  1.8,דהן פרוספר בעמ,,,"י""ח",1,,false,1,93.90,93.90,false,1,
7162109040004,false,סט מצעים גראס יחיד,דהן פרוספר בעמ,,,"י""ח",1,,false,1,76.80,76.80,false,1,
7162203009006,false,שמיכת חורף פנסי יחיד,דהן פרוספר בעמ,,,"י""ח",1,,false,1,68.30,68.30,false,1,
7162203011009,false,שמיכת חורף דו צדדית טיטניום יחיד,דהן פרוספר בעמ,,,"י""ח",1,,false,1,68.30,68.30,false,1,
7162203011016,false,שמיכת חורף דו צדדית טיטניום זוגי,דהן פרוספר בעמ,,,"י""ח",1,,false,1,76.80,76.80,false,1,
7162203014000,false,כרית שינה באבא,דהן פרוספר בעמ,,,"י""ח",1,,false,1,42.70,42.70,false,1,
7162203025006,false,סט מצעים מילאנו יחיד,דהן פרוספר בעמ,,,"י""ח",1,,false,1,76.80,76.80,true,1,
7162203027000,false,פוך חורף באבא יחיד,דהן פרוספר בעמ,,,"י""ח",1,,false,1,85.40,85.40,false,1,
7162203027017,false,פוך חורף באבא זוגי,דהן פרוספר בעמ,,,"י""ח",1,,false,1,111,111,false,1,
7162203032004,false,פוף לתינוק 100% כותנה דגם דיאמונד,דהן פרוספר בעמ,,,"י""ח",1,,false,1,85.40,85.40,false,1,
7162203038006,false,סט מצעים קמאו יחיד,דהן פרוספר בעמ,,,"י""ח",1,,false,1,68.30,68.30,false,1,
7162203038013,false,סט מצעים קמאו מיטה וחצי,דהן פרוספר בעמ,,,"י""ח",1,,false,1,85.40,85.40,false,1,
7162203038020,false,סט מצעים נטורל  זוגי,דהן פרוספר בעמ,,,"י""ח",1,,false,1,93.90,93.90,false,1,
7162203038037,false,סט מצעים קמאו  1.8,דהן פרוספר בעמ,,,"י""ח",1,,false,1,93.90,93.90,false,1,
7162204035004,false,שמיכת כבש ממולאת פפיטה יחיד,דהן פרוספר בעמ,,,"י""ח",1,,false,1,93.90,93.90,true,1,
7162204035011,false,שמיכת כבש ממולאת פפיטה זוגי,דהן פרוספר בעמ,,,"י""ח",1,,false,1,111,111,true,1,
7162204036001,false,שמיכת כבש ממולאת טיטניום יחיד,דהן פרוספר בעמ,,,"י""ח",1,,false,1,93.90,93.90,true,1,
7162204036018,false,שמיכת כבש ממולאת פיטניום זוגי,דהן פרוספר בעמ,,,"י""ח",1,,false,1,111,111,true,1,
7162204037008,false,שמיכת כבש ממולאת קרול יחיד,דהן פרוספר בעמ,,,"י""ח",1,,false,1,93.90,93.90,true,1,
7162204037015,false,שמיכת כבש ממולאת קרול זוגי,דהן פרוספר בעמ,,,"י""ח",1,,false,1,111,111,true,1,
7162204075000,false,סט מצעים דובון בסטייל יחיד,דהן פרוספר בעמ,,,"י""ח",1,,false,1,59.70,59.70,false,1,
7162204075017,false,סט מצעים דובון בסטייל מיטה וחצי,דהן פרוספר בעמ,,,"י""ח",1,,false,1,68.30,68.30,false,1,
7162204075024,false,סט מצעים דובון בסטייל זוגי,דהן פרוספר בעמ,,,"י""ח",1,,false,1,76.80,76.80,false,1,
7162205033009,false,סט מצעים חורף אנגורה יחיד,דהן פרוספר בעמ,,,"י""ח",1,,false,1,93.90,93.90,false,1,
7162205033016,false,סט מצעים חורף אנגורה מיטה וחצי,דהן פרוספר בעמ,,,"י""ח",1,,false,1,111,111,false,1,
7162205033023,false,סט מצעים חורף אנגורה זוגי,דהן פרוספר בעמ,,,"י""ח",1,,false,1,119.60,119.60,false,1,
7162205073005,false,סט מצעים חורף אלטה יחיד,דהן פרוספר בעמ,,,"י""ח",1,,false,1,93.90,93.90,false,1,
7162205073012,false,סט מצעים חורף אלטה מיטה וחצי,דהן פרוספר בעמ,,,"י""ח",1,,false,1,111,111,false,1,
7162205073029,false,סט מצעים חורף אלטה זוגי,דהן פרוספר בעמ,,,"י""ח",1,,false,1,119.60,119.60,false,1,
7162205089013,false,סט מצעים דיאנה מיטה וחצי,דהן פרוספר בעמ,,,"י""ח",1,,false,1,85.40,85.40,false,1,
7162205089020,false,סט מצעים דיאנה זוגי,דהן פרוספר בעמ,,,"י""ח",1,,false,1,93.90,93.90,false,1,
7162205089037,false,סט מצעים דיאנה  1.8,דהן פרוספר בעמ,,,"י""ח",1,,false,1,93.90,93.90,false,1,
7200029736291,false,"קמח  מנופה 1ק""ג שטיבל כחול",ח.כהן סוכנות מזון ומשקאות בע,,,"י""ח",1,"ק""ג",false,1,6.80,6.80,false,1,
7262626058466,false,טייץ שחור מודפס,ביג מול בעמ,,,"י""ח",1,,false,1,25.60,25.60,false,1,
7262626088197,false,טייץ טרמי צבעוני,ביג מול בעמ,,,"י""ח",183,ל  גרם,false,1,25.60,13.99,false,1,
7262626111222,false,"דובי 23ס""מ מיקס 6 צבעים",ביג מול בעמ,,,"י""ח",1,,false,1,17,17,false,1,
7270137700194,false,מדליק פחם מוצק,ח.כהן סוכנות מזון ומשקאות בע,,,"י""ח",1,"י""ח",false,1,5,5,false,1,
7271730901261,false,פסטה עם גבינה 156ג,מור ים מרקטינג בעמ,,,"י""ח",156,ל  גרם,false,1,10.20,6.54,false,1,
7290000000695,false,אספרגוס,ביכורי השדה צפון 1994 ג.ד. בעמ,,,"י""ח",1,,false,1,29.90,29.90,false,1,
7290000000978,false,גלאט קטיף,ביכורי השדה צפון 1994 ג.ד. בעמ,,,"י""ח",1,,false,1,6.90,6.90,true,1,
7290000000985,false,גלאט קטיף פטרוזיליה.,ביכורי השדה צפון 1994 ג.ד. בעמ,,,"י""ח",1,,false,1,5,5,true,1,
7290000001043,false,כרוב לבן מהדרין-ברכת קטיף,ביכורי השדה צפון 1994 ג.ד. בעמ,,,"ק""ג",1,,true,1,14.90,14.90,false,1,
7290000001579,false,סלרי עלים גלאט,ביכורי השדה צפון 1994 ג.ד. בעמ,,,"י""ח",1,,false,1,4.70,4.70,true,1,
7290000001586,false,גלאט קטיף שמיר,ביכורי השדה צפון 1994 ג.ד. בעמ,,,"י""ח",1,,false,1,6.90,6.90,true,1,
7290000001593,false,גלאט קטיף נענע,ביכורי השדה צפון 1994 ג.ד. בעמ,,,"י""ח",1,,false,1,6.90,6.90,true,1,
7290000001616,false,כוסברה מהדרין,ביכורי השדה צפון 1994 ג.ד. בעמ,,,"י""ח",1,,false,1,5,5,true,1,
7290000012209,false,בוטנים עם קליפה,ח.כהן סוכנות מזון ומשקאות בע,,,"ק""ג",1,,true,1,19.80,19.80,false,1,
7290000023007,false,סטוק }84  ברנדי{כש,טמפו משקאות בעמ,,,"י""ח",750,ל  גרם,false,1,68.30,9.07,false,1,
7290000023083,false,"ארק אשקלון 40% 700מ""ל",טמפו משקאות בעמ,,,"י""ח",700,"ל  מ""ל",false,1,47.80,6.79,true,1,
7290000023830,false,קלאסיק  קברנה בלאש.,טמפו משקאות בעמ,,,"י""ח",750,"ל  מ""ל",false,1,28.20,3.72,true,1,
7290000024523,false,תירוש של סגל 1ל.,טמפו משקאות בעמ,,,"י""ח",7.50,"י""ח",false,1,13.60,1.77,true,1,
7290000024561,false,יין   אסמבלאז`איתן 2012,טמפו משקאות בעמ,,,"י""ח",750,"ל  מ""ל",false,1,51.20,6.79,true,1,
7290000034256,false,ביסקוויט הדר תירוש חצי מצופה  175ג,ח.כהן סוכנות מזון ומשקאות בע,,,"י""ח",175,ל  גרם,false,1,5,2.86,true,1,
7290000040042,false,יופלה תות 3%,תנובה בעמ ***,,,"י""ח",150,"ל  מ""ל",false,1,4.30,2.87,false,1,
7290000040066,false,יופלה דובדבן,תנובה בעמ ***,,,"י""ח",150,"ל  מ""ל",false,1,4.30,2.87,false,1,
7290000040080,false,יופלה אפרסק,תנובה בעמ ***,,,"י""ח",150,"ל  מ""ל",false,1,4.30,2.87,false,1,
7290000041858,false,שמנת יוטבתה 200,"שטראוס גרופ ***בע""מ",,,"י""ח",200,"ל  מ""ל",false,1,2.10,1.05,true,1,
7290000041865,false,לבן 4.5%,"שטראוס גרופ ***בע""מ",,,"י""ח",200,"ל  מ""ל",false,1,1.70,0.85,true,1,
7290000041872,false,לבן יטבתה,"שטראוס גרופ ***בע""מ",,,"י""ח",200,"ל  מ""ל",false,1,1.70,0.85,true,1,
7290000042411,false,חלב 1 ליטר   בקבוק% 3  יוטבתה,"שטראוס גרופ ***בע""מ",,,"י""ח",1,ליטר,false,1,5.33,5.33,true,1,
7290000042435,false,חלב  קרטון דל שומן 1  ל תנובה 1%,תנובה בעמ ***,,,"י""ח",1,ליטר,false,1,5.01,5.01,false,1,
7290000042640,false,"חלב עמיד 250 מ""ל",תנובה בעמ ***,,,"י""ח",250,"ל  מ""ל",false,1,2.20,0.88,false,1,
7290000042855,false,שוקו יטבתה 250,"שטראוס גרופ ***בע""מ",,,"י""ח",225,"ל  מ""ל",false,1,2.50,1.11,true,1,
7290000043012,false,"שוקו עמיד קרטון 250מ""ל 2%",תנובה בעמ ***,,,"י""ח",250,"ל  מ""ל",false,1,4,1.60,false,1,
7290000043111,false,חמאה 200גרם תנובה  רגיל*,תנובה בעמ ***,,,"י""ח",200,ל  גרם,false,1,6.70,3.35,false,1,
7290000043814,false,"שמנת עמידה  38% להקצפה 250  מ""ל*(תנובה",תנובה בעמ ***,,,"י""ח",250,"ל  מ""ל",false,1,5.53,2.21,false,1,
7290000044712,false,".פרילי  תות 500 מ""ל.",תנובה בעמ ***,,,"י""ח",500,"ל  מ""ל",false,1,9.30,1.86,false,1,
7290000044880,false,באדי תות אננס,תנובה בעמ ***,,,"י""ח",500,"ל  מ""ל",false,1,7.60,1.52,false,1,
7290000045573,false,נעמה גבינה משולשת  200ג,תנובה בעמ ***,,,"י""ח",200,ל  גרם,false,1,13,6.50,false,1,
7290000045580,false,נעמה 240גר,תנובה בעמ ***,,,"י""ח",240,ל  גרם,false,1,15.50,6.46,false,1,
7290000045917,false,גבינת  עיזים(פרומעז) גליל 200גר,תנובה בעמ ***,,,"י""ח",1,,false,1,22.50,22.50,false,1,
7290000046020,false,"גלבוע  22% שקילה}גבנ""צ{*.",תנובה בעמ ***,,,"ק""ג",1000,ל  גרם,true,1,36.39,3.64,false,1,
7290000046327,false,גלבוע  פרוס]תנובה[ 200ג,תנובה בעמ ***,,,"י""ח",200,ל  גרם,false,1,11,5.50,false,1,
7290000046563,false,פרמזן  חריץ תנובה שקיל,תנובה בעמ ***,,,"ק""ג",1000,ל  גרם,true,1,96.60,9.66,false,1,
7290000046624,false,מוצרלה משקל,תנובה בעמ ***,,,"ק""ג",1,"ק""ג",true,1,47,47,false,1,
7290000047546,false,כנען 500 ג,תנובה בעמ ***,,,"י""ח",500,ל  גרם,false,1,20.40,4.08,false,1,
7290000048185,false,גבינה%5  תנובה 250גרם*,תנובה בעמ ***,,,"י""ח",250,ל  גרם,false,1,4.26,1.70,false,1,
7290000048192,false,גבינה 9%  250 גרם,תנובה בעמ ***,,,"י""ח",250,ל  גרם,false,1,4,1.60,false,1,
7290000048413,false,חמד פיראוס 16% 250גר,תנובה בעמ ***,,,"י""ח",250,ל  גרם,false,1,15.30,6.12,false,1,
7290000048437,false,צפתית  פיראוס 200  ג%`5,תנובה בעמ ***,,,"י""ח",200,ל  גרם,false,1,12.70,6.35,false,1,
7290000056951,false,"שמנת לבישול 500 תנובה מ""ל",תנובה בעמ ***,,,"י""ח",500,"ל  מ""ל",false,1,13.60,2.72,false,1,
7290000058580,false,קוקילידה וניל,נגה גלידות,,,"י""ח",1,,false,1,7.60,7.60,true,1,
7290000060071,false,חטיפי פריכונים מאורז מלא.,קבוצת אוסם סחר-שות.מוגבלת,,,"י""ח",1,,false,1,7.10,7.10,false,1,
7290000060088,false,בייגלה מקלות מלוחים 400גרם,קבוצת אוסם סחר-שות.מוגבלת,,,"י""ח",400,ל  גרם,false,1,9.30,2.33,false,1,
7290000060156,false,אטריות ביצים דקות 200 גרם,קבוצת אוסם סחר-שות.מוגבלת,,,"י""ח",200,ל  גרם,false,1,6.80,3.40,true,1,
7290000060200,false,פתיתים אפויים 500 גרם אסם,קבוצת אוסם סחר-שות.מוגבלת,,,"י""ח",500,ל  גרם,false,1,5.90,1.18,true,1,
7290000060217,false,מקרוני פרומנטי,קבוצת אוסם סחר-שות.מוגבלת,,,"י""ח",500,ל  גרם,false,1,5,1,true,1,
7290000060248,false,פרומנטי פתיתים,קבוצת אוסם סחר-שות.מוגבלת,,,"י""ח",500,ל  גרם,false,1,5,1,true,1,
7290000060385,false,פודינג אינסטנט ויל 320ג,קבוצת אוסם סחר-שות.מוגבלת,,,"י""ח",320,ל  גרם,false,1,17,5.31,false,1,
7290000060408,false,טבעות פתיתים 500 גרם,קבוצת אוסם סחר-שות.מוגבלת,,,"י""ח",500,ל  גרם,false,1,5.90,1.18,true,1,
7290000060415,false,לזניה לה 500  ג` פרפקטו אוסם,קבוצת אוסם סחר-שות.מוגבלת,,,"י""ח",500,ל  גרם,false,1,13.60,2.72,false,1,
7290000060576,false,פתיתים אפויים כוכבים 500,קבוצת אוסם סחר-שות.מוגבלת,,,"י""ח",500,"ל  מ""ל",false,1,5.90,1.18,true,1,
7290000060781,false,פרומנטי פתיתים מסולסלים אוסם,קבוצת אוסם סחר-שות.מוגבלת,,,"י""ח",500,ל  גרם,false,1,5,1,true,1,
7290000060828,false,פרומנטי  קרניים אוסם,קבוצת אוסם סחר-שות.מוגבלת,,,"י""ח",500,ל  גרם,false,1,5,1,true,1,
7290000060842,false,פרומנטי פת.צדפות,קבוצת אוסם סחר-שות.מוגבלת,,,"י""ח",500,ל  גרם,false,1,5,1,true,1,
7290000060880,false,~פרומנטי ספגטי אוסם,קבוצת אוסם סחר-שות.מוגבלת,,,"י""ח",500,ל  גרם,false,1,5,1,true,1,
7290000060958,false,איטריות בינוניות אוסם,קבוצת אוסם סחר-שות.מוגבלת,,,"י""ח",400,ל  גרם,false,1,6.80,1.70,true,1,
7290000060965,false,איטריות רחבות אוסם,קבוצת אוסם סחר-שות.מוגבלת,,,"י""ח",400,ל  גרם,false,1,6.80,1.70,true,1,
7290000061061,false,קרם קרקר טעם בצל,קבוצת אוסם סחר-שות.מוגבלת,,,"י""ח",250,ל  גרם,false,1,9.30,3.72,true,1,
7290000061764,false,קפה  רד מאג 200גר`,קבוצת אוסם סחר-שות.מוגבלת,,,"י""ח",200,ל  גרם,false,1,18.30,9.15,false,1,
7290000063102,false,קמח תופח 350גרם,קבוצת אוסם סחר-שות.מוגבלת,,,"י""ח",350,ל  גרם,false,1,4.30,1.23,false,1,
7290000063140,false,שקדי מרק 400  ג{אסם},קבוצת אוסם סחר-שות.מוגבלת,,,"י""ח",400,ל  גרם,false,1,9.30,2.33,true,1,
7290000063157,false,"קמח עוגה תופח 1 ק""ג",קבוצת אוסם סחר-שות.מוגבלת,,,"י""ח",1,"ק""ג",false,1,8.50,8.50,true,1,
7290000064758,false,קוסקוס 350 גרם אוסם,קבוצת אוסם סחר-שות.מוגבלת,,,"י""ח",350,ל  גרם,false,1,7.60,2.17,false,1,
7290000065335,false,"מנה חמה-פירה תפו""א",קבוצת אוסם סחר-שות.מוגבלת,,,"י""ח",55,ל  גרם,false,1,5.90,10.73,true,1,
7290000065557,false,מנה חמה-קוסקוס,קבוצת אוסם סחר-שות.מוגבלת,,,"י""ח",50,ל  גרם,false,1,5.90,11.80,true,1,
7290000066141,false,ביסלי  גריל}קטן{,קבוצת אוסם סחר-שות.מוגבלת,,,"י""ח",70,ל  גרם,false,1,3.30,4.71,true,1,
7290000066196,false,ביסלי  גדול גריל,קבוצת אוסם סחר-שות.מוגבלת,,,"י""ח",200,ל  גרם,false,1,7.60,3.80,true,1,
7290000066226,false,ביסלי פיצה}גדול{,קבוצת אוסם סחר-שות.מוגבלת,,,"י""ח",200,ל  גרם,false,1,7.60,3.80,true,1,
7290000066264,false,דובונים 40 גרם,קבוצת אוסם סחר-שות.מוגבלת,,,"י""ח",40,ל  גרם,false,1,4.30,10.75,true,1,
7290000066295,false,במבה תות 25 גרם,קבוצת אוסם סחר-שות.מוגבלת,,,"י""ח",30,ל  גרם,false,1,2.70,9,false,1,
7290000066318,false,במבה אסם{,קבוצת אוסם סחר-שות.מוגבלת,,,"י""ח",80,ל  גרם,false,1,3.70,4.63,true,1,
7290000066332,false,אפרופו 50 גרם,קבוצת אוסם סחר-שות.מוגבלת,,,"י""ח",50,ל  גרם,false,1,4.30,8.60,true,1,
7290000066349,false,אפרופו חטיף גדול,קבוצת אוסם סחר-שות.מוגבלת,,,"י""ח",100,ל  גרם,false,1,7.60,7.60,true,1,
7290000066431,false,פופקו חמאה ודבש,קבוצת אוסם סחר-שות.מוגבלת,,,"י""ח",80,ל  גרם,false,1,4.70,5.88,true,1,
7290000067407,false,פירורית מתובלת,קבוצת אוסם סחר-שות.מוגבלת,,,"י""ח",200,ל  גרם,false,1,5.50,2.75,false,1,
7290000067544,false,פירורית זהב 200 ג,קבוצת אוסם סחר-שות.מוגבלת,,,"י""ח",200,ל  גרם,false,1,5.90,2.95,true,1,
7290000068138,false,פודינג  וניל 80 ג אסם,קבוצת אוסם סחר-שות.מוגבלת,,,"י""ח",80,ל  גרם,false,1,5,6.25,true,1,
7290000068190,false,ג לי בטעם  תות אסם,קבוצת אוסם סחר-שות.מוגבלת,,,"י""ח",85,ל  גרם,false,1,5.90,6.94,false,1,
7290000068237,false,ג לי  בטעם פטל,קבוצת אוסם סחר-שות.מוגבלת,,,"י""ח",85,ל  גרם,false,1,5.90,6.94,false,1,
7290000068343,false,פריכונים מאורז מלא,קבוצת אוסם סחר-שות.מוגבלת,,,"י""ח",140,ל  גרם,false,1,6.80,4.86,false,1,
7290000068701,false,שקדי מרק  אוסם במיכל,קבוצת אוסם סחר-שות.מוגבלת,,,"י""ח",400,ל  גרם,false,1,14.80,3.70,false,1,
7290000068770,false,במבה יום הולדת 80 גרם,קבוצת אוסם סחר-שות.מוגבלת,,,"י""ח",80,ל  גרם,false,1,3.70,4.63,true,1,
7290000069364,false,~פריכונים מאורז מלא 140 ג`,קבוצת אוסם סחר-שות.מוגבלת,,,"י""ח",140,ל  גרם,false,1,6.60,4.71,false,1,
7290000070308,false,מרק עוף 400 ג  אמיתי אסם,קבוצת אוסם סחר-שות.מוגבלת,,,"י""ח",400,ל  גרם,false,1,15.30,3.83,false,1,
7290000070353,false,מרק בצל 400 גרם,קבוצת אוסם סחר-שות.מוגבלת,,,"י""ח",400,ל  גרם,false,1,21.30,5.33,false,1,
7290000072623,false,קטשופ אסם 750 גרם,קבוצת אוסם סחר-שות.מוגבלת,,,"י""ח",750,ל  גרם,false,1,9.30,1.24,true,1,
7290000072630,false,קטשופ חריף אסם,קבוצת אוסם סחר-שות.מוגבלת,,,"י""ח",750,ל  גרם,false,1,10.20,1.36,false,1,
7290000072753,false,~קפה נמס טסטר צוייס 200 ג`,קבוצת אוסם סחר-שות.מוגבלת,,,"י""ח",200,ל  גרם,false,1,25.60,12.80,false,1,
7290000072777,false,קפה נמס טסטר צוייס ללא קפאין,קבוצת אוסם סחר-שות.מוגבלת,,,"י""ח",200,ל  גרם,false,1,30.70,15.35,false,1,
7290000072968,false,סיני מיניס 500גרם,קבוצת אוסם סחר-שות.מוגבלת,,,"י""ח",375,ל  גרם,false,1,17,4.53,true,1,
7290000073415,false,מנה חמה פסטה ברוטב פיצה,קבוצת אוסם סחר-שות.מוגבלת,,,"י""ח",61,ל  גרם,false,1,5.90,9.67,true,1,
7290000073750,false,מנה חמה נודלס בטעם עוף,קבוצת אוסם סחר-שות.מוגבלת,,,"י""ח",76,ל  גרם,false,1,5.90,7.76,true,1,
7290000073767,false,מנה חמה נודלס בקר,קבוצת אוסם סחר-שות.מוגבלת,,,"י""ח",76,ל  גרם,false,1,5.90,7.76,true,1,
7290000073774,false,מנה חמה אטריות ורוטב צ יל,קבוצת אוסם סחר-שות.מוגבלת,,,"י""ח",76,ל  גרם,false,1,5.90,7.76,true,1,
7290000074153,false,פתיבר שוקו 500 אוסם,קבוצת אוסם סחר-שות.מוגבלת,,,"י""ח",500,ל  גרם,false,1,11.90,2.38,true,1,
7290000074184,false,פתי בר אוסם 500 ג`,קבוצת אוסם סחר-שות.מוגבלת,,,"י""ח",500,ל  גרם,false,1,10.20,2.04,true,1,
7290000074245,false,קרקר 250 ג  מלוח,קבוצת אוסם סחר-שות.מוגבלת,,,"י""ח",250,ל  גרם,false,1,8.50,3.40,true,1,
7290000074276,false,קרקר טבעון250 גר פיקנ,קבוצת אוסם סחר-שות.מוגבלת,,,"י""ח",250,ל  גרם,false,1,9.30,3.72,true,1,
7290000074696,false,".קרם קרקר 1 ק""ג",קבוצת אוסם סחר-שות.מוגבלת,,,"י""ח",1,"ק""ג",false,1,23.90,23.90,true,1,
7290000074764,false,קרקר זהב 900 גרם,קבוצת אוסם סחר-שות.מוגבלת,,,"י""ח",900,ל  גרם,false,1,23.90,2.66,true,1,
7290000075204,false,לחמית 250 גרם,קבוצת אוסם סחר-שות.מוגבלת,,,"י""ח",250,ל  גרם,false,1,7.60,3.04,true,1,
7290000076133,false,בייגלה  שמיניה]אסם[400גרם,קבוצת אוסם סחר-שות.מוגבלת,,,"י""ח",400,ל  גרם,false,1,9.20,2.30,false,1,
7290000078212,false,קרוטונים מתובלים אוסם,קבוצת אוסם סחר-שות.מוגבלת,,,"י""ח",250,ל  גרם,false,1,13.60,5.44,false,1,
7290000078762,false,חטיפי פריכונים מאורז מלא דבש,קבוצת אוסם סחר-שות.מוגבלת,,,"י""ח",100,ל  גרם,false,1,7.10,7.10,false,1,
7290000079233,false,קרם קרקר דל נתרן,קבוצת אוסם סחר-שות.מוגבלת,,,"י""ח",250,ל  גרם,false,1,9.30,3.72,true,1,
7290000081663,false,בייגלה טבעות עם שומשום 300גר,קבוצת אוסם סחר-שות.מוגבלת,,,"י""ח",300,ל  גרם,false,1,9.20,3.07,false,1,
7290000100135,false,דובדבן קפוא 300ג  סנפרוסט,תנובה בשר,,,"י""ח",500,ל  גרם,false,1,14.40,2.88,true,1,
7290000101927,false,אוכמניות כחולות  מוקפאות 300ג,תנובה בשר,,,"י""ח",300,ל  גרם,false,1,14.40,4.80,true,1,
7290000101934,false,מיקס פירות יער מוקפא  300ג,תנובה בשר,,,"י""ח",300,ל  גרם,false,1,11,3.67,true,1,
7290000101958,false,מנגו מוקפא 300ג,תנובה בשר,,,"י""ח",300,ל  גרם,false,1,11,3.67,true,1,
7290000104201,false,אפונה   עדינה(סנפרוסט )600ג`,תנובה בשר,,,"י""ח",600,ל  גרם,false,1,14.40,2.40,true,1,
7290000104218,false,במיה 600  ג}סנפרוסט{,תנובה בשר,,,"י""ח",800,ל  גרם,false,1,13.60,1.70,true,1,
7290000104683,false,שעועית שלמה 800 גרם סנפרוסט,תנובה בשר,,,"י""ח",800,ל  גרם,false,1,17,2.13,true,1,
7290000104690,false,תירס סנפרוסט 800 ג`,תנובה בשר,,,"י""ח",800,ל  גרם,false,1,15.30,1.91,true,1,
7290000104706,false,גזר גמדי 800 גרם,תנובה בשר,,,"י""ח",800,ל  גרם,false,1,14.40,1.80,true,1,
7290000104713,false,פול ירוק  800 גרם סנפרוסט,תנובה בשר,,,"י""ח",800,ל  גרם,false,1,19.60,2.45,true,1,
7290000104720,false,~שעועית חתוכה ירוקה 800 ג`,תנובה בשר,,,"י""ח",800,ל  גרם,false,1,15.30,1.91,true,1,
7290000104744,false,כרובית 800 גרם}סנפרוסט{,תנובה בשר,,,"י""ח",800,ל  גרם,false,1,20.40,2.55,true,1,
7290000104751,false,כרוב ניצנים 800 גרם,תנובה בשר,,,"י""ח",800,ל  גרם,false,1,20.40,2.55,true,1,
7290000104768,false,תרד עלים 800 גרם,תנובה בשר,,,"י""ח",800,ל  גרם,false,1,20.40,2.55,true,1,
7290000104775,false,תרד מדליון 800 גרם,תנובה בשר,,,"י""ח",800,ל  גרם,false,1,20.40,2.55,true,1,
7290000104799,false,שעועית   לבנה}סנפרוסט 800 גרם,תנובה בשר,,,"י""ח",1,"ק""ג",false,1,16.20,16.20,true,1,
7290000104805,false,גרגירי   חומוס(סנפרוסט{800גר,תנובה בשר,,,"י""ח",800,ל  גרם,false,1,16.20,2.03,true,1,
7290000104829,false,"קלחונים תירס 1 ק""ג",תנובה בשר,,,"י""ח",1,"ק""ג",false,1,17,17,true,1,
7290000104836,false,שעועית עדינה שלמה 600 ג סנפרוסט,תנובה בשר,,,"י""ח",600,ל  גרם,false,1,20.40,3.40,true,1,
7290000104881,false,אפונה  וגזר}סנפרוסט {800ג`,תנובה בשר,,,"י""ח",800,ל  גרם,false,1,12.70,1.59,true,1,
7290000104904,false,לקט ירקות מעו}סנפרוסט{,תנובה בשר,,,"י""ח",800,ל  גרם,false,1,19.40,2.43,true,1,
7290000104911,false,לקט נורמנדי 800 גסנפרוסט,תנובה בשר,,,"י""ח",800,ל  גרם,false,1,18.70,2.34,true,1,
7290000106526,false,לקט חגיגה ירוקה להקפצה 800 גרם סנפרוסט,תנובה בשר,,,"י""ח",800,ל  גרם,false,1,19.60,2.45,true,1,
7290000107165,false,מנצ ו חטיף סויה 400 ג` סנפרוסט,תנובה בשר,,,"י""ח",400,ל  גרם,false,1,11.90,2.98,true,1,
7290000107189,false,ארטישוק   תחתיות}סנפרוסט{400גר,תנובה בשר,,,"י""ח",400,ל  גרם,false,1,17.90,4.48,true,1,
7290000107295,false,ברוקולי (800 סנפרוסט),תנובה בשר,,,"י""ח",800,ל  גרם,false,1,21.30,2.66,true,1,
7290000107615,false,לקט מנה אסייטית צבעונית 800גר סנפרוסט,תנובה בשר,,,"י""ח",800,ל  גרם,false,1,19.60,2.45,true,1,
7290000110844,false,"כיפלי גריל בד""ץ 70 גרם",יוניליוור ישראל שיווק בעמ,,,"י""ח",70,ל  גרם,false,1,3.90,5.57,true,1,
7290000111063,false,מיונז תלמה 250גרם,יוניליוור ישראל שיווק בעמ,,,"י""ח",250,ל  גרם,false,1,5.60,2.24,false,1,
7290000111117,false,בדין לבן 4 ליטר,יוניליוור ישראל שיווק בעמ,,,"י""ח",4,ליטר,false,1,17,4.25,false,1,
7290000111186,false,מיונז 500 תלמה,יוניליוור ישראל שיווק בעמ,,,"י""ח",500,ל  גרם,false,1,7.60,1.52,false,1,
7290000111353,false,"מיונז 1 ק""ג תלמה",יוניליוור ישראל שיווק בעמ,,,"י""ח",1,"ק""ג",false,1,14.40,14.40,false,1,
7290000111360,false,חרדל 250 גרם תלמה,יוניליוור ישראל שיווק בעמ,,,"י""ח",250,ל  גרם,false,1,5,2,false,1,
7290000111384,false,חרדל 550 צנצנת תלמה,יוניליוור ישראל שיווק בעמ,,,"י""ח",550,ל  גרם,false,1,6.40,1.16,false,1,
7290000112220,false,טחינה גולמית בארכה 500גרם,קבוצת אוסם סחר-שות.מוגבלת,,,"י""ח",500,ל  גרם,false,1,11.90,2.38,false,1,
7290000112503,false,קנור ירקות עשיר61גרם,יוניליוור ישראל שיווק בעמ,,,"י""ח",61,ל  גרם,false,1,8.50,13.93,true,1,
7290000112619,false,מרק עוף   אמיתי{קנור}400גר.,יוניליוור ישראל שיווק בעמ,,,"י""ח",400,ל  גרם,false,1,15.30,3.83,true,1,
7290000114187,false,פנטסטיק 4 ליטר אורנים,יוניליוור ישראל שיווק בעמ,,,"י""ח",4,ליטר,false,1,17,4.25,false,1,
7290000116204,false,"מרק דגש 1 ק""ג",יוניליוור ישראל שיווק בעמ,,,"י""ח",1,מטר,false,1,13.60,13.60,true,1,
7290000116921,false,רוטב צ ילי מתוק 340גרם קנור,יוניליוור ישראל שיווק בעמ,,,"י""ח",340,"ל  מ""ל",false,1,9.30,2.74,true,1,
7290000117171,false,טעם עוף  דלקל 48גרם,יוניליוור ישראל שיווק בעמ,,,"י""ח",48,ל  גרם,false,1,5.60,11.67,false,1,
7290000117720,false,פטריות נמס 43 גרם,יוניליוור ישראל שיווק בעמ,,,"י""ח",43,ל  גרם,false,1,5.90,13.72,true,1,
7290000118277,false,קניידלך 65גרם*2יח,יוניליוור ישראל שיווק בעמ,,,"י""ח",130,ל  גרם,false,1,7.60,5.85,false,1,
7290000120836,false,מיונז הלמנס 394גרם,יוניליוור ישראל שיווק בעמ,,,"י""ח",394,ל  גרם,false,1,11,2.79,false,1,
7290000121017,false,גבינה שומרון 120 גרם,נטו מלינדה סחר בעמ,,,"י""ח",120,ל  גרם,false,1,7.60,6.33,false,1,
7290000121031,false,גבינה החתול 120 גרם,נטו מלינדה סחר בעמ,,,"י""ח",120,ל  גרם,false,1,7.60,6.33,false,1,
7290000121079,false,גבינה מון בלאן,נטו מלינדה סחר בעמ,,,"י""ח",120,ל  גרם,false,1,7.60,6.33,false,1,
7290000121093,false,גבינה מון בלאן,נטו מלינדה סחר בעמ,,,"י""ח",120,ל  גרם,false,1,7.60,6.33,false,1,
7290000121109,false,גבינה מון בלאן,נטו מלינדה סחר בעמ,,,"י""ח",120,ל  גרם,false,1,7.60,6.33,false,1,
7290000121147,false,מון בלאן לייט טעם פיקנטי,נטו מלינדה סחר בעמ,,,"י""ח",120,ל  גרם,false,1,7.60,6.33,false,1,
7290000121239,false,מיוקל 5% תלמה} {500,יוניליוור ישראל שיווק בעמ,,,"י""ח",500,ל  גרם,false,1,10.20,2.04,false,1,
7290000122830,false,רוטב סצ ואן בקבוק 370גרם,יוניליוור ישראל שיווק בעמ,,,"י""ח",370,ל  גרם,false,1,9.30,2.51,true,1,
7290000123363,false,צמקאו י-ם 500 גרם,יוניליוור ישראל שיווק בעמ,,,"י""ח",500,ל  גרם,false,1,9.30,1.86,false,1,
7290000125251,false,בדין  לכביסה עדינה 2 ליטר,יוניליוור ישראל שיווק בעמ,,,"י""ח",2,ליטר,false,1,19.60,9.80,false,1,
7290000129457,false,"רוטב פטריות 28 גרם בד""ץ",יוניליוור ישראל שיווק בעמ,,,"י""ח",28,ל  גרם,false,1,3.30,11.79,false,1,
7290000129785,false,בדין 4 ליטר ירוק,יוניליוור ישראל שיווק בעמ,,,"י""ח",4,ליטר,false,1,17,4.25,false,1,
7290000136585,false,ג אמפ אשכוליות 1.5 ליטר,טמפו משקאות בעמ,,,"י""ח",1.50,ליטר,false,1,6.50,4.13,true,1,
7290000136646,false,נשר מאלט 1.5 ליטר,טמפו משקאות בעמ,,,"י""ח",1.50,ליטר,false,1,7.80,5,true,1,
7290000136844,false,אקווה נובה 2 ליטר שישייה.,טמפו משקאות בעמ,,,"י""ח",12,ליטר,false,1,10.10,0.72,false,1,
7290000137513,false,.גלידונית 60 יח שטראוס,גלידות שטראוס בעמ,,,"י""ח",700,ל  גרם,false,1,40.10,5.73,false,1,
7290000137643,false,טעמקור משפחתי שטראוס,גלידות שטראוס בעמ,,,"י""ח",1,,false,1,29.80,29.80,false,1,
7290000143187,false,שמפו+קונדישינר   לגבר,הנקל סוד בעמ,,,"י""ח",700,"ל  מ""ל",false,1,9.30,1.33,false,1,
7290000143200,false,מרכך לשיער יבש הוואי,הנקל סוד בעמ,,,"י""ח",700,"ל  מ""ל",false,1,9.30,1.33,false,1,
7290000143262,false,שמפו ילדים 700 הוואי,הנקל סוד בעמ,,,"י""ח",700,"ל  מ""ל",false,1,9.30,1.33,false,1,
7290000143286,false,מרכך הוואי ירוק 700,הנקל סוד בעמ,,,"י""ח",700,"ל  מ""ל",false,1,9.30,1.33,false,1,
7290000144467,false,שמן בריאות חמניות 1 ליטר]ע .הזיית,סוגת תעשיות בעמ,,,"י""ח",1,ליטר,false,1,14.40,14.40,false,1,
7290000144474,false,שמן בריאות קנולה 1 ליטר ]ע.זיית[,סוגת תעשיות בעמ,,,"י""ח",1,ליטר,false,1,13.60,13.60,false,1,
7290000146645,false,סבון מוצק הוואי  רבעייה שחור 100,הנקל סוד בעמ,,,"י""ח",400,ל  גרם,false,1,10.20,2.55,true,1,
7290000146652,false,סבון מוצק הוואי רביעיה ורוד,הנקל סוד בעמ,,,"י""ח",400,ל  גרם,false,1,10.20,2.55,true,1,
7290000146669,false,סבון מוצק הוואי רבעייה שמיים כחולים,הנקל סוד בעמ,,,"י""ח",400,ל  גרם,false,1,10.20,2.55,true,1,
7290000146676,false,סבון מוצק  הוואי רבעייה חום לגבר,הנקל סוד בעמ,,,"י""ח",400,ל  גרם,false,1,10.20,2.55,true,1,
7290000146683,false,סבון מוצק הוואי  רבעייה אפקט הדאו,הנקל סוד בעמ,,,"י""ח",400,ל  גרם,false,1,10.20,2.55,true,1,
7290000146997,false,טום וג רי משחת שיניים מסטיק,הנקל סוד בעמ,,,"י""ח",50,ל  גרם,false,1,6.80,13.60,true,1,
7290000148380,false,פיסטוק קלוי 200 ג,ליימן שליסל,,,"י""ח",200,ל  גרם,false,1,18.70,9.35,true,1,
7290000148748,false,גרעיני חמניות 200 גרם,ליימן שליסל,,,"י""ח",200,ל  גרם,false,1,5.50,2.75,true,1,
7290000148939,false,שקד קלוי 200 גרם,ליימן שליסל,,,"י""ח",200,ל  גרם,false,1,17,8.50,true,1,
7290000149615,false,סבון רביעיה לבן נקה 7,החב הדרומית לשיווק,,,"י""ח",400,ל  גרם,false,1,9.30,2.33,false,1,
7290000152288,false,נקניקיות עוף 400 (עוף טוב),קבוצת אוסם סחר-שות.מוגבלת,,,"י""ח",400,ל  גרם,false,1,9.30,2.33,true,1,
7290000161358,false,מיונז אמיתי שמן קנולה 500גרם,יוניליוור ישראל שיווק בעמ,,,"י""ח",500,ל  גרם,false,1,11,2.20,false,1,
7290000174723,false,שוקולית 500 גר.,"שטראוס גרופ בע""מ",,,"י""ח",500,ל  גרם,false,1,10.10,2.02,true,1,
7290000176062,false,#קפה טורקי 100 גרם עלית.,"שטראוס גרופ בע""מ",,,"י""ח",100,ל  גרם,false,1,7.90,7.90,true,1,
7290000176079,false,קפה טורקי 100 הל,"שטראוס גרופ בע""מ",,,"י""ח",100,ל  גרם,false,1,8.50,8.50,true,1,
7290000176116,false,קפה טורקי 1 ק  ואקום עלית,"שטראוס גרופ בע""מ",,,"י""ח",1,"ק""ג",false,1,65.70,65.70,true,1,
7290000176413,false,קפה נמס 50 ג,"שטראוס גרופ בע""מ",,,"י""ח",50,ל  גרם,false,1,8.20,16.40,true,1,
7290000176468,false,האג נטול 50,"שטראוס גרופ בע""מ",,,"י""ח",50,ל  גרם,false,1,9.30,18.60,true,1,
7290000178707,false,תפוצ יפס 50 גרם,"שטראוס פריטו ליי בע""מ",,,"י""ח",50,ל  גרם,false,1,3.90,7.80,true,1,
7290000178721,false,תפוצי פס 200 ג,"שטראוס פריטו ליי בע""מ",,,"י""ח",200,ל  גרם,false,1,9.20,4.60,true,1,
7290000186030,false,מגבוני האגיס רביעייה עם תחליב,קימברלי קלארק ישראל שיווק בעמ,,,"י""ח",4,"י""ח",false,1,23.90,5.98,true,1,
7290000187860,false,לילי לח פיור 56 דפים.,קימברלי קלארק ישראל שיווק בעמ,,,"י""ח",59,ל  גרם,false,1,7.60,12.88,false,1,
7290000187952,false,נייר טואלט לילי טריו 32 צבע וורוד,קימברלי קלארק ישראל שיווק בעמ,,,"י""ח",537,מטר,false,1,34.10,0.06,false,1,
7290000188270,false,קלינקס אולטרא סופט זוגות,קימברלי קלארק ישראל שיווק בעמ,,,"י""ח",390,ל  גרם,false,1,18.70,4.79,false,1,
7290000189536,false,אשפתון 40 יח M,קימברלי קלארק ישראל שיווק בעמ,,,"י""ח",40,"י""ח",false,1,18.70,0.47,false,1,
7290000189550,false,זוג שקיות אשפה גדול ניקול,קימברלי קלארק ישראל שיווק בעמ,,,"י""ח",1,"י""ח",false,1,20.40,20.40,true,1,
7290000191539,false,לילי צבעוני חמישיה,קימברלי קלארק ישראל שיווק בעמ,,,"י""ח",593,ל  גרם,false,1,15.30,2.58,false,1,
7290000191652,false,קלינקס ניילון שלישיות,קימברלי קלארק ישראל שיווק בעמ,,,"י""ח",1,,false,1,11.90,11.90,false,1,
7290000193205,false,לילי נטורל לילה,קימברלי קלארק ישראל שיווק בעמ,,,"י""ח",1,"י""ח",false,1,14.40,14.40,false,1,
7290000193472,false,פדיות לילי אינט אורירי,קימברלי קלארק ישראל שיווק בעמ,,,"י""ח",1,"י""ח",false,1,14.40,14.40,false,1,
7290000193540,false,לילי אינטימייט לונג,קימברלי קלארק ישראל שיווק בעמ,,,"י""ח",1,"י""ח",false,1,14.40,14.40,false,1,
7290000193649,false,תח  לילי אינטימט,קימברלי קלארק ישראל שיווק בעמ,,,"י""ח",1,"י""ח",false,1,14.40,14.40,false,1,
7290000193656,false,תחתוניות לילי,קימברלי קלארק ישראל שיווק בעמ,,,"י""ח",100,ל  גרם,false,1,14.40,14.40,false,1,
7290000193793,false,תחבושות אולטרה,קימברלי קלארק ישראל שיווק בעמ,,,"י""ח",1,"י""ח",false,1,14.40,14.40,false,1,
7290000195537,false,מגבוני האגיס קמומיל 4 יח,קימברלי קלארק ישראל שיווק בעמ,,,"י""ח",4,"י""ח",false,1,17,4.25,true,1,
7290000195773,false,האגיס נטורל אלוורה+קמומיל,קימברלי קלארק ישראל שיווק בעמ,,,"י""ח",1,,false,1,17,17,true,1,
7290000196039,false,מפות איריס,קימברלי קלארק ישראל שיווק בעמ,,,"י""ח",250,ל  גרם,false,1,8.50,3.40,false,1,
7290000197081,false,ניילון נצמד ניילונית  150מ  חסכוני ניק,קימברלי קלארק ישראל שיווק בעמ,,,"י""ח",150,מטר,false,1,28.10,0.19,false,1,
7290000197326,false,רדיד אלומיניום ניקול זוגות 7.5*2קצר,קימברלי קלארק ישראל שיווק בעמ,,,"י""ח",200,ל  גרם,false,1,9.30,4.65,false,1,
7290000197340,false,רדיד אלומיניום  זוג  ניקול,קימברלי קלארק ישראל שיווק בעמ,,,"י""ח",1,"י""ח",false,1,18.70,18.70,false,1,
7290000197432,false,סנדויצ ון זוג חוגלה,קימברלי קלארק ישראל שיווק בעמ,,,"י""ח",2,"י""ח",false,1,11,5.50,false,1,
7290000197470,false,מקפיאון שקיות 100*3,קימברלי קלארק ישראל שיווק בעמ,,,"י""ח",200,"י""ח",false,1,15.30,0.08,false,1,
7290000197753,false,ניילון נצמד נילונית 30  מ`זוג,קימברלי קלארק ישראל שיווק בעמ,,,"י""ח",1,"י""ח",false,1,10.20,10.20,false,1,
7290000197883,false,מגשית 100,קימברלי קלארק ישראל שיווק בעמ,,,"י""ח",1,"י""ח",false,1,10.20,10.20,false,1,
7290000197982,false,גלילית 7.5*45 רדיד זוגות,קימברלי קלארק ישראל שיווק בעמ,,,"י""ח",2,"י""ח",false,1,21.30,10.65,false,1,
7290000197999,false,רדיד אלומיניום זוג,קימברלי קלארק ישראל שיווק בעמ,,,"י""ח",1,"י""ח",false,1,15.30,15.30,false,1,
7290000199313,false,תחבושות קוטקס יאנג,קימברלי קלארק ישראל שיווק בעמ,,,"י""ח",1,"י""ח",false,1,16.90,16.90,true,1,
7290000204086,false,סקוטש 2+1 רגיל,קימברלי קלארק ישראל שיווק בעמ,,,"י""ח",3,"י""ח",false,1,9.30,3.10,false,1,
7290000204147,false,ניקול כרית יפנית רביעייה,קימברלי קלארק ישראל שיווק בעמ,,,"י""ח",4,"י""ח",false,1,9.30,2.33,false,1,
7290000204215,false,כרית יפנית שישייה ניקול,קימברלי קלארק ישראל שיווק בעמ,,,"י""ח",600,ל  גרם,false,1,9.30,1.55,false,1,
7290000204253,false,מטליות רב שימושי תשעייה,קימברלי קלארק ישראל שיווק בעמ,,,"י""ח",9,"י""ח",false,1,10.20,1.13,false,1,
7290000204611,false,ניקול ספוגית הקסם שישיה,קימברלי קלארק ישראל שיווק בעמ,,,"י""ח",6,"י""ח",false,1,9.30,1.55,false,1,
7290000207162,false,רוטב עגבניות 100 גר]יכין[.,זנלכל בעמ,,,"י""ח",100,ל  גרם,false,1,2.10,2.10,true,1,
7290000207438,false,קוביות עגבניות פריכוז,זנלכל בעמ,,,"י""ח",800,ל  גרם,false,1,8.50,1.06,false,1,
7290000208022,false,"עגבניות מרוסקות 800 בד""צ",זנלכל בעמ,,,"י""ח",800,ל  גרם,false,1,8.50,1.06,false,1,
7290000208077,false,אפונת   גינה{גדול}יכין,זנלכל בעמ,,,"י""ח",550,ל  גרם,false,1,7.60,1.38,true,1,
7290000208114,false,אפונת גינה וגזר יכין,זנלכל בעמ,,,"י""ח",550,ל  גרם,false,1,7.60,1.38,true,1,
7290000208145,false,תירס  לייט}יכין{A2,זנלכל בעמ,,,"י""ח",550,ל  גרם,false,1,8.50,1.55,false,1,
7290000208213,false,שעועית אפויה A2,זנלכל בעמ,,,"י""ח",580,ל  גרם,false,1,7.60,1.31,true,1,
7290000208244,false,רוטב שקשוקה יכין,זנלכל בעמ,,,"י""ח",570,ל  גרם,false,1,8.50,1.49,true,1,
7290000208251,false,שעועית ירוקה,זנלכל בעמ,,,"י""ח",550,ל  גרם,false,1,8.50,1.55,false,1,
7290000208312,false,תירס ואקום יכין,זנלכל בעמ,,,"י""ח",325,ל  גרם,false,1,7.90,2.43,true,1,
7290000208329,false,תירס A2 יכין,זנלכל בעמ,,,"י""ח",550,ל  גרם,false,1,7.60,1.38,true,1,
7290000208336,false,רוטב עגבניות 240 גרם יכין,זנלכל בעמ,,,"י""ח",240,ל  גרם,false,1,3.90,1.63,true,1,
7290000208343,false,עגב.מרוסקות עם שום 900גר.,זנלכל בעמ,,,"י""ח",900,ל  גרם,false,1,8.50,0.94,false,1,
7290000208350,false,עגבניות מרוסקות עם בצל 800,זנלכל בעמ,,,"י""ח",900,ל  גרם,false,1,8.50,0.94,false,1,
7290000208367,false,עגבניות מרוסקות בזיליקום 800,זנלכל בעמ,,,"י""ח",800,ל  גרם,false,1,8.50,1.06,false,1,
7290000208404,false,פול מצרי,זנלכל בעמ,,,"י""ח",600,ל  גרם,false,1,7.60,1.27,false,1,
7290000208428,false,~חומוס גרעינים A2 יכין,זנלכל בעמ,,,"י""ח",550,ל  גרם,false,1,7.60,1.38,true,1,
7290000208534,false,תירס קיד יכין,זנלכל בעמ,,,"י""ח",550,ל  גרם,false,1,8.50,1.55,false,1,
7290000208855,false,רוטב פסטה 240 גרם יכין,זנלכל בעמ,,,"י""ח",240,ל  גרם,false,1,4.70,1.96,false,1,
7290000208893,false,תירס ואקום לייט יכין,זנלכל בעמ,,,"י""ח",340,ל  גרם,false,1,5.90,1.74,false,1,
7290000208930,false,עגבניות בתוספת שום 240 גרם יכין,זנלכל בעמ,,,"י""ח",240,ל  גרם,false,1,4.70,1.96,false,1,
7290000208947,false,עגבניות מרוסקות 240 DRO HFHI,זנלכל בעמ,,,"י""ח",240,ל  גרם,false,1,4.70,1.96,false,1,
7290000208978,false,רוטב עג  פריכוז יכין 100 ג`.,זנלכל בעמ,,,"י""ח",100,ל  גרם,false,1,2.50,2.50,false,1,
7290000209043,false,רוטב לימון משומר]יכין[,זנלכל בעמ,,,"י""ח",1,ליטר,false,1,5.90,5.90,true,1,
7290000209708,false,עגבניות בתוספת בזיליקום 240ג,זנלכל בעמ,,,"י""ח",240,ל  גרם,false,1,4.70,1.96,false,1,
7290000209722,false,רוטב עגבניות  פריכוז יכין A2,זנלכל בעמ,,,"י""ח",580,ל  גרם,false,1,9.30,1.60,true,1,
7290000209913,false,עגב  קוביות 240גר,זנלכל בעמ,,,"י""ח",240,ל  גרם,false,1,4.70,1.96,false,1,
7290000209944,false,בסיס עגבניות לשקשוקה 240 גרם יכין,זנלכל בעמ,,,"י""ח",240,ל  גרם,false,1,4.70,1.96,false,1,
7290000209951,false,רוטב פיצה 240גר,זנלכל בעמ,,,"י""ח",240,"ל  מ""ל",false,1,4.70,1.96,false,1,
7290000209968,false,רוטב לזניה 240גר,זנלכל בעמ,,,"י""ח",240,ל  גרם,false,1,4.70,1.96,false,1,
7290000211169,false,"אורז בסגנון תאילנדי סוגת 1 ק""ג",סוגת תעשיות בעמ,,,"י""ח",1,"ק""ג",false,1,6.80,6.80,false,1,
7290000211442,false,"~אורז בסגנון פרסי 1 ק""ג]סוגת[",סוגת תעשיות בעמ,,,"י""ח",1,"ק""ג",false,1,9.30,9.30,false,1,
7290000211503,false,סוכר  לבן}סוגת{.,סוגת תעשיות בעמ,,,"י""ח",1,"ק""ג",false,1,3.70,3.70,false,1,
7290000211626,false,"חיש אורז 1 ק""ג",סוגת תעשיות בעמ,,,"י""ח",1,"ק""ג",false,1,6.80,6.80,false,1,
7290000218502,false,חמין ויטה בדצ,ויטה- פרי גליל (החדשה) בעמ,,,"י""ח",500,ל  גרם,false,1,8.50,1.70,false,1,
7290000226514,false,עוגה בטעם ריבת חלב קפולסקי 450גר,קפולסקי אדל בעמ,,,"י""ח",450,ל  גרם,false,1,38.40,8.53,false,1,
7290000226569,false,"טורט קצפת ט.שוקולד 1ק""ג",קפולסקי אדל בעמ,,,"י""ח",1,"ק""ג",false,1,59.70,59.70,false,1,
7290000226576,false,"טורט קצפת מצופה שוקולד קפולסקי 1ק""ג",קפולסקי אדל בעמ,,,"י""ח",1,"ק""ג",false,1,59.70,59.70,false,1,
7290000226613,false,דובוש מצופה שוק קפולסקי 450גר,קפולסקי אדל בעמ,,,"י""ח",450,ל  גרם,false,1,38.40,8.53,false,1,
7290000238029,false,בצק עלים  צרפתי מעדנות 1 קג מרודד,תנובה בשר,,,"י""ח",1,"ק""ג",false,1,18.70,18.70,false,1,
7290000238036,false,מלאווח 700  גרם}מעדנות{,תנובה בשר,,,"י""ח",700,ל  גרם,false,1,15.30,2.19,true,1,
7290000238173,false,בורקס גבינה מעדנות 800 ג`,תנובה בשר,,,"י""ח",800,ל  גרם,false,1,18.70,2.34,true,1,
7290000238180,false,"בורקס מעדנות תפו""א",תנובה בשר,,,"י""ח",800,ל  גרם,false,1,15.30,1.91,true,1,
7290000240541,false,ריבועי בצק עלים,תנובה בשר,,,"י""ח",800,ל  גרם,false,1,19.60,2.45,false,1,
7290000244051,false,"הוואי  אל סבון  נוזלי טרופי 3*500 מ""ל",הנקל סוד בעמ,,,"י""ח",1.50,ליטר,false,1,15.30,10.20,true,1,
7290000244082,false,"הוואי אל סבון נוזלי   500 מ""ל*3",הנקל סוד בעמ,,,"י""ח",1.50,ליטר,false,1,15.30,10.20,true,1,
7290000244143,false,הוואי קרם לאחר הגילוח,הנקל סוד בעמ,,,"י""ח",120,ל  גרם,false,1,15.30,12.75,true,1,
7290000244761,false,"ולוטה קרם ידיים 100מ""ל",הנקל סוד בעמ,,,"י""ח",100,"ל  מ""ל",false,1,11.20,11.20,true,1,
7290000245072,false,מרכך כביסה לתינוק 4 ליטר,גורי שיווק בעמ,,,"י""ח",4,ליטר,false,1,14.40,3.60,false,1,
7290000245089,false,מרכך כביסה סוד 4 ליטר,גורי שיווק בעמ,,,"י""ח",4,ליטר,false,1,14.40,3.60,false,1,
7290000245157,false,מרכך כביסה סוד 4 ל,גורי שיווק בעמ,,,"י""ח",4,ליטר,false,1,14.40,3.60,false,1,
7290000245294,false,"פרסיל אבקת כביסה סופרא 2.5ק""ג",גורי שיווק בעמ,,,"י""ח",2.50,"ק""ג",false,1,21.30,8.52,false,1,
7290000245782,false,מרכך כביסה סוד ורוד 4 ליטר,גורי שיווק בעמ,,,"י""ח",4,ליטר,false,1,14.40,3.60,false,1,
7290000245799,false,מרכך כביסה כחול 4 ליטר,גורי שיווק בעמ,,,"י""ח",4,ליטר,false,1,14.40,3.60,false,1,
7290000253220,false,שוקולד  ציפס 260גר אופניימר,תה ויסוצקי (ישראל)בעמ,,,"י""ח",260,ל  גרם,false,1,9.30,3.58,false,1,
7290000262161,false,נייר טואלט מולט לב 40,קימברלי קלארק ישראל שיווק בעמ,,,"י""ח",716,מטר,false,1,31.50,0.04,false,1,
7290000267029,false,שקד מולבן חצוי 100גר שקדיה,דין שיווק וקליה 2021 בעמ,,,"י""ח",100,ל  גרם,false,1,9.30,9.30,true,1,
7290000267043,false,שקד מולבן פרוס 100גר שקדיה,דין שיווק וקליה 2021 בעמ,,,"י""ח",100,ל  גרם,false,1,8.50,8.50,true,1,
7290000272443,false,סירופ תפוזים 1 ליטר,קבוצת אוסם סחר-שות.מוגבלת,,,"י""ח",1,ליטר,false,1,14.50,14.50,false,1,
7290000272467,false,סירופ פטל 1 ליטר,קבוצת אוסם סחר-שות.מוגבלת,,,"י""ח",1,ליטר,false,1,14.50,14.50,false,1,
7290000272696,false,מיץ לימון משומר אסם,קבוצת אוסם סחר-שות.מוגבלת,,,"י""ח",1,ליטר,false,1,8.50,8.50,false,1,
7290000272726,false,חומץ טבעי1ליטר אוסם,קבוצת אוסם סחר-שות.מוגבלת,,,"י""ח",1,ליטר,false,1,5.60,5.60,false,1,
7290000286228,false,סנו סושי ספוגיות לניקוי `כלים 6 יח,החב הדרומית לשיווק,,,"י""ח",6,"י""ח",false,1,9.30,1.55,false,1,
7290000286297,false,סנו מסיר אבן מקומקום,החב הדרומית לשיווק,,,"י""ח",700,"ל  מ""ל",false,1,9.30,1.33,false,1,
7290000286549,false,מטליות רב שימוש סנו סושי 9 יחידות,החב הדרומית לשיווק,,,"י""ח",9,"י""ח",false,1,9.30,1.03,false,1,
7290000286594,false,סנו איקס מיכל,החב הדרומית לשיווק,,,"י""ח",600,ל  גרם,false,1,8.50,1.42,false,1,
7290000286761,false,פלסטיק נצמד זוג 30 מטר סנו,החב הדרומית לשיווק,,,"י""ח",1,,false,1,9.30,9.30,false,1,
7290000286945,false,רהיט נוזלי+אקדח,החב הדרומית לשיווק,,,"י""ח",500,"ל  מ""ל",false,1,22.10,4.42,false,1,
7290000287102,false,סנו שמפו לשטיחים 540 גרם,החב הדרומית לשיווק,,,"י""ח",600,"ל  מ""ל",false,1,16.80,2.80,false,1,
7290000287195,false,סנו רהיט ארוסול,החב הדרומית לשיווק,,,"י""ח",305,"ל  מ""ל",false,1,11.70,3.84,false,1,
7290000287621,false,סנו חיטוי WC סנו,החב הדרומית לשיווק,,,"י""ח",750,"ל  מ""ל",false,1,8.50,1.13,true,1,
7290000288017,false,סנו ג`אוול לימון 1 ליטר,החב הדרומית לשיווק,,,"י""ח",1,ליטר,false,1,6.80,6.80,false,1,
7290000288024,false,"סנו אקונומיקה ז""אוול 4 ליטר",החב הדרומית לשיווק,,,"י""ח",4,ליטר,false,1,14.40,3.60,false,1,
7290000288031,false,אקונומיקה תו תקן 4 ליטר,החב הדרומית לשיווק,,,"י""ח",4,ליטר,false,1,9.30,2.33,false,1,
7290000288048,false,סנו JAVEL מרסס לבנדר,החב הדרומית לשיווק,,,"י""ח",1,ליטר,false,1,16.20,16.20,false,1,
7290000288291,false,סנומט X 30 טבליות,החב הדרומית לשיווק,,,"י""ח",1,,false,1,14.40,14.40,false,1,
7290000288352,false,K-300 סנו.,החב הדרומית לשיווק,,,"י""ח",630,"ל  מ""ל",false,1,18.70,2.97,false,1,
7290000288642,false,מרכך סנסטיב 4 ליטר,החב הדרומית לשיווק,,,"י""ח",4,ליטר,false,1,18.70,4.68,false,1,
7290000288840,false,מים מזוקקים 2 ליטר,החב הדרומית לשיווק,,,"י""ח",2,ליטר,false,1,11,5.50,false,1,
7290000289069,false,סנו ג`אבל מרסס,החב הדרומית לשיווק,,,"י""ח",1,ליטר,false,1,16.20,16.20,false,1,
7290000289380,false,סנו JAVEL לימון לניקוי אסלות 750 מ``ל,החב הדרומית לשיווק,,,"י""ח",750,ל  גרם,false,1,9.20,1.23,true,1,
7290000289472,false,שקיות לפח אשפה 50יח ענק,החב הדרומית לשיווק,,,"י""ח",1,,false,1,16.20,16.20,false,1,
7290000289595,false,אורביטול ילדים,החב הדרומית לשיווק,,,"י""ח",145,ל  גרם,false,1,5.90,4.07,false,1,
7290000289748,false,"סנו פורטה פלוס 750מ""ל.",החב הדרומית לשיווק,,,"י""ח",750,"ל  מ""ל",false,1,12.70,1.69,false,1,
7290000289885,false,סנופרש יבש ענק,החב הדרומית לשיווק,,,"י""ח",375,"ל  מ""ל",false,1,8.40,2.24,false,1,
7290000289892,false,סנופרש יבש ענק,החב הדרומית לשיווק,,,"י""ח",375,"ל  מ""ל",false,1,8.50,2.27,false,1,
7290000291956,false,סנו גאבל לבנדר 1 ליטר,החב הדרומית לשיווק,,,"י""ח",1,ליטר,false,1,6.80,6.80,false,1,
7290000291963,false,סנו אקונומיקה סמיכה לימון 1 ליטר,החב הדרומית לשיווק,,,"י""ח",1,ליטר,false,1,6.80,6.80,false,1,
7290000292137,false,מנקה עור נוזלי,החב הדרומית לשיווק,,,"י""ח",500,"ל  מ""ל",false,1,25.60,5.12,false,1,
7290000292311,false,פוליויקס סחלבים 2 ליטר,החב הדרומית לשיווק,,,"י""ח",200,"ל  מ""ל",false,1,17,8.50,true,1,
7290000292502,false,K-800 תרסיס נגד נמלים,החב הדרומית לשיווק,,,"י""ח",630,"ל  מ""ל",false,1,13.50,2.14,false,1,
7290000292533,false,סנו ג ל לניקוי כחול,החב הדרומית לשיווק,,,"י""ח",1,ליטר,false,1,14.40,14.40,false,1,
7290000292557,false,סנומט נוזלי מלוי,החב הדרומית לשיווק,,,"י""ח",1,,false,1,18.70,18.70,false,1,
7290000292564,false,K-2000 תרסיס הגנה מחרקים ללא ריח 750 מ,החב הדרומית לשיווק,,,"י""ח",750,"ל  מ""ל",false,1,25.60,3.41,false,1,
7290000292687,false,סנובון כחול שלישיה.,החב הדרומית לשיווק,,,"י""ח",165,ל  גרם,false,1,12.70,7.70,true,1,
7290000292915,false,"סנו רסס ונגב מרסס 750 מ""ל",החב הדרומית לשיווק,,,"י""ח",600,"ל  מ""ל",false,1,9.30,1.55,false,1,
7290000293073,false,מקסימה מרכך לבן  ביו מקסי 4 ל,החב הדרומית לשיווק,,,"י""ח",4,ליטר,false,1,18.70,4.68,false,1,
7290000294773,false,סנו JAVEL לבנדר 4 ליטר,החב הדרומית לשיווק,,,"י""ח",4,ליטר,false,1,14.40,3.60,false,1,
7290000294780,false,סנו JAVEL  פרובנס]סמיכה [4ליטר,החב הדרומית לשיווק,,,"י""ח",4,ליטר,false,1,14.40,3.60,false,1,
7290000295121,false,"מטליות לניקוי רצפות סנו 3 יחידות, מארז",החב הדרומית לשיווק,,,"י""ח",1,,false,1,9.30,9.30,false,1,
7290000295367,false,"א.כביסה מקסימה 2.5 אפקט זאוול  ק""ג",החב הדרומית לשיווק,,,"י""ח",2.50,"ק""ג",false,1,22.10,8.84,false,1,
7290000295404,false,שקיות אשפה סושי 60 יח,החב הדרומית לשיווק,,,"י""ח",1,"י""ח",false,1,19.60,19.60,false,1,
7290000295503,false,זוג סנו סושי מזון בקרטון,החב הדרומית לשיווק,,,"י""ח",1,,false,1,13.60,13.60,false,1,
7290000295541,false,סנו סושי רב מגבת ג`מבו 75 יחידות,החב הדרומית לשיווק,,,"י""ח",390,ל  גרם,false,1,17,4.36,false,1,
7290000295558,false,זוג נייר אלומיניום  30*7.5 סנו,החב הדרומית לשיווק,,,"י""ח",1,,false,1,9.30,9.30,false,1,
7290000295565,false,רדיד אלומיניום סנו זוג ארוך,החב הדרומית לשיווק,,,"י""ח",1,,false,1,16.20,16.20,false,1,
7290000295824,false,רדיד  אלומניום 100 מטר ענק סנו,החב הדרומית לשיווק,,,"י""ח",1,,false,1,46.90,46.90,false,1,
7290000300900,false,שניצל תירס 750 גרם,קבוצת אוסם סחר-שות.מוגבלת,,,"י""ח",750,ל  גרם,false,1,32.40,4.32,true,1,
7290000303581,false,פול מצרי A2,ויטה- פרי גליל (החדשה) בעמ,,,"י""ח",560,ל  גרם,false,1,6.80,1.21,true,1,
7290000303598,false,שעועית לבנה אפוי,ויטה- פרי גליל (החדשה) בעמ,,,"י""ח",550,ל  גרם,false,1,6.80,1.24,true,1,
7290000304663,false,סלט טונה  פיקנטי(יונה),דיפלומט מפיצים (1968) בעמ**,,,"י""ח",160,ל  גרם,false,1,5.50,3.44,false,1,
7290000305882,false,סרדין קולי  אס(יונה )110גרם,דיפלומט מפיצים (1968) בעמ**,,,"י""ח",110,ל  גרם,false,1,5,4.55,false,1,
7290000307015,false,אפונה גינה A2,ויטה- פרי גליל (החדשה) בעמ,,,"י""ח",600,ל  גרם,false,1,6.80,1.13,true,1,
7290000307046,false,אפונה וגזר A2,ויטה- פרי גליל (החדשה) בעמ,,,"י""ח",550,ל  גרם,false,1,6.80,1.24,true,1,
7290000307220,false,תירס  ואקום}פריגליל{,ויטה- פרי גליל (החדשה) בעמ,,,"י""ח",450,ל  גרם,false,1,5,1.11,false,1,
7290000307237,false,תירס A2 פרי גליל,ויטה- פרי גליל (החדשה) בעמ,,,"י""ח",540,ל  גרם,false,1,6.80,1.26,true,1,
7290000311128,false,עוגיות חמאה 300ג מן,ח.כהן סוכנות מזון ומשקאות בע,,,"י""ח",300,ל  גרם,false,1,5.90,1.97,false,1,
7290000311135,false,עוגיות  מן סטיקם שוקולד 300גר,ח.כהן סוכנות מזון ומשקאות בע,,,"י""ח",300,ל  גרם,false,1,5.90,1.97,false,1,
7290000311180,false,וופלים עשריות 20 מן,ח.כהן סוכנות מזון ומשקאות בע,,,"י""ח",250,ל  גרם,false,1,6.80,2.72,false,1,
7290000311203,false,וופל שוקו 200 גר מן,ח.כהן סוכנות מזון ומשקאות בע,,,"י""ח",200,ל  גרם,false,1,4.20,2.10,false,1,
7290000311210,false,לימון 200 ופל מן,ח.כהן סוכנות מזון ומשקאות בע,,,"י""ח",200,ל  גרם,false,1,4.20,2.10,false,1,
7290000311227,false,וופל קפה 220גר מן,ח.כהן סוכנות מזון ומשקאות בע,,,"י""ח",200,ל  גרם,false,1,4.20,2.10,false,1,
7290000311234,false,וופל וניל 200 מן,ח.כהן סוכנות מזון ומשקאות בע,,,"י""ח",200,ל  גרם,false,1,4.20,2.10,false,1,
7290000311319,false,וופל מצופה 1 קג מן.,ח.כהן סוכנות מזון ומשקאות בע,,,"י""ח",1,"ק""ג",false,1,21.30,21.30,false,1,
7290000311357,false,וופל אגוזים עשירייה מן,ח.כהן סוכנות מזון ומשקאות בע,,,"י""ח",280,ל  גרם,false,1,10.20,3.64,false,1,
7290000311425,false,וופל מצופה כחול 10יח מן,ח.כהן סוכנות מזון ומשקאות בע,,,"י""ח",200,ל  גרם,false,1,7.60,3.80,false,1,
7290000311708,false,עוג יות חיטה מלאה 300ג  מן,ח.כהן סוכנות מזון ומשקאות בע,,,"י""ח",300,ל  גרם,false,1,5.90,1.97,false,1,
7290000311715,false,עוגיות כוכבים שוקולד 300ג מן,ח.כהן סוכנות מזון ומשקאות בע,,,"י""ח",300,ל  גרם,false,1,5.90,1.97,false,1,
7290000311722,false,עוגיות כוכבים 300ג מן,ח.כהן סוכנות מזון ומשקאות בע,,,"י""ח",300,ל  גרם,false,1,5.90,1.97,false,1,
7290000313160,false,חברים זברה 3דובים שוקו,קבוצת אוסם סחר-שות.מוגבלת,,,"י""ח",250,ל  גרם,false,1,7.40,2.96,false,1,
7290000313184,false,חברים-בסקוויט גן חיות 250ג.,קבוצת אוסם סחר-שות.מוגבלת,,,"י""ח",250,ל  גרם,false,1,7.40,2.96,false,1,
7290000313290,false,נודלס-אטריות מסולסלות,קבוצת אוסם סחר-שות.מוגבלת,,,"י""ח",200,ל  גרם,false,1,8.50,4.25,false,1,
7290000315126,false,קנור-עוף   300 גרם,יוניליוור ישראל שיווק בעמ,,,"י""ח",300,ל  גרם,false,1,17,5.67,false,1,
7290000315133,false,קנור-בקר   300 גרם,יוניליוור ישראל שיווק בעמ,,,"י""ח",300,ל  גרם,false,1,17,5.67,false,1,
7290000318707,false,סלמי מעושן 500 גרם,מעדני יחיעם 1993 בעמ,,,"י""ח",500,ל  גרם,false,1,25.60,5.12,true,1,
7290000319124,false,סלמי סרוולט 250 גרם,מעדני יחיעם 1993 בעמ,,,"י""ח",250,ל  גרם,false,1,29,11.60,false,1,
7290000319131,false,נקניקיות עוף 400 גרם,מעדני יחיעם 1993 בעמ,,,"י""ח",400,ל  גרם,false,1,10.20,2.55,true,1,
7290000319520,false,סלמי צרפתי,מעדני יחיעם 1993 בעמ,,,"י""ח",100,ל  גרם,false,1,17.70,17.70,false,1,
7290000334325,false,שלישיית צ`יפס למקרוגל,קבוצת אוסם סחר-שות.מוגבלת,,,"י""ח",0.38,"ק""ג",false,1,11.90,31.32,false,1,
7290000334684,false,טבעות בצל 700גר,קבוצת אוסם סחר-שות.מוגבלת,,,"י""ח",700,ל  גרם,false,1,15.30,2.19,false,1,
7290000334745,false,"אמריקן ציפס 1.5  ק""ג(תפוגן)",קבוצת אוסם סחר-שות.מוגבלת,,,"י""ח",1.50,"ק""ג",false,1,21.30,14.20,false,1,
7290000339191,false,רן הלבנה 35גר קל,יוניליוור ישראל שיווק בעמ,,,"י""ח",350,ל  גרם,false,1,15.30,4.37,false,1,
7290000339566,false,בדין ורוד 4 ליטר,יוניליוור ישראל שיווק בעמ,,,"י""ח",4,ליטר,false,1,17,4.25,false,1,
7290000339849,false,"משחה לכלים 3.5 ק""ג סמדר",יוניליוור ישראל שיווק בעמ,,,"י""ח",3.50,"ק""ג",false,1,23,6.57,false,1,
7290000339887,false,"משחת קלין 3.5 ק""ג",יוניליוור ישראל שיווק בעמ,,,"י""ח",3.50,"ק""ג",false,1,23,6.57,false,1,
7290000341071,false,בייבי בדין 2 ליטר,יוניליוור ישראל שיווק בעמ,,,"י""ח",2,ליטר,false,1,12.70,6.35,false,1,
7290000342832,false,בדין צהוב 4 ל,יוניליוור ישראל שיווק בעמ,,,"י""ח",4,ליטר,false,1,17,4.25,false,1,
7290000342856,false,בדין כחול 4 ליטר,יוניליוור ישראל שיווק בעמ,,,"י""ח",4,ליטר,false,1,17,4.25,false,1,
7290000345048,false,תה 74 125גר,תה ויסוצקי (ישראל)בעמ,,,"י""ח",125,ל  גרם,false,1,10.90,8.72,false,1,
7290000345055,false,100 ארל גריי תפזורת,תה ויסוצקי (ישראל)בעמ,,,"י""ח",100,ל  גרם,false,1,11.90,11.90,false,1,
7290000345147,false,תה ארל גריי 200 גר פח,תה ויסוצקי (ישראל)בעמ,,,"י""ח",200,ל  גרם,false,1,26.80,13.40,false,1,
7290000345215,false,תה ויסוצקי כחול} {100,תה ויסוצקי (ישראל)בעמ,,,"י""ח",100,"י""ח",false,1,10.10,0.10,false,1,
7290000345260,false,תה בריבוע 1.5/25,תה ויסוצקי (ישראל)בעמ,,,"י""ח",37.50,ל  גרם,false,1,5.90,15.73,false,1,
7290000345277,false,תה קלאסיק  50 שקיות*1.5גר,תה ויסוצקי (ישראל)בעמ,,,"י""ח",75,ל  גרם,false,1,9.30,12.40,false,1,
7290000345284,false,תה קלאסיק 100 יח 1.5ג ק.ירוקה,תה ויסוצקי (ישראל)בעמ,,,"י""ח",150,ל  גרם,false,1,15.30,10.20,false,1,
7290000345291,false,תה ארל גריי 1.5/25,תה ויסוצקי (ישראל)בעמ,,,"י""ח",37.50,ל  גרם,false,1,13.50,36,true,1,
7290000345307,false,תה ארל גריי 50 שקיות,תה ויסוצקי (ישראל)בעמ,,,"י""ח",75,ל  גרם,false,1,24.70,32.93,true,1,
7290000345536,false,תה נענע 25 שקיות,תה ויסוצקי (ישראל)בעמ,,,"י""ח",37.50,ל  גרם,false,1,14.40,38.40,false,1,
7290000346120,false,חליטת קינמון גן קסום,תה ויסוצקי (ישראל)בעמ,,,"י""ח",62.50,ל  גרם,false,1,15.30,24.48,true,1,
7290000346199,false,חליטת פירות יער  גן קסום 25 שק`,תה ויסוצקי (ישראל)בעמ,,,"י""ח",67.50,ל  גרם,false,1,15.30,22.67,true,1,
7290000346205,false,חליטת  קמומיל גן קסום 25יח,תה ויסוצקי (ישראל)בעמ,,,"י""ח",37.50,ל  גרם,false,1,15.30,40.80,true,1,
7290000346229,false,חליטת תה ורד הבר,תה ויסוצקי (ישראל)בעמ,,,"י""ח",75,ל  גרם,false,1,15.30,20.40,true,1,
7290000346960,false,תה נענע 50 יח,תה ויסוצקי (ישראל)בעמ,,,"י""ח",75,ל  גרם,false,1,25.60,34.13,false,1,
7290000347738,false,תה ירוק בטעם נענע 25יח,תה ויסוצקי (ישראל)בעמ,,,"י""ח",25,"י""ח",false,1,21.30,0.85,true,1,
7290000347752,false,תה ירוק  25 עם לימונית לואיזה,תה ויסוצקי (ישראל)בעמ,,,"י""ח",37.50,ל  גרם,false,1,21.30,56.80,true,1,
7290000355399,false,טומטו מקס ]A2.5,ויטה- פרי גליל (החדשה) בעמ,,,"י""ח",800,ל  גרם,false,1,6.80,0.85,true,1,
7290000355405,false,ע מרוסקות ע בצל טלי וטרי,ויטה- פרי גליל (החדשה) בעמ,,,"י""ח",800,ל  גרם,false,1,6.80,0.85,true,1,
7290000364803,false,נקניקיות בקר  אמריקאי 500 ג,תנובה בשר,,,"י""ח",500,ל  גרם,false,1,23.90,4.78,false,1,
7290000364810,false,נקניקיות עגל,תנובה בשר,,,"י""ח",500,ל  גרם,false,1,23.60,4.72,false,1,
7290000364872,false,נקניקיות עוף 400 גרם טירת צבי,תנובה בשר,,,"י""ח",400,ל  גרם,false,1,9.30,2.33,true,1,
7290000364957,false,נקניקיות מיני מיני עוף,תנובה בשר,,,"י""ח",700,ל  גרם,false,1,21.30,3.04,false,1,
7290000377452,false,גרעיני אבטיח 200 גרם,ליימן שליסל,,,"י""ח",200,ל  גרם,false,1,10.20,5.10,false,1,
7290000379000,false,חלה רגילה/קלועה  חדשה  650 גרם *.,שלמה א.אנג ל בעמ,,,"י""ח",650,ל  גרם,false,1,5.60,0.86,false,1,
7290000379876,false,לחם אנגיל קל,שלמה א.אנג ל בעמ,,,"י""ח",500,ל  גרם,false,1,12,2.40,false,1,
7290000408316,false,דנונה יוגורט טבעי,"שטראוס גרופ ***בע""מ",,,"י""ח",200,"ל  מ""ל",false,1,3,1.50,true,1,
7290000408354,false,דנונה קראנצי פצפוצים,"שטראוס גרופ ***בע""מ",,,"י""ח",175,"ל  מ""ל",false,1,3.80,2.17,true,1,
7290000412481,false,מנקה אסלות 1 ליטר 00,החב הדרומית לשיווק,,,"י""ח",1,ליטר,false,1,6.40,6.40,false,1,
7290000416021,false,#ממרח שחר 500 חלבי,השחר העולה תעשית ממתקים,,,"י""ח",500,ל  גרם,false,1,11.90,2.38,false,1,
7290000416045,false,"ממרח שחר 1  ק""ג חלבי",השחר העולה תעשית ממתקים,,,"י""ח",1,"ק""ג",false,1,20.40,20.40,false,1,
7290000416618,false,"ממרח שחר בד""צ} {400",השחר העולה תעשית ממתקים,,,"י""ח",400,ל  גרם,false,1,10.90,2.73,false,1,
7290000416632,false,"ממרח שחר פרווה 1 ק""ג",השחר העולה תעשית ממתקים,,,"י""ח",1,מטר,false,1,19.50,19.50,false,1,
7290000419107,false,קפה טורקי כחול 100 גרם,ש.שסטוביץ בעמ,,,"י""ח",100,ל  גרם,false,1,5.90,5.90,false,1,
7290000419220,false,קפה טורקי שלשות לנדוור 100*3,ש.שסטוביץ בעמ,,,"י""ח",300,ל  גרם,false,1,16.20,5.40,false,1,
7290000419893,false,קפה לנדוור לבוקר טחון 200ג,ש.שסטוביץ בעמ,,,"י""ח",100,ל  גרם,false,1,5.90,5.90,false,1,
7290000420325,false,פופ סטאר פופקורן  טבעי  500גרם,דנשר (1963) בעמ,,,"י""ח",500,ל  גרם,false,1,11.80,2.36,true,1,
7290000420332,false,פופ סטאר פופקורן בטעם חמאה 500גר,דנשר (1963) בעמ,,,"י""ח",500,ל  גרם,false,1,11.80,2.36,true,1,
7290000420417,false,"גלילונית ,50/70 60 יח",דנשר (1963) בעמ,,,"י""ח",60,"י""ח",false,1,16.20,0.27,false,1,
7290000430102,false,"קוביות קרח 2 ק""ג",אייס קיובס בעמ מיסטר אייס,,,"י""ח",2,"ק""ג",false,1,10.20,5.10,false,1,
7290000446318,false,דייסת סולת ב.ד.,בטר אנד דיפרנט בעמ,,,"י""ח",200,ל  גרם,false,1,11,5.50,false,1,
7290000446547,false,חמאה בוטנים350 גרם BD,בטר אנד דיפרנט בעמ,,,"י""ח",350,ל  גרם,false,1,11.90,3.40,false,1,
7290000446554,false,"חמאת בוטנים טבעי 1ק""ג  BD",בטר אנד דיפרנט בעמ,,,"י""ח",510,ל  גרם,false,1,25.60,5.02,false,1,
7290000449128,false,סיף כללי חדש 4 ליטר,יוניליוור ישראל שיווק בעמ,,,"י""ח",4,ליטר,false,1,17,4.25,false,1,
7290000450209,false,פוסידון 110 גר  בשמן,נטו מלינדה סחר בעמ,,,"י""ח",110,ל  גרם,false,1,4.70,4.27,false,1,
7290000450711,false,טונה פוסידון מארז רביעיה,שונות /שרות,,,"י""ח",440,ל  גרם,false,1,15.20,3.45,false,1,
7290000453019,false,שמרית שקית,"שטראוס גרופ ***בע""מ",,,"י""ח",50,ל  גרם,false,1,3.90,7.80,true,1,
7290000453125,false,משפר אפיה,"שטראוס גרופ ***בע""מ",,,"י""ח",100,ל  גרם,false,1,6.40,6.40,true,1,
7290000461625,false,בייגלה ]400בייגל שמיניות מלוחות,יוניליוור ישראל שיווק בעמ,,,"י""ח",400,ל  גרם,false,1,8.50,2.13,true,1,
7290000461656,false,בייגלה אחד אחד 400,יוניליוור ישראל שיווק בעמ,,,"י""ח",400,ל  גרם,false,1,8.50,2.13,true,1,
7290000461700,false,בייגלה גדול גדול,יוניליוור ישראל שיווק בעמ,,,"י""ח",400,ל  גרם,false,1,10.20,2.55,false,1,
7290000461724,false,גדול גדול שומשום,יוניליוור ישראל שיווק בעמ,,,"י""ח",400,ל  גרם,false,1,10.20,2.55,false,1,
7290000461793,false,בייגלה ארוך ארוך-ביג ביג,יוניליוור ישראל שיווק בעמ,,,"י""ח",150,ל  גרם,false,1,5,3.33,false,1,
7290000462103,false,סחוג אדום חריף זהבי 150 ג`,"שטראוס גרופ ***בע""מ",,,"י""ח",150,ל  גרם,false,1,6.80,4.53,true,1,
7290000462172,false,סחוג זהבי ירוק 150ג,"שטראוס גרופ ***בע""מ",,,"י""ח",150,ל  גרם,false,1,6.80,4.53,true,1,
7290000474090,false,חלב 1 ליטר קרטון   *1% *,*החברה המרכזית להפצת משקאותבעמ,,,"י""ח",1,ליטר,false,1,5.01,5.01,false,1,
7290000474373,false,"שמנת חמוצה 200  מ""ל*",*החברה המרכזית להפצת משקאותבעמ,,,"י""ח",200,"ל  מ""ל",false,1,2.05,1.03,false,1,
7290000474502,false,גבינה לבנה  ב250 גרם 5%*,*החברה המרכזית להפצת משקאותבעמ,,,"י""ח",250,ל  גרם,false,1,4.26,1.70,false,1,
7290000474540,false,טוב טעם גבינה 5% טרה,*החברה המרכזית להפצת משקאותבעמ,,,"י""ח",250,ל  גרם,false,1,9.80,3.92,false,1,
7290000474830,false,גבינה צהובה 28% מגורדת 500 גרם,*החברה המרכזית להפצת משקאותבעמ,,,"י""ח",500,ל  גרם,false,1,28.10,5.62,true,1,
7290000480442,false,קוואקר שקית (עלית),"שטראוס פריטו ליי בע""מ",,,"י""ח",500,ל  גרם,false,1,10.20,2.04,true,1,
7290000482019,false,קוקי 10 יחידות,ש.שסטוביץ בעמ,,,"י""ח",1,,false,1,8.50,8.50,true,1,
7290000482033,false,קוקי ענק שקיות צלייה,ש.שסטוביץ בעמ,,,"י""ח",1,,false,1,8.50,8.50,true,1,
7290000484747,false,"ערק עלית 700 מ""ל",יקב הגליל שיווק בעמ,,,"י""ח",700,"ל  מ""ל",false,1,47.80,6.79,false,1,
7290000490397,false,קרמבו]פלדמן[וניל   [20],פלקו בעמ,,,"י""ח",20,"י""ח",false,1,28.10,1.41,false,1,
7290000493176,false,אבקת רוטב צלי לבשר,קבוצת אוסם סחר-שות.מוגבלת,,,"י""ח",22,ל  גרם,false,1,4.20,19.09,false,1,
7290000493183,false,אבקת רוטב פטריות לבשר,קבוצת אוסם סחר-שות.מוגבלת,,,"י""ח",30,ל  גרם,false,1,4.20,14,false,1,
7290000497044,false,לחם ברמן אקטיב 750 גרם,י.את א. ברמן בעמ,,,"י""ח",1,,false,1,13.60,13.60,false,1,
7290000497228,false,6 לחמניות 75 ג ברמן,י.את א. ברמן בעמ,,,"י""ח",450,ל  גרם,false,1,8.50,1.89,false,1,
7290000497358,false,חלה מתוקה}ברמן{,י.את א. ברמן בעמ,,,"י""ח",500,ל  גרם,false,1,11.40,2.28,false,1,
7290000498003,false,לחם מקמח מלא E-FREE,י.את א. ברמן בעמ,,,"י""ח",1,,false,1,13.60,13.60,false,1,
7290000504025,false,פטריה סוכרזית,"שטראוס גרופ בע""מ",,,"י""ח",246,ל  גרם,false,1,7,2.85,true,1,
7290000515014,false,"קמח 1 ק""ג}באר  שבע{",טחנות קמח שטיבל בש בעמ,,,"י""ח",1,"ק""ג",false,1,4.40,4.40,false,1,
7290000515106,false,"סולת 1 ק""ג(טחנת  ב""ש)",טחנות קמח שטיבל בש בעמ,,,"י""ח",1,"ק""ג",false,1,4.40,4.40,false,1,
7290000523125,false,מלח ים יבש הארץ  250  ג,סוגת תעשיות בעמ,,,"י""ח",250,ל  גרם,false,1,4.60,1.84,false,1,
7290000523224,false,מלח ים יבש  הארץ 500 ג,סוגת תעשיות בעמ,,,"י""ח",500,ל  גרם,false,1,6.80,1.36,false,1,
7290000523514,false,מלח 250 ג  בקבוק הארץ,סוגת תעשיות בעמ,,,"י""ח",250,ל  גרם,false,1,8.50,3.40,false,1,
7290000523521,false,מלח ים בק  200 גר,סוגת תעשיות בעמ,,,"י""ח",200,ל  גרם,false,1,5,2.50,false,1,
7290000525969,false,פרימור תפוזים 1 ליטר,"שטראוס גרופ ***בע""מ",,,"י""ח",1,ליטר,false,1,13.60,13.60,true,1,
7290000530109,false,זוג קבנוס בואקום,זוגלובק שיווק בעמ,,,"י""ח",400,ל  גרם,false,1,25.30,6.33,true,1,
7290000530116,false,נקניק בשן זוגלובק,זוגלובק שיווק בעמ,,,"י""ח",700,ל  גרם,false,1,23,3.29,true,1,
7290000530291,false,נקניק מבשר הודו,זוגלובק שיווק בעמ,,,"י""ח",800,ל  גרם,false,1,18.60,2.33,true,1,
7290000530413,false,המבורגר זהב 400,זוגלובק שיווק בעמ,,,"י""ח",400,ל  גרם,false,1,18.70,4.68,true,1,
7290000530468,false,"וינר  טרי 1 ק""ג זוגלובק",זוגלובק שיווק בעמ,,,"י""ח",1,"ק""ג",false,1,27.90,27.90,true,1,
7290000530598,false,נקניקיות וינר טרי זוגלובק,זוגלובק שיווק בעמ,,,"י""ח",500,ל  גרם,false,1,13.50,2.70,true,1,
7290000530703,false,מארז פסטרמ/חרמון+תה מעושן 800 ג` זוגלובק,זוגלובק שיווק בעמ,,,"י""ח",800,ל  גרם,false,1,23,2.88,true,1,
7290000531601,false,סטייק בורגר 400 גרם,זוגלובק שיווק בעמ,,,"י""ח",400,ל  גרם,false,1,18.70,4.68,true,1,
7290000531977,false,בורקס גבינה 800 גרם,זוגלובק שיווק בעמ,,,"י""ח",800,ל  גרם,false,1,16,2,true,1,
7290000533353,false,בצק עלים זוגלובק 1 קג,זוגלובק שיווק בעמ,,,"י""ח",1,"ק""ג",false,1,13.60,13.60,true,1,
7290000536316,false,שניצל מן  הצומח]זוגלובק[,זוגלובק שיווק בעמ,,,"י""ח",1,"ק""ג",false,1,28.50,28.50,true,1,
7290000537566,false,נקניקיות עוף טרי 400 ג זוגלובק,זוגלובק שיווק בעמ,,,"י""ח",400,ל  גרם,false,1,9.30,2.33,true,1,
7290000537603,false,"נקניקיות עוף 1 ק""ג זוגלובק.",זוגלובק שיווק בעמ,,,"י""ח",1,"ק""ג",false,1,22.90,22.90,true,1,
7290000538709,false,תה מעושן,זוגלובק שיווק בעמ,,,"י""ח",200,ל  גרם,false,1,12.70,6.35,false,1,
7290000551173,false,מח בקר לא מוכשר,נטו מלינדה סחר בעמ,,,"ק""ג",1,,true,1,102.50,102.50,false,1,
7290000552927,false,טחון עוף טיבון ויל,נטו מלינדה סחר בעמ,,,"י""ח",500,ל  גרם,false,1,12.70,2.54,false,1,
7290000552934,false,טחון הודו 500 גרם,נטו מלינדה סחר בעמ,,,"י""ח",500,ל  גרם,false,1,12.70,2.54,false,1,
7290000554402,false,מלבי גד 160 גרם,מחלבות גד,,,"י""ח",160,"ל  מ""ל",false,1,4.70,2.94,false,1,
7290000554457,false,צפתית מיני% }5 גד 350 ג.,מחלבות גד,,,"י""ח",350,ל  גרם,false,1,17,4.86,false,1,
7290000554471,false,מוצרלה 180גר }.גד{,מחלבות גד,,,"י""ח",1,,false,1,13.60,13.60,false,1,
7290000554624,false,ירח מתוק גד,מחלבות גד,,,"י""ח",150,"ל  מ""ל",false,1,4.70,3.13,false,1,
7290000554686,false,לאבנה בתוספת  שמןזית  וזעתר  גד{5%,מחלבות גד,,,"י""ח",250,ל  גרם,false,1,12,4.80,false,1,
7290000554792,false,בולגרית פח% }5 גד{,מחלבות גד,,,"ק""ג",1000,ל  גרם,true,1,46.90,4.69,false,1,
7290000554822,false,ריקוטה 5% בסגנון איטלקי 250 גד{,מחלבות גד,,,"י""ח",250,ל  גרם,false,1,11.90,4.76,false,1,
7290000554839,false,מסקרפונה 250 גרם,מחלבות גד,,,"י""ח",250,ל  גרם,false,1,17,6.80,false,1,
7290000554969,false,שמנת טבעי  30% שקיל}גד{,מחלבות גד,,,"ק""ג",1,,true,1,37.50,37.50,false,1,
7290000554990,false,כדורי מוצרלה גדולים,מחלבות גד,,,"ק""ג",1,,true,1,76.10,76.10,false,1,
7290000560021,false,אדג  ג ל נגד חתכים,דנשר (1963) בעמ,,,"י""ח",200,ל  גרם,false,1,13.60,6.80,false,1,
7290000560533,false,אדג  ג ל רגיל 200,דנשר (1963) בעמ,,,"י""ח",200,ל  גרם,false,1,13.60,6.80,false,1,
7290000560540,false,אדג  ג ל רגיש 200,דנשר (1963) בעמ,,,"י""ח",200,ל  גרם,false,1,13.60,6.80,false,1,
7290000571119,false,גאודה.,מחלבות גד,,,"ק""ג",1000,ל  גרם,true,1,88,8.80,false,1,
7290000571188,false,גאודה משקל.,מחלבות גד,,,"ק""ג",1,"ק""ג",true,1,126.50,126.50,false,1,
7290000572086,false,טחינה אורגנית 500גר  אחוה,אחדות בעמ,,,"י""ח",500,ל  גרם,false,1,11,2.20,false,1,
7290000572208,false,חלווה 100 גרם,אחדות בעמ,,,"י""ח",100,ל  גרם,false,1,2.50,2.50,false,1,
7290000572222,false,חלבה וניל 500 גרם אחווה,אחדות בעמ,,,"י""ח",500,ל  גרם,false,1,9.30,1.86,false,1,
7290000572529,false,חלוה אחוה 400גר.,אחדות בעמ,,,"י""ח",400,ל  גרם,false,1,10.90,2.73,false,1,
7290000572543,false,חלוה שוקו וניל,אחדות בעמ,,,"י""ח",400,ל  גרם,false,1,11,2.75,false,1,
7290000572628,false,חטיפי חלוה ליט אחווה,אחדות בעמ,,,"י""ח",276,ל  גרם,false,1,9.30,3.37,false,1,
7290000572673,false,חלבה שי עשיריות]אחוה[,אחדות בעמ,,,"י""ח",300,ל  גרם,false,1,11,3.67,false,1,
7290000572802,false,טחינה שומשום אורגני 500גר,אחדות בעמ,,,"י""ח",500,ל  גרם,false,1,11,2.20,false,1,
7290000572819,false,"טחינה  אחווה 100 טבעי 1 ק""ג",אחדות בעמ,,,"י""ח",1,"ק""ג",false,1,18.70,18.70,false,1,
7290000574035,false,לחם אחיד פרוס}דגנית{*750,דגנית עין בר ~~~,,,"י""ח",750,ל  גרם,false,1,5.90,0.79,false,1,
7290000574141,false,לחם חיטה מלא 750,דגנית עין בר ~~~,,,"י""ח",750,ל  גרם,false,1,10.90,1.45,false,1,
7290000599434,false,שלישיית סחבות לרצפה Shiny,מ.א.ייצור ויבוא מטליות בעמ,,,"י""ח",1,,false,1,8.50,8.50,false,1,
7290000611884,false,כבד עוף טרי ארוז.,ח.י. מעדני גורמה בעמ,,,"ק""ג",1,,true,1,25.60,25.60,false,1,
7290000631141,false,קורקבן   עוף[קצביה]**,ח.י. מעדני גורמה בעמ,,,"ק""ג",1,,true,1,9.90,9.90,false,1,
7290000631356,false,טחול עוף  טרי(קצביה)**,ח.י. מעדני גורמה בעמ,,,"ק""ג",1,"ק""ג",true,1,55.50,55.50,false,1,
7290000631424,false,פרגיות עוף  טרי[קצביה]**,ח.י. מעדני גורמה בעמ,,,"ק""ג",1,"ק""ג",true,1,68.30,68.30,true,1,
7290000632209,false,חזה פטם}עטרה{קפוא.,נטו מלינדה סחר בעמ,,,"ק""ג",1,"ק""ג",true,1,28.10,28.10,false,1,
7290000632452,false,כרעיים עוף טרי(קצביה )**.,ח.י. מעדני גורמה בעמ,,,"ק""ג",1,"ק""ג",true,1,31.50,31.50,true,1,
7290000632759,false,שוקיים עוף טרי (קצביה)**,ח.י. מעדני גורמה בעמ,,,"ק""ג",1,"ק""ג",true,1,34.10,34.10,true,1,
7290000633855,false,כנפיים עוף  טרי מקוצבות[קצביה],ח.י. מעדני גורמה בעמ,,,"ק""ג",1,"י""ח",true,1,14.40,14.40,true,1,
7290000641386,false,שריר הזרוע מחפוד 8 קפוא,ב ספק בשר קפוא,,,"ק""ג",1,,true,1,32.10,32.10,false,1,
7290000643250,false,עוף טרי  מפורק(קצביה)**,ח.י. מעדני גורמה בעמ,,,"י""ח",1,,true,1,18.70,18.70,false,1,
7290000644516,false,גרונות  הודו עטרה,נטו מלינדה סחר בעמ,,,"ק""ג",1,,true,1,25.60,25.60,false,1,
7290000663166,false,פילה הייק דרום אפריקאי,תנובה בשר,,,"ק""ג",1,,true,1,41.90,41.90,false,1,
7290000692203,false,אג`קס ניקוי כללי לימון  2 ל,ש.שסטוביץ בעמ,,,"י""ח",2,ליטר,false,1,19.60,9.80,false,1,
7290000692210,false,אג קס ניקוי כללי 2 ל לוונדר,ש.שסטוביץ בעמ,,,"י""ח",2,ליטר,false,1,19.60,9.80,false,1,
7290000692227,false,פלמוליב נוזל לכלים 1 ליטר,ש.שסטוביץ בעמ,,,"י""ח",1,ליטר,false,1,11,11,false,1,
7290000692456,false,אג קס חלונות+רפי,ש.שסטוביץ בעמ,,,"י""ח",1.50,ליטר,false,1,20.40,13.60,false,1,
7290000805597,false,"בונזו סניור 3 ק""ג",דיפלומט מפיצים (1968) בעמ**,,,"י""ח",3,"ק""ג",false,1,38.40,12.80,false,1,
7290000805924,false,"לה קט דגים 2.85 ק""ג",דיפלומט מפיצים (1968) בעמ**,,,"י""ח",2.85,"ק""ג",false,1,55.50,19.47,false,1,
7290001041017,false,חוואיג  תימני,מיה תעשיות מזון מ.ת.מ בעמ,,,"י""ח",100,ל  גרם,false,1,5.40,5.40,false,1,
7290001041260,false,שומשום 400גר ].מיה[,מיה תעשיות מזון מ.ת.מ בעמ,,,"י""ח",400,ל  גרם,false,1,9.30,2.33,false,1,
7290001041291,false,סוכריה על מקל70יח,מיה תעשיות מזון מ.ת.מ בעמ,,,"י""ח",100,ל  גרם,false,1,20.30,20.30,false,1,
7290001041987,false,"סוכר חום 1 ק""ג",מיה תעשיות מזון מ.ת.מ בעמ,,,"י""ח",1,"ק""ג",false,1,12.70,12.70,false,1,
7290001045169,false,מיץ תפוחים צלול 1 ליטר,"שטראוס גרופ ***בע""מ",,,"י""ח",1,ליטר,false,1,13.60,13.60,true,1,
7290001045688,false,מיץ תפוזים סחוט 400 מייל,"שטראוס גרופ ***בע""מ",,,"י""ח",400,"ל  מ""ל",false,1,7.10,1.70,true,1,
7290001121054,false,צמד חמד יחיעם 700 גרם,מעדני יחיעם 1993 בעמ,,,"י""ח",850,ל  גרם,false,1,21.30,2.51,false,1,
7290001123775,false,שווארמה אמיתית טיבון ויל,נטו מלינדה סחר בעמ,,,"י""ח",500,ל  גרם,false,1,17,3.40,false,1,
7290001123782,false,שווארמה הודו טיבון ויל,נטו מלינדה סחר בעמ,,,"י""ח",500,ל  גרם,false,1,17,3.40,false,1,
7290001124611,false,שומן כבש 200 ג,נטו מלינדה סחר בעמ,,,"י""ח",200,ל  גרם,false,1,18.80,9.40,false,1,
7290001136287,false,שמפו נקה 7 לשיער רגיל,החב הדרומית לשיווק,,,"י""ח",750,"ל  מ""ל",false,1,10.20,1.36,false,1,
7290001136294,false,"שמפו נקה 7 לשיער יבש 750 מ""ל",החב הדרומית לשיווק,,,"י""ח",750,"ל  מ""ל",false,1,10.20,1.36,false,1,
7290001136362,false,סבון נ. ארומה 1 ליטר ירוק,החב הדרומית לשיווק,,,"י""ח",1,ליטר,false,1,11,11,false,1,
7290001136683,false,מרכך נקה -7 לשיער רגיל ירוק,החב הדרומית לשיווק,,,"י""ח",750,"ל  מ""ל",false,1,10.20,1.36,false,1,
7290001136973,false,סבון נ.ארומה 1 ליטר לבן,החב הדרומית לשיווק,,,"י""ח",1,ליטר,false,1,11,11,false,1,
7290001209042,false,רוסטביף עגל עטרה,נטו מלינדה סחר בעמ,,,"ק""ג",1,,true,1,48.20,48.20,false,1,
7290001245699,false,אקונומיקה סמיכה 4 ל`טאצ`,סאסאטק אגשח בעמ,,,"י""ח",4,ליטר,false,1,11,2.75,true,1,
7290001245736,false,ג`ל כביסה כחול  3 ל`טאצ`,סאסאטק אגשח בעמ,,,"י""ח",1,ליטר,false,1,17,17,true,1,
7290001245897,false,נוזל רצפות יסמין 4ליטר טאצ`,סאסאטק אגשח בעמ,,,"י""ח",4,ליטר,false,1,12.70,3.18,true,1,
7290001245965,false,מרכך כביסה כחול 4ל טאצ`,סאסאטק אגשח בעמ,,,"י""ח",4,ליטר,false,1,13.60,3.40,true,1,
7290001245972,false,מרכך כביסה לבן 4ל טאצ`,סאסאטק אגשח בעמ,,,"י""ח",4,ליטר,false,1,13.60,3.40,true,1,
7290001245989,false,מרכך כביסה סגול 4ל טאצ`,סאסאטק אגשח בעמ,,,"י""ח",4,ליטר,false,1,13.60,3.40,true,1,
7290001246078,false,מרכך פרמיום סנשואל 1 ל`טאצ`,סאסאטק אגשח בעמ,,,"י""ח",1,ליטר,false,1,11.90,11.90,true,1,
7290001246085,false,ניקוי חלונות 1 ל`  טאצ`,סאסאטק אגשח בעמ,,,"י""ח",1,ליטר,false,1,7.60,7.60,true,1,
7290001246115,false,תרסיס מסיר עובש 750 מ``ל טאצ,סאסאטק אגשח בעמ,,,"י""ח",75,"ל  מ""ל",false,1,11,14.67,false,1,
7290001246122,false,תרסיס ניקוי כללי 750 מ``ל טאצ,סאסאטק אגשח בעמ,,,"י""ח",75,"ל  מ""ל",false,1,11,14.67,false,1,
7290001246290,false,"תרסיס רסס נגב 750מ""ל טאצ",סאסאטק אגשח בעמ,,,"י""ח",750,"ל  מ""ל",false,1,11,1.47,false,1,
7290001247068,false,ספרינג נקטר תות-בננה,יפאורה שותפות מוגבלת לשיווק,,,"י""ח",1,ליטר,false,1,5.90,5.90,true,1,
7290001247082,false,ספרינג עגבניות,יפאורה שותפות מוגבלת לשיווק,,,"י""ח",1,ליטר,false,1,5.90,5.90,true,1,
7290001247099,false,ספרינג נקטר מנגו,יפאורה שותפות מוגבלת לשיווק,,,"י""ח",1,ליטר,false,1,5.90,5.90,true,1,
7290001247105,false,ספרינג נקטר אפרסק,יפאורה שותפות מוגבלת לשיווק,,,"י""ח",1,ליטר,false,1,5.90,5.90,true,1,
7290001247112,false,ספרינג נקטר לימונים,יפאורה שותפות מוגבלת לשיווק,,,"י""ח",1,ליטר,false,1,5.90,5.90,true,1,
7290001247129,false,ספרינג נקטר תפוזים,יפאורה שותפות מוגבלת לשיווק,,,"י""ח",1,ליטר,false,1,5.90,5.90,true,1,
7290001247143,false,ספרינג קרטונית תפוחים,יפאורה שותפות מוגבלת לשיווק,,,"י""ח",1,ליטר,false,1,5.90,5.90,true,1,
7290001247723,false,"נקטר ספרינג פחית תות-בננה 330מ""ל",יפאורה שותפות מוגבלת לשיווק,,,"י""ח",330,"ל  מ""ל",false,1,5.10,1.45,true,1,
7290001265642,false,מולטיפק לה קט 400*3.,דיפלומט מפיצים (1968) בעמ**,,,"י""ח",1.20,"ק""ג",false,1,17,14.17,false,1,
7290001274422,false,מאגדת שמינייה מצופה בננה,פלקו בעמ,,,"י""ח",1,,false,1,17,17,false,1,
7290001274941,false,פופסיקל  פטל 8יח`,לפ קנדילידה בעמ,,,"י""ח",640,ל  גרם,false,1,25.40,3.97,false,1,
7290001305188,false,"פלמוליב נוזל לניקוי כלים 750 מ""ל ספרינ",ש.שסטוביץ בעמ,,,"י""ח",750,"ל  מ""ל",false,1,10.20,1.36,true,1,
7290001327791,false,קרמיסימו 1.3 עוגיות שטראוס,גלידות שטראוס בעמ,,,"י""ח",1.33,ליטר,false,1,16.20,12.18,false,1,
7290001482384,false,אננס חתוך 227 גרם,ג.וילי פוד אינטרנשיונל בעמ,,,"י""ח",227,ל  גרם,false,1,3.40,1.50,false,1,
7290001485019,false,גבינת שמנת    5% טרה,*החברה המרכזית להפצת משקאותבעמ,,,"י""ח",200,ל  גרם,false,1,10.20,5.10,false,1,
7290001485026,false,גבינת שמנת זיתים 5% עיזים,*החברה המרכזית להפצת משקאותבעמ,,,"י""ח",200,ל  גרם,false,1,10.20,5.10,false,1,
7290001485033,false,גבינת שמנת שום שמיר 200ג,*החברה המרכזית להפצת משקאותבעמ,,,"י""ח",200,ל  גרם,false,1,10.20,5.10,false,1,
7290001491010,false,תה ירוק עם יסמין,תה ויסוצקי (ישראל)בעמ,,,"י""ח",37.50,ל  גרם,false,1,21.30,56.80,true,1,
7290001491096,false,תה ירוק -50לימונית,תה ויסוצקי (ישראל)בעמ,,,"י""ח",75,ל  גרם,false,1,38.40,51.20,true,1,
7290001552025,false,קוסקוס של מאמא,מטעמי פאר (א.מ.נ) בעמ,,,"י""ח",800,ל  גרם,false,1,13.60,1.70,false,1,
7290001594155,false,בקבוק קוקה קולה חצי ליטר.,החברה המרכזית להפצת משקאות בעמ,,,"י""ח",500,"ל  מ""ל",false,1,5.30,1,true,1,
7290001594179,false,פאנטה אורנג  0.5ליטר,החברה המרכזית להפצת משקאות בעמ,,,"י""ח",500,"ל  מ""ל",false,1,5.30,1,true,1,
7290001594377,false,פריגת תפוזים 500,החברה המרכזית להפצת משקאות בעמ,,,"י""ח",500,"ל  מ""ל",false,1,4.50,0.84,true,1,
7290001594384,false,פריגת אשכוליות 500,החברה המרכזית להפצת משקאות בעמ,,,"י""ח",500,"ל  מ""ל",false,1,4.50,0.84,true,1,
7290001594391,false,פריגת ענבים 500,החברה המרכזית להפצת משקאות בעמ,,,"י""ח",500,"ל  מ""ל",false,1,4.50,0.84,true,1,
7290001594568,false,קרלסברג 500 פחית,החברה המרכזית להפצת משקאות בעמ,,,"י""ח",500,"ל  מ""ל",false,1,7.90,1.52,false,1,
7290001594810,false,"בירה מאלט שחורה שישיה 330מ""ל.",החברה המרכזית להפצת משקאות בעמ,,,"י""ח",1.98,ליטר,false,1,23,10.86,true,1,
7290001594858,false,בירה טובורג רד שישיה,החברה המרכזית להפצת משקאות בעמ,,,"י""ח",1.98,ליטר,false,1,35.60,17.22,true,1,
7290001780428,false,שלגון לייט שוקולד מאגדת שישייה,נגה גלידות,,,"י""ח",312,ל  גרם,false,1,23.70,7.60,false,1,
7290001791349,false,אקונומיקה ריחנית פיסגה 4 ליטר,החב הדרומית לשיווק,,,"י""ח",4,ליטר,false,1,9.30,2.33,false,1,
7290001813454,false,חיוכים שוקו 900 גרם,"שטראוס גרופ בע""מ",,,"י""ח",900,ל  גרם,false,1,18.70,2.08,true,1,
7290001817728,false,צ יטוס כאפה 55גר,"שטראוס פריטו ליי בע""מ",,,"י""ח",0.55,"י""ח",false,1,2.80,5.09,true,1,
7290001855232,false,שמן צמחי למאור 1 ליטר,בני פאוזי שמשום (2009) בעמ,,,"י""ח",1,ליטר,false,1,12.70,12.70,false,1,
7290001922231,false,כדורי פלאפל 700גר שף הטבע,קפוא זן תעשיות מזון בעמ,,,"י""ח",700,ל  גרם,false,1,13.60,1.94,false,1,
7290001973332,false,מגבונים לפנים 60יח.,פישר תעשיות פרמבצטיות בעמ,,,"י""ח",1,,false,1,7.60,7.60,false,1,
7290001990148,false,סוכר גולרן קלסי צנצנת,סוגת תעשיות בעמ,,,"י""ח",1,"ק""ג",false,1,12.70,12.70,false,1,
7290001990278,false,"שעועית לבנה 1 ק""ג סוגת",סוגת תעשיות בעמ,,,"י""ח",1,"ק""ג",false,1,16.20,16.20,true,1,
7290002000143,false,ק.ידיים פ נגל קלאסיק,דנשר (1963) בעמ,,,"י""ח",100,"ל  מ""ל",false,1,6.80,6.80,false,1,
7290002007371,false,פירורי לחם 500גר הנמל,הנמל אריזות ושווק בעמ,,,"י""ח",500,ל  גרם,false,1,4.70,0.94,false,1,
7290002008231,false,אציטון 100 מ``ל,הנמל אריזות ושווק בעמ,,,"י""ח",1,,false,1,4.20,4.20,false,1,
7290002008651,false,קמח תפוח אדמה 500גר,הנמל אריזות ושווק בעמ,,,"י""ח",500,ל  גרם,false,1,6.80,1.36,false,1,
7290002019763,false,עגבניות מרוסקות800 גר,ח.כהן סוכנות מזון ומשקאות בע,,,"י""ח",800,ל  גרם,false,1,5.90,0.74,false,1,
7290002019787,false,רוטב עגבניות 260 פריניר,ח.כהן סוכנות מזון ומשקאות בע,,,"י""ח",260,ל  גרם,false,1,3.30,1.27,false,1,
7290002019794,false,רוטב פריניר 100גר`,ח.כהן סוכנות מזון ומשקאות בע,,,"י""ח",100,ל  גרם,false,1,1.40,1.40,false,1,
7290002022152,false,מרשמלו 100 גר כרמית,כרמית תעשיות ממתקים בעמ,,,"י""ח",100,ל  גרם,false,1,3.30,3.30,false,1,
7290002026358,false,צ`יפס בטטה קרינקל 500ג,מוצרי איכות אמריקאיים בעמ,,,"י""ח",500,ל  גרם,false,1,16,3.20,true,1,
7290002026365,false,טבעות בצל,מוצרי איכות אמריקאיים בעמ,,,"י""ח",1,"י""ח",false,1,10.20,10.20,false,1,
7290002026587,false,וופל בלגי קפוא,מוצרי איכות אמריקאיים בעמ,,,"י""ח",280,ל  גרם,false,1,13.70,4.89,true,1,
7290002037309,false,6 לחמניות  בשקית}וודש{,י.את א. ברמן בעמ,,,"י""ח",400,ל  גרם,false,1,11,2.75,false,1,
7290002037637,false,לחמנית צמה מתוקה 4יח,י.את א. ברמן בעמ,,,"י""ח",1,,false,1,11,11,false,1,
7290002040019,false,~קוסקוס רגיל}הנמל{,הנמל אריזות ושווק בעמ,,,"י""ח",350,ל  גרם,false,1,5.90,1.69,false,1,
7290002040064,false,קוסקוס דק]הנמל[,הנמל אריזות ושווק בעמ,,,"י""ח",350,ל  גרם,false,1,5.90,1.69,false,1,
7290002040071,false,קוסקוס עבה]הנמל[,הנמל אריזות ושווק בעמ,,,"י""ח",350,ל  גרם,false,1,5.90,1.69,false,1,
7290002057017,false,נובו ענק A2,קבוצת יבנה מוצרי מזון בעמ,,,"י""ח",560,ל  גרם,false,1,7.60,1.36,false,1,
7290002057031,false,מבוקעים גדול A2,קבוצת יבנה מוצרי מזון בעמ,,,"י""ח",560,ל  גרם,false,1,7.60,1.36,false,1,
7290002057048,false,סורי מבוקעים A2,קבוצת יבנה מוצרי מזון בעמ,,,"י""ח",560,ל  גרם,false,1,9,1.61,false,1,
7290002057062,false,מנזולינו בינוני/יבנה,קבוצת יבנה מוצרי מזון בעמ,,,"י""ח",560,ל  גרם,false,1,5.90,1.05,false,1,
7290002057086,false,מנזולינו גדול 43,קבוצת יבנה מוצרי מזון בעמ,,,"י""ח",1.25,"ק""ג",false,1,17,13.60,false,1,
7290002057093,false,מנזולינו גדול A2,קבוצת יבנה מוצרי מזון בעמ,,,"י""ח",600,ל  גרם,false,1,6.80,1.13,false,1,
7290002057109,false,מנזולינו גדול מאוד,קבוצת יבנה מוצרי מזון בעמ,,,"י""ח",560,ל  גרם,false,1,7.60,1.36,false,1,
7290002057123,false,חרוזית }A-2 יבנה{,קבוצת יבנה מוצרי מזון בעמ,,,"י""ח",560,ל  גרם,false,1,8.10,1.45,true,1,
7290002057130,false,"חרוזית }""43יבנה{",קבוצת יבנה מוצרי מזון בעמ,,,"י""ח",1.25,"ק""ג",false,1,17,13.60,false,1,
7290002057147,false,מנזולינהו שחור ג,קבוצת יבנה מוצרי מזון בעמ,,,"י""ח",560,ל  גרם,false,1,7.60,1.36,false,1,
7290002057154,false,חרוזית  -A10יבנה,קבוצת יבנה מוצרי מזון בעמ,,,"י""ח",3.50,"ק""ג",false,1,38.40,10.97,false,1,
7290002057161,false,מרינד גדול מאד,קבוצת יבנה מוצרי מזון בעמ,,,"י""ח",560,ל  גרם,false,1,7.60,1.36,false,1,
7290002057178,false,זיתים טבעיים,קבוצת יבנה מוצרי מזון בעמ,,,"י""ח",560,ל  גרם,false,1,7.40,1.32,false,1,
7290002057185,false,טבעות ירוק-יבנה,קבוצת יבנה מוצרי מזון בעמ,,,"י""ח",560,ל  גרם,false,1,7.90,1.41,false,1,
7290002057314,false,מלפפון  מלח 15-20 קב.יבנה 725 ג`,קבוצת יבנה מוצרי מזון בעמ,,,"י""ח",1.30,"ק""ג",false,1,12.70,9.77,false,1,
7290002057345,false,"מלפפון  במלח  3 ק""ג (30-36 יבנה)",קבוצת יבנה מוצרי מזון בעמ,,,"י""ח",1.30,"ק""ג",false,1,17,13.08,false,1,
7290002057352,false,מלפפון  מלח  }A-2   7-9 יבנה540 גרם,קבוצת יבנה מוצרי מזון בעמ,,,"י""ח",600,ל  גרם,false,1,5.60,0.93,false,1,
7290002057369,false,מלפ  מלח 10\12 2 יבנה,קבוצת יבנה מוצרי מזון בעמ,,,"י""ח",600,ל  גרם,false,1,6.40,1.07,false,1,
7290002057376,false,מלפ  מלח 13-17 יבנה,קבוצת יבנה מוצרי מזון בעמ,,,"י""ח",600,ל  גרם,false,1,8.50,1.42,false,1,
7290002057383,false,מלפפון  במלח 18\25 יבנה,קבוצת יבנה מוצרי מזון בעמ,,,"י""ח",600,ל  גרם,false,1,11,1.83,false,1,
7290002057406,false,"מלפפון 30-36 בחומץ]יבנה 1.7 ק""ג",קבוצת יבנה מוצרי מזון בעמ,,,"י""ח",560,ל  גרם,false,1,19.60,3.50,false,1,
7290002057451,false,מלפפון  בחומץ }7-9 יבנה{,קבוצת יבנה מוצרי מזון בעמ,,,"י""ח",600,ל  גרם,false,1,5.60,0.93,false,1,
7290002057468,false,מלפפון  בחומץ 10\12 יבנה,קבוצת יבנה מוצרי מזון בעמ,,,"י""ח",600,ל  גרם,false,1,6.40,1.07,false,1,
7290002057475,false,מלפ  בחומץ 13\17 יבנה,קבוצת יבנה מוצרי מזון בעמ,,,"י""ח",600,ל  גרם,false,1,8.50,1.42,false,1,
7290002057482,false,מלפ  חומץ 18\25,קבוצת יבנה מוצרי מזון בעמ,,,"י""ח",560,ל  גרם,false,1,11,1.96,false,1,
7290002057604,false,שיפקה A-2,קבוצת יבנה מוצרי מזון בעמ,,,"י""ח",560,ל  גרם,false,1,4.70,0.84,false,1,
7290002057628,false,טבעות שחור-יבנה,קבוצת יבנה מוצרי מזון בעמ,,,"י""ח",540,ל  גרם,false,1,8.10,1.50,false,1,
7290002057703,false,חצילים אקסטרא  A2,קבוצת יבנה מוצרי מזון בעמ,,,"י""ח",560,ל  גרם,false,1,5.90,1.05,false,1,
7290002057734,false,זיתים מושחרים חרוזית,קבוצת יבנה מוצרי מזון בעמ,,,"י""ח",540,ל  גרם,false,1,6.70,1.24,false,1,
7290002057864,false,נובו ענק צנצנת יבנה,קבוצת יבנה מוצרי מזון בעמ,,,"י""ח",560,ל  גרם,false,1,9.30,1.66,false,1,
7290002057871,false,חרוזית צנצנת יבנה,קבוצת יבנה מוצרי מזון בעמ,,,"י""ח",560,ל  גרם,false,1,8.10,1.45,false,1,
7290002057888,false,זית מרינט בחומץ יין צנצנת יבנה,קבוצת יבנה מוצרי מזון בעמ,,,"י""ח",560,ל  גרם,false,1,7.60,1.36,false,1,
7290002065555,false,לחמניות בשקית 6 יח,שלמה א.אנג ל בעמ,,,"י""ח",1,,false,1,10.20,10.20,false,1,
7290002107491,false,גבינת עיזים 5% 250 ג`,*החברה המרכזית להפצת משקאותבעמ,,,"י""ח",250,ל  גרם,false,1,12.60,5.04,true,1,
7290002107965,false,טבורוג 5% 500גר.,*החברה המרכזית להפצת משקאותבעמ,,,"י""ח",500,ל  גרם,false,1,21.30,4.26,false,1,
7290002111085,false,רוטב 100גר. מבורך}פלסטיק[,זנלכל בעמ,,,"י""ח",400,ל  גרם,false,1,2.10,0.53,false,1,
7290002111511,false,"אפונת גינה,גזר פרי מבורך",זנלכל בעמ,,,"י""ח",550,ל  גרם,false,1,7.60,1.38,true,1,
7290002111634,false,"חומוס בד""צ פרי מבורך",זנלכל בעמ,,,"י""ח",600,ל  גרם,false,1,7.60,1.27,true,1,
7290002111764,false,שעועית  אפויה}מבורך{,זנלכל בעמ,,,"י""ח",600,ל  גרם,false,1,7.60,1.27,true,1,
7290002111825,false,תירס מבורך A2,זנלכל בעמ,,,"י""ח",550,ל  גרם,false,1,7.60,1.38,true,1,
7290002130567,false,~דבש יד מרדכי 350 גרם,"שטראוס גרופ בע""מ",,,"י""ח",3.50,"י""ח",false,1,16.20,4.63,true,1,
7290002130581,false,"דבש טהור 1 ק""ג יד מרדכי","שטראוס גרופ בע""מ",,,"י""ח",1,קוב,false,1,41.80,41.80,true,1,
7290002132011,false,עבאדי עוגיות מלוחות 400גר,תה ויסוצקי (ישראל)בעמ,,,"י""ח",400,ל  גרם,false,1,15.30,3.83,false,1,
7290002253006,false,שום כתוש טרי 200,קבוצת אוסם סחר-שות.מוגבלת,,,"י""ח",200,ל  גרם,false,1,13.60,6.80,false,1,
7290002253105,false,מגשית קוביות שום,קבוצת אוסם סחר-שות.מוגבלת,,,"י""ח",80,ל  גרם,false,1,11.90,14.88,false,1,
7290002253150,false,דורות בזיליקום טרי קצוץ,קבוצת אוסם סחר-שות.מוגבלת,,,"י""ח",70,ל  גרם,false,1,9.30,13.29,false,1,
7290002253167,false,דורות פטרוזיליה טריה קצוצה,קבוצת אוסם סחר-שות.מוגבלת,,,"י""ח",70,ל  גרם,false,1,9.30,13.29,false,1,
7290002253181,false,דורות כוסברה טריה קצוצה,קבוצת אוסם סחר-שות.מוגבלת,,,"י""ח",70,ל  גרם,false,1,9.30,13.29,false,1,
7290002253198,false,דורות ג ינג ר טרי במגש,קבוצת אוסם סחר-שות.מוגבלת,,,"י""ח",90,ל  גרם,false,1,8.10,9,false,1,
7290002259640,false,רדיד אלומיניום בודד  קצר דיימונד 84,גורי ע.ע.ע. בעמ,,,"י""ח",1,"י""ח",false,1,10.20,10.20,false,1,
7290002259664,false,רדיד אלומיניום דיימונד 086 0.30,גורי ע.ע.ע. בעמ,,,"י""ח",1,,false,1,46.90,46.90,false,1,
7290002285069,false,קבב חריף 500 גר`עטרה,נטו מלינדה סחר בעמ,,,"י""ח",500,ל  גרם,false,1,18.60,3.72,false,1,
7290002316565,false,סינדרלה גרב מקופלת,אחים וייס ישי ייצור בעמ,,,"י""ח",1,,false,1,5,5,false,1,
7290002316770,false,תחתון נשים נועה,אחים וייס ישי ייצור בעמ,,,"י""ח",1,,false,1,19.60,19.60,false,1,
7290002319016,false,אבקת אפיה עשיריות מיה,מיה תעשיות מזון מ.ת.מ בעמ,,,"י""ח",100,ל  גרם,false,1,1.60,1.60,false,1,
7290002319023,false,סוכר וניל עשיריות מיה,מיה תעשיות מזון מ.ת.מ בעמ,,,"י""ח",100,ל  גרם,false,1,1.60,1.60,false,1,
7290002319061,false,קוקוס טחון 100 גרם מיה,מיה תעשיות מזון מ.ת.מ בעמ,,,"י""ח",100,ל  גרם,false,1,3.20,3.20,false,1,
7290002319078,false,שומשום 100 גרם מיה,מיה תעשיות מזון מ.ת.מ בעמ,,,"י""ח",100,ל  גרם,false,1,2.50,2.50,false,1,
7290002319115,false,חומוס גדול 500 מיה,מיה תעשיות מזון מ.ת.מ בעמ,,,"י""ח",500,ל  גרם,false,1,5.90,1.18,true,1,
7290002319139,false,שעועית לבנה 500 מיה,מיה תעשיות מזון מ.ת.מ בעמ,,,"י""ח",500,ל  גרם,false,1,5.90,1.18,true,1,
7290002319160,false,אפונה ירוקה יבשה} {500,מיה תעשיות מזון מ.ת.מ בעמ,,,"י""ח",500,ל  גרם,false,1,4.20,0.84,true,1,
7290002319184,false,עדשים אדומות  500 מיה,מיה תעשיות מזון מ.ת.מ בעמ,,,"י""ח",500,ל  גרם,false,1,5.90,1.18,true,1,
7290002319207,false,כוסמת 500,מיה תעשיות מזון מ.ת.מ בעמ,,,"י""ח",500,ל  גרם,false,1,7.60,1.52,true,1,
7290002319221,false,חיטה 500 ג מיה,מיה תעשיות מזון מ.ת.מ בעמ,,,"י""ח",500,ל  גרם,false,1,3,0.60,false,1,
7290002319375,false,קורנפלור 200 גר,מיה תעשיות מזון מ.ת.מ בעמ,,,"י""ח",200,ל  גרם,false,1,2.50,1.25,false,1,
7290002319412,false,פפריקה חריפה צנצ 80גר`,מיה תעשיות מזון מ.ת.מ בעמ,,,"י""ח",100,ל  גרם,false,1,5.40,5.40,false,1,
7290002319429,false,פפריקה מתוקה צנצ 80גר`,מיה תעשיות מזון מ.ת.מ בעמ,,,"י""ח",100,ל  גרם,false,1,5.40,5.40,false,1,
7290002319450,false,כרכום בצנצנת 80גר`,מיה תעשיות מזון מ.ת.מ בעמ,,,"י""ח",800,ל  גרם,false,1,5.40,0.68,false,1,
7290002319474,false,אבקת שום 80גר,מיה תעשיות מזון מ.ת.מ בעמ,,,"י""ח",80,ל  גרם,false,1,10.20,12.75,false,1,
7290002319580,false,מלח לימון מיה 150גר`,מיה תעשיות מזון מ.ת.מ בעמ,,,"י""ח",150,ל  גרם,false,1,5.40,3.60,false,1,
7290002319689,false,סודה לשתיה 150 ג,מיה תעשיות מזון מ.ת.מ בעמ,,,"י""ח",150,ל  גרם,false,1,5.90,3.93,false,1,
7290002319771,false,תמצית אפיה וניל מיה,מיה תעשיות מזון מ.ת.מ בעמ,,,"י""ח",50,"ל  מ""ל",false,1,2.50,5,false,1,
7290002319825,false,אבקת סוכר 100 גר מיה,מיה תעשיות מזון מ.ת.מ בעמ,,,"י""ח",100,ל  גרם,false,1,1.60,1.60,false,1,
7290002327028,false,ג חנון 650 ג,נטו מלינדה סחר בעמ,,,"י""ח",650,ל  גרם,false,1,15.30,2.35,true,1,
7290002327059,false,בצק עלים אופרה,נטו מלינדה סחר בעמ,,,"י""ח",1,"ק""ג",false,1,15.30,15.30,true,1,
7290002329640,false,עוגת לימון,בני פאוזי שמשום (2009) בעמ,,,"י""ח",350,ל  גרם,false,1,6.80,1.94,true,1,
7290002331025,false,נביעות 500 ספורט,החברה המרכזית להפצת משקאות בעמ,,,"י""ח",500,"ל  מ""ל",false,1,2.90,0.52,false,1,
7290002331094,false,נביעות 755 מייל בודד,החברה המרכזית להפצת משקאות בעמ,,,"י""ח",755,"ל  מ""ל",false,1,3.70,0.45,false,1,
7290002331421,false,"שישיית נביעות 775 מ""ל",החברה המרכזית להפצת משקאות בעמ,,,"י""ח",4.53,ליטר,false,1,15.10,3,false,1,
7290002348238,false,לפתן אננס  חתוך 850 ג וויליגר,נטו מלינדה סחר בעמ,,,"י""ח",850,ל  גרם,false,1,7.60,0.89,false,1,
7290002348306,false,קוקטיל פירות,נטו מלינדה סחר בעמ,,,"י""ח",850,ל  גרם,false,1,10.20,1.20,true,1,
7290002353836,false,סרדינים רוברט בשמן זית,א. סיימן סחר בעמ,,,"י""ח",120,ל  גרם,false,1,7.60,6.33,true,1,
7290002360124,false,פומפדור ורד הבר,ש.שסטוביץ בעמ,,,"י""ח",30,ל  גרם,false,1,11.90,39.67,true,1,
7290002360285,false,תה פומפדור-קמומיל,ש.שסטוביץ בעמ,,,"י""ח",30,ל  גרם,false,1,11.90,39.67,true,1,
7290002371854,false,"נקניקיות חריפות 1ק""ג",תנובה בשר,,,"י""ח",1,"ק""ג",false,1,27.30,27.30,false,1,
7290002374268,false,שמן חמניות מילומור 1 ליטר.,סוגת תעשיות בעמ,,,"י""ח",1,ליטר,false,1,10.20,10.20,false,1,
7290002374312,false,שמן קנולה מילו 1 ליטר,סוגת תעשיות בעמ,,,"י""ח",1,ליטר,false,1,9.30,9.30,false,1,
7290002485025,false,חומוס מסעדות 500 גרם,סלטי שמיר2006בעמ,,,"י""ח",500,ל  גרם,false,1,13.60,2.72,false,1,
7290002485049,false,חומוס מסבחה 500 גרם,סלטי שמיר2006בעמ,,,"י""ח",500,ל  גרם,false,1,13.60,2.72,false,1,
7290002485063,false,חומוס אבו גוש 500 גרם,סלטי שמיר2006בעמ,,,"י""ח",500,ל  גרם,false,1,13.60,2.72,false,1,
7290002512004,false,מלווח צנעני 900גר,א.ג בחירה חכמה בעמ,,,"י""ח",900,ל  גרם,false,1,17,1.89,false,1,
7290002512011,false,ג חנון בצק 900ג צנעני,א.ג בחירה חכמה בעמ,,,"י""ח",900,ל  גרם,false,1,17,1.89,false,1,
7290002512035,false,"בצק עלים 1 ק""ג צנעני",א.ג בחירה חכמה בעמ,,,"י""ח",1,"ק""ג",false,1,14.40,14.40,false,1,
7290002618690,false,שף הים-קציצות דג 700גר,קפוא זן תעשיות מזון בעמ,,,"י""ח",700,ל  גרם,false,1,25.60,3.66,false,1,
7290002657019,false,טונה בשמן  108גר פוסידון,נטו מלינדה סחר בעמ,,,"י""ח",108,ל  גרם,false,1,5,4.63,false,1,
7290002674221,false,אקווה פרש מנטה משאבה 100,גורי ע.ע.ע. בעמ,,,"י""ח",100,ל  גרם,false,1,11,11,false,1,
7290002692393,false,שמן קנולה 1 ליטר מועשר עץ הזית.,סוגת תעשיות בעמ,,,"י""ח",1,ליטר,false,1,13.60,13.60,false,1,
7290002692478,false,"שמן זית כתית עץ הזית  750 מ""ל",סוגת תעשיות בעמ,,,"י""ח",750,"ל  מ""ל",false,1,25.60,3.41,true,1,
7290002715504,false,מרק עוף בכוס,נטו מלינדה סחר בעמ,,,"י""ח",70,ל  גרם,false,1,3.90,5.57,false,1,
7290002715511,false,מרק בשר מאג יק,נטו מלינדה סחר בעמ,,,"י""ח",70,ל  גרם,false,1,3.90,5.57,false,1,
7290002715528,false,מרק ירקות בכוס,נטו מלינדה סחר בעמ,,,"י""ח",70,ל  גרם,false,1,3.90,5.57,false,1,
7290002715580,false,מרק סיני בכוס,נטו מלינדה סחר בעמ,,,"י""ח",70,ל  גרם,false,1,3.90,5.57,false,1,
7290002730262,false,"פלמוליב נוזל כלים 750מ""ל",ש.שסטוביץ בעמ,,,"י""ח",750,"ל  מ""ל",false,1,10.20,1.36,true,1,
7290002730538,false,בלונס מסיר איפור 60 יח,ש.שסטוביץ בעמ,,,"י""ח",1,"י""ח",false,1,7.60,7.60,false,1,
7290002730675,false,"##קולגייט אדומה 100 מ""ל",ש.שסטוביץ בעמ,,,"י""ח",100,"ל  מ""ל",false,1,9.30,9.30,false,1,
7290002730811,false,קולגייט ג ל משפחתי,ש.שסטוביץ בעמ,,,"י""ח",138,ל  גרם,false,1,11,7.97,true,1,
7290002730958,false,סבון מוצק זיתים פלמוליב  4יח,ש.שסטוביץ בעמ,,,"י""ח",360,ל  גרם,false,1,14.40,4,true,1,
7290002735014,false,מלווח ארוז 800ג  -יינון,קפוא זן תעשיות מזון בעמ,,,"י""ח",800,ל  גרם,false,1,11.90,1.49,false,1,
7290002735021,false,ג חנון ינון 750ג,קפוא זן תעשיות מזון בעמ,,,"י""ח",750,ל  גרם,false,1,12.70,1.69,false,1,
7290002735113,false,בורקס  גבינה}ינון{,קפוא זן תעשיות מזון בעמ,,,"י""ח",800,ל  גרם,false,1,13.60,1.70,false,1,
7290002735120,false,"בורקס תפו""א ינון",קפוא זן תעשיות מזון בעמ,,,"י""ח",800,ל  גרם,false,1,11,1.38,false,1,
7290002735212,false,קונכיות,לפ הקצבים שיווק מוצרי בשר,,,"י""ח",800,ל  גרם,false,1,19.60,2.45,false,1,
7290002735274,false,ג חנון אפוי,קפוא זן תעשיות מזון בעמ,,,"י""ח",600,ל  גרם,false,1,12.70,2.12,false,1,
7290002750130,false,מארז חליות פילסברי 6יח,ג נרל מילס ישראל בעמ,,,"י""ח",1,,false,1,10.20,10.20,false,1,
7290002750154,false,לחמניה יאמיס שישייה אפיה מקומית,ג נרל מילס ישראל בעמ,,,"י""ח",1,,false,1,10.20,10.20,true,1,
7290002750222,false,פיתה קמח מלא 5 יח,ג נרל מילס ישראל בעמ,,,"י""ח",500,ל  גרם,false,1,6.80,1.36,true,1,
7290002750529,false,מארז 5 חצי בגט(אפיה  מקומית),ג נרל מילס ישראל בעמ,,,"י""ח",1,,false,1,12,12,false,1,
7290002752332,false,מנטוס גלילים פירות,ליימן שליסל,,,"י""ח",37.50,ל  גרם,false,1,2.80,7.47,false,1,
7290002752349,false,מנטוס גלילים מנטה,ליימן שליסל,,,"י""ח",37.50,ל  גרם,false,1,2.80,7.47,false,1,
7290002752493,false,טיק טק רביעיות מנטה,פרימיום - חברה לדברי מתיקה ולמ,,,"י""ח",250,ל  גרם,false,1,9.70,3.88,false,1,
7290002753223,false,טיק טק 4 יח,ליימן שליסל,,,"י""ח",1,,false,1,8.40,8.40,false,1,
7290002753995,false,קישוטי שוקולד150ג,ליימן שליסל,,,"י""ח",150,ל  גרם,false,1,15.60,10.40,false,1,
7290002768043,false,תאדנט מי פה ענק,החב הדרומית לשיווק,,,"י""ח",150,"ל  מ""ל",false,1,12.60,8.40,false,1,
7290002768074,false,דרמפון 1 ליטר,החב הדרומית לשיווק,,,"י""ח",1,ליטר,false,1,15.20,15.20,false,1,
7290002768159,false,בת אורן-סבון אמב,החב הדרומית לשיווק,,,"י""ח",500,"ל  מ""ל",false,1,15.30,3.06,false,1,
7290002771104,false,קפה אלנחלה 500גר  עם הל,קפה אל נחלה בני רפיק,,,"י""ח",500,ל  גרם,false,1,27.30,5.46,false,1,
7290002771111,false,.קפה אלנחילה 250 גר עם הל,קפה אל נחלה בני רפיק,,,"י""ח",2.50,"י""ח",false,1,14.30,5.72,false,1,
7290002781691,false,ממרח שוקולד 400 גר`עגול,לפמיטב תעשיות רטבים ומזון בעמ,,,"י""ח",400,ל  גרם,false,1,4.70,1.18,false,1,
7290002782131,false,דאודורנט ספריי פנינה,פנינה רוזנבלום בעמ,,,"י""ח",150,"ל  מ""ל",false,1,20.30,13.53,true,1,
7290002782742,false,דאודורנט פנינה חדש 2,פנינה רוזנבלום בעמ,,,"י""ח",150,"ל  מ""ל",false,1,14.30,9.53,true,1,
7290002782759,false,קרם גוף פ. רוזנבלום מס 2,פנינה רוזנבלום בעמ,,,"י""ח",500,"ל  מ""ל",false,1,18.90,3.78,true,1,
7290002805151,false,סיף נוזל רצפות סחלבים 4לי,יוניליוור ישראל שיווק בעמ,,,"י""ח",4,ליטר,false,1,14.40,3.60,false,1,
7290002814016,false,"מסיר שמנים קר}סנט  מוריץ750 מ""ל",קומפלקס כימיקלסבעמ ~~~,,,"י""ח",750,"ל  מ""ל",false,1,11,1.47,false,1,
7290002814054,false,אנטרטיק 1 ליטר מרסס,קומפלקס כימיקלסבעמ ~~~,,,"י""ח",1,ליטר,false,1,10.20,10.20,false,1,
7290002814498,false,נוזל לניקוי כללי בתוספת חומץ,קומפלקס כימיקלסבעמ ~~~,,,"י""ח",1,ליטר,false,1,8.50,8.50,false,1,
7290002824183,false,גבינה סקי 5% 500 גרם*,"שטראוס גרופ ***בע""מ",,,"י""ח",500,ל  גרם,false,1,7.90,1.58,true,1,
7290002824466,false,דנונה ביו  %0 שומן,"שטראוס גרופ ***בע""מ",,,"י""ח",200,"ל  מ""ל",false,1,3,1.50,true,1,
7290002824640,false,גבינה סקי 5% 250  גרם*,"שטראוס גרופ ***בע""מ",,,"י""ח",250,ל  גרם,false,1,4.25,1.70,true,1,
7290002825722,false,סלט כרוב אדום שטראוס 500גרם,"שטראוס גרופ ***בע""מ",,,"י""ח",500,ל  גרם,false,1,12.70,2.54,true,1,
7290002842002,false,פתיתי ש. שועל מורנפלייק 500ג,ליימן שליסל,,,"י""ח",500,ל  גרם,false,1,9.30,1.86,false,1,
7290002859451,false,כנפי אווז תפזורת קפוא,בלדי בעמ,,,"ק""ג",1,"ק""ג",true,1,25.60,25.60,false,1,
7290002868996,false,קוטג  5% מועשר 250 גרם,*החברה המרכזית להפצת משקאותבעמ,,,"י""ח",250,ל  גרם,false,1,4.90,1.96,true,1,
7290002904694,false,טיטניום דאודארנט 180 מל,החב הדרומית לשיווק,,,"י""ח",150,"ל  מ""ל",false,1,12.70,8.47,false,1,
7290002905462,false,מקל אלומיניום למטאטא,לפ סולומון סולור,,,"י""ח",1,,false,1,3.60,3.60,false,1,
7290002921240,false,שמפוזר-קרבונה אדום,יעקב יעקבי ובניו בעמ,,,"י""ח",650,"ל  מ""ל",false,1,21.30,3.28,false,1,
7290002922117,false,עוגיות אקלר פרמיום,הלל בן הלל שיווק ומסחר בעמ,,,"י""ח",250,ל  גרם,false,1,20.40,8.16,false,1,
7290002930808,false,רבע כבש עטרה קפוא,נטו מלינדה סחר בעמ,,,"ק""ג",1,"ק""ג",true,1,68.30,68.30,false,1,
7290002954026,false,שמן תירס 3  ל]שוקחה[,בני ג ורג שוקחה (חיפה) בעמ,,,"י""ח",3,ליטר,false,1,38.40,12.80,false,1,
7290002954040,false,שמן תירס 1 ל,בני ג ורג שוקחה (חיפה) בעמ,,,"י""ח",1,ליטר,false,1,12.70,12.70,true,1,
7290002954187,false,"אורז יסמין 5ק""ג מדליה",בני ג ורג שוקחה (חיפה) בעמ,,,"י""ח",5,"ק""ג",false,1,36.70,7.34,false,1,
7290002954200,false,"אורז יסמין מדליה 1ק""ג לבן",בני ג ורג שוקחה (חיפה) בעמ,,,"י""ח",1,"ק""ג",false,1,8.50,8.50,false,1,
7290002987963,false,"חומוס אחלה 1 ק""ג שטראוס","שטראוס גרופ ***בע""מ",,,"י""ח",1,"ק""ג",false,1,11.90,11.90,true,1,
7290003009183,false,"סירופ דיאט תפוחים 750 מ""ל",החברה המרכזית להפצת משקאות בעמ,,,"י""ח",750,"ל  מ""ל",false,1,20.20,2.69,false,1,
7290003009336,false,קבוקים 200 ג,ליימן שליסל,,,"י""ח",200,ל  גרם,false,1,5,2.50,true,1,
7290003009596,false,סירופ דיאט אשכולית 750,החברה המרכזית להפצת משקאות בעמ,,,"י""ח",750,"ל  מ""ל",false,1,20.20,2.69,false,1,
7290003009640,false,פריגת סחוט 100%,*החברה המרכזית להפצת משקאותבעמ,,,"י""ח",1,ליטר,false,1,13,13,true,1,
7290003015627,false,ריצפז פרש אפרסק 2 ליטר,החב הדרומית לשיווק,,,"י""ח",2,ליטר,false,1,17,8.50,false,1,
7290003015634,false,ריצפז פרש פסיפלורה 2 ליטר,החב הדרומית לשיווק,,,"י""ח",2,ליטר,false,1,17,8.50,false,1,
7290003026036,false,קמיל בלו אל סבון  סנסטיב ליטר,פישר תעשיות פרמבצטיות בעמ,,,"י""ח",1,ליטר,false,1,28.10,28.10,true,1,
7290003026227,false,שמפו ללא דמעות פישר,פישר תעשיות פרמבצטיות בעמ,,,"י""ח",1,ליטר,false,1,28.10,28.10,true,1,
7290003029181,false,שוקו 1 ליטר בקבוק יטבתה,"שטראוס גרופ ***בע""מ",,,"י""ח",1,ליטר,false,1,10.20,10.20,true,1,
7290003029372,false,משקה חלב בננה 1ליטר בקבוק יטבתה,"שטראוס גרופ ***בע""מ",,,"י""ח",1,ליטר,false,1,10.20,10.20,true,1,
7290003029389,false,שוקו בטעם בננה יטבתה פקק 250מל.,"שטראוס גרופ ***בע""מ",,,"י""ח",250,"ל  מ""ל",false,1,4.70,1.88,true,1,
7290003029433,false,"שוקו יטבתה בקבוק 250מ""ל מהדרין","שטראוס גרופ ***בע""מ",,,"י""ח",250,"ל  מ""ל",false,1,4.70,1.88,true,1,
7290003029532,false,מוקה 1 ליטר יטבתה,"שטראוס גרופ ***בע""מ",,,"י""ח",1,ליטר,false,1,10.20,10.20,true,1,
7290003029792,false,מארז שוקו 8 יח  (יוטבתה),"שטראוס גרופ ***בע""מ",,,"י""ח",1.80,ליטר,false,1,16.20,9,true,1,
7290003029815,false,חלב יטבתה מעושר 2 ליטר,"שטראוס גרופ ***בע""מ",,,"י""ח",2,ליטר,false,1,12.80,6.40,true,1,
7290003029907,false,אייס קפה יטבתה 1 ליטר בקבוק,"שטראוס גרופ ***בע""מ",,,"י""ח",1,ליטר,false,1,10.20,10.20,true,1,
7290003047642,false,תה ליפטון 100שקיות (ללא עטיפה),יוניליוור ישראל שיווק בעמ,,,"י""ח",150,ל  גרם,false,1,11,7.33,false,1,
7290003102280,false,צימרונים לתינוק,אינטרסן (1996) בעמ,,,"י""ח",1,"י""ח",false,1,3.30,3.30,false,1,
7290003119509,false,בקבוק ריק 1.20,שונות /שרות,,,"י""ח",1,"י""ח",false,1,1,1,false,1,
7290003121083,false,מג יק בשר בשקית,נטו מלינדה סחר בעמ,,,"י""ח",85,ל  גרם,false,1,2.10,2.47,false,1,
7290003121090,false,מג יק ירקות בשקית,נטו מלינדה סחר בעמ,,,"י""ח",85,ל  גרם,false,1,2.10,2.47,false,1,
7290003121106,false,מג יק עוף בשקית,נטו מלינדה סחר בעמ,,,"י""ח",85,ל  גרם,false,1,2.10,2.47,false,1,
7290003126958,false,טופו טבעי בואקום 300גר,*החברה המרכזית להפצת משקאותבעמ,,,"י""ח",300,ל  גרם,false,1,10.30,3.43,false,1,
7290003127597,false,שקית שרות קופה גופיה,שונות /שרות,,,"י""ח",1,,false,1,0.10,0.10,false,1,
7290003145751,false,קשיו קלוי 200גר`,ליימן שליסל,,,"י""ח",200,ל  גרם,false,1,16.60,8.30,true,1,
7290003185719,false,קבב רומני 400 גרם,נטו מלינדה סחר בעמ,,,"י""ח",500,ל  גרם,false,1,17.90,3.58,true,1,
7290003185726,false,קבב מזרחי ]500טיווןויל[,נטו מלינדה סחר בעמ,,,"י""ח",500,ל  גרם,false,1,15.30,3.06,true,1,
7290003199273,false,צמר פלדה 200 גרם ינה,ח.כהן סוכנות מזון ומשקאות בע,,,"י""ח",200,ל  גרם,false,1,5.80,2.90,false,1,
7290003258291,false,דאודורנט ספריי פנינה מס 3,פנינה רוזנבלום בעמ,,,"י""ח",100,"ל  מ""ל",false,1,14.30,14.30,true,1,
7290003321155,false,דנונה  בר קראנצי שבבי פקאן,"שטראוס גרופ ***בע""מ",,,"י""ח",175,"ל  מ""ל",false,1,3.80,2.17,true,1,
7290003364398,false,כלי תחבורה ענק,צעצועי דורון ~~~,,,"י""ח",1,,false,1,42.40,42.40,false,1,
7290003387205,false,ספיד סטיק גבר ירוק כהה,ש.שסטוביץ בעמ,,,"י""ח",63.70,ל  גרם,false,1,14.40,22.61,true,1,
7290003401369,false,לחות קרם לעיצוב שיער}קלאסיק{,החב הדרומית לשיווק,,,"י""ח",400,"ל  מ""ל",false,1,17,4.25,false,1,
7290003401376,false,לחות לשיער  נטורל}קלאסיק{,החב הדרומית לשיווק,,,"י""ח",400,"ל  מ""ל",false,1,17,4.25,false,1,
7290003411832,false,גרנולה אגוז,הנמל אריזות ושווק בעמ,,,"י""ח",400,ל  גרם,false,1,9.30,2.33,false,1,
7290003427154,false,שמן זית זיתא  כתית.מעולה 750,תה ויסוצקי (ישראל)בעמ,,,"י""ח",750,"ל  מ""ל",false,1,32.40,4.32,true,1,
7290003438006,false,ממרח פסטו צנובר,תה ויסוצקי (ישראל)בעמ,,,"י""ח",190,ל  גרם,false,1,11.90,6.26,true,1,
7290003438020,false,ממרח עגבניות מיובשות,תה ויסוצקי (ישראל)בעמ,,,"י""ח",190,ל  גרם,false,1,11.90,6.26,true,1,
7290003450602,false,ממרח חרדל צהוב היינץ,דיפלומט מפיצים (1968) בעמ**,,,"י""ח",255,ל  גרם,false,1,9,3.53,false,1,
7290003461677,false,"חומוס אסלי 1  ק""ג}שמיר{",סלטי שמיר2006בעמ,,,"י""ח",1,"ק""ג",false,1,13.60,13.60,true,1,
7290003521074,false,סרקל מרכך 1 ליטר,פישר תעשיות פרמבצטיות בעמ,,,"י""ח",1,ליטר,false,1,25.60,25.60,false,1,
7290003521081,false,סרקל שמפו  1  ליטר,פישר תעשיות פרמבצטיות בעמ,,,"י""ח",1,ליטר,false,1,25.60,25.60,false,1,
7290003521166,false,סרקל קרם שיער]רוזמרין[,פישר תעשיות פרמבצטיות בעמ,,,"י""ח",325,ל  גרם,false,1,22.10,6.80,false,1,
7290003521197,false,סרקל מתיר קשרים ספריי,פישר תעשיות פרמבצטיות בעמ,,,"י""ח",340,"ל  מ""ל",false,1,22.10,6.50,false,1,
7290003525898,false,סלט טונה מארז שלישיה 3 *160 ג,נטו מלינדה סחר בעמ,,,"י""ח",180,ל  גרם,false,1,12.70,7.06,false,1,
7290003525904,false,סלט טונה פיקנטי שלישיה,נטו מלינדה סחר בעמ,,,"י""ח",480,ל  גרם,false,1,12.60,2.63,false,1,
7290003526444,false,אננס חתוך ויליגר A2,נטו מלינדה סחר בעמ,,,"י""ח",1,,false,1,5.20,5.20,false,1,
7290003527380,false,דובדבן מתוק ללא חרצן 680גרם,נטו מלינדה סחר בעמ,,,"י""ח",680,ל  גרם,false,1,8.50,1.25,false,1,
7290003550753,false,טונה פוסידון רביעיות,נטו מלינדה סחר בעמ,,,"י""ח",340,ל  גרם,false,1,17,5,false,1,
7290003578061,false,לבבות דקל שלם}וויליפוד 400ג,ג.וילי פוד אינטרנשיונל בעמ,,,"י""ח",400,ל  גרם,false,1,10.20,2.55,false,1,
7290003578108,false,אננס חתוך 850 גרם ויליפוד,ג.וילי פוד אינטרנשיונל בעמ,,,"י""ח",820,ל  גרם,false,1,8.10,0.99,false,1,
7290003578177,false,תירס גמדי ויליפוד 410 גרם,ג.וילי פוד אינטרנשיונל בעמ,,,"י""ח",410,ל  גרם,false,1,7.60,1.85,true,1,
7290003578290,false,מקלוני אורז 300 גרם. ויליפוד,ג.וילי פוד אינטרנשיונל בעמ,,,"י""ח",300,ל  גרם,false,1,5.60,1.87,false,1,
7290003578313,false,דובדבנים  וויליפוד ללא חרצנים,ג.וילי פוד אינטרנשיונל בעמ,,,"י""ח",720,ל  גרם,false,1,7.60,1.06,false,1,
7290003643004,false,"אורז בסמטי קלאסי  סוגת1 ק""ג",סוגת תעשיות בעמ,,,"י""ח",1,"ק""ג",false,1,11.90,11.90,false,1,
7290003643387,false,"סוכר אריזת פלסטיק 1 ק""ג סוגת",סוגת תעשיות בעמ,,,"י""ח",1,"ק""ג",false,1,6.80,6.80,false,1,
7290003643646,false,סוכר חום דמררה סוגת,סוגת תעשיות בעמ,,,"י""ח",1,"ק""ג",false,1,11.90,11.90,false,1,
7290003643684,false,אפונה יבשה 500 גרם,סוגת תעשיות בעמ,,,"י""ח",500,ל  גרם,false,1,5.90,1.18,true,1,
7290003643707,false,גריסים 500 ג,סוגת תעשיות בעמ,,,"י""ח",500,ל  גרם,false,1,4.20,0.84,true,1,
7290003643714,false,חומוס 500 גרם סוגת,סוגת תעשיות בעמ,,,"י""ח",500,ל  גרם,false,1,6.80,1.36,true,1,
7290003643738,false,חיטה 500 גרם סוגת,סוגת תעשיות בעמ,,,"י""ח",500,ל  גרם,false,1,4.20,0.84,true,1,
7290003643745,false,כוסמת 500 גרם סוגת,סוגת תעשיות בעמ,,,"י""ח",500,ל  גרם,false,1,7.60,1.52,true,1,
7290003643752,false,~עדשים ירוקים 500 ג סוגת,סוגת תעשיות בעמ,,,"י""ח",500,ל  גרם,false,1,7.60,1.52,true,1,
7290003643769,false,עדשים אדומים 500 סוגת,סוגת תעשיות בעמ,,,"י""ח",500,ל  גרם,false,1,7.60,1.52,true,1,
7290003643776,false,פופקורן 500 גרם,סוגת תעשיות בעמ,,,"י""ח",500,ל  גרם,false,1,5.90,1.18,true,1,
7290003643806,false,שעועית לבנה 500 גרם סוגת,סוגת תעשיות בעמ,,,"י""ח",500,ל  גרם,false,1,10.20,2.04,true,1,
7290003643813,false,שעועית אדומה 500 גרם,סוגת תעשיות בעמ,,,"י""ח",500,ל  גרם,false,1,10.20,2.04,true,1,
7290003643820,false,חומוס ענק 500 סוגת,סוגת תעשיות בעמ,,,"י""ח",500,ל  גרם,false,1,8.90,1.78,true,1,
7290003681303,false,שעועית מעורבת 500 מיה,מיה תעשיות מזון מ.ת.מ בעמ,,,"י""ח",500,ל  גרם,false,1,6.80,1.36,false,1,
7290003681365,false,סוכריות לקישוט צבעוני מיה,מיה תעשיות מזון מ.ת.מ בעמ,,,"י""ח",200,ל  גרם,false,1,4.20,2.10,false,1,
7290003681747,false,תבלין בשר,מיה תעשיות מזון מ.ת.מ בעמ,,,"י""ח",100,ל  גרם,false,1,5.40,5.40,false,1,
7290003681761,false,גבישי שום 80גר`,מיה תעשיות מזון מ.ת.מ בעמ,,,"י""ח",800,ל  גרם,false,1,10.20,1.28,false,1,
7290003726141,false,טופו בוואקום,מחלבות גד,,,"י""ח",320,ל  גרם,false,1,9.30,2.91,false,1,
7290003779727,false,חסה ערבית,ביכורי השדה צפון 1994 ג.ד. בעמ,,,"י""ח",1,,false,1,4.90,4.90,false,1,
7290003781065,false,מלפפונים במלח עם,ג.וילי פוד אינטרנשיונל בעמ,,,"י""ח",690,ל  גרם,false,1,8.50,1.23,false,1,
7290003804320,false,תיבולית שום ופטרוזיליה  72גר,יוניליוור ישראל שיווק בעמ,,,"י""ח",72,ל  גרם,false,1,6.80,9.44,true,1,
7290003804368,false,תיבולית  בזיליקום 72גרם,יוניליוור ישראל שיווק בעמ,,,"י""ח",72,ל  גרם,false,1,6.80,9.44,true,1,
7290003804382,false,תיבולית קוביות פטריות 72גרם,יוניליוור ישראל שיווק בעמ,,,"י""ח",72,ל  גרם,false,1,6.80,9.44,true,1,
7290003805501,false,פתית שבדי חסכוני 300 ג`,יוניליוור ישראל שיווק בעמ,,,"י""ח",300,ל  גרם,false,1,12.70,4.23,true,1,
7290003805587,false,"פתית ח.מ בד""צ",יוניליוור ישראל שיווק בעמ,,,"י""ח",250,ל  גרם,false,1,12.70,5.08,true,1,
7290003807178,false,"רוטב סויה 300 מ""ל סיג.סינ",יוניליוור ישראל שיווק בעמ,,,"י""ח",300,"ל  מ""ל",false,1,9.30,3.10,true,1,
7290003807482,false,"רוטב טריאקי 370 מ""ל",יוניליוור ישראל שיווק בעמ,,,"י""ח",370,"ל  מ""ל",false,1,9.30,2.51,true,1,
7290003864478,false,~סרדין בשמן צמחי  ויליפוד,ג.וילי פוד אינטרנשיונל בעמ,,,"י""ח",110,ל  גרם,false,1,4.20,3.82,true,1,
7290003864485,false,סרדין ברוטב עגבנ,ג.וילי פוד אינטרנשיונל בעמ,,,"י""ח",110,ל  גרם,false,1,4.20,3.82,true,1,
7290003864492,false,סרדין בשמן צמחי וילפוד,ג.וילי פוד אינטרנשיונל בעמ,,,"י""ח",110,ל  גרם,false,1,4.20,3.82,true,1,
7290003882922,false,עלי גפן ממולאים וויליפוד 400,ג.וילי פוד אינטרנשיונל בעמ,,,"י""ח",400,ל  גרם,false,1,6.80,1.70,false,1,
7290003903771,false,קפוצינו פחית 200,"שטראוס גרופ בע""מ",,,"י""ח",200,ל  גרם,false,1,20.70,10.35,true,1,
7290003903788,false,קפוצינו וניל פחי,"שטראוס גרופ בע""מ",,,"י""ח",200,ל  גרם,false,1,20.70,10.35,true,1,
7290003938049,false,נוזל הברקה למדיח,יעקב יעקבי ובניו בעמ,,,"י""ח",500,"ל  מ""ל",false,1,19.40,3.88,false,1,
7290003976980,false,ג`ל ניקוי כללי ורצפות בת.חומץ 2 ל`טאצ,סאסאטק אגשח בעמ,,,ליטר,2,ליטר,false,1,12.70,6.35,false,1,
7290003976997,false,ג`ל ניקוי כללי ורצפות בת.סודה 2 ל`טאצ,סאסאטק אגשח בעמ,,,ליטר,2,ליטר,false,1,12.70,6.35,false,1,
7290003989096,false,סלט חציל  פיקנטי-אחלה,"שטראוס גרופ ***בע""מ",,,"י""ח",500,ל  גרם,false,1,12.70,2.54,true,1,
7290003989539,false,רביולי גבינה שטראוס,"שטראוס גרופ ***בע""מ",,,"י""ח",400,ל  גרם,false,1,17,4.25,true,1,
7290003989553,false,טורטלוני פטריות  שטראוס,"שטראוס גרופ ***בע""מ",,,"י""ח",400,ל  גרם,false,1,17,4.25,true,1,
7290004048679,false,קובה למרק,נטו מלינדה סחר בעמ,,,"י""ח",1,"ק""ג",false,1,18.70,18.70,false,1,
7290004061487,false,טבעות עוף 700,קפוא זן תעשיות מזון בעמ,,,"י""ח",700,ל  גרם,false,1,14.40,2.06,true,1,
7290004063115,false,"מלח גביש 1  ק""ג}עבה{",סוגת תעשיות בעמ,,,"י""ח",1,"ק""ג",false,1,1.50,1.50,false,1,
7290004078225,false,קולגייט מי פה פלקס ירוק,ש.שסטוביץ בעמ,,,"י""ח",500,"ל  מ""ל",false,1,21.30,4.26,true,1,
7290004078270,false,פלמוליב לכלים צילנדר ליטר לימון,ש.שסטוביץ בעמ,,,"י""ח",1,ליטר,false,1,11,11,false,1,
7290004078690,false,WC אגקס ג ל נוזל לשרותים,ש.שסטוביץ בעמ,,,"י""ח",750,"ל  מ""ל",false,1,12.70,1.69,false,1,
7290004091248,false,וזלין  טהור  100 גרם,יוניליוור ישראל שיווק בעמ,,,"י""ח",106,"ל  מ""ל",false,1,11,10.38,false,1,
7290004119010,false,גבינת שדה מותכת  25% 500 ג`,תנובה בעמ ***,,,"י""ח",1,,false,1,10.20,10.20,false,1,
7290004119225,false,יופלה אננס,תנובה בעמ ***,,,"י""ח",150,"ל  מ""ל",false,1,4.30,2.87,false,1,
7290004120061,false,קרלו שוקו וניל,תנובה בעמ ***,,,"י""ח",125,"ל  מ""ל",false,1,2.60,2.08,false,1,
7290004120108,false,דיאט יופלה טוויגי דובדבן,תנובה בעמ ***,,,"י""ח",150,"ל  מ""ל",false,1,4.30,2.87,false,1,
7290004120566,false,בולגרית פיראוס 24% 250 ג`,תנובה בעמ ***,,,"י""ח",250,ל  גרם,false,1,19.60,7.84,true,1,
7290004120573,false,פריאוס בולגרית 16% 250גר,תנובה בעמ ***,,,"י""ח",250,ל  גרם,false,1,19.80,7.92,false,1,
7290004120634,false,~בולגרית פיראוס 5% 250גר,תנובה בעמ ***,,,"י""ח",250,ל  גרם,false,1,18.70,7.48,true,1,
7290004121488,false,דיאט יופלה אפרסק,תנובה בעמ ***,,,"י""ח",150,"ל  מ""ל",false,1,4.30,2.87,false,1,
7290004121525,false,מאגדת  יופלה שמיניה פירות 3%,תנובה בעמ ***,,,"י""ח",1.20,ליטר,false,1,25.60,21.33,false,1,
7290004121853,false,פיראוס בולגרית קוביות 5% 200גר,תנובה בעמ ***,,,"י""ח",200,ל  גרם,false,1,18.70,9.35,false,1,
7290004122119,false,פתיתי פרמזן לפסטה 23% השף הלבן 100גר,תנובה בעמ ***,,,"י""ח",100,ל  גרם,false,1,10.90,10.90,false,1,
7290004122195,false,גוש   חלב פרוס}מהדרין  {200ג`,תנובה בעמ ***,,,"י""ח",200,ל  גרם,false,1,11.90,5.95,false,1,
7290004122270,false,עמק פרוס בקופסא 200גר,תנובה בעמ ***,,,"י""ח",200,ל  גרם,false,1,13.80,6.90,true,1,
7290004122348,false,~עמק לייט 9% בקופסא 200 ג`,תנובה בעמ ***,,,"י""ח",200,ל  גרם,false,1,14.40,7.20,true,1,
7290004122676,false,חמד פיראוס 5% 250גר,תנובה בעמ ***,,,"י""ח",250,ל  גרם,false,1,15.30,6.12,true,1,
7290004122683,false,אצבעות עמק 172גר,תנובה בעמ ***,,,"י""ח",172,ל  גרם,false,1,14,8.14,true,1,
7290004124205,false,דיאט יופלה תות טוויגי תות 0%,תנובה בעמ ***,,,"י""ח",150,"ל  מ""ל",false,1,4.30,2.87,false,1,
7290004124847,false,קצפת צמחית השף הלבן 500 מייל,תנובה בעמ ***,,,"י""ח",500,"ל  מ""ל",false,1,12.70,2.54,true,1,
7290004125400,false,אשל  *4.5%,תנובה בעמ ***,,,"י""ח",200,"ל  מ""ל",false,1,1.44,0.72,false,1,
7290004125417,false,גיל  *3% 200 ג`,תנובה בעמ ***,,,"י""ח",200,ל  גרם,false,1,1.29,0.65,false,1,
7290004125455,false,"שמנת תנובה 15% מהדרין 200  מ""ל*",תנובה בעמ ***,,,"י""ח",200,"ל  מ""ל",false,1,2.05,1.03,false,1,
7290004125462,false,שמנת חמוצה 15% 500 ג*,תנובה בעמ ***,,,"י""ח",500,"ל  מ""ל",false,1,5.12,1.02,false,1,
7290004125509,false,"שמנת תנובה 15% חצי מנה 100 מ""ל",תנובה בעמ ***,,,"י""ח",100,"ל  מ""ל",false,1,1.40,1.40,false,1,
7290004125578,false,משקה סויה מועשר בסידן 1  ל`תנובה,תנובה בעמ ***,,,"י""ח",1,ליטר,false,1,9.30,9.30,true,1,
7290004125721,false,שמנת  לבישול השף תנובה 250 מייל,תנובה בעמ ***,,,"י""ח",250,"ל  מ""ל",false,1,7,2.80,false,1,
7290004125738,false,"שמנת לקצפת השף 250 מ""ל  32%( תנובה)",תנובה בעמ ***,,,"י""ח",250,"ל  מ""ל",false,1,5.60,2.24,false,1,
7290004125776,false,עמק קלאסית פרוס בקופסא 400 גרם,תנובה בעמ ***,,,"י""ח",400,ל  גרם,false,1,23.90,5.98,true,1,
7290004126759,false,דאיט יופלה פירות יער טו יוג פרי 150גר.,תנובה בעמ ***,,,"י""ח",150,"ל  מ""ל",false,1,4.30,2.87,false,1,
7290004127329,false,קוטג% `5מהדרין תנובה 250,תנובה בעמ ***,,,"י""ח",275,ל  גרם,false,1,4.70,1.71,false,1,
7290004127336,false,קוטג 9%  מהדרין תנובה 250,תנובה בעמ ***,,,"י""ח",250,ל  גרם,false,1,4.70,1.88,false,1,
7290004127800,false,גבינה 5% 500 גרם*תנובה,תנובה בעמ ***,,,"י""ח",500,ל  גרם,false,1,8.52,1.70,false,1,
7290004127817,false,גבינה 9% 500 גרם תנובה,תנובה בעמ ***,,,"י""ח",500,ל  גרם,false,1,8.10,1.62,false,1,
7290004127862,false,"גבינה לבנה תנובה  5% 750  ג""ר*",תנובה בעמ ***,,,"י""ח",750,ל  גרם,false,1,12.78,1.70,true,1,
7290004128340,false,גבינת קרם  בטעם טבעי שמנת 200 ג`,תנובה בעמ ***,,,"י""ח",200,ל  גרם,false,1,9.80,4.90,false,1,
7290004129101,false,נפוליאון  בטעם טבעי,תנובה בעמ ***,,,"י""ח",225,ל  גרם,false,1,12.10,5.38,false,1,
7290004129156,false,נפוליאון 30% שומ,תנובה בעמ ***,,,"י""ח",225,ל  גרם,false,1,12.10,5.38,false,1,
7290004130794,false,משקה סויה מעושר טבעי 1 ל תנובה,תנובה בעמ ***,,,"י""ח",1,ליטר,false,1,9.30,9.30,true,1,
7290004131074,false,חלב 3% מהדרין תנובה קרטון+פקק   * 1 ל`,תנובה בעמ ***,,,"י""ח",1,ליטר,false,1,5.32,5.32,false,1,
7290004131814,false,צפתית מעודנת פיראוס 200 ג  5%,תנובה בעמ ***,,,"י""ח",200,ל  גרם,false,1,12.70,6.35,false,1,
7290004132552,false,דיאט סויה טבעי 1 ליטר,תנובה בעמ ***,,,"י""ח",1,ליטר,false,1,9.30,9.30,true,1,
7290004132712,false,אצבעות מוצרלה 172גר,תנובה בעמ ***,,,"י""ח",172,ל  גרם,false,1,14.40,8.37,true,1,
7290004133511,false,יופלה לבן מאגדת שמיניה,תנובה בעמ ***,,,"י""ח",1.20,ליטר,false,1,17.90,14.92,false,1,
7290004135614,false,בולגרית מעודנת פיראוס  5% 250גר,תנובה בעמ ***,,,"י""ח",250,ל  גרם,false,1,18.70,7.48,false,1,
7290004136857,false,מעדן ג לי בטעם פטל,תנובה בעמ ***,,,"י""ח",125,"ל  מ""ל",false,1,2,1.60,false,1,
7290004136871,false,מעדן ג לי בטעם אפרסק,תנובה בעמ ***,,,"י""ח",125,"ל  מ""ל",false,1,2.20,1.76,false,1,
7290004137021,false,שמנת לבישול תנובה 250 מייל,תנובה בעמ ***,,,"י""ח",250,"ל  מ""ל",false,1,7,2.80,false,1,
7290004137311,false,עמק לייט %9משפחתית 400גר,תנובה בעמ ***,,,"י""ח",400,ל  גרם,false,1,26.40,6.60,true,1,
7290004199074,false,פלסטר 50 יחידות,אינטרסן (1996) בעמ,,,"י""ח",1,,false,1,5,5,false,1,
7290004199203,false,קיסמי שיניים 300,אינטרסן (1996) בעמ,,,"י""ח",1,,false,1,3.30,3.30,true,1,
7290004199579,false,פלסטר 100 יחידות,אינטרסן (1996) בעמ,,,"י""ח",100,"י""ח",false,1,8.50,0.09,true,1,
7290004199777,false,צימרוני אוזניים פל.בכוס,אינטרסן (1996) בעמ,,,"י""ח",1,,false,1,5,5,true,1,
7290004200282,false,פרסים רמה 7,שמחה זה אנחנו,,,"י""ח",1,,false,1,14,14,false,1,
7290004219826,false,מלבין קפה הולנדי קומלטה,ג.וילי פוד אינטרנשיונל בעמ,,,"י""ח",400,ל  גרם,false,1,17,4.25,false,1,
7290004261115,false,שף הים אצבעות דג בשומשום 700גר,קפוא זן תעשיות מזון בעמ,,,"י""ח",700,ל  גרם,false,1,25.60,3.66,false,1,
7290004263034,false,המבורגר בית יוסף,נטו מלינדה סחר בעמ,,,"י""ח",500,ל  גרם,false,1,16.20,3.24,false,1,
7290004263652,false,נקניקיות  עוף(עטרה) 400ג,נטו מלינדה סחר בעמ,,,"י""ח",400,ל  גרם,false,1,7.60,1.90,true,1,
7290004263676,false,טחון   הודו}עטרה{500ג,נטו מלינדה סחר בעמ,,,"י""ח",500,ל  גרם,false,1,11,2.20,false,1,
7290004267124,false,עוגיות ממולאות תות 200  ג`ברמן,ח.כהן סוכנות מזון ומשקאות בע,,,"י""ח",200,ל  גרם,false,1,5,2.50,false,1,
7290004324858,false,קבב כבש 400 גרם,נטו מלינדה סחר בעמ,,,"י""ח",500,ל  גרם,false,1,15.30,3.06,true,1,
7290004494377,false,יין שירז דלתון D.,הכרם משקאות חריפים בעמ,,,"י""ח",750,"ל  מ""ל",false,1,49.90,6.61,false,1,
7290004584306,false,סופר גמדים,"שטראוס גרופ ***בע""מ",,,"י""ח",400,"ל  מ""ל",false,1,9.30,2.33,true,1,
7290004584351,false,סימפוניה החמישית 200 ג,"שטראוס גרופ ***בע""מ",,,"י""ח",200,ל  גרם,false,1,9.30,4.65,true,1,
7290004584528,false,דנונה ביו 1.7% שומן,"שטראוס גרופ ***בע""מ",,,"י""ח",200,"ל  מ""ל",false,1,3,1.50,true,1,
7290004585907,false,דני וניל,"שטראוס גרופ ***בע""מ",,,"י""ח",130,"ל  מ""ל",false,1,2.20,1.69,true,1,
7290004658847,false,"יין תירוש 187מ""ל",אגודת הכורמים,,,"י""ח",187,"ל  מ""ל",false,1,5.60,2.83,false,1,
7290004658946,false,שרדונה,אגודת הכורמים,,,"י""ח",750,"ל  מ""ל",false,1,28.70,3.83,false,1,
7290004658953,false,"סובניון בלאן P.C 750מ""ל",אגודת הכורמים,,,"י""ח",750,"ל  מ""ל",false,1,34.20,4.52,true,1,
7290004658960,false,"אמרלד ריזלינג P.C 750מ""ל",אגודת הכורמים,,,"י""ח",750,"ל  מ""ל",false,1,34.20,4.52,true,1,
7290004685430,false,לחם הארץ כוסמין 100%,י.את א. ברמן בעמ,,,"י""ח",1,,false,1,13.60,13.60,false,1,
7290004731472,false,כיף אלסבון שלישייה,החב הדרומית לשיווק,,,"י""ח",1.50,ליטר,false,1,17.90,11.93,false,1,
7290004731519,false,תרסיס מקסימה סנסטיב ורוד למייבש כביסה,החב הדרומית לשיווק,,,"י""ח",750,"ל  מ""ל",false,1,15.30,2.04,true,1,
7290004731557,false,תרסיס מקסימה מאסק למייבש כביסה,החב הדרומית לשיווק,,,"י""ח",750,"ל  מ""ל",false,1,15.30,2.04,true,1,
7290004737719,false,אספרגוס שלם מקולף בצנצת 330ג,ג.וילי פוד אינטרנשיונל בעמ,,,"י""ח",330,ל  גרם,false,1,9.30,2.82,false,1,
7290004737900,false,חלב מרוכז ממותק ויליפוד,ג.וילי פוד אינטרנשיונל בעמ,,,"י""ח",397,ל  גרם,false,1,8.50,2.14,false,1,
7290004861261,false,טבורוג טעמים שונים 5%,מחלבות המושבה בעמ,,,"ק""ג",1,,true,1,28.10,28.10,false,1,
7290004861315,false,לבנה טבעי/ירקות שקיל 5%,מחלבות המושבה בעמ,,,"ק""ג",1,,true,1,33.80,33.80,false,1,
7290004872731,false,אקסטרים וניל,נגה גלידות,,,"י""ח",1,,false,1,7.60,7.60,true,1,
7290004944032,false,חומוס אסלי 400 ג,סלטי שמיר2006בעמ,,,"י""ח",400,ל  גרם,false,1,8.50,2.13,true,1,
7290004944049,false,טחינה 400 ג אסלי,סלטי שמיר2006בעמ,,,"י""ח",400,ל  גרם,false,1,8.50,2.13,true,1,
7290004944056,false,חציל במיונז אסלי 400ג,סלטי שמיר2006בעמ,,,"י""ח",400,ל  גרם,false,1,8.50,2.13,true,1,
7290004944070,false,כרוב אדום 400 ג אסלי,סלטי שמיר2006בעמ,,,"י""ח",400,ל  גרם,false,1,9.30,2.33,true,1,
7290004982355,false,צ`דר טריפל נטו,א. סיימן סחר בעמ,,,"ק""ג",1,,true,1,110.30,110.30,true,1,
7290005008184,false,פלמוליב סבון נוזלי,ש.שסטוביץ בעמ,,,"י""ח",500,"ל  מ""ל",false,1,13.60,2.72,true,1,
7290005008191,false,פלמוליב סבון נוזלי,ש.שסטוביץ בעמ,,,"י""ח",500,"ל  מ""ל",false,1,13.60,2.72,true,1,
7290005068058,false,תירס קל פרי גליל A2,ויטה- פרי גליל (החדשה) בעמ,,,"י""ח",550,ל  גרם,false,1,6.80,1.24,false,1,
7290005084355,false,סנסודין דואל קר,גורי ע.ע.ע. בעמ,,,"י""ח",75,ל  גרם,false,1,18.70,24.93,true,1,
7290005095368,false,סט סמרט 3 מעורב,לפ ציון תורג`מן PL בע``מ,,,"י""ח",1,,false,1,8.50,8.50,false,1,
7290005111761,false,"בונזו בשר 3 ק""ג",דיפלומט מפיצים (1968) בעמ**,,,"י""ח",3,"ק""ג",false,1,38.40,12.80,false,1,
7290005174513,false,סלט חציל במיונז אחלה 500גרם,"שטראוס גרופ ***בע""מ",,,"י""ח",500,ל  גרם,false,1,12.70,2.54,true,1,
7290005174551,false,חומוס יום יום אחלה,"שטראוס גרופ ***בע""מ",,,"י""ח",125,ל  גרם,false,1,4,3.20,true,1,
7290005174568,false,חצילים יום יום,"שטראוס גרופ ***בע""מ",,,"י""ח",125,ל  גרם,false,1,4,3.20,true,1,
7290005174575,false,טחינה יום יום,"שטראוס גרופ ***בע""מ",,,"י""ח",125,ל  גרם,false,1,4,3.20,true,1,
7290005175428,false,קמח תירס אינסטנד,ג.וילי פוד אינטרנשיונל בעמ,,,"י""ח",500,ל  גרם,false,1,4.80,0.96,false,1,
7290005197758,false,חיוכים שוקו  150במגש,"שטראוס גרופ בע""מ",,,"י""ח",150,ל  גרם,false,1,4.20,2.80,true,1,
7290005199578,false,פלאטינום נטול 200,"שטראוס גרופ בע""מ",,,"י""ח",200,ל  גרם,false,1,27.30,13.65,true,1,
7290005200786,false,תפוצ יפס שמנת ובצל,"שטראוס פריטו ליי בע""מ",,,"י""ח",50,ל  גרם,false,1,3.90,7.80,true,1,
7290005201455,false,נס קפה ארומה 200 גרם,"שטראוס גרופ בע""מ",,,"י""ח",200,ל  גרם,false,1,18.70,9.35,true,1,
7290005201882,false,קפה טורקי שקית 200 עלית,"שטראוס גרופ בע""מ",,,"י""ח",200,ל  גרם,false,1,15.30,7.65,true,1,
7290005287206,false,טונה סטארקיסט  בשמן 160גרם רבעייה,דיפלומט מפיצים (1968) בעמ**,,,"י""ח",640,ל  גרם,false,1,23,3.59,true,1,
7290005287251,false,~טונה סטארקיסט  במים רביעייה,דיפלומט מפיצים (1968) בעמ**,,,"י""ח",640,ל  גרם,false,1,23,3.59,true,1,
7290005287657,false,ממרח טונה סטארקיסט 160ג,דיפלומט מפיצים (1968) בעמ**,,,"י""ח",160,ל  גרם,false,1,5.60,3.50,true,1,
7290005296260,false,אסטוניש רסס ונגב,יעקב יעקבי ובניו בעמ,,,"י""ח",750,"ל  מ""ל",false,1,10.20,1.36,true,1,
7290005317200,false,קרקר טופז רגיל 110גר הדר,ח.כהן סוכנות מזון ומשקאות בע,,,"י""ח",110,ל  גרם,false,1,2.50,2.27,true,1,
7290005423253,false,תרסיס מקסימה כחול אולטרה למייבש כביסה,החב הדרומית לשיווק,,,"י""ח",750,"ל  מ""ל",false,1,15.30,2.04,true,1,
7290005423567,false,מטליות בגליל סושי,החב הדרומית לשיווק,,,"י""ח",1,,false,1,16.20,16.20,false,1,
7290005423635,false,ריצפז דוחה חרקים 2 ליטר,החב הדרומית לשיווק,,,"י""ח",2,ליטר,false,1,17,8.50,false,1,
7290005423734,false,מקסימה מרכך 4 ל  אולטרא,החב הדרומית לשיווק,,,"י""ח",4,ליטר,false,1,18.70,4.68,false,1,
7290005423833,false,פוליויקס פרקט 2 ליטר,החב הדרומית לשיווק,,,"י""ח",2,ליטר,false,1,17,8.50,false,1,
7290005423871,false,אורביטול שלישיה סודה,החב הדרומית לשיווק,,,"י""ח",435,ל  גרם,false,1,14.10,3.24,false,1,
7290005424762,false,ריצפז ווקס דוחה חרקים 2 ליטר,החב הדרומית לשיווק,,,"י""ח",2,ליטר,false,1,22.10,11.05,false,1,
7290005424847,false,סנו סופט 150 מפיות לבן.,החב הדרומית לשיווק,,,"י""ח",150,"י""ח",false,1,6.80,0.05,false,1,
7290005424991,false,פרש אוטומטיק בניחוח בייבי פאודר,החב הדרומית לשיווק,,,"י""ח",165,ל  גרם,false,1,11,6.67,false,1,
7290005425073,false,דואופרש אפרסק,החב הדרומית לשיווק,,,"י""ח",300,"ל  מ""ל",false,1,8.50,2.83,false,1,
7290005425202,false,"א.כביסה מקסימה 2.5 ק""ג",החב הדרומית לשיווק,,,"י""ח",2.50,"ק""ג",false,1,22.10,8.84,false,1,
7290005425646,false,סנו קליר אקדח 1ליטר,החב הדרומית לשיווק,,,"י""ח",1,ליטר,false,1,8.50,8.50,false,1,
7290005426230,false,סנו סושי מטלית הפלא לרצפה,החב הדרומית לשיווק,,,"י""ח",1,,false,1,11,11,false,1,
7290005426803,false,סנו מקסימה מרכך 4 ליטר,החב הדרומית לשיווק,,,"י""ח",4,ליטר,false,1,18.70,4.68,false,1,
7290005426964,false,סנובון שלישייה כחול אפרסק,החב הדרומית לשיווק,,,"י""ח",165,ל  גרם,false,1,12.70,7.70,true,1,
7290005426971,false,סנובון שלישייה כחול תפוח,החב הדרומית לשיווק,,,"י""ח",165,ל  גרם,false,1,12.70,7.70,true,1,
7290005427107,false,מגבות   הפלא}סנו{שישייה,החב הדרומית לשיווק,,,"י""ח",570,ל  גרם,false,1,11.90,2.09,true,1,
7290005427848,false,מטליות בגליל סושי,החב הדרומית לשיווק,,,"י""ח",1,,false,1,16.20,16.20,false,1,
7290005427947,false,"קרמה ק.גוף פסיפלורה 500 מ""ל",החב הדרומית לשיווק,,,"י""ח",500,"ל  מ""ל",false,1,21.30,4.26,false,1,
7290005427978,false,"תחליב רחצה עדין לפנים 180 מ""ל",החב הדרומית לשיווק,,,"י""ח",180,"ל  מ""ל",false,1,11,6.11,false,1,
7290005428845,false,מפיות ארוח סופט 100,החב הדרומית לשיווק,,,"י""ח",100,"י""ח",false,1,6.80,0.07,false,1,
7290005428852,false,ממחטות   צבעוני סופט חמישייה,החב הדרומית לשיווק,,,"י""ח",650,ל  גרם,false,1,11.90,1.83,false,1,
7290005429279,false,"סנו מקסימה אפקט זאוול  6 ק""ג.",החב הדרומית לשיווק,,,"י""ח",6,"ק""ג",false,1,39.20,6.53,false,1,
7290005429286,false,סנו מקסימה קומפקט ביו 6,החב הדרומית לשיווק,,,"י""ח",6,"ק""ג",false,1,39.20,6.53,false,1,
7290005430480,false,מטלית פלא מיקרופיבר,החב הדרומית לשיווק,,,"י""ח",1,,false,1,5.90,5.90,false,1,
7290005430602,false,סנו אוקסיגאן מסיר בתרסיס מרסס,החב הדרומית לשיווק,,,"י""ח",750,"ל  מ""ל",false,1,15.10,2.01,false,1,
7290005430671,false,פוליוקס קרמיקה 2 ליטר,החב הדרומית לשיווק,,,"י""ח",2,ליטר,false,1,17,8.50,true,1,
7290005509445,false,מיני קוקיס בטעם חמאה 600 ג`,כרמית תעשיות ממתקים בעמ,,,"י""ח",600,"ס""מ",false,1,14.40,2.40,false,1,
7290005559709,false,בורקס  פיצה}מעדנות{,תנובה בשר,,,"י""ח",700,ל  גרם,false,1,22.10,3.16,false,1,
7290005559914,false,"פיצה משפחתית זיתים 550ג""ר מעדנות",תנובה בשר,,,"י""ח",550,ל  גרם,false,1,17,3.09,true,1,
7290005591761,false,דבש טהור מפרחי בר לחיץ 400גר יד מרדכי,"שטראוס גרופ בע""מ",,,"י""ח",400,ל  גרם,false,1,21.30,5.33,true,1,
7290005651069,false,"לה קט מיקס 2.85 ק""ג",דיפלומט מפיצים (1968) בעמ**,,,"י""ח",2.85,"ק""ג",false,1,55.50,19.47,false,1,
7290005651427,false,בונזו מעדן 415גר.,דיפלומט מפיצים (1968) בעמ**,,,"י""ח",1.24,"ק""ג",false,1,15.60,12.58,false,1,
7290005680052,false,טמפוני סופר  32 OB,ש.שסטוביץ בעמ,,,"י""ח",1,,false,1,21.30,21.30,false,1,
7290005734014,false,בובה,צעצועי דורון ~~~,,,"י""ח",1,,false,1,25.40,25.40,false,1,
7290005734274,false,כלי תחבורה,צעצועי דורון ~~~,,,"י""ח",1,,false,1,25.40,25.40,false,1,
7290005735523,false,כלי רכב,צעצועי דורון ~~~,,,"י""ח",1,,false,1,17,17,false,1,
7290005838002,false,דניאלה בטעם יוגורט וניל,"שטראוס גרופ ***בע""מ",,,"י""ח",150,"ל  מ""ל",false,1,3.30,2.20,true,1,
7290005838613,false,סקי וניל 3%,"שטראוס גרופ ***בע""מ",,,"י""ח",125,ל  גרם,false,1,3.30,2.64,true,1,
7290005839078,false,מארז שמיניה  ביו 3% 150גר,"שטראוס גרופ ***בע""מ",,,"י""ח",1.20,ליטר,false,1,13.60,11.33,true,1,
7290005839108,false,סימפוניה עם זיתים 5%,"שטראוס גרופ ***בע""מ",,,"י""ח",200,ל  גרם,false,1,9.30,4.65,true,1,
7290005839313,false,מילקי טופ שטראוס,"שטראוס גרופ ***בע""מ",,,"י""ח",130,"ל  מ""ל",false,1,3.90,3,true,1,
7290005854613,false,תותי פרוטי,גלידות שטראוס בעמ,,,"י""ח",1,,false,1,2.50,2.50,true,1,
7290005896415,false,בירה איגל פחית 500מייל,טמפו משקאות בעמ,,,"י""ח",500,"ל  מ""ל",false,1,6.10,1.16,false,1,
7290005896460,false,"בירה איגל פחית חזקה 7.8% 500מ""ל",טמפו משקאות בעמ,,,"י""ח",330,"ל  מ""ל",false,1,5.80,1.67,false,1,
7290005938238,false,צ ימצ ורי 220 גרם,נטו מלינדה סחר בעמ,,,"י""ח",220,ל  גרם,false,1,15.80,7.18,false,1,
7290005938245,false,פסטו קלאסי 220 גרם,נטו מלינדה סחר בעמ,,,"י""ח",220,ל  גרם,false,1,13.60,6.18,false,1,
7290005992018,false,יוגורט עיזים 500 בבקבוק.,מחלבות גד,,,"י""ח",500,"ל  מ""ל",false,1,11,2.20,false,1,
7290005992575,false,בולגרית  למריחה 5% גד 250 ג,מחלבות גד,,,"י""ח",250,ל  גרם,false,1,11.90,4.76,false,1,
7290005992735,false,לבנה 250 ג גד,מחלבות גד,,,"י""ח",250,ל  גרם,false,1,10.20,4.08,false,1,
7290005992964,false,פטה כבשים,מחלבות גד,,,"ק""ג",1,,true,1,88,88,false,1,
7290006185501,false,סבון נוזל ורוד פנינה 1 ליטר,פנינה רוזנבלום בעמ,,,"י""ח",1,ליטר,false,1,9.30,9.30,true,1,
7290006185518,false,סבון נוזלי כחול פנינה 1 ליטר,פנינה רוזנבלום בעמ,,,"י""ח",1,ליטר,false,1,9.30,9.30,true,1,
7290006199027,false,מאגדת שמינייה גלידל תות,פלקו בעמ,,,"י""ח",1,,false,1,26.90,26.90,false,1,
7290006199942,false,מאגדת שמינייה פופסיקל דובדבן,פלקו בעמ,,,"י""ח",8,"י""ח",false,1,17.90,2.24,false,1,
7290006229427,false,שישית מים סן בנדטו 500,טמפו משקאות בעמ,,,"י""ח",3,ליטר,false,1,10.20,3.40,false,1,
7290006241191,false,אגוז מלך שקית 150 גרם,ליימן שליסל,,,"י""ח",150,ל  גרם,false,1,15.20,10.13,false,1,
7290006241214,false,שקד טבעי שקית,ליימן שליסל,,,"י""ח",200,ל  גרם,false,1,17.50,8.75,false,1,
7290006241504,false,"פריגת קפוא  תפוזים 280 מ""ל",*החברה המרכזית להפצת משקאותבעמ,,,"י""ח",280,ל  גרם,false,1,8.80,3.04,false,1,
7290006251107,false,מסאלה צ אי,תה ויסוצקי (ישראל)בעמ,,,"י""ח",50,ל  גרם,false,1,15.30,30.60,false,1,
7290006251275,false,תה ירוק סיני 25 יח,תה ויסוצקי (ישראל)בעמ,,,"י""ח",37.50,ל  גרם,false,1,21.30,56.80,true,1,
7290006251374,false,תה ירוק לימונית וג נג ר,תה ויסוצקי (ישראל)בעמ,,,"י""ח",25,ל  גרם,false,1,21.30,85.20,true,1,
7290006251589,false,תה ירוק נענע 50 יח,תה ויסוצקי (ישראל)בעמ,,,"י""ח",75,ל  גרם,false,1,39.20,52.27,true,1,
7290006265500,false,פטריות שמפיניון,ביכורי השדה צפון 1994 ג.ד. בעמ,,,"י""ח",1,,false,1,10.90,10.90,true,1,
7290006271181,false,ג חנון מעדנות אפוי למיקרוגל 750 ג,תנובה בשר,,,"י""ח",750,ל  גרם,false,1,18.70,2.49,false,1,
7290006271648,false,"מיני בורקס תפו""א",תנובה בשר,,,"י""ח",650,ל  גרם,false,1,18.70,2.88,false,1,
7290006271655,false,מיני בורקס גבינה,תנובה בשר,,,"י""ח",800,ל  גרם,false,1,21.30,2.66,false,1,
7290006272072,false,חטיפי פיצה מעדנות.,תנובה בשר,,,"י""ח",650,ל  גרם,false,1,19.60,3.02,false,1,
7290006272430,false,בצק עלים חמאה,תנובה בשר,,,"י""ח",600,ל  גרם,false,1,23.90,3.98,false,1,
7290006306302,false,רביולי  גבינה פסטה נונה,מחלבות גד,,,"י""ח",400,ל  גרם,false,1,17,4.25,false,1,
7290006306319,false,רביולי בטטה פסטה נונה,מחלבות גד,,,"י""ח",400,ל  גרם,false,1,17,4.25,false,1,
7290006374738,false,קונפיטורה תות יד מרדכי בטעם תות,"שטראוס גרופ בע""מ",,,"י""ח",340,ל  גרם,false,1,11.60,3.41,true,1,
7290006492432,false,מוצרלה בייבי 150 ג,מחלבות גד,,,"י""ח",1,,false,1,11.90,11.90,false,1,
7290006492616,false,בולגרית פרוסות 5% גד 250 ג`,מחלבות גד,,,"י""ח",250,ל  גרם,false,1,21.50,8.60,false,1,
7290006492630,false,גדעזים גליל 180 ג גד,מחלבות גד,,,"י""ח",1,,false,1,18.70,18.70,false,1,
7290006492685,false,לבנה 250 גרם גד,מחלבות גד,,,"י""ח",250,ל  גרם,false,1,14.40,5.76,false,1,
7290006492852,false,גבינה לבנה 5% עזים,מחלבות גד,,,"י""ח",1,,false,1,13.60,13.60,false,1,
7290006492913,false,לבנה ציזקי 250 גרם,מחלבות גד,,,"י""ח",250,ל  גרם,false,1,11,4.40,false,1,
7290006498052,false,יוגורט טבעי מהדרין,"שטראוס גרופ ***בע""מ",,,"י""ח",150,"ל  מ""ל",false,1,2.50,1.67,true,1,
7290006511157,false,"פטריות שלם 400 ג  בד""ץ",ג.וילי פוד אינטרנשיונל בעמ,,,"י""ח",400,ל  גרם,false,1,6.80,1.70,true,1,
7290006511683,false,פולי סויה קפואים 454 גרם,ג.וילי פוד אינטרנשיונל בעמ,,,"י""ח",454,ל  גרם,false,1,8.50,1.87,false,1,
7290006511751,false,פטריות חתוך 290 גרם *שלישיה,ג.וילי פוד אינטרנשיונל בעמ,,,"י""ח",870,ל  גרם,false,1,10.20,1.17,false,1,
7290006550972,false,"טחון בקר עטרה 1 ק""ג",נטו מלינדה סחר בעמ,,,"י""ח",1,"ק""ג",false,1,25.60,25.60,false,1,
7290006618078,false,אסטוניש מרסס לניקוי 750 יעקבי,יעקב יעקבי ובניו בעמ,,,"י""ח",750,"ל  מ""ל",false,1,10.20,1.36,true,1,
7290006652027,false,במבה מארז מולטיפק  *20יח,קבוצת אוסם סחר-שות.מוגבלת,,,"י""ח",300,ל  גרם,false,1,20.40,6.80,true,1,
7290006653819,false,קוסקוס דק 350 ג אוסם,קבוצת אוסם סחר-שות.מוגבלת,,,"י""ח",350,ל  גרם,false,1,7.60,2.17,false,1,
7290006664051,false,אקטימל מארז משפ 14 יח טבעי,"שטראוס גרופ ***בע""מ",,,"י""ח",1.40,ליטר,false,1,25.60,18.29,true,1,
7290006664402,false,גבינת סקי 5% 750  ג*,"שטראוס גרופ ***בע""מ",,,"י""ח",750,ל  גרם,false,1,11.60,1.55,true,1,
7290006664532,false,דנונה תות 3%,"שטראוס גרופ ***בע""מ",,,"י""ח",150,"ל  מ""ל",false,1,3,2,true,1,
7290006664655,false,אקטימל שמיניה טבעי,"שטראוס גרופ ***בע""מ",,,"י""ח",800,"ל  מ""ל",false,1,17,2.13,true,1,
7290006664693,false,דנונה אפרסק 3%,"שטראוס גרופ ***בע""מ",,,"י""ח",150,"ל  מ""ל",false,1,3,2,true,1,
7290006664990,false,~מארז שמינייה ביו 1.5% 150גר,"שטראוס גרופ ***בע""מ",,,"י""ח",1.20,ליטר,false,1,13.60,11.33,true,1,
7290006681065,false,טעמקור וניל+שוקולד,גלידות שטראוס בעמ,,,"י""ח",1,,false,1,5.60,5.60,false,1,
7290006681553,false,קרמבו וניל ]8 שטראוס[,גלידות שטראוס בעמ,,,"י""ח",8,"י""ח",false,1,13.60,1.70,false,1,
7290006681560,false,קרמבו מוקה ]8 שטראוס[,גלידות שטראוס בעמ,,,"י""ח",8,"י""ח",false,1,13.60,1.70,false,1,
7290006712981,false,"משחת שיניים  ילדים ספיידרמן 50מ""ל",ש.שסטוביץ בעמ,,,"י""ח",50,ל  גרם,false,1,10.20,20.40,false,1,
7290006739346,false,נקניקיות פרגיות זוגלובק,זוגלובק שיווק בעמ,,,"י""ח",400,ל  גרם,false,1,16,4,true,1,
7290006739414,false,סלמי קוניאק 300גר`,זוגלובק שיווק בעמ,,,"י""ח",3.50,"י""ח",false,1,23,6.57,false,1,
7290006741363,false,"בורקס תפו""א בד""צ 800 ג`",זוגלובק שיווק בעמ,,,"י""ח",800,ל  גרם,false,1,15.20,1.90,true,1,
7290006742162,false,המבורגר מזרחי,זוגלובק שיווק בעמ,,,"י""ח",400,ל  גרם,false,1,18.70,4.68,true,1,
7290006764096,false,איגל בקבוק חוזר 500 מייל,טמפו משקאות בעמ,,,"י""ח",500,"ל  מ""ל",false,1,4.30,0.66,true,1,
7290006775016,false,עוגת תפוז ]450אחוה[,אחדות בעמ,,,"י""ח",450,ל  גרם,false,1,8.50,1.89,false,1,
7290006775023,false,עוגת אנגלית-אחווה,אחדות בעמ,,,"י""ח",450,ל  גרם,false,1,8.50,1.89,false,1,
7290006775030,false,עוגת אחוה שוקולד,אחדות בעמ,,,"י""ח",450,ל  גרם,false,1,8.50,1.89,false,1,
7290006775047,false,עוגת שוקולד]אחוה[,אחדות בעמ,,,"י""ח",450,ל  גרם,false,1,8.50,1.89,false,1,
7290006775085,false,עוגת שמרים (400 אחוה).,אחדות בעמ,,,"י""ח",400,ל  גרם,false,1,9.30,2.33,false,1,
7290006775191,false,מאפין ממולא שוקולד 50 ג,אחדות בעמ,,,"י""ח",400,ל  גרם,false,1,1.30,0.33,true,1,
7290006775306,false,מאפין במילוי תות,אחדות בעמ,,,"י""ח",50,ל  גרם,false,1,1.30,2.60,true,1,
7290006775405,false,מאפין אחווה 45 גרם,אחדות בעמ,,,"י""ח",40,ל  גרם,false,1,1.30,3.25,true,1,
7290006775764,false,עוגה שוקוציפס ללא סוכר,אחדות בעמ,,,"י""ח",400,ל  גרם,false,1,9.30,2.33,false,1,
7290006785633,false,שקית 10 מיטלי,שמחה זה אנחנו,,,"י""ח",1,,false,1,4.20,4.20,false,1,
7290006788405,false,רולאון נושם  2 קרליין פ. דיל.,החב הדרומית לשיווק,,,"י""ח",75,ל  גרם,false,1,10.20,13.60,false,1,
7290006788429,false,רולאון נושם כתום פ. דיל,החב הדרומית לשיווק,,,"י""ח",75,ל  גרם,false,1,10.20,13.60,false,1,
7290006788436,false,רולאון נושםן ורוד פ. דיל,החב הדרומית לשיווק,,,"י""ח",75,ל  גרם,false,1,10.20,13.60,false,1,
7290006788443,false,רולאון נושם סגול,החב הדרומית לשיווק,,,"י""ח",1,"י""ח",false,1,10.20,10.20,false,1,
7290006788481,false,דאו ספריי נושם  קרליין מס 4,החב הדרומית לשיווק,,,"י""ח",200,"ל  מ""ל",false,1,10.20,5.10,false,1,
7290006788498,false,דאו  ספריי נושם קרליין מס 5,החב הדרומית לשיווק,,,"י""ח",200,"ל  מ""ל",false,1,10.20,5.10,false,1,
7290006788504,false,דאו ספריי נושם  קרליין מס 6,החב הדרומית לשיווק,,,"י""ח",200,"ל  מ""ל",false,1,10.20,5.10,false,1,
7290006804877,false,מארז 10 יח מיני פיתות פילסברי,ג נרל מילס ישראל בעמ,,,"י""ח",1,,false,1,9.30,9.30,false,1,
7290006804907,false,פיתות מארז 5 יח אסלי פילסברי,ג נרל מילס ישראל בעמ,,,"י""ח",1,,false,1,6.80,6.80,true,1,
7290006805850,false,תערובת  לפנקייק(פילסברי),ליימן שליסל,,,"י""ח",500,ל  גרם,false,1,15.20,3.04,false,1,
7290006983176,false,לחמית שיפון 230 ג`,קבוצת אוסם סחר-שות.מוגבלת,,,"י""ח",230,ל  גרם,false,1,7.60,3.30,true,1,
7290006983763,false,עוגת הבית שוקולד,קבוצת אוסם סחר-שות.מוגבלת,,,"י""ח",400,ל  גרם,false,1,10.20,2.55,false,1,
7290006983770,false,עוגת הבית שיש,קבוצת אוסם סחר-שות.מוגבלת,,,"י""ח",400,ל  גרם,false,1,10.20,2.55,false,1,
7290006983787,false,עוגת בית שוקו צ יפס,קבוצת אוסם סחר-שות.מוגבלת,,,"י""ח",400,ל  גרם,false,1,10.20,2.55,false,1,
7290006983794,false,עוגת בית תפוז.,קבוצת אוסם סחר-שות.מוגבלת,,,"י""ח",400,ל  גרם,false,1,10.20,2.55,false,1,
7290006992208,false,דייסלה דגנים מעורבים מטרנה,קבוצת אוסם סחר-שות.מוגבלת,,,"י""ח",200,ל  גרם,false,1,11,5.50,false,1,
7290006992390,false,דייסת וניל מטרנה  200 גרם,קבוצת אוסם סחר-שות.מוגבלת,,,"י""ח",200,ל  גרם,false,1,11,5.50,false,1,
7290008000826,false,משחת שיניים ברבי,גורי ע.ע.ע. בעמ,,,"י""ח",50,ל  גרם,false,1,9.30,18.60,false,1,
7290008023542,false,שמפו רצפות 4 ליטר מרענן,יוניליוור ישראל שיווק בעמ,,,"י""ח",4,ליטר,false,1,14.40,3.60,false,1,
7290008116541,false,ליסטרין קול מינט 500,שקד תבל בעמ,,,"י""ח",500,"ל  מ""ל",false,1,15.30,3.06,true,1,
7290008116565,false,ליסטרין פרש ברט 500,שקד תבל בעמ,,,"י""ח",500,"ל  מ""ל",false,1,15.30,3.06,true,1,
7290008116862,false,"בלנאום הרמל 500 מ""ל",שקד תבל בעמ,,,"י""ח",200,"ל  מ""ל",false,1,59.70,29.85,false,1,
7290008116886,false,"בלנאום הרמל אף 500 מ""ל",שקד תבל בעמ,,,"י""ח",500,"ל  מ""ל",false,1,59.70,11.94,false,1,
7290008154222,false,שניצלונים]עוף  טוב[,קבוצת אוסם סחר-שות.מוגבלת,,,"י""ח",700,ל  גרם,false,1,12.70,1.81,false,1,
7290008175173,false,חמאה וואליו  200גר ללא תוספת מלח.,ג.וילי פוד אינטרנשיונל בעמ,,,"י""ח",200,ל  גרם,false,1,9.30,4.65,false,1,
7290008175210,false,פרמזנו מגורדת 90 ג ויליפוד,ג.וילי פוד אינטרנשיונל בעמ,,,"י""ח",90,ל  גרם,false,1,12.70,14.11,false,1,
7290008175692,false,אטריות להקפצה נודלס 400,ג.וילי פוד אינטרנשיונל בעמ,,,"י""ח",400,ל  גרם,false,1,6.80,1.70,false,1,
7290008330107,false,בדין 4 ליטר בריח אביב.,יוניליוור ישראל שיווק בעמ,,,"י""ח",4,ליטר,false,1,17,4.25,false,1,
7290008343466,false,בצק פילו 500 גרם,נטו מלינדה סחר בעמ,,,"י""ח",500,ל  גרם,false,1,18.70,3.74,true,1,
7290008343558,false,"סיגרים בשר 1 ק""ג",נטו מלינדה סחר בעמ,,,"י""ח",1,"ק""ג",false,1,18.70,18.70,false,1,
7290008343565,false,"סיגרים תפו""א 1 ק""ג",נטו מלינדה סחר בעמ,,,"י""ח",1,"ק""ג",false,1,18.70,18.70,false,1,
7290008343572,false,אגרול סיני,נטו מלינדה סחר בעמ,,,"י""ח",1,"ק""ג",false,1,18.70,18.70,false,1,
7290008343602,false,קובה בשר מטוגן 1 קג,נטו מלינדה סחר בעמ,,,"י""ח",1,"ק""ג",false,1,18.70,18.70,false,1,
7290008343619,false,"פסטלים תפו""א 1 ק""ג",נטו מלינדה סחר בעמ,,,"י""ח",1,"ק""ג",false,1,18.70,18.70,false,1,
7290008343626,false,"פלאפל 1 ק""ג",נטו מלינדה סחר בעמ,,,"י""ח",1,"ק""ג",false,1,18.70,18.70,false,1,
7290008344258,false,המבורגר מזרחיטיוון וויל,נטו מלינדה סחר בעמ,,,"י""ח",400,ל  גרם,false,1,19.40,4.85,true,1,
7290008344272,false,המבורגר טיבון וויל,נטו מלינדה סחר בעמ,,,"י""ח",400,ל  גרם,false,1,15.30,3.83,true,1,
7290008345118,false,מקרל בשמן 240 דלידג,ב ספירת מלאי,,,"י""ח",240,ל  גרם,false,1,18.60,7.75,false,1,
7290008345576,false,איקרא ביתית לבנה 300,נטו מלינדה סחר בעמ,,,"י""ח",300,ל  גרם,false,1,18.70,6.23,false,1,
7290008345583,false,איקרא ביתית ורוד 300גר,נטו מלינדה סחר בעמ,,,"י""ח",300,ל  גרם,false,1,18.70,6.23,false,1,
7290008347211,false,אצבעות דג 700 גרם,נטו מלינדה סחר בעמ,,,"י""ח",700,ל  גרם,false,1,17,2.43,false,1,
7290008415071,false,חומוס עם טחינה 150.,קבוצת אוסם סחר-שות.מוגבלת,,,"י""ח",150,ל  גרם,false,1,4.40,2.93,false,1,
7290008415514,false,חומוס עם חריף,קבוצת אוסם סחר-שות.מוגבלת,,,"י""ח",150,ל  גרם,false,1,4.40,2.93,false,1,
7290008443616,false,מרכך נקה 7 מייצב יבש אדום,החב הדרומית לשיווק,,,"י""ח",750,"ל  מ""ל",false,1,10.20,1.36,false,1,
7290008443630,false,שמפו נקה -7 לשיער מתולתל סגול,החב הדרומית לשיווק,,,"י""ח",750,"ל  מ""ל",false,1,10.20,1.36,false,1,
7290008443647,false,מרכך נקה 7 מייצב מתולתל סגול,החב הדרומית לשיווק,,,"י""ח",750,"ל  מ""ל",false,1,10.20,1.36,false,1,
7290008461221,false,סרדינים בשמן  צמחי(סיימן),א. סיימן סחר בעמ,,,"י""ח",115,ל  גרם,false,1,6.80,5.91,true,1,
7290008461238,false,סרדין רובררט שמן חמניות חריף,א. סיימן סחר בעמ,,,"י""ח",115,ל  גרם,false,1,6.80,5.91,true,1,
7290008462204,false,חרדל דיג ון,א. סיימן סחר בעמ,,,"י""ח",380,ל  גרם,false,1,13.60,3.58,true,1,
7290008462259,false,חרדל גרגירים 380 גרם,א. סיימן סחר בעמ,,,"י""ח",380,ל  גרם,false,1,16.20,4.26,true,1,
7290008464345,false,גולדסטאר בקבוק 330,טמפו משקאות בעמ,,,"י""ח",330,"ל  מ""ל",false,1,6.45,1.86,false,1,
7290008464468,false,"גולדסטאר פחית 500 מ""ל.",טמפו משקאות בעמ,,,"י""ח",500,"ל  מ""ל",false,1,7,1.34,false,1,
7290008464475,false,מכבי 500 פחית.,טמפו משקאות בעמ,,,"י""ח",500,"ל  מ""ל",false,1,6.50,1.24,true,1,
7290008464604,false,היינקן בירה  500 פחית,טמפו משקאות בעמ,,,"י""ח",500,"ל  מ""ל",false,1,8.50,1.64,false,1,
7290008464734,false,גולדסטאר SLOW BREW בקבוק 330 שישייה.,טמפו משקאות בעמ,,,"י""ח",1.98,ליטר,false,1,35.80,17.32,true,1,
7290008466660,false,מארז רוגעלך 500ג מחנה יהודה,הלל בן הלל שיווק ומסחר בעמ,,,"י""ח",500,ל  גרם,false,1,15.30,3.06,true,1,
7290008466813,false,מארז עוגיות  קינמון 500ג מחנה יהודה,הלל בן הלל שיווק ומסחר בעמ,,,"י""ח",500,ל  גרם,false,1,15.30,3.06,true,1,
7290008493413,false,פירורי גריסיני,דנשר (1963) בעמ,,,"י""ח",200,ל  גרם,false,1,5.90,2.95,false,1,
7290008634045,false,פלסטר 30 צבעוני,אינטרסן (1996) בעמ,,,"י""ח",30,"י""ח",false,1,5,0.17,true,1,
7290008634663,false,בקבוק גדול שלישיה,אינטרסן (1996) בעמ,,,"י""ח",1,,false,1,12.70,12.70,false,1,
7290008636018,false,כפתורי שוקולד,מיה תעשיות מזון מ.ת.מ בעמ,,,,100,ל  גרם,false,1,11.80,11.80,false,1,
7290008636650,false,קמח מצה 500גר.,מיה תעשיות מזון מ.ת.מ בעמ,,,"י""ח",500,ל  גרם,false,1,5,1,false,1,
7290008636704,false,"קונפיטורה משמש כשל""פ",מיה תעשיות מזון מ.ת.מ בעמ,,,"י""ח",450,ל  גרם,false,1,11.90,2.64,false,1,
7290008644112,false,מטבוחה יום יום,"שטראוס גרופ ***בע""מ",,,"י""ח",125,ל  גרם,false,1,4,3.20,true,1,
7290008644235,false,סלט עלי בייבי 120גר שטראוס,"שטראוס גרופ ***בע""מ",,,"י""ח",120,ל  גרם,false,1,9.90,8.25,true,1,
7290008644945,false,סלט המושבה 450גר שטראוס,"שטראוס גרופ ***בע""מ",,,"י""ח",450,ל  גרם,false,1,9.30,2.07,true,1,
7290008679428,false,כפפות לבית ולמטבח,גורי מוצרי צריכה בעמ,,,"י""ח",1,,false,1,4.20,4.20,false,1,
7290008679459,false,כפפות גומי,גורי מוצרי צריכה בעמ,,,"י""ח",1,,false,1,4.20,4.20,false,1,
7290008693134,false,דניאלה תות,"שטראוס גרופ ***בע""מ",,,"י""ח",150,"ל  מ""ל",false,1,3.30,2.20,true,1,
7290008713900,false,לחם רוסי שיפון עגול 750גר`,שלמה א.אנג ל בעמ,,,"י""ח",750,ל  גרם,false,1,11,1.47,false,1,
7290008713917,false,לחם בסגנון רוסי שיפון כהה 750גר`,שלמה א.אנג ל בעמ,,,"י""ח",750,ל  גרם,false,1,11,1.47,false,1,
7290008745239,false,תפוצ יפס אקסטרא 55 גרם,"שטראוס פריטו ליי בע""מ",,,"י""ח",55,ל  גרם,false,1,3.90,7.09,true,1,
7290008750264,false,MUST דובדבן,"שטראוס גרופ בע""מ",,,"י""ח",28,ל  גרם,false,1,3.70,13.21,true,1,
7290008751902,false,"קפה שחור קלוי 1 ק""ג  ואקום עלית","שטראוס גרופ בע""מ",,,"י""ח",1,"ק""ג",false,1,42.70,42.70,true,1,
7290008752244,false,תפו ציפס גריל 50 גרם,"שטראוס פריטו ליי בע""מ",,,"י""ח",50,ל  גרם,false,1,3.90,7.80,true,1,
7290008753111,false,תפוצ יפס מקסיקני 50 גרם,"שטראוס פריטו ליי בע""מ",,,"י""ח",50,ל  גרם,false,1,3.90,7.80,true,1,
7290008754415,false,"מאסט ספירמינט ללא סוכר 28גר כשל""פ","שטראוס גרופ בע""מ",,,"י""ח",28,ל  גרם,false,1,3.70,13.21,true,1,
7290008757034,false,"שוופס סודה 250 מ""ל",יפאורה שותפות מוגבלת לשיווק,,,"י""ח",250,"ל  מ""ל",false,1,3,1.08,true,1,
7290008757980,false,ספרינג רימונים קרטונית,יפאורה שותפות מוגבלת לשיווק,,,"י""ח",1,ליטר,false,1,5.90,5.90,true,1,
7290008775816,false,ערגליות שוקו 300 גרם,קבוצת אוסם סחר-שות.מוגבלת,,,"י""ח",300,ל  גרם,false,1,9.30,3.10,true,1,
7290008775823,false,ערגליות תות שדה 300 גרם,קבוצת אוסם סחר-שות.מוגבלת,,,"י""ח",300,ל  גרם,false,1,9.30,3.10,true,1,
7290008801010,false,PC  קברנה/מרלו 0.75 ל,אגודת הכורמים,,,"י""ח",750,"ל  מ""ל",false,1,34.20,4.52,true,1,
7290008806961,false,קרמיסמו פרה שטראוס,גלידות שטראוס בעמ,,,"י""ח",1.33,ליטר,false,1,16.20,12.18,false,1,
7290008806985,false,נשנושים שטראוס.,גלידות שטראוס בעמ,,,"י""ח",630,ל  גרם,false,1,40.10,6.37,false,1,
7290008835084,false,כתף  מס 4 מוכשר ארגנטינה קפוא,בלדי בעמ,,,"ק""ג",1,,true,1,33.30,33.30,false,1,
7290008846219,false,"שמן זית כתית חלוצה 750 מ""ל",נטו מלינדה סחר בעמ,,,"י""ח",750,"ל  מ""ל",false,1,34.10,4.55,false,1,
7290008909778,false,"קרלסברג שישייה 330מ""ל",החברה המרכזית להפצת משקאות בעמ,,,"י""ח",1.98,ליטר,false,1,36.50,17.68,true,1,
7290008909853,false,קוקה קולה ZIRO 0.5 ל,החברה המרכזית להפצת משקאות בעמ,,,"י""ח",500,"ל  מ""ל",false,1,5.30,1,true,1,
7290008975551,false,מטרנה מהדרין חיסכון}{3,קבוצת אוסם סחר-שות.מוגבלת,,,"י""ח",700,ל  גרם,false,1,42.70,6.10,false,1,
7290008975780,false,"בונזו גזע קטן  3 ק""ג",דיפלומט מפיצים (1968) בעמ**,,,"י""ח",3,"ק""ג",false,1,38.40,12.80,false,1,
7290008989169,false,אורז תפוח,בטר אנד דיפרנט בעמ,,,"י""ח",500,ל  גרם,false,1,17,3.40,false,1,
7290008989572,false,ממרח חלבה טעם וניל 350גר.,בטר אנד דיפרנט בעמ,,,"י""ח",350,ל  גרם,false,1,10.10,2.89,false,1,
7290009156430,false,מארז 10יח לחם פיתה עבודת יד,דר פיתה בעמ,,,"י""ח",1,,false,1,15,15,false,1,
7290010002023,false,כורכום הודי טחון 100 גרם צנצנת,א.ל.יצור ושיווקתבלינים בעמ,,,"י""ח",100,ל  גרם,false,1,9.80,9.80,false,1,
7290010002030,false,כמון 100 גרם צנצנת,א.ל.יצור ושיווקתבלינים בעמ,,,"י""ח",100,ל  גרם,false,1,9.80,9.80,false,1,
7290010002047,false,מלח לימון 200 גרם,א.ל.יצור ושיווקתבלינים בעמ,,,"י""ח",200,ל  גרם,false,1,8.10,4.05,false,1,
7290010002061,false,פלפל לבן טחון 100 גרם,א.ל.יצור ושיווקתבלינים בעמ,,,"י""ח",100,ל  גרם,false,1,14.40,14.40,false,1,
7290010002078,false,פלפל שחור טחון 100 גרם בצנצנת מימון.,א.ל.יצור ושיווקתבלינים בעמ,,,"י""ח",100,ל  גרם,false,1,13.30,13.30,false,1,
7290010002092,false,פלפל שחור גס דק90גר צנצנת מימון.,א.ל.יצור ושיווקתבלינים בעמ,,,"י""ח",90,ל  גרם,false,1,13.30,14.78,false,1,
7290010002108,false,פלפל שחור גרוס גס 90גר,א.ל.יצור ושיווקתבלינים בעמ,,,"י""ח",90,ל  גרם,false,1,12.40,13.78,false,1,
7290010002122,false,פפריקה הונגרית מתוקה 100,א.ל.יצור ושיווקתבלינים בעמ,,,"י""ח",100,ל  גרם,false,1,9.80,9.80,false,1,
7290010002146,false,פפריקה מרוקאית מתוקה 100,א.ל.יצור ושיווקתבלינים בעמ,,,"י""ח",100,ל  גרם,false,1,9.80,9.80,false,1,
7290010002153,false,פפריקה מרוקאית חריפה 100,א.ל.יצור ושיווקתבלינים בעמ,,,"י""ח",100,ל  גרם,false,1,9.80,9.80,false,1,
7290010002177,false,פפריקה מעושנת 90ג פרימיום,א.ל.יצור ושיווקתבלינים בעמ,,,"י""ח",90,ל  גרם,false,1,14.40,16,true,1,
7290010002191,false,מקלות קינמון 50 גרם,א.ל.יצור ושיווקתבלינים בעמ,,,"י""ח",500,ל  גרם,false,1,9.80,1.96,false,1,
7290010002207,false,קינמון טחון 100גר.,א.ל.יצור ושיווקתבלינים בעמ,,,"י""ח",100,ל  גרם,false,1,8.10,8.10,false,1,
7290010002283,false,תבלין על האש 100,א.ל.יצור ושיווקתבלינים בעמ,,,"י""ח",100,ל  גרם,false,1,9.80,9.80,false,1,
7290010002290,false,תערובת לשוואמה טורקית 110,א.ל.יצור ושיווקתבלינים בעמ,,,"י""ח",100,ל  גרם,false,1,9.80,9.80,false,1,
7290010002306,false,תערובת לקציצות 100גר,א.ל.יצור ושיווקתבלינים בעמ,,,"י""ח",100,ל  גרם,false,1,9.80,9.80,false,1,
7290010002313,false,ראס אל חנות 100גר,א.ל.יצור ושיווקתבלינים בעמ,,,"י""ח",100,ל  גרם,false,1,9.80,9.80,false,1,
7290010002320,false,תבלין גריל עוף 100גר,א.ל.יצור ושיווקתבלינים בעמ,,,"י""ח",100,ל  גרם,false,1,9.80,9.80,false,1,
7290010002337,false,תבלין לסטייק 100 גרם,א.ל.יצור ושיווקתבלינים בעמ,,,"י""ח",100,ל  גרם,false,1,9.80,9.80,false,1,
7290010002344,false,תבלין לדג 100גר.,א.ל.יצור ושיווקתבלינים בעמ,,,"י""ח",100,ל  גרם,false,1,9.80,9.80,false,1,
7290010002351,false,זעטר ושומשום בלדי 100,א.ל.יצור ושיווקתבלינים בעמ,,,"י""ח",110,ל  גרם,false,1,9.80,8.91,false,1,
7290010002368,false,תערובת חווג  למרק 100גר,א.ל.יצור ושיווקתבלינים בעמ,,,"י""ח",100,ל  גרם,false,1,9.80,9.80,false,1,
7290010002375,false,מדרס קארי 100גר.,א.ל.יצור ושיווקתבלינים בעמ,,,"י""ח",100,ל  גרם,false,1,9.80,9.80,false,1,
7290010002399,false,בזיליקום 40 גרם,א.ל.יצור ושיווקתבלינים בעמ,,,"י""ח",40,ל  גרם,false,1,8.10,20.25,false,1,
7290010002429,false,עלי דפנה 20 גרם,א.ל.יצור ושיווקתבלינים בעמ,,,"י""ח",20,ל  גרם,false,1,8.10,40.50,false,1,
7290010002443,false,רוזמרין 40גר.,א.ל.יצור ושיווקתבלינים בעמ,,,"י""ח",40,ל  גרם,false,1,8.10,20.25,false,1,
7290010002450,false,שמיר 30 גרם,א.ל.יצור ושיווקתבלינים בעמ,,,"י""ח",30,ל  גרם,false,1,8.10,27,false,1,
7290010002481,false,שום טחון 100 גרם,א.ל.יצור ושיווקתבלינים בעמ,,,"י""ח",100,ל  גרם,false,1,12.40,12.40,false,1,
7290010002597,false,כוסברה ירוקה 30גר,א.ל.יצור ושיווקתבלינים בעמ,,,"י""ח",30,ל  גרם,false,1,8.10,27,false,1,
7290010002658,false,פלפל יבש מתוק 150 גרם,א.ל.יצור ושיווקתבלינים בעמ,,,"י""ח",150,ל  גרם,false,1,15.50,10.33,false,1,
7290010002726,false,תבלין לפרגיות 100גר,א.ל.יצור ושיווקתבלינים בעמ,,,"י""ח",100,ל  גרם,false,1,9.80,9.80,false,1,
7290010002986,false,פפריקה חריפה אש 100ג פרימיום,א.ל.יצור ושיווקתבלינים בעמ,,,"י""ח",100,ל  גרם,false,1,14.40,14.40,true,1,
7290010003051,false,פפריקה הונגרית מתוקה 400,א.ל.יצור ושיווקתבלינים בעמ,,,"י""ח",400,ל  גרם,false,1,20.40,5.10,false,1,
7290010003075,false,פפריקה מרוקאית מתוקה 400 מימון,א.ל.יצור ושיווקתבלינים בעמ,,,"י""ח",400,ל  גרם,false,1,20.40,5.10,false,1,
7290010003440,false,שבבי בצל מטוגן 200ג,א.ל.יצור ושיווקתבלינים בעמ,,,"י""ח",200,ל  גרם,false,1,9.80,4.90,false,1,
7290010003754,false,כמון טחו 50ג שקית,א.ל.יצור ושיווקתבלינים בעמ,,,"י""ח",50,ל  גרם,false,1,5,10,false,1,
7290010003815,false,פלפל שטה 150גר  שקית,א.ל.יצור ושיווקתבלינים בעמ,,,"י""ח",150,ל  גרם,false,1,13.30,8.87,false,1,
7290010003822,false,פפריקה חריפה שקית 80ג,א.ל.יצור ושיווקתבלינים בעמ,,,"י""ח",80,ל  גרם,false,1,5,6.25,false,1,
7290010003839,false,קינמון טחון  שקית 80ג,א.ל.יצור ושיווקתבלינים בעמ,,,"י""ח",80,ל  גרם,false,1,5,6.25,false,1,
7290010003846,false,אורגנו שקית 20ג,א.ל.יצור ושיווקתבלינים בעמ,,,"י""ח",20,ל  גרם,false,1,5,25,false,1,
7290010004348,false,פפריקה מתוקה 250ג.,א.ל.יצור ושיווקתבלינים בעמ,,,"י""ח",250,ל  גרם,false,1,17,6.80,false,1,
7290010060597,false,"סרקל שמפו 1.250 מ""ל",פישר תעשיות פרמבצטיות בעמ,,,"י""ח",1.25,ליטר,false,1,25.60,20.48,true,1,
7290010060603,false,סרקל מעצב 1250 גרם,פישר תעשיות פרמבצטיות בעמ,,,"י""ח",1.25,ליטר,false,1,25.60,20.48,true,1,
7290010065332,false,פרינוק 190 גרם תפוח עץ/בננה,גורי מוצרי צריכה בעמ,,,"י""ח",760,ל  גרם,false,1,5,0.66,true,1,
7290010065349,false,פרינוק 190 גרם סלט פירות,גורי מוצרי צריכה בעמ,,,"י""ח",190,ל  גרם,false,1,5,2.63,true,1,
7290010066001,false,נתחי טונה פילטונה 960גרם בשמן,תעשיות פילטונה בעמ,,,"י""ח",960,ל  גרם,false,1,29.80,3.10,false,1,
7290010066513,false,טונה 4  יח`בשמן צמחי פילטונה 160 ג`,תעשיות פילטונה בעמ,,,"י""ח",640,ל  גרם,false,1,19.60,3.06,false,1,
7290010066520,false,טונה בודד בשמן קנולה,תעשיות פילטונה בעמ,,,"י""ח",160,ל  גרם,false,1,5.60,3.50,false,1,
7290010066575,false,טונה 4 יחי מים פילטונה 160 ג`,תעשיות פילטונה בעמ,,,"י""ח",640,ל  גרם,false,1,19.60,3.06,false,1,
7290010066582,false,טונה 4 יחי קנולה פילטונה 160 ג`,תעשיות פילטונה בעמ,,,"י""ח",640,ל  גרם,false,1,19.60,3.06,false,1,
7290010066599,false,טונה 4  יח`בשמן זית פילטונה 160 ג`,תעשיות פילטונה בעמ,,,"י""ח",640,ל  גרם,false,1,23.90,3.73,false,1,
7290010117864,false,דוריטוס חריף אש 70 גרם,"שטראוס פריטו ליי בע""מ",,,"י""ח",70,ל  גרם,false,1,2.70,3.86,true,1,
7290010118328,false,מארז תפוציפס   {40X6(+אקס טבעי 3,"שטראוס פריטו ליי בע""מ",,,"י""ח",240,ל  גרם,false,1,11.90,4.96,true,1,
7290010124497,false,"שעועית ירוקה חתוכה    2.5ק""ג",בלדי בעמ,,,"ק""ג",2.50,"ק""ג",true,1,9.30,3.72,false,1,
7290010153503,false,שעועית אקסטרא  מיה,מיה תעשיות מזון מ.ת.מ בעמ,,,"י""ח",400,ל  גרם,false,1,6.80,1.70,false,1,
7290010153527,false,ג רש 500 גרם,מיה תעשיות מזון מ.ת.מ בעמ,,,"י""ח",500,ל  גרם,false,1,3.30,0.66,false,1,
7290010153534,false,קמח תירס 400 גרם,מיה תעשיות מזון מ.ת.מ בעמ,,,"י""ח",400,ל  גרם,false,1,5.10,1.28,false,1,
7290010154005,false,סחוג תימני 250 גרם,נטו מלינדה סחר בעמ,,,"י""ח",250,ל  גרם,false,1,11.90,4.76,false,1,
7290010154012,false,לימון כבוש יוחאי ביטון 250 גרם,נטו מלינדה סחר בעמ,,,"י""ח",250,ל  גרם,false,1,11.90,4.76,false,1,
7290010154029,false,אריסה מתוקה ביטון 250ג,נטו מלינדה סחר בעמ,,,"י""ח",250,ל  גרם,false,1,11.90,4.76,false,1,
7290010154036,false,עמבה ביטו 250 ג,נטו מלינדה סחר בעמ,,,"י""ח",250,ל  גרם,false,1,11.90,4.76,false,1,
7290010154050,false,ממרח שיפקה כבוש ביטון,נטו מלינדה סחר בעמ,,,"י""ח",250,ל  גרם,false,1,11.90,4.76,false,1,
7290010154241,false,חזרת ביתית 250 ג,נטו מלינדה סחר בעמ,,,"י""ח",250,ל  גרם,false,1,11.90,4.76,false,1,
7290010154265,false,פלפל צ ומה 250 גרם,נטו מלינדה סחר בעמ,,,"י""ח",250,ל  גרם,false,1,11.90,4.76,false,1,
7290010154555,false,ממרח לימון כבוש 235ג,נטו מלינדה סחר בעמ,,,"י""ח",235,ל  גרם,false,1,11.90,5.06,false,1,
7290010154678,false,אריסה ביתית 250 גר,נטו מלינדה סחר בעמ,,,"י""ח",250,ל  גרם,false,1,11.90,4.76,false,1,
7290010154685,false,שום כתוש 250ג,נטו מלינדה סחר בעמ,,,"י""ח",250,ל  גרם,false,1,11.90,4.76,false,1,
7290010163069,false,צנובר גדול 100 גרם,דין שיווק וקליה 2021 בעמ,,,"י""ח",100,ל  גרם,false,1,17,17,false,1,
7290010173037,false,יין גליל רוזה,היכל היין שקד גולן בעמ,,,"י""ח",750,"ל  מ""ל",false,1,33.30,4.40,true,1,
7290010173068,false,יין גליל קברנה סובניון,היכל היין שקד גולן בעמ,,,"י""ח",750,"ל  מ""ל",false,1,32.90,4.35,true,1,
7290010192120,false,צנונית ארוזה,ביכורי השדה צפון 1994 ג.ד. בעמ,,,"י""ח",1,,false,1,6.90,6.90,false,1,
7290010195268,false,פופ קורן טבעי למיקרוגל,דנשר (1963) בעמ,,,"י""ח",500,ל  גרם,false,1,11.80,2.36,true,1,
7290010234004,false,"סבון אינטימי 450 מ""ל",פנינה רוזנבלום בעמ,,,"י""ח",200,"ל  מ""ל",false,1,16.10,8.05,false,1,
7290010237548,false,"פפסי מקס 500 מ""ל",טמפו משקאות בעמ,,,"י""ח",500,"ל  מ""ל",false,1,3.40,0.62,true,1,
7290010237685,false,"היינקן בירה 330 מ""ל",טמפו משקאות בעמ,,,"י""ח",330,"ל  מ""ל",false,1,7.60,2.21,false,1,
7290010237784,false,"שנדי(מכבי)שישייה    לימון 330מ""ל.",טמפו משקאות בעמ,,,"י""ח",1.98,ליטר,false,1,30.70,14.75,true,1,
7290010237890,false,"הייניקן 500  מ""ל(חוזר{",טמפו משקאות בעמ,,,"י""ח",500,"ל  מ""ל",false,1,7.60,1.32,false,1,
7290010256310,false,שקיות להכנת קוביות קרח 12יח`,דין שיווק וקליה 2021 בעמ****,,,"י""ח",12,"י""ח",false,1,3,0.25,false,1,
7290010259007,false,בישקוטים וניל 200,ג.וילי פוד אינטרנשיונל בעמ,,,"י""ח",200,ל  גרם,false,1,5.90,2.95,false,1,
7290010259311,false,מי קוקוס 400 גרם]וויליפו,ג.וילי פוד אינטרנשיונל בעמ,,,"י""ח",400,ל  גרם,false,1,6.80,1.70,false,1,
7290010259359,false,נודלס אטריות ביצים 200 ג,ג.וילי פוד אינטרנשיונל בעמ,,,"י""ח",200,ל  גרם,false,1,4.20,2.10,false,1,
7290010259366,false,נודלס אטריות מסולסל 200 ג,ג.וילי פוד אינטרנשיונל בעמ,,,"י""ח",200,ל  גרם,false,1,4.20,2.10,false,1,
7290010259823,false,מנת  השף-מרק עם נודלס בטעם עוף,ג.וילי פוד אינטרנשיונל בעמ,,,"י""ח",70,ל  גרם,false,1,5,7.14,true,1,
7290010259830,false,מנת השף נודלס בטעם סיני-פיקנטי,ג.וילי פוד אינטרנשיונל בעמ,,,"י""ח",70,ל  גרם,false,1,5,7.14,true,1,
7290010259847,false,מנת השף נודלס בטעם תירס,ג.וילי פוד אינטרנשיונל בעמ,,,"י""ח",70,ל  גרם,false,1,5,7.14,true,1,
7290010259991,false,צנימים 250 גרם,ג.וילי פוד אינטרנשיונל בעמ,,,"י""ח",250,ל  גרם,false,1,5.90,2.36,true,1,
7290010328093,false,ממרח חלווה 400 גרם,אחדות בעמ,,,"י""ח",400,ל  גרם,false,1,9.20,2.30,false,1,
7290010328178,false,חלווה מסולסלת 250 גרם,אחדות בעמ,,,"י""ח",250,ל  גרם,false,1,8.40,3.36,false,1,
7290010328239,false,טחינה מתובלת 500 גרם,אחדות בעמ,,,"י""ח",500,ל  גרם,false,1,11.90,2.38,false,1,
7290010328246,false,טחינה  אחווה שומשום מלא 500 ג`,אחדות בעמ,,,"י""ח",500,ל  גרם,false,1,8.50,1.70,false,1,
7290010328253,false,טחינה גולמית אחווה 500גר,אחדות בעמ,,,"י""ח",500,ל  גרם,false,1,8.50,1.70,false,1,
7290010328468,false,חטיף מיני  חלבה  18יח,אחדות בעמ,,,"י""ח",18,"י""ח",false,1,7.50,0.42,false,1,
7290010328505,false,חטיף מיני  חלבה  ללא סוכר 12יח,אחדות בעמ,,,"י""ח",12,"י""ח",false,1,7.50,0.63,false,1,
7290010328680,false,עוגת אחוה שוקולד עם שוקוציפס 450ג,אחדות בעמ,,,"י""ח",450,ל  גרם,false,1,8.50,1.89,false,1,
7290010328710,false,"קצפיות במגש 180גר אחווה כשל""פ",אחדות בעמ,,,"י""ח",180,ל  גרם,false,1,9.20,5.11,false,1,
7290010328819,false,ממרח טחינה עם שוקולד ללא סוכר 400ג,אחדות בעמ,,,"י""ח",400,ל  גרם,false,1,8.50,2.13,false,1,
7290010329854,false,מיני קוקיס חמאה ללא סוכר,כרמית תעשיות ממתקים בעמ,,,"י""ח",700,ל  גרם,false,1,17.50,2.50,false,1,
7290010405503,false,צלופן 3  יח`70/100.,צבע ומכחול (2014) בעמ,,,"י""ח",1,,false,1,3.30,3.30,false,1,
7290010429684,false,"מארז 2 דבשים 350 ג כשל""פ.","שטראוס גרופ בע""מ",,,"י""ח",700,ל  גרם,false,1,30.60,4.37,true,1,
7290010471669,false,דנונה קראנצי יוגורט תות עם קורנפלקס,"שטראוס גרופ ***בע""מ",,,"י""ח",175,"ל  מ""ל",false,1,3.80,2.17,true,1,
7290010472307,false,גמדים לשתייה תות בננה 8,"שטראוס גרופ ***בע""מ",,,"י""ח",800,"ל  מ""ל",false,1,17,2.13,true,1,
7290010472390,false,"מארז שמינייה דני שוקולד רובין כשל""פ","שטראוס גרופ ***בע""מ",,,"י""ח",1,ליטר,false,1,14.30,14.30,true,1,
7290010513703,false,4079400330129צ`ופסטיקס צפצפה 20 יח,מזרח ומערב יבוא ושיווק,,,"י""ח",20,"י""ח",false,1,5.90,0.30,false,1,
7290010513727,false,פנקו פרורי לחם וומטרי 200גרם,מזרח ומערב יבוא ושיווק,,,"י""ח",200,ל  גרם,false,1,6.80,3.40,false,1,
7290010548514,false,דורות  תיבול לבישול איטלקי,קבוצת אוסם סחר-שות.מוגבלת,,,"י""ח",70,ל  גרם,false,1,8.50,12.14,false,1,
7290010558001,false,ממרח לימון,עוזי טעמים של בית,,,"י""ח",1,,false,1,14.40,14.40,false,1,
7290010558087,false,אריסה 200 גרם,עוזי טעמים של בית,,,"י""ח",1,,false,1,12.70,12.70,false,1,
7290010558599,false,ממרח שיפקה  200ג,עוזי טעמים של בית,,,"י""ח",1,"ק""ג",false,1,15.30,15.30,false,1,
7290010558650,false,פסטו בזיליקום ארוז 200 גרם,עוזי טעמים של בית,,,"י""ח",1,,false,1,18.70,18.70,false,1,
7290010558681,false,ממרח עגבניות 200ג,עוזי טעמים של בית,,,"י""ח",1,,false,1,18.70,18.70,false,1,
7290010558889,false,שום כתוש 200 גרם,עוזי טעמים של בית,,,"י""ח",200,ל  גרם,false,1,11.90,5.95,false,1,
7290010558896,false,אריסה מתוקה 200 גרם,עוזי טעמים של בית,,,"י""ח",1,,false,1,11.90,11.90,false,1,
7290010558902,false,אריסה חריפה מאוד עוזי 200 גרם,עוזי טעמים של בית,,,"י""ח",1,,false,1,12.70,12.70,false,1,
7290010609550,false,טרופי קש  20 יח בקופסא,דודו הדיל בעמ,,,"י""ח",20,"י""ח",false,1,21.30,1.07,false,1,
7290010609734,false,אייס לי שלוקים שמינייה..,דודו הדיל בעמ,,,"י""ח",8,"י""ח",false,1,5,0.63,true,1,
7290010609871,false,מארז טרופיקס 18 יח,דודו הדיל בעמ,,,"י""ח",40,"י""ח",false,1,15.30,0.38,false,1,
7290010613021,false,"ג`ל ניקוי אסלות בתוספת חטמץ 750מ""ל טאצ",סאסאטק אגשח בעמ,,,"י""ח",750,"ל  מ""ל",false,1,9.30,1.24,false,1,
7290010613038,false,רצפות מרוכז בניחוח מ.כביסה לבן 2ל טאצ,סאסאטק אגשח בעמ,,,"י""ח",2,ליטר,false,1,15.30,7.65,true,1,
7290010613045,false,רצפות מרוכז בניחוח מ.כביסה ורוד 2ל טאצ,סאסאטק אגשח בעמ,,,"י""ח",2,ליטר,false,1,15.30,7.65,true,1,
7290010613083,false,רצפות מרוכז בניחוח מ.כביסה צהוב 2ל טאצ,סאסאטק אגשח בעמ,,,"י""ח",2,ליטר,false,1,15.30,7.65,true,1,
7290010613106,false,רצפות מרוכז בניחוח מ.כביסה ירוק 2ל טאצ,סאסאטק אגשח בעמ,,,"י""ח",2,ליטר,false,1,15.30,7.65,true,1,
7290010613540,false,מטליות בדלי לנ.רצפות בנ.מלון בוטיק טאצ,סאסאטק אגשח בעמ,,,"י""ח",1,"י""ח",false,1,23.90,23.90,false,1,
7290010627004,false,טחינה ירושלים 500 גר,תה ויסוצקי (ישראל)בעמ,,,"י""ח",500,ל  גרם,false,1,14.40,2.88,true,1,
7290010627844,false,טחינה ירושלים 500 מלא,תה ויסוצקי (ישראל)בעמ,,,"י""ח",500,ל  גרם,false,1,14.40,2.88,true,1,
7290010632152,false,כרית יפנית שלישיה,אינטרסן (1996) בעמ,,,"י""ח",1,,false,1,4.20,4.20,true,1,
7290010632343,false,מברשת לבקבוק ופיטמה,אינטרסן (1996) בעמ,,,"י""ח",1,,false,1,20.30,20.30,true,1,
7290010632787,false,צמרוני אוזניים מעץ 300,אינטרסן (1996) בעמ,,,"י""ח",300,"י""ח",false,1,3,0.01,false,1,
7290010650019,false,אנדיב/עולש,ביכורי השדה צפון 1994 ג.ד. בעמ,,,"י""ח",1,,false,1,13.90,13.90,false,1,
7290010650026,false,ג`ינג`ר ארוז,ביכורי השדה צפון 1994 ג.ד. בעמ,,,"י""ח",1,,false,1,8.90,8.90,false,1,
7290010650828,false,פטריות שי-מג`י חום/לבן,ביכורי השדה צפון 1994 ג.ד. בעמ,,,"י""ח",150,ל  גרם,false,1,11.90,7.93,true,1,
7290010650996,false,פטריות שימג`י טרי,ביכורי השדה צפון 1994 ג.ד. בעמ,,,"י""ח",1,"י""ח",false,1,13.90,13.90,true,1,
7290010672868,false,מאפינס חמישיות שוקו ציפס,ג נרל מילס ישראל בעמ,,,"י""ח",250,ל  גרם,false,1,10.20,4.08,false,1,
7290010719013,false,"שמן זית אחיה מעולה 750מ""ל",ח.כהן סוכנות מזון ומשקאות בע,,,"י""ח",750,"ל  מ""ל",false,1,33.30,4.44,false,1,
7290010719051,false,"שמן זית אחיה 250מ""ל",ח.כהן סוכנות מזון ומשקאות בע,,,"י""ח",250,"ל  מ""ל",false,1,16.90,6.76,false,1,
7290010748860,false,אפקטיב קרם ידיים פישר,פישר תעשיות פרמבצטיות בעמ,,,"י""ח",150,"ל  מ""ל",false,1,14.40,9.60,true,1,
7290010748884,false,אפקטיב קרם גוף עור יבש,פישר תעשיות פרמבצטיות בעמ,,,"י""ח",700,"ל  מ""ל",false,1,25.60,3.66,true,1,
7290010757954,false,"זיווה 500ג  כשל""פ.",מאפיית אריאל,,,"י""ח",600,ל  גרם,false,1,19.60,3.27,false,1,
7290010766949,false,ממרח תחתיות ארטישוק,תה ויסוצקי (ישראל)בעמ,,,"י""ח",1,,false,1,11.90,11.90,true,1,
7290010791545,false,מעדן פטה כבד עוף,דיפלומט מפיצים (1968) בעמ**,,,"י""ח",85,ל  גרם,false,1,5,5.88,false,1,
7290010791576,false,מעדן דגי אוקיינוס,דיפלומט מפיצים (1968) בעמ**,,,"י""ח",85,ל  גרם,false,1,5,5.88,false,1,
7290010791583,false,מעדן דגי אוקינוס,דיפלומט מפיצים (1968) בעמ**,,,"י""ח",85,ל  גרם,false,1,5,5.88,false,1,
7290010791644,false,בונזו ג`וי מקלוני עוף פריכים 90גר,דיפלומט מפיצים (1968) בעמ**,,,"י""ח",90,ל  גרם,false,1,15.80,17.56,false,1,
7290010814244,false,שוקולד שלישיות מריר 3*85גר,כרמית תעשיות ממתקים בעמ,,,"י""ח",255,ל  גרם,false,1,10.20,4,true,1,
7290010814251,false,שוקולד שלישיות חלב 85*3 גרם,כרמית תעשיות ממתקים בעמ,,,"י""ח",300,ל  גרם,false,1,10.20,3.40,true,1,
7290010838219,false,מרמולייט  סטיביה 100שקיות,דנשר (1963) בעמ,,,"י""ח",100,"י""ח",false,1,22.10,0.22,false,1,
7290010839865,false,רכז רימונים 320 גר,ג.וילי פוד אינטרנשיונל בעמ,,,"י""ח",320,ל  גרם,false,1,9.30,2.91,false,1,
7290010849505,false,"יין למברוסקו די לואיג`י רוסו 750מ""ל",הכרם משקאות חריפים בעמ,,,"י""ח",750,"ל  מ""ל",false,1,21.30,2.80,false,1,
7290010883059,false,מברשת שיניים בוב ספוג חשמלית,החב הדרומית לשיווק,,,"י""ח",1,"י""ח",false,1,25.60,25.60,false,1,
7290010883356,false,כפפות אלוורה L,החב הדרומית לשיווק,,,"י""ח",1,,false,1,9.30,9.30,false,1,
7290010883363,false,כפפות אלוורה S,החב הדרומית לשיווק,,,"י""ח",1,,false,1,9.30,9.30,false,1,
7290010883370,false,כפפות אלוורה M,החב הדרומית לשיווק,,,"י""ח",1,,false,1,9.30,9.30,false,1,
7290010903924,false,"שניצל צמחי 750גר  בד""ץ",קפוא זן תעשיות מזון בעמ,,,"י""ח",750,ל  גרם,false,1,18.70,2.49,false,1,
7290010903931,false,"כוכבי תירס 750גר  בד""ץ",קפוא זן תעשיות מזון בעמ,,,"י""ח",750,ל  גרם,false,1,18.70,2.49,false,1,
7290010922956,false,סלמון מעושן 500ג  הרב אפרתי,בלדי בעמ,,,"י""ח",500,ל  גרם,false,1,65.70,13.14,false,1,
7290010931330,false,סלט מטבוחה 500 גרם אחלה,"שטראוס גרופ ***בע""מ",,,"י""ח",500,ל  גרם,false,1,11.90,2.38,true,1,
7290010945146,false,קוטג  3% מועשר טרה,*החברה המרכזית להפצת משקאותבעמ,,,"י""ח",250,ל  גרם,false,1,5,2,true,1,
7290010945450,false,גבינה לבנה 3% 250  ג*,*החברה המרכזית להפצת משקאותבעמ,,,"י""ח",250,ל  גרם,false,1,4.26,1.70,false,1,
7290010945481,false,גבינה לבנה 5% מהדרין 500  *,*החברה המרכזית להפצת משקאותבעמ,,,"י""ח",500,ל  גרם,false,1,8.52,1.70,true,1,
7290011015862,false,"סירופ דיאט לימונענע 750מ""ל",החברה המרכזית להפצת משקאות בעמ,,,"י""ח",750,"ל  מ""ל",false,1,20.20,2.69,false,1,
7290011015985,false,"סירופ דיאט אננס  750 מ""ל",החברה המרכזית להפצת משקאות בעמ,,,"י""ח",750,"ל  מ""ל",false,1,20.20,2.69,false,1,
7290011017866,false,פחית קוקה קולה סליק,החברה המרכזית להפצת משקאות בעמ,,,"י""ח",330,"ל  מ""ל",false,1,3.90,1.09,true,1,
7290011017873,false,פחית קוקה קולה זירו  סליק,החברה המרכזית להפצת משקאות בעמ,,,"י""ח",330,"ל  מ""ל",false,1,3.90,1.09,true,1,
7290011017880,false,פחית קוקה קולה דיאט  סליק,החברה המרכזית להפצת משקאות בעמ,,,"י""ח",330,"ל  מ""ל",false,1,3.90,1.09,true,1,
7290011018184,false,תה אפרסק 0.5 ליטר FUZE-T,החברה המרכזית להפצת משקאות בעמ,,,"י""ח",500,"ל  מ""ל",false,1,4.50,0.84,true,1,
7290011018443,false,פחית  פאנטה אורנג   סליק,החברה המרכזית להפצת משקאות בעמ,,,"י""ח",330,"ל  מ""ל",false,1,3.90,1.09,true,1,
7290011051440,false,שוופס מוגז עדין 0.5 ליטר,יפאורה שותפות מוגבלת לשיווק,,,"י""ח",500,"ל  מ""ל",false,1,5.60,1.06,false,1,
7290011065416,false,פלפל שחור מטחנה 60גר,א.ל.יצור ושיווקתבלינים בעמ,,,"י""ח",60,ל  גרם,false,1,15.30,25.50,false,1,
7290011065430,false,צ`ילי מטחנה 50גר,א.ל.יצור ושיווקתבלינים בעמ,,,"י""ח",50,ל  גרם,false,1,15.30,30.60,false,1,
7290011081492,false,קרמיסימו שלושה שוקולדים שטראוס,גלידות שטראוס בעמ,,,"י""ח",1.33,ליטר,false,1,16.20,12.18,false,1,
7290011081690,false,קרמיסימו פרווה מייפל,גלידות שטראוס בעמ,,,"י""ח",1.33,ליטר,false,1,16.20,12.18,false,1,
7290011113926,false,דאו טיטניום בלאק,החב הדרומית לשיווק,,,"י""ח",200,"ל  מ""ל",false,1,12.70,6.35,false,1,
7290011115166,false,תחליב רחצה נקה7 לבנדר 1 ליטר,החב הדרומית לשיווק,,,"י""ח",1,ליטר,false,1,11,11,false,1,
7290011115203,false,סבון רביעיה לילך,החב הדרומית לשיווק,,,"י""ח",400,ל  גרם,false,1,9.30,2.33,false,1,
7290011115258,false,סבון רביעיה לילך,החב הדרומית לשיווק,,,"י""ח",400,ל  גרם,false,1,9.30,2.33,false,1,
7290011115289,false,סבון רביעיה  נקה לילך,החב הדרומית לשיווק,,,"י""ח",400,ל  גרם,false,1,9.30,2.33,false,1,
7290011115401,false,נקה  -AROMA7סבון מוצק*4,החב הדרומית לשיווק,,,"י""ח",400,ל  גרם,false,1,9.30,2.33,false,1,
7290011126216,false,חליטת רוי בוש קלאסי,תה ויסוצקי (ישראל)בעמ,,,"י""ח",50,ל  גרם,false,1,20.90,41.80,false,1,
7290011126452,false,חליטת קמומיל ונענע גן קסום,תה ויסוצקי (ישראל)בעמ,,,"י""ח",37.50,ל  גרם,false,1,15.30,40.80,true,1,
7290011131395,false,"מיזלי 1 ק""ג פירות",מ.סידס ובנו בעמ,,,"י""ח",1,"ק""ג",false,1,23.90,23.90,false,1,
7290011132309,false,"גולדסטאר 330מ""ל שישייה Black roast",טמפו משקאות בעמ,,,"י""ח",1980,"ל  מ""ל",false,1,30.70,1.47,true,1,
7290011133368,false,"שנדי(מכבי) שישיות טעם תפוח 330מ""ל",טמפו משקאות בעמ,,,"י""ח",1.98,ליטר,false,1,30.70,14.75,true,1,
7290011133375,false,"שנדי(מכבי)שישיות טעם אפרסק 330מ""ל",טמפו משקאות בעמ,,,"י""ח",330,"ל  מ""ל",false,1,30.70,8.85,true,1,
7290011133634,false,"פפסי מקס שישייה פחיות 330מ""ל",טמפו משקאות בעמ,,,"י""ח",1.98,ליטר,false,1,17,7.83,true,1,
7290011174163,false,תירס  ואקום}פריגליל{,ויטה- פרי גליל (החדשה) בעמ,,,"י""ח",450,ל  גרם,false,1,6.80,1.51,true,1,
7290011174187,false,"אפונה A2 בד""ץ",ויטה- פרי גליל (החדשה) בעמ,,,"י""ח",550,ל  גרם,false,1,6.80,1.24,true,1,
7290011174194,false,"אפונה וגזר A2 בד""ץ",ויטה- פרי גליל (החדשה) בעמ,,,"י""ח",550,ל  גרם,false,1,6.80,1.24,true,1,
7290011194215,false,דניאלה בננה,"שטראוס גרופ ***בע""מ",,,"י""ח",150,"ל  מ""ל",false,1,3.30,2.20,true,1,
7290011194246,false,קוטג  5% עם סידן שטראוס,"שטראוס גרופ ***בע""מ",,,"י""ח",250,ל  גרם,false,1,5,2,true,1,
7290011223038,false,עלים לקרמשניט 300 גרם,דנשר (1963) בעמ,,,"י""ח",400,ל  גרם,false,1,12.20,3.05,false,1,
7290011223205,false,ריבת חלב 454 גרם (דנשר),דנשר (1963) בעמ,,,"י""ח",454,ל  גרם,false,1,13.80,3.04,false,1,
7290011239213,false,חטיפים מתוקים 100גר,סוכניות עמוס ממתקים בעמ,,,"י""ח",1,,false,1,5.90,5.90,false,1,
7290011239237,false,חטיף אגוזים ישראלי 250גר,סוכניות עמוס ממתקים בעמ,,,"י""ח",250,ל  גרם,false,1,18.70,7.48,false,1,
7290011239336,false,חלבה ארוז ללא תוספת סוכר 400גר,סוכניות עמוס ממתקים בעמ,,,"י""ח",400,ל  גרם,false,1,21.30,5.33,false,1,
7290011239343,false,חלבה ארוז  400גר,סוכניות עמוס ממתקים בעמ,,,"י""ח",400,ל  גרם,false,1,21.30,5.33,false,1,
7290011239404,false,חטיפים מתוקים טעמים שונים 330גר,סוכניות עמוס ממתקים בעמ,,,"י""ח",330,ל  גרם,false,1,17,5.15,false,1,
7290011239596,false,בקלאווה  600גר,סוכניות עמוס ממתקים בעמ,,,"י""ח",600,ל  גרם,false,1,38.40,6.40,false,1,
7290011239657,false,רחת לוקום 500גר,סוכניות עמוס ממתקים בעמ,,,"י""ח",500,ל  גרם,false,1,17,3.40,false,1,
7290011249212,false,ופל בטעם לימון 200ג,ח.כהן סוכנות מזון ומשקאות בע,,,"י""ח",200,ל  גרם,false,1,3.30,1.65,true,1,
7290011249748,false,רולים שוקולד  100גרם גילרו,ח.כהן סוכנות מזון ומשקאות בע,,,"י""ח",100,ל  גרם,false,1,3.30,3.30,false,1,
7290011249755,false,רולים אגוזים  100גרם גילרו,ח.כהן סוכנות מזון ומשקאות בע,,,"י""ח",100,ל  גרם,false,1,3.30,3.30,false,1,
7290011254018,false,שעועית מש 500 גרם,מיה תעשיות מזון מ.ת.מ בעמ,,,"י""ח",500,ל  גרם,false,1,5.90,1.18,false,1,
7290011254070,false,פלפל שחור בשקית,מיה תעשיות מזון מ.ת.מ בעמ,,,"י""ח",80,ל  גרם,false,1,8,10,false,1,
7290011254100,false,כורכום 80גרם בשקית,מיה תעשיות מזון מ.ת.מ בעמ,,,"י""ח",80,ל  גרם,false,1,4.30,5.38,false,1,
7290011254117,false,פפריקה מתוקה 80גרם,מיה תעשיות מזון מ.ת.מ בעמ,,,"י""ח",80,ל  גרם,false,1,3.20,4,false,1,
7290011254124,false,פפריקה חריפה 80גרם,מיה תעשיות מזון מ.ת.מ בעמ,,,"י""ח",80,ל  גרם,false,1,3.70,4.63,false,1,
7290011254148,false,אבקת שום 80גרם,מיה תעשיות מזון מ.ת.מ בעמ,,,"י""ח",80,ל  גרם,false,1,6.80,8.50,false,1,
7290011254179,false,גריל עוף שקית חדש,מיה תעשיות מזון מ.ת.מ בעמ,,,"י""ח",80,ל  גרם,false,1,3.50,4.38,false,1,
7290011254209,false,גבישי שום 80גרם,מיה תעשיות מזון מ.ת.מ בעמ,,,"י""ח",80,ל  גרם,false,1,6.80,8.50,false,1,
7290011254254,false,"שוקולד צ יפס 300 ג  בד""צ מיה",מיה תעשיות מזון מ.ת.מ בעמ,,,"י""ח",300,ל  גרם,false,1,8.50,2.83,false,1,
7290011254452,false,סוכריות ללא סוכר מנטה,מיה תעשיות מזון מ.ת.מ בעמ,,,"י""ח",1,,false,1,5.60,5.60,false,1,
7290011254759,false,שעועית שחורה 500גר`,מיה תעשיות מזון מ.ת.מ בעמ,,,"י""ח",500,ל  גרם,false,1,6.50,1.30,false,1,
7290011276485,false,חסה עגולה,ביכורי השדה צפון 1994 ג.ד. בעמ,,,"י""ח",1,,false,1,6.90,6.90,false,1,
7290011276645,false,כוסברה מהדרין,ביכורי השדה צפון 1994 ג.ד. בעמ,,,"י""ח",1,,false,1,6.90,6.90,true,1,
7290011332983,false,קמיל בלו מגבונאף שלישיה,פישר תעשיות פרמבצטיות בעמ,,,"י""ח",3,"י""ח",false,1,21.30,7.10,true,1,
7290011435226,false,דבש  לחיץ 650גר` יד מרדכי,"שטראוס גרופ בע""מ",,,"י""ח",650,ל  גרם,false,1,29,4.46,true,1,
7290011438142,false,"משקה חלב טעם קפה 350 מ""ל","שטראוס גרופ ***בע""מ",,,"י""ח",350,"ל  מ""ל",false,1,5.60,1.60,true,1,
7290011447267,false,מטרנה פרמיום א.חיסכון שלב 1,קבוצת אוסם סחר-שות.מוגבלת,,,"י""ח",700,ל  גרם,false,1,42.70,6.10,false,1,
7290011447281,false,מטרנה פרימיום א.חסכון שלב 2,קבוצת אוסם סחר-שות.מוגבלת,,,"י""ח",700,ל  גרם,false,1,42.70,6.10,false,1,
7290011447304,false,מטרנה פרימיום א.חסכוןשלב 3,קבוצת אוסם סחר-שות.מוגבלת,,,"י""ח",700,ל  גרם,false,1,42.70,6.10,false,1,
7290011447373,false,מטרנה מהדרין חיסכון} {2,קבוצת אוסם סחר-שות.מוגבלת,,,"י""ח",700,ל  גרם,false,1,42.70,6.10,false,1,
7290011447748,false,סופר CAT דגי אוקיאנוס,דיפלומט מפיצים (1968) בעמ**,,,"י""ח",3,"ק""ג",false,1,38.10,12.70,false,1,
7290011447908,false,סופר CAT עוף וכבד,דיפלומט מפיצים (1968) בעמ**,,,"י""ח",3,"ק""ג",false,1,38.10,12.70,false,1,
7290011461058,false,גומא ריחני במבוק,מוסקו בעמ,,,"י""ח",1,,false,1,17,17,false,1,
7290011473051,false,קוואקר עבה  אורגני 500ג,גורי מוצרי צריכה בעמ,,,"י""ח",500,"ל  מ""ל",false,1,11,2.20,false,1,
7290011473617,false,צייה 300ג טיב הטבע,גורי מוצרי צריכה בעמ,,,"י""ח",300,ל  גרם,false,1,16.20,5.40,false,1,
7290011488062,false,בצלצלי שאלוט 350גר,ביכורי השדה צפון 1994 ג.ד. בעמ,,,"י""ח",350,ל  גרם,false,1,13.90,3.97,false,1,
7290011489076,false,עוגיות סנדוויץ מותג וניל,דין שיווק וקליה 2021 בעמ****,,,"י""ח",150,ל  גרם,false,1,2.90,1.93,false,1,
7290011489595,false,קרקר טופז שומשום 110גר הדר,ח.כהן סוכנות מזון ומשקאות בע,,,"י""ח",110,ל  גרם,false,1,2.50,2.27,true,1,
7290011499051,false,פטה כבשים 250 גרם,מחלבות גד,,,"י""ח",250,ל  גרם,false,1,21.30,8.52,false,1,
7290011499105,false,בולגרית 5% 250 גרם,מחלבות גד,,,"י""ח",250,ל  גרם,false,1,18.70,7.48,false,1,
7290011499112,false,בולגרית 16% 250 גרם,מחלבות גד,,,"י""ח",250,"ס""מ",false,1,18.70,7.48,false,1,
7290011499129,false,בולגרית  קוביות מעודנת 5% 200 ג,מחלבות גד,,,"י""ח",200,ל  גרם,false,1,17,8.50,false,1,
7290011499303,false,בולגרית מעודנת עיזים 5% 250 ג,מחלבות גד,,,"י""ח",250,ל  גרם,false,1,25.60,10.24,false,1,
7290011499327,false,בולגרית מעודנת חלב בקר 5%,מחלבות גד,,,"י""ח",250,ל  גרם,false,1,18.70,7.48,false,1,
7290011499341,false,קשקבלו 200 גרם  %26גד,מחלבות גד,,,"י""ח",200,ל  גרם,false,1,22.10,11.05,false,1,
7290011499358,false,פטה עיזים  200גר}גד{,מחלבות גד,,,"י""ח",200,ל  גרם,false,1,21.30,10.65,false,1,
7290011499365,false,חלומי גד 200גר.,מחלבות גד,,,"י""ח",200,ל  גרם,false,1,17,8.50,false,1,
7290011499419,false,קרם שמנת ניו יורק  5%  בטעם טבעי 200גר`,מחלבות גד,,,"י""ח",200,ל  גרם,false,1,10.10,5.05,false,1,
7290011499624,false,גבינת שמנת 30% בטעם טבעי ניו יורק,מחלבות גד,,,"י""ח",200,ל  גרם,false,1,10.90,5.45,false,1,
7290011499853,false,גבינת שמנת 30% זיתים 200ג,מחלבות גד,,,"י""ח",200,ל  גרם,false,1,10.90,5.45,false,1,
7290011505806,false,קיסמי שיניים דנטאליים 200 יח`,אינטרסן (1996) בעמ,,,"י""ח",200,"י""ח",false,1,6.80,0.03,false,1,
7290011515683,false,מאגדת אקסטרים וניל X 6,נגה גלידות,,,"י""ח",1,,false,1,29.80,29.80,false,1,
7290011518561,false,אקטימל מארז משפ  14יח   תות,"שטראוס גרופ ***בע""מ",,,"י""ח",1.40,ליטר,false,1,25.60,18.29,true,1,
7290011525712,false,קמיל בלו סנסטיב אל סבון,פישר תעשיות פרמבצטיות בעמ,,,"י""ח",1,ליטר,false,1,28.10,28.10,true,1,
7290011525729,false,קמיל בלו סנסטיב שמפו 1 ל,פישר תעשיות פרמבצטיות בעמ,,,"י""ח",1,ליטר,false,1,28.10,28.10,true,1,
7290011530464,false,"פול סויה אדממה 1ק""ג",בלדי בעמ,,,"י""ח",1,"ק""ג",false,1,14.40,14.40,false,1,
7290011575007,false,הפי לאמבט ולמקלחון,יעקב יעקבי ובניו בעמ,,,"י""ח",750,"ל  מ""ל",false,1,18.60,2.48,false,1,
7290011593087,false,"שמן זית סבא חביב  750מ""ל",בני פאוזי שמשום (2009) בעמ,,,"י""ח",750,"ל  מ""ל",false,1,25.60,3.41,true,1,
7290011593117,false,זית סורי ירוק מבוקע 800גרם,בני פאוזי שמשום (2009) בעמ,,,"י""ח",800,ל  גרם,false,1,17,2.13,false,1,
7290011598211,false,אנטי קאלק כללי 4ב1,החב הדרומית לשיווק,,,"י""ח",700,"ל  מ""ל",false,1,16.20,2.31,false,1,
7290011598365,false,סנו סושי מטליות מקרופייבר מקצועיות 4 יח,החב הדרומית לשיווק,,,"י""ח",1,,false,1,11.90,11.90,false,1,
7290011598402,false,מרכך כביסה מקסימה מאסק  4 ל,החב הדרומית לשיווק,,,"י""ח",4,ליטר,false,1,18.70,4.68,false,1,
7290011607180,false,"קולון 1.250 ק""ג",רקיט בנקיזר (ניר איסט) בעמ,,,"י""ח",1.25,"ק""ג",false,1,12.70,10.16,false,1,
7290011607197,false,"קולון 101- 5 ק""ג",רקיט בנקיזר (ניר איסט) בעמ,,,"י""ח",5,"ק""ג",false,1,34.10,6.82,false,1,
7290011615260,false,טורטיות 540 גרם וויליפוד,ג.וילי פוד אינטרנשיונל בעמ,,,"י""ח",540,ל  גרם,false,1,9.30,1.72,true,1,
7290011615406,false,בולגריה בקוביות בשמן ותבלינים 325גר`,ג.וילי פוד אינטרנשיונל בעמ,,,"י""ח",325,ל  גרם,false,1,15.30,4.71,false,1,
7290011668143,false,מסיכה משקמת.,פנינה רוזנבלום בעמ,,,"י""ח",1,"ק""ג",false,1,25.30,25.30,false,1,
7290011668433,false,שמפו שיאה לשיער צבוע  פנינה,פנינה רוזנבלום בעמ,,,"י""ח",750,"ל  מ""ל",false,1,10.90,1.45,true,1,
7290011668457,false,שמפו שמן זית לשיער גליל פנינה,פנינה רוזנבלום בעמ,,,"י""ח",750,"ל  מ""ל",false,1,10.90,1.45,true,1,
7290011765392,false,"שמפו בוב ספוג  750מ""ל",החב הדרומית לשיווק,,,"י""ח",750,"ל  מ""ל",false,1,9.30,1.24,false,1,
7290011765422,false,בוב ספוג אל סבון,החב הדרומית לשיווק,,,"י""ח",750,"ל  מ""ל",false,1,9.30,1.24,false,1,
7290011800840,false,טחינה לבנה 400גר`,קבוצת אוסם סחר-שות.מוגבלת,,,"י""ח",400,ל  גרם,false,1,13.60,3.40,true,1,
7290011860271,false,תפוגן ביסבול טבעי 700 ג,קבוצת אוסם סחר-שות.מוגבלת,,,"י""ח",700,ל  גרם,false,1,13.60,1.94,false,1,
7290011877101,false,סנו מוד בריח מסק,החב הדרומית לשיווק,,,"י""ח",150,"ל  מ""ל",false,1,8.50,5.67,false,1,
7290011877156,false,סנפרש ענק מאסק,החב הדרומית לשיווק,,,"י""ח",375,"ל  מ""ל",false,1,8.40,2.24,false,1,
7290011877859,false,סנו אינסטלטור בקבוקון,החב הדרומית לשיווק,,,"י""ח",200,"ל  מ""ל",false,1,11.90,5.95,false,1,
7290011877866,false,"סנו מקסימה מאסק 6 ק""ג",החב הדרומית לשיווק,,,"י""ח",6,"ק""ג",false,1,38.40,6.40,false,1,
7290011912642,false,"ליסטרין טאגד  500 מ""ל",שקד תבל בעמ,,,"י""ח",500,"ל  מ""ל",false,1,15.30,3.06,true,1,
7290011947521,false,שמן זית  זיתא כתית מעולה טעם מודגש 750,תה ויסוצקי (ישראל)בעמ,,,"י""ח",750,"ל  מ""ל",false,1,32.40,4.32,true,1,
7290011947767,false,שמן זית זיתא  קורנייקי כתית.מעולה 750,תה ויסוצקי (ישראל)בעמ,,,"י""ח",750,"ל  מ""ל",false,1,31.50,4.20,false,1,
7290011947866,false,מיקס זיתים בפח 440ג,תה ויסוצקי (ישראל)בעמ,,,"י""ח",440,ל  גרם,false,1,15.30,3.48,true,1,
7290011947873,false,זית קלמטה  בפח 440ג,תה ויסוצקי (ישראל)בעמ,,,"י""ח",440,ל  גרם,false,1,15.30,3.48,true,1,
7290012001994,false,חרדל דיג`ון גרעינים 370  גר`דיפלומט,דיפלומט מפיצים (1968) בעמ**,,,"י""ח",370,ל  גרם,false,1,10.10,2.73,false,1,
7290012025822,false,סלק  400 ג אסלי,סלטי שמיר2006בעמ,,,"י""ח",400,ל  גרם,false,1,8.50,2.13,true,1,
7290012025839,false,מטבוחה 400 ג אסלי,סלטי שמיר2006בעמ,,,"י""ח",400,ל  גרם,false,1,9.30,2.33,true,1,
7290012052187,false,גרנולה אגוזים זרעים חלבה תמרים  350גר,כרמית תעשיות ממתקים בעמ,,,"י""ח",350,ל  גרם,false,1,14.40,4.11,false,1,
7290012116537,false,"#א.כביסה מקסימה מאסק 2.5 ק""ג",החב הדרומית לשיווק,,,"י""ח",2.50,"ק""ג",false,1,22.10,8.84,false,1,
7290012116551,false,אנטי קאלק  4ב 1   2 ליטר,החב הדרומית לשיווק,,,"י""ח",2,ליטר,false,1,17.90,8.95,false,1,
7290012116612,false,אורביטול מברשות שיניים רביעיות,החב הדרומית לשיווק,,,"י""ח",1,,false,1,8.50,8.50,false,1,
7290012116681,false,ק. מן  דאו`ג`ל קלאם 75,החב הדרומית לשיווק,,,"י""ח",7500,"ל  מ""ל",false,1,11.90,0.16,false,1,
7290012117091,false,"סנו מקסימה סנסיטיב 6 ק""ג",החב הדרומית לשיווק,,,"י""ח",6,קוב,false,1,38.40,6.40,false,1,
7290012117411,false,"גיל רחצה קרמה מן במבוק 700 מ""ל",החב הדרומית לשיווק,,,"י""ח",700,"ל  מ""ל",false,1,12.70,1.81,false,1,
7290012117428,false,שמפו וגיל רחצה  קרמה מן  2 ב -1 700מיי,החב הדרומית לשיווק,,,"י""ח",700,"ל  מ""ל",false,1,12.70,1.81,false,1,
7290012117435,false,"גיל רחצה אלוורה 700 מ""ל",החב הדרומית לשיווק,,,"י""ח",700,"ל  מ""ל",false,1,12.70,1.81,false,1,
7290012117534,false,.מרכך מקסימה סופר מרוכז COOL 1 ליטר,החב הדרומית לשיווק,,,"י""ח",1,ליטר,false,1,15,15,false,1,
7290012117541,false,מרכך מקסימה סופר מרוכז ZEN 1ליטר,החב הדרומית לשיווק,,,"י""ח",1,ליטר,false,1,15,15,false,1,
7290012117558,false,מרכך מקסימה סופר מרוכז מאסק 1 ליטר,החב הדרומית לשיווק,,,"י""ח",1,ליטר,false,1,15,15,false,1,
7290012117732,false,מקסימה מרכך 4 ליטר שחור,החב הדרומית לשיווק,,,"י""ח",4,ליטר,false,1,18.70,4.68,false,1,
7290012117916,false,סנו אינסטלטור נוזלי 1 ליטר,החב הדרומית לשיווק,,,"י""ח",1,ליטר,false,1,23,23,false,1,
7290012139482,false,בונזו גוי עצם מעושנת עור עוף 160ג,דיפלומט מפיצים (1968) בעמ**,,,"י""ח",3,"ק""ג",false,1,15.80,5.27,false,1,
7290012139499,false,בונזו גוי עצם מעושנת עור עוף 165ג,דיפלומט מפיצים (1968) בעמ**,,,"י""ח",3,"ק""ג",false,1,15.80,5.27,false,1,
7290012139567,false,בונזו גוי ביסקוויט 90גרם,דיפלומט מפיצים (1968) בעמ**,,,"י""ח",3,"ק""ג",false,1,14.40,4.80,false,1,
7290012159275,false,מיונז אמיתי LINA 430גר,יורוסטנדרט בעמ,,,"י""ח",430,ל  גרם,false,1,8.40,1.95,false,1,
7290012159411,false,לבבות דקל חתוך 400גר`,יורוסטנדרט בעמ,,,"י""ח",400,ל  גרם,false,1,6.70,1.68,false,1,
7290012226021,false,סלמי מעושן פראג 400 ג`,זוגלובק שיווק בעמ,,,"י""ח",400,ל  גרם,false,1,17,4.25,true,1,
7290012226120,false,קבנוס 135 ג`,זוגלובק שיווק בעמ,,,"י""ח",135,ל  גרם,false,1,9.30,6.89,true,1,
7290012226816,false,שניצל דק דק מן הצומח עשיר בחלבון 480גר,זוגלובק שיווק בעמ,,,"י""ח",480,ל  גרם,false,1,23.90,4.98,true,1,
7290012226922,false,קבנוס טעם שום 135גרם,זוגלובק שיווק בעמ,,,"י""ח",135,ל  גרם,false,1,9.30,6.89,true,1,
7290012226939,false,קבנוס טעם צ`ילי 135גרם,זוגלובק שיווק בעמ,,,"י""ח",135,ל  גרם,false,1,9.30,6.89,true,1,
7290012226991,false,"נקניקיות ג`מבו 1.5 ק""ג",זוגלובק שיווק בעמ,,,"י""ח",1.50,"י""ח",false,1,24.70,16.47,true,1,
7290012227172,false,מארז פסטרמה כפרית חרמון 300גר+300גר,זוגלובק שיווק בעמ,,,"י""ח",600,ל  גרם,false,1,27,4.50,true,1,
7290012227622,false,חרמון כפרית דבש 400גר מחפוד,זוגלובק שיווק בעמ,,,"י""ח",400,ל  גרם,false,1,18.60,4.65,true,1,
7290012227769,false,פסטרמה ברביקיו 400גר מחפוד,זוגלובק שיווק בעמ,,,"י""ח",400,ל  גרם,false,1,17.70,4.43,true,1,
7290012227776,false,פסטרמה הודו 400גר מחפוד,זוגלובק שיווק בעמ,,,"י""ח",400,ל  גרם,false,1,17.70,4.43,true,1,
7290012227783,false,תה מעושן 400גר מחפוד,זוגלובק שיווק בעמ,,,"י""ח",400,ל  גרם,false,1,17.70,4.43,true,1,
7290012227974,false,פסטרמה בדבש  120גר`,זוגלובק שיווק בעמ,,,"י""ח",120,ל  גרם,false,1,11.90,9.92,true,1,
7290012227981,false,פסטרמה ברביקיו 120גר`,זוגלובק שיווק בעמ,,,"י""ח",120,ל  גרם,false,1,11.90,9.92,true,1,
7290012227998,false,חזה בקר 120גר`,זוגלובק שיווק בעמ,,,"י""ח",120,ל  גרם,false,1,11.90,9.92,true,1,
7290012228407,false,נקניקיות ג`מבו מחפוד 1.5 ק``ג,זוגלובק שיווק בעמ,,,"י""ח",1.50,"ק""ג",false,1,29.80,19.87,true,1,
7290012228766,false,קבנוס מחפוד 120 גר,זוגלובק שיווק בעמ,,,"י""ח",120,ל  גרם,false,1,9.30,7.75,false,1,
7290012228971,false,סלמי תה פפרוני 180 גרם.,זוגלובק שיווק בעמ,,,"י""ח",180,ל  גרם,false,1,12.70,7.06,false,1,
7290012228988,false,חרמון הודו ועוף בדבש 200גר.,זוגלובק שיווק בעמ,,,"י""ח",180,ל  גרם,false,1,12.70,7.06,false,1,
7290012228995,false,חרמון הודו ועוף ברבקיו 200גר.,זוגלובק שיווק בעמ,,,"י""ח",180,ל  גרם,false,1,12.70,7.06,false,1,
7290012245176,false,וופל ציפס קריספי קפוא 700ג,קפוא זן תעשיות מזון בעמ,,,"י""ח",700,ל  גרם,false,1,13.60,1.94,false,1,
7290012245183,false,קריספי קלאסי 10*10 קפוא 700ג,קפוא זן תעשיות מזון בעמ,,,"י""ח",700,ל  גרם,false,1,12.70,1.81,false,1,
7290012245275,false,גולד צ`יפס בטטה קריספי,קפוא זן תעשיות מזון בעמ,,,"י""ח",1,"י""ח",false,1,23.90,23.90,false,1,
7290012245312,false,"גולד ציפס אמריקאי 1.5ק""ג",קפוא זן תעשיות מזון בעמ,,,"י""ח",1.50,"ק""ג",false,1,18.70,12.47,true,1,
7290012245336,false,"גולד סטייק ציפס  1.5ק""ג",קפוא זן תעשיות מזון בעמ,,,"י""ח",1.50,"ק""ג",false,1,18.70,12.47,true,1,
7290012295973,false,עלי רוקולה פרמיום 100ג שמיטה,ביכורי השדה צפון 1994 ג.ד. בעמ,,,"י""ח",1,,false,1,9.90,9.90,false,1,
7290012309311,false,ערמונים 100גר ששון הקולה,דין שיווק וקליה 2021 בעמ,,,"י""ח",1,,false,1,5.10,5.10,false,1,
7290012309939,false,חלבה מסולסלת 500 גר`ששון הקולה,דין שיווק וקליה 2021 בעמ,,,"י""ח",1,,false,1,14.40,14.40,false,1,
7290012313073,false,מיקס זיתים מגולענים 2 A יבנה.,קבוצת יבנה מוצרי מזון בעמ,,,"י""ח",1,,false,1,10.20,10.20,false,1,
7290012313141,false,פרוסות מלפפונים במלח  יבנה,קבוצת יבנה מוצרי מזון בעמ,,,"י""ח",540,ל  גרם,false,1,5.60,1.04,false,1,
7290012313394,false,קוביות מלפפון  A2 קבוצת יבנה,קבוצת יבנה מוצרי מזון בעמ,,,"י""ח",100,ל  גרם,false,1,5.30,5.30,false,1,
7290012313547,false,זיתים שחורים קלמנטה,קבוצת יבנה מוצרי מזון בעמ,,,"י""ח",560,ל  גרם,false,1,8.50,1.52,false,1,
7290012367700,false,"קרם גוף ד""ר פישר אפקטיב קר 700מ""ל",פישר תעשיות פרמבצטיות בעמ,,,"י""ח",700,"ל  מ""ל",false,1,25.60,3.66,true,1,
7290012404955,false,ספרינג נקטר חמוציות 1.25,יפאורה שותפות מוגבלת לשיווק,,,"י""ח",1.25,ליטר,false,1,11.10,8.64,true,1,
7290012404993,false,ספרינג נקטר דיאט חמוציות 1.25,יפאורה שותפות מוגבלת לשיווק,,,"י""ח",1.25,ליטר,false,1,11.10,8.64,true,1,
7290012413643,false,תה ירוק קמומיל,תה ויסוצקי (ישראל)בעמ,,,"י""ח",37.50,ל  גרם,false,1,21.30,56.80,true,1,
7290012454202,false,סוכריות ללא סוכר טעם ריבת חלב,מיה תעשיות מזון מ.ת.מ בעמ,,,"י""ח",1,,false,1,5.60,5.60,false,1,
7290012522581,false,שניצל תירס ללא גלוטן טבעול 664גרם,קבוצת אוסם סחר-שות.מוגבלת,,,"י""ח",664,ל  גרם,false,1,32.40,4.88,true,1,
7290012525452,false,אקסטרים שוקו וניל,נגה גלידות,,,"י""ח",1,,false,1,7.60,7.60,true,1,
7290012561405,false,בצל חצי מטוגן,קבוצת אוסם סחר-שות.מוגבלת,,,"י""ח",180,ל  גרם,false,1,10.20,5.67,false,1,
7290012576607,false,יין פרימייר אדום קברנה סוביניון/מלבק,טמפו משקאות בעמ,,,"י""ח",750,"ל  מ""ל",false,1,21.45,2.82,false,1,
7290012576614,false,יין פרימייר לבן ריזלינג קולומברד,טמפו משקאות בעמ,,,"י""ח",750,"ל  מ""ל",false,1,21.45,2.82,false,1,
7290012588242,false,"מים מינרלים 500מ""ל 1/6 כדורגל",טמפו משקאות בעמ,,,"י""ח",1.98,ליטר,false,1,11,4.80,true,1,
7290012588907,false,"איילנד גויאבה 300מ""ל",טמפו משקאות בעמ,,,"י""ח",350,"ל  מ""ל",false,1,4.70,1.26,false,1,
7290012588914,false,"איילנד מנגו 300מ""ל",טמפו משקאות בעמ,,,"י""ח",350,"ל  מ""ל",false,1,4.70,1.26,false,1,
7290012645020,false,"יוגורט  עיזים טבעי  500מ""ל","שטראוס גרופ ***בע""מ",,,"י""ח",500,"ל  מ""ל",false,1,8.60,1.72,true,1,
7290012645112,false,"יוגורט  עיזים 750מ""ל בדלי","שטראוס גרופ ***בע""מ",,,"י""ח",750,"ל  מ""ל",false,1,15.30,2.04,true,1,
7290012645129,false,"יוגורט  כבשים 750מ""ל בדלי","שטראוס גרופ ***בע""מ",,,"י""ח",750,"ל  מ""ל",false,1,15.30,2.04,true,1,
7290012645297,false,"יוגורט  עיזים טבעי  150מ""ל","שטראוס גרופ ***בע""מ",,,"י""ח",150,"ל  מ""ל",false,1,5,3.33,true,1,
7290012645389,false,יוגורט עיזים  טבעי 1ל בקבוק,"שטראוס גרופ ***בע""מ",,,"י""ח",1,ליטר,false,1,18.70,18.70,true,1,
7290012696831,false,שקיות אוכל בגליל 200 יח,דין שיווק וקליה 2021 בעמ****,,,"י""ח",200,"י""ח",false,1,6.80,0.03,true,1,
7290012697081,false,סוכרזית מהטבע סטיוויה 100שקיות 100גרם,"שטראוס גרופ בע""מ",,,"י""ח",100,ל  גרם,false,1,22.70,22.70,true,1,
7290012697241,false,"סוכרזית מהטבע סטיוויה נוזלי 220מ""ל","שטראוס גרופ בע""מ",,,"י""ח",220,"ל  מ""ל",false,1,23.90,10.86,true,1,
7290012803055,false,סוכרלוז 100 שקיות אישיות,דנשר (1963) בעמ,,,"י""ח",100,ל  גרם,false,1,16.90,16.90,false,1,
7290012803215,false,וופל בלגי טעם שוקולד 200גרם,דנשר (1963) בעמ,,,"י""ח",200,ל  גרם,false,1,8.90,4.45,false,1,
7290012803352,false,רייד אקסטרה קוטל מעופפים,דנשר (1963) בעמ,,,"י""ח",400,"ל  מ""ל",false,1,12.70,3.18,false,1,
7290012803451,false,טבלאות שוקולד טוסו מריר מעולה 62%  100,דנשר (1963) בעמ,,,"י""ח",100,ל  גרם,false,1,7.60,7.60,false,1,
7290012803765,false,טבלאות שוקולד טוסו  מר`שוקולד מריר 100ג,דנשר (1963) בעמ,,,"י""ח",100,ל  גרם,false,1,7.60,7.60,false,1,
7290012803772,false,טבלאות שוקולד טוסו  מר`שוקולד חלב 100ג,דנשר (1963) בעמ,,,"י""ח",100,ל  גרם,false,1,7.60,7.60,false,1,
7290012823381,false,מרכך כביסה מקסימה 1 ליטר מרוכז,החב הדרומית לשיווק,,,"י""ח",1,ליטר,false,1,15,15,false,1,
7290012823398,false,מטליות לחות לריצפה ריצפז 10 יחידות,החב הדרומית לשיווק,,,"י""ח",1,,false,1,11,11,false,1,
7290012823541,false,מטליות לחות לריצפה ריצפז 10 יחידות,החב הדרומית לשיווק,,,"י""ח",1,,false,1,11,11,false,1,
7290012823602,false,נייר טואלט סופט לבן 32 גלילים,החב הדרומית לשיווק,,,"י""ח",32,"י""ח",false,1,30.70,0.96,true,1,
7290012838026,false,עוגיות מלוחות עבודת יד 350גר,הלל בן הלל שיווק ומסחר בעמ,,,"י""ח",350,ל  גרם,false,1,13.60,3.89,false,1,
7290012864001,false,נבטי חמניה.,ביכורי השדה צפון 1994 ג.ד. בעמ,,,"י""ח",1,,false,1,9.90,9.90,false,1,
7290012884986,false,"צ יפס לתנור עד 4% שומן 1.5 ק""ג",קבוצת אוסם סחר-שות.מוגבלת,,,"י""ח",1.50,"ק""ג",false,1,21.30,14.20,false,1,
7290012901355,false,ארוחת איטריות עם גבינה 206גר,מור ים מרקטינג בעמ,,,"י""ח",206,ל  גרם,false,1,10.20,4.95,false,1,
7290012936906,false,ציפורן שלם 25גר..,א.ל.יצור ושיווקתבלינים בעמ,,,"י""ח",25,ל  גרם,false,1,17,68,false,1,
7290012936937,false,בהרט 40 גרם.,א.ל.יצור ושיווקתבלינים בעמ,,,"י""ח",40,ל  גרם,false,1,9.80,24.50,false,1,
7290012936944,false,אגוז מוסקט טחון 40גר. צנצנת,א.ל.יצור ושיווקתבלינים בעמ,,,"י""ח",50,ל  גרם,false,1,12.40,24.80,false,1,
7290012938405,false,דיימונד עבה במיוחד,גורי ע.ע.ע. בעמ,,,"י""ח",100,ל  גרם,false,1,14.40,14.40,false,1,
7290012938580,false,"סנסודיין הלבנה עדינה 75מ""ל",גורי ע.ע.ע. בעמ,,,"י""ח",75,ל  גרם,false,1,18.70,24.93,true,1,
7290012938597,false,"סנסודיין רפיד רליף 75 מ""ל",גורי ע.ע.ע. בעמ,,,"י""ח",75,ל  גרם,false,1,22.10,29.47,true,1,
7290012938740,false,"סנסודין מנטה 75מ""ל",גורי ע.ע.ע. בעמ,,,"י""ח",1,,false,1,18.70,18.70,true,1,
7290012938924,false,"אקוה פרש מי פה 500מ""ל",גורי ע.ע.ע. בעמ,,,"י""ח",500,ל  גרם,false,1,16.90,3.38,true,1,
7290012962165,false,כפפות משק בית איזי טאץ גודל S/M/L/XL.,אינטרסן (1996) בעמ,,,"י""ח",1,,false,1,3,3,true,1,
7290012962349,false,נובי מברשת שיניים מעוצבת לילדים,אינטרסן (1996) בעמ,,,"י""ח",1,,false,1,10.20,10.20,true,1,
7290012962448,false,"מדליק פחמים נוזלי 250מ""ל עם פקק ביטחון",אינטרסן (1996) בעמ,,,"י""ח",250,"ל  מ""ל",false,1,8.40,3.36,false,1,
7290012962561,false,קיסמי שיניים 500יח,אינטרסן (1996) בעמ,,,"י""ח",200,"י""ח",false,1,4.20,0.02,true,1,
7290012962684,false,"שקיות צליה גמבו 50/35ס""מ",אינטרסן (1996) בעמ,,,"י""ח",50,"ס""מ",false,1,4.20,8.40,true,1,
7290012975875,false,כוסות יהלום בנדע שווה  75יח,ח.כהן סוכנות מזון ומשקאות בע,,,"י""ח",1,,false,1,9.30,9.30,true,1,
7290012983160,false,סילאן בקבוק לחיץ 400ג,תה ויסוצקי (ישראל)בעמ,,,"י""ח",400,ל  גרם,false,1,10.20,2.55,false,1,
7290012996610,false,טבליות הפלא לאסלה,יעקב יעקבי ובניו בעמ,,,"י""ח",1,,false,1,12.90,12.90,false,1,
7290012996702,false,הפי ג`ל דוחה עש ומבשם,יעקב יעקבי ובניו בעמ,,,"י""ח",500,"ל  מ""ל",false,1,10.30,2.06,false,1,
7290013021014,false,קציצות אנטריקוט,ח.י. מעדני גורמה בעמ,,,"י""ח",880,ל  גרם,false,1,57.10,6.49,true,1,
7290013021069,false,מרגז ארוז 500גר`,ח.י. מעדני גורמה בעמ,,,"י""ח",500,ל  גרם,false,1,31.50,6.30,true,1,
7290013021236,false,קבב כבש וצנובר ארוז,ח.י. מעדני גורמה בעמ,,,"י""ח",800,ל  גרם,false,1,51.20,6.40,true,1,
7290013021342,false,קבבוש  ארוז,ח.י. מעדני גורמה בעמ,,,"י""ח",400,ל  גרם,false,1,59.70,14.93,true,1,
7290013021403,false,נקניקיות מיני מרגז 700גר,ח.י. מעדני גורמה בעמ,,,"י""ח",700,ל  גרם,false,1,48.60,6.94,true,1,
7290013021519,false,קבב טלה+צנובר  800ג,ח.י. מעדני גורמה בעמ,,,"י""ח",800,ל  גרם,false,1,55.50,6.94,true,1,
7290013021861,false,קבב על מקל קנמון,ח.י. מעדני גורמה בעמ,,,"י""ח",1,"י""ח",false,1,38.30,38.30,true,1,
7290013027399,false,#לחם אנג ל 100 קל,שלמה א.אנג ל בעמ,,,"י""ח",750,ל  גרם,false,1,11.90,1.59,false,1,
7290013038432,false,אקווה נובה 2 ליטר בודד,טמפו משקאות בעמ,,,"י""ח",2,ליטר,false,1,3.10,1.40,false,1,
7290013083678,false,מטרנה אקסטרה קר שלב 2חסכון 700גר`,קבוצת אוסם סחר-שות.מוגבלת,,,"י""ח",700,ל  גרם,false,1,51.20,7.31,false,1,
7290013083685,false,מטרנה אקסטרה קר שלב 3חסכון 700גר`,קבוצת אוסם סחר-שות.מוגבלת,,,"י""ח",700,ל  גרם,false,1,51.20,7.31,false,1,
7290013083999,false,"חול קריסטלי לחתולים 3.5ק""ג",דיפלומט מפיצים (1968) בעמ**,,,"י""ח",3.50,"ק""ג",false,1,25.60,7.31,false,1,
7290013116130,false,פרכיות אורז מלא מארז חיסכון,ציון תורגמן בעמ,,,"י""ח",1,,false,1,11.90,11.90,false,1,
7290013117212,false,בורקס פילו במילוי גבינה 600 גר`מעדנות,תנובה בשר,,,"י""ח",600,ל  גרם,false,1,17,2.83,false,1,
7290013117229,false,"בורקס פילו במילוי תפו""א 600גר`",תנובה בשר,,,"י""ח",600,ל  גרם,false,1,17,2.83,false,1,
7290013117236,false,בורקס פילו פיצה 600גר`,תנובה בשר,,,"י""ח",600,ל  גרם,false,1,17,2.83,false,1,
7290013117243,false,בורקס פילו בולגרית 600גר`,תנובה בשר,,,"י""ח",600,ל  גרם,false,1,17,2.83,false,1,
7290013117427,false,בצק עלים פריך   מלוח}מעדנות{900גר,תנובה בשר,,,"י""ח",900,ל  גרם,false,1,19.60,2.18,false,1,
7290013121103,false,שליש באגט 4 400 גר`Green lite,גורי ע.ע.ע. בעמ,,,"י""ח",400,ל  גרם,false,1,15.30,3.83,false,1,
7290013121127,false,לחמניות מיני 420גר Green lite,גורי ע.ע.ע. בעמ,,,"י""ח",420,ל  גרם,false,1,15.30,3.64,false,1,
7290013121158,false,רביעיית לחמניות סנדביץ 460גר. Green li,גורי ע.ע.ע. בעמ,,,"י""ח",460,ל  גרם,false,1,15.30,3.33,false,1,
7290013121769,false,שליש באגט ללא סוכר Green lite 400גר,גורי ע.ע.ע. בעמ,,,"י""ח",400,ל  גרם,false,1,13.60,3.40,false,1,
7290013121776,false,לחם כפרי ללא סוכר 700גר Green lite,גורי ע.ע.ע. בעמ,,,"י""ח",700,ל  גרם,false,1,16.20,2.31,false,1,
7290013144157,false,סחלב 130ג,א.ל.יצור ושיווקתבלינים בעמ,,,"י""ח",130,ל  גרם,false,1,9.30,7.15,true,1,
7290013144218,false,תערובת עוגת וניל 560גר`,א.ל.יצור ושיווקתבלינים בעמ,,,"י""ח",560,ל  גרם,false,1,14.40,2.57,true,1,
7290013144232,false,פודינג וניל,א.ל.יצור ושיווקתבלינים בעמ,,,"י""ח",8500,ל  גרם,false,1,4.20,0.05,true,1,
7290013144249,false,פודינג שוקולד מימונס,א.ל.יצור ושיווקתבלינים בעמ,,,"י""ח",1,,false,1,4.20,4.20,true,1,
7290013144270,false,קרם פטיסייר 100גר`,א.ל.יצור ושיווקתבלינים בעמ,,,"י""ח",100,ל  גרם,false,1,8.50,8.50,false,1,
7290013144287,false,ג`לי  בטעם תות 85גר`,א.ל.יצור ושיווקתבלינים בעמ,,,"י""ח",1,,false,1,5,5,false,1,
7290013144317,false,ג`וני גלילית וופל למילוי,א.ל.יצור ושיווקתבלינים בעמ,,,"י""ח",1,,false,1,18.70,18.70,false,1,
7290013144393,false,תמצית וניל,א.ל.יצור ושיווקתבלינים בעמ,,,"י""ח",1,,false,1,4.20,4.20,false,1,
7290013144416,false,תמצית שקדים,א.ל.יצור ושיווקתבלינים בעמ,,,"י""ח",1,,false,1,4.20,4.20,false,1,
7290013144508,false,תמצית ורדים,א.ל.יצור ושיווקתבלינים בעמ,,,"י""ח",1,,false,1,8.50,8.50,false,1,
7290013144768,false,"סירופ בטעם שוקולד 500מ""ל מימונס",א.ל.יצור ושיווקתבלינים בעמ,,,"י""ח",500,"ל  מ""ל",false,1,11.90,2.38,true,1,
7290013144911,false,מיקסשוקולד צ`יפס מריר וחלב 250גר`,א.ל.יצור ושיווקתבלינים בעמ,,,"י""ח",250,"ל  מ""ל",false,1,12.70,5.08,true,1,
7290013144980,false,תרסיס שמן קנולה 170גר מימונס,א.ל.יצור ושיווקתבלינים בעמ,,,"י""ח",170,"ל  מ""ל",false,1,13.60,8,false,1,
7290013145024,false,אגוז מלך טחון 100 גר`מימונס,א.ל.יצור ושיווקתבלינים בעמ,,,"י""ח",100,ל  גרם,false,1,11,11,false,1,
7290013145048,false,צנוברים 100 גר`מימונס,א.ל.יצור ושיווקתבלינים בעמ,,,"י""ח",100,ל  גרם,false,1,23,23,false,1,
7290013145055,false,פרג שלם 100גר`,א.ל.יצור ושיווקתבלינים בעמ,,,"י""ח",100,ל  גרם,false,1,5.90,5.90,false,1,
7290013145062,false,"סירופ מייפל אמיתי 100% 187מ""ל מימונס",א.ל.יצור ושיווקתבלינים בעמ,,,"י""ח",187,"ל  מ""ל",false,1,17,9.09,false,1,
7290013145130,false,שקד מולבן חצוי 100גר,א.ל.יצור ושיווקתבלינים בעמ,,,"י""ח",100,ל  גרם,false,1,11,11,true,1,
7290013145178,false,קוקוס טחון לבן 100 גר`מימונס,א.ל.יצור ושיווקתבלינים בעמ,,,"י""ח",100,ל  גרם,false,1,3.90,3.90,false,1,
7290013145192,false,שומשום 100 גר`מימונס,א.ל.יצור ושיווקתבלינים בעמ,,,"י""ח",100,ל  גרם,false,1,3.90,3.90,false,1,
7290013145215,false,שומשום 400גר` מימונס,א.ל.יצור ושיווקתבלינים בעמ,,,"י""ח",400,ל  גרם,false,1,12.70,3.18,false,1,
7290013145277,false,עלים לקרמשניט 300ג,א.ל.יצור ושיווקתבלינים בעמ,,,"י""ח",300,ל  גרם,false,1,14.40,4.80,false,1,
7290013145390,false,שוקולד צ`יפס 250 גר`מימונס,א.ל.יצור ושיווקתבלינים בעמ,,,"י""ח",250,ל  גרם,false,1,8,3.20,false,1,
7290013145437,false,שוקולד ציפס  אמיתי 48% 250ג מימונס,א.ל.יצור ושיווקתבלינים בעמ,,,"י""ח",250,ל  גרם,false,1,11.90,4.76,false,1,
7290013145529,false,סוכריות צבעונית לקישוט 90גר`,א.ל.יצור ושיווקתבלינים בעמ,,,"י""ח",1,,false,1,5,5,false,1,
7290013145536,false,סוכריות בטעם שוקולד לקישוט 90גר`.,א.ל.יצור ושיווקתבלינים בעמ,,,"י""ח",1,,false,1,5,5,false,1,
7290013145567,false,מיני מיני עדשים 90גר`.,א.ל.יצור ושיווקתבלינים בעמ,,,"י""ח",1,,false,1,9.30,9.30,false,1,
7290013145628,false,סוכריות צבעוניות 200גר,א.ל.יצור ושיווקתבלינים בעמ,,,"י""ח",400,ל  גרם,false,1,7.60,1.90,false,1,
7290013145833,false,פודינג שוקולד אמיתי 80גר,א.ל.יצור ושיווקתבלינים בעמ,,,"י""ח",80,ל  גרם,false,1,4.20,5.25,true,1,
7290013145840,false,סוכר וניל מימונס 10יח בצלופן,א.ל.יצור ושיווקתבלינים בעמ,,,"י""ח",10,"י""ח",false,1,2,0.20,false,1,
7290013145857,false,אבקת אפיה  מימונס 10יח בצלופן,א.ל.יצור ושיווקתבלינים בעמ,,,"י""ח",10,"י""ח",false,1,2.10,0.21,false,1,
7290013145918,false,אבקת סוכר 100 גר`מימונס,א.ל.יצור ושיווקתבלינים בעמ,,,"י""ח",100,ל  גרם,false,1,1.60,1.60,false,1,
7290013145949,false,אבקת סוכר 250גר`,א.ל.יצור ושיווקתבלינים בעמ,,,"י""ח",250,ל  גרם,false,1,13.60,5.44,true,1,
7290013145956,false,שמרים יבשים בואקום 500גרם מימונס,א.ל.יצור ושיווקתבלינים בעמ,,,"י""ח",500,ל  גרם,false,1,11.90,2.38,false,1,
7290013145963,false,שמרים יבשים בואקום 125גרם מימונס,א.ל.יצור ושיווקתבלינים בעמ,,,"י""ח",125,ל  גרם,false,1,5,4,false,1,
7290013145970,false,קורנפלור מימונס 200גר`,א.ל.יצור ושיווקתבלינים בעמ,,,"י""ח",100,ל  גרם,false,1,3.30,3.30,false,1,
7290013146069,false,מלית שוקולד 400גר`,א.ל.יצור ושיווקתבלינים בעמ,,,"י""ח",400,ל  גרם,false,1,11,2.75,true,1,
7290013146243,false,פודינג בטעם וניל מימונס 320גר,א.ל.יצור ושיווקתבלינים בעמ,,,"י""ח",255,ל  גרם,false,1,10.20,4,false,1,
7290013146298,false,תחתיות בצק פריך למילוי 120ג,א.ל.יצור ושיווקתבלינים בעמ,,,"י""ח",120,ל  גרם,false,1,17.90,14.92,false,1,
7290013146403,false,סירופ בטעם קרמל מלוח 500 גרם,א.ל.יצור ושיווקתבלינים בעמ,,,"י""ח",50,ל  גרם,false,1,14.40,28.80,false,1,
7290013146427,false,נשיקות לקישוט צבע לבן,א.ל.יצור ושיווקתבלינים בעמ,,,"י""ח",1,,false,1,12.70,12.70,true,1,
7290013146656,false,כוכבים תכלת ירוק לבן לקישוט 60גר.,א.ל.יצור ושיווקתבלינים בעמ,,,"י""ח",60,ל  גרם,false,1,10.20,17,false,1,
7290013146670,false,סוכריות לב סגול ורוד לבן לקישוט 60גר,א.ל.יצור ושיווקתבלינים בעמ,,,"י""ח",60,ל  גרם,false,1,10.20,17,true,1,
7290013146724,false,אייס קפה 350גר מימונס.,א.ל.יצור ושיווקתבלינים בעמ,,,"י""ח",350,ל  גרם,false,1,15.30,4.37,true,1,
7290013146816,false,אבקת סוכר שקית 500ג.,א.ל.יצור ושיווקתבלינים בעמ,,,"י""ח",200,ל  גרם,false,1,6.20,3.10,false,1,
7290013146854,false,קוקוס לבן 400ג מימונס,א.ל.יצור ושיווקתבלינים בעמ,,,"י""ח",1,,false,1,12.70,12.70,false,1,
7290013146861,false,נייר אפיה 20 מטר בגליל,א.ל.יצור ושיווקתבלינים בעמ,,,"י""ח",1,,false,1,17,17,false,1,
7290013153593,false,תפוזים מתקתק 100% 1ל,*החברה המרכזית להפצת משקאותבעמ,,,"י""ח",1,ליטר,false,1,10.20,10.20,false,1,
7290013156006,false,אצבעות מתוקות 350ג גאקובס,הלל בן הלל שיווק ומסחר בעמ,,,"י""ח",300,ל  גרם,false,1,14.40,4.80,false,1,
7290013156228,false,עוגיות מרנג 100 גרם.,הלל בן הלל שיווק ומסחר בעמ,,,"י""ח",1,,false,1,17,17,false,1,
7290013156822,false,עוגיות רייף 350ג גאקובס,הלל בן הלל שיווק ומסחר בעמ,,,"י""ח",350,ל  גרם,false,1,14.40,4.11,false,1,
7290013156846,false,מלוח קצח  350ג גאקובס,הלל בן הלל שיווק ומסחר בעמ,,,"י""ח",350,ל  גרם,false,1,14.40,4.11,false,1,
7290013156914,false,כעך טוניסאי  350ג גאקובס,הלל בן הלל שיווק ומסחר בעמ,,,"י""ח",350,ל  גרם,false,1,14.40,4.11,false,1,
7290013156921,false,אצבעות מתוקות   350ג גאקובס,הלל בן הלל שיווק ומסחר בעמ,,,"י""ח",350,ל  גרם,false,1,14.40,4.11,false,1,
7290013177360,false,פומלה,ביכורי השדה צפון 1994 ג.ד. בעמ,,,"ק""ג",1,,true,1,7.90,7.90,false,1,
7290013220103,false,דובדבן  קפוא 500גר,"א.מ.שרון שיווק (2014) בע""מ",,,"י""ח",500,ל  גרם,false,1,21.30,4.26,true,1,
7290013220134,false,מיקס פירות שדה קפוא 500גר,"א.מ.שרון שיווק (2014) בע""מ",,,"י""ח",500,ל  גרם,false,1,21.30,4.26,true,1,
7290013220899,false,תות שדה  קפוא 500גר,"א.מ.שרון שיווק (2014) בע""מ",,,"י""ח",500,ל  גרם,false,1,21.30,4.26,true,1,
7290013220929,false,אוכמנית קפוא 400גר,"א.מ.שרון שיווק (2014) בע""מ",,,"י""ח",400,ל  גרם,false,1,21.30,5.33,true,1,
7290013221001,false,אננס קפוא,"א.מ.שרון שיווק (2014) בע""מ",,,"י""ח",500,ל  גרם,false,1,21.30,4.26,true,1,
7290013221018,false,מנגו קפוא,"א.מ.שרון שיווק (2014) בע""מ",,,"י""ח",500,ל  גרם,false,1,21.30,4.26,true,1,
7290013268020,false,מרכך כביסה מקסימה 1 ליטר א.פרש,החב הדרומית לשיווק,,,"י""ח",1,ליטר,false,1,15,15,false,1,
7290013268037,false,מרכך כביסה מקסימה 1 ליטר מרוכז,החב הדרומית לשיווק,,,"י""ח",1,ליטר,false,1,15,15,false,1,
7290013268242,false,ריצפז פרש הום  2ל לרצפה מלון מפנק,החב הדרומית לשיווק,,,"י""ח",1.45,ליטר,false,1,16.90,11.66,false,1,
7290013268372,false,פוליויקס פרקט 2 ליטר בתוספת שמן ארגן,החב הדרומית לשיווק,,,"י""ח",2,ליטר,false,1,17,8.50,false,1,
7290013268464,false,"קרמה קרם גוף מאסק 500מ""ל",החב הדרומית לשיווק,,,"י""ח",500,"ל  מ""ל",false,1,21.30,4.26,false,1,
7290013268884,false,ריצפז פרש מאסק 2 ליטר,החב הדרומית לשיווק,,,"י""ח",2,ליטר,false,1,17,8.50,false,1,
7290013268891,false,"סנו אוקסיגן  ג""ל 3ליטר",החב הדרומית לשיווק,,,"י""ח",3,ליטר,false,1,24.70,8.23,false,1,
7290013268983,false,מרכך מקסימה סופר מרוכז MOMENTS 1 ליטר,החב הדרומית לשיווק,,,"י""ח",1,ליטר,false,1,15,15,false,1,
7290013268990,false,מרכך כביסה ביו מקסימה 1 ליטר מרוכז,החב הדרומית לשיווק,,,"י""ח",1,ליטר,false,1,15,15,false,1,
7290013269003,false,מרכך כביסה בייבי מקסימה 1 ליטר מרוכז,החב הדרומית לשיווק,,,"י""ח",1,ליטר,false,1,15.30,15.30,false,1,
7290013269157,false,תרסיס מקסימה סגול למייבש כביסה לבנדר,החב הדרומית לשיווק,,,"י""ח",750,"ל  מ""ל",false,1,15.30,2.04,true,1,
7290013269263,false,סנו ג ל כביסה 3ליטר קריסטל,החב הדרומית לשיווק,,,"י""ח",3,ליטר,false,1,24.70,8.23,false,1,
7290013269287,false,סנו ג ל כביסה 3ליטר ביו,החב הדרומית לשיווק,,,"י""ח",3,ליטר,false,1,24.70,8.23,false,1,
7290013269621,false,ריצפז פרש הום  2ל לרצפה מלון בוטיק,החב הדרומית לשיווק,,,"י""ח",1.45,ליטר,false,1,16.90,11.66,false,1,
7290013269638,false,ספוג הפלא אקסטרה 6 יחידות,החב הדרומית לשיווק,,,"י""ח",1,,false,1,9.30,9.30,false,1,
7290013269645,false,מטליות לחות לרצפה מאסק 10 יחידות,החב הדרומית לשיווק,,,"י""ח",1,,false,1,11,11,false,1,
7290013269652,false,פוליווקס 2 ל  גרניט פורצל,החב הדרומית לשיווק,,,"י""ח",2,ליטר,false,1,14.40,7.20,true,1,
7290013269669,false,ריצפז פנטזיה  3 ליטר,החב הדרומית לשיווק,,,"י""ח",3,ליטר,false,1,10,3.33,false,1,
7290013269690,false,סנובון ג ל אסלה לימון,החב הדרומית לשיווק,,,"י""ח",65,"ל  מ""ל",false,1,5,7.69,false,1,
7290013269751,false,מטליות לחות לרצפה מלון בוטיק  10 יחידו,החב הדרומית לשיווק,,,"י""ח",1,,false,1,11,11,false,1,
7290013269867,false,זוג מפות אירוח,החב הדרומית לשיווק,,,"י""ח",1,,false,1,8.50,8.50,false,1,
7290013269911,false,K-333 הגנה מחרקים,החב הדרומית לשיווק,,,"י""ח",750,"ל  מ""ל",false,1,25.60,3.41,false,1,
7290013284310,false,רוטב פסטה 240גר פריניר,ח.כהן סוכנות מזון ומשקאות בע,,,"י""ח",70,ל  גרם,false,1,5,7.14,false,1,
7290013284662,false,רוטב פיצה  240גר פריניר,ח.כהן סוכנות מזון ומשקאות בע,,,"י""ח",70,ל  גרם,false,1,5,7.14,false,1,
7290013310118,false,ממחטות כיס שישייה,אינטרסן (1996) בעמ,,,"י""ח",1,,false,1,3.30,3.30,true,1,
7290013310163,false,מדליק פחמים מוצק 40יח,אינטרסן (1996) בעמ,,,"י""ח",40,"י""ח",false,1,5.60,0.14,false,1,
7290013310262,false,נובי כפית ארוכה 4  יח`בטוחה ורגישה לחו,אינטרסן (1996) בעמ,,,"י""ח",4,"י""ח",false,1,25.30,6.33,false,1,
7290013358356,false,פירורי לחם מוזהבים 320גרם מאסטרשף,ש.שסטוביץ בעמ,,,"י""ח",320,ל  גרם,false,1,5.90,1.84,false,1,
7290013358417,false,"רוטב טריאקי 300מ""ל",ש.שסטוביץ בעמ,,,"י""ח",300,"ל  מ""ל",false,1,8.50,2.83,false,1,
7290013358509,false,מיקסלט 150ג מאסטר שף,ש.שסטוביץ בעמ,,,"י""ח",150,ל  גרם,false,1,12.60,8.40,false,1,
7290013358530,false,"רוטב צ`ילי מתוק  700מ""ל מאסטר שף",ש.שסטוביץ בעמ,,,"י""ח",700,"ל  מ""ל",false,1,10.20,1.46,false,1,
7290013358547,false,"רוטב צ`ילי חריף  700מ""ל",ש.שסטוביץ בעמ,,,"י""ח",700,"ל  מ""ל",false,1,10.20,1.46,false,1,
7290013358578,false,איטריות אורז רחבות 5ממ 400גר,ש.שסטוביץ בעמ,,,"י""ח",400,ל  גרם,false,1,7.60,1.90,false,1,
7290013412409,false,נועם ספוגית 15 פרי,שקד תבל בעמ,,,"י""ח",15,"י""ח",false,1,9.20,0.61,true,1,
7290013412966,false,מגבונים  טולי מארז 4 יחידות,שקד תבל בעמ,,,"י""ח",4,"י""ח",false,1,13.50,3.38,true,1,
7290013472199,false,ערמונים 100גרם ויליפוד,ג.וילי פוד אינטרנשיונל בעמ,,,"י""ח",100,ל  גרם,false,1,5,5,true,1,
7290013492005,false,"תפו""א ננסי  למיקרו שמיטה",ביכורי השדה צפון 1994 ג.ד. בעמ,,,"י""ח",1,,false,1,8.90,8.90,true,1,
7290013525253,false,טחינה מיוחדת 160גרם,סלטי שמיר2006בעמ,,,"י""ח",160,ל  גרם,false,1,5,3.13,false,1,
7290013525260,false,חציל במיונז 160גרם,סלטי שמיר2006בעמ,,,"י""ח",160,ל  גרם,false,1,5,3.13,false,1,
7290013525710,false,חומוס עם טחינה  160גרם,סלטי שמיר2006בעמ,,,"י""ח",160,ל  גרם,false,1,5,3.13,false,1,
7290013525727,false,חומוס אבו גוש 160גרם,סלטי שמיר2006בעמ,,,"י""ח",160,ל  גרם,false,1,5,3.13,false,1,
7290013525741,false,חומוס  מסבחה   160גרם,סלטי שמיר2006בעמ,,,"י""ח",160,ל  גרם,false,1,5,3.13,false,1,
7290013525789,false,אריסה מרוקאית 150גר,סלטי שמיר2006בעמ,,,"י""ח",150,ל  גרם,false,1,9.30,6.20,false,1,
7290013525802,false,סחוג אדום 150גר,סלטי שמיר2006בעמ,,,"י""ח",150,ל  גרם,false,1,9.30,6.20,false,1,
7290013531117,false,"רוטב פסטה קיד  240ג בד""ץ",זנלכל בעמ,,,"י""ח",240,ל  גרם,false,1,4.70,1.96,false,1,
7290013531582,false,שלישייה זיתים חרוזית יכין 3*200גר,זנלכל בעמ,,,"י""ח",600,ל  גרם,false,1,12.70,2.12,false,1,
7290013531612,false,רוטב נפוליטנה 240 גר`פלסטיק.,זנלכל בעמ,,,"י""ח",240,ל  גרם,false,1,4.70,1.96,false,1,
7290013531629,false,רוטב פומודורו 240 גר`פלסטיק,זנלכל בעמ,,,"י""ח",240,ל  גרם,false,1,4.70,1.96,false,1,
7290013531759,false,שעועית  אפויה במים,זנלכל בעמ,,,"י""ח",600,ל  גרם,false,1,8.50,1.42,false,1,
7290013585233,false,"פחית ספרייט ZERO  סליק 330מ""ל",החברה המרכזית להפצת משקאות בעמ,,,"י""ח",330,"ל  מ""ל",false,1,3.90,1.09,true,1,
7290013585387,false,קוקה קולה 1ליטר ZERO,החברה המרכזית להפצת משקאות בעמ,,,"י""ח",1,ליטר,false,1,6.10,6.10,false,1,
7290013585394,false,קוקה קולה 1ליטר,החברה המרכזית להפצת משקאות בעמ,,,"י""ח",1,ליטר,false,1,6.10,6.10,false,1,
7290013608260,false,פרימור מיץ רימון  100% 1ליטר,"שטראוס גרופ ***בע""מ",,,"י""ח",1,ליטר,false,1,19.60,19.60,true,1,
7290013652782,false,קרם לחות לשיער מתולתל 400 גרם,פישר תעשיות פרמבצטיות בעמ,,,"י""ח",400,"ל  מ""ל",false,1,15.20,3.80,false,1,
7290013652805,false,קרם לחות לשיער יבש/צבוע/פגום 400 גרם,פישר תעשיות פרמבצטיות בעמ,,,"י""ח",400,"ל  מ""ל",false,1,15.20,3.80,false,1,
7290013677259,false,זעתר 50 גר`שקית,מיה תעשיות מזון מ.ת.מ בעמ,,,"י""ח",50,ל  גרם,false,1,4.70,9.40,false,1,
7290013677266,false,תבלין לפיצה  80 גר`שקית,מיה תעשיות מזון מ.ת.מ בעמ,,,"י""ח",80,ל  גרם,false,1,4.70,5.88,false,1,
7290013677280,false,ציפורן שלם 40 גר`שקית,מיה תעשיות מזון מ.ת.מ בעמ,,,"י""ח",40,ל  גרם,false,1,6.70,16.75,false,1,
7290013677310,false,גריל בשר 80 גר`שקית,מיה תעשיות מזון מ.ת.מ בעמ,,,"י""ח",80,ל  גרם,false,1,4.70,5.88,false,1,
7290013677334,false,תבלין על האש 50 גר`שקית,מיה תעשיות מזון מ.ת.מ בעמ,,,"י""ח",50,ל  גרם,false,1,4.70,9.40,false,1,
7290013677563,false,קינואה אדומה  500 גרם,מיה תעשיות מזון מ.ת.מ בעמ,,,"י""ח",500,ל  גרם,false,1,18.60,3.72,true,1,
7290013677648,false,שמן זית למאור1   ליטר מיה,מיה תעשיות מזון מ.ת.מ בעמ,,,"י""ח",100,"ל  מ""ל",false,1,16.20,16.20,false,1,
7290013677686,false,פפריקה מרוקאית בשקית 80 ג`,מיה תעשיות מזון מ.ת.מ בעמ,,,"י""ח",1,,false,1,4.50,4.50,false,1,
7290013677693,false,פלפל שחור גרוס בשקית,מיה תעשיות מזון מ.ת.מ בעמ,,,"י""ח",1,,false,1,8,8,false,1,
7290013702298,false,טאצ`אשפתון עבה 50יח בגליל 90*77.,שניב תעשיות נייר בעמ,,,"י""ח",50,"י""ח",false,1,12.60,0.25,true,1,
7290013713049,false,"ג מס בקבוק 330מ""ל 5% אלכוהול",אגודת הכורמים,,,"י""ח",330,"ל  מ""ל",false,1,11.10,3.27,true,1,
7290013713124,false,"ג מס בקבוק מודניאל  330מ""ל",אגודת הכורמים,,,"י""ח",330,"ל  מ""ל",false,1,11.10,3.27,true,1,
7290013724748,false,בוטנים קלויים 400ג,****דין שיווק וקליה 2021 בעמ,,,"י""ח",400,ל  גרם,false,1,8.60,2.15,false,1,
7290013724960,false,שקדים בשוקולד חלב בקופסא 140 גרם,דין שיווק וקליה 2021 בעמ,,,"י""ח",140,ל  גרם,false,1,11,7.86,false,1,
7290013724977,false,צימוקים בשוקולד מריר בקופסא 140 גרם,דין שיווק וקליה 2021 בעמ,,,"י""ח",140,ל  גרם,false,1,11,7.86,false,1,
7290013724991,false,אגוזי לוז בשוקולד חלב בקופסא 140 גרם,דין שיווק וקליה 2021 בעמ,,,"י""ח",140,ל  גרם,false,1,11,7.86,false,1,
7290013725837,false,שומשום בשוקולד חלב בקופסא 140 גרם,דין שיווק וקליה 2021 בעמ,,,"י""ח",140,ל  גרם,false,1,11,7.86,false,1,
7290013847454,false,סטארקיסט רביעייה בשמן קנולה 160ג,דיפלומט מפיצים (1968) בעמ**,,,"י""ח",1,,false,1,23,23,true,1,
7290013847867,false,טונה סטארקיסט בשמן סויה 140גר(זוג),דיפלומט מפיצים (1968) בעמ**,,,"י""ח",280,ל  גרם,false,1,10.20,3.64,true,1,
7290013848017,false,"סנו נירוסטה מתז500 מ""ל",החב הדרומית לשיווק,,,"י""ח",500,"ל  מ""ל",false,1,17,3.40,false,1,
7290013848383,false,ג`ל רחצה קרמה מן,החב הדרומית לשיווק,,,"י""ח",1,,false,1,12.70,12.70,false,1,
7290013848581,false,מגבת נייר סנו גליל ענק,החב הדרומית לשיווק,,,"י""ח",1,"י""ח",false,1,11,11,false,1,
7290013848758,false,ג`ל כביסה מקסימה  בייבי 3ליטר,החב הדרומית לשיווק,,,"י""ח",3,ליטר,false,1,28,9.33,false,1,
7290013861061,false,בוטנים בשוקולד חלב בקופסא 160 גרם,דין שיווק וקליה 2021 בעמ,,,"י""ח",160,ל  גרם,false,1,11,6.88,false,1,
7290013883148,false,הפי  סופג ריחות במקרר,יעקב יעקבי ובניו בעמ,,,"י""ח",300,"ל  מ""ל",false,1,11.90,3.97,false,1,
7290013883414,false,"מרסס מסיר כתמי חלודה 473מ""ל",יעקב יעקבי ובניו בעמ,,,"י""ח",1,"י""ח",false,1,24.50,24.50,false,1,
7290013906458,false,קבנוס 120ג טירת צבי טעם פיקנטי,תנובה בשר,,,"י""ח",120,ל  גרם,false,1,8.50,7.08,false,1,
7290013906496,false,פסטרמה עגל רומנית 120ג,תנובה בשר,,,"י""ח",120,ל  גרם,false,1,11.90,9.92,false,1,
7290013906687,false,צמד כפרי ברביקיו ודבש 600ג,תנובה בשר,,,"י""ח",600,ל  גרם,false,1,25.60,4.27,false,1,
7290013906984,false,סלמי תה מחפוד 300גר`,תנובה בשר,,,"י""ח",300,ל  גרם,false,1,21.30,7.10,false,1,
7290013927101,false,עוגת תפוחים ללא סוכר 450גרם,אחדות בעמ,,,"י""ח",450,ל  גרם,false,1,10.10,2.24,false,1,
7290013927156,false,עוגת פירות יער ללא סוכר 450גרם,אחדות בעמ,,,"י""ח",450,ל  גרם,false,1,10.10,2.24,false,1,
7290013927200,false,עוגיות שוקולד צ`יפס עשירה 400גרם אחוה,אחדות בעמ,,,"י""ח",450,ל  גרם,false,1,9.30,2.07,false,1,
7290013927323,false,עוגת בראוניס 400גרם אחוה,אחדות בעמ,,,"י""ח",450,ל  גרם,false,1,9.30,2.07,false,1,
7290013927514,false,רוגעלך קינמון מגש 400ג,אחדות בעמ,,,"י""ח",400,ל  גרם,false,1,11.90,2.98,false,1,
7290013927583,false,רוגלך 400גרם,אחדות בעמ,,,"י""ח",400,ל  גרם,false,1,11.90,2.98,false,1,
7290013927637,false,חלוה ללא ת.סוכר 400ג מגש,אחדות בעמ,,,"י""ח",400,ל  גרם,false,1,11,2.75,false,1,
7290013927804,false,"טחינה  אחווה  משומשום מלא 1 ק""ג",אחדות בעמ,,,"י""ח",1,"ק""ג",false,1,18.70,18.70,false,1,
7290013927996,false,עוגת שמרים קראנץ טעם שוקולד  (400 אחוה),אחדות בעמ,,,"י""ח",400,ל  גרם,false,1,9.30,2.33,false,1,
7290013961051,false,מארז 10יח פיתות(דוקטור  פיתה),דר פיתה בעמ,,,"י""ח",1,,false,1,17,17,false,1,
7290014002203,false,חליטת  לימונית ולואיזה גן קסום 25 יח,תה ויסוצקי (ישראל)בעמ,,,"י""ח",37.50,ל  גרם,false,1,15.30,40.80,true,1,
7290014002944,false,גן הקסום חליטת  חמדת שקד 25שק,תה ויסוצקי (ישראל)בעמ,,,"י""ח",1,,false,1,15.30,15.30,true,1,
7290014002982,false,תה ירוק לימונית לואיזה בתוספת עלי סטיב,תה ויסוצקי (ישראל)בעמ,,,"י""ח",1,,false,1,21.30,21.30,true,1,
7290014046016,false,פסטרמה של פעם 100% חומרים טבעיים 250גר,מעדני יחיעם 1993 בעמ,,,"י""ח",250,ל  גרם,false,1,23,9.20,false,1,
7290014046030,false,מוס כבד עוף 140ג,מעדני יחיעם 1993 בעמ,,,"י""ח",140,ל  גרם,false,1,12.70,9.07,false,1,
7290014046047,false,צמד פסטרמות 600ג,מעדני יחיעם 1993 בעמ,,,"י""ח",600,ל  גרם,false,1,21.30,3.55,false,1,
7290014046474,false,"נקניקיות עוף 1.5ק""ג יחיעם",מעדני יחיעם 1993 בעמ,,,"י""ח",1.50,"ק""ג",false,1,23,15.33,true,1,
7290014046580,false,פסטרמה מעודנת על גחלים 300 גרם,מעדני יחיעם 1993 בעמ,,,"י""ח",300,ל  גרם,false,1,21.10,7.03,false,1,
7290014046757,false,סלמי תה 300ג סד. שרולה,מעדני יחיעם 1993 בעמ,,,"י""ח",300,ל  גרם,false,1,17,5.67,false,1,
7290014059085,false,"סנסודיין לשיקום והגנה 75מ""ל",גורי ע.ע.ע. בעמ,,,"י""ח",75,"ל  מ""ל",false,1,22.10,29.47,true,1,
7290014066359,false,קפסולות קפה לנדוור בלנסד  10יח,ש.שסטוביץ בעמ,,,"י""ח",10,"י""ח",false,1,14.40,1.44,false,1,
7290014066533,false,קפסולות קפה לנדוור קלייה כפולה  10יח,ש.שסטוביץ בעמ,,,"י""ח",10,"י""ח",false,1,14.40,1.44,false,1,
7290014068902,false,בגט פרווה,מאפיית הראשונים מ.ל. בעמ,,,"י""ח",1,"י""ח",false,1,4.30,4.30,false,1,
7290014068919,false,חצי בגט,מאפיית הראשונים מ.ל. בעמ,,,"י""ח",1,"י""ח",false,1,2.30,2.30,false,1,
7290014068957,false,בייגל טוסט,מאפיית הראשונים מ.ל. בעמ,,,"י""ח",1,"י""ח",false,1,2.50,2.50,false,1,
7290014069190,false,לחמניה  75 ג`,מאפיית הראשונים מ.ל. בעמ,,,"י""ח",1,"י""ח",false,1,1.50,1.50,false,1,
7290014069251,false,לחמניה קלועה 60 ג`,מאפיית הראשונים מ.ל. בעמ,,,"י""ח",1,"י""ח",false,1,2.10,2.10,true,1,
7290014069275,false,פיתה,מאפיית הראשונים מ.ל. בעמ,,,"י""ח",1,"י""ח",false,1,1.20,1.20,true,1,
7290014069657,false,בגט רוסטיק,מאפיית הראשונים מ.ל. בעמ,,,"י""ח",1,"י""ח",false,1,7.30,7.30,false,1,
7290014070721,false,סופגניה עם ריבה,מאפיית הראשונים מ.ל. בעמ,,,"י""ח",1,"י""ח",false,1,3.40,3.40,false,1,
7290014071087,false,חלת צמה  פילסברי,מאפיית הראשונים מ.ל. בעמ,,,"י""ח",1,"י""ח",false,1,9.30,9.30,false,1,
7290014083479,false,גבינת גאודה פרוסה 28% שומן 150גר,ג.וילי פוד אינטרנשיונל בעמ,,,"י""ח",150,ל  גרם,false,1,8.50,5.67,false,1,
7290014083813,false,שפרוטים  מעושנים בשמן 190גר`,ג.וילי פוד אינטרנשיונל בעמ,,,"י""ח",160,ל  גרם,false,1,6.80,4.25,false,1,
7290014094543,false,"תרסיס שמן קנולה 186 מ""ל",דין שיווק וקליה 2021 בעמ,,,"י""ח",250,"ל  מ""ל",false,1,11.80,4.72,false,1,
7290014094796,false,משמש שקית  300ג,דין שיווק וקליה 2021 בעמ,,,"י""ח",300,ל  גרם,false,1,19.60,6.53,false,1,
7290014094895,false,אגוזי מלך קלופים  150ג (דין שיווק),דין שיווק וקליה 2021 בעמ,,,"י""ח",150,ל  גרם,false,1,11,7.33,false,1,
7290014095946,false,משוקלדים פקאן מריר 140גר קופסא,דין שיווק וקליה 2021 בעמ,,,"י""ח",140,ל  גרם,false,1,11,7.86,false,1,
7290014095953,false,משוקלדים פקאן חלב 140גר קופסא,דין שיווק וקליה 2021 בעמ,,,"י""ח",140,ל  גרם,false,1,11,7.86,false,1,
7290014095960,false,שיבולת שועל עבה להכנה מהירה 500 ג`,דין שיווק וקליה 2021 בעמ,,,"י""ח",500,ל  גרם,false,1,5,1,false,1,
7290014204027,false,"שמפו יומי 750מ""ל",פנינה רוזנבלום בעמ,,,"י""ח",750,"ל  מ""ל",false,1,10.90,1.45,true,1,
7290014204577,false,"תחליב לילדים 750מ""ל",פנינה רוזנבלום בעמ,,,"י""ח",750,"ל  מ""ל",false,1,16,2.13,false,1,
7290014204607,false,"סבון  לילדים 750מ""ל",פנינה רוזנבלום בעמ,,,"י""ח",750,"ל  מ""ל",false,1,16,2.13,false,1,
7290014204676,false,מסכה לאחר החלקה.,פנינה רוזנבלום בעמ,,,"י""ח",200,"ל  מ""ל",false,1,29,14.50,false,1,
7290014205000,false,"צלחות גדולות *50 ""שווה""",ח.כהן סוכנות מזון ומשקאות בע,,,"י""ח",50,"י""ח",false,1,12.70,0.25,false,1,
7290014205024,false,קערה אובלית 25  יח`לבן,ח.כהן סוכנות מזון ומשקאות בע,,,"י""ח",30,"י""ח",false,1,5,0.17,true,1,
7290014205031,false,"לפתניה""שווה""לבן 25",ח.כהן סוכנות מזון ומשקאות בע,,,"י""ח",25,"י""ח",false,1,4.20,0.17,true,1,
7290014205048,false,"מרקיה""שווה""לבן 25",ח.כהן סוכנות מזון ומשקאות בע,,,"י""ח",2500,ל  גרם,false,1,6.80,0.27,false,1,
7290014205055,false,"צלחת   עמוקה""שווה""30יח לבן",ח.כהן סוכנות מזון ומשקאות בע,,,"י""ח",30,"י""ח",false,1,12.70,0.42,false,1,
7290014205062,false,"כוסות ח""פ פלסטיק ""100שווה"".",ח.כהן סוכנות מזון ומשקאות בע,,,"י""ח",100,"י""ח",false,1,7.60,0.08,false,1,
7290014205093,false,דבש  350ג שווה,ח.כהן סוכנות מזון ומשקאות בע,,,"י""ח",350,ל  גרם,false,1,16.20,4.63,false,1,
7290014205116,false,כוסות שקוף שמש 140יח שווה,ח.כהן סוכנות מזון ומשקאות בע,,,"י""ח",140,"י""ח",false,1,14.40,0.10,false,1,
7290014205130,false,"צלחת גדולה  ""שווה"" צבעוני 25",ח.כהן סוכנות מזון ומשקאות בע,,,"י""ח",2500,ל  גרם,false,1,10.20,0.41,false,1,
7290014205147,false,"צלחת   קטן""שווה""צבעוני 25",ח.כהן סוכנות מזון ומשקאות בע,,,"י""ח",25,"י""ח",false,1,5.90,0.24,false,1,
7290014205154,false,"קערה אובלית    צבעונית""שווה""25",ח.כהן סוכנות מזון ומשקאות בע,,,"י""ח",2500,ל  גרם,false,1,5,0.20,false,1,
7290014205161,false,"לפתניה  ""שווה"" צבעוני 25",ח.כהן סוכנות מזון ומשקאות בע,,,"י""ח",2500,ל  גרם,false,1,4.20,0.17,false,1,
7290014205178,false,"מרקיה  ""שווה"" צבעוני 25",ח.כהן סוכנות מזון ומשקאות בע,,,"י""ח",2500,ל  גרם,false,1,7.60,0.30,false,1,
7290014205185,false,"צלחת   ענק""שווה""צבעוני 25",ח.כהן סוכנות מזון ומשקאות בע,,,"י""ח",25,"י""ח",false,1,16.20,0.65,false,1,
7290014205208,false,"סכינים   שקוף""שווה""50",ח.כהן סוכנות מזון ומשקאות בע,,,"י""ח",50,"י""ח",false,1,8.50,0.17,false,1,
7290014205413,false,מגש מחולק 4 תאים  שווה,ח.כהן סוכנות מזון ומשקאות בע,,,"י""ח",30,"י""ח",false,1,5.90,0.20,false,1,
7290014205673,false,שמן סויה מזוכך 1 ליטר,ח.כהן סוכנויות מזון ומשקאות***,,,"י""ח",1,ליטר,false,1,8.50,8.50,false,1,
7290014205697,false,"אננס חתוך  565 ג ""שווה""A2",ח.כהן סוכנות מזון ומשקאות בע,,,"י""ח",600,ל  גרם,false,1,6.80,1.13,true,1,
7290014205758,false,מפת שולחן 1/6 עבה שווה,ח.כהן סוכנות מזון ומשקאות בע,,,"י""ח",6,"י""ח",false,1,10.20,1.70,false,1,
7290014205772,false,"מפות שולחן 8* עבה  שקוף""שווה""",ח.כהן סוכנות מזון ומשקאות בע,,,"י""ח",1,,false,1,6.80,6.80,false,1,
7290014205796,false,שקיות אוכל זוג 150יח שווה,ח.כהן סוכנות מזון ומשקאות בע,,,"י""ח",750,"ל  מ""ל",false,1,8.40,1.12,false,1,
7290014205802,false,שקיות הקפאה שווה 200יח זוג,ח.כהן סוכנות מזון ומשקאות בע,,,"י""ח",200,"י""ח",false,1,7.50,0.04,false,1,
7290014205819,false,"שקיות אפור ""75/90  שווה""20 יח`ממוחזר",ח.כהן סוכנות מזון ומשקאות בע,,,"י""ח",20,"י""ח",false,1,15.30,0.77,true,1,
7290014205826,false,שקיות אשפה ירוק 52/65 שרוך שווה 50יח,ח.כהן סוכנות מזון ומשקאות בע,,,"י""ח",50,"י""ח",false,1,15.30,0.31,false,1,
7290014205857,false,"שקיות אפור ""75/90  שווה""20 יח`ממוחזר.",ח.כהן סוכנות מזון ומשקאות בע,,,"י""ח",20,"י""ח",false,1,9.30,0.47,true,1,
7290014205864,false,"שקיות כתום  75/90  ""שווה"" 50יח",ח.כהן סוכנות מזון ומשקאות בע,,,"י""ח",50,"י""ח",false,1,7.50,0.15,false,1,
7290014206052,false,מאפינס נייר אלומיניום גדולים 12יח,ח.כהן סוכנות מזון ומשקאות בע,,,"י""ח",12,"י""ח",false,1,6.80,0.57,false,1,
7290014206175,false,תבניות מאפינס אישיות 50יח שווה,ח.כהן סוכנות מזון ומשקאות בע,,,"י""ח",50,"י""ח",false,1,6.80,0.14,false,1,
7290014206182,false,תבניות מאפינס גדולים  40יח שווה,ח.כהן סוכנות מזון ומשקאות בע,,,"י""ח",40,"י""ח",false,1,6.80,0.17,false,1,
7290014206205,false,תבניות פלא נייר בינונית 3 שווה,ח.כהן סוכנות מזון ומשקאות בע,,,"י""ח",3,"י""ח",false,1,10.20,3.40,false,1,
7290014206212,false,תבניות פלא נייר גדולות 3 שווה,ח.כהן סוכנות מזון ומשקאות בע,,,"י""ח",3,"י""ח",false,1,10.20,3.40,false,1,
7290014206250,false,מפיות נייר 1/80 מעוטרות שווה,ח.כהן סוכנות מזון ומשקאות בע,,,"י""ח",80,"י""ח",false,1,5.90,0.07,true,1,
7290014206267,false,מפיות מוטבעות תלת שכבתי שווה,ח.כהן סוכנות מזון ומשקאות בע,,,"י""ח",1,"י""ח",false,1,6.80,6.80,true,1,
7290014206281,false,מדליק פחם ראש גפרור  שווה,ח.כהן סוכנות מזון ומשקאות בע,,,"י""ח",1,"י""ח",false,1,5,5,false,1,
7290014206526,false,שקיות מזון מרשרש 150יח *3,ח.כהן סוכנות מזון ומשקאות בע,,,"י""ח",1,,false,1,11.90,11.90,true,1,
7290014206748,false,"צלחת  בינוני""חושן""  ""שווה"" 10יח",ח.כהן סוכנות מזון ומשקאות בע,,,"י""ח",10,"י""ח",false,1,9.30,0.93,false,1,
7290014206786,false,"לפתניה סדרת חושן  10יח   ""שווה""",ח.כהן סוכנות מזון ומשקאות בע,,,"י""ח",10,"י""ח",false,1,6.80,0.68,false,1,
7290014206793,false,"כפפות ניילון ח""פ 100יח  שווה",ח.כהן סוכנות מזון ומשקאות בע,,,"י""ח",10,"י""ח",false,1,4.20,0.42,false,1,
7290014206847,false,סרדינים שמן סויה 125גר שווה מרוקו,ח.כהן סוכנות מזון ומשקאות בע,,,"י""ח",125,ל  גרם,false,1,4.20,3.36,false,1,
7290014206861,false,סרדינים בשמן זית 125גר שווה,ח.כהן סוכנות מזון ומשקאות בע,,,"י""ח",125,ל  גרם,false,1,5,4,false,1,
7290014206878,false,סרדינים ברוטב עגבניות  125גר שווה מרוק,ח.כהן סוכנות מזון ומשקאות בע,,,"י""ח",125,ל  גרם,false,1,5,4,false,1,
7290014206885,false,אנשובי ארוך בפח בשמן חמניות 77ג שווה,ח.כהן סוכנות מזון ומשקאות בע,,,"י""ח",77,ל  גרם,false,1,5.90,7.66,false,1,
7290014206892,false,אנשובי צנצנת שמן חמניות  100ג שווה,ח.כהן סוכנות מזון ומשקאות בע,,,"י""ח",100,ל  גרם,false,1,11,11,false,1,
7290014206908,false,אננס שלם A2  שווה,ח.כהן סוכנות מזון ומשקאות בע,,,"י""ח",227,ל  גרם,false,1,6.80,3,false,1,
7290014206915,false,"לפתניה קשוף  ""שווה"" 20יח",ח.כהן סוכנות מזון ומשקאות בע,,,"י""ח",2000,ל  גרם,false,1,5,0.25,false,1,
7290014206922,false,"קערית אובלית קשוף  ""שווה"" 20יח",ח.כהן סוכנות מזון ומשקאות בע,,,"י""ח",2000,ל  גרם,false,1,5.90,0.30,false,1,
7290014206939,false,"מרקיה קשופה  ""שווה"" 20יח",ח.כהן סוכנות מזון ומשקאות בע,,,"י""ח",2000,ל  גרם,false,1,8.50,0.43,false,1,
7290014206946,false,"צלחת קטנה קשופה  ""שווה"" 20יח",ח.כהן סוכנות מזון ומשקאות בע,,,"י""ח",2000,ל  גרם,false,1,7.60,0.38,false,1,
7290014206953,false,"צלחת גדולה קשופה  ""שווה"" 20יח",ח.כהן סוכנות מזון ומשקאות בע,,,"י""ח",2000,ל  גרם,false,1,14.40,0.72,true,1,
7290014206960,false,"צלחת ענקית קשופה  ""שווה"" 20יח",ח.כהן סוכנות מזון ומשקאות בע,,,"י""ח",2000,ל  גרם,false,1,21.30,1.07,true,1,
7290014218321,false,בורקס  יפו מעדנות גבינה 600ג,תנובה בשר,,,"י""ח",600,ל  גרם,false,1,15.30,2.55,false,1,
7290014218338,false,"בורקס יפו מעדנות תפו""א  600ג",תנובה בשר,,,"י""ח",600,ל  גרם,false,1,13.60,2.27,false,1,
7290014218932,false,חטיפי פיצה  עם זיתים מעדנות,תנובה בשר,,,"י""ח",710,ל  גרם,false,1,19.60,2.76,false,1,
7290014258716,false,"מטרנה צמחית שלב3 בד""צ",קבוצת אוסם סחר-שות.מוגבלת,,,"י""ח",700,ל  גרם,false,1,52.90,7.56,true,1,
7290014258723,false,"מטרנה צמחית שלב1 בד""צ",קבוצת אוסם סחר-שות.מוגבלת,,,"י""ח",700,ל  גרם,false,1,52.90,7.56,true,1,
7290014258730,false,"מטרנה צמחית שלב2 בד""צ",קבוצת אוסם סחר-שות.מוגבלת,,,"י""ח",700,ל  גרם,false,1,52.90,7.56,true,1,
7290014288058,false,"להבונים 50 שקית  ""שווה""",ח.כהן סוכנות מזון ומשקאות בע,,,"י""ח",1,,false,1,9.30,9.30,true,1,
7290014288072,false,כריות יפניות רביעייה   שווה,ח.כהן סוכנות מזון ומשקאות בע,,,"י""ח",1,"י""ח",false,1,5.90,5.90,false,1,
7290014288089,false,סרטי קירצוף זוגות שווה איכותי,ח.כהן סוכנות מזון ומשקאות בע,,,"י""ח",10,"י""ח",false,1,5,0.50,false,1,
7290014288096,false,מטליות מיקרופייבר 5* ניקוי כלל   שווה,ח.כהן סוכנות מזון ומשקאות בע,,,"י""ח",3,"י""ח",false,1,8.50,2.83,false,1,
7290014288119,false,ממרקות מתכת  4יח שווה,ח.כהן סוכנות מזון ומשקאות בע,,,"י""ח",1,,false,1,5,5,false,1,
7290014288201,false,מארז מטליות מיקרופייבר שווה,ח.כהן סוכנות מזון ומשקאות בע,,,"י""ח",400,"ל  מ""ל",false,1,11,2.75,false,1,
7290014288218,false,מפת שולחן אלבד עם ראנר   שווה,ח.כהן סוכנות מזון ומשקאות בע,,,,1,,false,1,7.60,7.60,true,1,
7290014288287,false,גליל אלבד חלק 20 מטר  שווה,ח.כהן סוכנות מזון ומשקאות בע,,,,1,,false,1,34.10,34.10,true,1,
7290014288294,false,גליל אלבד עם ראנר 20 מטר  שווה,ח.כהן סוכנות מזון ומשקאות בע,,,,1,,false,1,34.10,34.10,false,1,
7290014288300,false,טורטיה 8יח 320ג שווה,ח.כהן סוכנות מזון ומשקאות בע,,,"י""ח",320,ל  גרם,false,1,9.30,2.91,true,1,
7290014288317,false,טורטיה 6יח 420ג שווה,ח.כהן סוכנות מזון ומשקאות בע,,,"י""ח",320,ל  גרם,false,1,9.30,2.91,true,1,
7290014288324,false,טורטיה קמח מלא 8יח 320ג שווה,ח.כהן סוכנות מזון ומשקאות בע,,,"י""ח",320,ל  גרם,false,1,9.30,2.91,true,1,
7290014288348,false,נודלס טעם ירקות  60ג שווה,ח.כהן סוכנות מזון ומשקאות בע,,,"י""ח",60,ל  גרם,false,1,4.20,7,true,1,
7290014288379,false,ערמונים 100ג שווה,ח.כהן סוכנות מזון ומשקאות בע,,,"י""ח",100,ל  גרם,false,1,5,5,true,1,
7290014288393,false,"רוטב סויה 500מ""ל     שווה",ח.כהן סוכנות מזון ומשקאות בע,,,"י""ח",700,"ל  מ""ל",false,1,8.50,1.21,false,1,
7290014288461,false,"נר נשמה פחית ""שווה""",ח.כהן סוכנות מזון ומשקאות בע,,,"י""ח",1,,false,1,2.50,2.50,true,1,
7290014288584,false,נייר אפיה 50יח איכותי  שווה,ח.כהן סוכנות מזון ומשקאות בע,,,"י""ח",50,"י""ח",false,1,8.50,0.17,true,1,
7290014288614,false,רדיד אלומיניום קצר כוכבים  גבוה/עבה 16M,ח.כהן סוכנות מזון ומשקאות בע,,,,10,"י""ח",false,1,18.70,1.87,false,1,
7290014288621,false,רדיד אלומיניום ארוך כוכבים שווה 16M,ח.כהן סוכנות מזון ומשקאות בע,,,,10,"י""ח",false,1,23,2.30,false,1,
7290014288669,false,ניילון נצמד חיתוך קל שווה 60 מטר,ח.כהן סוכנות מזון ומשקאות בע,,,,10,"י""ח",false,1,12.70,1.27,false,1,
7290014288676,false,מגש אובלי בינוני צבעוני 20יח שווה,ח.כהן סוכנות מזון ומשקאות בע,,,"י""ח",20,"י""ח",false,1,11,0.55,false,1,
7290014288720,false,כוסות וודקה 350CC שווה,ח.כהן סוכנות מזון ומשקאות בע,,,,10,"י""ח",false,1,8.50,0.85,false,1,
7290014288737,false,"כוסות חד פעמי מעוטרות 40יח 285מ""ל שווה",ח.כהן סוכנות מזון ומשקאות בע,,,"י""ח",40,"י""ח",false,1,11,0.28,false,1,
7290014288843,false,נרות שבת מספרים שווה,ח.כהן סוכנות מזון ומשקאות בע,,,"י""ח",1,,false,1,3.30,3.30,false,1,
7290014288980,false,.נייר טישו 1/5 דו שכבתי שווה,ח.כהן סוכנות מזון ומשקאות בע,,,"י""ח",5,"י""ח",false,1,10.20,2.04,false,1,
7290014298217,false,"בקבוק שתיה קטן  350 מ""ל",מוסקו בעמ,,,"י""ח",1,,false,1,21.30,21.30,false,1,
7290014298989,false,בקבוק שתיה ייחודי,מוסקו בעמ,,,"י""ח",1,,false,1,34.10,34.10,false,1,
7290014298996,false,"בקבוק תרמי לשתיה קרה/חמה  500 מ""ל",מוסקו בעמ,,,"י""ח",1,,false,1,51.20,51.20,false,1,
7290014325036,false,סוכריות ג`לי שמחה,מיה תעשיות מזון מ.ת.מ בעמ,,,"י""ח",750,ל  גרם,false,1,16.90,2.25,false,1,
7290014325043,false,"פודינג וניל 1ק""ג",מיה תעשיות מזון מ.ת.מ בעמ,,,"י""ח",1,"ק""ג",false,1,20.30,20.30,false,1,
7290014325050,false,קורנפלור 500ג,מיה תעשיות מזון מ.ת.מ בעמ,,,"י""ח",300,ל  גרם,false,1,3.30,1.10,false,1,
7290014325531,false,"חמאת בוטנים 500ג מיה כשל""פ בד""צ",מיה תעשיות מזון מ.ת.מ בעמ,,,"י""ח",500,ל  גרם,false,1,11,2.20,false,1,
7290014397156,false,"קרם גוף קרמה פרח וניל 500 מ""ל",החב הדרומית לשיווק,,,"י""ח",500,"ל  מ""ל",false,1,21.30,4.26,false,1,
7290014397200,false,מברשת שיניים שלישיה,החב הדרומית לשיווק,,,"י""ח",1,,false,1,8.50,8.50,false,1,
7290014397279,false,שקיות אוכל אריזת חיסכון,החב הדרומית לשיווק,,,"י""ח",1,,false,1,11,11,false,1,
7290014397286,false,מרכך כביסה מקסימה 1 ליטר מרוכז,החב הדרומית לשיווק,,,"י""ח",1,ליטר,false,1,15,15,false,1,
7290014397453,false,סנו אוקסיגן 3ליטר כביסה לבנה,החב הדרומית לשיווק,,,"י""ח",3,ליטר,false,1,24.70,8.23,false,1,
7290014397675,false,מרכך כביסה חלב ודבש 4 ליטר,החב הדרומית לשיווק,,,"י""ח",4,ליטר,false,1,18.70,4.68,false,1,
7290014397767,false,ריצפז פרש הום כותנה מלטפת 2ל,החב הדרומית לשיווק,,,"י""ח",1.45,ליטר,false,1,16.90,11.66,false,1,
7290014397774,false,ריצפז פרש  הום טבע רענן 2ל לרצפה,החב הדרומית לשיווק,,,"י""ח",1.45,ליטר,false,1,16.90,11.66,false,1,
7290014397781,false,ריצפז פרש הום סבון מפנק  2ל לרצפה,החב הדרומית לשיווק,,,"י""ח",1.45,ליטר,false,1,16.90,11.66,false,1,
7290014397835,false,סנו מט סמארט,החב הדרומית לשיווק,,,"י""ח",1,,false,1,38.40,38.40,false,1,
7290014397873,false,מרכך כביסה  מקסימה GENTLE BREEZE י4ל`,החב הדרומית לשיווק,,,"י""ח",4,ליטר,false,1,18.70,4.68,false,1,
7290014455245,false,גרנה פדנו משולש 200ג,מחלבות גד,,,"י""ח",200,ל  גרם,false,1,20.40,10.20,false,1,
7290014455252,false,גרנה פדנו מגורד 100ג,מחלבות גד,,,"י""ח",100,ל  גרם,false,1,9.30,9.30,false,1,
7290014455320,false,כדור מוצרלה פרסקה 100ג,מחלבות גד,,,"י""ח",100,ל  גרם,false,1,7.60,7.60,false,1,
7290014459373,false,"תפוגן ציפס קראנצי לתנור 1.5ק""ג",קבוצת אוסם סחר-שות.מוגבלת,,,"י""ח",1.50,"ק""ג",false,1,21.30,14.20,false,1,
7290014459472,false,"תפוגן צ יפס קלאסי 2ק""ג  (תפוגן)",קבוצת אוסם סחר-שות.מוגבלת,,,"י""ח",2.50,"ק""ג",false,1,25.60,10.24,false,1,
7290014459632,false,"תפוגן צ יפס טוגן 1.5 ק""ג",קבוצת אוסם סחר-שות.מוגבלת,,,"י""ח",1.50,"ק""ג",false,1,15.30,10.20,false,1,
7290014466128,false,"יין הר חרמון אינדיגו 750 מ""ל",היכל היין שקד גולן בעמ,,,"י""ח",750,"ל  מ""ל",false,1,33.90,4.48,true,1,
7290014466463,false,"יין הר חרמון מוסקטו 750 מ""ל",היכל היין שקד גולן בעמ,,,"י""ח",750,"ל  מ""ל",false,1,30.70,4.05,true,1,
7290014466609,false,יין גמלא מרלו `2016,היכל היין שקד גולן בעמ,,,"י""ח",1,,false,1,55.50,55.50,true,1,
7290014471412,false,"מוזלי בוטנים אגוזים ושקדים 1ק""ג",דין שיווק וקליה 2021 בעמ,,,"י""ח",0,"ק""ג",false,1,17,17,true,1,
7290014471429,false,"מוזלי פירות 1ק""ג",דין שיווק וקליה 2021 בעמ,,,"י""ח",0,"ק""ג",false,1,17,17,true,1,
7290014471436,false,"מוזלי צימוקים תפוח קינמון רגעיני חמ 1ק""ג",דין שיווק וקליה 2021 בעמ,,,"י""ח",0,"ק""ג",false,1,17,17,true,1,
7290014472136,false,גרעין שחור קלוי 150גר ששון הקולה,דין שיווק וקליה 2021 בעמ,,,"י""ח",150,ל  גרם,false,1,3,2,false,1,
7290014472426,false,קונפיטורה דובדבן 70% פרי 450גר,דין שיווק וקליה 2021 בעמ,,,"י""ח",450,ל  גרם,false,1,11.80,2.62,false,1,
7290014472433,false,קונפיטורה תות שדה 450גר,דין שיווק וקליה 2021 בעמ,,,"י""ח",450,ל  גרם,false,1,11.80,2.62,false,1,
7290014472471,false,גרעין חמניה קלוי ענק 200גר,דין שיווק וקליה 2021 בעמ,,,"י""ח",200,ל  גרם,false,1,6.80,3.40,false,1,
7290014472990,false,ממרח 100% שקדים 300גר,דין שיווק וקליה 2021 בעמ,,,"י""ח",300,ל  גרם,false,1,23.90,7.97,false,1,
7290014525290,false,מרבה סלים דלים קריספי תות 125ג,ש.שסטוביץ בעמ,,,"י""ח",120,ל  גרם,false,1,11,9.17,true,1,
7290014525306,false,מרבה סלים דלים קריספי אוכמניות  125ג,ש.שסטוביץ בעמ,,,"י""ח",120,ל  גרם,false,1,11,9.17,true,1,
7290014525313,false,מרבה סלים דלים קריספי שוקולד  125ג,ש.שסטוביץ בעמ,,,"י""ח",120,ל  גרם,false,1,11,9.17,true,1,
7290014525665,false,על חלל עוגיות קקאו עם סוכריות שוקולד .,ש.שסטוביץ בעמ,,,"י""ח",140,ל  גרם,false,1,8.50,6.07,false,1,
7290014525672,false,על חלל עוגיות עם סוכריות שוקולד ח.,ש.שסטוביץ בעמ,,,"י""ח",140,ל  גרם,false,1,8.50,6.07,false,1,
7290014555082,false,מים מזוקקים 4ל מקסול,סאסאטק אגשח בעמ,,,"י""ח",1,,false,1,10.20,10.20,false,1,
7290014562691,false,פריכיות תירס דקות מרובעות 130גר,בטר אנד דיפרנט בעמ,,,"י""ח",130,ל  גרם,false,1,5.80,4.46,false,1,
7290014673021,false,פלפל שחור שלם 100גר,א.ל.יצור ושיווקתבלינים בעמ,,,"י""ח",100,ל  גרם,false,1,12.40,12.40,false,1,
7290014673038,false,תערובת תיבול טוסקנה 120ג,א.ל.יצור ושיווקתבלינים בעמ,,,"י""ח",120,ל  גרם,false,1,9.80,8.17,true,1,
7290014673106,false,פפריקה אדומה גרוסה בשמן 400ג,א.ל.יצור ושיווקתבלינים בעמ,,,"י""ח",400,ל  גרם,false,1,19.60,4.90,false,1,
7290014673366,false,"כורכום 250 גר. בצנצנת כשל""פ",א.ל.יצור ושיווקתבלינים בעמ,,,"י""ח",250,ל  גרם,false,1,18.70,7.48,false,1,
7290014673373,false,פפריקה חריפה 250 גר בצנצנת,א.ל.יצור ושיווקתבלינים בעמ,,,"י""ח",250,ל  גרם,false,1,18.70,7.48,false,1,
7290014673380,false,כמון 250 גר בצנצנת,א.ל.יצור ושיווקתבלינים בעמ,,,"י""ח",250,ל  גרם,false,1,18.70,7.48,false,1,
7290014673403,false,פלפל שחור טחון 250 גר בצנצנת,א.ל.יצור ושיווקתבלינים בעמ,,,"י""ח",250,ל  גרם,false,1,23.90,9.56,false,1,
7290014673410,false,פלפל גרוס דק 250 גר בצנצנת,א.ל.יצור ושיווקתבלינים בעמ,,,"י""ח",250,ל  גרם,false,1,23.90,9.56,false,1,
7290014673434,false,פלפל שחור גרוס דק  שקית 80ג,א.ל.יצור ושיווקתבלינים בעמ,,,"י""ח",80,ל  גרם,false,1,7.60,9.50,false,1,
7290014692305,false,גבינת קממבר  125ג  ויליפוד,ג.וילי פוד אינטרנשיונל בעמ,,,"י""ח",125,ל  גרם,false,1,16.40,13.12,false,1,
7290014692541,false,צהובה מגורדת 500ג Golden,ג.וילי פוד אינטרנשיונל בעמ,,,"י""ח",500,ל  גרם,false,1,17,3.40,false,1,
7290014692565,false,גרעיני תירס מתוק 285/320ג,ג.וילי פוד אינטרנשיונל בעמ,,,"י""ח",320,ל  גרם,false,1,5,1.56,true,1,
7290014692749,false,"שמן זית 750מ""ל COSTA D`ORO..",ג.וילי פוד אינטרנשיונל בעמ,,,"י""ח",750,"ל  מ""ל",false,1,25.60,3.41,false,1,
7290014692817,false,גבינת מוצרלה מגורדת 200ג ויליפוד,ג.וילי פוד אינטרנשיונל בעמ,,,"י""ח",200,ל  גרם,false,1,9.30,4.65,false,1,
7290014725348,false,סוכרזית קלאסי 100שק.,"שטראוס גרופ בע""מ",,,"י""ח",100,"י""ח",false,1,11.60,0.12,true,1,
7290014746145,false,שניצל מקצועי שומשום,בלדי בעמ,,,"י""ח",1,,false,1,25.60,25.60,false,1,
7290014748613,false,מקלוני דגים בציפוי צ`יפס 600 ג,קבוצת אוסם סחר-שות.מוגבלת,,,"י""ח",170,ל  גרם,false,1,23.90,14.06,false,1,
7290014749245,false,עוף טוב ספיישל רצועות שניצל 600גר,קבוצת אוסם סחר-שות.מוגבלת,,,"י""ח",700,ל  גרם,false,1,28.10,4.01,true,1,
7290014749887,false,שניצל דק ענק קריספי קלאסי עוף טוב.,קבוצת אוסם סחר-שות.מוגבלת,,,"י""ח",720,ל  גרם,false,1,24.70,3.43,true,1,
7290014758162,false,חלב עיזים מלא 3.6%,תנובה בעמ ***,,,"י""ח",1,ליטר,false,1,12.90,12.90,false,1,
7290014759084,false,נפוליאון 16% סקיני 225גר,תנובה בעמ ***,,,"י""ח",225,ל  גרם,false,1,12.10,5.38,false,1,
7290014759534,false,בולגרית למריחה טבעי 5% 200ג,תנובה בעמ ***,,,"י""ח",200,ל  גרם,false,1,12.20,6.10,false,1,
7290014760134,false,מעדן סויה טעם וניל,תנובה בעמ ***,,,"י""ח",125,"ל  מ""ל",false,1,3.70,2.96,false,1,
7290014760141,false,משקה שקדים טרי 1ל,תנובה בעמ ***,,,"י""ח",1,ליטר,false,1,11,11,true,1,
7290014760448,false,גלבוע פרוס 22% 400ג,תנובה בעמ ***,,,"י""ח",400,ל  גרם,false,1,19.60,4.90,false,1,
7290014760912,false,גוש חלב 28% מהדרין 400ג,תנובה בעמ ***,,,"י""ח",400,ל  גרם,false,1,22.10,5.53,false,1,
7290014761056,false,YOLO מעדן שוקולד חלב מעולה,תנובה בעמ ***,,,"י""ח",123,"ל  מ""ל",false,1,3.90,3.17,false,1,
7290014761063,false,YOLO מעדן שוקולד מריר  מעולה,תנובה בעמ ***,,,"י""ח",123,"ל  מ""ל",false,1,3.90,3.17,false,1,
7290014761070,false,YOLO מעדן שוקולד לבן מעולה,תנובה בעמ ***,,,"י""ח",123,"ל  מ""ל",false,1,3.90,3.17,false,1,
7290014761414,false,YOLO מעדן שכבות שוקולד חלב ולבן,תנובה בעמ ***,,,"י""ח",123,"ל  מ""ל",false,1,3.90,3.17,false,1,
7290014761438,false,בולגרית 24% פיראוס סמי מעדניה  400ג,תנובה בעמ ***,,,"י""ח",400,ל  גרם,false,1,24.40,6.10,false,1,
7290014761612,false,YOLO מעדן שוקולד מריר ולבן,תנובה בעמ ***,,,"י""ח",123,"ל  מ""ל",false,1,3.90,3.17,false,1,
7290014761698,false,"עמק סמי מעדנייה 600ג בד""ץ",תנובה בעמ ***,,,"י""ח",600,ל  גרם,false,1,25.60,4.27,false,1,
7290014762831,false,נפוליאון עם חלפיניו 225 ג`,תנובה בעמ ***,,,"י""ח",225,ל  גרם,false,1,12.10,5.38,false,1,
7290014762909,false,מוצרלה פתיתים 20% שומן 200ג,תנובה בעמ ***,,,"י""ח",200,ל  גרם,false,1,13.60,6.80,false,1,
7290014791336,false,מי מינרלים בודד ליטר,יפאורה שותפות מוגבלת לשיווק,,,"י""ח",500,"ל  מ""ל",false,1,3.60,0.66,false,1,
7290014800977,false,אמול נטורל לתינוק 500גר,פישר תעשיות פרמבצטיות בעמ,,,"י""ח",500,ל  גרם,false,1,81.10,16.22,true,1,
7290014855434,false,מגבונים בייבי סיטר פרפורמנס רבעייה מבו,שקד תבל בעמ,,,"י""ח",1,,false,1,13.60,13.60,true,1,
7290014855458,false,מגבונים בייבי סיטר פרפורמנס רבעייה ללא,שקד תבל בעמ,,,"י""ח",1,,false,1,13.60,13.60,true,1,
7290014860070,false,"מקלוני אורז ללא גלוטן 5מ""מ 454גר",מזרח ומערב יבוא ושיווק,,,"י""ח",454,ל  גרם,false,1,9.30,2.05,true,1,
7290014860988,false,"קרם קוקוס 17% סלבס 400מ""ל מזרח ומערב",מזרח ומערב יבוא ושיווק,,,"י""ח",400,"ל  מ""ל",false,1,8.50,2.13,true,1,
7290014901315,false,"סנסודיין הגנה מלאה 75 אקסטרה פרש 75מ""ל",גורי ע.ע.ע. בעמ,,,"י""ח",75,ל  גרם,false,1,22.10,29.47,true,1,
7290014901896,false,"סנסודין מי פה 500 מ""ל",גורי ע.ע.ע. בעמ,,,"י""ח",300,"ל  מ""ל",false,1,17,5.67,true,1,
7290014905160,false,פניני ריח לאוויר XL,יעקב יעקבי ובניו בעמ,,,"י""ח",1,,false,1,8.50,8.50,false,1,
7290014905498,false,הפי מטליות גם וגם,יעקב יעקבי ובניו בעמ,,,"י""ח",1,,false,1,10.10,10.10,false,1,
7290014940901,false,לחם פשוט מלא.אנגל,שלמה א.אנג ל בעמ,,,"י""ח",750,ל  גרם,false,1,12.70,1.69,false,1,
7290015014168,false,בייבי מיקס בוסטן,ביכורי השדה צפון 1994 ג.ד. בעמ,,,"י""ח",300,ל  גרם,false,1,9.90,3.30,false,1,
7290015014182,false,לבבות קיסר,ביכורי השדה צפון 1994 ג.ד. בעמ,,,"י""ח",300,ל  גרם,false,1,9.90,3.30,true,1,
7290015014427,false,אורגנו,ביכורי השדה צפון 1994 ג.ד. בעמ,,,"י""ח",1,,false,1,6.90,6.90,false,1,
7290015014458,false,מרווה,ביכורי השדה צפון 1994 ג.ד. בעמ,,,"י""ח",1,,false,1,6.90,6.90,false,1,
7290015014465,false,רוזמרין,ביכורי השדה צפון 1994 ג.ד. בעמ,,,"י""ח",1,,false,1,6.90,6.90,false,1,
7290015014472,false,טימין,ביכורי השדה צפון 1994 ג.ד. בעמ,,,"י""ח",1,,false,1,6.90,6.90,false,1,
7290015027021,false,עוגות שמרים פרימיום 500גר,הלל בן הלל שיווק ומסחר בעמ,,,"י""ח",500,ל  גרם,false,1,18.70,3.74,false,1,
7290015037396,false,נענע חסלט,יעל ירק עלים לשיווק בעמ,,,"י""ח",1,,false,1,6.30,6.30,false,1,
7290015037419,false,סלרי אמריקאי אוצר הארץ,יעל ירק עלים לשיווק בעמ,,,"י""ח",1,,false,1,7.30,7.30,false,1,
7290015037433,false,חסה חסלט,יעל ירק עלים לשיווק בעמ,,,"י""ח",400,ל  גרם,false,1,7.30,1.83,false,1,
7290015039246,false,טונה וילפוד 4 יחידות בשמן צימחי,ג.וילי פוד אינטרנשיונל בעמ,,,"י""ח",640,ל  גרם,false,1,17,2.66,false,1,
7290015039253,false,עלי גפן במי מלח 620גר,ג.וילי פוד אינטרנשיונל בעמ,,,"י""ח",620,ל  גרם,false,1,8.60,1.39,false,1,
7290015039338,false,נתחי טונה במים רביעייה 160ג,ג.וילי פוד אינטרנשיונל בעמ,,,"י""ח",640,ל  גרם,false,1,17,2.66,false,1,
7290015039499,false,"עוגיות איטלקיות מובחרות 1ק""ג",ג.וילי פוד אינטרנשיונל בעמ,,,"י""ח",1,"ק""ג",false,1,11,11,true,1,
7290015139250,false,שוקולד כרמית מריר עם פצ.אור ללא סוכר 8,כרמית תעשיות ממתקים בעמ,,,"י""ח",85,ל  גרם,false,1,5.50,6.47,true,1,
7290015150088,false,מחית עגבניות בלה איטליה 700גר,תה ויסוצקי (ישראל)בעמ,,,"י""ח",700,ל  גרם,false,1,10.90,1.56,true,1,
7290015150583,false,תה ירוק לימון דבש,תה ויסוצקי (ישראל)בעמ,,,"י""ח",37.50,ל  גרם,false,1,21.30,56.80,true,1,
7290015150590,false,תה ירוק ג`ינג`ר חריף,תה ויסוצקי (ישראל)בעמ,,,"י""ח",37.50,ל  גרם,false,1,21.30,56.80,true,1,
7290015155830,false,פרינוק מחית תפוח ובננה 120ג,גורי מוצרי צריכה בעמ,,,"י""ח",120,ל  גרם,false,1,5,4.17,true,1,
7290015155847,false,פרינוק מחית תסלט פירות  120ג,גורי מוצרי צריכה בעמ,,,"י""ח",120,ל  גרם,false,1,5,4.17,true,1,
7290015155885,false,חטיפטף בטעם אוכמניות 30גר,גורי מוצרי צריכה בעמ,,,"י""ח",1,,false,1,5.90,5.90,false,1,
7290015156769,false,פרינוק מחית תפוח ואוכמניות 120ג,גורי מוצרי צריכה בעמ,,,"י""ח",120,ל  גרם,false,1,5,4.17,true,1,
7290015156776,false,פרינוק מחית פירות טרופיים 120ג,גורי מוצרי צריכה בעמ,,,"י""ח",120,ל  גרם,false,1,5,4.17,true,1,
7290015156790,false,פרינוק מחית לפתן פירות 120ג,גורי מוצרי צריכה בעמ,,,"י""ח",120,ל  גרם,false,1,5,4.17,true,1,
7290015164818,false,מחית קארי צהובה  400גר,מזרח ומערב יבוא ושיווק,,,"י""ח",400,ל  גרם,false,1,17,4.25,false,1,
7290015164832,false,מחית קארי ירוקה 400גר,מזרח ומערב יבוא ושיווק,,,"י""ח",400,ל  גרם,false,1,17,4.25,false,1,
7290015164856,false,מחית קארי אדומה 400גר,מזרח ומערב יבוא ושיווק,,,"י""ח",400,ל  גרם,false,1,17,4.25,false,1,
7290015282581,false,חומוס אבו גוש עם חריף 200ג,סלטי שמיר2006בעמ,,,"י""ח",200,ל  גרם,false,1,10.20,5.10,true,1,
7290015282598,false,חומוס מסעדות  200ג,סלטי שמיר2006בעמ,,,"י""ח",200,ל  גרם,false,1,10.20,5.10,true,1,
7290015282604,false,טחינה מיוחדת  200ג,סלטי שמיר2006בעמ,,,"י""ח",200,ל  גרם,false,1,10.20,5.10,true,1,
7290015282628,false,חציל בטעם כבד  200ג,סלטי שמיר2006בעמ,,,"י""ח",200,ל  גרם,false,1,11,5.50,true,1,
7290015282635,false,חומוס מסבחה  200ג,סלטי שמיר2006בעמ,,,"י""ח",200,ל  גרם,false,1,10.20,5.10,true,1,
7290015282642,false,חומוס אבו גוש  200ג,סלטי שמיר2006בעמ,,,"י""ח",200,ל  גרם,false,1,10.20,5.10,true,1,
7290015282666,false,סלט טונה בריאות 200ג,סלטי שמיר2006בעמ,,,"י""ח",200,ל  גרם,false,1,16.20,8.10,false,1,
7290015282673,false,חציל במיונז ביתי   200ג,סלטי שמיר2006בעמ,,,"י""ח",200,ל  גרם,false,1,10.20,5.10,true,1,
7290015282697,false,כרוב אדום  200ג,סלטי שמיר2006בעמ,,,"י""ח",200,ל  גרם,false,1,11,5.50,true,1,
7290015282741,false,חציל תאילנדי  200ג,סלטי שמיר2006בעמ,,,"י""ח",200,ל  גרם,false,1,11,5.50,true,1,
7290015293624,false,"קמיל בלו אל סבון לתינוק  400מ""ל קמיל ב",פישר תעשיות פרמבצטיות בעמ,,,"י""ח",400,ל  גרם,false,1,25.60,6.40,false,1,
7290015347464,false,קינואה מעורבת  500 גרם,מיה תעשיות מזון מ.ת.מ בעמ,,,"י""ח",500,ל  גרם,false,1,12.70,2.54,true,1,
7290015347532,false,ציפס  בטטה עם שמן זית ועשבי טיבול 80ג,מיה תעשיות מזון מ.ת.מ בעמ,,,"י""ח",80,ל  גרם,false,1,8.50,10.63,false,1,
7290015347686,false,"צ`ילי 50גר שקית כשל""פ",מיה תעשיות מזון מ.ת.מ בעמ,,,"י""ח",50,ל  גרם,false,1,7.60,15.20,false,1,
7290015347709,false,"אגוז מוסקט 70גר צנצנת כשל""פ",מיה תעשיות מזון מ.ת.מ בעמ,,,"י""ח",70,ל  גרם,false,1,11.90,17,false,1,
7290015347730,false,צ`יפס בטטה מיקס 80גר,מיה תעשיות מזון מ.ת.מ בעמ,,,"י""ח",100,ל  גרם,false,1,8.50,8.50,false,1,
7290015348423,false,תירוש משפחה  1ליטר,טמפו משקאות בעמ,,,"י""ח",7.50,"י""ח",false,1,13.60,1.77,true,1,
7290015350242,false,"סטוק }84 ברנדי דבש 750מ""ל {",טמפו משקאות בעמ,,,"י""ח",750,ל  גרם,false,1,60,7.96,false,1,
7290015366366,false,מכשיר 8שעות 90לילות,גורי ע.ע.ע. בעמ,,,"י""ח",1,,false,1,33.80,33.80,false,1,
7290015366373,false,"אנתוש ילדים רול 50מ""ל.",גורי ע.ע.ע. בעמ,,,"י""ח",50,"ל  מ""ל",false,1,11,22,false,1,
7290015366380,false,"ספירה אנטוש ספריי 70מ""ל",גורי ע.ע.ע. בעמ,,,"י""ח",70,"ל  מ""ל",false,1,11,15.71,false,1,
7290015366663,false,אקווה פרש מנטה משחה 100,גורי ע.ע.ע. בעמ,,,"י""ח",100,ל  גרם,false,1,5,5,true,1,
7290015366670,false,אקווה פרש משחת שיניים 100,גורי ע.ע.ע. בעמ,,,"י""ח",100,ל  גרם,false,1,5,5,true,1,
7290015470094,false,טבלאות שוקולד טוסו  מר`שוקולד תפוז 100ג,דנשר (1963) בעמ,,,"י""ח",100,ל  גרם,false,1,7.60,7.60,false,1,
7290015596817,false,קרם גוף EFFECTIVE CARE מ.בשמן קוקוס,פישר תעשיות פרמבצטיות בעמ,,,"י""ח",450,"ל  מ""ל",false,1,21.30,4.73,true,1,
7290015597210,false,מאגדת טילון קורנטו פרווה 1/6,גלידות שטראוס בעמ,,,"י""ח",378,ל  גרם,false,1,29.80,7.88,false,1,
7290015597326,false,מאגדת אסקימו קלי קלות,גלידות שטראוס בעמ,,,"י""ח",1,,false,1,17,17,false,1,
7290015603195,false,אטריות תרד 454 גרם,מזרח ומערב יבוא ושיווק,,,"י""ח",454,ל  גרם,false,1,9.30,2.05,true,1,
7290015603201,false,אטריות מחיטה מלאה 454גר,מזרח ומערב יבוא ושיווק,,,"י""ח",454,ל  גרם,false,1,9.30,2.05,true,1,
7290015603560,false,"שימורי קרם קוקוס 20-22% 400מ""ל",מזרח ומערב יבוא ושיווק,,,"י""ח",400,"ל  מ""ל",false,1,8.50,2.13,false,1,
7290015603584,false,ג`יג`ר לבן כבוש 160ג,מזרח ומערב יבוא ושיווק,,,"י""ח",160,ל  גרם,false,1,6.80,4.25,false,1,
7290015603638,false,"אורז קלרוז 1ק""ג",מזרח ומערב יבוא ושיווק,,,"י""ח",1,"ק""ג",false,1,10.20,10.20,false,1,
7290015644297,false,לחמניות פשוט מלא 1/6,שלמה א.אנג ל בעמ,,,"י""ח",6,"י""ח",false,1,10.20,1.70,false,1,
7290015644426,false,לחם צרפתי חיטה מלאה ודגנים 600גרם,שלמה א.אנג ל בעמ,,,"י""ח",600,ל  גרם,false,1,14.40,2.40,false,1,
7290015644433,false,לחם צרפתי חיטה שיפון 100% קל 650גרם,שלמה א.אנג ל בעמ,,,"י""ח",650,ל  גרם,false,1,14.40,2.22,false,1,
7290015652254,false,גרעיני חמניה קלויים 400גרם ששון הקולה,דין שיווק וקליה 2021 בעמ,,,"י""ח",400,ל  גרם,false,1,8.50,2.13,false,1,
7290015652261,false,בוטנים קלויים 300 גרם,דין שיווק וקליה 2021 בעמ,,,"י""ח",300,ל  גרם,false,1,8.50,2.83,false,1,
7290015652278,false,תערובת פיצוחים 250גר ששון הקולה,דין שיווק וקליה 2021 בעמ,,,"י""ח",250,ל  גרם,false,1,17.10,6.84,false,1,
7290015652285,false,אגוזים קלופים 250גר מדבקה,דין שיווק וקליה 2021 בעמ,,,"י""ח",250,ל  גרם,false,1,17.10,6.84,false,1,
7290015652292,false,קבוקים עם שומשום 400 גרם,דין שיווק וקליה 2021 בעמ,,,"י""ח",400,ל  גרם,false,1,8.60,2.15,false,1,
7290015652308,false,מנצ`ס 300גרם,דין שיווק וקליה 2021 בעמ,,,"י""ח",300,ל  גרם,false,1,8.60,2.87,false,1,
7290015652322,false,בוטנים אמריקאים מצופים 400 גרם,דין שיווק וקליה 2021 בעמ,,,"י""ח",400,ל  גרם,false,1,8.60,2.15,false,1,
7290015652407,false,7290017477159פיסטוק קלוי 250גר,דין שיווק וקליה 2021 בעמ,,,"י""ח",250,ל  גרם,false,1,17.10,6.84,false,1,
7290015733120,false,מטרנה גולד שלב 1 700גר,קבוצת אוסם סחר-שות.מוגבלת,,,"י""ח",700,ל  גרם,false,1,64,9.14,true,1,
7290015733205,false,מטרנה אקסטרה קר שלב 1 מהדרין 700גר`,קבוצת אוסם סחר-שות.מוגבלת,,,"י""ח",700,ל  גרם,false,1,51.20,7.31,false,1,
7290015733243,false,מטרנה אקסטרה קר שלב 3 מהדרין 700גר`,קבוצת אוסם סחר-שות.מוגבלת,,,"י""ח",700,ל  גרם,false,1,51.20,7.31,false,1,
7290015733427,false,מטרנה דיסת גם וגם וניל 300גר,קבוצת אוסם סחר-שות.מוגבלת,,,"י""ח",300,ל  גרם,false,1,16.20,5.40,false,1,
7290015733977,false,מטרנה  קומפורט 700גר HMO,קבוצת אוסם סחר-שות.מוגבלת,,,"י""ח",700,ל  גרם,false,1,58,8.29,false,1,
7290015781008,false,"יין מרלו VISION 750מ""ל",יקבי טפרברג 1870 בעמ,,,"י""ח",750,"ל  מ""ל",false,1,34.20,4.52,true,1,
7290015781046,false,"יין לבן חצי יבש VISION 750מ""ל",יקבי טפרברג 1870 בעמ,,,"י""ח",750,"ל  מ""ל",false,1,34.20,4.52,true,1,
7290015781053,false,"יין לבן יבש VISION 750מ""ל",יקבי טפרברג 1870 בעמ,,,"י""ח",750,"ל  מ""ל",false,1,34.20,4.52,true,1,
7290015781091,false,"יין קברנה סביניון VISION 750מ""ל",יקבי טפרברג 1870 בעמ,,,"י""ח",750,"ל  מ""ל",false,1,34.20,4.52,true,1,
7290015781114,false,"יין מרלו IMPRESSION  750מ""ל",יקבי טפרברג 1870 בעמ,,,"י""ח",750,"ל  מ""ל",false,1,42.70,5.65,true,1,
7290015781121,false,"יין קברנה סוביניון IMPRESSION  750מ""ל",יקבי טפרברג 1870 בעמ,,,"י""ח",750,"ל  מ""ל",false,1,42.70,5.65,true,1,
7290015781268,false,"יין אדום מוסקטו  750מ""ל",יקבי טפרברג 1870 בעמ,,,"י""ח",750,"ל  מ""ל",false,1,34.20,4.52,true,1,
7290015781282,false,"יין גוורצטרמינר  IMPRESSION  750מ""ל",יקבי טפרברג 1870 בעמ,,,"י""ח",750,"ל  מ""ל",false,1,42.70,5.65,true,1,
7290015781305,false,"יין סירה IMPRESSION  750מ""ל",יקבי טפרברג 1870 בעמ,,,"י""ח",750,"ל  מ""ל",false,1,42.70,5.65,true,1,
7290015856935,false,ביסקוויט אקסטרא בטעם חמאה 400גר הדר.,ח.כהן סוכנות מזון ומשקאות בע,,,"י""ח",500,ל  גרם,false,1,5.90,1.18,false,1,
7290015858106,false,פסטו ביתי  על הלחם 180גר*,"שטראוס גרופ ***בע""מ",,,"י""ח",180,ל  גרם,false,1,13.60,7.56,true,1,
7290015858113,false,ממרח עגבניות מיובשות 180גר,"שטראוס גרופ ***בע""מ",,,"י""ח",180,ל  גרם,false,1,13.60,7.56,true,1,
7290015858151,false,ממרח שום 180ג עללחם*,"שטראוס גרופ ***בע""מ",,,"י""ח",180,ל  גרם,false,1,13.60,7.56,true,1,
7290015858229,false,טפנד זיתי קלמטה  180גר,"שטראוס גרופ ***בע""מ",,,"י""ח",180,ל  גרם,false,1,13.60,7.56,true,1,
7290015858328,false,איולי פסטו עללחם 295גר*,"שטראוס גרופ ***בע""מ",,,"י""ח",295,ל  גרם,false,1,12.70,4.31,true,1,
7290015858427,false,מארז ממרח  240ג עללחם*,"שטראוס גרופ ***בע""מ",,,"י""ח",240,ל  גרם,false,1,21.30,8.88,true,1,
7290015858441,false,איולי פלפלים עללחם 295גר*,"שטראוס גרופ ***בע""מ",,,"י""ח",295,ל  גרם,false,1,12.70,4.31,true,1,
7290015858687,false,איולי שום עללחם 295גר*,"שטראוס גרופ ***בע""מ",,,"י""ח",295,ל  גרם,false,1,12.70,4.31,true,1,
7290015858694,false,איולי שום לימון עללחם 295גר*,"שטראוס גרופ ***בע""מ",,,"י""ח",295,ל  גרם,false,1,12.70,4.31,true,1,
7290015875189,false,פיקס ג`ל פיתיון לנמלים טאצ`,סאסאטק אגשח בעמ,,,"י""ח",1,"י""ח",false,1,38.40,38.40,false,1,
7290015875202,false,סופר ג`ל פיתיון לתיקנים טאצ`.,סאסאטק אגשח בעמ,,,"י""ח",1,"י""ח",false,1,38.40,38.40,false,1,
7290015888301,false,שמן חמניות 3 ל,בני ג ורג שוקחה (חיפה) בעמ,,,"י""ח",3,ליטר,false,1,31.50,10.50,false,1,
7290015889605,false,"פסטיס 700מ""ל",אחים אוחיון משקאות בעמ,,,"י""ח",700,"ל  מ""ל",false,1,42.70,6.06,true,1,
7290015951227,false,גמלא השמורה,היכל היין שקד גולן בעמ,,,"י""ח",750,"ל  מ""ל",false,1,54.70,7.25,true,1,
7290015951869,false,"יין הר חרמון רוזה 750 מ""ל",היכל היין שקד גולן בעמ,,,"י""ח",750,"ל  מ""ל",false,1,30.70,4.05,true,1,
7290015968140,false,אטבי אחיזה רחבה בעיצוב איטלק 36 יח במא,אינטרסן (1996) בעמ,,,"י""ח",48,"י""ח",false,1,13.60,0.28,true,1,
7290015968294,false,"נובי כוס הפלא 240מ""ל עם מכסה וידיות",אינטרסן (1996) בעמ,,,"י""ח",240,"ל  מ""ל",false,1,34.10,14.21,false,1,
7290015996983,false,סוכרלוז 100 שק`0 קלוריות,"שטראוס גרופ בע""מ",,,"י""ח",100,ל  גרם,false,1,23.90,23.90,true,1,
7290016006025,false,שוופס לסודה 0.5ל,יפאורה שותפות מוגבלת לשיווק,,,"י""ח",500,"ל  מ""ל",false,1,2.30,0.40,false,1,
7290016006292,false,ספרינג נקטר מנגו בננה מלון 1ל,יפאורה שותפות מוגבלת לשיווק,,,"י""ח",1,ליטר,false,1,5.90,5.90,true,1,
7290016006339,false,מי עדן 1ל רביעייה,יפאורה שותפות מוגבלת לשיווק,,,"י""ח",9,ליטר,false,1,9.30,0.92,false,1,
7290016006346,false,סודה שוופס 0.5ל שישייה,יפאורה שותפות מוגבלת לשיווק,,,"י""ח",300,"ל  מ""ל",false,1,12.70,3.73,true,1,
7290016035025,false,לחם פשתן 450ג,נאמן לאורך זמן בעמ,,,"י""ח",450,ל  גרם,false,1,22.10,4.91,false,1,
7290016047127,false,צ`ריסוס 250גר,א.ג בחירה חכמה בעמ,,,"י""ח",250,ל  גרם,false,1,19.60,7.84,false,1,
7290016047226,false,מיני צ`ריסוס 250גר,א.ג בחירה חכמה בעמ,,,"י""ח",250,ל  גרם,false,1,19.60,7.84,false,1,
7290016087499,false,עגבניות חתוכות דק 400ג שלישיה,ח.כהן סוכנות מזון ומשקאות בע,,,"י""ח",400,ל  גרם,false,1,11,2.75,false,1,
7290016096507,false,טונה  בשמן קנולה  80גרם*מארז שלישיה,תעשיות פילטונה בעמ,,,"י""ח",240,ל  גרם,false,1,10.20,4.25,true,1,
7290016096934,false,זוגות סלט טונה 160גר פילטונה,תעשיות פילטונה בעמ,,,"י""ח",320,ל  גרם,false,1,10.20,3.19,true,1,
7290016114300,false,לילי גליל כפול 16 גלילים,קימברלי קלארק ישראל שיווק בעמ,,,"י""ח",1953,ל  גרם,false,1,35.80,1.83,true,1,
7290016136142,false,תערובת לפנקייק ללא גלוטן 400גר GFREE,גורי מוצרי צריכה בעמ,,,"י""ח",400,ל  גרם,false,1,18.70,4.68,false,1,
7290016144079,false,"קמח חיטה כפרי   1ק""ג",תה ויסוצקי (ישראל)בעמ,,,"י""ח",1,"ק""ג",false,1,10.20,10.20,false,1,
7290016150117,false,סלק בואקום לירון 500גר,ביכורי השדה צפון 1994 ג.ד. בעמ,,,"י""ח",500,ל  גרם,false,1,7.60,1.52,true,1,
7290016162264,false,עוגת גבינה אפויה  רנסנס 450גר,קפולסקי אדל בעמ,,,"י""ח",450,ל  גרם,false,1,38.40,8.53,false,1,
7290016197488,false,מטלית קסם לשיש שלשות.,קימברלי קלארק ישראל שיווק בעמ,,,"י""ח",3,"י""ח",false,1,10.20,3.40,false,1,
7290016197495,false,מטלית קסם לרצפה זוג ניקול.,קימברלי קלארק ישראל שיווק בעמ,,,"י""ח",2,"י""ח",false,1,18.70,9.35,false,1,
7290016197600,false,דיפנד  תחבושות נורמל,קימברלי קלארק ישראל שיווק בעמ,,,"י""ח",1,,false,1,17,17,true,1,
7290016197624,false,דיפנד  תחבושות  סופר,קימברלי קלארק ישראל שיווק בעמ,,,"י""ח",1,,false,1,17,17,true,1,
7290016197839,false,שקיות החזקה XL ניקול,קימברלי קלארק ישראל שיווק בעמ,,,"י""ח",1,"י""ח",false,1,20.40,20.40,false,1,
7290016197853,false,ניקול אשפתון פחים בינונים 50יח,קימברלי קלארק ישראל שיווק בעמ,,,"י""ח",50,"י""ח",false,1,13.60,0.27,false,1,
7290016197877,false,שקית לפחי מטבח קטנים M,קימברלי קלארק ישראל שיווק בעמ,,,"י""ח",1,"י""ח",false,1,19.60,19.60,false,1,
7290016217643,false,חמוצים סיני אסלי 400ג,סלטי שמיר2006בעמ,,,"י""ח",400,ל  גרם,false,1,9.30,2.33,true,1,
7290016217742,false,חיצל בטחינה  200ג,סלטי שמיר2006בעמ,,,"י""ח",200,ל  גרם,false,1,10.20,5.10,true,1,
7290016245929,false,לחם טחינה עשיר חלבון 450ג,נאמן לאורך זמן בעמ,,,"י""ח",450,ל  גרם,false,1,23,5.11,false,1,
7290016270709,false,עגבניות שרי קלמרים.,ביכורי השדה צפון 1994 ג.ד. בעמ,,,"י""ח",1,,false,1,9.90,9.90,false,1,
7290016276756,false,מעדן 4 פירות 100% רכיבים פרי 284גר ללא,דין שיווק וקליה 2021 בעמ,,,"י""ח",284,ל  גרם,false,1,11.90,4.19,true,1,
7290016276763,false,מעדן שזיף 100% רכיבים פרי 284גר ללא,דין שיווק וקליה 2021 בעמ,,,"י""ח",284,ל  גרם,false,1,11.90,4.19,true,1,
7290016276831,false,תבשיל איטריות בטעם בקר 70גר.,דין שיווק וקליה 2021 בעמ,,,"י""ח",70,ל  גרם,false,1,4.20,6,false,1,
7290016276848,false,תבשיל איטריות בטעם עוף 70גר.,דין שיווק וקליה 2021 בעמ,,,"י""ח",70,ל  גרם,false,1,4.20,6,false,1,
7290016276855,false,תבשיל איטריות בטעם ירקות 70גר.,דין שיווק וקליה 2021 בעמ,,,"י""ח",70,ל  גרם,false,1,4.20,6,false,1,
7290016277470,false,שיבולת שועל דקה 350ג,דין שיווק וקליה 2021 בעמ,,,"י""ח",350,ל  גרם,false,1,3.30,0.94,true,1,
7290016321319,false,אל סבון פמלי לקשרי משאבה אדומה 1 לי,דנשר (1963) בעמ,,,"י""ח",1,ליטר,false,1,9.30,9.30,false,1,
7290016321661,false,פרש ואנס רביעייה SENSITIVA CARE,דנשר (1963) בעמ,,,"י""ח",4,"י""ח",false,1,17,4.25,true,1,
7290016321678,false,פרש ואנס רביעייה NATURAL CARE,דנשר (1963) בעמ,,,"י""ח",4,"י""ח",false,1,17,4.25,true,1,
7290016321883,false,נ.טואלט לח לילדים שלישייה פרשוואנס,דנשר (1963) בעמ,,,"י""ח",1,,false,1,11.90,11.90,false,1,
7290016329292,false,סבון מוצק 1/4 קמיל בלו 100ג*4יח.,פישר תעשיות פרמבצטיות בעמ,,,"י""ח",4,"י""ח",false,1,15.30,3.83,false,1,
7290016329308,false,סרקל קרם שיער]רוזמרין[,פישר תעשיות פרמבצטיות בעמ,,,"י""ח",325,ל  גרם,false,1,22.10,6.80,false,1,
7290016334050,false,סלרי חתוך.,ביכורי השדה צפון 1994 ג.ד. בעמ,,,"י""ח",1,,false,1,6.90,6.90,true,1,
7290016334166,false,לוף,ביכורי השדה צפון 1994 ג.ד. בעמ,,,"י""ח",1,,false,1,9.90,9.90,false,1,
7290016334173,false,פלפל טינקרבל שמיטה,ביכורי השדה צפון 1994 ג.ד. בעמ,,,"י""ח",1,,false,1,8.90,8.90,true,1,
7290016334180,false,מלפפון בייבי שמיטה,ביכורי השדה צפון 1994 ג.ד. בעמ,,,"י""ח",1,,false,1,8.90,8.90,true,1,
7290016334296,false,ברוקולי ארוז יחידה שמיטה,ביכורי השדה צפון 1994 ג.ד. בעמ,,,"י""ח",1,,false,1,11.90,11.90,false,1,
7290016334388,false,פלפל צ`ילי שמיטה,ביכורי השדה צפון 1994 ג.ד. בעמ,,,"י""ח",1,,false,1,7.90,7.90,false,1,
7290016334432,false,שורש פטרוזילה,ביכורי השדה צפון 1994 ג.ד. בעמ,,,"י""ח",1,,false,1,6.90,6.90,false,1,
7290016334456,false,בזיליקום,ביכורי השדה צפון 1994 ג.ד. בעמ,,,"י""ח",1,,false,1,5.90,5.90,false,1,
7290016334494,false,חסה ערבית,ביכורי השדה צפון 1994 ג.ד. בעמ,,,"י""ח",1,,false,1,4.90,4.90,false,1,
7290016334500,false,חסה לבבות מארז זוג,ביכורי השדה צפון 1994 ג.ד. בעמ,,,"י""ח",300,ל  גרם,false,1,8.90,2.97,false,1,
7290016334579,false,פטרוזיליה ארוז,ביכורי השדה צפון 1994 ג.ד. בעמ,,,"י""ח",1,,false,1,3.90,3.90,true,1,
7290016334586,false,כוסברה ארוז,ביכורי השדה צפון 1994 ג.ד. בעמ,,,"י""ח",1,,false,1,4.90,4.90,true,1,
7290016334593,false,שמיר ארוז,ביכורי השדה צפון 1994 ג.ד. בעמ,,,"י""ח",1,,false,1,4.90,4.90,true,1,
7290016334609,false,נענע,ביכורי השדה צפון 1994 ג.ד. בעמ,,,"י""ח",1,,false,1,4.90,4.90,true,1,
7290016334616,false,בצל ירוק,ביכורי השדה צפון 1994 ג.ד. בעמ,,,"י""ח",1,,false,1,4.90,4.90,false,1,
7290016334623,false,סלרי עלים,ביכורי השדה צפון 1994 ג.ד. בעמ,,,"י""ח",1,"י""ח",false,1,5.90,5.90,false,1,
7290016334647,false,סלק עלים,ביכורי השדה צפון 1994 ג.ד. בעמ,,,"י""ח",1,,false,1,6.90,6.90,false,1,
7290016334654,false,תרד ניוזילנדי 200גר.,ביכורי השדה צפון 1994 ג.ד. בעמ,,,"י""ח",200,ל  גרם,false,1,14.90,7.45,false,1,
7290016334784,false,גינגר ארוז 200ג שמיטה,ביכורי השדה צפון 1994 ג.ד. בעמ,,,"י""ח",1,,false,1,11.90,11.90,false,1,
7290016334814,false,חסה סלנובה,ביכורי השדה צפון 1994 ג.ד. בעמ,,,"י""ח",1,,false,1,11.90,11.90,false,1,
7290016334883,false,שרי תמר בוסתן שמיטה,ביכורי השדה צפון 1994 ג.ד. בעמ,,,"י""ח",1,,false,1,11.90,11.90,false,1,
7290016334890,false,שרי ליקופן שמיטה,ביכורי השדה צפון 1994 ג.ד. בעמ,,,"י""ח",1,,false,1,11.90,11.90,false,1,
7290016334906,false,מיקס עגבניות שרי.,ביכורי השדה צפון 1994 ג.ד. בעמ,,,"י""ח",1,,false,1,12.90,12.90,false,1,
7290016334975,false,אספרגוס.,ביכורי השדה צפון 1994 ג.ד. בעמ,,,"י""ח",1,,false,1,29.90,29.90,false,1,
7290016370096,false,זית מרוקאי יבש  A2 יבנה.,קבוצת יבנה מוצרי מזון בעמ,,,"י""ח",1,,false,1,11,11,false,1,
7290016370270,false,זית קלמטה ללא גלעין A2,קבוצת יבנה מוצרי מזון בעמ,,,"י""ח",560,ל  גרם,false,1,10.20,1.82,false,1,
7290016370973,false,פלפל קלויה גמביה בצנצנת 580 גרם,קבוצת יבנה מוצרי מזון בעמ,,,"י""ח",58,ל  גרם,false,1,8.50,14.66,false,1,
7290016372489,false,חליטת ג`ינג`ר ולימון סודות הצמחים,תה ויסוצקי (ישראל)בעמ,,,"י""ח",20,"י""ח",false,1,15.30,0.77,true,1,
7290016400168,false,שקיות צליה 10יח שווה,ח.כהן סוכנות מזון ומשקאות בע,,,"י""ח",10,"י""ח",false,1,4.20,0.42,true,1,
7290016400175,false,שקיות צליה ענק 5יח שווה,ח.כהן סוכנות מזון ומשקאות בע,,,"י""ח",10,"י""ח",false,1,4.20,0.42,true,1,
7290016400243,false,מפיות נייר תלת שכבתי מעוטרות 20יח שווה,ח.כהן סוכנות מזון ומשקאות בע,,,"י""ח",10,"י""ח",false,1,5.90,0.59,true,1,
7290016400298,false,שיפודים עבים 50יח שווה,ח.כהן סוכנות מזון ומשקאות בע,,,"י""ח",70,"י""ח",false,1,3.30,0.05,false,1,
7290016400304,false,שיפודים ענקיים 25יח שווה,ח.כהן סוכנות מזון ומשקאות בע,,,"י""ח",25,"י""ח",false,1,5.90,0.24,false,1,
7290016400380,false,גפרורים ארוך שווה,ח.כהן סוכנות מזון ומשקאות בע,,,"י""ח",10,"י""ח",false,1,5.90,0.59,true,1,
7290016400403,false,שקיות שחור 75/90 גליל 50יח  שווה,ח.כהן סוכנות מזון ומשקאות בע,,,"י""ח",50,"י""ח",false,1,12.70,0.25,false,1,
7290016400410,false,אשפטון גופיה 55/70 ירוק 40יח שווה,ח.כהן סוכנות מזון ומשקאות בע,,,"י""ח",40,"י""ח",false,1,12.70,0.32,false,1,
7290016400434,false,אשפתון גופיה 75/90 חזק אפור 25יח שווה,ח.כהן סוכנות מזון ומשקאות בע,,,"י""ח",25,"י""ח",false,1,15.30,0.61,true,1,
7290016400458,false,מפת גליל 45 מטר  שווה,ח.כהן סוכנות מזון ומשקאות בע,,,"י""ח",45,מטר,false,1,21.30,0.47,true,1,
7290016400502,false,גפרורים 10 חדש שווה,ח.כהן סוכנות מזון ומשקאות בע,,,"י""ח",10,"י""ח",false,1,3.40,0.34,false,1,
7290016400632,false,רשת צלייה קטנה  שווה,ח.כהן סוכנות מזון ומשקאות בע,,,"י""ח",1,"י""ח",false,1,17,17,false,1,
7290016400649,false,רשת צלייה גדולה   שווה,ח.כהן סוכנות מזון ומשקאות בע,,,"י""ח",1,"י""ח",false,1,21.30,21.30,false,1,
7290016400656,false,רשת צלייה ענקית    שווה,ח.כהן סוכנות מזון ומשקאות בע,,,"י""ח",1,"י""ח",false,1,26.40,26.40,false,1,
7290016400687,false,שיפודי ניקל 12יח שווה,ח.כהן סוכנות מזון ומשקאות בע,,,"י""ח",12,"י""ח",false,1,17,1.42,false,1,
7290016400694,false,רשת צלייה לכבד משובצת שווה,ח.כהן סוכנות מזון ומשקאות בע,,,"י""ח",1,"י""ח",false,1,25.60,25.60,false,1,
7290016400793,false,מפיות נייר 100יח שווה,ח.כהן סוכנות מזון ומשקאות בע,,,"י""ח",100,"י""ח",false,1,5,0.05,true,1,
7290016400960,false,"מפת פלאנל ח""פ אטומה לנוזלים שווה",ח.כהן סוכנות מזון ומשקאות בע,,,"י""ח",1,,false,1,6.80,6.80,false,1,
7290016401103,false,טורטיה ענקית 30 ס``מ 6 יח` שווה,ח.כהן סוכנות מזון ומשקאות בע,,,"י""ח",540,ל  גרם,false,1,10.20,1.89,true,1,
7290016401141,false,טורטיה תירס 1/8 320ג שווה,ח.כהן סוכנות מזון ומשקאות בע,,,"י""ח",320,ל  גרם,false,1,9.30,2.91,true,1,
7290016401158,false,נודלס דקות 200ג שווה,ח.כהן סוכנות מזון ומשקאות בע,,,"י""ח",200,ל  גרם,false,1,5,2.50,false,1,
7290016401172,false,נודלס דקות 400ג שווה,ח.כהן סוכנות מזון ומשקאות בע,,,"י""ח",400,ל  גרם,false,1,6.80,1.70,false,1,
7290016401196,false,"שמן קוקוס אורגני 500מ""ל  שווה",ח.כהן סוכנות מזון ומשקאות בע,,,"י""ח",500,"ל  מ""ל",false,1,29,5.80,true,1,
7290016401240,false,"נוזל קוקוס 400מ""ל 5-7% שווה",ח.כהן סוכנות מזון ומשקאות בע,,,"י""ח",400,"ל  מ""ל",false,1,6.80,1.70,false,1,
7290016401257,false,"קרם קוקוס 400מ""ל 21-22% שווה",ח.כהן סוכנות מזון ומשקאות בע,,,"י""ח",400,"ל  מ""ל",false,1,8.50,2.13,false,1,
7290016401295,false,"רוטב צילי מתוק 700מ""ל שווה",ח.כהן סוכנות מזון ומשקאות בע,,,"י""ח",700,"ל  מ""ל",false,1,10.20,1.46,false,1,
7290016401394,false,פטריות  חתוך  400ג  שווה,ח.כהן סוכנות מזון ומשקאות בע,,,"י""ח",400,ל  גרם,false,1,5,1.25,false,1,
7290016401400,false,פטריות  שלמות  400ג  שווה,ח.כהן סוכנות מזון ומשקאות בע,,,"י""ח",400,ל  גרם,false,1,7.60,1.90,false,1,
7290016401493,false,רוטב לימון משומר 1ליטר שווה,ח.כהן סוכנות מזון ומשקאות בע,,,"י""ח",1,ליטר,false,1,5.90,5.90,false,1,
7290016401509,false,חומץ 1ליטר 5% שווה,ח.כהן סוכנות מזון ומשקאות בע,,,"י""ח",1,ליטר,false,1,5,5,false,1,
7290016401578,false,זוג רדיד אלומיניום ארוך  שווה,ח.כהן סוכנות מזון ומשקאות בע,,,"י""ח",1,"י""ח",false,1,12.70,12.70,false,1,
7290016401585,false,זוג רדיד אלומיניות קצר   שווה,ח.כהן סוכנות מזון ומשקאות בע,,,"י""ח",1,"י""ח",false,1,9.30,9.30,false,1,
7290016401592,false,זוג ניילון נצמד ביתי  שווה,ח.כהן סוכנות מזון ומשקאות בע,,,"י""ח",1,"י""ח",false,1,10.20,10.20,true,1,
7290016401714,false,קש שחור עבה 125יח שווה,ח.כהן סוכנות מזון ומשקאות בע,,,"י""ח",125,"י""ח",false,1,6.80,0.05,false,1,
7290016401745,false,קיסמי שיניים דנטליים עם חוט 50יח שווה,ח.כהן סוכנות מזון ומשקאות בע,,,"י""ח",50,"י""ח",false,1,5.90,0.12,false,1,
7290016401752,false,קיסמי שיניים דנטליים עם מברשת 200יח שו,ח.כהן סוכנות מזון ומשקאות בע,,,"י""ח",200,"י""ח",false,1,8.50,0.04,false,1,
7290016401806,false,תבניות לחלה עבות במיוחד 4* שווה,ח.כהן סוכנות מזון ומשקאות בע,,,"י""ח",4,"י""ח",false,1,8.50,2.13,true,1,
7290016401820,false,תבניות רוסטר עבות במיוחד 4* שווה,ח.כהן סוכנות מזון ומשקאות בע,,,"י""ח",4,"י""ח",false,1,8.50,2.13,true,1,
7290016401844,false,תבניות רוסטר גדול עבות במיוחד 2* שוו,ח.כהן סוכנות מזון ומשקאות בע,,,"י""ח",2,"י""ח",false,1,8.50,4.25,true,1,
7290016401851,false,תבניות אובן עבות במיוחד 4* שווה,ח.כהן סוכנות מזון ומשקאות בע,,,"י""ח",4,"י""ח",false,1,8.50,2.13,true,1,
7290016401875,false,תבניות רוסטר ביבוני עבות במיוחד 3* שוו,ח.כהן סוכנות מזון ומשקאות בע,,,"י""ח",3,"י""ח",false,1,8.50,2.83,true,1,
7290016401882,false,מטליות מיקרופייבר 1/3 לרצפה,ח.כהן סוכנות מזון ומשקאות בע,,,"י""ח",10,"י""ח",false,1,16.20,1.62,false,1,
7290016401899,false,מטליות מיקרופייבר 1/10 ניקוי כללי,ח.כהן סוכנות מזון ומשקאות בע,,,"י""ח",10,"י""ח",false,1,16.20,1.62,false,1,
7290016401905,false,שקיות לפח קטן 40/45 שווה,ח.כהן סוכנות מזון ומשקאות בע,,,"י""ח",10,"י""ח",false,1,8.50,0.85,false,1,
7290016401912,false,שקיות מזון XL 300יח,ח.כהן סוכנות מזון ומשקאות בע,,,"י""ח",300,"י""ח",false,1,7.60,0.03,false,1,
7290016401929,false,שקיות אוכל עם ידיות 200יח שווה,ח.כהן סוכנות מזון ומשקאות בע,,,"י""ח",200,"י""ח",false,1,6.80,0.03,false,1,
7290016408294,false,"מרשמלו  כרמית  150גר בד""ץ",כרמית תעשיות ממתקים בעמ,,,"י""ח",1,,false,1,4.70,4.70,true,1,
7290016408423,false,חטיף קרקר עם זיתים שחורים ושום 130גר,כרמית תעשיות ממתקים בעמ,,,"י""ח",130,ל  גרם,false,1,5.90,4.54,true,1,
7290016408447,false,חטיף קרקר עם עגבניות ובזיליקום 130גר,כרמית תעשיות ממתקים בעמ,,,"י""ח",130,ל  גרם,false,1,5.90,4.54,true,1,
7290016408720,false,מיקסים בייגלה מצופה שוקולד לבן 55ג,כרמית תעשיות ממתקים בעמ,,,"י""ח",55,ל  גרם,false,1,3.30,6,true,1,
7290016408980,false,מטבעות שוקולד חלב 36 גרם,כרמית תעשיות ממתקים בעמ,,,"י""ח",36,ל  גרם,false,1,3.30,9.17,true,1,
7290016416961,false,מוס גבינה תות שדה  400ג,קפולסקי אדל בעמ,,,"י""ח",400,ל  גרם,false,1,38.40,9.60,false,1,
7290016437430,false,תחתונים סופגים XL,קימברלי קלארק ישראל שיווק בעמ,,,"י""ח",1,,false,1,64,64,false,1,
7290016437591,false,תחתונים סופגים לנשים לאחר לידה M,קימברלי קלארק ישראל שיווק בעמ,,,"י""ח",100,ל  גרם,false,1,30.70,30.70,false,1,
7290016437607,false,תחתונים סופגים לנשים לאחר לידה L,קימברלי קלארק ישראל שיווק בעמ,,,"י""ח",100,ל  גרם,false,1,30.70,30.70,false,1,
7290016437645,false,האגיס פנס מידה  -325יח,קימברלי קלארק ישראל שיווק בעמ,,,"י""ח",1,"י""ח",false,1,42.70,42.70,true,1,
7290016437652,false,האגיס פנס מידה  -266יח,קימברלי קלארק ישראל שיווק בעמ,,,"י""ח",1,"י""ח",false,1,42.70,42.70,true,1,
7290016509304,false,סוד סבון אסלה 4 כדוריות לבנדר,גורי שיווק בעמ,,,"י""ח",4,"י""ח",false,1,6.80,1.70,false,1,
7290016509342,false,סוד סבון לאסלה כחול 1/3,גורי שיווק בעמ,,,"י""ח",3,"י""ח",false,1,12.70,4.23,false,1,
7290016509786,false,פרסיל ג ל ירוק  2.5ליטר,גורי שיווק בעמ,,,"י""ח",2.50,ליטר,false,1,29.80,11.92,false,1,
7290016509809,false,פרסיל ג ל קולור 2.5ליטר,גורי שיווק בעמ,,,"י""ח",2.50,ליטר,false,1,29.80,11.92,false,1,
7290016509830,false,פרסיל ג ל בייבי 2.5ליטר,גורי שיווק בעמ,,,"י""ח",2.50,ליטר,false,1,28.10,11.24,false,1,
7290016523447,false,אטריות ביצים 300 גרם,מזרח ומערב יבוא ושיווק,,,"י""ח",300,ל  גרם,false,1,6.80,2.27,false,1,
7290016564006,false,מבריקל הפלא ספוג שלישייה לכלים,ח.כהן סוכנות מזון ומשקאות בע,,,"י""ח",1,,false,1,10.20,10.20,false,1,
7290016564266,false,כיסוי הפלא מבריקל הפלא,ח.כהן סוכנות מזון ומשקאות בע,,,"י""ח",1,,false,1,8.50,8.50,false,1,
7290016682083,false,מיץ תות בננה 400 מל פריניב,תנובה בעמ ***,,,"י""ח",1,,false,1,9.10,9.10,true,1,
7290016682243,false,מיץ אשכולית אדומה סחוט 100% 1ל,תנובה בעמ ***,,,"י""ח",1,ליטר,false,1,14.10,14.10,true,1,
7290016682359,false,תפוז שמוטי סחוט 100% 2ל.,תנובה בעמ ***,,,"י""ח",2,ליטר,false,1,24.40,12.05,true,1,
7290016682373,false,פריניב מיץ לימונדה בלדי 2 ליטר.,תנובה בעמ ***,,,"י""ח",2,ליטר,false,1,17.10,8.40,false,1,
7290016682397,false,מיץ חמוציות 2 ליטר.,תנובה בעמ ***,,,"י""ח",2,ליטר,false,1,15.90,7.80,true,1,
7290016717044,false,סלקטד לבן יאנג  BUZZ מנגו,אגודת הכורמים,,,"י""ח",750,"ל  מ""ל",false,1,23.90,3.15,true,1,
7290016717051,false,סלקטד יאנג  BUZZ מוסקטו רימון,אגודת הכורמים,,,"י""ח",750,"ל  מ""ל",false,1,23.90,3.15,true,1,
7290016717099,false,סלקטד אדום חצי יבש   0.75 ל,אגודת הכורמים,,,"י""ח",750,"ל  מ""ל",false,1,25.60,3.37,true,1,
7290016717631,false,מוסקט  PC,אגודת הכורמים,,,"י""ח",500,"ל  מ""ל",false,1,34.20,6.78,true,1,
7290016717754,false,"יין ישן נושן  750מ""ל",אגודת הכורמים,,,"י""ח",750,"ל  מ""ל",false,1,17.90,2.35,true,1,
7290016866445,false,תערובת קמח תופח 500גר ללא גלוטן,גורי מוצרי צריכה בעמ,,,"י""ח",500,ל  גרם,false,1,14.40,2.88,false,1,
7290016866643,false,"משחת פרודונטקס פרש  75מ""ל",גורי ע.ע.ע. בעמ,,,"י""ח",75,"ל  מ""ל",false,1,26.40,35.20,true,1,
7290016866650,false,"משחת פרודונטקס אוריגינל 75מ""ל",גורי ע.ע.ע. בעמ,,,"י""ח",75,"ל  מ""ל",false,1,26.40,35.20,true,1,
7290016866667,false,"משחת פרודונטקס פלאוריד  75מ""ל",גורי ע.ע.ע. בעמ,,,"י""ח",75,"ל  מ""ל",false,1,26.40,35.20,true,1,
7290016866674,false,"משחת פרודונטקס מלבינה 75מ""ל",גורי ע.ע.ע. בעמ,,,"י""ח",75,"ל  מ""ל",false,1,26.40,35.20,true,1,
7290016867053,false,לחם קל כוסמין בתוספת מחמצת  450גר,המאפה של דר מרק בריאו בעמ,,,"י""ח",450,ל  גרם,false,1,16.20,3.60,false,1,
7290016867114,false,לחם קל כוסמין  500גר,המאפה של דר מרק בריאו בעמ,,,"י""ח",500,ל  גרם,false,1,15.30,3.06,false,1,
7290016867152,false,פיתות קלות כוסמין 330גר,המאפה של דר מרק בריאו בעמ,,,"י""ח",330,ל  גרם,false,1,11.90,3.61,false,1,
7290016867176,false,לחמניות ק.כוסמין שומשום 351גר,המאפה של דר מרק בריאו בעמ,,,"י""ח",351,ל  גרם,false,1,11.90,3.39,false,1,
7290016882407,false,מחית חצילים 510גר שקדיה,דין שיווק וקליה 2021 בעמ,,,"י""ח",510,ל  גרם,false,1,8.50,1.67,false,1,
7290016882414,false,קונפיטורה שזיף 70% פרי 450גר,דין שיווק וקליה 2021 בעמ,,,"י""ח",450,ל  גרם,false,1,11.90,2.64,false,1,
7290016882421,false,קונפיטורה אפרסק 70% פרי 450גר,דין שיווק וקליה 2021 בעמ,,,"י""ח",450,ל  גרם,false,1,11.90,2.64,false,1,
7290016967074,false,לחם אנגיל חיטה מלאה 750גר,שלמה א.אנג ל בעמ,,,"י""ח",750,ל  גרם,false,1,13.60,1.81,false,1,
7290016967456,false,לחם צרפתי 100% כוסמין 600גר,שלמה א.אנג ל בעמ,,,"י""ח",600,ל  גרם,false,1,14.40,2.40,false,1,
7290016998184,false,עלי חסהערבית שטופים 250גר.,ביכורי השדה צפון 1994 ג.ד. בעמ,,,"י""ח",150,ל  גרם,false,1,9.90,6.60,false,1,
7290016998191,false,מיקס עלי בייבי 120גר,ביכורי השדה צפון 1994 ג.ד. בעמ,,,"י""ח",120,ל  גרם,false,1,9.90,8.25,false,1,
7290016998207,false,לקט קסם השדה  350גר.,ביכורי השדה צפון 1994 ג.ד. בעמ,,,"י""ח",350,ל  גרם,false,1,10.20,2.91,false,1,
7290016998221,false,מיקס צבעי הטבע 350גר.,ביכורי השדה צפון 1994 ג.ד. בעמ,,,"י""ח",350,"ל  מ""ל",false,1,10.20,2.91,false,1,
7290016998238,false,כרוב לבן קצוץ 400גר.,ביכורי השדה צפון 1994 ג.ד. בעמ,,,"י""ח",400,ל  גרם,false,1,8.50,2.13,false,1,
7290016998269,false,לקט קולסלאו 400גר.,ביכורי השדה צפון 1994 ג.ד. בעמ,,,"י""ח",400,ל  גרם,false,1,8.50,2.13,false,1,
7290016998276,false,גזר חתוך דק 250גר.,ביכורי השדה צפון 1994 ג.ד. בעמ,,,"י""ח",250,ל  גרם,false,1,7.60,3.04,false,1,
7290016998320,false,לבבות קיסר,ביכורי השדה צפון 1994 ג.ד. בעמ,,,"י""ח",300,ל  גרם,false,1,10.90,3.63,true,1,
7290017004785,false,פסטה קרניים 500גר פנטולה,מ.ר. ניאוברנד בעמ,,,"י""ח",500,ל  גרם,false,1,4.20,0.84,true,1,
7290017004792,false,פסטה פנה 500גר פנטולה,מ.ר. ניאוברנד בעמ,,,"י""ח",500,ל  גרם,false,1,4.20,0.84,true,1,
7290017004808,false,פסטה פוזילי 500גר פנטולה,מ.ר. ניאוברנד בעמ,,,"י""ח",500,ל  גרם,false,1,4.20,0.84,true,1,
7290017004877,false,טחינה  גולמית 500ג מחנה יהודה,אחדות בעמ,,,"י""ח",500,ל  גרם,false,1,12.70,2.54,true,1,
7290017023212,false,"שוופס מוגז תפוח  330מ""ל 1/4",יפאורה שותפות מוגבלת לשיווק,,,"י""ח",1.32,ליטר,false,1,12.50,8.71,true,1,
7290017023229,false,"שוופס מוגז תות ליים  330מ""ל 1/4",יפאורה שותפות מוגבלת לשיווק,,,"י""ח",1.32,ליטר,false,1,12.50,8.71,true,1,
7290017023236,false,"שוופס מוגז ענב  330מ""ל 1/4",יפאורה שותפות מוגבלת לשיווק,,,"י""ח",1.32,ליטר,false,1,12.50,8.71,true,1,
7290017023663,false,"שוופס מוגז תפוח  330מ""ל 1/4",יפאורה שותפות מוגבלת לשיווק,,,"י""ח",1.32,ליטר,false,1,12.50,8.71,true,1,
7290017023809,false,"ספרינג אגס סברס תפוח 250מ""ל רביעייה",יפאורה שותפות מוגבלת לשיווק,,,"י""ח",1,ליטר,false,1,11,11,true,1,
7290017023823,false,"ספרינג תות בננה  250מ""ל רביעייה",יפאורה שותפות מוגבלת לשיווק,,,"י""ח",1,ליטר,false,1,11,11,true,1,
7290017023854,false,"סודה שוופס 250מ""ל 1/4",יפאורה שותפות מוגבלת לשיווק,,,"י""ח",1,ליטר,false,1,11.20,11.20,true,1,
7290017023861,false,"סודה שוופס למון  250מ""ל 1/4",יפאורה שותפות מוגבלת לשיווק,,,"י""ח",1,ליטר,false,1,11.20,11.20,true,1,
7290017023878,false,"סודה שוופס נענע ליים  250מ""ל 1/4",יפאורה שותפות מוגבלת לשיווק,,,"י""ח",1,ליטר,false,1,11.20,11.20,true,1,
7290017031477,false,"סנסודיין רפיד הלבנה 75מ""ל",גורי ע.ע.ע. בעמ,,,"י""ח",75,ל  גרם,false,1,22.10,29.47,true,1,
7290017031705,false,"סנסודיין קלין פרש 75מ""ל",גורי ע.ע.ע. בעמ,,,"י""ח",75,ל  גרם,false,1,18.70,24.93,true,1,
7290017062679,false,מרכך כביסה מרוכז צהוב 1 ל`טאצ`,סאסאטק אגשח בעמ,,,"י""ח",1,ליטר,false,1,11.90,11.90,true,1,
7290017062686,false,מרכך כביסה מרוכז בייבי  1 ל`טאצ`.,סאסאטק אגשח בעמ,,,"י""ח",1,ליטר,false,1,11.90,11.90,true,1,
7290017062693,false,מרכך כביסה מרוכז לבן  1 ל`טאצ`.,סאסאטק אגשח בעמ,,,"י""ח",1,ליטר,false,1,11.90,11.90,true,1,
7290017062709,false,מרכך כביסה מרוכז בורדו 1 ל`טאצ`.,סאסאטק אגשח בעמ,,,"י""ח",1,ליטר,false,1,11.90,11.90,true,1,
7290017062723,false,מרכך כביסה מרוכז ירוק 1 ל`טאצ`,סאסאטק אגשח בעמ,,,"י""ח",1,ליטר,false,1,11.90,11.90,true,1,
7290017065007,false,מוצרלה פרוסה 200ג,מחלבות גד,,,"י""ח",200,ל  גרם,false,1,14.40,7.20,false,1,
7290017065137,false,ריקוטה למריחה 5% טבעית,מחלבות גד,,,"י""ח",200,ל  גרם,false,1,7.60,3.80,false,1,
7290017065144,false,ריקוטה למריחה 5% עם בזיליקום,מחלבות גד,,,"י""ח",200,ל  גרם,false,1,8.70,4.35,false,1,
7290017065168,false,גבינה כחולה 100ג גד,מחלבות גד,,,"י""ח",100,ל  גרם,false,1,14.50,14.50,false,1,
7290017065212,false,קרם מסקרפונה 250ג,מחלבות גד,,,"י""ח",250,ל  גרם,false,1,13.60,5.44,false,1,
7290017065236,false,בולגרית מעודנת 24% 250ג,מחלבות גד,,,"י""ח",250,ל  גרם,false,1,18.70,7.48,false,1,
7290017065380,false,גרנה פדנו שבבים100ג,מחלבות גד,,,"י""ח",100,ל  גרם,false,1,11.90,11.90,false,1,
7290017065434,false,פרוסות גאודה 200ג,מחלבות גד,,,"י""ח",200,ל  גרם,false,1,17,8.50,false,1,
7290017065441,false,פרוסות גאודה עיזים  200ג,מחלבות גד,,,"י""ח",200,ל  גרם,false,1,27.30,13.65,false,1,
7290017065526,false,קוואטרו פורמאג 200ג,מחלבות גד,,,"י""ח",200,ל  גרם,false,1,23.90,11.95,false,1,
7290017065649,false,קרם פטיסייר 250 גרם גד,מחלבות גד,,,"י""ח",250,ל  גרם,false,1,13.60,5.44,false,1,
7290017065731,false,גבינת שמנת ניו יורק 200ג מהדורת חג,מחלבות גד,,,"י""ח",200,ל  גרם,false,1,11,5.50,false,1,
7290017065786,false,גבינה צ`דר 210גר,מחלבות גד,,,"י""ח",210,ל  גרם,false,1,17,8.10,false,1,
7290017068367,false,שמרים יבשים  125  גרם,מיה תעשיות מזון מ.ת.מ בעמ,,,"י""ח",125,ל  גרם,false,1,3.30,2.64,false,1,
7290017068374,false,שמרים יבשים  500 גרם,מיה תעשיות מזון מ.ת.מ בעמ,,,"י""ח",500,ל  גרם,false,1,10.20,2.04,false,1,
7290017068848,false,סוכריות לקישוט לעוגה 200ג צנצנת,מיה תעשיות מזון מ.ת.מ בעמ,,,"י""ח",200,ל  גרם,false,1,7.60,3.80,false,1,
7290017068879,false,חמאת בוטנים טבעית  510ג,מיה תעשיות מזון מ.ת.מ בעמ,,,"י""ח",510,ל  גרם,false,1,8.50,1.67,false,1,
7290017068985,false,שיבולת שועל מלאה עבה  500 ג,מיה תעשיות מזון מ.ת.מ בעמ,,,"י""ח",500,ל  גרם,false,1,8.60,1.72,true,1,
7290017088068,false,חיתולי בייביסיטר  מידה 4 42יח,שקד תבל בעמ,,,"י""ח",1,,false,1,29.80,29.80,true,1,
7290017088075,false,חיתולי בייביסיטר  מידה 4+ 40יח,שקד תבל בעמ,,,"י""ח",1,,false,1,29.80,29.80,true,1,
7290017088082,false,חיתולי בייביסיטר  מידה 5 36יח,שקד תבל בעמ,,,"י""ח",1,,false,1,29.80,29.80,true,1,
7290017088099,false,חיתולי בייביסיטר  מידה 6 34יח,שקד תבל בעמ,,,"י""ח",1,,false,1,29.80,29.80,true,1,
7290017088327,false,גבונים בייביסיטר אקסטרא סופט  ללא ביש,שקד תבל בעמ,,,"י""ח",1,,false,1,13.60,13.60,true,1,
7290017088693,false,קוויק מטליות  לחות לניקוי וחיטוי רצפות,שקד תבל בעמ,,,"י""ח",10,"י""ח",false,1,10.20,1.02,true,1,
7290017088815,false,תחבושות BREEZE נורמל 12יח,שקד תבל בעמ,,,"י""ח",12,"י""ח",false,1,15.30,1.28,true,1,
7290017088839,false,תחבושות BREEZE אקסטרה פלוס 8יח.,שקד תבל בעמ,,,"י""ח",10,"י""ח",false,1,15.30,1.53,true,1,
7290017088983,false,חיתולי בייביסיטר ניו בורן מידה 2,שקד תבל בעמ,,,"י""ח",38,"י""ח",false,1,25.60,0.67,true,1,
7290017094830,false,סלט גזר ברוטב פיקנטי אסלי 400ג,סלטי שמיר2006בעמ,,,"י""ח",400,ל  גרם,false,1,9.30,2.33,true,1,
7290017094861,false,חומוס עם רוטב מסבחה אסלי 400ג,סלטי שמיר2006בעמ,,,"י""ח",400,ל  גרם,false,1,8.50,2.13,true,1,
7290017105048,false,זיתים ירוקים טבעות שלשות יכין,זנלכל בעמ,,,"י""ח",200,ל  גרם,false,1,12.70,6.35,false,1,
7290017105062,false,חומוס 6OZ יכין,זנלכל בעמ,,,"י""ח",200,ל  גרם,false,1,3.70,1.85,true,1,
7290017105079,false,שעועית אפויה 6OZ יכין 200גר,זנלכל בעמ,,,"י""ח",200,ל  גרם,false,1,3.70,1.85,true,1,
7290017105086,false,שעועית צ`ילי 6OZ יכין 200גר,זנלכל בעמ,,,"י""ח",200,ל  גרם,false,1,3.70,1.85,true,1,
7290017105116,false,תורמוס 6OZ יכין 200גר,זנלכל בעמ,,,"י""ח",200,ל  גרם,false,1,3.70,1.85,true,1,
7290017105123,false,פול מצרי 6OZ יכין 200גר,זנלכל בעמ,,,"י""ח",200,ל  גרם,false,1,3.70,1.85,true,1,
7290017105468,false,אפונה שלישייה 6OZ יכין,זנלכל בעמ,,,"י""ח",200,ל  גרם,false,1,12.70,6.35,false,1,
7290017105895,false,גרגרי חומוס מסעדות יכין 560גר,זנלכל בעמ,,,"י""ח",560,ל  גרם,false,1,8.50,1.52,true,1,
7290017121048,false,פלפל צ`ומה 250גר*,"שטראוס גרופ ***בע""מ",,,"י""ח",250,ל  גרם,false,1,11.90,4.76,true,1,
7290017121093,false,אריסה חריפה 250גר,"שטראוס גרופ ***בע""מ",,,"י""ח",250,ל  גרם,false,1,11.90,4.76,true,1,
7290017129518,false,אגו מיקס כדורי תירס מצופים  55ג,כרמית תעשיות ממתקים בעמ,,,"י""ח",55,ל  גרם,false,1,3.30,6,true,1,
7290017129761,false,שוקולד אגו פרמיום תפוז  100ג 70%,כרמית תעשיות ממתקים בעמ,,,"י""ח",100,ל  גרם,false,1,6.80,6.80,true,1,
7290017129839,false,שוקולד אגו פרמיום פטל  100ג 70%,כרמית תעשיות ממתקים בעמ,,,"י""ח",100,ל  גרם,false,1,6.80,6.80,true,1,
7290017129846,false,מיני קוקיס טעם קרמל  600ג,כרמית תעשיות ממתקים בעמ,,,"י""ח",600,"ס""מ",false,1,14.40,2.40,false,1,
7290017129884,false,שוקולד מריר 60% 85ג חמישייה,כרמית תעשיות ממתקים בעמ,,,"י""ח",85,ל  גרם,false,1,14.40,16.94,true,1,
7290017129983,false,שוקולד ציפס לבן פרווה 250ג,כרמית תעשיות ממתקים בעמ,,,"י""ח",250,ל  גרם,false,1,9.30,3.72,false,1,
7290017140308,false,קמח שקדים 500 גרם,גורי מוצרי צריכה בעמ,,,"י""ח",500,ל  גרם,false,1,21.30,4.26,false,1,
7290017142128,false,"שמן זית כתית עץ הזית  750 מ""ל",סוגת תעשיות בעמ,,,"י""ח",750,"ל  מ""ל",false,1,25.60,3.41,true,1,
7290017142159,false,נתחי טונה  בהירה בשמן זית 80ג שלישייה,סוגת תעשיות בעמ,,,"י""ח",240,ל  גרם,false,1,17,7.08,false,1,
7290017142203,false,פילה טונה פרוס עם בשמן זית 120ג עץ הזי,סוגת תעשיות בעמ,,,"י""ח",120,ל  גרם,false,1,12.70,10.58,false,1,
7290017142289,false,"תרסיס שמן חמניות 200מ""ל עץ הזית",סוגת תעשיות בעמ,,,"י""ח",200,"ל  מ""ל",false,1,12.70,6.35,false,1,
7290017142340,false,שמן זרעי ענבים מזוכך 1ל עץ הזית,סוגת תעשיות בעמ,,,"י""ח",1,ליטר,false,1,21.30,21.30,false,1,
7290017142395,false,פסטה עם טונה בשמן ז. 160ג,סוגת תעשיות בעמ,,,"י""ח",160,ל  גרם,false,1,11.90,7.44,false,1,
7290017142456,false,נתחי טונה בשמן ז. 160ג*2יח.,סוגת תעשיות בעמ,,,"י""ח",320,ל  גרם,false,1,17,5.31,false,1,
7290017189253,false,קרפ אפוי קפוא WOOPS,קפוא זן תעשיות מזון בעמ,,,"י""ח",600,ל  גרם,false,1,17,2.83,false,1,
7290017217338,false,נרות חימום ריחניים בניחוח וניל 50יח,אינטרסן (1996) בעמ,,,"י""ח",50,"י""ח",false,1,11.90,0.24,false,1,
7290017266046,false,וופל קראנץ 30יח גילרו,ח.כהן סוכנות מזון ומשקאות בע,,,"י""ח",30,"י""ח",false,1,16.20,0.54,false,1,
7290017266053,false,וופל לימון קראנץ ללא סוכר 175גר גילרו,ח.כהן סוכנות מזון ומשקאות בע,,,"י""ח",175,ל  גרם,false,1,6.80,3.89,false,1,
7290017266060,false,וופל שוקו קראנץ ללא סוכר 175גר גילרו,ח.כהן סוכנות מזון ומשקאות בע,,,"י""ח",175,ל  גרם,false,1,6.80,3.89,false,1,
7290017266312,false,וופל AR שוקו 150 גרם,ח.כהן סוכנות מזון ומשקאות בע,,,"י""ח",15,ל  גרם,false,1,2.70,18,false,1,
7290017266343,false,וופל קראנץ בטעם שוקולד 150 גרם עלמה.,ח.כהן סוכנות מזון ומשקאות בע,,,"י""ח",15,ל  גרם,false,1,2.70,18,false,1,
7290017266916,false,וופל SUN לימון 200גר,ח.כהן סוכנות מזון ומשקאות בע,,,"י""ח",200,ל  גרם,false,1,4.20,2.10,false,1,
7290017275130,false,עוגת שמרים אישית פרג 120ג,אחדות בעמ,,,"י""ח",120,ל  גרם,false,1,3.30,2.75,true,1,
7290017275154,false,עוגת שמרים אישית שוקולד 120ג,אחדות בעמ,,,"י""ח",120,ל  גרם,false,1,3.30,2.75,true,1,
7290017275345,false,טחינה  אחוה גולמית 350ג לחיץ,אחדות בעמ,,,"י""ח",350,ל  גרם,false,1,6.80,1.94,true,1,
7290017275741,false,חלוה אחוה עם אגוזי לוז  400גר.,אחדות בעמ,,,"י""ח",400,ל  גרם,false,1,11,2.75,false,1,
7290017297323,false,רוטב עגבניות BX22 100ג מרוכז טל וטרי,ויטה- פרי גליל (החדשה) בעמ,,,"י""ח",100,ל  גרם,false,1,1.60,1.60,true,1,
7290017297330,false,רוטב עגבניות BX22 260 ג טל וטרי,ויטה- פרי גליל (החדשה) בעמ,,,"י""ח",600,ל  גרם,false,1,3.30,0.55,true,1,
7290017297392,false,תירס  קפוא פרי אדמה 800ג,ויטה פרי גליל (החדשה) בעמ,,,"י""ח",800,ל  גרם,false,1,11,1.38,true,1,
7290017297415,false,אפונה  קפואה פרי אדמה 800ג.,ויטה פרי גליל (החדשה) בעמ,,,"י""ח",800,ל  גרם,false,1,11,1.38,true,1,
7290017297422,false,אפונה וגזר  קפוא פרי אדמה 800ג,ויטה פרי גליל (החדשה) בעמ,,,"י""ח",800,ל  גרם,false,1,11,1.38,true,1,
7290017297477,false,פול  קפוא פרי אדמה 800ג,ויטה פרי גליל (החדשה) בעמ,,,"י""ח",800,ל  גרם,false,1,12.70,1.59,true,1,
7290017297484,false,שעועית אדומה  פרי אדמה 800ג,ויטה פרי גליל (החדשה) בעמ,,,"י""ח",800,ל  גרם,false,1,14.40,1.80,true,1,
7290017297491,false,חומוס פרי אדמה 800ג,ויטה פרי גליל (החדשה) בעמ,,,"י""ח",800,ל  גרם,false,1,12.70,1.59,true,1,
7290017297507,false,גזר גמדי פרי אדמה 800ג,ויטה פרי גליל (החדשה) בעמ,,,"י""ח",800,ל  גרם,false,1,11,1.38,true,1,
7290017297521,false,ברוקולי פרי אדמה 800ג,ויטה פרי גליל (החדשה) בעמ,,,"י""ח",800,ל  גרם,false,1,17,2.13,true,1,
7290017297538,false,כרובית פרי אדמה 800ג,ויטה פרי גליל (החדשה) בעמ,,,"י""ח",800,ל  גרם,false,1,12.70,1.59,true,1,
7290017297552,false,במיה פרי אדמה 600ג,ויטה פרי גליל (החדשה) בעמ,,,"י""ח",600,ל  גרם,false,1,11,1.83,true,1,
7290017304885,false,לחם שיפון וחיטה מלאה 750ג,שלמה א.אנג ל בעמ,,,"י""ח",750,ל  גרם,false,1,14.40,1.92,false,1,
7290017440231,false,סרקל מתולתל שמפו 1ליטר,פישר תעשיות פרמבצטיות בעמ,,,"י""ח",325,ל  גרם,false,1,25.60,7.88,false,1,
7290017440248,false,סרקל מתולתל מרכך 1ליטר,פישר תעשיות פרמבצטיות בעמ,,,"י""ח",325,ל  גרם,false,1,25.60,7.88,false,1,
7290017440309,false,"שמפו קידס 750מ""ל",פישר תעשיות פרמבצטיות בעמ,,,"י""ח",750,"ל  מ""ל",false,1,14.40,1.92,false,1,
7290017457871,false,סוד גיל כביסה  ורוד 4ליטר,גורי שיווק בעמ,,,"י""ח",2.50,ליטר,false,1,25.60,10.24,false,1,
7290017457888,false,סוד גל כביסה כחול 4 ליטר,גורי שיווק בעמ,,,"י""ח",4,ליטר,false,1,25.60,6.40,false,1,
7290017477169,false,7290017477169קשיו 250ג ששון הקולה,דין שיווק וקליה 2021 בעמ,,,"י""ח",250,ל  גרם,false,1,17,6.80,false,1,
7290017477367,false,מטבעות שוקולד לבן  300גר לאפיה,דין שיווק וקליה 2021 בעמ,,,"י""ח",300,ל  גרם,false,1,11.90,3.97,false,1,
7290017477374,false,מטבעות שוקולד חלב  300גר לאפיה,דין שיווק וקליה 2021 בעמ,,,"י""ח",300,ל  גרם,false,1,11.90,3.97,false,1,
7290017477381,false,מטבעות שוקולד מריר  300גר לאפיה,דין שיווק וקליה 2021 בעמ,,,"י""ח",300,ל  גרם,false,1,11.90,3.97,false,1,
7290017504018,false,פטריות זוגות לבן,ביכורי השדה צפון 1994 ג.ד. בעמ,,,"י""ח",1,,false,1,18.90,18.90,false,1,
7290017504025,false,פטריות פורטובלה,ביכורי השדה צפון 1994 ג.ד. בעמ,,,"י""ח",1,,false,1,11.90,11.90,false,1,
7290017504032,false,פטריות זוגות איטלקי,ביכורי השדה צפון 1994 ג.ד. בעמ,,,"י""ח",1,,false,1,18.90,18.90,false,1,
7290017513485,false,מחית עגבניות רוסטיקה גרנד איטליה 700גר,תה ויסוצקי (ישראל)בעמ,,,"י""ח",700,ל  גרם,false,1,10.20,1.46,true,1,
7290017513775,false,פליפז בייגלה מצופה ש. חלב  140ג,תה ויסוצקי (ישראל)בעמ,,,"י""ח",140,ל  גרם,false,1,7.60,5.43,true,1,
7290017586007,false,גזר ארוז,ביכורי השדה צפון 1994 ג.ד. בעמ,,,"ק""ג",1,"ק""ג",true,1,3.90,3.90,false,1,
7290017589565,false,"יין קלאסיק ברקן קלאסיק גוורץ 750מ""ל",טמפו משקאות בעמ,,,"י""ח",750,"ל  מ""ל",false,1,28.20,3.72,true,1,
7290017599229,false,םטנט 200 טבליות סוכרלוז,"שטראוס גרופ בע""מ",,,"י""ח",200,"י""ח",false,1,17.90,0.09,true,1,
7290017599250,false,סוכרזית קלאסי 120שק.,"שטראוס גרופ בע""מ",,,"י""ח",100,"י""ח",false,1,14.40,0.14,true,1,
7290017617046,false,סטארקיסט רביעייה בשמן זית 140ג,דיפלומט מפיצים (1968) בעמ**,,,"י""ח",560,"ל  מ""ל",false,1,23.90,4.27,false,1,
7290017617084,false,סטארקיסט מיקס טוגו עם שעועית 185ג,דיפלומט מפיצים (1968) בעמ**,,,"י""ח",185,ל  גרם,false,1,11.90,6.43,false,1,
7290017617107,false,סטארקיסט מיקס טוגו עם 4דגנים 185ג,דיפלומט מפיצים (1968) בעמ**,,,"י""ח",185,ל  גרם,false,1,11.90,6.43,false,1,
7290017617428,false,סטארקיסט מיקס סלמון עם פסטה 160ג,דיפלומט מפיצים (1968) בעמ**,,,"י""ח",80,ל  גרם,false,1,12.70,15.88,false,1,
7290017637426,false,"שמפו למניעת קשקשים 500מ""ל",סאסאטק אגשח בעמ - סאסא MB,,,"י""ח",500,"ל  מ""ל",false,1,21.30,4.26,false,1,
7290017637624,false,שמפו לשיער רגיל Magical jasmine everday,סאסאטק אגשח בעמ - סאסא MB,,,"י""ח",500,"ל  מ""ל",false,1,21.30,4.26,false,1,
7290017641379,false,שוקולד חלב 85ג חמישייה,כרמית תעשיות ממתקים בעמ,,,"י""ח",85,ל  גרם,false,1,14.40,16.94,true,1,
7290017647425,false,יין גמלא קברנה סוביניון,היכל היין שקד גולן בעמ,,,"י""ח",750,"ל  מ""ל",false,1,59.80,7.93,true,1,
7290017647708,false,"גמלא גוורצטרמינר  750מ""ל",היכל היין שקד גולן בעמ,,,"י""ח",750,"ל  מ""ל",false,1,56.40,7.48,true,1,
7290017724072,false,רולדה שוקולד תמר  200ג,הלל בן הלל שיווק ומסחר בעמ,,,"י""ח",200,ל  גרם,false,1,20.40,10.20,false,1,
7290017724089,false,עוגיות אקרל פרמיום,הלל בן הלל שיווק ומסחר בעמ,,,"י""ח",400,ל  גרם,false,1,20.40,5.10,false,1,
7290017724102,false,סיגרים תמרים 250ג,הלל בן הלל שיווק ומסחר בעמ,,,"י""ח",250,ל  גרם,false,1,20.40,8.16,false,1,
7290017724119,false,אוזניים  250ג,הלל בן הלל שיווק ומסחר בעמ,,,"י""ח",200,ל  גרם,false,1,20.40,10.20,false,1,
7290017724126,false,עוגיות טחינה  250ג,הלל בן הלל שיווק ומסחר בעמ,,,"י""ח",250,ל  גרם,false,1,20.40,8.16,false,1,
7290017724140,false,שושנים 200ג,הלל בן הלל שיווק ומסחר בעמ,,,"י""ח",200,ל  גרם,false,1,20.40,10.20,false,1,
7290017724171,false,סנדוויץ ריבה  ללא סוכר 250ג,הלל בן הלל שיווק ומסחר בעמ,,,"י""ח",250,ל  גרם,false,1,20.40,8.16,false,1,
7290017724232,false,סומסומיט  200ג,הלל בן הלל שיווק ומסחר בעמ,,,"י""ח",200,ל  גרם,false,1,20.40,10.20,false,1,
7290017724256,false,שומשומית   ללא סוכר 200ג,הלל בן הלל שיווק ומסחר בעמ,,,"י""ח",250,ל  גרם,false,1,20.40,8.16,false,1,
7290017724263,false,בטהובן  ללא סוכר 300ג,הלל בן הלל שיווק ומסחר בעמ,,,"י""ח",300,ל  גרם,false,1,20.40,6.80,false,1,
7290017724270,false,אשכול בריאות  ללא סוכר 200ג,הלל בן הלל שיווק ומסחר בעמ,,,"י""ח",200,ל  גרם,false,1,20.40,10.20,false,1,
7290017812052,false,"יין אקסלנס שיראז-קברנה  סוביניון 750מ""",אגודת הכורמים,,,"י""ח",750,"ל  מ""ל",false,1,21.30,2.80,false,1,
7290017812069,false,"יין אקסלנס ריזלינג שרדונה 750מ""",אגודת הכורמים,,,"י""ח",750,"ל  מ""ל",false,1,21.30,2.80,false,1,
7290017812373,false,"שרדונה PC  יין לבן חצי יבש  375מ""ל",אגודת הכורמים,,,"י""ח",375,"ל  מ""ל",false,1,17.10,4.48,false,1,
7290017812571,false,תירוש אדום 1 ליטר כרמל.,אגודת הכורמים,,,"י""ח",1,ליטר,false,1,17.10,17.10,false,1,
7290017812588,false,תירוש לבן ליטר חדש,אגודת הכורמים,,,"י""ח",1,ליטר,false,1,17.10,17.10,false,1,
7290017812656,false,"מיץ ענבים טבעי מבעבע אדום 750מ""ל",אגודת הכורמים,,,"י""ח",750,"ל  מ""ל",false,1,17.10,2.24,false,1,
7290017812885,false,PC סוביניון בלאן גוורצטרמינר,אגודת הכורמים,,,"י""ח",500,"ל  מ""ל",false,1,34.20,6.78,true,1,
7290017816111,false,פתי בר כוסמין 250גר,גורי מוצרי צריכה בעמ,,,"י""ח",250,ל  גרם,false,1,9.30,3.72,false,1,
7290017841090,false,מגש פיצוחים מחולק קטן 6 תאים שווה.,ח.כהן סוכנות מזון ומשקאות בע,,,"י""ח",1,"י""ח",false,1,6.80,6.80,false,1,
7290017841250,false,נוזל חלונות 1ליטר שווה,ח.כהן סוכנות מזון ומשקאות בע,,,"י""ח",1,ליטר,false,1,5.90,5.90,false,1,
7290017841373,false,"כפות מוזהבות 12 יח""שווה""",ח.כהן סוכנות מזון ומשקאות בע,,,"י""ח",12,"י""ח",false,1,4.20,0.35,false,1,
7290017841502,false,נרות שבת ארוך 72  שווה,ח.כהן סוכנות מזון ומשקאות בע,,,"י""ח",1,"י""ח",false,1,23,23,false,1,
7290017841540,false,תבניות נייר איגליש מעוטרת 3יח שווה,ח.כהן סוכנות מזון ומשקאות בע,,,"י""ח",3,"י""ח",false,1,6.80,2.27,true,1,
7290017841571,false,תבניות נייר לחלה גדולה  4 שו,ח.כהן סוכנות מזון ומשקאות בע,,,"י""ח",4,"י""ח",false,1,8.50,2.13,false,1,
7290017841625,false,מטליות מיקרופייבר לרצפה  *2יח,ח.כהן סוכנות מזון ומשקאות בע,,,"י""ח",2,"י""ח",false,1,14.40,7.20,true,1,
7290017841632,false,מטליות מיקרופייבר כליי 10יח נשלפות,ח.כהן סוכנות מזון ומשקאות בע,,,"י""ח",10,"י""ח",false,1,14.40,1.44,true,1,
7290017841649,false,מארז מטליות מיקרופייבר ניקוי כללי/רצפה,ח.כהן סוכנות מזון ומשקאות בע,,,"י""ח",10,"י""ח",false,1,21.30,2.13,false,1,
7290017841656,false,מטליות מיקרופייבר  מקצועי *2 50/80 שוו,ח.כהן סוכנות מזון ומשקאות בע,,,"י""ח",2,"י""ח",false,1,15.30,7.65,false,1,
7290017841663,false,מטליות מיקרופייבר  מקצועי *3 30/30 שוו,ח.כהן סוכנות מזון ומשקאות בע,,,"י""ח",3,"י""ח",false,1,8.50,2.83,false,1,
7290017841670,false,ספוג הפלא 6יח איכות שווה,ח.כהן סוכנות מזון ומשקאות בע,,,"י""ח",6,"י""ח",false,1,6.80,1.13,true,1,
7290017841731,false,מטליות מיקרופייבר גדולות במיוחד,ח.כהן סוכנות מזון ומשקאות בע,,,"י""ח",2,"י""ח",false,1,12.70,6.35,false,1,
7290017841779,false,"חומץ בלסמי מיושן  500מ""ל שווה",ח.כהן סוכנות מזון ומשקאות בע,,,"י""ח",500,"ל  מ""ל",false,1,16.20,3.24,false,1,
7290017841885,false,דלי מגבונים ניקוי כללי 400יח שווה.,ח.כהן סוכנות מזון ומשקאות בע,,,"י""ח",400,"י""ח",false,1,17,0.04,true,1,
7290017842004,false,תבניות+מכסים טוסר אובן  שווה,ח.כהן סוכנות מזון ומשקאות בע,,,"י""ח",5,"י""ח",false,1,8.50,1.70,false,1,
7290017842028,false,תבניות+מכסים מלבנית ארוכה שווה,ח.כהן סוכנות מזון ומשקאות בע,,,"י""ח",5,"י""ח",false,1,8.50,1.70,false,1,
7290017842035,false,תבניות+מכסים מבלנית עמוקה 80A+R64 שווה,ח.כהן סוכנות מזון ומשקאות בע,,,"י""ח",5,"י""ח",false,1,8.50,1.70,false,1,
7290017842202,false,נייר טישו כיס מארז 10 יח` שווה,ח.כהן סוכנות מזון ומשקאות בע,,,"י""ח",1,,false,1,5.90,5.90,true,1,
7290017842226,false,פילה סרדין 125 ג בשמן צמחי ללא עור,ח.כהן סוכנות מזון ומשקאות בע,,,"י""ח",125,"ל  מ""ל",false,1,5,4,true,1,
7290017842233,false,מקרל בשמן צמחי 125 גרם שווה,ח.כהן סוכנות מזון ומשקאות בע,,,"י""ח",125,"ל  מ""ל",false,1,5,4,true,1,
7290017842240,false,אנשובי ארוך בפח בשמן זית שווה,ח.כהן סוכנות מזון ומשקאות בע,,,"י""ח",77,ל  גרם,false,1,5.90,7.66,false,1,
7290017842257,false,אנשובי ארוך בפח פלפל צילי שווה,ח.כהן סוכנות מזון ומשקאות בע,,,"י""ח",1,,false,1,5,5,false,1,
7290017842431,false,סילאן לחיץ 100% טבעי 470ג שווה,ח.כהן סוכנות מזון ומשקאות בע,,,"י""ח",700,ל  גרם,false,1,12.70,1.81,true,1,
7290017842448,false,אננס שלם 227ג  שווה,ח.כהן סוכנות מזון ומשקאות בע,,,"י""ח",227,ל  גרם,false,1,4.20,1.85,false,1,
7290017842455,false,קוקטייל פירותA2 שווה,ח.כהן סוכנות מזון ומשקאות בע,,,"י""ח",540,ל  גרם,false,1,7.60,1.41,false,1,
7290017842493,false,תירס גמדי 425גר שווה,ח.כהן סוכנות מזון ומשקאות בע,,,"י""ח",425,"ל  מ""ל",false,1,6.80,1.60,false,1,
7290017842516,false,שקיות אוכל זיפר קטנות 30יח  שווה,ח.כהן סוכנות מזון ומשקאות בע,,,"י""ח",30,"י""ח",false,1,5.90,0.20,false,1,
7290017842523,false,שקיות רב שימושיות זיפר גדולות 20יח,ח.כהן סוכנות מזון ומשקאות בע,,,"י""ח",20,"י""ח",false,1,7.60,0.38,false,1,
7290017842530,false,שקיות אוכל ריץ רץ קטנות 15יח שווה,ח.כהן סוכנות מזון ומשקאות בע,,,"י""ח",15,"י""ח",false,1,5.90,0.39,false,1,
7290017842547,false,שקיות רב שימושיות ריץ רץ 12יח גדולות,ח.כהן סוכנות מזון ומשקאות בע,,,"י""ח",15,"י""ח",false,1,7.60,0.51,false,1,
7290017842745,false,צלחת בינונית חושן 20יח שווה,ח.כהן סוכנות מזון ומשקאות בע,,,"י""ח",20,"י""ח",false,1,7.60,0.38,false,1,
7290017842752,false,צלחת  גדולה חושן 20יח שווה,ח.כהן סוכנות מזון ומשקאות בע,,,"י""ח",20,"י""ח",false,1,11.90,0.60,false,1,
7290017842769,false,צלחת ענקית חושן 20יח שווה,ח.כהן סוכנות מזון ומשקאות בע,,,"י""ח",20,"י""ח",false,1,16.20,0.81,false,1,
7290017842783,false,קערית אובלית חושן 20יח שווה,ח.כהן סוכנות מזון ומשקאות בע,,,"י""ח",20,"י""ח",false,1,7.60,0.38,false,1,
7290017842806,false,"צלחות ענקיות מעלי דקל 10  יח""שווה""",ח.כהן סוכנות מזון ומשקאות בע,,,"י""ח",1,,false,1,14.40,14.40,false,1,
7290017842837,false,"מרקיות  מעלי דקל 10  יח""שווה""",ח.כהן סוכנות מזון ומשקאות בע,,,"י""ח",1,,false,1,8.50,8.50,false,1,
7290017842851,false,"|מגשים עגולים ענקים מעלי דקל 5 יח""שוו",ח.כהן סוכנות מזון ומשקאות בע,,,"י""ח",1,,false,1,10.20,10.20,false,1,
7290017842875,false,"מגשים אובלים בינוני מעלי דקל 5 יח""שוו",ח.כהן סוכנות מזון ומשקאות בע,,,"י""ח",1,,false,1,10.20,10.20,false,1,
7290017842882,false,מגש מרובע גדול מעלי דקל 3יח שווה,ח.כהן סוכנות מזון ומשקאות בע,,,"י""ח",3,"י""ח",false,1,9.30,3.10,false,1,
7290017845043,false,פטריות זוגות חצי חצי,ביכורי השדה צפון 1994 ג.ד. בעמ,,,"י""ח",1,,false,1,18.90,18.90,false,1,
7290017845203,false,פטריות שמפיניון בודד,ביכורי השדה צפון 1994 ג.ד. בעמ,,,"י""ח",1,,false,1,10.90,10.90,true,1,
7290017864259,false,בזיליקום 100ג,ביכורי השדה צפון 1994 ג.ד. בעמ,,,"י""ח",1,,false,1,8.90,8.90,false,1,
7290017864471,false,עלי בייבי250ג,ביכורי השדה צפון 1994 ג.ד. בעמ,,,"י""ח",250,ל  גרם,false,1,14.90,5.96,false,1,
7290017864549,false,רוקולה 250גר,ביכורי השדה צפון 1994 ג.ד. בעמ,,,"י""ח",250,ל  גרם,false,1,15.90,6.36,false,1,
7290017864594,false,שיני שום מובחרות,ביכורי השדה צפון 1994 ג.ד. בעמ,,,"י""ח",1,,false,1,12.70,12.70,false,1,
7290017871363,false,סבון ידיים מ.בשמן מקדמיה 500מ``ל פמלי,דנשר (1963) בעמ,,,"י""ח",500,"ל  מ""ל",false,1,8.50,1.70,false,1,
7290017871370,false,סבון ידיים מ.בשמן אבוקדו 500מ``ל פמלי,דנשר (1963) בעמ,,,"י""ח",500,"ל  מ""ל",false,1,8.50,1.70,false,1,
7290017872001,false,קרם החתלה שמן זית ופרופוליס 100ג` פרש,דנשר (1963) בעמ,,,"י""ח",5,"י""ח",false,1,10.70,2.14,false,1,
7290017872056,false,פמלי  סבון סדרה לבנה שלישיה.3*500מ,דנשר (1963) בעמ,,,"י""ח",1.50,ליטר,false,1,15.30,10.20,false,1,
7290017872063,false,"פמלי  סבון ארומתרפי שלישיה.3*500מ""ל",דנשר (1963) בעמ,,,"י""ח",1.50,ליטר,false,1,15.30,10.20,false,1,
7290017872162,false,עוגיות אגוזי לוז 200 גרם טוסו,דנשר (1963) בעמ,,,"י""ח",200,ל  גרם,false,1,12.70,6.35,false,1,
7290017872179,false,עוגיות טחינה 200 גרם טוסו,דנשר (1963) בעמ,,,"י""ח",200,ל  גרם,false,1,12.70,6.35,false,1,
7290017872193,false,עוגיות שקדים וקינמון 200 גרם טוסו,דנשר (1963) בעמ,,,"י""ח",200,ל  גרם,false,1,12.70,6.35,false,1,
7290017872933,false,מגע הדבש רצועות שעווה BIO לגוף מגבוני שמ,דנשר (1963) בעמ,,,"י""ח",1,"י""ח",false,1,25.60,25.60,false,1,
7290017873008,false,גלילונית שקיות להקפאה 275יח,דנשר (1963) בעמ,,,"י""ח",275,"י""ח",false,1,10.20,0.04,false,1,
7290017873367,false,קרם ידיים פנג`ל ויטליטי לכל סוגי עור 1,דנשר (1963) בעמ,,,"י""ח",10000,"ל  מ""ל",false,1,11,0.11,true,1,
7290017873398,false,תחליב גוף פנג`ל ויטליטי לכל סוגי העור4,דנשר (1963) בעמ,,,"י""ח",400,"ל  מ""ל",false,1,23,5.75,true,1,
7290017873411,false,קרם גוף פנג`ל ויטליטי לכל סוגי העור 20,דנשר (1963) בעמ,,,"י""ח",200,"ל  מ""ל",false,1,25.60,12.80,true,1,
7290017888019,false,"פרוט ווג תפוח רימון סלק 350מ""ל",יפאורה שותפות מוגבלת לשיווק,,,"י""ח",350,"ל  מ""ל",false,1,6.50,1.77,true,1,
7290017888026,false,"פרוט ווג אננס תפוח גזר  350מ""ל..",יפאורה שותפות מוגבלת לשיווק,,,"י""ח",350,"ל  מ""ל",false,1,6.50,1.77,true,1,
7290017888033,false,"פרוט ווג בננה מלון נענע   350מ""ל.",יפאורה שותפות מוגבלת לשיווק,,,"י""ח",350,"ל  מ""ל",false,1,6.50,1.77,true,1,
7290017888644,false,"פרוט ווג אננס בננה כורכום 350מ""ל",יפאורה שותפות מוגבלת לשיווק,,,"י""ח",350,"ל  מ""ל",false,1,6.50,1.77,true,1,
7290017888729,false,סודה שוופס 1ל,יפאורה שותפות מוגבלת לשיווק,,,"י""ח",1,ליטר,false,1,3.90,3.90,true,1,
7290017917467,false,קמיל בלו אל סבון שיבולת שועל 1ליטר,פישר תעשיות פרמבצטיות בעמ,,,"י""ח",1,ליטר,false,1,28.10,28.10,true,1,
7290017917566,false,"שמפו סילבר ללא מלחים 400מ""ל ד""ר פישר",פישר תעשיות פרמבצטיות בעמ,,,"י""ח",400,"ל  מ""ל",false,1,34.10,8.53,false,1,
7290017917757,false,קרם גוף EFFECTIVE CARE מ. בשמן כותנה,פישר תעשיות פרמבצטיות בעמ,,,"י""ח",450,"ל  מ""ל",false,1,21.30,4.73,true,1,
7290017928036,false,מאיר בייגל מקלות גריסיני שומשום 175גר,דנשר (1963) בעמ,,,"י""ח",175,ל  גרם,false,1,10.20,5.83,true,1,
7290017928043,false,מאיר בייגל מקלות גריסיני קראנץ מלח 175,דנשר (1963) בעמ,,,"י""ח",175,ל  גרם,false,1,10.20,5.83,true,1,
7290017928098,false,מאיר בייגל שטוחלה מלח  300גר,דנשר (1963) בעמ,,,"י""ח",300,ל  גרם,false,1,9.30,3.10,true,1,
7290017928463,false,שברי בייגלה דבש חרדל ובצל 300גרם סמאש,דנשר (1963) בעמ,,,"י""ח",300,"ל  מ""ל",false,1,9.30,3.10,true,1,
7290017928494,false,שברי בייגלה בטעם צ`דר 300גרם סמאש,דנשר (1963) בעמ,,,"י""ח",300,"ל  מ""ל",false,1,9.30,3.10,false,1,
7290017928616,false,מאיר בייגל שטוחלה שומשום  300גר,דנשר (1963) בעמ,,,"י""ח",300,ל  גרם,false,1,9.30,3.10,true,1,
7290017928722,false,מאיר בייגל בייגלה שטוח ניגובים שומשו 3,דנשר (1963) בעמ,,,"י""ח",300,ל  גרם,false,1,9.30,3.10,true,1,
7290017928746,false,מאיר בייגל פירורי בייגל 200ג,דנשר (1963) בעמ,,,"י""ח",200,ל  גרם,false,1,5.90,2.95,false,1,
7290017928821,false,מאיר בייגל מקלות גריסיני קלאסי 200גר,דנשר (1963) בעמ,,,"י""ח",200,ל  גרם,false,1,10.20,5.10,true,1,
7290017932088,false,תחתית אפויה לפאי 170 גרם גאלה,מור ים מרקטינג בעמ,,,"י""ח",170,ל  גרם,false,1,11.90,7,false,1,
7290017947105,false,לחם אנגיל בסגנון אמריקה 500גר,שלמה א.אנג ל בעמ,,,"י""ח",500,ל  גרם,false,1,11.90,2.38,false,1,
7290017947389,false,מארז לחמניות קלועות 4*125גר,שלמה א.אנג ל בעמ,,,"י""ח",500,ל  גרם,false,1,10.80,2.16,false,1,
7290017947464,false,פיתות כוסמין מארז 8 יח אנגל,שלמה א.אנג ל בעמ,,,"י""ח",8,"י""ח",false,1,12.70,1.59,true,1,
7290017947495,false,לחמניות כוסמין שישייה,שלמה א.אנג ל בעמ,,,"י""ח",450,ל  גרם,false,1,12.70,2.82,false,1,
7290017947891,false,לחם אנגיל כוסמין וחיטה מלאה 750גר,שלמה א.אנג ל בעמ,,,"י""ח",750,ל  גרם,false,1,13.60,1.81,false,1,
7290017947921,false,לחמניות  להמבורגר 450גר.,שלמה א.אנג ל בעמ,,,"י""ח",450,ל  גרם,false,1,11,2.44,false,1,
7290017947938,false,מארז 8 מיני לחמניות המבורגר אמריקה,שלמה א.אנג ל בעמ,,,"י""ח",400,ל  גרם,false,1,11.90,2.98,false,1,
7290018023006,false,זית קלמטה  215גרם,בני פאוזי שמשום (2009) בעמ,,,"י""ח",215,ל  גרם,false,1,10.20,4.74,true,1,
7290018023013,false,זית סורי שבור  215גרם,בני פאוזי שמשום (2009) בעמ,,,"י""ח",215,ל  גרם,false,1,8.50,3.95,true,1,
7290018023020,false,זית שחור מרוקאי  215גרם,בני פאוזי שמשום (2009) בעמ,,,"י""ח",215,ל  גרם,false,1,10.20,4.74,true,1,
7290018045084,false,דגנים במילוי קרם בטעם בראוניז 480גר,ר.ב. מוצרי דגנים בעמ,,,"י""ח",750,ל  גרם,false,1,18.70,2.49,true,1,
7290018045497,false,דגנים במילוי קרם שוקולד 480גר,ר.ב. מוצרי דגנים בעמ,,,"י""ח",750,ל  גרם,false,1,18.70,2.49,true,1,
7290018045503,false,דגנ בוקר הלו קיטי לבבות 311גר,ר.ב. מוצרי דגנים בעמ,,,"י""ח",311,ל  גרם,false,1,20.40,6.56,false,1,
7290018071243,false,כפפות פלסטיק שחורות אלסטיות S ללא אבקה,אינטרסן (1996) בעמ,,,"י""ח",1,,false,1,12.70,12.70,true,1,
7290018071250,false,כפפות פלסטיק שחורות אלסטיות M ללא אבקה,אינטרסן (1996) בעמ,,,"י""ח",1,,false,1,12.70,12.70,true,1,
7290018071267,false,כפפות פלסטיק שחורות אלסטיות L ללא אבקה,אינטרסן (1996) בעמ,,,"י""ח",1,,false,1,12.70,12.70,true,1,
7290018071434,false,מימיה עם קש סיליקון ומכסה הגייני,אינטרסן (1996) בעמ,,,"י""ח",1,,false,1,20.40,20.40,false,1,
7290018091029,false,"מקלות פילו תפו""א  450ג קפוא",תנובה בשר,,,"י""ח",450,ל  גרם,false,1,15.30,3.40,false,1,
7290018091272,false,בצק עוגיות קקאו טריפל שוקולד 300ג,תנובה בשר,,,"י""ח",300,ל  גרם,false,1,14.40,4.80,true,1,
7290018098332,false,פרישייק בריאות בננה פסיפלורה תמר 300גר,א.ג בחירה חכמה בעמ,,,"י""ח",300,"ל  מ""ל",false,1,12.70,4.23,false,1,
7290018098486,false,פיצה מרגריטה Beef free 350גר,גורי מוצרי צריכה בעמ,,,"י""ח",350,ל  גרם,false,1,18.70,5.34,false,1,
7290018098493,false,פיצה מרגריטה בתוספת זיתי Beef free 350גר,גורי מוצרי צריכה בעמ,,,"י""ח",350,ל  גרם,false,1,18.70,5.34,false,1,
7290018098561,false,פרישייק בריאות תות בננה תמר 300גר,א.ג בחירה חכמה בעמ,,,"י""ח",300,"ל  מ""ל",false,1,12.70,4.23,false,1,
7290018098592,false,שווארמה Beef free 300גר,גורי מוצרי צריכה בעמ,,,"י""ח",300,ל  גרם,false,1,18.70,6.23,false,1,
7290018131053,false,מאגדת קרחונים לימון אננס וולנס,נגה גלידות,,,"י""ח",1,,false,1,19.60,19.60,false,1,
7290018131336,false,נסטלה שלגון ליון 66ג,נגה גלידות,,,"י""ח",66,ל  גרם,false,1,10.20,15.45,true,1,
7290018131855,false,מאגדת אקסטרים בראוניז  X 6,נגה גלידות,,,"י""ח",1,,false,1,30.70,30.70,false,1,
7290018131879,false,מאגדת אקסטרים ריבת חלב   X 6,נגה גלידות,,,"י""ח",1,,false,1,30.70,30.70,false,1,
7290018131893,false,מאגדת אקסטרים פקאן  X 6,נגה גלידות,,,"י""ח",1,,false,1,30.70,30.70,false,1,
7290018131930,false,לה פרוטה מאגדת בננה תמר פקאן 5*65גר,נגה גלידות,,,"י""ח",325,ל  גרם,false,1,25.60,7.88,false,1,
7290018131954,false,לה פרוטה מאגדת תות שוקולד 5*70גר,נגה גלידות,,,"י""ח",350,ל  גרם,false,1,25.60,7.31,false,1,
7290018132388,false,"מטרנה גולד שלב 2 700גר בד""ץ",קבוצת אוסם סחר-שות.מוגבלת,,,"י""ח",700,ל  גרם,false,1,64,9.14,true,1,
7290018156124,false,"אל סבון שלישייה קמיל בלו ד""ר פישר צבעו",פישר תעשיות פרמבצטיות בעמ,,,"י""ח",3,"י""ח",false,1,17,5.67,false,1,
7290018165447,false,רזרב  מרלו ברקן GOLD EDITION,טמפו משקאות בעמ,,,"י""ח",750,"ל  מ""ל",false,1,42.70,5.65,true,1,
7290018165560,false,תירוש לבן של סגל 1ל.,טמפו משקאות בעמ,,,"י""ח",7.50,"י""ח",false,1,12.80,1.67,true,1,
7290018192023,false,סלרי.,ביכורי השדה צפון 1994 ג.ד. בעמ,,,"י""ח",1,,false,1,5.90,5.90,false,1,
7290018192658,false,פטריות  צמד איטלקי,ביכורי השדה צפון 1994 ג.ד. בעמ,,,"י""ח",1,,false,1,19.90,19.90,false,1,
7290018194201,false,"סודה ספארק 250מ""ל לימון בודד",בני פאוזי שמשום (2009) בעמ,,,"י""ח",250,"ל  מ""ל",false,1,2.50,0.88,true,1,
7290018194218,false,"סודה ספארק 250מ""ל נענע ליים בודד",בני פאוזי שמשום (2009) בעמ,,,"י""ח",250,"ל  מ""ל",false,1,2.50,0.88,true,1,
7290018194225,false,"סודה ספארק 250מ""ל בודד",בני פאוזי שמשום (2009) בעמ,,,"י""ח",250,"ל  מ""ל",false,1,2.50,0.88,true,1,
7290018198056,false,"תפוגן קוביות תפוחי אדמה  1.5ק""ג",קבוצת אוסם סחר-שות.מוגבלת,,,"י""ח",1.50,"ק""ג",false,1,21.30,14.20,false,1,
7290018198148,false,"תפוגן קריספי צ`יפס קלאסי 1.25ק""ג",קבוצת אוסם סחר-שות.מוגבלת,,,"י""ח",1.50,"ק""ג",false,1,23.90,15.93,false,1,
7290018198209,false,תפוגן צ`יפס בטטה קראנצי 500גר,קבוצת אוסם סחר-שות.מוגבלת,,,"י""ח",500,ל  גרם,false,1,18.70,3.74,false,1,
7290018198254,false,"תפוגן קריספי צ`יפס פוטטוס 1.25ק""ג",קבוצת אוסם סחר-שות.מוגבלת,,,"י""ח",1.50,"ק""ג",false,1,23.90,15.93,false,1,
7290018208472,false,"תמר מג`הול 1ק""ג מחנה יהודה.",א.מ. עישבי תיבול תקומה בעמ,,,"י""ח",1,"ק""ג",false,1,19.90,19.90,true,1,
7290018208489,false,תמר מג`הול 800גר פרימים מחנה יהודה,א.מ. עישבי תיבול תקומה בעמ,,,"י""ח",800,ל  גרם,false,1,24.90,3.11,true,1,
7290018237397,false,עוף טוב פסטרמה מקורמלת נתח שלם 300גרם,קבוצת אוסם סחר-שות.מוגבלת,,,"י""ח",300,ל  גרם,false,1,22.10,7.37,true,1,
7290018237410,false,עוף טוב פסטרמה במעשנה נתח שלם 300גרם,קבוצת אוסם סחר-שות.מוגבלת,,,"י""ח",300,ל  גרם,false,1,22.10,7.37,true,1,
7290018237489,false,עוף טוב דק דק פסטרמה ברביקיו 220גר.,קבוצת אוסם סחר-שות.מוגבלת,,,"י""ח",220,ל  גרם,false,1,18.70,8.50,false,1,
7290018237496,false,עוף טוב דק דק פסטרמה דבש 220גר.,קבוצת אוסם סחר-שות.מוגבלת,,,"י""ח",220,ל  גרם,false,1,18.70,8.50,true,1,
7290018237502,false,עוף טוב דק דק כתף בקר 200גר.,קבוצת אוסם סחר-שות.מוגבלת,,,"י""ח",200,ל  גרם,false,1,17.90,8.95,false,1,
7290018237922,false,שניצלונים ציפוי צ`יפס ]עוף  טוב[,קבוצת אוסם סחר-שות.מוגבלת,,,"י""ח",700,ל  גרם,false,1,12.70,1.81,false,1,
7290018237939,false,שניצלונים]עוף  טוב[.,קבוצת אוסם סחר-שות.מוגבלת,,,"י""ח",700,ל  גרם,false,1,12.70,1.81,false,1,
7290018285145,false,דר שקשוקה קוסקוס איטלקי 500גר,ציון תורגמן בעמ,,,"י""ח",500,"ל  מ""ל",false,1,8.50,1.70,false,1,
7290018294000,false,K.D  רוזה,אגודת הכורמים,,,"י""ח",750,"ל  מ""ל",false,1,18.80,2.47,true,1,
7290018294352,false,"ארק כרמל 700מ""ל.",אגודת הכורמים,,,"י""ח",700,"ל  מ""ל",false,1,51.20,7.27,true,1,
7290018333112,false,אריזת טופי אצבעות מיקס 402ג,כרמית תעשיות ממתקים בעמ,,,"י""ח",402,ל  גרם,false,1,10.20,2.54,false,1,
7290018333952,false,חטיף אגוזים רפאלס וחמוציות  150ג,כרמית תעשיות ממתקים בעמ,,,"י""ח",150,ל  גרם,false,1,13.60,9.07,false,1,
7290018333969,false,חטיף אגוזים רפאלס שקדים וטחינה  150ג,כרמית תעשיות ממתקים בעמ,,,"י""ח",150,ל  גרם,false,1,13.60,9.07,false,1,
7290018343340,false,שמפו משקם S&R לאחר החלקה או עיצוב בחום,פישר תעשיות פרמבצטיות בעמ,,,"י""ח",400,"ל  מ""ל",false,1,34.10,8.53,false,1,
7290018343364,false,מסכה הזנה S&R לאחר החלקה או עיצוב בחום,פישר תעשיות פרמבצטיות בעמ,,,"י""ח",300,"ל  מ""ל",false,1,34.10,11.37,false,1,
7290018343630,false,"קרם גוף ד""ר פישר אפקטיב קר 450מ""ל",פישר תעשיות פרמבצטיות בעמ,,,"י""ח",450,ל  גרם,false,1,21.30,4.73,true,1,
7290018359495,false,תירס מהשדה ללא תוספת סוכר 550ג יכין,זנלכל בעמ,,,"י""ח",550,ל  גרם,false,1,8.50,1.55,false,1,
7290018359518,false,תירס מהשדה ללא תוספת סוכר 3*200ג יכין,זנלכל בעמ,,,"י""ח",600,ל  גרם,false,1,12.70,2.12,false,1,
7290018359549,false,רוטב עגבניות פרי זה 240גר,זנלכל בעמ,,,"י""ח",240,ל  גרם,false,1,3.10,1.29,false,1,
7290018359556,false,תירס מהשדה ללא תוספת סוכר 400ג יכין,זנלכל בעמ,,,"י""ח",400,ל  גרם,false,1,5.90,1.48,false,1,
7290018359587,false,חומוס הקטניה הטובה יכין 3*200גר.,זנלכל בעמ,,,"י""ח",600,ל  גרם,false,1,11,1.83,true,1,
7290018359679,false,שעועית לימה יכין 550ג,זנלכל בעמ,,,"י""ח",520,ל  גרם,false,1,8.50,1.63,false,1,
7290018359686,false,~חומוס ענק יכין 550ג,זנלכל בעמ,,,"י""ח",520,ל  גרם,false,1,8.50,1.63,false,1,
7290018359945,false,רוטב פיקנטי מפלפלים וירקות יכין 400גר,זנלכל בעמ,,,"י""ח",400,ל  גרם,false,1,9.30,2.33,false,1,
7290018400036,false,חגיגת טעמים כתומים 800ג,תנובה בשר,,,"י""ח",800,ל  גרם,false,1,19.60,2.45,true,1,
7290018400661,false,לקט פאייה סגנון ספרדי סנפרוסט{,תנובה בשר,,,"י""ח",800,ל  גרם,false,1,18.70,2.34,true,1,
7290018440193,false,פליפז בייגלה מצופה ח.בוטנים 140ג,תה ויסוצקי (ישראל)בעמ,,,"י""ח",140,ל  גרם,false,1,7.60,5.43,true,1,
7290018440209,false,פליפז בייגלה מצופה פאדג לבן 140ג,תה ויסוצקי (ישראל)בעמ,,,"י""ח",140,ל  גרם,false,1,7.60,5.43,true,1,
7290018440438,false,טונה בשמן זית שלישיה *65גרם,תה ויסוצקי (ישראל)בעמ,,,"י""ח",195,ל  גרם,false,1,22.10,11.33,true,1,
7290018440445,false,טונה בשמן זית 160ג,תה ויסוצקי (ישראל)בעמ,,,"י""ח",160,ל  גרם,false,1,14.40,9,true,1,
7290018440476,false,פליפז בייגלה מצופה קרם עוגת גבינה 140ג,תה ויסוצקי (ישראל)בעמ,,,"י""ח",140,ל  גרם,false,1,7.60,5.43,true,1,
7290018440483,false,פליפז בייגלה מצופה קרמל מלוח 140ג,תה ויסוצקי (ישראל)בעמ,,,"י""ח",140,ל  גרם,false,1,7.60,5.43,true,1,
7290018440490,false,סלט טונה עם קוסקוס 150ג,תה ויסוצקי (ישראל)בעמ,,,"י""ח",150,ל  גרם,false,1,11.90,7.93,true,1,
7290018440513,false,סלט קליפורניה עם טונה  150ג,תה ויסוצקי (ישראל)בעמ,,,"י""ח",150,ל  גרם,false,1,11.90,7.93,true,1,
7290018443040,false,נבטים סיניים שמיטה,ביכורי השדה צפון 1994 ג.ד. בעמ,,,"י""ח",1,,false,1,7.90,7.90,false,1,
7290018443385,false,חסה מהדרין שמיטה,ביכורי השדה צפון 1994 ג.ד. בעמ,,,"י""ח",1,,false,1,6.90,6.90,true,1,
7290018443545,false,פלפל צ`ילי אדום 200גר,ביכורי השדה צפון 1994 ג.ד. בעמ,,,"י""ח",200,ל  גרם,false,1,10.90,5.45,false,1,
7290018443712,false,כרובית ארוזה,ביכורי השדה צפון 1994 ג.ד. בעמ,,,"י""ח",1,"י""ח",false,1,10.90,10.90,false,1,
7290018443743,false,חמציץ פראש,ביכורי השדה צפון 1994 ג.ד. בעמ,,,"י""ח",1,,false,1,11.90,11.90,false,1,
7290018443750,false,חסה משי פראש,ביכורי השדה צפון 1994 ג.ד. בעמ,,,"י""ח",100,ל  גרם,false,1,10.90,10.90,false,1,
7290018443828,false,צמד חסה אייסברג,ביכורי השדה צפון 1994 ג.ד. בעמ,,,"י""ח",150,ל  גרם,false,1,10.90,7.27,false,1,
7290018443835,false,שרי לובלו פרימיום.,ביכורי השדה צפון 1994 ג.ד. בעמ,,,"י""ח",1,,false,1,12.90,12.90,false,1,
7290018468418,false,פסטרמה צמחונית טעם מפולפל 120ג,תנובה בשר,,,"י""ח",120,ל  גרם,false,1,16.20,13.50,false,1,
7290018468425,false,נקניק טבעוני בטעם פיקנטי  100ג,תנובה בשר,,,"י""ח",100,ל  גרם,false,1,16.20,16.20,false,1,
7290018471029,false,סודה  טעם לימון שוופס 0.5ל שישייה,יפאורה שותפות מוגבלת לשיווק,,,"י""ח",300,"ל  מ""ל",false,1,11.80,3.43,false,1,
7290018471180,false,פרוט  ווג`אננס תפוח גזר 1ליטר,יפאורה שותפות מוגבלת לשיווק,,,"י""ח",1,ליטר,false,1,11.10,11.10,false,1,
7290018471210,false,ספרינג נקטר אגס סברס תפוח 1ליטר קרטוני,יפאורה שותפות מוגבלת לשיווק,,,"י""ח",1,ליטר,false,1,5.90,5.90,true,1,
7290018471401,false,פרוט  ווג`אננס בננה כורכום 1ליטר,יפאורה שותפות מוגבלת לשיווק,,,"י""ח",1,ליטר,false,1,11.10,11.10,false,1,
7290018471456,false,ספרינג שייק אננס מנגו פסיפלורה קרטונית 1,יפאורה שותפות מוגבלת לשיווק,,,"י""ח",1,ליטר,false,1,9.90,9.90,true,1,
7290018471463,false,תפוזינה נקטר תפוז מנגו 1ל קרטון,יפאורה שותפות מוגבלת לשיווק,,,"י""ח",1,ליטר,false,1,6.90,6.90,false,1,
7290018471470,false,תפוזינה נקטר תפוז פסיפלורה 1ל קרטון,יפאורה שותפות מוגבלת לשיווק,,,"י""ח",1,ליטר,false,1,6.90,6.90,false,1,
7290018471692,false,ספרינג שייק בננה אננס קוקוס קרטונית 1,יפאורה שותפות מוגבלת לשיווק,,,"י""ח",1,ליטר,false,1,9.90,9.90,true,1,
7290018471906,false,שוופס מוגז פירות לימונדה ורודה   1.5ל,יפאורה שותפות מוגבלת לשיווק,,,"י""ח",1.50,ליטר,false,1,7.60,4.87,true,1,
7290018471913,false,שוופס מוגז פירות תפוחים 1.5ל,יפאורה שותפות מוגבלת לשיווק,,,"י""ח",1.50,ליטר,false,1,7.60,4.87,true,1,
7290018471920,false,שוופס מוגז פירות ענבים 1.5ל,יפאורה שותפות מוגבלת לשיווק,,,"י""ח",1.50,ליטר,false,1,7.60,4.87,true,1,
7290018471937,false,שוופס מוגז פירות תות ליים 1.5ל,יפאורה שותפות מוגבלת לשיווק,,,"י""ח",1.50,ליטר,false,1,7.60,4.87,true,1,
7290018471944,false,שוופס מוגז פירות לימונייד 1.5ל,יפאורה שותפות מוגבלת לשיווק,,,"י""ח",1.50,ליטר,false,1,7.60,4.87,true,1,
7290018493144,false,אל סבון נוזלי לידיים קמיל ש. ארגן 1ליט,פישר תעשיות פרמבצטיות בעמ,,,"י""ח",1,ליטר,false,1,13.60,13.60,true,1,
7290018493908,false,"קמיל בלו סנסיטיב אל דמע 750 מ""ל משאבה",פישר תעשיות פרמבצטיות בעמ,,,"י""ח",750,"ל  מ""ל",false,1,17,2.27,false,1,
7290018500316,false,לחם כוסמין 750גרם ארטיזנל,שלמה א.אנג ל בעמ,,,"י""ח",750,ל  גרם,false,1,17.90,2.39,true,1,
7290018500361,false,לחם אחיד פרוס אנג ל 900גרם  *,שלמה א.אנג ל בעמ,,,"י""ח",900,ל  גרם,false,1,7.29,0.81,false,1,
7290018500460,false,לחם חצי מלא אנג`ל 700גר.,שלמה א.אנג ל בעמ,,,"י""ח",750,ל  גרם,false,1,10.20,1.36,false,1,
7290018516324,false,פרינוק מחית תפוח וש.שועל 120ג,גורי מוצרי צריכה בעמ,,,"י""ח",120,ל  גרם,false,1,5,4.17,true,1,
7290018516331,false,פרינוק מחית בננה וש.שועל  120ג,גורי מוצרי צריכה בעמ,,,"י""ח",120,ל  גרם,false,1,5,4.17,true,1,
7290018516348,false,פרינוק מחית פירות וש.שועל 120ג,גורי מוצרי צריכה בעמ,,,"י""ח",120,ל  גרם,false,1,5,4.17,true,1,
7290018516355,false,פרינוק 190 גרם תפוח עץ ש.שועל,גורי מוצרי צריכה בעמ,,,"י""ח",190,ל  גרם,false,1,5,2.63,true,1,
7290018516362,false,פרינוק 190 גרם בננה ש.שועל,גורי מוצרי צריכה בעמ,,,"י""ח",190,ל  גרם,false,1,5,2.63,true,1,
7290018516379,false,פרינוק 190 גרם סלט פירות ש.שועל,גורי מוצרי צריכה בעמ,,,"י""ח",190,ל  גרם,false,1,5,2.63,true,1,
7290018540329,false,פיתה אנגל בלדי 8יח.,שלמה א.אנג ל בעמ,,,"י""ח",8,"י""ח",false,1,10.20,1.28,false,1,
7290018540817,false,לחם מחמצת כוסמין 500גרם ארטיזנל,שלמה א.אנג ל בעמ,,,"י""ח",500,ל  גרם,false,1,15.30,3.06,true,1,
7290018540824,false,לחם מחמצת כפרי 500גרם ארטיזנל,שלמה א.אנג ל בעמ,,,"י""ח",500,ל  גרם,false,1,15.30,3.06,true,1,
7290018540831,false,לחם מחמצת חיטה מלאה 500גרם ארטיזנל,שלמה א.אנג ל בעמ,,,"י""ח",500,ל  גרם,false,1,15.30,3.06,true,1,
7290018556542,false,משקה אלכהלי לימנענע מחנה יהודה  700 מי,פיירוואטר בעמ,,,"י""ח",750,"ל  מ""ל",false,1,34.40,4.55,true,1,
7290018556924,false,משקה אלכהלי מחנה יהודה לימון 700 מייל,פיירוואטר בעמ,,,"י""ח",750,"ל  מ""ל",false,1,34.40,4.55,true,1,
7290018556948,false,ערק יאסו מחנה יהודה 40% 700 מייל,פיירוואטר בעמ,,,"י""ח",700,"ל  מ""ל",false,1,42.70,6.06,true,1,
7290018564622,false,שום כתוש שף הטבע.,קפוא זן תעשיות מזון בעמ,,,"י""ח",1,"י""ח",false,1,11,11,false,1,
7290018571064,false,מקלוני טופי 450ג,מיה תעשיות מזון מ.ת.מ בעמ,,,"י""ח",450,ל  גרם,false,1,13.60,3.02,false,1,
7290018571231,false,עדשי שוקולד לאפיה 400גר,מיה תעשיות מזון מ.ת.מ בעמ,,,"י""ח",400,ל  גרם,false,1,16.20,4.05,false,1,
7290018571491,false,ריבת חלב אמיתית 340 גרם מיה.,מיה תעשיות מזון מ.ת.מ בעמ,,,"י""ח",340,ל  גרם,false,1,12.70,3.74,false,1,
7290018571507,false,סוכריות ויטמין C ילדים דובונים 175גר מיה,מיה תעשיות מזון מ.ת.מ בעמ,,,"י""ח",175,ל  גרם,false,1,34.10,19.49,false,1,
7290018571521,false,סוכריות מולטי ויטמין ילדים דובונים 175גר,מיה תעשיות מזון מ.ת.מ בעמ,,,"י""ח",175,ל  גרם,false,1,34.10,19.49,false,1,
7290018571538,false,סוכריות חורף פרופוליס אכיניציה 175גר,מיה תעשיות מזון מ.ת.מ בעמ,,,"י""ח",175,ל  גרם,false,1,34.10,19.49,false,1,
7290018571552,false,סוכריות אומגה 3 ילדים דגונים 240גר,מיה תעשיות מזון מ.ת.מ בעמ,,,"י""ח",240,ל  גרם,false,1,34.10,14.21,false,1,
7290018571569,false,"תמצית וניל טהורה 30מ""ל",מיה תעשיות מזון מ.ת.מ בעמ,,,"י""ח",30,ל  גרם,false,1,25.60,85.33,false,1,
7290018571620,false,סוכריות מולטי ויטמין נשים 240גר,מיה תעשיות מזון מ.ת.מ בעמ,,,"י""ח",240,ל  גרם,false,1,34.10,14.21,false,1,
7290018571651,false,סוכריות קולגן מבוגרים אצבעות רחבות,מיה תעשיות מזון מ.ת.מ בעמ,,,"י""ח",210,ל  גרם,false,1,34.10,16.24,false,1,
7290018571668,false,סוכריות +C+Dאבץ משפחתי כוכב 210גר,מיה תעשיות מזון מ.ת.מ בעמ,,,"י""ח",210,ל  גרם,false,1,34.10,16.24,false,1,
7290018571699,false,קמח שקדים 250גר,מיה תעשיות מזון מ.ת.מ בעמ,,,"י""ח",250,ל  גרם,false,1,22.10,8.84,false,1,
7290018571729,false,"אורז ריזוטו עגול 1 ק""ג",מיה תעשיות מזון מ.ת.מ בעמ,,,"י""ח",1,"ק""ג",false,1,7.60,7.60,false,1,
7290018571736,false,"אורז בסמטי 1 ק""ג",מיה תעשיות מזון מ.ת.מ בעמ,,,"י""ח",1,"ק""ג",false,1,9.30,9.30,true,1,
7290018571743,false,"אורז מלא 1 ק""ג",מיה תעשיות מזון מ.ת.מ בעמ,,,"י""ח",1,"ק""ג",false,1,7.60,7.60,false,1,
7290018571811,false,סירופ מייפל טהור 250גר.,מיה תעשיות מזון מ.ת.מ בעמ,,,"י""ח",250,"ל  מ""ל",false,1,28.10,11.24,false,1,
7290018652039,false,לה קרמריה קרמל מלוח ונוגט  1.4 ליטר,נגה גלידות,,,"י""ח",1.40,ליטר,false,1,16.20,11.57,false,1,
7290018652053,false,ביסקולידה אקסטרה,נגה גלידות,,,"י""ח",68,ל  גרם,false,1,7.60,11.18,true,1,
7290018652213,false,נסטלה מאגדת קראנץ בר,נגה גלידות,,,"י""ח",350,ל  גרם,false,1,23,6.57,false,1,
7290018652671,false,לה קרמריה שוקו וניל,נגה גלידות,,,"י""ח",1.40,ליטר,false,1,16.20,11.57,false,1,
7290018652770,false,טילון גולדה 115גר,נגה גלידות,,,"י""ח",115,ל  גרם,false,1,8.50,7.39,true,1,
7290018652886,false,מאגדת שוקו בננה 8יח,נגה גלידות,,,"י""ח",600,ל  גרם,false,1,25.60,4.27,false,1,
7290018652909,false,מאגדת אספרסו שוקולד 5*43גר,נגה גלידות,,,"י""ח",215,ל  גרם,false,1,25.60,11.91,false,1,
7290018652923,false,מאגדת תות עוגת גבינה 5*43גר,נגה גלידות,,,"י""ח",215,ל  גרם,false,1,25.60,11.91,false,1,
7290018703229,false,חטיף חלבון טבעוני שוק. אגוז 60ג,דיפלומט מפיצים (1968) בעמ**,,,"י""ח",60,ל  גרם,false,1,11.90,19.83,false,1,
7290018703243,false,חטיף חלבון קרמל קראנצי 60ג,דיפלומט מפיצים (1968) בעמ**,,,"י""ח",60,ל  גרם,false,1,11.90,19.83,false,1,
7290018703311,false,חטיף עוגיות קראנץ 60ג,דיפלומט מפיצים (1968) בעמ**,,,"י""ח",60,ל  גרם,false,1,11.90,19.83,false,1,
7290018792841,false,גאנה אבקת קקאו טבעי 150ג,תה ויסוצקי (ישראל)בעמ,,,"י""ח",150,ל  גרם,false,1,8.50,5.67,true,1,
7290018835012,false,באר אקסטרה בציפוי שוקולד חלב 90גר,א.ל.יצור ושיווקתבלינים בעמ,,,"י""ח",90,ל  גרם,false,1,11.90,13.22,true,1,
7290018860991,false,אטריות ביצים רחבות  400ג,מזרח ומערב יבוא ושיווק,,,"י""ח",4,"ק""ג",false,1,8.50,2.13,true,1,
7290018878019,false,שוקולד ציפס מריר 47% 250ג,כרמית תעשיות ממתקים בעמ,,,"י""ח",250,ל  גרם,false,1,10.20,4.08,false,1,
7290018878095,false,שוקולד חלב ללא סוכר שלשות *85ג,כרמית תעשיות ממתקים בעמ,,,"י""ח",255,ל  גרם,false,1,13.60,5.33,false,1,
7290018878170,false,זוג שוקולד מריר 60% 100ג,כרמית תעשיות ממתקים בעמ,,,"י""ח",170,ל  גרם,false,1,9.30,5.47,false,1,
7290018893005,false,חטיפי בייגלה אפוי דבש וחרדל 160ג.,ש.שסטוביץ בעמ,,,"י""ח",200,ל  גרם,false,1,5.90,2.95,false,1,
7290018893074,false,צוקטה עוגת שכבות עם ליקר וניל 400גר,ש.שסטוביץ בעמ,,,"י""ח",400,ל  גרם,false,1,9.30,2.33,false,1,
7290018893098,false,צ`וקטה ביסקוויט מצופה שוקולד חלב 100גר,ש.שסטוביץ בעמ,,,"י""ח",100,ל  גרם,false,1,8.50,8.50,true,1,
7290018893104,false,צ`וקטה ביסקוויט מצופה שוקולד מריר 100גר,ש.שסטוביץ בעמ,,,"י""ח",100,ל  גרם,false,1,8.50,8.50,true,1,
7290018893135,false,צוקטה גריסיני מלח 120גר,ש.שסטוביץ בעמ,,,"י""ח",120,ל  גרם,false,1,5.90,4.92,true,1,
7290018893142,false,צוקטה גריסיני שמן זית 120גר,ש.שסטוביץ בעמ,,,"י""ח",120,ל  גרם,false,1,5.90,4.92,true,1,
7290018893258,false,צוקטה עוגות אישיות עשירייה קרמל,ש.שסטוביץ בעמ,,,"י""ח",300,ל  גרם,false,1,11,3.67,false,1,
7290018893265,false,צוקטה עוגות אישיות 1/8 מריר,ש.שסטוביץ בעמ,,,"י""ח",240,ל  גרם,false,1,10.20,4.25,true,1,
7290018893340,false,צוקטה גריסיני שומשום 120גר,ש.שסטוביץ בעמ,,,"י""ח",120,ל  גרם,false,1,5.90,4.92,true,1,
7290018893401,false,צוקטה שוקולד פרימיום 70% 100ג.,ש.שסטוביץ בעמ,,,"י""ח",100,ל  גרם,false,1,7.60,7.60,true,1,
7290018893418,false,צוקטה שוקולד מריר 60% 1/6,ש.שסטוביץ בעמ,,,"י""ח",600,ל  גרם,false,1,18.70,3.12,false,1,
7290018893456,false,צוקטה עוגות אישיות עשירייה.,ש.שסטוביץ בעמ,,,"י""ח",300,ל  גרם,false,1,11,3.67,false,1,
7290018893487,false,צוקטה עוגות אישיות עשירייה קוקוס,ש.שסטוביץ בעמ,,,"י""ח",300,ל  גרם,false,1,11,3.67,false,1,
7290018893616,false,"צוקטה שוקולד מריר 48% 1/6 כשל""פ",ש.שסטוביץ בעמ,,,"י""ח",600,ל  גרם,false,1,17,2.83,false,1,
7290018893647,false,עוגיות סנדוויץ מצופות שוקולד,ש.שסטוביץ בעמ,,,"י""ח",150,ל  גרם,false,1,8.50,5.67,true,1,
7290018893715,false,צ`וקטה בייגלה שטוח מצופה שוקולד 80ג,ש.שסטוביץ בעמ,,,"י""ח",200,ל  גרם,false,1,5.90,2.95,false,1,
7290018893746,false,חטיפי בייגלה עגבניות ועשבי תיבול 180ג,ש.שסטוביץ בעמ,,,"י""ח",180,ל  גרם,false,1,5.90,3.28,false,1,
7290018893753,false,צ`וקטה וופל חמאה בטעם לימון 100גר,ש.שסטוביץ בעמ,,,"י""ח",100,ל  גרם,false,1,8.50,8.50,true,1,
7290018893814,false,שוקולד מריר 48% 1/5 צוקטה,ש.שסטוביץ בעמ,,,"י""ח",500,"ל  מ""ל",false,1,13.60,2.72,false,1,
7290018893845,false,צוקטה פתי בר טעם חמאה 400ג,ש.שסטוביץ בעמ,,,"י""ח",400,ל  גרם,false,1,7.60,1.90,false,1,
7290018893920,false,לוקיטוס סוכריות גלי טעם פירות 700ג.,ש.שסטוביץ בעמ,,,"י""ח",700,ל  גרם,false,1,17,2.43,false,1,
7290018893951,false,צ`וקטה וופל חמאה קינמון 100גר,ש.שסטוביץ בעמ,,,"י""ח",100,ל  גרם,false,1,8.50,8.50,true,1,
7290018894002,false,בלקוני וופל קוביות קקאו 250ג,ש.שסטוביץ בעמ,,,"י""ח",250,ל  גרם,false,1,10.20,4.08,true,1,
7290018894040,false,שוקולד חלב צוקטה חמישייה 100ג.,ש.שסטוביץ בעמ,,,"י""ח",500,"ל  מ""ל",false,1,17,3.40,false,1,
7290018894248,false,שוקולד חלב צוקטה שלישייה 100ג.,ש.שסטוביץ בעמ,,,"י""ח",300,"ל  מ""ל",false,1,11.90,3.97,true,1,
7290018894408,false,בלקוני וופל קוביות אגוזים 250ג,ש.שסטוביץ בעמ,,,"י""ח",250,ל  גרם,false,1,10.20,4.08,true,1,
7290018921029,false,מגבוני קמיל בלו רביעייה סנסיטיב.,פישר תעשיות פרמבצטיות בעמ,,,"י""ח",4,"י""ח",false,1,18.70,4.68,true,1,
7290018921067,false,אפקטיב קר תחליב רחצה מועשר בשמן 700מ,פישר תעשיות פרמבצטיות בעמ,,,"י""ח",700,"ל  מ""ל",false,1,14.40,2.06,true,1,
7290018921166,false,קמיל בלו אל סבון היגייני לניקוי יסודי,פישר תעשיות פרמבצטיות בעמ,,,"י""ח",1,ליטר,false,1,13.60,13.60,true,1,
7290018921616,false,מגבוני קמיל בלו רביעייה שיבולת שועל,פישר תעשיות פרמבצטיות בעמ,,,"י""ח",4,"י""ח",false,1,19.60,4.90,false,1,
7290018925065,false,פרימור מיץ תפוזים סחוט 2ל`,"שטראוס גרופ ***בע""מ",,,"י""ח",2,ליטר,false,1,23,11.35,true,1,
7290018925072,false,פרימור משקה קל לימונים ונענע 2ל`,"שטראוס גרופ ***בע""מ",,,"י""ח",2,ליטר,false,1,23,11.35,true,1,
7290019014010,false,נוזל רצפות 4ל לגונה  טאץ,סאסאטק אגשח בעמ,,,"י""ח",4,ליטר,false,1,12.70,3.18,true,1,
7290019014409,false,"ניקוי משטחי עור 500מ""ל פלירוסול טאצ",סאסאטק אגשח בעמ,,,"י""ח",500,"ל  מ""ל",false,1,25.60,5.12,false,1,
7290019036234,false,שיני שום קלופות 200גר.,ביכורי השדה צפון 1994 ג.ד. בעמ,,,"י""ח",1,,false,1,11,11,false,1,
7290019038252,false,מאפין ילדים ממולא 50גר,שלמה א.אנג ל בעמ,,,"י""ח",1,,false,1,2.10,2.10,true,1,
7290019038559,false,עוגה בחושה שוקוצ`יפס 350גר,שלמה א.אנג ל בעמ,,,"י""ח",270,ל  גרם,false,1,11,4.07,false,1,
7290019056027,false,שוופס מוגז פירות תפוחים ללא סוכר 1.5ל,יפאורה שותפות מוגבלת לשיווק,,,"י""ח",1.50,ליטר,false,1,6.80,4.33,true,1,
7290019056034,false,שוופס מוגז פירות אננס ללא סוכר 1.5ל,יפאורה שותפות מוגבלת לשיווק,,,"י""ח",1.50,ליטר,false,1,6.80,4.33,true,1,
7290019056041,false,שוופס מוגז פירות לחמונייד ללא סוכר 1.5ל,יפאורה שותפות מוגבלת לשיווק,,,"י""ח",1.50,ליטר,false,1,6.80,4.33,true,1,
7290019056058,false,שוופס מוגז עדין תפוח ליים 1.5ליטר,יפאורה שותפות מוגבלת לשיווק,,,"י""ח",1.50,ליטר,false,1,7.40,4.73,true,1,
7290019056065,false,שוופס מוגז עדין פירות יער 1.5ליטר,יפאורה שותפות מוגבלת לשיווק,,,"י""ח",1.50,ליטר,false,1,7.40,4.73,true,1,
7290019056072,false,שוופס מוגז עדין אננס 1.5ליטר,יפאורה שותפות מוגבלת לשיווק,,,"י""ח",1.50,ליטר,false,1,7.40,4.73,true,1,
7290019056096,false,שוופס מוגז עדין אפרסק 1.5ליטר,יפאורה שותפות מוגבלת לשיווק,,,"י""ח",1.50,ליטר,false,1,7.40,4.73,true,1,
7290019056164,false,שוופס סודה רביעיה 1.5 ל,יפאורה שותפות מוגבלת לשיווק,,,"י""ח",6,ליטר,false,1,10.20,1.53,true,1,
7290019056171,false,שוופס סודה רביעיה 1.5 ל לימון,יפאורה שותפות מוגבלת לשיווק,,,"י""ח",6,ליטר,false,1,10.20,1.53,true,1,
7290019056188,false,שוופס סודה רביעיה 1.5 ל נענע ליים,יפאורה שותפות מוגבלת לשיווק,,,"י""ח",6,ליטר,false,1,10.20,1.53,true,1,
7290019056201,false,שוופס סודה רביעיה 1.5 ל פירות יער,יפאורה שותפות מוגבלת לשיווק,,,"י""ח",6,ליטר,false,1,10.20,1.53,true,1,
7290019056232,false,שוופס מוגז עדין ליים מוחיטו 1.5ליטר,יפאורה שותפות מוגבלת לשיווק,,,"י""ח",1.50,ליטר,false,1,7.40,4.73,true,1,
7290019056249,false,שוופס מים בטעמים ענבים 1.5 ליטר,יפאורה שותפות מוגבלת לשיווק,,,"י""ח",1.50,ליטר,false,1,7.30,4.67,true,1,
7290019056270,false,שוופס מים בטעמים פירות יער 1.5 ליטר,יפאורה שותפות מוגבלת לשיווק,,,"י""ח",1.50,ליטר,false,1,7.30,4.67,true,1,
7290019056287,false,שוופס מים בטעמים אפרסק ללא סוכר 1.5 ליטר,יפאורה שותפות מוגבלת לשיווק,,,"י""ח",1.50,ליטר,false,1,7.30,4.67,true,1,
7290019056294,false,שוופס ג`ינג`ר אייל 1.5ליטר,יפאורה שותפות מוגבלת לשיווק,,,"י""ח",1.50,ליטר,false,1,11.30,7.33,false,1,
7290019056300,false,שוופס ביטר למון 1.5ליטר,יפאורה שותפות מוגבלת לשיווק,,,"י""ח",1.50,ליטר,false,1,10.70,6.93,false,1,
7290019056317,false,שוופס ראשן 1.5ליטר,יפאורה שותפות מוגבלת לשיווק,,,"י""ח",1.50,ליטר,false,1,10.70,6.93,false,1,
7290019056324,false,שוופס טוניק 1.5ליטר,יפאורה שותפות מוגבלת לשיווק,,,"י""ח",1.50,ליטר,false,1,10.70,6.93,false,1,
7290019056331,false,.שוופס טוניק ללא סוכר 1.5ליטר,יפאורה שותפות מוגבלת לשיווק,,,"י""ח",1.50,ליטר,false,1,10.20,6.60,false,1,
7290019056355,false,תפוזינה  לימונענע 1.5 ליטר,יפאורה שותפות מוגבלת לשיווק,,,"י""ח",1.50,ליטר,false,1,7.90,5.07,true,1,
7290019056362,false,תפוזינה  ענבים 1.5 ליטר,יפאורה שותפות מוגבלת לשיווק,,,"י""ח",1.50,ליטר,false,1,7.90,5.07,true,1,
7290019056379,false,תפוזינה  תפוחים 1.5 ליטר,יפאורה שותפות מוגבלת לשיווק,,,"י""ח",1.50,ליטר,false,1,7.90,5.07,true,1,
7290019056386,false,תפוזינה  אשכוליות 1.5 ליטר,יפאורה שותפות מוגבלת לשיווק,,,"י""ח",1.50,ליטר,false,1,7.90,5.07,true,1,
7290019056393,false,תפוזינה  תות בננה 1.5 ליטר,יפאורה שותפות מוגבלת לשיווק,,,"י""ח",1.50,ליטר,false,1,7.90,5.07,true,1,
7290019056416,false,תפוזינה  לימונדה ורודה 1.5 ליטר,יפאורה שותפות מוגבלת לשיווק,,,"י""ח",1.50,ליטר,false,1,7.90,5.07,true,1,
7290019056423,false,תפוזינה  תפוחים 1.5 ליטר,יפאורה שותפות מוגבלת לשיווק,,,"י""ח",1.50,ליטר,false,1,7.90,5.07,true,1,
7290019056430,false,תפוזינה  תפוזים לייט 1.5 ליטר,יפאורה שותפות מוגבלת לשיווק,,,"י""ח",1.50,ליטר,false,1,7.90,5.07,true,1,
7290019056454,false,קולה RC 1.5 ליטר בודד,יפאורה שותפות מוגבלת לשיווק,,,"י""ח",1.50,ליטר,false,1,6.50,4.13,false,1,
7290019056478,false,ספרינג -Tאפרסק  1.5 ל,יפאורה שותפות מוגבלת לשיווק,,,"י""ח",1.50,ליטר,false,1,6.50,4.13,true,1,
7290019056485,false,ספרינג -Tתה ירוק לימון לואיזה 1.5ליטר,יפאורה שותפות מוגבלת לשיווק,,,"י""ח",1.50,ליטר,false,1,6.50,4.13,true,1,
7290019056508,false,פרוט ווטר ענבים 1.5 ליטר,יפאורה שותפות מוגבלת לשיווק,,,"י""ח",1.50,ליטר,false,1,7.30,4.67,true,1,
7290019056515,false,פרוט ווטר אננס 1.5 ליטר,יפאורה שותפות מוגבלת לשיווק,,,"י""ח",1.50,ליטר,false,1,7.30,4.67,true,1,
7290019056522,false,פרוט ווטר תות 1.5 ליטר,יפאורה שותפות מוגבלת לשיווק,,,"י""ח",1.50,ליטר,false,1,7.30,4.67,true,1,
7290019056539,false,פרוט ווטר אפרסק 1.5 ליטר,יפאורה שותפות מוגבלת לשיווק,,,"י""ח",1.50,ליטר,false,1,7.30,4.67,true,1,
7290019056546,false,פרוט ווטר אבטיח 1.5 ליטר,יפאורה שותפות מוגבלת לשיווק,,,"י""ח",1.50,ליטר,false,1,7.30,4.67,true,1,
7290019056553,false,עין גדי 2 ליטר שישיה,יפאורה שותפות מוגבלת לשיווק,,,"י""ח",12,ליטר,false,1,11.70,0.85,false,1,
7290019056560,false,מים עין גדי 2 ליטר.,יפאורה שותפות מוגבלת לשיווק,,,"י""ח",2,ליטר,false,1,2.90,1.30,false,1,
7290019056577,false,ספרינג מנגו 1.5 ליטר,יפאורה שותפות מוגבלת לשיווק,,,"י""ח",1.50,ליטר,false,1,7.60,4.87,true,1,
7290019056584,false,ספרינג תפוזים 1.5 ליטר,יפאורה שותפות מוגבלת לשיווק,,,"י""ח",1.50,ליטר,false,1,7.60,4.87,true,1,
7290019056591,false,ספרינג ענבים 1.5 ליטר,יפאורה שותפות מוגבלת לשיווק,,,"י""ח",1.50,ליטר,false,1,7.60,4.87,true,1,
7290019056607,false,ספרינג תפוחים 1.5 ליטר,יפאורה שותפות מוגבלת לשיווק,,,"י""ח",1.50,ליטר,false,1,7.60,4.87,true,1,
7290019056614,false,ספרינג אפרסק 1.5 ליטר,יפאורה שותפות מוגבלת לשיווק,,,"י""ח",1.50,ליטר,false,1,7.60,4.87,true,1,
7290019056621,false,ספרינג פירות טרופיים 1.5 ליטר,יפאורה שותפות מוגבלת לשיווק,,,"י""ח",1.50,ליטר,false,1,7.60,4.87,true,1,
7290019056638,false,ספרינג תות בננה 1.5 ליטר,יפאורה שותפות מוגבלת לשיווק,,,"י""ח",1.50,ליטר,false,1,7.60,4.87,true,1,
7290019056645,false,ספרינג אגס תפוח סברס 1.5 ליטר,יפאורה שותפות מוגבלת לשיווק,,,"י""ח",1.50,ליטר,false,1,7.60,4.87,true,1,
7290019056652,false,ספרינג אננס בננה 1.5 ליטר,יפאורה שותפות מוגבלת לשיווק,,,"י""ח",1.50,ליטר,false,1,7.60,4.87,true,1,
7290019056676,false,ספרינג תאשכוליות אננס דיאט 1.5 ליטר,יפאורה שותפות מוגבלת לשיווק,,,"י""ח",1.50,ליטר,false,1,7.60,4.87,true,1,
7290019056720,false,קריסטל 2 ליטר מיץ ענבים,יפאורה שותפות מוגבלת לשיווק,,,"י""ח",2,ליטר,false,1,6.70,3.20,true,1,
7290019056737,false,קריסטל 2 ליטר מיץ אשכוליות,יפאורה שותפות מוגבלת לשיווק,,,"י""ח",2,ליטר,false,1,6.70,3.20,true,1,
7290019056744,false,קריסטל 2 ליטר מיץ תפוזים,יפאורה שותפות מוגבלת לשיווק,,,"י""ח",2,ליטר,false,1,6.70,3.20,true,1,
7290019056751,false,קריסטל 2 ליטר מיץ אשכוליות דיאט,יפאורה שותפות מוגבלת לשיווק,,,"י""ח",2,ליטר,false,1,6.70,3.20,true,1,
7290019056768,false,קריסטל 2 ליטר מיץ מנגו,יפאורה שותפות מוגבלת לשיווק,,,"י""ח",2,ליטר,false,1,6.70,3.20,true,1,
7290019056782,false,קריסטל 2 ליטר מוגז למון,יפאורה שותפות מוגבלת לשיווק,,,"י""ח",2,ליטר,false,1,6.70,3.20,true,1,
7290019056799,false,קריסטל 2 ליטר מוגז אקזוטי,יפאורה שותפות מוגבלת לשיווק,,,"י""ח",2,ליטר,false,1,6.50,3.10,true,1,
7290019056805,false,קריסטל 2 ליטר מוגז תפוחים,יפאורה שותפות מוגבלת לשיווק,,,"י""ח",2,ליטר,false,1,6.70,3.20,true,1,
7290019056812,false,קריסטל 2 ליטר מוגז מנטה,יפאורה שותפות מוגבלת לשיווק,,,"י""ח",2,ליטר,false,1,6.70,3.20,true,1,
7290019056829,false,קריסטל 2 ליטר מוגז תפוזים,יפאורה שותפות מוגבלת לשיווק,,,"י""ח",2,ליטר,false,1,6.50,3.10,true,1,
7290019056836,false,קריסטל 2 ליטר מוגז תות,יפאורה שותפות מוגבלת לשיווק,,,"י""ח",2,ליטר,false,1,6.70,3.20,true,1,
7290019056843,false,קריסטל 2 ליטר מוגז קולה,יפאורה שותפות מוגבלת לשיווק,,,"י""ח",2,ליטר,false,1,6.50,3.10,true,1,
7290019056850,false,ספרינג -Tאפרסק דיאט 1.5ליטר,יפאורה שותפות מוגבלת לשיווק,,,"י""ח",1.50,ליטר,false,1,6.50,4.13,true,1,
7290019056959,false,מים מינרלים מי עדן  1.5ליטר,יפאורה שותפות מוגבלת לשיווק,,,"י""ח",1.50,ליטר,false,1,3.10,1.87,false,1,
7290019056973,false,מי עדן 1.5 ליטר שישיה,יפאורה שותפות מוגבלת לשיווק,,,"י""ח",9,ליטר,false,1,11.80,1.14,false,1,
7290019074090,false,קמיל בלו אקסטרה סופט אל סבון לתינוק 50,פישר תעשיות פרמבצטיות בעמ,,,"י""ח",500,ל  גרם,false,1,19.60,3.92,false,1,
7290019074366,false,אפקטיב קר ת. רחצה מועשר בשמן 450מ,פישר תעשיות פרמבצטיות בעמ,,,"י""ח",450,"ל  מ""ל",false,1,12.70,2.82,false,1,
7290019074502,false,קמיל בלו NATURE קרם גוף לתינוק שפופרת 24,פישר תעשיות פרמבצטיות בעמ,,,"י""ח",240,"ל  מ""ל",false,1,21.30,8.88,false,1,
7290019075899,false,קמיל בלו אקסטרה סופט אל סבון לתינוק 1ל,פישר תעשיות פרמבצטיות בעמ,,,"י""ח",1,ליטר,false,1,28.10,28.10,false,1,
7290019105022,false,אל סבון נוזלי בניחוח מאסק 1ליטר,טרופיקל דגיל תעשיות קוסמטיקה,,,"י""ח",1,ליטר,false,1,9.30,9.30,true,1,
7290019105220,false,אל סבון נוזלי בניחוח פרש 1ליטר,טרופיקל דגיל תעשיות קוסמטיקה,,,"י""ח",1,ליטר,false,1,9.30,9.30,true,1,
7290019105428,false,אל סבון נוזלי בניחוח פרחים 1ליטר,טרופיקל דגיל תעשיות קוסמטיקה,,,"י""ח",1,ליטר,false,1,9.30,9.30,true,1,
7290019105817,false,אל סבון נוזלי בניחוח וניל ודבש 1ליטר,טרופיקל דגיל תעשיות קוסמטיקה,,,"י""ח",1,ליטר,false,1,9.30,9.30,true,1,
7290019153078,false,שוופס ביטר למון לייט 1.5ליטר,יפאורה שותפות מוגבלת לשיווק,,,"י""ח",1.50,ליטר,false,1,10.70,6.93,false,1,
7290019153085,false,שוופס ללא סוכר מוחיטו 1.5ל.,יפאורה שותפות מוגבלת לשיווק,,,"י""ח",1.50,ליטר,false,1,7.60,4.87,true,1,
7290019153252,false,שוופס סודה רביעיה 1.5 ל תפוח,יפאורה שותפות מוגבלת לשיווק,,,"י""ח",6,ליטר,false,1,10.20,1.53,true,1,
7290019153269,false,שוופס סודה רביעיה 1.5 ל אננס,יפאורה שותפות מוגבלת לשיווק,,,"י""ח",6,ליטר,false,1,10.20,1.53,true,1,
7290019153313,false,"פרוט ווג תפוח חמוציות אוכמניות 350מ""ל",יפאורה שותפות מוגבלת לשיווק,,,"י""ח",350,"ל  מ""ל",false,1,6.50,1.77,true,1,
7290019153375,false,תפוזינה  מוחיטו 1.5 ליטר,יפאורה שותפות מוגבלת לשיווק,,,"י""ח",1.50,ליטר,false,1,7.90,5.07,true,1,
7290019153535,false,"שוופס מוגז פירות למונייד לל""ס 330מל*4",יפאורה שותפות מוגבלת לשיווק,,,"י""ח",1.32,ליטר,false,1,12.50,8.71,true,1,
7290019162100,false,גרב עקב *3 לגבר,ליאור יבוא ושיווק מוצרי הלבשה,,,"י""ח",1,,false,1,18,18,false,1,
7290019162179,false,גרביון מיקרופייבר,ליאור יבוא ושיווק מוצרי הלבשה,,,"י""ח",1,,false,1,15.30,15.30,false,1,
7290019162285,false,גופייה קיץ נשים,ליאור יבוא ושיווק מוצרי הלבשה,,,"י""ח",1,,false,1,27.20,27.20,false,1,
7290019162292,false,גופייה תחרה נשים,ליאור יבוא ושיווק מוצרי הלבשה,,,"י""ח",1,,false,1,32.40,32.40,false,1,
7290019167020,false,עוגת גבינה עם פירות יער לייט 82ג,תנובה בעמ ***,,,"י""ח",82,"ל  מ""ל",false,1,5.90,7.20,false,1,
7290019167037,false,תותים ברצפת 82ג,תנובה בעמ ***,,,"י""ח",82,"ל  מ""ל",false,1,5.90,7.20,false,1,
7290019167044,false,קצפת עם קרם בייגלה מתוק מלוח 82ג,תנובה בעמ ***,,,"י""ח",82,"ל  מ""ל",false,1,5.90,7.20,false,1,
7290019203001,false,טורטיה מעדשים כתומות מונבט 180גר,גורי מוצרי צריכה בעמ,,,"י""ח",180,ל  גרם,false,1,17,9.44,false,1,
7290019204008,false,עוף טוב פסטרמה ארבעה פלפלים 350 גרם,קבוצת אוסם סחר-שות.מוגבלת,,,"י""ח",350,ל  גרם,false,1,25.60,7.31,true,1,
7290019204107,false,עוף טוב פסטרמה בטעם אווז 320 גרם,קבוצת אוסם סחר-שות.מוגבלת,,,"י""ח",320,ל  גרם,false,1,25.60,8,true,1,
7290019204305,false,חזה הודו ברביקיו  350 גרם,קבוצת אוסם סחר-שות.מוגבלת,,,"י""ח",350,ל  גרם,false,1,25.60,7.31,true,1,
7290019232155,false,ויסוצקי פלוס לילה טוב קמומיל לבנדר,תה ויסוצקי (ישראל)בעמ,,,"י""ח",25,"י""ח",false,1,21.30,0.85,true,1,
7290019232162,false,ויסוצקי פלוס לילה טוב קמומיל מליסה,תה ויסוצקי (ישראל)בעמ,,,"י""ח",25,"י""ח",false,1,21.30,0.85,true,1,
7290019232179,false,ויסוצקי פלוס סטאי וול נענע 25שק,תה ויסוצקי (ישראל)בעמ,,,"י""ח",25,"י""ח",false,1,21.30,0.85,true,1,
7290019232834,false,פליפז בייגלה מצופה רם עוגיות 140ג,תה ויסוצקי (ישראל)בעמ,,,"י""ח",140,ל  גרם,false,1,7.60,5.43,true,1,
7290019297161,false,טורטיה ראפ מקמח תירס 540גר,דין שיווק וקליה 2021 בעמ,,,"י""ח",540,ל  גרם,false,1,7.60,1.41,false,1,
7290019297383,false,מעדן משמש שקדיה 100% רכיבי פרי 284גר ל,דין שיווק וקליה 2021 בעמ,,,"י""ח",284,ל  גרם,false,1,11.90,4.19,true,1,
7290019297390,false,מעדן פטל שקדיה 100% רכיבי פרי 284גר ל.ס,דין שיווק וקליה 2021 בעמ,,,"י""ח",284,ל  גרם,false,1,11.90,4.19,true,1,
7290019297406,false,מעדן דובדבן 100% רכיבי פרי 284גר ל.ס,דין שיווק וקליה 2021 בעמ,,,"י""ח",284,ל  גרם,false,1,11.90,4.19,true,1,
7290019297413,false,מעדן אפרס שקדיה 100% רכיבי פרי 284גר ל,דין שיווק וקליה 2021 בעמ,,,"י""ח",284,ל  גרם,false,1,11.90,4.19,true,1,
7290019297420,false,מעדן תות שקדיה 100% רכיבי פרי 284גר ל.,דין שיווק וקליה 2021 בעמ,,,"י""ח",284,ל  גרם,false,1,11.90,4.19,true,1,
7290019297437,false,מעדן אוכמניות 100% רכיבי פרי 284גר ל.ס,דין שיווק וקליה 2021 בעמ,,,"י""ח",284,ל  גרם,false,1,11.90,4.19,true,1,
7290019297512,false,"רוטב רימונים שקדיה 340גר בד""ץ",דין שיווק וקליה 2021 בעמ,,,"י""ח",340,ל  גרם,false,1,8.50,2.50,false,1,
7290019297543,false,חמאת בוטנים 510גר`,דין שיווק וקליה 2021 בעמ,,,"י""ח",510,ל  גרם,false,1,8.50,1.67,false,1,
7290019297550,false,בוטנים מטוגטים בקופסא 185גר,דין שיווק וקליה 2021 בעמ,,,"י""ח",160,ל  גרם,false,1,8.50,5.31,false,1,
7290019305972,false,ממרח ארטישוק,עוזי טעמים של בית,,,"י""ח",1,,false,1,18.70,18.70,false,1,
7290019513209,false,בוצ`ר אשא 30*45,מ. שלומי שיווק בשר וסחר בעמ,,,"י""ח",1,מטר,false,1,59,59,false,1,
7290022005074,false,רוטב עגבניות שרי קלאסי 400גר,א.ל.יצור ושיווקתבלינים בעמ,,,"י""ח",400,"ל  מ""ל",false,1,12.70,3.18,true,1,
7290022005081,false,רוטב עגבניות שרי ארביאטה 400גר,א.ל.יצור ושיווקתבלינים בעמ,,,"י""ח",400,"ל  מ""ל",false,1,12.70,3.18,true,1,
7290022005098,false,רוטב עגבניות שרי לשקשוקה 400גר,א.ל.יצור ושיווקתבלינים בעמ,,,"י""ח",400,"ל  מ""ל",false,1,12.70,3.18,true,1,
7290022005104,false,רוטב עגבניות שרי בזיליקום 400גר,א.ל.יצור ושיווקתבלינים בעמ,,,"י""ח",400,"ל  מ""ל",false,1,12.70,3.18,true,1,
7290022005111,false,רוטב עגבניות שרי לפיצה 400גר,א.ל.יצור ושיווקתבלינים בעמ,,,"י""ח",400,"ל  מ""ל",false,1,12.70,3.18,true,1,
7290022005555,false,תבלין פילדלפיה 120גר,א.ל.יצור ושיווקתבלינים בעמ,,,"י""ח",120,ל  גרם,false,1,9.80,8.17,false,1,
7290042051808,false,"לפתניות מתכלות 25יח  ""שווה""",ח.כהן סוכנות מזון ומשקאות בע,,,"י""ח",25,"י""ח",false,1,6.80,0.27,true,1,
7290042051815,false,"מרקיות מתכלות 25יח  ""שווה""",ח.כהן סוכנות מזון ומשקאות בע,,,"י""ח",25,"י""ח",false,1,10.20,0.41,true,1,
7290042051921,false,כוסות יהלום שווה 40יח,ח.כהן סוכנות מזון ומשקאות בע,,,"י""ח",40,"י""ח",false,1,9.30,0.23,false,1,
7290055090702,false,איגלו שלוקים כרמית 60יח,כרמית תעשיות ממתקים בעמ,,,"י""ח",120,ל  גרם,false,1,11.90,9.92,true,1,
7290080780595,false,מנטוס טעם  מנטה  עדינה בקבוק 90ג,ליימן שליסל,,,"י""ח",90,ל  גרם,false,1,13.60,15.11,false,1,
7290100240137,false,"בדין תרסיס מייבש כחול 500מ""ל",יוניליוור ישראל שיווק בעמ,,,"י""ח",500,"ל  מ""ל",false,1,13.60,2.72,false,1,
7290100240144,false,בדין תרסיס מייבש ורוד,יוניליוור ישראל שיווק בעמ,,,"י""ח",500,"ל  מ""ל",false,1,13.60,2.72,false,1,
7290100240632,false,"פתית 6דגנים 250גר  בד""ץ",יוניליוור ישראל שיווק בעמ,,,"י""ח",250,ל  גרם,false,1,12.70,5.08,true,1,
7290100240656,false,"פתית שיפון 300גר  בד""ץ",יוניליוור ישראל שיווק בעמ,,,"י""ח",300,ל  גרם,false,1,12.70,4.23,true,1,
7290100243084,false,מיונז אמיתי הלמנס 789גר`,יוניליוור ישראל שיווק בעמ,,,"י""ח",789,ל  גרם,false,1,17,2.15,false,1,
7290100243671,false,"בדין אקסטרא כחול 960 מ""ל",יוניליוור ישראל שיווק בעמ,,,"י""ח",960,"ל  מ""ל",false,1,13.60,1.42,true,1,
7290100245231,false,נמס בכוס ועוד טעם עוף שקדי מרק 50גר,יוניליוור ישראל שיווק בעמ,,,"י""ח",50,ל  גרם,false,1,5.90,11.80,true,1,
7290100249598,false,"רוטב ל עוף שום  ודבש בד""צ 320גרם",יוניליוור ישראל שיווק בעמ,,,"י""ח",320,ל  גרם,false,1,9.30,2.91,true,1,
7290100249659,false,"רוטב ל עוף צ`ילי שום בד""צ 320גרם",יוניליוור ישראל שיווק בעמ,,,"י""ח",320,ל  גרם,false,1,9.30,2.91,true,1,
7290100412466,false,קוויק מטליות  לחות לניקוי וחיטוי רצפות,שקד תבל בעמ,,,"י""ח",10,"י""ח",false,1,10.20,1.02,true,1,
7290100412787,false,"דר עור ת.רחצה קלאסי  700מ""ל",שקד תבל בעמ,,,"י""ח",700,ל  גרם,false,1,12.70,1.81,true,1,
7290100412831,false,"דר עור ת.רחצה וניל טרופי   700מ""ל",שקד תבל בעמ,,,"י""ח",700,ל  גרם,false,1,12.70,1.81,true,1,
7290100653463,false,סבון נוזלי פלמוליב ספא,ש.שסטוביץ בעמ,,,"י""ח",500,"ל  מ""ל",false,1,13.60,2.72,true,1,
7290100659090,false,פרי ללא סוכר תמרים וקינמון 5 יח מארז,ש.שסטוביץ בעמ,,,"י""ח",100,ל  גרם,false,1,14.40,14.40,false,1,
7290100680650,false,מנה חמה נודלס תאילנדי,קבוצת אוסם סחר-שות.מוגבלת,,,"י""ח",76,ל  גרם,false,1,5.90,7.76,true,1,
7290100680711,false,פירורית זהב 350 גרם אוסם,קבוצת אוסם סחר-שות.מוגבלת,,,"י""ח",350,ל  גרם,false,1,7.60,2.17,false,1,
7290100680728,false,פירורית]אוסם[,קבוצת אוסם סחר-שות.מוגבלת,,,"י""ח",350,ל  גרם,false,1,6.80,1.94,false,1,
7290100681138,false,אפרופו מארז  3 יח.,קבוצת אוסם סחר-שות.מוגבלת,,,"י""ח",150,ל  גרם,false,1,11.90,7.93,true,1,
7290100681503,false,תרכיז לימונענע 1 ליטר,קבוצת אוסם סחר-שות.מוגבלת,,,"י""ח",1,ליטר,false,1,17.90,17.90,false,1,
7290100681510,false,תרכיז אשכולית אדומה.,קבוצת אוסם סחר-שות.מוגבלת,,,"י""ח",1,ליטר,false,1,14.50,14.50,false,1,
7290100683880,false,פירה אסם,קבוצת אוסם סחר-שות.מוגבלת,,,"י""ח",260,ל  גרם,false,1,12.90,4.96,false,1,
7290100684139,false,פסטה אסם מיני מקרוני,קבוצת אוסם סחר-שות.מוגבלת,,,"י""ח",500,ל  גרם,false,1,5,1,true,1,
7290100685136,false,"מרק טעם עוף 1  ק""ג}אסם{",קבוצת אוסם סחר-שות.מוגבלת,,,"י""ח",1,"ק""ג",false,1,12.70,12.70,false,1,
7290100685242,false,במבה מתוקה טבעית,קבוצת אוסם סחר-שות.מוגבלת,,,"י""ח",30,ל  גרם,false,1,2.70,9,false,1,
7290100686164,false,ביסלי ברביקיו  מארז שישייה.,קבוצת אוסם סחר-שות.מוגבלת,,,"י""ח",210,ל  גרם,false,1,12.70,6.05,true,1,
7290100686171,false,ביסלי גריל מארז  ( שישייה),קבוצת אוסם סחר-שות.מוגבלת,,,"י""ח",210,ל  גרם,false,1,13.60,6.48,true,1,
7290100688618,false,גביעי גלידה ממותקים שוקו אוסם.,קבוצת אוסם סחר-שות.מוגבלת,,,"י""ח",24,"י""ח",false,1,13.90,0.58,false,1,
7290100689301,false,מרק טעם עוף זך עדיף 400גר.,קבוצת אוסם סחר-שות.מוגבלת,,,"י""ח",400,ל  גרם,false,1,13.60,3.40,false,1,
7290100700006,false,"חיטה 1 ק""ג סוגת",סוגת תעשיות בעמ,,,"י""ח",1,"ק""ג",false,1,8.50,8.50,true,1,
7290100700020,false,גריסי פנינה סוגת,סוגת תעשיות בעמ,,,"י""ח",200,ל  גרם,false,1,4.20,2.10,true,1,
7290100700075,false,פירורי לחם מוזהבים 200 גרם סוגת,סוגת תעשיות בעמ,,,"י""ח",200,ל  גרם,false,1,3.30,1.65,true,1,
7290100700157,false,"אורז סושי 1ק""ג סוגת",סוגת תעשיות בעמ,,,"י""ח",1,"ק""ג",false,1,11,11,false,1,
7290100700273,false,קינואה 500 גרם סוגת,סוגת תעשיות בעמ,,,"י""ח",500,ל  גרם,false,1,11.90,2.38,true,1,
7290100700297,false,עדשים שחורות 500 גר סוגת.,סוגת תעשיות בעמ,,,"י""ח",500,ל  גרם,false,1,6.80,1.36,true,1,
7290100700372,false,"אורז בסגנון בסמטי מלא 1 ק""ג",סוגת תעשיות בעמ,,,"י""ח",1,"ק""ג",false,1,11.90,11.90,false,1,
7290100700389,false,"אורז אדום 1 ק""ג",סוגת תעשיות בעמ,,,"י""ח",1,"ק""ג",false,1,10.30,10.30,false,1,
7290100700587,false,בורגול 500 גר`סוגת,סוגת תעשיות בעמ,,,"י""ח",500,ל  גרם,false,1,4.20,0.84,true,1,
7290100701140,false,"אורז ריזוטו ארבוריו 1ק""ג",סוגת תעשיות בעמ,,,"י""ח",1,"ק""ג",false,1,11,11,false,1,
7290100701454,false,גרישה 500גר`,סוגת תעשיות בעמ,,,"י""ח",500,ל  גרם,false,1,4.20,0.84,true,1,
7290100701966,false,אפונה צהובה 500ג,סוגת תעשיות בעמ,,,"י""ח",500,ל  גרם,false,1,5,1,true,1,
7290100702611,false,פתיתים אפויים אורז 500ג סוגת,סוגת תעשיות בעמ,,,"י""ח",500,ל  גרם,false,1,5,1,true,1,
7290100702628,false,פתיתים אפויים קוסקוס  500ג סוגת,סוגת תעשיות בעמ,,,"י""ח",500,ל  גרם,false,1,5,1,true,1,
7290100702642,false,פתיתים אפויים טבעות  500ג,סוגת תעשיות בעמ,,,"י""ח",500,ל  גרם,false,1,5,1,true,1,
7290100702673,false,פתיתים אפויים 3צבעים  400ג,סוגת תעשיות בעמ,,,"י""ח",400,ל  גרם,false,1,5,1.25,true,1,
7290100702994,false,סוכר חום דמררה שקית 500ג,סוגת תעשיות בעמ,,,"י""ח",500,ל  גרם,false,1,4.20,0.84,false,1,
7290100703007,false,עדשים שחורים בלוגה 500ג,סוגת תעשיות בעמ,,,"י""ח",500,ל  גרם,false,1,6.80,1.36,true,1,
7290100704622,false,סוכר דמררה דק דק בצנצנת 500גר,סוגת תעשיות בעמ,,,"י""ח",500,ל  גרם,false,1,6.80,1.36,false,1,
7290100850909,false,דוריטוס נאצו 70 גרם,"שטראוס פריטו ליי בע""מ",,,"י""ח",70,ל  גרם,false,1,2.70,3.86,true,1,
7290100850916,false,דוריטוס חמוץ חריף 70 גרם,"שטראוס פריטו ליי בע""מ",,,"י""ח",70,ל  גרם,false,1,2.70,3.86,true,1,
7290100850923,false,דוריטוס גריל 70 גרם,"שטראוס פריטו ליי בע""מ",,,"י""ח",70,ל  גרם,false,1,2.70,3.86,true,1,
7290100850930,false,דוריטוס טבעי 70 גרם,"שטראוס פריטו ליי בע""מ",,,"י""ח",70,ל  גרם,false,1,2.70,3.86,true,1,
7290100851968,false,מארז קפה נמס עלית זוגות,"שטראוס גרופ בע""מ",,,"י""ח",400,ל  גרם,false,1,32.40,8.10,true,1,
7290100921593,false,סוד כדוריות לתליה באסלה לניחוח לימון,גורי שיווק בעמ,,,"י""ח",750,"ל  מ""ל",false,1,6.80,0.91,false,1,
7290100921609,false,סוד כדוריות לתליה באסלה,גורי שיווק בעמ,,,"י""ח",750,"ל  מ""ל",false,1,6.80,0.91,false,1,
7290100922651,false,סבון מוצק הוואי  רבעייה מי קוקוס 100,הנקל סוד בעמ,,,"י""ח",400,ל  גרם,false,1,10.20,2.55,true,1,
7290100925669,false,דפים למכונת כביסה קולור קאצ`ר 10יח,גורי שיווק בעמ,,,"י""ח",10,"י""ח",false,1,11,1.10,false,1,
7290100925676,false,דפים למכונת כביסה קולור קאצ`ר 20יח,גורי שיווק בעמ,,,"י""ח",20,"י""ח",false,1,12.70,0.64,false,1,
7290100925751,false,"נוזל כלים סוד תפוח  650מ""ל",גורי שיווק בעמ,,,"י""ח",650,"ל  מ""ל",false,1,5,0.77,false,1,
7290100925775,false,"נוזל כלים סוד רימון ותאנים 650מ""ל",גורי שיווק בעמ,,,"י""ח",650,"ל  מ""ל",false,1,5,0.77,false,1,
7290100926598,false,"פרסיל 5 ק""ג",גורי שיווק בעמ,,,"י""ח",5,"ק""ג",false,1,40.60,8.12,false,1,
7290100928516,false,סוד ג`ל לכביסה ביד 1 ליטר,גורי שיווק בעמ,,,"י""ח",1,ליטר,false,1,14.70,14.70,false,1,
7290101112228,false,מאגדת שמינייה פופסיקל אננס,פלקו בעמ,,,"י""ח",1,,false,1,17.90,17.90,false,1,
7290101450900,false,נרות גמבו,שמחה זה אנחנו,,,"י""ח",1,,false,1,5.90,5.90,false,1,
7290101451105,false,נרות מטה כוכבים תותים,שמחה זה אנחנו,,,"י""ח",1,,false,1,5.10,5.10,false,1,
7290101453895,false,נר מס -2,שמחה זה אנחנו,,,"י""ח",1,,false,1,3,3,false,1,
7290101453901,false,נר מס -3,שמחה זה אנחנו,,,"י""ח",1,,false,1,3,3,false,1,
7290101488286,false,ליידי ספיד סטיק 24/7 ספריי ורוד,ש.שסטוביץ בעמ,,,"י""ח",1,,false,1,13.60,13.60,true,1,
7290101551027,false,"קפסולות אספרסו חזק עלית 14יח כשל""פ","שטראוס גרופ בע""מ",,,"י""ח",50,ל  גרם,false,1,16.20,32.40,true,1,
7290101551263,false,סילאן  טבעי 700ג יד מרדכי,"שטראוס גרופ בע""מ",,,"י""ח",700,ל  גרם,false,1,18.70,2.67,true,1,
7290101551300,false,סילאן  טבעי לחיץ 380ג יד מרדכי,"שטראוס גרופ בע""מ",,,"י""ח",380,ל  גרם,false,1,12.70,3.34,true,1,
7290101551539,false,דנונה פרו 20גר אפרסק,"שטראוס גרופ ***בע""מ",,,"י""ח",20,"ל  מ""ל",false,1,5,25,true,1,
7290101551584,false,מארז תפוצ`יפס קידס  *10 20 גרם,"שטראוס פריטו ליי בע""מ",,,"י""ח",10,"י""ח",false,1,11.90,1.19,true,1,
7290101551638,false,מארז צ יטוס כאפה 1/10,"שטראוס פריטו ליי בע""מ",,,"י""ח",10,"י""ח",false,1,11,1.10,true,1,
7290101863410,false,סיליט ספריי אקונומיקה,רקיט בנקיזר (ניר איסט) בעמ,,,"י""ח",1,,false,1,11,11,false,1,
7290101864127,false,"קליה אוקסי ספריי 750מ""ל",רקיט בנקיזר (ניר איסט) בעמ,,,"י""ח",750,"ל  מ""ל",false,1,14.40,1.92,true,1,
7290101865261,false,"פיניש הברקה 800מ""ל",רקיט בנקיזר (ניר איסט) בעמ,,,"י""ח",800,"ל  מ""ל",false,1,17,2.13,false,1,
7290101866633,false,קליה ג`ל 3ל,רקיט בנקיזר (ניר איסט) בעמ,,,"י""ח",1.70,ליטר,false,1,27,15.88,false,1,
7290101866787,false,קליה ג`ל 3ל לבן,רקיט בנקיזר (ניר איסט) בעמ,,,"י""ח",3,ליטר,false,1,25.60,8.53,false,1,
7290101868460,false,"קולון 101 8ק""ג",רקיט בנקיזר (ניר איסט) בעמ,,,"י""ח",8,"ק""ג",false,1,46.90,5.86,false,1,
7290101868958,false,"פיניש הברקה לימון 800מ""ל",רקיט בנקיזר (ניר איסט) בעמ,,,"י""ח",800,"ל  מ""ל",false,1,17,2.13,false,1,
7290101869719,false,"פיניש ג ל לימון 600מ""ל AIO",רקיט בנקיזר (ניר איסט) בעמ,,,"י""ח",600,"ל  מ""ל",false,1,29.60,4.93,false,1,
7290101869726,false,פיניש ג ל 1ל  AIO,רקיט בנקיזר (ניר איסט) בעמ,,,"י""ח",1,ליטר,false,1,36.70,36.70,false,1,
7290101869764,false,מבשם אויר מכשיר אוטומטי חלום ליל קיץ,רקיט בנקיזר (ניר איסט) בעמ,,,"י""ח",1,,false,1,38.40,38.40,true,1,
7290101869788,false,מילוי מבשם אוטומטי אואזיס,רקיט בנקיזר (ניר איסט) בעמ,,,"י""ח",1,,false,1,13.60,13.60,true,1,
7290101869795,false,מילוי מבשם אוטומטי ליל קיץ,רקיט בנקיזר (ניר איסט) בעמ,,,"י""ח",1,,false,1,13.60,13.60,true,1,
7290101869801,false,מבשם אויר חשמלי מכשיר אואזיס,רקיט בנקיזר (ניר איסט) בעמ,,,"י""ח",1,"י""ח",false,1,25.60,25.60,true,1,
7290101869825,false,מילוי מבשם אויר חשמלי אואזיס,רקיט בנקיזר (ניר איסט) בעמ,,,"י""ח",1,,false,1,14.40,14.40,true,1,
7290101869917,false,מילוי מבשם אוטומטי היער הקסום,רקיט בנקיזר (ניר איסט) בעמ,,,"י""ח",1,,false,1,13.60,13.60,true,1,
7290101869962,false,מקלות ריחניים חלום ליל קיץ,רקיט בנקיזר (ניר איסט) בעמ,,,"י""ח",1,,false,1,12.70,12.70,true,1,
7290101987413,false,נרות אותיות,שמחה זה אנחנו,,,"י""ח",1,,false,1,8.50,8.50,false,1,
7290102006526,false,נייר אכיל ספיידרמן עיצוב 3,שמחה זה אנחנו,,,"י""ח",1,,false,1,16.90,16.90,false,1,
7290102030330,false,תפוצ יפס קראנצ  מקסיקני,"שטראוס פריטו ליי בע""מ",,,"י""ח",200,ל  גרם,false,1,9.20,4.60,true,1,
7290102031276,false,אקטימל שמיניה תות בננה,"שטראוס גרופ ***בע""מ",,,"י""ח",800,"ל  מ""ל",false,1,17,2.13,true,1,
7290102060764,false,מרידול מברשת שיניים זוג,ש.שסטוביץ בעמ,,,"י""ח",1,,false,1,29,29,false,1,
7290102060979,false,אלמקס משחת שיניים משפחתית,ש.שסטוביץ בעמ,,,"י""ח",100,ל  גרם,false,1,16.20,16.20,true,1,
7290102300822,false,צדר אנגלי  כתום  200ג נטו,א. סיימן סחר בעמ,,,"י""ח",200,ל  גרם,false,1,21.30,10.65,true,1,
7290102300860,false,צדר אנגלי לבן 200ג,א. סיימן סחר בעמ,,,"י""ח",200,ל  גרם,false,1,21.30,10.65,true,1,
7290102302253,false,גאודה עיזים 200גרם נטו,א. סיימן סחר בעמ,,,"י""ח",200,ל  גרם,false,1,30.70,15.35,true,1,
7290102302833,false,גאודה הנרי ויליך פרוס 150ג,א. סיימן סחר בעמ,,,"י""ח",150,ל  גרם,false,1,17,11.33,false,1,
7290102302840,false,גבינת עיזים הנרי ויליך פרוסה 150ג,א. סיימן סחר בעמ,,,"י""ח",150,ל  גרם,false,1,23,15.33,false,1,
7290102303977,false,טונה רוברט בשמן זית 140ג,א. סיימן סחר בעמ,,,"י""ח",140,ל  גרם,false,1,10.20,7.29,true,1,
7290102304721,false,טרמנדס כמהין 180גר,א. סיימן סחר בעמ,,,"י""ח",180,ל  גרם,false,1,40.20,22.33,true,1,
7290102390427,false,מולר תות FROOP MULLER,*החברה המרכזית להפצת משקאותבעמ,,,"י""ח",150,"ל  מ""ל",false,1,4.50,3,true,1,
7290102390465,false,מולר אפרסק ופסיפלורה,*החברה המרכזית להפצת משקאותבעמ,,,"י""ח",150,"ל  מ""ל",false,1,4.50,3,true,1,
7290102390489,false,"מולר150 מ""ל לימון",*החברה המרכזית להפצת משקאותבעמ,,,"י""ח",150,"ל  מ""ל",false,1,4.50,3,true,1,
7290102391301,false,יוגורט ביו מולר,*החברה המרכזית להפצת משקאותבעמ,,,"י""ח",150,"ל  מ""ל",false,1,2.70,1.80,false,1,
7290102391844,false,מולר פירות יער FROOP MULLER,*החברה המרכזית להפצת משקאותבעמ,,,"י""ח",150,"ל  מ""ל",false,1,4.50,3,true,1,
7290102392094,false,חלב עיזים בקרטון 1ליטר,*החברה המרכזית להפצת משקאותבעמ,,,"י""ח",1,ליטר,false,1,13.60,13.60,false,1,
7290102392254,false,חלב 2ליטר  *1%*,*החברה המרכזית להפצת משקאותבעמ,,,"י""ח",2,ליטר,false,1,10.02,5.01,false,1,
7290102393039,false,מולר מיקס יוגורט קרמי עם פצפוצי שוקלד,*החברה המרכזית להפצת משקאותבעמ,,,"י""ח",500,ל  גרם,false,1,5.10,1.02,false,1,
7290102393060,false,מולר מיקס יוגורט קרמי עם גלילי וופל,*החברה המרכזית להפצת משקאותבעמ,,,"י""ח",500,ל  גרם,false,1,5.10,1.02,false,1,
7290102393169,false,סימפלי פרויט תות שדה,*החברה המרכזית להפצת משקאותבעמ,,,"י""ח",150,"ל  מ""ל",false,1,4.50,3,true,1,
7290102393176,false,סימפלי פרויט אפרסק,*החברה המרכזית להפצת משקאותבעמ,,,"י""ח",150,"ל  מ""ל",false,1,4.50,3,true,1,
7290102393190,false,סימפלי פרויט פירות יער,*החברה המרכזית להפצת משקאותבעמ,,,"י""ח",150,"ל  מ""ל",false,1,4.50,3,true,1,
7290102393268,false,גבינה לבנה 5% 750 גר`*,*החברה המרכזית להפצת משקאותבעמ,,,"י""ח",750,ל  גרם,false,1,12.78,1.70,false,1,
7290102393299,false,יוגורט עיזים בבקבוק,*החברה המרכזית להפצת משקאותבעמ,,,"י""ח",500,"ל  מ""ל",false,1,10.10,2.02,true,1,
7290102393718,false,גבינת חלומי בקר 200 גר`טרה,*החברה המרכזית להפצת משקאותבעמ,,,"י""ח",200,ל  גרם,false,1,18.20,9.10,false,1,
7290102393947,false,סימפלי פרויט  קיווי,*החברה המרכזית להפצת משקאותבעמ,,,"י""ח",150,"ל  מ""ל",false,1,4.50,3,true,1,
7290102394081,false,מולר מיקס יוגורט קרמי עם קורנפלקס מצופה,*החברה המרכזית להפצת משקאותבעמ,,,"י""ח",500,ל  גרם,false,1,5.10,1.02,false,1,
7290102394258,false,מה  עז 180גרם 9% שומן  צוריאל,*החברה המרכזית להפצת משקאותבעמ,,,"י""ח",180,ל  גרם,false,1,19.90,11.06,false,1,
7290102394463,false,גבינה צהובה נעם 500 גרם פרוס 28%,*החברה המרכזית להפצת משקאותבעמ,,,"י""ח",500,ל  גרם,false,1,22.10,4.42,false,1,
7290102394821,false,גבינה צהובה 28% דק דק לפתיחה חוזרת 200,*החברה המרכזית להפצת משקאותבעמ,,,"י""ח",200,ל  גרם,false,1,13.60,6.80,true,1,
7290102394845,false,גבינה צהובה  9% 200גר דק דק לפתיחה חוז,*החברה המרכזית להפצת משקאותבעמ,,,"י""ח",200,ל  גרם,false,1,14.40,7.20,true,1,
7290102395101,false,ממרח גבינה ושוקולד{שוקי},*החברה המרכזית להפצת משקאותבעמ,,,"י""ח",227,ל  גרם,false,1,10.20,4.49,false,1,
7290102395217,false,מאגדת שמינייה מתיקות מעודנת 2%,*החברה המרכזית להפצת משקאותבעמ,,,"י""ח",900,ל  גרם,false,1,15.30,1.70,false,1,
7290102395224,false,מאגדת שמינייה מולר ביאנקו נטורל 1.7%,*החברה המרכזית להפצת משקאותבעמ,,,"י""ח",900,ל  גרם,false,1,14.40,1.60,false,1,
7290102395231,false,מאגדת שמינייה מולר ביאנקו נטורל 2.8%,*החברה המרכזית להפצת משקאותבעמ,,,"י""ח",900,ל  גרם,false,1,14.40,1.60,false,1,
7290102395262,false,מאגדת שמינייה מולר 3% פירות,*החברה המרכזית להפצת משקאותבעמ,,,"י""ח",150,"ל  מ""ל",false,1,26.40,17.60,false,1,
7290102395378,false,גבינה צהובה נעםמ 28% ואקום 360גר פרוס,*החברה המרכזית להפצת משקאותבעמ,,,"י""ח",360,ל  גרם,false,1,17.90,4.97,false,1,
7290102395439,false,מאגדת שמינייה מולר 3% פירות,*החברה המרכזית להפצת משקאותבעמ,,,"י""ח",150,"ל  מ""ל",false,1,26.40,17.60,false,1,
7290102395446,false,מעדן מוו וניל,*החברה המרכזית להפצת משקאותבעמ,,,"י""ח",250,ל  גרם,false,1,2.50,1,false,1,
7290102395477,false,מעדן מוו שוקולד,*החברה המרכזית להפצת משקאותבעמ,,,"י""ח",250,ל  גרם,false,1,2.50,1,false,1,
7290102396047,false,סימפלי פרויט  אננס 1.5% 150גר,*החברה המרכזית להפצת משקאותבעמ,,,"י""ח",150,"ל  מ""ל",false,1,4.50,3,true,1,
7290102396399,false,מאגדת מוו שמינייה מעדן שוקולד 100גר,*החברה המרכזית להפצת משקאותבעמ,,,"י""ח",800,ל  גרם,false,1,12.10,1.51,false,1,
7290102396405,false,מאגדת מוו שמינייה מעדן וניל 100גר,*החברה המרכזית להפצת משקאותבעמ,,,"י""ח",800,ל  גרם,false,1,12.10,1.51,false,1,
7290102396436,false,מעדן מוו שוקולד,*החברה המרכזית להפצת משקאותבעמ,,,"י""ח",250,ל  גרם,false,1,2.50,1,true,1,
7290102396443,false,מעדן מוו וניל,*החברה המרכזית להפצת משקאותבעמ,,,"י""ח",250,ל  גרם,false,1,2.50,1,true,1,
7290102396580,false,מעדן מוו שוקולד ומוס שוקולד 123גר,*החברה המרכזית להפצת משקאותבעמ,,,"י""ח",123,ל  גרם,false,1,2.50,2.03,false,1,
7290102396597,false,מעדן מוו וניל ומוס שוקולד 123גר,*החברה המרכזית להפצת משקאותבעמ,,,"י""ח",123,ל  גרם,false,1,2.50,2.03,false,1,
7290102396665,false,גבינה צהובה  15% 200גר נעם דק דק סגור,*החברה המרכזית להפצת משקאותבעמ,,,"י""ח",200,ל  גרם,false,1,13.50,6.75,true,1,
7290102396719,false,סימפלי פרויט תות שדה%0,*החברה המרכזית להפצת משקאותבעמ,,,"י""ח",150,"ל  מ""ל",false,1,4.50,3,true,1,
7290102396726,false,סימפלי פרויט אפרסק 0%,*החברה המרכזית להפצת משקאותבעמ,,,"י""ח",150,"ל  מ""ל",false,1,4.50,3,true,1,
7290102396733,false,סימפלי פרויט פירות יער 0%,*החברה המרכזית להפצת משקאותבעמ,,,"י""ח",150,"ל  מ""ל",false,1,4.50,3,true,1,
7290102396740,false,מאגדת סימפלי פרויט תות ואפרסק 8יח 0%,*החברה המרכזית להפצת משקאותבעמ,,,"י""ח",8,"י""ח",false,1,26.40,3.30,false,1,
7290102396795,false,"מאגדת שישייה שוקו 200מ""ל טרה",*החברה המרכזית להפצת משקאותבעמ,,,"י""ח",120,"ל  מ""ל",false,1,12.70,10.58,false,1,
7290102396979,false,סימפלי פרויט אננס 0%,*החברה המרכזית להפצת משקאותבעמ,,,"י""ח",150,"ל  מ""ל",false,1,4.50,3,true,1,
7290102397075,false,יוגורט 4% 1.5 ל בקרטון,*החברה המרכזית להפצת משקאותבעמ,,,"י""ח",1.50,ליטר,false,1,12.40,8.27,false,1,
7290102397310,false,מאגדת שמינייה מיני מוו שוקולד קצפת,*החברה המרכזית להפצת משקאותבעמ,,,"י""ח",250,ל  גרם,false,1,10.20,4.08,false,1,
7290102397464,false,מולר ביאנקו  לבן עם חמניה/אגוזי פקאן ג,*החברה המרכזית להפצת משקאותבעמ,,,"י""ח",170,ל  גרם,false,1,5.10,3,false,1,
7290102397600,false,מולר מיקס ביו שקדים ובוטנים בקרמל170ג,*החברה המרכזית להפצת משקאותבעמ,,,"י""ח",170,ל  גרם,false,1,5.10,3,false,1,
7290102397617,false,מולר מיקס קליק,*החברה המרכזית להפצת משקאותבעמ,,,"י""ח",500,ל  גרם,false,1,5.10,1.02,false,1,
7290102397679,false,קוטג 5% 375ג,*החברה המרכזית להפצת משקאותבעמ,,,"י""ח",350,ל  גרם,false,1,6.80,1.94,false,1,
7290102397730,false,אמנטל נעם 200ג,*החברה המרכזית להפצת משקאותבעמ,,,"י""ח",200,ל  גרם,false,1,15.30,7.65,true,1,
7290102397747,false,מוצרלה נעם 200ג,*החברה המרכזית להפצת משקאותבעמ,,,"י""ח",200,ל  גרם,false,1,16.20,8.10,true,1,
7290102397891,false,גבינת מותכת 100ג צוריאל,*החברה המרכזית להפצת משקאותבעמ,,,"י""ח",100,"ל  מ""ל",false,1,5.90,5.90,false,1,
7290102398065,false,חלב טרה קרטון 2 ליטר   מהדרין*%*3,*החברה המרכזית להפצת משקאותבעמ,,,"י""ח",2,ליטר,false,1,10.64,5.32,false,1,
7290102398331,false,חלב מועשר דל לקטוז1ליטר קרטון,*החברה המרכזית להפצת משקאותבעמ,,,"י""ח",1,ליטר,false,1,6.60,6.60,false,1,
7290102398348,false,מולר מיקס בתוספת כריות FROOP MULLER,*החברה המרכזית להפצת משקאותבעמ,,,"י""ח",150,"ל  מ""ל",false,1,5.10,3.40,false,1,
7290102398362,false,מולר מיקס עוגת גבינה FROOP MULLER,*החברה המרכזית להפצת משקאותבעמ,,,"י""ח",150,"ל  מ""ל",false,1,5.10,3.40,false,1,
7290102398416,false,גבינת  קרם שמנת בצלים קלויים 5%,*החברה המרכזית להפצת משקאותבעמ,,,"י""ח",200,ל  גרם,false,1,10.20,5.10,false,1,
7290102398478,false,לאבנה 9% 500ג.,*החברה המרכזית להפצת משקאותבעמ,,,"י""ח",500,ל  גרם,false,1,16.20,3.24,false,1,
7290102398553,false,שוקו טרה בבקבוק 1.5ליטר,*החברה המרכזית להפצת משקאותבעמ,,,"י""ח",1.50,ליטר,false,1,14.90,9.93,false,1,
7290102398560,false,שוקו מעושר 1ל בקבוק טרה,*החברה המרכזית להפצת משקאותבעמ,,,"י""ח",1,ליטר,false,1,10.30,10.30,true,1,
7290102398577,false,"שוקו מעושר 250מ""ל בקבוק פקק ספורט",*החברה המרכזית להפצת משקאותבעמ,,,"י""ח",250,"ל  מ""ל",false,1,4.90,1.96,false,1,
7290102398614,false,משקה חלב טעם בננה  1ל בקבוק,*החברה המרכזית להפצת משקאותבעמ,,,"י""ח",1,ליטר,false,1,10.30,10.30,true,1,
7290102398638,false,משקה חלב טעם מוקה  1ל בקבוק,*החברה המרכזית להפצת משקאותבעמ,,,"י""ח",1,ליטר,false,1,10.30,10.30,true,1,
7290102398669,false,משקה קפוצינו 1 ליטר. טרה,*החברה המרכזית להפצת משקאותבעמ,,,"י""ח",1,ליטר,false,1,10.30,10.30,true,1,
7290102398782,false,משקה סויה קלאסי 1ל בקבוק משק צוריא,*החברה המרכזית להפצת משקאותבעמ,,,"י""ח",1,ליטר,false,1,10.20,10.20,false,1,
7290102398799,false,משקה סויה במתיקות 1ל בקבוק משק צוריא,*החברה המרכזית להפצת משקאותבעמ,,,"י""ח",1,ליטר,false,1,10.20,10.20,false,1,
7290102398805,false,משקה סויה בטעם וניל 1ל בקבוק משק צוריא,*החברה המרכזית להפצת משקאותבעמ,,,"י""ח",1,ליטר,false,1,10.20,10.20,false,1,
7290102398836,false,משקה שקדים קלאסי 1ליטר משק צוריא,*החברה המרכזית להפצת משקאותבעמ,,,"י""ח",1,ליטר,false,1,11,11,false,1,
7290102399048,false,קשקבל נעם 200גרם,*החברה המרכזית להפצת משקאותבעמ,,,"י""ח",200,ל  גרם,false,1,19.60,9.80,true,1,
7290102399635,false,מולר פרופ 3% 150 ג`,*החברה המרכזית להפצת משקאותבעמ,,,"י""ח",150,ל  גרם,false,1,4.50,3,true,1,
7290102399642,false,מולר פרופ 3% 150 ג`,*החברה המרכזית להפצת משקאותבעמ,,,"י""ח",150,ל  גרם,false,1,4.50,3,true,1,
7290102399697,false,מולר פרופ מנגו 1.5% 150 ג`,*החברה המרכזית להפצת משקאותבעמ,,,"י""ח",150,ל  גרם,false,1,4.50,3,true,1,
7290102399703,false,מאגדת שמינייה סימפלי 1.5% מנגו ואננס,*החברה המרכזית להפצת משקאותבעמ,,,"י""ח",1.20,ליטר,false,1,26.40,22,false,1,
7290102399772,false,ממרח חמאת מולר במליחות עדינה 250ג,*החברה המרכזית להפצת משקאותבעמ,,,"י""ח",250,ל  גרם,false,1,14.40,5.76,false,1,
7290102399789,false,ממרח חמאת מולר ללא מלח  250ג,*החברה המרכזית להפצת משקאותבעמ,,,"י""ח",250,ל  גרם,false,1,14.40,5.76,false,1,
7290102399796,false,מולר אקטיב יוגורט לבן 200ג,*החברה המרכזית להפצת משקאותבעמ,,,"י""ח",200,"ל  מ""ל",false,1,5.10,2.55,true,1,
7290102399802,false,מולר אקטיב יוגורט עם תות  200ג,*החברה המרכזית להפצת משקאותבעמ,,,"י""ח",200,"ל  מ""ל",false,1,5.10,2.55,true,1,
7290102399819,false,מולר אקטיב יוגורט עם פ.יער 200ג,*החברה המרכזית להפצת משקאותבעמ,,,"י""ח",200,"ל  מ""ל",false,1,5.10,2.55,true,1,
7290102399857,false,מולר אקטיב לייט יוגורט עם תות 0%  200ג,*החברה המרכזית להפצת משקאותבעמ,,,"י""ח",200,"ל  מ""ל",false,1,5.10,2.55,true,1,
7290102399864,false,מולר אקטיב לייט יוגורט עם אפרסק 0%  200ג,*החברה המרכזית להפצת משקאותבעמ,,,"י""ח",200,"ל  מ""ל",false,1,5.10,2.55,true,1,
7290103120658,false,ספיד סטיק 24/7 שחור ג ל,ש.שסטוביץ בעמ,,,"י""ח",1,"י""ח",false,1,17,17,true,1,
7290103129392,false,ליידי ספיד סטיק,ש.שסטוביץ בעמ,,,"י""ח",65,ל  גרם,false,1,17,26.15,true,1,
7290103400255,false,"סלט קולסלאו בד""ץ 400גר שטראוס","שטראוס גרופ ***בע""מ",,,"י""ח",400,ל  גרם,false,1,7.60,1.90,true,1,
7290103401429,false,קפה נמס ברזילאי  200גר,"שטראוס גרופ בע""מ",,,"י""ח",200,ל  גרם,false,1,21.30,10.65,true,1,
7290103404758,false,כרוב 120גר`,"שטראוס גרופ ***בע""מ",,,"י""ח",120,ל  גרם,false,1,4,3.33,true,1,
7290103408206,false,עלי חסה בקופסא 250 גר`ירקות שטראוס,"שטראוס גרופ ***בע""מ",,,"י""ח",250,ל  גרם,false,1,9.90,3.96,true,1,
7290103681173,false,"יין אדום תבור הר ק.סוביניון 750מ""ל",*החברה המרכזית להפצת משקאותבעמ,,,"י""ח",750,"ל  מ""ל",false,1,30.70,4.05,false,1,
7290103681180,false,"יין אדום תבור הר מרלו 750מ""ל",*החברה המרכזית להפצת משקאותבעמ,,,"י""ח",750,"ל  מ""ל",false,1,30.70,4.05,false,1,
7290103681197,false,"יין אדום תבור הר שיראז 750מ""ל",*החברה המרכזית להפצת משקאותבעמ,,,"י""ח",750,"ל  מ""ל",false,1,30.70,4.05,false,1,
7290103681210,false,"יין אדום תבור הר שרדונה 750מ""ל",*החברה המרכזית להפצת משקאותבעמ,,,"י""ח",750,"ל  מ""ל",false,1,30.70,4.05,false,1,
7290103681241,false,"יין אדום תבור הר מוסקטו 750מ""ל",*החברה המרכזית להפצת משקאותבעמ,,,"י""ח",750,"ל  מ""ל",false,1,30.70,4.05,false,1,
7290103681364,false,"קברנה סוביניון  750מ""ל תבור אדמה",*החברה המרכזית להפצת משקאותבעמ,,,"י""ח",750,"ל  מ""ל",false,1,43,5.69,false,1,
7290103681388,false,"שרדונה  750מ""ל תבור אדמה",*החברה המרכזית להפצת משקאותבעמ,,,"י""ח",750,"ל  מ""ל",false,1,43,5.69,false,1,
7290103700652,false,טאצ`ספוג הפלא מארז שישיה.,שניב תעשיות נייר בעמ,,,"י""ח",1,,false,1,7.50,7.50,true,1,
7290103702212,false,ממחטות כיס  טאצ`מארז 10 יח,שניב תעשיות נייר בעמ,,,"י""ח",10,"י""ח",false,1,6.80,0.68,false,1,
7290103703080,false,טאץ`שקית אשפה 90*78 עם שרוך מארז זוג,שניב תעשיות נייר בעמ,,,"י""ח",250,"י""ח",false,1,18.70,0.07,false,1,
7290103703219,false,מטליות לחות בדלי לניקוי כללי לימון טאצ,סאסאטק אגשח בעמ,,,"י""ח",7,"י""ח",false,1,18.70,2.67,true,1,
7290103703370,false,מגבוני טואלט לחים 1/3.,שניב תעשיות נייר בעמ,,,"י""ח",3,"י""ח",false,1,12.70,4.23,true,1,
7290103703899,false,מפיות  טאצ `80 יח`חד שכבתיות,שניב תעשיות נייר בעמ,,,"י""ח",80,"י""ח",false,1,4.20,0.05,false,1,
7290103704186,false,מגבות מטבח 6 יח כפול  טאצ` מהדורת2021,שניב תעשיות נייר בעמ,,,"י""ח",6,"י""ח",false,1,17,2.83,true,1,
7290103704650,false,מגבות מטבח  כדור פורח שישייה,שניב תעשיות נייר בעמ,,,"י""ח",1,,false,1,9.30,9.30,false,1,
7290103704766,false,נייר טואלט טאצ 24 גליל כפול מהדורת פרח,שניב תעשיות נייר בעמ,,,"י""ח",883,מטר,false,1,35.80,0.04,true,1,
7290103746001,false,ממחטות אף  חמישייה טאצ`,שניב תעשיות נייר בעמ,,,"י""ח",1,,false,1,11.90,11.90,true,1,
7290104061417,false,חומוס טחינה 400 גר`אחלה,"שטראוס גרופ ***בע""מ",,,"י""ח",400,ל  גרם,false,1,9.30,2.33,true,1,
7290104061424,false,חומוס זעתר 400גר`,"שטראוס גרופ ***בע""מ",,,"י""ח",400,ל  גרם,false,1,9.30,2.33,true,1,
7290104061431,false,חומוס אחלה צנובר 400גר`,"שטראוס גרופ ***בע""מ",,,"י""ח",400,ל  גרם,false,1,9.30,2.33,true,1,
7290104061448,false,חומוס אחלה חריף 400 גר`שטראוס,"שטראוס גרופ ***בע""מ",,,"י""ח",400,ל  גרם,false,1,9.30,2.33,true,1,
7290104062599,false,מארז סופר גמדים תות בננה שמינייה,"שטראוס גרופ ***בע""מ",,,"י""ח",800,ל  גרם,false,1,15.30,1.91,true,1,
7290104064012,false,חטיף GOOD2 שוקולד לבן פסק זמן 36גרם,"שטראוס גרופ בע""מ",,,"י""ח",36,ל  גרם,false,1,4.20,11.67,true,1,
7290104065934,false,עלי רוקט 150 גר`שטראוס,"שטראוס גרופ ***בע""מ",,,"י""ח",150,ל  גרם,false,1,9.90,6.60,true,1,
7290104066566,false,סלט טחינה שומשום מלא 500גר אחלה,"שטראוס גרופ ***בע""מ",,,"י""ח",500,ל  גרם,false,1,11.90,2.38,true,1,
7290104066641,false,נס קפה מנות אישי 600 יח,"שטראוס גרופ בע""מ",,,"י""ח",1,,false,1,187.50,187.50,true,1,
7290104067693,false,חומוס חריף 150גר,"שטראוס גרופ ***בע""מ",,,"י""ח",150,ל  גרם,false,1,5,3.33,true,1,
7290104068546,false,מסטיק מאסט פליפטופ קולה עם קרח ולימון,"שטראוס גרופ בע""מ",,,"י""ח",28,ל  גרם,false,1,3.70,13.21,true,1,
7290104501661,false,פודינג בטעם וניל צרפתי,קבוצת אוסם סחר-שות.מוגבלת,,,"י""ח",110,ל  גרם,false,1,5,4.55,true,1,
7290104508202,false,גביעי גלידה אמריקאים 24יח אוסם,קבוצת אוסם סחר-שות.מוגבלת,,,"י""ח",24,"י""ח",false,1,11.90,0.50,false,1,
7290104508943,false,במבה  קלאסי 200 גרם אוסם,קבוצת אוסם סחר-שות.מוגבלת,,,"י""ח",200,ל  גרם,false,1,8.50,4.25,true,1,
7290104570629,false,ממרח תמרים 450גר מתר ענק,בני ג ורג שוקחה (חיפה) בעמ,,,"י""ח",450,ל  גרם,false,1,5,1.11,false,1,
7290104720499,false,"מארז 8 דני וניל  1ק""ג כשל""פ רובין","שטראוס גרופ ***בע""מ",,,"י""ח",1,"ק""ג",false,1,14.30,14.30,true,1,
7290104721762,false,קפה שלשות 85גר` עלית,"שטראוס גרופ בע""מ",,,"י""ח",1,"י""ח",false,1,18.90,18.90,true,1,
7290104722530,false,תפוצי פס 200 ג,"שטראוס פריטו ליי בע""מ",,,"י""ח",200,ל  גרם,false,1,9.20,4.60,true,1,
7290104726712,false,"מארז מילקי שמינייה רובין כשל""פ 1064גר","שטראוס גרופ ***בע""מ",,,"י""ח",868,"ל  מ""ל",false,1,17,1.96,true,1,
7290104728310,false,שמנת להקצפה 38%  שומן מהדרין*פ (יטבתה),"שטראוס גרופ ***בע""מ",,,"י""ח",250,"ל  מ""ל",false,1,5.53,2.21,true,1,
7290104729003,false,"שמן זית יד מרדכי כ.מעולה 750 מ""ל  מד.","שטראוס גרופ בע""מ",,,"י""ח",750,"ל  מ""ל",false,1,28.50,3.80,true,1,
7290104729010,false,לבן טעם תות 100גרם,"שטראוס גרופ ***בע""מ",,,"י""ח",100,"ל  מ""ל",false,1,1.20,1.20,true,1,
7290104960970,false,טיטניום  דאו`ספריי,החב הדרומית לשיווק,,,"י""ח",150,"ל  מ""ל",false,1,12.70,8.47,false,1,
7290104961878,false,שמפו קרטין אינטנס,החב הדרומית לשיווק,,,"י""ח",700,"ל  מ""ל",false,1,25.60,3.66,false,1,
7290104961885,false,מרכך קרטין אינטנס,החב הדרומית לשיווק,,,"י""ח",700,"ל  מ""ל",false,1,25.60,3.66,false,1,
7290104962073,false,דאו`טיטניום ספריי,החב הדרומית לשיווק,,,"י""ח",100,ל  גרם,false,1,12.70,12.70,false,1,
7290104962080,false,טיטניום ספריי,החב הדרומית לשיווק,,,"י""ח",150,"ל  מ""ל",false,1,9.30,6.20,false,1,
7290104962110,false,קרליין נושם ספריי,החב הדרומית לשיווק,,,"י""ח",1,,false,1,10.20,10.20,false,1,
7290104962127,false,קרליין נושם  דאו`סטייק נערות,החב הדרומית לשיווק,,,"י""ח",1,,false,1,12.70,12.70,false,1,
7290104963001,false,מגבונים סופטקר בניחוח עדין רביעייה,החב הדרומית לשיווק,,,"י""ח",4,"י""ח",false,1,15.30,3.83,false,1,
7290104963018,false,מגבונים סופטקר ללא בישום רביעייה,החב הדרומית לשיווק,,,"י""ח",4,"י""ח",false,1,15.30,3.83,false,1,
7290104963216,false,אל סבון עדין לתינוק1ל   סופטקר,החב הדרומית לשיווק,,,"י""ח",1,ליטר,false,1,12.70,12.70,false,1,
7290104963223,false,אל סבון קלאסי לתינוק 1ל  סופטקר,החב הדרומית לשיווק,,,"י""ח",1,ליטר,false,1,12.70,12.70,false,1,
7290104964053,false,קרליין סבון פנים עם מברשת ניקוי,@@@ החב הדרומית לשיווק בעמ,,,"י""ח",150,"ל  מ""ל",false,1,21.30,14.20,false,1,
7290104965647,false,רולאון נושם בנות SWEET KISS,החב הדרומית לשיווק,,,"י""ח",75,ל  גרם,false,1,10.20,13.60,false,1,
7290104965654,false,דאו סטיק  נושם בנות SWEET KISS קרליין,החב הדרומית לשיווק,,,"י""ח",50,ל  גרם,false,1,12.70,25.40,false,1,
7290105360250,false,קפסולות מקיאטו עלית 50גר,"שטראוס גרופ בע""מ",,,"י""ח",50,ל  גרם,false,1,16.20,32.40,true,1,
7290105360335,false,קפסולות אספרסו  עלית 50גר,"שטראוס גרופ בע""מ",,,"י""ח",50,ל  גרם,false,1,16.20,32.40,true,1,
7290105362339,false,שמנת לבישול 15% שומן מהדרין(יטבתה,"שטראוס גרופ ***בע""מ",,,"י""ח",250,"ל  מ""ל",false,1,6.80,2.72,true,1,
7290105363602,false,כיף כף מקלות קלאסי 40גר,"שטראוס גרופ בע""מ",,,"י""ח",40,ל  גרם,false,1,4.10,10.25,true,1,
7290105364289,false,כיף כף מקלות פיצפוצים 40גר,"שטראוס גרופ בע""מ",,,"י""ח",40,ל  גרם,false,1,4.10,10.25,true,1,
7290105364302,false,כיף כף מקלות אגוזים 42גר,"שטראוס גרופ בע""מ",,,"י""ח",40,ל  גרם,false,1,4.10,10.25,true,1,
7290105364678,false,משקה אקטיביה בודד אפרסק,"שטראוס גרופ ***בע""מ",,,"י""ח",250,"ל  מ""ל",false,1,4.20,1.68,true,1,
7290105366023,false,סלט אחלה חצילים טעם כבד 400 גרם,"שטראוס גרופ ***בע""מ",,,"י""ח",400,ל  גרם,false,1,12.70,3.18,true,1,
7290105366047,false,טחינה לבנה אחלה 400גרם,"שטראוס גרופ ***בע""מ",,,"י""ח",400,ל  גרם,false,1,11.90,2.98,true,1,
7290105366993,false,סימפוניה פלפל שיפקה  200גר,"שטראוס גרופ ***בע""מ",,,"י""ח",200,ל  גרם,false,1,9.30,4.65,true,1,
7290105368331,false,מילקי  תות}שטראוס{,"שטראוס גרופ ***בע""מ",,,"י""ח",130,"ל  מ""ל",false,1,2.50,1.92,true,1,
7290105368904,false,שמנת מתוקה להקצפה 32% שומן מהדרין,"שטראוס גרופ ***בע""מ",,,"י""ח",250,"ל  מ""ל",false,1,6.20,2.48,true,1,
7290105368928,false,"שמנת 9% מהדרין 200מ""ל","שטראוס גרופ ***בע""מ",,,"י""ח",200,"ל  מ""ל",false,1,2.50,1.25,true,1,
7290105369130,false,סימפוניה בצל ירוק 3% 200גר,"שטראוס גרופ ***בע""מ",,,"י""ח",200,ל  גרם,false,1,9.30,4.65,true,1,
7290105431516,false,פרי  מארז 5 דגנים טעם תמרים בוטנים.,ש.שסטוביץ בעמ,,,"י""ח",5,"י""ח",false,1,14.40,2.88,false,1,
7290105433985,false,ליידי ס.ס פרש אסנס פריחת הדובדבן סטיק,ש.שסטוביץ בעמ,,,"י""ח",65,ל  גרם,false,1,21.90,33.69,true,1,
7290105436382,false,חטיף דגנים מארז פרי תמרים קשיוחמישיה,ש.שסטוביץ בעמ,,,"י""ח",90,ל  גרם,false,1,14.40,16,false,1,
7290105439499,false,מיונז 481ג מאסטר שף,ש.שסטוביץ בעמ,,,"י""ח",481,ל  גרם,false,1,10.20,2.12,false,1,
7290105439581,false,חרדל דיזון 370ג צרפתי מאסטר שף,ש.שסטוביץ בעמ,,,"י""ח",370,ל  גרם,false,1,9.30,2.51,false,1,
7290105474124,false,בונזו בשר 12 קג,דיפלומט מפיצים (1968) בעמ**,,,"י""ח",12,"ק""ג",false,1,102.60,8.55,false,1,
7290105500151,false,וודקה פינלנדיה רגיל 700,מ.אקרמן בעמ,,,"י""ח",750,"ל  מ""ל",false,1,58.90,7.81,true,1,
7290105500953,false,"וויסקי גק דבש 700מ""ל",מ.אקרמן בעמ,,,"י""ח",700,"ל  מ""ל",false,1,102.50,14.60,true,1,
7290105691224,false,חטיפי פריכונים טורטיה שום בצל 60 גר,קבוצת אוסם סחר-שות.מוגבלת,,,"י""ח",60,ל  גרם,false,1,6.80,11.33,false,1,
7290105691248,false,חטיפי פריכונים טורטיה תירס 60 גר,קבוצת אוסם סחר-שות.מוגבלת,,,"י""ח",60,ל  גרם,false,1,6.80,11.33,false,1,
7290105691712,false,עוגיות הפסקת קפה 230גר,קבוצת אוסם סחר-שות.מוגבלת,,,"י""ח",230,ל  גרם,false,1,9.30,4.04,true,1,
7290105691934,false,"קמח שמרים 1ק""ג",קבוצת אוסם סחר-שות.מוגבלת,,,"י""ח",1,"ק""ג",false,1,9.30,9.30,false,1,
7290105693341,false,במבה  מארז 10 יחידות 25גרם.,קבוצת אוסם סחר-שות.מוגבלת,,,"י""ח",250,ל  גרם,false,1,14.40,5.76,true,1,
7290105693457,false,עוגת הבית דמקה טעם שוקו וניל,קבוצת אוסם סחר-שות.מוגבלת,,,"י""ח",400,ל  גרם,false,1,10.20,2.55,false,1,
7290105694614,false,ספגטי מהיר הכנה,קבוצת אוסם סחר-שות.מוגבלת,,,"י""ח",500,ל  גרם,false,1,5,1,true,1,
7290105695024,false,פתיתים אפויים אורז עם אטריות,קבוצת אוסם סחר-שות.מוגבלת,,,"י""ח",500,ל  גרם,false,1,6.80,1.36,true,1,
7290105695321,false,עוגת בראוניז  פאדג`380גר`,קבוצת אוסם סחר-שות.מוגבלת,,,"י""ח",380,ל  גרם,false,1,16.20,4.26,false,1,
7290105962331,false,סחוג אדום זהבי  220גרם,"שטראוס גרופ ***בע""מ",,,"י""ח",220,ל  גרם,false,1,9.30,4.23,true,1,
7290105964564,false,חומוס אחלה  400 גרם. שטראוס,"שטראוס גרופ ***בע""מ",,,"י""ח",400,ל  גרם,false,1,7.60,1.90,true,1,
7290105965738,false,"משקה בוקר לשתיה תות בננה 267מ""ל","שטראוס גרופ ***בע""מ",,,"י""ח",267,ל  גרם,false,1,4.10,1.54,true,1,
7290105966469,false,"חומץ בלסמי יד מרדכי 250מ""ל","שטראוס גרופ בע""מ",,,"י""ח",250,"ל  מ""ל",false,1,12.60,5.04,true,1,
7290105968098,false,סלט קולסלאו 500גר,"שטראוס גרופ ***בע""מ",,,"י""ח",500,ל  גרם,false,1,11.90,2.38,true,1,
7290105968654,false,טורטליני בטטה שטראוס פרווה,"שטראוס גרופ ***בע""מ",,,"י""ח",400,ל  גרם,false,1,17,4.25,true,1,
7290105968777,false,פרכיות  אנרג`תחתית שוקולד מריר70גר,"שטראוס גרופ בע""מ",,,"י""ח",1,,false,1,7.60,7.60,true,1,
7290106520066,false,אצבעות רבע לשבע 160גר`,"שטראוס גרופ בע""מ",,,"י""ח",160,ל  גרם,false,1,11,6.88,true,1,
7290106520288,false,דנונה WOW תות 2.4%  150גר,"שטראוס גרופ ***בע""מ",,,"י""ח",150,"ל  מ""ל",false,1,3.90,2.60,true,1,
7290106520905,false,סלט טורקי 400גר,"שטראוס גרופ ***בע""מ",,,"י""ח",400,ל  גרם,false,1,11.90,2.98,true,1,
7290106520912,false,שמנת לבישול 9% שומן 258גר  מהדרין יטבתה,"שטראוס גרופ ***בע""מ",,,"י""ח",258,"ל  מ""ל",false,1,6.80,2.64,true,1,
7290106521049,false,סלט סלק  400גר,"שטראוס גרופ ***בע""מ",,,"י""ח",500,ל  גרם,false,1,11.90,2.38,true,1,
7290106521926,false,קפה טורקי שקית 150 עלית 10%.,"שטראוס גרופ בע""מ",,,"י""ח",150,ל  גרם,false,1,11.50,7.67,true,1,
7290106525320,false,שוקולית לאפיה  500 גר,"שטראוס גרופ בע""מ",,,"י""ח",500,ל  גרם,false,1,13.30,2.66,true,1,
7290106525399,false,קפסולות ברזיל 06 עלית 50גר,"שטראוס גרופ בע""מ",,,"י""ח",50,ל  גרם,false,1,16.20,32.40,true,1,
7290106526822,false,פריכיות אנרג`י תחתית  חלב 80גר,"שטראוס גרופ בע""מ",,,"י""ח",80,ל  גרם,false,1,7.60,9.50,true,1,
7290106528567,false,דוריטוס גריל 185ג,"שטראוס פריטו ליי בע""מ",,,"י""ח",185,ל  גרם,false,1,5.90,3.19,true,1,
7290106528628,false,דוריטוס טבעי  185ג,"שטראוס פריטו ליי בע""מ",,,"י""ח",185,ל  גרם,false,1,5.90,3.19,true,1,
7290106528949,false,סלט ערוגות 450גר שטראוס,"שטראוס גרופ ***בע""מ",,,"י""ח",450,ל  גרם,false,1,9.30,2.07,true,1,
7290106572027,false,לחמית חמישה דגנים 190גר,קבוצת אוסם סחר-שות.מוגבלת,,,"י""ח",230,ל  גרם,false,1,7.60,3.30,true,1,
7290106572959,false,מארז אפרופו 5 יח,קבוצת אוסם סחר-שות.מוגבלת,,,"י""ח",150,ל  גרם,false,1,11.20,7.47,true,1,
7290106573024,false,סירופ אננס דיאט 1 ליטר,קבוצת אוסם סחר-שות.מוגבלת,,,"י""ח",1,ליטר,false,1,14.50,14.50,false,1,
7290106573277,false,קריספי טאפאס זיתיםי 150גרם,קבוצת אוסם סחר-שות.מוגבלת,,,"י""ח",150,ל  גרם,false,1,10.20,6.80,false,1,
7290106573628,false,חומוס עם טחינה 400 גרם צבר,קבוצת אוסם סחר-שות.מוגבלת,,,"י""ח",400,ל  גרם,false,1,10.90,2.73,true,1,
7290106574120,false,"גומיגם נסטלה כשל""פ",נגה גלידות,,,"י""ח",1,,false,1,5.90,5.90,true,1,
7290106574793,false,עוגת בראוניס ביס שוקולד 216גר,קבוצת אוסם סחר-שות.מוגבלת,,,"י""ח",216,ל  גרם,false,1,10.20,4.72,false,1,
7290106574953,false,שטוחים  בייגלה שומשום 300גר,קבוצת אוסם סחר-שות.מוגבלת,,,"י""ח",300,ל  גרם,false,1,9.20,3.07,false,1,
7290106574977,false,שטוחים בייגלה  עם מלח  300גר,קבוצת אוסם סחר-שות.מוגבלת,,,"י""ח",300,ל  גרם,false,1,9.20,3.07,false,1,
7290106575257,false,עוגת סופלה טעם שוקולד 340גר,קבוצת אוסם סחר-שות.מוגבלת,,,"י""ח",340,ל  גרם,false,1,10.20,3,false,1,
7290106575431,false,עוגת סופלה טעם שוקו וניל 340גר,קבוצת אוסם סחר-שות.מוגבלת,,,"י""ח",340,ל  גרם,false,1,10.20,3,false,1,
7290106576513,false,חומוס צבר 400גר,קבוצת אוסם סחר-שות.מוגבלת,,,"י""ח",400,ל  גרם,false,1,10.20,2.55,false,1,
7290106576537,false,חומוס מסעדה 700גר צבר,קבוצת אוסם סחר-שות.מוגבלת,,,"י""ח",700,ל  גרם,false,1,10,1.43,false,1,
7290106576834,false,לה קרמריה פונש בננה  1.4ליטר,נגה גלידות,,,"י""ח",1.40,ליטר,false,1,16.20,11.57,false,1,
7290106576858,false,לה קרמריה תותים בשמנת  1.4ליטר,נגה גלידות,,,"י""ח",1.40,ליטר,false,1,16.20,11.57,false,1,
7290106576957,false,לה קרמריה שוקו וניל פליק פרווה 1.4ליטר,נגה גלידות,,,"י""ח",1.40,ליטר,false,1,16.20,11.57,false,1,
7290106576971,false,לה קרמריה שוקולד בלגי  1.4ליטר,נגה גלידות,,,"י""ח",1.40,ליטר,false,1,16.20,11.57,false,1,
7290106576995,false,לה קרמריה סורבה תות מנג לייט  1.4 ליטר,נגה גלידות,,,"י""ח",1.40,ליטר,false,1,16.20,11.57,false,1,
7290106577039,false,לה קרמריה וניל שוקו פליק  1.4ליטר,נגה גלידות,,,"י""ח",1.40,ליטר,false,1,16.20,11.57,false,1,
7290106577282,false,טחינה מרובע 400גר,קבוצת אוסם סחר-שות.מוגבלת,,,"י""ח",400,ל  גרם,false,1,10.90,2.73,true,1,
7290106577541,false,כרוב אדום צבר  400גר,קבוצת אוסם סחר-שות.מוגבלת,,,"י""ח",400,ל  גרם,false,1,10.90,2.73,true,1,
7290106577572,false,סלט מטבוחה מרובע 400 גרם,קבוצת אוסם סחר-שות.מוגבלת,,,"י""ח",400,ל  גרם,false,1,11,2.75,true,1,
7290106578692,false,ביסלי במבה מיקס מהדורת אליפות 80גר,קבוצת אוסם סחר-שות.מוגבלת,,,"י""ח",60,ל  גרם,false,1,3.70,6.17,true,1,
7290106578821,false,עוגת שמרים שוקולד קלאסית 350גר,קבוצת אוסם סחר-שות.מוגבלת,,,"י""ח",350,ל  גרם,false,1,15.30,4.37,false,1,
7290106652996,false,כיף כף מקלות קוקוס   40גר,"שטראוס גרופ בע""מ",,,"י""ח",40,ל  גרם,false,1,4.10,10.25,true,1,
7290106653689,false,לקט ירקות אסיאתי 350גר שטראוס,"שטראוס גרופ ***בע""מ",,,"י""ח",350,ל  גרם,false,1,9.30,2.66,true,1,
7290106654099,false,מילקי  CAKE מאגדת שמינייה שטראוס,"שטראוס גרופ ***בע""מ",,,"י""ח",272,ל  גרם,false,1,17,6.25,true,1,
7290106656727,false,"חיוכים שוקו 600גר בד""ץ","שטראוס גרופ בע""מ",,,"י""ח",600,ל  גרם,false,1,15.30,2.55,true,1,
7290106656734,false,"חיוכים וניל 600גר בד""ץ","שטראוס גרופ בע""מ",,,"י""ח",600,ל  גרם,false,1,14.40,2.40,true,1,
7290106663091,false,לאבנה 9% 500גר`,"שטראוס גרופ ***בע""מ",,,"י""ח",500,ל  גרם,false,1,15.30,3.06,true,1,
7290106663121,false,מילקי CAKE בודד,"שטראוס גרופ ***בע""מ",,,"י""ח",34,ל  גרם,false,1,2.50,7.35,true,1,
7290106663503,false,קונפיטורת לייט תות,"שטראוס גרופ בע""מ",,,"י""ח",250,ל  גרם,false,1,11.70,4.68,true,1,
7290106663558,false,"רוטב טריאקי רימון 280מ""ל","שטראוס גרופ בע""מ",,,"י""ח",280,"ל  מ""ל",false,1,11,3.93,true,1,
7290106664067,false,לאבנה שמן זית וזעתר 10% שומן 400גר,"שטראוס גרופ ***בע""מ",,,"י""ח",400,ל  גרם,false,1,12.70,3.18,true,1,
7290106664555,false,רוטב שמנת עם עגבניות  9%,"שטראוס גרופ ***בע""מ",,,"י""ח",200,ל  גרם,false,1,9.30,4.65,true,1,
7290106664562,false,רוטב שמנת עם פטריות  9%,"שטראוס גרופ ***בע""מ",,,"י""ח",200,ל  גרם,false,1,9.30,4.65,true,1,
7290106666788,false,סוכ דבש נוסטלגיה  100גר,"שטראוס גרופ בע""מ",,,"י""ח",100,ל  גרם,false,1,5,5,true,1,
7290106667266,false,דוריטוס חמוץ חריף 185ג,"שטראוס פריטו ליי בע""מ",,,"י""ח",185,ל  גרם,false,1,6.40,3.46,true,1,
7290106668577,false,"מיץ לימון טבעי 250מ""ל יד מרדכי","שטראוס גרופ בע""מ",,,"י""ח",250,"ל  מ""ל",false,1,6.70,2.68,true,1,
7290106669857,false,קפסולות אספרסו עלית טעם וניל 50גר,"שטראוס גרופ בע""מ",,,"י""ח",50,ל  גרם,false,1,16.20,32.40,true,1,
7290106720626,false,ציטוס גבינה 80ג,"שטראוס פריטו ליי בע""מ",,,"י""ח",80,ל  גרם,false,1,3.60,4.50,true,1,
7290106721920,false,מסטיק מאסט ספירמינט צ`יקלט 66גר,"שטראוס גרופ בע""מ",,,"י""ח",66,ל  גרם,false,1,8.50,12.88,true,1,
7290106723689,false,עלי תרד  בייבי 200ג שטראוס,"שטראוס גרופ ***בע""מ",,,"י""ח",200,ל  גרם,false,1,10.90,5.45,true,1,
7290106725867,false,"סירופ מייפל טבעי 189 מ""ל יד מרדכי","שטראוס גרופ בע""מ",,,"י""ח",189,"ל  מ""ל",false,1,28.10,14.87,true,1,
7290106726178,false,דנונה WOW פירות יער  2.4%  150גר,"שטראוס גרופ ***בע""מ",,,"י""ח",150,"ל  מ""ל",false,1,3.90,2.60,true,1,
7290106727984,false,גביע פצפצים 135גר,"שטראוס גרופ בע""מ",,,"י""ח",135,ל  גרם,false,1,8.50,6.30,true,1,
7290106729650,false,מארז דנונה שמינייה תות  3% 150גר,"שטראוס גרופ ***בע""מ",,,"י""ח",1.20,ליטר,false,1,20.40,17,true,1,
7290107280020,false,מטליות לחות לניקוי כללי 50 * 3 מארז סנ,החב הדרומית לשיווק,,,"י""ח",1,,false,1,16.20,16.20,false,1,
7290107280068,false,מגשית אלומיניום מארז XL,החב הדרומית לשיווק,,,"י""ח",1,,false,1,8.50,8.50,false,1,
7290107280075,false,מגשית אלומיניום מארז 4 יח מידה L,החב הדרומית לשיווק,,,"י""ח",1,,false,1,8.50,8.50,false,1,
7290107280082,false,מגשית אלומיניום מארז 7 יח אינגליש קייק,החב הדרומית לשיווק,,,"י""ח",1,,false,1,8.50,8.50,false,1,
7290107280099,false,מגבוני ט. סנו סופט  לחים שלישייה,החב הדרומית לשיווק,,,"י""ח",3,"י""ח",false,1,13.60,4.53,false,1,
7290107280129,false,שקיות אשפה 20יח,החב הדרומית לשיווק,,,"י""ח",1,,false,1,19.60,19.60,false,1,
7290107280341,false,מטליות לחות לרצפה מלון מפנק  10 יחידו,החב הדרומית לשיווק,,,"י""ח",1,,false,1,11,11,false,1,
7290107280549,false,"K-400 סנו 300מ""ל",החב הדרומית לשיווק,,,"י""ח",300,"ל  מ""ל",false,1,9.30,3.10,false,1,
7290107280563,false,סנו אוקסיגן  ג`ל בייבי  3ליטר,החב הדרומית לשיווק,,,"י""ח",3,ליטר,false,1,24.70,8.23,false,1,
7290107280570,false,סנו ג ל כביסה 3ליטר מיקס,החב הדרומית לשיווק,,,"י""ח",3,ליטר,false,1,24.70,8.23,false,1,
7290107280655,false,"מקסימה 3.25ק""ג",החב הדרומית לשיווק,,,"י""ח",3.25,"ק""ג",false,1,25.60,7.88,false,1,
7290107280716,false,"מלח למדיח 2ק""ג ספארק",החב הדרומית לשיווק,,,"י""ח",2,"ק""ג",false,1,11,5.50,false,1,
7290107280723,false,"נוזל כלים סנו ספארק 700מ""ל לימון",החב הדרומית לשיווק,,,"י""ח",700,"ל  מ""ל",false,1,8.50,1.21,false,1,
7290107280730,false,"נוזל כלים סנו ספארק 700מ""ל לבנדר",החב הדרומית לשיווק,,,"י""ח",700,"ל  מ""ל",false,1,8.50,1.21,false,1,
7290107280747,false,"נוזל כלים סנו ספארק 700מ""ל קלאסי",החב הדרומית לשיווק,,,"י""ח",700,"ל  מ""ל",false,1,8.50,1.21,false,1,
7290107280754,false,"נוזל כלים סנו ספארק 700מ""ל היפואלרגני",החב הדרומית לשיווק,,,"י""ח",700,"ל  מ""ל",false,1,8.50,1.21,false,1,
7290107280761,false,נוזל כלים סנו ספארק 1ל לימון,החב הדרומית לשיווק,,,"י""ח",1,ליטר,false,1,11,11,false,1,
7290107280815,false,K-301 סנו,החב הדרומית לשיווק,,,"י""ח",300,"ל  מ""ל",false,1,9.30,3.10,false,1,
7290107280822,false,ריצפז פרש  הום ספא 2ל,החב הדרומית לשיווק,,,"י""ח",1.45,ליטר,false,1,16.90,11.66,false,1,
7290107280839,false,"קרם גוף קרמה דבש 500 מ""ל",החב הדרומית לשיווק,,,"י""ח",500,"ל  מ""ל",false,1,21.30,4.26,false,1,
7290107522106,false,סדין מיקס יור סטייל 120*200,דניאלה ע.י בעמ,,,"י""ח",1,,false,1,46.90,46.90,false,1,
7290107522113,false,סדין מיקס יור סטייל 160*200,דניאלה ע.י בעמ,,,"י""ח",1,,false,1,55.50,55.50,false,1,
7290107522120,false,סדין מיקס יור סטייל 180*200,דניאלה ע.י בעמ,,,"י""ח",1,,false,1,59.70,59.70,false,1,
7290107522144,false,זוג ציפיות מיקס יור סטייל 50*70,דניאלה ע.י בעמ,,,"י""ח",1,,false,1,25.60,25.60,true,1,
7290107644488,false,בייגלה שמיניות  255ג,יוניליוור ישראל שיווק בעמ,,,"י""ח",255,ל  גרם,false,1,5,1.96,true,1,
7290107645584,false,מרק עוף אמיתי 400כ ר. טבעיים.,יוניליוור ישראל שיווק בעמ,,,"י""ח",400,ל  גרם,false,1,16.20,4.05,true,1,
7290107645591,false,מרק טעם עוף  400 ג קנור ר.טבעים,יוניליוור ישראל שיווק בעמ,,,"י""ח",400,ל  גרם,false,1,12.70,3.18,false,1,
7290107646062,false,מרק בצל 400 ג קנור ר.טבעיים,יוניליוור ישראל שיווק בעמ,,,"י""ח",400,ל  גרם,false,1,17,4.25,true,1,
7290107646147,false,חטיפי שוגי קורנפלקס שישייה 156גר.,יוניליוור ישראל שיווק בעמ,,,"י""ח",156,ל  גרם,false,1,11,7.05,true,1,
7290107646154,false,חטיפי קוקומן פצפ. טעם שוקו שישייה 126ג,יוניליוור ישראל שיווק בעמ,,,"י""ח",156,ל  גרם,false,1,11,7.05,true,1,
7290107646376,false,מטליות סיף לניקוי כללי 50 יח לבנדר,יוניליוור ישראל שיווק בעמ,,,"י""ח",1,"י""ח",false,1,6.80,6.80,false,1,
7290107646383,false,מטליות לחות לניקוי רצפות10 יח,יוניליוור ישראל שיווק בעמ,,,"י""ח",1,"י""ח",false,1,8.60,8.60,false,1,
7290107646826,false,חטיפי דגנים פתיתי תירס בשוקולד,יוניליוור ישראל שיווק בעמ,,,"י""ח",156,ל  גרם,false,1,11,7.05,true,1,
7290107646833,false,חטיפי דגנים עם פיצפוצי שוק. לבן,יוניליוור ישראל שיווק בעמ,,,"י""ח",138,ל  גרם,false,1,11,7.97,true,1,
7290107646963,false,ממרח ספייסי מיונז 250 גרם,יוניליוור ישראל שיווק בעמ,,,"י""ח",250,ל  גרם,false,1,8.50,3.40,false,1,
7290107646970,false,ממרח איולי שום 250 גרם,יוניליוור ישראל שיווק בעמ,,,"י""ח",250,ל  גרם,false,1,8.50,3.40,false,1,
7290107647366,false,דומסטוס 3ס. אסלה ליים,יוניליוור ישראל שיווק בעמ,,,"י""ח",165,"ל  מ""ל",false,1,13.60,8.24,false,1,
7290107647731,false,קוקומן חום לבן 20% פחות סוכר 375 גרם ב,יוניליוור ישראל שיווק בעמ,,,"י""ח",375,ל  גרם,false,1,17,4.53,true,1,
7290107647816,false,~ברנפלקס ללא תוספות 500גרם,יוניליוור ישראל שיווק בעמ,,,"י""ח",500,ל  גרם,false,1,17,3.40,false,1,
7290107647854,false,שוגי 20% פחות סוכר 500  גר,יוניליוור ישראל שיווק בעמ,,,"י""ח",500,ל  גרם,false,1,17,3.40,true,1,
7290107649094,false,בייגל ביג-ביג מקלות ארוכים עם שומשום 1,יוניליוור ישראל שיווק בעמ,,,"י""ח",150,ל  גרם,false,1,5.20,3.47,false,1,
7290107649100,false,טבעות שומשום 300גר`,יוניליוור ישראל שיווק בעמ,,,"י""ח",300,ל  גרם,false,1,8.50,2.83,true,1,
7290107649605,false,טבלת קליק קורנפלקס 85ג,יוניליוור ישראל שיווק בעמ,,,"י""ח",100,ל  גרם,false,1,4.20,4.20,true,1,
7290107649858,false,מגנום לבן,גלידות שטראוס בעמ,,,"י""ח",85,ל  גרם,false,1,6.80,8,true,1,
7290107870047,false,אקסטרים טילון בראוניז מטבע ענק 115ג,נגה גלידות,,,"י""ח",115,ל  גרם,false,1,8.40,7.30,true,1,
7290107871990,false,פסטה אסם צינורות,קבוצת אוסם סחר-שות.מוגבלת,,,"י""ח",500,ל  גרם,false,1,5,1,true,1,
7290107874502,false,ביסלי גריל מארז אחיד 4*55גר,קבוצת אוסם סחר-שות.מוגבלת,,,"י""ח",210,ל  גרם,false,1,11,5.24,true,1,
7290107875158,false,מארז במבה קלאסי  60*4גרם,קבוצת אוסם סחר-שות.מוגבלת,,,"י""ח",240,ל  גרם,false,1,11.70,4.88,true,1,
7290107875271,false,ביסלי ברביקיו מארז אחיד 4*55גר,קבוצת אוסם סחר-שות.מוגבלת,,,"י""ח",210,ל  גרם,false,1,11,5.24,true,1,
7290107875400,false,לה קרמריה פיסטוק מוקה פרווה   1.4 ליטר,נגה גלידות,,,"י""ח",1.40,ליטר,false,1,16.20,11.57,false,1,
7290107875820,false,קרטונים אפויים בתיבול ביתי 180גר אסם,קבוצת אוסם סחר-שות.מוגבלת,,,"י""ח",250,ל  גרם,false,1,10.20,4.08,false,1,
7290107877619,false,במבה  נוגט מארז 30גרם *5יח,קבוצת אוסם סחר-שות.מוגבלת,,,"י""ח",150,ל  גרם,false,1,12.70,8.47,true,1,
7290107879132,false,פיטנס מיני פריכיות שוקולד חלב 22גר,קבוצת אוסם סחר-שות.מוגבלת,,,"י""ח",100,ל  גרם,false,1,4.20,4.20,false,1,
7290107879569,false,נסטלה מאגדת  לה פרוטה מנגו,נגה גלידות,,,"י""ח",350,ל  גרם,false,1,23,6.57,false,1,
7290107931397,false,כיף כף פיצפוצים 40גר,"שטראוס גרופ בע""מ",,,"י""ח",40,ל  גרם,false,1,4.20,10.50,true,1,
7290107932080,false,חלב יטבתה מועשר 3% בקבוק 1ליטר,"שטראוס גרופ ***בע""מ",,,"י""ח",1,ליטר,false,1,6.20,6.20,true,1,
7290107932134,false,חלב מועשר 1% בקבוק 1ליטר,"שטראוס גרופ ***בע""מ",,,"י""ח",1,ליטר,false,1,6.20,6.20,true,1,
7290107933155,false,לקט סלנובה 200גר ירקות שטראוס,"שטראוס גרופ ***בע""מ",,,"י""ח",200,ל  גרם,false,1,12.90,6.45,true,1,
7290107936309,false,דנונה יווני לבן 130גר.,"שטראוס גרופ ***בע""מ",,,"י""ח",130,ל  גרם,false,1,2.70,2.08,true,1,
7290107936460,false,מארז 8 דנכול בטעם מעודן,"שטראוס גרופ ***בע""מ",,,"י""ח",1.3840,"ק""ג",false,1,24.80,17.92,true,1,
7290107937542,false,משקה אקטיביה תות 1.2%,"שטראוס גרופ ***בע""מ",,,"י""ח",250,"ל  מ""ל",false,1,4.20,1.68,true,1,
7290107937627,false,מסטיק מאסט קוביות ספירמינט  58ג,"שטראוס גרופ בע""מ",,,"י""ח",66,ל  גרם,false,1,8.50,12.88,true,1,
7290107937634,false,מסטיק מאסט קוביות פפירמינט  58ג.,"שטראוס גרופ בע""מ",,,"י""ח",66,ל  גרם,false,1,8.50,12.88,true,1,
7290107937641,false,מסטיק מאסט בזוקה 58ג,"שטראוס גרופ בע""מ",,,"י""ח",66,ל  גרם,false,1,8.50,12.88,true,1,
7290107937856,false,קפסולות אספרסו מס11 ל. נספרסו 50ג עלית,"שטראוס גרופ בע""מ",,,"י""ח",50,ל  גרם,false,1,16.20,32.40,true,1,
7290107938396,false,אקטימל שמיניה תות בנים,"שטראוס גרופ ***בע""מ",,,"י""ח",800,"ל  מ""ל",false,1,17,2.13,true,1,
7290107940030,false,חומוס אחלה 650גר שטראוס,"שטראוס גרופ ***בע""מ",,,"י""ח",500,ל  גרם,false,1,7.60,1.52,true,1,
7290107943192,false,"שמנת חמוצה מהערבה יוטבתה 200מ""ל 27%","שטראוס גרופ ***בע""מ",,,"י""ח",200,"ל  מ""ל",false,1,3.50,1.75,true,1,
7290107943369,false,קוואקר 511ג פח ללא גלוטן,"שטראוס פריטו ליי בע""מ",,,"י""ח",511,ל  גרם,false,1,16.20,3.17,true,1,
7290107944472,false,סימפוניה 5% שום שמיר 200גר,"שטראוס גרופ ***בע""מ",,,"י""ח",200,ל  גרם,false,1,9.30,4.65,true,1,
7290107945165,false,קונפיטורה משמש 340גר,"שטראוס גרופ בע""מ",,,"י""ח",340,ל  גרם,false,1,11.60,3.41,true,1,
7290107950190,false,מעדן דיאט שוקולד מריר 130גר,"שטראוס גרופ ***בע""מ",,,"י""ח",130,ל  גרם,false,1,2.70,2.08,true,1,
7290107950206,false,מעדן דיאט שוקולד 130גר,"שטראוס גרופ ***בע""מ",,,"י""ח",130,ל  גרם,false,1,2.70,2.08,true,1,
7290107951104,false,בפלות שוקולד 200גר,"שטראוס גרופ בע""מ",,,"י""ח",200,ל  גרם,false,1,4.20,2.10,true,1,
7290107951111,false,בפלות לימון 200גר,"שטראוס גרופ בע""מ",,,"י""ח",200,ל  גרם,false,1,4.20,2.10,true,1,
7290107951715,false,מסטיק מאסט קוביות ענבים 58גר.,"שטראוס גרופ בע""מ",,,"י""ח",66,ל  גרם,false,1,8.50,12.88,true,1,
7290107953559,false,מארז קפה טורקי לדרך 168גר`,"שטראוס גרופ בע""מ",,,"י""ח",168,ל  גרם,false,1,16.20,9.64,true,1,
7290107954709,false,קונפיטורה פירות יער  340גר,"שטראוס גרופ בע""מ",,,"י""ח",340,ל  גרם,false,1,11.60,3.41,true,1,
7290107954976,false,"משקה יוטבתה פרו קפה לשתיה  350מ""ל","שטראוס גרופ ***בע""מ",,,"י""ח",350,ל  גרם,false,1,5.60,1.60,true,1,
7290107956642,false,"תרסיס שמן זית  150גרם כשל""פ","שטראוס גרופ בע""מ",,,"י""ח",150,ל  גרם,false,1,15.30,10.20,true,1,
7290107956895,false,קפסולות טעם קרמל למכונות נספרסו 50גר,"שטראוס גרופ בע""מ",,,"י""ח",50,ל  גרם,false,1,16.20,32.40,true,1,
7290107956901,false,קפסולות אספרסו טעם אגוזים  150גר,"שטראוס גרופ בע""מ",,,"י""ח",50,ל  גרם,false,1,16.20,32.40,true,1,
7290107956925,false,קפסולות עלית אוגנדה 13 למכונת נספרסו,"שטראוס גרופ בע""מ",,,"י""ח",50,ל  גרם,false,1,16.20,32.40,true,1,
7290107956932,false,קפסולות אספרסו  עלית 50גר,"שטראוס גרופ בע""מ",,,"י""ח",50,ל  גרם,false,1,16.20,32.40,true,1,
7290107957076,false,מסטיק  עלמה טעם ספירמינט 66ג צנצנת,"שטראוס גרופ בע""מ",,,"י""ח",66,ל  גרם,false,1,8.50,12.88,true,1,
7290107957991,false,מילקי מינייס CAKE 144ג שטראוס,"שטראוס גרופ ***בע""מ",,,"י""ח",144,ל  גרם,false,1,11.90,8.26,true,1,
7290107958035,false,"מארז 8 דנונה מתיקות מעודנת לל""ס וממתיק","שטראוס גרופ ***בע""מ",,,"י""ח",1.20,ליטר,false,1,15.30,12.75,true,1,
7290107973014,false,"פלמוליב סבון ידיים חלב ודבש  300מ""ל",ש.שסטוביץ בעמ,,,"י""ח",300,"ל  מ""ל",false,1,8.50,2.83,false,1,
7290107973311,false,מברשת שיניים זוג 360,ש.שסטוביץ בעמ,,,"י""ח",1,,false,1,21.30,21.30,true,1,
7290107973793,false,עגבניות שלמות 400גר מאסטר שף.,ש.שסטוביץ בעמ,,,"י""ח",400,ל  גרם,false,1,5,1.25,true,1,
7290107973816,false,מנה עגבניות קצוצות דק  400גר,ש.שסטוביץ בעמ,,,"י""ח",400,ל  גרם,false,1,5,1.25,false,1,
7290107973861,false,עגבניות קצוצות דק מנה  400גר*3,ש.שסטוביץ בעמ,,,"י""ח",1.20,"ק""ג",false,1,13.60,11.33,false,1,
7290107974066,false,עלי טורטיה  קמח מלא  320ג מאסטר שף,ש.שסטוביץ בעמ,,,"י""ח",320,ל  גרם,false,1,8.50,2.66,false,1,
7290107974073,false,טורטיה קמח לבן 320ג מאסטר שף,ש.שסטוביץ בעמ,,,"י""ח",320,ל  גרם,false,1,8.50,2.66,false,1,
7290107974080,false,עלי טורטיה קמח מלא  756ג מאסטר שף,ש.שסטוביץ בעמ,,,"י""ח",740,ל  גרם,false,1,13.60,1.84,false,1,
7290107974813,false,"אורז יסמין 1ק""ג מנה",ש.שסטוביץ בעמ,,,"י""ח",1,"ק""ג",false,1,9.30,9.30,false,1,
7290107975360,false,ליידי ספיד סטיק פיור גל,ש.שסטוביץ בעמ,,,"י""ח",1,"י""ח",false,1,17,17,true,1,
7290107975544,false,"קולגייט סמיילס ברבי 50מ""ל",ש.שסטוביץ בעמ,,,"י""ח",66,ל  גרם,false,1,10.20,15.45,false,1,
7290107977456,false,"פלמוליב מן גל רחצה  ושמפו 750מ""ל ספורט",ש.שסטוביץ בעמ,,,"י""ח",750,"ל  מ""ל",false,1,17,2.27,true,1,
7290107978101,false,"קולגייט  אופטיק וויט אקסטרה  75מ""ל",ש.שסטוביץ בעמ,,,"י""ח",256,ל  גרם,false,1,23,8.98,true,1,
7290107978323,false,איטריות דקיקות 400ג מאסטר שף,ש.שסטוביץ בעמ,,,"י""ח",400,ל  גרם,false,1,3.90,0.98,true,1,
7290107978330,false,איטריות דקות 400ג מאסטר שף,ש.שסטוביץ בעמ,,,"י""ח",400,ל  גרם,false,1,3.90,0.98,true,1,
7290107978347,false,איטריות בינוניות 400ג מאסטר שף,ש.שסטוביץ בעמ,,,"י""ח",400,ל  גרם,false,1,3.90,0.98,true,1,
7290107978453,false,קראנצ וס גריל 55ג חדש,ש.שסטוביץ בעמ,,,"י""ח",55,ל  גרם,false,1,2.50,4.55,true,1,
7290107978460,false,קראנצ וס פלאפל  60ג חדש,ש.שסטוביץ בעמ,,,"י""ח",60,ל  גרם,false,1,2.50,4.17,true,1,
7290107979184,false,קוקי תבנית אלומיניום עם נייר אפיה גדול,ש.שסטוביץ בעמ,,,"י""ח",1,,false,1,9.30,9.30,true,1,
7290107979191,false,קוקי תבנית אלומיניום עם נייר אפיה ענק,ש.שסטוביץ בעמ,,,"י""ח",1,,false,1,9.30,9.30,true,1,
7290107979542,false,קוקי רדיד  אלומיניום כוכבים זוג,ש.שסטוביץ בעמ,,,"י""ח",1,,false,1,8.50,8.50,true,1,
7290108070316,false,שקית בלונים פסטל מעורב צבעים 50יח,שמחה זה אנחנו,,,"י""ח",1,,false,1,10.30,10.30,false,1,
7290108090338,false,עגבניה תמר,ביכורי השדה צפון 1994 ג.ד. בעמ,,,"ק""ג",1,,true,1,5.90,5.90,false,1,
7290108201864,false,קולון קפסולות לכביסה 1/28,רקיט בנקיזר (ניר איסט) בעמ,,,"י""ח",28,"י""ח",false,1,21.30,0.76,false,1,
7290108350128,false,שקיות אשפה חזקות סנו,החב הדרומית לשיווק,,,"י""ח",1,,false,1,21.30,21.30,false,1,
7290108350180,false,מפיות מודפסות 100יח,החב הדרומית לשיווק,,,"י""ח",100,"י""ח",false,1,5.90,0.06,false,1,
7290108350531,false,נוזל כלים סנו ספארק 1ל קלאסי,החב הדרומית לשיווק,,,"י""ח",1,ליטר,false,1,11,11,false,1,
7290108350548,false,נוזל כלים סנו ספארק 1ל לבנדר,החב הדרומית לשיווק,,,"י""ח",1,ליטר,false,1,11,11,false,1,
7290108350555,false,נוזל כלים סנו ספארק 1ל שקד,החב הדרומית לשיווק,,,"י""ח",1,ליטר,false,1,11,11,false,1,
7290108350586,false,נוזל כלים סנו ספארק 1.5ל לימון רענן,החב הדרומית לשיווק,,,"י""ח",1.50,ליטר,false,1,13.60,9.07,false,1,
7290108350616,false,מרכך מקסימה  כביסה 1 ליטר בלו,החב הדרומית לשיווק,,,"י""ח",1,ליטר,false,1,15,15,false,1,
7290108350623,false,מרכך מקסימהכביסה 1 ליטר סופט סילק,החב הדרומית לשיווק,,,"י""ח",1,ליטר,false,1,15,15,false,1,
7290108350722,false,אורביטול בוב ספוג משחת שיניים לילדים,החב הדרומית לשיווק,,,"י""ח",70,ל  גרם,false,1,6.80,9.71,false,1,
7290108351149,false,סנו גט לניקוי כללי ורצפות+סודה 1.5ל.,החב הדרומית לשיווק,,,"י""ח",1.50,ליטר,false,1,12.70,8.47,false,1,
7290108351156,false,סנו גט לניקוי כללי ורצפות+חומץ 1.5ל.,החב הדרומית לשיווק,,,"י""ח",1.50,ליטר,false,1,12.70,8.47,false,1,
7290108351507,false,מקסימה מרכך 4 ל SOFT SILK,החב הדרומית לשיווק,,,"י""ח",4,ליטר,false,1,18.70,4.68,false,1,
7290108351514,false,מקסימה מרכך 4 ל BLUE BLOSSOM,החב הדרומית לשיווק,,,"י""ח",4,ליטר,false,1,18.70,4.68,false,1,
7290108351521,false,גל כביסה  מקסימה 5ל נואר,החב הדרומית לשיווק,,,"י""ח",5,ליטר,false,1,38.40,7.68,false,1,
7290108351552,false,סנו גט תרסיס  פלוס לניקוי כללי+חומץ,החב הדרומית לשיווק,,,"י""ח",750,"ל  מ""ל",false,1,13.60,1.81,false,1,
7290108351569,false,מבשם ומרכך בייבי למייבש כביסה,החב הדרומית לשיווק,,,"י""ח",750,"ל  מ""ל",false,1,15.30,2.04,true,1,
7290108351583,false,"סנו גט לניקוי+ניקוי  אסלות 750מ""ל.",החב הדרומית לשיווק,,,"י""ח",750,"ל  מ""ל",false,1,7.60,1.01,true,1,
7290108351590,false,"סנופרש הום בניחוח מרכך כביסה 350מ""ל",החב הדרומית לשיווק,,,"י""ח",350,"ל  מ""ל",false,1,8.50,2.43,false,1,
7290108351613,false,ריצפז פרש הום בית מלון חלומי 2ל לרצפה,החב הדרומית לשיווק,,,"י""ח",1.45,ליטר,false,1,16.90,11.66,false,1,
7290108351675,false,גל כביסה  מקסימה 5ל Mix Wash,החב הדרומית לשיווק,,,"י""ח",5,ליטר,false,1,38.40,7.68,false,1,
7290108351699,false,מגבוני JET ניקוי+חומץ מארז שלישייה,החב הדרומית לשיווק,,,"י""ח",1,,false,1,17,17,false,1,
7290108351705,false,פניני בישום FRESH LINEN י 275 גרם,החב הדרומית לשיווק,,,"י""ח",275,ל  גרם,false,1,17,6.18,false,1,
7290108351712,false,פניני בישום LOVELY י 275 גרם,החב הדרומית לשיווק,,,"י""ח",275,ל  גרם,false,1,17,6.18,false,1,
7290108351804,false,מרכך מקסימה סופר מרוכז Gentle breeze 1לי,החב הדרומית לשיווק,,,"י""ח",1,ליטר,false,1,15,15,false,1,
7290108351811,false,מרכך מקסימה סופר מרוכז Floral tou 1 ליטר,החב הדרומית לשיווק,,,"י""ח",1,ליטר,false,1,15,15,false,1,
7290108351835,false,מרכך כביסה  מקסימה FLORAL TOUCH י4ל`,החב הדרומית לשיווק,,,"י""ח",4,ליטר,false,1,18.70,4.68,false,1,
7290108351996,false,תרסיס לחיטוי וניקוי בייבי 99.9%,החב הדרומית לשיווק,,,"י""ח",750,"ל  מ""ל",false,1,12.70,1.69,false,1,
7290108352009,false,ספארק קפסולות ספארק למדיח 50יח,החב הדרומית לשיווק,,,"י""ח",50,"י""ח",false,1,34.10,0.68,false,1,
7290108352047,false,צמד מברשות שיניים אורביטול +808חוט,החב הדרומית לשיווק,,,"י""ח",1,,false,1,17,17,false,1,
7290108352061,false,אורביטול משחת שיניים פחם Go  White,החב הדרומית לשיווק,,,"י""ח",145,ל  גרם,false,1,9.30,6.41,false,1,
7290108352146,false,סנובון נוזלי בניחוח מגנוליה ונרול 750,החב הדרומית לשיווק,,,"י""ח",750,"ל  מ""ל",false,1,9.30,1.24,false,1,
7290108352207,false,קפסולות לכביסה מקסימה  פלורל 40יח,החב הדרומית לשיווק,,,"י""ח",40,"י""ח",false,1,34.10,0.85,false,1,
7290108352221,false,"סנופרש הום נטול גז 350מ""ל",החב הדרומית לשיווק,,,"י""ח",350,"ל  מ""ל",false,1,10.20,2.91,false,1,
7290108352269,false,מטליות לחיטוי ולניקוי בדלי 400יח סנו,החב הדרומית לשיווק,,,"י""ח",400,"י""ח",false,1,29.80,0.07,false,1,
7290108352290,false,מטליות חיטוי וניקוי יסודי 99.9% 1/3 אמ,החב הדרומית לשיווק,,,"י""ח",3,"י""ח",false,1,20.40,6.80,false,1,
7290108352320,false,"סנופרש הום נטול גז 350מ""ל",החב הדרומית לשיווק,,,"י""ח",350,"ל  מ""ל",false,1,8.50,2.43,false,1,
7290108352337,false,"פרש אוטומטיק בניחוח מלון מפנק 250מ""ל",החב הדרומית לשיווק,,,"י""ח",165,ל  גרם,false,1,11,6.67,false,1,
7290108352344,false,"פרש אוטומטיק בניחוח מלון בוטיק 250מ""ל",החב הדרומית לשיווק,,,"י""ח",165,ל  גרם,false,1,11,6.67,false,1,
7290108352450,false,ריצפז פרש הום  2ל לרצפה  Blue Blossom,החב הדרומית לשיווק,,,"י""ח",1.45,ליטר,false,1,16.90,11.66,false,1,
7290108352481,false,"סנומוד נרסיסוס 150מ""ל",החב הדרומית לשיווק,,,"י""ח",150,"ל  מ""ל",false,1,8.50,5.67,false,1,
7290108352511,false,מקסימה לניקוי וחיטוי  מכונת הכביסה 500,החב הדרומית לשיווק,,,"י""ח",500,"ל  מ""ל",false,1,10.20,2.04,false,1,
7290108352566,false,מרכך JOY 4 ליטר,החב הדרומית לשיווק,,,"י""ח",4,ליטר,false,1,18.70,4.68,false,1,
7290108352573,false,מרכך כביסה CALM מקסימה  4 ליטר,החב הדרומית לשיווק,,,"י""ח",4,ליטר,false,1,18.70,4.68,false,1,
7290108352597,false,מטליות לחות בדלי 400יח סנו,החב הדרומית לשיווק,,,"י""ח",400,"י""ח",false,1,25.60,0.06,false,1,
7290108352641,false,מטליות הפלא לניקוי כללי 1/3,החב הדרומית לשיווק,,,"י""ח",3,"י""ח",false,1,12.70,4.23,false,1,
7290108352672,false,מטלית הפלא לריצפה 1/2,החב הדרומית לשיווק,,,"י""ח",2,"י""ח",false,1,20.40,10.20,false,1,
7290108352702,false,נייר טואלט לח סנו  בוב ספוג שלישייה,החב הדרומית לשיווק,,,"י""ח",3,"י""ח",false,1,13.90,4.63,false,1,
7290108352801,false,שקיות אשפה לפח קטן 1/100,החב הדרומית לשיווק,,,"י""ח",100,"י""ח",false,1,16.20,0.16,false,1,
7290108352818,false,מטליות במבוק,החב הדרומית לשיווק,,,"י""ח",1,,false,1,6.80,6.80,false,1,
7290108352825,false,ספוג הפלא נירוסטה,החב הדרומית לשיווק,,,"י""ח",1,,false,1,9.30,9.30,false,1,
7290108352849,false,מטליות הפלא לניקוי כללי 1/3 Decor,החב הדרומית לשיווק,,,"י""ח",3,"י""ח",false,1,12.70,4.23,false,1,
7290108352863,false,סנו סושי 20 שקיות צליה L,החב הדרומית לשיווק,,,"י""ח",10,"י""ח",false,1,6.80,0.68,false,1,
7290108352894,false,מפת שולחן חגיגית XL,החב הדרומית לשיווק,,,"י""ח",1,,false,1,6.80,6.80,true,1,
7290108352900,false,סנו סושי מגבות נייר גליל כפול 6=12,החב הדרומית לשיווק,,,"י""ח",84.64,מטר,false,1,21.30,0.25,true,1,
7290108353006,false,שקיות אוכל נקשרות 250יח,החב הדרומית לשיווק,,,"י""ח",1,,false,1,10.20,10.20,false,1,
7290108353068,false,סנו סושי כרית קרצוף עם סיבי נירוסטה,החב הדרומית לשיווק,,,"י""ח",1,,false,1,9.30,9.30,false,1,
7290108353075,false,50 מפיות אירוח איכותיות 3שכבות,החב הדרומית לשיווק,,,"י""ח",50,"י""ח",false,1,10.20,0.20,false,1,
7290108353099,false,סנו סופט ממחטות מארז 5*100יח,החב הדרומית לשיווק,,,"י""ח",500,"י""ח",false,1,11.90,0.02,false,1,
7290108353372,false,מברשות שיניים 12000 סיבי פחם NANO,החב הדרומית לשיווק,,,"י""ח",1,,false,1,25.60,25.60,false,1,
7290108353419,false,צמד מברשות שיניים אורביטול Whitening,החב הדרומית לשיווק,,,"י""ח",1,,false,1,16.20,16.20,false,1,
7290108353440,false,מברשות שיניים זמד Orbitol Nano,החב הדרומית לשיווק,,,"י""ח",1,,false,1,25.60,25.60,false,1,
7290108353501,false,שקיות אשפה 25יח עם ידיות,החב הדרומית לשיווק,,,"י""ח",1,,false,1,17,17,false,1,
7290108353532,false,שקיות אשפה 100שקיות בגליל סנו סושי,החב הדרומית לשיווק,,,"י""ח",100,"י""ח",false,1,29.80,0.30,false,1,
7290108353655,false,50 מפיות אירוח איכותיות 3שכבות,החב הדרומית לשיווק,,,"י""ח",50,"י""ח",false,1,10.20,0.20,false,1,
7290108353662,false,מפת שולחן חגיגית XL,החב הדרומית לשיווק,,,"י""ח",1,,false,1,8.50,8.50,false,1,
7290108353686,false,סנו סושי מטלית הפלא לרצפה Decor,החב הדרומית לשיווק,,,"י""ח",1,,false,1,9.30,9.30,false,1,
7290108353709,false,כפפות ניטריל Sסנו סושי 80י,החב הדרומית לשיווק,,,"י""ח",80,"י""ח",false,1,25.60,0.32,false,1,
7290108353716,false,"קרמה תחליב רחצה חימר פיטאיה 500מ""ל",החב הדרומית לשיווק,,,"י""ח",500,"ל  מ""ל",false,1,11.90,2.38,false,1,
7290108353723,false,"קרמה תחליב רחצה חימר תה ירוק 500מ""ל",החב הדרומית לשיווק,,,"י""ח",500,"ל  מ""ל",false,1,11.90,2.38,false,1,
7290108353730,false,"קרמה תחליב רחצה חימר אוכמניות 500מ""ל",החב הדרומית לשיווק,,,"י""ח",500,"ל  מ""ל",false,1,11.90,2.38,false,1,
7290108353754,false,"קרם גוף קרמה אשכולית ולמון גראס 500 מ""ל",החב הדרומית לשיווק,,,"י""ח",500,"ל  מ""ל",false,1,21.30,4.26,false,1,
7290108353778,false,תחליב רחצה  שבדיה בניחוח פיטנגו 750 מ,החב הדרומית לשיווק,,,"י""ח",750,"ל  מ""ל",false,1,8.50,1.13,false,1,
7290108353785,false,תחליב רחצה מרוקו בניחוח טונקה 750 מ,החב הדרומית לשיווק,,,"י""ח",750,"ל  מ""ל",false,1,8.50,1.13,false,1,
7290108353792,false,תחליב רחצה  יפן פריחת הדובדבנים 750 מ,החב הדרומית לשיווק,,,"י""ח",750,"ל  מ""ל",false,1,8.50,1.13,false,1,
7290108353808,false,תחליב רחצה מדגסקר בניחוח אמבר 750 מ,החב הדרומית לשיווק,,,"י""ח",750,"ל  מ""ל",false,1,8.50,1.13,false,1,
7290108353815,false,"קרמה תחליב רחצה מדיטציה ספא 600מ""ל",החב הדרומית לשיווק,,,"י""ח",600,"ל  מ""ל",false,1,15.30,2.55,false,1,
7290108353839,false,כפפות ניטריל Mסנו סושי 80י,החב הדרומית לשיווק,,,"י""ח",80,"י""ח",false,1,25.60,0.32,false,1,
7290108353846,false,כפפות ניטריל Lסנו סושי 80י,החב הדרומית לשיווק,,,"י""ח",80,"י""ח",false,1,25.60,0.32,false,1,
7290108353969,false,"קרמה ספריי קרמה מאסק 150מ""ל",החב הדרומית לשיווק,,,"י""ח",150,"ל  מ""ל",false,1,10.20,6.80,false,1,
7290108353983,false,"קרם גוף קרמה קלאסי 500 מ""ל.",החב הדרומית לשיווק,,,"י""ח",500,"ל  מ""ל",false,1,21.30,4.26,false,1,
7290108353990,false,"קרם גוף קרמה מאסק 500 מ""ל.",החב הדרומית לשיווק,,,"י""ח",500,"ל  מ""ל",false,1,21.30,4.26,false,1,
7290108354270,false,מרכך כביסה CALM מקסימה 1 ליטר מרוכז,החב הדרומית לשיווק,,,"י""ח",1,ליטר,false,1,15,15,false,1,
7290108354430,false,"כיף שמפו שיער לשיקום והזנה 700מ""ל",החב הדרומית לשיווק,,,"י""ח",700,"ל  מ""ל",false,1,11,1.57,false,1,
7290108354447,false,"כיף מרכך שיער לשיקום והזנה 700מ""ל",החב הדרומית לשיווק,,,"י""ח",700,"ל  מ""ל",false,1,11,1.57,false,1,
7290108354461,false,"קרליין שמפו 10  חימר 700מ""ל",החב הדרומית לשיווק,,,"י""ח",700,"ל  מ""ל",false,1,11.90,1.70,false,1,
7290108354478,false,"קרליין מרכך 10  חימר 700מ""ל",החב הדרומית לשיווק,,,"י""ח",700,"ל  מ""ל",false,1,11.90,1.70,false,1,
7290108354492,false,"קרליין שמפו 10  שמן ארגן  700מ""ל",החב הדרומית לשיווק,,,"י""ח",700,"ל  מ""ל",false,1,11.90,1.70,false,1,
7290108354607,false,"שמפו נקה 7  ביו 750מ""ל",החב הדרומית לשיווק,,,"י""ח",750,"ל  מ""ל",false,1,10.20,1.36,false,1,
7290108354614,false,"מרכך נקה 7  ביו 750מ""ל",החב הדרומית לשיווק,,,"י""ח",750,"ל  מ""ל",false,1,10.20,1.36,false,1,
7290108354720,false,סנו פרש הום מקלות FRESH lady COCO,החב הדרומית לשיווק,,,"י""ח",750,"ל  מ""ל",false,1,18.70,2.49,false,1,
7290108354751,false,סנו גט תרסיס פלוס לניקוי כללי+סודה,החב הדרומית לשיווק,,,"י""ח",750,"ל  מ""ל",false,1,13.60,1.81,false,1,
7290108354768,false,"קרם גוף קרמה דבש 500 מ""",החב הדרומית לשיווק,,,"י""ח",500,"ל  מ""ל",false,1,21.30,4.26,false,1,
7290108354782,false,"קרם גוף קרמה ג`ינג`ר ולמון גראס 500 מ""",החב הדרומית לשיווק,,,"י""ח",500,"ל  מ""ל",false,1,21.30,4.26,false,1,
7290108354911,false,"קרמה מן גל לאחר גילוח 700מ""ל",החב הדרומית לשיווק,,,"י""ח",700,"ל  מ""ל",false,1,12.70,1.81,false,1,
7290108355000,false,שמפו  מיניונים נקה 7 קידס,החב הדרומית לשיווק,,,"י""ח",750,"ל  מ""ל",false,1,9.30,1.24,false,1,
7290108355017,false,מרכך  מיניונים נקה 7 קידס,החב הדרומית לשיווק,,,"י""ח",750,"ל  מ""ל",false,1,9.30,1.24,false,1,
7290108355031,false,אל סבון מיניונים נקה 7 קידס,החב הדרומית לשיווק,,,"י""ח",750,"ל  מ""ל",false,1,9.30,1.24,false,1,
7290108355154,false,"שמפו נקה 7 שמני הזנה 750 מ""ל",החב הדרומית לשיווק,,,"י""ח",750,"ל  מ""ל",false,1,10.20,1.36,false,1,
7290108355161,false,"מרכך נקה 7 שמני הזנה 750מ""ל",החב הדרומית לשיווק,,,"י""ח",750,"ל  מ""ל",false,1,10.20,1.36,false,1,
7290108355451,false,"קרמה דאו  רול און ורד וניל 75מ""ל",החב הדרומית לשיווק,,,"י""ח",75,"ל  מ""ל",false,1,10.20,13.60,false,1,
7290108355765,false,"קרמה ספריי קרמה לבנדר ואקליפטוס 150מ""ל",החב הדרומית לשיווק,,,"י""ח",150,"ל  מ""ל",false,1,10.20,6.80,false,1,
7290108356106,false,"כיף תחליב רחצה שקד 700מ""ל",החב הדרומית לשיווק,,,"י""ח",750,"ל  מ""ל",false,1,11,1.47,false,1,
7290108356113,false,"כיף תחליב רחצה דבש 700מ""ל",החב הדרומית לשיווק,,,"י""ח",750,"ל  מ""ל",false,1,11,1.47,false,1,
7290108356120,false,"כיף תחליב רחצה קוקוס וניל 700מ""ל",החב הדרומית לשיווק,,,"י""ח",750,"ל  מ""ל",false,1,11,1.47,false,1,
7290108356137,false,"כיף תחליב רחצה לבנדר 700מ""ל",החב הדרומית לשיווק,,,"י""ח",750,"ל  מ""ל",false,1,11,1.47,false,1,
7290108356151,false,"כיף תחליב רחצה מאסק יסמין 700מ""ל",החב הדרומית לשיווק,,,"י""ח",750,"ל  מ""ל",false,1,11,1.47,false,1,
7290108356175,false,אל סבון כיף 1 ליטר.,החב הדרומית לשיווק,,,"י""ח",1,ליטר,false,1,11.90,11.90,false,1,
7290108356199,false,אל סבון כיף 1 ליטר,החב הדרומית לשיווק,,,"י""ח",1,ליטר,false,1,11.90,11.90,false,1,
7290108356229,false,"קרמה ג ל גילוח קרבון פאוור 200מ""ל",החב הדרומית לשיווק,,,"י""ח",200,"ל  מ""ל",false,1,11,5.50,false,1,
7290108356373,false,סנו מדיק  הגנה  מחיידקים(דמויות),החב הדרומית לשיווק,,,"י""ח",1,,false,1,8.50,8.50,false,1,
7290108356397,false,כיף תחליב רחצה בניחוח מלבי מפנק 700מ,החב הדרומית לשיווק,,,"י""ח",700,"ל  מ""ל",false,1,11,1.57,false,1,
7290108356403,false,כיף תחליב רחצה בניחוח עוגת חד קרן 700מ,החב הדרומית לשיווק,,,"י""ח",700,"ל  מ""ל",false,1,11,1.57,false,1,
7290108356489,false,"כיף תחליב רחצה אפרבק 700מ""ל",החב הדרומית לשיווק,,,"י""ח",750,"ל  מ""ל",false,1,11,1.47,false,1,
7290108356519,false,קרליין שמפו 10  שיער רגיל 700.,החב הדרומית לשיווק,,,"י""ח",700,"ל  מ""ל",false,1,11.90,1.70,false,1,
7290108356526,false,קרליין שמפו 10  שיער יבש 700.,החב הדרומית לשיווק,,,"י""ח",700,"ל  מ""ל",false,1,11.90,1.70,false,1,
7290108356540,false,קרליין שמפו 10  שיער צבוע 700.,החב הדרומית לשיווק,,,"י""ח",700,"ל  מ""ל",false,1,11.90,1.70,false,1,
7290108356564,false,קרליין מרכך 10 לשיער רגיל 700,החב הדרומית לשיווק,,,"י""ח",700,"ל  מ""ל",false,1,11.90,1.70,false,1,
7290108356571,false,קרליין מרכך 10 לשיער יבש 700,החב הדרומית לשיווק,,,"י""ח",700,"ל  מ""ל",false,1,11.90,1.70,false,1,
7290108356588,false,קרליין מרכך 10 לשיער מתולתל 700,החב הדרומית לשיווק,,,"י""ח",700,"ל  מ""ל",false,1,11.90,1.70,false,1,
7290108356595,false,קרליין מרכך 10 לשיער צבוע 700,החב הדרומית לשיווק,,,"י""ח",700,"ל  מ""ל",false,1,11.90,1.70,false,1,
7290108356717,false,"כיף לגבר ULTRA POWER שמפו גל רחצה 700מ""",החב הדרומית לשיווק,,,"י""ח",700,"ל  מ""ל",false,1,11,1.57,false,1,
7290108356724,false,"כיף לגבר COOL SPORT שמפו גל רחצה 700מ""ל",החב הדרומית לשיווק,,,"י""ח",700,"ל  מ""ל",false,1,11,1.57,false,1,
7290108356809,false,כיף סבון ידיים בוטני ורד ומרווה 1ל,החב הדרומית לשיווק,,,"י""ח",1,ליטר,false,1,13.60,13.60,false,1,
7290108356854,false,בייבי כיף מגבונים 1/5 בניחוח עדין,החב הדרומית לשיווק,,,"י""ח",1,,false,1,17,17,false,1,
7290108356861,false,בייבי כיף מגבונים 1/5 ללא בישום,החב הדרומית לשיווק,,,"י""ח",1,,false,1,17,17,false,1,
7290108357004,false,"כיף שמפו ורד ושמן קוקוי 700מ""ל",החב הדרומית לשיווק,,,"י""ח",700,"ל  מ""ל",false,1,11,1.57,false,1,
7290108357011,false,"כיף מרכך ורד ושמן קוקוי 700מ""ל",החב הדרומית לשיווק,,,"י""ח",700,"ל  מ""ל",false,1,11,1.57,false,1,
7290108357028,false,"כיף תחליב רחצה ורד ושמן קוקוי 700מ""ל",החב הדרומית לשיווק,,,"י""ח",700,"ל  מ""ל",false,1,11,1.57,false,1,
7290108357059,false,"קרליין רולאון נושם ביו 75מ""ל",החב הדרומית לשיווק,,,"י""ח",75,ל  גרם,false,1,11,14.67,false,1,
7290108357189,false,תרסיס מקסימה למייבש כביסה,החב הדרומית לשיווק,,,"י""ח",750,"ל  מ""ל",false,1,15.30,2.04,true,1,
7290108357196,false,סנו גט תרסיס  פלוס לניקוי כללי+תמצית עץ,החב הדרומית לשיווק,,,"י""ח",750,"ל  מ""ל",false,1,13.60,1.81,false,1,
7290108357226,false,"סנו אוקסיג ן POWER אבקה 1.4ק""ג לכביסה לב",החב הדרומית לשיווק,,,"י""ח",1.40,"ק""ג",false,1,27.30,19.50,false,1,
7290108357233,false,מטליות לחות לניקוי והברקה 50יח,החב הדרומית לשיווק,,,"י""ח",1,,false,1,17,17,false,1,
7290108357240,false,"סנו אוקסיג ן POWER אבקה 1.4ק""ג",החב הדרומית לשיווק,,,"י""ח",1.40,"ק""ג",false,1,27.30,19.50,false,1,
7290108357257,false,סנופרש מכשיר אוטומטי לבישום אוויר,החב הדרומית לשיווק,,,"י""ח",350,"ל  מ""ל",false,1,38.40,10.97,false,1,
7290108357264,false,"פרש אוטומטיק בניחוח אולטרה פרש 250מ""ל",החב הדרומית לשיווק,,,"י""ח",165,ל  גרם,false,1,11,6.67,false,1,
7290108357288,false,"סנו אקונומיקה ז""אוול 4 ליטר בניחוח פרי",החב הדרומית לשיווק,,,"י""ח",4,ליטר,false,1,14.40,3.60,false,1,
7290108357295,false,סנו אוקסיגאן מסיר בתרסיס מרסס,החב הדרומית לשיווק,,,"י""ח",750,"ל  מ""ל",false,1,15.10,2.01,false,1,
7290108357301,false,K-300 סנו 300מל,החב הדרומית לשיווק,,,"י""ח",300,"ל  מ""ל",false,1,9.30,3.10,false,1,
7290108357318,false,אוקסיגן 540ג אבקה להסרת כתמים,החב הדרומית לשיווק,,,"י""ח",540,ל  גרם,false,1,14.40,2.67,false,1,
7290108357325,false,אוקסיגן 540ג אבקה להסרת כתמים,החב הדרומית לשיווק,,,"י""ח",540,ל  גרם,false,1,14.40,2.67,false,1,
7290108357417,false,"קרם גוף קרמה ורד ווניל 500 מ""",החב הדרומית לשיווק,,,"י""ח",500,"ל  מ""ל",false,1,21.30,4.26,false,1,
7290108357424,false,"קרם גוף קרמה נרולי ומגנוליה 500 מ""",החב הדרומית לשיווק,,,"י""ח",500,"ל  מ""ל",false,1,21.30,4.26,false,1,
7290108357431,false,"קרם גוף קרמה בריזת ים 500 מ""ל",החב הדרומית לשיווק,,,"י""ח",500,"ל  מ""ל",false,1,21.30,4.26,false,1,
7290108357448,false,"קרם גוף קרמה לבנדר ואקליפטוס 500 מ""",החב הדרומית לשיווק,,,"י""ח",500,"ל  מ""ל",false,1,21.30,4.26,false,1,
7290108357509,false,"קרם גוף קרמה וניל ופלפל ורוד 500 מ""ל",החב הדרומית לשיווק,,,"י""ח",500,"ל  מ""ל",false,1,21.30,4.26,false,1,
7290108357653,false,סנובון ג ל אסלה שלישייה אוקיינוס Bubbl,החב הדרומית לשיווק,,,"י""ח",65,"ל  מ""ל",false,1,13.60,20.92,false,1,
7290108357660,false,סנובון ג ל אסלה שלישייה לבנדר  Bubbles,החב הדרומית לשיווק,,,"י""ח",65,"ל  מ""ל",false,1,13.60,20.92,false,1,
7290108357707,false,"כיף שמפו שיער רגיל תפוח ציה 700מ""ל",החב הדרומית לשיווק,,,"י""ח",700,"ל  מ""ל",false,1,11,1.57,false,1,
7290108357769,false,"כיף מרכך שיער רגיל תפוח ציה 700מ""ל",החב הדרומית לשיווק,,,"י""ח",700,"ל  מ""ל",false,1,11,1.57,false,1,
7290108357776,false,"כיף מרכך ש. יבש רימון שמן ארגן 700מ""ל",החב הדרומית לשיווק,,,"י""ח",700,"ל  מ""ל",false,1,11,1.57,false,1,
7290108357837,false,כיף אל סבון שקית מילוי+פקק  1ל,החב הדרומית לשיווק,,,"י""ח",1,ליטר,false,1,7.60,7.60,false,1,
7290108357844,false,כיף אל סבון שקית מילוי+פקק  1ל,החב הדרומית לשיווק,,,"י""ח",1,ליטר,false,1,7.60,7.60,false,1,
7290108358070,false,"תחליב רחצה קלאסי קרמה 700מ""ל.",החב הדרומית לשיווק,,,"י""ח",700,ל  גרם,false,1,14.40,2.06,false,1,
7290108358087,false,"תחליב רחצה מאסק קרמה 700מ""ל.",החב הדרומית לשיווק,,,"י""ח",700,ל  גרם,false,1,14.40,2.06,false,1,
7290108358100,false,סנו פרש הום מקלות BABY POWER,החב הדרומית לשיווק,,,"י""ח",750,"ל  מ""ל",false,1,18.70,2.49,false,1,
7290108358117,false,סנו פרש הום מקלות FRESH LAUNDRY,החב הדרומית לשיווק,,,"י""ח",750,"ל  מ""ל",false,1,18.70,2.49,false,1,
7290108358124,false,מקסימה דפי בישום לחים למייבש כביסה,החב הדרומית לשיווק,,,"י""ח",750,"ל  מ""ל",false,1,11,1.47,true,1,
7290108359008,false,סנו סושי שקיות זיפר 15יח L,החב הדרומית לשיווק,,,"י""ח",1,,false,1,12.70,12.70,false,1,
7290108359039,false,שקיות אשפה 30יח עם ידיות לפחים,החב הדרומית לשיווק,,,"י""ח",30,"י""ח",false,1,17,0.57,false,1,
7290108359046,false,שקיות אשפה חזקות EXTRA סנו סושי,החב הדרומית לשיווק,,,"י""ח",20,"י""ח",false,1,21.30,1.07,false,1,
7290108359060,false,כריות הפלא סנו סושי 4 יחידות,החב הדרומית לשיווק,,,"י""ח",1,,false,1,8.50,8.50,false,1,
7290108359077,false,סנו סופט לושן ממחטות אף בקופסא 120יח,החב הדרומית לשיווק,,,"י""ח",440,ל  גרם,false,1,11,2.50,false,1,
7290108359084,false,סנו סושי כיסוי ניילון עם גומי M,החב הדרומית לשיווק,,,"י""ח",1,"י""ח",false,1,9.30,9.30,false,1,
7290108359091,false,סנו סושי כיסוי ניילון עם גומי L,החב הדרומית לשיווק,,,"י""ח",1,"י""ח",false,1,9.30,9.30,false,1,
7290108359114,false,חמגשית אלומיניום עם מכסה,החב הדרומית לשיווק,,,"י""ח",10,"י""ח",false,1,10.20,1.02,false,1,
7290108359152,false,"6 תבניות אלומיניום עגולות 25ס""מ",החב הדרומית לשיווק,,,"י""ח",6,"י""ח",false,1,11,1.83,false,1,
7290108359169,false,"6 תבניות אלומיניום עגולות 28ס""מ",החב הדרומית לשיווק,,,"י""ח",6,"י""ח",false,1,11,1.83,false,1,
7290108359176,false,ממחטות אף שכבות לושן צמד 2*100,החב הדרומית לשיווק,,,"י""ח",650,ל  גרם,false,1,11.90,1.83,true,1,
7290108359183,false,שקיות אשפה סושי 60 יח עם ידיות,החב הדרומית לשיווק,,,"י""ח",1,"י""ח",false,1,19.60,19.60,false,1,
7290108359190,false,סנו סושי מגבות נייר גליל כפול 4=12,החב הדרומית לשיווק,,,"י""ח",126.96,מטר,false,1,21.30,0.17,false,1,
7290108359824,false,"בייבי כיף קרם גוף 500מ""ל",החב הדרומית לשיווק,,,"י""ח",500,"ל  מ""ל",false,1,17,3.40,false,1,
7290108359879,false,"בייבי כיף אל סבון 750מ""ל",החב הדרומית לשיווק,,,"י""ח",750,"ל  מ""ל",false,1,11.90,1.59,false,1,
7290108359893,false,"בייבי כיף תחליב רחצה 750מ""ל",החב הדרומית לשיווק,,,"י""ח",750,"ל  מ""ל",false,1,11.90,1.59,false,1,
7290108359985,false,סנו ג`אבל קצף ניקוי בתוספת אקונומיקה,החב הדרומית לשיווק,,,"י""ח",1,ליטר,false,1,16.20,16.20,false,1,
7290108500677,false,כבד דג שיבוט  115גר`,ג.וילי פוד אינטרנשיונל בעמ,,,"י""ח",115,ל  גרם,false,1,7.60,6.61,true,1,
7290108501346,false,גבינת גאודה מגורדת 500ג 28% ויליפוד,ג.וילי פוד אינטרנשיונל בעמ,,,"י""ח",500,ל  גרם,false,1,21.30,4.26,false,1,
7290108501490,false,גבינת מוצרלה פרוסות 150גר ויליפוד,ג.וילי פוד אינטרנשיונל בעמ,,,"י""ח",150,ל  גרם,false,1,11,7.33,false,1,
7290108501827,false,קדאיף שערות בצק 450ג,ג.וילי פוד אינטרנשיונל בעמ,,,"י""ח",450,ל  גרם,false,1,17,3.78,false,1,
7290108502268,false,קרקרים 250ג מליחות מעודנת,ג.וילי פוד אינטרנשיונל בעמ,,,"י""ח",250,ל  גרם,false,1,5,2,false,1,
7290108502381,false,תחתיות לפיצה 4יח 480ג,ג.וילי פוד אינטרנשיונל בעמ,,,"י""ח",4,"י""ח",false,1,8.50,2.13,false,1,
7290108502862,false,מלפפונים כבושים במלח 18-25 600ג,ג.וילי פוד אינטרנשיונל בעמ,,,"י""ח",600,ל  גרם,false,1,7.60,1.27,false,1,
7290108503043,false,מארז תפוחונים 1/4,ג.וילי פוד אינטרנשיונל בעמ,,,"י""ח",4,"י""ח",false,1,12.70,3.18,false,1,
7290108503067,false,פרמזנו משולש 150ג ויליפוד,ג.וילי פוד אינטרנשיונל בעמ,,,"י""ח",150,ל  גרם,false,1,15.30,10.20,false,1,
7290108503999,false,פרוסות גבינה בטעם גאודה 150ג,ג.וילי פוד אינטרנשיונל בעמ,,,"י""ח",150,ל  גרם,false,1,9.30,6.20,true,1,
7290108505490,false,דונאטס קפוא ויליפוד,ג.וילי פוד אינטרנשיונל בעמ,,,"י""ח",1,,false,1,5,5,true,1,
7290108506426,false,סימיט- בייגלה 400 גרם קפוא,ג.וילי פוד אינטרנשיונל בעמ,,,"י""ח",400,ל  גרם,false,1,15.30,3.83,true,1,
7290108506488,false,סופלה שוקולד 200 גרם קפוא,ג.וילי פוד אינטרנשיונל בעמ,,,"י""ח",200,ל  גרם,false,1,15.30,7.65,true,1,
7290108506495,false,כנאפה קפוא 192.5 גרם קפוא,ג.וילי פוד אינטרנשיונל בעמ,,,"י""ח",192,ל  גרם,false,1,11,5.73,true,1,
7290108506501,false,אצבעות בצק פילו ממולאות גבינה 500ג,ג.וילי פוד אינטרנשיונל בעמ,,,"י""ח",500,ל  גרם,false,1,19.60,3.92,false,1,
7290108506532,false,גליליות וופל במילוי אגוזי לוז   400ג,ג.וילי פוד אינטרנשיונל בעמ,,,"י""ח",400,ל  גרם,false,1,11.90,2.98,true,1,
7290108506549,false,גליליות וופל במילוי וניל 400ג,ג.וילי פוד אינטרנשיונל בעמ,,,"י""ח",400,ל  גרם,false,1,11.90,2.98,true,1,
7290108506815,false,גליליות וופל במילוי קרמל מלוח  400ג,ג.וילי פוד אינטרנשיונל בעמ,,,"י""ח",400,ל  גרם,false,1,13.60,3.40,true,1,
7290108506969,false,מאפה בורקס תורכי גבינה 300 גרם,ג.וילי פוד אינטרנשיונל בעמ,,,"י""ח",30,ל  גרם,false,1,8.50,28.33,false,1,
7290108507010,false,מאפה בורקס תורכי תרד וגבינה 300 גרם,ג.וילי פוד אינטרנשיונל בעמ,,,"י""ח",30,ל  גרם,false,1,8.50,28.33,false,1,
7290108507065,false,גבינת פרמגיאנו מגורדת 100ג,ג.וילי פוד אינטרנשיונל בעמ,,,"י""ח",100,ל  גרם,false,1,11,11,false,1,
7290108508703,false,טורטיה ללא גלוטן 270גר,ג.וילי פוד אינטרנשיונל בעמ,,,"י""ח",270,ל  גרם,false,1,8.50,3.15,true,1,
7290108509052,false,מאפה פילו ממולא גבינה פטה 400ג ויליפוד,ג.וילי פוד אינטרנשיונל בעמ,,,"י""ח",400,ל  גרם,false,1,17,4.25,false,1,
7290108509090,false,גבינה מותכת משולשים 200גר 14% שומן,ג.וילי פוד אינטרנשיונל בעמ,,,"י""ח",200,ל  גרם,false,1,12.70,6.35,false,1,
7290108509205,false,חטיף אורז אפוי טבעי לתינוק 50ג,ג.וילי פוד אינטרנשיונל בעמ,,,"י""ח",50,ל  גרם,false,1,10.20,20.40,false,1,
7290108509212,false,חטיף אורז אפוי ירקות  לתינוק 50ג,ג.וילי פוד אינטרנשיונל בעמ,,,"י""ח",50,ל  גרם,false,1,10.20,20.40,false,1,
7290108509267,false,ארוחת פסטה עם רוטב גבינה 206גר,ג.וילי פוד אינטרנשיונל בעמ,,,"י""ח",206,ל  גרם,false,1,6.80,3.30,true,1,
7290108509359,false,פופקורן בציפוי בטעם קרמל 90גר,ג.וילי פוד אינטרנשיונל בעמ,,,"י""ח",90,ל  גרם,false,1,5.90,6.56,true,1,
7290108509397,false,עלי בצק פילו(משולשים )360גרם ויליפוד,ג.וילי פוד אינטרנשיונל בעמ,,,"י""ח",360,ל  גרם,false,1,8.50,2.36,false,1,
7290108509410,false,חלבה טורקית קקאו 350 גרם ויליפוד,ג.וילי פוד אינטרנשיונל בעמ,,,"י""ח",350,ל  גרם,false,1,10.20,2.91,false,1,
7290108509700,false,"אורז בסגנון פרסי 1ק""ג DAAWAT",ג.וילי פוד אינטרנשיונל בעמ,,,"י""ח",1,"ק""ג",false,1,8.50,8.50,false,1,
7290108509793,false,גליליות וופל במילוי שוקולד מריר  400ג,ג.וילי פוד אינטרנשיונל בעמ,,,"י""ח",400,ל  גרם,false,1,13.60,3.40,true,1,
7290108509908,false,מנת השף אטריות טעם ירקות 85ג,ג.וילי פוד אינטרנשיונל בעמ,,,"י""ח",85,ל  גרם,false,1,3.30,3.88,true,1,
7290108509915,false,מנת השף אטריות טעם סיני פיקנטי 85ג,ג.וילי פוד אינטרנשיונל בעמ,,,"י""ח",85,ל  גרם,false,1,3.30,3.88,true,1,
7290108509922,false,מנת השף אטריות טעם עוף 85ג,ג.וילי פוד אינטרנשיונל בעמ,,,"י""ח",85,ל  גרם,false,1,3.30,3.88,true,1,
7290108509939,false,פרוסות פילה טונה 120גר,ג.וילי פוד אינטרנשיונל בעמ,,,"י""ח",120,ל  גרם,false,1,11,9.17,true,1,
7290108509960,false,נתחי טונה  בהירה שלישייה 80ג בשמן זית,ג.וילי פוד אינטרנשיונל בעמ,,,"י""ח",240,ל  גרם,false,1,12.70,5.29,false,1,
7290108509984,false,"רוטב סויה 300מ""ל",ג.וילי פוד אינטרנשיונל בעמ,,,"י""ח",300,ל  גרם,false,1,7.60,2.53,false,1,
7290108509991,false,"רוטב טריאקי 300מ""ל",ג.וילי פוד אינטרנשיונל בעמ,,,"י""ח",300,ל  גרם,false,1,7.60,2.53,false,1,
7290109351025,false,חומוס טחינה 400ג צבר,קבוצת אוסם סחר-שות.מוגבלת,,,"י""ח",400,ל  גרם,false,1,12.70,3.18,true,1,
7290109351957,false,פיטנס פריכיות גדולות 100גר,קבוצת אוסם סחר-שות.מוגבלת,,,"י""ח",100,ל  גרם,false,1,7.40,7.40,false,1,
7290109351971,false,פיטנס בר פריכיות שוקולד חלב 84גר,קבוצת אוסם סחר-שות.מוגבלת,,,"י""ח",84,ל  גרם,false,1,12.70,15.12,true,1,
7290109352916,false,פיטנס בר פריכיות שוקולד לבן 84גר,קבוצת אוסם סחר-שות.מוגבלת,,,"י""ח",84,ל  גרם,false,1,12.70,15.12,true,1,
7290109354101,false,לחמית ללא גלוטן 200גר,קבוצת אוסם סחר-שות.מוגבלת,,,"י""ח",200,ל  גרם,false,1,7.60,3.80,true,1,
7290109355504,false,קראנץ וניל ריבת נוגט כשל``פ,נגה גלידות,,,"י""ח",100,ל  גרם,false,1,6,6,true,1,
7290109358284,false,שניצל תירס עם חלבון  664 גרם,קבוצת אוסם סחר-שות.מוגבלת,,,"י""ח",664,ל  גרם,false,1,32.40,4.88,true,1,
7290109580043,false,"שניצל תירס 1.75ק""ג בד""ץ",זוגלובק שיווק בעמ,,,"י""ח",1.75,"ק""ג",false,1,42.70,24.40,false,1,
7290109580050,false,נקניקיות צ`וריסוס 226גר Wonders,זוגלובק שיווק בעמ ו/או וונדרס,,,"י""ח",226,ל  גרם,false,1,25.60,11.33,true,1,
7290109580098,false,קבנוס טעם סרירצ`ה 135גרם,זוגלובק שיווק בעמ,,,"י""ח",135,ל  גרם,false,1,10.70,7.93,false,1,
7290109580104,false,רוסטביף 150ג פרימיום.,זוגלובק שיווק בעמ,,,"י""ח",150,ל  גרם,false,1,19.60,13.07,false,1,
7290109580111,false,צלעות אסאדו פרימיום   120גר`,זוגלובק שיווק בעמ,,,"י""ח",120,ל  גרם,false,1,19.60,16.33,false,1,
7290109580135,false,קורנדביף 180 גרם פרימיום.,זוגלובק שיווק בעמ,,,"י""ח",180,ל  גרם,false,1,19.60,10.89,false,1,
7290109580159,false,פסטרמה בנוסח טוקסטנה 180ג פרימיום.,זוגלובק שיווק בעמ,,,"י""ח",180,ל  גרם,false,1,19.60,10.89,false,1,
7290109580166,false,סרוולד קלאסי 150ג פרימיום.,זוגלובק שיווק בעמ,,,"י""ח",150,ל  גרם,false,1,19.60,13.07,false,1,
7290109580210,false,"נקניקיות ריינהולד""ס הצרפתיה 300גר.",זוגלובק שיווק בעמ,,,"י""ח",300,ל  גרם,false,1,17,5.67,false,1,
7290109580234,false,נקניקיות מרגז 226גר WONDERS,זוגלובק שיווק בעמ ו/או וונדרס,,,"י""ח",226,ל  גרם,false,1,25.60,11.33,false,1,
7290109580272,false,סרוולד איטלקי פרמיום 150ג,זוגלובק שיווק בעמ,,,"י""ח",150,ל  גרם,false,1,19.60,13.07,false,1,
7290109580302,false,מארז תה מעושן 350גר+ח.עוף 350גר בית יו.,זוגלובק שיווק בעמ,,,"י""ח",700,ל  גרם,false,1,27.30,3.90,false,1,
7290109580319,false,בורגר 280גר WONDERS,זוגלובק שיווק בעמ ו/או וונדרס,,,"י""ח",280,ל  גרם,false,1,25.60,9.14,true,1,
7290109580326,false,נקניקיות עוף 800גר בית יוסף זוגלובק.,זוגלובק שיווק בעמ,,,"י""ח",800,ל  גרם,false,1,21.30,2.66,false,1,
7290109580357,false,מארז חרמון 300גר+חרמון ברביקיו 300גר .,זוגלובק שיווק בעמ,,,"י""ח",600,ל  גרם,false,1,30.70,5.12,false,1,
7290109580463,false,נאגטס פיקנטי 500ג,זוגלובק שיווק בעמ,,,"י""ח",0.50,"ק""ג",false,1,19.60,39.20,false,1,
7290109580470,false,"נאגטס מן הצומח 1ק""ג",זוגלובק שיווק בעמ,,,"י""ח",1,"ק""ג",false,1,32.40,32.40,false,1,
7290109580487,false,"חטיפי תירס 1ק""ג",זוגלובק שיווק בעמ,,,"י""ח",1,"ק""ג",false,1,32.40,32.40,false,1,
7290109844732,false,מיחם  שחור 50 כוסות /10ליטר,אליהו שיווק חשמל בעמ,,,"י""ח",1,,false,1,170.90,170.90,false,1,
7290109920146,false,"דורגול קומקום 750מ""ל",יעקב יעקבי ובניו בעמ,,,"י""ח",750,"ל  מ""ל",false,1,17,2.27,false,1,
7290109920313,false,אסטוניש מרסס מבריק שמשות,יעקב יעקבי ובניו בעמ,,,"י""ח",750,"ל  מ""ל",false,1,10.20,1.36,true,1,
7290109920580,false,אסטוניש מרסס עם אקונומיקה  750,יעקב יעקבי ובניו בעמ,,,"י""ח",750,"ל  מ""ל",false,1,10.20,1.36,true,1,
7290109920597,false,אסטוניש מרסס למקלחון,יעקב יעקבי ובניו בעמ,,,"י""ח",750,"ל  מ""ל",false,1,10.20,1.36,true,1,
7290109920603,false,"אסטוניש  קרם מטבח 500 מ""ל יעקבי",יעקב יעקבי ובניו בעמ,,,"י""ח",500,"ל  מ""ל",false,1,8.50,1.70,false,1,
7290109920627,false,אסטוניש  קרם אמבט 550+ניקוי אקונומיק 5.,יעקב יעקבי ובניו בעמ,,,"י""ח",500,"ל  מ""ל",false,1,9.30,1.86,false,1,
7290109920849,false,אסטוניש מרסס תפוז לניקוי רב תכליתי,יעקב יעקבי ובניו בעמ,,,"י""ח",750,"ל  מ""ל",false,1,10.20,1.36,true,1,
7290109921334,false,אידאל קולור פרוטקט 15 דפי בד לכביסה.,יעקב יעקבי ובניו בעמ,,,"י""ח",1,,false,1,10.20,10.20,false,1,
7290109921372,false,משחת אסטוניש+ספוג,יעקב יעקבי ובניו בעמ,,,"י""ח",250,"ל  מ""ל",false,1,14.40,5.76,false,1,
7290109921488,false,"דורגול למכונת כביסה 500מ""ל",יעקב יעקבי ובניו בעמ,,,"י""ח",500,"ל  מ""ל",false,1,25.60,5.12,false,1,
7290109923048,false,"אסטוניש מרסס פרמיום לכל בית 750מ""ל",יעקב יעקבי ובניו בעמ,,,"י""ח",750,"ל  מ""ל",false,1,12.70,1.69,false,1,
7290110000493,false,חמאה בוטנים350 גרם,בטר אנד דיפרנט בעמ,,,"י""ח",350,ל  גרם,false,1,11.90,3.40,false,1,
7290110110277,false,"משקה סומרסבי 330מ""ל 1/4",החברה המרכזית להפצת משקאות בעמ,,,"י""ח",1.32,ליטר,false,1,27.20,19.85,true,1,
7290110110369,false,"קרלסברג Luma שישיות} 330מ""ל",החברה המרכזית להפצת משקאות בעמ,,,"י""ח",1.98,ליטר,false,1,34.10,16.46,true,1,
7290110110574,false,פחית קוקה קולה זירו לימון סליק,החברה המרכזית להפצת משקאות בעמ,,,"י""ח",330,"ל  מ""ל",false,1,3.90,1.09,true,1,
7290110110659,false,"פחית ספרייט 330מ""ל",החברה המרכזית להפצת משקאות בעמ,,,"י""ח",330,"ל  מ""ל",false,1,3.90,1.09,true,1,
7290110111557,false,"פאוורייד מאונטן בטעם פירות 500מ""ל פח",החברה המרכזית להפצת משקאות בעמ,,,"י""ח",500,"ל  מ""ל",false,1,8.50,1.64,true,1,
7290110113261,false,אושן ספריי  19קלוריות חמוציות 1ליטר,החברה המרכזית להפצת משקאות בעמ,,,"י""ח",1,ליטר,false,1,9.50,9.50,false,1,
7290110113377,false,קוקה קולה 1ליטר רביעייה,החברה המרכזית להפצת משקאות בעמ,,,"י""ח",4,ליטר,false,1,25.50,6.13,false,1,
7290110113384,false,קוקה קולה זירו  1ליטר רביעייה,החברה המרכזית להפצת משקאות בעמ,,,"י""ח",4,ליטר,false,1,25.50,6.13,false,1,
7290110114787,false,נביעות בטעם תפוח עדין 1.5ליטר,החברה המרכזית להפצת משקאות בעמ,,,"י""ח",1.50,ליטר,false,1,7.70,4.93,false,1,
7290110114794,false,נביעות בטעם אפרסק עדין 1.5ליטר,החברה המרכזית להפצת משקאות בעמ,,,"י""ח",1.50,ליטר,false,1,7.70,4.93,false,1,
7290110114800,false,נביעות בטעם ענבים עדין 1.5ליטר,החברה המרכזית להפצת משקאות בעמ,,,"י""ח",1.50,ליטר,false,1,7.70,4.93,false,1,
7290110114817,false,נביעות רכיבי פרי מנגו 1.5ליטר,החברה המרכזית להפצת משקאות בעמ,,,"י""ח",1.50,ליטר,false,1,7.70,4.93,false,1,
7290110114824,false,נביעות +רכיבי   אבטיח 1.5ליטר,החברה המרכזית להפצת משקאות בעמ,,,"י""ח",1.50,ליטר,false,1,7.70,4.93,false,1,
7290110114855,false,~נביעות 1.5 ליטר שישיה,החברה המרכזית להפצת משקאות בעמ,,,"י""ח",9,ליטר,false,1,11.10,1.07,false,1,
7290110114893,false,פריגת מיץ סחוט תפוז 2 ליטר,*החברה המרכזית להפצת משקאותבעמ,,,"י""ח",2,ליטר,false,1,23.90,11.80,false,1,
7290110114954,false,מיץ תפוזים מתקתק 100% 2ל.,*החברה המרכזית להפצת משקאותבעמ,,,"י""ח",2,ליטר,false,1,17.90,8.80,false,1,
7290110114961,false,פריגת תפוזים 1.5 ליטר,החברה המרכזית להפצת משקאות בעמ,,,"י""ח",1.50,ליטר,false,1,7.70,4.93,false,1,
7290110114985,false,פריגת אשכולית 1.5 ליטר,החברה המרכזית להפצת משקאות בעמ,,,"י""ח",1.50,ליטר,false,1,7.70,4.93,false,1,
7290110114992,false,פריגת אשכולית לייט 1.5 ליטר,החברה המרכזית להפצת משקאות בעמ,,,"י""ח",1.50,ליטר,false,1,7.30,4.67,false,1,
7290110115005,false,פריגת ענבים 1.5 ליטר,החברה המרכזית להפצת משקאות בעמ,,,"י""ח",1.50,ליטר,false,1,7.70,4.93,false,1,
7290110115036,false,פריגת מנגו 1.5 ליטר,החברה המרכזית להפצת משקאות בעמ,,,"י""ח",1.50,ליטר,false,1,7.70,4.93,false,1,
7290110115043,false,פריגת לימונענע 1.5 ליטר,החברה המרכזית להפצת משקאות בעמ,,,"י""ח",1.50,ליטר,false,1,7.70,4.93,false,1,
7290110115050,false,פריגת מיקס תות בננה 1.5 ליטר,החברה המרכזית להפצת משקאות בעמ,,,"י""ח",1.50,ליטר,false,1,7.70,4.93,false,1,
7290110115081,false,פריגת צלול ענבים 1.5 ל,החברה המרכזית להפצת משקאות בעמ,,,"י""ח",1.50,ליטר,false,1,7.40,4.73,false,1,
7290110115104,false,פריגת צלול אפרסק 1.5 ל,החברה המרכזית להפצת משקאות בעמ,,,"י""ח",1.50,ליטר,false,1,7.40,4.73,false,1,
7290110115111,false,פריגת צלול אננס 1.5 ל,החברה המרכזית להפצת משקאות בעמ,,,"י""ח",1.50,ליטר,false,1,7.40,4.73,false,1,
7290110115128,false,פריגת צלול בטעם לימונענע 1.5 ל,החברה המרכזית להפצת משקאות בעמ,,,"י""ח",1.50,ליטר,false,1,7.40,4.73,false,1,
7290110115180,false,נביעות 1.5 ליטר,החברה המרכזית להפצת משקאות בעמ,,,"י""ח",1.50,ליטר,false,1,2.70,1.60,false,1,
7290110115203,false,קוקה קולה 1.5 ליטר,החברה המרכזית להפצת משקאות בעמ,,,"י""ח",150,"ל  מ""ל",false,1,7.70,4.93,false,1,
7290110115210,false,דיאט קוקה קולה 1.5 ליטר,החברה המרכזית להפצת משקאות בעמ,,,"י""ח",1.50,ליטר,false,1,7.10,4.53,false,1,
7290110115227,false,קוקה קולה ZERO 1.5 ל,החברה המרכזית להפצת משקאות בעמ,,,"י""ח",1.50,ליטר,false,1,7.60,4.87,false,1,
7290110115241,false,קוקה קולה ZERO 1.5 ל לימון,החברה המרכזית להפצת משקאות בעמ,,,"י""ח",1.50,ליטר,false,1,7.40,4.73,false,1,
7290110115258,false,קוקה קולה ZERO 1.5 ל מנגו,החברה המרכזית להפצת משקאות בעמ,,,"י""ח",1.50,ליטר,false,1,7.10,4.53,false,1,
7290110115265,false,ספרייט 1.5ליטר,החברה המרכזית להפצת משקאות בעמ,,,"י""ח",1.50,ליטר,false,1,7.70,4.93,true,1,
7290110115272,false,ספרייט ZERO בק 1.5ליטר,החברה המרכזית להפצת משקאות בעמ,,,"י""ח",1.50,ליטר,false,1,7.70,4.93,true,1,
7290110115296,false,פאנטה 1.5 ליטר(אורנג  ),החברה המרכזית להפצת משקאות בעמ,,,"י""ח",1.50,ליטר,false,1,7.30,4.67,true,1,
7290110115302,false,פאנטה ZERO  אורנג` 1.5 ליטר,החברה המרכזית להפצת משקאות בעמ,,,"י""ח",1.50,ליטר,false,1,7.10,4.53,true,1,
7290110115319,false,פאנטה אקזוטי 1.5 ליטר,החברה המרכזית להפצת משקאות בעמ,,,"י""ח",1.50,ליטר,false,1,7.30,4.67,true,1,
7290110115333,false,פאנטה תות 1.5 ל.,החברה המרכזית להפצת משקאות בעמ,,,"י""ח",1.50,ליטר,false,1,7.30,4.67,true,1,
7290110115340,false,פאנטה ענבים 1.5ל,החברה המרכזית להפצת משקאות בעמ,,,"י""ח",1.50,ליטר,false,1,7.30,4.67,true,1,
7290110115357,false,סודה קינלי 1.5 ליטר,החברה המרכזית להפצת משקאות בעמ,,,"י""ח",1.50,ליטר,false,1,2.90,1.73,false,1,
7290110115364,false,קוקה קולה שישיות 1.5 ליטר.,החברה המרכזית להפצת משקאות בעמ,,,"י""ח",9,ליטר,false,1,42.60,4.57,false,1,
7290110115371,false,קוקה קולה דיאט שישיות 1.5 ליטר.,החברה המרכזית להפצת משקאות בעמ,,,"י""ח",9,ליטר,false,1,39.90,4.27,false,1,
7290110115388,false,ספרייט שישיות ליים 1.5 ליטר,החברה המרכזית להפצת משקאות בעמ,,,"י""ח",9,ליטר,false,1,42.60,4.57,false,1,
7290110115395,false,ספרייט ZERO שישיות 1.5 ליטר,החברה המרכזית להפצת משקאות בעמ,,,"י""ח",9,ליטר,false,1,40.10,4.29,false,1,
7290110115401,false,קינלי סודה שישיה 1.5ל,החברה המרכזית להפצת משקאות בעמ,,,"י""ח",9,ליטר,false,1,14.40,1.43,false,1,
7290110115418,false,קוקה קולה ZIRO 1.5 ל שישייה,החברה המרכזית להפצת משקאות בעמ,,,"י""ח",9,ליטר,false,1,40.90,4.38,false,1,
7290110115425,false,תה לימון נענע  1.5 FUZE-T,החברה המרכזית להפצת משקאות בעמ,,,"י""ח",1.50,ליטר,false,1,8.20,5.27,true,1,
7290110115449,false,תה מנגו אננס  1.5 FUZE-T,החברה המרכזית להפצת משקאות בעמ,,,"י""ח",1.50,ליטר,false,1,8.20,5.27,true,1,
7290110115456,false,תה אפרסק 19 קל` 1.5 FUZE-T,החברה המרכזית להפצת משקאות בעמ,,,"י""ח",1.50,ליטר,false,1,8.20,5.27,true,1,
7290110115463,false,תה אפרסק  1.5 FUZE-T,החברה המרכזית להפצת משקאות בעמ,,,"י""ח",1.50,ליטר,false,1,8.20,5.27,true,1,
7290110115494,false,תה דיאט ענבים 1.5 FUZE-T,החברה המרכזית להפצת משקאות בעמ,,,"י""ח",1.50,ליטר,false,1,8.20,5.27,true,1,
7290110115586,false,פריגת תפוזים 40% פחות סוכר 1.5 ליטר,החברה המרכזית להפצת משקאות בעמ,,,"י""ח",1.50,ליטר,false,1,7.70,4.93,false,1,
7290110115593,false,פריגת אשכולית 40% פחות סוכר 1.5 ליטר,החברה המרכזית להפצת משקאות בעמ,,,"י""ח",1.50,ליטר,false,1,7.70,4.93,false,1,
7290110115623,false,תה אפרסק  1.5 FUZE-T zero,החברה המרכזית להפצת משקאות בעמ,,,"י""ח",1.50,ליטר,false,1,7.70,4.93,true,1,
7290110116064,false,פאנטה ZERO פירות ירוק 1.5 ליטר,החברה המרכזית להפצת משקאות בעמ,,,"י""ח",1.50,ליטר,false,1,7.30,4.67,true,1,
7290110116132,false,"סירופ טעם לימון 750מ""ל",החברה המרכזית להפצת משקאות בעמ,,,"י""ח",750,"ל  מ""ל",false,1,20.20,2.69,true,1,
7290110116149,false,"סירופ טעם ענבים 750מ""ל",החברה המרכזית להפצת משקאות בעמ,,,"י""ח",750,"ל  מ""ל",false,1,20.20,2.69,true,1,
7290110116194,false,נביעות רכיבי פרי לימון ליים 0% 1.5ליטר,החברה המרכזית להפצת משקאות בעמ,,,"י""ח",1.50,ליטר,false,1,8.20,5.27,false,1,
7290110116323,false,קוקה קולה ZERO שישיות 1.5 ליטר. חג שמח,החברה המרכזית להפצת משקאות בעמ,,,"י""ח",9,ליטר,false,1,39.90,4.27,false,1,
7290110116385,false,פחית סטפאני מרשמלו זירו אבטיח תות  סליק,החברה המרכזית להפצת משקאות בעמ,,,"י""ח",330,"ל  מ""ל",false,1,3.90,1.09,true,1,
7290110116392,false,"סירופ טעם תפוזים 750מ""ל",החברה המרכזית להפצת משקאות בעמ,,,"י""ח",750,"ל  מ""ל",false,1,20.20,2.69,true,1,
7290110116552,false,ספרייט 1.5ליטר Lemon hit,החברה המרכזית להפצת משקאות בעמ,,,"י""ח",1.50,ליטר,false,1,7.70,4.93,true,1,
7290110116569,false,ספרייט ZERO בק 1.5ליטר Lemon hit,החברה המרכזית להפצת משקאות בעמ,,,"י""ח",1.50,ליטר,false,1,7.70,4.93,true,1,
7290110116576,false,"ספרייט 500 מ""ל בקבוק ZERO Lemon hit",החברה המרכזית להפצת משקאות בעמ,,,"י""ח",500,"ל  מ""ל",false,1,4.80,0.90,true,1,
7290110320591,false,בולגרית מועדנת פיראוס 16% 250גר,תנובה בעמ ***,,,"י""ח",250,ל  גרם,false,1,18.70,7.48,false,1,
7290110320850,false,פתיתי עמק 28% שומן 200ג,תנובה בעמ ***,,,"י""ח",200,ל  גרם,false,1,12.70,6.35,false,1,
7290110320867,false,פתיתי עמק למאפים 28% שומן 500ג,תנובה בעמ ***,,,"י""ח",500,ל  גרם,false,1,32.40,6.48,true,1,
7290110321031,false,יופלה GO 200ג,תנובה בעמ ***,,,"י""ח",200,ל  גרם,false,1,5,2.50,true,1,
7290110321284,false,קוטג  9% תנובה 100 גרם מהדרין,תנובה בעמ ***,,,"י""ח",100,ל  גרם,false,1,2.10,2.10,false,1,
7290110321604,false,בולגרית קוביות+תערובת לסלט  232ג,תנובה בעמ ***,,,"י""ח",232,ל  גרם,false,1,18.70,8.06,false,1,
7290110321680,false,יופלה תות  GO 200ג,תנובה בעמ ***,,,"י""ח",200,ל  גרם,false,1,5,2.50,true,1,
7290110322014,false,טופו טבעי 300ג,תנובה בעמ ***,,,"י""ח",300,ל  גרם,false,1,10.20,3.40,true,1,
7290110323073,false,משקה יוגורט מעושר עם תות ופטל 1%,תנובה בעמ ***,,,"י""ח",250,"ל  מ""ל",false,1,5.40,2.16,false,1,
7290110323585,false,יופלה דודבן  GO 200ג.,תנובה בעמ ***,,,"י""ח",200,ל  גרם,false,1,5,2.50,true,1,
7290110323714,false,משקה קוקוס שקדים 1ל,תנובה בעמ ***,,,"י""ח",1,ליטר,false,1,11,11,true,1,
7290110324551,false,יופלה טיוב יוגורט  תות   348ג,תנובה בעמ ***,,,"י""ח",348,"ל  מ""ל",false,1,10.40,2.99,false,1,
7290110324872,false,גלבוע  5% שומן 200ג,תנובה בעמ ***,,,"י""ח",200,ל  גרם,false,1,15.30,7.65,false,1,
7290110325084,false,מאגדת שמינייה מיני קרלו שונל,תנובה בעמ ***,,,"י""ח",800,"ל  מ""ל",false,1,12.90,1.61,false,1,
7290110325114,false,משקה יוגורט גו לייט תות בננה,תנובה בעמ ***,,,"י""ח",250,"ל  מ""ל",false,1,5.20,2.08,false,1,
7290110325169,false,גאודה פרוסות 170ג,תנובה בעמ ***,,,"י""ח",170,ל  גרם,false,1,17,10,false,1,
7290110325619,false,משקה ש.שועל  טרי 1ל תנובה,תנובה בעמ ***,,,"י""ח",1,ליטר,false,1,11,11,true,1,
7290110325893,false,"משקה גו  אייס  קפה 340מ""ל",תנובה בעמ ***,,,"י""ח",340,"ל  מ""ל",false,1,7,2.06,false,1,
7290110326210,false,און טופ יופלה פצפוצים 157ג,תנובה בעמ ***,,,"י""ח",150,"ל  מ""ל",false,1,4.30,2.87,true,1,
7290110326333,false,גבינה פרוסות סקנדינבית 175ג,תנובה בעמ ***,,,"י""ח",175,ל  גרם,false,1,15.30,8.74,false,1,
7290110327514,false,משקה ש.שועל אגוזי לוז  טרי 1ל תנובה,תנובה בעמ ***,,,"י""ח",1,ליטר,false,1,11,11,true,1,
7290110328016,false,משקה סויה מ. בחלבון אגוזי לוז 250ג,תנובה בעמ ***,,,"י""ח",0.25,ליטר,false,1,5,20,false,1,
7290110328504,false,טריו מיקס גבינות 300ג,תנובה בעמ ***,,,"י""ח",300,ל  גרם,false,1,21.30,7.10,false,1,
7290110328627,false,יוגורט גו סמיך 0% בננה קרמל,תנובה בעמ ***,,,"י""ח",200,"ל  מ""ל",false,1,5,2.50,true,1,
7290110328641,false,טופו טבעי 500ג 2*250ג,תנובה בעמ ***,,,"י""ח",500,ל  גרם,false,1,15.30,3.06,false,1,
7290110328764,false,יוגורט גו סמיך 0% תות,תנובה בעמ ***,,,"י""ח",200,"ל  מ""ל",false,1,5,2.50,true,1,
7290110328771,false,יוגורט גו סמיך 0% פ.יער,תנובה בעמ ***,,,"י""ח",200,"ל  מ""ל",false,1,5,2.50,true,1,
7290110328788,false,יוגורט גו סמיך 0% אפרסק,תנובה בעמ ***,,,"י""ח",200,"ל  מ""ל",false,1,5,2.50,true,1,
7290110329136,false,מעדן חלב גו טעם שוקולד 120ג  12ג חלבון,תנובה בעמ ***,,,"י""ח",120,"ל  מ""ל",false,1,4.40,3.67,false,1,
7290110329143,false,מעדן חלב גו טעם וניל 120ג עם 12ג חלבון,תנובה בעמ ***,,,"י""ח",120,"ל  מ""ל",false,1,4.40,3.67,false,1,
7290110329686,false,"משקה גו  טעם עוגיות  340מ""ל",תנובה בעמ ***,,,"י""ח",340,"ל  מ""ל",false,1,6.40,1.88,false,1,
7290110329792,false,יוגורט סויה ביו אפרסק  150ג,תנובה בעמ ***,,,"י""ח",150,"ל  מ""ל",false,1,3.90,2.60,false,1,
7290110329808,false,יוגורט סויה ביו תות  150ג,תנובה בעמ ***,,,"י""ח",150,"ל  מ""ל",false,1,3.90,2.60,false,1,
7290110329822,false,יוגורט סויה ביו פירות יער 150ג,תנובה בעמ ***,,,"י""ח",150,"ל  מ""ל",false,1,3.90,2.60,false,1,
7290110550219,false,מטבעות שוקולד לבן לאפיה 400גר,"שטראוס גרופ בע""מ",,,"י""ח",400,ל  גרם,false,1,25.60,6.40,true,1,
7290110550226,false,מטבעות שוקולד מריר לאפיה 400גר,"שטראוס גרופ בע""מ",,,"י""ח",400,ל  גרם,false,1,25.60,6.40,true,1,
7290110550363,false,פריכיות משולשות קינואה ומלח ים 65גר,"שטראוס גרופ בע""מ",,,"י""ח",65,ל  גרם,false,1,8.10,12.46,true,1,
7290110550370,false,פריכיות משולשות קינואה ופלפל שחור 65גר,"שטראוס גרופ בע""מ",,,"י""ח",65,ל  גרם,false,1,8.10,12.46,true,1,
7290110552121,false,היוגורט הראשון שלי  100גר,"שטראוס גרופ ***בע""מ",,,"י""ח",100,"ל  מ""ל",false,1,2,2,true,1,
7290110552220,false,דנונה פרו 20גר ללא סוכר טעם תות,"שטראוס גרופ ***בע""מ",,,"י""ח",20,"ל  מ""ל",false,1,5,25,true,1,
7290110552237,false,דנונה פרו 20גר ללא סוכר טעם אפרסק מנגו,"שטראוס גרופ ***בע""מ",,,"י""ח",20,"ל  מ""ל",false,1,5,25,true,1,
7290110553098,false,מארז אנרג`י  מיקס צימוקים אגוזים 100גר,"שטראוס גרופ בע""מ",,,"י""ח",100,ל  גרם,false,1,13.60,13.60,true,1,
7290110553104,false,קפוצינו סטיק קלאסי 130גר,"שטראוס גרופ בע""מ",,,"י""ח",130,ל  גרם,false,1,14.40,11.08,true,1,
7290110553135,false,קפוצינו סטיק וניל 130גר,"שטראוס גרופ בע""מ",,,"י""ח",130,ל  גרם,false,1,14.40,11.08,true,1,
7290110553173,false,פריכיות אנרג`י בטעם קרמל 40גר,"שטראוס גרופ בע""מ",,,"י""ח",40,ל  גרם,false,1,5.90,14.75,true,1,
7290110553180,false,פריכיות אנרג`י בטעם תפוח קינמון 40גר,"שטראוס גרופ בע""מ",,,"י""ח",40,ל  גרם,false,1,5.90,14.75,true,1,
7290110553340,false,אייס נמס מילקשייק מלבי 200 ג,"שטראוס גרופ בע""מ",,,"י""ח",200,ל  גרם,false,1,17,8.50,true,1,
7290110553425,false,111,"שטראוס גרופ בע""מ",,,"י""ח",200,"ל  מ""ל",false,1,17,8.50,true,1,
7290110553623,false,ציטוס קראנץ צ`דר חלפיניו 80ג.,"שטראוס פריטו ליי בע""מ",,,"י""ח",80,ל  גרם,false,1,3.60,4.50,true,1,
7290110554101,false,"מייפל בפאוץ` 125מ""ל","שטראוס גרופ בע""מ",,,"י""ח",125,"ל  מ""ל",false,1,15.30,12.24,true,1,
7290110554262,false,חלבית 350 גרם]עלית[חלבי,"שטראוס גרופ בע""מ",,,"י""ח",350,ל  גרם,false,1,18.70,5.34,true,1,
7290110554422,false,רוטב עגבניות ופלפלים לשקשוקה  350גר,"שטראוס גרופ בע""מ",,,"י""ח",350,ל  גרם,false,1,10.20,2.91,true,1,
7290110554545,false,קפסולות אספרסו לאפוגטו טעם קוקוס,"שטראוס גרופ בע""מ",,,"י""ח",50,ל  גרם,false,1,16.20,32.40,true,1,
7290110554699,false,קפסולות קפה יוניקו למכונת NESPRESSO.,"שטראוס גרופ בע""מ",,,"י""ח",50,ל  גרם,false,1,17,34,true,1,
7290110554712,false,קפסולות קפה יוניקו למכונת NESPRESSO.,"שטראוס גרופ בע""מ",,,"י""ח",50,ל  גרם,false,1,17,34,true,1,
7290110554729,false,"קפסולות אספרסו 04 כשל""פ","שטראוס גרופ בע""מ",,,"י""ח",50,ל  גרם,false,1,16.20,32.40,true,1,
7290110554798,false,פולי אספרסו  עשירים וארומטיים 250גר}08,"שטראוס גרופ בע""מ",,,"י""ח",250,ל  גרם,false,1,18.70,7.48,true,1,
7290110555009,false,פסאטה זוגות 700גר,"שטראוס גרופ בע""מ",,,"י""ח",700,ל  גרם,false,1,10.20,1.46,true,1,
7290110555306,false,רבע לשבע טבעוני סינמון באן 125גר`,"שטראוס גרופ בע""מ",,,"י""ח",125,ל  גרם,false,1,11,8.80,true,1,
7290110555368,false,רבע לשבע טבעוני מרשמלו  125גר`,"שטראוס גרופ בע""מ",,,"י""ח",125,ל  גרם,false,1,11,8.80,true,1,
7290110555665,false,קקאו דל שומן קופסא 220 גרם עלית,"שטראוס גרופ בע""מ",,,"י""ח",220,ל  גרם,false,1,17,7.73,true,1,
7290110556242,false,"שוקולד מריר פרווה בד""ץ 100 ג עלית","שטראוס גרופ בע""מ",,,"י""ח",100,ל  גרם,false,1,4.80,4.80,true,1,
7290110557027,false,חומוס הסדרה 50% טחינה 400ג,"שטראוס גרופ ***בע""מ",,,"י""ח",400,ל  גרם,false,1,11,2.75,true,1,
7290110557102,false,מעדן חלב עם שוקולד מועשר בחלבון 150גר,"שטראוס גרופ ***בע""מ",,,"י""ח",130,ל  גרם,false,1,4.30,3.31,true,1,
7290110557133,false,מעדן הגולן וניל בודד 125גר,"שטראוס גרופ ***בע""מ",,,"י""ח",125,ל  גרם,false,1,2.50,2,true,1,
7290110557317,false,"היוגורט הראשון שלי ש""ש 100גר","שטראוס גרופ ***בע""מ",,,"י""ח",100,"ל  מ""ל",false,1,2,2,true,1,
7290110557478,false,חומוס גלילי 600גר שטראוס,"שטראוס גרופ ***בע""מ",,,"י""ח",600,ל  גרם,false,1,10.20,1.70,true,1,
7290110558154,false,דנונה לייט אנד פריי טעם עוגת תפוחים,"שטראוס גרופ ***בע""מ",,,"י""ח",150,"ל  מ""ל",false,1,3.90,2.60,true,1,
7290110558222,false,דנונה WOW בנופי 2.4%  150גר,"שטראוס גרופ ***בע""מ",,,"י""ח",150,"ל  מ""ל",false,1,3.90,2.60,true,1,
7290110558239,false,דנונה WOW קראק פאי 2.4%  150גר,"שטראוס גרופ ***בע""מ",,,"י""ח",150,"ל  מ""ל",false,1,3.90,2.60,true,1,
7290110558253,false,משקה דנונה ריפרש בננה אננס 250גר,"שטראוס גרופ ***בע""מ",,,"י""ח",250,"ל  מ""ל",false,1,4.70,1.88,true,1,
7290110558284,false,דנונה ביו מולטי 200גר,"שטראוס גרופ ***בע""מ",,,"י""ח",200,"ל  מ""ל",false,1,3.60,1.80,true,1,
7290110558314,false,דנונה פרו 20גר ללא סוכר פיסטוק,"שטראוס גרופ ***בע""מ",,,"י""ח",20,"ל  מ""ל",false,1,5,25,true,1,
7290110558420,false,אלפרו משקה שיבולת שועל בקירור 1ליטר,"שטראוס גרופ ***בע""מ",,,"י""ח",1,ליטר,false,1,11.90,11.90,true,1,
7290110558437,false,אלפרו משקה שקדים בקירור 1ליטר,"שטראוס גרופ ***בע""מ",,,"י""ח",1,ליטר,false,1,11.90,11.90,true,1,
7290110558741,false,גמדים פאוץ תפוח בננה 100ג,"שטראוס גרופ ***בע""מ",,,"י""ח",100,ל  גרם,false,1,5,5,true,1,
7290110558918,false,עלי חסה קראנצ`י שטופים 150גר שטראוס,"שטראוס גרופ ***בע""מ",,,"י""ח",150,ל  גרם,false,1,10.20,6.80,true,1,
7290110559007,false,שועועית חומה 380גרם טעם הטבע קופסה,"שטראוס גרופ בע""מ",,,"י""ח",380,ל  גרם,false,1,5.90,1.55,true,1,
7290110559014,false,שועועית שחורה 380גרם טעם הטבע קופסה,"שטראוס גרופ בע""מ",,,"י""ח",380,ל  גרם,false,1,5.90,1.55,true,1,
7290110559755,false,ריל מאגדת בוטנים פיסטוק וחמוציות,"שטראוס גרופ בע""מ",,,"י""ח",105,ל  גרם,false,1,13.60,12.95,true,1,
7290110559762,false,ריל מאגדת אגוזים תמרים קוקוס,"שטראוס גרופ בע""מ",,,"י""ח",105,ל  גרם,false,1,13.60,12.95,true,1,
7290110560300,false,פריכיות המשולשות פלפל שחור 30גר,"שטראוס גרופ בע""מ",,,"י""ח",30,ל  גרם,false,1,4.30,14.33,true,1,
7290110560317,false,פריכיות המשולשות מלח ים 30גר,"שטראוס גרופ בע""מ",,,"י""ח",30,ל  גרם,false,1,4.30,14.33,true,1,
7290110560324,false,פריכיות המשולשות אפונה ירוקה 30גר,"שטראוס גרופ בע""מ",,,"י""ח",30,ל  גרם,false,1,4.30,14.33,true,1,
7290110561352,false,דנונה דל לקטוז 200גר,"שטראוס גרופ ***בע""מ",,,"י""ח",200,"ל  מ""ל",false,1,3,1.50,true,1,
7290110561604,false,מארז גמדים תות בננה שמינייה,"שטראוס גרופ ***בע""מ",,,"י""ח",800,ל  גרם,false,1,15.30,1.91,true,1,
7290110563431,false,משקה קפה קר בסגנון קלאסי 1.6%230גר,"שטראוס גרופ ***בע""מ",,,"י""ח",230,"ל  מ""ל",false,1,6.80,2.96,true,1,
7290110563448,false,משקה קפה קר בסגנון מעודן 1.6%230גר,"שטראוס גרופ ***בע""מ",,,"י""ח",230,"ל  מ""ל",false,1,6.80,2.96,true,1,
7290110563462,false,חלב נטול לקטוז 2% בקבוק 1ליטר,"שטראוס גרופ ***בע""מ",,,"י""ח",1,ליטר,false,1,7.60,7.60,true,1,
7290110563820,false,"סלק מבושל 1ק""ג ירקות שטראוס","שטראוס גרופ ***בע""מ",,,"י""ח",1,"ק""ג",false,1,11,11,true,1,
7290110564339,false,חומוס עשיר ב% -30טחינה 400גר`,"שטראוס גרופ ***בע""מ",,,"י""ח",400,ל  גרם,false,1,11,2.75,true,1,
7290110564360,false,חומוס עשיר ב% -40טחינה 400גר`,"שטראוס גרופ ***בע""מ",,,"י""ח",400,ל  גרם,false,1,11,2.75,true,1,
7290110564742,false,משקה קפה קר בסגנון חזק 1.2%230גר,"שטראוס גרופ ***בע""מ",,,"י""ח",230,"ל  מ""ל",false,1,6.80,2.96,true,1,
7290110564919,false,"דנונה מתיקות מעודנת לל""ס וממתיק 150גר","שטראוס גרופ ***בע""מ",,,"י""ח",150,ל  גרם,false,1,3,2,true,1,
7290110565435,false,לימבו פטל 125גרם,"שטראוס גרופ ***בע""מ",,,"י""ח",125,ל  גרם,false,1,1.80,1.44,true,1,
7290110565527,false,דנונה פרו 20גר חלבון,"שטראוס גרופ ***בע""מ",,,"י""ח",20,"ל  מ""ל",false,1,5,25,true,1,
7290110566623,false,קפסולות קולומביה 08 למכונת נספרסו,"שטראוס גרופ בע""מ",,,"י""ח",50,ל  גרם,false,1,16.20,32.40,true,1,
7290110566975,false,דנונה פרו 20גר  תות,"שטראוס גרופ ***בע""מ",,,"י""ח",20,"ל  מ""ל",false,1,5,25,true,1,
7290110568238,false,"קצפת צמחית 21% שומן 250מ""ל","שטראוס גרופ ***בע""מ",,,"י""ח",250,"ל  מ""ל",false,1,6.80,2.72,true,1,
7290110568276,false,"משקה יוטבתה פרו וניל לשתיה  350מ""ל","שטראוס גרופ ***בע""מ",,,"י""ח",350,ל  גרם,false,1,5.60,1.60,true,1,
7290110570224,false,"משקה קפה קר בטעם עוגיות 230מ""ל","שטראוס גרופ ***בע""מ",,,"י""ח",230,"ל  מ""ל",false,1,6.80,2.96,true,1,
7290110570897,false,"פולי אספרסו  עשירים וארומטיים 1ק""ג 14","שטראוס גרופ בע""מ",,,"י""ח",1,"ק""ג",false,1,64,64,true,1,
7290110571184,false,עדשים חומות 380גרם טעם הטבע קופסה,"שטראוס גרופ בע""מ",,,"י""ח",380,ל  גרם,false,1,5.90,1.55,true,1,
7290110571382,false,מעדן חלב טעם וניל מועשר בחלבון 150גר,"שטראוס גרופ ***בע""מ",,,"י""ח",130,ל  גרם,false,1,4.30,3.31,true,1,
7290110571405,false,מיני פינוקיות בגביע פסק זמן 180גר,"שטראוס גרופ בע""מ",,,"י""ח",200,ל  גרם,false,1,9.30,4.65,true,1,
7290110571412,false,מיני פינוקיות  בגביעפטדג`180גר,"שטראוס גרופ בע""מ",,,"י""ח",200,ל  גרם,false,1,9.30,4.65,true,1,
7290110571535,false,מארז טורקי הל 3*100גר.,"שטראוס גרופ בע""מ",,,"י""ח",300,ל  גרם,false,1,23,7.67,true,1,
7290110572129,false,כיף כף מקלות שוקולד לבן 40גר,"שטראוס גרופ בע""מ",,,"י""ח",40,ל  גרם,false,1,4.10,10.25,true,1,
7290110572884,false,"קפסולות אספרסו חזק עלית 14יח כשל""פ","שטראוס גרופ בע""מ",,,"י""ח",50,ל  גרם,false,1,16.20,32.40,true,1,
7290110572969,false,כיף כף פיצפוצים קרם לבן 40גר,"שטראוס גרופ בע""מ",,,"י""ח",40,ל  גרם,false,1,4.20,10.50,true,1,
7290110576318,false,מאגדת שלישיית אגוז לבן 3*100גר,"שטראוס גרופ בע""מ",,,"י""ח",112,ל  גרם,false,1,22.10,19.73,true,1,
7290110576356,false,ספלנדיד שוקולד מריר פרו 64%,"שטראוס גרופ בע""מ",,,"י""ח",105,ל  גרם,false,1,7.60,7.24,true,1,
7290110576363,false,ספלנדיד שוקולד מריר אוגנדה 80%,"שטראוס גרופ בע""מ",,,"י""ח",105,ל  גרם,false,1,7.60,7.24,true,1,
7290110576370,false,מאגדת שלישיית אגוז מריר 3*100גר,"שטראוס גרופ בע""מ",,,"י""ח",112,ל  גרם,false,1,22.10,19.73,true,1,
7290110576387,false,מאגדת שלישיית אגוז חלב 3*100גר,"שטראוס גרופ בע""מ",,,"י""ח",112,ל  גרם,false,1,22.10,19.73,true,1,
7290110576752,false,שוקולד ספלנדיד מריר 70%,"שטראוס גרופ בע""מ",,,"י""ח",100,ל  גרם,false,1,8.70,8.70,true,1,
7290110576776,false,שוקולד ספלנדיד מריר 85%,"שטראוס גרופ בע""מ",,,"י""ח",100,ל  גרם,false,1,8.70,8.70,true,1,
7290110576868,false,גמדים רביעיית טעם סלט פירות,"שטראוס גרופ ***בע""מ",,,"י""ח",400,"ל  מ""ל",false,1,9.30,2.33,true,1,
7290110577711,false,שייק חלבון מי גבינה עם אפרסק ומנגו 350גר,"שטראוס גרופ ***בע""מ",,,"י""ח",350,ל  גרם,false,1,6.40,1.83,true,1,
7290110577728,false,שייק חלבון מי גבינה עם פירות יער 350גר,"שטראוס גרופ ***בע""מ",,,"י""ח",350,ל  גרם,false,1,6.40,1.83,true,1,
7290111093470,false,קוויק מסיר הפלא ספוגית להסרת כתמים,שקד תבל בעמ,,,"י""ח",3,"י""ח",false,1,9.30,3.10,true,1,
7290111093760,false,קוויק מגבונים לניקוי רצפה בניחוח מרכך .,שקד תבל בעמ,,,"י""ח",1,"י""ח",false,1,10.20,10.20,true,1,
7290111093982,false,"דר עור ת.רחצה פסיפלורה  700מ""ל",שקד תבל בעמ,,,"י""ח",700,ל  גרם,false,1,12.70,1.81,true,1,
7290111094651,false,קוויק שקיות אשפה L עם ידית 40יח,שקד תבל בעמ,,,"י""ח",1,"י""ח",false,1,11,11,true,1,
7290111340178,false,מטליות לחות לניקוי כללי בניחוח מרכך,קימברלי קלארק ישראל שיווק בעמ,,,"י""ח",100,ל  גרם,false,1,10.20,10.20,false,1,
7290111341373,false,נייר טואלט לילי פסטל 30ג,קימברלי קלארק ישראל שיווק בעמ,,,"י""ח",30,"י""ח",false,1,29,0.97,false,1,
7290111341434,false,דיפנד  תחבושת נורמל אקטיב נשים.,קימברלי קלארק ישראל שיווק בעמ,,,"י""ח",1,,false,1,17.90,17.90,true,1,
7290111341984,false,נייר טואלט לילי לחים מארז רביעיה,קימברלי קלארק ישראל שיווק בעמ,,,"י""ח",117,ל  גרם,false,1,21.30,18.21,true,1,
7290111342004,false,לילי לח קידס 56 דפים.,קימברלי קלארק ישראל שיווק בעמ,,,"י""ח",3,"י""ח",false,1,7.60,2.53,false,1,
7290111342042,false,"כריות יפניות אנטיבקטראליות כשל""פ",קימברלי קלארק ישראל שיווק בעמ,,,"י""ח",1,"י""ח",false,1,11.90,11.90,true,1,
7290111343841,false,ספוגית הקסם נירוסטה 3יח,קימברלי קלארק ישראל שיווק בעמ,,,"י""ח",3,"י""ח",false,1,8.60,2.87,false,1,
7290111344091,false,מטליות לחות  לניקוי וחיטוי טו גו,קימברלי קלארק ישראל שיווק בעמ,,,"י""ח",15,"י""ח",false,1,10.20,0.68,false,1,
7290111344145,false,מטליות מיקרופייבר רצפה זוג,קימברלי קלארק ישראל שיווק בעמ,,,"י""ח",100,ל  גרם,false,1,25.60,25.60,false,1,
7290111344206,false,מגבוני האגיס קמומיל 4 יח,קימברלי קלארק ישראל שיווק בעמ,,,"י""ח",4,"י""ח",false,1,17,4.25,true,1,
7290111344527,false,שקיות אשפה  ענקיות ניקול 20יח.,קימברלי קלארק ישראל שיווק בעמ,,,"י""ח",20,"י""ח",false,1,21.30,1.07,true,1,
7290111344565,false,שקיות זיפר מארז משולב ניקול,קימברלי קלארק ישראל שיווק בעמ,,,"י""ח",1,"י""ח",false,1,11.90,11.90,true,1,
7290111344701,false,שקיות אוכל סנדוויצון מהדורה מיניונים 2,קימברלי קלארק ישראל שיווק בעמ,,,"י""ח",250,"י""ח",false,1,11,0.04,false,1,
7290111344824,false,מגני תחתון קוטקס לארג,קימברלי קלארק ישראל שיווק בעמ,,,"י""ח",1,"י""ח",false,1,19.60,19.60,true,1,
7290111344831,false,מגני תחתון קוטקס אקסטרא נורמל,קימברלי קלארק ישראל שיווק בעמ,,,"י""ח",1,"י""ח",false,1,19.60,19.60,true,1,
7290111345050,false,כרית מיקרופייבר דו צדדית לניקוי עדין,קימברלי קלארק ישראל שיווק בעמ,,,"י""ח",10,"י""ח",false,1,11,1.10,false,1,
7290111345722,false,שקיות לשמירת הטריות,קימברלי קלארק ישראל שיווק בעמ,,,"י""ח",2,"י""ח",false,1,13.60,6.80,true,1,
7290111345777,false,תחבושת קוטקס כותנה לילה 16יח,קימברלי קלארק ישראל שיווק בעמ,,,"י""ח",1,,false,1,17,17,true,1,
7290111346347,false,קלינקס אוריגינל חמישייה,קימברלי קלארק ישראל שיווק בעמ,,,"י""ח",5,"י""ח",false,1,13.60,2.72,true,1,
7290111350092,false,המיטב של לואקר,ליימן שליסל,,,"י""ח",1,"י""ח",false,1,21.30,21.30,false,1,
7290111350665,false,דבש לחיץ קליית גת 350ג,ליימן שליסל,,,"י""ח",350,"ל  מ""ל",false,1,19.60,5.60,false,1,
7290111350719,false,כלנאצוס מסעדות  322ג,ליימן שליסל,,,"י""ח",323,ל  גרם,false,1,13.60,4.21,true,1,
7290111351334,false,תמרים יבשים מג הול 650ג קלית גת,ליימן שליסל,,,"י""ח",650,ל  גרם,false,1,20.90,3.22,true,1,
7290111352430,false,ממרח תמרים קליית גת 440ג טבעי,ליימן שליסל,,,"י""ח",440,ל  גרם,false,1,10.20,2.32,false,1,
7290111352508,false,סילאן טבעי לחיץ 840ג,ליימן שליסל,,,"י""ח",840,ל  גרם,false,1,19.60,2.33,true,1,
7290111353055,false,חיספוסים גומי דובונים  200ג.,ליימן שליסל,,,"י""ח",200,ל  גרם,false,1,8.50,4.25,false,1,
7290111353109,false,חיספוסים גומי נחשים מבריק 200ג.,ליימן שליסל,,,"י""ח",200,ל  גרם,false,1,8.50,4.25,false,1,
7290111353482,false,סוכריות חמוצות ממולאות טעם פירות 200ג,ליימן שליסל,,,"י""ח",200,ל  גרם,false,1,6.80,3.40,false,1,
7290111354236,false,"טורטיה גודל 25ס""מ מקמח חיטה",ליימן שליסל,,,"י""ח",1,,false,1,8.50,8.50,false,1,
7290111354243,false,"טורטיה גודל 30ס""מ מקמח חיטה",ליימן שליסל,,,"י""ח",1,,false,1,10.20,10.20,false,1,
7290111354281,false,יוגטה שטיח חמוץ חצי מטר תותי פרוטי,ליימן שליסל,,,"י""ח",100,ל  גרם,false,1,0.90,0.90,false,1,
7290111563492,false,מטבוחה חריפה מרובע צבר  400גר,קבוצת אוסם סחר-שות.מוגבלת,,,"י""ח",400,ל  גרם,false,1,10.90,2.73,true,1,
7290111564239,false,מאגדת מיני קראנץ וניל 5*55ג,נגה גלידות,,,"י""ח",275,ל  גרם,false,1,23,8.36,false,1,
7290111564277,false,פיטנס פריכיות 3 דגנים דקות 120גר,קבוצת אוסם סחר-שות.מוגבלת,,,"י""ח",120,ל  גרם,false,1,10.20,8.50,true,1,
7290111565038,false,.לה קרמריה וניל קוקילידה  1.4 ליטר,נגה גלידות,,,"י""ח",1.40,ליטר,false,1,16.20,11.57,false,1,
7290111566103,false,טבעול פלאפל מרכיבים ביתיים 590גר,קבוצת אוסם סחר-שות.מוגבלת,,,"י""ח",590,ל  גרם,false,1,32.40,5.49,true,1,
7290111566240,false,טבעול שניצל דק בטעם צ ילי חריף 564גר,קבוצת אוסם סחר-שות.מוגבלת,,,"י""ח",564,ל  גרם,false,1,32.40,5.74,true,1,
7290111566271,false,טבעול חטיפי תירס 657גר,קבוצת אוסם סחר-שות.מוגבלת,,,"י""ח",657,ל  גרם,false,1,32.40,4.93,true,1,
7290111566318,false,טבעול שניצל דק מן הצומח 564גר,קבוצת אוסם סחר-שות.מוגבלת,,,"י""ח",564,ל  גרם,false,1,32.40,5.74,true,1,
7290111566332,false,טבעול נקניקיות וינר צמחוניות 680גר,קבוצת אוסם סחר-שות.מוגבלת,,,"י""ח",680,ל  גרם,false,1,32.40,4.76,true,1,
7290111566547,false,טבעול חזה בגריל צמחי 560גר,קבוצת אוסם סחר-שות.מוגבלת,,,"י""ח",560,ל  גרם,false,1,32.40,5.79,true,1,
7290111566561,false,טבעול שניצל ברוקולי 99 קלוריות 560 גרם,קבוצת אוסם סחר-שות.מוגבלת,,,"י""ח",560,ל  גרם,false,1,32.40,5.79,true,1,
7290111566691,false,טבעול שניצל תרד 99 קלוריות 560גר,קבוצת אוסם סחר-שות.מוגבלת,,,"י""ח",560,ל  גרם,false,1,32.40,5.79,true,1,
7290111566714,false,טבעול המבורגר צמחוני 99קלוריות 600 גרם,קבוצת אוסם סחר-שות.מוגבלת,,,"י""ח",600,ל  גרם,false,1,32.40,5.40,true,1,
7290111566752,false,טבעול שניצל תירס 99 קלוריות 693 ג,קבוצת אוסם סחר-שות.מוגבלת,,,"י""ח",693,ל  גרם,false,1,32.40,4.68,true,1,
7290111566776,false,טבעול נקניקיות קוקטייל צמחוניות 680גר,קבוצת אוסם סחר-שות.מוגבלת,,,"י""ח",680,ל  גרם,false,1,32.40,4.76,true,1,
7290111568206,false,ביסלי פארטי מיקס 150ג,קבוצת אוסם סחר-שות.מוגבלת,,,"י""ח",150,ל  גרם,false,1,7.60,5.07,true,1,
7290111568961,false,בייגלה טבעות מלוחים 400גרם,קבוצת אוסם סחר-שות.מוגבלת,,,"י""ח",400,ל  גרם,false,1,9.30,2.33,false,1,
7290111872990,false,נרות גמבו מאןיירים פי ג`יי,שמחה זה אנחנו,,,"י""ח",1,,false,1,6,6,false,1,
7290111930799,false,קראנצ וס בצל  55ג חדש,ש.שסטוביץ בעמ,,,"י""ח",55,ל  גרם,false,1,2.50,4.55,true,1,
7290111930805,false,קראנצ וס ברביקיו  55ג חדש,ש.שסטוביץ בעמ,,,"י""ח",55,ל  גרם,false,1,2.50,4.55,true,1,
7290111930850,false,קראנצ וס פיצה  55ג חדש,ש.שסטוביץ בעמ,,,"י""ח",55,ל  גרם,false,1,2.50,4.55,true,1,
7290111930898,false,פוף כוכבים גריל  40ג,ש.שסטוביץ בעמ,,,"י""ח",40,ל  גרם,false,1,3.30,8.25,true,1,
7290111930904,false,פוף כוכבים בצל  40ג,ש.שסטוביץ בעמ,,,"י""ח",40,ל  גרם,false,1,3.30,8.25,true,1,
7290111930911,false,פוף לבבות קלאסי 40ג,ש.שסטוביץ בעמ,,,"י""ח",40,ל  גרם,false,1,3.30,8.25,true,1,
7290111930928,false,פוף לבבות גריל  40ג,ש.שסטוביץ בעמ,,,"י""ח",40,ל  גרם,false,1,3.30,8.25,true,1,
7290111930935,false,פוף טבעות קלאסי  40ג,ש.שסטוביץ בעמ,,,"י""ח",40,ל  גרם,false,1,3.30,8.25,true,1,
7290111931321,false,"קולגייט סילדים  מיניונים  50מ""ל",ש.שסטוביץ בעמ,,,"י""ח",50,ל  גרם,false,1,10.20,20.40,false,1,
7290111931338,false,"פלמוליב סבון לומינוס תאנה 500מ""ל.",ש.שסטוביץ בעמ,,,"י""ח",500,"ל  מ""ל",false,1,13.60,2.72,true,1,
7290111932380,false,"מרידול משחת שיניים זוג  75מ""ל.",ש.שסטוביץ בעמ,,,"י""ח",1.50,ליטר,false,1,25.60,17.07,false,1,
7290111933462,false,"מאסטר שף רוטב צילי מתוק 300מ""ל",ש.שסטוביץ בעמ,,,"י""ח",300,ל  גרם,false,1,6.80,2.27,false,1,
7290111933554,false,עגבניות קוביות מאסטר שף  400גר*3,ש.שסטוביץ בעמ,,,"י""ח",1.20,"ק""ג",false,1,13.60,11.33,false,1,
7290111933561,false,תערובת ציפוי נגטס 250 גרם,ש.שסטוביץ בעמ,,,"י""ח",250,ל  גרם,false,1,6.80,2.72,false,1,
7290111935961,false,מחית עגבניות 690ג מאסטר שף,ש.שסטוביץ בעמ,,,"י""ח",690,ל  גרם,false,1,9.30,1.35,false,1,
7290111936241,false,"ספיד סטיק ספריי קול אנרגי 140מ""ל",ש.שסטוביץ בעמ,,,"י""ח",140,"ל  מ""ל",false,1,19.60,14,false,1,
7290111936296,false,"פלמוליב סבון ארומה סנסיישן  750 מ""ל",ש.שסטוביץ בעמ,,,"י""ח",750,"ל  מ""ל",false,1,17,2.27,true,1,
7290111937231,false,"פרי  חטיף תמרים וקוקוס  1/5 כשל""פ",ש.שסטוביץ בעמ,,,"י""ח",125,ל  גרם,false,1,14.40,11.52,false,1,
7290111938481,false,"רוטב סויה בהירה 300מ""ל",ש.שסטוביץ בעמ,,,"י""ח",300,"ל  מ""ל",false,1,8.50,2.83,false,1,
7290111939174,false,קוקי ניילון נצמד עם גומי מידה L,ש.שסטוביץ בעמ,,,"י""ח",1,,false,1,8.50,8.50,true,1,
7290111939181,false,קוקי ניילון נצמד עם גומי מיקס,ש.שסטוביץ בעמ,,,"י""ח",1,,false,1,8.50,8.50,true,1,
7290112000057,false,וולייט גל גולד 3 ליטר לשמירה על הבגד,רקיט בנקיזר (ניר איסט) בעמ,,,"י""ח",1,"י""ח",false,1,17,17,false,1,
7290112000392,false,"דטול תרסיס לאמבטיה 750מ""ל",רקיט בנקיזר (ניר איסט) בעמ,,,"י""ח",750,"ל  מ""ל",false,1,12.70,1.69,true,1,
7290112000736,false,פיניש 80 טבליות AIO,רקיט בנקיזר (ניר איסט) בעמ,,,"י""ח",80,"י""ח",false,1,51.20,0.64,true,1,
7290112000798,false,דטול תרסיס חיטוי וניקוי אנטי  בקטריאלי,רקיט בנקיזר (ניר איסט) בעמ,,,"י""ח",750,"ל  מ""ל",false,1,12.70,1.69,true,1,
7290112001016,false,מבשם אויר מכשיר אוטומטי תענוגות האביב.,רקיט בנקיזר (ניר איסט) בעמ,,,"י""ח",1,,false,1,38.40,38.40,true,1,
7290112001023,false,מילוי מבשם אוטומטי פיור תענוגות האביב,רקיט בנקיזר (ניר איסט) בעמ,,,"י""ח",1,,false,1,13.60,13.60,true,1,
7290112001030,false,מילוי מבשם אוטומטי פיור פריחת דובדבן,רקיט בנקיזר (ניר איסט) בעמ,,,"י""ח",1,,false,1,13.60,13.60,true,1,
7290112001238,false,"קולון מנקה מכונה לימון 250מ""ל",רקיט בנקיזר (ניר איסט) בעמ,,,"י""ח",250,"ל  מ""ל",false,1,17,6.80,false,1,
7290112001436,false,מנקה ומחדש לימון,רקיט בנקיזר (ניר איסט) בעמ,,,"י""ח",2,ליטר,false,1,12.70,6.35,true,1,
7290112001870,false,סיליט באנג אמבטיות,רקיט בנקיזר (ניר איסט) בעמ,,,"י""ח",1,,false,1,11,11,false,1,
7290112001900,false,פיניש גל 1 ליטר אקולוגי,רקיט בנקיזר (ניר איסט) בעמ,,,"י""ח",1,,false,1,36.70,36.70,false,1,
7290112002099,false,קולון גל 2.5 ל`רגיל כחול,רקיט בנקיזר (ניר איסט) בעמ,,,"י""ח",2.50,ליטר,false,1,21.30,8.52,true,1,
7290112002112,false,קולון גל 2.5 ל`בניחוח ורדים ורוד,רקיט בנקיזר (ניר איסט) בעמ,,,"י""ח",2.50,ליטר,false,1,21.30,8.52,true,1,
7290112002129,false,קולון גל 2.5 ל`בניחוח מרענן ירוק,רקיט בנקיזר (ניר איסט) בעמ,,,"י""ח",2.50,ליטר,false,1,21.30,8.52,true,1,
7290112002136,false,קולון גל 4  ל`רגיל כחול,רקיט בנקיזר (ניר איסט) בעמ,,,"י""ח",4,ליטר,false,1,29.80,7.45,false,1,
7290112002143,false,קולון גל 4  ל`לילך סגול,רקיט בנקיזר (ניר איסט) בעמ,,,"י""ח",4,ליטר,false,1,29.80,7.45,false,1,
7290112002150,false,קולון גל 4  ל`בניחוח ורדים,רקיט בנקיזר (ניר איסט) בעמ,,,"י""ח",4,ליטר,false,1,29.80,7.45,false,1,
7290112002457,false,מארז שלישייה מגבונים דטול,רקיט בנקיזר (ניר איסט) בעמ,,,"י""ח",1,,false,1,18.70,18.70,false,1,
7290112003188,false,קולון קפסולות לכביסה 1/60,רקיט בנקיזר (ניר איסט) בעמ,,,"י""ח",60,"י""ח",false,1,46.90,0.78,true,1,
7290112003249,false,"קולון 101- 5 ק""ג מאסק",רקיט בנקיזר (ניר איסט) בעמ,,,"י""ח",5,"ק""ג",false,1,34.10,6.82,false,1,
7290112003256,false,"קולון 1.25ק""ג לבנדר",רקיט בנקיזר (ניר איסט) בעמ,,,"י""ח",1.25,"ק""ג",false,1,12.70,10.16,false,1,
7290112003959,false,וניש מסיר כתמים אבקה לכביסה 470גר צבעוני,רקיט בנקיזר (ניר איסט) בעמ,,,"י""ח",470,ל  גרם,false,1,17,3.62,false,1,
7290112003966,false,וניש מסיר כתמים אבקה לכביסה 470גר לבן,רקיט בנקיזר (ניר איסט) בעמ,,,"י""ח",470,ל  גרם,false,1,17,3.62,false,1,
7290112003997,false,וניש גולד אבקה 1.62 ורוד מולטי פאוור.,רקיט בנקיזר (ניר איסט) בעמ,,,"י""ח",1.62,"ק""ג",false,1,29.80,18.40,false,1,
7290112004024,false,"וניש גולד ג`ל 940מ""ל לבן.",רקיט בנקיזר (ניר איסט) בעמ,,,"י""ח",1.35,"ק""ג",false,1,16.80,12.44,false,1,
7290112004109,false,דטול מגבונים חיטוי וניקוי שלישיה,רקיט בנקיזר (ניר איסט) בעמ,,,"י""ח",3,"י""ח",false,1,18.70,6.23,false,1,
7290112004413,false,"וניש לבן ספריי 750מ""ל",רקיט בנקיזר (ניר איסט) בעמ,,,"י""ח",750,"ל  מ""ל",false,1,14.40,1.92,true,1,
7290112004604,false,מארז שלישייה מגבונים דטול,רקיט בנקיזר (ניר איסט) בעמ,,,"י""ח",1,,false,1,18.70,18.70,false,1,
7290112004611,false,"וניש מולטי פאוור 200מ""ל ג`ל מרוכז.",רקיט בנקיזר (ניר איסט) בעמ,,,"י""ח",200,"ל  מ""ל",false,1,14.40,7.20,true,1,
7290112004710,false,"וניש ג`ליסימו ג`ל 750מ""ל לבן",רקיט בנקיזר (ניר איסט) בעמ,,,"י""ח",750,"ל  מ""ל",false,1,17,2.27,false,1,
7290112004772,false,מילוי מבשם אויר חשמלי ניחוח כביסה,רקיט בנקיזר (ניר איסט) בעמ,,,"י""ח",1,,false,1,14.40,14.40,true,1,
7290112004963,false,פיניש אולטימייט 25 קפסולות בשקית,רקיט בנקיזר (ניר איסט) בעמ,,,"י""ח",30,"י""ח",false,1,34.10,1.14,true,1,
7290112004970,false,פיניש אולטימייט 50 קפסולות בשקית,רקיט בנקיזר (ניר איסט) בעמ,,,"י""ח",50,"י""ח",false,1,51.20,1.02,true,1,
7290112005052,false,"וניש  אבקה לכביסה 1.5ק""ג לבן",רקיט בנקיזר (ניר איסט) בעמ,,,"י""ח",150,ל  גרם,false,1,34.10,22.73,true,1,
7290112005076,false,וניש  אבקה לכביסה צבעונית   480ג,רקיט בנקיזר (ניר איסט) בעמ,,,"י""ח",480,ל  גרם,false,1,14.40,3,true,1,
7290112005168,false,פיניש קוואנטום 60 קפסולות לימון בשקית,רקיט בנקיזר (ניר איסט) בעמ,,,"י""ח",45,"י""ח",false,1,51.20,1.14,true,1,
7290112191069,false,טורטיה מזונות 320גר 8יח קוטר 20ס,א.ג בחירה חכמה בעמ,,,"י""ח",320,ל  גרם,false,1,8.50,2.66,false,1,
7290112191076,false,"טורטיה מקמח חיטה 320גר 8יח קוטר 20ס""מ",א.ג בחירה חכמה בעמ,,,"י""ח",320,ל  גרם,false,1,7.60,2.38,false,1,
7290112191083,false,"טורטיה מקמח חיטה מל 320גר 8יח קוטר 20ס""מ",א.ג בחירה חכמה בעמ,,,"י""ח",320,ל  גרם,false,1,7.60,2.38,false,1,
7290112191090,false,טורטיה עם קמח כוסמת מלא 320גר,א.ג בחירה חכמה בעמ,,,"י""ח",320,ל  גרם,false,1,8.50,2.66,false,1,
7290112191274,false,"טורטיה מקמח חיטה 780גר 12יח קוטר 25ס""מ",א.ג בחירה חכמה בעמ,,,"י""ח",780,ל  גרם,false,1,11,1.41,false,1,
7290112192561,false,"משחת פרודונטקס משחת שיניים הגנה 75מ""ל.",גורי ע.ע.ע. בעמ,,,"י""ח",75,"ל  מ""ל",false,1,23.90,31.87,true,1,
7290112192578,false,"משחת פרודונטקס משחת שיניים הגנה 75מ""ל",גורי ע.ע.ע. בעמ,,,"י""ח",75,"ל  מ""ל",false,1,23.90,31.87,true,1,
7290112192875,false,משחת סנסודיין רגישות וחניכיים,גורי ע.ע.ע. בעמ,,,"י""ח",75,ל  גרם,false,1,27.30,36.40,true,1,
7290112192882,false,סנסודיין רגישות וחניכיים מלבינה,גורי ע.ע.ע. בעמ,,,"י""ח",75,ל  גרם,false,1,27.30,36.40,true,1,
7290112192943,false,אנטוש אלוורה 50 מ``ל,גורי ע.ע.ע. בעמ,,,"י""ח",500,"ל  מ""ל",false,1,16.20,3.24,false,1,
7290112195647,false,"שמן זית  כתית מעולה  750מ""ל הזית",א.ג בחירה חכמה בעמ,,,"י""ח",750,"ל  מ""ל",false,1,25.60,3.41,true,1,
7290112197207,false,מיני כריות בציפוי שוקולד חלב מעולה 65ג,גורי מוצרי צריכה בעמ,,,"י""ח",65,ל  גרם,false,1,6.80,10.46,true,1,
7290112197719,false,פיצה זיתים ג`י פרי 330גר ללא גלוטן,גורי מוצרי צריכה בעמ,,,"י""ח",330,"ל  מ""ל",false,1,23.90,7.24,false,1,
7290112330352,false,דנונה פרו 20גר וניל 0% שומן,"שטראוס גרופ ***בע""מ",,,"י""ח",20,"ל  מ""ל",false,1,5,25,true,1,
7290112330390,false,דנונה פרו 20גר פירות יער 0% שומן,"שטראוס גרופ ***בע""מ",,,"י""ח",200,"ל  מ""ל",false,1,5,2.50,true,1,
7290112332585,false,"פריכיות תפו""א,אורז,בתיבול סלק ומלח  30גר","שטראוס גרופ בע""מ",,,"י""ח",30,ל  גרם,false,1,4.30,14.33,true,1,
7290112332691,false,פינוקיות פסק זמן אגוזים 200גר,"שטראוס גרופ בע""מ",,,"י""ח",200,ל  גרם,false,1,10.20,5.10,true,1,
7290112332875,false,מאסט לארג באבלמינט 80גר,"שטראוס גרופ בע""מ",,,"י""ח",80,ל  גרם,false,1,11.90,14.88,true,1,
7290112332899,false,מסטיק בזוקה פופים קלאסי 58גר,"שטראוס גרופ בע""מ",,,"י""ח",58,ל  גרם,false,1,8.50,14.66,true,1,
7290112334596,false,שוקולית 850 ג  (שקית) +,"שטראוס גרופ בע""מ",,,"י""ח",850,ל  גרם,false,1,15.30,1.80,true,1,
7290112334749,false,קפה טורקי שקית 200 עלית +10% תוספת.,"שטראוס גרופ בע""מ",,,"י""ח",200,ל  גרם,false,1,15.30,7.65,true,1,
7290112335111,false,מאסט לארג באבלמינט 80גר,"שטראוס גרופ בע""מ",,,"י""ח",80,ל  גרם,false,1,11.90,14.88,true,1,
7290112335487,false,פריכיות הטעימות קצח ודגנים 135גר,"שטראוס גרופ בע""מ",,,"י""ח",135,ל  גרם,false,1,11,8.15,true,1,
7290112335494,false,פריכיות הטעימות פוטטוס 135גר,"שטראוס גרופ בע""מ",,,"י""ח",135,ל  גרם,false,1,11,8.15,true,1,
7290112335500,false,פריכיות הטעימות חלבון 135גר,"שטראוס גרופ בע""מ",,,"י""ח",135,ל  גרם,false,1,11,8.15,true,1,
7290112336613,false,עד חצות סנדוויץ 135גר,"שטראוס גרופ בע""מ",,,"י""ח",135,ל  גרם,false,1,8.50,6.30,true,1,
7290112336637,false,"סוכריות MUST טעם לל""ס יוגורט תות אוכמנ","שטראוס גרופ בע""מ",,,"י""ח",80,ל  גרם,false,1,7.60,9.50,true,1,
7290112336644,false,"סוכריות MUST טעם לל""ס לימון","שטראוס גרופ בע""מ",,,"י""ח",80,ל  גרם,false,1,7.60,9.50,true,1,
7290112336651,false,"סוכריות MUST טעם לל""ס ריבת חלב","שטראוס גרופ בע""מ",,,"י""ח",80,ל  גרם,false,1,7.60,9.50,true,1,
7290112336712,false,דנונה פרו 21גר 0% 200גר,"שטראוס גרופ ***בע""מ",,,"י""ח",20,"ל  מ""ל",false,1,5,25,true,1,
7290112337474,false,"סוכריות MUST טעם לל""ס פטל לימון","שטראוס גרופ בע""מ",,,"י""ח",80,ל  גרם,false,1,7.60,9.50,true,1,
7290112339362,false,דנונה לייט אנד פריי טעם קפוצ`ינו 150גר.,"שטראוס גרופ ***בע""מ",,,"י""ח",150,"ל  מ""ל",false,1,3.90,2.60,true,1,
7290112339867,false,גמדים סקוויז  תות בודד 100ג,"שטראוס גרופ ***בע""מ",,,"י""ח",100,ל  גרם,false,1,5,5,true,1,
7290112339874,false,גמדים סקוויז  תות בננה  בודד 100ג,"שטראוס גרופ ***בע""מ",,,"י""ח",100,ל  גרם,false,1,5,5,true,1,
7290112340122,false,פריכיות הטעימות 3דגנים 135גר,"שטראוס גרופ בע""מ",,,"י""ח",135,ל  גרם,false,1,11,8.15,true,1,
7290112340900,false,קפה האג 200 גר,"שטראוס גרופ בע""מ",,,"י""ח",200,ל  גרם,false,1,21.30,10.65,true,1,
7290112342102,false,סימפוניה בצל מקורמל 200גר,"שטראוס גרופ ***בע""מ",,,"י""ח",200,ל  גרם,false,1,9.30,4.65,true,1,
7290112343260,false,רוטב שמנת קלאסי  9%,"שטראוס גרופ ***בע""מ",,,"י""ח",260,ל  גרם,false,1,9.30,3.58,true,1,
7290112343420,false,"יטבתה פרו ארוחת בוקר  350מ""ל","שטראוס גרופ ***בע""מ",,,"י""ח",350,"ל  מ""ל",false,1,6.40,1.83,true,1,
7290112343499,false,צ יטוס פאפס 55ג,"שטראוס פריטו ליי בע""מ",,,"י""ח",60,ל  גרם,false,1,3,5,true,1,
7290112343512,false,ציטוס פאפס 160ג,"שטראוס פריטו ליי בע""מ",,,"י""ח",180,ל  גרם,false,1,6.40,3.56,true,1,
7290112344564,false,רביולי גבינה שטראוס,"שטראוס גרופ ***בע""מ",,,"י""ח",400,ל  גרם,false,1,17,4.25,true,1,
7290112344724,false,מילקי טעם שוקולד בלונדי 133גר,"שטראוס גרופ ***בע""מ",,,"י""ח",133,ל  גרם,false,1,2.90,2.18,true,1,
7290112344755,false,מילקי עם 26% פחות סוכר 135 גר}שטראוס{,"שטראוס גרופ ***בע""מ",,,"י""ח",130,"ל  מ""ל",false,1,2.50,1.92,true,1,
7290112344786,false,קפה נמס פלטינום קלאסיק  200גר,"שטראוס גרופ בע""מ",,,"י""ח",200,ל  גרם,false,1,21.30,10.65,true,1,
7290112346360,false,בפלות אחד אחד בציפוי שוקולד חלב 180גר,"שטראוס גרופ בע""מ",,,"י""ח",180,ל  גרם,false,1,11.90,6.61,true,1,
7290112346537,false,פינוקיות טעם טורטית  200גר,"שטראוס גרופ בע""מ",,,"י""ח",200,ל  גרם,false,1,10.20,5.10,true,1,
7290112346629,false,דנונה קראנצי קורנפלקס מצופה שוקולד,"שטראוס גרופ ***בע""מ",,,"י""ח",175,"ל  מ""ל",false,1,3.80,2.17,true,1,
7290112346773,false,דנונה לייט אנד פריי טעם וניל עם חלבון,"שטראוס גרופ ***בע""מ",,,"י""ח",150,"ל  מ""ל",false,1,3.90,2.60,true,1,
7290112346797,false,אקטיביה שיבולת שועל ושזיף  150גר,"שטראוס גרופ ***בע""מ",,,"י""ח",150,ל  גרם,false,1,3.90,2.60,true,1,
7290112347008,false,גמדים סקוויז תות בננה  בודד 100ג,"שטראוס גרופ ***בע""מ",,,"י""ח",100,ל  גרם,false,1,5,5,true,1,
7290112348142,false,שעועית לבנה 380גרם טעם הטבע קופסה,"שטראוס גרופ בע""מ",,,"י""ח",380,ל  גרם,false,1,5.90,1.55,true,1,
7290112348586,false,אייס קפה נמס קלאסי  200 ג.,"שטראוס גרופ בע""מ",,,"י""ח",200,ל  גרם,false,1,17,8.50,true,1,
7290112348616,false,אייס קפה נמס אגוזי לוז 100 ג.,"שטראוס גרופ בע""מ",,,"י""ח",100,ל  גרם,false,1,17,17,true,1,
7290112348999,false,פריכיות הטעימות תירס דקות 135גר,"שטראוס גרופ בע""מ",,,"י""ח",135,ל  גרם,false,1,11,8.15,true,1,
7290112349606,false,דניאלה  תות בננה,"שטראוס גרופ ***בע""מ",,,"י""ח",150,"ל  מ""ל",false,1,3.30,2.20,true,1,
7290112349705,false,רוטב עגבניות לפסטה קלאסי 350גר,"שטראוס גרופ בע""מ",,,"י""ח",350,ל  גרם,false,1,10.20,2.91,true,1,
7290112349736,false,רוטב עגבניות לפסטה בזיליקום 350גר,"שטראוס גרופ בע""מ",,,"י""ח",350,ל  גרם,false,1,10.20,2.91,true,1,
7290112349750,false,.רוטב עגבניות לפסטה לפיצה 350גר,"שטראוס גרופ בע""מ",,,"י""ח",350,ל  גרם,false,1,10.20,2.91,true,1,
7290112350275,false,"קפסולות אספרסו Lungo עלית 10יח כשל""פ","שטראוס גרופ בע""מ",,,"י""ח",50,ל  גרם,false,1,16.20,32.40,true,1,
7290112350312,false,"קפסולות אספרסו חזק עלית 15יח כשל""פ","שטראוס גרופ בע""מ",,,"י""ח",50,ל  גרם,false,1,16.20,32.40,true,1,
7290112351067,false,סילאן  טבעי לחיץ 630ג יד מרדכי,"שטראוס גרופ בע""מ",,,"י""ח",630,ל  גרם,false,1,21.30,3.38,true,1,
7290112351258,false,פינוקיות שחור לבן 200גר,"שטראוס גרופ בע""מ",,,"י""ח",200,ל  גרם,false,1,10.20,5.10,true,1,
7290112351470,false,שלישיית סוכריות Fresh רימון תות,"שטראוס גרופ בע""מ",,,"י""ח",45,ל  גרם,false,1,7.60,16.89,true,1,
7290112353887,false,משקה קפה קר טעם אגוזים 230גר,"שטראוס גרופ ***בע""מ",,,"י""ח",230,"ל  מ""ל",false,1,6.80,2.96,true,1,
7290112354228,false,פיצה מרגריטה עם זיתים דלישס,קפוא זן תעשיות מזון בעמ,,,"י""ח",300,ל  גרם,false,1,22.10,7.37,true,1,
7290112354235,false,ברקטה פיצה דלישס,קפוא זן תעשיות מזון בעמ,,,"י""ח",300,ל  גרם,false,1,22.10,7.37,true,1,
7290112354945,false,תפוציפס טבע 50 גרם WAVY,"שטראוס פריטו ליי בע""מ",,,"י""ח",50,ל  גרם,false,1,3.90,7.80,true,1,
7290112355027,false,דנונה פרו 20גר טעם קרמל מלוח 200גר,"שטראוס גרופ ***בע""מ",,,"י""ח",20,"ל  מ""ל",false,1,5,25,true,1,
7290112355102,false,גמדים פאוץ סלט פירות בודד 100ג,"שטראוס גרופ ***בע""מ",,,"י""ח",100,ל  גרם,false,1,5,5,true,1,
7290112355263,false,רוטב שמנת עם שקולד  9%,"שטראוס גרופ ***בע""מ",,,"י""ח",200,ל  גרם,false,1,9.30,4.65,true,1,
7290112355386,false,רוטב שמנת בטעם קרמל מלוח,"שטראוס גרופ ***בע""מ",,,"י""ח",200,ל  גרם,false,1,9.30,4.65,true,1,
7290112355393,false,רוטב שמנת עם בטטה,"שטראוס גרופ ***בע""מ",,,"י""ח",257,ל  גרם,false,1,9.30,3.62,true,1,
7290112355775,false,סימפוניה 5% עירית 200גר,"שטראוס גרופ ***בע""מ",,,"י""ח",200,ל  גרם,false,1,9.30,4.65,true,1,
7290112356536,false,שקית קקאו 150 גרם+10%,"שטראוס גרופ בע""מ",,,"י""ח",150,ל  גרם,false,1,8.50,5.67,true,1,
7290112357045,false,עגבניות מרוסקות טעם הטבע קופסה 390גר,"שטראוס גרופ בע""מ",,,"י""ח",390,ל  גרם,false,1,5.60,1.44,true,1,
7290112357069,false,מחית עגבניות איטלקיות טעם הטבע קופסה50,"שטראוס גרופ בע""מ",,,"י""ח",500,ל  גרם,false,1,5.90,1.18,true,1,
7290112357076,false,קוביות עגבניות טעם הטבע קופסה 390גר,"שטראוס גרופ בע""מ",,,"י""ח",390,ל  גרם,false,1,5.60,1.44,true,1,
7290112357083,false,אפונה גינה 380גרם טעם הטבע קופסה,"שטראוס גרופ בע""מ",,,"י""ח",380,ל  גרם,false,1,5.90,1.55,true,1,
7290112357106,false,שעועית אדומה 380גרם טעם הטבע קופסה,"שטראוס גרופ בע""מ",,,"י""ח",380,ל  גרם,false,1,5.90,1.55,true,1,
7290112357113,false,גרגרי חומוס 380גרם טעם הטבע קופסה,"שטראוס גרופ בע""מ",,,"י""ח",380,ל  גרם,false,1,5.90,1.55,true,1,
7290112357175,false,"קפסולות אספרסו Boost עלית 14יח כשל""פ","שטראוס גרופ בע""מ",,,"י""ח",50,ל  גרם,false,1,16.20,32.40,true,1,
7290112357892,false,שלישיית סוכריות Fresh מנטה,"שטראוס גרופ בע""מ",,,"י""ח",45,ל  גרם,false,1,7.60,16.89,true,1,
7290112358004,false,פסק זמן קראנץ 32גר,"שטראוס גרופ בע""מ",,,"י""ח",45,ל  גרם,false,1,4.20,9.33,true,1,
7290112358127,false,דנונה פרו 200גר עם מגנזיום,"שטראוס גרופ ***בע""מ",,,"י""ח",200,"ל  מ""ל",false,1,5.40,2.70,true,1,
7290112358219,false,"רוטב צ`ילי מתוק 280מ""ל יד מרדכי","שטראוס גרופ בע""מ",,,"י""ח",280,"ל  מ""ל",false,1,11,3.93,true,1,
7290112358240,false,"רוטב גריל 300מ""ל יד מרדכי","שטראוס גרופ בע""מ",,,"י""ח",300,"ל  מ""ל",false,1,11,3.67,true,1,
7290112358431,false,ביסקויט עד חצות דאבל 200גר,"שטראוס גרופ בע""מ",,,"י""ח",200,ל  גרם,false,1,11.20,5.60,true,1,
7290112359353,false,אלדין קפה 200 ג`,"שטראוס גרופ בע""מ",,,"י""ח",200,ל  גרם,false,1,18.70,9.35,true,1,
7290112359384,false,אייס קפה נמס אלפחורס ריבת חלב 100גר.,"שטראוס גרופ בע""מ",,,"י""ח",200,ל  גרם,false,1,17,8.50,true,1,
7290112490032,false,נמס בכוס תירס,יוניליוור ישראל שיווק בעמ,,,"י""ח",64,ל  גרם,false,1,5.90,9.22,true,1,
7290112490117,false,טבלת קליק XL שוק. חלב עם ופל ואגוזים,יוניליוור ישראל שיווק בעמ,,,"י""ח",85,ל  גרם,false,1,4.20,4.94,true,1,
7290112490209,false,נמס בכוס עגבניות 56ג,יוניליוור ישראל שיווק בעמ,,,"י""ח",56,ל  גרם,false,1,5.90,10.54,true,1,
7290112490216,false,נמס בכוס טעם עוף  48ג,יוניליוור ישראל שיווק בעמ,,,"י""ח",48,ל  גרם,false,1,5.90,12.29,true,1,
7290112490230,false,נמס בכוס אפונה  50ג,יוניליוור ישראל שיווק בעמ,,,"י""ח",50,ל  גרם,false,1,5.90,11.80,true,1,
7290112490582,false,חרדל דיזון צרפתי 350ג,יוניליוור ישראל שיווק בעמ,,,"י""ח",350,ל  גרם,false,1,8.50,2.43,false,1,
7290112490599,false,חרדל צרפתי עם גרגרים שלמים 350ג,יוניליוור ישראל שיווק בעמ,,,"י""ח",350,ל  גרם,false,1,8.50,2.43,false,1,
7290112490650,false,קונפיטורה תות שדה 340ג,יוניליוור ישראל שיווק בעמ,,,"י""ח",340,ל  גרם,false,1,10.20,3,false,1,
7290112490674,false,קונפיטורה דובדבנים 340ג,יוניליוור ישראל שיווק בעמ,,,"י""ח",340,ל  גרם,false,1,10.20,3,false,1,
7290112490728,false,מרק עשיר ירקות בורגול ר. טבעי 95ג,יוניליוור ישראל שיווק בעמ,,,"י""ח",74,ל  גרם,false,1,10.20,13.78,false,1,
7290112490735,false,מרק עשיר עגבניות פסטהר. טבעי  105ג,יוניליוור ישראל שיווק בעמ,,,"י""ח",74,ל  גרם,false,1,10.20,13.78,false,1,
7290112490742,false,מרק עשיר פטריות גריסים ר.טבע י 104ג,יוניליוור ישראל שיווק בעמ,,,"י""ח",104,ל  גרם,false,1,10.20,9.81,false,1,
7290112490759,false,מרק עשיר עוף אטריות ר. טבעי 74ג,יוניליוור ישראל שיווק בעמ,,,"י""ח",74,ל  גרם,false,1,10.20,13.78,false,1,
7290112490827,false,"בדין תרסיס למייבש בייבי 500מ""ל",יוניליוור ישראל שיווק בעמ,,,"י""ח",500,"ל  מ""ל",false,1,13.60,2.72,false,1,
7290112491558,false,מאגדת 6 טבלאות מריר וורד הגליל,יוניליוור ישראל שיווק בעמ,,,"י""ח",600,ל  גרם,false,1,15.30,2.55,false,1,
7290112491701,false,"ברנפלקס חלבון בד""ץ 375ג",יוניליוור ישראל שיווק בעמ,,,"י""ח",375,ל  גרם,false,1,17,4.53,false,1,
7290112491770,false,בייגלה דקים דקים מלח  300 גר`,יוניליוור ישראל שיווק בעמ,,,"י""ח",300,ל  גרם,false,1,8.50,2.83,true,1,
7290112491787,false,בייגלה דקים דקים שומשום  300 גר`,יוניליוור ישראל שיווק בעמ,,,"י""ח",300,ל  גרם,false,1,8.50,2.83,true,1,
7290112491794,false,בייגלה דקים דקים שמנת בצל  300 גר`,יוניליוור ישראל שיווק בעמ,,,"י""ח",300,ל  גרם,false,1,8.50,2.83,true,1,
7290112492449,false,פינוק  שמפו(כחול)לשיער רגיל,יוניליוור ישראל שיווק בעמ,,,"י""ח",700,"ל  מ""ל",false,1,10.20,1.46,true,1,
7290112492456,false,פינוק  שמפו(כחול)לשיער יבש,יוניליוור ישראל שיווק בעמ,,,"י""ח",700,"ל  מ""ל",false,1,10.20,1.46,true,1,
7290112492463,false,פינוק שמפו+קונדישינר רגיל,יוניליוור ישראל שיווק בעמ,,,"י""ח",700,"ל  מ""ל",false,1,10.20,1.46,true,1,
7290112492500,false,"פינוק שמפו שמן קוקוס 700מ""ל",יוניליוור ישראל שיווק בעמ,,,"י""ח",700,"ל  מ""ל",false,1,10.20,1.46,true,1,
7290112492531,false,"פינוק קונדישנר לשיער רגיל 700מ""ל",יוניליוור ישראל שיווק בעמ,,,"י""ח",700,"ל  מ""ל",false,1,10.20,1.46,true,1,
7290112492548,false,קונדשנר פינוק לשיער יבש,יוניליוור ישראל שיווק בעמ,,,"י""ח",700,"ל  מ""ל",false,1,10.20,1.46,true,1,
7290112492579,false,"פינוק מרכך  שמן קוקוס 700מ""ל",יוניליוור ישראל שיווק בעמ,,,"י""ח",700,"ל  מ""ל",false,1,10.20,1.46,true,1,
7290112492593,false,פינוק סבון נוזלי בניחוח קלאסי,יוניליוור ישראל שיווק בעמ,,,"י""ח",750,"ל  מ""ל",false,1,9.30,1.24,false,1,
7290112492609,false,"פינוק סבון נוזלי לבנדר ווניל 700 מ""ל",יוניליוור ישראל שיווק בעמ,,,"י""ח",700,"ל  מ""ל",false,1,9.30,1.33,false,1,
7290112492630,false,"פינוק לגבר 3ב1 700מ""ל.",יוניליוור ישראל שיווק בעמ,,,"י""ח",700,"ל  מ""ל",false,1,10.20,1.46,true,1,
7290112492647,false,"פינוק לגבר 3ב1 700מ""ל.",יוניליוור ישראל שיווק בעמ,,,"י""ח",700,"ל  מ""ל",false,1,10.20,1.46,true,1,
7290112492678,false,"פינוק שמפו רגיל 100מ""ל שפרפרת",יוניליוור ישראל שיווק בעמ,,,"י""ח",100,"ל  מ""ל",false,1,4.20,4.20,false,1,
7290112492685,false,"פינוק מרכך רגיל שפורפרת 100מ""ל",יוניליוור ישראל שיווק בעמ,,,"י""ח",100,ל  גרם,false,1,4.20,4.20,false,1,
7290112492715,false,פינוק שמפו אל דמע לסירוק קל לילדים700מ,יוניליוור ישראל שיווק בעמ,,,"י""ח",700,"ל  מ""ל",false,1,11,1.57,true,1,
7290112492722,false,פינוק שמפו ומרכך לסירוק קל לילדים700מ,יוניליוור ישראל שיווק בעמ,,,"י""ח",700,"ל  מ""ל",false,1,11.90,1.70,true,1,
7290112492753,false,"פינוק אל סבון לרחצה לילדים 700מ""ל",יוניליוור ישראל שיווק בעמ,,,"י""ח",700,"ל  מ""ל",false,1,8.50,1.21,false,1,
7290112492982,false,מרק פטריות רכיבים טבעיים 400ג קנור,יוניליוור ישראל שיווק בעמ,,,"י""ח",400,ל  גרם,false,1,17,4.25,true,1,
7290112492999,false,"מרק טעם עוף  400 גר`בד""צ",יוניליוור ישראל שיווק בעמ,,,"י""ח",400,ל  גרם,false,1,11.90,2.98,true,1,
7290112493064,false,"רוטב ל עוף שזיפים בד""צ 320גרם",יוניליוור ישראל שיווק בעמ,,,"י""ח",320,ל  גרם,false,1,9.30,2.91,true,1,
7290112493088,false,נמס בכוס עדשים חריף,יוניליוור ישראל שיווק בעמ,,,"י""ח",48,ל  גרם,false,1,5.90,12.29,true,1,
7290112493095,false,נמס בכוס עגבניות חריף,יוניליוור ישראל שיווק בעמ,,,"י""ח",48,ל  גרם,false,1,5.90,12.29,true,1,
7290112493293,false,נמס בכוס ירקות 100% רכיבים טבעיים,יוניליוור ישראל שיווק בעמ,,,"י""ח",48,ל  גרם,false,1,5.90,12.29,true,1,
7290112493316,false,מרק היום אפונה 100% ר.טבעיים,יוניליוור ישראל שיווק בעמ,,,"י""ח",117,ל  גרם,false,1,10.20,8.72,false,1,
7290112493873,false,בייגלה דג דג 400 ג`,יוניליוור ישראל שיווק בעמ,,,"י""ח",400,ל  גרם,false,1,11,2.75,false,1,
7290112493927,false,קרמיסימו מעדן קפוא טעם ריבת חלב,גלידות שטראוס בעמ,,,"י""ח",776,"ל  מ""ל",false,1,16.20,2.09,false,1,
7290112493934,false,קרמיסימו מעדן קפוא טעם וניל צרפתי,גלידות שטראוס בעמ,,,"י""ח",776,"ל  מ""ל",false,1,16.20,2.09,false,1,
7290112494016,false,מיונז מופחת שומן 500 תלמה,יוניליוור ישראל שיווק בעמ,,,"י""ח",500,ל  גרם,false,1,8.50,1.70,false,1,
7290112494153,false,תיבוליות קנור  צלי 72גרם,יוניליוור ישראל שיווק בעמ,,,"י""ח",72,ל  גרם,false,1,6.80,9.44,true,1,
7290112494221,false,קליק ביסקוויט    65ג,יוניליוור ישראל שיווק בעמ,,,"י""ח",65,ל  גרם,false,1,5,7.69,true,1,
7290112494238,false,קליק כדורים חלב 65ג,יוניליוור ישראל שיווק בעמ,,,"י""ח",65,ל  גרם,false,1,5,7.69,true,1,
7290112494276,false,קליק כריות  65ג,יוניליוור ישראל שיווק בעמ,,,"י""ח",65,ל  גרם,false,1,5,7.69,true,1,
7290112494283,false,קליק מעורב חום לבן 65ג,יוניליוור ישראל שיווק בעמ,,,"י""ח",65,ל  גרם,false,1,5,7.69,true,1,
7290112494313,false,קליק קורנפלקס   65ג,יוניליוור ישראל שיווק בעמ,,,"י""ח",65,ל  גרם,false,1,5,7.69,true,1,
7290112494344,false,קורנפלקס אלופים 850ג בדץ.,יוניליוור ישראל שיווק בעמ,,,"י""ח",850,ל  גרם,false,1,14.40,1.69,false,1,
7290112494351,false,קורנפלקס אלופים 850ג בדץ,יוניליוור ישראל שיווק בעמ,,,"י""ח",850,ל  גרם,false,1,14.40,1.69,false,1,
7290112494382,false,פירה טעם ביתי  260גרם,יוניליוור ישראל שיווק בעמ,,,"י""ח",260,ל  גרם,false,1,8.50,3.27,false,1,
7290112494795,false,"בדין ג`ל כביסה לבנה וצבעונית 2.5ק""ג",יוניליוור ישראל שיווק בעמ,,,"י""ח",2.50,ליטר,false,1,23.90,9.56,false,1,
7290112494801,false,"בדין ג`ל כביסה לבנה וצבעונית 2.5ק""ג",יוניליוור ישראל שיווק בעמ,,,"י""ח",2.50,ליטר,false,1,23.90,9.56,false,1,
7290112494818,false,"בדין ג`ל כביסה בייבי 2.5ק""ג",יוניליוור ישראל שיווק בעמ,,,"י""ח",2.50,ליטר,false,1,23.90,9.56,false,1,
7290112494832,false,"דאב תרחיץ פנים רגיש 180מ""ל",יוניליוור ישראל שיווק בעמ,,,"י""ח",180,"ל  מ""ל",false,1,10.20,5.67,false,1,
7290112494993,false,כריות תלמה וניל 686ג בדץ,יוניליוור ישראל שיווק בעמ,,,"י""ח",750,ל  גרם,false,1,21.30,2.84,true,1,
7290112495006,false,כריות נוגט  686ג  בדץ,יוניליוור ישראל שיווק בעמ,,,"י""ח",750,ל  גרם,false,1,21.30,2.84,false,1,
7290112495020,false,".כריות צ וקולדה 686 ג בד""ץ",יוניליוור ישראל שיווק בעמ,,,"י""ח",750,ל  גרם,false,1,21.30,2.84,true,1,
7290112495037,false,"קוקומן בד""ץ 375ג  כדורים",יוניליוור ישראל שיווק בעמ,,,"י""ח",375,ל  גרם,false,1,19.90,5.31,true,1,
7290112495044,false,"קוקומן כדורים בד""ץ 375ב",יוניליוור ישראל שיווק בעמ,,,"י""ח",375,ל  גרם,false,1,17,4.53,true,1,
7290112495105,false,נשנשים שמנת בצל 260 גרם,יוניליוור ישראל שיווק בעמ,,,"י""ח",260,ל  גרם,false,1,10.20,3.92,true,1,
7290112495112,false,נשנשים זעתר  260 גרם,יוניליוור ישראל שיווק בעמ,,,"י""ח",260,ל  גרם,false,1,10.20,3.92,true,1,
7290112495143,false,נשנשים קרקר קוקטייל מלוח  300 גר.,יוניליוור ישראל שיווק בעמ,,,"י""ח",300,ל  גרם,false,1,10.20,3.40,true,1,
7290112495150,false,נשנשים עגול מלוח 350 גר.,יוניליוור ישראל שיווק בעמ,,,"י""ח",300,ל  גרם,false,1,10.20,3.40,true,1,
7290112495167,false,נשנשים קרקר משולשי שומשום 300ג,יוניליוור ישראל שיווק בעמ,,,"י""ח",300,ל  גרם,false,1,10.20,3.40,true,1,
7290112495228,false,קורנפלקס  448ג דבש,יוניליוור ישראל שיווק בעמ,,,"י""ח",448,ל  גרם,false,1,15.30,3.42,true,1,
7290112495235,false,קורנפלקס אלופים 415ג וניל,יוניליוור ישראל שיווק בעמ,,,"י""ח",415,ל  גרם,false,1,15.30,3.69,true,1,
7290112495242,false,קורנפלקס אלופים 448ג מייפל,יוניליוור ישראל שיווק בעמ,,,"י""ח",448,ל  גרם,false,1,15.30,3.42,true,1,
7290112495280,false,"ברנפלקס ריבועי קינמון 400מ""ל",יוניליוור ישראל שיווק בעמ,,,"י""ח",400,"ל  מ""ל",false,1,17,4.25,false,1,
7290112495433,false,דליפקאן 400ג אגוזי פקאן ושקדים,יוניליוור ישראל שיווק בעמ,,,"י""ח",400,ל  גרם,false,1,18.70,4.68,false,1,
7290112495488,false,קורנפלקס ללא גלוטן 500גר`,יוניליוור ישראל שיווק בעמ,,,"י""ח",500,ל  גרם,false,1,12.70,2.54,false,1,
7290112495556,false,מארז קליק  נוגט שלישייה,יוניליוור ישראל שיווק בעמ,,,"י""ח",106,ל  גרם,false,1,10.30,9.72,true,1,
7290112495662,false,קרקר חיטה מלאה עם פשתן 300גר,יוניליוור ישראל שיווק בעמ,,,"י""ח",300,ל  גרם,false,1,7.60,2.53,false,1,
7290112495686,false,קרקר שומשום 220ר,יוניליוור ישראל שיווק בעמ,,,"י""ח",220,"ל  מ""ל",false,1,7.60,3.45,false,1,
7290112495747,false,"רוטב צילי מתוק 70% פחות סוכר  340מ""ל",יוניליוור ישראל שיווק בעמ,,,"י""ח",340,"ל  מ""ל",false,1,9.30,2.74,true,1,
7290112495754,false,הלמנס לסלט אלף האיים 305גרם,יוניליוור ישראל שיווק בעמ,,,"י""ח",305,ל  גרם,false,1,8.50,2.79,true,1,
7290112495761,false,"הלמנס לסלט אלף האיים לייט 305גרם בד""צ",יוניליוור ישראל שיווק בעמ,,,"י""ח",305,ל  גרם,false,1,8.50,2.79,true,1,
7290112495785,false,הלמנס רוטב שום 300גרם,יוניליוור ישראל שיווק בעמ,,,"י""ח",300,ל  גרם,false,1,8.50,2.83,true,1,
7290112495792,false,הלמנס רוטב שום לייט 300גרם,יוניליוור ישראל שיווק בעמ,,,"י""ח",300,ל  גרם,false,1,8.50,2.83,true,1,
7290112495808,false,הלמנס לסלט חרדל ודבש 305גרם,יוניליוור ישראל שיווק בעמ,,,"י""ח",305,ל  גרם,false,1,8.50,2.79,true,1,
7290112495815,false,הלמנס רוטב חרדל דבש לייט 305גר,יוניליוור ישראל שיווק בעמ,,,"י""ח",305,ל  גרם,false,1,8.50,2.79,true,1,
7290112495822,false,כריות תלמה בלאק 686ג בדץ,יוניליוור ישראל שיווק בעמ,,,"י""ח",750,ל  גרם,false,1,21.30,2.84,true,1,
7290112495938,false,קרקר 6 דגנים 250 גרם,יוניליוור ישראל שיווק בעמ,,,"י""ח",250,ל  גרם,false,1,7.60,3.04,false,1,
7290112496027,false,"סירופ שוקולד לחיץ 580 מ""ל כשל""פ אפיכל",יוניליוור ישראל שיווק בעמ,,,"י""ח",580,"ל  מ""ל",false,1,9.30,1.60,false,1,
7290112496034,false,"סירופ מייפל לחיץ 580 מ""ל כשל""פ אפיכל",יוניליוור ישראל שיווק בעמ,,,"י""ח",580,"ל  מ""ל",false,1,9.30,1.60,false,1,
7290112496218,false,קנור רוטב טריאקי 340ג,יוניליוור ישראל שיווק בעמ,,,"י""ח",340,ל  גרם,false,1,9.30,2.74,true,1,
7290112496331,false,קורנפלקס  448ג בננה,יוניליוור ישראל שיווק בעמ,,,"י""ח",448,ל  גרם,false,1,15.30,3.42,true,1,
7290112496430,false,נמס בכוס עגבניות אקסטרה אטריות,יוניליוור ישראל שיווק בעמ,,,"י""ח",39,ל  גרם,false,1,3.30,8.46,false,1,
7290112496447,false,נמס בכוס טעם עוף אקסטרה אטריות,יוניליוור ישראל שיווק בעמ,,,"י""ח",39,ל  גרם,false,1,3.30,8.46,false,1,
7290112496461,false,נמס בכוס טעם עוף עם אטריות וקרטונים,יוניליוור ישראל שיווק בעמ,,,"י""ח",35,ל  גרם,false,1,3.30,9.43,false,1,
7290112497000,false,פנטסטיק 1 ליטר,יוניליוור ישראל שיווק בעמ,,,"י""ח",1,ליטר,false,1,8.50,8.50,false,1,
7290112497123,false,סחלב 56 גרם,יוניליוור ישראל שיווק בעמ,,,"י""ח",112,ל  גרם,false,1,10.20,9.11,false,1,
7290112497499,false,טבלת קליק לבן עוגיות 85ג,יוניליוור ישראל שיווק בעמ,,,"י""ח",100,ל  גרם,false,1,4.20,4.20,true,1,
7290112497505,false,"תחליב גוף וזלין ירוק עם אלוורה 600מ""ל",יוניליוור ישראל שיווק בעמ,,,"י""ח",600,"ל  מ""ל",false,1,17,2.83,false,1,
7290112497710,false,פינוק שמפו אל דמע בייבי 700מ,יוניליוור ישראל שיווק בעמ,,,"י""ח",700,"ל  מ""ל",false,1,12.70,1.81,false,1,
7290112497864,false,מרק עוף רכיבים טבעיים 33% פחות נת 400ג,יוניליוור ישראל שיווק בעמ,,,"י""ח",400,ל  גרם,false,1,16.20,4.05,true,1,
7290112497932,false,נשנושים ביס טעם שמנת בצל 60גר`,יוניליוור ישראל שיווק בעמ,,,"י""ח",60,ל  גרם,false,1,3.30,5.50,false,1,
7290112497994,false,גרנולה פרוטאין 300 גרם,יוניליוור ישראל שיווק בעמ,,,"י""ח",300,ל  גרם,false,1,13.60,4.53,false,1,
7290112498007,false,גרנולה פרוטאין 300 גרם,יוניליוור ישראל שיווק בעמ,,,"י""ח",300,ל  גרם,false,1,13.60,4.53,false,1,
7290112498175,false,"הלמנס גלון חרדל דבש 5ק""ג",יוניליוור ישראל שיווק בעמ,,,"י""ח",180,ל  גרם,false,1,119.60,66.44,false,1,
7290112498267,false,"פינוק סבון  ידיים נוזלי קלאסי 950מ""ל",יוניליוור ישראל שיווק בעמ,,,"י""ח",950,"ל  מ""ל",false,1,10.20,1.07,false,1,
7290112498274,false,"פינוק סבון  ידיים נוזלי לבנדר 950מ""ל",יוניליוור ישראל שיווק בעמ,,,"י""ח",950,"ל  מ""ל",false,1,10.20,1.07,false,1,
7290112498281,false,"פינוק סבון  ידיים נוזלי קוקוס 950מ""ל",יוניליוור ישראל שיווק בעמ,,,"י""ח",950,"ל  מ""ל",false,1,10.20,1.07,false,1,
7290112498298,false,"פינוק סבון  ידיים נוזלי מרוקאי 950מ""ל",יוניליוור ישראל שיווק בעמ,,,"י""ח",950,"ל  מ""ל",false,1,10.20,1.07,false,1,
7290112498441,false,"רוטב אסייתי למוקפץ 270 מ""ל",יוניליוור ישראל שיווק בעמ,,,"י""ח",370,"ל  מ""ל",false,1,9.30,2.51,true,1,
7290112498748,false,מאגדת מיני סולרו וניל תות שדה,גלידות שטראוס בעמ,,,"י""ח",325,ל  גרם,false,1,19.60,6.03,false,1,
7290112498915,false,מאגדת  מגנום שקדים  מיני שטראוס,גלידות שטראוס בעמ,,,"י""ח",280,ל  גרם,false,1,22.10,7.89,false,1,
7290112499097,false,מאגדת  מגנום מריר  מיני,גלידות שטראוס בעמ,,,"י""ח",280,ל  גרם,false,1,22.10,7.89,false,1,
7290112499127,false,מגנום שוקולד לבן תות אימפאלס,גלידות שטראוס בעמ,,,"י""ח",90,ל  גרם,false,1,8.60,9.56,true,1,
7290112499189,false,קרמיסימו חד קרן,גלידות שטראוס בעמ,,,"י""ח",1.33,ליטר,false,1,16.20,12.18,false,1,
7290112499219,false,גודיז מאגדת 5יח בטעם פיסטוק שוקולד,גלידות שטראוס בעמ,,,"י""ח",297,ל  גרם,false,1,17,5.72,false,1,
7290112499455,false,"פינוק סבון נוזלי מרוקאי 700מ""ל",יוניליוור ישראל שיווק בעמ,,,"י""ח",750,"ל  מ""ל",false,1,9.30,1.24,false,1,
7290112499462,false,"פינוק סבון נוזלי שמן קוקוס 700מ""ל",יוניליוור ישראל שיווק בעמ,,,"י""ח",750,"ל  מ""ל",false,1,9.30,1.24,false,1,
7290112499479,false,פינוק שמפו עם קרטין,יוניליוור ישראל שיווק בעמ,,,"י""ח",700,"ל  מ""ל",false,1,10.20,1.46,true,1,
7290112499639,false,טילון סופר מגנום וניל שוקולד,גלידות שטראוס בעמ,,,"י""ח",110,ל  גרם,false,1,6.80,6.18,true,1,
7290112499646,false,"קורנטו טעם וניל עם וופל,פקאן",גלידות שטראוס בעמ,,,"י""ח",108,ל  גרם,false,1,6.80,6.30,true,1,
7290112499677,false,מגנום שוקולד 85ג  לבן,גלידות שטראוס בעמ,,,"י""ח",85,ל  גרם,false,1,6.80,8,true,1,
7290112499776,false,גודיז מאגדת 5יח בטעם 3 שוקולדים,גלידות שטראוס בעמ,,,"י""ח",297,ל  גרם,false,1,17,5.72,false,1,
7290112499837,false,מגנום דואט שוקולד עם נוגט,גלידות שטראוס בעמ,,,"י""ח",90,ל  גרם,false,1,6.80,7.56,true,1,
7290112499929,false,מגנום שוקולד,גלידות שטראוס בעמ,,,"י""ח",90,ל  גרם,false,1,6.80,7.56,true,1,
7290112499936,false,מגנום שקדים אימפאלס,גלידות שטראוס בעמ,,,"י""ח",90,ל  גרם,false,1,8.60,9.56,true,1,
7290112499943,false,מאגדת  מגנום קלאסיק שוקולד  מיני,גלידות שטראוס בעמ,,,"י""ח",280,ל  גרם,false,1,22.10,7.89,false,1,
7290112705440,false,צלחת במבוק 23 נסיכות,שמחה זה אנחנו,,,"י""ח",1,,false,1,8.50,8.50,false,1,
7290112706362,false,שלישיית ביצי שוקולד מפרץ ההרפתקאות,שמחה זה אנחנו,,,"י""ח",1,,false,1,12.80,12.80,false,1,
7290112961372,false,פיטנס חטיפי פריכיות דקות 60גר,קבוצת אוסם סחר-שות.מוגבלת,,,"י""ח",60,ל  גרם,false,1,7.60,12.67,true,1,
7290112961440,false,פיטנס בר פריכיות שוקולד מריר 84גר,קבוצת אוסם סחר-שות.מוגבלת,,,"י""ח",84,ל  גרם,false,1,12.70,15.12,true,1,
7290112961464,false,פיטנס חטיפי פריכיות דקות 60גר,קבוצת אוסם סחר-שות.מוגבלת,,,"י""ח",60,ל  גרם,false,1,7.60,12.67,true,1,
7290112962003,false,קראנץ וניל עוגיות  90ג,נגה גלידות,,,"י""ח",90,ל  גרם,false,1,10.20,11.33,true,1,
7290112962287,false,טבעול שווארמה טבעונית  450גר,קבוצת אוסם סחר-שות.מוגבלת,,,"י""ח",500,ל  גרם,false,1,32.40,6.48,true,1,
7290112963529,false,מאגדת אקסטרים שוקו וניל,נגה גלידות,,,"י""ח",1,,false,1,30.70,30.70,false,1,
7290112963918,false,פיטנס חטיפי קרקר דק רוזמרין 140גר,קבוצת אוסם סחר-שות.מוגבלת,,,"י""ח",140,ל  גרם,false,1,11,7.86,true,1,
7290112964052,false,פרפקטו פסטה וזוביוטו 500גר.,קבוצת אוסם סחר-שות.מוגבלת,,,"י""ח",500,ל  גרם,false,1,10.20,2.04,false,1,
7290112964410,false,רוטב אלף האיים אסם 290 מייל.,קבוצת אוסם סחר-שות.מוגבלת,,,"י""ח",290,"ל  מ""ל",false,1,10.20,3.52,true,1,
7290112964434,false,"רוטב לסלט קיסר 290מ""ל",קבוצת אוסם סחר-שות.מוגבלת,,,"י""ח",290,"ל  מ""ל",false,1,10.20,3.52,true,1,
7290112964564,false,רוטב שום  לייט 290 מייל,קבוצת אוסם סחר-שות.מוגבלת,,,"י""ח",290,"ל  מ""ל",false,1,10.20,3.52,true,1,
7290112964601,false,"רוטב בנוסח סצואן  360מ""ל",קבוצת אוסם סחר-שות.מוגבלת,,,"י""ח",360,ל  גרם,false,1,12.70,3.53,false,1,
7290112964724,false,טבעול המבורגר  טבעוני 580גר,קבוצת אוסם סחר-שות.מוגבלת,,,"י""ח",580,ל  גרם,false,1,32.40,5.59,true,1,
7290112965240,false,זוג מרק נמס עגבניות 60גרם,קבוצת אוסם סחר-שות.מוגבלת,,,"י""ח",60,ל  גרם,false,1,5.50,9.17,false,1,
7290112965660,false,פיטנס מולטיגרין מלח פלפל 25 גרם,קבוצת אוסם סחר-שות.מוגבלת,,,"י""ח",25,ל  גרם,false,1,4.30,17.20,true,1,
7290112965707,false,פיטנס מולטיגרין צ`ילי מעודן 25 גרם,קבוצת אוסם סחר-שות.מוגבלת,,,"י""ח",25,ל  גרם,false,1,4.30,17.20,true,1,
7290112965868,false,קרם קרקר במליחות מעודנת 250גר,קבוצת אוסם סחר-שות.מוגבלת,,,"י""ח",250,ל  גרם,false,1,8.50,3.40,true,1,
7290112965905,false,בייגלה שמיניות במליחות 400גרם,קבוצת אוסם סחר-שות.מוגבלת,,,"י""ח",400,ל  גרם,false,1,9.30,2.33,false,1,
7290112965943,false,טבעול נאגטס ירקות ירוקים  500גר,קבוצת אוסם סחר-שות.מוגבלת,,,"י""ח",500,ל  גרם,false,1,32.40,6.48,true,1,
7290112965967,false,טבעול נאגטס ירקות כתומים 500גר,קבוצת אוסם סחר-שות.מוגבלת,,,"י""ח",500,ל  גרם,false,1,32.40,6.48,true,1,
7290112966025,false,בייגלה כפיות כפרי טוגו 60גר,קבוצת אוסם סחר-שות.מוגבלת,,,"י""ח",400,ל  גרם,false,1,2.70,0.68,false,1,
7290112966094,false,עוגת הבית תפוז מופחת סוכר 400גר,קבוצת אוסם סחר-שות.מוגבלת,,,"י""ח",400,ל  גרם,false,1,10.20,2.55,false,1,
7290112966247,false,לחמית כוסמין 200גר,קבוצת אוסם סחר-שות.מוגבלת,,,"י""ח",200,ל  גרם,false,1,7.60,3.80,true,1,
7290112966803,false,פודינג  שוקולד 88 ג אסם,קבוצת אוסם סחר-שות.מוגבלת,,,"י""ח",88,ל  גרם,false,1,5,5.68,true,1,
7290112966841,false,פודינג  שוקולד מריר 88 ג אסם,קבוצת אוסם סחר-שות.מוגבלת,,,"י""ח",88,ל  גרם,false,1,5,5.68,true,1,
7290112967114,false,פיטנס חטיפי פריכיות קטניות ופלפל 60ג,קבוצת אוסם סחר-שות.מוגבלת,,,"י""ח",60,ל  גרם,false,1,7.60,12.67,true,1,
7290112967138,false,בייגל שמיניה  ללא גלוטן 250גרם,קבוצת אוסם סחר-שות.מוגבלת,,,"י""ח",250,ל  גרם,false,1,10.20,4.08,false,1,
7290112967381,false,פיטנס חטיפי פריכיות קטניות ומלח ים 60גר,קבוצת אוסם סחר-שות.מוגבלת,,,"י""ח",60,ל  גרם,false,1,7.60,12.67,true,1,
7290112968203,false,צבר סלט טחינה בלאדי 250גר,קבוצת אוסם סחר-שות.מוגבלת,,,"י""ח",250,ל  גרם,false,1,8.50,3.40,false,1,
7290112968708,false,"שניצל תירס טבעול  1.3ק""ג",קבוצת אוסם סחר-שות.מוגבלת,,,"י""ח",1.30,"ק""ג",false,1,39.40,30.31,true,1,
7290112968807,false,פיטנס חטיפי קרקר דק סלק 150גר,קבוצת אוסם סחר-שות.מוגבלת,,,"י""ח",150,ל  גרם,false,1,11,7.33,true,1,
7290112968821,false,פיטנס חטיפי קרקר דק בטטה 150גר,קבוצת אוסם סחר-שות.מוגבלת,,,"י""ח",150,ל  גרם,false,1,11,7.33,true,1,
7290112969071,false,פרפקטו פסטה רדיאטורי 500גר,קבוצת אוסם סחר-שות.מוגבלת,,,"י""ח",500,ל  גרם,false,1,10.20,2.04,false,1,
7290112969286,false,רוטב בישולים חרדל ודבש  330גר,קבוצת אוסם סחר-שות.מוגבלת,,,"י""ח",330,ל  גרם,false,1,13.90,4.21,true,1,
7290112969903,false,טבעול נאגטס ירקות לבנים500גר,קבוצת אוסם סחר-שות.מוגבלת,,,"י""ח",500,ל  גרם,false,1,32.40,6.48,true,1,
7290113190450,false,ממרח תמרים ירדן (בדץ).,דין שיווק וקליה 2021 בעמ,,,"י""ח",450,ל  גרם,false,1,5,1.11,false,1,
7290113190863,false,סילאן שקדיה 100% טבעי 385גר,דין שיווק וקליה 2021 בעמ,,,"י""ח",385,ל  גרם,false,1,12.70,3.30,false,1,
7290113191006,false,פפריקה מתוקה 250גר אהרוני,****דין שיווק וקליה 2021 בעמ,,,"י""ח",250,ל  גרם,false,1,17,6.80,true,1,
7290113191013,false,פפריקה חריפה 250גר אהרוני,****דין שיווק וקליה 2021 בעמ,,,"י""ח",250,ל  גרם,false,1,17,6.80,true,1,
7290113191020,false,פלפל שחור טחון 250גר אהרוני,****דין שיווק וקליה 2021 בעמ,,,"י""ח",250,ל  גרם,false,1,17,6.80,true,1,
7290113191037,false,פלפל שחור גרוס 250גר אהרוני,****דין שיווק וקליה 2021 בעמ,,,"י""ח",250,ל  גרם,false,1,17,6.80,true,1,
7290113191044,false,כמון מזרחי 250גר אהרוני,****דין שיווק וקליה 2021 בעמ,,,"י""ח",250,ל  גרם,false,1,17,6.80,true,1,
7290113191051,false,כורכום טחון 250גר אהרוני,****דין שיווק וקליה 2021 בעמ,,,"י""ח",250,ל  גרם,false,1,17,6.80,true,1,
7290113191068,false,גריל עוף 250גר אהרוני,****דין שיווק וקליה 2021 בעמ,,,"י""ח",250,ל  גרם,false,1,17,6.80,true,1,
7290113191747,false,דפי אורז מרובעים 250ג.,דין שיווק וקליה 2021 בעמ,,,"י""ח",250,ל  גרם,false,1,8.50,3.40,false,1,
7290113191907,false,טורטיה חיטה להכנת פיצה 440גר,לפ דין שיווק וקליהבעמ,,,"י""ח",440,ל  גרם,false,1,10.20,2.32,false,1,
7290113192102,false,דפי אורז עגול קטן 250ג.,דין שיווק וקליה 2021 בעמ,,,"י""ח",250,ל  גרם,false,1,8.50,3.40,false,1,
7290113192201,false,פינוק סלחב 500גר קרטון,דין שיווק וקליה 2021 בעמ,,,"י""ח",500,ל  גרם,false,1,11.90,2.38,false,1,
7290113192218,false,פינוק מלבי 500גר קרטון,דין שיווק וקליה 2021 בעמ,,,"י""ח",500,ל  גרם,false,1,11.90,2.38,false,1,
7290113192300,false,חרוזית מושחר].A2בית שיטה[,קבוצת אוסם סחר-שות.מוגבלת,,,"י""ח",275,ל  גרם,false,1,9.50,3.45,true,1,
7290113192324,false,זית ירוק 340גר בית השיטה.,קבוצת אוסם סחר-שות.מוגבלת,,,"י""ח",340,ל  גרם,false,1,9.30,2.74,false,1,
7290113192331,false,בית השיטה זיתים ירוקים A2..,קבוצת אוסם סחר-שות.מוגבלת,,,"י""ח",340,ל  גרם,false,1,8.70,2.56,false,1,
7290113192348,false,זית ירוק שום בית השיטה 340גר,קבוצת אוסם סחר-שות.מוגבלת,,,"י""ח",340,ל  גרם,false,1,9.50,2.79,true,1,
7290113192355,false,חרוזית ירוק]בית השיטה[,קבוצת אוסם סחר-שות.מוגבלת,,,"י""ח",275,ל  גרם,false,1,9.30,3.38,true,1,
7290113192362,false,טבעות זיתים ירוקים A2.,קבוצת אוסם סחר-שות.מוגבלת,,,"י""ח",280,ל  גרם,false,1,9.60,3.43,false,1,
7290113192386,false,זית סורי מבוקע]בית שיטה[,קבוצת אוסם סחר-שות.מוגבלת,,,"י""ח",340,ל  גרם,false,1,10.70,3.15,false,1,
7290113192478,false,מלפפון במלח .10-12בית  שיטה,קבוצת אוסם סחר-שות.מוגבלת,,,"י""ח",320,ל  גרם,false,1,6.90,2.16,false,1,
7290113192485,false,מלפפון בחומץ -10-12 בית השיטה,קבוצת אוסם סחר-שות.מוגבלת,,,"י""ח",290,ל  גרם,false,1,6.90,2.38,false,1,
7290113192492,false,מלפפון בחומץ 13-17 בית השיטה,קבוצת אוסם סחר-שות.מוגבלת,,,"י""ח",290,ל  גרם,false,1,9.30,3.21,false,1,
7290113192508,false,מלפפון-במלח ]13-17בית שיטה[,קבוצת אוסם סחר-שות.מוגבלת,,,"י""ח",320,ל  גרם,false,1,9.30,2.91,false,1,
7290113192515,false,מלפפון במלח .18-25בית שיטה[,קבוצת אוסם סחר-שות.מוגבלת,,,"י""ח",320,ל  גרם,false,1,11,3.44,false,1,
7290113192522,false,מלפפון בחומץ 18-25,קבוצת אוסם סחר-שות.מוגבלת,,,"י""ח",290,ל  גרם,false,1,11,3.79,false,1,
7290113192539,false,מלפפון  במלח ]7-9בית  שיטה[,קבוצת אוסם סחר-שות.מוגבלת,,,"י""ח",320,ל  גרם,false,1,6.10,1.91,false,1,
7290113192546,false,מלפפון בחומץ 7-9 בית השיטה,קבוצת אוסם סחר-שות.מוגבלת,,,"י""ח",290,ל  גרם,false,1,6.10,2.10,false,1,
7290113192553,false,מלפפון במלח באלדי13-17,קבוצת אוסם סחר-שות.מוגבלת,,,"י""ח",320,ל  גרם,false,1,9.30,2.91,false,1,
7290113192560,false,שיפקה A2,קבוצת אוסם סחר-שות.מוגבלת,,,"י""ח",230,ל  גרם,false,1,6.80,2.96,true,1,
7290113192577,false,כרוב כבוש]בית   השיטה[,קבוצת אוסם סחר-שות.מוגבלת,,,"י""ח",430,ל  גרם,false,1,6.80,1.58,false,1,
7290113192881,false,טורטיה חיטה מופחתת קלוריות,לפ דין שיווק וקליהבעמ,,,"י""ח",420,ל  גרם,false,1,7.60,1.81,false,1,
7290113192997,false,זית מרוקאי 340גר בית השיטה.,קבוצת אוסם סחר-שות.מוגבלת,,,"י""ח",720,ל  גרם,false,1,11,1.53,false,1,
7290113193000,false,פלפל שיפקונית 230גר בית השיטה.,קבוצת אוסם סחר-שות.מוגבלת,,,"י""ח",230,ל  גרם,false,1,9.30,4.04,false,1,
7290113193017,false,בית השיטה קוקטייל זיתים,קבוצת אוסם סחר-שות.מוגבלת,,,"י""ח",275,ל  גרם,false,1,11,4,false,1,
7290113193031,false,בית השיטה חרוזית קלמטה,קבוצת אוסם סחר-שות.מוגבלת,,,"י""ח",275,ל  גרם,false,1,11,4,false,1,
7290113193406,false,בית השיטה טבעות קוקטייל זיתים 280גר,קבוצת אוסם סחר-שות.מוגבלת,,,"י""ח",275,ל  גרם,false,1,11,4,false,1,
7290113193888,false,חצילים מוחמצים 320גר בית השיטה.,קבוצת אוסם סחר-שות.מוגבלת,,,"י""ח",320,ל  גרם,false,1,8.70,2.72,true,1,
7290113194090,false,טבעות קלמטה 280גר בית השיטה.,קבוצת אוסם סחר-שות.מוגבלת,,,"י""ח",280,ל  גרם,false,1,9.30,3.32,false,1,
7290113195066,false,חלבה טורקית טעם וניל 400גר שקדיה,לפ דין שיווק וקליהבעמ,,,"י""ח",400,ל  גרם,false,1,11.90,2.98,false,1,
7290113195080,false,חלבה טורקית טעם שוקו וניל 400גר שקדיה,דין שיווק וקליה 2021 בעמ,,,"י""ח",400,ל  גרם,false,1,11.90,2.98,false,1,
7290113195264,false,ממרח פלפלים קלויים  360גר,דין שיווק וקליה 2021 בעמ,,,"י""ח",360,ל  גרם,false,1,11.90,3.31,false,1,
7290113195271,false,ממרח פלפלים פיקנטיים  360גר,דין שיווק וקליה 2021 בעמ,,,"י""ח",360,ל  גרם,false,1,11.90,3.31,false,1,
7290113196018,false,פסטה מסולסלת 500גר,דין שיווק וקליה 2021 בעמ,,,"י""ח",500,ל  גרם,false,1,4.20,0.84,true,1,
7290113196414,false,"אורז בסמטי שקדיה 1ק""ג",דין שיווק וקליה 2021 בעמ,,,"י""ח",1,"ק""ג",false,1,8.40,8.40,false,1,
7290113196506,false,פריכיות כוסמת ללא מלח 150גר שקדיה,לפ דין שיווק וקליהבעמ,,,"י""ח",150,ל  גרם,false,1,8.50,5.67,false,1,
7290113196520,false,פריכיות כוסמין ללא מלח 150גר שקדיה,לפ דין שיווק וקליהבעמ,,,"י""ח",150,ל  גרם,false,1,8.50,5.67,false,1,
7290113196902,false,מנה חמה אטריות אורז בטעם בקר,דין שיווק וקליה 2021 בעמ,,,"י""ח",70,ל  גרם,false,1,6.80,9.71,false,1,
7290113196926,false,מנה חמה אטריות אורז בטעם ירקות,דין שיווק וקליה 2021 בעמ,,,"י""ח",70,ל  גרם,false,1,6.80,9.71,false,1,
7290113196933,false,מנה חמה אטריות אורז בטעם טום יאס,דין שיווק וקליה 2021 בעמ,,,"י""ח",70,ל  גרם,false,1,6.80,9.71,false,1,
7290113197169,false,חמאת בוטנים עם שברי בוטנים 510גר`,דין שיווק וקליה 2021 בעמ,,,"י""ח",510,ל  גרם,false,1,13.60,2.67,false,1,
7290113197824,false,בית השיטה לבבות דקל 220גר,קבוצת אוסם סחר-שות.מוגבלת,,,"י""ח",220,ל  גרם,false,1,11,5,true,1,
7290113197855,false,בית השיטה תירס גמדי 230גר,קבוצת אוסם סחר-שות.מוגבלת,,,"י""ח",230,ל  גרם,false,1,11,4.78,true,1,
7290113198395,false,קשיו ענק 250גר מחנה יהודה,דין שיווק וקליה 2021 בעמ****,,,"י""ח",250,ל  גרם,false,1,21.30,8.52,true,1,
7290113198401,false,בוטנים קלויים ג`מבו 300גר מחנה יהודה,דין שיווק וקליה 2021 בעמ****,,,"י""ח",300,ל  גרם,false,1,17,5.67,true,1,
7290113198418,false,שקד קלוי ענק  250גר מחנה יהודה,דין שיווק וקליה 2021 בעמ****,,,"י""ח",250,ל  גרם,false,1,21.30,8.52,true,1,
7290113198425,false,פקאן טבעי 200גר מחנה יהודה,דין שיווק וקליה 2021 בעמ****,,,"י""ח",200,ל  גרם,false,1,21.30,10.65,true,1,
7290113198432,false,תערובת פיצוחים מובחרת 250גר מחנה יהודה,דין שיווק וקליה 2021 בעמ****,,,"י""ח",250,ל  גרם,false,1,21.30,8.52,true,1,
7290113198449,false,שקד טבעי 300גר מחנה יהודה,דין שיווק וקליה 2021 בעמ****,,,"י""ח",300,ל  גרם,false,1,21.30,7.10,true,1,
7290113198456,false,חמוציות  250גר מחנה יהודה,דין שיווק וקליה 2021 בעמ****,,,"י""ח",250,ל  גרם,false,1,8.50,3.40,true,1,
7290113198463,false,פקאו סיני 160גר מחנה יהודה,דין שיווק וקליה 2021 בעמ****,,,"י""ח",160,ל  גרם,false,1,17,10.63,true,1,
7290113198470,false,אגוז מלך 200גר מחנה יהודה,דין שיווק וקליה 2021 בעמ****,,,"י""ח",200,ל  גרם,false,1,12.70,6.35,true,1,
7290113198494,false,פיסטוק קלוי גדול 200גר מחנה יהודה,דין שיווק וקליה 2021 בעמ****,,,"י""ח",200,ל  גרם,false,1,21.30,10.65,true,1,
7290113198517,false,שזיף ללא גרעין 330גר מחנה יהודה,דין שיווק וקליה 2021 בעמ****,,,"י""ח",330,ל  גרם,false,1,17,5.15,true,1,
7290113198579,false,סוכריות גומי דובונים טעם פירות 200ג,דין שיווק וקליה 2021 בעמ,,,"י""ח",200,ל  גרם,false,1,8.50,4.25,false,1,
7290113199408,false,פריכיות כוסמין 150גר שקדיה,דין שיווק וקליה 2021 בעמ,,,"י""ח",150,ל  גרם,false,1,8.50,5.67,false,1,
7290113199682,false,גרנולה עם פירות יבשים  500ג צנצנת,דין שיווק וקליה 2021 בעמ,,,"י""ח",500,ל  גרם,false,1,11,2.20,false,1,
7290113199774,false,ממרח 100% בוטנים 300גר,דין שיווק וקליה 2021 בעמ,,,"י""ח",300,ל  גרם,false,1,12.70,4.23,false,1,
7290113199842,false,מגש אירול סוכריות גומי 700ג,דין שיווק וקליה 2021 בעמ,,,"י""ח",350,ל  גרם,false,1,25.60,7.31,false,1,
7290113199927,false,סוכריות חמצוצים טעם פירות 180ג,דין שיווק וקליה 2021 בעמ,,,"י""ח",180,ל  גרם,false,1,8.50,4.72,false,1,
7290113199934,false,סוכריות חמצוצים טעם אוכמניות 180ג,דין שיווק וקליה 2021 בעמ,,,"י""ח",180,ל  גרם,false,1,8.50,4.72,false,1,
7290113285095,false,"כפפות  לטקס ללא אבקה  S פרפקט כשל""פ",ח.כהן סוכנות מזון ומשקאות בע,,,"י""ח",80,"י""ח",false,1,19.60,0.25,true,1,
7290113285101,false,"כפפות  לטקס ללא אבקה  M פרפקט כשל""פ",ח.כהן סוכנות מזון ומשקאות בע,,,"י""ח",80,"י""ח",false,1,19.60,0.25,true,1,
7290113285118,false,"כפפות  לטקס ללא אבקה  L פרפקט כשל""פ",ח.כהן סוכנות מזון ומשקאות בע,,,"י""ח",80,"י""ח",false,1,19.60,0.25,true,1,
7290113285125,false,"כפפות  לטקס ללא אבקה  XL פרפקט כשל""פ",ח.כהן סוכנות מזון ומשקאות בע,,,"י""ח",80,"י""ח",false,1,19.60,0.25,true,1,
7290113300125,false,בונזו מקלות בקר 50ג,דיפלומט מפיצים (1968) בעמ**,,,"י""ח",50,ל  גרם,false,1,7.60,15.20,false,1,
7290113300156,false,בונזו מקלות עוף  50ג,דיפלומט מפיצים (1968) בעמ**,,,"י""ח",50,ל  גרם,false,1,7.60,15.20,false,1,
7290113300194,false,פאוץ מתחוני לה קט עם עוף ברוטב 85ג,דיפלומט מפיצים (1968) בעמ**,,,"י""ח",85,ל  גרם,false,1,4.20,4.94,false,1,
7290113300224,false,פאוץ מתחוני לה קט עם סלמון ברוטב 85ג,דיפלומט מפיצים (1968) בעמ**,,,"י""ח",85,ל  גרם,false,1,4.20,4.94,false,1,
7290113300231,false,פאוץ מתחוני לה קט עם בקר בגלי 85ג,דיפלומט מפיצים (1968) בעמ**,,,"י""ח",85,ל  גרם,false,1,4.20,4.94,false,1,
7290113560055,false,מי פה פרדונטקס 500 מ``ל,גורי ע.ע.ע. בעמ,,,"י""ח",500,ל  גרם,false,1,25.60,5.12,true,1,
7290113560109,false,משחת פרודונטקס הרבל,גורי ע.ע.ע. בעמ,,,"י""ח",1,,false,1,26.40,26.40,true,1,
7290113634367,false,"אסאדו בורגר 1ק""ג ארוז",ח.י. מעדני גורמה בעמ,,,"י""ח",800,ל  גרם,false,1,63.90,7.99,true,1,
7290113860063,false,פירות קפואים מלון מחנה יהודה 350 גר.,אביב שלמה השקעות בעמ,,,"י""ח",1,,false,1,11,11,true,1,
7290113860247,false,עוגות אישיות שכבות עשריה פנטולה,ש.שסטוביץ בעמ,,,"י""ח",400,ל  גרם,false,1,11,2.75,true,1,
7290113860476,false,מלפפון 7-9 מחנה יהודה,קבוצת יבנה מוצרי מזון בעמ,,,"י""ח",600,ל  גרם,false,1,5.90,0.98,true,1,
7290113860483,false,מלפפון 18-25 מחנה יהודה,קבוצת יבנה מוצרי מזון בעמ,,,"י""ח",600,ל  גרם,false,1,9.30,1.55,true,1,
7290113860667,false,"קמח חיטה לבן 1ק""ג מחנה יהודה",טחנות ישראליות בעמ,,,"י""ח",1,"ק""ג",false,1,6.80,6.80,true,1,
7290113860681,false,"קמח חלות 1ק""ג מחנה יהודה",טחנות ישראליות בעמ,,,"י""ח",1,"ק""ג",false,1,7.60,7.60,true,1,
7290113860742,false,"קמח כוסמין מלא 100% 1ק""ג ישראליות",טחנות ישראליות בעמ,,,"י""ח",1,"ק""ג",false,1,13.60,13.60,true,1,
7290114310215,false,"שמנת מתוקה עמידה 38% 250  מ""ל*בד""צ",*החברה המרכזית להפצת משקאותבעמ,,,"י""ח",250,"ל  מ""ל",false,1,5.53,2.21,false,1,
7290114310222,false,חלב מועשר בסידן בויטמין D 1.5ליטר,*החברה המרכזית להפצת משקאותבעמ,,,"י""ח",1.50,ליטר,false,1,10.70,7.13,false,1,
7290114310239,false,חלב נטול לקטוז מועשר בויטמין D 1.5ליטר,*החברה המרכזית להפצת משקאותבעמ,,,"י""ח",1.50,ליטר,false,1,10.70,7.13,false,1,
7290114310246,false,גרנה פדנו צאנק 125ג משק צוריאל,*החברה המרכזית להפצת משקאותבעמ,,,"י""ח",125,ל  גרם,false,1,15.30,12.24,false,1,
7290114310253,false,גרנה פדנו מגורדת  100ג משק צוריאל,*החברה המרכזית להפצת משקאותבעמ,,,"י""ח",100,ל  גרם,false,1,15.30,15.30,false,1,
7290114310338,false,גבינה צפתית 5% צוריאל,*החברה המרכזית להפצת משקאותבעמ,,,"י""ח",250,ל  גרם,false,1,14.40,5.76,false,1,
7290114310345,false,מעדן מוו תות 1.5% 125גר.,*החברה המרכזית להפצת משקאותבעמ,,,"י""ח",250,ל  גרם,false,1,2.50,1,true,1,
7290114310383,false,קציפת יוגורט בטעם וניל צרפת FROOP MULLER,*החברה המרכזית להפצת משקאותבעמ,,,"י""ח",150,"ל  מ""ל",false,1,4.50,3,true,1,
7290114310390,false,קציפת יוגורט בטעם בננה לוטי FROOP MULL,*החברה המרכזית להפצת משקאותבעמ,,,"י""ח",150,"ל  מ""ל",false,1,4.50,3,true,1,
7290114310406,false,קציפת יוגורט תות FROOP MULL,*החברה המרכזית להפצת משקאותבעמ,,,"י""ח",150,"ל  מ""ל",false,1,4.50,3,true,1,
7290114310505,false,מולר מיקס יוגורט תות בתוספת קורנפלקס,*החברה המרכזית להפצת משקאותבעמ,,,"י""ח",500,ל  גרם,false,1,5.10,1.02,false,1,
7290114310512,false,מולר מיקס יוגורט קרמי עם טבעות מצופות,*החברה המרכזית להפצת משקאותבעמ,,,"י""ח",500,ל  גרם,false,1,5.10,1.02,false,1,
7290114310529,false,מולר מיקס יוגורט קרמי עם טבעות מצופות,*החברה המרכזית להפצת משקאותבעמ,,,"י""ח",500,ל  גרם,false,1,5.10,1.02,false,1,
7290114310536,false,מולר אקטיב לייט 0% שומן טעם וניל,*החברה המרכזית להפצת משקאותבעמ,,,"י""ח",200,"ל  מ""ל",false,1,5.10,2.55,true,1,
7290114310567,false,לאבנה עיזים  200גר 5%,*החברה המרכזית להפצת משקאותבעמ,,,"י""ח",200,ל  גרם,false,1,12.70,6.35,true,1,
7290114310611,false,"משקה חלב בננה  250מ""ל בקבוק פקק ספורט",*החברה המרכזית להפצת משקאותבעמ,,,"י""ח",250,"ל  מ""ל",false,1,4.90,1.96,false,1,
7290114310628,false,משקה חלב וניל עוגיות 1ל בקבוק,*החברה המרכזית להפצת משקאותבעמ,,,"י""ח",1,ליטר,false,1,10.30,10.30,true,1,
7290114310673,false,לאבנה 250גר 9%,*החברה המרכזית להפצת משקאותבעמ,,,"י""ח",250,ל  גרם,false,1,10.20,4.08,false,1,
7290114310888,false,מולר פרופ תות 1.5% 150 ג`,*החברה המרכזית להפצת משקאותבעמ,,,"י""ח",150,ל  גרם,false,1,4.50,3,true,1,
7290114310895,false,מאגדת שמינייה סימפלי 1.5% מנגו ותות.,*החברה המרכזית להפצת משקאותבעמ,,,"י""ח",150,"ל  מ""ל",false,1,26.40,17.60,false,1,
7290114310918,false,קוטג  5%  250 גרם,*החברה המרכזית להפצת משקאותבעמ,,,"י""ח",250,ל  גרם,false,1,4.90,1.96,true,1,
7290114311014,false,"שוקו חלב אייס קפוצינו 250מ""ל",*החברה המרכזית להפצת משקאותבעמ,,,"י""ח",250,"ל  מ""ל",false,1,4.90,1.96,false,1,
7290114311021,false,"שוקו חלב וניל עוגיות  250מ""ל",*החברה המרכזית להפצת משקאותבעמ,,,"י""ח",250,"ל  מ""ל",false,1,4.90,1.96,false,1,
7290114311038,false,"שמנת מתוקה 32% שומן 250מ""ל.",*החברה המרכזית להפצת משקאותבעמ,,,"י""ח",250,"ל  מ""ל",false,1,5.90,2.36,false,1,
7290114311069,false,מולר אקטיב 0% יוגורט לבן 200ג,*החברה המרכזית להפצת משקאותבעמ,,,"י""ח",200,"ל  מ""ל",false,1,5.10,2.55,true,1,
7290114311076,false,חמאת מולר צהובה עם שום 200ג.,*החברה המרכזית להפצת משקאותבעמ,,,"י""ח",200,ל  גרם,false,1,10.20,5.10,false,1,
7290114311083,false,חמאת מולר צהובה עם מלח 200ג.,*החברה המרכזית להפצת משקאותבעמ,,,"י""ח",200,ל  גרם,false,1,10.20,5.10,false,1,
7290114311298,false,מולר תות בננה מלון FROOP MULLER,*החברה המרכזית להפצת משקאותבעמ,,,"י""ח",150,"ל  מ""ל",false,1,4.50,3,true,1,
7290114311304,false,מולר מנגו פסיפלורה בננה FROOP MULLER,*החברה המרכזית להפצת משקאותבעמ,,,"י""ח",150,"ל  מ""ל",false,1,4.50,3,true,1,
7290114311358,false,מולר מנגו 3% שומן FROOP MULLER,*החברה המרכזית להפצת משקאותבעמ,,,"י""ח",150,"ל  מ""ל",false,1,4.50,3,true,1,
7290114311359,false,קציפת יוגורט בטעם מנגו FROOP MULL,*החברה המרכזית להפצת משקאותבעמ,,,"י""ח",150,"ל  מ""ל",false,1,4.50,3,true,1,
7290114311434,false,מולר אקטיב טעם קרמל מלוח 0% שומן,*החברה המרכזית להפצת משקאותבעמ,,,"י""ח",200,"ל  מ""ל",false,1,5.10,2.55,true,1,
7290114311441,false,מולר אקטיב טעם עוגיות חמאה 0% שומן,*החברה המרכזית להפצת משקאותבעמ,,,"י""ח",200,"ל  מ""ל",false,1,5.10,2.55,true,1,
7290114311458,false,חלב מועשר 3% שומן 1ליטר קרטון,*החברה המרכזית להפצת משקאותבעמ,,,"י""ח",1,ליטר,false,1,6.60,6.60,false,1,
7290114311496,false,חלב מועשר 1% שומן 1ליטר קרטון,*החברה המרכזית להפצת משקאותבעמ,,,"י""ח",1,ליטר,false,1,6.60,6.60,false,1,
7290114311502,false,משקה חלב 1ל בקבוק טעם סחלב,*החברה המרכזית להפצת משקאותבעמ,,,"י""ח",1,ליטר,false,1,10.30,10.30,true,1,
7290114311526,false,מולר קצפת תפוז ג`ינג`ר FROOP MULLER,*החברה המרכזית להפצת משקאותבעמ,,,"י""ח",150,"ל  מ""ל",false,1,4.50,3,true,1,
7290114311533,false,מולר קצפת פרי טעם סנגריה FROOP MULLER,*החברה המרכזית להפצת משקאותבעמ,,,"י""ח",150,"ל  מ""ל",false,1,4.50,3,true,1,
7290114600927,false,עלי טורטיה חיטה מלאה 320ג מאסטר שף,ש.שסטוביץ בעמ,,,"י""ח",320,ל  גרם,false,1,8.50,2.66,false,1,
7290114602976,false,פרי  מיניס קרקר פריך מחומוס  120ג,ש.שסטוביץ בעמ,,,"י""ח",120,ל  גרם,false,1,8.50,7.08,true,1,
7290114603034,false,פרי גרנולה אגוזים צימוקים וחמוציות,ש.שסטוביץ בעמ,,,"י""ח",300,ל  גרם,false,1,13.60,4.53,false,1,
7290114603508,false,"מאסטר שף רוטב להקפצה 300מ""ל",ש.שסטוביץ בעמ,,,"י""ח",300,ל  גרם,false,1,8.50,2.83,false,1,
7290114603515,false,רוטב קארי אדום 340ג מאסטר שף,ש.שסטוביץ בעמ,,,"י""ח",340,"ל  מ""ל",false,1,12.70,3.74,false,1,
7290114603539,false,קרוטונים למרק שום בצל 350ג מ.שף,ש.שסטוביץ בעמ,,,"י""ח",350,ל  גרם,false,1,15.30,4.37,false,1,
7290114603607,false,פוף משולש אפוי חמוץ חריף  40ג,ש.שסטוביץ בעמ,,,"י""ח",40,ל  גרם,false,1,3.30,8.25,true,1,
7290114604116,false,מקלוני כותנה 500יח עננים,ש.שסטוביץ בעמ,,,"י""ח",500,"י""ח",false,1,8.50,0.02,false,1,
7290114604840,false,"דפי אורז קוטר 16 כשל""פ מאסטר שף",ש.שסטוביץ בעמ,,,"י""ח",400,ל  גרם,false,1,12.70,3.18,false,1,
7290114604895,false,ממרח ספייסי לחיץ 446ג מאסטר שף,ש.שסטוביץ בעמ,,,"י""ח",446,ל  גרם,false,1,11.90,2.67,false,1,
7290114604901,false,ממרח שום לחיץ 446ג מאסטר שף,ש.שסטוביץ בעמ,,,"י""ח",446,ל  גרם,false,1,11.90,2.67,false,1,
7290114604925,false,"קרם קוקוס לייט  פחית  400מ""ל",ש.שסטוביץ בעמ,,,"י""ח",400,"ל  מ""ל",false,1,8.50,2.13,false,1,
7290114604949,false,רוטב ברביקיו 524ג מאסטר שף,ש.שסטוביץ בעמ,,,"י""ח",524,ל  גרם,false,1,11,2.10,false,1,
7290114606530,false,רוטב בטעם מיונז וקטשופ 515ג מאסטר שף,ש.שסטוביץ בעמ,,,"י""ח",515,ל  גרם,false,1,11.90,2.31,false,1,
7290114606547,false,מיונז עם פטריות כמהין 242ג מאסטר שף,ש.שסטוביץ בעמ,,,"י""ח",242,ל  גרם,false,1,11.90,4.92,false,1,
7290114606554,false,מיונז לייט לחיץ 470ג מאסטר שף,ש.שסטוביץ בעמ,,,"י""ח",470,ל  גרם,false,1,11.90,2.53,false,1,
7290114606561,false,איטריות אורז דקות   400גר,ש.שסטוביץ בעמ,,,"י""ח",400,ל  גרם,false,1,7.60,1.90,false,1,
7290114606592,false,רוטב סויה 46% פולי סויה 620גרם,ש.שסטוביץ בעמ,,,"י""ח",620,"ל  מ""ל",false,1,14.40,2.32,false,1,
7290114606608,false,רוטב סויה דלת נתרן 40% פולי סויה 620גרם,ש.שסטוביץ בעמ,,,"י""ח",620,"ל  מ""ל",false,1,14.40,2.32,false,1,
7290114607391,false,"קולגייט מ.ילדים ברבי  75מ""ל",ש.שסטוביץ בעמ,,,"י""ח",100,"ל  מ""ל",false,1,12.70,12.70,false,1,
7290114608633,false,דפי אצה 25ג מאסטר שף,ש.שסטוביץ בעמ,,,"י""ח",25,ל  גרם,false,1,10.20,40.80,false,1,
7290114608640,false,קרוטונים לסלט כוסמין 260ג מ.שף,ש.שסטוביץ בעמ,,,"י""ח",260,ל  גרם,false,1,15.30,5.88,false,1,
7290114608657,false,סילאן 700ג מאסטר שף,ש.שסטוביץ בעמ,,,"י""ח",700,ל  גרם,false,1,17,2.43,false,1,
7290114608671,false,סילאן לחיץ 470ג מאסטר שף,ש.שסטוביץ בעמ,,,"י""ח",470,ל  גרם,false,1,13.60,2.89,false,1,
7290114608695,false,מיונז עם ווסאבי לחיץ 435ג מאסטר שף,ש.שסטוביץ בעמ,,,"י""ח",435,ל  גרם,false,1,11.90,2.74,false,1,
7290114608701,false,מאגדת פוף לבבות גריל 15גר*8.,ש.שסטוביץ בעמ,,,"י""ח",120,ל  גרם,false,1,9.30,7.75,true,1,
7290114750813,false,דאודורנט קליר ג ל מארז זוג,דיפלומט מפיצים 1968 בעמ,,,"י""ח",100,ל  גרם,false,1,28.10,28.10,true,1,
7290114750820,false,דאודורנט קליר ג ל מארז זוג,דיפלומט מפיצים 1968 בעמ,,,"י""ח",100,ל  גרם,false,1,28.10,28.10,true,1,
7290115071535,false,מטבעות שוקולד ברשת 31ג מפרץ,שמחה זה אנחנו,,,"י""ח",31,ל  גרם,false,1,4.20,13.55,false,1,
7290115072280,false,"בקבוק פלסטיק 500 מ""ל עם פיה - סמי הכבאי",שמחה זה אנחנו,,,"י""ח",1,,false,1,11.90,11.90,false,1,
7290115072303,false,"בקבוק פלסטיק 500 מ""ל עם פיה - ברבי.",שמחה זה אנחנו,,,"י""ח",1,,false,1,11.90,11.90,false,1,
7290115073713,false,ביצי שוקולד שלישייה טום וגרי,שמחה זה אנחנו,,,"י""ח",1,,false,1,12.70,12.70,false,1,
7290115073720,false,ביצי שוקולד שלישייה לוני טונס,שמחה זה אנחנו,,,"י""ח",1,,false,1,12.70,12.70,false,1,
7290115074772,false,"בקבוק פלסטיק 500 מ""ל עם פיה - נסיכות",שמחה זה אנחנו,,,"י""ח",1,,false,1,11.90,11.90,false,1,
7290115079531,false,"בקבוק בועות סבון 175מ""ל סמי הכבאי",שמחה זה אנחנו,,,"י""ח",1,,false,1,5,5,false,1,
7290115190014,false,מרלבורו רד קצר בודד.,פיליפ מוריס בעמ,,,"י""ח",1,,false,1,29.80,29.80,false,1,
7290115190038,false,מרלבורו רד קצר סופט בודד,פיליפ מוריס בעמ,,,"י""ח",1,,false,1,29,29,false,1,
7290115190052,false,מרלבורו גולדן רד KS בודד,פיליפ מוריס בעמ,,,"י""ח",1,,false,1,29.80,29.80,false,1,
7290115190076,false,מלבורו גולד ארוך בודד,פיליפ מוריס בעמ,,,"י""ח",1,,false,1,29.80,29.80,false,1,
7290115190090,false,מרלבורו גולד קצר בודד,פיליפ מוריס בעמ,,,"י""ח",1,,false,1,29.80,29.80,false,1,
7290115190137,false,מלבורו פיין טאצ`7.1,פיליפ מוריס בעמ,,,"י""ח",1,,false,1,26.40,26.40,false,1,
7290115190151,false,מלבורו טאצ`7.1,פיליפ מוריס בעמ,,,"י""ח",1,,false,1,26.40,26.40,false,1,
7290115190182,false,פרלמנט נייט ארוך,פיליפ מוריס בעמ,,,"י""ח",1,,false,1,335.80,335.80,false,1,
7290115190199,false,פרלמנט ארוך RCB בודד,פיליפ מוריס בעמ,,,"י""ח",1,,false,1,33.80,33.80,false,1,
7290115190212,false,פרלנמט ארוך בלו RCB בודד,פיליפ מוריס בעמ,,,"י""ח",1,,false,1,33.80,33.80,false,1,
7290115190250,false,פרלמנט קצר בודד,פיליפ מוריס בעמ,,,"י""ח",1,,false,1,33.80,33.80,false,1,
7290115190274,false,פרלמנט סילבר בודד,פיליפ מוריס בעמ,,,"י""ח",1,,false,1,33.80,33.80,false,1,
7290115190335,false,ל.מ.בלו ארוך בודד,פיליפ מוריס בעמ,,,"י""ח",1,,false,1,26.10,26.10,false,1,
7290115190342,false,אל אם בלו 10יח פקאט,פיליפ מוריס בעמ,,,"י""ח",1,,false,1,256.30,256.30,false,1,
7290115190359,false,אל אם  קצר,פיליפ מוריס בעמ,,,"י""ח",1,,false,1,26.10,26.10,false,1,
7290115190397,false,אל אם אדום קצר,פיליפ מוריס בעמ,,,"י""ח",1,,false,1,26.10,26.10,false,1,
7290115190434,false,אל אם וייב,פיליפ מוריס בעמ,,,"י""ח",1,,false,1,26.10,26.10,false,1,
7290115190458,false,נקסט אדג` בודד,פיליפ מוריס בעמ,,,"י""ח",1,,false,1,22.70,22.70,true,1,
7290115190472,false,נקסט פיין אדג` בודד,פיליפ מוריס בעמ,,,"י""ח",1,,false,1,22.70,22.70,true,1,
7290115190496,false,נקסט 100 בודד,פיליפ מוריס בעמ,,,"י""ח",1,,false,1,25.60,25.60,false,1,
7290115190519,false,נקסט לייט בודד,פיליפ מוריס בעמ,,,"י""ח",1,,false,1,25.60,25.60,false,1,
7290115190557,false,נקסט ריסס,פיליפ מוריס בעמ,,,"י""ח",1,,false,1,23,23,true,1,
7290115190595,false,נקסט בודד,פיליפ מוריס בעמ,,,"י""ח",1,,false,1,25.60,25.60,false,1,
7290115190656,false,נקסט טבק פיין סיגריות חפיסה.,פיליפ מוריס בעמ,,,"י""ח",1,"י""ח",false,1,76,76,false,1,
7290115190670,false,נקסט אוריגנל טבק  סיגריות חפיס,פיליפ מוריס בעמ,,,"י""ח",1,"י""ח",false,1,76,76,false,1,
7290115200003,false,פתי בר פינוקי וניל 220גר,קבוצת אוסם סחר-שות.מוגבלת,,,"י""ח",220,ל  גרם,false,1,9.30,4.23,true,1,
7290115200027,false,פתי בר פינוקי שוקו 220גר,קבוצת אוסם סחר-שות.מוגבלת,,,"י""ח",220,ל  גרם,false,1,9.30,4.23,true,1,
7290115200676,false,קרמוגיתקרמל מלוח 200גר אוסם,קבוצת אוסם סחר-שות.מוגבלת,,,"י""ח",200,ל  גרם,false,1,10.20,5.10,true,1,
7290115200713,false,במבה  מארז 50גרם *5יח,קבוצת אוסם סחר-שות.מוגבלת,,,"י""ח",250,ל  גרם,false,1,11.90,4.76,true,1,
7290115201031,false,פתי בר פינוקי דובי שוקולד 175גר.,קבוצת אוסם סחר-שות.מוגבלת,,,"י""ח",175,ל  גרם,false,1,9.30,5.31,true,1,
7290115201680,false,ביסלי  ברביקיו}קטן{,קבוצת אוסם סחר-שות.מוגבלת,,,"י""ח",70,ל  גרם,false,1,3.30,4.71,true,1,
7290115201727,false,ביסלי  גדול בצל 200גר,קבוצת אוסם סחר-שות.מוגבלת,,,"י""ח",200,ל  גרם,false,1,7.60,3.80,true,1,
7290115202250,false,טבעול טופו קראנצ`ים צ`ילי פיקנטי 470גר,קבוצת אוסם סחר-שות.מוגבלת,,,"י""ח",693,ל  גרם,false,1,32.40,4.68,true,1,
7290115202434,false,חומוס עם זעתר 375גר,קבוצת אוסם סחר-שות.מוגבלת,,,"י""ח",375,ל  גרם,false,1,10.90,2.91,true,1,
7290115202847,false,מנה חמה נודלס ספייסי 70גר.,קבוצת אוסם סחר-שות.מוגבלת,,,"י""ח",70,ל  גרם,false,1,4.20,6,false,1,
7290115203134,false,פופקו פופקורן במבה 80גר,קבוצת אוסם סחר-שות.מוגבלת,,,"י""ח",80,ל  גרם,false,1,3.90,4.88,true,1,
7290115203172,false,במבה פרו אסם{,קבוצת אוסם סחר-שות.מוגבלת,,,"י""ח",80,ל  גרם,false,1,3.70,4.63,true,1,
7290115203295,false,פרפקטו פסטה ריציאולי מהדורה 500גר.,קבוצת אוסם סחר-שות.מוגבלת,,,"י""ח",500,ל  גרם,false,1,10.20,2.04,false,1,
7290115203486,false,פירורית  200גר,קבוצת אוסם סחר-שות.מוגבלת,,,"י""ח",200,ל  גרם,false,1,5.90,2.95,false,1,
7290115203806,false,"רוטב בסיס לבישול אסם 290מ""ל",קבוצת אוסם סחר-שות.מוגבלת,,,"י""ח",290,ל  גרם,false,1,10.20,3.52,false,1,
7290115204056,false,"קטשופ מופחת סוכר אסם 690 גרם כשל""פ",קבוצת אוסם סחר-שות.מוגבלת,,,"י""ח",690,ל  גרם,false,1,10.20,1.48,true,1,
7290115204155,false,צבר סחוג אדום 190גר,קבוצת אוסם סחר-שות.מוגבלת,,,"י""ח",190,ל  גרם,false,1,10.20,5.37,true,1,
7290115204261,false,צבר אריסה 190גר,קבוצת אוסם סחר-שות.מוגבלת,,,"י""ח",190,ל  גרם,false,1,10.20,5.37,true,1,
7290115205176,false,פיטנס חטיפי קרקר כפרי 140גר.,קבוצת אוסם סחר-שות.מוגבלת,,,"י""ח",140,ל  גרם,false,1,11,7.86,true,1,
7290115205251,false,פיטנס בר פריכיות קרמל מלוח 84גר,קבוצת אוסם סחר-שות.מוגבלת,,,"י""ח",84,ל  גרם,false,1,12.70,15.12,true,1,
7290115205312,false,פיטנס חטיפי קרקר זיתים 140גר.,קבוצת אוסם סחר-שות.מוגבלת,,,"י""ח",140,ל  גרם,false,1,11,7.86,true,1,
7290115205527,false,פיטנס מולטיגרין עם עדשים 25 גרם,קבוצת אוסם סחר-שות.מוגבלת,,,"י""ח",25,ל  גרם,false,1,4.20,16.80,true,1,
7290115205541,false,פיטנס מולטיגרין עם חומוס 25 גרם,קבוצת אוסם סחר-שות.מוגבלת,,,"י""ח",25,ל  גרם,false,1,4.20,16.80,true,1,
7290115205633,false,טבעול סנסשיונל נקניקיות 350ג.,קבוצת אוסם סחר-שות.מוגבלת,,,"י""ח",350,ל  גרם,false,1,25.60,7.31,false,1,
7290115205695,false,בונג ור בצק מצונן לפיצה 460גר,קבוצת אוסם סחר-שות.מוגבלת,,,"י""ח",460,ל  גרם,false,1,16.20,3.52,true,1,
7290115205718,false,בונג ור בצק מצונן עלים 230גר,קבוצת אוסם סחר-שות.מוגבלת,,,"י""ח",230,ל  גרם,false,1,12.70,5.52,true,1,
7290115205978,false,פתי בר אצבעות שוקולד 180גר,קבוצת אוסם סחר-שות.מוגבלת,,,"י""ח",180,ל  גרם,false,1,10.20,5.67,true,1,
7290115206173,false,פתיבר קרמל 500 אוסם.,קבוצת אוסם סחר-שות.מוגבלת,,,"י""ח",500,ל  גרם,false,1,10.20,2.04,true,1,
7290115207118,false,"טבעול שניצל ברוקולי 7ק""ג",קבוצת אוסם סחר-שות.מוגבלת,,,"י""ח",900,ל  גרם,false,1,299.20,33.24,false,1,
7290115207484,false,צבר חציל על האש היתר 400גר`,קבוצת אוסם סחר-שות.מוגבלת,,,"י""ח",400,ל  גרם,false,1,13.60,3.40,true,1,
7290115207620,false,"רוטב בסגנון סויה קלאסי 290מ""ל",קבוצת אוסם סחר-שות.מוגבלת,,,"י""ח",360,ל  גרם,false,1,10.20,2.83,false,1,
7290115207798,false,טבעול בורגר חריף  טבעוני 420גר,קבוצת אוסם סחר-שות.מוגבלת,,,"י""ח",580,ל  גרם,false,1,32.40,5.59,true,1,
7290115207880,false,ויטמינצ ק פטל 2 ליטר,קבוצת אוסם סחר-שות.מוגבלת,,,"י""ח",2,ליטר,false,1,35.80,17.90,false,1,
7290115207941,false,סירופ אננס 1 ליטר,קבוצת אוסם סחר-שות.מוגבלת,,,"י""ח",1,ליטר,false,1,18.70,18.70,false,1,
7290115207989,false,סירופ לימון 1 ליטר,קבוצת אוסם סחר-שות.מוגבלת,,,"י""ח",1,ליטר,false,1,18.70,18.70,false,1,
7290115208009,false,סירופ ענבים 1 ליטר,קבוצת אוסם סחר-שות.מוגבלת,,,"י""ח",1,ליטר,false,1,18.70,18.70,false,1,
7290115208023,false,סירופ ענבים 2 ליטר,קבוצת אוסם סחר-שות.מוגבלת,,,"י""ח",1,ליטר,false,1,35.80,35.80,false,1,
7290115208047,false,סירופ פטל 1 ליטר,קבוצת אוסם סחר-שות.מוגבלת,,,"י""ח",1,ליטר,false,1,18.70,18.70,false,1,
7290115208061,false,סירופ תפוח 1 ליטר,קבוצת אוסם סחר-שות.מוגבלת,,,"י""ח",1,ליטר,false,1,18.70,18.70,false,1,
7290115208320,false,אפרופו טעם ביסלי בצל 50 גרם,קבוצת אוסם סחר-שות.מוגבלת,,,"י""ח",50,ל  גרם,false,1,3.30,6.60,true,1,
7290115208344,false,שטוחים בייגלה כפיות שמנת בצל 300גר,קבוצת אוסם סחר-שות.מוגבלת,,,"י""ח",300,ל  גרם,false,1,9.20,3.07,false,1,
7290115208566,false,קרמוגית מיניס קרם בייגלה 200גר,קבוצת אוסם סחר-שות.מוגבלת,,,"י""ח",200,ל  גרם,false,1,10.20,5.10,true,1,
7290115208597,false,קרמוגית מיניס קרמל מלוח 200גר,קבוצת אוסם סחר-שות.מוגבלת,,,"י""ח",200,ל  גרם,false,1,10.20,5.10,true,1,
7290115208801,false,לחמית כפרית עם דגנים מלאים 190 ג`,קבוצת אוסם סחר-שות.מוגבלת,,,"י""ח",190,ל  גרם,false,1,7.60,4,true,1,
7290115209198,false,במבה אורירית 80גר אסם{,קבוצת אוסם סחר-שות.מוגבלת,,,"י""ח",80,ל  גרם,false,1,3.30,4.13,true,1,
7290115209235,false,פתיבר קפה 500 אוסם,קבוצת אוסם סחר-שות.מוגבלת,,,"י""ח",500,ל  גרם,false,1,11.90,2.38,true,1,
7290115209358,false,במבה במילוי בראוניז 60גר אסם{,קבוצת אוסם סחר-שות.מוגבלת,,,"י""ח",600,ל  גרם,false,1,3.70,0.62,true,1,
7290115209372,false,במבה במילוי בראוניז  150 גרם אוסם,קבוצת אוסם סחר-שות.מוגבלת,,,"י""ח",200,ל  גרם,false,1,9.30,4.65,true,1,
7290115403299,false,עוגיות פרפריות  450ג דל,שיבולים ייצור ושיווק מאפה בעמ,,,"י""ח",450,ל  גרם,false,1,13.60,3.02,false,1,
7290115403312,false,עוגיות מלוחות קריספי עגול  450ג דל,שיבולים ייצור ושיווק מאפה בעמ,,,"י""ח",450,ל  גרם,false,1,13.60,3.02,false,1,
7290115403367,false,עוגיות קוואקר פריכות 500ג דל,שיבולים ייצור ושיווק מאפה בעמ,,,"י""ח",500,ל  גרם,false,1,13.60,2.72,false,1,
7290115403459,false,עוגיות נסיכה טעם תות  500ג דל,שיבולים ייצור ושיווק מאפה בעמ,,,"י""ח",500,ל  גרם,false,1,13.60,2.72,false,1,
7290115403473,false,עוגיות עינוגי שוקולד  500ג דל,שיבולים ייצור ושיווק מאפה בעמ,,,"י""ח",500,ל  גרם,false,1,13.60,2.72,false,1,
7290115403480,false,עוגיות בסגנון מרוקאי מיני  500ג דל,שיבולים ייצור ושיווק מאפה בעמ,,,"י""ח",500,ל  גרם,false,1,13.60,2.72,false,1,
7290115403503,false,עוגיות פרסה תמרים  500ג דל,שיבולים ייצור ושיווק מאפה בעמ,,,"י""ח",500,ל  גרם,false,1,13.60,2.72,false,1,
7290115403510,false,עוגיות מגולגלות תמרים  500ג דל,שיבולים ייצור ושיווק מאפה בעמ,,,"י""ח",500,ל  גרם,false,1,13.60,2.72,false,1,
7290115403527,false,עוגיות עינוגי תמרים  500ג דל,שיבולים ייצור ושיווק מאפה בעמ,,,"י""ח",500,ל  גרם,false,1,13.60,2.72,false,1,
7290115403565,false,עוגיות קיפל וניל  500ג דל,שיבולים ייצור ושיווק מאפה בעמ,,,"י""ח",500,ל  גרם,false,1,13.60,2.72,false,1,
7290115405118,false,קינוח אישי תענוג תות 200גרם,קפולסקי אדל בעמ,,,"י""ח",200,ל  גרם,false,1,14.40,7.20,false,1,
7290115405804,false,פחזניות ממולאות טעם תות 180ג.,קפולסקי אדל בעמ,,,"י""ח",180,ל  גרם,false,1,11.90,6.61,false,1,
7290115670684,false,גרנולה אגוזים 400גר,"שטראוס גרופ בע""מ",,,"י""ח",400,ל  גרם,false,1,11.90,2.98,true,1,
7290115670691,false,גרנולה פירות יער 400גר,"שטראוס גרופ בע""מ",,,"י""ח",400,ל  גרם,false,1,11.90,2.98,true,1,
7290115670707,false,גרנולה שוקולד ואגוזים 400גר,"שטראוס גרופ בע""מ",,,"י""ח",400,ל  גרם,false,1,11.90,2.98,true,1,
7290115671155,false,שלישיית סוכריות Fresh ענבים,"שטראוס גרופ בע""מ",,,"י""ח",45,ל  גרם,false,1,7.60,16.89,true,1,
7290115671223,false,מסטיק מאסט פאן אבטיח מנגו 58גר,"שטראוס גרופ בע""מ",,,"י""ח",58,ל  גרם,false,1,8.50,14.66,true,1,
7290115671308,false,מסטיק מאסט פאן תות דובדבן 58גר,"שטראוס גרופ בע""מ",,,"י""ח",58,ל  גרם,false,1,8.50,14.66,true,1,
7290115671339,false,מיני פינוקיות בראוניז בייגל בוטן 180גר,"שטראוס גרופ בע""מ",,,"י""ח",200,ל  גרם,false,1,9.30,4.65,true,1,
7290115671346,false,מיני פינוקיות טופי קרמל מלוח 180גר,"שטראוס גרופ בע""מ",,,"י""ח",200,ל  גרם,false,1,9.30,4.65,true,1,
7290115671353,false,מיני פינוקיות שחור לבן 180גר,"שטראוס גרופ בע""מ",,,"י""ח",200,ל  גרם,false,1,9.30,4.65,true,1,
7290115675986,false,דנונה קראנצי עם אגוזים מקורמלים,"שטראוס גרופ ***בע""מ",,,"י""ח",173,"ל  מ""ל",false,1,3.80,2.20,true,1,
7290115676037,false,משקה דנונה ריפרש תות דומדמניות 250גר,"שטראוס גרופ ***בע""מ",,,"י""ח",250,"ל  מ""ל",false,1,4.70,1.88,true,1,
7290115676051,false,"משקה אקטיביה עם ש""ש מתיקות מעודנת 1.2%","שטראוס גרופ ***בע""מ",,,"י""ח",265,"ל  מ""ל",false,1,4.20,1.58,true,1,
7290115676082,false,דנונה פרו 20 משקה תות 265גר,"שטראוס גרופ ***בע""מ",,,"י""ח",265,"ל  מ""ל",false,1,5.90,2.23,true,1,
7290115676099,false,דנונה פרו 20 משקה וניל 265גר,"שטראוס גרופ ***בע""מ",,,"י""ח",265,"ל  מ""ל",false,1,5.90,2.23,true,1,
7290115676273,false,שקית קקאו 500 גרם+10%  עלית,"שטראוס גרופ בע""מ",,,"י""ח",500,ל  גרם,false,1,20.40,4.08,true,1,
7290115678222,false,מארז שמינייה יווני,"שטראוס גרופ ***בע""מ",,,"י""ח",1.04,ליטר,false,1,21.30,20.48,true,1,
7290115678376,false,מעדן הגולן בודד 125גר,"שטראוס גרופ ***בע""מ",,,"י""ח",125,ל  גרם,false,1,2.50,2,true,1,
7290115678383,false,מעדן הגולן שוקולד מריר בודד 125גר,"שטראוס גרופ ***בע""מ",,,"י""ח",125,ל  גרם,false,1,2.50,2,true,1,
7290115678598,false,חסה ערבית אייסברג חיתוך גס 300גר שטראוס,"שטראוס גרופ ***בע""מ",,,"י""ח",300,ל  גרם,false,1,8.50,2.83,true,1,
7290115678635,false,נשנושי גבינה 16% עם חטיף אפוי עם כעכים,"שטראוס גרופ ***בע""מ",,,"י""ח",67,ל  גרם,false,1,9.30,13.88,true,1,
7290115678888,false,שוקולית טופי קרמל  500 גר,"שטראוס גרופ בע""מ",,,"י""ח",500,ל  גרם,false,1,13.30,2.66,true,1,
7290115679878,false,פיצה מבצק עם סלק דלישס,קפוא זן תעשיות מזון בעמ,,,"י""ח",300,ל  גרם,false,1,23,7.67,true,1,
7290115679885,false,פיצה מבצק עם כרובית דלישס,קפוא זן תעשיות מזון בעמ,,,"י""ח",300,ל  גרם,false,1,23.90,7.97,true,1,
7290116530000,false,"דאב תרחיץ פנים מלפפון ותה ירוק 180מ""ל",יוניליוור ישראל שיווק בעמ,,,"י""ח",180,"ל  מ""ל",false,1,10.20,5.67,false,1,
7290116530062,false,הלמנס לסלט ויניגרט 295גרם,יוניליוור ישראל שיווק בעמ,,,"י""ח",295,ל  גרם,false,1,8.50,2.88,true,1,
7290116530116,false,מארז קליק  ברים שוקולד נוגט לבן שלישייה,יוניליוור ישראל שיווק בעמ,,,"י""ח",106,ל  גרם,false,1,10.30,9.72,true,1,
7290116530161,false,"פינוק סבון נוזלי אננס 700מ""ל",יוניליוור ישראל שיווק בעמ,,,"י""ח",750,"ל  מ""ל",false,1,9.30,1.24,false,1,
7290116530185,false,דלישקד 400ג קרמל מלוח.,יוניליוור ישראל שיווק בעמ,,,"י""ח",400,ל  גרם,false,1,18.70,4.68,false,1,
7290116530215,false,אקס סטיק שוקולד 77 גרם,יוניליוור ישראל שיווק בעמ,,,"י""ח",77,ל  גרם,false,1,12.70,16.49,false,1,
7290116530222,false,אקס סטיק אנרכי 77 גרם.,יוניליוור ישראל שיווק בעמ,,,"י""ח",77,ל  גרם,false,1,12.70,16.49,false,1,
7290116530239,false,אקס סטיק בלאק 77 גרם,יוניליוור ישראל שיווק בעמ,,,"י""ח",77,ל  גרם,false,1,12.70,16.49,false,1,
7290116530482,false,מארז קורנפלקס של אלופים 150גר,יוניליוור ישראל שיווק בעמ,,,"י""ח",150,ל  גרם,false,1,8.60,5.73,false,1,
7290116530871,false,נשנשים מיקס 240 גרם,יוניליוור ישראל שיווק בעמ,,,"י""ח",240,ל  גרם,false,1,11,4.58,true,1,
7290116531045,false,"דליפקאן 400ג ללא גלוטן כשל""פ",יוניליוור ישראל שיווק בעמ,,,"י""ח",400,ל  גרם,false,1,18.70,4.68,false,1,
7290116531076,false,מרק פטריות קנור  225ג,יוניליוור ישראל שיווק בעמ,,,"י""ח",225,ל  גרם,false,1,12.70,5.64,false,1,
7290116531083,false,ברנפלקס שקדים ודבש  400גרם,יוניליוור ישראל שיווק בעמ,,,"י""ח",500,ל  גרם,false,1,17,3.40,true,1,
7290116531243,false,"פינוק שמפו ומרכך נגד קשקשים 700מ""ל",יוניליוור ישראל שיווק בעמ,,,"י""ח",700,"ל  מ""ל",false,1,10.20,1.46,false,1,
7290116531250,false,"פינוק שמפו נגד קשקשים 700מ""ל",יוניליוור ישראל שיווק בעמ,,,"י""ח",700,"ל  מ""ל",false,1,10.20,1.46,false,1,
7290116531557,false,פתית פריכיות תירס דקות מאגדת 150ג.,יוניליוור ישראל שיווק בעמ,,,"י""ח",150,ל  גרם,false,1,9.30,6.20,false,1,
7290116531564,false,פתית פריכיות קינואה ובזיליקום מאגדת 15,יוניליוור ישראל שיווק בעמ,,,"י""ח",150,ל  גרם,false,1,9.30,6.20,false,1,
7290116531656,false,"פינוק מרכך תפוח 700מ""ל",יוניליוור ישראל שיווק בעמ,,,"י""ח",700,"ל  מ""ל",false,1,10.20,1.46,true,1,
7290116531762,false,בדין דפי מרכך 40 יח,יוניליוור ישראל שיווק בעמ,,,"י""ח",40,"י""ח",false,1,13.60,0.34,false,1,
7290116531779,false,בדין דפי מרכך כחול-40.,יוניליוור ישראל שיווק בעמ,,,"י""ח",40,"י""ח",false,1,13.60,0.34,false,1,
7290116531793,false,הלמנס רוטב לסלט קיסר 295ג,יוניליוור ישראל שיווק בעמ,,,"י""ח",295,ל  גרם,false,1,8.50,2.88,true,1,
7290116531892,false,רוטב ברביקיו מעושן  קנור  340גרם,יוניליוור ישראל שיווק בעמ,,,"י""ח",340,ל  גרם,false,1,9.30,2.74,true,1,
7290116531908,false,רוטב מרינדה  קנור  340גרם,יוניליוור ישראל שיווק בעמ,,,"י""ח",340,ל  גרם,false,1,9.30,2.74,true,1,
7290116532219,false,קורנפלקס  448ג תות,יוניליוור ישראל שיווק בעמ,,,"י""ח",448,ל  גרם,false,1,15.30,3.42,true,1,
7290116532240,false,טבלת קליק שוקולד חלב עוגיות ודגנים 85ג,יוניליוור ישראל שיווק בעמ,,,"י""ח",100,ל  גרם,false,1,4.20,4.20,true,1,
7290116532264,false,גודיז מאגדת 5יח בטעם פרי אפרסק,גלידות שטראוס בעמ,,,"י""ח",297,ל  גרם,false,1,17,5.72,false,1,
7290116532271,false,מאגדת 10יח גודיז סנדוויץ,גלידות שטראוס בעמ,,,"י""ח",297,ל  גרם,false,1,25.60,8.62,false,1,
7290116532370,false,"זוג בדין אקסטרא 2* 960 מ""ל",יוניליוור ישראל שיווק בעמ,,,"י""ח",960,"ל  מ""ל",false,1,23.90,2.49,false,1,
7290116532387,false,"אל סבון ידיים חמאת שיאה  950מ""ל",יוניליוור ישראל שיווק בעמ,,,"י""ח",950,ל  גרם,false,1,8.50,0.89,false,1,
7290116532394,false,"אל סבון ידיים חמאת קקאו 950מ""ל",יוניליוור ישראל שיווק בעמ,,,"י""ח",950,ל  גרם,false,1,8.50,0.89,false,1,
7290116532400,false,בייגלה מקלות עם מלח 235גר,יוניליוור ישראל שיווק בעמ,,,"י""ח",235,ל  גרם,false,1,5,2.13,true,1,
7290116532615,false,פינוק שמפו בתוספת תמצית גוג`י ברי 700מ,יוניליוור ישראל שיווק בעמ,,,"י""ח",700,"ל  מ""ל",false,1,10.20,1.46,true,1,
7290116532622,false,"פינוק קונדישנר בתוספת תמצית גוג`י 700מ""ל",יוניליוור ישראל שיווק בעמ,,,"י""ח",700,"ל  מ""ל",false,1,10.20,1.46,true,1,
7290116532738,false,הלמנס רוטב איטלקי 295ג,יוניליוור ישראל שיווק בעמ,,,"י""ח",295,ל  גרם,false,1,8.50,2.88,true,1,
7290116532769,false,גרנולה פרוטאין 300 גרם.,יוניליוור ישראל שיווק בעמ,,,"י""ח",300,ל  גרם,false,1,13.60,4.53,false,1,
7290116532868,false,פינוק שמפו אל דמע בייבי 900מ,יוניליוור ישראל שיווק בעמ,,,"י""ח",900,"ל  מ""ל",false,1,17,1.89,false,1,
7290116532875,false,פינוק אל סבון בייבי 900מ,יוניליוור ישראל שיווק בעמ,,,"י""ח",900,"ל  מ""ל",false,1,17,1.89,false,1,
7290116532882,false,נשנושים איירביס 150ג טעם בצל,יוניליוור ישראל שיווק בעמ,,,"י""ח",150,ל  גרם,false,1,10.20,6.80,false,1,
7290116532899,false,נשנושים איירביס 150ג טעם פלאפל,יוניליוור ישראל שיווק בעמ,,,"י""ח",150,ל  גרם,false,1,10.20,6.80,false,1,
7290116532905,false,נשנושים איירביס 150ג טעם ברביקיו,יוניליוור ישראל שיווק בעמ,,,"י""ח",150,ל  גרם,false,1,10.20,6.80,false,1,
7290116533063,false,שוגי טעם קרטיב ענבים 400ג,יוניליוור ישראל שיווק בעמ,,,"י""ח",400,ל  גרם,false,1,17,4.25,true,1,
7290116533094,false,"פינוק שמפו בניחוח ורדים לבנים 700מ""ל",יוניליוור ישראל שיווק בעמ,,,"י""ח",700,"ל  מ""ל",false,1,10.20,1.46,true,1,
7290116533100,false,"פינוק מרכך בניחוח ורדים לבנים 700מ""ל",יוניליוור ישראל שיווק בעמ,,,"י""ח",700,"ל  מ""ל",false,1,10.20,1.46,true,1,
7290116533216,false,מרק ירקות קנור  235ג,יוניליוור ישראל שיווק בעמ,,,"י""ח",235,ל  גרם,false,1,12.70,5.40,false,1,
7290116533230,false,דליאגוז 400ג אגוזי לוז שלמים,יוניליוור ישראל שיווק בעמ,,,"י""ח",400,ל  גרם,false,1,18.70,4.68,false,1,
7290116914893,false,ממתק צעצוע קנדי גלגל מיניונים,שמחה זה אנחנו,,,"י""ח",1,,false,1,9.30,9.30,false,1,
7290116930015,false,חטיף חלבון GO קרמל ח.בוטנים קריס 20 גרם.,שקד תבל בעמ,,,"י""ח",1,,false,1,10.20,10.20,false,1,
7290116930282,false,ארוחה בקטנה לאבנה עם קרקרים 150ג,תנובה בעמ ***,,,"י""ח",150,ל  גרם,false,1,6.80,4.53,false,1,
7290116930435,false,יוגורט גו סמיך 0% דובדבן,תנובה בעמ ***,,,"י""ח",200,"ל  מ""ל",false,1,5,2.50,true,1,
7290116930459,false,"יופלה שייק פירות 230מ""ל",תנובה בעמ ***,,,"י""ח",230,"ל  מ""ל",false,1,6.80,2.96,false,1,
7290116930480,false,"יופלה שייק פירות 230מ""ל",תנובה בעמ ***,,,"י""ח",230,"ל  מ""ל",false,1,6.80,2.96,false,1,
7290116930626,false,ארוחה בקטנה ציזיק עם קרקרים 150ג,תנובה בעמ ***,,,"י""ח",150,ל  גרם,false,1,6.80,4.53,false,1,
7290116930701,false,מעדן חלב גו טעם קרמל מלוח 120ג,תנובה בעמ ***,,,"י""ח",120,"ל  מ""ל",false,1,4.40,3.67,false,1,
7290116931081,false,מעדן סויה בטעם טופי קרמל 125ג,תנובה בעמ ***,,,"י""ח",125,"ל  מ""ל",false,1,3.20,2.56,false,1,
7290116931104,false,יופלה גו אננס 0% 200ג,תנובה בעמ ***,,,"י""ח",200,"ל  מ""ל",false,1,5,2.50,true,1,
7290117030080,false,מגש מרובע שטוח גדול האומן לבן/כסף,ח.כהן סוכנות מזון ומשקאות בע,,,"י""ח",1,"י""ח",false,1,11,11,false,1,
7290117030165,false,צלחת גדול 9 האומן לבן/כסף,ח.כהן סוכנות מזון ומשקאות בע,,,"י""ח",1,"י""ח",false,1,19.60,19.60,false,1,
7290117030219,false,צלחת ענק  10.25 האומן לבן/זהב,ח.כהן סוכנות מזון ומשקאות בע,,,"י""ח",1,"י""ח",false,1,21.30,21.30,false,1,
7290117030363,false,כוסות מעוטרות אומן 40יח שווה,ח.כהן סוכנות מזון ומשקאות בע,,,,40,"י""ח",false,1,7.60,0.19,true,1,
7290117030530,false,אשפתון גופיה נשלף אחד אחד XL שווה,ח.כהן סוכנות מזון ומשקאות בע,,,"י""ח",25,"י""ח",false,1,16.20,0.65,false,1,
7290117030615,false,תבניות שחור זהב אינגליש גבוהה שווה,ח.כהן סוכנות מזון ומשקאות בע,,,"י""ח",4,"י""ח",false,1,11.90,2.98,false,1,
7290117030745,false,נייר אפייה מתאים לתבנית אינגליש שווה,ח.כהן סוכנות מזון ומשקאות בע,,,"י""ח",20,"י""ח",false,1,8.50,0.43,true,1,
7290117030752,false,תבניות ארוז *7 שווה,ח.כהן סוכנות מזון ומשקאות בע,,,"י""ח",7,"י""ח",false,1,6.80,0.97,true,1,
7290117030769,false,תבניות ארוז *7 שווה,ח.כהן סוכנות מזון ומשקאות בע,,,"י""ח",7,"י""ח",false,1,6.80,0.97,true,1,
7290117030776,false,תבניות ארוז מלבן עמוק *7 שווה,ח.כהן סוכנות מזון ומשקאות בע,,,"י""ח",7,"י""ח",false,1,6.80,0.97,true,1,
7290117030783,false,תבניות ארוז *4 שווה,ח.כהן סוכנות מזון ומשקאות בע,,,"י""ח",4,"י""ח",false,1,6.80,1.70,true,1,
7290117030790,false,תבניות ארוז *10 אינגליש  שווה,ח.כהן סוכנות מזון ומשקאות בע,,,"י""ח",10,"י""ח",false,1,6.80,0.68,true,1,
7290117030806,false,תבניות ארוז *10 טוסטר  שווה,ח.כהן סוכנות מזון ומשקאות בע,,,"י""ח",10,"י""ח",false,1,6.80,0.68,true,1,
7290117030813,false,תבניות ארוז *4 עגול עמוק שווה,ח.כהן סוכנות מזון ומשקאות בע,,,"י""ח",4,"י""ח",false,1,6.80,1.70,true,1,
7290117030837,false,תבניות ארוז *10יח אינגליש קצר שווה,ח.כהן סוכנות מזון ומשקאות בע,,,"י""ח",4,"י""ח",false,1,7.60,1.90,false,1,
7290117031049,false,צלחות דקל מרובעות ענקיות 10יח שווה,ח.כהן סוכנות מזון ומשקאות בע,,,,10,"י""ח",false,1,15.30,1.53,true,1,
7290117031056,false,צלחות דקל מרובעות גדולות 10יח שווה,ח.כהן סוכנות מזון ומשקאות בע,,,,10,"י""ח",false,1,12.70,1.27,true,1,
7290117031063,false,צלחות דקל מרובעות קטנות 10יח שווה,ח.כהן סוכנות מזון ומשקאות בע,,,,10,"י""ח",false,1,9.30,0.93,true,1,
7290117031070,false,צלחות מלבניות עלי דקל  10יח שווה,ח.כהן סוכנות מזון ומשקאות בע,,,,10,"י""ח",false,1,15.30,1.53,true,1,
7290117031094,false,לפתניות דקל מרובעות 10יח שווה,ח.כהן סוכנות מזון ומשקאות בע,,,,10,"י""ח",false,1,7.60,0.76,true,1,
7290117031490,false,כריות מיקרופיבר לקרצוף וניקוי שווה,ח.כהן סוכנות מזון ומשקאות בע,,,"י""ח",3,"י""ח",false,1,7.60,2.53,true,1,
7290117031537,false,"כוסות נייר גודל 16 שווה"" 40יח.",ח.כהן סוכנות מזון ומשקאות בע,,,"י""ח",40,"י""ח",false,1,16.20,0.41,true,1,
7290117031544,false,"כוסות נייר גודל 4 שווה"" 40יח.",ח.כהן סוכנות מזון ומשקאות בע,,,"י""ח",40,"י""ח",false,1,5.90,0.15,true,1,
7290117031568,false,כוסות  נייר גודל 9 שווה *40יח,ח.כהן סוכנות מזון ומשקאות בע,,,,40,"י""ח",false,1,11,0.28,false,1,
7290117031759,false,קערית אובלית חושן 8יח פנינה שווה,ח.כהן סוכנות מזון ומשקאות בע,,,,8,"י""ח",false,1,7.60,0.95,false,1,
7290117031766,false,קערית אובלית חושן 8יח שחור שווה,ח.כהן סוכנות מזון ומשקאות בע,,,,8,"י""ח",false,1,7.60,0.95,false,1,
7290117032008,false,מזלגונים איכותי  40יח קרם שווה,ח.כהן סוכנות מזון ומשקאות בע,,,"י""ח",40,"י""ח",false,1,5.90,0.15,true,1,
7290117032015,false,מזלגונים איכותי  40יח שקוף שווה,ח.כהן סוכנות מזון ומשקאות בע,,,"י""ח",40,"י""ח",false,1,5.90,0.15,true,1,
7290117032022,false,מזלגונים איכותי  40יח צבעוני שווה,ח.כהן סוכנות מזון ומשקאות בע,,,"י""ח",40,"י""ח",false,1,5.90,0.15,true,1,
7290117032039,false,סכינים איכותי  40יח קרם שווה,ח.כהן סוכנות מזון ומשקאות בע,,,"י""ח",40,"י""ח",false,1,5.90,0.15,true,1,
7290117032046,false,סכינים איכותי  40יח שקוף שווה,ח.כהן סוכנות מזון ומשקאות בע,,,"י""ח",40,"י""ח",false,1,5.90,0.15,true,1,
7290117032060,false,כפות איכותי  40יח קרם שווה.,ח.כהן סוכנות מזון ומשקאות בע,,,"י""ח",40,"י""ח",false,1,5.90,0.15,true,1,
7290117032077,false,כפות איכותי  40יח שקוף שווה,ח.כהן סוכנות מזון ומשקאות בע,,,"י""ח",40,"י""ח",false,1,5.90,0.15,true,1,
7290117032084,false,כפות איכותי  40יח צבעוני שווה,ח.כהן סוכנות מזון ומשקאות בע,,,"י""ח",40,"י""ח",false,1,5.90,0.15,true,1,
7290117032091,false,כפיות איכותי 40יח קרם שווה,ח.כהן סוכנות מזון ומשקאות בע,,,"י""ח",40,"י""ח",false,1,5.90,0.15,true,1,
7290117032107,false,כפיות איכותי  40יח שקוף שווה,ח.כהן סוכנות מזון ומשקאות בע,,,"י""ח",40,"י""ח",false,1,5.90,0.15,true,1,
7290117032114,false,כפיות איכותי  40יח צבעוני שווה,ח.כהן סוכנות מזון ומשקאות בע,,,"י""ח",40,"י""ח",false,1,5.90,0.15,true,1,
7290117032503,false,לפתניות לבן אריזה משפחתית 115יח שווה,ח.כהן סוכנות מזון ומשקאות בע,,,,115,"י""ח",false,1,22.10,0.19,true,1,
7290117032527,false,קופסא  אריזה משפחתית 105יח שווה,ח.כהן סוכנות מזון ומשקאות בע,,,,105,"י""ח",false,1,22.10,0.21,true,1,
7290117032534,false,קופסא  אריזה משפחתית 105יח שווה,ח.כהן סוכנות מזון ומשקאות בע,,,,105,"י""ח",false,1,22.10,0.21,true,1,
7290117032541,false,צלחת קטנה אריזה משפחתית 75יח שווה,ח.כהן סוכנות מזון ומשקאות בע,,,,75,"י""ח",false,1,22.10,0.29,true,1,
7290117032565,false,מרקיה  אריזה משפחתית 70יח שווה,ח.כהן סוכנות מזון ומשקאות בע,,,,70,"י""ח",false,1,22.10,0.32,true,1,
7290117032572,false,מרקיה  אריזה משפחתית 70יח שווה,ח.כהן סוכנות מזון ומשקאות בע,,,,70,"י""ח",false,1,22.10,0.32,true,1,
7290117032589,false,צלחת גדולה  אריזה משפחתית 60יח שווה,ח.כהן סוכנות מזון ומשקאות בע,,,,60,"י""ח",false,1,22.10,0.37,true,1,
7290117032596,false,צלחת גדולה  אריזה משפחתית 60יח שווה,ח.כהן סוכנות מזון ומשקאות בע,,,,60,"י""ח",false,1,22.10,0.37,true,1,
7290117032602,false,צלחת ענקית  אריזה משפחתית 35יח שווה,ח.כהן סוכנות מזון ומשקאות בע,,,,35,"י""ח",false,1,22.10,0.63,true,1,
7290117033005,false,פופקורן מלח מארז למיקרו 5יח שווה,ח.כהן סוכנות מזון ומשקאות בע,,,"י""ח",500,ל  גרם,false,1,9.30,1.86,true,1,
7290117033012,false,פופקורן חמאה  מארז למיקרו 5יח שווה,ח.כהן סוכנות מזון ומשקאות בע,,,"י""ח",500,ל  גרם,false,1,9.30,1.86,true,1,
7290117033029,false,פופקורן לייט מארז למיקרו 5יח שווה,ח.כהן סוכנות מזון ומשקאות בע,,,"י""ח",425,ל  גרם,false,1,9.30,2.19,true,1,
7290117260111,false,חטיף גבינה ל. קרם ברולה בציפוי שוק.120,ג.וילי פוד אינטרנשיונל בעמ,,,"י""ח",120,ל  גרם,false,1,12.70,10.58,true,1,
7290117260708,false,משקה חלב עם תות בתוספת קולגן 1ל,ג.וילי פוד אינטרנשיונל בעמ,,,"י""ח",1,ליטר,false,1,11.90,11.90,true,1,
7290117260890,false,פופקורן טעם קוקוס  90גר,ג.וילי פוד אינטרנשיונל בעמ,,,"י""ח",90,ל  גרם,false,1,5.90,6.56,true,1,
7290117260944,false,מיני גריסיני עם שמן זית ללא גלוטן 125ג,ג.וילי פוד אינטרנשיונל בעמ,,,"י""ח",125,ל  גרם,false,1,8.50,6.80,true,1,
7290117260968,false,ביסקוויט ללא גלוטן 125ג,ג.וילי פוד אינטרנשיונל בעמ,,,"י""ח",125,ל  גרם,false,1,8.50,6.80,true,1,
7290117260975,false,זיתים קלמטה מגולענים במי מלח 300ג,ג.וילי פוד אינטרנשיונל בעמ,,,"י""ח",300,ל  גרם,false,1,7.60,2.53,true,1,
7290117261040,false,זיתים שחורים 454 גרם,ג.וילי פוד אינטרנשיונל בעמ,,,"י""ח",454,ל  גרם,false,1,11,2.42,false,1,
7290117261088,false,בוראטה בגינת מוצרלה רכה  125ג,ג.וילי פוד אינטרנשיונל בעמ,,,"י""ח",125,ל  גרם,false,1,20.40,16.32,false,1,
7290117261194,false,ארוחת פתיתים קפוא עם פטריות  600ג,ג.וילי פוד אינטרנשיונל בעמ,,,"י""ח",600,ל  גרם,false,1,20.40,3.40,true,1,
7290117261231,false,ארוחת אורז קפוא עם ירקות מקסיקני  600ג,ג.וילי פוד אינטרנשיונל בעמ,,,"י""ח",600,ל  גרם,false,1,20.40,3.40,true,1,
7290117261415,false,יוגורט פרוביוטי 2.7% שומן 125גר,ג.וילי פוד אינטרנשיונל בעמ,,,"י""ח",150,ל  גרם,false,1,2.50,1.67,false,1,
7290117261422,false,יוגורט פרוביוטי עם תות שדה  2% שומן,ג.וילי פוד אינטרנשיונל בעמ,,,"י""ח",150,ל  גרם,false,1,2.50,1.67,false,1,
7290117261439,false,יוגורט פרוביוטי עם פירות יער  2% שומן,ג.וילי פוד אינטרנשיונל בעמ,,,"י""ח",150,ל  גרם,false,1,2.50,1.67,false,1,
7290117261446,false,יוגורט פרוביוטי עם אפרסק ומשמש  2% שומ,ג.וילי פוד אינטרנשיונל בעמ,,,"י""ח",150,ל  גרם,false,1,2.50,1.67,false,1,
7290117261484,false,מאפה בצק עלים ממולא נקניק 450ג,ג.וילי פוד אינטרנשיונל בעמ,,,"י""ח",450,ל  גרם,false,1,19.60,4.36,true,1,
7290117261521,false,סלמון אטלנטי בשמן קנולה 120ג,ג.וילי פוד אינטרנשיונל בעמ,,,"י""ח",120,ל  גרם,false,1,10.20,8.50,true,1,
7290117261538,false,סלמון אטלנטי בשמן קנולה וצילי  120ג,ג.וילי פוד אינטרנשיונל בעמ,,,"י""ח",120,ל  גרם,false,1,10.20,8.50,true,1,
7290117261545,false,סלמון אטלנטי ברוטב טריאקי  120ג,ג.וילי פוד אינטרנשיונל בעמ,,,"י""ח",120,ל  גרם,false,1,10.20,8.50,true,1,
7290117261569,false,סלמון אטלנטי מעושן בשמן קנולה 120ג,ג.וילי פוד אינטרנשיונל בעמ,,,"י""ח",120,ל  גרם,false,1,10.20,8.50,true,1,
7290117261576,false,סרדינים בריסלינג מעושנים ברוטב עגבניות,ג.וילי פוד אינטרנשיונל בעמ,,,"י""ח",185,ל  גרם,false,1,11.90,6.43,false,1,
7290117261583,false,סרדינים בריסלינג מעושנים בשמן קנולה,ג.וילי פוד אינטרנשיונל בעמ,,,"י""ח",185,ל  גרם,false,1,11.90,6.43,false,1,
7290117261590,false,סרדינים בריסלינג מעושנים בשמן זית,ג.וילי פוד אינטרנשיונל בעמ,,,"י""ח",185,ל  גרם,false,1,11.90,6.43,false,1,
7290117261637,false,פרוסות צהובה טבעונית צילי 140ג,ג.וילי פוד אינטרנשיונל בעמ,,,"י""ח",140,ל  גרם,false,1,12.70,9.07,false,1,
7290117261644,false,פרוסות צהובה טבעונית צדר 140ג,ג.וילי פוד אינטרנשיונל בעמ,,,"י""ח",140,ל  גרם,false,1,12.70,9.07,false,1,
7290117261651,false,מגורדת טבעונית טעם מוצרלה 200ג,ג.וילי פוד אינטרנשיונל בעמ,,,"י""ח",200,ל  גרם,false,1,12.70,6.35,false,1,
7290117261675,false,מגורדת טבעונית טעם צדר 200ג,ג.וילי פוד אינטרנשיונל בעמ,,,"י""ח",200,ל  גרם,false,1,12.70,6.35,false,1,
7290117261712,false,מלבין קינוח על בסיס חלב 154ג,ג.וילי פוד אינטרנשיונל בעמ,,,"י""ח",154,ל  גרם,false,1,5,3.25,false,1,
7290117261774,false,כדורי גבינת בייבי מוצרלה 150ג 14% שומן,ג.וילי פוד אינטרנשיונל בעמ,,,"י""ח",150,ל  גרם,false,1,12.70,8.47,false,1,
7290117262290,false,פרלינים אגוזים במילוי פצפוצי דגנים 50ג,ג.וילי פוד אינטרנשיונל בעמ,,,"י""ח",50,ל  גרם,false,1,4.20,8.40,false,1,
7290117262306,false,קורנפלקס מצופה שוקולד חלב 50ד,ג.וילי פוד אינטרנשיונל בעמ,,,"י""ח",50,ל  גרם,false,1,4.20,8.40,false,1,
7290117262320,false,ביסקוויט מצופה שוקולד חלב 40ג,ג.וילי פוד אינטרנשיונל בעמ,,,"י""ח",40,ל  גרם,false,1,4.20,10.50,false,1,
7290117262764,false,בצק להכנת עוגיות רד וולווט 300ג קפוא,ג.וילי פוד אינטרנשיונל בעמ,,,"י""ח",300,ל  גרם,false,1,14.40,4.80,false,1,
7290117262771,false,בצק להכנת עוגיות קרמל מלוח 300ג קפוא,ג.וילי פוד אינטרנשיונל בעמ,,,"י""ח",300,ל  גרם,false,1,14.40,4.80,false,1,
7290117262788,false,בצק להכנת עוגיות פטל שוק. ל.  300ג קפוא,ג.וילי פוד אינטרנשיונל בעמ,,,"י""ח",300,ל  גרם,false,1,14.40,4.80,false,1,
7290117262795,false,בצק להכנת עוגיות טעם שוקולד 300ג קפו,ג.וילי פוד אינטרנשיונל בעמ,,,"י""ח",300,ל  גרם,false,1,14.40,4.80,false,1,
7290117262801,false,בצק להכנת עוגיות שוק. ציפס 300ג קפוא,ג.וילי פוד אינטרנשיונל בעמ,,,"י""ח",300,ל  גרם,false,1,14.40,4.80,false,1,
7290117262931,false,קינוח בטעם מנגו 85ג,ג.וילי פוד אינטרנשיונל בעמ,,,"י""ח",85,ל  גרם,false,1,7.20,8.47,false,1,
7290117262948,false,קינוח בטעם טירמיסו 85ג,ג.וילי פוד אינטרנשיונל בעמ,,,"י""ח",85,ל  גרם,false,1,7.20,8.47,false,1,
7290117262955,false,קינוח בטעם שוקולד בלגי 85ג,ג.וילי פוד אינטרנשיונל בעמ,,,"י""ח",85,ל  גרם,false,1,7.20,8.47,false,1,
7290117262962,false,קינוח בטעם שוקולד קרמל 85ג,ג.וילי פוד אינטרנשיונל בעמ,,,"י""ח",85,ל  גרם,false,1,7.20,8.47,false,1,
7290117262979,false,קינוח בטעם שוקולד ופירות יער 85ג,ג.וילי פוד אינטרנשיונל בעמ,,,"י""ח",85,ל  גרם,false,1,7.20,8.47,false,1,
7290117263020,false,"משקה יוגורט פרוביוטי  200מ""ל 2.3%",ג.וילי פוד אינטרנשיונל בעמ,,,"י""ח",200,ל  גרם,false,1,4.20,2.10,true,1,
7290117380215,false,פוף קראנץ בטעם טאקו 60גר,ש.שסטוביץ בעמ,,,"י""ח",40,ל  גרם,false,1,3.30,8.25,true,1,
7290117380888,false,עוגיות סנדוויץ שוקולד חלב 140ג,ש.שסטוביץ בעמ,,,"י""ח",150,ל  גרם,false,1,8.50,5.67,false,1,
7290117381229,false,פוף פריכיות מצופות שוקולד חלב 70גר,ש.שסטוביץ בעמ,,,"י""ח",70,ל  גרם,false,1,6.80,9.71,true,1,
7290117381236,false,פוף פריכיות מצופות שוקולד מריר 70גר,ש.שסטוביץ בעמ,,,"י""ח",70,ל  גרם,false,1,6.80,9.71,true,1,
7290117381243,false,פוף פריכיות מצופות שוקולד חלב ותות 70ג,ש.שסטוביץ בעמ,,,"י""ח",70,ל  גרם,false,1,6.80,9.71,true,1,
7290117381250,false,פוף פריכיות מצופות שוקולד מריר ותפוז,ש.שסטוביץ בעמ,,,"י""ח",70,ל  גרם,false,1,6.80,9.71,true,1,
7290117382318,false,סלים דליס חטיף חלבון מצופה שוקולד מריר,ש.שסטוביץ בעמ,,,"י""ח",60,ל  גרם,false,1,11,18.33,true,1,
7290117383711,false,"זוג פלמוליב חלב ודבש 750מ""ל",ש.שסטוביץ בעמ,,,"י""ח",1.50,ליטר,false,1,27.30,18.20,true,1,
7290117383728,false,"זוג פלמוליב לומינוס אבוקדו 750מ""ל",ש.שסטוביץ בעמ,,,"י""ח",1.50,ליטר,false,1,27.30,18.20,true,1,
7290117383735,false,"זוג פלמוליב חימר ורדים 750מ""ל",ש.שסטוביץ בעמ,,,"י""ח",1.50,ליטר,false,1,27.30,18.20,true,1,
7290117383742,false,"זוג פלמוליב גבר מרענן 750מ""ל",ש.שסטוביץ בעמ,,,"י""ח",1.50,ליטר,false,1,27.30,18.20,true,1,
7290117383780,false,"זוג פלמוליב  750מ""ל.",ש.שסטוביץ בעמ,,,"י""ח",1.50,ליטר,false,1,27.30,18.20,true,1,
7290117860038,false,"הוואי תחליב רחצה יוגורט  700מ""ל אוכמניות",הנקל סוד בעמ,,,"י""ח",700,"ל  מ""ל",false,1,12.70,1.81,true,1,
7290117860045,false,"הוואי שמפו לשיער רגיל 700מ""ל",הנקל סוד בעמ,,,"י""ח",700,"ל  מ""ל",false,1,12.70,1.81,true,1,
7290117860083,false,"הוואי קרם רחצה בניחוח איריס 700מ""ל",הנקל סוד בעמ,,,"י""ח",700,"ל  מ""ל",false,1,12.70,1.81,true,1,
7290117860090,false,"הוואי מרכך לשיער רגיל 700מ""ל",הנקל סוד בעמ,,,"י""ח",700,"ל  מ""ל",false,1,12.70,1.81,true,1,
7290117860137,false,"הוואי קרם רחצה בניחוח פרח הקמליה 700מ""ל",הנקל סוד בעמ,,,"י""ח",700,"ל  מ""ל",false,1,12.70,1.81,true,1,
7290117860144,false,"הוואי שמפו למניעת קשקשים 700מ""ל",הנקל סוד בעמ,,,"י""ח",700,"ל  מ""ל",false,1,12.70,1.81,true,1,
7290117860182,false,"הוואי תחליב רחצה בניחוח מגנוליה  700מ""ל",הנקל סוד בעמ,,,"י""ח",700,"ל  מ""ל",false,1,12.70,1.81,true,1,
7290117860199,false,"הוואי שמפו מעניק לחות לשיער יבש 700מ""ל",הנקל סוד בעמ,,,"י""ח",700,"ל  מ""ל",false,1,12.70,1.81,true,1,
7290117860236,false,"הוואי קרם רחצה בניחוח ויולה ורודה  700מ""",הנקל סוד בעמ,,,"י""ח",700,"ל  מ""ל",false,1,12.70,1.81,true,1,
7290117860243,false,"הוואי מרכך מעניק לחות לשיער יבש 700מ""ל",הנקל סוד בעמ,,,"י""ח",700,"ל  מ""ל",false,1,12.70,1.81,true,1,
7290117860298,false,"הוואי שמפו קרטין מחזק 700מ""ל",הנקל סוד בעמ,,,"י""ח",700,"ל  מ""ל",false,1,12.70,1.81,true,1,
7290117860342,false,"הוואי מרכך קרטין מחזק 700מ""ל",הנקל סוד בעמ,,,"י""ח",700,"ל  מ""ל",false,1,12.70,1.81,true,1,
7290117860380,false,"הוואי תחליב רחצה יוגורט 700מ""ל אלוורה",הנקל סוד בעמ,,,"י""ח",700,"ל  מ""ל",false,1,12.70,1.81,true,1,
7290117860397,false,"הוואי שמפו פריחת דובדבן 700מ""ל",הנקל סוד בעמ,,,"י""ח",700,"ל  מ""ל",false,1,12.70,1.81,true,1,
7290117860441,false,"הוואי מרכך פריחת דובדבן 700מ""ל",הנקל סוד בעמ,,,"י""ח",700,"ל  מ""ל",false,1,12.70,1.81,true,1,
7290117860496,false,"הוואי  שמפו+מרכך 2ב1 לגבר 700מ""ל",הנקל סוד בעמ,,,"י""ח",700,"ל  מ""ל",false,1,12.70,1.81,true,1,
7290117860649,false,"הוואי שמפו ללא סולפטים 700מ""ל",הנקל סוד בעמ,,,"י""ח",700,"ל  מ""ל",false,1,12.70,1.81,true,1,
7290117860694,false,"הוואי מרכך ללא סולפטים 700מ""ל",הנקל סוד בעמ,,,"י""ח",700,"ל  מ""ל",false,1,12.70,1.81,true,1,
7290117860748,false,"הוואי שמפו מעניק נפח 700מ""ל",הנקל סוד בעמ,,,"י""ח",700,"ל  מ""ל",false,1,12.70,1.81,true,1,
7290117860793,false,"הוואי מרכך מעניק נפח 700מ""ל",הנקל סוד בעמ,,,"י""ח",700,"ל  מ""ל",false,1,12.70,1.81,true,1,
7290117860847,false,הוואי שמפו 4ב1 לגבר רעננות קרירה  700מ,הנקל סוד בעמ,,,"י""ח",700,"ל  מ""ל",false,1,12.70,1.81,true,1,
7290117860892,false,"הוואי תחליב רחצה יוגורט  700 מ""ל דבש",הנקל סוד בעמ,,,"י""ח",700,"ל  מ""ל",false,1,12.70,1.81,true,1,
7290117860946,false,"הוואי תחליב רחצה יוגורט  700 מ""ל קוקוס",הנקל סוד בעמ,,,"י""ח",700,"ל  מ""ל",false,1,12.70,1.81,true,1,
7290117860991,false,"הוואי תחליב רחצה יוגורט  700מ""ל שקדים",הנקל סוד בעמ,,,"י""ח",700,"ל  מ""ל",false,1,12.70,1.81,true,1,
7290117901168,false,729מיקס אגוזים וחמוציות 250גר ששון הקולה,דין שיווק וקליה 2021 בעמ,,,"י""ח",250,ל  גרם,false,1,17.10,6.84,false,1,
7290117901175,false,שקדים קלופים 200ג ששון הקולה,דין שיווק וקליה 2021 בעמ,,,"י""ח",200,ל  גרם,false,1,17.10,8.55,false,1,
7290117901205,false,טורטיה דגנים בתוספת שומשום ופשתן,דין שיווק וקליה 2021 בעמ,,,"י""ח",360,ל  גרם,false,1,8.50,2.36,false,1,
7290117901762,false,בוטן רביולי 200גר מחנה יהודה,דין שיווק וקליה 2021 בעמ****,,,"י""ח",200,ל  גרם,false,1,21.30,10.65,true,1,
7290117901793,false,גרעיני חמניה קלופים 250גר מחנה יהודה,דין שיווק וקליה 2021 בעמ****,,,"י""ח",250,ל  גרם,false,1,12.70,5.08,true,1,
7290117901809,false,צנובר 130גר מחנה יהודה,דין שיווק וקליה 2021 בעמ****,,,"י""ח",130,ל  גרם,false,1,34.10,26.23,true,1,
7290117901816,false,אגוז קשיו טבעי 250גר מחנה יהודה,דין שיווק וקליה 2021 בעמ****,,,"י""ח",250,ל  גרם,false,1,25.60,10.24,true,1,
7290118420378,false,פתי בר פינוקים בטעם תותים בשמנת 220גר,קבוצת אוסם סחר-שות.מוגבלת,,,"י""ח",220,ל  גרם,false,1,9.30,4.23,true,1,
7290118420514,false,פודינג נוגט 75 ג אסם,קבוצת אוסם סחר-שות.מוגבלת,,,"י""ח",75,ל  גרם,false,1,5,6.67,true,1,
7291044050660,false,קומקום נירוסטה כסוף 1.7 יונדאי,סמיקום לקסיס בעמ,,,"י""ח",1,"י""ח",false,1,102.50,102.50,false,1,
7291044052923,false,מכונת תספורת טיטניום מקצועית,סמיקום לקסיס בעמ,,,"י""ח",1,,false,1,151.70,151.70,false,1,
7291044061505,false,קומקום חשמלי שחור 2ליטר יונדאי,סמיקום לקסיס בעמ,,,"י""ח",1,,false,1,59.70,59.70,false,1,
7291044061673,false,מצנם ל-יח יונדאי,סמיקום לקסיס בעמ,,,"י""ח",1,,false,1,83.90,83.90,false,1,
7291044064025,false,מגהץ אדים 2200W קרמי יונדאי,סמיקום לקסיס בעמ,,,"י""ח",1,,false,1,42.30,42.30,false,1,
7291044066289,false,טוסטר לחיצה ל4 פרוסות גריל,סמיקום לקסיס בעמ,,,"י""ח",1,,false,1,111,111,false,1,
7291044067804,false,כיריים חשמליות כפולות קרמיות,סמיקום לקסיס בעמ,,,"י""ח",1,,false,1,256.30,256.30,false,1,
7291044079852,false,קטלן חרקים 2*6W,סמיקום לקסיס בעמ,,,"י""ח",100,ל  גרם,false,1,111,111,false,1,
7291044083309,false,קומקום חשמלי 1.7ליטר זכוכית לבן יונדא,סמיקום לקסיס בעמ,,,"י""ח",1,,false,1,85.40,85.40,false,1,
7291044091304,false,מיקסר יד חשמלי  250W יונדאי.,סמיקום לקסיס בעמ,,,"י""ח",1,,false,1,85.40,85.40,false,1,
7291044096026,false,טוסטר לחיצה ל-2 פרוסות גריל שחור יונדא,סמיקום לקסיס בעמ,,,"י""ח",1,,false,1,59.70,59.70,false,1,
7291044097061,false,מצנם ל -2פרוסות יונדאי 750W שחור,סמיקום לקסיס בעמ,,,"י""ח",1,,false,1,51.20,51.20,false,1,
7291044101478,false,תנור קיר לאמבט 3 דרגות חום 1500W,סמיקום לקסיס בעמ,,,"י""ח",1,,false,1,59.70,59.70,true,1,
7291045000442,false,פחם אלשאם 2 ק``ג,מחמד זייד,,,"י""ח",1,,false,1,11.90,11.90,false,1,
7296058000069,false,פריכיות אורז מארז 310גר,א.ג בחירה חכמה בעמ,,,"י""ח",310,ל  גרם,false,1,11.90,3.84,false,1,
7297028161582,false,גרבי אקטיב 10 זוגות,ביג מול בעמ,,,"י""ח",1,,false,1,25.60,25.60,false,1,
7297028190308,false,קרסוליות ספורט נשים,ביג מול בעמ,,,"י""ח",1,,false,1,17,17,false,1,
7297070000358,false,קרנה-ברך 40לייקרה,אחים וייס ישי ייצור בעמ,,,"י""ח",1,,false,1,10.20,10.20,false,1,
7297070001065,false,גרבי מכנס,אחים וייס ישי ייצור בעמ,,,"י""ח",1,,false,1,11,11,false,1,
7297070001133,false,"גרביון נשים 100דנ""",אחים וייס ישי ייצור בעמ,,,"י""ח",1,,false,1,34.10,34.10,false,1,
7297070001140,false,גרביון ילדות 70 דינר,אחים וייס ישי ייצור בעמ,,,"י""ח",1,,false,1,13.60,13.60,false,1,
7297070001232,false,גרבי מכנס לנשים,אחים וייס ישי ייצור בעמ,,,"י""ח",1,,false,1,11.90,11.90,false,1,
7297070001546,false,גרביון נשים מיקרופייבר 80דינר,אחים וייס ישי ייצור בעמ,,,"י""ח",1,,false,1,13.60,13.60,false,1,
7297070001553,false,גרביון נשים מיקרופייבר 120דינר לגינג,אחים וייס ישי ייצור בעמ,,,"י""ח",1,,false,1,19.60,19.60,false,1,
7297070001669,false,לורה תחתון בנות *5,אחים וייס ישי ייצור בעמ,,,"י""ח",1,,false,1,23,23,false,1,
7297070001829,false,תחתון נשים *5 לייקרה,אחים וייס ישי ייצור בעמ,,,"י""ח",1,,false,1,30.70,30.70,false,1,
7297070001867,false,תחתון  לגבר רוקי זוג,אחים וייס ישי ייצור בעמ,,,"י""ח",1,,false,1,23,23,false,1,
7297070002130,false,אליזי נשים 120 דינר,אחים וייס ישי ייצור בעמ,,,"י""ח",2,"י""ח",false,1,19.60,9.80,false,1,
7297070003137,false,כותניון חורף,אחים וייס ישי ייצור בעמ,,,"י""ח",1,,false,1,11,11,false,1,
7297070003724,false,לונג 6*40 ירך ילדות,אחים וייס ישי ייצור בעמ,,,"י""ח",1,,false,1,28.10,28.10,false,1,
7297094017479,false,"שמיכת כבש ממולאת מודפסת זוגי 220/200ס""","רומנטקס בע""מ",,,"י""ח",1,,false,1,93.90,93.90,true,1,
7297174000056,false,קרסוליות במבוק נשים *3,אחים וייס ישי ייצור בעמ,,,"י""ח",1,,false,1,25.60,25.60,false,1,
7297174000063,false,גרבי תינוקות *3,אחים וייס ישי ייצור בעמ,,,"י""ח",1,,false,1,11.90,11.90,false,1,
7297174000384,false,גופיה לגבר,אחים וייס ישי ייצור בעמ,,,"י""ח",1,,false,1,13.60,13.60,false,1,
7297174000643,false,4 זוגות גרבי מכנס לילדות,אחים וייס ישי ייצור בעמ,,,"י""ח",1,,false,1,28.10,28.10,false,1,
7297174000735,false,3 זוגות גרבי מכנס,אחים וייס ישי ייצור בעמ,,,"י""ח",1,,false,1,28.10,28.10,false,1,
7297174000827,false,"גרביון נשים 20 דנ""מידות גדולות",אחים וייס ישי ייצור בעמ,,,"י""ח",1,,false,1,11.90,11.90,false,1,
7297174000896,false,גרביון אנבל נשים 10דנר,אחים וייס ישי ייצור בעמ,,,"י""ח",1,,false,1,11,11,false,1,
7297174000995,false,גרבי ילדים *3,אחים וייס ישי ייצור בעמ,,,"י""ח",1,,false,1,11.90,11.90,false,1,
7297174001015,false,"אליזי 2*60 גרביון ילדות 50דנ""",אחים וייס ישי ייצור בעמ,,,"י""ח",2,"י""ח",false,1,19.60,9.80,false,1,
7297174001053,false,טייץ מיקרופייבר נשים 80דינר,אחים וייס ישי ייצור בעמ,,,"י""ח",1,,false,1,13.60,13.60,false,1,
7297579005519,false,סט 3 קופסאות אחסון זכוכית לבן,דניאלה ע.י בעמ,,,"י""ח",1,,false,1,34.10,34.10,true,1,
7297579006851,false,מגן מזרן איכותי יחיד,דהן פרוספר בעמ,,,"י""ח",1,,false,1,25.60,25.60,false,1,
7297579006868,false,מגן מזרן איכותי מיטה וחצי,דהן פרוספר בעמ,,,"י""ח",1,,false,1,29.80,29.80,false,1,
7297579006875,false,מגן מזרן איכותי זוגי,דהן פרוספר בעמ,,,"י""ח",1,,false,1,38.40,38.40,false,1,
7297579006882,false,מגן מזרן איכותי 1.8,דהן פרוספר בעמ,,,"י""ח",1,,false,1,42.70,42.70,false,1,
7297579006899,false,זוג מגיני כרית איכותי,דהן פרוספר בעמ,,,"י""ח",1,,false,1,21.30,21.30,false,1,
7297579010643,false,מגן מזרון יוקרתי דיאמונד מיטה וחצי,דהן פרוספר בעמ,,,"י""ח",1,,false,1,51.20,51.20,false,1,
7297579010667,false,מגן מזרון יוקרתי דיאמונד זוגי,דהן פרוספר בעמ,,,"י""ח",1,,false,1,64,64,false,1,
7297579010674,false,מגן מזרון יוקרתי דיאמונד 1.80,דהן פרוספר בעמ,,,"י""ח",1,,false,1,68.30,68.30,false,1,
7297579010742,false,שלישיית מגבות מטבח לימון,דהן פרוספר בעמ,,,"י""ח",1,,false,1,9.30,9.30,false,1,
7297579010780,false,מגבת פנים דגם קוקו,דהן פרוספר בעמ,,,"י""ח",1,,false,1,11,11,true,1,
7297579010797,false,מגבת גוף דגם קוקו,דהן פרוספר בעמ,,,"י""ח",1,,false,1,22.10,22.10,false,1,
7297579011121,false,כרית ויסקו ג`ל,דהן פרוספר בעמ,,,"י""ח",1,,false,1,93.90,93.90,false,1,
7297579011312,false,מגבת מדאם פנים,דהן פרוספר בעמ,,,"י""ח",1,,false,1,12.70,12.70,true,1,
7297579011329,false,מגבת מדאם גוף,דהן פרוספר בעמ,,,"י""ח",1,,false,1,25.60,25.60,true,1,
7297579011350,false,שמיכת כירבולית לונדון,דהן פרוספר בעמ,,,"י""ח",1,,false,1,12.70,12.70,true,1,
7297579011466,false,שמיכת חורף חרמון יחיד,דהן פרוספר בעמ,,,"י""ח",1,,false,1,29.80,29.80,false,1,
7297579011473,false,שמיכת חורף חרמון זוגי,דהן פרוספר בעמ,,,"י""ח",1,,false,1,42.70,42.70,false,1,
7297579011503,false,שטיח אמבטיה 50*80 דגם תחרה,דניאלה ע.י בעמ,,,"י""ח",1,,false,1,34.10,34.10,false,1,
7297579011565,false,שלישיית מגבות מטבח גינגר,דניאלה ע.י בעמ,,,"י""ח",1,,false,1,10.20,10.20,false,1,
7297579011572,false,שלישיית מגבות מטבח זיג זג,דניאלה ע.י בעמ,,,"י""ח",1,,false,1,10.20,10.20,false,1,
7297579011596,false,מפת שולחן דגם דיאנה 150/300,דהן פרוספר בעמ,,,"י""ח",1,,false,1,51.20,51.20,false,1,
7297579011602,false,מפת שולחן דגם דיאנה 150/350,דהן פרוספר בעמ,,,"י""ח",1,,false,1,55.50,55.50,false,1,
7297579011619,false,מפת שולחן דגם דיאנה 150/400,דהן פרוספר בעמ,,,"י""ח",1,,false,1,64.90,64.90,false,1,
7297579011633,false,מפת שולחן דגם דובאי 150/300,דהן פרוספר בעמ,,,"י""ח",1,,false,1,46.90,46.90,false,1,
7297579011640,false,מפת שולחן דגם דובאי 150/350,דהן פרוספר בעמ,,,"י""ח",1,,false,1,59.70,59.70,false,1,
7297579011657,false,מפת שולחן דגם דובאי 150/400,דהן פרוספר בעמ,,,"י""ח",1,,false,1,68.30,68.30,false,1,
7297579011688,false,מפת שולחן דגם ויקטוריה 150/350,דהן פרוספר בעמ,,,"י""ח",1,,false,1,59.70,59.70,false,1,
7297579011695,false,מפת שולחן דגם ויקטוריה 150/400,דהן פרוספר בעמ,,,"י""ח",1,,false,1,68.30,68.30,false,1,
7297579011725,false,מפת שולחן דגם נאיה 150/350,דהן פרוספר בעמ,,,"י""ח",1,,false,1,59.70,59.70,false,1,
7297579011732,false,מפת שולחן דגם נאיה 150/400,דהן פרוספר בעמ,,,"י""ח",1,,false,1,68.30,68.30,false,1,
7297579011756,false,מפת שולחן דגם סהרה 150/300,דהן פרוספר בעמ,,,"י""ח",1,,false,1,51.20,51.20,false,1,
7297579011770,false,מפת שולחן דגם סהרה 150/400,דהן פרוספר בעמ,,,"י""ח",1,,false,1,68.30,68.30,false,1,
7297579011862,false,שטיח אמבטיה דגם פופי 50*80,דהן פרוספר בעמ,,,"י""ח",1,,false,1,22.10,22.10,false,1,
7297579011879,false,שטיח אמבטיה דגם פופי 90*60,דהן פרוספר בעמ,,,"י""ח",1,,false,1,29.80,29.80,false,1,
7297579011886,false,שטיח אמבטיה דגם פופי 120*60,דהן פרוספר בעמ,,,"י""ח",1,,false,1,38.40,38.40,false,1,
7297579012036,false,כיסוי סלון אליזבט,דהן פרוספר בעמ,,,"י""ח",1,,false,1,119.60,119.60,false,1,
7312040017683,false,מארז אבסולוט רגיל(וודקה {}{700 עם כוס,טמפו משקאות בעמ,,,"י""ח",750,"ל  מ""ל",false,1,59.80,7.93,true,1,
7394376615832,false,אוטלי משקה שיבולת שועל בטעם שוקולד,ש.שסטוביץ בעמ,,,"י""ח",1,ליטר,false,1,13.60,13.60,false,1,
7394376616778,false,אוטלי משקה שיבולת שועל להקצפה בריסטה,ש.שסטוביץ בעמ,,,"י""ח",1,ליטר,false,1,13.60,13.60,false,1,
7394376620294,false,אוטלי משקה שיבולת שועל בטעם וניל,ש.שסטוביץ בעמ,,,"י""ח",1,ליטר,false,1,13.60,13.60,false,1,
7450014901344,false,נעלי בית חורף נשים דגם SY001 אפור,ביג מול בעמ,,,"י""ח",1,,false,1,34.10,34.10,false,1,
7501013101348,false,"נקטר מנגו 473מ""ל JUMEX",טמפו משקאות בעמ,,,"י""ח",473,"ל  מ""ל",false,1,6.90,1.40,true,1,
7501013101362,false,"נקטר קוקוס אננס 473מ""ל  JUMEX",טמפו משקאות בעמ,,,"י""ח",473,"ל  מ""ל",false,1,6.90,1.40,true,1,
7501013101393,false,"נקטר אננס 473מ""ל JUMEX",טמפו משקאות בעמ,,,"י""ח",473,"ל  מ""ל",false,1,6.90,1.40,true,1,
7501013122039,false,נקטר מנגו 1ליטר JUMEX קרטונית,טמפו משקאות בעמ,,,"י""ח",1,ליטר,false,1,8,8,false,1,
7501013122114,false,נקטר אננס 1ליטר JUMEX קרטונית,טמפו משקאות בעמ,,,"י""ח",1,ליטר,false,1,8,8,false,1,
7501013122190,false,נקטר תפוח 1ליטר JUMEX קרטונית,טמפו משקאות בעמ,,,"י""ח",1,ליטר,false,1,8,8,false,1,
7501013122992,false,.נקטר קוקוס אננס  1ליטר JUMEX קרטונית,טמפו משקאות בעמ,,,"י""ח",1,ליטר,false,1,8,8,false,1,
7501013138047,false,יוניקו פרסקו משקה רימונים  1 ליטר קרטו,טמפו משקאות בעמ,,,"י""ח",1,ליטר,false,1,9.60,9.60,false,1,
7501013138184,false,יוניקו פרסקו משקה חמוציות  1 ליטר קרטו,טמפו משקאות בעמ,,,"י""ח",1,ליטר,false,1,9.90,9.90,false,1,
7501049936945,false,"בירה סול 330מ""ל שישייה",טמפו משקאות בעמ,,,"י""ח",1.98,ליטר,false,1,34.10,16.46,true,1,
7501064191398,false,"בירה קורונה שישייה *355מ""ל.",תימקו בירה בעמ,,,"י""ח",6,"י""ח",false,1,34.10,5.43,true,1,
7502231540896,false,שמרים 500 גרם דגן (פליישמן),טחנות קמח דגן,,,"י""ח",500,ל  גרם,false,1,11,2.20,false,1,
7509546678702,false,קולגייט משחת שיניים טוטל אנטי טרטר 100,ש.שסטוביץ בעמ,,,"י""ח",100,"ל  מ""ל",false,1,14.40,14.40,true,1,
7610100034084,false,מיונז טומי 265ג,ליימן שליסל,,,"י""ח",265,ל  גרם,false,1,10.20,3.85,false,1,
7610113000175,false,בקרדי 750 מוחיטו כשר,מ.אקרמן בעמ,,,"י""ח",750,"ל  מ""ל",false,1,72.60,9.64,true,1,
7610113011652,false,"בקרדי בריזר תפוח 275מ""ל",טמפו משקאות בעמ,,,"י""ח",275,"ל  מ""ל",false,1,12.20,4.33,true,1,
7610243004463,false,"דורגול מרסס קצף 500מ""ל",יעקב יעקבי ובניו בעמ,,,"י""ח",500,"ל  מ""ל",false,1,17,3.40,true,1,
7610400014649,false,לינדט 100 גרם,מ.סידס ובנו בעמ,,,"י""ח",100,ל  גרם,false,1,14.40,14.40,true,1,
7610400068529,false,בונ`לינדור 200גר`,מ.סידס ובנו בעמ,,,"י""ח",200,ל  גרם,false,1,25.30,12.65,false,1,
7610400075770,false,לינדט לגרנד מריר אגוז,מ.סידס ובנו בעמ,,,"י""ח",140,ל  גרם,false,1,17,12.14,false,1,
7610400075787,false,לינדט לגרנד חלב אגוז,מ.סידס ובנו בעמ,,,"י""ח",140,ל  גרם,false,1,21.30,15.21,false,1,
7610400091060,false,לינדט אקסלנס תפוז 100ג,מ.סידס ובנו בעמ,,,"י""ח",100,ל  גרם,false,1,14.40,14.40,true,1,
7610700010778,false,ריקולה 50ג ללא ת.סוכר פטל חמוציות 50ג,שוקוטרייד בעמ,,,"י""ח",50,ל  גרם,false,1,11.90,23.80,false,1,
7610700012642,false,ריקולה שקית 70ג לימון,שוקוטרייד בעמ,,,"י""ח",70,ל  גרם,false,1,10.20,14.57,false,1,
7613030979647,false,טריקס פירות  480גר,קבוצת אוסם סחר-שות.מוגבלת,,,"י""ח",4.80,"י""ח",false,1,17,3.54,true,1,
7613031608850,false,פיטנס דגנים 625,קבוצת אוסם סחר-שות.מוגבלת,,,"י""ח",625,ל  גרם,false,1,23.50,3.76,false,1,
7613032045753,false,פיטנס שוקולד 375גרם,קבוצת אוסם סחר-שות.מוגבלת,,,"י""ח",375,ל  גרם,false,1,19.60,5.23,true,1,
7613033635571,false,פורינה One חתול סטרילייז סלמון 800גר,קבוצת אוסם סחר-שות.מוגבלת,,,"י""ח",800,ל  גרם,false,1,36.40,4.55,true,1,
7613035027022,false,פורינה One כלב מיני גור עוף 800גר,קבוצת אוסם סחר-שות.מוגבלת,,,"י""ח",800,ל  גרם,false,1,32,4,false,1,
7613035378643,false,דנטלייף גזע גדול 115גר,קבוצת אוסם סחר-שות.מוגבלת,,,"י""ח",115,ל  גרם,false,1,13.60,11.83,false,1,
7613035379817,false,דנטלייף גזע קטן 115גר,קבוצת אוסם סחר-שות.מוגבלת,,,"י""ח",115,ל  גרם,false,1,13.60,11.83,false,1,
7613035548374,false,גולדן מיניס 570גר,קבוצת אוסם סחר-שות.מוגבלת,,,"י""ח",500,ל  גרם,false,1,17,3.40,true,1,
7613035807778,false,רוטב עגבניות לבלונז 400ג אוסם,קבוצת אוסם סחר-שות.מוגבלת,,,"י""ח",400,ל  גרם,false,1,8.50,2.13,true,1,
7613035809109,false,פרפקטו רוטב עגבניות ובזיליקום 400ג,קבוצת אוסם סחר-שות.מוגבלת,,,"י""ח",400,ל  גרם,false,1,8.50,2.13,true,1,
7613035809123,false,רוטב עגבניות עם פלפלים  400ג,קבוצת אוסם סחר-שות.מוגבלת,,,"י""ח",400,ל  גרם,false,1,8.50,2.13,true,1,
7613035809857,false,רוטב עגבניות לפסטה ולבישול 400ג,קבוצת אוסם סחר-שות.מוגבלת,,,"י""ח",400,ל  גרם,false,1,8.50,2.13,true,1,
7613036105576,false,"דוגלי בוגר עוף 3ק""ג",קבוצת אוסם סחר-שות.מוגבלת,,,"י""ח",3,"ק""ג",false,1,36.70,12.23,false,1,
7613036105606,false,"דוגלי בוגר בקר  3ק""ג",קבוצת אוסם סחר-שות.מוגבלת,,,"י""ח",3,"ק""ג",false,1,43.20,14.40,false,1,
7613036105651,false,"דוגלי בוגר בקר 12 ק""ג",קבוצת אוסם סחר-שות.מוגבלת,,,"י""ח",12,"ק""ג",false,1,104.30,8.69,false,1,
7613036725309,false,דנטלייף חתול עוף 40גר,קבוצת אוסם סחר-שות.מוגבלת,,,"י""ח",40,ל  גרם,false,1,9.30,23.25,false,1,
7613036737623,false,דגני בוקר קראנץ מיקס  410גר,קבוצת אוסם סחר-שות.מוגבלת,,,"י""ח",410,ל  גרם,false,1,17,4.15,true,1,
7613036867870,false,נס קפה דולצה גוסטו אספרסו בריסט 16 קפ,קבוצת אוסם סחר-שות.מוגבלת,,,"י""ח",216,ל  גרם,false,1,23.90,11.06,false,1,
7613036880534,false,גרבר מחית מרק ירקות מעורבים 190גר,קבוצת אוסם סחר-שות.מוגבלת,,,"י""ח",190,ל  גרם,false,1,5.90,3.11,false,1,
7613036976671,false,פריסקיז   פאוצ`עוף ברוטב  85גר,קבוצת אוסם סחר-שות.מוגבלת,,,"י""ח",80,ל  גרם,false,1,4.20,5.25,false,1,
7613036976718,false,פריסקיז   פאוצ`ברווז ברוטב  85גר,קבוצת אוסם סחר-שות.מוגבלת,,,"י""ח",80,ל  גרם,false,1,4.20,5.25,false,1,
7613037686906,false,פיטנס דבש ושקדים 355  גר`:,קבוצת אוסם סחר-שות.מוגבלת,,,"י""ח",355,ל  גרם,false,1,19.60,5.52,true,1,
7613037687132,false,פיטנס שקדים ודבש 585ג,קבוצת אוסם סחר-שות.מוגבלת,,,"י""ח",585,ל  גרם,false,1,19.60,3.35,true,1,
7613038268262,false,האני נאט צ`יריוס מופחת סוכר 410גר,קבוצת אוסם סחר-שות.מוגבלת,,,"י""ח",410,ל  גרם,false,1,17.90,4.37,true,1,
7613038451954,false,קראנץ שוקולד מופחת סוכר 410גר,קבוצת אוסם סחר-שות.מוגבלת,,,"י""ח",410,ל  גרם,false,1,17,4.15,true,1,
7613039547922,false,גרבר מחית תפוח בננה אגס פאוץ 90גר,קבוצת אוסם סחר-שות.מוגבלת,,,"י""ח",90,ל  גרם,false,1,5,5.56,true,1,
7613039770450,false,טבעול סנסשיונל בורגר צמחוני 226ג.,קבוצת אוסם סחר-שות.מוגבלת,,,"י""ח",226,ל  גרם,false,1,25.60,11.33,false,1,
7613287155832,false,גרבר מחית תפוח פאוץ 90גר,קבוצת אוסם סחר-שות.מוגבלת,,,"י""ח",130,ל  גרם,false,1,5.90,4.54,true,1,
7613287302373,false,סטארבקס קפסולות איטלאן סטייל רוסט 56גר.,קבוצת אוסם סחר-שות.מוגבלת,,,"י""ח",55,ל  גרם,false,1,18.70,34,true,1,
7613287325808,false,מטבל איולי שום 295גר,קבוצת אוסם סחר-שות.מוגבלת,,,"י""ח",295,"ל  מ""ל",false,1,13.60,4.61,true,1,
7613287325952,false,מטבל ברביקיו 345גר,קבוצת אוסם סחר-שות.מוגבלת,,,"י""ח",335,"ל  מ""ל",false,1,12.70,3.79,true,1,
7613287394323,false,מולטי ציריוס 600גר,קבוצת אוסם סחר-שות.מוגבלת,,,"י""ח",500,ל  גרם,false,1,17,3.40,true,1,
7613287476678,false,סינימיניס צ`ורוס 360גר,קבוצת אוסם סחר-שות.מוגבלת,,,"י""ח",360,ל  גרם,false,1,17,4.72,true,1,
7613287525789,false,"פרייה 500מ""ל שישייה",טמפו משקאות בעמ,,,"י""ח",3,ליטר,false,1,22.10,6.87,false,1,
7613287855640,false,סטארבקס קפסולות גוואטמלה 52גר,קבוצת אוסם סחר-שות.מוגבלת,,,"י""ח",52,ל  גרם,false,1,18.70,35.96,true,1,
7622201050757,false,שוקולד מילקה קרמל 100 ג,דיפלומט מפיצים (1968) בעמ**,,,"י""ח",100,ל  גרם,false,1,7,7,true,1,
7622201127206,false,ממרח  שוקולד מילקה 350גר,דיפלומט מפיצים (1968) בעמ**,,,"י""ח",350,ל  גרם,false,1,12.70,3.63,false,1,
7622201127367,false,מילקה אוראו מיניס לבן 153ג,דיפלומט מפיצים (1968) בעמ**,,,"י""ח",153,ל  גרם,false,1,13.60,8.89,false,1,
7622201137052,false,מילקה מיני קוקיז 110גר,דיפלומט מפיצים (1968) בעמ**,,,"י""ח",110,ל  גרם,false,1,7.40,6.73,true,1,
7622201139278,false,פילדלפיה  27% שומן 150ג,נטו מלינדה סחר בעמ,,,"י""ח",150,ל  גרם,false,1,12.70,8.47,false,1,
7622201401900,false,עוגיות מילקה סנסיישן אוראו 156ג,דיפלומט מפיצים (1968) בעמ**,,,"י""ח",156,ל  גרם,false,1,9.30,5.96,true,1,
7622201521493,false,פילדלפיה  שום ועשבי תיבול 12% שומן 150,נטו מלינדה סחר בעמ,,,"י""ח",150,ל  גרם,false,1,12.70,8.47,true,1,
7622201798154,false,פילדלפיה  לייט 150ג,נטו מלינדה סחר בעמ,,,"י""ח",150,ל  גרם,false,1,12.70,8.47,false,1,
7622201802363,false,מילקה צימוקים 100ג,דיפלומט מפיצים (1968) בעמ**,,,"י""ח",100,ל  גרם,false,1,5.60,5.60,true,1,
7622201802394,false,מילקה מסרונים חלב 100 ג,דיפלומט מפיצים (1968) בעמ**,,,"י""ח",100,ל  גרם,false,1,5.60,5.60,true,1,
7622201808631,false,אוראו מיני כוסות  בטעם וניל 67 גר,דיפלומט מפיצים (1968) בעמ**,,,"י""ח",67,"ס""מ",false,1,5.90,8.81,true,1,
7622201809188,false,מילקה ביסקוויט 150ג,דיפלומט מפיצים (1968) בעמ**,,,"י""ח",150,ל  גרם,false,1,11,7.33,true,1,
7622201813390,false,מילקה וואפל במילוי קרם  בטעם קקאו 150גר,דיפלומט מפיצים (1968) בעמ**,,,"י""ח",150,ל  גרם,false,1,9.30,6.20,true,1,
7622210078131,false,מילקה שוקולד חלב עם דאיים 100ג.,דיפלומט מפיצים (1968) בעמ**,,,"י""ח",100,ל  גרם,false,1,5.60,5.60,true,1,
7622210137234,false,אוראו עוגיות עם דאבל קרם בטעם וניל 170ג,דיפלומט מפיצים (1968) בעמ**,,,"י""ח",170,ל  גרם,false,1,7.60,4.47,true,1,
7622210163899,false,מילקה שוקולד חלב עם עדשים 100ג,דיפלומט מפיצים (1968) בעמ**,,,"י""ח",100,ל  גרם,false,1,5.60,5.60,true,1,
7622210453327,false,מילקה סנסיישן 156גר,דיפלומט מפיצים (1968) בעמ**,,,"י""ח",156,ל  גרם,false,1,11,7.05,true,1,
7622210464729,false,אוראו גולדן בד``צ 154גרם,דיפלומט מפיצים (1968) בעמ**,,,"י""ח",154,"ס""מ",false,1,5.90,3.83,true,1,
7622210637994,false,אוראו ביס קראנצי אורגניל 110ג,דיפלומט מפיצים (1968) בעמ**,,,"י""ח",110,ל  גרם,false,1,6.80,6.18,true,1,
7622210638021,false,אוראו ביס קראנצי ציפוי  בטעם שוק. 110ג,דיפלומט מפיצים (1968) בעמ**,,,"י""ח",110,ל  גרם,false,1,6.80,6.18,true,1,
7622210664150,false,עוגיות אוראו וניל 396גר,דיפלומט מפיצים (1968) בעמ**,,,"י""ח",156,ל  גרם,false,1,12.70,8.14,false,1,
7622210826053,false,שוקולד מילקה אוראו סנדויץ 92ג,דיפלומט מפיצים (1968) בעמ**,,,"י""ח",92,ל  גרם,false,1,5.60,6.09,true,1,
7622210835338,false,אוראו בראוניז 176ג,דיפלומט מפיצים (1968) בעמ**,,,"י""ח",176,ל  גרם,false,1,7.60,4.32,true,1,
7622300270506,false,מילקה גריינס עוגיות,דיפלומט מפיצים (1968) בעמ**,,,"י""ח",168,ל  גרם,false,1,9.30,5.54,true,1,
7622300315283,false,אוראו  בטעם וניל בד``צ 154גרם.,דיפלומט מפיצים (1968) בעמ**,,,"י""ח",154,"ס""מ",false,1,5.90,3.83,true,1,
7622300489427,false,אוראו פאדגי בטעם  שוק לבן 240,דיפלומט מפיצים (1968) בעמ**,,,"י""ח",264,ל  גרם,false,1,15.30,5.80,true,1,
7622300489434,false,אוראו פאדג  בטעם  שוק.חלב 246גרם,דיפלומט מפיצים (1968) בעמ**,,,"י""ח",264,ל  גרם,false,1,15.30,5.80,true,1,
7622300503079,false,מילקה מוו ביסקויט,דיפלומט מפיצים (1968) בעמ**,,,"י""ח",200,ל  גרם,false,1,9.30,4.65,true,1,
7622300617820,false,מילקה אוראו  100 ג,דיפלומט מפיצים (1968) בעמ**,,,"י""ח",100,ל  גרם,false,1,5.60,5.60,true,1,
7622300761363,false,עוגיות מיני אוראו קרם  בטעם שקולד  67גר.,דיפלומט מפיצים (1968) בעמ**,,,"י""ח",67,ל  גרם,false,1,5.90,8.81,true,1,
7622400005190,false,שוקולד מילקה COW 100גר,דיפלומט מפיצים (1968) בעמ**,,,"י""ח",1,,false,1,6.90,6.90,true,1,
7630477891592,false,סטארבקס קפסולות האוס בלנד 57גר,קבוצת אוסם סחר-שות.מוגבלת,,,"י""ח",57,ל  גרם,false,1,18.70,32.81,true,1,
7630477891615,false,סטארבקס קפסולות סומטרה 55גר,קבוצת אוסם סחר-שות.מוגבלת,,,"י""ח",55,ל  גרם,false,1,18.70,34,true,1,
7630477891639,false,סטארבקס קפסולות ורונה 55גר.,קבוצת אוסם סחר-שות.מוגבלת,,,"י""ח",55,ל  גרם,false,1,18.70,34,true,1,
7630477891653,false,סטארבקס קפסולות אספרסו נטול 57גר,קבוצת אוסם סחר-שות.מוגבלת,,,"י""ח",57,ל  גרם,false,1,18.70,32.81,true,1,
7630477891677,false,סטארבקס קפסולות פייק פלייס 53גר,קבוצת אוסם סחר-שות.מוגבלת,,,"י""ח",53,ל  גרם,false,1,18.70,35.28,true,1,
7630477891691,false,סטארבקס קפסולות קולומביה 57גר,קבוצת אוסם סחר-שות.מוגבלת,,,"י""ח",57,ל  גרם,false,1,18.70,32.81,true,1,
7630477891738,false,סטארבקס קפסולות אספרסו בלונד 53גר,קבוצת אוסם סחר-שות.מוגבלת,,,"י""ח",53,ל  גרם,false,1,18.70,35.28,true,1,
7640175743451,false,"פחית ג`ין בומביי &טוניק 250מ""ל",מ.אקרמן בעמ,,,"י""ח",250,"ל  מ""ל",false,1,11.90,4.64,true,1,
7702018263936,false,סכיני פיוזן  8 יח פרוגליד פאוור,דיפלומט מפיצים 1968 בעמ,,,"י""ח",8,"י""ח",false,1,164.20,20.53,false,1,
7702018441075,false,סכיני פיוזן ידני מארז 12 יח,דיפלומט מפיצים 1968 בעמ,,,"י""ח",1,,false,1,119.60,119.60,true,1,
7702018464753,false,"ג ל גילוח פיוזן לעור רגיש 200מ""ל",דיפלומט מפיצים 1968 בעמ,,,"י""ח",200,"ל  מ""ל",false,1,17,8.50,false,1,
7702018489619,false,בלו 3   גבר -3סכינים,דיפלומט מפיצים 1968 בעמ,,,"י""ח",1,,false,1,16.20,16.20,true,1,
7702018539468,false,גילט מארז ונוס תות ידית +3 סכין,דיפלומט מפיצים 1968 בעמ,,,"י""ח",1,,false,1,42.70,42.70,true,1,
7702018607518,false,פיוזן מארז  ידית+ 6 סכינים,דיפלומט מפיצים 1968 בעמ,,,"י""ח",1,"י""ח",false,1,85.40,85.40,false,1,
7702018978120,false,דאודורנט ג`ילט קליר ג`ל CW 70 מל,דיפלומט מפיצים 1968 בעמ,,,"י""ח",1,"י""ח",false,1,22.10,22.10,false,1,
7702024074625,false,פיטנס חטיפי קרקר חיטה מלאה 234גר,קבוצת אוסם סחר-שות.מוגבלת,,,"י""ח",234,ל  גרם,false,1,11,4.70,false,1,
7702174066631,false,לקקן פין פופ 10 יח`180גר`,ליימן שליסל,,,"י""ח",180,"ל  מ""ל",false,1,7.60,4.22,false,1,
7702174068833,false,לקקן יוגטה טעמי גלידה,ליימן שליסל,,,"י""ח",216,ל  גרם,false,1,8.50,3.94,false,1,
7702174073844,false,לקקן פין פופ פירות 48יח,ליימן שליסל,,,"י""ח",672,ל  גרם,false,1,17,2.53,false,1,
7792860006218,false,בייבי דול לקקן,מ.סידס ובנו בעמ,,,"י""ח",24,ל  גרם,false,1,1.90,7.92,true,1,
7798378440018,false,אוכמניות,ביכורי השדה צפון 1994 ג.ד. בעמ,,,"י""ח",1,,false,1,14.90,14.90,true,1,
7798382150019,false,אוכמניות,ביכורי השדה צפון 1994 ג.ד. בעמ,,,"י""ח",1,,false,1,14.90,14.90,false,1,
7804414000884,false,יין דון חולין שרדונה 750,הכרם משקאות חריפים בעמ,,,"י""ח",750,"ל  מ""ל",false,1,24.90,3.28,false,1,
7804414001614,false,יין דון חוליו שיראז.,הכרם משקאות חריפים בעמ,,,"י""ח",750,"ל  מ""ל",false,1,24.90,3.28,false,1,
7804414012351,false,יין דון חוליו מלבק,הכרם משקאות חריפים בעמ,,,"י""ח",750,"ל  מ""ל",false,1,24.90,3.28,false,1,
7804414012368,false,יין דון חוליו רוזה,הכרם משקאות חריפים בעמ,,,"י""ח",750,"ל  מ""ל",false,1,24.90,3.28,false,1,
7891024030974,false,"קולגייט  טריפל אקשן 75מ""ל",ש.שסטוביץ בעמ,,,"י""ח",75,"ל  מ""ל",false,1,5,6.67,false,1,
7891024124826,false,"קולגייט  אופטיק וייט 75מ""ל",ש.שסטוביץ בעמ,,,"י""ח",75,"ל  מ""ל",false,1,17,22.67,true,1,
7891024179482,false,"קולגייט שטיפת פה 500מ""ל",ש.שסטוביץ בעמ,,,"י""ח",500,"ל  מ""ל",false,1,25.60,5.12,true,1,
8000070003811,false,קפסולות לוואצה 7.5גר רמת חוזק 11,ליימן שליסל,,,"י""ח",100,ל  גרם,false,1,25.60,25.60,true,1,
8000070053526,false,קפסולות לוואצה רוסה 10,ליימן שליסל,,,"י""ח",55,ל  גרם,false,1,17,30.91,true,1,
8000070064553,false,קפסולות לוואצה 7.5גר רמת חוזק 10,ליימן שליסל,,,"י""ח",100,ל  גרם,false,1,25.60,25.60,true,1,
8000380003723,false,גרנד פטיסרי אגוז 100,ליימן שליסל,,,"י""ח",1,,false,1,10.90,10.90,true,1,
8000380003754,false,גרנד פטיסרי קפוצ ינו 100,ליימן שליסל,,,"י""ח",100,ל  גרם,false,1,11,11,true,1,
8000380003761,false,גרנד פטיסרי קוקוס 100,ליימן שליסל,,,"י""ח",100,ל  גרם,false,1,10.90,10.90,true,1,
8000380004669,false,וופל 200 גר`קקאו,ליימן שליסל,,,"י""ח",200,ל  גרם,false,1,11,5.50,true,1,
8000380004676,false,וופל לואקר  וניל סנדוויץ 200 ג`,ליימן שליסל,,,"י""ח",200,ל  גרם,false,1,11,5.50,true,1,
8000380004911,false,לואקר קוארדטיני אגוז 250גר`.,ליימן שליסל,,,"י""ח",250,ל  גרם,false,1,11.90,4.76,false,1,
8000380004942,false,קוארדטיני וניל 250גר`,ליימן שליסל,,,"י""ח",250,ל  גרם,false,1,11.90,4.76,false,1,
8000380004966,false,קואדרטיטני  שוקולד 250ג,ליימן שליסל,,,"י""ח",250,ל  גרם,false,1,11.90,4.76,false,1,
8000380005598,false,טורטינה שישייה טעם מריר,ליימן שליסל,,,"י""ח",125,ל  גרם,false,1,16.20,12.96,false,1,
8000380007219,false,וופל לואקר אגוז 175 גרם,ליימן שליסל,,,"י""ח",175,ל  גרם,false,1,10,5.71,false,1,
8000380007257,false,וופל גרדנה 200 ג  מצופה,ליימן שליסל,,,"י""ח",200,ל  גרם,false,1,12.30,6.15,true,1,
8000380007264,false,וופל לואקר קקאו 175 גרם,ליימן שליסל,,,"י""ח",175,ל  גרם,false,1,10,5.71,false,1,
8000380106028,false,טורטינה 1/6,ליימן שליסל,,,"י""ח",125,ל  גרם,false,1,16.20,12.96,false,1,
8000380144044,false,וופל גרנדה שוקולד,ליימן שליסל,,,"י""ח",200,ל  גרם,false,1,12.30,6.15,true,1,
8000380148035,false,גרנד פטיסרי טעם מריר אגוזים,ליימן שליסל,,,"י""ח",100,ל  גרם,false,1,10.90,10.90,true,1,
8000380153442,false,לואקר אגוזים 90גר,ליימן שליסל,,,"י""ח",90,ל  גרם,false,1,5.90,6.56,false,1,
8000380153466,false,לואקר שוקולד 90גר,ליימן שליסל,,,"י""ח",90,ל  גרם,false,1,5.90,6.56,false,1,
8000380153534,false,טורטינה 1/6 לבן,ליימן שליסל,,,"י""ח",125,ל  גרם,false,1,16.20,12.96,false,1,
8000380154791,false,טורטינה שלישיה קלאסיק,ליימן שליסל,,,"י""ח",3,"י""ח",false,1,7.60,2.53,false,1,
8000380155699,false,טורטינה שלישיה שוקולד לבן,ליימן שליסל,,,"י""ח",3,"י""ח",false,1,7.60,2.53,false,1,
8000380156009,false,ורד הדולמיטים חלב  150ג.,ליימן שליסל,,,"י""ח",150,ל  גרם,false,1,21.30,14.20,false,1,
8000380156573,false,ורד הדולמיטים 150ג.,ליימן שליסל,,,"י""ח",150,ל  גרם,false,1,20.30,13.53,false,1,
8000380156825,false,שוקולד לואקר חלב 87ג,ליימן שליסל,,,"י""ח",87,ל  גרם,false,1,6.70,7.70,false,1,
8000380156849,false,שוקולד לואקר מריר  87ג,ליימן שליסל,,,"י""ח",87,ל  גרם,false,1,6.70,7.70,false,1,
8000380157440,false,שוקולד לואקר ממולא אגוזי לוז 85ג,ליימן שליסל,,,"י""ח",85,ל  גרם,false,1,6.80,8,false,1,
8000380157570,false,לואקר אגוז 5 262גר,ליימן שליסל,,,"י""ח",262,ל  גרם,false,1,11.90,4.54,true,1,
8000380157587,false,לואקר שוקולד 5 262גר,ליימן שליסל,,,"י""ח",262,ל  גרם,false,1,11.90,4.54,true,1,
8000380180745,false,לואקר קוארדטיני שוקו חלב  250גר`.,ליימן שליסל,,,"י""ח",250,ל  גרם,false,1,11.90,4.76,false,1,
8000380180837,false,גראנד פטי סרי קרם קוקוס בשוקולד לבן,ליימן שליסל,,,"י""ח",100,ל  גרם,false,1,11,11,true,1,
8000380181032,false,מארז חטיפי אצבעות גרדנה אגוזי לוז,ליימן שליסל,,,"י""ח",125,ל  גרם,false,1,13.30,10.64,true,1,
8000380187119,false,עוגיות לואקר אגוזי לוז 100ג,ליימן שליסל,,,"י""ח",100,ל  גרם,false,1,11.90,11.90,false,1,
8000380192199,false,וופל לואקר שוקו-חלב  175ג,ליימן שליסל,,,"י""ח",175,ל  גרם,false,1,10.10,5.77,false,1,
8000380192243,false,לואקר מקסי 200ג טעם אגוזים,ליימן שליסל,,,"י""ח",200,ל  גרם,false,1,11.90,5.95,false,1,
8000380205523,false,וופל לואקר חמאת בוטנים  175ג,ליימן שליסל,,,"י""ח",175,ל  גרם,false,1,10.10,5.77,false,1,
8000380206896,false,וופל גרדנה 200 ג  חמאת בוטנים,ליימן שליסל,,,"י""ח",200,ל  גרם,false,1,12.40,6.20,true,1,
8000380207183,false,טורטינה שישייה טעם מריר,ליימן שליסל,,,"י""ח",125,ל  גרם,false,1,16.20,12.96,false,1,
8000500009673,false,בונבוניירה רושה 300 גרם,פרימיום - חברה לדברי מתיקה ולמ,,,"י""ח",300,ל  גרם,false,1,38.10,12.70,false,1,
8000500023624,false,הפי היפו 10 חמישיות,פרימיום - חברה לדברי מתיקה ולמ,,,"י""ח",90,ל  גרם,false,1,11,12.22,false,1,
8000500023976,false,בונבוניירת רפאלו 150 ג,פרימיום - חברה לדברי מתיקה ולמ,,,"י""ח",150,ל  גרם,false,1,13.50,9,false,1,
8000500026731,false,ביצי שוקולד קינדר מארז 3 יח סופרייז,פרימיום - חברה לדברי מתיקה ולמ,,,"י""ח",60,ל  גרם,false,1,13.60,22.67,true,1,
8000500028124,false,קינדר ג וי שלשות,פרימיום - חברה לדברי מתיקה ולמ,,,"י""ח",3,"י""ח",false,1,11.60,3.87,false,1,
8000500029350,false,קינדר בואנו שלישייה,פרימיום - חברה לדברי מתיקה ולמ,,,"י""ח",120,ל  גרם,false,1,8.60,7.17,true,1,
8000500032237,false,בונבוניירת רושה 375 גרם,פרימיום - חברה לדברי מתיקה ולמ,,,"י""ח",375,ל  גרם,false,1,37.20,9.92,false,1,
8000500037874,false,רושר בונ  200 גר,פרימיום - חברה לדברי מתיקה ולמ,,,"י""ח",200,ל  גרם,false,1,21.80,10.90,false,1,
8000500121436,false,קינדר בואנו לבן שלשות,פרימיום - חברה לדברי מתיקה ולמ,,,"י""ח",3,"י""ח",false,1,8.60,2.87,true,1,
8000500126325,false,קינדר ג וי שלשות ורוד,פרימיום - חברה לדברי מתיקה ולמ,,,"י""ח",3,"י""ח",false,1,14.40,4.80,false,1,
8000500167656,false,קינדר שוקולד עם חלב ודגנים  96ג,פרימיום - חברה לדברי מתיקה ולמ,,,"י""ח",96,ל  גרם,false,1,6.60,6.88,false,1,
8000500217740,false,קינדר בואנו מיני,פרימיום - חברה לדברי מתיקה ולמ,,,"י""ח",86,ל  גרם,false,1,9.30,10.81,false,1,
8000500227848,false,וופל נוטלה  בי רדי שישייה 132ג,פרימיום - חברה לדברי מתיקה ולמ,,,"י""ח",132,ל  גרם,false,1,11,8.33,false,1,
8000500247167,false,פררו קולקשיון 275ג,פרימיום - חברה לדברי מתיקה ולמ,,,"י""ח",275,ל  גרם,false,1,38.40,13.96,false,1,
8000500249352,false,קינדר בואנו מיני מיקס,פרימיום - חברה לדברי מתיקה ולמ,,,"י""ח",3,"י""ח",false,1,17,5.67,false,1,
8000500256213,false,קינדר שוקולד מיני 120ג,פרימיום - חברה לדברי מתיקה ולמ,,,"י""ח",120,ל  גרם,false,1,10.20,8.50,false,1,
8000500267103,false,קינדר דליס  }עוגות{,פרימיום - חברה לדברי מתיקה ולמ,,,"י""ח",4.20,"י""ח",false,1,17,4.05,true,1,
8000500269169,false,קינדר קארדס 128ג,פרימיום - חברה לדברי מתיקה ולמ,,,"י""ח",1.28,"י""ח",false,1,11.90,9.30,false,1,
8000500328750,false,פררו רונדנואר 141ג,פרימיום - חברה לדברי מתיקה ולמ,,,"י""ח",140,ל  גרם,false,1,22.10,15.79,false,1,
8000500353738,false,טיק טק רביעיות מנטה חזק,פרימיום - חברה לדברי מתיקה ולמ,,,"י""ח",1,,false,1,9.70,9.70,false,1,
8000500386941,false,נוטלה 900ג,פרימיום - חברה לדברי מתיקה ולמ,,,"י""ח",900,ל  גרם,false,1,27.30,3.03,true,1,
8000570283607,false,מרטיני אסטי מבעבע,מ.אקרמן בעמ,,,"י""ח",750,"ל  מ""ל",false,1,64.90,8.61,true,1,
8001003100164,false,יוגטה ג`לי  450גר,ליימן שליסל,,,"י""ח",450,ל  גרם,false,1,11.90,2.64,false,1,
8001090184375,false,"פיירי אוריגינל 900מ""ל",דיפלומט מפיצים 1968 בעמ,,,"י""ח",900,"ל  מ""ל",false,1,12.70,1.41,true,1,
8001090184412,false,"פיירי לימון  900מ""ל",דיפלומט מפיצים 1968 בעמ,,,"י""ח",900,"ל  מ""ל",false,1,12.70,1.41,true,1,
8001090222428,false,הרבל אסנסס שמפו חלב קוקוס 400מ``ל,דיפלומט מפיצים 1968 בעמ,,,"י""ח",400,"ל  מ""ל",false,1,17,4.25,true,1,
8001090222725,false,הרבל אסנסס שמפו שמן מורינגה 400מ``ל,דיפלומט מפיצים 1968 בעמ,,,"י""ח",400,"ל  מ""ל",false,1,17,4.25,true,1,
8001090290939,false,אורל בי משחת שיניים להלבנה,דיפלומט מפיצים 1968 בעמ,,,"י""ח",124,ל  גרם,false,1,18.70,15.08,true,1,
8001090336354,false,פמפרס ניו בייבי מידה 2 46יח,דיפלומט מפיצים 1968 בעמ,,,"י""ח",1,,false,1,34.10,34.10,true,1,
8001090336606,false,פמפרס אקטיב בייבי של6 26יח,דיפלומט מפיצים 1968 בעמ,,,"י""ח",1,,false,1,34.10,34.10,true,1,
8001090364104,false,אורל בי משחת שיניים לניקוי יסודי,דיפלומט מפיצים 1968 בעמ,,,"י""ח",124,ל  גרם,false,1,17,13.71,true,1,
8001090375285,false,"פנטן מרכך מרוכז 200מ""ל למגע רך",דיפלומט מפיצים 1968 בעמ,,,"י""ח",200,"ל  מ""ל",false,1,18.70,9.35,false,1,
8001090377531,false,"פנטן מסכה לצבע מלא חיים 300מ""ל",דיפלומט מפיצים 1968 בעמ,,,"י""ח",300,"ל  מ""ל",false,1,29,9.67,false,1,
8001090379337,false,פמפרס פרמיום VP מידה 3  1/40,דיפלומט מפיצים 1968 בעמ,,,"י""ח",40,"י""ח",false,1,29.80,0.75,true,1,
8001090379368,false,פמפרס פרמיום VP מידה4  1/34,דיפלומט מפיצים 1968 בעמ,,,"י""ח",40,"י""ח",false,1,29.80,0.75,true,1,
8001090458322,false,פיירי ורדים ומשי 1.015ל,דיפלומט מפיצים 1968 בעמ,,,"י""ח",1.01,ליטר,false,1,13.60,13.47,true,1,
8001090458353,false,"פיירי אנטי בקטריאלי 515מ""ל",דיפלומט מפיצים 1968 בעמ,,,"י""ח",500,"ל  מ""ל",false,1,8.50,1.70,false,1,
8001090678614,false,"הד שולדרס שמפו סופרים לחות 400מ""ל",דיפלומט מפיצים 1968 בעמ,,,"י""ח",400,"ל  מ""ל",false,1,16.40,4.10,false,1,
8001090734044,false,אולדייז מגה פק נורמל פרש 78 יח`,דיפלומט מפיצים 1968 בעמ,,,"י""ח",78,"י""ח",false,1,17,0.22,true,1,
8001090737809,false,אולוייז טנגה סינגל 1/36,דיפלומט מפיצים 1968 בעמ,,,"י""ח",1,,false,1,15.30,15.30,true,1,
8001090740717,false,אולדייז מגה פק נורמל פרש 76 יח`,דיפלומט מפיצים 1968 בעמ,,,"י""ח",76,"י""ח",false,1,17,0.22,true,1,
8001090802385,false,טייד קפסולות 26יח ניחוח לנור.,דיפלומט מפיצים 1968 בעמ,,,"י""ח",26,"י""ח",false,1,25.60,0.98,false,1,
8001090832450,false,"פנטן שמפו נוסחה קלאסית 660מ""ל",דיפלומט מפיצים 1968 בעמ,,,"י""ח",660,"ל  מ""ל",false,1,19.60,2.97,false,1,
8001090832573,false,"פנטן שמפו לחות מוגברת  660מ""ל",דיפלומט מפיצים 1968 בעמ,,,"י""ח",660,"ל  מ""ל",false,1,19.60,2.97,false,1,
8001090832610,false,"פנטן שמפו למגע רך כמשי 660מ""ל",דיפלומט מפיצים 1968 בעמ,,,"י""ח",660,"ל  מ""ל",false,1,19.60,2.97,false,1,
8001090832771,false,"פנטן שמפו הזנת קרטין  660מ""ל",דיפלומט מפיצים 1968 בעמ,,,"י""ח",660,"ל  מ""ל",false,1,19.60,2.97,false,1,
8001090832818,false,"פנטן קונדישנר נוסחה קלאסית  660מ""ל",דיפלומט מפיצים 1968 בעמ,,,"י""ח",660,"ל  מ""ל",false,1,19.60,2.97,false,1,
8001090832894,false,"פנטן קונדישנר לחות מוגברת  660מ""ל",דיפלומט מפיצים 1968 בעמ,,,"י""ח",660,"ל  מ""ל",false,1,19.60,2.97,false,1,
8001090832931,false,"פנטן קונדישנר מגע רך  660מ""ל",דיפלומט מפיצים 1968 בעמ,,,"י""ח",660,"ל  מ""ל",false,1,19.60,2.97,false,1,
8001090833051,false,"פנטן קונדישנר הזנת קרטין  660מ""ל",דיפלומט מפיצים 1968 בעמ,,,"י""ח",660,"ל  מ""ל",false,1,19.60,2.97,false,1,
8001090833198,false,אריאל גל ניחוח מרענן  2.36ל.,דיפלומט מפיצים 1968 בעמ,,,"י""ח",2.36,ליטר,false,1,27.30,11.57,false,1,
8001090833228,false,אריאל גל קולור 2.36ל,דיפלומט מפיצים 1968 בעמ,,,"י""ח",2.36,ליטר,false,1,27.30,11.57,false,1,
8001090899194,false,תחבושות אולוויז פלטינום נורמל,דיפלומט מפיצים 1968 בעמ,,,"י""ח",1,,false,1,17,17,true,1,
8001090899224,false,תחבושות אולוויז פלטינום לונג,דיפלומט מפיצים 1968 בעמ,,,"י""ח",1,,false,1,17,17,true,1,
8001090899255,false,תחבושות אולוויז פלטינום לילה,דיפלומט מפיצים 1968 בעמ,,,"י""ח",1,,false,1,17,17,true,1,
8001090899286,false,תחבושות אולוויז פלטינום לילה בטוח,דיפלומט מפיצים 1968 בעמ,,,"י""ח",1,,false,1,17,17,true,1,
8001090943095,false,פיירי אנטי בקטריאלי 1.015ל,דיפלומט מפיצים 1968 בעמ,,,"י""ח",1.01,ליטר,false,1,13.60,13.47,true,1,
8001440118944,false,מארז עגבניות פולפה ציריו 400ג*3יח,דיפלומט מפיצים (1968) בעמ**,,,"י""ח",1.20,"ק""ג",false,1,13.60,11.33,false,1,
8001620011935,false,סן בנדטו שישיה 0.5 ל מוגז עדין,טמפו משקאות בעמ,,,"י""ח",3,ליטר,false,1,11.80,3.43,true,1,
8001620015612,false,"משקה פירות פרוטה בטעם תפוז גזר 400מ""ל.",טמפו משקאות בעמ,,,"י""ח",40,"ל  מ""ל",false,1,5.90,14,true,1,
8001620015629,false,"סן בנדטו תפוז ותפוז אדום 400מ""ל",טמפו משקאות בעמ,,,"י""ח",40,"ל  מ""ל",false,1,5.90,14,true,1,
8001620015636,false,"משקה פירות פרוטה בטעם מיקס פירות 400מ""",טמפו משקאות בעמ,,,"י""ח",40,"ל  מ""ל",false,1,5.90,14,true,1,
8001620017456,false,סאן בנדטו פקק ספורט שישיה 0.5 ל,טמפו משקאות בעמ,,,"י""ח",9,ליטר,false,1,12.50,1.22,false,1,
8001620018248,false,"סן בנדטו פקק ספורט בקבוק 750מ""ל",טמפו משקאות בעמ,,,"י""ח",750,"ל  מ""ל",false,1,3,0.36,true,1,
8001620018408,false,"סן בנדטו מנגו תפוח 400מ""ל",טמפו משקאות בעמ,,,"י""ח",40,"ל  מ""ל",false,1,5.90,14,true,1,
8001620019177,false,"מים סן בנדטו טעם ענבים 400מ""ל",טמפו משקאות בעמ,,,"י""ח",40,"ל  מ""ל",false,1,5.10,12,false,1,
8001841019291,false,אריאל קפסולות 16יח ניחוח לנור.,דיפלומט מפיצים 1968 בעמ,,,"י""ח",16,"י""ח",false,1,18.70,1.17,false,1,
8001841053646,false,אולוייז עבה נורמל פלוס 16יח,דיפלומט מפיצים 1968 בעמ,,,"י""ח",1,,false,1,11,11,false,1,
8001841053684,false,אולוויז עבה לונג פלוס 12יח,דיפלומט מפיצים 1968 בעמ,,,"י""ח",1,,false,1,11,11,false,1,
8001841104799,false,פמפרס פרמיום VP מידה 2 1/46,דיפלומט מפיצים 1968 בעמ,,,"י""ח",41,"י""ח",false,1,29.80,0.73,true,1,
8001841137179,false,"הד שולדרס מרכך קלאסי  275מ""ל",דיפלומט מפיצים 1968 בעמ,,,"י""ח",275,"ל  מ""ל",false,1,17,6.18,false,1,
8001841137216,false,"הד שולדרס מרכך משי  275מ""ל",דיפלומט מפיצים 1968 בעמ,,,"י""ח",275,"ל  מ""ל",false,1,17,6.18,false,1,
8001841427126,false,אולדייז מגה פק פרו פרש נורמל 64יח,דיפלומט מפיצים 1968 בעמ,,,"י""ח",80,"י""ח",false,1,20.40,0.26,true,1,
8001841625188,false,"פיירי פלטינום לימון 515מ""ל",דיפלומט מפיצים 1968 בעמ,,,"י""ח",500,"ל  מ""ל",false,1,8.50,1.70,false,1,
8001841625287,false,פיירי פלטינום לימון 1.015ל,דיפלומט מפיצים 1968 בעמ,,,"י""ח",1.01,ליטר,false,1,13.60,13.47,true,1,
8001841625362,false,"פיירי פלטינום לימון 780מ""ל",דיפלומט מפיצים 1968 בעמ,,,"י""ח",780,"ל  מ""ל",false,1,12.70,1.63,true,1,
8001841625461,false,"פיירי פלטינום אורגינל  515מ""ל",דיפלומט מפיצים 1968 בעמ,,,"י""ח",500,"ל  מ""ל",false,1,8.50,1.70,false,1,
8001841625508,false,פיירי  אורגינל 1.015ל,דיפלומט מפיצים 1968 בעמ,,,"י""ח",1.01,ליטר,false,1,13.60,13.47,true,1,
8001841669465,false,אריאל קפסולות 24יח ניחוח לינור,דיפלומט מפיצים 1968 בעמ,,,"י""ח",24,"י""ח",false,1,28.10,1.17,true,1,
8001841669519,false,אריאל קפסולות לכביסה 55 יח,דיפלומט מפיצים 1968 בעמ,,,"י""ח",55,"י""ח",false,1,51.20,0.93,true,1,
8001841680989,false,אולדייז מגה פק פרו פרש לארג  64יח,דיפלומט מפיצים 1968 בעמ,,,"י""ח",80,"י""ח",false,1,20.40,0.26,true,1,
8001841716435,false,"הד שולדרס גל ושמפו 360מ""ל עור רגיש",דיפלומט מפיצים 1968 בעמ,,,"י""ח",500,"ל  מ""ל",false,1,17,3.40,false,1,
8001841941929,false,אולוויז וליו פק  לילה אקסטרא 16יח,דיפלומט מפיצים 1968 בעמ,,,"י""ח",1,,false,1,22.10,22.10,true,1,
8001841958460,false,פיירי טבלאות למדיח 48יח,דיפלומט מפיצים 1968 בעמ,,,"י""ח",48,"י""ח",false,1,34.10,0.71,false,1,
8001841960081,false,פיירי טבלאות למדיח 37יח פלטינום,דיפלומט מפיצים 1968 בעמ,,,"י""ח",37,"י""ח",false,1,34.10,0.92,false,1,
8002230000012,false,אפרול 1 ליטר.,החברה המרכזית להפצת משקאות בעמ,,,"י""ח",1,ליטר,false,1,94,94,false,1,
8002267014945,false,ביצת הפתעה 1/3 60ג,ש.שסטוביץ בעמ,,,"י""ח",60,ל  גרם,false,1,11,18.33,false,1,
8002270236792,false,"סן פליגרינו אסנזה לימון 500מ""ל 1/6",טמפו משקאות בעמ,,,"י""ח",3,ליטר,false,1,25.50,8,true,1,
8002450006559,false,יין שרדונה יבש,הכרם משקאות חריפים בעמ,,,"י""ח",750,"ל  מ""ל",false,1,27.10,3.57,true,1,
8002450206003,false,משקה כהלי ורדי רימונים ספרקלטיני  750מ,הכרם משקאות חריפים בעמ,,,"י""ח",750,"ל  מ""ל",false,1,19,2.49,true,1,
8003490043009,false,מיני גריסיני עם רוזמרין 150 גרם,ג.וילי פוד אינטרנשיונל בעמ,,,"י""ח",150,ל  גרם,false,1,9.30,6.20,false,1,
8003490043207,false,מיני גריסיני עם שומשום 150 גרם,ג.וילי פוד אינטרנשיונל בעמ,,,"י""ח",150,ל  גרם,false,1,9.30,6.20,false,1,
8003490044488,false,מיני גריסיני טעם פיצה 150 גרם,ג.וילי פוד אינטרנשיונל בעמ,,,"י""ח",150,ל  גרם,false,1,9.30,6.20,false,1,
8003753158556,false,קפסולות אספרסו קלאסיקו ILLY 10יח,דיפלומט מפיצים (1968) בעמ**,,,"י""ח",52,ל  גרם,false,1,21.30,40.96,false,1,
8003753158587,false,קפסולות אספרסו פורטה ILLY 10יח,דיפלומט מפיצים (1968) בעמ**,,,"י""ח",52,ל  גרם,false,1,21.30,40.96,false,1,
8003753158617,false,קפסולות אספרסו לונגו  ILLY 10יח,דיפלומט מפיצים (1968) בעמ**,,,"י""ח",52,ל  גרם,false,1,21.30,40.96,false,1,
8003753158648,false,קפסולות אספרסו אינטנסו ILLY 10יח,דיפלומט מפיצים (1968) בעמ**,,,"י""ח",52,ל  גרם,false,1,21.30,40.96,false,1,
8004030022010,false,ריו ירקות גינה עם טונה,ש.שסטוביץ בעמ,,,"י""ח",160,ל  גרם,false,1,13.60,8.50,false,1,
8004030044005,false,טונה ריו בשמן זית,ש.שסטוביץ בעמ,,,"י""ח",160,ל  גרם,false,1,15.30,9.56,false,1,
8004030102033,false,טונה ריו 80 גרם שמן ז. עם לימון 1/3.,ש.שסטוביץ בעמ,,,"י""ח",240,ל  גרם,false,1,21.30,8.88,false,1,
8004800005519,false,מיני רול במילוי קרם אגוזי לוז 125ג,תה ויסוצקי (ישראל)בעמ,,,"י""ח",125,ל  גרם,false,1,8.50,6.80,true,1,
8005110001413,false,מארז זוג רוטב עגבניות 140ג MUTTI,רסטרטו יבוא ושיווק בעמ,,,"י""ח",140,ל  גרם,false,1,8.50,6.07,false,1,
8005110170300,false,עגבניות מרוסקות1/3 400ג  MUTTI,רסטרטו יבוא ושיווק בעמ,,,"י""ח",400,ל  גרם,false,1,16.20,4.05,false,1,
8005110200014,false,רכז עגבניות 210ג MUTTI,רסטרטו יבוא ושיווק בעמ,,,"י""ח",200,ל  גרם,false,1,6.80,3.40,false,1,
8005200256587,false,נסטי בטעם אפרסק 1.5ל,טמפו משקאות בעמ,,,"י""ח",1.50,ליטר,false,1,7.30,4.67,true,1,
8005200286584,false,נסטי בטעם מנגו אננס 1.5ל,טמפו משקאות בעמ,,,"י""ח",1.50,ליטר,false,1,7.30,4.67,true,1,
8005200486526,false,נסטי בטעם אפרסק 0.5ל,טמפו משקאות בעמ,,,"י""ח",50,"ל  מ""ל",false,1,4.50,8.40,false,1,
8005803010357,false,גריסיני מקלות אפויים קלאסי 125ג,ליימן שליסל,,,"י""ח",125,ל  גרם,false,1,6.80,5.44,false,1,
8005803010586,false,גריסיני מקלות אפויים פיצה 125ג,ליימן שליסל,,,"י""ח",125,ל  גרם,false,1,6.80,5.44,false,1,
8005803010661,false,גריסיני מקלות אפויים שומשום 125ג,ליימן שליסל,,,"י""ח",125,ל  גרם,false,1,6.80,5.44,false,1,
8006540110317,false,"פנטן שמפו 400מ""ל  מיראקלס במבוק",דיפלומט מפיצים 1968 בעמ,,,"י""ח",400,"ל  מ""ל",false,1,15.30,3.83,false,1,
8006540112793,false,"לנור מרכך מרוכז יסמין 900מ""ל",דיפלומט מפיצים 1968 בעמ,,,"י""ח",900,"ל  מ""ל",false,1,13.60,1.51,true,1,
8006540112823,false,"לנור מרכך מרוכז אוריינוס 900מ""ל",דיפלומט מפיצים 1968 בעמ,,,"י""ח",900,"ל  מ""ל",false,1,13.60,1.51,true,1,
8006540112854,false,"לנור מרכך מרוכז בייבי לבן 900מ""ל.",דיפלומט מפיצים 1968 בעמ,,,"י""ח",900,"ל  מ""ל",false,1,13.60,1.51,true,1,
8006540157374,false,"פנטן מרכך 275מ""ל  מיראקלס במבוק",דיפלומט מפיצים 1968 בעמ,,,"י""ח",275,"ל  מ""ל",false,1,15.30,5.56,false,1,
8006540163986,false,אריאל קפסולות לכביסה 35 יח,דיפלומט מפיצים 1968 בעמ,,,"י""ח",35,"י""ח",false,1,38.40,1.10,false,1,
8006540425930,false,אריאל קפסולות 24יח לכתמים קשים.,דיפלומט מפיצים 1968 בעמ,,,"י""ח",24,"י""ח",false,1,28.10,1.17,false,1,
8006540463550,false,פיירי טבלאות למדיח 63יח פלטינום,דיפלומט מפיצים 1968 בעמ,,,"י""ח",63,"י""ח",false,1,46.90,0.74,false,1,
8006540491539,false,"פיירי פלטינום אורגינל 780מ""ל",דיפלומט מפיצים 1968 בעמ,,,"י""ח",780,"ל  מ""ל",false,1,12.70,1.63,true,1,
8006540495186,false,"לנור מרכך מרוכז בייבי לבן 900מ""ל.",דיפלומט מפיצים 1968 בעמ,,,"י""ח",900,"ל  מ""ל",false,1,13.60,1.51,true,1,
8006540495247,false,"לנור מרכך מרוכז פרחי בר 900מ""ל.",דיפלומט מפיצים 1968 בעמ,,,"י""ח",900,"ל  מ""ל",false,1,13.60,1.51,true,1,
8008090606913,false,ספירה גרין מכשיר חשמלי +10טבליות,גורי ע.ע.ע. בעמ,,,"י""ח",1,,false,1,21.30,21.30,false,1,
8008245004861,false,ממרח אגוזי לוז עם חלב  300ג,א. סיימן סחר בעמ,,,"י""ח",300,ל  גרם,false,1,13.60,4.53,true,1,
8008660210038,false,מעדן תות שדה   300ג,תה ויסוצקי (ישראל)בעמ,,,"י""ח",300,ל  גרם,false,1,12.70,4.23,true,1,
8008743002536,false,מטבעות שוקולד 50ג,שוקוטרייד בעמ,,,"י""ח",500,ל  גרם,false,1,4.20,0.84,false,1,
8008743015611,false,מכוניות פרצופים ברשת 85ג,שוקוטרייד בעמ,,,"י""ח",85,ל  גרם,false,1,7.60,8.94,false,1,
8008743026389,false,פרלי דובדבן בליקר 450ג,שוקוטרייד בעמ,,,"י""ח",400,ל  גרם,false,1,25.60,6.40,false,1,
8008743038993,false,פרלינים מעורב 450ג,שוקוטרייד בעמ,,,"י""ח",450,ל  גרם,false,1,22.10,4.91,false,1,
8008743048824,false,דובדבן בליקר שקית 90ג,שוקוטרייד בעמ,,,"י""ח",90,ל  גרם,false,1,8.50,9.44,false,1,
8008743055266,false,פרלי%72 קקאו שקית 90ג,שוקוטרייד בעמ,,,"י""ח",90,ל  גרם,false,1,8.50,9.44,false,1,
8008743055334,false,פרלי קקאו שקית 90ג,שוקוטרייד בעמ,,,"י""ח",90,ל  גרם,false,1,8.50,9.44,false,1,
8008743055341,false,פרלי אגוז שקית 90ג,שוקוטרייד בעמ,,,"י""ח",90,ל  גרם,false,1,8.50,9.44,false,1,
8008912010034,false,ספגטי מספר3  500ג,תה ויסוצקי (ישראל)בעמ,,,"י""ח",500,ל  גרם,false,1,6.80,1.36,true,1,
8008912010072,false,לינגוויני מספר7  500ג,תה ויסוצקי (ישראל)בעמ,,,"י""ח",500,ל  גרם,false,1,6.80,1.36,true,1,
8008912010317,false,פסטה פוזילי מספר31 500ג,תה ויסוצקי (ישראל)בעמ,,,"י""ח",500,ל  גרם,false,1,6.80,1.36,true,1,
8008912010331,false,פסטה ניקטי סרדי קונכיות  500ג,תה ויסוצקי (ישראל)בעמ,,,"י""ח",500,ל  גרם,false,1,6.80,1.36,true,1,
8008912010423,false,פסטה פנה ריגטה מספר 42  500ג,תה ויסוצקי (ישראל)בעמ,,,"י""ח",500,ל  גרם,false,1,6.80,1.36,true,1,
8011033011279,false,"קוסקוס 1ק""ג דין",דין שיווק וקליה 2021 בעמ,,,"י""ח",1,"ק""ג",false,1,9.20,9.20,false,1,
8013399145278,false,דיטורל ליקוריש שקית רך 70גר,גורי מוצרי צריכה בעמ,,,"י""ח",50,ל  גרם,false,1,8.60,17.20,false,1,
8032793344520,false,עגבניות שפופרת 200 גרם,גורי מוצרי צריכה בעמ,,,"י""ח",200,ל  גרם,false,1,6.80,3.40,true,1,
8032880800243,false,פיקניק הפתעה 50 גרם,ליימן שליסל,,,"י""ח",50,ל  גרם,false,1,6.30,12.60,false,1,
8076800195019,false,ברילה פסטה קפליני,ש.שסטוביץ בעמ,,,"י""ח",500,ל  גרם,false,1,5.90,1.18,false,1,
8076800195033,false,ברילה ספגטי מס3.,ש.שסטוביץ בעמ,,,"י""ח",500,ל  גרם,false,1,5.90,1.18,false,1,
8076800195057,false,ברילה ספגטיני מס  5,ש.שסטוביץ בעמ,,,"י""ח",500,ל  גרם,false,1,5.90,1.18,false,1,
8076800195132,false,ברילה פסטה בבטה 13,ש.שסטוביץ בעמ,,,"י""ח",500,ל  גרם,false,1,5.90,1.18,false,1,
8076800315097,false,ברילה בוקטיני 9,ש.שסטוביץ בעמ,,,"י""ח",500,ל  גרם,false,1,5.90,1.18,false,1,
8076802085738,false,ברילה פנה רגטה 73,ש.שסטוביץ בעמ,,,"י""ח",500,ל  גרם,false,1,5.90,1.18,false,1,
8076802085936,false,ברילה קונציליאה מס3.,ש.שסטוביץ בעמ,,,"י""ח",500,ל  גרם,false,1,5.90,1.18,false,1,
8076802085981,false,ברילה פסטה פוזילי 98,ש.שסטוביץ בעמ,,,"י""ח",500,ל  גרם,false,1,5.90,1.18,false,1,
8076808050440,false,ברילה מקרוני-44,ש.שסטוביץ בעמ,,,"י""ח",500,ל  גרם,false,1,5.90,1.18,false,1,
8076808060654,false,ברילה פרפלה-65,ש.שסטוביץ בעמ,,,"י""ח",500,ל  גרם,false,1,5.90,1.18,false,1,
8076808150072,false,ברילה ספגטי-7,ש.שסטוביץ בעמ,,,"י""ח",500,ל  גרם,false,1,5.90,1.18,false,1,
8076809501415,false,ברילה טריקולור 78,ש.שסטוביץ בעמ,,,"י""ח",500,ל  גרם,false,1,11.90,2.38,false,1,
8076809512268,false,ברילה גירנדולה-בורג-34,ש.שסטוביץ בעמ,,,"י""ח",500,ל  גרם,false,1,5.90,1.18,false,1,
8076809513388,false,רוטב ברילה ארביאטה,ש.שסטוביץ בעמ,,,"י""ח",400,ל  גרם,false,1,12.70,3.18,true,1,
8076809513395,false,רוטב ברילה פומודורו,ש.שסטוביץ בעמ,,,"י""ח",400,ל  גרם,false,1,12.70,3.18,true,1,
8076809513654,false,רוטב ברילה בסיס בלונז,ש.שסטוביץ בעמ,,,"י""ח",400,ל  גרם,false,1,12.70,3.18,true,1,
8076809513692,false,רוטב ברילה  נפוליטנה,ש.שסטוביץ בעמ,,,"י""ח",400,ל  גרם,false,1,12.70,3.18,true,1,
8076809513739,false,רוטב ברילה בזיליקום,ש.שסטוביץ בעמ,,,"י""ח",400,ל  גרם,false,1,12.70,3.18,true,1,
8076809514774,false,ברילה פסטה עם ביצים,ש.שסטוביץ בעמ,,,"י""ח",250,ל  גרם,false,1,15.30,6.12,false,1,
8076809519977,false,ברילה אורקייטה 500ג,ש.שסטוביץ בעמ,,,"י""ח",500,ל  גרם,false,1,11.90,2.38,false,1,
8076809523561,false,רוטב ברילה טעם פיצה,ש.שסטוביץ בעמ,,,"י""ח",1,,false,1,12.70,12.70,true,1,
8076809523714,false,פסטה טליאטלה,ש.שסטוביץ בעמ,,,"י""ח",500,ל  גרם,false,1,21.30,4.26,false,1,
8076809523738,false,לזניה ברילה 500 גרם,ש.שסטוביץ בעמ,,,"י""ח",500,ל  גרם,false,1,21.30,4.26,false,1,
8076809529419,false,ספגטי חיטה מלאה,ש.שסטוביץ בעמ,,,"י""ח",500,ל  גרם,false,1,11.90,2.38,false,1,
8076809529433,false,פנטה רגטה חיטה מלאה ברילה,ש.שסטוביץ בעמ,,,"י""ח",500,ל  גרם,false,1,11.90,2.38,false,1,
8076809545440,false,ברילה איטריות ללא גלוטן 400גר,ש.שסטוביץ בעמ,,,"י""ח",500,ל  גרם,false,1,12.70,2.54,false,1,
8076809545457,false,ברילה ללא גלוטן בצורת צינורות 400גר,ש.שסטוביץ בעמ,,,"י""ח",500,ל  גרם,false,1,12.70,2.54,false,1,
8076809545464,false,ברילה ללא גלוטן בצורת ספירלי 400גר,ש.שסטוביץ בעמ,,,"י""ח",500,ל  גרם,false,1,12.70,2.54,false,1,
8076809547956,false,ברילה צ`יפרי 500גר,ש.שסטוביץ בעמ,,,"י""ח",500,ל  גרם,false,1,5.90,1.18,false,1,
8076809578998,false,ברילה סטלינה 500ג,ש.שסטוביץ בעמ,,,"י""ח",500,ל  גרם,false,1,5.90,1.18,false,1,
8076809580496,false,ברילה פפירי 450ג,ש.שסטוביץ בעמ,,,"י""ח",450,ל  גרם,false,1,11.90,2.64,false,1,
8121300208780,false,טרוביה תחליף סוכר לכל מטרה 360ג,גורי ע.ע.ע. בעמ,,,"י""ח",360,"ל  מ""ל",false,1,29.80,8.28,true,1,
8410076610379,false,נייטשר ואלי פרוטאין בוטנים וש. שוק.1/4,ליימן שליסל,,,"י""ח",4,"י""ח",false,1,19.60,4.90,false,1,
8410076621009,false,חטיף פייבר 1 בטעם קרמל מלוח  1/5,ליימן שליסל,,,"י""ח",210,ל  גרם,false,1,11,5.24,false,1,
8410076621047,false,חטיף פייבר 1 בטעם שוקולד  1/5,ליימן שליסל,,,"י""ח",210,ל  גרם,false,1,11,5.24,false,1,
8410100077284,false,"נס קפה קלייה 200 ג  כשל""פ",קבוצת אוסם סחר-שות.מוגבלת,,,"י""ח",100,ל  גרם,false,1,11.90,11.90,false,1,
8410104039134,false,פיניש מנקה מדיח כלים,רקיט בנקיזר (ניר איסט) בעמ,,,"י""ח",250,"ל  מ""ל",false,1,12.70,5.08,true,1,
8410104045111,false,פיניש מלח למדיח.,רקיט בנקיזר (ניר איסט) בעמ,,,"י""ח",1,"י""ח",false,1,12.70,12.70,false,1,
8410104437268,false,פיניש דאוסטופ לריח המראה,רקיט בנקיזר (ניר איסט) בעמ,,,"י""ח",27,ל  גרם,false,1,12.70,47.04,true,1,
8410104511340,false,ויט רצועות שעווה יבש,רקיט בנקיזר (ניר איסט) בעמ,,,"י""ח",1,"י""ח",false,1,22.90,22.90,false,1,
8410644611210,false,"קאווה איבריקה לבן חצי יבש 750מ""ל",טמפו משקאות בעמ,,,"י""ח",750,"ל  מ""ל",false,1,28.80,3.80,true,1,
8412300801072,false,"קרם רב שימושי  400מ""ל ניוואה.",אלפא ב.ד.ף בעמ,,,"י""ח",400,"ל  מ""ל",false,1,34.10,8.53,false,1,
8412497365548,false,קערה עם   קש-מיני מאוס,שמחה זה אנחנו,,,"י""ח",1,,false,1,7.20,7.20,false,1,
8412497913992,false,"בקבוק פלסטיק גדול 600מ""ל פרוזן",שמחה זה אנחנו,,,"י""ח",1,,false,1,25.60,25.60,false,1,
8420822130624,false,"סופר מסיר כתמים 750מ""ל.",יעקב יעקבי ובניו בעמ,,,"י""ח",750,ל  גרם,false,1,13.60,1.81,false,1,
8423207206495,false,חטיף דגנים מלאה צופה שוקולד מריר,ש.שסטוביץ בעמ,,,"י""ח",283,ל  גרם,false,1,11,3.89,true,1,
8423207206501,false,חטיף רב דגנים עם שוקולד חלב,ש.שסטוביץ בעמ,,,"י""ח",283,ל  גרם,false,1,11,3.89,true,1,
8423207208697,false,חטיף בריאות במילוי שוקולד לבן ילדים,ש.שסטוביץ בעמ,,,"י""ח",283,ל  גרם,false,1,11,3.89,true,1,
8423207208703,false,חטיף בריאות במילוי שוקולד מריר,ש.שסטוביץ בעמ,,,"י""ח",283,ל  גרם,false,1,11,3.89,true,1,
8423207209885,false,חטיף בריאות במילוי שוקולד חלב,ש.שסטוביץ בעמ,,,"י""ח",283,ל  גרם,false,1,11,3.89,true,1,
8423207210928,false,סלים דליס טופינג אגוזי לוז,ש.שסטוביץ בעמ,,,"י""ח",283,ל  גרם,false,1,11,3.89,true,1,
8424842050016,false,צ`יפס בטעם כמהין 125גר,א. סיימן סחר בעמ,,,"י""ח",125,ל  גרם,false,1,11,8.80,true,1,
8424842050030,false,צ`יפס עם מלח הימלאי 125גר,א. סיימן סחר בעמ,,,"י""ח",125,ל  גרם,false,1,11,8.80,true,1,
8424842201340,false,צ`יפס מסורתי פרימיום 130גר,א. סיימן סחר בעמ,,,"י""ח",130,ל  גרם,false,1,11,8.46,true,1,
8425206000081,false,ריבת חלב מרדל 450גר,גורי מוצרי צריכה בעמ,,,"י""ח",1,,false,1,14.40,14.40,false,1,
8435495805106,false,"ביומט 5 ק""ג",ליימן שליסל,,,"י""ח",5,"ק""ג",false,1,29,5.80,false,1,
8435495805168,false,"תינוקלין 1.250 ק""ג",ליימן שליסל,,,"י""ח",1.25,"ק""ג",false,1,21.30,17.04,false,1,
8435495805199,false,"תינוקלין 3ק""ג",ליימן שליסל,,,"י""ח",3,"ק""ג",false,1,37.50,12.50,false,1,
8435495807605,false,מרכך תינוקלין מרוכז 1ל לבן,ליימן שליסל,,,"י""ח",1,ליטר,false,1,17,17,true,1,
8435495819363,false,מרכך תינוקלין מרוכז 1ל כחול.,ליימן שליסל,,,"י""ח",1,ליטר,false,1,17,17,true,1,
8436575292205,false,נסטלה חמשושים טעמים 180ג,נגה גלידות,,,"י""ח",180,ל  גרם,false,1,17,9.44,false,1,
8445290427120,false,פיטנס שוקולד מריר ובננה 330  גר`:,קבוצת אוסם סחר-שות.מוגבלת,,,"י""ח",330,ל  גרם,false,1,19.60,5.94,true,1,
8606018615827,false,פיינט אוראו,נגה גלידות,,,"י""ח",480,ל  גרם,false,1,18.70,3.90,false,1,
8606018615841,false,פיינט מילקה וניל ליבת שוקולד,נגה גלידות,,,"י""ח",480,ל  גרם,false,1,18.70,3.90,false,1,
8606109023593,false,"מיץ תפו""ע ואגס 750מ""ל פרוויטה",יורוסטנדרט בעמ,,,"י""ח",330,"ל  מ""ל",false,1,9.40,2.76,false,1,
8606109023609,false,"מיץ תפו""ע ודובדבן  750מ""ל פרוויטה",יורוסטנדרט בעמ,,,"י""ח",330,"ל  מ""ל",false,1,9.40,2.76,false,1,
8606109023647,false,"מיץ סלק ותפו""ע  750מ""ל פרוויטה.",יורוסטנדרט בעמ,,,"י""ח",330,"ל  מ""ל",false,1,11.10,3.27,true,1,
8606109023715,false,"מיץ תפו""ע ואפרסק  750מ""ל פרוויטה",יורוסטנדרט בעמ,,,"י""ח",330,"ל  מ""ל",false,1,9.40,2.76,false,1,
8606109023722,false,"מיץ תפו""ע ומשמש  750מ""ל פרוויטה",יורוסטנדרט בעמ,,,"י""ח",330,"ל  מ""ל",false,1,9.40,2.76,false,1,
8606109023999,false,"מיץ תפו""ע ושזיפים  750מ""ל פרוויטה",יורוסטנדרט בעמ,,,"י""ח",330,"ל  מ""ל",false,1,9.40,2.76,false,1,
8681863065478,false,מלח מתובל 110ג,ג.וילי פוד אינטרנשיונל בעמ,,,"י""ח",110,ל  גרם,false,1,12.70,11.55,true,1,
8681863065485,false,מלח מתובל פיקנטי  110ג,ג.וילי פוד אינטרנשיונל בעמ,,,"י""ח",110,ל  גרם,false,1,12.70,11.55,true,1,
8683130008355,false,מיונז הלמנס שום לחיץ 400ג,יוניליוור ישראל שיווק בעמ,,,"י""ח",400,ל  גרם,false,1,11,2.75,false,1,
8683130008935,false,הלמנס קטשיונז 425ג,יוניליוור ישראל שיווק בעמ,,,"י""ח",425,ל  גרם,false,1,11,2.59,false,1,
8683130012666,false,מגנום דאבל לבן עוגיות,גלידות שטראוס בעמ,,,"י""ח",85,ל  גרם,false,1,8.60,10.12,true,1,
8683130025574,false,"בדין אקסטרא לבנדר 960 מ""ל",יוניליוור ישראל שיווק בעמ,,,"י""ח",960,"ל  מ""ל",false,1,13.60,1.42,true,1,
8683130025581,false,"בדין אקסטרא ענבר 960 מ""ל",יוניליוור ישראל שיווק בעמ,,,"י""ח",960,"ל  מ""ל",false,1,13.60,1.42,true,1,
8686868600037,false,אביזרי שיער,אל האופק שיווק וסחר,,,"י""ח",1,,false,1,5,5,false,1,
8686868600044,false,אביזרי שיער,אל האופק שיווק וסחר,,,"י""ח",1,,false,1,5.90,5.90,false,1,
8686868600068,false,אביזרי שיער,אל האופק שיווק וסחר,,,"י""ח",1,,false,1,7.50,7.50,false,1,
8686868600075,false,אביזרי שיער,אל האופק שיווק וסחר,,,"י""ח",1,,false,1,8.40,8.40,false,1,
8686868600112,false,אביזרי שיער,אל האופק שיווק וסחר,,,"י""ח",1,,false,1,11.80,11.80,false,1,
8686868600129,false,אביזרי שיער,אל האופק שיווק וסחר,,,"י""ח",1,,false,1,11,11,false,1,
8686868600136,false,אביזרי שיער,אל האופק שיווק וסחר,,,"י""ח",1,,false,1,13.50,13.50,false,1,
8686868600150,false,אביזרי שיער,אל האופק שיווק וסחר,,,"י""ח",1,,false,1,15.20,15.20,false,1,
8686868600167,false,אביזרי שיער,אל האופק שיווק וסחר,,,"י""ח",1,,false,1,25.30,25.30,false,1,
8686868600174,false,אביזרי שיער,אל האופק שיווק וסחר,,,"י""ח",1,,false,1,16.90,16.90,false,1,
8686868600235,false,אביזרי שיער,אל האופק שיווק וסחר,,,"י""ח",1,,false,1,10.90,10.90,false,1,
8690504081920,false,טינס מצופה שוקולד מריר 150ג,תה ויסוצקי (ישראל)בעמ,,,"י""ח",150,ל  גרם,false,1,8.50,5.67,true,1,
8690504081937,false,טינס שוקולד חלב וקפוצינו 150ג,תה ויסוצקי (ישראל)בעמ,,,"י""ח",150,ל  גרם,false,1,8.50,5.67,true,1,
8690504153849,false,שוקולד חלב ק. אגוזים 83ג,תה ויסוצקי (ישראל)בעמ,,,"י""ח",83,ל  גרם,false,1,11.90,14.34,false,1,
8690504156543,false,שוקולד חלב ממולא קרם טעם גנאש,תה ויסוצקי (ישראל)בעמ,,,"י""ח",88,ל  גרם,false,1,11.90,13.52,false,1,
8690526009278,false,חיף קרמל מצופה שוק. 126ג,גורי ע.ע.ע. בעמ,,,"י""ח",126,ל  גרם,false,1,7.60,6.03,false,1,
8690526009308,false,חיף קוקוס  מצופה שוק. 126ג,גורי ע.ע.ע. בעמ,,,"י""ח",126,ל  גרם,false,1,7.60,6.03,false,1,
8690526019185,false,וופל קקאו קרם שוקולד חלב   142ג,גורי ע.ע.ע. בעמ,,,"י""ח",142,ל  גרם,false,1,6.80,4.79,false,1,
8690526029238,false,וופל שוקולד מריר 50ג*3,גורי ע.ע.ע. בעמ,,,"י""ח",1,,false,1,8.50,8.50,false,1,
8690526035697,false,וופל מיני בציפוי שוק. מריר קרם קקאו,גורי ע.ע.ע. בעמ,,,"י""ח",112,ל  גרם,false,1,7.60,6.79,false,1,
8690531401722,false,פלפל אדום קלוי 550ג צנצנת,דין שיווק וקליה 2021 בעמ,,,"י""ח",550,ל  גרם,false,1,11,2,false,1,
8690572778326,false,"פה דאודורנט ספריי כותנה 200מ""ל",הנקל סוד בעמ,,,"י""ח",200,"ל  מ""ל",false,1,9.30,4.65,true,1,
8690572799499,false,"מרכך קרטין 500 מ""ל  SYOSS",הנקל סוד בעמ,,,"י""ח",500,"ל  מ""ל",false,1,10.20,2.04,true,1,
8690572799536,false,"שמפו שמני הזנה 500 מ""ל  SYOSS",הנקל סוד בעמ,,,"י""ח",500,"ל  מ""ל",false,1,10.20,2.04,true,1,
8690572799543,false,"שמפו לחיזוק שורשי סיב 500 מ""ל  SYOSS",הנקל סוד בעמ,,,"י""ח",500,"ל  מ""ל",false,1,10.20,2.04,true,1,
8690637073373,false,ארל גריי-25סרוויס,יוניליוור ישראל שיווק בעמ,,,"י""ח",50,ל  גרם,false,1,6.80,13.60,false,1,
8690637073434,false,ארל גריי 100 סרוויס,יוניליוור ישראל שיווק בעמ,,,"י""ח",200,ל  גרם,false,1,21.30,10.65,false,1,
8690637503856,false,ממרח הלמנס לחיץ 40% אחוז פחות שומן,יוניליוור ישראל שיווק בעמ,,,"י""ח",789,ל  גרם,false,1,11,1.39,false,1,
8690637504426,false,"סיף קרם  לימון 500מ""ל",יוניליוור ישראל שיווק בעמ,,,"י""ח",500,"ל  מ""ל",false,1,8.50,1.70,false,1,
8690637505607,false,"בדין אקסטרא פינוק קלאסי 960 מ""ל",יוניליוור ישראל שיווק בעמ,,,"י""ח",960,"ל  מ""ל",false,1,13.60,1.42,true,1,
8690637555084,false,"בדין אקסטרא לבן 960מ""ל",יוניליוור ישראל שיווק בעמ,,,"י""ח",960,"ל  מ""ל",false,1,13.60,1.42,true,1,
8690637688195,false,פירמידה תה ירוק קלאסי 30ג,יוניליוור ישראל שיווק בעמ,,,"י""ח",32,ל  גרם,false,1,14.40,45,true,1,
8690637704376,false,"דאב  600מ""ל שמפו  רגיל",יוניליוור ישראל שיווק בעמ,,,"י""ח",600,"ל  מ""ל",false,1,13.60,2.27,true,1,
8690637704390,false,"דאב דמג`ת`רפי 600מ""ל שמפו  רגיל",יוניליוור ישראל שיווק בעמ,,,"י""ח",600,"ל  מ""ל",false,1,13.60,2.27,true,1,
8690637704413,false,"דאב מרכך משקם 600מ""ל",יוניליוור ישראל שיווק בעמ,,,"י""ח",600,"ל  מ""ל",false,1,13.60,2.27,true,1,
8690637799594,false,תה ירוק נענע בסגנון מרוקאי 30ג,יוניליוור ישראל שיווק בעמ,,,"י""ח",150,ל  גרם,false,1,14.40,9.60,true,1,
8690637835643,false,תה ירוק לואיזה ולימונית  30 גר,יוניליוור ישראל שיווק בעמ,,,"י""ח",32,ל  גרם,false,1,14.40,45,true,1,
8690637842399,false,מאגדת מגנום מיני דאבל פרי יער שוקולד,גלידות שטראוס בעמ,,,"י""ח",379,ל  גרם,false,1,22.10,5.83,false,1,
8690637858734,false,"סיף ג ל אקונומיקה 750 מ""ל לימון",יוניליוור ישראל שיווק בעמ,,,"י""ח",750,"ל  מ""ל",false,1,8.50,1.13,false,1,
8690637858741,false,"סיף ג ל אקונומיקה 750 מ""ל רוח ים",יוניליוור ישראל שיווק בעמ,,,"י""ח",750,"ל  מ""ל",false,1,8.50,1.13,false,1,
8690637858758,false,"סיף ג ל אקונומיקה 750 מ""ל אורנים",יוניליוור ישראל שיווק בעמ,,,"י""ח",750,"ל  מ""ל",false,1,8.50,1.13,false,1,
8690637865596,false,תחליב רחצה לניקוי וטיפוח עור היד 750 מ,יוניליוור ישראל שיווק בעמ,,,"י""ח",500,"ל  מ""ל",false,1,11,2.20,false,1,
8690637866654,false,תה ירוק קלאסי 1/50 75ג ליפטון,יוניליוור ישראל שיווק בעמ,,,"י""ח",375,ל  גרם,false,1,21.30,5.68,false,1,
8690637871061,false,"דאב שמפו עם שמן אבוקדו 600מ""ל",יוניליוור ישראל שיווק בעמ,,,"י""ח",600,"ל  מ""ל",false,1,13.60,2.27,true,1,
8690637871108,false,הלמנס חרדל 285ג,יוניליוור ישראל שיווק בעמ,,,"י""ח",285,ל  גרם,false,1,10.20,3.58,false,1,
8690637871245,false,ממרח אמיתי הלמנס 395 גר`לחיץ,יוניליוור ישראל שיווק בעמ,,,"י""ח",789,ל  גרם,false,1,12.70,1.61,false,1,
8690637890666,false,מיני מגנום מריר 5יח שטראוס,גלידות שטראוס בעמ,,,"י""ח",270,ל  גרם,false,1,22.10,8.19,false,1,
8690637916991,false,"דאב מרכך עם שמן אבוקדו 600מ""ל",יוניליוור ישראל שיווק בעמ,,,"י""ח",600,"ל  מ""ל",false,1,13.60,2.27,true,1,
8690637946301,false,"בדין אקסטרא בייבי  960 מ""ל",יוניליוור ישראל שיווק בעמ,,,"י""ח",960,"ל  מ""ל",false,1,13.60,1.42,false,1,
8690637946318,false,"בדין אקסטרא בייבי  טלק  960 מ""ל",יוניליוור ישראל שיווק בעמ,,,"י""ח",960,"ל  מ""ל",false,1,13.60,1.42,false,1,
8690637971310,false,"בדין אקסטרא יערת הדבש  960 מ""ל",יוניליוור ישראל שיווק בעמ,,,"י""ח",960,"ל  מ""ל",false,1,13.60,1.42,true,1,
8690637976995,false,"בדין אקסטרא ורוד סחלב 960 מ""ל",יוניליוור ישראל שיווק בעמ,,,"י""ח",960,"ל  מ""ל",false,1,13.60,1.42,true,1,
8690637987298,false,דומסטוס ספריי לניקוי כללי ללא אקונומיק,יוניליוור ישראל שיווק בעמ,,,"י""ח",753,ל  גרם,false,1,10.20,1.35,false,1,
8690637987441,false,"בדין אקסטרא פרח הכותנה ווניל 960 מ""ל",יוניליוור ישראל שיווק בעמ,,,"י""ח",960,"ל  מ""ל",false,1,13.60,1.42,true,1,
8690637989629,false,מגנום דאבל דולצ`ה גולד,גלידות שטראוס בעמ,,,"י""ח",85,ל  גרם,false,1,8.60,10.12,true,1,
8690637994029,false,"בדין אקסטרא סחלבים 1.440מ""ל",יוניליוור ישראל שיווק בעמ,,,"י""ח",1.44,ליטר,false,1,17,11.81,false,1,
8690637994036,false,"בדין אקסטרא יסמין 1.440מ""ל",יוניליוור ישראל שיווק בעמ,,,"י""ח",1.44,ליטר,false,1,17,11.81,false,1,
8690766156411,false,שוקולד מריר מעולה עם חתיכות  90גר Godi,תה ויסוצקי (ישראל)בעמ,,,"י""ח",90,ל  גרם,false,1,12.70,14.11,true,1,
8690777204071,false,פלפל חריף 640 גר`SERA,ג.וילי פוד אינטרנשיונל בעמ,,,"י""ח",640,ל  גרם,false,1,9.30,1.45,false,1,
8690777206051,false,חציל קלוי עלSERA האש 650גר,ג.וילי פוד אינטרנשיונל בעמ,,,"י""ח",650,ל  גרם,false,1,9.30,1.43,false,1,
8690777221405,false,פלפל אדום קלוי על האש 650 גר`SERA,ג.וילי פוד אינטרנשיונל בעמ,,,"י""ח",650,ל  גרם,false,1,9.30,1.43,false,1,
8690784516440,false,דאק סבון ניקוי לאסלה,דנשר (1963) בעמ,,,"י""ח",750,"ל  מ""ל",false,1,7.60,1.01,false,1,
8690784614665,false,דאק סבון ניקוי לאסלה בניחוח ים,דנשר (1963) בעמ,,,"י""ח",30,"ל  מ""ל",false,1,7.60,25.33,true,1,
8690784614771,false,דאק סבון ניקוי לאסלה בניחוח רענן,דנשר (1963) בעמ,,,"י""ח",30,"ל  מ""ל",false,1,7.60,25.33,true,1,
8693495050333,false,"פלמוליב סבון נוזלי 500מ""ל ירוק",ש.שסטוביץ בעמ,,,"י""ח",500,"ל  מ""ל",false,1,13.60,2.72,true,1,
8693495051002,false,קולגייט מברשת  ילדים מחניונים 6+,ש.שסטוביץ בעמ,,,"י""ח",1,,false,1,9.30,9.30,false,1,
8693495052177,false,"פלמוליב סבון נוזלי זיתים 750 מ""ל",ש.שסטוביץ בעמ,,,"י""ח",750,"ל  מ""ל",false,1,17,2.27,true,1,
8693495052931,false,קולגייט זוג מברשות שיניים אדוונס,ש.שסטוביץ בעמ,,,"י""ח",1,,false,1,25.60,25.60,false,1,
8693495054058,false,פלמוליב סבון נוזלי מקדמיה משאבה 750 מ,ש.שסטוביץ בעמ,,,"י""ח",750,"ל  מ""ל",false,1,17,2.27,true,1,
8697530910743,false,פאל מאל לייט קצר בודד,גלוברנדס בעמ,,,"י""ח",1,,false,1,25.20,25.20,false,1,
8697530910750,false,פאל מאל כחול ארוך,גלוברנדס בעמ,,,"י""ח",1,,false,1,25.20,25.20,false,1,
8697530910781,false,פאל מאל אדום,גלוברנדס בעמ,,,"י""ח",0,"י""ח",false,1,25.20,25.20,false,1,
8697530911276,false,קנט קצר,גלוברנדס בעמ,,,"י""ח",1,,false,1,31.20,31.20,false,1,
8710447224342,false,"שמפו קרטין קרטין400מ""ל    טרזמה",יוניליוור ישראל שיווק בעמ,,,"י""ח",400,"ל  מ""ל",false,1,12.70,3.18,true,1,
8710447224366,false,"מרכך  קרטין  400 מ""ל    טרזמה",יוניליוור ישראל שיווק בעמ,,,"י""ח",400,"ל  מ""ל",false,1,12.70,3.18,true,1,
8710447320662,false,דאו דאב ספריי 0% אלומיניום אפרסק 150מ,יוניליוור ישראל שיווק בעמ,,,"י""ח",90,"ל  מ""ל",false,1,12.70,14.11,true,1,
8710502060021,false,מרבה פטיסרי עוגיות מאפין רכות 200ג,ש.שסטוביץ בעמ,,,"י""ח",200,ל  גרם,false,1,9.30,4.65,true,1,
8710502064814,false,עוגיות שוקו צ יפס במרקם רך 175גר מרבה,ש.שסטוביץ בעמ,,,"י""ח",225,ל  גרם,false,1,7.60,3.38,false,1,
8710502100864,false,מרבה פטיסרי עוגיות דאבל שוקולד 200ג,ש.שסטוביץ בעמ,,,"י""ח",200,ל  גרם,false,1,9.30,4.65,true,1,
8710502139017,false,עוגיות מרבה  מצופות שוקולד,ש.שסטוביץ בעמ,,,"י""ח",180,ל  גרם,false,1,7.60,4.22,false,1,
8710502194801,false,עוגיות מרבה שוקולד צ`יפס רכה פירות יער,ש.שסטוביץ בעמ,,,"י""ח",175,ל  גרם,false,1,7.60,4.34,false,1,
8710502194825,false,עוגיות מרבה שוקולד ציפס 150ג,ש.שסטוביץ בעמ,,,"י""ח",150,ל  גרם,false,1,5.90,3.93,true,1,
8710502279010,false,עוגיות שוקו צ יפס  175גר מרבה,ש.שסטוביץ בעמ,,,"י""ח",225,ל  גרם,false,1,7.60,3.38,false,1,
8710502285509,false,עוגיות לימון שוקו צ יפס  175גר מרבה,ש.שסטוביץ בעמ,,,"י""ח",225,ל  גרם,false,1,7.60,3.38,false,1,
8710502405204,false,עוגיות מרבה ממולאות קרם שוקולד,ש.שסטוביץ בעמ,,,"י""ח",225,ל  גרם,false,1,7.60,3.38,false,1,
8710502470028,false,עוגיות נוגט לי 160גר`,ש.שסטוביץ בעמ,,,"י""ח",160,ל  גרם,false,1,7.60,4.75,false,1,
8710847942679,false,"שמפו 400מ""ל טרזמה",יוניליוור ישראל שיווק בעמ,,,"י""ח",400,"ל  מ""ל",false,1,12.70,3.18,true,1,
8710847942693,false,"מרכך  400 מ""ל טרזמה",יוניליוור ישראל שיווק בעמ,,,"י""ח",400,"ל  מ""ל",false,1,12.70,3.18,true,1,
8710847973970,false,"דאב סבון תחליב רחצה אלוורה 750 מ""ל",יוניליוור ישראל שיווק בעמ,,,"י""ח",750,"ל  מ""ל",false,1,17,2.27,true,1,
8710908326691,false,"דאב סבון נוזלי אדמונית 750 מ""ל",יוניליוור ישראל שיווק בעמ,,,"י""ח",750,"ל  מ""ל",false,1,17,2.27,true,1,
8710908404184,false,דאו דאב ספריי 0% אלומיניום אורגנל 150מ,יוניליוור ישראל שיווק בעמ,,,"י""ח",90,"ל  מ""ל",false,1,12.70,14.11,true,1,
8711000360606,false,קפסולות לור  אספרסו רוז,דיפלומט מפיצים (1968) בעמ**,,,"י""ח",52,ל  גרם,false,1,17,32.69,true,1,
8711000362570,false,קפסולות אספרסו L OR FORZA,דיפלומט מפיצים (1968) בעמ**,,,"י""ח",52,ל  גרם,false,1,17,32.69,true,1,
8711000362631,false,קפסולות אספרסו L OR ONYX,דיפלומט מפיצים (1968) בעמ**,,,"י""ח",52,ל  גרם,false,1,17,32.69,true,1,
8711000362655,false,קפסולות לור  אספרסו אבסולו,דיפלומט מפיצים (1968) בעמ**,,,"י""ח",52,ל  גרם,false,1,17,32.69,true,1,
8711000362679,false,LOR קפסולות אספרסו קולומביה.,דיפלומט מפיצים (1968) בעמ**,,,"י""ח",52,ל  גרם,false,1,17,32.69,true,1,
8711000371176,false,גייקובס קפסולות קפה קלאסיקו,דיפלומט מפיצים (1968) בעמ**,,,"י""ח",52,ל  גרם,false,1,14.40,27.69,true,1,
8711000431108,false,LOR קפסולות אספרסו הודו,דיפלומט מפיצים (1968) בעמ**,,,"י""ח",52,ל  גרם,false,1,17,32.69,true,1,
8711000471296,false,קפסולות לור  אספרסו אולטימו,דיפלומט מפיצים (1968) בעמ**,,,"י""ח",52,ל  גרם,false,1,17,32.69,true,1,
8711000472040,false,גייקובס קפסולות קפה בית קפה סלקשיין,דיפלומט מפיצים (1968) בעמ**,,,"י""ח",52,ל  גרם,false,1,14.40,27.69,true,1,
8711000481936,false,קפסולות לור  קפה אורגני,דיפלומט מפיצים (1968) בעמ**,,,"י""ח",52,ל  גרם,false,1,17,32.69,true,1,
8711327475663,false,מגנום פיינט וניל שוקולד לבן 260גר,גלידות שטראוס בעמ,,,"י""ח",260,ל  גרם,false,1,18.70,7.19,false,1,
8711327475762,false,מגנום פיינט שוקולד לבן עוגיות  260גר,גלידות שטראוס בעמ,,,"י""ח",260,ל  גרם,false,1,18.70,7.19,false,1,
8712000051099,false,"היינקן בקבוק  330מ""ל שישייה 0%.",טמפו משקאות בעמ,,,"י""ח",1.98,ליטר,false,1,27.20,12.98,true,1,
8712400802512,false,נוטרילון שלב 2 800 גרם,דיפלומט מפיצים (1968) בעמ**,,,"י""ח",800,ל  גרם,false,1,55.50,6.94,false,1,
8712400802536,false,נוטרילון שלב 3 800 גרם,דיפלומט מפיצים (1968) בעמ**,,,"י""ח",800,ל  גרם,false,1,55.50,6.94,false,1,
8712561611411,false,"דאב סבון נוזלי תה ירוק ומלפפון 750 מ""ל",יוניליוור ישראל שיווק בעמ,,,"י""ח",750,"ל  מ""ל",false,1,17,2.27,true,1,
8712561631570,false,"דאב סבון נוזלי חלב קוקוס 750 מ""ל",יוניליוור ישראל שיווק בעמ,,,"י""ח",750,"ל  מ""ל",false,1,17,2.27,true,1,
8714599104316,false,ג`יקובס קפה שחור קלוי וטחון טורקי 200ג,דיפלומט מפיצים (1968) בעמ**,,,"י""ח",200,ל  גרם,false,1,12.70,6.35,false,1,
8714599104330,false,ג`יקובס קפה שחור קלוי וטחון טורקי 85ג,דיפלומט מפיצים (1968) בעמ**,,,"י""ח",85,ל  גרם,false,1,6.80,8,false,1,
8714599410530,false,.ג`ייקובס קורננג 200ג שקית,דיפלומט מפיצים (1968) בעמ**,,,"י""ח",200,ל  גרם,false,1,18.70,9.35,false,1,
8714599410806,false,גייקובס קרוננג 160ג שקית,דיפלומט מפיצים (1968) בעמ**,,,"י""ח",160,ל  גרם,false,1,17,10.63,true,1,
8714599412220,false,גייקובס וולווט נמס 95ג,דיפלומט מפיצים (1968) בעמ**,,,"י""ח",95,ל  גרם,false,1,14.40,15.16,false,1,
8714599412336,false,גייקובס בריסטה אמריקנו קפה נמס עם קלוי,דיפלומט מפיצים (1968) בעמ**,,,"י""ח",160,ל  גרם,false,1,23.90,14.94,false,1,
8714599513828,false,ג`ייקובס קרוננג 47.5ג צנצנת,דיפלומט מפיצים (1968) בעמ**,,,"י""ח",47,ל  גרם,false,1,6.80,14.47,false,1,
8714599513835,false,ג`ייקובס נטול קופאין 200גר,דיפלומט מפיצים (1968) בעמ**,,,"י""ח",200,ל  גרם,false,1,31.50,15.75,false,1,
8714599513866,false,"ג""קובס קרוננג קפה נמס מיובש 200 גרם",דיפלומט מפיצים (1968) בעמ**,,,"י""ח",200,ל  גרם,false,1,20.40,10.20,true,1,
8714789177229,false,מברשת שיניים קולגייט X 4,ש.שסטוביץ בעמ,,,"י""ח",1,,false,1,8.50,8.50,false,1,
8714789218465,false,קולגייט 360 זוגות,ש.שסטוביץ בעמ,,,"י""ח",1,,false,1,25.60,25.60,true,1,
8714789402918,false,אג קס חגיגת פרחים 1.5ליטר אדום,ש.שסטוביץ בעמ,,,"י""ח",1.50,ליטר,false,1,17,11.33,true,1,
8714789402932,false,אג`קס חגיגת הפרחים ורוד 1.5 ליטר,ש.שסטוביץ בעמ,,,"י""ח",1.50,ליטר,false,1,17,11.33,true,1,
8714789402970,false,אג קס חגיגת פרחים 1.5ליטר  ירוק,ש.שסטוביץ בעמ,,,"י""ח",1.50,ליטר,false,1,17,11.33,true,1,
8714789450315,false,פלמוליב כלים שקוף לימון 1.5 ל`,ש.שסטוביץ בעמ,,,"י""ח",1.50,ליטר,false,1,13.90,9.27,true,1,
8714789582764,false,"אג קס חלונות 750 מ""ל",ש.שסטוביץ בעמ,,,"י""ח",750,"ל  מ""ל",false,1,12.70,1.69,false,1,
8714789831275,false,קולגייט מברשת 360וייט זוג,ש.שסטוביץ בעמ,,,"י""ח",500,"ל  מ""ל",false,1,21.30,4.26,true,1,
8714789834467,false,פלמוליב כלים  1.5 ל`,ש.שסטוביץ בעמ,,,"י""ח",1.50,ליטר,false,1,13.60,9.07,true,1,
8714789930848,false,"קולגייט  אופטיק וייט אינסטנט 75מ""ל",ש.שסטוביץ בעמ,,,"י""ח",750,"ל  מ""ל",false,1,17,2.27,true,1,
8715035520301,false,רוטב יפני פונזו על בסיס סויה ולימון,דיפלומט מפיצים (1968) בעמ**,,,"י""ח",296,"ל  מ""ל",false,1,16.20,5.47,false,1,
8715700110141,false,מיונז היינץ 460 גרם צנצנת,דיפלומט מפיצים (1968) בעמ**,,,"י""ח",460,ל  גרם,false,1,10.20,2.22,false,1,
8715700110158,false,מיונז היינץ 490 גרם לייט צנצנת,דיפלומט מפיצים (1968) בעמ**,,,"י""ח",490,ל  גרם,false,1,10.20,2.08,false,1,
8715700117805,false,"מתבל עגבניות ללא סוכר ומלח 400מ""ל",דיפלומט מפיצים (1968) בעמ**,,,"י""ח",400,ל  גרם,false,1,9.30,2.33,false,1,
8715700120874,false,היינץ מתבל עגבניות שום 460ג,דיפלומט מפיצים (1968) בעמ**,,,"י""ח",460,ל  גרם,false,1,11,2.39,false,1,
8715700419695,false,רוטב ברביקיו מתוק 500גר,דיפלומט מפיצים (1968) בעמ**,,,"י""ח",480,ל  גרם,false,1,14.40,3,false,1,
8715700419732,false,מתבל עגבניות היינץ 700ג,דיפלומט מפיצים (1968) בעמ**,,,"י""ח",700,ל  גרם,false,1,10.90,1.56,false,1,
8715700421322,false,רוטב ברביקיו צ`ילי 490גר,דיפלומט מפיצים (1968) בעמ**,,,"י""ח",480,ל  גרם,false,1,14.40,3,false,1,
8715700422473,false,ממרח היינץ ללא חומרים משמרים 395גר,דיפלומט מפיצים (1968) בעמ**,,,"י""ח",395,ל  גרם,false,1,12.70,3.22,false,1,
8715700423906,false,מתבל עגבניות  היינץ  555גר,דיפלומט מפיצים (1968) בעמ**,,,"י""ח",555,ל  גרם,false,1,10.20,1.84,false,1,
8717163607305,false,דאב סבון מוצק גרגרים 4,יוניליוור ישראל שיווק בעמ,,,"י""ח",400,ל  גרם,false,1,13.90,3.48,false,1,
8717163628355,false,"מרכך להחלקה וצבע 400מ""ל  טרזמה",יוניליוור ישראל שיווק בעמ,,,"י""ח",400,"ל  מ""ל",false,1,18.70,4.68,false,1,
8717163628812,false,"מסכה להחלקה וצבע 300מ""ל  טרזמה",יוניליוור ישראל שיווק בעמ,,,"י""ח",300,"ל  מ""ל",false,1,25.60,8.53,false,1,
8717163647226,false,"אקס בודי ספריי בלק 150מ""ל.",יוניליוור ישראל שיווק בעמ,,,"י""ח",150,"ל  מ""ל",false,1,10.20,6.80,true,1,
8717163647240,false,אקס  דאו`ספריי  שוקו  150 מ``ל.,יוניליוור ישראל שיווק בעמ,,,"י""ח",150,"ל  מ""ל",false,1,10.20,6.80,true,1,
8717163647264,false,"אקס בודי ספריי אייס צ`יל 150מ""ל.",יוניליוור ישראל שיווק בעמ,,,"י""ח",150,"ל  מ""ל",false,1,10.20,6.80,true,1,
8717163647301,false,"אקס ספריי גוף גולד 150מ""ל",יוניליוור ישראל שיווק בעמ,,,"י""ח",150,"ל  מ""ל",false,1,10.20,6.80,true,1,
8717163655764,false,"רקסונה ספריי פרש 150מ""ל",יוניליוור ישראל שיווק בעמ,,,"י""ח",150,"ל  מ""ל",false,1,12.70,8.47,true,1,
8717163663493,false,רקסונה ספריי מן קובלט דריי,יוניליוור ישראל שיווק בעמ,,,"י""ח",1,"י""ח",false,1,12.70,12.70,true,1,
8717163711668,false,"רקסונה ספריי נשים טלק  150מ""ל",יוניליוור ישראל שיווק בעמ,,,"י""ח",150,"ל  מ""ל",false,1,12.70,8.47,true,1,
8717163714850,false,"דאב דאו  ספריי 150מ""ל",יוניליוור ישראל שיווק בעמ,,,"י""ח",90,"ל  מ""ל",false,1,12.70,14.11,true,1,
8717163947692,false,"אקס ג ל רחצה לגבר פרש 400מ""ל",יוניליוור ישראל שיווק בעמ,,,"י""ח",400,"ל  מ""ל",false,1,8.50,2.13,false,1,
8717644390566,false,רביעיית סבון מוצק דאבירוק.,יוניליוור ישראל שיווק בעמ,,,"י""ח",400,ל  גרם,false,1,12.70,3.18,false,1,
8717677336593,false,שוקולד חלב 180ג  טוניס,ליימן שליסל,,,"י""ח",180,ל  גרם,false,1,16.20,9,false,1,
8717677336630,false,שוקולד חלב עם שקדים ודבש 180ג  טוניס,ליימן שליסל,,,"י""ח",180,ל  גרם,false,1,16.20,9,false,1,
8718951076372,false,"משחת שיניים הרבל קולגייט 100מ""ל",ש.שסטוביץ בעמ,,,"י""ח",100,ל  גרם,false,1,8.50,8.50,false,1,
8718951079205,false,"קולגייט  סנסטיב פרו רליף 75מ""ל",ש.שסטוביץ בעמ,,,"י""ח",75,"ל  מ""ל",false,1,16.20,21.60,false,1,
8718951093331,false,מרידול מברשת שיניים זוג,ש.שסטוביץ בעמ,,,"י""ח",1,,false,1,29,29,false,1,
8718951144064,false,מרידול מברשת שיניים זוג פרדונט אקספרט.,ש.שסטוביץ בעמ,,,"י""ח",1,,false,1,29,29,false,1,
8718951159808,false,מברשת שיניים קולגייט 360 שלישייה,ש.שסטוביץ בעמ,,,"י""ח",1,,false,1,23,23,false,1,
8718951160897,false,"אגקס ספריי אקונומיקה   500מ""ל",ש.שסטוביץ בעמ,,,"י""ח",500,"ל  מ""ל",false,1,11,2.20,false,1,
8718951166288,false,"קולגייט מקס וייט 125מ""ל",ש.שסטוביץ בעמ,,,"י""ח",125,"ל  מ""ל",false,1,15.30,12.24,false,1,
8718951166561,false,"קולגייט מקס פרש כחול 125מ""ל",ש.שסטוביץ בעמ,,,"י""ח",125,"ל  מ""ל",false,1,15.30,12.24,false,1,
8718951167094,false,פלמוליב תפוז ליים  לכלים 1 ליטר,ש.שסטוביץ בעמ,,,"י""ח",1,ליטר,false,1,11,11,false,1,
8718951175600,false,"קולגייט טוטאל קלין מינט  75 מ""ל",ש.שסטוביץ בעמ,,,"י""ח",75,"ל  מ""ל",false,1,12.70,16.93,true,1,
8718951236790,false,"קולגייט טוטל קלין מינט  100מ""ל",ש.שסטוביץ בעמ,,,"י""ח",100,"ל  מ""ל",false,1,14.40,14.40,true,1,
8718951236813,false,"קולגייט טוטל מתקדם  100מ""ל",ש.שסטוביץ בעמ,,,"י""ח",100,"ל  מ""ל",false,1,14.40,14.40,true,1,
8718951240742,false,"קולגייט טוטל קפסים מרעננים   100מ""ל",ש.שסטוביץ בעמ,,,"י""ח",100,"ל  מ""ל",false,1,14.40,14.40,true,1,
8718951264618,false,קולגייט  אופטיק וייט פחם 75מייל.,ש.שסטוביץ בעמ,,,"י""ח",256,ל  גרם,false,1,23,8.98,true,1,
8718951281738,false,אלמקס משחת שיניים,ש.שסטוביץ בעמ,,,"י""ח",75,ל  גרם,false,1,16.20,21.60,false,1,
8718951289833,false,סבון מוצק לומינוס פלמוליב 4 יח,ש.שסטוביץ בעמ,,,"י""ח",360,ל  גרם,false,1,14.40,4,true,1,
8718951314023,false,"פלמוליב סבון נוזלי אפרסק  750 מ""ל",ש.שסטוביץ בעמ,,,"י""ח",750,"ל  מ""ל",false,1,17,2.27,true,1,
8718951319806,false,"פלמוליב מן גל רחצה  ושמפו 750מ""ל מרענן",ש.שסטוביץ בעמ,,,"י""ח",750,"ל  מ""ל",false,1,17,2.27,true,1,
8718951320093,false,קולגייט מברשת אדוונס וויט  זוג,ש.שסטוביץ בעמ,,,"י""ח",1,,false,1,29.80,29.80,false,1,
8718951334090,false,"סופלין מרכך כביסה מרוכז כחול650מ""ל",ש.שסטוביץ בעמ,,,"י""ח",0.65,ליטר,false,1,8.50,13.08,false,1,
8718951334151,false,"סופלין מרכך כביסה מרוכז היפואלרגני650מ""ל",ש.שסטוביץ בעמ,,,"י""ח",0.65,ליטר,false,1,8.50,13.08,false,1,
8718951338128,false,לידי רול און 24/7 שאוור פרש,ש.שסטוביץ בעמ,,,"י""ח",50,"ל  מ""ל",false,1,18.70,37.40,true,1,
8718951350137,false,"פלמוליב ת.רחצה 750מ""ל שיאה ללא משאבה.",ש.שסטוביץ בעמ,,,"י""ח",750,"ל  מ""ל",false,1,17,2.27,true,1,
8718951354807,false,אג קס פיור הום הפרחים יסמין 1.5ליטר,ש.שסטוביץ בעמ,,,"י""ח",1.50,ליטר,false,1,17,11.33,true,1,
8718951366015,false,"קולגייט  אופטיק וויט אקספרס  75מ""ל",ש.שסטוביץ בעמ,,,"י""ח",75,"ל  מ""ל",false,1,42.70,56.93,true,1,
8718951381292,false,"קולגייט מקס דיטוקס פואם  125מ""ל",ש.שסטוביץ בעמ,,,"י""ח",125,"ל  מ""ל",false,1,15.30,12.24,false,1,
8718951382787,false,קולגייט  אופטיק וייט חימר ומינרל 75מיי,ש.שסטוביץ בעמ,,,"י""ח",256,ל  גרם,false,1,25.60,10,true,1,
8718951400474,false,"פלמוליב ת.רחצה 750מ""ל קמליה ללא משאבה",ש.שסטוביץ בעמ,,,"י""ח",750,"ל  מ""ל",false,1,17,2.27,true,1,
8718951400597,false,"פלמוליב ת.רחצה 750מ""ל קוקוס ללא משאבה",ש.שסטוביץ בעמ,,,"י""ח",750,"ל  מ""ל",false,1,17,2.27,true,1,
8718951412378,false,"מרידול משחת שיניים נשימה רעננה  75מ""ל",ש.שסטוביץ בעמ,,,"י""ח",75,ל  גרם,false,1,17,22.67,false,1,
8718951428492,false,"פלמוליב לגבר 4ב1 750 מ""ל פחם",ש.שסטוביץ בעמ,,,"י""ח",750,"ל  מ""ל",false,1,17,2.27,true,1,
8718951431614,false,"פלמוליב סבון נוזלי סו פירם  750 מ""ל",ש.שסטוביץ בעמ,,,"י""ח",750,"ל  מ""ל",false,1,17,2.27,true,1,
8718951433120,false,"קולגייט טוטל ג`וניור 7-12 50מ""ל",ש.שסטוביץ בעמ,,,"י""ח",75,"ל  מ""ל",false,1,12.70,16.93,false,1,
8718951443396,false,פלמוליב סבון ידיים שלישייה,ש.שסטוביץ בעמ,,,"י""ח",900,"ל  מ""ל",false,1,21.30,2.37,false,1,
8718951461444,false,"קולגייט טוטל הלבנה  זוג כשל""פ",ש.שסטוביץ בעמ,,,"י""ח",100,"ל  מ""ל",false,1,25.60,25.60,false,1,
8718951470323,false,קולגייט מברשת סופט זוג פחם,ש.שסטוביץ בעמ,,,"י""ח",1,"י""ח",false,1,25.60,25.60,false,1,
8718951509627,false,קולגייט  אופטיק וייט לאוהבי קפה 75מייל.,ש.שסטוביץ בעמ,,,"י""ח",256,ל  גרם,false,1,23,8.98,true,1,
8719200998001,false,בלבנד בלי מלח 200 גרם,דיפלומט מפיצים (1968) בעמ**,,,"י""ח",200,ל  גרם,false,1,3.90,1.95,false,1,
8719200998018,false,מחמאה מרגרינה בטעם חמאה 200 גרם..,דיפלומט מפיצים (1968) בעמ**,,,"י""ח",200,ל  גרם,false,1,3.90,1.95,false,1,
8719200998032,false,מזולה בטעם חמאה 250 גרם.,דיפלומט מפיצים (1968) בעמ**,,,"י""ח",250,ל  גרם,false,1,8.50,3.40,false,1,
8719200998049,false,מזולה בטעם טבעי 250 גרם,דיפלומט מפיצים (1968) בעמ**,,,"י""ח",250,ל  גרם,false,1,8.50,3.40,false,1,
8719200998094,false,מזולה אפייה ללא מלח 200 גרם,דיפלומט מפיצים (1968) בעמ**,,,"י""ח",200,ל  גרם,false,1,5.60,2.80,false,1,
8719200998100,false,מזולה אפייה טעם חמאה 200 גרם,דיפלומט מפיצים (1968) בעמ**,,,"י""ח",200,ל  גרם,false,1,5.60,2.80,false,1,
8720181045912,false,"אקס בודי ספריי גוף אפריקה 150מ""ל.",יוניליוור ישראל שיווק בעמ,,,"י""ח",150,"ל  מ""ל",false,1,10.20,6.80,true,1,
8720181046605,false,דאב דאו  ספריי 90ג,יוניליוור ישראל שיווק בעמ,,,"י""ח",90,"ל  מ""ל",false,1,12.70,14.11,true,1,
8720181046612,false,דאב דאו רול און.,יוניליוור ישראל שיווק בעמ,,,"י""ח",50,"ל  מ""ל",false,1,17,34,true,1,
8720181090219,false,"דאב סבון נוזלי רימונים 750 מ""ל",יוניליוור ישראל שיווק בעמ,,,"י""ח",750,"ל  מ""ל",false,1,17,2.27,true,1,
8720181114458,false,אקס  דאו`ספריי לנשים  150 מ``ל.,בית הצעצוע בעמ,,,"י""ח",150,"ל  מ""ל",false,1,10.20,6.80,true,1,
8720181123955,false,"אקס ג ל רחצה לגבר   400מ""ל.",יוניליוור ישראל שיווק בעמ,,,"י""ח",400,"ל  מ""ל",false,1,8.50,2.13,false,1,
8720181204111,false,"אקס ג ל רחצה לגבר 3ב1  400מ""ל",יוניליוור ישראל שיווק בעמ,,,"י""ח",400,"ל  מ""ל",false,1,8.50,2.13,false,1,
8722700197508,false,"גלייז חומץ בלסמי 250מ""ל",א. סיימן סחר בעמ,,,"י""ח",250,ל  גרם,false,1,34.10,13.64,false,1,
8723400756552,false,מנטוס מנטה 1\4,ליימן שליסל,,,"י""ח",1,,false,1,10.10,10.10,false,1,
8801055706440,false,טייסטר צ`ויס טו גו,קבוצת אוסם סחר-שות.מוגבלת,,,"י""ח",36,ל  גרם,false,1,8.50,23.61,false,1,
8801055707966,false,~קפה נמס בריסטה טסטר צוייס 180 ג`,קבוצת אוסם סחר-שות.מוגבלת,,,"י""ח",180,ל  גרם,false,1,28.10,15.61,false,1,
8801055709434,false,קפה נמס טסטר צוייס קולומביה 100 ג`,קבוצת אוסם סחר-שות.מוגבלת,,,"י""ח",100,ל  גרם,false,1,22.10,22.10,true,1,
8801055709458,false,נס קפה קפוצ`ינו קרמל 17גר*10,קבוצת אוסם סחר-שות.מוגבלת,,,"י""ח",170,ל  גרם,false,1,16.20,9.53,false,1,
8801055709465,false,נס קפה קפוצ`ינו וניל 18.5גר*10,קבוצת אוסם סחר-שות.מוגבלת,,,"י""ח",180,ל  גרם,false,1,16.20,9,false,1,
8801055709472,false,נס קפה קפוצ`ינו קלאסי  18.5גר*10,קבוצת אוסם סחר-שות.מוגבלת,,,"י""ח",180,ל  גרם,false,1,16.20,9,false,1,
8801055709489,false,נס קפה קפוצ`ינו אגוזים  18.5גר*10,קבוצת אוסם סחר-שות.מוגבלת,,,"י""ח",180,ל  גרם,false,1,16.20,9,false,1,
8801055709526,false,נס קפה קפוצ`ינו אגוזים  18.5גר*10.,קבוצת אוסם סחר-שות.מוגבלת,,,"י""ח",180,ל  גרם,false,1,16.20,9,false,1,
8850006331699,false,מברשת שיניים קולגייט סלים סופט שלישייה,ש.שסטוביץ בעמ,,,"י""ח",1,,false,1,25.60,25.60,false,1,
8850006932964,false,קולגייט מברשת שיניים טוויסטר חמישייה.,ש.שסטוביץ בעמ,,,"י""ח",1,,false,1,17,17,false,1,
8850161161247,false,מי קוקוס קוקו מקס 1ליטר,טמפו משקאות בעמ,,,"י""ח",1,ליטר,false,1,14.50,14.50,false,1,
8850161167089,false,חלב קוקוס קוקו וואי 1ליטר,טמפו משקאות בעמ,,,"י""ח",1,ליטר,false,1,14.50,14.50,false,1,
8850180040028,false,טמפורה 500גר,מזרח ומערב יבוא ושיווק,,,"י""ח",500,"ל  מ""ל",false,1,9.30,1.86,false,1,
8850206250592,false,רוטב צילי סיראצה 530ג,מזרח ומערב יבוא ושיווק,,,"י""ח",530,ל  גרם,false,1,17,3.21,false,1,
8850206251711,false,"רוטב הוי סטיר להקפצה הלטי בוי  300מ""ל",דיפלומט מפיצים (1968) בעמ**,,,"י""ח",300,"ל  מ""ל",false,1,7.60,2.53,false,1,
8850367992164,false,"קרם קוקוס 250מ""ל מזרח ומערב",מזרח ומערב יבוא ושיווק,,,"י""ח",250,"ל  מ""ל",false,1,6.80,2.72,true,1,
8850367994779,false,מחית קארי ירוקה  50ג,מזרח ומערב יבוא ושיווק,,,"י""ח",50,ל  גרם,false,1,5,10,true,1,
8850367994786,false,מחית קארי אדומה 50ג,מזרח ומערב יבוא ושיווק,,,"י""ח",50,ל  גרם,false,1,5,10,true,1,
8850367994793,false,מחית קארי צהובה  50ג,מזרח ומערב יבוא ושיווק,,,"י""ח",50,ל  גרם,false,1,5,10,true,1,
8850389103111,false,משקה אלוורה ענבים 300,טמפו משקאות בעמ,,,"י""ח",300,"ל  מ""ל",false,1,6.20,1.97,true,1,
8850389103128,false,משקה אלוורה תפוח 300,טמפו משקאות בעמ,,,"י""ח",300,"ל  מ""ל",false,1,6.20,1.97,true,1,
8850389103159,false,משקה מוגו מוגו ליצ`י עם חתיכות ג`לי קו,טמפו משקאות בעמ,,,"י""ח",320,"ל  מ""ל",false,1,5.90,1.75,true,1,
8850389104637,false,משקה אלוורה אפרסק 300,טמפו משקאות בעמ,,,"י""ח",300,"ל  מ""ל",false,1,6.20,1.97,true,1,
8850389105825,false,סאפה ענבים 1 ליטר,טמפו משקאות בעמ,,,"י""ח",1,ליטר,false,1,11.20,11.20,false,1,
8850389105832,false,סאפה תפוחים 1 ליטר,טמפו משקאות בעמ,,,"י""ח",1,ליטר,false,1,11.20,11.20,false,1,
8850389105849,false,סאפה אפרסק 1 ליטר,טמפו משקאות בעמ,,,"י""ח",1,ליטר,false,1,11.20,11.20,false,1,
8850389111352,false,משקה מוגו מוגו מלון עם חתיכות ג`לי קו,טמפו משקאות בעמ,,,"י""ח",320,"ל  מ""ל",false,1,5.90,1.75,true,1,
8850389115336,false,סאפה מלון  1 ליטר,טמפו משקאות בעמ,,,"י""ח",1,ליטר,false,1,11.20,11.20,false,1,
8850632604259,false,חיספוסים מקלות תות שדה,ליימן שליסל,,,"י""ח",50,ל  גרם,false,1,3.90,7.80,true,1,
8850632604266,false,חיספוסים מקלות קולה,ליימן שליסל,,,"י""ח",50,ל  גרם,false,1,3.90,7.80,true,1,
8850632604372,false,חיספוסים שטיח תות שדה,ליימן שליסל,,,"י""ח",50,ל  גרם,false,1,3.90,7.80,true,1,
8850632604402,false,חיספוסים שטיח מעורב,ליימן שליסל,,,"י""ח",50,ל  גרם,false,1,3.90,7.80,true,1,
8850632605201,false,חיספוסים שטיח מעורב תפוח,ליימן שליסל,,,"י""ח",50,ל  גרם,false,1,3.90,7.80,true,1,
8857101301008,false,"רוטב צ ילי מתוק 700 מ""ל",ג.וילי פוד אינטרנשיונל בעמ,,,"י""ח",700,"ל  מ""ל",false,1,8.50,1.21,false,1,
8858271003020,false,"רוטב סויה פורמולה 1 700מ""ל",מזרח ומערב יבוא ושיווק,,,"י""ח",700,"ל  מ""ל",false,1,13.60,1.94,false,1,
8858271003068,false,"רוטב סויה מתוקה 250מ""ל",מזרח ומערב יבוא ושיווק,,,"י""ח",250,"ל  מ""ל",false,1,9.30,3.72,true,1,
8858271003075,false,"רוטב סויה מתוקה5 700מ""ל",מזרח ומערב יבוא ושיווק,,,"י""ח",700,"ל  מ""ל",false,1,14.40,2.06,false,1,
8858271003136,false,"רוטב פטריות צמחוני 250מ""ל",מזרח ומערב יבוא ושיווק,,,"י""ח",250,"ל  מ""ל",false,1,8.50,3.40,false,1,
8858271004126,false,"רוטב חמוץ מתוק 700מ""ל",מזרח ומערב יבוא ושיווק,,,"י""ח",700,"ל  מ""ל",false,1,13.60,1.94,false,1,
8858271004300,false,"רוטב טריאקי 700מ""ל",מזרח ומערב יבוא ושיווק,,,"י""ח",700,"ל  מ""ל",false,1,17,2.43,false,1,
8858271004799,false,"רוטב צ`ילי מתוק  700מ""ל ALL PURPSES",מזרח ומערב יבוא ושיווק,,,"י""ח",700,"ל  מ""ל",false,1,11,1.57,false,1,
8858271005451,false,"רוטב סויה פורמולה 1 250מ""ל",מזרח ומערב יבוא ושיווק,,,"י""ח",250,"ל  מ""ל",false,1,9.30,3.72,true,1,
8858271005499,false,"רוטב ברביקיו 250מ""ל",מזרח ומערב יבוא ושיווק,,,"י""ח",250,"ל  מ""ל",false,1,9.30,3.72,true,1,
8888021200256,false,סוללות אנרגייזר שמינייה AA,דנשר (1963) בעמ,,,"י""ח",1,,false,1,23.90,23.90,true,1,
8888021200720,false,סוללות אנרגייזר שמינייה AAA,דנשר (1963) בעמ,,,"י""ח",1,,false,1,17,17,false,1,
8888757103005,false,"שמן שומשום 300 מ""ל",גורי מוצרי צריכה בעמ,,,"י""ח",300,"ל  מ""ל",false,1,15.70,5.23,false,1,
8901537024014,false,"אורז  בסמטי 1ק""ג DAAWAT",ג.וילי פוד אינטרנשיונל בעמ,,,"י""ח",1,"ק""ג",false,1,11,11,true,1,
8901537076679,false,"אורז בסגנון בסמטי חום מלא 1ק""ג DAAWAT.",ג.וילי פוד אינטרנשיונל בעמ,,,"י""ח",1,"ק""ג",false,1,13.60,13.60,false,1,
8934878081811,false,"דפי אורז 22ס""מ 400גר מזרח ומערב",מזרח ומערב יבוא ושיווק,,,"י""ח",400,ל  גרם,false,1,12.70,3.18,true,1,
8936018435256,false,דג ירח מלוח מיובש 100גר תכלת Imperator.,דילר בי.אמ.די פורמולה בעמ,,,"י""ח",100,ל  גרם,false,1,11,11,false,1,
8936018435270,false,דג ברקודה מלוח מיובש 100גר כתום,דילר בי.אמ.די פורמולה בעמ,,,"י""ח",100,ל  גרם,false,1,11,11,false,1,
8936018435287,false,דג ברקודה צ`ילי מלוח מיובש 100גר חום.,דילר בי.אמ.די פורמולה בעמ,,,"י""ח",100,ל  גרם,false,1,11,11,false,1,
9000100590938,false,"סאיוס מוס ווליום ליפט 250מ""ל",הנקל סוד בעמ,,,"י""ח",250,"ל  מ""ל",false,1,23.30,9.32,true,1,
9000100591058,false,"סאיוס גל עיצוב מקס הולד 250מ""ל",הנקל סוד בעמ,,,"י""ח",250,"ל  מ""ל",false,1,21.30,8.52,false,1,
9000100760591,false,פה רול פור מאן,הנקל סוד בעמ,,,"י""ח",50,"ל  מ""ל",false,1,9.30,18.60,true,1,
9000101329742,false,ברף סבון אסלה בניחוח מתחלף 50ג..,גורי שיווק בעמ,,,"י""ח",50,"ל  מ""ל",false,1,8.50,17,false,1,
9000101380255,false,פרסיל דיסקס לכביסה 22יח,גורי שיווק בעמ,,,"י""ח",22,"י""ח",false,1,29.80,1.35,false,1,
9000101418163,false,ברף סבון אסלה בניחוח תפוח ירוק-נופר,גורי שיווק בעמ,,,"י""ח",50,"ל  מ""ל",false,1,15.30,30.60,false,1,
9000101515817,false,פרסיל 56 קפסולות לכביסה פאוור קאפס,גורי שיווק בעמ,,,"י""ח",56,"י""ח",false,1,46.90,0.84,true,1,
9000101520965,false,ברף סבון אסלה בניחוח לוטוס עדין,גורי שיווק בעמ,,,"י""ח",50,"ל  מ""ל",false,1,15.30,30.60,false,1,
9000101537581,false,פרסיל 52 קפסולות לכביסה פאוור קאפס קול,גורי שיווק בעמ,,,"י""ח",26,"י""ח",false,1,46.90,1.80,true,1,
9001616202155,false,זוג מוצצים בנים מקסי אולטי 16+,אלפא קוסמטיקה,,,"י""ח",1,,false,1,29.90,29.90,false,1,
9001616203626,false,פטמה שלב 3,אלפא קוסמטיקה,,,"י""ח",260,"ל  מ""ל",false,1,28,10.77,false,1,
9002975393812,false,סוכריות הריבו האפי צרי 70ג,מ.סידס ובנו בעמ,,,"י""ח",70,ל  גרם,false,1,5.90,8.43,false,1,
9002975393836,false,סוכריות הריבו האפי קולה 70ג,מ.סידס ובנו בעמ,,,"י""ח",70,ל  גרם,false,1,5.90,8.43,false,1,
9002975393843,false,סוכריות הריבו גולדברס 70ג,מ.סידס ובנו בעמ,,,"י""ח",70,ל  גרם,false,1,5.90,8.43,false,1,
9044400851672,false,פז סוכריות טעמים שונים,ר.ב. מוצרי דגנים בעמ,,,"י""ח",25.50,ל  גרם,false,1,10.20,40,false,1,
9044400885578,false,סוכריות פז מילוי 12 יח`,ר.ב. מוצרי דגנים בעמ,,,"י""ח",8,"י""ח",false,1,9.30,1.16,false,1,
9120025834723,false,חטיף ארואו מצונן 120ג,ג.וילי פוד אינטרנשיונל בעמ,,,"י""ח",120,ל  גרם,false,1,12.70,10.58,false,1,
9120025839896,false,חטיף מילקה מצונן 128ג,ג.וילי פוד אינטרנשיונל בעמ,,,"י""ח",128,ל  גרם,false,1,12.70,9.92,false,1,
9120097310545,false,חטיף מיני מיניונים מצונן 102.5ג,ג.וילי פוד אינטרנשיונל בעמ,,,"י""ח",102,ל  גרם,false,1,12.70,12.45,false,1,
9120097310583,false,חטיף שוקו בננה מיניונים מצונן 108ג,ג.וילי פוד אינטרנשיונל בעמ,,,"י""ח",108,ל  גרם,false,1,12.70,11.76,false,1,
9310072028743,false,טים טם אורגינל,מ.סידס ובנו בעמ,,,"י""ח",200,ל  גרם,false,1,17.90,8.95,false,1,
9310072028750,false,טים טם דאבל 200ג,מ.סידס ובנו בעמ,,,"י""ח",200,ל  גרם,false,1,17.90,8.95,false,1,
9310088007015,false,פיוז אולטימייט,קימברלי קלארק ישראל שיווק בעמ,,,"י""ח",1,,false,1,16.80,16.80,true,1,
9720188050109,false,ממרח גבינה טופוט,*החברה המרכזית להפצת משקאותבעמ,,,"י""ח",227,ל  גרם,false,1,17.90,7.89,false,1,
9720188060108,false,שמנת טופו,*החברה המרכזית להפצת משקאותבעמ,,,"י""ח",340,ל  גרם,false,1,17.90,5.26,false,1,
9771565025005,false,מעריב עיתון שישי.,ג רוזלם פוסט בעמ,,,"י""ח",1,,false,1,5.10,5.10,true,1,
9771565051066,false,ידיעות אחרונות שבת ו,ידיעות אחרונות בעמ,,,"י""ח",1,,false,1,17.10,17.10,true,1,
72901008010259,true,אפרסמון,ביכורי השדה צפון 1994 ג.ד. בעמ,,,"ק""ג",1,"ק""ג",true,1,11.90,11.90,false,1,
