code,internal_code,name,manufacturer_name,manufacture_country,manufacturer_item_description,unit_qty,quantity,unit_of_measure,weighted,qty_in_package,price,unit_of_measure_price,allow_discount,status,item_id
12,true,עגבניות,,,עגבניות,קילוגרמים,1.00,"ק""ג",true,,7.90,7.9000,true,1,219879
13,true,עגבניות שרי אשכול,,,עגבניות שרי אשכול,קילוגרמים,1.00,"ק""ג",true,,17.90,17.9000,true,1,220050
16,true,עגבניות שרי לובלו,,,עגבניות שרי וורוד,קילוגרמים,1.00,"ק""ג",true,,24.90,24.9000,true,1,306782
17,true,עגבניה מגי,,,עגבניה מגי,קילוגרמים,1.00,"ק""ג",true,,16.90,16.9000,true,1,240945
19,true,עגבניה שרי מנומר,,,עגבניה שרי מנומר,קילוגרמים,1.00,"ק""ג",true,,24.90,24.9000,true,1,231488
20,true,מלפפון,,,מלפפון,קילוגרמים,1.00,"ק""ג",true,,7.90,7.9000,true,1,219881
21,true,עגבניות שרי צהוב,,,עגבניות שרי צהוב,קילוגרמים,1.00,"ק""ג",true,,24.90,24.9000,true,1,299134
40,true,סלק,,,סלק,קילוגרמים,1.00,"ק""ג",true,,6.90,6.9000,true,1,219883
50,true,כרוב לבן,,,כרוב לבן,קילוגרמים,1.00,"ק""ג",true,,4.90,4.9000,true,1,219884
51,true,כרוב אדום,,,כרוב אדום,קילוגרמים,1.00,"ק""ג",true,,7.90,7.9000,true,1,219885
60,true,כרובית,,,כרובית,קילוגרמים,1.00,"ק""ג",true,,11.90,11.9000,true,1,219887
61,true,פטריות שמפיניון,,,פטריות שמפיניון,קילוגרמים,1.00,"ק""ג",true,,41.90,41.9000,true,1,219551
71,true,צנון,,,צנון,קילוגרמים,1.00,"ק""ג",true,,7.90,7.9000,true,1,219888
95,true,בצל אדום,,,בצל אדום,קילוגרמים,1.00,"ק""ג",true,,7.90,7.9000,true,1,219892
105,true,זנגויל גינגר טרי,,,זנגויל טרי,קילוגרמים,1.00,"ק""ג",true,,25.00,25.0000,true,1,219894
110,true,בטטה מתוקה,,,בטטה מתוקה,קילוגרמים,1.00,"ק""ג",true,,8.90,8.9000,true,1,219895
130,true,דלעת,,,דלעת,קילוגרמים,1.00,"ק""ג",true,,10.90,10.9000,true,1,219526
131,true,דלורית,,,דלורית,קילוגרמים,1.00,"ק""ג",true,,5.90,5.9000,true,1,219896
135,true,דלעת אקזוטית,,,דלעת אקזוטית,קילוגרמים,1.00,"ק""ג",true,,14.90,14.9000,true,1,296469
151,true,פלפל ירוק כהה,,,פלפל ירוק כהה,קילוגרמים,1.00,"ק""ג",true,,10.90,10.9000,true,1,219898
152,true,פלפל ירוק חריף,,,פלפל ירוק חריף,קילוגרמים,1.00,"ק""ג",true,,7.90,7.9000,true,1,219899
153,true,פלפל אדום,,,פלפל אדום,קילוגרמים,1.00,"ק""ג",true,,12.90,12.9000,true,1,219900
154,true,פלפל צהוב,,,פלפל צהוב,קילוגרמים,1.00,"ק""ג",true,,12.90,12.9000,true,1,219901
156,true,פלפל כתום,,,פלפל כתום,קילוגרמים,1.00,"ק""ג",true,,12.90,12.9000,true,1,219902
157,true,פלפל שושקה,,,פלפל שושקה,קילוגרמים,1.00,"ק""ג",true,,14.90,14.9000,true,1,219903
160,true,לפת,,,לפת,קילוגרמים,1.00,"ק""ג",true,,8.90,8.9000,true,1,219904
161,true,פלפל בהיר,,,פלפל בהיר,קילוגרמים,1.00,"ק""ג",true,,10.90,10.9000,true,1,219905
169,true,דלעת ערמונים,,,דלעת ערמונים,קילוגרמים,1.00,"ק""ג",true,,15.90,15.9000,true,1,221302
170,true,קולורבי,,,קולורבי,קילוגרמים,1.00,"ק""ג",true,,7.90,7.9000,true,1,219906
172,true,שעועית ירוקה רחבה,,,שעועית ירוקה רחבה,קילוגרמים,1.00,"ק""ג",true,,29.90,29.9000,true,1,219985
180,true,קישואים,,,קישואים,קילוגרמים,1.00,"ק""ג",true,,7.90,7.9000,true,1,219527
182,true,קישוא כרעה,,,קישוא כרעה,קילוגרמים,1.00,"ק""ג",true,,11.90,11.9000,true,1,220138
185,true,קישוא זוקיני,,,קישוא זוקיני ירוק,קילוגרמים,1.00,"ק""ג",true,,12.90,12.9000,true,1,219907
191,true,שעועית ירוקה,,,שעועית ירוקה,קילוגרמים,1.00,"ק""ג",true,,29.90,29.9000,true,1,219909
200,true,תירס ארוז,,,תירס ארוז,קילוגרמים,1.00,"ק""ג",true,,8.90,8.9000,true,1,219910
210,true,שום לח,,,שום לח,קילוגרמים,1.00,"ק""ג",true,,21.90,21.9000,true,1,235662
221,true,ארטישוק,,,ארטישוק,קילוגרמים,1.00,"ק""ג",true,,19.90,19.9000,true,1,219912
240,true,פול ירוק,,,פול ירוק,קילוגרמים,1.00,"ק""ג",true,,12.90,12.9000,true,1,219529
265,true,פלפל רומרו,,,פלפל רומרו,קילוגרמים,1.00,"ק""ג",true,,14.90,14.9000,true,1,219916
284,true,שום,,,שום יבש,קילוגרמים,1.00,"ק""ג",true,,25.00,25.0000,true,1,219917
290,true,תפוא לבן ארוז,,,תפוא לבן ארוז,קילוגרמים,1.00,"ק""ג",true,,6.90,6.9000,true,1,219523
292,true,בטטה קסביה,,,בטטה קסביה,קילוגרמים,1.00,"ק""ג",true,,16.90,16.9000,true,1,219919
294,true,תפוא לבן בתפזורת,,,תפוא לבן בתפזורת,קילוגרמים,1.00,"ק""ג",true,,7.90,7.9000,true,1,220162
296,true,תפוא אדום בתפזורת,,,תפוא אדום בתפזורת,קילוגרמים,1.00,"ק""ג",true,,7.90,7.9000,true,1,220163
305,true,חזרת לבנה,,,חזרת לבנה,קילוגרמים,1.00,"ק""ג",true,,39.90,39.9000,true,1,219525
307,true,שומר,,,שומר,קילוגרמים,1.00,"ק""ג",true,,6.90,6.9000,true,1,219921
310,true,מלון,,,מלון,קילוגרמים,1.00,"ק""ג",true,,6.90,6.9000,true,1,219922
319,true,אבטיח מיני,,,אבטיח מיני,קילוגרמים,1.00,"ק""ג",true,,7.90,7.9000,true,1,220047
325,true,תות שדה קופסא גדולה,,,תות שדה קופסא גדולה,Unknown,0.00,Unknown,false,1,27.90,0.0000,true,1,237718
374,true,פטריות שמפניון ארוז,,,פטריות שמפניון ארוז 250 ג,Unknown,0.00,Unknown,false,1,9.90,0.0000,true,1,221455
427,true,פטריות פורטובלה,,,פטריות פורטובלה,קילוגרמים,1.00,"ק""ג",true,,41.90,41.9000,true,1,219932
504,true,תפוז למיץ ברשת,,,תפוז למיץ ברשת,קילוגרמים,1.00,"ק""ג",true,,5.90,5.9000,true,1,219935
513,true,קלמנטינות,,,קלמנטינות,קילוגרמים,1.00,"ק""ג",true,,8.90,8.9000,true,1,220297
520,true,אשכוליות,,,אשכוליות,קילוגרמים,1.00,"ק""ג",true,,6.90,6.9000,true,1,219937
525,true,פומלית,,,פומלית,קילוגרמים,1.00,"ק""ג",true,,5.90,5.9000,true,1,219939
530,true,לימון,,,לימון,קילוגרמים,1.00,"ק""ג",true,,8.90,8.9000,true,1,219940
540,true,בננות,,,בננות,קילוגרמים,1.00,"ק""ג",true,,6.90,6.9000,true,1,219941
546,true,קוקוס יחידה,,,קוקוס יחידה,Unknown,0.00,Unknown,false,1,5.90,0.0000,true,1,220294
561,true,אבוקדו,,,אבוקדו,קילוגרמים,1.00,"ק""ג",true,,14.90,14.9000,true,1,219942
570,true,רימון,,,רימון,קילוגרמים,1.00,"ק""ג",true,,12.90,12.9000,true,1,219943
573,true,פומלה,,,פומלה,קילוגרמים,1.00,"ק""ג",true,,8.90,8.9000,true,1,219796
603,true,אגס,,,אגס,קילוגרמים,1.00,"ק""ג",true,,15.90,15.9000,true,1,219522
610,true,סברס,,,סברס,קילוגרמים,1.00,"ק""ג",true,,34.90,34.9000,true,1,219948
620,true,גויאבות,,,גויאבות,קילוגרמים,1.00,"ק""ג",true,,19.90,19.9000,true,1,219951
633,true,מנגו קיט,,,סברס מקולף יחידה,קילוגרמים,1.00,"ק""ג",true,,36.90,36.9000,true,1,220144
660,true,מנגו,,,מנגו,קילוגרמים,1.00,"ק""ג",true,,16.90,16.9000,true,1,219953
683,true,אפרסמון קרמבו,,,אפרסמון קרמבו,קילוגרמים,1.00,"ק""ג",true,,15.90,15.9000,true,1,237270
685,true,אנונה,,,אנונה,קילוגרמים,1.00,"ק""ג",true,,24.90,24.9000,true,1,219955
756,true,תפוח עץ קריספ פינק,,,תפוח עץ קריספ פינק,קילוגרמים,1.00,"ק""ג",true,,14.90,14.9000,true,1,217788
787,true,תפוח עץ ענה,,,תפוח עץ אנה,קילוגרמים,1.00,"ק""ג",true,,9.90,9.9000,true,1,220665
851,true,שזיף אדום,,,שזיף אדום,קילוגרמים,1.00,"ק""ג",true,,16.90,16.9000,true,1,219964
852,true,שזיף שגיב,,,שזיף שגיב,קילוגרמים,1.00,"ק""ג",true,,15.90,15.9000,true,1,235923
866,true,פטיה צהובה יח,,,פטיה צהובה יח,Unknown,0.00,Unknown,false,1,15.90,0.0000,true,1,219966
867,true,פטיה ורודה יח,,,פטיה ורודה יח,Unknown,0.00,Unknown,false,1,16.90,0.0000,true,1,243331
870,true,משמש,,,משמש,קילוגרמים,1.00,"ק""ג",true,,22.90,22.9000,true,1,219967
880,true,קובו,,,קובו,קילוגרמים,1.00,"ק""ג",true,,24.90,24.9000,true,1,300101
890,true,תמר צהוב,,,תמר צהוב,קילוגרמים,1.00,"ק""ג",true,,16.90,16.9000,true,1,236042
1020,true,דמי פקדון 1.20 שח רב,,,דמי פקדון 1.20 שח רביעיה,Unknown,0.00,Unknown,false,1,1.20,0.0000,true,1,218570
1104,true,פטריות פורטובלה יח,,,פטריות פורטובלה יח,Unknown,0.00,Unknown,false,1,11.90,0.0000,true,1,217068
1648,true,ניילון נצמד מעדנייה,,,ניילון נצמד מעדנייה רוחב 450 ממ 6 קג,Unknown,0.00,Unknown,false,1,110.00,0.0000,true,1,313985
4174,true,שומשום שחור,,,שומשום שחור,קילוגרמים,1.00,"ק""ג",true,,40.00,40.0000,true,1,308479
4648,true,קשיו מקורמל,,,קשיו מקורמל,קילוגרמים,1.00,"ק""ג",true,,100.00,100.0000,true,1,223551
5089,true,תמר דקל נור,,,תמר דקל נור,קילוגרמים,1.00,"ק""ג",true,,29.00,29.0000,true,1,309949
5355,true,עוגת שטרודל בטעמים,,,עוגת שטרודל בטעמים,Unknown,0.00,Unknown,false,1,34.90,0.0000,true,1,244342
5362,true,תבלינים/תערובות ב85ש,,,כרוכית בצק עלים בטעמים,קילוגרמים,1.00,"ק""ג",true,,85.00,85.0000,true,1,317578
5539,true,תבלינים/תערובות ב50ש,,,חלבה פיסטוק ללא סוכר במשקל,קילוגרמים,1.00,"ק""ג",true,,50.00,50.0000,true,1,230194
5553,true,חמוצים במשקל,,,חמוצים במשקל,קילוגרמים,1.00,"ק""ג",true,,42.00,42.0000,true,1,307847
5997,true,צנובר בינוני,,,צנובר בינוני,קילוגרמים,1.00,"ק""ג",true,,169.00,169.0000,true,1,304089
6000,true,תפוז מיובש,,,תפוז מיובש,קילוגרמים,1.00,"ק""ג",true,,100.00,100.0000,true,1,308533
6017,true,קוקוס טבעי,,,קוקוס טבעי,קילוגרמים,1.00,"ק""ג",true,,100.00,100.0000,true,1,308534
6055,true,שוקולד מיוחד,,,שוקולד מיוחד,קילוגרמים,1.00,"ק""ג",true,,100.00,100.0000,true,1,312054
6062,true,עוגת קראנץ בטעמים יח,בונז'ור,,עוגת קראנץ בטעמים יח,Unknown,0.00,Unknown,false,1,25.90,0.0000,true,1,296751
6079,true,פרג במשקל,בונז'ור,,פרג במשקל,קילוגרמים,1.00,"ק""ג",true,,55.00,55.0000,true,1,312055
6130,true,מארז 5 יח בייבי חליו,בונז'ור,,מארז 5 יח בייבי חליות,Unknown,0.00,Unknown,false,1,11.90,0.0000,true,1,223583
6154,true,לחמניה סוגים שונים,בונז'ור,,לחמניה סוגים שונים,Unknown,0.00,Unknown,false,1,2.90,0.0000,true,1,223787
6161,true,בייגל בטעמים,בונז'ור,,בייגל בטעמים,Unknown,0.00,Unknown,false,1,4.50,0.0000,true,1,308874
6192,true,עוגיות שוקוציפס,בונז'ור,,לחם מתובל שום ושמיר,קילוגרמים,1.00,"ק""ג",true,,56.90,56.9000,true,1,224283
6215,true,בורקס פילו בטעמים,בונז'ור,,בורקס פילו בטעמים,קילוגרמים,1.00,"ק""ג",true,,50.00,50.0000,true,1,226989
6222,true,סופגניה מיני,בונז'ור,,סופגניה מיני,Unknown,0.00,Unknown,false,1,3.00,0.0000,true,1,225410
6246,true,מארז 3 יח פיתה פרנה,בונז'ור,,לחמנית המבורגר מיני10 יח,Unknown,0.00,Unknown,false,1,16.90,0.0000,true,1,316616
6338,true,מארז8 מיני סופגניות,בונז'ור,,מארז8 מיני סופגניות,Unknown,0.00,Unknown,false,1,20.00,0.0000,true,1,225411
6352,true,נשיקות מרנג במשקל,,,נשיקות מרנג במשקל,קילוגרמים,1.00,"ק""ג",true,,95.00,95.0000,true,1,225849
6376,true,מארז 5 יח חצי בגט,בונז'ור,,מארז 5 יח חצי בגט,גרמים,100.00,100 גרם,false,1,14.90,14.9000,true,1,226053
6444,true,בגט רוסטיק מחמצת/דגנ,בונז'ור,,בגט מחמצת,Unknown,0.00,Unknown,false,1,9.90,0.0000,true,1,244412
6451,true,מארז 3 יח לחמניה פרנ,בונז'ור,,לחמינה חלניה 4 יח,Unknown,0.00,Unknown,false,1,14.90,0.0000,true,1,244413
7007,true,עוף בגריל שלם,,,עוף בגריל שלם,קילוגרמים,1.00,"ק""ג",true,,35.00,35.0000,true,1,228623
7052,true,חומוס ביתי,,,חומוס ביתי,קילוגרמים,1.00,"ק""ג",true,,40.00,40.0000,true,1,223544
7090,true,גליליות וניל/שוקולד,,,גליליות וניל/שוקולד,גרמים,50.00,100 גרם,false,1,5.00,10.0000,true,1,225872
7656,true,עוגיות מזרחיות,ממתקי אל מוכתר,,בורמה,קילוגרמים,1.00,"ק""ג",true,,100.00,100.0000,true,1,304304
7779,true,זיתים ירוקים כל הסוג,,,זיתים ירוקים כל הסוגים,קילוגרמים,1.00,"ק""ג",true,,59.00,59.0000,true,1,307846
8660,true,ביצה קשה,,,ביצה קשה,Unknown,0.00,Unknown,false,1,3.00,0.0000,true,1,227014
9384,true,פרגית ממולא,,,פרגית ממולא,קילוגרמים,1.00,"ק""ג",true,,80.00,80.0000,true,1,224691
9391,true,צלי עגל חלב,,,צלי עגל חלב/כתף טלה,קילוגרמים,1.00,"ק""ג",true,,129.00,129.0000,true,1,224690
9414,true,חמין,,,חמין,קילוגרמים,1.00,"ק""ג",true,,65.00,65.0000,true,1,224688
9452,true,כרעיים עוף,,,כרעיים עוף,קילוגרמים,1.00,"ק""ג",true,,48.00,48.0000,true,1,223576
9476,true,סטייק פרגיות על האש,,,סטייק פרגיות עוף,קילוגרמים,1.00,"ק""ג",true,,85.00,85.0000,true,1,223578
9483,true,קישקע ממולה,,,קישקע ממולא,קילוגרמים,1.00,"ק""ג",true,,45.00,45.0000,true,1,237531
9490,true,פחמימות/קטניות,,,פחמימות/קטניות,קילוגרמים,1.00,"ק""ג",true,,36.00,36.0000,true,1,223592
9513,true,גולש,,,גולש,קילוגרמים,1.00,"ק""ג",true,,85.00,85.0000,true,1,223599
9537,true,ירקות מבושלים,,,ירקות מבושלים,קילוגרמים,1.00,"ק""ג",true,,40.00,40.0000,true,1,223600
9544,true,קציצות עוף/בקר,,,קציצות עוף/בקר,קילוגרמים,1.00,"ק""ג",true,,70.00,70.0000,true,1,223601
9551,true,עוף סיני,,,עוף סיני,קילוגרמים,1.00,"ק""ג",true,,70.00,70.0000,true,1,223602
9568,true,שניצל/שניצלוני עוף,,,שניצל/שניצלוני עוף,קילוגרמים,1.00,"ק""ג",true,,75.00,75.0000,true,1,223603
9599,true,כתף בקר,,,כתף בקר,קילוגרמים,1.00,"ק""ג",true,,90.00,90.0000,true,1,223623
9643,true,ממולאים,,,ממולאים,קילוגרמים,1.00,"ק""ג",true,,68.00,68.0000,true,1,223740
9650,true,ארוחה,,,ארוחה,Unknown,0.00,Unknown,false,1,42.00,0.0000,true,1,223779
9704,true,סלטים,,,סלטים,קילוגרמים,1.00,"ק""ג",true,,40.00,40.0000,true,1,223809
9711,true,קוסקוס,,,קוסקוס,קילוגרמים,1.00,"ק""ג",true,,36.00,36.0000,true,1,223810
9742,true,פילה אמנון,,,פילה אמנון,קילוגרמים,1.00,"ק""ג",true,,85.00,85.0000,true,1,223813
9759,true,קובה,,,מאפה סלמון,קילוגרמים,1.00,"ק""ג",true,,72.00,72.0000,true,1,223814
9766,true,דג סול,,,דג סול,קילוגרמים,1.00,"ק""ג",true,,85.00,85.0000,true,1,223815
9773,true,סלמון ברוטב,,,סלמון ברוטב,קילוגרמים,1.00,"ק""ג",true,,125.00,125.0000,true,1,223816
9797,true,ארוחה צמחונית,,,ארוחה צמחונית,Unknown,0.00,Unknown,false,1,30.00,0.0000,true,1,223823
9841,true,לשון מבושל,,,לשון מבושל,קילוגרמים,1.00,"ק""ג",true,,90.00,90.0000,true,1,224035
9872,true,כרובית מטוגנת,,,כרובית מטוגנת,קילוגרמים,1.00,"ק""ג",true,,55.00,55.0000,true,1,224038
9902,true,סלטים מיוחדים,,,סלטים מיוחדים,קילוגרמים,1.00,"ק""ג",true,,45.00,45.0000,true,1,224110
9919,true,נודלס,,,נודלס,קילוגרמים,1.00,"ק""ג",true,,45.00,45.0000,true,1,224111
9926,true,עלי גפן ממולאים,,,עלי גפן ממולאים,קילוגרמים,1.00,"ק""ג",true,,55.00,55.0000,true,1,224131
9940,true,קבב/נקניקיות,,,קבב/נקניקיות,קילוגרמים,1.00,"ק""ג",true,,85.00,85.0000,true,1,224221
9995,true,זית שחור כל הסוגים,,,זית שחור כל הסוגים,קילוגרמים,1.00,"ק""ג",true,,59.00,59.0000,true,1,307845
119313,true,דג מויבה יבשה במשקל,,,דג מויבה יבשה במשקל,קילוגרמים,1.00,"ק""ג",true,,110.00,110.0000,true,1,307547
900193,true,פרוסות מוסר ים טרי,,,ביצי דגים טריים,קילוגרמים,1.00,"ק""ג",true,,100.00,100.0000,true,1,238654
900285,true,לוקוס פרוס טרי,,,לוקוס פרוס במשקל,קילוגרמים,1.00,"ק""ג",true,,190.00,190.0000,true,1,236345
900841,true,מינוט סטייק נברסקה,,,רוסטביף עגל טרי,קילוגרמים,1.00,"ק""ג",true,,89.90,89.9000,true,1,236112
900957,true,פילה סלמון פרימיום ט,,,פילה סלמון פרימיום טרי נורווגי,קילוגרמים,1.00,"ק""ג",true,,128.00,128.0000,true,1,334122
901503,true,אוסובוקו עגל טרי עם,,,אוסובוקו עגל טרי עם עצם,קילוגרמים,1.00,"ק""ג",true,,70.00,70.0000,true,1,219398
901602,true,שניצל הודו פרוס טרי,,,שניצל הודו פרוס טרי,קילוגרמים,1.00,"ק""ג",true,,39.90,39.9000,true,1,237829
901640,true,זנב עגל טרי,,,זנב עגל טרי,קילוגרמים,1.00,"ק""ג",true,,45.00,45.0000,true,1,219645
901961,true,שישלק טלה טרי,,,שישלק כבש טרי,קילוגרמים,1.00,"ק""ג",true,,150.00,150.0000,true,1,219647
903217,true,גבינת בושה במשקל סיו,,NL,גבינת בושה במשקל סיורי פיתוח,קילוגרמים,1.00,"ק""ג",true,,139.00,139.0000,true,1,237780
903231,true,גבינת אמנטל שוויצרי,,CH,גבינת אמנטל שוויצרי במשקל סיורי פיתוח,קילוגרמים,1.00,"ק""ג",true,,129.00,129.0000,true,1,237786
903545,true,גבינה צהובה 28% נעם,,,גבינה צהובה 28% נעם במשקל***,קילוגרמים,1.00,"ק""ג",true,,44.79,44.7900,true,1,235463
903774,true,גבינת עיזים קברה יין,,,גבינת עיזים קברה יין במשקל,קילוגרמים,1.00,"ק""ג",true,,189.00,189.0000,true,1,220508
904955,true,מטוגנים,,,מטוגנים,קילוגרמים,1.00,"ק""ג",true,,69.00,69.0000,true,1,219611
906911,true,סלט איקרא במשקל,,,סלט איקרא במשקל,קילוגרמים,1.00,"ק""ג",true,,59.90,59.9000,true,1,244386
907970,true,פסטרמה כפרית טיב במש,,,פסטרמה כפרית טיב במשקל,קילוגרמים,1.00,"ק""ג",true,,52.00,52.0000,true,1,221153
910000,true,עוף טרי שלם,,,עוף טרי שלם,קילוגרמים,1.00,"ק""ג",true,,19.90,19.9000,true,1,220236
910017,true,עוף טרי מפורק,,,עוף טרי מפורק,קילוגרמים,1.00,"ק""ג",true,,20.90,20.9000,true,1,220237
910031,true,חזה עוף טרי שלם,,,חזה עוף טרי שלם,קילוגרמים,1.00,"ק""ג",true,,36.90,36.9000,true,1,220238
910062,true,בשר עוף טחון טרי,,,בשר עוף טחון טרי,קילוגרמים,1.00,"ק""ג",true,,36.90,36.9000,true,1,220240
910079,true,שניצל עוף טרי,,,שניצל עוף פרוס טרי,קילוגרמים,1.00,"ק""ג",true,,38.90,38.9000,true,1,220241
910093,true,כרעיים עוף טרי,,,כרעיים עוף טרי,קילוגרמים,1.00,"ק""ג",true,,28.90,28.9000,true,1,220242
910116,true,ירך עוף טרי,,,ירך עוף טרי,קילוגרמים,1.00,"ק""ג",true,,28.90,28.9000,true,1,220243
910130,true,שוקיים עוף טרי,,,שוקיים עוף טרי,קילוגרמים,1.00,"ק""ג",true,,32.90,32.9000,true,1,220245
910154,true,כנפיים עוף טרי.,,,כנפיים עוף טרי,קילוגרמים,1.00,"ק""ג",true,,11.90,11.9000,true,1,220246
910178,true,לבבות עוף טרי,,,לבבות עוף טרי,קילוגרמים,1.00,"ק""ג",true,,29.90,29.9000,true,1,220248
910192,true,כבד עוף טרי,,,כבד עוף טרי,קילוגרמים,1.00,"ק""ג",true,,19.90,19.9000,true,1,220249
910208,true,פרגיות עוף טרי,,,פרגיות עוף טרי,קילוגרמים,1.00,"ק""ג",true,,69.90,69.9000,true,1,220250
910215,true,פרגיות עוף משופד,,,פרגיות עוף משופד,קילוגרמים,1.00,"ק""ג",true,,72.90,72.9000,true,1,220251
910246,true,קורקבן עוף טרי,,,קורקבן עוף טרי במשקל,קילוגרמים,1.00,"ק""ג",true,,10.00,10.0000,true,1,220253
910321,true,שוקיים הודו טרי,,,שוקיים הודו טרי,קילוגרמים,1.00,"ק""ג",true,,29.90,29.9000,true,1,220259
910338,true,שוק הודו מפורק טרי,,,שוק הודו מפורק טרי,קילוגרמים,1.00,"ק""ג",true,,54.90,54.9000,true,1,220260
910345,true,בשר הודו אדום טחון,,,בשר הודו אדום טחון,קילוגרמים,1.00,"ק""ג",true,,54.90,54.9000,true,1,220261
910383,true,כבד הודו טרי,,,כבד הודו טרי,קילוגרמים,1.00,"ק""ג",true,,18.90,18.9000,true,1,240818
910390,true,גרון הודו טרי,,,גרון הודו טרי,קילוגרמים,1.00,"ק""ג",true,,29.90,29.9000,true,1,220265
910420,true,שווארמה הודו טרי,,,שווארמה הודו טרי,קילוגרמים,1.00,"ק""ג",true,,69.90,69.9000,true,1,220268
910468,true,קבב,,,קבב,קילוגרמים,1.00,"ק""ג",true,,75.00,75.0000,true,1,220272
911014,true,פילה עוף טרי,,,פילה עוף טרי,קילוגרמים,1.00,"ק""ג",true,,38.90,38.9000,true,1,243075
911083,true,עוף טרי ללא עצמות,,,עוף טרי ללא עצמות,קילוגרמים,1.00,"ק""ג",true,,50.00,50.0000,true,1,221011
911243,true,שניצל דק דק טרי,,,שניצל עוף דק דק טרי,קילוגרמים,1.00,"ק""ג",true,,42.90,42.9000,true,1,221483
911557,true,סטייק אנטריקוט עגל ט,,,סטייק אנטריקוט עגל טרי,קילוגרמים,1.00,"ק""ג",true,,150.00,150.0000,true,1,221015
911694,true,צלעות טלה טרי,,,צלעות כבש טרי,קילוגרמים,1.00,"ק""ג",true,,150.00,150.0000,true,1,221020
911700,true,כתף טלה טרי עם עצם,,,כתף כבש טרי,קילוגרמים,1.00,"ק""ג",true,,99.90,99.9000,true,1,221021
911717,true,שוק טלה טרי עם עצם,,,שוק כבש טרי עם עצם,קילוגרמים,1.00,"ק""ג",true,,99.90,99.9000,true,1,221022
911724,true,חזה טלה טרי,,,חזה כבש טרי,קילוגרמים,1.00,"ק""ג",true,,80.00,80.0000,true,1,221023
911748,true,גבינת צדר במשקל,שווינגטון,,גבינת צדר במשקל,קילוגרמים,1.00,"ק""ג",true,,99.00,99.0000,true,1,222116
911854,true,סטייק טרי עם עצם,,,סטייק עם עצם טרי,קילוגרמים,1.00,"ק""ג",true,,129.90,129.9000,true,1,221146
911878,true,עצם מח,,,עצם מח,קילוגרמים,1.00,"ק""ג",true,,40.00,40.0000,true,1,221303
920047,true,גבינה צהובה נעם 22%,,,גבינה צהובה נעם 22% במשקל***,קילוגרמים,1.00,"ק""ג",true,,42.58,42.5800,true,1,240750
920054,true,לחם דגנים/שיפון רוסי,,,לחם דגנים/שיפון רוסי בונזור אפוי חל,Unknown,0.00,Unknown,false,1,13.90,0.0000,true,1,221028
920061,true,חלה מתוקה קלועה,,,חלה מתוקה קלועה,Unknown,0.00,Unknown,false,1,11.90,0.0000,true,1,221029
925035,true,גבינת צדר לבן בשלה ב,וואקפום,,גבינת צדר לבן בשלה במשקל,קילוגרמים,1.00,"ק""ג",true,,149.00,149.0000,true,1,220417
930282,true,לשון עגל טרי,,,לשון עגל טרי,קילוגרמים,1.00,"ק""ג",true,,60.00,60.0000,true,1,235650
961118,true,גבינת פרמזאנו ריגאנו,,,גבינת פרמזאנו ריגאנו במשקל ריסטרטו,קילוגרמים,1.00,"ק""ג",true,,159.00,159.0000,true,1,239498
961200,true,גבינת ברי איל דפרנס,,,גבינת ברי איל דפרנס במשקל,קילוגרמים,1.00,"ק""ג",true,,159.00,159.0000,true,1,221355
961224,true,דג פלטוס פרוס במשקל,,,דג פלטוס פרוס במשקל,קילוגרמים,1.00,"ק""ג",true,,139.00,139.0000,true,1,221357
961293,true,דג מויבה מעושן במשקל,,,דג מויבה מעושן במשקל,קילוגרמים,1.00,"ק""ג",true,,79.00,79.0000,true,1,221361
961316,true,דג רוטבוש מעושן במשק,,,דג רוטבוש מעושן במשקל,קילוגרמים,1.00,"ק""ג",true,,85.00,85.0000,true,1,221363
961323,true,דג גורבושה במשקל,,,דג גורבושה במשקל,קילוגרמים,1.00,"ק""ג",true,,75.00,75.0000,true,1,221364
961347,true,דג פלמידה במשקל,,,דג פלמידה במשקל,קילוגרמים,1.00,"ק""ג",true,,90.00,90.0000,true,1,221396
961422,true,דג פיקלינג במשקל,,,דג פיקלינג במשקל,קילוגרמים,1.00,"ק""ג",true,,75.00,75.0000,true,1,222070
975047,true,גבינת סנט אגור במשקל,בונגראן,,גבינת סנט אגור במשקל,קילוגרמים,1.00,"ק""ג",true,,199.00,199.0000,true,1,222588
995410,true,נבטים סיניים,,,נבטים סיניים,Unknown,0.00,Unknown,false,1,7.00,0.0000,true,1,223231
999005,true,כבד עגל טרי,,,כבד עגל טרי,קילוגרמים,1.00,"ק""ג",true,,40.00,40.0000,true,1,219718
999029,true,ריאות עגל טרי,,,ריאות עגל טרי,קילוגרמים,1.00,"ק""ג",true,,25.00,25.0000,true,1,219742
999951,true,בולגרית קלאסית 16% ב,,,בולגרית קלאסית 16% במשקל,קילוגרמים,1.00,"ק""ג",true,,55.00,55.0000,true,1,241879
2766056,true,עגבניות שרי ווטני/תמ,,,עגבניות שרי ויטני,יחידה,1.00,יחידה,false,1,10.90,10.9000,true,1,299113
2866916,true,פילה סלמון ארוז טרי,,,פילה סלמון ארוז טרי במגשית,קילוגרמים,1.00,"ק""ג",true,,139.90,139.9000,true,1,295921
4652760,true,פילה סלמון טרי ארוז,,,פילה סלמון טרי ארוז בואקום דלידג,קילוגרמים,1.00,"ק""ג",true,,129.90,129.9000,true,1,334558
5678318,true,ענבים לבנים אוטם קרי,,,ענבים לבנים אוטם קריספ,קילוגרמים,1.00,"ק""ג",true,,29.90,29.9000,true,1,314491
5678585,true,ענב טלי סקרלוטה אדום,,,ענב סקרלוטה,קילוגרמים,1.00,"ק""ג",true,,19.90,19.9000,true,1,310599
5736353,true,גבינת פרמזאנו ריגאנו,,,גבינת פרמזאנו ריגאנו ריסטרטו,קילוגרמים,1.00,"ק""ג",true,,159.00,159.0000,true,1,319758
8268455,true,קיווי בראשית ארוז בק,,,קיווי ארוז בקופסא,Unknown,0.00,Unknown,false,1,11.90,0.0000,true,1,322564
8403900,true,גבינת גאודה עגבניות,הנרי בליך,NL,גבינת גאודה עגבניות וזיתים במשקל,קילוגרמים,1.00,"ק""ג",true,,149.00,149.0000,false,1,320875
8403917,true,גבינת גאודה פסטו ירו,הנרי בליך,NL,גבינת גאודה פסטו ירוק במשקל,קילוגרמים,1.00,"ק""ג",true,,149.00,149.0000,false,1,320874
8403924,true,גבינת גאודה פסטו אדו,הנרי בליך,NL,גבינת גאודה פסטו אדום במשקל,קילוגרמים,1.00,"ק""ג",true,,149.00,149.0000,false,1,320873
8940153,true,גבינת פילדלפיה במשקל,,,גבינת פילדלפיה במשקל קרם ציז,קילוגרמים,1.00,"ק""ג",true,,60.00,60.0000,true,1,334238
32147230,false,"מיץ לימון משומר 200מ""ל(לימונית אקסטרא)",ג'נרל מילס סאן אדריא,CH,מיץ לימון משומר 200 מל,מיליליטרים,200.00,"100 מ""ל",false,12,7.50,3.7500,true,1,225070
40099132,false,מסטיק הובה בובה Hubba Bubba בטעם תות,הובה בובה Hubba Bubba,DE,מסטיק הובה בובה צאנק תות 35 גר,Unknown,0.00,Unknown,false,1,3.00,0.0000,true,1,232850
40111216,false,באונטי חטיף קוקוס ושוקולד 57ג',"נארז ע""י : א.ג. גילר",NL,חטיף באונטי 57 ג,Unknown,0.00,Unknown,false,1,3.90,0.0000,true,1,218492
40173351,false,"בירה מייסלס חיטה אורגינל 500 מ""ל",שטיגל,DE,בירה מייזל חיטה אורגינל 500מל בק. פקדון,מיליליטרים,500.00,"100 מ""ל",false,20,11.90,2.3800,true,1,324019
40786179,false,בירה לוונבראו פחית 500 מל,Spaten,,בירה לוונבראו פחית 500 מל פקדון,מיליליטרים,500.00,"100 מ""ל",false,1,11.90,2.3800,true,1,232337
41024355,false,בירה ביטבורגר 4.8% 500 מל פחית,מבשלת ביטבורגר,DE,בירה ביטבורגר 500מל פקדון פחית,מיליליטרים,500.00,"100 מ""ל",false,24,10.00,2.0000,true,1,300595
42188889,false,אורביט פייב אבטיח 12 סטיקס 29 גר,ריגלי צרפת,FR,מסטיק 5 בטעם אבטיח 31 גר,Unknown,0.00,Unknown,false,1,6.90,0.0000,true,1,228850
42270423,false,"בירה SIMSO 3 קראפט 660 מ""ל",RIEGELE,DE,בירה סימקו 3 ריגל 660 מל פקדון,מיליליטרים,660.00,"100 מ""ל",false,12,34.90,5.2879,true,1,295487
42270430,false,"בירה AUGUSTUS קראפט 8% 660 מ""ל",RIEGELE,DE,בירה אוגוסטוס 8 ריגל 660 מל פקדון,מיליליטרים,660.00,"100 מ""ל",false,12,34.90,5.2879,true,1,295485
42270447,false,בירה דולציס 12 ריגל,RIEGELE,,בירה דולציס 12 ריגל 660 מל פקדון,מיליליטרים,660.00,"100 מ""ל",false,1,34.90,5.2879,true,1,295488
42270461,false,בירה אתור 20 ריגל 66,RIEGELE,,בירה אתור 20 ריגל 660 מל פקדון,מיליליטרים,660.00,"100 מ""ל",false,1,34.90,5.2879,true,1,295486
42270478,false,"בירה NOCTUS קראפט 10% 660 מ""ל",RIEGELE,DE,בירה נוקטוס 100 ריגל 660 מל פקדון,מיליליטרים,660.00,"100 מ""ל",false,12,34.90,5.2879,true,1,295489
42299363,false,"ניוואה - דאודורנט רול און לגבר פרש פאוור 50 מ""ל",ביירסדורץ,DE,דאודורנט ניוואה רול און פרש אושן 50מל,Unknown,0.00,Unknown,false,1,15.90,0.0000,true,1,320586
50184385,false,ממרח שמרים מרמייט125,,GB,ממרח שמרים מרמייט 150 ג,גרמים,125.00,100 גרם,false,24,25.00,20.0000,true,1,218567
50184453,false,מרמייט אנגלי מקורי 250 גרם,,GB,ממרח שמרים מרמייט 250 ג,גרמים,250.00,100 גרם,false,,39.90,15.9600,true,1,218568
50398904,false,"קרם חמצן6% בקבוק 60 מ""ל",גדעון קוסמטיקס,IL,קרם חמצן 6% אינדולה 60 מל,Unknown,0.00,Unknown,false,24,4.90,0.0000,true,1,246087
50398911,false,"קרם חמצן 9% בקבוק 60 מ""ל",שוורצקופ,IL,קרם חמצן 9% אינדולה 60 מל,Unknown,0.00,Unknown,false,24,4.90,0.0000,true,1,246088
50409013,false,מלפפון חמוץ מסורתי 6,EMPIRE BESPOKE FOODS,GB,MRS.ELSWOOD -מלפפונים מסורתי 670גר,גרמים,670.00,100 גרם,false,6,23.00,3.4328,true,1,241973
50409020,false,"MRS ELSWOOD -מלפפונים חמוץ מתוק 670ג""ר",EMPIRE BESPOKE FOODS,GB,MRS ELSWOOD -מלפפונים חמוץ מתוק 670גר,גרמים,670.00,100 גרם,false,6,23.00,3.4328,true,1,241971
50409112,false,מלפפונים כידורים 670,EMPIRE BESPOKE FOODS,GB,MRS ELSWOOD מלפפונים כידונים 670 גר,גרמים,670.00,100 גרם,false,6,23.00,3.4328,true,1,243946
50409709,false,MRS ELSWOOD מלפפונים פרוסות לסנדוויץ,EMPIRE BESPOKE FOODS,NL,מלפפון פרוס לסנדוויץ670 גר מר אלסווד,גרמים,670.00,100 גרם,false,6,23.00,3.4328,true,1,295017
54051140,false,מעדן סויה טעם וניל אלפרו רביעיה * 125 ג',הנסיך- מפעל לייצור ט,BE,מעדן סויה אלפרו וניל 4 יח,מיליליטרים,600.00,"100 מ""ל",false,1,17.90,2.9833,true,1,223892
54051157,false,מעדן סויה טעם שוקו אלפרו רביעיה 125 ג',קריות זול,BE,מעדו סויה אלפרו שוקו 4 יח,מיליליטרים,600.00,"100 מ""ל",false,1,17.90,2.9833,true,1,223891
54116810,true,גל ושמפו רחצה קרמה מ,,,גל ושמפו רחצה קרמה מ,,0.00,,false,,14.90,0.0000,true,1,299055
59079378,false,"אקס דאודורנט רול און אייס צ'יל 50 מ""ל","יוניליוור אנגליה, דרך קו",GB,דאודורנט אקס רול און אייס ציל 50מל,Unknown,0.00,Unknown,false,12,16.90,0.0000,true,1,321294
72909799,false,קליק OK במילוי נוגט 35 גר',תות תעשיות מזון (2014) ב,IL,חטיף קליק מלוי נוגט 35 גרם,Unknown,0.00,Unknown,false,1,5.00,0.0000,true,1,220275
72940983,false,סלט חומוס 250 גר אחל,אחלה - שטראוס,IL,סלט חומוס 250 גר אחלה,גרמים,250.00,100 גרם,false,1,8.50,3.4000,true,1,219181
72945308,false,קוביות שמרים לאפיה שמרית 2*25 ג',"פאקא תעשיות בע""\מ",IL,שמרים קוביות 50 גרם,Unknown,0.00,Unknown,false,1,4.20,0.0000,true,1,218611
72963104,false,חמאה מפוסטרת תנובה 1,תנובה,IL,חמאה 100 גרם,גרמים,100.00,100 גרם,false,1,4.20,4.2000,true,1,218621
72986370,false,"גלידת בן & ג'ריס פיינטים וניל 500מ""ל",מוצרי איכות אמריקאיים,IL,גל.וניל בן אנד גריס 500 מל פיינט,מיליליטרים,473.00,"100 מ""ל",false,1,19.90,4.2072,true,1,220490
72986424,false,"גלידת בן & ג'ריס פיינטים קרם עוגיות 500מ""ל",מוצרי איכות אמריקאיים בע,IL,קרם עוגיות 500 מל,גרמים,0.00,100 גרם,false,6,19.90,0.0000,true,1,220491
72986448,false,"גלידת בן & ג'ריס פיינטים טופי קראנץ 500מ""ל",מוצרי איכות אמריקאיים בע,IL,טופי קראנץ 500 מל,גרמים,0.00,100 גרם,false,6,19.90,0.0000,true,1,220492
72986455,false,"ניו יורק סופר גלידת שוקולד, חתיכות פאדג' ואגוזים",מוצרי איכות אמריקאיים בע,IL,ניו יורק סופר 500 מל,גרמים,0.00,100 גרם,false,6,19.90,0.0000,true,1,220493
72986479,false,"צ'אנקי מנקי גלידת וניל, בננות, חתיכות פאדג' ואגוזים",מוצרי איכות אמריקאיים בע,IL,צאנקי מנקי 500 מל,גרמים,0.00,100 גרם,false,6,19.90,0.0000,true,1,220494
72989425,false,"גלידת בן & ג'ריס פיינטים שוקולד בראוניז 500מ""ל",מוצרי איכות אמריקאיים בע,IL,שוקולד בראוניס 500 מל,גרמים,0.00,100 גרם,false,6,19.90,0.0000,true,1,221407
72991886,false,"גלידת דולצ'ה בטעם ריבת חלב עם פאדג' בן וג'ירי 500 מ""ל",מוצרי איכות אמריקאיים בע,IL,דולצה דה לצה 500 מל,גרמים,0.00,100 גרם,false,6,19.90,0.0000,true,1,220495
72994061,false,חטיף פסק זמן GOOD גלילית לבן 40 גרם,שולן צ'\יקולטה גידה סאן.,TR,חטיף פסק זמן טו גווד 40 גר,גרמים,40.00,100 גרם,false,1,6.10,15.2500,true,1,308499
76106071,false,"סיציליה- מיץ ליים משומר 200מ""ל",Sicilia סיציליה,CH,מיץ ליים סיציליה 200 מל,מיליליטרים,200.00,"100 מ""ל",false,12,7.50,3.7500,true,1,320283
80042563,false,רסק עגבניות MUTTI{צהוב} 700 גרם,"איי, בי, אינבוו",IT,מחית עגבניות מוטטי 700 גר,גרמים,700.00,100 גרם,false,1,12.90,1.8429,true,1,222664
80043638,false,כורכום טחון אורגני 47 גר קנהמלה,קנמלה Cannamela,IT,כורכום טחון אורגני 47 גר,Unknown,0.00,Unknown,false,1,14.90,0.0000,true,1,299717
80043645,false,קארי טחון אורגני 52 גר קנהמלה,קנמלה Cannamela,IT,קארי טחון אורגני 52גר,Unknown,0.00,Unknown,false,6,14.90,0.0000,true,1,302320
80043775,false,צילי טחון אורגני 50 גר קנהמלה,דגש- דוכן גן שמואל,,צילי טחון אורגני 50 גר,Unknown,0.00,Unknown,false,1,14.90,0.0000,true,1,299718
80043874,false,פלפל שחור אורגני במטחנה 28 גר קנהמלה,בונומלי,IT,פלפל טחון אורגני במטחנה 28גר,Unknown,0.00,Unknown,false,1,14.90,0.0000,true,1,302319
80044079,false,קינמון טחון אורגני 42 גר קנהמלה,קנהמלה,IT,קימון טחון אורגני 42גר,Unknown,0.00,Unknown,false,1,14.90,0.0000,true,1,299720
80050025,false,סוכריות טיק טק תפוז 16 גרם,פררו - אלבה,ZA,סוכריות טיק טק תפוז יחידה,Unknown,0.00,Unknown,false,1,3.80,0.0000,true,1,218664
80050124,false,סוכריות טיק טק מנטה 16 גרם,פררו - אלבה,ZA,סוכריות טיק טק מנטה יחידה,Unknown,0.00,Unknown,false,1,3.80,0.0000,true,1,218665
80050278,false,פררו רושר חטיף כדורים שלישיה 40ג',פררו - אלבה,IT,חטיף רושה שלישיה,Unknown,0.00,Unknown,false,1,6.10,0.0000,true,1,218666
80052487,false,חטיף+ציפוי קוקוס רפאלו30,פררו - אלבה,PL,חטיף רפאלו שלישיה,Unknown,0.00,Unknown,false,1,5.00,0.0000,true,1,218668
80052760,false,קינדר בואנו Kinder Bueno עם חלב ואגוזי לוז,פררו - אלבה,PL,חטיף קינדר בואנו יחידה,Unknown,0.00,Unknown,false,1,4.00,0.0000,true,1,218669
80083764,false,עוגיות אורגניות עם שיבולת שועל 250 גר,תות תעשיות מזון (201,IT,עוגיות דגנים ש.שועל אורגני גנדולה 250גר,גרמים,250.00,100 גרם,false,12,13.90,5.5600,true,1,325891
80094746,false,זוג פנקוטה שוקולד אי,,IT,מארז 2יח פודינג עם שוקולד איטלקי 100גר,גרמים,200.00,100 גרם,false,1,6.90,3.4500,true,1,333715
80094753,false,זוג פודינג וניל איטל,,IT,מארז 2יח פודינג וניל איטלקי 100גר,גרמים,200.00,100 גרם,false,1,6.90,3.4500,true,1,329695
80094883,false,פנקוטה עם קרמל איטלקי 2*100 גרם,,IT,מארז 2יח פנקוטה קרמל איטלקי 90גר,גרמים,180.00,100 גרם,false,1,6.90,3.8333,true,1,329692
80094890,false,זוג פנקוטה שוקולד אי,,IT,מארז 2יח פנקוטה עם שוקולד איטלקי 90גר,גרמים,180.00,100 גרם,false,1,6.90,3.8333,true,1,333714
80136194,false,חטיפי הפי היפו Happy Hippo במילוי קרם חלבי ואגוזי לוז,קינדר Kinder,DE,חטיף הפי היפו קרם אגוזים 5 יח,גרמים,104.00,100 גרם,false,1,12.90,12.4038,true,1,309694
80176732,false,קינדר הפי היפו 28 יחידות,פררו - אלבה,DE,חטיף קינדר הפי היפו יחידה,Unknown,0.00,Unknown,false,1,3.90,0.0000,true,1,224719
80176800,false,נוטלה ממרח שוקולד 750 גרם,פררו תעשיות איטליה ס,IT,ממרח נוטלה אגוזי לוז עם קקאו 750 גרם,גרמים,750.00,100 גרם,false,1,26.90,3.5867,true,1,218671
80177173,false,ממרח שוקולד נוטלה 350 גרם,פררו - אלבה,IT,ממרח נוטלה אגוזי לוז עם קקאו 350 גר,גרמים,350.00,100 גרם,false,1,14.90,4.2571,true,1,220151
80177609,false,אצבעות שוקולד קינדר Kinder ארבע יחידות,פררו - אלבה,IT,שוקולד קינדר אצבעות 50 ג,Unknown,0.00,Unknown,false,1,3.90,0.0000,true,1,218673
80177616,false,אצבעות שוקולד קינדר Kinder שמונה יחידות,פררו - אלבה,IT,שוקולד קינדר אצבעות 100 ג,גרמים,100.00,100 גרם,false,1,7.50,7.5000,true,1,218674
80273561,false,פלפל שחור במטחנה 45 גר ארומה דה טוסקנה,דרוגיה ואלימנטרי אס.אר.א,IT,תבלין פלפל שחור 45 ג מטחנה טוסקנה,Unknown,0.00,Unknown,false,1,13.90,0.0000,true,1,218680
80273592,false,פלפל ארבע עונות 30 גר ארומה דה טוסקנה,דרוגיה ואלימנטרי אס.אר.א,IT,תבלין פלפל 4 עונות 45 ג במטחנה טוסקנה,Unknown,0.00,Unknown,false,1,13.90,0.0000,true,1,218681
80273639,false,מלח ים במטחנה 90 גר ארומה דה טוסקנה,דרוגיה ואלימנטרי אס.אר.א,IT,תבלין מלח ים 90 ג במטחנה טוסקנה,Unknown,0.00,Unknown,false,1,13.90,0.0000,true,1,218682
80273660,false,שום במטחנה 50 גר ארומה דה טוסקנה,דרוגיה ואלימנטרי אס.אר.א,IT,תבלון שום 30 ג במטחנה טוסקנה,Unknown,0.00,Unknown,false,1,13.90,0.0000,true,1,218683
80273677,false,צילי במטחנה 20 גר ארומה דה טוסקנה,דרוגיה ואלימנטרי אס.אר.א,IT,תסבלין צילי 20 ג במטחנה טוסקנה,Unknown,0.00,Unknown,false,1,13.90,0.0000,true,1,218684
80273684,false,תערובת עשבי פרובנס במטחנה 20 גר ארומה דה,דרוגריה ואלימנטרי אס,IT,תערובת עשבי פרובנס במטחנה טוסקנה,Unknown,0.00,Unknown,false,1,13.90,0.0000,true,1,218685
80473206,false,פפריקה מתוקה אורגנית 50 גרם קנהמלה,קנהמלה,IT,פפריקה מתוקה אורגני,Unknown,0.00,Unknown,false,1,14.90,0.0000,true,1,311447
80473213,false,כמון אורגני 32 גרם קנהמלה,קנהמלה,IT,קנהמלה כמון אורגני,Unknown,0.00,Unknown,false,1,14.90,0.0000,true,1,337618
80473336,false,פלפל שחור טחון אורגני 50 גר קנהמלה,קנמלה Cannamela,IT,פלפל שחור טחון אורגני 50גר,Unknown,0.00,Unknown,false,1,14.90,0.0000,true,1,299719
80533962,false,פילה טונה בשמן זית 200 גר CALLIPO,גיאצינטו קליפו,IT,פילה טונה קליפו בשמן זית 200 גרם,גרמים,200.00,100 גרם,false,24,39.90,19.9500,true,1,329093
80650874,false,שום ופטרוזיליה טוסקנ,דרוגריה ואלימנטרי אס,,תיבולגורמה שום ופטרוזיליה 80 ג מטחנה טוס,Unknown,0.00,Unknown,false,1,13.90,0.0000,true,1,218691
80651000,false,שום צילי במטחנה 30 גרם ארומה דה טוסקנה,דרוגיה ואלימנטרי אס.אר.א,IT,תבלין שום וצילי 30 ג במטחנה טוסקנה,Unknown,0.00,Unknown,false,1,13.90,0.0000,true,1,218695
80651017,false,תערובת עשבי טוסקנה במטחנה 15 ארומה דה טו,דרוגריה ואלימנטרי אס,IT,תערובת עשבי טוסקנה 16 ג במטחנה טוסקנה,Unknown,0.00,Unknown,false,1,13.90,0.0000,true,1,218696
80651765,false,גינגר זנגביל במטחנה 35 גר ארומה דה טוסקנ,דרוגריה ואלימנטרי אס,IT,תבלין גינגר זנגויל במטחנה טוסקנה,Unknown,0.00,Unknown,false,1,13.90,0.0000,true,1,218698
80655404,false,שום גבישי אורגני 70 גר קנהמלה,קנהמלה,IT,שום גבישי אורגני 70גר,Unknown,0.00,Unknown,false,1,14.90,0.0000,true,1,299722
80718758,false,טונה בשמן זית 160 גר CALIPO,גיאצינטו קליפו,IT,טונה קליפו בשמן זית 160 גר צנצנת,גרמים,160.00,100 גרם,false,24,21.90,13.6875,true,1,312507
80718765,false,טונה במים בצנצנת קלי,גיאצינטו קליפו,IT,טונה במים קליפו 160 גר צנצנת,גרמים,160.00,100 גרם,false,24,21.90,13.6875,true,1,312506
80724353,false,ארטישוק פונטי מתובל,מודנצטי ויה פראדה,IT,ארטישוק מתובל פונטי 280 גר,גרמים,280.00,100 גרם,false,1,19.90,7.1071,true,1,225669
80768838,false,מסטיק מנטוס וויט ביג פירות ומנטה 105 ג',פרפטי ואן מלה,TR,מנטוס וויט ביג פירות 70 יח,יחידה,70.00,יחידה,false,1,18.00,0.2571,true,1,301693
80773429,false,מנטוס בקבוק מעוגל - מסטיק ללא סוכר בטעם תות 60 גרם,"פרפטי ואן מלה ג'\ידה,סאן",TR,מנטוס פיור מעוגל תות 60 גר,Unknown,0.00,Unknown,false,1,10.00,0.0000,true,1,311505
80773443,false,מנטוס בקבוק מעוגל - מסטיק ללא סוכר בטעם מנטה 60 גרם,"פרפטי ואן מלה ג'\ידה,סאן",TR,מנטוס פיור מעוגל פירות מנטה 60 גר,Unknown,0.00,Unknown,false,1,10.00,0.0000,true,1,306657
80776307,false,מסטיק מנטוס ביג בבקבוק מעוגל טעם פירות מנטה 90 ג',פרפטי ואן מלה הולנד,TR,מנטוס פיור ביג מעוגל פירות מנטה,Unknown,0.00,Unknown,false,1,18.00,0.0000,true,1,306660
80780595,false,מסטיק מנטוס ביג בבקבוק מעוגל טעם מנטה-עדינה 90 ג',פרפטי ואן מלה הולנד,TR,מנטוס פיור ביג מעוגל מנטה עדינה,Unknown,0.00,Unknown,false,1,18.00,0.0000,true,1,306659
80790990,false,מסטיק מנטוס בבקבוק מעוגל בטעם פירות -מנטה 60 ג',"פרפטי ואן מלה ג'\ידה,סאן",TR,מנטוס פיור מעוגל מנטה עדינה 60 גר,Unknown,0.00,Unknown,false,1,10.00,0.0000,true,1,306656
80794233,false,מסטיק מנטוס ביג בבקבוק מעוגל טעם מנטה 90 ג',פרפטי ואן מלה הולנד,TR,מנטוס פיור ביג מעוגל מנטה,Unknown,0.00,Unknown,false,1,18.00,0.0000,true,1,306658
80804697,false,מסטיק וויט White בטעם מנטה מתוקה ללא סוכר,פרפטי ואן מלה,TR,מנטוס וויט ביג מנטה מתוקה 70 יח,יחידה,70.00,יחידה,false,1,18.00,0.2571,true,1,301692
80831402,false,סוכריות מנטוס מנטה עדינה 30 יח' ללא סוכר CLEAN BREATH,פרפטי ואן מלה,NL,סוכריות מנטוס מנטה עדינה ל.ס.21 גר,Unknown,0.00,Unknown,false,1,6.90,0.0000,true,1,322239
80832560,false,סוכריות מנטוס פירות יער 21 ג' ללא סוכר CLEAN BREATH,פרפטי ואן מלה,TR,סוכריות מנטוס פירות יער ל.ס. 21 גר,Unknown,0.00,Unknown,false,1,6.90,0.0000,true,1,336263
80843184,false,מנטוס מסטיק פיור פרש בטעם ענבים 60גר,פרפטי ואן מלה הולנד,TR,מנטוס פיור מעוגל ענבים 60 גר,Unknown,0.00,Unknown,false,1,10.00,0.0000,true,1,328869
80854753,false,סוכריות מנטוס מנטה 30 יח' ללא סוכר CLEAN BREATH,פרפטי ואן מלה,NL,סוכריות מנטוס ל.ס 21גר אוויר נקי,Unknown,0.00,Unknown,false,1,6.90,0.0000,true,1,322238
80862260,false,מסטיק מנטוס פיור וויט מנטה מתוקה 150 גר,"פרפטי ואן מלה ג'ידה,סאן",TR,מסטיק מנטוס וויט מנטה מתוקה 150 גרם,Unknown,0.00,Unknown,false,1,18.00,0.0000,true,1,335262
80864295,false,סוכריות פיור וויט טעם מנטה עדינה 60 ג' מנטוס,"פרפטי ואן מלה ג'ידה,סאן",TR,מסטיק מנטוס וויט פיור מנטה עדינה 60 גר,גרמים,60.00,100 גרם,false,1,10.00,16.6667,true,1,332115
80896081,false,מנטוס בקבוק מעוגל - מסטיק ללא סוכר בטעם אבטיח 60 גרם,"פרפטי ואן מלה ג'\ידה,סאן",TR,מנטוס פיור מעוגל אבטיח 60 גר,Unknown,0.00,Unknown,false,1,10.00,0.0000,true,1,311506
80913467,false,מנטוס בקבוק מעוגל - מסטיק ללא סוכר בטעם מנטה,פרפטי ואן מלה הולנד,TR,מנטוס פיור מעוגל מנטה 60 גר,Unknown,0.00,Unknown,false,1,10.00,0.0000,true,1,306655
80926481,false,מסטיק מנטוס פיור פרש בבקבוק בינוני בטעם אבטיח 90ג',"פרפטי ואן מלה ג'ידה,סאן",TR,מנטוס פיור ביג מעוגל אבטיח,Unknown,0.00,Unknown,false,1,18.00,0.0000,true,1,315273
80929277,false,מסטיק מנטוס פיור וויט מנטה עדינה 150 גר,"פרפטי ואן מלה ג'ידה,סאן",TR,מסטיק מנטוס וויט מנטה עדינה 150 גרם,Unknown,0.00,Unknown,false,1,18.00,0.0000,true,1,335261
80936848,false,סוכריות טיק טק תות שדה 24 יח',ליימן-שליסל,ZA,סוכריות טיק טק תות שדה יחידה,Unknown,0.00,Unknown,false,1,3.80,0.0000,true,1,239466
80945468,false,סוכריות פיור וויט טעם מנטה מתוקה 60 ג' מנטוס,"פרפטי ואן מלה ג'ידה,סאן",TR,מסטיק מנטוס וויט פיור מנטה מתוקה 60 גר,גרמים,60.00,100 גרם,false,1,10.00,16.6667,true,1,332116
80948698,false,מנטוס מסטיק פ.טרופי60גרם,"פרפטי ואן מלה ג'ידה,סאן",TR,מנטוס פיור מעוגל טרופי 60 גר,Unknown,0.00,Unknown,false,1,10.00,0.0000,true,1,314147
80957706,false,מסטיק מנטוס פיור וויט מנטה 150 גר,"פרפטי ואן מלה ג'ידה,סאן",TR,מסטיק מנטוס וויט מנטה 150 גרם,Unknown,0.00,Unknown,false,1,18.00,0.0000,true,1,335260
80960270,false,קינדר בואנו לבן קוקו,פררו,PL,חטיף קינדר בואנו קוקוס יחידה,Unknown,0.00,Unknown,false,1,4.00,0.0000,true,1,321787
80974215,false,מסטיק מנטוס פיור פרש בבקבוק ביג בטעם תות 90ג',"פרפטי ואן מלה ג'ידה,סאן",TR,מנטוס פיור ביג מעוגל תות,Unknown,0.00,Unknown,false,1,18.00,0.0000,true,1,315272
80979128,false,מנטוס מסטיק בקבוק מעוגל בטעם דובדבן,פרפטי ואן מלה הולנד,TR,מנטוס פיור מעוגל דובדבן 60 גר,Unknown,0.00,Unknown,false,1,10.00,0.0000,true,1,328868
80986348,false,סוכריות פיור וויט טעם מנטה 60 ג' מנטוס,"פרפטי ואן מלה ג'ידה,סאן",TR,מסטיק מנטוס וויט פיור מנטה 60 גר,גרמים,60.00,100 גרם,false,1,10.00,16.6667,true,1,332114
80995128,false,מנטוס בקבוק עגול בטעם הדרים בתוספת ויטמינים 60 גרם,פרפטי ואן מלה הולנד,TR,מסטיק מנטוס מעוגל טעם הדרים 60 גר,Unknown,0.00,Unknown,false,1,10.00,0.0000,true,1,337849
87108538,false,סוכריות בטעם תות מנטוס 37.5 גרם,הדקלאים אגודת שיתופי,NL,סוכריות מנטוס תות בגליל,Unknown,0.00,Unknown,false,1,3.50,0.0000,true,1,224667
87108651,false,סוכריות בטעם מנטה מנטוס 4*37.5 גרם,הדקלאים אגודת שיתופי,NL,מארז 4 יח סוכריות מנטוס מנטה,יחידה,4.00,יחידה,false,1,11.50,2.8750,true,1,218730
87108712,false,סוכריות בטעם פירות מנטוס 4*37.5 גרם,פרפטי ואן מלה ברדה,NL,מארז 4 יח סוכריות מנטוס פירות,יחידה,4.00,יחידה,false,1,11.50,2.8750,true,1,218731
87141122,false,רוטב סמבל אולק 200 גרם חריף,,,ממרח צילי חריף סמבל אולק 200 גר,גרמים,200.00,100 גרם,false,1,16.50,8.2500,true,1,231177
87167016,false,בירה גרולש בק 450 מל,Grolsch,,בירה גרולש 450 מל בק. פקדון,מיליליטרים,450.00,"100 מ""ל",false,1,14.90,3.3111,true,1,220020
87342802,false,"אקס דאודורנט רול און גולד 50 מ""ל","יוניליוור אנגליה, דרך קו",GB,דאודורנט אקס רול און גולד 50מל,Unknown,0.00,Unknown,false,12,16.90,0.0000,true,1,321295
88888000,true,UNKNOWN,,,UNKNOWN,,0.00,,false,,0.00,0.0000,true,1,312863
88888100,true,אוכל מוכן,,,אוכל מוכן,,0.00,,false,,0.00,0.0000,true,1,338132
88888101,true,קפיטריה,,,קפיטריה,,0.00,,false,,0.00,0.0000,true,1,338131
88888103,true,פיצריה,,,פיצריה,,0.00,,false,,0.00,0.0000,true,1,338130
88888104,true,סושי מוכן,,,סושי מוכן,,0.00,,false,,0.00,0.0000,true,1,338129
88888139,true,מזון מקורר ארוז,,,מזון מקורר ארוז,,0.00,,false,,0.00,0.0000,true,1,338099
88888140,true,מוצרי חלב ותחליפיו,,,מוצרי חלב ותחליפיו,,0.00,,false,,0.00,0.0000,true,1,338092
88888169,true,מוצרי נייר,,,מוצרי נייר,,0.00,,false,,0.00,0.0000,true,1,338111
88888228,true,ללא גלוטן,,,ללא גלוטן,,0.00,,false,,0.00,0.0000,true,1,338134
88888234,true,מוצרי טבע,,,מוצרי טבע,,0.00,,false,,0.00,0.0000,true,1,338108
88888241,true,מכולת מזון בישול ואפ,,,מכולת מזון בישול ואפ,,0.00,,false,,0.00,0.0000,true,1,338093
88888259,true,ללא סוכר,,,ללא סוכר,,0.00,,false,,0.00,0.0000,true,1,338136
88888260,true,תחליפי לחם,,,תחליפי לחם,,0.00,,false,,0.00,0.0000,true,1,338128
88888261,true,פירות יבשים/תבלינים,,,פירות יבשים/תבלינים,,0.00,,false,,0.00,0.0000,true,1,338123
88888265,true,תבלינים/פיצוחים ופיר,,,תבלינים/פיצוחים ופיר,,0.00,,false,,0.00,0.0000,true,1,338127
88888266,true,פיצוחיה/תבלינים בתפז,,,פיצוחיה/תבלינים בתפז,,0.00,,false,,0.00,0.0000,true,1,338126
88888267,true,תרופות/קונדומים,,,תרופות/קונדומים,,0.00,,false,,0.00,0.0000,true,1,338133
88888294,true,קפה תה קקאו תחליפי ח,,,קפה תה קקאו תחליפי ח,,0.00,,false,,0.00,0.0000,true,1,338115
88888323,true,משקאות קלים ובירה,,,משקאות קלים ובירה,,0.00,,false,,0.00,0.0000,true,1,338095
88888331,true,חומרי ניקוי,,,חומרי ניקוי,,0.00,,false,,0.00,0.0000,true,1,338104
88888341,true,משקאות חריפים ויין,,,משקאות חריפים ויין,,0.00,,false,,0.00,0.0000,true,1,338112
88888358,true,מזון קפוא,,,מזון קפוא,,0.00,,false,,0.00,0.0000,true,1,338098
88888361,true,מאפים מתוקים ומלוחים,,,מאפים מתוקים ומלוחים,,0.00,,false,,0.00,0.0000,true,1,338096
88888364,true,סוכריות מסטיקים חטיפ,,,סוכריות מסטיקים חטיפ,,0.00,,false,,0.00,0.0000,true,1,338114
88888373,true,שוקולד בונבוניירות ח,,,שוקולד בונבוניירות ח,,0.00,,false,,0.00,0.0000,true,1,338113
88888396,true,לחם/פיתות,,,לחם/פיתות,,0.00,,false,,0.00,0.0000,true,1,338097
88888401,true,פרחים עציצים וצמחים,,,פרחים עציצים וצמחים,,0.00,,false,,0.00,0.0000,true,1,338124
88888418,true,קופונים,,,קופונים,,0.00,,false,,0.00,0.0000,true,1,338137
88888432,true,בשר עוף ודגים קפוא,,,בשר עוף ודגים קפוא,,0.00,,false,,0.00,0.0000,true,1,338119
88888434,true,שימורים,,,שימורים,,0.00,,false,,0.00,0.0000,true,1,338094
88888481,true,חמוצים בתפזורת,,,חמוצים בתפזורת,,0.00,,false,,0.00,0.0000,true,1,338117
88888484,true,מחלקת דגים טריים,,,מחלקת דגים טריים,,0.00,,false,,0.00,0.0000,true,1,338125
88888486,true,מעדנית סלטים,,,מעדנית סלטים,,0.00,,false,,0.00,0.0000,true,1,338120
88888501,true,מעדניה חלבית,,,מעדניה חלבית,,0.00,,false,,0.00,0.0000,true,1,338118
88888507,true,טקסטיל,,,טקסטיל,,0.00,,false,,0.00,0.0000,true,1,338116
88888516,true,אביזרי עזר,,,אביזרי עזר,,0.00,,false,,0.00,0.0000,true,1,338106
88888532,true,היגיינה וקוסמטיקה,,,היגיינה וקוסמטיקה,,0.00,,false,,0.00,0.0000,true,1,338105
88888575,true,מאפיה בחנות,,,מאפיה בחנות,,0.00,,false,,0.00,0.0000,true,1,338100
88888583,true,מעדניה בשרית,,,מעדניה בשרית,,0.00,,false,,0.00,0.0000,true,1,338121
88888609,true,קצביה בשר עוף,,,קצביה בשר עוף,,0.00,,false,,0.00,0.0000,true,1,338101
88888620,true,פירות וירקות ללא מעמ,,,פירות וירקות ללא מעמ,,0.00,,false,,0.00,0.0000,true,1,338102
88888641,true,ירקות ופירות כולל מע,,,ירקות ופירות כולל מע,,0.00,,false,,0.00,0.0000,true,1,338122
88888643,true,מזון ומוצרי תינוקות,,,מזון ומוצרי תינוקות,,0.00,,false,,0.00,0.0000,true,1,338103
88888789,true,בעלי חיים,,,בעלי חיים,,0.00,,false,,0.00,0.0000,true,1,338107
88888800,true,מוצרים ללא מ.ע.מ,,,מוצרים ללא מ.ע.מ,,0.00,,false,,0.00,0.0000,true,1,338141
88888802,true,כלי בית,,,כלי בית,,0.00,,false,,0.00,0.0000,true,1,338109
88888819,true,אריזות/פיקדון,,,אריזות/פיקדון,,0.00,,false,,0.00,0.0000,true,1,338110
88888825,true,סיגריות עיתונים וספר,,,סיגריות עיתונים וספר,,0.00,,false,,0.00,0.0000,true,1,338135
88888916,true,מוצרים לשימוש פנימי,,,מוצרים לשימוש פנימי,,0.00,,false,,0.00,0.0000,true,1,338138
90034107,false,"בירה שטיגל גולדברו 500 מ""ל",מבשלת שטיגל,AT,בירה שטיגל גולדברו 500מל פקדון,מיליליטרים,500.00,"100 מ""ל",false,20,11.90,2.3800,true,1,300198
90087011,false,מיץ תפוחים 100% קרטונית ראוך,Rauch fruchtsafte gm,HU,מיץ תפוחים 100% 1 ל בקרטון,ליטרים,1.00,ליטר,false,1,11.90,11.9000,true,1,220311
90087066,false,מיץ תפוזים 100% טבעי 1 ל' RAUCH,ראוך Rauch,HU,מיץ תפוזים 100% 1 ליטר ראוך בקרטון,ליטרים,1.00,ליטר,false,1,11.90,11.9000,true,1,303602
90087271,false,נקטר אוכמניות 1 ליטר קרטונית ראוך,Rauch fruchtsafte gm,,נקטר אוכמניות 100% 1 ל בקרטון,ליטרים,1.00,ליטר,false,1,11.90,11.9000,true,1,220310
90087547,false,מיץ עגבניות 1 ליטר ראוך קרטונית,Rauch fruchtsafte gm,HU,מיץ עגבניות 1 ל ראוך בקרטון,ליטרים,1.00,ליטר,false,1,11.90,11.9000,true,1,223335
90087769,false,מיץ אננס 100% קרטונית ראוך,Rauch fruchtsafte gm,HU,מיץ אננס 100% 1 ל בקרטון,ליטרים,1.00,ליטר,false,1,11.90,11.9000,true,1,220312
90162602,false,רד בול משקה אנרגיה פקדון 30 אג,רד בול ג'י.אם.בי. אץ,IL,משקה אנרגיה רד בול 250 מל פיקדון,מיליליטרים,250.00,"100 מ""ל",false,24,6.50,2.6000,true,1,317776
90162800,false,רד בול משקה אנרגיה ללא סוכר פקדון 30 אג,רד בול ג'י.אם.בי. אץ,AT,משקה אנרגיה רד בול ללא סוכר 250מל פיקדון,מיליליטרים,250.00,"100 מ""ל",false,1,6.50,2.6000,true,1,317777
90446269,false,"משקה רד בול אבטיח מוגז פחית 250 מ""ל",ראון פרוכטסאפה,AT,משקה אנרגיה רד בול אבטיח 250 מל פיקדון,מיליליטרים,250.00,"100 מ""ל",false,24,6.50,2.6000,true,1,327879
90448867,false,"משקה אנרגיה רד בול ללא פחמימות 250 מ""ל",רד בול,AT,משקה אנרגיה רד בול ל.פחמימות250מל פיקדון,מיליליטרים,250.00,"100 מ""ל",false,1,6.50,2.6000,true,1,335373
96033531,false,"דאו דאב רול און רימונים ולואיזה 50 מ""ל",יוניליוור פארם,GB,דאודורנט דאב רולאון רימונים 50מל,Unknown,0.00,Unknown,false,1,16.90,0.0000,true,1,336323
96122969,false,אוקסו ציר בשר בצל ורוזמרין נוזלי 80 גרם,,GB,אוקסו ציר בשר בצל ורוזמרין 80 גרם,Unknown,0.00,Unknown,false,10,19.90,0.0000,true,1,327549
96123010,false,אוקסו ציר בקר נוזלי,,IT,אוקסו ציר בקר נוזלי דל נתרן 80 גרם,Unknown,0.00,Unknown,false,10,19.90,0.0000,true,1,338454
96147610,false,"דאב - דאודורנט רול און לגבר אלומניום אפרסק 50 מ""ל",יוניליוור פיליפינים,GB,דאודורנט דאב רול און ללא אלומיניום 50מל,Unknown,0.00,Unknown,false,1,16.90,0.0000,true,1,321368
96198100,false,פישרמס לימון דבש ללא סוכר,,,סוכריות פישרמנס דבש לימון ללא סוכר 25 גר,Unknown,0.00,Unknown,false,1,6.90,0.0000,true,1,327380
96198117,false,פישרמנס ספירמינטס ללא סוכר,,GB,סוכריות פישרמנס ספירמינט ללא סוכר 25 גר,Unknown,0.00,Unknown,false,1,6.90,0.0000,true,1,327383
96198124,false,פישרמנס דובדבן ללא סוכר - אדום לבן,,,סוכריות פישרמנס דובדבן ללא סוכר 25 גר,Unknown,0.00,Unknown,false,1,6.90,0.0000,true,1,327381
96198155,false,פישרמנס אקליפטוס ללא סוכר - כחול לבן,,,סוכריות פישרמנס מנטה ללא סוכר 25 גר,Unknown,0.00,Unknown,false,1,6.90,0.0000,true,1,327379
96198162,false,פישרמנס מנטה ללא סוכר - ירוק לבן,,GB,סוכריות פישרמנס מנטה ירוק ללא סוכר 25 גר,Unknown,0.00,Unknown,false,1,6.90,0.0000,true,1,327382
8112100298,false,"שמן שומשום טהור מזרח ומערב 185 מ""ל",Flavor full foods in,TW,שמן שומשום 185 מל,מיליליטרים,185.00,"100 מ""ל",false,1,14.90,8.0541,true,1,218712
8421361250,false,בובת TY עיניים גדולות (S) דיוק הכלב לבן חום,,,בובת פרווה עיניים גדולות,יחידה,1.00,יחידה,false,1,24.90,24.9000,true,1,311487
8421368259,false,בובת פרווה עיניים גד,,,בובת פרווה עיניים גדולות מדיום,יחידה,1.00,יחידה,false,1,54.90,54.9000,true,1,311488
9800800056,false,חטיף שוקולד עם מקלות לחם אנד גו,פררו - אלבה,DE,חטיף נוטלה טו גו 52 גר,Unknown,0.00,Unknown,false,1,5.90,0.0000,true,1,301067
10900678148,false,דיאמונד רדיד אלומיניום נון סטיק,דיימונד,CN,רדיד אלומיניום דיאמונד נון סטיק 5מטר,מטרים,5.00,מטר,false,24,15.90,3.1800,true,1,333425
11182170603,false,שעועית גדולה חמאה 43,הנובר פודס,US,שועית קינג גדולה חמאה 439 ג,גרמים,439.00,100 גרם,false,24,14.00,3.1891,true,1,223561
11182700916,false,קינג קול שעועית לבנה צפונית 439 גרם,הנובר פודס,US,שועית קינג לבנה צפונית 439 ג חדש,גרמים,439.00,100 גרם,false,24,10.90,2.4829,true,1,228235
11182700923,false,קינג קול שעועית אדומה בהירה 439 גרם,הנובר פודס,US,שועית קינג אדומה בהירה 439 גחדש,גרמים,439.00,100 גרם,false,24,10.90,2.4829,true,1,228236
11182700930,false,קינג קול שעועית אדומה כהה 439 גרם,הנובר פודס,US,שועית קינג אדומה כהה 439 גחדש,גרמים,439.00,100 גרם,false,24,10.90,2.4829,true,1,228237
11182700954,false,קינג קול שעועית שחורה 439 גרם,האנאובר פודס קורפורשיין,US,שעועית שחורה 439 גר,גרמים,439.00,100 גרם,false,1,10.90,2.4829,true,1,228234
11182701388,false,קינג קול שעועית פינטו 454 גרם,הנובר פודס,,שעועית קינג פינטו439 גר,גרמים,439.00,100 גרם,false,1,10.90,2.4829,true,1,311545
11210000032,false,"רוטב טבסקו משפחתי 360מ""ל",מקאילהייני Mc.Ilhenn,US,רוטב טבסקו משפחתי 350 מל,מיליליטרים,350.00,"100 מ""ל",false,1,49.90,14.2571,true,1,228698
11210000094,false,"רוטב ""טבסקו"" על בסיס פלפל אדום 60 מ""ל",מקאילהייני אייבורי,US,טבסקו 60 מל,מיליליטרים,60.00,"100 מ""ל",false,12,10.90,18.1667,true,1,222395
11210000216,false,"בלאדי מרי מיקס טבסקו 946 מ""ל",מקאילהייני Mc.Ilhenn,US,רוטב בלדי מרי טבסקו 946 מל,מיליליטרים,946.00,"100 מ""ל",false,1,32.90,3.4778,true,1,242137
11210002500,false,"רוטב טבסקו באפאלו 150 מ""ל","ניצן מותגי מזון בע""מ",US,רוטב טבסקו באפלו 150 מל,מיליליטרים,150.00,"100 מ""ל",false,1,21.90,14.6000,true,1,234640
11210006508,false,רוטב פלפל הבנרו חריף טבסקו 60 מל,מקאילהייני Mc.Ilhenn,US,רוטב טבסקו הבאנרו 60 מל,Unknown,0.00,Unknown,false,1,15.90,0.0000,true,1,221324
11210007253,false,"רוטב-טבסקו שום ופלפל 60 מ""ל",מקאילהייני אייבורי,US,טבסקו שום 60 מל,מיליליטרים,60.00,"100 מ""ל",false,12,10.90,18.1667,true,1,219755
11210009387,false,"רוטב ""טבסקו"" על בסיס פלפל ירוק חריף 60 מ""ל",מקאילהייני אייבורי,US,טבסקו ירוק 60 מל,מיליליטרים,60.00,"100 מ""ל",false,12,10.90,18.1667,true,1,219754
11210607040,false,טבסקו פלפל צפוטלי חריף 60 מל,מקאילהייני Mc.Ilhenn,US,טבסקו ציפוטלה 60 מל חדש,מיליליטרים,60.00,"100 מ""ל",false,12,12.60,21.0000,true,1,227887
11210618503,false,"רוטב טבסקו על בסיס פלפל סקורפיון 60מ""ל",מק. אילהיני קו,US,רוטב טבסקו סקורפיון אקסטרא 60 מל,Unknown,0.00,Unknown,false,1,15.90,0.0000,true,1,322090
11210698055,false,רוטב טבסקו סרירציה 566 גרם,מקאילהייני קו,US,רוטב טבסקו סיראצה חריף 566 מל,מיליליטרים,566.00,"100 מ""ל",false,1,29.90,5.2827,true,1,308943
11359630138,false,אבקה להכנת רוטב צילי מקסיקני 40 גרם,,NL,תערובת להכנת צילי מקסיקני 30 גר,Unknown,0.00,Unknown,false,12,6.90,0.0000,true,1,332715
11359630152,false,אבקה להכנת רוטב לבור,,NL,תערובת להכנת בוריטו 30 גר,Unknown,0.00,Unknown,false,12,6.90,0.0000,true,1,332717
11359640120,false,ערכת קונכיות טאקו עם רוטב 195 גרם,,NL,ערכת קונכיות טאקו עם רוטב 195 גרם,גרמים,195.00,100 גרם,false,12,12.90,6.6154,true,1,332702
11359645071,false,מארז ציפס ודיפ אבוקדו 150 גרם,,NL,חטיף נאצוס עם דיפ אבוקדו 150 גרם,גרמים,150.00,100 גרם,false,12,10.90,7.2667,true,1,332705
11359650136,false,דיפ גואקמולו 190 גרם,,NL,דיפ גואקמולו 190 גרם,גרמים,190.00,100 גרם,false,12,11.90,6.2632,true,1,332713
11359650143,false,דיפ סלסה חריפה 190 גרם,,NL,דיפ סלסה חריפה 190 גרם,גרמים,190.00,100 גרם,false,12,10.90,5.7368,true,1,332708
11359650174,false,דיפ גבינת צדר 190 גרם,,NL,דיפ גבינת צאדר 190 גרם,גרמים,190.00,100 גרם,false,12,11.90,6.2632,true,1,332712
11359650204,false,רוטב סלסה מקסיקנית 220 גרם,,NL,רוטב סלסלה מקסיקנית 220 גרם,גרמים,190.00,100 גרם,false,12,10.90,5.7368,true,1,332711
11359650341,false,דיפ סלסה בחריפות מעודנת 190 גרם,,NL,דיפ סלסה חריפות מעודנת 190 גרם,גרמים,190.00,100 גרם,false,12,10.90,5.7368,true,1,332707
12231119185,false,יין נו רסין סוביניון,,,יין נו רסין סוביניון בלאן - 750 מל,מיליליטרים,750.00,"100 מ""ל",false,1,60.00,8.0000,true,1,323678
13000008129,false,חומץ תפוחים היינץ 47,היינץ צפון אמריקה מק,פנסילבניה,חומץ תפוחים היינץ 473 מל,מיליליטרים,473.00,"100 מ""ל",false,12,12.90,2.7273,true,1,319959
13300002865,false,פילסברי ציפוי פאן פטי שוקולד 442 גר,פילסברי (ג'נל מילס),US,קרם ציפוי פאן פטי שוקולד 442 גרם פילסב,גרמים,442.00,100 גרם,false,8,16.90,3.8235,true,1,329311
13300280645,false,תערובת פנקייק הנגרי,ג'.מ. סמאקר,,תערובת פנקייק הנגרי גאק טעם חמאה 907 גרם,גרמים,907.00,100 גרם,false,1,29.90,3.2966,true,1,338384
13300280669,false,א.לפנקייק וואפל באטרמילק 907 ג הנגרי גיק,ג'.מ. סמאקר,,אבקת פנקייק הנגרי גאק באטרמילק907 גרם,גרמים,907.00,100 גרם,false,1,27.90,3.0761,true,1,326189
13300280676,false,תערובת פנקייק הנגרי,ג'.מ. סמאקר,,תערובת פנקייק הנגרי גאק קלאסי 907 גרם,גרמים,907.00,100 גרם,false,1,29.90,3.2966,true,1,326188
13300760802,false,פילסברי ציפוי וניל 453ג,פילסברי (ג'נל מילס),US,קרם ציפוי וניל פילסברי 453 גרם,גרמים,453.00,100 גרם,false,8,16.90,3.7307,true,1,329316
13409128411,false,מרינדה טריאקי ודבש 473 גרם,קנס פודס,US,רוטב טריאקי בייבי ריי גינגר שומשום473 מל,מיליליטרים,473.00,"100 מ""ל",false,12,21.90,4.6300,true,1,337791
13409128442,false,רוטב באפלו חריף לכנפיים 473 גרם,סוויט בייבי רייז שיק,US,רוטב סוויט בייבי ריי בפאלו לכנפיים 473,מיליליטרים,473.00,"100 מ""ל",false,1,25.90,5.4757,true,1,324674
13409341155,false,רוטב ברביקיו דבש 510 גר סוויט בייבי רייס,סוויט בייבי רייז שיק,US,רוטב ברביקיו סוויט בייבי רי גבש510ג,גרמים,510.00,100 גרם,false,1,23.90,4.6863,true,1,246406
13409351000,false,רוטב ברביקיו סוויט ב,סוויט בייבי רייז שיק,US,רוטב ברביקיו סוויט בייבי רי חריף510ג,גרמים,510.00,100 גרם,false,1,23.90,4.6863,true,1,246404
13409515198,false,רוטב ברביקיו ציפוטלה 510 גרם,סוויט בייבי רייז שיק,US,רוטב ברביקיו סוויט בייבי ציפוטלי510ג,גרמים,510.00,100 גרם,false,1,23.90,4.6863,true,1,246410
13409516867,false,רוטב פלפל חריף קאיין,קנס פודס,US,רוטב פלפל חריף קאיין בייבי רייס354מל,מיליליטרים,354.00,"100 מ""ל",false,12,19.90,5.6215,true,1,337792
13409516874,false,רוטב סוויט בייבי ריי,סוויט בייבי רייז שיק,,רוטב סוויט בייבי ריי לכנפיים ברביקיו 473,מיליליטרים,473.00,"100 מ""ל",false,1,25.90,5.4757,true,1,324673
13409918104,false,רוטב ברביקיו אורגינל 510 גר סוויט בייבי,סוויט בייבי רייז שיק,US,רוטב ברביקיו סוויט בייבי אורגינל510ג,גרמים,510.00,100 גרם,false,1,23.90,4.6863,true,1,246405
14100074120,false,פפרידג' פארם עוגיות מילאנו 170 גרם,פפרידג פראם,,עוג. מילנו סנדביץ שוקולד 170 גרם,גרמים,170.00,100 גרם,false,1,19.90,11.7059,true,1,219065
14100077084,false,עוגיות פפרידג פקאן מריר [ירוק],פפרידג פראם,US,עוגיות שוקו ציפס צאנק פקאן 206 גר,גרמים,206.00,100 גרם,false,1,19.90,9.6602,true,1,226767
14100077121,false,פפרידג' פארם עוגיות סוסליטו שוקולד חלב מקדמיה 204 גרם,פפרידג פראם,,עוג.שוקו ציפס קרנץ מקדמיה 206 גר,גרמים,206.00,100 גרם,false,1,19.90,9.6602,true,1,218442
14100082033,false,עוגיות פפרידג בראוניז רכות קפטיבה (אדום),פפרידג פראם,,עוג.שוקו ציפס בראוניס 244 גר,גרמים,244.00,100 גרם,false,1,19.90,8.1557,true,1,226768
16000122222,false,דגני ריזס פאפס גנרל,ג'נרל מילס,US,דגני ריזס פאפס חמאת בוטנים 326 גר,גרמים,326.00,100 גרם,false,12,34.90,10.7055,true,1,315236
16000185517,false,דגני בוקר פייבר וואן עתירי סובין FIBRE1,בטר אנד דיפרנט,US,דגני פייבר וואן 555 גרם,גרמים,555.00,100 גרם,false,1,21.90,3.9459,true,1,334147
16000423534,false,חטיפי גרנולה קראנצ'י עם שיבולת שועל ושוקולד מריר נייצ'ר ואלי 5*42 גרם,ג'נרל מילס סאן אדריאן,ES,חטיף דגנים נייטשר וואלי 5יח ש.ש.שוקולד,גרמים,210.00,100 גרם,false,1,17.90,8.5238,true,1,229289
16000548404,false,חטיפי גרנולה קראנצ'י עם שיבולת שועל ודבש נייצ'ר ואלי 5*42 גרם,ג'נרל מילס סאן אדריאן,ES,חטיף דגנים קראנצי 5יח שיבולת שועל 210 ג,גרמים,210.00,100 גרם,false,1,17.90,8.5238,true,1,220282
16000548503,false,חטיפי גרנולה קראנצ'י עם מייפל וסוכר חום נייצ'ר ואלי 5*42 גרם,ג'נרל מילס סאן אדריאן,ES,חטיף דגנים קראנצי מייפל ס.חום210גר נ.ואל,גרמים,210.00,100 גרם,false,1,17.90,8.5238,true,1,220283
16000548602,false,חטיפי גרנולה קראנצ'י קינמון נייצ'ר ואלי 5*24 גרם,ג'נרל מילס סאן אדריאן,ES,ח.דגנים קראנצי נ.ואלי קינמון 210 גר,גרמים,210.00,100 גרם,false,1,17.90,8.5238,true,1,220284
16000548909,false,חטיפי גרנולה קראנצ'י במגוון טעמים נייצ'ר ואלי 5*42 גרם,ג'נרל מילס סאן אדריאן,ES,חטיף דגנים קראנצי 5יח בריאות מעורב 210ג,גרמים,210.00,100 גרם,false,1,17.90,8.5238,true,1,220285
16229001711,false,מי קוקוס ארוי די ללא,תאי אגרי פוד,,מי קוקוס ארוי די ללא סוכר 400 מל,מיליליטרים,400.00,"100 מ""ל",false,1,11.90,2.9750,true,1,237537
16229902506,false,קרם קוקוס ארוי די לל,תאי אגרי פוד,,קרם קוקוס ארוי די ללא סוכר 400 מל,מיליליטרים,400.00,"100 מ""ל",false,1,11.90,2.9750,true,1,315675
16229906207,false,מחית קארי אדום 400 ג,תאי אגרי פוד,,מחית קארי אדום 400 גר,גרמים,400.00,100 גרם,false,1,17.00,4.2500,true,1,237148
16229906436,false,מחית קארי צהוב 400 ג,תאי אגרי פוד,,מחית קארי צהוב 400 גר ארוי,גרמים,400.00,100 גרם,false,1,17.00,4.2500,true,1,237150
16229909819,false,קרם קוקוס 1 ליטר AROY-D,תאי וורלד,,קרם קוקוס 100% ארוי די 1 ל בקרטון,ליטרים,1.00,ליטר,false,1,24.90,24.9000,true,1,299478
16229910891,false,נוזל קוקוס ארוי די ל,תאי אגרי פוד,TH,נוזל קוקוס ארוי די ללא סוכר 400 מל,מיליליטרים,400.00,"100 מ""ל",false,12,6.90,1.7250,true,1,337776
16229917593,false,מי קוקוס 100% פוקו 3,ויט וורלד קומפני,VN,מי קוקוס 100% פוקו 330 מל,מיליליטרים,330.00,"100 מ""ל",false,1,9.90,3.0000,true,1,303568
16229917609,false,מי קוקוס בתוספת רימון 330 מל,ויט וורלד קומפני,VN,מי קוקוס 100% עם רימונים 330 מל,מיליליטרים,330.00,"100 מ""ל",false,1,9.90,3.0000,true,1,317638
16229917630,false,"מי קוקוס בתוספת אננס 330 מ""ל",ויט וורלד קומפני,VN,מי קוקוס 100% עם אננס פוקו 330 מל,מיליליטרים,330.00,"100 מ""ל",false,1,9.90,3.0000,true,1,303572
16229917647,false,"מי קוקוס בתוספת מנגו 330 מ""ל",ויט וורלד קומפני,VN,מי קוקוס 100% עם מנגו פוקו 330 מל,מיליליטרים,330.00,"100 מ""ל",false,1,9.90,3.0000,true,1,303570
16229917654,false,"מי קוקוס בתוספת ליצי 330 מ""ל",ויט וורלד קומפני,VN,מי קוקוס 100% עם ליצי פוקו 330 מל,מיליליטרים,330.00,"100 מ""ל",false,1,9.90,3.0000,true,1,303569
16229918354,false,"רוטב קארי אדום 250 מ""ל",תאי אגרי פוד,TH,רוטב קארי אדום 250 מל ארוי די,מיליליטרים,250.00,"100 מ""ל",false,12,10.90,4.3600,true,1,316306
16229924263,false,"ארוי-די קרם קוקוס 250 מ""ל",תאי אגרי פוד פובליק קו'\,TH,קרם קוקוס 100% ארוי די 250 מל,מיליליטרים,250.00,"100 מ""ל",false,1,10.90,4.3600,true,1,312309
16500980322,false,צמר פלדה עם חומר פעיל אס או אס 10 יחידות,אסאואס,,S.O.Sצמר פלדה עם חומר פעיל,Unknown,0.00,Unknown,false,1,13.90,0.0000,true,1,218443
17252500004,false,בוסקו סירופ שוקולד 624 גרם,בוסקו פרודקטס,US,סירופ שוקולד בוסקו 624 גר,גרמים,624.00,100 גרם,false,1,20.90,3.3494,true,1,234810
17252502244,false,"סירופ פנקייק בוסקו 709 מ""ל",בוסקו פרודקטס,US,סירופ מייפל בוסקו 709 מל,מיליליטרים,709.00,"100 מ""ל",false,1,20.90,2.9478,true,1,226170
18000701223,false,"פילסברי, עוגה בטעם שוקולד, תערובת להכנת עוגה בטעם שוקולד. 500 גרם",הדקלאים אגודת שיתופי,IL,תערובת לעוגת שוקולד 517 גרם,גרמים,517.00,100 גרם,false,1,18.90,3.6557,true,1,218444
18000703494,false,"פילסברי, עוגה בטעם וניל, תערובת להכנת עוגה בטעם וניל. 500 גרם.",הדקלאים אגודת שיתופי,IL,תערובת לעוגת וניל 517 גרם,גרמים,517.00,100 גרם,false,1,18.90,3.6557,true,1,218445
18000703517,false,"פילסברי, עוגה בטעם שוקולד וניל, תערובת להכנת עוגה בטעם וניל. 550 גרם.",הדקלאים אגודת שיתופי,IL,תערובת לעוגת שיש 550 גרם,גרמים,550.00,100 גרם,false,1,18.90,3.4364,true,1,219063
18000766413,false,"פילסברי, עוגה בטעם שוקולד, תערובת להכנת עוגה בטעם שוקולד. 550 גרם.",הדקלאים אגודת שיתופי,IL,תערובת לבראוניס 552 גרם,גרמים,552.00,100 גרם,false,1,18.90,3.4239,true,1,219064
18200004735,false,"בירה ביאלומיניום באדוויזר 473 מ""ל בקבוק",IBBLS,US,בירה באדוויזר 473מל בקבוק אלומיניום,מיליליטרים,473.00,"100 מ""ל",false,24,11.90,2.5159,true,1,322625
18787111116,false,תרסיס אורגני להיגיינת הידיים בניחוח לבנד,דר ברונר,US,תרסיס להיגיינת ידיים 59מל דר ברונר לבנדר,Unknown,0.00,Unknown,false,1,24.90,0.0000,true,1,321470
18787762165,false,ברונרס סבון נוזלי תינוקות ללא ריח 472 מל,וגה מוצרים טבעיים,US,סבון נוזלי דר ברונר אורגני לתינוק 472מל,מיליליטרים,472.00,"100 מ""ל",false,12,45.90,9.7246,true,1,313744
18787764169,false,ברונרס סבון נוזלי לבנדר 472 מל,וגה מוצרים טבעיים,US,סבון נוזלי דר ברונר אורגני לבנדר 472מל,מיליליטרים,472.00,"100 מ""ל",false,12,45.90,9.7246,true,1,313742
18787765166,false,סבון נוזלי מנטה אורגני,דר ברונר,US,סבון נוזלי דר ברונר אורגני מנטה 472מל,מיליליטרים,472.00,"100 מ""ל",false,12,45.90,9.7246,true,1,313747
18787769164,false,ברונרס סבון נוזלי עץ התה 472 מל,וגה מוצרים טבעיים,US,סבון נוזלי דר ברונר אורגני עץ התה 472מל,מיליליטרים,472.00,"100 מ""ל",false,12,45.90,9.7246,true,1,313745
18787779163,false,סב.נוזלי תה ירוק אורגני,דר ברונר,US,סבון נוזלי דר ברונר אורגני תה ירוק472מל,מיליליטרים,472.00,"100 מ""ל",false,12,45.90,9.7246,true,1,313906
18787780169,false,סבון נוזלי יסמין סנדלווד,דר ברונר,GB,סבון נוזלי דר ברונר אורגני יסמין 472מל,מיליליטרים,472.00,"100 מ""ל",false,12,45.90,9.7246,true,1,313905
18787784051,false,סבון מוצק לבנדר של ד,דר ברונר,US,סבון מוצק דר ברונר אורגני לבנדר 140גר,גרמים,140.00,100 גרם,false,12,22.90,16.3571,true,1,313737
18787785058,false,סבון מוצק מנטה מעורר,דר ברונר,,סבון מוצק דר ברונר אורגני מנטה 140גר,גרמים,140.00,100 גרם,false,12,22.90,16.3571,true,1,313741
18787786055,false,סבון מוצק עץ התה אורגני,דר ברונר,US,סבון מוצק דר ברונר אורגני עץ התה 140גר,גרמים,140.00,100 גרם,false,12,22.90,16.3571,true,1,313739
18787789056,false,סבון מוצק דר ברונר,דר ברונר,,סבון מוצק דר ברונר אורגני תה ירוק140גר,גרמים,140.00,100 גרם,false,12,22.90,16.3571,true,1,313903
18787792056,false,סבון מוצק יסמין סנדלווד,דר ברונר,US,סבון מוצק דר ברונר אורגני יסמין140גר,גרמים,140.00,100 גרם,false,12,22.90,16.3571,true,1,313904
21000653560,false,תבשיל מאק אנד ציז צג,קראפט פודס נת'רפילד,US,תבשיל מאק אנד ציז צגר לבן 207 גרם,גרמים,207.00,100 גרם,false,12,14.90,7.1981,true,1,307097
21200010231,false,סרט דבק מגיק חד פעמי,3m,,סרט דבק מגיק חד פעמי,יחידה,1.00,יחידה,false,1,10.00,10.0000,true,1,296595
21200010538,false,גליל דבק דו צדדי,3m,US,גליל דבק דו צדדי,יחידה,1.00,יחידה,false,1,19.90,19.9000,true,1,296597
21200010545,false,ריבועי דבק דו צדדי ס,3m,,ריבועי דבק דו צדדי ספוגי צבע לבן 16יח,יחידה,16.00,יחידה,false,1,19.90,1.2437,true,1,296605
21200013393,false,"דבק דו צדדי רוחב 2.5 ס""מ",3m,,דבק דו צדדי ספוגי לבן,יחידה,1.00,יחידה,false,1,29.90,29.9000,true,1,296606
21200471032,false,דבק דו צדדי ספוגי חז,3m,,דבק דו צדדי ספוגי חזק במיוחד,יחידה,1.00,יחידה,false,1,29.90,29.9000,true,1,300276
21200513152,false,"שלישיית ספוגי קרצוף עדינים ""סקוטש ברייט""",3M קנדה,CA,כרית קרצוף 3יח לא שורטים ורודים,יחידה,3.00,יחידה,false,1,14.90,4.9667,true,1,296591
21200572357,false,שלישיית ספוגי קרצוף לניקוי חזק (ירוקים),M3,CA,כרית קרצוף 3יח לניקוי חזק ירוקים,יחידה,3.00,יחידה,false,1,14.90,4.9667,true,1,296589
21723339994,false,"רוטב דגים 300מ""ל (טיפרוס) (כ)",טאנג סאנג ראר קי,TH,רוטב דגים טיפארוס 300 מל,מיליליטרים,300.00,"100 מ""ל",false,1,9.90,3.3000,true,1,336962
22200956932,false,דאודורנט ספיד סטיק גל 24/7 כחול 85 גר,הנסיך- מפעל לייצור ט,US,דאו.ספיד סטיק גל לגבר כחול 24/7,גרמים,51.00,100 גרם,false,1,18.90,37.0588,true,1,221092
22200956949,false,דאודורנט ג'ל כתום לגבר ספיד סטיק 85 גרם,קולגייט-פלמוליב,US,דאו.ספיד סטיק גל לגבר כתום 24/7,Unknown,0.00,Unknown,false,1,18.90,0.0000,true,1,221093
22224200820,false,וולבי ליקריץ תות בסגנון אוסטרלי 114 גרם,קניס קנדי,,ממתק ליקריץ תות וולבי 110 גר,גרמים,110.00,100 גרם,false,1,12.90,11.7273,true,1,235406
22224200837,false,וולבי ליקריץ שחור בסגנון אוסטרלי 114 גרם,קניס קנדי,,ממתק ליקריץ שחור וולבי 110 גר,גרמים,110.00,100 גרם,false,1,12.90,11.7273,true,1,235397
22224500708,false,פופקורן סוויט כאוס מ,קניז קודי קומפוני,US,פופקורן סוויט כאוס מתוק מלוח 156 גרם,גרמים,156.00,100 גרם,false,12,22.90,14.6795,true,1,332253
22224500722,false,פופקורן מתוק מלוח עם בצק עוגה 156 גרם,קניז קודי קומפוני,US,פופקורן סוויט כאוס בצק עוגיות 156 גרם,גרמים,156.00,100 גרם,false,12,22.90,14.6795,true,1,332255
22314015037,false,ממרח ערמונים בצנצנת,,FR,ממרח ערמונים בצנצנת 250 גרם צרפת,גרמים,250.00,100 גרם,false,12,22.90,9.1600,true,1,326868
23535995955,false,ממרח וניל טבעי מדאגס,לורן אויילס,US,ממרח וניל טבעי מדאגסקאר 60 מל,Unknown,0.00,Unknown,false,36,54.90,0.0000,true,1,336374
23535996129,false,"תמצית וניל מדאגסקאר בורבון 60 מ""ל",לורן אויילס,US,תמצית וניל מדאגסקאר בורבון 60 מל,Unknown,0.00,Unknown,false,36,54.90,0.0000,true,1,309134
24000335238,false,"רוטב מולסה בלאקסטראפ 355 מ""ל",בי אנד ג'י,,סירופ מולסה בלאקסטראפ 355 מל בקבוק,מיליליטרים,355.00,"100 מ""ל",false,1,26.90,7.5775,true,1,226845
24100226429,false,סנשיין קרקר ציז איט אורגינל קטן 127 גרם,קיבלר,,קרקר ציז היט אורגינל 127 גר,גרמים,127.00,100 גרם,false,1,10.90,8.5827,true,1,297290
24463061095,false,רוטב פלפל צ'ילי חריף לחיץ 435 ג' סריראצה,הוי פונג פודס,,רוטב חריף סיראצה 435 גר,גרמים,435.00,100 גרם,false,1,32.90,7.5632,true,1,228509
25675120020,false,סאוור סטיקס Sour Sticks בטעם אוכמניות,פשקס קנדי,NL,מקלות חמצוצים פטל100גר,גרמים,100.00,100 גרם,false,1,8.90,8.9000,true,1,221069
25675120037,false,מקלות חמצוצים תות פשקז 100 גרם,פשקס קנדי,NL,מקלות חמוץ 100 ג תות,גרמים,100.00,100 גרם,false,1,8.90,8.9000,true,1,221071
25675120068,false,מקלות חמצוצים בטעם קולה פשקז 100 גרם,פשקז Paskesz,NL,מקלות חמוץ 100 ג קולה,גרמים,100.00,100 גרם,false,1,8.90,8.9000,true,1,221070
25675122185,false,פרוט סנאק בטעם פירות .,,US,חטיפי פירות פשקס פרוט פירות טרופיים 142ג,גרמים,142.00,100 גרם,false,12,12.90,9.0845,true,1,319139
25675122253,false,חטיפי פירות פשקס פרו,.,US,חטיפי פירות פשקס פרוט תות שדה 142גרם,גרמים,142.00,100 גרם,false,12,12.90,9.0845,true,1,319141
25675124790,false,מיני מרשמלו צבעוני,,US,מיני מרשמלו צבעוני 227 גר פשקס,גרמים,227.00,100 גרם,false,12,15.90,7.0044,true,1,319168
25675301177,false,פשקס - חמצוצים מקלות דובדבן 50 גרם,פאסין,NL,מקלות חמוץ דובדבן חמוץ50 גר,Unknown,0.00,Unknown,false,1,4.90,0.0000,true,1,241780
25700005650,false,שקיות הקפאה גדולות- 14 יח' זיפלוק,אס.סי.גונסון ובניו,US,שקיות הקפאה זיפלוק גדולות 14יח,יחידה,14.00,יחידה,false,12,13.90,0.9929,true,1,325692
25700005674,false,זיפלוק שקיות אחסון סליידר גדולות 15 יחידות,אס.סי.ג'\ונסון מידרכט,US,שקיות אחסון זיפלוק סליידר גדולות 15יח,יחידה,15.00,יחידה,false,12,16.90,1.1267,true,1,325693
25700005698,false,זיפלוק שקיות אחסון בינוניות 24 יחידות,אס.סי.גונסון ובניו,US,שקיות איחסון זיפלוק בינוניות 24יח,יחידה,24.00,יחידה,false,12,13.90,0.5792,true,1,325690
27000390146,false,האנטס רוטב עגבניות 426 גרם,קונאגרה פודס,US,האנט רוטב עגבניות 425 גר,גרמים,425.00,100 גרם,false,12,11.50,2.7059,true,1,222100
27379005658,false,עוגת שמרים מיני פנטו,BISCOTTIFICIO PRIMAV,IT,עוגת פנטוני מיני 100 גר סוויסאיטלי,גרמים,100.00,100 גרם,false,1,12.90,12.9000,true,1,237317
29801025203,false,עוגיות חמאה קריספי - ב. באטרס 200 גר,HAMLET NV,,עוגיות חמאה באטרס קריספי 200 גר,גרמים,200.00,100 גרם,false,1,18.90,9.4500,true,1,225320
30000315958,false,קוואקר פרוטאין בננה אגוזים 366 גרם,קוואקר אוטס קומפני,US,קואקר פרוטאין בננה אגוזים 366 ג שקית,גרמים,366.00,100 גרם,false,1,22.90,6.2568,true,1,317881
30000315989,false,קוואקר פרוטאין חמוציות ושקדים 372 גרם,קוואקר אוטס קומפני,US,קואקר פרוטאין חמוציות ושקדים 366 ג שקית,גרמים,366.00,100 גרם,false,1,22.90,6.2568,true,1,317880
30100472414,false,סנדוויץ קרקר קלאב צדר 311 גרם,קיבלר,,קרקר סנדוויץ קיבלר צאדר שמיניה 311 גר,גרמים,311.00,100 גרם,false,1,26.90,8.6495,true,1,240657
30100487180,false,קיבלר 8 סנדוויץ קרקר גבינה וצדר 311 גרם,קיבלר,,קרקר קיבלר גבינת צאדר311 גר שמיניה,גרמים,311.00,100 גרם,false,1,26.90,8.6495,true,1,299025
31200001597,false,חמוציות אושן ספריי קליית גת בשקית 170 גרם,ליימן מותגים,US,חמוציות אושן ספריי 170 ג,גרמים,170.00,100 גרם,false,1,12.90,7.5882,true,1,299238
31290140107,false,גודייבה אצבעות שוקולד 72% 90 גרם,"אולקר מקבוצת פלאדיס, ציק",TR,שוקולד גודאיבה סטיקס 72% מריר 90 גר,Unknown,0.00,Unknown,false,18,14.90,0.0000,true,1,323962
31290140176,false,שוקולוד מריר בתוספת שקדים שוקולד גודייבה פינגרס,"אולקר מקבוצת פלאדיס, ציק",TR,שוקולד גודאיבה סטיקס מריר שקד 90 גר,Unknown,0.00,Unknown,false,18,14.90,0.0000,true,1,323963
31290140190,false,גודייבה אצבעות שוקולד מריר עם נגיעות מלח ים 90 גרם,"אולקר מקבוצת פלאדיס, ציק",TR,שוקולד גודאיבה סטיקס מלח ים 90 גר,Unknown,0.00,Unknown,false,18,14.90,0.0000,true,1,323964
31290140237,false,שוקולד חלב 90 גר Godiva sticks,"אולקר מקבוצת פלאדיס, ציק",TR,שוקולד גודאיבה סטיקס חלב 90 גר,Unknown,0.00,Unknown,false,18,14.90,0.0000,true,1,323966
31290140251,false,שוקולד חלב שקדים דבש ומלח גודייבה,גודייבה,TR,שוקולד גודאיבה סטיקס שקד קלוי דבש 90 גר,Unknown,0.00,Unknown,false,18,14.90,0.0000,true,1,323965
33200140702,false,פרש אנד סופט דפים למייבש כביסה 100 יח' ניחוח מרענן,פרש אנד סופט Frash'n soft,US,דפים למייבש פרש ניחוח מרענן 100 יח,יחידה,100.00,יחידה,false,1,28.90,0.2890,true,1,228495
33200147701,false,פרש&סופט דפים למייבש בניחוח טרופי 100 יח,פרש אנד סופט Frash'n soft,US,דפים למייבש פרש סופט 100 יח,יחידה,100.00,יחידה,false,1,28.90,0.2890,true,1,222017
33617000026,false,קרקר ואזה 203-275 גרם מקמח מלא 260,כלורוקס אוקלנד,SE,פת פריכה ואזה קלה מקמח מלא260ג,גרמים,260.00,100 גרם,false,1,11.90,4.5769,true,1,236994
33617322616,false,פת פריכה מקמח שיפון ואזה 270 גרם,כלורוקס אוקלנד,IL,פת פריכה ואזה קלה מקמח שיפון 270 גר,גרמים,270.00,100 גרם,false,1,11.90,4.4074,true,1,230449
33617340610,false,קרקר ואזה 203-275 גרם מקמח שיפון 275,כלורוקס אוקלנד,SE,פת פריכה ואזה מקמח שיפון 250 גרם,גרמים,250.00,100 גרם,false,1,11.90,4.7600,true,1,230448
34000148301,false,הרשי נטיפי שוקולד מריר לאפייה 340 גר,ליימן מותגים,US,נטיפי שוקולד מריר הרשי לאפיה 340 גר,גרמים,340.00,100 גרם,false,1,20.00,5.8824,true,1,307619
34000196173,false,הרשי טבלה XL בטעם שוקולד לבן עם שברי עוגיות 113 גרם,ליימן מותגים,US,שוקולד הרשי קוקיס אנד קרים 113 גר,גרמים,113.00,100 גרם,false,1,8.90,7.8761,true,1,296394
34000271184,false,הרשי קוקיס דרופס 59X18גרם,הרשי,US,חטיף הרשיז קוקייס אנד קרים 59 גר,Unknown,0.00,Unknown,false,1,6.50,0.0000,true,1,246464
34000312177,false,הרשי סירופ בטעם שוקולד 680 גרם,ליימן מותגים,US,סירופ שוקולד הרשי 680 מל,מיליליטרים,680.00,"100 מ""ל",false,1,20.00,2.9412,true,1,238614
34000442652,false,ריזס טבלה בטעם שוקולד ממולאת קרם בוטנים 120 גרם,ליימן מותגים,US,שוקולד הרשי ריסז 120 גר,גרמים,120.00,100 גרם,false,1,8.90,7.4167,true,1,296395
34000446001,false,ריזס מיניאטורס- חטיף שוקולד במילוי חמאת בוטנים 150 גרם,ליימן מותגים,,חטיפי שוקולד הרשי ריזס מינס 100 גר,גרמים,100.00,100 גרם,false,1,10.90,10.9000,true,1,238643
34000470228,false,ריזס מיניס חטיף שוקולד במילוי חמאת בוטנים 70 גרם,הרשי,US,חטיפי שוקולד הרשיז ריזס מיני 70 גר,Unknown,0.00,Unknown,false,1,6.50,0.0000,true,1,238642
34000470563,false,ריסז מיניס באריזה משפחתית 215 גרם,ליימן מותגים,US,הרשי ריסז מיניס 215 גרם,גרמים,215.00,100 גרם,false,8,19.90,9.2558,true,1,318732
34000544028,false,סוכריות ארוכות בטעם תות טוויזלרס Twizzlers,ליימן מותגים,US,סוכריות טוויזלר תות שדה 198 גר,גרמים,198.00,100 גרם,false,12,8.90,4.4949,true,1,219801
34000544431,false,ממתקי הרשיז טוויזלרס טעם דובדבן 172 גרם,ליימן מותגים,US,סוכיות טוויזלר דובדבן 172 גרם,גרמים,172.00,100 גרם,false,12,8.90,5.1744,true,1,331667
34000996643,false,הרשי דרופס באריזה משפחתית 215 גרם,ליימן מותגים,US,סוכריות הרשי דרופס 215 גרם,גרמים,215.00,100 גרם,false,8,19.90,9.2558,true,1,318731
35000689535,false,קולגייט מברשת שיניים מקס וייט סופט זוג,קולגייט-פלמוליב,CN,זוג מב.שיניים קולגייט מקס וייט סופט,Unknown,0.00,Unknown,false,1,27.90,0.0000,true,1,226297
36000183399,false,בגד ים חד פעמי ליטל סווימרס M 7-15 kg,חוגלה קימברלי,CZ,ליטל סווימרס M 7-15 kg,Unknown,0.00,Unknown,false,12,29.90,0.0000,true,1,218471
36000516876,false,ממחטות נייר קלינקס לושן 3 שכבות 75 דף,חוגלה קימברלי,US,מגבוני אף קלינקס לושן 75 יח שלוש שכבות,יחידה,75.00,יחידה,false,1,12.90,0.1720,true,1,320079
36000516890,false,ממחטות אף עם אלוורה + ויטמין E תלת שכבתי,חוגלה קימברלי,US,מגבוני אף קלינקס לושן 120 יח שלוש שכבות,יחידה,120.00,יחידה,false,1,14.90,0.1242,true,1,320080
37600207188,false,חמאת בוטנים קלאסי סקיפי 462 גרם,חברת המזון אלגוד,US,חמאת בוטנים סקיפי קלאסי 462 גר,גרמים,462.00,100 גרם,false,1,19.90,4.3074,true,1,241781
37600207256,false,חמאת בוטנים עם שברי בוטנים סקיפי 462 גרם,חברת המזון אלגוד,US,חמאת בוטנים סקיפי שיברי בוטנים 462 גר,גרמים,462.00,100 גרם,false,1,19.90,4.3074,true,1,241782
37600297943,false,מטבל סלסה חריף- צ'י צ'י 439 גר,מותגים,US,סלסה צי ציז חריפה 439 גרם,גרמים,439.00,100 גרם,false,12,19.90,4.5330,true,1,337676
37600297967,false,מטבל סלסה בחריפות עדינה ציי צי 439 גר,מותגים,US,סלסה צי ציז חריפות עדינה 439 גרם,גרמים,439.00,100 גרם,false,12,19.90,4.5330,true,1,337675
37977005288,false,זוג מוצצי אולטי סיליקון עיגולים,מאם Mam,HU,זוג מוצצי מאמ סיליקון קריסטל 6+ תכלת,יחידה,2.00,יחידה,false,1,34.90,17.4500,true,1,313327
37977050059,false,מוצץ לתינוק ללא ביספנול 0-2 מאם 2 יחידות,General,HU,זוג מוצצי מאמ סיליקון 0-2 בן תכלת,יחידה,2.00,יחידה,false,1,34.90,17.4500,true,1,313321
38000138607,false,חטיף צ'יפס בטעם מלח וחומץ,פרינגלס מנופקצ'ורינג,US,חטיף תפוא פרינגלס מלח וחומץ 158 גר,גרמים,158.00,100 גרם,false,1,10.90,6.8987,true,1,325823
38000138720,false,חטיף צ'יפס פרינגלס ראנץ 158 גרם,פרינגלס מנופקצ'ורינג קונ,US,חטיף תפוא פרינגלס ראנץ 158 גר,גרמים,149.00,100 גרם,false,1,10.90,7.3154,true,1,314629
38000183690,false,חטיף צ'יפס פרינגלס מידי ברביקיו 71 גרם,פרינגלס מנופקצ'ורינג,US,חטיף פרינגלס מידי ברביקיו 71 גר,Unknown,0.00,Unknown,false,1,5.50,0.0000,true,1,312072
38000183928,false,פרינגלס חרדל ודבש 158 גרם,פרינגלס מניופקצ'ורינ,US,חטיף תפוא פרינגלס חרדל ודבש 158 גר,גרמים,158.00,100 גרם,false,1,10.90,6.8987,true,1,324898
38000197840,false,פרינגלס גלי בטעם חריף מתוק 137 ג',פרינגלס מניופקצ'\ורינג ק,US,חטיף פרינגלס גלי חריף מתוק 130 גרם,גרמים,130.00,100 גרם,false,1,10.90,8.3846,true,1,325539
38000202278,false,חטיף צ'יפס גלי בטעם אורגינל מלוח,פרינגלס מניופקצ'\ורינג ק,US,חטיף תפוא פרינגלס חרדל ודבש 158 גר,גרמים,130.00,100 גרם,false,1,10.90,8.3846,true,1,322775
38000222450,false,עוגיות פופ טארט עוגי,קלוג קומפני,US,עוגיות פופ טארט קוקיס אנד קרים 384 גרם,גרמים,384.00,100 גרם,false,12,23.90,6.2240,true,1,322336
38000222719,false,עוגיות פופ טארט תות,קלוג קומפני,,עוגיות פופ טארט תות 384 גרם,גרמים,384.00,100 גרם,false,1,23.90,6.2240,true,1,322332
38000232152,false,פרינגלס חטיפי תפוח אדמה בטעם ברביקיו 158 גרם,פרינגלס מנופקצ'ורינג קומ,US,חטיף תפוא פרינגלס ברביקיו 158 גר,גרמים,158.00,100 גרם,false,1,10.90,6.8987,true,1,321258
38000232169,false,פרינגלס מידי אורגינל 67 גרם.,פרינגלס מנופקצ'ורינג קונ,US,חטיף פרינגלס מידי אורגינל 67 גר,Unknown,0.00,Unknown,false,1,5.50,0.0000,true,1,321259
38000232176,false,פרינגלס ביג שמנת בצל 158 גרם,פרינגלס מנופקצ'ורינג קונ,US,חטיף תפוא פרינגלס בצל שמנת 158 גר,גרמים,158.00,100 גרם,false,1,10.90,6.8987,true,1,321257
38000232183,false,פרינגלס ביג אורגינל 149 גרם,פרינגלס מנופקצ'ורינג קונ,US,חטיף תפוא פרינגלס אורגינל 149 גר,גרמים,149.00,100 גרם,false,1,10.90,7.3154,true,1,321256
38000247651,false,עוגיות פופ טארט רד ו,קלוג קומפני,US,עוגיות פופ טארט רד ולוט 384 גרם,גרמים,384.00,100 גרם,false,12,23.90,6.2240,true,1,333581
38000500381,false,עוגיות פופ טארט פאדג,קלוג קומפני,US,עוגיות פופ טארט פאדג סנדיי 384 גרם,גרמים,384.00,100 גרם,false,12,23.90,6.2240,true,1,316708
38000845253,false,חטיף צ'יפס פרינגלס מידי שמנת בצל 71 גרם,פרינגלס מנופקצ'ורינג קונ,US,חטיף פרינגלס מידי שמנת בצל 71 גר,Unknown,0.00,Unknown,false,12,5.50,0.0000,true,1,300779
38527591053,false,קואקר דגנים מרובעים שיבולת שועל וקינמון,קוואקר אוטס קומפני,US,ד.בוקר קואקר מרובעים קינמון 412 ג,גרמים,412.00,100 גרם,false,1,17.90,4.3447,true,1,231381
38527591060,false,דגני קוואקר מרובעים Quaker Squares עם סוכר חום,קוואקר אוטס קומפני,US,ד.בוקר קואקר מרובעים 412 ג,גרמים,412.00,100 גרם,false,1,17.90,4.3447,true,1,231387
38900779238,false,מיץ אננס דול רביעיות 4*250 מל,דול פיליפינים אינק,PH,מיץ אננס דולי רביעייה 250/4מל,מיליליטרים,250.00,"100 מ""ל",false,1,15.90,6.3600,true,1,232144
39000008006,false,אורטגה טאקו SHELL מקסיקני 164 גרם,בי אנד ג'י,US,קונכיות מתירס לבן למילוי ל.ג 164 גר,גרמים,140.00,100 גרם,false,1,21.90,15.6429,true,1,308166
39000008051,false,טורטיה אורטגה ארוחת טאקו קיט,בי אנד ג'י,US,אורטגה טאקו דינר 12 יח,יחידה,1.00,יחידה,false,1,33.90,33.9000,true,1,232643
39000008204,false,אורטגה תיבול לטאקו 35 גרם,בי אנד ג'י,,אורטגה תיבול לטאקו 35 גרם,Unknown,0.00,Unknown,false,24,10.00,0.0000,true,1,227236
39000008907,false,אורטגו רוטב טאקו מיילד 226 גרם,בי אנד ג'י,US,אורטגה לטאקו 226 ג זכוכית 907,מיליליטרים,226.00,"100 מ""ל",false,12,17.50,7.7434,true,1,227235
39000010351,false,פלפל חלפיניו בצנצנת אורטגה 340 גרם,בי אנד ג'י,,פלפל חלפנו פרוס אורטגה 354 גר צנצנת,מיליליטרים,354.00,"100 מ""ל",false,1,19.90,5.6215,true,1,297661
39047001152,false,ווקרס עוגיות חמאה פינגרס 150 גרם,,GB,עוגיות ווקרס חמאה פינגרס 150 ג,גרמים,150.00,100 גרם,false,12,17.90,11.9333,true,1,219474
39047002111,false,קרקר וולקרס שבולת שו,,GB,קרקר וולקרס שבולת שועל היילנד 280 גרם,גרמים,280.00,100 גרם,false,12,21.90,7.8214,true,1,334310
40000494805,false,סוכריות אם אנד אמס ק,אם אנד אם,US,שוקולד קריספי אם אנד אם 38 גר,Unknown,0.00,Unknown,false,,5.00,0.0000,true,1,323048
40000512943,false,סוכריות אם אנד אמס M&M שוקולד חלב,M&M אם אנד אם,US,שוקולד אם אנד אם 300 גרם,גרמים,300.00,100 גרם,false,,19.90,6.6333,true,1,323046
40000513056,false,מ&מ חמאת בוטנים 300 גרם,General,US,שוקולד בוטנים אם אנד אם 300 גרם,גרמים,300.00,100 גרם,false,,19.90,6.6333,true,1,323045
40000513568,false,סוכריות אם אנד אמס M&M שוקולד חלב,M&M אם אנד אם,US,שוקולד אם אנד אם 155 גרם,גרמים,155.00,100 גרם,false,,11.90,7.6774,true,1,323044
40000513629,false,M&M's חמאת בוטנים אריזה גדולה 152 גרם,מארס,US,שוקולד חמאת בוטנים אם אנד אם 155 גרם,גרמים,155.00,100 גרם,false,,11.90,7.6774,true,1,323043
40000514480,false,M&M אריזה קטנה's שוקולד אריזה קטנה 48 גרם,M&M אם אנד אם,US,רסוכריות אם אנד אמס שוקולד48 גר,Unknown,0.00,Unknown,false,,5.00,0.0000,true,1,323049
40000514510,false,M&M אריזה קטנה's בוטנים אריזה קטנה 49 גרם,M&M אם אנד אם,US,שוקולד בוטנים אם אנד אם 49 גר,Unknown,0.00,Unknown,false,,5.00,0.0000,true,1,323047
40000555391,false,עדשי מ&מ'ס בראוניז 40גרם,מרס ריגלי קונפקשונרי,US,סוכריות אם אנד אמס בראוניז 40 גר,Unknown,0.00,Unknown,false,,5.00,0.0000,true,1,332611
41143028681,false,צימוקים בקופסא סאן מייד 400 גר',,US,צימוקים סאן מייד 400 גרם בקופסא,גרמים,400.00,100 גרם,false,12,19.90,4.9750,true,1,324230
41143072004,false,תאנים מוזהבות מיובשו,,US,תאנים מוזהבות מיובשות סאן מייד 170גרם,גרמים,170.00,100 גרם,false,12,26.90,15.8235,true,1,324232
41143072400,false,תאנים סגולות 198 גר SUN MAID,,US,תאנים מיובשות סאן מייד 198 גרם,גרמים,198.00,100 גרם,false,12,26.90,13.5859,true,1,324231
41143299081,false,שזיפים מגולענים סאן מייד 198 ג',,US,שזיף מגולען סאן מייד 198 גר,גרמים,198.00,100 גרם,false,12,19.90,10.0505,true,1,324235
41152232017,false,רובי קיסט רוטב חמוציות ג'לי 397 גרם,גולד פיור פוד,US,רוטב קרנברי גל רובי קיטס 397 מל,מיליליטרים,397.00,"100 מ""ל",false,24,14.50,3.6524,true,1,308950
41152282012,false,רוביקיסט רוטב חמוציות שלם בפחית 397 גרם,קלמנט פאפס,US,גלי קרנברי למילוי עוגה 397 גר,מיליליטרים,454.00,"100 מ""ל",false,24,14.50,3.1938,true,1,308949
41190017522,false,רוטב וושסטר שופרייט,,US,רוטב וושסטר שופרייט 296 מל,מיליליטרים,296.00,"100 מ""ל",false,12,16.90,5.7095,true,1,329600
41190022663,false,קואקר נמס שופרייט מי,ווקפרן פוד,,קוואקר נמס שופרייט מייפל 350 גר,גרמים,350.00,100 גרם,false,1,22.50,6.4286,true,1,243996
41190022687,false,קואקר נמס שופרייט ל.,ווקפרן פוד,,קוואקר נמס שופרייט ל.ס.336 גר,גרמים,336.00,100 גרם,false,1,22.50,6.6964,true,1,243995
41224468108,false,עגבניות מיובשות שמן זית 340 גרם ROLAND,סיגס גיטה,TR,עגבניות מיובשות בשמן זית 340גר רולאנד,מיליליטרים,340.00,"100 מ""ל",false,12,23.90,7.0294,true,1,329077
41224700062,false,צלפים מיניאטורים במלח 75 גר,סיבס,TR,צלפים מינאטורים במלח 75 גר רולנד,גרמים,75.00,100 גרם,false,24,13.90,18.5333,true,1,225625
41224700260,false,צלפים מיניאטורים בחומץ 90 ג,סיבס,TR,צלפים מינאטורים בחומץ 90 גר רולנד,Unknown,0.00,Unknown,false,24,13.90,0.0000,true,1,225626
41224700925,false,פירות הצלף מוחמצים 466 מ,סיבס,TR,צלפים פירות בחומץ רולנד 466 מל,מיליליטרים,466.00,"100 מ""ל",false,12,24.90,5.3433,true,1,328778
41224703506,false,"גרעיני פלפל ירוק בחומץ 110 מ""ל ROLAND",טארימסל גידה,,גרעיני פלפל ורוד ירוק בחומץ 110מל רולאנד,מיליליטרים,110.00,"100 מ""ל",false,1,13.90,12.6364,true,1,232696
41255431515,false,מלית מילוי פאי טעם ל,פיניקל פודס,US,מילוי פאי טעם לימון 446 ג בפח,גרמים,465.00,100 גרם,false,12,26.00,5.5914,true,1,235400
41335000501,false,רוטב ומרינדה איטלקי 473 גר,קנס פודס,,רוטב קנס איטלקי מרינדה 473 גר,גרמים,473.00,100 גרם,false,1,29.90,6.3214,true,1,226912
41335000532,false,רוטב אלף האיים ענק 473 גרם,קנס פודס,,רוטב קנס אלף האיים 473 גר,גרמים,473.00,100 גרם,false,1,29.90,6.3214,true,1,222936
41335000549,false,"רוטב ראנצ בטרמילק קנז 473 מ""ל",קנס פודס,,רוטב קנס ראנץ באטר מילק 473 גר,גרמים,473.00,100 גרם,false,1,29.90,6.3214,true,1,299468
41335000594,false,רוטב סלט קיסר 473 גר קנז,קנס פודס,,רוטב קנס קיסר 473 מל,מיליליטרים,473.00,"100 מ""ל",false,1,29.90,6.3214,true,1,232966
41335001294,false,קנז רוטב ויניגרט בלסמי 473 גר,קנס פודס,,רוטב קנס וינגרט בלסמי 473 מל,מיליליטרים,473.00,"100 מ""ל",false,1,29.90,6.3214,true,1,302551
41390001079,false,"רוטב סויה קיקומן מופחת נתרן 444 מ""ל",קיקומן פודז אינק,US,רוטב סויה מופחת נתרן קיקומן 444 מל,מיליליטרים,444.00,"100 מ""ל",false,1,19.90,4.4820,true,1,246459
41390001451,false,רוטב סויה קיקומן 1.2 קילו,קיקומן פודז אינק,US,רוטב סויה קיקומן 1.2 ליטר,ליטרים,1.20,ליטר,false,1,46.90,39.0833,true,1,218527
41390010309,false,"רוטב טריאקי קיקומן 444 מ""ל",קיקומן פודז אינק,US,רוטב טריאקי קיקומן 444 מל,מיליליטרים,444.00,"100 מ""ל",false,1,19.90,4.4820,true,1,246460
41421177452,false,"רייטס רוטב היקורי מעושן מרוכז 103 מ""ל",בי אנד ג'י,US,תיבול היקורי מרוכז 103 מל כחול,מיליליטרים,103.00,"100 מ""ל",false,12,17.90,17.3786,true,1,244215
41500000299,false,חרדל דבש דיג'ון פרנצס לחיץ 340 גרם,פרנצ'ס,US,חרדל פרנצס דבש דיזון 340 גר,גרמים,340.00,100 גרם,false,12,19.90,5.8529,true,1,319662
41500000428,false,חרדל חום פרנצס חריף לחיץ 340 גרם,פרנצ'ס,US,חרדל פרנצס חום חריף 340 גר,גרמים,340.00,100 גרם,false,12,19.90,5.8529,true,1,319661
41500007007,false,חרדל פרנצס קלאסי לחיץ 226 גרם,פרנצ'ס,US,ממרח חרדל פרנצס קלאסי לחיץ 226 גרם,גרמים,226.00,100 גרם,false,12,11.90,5.2655,true,1,218938
41500013107,false,רוטב וורצסטר פרנצס29,רקיט בנקיזר,US,רוטב וורצסטר פרנצס 296 מל,מיליליטרים,296.00,"100 מ""ל",false,1,20.00,6.7568,true,1,321829
41500013183,false,רוטב וורצסטר פרנצס גדול,,US,רוטב וורצסטר פרנשס 443 מל,מיליליטרים,448.00,"100 מ""ל",false,6,26.90,6.0045,true,1,335297
41500745107,false,"אמריקן גורנן רד הוט 354 מ""ל כנפיים",,,רוטב רד הוט באפלו לכנפיים 354 ג,Unknown,0.00,Unknown,false,1,27.90,0.0000,true,1,306354
41500805016,false,"רוטב רד הוט פלפל 148 מ""ל",רקיט בנקיזר,,רוטב רד הוט חריף 148 מל,מיליליטרים,148.00,"100 מ""ל",false,1,13.90,9.3919,true,1,222022
41500805023,false,"רוטב פלפל רד האט 354 מ""ל",רקיט בנקיזר,,רוטב רד הוט קלאסי 354 מל,מיליליטרים,354.00,"100 מ""ל",false,1,27.90,7.8814,true,1,221425
41500818467,false,"פרנצ רוטב ווסטר מופחת נתרן 443 מ""ל",,US,רוטב וורצסטר פרנשס דל נתרן 443 מל,מיליליטרים,448.00,"100 מ""ל",false,6,26.90,6.0045,true,1,335298
41501008034,false,אורטגה טאקו מקסיקני מתירס מלא 164 גרם,בי אנד ג'י,,קונכיות מתירס אורטגה למילוי ל.ג.140 גר,גרמים,140.00,100 גרם,false,1,21.90,15.6429,true,1,299053
41501519455,false,אורטגה טאקו SHELL מקסיקני 140 גרם,בי אנד ג'י,,טאקו אורטגה מתירס צהוב 140 גרם,גרמים,140.00,100 גרם,false,1,24.90,17.7857,true,1,338315
41501520277,false,אורטגה טאקו מתירס כחול 117 גרם,בי אנד ג'י,US,טאקו אורטגה מתירס כחול 117 גרם,גרמים,117.00,100 גרם,false,12,25.90,22.1368,true,1,338314
41501537305,false,מארז 3 יח אורטגה תיב,בי אנד ג'י,,מארז 3 יח אורטגה תיבול לטאקו 84 גרם,Unknown,0.00,Unknown,false,24,26.90,0.0000,true,1,338478
41570113059,false,בלו דיאמנד משקה שקדים אורגינל 1 ליטר,בלו דיאמונד,ZA,משקה חלב שקדים אורגינל 1 ליטר בלו דיאמנד,ליטרים,1.00,ליטר,false,12,19.90,19.9000,true,1,315384
41570113066,false,בלו דיאמנד משקה שקדים אוריג'נל ללא תוספת סוכר 1 ליטר,בלו דיאמונד,ZA,משקה חלב שקדים ללא סוכר1 ליטר בלו דיאמנד,ליטרים,1.00,ליטר,false,12,19.90,19.9000,true,1,315385
41570113080,false,בלו דיאמנד משקה שקדים בטעם וניל ללא תוספת סוכר 1 ליטר,בלו דיאמונד,ZA,משקה חלב שקדים בטעם וניל ללא סוכר 1ליטר,ליטרים,1.00,ליטר,false,12,19.90,19.9000,true,1,315387
41570113103,false,בלו דיאמנד משקה שקדים בריסטה להקצפה 1 ל,בלו דיאמונד,ZA,משקה חלב שקדים בריסטה להקצפה 1 ליטר,ליטרים,1.00,ליטר,false,12,22.90,22.9000,true,1,315388
41740000806,false,"גולד בורשט 710 מ""ל Borscht",גולד פיור פוד,US,בורשט גולדס 710 מל,מיליליטרים,710.00,"100 מ""ל",false,1,19.90,2.8028,true,1,226585
42400108153,false,דגני בוקר צבעוניים בטעם פירות טוטי פרוטיס,פוסט ארצות הברית,US,דגני פוסט טוטי פרוטי 354 גר,גרמים,354.00,100 גרם,false,14,22.90,6.4689,true,1,326268
44000028541,false,ביסקויט אוראו דאבל 4,,,ביסקויט אוראו דאבל 435 גרם אמריקה,גרמים,435.00,100 גרם,false,1,29.90,6.8736,true,1,315951
44300125131,false,"רוטב סויה לה צ'וי 295 מ""ל",,US,רוטב סויה לה צוי 295 מל,מיליליטרים,295.00,"100 מ""ל",false,12,19.90,6.7458,true,1,221428
44300125315,false,רוטב טריאקי לה צוי 2,,US,רוטב טריאקי לה צוי 295 מל,מיליליטרים,295.00,"100 מ""ל",false,12,19.90,6.7458,true,1,221430
44600300580,false,כלורוקס קלין אפ פרש נוזל לניקוי רב תכלית,כלורוקס אוקלנד,US,כלורקס קלין אפ פרש מרסס 946 מל,מיליליטרים,946.00,"100 מ""ל",false,1,19.90,2.1036,true,1,325757
44738219563,false,במבושוט חצאים במים 5,Theppadungporn cocon,TH,במבושוט חצאים 565 גר,גרמים,565.00,100 גרם,false,24,13.90,2.4602,true,1,326314
44935000216,false,חטיף קטל ציפס ראוט 1,,US,חטיף קטל ציפס ראוט 11 ברביקיו 170 גרם,גרמים,170.00,100 גרם,false,12,19.90,11.7059,true,1,329019
44935000315,false,חטיף קטל ציפס ראוט 1,,US,חטיף קטל ציפס ראוט 11 מלפפון חמוץ170 גרם,גרמים,170.00,100 גרם,false,12,19.90,11.7059,true,1,329021
44935000414,false,חטיף קטל ציפס ראוט 1,,US,חטיף קטל ציפס ראוט 11 מלח וחומץ170 גרם,גרמים,170.00,100 גרם,false,12,19.90,11.7059,true,1,329025
46214372250,false,"עוגיות שטרודל פריכות תפו""ע וצימוקים",מרבה Merba,NL,עוגיות שוקוציפס מרבה שטרודל תפוחי 225 גר,גרמים,225.00,100 גרם,false,20,9.90,4.4000,true,1,218536
46214382259,false,עוגיות בראוניס שוקולד 225 ג',בנקטבקריי מרבה בי.וי,NL,עוגיות שוקוציפס מרבה בראוניז 225 גר,גרמים,225.00,100 גרם,false,1,9.90,4.4000,true,1,218537
46214731552,false,עוגיות שוקולד צ'יפס 37% גודיס 225 גרם,קריניציה ויטמינה אס,NL,עוגיות שוקוציפס מרבה שוקולד 225 גר,גרמים,225.00,100 גרם,false,24,9.90,4.4000,true,1,218538
47800175477,false,"רייטס רוטב מסקיט מעושן מרוכז 103 מ""ל",בי אנד ג'י,US,תיבול היקורי מרוכז 103 מל חום,מיליליטרים,103.00,"100 מ""ל",false,12,17.90,17.3786,true,1,241465
47997130105,false,מגיק תערובת תיבול ללא מלח 141.8 גרם,מג'יק,US,מגיק תיבול ללא מלח 141 ג,גרמים,141.00,100 גרם,false,12,26.50,18.7943,true,1,225802
48256214758,false,מסיר כתמים קשים לכביסה לבנה וצבעונית,יעקבי- אסטוניש Astonish,GB,אסטוניש אבקת הפלא לכביסה 1 קג,קילוגרמים,1.00,"ק""ג",false,1,25.90,25.9000,true,1,221466
49319110017,false,דשינומוטו YAMAKI יפני 50 גרם,JFC JAPAN INC.,,ציר דגים דאשינומוטו 50 גר,Unknown,0.00,Unknown,false,1,18.50,0.0000,true,1,246424
49568200347,false,ממרח טבענ.מופחת שומן340ג,ארת' איילנד,US,מיונז טבעוני מופחת שומן 340 גרם,גרמים,340.00,100 גרם,false,1,24.90,7.3235,true,1,302394
49568730349,false,ממרח טבעוני פסטו 340 גרם,ארת' איילנד,US,ממרח פסטו טבעוני לסלט וסנדביץ 340גר,גרמים,340.00,100 גרם,false,1,26.90,7.9118,true,1,306734
50000015474,false,"מזון חתולים פריסקיז מעדני הים 1.43 ק""ג",פריסקיז,US,מזון חתולים פריסקיז מעדני הים 1.43 קג,קילוגרמים,1.43,"ק""ג",false,1,38.90,27.2028,true,1,327319
50000084500,false,מזון יבש לחתול בטעם נתחי ברביקיו פריסקיז Friskies,נסטלה פורינה USA מק,US,מזון חתולים פריסקיז מעדני השף 1.4 קג,קילוגרמים,1.40,"ק""ג",false,6,38.90,27.7857,true,1,221884
50000100347,false,"פריסקיז - מעדני החתול מועשר בחלב 1.40 ק""ג",נסטלה פורינה USA מק,US,מזון חתולים פריסקיז מעדני החתול 1.43 קג,קילוגרמים,1.43,"ק""ג",false,1,38.90,27.2028,true,1,222208
50000168583,false,"מזון חתולים פריסקיז אקסטרא קראנץ 1.43 ק""ג","פורינה ארה""\ב",US,מזון חתולים פריסקיז אקסטרא קראנץ 1.43 קג,קילוגרמים,1.43,"ק""ג",false,1,38.90,27.2028,true,1,327321
50000170180,false,מזון חתולים פריסקיז עוף ברוטב 156 גרם,נסטלה פורינה USA קר,US,מזון חתולים פריסקיז עוף ברוטב 156 גר,גרמים,156.00,100 גרם,false,1,6.50,4.1667,true,1,226942
50000225224,false,מזול חתולים פריסקיז פילה הודו ברוטב 156 גרם,נסטלה פורינה USA קר,US,מזון חתולים פריסקיז פריים פילה הודו 156ג,גרמים,156.00,100 גרם,false,24,6.50,4.1667,true,1,298387
50000237951,false,פריסקיז פארטי מיקס מיקס גריל קראנץ*60ג,נסטלה פורינה פטקר ארצות,US,פריסקיז פארטי מיקס גריל קראנץ 60 גר,Unknown,0.00,Unknown,false,10,11.90,0.0000,true,1,337064
50000238910,false,פריסקיז פארטי מיקס אוריגי'נל קראנץ 60 גרם,נטסלה פורינה פטקר ארצות,US,פריסקיז פארטי מיקס אורגינל קראנץ 60 גר,Unknown,0.00,Unknown,false,10,11.90,0.0000,true,1,337063
50000292615,false,פנסי פיסט נתחי עוף לבבות וכבד 85 גר,נסטלה פורינה USA סט,US,מזון חתולים פנסי פיסט לבבות וכבד85 גרם,גרמים,85.00,100 גרם,false,24,6.50,7.6471,true,1,298603
50000421541,false,פריסקיז מיקס גריל 156 גרם,נסטלה פורינה USA קר,US,מזון חתולים פריסקיז מיקס גריל 156 גר,גרמים,156.00,100 גרם,false,1,6.50,4.1667,true,1,226943
50000421848,false,מזון חתולים פריסקיז,נסטלה פורינה USA קר,,מזון חתולים פריסקיז הודו ועוף 156 גר,גרמים,156.00,100 גרם,false,1,6.50,4.1667,true,1,226941
50000423347,false,פריסקיז לח סלמון 156 גרם,נסטלה פורינה USA קר,US,מזון חתולים פריסקיז סלומון 156 גר,גרמים,156.00,100 גרם,false,1,6.50,4.1667,true,1,226940
50000424948,false,פריסקיז דגי אוקיינוס וטונה 156ג',נסטלה פורינה USA קר,US,מזון חתולים פריסקיז דגי אוקיאנוס טונה156,גרמים,156.00,100 גרם,false,1,6.50,4.1667,true,1,226939
50000426447,false,מזון חתולים פנסי פיס,נסטלה פורינה USA סט,US,מזון חתולים פנסי פיסט נתחי הודו 85 גרם,גרמים,85.00,100 גרם,false,24,6.50,7.6471,true,1,218854
50000429042,false,מזון חתולים כבד מעודן ועוף פנסי פיסט 85 גרם,נסטלה פורינה USA ג',US,מזון חתולים פנסי פיסט כבד מעודן 85 גר,גרמים,85.00,100 גרם,false,24,6.50,7.6471,true,1,222539
50000429448,false,פריסקיז פנסי פיסט פטה מוס סלמון 85 גרם,נסטלה פורינה USA סט,US,מזון חתולים פנסי פיסט מוס סלמון 85 גרם,גרמים,85.00,100 גרם,false,1,6.50,7.6471,true,1,218855
50000429646,false,פריסקיז פנסי פיסט לח דג אוקיאנוס 85 גרם,נסטלה פורינה USA ג',US,מזון חתולים פנסי פיסט דג אוקיינוס 85 גרם,גרמים,85.00,100 גרם,false,24,6.50,7.6471,true,1,218856
50000429844,false,מזון חתולים בטעם הודו ועוף פנסי פיסט 85 גרם,נסטלה פורינה USA ג',US,מזון חתולים פנסי פיסט מעדן הודו ועוף85גר,גרמים,85.00,100 גרם,false,24,6.50,7.6471,true,1,222540
50000445691,false,מזול חתולים פריסקיז עוף וסלמון ברוטב 156 גרם,נסטלה פורינה USA קר,US,מזון חתולים פריסקיז סלומון 156 גר,גרמים,156.00,100 גרם,false,24,6.50,4.1667,true,1,232462
50000574414,false,פריסקיז פארטי מיקס פיקניק קראנץ 60 גרם,נסטלה פורינה פטקר ארצות,US,פריסקיז פארטי מיקס פיקניק קראנץ 60 גר,Unknown,0.00,Unknown,false,10,11.90,0.0000,true,1,337066
50000578238,false,פריסקיז פארטי מיקס קרייזי צ'יז10*500.59גרם,נסטלה פורינה פטקר ארצות,US,פריסקיז פארטי מיקס קרייזי ציז 60 גר,Unknown,0.00,Unknown,false,10,11.90,0.0000,true,1,337067
50000578450,false,פנסי פיסט עוף ברוטב עשיר 24*85 גרם,נסטלה פורינה USA סט,US,מזון חתולים פנסי פיסט עוף ברוטב85 גרם,גרמים,85.00,100 גרם,false,24,6.50,7.6471,true,1,298605
51131651425,false,מתלה גדול כולל דבק,3m,,מתלה גדול כולל דבק,יחידה,1.00,יחידה,false,1,16.90,16.9000,true,1,296604
51131809741,false,צמדנים לתמונות בינונ,3m,,צמדנים לתמונות בינוני 3 זוגות,יחידה,3.00,יחידה,false,1,19.90,6.6333,true,1,296617
51131830271,false,צמדנים לתמונות קטן 3,3m,,צמדנים לתמונות קטן 3 זוגות,יחידה,3.00,יחידה,false,1,19.90,6.6333,true,1,296618
51131939639,false,מתלה ניקל מוברש עם פ,3m,,מתלה ניקל מוברש עם פס הדבקה,יחידה,1.00,יחידה,false,1,49.90,49.9000,true,1,296614
51131978393,false,זוג שפורפרות סופר גלו גל 4 גר,Unknown,,זוג דבק סופר גלו גל 4 גרם,יחידה,2.00,יחידה,false,1,18.90,9.4500,true,1,296598
51135208298,false,מספריים לשימוש ביתי,3m,,מספריים גודל 6 אינץ,יחידה,1.00,יחידה,false,1,12.90,12.9000,true,1,296620
51135807514,false,סופר גלו נוזלי 4 שפופרות,Unknown,,דבק סופר גלו 4 שפופרות מיני חד פעמיות,יחידה,4.00,יחידה,false,1,15.90,3.9750,true,1,296608
51141234892,false,גליל ניירות דביקים 60 יחיודות סקוטש ברייט,סקוטצ' ברייט Scotch Brite,,גליל ניירות דביקים 60 דף סקוטש ברייט,יחידה,60.00,יחידה,false,1,25.90,0.4317,true,1,329656
51141239590,false,מטלית לניקוי נירוסטה,3m,CN,מטלית לניגוב נירוסטה אינה מותירה סיבים,יחידה,1.00,יחידה,false,12,12.90,12.9000,true,1,296593
51141348346,false,מתלה שקוף קטן 2יח עם,3m,,מתלה שקוף קטן 2יח עם שני פסי הדבקה לשימו,יחידה,2.00,יחידה,false,1,15.90,7.9500,true,1,296610
51141913131,false,ספוג קרצוף לאמבטיה ס,3m,US,ספוג קרצוף לאמבטיה סקוטש ברייט,יחידה,1.00,יחידה,false,6,22.90,22.9000,true,1,314161
51141917733,false,סופר גלו נוזלי 4 גר המשחרר טיפה אחת,3m,,דבק סופר גלו בקבוק פטנט 4 גרם,יחידה,1.00,יחידה,false,1,20.90,20.9000,true,1,296607
51497269869,false,תבלין נשוויל היט 283,,,תבלין נשוויל היט 283 גר,גרמים,283.00,100 גרם,false,1,34.90,12.3322,true,1,336342
51497269876,false,תבלין סרירצה מוד 340,,,תבלין סרירצה מוד 340 גר,גרמים,340.00,100 גרם,false,1,34.90,10.2647,true,1,336343
51500280676,false,אבקה להכנת פנקייק הנ,ג'.מ. סמאקר,US,אבקה להכנת פנקייק הנגרי גק 907 גר,גרמים,907.00,100 גרם,false,12,29.90,3.2966,true,1,229439
52000102475,false,"משקה ספורט בטעם דובדבן ""גטורייד"" 591 מ""ל",פפסי קולה ג'נרל בוטל,US,משקה גטורייד דובדבן 590 מל פיקדון,מיליליטרים,590.00,"100 מ""ל",false,1,10.90,1.8475,true,1,308860
52100002453,false,תערובת תיבול לסטייק 96 גר,מקורמיק,US,תערובת סטייק מונטריאול מקורמיק,Unknown,0.00,Unknown,false,1,19.90,0.0000,true,1,313618
52100002460,false,תערובת תיבול לעוף ודג 77 גר,מקרומיק,US,תערובת לעוף מונטריאול מקורמיק,Unknown,0.00,Unknown,false,1,19.90,0.0000,true,1,313620
52100002477,false,אבקת תיבול לתבשילים בסגנון הודי 28 גר,מקורמיק,US,תבלין קרי מקורמיק,Unknown,0.00,Unknown,false,1,18.90,0.0000,true,1,313616
52100002613,false,כורכום טחון מקורמיק,מקורמיק,US,כורכום טחון מקורמיק 27.8 גר,Unknown,0.00,Unknown,false,1,18.90,0.0000,true,1,313637
52100002699,false,פלפל לבן טחון מקורמי,מקורמיק,US,פלפל לבן טחון מקורמיק 28 גרם,Unknown,0.00,Unknown,false,12,22.90,0.0000,true,1,319671
52100004266,false,עלי טימין מקורמיק 10,מקורמיק,US,טימין מקורמיק,Unknown,0.00,Unknown,false,1,18.90,0.0000,true,1,313617
52100004389,false,קנמון טחון מקורמיק 6,מקורמיק,US,קנמון טחון מקורמיק 67 גר,Unknown,0.00,Unknown,false,1,19.90,0.0000,true,1,316748
52100004426,false,מקלות קינמון מקורמיק,,US,מקלות קינמון מקורמיק,Unknown,0.00,Unknown,false,1,27.90,0.0000,true,1,313625
52100004488,false,פפריקה מקורמיק 60 גרם,מקרומיק,US,פפריקה מקורמיק,Unknown,0.00,Unknown,false,1,22.90,0.0000,true,1,313623
52100005966,false,גבישי שום מקורמיק 85 גרם,מקרומיק,US,שום שבבים מקורמיק,Unknown,0.00,Unknown,false,1,27.90,0.0000,true,1,313627
52100006260,false,אבקת שום מקורמיק 88 גרם,מקרומיק,US,אבקת שום מקורמיק,Unknown,0.00,Unknown,false,1,27.90,0.0000,true,1,313626
52100006468,false,אבקת בצל מקורמיק 56.,,US,אבקת בצל מקורמיק 56.7 גר,Unknown,0.00,Unknown,false,1,18.90,0.0000,true,1,313640
52100006512,false,כמון טחון מקורמיק 42,מקורמיק,US,כמון טחון מקורמיק 42.5 גר,Unknown,0.00,Unknown,false,1,22.90,0.0000,true,1,313642
52100006765,false,תבלין פלפל אדום 42 גר,מקורמיק,US,פלפל אדום מקורמיק 42.50 גר,Unknown,0.00,Unknown,false,1,18.90,0.0000,true,1,313643
52100006987,false,עלי דפנה מקורמיק 3.4,מקורמיק,US,עלי דפנה מקורמיק 3.4 גר,Unknown,0.00,Unknown,false,1,18.90,0.0000,true,1,313645
52100029924,false,פלפל שחור טחון מקורמ,מקורמיק,US,פלפל שחור טחון מקורמיק 42 גרם,Unknown,0.00,Unknown,false,12,22.90,0.0000,true,1,319652
52100030043,false,פלפל שחור טחון גס 42 גרם,מקורמיק אנ גו,US,פלפל שחור טחון מקורמיק,Unknown,0.00,Unknown,false,1,19.90,0.0000,true,1,313621
52100030234,false,פלפל שחור שלם מקורמי,מקרומיק,US,פלפל שחור שלם מקורמיק 53 גר,Unknown,0.00,Unknown,false,1,27.90,0.0000,true,1,313648
52100034898,false,"תמצית ליים טהורה 29 מ""ל",מקורמיק,US,תמצית ליים טהורה מקורמיק 29 מל,Unknown,0.00,Unknown,false,1,16.90,0.0000,true,1,319665
52100036670,false,מלח הימליה ורוד במטחנה 70 גר,מקורמיק,US,מלח הימליה ורוד מקורמיק מטחנה 70 גר,Unknown,0.00,Unknown,false,1,18.90,0.0000,true,1,316747
52100040806,false,תערובת שום בצל פלפל שחור ומלח ים 120 גר,מקורמיק,US,תערובת מקורמיק שום בצל פלפל מלח ים120,גרמים,120.00,100 גרם,false,1,24.90,20.7500,true,1,316744
52100041155,false,תערובת מלח הימליה ורוד פלפל ושום 184 גר,מקורמיק,US,תערובת מקורמיק מלח הימליה פלפל ושום184ג,גרמים,184.00,100 גרם,false,1,24.90,13.5326,true,1,316743
52100070643,false,תמצית בטעם שקדים מקורמיק 29 גרם,מקורמיק,US,תמצית שקדים מקורמיק 29 מל,Unknown,0.00,Unknown,false,1,10.90,0.0000,true,1,313611
52100070667,false,"תמצית אניס טהורה 29 מ""ל",מקורמיק,US,תמצית אניס טהורה מקורמיק 29 מל,Unknown,0.00,Unknown,false,1,16.90,0.0000,true,1,319663
52100070735,false,"תמצית קוקוס מקורמיק 29 מ""ל",מקורמיק,US,תמצית קוקוס מקורמיק 29 מל,Unknown,0.00,Unknown,false,1,16.90,0.0000,true,1,319666
52100070766,false,תמצית מייפל מקורמיק,מקורמיק,,תמצית מייפל מקורמיק 29 מל,Unknown,0.00,Unknown,false,1,16.90,0.0000,true,1,326932
52100070780,false,"תמצית תפוז טהורה 29 מ""ל",מקורמיק,US,תמצית תפוז טהורה מקורמיק 29 מל,Unknown,0.00,Unknown,false,1,16.90,0.0000,true,1,319664
52100070827,false,תמצית בטעם רום מקורמיק 29 גרם,מקרומיק תבלינים,US,תמצית רום 29 מל,Unknown,0.00,Unknown,false,1,11.90,0.0000,true,1,226484
52100070865,false,"תמצית וניל טהור מקורמיק 29 מ""ל",מקורמיק האנט ואלי,US,תמצית וניל טהור 29 מל,Unknown,0.00,Unknown,false,18,29.90,0.0000,true,1,219685
52100070995,false,תמצית בטעם וניל מקורמיק 59 גרם,מקורמיק,US,תמצית וניל מקורמיק 29 מל,Unknown,0.00,Unknown,false,1,10.90,0.0000,true,1,313612
52100071121,false,עלי בזיליקום מיובשים 24 גר,,US,עלי בזיליקום מקורמיק,Unknown,0.00,Unknown,false,12,27.90,0.0000,true,1,313624
52100071138,false,תבלין אורגנו (אורגנו,מקרומיק תבלינים,US,תבלין אורגנו ליוס 38 ג במיכל,Unknown,0.00,Unknown,false,1,19.90,0.0000,true,1,219684
52100136387,false,פלפל ושום במטחנה 34 גרם,מקרומיק תבלינים,FR,תבלין פלפל שום 34 ג במטחנה,Unknown,0.00,Unknown,false,1,19.90,0.0000,true,1,229051
52100142593,false,תערובת תיבול להמבורגר 77 גר,מקרומיק תבלינים,US,תבלין גריל להמבורגר 77 ג במיכל,Unknown,0.00,Unknown,false,1,19.90,0.0000,true,1,313580
52100634586,false,תערובת תיבול שום ומלח ים במטחנה 44 גר,מקורמיק mccormik,FR,תבלין מלח שום 44 גר במטחנה,Unknown,0.00,Unknown,false,1,19.90,0.0000,true,1,229053
52100746029,false,מלח ים מקורמיק 60 ג,מקרומיק תבלינים,FR,מלח מקורמיק 60 ג במטחנה,Unknown,0.00,Unknown,false,1,18.90,0.0000,true,1,224053
52100746043,false,תערובת פלפלים במטחנה 24 גר,מקורמיק האנט ואלי,FR,תבלין תערובת פלפלים 24 גר במטחנה,Unknown,0.00,Unknown,false,1,18.90,0.0000,true,1,229054
54881000031,false,תה שחור ורד דובדבן 20 שקיות אחמד,תה אחמד Ahmad tea,AE,חליטת ורד ודובדבן אחמד תי 20 שקיקים,יחידה,20.00,יחידה,false,6,10.90,0.5450,true,1,337999
54881000048,false,תה במבחר פרי הדר 20 שקיקים אחמד,אחמד תה אנגליה,AE,חליטת פרי הדר אחמד תי 20 שקיקים,יחידה,20.00,יחידה,false,6,10.90,0.5450,true,1,338002
54881000062,false,תה שחור לימונית וקמומיל 20 שקיות אחמד,אחמד תה אנגליה,AE,חליטת לימונית קמומיל אחמד תי 20 שקיקים,יחידה,20.00,יחידה,false,6,10.90,0.5450,true,1,337997
54881000109,false,תה עם ענבי שועל 20 שקיקים אחמד,תה אחמד Ahmad tea,AE,חליטת ענבי שועל אחמד תי 20 שקיקים,יחידה,20.00,יחידה,false,6,10.90,0.5450,true,1,338001
54881000208,false,תה שחור לימון וגינגיר 20 שקיות אחמד,אחמד תה אנגליה,AE,חליטת לימון וגינגר אחמד תי 20 שקיקים,יחידה,20.00,יחידה,false,6,10.90,0.5450,true,1,337998
54881003971,false,תה ירוק מבחר 20 שקיקים,אחמד תה אנגליה,AE,תה ירוק בטעמים אחמד תי 20 שקיקים,יחידה,20.00,יחידה,false,6,10.90,0.5450,true,1,337993
54881004787,false,תה ירוק אחמד 100 שקיות,Sunshine tea (pvt) l,AE,תה ירוק אחמד תי 100 שקיקים,יחידה,100.00,יחידה,false,12,19.90,0.1990,true,1,337990
54881005654,false,תה ירוק יסמין 20 שקיות AHMAD TEA,אחמד תה אנגליה,AE,תה ירוק יסמין אחמד תי 20 שקיקים,יחידה,20.00,יחידה,false,6,10.90,0.5450,true,1,337992
54881006996,false,תה אפרסק ופסיפלורה 20 שקיקים אחמד,אחמד תה אנגליה,AE,חליטת אפרסק פסיפלורה אחמד תי 20 שקיקים,יחידה,20.00,יחידה,false,6,10.90,0.5450,true,1,338000
54881007511,false,תה ירוק בטעם מנטה 20 שקיקים 40 גר,אחמד תה אנגליה,AE,תה ירוק טעם מנטה אחמד תי 20 שקיקים,יחידה,20.00,יחידה,false,6,10.90,0.5450,true,1,337994
54881007535,false,תה ירוק בטעם לימון 20 שקיקים 40 גרם,אחמד תה אנגליה,AE,תה ירוק טעם לימון אחמד תי 20 שקיקים,יחידה,20.00,יחידה,false,6,10.90,0.5450,true,1,337995
54881008167,false,תה אינגליש ברקפסט 100 שקיות AHMAD TEA,תה אחמד Ahmad tea,AE,תה אינגליש ברקפסט אחמד תי 100 שקיקים,יחידה,100.00,יחידה,false,12,19.90,0.1990,true,1,337989
54881008174,false,תה אחמד ארל גריי 100 שקיקים,תה אחמד Ahmad tea,AE,תה ארל גריי אחמד תי 100 שקיקים,יחידה,100.00,יחידה,false,12,19.90,0.1990,true,1,334479
54881008181,false,תה אחמד אינגליש 100 שקיקים,תה אחמד Ahmad tea,AE,תה אינגליש אחמד תי 100 שקיקים,יחידה,100.00,יחידה,false,12,19.90,0.1990,true,1,337988
54881008945,false,תה ירוק 20 שקיות AHMAD TEA,אחמד תה אנגליה,AE,תה ירוק אחמד תי 20 שקיקים,יחידה,20.00,יחידה,false,6,10.90,0.5450,true,1,337991
54881012423,false,תה ירוק בטעם פטל רימונים 20 שקים 40 גרם,אחמד תה אנגליה,AE,תה ירוק טעם פטל רימון אחמד תי 20 שקיקים,יחידה,20.00,יחידה,false,6,10.90,0.5450,true,1,337996
54881016001,false,חליטת4 סוגי פרי וצמח,,AE,חליטת4 סוגי פרי וצמחים אחמד תי 20 שקיקים,יחידה,20.00,יחידה,false,6,10.90,0.5450,true,1,338003
55369901284,false,"רסק תפו""ע מנגו ואפרס",ליהי אורצרד אינק,,רסק מנגו ואפרסק ל.ס4יח 452גר,גרמים,452.00,100 גרם,false,1,16.00,3.5398,true,1,244354
55369901673,false,אפלסנקס רביעיות רסק תפוחי עץ אפרסק ללא תוספת סוכר,ליייהי אורצ'רדס,CA,רסק תפוחי עץ ואפרסק ל.ס4יח 452גר,גרמים,452.00,100 גרם,false,1,16.00,3.5398,true,1,230106
55369901703,false,"רסק אפל סנקס תפו""ע תות שדה לל""ס מארז 113X4ג'",ליייהי אורצ'רדס,CA,רסק תפוחי עץ ותות שדה רביעייה ללא 452 גר,גרמים,452.00,100 גרם,false,1,16.00,3.5398,true,1,230105
55369902342,false,אפלסנקס צנצנת רסק תפוחי עץ ממותק בסגנון ביתי 680 גרם עברית,לייהי אורצ'רדס,CA,רסק תפוח עץ ביתי 709 גר צנצנת,גרמים,709.00,100 גרם,false,1,16.00,2.2567,true,1,222193
55369902557,false,אפלסנקס רביעיות רסק תפוחי עץ ממותק בסגנון ביתי עברית,ליייהי אורצ'רדס,CA,"רסק תפו""ע רביעיה ביתי 452 ג",גרמים,452.00,100 גרם,false,1,16.00,3.5398,true,1,224611
55369902564,false,אפלסנקס רביעיות רסק תפוחי עץ ללא תוספת סוכר עברית,ליייהי אורצ'רדס,CA,"רסק תפו""ע רביעיה ללא סוכר 452 ג",גרמים,452.00,100 גרם,false,1,16.00,3.5398,true,1,224610
55369903295,false,אפלסנקס צנצנת רסק תפוחי עץ ללא תוספת סוכר 652 גרם עברית אישור א.י.ל לחולי סוכרת,לייהי אורצ'רדס,CA,רסק תפע ללא סוכר 652 ג באישור א.י.ל (בר,גרמים,709.00,100 גרם,false,12,16.00,2.2567,true,1,296631
55500012046,false,כלורוקס קלין אפ מרסס נוזל לניקוי רב תכלי,כלורוקס אוקלנד,US,כלורקס קלין אפ מרסס 946 מל,מיליליטרים,946.00,"100 מ""ל",false,1,19.90,2.1036,true,1,219650
58449450009,false,דייסת אינסטנט מיקס אורגנ,נייטשר פאת'\,US,דייסת אינסטנט מיקס 400 גר,גרמים,400.00,100 גרם,false,1,26.90,6.7250,true,1,308647
58449450030,false,דייסת מייפל ואגוזי לוז 400 גרם,נייטשר פאת'\,US,דייסת מייפל ואגוזי לוז 400 גר ללא גלוטן,גרמים,400.00,100 גרם,false,1,26.90,6.7250,true,1,308646
58449620013,false,"פצפוצי אורז מלא ללת""ס אורגני 170 גרם",נייטשר פאת',US,פיצפוצי אורז מלא אורגני ללס 170 גר,גרמים,170.00,100 גרם,false,12,18.90,11.1176,true,1,322896
58449620044,false,"פצפוצי חיטת קמו מלא ללת""ס אורגני 170 גרם",נייטשר פאת',US,פיצפוצי חיטה קמוט ללס אורגני 170 גר,גרמים,170.00,100 גרם,false,12,18.90,11.1176,true,1,322897
58449771036,false,סמארט בראן +פסיליום300ג,נייטשר פאת',US,דגני בוקר סמארט בראן 300 גר,גרמים,300.00,100 גרם,false,1,28.90,9.6333,true,1,308643
58449771531,false,סאן רייס קראנצ מייפל 300 גרם,נייטשר פאת',US,דגני סאן רייס קראנצי מייפל 300 גר,גרמים,300.00,100 גרם,false,1,28.90,9.6333,true,1,308645
58449779032,false,דגני טבעות תירס ואורז מלא 325 גר WHOLE,נאטשר פאת פוד,US,ד.בוקר טבעות תירס ואורז אורגני 325 גר,גרמים,325.00,100 גרם,false,1,24.90,7.6615,true,1,295660
58449860013,false,דגני אמאזון 325גר ללא גלוטן,נאטשר פאת פוד,IL,דגני בוקר אמאזון אורגני 400 גר,גרמים,400.00,100 גרם,false,12,24.90,6.2250,true,1,308641
58449860020,false,"גורחלה מאנצ' דגני בוקר natures path לל""ג 284 גרם",נאטשר פאת פוד,US,דגני בוקר גורילה מאנצ אורגני 284 גר,גרמים,284.00,100 גרם,false,1,24.90,8.7676,true,1,308639
58449860037,false,"קואלה קריספי דגני בוקר natures path לל""ג 325 גרם",מולינו ניקולי s.p.a,US,דגני בוקר קוואלה קריספ ורגני 325 גר,גרמים,325.00,100 גרם,false,1,24.90,7.6615,true,1,308640
58449860075,false,כדורי למור בטעם חמאת בוטנים ושוקולד ללא גלוטן,נאטשר פאת פוד,US,דגני בוקר קוואלה קריספ ורגני 326 גר,גרמים,284.00,100 גרם,false,1,25.20,8.8732,true,1,308642
58449870241,false,"שוקו שימפס דגני בוקר natures path לל""ג 284 גרם",נאטשר פאת פוד,US,דגני בוקר כדורי תחרס אורגני 400 גר,גרמים,400.00,100 גרם,false,12,24.90,6.2250,true,1,322898
62558003209,false,סירופ מייפל אורגני 100% טהור,ברנרד סיינט,,סירופ מייפל אמיתי בכד 946 מל,מיליליטרים,946.00,"100 מ""ל",false,1,79.90,8.4461,true,1,307290
62558202381,false,"ארגני טהור 236 מ""ל {12 כשר} b סירופ מייפל",דיקסר קוויבק,CA,סירופ מייפל אורגני בי טהור 236 מל,מיליליטרים,236.00,"100 מ""ל",false,1,29.90,12.6695,true,1,298298
63435711033,false,רויאל טישו 3 שכבות 88 אולטרא,מגסטה,CA,ממחטות אף רויאל טישו אולטרא 3 שכבות 88יח,יחידה,88.00,יחידה,false,1,9.90,0.1125,true,1,298871
63435711514,false,ממחטות אף רויאל טישו,מגסטה,CA,ממחטות אף רויאל טישו 2 שכבות 126יח,יחידה,126.00,יחידה,false,1,9.90,0.0786,true,1,298870
63435730034,false,רויאל מפיות 3 שכבות 40 דף,ארוינג טישו,CA,מפיות נייר 3 שכבות רויאל 40יח,יחידה,40.00,יחידה,false,24,14.90,0.3725,true,1,296529
64144090013,false,פאם תרסיס על בסיס שמן קנולה בטעם חמאה,קונאגרה פודס,US,תרסיס שמן פאם חמאה 141 ג,גרמים,141.00,100 גרם,false,1,18.90,13.4043,true,1,232095
64144090051,false,"ספריי שמן PAM קנולה אורגינל 148 מ""ל",קונאגרה פודס,US,תרסיס שמן פאם קנולה 170 ג,מיליליטרים,148.00,"100 מ""ל",false,1,18.90,12.7703,true,1,245142
65627019712,false,ביסקוויט ספקולס קרמל,דה רוטר בי.וי,NL,ביסקוויט ספקולס דה רוטר 250 גר,גרמים,250.00,100 גרם,false,16,8.90,3.5600,true,1,321164
69145102000,false,עוגיות קנטוציני שקדי,,,עוגיות קנטוציני שקדים 200 גרם,גרמים,200.00,100 גרם,false,1,14.90,7.4500,true,1,295602
69145102048,false,עוגיות קנטוציני אגוז,,,עוגיות קנטוציני לוז שוקולד 180גרם,גרמים,180.00,100 גרם,false,1,17.90,9.9444,true,1,295603
69145102062,false,עוגיות קנטוציני פירו,,,עוגיות קנטוציני פירות ש.שועל 180גרם,גרמים,180.00,100 גרם,false,1,14.90,8.2778,true,1,295604
70177077563,false,תה ארל גריי 25 שקיות טוינינגס 50 גר,אר. טווינינגס אנד קומפני,PL,תה ארל גריי טווינינגס 25 שקיקים,יחידה,25.00,יחידה,false,1,18.90,0.7560,true,1,245725
70177077693,false,תה אנגליש ברקפסט 25 שקיות טוינינגס 50 גר,אר. טווינינגס אנד קומפני,PL,תה ברקפסט טווינינגס 25 שקיקים,יחידה,25.00,יחידה,false,1,18.90,0.7560,true,1,245726
70177078744,false,תה אינגליש ברקפסט נטול קפאין 25 שקיקי,טווינינגס Twinings,PL,תה אינגלש ברקפסט נטול טווינינגס25 שקיקים,יחידה,25.00,יחידה,false,1,19.90,0.7960,true,1,298385
70177078775,false,תה ליידי גריי טוויני,טווינינגס Twinings,,תה ליידי גריי טווינינגס 25 שקיקים,יחידה,25.00,יחידה,false,1,18.90,0.7560,true,1,245724
70177078904,false,תה אנגליש ברקפסט 50 שקיות טוינינגס,אר. טווינינגס אנד קומפני,PL,תה אינגליש ברקפסט טווינינגס 50 שקיקים,יחידה,50.00,יחידה,false,1,34.90,0.6980,true,1,297856
70177078966,false,תה ארל גריי 50 שקיות טוינינגס,אר. טווינינגס אנד קומפני,PL,תה ארל גריי טווינינגס 50 שקיקים,יחידה,50.00,יחידה,false,1,34.90,0.6980,true,1,297855
70177084738,false,טווינינגס שחור רד פרוט 50 גרם,אר.טווינינג אנד קומפני א,PL,תה טווינינגס שחור פירות אדומים 25 שקיקים,יחידה,25.00,יחידה,false,1,18.90,0.7560,true,1,329760
70177084769,false,טווינינגס שחור ונילה 50 גרם,אר.טווינינג אנד קומפני א,PL,תה טווינינגס שחור ונילה 25 שקיקים,יחידה,25.00,יחידה,false,1,18.90,0.7560,true,1,329758
70177086664,false,תה ירוק טהור 25 שק TWININGS,אר. טווינינגס אנד קומפני,PL,תה ירוק טהור טווינינגס 25 שקיקים,יחידה,25.00,יחידה,false,1,19.90,0.7960,true,1,226826
70177120948,false,טווינינגס שחור אפל & סינמון 50 גרם,אר.טווינינג אנד קומפני א,PL,תה טווינינגס שחור תפוח קינמון 25 שקיקים,יחידה,25.00,יחידה,false,1,18.90,0.7560,true,1,329759
70177173159,false,תה ירוק עם לימון 25 שק TWININGS,אר. טווינינגס אנד קו,PL,תה ירוק לימון טווינינגס 25 שקיקים,יחידה,25.00,יחידה,false,1,19.90,0.7960,true,1,299029
70177173166,false,תה יסמין ירוק 25 שקיקים TWININGS,אר. טווינינגס אנד קומפני,PL,תה ירוק יסמין טווינינגס 25 שקיקים,יחידה,25.00,יחידה,false,1,19.90,0.7960,true,1,299032
70177173203,false,תה ירוק עם מנטה 25 שק. טוינינגס,אר. טווינינגס אנד קומפני,PL,תה ירוק מנטה טווינינגס 25 שקיקים,יחידה,25.00,יחידה,false,1,19.90,0.7960,true,1,299031
70177173746,false,תה ירוק לימון ודבש 25 שק. טוינינגס,טוינינג,PL,תה ירוק לימון ודבש טווינינגס 25 שקיקים,יחידה,25.00,יחידה,false,1,19.90,0.7960,true,1,299028
70177175221,false,תה ירוק עם גינגר 25 שק. טוינינגס,טוינינג,PL,תה ירוק גינגר טווינינגס 25 שקיקים,יחידה,25.00,יחידה,false,1,19.90,0.7960,true,1,313674
70177176914,false,תה טווינינג ארל גריי נטול קפאין 25 שקיקי,טווינינגס Twinings,,תה ארל גריי טווינינגס נטול קפאין 25יח,יחידה,25.00,יחידה,false,1,19.90,0.7960,true,1,316308
70177177669,false,חליטה למון גינגר 30 גרם טווינינג,אר. טווינינגס אנד קומפני,PL,חליטת לימון גינגר טווינינגס 25 שקיקים,יחידה,20.00,יחידה,false,1,17.90,0.8950,true,1,313679
70177177683,false,חליטה קמומיל האני 30 גרם טווינינג,אר. טווינינגס אנד קומפני,PL,חליטת קמומיל דבש טווינינגס 25 שקיקים,יחידה,20.00,יחידה,false,1,17.90,0.8950,true,1,313681
70177177737,false,חליטה פיור קמומיל 20 גרם טווינינג,אר. טווינינגס אנד קומפני,PL,חליטת קמומיל טווינינגס 25 שקיקים,יחידה,20.00,יחידה,false,1,17.90,0.8950,true,1,313684
70177177744,false,חליטה פיור פפרמינט 40 גרם טווינינג,טוינינג,PL,חליטת מנטה טווינינגס 25 שקיקים,יחידה,20.00,יחידה,false,1,17.90,0.8950,true,1,313685
70177273330,false,חליטת ורבנה 37.5 גרם טווינינג,טווינינג,PL,חליטת ורבנה טווינינגס 25 שקיקים,יחידה,25.00,יחידה,false,1,17.90,0.7160,true,1,326986
70221011116,false,טובלרון - שוקולד חלב 100 גרם,טובלרון Toblerone,CH,שוקולד טובלרון חלב 100 ג,גרמים,100.00,100 גרם,false,1,6.90,6.9000,true,1,219082
70450020873,false,שזיפים מגולענים סנסוויט 500 גרם,סנסוויט גרוורס קליפו,US,שזיפים ללא חרצנים סן סוויט 500 גר,גרמים,500.00,100 גרם,false,1,24.90,4.9800,true,1,223674
70577000383,false,כוסמת שלמה מקולפת 36,בירקט מילס,US,כוסמת קשה 369 ג,גרמים,369.00,100 גרם,false,6,23.50,6.3686,true,1,218602
70672000516,false,פסטל מחית דלעת 425 גרם,סנקה פוד,,מחית דלעת פסטאל 425 ג,גרמים,425.00,100 גרם,false,1,15.90,3.7412,true,1,227077
70970471254,false,מייק לייק - סוכריות ג'לי בינס קרטונית פירות ירוק 141 גרם,ג'\אסט בורן,US,סוכריות פירות טרופי מייק אנד אייק141 גר,גרמים,102.00,100 גרם,false,1,10.00,9.8039,true,1,235450
70970471261,false,מייק לייק - סוכריות ג'לי בינס קרטונית טרופי אדום 141 גרם,גאסט בורן,US,סוכריות פירות מייק אנד אייק141 גר,גרמים,102.00,100 גרם,false,1,10.00,9.8039,true,1,235451
70970471278,false,מייק לייק - סוכריות ג'לי בינס קרטונית פירות יער כחול 141 גרם,גאסט בורן,US,סוכריות מייק אייק פירות יער 140 גר,גרמים,140.00,100 גרם,false,1,10.00,7.1429,true,1,296913
71537001136,false,"פחית רוטביר 355 מ""ל POLAR",,US,משקה רוט ביר 355מל פח.פקדון,מיליליטרים,355.00,"100 מ""ל",false,24,7.90,2.2254,true,1,328754
71537030136,false,משקה רוט ביר 355מל ב,,US,משקה רוט ביר 355מל בק.פקדון,מיליליטרים,355.00,"100 מ""ל",false,24,12.90,3.6338,true,1,328755
71570001858,false,גלי בלי סוכריות מיקס פירות 70 גרם,ג'לי בלי קינדי,TH,סוכריות גלי בלי מיקס פירות 70 גרם,Unknown,0.00,Unknown,false,1,11.90,0.0000,true,1,315669
72392636914,false,שלוקים פריז פופ סקיט,,US,שלוקים פריז פופ סקיטלס 283.50 גרם,גרמים,284.00,100 גרם,false,6,19.90,7.0070,true,1,337366
72392659913,false,שלוקים פריז פופ חמוץ,,US,שלוקים פריז פופ חמוץ מאוד 283.50 גרם,גרמים,284.00,100 גרם,false,6,19.90,7.0070,true,1,337367
72600005846,false,הר טורטיה דיפר מתירס לבן 383 גרם,הר פודס,US,הר חטיף טורטייה דיפר תירס 340 סגול ג ח,גרמים,383.00,100 גרם,false,9,28.90,7.5457,true,1,243724
72600007130,false,הר חטיף תפוח אדמה חלפניו חריף 170 גרם,הר פודס,US,חטיף הר ציפס חלפיניו חריף 170 גר,גרמים,145.00,100 גרם,false,1,22.90,15.7931,true,1,308966
72600009257,false,הר טורטיה צ'יפס מתירס לבן 255 גרם,הר פודס,US,הר טורטייה ציפס תירס לבן 255 ג חדש לבן,גרמים,255.00,100 גרם,false,9,24.90,9.7647,true,1,243725
72600062290,false,הר חטיף גבינה חלפניו חריף 198 גרם,הר פודס,US,חטיף הר במבה גבינה חריף 198,גרמים,198.00,100 גרם,false,12,24.90,12.5758,true,1,300940
72600062306,false,הרס חטיף במבה בטעם גבינה 198 גרם,הר פודס,US,חטיף גבינה הר ציפס כתום 198 גר,גרמים,198.00,100 גרם,false,1,24.90,12.5758,true,1,241037
72600062313,false,הר חטיף גבינה בפאלו גבינה כחולה 198 גרם,הר פודס,US,חטיף הר במבה גבינה באפלו כחולה 198,גרמים,198.00,100 גרם,false,12,24.90,12.5758,true,1,300939
72600062320,false,הר חטיף גבינה בטעם פיצה 198 גרם,הר פודסn\,US,חטיף גבינה הר ציפס פיצה 198 גר,גרמים,198.00,100 גרם,false,1,24.90,12.5758,true,1,300371
73575273346,false,"נקאנו חומץ אורז 355 מ""ל",מיזקאן,,חומץ אורז טבעי מיצקואן 355 מל ל.ג,מיליליטרים,355.00,"100 מ""ל",false,1,22.50,6.3380,true,1,244692
73899015288,false,רוטב סויה יאמסה 1.8,,,רוטב סויה יאמסה 1.8 מל פרימיום,מיליליטרים,1800.00,"100 מ""ל",false,1,19.90,1.1056,true,1,327469
73970102043,false,"פחית ""דר' בראונס"" בטעם דובדבן 355 מ""ל",פפסי קולה,US,"גזוז בטעם דובדבן שחור 355 מ""ל",מיליליטרים,355.00,"100 מ""ל",false,24,10.50,2.9577,true,1,297167
73970102067,false,משקה מוגז רוט ביר 35,פפסי קולה,US,גזוז בטעם רוט ביר 355 מל פקדון,מיליליטרים,355.00,"100 מ""ל",false,24,10.50,2.9577,true,1,300516
73970102074,false,"משקה ד""ר בראון פחית קרים סודה 355 מ""ל",פפסי קולה,US,משקה קרים סודה דר בראונס 355 מל פקדון,מיליליטרים,355.00,"100 מ""ל",false,24,10.50,2.9577,true,1,297166
74261021333,false,רוטב סויה מיושן 1 ליטר,מנדרין סוי סוס,,רוטב סויה מיושן תמרי 1 לי,ליטרים,1.00,ליטר,false,1,37.90,37.9000,true,1,228844
74261110334,false,רוטב סויה תמרי 1 ליטר,מנדרין סוי סוס,,רוטב סויה תמרי 1 ל,ליטרים,1.00,ליטר,false,1,35.90,35.9000,true,1,221422
74261130103,false,רוטב טריאקי תמרי כתו,מנדרין סוי סוס,,רוטב טריאקי תמרי כתום 296 גר,גרמים,296.00,100 גרם,false,1,18.90,6.3851,true,1,218633
74261130165,false,רוטב טריאקי תמרי כת,מנדרין סוי סוס,,רוטב טריאקי תמרי כתום 500 מל,מיליליטרים,500.00,"100 מ""ל",false,1,28.90,5.7800,true,1,228846
74261150101,false,רוטב סויה תמרי 296 מ,מנדרין סוי סוס,,רוטב סויה תמרי 296 מל זכוכית,מיליליטרים,296.00,"100 מ""ל",false,1,16.90,5.7095,true,1,221423
74261150163,false,רוטב סויה תמרי דל נת,מנדרין סוי סוס,,רוטב סויה תמרי דל נתרן 500 מל,מיליליטרים,500.00,"100 מ""ל",false,1,27.90,5.5800,true,1,329635
74261155106,false,רוטב וושסטר טבעוני 2,,,רוטב וורצסטר טבעוני 296 מל,מיליליטרים,296.00,"100 מ""ל",false,1,21.90,7.3986,true,1,325491
74261201339,false,רוטב סויה תמרי דל נת,מנדרין סוי סוס,,רוטב סויה תמרי דל נתרן 1 לי,ליטרים,1.00,ליטר,false,1,37.90,37.9000,true,1,222640
74305000164,false,"רוטב סויה ע""ב חלבון סויה ואמינו 473 מ""ל",,US,רוטב סויה על בסיס חלבון 473 מל בראג,מיליליטרים,473.00,"100 מ""ל",false,1,34.90,7.3784,true,1,318320
74410470050,false,אצות קומבו 57 גרם רונגצאנג,Qingdao Sun-growing,IL,אצות קומבו 57 גרם רונגצאנג,גרמים,57.00,100 גרם,false,1,12.00,21.0526,true,1,233233
74570004003,false,גלידה בטעם וניל 473 ג' האגן דאז,האגן-דאז,FR,גלידה האגן דאז פיינט וניל,גרמים,417.00,100 גרם,false,1,22.90,5.4916,true,1,221616
74570024001,false,גלידה בטעם תות שדה 473 ג' האגן דאז,האגן-דאז,FR,גלידה האגן דאז פיינט תות שדה,גרמים,417.00,100 גרם,false,1,22.90,5.4916,true,1,221617
74570174003,false,גלידה בטעם אגוזי מקדמיה 473 ג' האגן דאז,האגן-דאז,FR,גלידה האגן דאז פיינט אגוזי מקדמיה,מיליליטרים,473.00,"100 מ""ל",false,1,22.90,4.8414,true,1,221619
74570274000,false,גלידה בטעם קרם עוגיות 473 ג' האגן דאז,האגן-דאז,FR,גלידה האגן דאז פיינט קרם עוגיות,מיליליטרים,473.00,"100 מ""ל",false,1,22.90,4.8414,true,1,221620
74570610051,false,גלידה בטעם שוקולד בלגי 473 ג' האגן דאז,האגן-דאז,FR,גלידה האגן דאז פיינט שוקולד בלגי,גרמים,417.00,100 גרם,false,1,22.90,5.4916,true,1,221618
74570703890,false,"גלידה האגן דאז פרלינים 473 מ""ל",האגן-דאז,FR,גלידה האגן דאז פיינט פרלינים,מיליליטרים,473.00,"100 מ""ל",false,1,22.90,4.8414,true,1,221621
74570950010,false,גלידה בטעם גבינה ותות 473 ג' האגן דאז,האגן-דאז,FR,גלידה האגן דאז פיינט גבינה ותות,מיליליטרים,473.00,"100 מ""ל",false,1,22.90,4.8414,true,1,221623
74680008519,false,וובר מיונז בופאלו לחיץ 311 גרם,ווברס,,מיונז לחיץ ווברס באפלו311 גר,גרמים,311.00,100 גרם,false,1,23.90,7.6849,true,1,237177
74680008526,false,וובר מיונז שום לחיץ 311 גרם,ווברס,,מיונז לחיץ ווברס שום קלוי 311 גר,גרמים,311.00,100 גרם,false,1,23.90,7.6849,true,1,237175
74680008557,false,וובר מיונז ציפוטל 311 גרם,ווברס,,מיונז לחיץ ווברס ציפוטלה 311 גר,גרמים,311.00,100 גרם,false,1,23.90,7.6849,true,1,237178
74680008571,false,ממרח מיונז לחיץ וובר,ווברס,,מיונז לחיץ ווברס סרירצה 311 גר,גרמים,311.00,100 גרם,false,1,23.90,7.6849,true,1,303986
74680008816,false,חרדל וובר בטעם בירה,ווברס,US,חרדל וובר בטעם בירה 284 גרם,גרמים,284.00,100 גרם,false,6,19.90,7.0070,true,1,333546
74680008847,false,חרדל וובר עם רוטב סר,ווברס,US,חרדל וובר עם רוטב סרירצה 284 גרם,גרמים,284.00,100 גרם,false,6,19.90,7.0070,true,1,333547
74880020403,false,טוגראשי נאנאמי 15 גרם,JFC JAPAN INC.,JP,טוגראשי 15 גרם S&B,גרמים,15.00,100 גרם,false,160,18.50,123.3333,true,1,243135
75039007979,false,מריה רוטב פסטה עם בזיליקום 680 גרם,"מאכלי עולם ר.ז. בע""מ",US,רוטב פסטה מריה בזיליקום 680 גרם,גרמים,680.00,100 גרם,false,12,17.90,2.6324,true,1,314708
75039008013,false,מריה רוטב פסטה טבעי רגיל 680 גר',ג'יאובני פוד,US,רוטב פסטה מריה 680 גרם,גרמים,680.00,100 גרם,false,12,17.90,2.6324,true,1,314707
75039008020,false,רוטב פסטה מריה בשר 6,ג'יאובני פוד,,רוטב פסטה מריה בשר 680 גרם,גרמים,737.00,100 גרם,false,1,17.90,2.4288,true,1,316734
75810021354,false,"רוטב סויה סאן גיי תמרי 592 מ""ל ללא גלוטן",סאן-ג'י,US,רוטב סויה תמרי סאן גיי ללא גלוטן592מל,מיליליטרים,592.00,"100 מ""ל",false,1,38.90,6.5709,true,1,233911
76840001743,false,פינט בצק עוגיות טבעוני ל,מוצרי איכות אמריקאיי,IL,גל.בן אנד גריס ללא חלב בצק עוגיות טבעוני,מיליליטרים,473.00,"100 מ""ל",false,1,29.90,6.3214,true,1,318349
76840001767,false,"גלידה בן &ג'ריס וניל עוגיות חמאת בוטנים 500 מ""ל",מוצרי איכות אמריקאיים בע,IL,גל. בן אנד גריס חמאת בוטנים,מיליליטרים,473.00,"100 מ""ל",false,1,19.90,4.2072,true,1,321441
76840001774,false,"גלידה עוגיות חלב עם חתיכות פאדג בן וג'ירי 500 מ""ל",מוצרי איכות אמריקאיים בע,IL,גל. בן אנד גריס בצק עוגיות שוקו ציפס,מיליליטרים,473.00,"100 מ""ל",false,1,19.90,4.2072,true,1,321440
76840002351,false,גלידה גימי סמור עם מרשמלו קלוי פירורי שוקולד בן וג'ירי 428 ג',מוצרי איכות אמריקאיי,IL,גלידה בן אנד גריס גימי סמור 473מל,מיליליטרים,473.00,"100 מ""ל",false,1,19.90,4.2072,true,1,327602
76840002542,false,"גלידת בן & ג'ריס פיינט נטפליקס וצ'ילד 500מ""ל",מוצרי איכות אמריקאיים בע,IL,גלידה בן אנד גריס פיינט נטפליקס צילד 473,מיליליטרים,473.00,"100 מ""ל",false,1,19.90,4.2072,true,1,322595
76840002566,false,נטפליקס צילד ללא חלב 417,מוצרי איכות אמריקאיי,US,גל.בן אנד גריס ל.חלב נטפילקס צילד 473מל,מיליליטרים,473.00,"100 מ""ל",false,1,29.90,6.3214,true,1,322596
76840100125,false,"גלידת צ'אבי האבי בן וג'ירי 473 מ""ל",מוצרי איכות אמריקאיים בע,IL,גל.וניל עם פאדג בן אנד גריס 500 מל פיינט,מיליליטרים,500.00,"100 מ""ל",false,1,19.90,3.9800,true,1,228638
76840100156,false,"בן אנד גריס גלידת צרי גרסיה 500 מ""ל",מוצרי איכות אמריקאיים בע,IL,גל. בן אנד גריס דובדבנים פאדג 473 מל,מיליליטרים,473.00,"100 מ""ל",false,1,19.90,4.2072,true,1,244422
76840100583,false,"גלידת וניל עם בצק עוגיות בן וג'ירי 473 מ""ל",מוצרי איכות אמריקאיים בע,IL,בצק עוגיות 500 מל,מיליליטרים,473.00,"100 מ""ל",false,6,19.90,4.2072,true,1,227961
76840100811,false,בן&גריס פיינט שמנת בטעם ח.בוטנים עם בוטנ,מוצרי איכות אמריקאיים בע,IL,גל.באטר קאפ בן אנד גריס 473מל פיינט,מיליליטרים,473.00,"100 מ""ל",false,1,19.90,4.2072,true,1,234624
76840100989,false,"גלידה בן & גריס שוקולד מרשמלו קרמל ופאדג' 500 מ""ל",מוצרי איכות אמריקאיים בע,IL,גלידב בן אנד גריס פיש פוד 500מל,גרמים,473.00,100 גרם,false,1,19.90,4.2072,true,1,241464
76840101542,false,גלידת קרמל סוטרא 428גרם,מוצרי איכות אמריקאיים בע,US,גלידה בן אנד גריס קרמל 473 מל,גרמים,473.00,100 גרם,false,1,19.90,4.2072,true,1,232467
76840102051,false,"גלידת שמנת קרמל וקינמון בן וג'ירי 473 מ""ל",מוצרי איכות אמריקאיים בע,IL,גלידה בן אנד גריס קינמון באנס 500מל,מיליליטרים,500.00,"100 מ""ל",false,1,19.90,3.9800,true,1,225727
76840400218,false,"גלידה בן&ג'ריס תות שדה ועוגת גבינה 500מ""ל",מוצרי איכות אמריקאיים בע,IL,עוגת גבינה עם תות שדה 500 מל,מיליליטרים,473.00,"100 מ""ל",false,6,19.90,4.2072,true,1,239118
76840580767,false,פינט באטרעוגיות טבעוני ל,מוצרי איכות אמריקאיים,US,גל.בן אנד גריס ל.חלב פינט באטר טבעוני,מיליליטרים,473.00,"100 מ""ל",false,1,29.90,6.3214,true,1,302398
76840620029,false,גלידת בן אנד ג'ריס בטעם תות שדה,מוצרי איכות אמריקאיים בע,IL,גלידה בן אנד גריס תות שדה,מיליליטרים,500.00,"100 מ""ל",false,1,19.90,3.9800,true,1,220559
76840620036,false,"גלידה בן&ג'ריס חצי אפוי משפחתית 500מ""ל",מוצרי איכות אמריקאיים בע,IL,גל.וניל בן אנד גריס וניל עוגיות חצי אפוי,מיליליטרים,500.00,"100 מ""ל",false,1,19.90,3.9800,true,1,310998
76864120109,false,חרדל אמריקאי מתובל ג,אטדטש,US,חרדל אמריקאי מתובל גרגירים 340 גר,גרמים,340.00,100 גרם,false,1,14.90,4.3824,true,1,315725
77343000233,false,נרות חימום 50 יחידות,"מנורה שי נר בע""מ",IL,נרות חימום 50 יח בשקית יצוא,Unknown,0.00,Unknown,false,1,10.90,0.0000,true,1,226867
77428105402,false,בונבוניירה טוליפ 175,,NL,בונבוניירה טוליפ 175 ג דרוסטה,גרמים,175.00,100 גרם,false,6,24.90,14.2286,true,1,336836
77975010167,false,סניידרס חטיף מקלוני חיטה בתוספת דבש 340.2 גרם,סניידרס אוף האנובר,US,בייגלה סניידרס טוויסט עם דבש 340 גרם,גרמים,340.00,100 גרם,false,1,16.90,4.9706,true,1,309811
77975022757,false,בייגלה קשה מבצק שאור בסגנון אמריקאי,סניידרס אוף האנובר,US,בייגלה אמריקאי ענק קופסא 382 גר,גרמים,382.00,100 גרם,false,1,16.90,4.4241,true,1,225505
77975034071,false,סניידרס חטיף בייגלה ניברלס 255.2 גרם,ליימן מותגים,US,שברי בייגלה סניידרס ניברלס ביסוני255.2גר,גרמים,255.00,100 גרם,false,1,16.90,6.6275,true,1,298693
77975036983,false,מטבל עגבניות בחריפות סניידרס 439 ג',סניידרס אוף האנובר,US,סלסה סניידרס חריף439 גר,גרמים,439.00,100 גרם,false,1,16.90,3.8497,true,1,298691
77975088227,false,שברי בייגלה בצל חרדל340ג,סניידרס אוף האנובר,US,שברי בייגלה דבש חרדל 340 גר,גרמים,340.00,100 גרם,false,1,16.90,4.9706,true,1,229855
77975091975,false,סנדוויץ' בייגלה סניידרס במילוי קרם בטעם פיצה 226.8 גר',ליימן מותגים,US,בייגלה סניידרס סנדוויף פיצה228.6 גרם,גרמים,229.00,100 גרם,false,12,16.90,7.3799,true,1,319468
77975093085,false,"בייגלה מצופה כעכים בציפוי שוקולד חלב, 141 ג סניידרס",סניידרס Snyder's,US,בייגלה סניידרס מצופה שוקולד חלב 141 גרם,גרמים,141.00,100 גרם,false,1,16.90,11.9858,true,1,336497
77975093108,false,"בייגלה מצופה כעכים בציפוי בטעם שוקולד לבן, 141 ג סניידרס",סניידרס Snyder's,US,בייגלה סניידרס מצופה שוקולד לבן 141 גרם,גרמים,141.00,100 גרם,false,1,16.90,11.9858,true,1,336498
77975094624,false,"סניידרס סנדוויץ בייגלה במילוי חמאת בוטנים , 226 ג'",סניידרס Snyder's,US,שברי בייגלה סניידרס במילוי ח.בוטנים280ג,גרמים,280.00,100 גרם,false,1,16.90,6.0357,true,1,324794
77975094631,false,סניידרס סנדוויץ' בייגלה במילוי קרם בטעם צ'דר 226 גרם,סניידרס לאנס,US,בייגלה סניידס סנדוויץ קרם צדר226.8גר,גרמים,227.00,100 גרם,false,1,16.90,7.4449,true,1,325446
77975094761,false,סניידרס חטיפים על בסיס קמח חיטה בטעם גבינת צ'דר,סניידרס אוף האנובר,US,שברי בייגלה סניידרס צדר 340 גרם,גרמים,340.00,100 גרם,false,1,16.90,4.9706,true,1,327468
77975094778,false,שברי בייגלה סניידרס בטעם דבש חרדל 340 גר,סניידרס אוף האנובר,US,שברי בייגלה סיידרס דבש חרדל 340 גר,גרמים,340.00,100 גרם,false,1,16.90,4.9706,true,1,328187
77975095133,false,שברי בייגלה בטעם פיקנטי 318 ג' סניידרס,סניידרס Snyder's,US,שברי בייגלה סניידרס פיקנטי 319גרם,גרמים,319.00,100 גרם,false,12,16.90,5.2978,true,1,337655
77975095157,false,סניידרס שברי בייגלה בטעם חלפיניו 318 גרם,סניידרס Snyder's,US,שברי בייגלה סניידרס חלפיניו 318 גרם,גרמים,318.00,100 גרם,false,1,16.90,5.3145,true,1,335256
77975095164,false,שברי בייגלה בטעם פרמז'ן ושום 318 ג' סניידרס,סניידרס,US,שברי בייגלה סניידרס פרמזן ושום 318 גר,גרמים,318.00,100 גרם,false,12,16.90,5.3145,true,1,337654
78895120318,false,רוטב למוקפץ עם סויה ושום 50 גרם LKK,לי קום קי פודס,CN,רוטב למוקפץ סויה ושום 50 גרם לי קום ק,Unknown,0.00,Unknown,false,12,6.90,0.0000,true,1,334187
78895121896,false,רוטב למוקפץ עם עגבניות ושום 70 ג' LKK,לי קום קי פודס,CN,רוטב למוקפץ עגבניות ושום70 גרם לי קום ק,Unknown,0.00,Unknown,false,12,6.90,0.0000,true,1,334192
78895131178,false,רוטב למוקפץ עם סויה ודבש 70 גרם LKK,לי קום קי פודס,CN,רוטב למוקפץ דבש וסויה 70 גרם לי קום ק,Unknown,0.00,Unknown,false,12,6.90,0.0000,true,1,334188
78895132908,false,רוטב סויה משובח לי ק,לי קום קי פודס,CN,רוטב סויה משובח לי קום קי 500 מל,מיליליטרים,500.00,"100 מ""ל",false,12,19.90,3.9800,true,1,324509
78895138603,false,רוטב למוקפץ חמוץ מתוק 60 גרם LKK,לי קום קי פודס,CN,רוטב למוקפץ חמוץ מתוק 60 גרם לי קום ק,Unknown,0.00,Unknown,false,12,6.90,0.0000,true,1,334191
78895148077,false,רוטב למוקפץ נודלס 50 גרם LKK,לי קום קי פודס,CN,רוטב למוקפץ נודלס 50 גרם לי קום ק,Unknown,0.00,Unknown,false,12,6.90,0.0000,true,1,334190
78895148299,false,רוטב למוקפץ להכנת עוף קונג פאו 60 ג' LKK,לי קום קי פודס,CN,רוטב למוקפץ עוף קונג פאו 60 גרם לי קום ק,Unknown,0.00,Unknown,false,12,6.90,0.0000,true,1,334189
78895153453,false,רוטב סויה בהיר LEE KUM KEE,לי קום קיי Lee kum kee,CN,רוטב סויה בהיר לי קום קי 250 מל,מיליליטרים,250.00,"100 מ""ל",false,12,11.90,4.7600,true,1,324507
78895153460,false,רוטב סויה כהה לי קום,לי קום קיי Lee kum kee,CN,רוטב סויה כהה לי קום קי 250 מל,מיליליטרים,250.00,"100 מ""ל",false,12,12.90,5.1600,true,1,324508
79200049034,false,סוכריות גלי נרדס בטע,,US,סוכריות גלי נרדס בטעם פירות 85 גרם,Unknown,0.00,Unknown,false,12,9.90,0.0000,true,1,337969
79200558338,false,נרדס - סוכריות צבעוניות בטעמים 141 גרם,,US,סוכריות נרדס מיני טעם פירות 141 גרם,גרמים,141.00,100 גרם,false,12,9.90,7.0213,true,1,321326
79200616007,false,ונקה נרדס ענבים תות 141 גרם,,US,סוכריות נרדס מיני טעם ענבים 142 גרם,גרמים,142.00,100 גרם,false,12,9.90,6.9718,true,1,321325
79200773809,false,נרדס - סוכריות חמוצות בטעמים 120 גרם,,US,סוכריות גלי נרדס פירות חמוץ מתוק120 גרם,גרמים,142.00,100 גרם,false,12,9.90,6.9718,true,1,337968
80432402931,false,"שיבאס וויסקי ריגאל 12 שנה 700 מ""ל",מזקקת האחים שיבאס,GB,וויסקי שיבאס ריגאל 700 מל פקדון,מיליליטרים,700.00,"100 מ""ל",false,1,125.00,17.8571,true,1,237368
80432402993,false,"וויסקי סינגל מאלט גלן גראנט 700 מ""ל TMR",,,וויסקי גלן גראנט סינגל מאלט 700 מל,מיליליטרים,700.00,"100 מ""ל",false,1,99.90,14.2714,true,1,241787
80480005269,false,"רום בקרדי שחור קרטה נגרה 750 מ""ל",,,בקרדי קרטה נגרה שחור 750 מל,מיליליטרים,750.00,"100 מ""ל",false,1,129.00,17.2000,true,1,311336
80516138244,false,יין ריונט מבעבע פטל,,,יין ריונט מבעבע פטל 750 מל,מיליליטרים,750.00,"100 מ""ל",false,1,35.00,4.6667,true,1,229793
82184088654,false,"וויסקי גק דניאלס סינגל בארל 700 מ""ל",ג'ק דניאלס Jack Daniel's,US,וויסקי גק דניאלס סינגל בארל 700 מל,מיליליטרים,700.00,"100 מ""ל",false,6,229.00,32.7143,true,1,241680
82184090442,false,וויסקי ג'ק דניאלס 1 ליטר,בראון פורמן,US,וויסקי גק דניאלס 1 ליטר,ליטרים,1.00,ליטר,false,1,150.00,150.0000,true,1,298367
84213017420,false,מסטמכר מיסלי אורגני עם אגוזים וצימוקים 500 גרם,מרום את קונפינו,DE,תערובת מיסלי אורגני אגוזים צימוקים 500ג,גרמים,500.00,100 גרם,false,1,17.90,3.5800,true,1,218722
84213017475,false,מסטמכר מיסלי אורגני עם פירות יבשים 500 גרם,מרום את קונפינו,DE,תערובת מיסלי אורגני עם פירות 500 ג,גרמים,500.00,100 גרם,false,1,17.90,3.5800,true,1,218723
84213017499,false,מסטמכר מיסלי אורגני עם פירות יער 500 גרם,מרום את קונפינו,DE,תערובת מיסלי אורגני פירות יער 500 ג,גרמים,500.00,100 גרם,false,1,17.90,3.5800,true,1,218724
84279978727,false,יין גוורצטרמינר פאלץ,,DE,יין גוורצטרמינר לבן שטרלינג קאסל 750 מל,מיליליטרים,750.00,"100 מ""ל",false,6,45.00,6.0000,true,1,313872
84380422133,false,וודקה פראבדה 1 ליטר,jobert polska,PL,וודקה פראבדה 1 ליטר,ליטרים,1.00,ליטר,false,1,129.00,129.0000,true,1,244016
84909007087,false,גרגירי טפיוקה שופרא,אינטר פוד,TH,גרגירי טפיוקה שופרא 400 גר,גרמים,400.00,100 גרם,false,12,8.50,2.1250,true,1,237142
85696607207,false,טופו מורינו במרקם רך {סגול}340 גרם כשר,פסיפיק נוטרישונל פוד,US,טופו רך מוריגאנא ללא גלוטן לייט 349 גר,גרמים,349.00,100 גרם,false,12,12.90,3.6963,true,1,314933
85696608037,false,טופו רך ללא גלוטן 340ג' (כ) Morinaga,Morinaga NUTRITIONAL,US,טופו רך ללא גלוטן 349 גר,גרמים,349.00,100 גרם,false,1,11.90,3.4097,true,1,243939
85696608044,false,טופו ללא גלוטן 349ג' (כ) Morinaga,Morinaga nutritional,US,טופו ללא גלוטן 349 גר,גרמים,349.00,100 גרם,false,1,11.90,3.4097,true,1,243938
87000006928,false,"רום קפטן מורגן בלאק 750 מ""ל",אלכוהול (איי.בי.בי),,קפטיין מורגן כהה 750 מל פקדון,מיליליטרים,75000.00,"100 מ""ל",false,1,89.00,0.1187,true,1,219024
87666052819,false,"רוטב סריראצ'ה סופר חריף 455 מ""ל",EXOTIC FOOD PCL,,רוטב סריראצה סופר חריף 455 מל,מיליליטרים,455.00,"100 מ""ל",false,1,24.90,5.4725,true,1,312573
87666052888,false,"רוטב סריראצ'ה עם לימון גראס 455 מ""ל",EXOTIC FOOD PCL,,רוטב סריראצה עם למון גראס 455 מל,מיליליטרים,455.00,"100 מ""ל",false,1,24.90,5.4725,true,1,312575
87752002537,false,יין ברון הרצוג שנין,ברון הרצוג אל אג,US,יין ברון הרצוג שנין בלאן 750 מל,מיליליטרים,750.00,"100 מ""ל",false,12,60.00,8.0000,true,1,320157
87752003435,false,יין ברטנורא פינו גרי,ברטנורא,IT,יין ברטנורא פינו גריגיו 750 מל,מיליליטרים,750.00,"100 מ""ל",false,12,65.00,8.6667,true,1,320162
87752005644,false,"יין מוסקטו ברטנורה 750 מ""ל",מיסזקו אס.איי,IT,יין ברטנורא מוסקטו 750 מל,מיליליטרים,750.00,"100 מ""ל",false,12,65.00,8.6667,true,1,320161
87752011218,false,פסגות קברנה סוביניון,פסגות,IL,יין פסגות קברנה סוביניון 750 מל,מיליליטרים,750.00,"100 מ""ל",false,12,100.00,13.3333,true,1,333649
87752013854,false,יין ברטנורא ספרקלינג,ברטנורא,IT,יין ברטנורא ספרקלינג רוזה 750 מל,מיליליטרים,750.00,"100 מ""ל",false,12,85.00,11.3333,true,1,320165
87752016084,false,יין מונטיפיורי אדום,יקב מונטיפיורי,,יין מונטיפיורי אדום 2012 750 מל פקדון,מיליליטרים,750.00,"100 מ""ל",false,1,60.00,8.0000,true,1,238728
87752019207,false,יין פסגות סיני אדום,פסגות,IL,יין פסגות סיני אדום 750 מל,מיליליטרים,750.00,"100 מ""ל",false,12,80.00,10.6667,true,1,333985
87752021439,false,יין אלוי וינה אינסינ,אלוי,ES,יין אלוי וינה אינסינה אדום 750 מל,מיליליטרים,750.00,"100 מ""ל",false,12,60.00,8.0000,true,1,320428
87752022962,false,יין ברטנורא ספרקלינג,ברטנורא,IT,יין ברטנורא ספרקלינג דמי סק 750 מל,מיליליטרים,750.00,"100 מ""ל",false,12,85.00,11.3333,true,1,320167
87752026366,false,שמפניה דרפיה רוזה 75,,FR,שמפניה דרפיה קראט דאור 750 מל,מיליליטרים,750.00,"100 מ""ל",false,6,269.00,35.8667,true,1,322325
88004144746,false,"פיירבול -ליקר וויסקי וקינמון 700 מ""ל",,CA,ליקר וויסקי שוטר קינמון פיירבול 750מל פק,מיליליטרים,750.00,"100 מ""ל",false,1,109.00,14.5333,true,1,232009
88586000171,false,יין קול סולרה שאטו ס,"ארה""ב סיינט מישל ווי",,יין קול סולרה שאטו סנט מישל 750מל פקדון,מיליליטרים,750.00,"100 מ""ל",false,1,380.00,50.6667,true,1,234418
88586000256,false,יין מרלו קולומביה וא,"ארה""ב סיינט מישל ווי",,יין מרלו קולומביה ואלי נורתסטאר 750מל פק,מיליליטרים,750.00,"100 מ""ל",false,1,210.00,28.0000,true,1,234420
88586000720,false,יין קברנה טו ווינס 750 מל,"ארה""ב סיינט מישל ווי",,יין קברנה טו ויינז קולומביה 750 מל פיקדו,מיליליטרים,750.00,"100 מ""ל",false,1,45.00,6.0000,true,1,225464
88586000751,false,"יין סירה שאטו סיינט מישל 750 מ""ל","ארה""ב סיינט מישל ווי",US,יין סירה שאטו סנט מישל 750 מל פקדון,מיליליטרים,750.00,"100 מ""ל",false,1,65.00,8.6667,true,1,233145
88586000850,false,יין גרנד אסטייטס שיר,"ארה""ב סיינט מישל ווי",,יין גרנד אסטייטס שיראז 750 מל פיקדון,מיליליטרים,750.00,"100 מ""ל",false,1,70.00,9.3333,true,1,296216
88586001109,false,יין מרלו טו ווינס 750 מל,"ארה""ב סיינט מישל ווי",,יין מרלו טו ויינז קולומביה 750 מל פיקדו,מיליליטרים,750.00,"100 מ""ל",false,1,45.00,6.0000,true,1,225463
88586001338,false,יין סירה טו ויינז קו,"ארה""ב סיינט מישל ווי",,יין שיראז טו ויינז קולומביה 750 מל פיקדו,מיליליטרים,750.00,"100 מ""ל",false,1,45.00,6.0000,true,1,225462
88586002052,false,יין אתוס רזרב סירה ש,"ארה""ב סיינט מישל ווי",,יין אתוס רזרב סירה שאטו סנט מישל 750מל,מיליליטרים,750.00,"100 מ""ל",false,1,140.00,18.6667,true,1,234416
88586004483,false,יין הוט טו טרוט אדום,"ארה""ב סיינט מישל ווי",,יין הוט טו טרוט אדום האנדס 750מל פקדון,מיליליטרים,750.00,"100 מ""ל",false,1,60.00,8.0000,true,1,232874
88586401848,false,יין גרנד אסטייטס קבר,"ארה""ב סיינט מישל ווי",,יין גרנד אסטייטס קברנה 750 מל פיקדון,מיליליטרים,750.00,"100 מ""ל",false,1,60.00,8.0000,true,1,225843
88586403866,false,יין שרדונה טו ויינז,"ארה""ב סיינט מישל ווי",,יין שרדונה טו ויינז קולומביה750מל פיקדו,מיליליטרים,750.00,"100 מ""ל",false,1,45.00,6.0000,true,1,225466
88586418976,false,מרלו קברנה טו ויינז,"ארה""ב סיינט מישל ווי",,יין מרלו.ק טו ויינז קולומביה750מל פיקדו,מיליליטרים,750.00,"100 מ""ל",false,1,45.00,6.0000,true,1,225467
88586421860,false,יין טו ויינס ריזלינג 750 מל,"ארה""ב סיינט מישל ווי",,יין ריזלינג טו ויינז קולומביה750מל פיקדו,מיליליטרים,750.00,"100 מ""ל",false,1,45.00,6.0000,true,1,225465
88586425868,false,יין טו ויינס גוורצטרמינר 750 מל,"ארה""ב סיינט מישל ווי",,יין גוורצטרמינר טו ויינז 750מל פיקד,מיליליטרים,750.00,"100 מ""ל",false,1,45.00,6.0000,true,1,225468
88586600241,false,יין מבעבע דומיין סנט,"ארה""ב סיינט מישל ווי",,יין אדום ברוט דומיין סנט מישל 750 מל פקד,מיליליטרים,750.00,"100 מ""ל",false,1,60.00,8.0000,true,1,334229
88586601835,false,יין אדום קברנה סובינ,"ארה""ב סיינט מישל ווי",,יין אדום קברנה סוביניון שאטו סנט מישל750,מיליליטרים,750.00,"100 מ""ל",false,1,65.00,8.6667,true,1,230793
88586602832,false,יין אדום מרלו שאטו ס,"ארה""ב סיינט מישל ווי",,יין אדום מרלו שאטו סנט מישל 750 מל פקדון,מיליליטרים,750.00,"100 מ""ל",false,1,65.00,8.6667,true,1,230792
88586603846,false,יין שרדונה שאטו סיינ,"ארה""ב סיינט מישל ווי",,יין שרדונה שאטו סיינט מישל 750,מיליליטרים,750.00,"100 מ""ל",false,1,60.00,8.0000,true,1,307405
88586621840,false,יין לבן ריזלינג שאטו,"ארה""ב סיינט מישל ווי",,יין לבן ריזלינג שאטו סנט מישל 750מל פקדו,מיליליטרים,750.00,"100 מ""ל",false,1,60.00,8.0000,true,1,230729
88586625848,false,שאטו סאנט מישל גוורצטראמינר 750 מל,"ארה""ב סיינט מישל ווי",,יין גוורצטרמינר שאטו סנט מישל 750מ פיקדו,מיליליטרים,750.00,"100 מ""ל",false,1,60.00,8.0000,true,1,225461
88586667954,false,יין הורס הבן הילז סו,"ארה""ב סיינט מישל ווי",,יין הורס הבן הילז סובניון 750 מל,מיליליטרים,750.00,"100 מ""ל",false,1,90.00,12.0000,true,1,244765
89041081056,false,שמן סויה בתיבול צילי,Flavor full foods in,TW,שמן סויה בתיבול צילי 185 מל,מיליליטרים,185.00,"100 מ""ל",false,1,11.90,6.4324,true,1,222254
89397344300,false,דיניקולה רוטב פסטה עגבניות ובזיל 737 גרם,ג'יאובני פוד אינק,US,רוטב פסטה דיניקולה עם בזיליקום 737 גר,גרמים,737.00,100 גרם,false,12,16.90,2.2931,true,1,218827
89397344348,false,דיניקולה רוטב פסטה עם שום קלוי 737 גרם,ג'יאובני פוד אינק,US,רוטב פסטה דיניקולה עם שום קלוי 737 מל,מיליליטרים,737.00,"100 מ""ל",false,12,16.90,2.2931,true,1,218829
89397344362,false,רוטב דיניקולה פסטה בטעם מרינדה 737 גרם,ג'יאובני פוד אינק,US,רוטב פסטה דיניקולה מרינדה 737 מל,מיליליטרים,737.00,"100 מ""ל",false,12,16.90,2.2931,true,1,230139
89819006731,false,יין ברינגר זינפנדל פאונדרס אסטייט 750 מ,ברינגר,US,יין סטון סלרס קברנה סוביניון 750 מלפקדון,מיליליטרים,750.00,"100 מ""ל",false,1,60.00,8.0000,true,1,314259
89819013173,false,ברינגר פאונדר איסטייט קברנה סובניון 750,ברינגר,US,יין ברינגר פאונדרס אסטייט ק.סובניון 750,מיליליטרים,750.00,"100 מ""ל",false,12,60.00,8.0000,true,1,314264
93133737325,false,רוטב טריאקי שומשום עברית 566 גרם,אקזוטיק סאוס,US,רוטב טרייאקי מייקי שומשום 566 מל,מיליליטרים,566.00,"100 מ""ל",false,1,44.90,7.9329,true,1,229035
96086000003,false,קיטו מיני גריסיני בסיס קמח שקדים 200 גרם,מצות אביב 2014 מאפה בעמ,IL,קיטו מיני גריסיני מקמח שקדים 200 גר,גרמים,200.00,100 גרם,false,12,22.90,11.4500,true,1,328905
96086000461,false,מצה ללא קמח חיטה 300,,,מצה ללא קמח חיטה 300 גר,גרמים,300.00,100 גרם,false,1,22.90,7.6333,true,1,302863
96086000676,false,"עוגיות מקמח כוסמין ציה ללת""ס 200 גרם",מצות אביב 2014 מאפה בעמ,IL,עוגיות קלות ללס מקמח כוסמין וציה 200ג,גרמים,200.00,100 גרם,false,12,13.90,6.9500,true,1,328904
96086000720,false,קרקר כוסמין מלא ושומשום ללא מלח,,,מצות פאן פאן דבש 200 ג אביב,גרמים,200.00,100 גרם,false,12,12.90,6.4500,true,1,328901
96086001031,false,פירורי קיטו מקמח שקד,מצות אביב 2014 מאפה בעמ,IL,פירורי קיטו מקמח שקדים 300 גר,גרמים,300.00,100 גרם,false,12,23.90,7.9667,true,1,328906
96086001048,false,עוגיות קיטו שקדים אגוזי לוז וקקאו 200 גר,,,עוגיות קיטו שקדים קקאו 200 גר,גרמים,200.00,100 גרם,false,,23.90,11.9500,true,1,333005
96086001338,false,"מצות הגדה - אביב 1 ק""ג",מצות אביב 2014 מאפה בעמ,IL,מצות אביב 1 קג,קילוגרמים,1.00,"ק""ג",false,1,14.90,14.9000,true,1,244889
96086001789,false,קרקר ביס מקמח כוסמין אורגני 150 גרם,מצות אביב 2014 מאפה בעמ,IL,קרקר ביס כוסמין מלא אורגני 150 גר,גרמים,150.00,100 גרם,false,12,12.90,8.6000,true,1,328900
190484002031,false,תבשיל מאק אנד ציז204,,,תבשיל מאק אנד ציז204 גר,גרמים,204.00,100 גרם,false,1,11.90,5.8333,true,1,328363
195414154798,false,שיכר נובו ספרקלין 70,,FR,שיכר נובו ספרקלין 700 מל,מיליליטרים,700.00,"100 מ""ל",false,6,99.00,14.1429,true,1,329642
305210416383,false,"ואזלין קרם גוף לגבר נספג במהירות 600 מ""ל","יוניליוור, ג'פרסון סיטי,",US,קרם תחליב גוף וזלין לגבר 618מל,מיליליטרים,618.00,"100 מ""ל",false,1,23.90,3.8673,true,1,309213
305213079004,false,"תחליב גוף להזנה עמוקה צהוב וזלין 600 מ""ל","יוניליוור, ג'פרסון סיטי,",US,קרם תחליב גוף וזלין צהוב 603 מל,מיליליטרים,603.00,"100 מ""ל",false,1,23.90,3.9635,true,1,309211
350007641028,false,משחת שיניים קולגייט משחה 2ב1 הלבנה 130 גרם,קולגייט Colgate,MX,משחת שיניים קולגייט 130גר 2ב1 הלבנה,מיליליטרים,130.00,"100 מ""ל",false,12,19.90,15.3077,true,1,326773
350007641646,false,משחת שיניים ומי פה 2 ב-1 לנשימה רעננה,קולגייט Colgate,MX,משחת שיניים קולגייט 130גר 2ב1 רעננות,מיליליטרים,130.00,"100 מ""ל",false,12,19.90,15.3077,true,1,326772
601968168957,false,בוצר דגם ירדן,,,בוצר דגם ירדן,יחידה,1.00,יחידה,false,1,249.00,249.0000,true,1,335360
605453520961,false,סורימי דליקטס שרימפס 300 גר,אל.אם פודס,US,סורימי דליקטס 300גר,גרמים,300.00,100 גרם,false,12,34.90,11.6333,true,1,315489
605453620746,false,סורימי בטעם צדפות 340 גרם,אל.אם פודס,US,סורימי בטעם צדפות 350גר,גרמים,300.00,100 גרם,false,12,34.90,11.6333,true,1,315416
608614310463,true,אוכמניות יבוא לאקי ב,,,אוכמניות יבוא לאקי ברי בקופסא,Unknown,0.00,Unknown,false,,14.90,0.0000,true,1,337044
611745282424,false,לחם קינואה וכוסמת מו,,,לחם קינואה וכוסמת מונבטת 420גר,גרמים,420.00,100 גרם,false,6,25.90,6.1667,true,1,324630
611745285685,false,אבוקדו בשל מארז 2יחידות,"מור בריאות בע""מ",IL,אבוקדו בשל ארוז יח,Unknown,0.00,Unknown,false,1,9.90,0.0000,true,1,303154
611745301514,false,פריכיות כוסמת ספירול,זן בר המכללה לטבעונו,IL,פריכיות כוסמת ספירולינה 120גר,גרמים,120.00,100 גרם,false,1,12.90,10.7500,true,1,313483
613008720209,false,"אריזונה משקה בטעם אבטיח פחית 680 מ""ל",אריזונה,US,משקה אריזונה אבטיח 680 מל פקדון,מיליליטרים,680.00,"100 מ""ל",false,1,11.90,1.7500,true,1,295953
613008722395,false,משקה אריזונה תה ירוק,אריזונה,,משקה אריזונה תה ירוק 680 מל פח פיקדון,מיליליטרים,680.00,"100 מ""ל",false,1,11.90,1.7500,true,1,313157
613008742348,false,בקבוק אריזונה ג'נסינג ודבש 1 ליטר,"נטורלה גטרנק בע""\מn\",BG,משקה תה אריזונה גינסנג דבש 1ל בק.פקדון,ליטרים,1.00,ליטר,false,1,11.90,11.9000,true,1,324009
613008742409,false,בקבוק אריזונה אפרסק 1 ליטר,"נטורלה גטרנק בע""\מn\",DE,משקה תה אריזונה אפרסק 1ליטר בק.פקדון,ליטרים,1.00,ליטר,false,1,11.90,11.9000,true,1,324008
613008753290,false,"בקבוק אריזונה אפרסק 450 מ""ל",נובה טרייד אל טי די,BG,משקה תה אריזונה אפרסק 450מל בק.פקדון,מיליליטרים,450.00,"100 מ""ל",false,1,7.90,1.7556,true,1,317555
613008753320,false,"בקבוק אריזונה ג'ינג'ר ודבש 450 מ""ל",נובה טרייד אל טי די,BG,משקה תה אריזונה גינסנג דבש450מל בק.פקדון,מיליליטרים,450.00,"100 מ""ל",false,1,7.90,1.7556,true,1,317556
613008753351,false,"בקבוק אריזונה רימונים 450 מ""ל",אריזונה Arizona,BG,משקה תה אריזונה רימונים 450מל בק.פקדון,מיליליטרים,450.00,"100 מ""ל",false,1,7.90,1.7556,true,1,317553
613008753382,false,"בקבוק אריזונה אוכמניות 450 מ""ל",נובה טרייד אל טי די,BG,משקה תה אריזונה אוכמניות 450מל בק.פקדון,מיליליטרים,450.00,"100 מ""ל",false,1,7.90,1.7556,true,1,317554
613008755461,false,בקבוק אריזונה אוכמניות 1 ליטר,"נטורלה גטרנק בע""\מn\",BG,משקה תה אריזונה אוכמניות 1ליטר בק.פקדון,ליטרים,1.00,ליטר,false,1,11.90,11.9000,true,1,324007
628154383659,false,דגני בוקר פרוטי פבלס פוסט 311 גרם,פוסט ארצות הברית,US,דגני פוסט פרוטי פבלס 311 גרם,גרמים,311.00,100 גרם,false,14,22.90,7.3633,true,1,335296
633824111838,false,"וודקה וואן גוך בטעם אננס, 750 מ''ל",מזקקת קוימאנס טילבורג,NL,וודקה ואן גוך אננס 750 מל פקדון,מיליליטרים,750.00,"100 מ""ל",false,1,139.00,18.5333,true,1,319246
636046316036,false,תה ארל גריי עלי ווינ,,US,תה ארל גריי עלי ווינטר 20שקיות משי,יחידה,20.00,יחידה,false,6,42.90,2.1450,true,1,329118
636046316159,false,תה ירוק וקוקוס הארני,,US,תה ירוק וקוקוס הארני אנד סאנס20שקיות משי,יחידה,20.00,יחידה,false,6,42.90,2.1450,true,1,329117
637793000940,false,מאקייס מרמלדת תפוז לימון וגינגיר 340 גרם,,,ריבה תפוז זינזר מקייס 340 גר,גרמים,340.00,100 גרם,false,1,20.00,5.8824,true,1,228684
637793001039,false,ריבת זינזר מתובל מקי,מקיי'ס,,ריבת זינזר מתובל מקייס 340 גר,גרמים,340.00,100 גרם,false,1,20.00,5.8824,true,1,228688
637793002517,false,מאקייס ריבת אוכמניות וענבי שועל 340 גרם,מקיי'ס,GB,מקייס אוכמניות ענבי שועל 340 ג,גרמים,340.00,100 גרם,false,6,20.00,5.8824,true,1,228690
637793024540,false,מאקייס ריבת רפטל שחור 340 גרם,מקיי'ס,GB,ריבת פטל שחור מקייס 340 גר,גרמים,340.00,100 גרם,false,6,20.00,5.8824,true,1,299045
638060269435,false,זוג ספוגים ללכלוך חז,3m,ES,זוג ספוגים ללכלוך חזק במיוחד סקוטש ברייט,יחידה,2.00,יחידה,false,12,12.90,6.4500,true,1,321036
639138513238,false,פילה הרינג מעושן צ'צ'יק 190 גרם,רוג'ין פיש,DE,פילה הרינג מעושן 190 גר ניר רוגן,גרמים,190.00,100 גרם,false,1,12.90,6.7895,true,1,223845
639138527617,false,פילה הרינג ברוטב עגבניות 200 גר' (16),רוג'ין פיש,,הרינג עגבניות ניו רוגן 190 גר,גרמים,190.00,100 גרם,false,1,12.90,6.7895,true,1,223847
639138527631,false,פילה הרינג ברוטב חרדל 200 גר (16),רוג'ין פיש,,פילה הרינג ברוטב חרדל 190 גר ניו רוגן,גרמים,190.00,100 גרם,false,1,12.90,6.7895,true,1,223846
644209307494,false,דנקן היינס תערובת עוגה צהובה 432 גרם,פיניקל פודס גרופ,US,תערובת דנקן עוגת ילו קייק 432 גר,גרמים,432.00,100 גרם,false,1,19.50,4.5139,true,1,302998
644209307579,false,דנקן היינס תערובת עוגת Devil שוקולד 432 גרם,פיניקל פודס גרופ,US,תערובת דנקן עוגת שוקולד 432 גר,גרמים,432.00,100 גרם,false,1,19.50,4.5139,true,1,299027
644209311316,false,דנקן היינס תערובת בראוניס צ'ואי פאדג' 520 גרם,פיניקל פודס גרופ,US,תערובת עוגת בראוניס דנקן 565 גר,גרמים,565.00,100 גרם,false,1,21.90,3.8761,true,1,238239
644209332472,false,דנקן תערובת עוגת ברא,,,דנקן תערובת עוגת בראוניז דאבל פאדג498 גר,גרמים,498.00,100 גרם,false,1,26.90,5.4016,true,1,311063
644209405930,false,דנקן היינס ציפוי מוקצף שוקולד 397 גרם פרווה,רוזקםבייקינג קומפני,US,קרם שוקולד דנקן מוקצף 397 גר,גרמים,397.00,100 גרם,false,1,21.90,5.5164,true,1,296042
644209405947,false,דנקן היינס ציפוי מוקצף לבן 397 גרם פרווה,פיניקל פודס,,ציפוי דנקן לעוגה קרם מוקצף 397 גר,גרמים,397.00,100 גרם,false,1,21.90,5.5164,true,1,303032
644209405985,false,ציפוי דנקן לעוגה קרם,פיניקל פודס,,ציפוי דנקן לעוגה קרם גבינה 397 גר,גרמים,397.00,100 גרם,false,1,21.90,5.5164,true,1,303034
644209420957,false,דנקן היינס תערובת בראוניס שוקולד מריר 515 גרם,פיניקל פודס גרופ,US,תערובת להכנת עוגת בראוניס 561 גר דנקן,גרמים,561.00,100 גרם,false,1,22.90,4.0820,true,1,227087
645173911038,false,קורנישון מלפפוןן מיני 720 גרם - תומר,קלמן אינדיה פי וי סי,IN,מלפפון קורנישון מיני 670 ג תומר,גרמים,670.00,100 גרם,false,1,9.90,1.4776,true,1,222439
649660432020,false,היל וויו שזיפים מיובשים מגולענים 567 גרם,היל ויו פקינג קומפני,US,לפתן שזיפים מגולענים ל.ס.567 גר היל ויו,גרמים,567.00,100 גרם,false,1,29.90,5.2734,true,1,298269
651080153515,false,פלקרס חוט דנטלי לילדים 30 יח,דנטלון,CN,קיסמי שיניים עם חוט דנטלי גורדון לילדים,יחידה,24.00,יחידה,false,1,11.90,0.4958,true,1,310604
651080161510,false,פלקרס פולסר לשיניים צפופות-מנטה 35 יחידו,מיוצר עי קונדיטוריית,CN,קיסמי שיניים עם חוט גורדון פלקרס 36יח,יחידה,36.00,יחידה,false,1,11.90,0.3306,true,1,308538
651080647519,false,קיסמים עם חוט דנטלי פלאקרס מנטה 35 יחידות,"פלקרס רנור ארה""ב",US,קיסמי שיניים עם חוט מנטה גורדון פלקרס,יחידה,36.00,יחידה,false,1,11.90,0.3306,true,1,307418
666522900053,false,ציברס ריבת דובדבנים שחורות 340 גרם,היסטון סוויטס ספרדס,,ריבת דומדומניות צייברס 340 גרם,גרמים,340.00,100 גרם,false,1,21.90,6.4412,true,1,312142
666522900084,false,ריבת גינגר צייברס340,היסטון סוויטס ספרדס,,ריבת גינגר צייברס340 גרם,גרמים,340.00,100 גרם,false,1,21.90,6.4412,true,1,312140
666522900091,false,צ`יברס מרמלדת תפוזים בסגנון אנגלי 340 גר,היסטון סוויטס ספרדס,,ריבת תפוז אנגלי צייברס 340 גרם,גרמים,340.00,100 גרם,false,1,21.90,6.4412,true,1,312141
666522900138,false,ריבה פודינג לימון 320 גרם,היסטון סוויטס ספרדס,,ריבת קרם לימון צייברס 320 גרם,גרמים,320.00,100 גרם,false,1,21.90,6.8437,true,1,312139
667803000752,false,אבקת חרדל קולמנס אנג,,GB,אבקת חרדל אנגלי קולמנס 113 ג,גרמים,113.00,100 גרם,false,12,21.90,19.3805,true,1,243242
673879000633,false,חטיף קאברד ברידג תפו,קאבר ברידג',CA,חטיף קאברד ברידג תפוא ברביקיו170גרם,גרמים,170.00,100 גרם,false,12,20.90,12.2941,true,1,332262
686412282984,false,נתחי טונה לבנה בשמן זית 220 גרם ORTIZ,אורטיז ORTIZ,ES,טונה אורטיז לבנה בשמן זית 220 גר צנצנת,גרמים,220.00,100 גרם,false,1,44.90,20.4091,true,1,323497
691535503014,false,חטיף חלבון נוגו בוטנ,,US,חטיף חלבון נוגו בוטנים,יחידה,1.00,יחידה,false,15,12.90,12.9000,true,1,320503
691535505018,false,חטיף חלבון נוגו וניל,,US,חטיף חלבון נוגו וניל,יחידה,1.00,יחידה,false,15,12.90,12.9000,true,1,320500
691535507012,false,חטיף חלבון נוגו בננה,,US,חטיף חלבון נוגו בננה,יחידה,1.00,יחידה,false,15,12.90,12.9000,true,1,320499
691535513013,false,חטיף חלבון נוגו ללא סוכר חמאת בוטנים,,US,חטיף חלבון נוגו ח. בוטנים ללא סוכר,יחידה,1.00,יחידה,false,12,12.90,12.9000,true,1,320508
691535514010,false,חטיף חלבון נוגו שוקו,,US,חטיף חלבון נוגו שוקו פירות ללא סוכר,יחידה,1.00,יחידה,false,12,12.90,12.9000,true,1,335612
691535521018,false,חטיף חלבון נוגו שוקוציפ,,US,חטיף חלבון נוגו שוקוציפ ללא גלוטן,יחידה,1.00,יחידה,false,12,12.90,12.9000,true,1,320505
691535523012,false,חטיף חלבונים בטעם מו,,US,חטיף חלבון נוגו מוקה ללא גלוטן,יחידה,1.00,יחידה,false,12,12.90,12.9000,true,1,320506
691535528017,false,חטיף חלבון נוגו קוקו,,US,חטיף חלבון נוגו קוקוס ללא גלוטן,יחידה,1.00,יחידה,false,12,12.90,12.9000,true,1,320509
691535529014,false,חטיף חלבון שוקולד בי,,US,חטיף חלבון נוגו פרצל ללא גלוטן,יחידה,1.00,יחידה,false,12,12.90,12.9000,true,1,320507
693493008372,false,מעדן טבעוני פומאז מע,,IL,מעדן טבעוני פומאז מעדן תות 120גר,גרמים,120.00,100 גרם,false,8,10.90,9.0833,true,1,328074
693493008396,false,מעדן טבעוני פומאז שו,,IL,מעדן טבעוני פומאז שוקולד דובדני אמרנה120,גרמים,120.00,100 גרם,false,8,10.90,9.0833,true,1,328072
693493016742,false,חלבה אבובה קלאסית לל,,IL,חלבה אבובה קלאסית ללא סוכר 330 גרם,גרמים,330.00,100 גרם,false,1,20.90,6.3333,true,1,335130
693493089869,false,גבינת ברי כתומה 200ג,,IL,גבינת ברי כתומה 200גרם משק שוורץ,גרמים,200.00,100 גרם,false,,41.90,20.9500,true,1,323616
693493089906,false,גבינת ברי יער שחור 2,,IL,גבינת ברי יער שחור 200גרם משק שוורץ,גרמים,200.00,100 גרם,false,,41.90,20.9500,true,1,323619
693493089913,false,גבינת ברי פחם תאנים,,IL,גבינת ברי פחם תאנים 200גרם משק שוורץ,גרמים,200.00,100 גרם,false,,41.90,20.9500,true,1,323620
693493089920,false,גבינת ברי כמהין 200ג,,IL,גבינת ברי כמהין 200גרם משק שוורץ,גרמים,200.00,100 גרם,false,,41.90,20.9500,true,1,323621
693493116671,false,מארז 50יח מסכות פנים,,,מארז 50יח מסכות פנים כירוגיות 3 שכבות,יחידה,50.00,יחידה,false,1,9.90,0.1980,true,1,332930
693493131025,false,חלבה עם אגוזים פרימיום 330גרם,,IL,חלבה אבובה אגוזי מלך ללא סוכר 330 גרם,גרמים,330.00,100 גרם,false,1,20.90,6.3333,true,1,335431
693493131100,false,רוטב פרנצסקה נערת הו,,IL,רוטב פרנצסקה נערת הוואי 290 מל,מיליליטרים,290.00,"100 מ""ל",false,12,27.90,9.6207,true,1,329494
693493131117,false,רוטב פרנצסקה שזיף פי,,IL,רוטב פרנצסקה שזיף פיקנטי 290 מל,מיליליטרים,290.00,"100 מ""ל",false,12,27.90,9.6207,true,1,329495
693493150606,false,רוטב פרנצסקה גלייז ס,,ZA,רוטב פרנצסקה גלייז סאקורה 290 מל,מיליליטרים,290.00,"100 מ""ל",false,7,27.90,9.6207,true,1,329491
693493150620,false,רוטב פרנצסקה מיסטר ג,,IL,רוטב פרנצסקה מיסטר גק 290 מל,מיליליטרים,290.00,"100 מ""ל",false,12,27.90,9.6207,true,1,329493
693493150637,false,רוטב פרנצסקה גלייז ק,,ZA,רוטב פרנצסקה גלייז קפה וחרדל 290 מל,מיליליטרים,290.00,"100 מ""ל",false,7,27.90,9.6207,true,1,329492
693493197540,false,תערובת לימון ופלפל 2,,TR,תערובת לימון ופלפל 205 גרם ק.ד.אוליבה,גרמים,205.00,100 גרם,false,1,24.90,12.1463,true,1,336455
693493197557,false,מלח ים ויולט סגול340,,TR,מלח ים ויולט סגול340 גרם ק.ד.אולי,גרמים,340.00,100 גרם,false,1,18.90,5.5588,true,1,336456
693493197571,false,תערובת צילי מעושן ומ,,TR,תערובת צילי מעושן ומלח ים 220גר ק.ד.אולי,גרמים,220.00,100 גרם,false,1,18.90,8.5909,true,1,336453
693493197595,false,תערובת שום ומלח ים 2,,TR,תערובת שום ומלח ים 270גר ק.ד.אולי,גרמים,270.00,100 גרם,false,1,18.90,7.0000,true,1,336454
693493198004,false,"שמן זית קאסה די אוליביה 500 מ""ל",,TR,שמן זית קאסב די אוליביה 500 מל,מיליליטרים,500.00,"100 מ""ל",false,12,24.90,4.9800,true,1,336523
707595100114,false,פלפלים אדומים קלויים 480 ג' NESTOS,NESTOS,GR,פלפל אדום קלוי 480גרם נסטוס,גרמים,480.00,100 גרם,false,1,15.90,3.3125,true,1,300944
707595100169,false,מחית חצילים קלויים 480 ג' NESTOS,NESTOS,GR,חציל קלוי 480 גרם נסטוס,גרמים,480.00,100 גרם,false,12,15.90,3.3125,true,1,300943
707596280204,false,יין בלו נאן רוזה 750,bluenun,,יין בלו נאן רוזה 750 מל פיקדון,מיליליטרים,750.00,"100 מ""ל",false,1,40.00,5.3333,true,1,222758
717273504875,false,ממרח מיונז ללא ביצים,ווברס חברת חרדל,US,ממרח מיונז ללא ביצים 473 מל אמריקן גארדן,מיליליטרים,473.00,"100 מ""ל",false,1,22.90,4.8414,true,1,298943
721354200419,false,יין פריגי לאקול 41 7,"ארה""ב סיינט מישל ווי",,יין פריגי לאקול 41 750 מל פקדון,מיליליטרים,750.00,"100 מ""ל",false,1,275.00,36.6667,true,1,234505
721733000296,false,טקילה פטרון קפה 700,פטרון,MX,טקילה פטרון קפה אקס או 700 מל,מיליליטרים,700.00,"100 מ""ל",false,1,110.00,15.7143,true,1,295919
723830000100,false,"לגוניטאס ח""פ 355 מ""ל IPA בירה",מבשלת לגוניטאס,US,בירה לגוניטאס איי פי אי 355מל בק.פקדון,מיליליטרים,355.00,"100 מ""ל",false,24,12.90,3.6338,true,1,325808
723830770010,false,"לגוניטאס ח""פ 355 מ""ל DAYTIME בירה",מבשלת לגוניטאס,US,בירה לגוניטאס איי פי אי דאיי טיים 355מל,מיליליטרים,355.00,"100 מ""ל",false,24,12.90,3.6338,true,1,325809
728028507898,false,תבלין טקסס גולד 393,,,תבלין טקסס גולד 393 גר,גרמים,393.00,100 גרם,false,1,34.90,8.8804,true,1,336341
728028507904,false,תבלין ממפיס מוד 354,,,תבלין ממפיס מוד 354 גר,גרמים,354.00,100 גרם,false,1,34.90,9.8588,true,1,336340
728028507911,false,תבלין לואיזיאנה 383,,,תבלין לואיזיאנה 383 גר,גרמים,383.00,100 גרם,false,1,34.90,9.1123,true,1,336339
728229123590,false,טרה אורגינל חטיף על בסיס ירקות שורש בטעם טבעי 110 גרם,הונדורס צ'יפס יצור א,HN,חטיף טרה ירקות אקזוטים 110 ג,גרמים,110.00,100 גרם,false,1,16.90,15.3636,true,1,222817
728229123613,false,טרה חטיף על בסיס תפוח אדמה כחול בטעם טבעי 110 גרם,היין סלסטיאל גרופ,US,חטיף טרה מתפוח אדמה כחול 110 ג,גרמים,110.00,100 גרם,false,1,16.90,15.3636,true,1,222816
728229123811,false,טרה חטיף על בסיס ירקות שורש בתיבול ים תיכוני 110 גרם,הונדורס צ'יפס יצור א,HN,חטיף טרה מירקות אקזוטים מתובל 110 ג,גרמים,110.00,100 גרם,false,1,16.90,15.3636,true,1,223089
728229124764,false,טרה חטיף על בסיס בטטה עם מלח ים 110 גרם,היין פיוצ'ור נטורל פ,IN,חטיף טרה בטטה מלח ים 110 ג,גרמים,110.00,100 גרם,false,1,16.90,15.3636,true,1,314668
728229124771,false,טרה חטיף על בסיס בטטה בטעם ברביקיו 110 גרם,היין פיוצ'ור נטורל פ,IN,חטיף טרה מבטטה טעם ברביקו 110 ג,גרמים,110.00,100 גרם,false,1,16.90,15.3636,true,1,297284
728229130154,false,טרה חטיף על בסיס בטטה וסלק בטעם טבעי 110 גרם,הונדורס צ'יפס יצור א,HN,חטיף טרה בטטה וסלק 110 ג,גרמים,110.00,100 גרם,false,1,16.90,15.3636,true,1,226672
729612380033,false,גלילית בולרו אגוזים(12),,,גלילוני וופל בולרו קרם אגוזים 400 גר,גרמים,400.00,100 גרם,false,1,13.90,3.4750,true,1,219043
729612381030,false,גלילי וופל קרם אגוזי,,,גלילוני וופל בולרו קרם שקדים 400 גר,גרמים,400.00,100 גרם,false,1,13.90,3.4750,true,1,219042
729612383034,false,גלילי וופל קרם לימון,,,גלילוני וופל בולרו קרם לימון 400 גר,גרמים,400.00,100 גרם,false,1,13.90,3.4750,true,1,219045
729612384031,false,גלילוני וופל בולרו ק,,,גלילוני וופל בולרו קרם וניל 400 גר,גרמים,400.00,100 גרם,false,1,13.90,3.4750,true,1,219044
729906510016,false,"פתיתי ש.שועל לל""ג אורגני ללת""ס 510 גרם",נייטשר פאת',US,פתיתי שבולת שועל ללא גלוטן ללס 510גר,גרמים,510.00,100 גרם,false,6,27.90,5.4706,true,1,322899
732494000500,false,קרטורס חטיף פופקורן קרמל 227 גרם,איגל פודס ווקיגאן מפ,US,חטיף קרטורס פופקורן רק קרמל 227 גרם,גרמים,227.00,100 גרם,false,12,25.90,11.4097,true,1,332263
732494000524,false,קרטורס פופקורן שיקגו קרמל 213 גרם,איגל פודס ווקיגאן מפ,US,חטיף קרטורס פופקורן שיקגו קרמל213גרם,גרמים,213.00,100 גרם,false,12,25.90,12.1596,true,1,332264
732494000609,false,קרטורס פופקורן בטעם גבינה 184 גרם,קורפפידלס אינק,US,חטיף קרטורס פופקורן רק גבינה 184 גרם,גרמים,184.00,100 גרם,false,12,25.90,14.0761,true,1,332265
733353400431,false,יין מוסקטו אם יו איק,,US,יין מוסקטו אם יו איקס אפרסק פחית 187 מל,מיליליטרים,187.00,"100 מ""ל",false,24,20.00,10.6952,true,1,328897
733353400448,false,יין מוסקטו אם יו איק,,US,יין מוסקטו אם יו איקס פחית 187 מל,מיליליטרים,187.00,"100 מ""ל",false,24,20.00,10.6952,true,1,328896
734896879845,false,משקפת עיניים בלוח,,,משקפת עיניים בלוח,יחידה,1.00,יחידה,false,1,12.90,12.9000,true,1,334769
734896880063,false,מטקות עץ,General,,מטקות עץ,יחידה,1.00,יחידה,false,1,23.90,23.9000,true,1,334775
734896880193,false,למבדה סקוטץ ברשת,General,,למבדה סקוטץ ברשת,יחידה,1.00,יחידה,false,1,23.90,23.9000,true,1,334777
734896880223,false,קליעה למטרה חיצים,General,,קליעה למטרה חיצים,יחידה,1.00,יחידה,false,1,23.90,23.9000,true,1,334778
734896880353,false,מטקות פינג פונג,General,,מטקות פינג פונג,יחידה,1.00,יחידה,false,1,23.90,23.9000,true,1,334776
734896880483,false,שש בש,General,,שש בש,יחידה,1.00,יחידה,false,1,24.90,24.9000,true,1,334781
734896880643,false,משקפת עיניים בנרתיק סיליקון,General,,משקפת עיניים בנרתיק סילקון,יחידה,1.00,יחידה,false,1,19.90,19.9000,true,1,334770
739958064801,false,יין קופולה קברנה סוב,coppola,,יין קופולה קברנה סוביניון 750 מל,מיליליטרים,750.00,"100 מ""ל",false,1,100.00,13.3333,true,1,225475
739958085202,false,יין קופולה פביליון ש,coppola,,יין קופולה פביליון שרדונה 750 מל,מיליליטרים,750.00,"100 מ""ל",false,1,100.00,13.3333,true,1,298339
753182340302,false,אבקת וואסבי 35 גרם (קינגדאוו) (כ),מזרח ומערב,CN,אבקת וואסבי 35 גרם (קינגדאוו) (כ),גרמים,35.00,100 גרם,false,50,15.00,42.8571,true,1,234940
761720051108,false,"קארו סירופ תירס בהיר 470 מ""ל",אי סי איץ,US,סירופ קארו בהיר 453 מל,מיליליטרים,453.00,"100 מ""ל",false,12,28.90,6.3797,true,1,220717
761720988183,false,ארגו אבקת אפיה ללא אלומיניאום 340 גר,איי סי אייץ,US,אבקת אפיה ללא אלומיניום 340 גרם,גרמים,340.00,100 גרם,false,1,24.90,7.3235,true,1,312143
768404001640,false,"גלידה בן&ג'ריס קפה משפחתית 500מ""ל",מוצרי איכות אמריקאיים בע,IL,קפה 500 מל,מיליליטרים,500.00,"100 מ""ל",false,6,19.90,3.9800,true,1,226268
769493100054,false,GU גל אנרגיה תותי יער,מדיטרנד,US,גל אנרגיה פירות יער 32גרם,יחידה,1.00,יחידה,false,24,6.90,6.9000,true,1,320496
769493100092,false,גל אנרגיה תות בננה,,US,גל אנרגיה תות בננה 32גרם,יחידה,1.00,יחידה,false,24,6.90,6.9000,true,1,320497
769493100184,false,GU גל אנרגיה קרמל מלח,מדיטרנד,US,גל אנרגיה כרמל מלוח 32גרם,יחידה,1.00,יחידה,false,24,6.90,6.9000,true,1,320498
769904000997,false,שקדי מרק ללא גלוטן200גרם,משובח תעשיות מזון,IL,שקדי מרק 200 גר ללא גלוטן,גרמים,200.00,100 גרם,false,20,14.90,7.4500,true,1,228708
770009010484,false,מנגטים לאפייה אורגניים 60 יח,SOURCE ATLANTIQUE,IL,עטרות לאפיה לא מולבנים בכלור 60יח,יחידה,60.00,יחידה,false,1,14.90,0.2483,true,1,237253
770009011924,false,ניירות אפייה 100% טבעי 24 יח,Source Atlantique,IL,נייר אפיה 24יח 100% טבעי אורגניקזון,יחידה,24.00,יחידה,false,1,22.90,0.9542,true,1,235149
770009250262,false,שקיות אוכל מנייר 100% טבעי,SOURCE ATLANTIQUE,IL,שקיות אוכל מנייר 100% טבעי אורגניק זון,יחידה,48.00,יחידה,false,1,21.90,0.4562,true,1,235150
770009260018,false,נייר אלומיניום 100% ממוחזר,Source Atlantique,US,נייר אלומיניום 100% ממוחזר 10 מטר,מטרים,10.00,מטר,false,1,22.90,2.2900,true,1,237252
777915888299,false,"אקיטה רוטב סויה ללא גלוטן 450 מ""ל",אקיטה דלסון,CA,רוטב סויה אקיטה 450 מל,מיליליטרים,450.00,"100 מ""ל",false,1,18.90,4.2000,true,1,222099
783495472407,false,חלבה אבובה קרם עוגיו,,IL,חלבה אבובה קרם עוגיות ללא סוכר 330גרם,גרמים,330.00,100 גרם,false,1,20.90,6.3333,true,1,335135
783495472414,false,חלבה אבובה מתוק מלוח,,IL,חלבה אבובה מתוק מלוח ללא סוכר 330גרם,גרמים,330.00,100 גרם,false,1,20.90,6.3333,true,1,335134
783495472438,false,חלבה אבובה עוגיות לו,,IL,חלבה אבובה עוגיות לוטוס ללא סוכר 330 גרם,גרמים,330.00,100 גרם,false,1,20.90,6.3333,true,1,335132
786150000274,false,"בירה לף בראון בקבוק 330 מ""ל","אינבב, ברוורייפליין",BE,בירה לף בראון 330מל בק.פקדון,מיליליטרים,330.00,"100 מ""ל",false,1,10.00,3.0303,true,1,334757
786150000281,false,"שישייה בירה לף בראון בקבוק 330X6 מ""ל","אינבב, ברוורייפליין",BE,מארז 6יח בירה לף בראון 330מל בק.פקדון,מיליליטרים,1980.00,"100 מ""ל",false,1,47.90,2.4192,true,1,334758
790334403508,false,רוטב איטלקי גרוסרס ג,רישליו פודס,,רוטב איטלקי גרוסרס גרדן 473 מל,מיליליטרים,473.00,"100 מ""ל",false,1,18.00,3.8055,true,1,244313
804066020091,false,הרו קונפיטורת תפוזים 340 גר,,ES,קונפיטורה הרו תפוזים 340 גר,גרמים,340.00,100 גרם,false,8,13.90,4.0882,true,1,327833
808874937442,false,יין בוגל פטיט סירה 7,בוגל,US,יין בוגל פטיט סירה 750 מל,מיליליטרים,750.00,"100 מ""ל",false,12,75.00,10.0000,true,1,317128
808874938500,false,יין בוגל אסנשיאל 750,בוגל,US,יין בוגל אסנשיאל 750 מל,מיליליטרים,750.00,"100 מ""ל",false,12,75.00,10.0000,true,1,317129
808874939286,false,יין בוגל שרדונה 750,בוגל,US,יין בוגל שרדונה 750 מל,מיליליטרים,750.00,"100 מ""ל",false,12,75.00,10.0000,true,1,317126
808874939668,false,יין בוגל קברנה סובינ,בוגל,US,יין בוגל קברנה סוביניון 750 מל,מיליליטרים,750.00,"100 מ""ל",false,12,75.00,10.0000,true,1,317127
808874964318,false,יין בוגל זינפנדל אדו,בוגל,US,יין בוגל זינפנדל אדום יבש 750 מל,מיליליטרים,750.00,"100 מ""ל",false,12,75.00,10.0000,true,1,317147
810020931754,false,רוטב גק דניאלס ברביק,,,רוטב גק דניאלס ברביקיו מקורי 533 גרם,גרמים,533.00,100 גרם,false,1,36.90,6.9231,true,1,334241
810020931778,false,רוטב גק דניאלס ברביק,,,רוטב גק דניאלס ברביקיו דבש 533 גרם,גרמים,533.00,100 גרם,false,1,36.90,6.9231,true,1,334242
810020932393,false,רוטב גק דניאלס ברביק,,,רוטב גק דניאלס ברביקיו מתוק חריף 533 גרם,גרמים,533.00,100 גרם,false,1,36.90,6.9231,true,1,334243
810044130126,false,ספוג ניקוי סקרופ מאמ,,US,ספוג ניקוי סקרופ מאמי,יחידה,1.00,יחידה,false,24,17.90,17.9000,true,1,337206
810044130133,false,ספוג ניקוי סקרופ דאד,,US,ספוג ניקוי סקרופ דאדי,יחידה,1.00,יחידה,false,24,17.90,17.9000,true,1,337205
811130032225,false,משקה אייס לאטה דינג,הוסטס,US,משקה אייס לאטה דינג דונג 405מל בק.פקדון,מיליליטרים,405.00,"100 מ""ל",false,12,14.90,3.6790,true,1,328742
811538010375,false,ליקר טקילה קוקוס 180,,,ליקר טקילה 1800 קוקו 750 מל,מיליליטרים,750.00,"100 מ""ל",false,1,189.00,25.2000,true,1,242373
811538013031,false,"רום כהה מתובל קראקן 700 מ""ל",פורקסומוס ספירס,US,רום מתובל קראקן 700 מל,מיליליטרים,700.00,"100 מ""ל",false,12,119.00,17.0000,true,1,316689
811962010507,false,רוטב רימון ושזיף פיק,,IL,רוטב רימון ושזיף פיקנטי דודה ברטה 350 גר,גרמים,330.00,100 גרם,false,9,16.90,5.1212,true,1,335871
812130020496,false,טרוביה- סטיביה תערובת סוכר חום- 510ג',,US,טרוביה סטיביה תערובת סוכר חום 510גר,יחידה,510.00,יחידה,false,1,24.90,0.0488,true,1,320440
812664009356,false,תמיקון תרכיז תמר הינדי 400 גר,TAMICON,,ממרח תמרינדי מרוכז נפטון 400 גרם,גרמים,400.00,100 גרם,false,1,15.90,3.9750,true,1,311102
814109020605,false,סנקפופ פופקורן בטרפינגרס 149 גרם,קניס קנדי,US,קנדי פופ טעם חמאת בוטנים 149 גרם,גרמים,149.00,100 גרם,false,12,25.90,17.3826,true,1,328374
814109021350,false,קנדי פופ חתיכות סניק,קניס קנדי,US,קנדי פופ חתיכות סניקרס 149 גרם,גרמים,149.00,100 גרם,false,12,25.90,17.3826,true,1,328377
814109021374,false,קנדי מפופ פופקורן עם,קניס קנדי,US,קנדי פופ אם אנד אמס 149 גרם,גרמים,149.00,100 גרם,false,12,25.90,17.3826,true,1,328375
814109021381,false,פופקורן+שברי טוויקס149גר,קניס קנדי,US,קנדי פופ חתיכות טוויקס 149 גרם,גרמים,149.00,100 גרם,false,12,25.90,17.3826,true,1,328655
818570001606,false,"וטקינס פיור אלמונד 59 מ""ל","ג'יי אר ווסקינס בע""מ",US,תמצית אפיה שקד טהור ויטקנס 59 מל,Unknown,0.00,Unknown,false,24,29.90,0.0000,true,1,308236
818570007066,false,"פיור וניל טהור 29 מ""ל ""ווטקינס""","ג'יי אר ווטקינס בע""מ",US,תמצית אפיה וניל טהור ויטקנס 29 מל,Unknown,0.00,Unknown,false,12,31.90,0.0000,true,1,308233
829964000044,false,פילה אנשובי בשמן זית,,IT,פילה אנשובי בשמן זית 240 גרם סקאליה,גרמים,240.00,100 גרם,false,6,69.90,29.1250,true,1,328932
832544000495,false,תה צמחי עם תות וסמבו,קליפר,,תה צמחי עם תות וסמבוק אורגני 40גר,Unknown,0.00,Unknown,false,1,15.90,0.0000,true,1,313448
832544000525,false,תה צאי צמחי אורגני 4,קליפר,,תה צאי צמחי אורגני 44 גר,Unknown,0.00,Unknown,false,1,15.90,0.0000,true,1,313450
832544000532,false,תה לבן עם פטל אורגני,קליפר,,תה לבן עם פטל אורגני 34 גרם,Unknown,0.00,Unknown,false,1,15.90,0.0000,true,1,313451
832544000549,false,תה שחור ENGLISH BREAKFAST-BIG BEN גרם 44,קליפר,,תה ארוחת בוקר אנגלי 44 גרם,Unknown,0.00,Unknown,false,1,15.90,0.0000,true,1,313452
832544000556,false,תה דאבל מינט וסירפד,קליפר,IT,תה דאבל מינט וסירפד 38 גרם,Unknown,0.00,Unknown,false,1,15.90,0.0000,true,1,313453
833949000264,false,"סירופ מייפל אמיתי 100% אורגני 250 מ""ל",דיקסר קוויבק,CA,סירופ מייפל 100% אמיתי דקסר אורגני 250מל,מיליליטרים,250.00,"100 מ""ל",false,1,29.90,11.9600,true,1,299648
835811000143,false,מפת ניילון בגליל 40 מטר הנמל,,IL,מפת ניילון בגליל 40מטר עבה במיוחד 1.52רו,מטרים,40.00,מטר,false,9,31.90,0.7975,true,1,338550
835811000167,false,נר נשמה בזכוכית לשבעה ימים*זכוכית*,MULDER NATURAL FOODS,CN,נר נשמה שבועי בזכוכית,יחידה,1.00,יחידה,false,12,11.90,11.9000,true,1,323941
835811000297,false,כוסות שתייה חמה קרטו,אכיף,IL,כוסות קרטון חד פעמי 9 אונס 50 יח,יחידה,50.00,יחידה,false,1,12.90,0.2580,true,1,328486
835811000402,false,כפות 50 יח` קרם עבה במיוחד,"גרנג יוניברס , הונג",TR,כפות חד פעמי עבה במיוחד 50יח קרם,יחידה,50.00,יחידה,false,1,21.90,0.4380,true,1,316768
835811000426,false,מזלגות קרם עבה במיוחד 50 יח',"גרנג יוניברס , הונג",TR,מזלגות חד פעמי עבה במיוחד 50יח קרם,יחידה,50.00,יחידה,false,1,21.90,0.4380,true,1,316766
835811000433,false,סכינים 50 יח` קרם עבה במיוחד,"גרנג יוניברס , הונג",TR,סכינים חד פעמי עבה במיוחד 50יח קרם,יחידה,50.00,יחידה,false,1,21.90,0.4380,true,1,316765
835811000440,false,"צלחות ח""פ קשיחות קרם 1 ק""ג",הנמל,IL,צלחות גדולות 1קג קרם,קילוגרמים,1.00,"ק""ג",false,1,42.90,42.9000,true,1,316764
835811000556,false,כוס יין חד פעמי עבה,,,כוס יין חד פעמי עבה 6יח,יחידה,6.00,יחידה,false,16,12.90,2.1500,true,1,338576
835811000563,false,כוס שמפניה חד פעמי ע,,,כוס שמפניה חד פעמי עבה 6יח,יחידה,6.00,יחידה,false,16,12.90,2.1500,true,1,338577
835811001553,false,צלחות ונציה קטנות הנמל 10 יח,,,צלחות חד פעמי ונציה קטנות לבן 10יח,יחידה,10.00,יחידה,false,16,14.90,1.4900,true,1,335278
835811001577,false,צלחות ונציה ענק הנמל 10 יח,,,צלחות חד פעמי ונציה ענק לבן 10יח,יחידה,10.00,יחידה,false,16,24.90,2.4900,true,1,335276
835811001652,false,כוס לשתייה קרה 330 סמק` 40 יח` )בירה(,ווינפאק סחר בעמ,CN,כוסות חד פעמי לשתיה קרה 330 סמק 40יח,יחידה,40.00,יחידה,false,50,12.90,0.3225,true,1,297960
835811002079,false,נר נשמה בזכוכית 48 שעות,,,נר נשמה 48 שעות זכוכית,יחידה,1.00,יחידה,false,24,4.90,4.9000,true,1,303176
835811002390,false,"שיפודים יקיטורי מבמבוק 15 ס""מ 100 יח","הנמל אריזות ושיווק בע""\מ",CN,שיפודי במבוק חד פעמי 15סמ 100יח יקיטורי,יחידה,100.00,יחידה,false,25,9.90,0.0990,true,1,328585
835811002673,false,"סירופ רוזטה הנמל 250 מ""ל","פוליבה בע""ם",IL,סירופ רוזטה הנמל 250 מל,מיליליטרים,250.00,"100 מ""ל",false,12,11.90,4.7600,true,1,329466
835811002680,false,מי ורדים הנמל 250 מל,"פוליבה בע""ם",IL,מי ורדים הנמל 250 מל,מיליליטרים,250.00,"100 מ""ל",false,12,11.90,4.7600,true,1,329465
835811002741,false,סוכריות קישוט קונפטי 190 גרם הנמל,,,מזרה גמבו קונפטי ארוך 190 גר צנצנת,גרמים,190.00,100 גרם,false,15,9.90,5.2105,true,1,329463
835811003014,false,כפפות חד פעמי כחולות,,,כפפות חד פעמי כחולות 100יח סמול טיפיאי,יחידה,100.00,יחידה,false,20,16.90,0.1690,true,1,328577
835811003199,false,נייר אפיה לתבנית מרובע 6X32 16 יח',יבוא ושיווק: הנמל אריזות,CN,נייר אפיה מלבני 16יחידות 26/32סמ,יחידה,16.00,יחידה,false,24,16.90,1.0562,true,1,334801
835811003427,false,"צלחות גדול מקנה סוכר 1 ק""ג כ-67 יח`",,IN,צלחות חד פעמי גדולות מקנה סוכר 1קג כ67יח,קילוגרמים,1.00,"ק""ג",false,10,34.90,34.9000,true,1,338572
835811003441,false,תבניות פלסטיק מחולקות 3 תאים + מכסה 5 יח' הנמל,יבוא ושיווק: הנמל אריזות,TR,תבניות מחולקות 3 תאים+מכסה 5יח,יחידה,5.00,יחידה,false,8,9.90,1.9800,true,1,334799
835811003588,false,צלחות קלאסי גדול לבן 65 יח' הנמל,,,צלחות חד פעמי קלאסי גדול 65יח לבן,יחידה,65.00,יחידה,false,20,29.90,0.4600,true,1,334798
835811003595,false,צלחות קלאסי קטן לבן 65 יח' הנמל,,,צלחות חד פעמי קלאסי קטן 65יח לבן,יחידה,65.00,יחידה,false,36,18.90,0.2908,true,1,334797
835811003625,false,נרות צבעוניים 12 יח הנמל,,PL,נרות צבעוניים 12 יח,יחידה,12.00,יחידה,false,30,9.90,0.8250,true,1,314858
835811003816,false,"הנמל קופסת אחסון מרובעת מארז, 3 * 2 ליטר",נינגבו יונאן,CN,קופסאות אחסון מלבן 2ליטר 3 יח,יחידה,3.00,יחידה,false,24,14.90,4.9667,true,1,312925
835811003823,false,"הנמל קופסת אחסון מרובעת מארז, 5 * 1 ליטר",נינגבו יונאן,CN,קופסאות אחסון מלבן 1ליטר 5 יח,יחידה,5.00,יחידה,false,24,14.90,2.9800,true,1,312924
835811004141,false,נרות ריחניים בריח וניל,,PL,נר ריחני בריח וניל,יחידה,1.00,יחידה,false,8,9.90,9.9000,true,1,314860
835811004226,false,מפת ניילון בגליל 45 מטר,,IL,מפת שולחן ניילון עבה בגליל 45מטר,מטרים,45.00,מטר,false,9,31.90,0.7089,true,1,313883
835811004301,false,"צלחות ונציה ענק שקוף נצנצים 10 יח` "" 10",,,צלחות חד פעמי ונציה ענק שקוף נצנצים 10יח,יחידה,10.00,יחידה,false,16,24.90,2.4900,true,1,335280
835811004318,false,"צלחות ונציה גדול שקוף נצנצים 10 יח` "" 9",,,צלחות חד פעמי ונציה גדול שקוף נצנצים10יח,יחידה,10.00,יחידה,false,16,19.90,1.9900,true,1,335281
835811004363,false,"צלחות ונציה קטן שקוף נצנצים 10 יח` "" 7",,,צלחות חד פעמי ונציה קטן שקוף נצנצים10יח,יחידה,10.00,יחידה,false,16,14.90,1.4900,true,1,335282
835811004455,false,קישקשים מנייר הנמל 125 יחידות,הנג טונג,CN,קישקשים מנייר 125יח צבעוני פי וי סי,יחידה,125.00,יחידה,false,24,9.90,0.0792,true,1,321136
835811004547,false,הנמל כפות מדיום 50יח' שקוף,,,כפות חד פעמי 50יחידות מדיום שקוף,יחידה,50.00,יחידה,false,40,10.90,0.2180,true,1,328587
835811004707,false,פירורי לחם מוזהבים 440 ג' הנמל,ברמן שוקולד ועוגיות,IL,פירורי לחם מוזהב 440 ג,גרמים,440.00,100 גרם,false,1,6.90,1.5682,true,1,228962
835811005322,false,"פחם דרום אמריקאי הנמל 2 ק""ג",הנמל,IT,פחם דרום אמריקאי 2 קג,קילוגרמים,2.00,"ק""ג",false,1,18.50,9.2500,true,1,231699
835811005728,false,עלים לקרמשניט הנמל 400 גרם,"רונית מאפים בע""מ",IL,עלים לעוגת קרמשניט 400 גר,גרמים,400.00,100 גרם,false,1,15.90,3.9750,true,1,235472
835811006695,false,"קוקטים לאפייה 20 יחידות ""הנמל""",הנמל,,תבניות קוקוטים לאפיה 20 יח 5.5 אונז,יחידה,20.00,יחידה,false,1,8.90,0.4450,true,1,238542
835811006985,false,בורגול מרובע הנמל 50,הנמל,,בורגול 500 גר,גרמים,500.00,100 גרם,false,1,5.90,1.1800,true,1,226749
835811007180,false,פופ קורן הנמל 500 גר,יבוא ושיווק: הנמל אר,IL,פופקורן 500 גר,גרמים,500.00,100 גרם,false,1,6.90,1.3800,true,1,222924
835811007197,false,"עדשים אדומים הנמל 500 ק""ג",הנמל,,עדשים אדומים 500 גרם,גרמים,500.00,100 גרם,false,1,7.90,1.5800,true,1,222922
835811007210,false,חומוס גרעינים 500 גר,יבוא ושיווק: הנמל אר,IL,חומוס גרעינים 500 גרם,גרמים,500.00,100 גרם,false,1,7.90,1.5800,true,1,222919
835811007227,false,"הנמל לקט חיטה בד""ץ 500ג'",הנמל,,חיטה 500 גרם,גרמים,500.00,100 גרם,false,1,5.90,1.1800,true,1,222920
835811007234,false,אפונה יבשה הנמל 500 ג',יבוא ושיווק: הנמל אר,IL,אפונה יבשה 500 גר,גרמים,500.00,100 גרם,false,1,6.90,1.3800,true,1,222917
835811007241,false,לקט שעועית 500 גרם (חמין),הנמל,,לקט שעועית לחמין 500 גרם,גרמים,500.00,100 גרם,false,1,8.90,1.7800,true,1,222921
835811007258,false,שעועית לבנה הנמל 500,נארז על ידי: הנמל אר,IL,שעועית לבנה 500 גרם,גרמים,500.00,100 גרם,false,1,10.00,2.0000,true,1,222927
835811007296,false,כפיות אלגנט קרם 50 יח' הנמל,,,כפיות חד פעמי אלגנט קרם 50יח,יחידה,50.00,יחידה,false,20,8.90,0.1780,true,1,337151
835811007302,false,כפות אלגנט קרם 50 יח' הנמל,,,כפות חד פעמי אלגנט קרם 50יח,יחידה,50.00,יחידה,false,20,8.90,0.1780,true,1,337152
835811007319,false,מזלגות אלגנט קרם 50 יח' הנמל,,,מזלגות חד פעמי אלגנט קרם 50יח,יחידה,50.00,יחידה,false,20,8.90,0.1780,true,1,337149
835811007326,false,סכינים אלגנט קרם 50 יח' הנמל,,,סכינים חד פעמי אלגנט קרם 50יח,יחידה,50.00,יחידה,false,20,8.90,0.1780,true,1,337150
835811008743,false,קינואה 500 גר' מרובע,הנמל,,קינואה 500 גר,גרמים,500.00,100 גרם,false,1,10.90,2.1800,true,1,226788
835811008910,false,קערות לפתן להגשה 8 י,בי רייט,CN,קערות לפתן להגשה 8 יח,יחידה,8.00,יחידה,false,1,12.90,1.6125,true,1,229710
835811009009,false,"כוסות משקה חם קרטון 175 מ""ל",הנמל,,כוסות מקרטון 6 אונז 50 יח,Unknown,0.00,Unknown,false,1,11.90,0.0000,true,1,229152
835811009023,false,"כוסות משקה חם קרטון 235 מ""ל",הנמל,,כוסות מקרטון 8 אונז 50 יח,Unknown,0.00,Unknown,false,1,13.90,0.0000,true,1,229154
835811009139,false,"לפתניות מרובעות ח""פ הנמל 10 יח'",בי רייט,CN,קערית לפתן מרובע קטן 10 יח,יחידה,10.00,יחידה,false,1,14.90,1.4900,true,1,229705
835811009184,false,"צלחות אלגנט ענק ח""פ הנמל 18 יח '",בי רייט,CN,צלחת אלגנט ענקית 18 יח,יחידה,18.00,יחידה,false,1,54.90,3.0500,true,1,229701
835811009795,false,כוס מרובעת 20יח 10 OZ פס כסף זהב,בי רייט,CN,כוס מרובעת 10 אונס 20 יח,יחידה,20.00,יחידה,false,1,22.90,1.1450,true,1,229708
837038000067,false,פלפל גורמה במטחנה 60,NATURAL HERBS & SPIC,ZA,פלפל גורמה במטחנה 60גר,Unknown,0.00,Unknown,false,1,16.50,0.0000,true,1,232703
837038000104,false,מטחנה שום מיובש 60 ג,NATURAL HERBS & SPIC,ZA,שום מיובש במטחנה 60 גר,Unknown,0.00,Unknown,false,1,16.50,0.0000,true,1,241976
837038000371,false,פלפל 4 צבעים במטחנה,NATURAL HERBS & SPIC,,פלפל 4 צבעים במטחנה 185 גר,גרמים,185.00,100 גרם,false,1,45.00,24.3243,true,1,298879
837038000678,false,מלח ים גס במטחנה 415,NATURAL HERBS & SPIC,,מלח ים גס במטחנה 415 גר,גרמים,415.00,100 גרם,false,1,34.90,8.4096,true,1,236791
837038000685,false,מטחנה מלח הימלאיה 415 גר NATURAL HEBRS,NATURAL HERBS & SPIC,,מלח הימלאיה מטחנה 415 גר,גרמים,415.00,100 גרם,false,1,34.90,8.4096,true,1,241974
837038000692,false,N- פלפל שחור שלם במט,NATURAL HERBS & SPIC,,פלפל שחורבמטחנה 185 גר,גרמים,185.00,100 גרם,false,1,40.00,21.6216,true,1,236792
837048002525,false,יין אסירטיקו פלאנו א,,,יין אסירטיקו פלאנו ארט אסטייט 750 מל,מיליליטרים,750.00,"100 מ""ל",false,6,75.00,10.0000,true,1,337504
838913000400,false,מחית פירות טרופי דיב,,IT,מחית פירות טרופי דיביס להקפאה400מל אורגנ,מיליליטרים,400.00,"100 מ""ל",false,18,24.90,6.2250,true,1,337796
839762000641,false,משקה איילנד מנגו נקטר 1 ל',"פאראגאלה,דה אג'יפשן קו פ",EG,משקה איילנד מנגו 1 ל פקדון,ליטרים,1.00,ליטר,false,1,13.90,13.9000,true,1,221810
839762000658,false,איילנד גויאבה המשקה של חופי סיני 1 ליטר,The Egyptian Co. for,EG,משקה איילנד גויאבה 1 ל פיקדון,ליטרים,1.00,ליטר,false,1,13.90,13.9000,true,1,221809
841058006633,false,"אדג' ג'יל גילוח מועשר בשיבולת שועל 198 מ""ל",אנרג'ייזר,US,גל גילוח אדג מועשר בשיבולת שועל 210גר,גרמים,210.00,100 גרם,false,1,15.90,7.5714,true,1,324642
842515006722,false,משמשים מיובשים בשמש אורגני - 250 גרם,קיי.אפ.סי,TR,משמש מיובש אורגני 250 גר,גרמים,250.00,100 גרם,false,1,27.90,11.1600,true,1,315687
842515010125,false,משמשים מיובשים בשמש אורגני - 250 גרם,קיי.אפ.סי,TR,תאנים מיובשות בשמש אורגני 250 גר,גרמים,250.00,100 גרם,false,1,27.90,11.1600,true,1,315688
842515020155,false,צימוקים סולטנה מיובשים בשמש אורגני 250 ג,קיי.אפ.סי,TR,צימוקים סולטנה מיובשים אורגני 250 גר,גרמים,250.00,100 גרם,false,1,27.90,11.1600,true,1,315686
842982100220,false,סוללת אנרגייזר אס או,אנרג'ייזר,CN,סוללת אנרגייזר אס או אס סוללת חרום לנייד,יחידה,1.00,יחידה,false,12,39.90,39.9000,true,1,307205
844510012067,false,"יין יצחק רם קברנה פרנק 750 מ""ל",רמת חברון,IL,יין יצחק רם קברנה פרנק 750 מל,מיליליטרים,750.00,"100 מ""ל",false,12,100.00,13.3333,true,1,319280
844510012128,false,יין רמת יהודה מרלו 7,יין רמת יהודה א.ג.ת,IL,יין רמת יהודה מרלו 750 מל,מיליליטרים,750.00,"100 מ""ל",false,6,70.00,9.3333,true,1,321549
844510012135,false,יין רמת יהודה פטיט ו,יין רמת יהודה א.ג.ת,IL,יין רמת יהודה פטיט ורדו 750 מל,מיליליטרים,750.00,"100 מ""ל",false,6,70.00,9.3333,true,1,321551
844510012227,false,"יין פרדס 750 מ""ל רמת חברון",רמת חברון,IL,יין פרדס מרלו 750 מל,מיליליטרים,750.00,"100 מ""ל",false,12,100.00,13.3333,true,1,319278
844510012241,false,"יין רמת ירושלים 750 מ""ל רמת חברון",רמת חברון,IL,יין רמת ירושלים קברנה מרלו 750 מל,מיליליטרים,750.00,"100 מ""ל",false,12,100.00,13.3333,true,1,319279
850004207789,false,מיטבולס ביונד מיט 290 גרם,תאי פרזידנט פוד פאבל,US,כדורי מיטבולס ביונד מיט 290גר דיפלומט,גרמים,290.00,100 גרם,false,8,34.90,12.0345,true,1,328562
850006036028,false,מאפה חיטה מקלונים בטעם סלק בצל 400 ג' עבאדי,עבאדי,IL,מקלונים לניגוב עבאדי סלק ובצל 400 גרם,גרמים,400.00,100 גרם,false,1,18.90,4.7250,true,1,335106
850006036035,false,עוגיות קטנטנים של עבאדי טעם חרדל ודבש 350 גרם,עבאדי,IL,עבאדי קטנטנים טעם חרדל ודבש 350 גרם,גרמים,350.00,100 גרם,false,15,17.90,5.1143,true,1,335109
850307005617,false,גולד אטריות ביצים ורמישל דק 500 גר,א.ל.ב. גולד,DE,איטריות ביצים דקות ורמיצלי פאדן 500גר,גרמים,500.00,100 גרם,false,20,11.90,2.3800,true,1,312234
850307005624,false,איטריות ביצים ורמישל,א.ל.ב. גולד,DE,איטריות ביצים עבות ורמיצלי פאדן 500גר,גרמים,500.00,100 גרם,false,20,11.90,2.3800,true,1,312235
850307005655,false,איטריות ביצים פרפר פ,א.ל.ב. גולד,DE,איטריות ביצים פרפר פאדן 500גר,גרמים,500.00,100 גרם,false,20,11.90,2.3800,true,1,312236
850307005662,false,אטריות ביצים חינקל 500 גר,א.ל.ב. גולד,DE,איטריות ביצים חינקל פאדן 500גר,גרמים,500.00,100 גרם,false,20,11.90,2.3800,true,1,312237
850307005693,false,איטריות ביצים לפשה ד,א.ל.ב. גולד,,איטריות ביצים לפשה דק 500גר,גרמים,500.00,100 גרם,false,1,11.90,2.3800,true,1,322356
850307005716,false,איטר.ביצים 500 גרם בורג spiral,א.ל.ב. גולד,DE,איטריות ביצים ספירלי פאדן 500גר,גרמים,500.00,100 גרם,false,20,11.90,2.3800,true,1,312239
850307005747,false,איטריות ביצים תלתל פ,א.ל.ב. גולד,DE,איטריות ביצים תלתל פאדן 500גר,גרמים,500.00,100 גרם,false,20,11.90,2.3800,true,1,312238
850307005792,false,איטריות ביצים לפשה ע,א.ל.ב. גולד,DE,איטריות ביצים לפשה עבה פאדן 500גר,גרמים,500.00,100 גרם,false,20,11.90,2.3800,true,1,312240
851621000050,false,בירה חיטה בטעם הדרים 1664 בלאנק - שישייה,קרלסברג ספליי קומפאני פו,PL,מארז שישיית בירה 1664 330מל פקדון,ליטרים,1.98,ליטר,false,1,39.90,20.1515,true,1,318276
852629004750,false,רביעיית נקניקיות חרי,תאי פרזידנט פוד פאבל,US,נקניקיות חריפות ביונד מיט 4יח 100גר,גרמים,400.00,100 גרם,false,8,29.90,7.4750,true,1,328218
854571007070,false,חטיף אנדר קאבר קינואה שוקולד אוכמניות 57 גרם,אנדרקובר שוקולד,US,חטיף קינואה מצופה שוקולד מריר אוכמניות57,Unknown,0.00,Unknown,false,12,13.90,0.0000,true,1,333594
856591000055,false,עוגיות מזרחיות קריספי שרוף במיוחד,מאפיית יוסף ושמחה עבאדי,IL,עוגיות עבאדי קריספי 400 ג,גרמים,400.00,100 גרם,false,1,18.90,4.7250,true,1,299603
856591000062,false,עוגיות מזרחיות עם מלח עבאדי 400 גרם,מאפיית יוסף ושמחה עבאדי,IL,עוגיות עבאדי מלוח 400 ג,גרמים,400.00,100 גרם,false,1,18.90,4.7250,true,1,221582
856591000109,false,עוגיות מזרחיות פריך במיוחד עבאדי 400 גרם,מאפיית יוסף ושמחה עבאדי,IL,עוגיות מזרחיות פריך במיוחד 400 ג עבאדי,גרמים,400.00,100 גרם,false,1,18.90,4.7250,true,1,227432
856591000512,false,עוגיות מזרחיות מקלונים עם שומשום עבאדי 400 גרם,מאפיית יוסף ושמחה עבאדי,IL,מקלונים עבאדי לניגוב טעם טבעי 400 גרם,גרמים,400.00,100 גרם,false,1,18.90,4.7250,true,1,227431
856591000918,false,מארז שמיניית חטיף טבעי עבאדי,עבאדי,IL,מארז 8 יח חטיף טבעי עבאדי 40 גרם,גרמים,320.00,100 גרם,false,12,14.90,4.6563,true,1,328285
856591000949,false,"מאפה חיטה מלוח ""קטנטנים"" עבאדי 350 גרם",עבאדי,IL,עבאדי קטנטנים מלוח 350 גרם,גרמים,350.00,100 גרם,false,15,17.90,5.1143,true,1,329202
856591000956,false,עוגיות קטנטנים של עבאדי טעם גריל 350 גרם,עבאדי,IL,עבאדי קטנטנים טעם גריל 350 גרם,גרמים,350.00,100 גרם,false,15,17.90,5.1143,true,1,335108
856591000970,false,מאפה חיטה עבאדי מקלונים בטעם חריף 400 גר,עבאדי,IL,מקלונים לניגוב עבאדי טעם חריף 400 גרם,גרמים,400.00,100 גרם,false,1,18.90,4.7250,true,1,335107
857527008640,false,חמאת חומוס בטעם קרימ,,,חמאת חומוס בטעם קרימי 284 גר פילד,גרמים,284.00,100 גרם,false,1,19.90,7.0070,true,1,329449
859547004084,false,ספוג ניקוי לימון פרש סקראב דדי,סקראב דאבי,VN,ספוג ניקוי סקרופ דאדי לימון,יחידה,1.00,יחידה,false,24,17.90,17.9000,true,1,334353
859547004329,false,ספוג ניקוי צבעוני סקראב דדי Scrub Daddy,סקארקיסט,VN,ספוג ניקוי סקרופ דאדי,יחידה,1.00,יחידה,false,24,17.90,17.9000,true,1,334350
859547004466,false,קירצוף וספוג ניקוי SCRUB DADDY,סקראב דאבי,VN,ספוג ניקוי סקרופ מאמי,יחידה,1.00,יחידה,false,24,17.90,17.9000,true,1,334351
859547004688,false,ספוג קרצוף סקראב דדי,,US,ספוג ניקוי סקרופ דודי,יחידה,1.00,יחידה,false,12,17.90,17.9000,true,1,334352
866206000202,false,חטיף אנדר קאבר קינואה שוקולד חלב 57 גרם,אנדרקובר שוקולד,US,חטיף קינואה מצופה שוקולד חלב 57 גרם,Unknown,0.00,Unknown,false,12,13.90,0.0000,true,1,333593
866206000226,false,חט.קינואה שוקו+דומדמנ57.,אנדרקובר שוקולד,US,חטיף קינואה מצופה שוקולד חלב דומדומניות5,Unknown,0.00,Unknown,false,12,13.90,0.0000,true,1,333597
866206000233,false,חט.קינואה שוקולד+מלח57גר,אנדרקובר שוקולד,US,חטיף קינואה מצופה שוקולד מריר מלח ים57,Unknown,0.00,Unknown,false,12,13.90,0.0000,true,1,333595
866206000240,false,חטיף אנדר קאבר קינואה שוקולד רימונים 57 גרם,אנדרקובר שוקולד,US,חטיף קינואה מצופה שוקולד מריר רימונים57,Unknown,0.00,Unknown,false,12,13.90,0.0000,true,1,333596
877300000777,false,ממרח צימיצורי נפטון,"נפטון מוצרי מזון בע""",,ממרח צימיצורי נפטון ירוק פיקנטי 180 גר,גרמים,180.00,100 גרם,false,1,11.90,6.6111,true,1,301226
877300000814,false,רוטב נפטון טיקה 330,"נפטון מוצרי מזון בע""",IL,רוטב נפטון טיקה 330 גר,גרמים,330.00,100 גרם,false,6,14.90,4.5152,true,1,303972
877300002689,false,רוטב קייג'ון (ניו אורלינס),"נפטון מוצרי מזון בע""",IL,רוטב נפטון קייגון 330 ג,גרמים,330.00,100 גרם,false,6,14.90,4.5152,true,1,303965
877300003075,false,רוטב נפטון צאטני שזי,"נפטון מוצרי מזון בע""",IL,רוטב נפטון צאטני שזיף פיקנטי 370 גר,גרמים,370.00,100 גרם,false,6,14.90,4.0270,true,1,303967
877300003259,false,רוטב נפטון סצואן 340,"נפטון מוצרי מזון בע""",IL,רוטב נפטון סצואן 340 גר,גרמים,340.00,100 גרם,false,6,14.90,4.3824,true,1,303973
877300003297,false,רוטב נפטון צאטני מנג,"נפטון מוצרי מזון בע""",IL,רוטב נפטון צאטני מנגו חריף 370 גר,גרמים,370.00,100 גרם,false,6,14.90,4.0270,true,1,303968
877300003303,false,רוטב צאטני מנגו מתוק,"נפטון מוצרי מזון בע""",IL,רוטב נפטון צאטני מנגו 370 ג,גרמים,370.00,100 גרם,false,6,14.90,4.0270,true,1,303966
884912002372,false,דגני בוקר גרייט גריינס פוסט453 גרם,פוסט ארצות הברית,US,ד.בוקר פוסט קרנברי סלקט 368 גר,גרמים,368.00,100 גרם,false,1,24.90,6.7663,true,1,232686
884912004710,false,דגנים גרייפ נאט 464 גרם,פוסט ארצות הברית,US,גרייפ נאט,גרמים,581.00,100 גרם,false,12,21.90,3.7694,true,1,294889
884912014245,false,דגני בוקר האני בנצ'ס דבש פוסט 411 גרם,הנסיך- מפעל לייצור ט,US,ד.בוקר פוסט הני בנצם רוסטד 411 גר,גרמים,411.00,100 גרם,false,1,22.90,5.5718,true,1,228086
884912102102,false,דגני בוקר פוסט סלקט אוכמניות 382 גר,הנסיך- מפעל לייצור ט,US,ד.בוקר פוסט סלקט אוכמניות 453 גר,גרמים,453.00,100 גרם,false,1,24.90,5.4967,true,1,302637
884912111715,false,דגני פוסט האני קומב 354 גר,פוסט ארצות הברית,US,דגני פוסט האני קומב 354 גר,גרמים,354.00,100 גרם,false,14,22.90,6.4689,true,1,333482
884912116505,false,דגני בננה נאט קראנץ' Banana Nut Crunch,פוסט ארצות הברית,US,ד.בוקר פוסט בננה נאט קראנץ 439 גר,גרמים,439.00,100 גרם,false,1,24.90,5.6720,true,1,228089
884912117625,false,דגני שלווה מצופים בדבש Golden Crisp,הנסיך- מפעל לייצור ט,US,דגני פוסט גולדן קריספ 311 גר,גרמים,311.00,100 גרם,false,1,22.90,7.3633,true,1,318809
884912126115,false,גרייט גריינס דגני בוקר עם פירות יבשים פוסט 453 גרם,הנסיך- מפעל לייצור ט,US,ד.בוקר פוסט גריט גריינם 453 גר,גרמים,453.00,100 גרם,false,1,24.90,5.4967,true,1,228088
884912129710,false,דגני פרוטי פאבלס בט,,,דגני בוקר פוסט פרוטי פבלס 425 גר,גרמים,311.00,100 גרם,false,1,24.90,8.0064,true,1,337208
884912180629,false,דגני בוקר מחיטה מלאה גרוסה שרדד וויט,פוסט ארצות הברית,US,ד.בוקר פוסט מרובעים שרדד 464 גר,גרמים,464.00,100 גרם,false,1,21.90,4.7198,true,1,294883
884912342737,false,דגני בוקר קריספי וופל פוסט 326 גרם.,הנסיך- מפעל לייצור ט,US,דגני פוסט וופל קריספ 326 גר,גרמים,326.00,100 גרם,false,1,22.90,7.0245,true,1,320689
884912359155,false,דגני בוקר האני באנצ'ס האני רוסטד פוסט 340 גרם,פוסט ארצות הברית,US,דגני פוסט האני באנצס רוסטד 340 גרם,גרמים,340.00,100 גרם,false,12,22.90,6.7353,true,1,335293
884912359162,false,האני באנצ' דגני בוקר עם שקדים פוסט 411 גרם,פוסט ארצות הברית,US,דגני פוסט האני באנצס שקדים 340 גרם,גרמים,340.00,100 גרם,false,12,22.90,6.7353,true,1,335292
884912359414,false,דגני בוקר האני באנצ'ס קינמון פוסט 340 גרם,פוסט ארצות הברית,US,דגני פוסט האני באנצס קינמון 340 גרם,גרמים,340.00,100 גרם,false,12,22.90,6.7353,true,1,335288
884912359421,false,דגני בוקר האני באנצ'ס מייפל ופקאן פוסט 340 גרם,פוסט ארצות הברית,US,דגני פוסט האני באנצס מייפל פקאן 340 גרם,גרמים,340.00,100 גרם,false,12,22.90,6.7353,true,1,335290
884912359483,false,דגני בוקר האני באנצ'ס תות פוסט 311 גרם,פוסט ארצות הברית,US,דגני פוסט האני באנצס תות 311 גרם,גרמים,311.00,100 גרם,false,12,22.90,7.3633,true,1,335289
884912365200,false,דגני בוקר אוראו שחור ולבן 311 גרם,פוסט ארצות הברית,US,דגני בוקר פוסט אוראו 311 גרם,גרמים,311.00,100 גרם,false,8,19.90,6.3987,true,1,337371
884912365217,false,דגני בוקר אוראו הדור הבא 311 גרם.,פוסט ארצות הברית,US,דגני בוקר פוסט אוראו 311 גרם,גרמים,311.00,100 גרם,false,8,19.90,6.3987,true,1,326924
884912377142,false,דגני בוקר האני באנצ'ס וניל פוסט 340 גרם,פוסט ארצות הברית,US,דגני פוסט האני באנצס וניל 340 גרם,גרמים,340.00,100 גרם,false,12,22.90,6.7353,true,1,335291
885320010584,false,גו גו אטריות קינואה אורז טבעוני בטעם גבינה- שלס 170 גרם,קומפניה,CA,תבשיל אורז וקינואה טבעונית 170 גרם,גרמים,170.00,100 גרם,false,12,21.90,12.8824,true,1,332566
885320010676,false,תבשיל אטריות גוגו טב,,CA,תבשיל אטריות גוגו טבעוני עדשים בטעם גבינ,גרמים,156.00,100 גרם,false,12,21.90,14.0385,true,1,334741
888849000418,false,חטיף חלבון בטעם שוקולד בראוני,סיטי תוספי מזון,IL,חטיף חלבון קווסט שוקולד בראוני,יחידה,1.00,יחידה,false,12,16.90,16.9000,true,1,321517
888849001224,false,קווסט חטיף חלבון סמורס,סיטי תוספי מזון,IL,חטיף חלבון קווסט סמורס,יחידה,1.00,יחידה,false,12,16.90,16.9000,true,1,321528
888849004621,false,קווסט חטיף חלבון בטעם שיבולת שועל שוקולד,סיטי ספורט,HU,חטיף חלבון קווסט שבולת שועל שוקולד ציפס,יחידה,1.00,יחידה,false,12,16.90,16.9000,true,1,321527
888849005994,false,קווסט עוגיית חלבון בטעם חמאת בוטנים שוקו,סיטי ספורט,HU,עוגיית חלבון קווסט שוקולד ציפס,יחידה,1.00,יחידה,false,12,16.90,16.9000,true,1,321530
890582000228,false,"יין סנגריה לוליילו רוזה 750 מ""ל",,ES,סנגריה לוליילו רוזה 750 מל,Unknown,0.00,Unknown,false,1,35.00,0.0000,true,1,332181
890582000723,false,"יין סנגריה לוליילו לבנה 750 מ""ל",,ES,סנגריה לבנה לוליילו 750 מל פיקדון,Unknown,0.00,Unknown,false,1,35.00,0.0000,true,1,318274
890582000754,false,סנגריה לבן לוליילו 1,בודגה בורדגלה,,סנגריה לבן לוליילו 1.5 ליטר,ליטרים,1.50,ליטר,false,1,39.90,26.6000,true,1,311962
897581000365,false,מרשמלו טבעוני 283 גרם ללא גלוטן,גוד פוד פרודקטס S.p,US,מרשמלו טבעוני 283 גרם,גרמים,283.00,100 גרם,false,1,22.90,8.0919,true,1,317492
897581000372,false,מיני מרשמלו טבעוני 283 גרם,,US,מרשמלו מיני טבעוני 283 גרם,גרמים,283.00,100 גרם,false,1,22.90,8.0919,true,1,317491
897581000471,false,מיני מרשמלו טבעוני142גרם,,US,מיני מרשמלו טבעוני עם מייפל 142 גר,גרמים,142.00,100 גרם,false,10,14.90,10.4930,true,1,334958
898193001252,false,חליטת קמומיל 28 גרם בונומלי,הייר ליבינג,IT,בונומלי חליטת קמומיל אורגני 25 גר,יחידה,1.00,יחידה,false,4,15.90,15.9000,true,1,337619
898905002393,false,שאנון אורגינל אייריש,,IE,ליקר שאנון אייריש קרים אורגינל 1 לי,ליטרים,1.00,ליטר,false,12,99.00,99.0000,true,1,320177
1042011210596,false,פותחן לבקבוקי יין מד,,,פותחן לבקבוקי יין מדורג 2 שלבים,יחידה,1.00,יחידה,false,1,9.90,9.9000,true,1,327539
1230000068116,false,המבורגר ביונד מיט 226 גר,ביונד מיט קליפורניה ארהב,US,המבורגר ביונד מיט מארז זוג 113גר,גרמים,226.00,100 גרם,false,8,34.90,15.4425,true,1,323322
3012991021008,false,משקה רום נגריטה כהה,ברדינה,,משקה רום נגריטה כהה 1 לי,ליטרים,1.00,ליטר,false,1,120.00,120.0000,true,1,316465
3012991502002,false,"רום נגריטה לבן 700 מ""ל",ברדינה,,משקה רום נגריטה לבן 700 מל פקדון,מיליליטרים,700.00,"100 מ""ל",false,1,70.00,10.0000,true,1,221262
3012999150496,false,ליקר ברדינה קרם קסיס,ברדינה,,ליקר ברדינה קרם קסיס דיזו 700 מל פקדון,מיליליטרים,700.00,"100 מ""ל",false,1,55.00,7.8571,true,1,230612
3012999150779,false,"ליקר טריפל סק ברדינה 750 מ""ל",ברדינה,,ליקר ברדינה טריפל סק 750מל פקדון,מיליליטרים,750.00,"100 מ""ל",false,1,85.00,11.3333,true,1,232685
3012999250066,false,"סירופ גרנדין-ברדינה 700 מ""ל",ברדינה,,סירופ גרנדין ברדינה 700 מל,מיליליטרים,700.00,"100 מ""ל",false,1,20.00,2.8571,true,1,230529
3014260023089,false,שלישייית מברשת שיניים אורל בי קלאסיק 40 מדיום,פרוקטר אנד גמבל,IL,מארז 3 מב.שיניים אורל בי קלאסיק 40מדיום,יחידה,3.00,יחידה,false,1,14.90,4.9667,true,1,295475
3014260048723,false,אורל בי מברשת שיניים 123 3 יח',פרוקטר אנד גמבל,IN,מברשת שיניים אורל בי שלישייה,יחידה,3.00,יחידה,false,12,12.90,4.3000,true,1,307640
3014260214692,false,"ג'ל גילוח ג'ילט סירייס לעור רגיש 200 מ""ל",פרוקטר אנד גמבל,GB,קצף גילוח גילט סירייס לעור רגיש 200 מל,מיליליטרים,200.00,"100 מ""ל",false,1,16.90,8.4500,true,1,218453
3014260228842,false,"קצף גילוח ג'ילט לעור רגיל 200 מ""ל",מולינו ניקולי s.p.a,GB,ק.גילוח רגיל,מיליליטרים,200.00,"100 מ""ל",false,1,15.90,7.9500,true,1,226836
3014260240226,false,"קצף גילוח ג'ילט לעור רגיש 200 מ""ל",מולינו ניקולי s.p.a,GB,ק.גילוח רגיש,מיליליטרים,200.00,"100 מ""ל",false,1,15.90,7.9500,true,1,226837
3014260280772,false,אורל בי חוט דנטלי אסנשיאל מנטה שעווה 50מ',פרוקטר אנד גמבל,IE,חוט דנטלי אסנשיאל מנטה עם שעווה 50מטר(12,Unknown,0.00,Unknown,false,1,16.90,0.0000,true,1,224257
3014260287030,false,סכיני גילוח חד פעמי חמישיה gullette,פרוקטר אנד גמבל,MD,גילט 2חמישיה,יחידה,5.00,יחידה,false,1,12.90,2.5800,true,1,244237
3014260289287,false,סכין גילוח גילט בלו 2 לנשים-חמישייה,פרוקטר אנד גמבל,RU,ס.גילוח בלו 2 פלוס לנשים 5 יח,Unknown,0.00,Unknown,false,1,15.90,0.0000,true,1,229199
3014260836665,false,אורל בי פרו אקספרט להגנה מקיפה 35 רך זוג,פרוקטר אנד גמבל,IE,מארז זוג מברשת שיניים אורל בי אקספרט מדי,יחידה,2.00,יחידה,false,1,34.90,17.4500,true,1,300562
3016570001030,false,שמפניה טטינגה 750 מל,טטינגה,,שמפניה טטינגה 750 מל פקדון,מיליליטרים,750.00,"100 מ""ל",false,1,199.00,26.5333,true,1,231917
3016570001085,false,שמפניה טטינגה ברוט ר,,,שמפניה טטינגה ברוט רזרב במארז750מל פקדון,מיליליטרים,750.00,"100 מ""ל",false,1,229.00,30.5333,true,1,237821
3018300000245,false,גרנד מרנייה ליקר קור,קמפרי (יורו),,גרנד מרנייה ליקר קורדון 700 מל,מיליליטרים,700.00,"100 מ""ל",false,6,169.00,24.1429,true,1,319228
3023480110707,false,ליקר שרטרז ירוק 700,שרטרז (Chartreuse),,ליקר שרטרז ירוק 700 מל פקדון,מיליליטרים,700.00,"100 מ""ל",false,1,199.00,28.4286,true,1,230471
3023480140704,false,ליקר שרטרז צהוב 700,שרטרז (Chartreuse),,ליקר שרטרז צהוב 700 מל פקדון,מיליליטרים,700.00,"100 מ""ל",false,1,199.00,28.4286,true,1,326226
3024482270109,false,"קוניאק רמי מרטין 700 מ""ל V.S.O.P",רמי קואנטרו,,קוניאק רמי מרטן 700 מל פקדון,מיליליטרים,700.00,"100 מ""ל",false,1,229.00,32.7143,true,1,220709
3027030012541,false,תערובת להכנת קרם פטי,,FR,תערובת להכנת קרם פטיסייר 125 גר,גרמים,125.00,100 גרם,false,10,13.90,11.1200,true,1,332252
3027030012800,false,תערובת פלן אלזה פרנס,,FR,תערובת פלן אלזה פרנס וניל 250 גרם,גרמים,250.00,100 גרם,false,10,21.90,8.7600,true,1,334891
3027030028665,false,תערובת להכנת פלן וני,,FR,תערובת להכנת פלן וניל 180 גר,גרמים,180.00,100 גרם,false,10,15.90,8.8333,true,1,329384
3028130070660,false,"קוניאק קמוס VSOP בורדרי 700 מ""ל",,,קוניאק קמוס בורדרי וי אס או פי 700 מל,מיליליטרים,700.00,"100 מ""ל",false,1,239.00,34.1429,true,1,295222
3028130076457,false,קוניאק קמוס וי.סי.או,,,קוניאק קמוס וי.סי.או פי 700 מל פיקדון,מיליליטרים,700.00,"100 מ""ל",false,1,220.00,31.4286,true,1,335701
3029330032120,false,מארז 4יח לחמניות מקס,,FR,מארז 4יח לחמניות מקסי המבורגר גאקט,גרמים,330.00,100 גרם,false,10,15.90,4.8182,true,1,319178
3029330062769,false,מארז 6יח לחמניות המב,,FR,מארז 6יח לחמניות המבורגר גאקט,גרמים,330.00,100 גרם,false,10,15.90,4.8182,true,1,319179
3029330072577,false,לחם לבן פאן לסנדוויץ,JACQUET,FR,לחם לבן פאן לסנדוויץ 550 גרם,גרמים,550.00,100 גרם,false,15,15.90,2.8909,true,1,331821
3029330072584,false,לחם מלא פאן לסנדוויצ,JACQUET,FR,לחם מלא פאן לסנדוויץ 550 גרם,גרמים,550.00,100 גרם,false,15,15.90,2.8909,true,1,331822
3035540001740,false,ליקר פסואה פסיפלורה700מל,רמי קואנטרו,FR,ליקר פסואה פסיפלורה 700 מל פקדון,מיליליטרים,700.00,"100 מ""ל",false,1,110.00,15.7143,true,1,230463
3035542004206,false,ליקר תפוזים קואנטרו700מל,רמי קואנטרו,FR,ליקר קואנטרו 750 מל פקדון,מיליליטרים,750.00,"100 מ""ל",false,1,150.00,20.0000,true,1,230437
3045140105526,false,מילקה מאגדת שוקולד מילקה חלב 5*100 גרם,מנדלז דויצ'\לנד סנקס פרו,DE,מאגדת 5 יח שוקולד מילקה חלב 100 גרם,גרמים,500.00,100 גרם,false,10,27.90,5.5800,true,1,327027
3045201107001,false,אידיאל מסיר כתמים לפני כביסה -כדור מסאג,אידיאל Ideal,ES,אידאל-מסיר כתמים-אדום 009,מיליליטרים,150.00,"100 מ""ל",false,8,22.90,15.2667,true,1,231785
3045201108008,false,אידיאל מסיר כתמים לפני כביסה -כדור מבריש,אידיאל Ideal,ES,אידאל-מסיר כתמים-צהוב 006,מיליליטרים,150.00,"100 מ""ל",false,8,22.90,15.2667,true,1,231787
3045206157131,false,אידאל צבע לבגד -שחור 230גר,מרקה,ES,צבע לבגד שחור אידאל 230 גר,גרמים,230.00,100 גרם,false,6,24.90,10.8261,true,1,313993
3045206312257,false,דזיטול מגבונים לכל משטח מחטא ומשמיד,יעקבי - דזיטול Desytol,ES,מגבוני דזיטול נגד חיידקים 24 יח,יחידה,24.00,יחידה,false,1,12.90,0.5375,true,1,231789
3045206360609,false,"דזיטול נוזל מחטא בגדים בכביסה, 1 ליטר",רלוי,ES,נוזל דזיטול מחטא בגדים בכביסה 1ליטר,ליטרים,1.00,ליטר,false,12,19.90,19.9000,true,1,333565
3046920010801,false,שוקולד מריר אקסלנס עם אגוזי לוז,לינדט ושפרונגלי קילשברג,FR,שוקולד לינדט אקסלנס הזלנט 100 גר,גרמים,100.00,100 גרם,false,1,16.00,16.0000,true,1,306762
3046920010856,false,לינדט שוקולד אקסלנס לימון גינגיר 100 גר,לינדט ושפרונגלי,CH,שוקולד לינדט אקסלנס למון גינגר100גרם,גרמים,100.00,100 גרם,false,1,16.00,16.0000,true,1,320962
3046920016377,false,לינדט שוקולד אקסלנס מריר 100% קקאו 50 גר,לינדט ושפרונגלי,DE,שוקולד לינדט אקסלנס 100%ריר 50 גרם,Unknown,0.00,Unknown,false,1,16.00,0.0000,true,1,324027
3046920027281,false,שוקולד מריר אקסלנס במילוי קרמל ומלח ים,לינדט ושפרונגלי קילשברג,FR,שוקולד לינדט אקסלנס קרמל סולט 100 ג,גרמים,100.00,100 גרם,false,1,16.00,16.0000,true,1,294804
3046920028004,false,לינדט שוקולד אקסלנס מריר 70% 100 גר,לינדט ושפרונגלי קילשברג,FR,שוקולד לינדט אקסלנס70%מריר100 גרם,גרמים,100.00,100 גרם,false,1,16.00,16.0000,true,1,218459
3046920028363,false,לינדט אקסלנס 85% מוצקי קקאו 100 גרם,לינדט ושפרונגלי קילשברג,FR,שוקולד לינדט אקסלנס85%מריר100 גרם,גרמים,100.00,100 גרם,false,1,16.00,16.0000,true,1,221499
3046920028721,false,שוק.מריר לינדט 99% 50גרם,לינדט ושפרונגלי קילשברג,FR,שוקולד לינדט אקסלנס 99% מריר100גרם,Unknown,0.00,Unknown,false,1,16.00,0.0000,true,1,302607
3046920028752,false,שוקולד לינדט אקסלנס מינט 100 גרם,לינדט ושפרונגלי קילשברג,FR,לינדט אקסלנס מינט 100 גרם,גרמים,100.00,100 גרם,false,20,16.00,16.0000,true,1,224050
3046920029674,false,שוקולד לינדט אקסלנס סולט 100 גרם,לינדט ושפרונגלי קילשברג,DE,לינדט אקס סולט 100 גרם,גרמים,100.00,100 גרם,false,20,16.00,16.0000,true,1,226072
3046920029681,false,לינדט שוקולד אקסלנס מילד 85% קקאו 100 גר,לינדט ושפרונגלי,DE,שוקולד לינדט אקסלנס מילד85%מריר100 גרם,גרמים,100.00,100 גרם,false,1,16.00,16.0000,true,1,323744
3046920029759,false,לינדט אקסלנס 90% מוצקי קקאו 100 גרם,לינדט ושפרונגלי קילשברג,DE,שוקולד לינדט אקסלנס 90% מריר 100 גר,גרמים,100.00,100 גרם,false,1,16.00,16.0000,true,1,294802
3046920029780,false,לינדט שוקולד אקסלנס 70% מילד 100 גר,לינדט ושפרונגלי קילשברג,DE,שוקולד לינדט אקסלנס70%מילד100 גרם,גרמים,100.00,100 גרם,false,20,16.00,16.0000,true,1,302159
3047100090309,false,משקה חריף פרנו 1ל פי,פרנו ריקרד יורו,,משקה חריף פרונו 1 ל פיקדון,ליטרים,1.00,ליטר,false,1,155.00,155.0000,true,1,222041
3047100097209,false,משקה פאסטיס 1 ליטר,,,משקה פאסטיס 51 1 ל פיקדון,ליטרים,1.00,ליטר,false,1,169.00,169.0000,true,1,228924
3049197110076,false,"קוניאק קורבזייה 700 מ""ל V.S",גים בים,FR,קוניאק קורווסיה וי אס 3 כוכבים 700מל,מיליליטרים,700.00,"100 מ""ל",false,6,149.00,21.2857,true,1,313530
3049197210776,false,"קוניאק VSOP קורבזייה 700 מ""ל",גים בים,FR,קוניאק קורבזייה וי.אס.או.פי 700מל פקדון,מיליליטרים,750.00,"100 מ""ל",false,6,199.00,26.5333,true,1,313531
3049614083983,false,"שמפנייה וו קליקו רוזה 750 מ""ל מארז",Veuve Clicquot,FR,יין רוזה קליקו 750 מל באריזת מתנה,מיליליטרים,750.00,"100 מ""ל",false,1,399.00,53.2000,true,1,243160
3052853075909,false,יין ספישל קווה בולינ,צרפת בולינג'ר,,יין ספישל קווה בולינגר 700מל פקדון,מיליליטרים,700.00,"100 מ""ל",false,1,335.00,47.8571,true,1,237179
3052910015961,false,ליקר מונין מוחיטו 70,,,ליקר מונין מוחיטו 700 מל,מיליליטרים,700.00,"100 מ""ל",false,1,59.00,8.4286,true,1,338562
3052910018924,false,ליקר מונין אבטיח 700,,,ליקר מונין אבטיח 700 מל,מיליליטרים,700.00,"100 מ""ל",false,1,59.00,8.4286,true,1,338564
3052911103063,false,ליקר מונין סאוור מיק,,,ליקר מונין סאוור מיקס 700 מל,מיליליטרים,700.00,"100 מ""ל",false,1,59.00,8.4286,true,1,338565
3059940007768,false,"מבשם אוויר אירוויק ספריי וניל אורכידאה 240 מ""ל",איירוויק Air Wick,GB,מ.אוויר אירוויק ספריי וניל 240 מל,מיליליטרים,240.00,"100 מ""ל",false,1,10.90,4.5417,true,1,229110
3059943015104,false,"אירוויק מבשם אויר נטול גז בניחוח פריסיה ויסמין 345 מ""ל",איירוויק Air Wick,PL,מטהר אוויר אירוויק נטול גז פריסיה 345 מל,מיליליטרים,345.00,"100 מ""ל",false,1,14.90,4.3188,true,1,227948
3059943015128,false,מבשם אוויר נטול גז אקווה מיסט בניחוח לבנדר פראי ואוויר הרים,הדקלאים אגודת שיתופי,PL,מטהר אוויר אירוויק נטול גז לבנדר 345 מל,מיליליטרים,345.00,"100 מ""ל",false,1,14.90,4.3188,true,1,227949
3059943016507,false,"אירוויק ספריי בניחוח לבנדר וקמומיל 240 מ""ל",איירוויק Air Wick,GB,מ.אוויר אירוויק ספריי לבנדר 240 מל,מיליליטרים,240.00,"100 מ""ל",false,1,10.90,4.5417,true,1,229109
3059943016569,false,"מבשם אוויר אירוויק ספריי פרסיה ויסמין 240 מ""ל",איירוויק Air Wick,GB,מ.אוויר אירוויק ספריי פריסיה יסמין240מ,מיליליטרים,240.00,"100 מ""ל",false,1,10.90,4.5417,true,1,229107
3059944021197,false,"ויט קרם להסרת שיער לעור רגיש (אריזת חיסכון) 400 מ""ל",רקיט בנקיזר צרפת,FR,קרם להסרת שיער ויט עור עדין אריזת חיסכון,Unknown,0.00,Unknown,false,1,49.90,0.0000,true,1,223735
3059944022415,false,רצועות שעווה מוכנות לשימוש מועשרת בתמציות ובניחוח ורדים,רקיט בנקיזר צרפת,FR,ויט ארומטיק רצועות שעווה 10 יח,Unknown,0.00,Unknown,false,1,21.90,0.0000,true,1,227764
3059944025003,false,Veet רצועות שעווה לעור רגיל אריזת חיסכון (20 יח'),רקיט בנקיזר צרפת,FR,רצועות שעווה ויט 20 יח,יחידה,20.00,יחידה,false,1,21.90,1.0950,true,1,297746
3068320014067,false,מים מינרלים אוויאן 750 מל,קריניציה ויטמינה אס,FR,מים מינרלים אויאן 750 מל פלסטיק,מיליליטרים,750.00,"100 מ""ל",false,1,9.90,1.3200,true,1,239775
3068320017846,false,מים מינרלים אוויאן 1 ליטר,קריניציה ויטמינה אס,FR,מים מינרלים אויאן 1 ליטר פלסטיק,ליטרים,1.00,ליטר,false,1,9.90,9.9000,true,1,239774
3068320055008,false,מים מינרלים אוויאן 500 מל,קריניציה ויטמינה אס,FR,מים מינרלים אויאן 500 מל פלסטיק,מיליליטרים,500.00,"100 מ""ל",false,1,6.90,1.3800,true,1,241613
3068320085005,false,מים מינלים אוויאן 1.5 ליטר,,,מים מינרלים אביאן 1.5 ל פלסטיק,מיליליטרים,1500.00,"100 מ""ל",false,1,11.90,0.7933,true,1,229059
3068320103389,false,"מים מינרלים אוויאן 750 מ""ל זכוכית",,,מים מינרלים אויאן 750 מל זכוכית,מיליליטרים,750.00,"100 מ""ל",false,1,12.90,1.7200,true,1,239767
3068320127576,false,מים מינרלים אוויאן מבעבע 750 מל זכוכית,,,מים מינרלים אויאן מוגז 750מל בק.זכוכית,מיליליטרים,750.00,"100 מ""ל",false,1,12.90,1.7200,true,1,337155
3073780538442,false,גבינה לואש קירי ממרח 200 ג',"מפעלי גבינות ""ביל",,ממרח גבינת לואש קירי200 גרם,גרמים,200.00,100 גרם,false,1,18.90,9.4500,true,1,220575
3073780574242,false,גבינה לואש קירי 16 יח' 240 ג',,,גבינת לואש קירי מותכת 16 יח 240 גר,גרמים,240.00,100 גרם,false,1,22.90,9.5417,true,1,219494
3073780574310,false,גבינה לה וואש קירי 24 400 גר,,,גבינת לואש קירי מותכת 24 יח 360גר,גרמים,360.00,100 גרם,false,1,29.90,8.3056,true,1,219495
3073780591591,false,גבינה לה וואש קירי 12 192 גרם,"מפעלי גבינות ""ביל",,גבינת לואש קירי מותכת 12 יח 192 גר,גרמים,192.00,100 גרם,false,1,17.90,9.3229,true,1,219493
3073780839631,false,גבינת קירי מותכת 6 י,"מפעלי גבינות ""ביל",PL,גבינה קירי 6יחידות,גרמים,100.00,100 גרם,false,60,12.90,12.9000,true,1,239629
3073781003338,false,גבינה לואש קירי לייט 8 יח' * 128 ג',"מפעלי גבינות ""ביל",SK,גבינה לואש קירי 8לייט,גרמים,120.00,100 גרם,false,48,13.90,11.5833,true,1,239631
3073781162790,false,גבינה מותכת בייבי בל 120 גרם,מחלבות בל,FR,גבינת בייבי בל אדום 120 גר,גרמים,120.00,100 גרם,false,1,17.90,14.9167,true,1,335430
3073781177220,false,גבינה בייבי בל אדום 102גר,מחלבות בל,FR,גבינת בייבי בל רול 102גר,גרמים,102.00,100 גרם,false,8,17.90,17.5490,true,1,336812
3080216034508,false,"בירה Grimbergen Blonde בודד 330 מ""ל",גרימברגן Grimbergen,PL,בירה גרינברגן בלונד 330מל בק.פקדון,מיליליטרים,330.00,"100 מ""ל",false,24,10.00,3.0303,true,1,326000
3080216034645,false,"בירה Grimbergen Ambree בודד 300 מ""ל",company supply carlsberg,PL,בירה גרינברגן אמבר 330מל בק.פקדון,מיליליטרים,330.00,"100 מ""ל",false,24,10.00,3.0303,true,1,326001
3080216036526,false,מארז 6יח בירה גרינבר,,,מארז 6יח בירה גרינברגן בלונד 330מל בק.פק,מיליליטרים,1980.00,"100 מ""ל",false,1,39.90,2.0152,true,1,325998
3090291119403,false,נורמנטל פרוסות 150 גרם,סבנסיה,FR,גבינת נורמנטל 150גר פרוס איל דה פרנס,גרמים,150.00,100 גרם,false,8,22.90,15.2667,true,1,328109
3092718605216,false,סירופ טסייר דובדבן 6,טסר,,סירופ טייסר דובדבן 600 מל צרפת,מיליליטרים,600.00,"100 מ""ל",false,1,25.90,4.3167,true,1,337056
3092718610227,false,סירופ טעם פטל גרנדין,טסר,,סירופ טעם פטל גרנדין זירו600מ טסייר צרפת,מיליליטרים,600.00,"100 מ""ל",false,1,25.90,4.3167,true,1,335395
3092718610258,false,סירופ טייסר מנטה זיר,טסר,,סירופ טייסר מנטה זירו 600 מל צרפת,מיליליטרים,600.00,"100 מ""ל",false,1,25.90,4.3167,true,1,320410
3092718627881,false,סירופ צרפת טסייר מנט,טסר,,סירופ טסייר טעם מנטה 600מל צרפת,מיליליטרים,600.00,"100 מ""ל",false,1,25.90,4.3167,true,1,335388
3092718627911,false,סירופ טעם לימון 600מ,טסר,,סירופ טעם לימון 600מל טסייר צרפת,מיליליטרים,600.00,"100 מ""ל",false,1,25.90,4.3167,true,1,335392
3103821204002,false,ברנדי שאטו דה בריול,שאטו דה בריול,,ברנדי שאטו דה בריול קלבדוס 20 שנה 700מל,מיליליטרים,700.00,"100 מ""ל",false,1,430.00,61.4286,true,1,242343
3120581446381,false,יין שבלי פטיט שארטון,שארטרון,FR,יין פטיט שבלי שארטון טרבושה 750 מל,מיליליטרים,750.00,"100 מ""ל",false,6,80.00,10.6667,true,1,317504
3120581456342,false,יין אדום קלו דה מירן,,FR,יין אדום קלו דה מירן קוט דה רון 750מל פק,מיליליטרים,750.00,"100 מ""ל",false,1,75.00,10.0000,true,1,336566
3124480000347,false,משקה קנדה דריי 330מל,,FR,משקה קנדה דריי 330מל גינגר אייל פחית,מיליליטרים,330.00,"100 מ""ל",false,24,7.90,2.3939,true,1,318135
3124480184320,false,משקה אורנגינה 330 מל,,,משקה אורנגינה 330 מל פקדון פחית,מיליליטרים,330.00,"100 מ""ל",false,1,7.90,2.3939,true,1,311798
3124480186584,false,משקה אוהזיס טרופיקל,,FR,משקה אוהזיס טרופיקל 330מל פירות יער פחית,מיליליטרים,330.00,"100 מ""ל",false,24,7.90,2.3939,true,1,336209
3124480186676,false,משקה אוהזיס טרופיקל,,FR,משקה אוהזיס טרופיקל 330מל פירות יער פחית,מיליליטרים,330.00,"100 מ""ל",false,24,7.90,2.3939,true,1,318134
3134375003513,false,דבק כללי חזק במיוחד 30 גר,3m,,דבק כללי חזק במיוחד 30 גרם,יחידה,1.00,יחידה,false,1,16.90,16.9000,true,1,296609
3141360054405,false,פיניש מפיץ ריח למדיח בניחוח לימון וליים,הדקלאים אגודת שיתופי,HU,ציטרופרש מפיג ריחות למדיח,Unknown,0.00,Unknown,false,1,16.90,0.0000,true,1,303125
3142701906001,false,יין פינק פלמינגו גרי,דומיין פלמנגו,FR,יין פינק פלמינגו גרי רוזה 750 מל,מיליליטרים,750.00,"100 מ""ל",false,1,60.00,8.0000,true,1,315060
3147690014607,false,יין פורט קאלווארש 750 מל,ברדינה,,יין אדום פורט קאלווארש 750 מל,מיליליטרים,750.00,"100 מ""ל",false,1,60.00,8.0000,true,1,241722
3147690031505,false,יין אדום פורטו גראן,,IT,יין אדום פורטו גראן קרוז 10שנים 750מל פק,מיליליטרים,750.00,"100 מ""ל",false,12,179.00,23.8667,true,1,336601
3147690045908,false,"קוניאק ארמניאק לה מזייר 700 מ""ל",לה מזייר,,ברנדי ארמניאק לה מזייר 700 מל פקדון,מיליליטרים,700.00,"100 מ""ל",false,1,115.00,16.4286,true,1,230469
3147690083207,false,ברנדי ארמניאק סאן וי,לה מזייר,,ברנדי ארמניאק סאן ויואן 700מל פקדון,מיליליטרים,700.00,"100 מ""ל",false,1,155.00,22.1429,true,1,231688
3147699103845,false,יין אדום פורטו גראן,,IT,יין אדום פורטו גראן קרוז 20שנים 750מל פק,מיליליטרים,750.00,"100 מ""ל",false,12,299.00,39.8667,true,1,336602
3155700000212,false,שמן אגוזי 500 מל לא,,,שמן אגוזי 500 מל לאפליס,מיליליטרים,500.00,"100 מ""ל",false,6,44.90,8.9800,true,1,297956
3155700000700,false,שמן אגוזי מלך 1 ל לא,,,שמן אגוזי מלך 1 ל,ליטרים,1.00,ליטר,false,1,64.90,64.9000,true,1,246513
3159560595000,false,יין רוזה דאנזו קאלוו,צרפת גראן שה דה פראנ,,יין רוזה דאנזו קאלווה 750מל פקדון,מיליליטרים,750.00,"100 מ""ל",false,1,45.00,6.0000,true,1,234530
3159560603279,false,יין ורייאטלז מרלו קא,צרפת גראן שה דה פראנ,,יין ורייאטלז מרלו קאלווה 750מל פקדון,מיליליטרים,750.00,"100 מ""ל",false,1,40.00,5.3333,true,1,234527
3159560603286,false,יין ורייאטלז קברנה ק,צרפת גראן שה דה פראנ,,יין ורייאטלז קברנה קאלווה 750מל פקדון,מיליליטרים,750.00,"100 מ""ל",false,1,40.00,5.3333,true,1,234526
3159560603804,false,יין ורייאטלז שרדונה,צרפת גראן שה דה פראנ,,יין ורייאטלז שרדונה קאלווה 750מל פקדון,מיליליטרים,750.00,"100 מ""ל",false,1,40.00,5.3333,true,1,234525
3159560603880,false,יין ורייאטלז סירה קא,צרפת גראן שה דה פראנ,,יין ורייאטלז שיראז קאלווה 750מל פקדון,מיליליטרים,750.00,"100 מ""ל",false,1,40.00,5.3333,true,1,234529
3161420002535,false,סנט רמי נפוליאון ברנ,רמי קואנטרו,,ברנדי סנט רמי איקס או 700 מל פקדון,מיליליטרים,700.00,"100 מ""ל",false,1,99.90,14.2714,true,1,230465
3161712996108,false,גבינת מיני קממבר 125,סבנסיה,FR,גבינת מיני קממבר 125גרם איל דה פרנס,גרמים,125.00,100 גרם,false,12,24.90,19.9200,true,1,328106
3161712996146,false,גבינת מיני ברי 125גר,סבנסיה,FR,גבינת מיני ברי 125גרם איל דה פרנס,גרמים,125.00,100 גרם,false,12,24.90,19.9200,true,1,328105
3161911229199,false,חמאה צרפתית רכה למריחה אל & ויר 250 גרם,אלל אה וויר,FR,חמאה רכה אלויר 250 גרם,גרמים,250.00,100 גרם,false,1,22.90,9.1600,true,1,218462
3161911366429,false,חמאה צרפתית מלוחה רכה למריחה אלוויר 250 גר',ארזינא,FR,חמאה רכה מלוחה אלויר 250 גרם,גרמים,250.00,100 גרם,false,1,22.90,9.1600,true,1,219027
3161911393210,false,אלוויר חמאת נורמנדי מלוחה 200 גרם,אלוויר,FR,חמאת נורמנדי מלוחה 200גר אלוויר,גרמים,200.00,100 גרם,false,40,17.90,8.9500,true,1,335015
3168930166108,false,סלסה דוריטוס טעם שמנ,,,סלסה דוריטוס טעם שמנת חמוצה 280 גרם,גרמים,280.00,100 גרם,false,1,15.90,5.6786,true,1,332511
3172256000770,false,יין פמיל בוגרייה רוז,,,יין פמיל בוגרייה רוזה 250 מל,מיליליטרים,250.00,"100 מ""ל",false,1,25.00,10.0000,true,1,337882
3172258000013,false,יין פמיל בוגרייה שני,,,יין פמיל בוגרייה שנין בלאן 750 מל,מיליליטרים,750.00,"100 מ""ל",false,1,45.00,6.0000,true,1,337885
3172258001980,false,יין פמיל בוגרייה פינ,,,יין פמיל בוגרייה פינו נואר 750 מל,מיליליטרים,750.00,"100 מ""ל",false,1,45.00,6.0000,true,1,337884
3175360000377,false,גבינת רמבול אגוזים ב,בונגראן,,גבינת רמבול אגוזים במשקל,קילוגרמים,1.00,"ק""ג",true,,179.00,179.0000,true,1,312228
3175460000017,false,גבינת בורסאן שום ועשבי תיבול 150 גר,השחר,FR,גבינת בורסן שום ועשבי תיבול 150 גרם,גרמים,150.00,100 גרם,false,1,18.90,12.6000,true,1,224297
3175460000864,false,גבינת בורסאן טבעי 150 גר,Unknown,FR,גבינת בורסן טבעי 150 גרם,גרמים,150.00,100 גרם,false,1,18.90,12.6000,true,1,302469
3175520020597,false,יין רוש מאזה סירה צ,castel freres,,יין רוש מאזה סירה צרפת 750 מל,מיליליטרים,750.00,"100 מ""ל",false,1,40.00,5.3333,true,1,243166
3175529640727,false,יין רוש מאזה מרלו צ,castel freres,,יין רוש מאזה מרלו צרפת 750 מל,מיליליטרים,750.00,"100 מ""ל",false,1,40.00,5.3333,true,1,296002
3175529640758,false,יין רוש מאזה לבן יבש,castel freres,,יין רוש מאזה שרדונה צרפת 750 מל,מיליליטרים,750.00,"100 מ""ל",false,1,40.00,5.3333,true,1,297649
3175529640789,false,יין רוש מאזה קברנה ס,castel freres,,יין רוש מאזה ק.סובניון צרפת 750 מל,מיליליטרים,750.00,"100 מ""ל",false,1,40.00,5.3333,true,1,298013
3175529644916,false,יין רוש מאזה לבן מתו,castel freres,,יין רוש מאזה מוסקט 750 מל,מיליליטרים,750.00,"100 מ""ל",false,1,40.00,5.3333,true,1,318654
3176580111935,false,גבינת ברי איל דפרנס,בונגראן,,גבינת ברי איל דפרנס במשקל,קילוגרמים,1.00,"ק""ג",true,,159.00,159.0000,true,1,316841
3176780013275,false,יין לה ורסן רוזה דה,,,יין לה ורסן רוזה דה לואר 750 מל,מיליליטרים,750.00,"100 מ""ל",false,6,60.00,8.0000,true,1,328542
3176780029382,false,יין לה שאטו סוביניון,,FR,יין יין לה שאטו סוביניון בלאן טוריין 750,מיליליטרים,750.00,"100 מ""ל",false,1,60.00,8.0000,true,1,322461
3176780030616,false,יין לבן לה רוש נואר,,FR,יין לבן לה רוש נואר מוסקדה סברא 750מל פק,מיליליטרים,750.00,"100 מ""ל",false,12,60.00,8.0000,true,1,336590
3176780033891,false,יין קווה סוביניון בל,צרפת גראן שה דה פראנ,,יין קווה סוביניון בלאן קיווי 750מל פקדון,מיליליטרים,750.00,"100 מ""ל",false,1,40.00,5.3333,true,1,236046
3176780036748,false,יין הו פואטו סוביניו,,FR,יין הו פואטו סוביניון בלאן 750 מל,מיליליטרים,750.00,"100 מ""ל",false,6,65.00,8.6667,true,1,326566
3176780100258,false,יין סאנסר לה שאניי ל,,,יין סאנסר לה שאניי לבן 750 מל750 מל,מיליליטרים,750.00,"100 מ""ל",false,6,100.00,13.3333,true,1,328544
3178530402278,false,עוגיות גאלט חמאה קרם 150 גרם,סן מישל St Michel,FR,עוגיות גאלט חמאה קרמל סן מישל 150 גרם,גרמים,150.00,100 גרם,false,1,14.90,9.9333,true,1,301097
3178530402353,false,עוגות מיני מדלן קלאסי סאן מישל 175 גרם,סאן מישל ביסוויט,FR,עוגיות מדלן רכות סן מישל 175 גרם,גרמים,175.00,100 גרם,false,1,11.90,6.8000,true,1,301102
3178530407938,false,עוגיות מיני מדליין עם שוקוצ'יפס סאן מישל 175 גרם,סן מישל St Michel,FR,עוגיות מיני מדליין סן מישל 175גרם,גרמים,175.00,100 גרם,false,1,11.90,6.8000,true,1,301100
3178530409673,false,"עוגיות פלמיה קרמל, 100 גרם",סאן מישל צ'\אמפאגנאק,FR,עוגיות אוזני פיל סנט מישל 100 גר,גרמים,100.00,100 גרם,false,12,14.90,14.9000,true,1,307176
3178530411478,false,ביסקוויטים גאלט עם חמאה ומלח ים,סן מישל St Michel,FR,עוגיות גאלט חמאה סנט מישל קלאסי 150 גרם,גרמים,150.00,100 גרם,false,1,14.90,9.9333,true,1,301096
3178530412703,false,דונאט עם שוקולד 180 גרם סן מישל,סן מישל St Michel,FR,עוגיות סן מישל דונאט שוקולד180 גרם,גרמים,180.00,100 גרם,false,12,16.90,9.3889,true,1,320622
3178530417340,false,בראוניז שוקולד סנט מישל 210 גרם,סן מישל,FR,עוגת אישית סנט מישל בראוניז שוקולד210גרם,גרמים,210.00,100 גרם,false,12,17.90,8.5238,true,1,327168
3178530417357,false,בראוניז שוקולד לבן סנט מישל 210 גרם,סן מישל,FR,עוגת אישית סנט מישל בראוניז לבן210גרם,גרמים,210.00,100 גרם,false,12,17.90,8.5238,true,1,327169
3178530417418,false,דונאט עם שוקולד צ'יפס 180 גרם סן מישל,סן מישל St Michel,FR,עוגיות סן מישל דונאט שוקוציפס180 גרם,גרמים,180.00,100 גרם,false,12,16.90,9.3889,true,1,320626
3179071000350,false,יין קהר דה מדיטרנה ל,,FR,יין קהר דה מדיטרנה לבן 750 מל,מיליליטרים,750.00,"100 מ""ל",false,6,45.00,6.0000,true,1,328231
3179071001821,false,יין קהר דה מדיטרנה א,,FR,יין קהר דה מדיטרנה אדום 750 מל,מיליליטרים,750.00,"100 מ""ל",false,6,45.00,6.0000,true,1,328230
3179071001869,false,יין קהר דה מדיטרנה ר,,FR,יין קהר דה מדיטרנה רוזה 750 מל,מיליליטרים,750.00,"100 מ""ל",false,6,45.00,6.0000,true,1,328232
3179730011017,false,פרייה מים מינרלים טבעיים מבעבעים,NESTLE WATERS,FR,מים מינרלים פרייה 750 מל פיקדון,מיליליטרים,750.00,"100 מ""ל",false,1,10.90,1.4533,true,1,297179
3179732348913,false,פרייה מים מינרליים טבעיים מבעבעים 1 ליטר פלסטיק,נסטלה ווטרס ספלאי,FR,מים מינרלים פרייה 1 ל פיקדון פלסטיק ירוק,ליטרים,1.00,ליטר,false,6,10.90,10.9000,true,1,297181
3180421057603,false,יין בורגון פינו מולא,מולארד,FR,יין פינו נואר בורגון מולארד 750 מל,מיליליטרים,750.00,"100 מ""ל",false,6,80.00,10.6667,true,1,317496
3183280028036,false,"מלח ים גס בשקית 1 ק""ג LA BALEINE",,FR,מלח ים גס אטלנטי 1 קג לה בלינה,קילוגרמים,1.00,"ק""ג",false,1,16.90,16.9000,true,1,319205
3185130000124,false,קרמאן דאלזאס בלאן דה,צרפת פפאפנהיים,,יין קרמאן דאלזאס בלן דה בלאן 750 מל,מיליליטרים,750.00,"100 מ""ל",false,1,70.00,9.3333,true,1,301557
3185130051027,false,יין ריזלינג פפאפנהיי,צרפת פפאפנהיים,,יין ריזלינג פפאפנהיים 750 מל פיקדון,מיליליטרים,750.00,"100 מ""ל",false,1,60.00,8.0000,true,1,225747
3185130071025,false,יין פפאפנהיים פינו ג,צרפת פפאפנהיים,,יין לבן פינו גרי פפאפנהיים 750 מל פקדון,מיליליטרים,750.00,"100 מ""ל",false,1,65.00,8.6667,true,1,230633
3185130081024,false,יין פפאפנהיים גוורצט,צרפת פפאפנהיים,,יין גוורצטרמינר פפאפנהיים 750 מל פיקדון,מיליליטרים,750.00,"100 מ""ל",false,1,65.00,8.6667,true,1,225748
3185130081079,false,יין גוורצטרמינר 375,פפאפנהיים,,"יין גוורצטרמינר 375 מ""ל",מיליליטרים,375.00,"100 מ""ל",false,1,45.00,12.0000,true,1,298613
3185130741362,false,יין פפאפנהיים זנטי ד,צרפת פפאפנהיים,,יין פפאפנהיים זנטי דה פפאף 750 מל פקדון,מיליליטרים,750.00,"100 מ""ל",false,1,60.00,8.0000,true,1,231244
3185138687365,false,יין גוורצטרמינר גולד,צרפת פפאפנהיים,,יין גוורצטרמינר גולדרט פפאפנהיים 750מל פ,מיליליטרים,750.00,"100 מ""ל",false,1,115.00,15.3333,true,1,233379
3185370001233,false,שמפניה מואט ושנדו באריזת מתנה 750 מל,Moet Chandon,,יין נתזים מואט ושנדו ברוט 750 מל פיקדון,מיליליטרים,750.00,"100 מ""ל",false,1,269.00,35.8667,true,1,302758
3185370061503,false,שמפניה מואט ושנדו רוזה באריזת מתנה 750 מ,Moet Chandon,,יין מואט אריזת מתנה 750 מל,מיליליטרים,750.00,"100 מ""ל",false,1,299.00,39.8667,true,1,302302
3185370457054,false,שמפניה מואט ושנדו אייס אימפריאל 750 מל,Moet Chandon,,שמפניה מואט אייס אימפריאל 750 מל,מיליליטרים,750.00,"100 מ""ל",false,1,299.00,39.8667,true,1,324073
3185370615492,false,שמפניה מואט אייס אימ,,,שמפניה מואט אייס אימפריאל רוזה 750 מל,מיליליטרים,750.00,"100 מ""ל",false,1,350.00,46.6667,true,1,324074
3192200003381,false,ברנדי קלבדוס בוסנל ת,,,ברנדי קלבדוס בוסנל תפוחים פאי דאוג700מל,מיליליטרים,700.00,"100 מ""ל",false,12,129.00,18.4286,true,1,336603
3225820056380,false,יין שאטו פילו בורדו,שאטו פילו,FR,יין שאטו פילו בורדו 750 מל,מיליליטרים,750.00,"100 מ""ל",false,6,60.00,8.0000,true,1,327922
3228022910023,false,חמאת צרפתית פרזידנט 200 גרם,סוסייטה בארייר דה אי,FR,חמאה צרפתית פרזידנט 200 גרם,גרמים,200.00,100 גרם,false,1,12.90,6.4500,true,1,218469
3245990969419,false,"קוניאק הנסי 700 מ""ל V.S.O.P",jas hennessy,,קוניאק הנסי וי אס או פי מארז 700מלפיקדו,מיליליטרים,750.00,"100 מ""ל",false,1,259.00,34.5333,true,1,234177
3245995960015,false,הנסי 700 V.S באריזת מתנה,jas hennessy,,קוניאק הנסי וי אס 700 מל,מיליליטרים,700.00,"100 מ""ל",false,1,150.00,21.4286,true,1,242087
3252560600047,false,גיין בודייה ספרון 70,,,גיין בודייה ספרון 700 מל,מיליליטרים,700.00,"100 מ""ל",false,1,190.00,27.1429,true,1,243358
3252920012305,false,חמאה 250גרם לה גאל,,GR,חמאה 250גרם לה גאל,גרמים,250.00,100 גרם,false,,22.90,9.1600,true,1,325563
3252920013494,false,חמאה מלוחה 250גר מלח,,GR,חמאה מלוחה 250גר מלח אטלנטי לה גאל,גרמים,250.00,100 גרם,false,,22.90,9.1600,true,1,325562
3252920022502,false,גבינת שמנת טבעי 150ג,,,גבינת שמנת טבעי 150גר לה גל,גרמים,150.00,100 גרם,false,,13.90,9.2667,true,1,325549
3252920022557,false,גבינת שמנת תות 150גר,,,גבינת שמנת תות 150גר לה גל,גרמים,150.00,100 גרם,false,,13.90,9.2667,true,1,325550
3254474024537,false,תירס גרעינים גריין ג,,GB,תירס גרעינים גריין גאיינט 160 גרם,גרמים,160.00,100 גרם,false,12,3.90,2.4375,true,1,335585
3254550033217,false,סנט מור גבינת ברי איסיני 220 גרם,אף.סי תבליני בגליל ב,FR,גבינת ברי איסיני 220 גרם,גרמים,220.00,100 גרם,false,1,26.90,12.2273,true,1,294816
3254550033279,false,גבינת קממבר 250 גרם סנט מר,איסיני סנט מור,FR,גבינת קממבר איסיני 250 גרם,גרמים,250.00,100 גרם,false,1,26.90,10.7600,true,1,294817
3257698101107,false,יין גילהם לבן 750 מל,גאטה,,יין גילהם לבן 750 מל,מיליליטרים,750.00,"100 מ""ל",false,1,60.00,8.0000,true,1,307472
3257698104108,false,יין גאסק שרדונה 750,,FR,יין גאסק שרדונה 750 מל,מיליליטרים,750.00,"100 מ""ל",false,6,60.00,8.0000,true,1,329413
3257698108106,false,יין פונט דה גאסאק ל,יקב גאסאק,FR,יין פונט גאסאק לבן 750 מל,מיליליטרים,750.00,"100 מ""ל",false,6,80.00,10.6667,true,1,318476
3257698109103,false,יין גאסק סוביניון בל,,FR,יין גאסק סוביניון בלאן 750 מל,מיליליטרים,750.00,"100 מ""ל",false,6,60.00,8.0000,true,1,329414
3257698201104,false,יין גילהם רוזה 750 מ,גאטה,FR,יין גילהם רוזה 750 מל,מיליליטרים,750.00,"100 מ""ל",false,1,60.00,8.0000,true,1,313858
3257698301101,false,יין גילהם אדום 750 מ,גאטה,,יין גילהם אדום 750 מל,מיליליטרים,750.00,"100 מ""ל",false,1,60.00,8.0000,true,1,307473
3257698301118,false,יין גאסק קברנה 750 מ,,FR,יין גאסק קברנה 750 מל,מיליליטרים,750.00,"100 מ""ל",false,6,60.00,8.0000,true,1,329412
3257698301132,false,יין קלאסיק אדום 750,גאטה,,יין קלאסיק אדום 750 מל,מיליליטרים,750.00,"100 מ""ל",false,1,60.00,8.0000,true,1,307474
3257698302108,false,יין פונט דה גאסאק אד,יקב גאסאק,FR,יין פונט גאסאק אדום 750 מל,מיליליטרים,750.00,"100 מ""ל",false,6,80.00,10.6667,true,1,318475
3263280105262,false,יין גראנש סנסו פי סי,גיפי שנה,FR,יין גראנש סנסו פי סי 187 מל,מיליליטרים,187.00,"100 מ""ל",false,6,25.00,13.3690,true,1,323604
3263280118002,false,יין ביסטרו שיק מרלו,,,יין ביסטרו שיק מרלו קברנה סירה 750 מל,מיליליטרים,750.00,"100 מ""ל",false,6,45.00,6.0000,true,1,333642
3263286301323,false,"יין JP קברנה סירה 750 מ""ל",,,יין גי פי שנה קברנה סירה 750 מל פקדון,מיליליטרים,750.00,"100 מ""ל",false,1,45.00,6.0000,true,1,319696
3263286301385,false,יין J.P רוזה סינסולט גרנאש 750 מל,קב דה לנדירס,FR,יין גי פי סנסו גראנש 750 מל,מיליליטרים,750.00,"100 מ""ל",false,1,45.00,6.0000,true,1,319126
3263286314989,false,יין ברון דאריניאק אד,לה קב דה לנדירס,,יין אדום ברון דארנייק 750 מל פקדון,מיליליטרים,750.00,"100 מ""ל",false,1,40.00,5.3333,true,1,295252
3263286321284,false,יין צרפתי גיפי לבן חצי מתוק 750 מל,קב דה לנדירס,,יין גי פי לבן חצי מתוק 750 מל,מיליליטרים,750.00,"100 מ""ל",false,1,45.00,6.0000,true,1,302052
3263286328993,false,יין גיי פי שנה מרלו,,,יין גי פי מרלו 750 מל,מיליליטרים,750.00,"100 מ""ל",false,1,45.00,6.0000,true,1,319288
3263286329396,false,"יין טרה ארגנטה מלבאק 750 מ""ל",ארגנטה,AR,יין טרה ארגנטה מלבק 750 מל,מיליליטרים,750.00,"100 מ""ל",false,6,45.00,6.0000,true,1,317503
3263286350598,false,יין קולומברד שרדונה,גיפי שנה,FR,יין קולומברד שרדונה לבן גי פי 187 מל,מיליליטרים,187.00,"100 מ""ל",false,6,25.00,13.3690,true,1,314262
3263286350611,false,יין קברנה סירה גי פי,גיפי שנה,FR,יין קברנה סירה גי פי 187 מל,מיליליטרים,187.00,"100 מ""ל",false,6,25.00,13.3690,true,1,314263
3263286529321,false,יין שבלי לבן בואיה 7,,FR,יין שבלי לבן בואיה 750 מל פקדון,מיליליטרים,750.00,"100 מ""ל",false,6,100.00,13.3333,true,1,324481
3263289990203,false,יין גיי פי שנה שרדונ,,,יין גי פי לבן יבש שרדונה 750 מל,מיליליטרים,750.00,"100 מ""ל",false,1,45.00,6.0000,true,1,300146
3263289998711,false,ייין גיי פי שנה שירא,,,יין גי פי אדום יבש שיראז 750 מל,מיליליטרים,750.00,"100 מ""ל",false,1,45.00,6.0000,true,1,300145
3267682136176,false,ויסקי היילנד קווין בלנדד 1 ליטר,היילנד קווין קומפני,GB,וויסקי היילנד קווין 1 לי,ליטרים,1.00,ליטר,false,6,99.00,99.0000,true,1,324735
3269210253034,false,יין מיראבו קלאסיק רו,,,יין מיראבו קלאסיק רוזה 750 מל,מיליליטרים,750.00,"100 מ""ל",false,1,65.00,8.6667,true,1,311129
3270620000873,false,"ליקר מנגויאן 700 מ""ל",,,ליקר תאנים 700 מל,מיליליטרים,700.00,"100 מ""ל",false,6,89.90,12.8429,true,1,324734
3270620001498,false,קוניאק לואי רוייה 700 מל XO,,,קוניאק לואי רוייה אקס או 700 מל,מיליליטרים,700.00,"100 מ""ל",false,1,489.00,69.8571,true,1,336826
3270620001702,false,"קוניאק לואי רוייה 700 מ""ל VSOP",,,קוניאק לואי רוייה וי אס או פי 700 מל,מיליליטרים,700.00,"100 מ""ל",false,1,199.00,28.4286,true,1,336827
3270620001757,false,"קוניאק VS לואי רוייה 700 מ""ל",,,קוניאק לואי רוייה וי אס 700 מל,מיליליטרים,700.00,"100 מ""ל",false,1,129.00,18.4286,true,1,313037
3271923113505,false,יין ראסטו טראדיסיון,,FR,יין ראסטו טראדיסיון 750 מל,מיליליטרים,750.00,"100 מ""ל",false,6,85.00,11.3333,true,1,319862
3272770003148,false,"שברוקס גבינת עיזים פרמידה, 150 גרם",מיוצר עי קונדיטוריית,FR,גבינת שברו עיזים פרמידה 150 ג,גרמים,150.00,100 גרם,false,1,21.90,14.6000,true,1,241035
3272770092678,false,טרטר שום ועשבי תיבול 150 גר,בונגראן,,גבינת טרטר עשבי תיבול 150גר,גרמים,150.00,100 גרם,false,1,19.90,13.2667,true,1,242264
3272810233177,false,יין בורדו דה שבל בלא,גראן שר דה פראנס,FR,יין בורדו דומיין דה שבאל בלאן אדום 750 מ,מיליליטרים,750.00,"100 מ""ל",false,6,45.00,6.0000,true,1,313869
3274664069001,false,מאגדת שלגון טובלרון,,,מאגדת שלגון טובלרון לבן 4יח,יחידה,4.00,יחידה,false,1,37.90,9.4750,true,1,326454
3274932102003,false,חמאה 250גרם לה גאל,,GR,חמאה 250גרם לה גאל,גרמים,250.00,100 גרם,false,,22.90,9.1600,true,1,326171
3275240312245,false,גבינת קממבר 250גר צר,,FR,גבינת קממבר 250גר צרפתית בנייר,גרמים,250.00,100 גרם,false,,24.90,9.9600,true,1,336930
3278480396334,false,שמפיין פיין אקס או ג,גודה פראר קוניק,FR,שמפיין פיין אקס או גודה 700 מל,מיליליטרים,700.00,"100 מ""ל",false,1,359.00,51.2857,true,1,336833
3278480629128,false,קוניאק XO גודה טרה 700מל,,FR,קוניאק גודה אקס או 700 מל,מיליליטרים,700.00,"100 מ""ל",false,1,469.00,67.0000,true,1,336832
3296180000016,false,יין דומיין פרין קוט,,,יין דומיין פרין קוט דה ונטו 750 מל פקדון,מיליליטרים,750.00,"100 מ""ל",false,1,60.00,8.0000,true,1,225796
3296180000023,false,יין פרין זיגונדאס לה,,,יין דומיין פרין גגונדאס אדום יבש 750מל פ,מיליליטרים,750.00,"100 מ""ל",false,1,129.00,17.2000,true,1,229742
3296180000047,false,יין דומיין פרין קוט,,,יין דומיין פרין קוט דה לובר 750 מל פקדון,מיליליטרים,750.00,"100 מ""ל",false,1,60.00,8.0000,true,1,225797
3296180000160,false,יין פרין קוט דה רון,,,יין פרין קוט דה רון רזרב 750 מל פקדון,מיליליטרים,750.00,"100 מ""ל",false,1,60.00,8.0000,true,1,225851
3296180004250,false,יין פרובנס מירבל רוז,,,יין מירבל רוזה יבש 750 מל פקדון,מיליליטרים,750.00,"100 מ""ל",false,1,115.00,15.3333,true,1,239097
3296180007794,false,"יין מיראבל סטודיו 750 מ""ל",,FR,יין מירבאל סטודיו 750 מל,מיליליטרים,750.00,"100 מ""ל",false,6,80.00,10.6667,true,1,319082
3296184016242,false,"יין מירבל רוזה יבש, 750 מ""ל",,,יין פרובנס מירבל רוזה יבש 750 מל,מיליליטרים,750.00,"100 מ""ל",false,1,115.00,15.3333,true,1,326987
3299790211018,false,ערק פניקס אניס 1 ליט,טייב,FR,משקה פניקס ארק 45% 1ל פקדון,ליטרים,1.00,ליטר,false,1,115.00,115.0000,true,1,225096
3300370111038,false,יין הוגל גנטיל 750 מ,,,יין הוגל גנטיל 750 מל פקדון,מיליליטרים,750.00,"100 מ""ל",false,1,60.00,8.0000,true,1,225482
3300370180034,false,יין הוגל גוורצטרמינר,,,יין הוגל גוורצטרמינר 750 מל פקדון,מיליליטרים,750.00,"100 מ""ל",false,1,100.00,13.3333,true,1,231683
3300370190033,false,יין הוגל ריזלינג 750,,,יין הוגל ריזלינג 750 מל פקדון,מיליליטרים,750.00,"100 מ""ל",false,1,85.00,11.3333,true,1,231682
3330540102191,false,יין בורגון קוט שאלונ,קאב דה בוקסי,FR,יין קוט שאלונייז שרדונה 750 מל,מיליליטרים,750.00,"100 מ""ל",false,1,60.00,8.0000,true,1,319866
3330540502014,false,יין בורגון אליגוטה 7,קאב דה בוקסי,FR,יין בורגון אליגוטה 750 מל,מיליליטרים,750.00,"100 מ""ל",false,1,60.00,8.0000,true,1,319865
3330548002226,false,יין בורגון זיברי לבן,טיסייה רולאן,,יין בורגון גיברי לבן 750 מל,מיליליטרים,750.00,"100 מ""ל",false,1,80.00,10.6667,true,1,322458
3333780204953,false,יין לה שאטו מוסקדה ס,יין לה שאטו אקרמן,FR,יין לה שאטו מוסקדה סרבה אן מנטא 750 מל,מיליליטרים,750.00,"100 מ""ל",false,6,60.00,8.0000,true,1,317502
3333780204991,false,"יין שאטו סנטר לבן 750 מ""ל",lacheteau,,יין לה שאטו סנסר 750 מל פקדון,מיליליטרים,750.00,"100 מ""ל",false,1,100.00,13.3333,true,1,320024
3335121604934,false,חרדל דיג'ון חלק פלוטקין 370 גרם,קובינור,FR,חרדל חלק 370 גר CHATEL,גרמים,370.00,100 גרם,false,12,10.00,2.7027,true,1,223139
3335121614933,false,חרדל דיג'ון עם גרגירים שלמים 370 גרם,קובינור,,חרדל צאטל גרגרים 370 גר,גרמים,370.00,100 גרם,false,1,11.90,3.2162,true,1,223140
3341501000173,false,גבינת סנט אגור במשקל,בונגראן,,גבינת סנט אגור במשקל,קילוגרמים,1.00,"ק""ג",true,,199.00,199.0000,true,1,219030
3342830040106,false,יין בורגון שרדונה 75,צרפת - דומיין שאנסון,,יין בורגון שרדונה 750 מל,מיליליטרים,750.00,"100 מ""ל",false,1,95.00,12.6667,true,1,241062
3344060020729,false,יין וורה פייר ברווין,ברווין,FR,יין וורה פייר ברווין מתוק 750 מל,מיליליטרים,750.00,"100 מ""ל",false,6,60.00,8.0000,true,1,317508
3351000181617,false,יין בורגון פינו נואר,צרפת פייבליי,,יין בורגון פינו נואר פייבליי 750 מל,מיליליטרים,750.00,"100 מ""ל",false,1,85.00,11.3333,true,1,316588
3351001591316,false,יין גבריי שמברטאן דו,פייבליי,,יין גבריי שמברטאן דומיין פייבליי 750 מל,מיליליטרים,750.00,"100 מ""ל",false,1,260.00,34.6667,true,1,296065
3351650000214,false,"יין גורג דובף בוזולה 2017 750 מ""ל",,FR,יין גורג דובף בוזולה אדום 750 מל,מיליליטרים,750.00,"100 מ""ל",false,1,65.00,8.6667,true,1,230577
3354902010344,false,יין סמיילי שרדונה 75,,FR,יין סמיילי שרדונה 750 מל,מיליליטרים,750.00,"100 מ""ל",false,6,45.00,6.0000,true,1,334749
3354902010436,false,יין סמיילי קברנה סוב,,FR,יין סמיילי קברנה סוביניון 750 מל,מיליליטרים,750.00,"100 מ""ל",false,6,45.00,6.0000,true,1,334747
3364048001328,false,"קוניאק VSOP טיפון 700 מ""ל",,FR,קוניאק קמוס וי.סי.או פי 700 מל,מיליליטרים,700.00,"100 מ""ל",false,6,150.00,21.4286,true,1,335156
3365500000385,false,גבינת קממבר 250גר צר,,FR,גבינת קממבר 250גר צרפתית בנייר,גרמים,250.00,100 גרם,false,1,24.90,9.9600,true,1,323313
3365810002291,false,יין פרובוס קאהור 200,צרפת קלו טריגדינה,,יין פרובוס קאהור 2005 750 מל פיקדון,מיליליטרים,750.00,"100 מ""ל",false,1,215.00,28.6667,true,1,245950
3365810011873,false,יין ניו בלאק וויין 2,צרפת קלו טריגדינה,,יין ניו בלאק וויין 2009 750 מל פיקדון,מיליליטרים,750.00,"100 מ""ל",false,1,305.00,40.6667,true,1,245952
3365910009602,false,יין דומיין הנרי בורג,,,יין דומיין הנרי בורגואה פטיט ס.בלאן 750מ,מיליליטרים,750.00,"100 מ""ל",false,1,70.00,9.3333,true,1,316738
3365910051106,false,יין הנרי בורגוואה פו,,,יין הנרי בורגוואה פואי פומה יאנג וין 750,מיליליטרים,750.00,"100 מ""ל",false,1,130.00,17.3333,true,1,241778
3382250000311,false,יין סנסר שאטו פונטיי,לאנגלואה שאטו,,יין סנסר פונטיין אודון 750 מל,מיליליטרים,750.00,"100 מ""ל",false,1,110.00,14.6667,true,1,300137
3382250000458,false,יין סומור לבן שאטו 7,לאנגלואה שאטו,,יין סומור לבן שאטו 750 מל,מיליליטרים,750.00,"100 מ""ל",false,1,65.00,8.6667,true,1,300142
3383690020747,false,פרובאנס יין דומיין א,,,פרובאנס יין דומיין אוט רוזה 750 מל,מיליליטרים,750.00,"100 מ""ל",false,6,179.00,23.8667,true,1,322969
3387390320244,false,פיטנס דגני בוקר מחיטה מלאה עם פירות נסטלה 375 גרם,נסטלה צרפת איטנקורט,FR,דגני בוקר פיטנס עם פירות 375 ג,גרמים,375.00,100 גרם,false,1,19.90,5.3067,true,1,221956
3387390525960,false,קראנץ' דגני בוקר עם שוקולד חלב נסטלה 500 גרם,הנסיך- מפעל לייצור ט,FR,דגני בוקר קראנצ טעם שוקולד חלב 500 ג,גרמים,500.00,100 גרם,false,1,22.90,4.5800,true,1,225351
3387390730852,false,פיטנס דגנים מחיטה מלאה ואורז נסטלה 375 גרם,נסטלה צרפת איטנקורט,FR,דגני בוקר פיטנס לגוף חטוב 375 ג,גרמים,375.00,100 גרם,false,1,19.90,5.3067,true,1,221955
3391180002661,false,יין קרז הרמיטאז פטיט,צרפת - מ. שאפוטייה,,יין קרז הרמיטאז פטיט רוש שאפוטייה 750מל,מיליליטרים,750.00,"100 מ""ל",false,1,85.00,11.3333,true,1,313026
3391181051231,false,יין קורנאס לז ארן 12,שאפוטייה,,יין קורנאס לז ארן 12 שאפוטייה 750 מל,מיליליטרים,750.00,"100 מ""ל",false,1,205.00,27.3333,true,1,295745
3394210003751,false,פסטיס דובל 700 מלר,,,פסטיס דובל 700 מלר,מיליליטרים,700.00,"100 מ""ל",false,8,59.00,8.4286,true,1,329564
3394210004055,false,וורמוט סט רפאל אמבר,ברדינה,,יין וורמוט סט רפאל אמבר 1 לי,ליטרים,1.00,ליטר,false,1,60.00,60.0000,true,1,242335
3394215961483,false,פסטיס דובל דה מרסיי,,,עראק פסטיס דובל דה מרסייה 1 ליטר,ליטרים,1.00,ליטר,false,1,99.90,99.9000,true,1,315146
3415581114126,false,גלידה בטעם קרמל מתוק-מלוח 473 ג' האגן דאז,האגן-דאז,FR,גלידה האגן דאז פיינט קרמל מלוח 430גר,גרמים,430.00,100 גרם,false,1,22.90,5.3256,true,1,236428
3415581117110,false,"האגן דאז שמנת קרמל ובסקוויטים 500 מ""ל",האגן-דאז,FR,גלידה האגן דאז פיינט קרמל וביסקויט,גרמים,430.00,100 גרם,false,1,22.90,5.3256,true,1,228575
3415581187113,false,גלידה בטעם וניל בראוניס 473 ג' האגן דאז,האגן-דאז,FR,גלידה האגן דאז פיינט וניל בראוניס,מיליליטרים,500.00,"100 מ""ל",false,1,22.90,4.5800,true,1,221625
3415582302928,false,גלידה האגן דאז דואו שוקולד בלגי תות קראנ,האגן דאז,FR,גלידה האגן דאז דואו שוקולד בלגי תות קראנ,גרמים,353.00,100 גרם,false,8,22.90,6.4873,true,1,338647
3415587149924,false,האגן דאז פיינט בראוניז מקיאטו,האגן דאז,FR,גלידה האגן דאז בראוני מקיאטו 386גר,גרמים,386.00,100 גרם,false,8,22.90,5.9326,true,1,322091
3417840007514,false,יין סאנסר דומיין דה,,,יין סאנסר דומיין דה רוסיניול לבן 750 מל,מיליליטרים,750.00,"100 מ""ל",false,1,80.00,10.6667,true,1,323277
3428681000961,false,קוניאק דופוי במארז א,באך גבריאלסון,FR,קוניאק דופוי וי אס 750 מל,מיליליטרים,750.00,"100 מ""ל",false,12,129.90,17.3200,true,1,320983
3428681000978,false,קוניאק דופוי וי אס 7,דופוי,FR,קוניאק דופוי וי אס 750 מל,מיליליטרים,750.00,"100 מ""ל",false,12,150.00,20.0000,true,1,318733
3436804100412,false,יין שבלי סנט קלייר ב,צרפת בורדו,,יין שאבלי סנט קלייר ברוקרד 750 מל,מיליליטרים,750.00,"100 מ""ל",false,1,100.00,13.3333,true,1,295901
3443091000110,false,יין פואי פומה לאדוסט,צרפת ברון דה לדוסט,,יין פויי פומה לבן 750 מל פקדון,מיליליטרים,750.00,"100 מ""ל",false,1,150.00,20.0000,true,1,232950
3443091000219,false,יין סנסר לבן לאדוסט,צרפת ברון דה לדוסט,,יין סנסר לבן קונט לפון לדוסט 750מל,מיליליטרים,750.00,"100 מ""ל",false,1,130.00,17.3333,true,1,233424
3443092000119,false,יין בורגון לבן שבלי,צרפת רנייר,,יין לבן שבלי רנייאר 750 מל פקדון,מיליליטרים,750.00,"100 מ""ל",false,1,110.00,14.6667,true,1,231039
3443094210004,false,יין ווברה ברדיף 750,צרפת מרק ברדיף,,יין לבן ווברה ברדיף 750 מל פקדון,מיליליטרים,750.00,"100 מ""ל",false,1,80.00,10.6667,true,1,230634
3445850070778,false,"מלח ים אטלנטי טבעי אורגני 1 ק""ג",סלינס דה גרנד,FR,מלח ים אטלנטי 1 קג 1000 גרם,קילוגרמים,1.00,"ק""ג",false,1,20.00,20.0000,true,1,228547
3451492750190,false,יין שאבלי קווה אמאנד,"איי, בי, אינבוו",FR,יין בורגון שאבלי קווה אמאנדין כר 750 מל,מיליליטרים,750.00,"100 מ""ל",false,1,100.00,13.3333,true,1,322452
3451790476945,false,קרם ציז במשקל,אלוויר,,קרם ציז במשקל,קילוגרמים,1.00,"ק""ג",true,,75.00,75.0000,true,1,243329
3451790940729,false,חמאה גורמה מלוח גליל250ג,אלוויר,FR,חמאה מלוחה אלוויר בגליל גורמה 250 גרם,גרמים,250.00,100 גרם,false,1,18.90,7.5600,true,1,237981
3455720750433,false,יין שמפנייה רוזה אלכ,צרפת אלכסנדר בונה,,יין פרל רוזה ברוט אלכסנדר בונה 750 מל,מיליליטרים,750.00,"100 מ""ל",false,1,180.00,24.0000,true,1,243809
3455720750457,false,שמפניה בלאן דה נואר,צרפת אלכסנדר בונה,,יין בלאן דה נואר אלכסנדר 750 מל פקדון,מיליליטרים,750.00,"100 מ""ל",false,1,155.00,20.6667,true,1,230794
3455720750495,false,"גרנד רזרב ברוט אלכנסדר בונה 750 מ""ל",צרפת אלכסנדר בונה,,יין גרנד רזרב ברוט אלכסנדר 750מל פקדון,מיליליטרים,750.00,"100 מ""ל",false,1,155.00,20.6667,true,1,230795
3458965723910,false,יין סנסר דומיין ושרו,ושרון,FR,יין דומיין ושרון סנסר עמק הלואר 750 מל,מיליליטרים,750.00,"100 מ""ל",false,12,129.00,17.2000,true,1,317124
3472710055040,false,בונ טראפלס בלגי בטעם,,NL,טראפלס בלגיאן קקאו 150 גרם,גרמים,150.00,100 גרם,false,12,10.90,7.2667,true,1,333583
3480041001018,false,יין שרדונה לה סליס 2,פרנסואה לורטון,,יין שרדונה לה סליס 2014 750 מל,מיליליטרים,750.00,"100 מ""ל",false,1,60.00,8.0000,true,1,237964
3480041013004,false,יין סובניון בלאן פומ,פרנסואה לורטון,,יין סובניון בלאן פומה בלונש 2014 750 מל,מיליליטרים,750.00,"100 מ""ל",false,1,60.00,8.0000,true,1,237965
3480042761232,false,יין פומה בלונש רוזה,פרנסואה לורטון,,יין פומה בלונש רוזה 2014 750 מל,מיליליטרים,750.00,"100 מ""ל",false,1,60.00,8.0000,true,1,242160
3480044168794,false,יין סירה גראנש קריני,פרנסואה לורטון,,יין סירה גראנש קריניאן 2013 750מל,מיליליטרים,750.00,"100 מ""ל",false,1,70.00,9.3333,true,1,239032
3480044834880,false,יין פומה בלאן מבעבע,פרנסואה לורטון,,יין פומה בלאן מבעבע 2014 750 מל פקדון,מיליליטרים,750.00,"100 מ""ל",false,1,60.00,8.0000,true,1,239029
3480046329759,false,יין פינו נואר לה סלי,פרנסואה לורטון,,יין פינו נואר לה סליס 2012 750 מל,מיליליטרים,750.00,"100 מ""ל",false,1,60.00,8.0000,true,1,242161
3480049835349,false,יין רוזה דומיין דה נ,פרנסואה לורטון,FR,יין רוזה דומיין דה ניצאס 750מל פקדון,מיליליטרים,750.00,"100 מ""ל",false,12,75.00,10.0000,true,1,336612
3480341002692,false,טרטר אפרטיף בסגנון איטלקי 100 גר,בונגראן,,גבינת טרטר אפרטיף בנוסח איטלקי 100 גרם,גרמים,100.00,100 גרם,false,1,19.90,19.9000,true,1,317677
3492240120520,false,יין בורגון שאבלי דומ,,,יין שאבלי דומיין דו שרדונה 750 מל,מיליליטרים,750.00,"100 מ""ל",false,1,110.00,14.6667,true,1,311724
3500610033346,false,יין צרפתי גיפי אדום חצי מתוק 750 מל,קב דה לנדירס,,יין גי פי אדום חצי מתוק 750 מל,מיליליטרים,750.00,"100 מ""ל",false,1,45.00,6.0000,true,1,302051
3500610035630,false,יין שאטו פונפוארד בו,VICENTE GANBIA PIA,FR,יין שאטו פונפוארד בורדו 750 מל,מיליליטרים,750.00,"100 מ""ל",false,6,75.00,10.0000,true,1,327500
3500610044564,false,יין דומיין דה לה ויו,דה לה באום,FR,יין ויונייה דומיין דה לה בום 750מל פקדון,מיליליטרים,750.00,"100 מ""ל",false,1,60.00,8.0000,true,1,313867
3500610044588,false,יין דומיין דה לה באו,דה לה באום,FR,יין דומיין דה לה ס.בלאן לבן 750מל,מיליליטרים,750.00,"100 מ""ל",false,1,60.00,8.0000,true,1,313875
3500610050183,false,יין לבן מתוק מבעבע ג,גיפי שנה,,יין לבן מתוק מבעבע גי פי אי סי אי 750 מל,מיליליטרים,750.00,"100 מ""ל",false,1,45.00,6.0000,true,1,323603
3500610051111,false,יין ברון דארנייק רוז,לה קב דה לנדירס,FR,יין ברון דארנייק רוזה 750 מל,מיליליטרים,750.00,"100 מ""ל",false,1,40.00,5.3333,true,1,315225
3500610055195,false,יין אדום שאטו טרופיא,,FR,יין אדום שאטו טרופיאן הוט מדוק 750מל פקד,מיליליטרים,750.00,"100 מ""ל",false,12,75.00,10.0000,true,1,336588
3500610058097,false,יין אדום בורדו שאטו,,FR,יין אדום בורדו שאטו לסטאג סימון 750מל פק,מיליליטרים,750.00,"100 מ""ל",false,1,120.00,16.0000,true,1,336571
3500610063046,false,יין בורדו דומיין דה,גראן שר דה פראנס,FR,יין בורדו דומיין דה שבאל בלאן לבן 750 מ,מיליליטרים,750.00,"100 מ""ל",false,6,45.00,6.0000,true,1,313870
3500610079160,false,שאטו מולין יין בורדו,מק-דול אינטרנשיונל,FR,יין בורדו שאטו מולין פונטט אדום 750 מל,מיליליטרים,750.00,"100 מ""ל",false,6,60.00,8.0000,true,1,313871
3500610084676,false,מבעבע בלאן פוסי אייס לבן חצי יבש 750 מ,GCF,,יין מבעבע בלאן פוסי אייס לבן 750 מל,מיליליטרים,750.00,"100 מ""ל",false,1,45.00,6.0000,true,1,309587
3500610085338,false,גיי פי שנה לבן מבעבע 750 מל,LANDIRAS JP CHENET,,יין לבן מבעבע גי פי אי סי אי 750 מל,מיליליטרים,750.00,"100 מ""ל",false,1,45.00,6.0000,true,1,299397
3500610086618,false,יין צרלס רוסו סובוני,,FR,יין צרלס רוסו סובוניון בלאןמל,מיליליטרים,750.00,"100 מ""ל",false,6,45.00,6.0000,true,1,326571
3500610086960,false,יין צרלס רוסו מרלו 7,,FR,יין צרלס רוסו מרלו 750 מל,מיליליטרים,750.00,"100 מ""ל",false,6,45.00,6.0000,true,1,326570
3500610086977,false,יין צרלס רוסו קברנה,,FR,יין צרלס רוסו קברנה סוביניון 750 מל,מיליליטרים,750.00,"100 מ""ל",false,6,45.00,6.0000,true,1,326569
3500610088551,false,יין אדום שאטו סרגאנט,,FR,יין אדום שאטו סרגאנט יבש 750מל פקדון,מיליליטרים,750.00,"100 מ""ל",false,12,150.00,20.0000,true,1,336589
3500610090394,false,יין צרלס רוסו גרנאש,,FR,יין צרלס רוסו גרנאש סינסאולט רוזה 750 מל,מיליליטרים,750.00,"100 מ""ל",false,6,45.00,6.0000,true,1,326572
3500610093708,false,גיי פי שנה רוזה מבעבע 750 מל,LANDIRAS JP CHENET,,יין רוזה מבעבע גי פי אי סי אי 750 מל,מיליליטרים,750.00,"100 מ""ל",false,1,45.00,6.0000,true,1,299398
3500610096174,false,מבעבע בלאן פוסי אייס רוזה חצי יבש 750 מ,GCF,,יין מבעבע בלאן פוסי אייס רוזה 750 מל,מיליליטרים,750.00,"100 מ""ל",false,1,45.00,6.0000,true,1,309588
3500610096655,false,יין רוזה גי פי אייסי,גיפי שנה,FR,יין רוזה גי פי אייסי מבעבע 200 מל,מיליליטרים,200.00,"100 מ""ל",false,6,25.00,12.5000,true,1,314261
3500610096662,false,יין מבעבע גי פי לבן,גיפי שנה,FR,יין לבן גי פי אייסי מבעבע 200 מל,מיליליטרים,200.00,"100 מ""ל",false,6,25.00,12.5000,true,1,314260
3500610097362,false,יין דומיין הוט פלאטו,,FR,יין דומיין הוט פלאטו קוט רוזה 750 מל,מיליליטרים,750.00,"100 מ""ל",false,6,60.00,8.0000,true,1,313934
3500610117992,false,יין אנדיווידד פינו נ,,,יין אנדיווידד פינו נואר 750 מל,מיליליטרים,750.00,"100 מ""ל",false,6,45.00,6.0000,true,1,333640
3500610118005,false,יין אנדיווידד שרדונה,,,יין אנדיווידד שרדונה 750 מל,מיליליטרים,750.00,"100 מ""ל",false,6,45.00,6.0000,true,1,333641
3500610120114,false,יין פרובנס פלור דה פ,,FR,יין פרובנס פלור דה פריירי רוזה 750 מל,מיליליטרים,750.00,"100 מ""ל",false,1,65.00,8.6667,true,1,322460
3500610135910,false,יין אקסהיב רוזה 750,,FR,יין אקסהיב רוזה 750 מל,מיליליטרים,750.00,"100 מ""ל",false,6,60.00,8.0000,true,1,329415
3500610137457,false,"פינו נואר לה באום ברוטר וזה מבעבע 750 מ""",,FR,יין פינו נואר ברוט בום רוזה 750 מל,מיליליטרים,750.00,"100 מ""ל",false,6,60.00,8.0000,true,1,334326
3500610144400,false,יין דומיין דו זונאקס,,FR,יין דומיין דו זונאקס אדום יבש לנזאק 750מ,מיליליטרים,750.00,"100 מ""ל",false,1,110.00,14.6667,true,1,336560
3500610144806,false,יין ויקטורי רוזה יבש,,FR,יין ויקטורי רוזה יבש 750 מל,מיליליטרים,750.00,"100 מ""ל",false,6,65.00,8.6667,true,1,326567
3500610147135,false,יין אדום שאטו דה פור,,FR,יין אדום שאטו דה פורנאס קורבייה 750מל פק,מיליליטרים,750.00,"100 מ""ל",false,1,75.00,10.0000,true,1,336569
3500610150500,false,"שאטו הו פורה בורדו 750 מ""ל",,FR,יין אדום בורדו שאטו הוט פורה 750מל פקדון,מיליליטרים,750.00,"100 מ""ל",false,1,65.00,8.6667,true,1,336570
3500610150517,false,"יין שאטו טימברליי בורדו סופרייר (כשר) 750 מ""ל",שאטו בלוו,FR,יין שאטו טימברליי בורדו סופרייר 750מל פק,מיליליטרים,750.00,"100 מ""ל",false,1,80.00,10.6667,true,1,336572
3500610150524,false,שאטו הו פוטו ס.בלאן750מל,שאטו בלוו,FR,יין לה שאטו הוט פואטו סוביניון לבן 750מל,מיליליטרים,750.00,"100 מ""ל",false,1,75.00,10.0000,true,1,336561
3500610151002,false,יין דומיין לה קנה רו,,FR,יין דומיין לה קנה רוזה 750 מל,מיליליטרים,750.00,"100 מ""ל",false,6,40.00,5.3333,true,1,334065
3500611152039,false,יין ביסטרו שיק דה לה,,,יין ביסטרו שיק דה לה מר 750 מל,מיליליטרים,750.00,"100 מ""ל",false,6,45.00,6.0000,true,1,333643
3506707008815,false,יין קוט דו רון לז הו,,FR,יין קוט דו רון לז הוט רוש 750 מל,מיליליטרים,750.00,"100 מ""ל",false,6,60.00,8.0000,true,1,325822
3516663260004,false,שמרים יבשים די.סי.אל,,FR,שמרים יבשים די.סי.אל 125 גרם,גרמים,125.00,100 גרם,false,1,4.90,3.9200,true,1,318533
3523230025638,false,"גבינת עיזים בושה טבעי, 125 גרם",אוריאל,FR,גבינת בושה עיזים טבעי 125 גר,גרמים,125.00,100 גרם,false,1,21.90,17.5200,true,1,233251
3523230025652,false,"גבינת מיני בושה עם שום ועשי תיבול ועשבי, 125 גרם",סואניון,FR,גבינת בושה עיזים 125 גרם,גרמים,125.00,100 גרם,false,1,21.90,17.5200,true,1,299123
3523230026826,false,"גבינת עיזים למריחה פירמידה, 140 גרם",סואניון,FR,גבינת פירמידה עיזים טבעי 140גרם,גרמים,140.00,100 גרם,false,1,21.90,15.6429,true,1,299122
3523230026888,false,"גבינת עיזים שום ועשבי תיבול למריחה פירמידה, 140 גרם",סואניון SOIGNON,FR,גבינת פירמידה עיזים שום ועשבי תיבול 140ג,גרמים,140.00,100 גרם,false,1,21.90,15.6429,true,1,299121
3523230032278,false,גבינת עיזים למריחה 150 גרם,אוריאל,FR,גבינת עיזים למריחה 150 גרם,גרמים,150.00,100 גרם,false,1,19.90,13.2667,true,1,295818
3523230038959,false,גב.בושה עיזים מפוחם125גר,אוריאל,FR,גבינת בושה מפוחם 125 גרם,גרמים,125.00,100 גרם,false,1,21.90,17.5200,true,1,321834
3523230045827,false,גבינת סנט מור עיזים160גר,סואניון,FR,גבינת סנט מור עיזים 160 גרם,גרמים,160.00,100 גרם,false,1,26.90,16.8125,true,1,311690
3525130311811,false,יין בורגון שאבלי ביו,,FR,יין שאבלי ביו סימון 750 מל,מיליליטרים,750.00,"100 מ""ל",false,6,109.00,14.5333,true,1,320617
3525130311910,false,יין שאבלי ביו סימון,,FR,יין שאבלי ביו סימון לבן 750 מל,מיליליטרים,750.00,"100 מ""ל",false,6,109.00,14.5333,true,1,335009
3525135321815,false,יין שבלי מונטה דה טו,צרפת דומיין ביו סימו,,יין שבלי מונטה דה טונר ביו סימון 750מל פ,מיליליטרים,750.00,"100 מ""ל",false,1,185.00,24.6667,true,1,325450
3525135321914,false,יין שבלי מונטה דה טו,צרפת דומיין ביו סימו,,יין שבלי מונטה דה טונר ביו סימון 750מל פ,מיליליטרים,750.00,"100 מ""ל",false,1,185.00,24.6667,true,1,334015
3525490010010,false,יין לה גומלייה מרלו,,,יין לה גומלייה מרלו 750 מל,מיליליטרים,750.00,"100 מ""ל",false,1,60.00,8.0000,true,1,244212
3525490010027,false,יין לה גומלייה קברנה,,,יין לה גומלייה קברנה סוביניון 750מל פקדו,מיליליטרים,750.00,"100 מ""ל",false,1,60.00,8.0000,true,1,234371
3525490010034,false,יין לה גומלייה סירה,,,יין לה גומלייה סירה 750 מל,מיליליטרים,750.00,"100 מ""ל",false,1,60.00,8.0000,true,1,244214
3525490010041,false,יין לה גומלייה מורבד,,,יין לה גומלייה מורבדה 750 מל פקדון,מיליליטרים,750.00,"100 מ""ל",false,1,60.00,8.0000,true,1,234370
3525490010119,false,לה גומלייה סובניון ב,,,יין לה גומלייה סוביניון בלאן 750מל פקדון,מיליליטרים,750.00,"100 מ""ל",false,1,60.00,8.0000,true,1,234368
3525490010126,false,יין לה גומלייה סינסא,,,יין לה גומלייה סינסאו רוזה 750 מל,מיליליטרים,750.00,"100 מ""ל",false,1,60.00,8.0000,true,1,243574
3525490010256,false,יין לה גומלייה גראנש,,,יין לה גומלייה גראנש 750מל פקדון,מיליליטרים,750.00,"100 מ""ל",false,1,60.00,8.0000,true,1,234369
3525490010317,false,יין לה גומלייה פינו,,,יין לה גומלייה פינו גרי 750 מל,מיליליטרים,750.00,"100 מ""ל",false,1,60.00,8.0000,true,1,303857
3525490011321,false,יין לה זאמל אורנג טב,,FR,יין לה זאמל אורנג טבעי 750 מל,מיליליטרים,750.00,"100 מ""ל",false,6,65.00,8.6667,true,1,329652
3525490011987,false,יין לה גומלייה שרדונ,,,יין לה גומלייה שרדונה 750 מל,מיליליטרים,750.00,"100 מ""ל",false,1,60.00,8.0000,true,1,244213
3525490015497,false,יין לה גומלייה קריני,,,יין לה גומלייה קריניאן 750 מל,מיליליטרים,750.00,"100 מ""ל",false,1,60.00,8.0000,true,1,243576
3525490016302,false,יין לה גומלייה מלבק,,,יין לה גומלייה מלבק 750 מל,מיליליטרים,750.00,"100 מ""ל",false,1,60.00,8.0000,true,1,243575
3525490024970,false,יין לה וילט שרדונה 7,לה וילט,FR,יין לה ויט שרדונה 750 מל,מיליליטרים,750.00,"100 מ""ל",false,1,60.00,8.0000,true,1,314952
3525490024987,false,יין לה וילט פינו נוא,לה וילט,FR,יין לה ויט פינו נואר 750 מל,מיליליטרים,750.00,"100 מ""ל",false,1,60.00,8.0000,true,1,314953
3525490097219,false,יין לה בלה אנגל קברנ,,FR,יין לה בלה אנגל קברנה ס. 750 מל,מיליליטרים,750.00,"100 מ""ל",false,6,45.00,6.0000,true,1,329650
3525490097233,false,יין לה בלה אנגל שרדו,,FR,יין לה בלה אנגל שרדונה 750 מל,מיליליטרים,750.00,"100 מ""ל",false,6,45.00,6.0000,true,1,329649
3525490098476,false,יין לה בלה אנגל רוזה,,FR,יין לה בלה אנגל רוזה 750 מל,מיליליטרים,750.00,"100 מ""ל",false,6,45.00,6.0000,true,1,332640
3525490098636,false,יין לה בלה אנגל קולו,,FR,יין לה בלה אנגל קולומברד 750 מל,מיליליטרים,750.00,"100 מ""ל",false,6,45.00,6.0000,true,1,329648
3525490098667,false,יין לה בלה אנגל גאמי,,FR,יין לה בלה אנגל גאמיי 750 מל,מיליליטרים,750.00,"100 מ""ל",false,6,45.00,6.0000,true,1,329651
3530705000199,false,יין ברוט דארזאן שרדו,צרפת גראן שה דה פראנ,,יין ברוט דארזאן שרדונה 125 מל,מיליליטרים,125.00,"100 מ""ל",false,1,25.00,20.0000,true,1,246494
3535921050003,false,יין לואי זאדו מאקון,,,יין לואי זאדו מאקון 750 מל פיקדון צרפת,מיליליטרים,750.00,"100 מ""ל",false,1,85.00,11.3333,true,1,226539
3535923020004,false,יין בורגון לואי זאדו,,,יין לואי זאדו בורגון פינו נואר 750מל פקד,מיליליטרים,750.00,"100 מ""ל",false,1,110.00,14.6667,true,1,229677
3535926001000,false,יין לואי זאדו שרדונה,,,יין לואי זאדו שרדונה 750 מל 2012,מיליליטרים,750.00,"100 מ""ל",false,1,110.00,14.6667,true,1,242818
3535926010002,false,יין לואי זאדו שאבלי,וויליאם פאבר,FR,יין לואי זאדו שאבלי 750 מל פקדון,מיליליטרים,750.00,"100 מ""ל",false,6,125.00,16.6667,true,1,221148
3535927200006,false,יין בורגון לואי זאדו,,,יין לואי זאדו בורגון אליגוטה 750 מל פקדו,מיליליטרים,750.00,"100 מ""ל",false,1,85.00,11.3333,true,1,231022
3536650501002,false,יין גיגל קוט דה רון,,,יין גיגל קוט דה רון אדום 750 מל פקדון,מיליליטרים,750.00,"100 מ""ל",false,1,85.00,11.3333,true,1,223503
3547102222000,false,"יין רוזה יבש מינוטי 750 מ""ל",מינוטי,FR,יין שאטו מינוטי רוזה 750 מלמל,מיליליטרים,750.00,"100 מ""ל",false,6,85.00,11.3333,true,1,317497
3563490014898,false,ריין דיז'ון חרדל דיז'ון 265 גרם,ריין דיז'ון reine dijon,FR,חרדל ריין דה דיזון לחיץ265 גר,גרמים,265.00,100 גרם,false,1,12.90,4.8679,true,1,245071
3567105000047,false,יין זיגונדאס טראדיסי,צרפת דומיין ברוסה,,יין זיגונדאס טראדיסיון ברוסה 750מל פקדון,מיליליטרים,750.00,"100 מ""ל",false,1,110.00,14.6667,true,1,234406
3567107000045,false,יין ונטו ברוסה 750 מ,ונטו,,יין ונטו ברוסה 750 מל,מיליליטרים,750.00,"100 מ""ל",false,1,60.00,8.0000,true,1,308894
3569401014360,false,יין אדום קריניאן קוט,,,יין אדום קריניאן קוט קטלאן 750 מל,מיליליטרים,750.00,"100 מ""ל",false,6,65.00,8.6667,true,1,336164
3569401014407,false,יין רוזה ליפארי מענב,,,יין רוזה ליפארי מענבי פינו נואר 750 מל,מיליליטרים,750.00,"100 מ""ל",false,6,65.00,8.6667,true,1,336163
3574660089547,false,טמפונים נורמל קלאסי אובה 32 יחידות,ג'\ונסון אנד ג'\ונסון,GR,טמפון אובה קלאסי נורמל 32 יח,יחידה,32.00,יחידה,false,1,29.90,0.9344,true,1,224006
3574660115154,false,או-בה טמפונים קלאסי סופר 32יח',ג'\ונסון אנד ג'\ונסון,GR,טמפון אובה קלאסי סופר 32 יח,יחידה,32.00,יחידה,false,1,29.90,0.9344,true,1,224007
3574660239829,false,קרם ידיים קל סדרה נורבגית נוטרוגינה 50 מ,ניוטרוג'ינה Neutrogena,FR,קרם ידיים ניוטרוגינה קל 75 מל,מיליליטרים,75.00,"100 מ""ל",false,1,25.90,34.5333,true,1,309061
3574660239973,false,או-בה פרוקומפורט 32 יח נורמל,"ש. שסטוביץ בע""\מ",GR,טמפון אובה נורמל 32יח פרוקומפורט,יחידה,32.00,יחידה,false,1,29.90,0.9344,true,1,224004
3574660333466,false,טמפונים מיני פרו קומפורט אובה 32 יחידות,הנסיך- מפעל לייצור ט,DE,טמפון אובה מיני 32 פרוקומפורט,יחידה,32.00,יחידה,false,1,29.90,0.9344,true,1,232243
3574660464337,false,מגני תחתון קרפרי נורמל אוורירי מבושם,ג'\ונסון אנד ג'\ונסון,GR,מגן תחתון קרפרי מגה פאק מבושם 76 יח,יחידה,76.00,יחידה,false,1,21.90,0.2882,true,1,226091
3574660464368,false,קרפרי מגן תחתון אוורירי אלוורה 76 יח'',גונסון אנד גונסון,GR,מגן תחתון קרפרי מגה פאק אלוורה 76 יח,יחידה,76.00,יחידה,false,1,21.90,0.2882,true,1,226092
3574660464429,false,מגני תחתון קרפרי נורמל אוורירי עם מעטפת כותנה,ג'\ונסון אנד ג'\ונסון,GR,מגן תחתון קרפרי מגה פאק אוורירי 76 יח,יחידה,76.00,יחידה,false,1,21.90,0.2882,true,1,226090
3574660514643,false,נטרוגינה קרם לחות מרגיע לגוף ולפנים 300,ניוטרוג'ינה Neutrogena,IT,קרם רב שימושי ניוטרוגינה עשיר 300 מל,מיליליטרים,300.00,"100 מ""ל",false,1,25.90,8.6333,true,1,309179
3574660571769,false,ניוטרוגינה שפתון לחות SPF20,שסטוביץ,FR,שפתון לחות נוטרוגינה,יחידה,1.00,יחידה,false,1,17.90,17.9000,true,1,325854
3574661003924,false,שטיפת פה טוטאל קר בטעם מנטה צלול,ג'\ונסון אנד ג'\ונסון,IT,נוזל שטיפת פה ליסטרין טוטל קר 500מל,מיליליטרים,500.00,"100 מ""ל",false,1,22.90,4.5800,true,1,315754
3574661098531,false,ניוטרוגינה תחליב גוף מועשר לעור יבש/רגיש,ניוטרוג'ינה Neutrogena,GR,תחליב גוף ניוטרוגינה מועשר 400 מל,מיליליטרים,400.00,"100 מ""ל",false,1,35.90,8.9750,true,1,315166
3574661098937,false,נטרוגינה תחליב גוף-יבש סדרה נורווגית,ניוטרוג'ינה Neutrogena,FR,תחליב גוף ניוטרוגינה עור יבש משאבה 400מל,מיליליטרים,400.00,"100 מ""ל",false,1,35.90,8.9750,true,1,315165
3574661114637,false,ליסטרין שטיפת פה קול מינט טעם מעודן 500,ג'\ונסון אנד ג'\ונסון,IT,נוזל שטיפת פה ליסטרין זירו 500מל,מיליליטרים,500.00,"100 מ""ל",false,1,19.90,3.9800,true,1,315752
3574661141022,false,וניה תחבושות הגייניות מקסי לילה 12 יח,CILAG GMBH INTERNATI,BE,וניה תחבושות מקסי לילה 12 יח,יחידה,12.00,יחידה,false,1,24.50,2.0417,true,1,295380
3574661199894,false,"נוטרוגינה קרם ידיים ויזבלי ריניו 75 מ""ל",ניוטרוג'ינה Neutrogena,GR,קרם ידיים ניוטרוגינה ויזבלי ריניז 75 מל,Unknown,0.00,Unknown,false,1,25.90,0.0000,true,1,309064
3574661200019,false,נוטרוגינה ת.גוף ויזבלי ריניו משאבה 400 מל,ניוטרוג'ינה Neutrogena,GR,תחליב גוף ניוטרוגינה ויזבלי משאבה 400מל,מיליליטרים,400.00,"100 מ""ל",false,1,35.90,8.9750,true,1,298851
3574661352275,false,"מי פה ליסטרין קידס בטעם פירות יער 250 מ""ל",ג'\ונסון אנד ג'\ונסון,IT,מי פה ליסטרין קידס ברי 250מל,מיליליטרים,250.00,"100 מ""ל",false,6,14.90,5.9600,true,1,323486
3574661359885,false,טמפונים סופר קומפורט אובה 32 יחידות,Johnson Toilet-IT,FR,טמפון אובה סופר 32יח פרוקומפורט,יחידה,32.00,יחידה,false,1,29.90,0.9344,true,1,310746
3574661363998,false,"מי פה ליסטרין תה ירוק 500 מ""ל",ג'\ונסון אנד ג'\ונסון,IT,נוזל שטיפת פה ליסטרין תה ירוק 500מל,מיליליטרים,500.00,"100 מ""ל",false,1,22.90,4.5800,true,1,315755
3574661391373,false,הידרו בוסט תחליב קרם ג'ל גוף לעור רגיל עד יבש,ניוטרוג'ינה Neutrogena,GR,תחליב גוף ניוטרוגינה הידרו בוסט 400מל,מיליליטרים,400.00,"100 מ""ל",false,1,25.90,6.4750,true,1,316388
3574661391434,false,ניוטרוגינה תרסיס גוף הידרו בוסט 200 מל,שסטוביץ,GR,תחליב גוף ניוטרטגינה תרסיס 200מל,מיליליטרים,200.00,"100 מ""ל",false,1,25.90,12.9500,true,1,324825
3574661392486,false,"קרם ידיים ניוטרוגינה הידרו בוסט 75 מ""ל",ניוטרוג'ינה Neutrogena,GR,קרם ידיים ניוטרוגינה הידרו בוסט 75 מל,מיליליטרים,75.00,"100 מ""ל",false,1,25.90,34.5333,true,1,316390
3574661392493,false,ניוטרוגינה קרם גוף הידרו בוסט 200 מייל,שסטוביץ,GR,קרם גוף ניוטרוגינה הידרו בוסט 200מל,מיליליטרים,200.00,"100 מ""ל",false,1,25.90,12.9500,true,1,316389
3574661401140,false,"שטיפת פה ליסטרין נייטלי ריסיט 400 מ""ל",ניאופארם,IT,נוזל שטיפת פה ליסטרין נייטלי ריסיט500מל,מיליליטרים,500.00,"100 מ""ל",false,1,19.90,3.9800,true,1,317317
3574661419435,false,תחבושות הגייניות וניה מקסי 12 יחידות,Johnson Vania - BL,BE,וניה תחבושות מקסי 12 יח,יחידה,12.00,יחידה,false,1,24.50,2.0417,true,1,337207
3574661425139,false,"גונסונס בייבי קרם החתלה 100 מ""ל חדש",Johnson Toilet-IT,IT,קרם החתלה בייבי גונסונס 100 מל,מיליליטרים,100.00,"100 מ""ל",false,1,18.90,18.9000,true,1,317232
3574661425696,false,גונסונס בייבי תחליב לתינוק 500 מל,ג'ונסונס Johnson's,IT,תחליב בייבי גונסון 500 מל חדש,מיליליטרים,500.00,"100 מ""ל",false,1,32.90,6.5800,true,1,317223
3574661432847,false,"ג'ונסונס מרכך שיער הקץ לקשרים 500 מ""ל",ג'ונסונס Johnson's,IT,מרכך גונסונס הקץ לקשרים 500 מל חדש,מיליליטרים,500.00,"100 מ""ל",false,1,19.90,3.9800,true,1,317218
3574661485201,false,טמפונים אובה סופר 32 יח' פרוקומפורט,Johnson Toilet-IT,FR,טמפון אובה סופר 32יח פרוקומפורט,יחידה,32.00,יחידה,false,1,29.90,0.9344,true,1,335764
3574661485218,false,טמפונים נורמל אובה 32 יח' פרוקומפורט,"ש. שסטוביץ בע""\מ",FR,טמפון אובה נורמל 32יח פרוקומפורט,יחידה,32.00,יחידה,false,1,29.90,0.9344,true,1,335763
3574661487328,false,קרפרי מגני תחתון אורגינל פלוס 56 יח',הדקלאים אגודת שיתופי,IT,מגן תחתון קרפרי רגיל 56 יחידות,יחידה,56.00,יחידה,false,1,18.90,0.3375,true,1,318722
3574661487335,false,מגן תחתון קרפרי מקסי לונג ריחני 40 יחידות,קרפרי Carefree,IT,מגן תחתון קרפרי לונג ריחני 40 יח,יחידה,40.00,יחידה,false,1,18.90,0.4725,true,1,318725
3574661487618,false,קרפרי מגן תחתון מקסי לארג'' מבושם 48 יח'',ג'ויה מעבדות לקוסמטי,IT,מגן תחתון קרפרי מקסי מבושם 48 יח,יחידה,48.00,יחידה,false,1,18.90,0.3937,true,1,318724
3574661487625,false,מגני תחתון פלוס לארג' בניחוח עדין L,הדקלאים אגודת שיתופי,IT,מגן תחתון קרפרי מקסי לארג 48 יח,יחידה,48.00,יחידה,false,1,18.90,0.3937,true,1,318723
3574661487632,false,מגני תחתון פלוס לארג' בניחוח עדין L,ג'\ונסון אנד ג'\ונסון,GR,מגן תחתון קרפרי מגה פאק לארג מקסי64יח,יחידה,64.00,יחידה,false,1,21.90,0.3422,true,1,318727
3574661491806,false,מי פה אדבנס וויט מנטה מסירה כתמים קשים,ג'\ונסון אנד ג'\ונסון,IT,נוזל שטיפת פה ליסטרין אדוונס הלבנה 500מל,מיליליטרים,500.00,"100 מ""ל",false,1,22.90,4.5800,true,1,326247
3574661500355,false,קרפרי מגן תחתון מקסי לונג רגיל 40 יח',ג'ויה מעבדות לקוסמטי,IT,מגן תחתון קרפרי לונג רגיל 40 יח,יחידה,40.00,יחידה,false,1,18.90,0.4725,true,1,318726
3574661501901,false,שטיפה אינטימית יומיומית מכיל תה ירוק ואלוורה,קולגייט פלמוליב,IT,קרפרי שטיפה אינטימית אלוורה 200 מל,מיליליטרים,200.00,"100 מ""ל",false,1,19.90,9.9500,true,1,318718
3574661504162,false,מוס לשטיפה אינטימית יומיומית מכיל תה ירוק ואלוורה,קולגייט פלמוליב,IT,קרפרי מוס שטיפה אינטימית 150מל,מיליליטרים,150.00,"100 מ""ל",false,6,19.90,13.2667,true,1,318720
3574661506272,false,קרפרי מגבונים אינטימיים אלוורה 20 יח,ג'\ונסון אנד ג'\ונסון,DE,קרפרי מגבונים אינטימיים אלוורה 20יח,יחידה,20.00,יחידה,false,1,19.90,0.9950,true,1,318719
3574661530697,false,גונסונס בייבי תרחיץ ושמפו לתינוק 500 מל,ג'ונסונס Johnson's,IT,תרחיץ ושמפו גונסון בייבי 500מל חדש,מיליליטרים,500.00,"100 מ""ל",false,1,19.90,3.9800,true,1,317356
3574661552576,false,קרפרי מגן תחתון רגיל טנגה לבן 56 יח חדש,הדקלאים אגודת שיתופי,GR,מגן תחתון קרפרי רגיל טנגה לבן 56 יח,יחידה,56.00,יחידה,false,1,18.90,0.3375,true,1,322264
3574661552804,false,מגן תחתון קרפרי אלוורה 56 יחידות,הדקלאים אגודת שיתופי,IT,מגן תחתון קרפרי אלוורה 56 יח,יחידה,56.00,יחידה,false,1,18.90,0.3375,true,1,322263
3574661552811,false,מגן תחתון קרפרי כותון אוורירי 56 יחידות,הדקלאים אגודת שיתופי,GR,מגן תחתון קרפרי כותון אוורירי 56 יח,יחידה,56.00,יחידה,false,5,18.90,0.3375,true,1,322261
3574661554877,false,מגן תחתון קרפרי כותון מבושם 56 יחידות,הנסיך- מפעל לייצור ט,GR,מגן תחתון קרפרי כותון מבושם 56 יח,יחידה,56.00,יחידה,false,5,18.90,0.3375,true,1,322262
3574661554884,false,קרפרי מגן תחתון רגיל טנגה מבושם 56 יח,הדקלאים אגודת שיתופי,IT,מגן תחתון קרפרי רגיל טנגה ריחני 56 יח,יחידה,56.00,יחידה,false,1,18.90,0.3375,true,1,322265
3574661610344,false,נטרוגינה קרם לחות עשיר ומרוכז לעור יבש ע,גונסון אנד גונסון סנטה ב,IT,קרם רב שימושי ניוטרוגינה אינטנסיב 300 מל,מיליליטרים,300.00,"100 מ""ל",false,1,25.90,8.6333,true,1,333856
3574661643359,false,ליסטרין נטורלס שטיפת פה אנאמל פרוטקט,ג'\ונסון אנד ג'\ונסון,IT,מי פה ליסטרין נטורלס אינמאל 500מל,מיליליטרים,500.00,"100 מ""ל",false,1,22.90,4.5800,true,1,334682
3574661650029,false,ליסטרין שטיפת פה להגנה על החניכיים בטעם מעודן,ג'\ונסון אנד ג'\ונסון,IT,מי פה ליסטרין נטורלס גאם 500מל,מיליליטרים,500.00,"100 מ""ל",false,1,22.90,4.5800,true,1,334683
3574669907682,false,גונסונס בייבי טלק 500 גרם חדש,גונסון אנד גונסון,IT,טלק בייבי גונסונס 500גר חדש,גרמים,500.00,100 גרם,false,1,32.90,6.5800,true,1,317221
3574669907729,false,גונסונס בייבי שמפו לתינוק 750 מל,גונסון אנד גונסון,IT,שמפו בייבי גונסונס גולד 750מל חדש,מיליליטרים,750.00,"100 מ""ל",false,1,21.90,2.9200,true,1,336160
3574669907767,false,גונסונס בייבי שמפו קמומיל 750 מל חדש,ג'ונסונס בייבי,IT,שמפו בייבי גונסונס קמומיל 750מל חדש,מיליליטרים,750.00,"100 מ""ל",false,1,21.90,2.9200,true,1,317228
3574669907972,false,"גונסון בייבי שמפו טיפות של ברק 750 מ""ל",ג'ונסונס Johnson's,IT,שמפו גונסונס טיפות ברק 750 מל חדש,מיליליטרים,750.00,"100 מ""ל",false,1,21.90,2.9200,true,1,317215
3574669908146,false,גונסונס בייבי תחליב לפני שינה 500 מל חדש,ג'ונסונס Johnson's,IT,תחליב בייבי גונסון לפני השינה500 מל חדש,מיליליטרים,500.00,"100 מ""ל",false,1,32.90,6.5800,true,1,317224
3574669908245,false,"גונסון בייבי מרכך טיפות של ברק 750 מ""ל",ג'ונסונס Johnson's,IT,מרכך גונסונס טיפות ברק 500 מל חדש,מיליליטרים,500.00,"100 מ""ל",false,1,19.90,3.9800,true,1,317216
3574669908443,false,ג'ונסון בייבי אל סבון וקצף אמבט 750 חדש,Johnson Toilet-IT,IT,אלסבון וקצף אמבט גונסון בייבי 750 מל חדש,מיליליטרים,750.00,"100 מ""ל",false,1,21.90,2.9200,true,1,317236
3574669908481,false,גונסונס בייבי אל סבון אמבט 750 מל חדש,ג'ונסונס Johnson's,IT,אלסבון בייבי גונסון אמבט 750 מל חדש,מיליליטרים,750.00,"100 מ""ל",false,1,21.90,2.9200,true,1,317235
3574669908665,false,גונסונס בייבי אל סבון לפני השינה 750 מל,גונסון אנד גונסון,IT,אלסבון בייבי גונסון לפני שינה 750 מל חדש,מיליליטרים,750.00,"100 מ""ל",false,1,21.90,2.9200,true,1,317233
3574669908948,false,"גונסונס בייבי אל סבון לרחצה עדינה 750 מ""ל",גונסון אנד גונסון,IT,אלסבון בייבי גונסון לרחצה עדינה750מל חדש,מיליליטרים,750.00,"100 מ""ל",false,1,21.90,2.9200,true,1,317234
3574669909181,false,גונסונס בייבי שמן אלוורה לתינוק 300 מל,ג'ונסונס Johnson's,IT,שמן בייבי גונסונס אלוורה 300מל חדש,מיליליטרים,300.00,"100 מ""ל",false,1,24.90,8.3000,true,1,317231
3574669909204,false,גונסונס בייבי שמן לתינוק 300 מל,ג'ונסונס Johnson's,IT,שמן בייבי גונסונס 300מל חדש,מיליליטרים,300.00,"100 מ""ל",false,1,24.90,8.3000,true,1,317230
3574669909495,false,"ג'ונסונס שמפו הקץ לקשרים 500 מ""ל",Johnson Toilet-IT,IT,שמפו גונסונס הקץ לקשרים 500 מל חדש,מיליליטרים,500.00,"100 מ""ל",false,1,19.90,3.9800,true,1,317217
3574669909914,false,"ג'ונסונס ספריי הקץ לקשרים 200 מ""ל",Johnson Toilet-IT,IT,ספריי גונסונס קשרים 200מל חדש,מיליליטרים,200.00,"100 מ""ל",false,1,18.90,9.4500,true,1,317220
3600521720219,false,קרם פנים לילה עם פעולה משולשת לכל סוגי העור,"קרלסרו, גרמניה",DE,קרם לחות לוריאל פעולה משולשת לילה 50מל,Unknown,0.00,Unknown,false,1,39.90,0.0000,true,1,333965
3600522344032,false,לוריאל - אלביב מסכה טוטאל ריפר 300,kozmetik canan,DE,מסכת שיער אלביב 300מל טוטל רפייר לוריאל,מיליליטרים,300.00,"100 מ""ל",false,1,24.90,8.3000,true,1,333960
3600522344070,false,לוריאל - אלביב מסכה קולור פרוטקט 300,"לוריאל ישראל בע""מ",DE,מסכת שיער אלביב 300מל קולור פרוטק לוריאל,מיליליטרים,300.00,"100 מ""ל",false,1,24.90,8.3000,true,1,333704
3600522550129,false,קרם אנטי-אייג'ינג יום אייג' ספשיאליסט +45,"קרלסרו, גרמניה",DE,קרם יום לוריאל דרמו 50פלוס 45מל,Unknown,0.00,Unknown,false,1,54.90,0.0000,true,1,333705
3600522550204,false,קרם אנטי-אייג'ינג יום אייג' ספשיאליסט +55,"קרלסרו, גרמניה",DE,קרם יום לוריאל דרמו 50פלוס 55מל,Unknown,0.00,Unknown,false,1,54.90,0.0000,true,1,333706
3600523642489,false,מסכת הזנה אינטנסיבית 6 שמנים לשיער יבש,לוריאל - אלביב Elvive,DE,מסכת שיער אלביב 300מל שמנים לוריאל,מיליליטרים,300.00,"100 מ""ל",false,1,24.90,8.3000,true,1,333703
3600523651870,false,שמפו לחיזוק סיב השערה לכל סוגי השיער,לוריאל - אלביב Elvive,TR,שמפו אלביב 500מל פול רזיסט לוריאל,מיליליטרים,500.00,"100 מ""ל",false,1,14.90,2.9800,true,1,333961
3600523651900,false,מרכך לחיזוק סיב השערה לכל סוגי השיער,לוריאל - אלביב Elvive,TR,מרכך אלביב 550מל פול רזיסט לוריאל,מיליליטרים,550.00,"100 מ""ל",false,1,14.90,2.7091,true,1,333962
3600523652259,false,"לוריאל - אלביב מרכך קולור פרוטקט 550 מ""ל",קוסמטיקס,TR,מרכך שיער אלביב 550מל קולור לוריאל,מיליליטרים,550.00,"100 מ""ל",false,1,14.90,2.7091,true,1,333697
3600523652280,false,"לוריאל אלביב שמפו מועשר ב 6 שמנים, 550 מ""ל",לוריאל - אלביב Elvive,TR,שמפו אלביב 550מל 6 שמנים לוריאל,מיליליטרים,550.00,"100 מ""ל",false,1,14.90,2.7091,true,1,333701
3600523652297,false,"מרכך לשיער אלביב זהב 6 שמנים , 550 מ""ל",לוריאל - אלביב Elvive,TR,מרכך שיער אלביב 550מל 6 שמנים לוריאל,מיליליטרים,550.00,"100 מ""ל",false,1,14.90,2.7091,true,1,333696
3600523782567,false,"לוריאל - אלביב שמפו דרים לונג 500 מ""ל",קוסמטיקס,FR,שמפו אלביב 500מל דרים לונג לוריאל,מיליליטרים,500.00,"100 מ""ל",false,1,14.90,2.9800,true,1,333700
3600523782574,false,לוריאל - אלביב מסכה דרים לונג 300,לוריאל - אלביב Elvive,DE,מסכת שיער אלביב 300מלדרים לונג לוריאל,מיליליטרים,300.00,"100 מ""ל",false,1,24.90,8.3000,true,1,333702
3600523782581,false,מרכך מתיר קשרים לשיער ארוך ופגום Dream Long,לוריאל - אלביב Elvive,FR,מרכך שיער אלביב 500מל דרים לונג לוריאל,מיליליטרים,500.00,"100 מ""ל",false,1,14.90,2.9800,true,1,333698
3600541253667,false,"גרנייה - דאודורנט ספריי לאישה אינביזיבל BWC (ורוד) 150 מ""ל","לוריאל ישראל בע""מ",FR,דאודורנט גרנייה ספריי אינביזביל ורוד 150,Unknown,0.00,Unknown,false,6,15.90,0.0000,true,1,333972
3600541382930,false,גרנייה - מים מיסלרים לכל סוגי העור,"קוסמופול, פולין",PL,מסיר איפור גרנייה מיסלר מים ורוד 400מל,מיליליטרים,400.00,"100 מ""ל",false,6,27.90,6.9750,true,1,333968
3600541448476,false,גרנייה דאו רול-און אינבזיבל קונטרול,"לוריאל ישראל בע""מ",FR,דאודורנט גרנייה רול און אינבזיבל 50מל,Unknown,0.00,Unknown,false,6,15.90,0.0000,true,1,333969
3600541928275,false,מי פנים מיסלריים דו-פאזיים מסיר איפור עמיד במים,"קוסמופול, פולין",PL,מסיר איפור גרנייה מיסלר מים דו פרזי 400מ,מיליליטרים,400.00,"100 מ""ל",false,6,27.90,6.9750,true,1,333967
3600542385251,false,"גרנייה - דאודורנט רול און לאישה פרוטקשן 6 כותנה (ורוד) 50 מ""ל",גרנייה Garnier,FR,דאודורנט גרנייה רול און פרוטקשן6 50מל,Unknown,0.00,Unknown,false,6,15.90,0.0000,true,1,333971
3607340717635,false,אדידס גל רחצה לגבר אייס דייב 400 מל,קוטי ס.פ,ES,גל רחצה אדידס אייס דייב 400מל,מיליליטרים,400.00,"100 מ""ל",false,12,10.90,2.7250,true,1,312078
3607343817547,false,"אדידס - דאודורנט ספריי לגבר קליימקול 150 מ""ל",קולפ,PT,דאודורנט אדידס ספריי קליימקול לגבר 150מל,מיליליטרים,150.00,"100 מ""ל",false,1,14.90,9.9333,true,1,324654
3607345264912,false,"אדידס פיוז'ן ספריי גוף אייס דייב לגברים 150 מ""ל",אגריפק אס איי לגרדה,ES,דאודורנט פיוזן ספריי גוף אייס דייב 150מל,מיליליטרים,150.00,"100 מ""ל",false,1,19.90,13.2667,true,1,303389
3607345265117,false,"אדידס - דאודורנט ספריי לגבר טים פורס 150 מ""ל",מיוצר עי קונדיטוריית,ES,דאודורנט פיוזן ספריי גוף טים פורס 150מל,מיליליטרים,150.00,"100 מ""ל",false,1,19.90,13.2667,true,1,303390
3607347320449,false,"אדידס - ג'ל רחצה ספורט אנרג'י 400 מ""ל",קוטי ס.פ,ES,גל רחצה אדידס ספורט אנרגי 400מל,מיליליטרים,400.00,"100 מ""ל",false,12,10.90,2.7250,true,1,312076
3607347415343,false,אדידס רול קונטרול קול&קר,,PT,דאודורנט אדידס רול און קונטרול 55 גרם,Unknown,0.00,Unknown,false,24,14.90,0.0000,true,1,318801
3607347918981,false,"אדידס - דאודורנט רול און לאישה קול אנד קר 6 ב-1 50 מ""ל",דנשר,ES,דאודורנט אדידס רול און 6ב1 55 גר נשים,Unknown,0.00,Unknown,false,24,14.90,0.0000,true,1,318802
3607349687458,false,"דאו' ספריי לגבר קול דריי פרש 150מ""ל",קולפ,PT,דאודורנט אדידס ספריי גבר קול דריי פרש150,מיליליטרים,150.00,"100 מ""ל",false,1,14.90,9.9333,true,1,324657
3608580075646,false,קונפיטורה בטעם שזיפים 370 גר BONNE MAMAN,בון מאמא,FR,קונפיטורה שזיפים בון מאמא 370 גרם,גרמים,370.00,100 גרם,false,6,17.90,4.8378,true,1,328637
3608580077343,false,ממרח בון מאמא קרמל מ,בון מאמא,FR,ממרח בון מאמא קרמל מלוח 220 גרם,גרמים,220.00,100 גרם,false,6,24.90,11.3182,true,1,333477
3608580730231,false,קונפיטורה בון ממאן תות שדה 370 גר',אף.סי תבליני בגליל ב,FR,קונפיטורה תות בון מאמא 370 גרם,גרמים,370.00,100 גרם,false,1,17.90,4.8378,true,1,298666
3608580730248,false,קונפיטורה דובדובן 370 ג' בוני מאמן,בון ממן,FR,קונפיטורה דובדבן בון מאמא 370 גרם,גרמים,370.00,100 גרם,false,1,17.90,4.8378,true,1,298667
3608580730279,false,מרמלדת תפוזים 370 גר BONNE MAMAN,,FR,קונפיטורה מרמלדת תפוז בון מאמא 370 גרם,גרמים,370.00,100 גרם,false,1,17.90,4.8378,true,1,323940
3608580730286,false,קונפיטורה ארבע פירות 370 גר BONNE MAMAN,אנדרוס,FR,קונפיטורה 4 פירות בון מאמא 370 גרם,גרמים,370.00,100 גרם,false,1,17.90,4.8378,true,1,298670
3608580730323,false,קונפיטורה בטעם פטל 370 גר BONNE MAMAN,אנדורס,FR,קונפיטורה פטל בון מאמא 370 גרם,גרמים,370.00,100 גרם,false,1,17.90,4.8378,true,1,298668
3608580873402,false,קונפיטורת תות בון מאמא 20% תוספת 444 גר,אנדורס,FR,קונפיטורה תות 20% חינם בון מאמא 370 גרם,גרמים,444.00,100 גרם,false,1,17.90,4.0315,true,1,307247
3614221653715,false,"אדידס קליימקול ג'ל רחצה, 400 מ""ל",קוטי ס.פ,ES,גל רחצה אדידס קליימקול 400מל,מיליליטרים,400.00,"100 מ""ל",false,12,10.90,2.7250,true,1,312077
3614223736003,false,"אדידס - דאודורנט ספריי לגבר אדיפיור 150 מ""ל",איגפק אס.איי,PT,דאודורנט אדידס ספריי אדיפיור לגבר 150מל,מיליליטרים,150.00,"100 מ""ל",false,1,14.90,9.9333,true,1,324655
3614223736485,false,אדידס דאודורנט ספריי לגבר אדיפיור- ללא מלחי אלומניום 200 מל,אדידס Adidas,PT,דאודורנט אדידס ספריי אדיפיור 200מל,מיליליטרים,200.00,"100 מ""ל",false,1,19.90,9.9500,true,1,313584
3614223736836,false,"אדידס - דאורודנט ספריי לאישה אדיפיור 150 מ""ל",קוטי,PT,דאודורנט אדידס ספריי אדיפיור 150מל אישה,מיליליטרים,150.00,"100 מ""ל",false,24,19.90,13.2667,true,1,313585
3614224051235,false,אדידס דאודורנט ספריי גברים אדיפוואר 200מל,אדידס Adidas,PT,דאודורנט אדידס ספריי אדיפאוור לגבר200,מיליליטרים,200.00,"100 מ""ל",false,1,19.90,9.9500,true,1,317152
3662444002766,false,חלה בריוש ראובנס 500 גרם,N.F.D,FR,לחם בריוש צרפתי פרוס פיצפוצי שוקולד500,גרמים,500.00,100 גרם,false,1,20.90,4.1800,true,1,315674
3662444002773,false,חלה בריוש שוקוציפס ראובנס 500 גרם,N.F.D,FR,0לחם בריוש פרוס צרפתי פיצפוצי שוקולד500,גרמים,500.00,100 גרם,false,1,19.90,3.9800,true,1,315673
3662444005477,false,עוגת רויאל בריוש שוק,,FR,עוגת רויאל בריוש שוקולד 400 גרם,גרמים,400.00,100 גרם,false,7,29.90,7.4750,true,1,337544
3663559000135,false,שזיפים מיובשים אורגניים 250 גרם,היצרן: לה קומפני דה,FR,שיזפים מיובשים אורגניים קומפני 250 גר,גרמים,250.00,100 גרם,false,20,26.90,10.7600,true,1,315695
3665468301723,false,אירוויק באז מבשם ומנטרל ריחות בניחוח לילות לבנים 237 מ'ל,רקיט בנקיזר,PL,מטהר אוויר אירוויק נ.גז ערפילי בוקר 237מ,מיליליטרים,237.00,"100 מ""ל",false,1,14.90,6.2869,true,1,337179
3700485100048,false,ברנדי נשיונאל אקס או,sas de fussigy,,ברנדי נשיונאל אקס או באריזה 700 מל םפיקד,מיליליטרים,700.00,"100 מ""ל",false,1,105.00,15.0000,true,1,228057
3700846782319,false,יין דאבל וי מיזון סר,,,יין דאבל וי מיזון סרלה 2018 72017 750 מל,מיליליטרים,750.00,"100 מ""ל",false,1,80.00,10.6667,true,1,323571
3701086303562,false,יין ולאס פויזן רוזה,,FR,יין ולאס פויזן רוזה 750 מל,מיליליטרים,750.00,"100 מ""ל",false,6,60.00,8.0000,true,1,332383
3701086304309,false,יין לה קוק סירה בלאק,,FR,יין ולאס לקוק סירה בלאק 750 מל,מיליליטרים,750.00,"100 מ""ל",false,6,60.00,8.0000,true,1,337089
3701086304583,false,יין ולאס פויזן רוז ל,,FR,יין ולאס פויזן רוז 750 מל,מיליליטרים,750.00,"100 מ""ל",false,6,60.00,8.0000,true,1,332382
3701086305030,false,יין ולאס פויזן בלאן,,FR,יין ולאס פויזן בלאן 750 מל,מיליליטרים,750.00,"100 מ""ל",false,6,60.00,8.0000,true,1,332384
3701086305528,false,יין לה קוק קברנה סוב,,FR,יין ולאס קוק קברנה סוביניון 750 מל,מיליליטרים,750.00,"100 מ""ל",false,6,60.00,8.0000,true,1,332397
3701086305719,false,יין ואלס לה קוק מלבק,,FR,יין ואלס לה קוק מלבק 750 מל,מיליליטרים,750.00,"100 מ""ל",false,6,60.00,8.0000,true,1,332399
3701086306730,false,יין לה קוק יבש שרדונ,,FR,יין ואלס לה קוק שרדונה 750 מל,מיליליטרים,750.00,"100 מ""ל",false,6,60.00,8.0000,true,1,332398
3760009192034,false,יין פרובנס רוזה סנט,,FR,יין פרובנס רוזה סנט ויקטואר 750 מל,מיליליטרים,750.00,"100 מ""ל",false,1,90.00,12.0000,true,1,327076
3760031471664,false,יין דומיין לפאז קוט,דומיין לפאז,FR,יין דומיין לפאז קוט אסט 750 מל,מיליליטרים,750.00,"100 מ""ל",false,6,60.00,8.0000,true,1,320953
3760031471725,false,יין לפאז קוט סוד אדו,דומיין לפאז,FR,יין לפאז קוט סוד אדום 750 מל,מיליליטרים,750.00,"100 מ""ל",false,6,60.00,8.0000,true,1,320951
3760031472081,false,יין דומיין לפאז קוט,דומיין לפאז,FR,יין דומיין לפאז קוט רוזה 750 מל,מיליליטרים,750.00,"100 מ""ל",false,6,60.00,8.0000,true,1,320954
3760031472821,false,יין לפאז קוט פלוראל,דומיין לפאז,FR,יין לפאז קוט פלוראל 750 מל,מיליליטרים,750.00,"100 מ""ל",false,6,60.00,8.0000,true,1,320952
3760031473514,false,יין דומיין לפאז גרנש,דומיין לפאז,FR,יין דומיין לפאז גרנש בשלישית 750 מל,מיליליטרים,750.00,"100 מ""ל",false,6,75.00,10.0000,true,1,320957
3760040420073,false,קברנה מרלו וינייה דה,צרפת פול מאס,,יין קברנה מרלו וינייה דה ניקול פול מאס 7,מיליליטרים,750.00,"100 מ""ל",false,1,60.00,8.0000,true,1,237731
3760040420134,false,שרדונה ויונייה ויניי,צרפת פול מאס,,יין שרדונה ויונייה דה ניקול פול מאס 750מ,מיליליטרים,750.00,"100 מ""ל",false,1,60.00,8.0000,true,1,237732
3760040420394,false,יין שאטו פול מאס קלו,צרפת פול מאס,,יין שאטו פול מאס קלו דה מור 2010 750מל פ,מיליליטרים,750.00,"100 מ""ל",false,1,80.00,10.6667,true,1,231252
3760040421261,false,פול מאס-יין רוזה סיר,צרפת פול מאס,,יין רוזה סירה פול מאס 750 מל פקדון,מיליליטרים,750.00,"100 מ""ל",false,1,45.00,6.0000,true,1,232381
3760040422794,false,יין פול מאס רזרב מור,צרפת פול מאס,,יין פול מאס אסטייט מורבד 2010 750מל פקדו,מיליליטרים,750.00,"100 מ""ל",false,1,60.00,8.0000,true,1,231250
3760040422954,false,יין פול מאס רזרב מלב,צרפת פול מאס,,יין אסטייט מאלבק פול מאס 750מל פקדון,מיליליטרים,750.00,"100 מ""ל",false,1,60.00,8.0000,true,1,237727
3760040422961,false,יין פול מאס רזרב קרי,צרפת פול מאס,,יין פול מאס אסטייט קריניאן 750מל פקדון,מיליליטרים,750.00,"100 מ""ל",false,1,60.00,8.0000,true,1,232493
3760040422978,false,יין פול מאס רזרב ויו,פול מאס,,יין אסטייט ויונייה פול מאס 750 מל,מיליליטרים,750.00,"100 מ""ל",false,1,60.00,8.0000,true,1,295747
3760040423517,false,יין גראנש פול מאס 75,צרפת פול מאס,,יין גראנש פול מאס 750 מל פקדון,מיליליטרים,750.00,"100 מ""ל",false,1,45.00,6.0000,true,1,237728
3760040427836,false,רוזה וינייה דה ניקול,צרפת פול מאס,,יין רוזה וינייה דה ניקול פול מאס 750 מל,מיליליטרים,750.00,"100 מ""ל",false,1,60.00,8.0000,true,1,243810
3760040431819,false,יין גוורצטרמינר זאן,פול מאס,,יין גוורצטרמינר זאן קלוד מאס 750 מל,מיליליטרים,750.00,"100 מ""ל",false,1,50.00,6.6667,true,1,300130
3760070601152,false,דארוז ארמניאק 8 שנים,,,דארוז ארמניאק 8 שנים 700 מל פקדון,מיליליטרים,700.00,"100 מ""ל",false,1,270.00,38.5714,true,1,245353
3760070601169,false,דארוז ארמניאק 12 שני,,,דארוז ארמניאק 12 שנים 700 מל פקדון,מיליליטרים,700.00,"100 מ""ל",false,1,340.00,48.5714,true,1,245354
3760080780687,false,זוג מקל וניל 6 גרם ו,MACVUTES,,זוג מקל וניל 6 גרם וניפרוט,Unknown,0.00,Unknown,false,1,54.90,0.0000,true,1,318363
3760080780700,false,תמצית וניל בורבון עם,MACVUTES,,תמצית וניל בורבון עם זרעים75גר וניפרוט,Unknown,0.00,Unknown,false,1,54.90,0.0000,true,1,318492
3760082819729,false,יין מונטניין נואר סי,,FR,יין מונטניין נואר סירה 750 מל,מיליליטרים,750.00,"100 מ""ל",false,12,60.00,8.0000,true,1,328228
3760082819903,false,יין אוסטל קאז רוזה 7,,FR,יין אוסטל קאז רוזה 750 מל,מיליליטרים,750.00,"100 מ""ל",false,12,65.00,8.6667,true,1,313887
3760094286007,false,יין אליזבת סובניון ק,דומיין דה מאלאנד,,יין אליזבת סובניון קולומבאר 750 מל,מיליליטרים,750.00,"100 מ""ל",false,1,45.00,6.0000,true,1,308884
3760105300210,false,יין פינו בלאן טרימבא,צרפת - טרימבאך,,יין פינו בלאן טרימבאך 750 מל,מיליליטרים,75000.00,"100 מ""ל",false,1,75.00,0.1000,true,1,240214
3760105300616,false,יין גוורצטרמינר טרימ,צרפת - טרימבאך,,יין גוורצטרמינר טרימבאך 750 מל,מיליליטרים,750.00,"100 מ""ל",false,1,100.00,13.3333,true,1,240212
3760105300715,false,יין ריזלינג טרימבאך,צרפת - טרימבאך,,יין ריזלינג טרימבאך 750 מל,מיליליטרים,75000.00,"100 מ""ל",false,1,85.00,0.1133,true,1,311544
3760105300746,false,יין ריזלינג סלקסיון,צרפת - טרימבאך,,יין ריזלינג סלקסיון וייה וינייה 750 מל,מיליליטרים,75000.00,"100 מ""ל",false,1,130.00,0.1733,true,1,241653
3760113370076,false,יין בורגון מאקון ויל,צרפת שאטו פוויסה,,יין מאקון וילאז שאטו פוויסה 750מל פקדון,מיליליטרים,750.00,"100 מ""ל",false,1,80.00,10.6667,true,1,238920
3760125946719,false,רוזה כשר אור דה לה קסטינל,ג'נרל מילס סאן אדריא,FR,יין רוזה אור פרובאנס כשר 750 מל,מיליליטרים,750.00,"100 מ""ל",false,6,60.00,8.0000,true,1,326738
3760125946870,false,פרובאנס אור דה קסטינל750,דומיין דה לה קסטינל,FR,יין רוזה אור פרובאנס דה לה קסטינל 750 מל,מיליליטרים,750.00,"100 מ""ל",false,6,80.00,10.6667,true,1,326739
3760127160069,false,יין דאראגון ברוט ווב,,,יין דאראגון ברוט ווברה מבעבע 750 מל,מיליליטרים,750.00,"100 מ""ל",false,1,65.00,8.6667,true,1,333437
3760129170028,false,יין שבלי דומיין פורי,,,יין דומיין פורי שאבלי פרימייר קרו 750 מל,מיליליטרים,750.00,"100 מ""ל",false,1,125.00,16.6667,true,1,295909
3760136207588,false,יין קלארנדל לבן קלאר,צרפת - קלארנס דילון,,יין קלארנדל לבן קלארנס דילון 750 מל,מיליליטרים,750.00,"100 מ""ל",false,1,90.00,12.0000,true,1,240896
3760136207595,false,יין קלארנדל סמוק קלא,צרפת - קלארנס דילון,,יין קלארנדל סמוק קלארנס דילון 750 מל,מיליליטרים,750.00,"100 מ""ל",false,1,80.00,10.6667,true,1,240897
3760156433875,false,יין שאבלי פטיט 750,PASSSY LE CLOU,IT,יין פטיט שאבלי 750 מל,מיליליטרים,750.00,"100 מ""ל",false,6,80.00,10.6667,true,1,316954
3760156433882,false,יין שאבלי 750 מל,PASSSY LE CLOU,IT,יין שאבלי 750 מל,מיליליטרים,750.00,"100 מ""ל",false,6,100.00,13.3333,true,1,316953
3760175420009,false,יין סנסר טראדיסיון ל,טיסייה רולאן,,יין סנסר טראדיסיון 750 מל,מיליליטרים,750.00,"100 מ""ל",false,1,110.00,14.6667,true,1,300131
3760175420016,false,יין סנסר אדום טראדיס,טיסייה רולאן,,יין סנסר אדום 750 מל,מיליליטרים,750.00,"100 מ""ל",false,1,120.00,16.0000,true,1,300132
3760182393440,false,יין מייסון ונטנאק לנ,,FR,יין מייסון ונטנאק לנטרוס אורגני 750מל,מיליליטרים,750.00,"100 מ""ל",false,6,65.00,8.6667,true,1,329646
3760189781509,false,יין סובניון בלאן וין,,FR,יין סובניון בלאן וין דה פרנס קלו דו רןוק,מיליליטרים,750.00,"100 מ""ל",false,12,60.00,8.0000,true,1,328226
3760249060193,false,יין שאטו בנטיגאק 750,,,יין שאטו בנטיגאק 750 מל,מיליליטרים,750.00,"100 מ""ל",false,12,65.00,8.6667,true,1,321438
3760249060513,false,יין מונטניין נואר שר,,FR,יין מונטניין נואר שרדונה 750 מל,מיליליטרים,750.00,"100 מ""ל",false,12,60.00,8.0000,true,1,328229
3760249060537,false,יין לאוסטל בלאן לבן,,,יין לאוסטל בלאן לבן 750 מל,מיליליטרים,750.00,"100 מ""ל",false,1,65.00,8.6667,true,1,318419
3760263790021,false,יין שבלי דומיין אלכס,,,יין דומיין אלכסנדר שאבלי לבן 750 מל,מיליליטרים,750.00,"100 מ""ל",false,1,80.00,10.6667,true,1,313142
3770001900032,false,יין מוסקארה סבר מיין,צרפת לואי מקס,,יין מוסקארה סבר מיין 750 מל,מיליליטרים,750.00,"100 מ""ל",false,1,45.00,6.0000,true,1,307407
3770019952016,false,יין שאטו מאסיו מרלו,,FR,יין שאטו מאסיו מרלו 750 מל,מיליליטרים,750.00,"100 מ""ל",false,6,60.00,8.0000,true,1,332400
3800016701055,false,"לפתן חצאי אפרסק בסירופ 700 מ""ל",פרוקטו סליבאן GSC,BG,לפתן אפרסק חצאים בסירופ 700 מל,מיליליטרים,700.00,"100 מ""ל",false,1,8.90,1.2714,true,1,312205
3800016701161,false,"לפתן חצאי שזיף בסירופ 700 מ""ל",פרוקטו סליבאן GSC,BG,לפתן שזיף חצאים בסירופ 700 מל,מיליליטרים,700.00,"100 מ""ל",false,1,8.90,1.2714,true,1,312206
3800016701178,false,"לפתן חצאי משמש בסירופ 700 מ""ל",פרוקטו סליבאן GSC,BG,לפתן משמש חצאים בסירופ 700 מל,מיליליטרים,700.00,"100 מ""ל",false,1,8.90,1.2714,true,1,312204
3800020412091,false,קיט קאט-אצבעות וופל שוקולד חלב רביעיה 4*32ג',נסטלה,GB,חטיף קיט קט צאנקי שוקולד חלב 4 יח,גרמים,128.00,100 גרם,false,24,9.90,7.7344,true,1,333108
3800093580352,false,טימס מאפה שמרים במילוי קרם שוקולד 300 גר,,BG,מאפה שמרים באנס במילוי שוקולד 300 גרם,גרמים,300.00,100 גרם,false,1,9.90,3.3000,true,1,335008
3838824127149,false,צבע לשיער פלטה - 1-1 שחור כחול,שוורצקופף והנקל,SI,צבע לשיער פלטה סמי קיט כחול שחור 1-1,Unknown,0.00,Unknown,false,10,17.90,0.0000,true,1,244956
3838824127163,false,צבע לשיער פאלטה בלונד כסוף 1-10,שוורצקופף והנקל,SI,צבע לשיער פלטה סמי קיט בלונד כסוף 10-1,Unknown,0.00,Unknown,false,1,17.90,0.0000,true,1,246254
3838824127200,false,פלטה סמי קיט 5-68 ערמונים בינוני,שוורצקופף והנקל,SI,צבע לשיער פלטה סמי קיט חום כהה 3-0,Unknown,0.00,Unknown,false,10,17.90,0.0000,true,1,244957
3838824127248,false,פלטה סמי קיט חום בהיר 5-0 צבע שיער,שוורצקופף והנקל,SI,צבע לשיער פלטה סמי קיט חום בהיר 5-0,Unknown,0.00,Unknown,false,10,17.90,0.0000,true,1,244959
3838824127262,false,פלטה סמי קיט בלונד כהה 6-0 צבע שיער,שוורצקופף והנקל,SI,צבע לשיער פלטה סמי קיט בלונד כהה 6-0,Unknown,0.00,Unknown,false,10,17.90,0.0000,true,1,244960
3838824127286,false,צבע לשיער פלטה - 7-0 בלונד בינוני,שוורצקופף והנקל,SI,צבע לשיער פלטה סמי קיט בלונד בינוני 7-0,Unknown,0.00,Unknown,false,10,17.90,0.0000,true,1,244961
3838824127309,false,פלטה סמי קיט בלונד בהיר 8-0 צבע שיער,שוורצקופף והנקל,SI,צבע לשיער פלטה סמי קיט בלונד בהיר 8-0,Unknown,0.00,Unknown,false,10,17.90,0.0000,true,1,244962
3838824127361,false,פלטה סמי קיט ערמונים בינוני5-68 צבע שיער,שוורצקופף והנקל,SI,צבע לשיער פלטה סמי קיט ערמונים בינוני5-6,Unknown,0.00,Unknown,false,10,17.90,0.0000,true,1,244963
3838824127507,false,פלטה סמי קיט חום קטיפתי 4-60 צבע שיער,שוורצקופף והנקל,SI,צבע לשיער פלטה סמי קיט חום קטיפתי 4-60,Unknown,0.00,Unknown,false,10,17.90,0.0000,true,1,246255
3838824127583,false,צבע לשיער פלטה - 6-88 אדום בוער,שוורצקופף והנקל,SI,צבע לשיער פלטה סמי קיט אדום בוער6-68,Unknown,0.00,Unknown,false,10,17.90,0.0000,true,1,244967
3838824127644,false,צבע לשיער פלטה - 4-89 חציל זוהר,שוורצקופף והנקל,SI,צבע לשיער פלטה סמי קיט חציל זוהר4-89,Unknown,0.00,Unknown,false,10,17.90,0.0000,true,1,244969
3838824128726,false,פלטה דלוקס קיט 10-5 בלונד זהוב מבריק,שוורצקופף & הנקל דיסלדור,DE,צבע לשיער פאלטה דה לוקס קיט בלונד זהוב,יחידה,1.00,יחידה,false,1,29.90,29.9000,true,1,326954
3838824128788,false,פאלטה - דלוקס שמני הזנה אדום לוהט 6-888,שוורצקוף Schwarzkopf,DE,צבע לשיער פאלטה דה לוקס קיט אדום לוהט,Unknown,0.00,Unknown,false,1,29.90,0.0000,true,1,326944
3838824128849,false,פאלטה - דלוקס שמני הזנה ערמונים 5-68,שוורצקוף Schwarzkopf,DE,צבע לשיער פאלטה דה לוקס קיט ערמונים,יחידה,1.00,יחידה,false,1,29.90,29.9000,true,1,326955
3838824128887,false,פאלטה - דלוקס שמני הזנה שוקולטה 3-65,הנקל סוד,DE,צבע לשיער פאלטה דה לוקס קיט שוקולטה,יחידה,1.00,יחידה,false,1,29.90,29.9000,true,1,326956
3838824128948,false,פאלטה - דלוקס שמני הזנה חום כהה 3-0,הנקל סוד,DE,צבע לשיער פאלטה דה לוקס קיט חום כהה,יחידה,1.00,יחידה,false,1,29.90,29.9000,true,1,326957
3838824129020,false,פאלטה - דלוקס שמני הזנה שחור 1-0,שוורצקוף Schwarzkopf,DE,צבע לשיער פאלטה דה לוקס קיט שחור,יחידה,1.00,יחידה,false,1,29.90,29.9000,true,1,326958
3838824129068,false,פאלטה - דלוקס שמני הזנה חום קפה 4-68,הנקל סוד,DE,צבע לשיער פאלטה דה לוקס קיט חום קפה,יחידה,1.00,יחידה,false,1,29.90,29.9000,true,1,326959
3838824129105,false,פאלטה - דלוקס שמני הזנה בלונד שמש 9-0,שוורצקוף Schwarzkopf,DE,צבע לשיער פאלטה דה לוקס קיט בלונד שמש,יחידה,1.00,יחידה,false,1,29.90,29.9000,true,1,326960
3838824167145,false,פאלטה - דלוקס שמני הזנה קינמון 7-65,שוורצקוף Schwarzkopf,DE,צבע לשיער פאלטה דה לוקס קיט קינמון,יחידה,1.00,יחידה,false,1,29.90,29.9000,true,1,326961
3838824193915,false,צבע לשיער פאלטה סמי קיט שחור 0-1,שוורצקופף והנקל,SI,צבע לשיער פלטה סמי קיט שחור 1/0,Unknown,0.00,Unknown,false,10,17.90,0.0000,true,1,244978
3838824193939,false,פאלטה - דלוקס שמני הזנה סגול אצילי 4-99,שוורצקוף Schwarzkopf,DE,צבע לשיער פאלטה דה לוקס קיט סגול חציל,יחידה,1.00,יחידה,false,1,29.90,29.9000,true,1,326962
3838824214320,false,פאלטה - דלוקס שמני הזנה שחור כחול 1-1,שוורצקוף Schwarzkopf,DE,צבע לשיער פאלטה דה לוקס קיט שחור כחול,יחידה,1.00,יחידה,false,1,29.90,29.9000,true,1,326963
3838824240275,false,פלטה סמי קיט 8-0 בלונד בהיר,שוורצקופף והנקל,SI,צבע לשיער פלטה סמי קיט נוגט 6/65,Unknown,0.00,Unknown,false,10,17.90,0.0000,true,1,244980
3838824276007,false,פלטה סמי קיט 9-0 בלונד בהיר מאוד,שוורצקופף והנקל,SI,צבע לשיער פלטה סמי קיט בלונד בהיר 0/9,Unknown,0.00,Unknown,false,10,17.90,0.0000,true,1,244977
3838824327099,false,צבע שיער פאלטה סמי קיט 10-46 בלונד פודרה,שוורצקופף והנקל,DE,צבע לשיער פלטה סמי קיט בלונד פודרה 10/46,Unknown,0.00,Unknown,false,1,17.90,0.0000,true,1,308412
3838824332130,false,צבע שיער פאלטה סמי קיט 3-68 מהגוני כהה,שוורצקופף והנקל,DE,צבע לשיער פלטה סמי קיט מהגוני כהה 3/68,Unknown,0.00,Unknown,false,1,17.90,0.0000,true,1,308408
3838824332178,false,פאלטה ברוז' חום אדום יין 6-80 סמי קיט,שוורצקופף והנקל,DE,צבע לשיער פלטה סמי קיט חום אדום יין 6/80,Unknown,0.00,Unknown,false,1,17.90,0.0000,true,1,308409
3838824371146,false,גליס פילינג עדין לאיזון והזנת הקרקרפת150,הנקל שוורצקוף,TR,פילינג עדין נוטרי באלאנס 150מל,מיליליטרים,150.00,"100 מ""ל",false,1,24.90,16.6000,true,1,327604
3838824371191,false,גליס מרכך ספריי לאיזון והזנת הקרקרפת 200,הנקל שוורצקוף,TR,מרכך גליס אקספרס נוטרי באלאנס 200מל,מיליליטרים,200.00,"100 מ""ל",false,1,24.90,12.4500,true,1,327603
3838824380902,false,צבעי שיער בלונד סופר בהיר 10-0 סמי קיט פאלטה,שוורצקופף והנקל,DE,צבע לשיער פלטה סמי קיט בלונד סופר בהיר,Unknown,0.00,Unknown,false,1,17.90,0.0000,true,1,329345
3838824380988,false,צבעי שיער בלונד כסוף אפרפר 12-21 סמי קיט פאלטה,שוורצקופף והנקל,DE,צבע לשיער פלטה סמי קיט בלונד כסוף אפרפר,Unknown,0.00,Unknown,false,1,17.90,0.0000,true,1,329347
3838824381022,false,צבעי שיער חום שוקולד כהה 3-65 סמי קיט פאלטה,שוורצקופף והנקל,DE,צבע לשיער פלטה סמי קיט חום שוקולד כהה,Unknown,0.00,Unknown,false,1,17.90,0.0000,true,1,329348
3838945007870,false,מיץ תפוזים 100% עם ויטמין סי 1 ליטר,FRUCTAL,,מיץ תפוזים עם חתיכות פרי 100% 1 ליטר,ליטרים,1.00,ליטר,false,1,14.90,14.9000,true,1,329450
3838945027854,false,מולטי ויטמין פירות אד. 100% 1 ל FRUCTAL,FRUCTAL,SI,מולטי ויטמין פירות אד. 100% 1 ל FRUCTAL,ליטרים,1.00,ליטר,false,12,14.90,14.9000,true,1,241395
3838945028547,false,"מיץ תפוח עץ 100% סחוט 200 מ""ל FRUCTAL",FRUCTAL,SI,מיץ תפוחי עץ פרוקטל 200 מל,מיליליטרים,200.00,"100 מ""ל",false,24,4.90,2.4500,true,1,295064
3838945028592,false,"מיץ תפוז 100% 200 מ""ל FRUCTAL",FRUCTAL,,מיץ תפוז פרוקטל 200 מל 100% פרי,מיליליטרים,200.00,"100 מ""ל",false,1,4.90,2.4500,true,1,315469
3838945028615,false,"מיץ אננס 100% פרי 200 מ""ל FRUCTAL",FRUCTAL,SI,מיץ אננס פרוקטל 200 מל,מיליליטרים,200.00,"100 מ""ל",false,24,4.90,2.4500,true,1,295065
3838945509015,false,נקטר אוכמניות שחורות 25% 1 ל FRUCTAL,פרוקטל Fructal,SI,נקטר אוכמניות שחורות פרוקטל 1ל 25% פרי,ליטרים,1.00,ליטר,false,12,14.90,14.9000,true,1,246511
3838945509060,false,מיץ תפוחים 100% 1 ליטר FRUCTAL,FRUCTAL,SI,מיץ תפוחים 100% 1 ליטר FRUCTAL,ליטרים,1.00,ליטר,false,12,14.90,14.9000,true,1,244056
3838945509077,false,מיץ אננס 100% 1 ליטר FRUCTAL,FRUCTAL,SI,מיץ אננס 100% 1 ליטר FRUCTAL,ליטרים,1.00,ליטר,false,12,14.90,14.9000,true,1,244057
3850158301088,false,משקה כוהלי סליבוביצה,מרסקה,,משקה כוהלי סליבוביצה 700מל שזיפים,לא מנהל יחידת מידה,700.00,לא מנהל יחידת מידה,false,1,99.90,0.1427,true,1,300373
4000161100157,false,נידרגר מרציפן קלאסי באריזה 100 גר,Q Chocolate,,מרציפן נדירברג קלאסי 100 גרם,גרמים,100.00,100 גרם,false,1,30.00,30.0000,true,1,308459
4000161100904,false,נידרגר מרציפן מארז מהודר 100 גר,Q Chocolate,,מרציפן נדירברג מהודר 100 גרם,גרמים,100.00,100 גרם,false,1,30.00,30.0000,true,1,308460
4000417019004,false,שוקולד חלב אגוזי לוז שלמים ריטר ספורט 100 גרם,ריטר ספורט Ritter sport,DE,שוקולד ריטר חלב אגוז שלם100 ג,גרמים,100.00,100 גרם,false,1,10.90,10.9000,true,1,222257
4000417022004,false,ריטר ספורט שוקולד חלב מעולה עם צימוקים ואגוזי לוז 100 גרם,ריטר ספורט Ritter sport,DE,שוקולד ריטר צימוק אגוז 100 ג,גרמים,100.00,100 גרם,false,1,8.90,8.9000,true,1,222292
4000417023001,false,ריטר ספורט שוקולד חלב מעולה עם שקדים שלמים,ריטר ספורט Ritter sport,DE,שוקולד ריטר חלב שקד שלם 100 ג,גרמים,100.00,100 גרם,false,1,10.90,10.9000,true,1,222256
4000417025005,false,שוקולד מריר במילוי מרציפן ריטר ספורט 100 גרם,ריטר ספורט Ritter sport,DE,שוקולד ריטר עם מרצפן 100 ג,גרמים,100.00,100 גרם,false,1,8.90,8.9000,true,1,222258
4000417026002,false,שוקולד ריטר ספורט פרלין 100 גרם חלב נוכרי,ריטר ספורט Ritter sport,DE,שוקולד ריטר נוגט פרלין 100 ג,גרמים,100.00,100 גרם,false,1,8.90,8.9000,true,1,222596
4000417101211,false,גלילי וופל עם קרם אגוזי לוז בציפוי שוקולד חלב,אמיצ'לי Amicelli,AT,גלילי ופל אמיצלי קרם אגוזים 150 גרם,גרמים,150.00,100 גרם,false,1,15.90,10.6000,true,1,337034
4000417101235,false,וופל אמיצלי מצופה שו,,DE,גלילי וופל אמיצילי קרם אגוזים 225 גרם,גרמים,225.00,100 גרם,false,16,24.90,11.0667,true,1,332797
4000417101273,false,אימצ'לי-גלילי וופל עם קרם אגוזי לוז 300 גרם,מותגים,,מארז 2 יח גלילי ופל אמיצלי קרם אגוז150גר,גרמים,300.00,100 גרם,false,1,29.90,9.9667,true,1,338335
4000417101310,false,אמיצלי- גלילי וופל עם קרם קקאו בציפי שוק,ליימן שליסל,AT,גלילי ופל אמיצלי קרם קקאו 150 גרם,גרמים,150.00,100 גרם,false,1,15.90,10.6000,true,1,337657
4000417211002,false,שוקולד חלב מעולה ממולא קרם קרמל מוקצף ושברי שקדים מומלחים,ריטר ספורט Ritter sport,DE,שוקולד ריטר מוס קרמל שברי שקדים 100 ג,גרמים,100.00,100 גרם,false,1,8.90,8.9000,true,1,300826
4000417212009,false,ריטר ספורט שוקולד מריר מעולה עם שקדים קצוצים וקליפות תפוז מסוכרות,ריטר ספורט Ritter sport,DE,שוקולד ריטר מריר תפוז שקד 100 ג,גרמים,100.00,100 גרם,false,1,8.90,8.9000,true,1,315910
4000417222008,false,שוקולד ריטר ספורט חלב+שברי אגוזים 100 גרם חלב נוכרי,ריטר ספורט Ritter sport,DE,שוקולד ריטר חלב שברי אגוזים 100 ג,גרמים,100.00,100 גרם,false,1,8.90,8.9000,true,1,300298
4000417224002,false,"ריטר ספורט טבלת שוקולד מריר אגוזים, 100 גרם",ריטר ספורט Ritter sport,DE,שוקולד ריטר מריר אגוז שלם 100 ג,גרמים,100.00,100 גרם,false,1,10.90,10.9000,true,1,224022
4000417294005,false,שוקולד ריטר מוס קקאו 100 גרם חלב נוכרי,ריטר ספורט Ritter sport,DE,שוקולד ריטר מילוי קרם מוקצף 100 ג,גרמים,100.00,100 גרם,false,1,8.90,8.9000,true,1,236087
4000417298003,false,שוקולד ריטר ספורט קוקוס 100 גרם חלב נוכרי,ריטר ספורט Ritter sport,DE,שוקולד ריטר ספורט קוקוס 100 ג,גרמים,100.00,100 גרם,false,1,8.90,8.9000,true,1,236844
4000417328205,false,שוקולד מיני ריטר אגו,ריטר,DE,שוקולד מיני ריטר אגוז שלם 116 גרם,גרמים,116.00,100 גרם,false,1,17.90,15.4310,true,1,332537
4000417626417,false,שוקולד חלב חמוציות ממותקות ושברי אגוזי לוז,מותגים,,שוקולד ריטר חמוציות ואגוז לוז 100 ג,גרמים,100.00,100 גרם,false,1,8.90,8.9000,true,1,337656
4000417707000,false,שוקולד חלב מעולה עם שברי קשיו קלוי ומומלח,ריטר ספורט Ritter sport,DE,שוקולד ריטר חלב קשיו שלם 100 ג,גרמים,100.00,100 גרם,false,1,10.90,10.9000,true,1,333866
4000417708007,false,"שוקולד ריטר ספורט מריר שקד, 100 גרם",ריטר ספורט Ritter sport,DE,שוקולד ריטר מריר שקד שלם 100 ג,גרמים,100.00,100 גרם,false,1,10.90,10.9000,true,1,333867
4000522009747,false,"בייגלה צ'יו מקלות תפו""א 80 גר'",טרופיקל דגיל תעשיות,HU,בייגלה שמיניות ציו תפוא 100 גר שקית,גרמים,100.00,100 גרם,false,1,4.50,4.5000,true,1,296740
4000522061752,false,בייגלה צ'יו מקלות מלוחים 100 גרם,צ'יו Chio,HU,ציו בייגלה מקלות,גרמים,100.00,100 גרם,false,36,4.50,4.5000,true,1,294888
4000539280726,false,שוקולד לינדט אקסלנס מילד 70% 100 גר,לינדט ושפרונגלי,DE,שוקולד לינדט אקסלנס70%מילד100 גרם,גרמים,100.00,100 גרם,false,1,16.00,16.0000,true,1,336555
4000539280740,false,לינדט אקסלנס 78% מוצקי קקאו 100 גרם,לינדט ושפרונגלי קילשברג,DE,שוקולד לינדט אקסלנס78%מריר100 גרם,גרמים,100.00,100 גרם,false,1,16.00,16.0000,true,1,336754
4000576027933,false,צימרונים לאוזניים גאן קרול 200 יח,וו.פלץ,DE,צמרוני אוזניים 200יח גאן קרול,יחידה,200.00,יחידה,false,24,7.90,0.0395,true,1,328275
4000576399405,false,פדים רחבים להסרת איפור,ג'ין קרול Jean Carol,CN,פדים לאיפור גאן קרול,יחידה,1.00,יחידה,false,10,9.90,9.9000,true,1,309119
4000576481889,false,צימרוני אוזניים לתינוק 72 יח',ג'ין קרול Jean Carol,DE,צמרוני אוזניים לתינוקות 72יח,Unknown,0.00,Unknown,false,24,6.90,0.0000,true,1,309120
4000576722654,false,פדים להסרת איפור זוג *70 יח',ג'ין קרול Jean Carol,,זוג פדים להסרת איפור 70יח גאן קרול,יחידה,70.00,יחידה,false,1,14.90,0.2129,true,1,305812
4000869032569,false,"הפי מבשם ומטהר אויר ורוד מוצק יעקבי 150 מ""ל",יעקובי הפי,IT,הפי פרש-גל מבשם סגול / אדום,Unknown,0.00,Unknown,false,14,6.90,0.0000,true,1,221005
4001499013676,false,"פרוש ספריי לניקוי חלונות 500 מ""ל",ארדל רקס,DE,נוזל לניקוי חלונות 500מל אקולוגי פרוש,מיליליטרים,500.00,"100 מ""ל",false,12,19.90,3.9800,true,1,294930
4001499112942,false,פרוש נוזל לניקוי ומסיר שומנים הדרים 500,ארדל רקס,DE,נוזל לניקוי כללי ומסיר שומנים 500מל אקול,מיליליטרים,500.00,"100 מ""ל",false,8,22.90,4.5800,true,1,294996
4001499116193,false,פרוש מרכך כביסה פרח הכותנה 750 מל,ארדל רקס,DE,מרכך כביסה אקולוגי 750 מל פרח הכותנה,מיליליטרים,750.00,"100 מ""ל",false,8,19.90,2.6533,true,1,294937
4001499142420,false,פרוש ספריי לניקוי אס,ארדל רקס,DE,נוזל לניקוי אסלות לימון 750מל אקולוגי,מיליליטרים,750.00,"100 מ""ל",false,10,18.90,2.5200,true,1,294933
4001499152061,false,פרוש ספריי לניקוי כללי מכיל סודה 500 מל,ארדל רקס,DE,מרסס לניקוי כללי 500מל סודה אקולוגי פרוש,מיליליטרים,500.00,"100 מ""ל",false,8,22.90,4.5800,true,1,294947
4001499162916,false,"נוזל כלים פרוש סודה 500 מ""ל",ארדל רקס,DE,נוזל כלים אקולוגי סודה 500 מל פרוש,מיליליטרים,500.00,"100 מ""ל",false,8,16.90,3.3800,true,1,309860
4001499180057,false,פרוש ספריי לימון לניקוי אמבטיות 500 מל,ארדל רקס,DE,נוזל לניקוי אמבטיה ומקלחון 500מל אקולוגי,מיליליטרים,500.00,"100 מ""ל",false,12,19.90,3.9800,true,1,294931
4001499185267,false,פרוש נוזל ניקוי אסלות על בסיס לבנדר 750,ארדל רקס,DE,נוזל לניקוי אסלות לבנדר 750מל אקולוגי,מיליליטרים,750.00,"100 מ""ל",false,10,18.90,2.5200,true,1,294934
4001499909153,false,מרסס לניקוי כללי 500,ארדל רקס,DE,מרסס לניקוי כללי 500מל לבנדראקולוגי פרוש,מיליליטרים,500.00,"100 מ""ל",false,81,22.90,4.5800,true,1,294950
4001499915215,false,פרוש מרכך כביסה לתינוקות 750 מל,ארדל רקס,AT,מרכך כביסה בייבי אקולוגי 750 מל פרוש,מיליליטרים,750.00,"100 מ""ל",false,1,19.90,2.6533,true,1,296527
4001499917349,false,פרוש נ.ניקוי רב תכליתי אקולוגי תפוזים500,ארדל רקס,DE,נוזל לניקוי רב תכליתי 500מל אקולוגי פרוש,מיליליטרים,500.00,"100 מ""ל",false,8,19.90,3.9800,true,1,294997
4001499923760,false,פרוש נ.מסיר כתמים אקולוגי לפני כביסה 500,ארדל רקס,,נוזל להסרת כתמים לפני כביסה אקולוגי 500מ,מיליליטרים,500.00,"100 מ""ל",false,1,29.90,5.9800,true,1,296526
4001499944505,false,"נוזל כלים פרוש פטל 500 מ""ל",ארדל רקס,,נוזל כלים אקולוגי פטל 500 מל פרוש,מיליליטרים,500.00,"100 מ""ל",false,1,16.90,3.3800,true,1,315760
4001499957598,false,מטהר אסלות פרוש בניחוח פטל,ארדל רקס,DE,סבון אסלה כדוריות פרוש בניחוח פטל,Unknown,0.00,Unknown,false,9,15.90,0.0000,true,1,337052
4001499957628,false,סבון אסלה כדוריות פר,ארדל רקס,DE,סבון אסלה כדוריות פרוש בניחוח לימון,Unknown,0.00,Unknown,false,9,15.90,0.0000,true,1,337053
4001499957659,false,מטהר אסלות פרוש בניחוח תה לבן,ארדל רקס,DE,סבון אסלה כדוריות פרוש תה לבן,Unknown,0.00,Unknown,false,9,15.90,0.0000,true,1,337054
4001499960178,false,פרוש נוזל לניקוי כלל,ארדל רקס,DE,נוזל ניקוי כללי אקולוגי בסיס חומץ טבעי1ל,ליטרים,1.00,ליטר,false,10,16.90,16.9000,true,1,336679
4001499960239,false,פרוש נוזל לכביסה מסי,ארדל רקס,,נוזל כביסה מסיר כתמים אקולוגי 1.8לי פרוש,מיליליטרים,1800.00,"100 מ""ל",false,1,45.90,2.5500,true,1,336677
4001507161948,false,קווקר פתיתי שיבולת שועל דקה 500 גר,פורטין מולנברקה ג'ב,DE,שבולת שועל דקה 500 גרם הכנה מהירה,גרמים,500.00,100 גרם,false,12,5.90,1.1800,true,1,300212
4001507161955,false,קווקר פתיתי שיבולת שועל עבה 500 גר,פורטין מולנברקה ג'ב,DE,שבולת שועל עבה 500 גרם הכנה מהירה,גרמים,500.00,100 גרם,false,1,5.90,1.1800,true,1,311327
4001518003800,false,טורינוס מקלות פריכים עם פלפל ומלח 125 גר,גריסון,DE,טורינוס מקלות פריכים פלפל שחור ומלח 125,גרמים,125.00,100 גרם,false,8,14.90,11.9200,true,1,326898
4001518003817,false,מקלות פריכים עם גבינת גאודה 125 ג' טורינוס,גריסון,DE,טורינוס מקלות פריכים גבינת גאדה 125 גרם,גרמים,125.00,100 גרם,false,8,14.90,11.9200,true,1,326900
4001518106112,false,טורינוס מקלות פריכים עם רוזמרין 125 גרם,גריסון,DE,טורינוס מקלות פריכים רוזמרין 125 גרם,גרמים,125.00,100 גרם,false,8,14.90,11.9200,true,1,326899
4001660352412,false,יין גוורצטרמינר ואעט,,,יין גוורצטרמינר חצי יבש 750 מל,מיליליטרים,750.00,"100 מ""ל",false,1,45.00,6.0000,true,1,311719
4001686101148,false,הריבו - ליקריץ סלילים 200 גרם,Unknown,,סוכריות האריבו ליקריץ תקליט 200 גרם,גרמים,200.00,100 גרם,false,30,9.90,4.9500,true,1,334990
4001686324837,false,הריבו - גומי פירות מצופה סוכר 200 גרם,Unknown,DE,סוכריות הריבו סופר גורקו פירות 200 גרם,גרמים,200.00,100 גרם,false,18,9.90,4.9500,true,1,334987
4002103248323,false,"ארדינגר פיקנטוס 7.3% כהה 500 מ""ל",ארדינגר,DE,בירה ארדינגר פיקנטוס 7.3% 500מל,מיליליטרים,500.00,"100 מ""ל",false,12,14.90,2.9800,true,1,316724
4002103289449,false,בירה ארדינגר ללא אלכוהול 330 מל,ארדינגר,DE,בירה ארדינגר ללא אלכוהול 330 מל פיקדון,מיליליטרים,330.00,"100 מ""ל",false,24,7.90,2.3939,true,1,300760
4002103311515,false,"בירה ארדינגר כהה 500 מ""ל בקבוק",,,בירה ארדינגר כהה בק. 500 מל פיקדון,מיליליטרים,500.00,"100 מ""ל",false,1,12.90,2.5800,true,1,328362
4002448017684,false,"סיליט באנג ספריי ניקוי כללי מסיר אבנית 750 מ""ל",הדקלאים אגודת שיתופי,PL,ספריי להסרת אבנית סיליט באנג 750 מל,מיליליטרים,750.00,"100 מ""ל",false,1,13.90,1.8533,true,1,221390
4002448019480,false,"סיליט באנג מסיר שומנים רב שימושי 750 מ""ל",סיליט באנג Cillit Bang,PL,מסיר שומנים סיליט באנג 750 מל,מיליליטרים,750.00,"100 מ""ל",false,1,13.90,1.8533,true,1,222273
4002547176060,false,יין ריזלינג בסט נייב,,,יין ריזלינג בסט נייבורג 750 מל,מיליליטרים,750.00,"100 מ""ל",false,6,60.00,8.0000,true,1,337491
4002547176084,false,יין סוביניון בלאן בס,,,יין סוביניון בלאן בסט נייבורג 750 מל,מיליליטרים,750.00,"100 מ""ל",false,6,60.00,8.0000,true,1,337490
4002575016253,false,מרציפן מצופה שוקולד זנטיס 100 גרם,הדקלאים אגודת שיתופי,DE,מרציפן מצופה שוקולד 100 גר,גרמים,100.00,100 גרם,false,1,10.20,10.2000,true,1,218476
4002575520651,false,זנטיס מרציפן נוגט אגוזים מצופה שוק. 100ג,,DE,מרציפן זנטיס נוגט אגוזים מצופה 100גרם,גרמים,100.00,100 גרם,false,40,10.90,10.9000,true,1,332783
4002590000022,false,סוכריות קלפני פירות יער אוכמניות 150 ג',ליימן מותגים,DE,סוכריות קלפני אוכמניות 150 גרם,גרמים,150.00,100 גרם,false,1,10.00,6.6667,true,1,218477
4002590000039,false,סוכריות בטעם פירות הדר קלפני 150 גרם,ליימן מותגים,,סוכריות קלפני הדרים 150 גרם,גרמים,150.00,100 גרם,false,1,10.00,6.6667,true,1,218478
4002590000046,false,סוכריות בטעם מנטה מרענן קלפני 150 גרם,ליימן מותגים,DE,סוכריות קלפני מרענן 150 גרם,גרמים,150.00,100 גרם,false,1,10.00,6.6667,true,1,218479
4002590000619,false,סוכריות קלפני בטעם ק,ליימן מותגים,,סוכריות קלפני קפה150 גרם,גרמים,150.00,100 גרם,false,1,10.00,6.6667,true,1,337548
4002590000626,false,סוכריות קלפני דובדבן,ליימן מותגים,,סוכריות קלפני דובדבן 150 גרם,גרמים,150.00,100 גרם,false,1,10.00,6.6667,true,1,337068
4002590000633,false,סוכריות קלפני פירות 150 גרם,ליימן מותגים,DE,סוכריות קלפני פירות 150 גרם,גרמים,150.00,100 גרם,false,1,10.00,6.6667,true,1,218480
4002590703541,false,קלפני סוכריות קשות בטעם תות,ליימן מותגים,DE,סוכריות קלפני תות 150 גרם,גרמים,150.00,100 גרם,false,1,10.00,6.6667,true,1,246192
4002631025069,false,בירה גרמנית קוניגסבכר Konigsbacher,קרלסברג יבוא יצוא,DE,בירה פילזנר קוניגסבכר 500 מל פחית,מיליליטרים,500.00,"100 מ""ל",false,1,7.90,1.5800,true,1,245036
4002720004371,false,קפה אספרסו קלוי וטחון 250 גרם BELLA CREMA,Melitta Kaffee GmbH,DE,קפה אספרסו קלוי וטחון 250 גרם BELLA CREM,גרמים,250.00,100 גרם,false,16,23.90,9.5600,true,1,228700
4002720005736,false,מליטה קפה לפילטר פרימיום 250 גרם,המאפיה של הרמן,DE,קפה לפילטר מליטה 250 גרם PREMIUM,גרמים,250.00,100 גרם,false,8,18.90,7.5600,true,1,223299
4003301051340,false,יין מייבך ריזלינג יב,,DE,יין מייבאך ריזלינג 750 מל,מיליליטרים,750.00,"100 מ""ל",false,6,45.00,6.0000,true,1,330386
4003301058486,false,"יין מייבאך סוביניון בלא לבן 750 מ""ל",,DE,יין מייבאך סוביניון בלאן 750 מל,מיליליטרים,750.00,"100 מ""ל",false,6,45.00,6.0000,true,1,330384
4003301071768,false,"שיכר דונה רימונים ספניש סאן מוגז 750 מ""ל",דוני,DE,שיכר דונה רימונים ספניש מוגז 750 מל,מיליליטרים,750.00,"100 מ""ל",false,6,19.90,2.6533,true,1,309586
4003301085673,false,יין רוזה מתוק מייבאך פורטוגיזר 750 מ,,DE,יין מייבאך פורטוגיזר רוזה 750 מל,מיליליטרים,750.00,"100 מ""ל",false,6,45.00,6.0000,true,1,330382
4003754021662,false,בונ עיגולי מרציפן עם שזיף ביין מדירה בש,,DE,בונבוניירה מרציפן שזיף ויין 210 גרם,גרמים,210.00,100 גרם,false,1,21.90,10.4286,true,1,325303
4003754021679,false,בונ עיגולי מרציפן עם מחית דובדבן בשוקול,Erasmi & Carstens Gm,DE,בונבוניירה מרציפן מחית דובדבן 210 גרם,גרמים,210.00,100 גרם,false,1,21.90,10.4286,true,1,325302
4003754021693,false,בונ עיגולי מרציפן עם מחית תפוזים בשוקול,Erasmi & Carstens Gm,DE,בונבוניירה מרציפן מחית תפוז 210 גרם,גרמים,210.00,100 גרם,false,1,21.90,10.4286,true,1,325301
4003754092006,false,מרציפן קלאסי סרגל 125 גרם CARETENS,אירסמי אנד קארסטנס,DE,סרגל מרציפן מצופה קרסטנס 125 גרם,גרמים,125.00,100 גרם,false,15,11.90,9.5200,true,1,338468
4003754206151,false,מרציפן תפוז שוקולד מריר 140 גרCARSTENS,אירסמי אנד קארסטנס,DE,מרציפן מצופה שוקולד מריר ותפוז 140 גרם,גרמים,140.00,100 גרם,false,10,12.90,9.2143,true,1,333598
4003754236141,false,מרציפן מצופה שוקולד מריר 140 גרCARSTENS,אירסמי אנד קארסטנס,DE,מרציפן מצופה שוקולד מריר 140 גרם,גרמים,140.00,100 גרם,false,10,12.90,9.2143,true,1,333599
4004666042004,false,"מלרוד מרסס משמיד עובש יעקבי 500 מ""ל",יעקובי,DE,מלרוד מרסס 0.5 ליטר,מיליליטרים,500.00,"100 מ""ל",false,6,39.90,7.9800,true,1,218482
4004666107819,false,"מלרוד לניקוי וטיהור המזגן יעקבי 500 מ""ל",מלרוד,DE,מרסס לניקוי מזגנים 500מל,מיליליטרים,500.00,"100 מ""ל",false,6,24.90,4.9800,true,1,317363
4004666111656,false,"ג'ל פעיל להשמדת עובש 250 מ""ל מרלוד",מלרוד,DE,מלרוד גל להשמדת עובש 250מל,מיליליטרים,250.00,"100 מ""ל",false,6,29.90,11.9600,true,1,333571
4004666111663,false,"מלרוד שפורפרת להלבנת מרווחים 90 מ""ל",מלרוד,DE,מלרוד להלבנת מרווחים בין חרסינות 90מל,Unknown,0.00,Unknown,false,12,27.90,0.0000,true,1,333570
4005500310105,false,"רוטב לתיבול מאגי 202 מ""ל",נסטלה,AT,רוטב מאגי לתיבול 202 מל,גרמים,202.00,100 גרם,false,24,19.90,9.8515,true,1,326490
4005563194025,false,"ליקר פידג תאנים 700 מ""ל",,,ליקר פידג תאנים 700 מל פיקדון,מיליליטרים,700.00,"100 מ""ל",false,1,55.00,7.8571,true,1,222303
4005563378029,false,"סליבוביץ סוקולובסקי 700 מ""ל",,,ליקר סליבוביץ סוקולובסקי 700מל פקדון,מיליליטרים,700.00,"100 מ""ל",false,1,125.00,17.8571,true,1,237870
4005808128273,false,ג'ל רחצה לגבר אנרג'י עם תמציות מנטה בניחוח ממריץ,טרופיקל דגיל תעשיות,DE,גל רחצה ניוואה לגבר אנרגי שאוור 500מל,מיליליטרים,500.00,"100 מ""ל",false,1,15.90,3.1800,true,1,313311
4005808128631,false,ניוואה 500 גל רחצה לגבר תמציות ליים,ניוואה Nivea,DE,גל רחצה ניוואה לגבר תמציות ליים 500מל,מיליליטרים,500.00,"100 מ""ל",false,1,15.90,3.1800,true,1,320582
4005808229390,false,ניוואה מן ג'ל רחצה לגבר קול 500מל,ניוואה Nivea,DE,גל רחצה ניוואה לגבר קול 500מל,מיליליטרים,500.00,"100 מ""ל",false,1,15.90,3.1800,true,1,313312
4005808260706,false,"ניוואה ספריי הגנה מהשמש מעניק תחושת קרירות 50 SPF, 200 מ""ל",ביירסדורף,DE,ספריי הגנה ניוואה סאן פרוטקט אנד ריפרש50,מיליליטרים,200.00,"100 מ""ל",false,12,39.90,19.9500,true,1,317540
4005808293469,false,"ניוואה - דאודורנט ספריי לגבר יבש 150 מ""ל",BEIERSDORF MANUFACTU,DE,דאודורנט ניוואה ספריי יבש לגבר 150 מל,גרמים,150.00,100 גרם,false,1,15.90,10.6000,true,1,332415
4005808366392,false,שפתון ליובש כחול קלאסי לבלו 48 גרם,טרופיקל דגיל תעשיות,IL,שפתון לבלו כחול בליסטר,יחידה,1.00,יחידה,false,1,11.90,11.9000,true,1,314362
4005808368280,false,שפתון ליובש דובדבן לבלו 48 גרם,טרופיקל דגיל תעשיות,DE,שפתון לבלו שרי ללא בליסטר,יחידה,1.00,יחידה,false,1,11.90,11.9000,true,1,313854
4005808406029,false,"ניוואה - תחליב רחצה סופט 750 מ""ל",ביירסדורף,DE,תחליב רחצה ניוואה 750מל סופט קרים,מיליליטרים,750.00,"100 מ""ל",false,1,15.90,2.1200,true,1,315636
4005808429882,false,ניוואה תחליב הגנה 200 מל SPF50,ביירסדורץ,DE,קרם הגנה ניוואה סאן פרוטקט 200מל 50,מיליליטרים,200.00,"100 מ""ל",false,12,44.90,22.4500,true,1,317543
4005808515554,false,ניוואה סופט קרם רב שימושי מרקם עדין 300מ,HELLAS BEIERSDORF,ES,קרם ניוואה רב שימושי סופט 300מל,גרמים,300.00,100 גרם,false,1,29.90,9.9667,true,1,336824
4005808698103,false,ניוואה תחליב גוף סמוד לעור יבש 500 מל,בטר אנד דיפרנט,DE,קרם גוף ניוואה סמוד 500מל,מיליליטרים,500.00,"100 מ""ל",false,1,21.90,4.3800,true,1,324914
4005808702107,false,ניוואה תחליב גוף לעור יבש מאד 500 מל,בטר אנד דיפרנט,DE,קרם גוף ניוואה לעור יבש 500מל,מיליליטרים,500.00,"100 מ""ל",false,1,21.90,4.3800,true,1,324913
4005808817405,false,"ג'ל גילוח לעור רגיש ניוואה 200 מ""ל",פרוטרופיק סיה.,PL,גל גילוח ניוואה לעור רגיש 200מל,מיליליטרים,200.00,"100 מ""ל",false,1,16.90,8.4500,true,1,320590
4005808828838,false,"ניוואה - דאודורנט ספריי לגבר קול קיק 150 מ""ל",ניוואה Nivea,DE,דאודורנט ניוואה ספריי קול לגבר 150מל,מיליליטרים,150.00,"100 מ""ל",false,1,15.90,10.6000,true,1,322672
4005808837359,false,"ניוואה - דאודורנט רול און לאישה פרל אנד ביוטי 50 מ""ל",ביירסדורף AG,DE,דאודורנט ניוואה רול און פרל ביוטי לאישה,Unknown,0.00,Unknown,false,1,15.90,0.0000,true,1,322526
4005808850907,false,לבלו הידרו קר בליסטר 5.5מל,ביירסדורף,DE,שפתון לבלו הידרו קר,יחידה,1.00,יחידה,false,1,11.90,11.9000,true,1,324728
4005808890507,false,קרם ניוואה סופט צנצנת 200 מל,ניוואה Nivea,ES,קרם ניוואה סופט 200מל,גרמים,250.00,100 גרם,false,1,29.90,11.9600,true,1,313299
4005823013431,false,יין ריזלינג גוזפהופר,גרמניה רייכסגראף פון,,יין גוזפסהופר ריזלינג שפטלזה 750 מל,מיליליטרים,750.00,"100 מ""ל",false,1,130.00,17.3333,true,1,243793
4005823301439,false,יין ריזלינג שרצהופב,גרמניה רייכסגראף פון,,יין שרצהופברגר ריזלינג 12 קסלשטאט 750 מל,מיליליטרים,750.00,"100 מ""ל",false,1,170.00,22.6667,true,1,243797
4005823521134,false,יין שלוס מינליי ריזל,גרמניה רייכסגראף פון,,יין שלוס מינליי ריזלינג קסלשטאט 750 מל,מיליליטרים,750.00,"100 מ""ל",false,1,70.00,9.3333,true,1,243792
4005823561130,false,יין קאסלר ריזלינג קס,גרמניה רייכסגראף פון,,יין קאסלר ריזלינג קסלשטאט 750 מל,מיליליטרים,750.00,"100 מ""ל",false,1,80.00,10.6667,true,1,243795
4005823571139,false,יין ווילטינגר ריזלינ,גרמניה רייכסגראף פון,,יין ווילטינגר ריזלינג קסלשטאט 750 מל,מיליליטרים,750.00,"100 מ""ל",false,1,80.00,10.6667,true,1,244111
4005900036476,false,"ניוואה - דאודורנט רול און לאישה בלק אנד וויט קליר 50 מ""ל",טרופיקל דגיל תעשיות,DE,דאודורנט ניוואה רול און בלק לאישה 50מל,Unknown,0.00,Unknown,false,1,15.90,0.0000,true,1,313297
4005900036483,false,"ניוואה - דאודורנט ספריי לגבר שקוף בלק וווי 150 מ""ל",בטר אנד דיפרנט,DE,דאודורנט ניוואה ספריי בלק אנד וויט 150מל,מיליליטרים,150.00,"100 מ""ל",false,1,15.90,10.6000,true,1,313287
4005900036506,false,"ניוואה - דאודורנט רול און לגבר שקוף בלק 50 מ""ל",טרופיקל דגיל תעשיות,DE,דאודורנט ניוואה רול און בלק אנד וייט50מל,Unknown,0.00,Unknown,false,1,15.90,0.0000,true,1,313290
4005900036568,false,ניוואה דאודורנט רולאון ספריי לאישה בלק אנד וויט 150 מ''ל,ביירסדורף AG,DE,דאודורנט ניוואה ספריי בלק אנד לאישה150מל,מיליליטרים,150.00,"100 מ""ל",false,1,15.90,10.6000,true,1,313294
4005900037909,false,"ניוואה - דאודורנט ספריי לאישה אינויזיבל פיור 150 מ""ל",ביירסדורץ,DE,דאודורנט ניוואה אינויזיבל פיור אישה150מל,מיליליטרים,150.00,"100 מ""ל",false,1,15.90,10.6000,true,1,322527
4005900111456,false,ניוואה קרם רב שימושי לגבר 75 מל,ביירסדורף,DE,קרם רב שימושי ניוואה לגבר 75 מל,Unknown,0.00,Unknown,false,12,13.90,0.0000,true,1,322673
4005900138842,false,"ניוואה - תחליב רחצה סמוט 750 מ""ל",ניואה,DE,תחליב רחצה ניוואה 750מל סמוד,מיליליטרים,750.00,"100 מ""ל",false,1,15.90,2.1200,true,1,328985
4005900420220,false,"גל רחצה ניוואה פיור אימפקט לגבר 500 מ""ל",ניואה,DE,גל רחצה ניוואה לגבר פיור אימפקט 500מל,מיליליטרים,500.00,"100 מ""ל",false,1,15.90,3.1800,true,1,329701
4005900431776,false,לבלו שפתון וניל בליסטר,ביירסדורף,DE,שפתון לבלו וניל,יחידה,1.00,יחידה,false,1,11.90,11.9000,true,1,324727
4005900485243,false,"ניוואה - דאודורנט רול און לגבר דריי פרש 50 מ""ל",ביירסדורף,DE,דאודורנט ניוואה רול און דריי פרש 50מל,Unknown,0.00,Unknown,false,1,15.90,0.0000,true,1,320587
4005900494924,false,"ניוואה - דאודורנט ספריי לאישה דריי פרש אישה 150 מ""ל",ביירסדורף,DE,דאודורנט ניוואה פרש דריי לאישה 150מל,מיליליטרים,150.00,"100 מ""ל",false,1,15.90,10.6000,true,1,320584
4005900513045,false,"ניוואה - דאודורנט ספריי לגבר דיפ 150 מ""ל",ביירסדורף,DE,דאודורנט ניוואה ספריי לגבר דיפ 150 מל,גרמים,150.00,100 גרם,false,1,15.90,10.6000,true,1,315249
4005900513069,false,"ניוואה - דאודורנט רול און לגבר דיפ 50 מ""ל",ביירסדורף,DE,דאודורנט ניוואה רול און דיפ 50מל,Unknown,0.00,Unknown,false,1,15.90,0.0000,true,1,315250
4005900521262,false,"ג'ל רחצה לגבר פיור אימפקט ניוואה 500 מ""ל",ביירסדורף,DE,גל רחצה ניוואה לגבר דיפ 500מל,מיליליטרים,500.00,"100 מ""ל",false,1,15.90,3.1800,true,1,315247
4005900542557,false,"ניוואה - דאודורנט רול און לאישה בלק אנד וויט 50 מ""ל",ניואה,DE,דאודורנט ניוואה רול און בלק אנד וייט50מל,Unknown,0.00,Unknown,false,1,15.90,0.0000,true,1,327717
4005900547316,false,"ניוואה - דאודורנט ספריי לאישה שקוף בלק וווי 150 מ""ל",בטר אנד דיפרנט,DE,דאודורנט ניוואה ספריי לאישה סילק 150מל,מיליליטרים,150.00,"100 מ""ל",false,1,15.90,10.6000,true,1,324732
4005900555915,false,"ניוואה - תחליב רחצה קוקוס וחוחובה 750 מ""ל",ביירסדורף AG,DE,תחליב רחצה ניוואה 750מל קוקוס,מיליליטרים,750.00,"100 מ""ל",false,1,15.90,2.1200,true,1,326367
4005900648181,false,"ניוואה - תחליב רחצה אלוורה 750 מ""ל",ביירסדורף AG,DE,תחליב רחצה ניוואה 750מל אלוורה,מיליליטרים,750.00,"100 מ""ל",false,1,15.90,2.1200,true,1,328984
4005900683878,false,לבלו סקראב שפתון פילינג אלוורה בליסטר,ביירסדורף,DE,שפתון לבלו אלוורה סקראב,יחידה,1.00,יחידה,false,1,11.90,11.9000,true,1,324725
4005900683908,false,לבלו סקראב שפתון פילינג רוז היפ בליסטר,ביירסדורף,DE,שפתון לבלו ווילד רוז סקראב,יחידה,1.00,יחידה,false,1,11.90,11.9000,true,1,324726
4005900730275,false,"ניוואה דאו ספריי לאשה בלק אנד וויט אימפקט 150 מ""ל",ביירסדורף AG,DE,דאו. ניוואה ספריי בלק אנד וייט אימפקט150,Unknown,0.00,Unknown,false,1,15.90,0.0000,true,1,337144
4005900730299,false,"ניוואה דאו רול און לאשה בלק אנד וויט אימפקט 50 מ""ל",ביירסדורף,DE,דאו. ניוואה רול און בלק אנד וייט אימפקט,Unknown,0.00,Unknown,false,1,15.90,0.0000,true,1,337142
4005900730336,false,"ניוואה דאו רול און לגבר בלק אנד וויט אימפקט 50 מ""ל",ביירסדורף,DE,דאו. ניוואה רול און בלק אנד וייט אימפקט,Unknown,0.00,Unknown,false,1,15.90,0.0000,true,1,337141
4005900816016,false,"ניוואה - דאודורנט ספריי לאישה פרש טבעי לאישה 150 מ""ל",טרופיקל דגיל תעשיות,DE,דאודורנט ניוואה ספריי פרש לאישה150מל,מיליליטרים,150.00,"100 מ""ל",false,1,15.90,10.6000,true,1,313295
4005900816115,false,"ניוואה - דאודורנט רול און לאישה יבש 50 מ""ל",ניוואה Nivea,DE,דאודורנט ניוואה רול און יבש לאישה 50מל,Unknown,0.00,Unknown,false,1,15.90,0.0000,true,1,313280
4005900828088,false,"ניוואה - דאודורנט רול און לגבר פרש 50 מ""ל",טרופיקל דגיל תעשיות,DE,דאודורנט ניוואה רול און פרש לגבר 50מל,Unknown,0.00,Unknown,false,1,15.90,0.0000,true,1,313289
4005900833723,false,"ניוואה - פאוור פרש ג'ל רחצה לגבר 500 מ""ל",HELLAS BEIERSDORF,DE,גל רחצה ניוואה לגבר פאוור ריפרש 500מל,מיליליטרים,500.00,"100 מ""ל",false,1,15.90,3.1800,true,1,329702
4005900841148,false,"ניוואה מן ג'ל גילוח קול קיק פרש 200 מ""ל",ביירסדורף,DE,גל גילוח ניוואה מן קול קיק פרש 200מל,מיליליטרים,200.00,"100 מ""ל",false,1,16.90,8.4500,true,1,329487
4005900845702,false,"ניוואה - דאודורנט רול און לגבר קול קיק פרש 50 מ""ל",ביירסדורף,DE,דאודורנט ניוואה מן רול און קול פרש 50מל,Unknown,0.00,Unknown,false,1,15.90,0.0000,true,1,329263
4005900845733,false,"דאודורנט ספריי קול קיק פרש לגבר ניוואה מן 150 מ""ל",ביירסדורף,DE,דאודורנט ניוואה מן ספריי קול קיק פרש150,מיליליטרים,150.00,"100 מ""ל",false,1,15.90,10.6000,true,1,329262
4005900874931,false,"דאודורנט ספריי דיפ ביט לגבר 150 מ""ל ניוויה",ביירסדורף,DE,דאודורנט ניוואה ספריי דיפ ביט 150 מל,גרמים,150.00,100 גרם,false,1,15.90,10.6000,true,1,336006
4005900874962,false,"ניוואה - דאודורנט רול און לגבר דיפ בלק 50 מ""ל",ביירסדורף AG,DE,דאודורנט ניוואה רול און אקווה קול 50מל,Unknown,0.00,Unknown,false,1,15.90,0.0000,true,1,336007
4005900978950,false,לבלו - דובדבן שפתון לחות מטפח מהדורת נסיכות דיסני,ביירסדורף,DE,שפתון לבלו דיסני דובדבן אריאל,יחידה,1.00,יחידה,false,1,11.90,11.9000,true,1,337646
4005900978967,false,לבלו - וניל שפתון לחות מטפח מהדורת נסיכות דיסני,ביירסדורף,DE,שפתון לבלו דיסני וניל אלזה,יחידה,1.00,יחידה,false,1,11.90,11.9000,true,1,337647
4005900978974,false,לבלו - סופט רוז שפתון לחות מטפח מהדורת נסיכות דיסני,ביירסדורף,DE,שפתון לבלו דיסני סופט רוז יסמין,יחידה,1.00,יחידה,false,1,11.90,11.9000,true,1,337648
4006298004009,false,"בירה טוכר הלס הפוויצן 500 מ""ל",מבשלת טוכר,DE,בירה טוכר הלס הפוויצן 500מל פקדון,מיליליטרים,500.00,"100 מ""ל",false,20,12.90,2.5800,true,1,237446
4006298004108,false,"בירה טוכר דונקל הפוויצן 500 מ""ל",מבשלת טוכר,DE,בירה טוכר דונקל הפוויצן 500מל פקדון,מיליליטרים,500.00,"100 מ""ל",false,20,12.90,2.5800,true,1,237442
4006298014206,false,"בירה טוכר הלס הפוויצן פחית 500 מ""ל",מבשלת טוכר,DE,בירה טוכר חיטה 500מל פקדון,מיליליטרים,500.00,"100 מ""ל",false,24,11.90,2.3800,true,1,315237
4006298207912,false,סבאלדוס הלס הפוויצן,מבשלת טוכר,,בירה סבאלדוס 500מל פקדון,מיליליטרים,500.00,"100 מ""ל",false,1,12.90,2.5800,true,1,329581
4006387084578,false,קנקן בריטה Marella כחול (כולל פילטר MAXTRA+),בריטה Brita,DE,קנקן בריטה מרלה כחול כולל פילטר מקסטרה,Unknown,0.00,Unknown,false,1,139.00,0.0000,true,1,312749
4006387085407,false,שלישיית פילטר מקסטרא סודהסטרים,סודה קלאב,DE,מארז 3יח פילטר מקסטרה פלוס לקנקן בריטה,יחידה,3.00,יחידה,false,1,139.00,46.3333,true,1,312750
4006387097370,false,קנקן סטייל+פילטר מקסטרא סודהסטרים,בריטה,DE,קנקן בריטה סטרטרפק סטייל+פילטר,Unknown,0.00,Unknown,false,1,169.00,0.0000,true,1,320057
4006508122134,false,מליטה נייר פילטר מספר 40 - 4יח,שוורצקוף& הנקל דיסלד,DE,נייר פילטר מס 4 מליטה 40 יח,יחידה,40.00,יחידה,false,1,12.50,0.3125,true,1,301069
4006508123094,false,"מליטה-נייר פילטר לקפה מספר 2, 40 יח",Melitta Kaffee GmbH,DE,נייר פילטר מס 2 מליטה40 יח,יחידה,40.00,יחידה,false,1,11.50,0.2875,true,1,301070
4006542013313,false,יין סטוני קייפ רוזה,,ZA,יין סטוני קייפ רוזה צימרמן 750 מל,מיליליטרים,750.00,"100 מ""ל",false,1,40.00,5.3333,true,1,337828
4006814000751,false,סנטה בודד עם כובע 80 גר,WAWI GROUP,DE,שוקולד סנטה עם קובע 80 גרם,Unknown,0.00,Unknown,false,1,12.90,0.0000,true,1,301007
4006814011061,false,שוקולד סנטה קלאוז בו,WAWI Euro Gmbh,DE,סנטה קלאוז בודד 60 ג,Unknown,0.00,Unknown,false,30,5.00,0.0000,true,1,226886
4006814011108,false,שוקולד סנטה קלאוס בו,WAWI-EURO,DE,מארז סנטה קלאוז בודד 150 ג שקית,גרמים,150.00,100 גרם,false,30,10.90,7.2667,true,1,237320
4006814031304,false,שוקולד אייסקונפקט קר,,,אייסקונפקט קריסמס מוריץ 500 גרם,גרמים,500.00,100 גרם,false,1,25.90,5.1800,true,1,319622
4006814071003,false,שוקולד סנטה שקית 100,WAWI-EURO,,מארז סנטה קלאוז 100 גר ואוי,גרמים,100.00,100 גרם,false,1,10.90,10.9000,true,1,237322
4006814072000,false,שוקולד סנטה שקית 200,WAWI Euro Gmbh,DE,מארז סנטה קלאוז 200 גר ואוי,גרמים,200.00,100 גרם,false,1,17.90,8.9500,true,1,237323
4007519050713,false,שקיות אשפה עם שרוך חזקות במיוחד 35 ליטר,פאלי Pely,DE,שקיות אשפה פלי 25יח לפח 35 ליטר,יחידה,25.00,יחידה,false,16,11.90,0.4760,true,1,296517
4007519050720,false,שקיות אשפה עם שרוך חזקות במיוחד 60 ליטר,פאלי Pely,DE,שקיות אשפה פלי 20יח לפח 60 ליטר,יחידה,20.00,יחידה,false,16,11.90,0.5950,true,1,296518
4007519050744,false,שקיות אשפה עם שרוך חזקות במיוחד 120 ליטר,פאלי Pely,DE,שקיות אשפה פלי 10יח לפח 120 ליטר,יחידה,10.00,יחידה,false,16,11.90,1.1900,true,1,296519
4007519086224,false,פלי שקיות אשפה ריחניות 20 ליטר 22 יח,וו.פלץ,DE,שקיות אשפה ריחניות פלי 22יח לפח 20 ליטר,יחידה,22.00,יחידה,false,19,12.90,0.5864,true,1,296520
4007519086248,false,פלי 20 שקיות אשפה ריחניות 35 ל,וו.פלץ,DE,שקיות אשפה ריחניות פלי 20יח לפח 35 ליטר,יחידה,20.00,יחידה,false,17,12.90,0.6450,true,1,296521
4007519086262,false,פלי שקיות אשפה ריחניות 22 יח 60 ל,וו.פלץ,DE,שקיות אשפה ריחניות פלי 16יח לפח 60 ליטר,יחידה,16.00,יחידה,false,1,12.90,0.8063,true,1,297457
4007745058811,false,חרדל צרפתי חלק אורגני 200 גרם,נטורפוד,DE,חרדל צרפתי חלק אורגני 145 גרם,מיליליטרים,200.00,"100 מ""ל",false,1,13.90,6.9500,true,1,299709
4007745058828,false,חרדל צרפתי גרגרים אורגני 200 גרם,נטורפוד,DE,חרדל צרפתי גרגירים אורגני 145 גרם,מיליליטרים,200.00,"100 מ""ל",false,1,13.90,6.9500,true,1,299710
4007933222628,false,קרקר דלבה כוסמין וצי,,DE,קרקר דלבה כוסמין וציה אורגני גרם,גרמים,200.00,100 גרם,false,1,24.90,12.4500,true,1,322117
4007993032533,false,מאגדת גלידה טובלרון 4 יח 400 גר,,,מאגדת שלגון טובלרון על מקל 4יח,יחידה,4.00,יחידה,false,1,38.90,9.7250,true,1,337547
4008102002867,false,גרגירים להכנת תה לימון מילפורד 400 גרם,ליימן מותגים,DE,משקה גרגירים מילפורד לימון 400 גר,גרמים,400.00,100 גרם,false,1,15.90,3.9750,true,1,218483
4008287051032,false,בירה קרומבאכר פילס 0.50 ליטר פחית,מנדלז סי.אר. פרודקשן,DE,בירה קרומבאכר פילס 500מל פח.פקדון,מיליליטרים,500.00,"100 מ""ל",false,1,10.00,2.0000,true,1,328198
4008287058161,false,בירה קרומבאכר פילס 4.8% שישיה 6 * 330 מל,מנדלז סי.אר. פרודקשן,DE,מארז 6יח בירה קרומבאכר פילס 330מל בק.פקד,מיליליטרים,1980.00,"100 מ""ל",false,1,34.90,1.7626,true,1,328194
4008287762020,false,בירה קרומבאכר חיטה 0.50 ליטר בקבוק,קרומבכר בראורי,DE,בירה קרומבאכר חיטה 500מל בק.פקדון,מיליליטרים,500.00,"100 מ""ל",false,1,11.90,2.3800,true,1,309609
4008287905786,false,בירה קרומבאכר חיטה 5.3% פחית 500 מל,מנדלז סי.אר. פרודקשן,DE,בירה קרומבאכר חיטה 500מל פח.פקדון,מיליליטרים,500.00,"100 מ""ל",false,1,10.00,2.0000,true,1,328197
4008400102528,false,פררו-מון שרי פרליני דובדבן ליקר 157 גר,פררו,DE,פררו מון שרי פרלין דובדבן בליקר 157 גרם,גרמים,157.00,100 גרם,false,14,34.90,22.2293,true,1,338276
4008400203829,false,שוקולד קינדר סנטה 15,פררו,IT,שוקולד קינדר סנטה 150 גרם,גרמים,150.00,100 גרם,false,14,19.90,13.2667,true,1,338273
4008400208220,false,חטיפי שוקולד חלב קינ,פררו,PL,שוקולחד קינדר הפי 102 גרם,גרמים,102.00,100 גרם,false,1,9.90,9.7059,true,1,320609
4008400230726,false,ביצת שוקולד הפתעה קינדר ענקית 100ג' בנים,קינדר Kinder,IT,ביצת הפתעה קינדר מקסי 100 גרה,גרמים,100.00,100 גרם,false,1,19.90,19.9000,true,1,301066
4008400290423,false,עוגות קינדר מצ.שוקו30*4ג,פררו טורקיה צ'\יקולטה וו,TR,מארז4יח עוגת ספוג קינדר פינגווין 30גר,גרמים,120.00,100 גרם,false,1,13.90,11.5833,true,1,328208
4008400351926,false,פררו חנותה מיני 200 גרם,פררו,DE,וופל חנוטה מיני 200 גרם,גרמים,200.00,100 גרם,false,12,25.90,12.9500,true,1,335487
4008400511825,false,שוקולד קינדר בצורת סנטה קלאוס 110 גרם,פררו,IT,שוקולד קינדר סנטה 110 גרם,גרמים,110.00,100 גרם,false,14,22.90,20.8182,true,1,338275
4008514155328,false,יין פינו נואר לואיס,,,יין פינו נואר לואיס גונטרום 2010 750מל פ,מיליליטרים,750.00,"100 מ""ל",false,1,100.00,13.3333,true,1,237932
4008514770125,false,יין ריזלינג ברוט לוא,,,יין ריזלינג ברוט לואיס גונטרום 2006 750מ,מיליליטרים,750.00,"100 מ""ל",false,1,160.00,21.3333,true,1,237901
4009175182661,false,"פרוש מרכך כביסה אלוורה 750 מ""ל",ארדל רקס,,מרכך כביסה אקולוגי 750 מל אלוורה פרוש,מיליליטרים,750.00,"100 מ""ל",false,1,19.90,2.6533,true,1,337055
4009211007378,false,ראקסים -אבקת קקאו פיליפ-טופ 20% שומן 120 גרם,,DE,קקאו ראקסים פליפ טופ 20% שומן 125 גרם,גרמים,125.00,100 גרם,false,12,8.90,7.1200,true,1,327853
4009211013423,false,מרציפן קרסטנס גולמי,,IT,מרציפן קרסטנס גולמי 400 גרם,גרמים,400.00,100 גרם,false,12,35.90,8.9750,true,1,338467
4009211113017,false,ראקסים אבקת קקאו 20% שומן 125 גרם,,DE,קקאו ראקסים 20% שומן 125 גרם,גרמים,125.00,100 גרם,false,12,8.90,7.1200,true,1,327852
4009300522935,false,תה ירוק פומפדור לימונית ולואיזה 20 יחידות,"איטיליאן פוד, אס.פי.",DE,תה פומפדור ירוק לימונית ולואיזה 20 יח,יחידה,20.00,יחידה,false,1,17.90,0.8950,true,1,225336
4009300522966,false,תה ירוק עם נענע פומפדור 20 יחידות,"איטיליאן פוד, אס.פי.",DE,תה פומפדור ירוק נענע 20 יח,יחידה,20.00,יחידה,false,1,17.90,0.8950,true,1,225337
4009300524588,false,חליטת צמחים פומפדור פירות יער 20 יחידות,פומפדור Pompadour,DE,תה פומפדור חליטת פירות יער 20 יח,יחידה,20.00,יחידה,false,10,14.90,0.7450,true,1,226642
4009300524625,false,תה צ'אי מסאלה פומפדור 20 יחידות,פומפדור Pompadour,DE,תה פומפדור צאי מסאלה 20 יח,יחידה,20.00,יחידה,false,1,14.90,0.7450,true,1,226643
4009300525011,false,פומפידור תה ירוק עם תפוז וג'ינגר 25 שקיקים,"איטיליאן פוד, אס.פי.",DE,תה פומפדור ירוק תפוז גינגר 20 יח,יחידה,20.00,יחידה,false,1,17.90,0.8950,true,1,230415
4009300525684,false,חליטת צמחים פומפדור ג'ינג'ר ולימון 20 יחידות,פומפדור Pompadour,DE,תה פומפדור לימון גינגר 20 יח,יחידה,20.00,יחידה,false,10,14.90,0.7450,true,1,233199
4009300526438,false,תה ירוק פומפדור קלאסי 20 יחידות,"איטיליאן פוד, אס.פי.",DE,תה פומפדור ירוק קלאסי 20 יח,יחידה,20.00,יחידה,false,1,17.90,0.8950,true,1,242883
4009300527909,false,חליטת צמחים ג'ינג'ר כורכום ללא קפאין,פומפדור Pompadour,DE,תה פומפדור גינגר כורכום 20 יח,יחידה,20.00,יחידה,false,1,14.90,0.7450,true,1,310923
4009300528821,false,תה ירוק ג'ינג'ר קינמון פומפדור 30 ג',פומפדור Pompadour,DE,תה פומפדור ירוק גינגר קינמון 20 יח,יחידה,20.00,יחידה,false,1,17.90,0.8950,true,1,317614
4009300528845,false,תה ירוק פומפדור לימונית ודבש 20 יחידות,פומפדור Pompadour,DE,תה פומפדור ירוק לימונית דבש 20 יח,יחידה,20.00,יחידה,false,1,17.90,0.8950,true,1,317613
4009300529514,false,תה חליטת פומפדור פירות אוכמניות 20 יח,TEEKANNE- POMPADOU,DE,תה פומפדור חליטת פירות אוכמניות 20 יח,יחידה,20.00,יחידה,false,10,14.90,0.7450,true,1,336109
4009300529538,false,תה חליטת פומפדור פירות לימון 20 יח,TEEKANNE- POMPADOU,DE,תה פומפדור חליטת פירות לימון 20 יח,יחידה,20.00,יחידה,false,10,14.90,0.7450,true,1,336107
4009300529552,false,תה חליטת פומפדור פירות אפרסק 20 יח,TEEKANNE- POMPADOU,DE,תה פומפדור חליטת פירות אפרסק 20 יח,יחידה,20.00,יחידה,false,10,14.90,0.7450,true,1,336108
4009300529576,false,תה חליטת פומפדור פירות רימונים 20 יח,TEEKANNE- POMPADOU,DE,תה פומפדור רימונים 20 יח,יחידה,20.00,יחידה,false,10,14.90,0.7450,true,1,329456
4009300529613,false,"חליטת צמחים אורגנית עם קמומיל, מליסה ויערת דבש","איטיליאן פוד, אס.פי.",DE,תה פומפדור קאלם אנד רילקס 20 שק אורגני,יחידה,20.00,יחידה,false,12,17.90,0.8950,true,1,327490
4009300529699,false,"חליטת צמחים אורגנית עם מאטה, נענע וגרידת לימון","איטיליאן פוד, אס.פי.",DE,תה פומפדור סטארט יור דיי 20 שק אורגני,יחידה,20.00,יחידה,false,12,17.90,0.8950,true,1,327489
4009300530107,false,חליטה קרה בטעמי תות שדה ותפוז פומפדור 45 ג',טיקנה,DE,חליטת פומפדור קרה טעם תות ותפוז 18 יח,יחידה,18.00,יחידה,false,1,14.90,0.8278,true,1,328021
4009300530145,false,חליטה קרה בטעמי מוחיטו ופירות יער פומפדור 45 ג',טיקנה,DE,חליטת פומפדור קרה טעם פירות יער מו 18 יח,יחידה,18.00,יחידה,false,1,14.90,0.8278,true,1,328022
4009300595120,false,חליטת צמחים פומפדור ג'ינג'ר מנגו 20 יחידות,TEEKANNE- POMPADOU,DE,תה פומפדור גינגר מנגו 20 יח,יחידה,20.00,יחידה,false,1,14.90,0.7450,true,1,323417
4009309022399,false,כרוב כבוש אורגני 670 גרם,נטורפוד,DE,כרוב כבוש אורגני נטורפוד 700גרם,מיליליטרים,700.00,"100 מ""ל",false,12,15.90,2.2714,true,1,299715
4009309114346,false,מלפפונים אורגניים בחומץ ללא סוכר – נטורפוד,נטורפוד,DE,מלפפון בחומץ אורגני נטורפוד 670גרם,מיליליטרים,670.00,"100 מ""ל",false,12,20.00,2.9851,true,1,299714
4009309114407,false,מלפפונים אורגניים בחומץ 670 גר,נטורפוד,DE,מלפפון כבוש אורגני נטורפוד 670גרם,מיליליטרים,670.00,"100 מ""ל",false,12,20.00,2.9851,true,1,299713
4009309456453,false,שימורי סלק אדום אורגני נטורפוד 670 גר,נטורפוד,DE,סלק אדום אורגני נטורפוד 670גרם,מיליליטרים,670.00,"100 מ""ל",false,12,15.00,2.2388,true,1,299712
4009309740422,false,רסק תפוחים אורגני – נטורפוד 700 גרם,נטורפוד,DE,רסק תפוחים 700 גרם,גרמים,700.00,100 גרם,false,6,17.90,2.5571,true,1,318234
4009309742426,false,רסק תפוחים ומנגו אורגני ללא תוספת סוכר,נטורפוד,DE,רסק תפוח מנגו אורגני 700 גר,גרמים,700.00,100 גרם,false,12,17.90,2.5571,true,1,318235
4009900013581,false,מסטיק אורביט ספרמינט סטיקס משפחתי-חמישיות,ריגלי צרפת,FR,מארז5יח אורביט סטיקס ספירמינט 65 גר,Unknown,0.00,Unknown,false,1,10.00,0.0000,true,1,239040
4009900379564,false,מסטיק הובה בובה Hubba Bubba טייפ בטעם פירות,מרס ריגלי קונפקשונרי,GB,מסטיק הובה בובה טייפ פירות 56 גר,Unknown,0.00,Unknown,false,1,6.90,0.0000,true,1,222792
4009900402965,false,אורביט וויט בטעם פירות בקבוקון 46מלבניות,ריגלי פולין,PL,מסטיק אורביט וויט טעם פירות 64 גר,Unknown,0.00,Unknown,false,1,10.00,0.0000,true,1,233750
4009900403023,false,אורביט וויט בטעם מנטה בקבוקון 46 מלבניות,"ב.א מזון בע""מ",PL,מסטיק אורביט וויט טעם מנטה 64 גר,Unknown,0.00,Unknown,false,1,10.00,0.0000,true,1,233749
4009900406918,false,מסטיק הובה בובה טייפ טריפל מיקס 56ג',מרס ריגלי קונפקשונרי,GB,מסטיק הובה בובה טייפ טריפל מיקס 56 גר,Unknown,0.00,Unknown,false,1,6.90,0.0000,true,1,223901
4009900412056,false,אורביט בקבוקון תפוח מהדורת חורף 46 מלבני,General,PL,מסטיק אורביט וויט טעם תפוח 64 גר,Unknown,0.00,Unknown,false,12,10.00,0.0000,true,1,324836
4009900420129,false,מסטיק אורביט פרופשנל פפרמינט בקבוקון 64 גר',מרס נדרלנד,PL,מסטיק אורביט פרופשונל ספירמינט,Unknown,0.00,Unknown,false,1,10.00,0.0000,true,1,323039
4009900426039,false,מסטיק מנטה אקליפטוס בקבוקון איירווייבס 64 גרם,איירוויבס Airwaves,PL,מסטיק איירוויבז מנטה דאבל,Unknown,0.00,Unknown,false,1,10.00,0.0000,true,1,323041
4009900455299,false,"סוכרית ג'לי אדומה 174 גרם ""סקיטלס""",ריגלי ממתקים,CZ,סוכריות סקיטלס פירות 174 גר,גרמים,174.00,100 גרם,false,1,8.90,5.1149,true,1,323037
4009900465304,false,סוכריות סקיטלס פירות חמוצים 174 גרם,ריגלי ממתקים,CZ,סוכריות סקיטלס חמוצים 174 גר,גרמים,174.00,100 גרם,false,1,8.90,5.1149,true,1,243991
4009900479998,false,אורביט וויט אוכמניות בקבוקון 46 מלבניות,ריגלי פולין,PL,מסטיק אורביט אוכמניות 64 גר,Unknown,0.00,Unknown,false,1,10.00,0.0000,true,1,243401
4009900482417,false,מסטיק אורביט פירות מנטה בקבוקון באבל מינט 45יח,ריגלי פולין,PL,מסטיק אורביט וויט באבל מינט 64 גר,Unknown,0.00,Unknown,false,1,10.00,0.0000,true,1,235818
4009900483803,false,מסטיק איירובס מנטה אקליפטוס בקבוקון 60יח',איירוויבס Airwaves,PL,מסטיק אורביט מנטה אקליפטוס 60 יח,Unknown,0.00,Unknown,false,1,13.90,0.0000,true,1,323066
4009900484060,false,מסטיק אורביט פרופשיונל בטעם מנטה ללא סוכר,ריגלי פולין,PL,אורביט פרופשיונל פפרימנט60יח 84 גר,Unknown,0.00,Unknown,false,1,13.90,0.0000,true,1,236974
4009900484305,false,מסטיק אורביט פרופשיונל סוויטמינט ביגי לבן 60יח',אורביט Orbit,GB,אורביט פרופשיונל סוויטמינט 60יח 84 גר,Unknown,0.00,Unknown,false,1,13.90,0.0000,true,1,323055
4009900491044,false,מסטיק איירובס אוכמניות בקבוקון 60יח',איירוויבס Airwaves,PL,מסטיק אורביט אירוובס אוכמניות 60 יח,Unknown,0.00,Unknown,false,1,13.90,0.0000,true,1,323067
4009900496247,false,"מסטיק אורביט לל""ס מלבניות בקבוק בבלימנט 60 יח",אורביט Orbit,PL,מסטיק אורביט בבלמינט 60 יח,Unknown,0.00,Unknown,false,1,13.90,0.0000,true,1,323064
4009900500166,false,סוכריות פירות אדום סקיטלס בקבוקון 125ג',ריגלי ממתקים,CZ,סוכריות סקיטלס 125 גר,גרמים,125.00,100 גרם,false,1,8.90,7.1200,true,1,323070
4009900504218,false,אורביט וויט בטעם תפוז בקבוקון 46 מלבניות,חברת ריגלי בעמ,PL,מסטיק אורביט תפוז בקבוקון 64 גר,Unknown,0.00,Unknown,false,1,10.00,0.0000,true,1,294607
4009900509770,false,אורביט באריזת בקבוק בטעם תות 60 יח',אורביט Orbit,GB,אורביט תות בקבוק 60 יח,Unknown,0.00,Unknown,false,1,13.90,0.0000,true,1,323065
4009900525138,false,"וויט גומי לעיסה בטעם תות ללא סוכר, 64 ג' אורפיט",ריגלי,PL,מסטיק אורביט וויט תות 64 גר,Unknown,0.00,Unknown,false,1,10.00,0.0000,true,1,323058
4009900531122,false,"מסטיק בטעם מנטה ספירמינט, 64 ג' פרופשיונל אורפיט",מרס נדרלנד,PL,מסטיק אורביט פרופשונל ספירמינט,Unknown,0.00,Unknown,false,1,10.00,0.0000,true,1,323059
4009900532327,false,סוכריות סקיטלס סמודיס בטעמי יוגורט ופירות,ריגלי ממתקים,CZ,סוכריות סקיטלס סמוד 38 גר,Unknown,0.00,Unknown,false,1,3.00,0.0000,true,1,323073
4009900534918,false,סקיטלס גאיינט פירות 141 גרם,ריגלי,CZ,סוכריות סקיטלס ענקיות פירות 141 גר,גרמים,141.00,100 גרם,false,1,8.90,6.3121,true,1,328024
4009900535519,false,מסטיק אורביט רפרשרס ספירמינט ללא סוכר 15.6גר',אורביט,PL,מסטיק אורביט רפרשרס ספירמינט אישי,Unknown,0.00,Unknown,false,16,3.90,0.0000,true,1,326550
4009900535540,false,מסטיק אורביט רפרשרס פפרמינט ללא סוכר 15.6גר',אורביט,PL,מסטיק אורביט רפרשרס פפירמינט אישי,Unknown,0.00,Unknown,false,16,3.90,0.0000,true,1,326551
4009900535823,false,מסטיק אורביט רפרשרס באבלמינט ללא סוכר 15.6גר',אורביט,PL,מסטיק אורביט רפרשרס באבלמינט אישי,Unknown,0.00,Unknown,false,16,3.90,0.0000,true,1,326552
4009900536257,false,מסטיק אורביט רפרשרס ספירמינט בקבוקון ללא סוכר 67 גר',מרס ריגלי קונפקשונרי,PL,מסטיק אורביט רפרשרס ספירמנט בקבוקון 67 ג,Unknown,0.00,Unknown,false,6,11.90,0.0000,true,1,326547
4009900536288,false,מסטיק אורביט רפרשרס פפרמינט בקבוקון ללא סוכר 67 גר',מרס ריגלי קונפקשונרי,PL,מסטיק אורביט רפרשרס פפירמנט בקבוקון 67 ג,Unknown,0.00,Unknown,false,6,11.90,0.0000,true,1,326548
4009900536486,false,מסטיק אורביט רפרשרס באבלמינט בקבוקון ללא סוכר 67 גר',מרס ריגלי קונפקשונרי,PL,מסטיק אורביט רפרשרס באבלמינט בקבוקון67 ג,Unknown,0.00,Unknown,false,6,11.90,0.0000,true,1,326549
4009900539340,false,סוכריות סקיטלס ג'יינט סאוור 141 גרם,מרס ריגלי קונפקשונרי,CZ,סוכריות סקיטלס ענקיות חמוצות 141 גר,גרמים,141.00,100 גרם,false,1,8.90,6.3121,true,1,333551
4009900539401,false,מסטיק פייב באונס בטעם מנטה HP,Unknown,PL,מסטיק פייב באונס מנטה 14.4 גרם,Unknown,0.00,Unknown,false,16,3.90,0.0000,true,1,335121
4009900539432,false,מסטיק פייב באונס בטעם אבטיח HP,Unknown,PL,מסטיק פייב באונס אבטיח 14.4 גרם,Unknown,0.00,Unknown,false,16,3.90,0.0000,true,1,335122
4009900539685,false,"מסטיק פייב באונס בטעם מנטה בקבוקון, 61.8 גרם",ריגלי בעמ רוסיה,PL,מסטיק פייב באונס מנטה בקבוקון 61.8 גרם,Unknown,0.00,Unknown,false,6,11.90,0.0000,true,1,335119
4009900539746,false,"מסטיק פייב באונס בטעם אבטיח בקבוקון, 61.8 גרם",ריגלי בעמ רוסיה,PL,מסטיק פייב באונס אבטיח בקבוקון 61.8 גרם,Unknown,0.00,Unknown,false,6,11.90,0.0000,true,1,335120
4009900540551,false,מסטיק אורביט רפרשרס טרופיקל בקבוקון ללא סוכר,מרס פולין,PL,מסטיק אורביט רפרשרס טרופיקל 67 ג,Unknown,0.00,Unknown,false,6,11.90,0.0000,true,1,334170
4010492057006,false,אתנה קיטן עוף לחתולים,אתנה Athena,DE,מעדן סופר פרימיום עוף אתנה 100גר,גרמים,100.00,100 גרם,false,32,4.90,4.9000,true,1,313959
4011800523916,false,חטיף קורני אוט קקאו,Schwartauer,,חטיף קורני אוט קקאו 4 יח 140 גרם,גרמים,140.00,100 גרם,false,1,11.90,8.5000,true,1,320098
4011800528416,false,קורני חטיף דגנים עם בוטנים מתוק-מלוח*6,שוורטאוור וורקה,DE,חטיף קורני ביס מתוק מלוח 6 יח 150 גרם,גרמים,150.00,100 גרם,false,1,11.90,7.9333,true,1,320097
4011800567613,false,מאגדת קורני מילק דרק & ואיט 120 גרם,מיוצר עי קונדיטוריית,DE,חטיף קורני שוקוו וניל 4 יח 120 גר,גרמים,120.00,100 גרם,false,1,11.90,9.9167,true,1,241798
4011800568610,false,מארז רביעיית קורני בטעם קלאסי,שוורטאוור וורקה,DE,חטיף קורני סנדוויץ קרם חלב4יח 120ג,גרמים,120.00,100 גרם,false,1,11.90,9.9167,true,1,241797
4011800577810,false,מאגדת קורני פרי נוגט 6*20 גרם,Schwartauer,DE,חטיף קורני פרי נוגט 6 יח 150 גר,גרמים,150.00,100 גרם,false,10,11.90,7.9333,true,1,332629
4011800588212,false,מאגדת קורני אנרגי קפ,שוורטאוור וורקה,DE,חטיף קורני אנרגי קפה 4 יח 100 גרם,גרמים,100.00,100 גרם,false,12,17.90,17.9000,true,1,328492
4011800628512,false,חטיף קורני שוקולד חלב 6 יח 150 גר,מיוצר עי קונדיטוריית,DE,חטיף קורני שוקולד חלב 6 יח 150 גר,גרמים,150.00,100 גרם,false,1,11.90,7.9333,true,1,239991
4011800629519,false,"מארז חטיפי דגנים אגוזים ""קורני""",שוורטאוור וורקה,DE,חטיף קורני עם אגוזים 6 יח 150 גר,גרמים,150.00,100 גרם,false,1,11.90,7.9333,true,1,239995
4011800630515,false,חטיף קורני שוקולד חלב ובננה 6 יח 150 גר,מיוצר עי קונדיטוריית,DE,חטיף קורני שוק.חלב בננה 6 יח 150 גר,גרמים,150.00,100 גרם,false,1,11.90,7.9333,true,1,239992
4011800632519,false,"מארז חטיפי שוקולד חלב וקוקוס ""קורני""",מיוצר עי קונדיטוריית,DE,חטיף קורני קוקוס שוק.חלב 6 יח 150 גר,גרמים,150.00,100 גרם,false,1,11.90,7.9333,true,1,239994
4011800633516,false,קורני שוקולד מריר מעולה 58% קקאו 6*1,שוורטאוור וורקה,DE,חטיף קורני שוקולד מריר 6 יח 138גר,גרמים,138.00,100 גרם,false,1,11.90,8.6232,true,1,239993
4011800635510,false,חטיף קורני Corny Free עם אגוזי לוז ללא תוספת סוכר,קורני Corny,DE,חטיף קורני פרי אגוז שקד6 יח 120ג,גרמים,120.00,100 גרם,false,1,11.90,9.9167,true,1,239999
4011800636517,false,קורני פרי שוקולד חלב מעולה ללא סוכר 6*1,מיוצר עי קונדיטוריית,DE,חטיף קורני פרי שוקולד חלב6 יח 120ג,גרמים,120.00,100 גרם,false,1,11.90,9.9167,true,1,239997
4011800637514,false,חטיף קורני Corny Free עם שוקולד לבן ללא תוספת סוכר,קורני Corny,DE,חטיף קורני פרי שוקולד לבן 6יח 120ג,גרמים,120.00,100 גרם,false,1,11.90,9.9167,true,1,239998
4012273123009,false,נטרוגינה קרם ידיים 50 מל הסדרה הנורבגית,גונסון אנד גונסון,FR,קרם ידיים ניוטרוגינה נורבגית 50מל,Unknown,0.00,Unknown,false,1,25.90,0.0000,true,1,326406
4013044100007,false,ליקרס-אבקת אפיה אורגנית 84 גרם,ליקרס,DE,אבקת אפיה אורגנית 84 גר ליקרס,יחידה,1.00,יחידה,false,12,7.90,7.9000,true,1,319236
4013044100052,false,ליקרס מייצב לקציפות אורגני 32 גרם,תות תעשיות מזון (201,DE,מייצב לקציפות אורגני 32 גר,יחידה,1.00,יחידה,false,15,5.90,5.9000,true,1,319238
4013044100182,false,ליקרס מקריש צמחי טבעי אורגני 30,ליקרס,DE,מקריש צמחי טבעי אורגני 30 גר ליקרס,יחידה,1.00,יחידה,false,15,18.90,18.9000,true,1,319239
4013092000717,false,"באד אפל - ליקר תפוחים 41% 700 מ""ל",,,ליקר תפוחים באד אפפל 700 מל פיקדון,מיליליטרים,700.00,"100 מ""ל",false,1,99.90,14.2714,true,1,227460
4013227013391,false,משקה כהלי קרם אוטום כשר,קרם אוטום Autumn cream,NL,ליקר אוטום קרים 700 מל פקדון,מיליליטרים,700.00,"100 מ""ל",false,1,50.00,7.1429,true,1,235212
4013227013414,false,פינה קולדה Surfers pina colada,קוימנס רויאל,NL,ליקר פינה קולדה 70 750 מל פיקדון,מיליליטרים,750.00,"100 מ""ל",false,1,45.00,6.0000,true,1,235211
4013231000158,false,יין אורבן ריזלינג 75,ניק וויס,,יין אורבן ריזלינג 750 מל,מיליליטרים,750.00,"100 מ""ל",false,1,60.00,8.0000,true,1,302208
4013231000165,false,יין אורבנס הוף ריזלי,ניק וויס,,יין אורבנס הוף ריזלינג טרוקן 750 מל,מיליליטרים,750.00,"100 מ""ל",false,1,100.00,13.3333,true,1,302209
4014086024245,false,בירה גרלסבורג חיטה מעוננת לא מסוננת 500,קוניגסבכר,DE,בירה חיטה גרלסבורג 500 מל בפחית (צהוב),מיליליטרים,500.00,"100 מ""ל",false,24,7.90,1.5800,true,1,245037
4014388000213,false,"פחית בירה רדברגר 500 מ""ל","איי, בי, אינבוו",DE,בירה רדברגר 500 מל 4.8% פקדון פחית,מיליליטרים,500.00,"100 מ""ל",false,1,8.90,1.7800,true,1,316812
4014400900217,false,בונבונריית מרסי מבחר ממתקי שוקולד 400 גרם,קריניציה ויטמינה אס,DE,בונבוניירה מרסי 400 גרם,גרמים,400.00,100 גרם,false,1,42.90,10.7250,true,1,220373
4014400901191,false,בונבונריית מרסי מבחר ממתקי שוקולד 250 גרם,ליימן מותגים,DE,בונבוניירה מרסי 250 גרם,גרמים,250.00,100 גרם,false,1,22.90,9.1600,true,1,219127
4014400901405,false,בונבוניירה שוקולד מרסי חלב 250 ג',קריניציה ויטמינה אס,DE,בונבוניירה מרסי חלב 250 גרם,גרמים,250.00,100 גרם,false,1,22.90,9.1600,true,1,222744
4014400901412,false,בונבוניירה שוקולד מריר מרסי 250 גרם,תות ממתקי איכות,DE,בונבוניירה מרסי מריר 250 גרם,גרמים,250.00,100 גרם,false,1,22.90,9.1600,true,1,222745
4014400901788,false,"סוכריות חמאה ורטר 1 ק""ג",שטורק,DE,סוכריות וורטר 1 קג בשקית,גרמים,135.00,100 גרם,false,6,29.90,22.1481,true,1,338337
4014400903409,false,בונבוניירה שוקולד אגוזים טופיפי 250 גרם,קריניציה ויטמינה אס,DE,בונבוניירה טופיפי 250 גרם,גרמים,250.00,100 גרם,false,1,22.90,9.1600,true,1,218500
4014400904277,false,סוכריות בטעם מנטה אייס פרש סטורק 425 גרם,תות ממתקי איכות,DE,סוכריות אייס פרש 425 ג שקית,גרמים,425.00,100 גרם,false,1,15.90,3.7412,true,1,220664
4014400904307,false,סוכריות בטעם פירות קליפורניה סטורק 425 גרם,קריניציה ויטמינה אס,DE,סוכריות קליפורניה 425 ג שקית,גרמים,425.00,100 גרם,false,1,15.90,3.7412,true,1,219574
4014400904376,false,סוכריות טופי בטעם שוקולד סטורק 325 גרם,קריניציה ויטמינה אס,DE,סוכריות שוקולדן 325 ג שקית,גרמים,325.00,100 גרם,false,1,15.90,4.8923,true,1,218501
4014400904390,false,סוכריות טופי ממולא חלב סטורק 325 גרם,קריניציה ויטמינה אס,DE,סוכריות וולמיש 325 ג שקית,גרמים,325.00,100 גרם,false,1,15.90,4.8923,true,1,218502
4014400907902,false,"וורטרס אורגינל סוכריות חמאה ללא סוכר בקופסה
42 גרם",תות ממתקי איכות,DE,סוכ.וורטר ללא סוכר 42 גר בקופסא,Unknown,0.00,Unknown,false,1,6.90,0.0000,true,1,228121
4014400909692,false,וורטרס אורגינל סוכריות חמאה ללא סוכר בטעם קפוצי'ינו בקופסה 42 גרם,קריניציה ויטמינה אס,DE,סוכ.וורטר קפה ללא סוכר 42 גר בקופסא,Unknown,0.00,Unknown,false,1,6.90,0.0000,true,1,231531
4014400910063,false,סוכריות חמאה וורטרס אורגינל 135 גרם,וורטר'ס אורגינל,DE,סוכריות וורטר 135 גר בשקית,גרמים,135.00,100 גרם,false,1,9.90,7.3333,true,1,228174
4014400913910,false,וורטרס אורגינל סוכריות חמאה ממולאות קרם קרמל בשקית,תות ממתקי איכות,DE,סוכריות וורטר מילוי קרמל 125גר שקית,גרמים,125.00,100 גרם,false,1,9.90,7.9200,true,1,241903
4014400914245,false,טבלת מרסי שוקולד חלב מעולה 100 גרם,שטורק,DE,שוקולד מרסי חלב מעולה 100 גרם,גרמים,100.00,100 גרם,false,15,10.90,10.9000,true,1,298152
4014400914252,false,טבלת שוקולד חלב ממולא אגוזים מרסי 100 ג',שטורק,DE,שוקולד מרסי עם אגוזים 100 גרם,גרמים,100.00,100 גרם,false,15,10.90,10.9000,true,1,298156
4014400914269,false,מרסי שוקולד חלב עם קפה ושוקול לבן 100 גר,שטורק,DE,שוקולד מרסי קרם קפה 100 גרם,גרמים,100.00,100 גרם,false,15,10.90,10.9000,true,1,328384
4014400914276,false,טבלת מרסי שוקולד מריר מעולה 100 גרם,שטורק,DE,שוקולד מרסי 72% מריר 100 גרם,גרמים,100.00,100 גרם,false,15,10.90,10.9000,true,1,298153
4014400914696,false,וורטרס אורגינל סוכריות ללא סוכר 80 גרם,ליימן מותגים,DE,סוכריות וורטר ללא סוכר 80גר בשקית,גרמים,80.00,100 גרם,false,1,9.90,12.3750,true,1,228824
4014400914924,false,"סוכריות בטעם קפה וורטר אורגינל לל""ס 80 גרם",קריניציה ויטמינה אס,DE,סוכריות וורטר קפה ללא סוכר 80גר בשקית,גרמים,80.00,100 גרם,false,1,9.90,12.3750,true,1,228800
4014400916744,false,טבלת שוקולד מריר ממולא מרציפן מרסי 100 ג',שטורק,DE,שוקולד מרסי ממולא מרציפן 100 גרם,גרמים,112.00,100 גרם,false,15,10.90,9.7321,true,1,298155
4014400920857,false,וורטר אורגינל ללא סוכר בטעם שוקולד-שקית 70 גרם,קריניציה ויטמינה אס,DE,סוכריות וורטר שוקולד ל.סוכר70גר,Unknown,0.00,Unknown,false,1,9.90,0.0000,true,1,246193
4014400923711,false,בונבוניירה שוקולד אגוזים טופיפי 125 גרם,ליימן מותגים,DE,בונבוניירה טופיפי 125 גרם,גרמים,125.00,100 גרם,false,1,14.00,11.2000,true,1,302833
4014400925265,false,טבלת שוקולד תפוז ושקד מרסי 100 ג',שטורק,DE,שוקולד מרסי תפוז שקד 100 גרם,גרמים,100.00,100 גרם,false,15,10.90,10.9000,true,1,332498
4014400925319,false,וורטרס אורגינל פופקורן קרמל 140 גרם,וורטרס Werther's,DE,פופקורן וורטר עם קרמל 140 גרם,גרמים,140.00,100 גרם,false,12,15.90,11.3571,true,1,323453
4014400929010,false,וופל מיני קנופרס 200 גר 10 גר*20 יחידות,אוגוסט שטורק,DE,וופל מימי קנופרס אישי 200 גרם 20 יח,גרמים,200.00,100 גרם,false,12,19.90,9.9500,true,1,335263
4014400931327,false,וורטר פופקורן קרמל עם תערובת גרעינים 140 גרם,וורטרס Werther's,DE,פופקורן וורטר עם קרמל וגרעינים 140 גרם,גרמים,140.00,100 גרם,false,12,15.90,11.3571,true,1,334462
4014522120104,false,"בודטה סוכריות פירות מולטיויטמין לל""ס 100 גרם",,DE,סוכריות טעם פירות ללא סוכר בודטה 100גר,גרמים,100.00,100 גרם,false,18,8.90,8.9000,true,1,320019
4014522120203,false,בודטה סוכריות בטעם דובדבן ללא סוכר 100 גרם,,DE,סוכריות טעם דובדבן ללא סוכר בודטה 100גר,גרמים,100.00,100 גרם,false,18,8.90,8.9000,true,1,320020
4014522120302,false,בודטה סוכריות בטעם מנטה ללא סוכר 100 גרם,,DE,סוכריות טעם מנטה ללא סוכר בודטה 100גר,גרמים,100.00,100 גרם,false,18,8.90,8.9000,true,1,320021
4014522180108,false,בודטה-סוכריות אורגני צמחים בטעם ג'ינגר 75ג,,DE,סוכריות טעם גנגר אורגני בודטה 75גר,גרמים,75.00,100 גרם,false,12,8.90,11.8667,true,1,320023
4014522180306,false,בודטה-סוכריות אורגני מנטול אקליפטוס 75ג',,DE,סוכריות טעם אקליפטוס אטרגני בודטה 75גר,גרמים,75.00,100 גרם,false,12,8.90,11.8667,true,1,320022
4014600397640,false,רגולדס וולמינט פוקט ל.סוכר מנטה עדין,רגולדס ג'י.אמ.בי.איי,DE,סוכריות וולמיט מנטה ל.ס 20 גר,Unknown,0.00,Unknown,false,1,7.90,0.0000,true,1,309029
4014964117663,false,בירה קוסטריצה מיני חבית 5 ליטר,קוסטריצר,,בירה קוסטריצר 5 ליטר חבית,ליטרים,5.00,ליטר,false,1,110.00,22.0000,true,1,300622
4015000031394,false,"ספטיל - משחה להסרת כתמים 200 מ""ל",קריות זול,HU,ספטיל שפורפרת להסרת כתמים,Unknown,0.00,Unknown,false,1,15.90,0.0000,true,1,218503
4015000280211,false,"פה - דאודורנט רול און לאישה קאריביין לימון 50 מ""ל",שוורצקוף& הנקל דיסלד,DE,פה דאודורנט רולאון קריביאן למון 50 מל לא,מיליליטרים,50.00,"100 מ""ל",false,6,11.90,23.8000,true,1,218504
4015000280372,false,"דאודורנט רול און בניחוח לימון פה 50 מ""ל",שוורצקופף והנקל,DE,פה דאודורנט רולאון ספורט 50 מל לגבר,מיליליטרים,50.00,"100 מ""ל",false,6,11.90,23.8000,true,1,218505
4015000537049,false,"גליס מרכך ומשקם לשיער אקספרס שוורצקוף 200 מ""ל",שוורצקוף,SI,מרכך גליס אקספרס שיקום עמוק 200 מל,מיליליטרים,200.00,"100 מ""ל",false,6,24.90,12.4500,true,1,225495
4015000615884,false,"פה - דאודורנט ספריי לאישה קריביין לימון 200 מ""ל",שוורצקופף והנקל,DE,פה דאודורנט ספריי קריביאן למון 200 מל לא,מיליליטרים,200.00,"100 מ""ל",false,12,11.90,5.9500,true,1,218506
4015000615921,false,"פה - דאודורנט ספריי לגבר ספורט 200 מ""ל",שוורצקופף והנקל,TR,פה דאודורנט ספריי ספורט 200 מל לגבר,מיליליטרים,200.00,"100 מ""ל",false,12,11.90,5.9500,true,1,218508
4015000940948,false,מרכך גליס Gliss שיקום נזק קיצוני אולטימט ריפייר,שוורצקוף Schwarzkopf,DE,מרכך שיער גליס אולטימטיבי 400 מל,מיליליטרים,400.00,"100 מ""ל",false,1,16.90,4.2250,true,1,230017
4015000940955,false,שמפו גליס Gliss שיקום נזק קיצוני אולטימט ריפייר,שוורצקופף והנקל,DE,גליס שמפו אולטימיט ריפייר 400 מל,מיליליטרים,400.00,"100 מ""ל",false,12,16.90,4.2250,true,1,230016
4015000976268,false,שמפו גליס Gliss למראה שיער מבריק Million Gloss,"הובי קוסמטיק, חברת ייצור",TR,גליס שמפו מיליון גלוס 400 מל,מיליליטרים,400.00,"100 מ""ל",false,12,16.90,4.2250,true,1,294971
4015000976275,false,מרכך גליס Gliss למראה שיער מבריק Million Gloss,שוורצקופף והנקל,TR,גליס מרכך מיליון גלוס 400 מל,מיליליטרים,400.00,"100 מ""ל",false,6,16.90,4.2250,true,1,243192
4015000996204,false,"גליס שמפו אולטימט שמן אלקסייר 400 מ""ל",שוורצקופף והנקל,DE,גליס שמפו שמן אליקסייר 400 מל,מיליליטרים,400.00,"100 מ""ל",false,12,16.90,4.2250,true,1,235188
4015000996273,false,"גליס מרכך אולטימטיב שמן אלקסייר 400 מ""ל","הובי קוסמטיק, חברת ייצור",TR,מרכך גליס אולטימט שמן אליקסר 400 מל,מיליליטרים,400.00,"100 מ""ל",false,1,16.90,4.2250,true,1,235189
4015000997430,false,פה דאודורנט ספריי אינויזיבל פאוור 200 מל,שוורצקופף והנקל,TR,דאו פה ספריי ספורט ללא סימן 200 מל,מיליליטרים,200.00,"100 מ""ל",false,12,11.90,5.9500,true,1,235182
4015100190762,false,"גליס - מסכה שיקום שמן אלקסיר 300 מ""ל",שוורצקופף והנקל,SK,מסכת שיער גליס 300מל שיקום שמן אלקסיר,מיליליטרים,300.00,"100 מ""ל",false,1,24.90,8.3000,true,1,308402
4015100190786,false,גליס מסכת סרום לשיקום עמוק עם קרטין,שוורצקופף והנקל,SK,מסכת שיער גליס 300מל סרום שיקום עמוק,מיליליטרים,300.00,"100 מ""ל",false,1,24.90,8.3000,true,1,308403
4015100190793,false,גליס מסכה לשיער יבש ופגום במיוחד Ultimate Repair,שוורצקופף והנקל,SK,מסכת שיער גליס 300מל שיקום אולטימטיבי,מיליליטרים,300.00,"100 מ""ל",false,1,24.90,8.3000,true,1,308401
4015100297928,false,גליס ביו-טק קונדישינר משקם אקספרס 200 מל,"הובי קוסמטיק, אנקרה, תור",SK,מרכך גליס אקספרס משקם ביוטק 200 מל,מיליליטרים,200.00,"100 מ""ל",false,1,24.90,12.4500,true,1,320758
4015100298000,false,גליס מסכה ביו-טק 2ב-1 300 מל,שוורצקופף והנקל,TR,מסכת שיער גליס 300מל ביוטק,מיליליטרים,300.00,"100 מ""ל",false,1,24.90,8.3000,true,1,320761
4015100325294,false,פלטה דלוקס קיט 4-65 חום מהפנט,שוורצקופף & הנקל דיסלדור,DE,צבע לשיער פאלטה דה לוקס קיט חום זוהר,יחידה,1.00,יחידה,false,1,29.90,29.9000,true,1,326964
4015100325324,false,פאלטה דלוקס קיט 6-0 בלונד כהה,שוורצקופף & הנקל דיסלדור,DE,צבע לשיער פאלטה דה לוקס קיט בלונד כהה,יחידה,1.00,יחידה,false,1,29.90,29.9000,true,1,326965
4015100438055,false,פאלטה - דלוקס קיט בלונד בינוני 7-0,שוורצקופף & הנקל דיסלדור,DE,צבע לשיער פאלטה דה לוקס קיט בלונד בינוני,יחידה,1.00,יחידה,false,1,29.90,29.9000,true,1,326968
4015100438154,false,פאלטה - דלוקס קיט בלונד טיטניום 12-2,שוורצקופף & הנקל דיסלדור,DE,צבע לשיער פאלטה דה לוקס קיט בלונד כסוף,יחידה,1.00,יחידה,false,1,29.90,29.9000,true,1,326972
4015100438239,false,פאלטה - דלוקס קיט חום בהיר זהוב 5-5,שוורצקופף & הנקל דיסלדור,DE,צבע לשיער פאלטה דה לוקס קיט קרמל,יחידה,1.00,יחידה,false,1,29.90,29.9000,true,1,326967
4015100438314,false,פלטה דלוקס קיט 12-2 בלונד טיטניום,שוורצקופף & הנקל דיסלדור,DE,צבע לשיער פאלטה דה לוקס קיט בלונד טיטניו,יחידה,1.00,יחידה,false,1,29.90,29.9000,true,1,326971
4015100709889,false,צבע לשער פאלטה דלוקס שחור בורדו קיט,הנקל סוד,DE,צבע לשיער פאלטה דה לוקס קיט שחור בורדו,יחידה,1.00,יחידה,false,1,29.90,29.9000,true,1,336861
4015100709964,false,צבע לשער פאלטה דלוקס בלונד אולטרה טיטניום,הנקל סוד,DE,צבע לשיער פאלטה דה לוקס קיט בלונד טיטניו,יחידה,1.00,יחידה,false,1,29.90,29.9000,true,1,336862
4015100710021,false,צבע לשער פאלטה דלוקס חום בהיר קר 5-1 קיט,הנקל סוד,DE,צבע לשיער פאלטה דה לוקס קיט חום בהיר קר,יחידה,1.00,יחידה,false,1,29.90,29.9000,true,1,336863
4015400564034,false,מגן תחתון אולוויז מגה פק לונג פלוס 58 יחידות,פרוקטר אנד גמבל,DE,מגן תחתון אולדייז מגה פק לונג פלוס 58 יח,יחידה,58.00,יחידה,false,1,17.90,0.3086,true,1,234736
4015400564454,false,מגני תחתון אולוויז לארג' עם ניחוח מגה פק,פרוקטר אנד גמבל,DE,מגן תחתון אולדייז מגה פק לארג 68 יח,יחידה,68.00,יחידה,false,1,17.90,0.2632,true,1,234735
4015400681670,false,תחבושות אולוויז וליו פק לילה בטוח 18 יחידות,פרוקטר אנד גמבל,UA,תחבושות אולוויז לילה בטוח 18 יח,יחידה,18.00,יחידה,false,1,17.90,0.9944,true,1,295471
4015400690313,false,טמפונים פרל רגולר טמפקס קומפאק 18 יח,פרוקטר אנד גמבל,HU,טמפון טמפקס פרל רגולר 18 יח,יחידה,18.00,יחידה,false,8,25.90,1.4389,true,1,301643
4015400731719,false,תחבושות היגייניות אולוויז יום ולילה Day & Night,פרוקטר אנד גמבל,UA,תחבושות אולוויז לילה דואו 20 יח,יחידה,20.00,יחידה,false,1,17.90,0.8950,true,1,299937
4015400746812,false,מגני תחתון אולוויז נורמל עם ניחוח מגה פק,פרוקטר אנד גמבל,UA,מגן תחתון אולדייז מגה פק נורמל 80 יח,יחידה,80.00,יחידה,false,1,17.90,0.2237,true,1,300551
4015400755241,false,תחבושות היגייניות אולוויז אולטרה נורמל - 28 יח',פרוקטר אנד גמבל,UA,תחבושות אולוויז נורמל פלוס דואו 28 יח,יחידה,28.00,יחידה,false,1,17.90,0.6393,true,1,299938
4015400755487,false,תחבושות היגייניות אולוויז אולטרה לונג - 24 יח',פרוקטר אנד גמבל,DE,תחבושות אולוויז לונג פלוס דואו 24 יח,יחידה,24.00,יחידה,false,1,17.90,0.7458,true,1,299939
4015400824701,false,טמפונים עם מוליך רגולר טמפקס 30 יחידות,פרוקטר אנד גמבל,HU,טמפקס רגולר 30 יחידות,יחידה,30.00,יחידה,false,1,34.90,1.1633,true,1,218509
4015400824725,false,טמפונים סופר עם מוליך טמפקס 30 יחידות,פרוקטר אנד גמבל,HU,טמפקס סופר 30 יחידות,יחידה,30.00,יחידה,false,1,34.90,1.1633,true,1,218510
4015400990482,false,"אבקת כביסה אריאל קולור 3 ק""ג",פרוקטר אנד גמבל,TR,אב.כביסה אריאל קולור 3 קג,קילוגרמים,3.00,"ק""ג",false,1,39.90,13.3000,true,1,297977
4015600762742,false,שמפו יומיומי למניעת קשקשים הנוסחה הקלאסית,פרוקטר אנד גמבל,RO,שמפו הד אנד שולדרס קלאסי 500 מל,מיליליטרים,500.00,"100 מ""ל",false,1,24.90,4.9800,true,1,236681
4015600762780,false,שמפו וקונדישינר יומיומי למניעת קשקשים הנוסחה הקלאסית 2in1,פרוקטר אנד גמבל,RO,שמפו הד אנד שולדרס 2ב1 קלאסי 500 מל,מיליליטרים,500.00,"100 מ""ל",false,1,24.90,4.9800,true,1,236682
4015600762902,false,"שמפו האד אנד שולדרס מנטול 500 מ""ל",פרוקטר אנד גמבל,RO,שמפו הד אנד שולדרס מנטול 500מל,מיליליטרים,500.00,"100 מ""ל",false,1,24.90,4.9800,true,1,237695
4015600762940,false,שמפו יומיומי למניעת קשקשים בניחוח תפוח,פרוקטר אנד גמבל,RO,שמפו הד אנד שולדרס תפוח 500מל,מיליליטרים,500.00,"100 מ""ל",false,1,24.90,4.9800,true,1,237550
4015600763022,false,שמפו יומיומי למניעת קשקשים לשיער יבש/פגום לשיער רך כמשי,פרוקטר אנד גמבל,RO,שמפו הד אנד שולדרס מגע משי 500מל,מיליליטרים,500.00,"100 מ""ל",false,1,24.90,4.9800,true,1,239377
4015600766900,false,"שמפו ומרכ ך נגד קשקשים 500 מ""ל הד אנד שולדרס",פרוקטר אנד גמבל,RO,שמפו הד אנד שולדרס 2ב1 ממנטול 500 מל,מיליליטרים,500.00,"100 מ""ל",false,1,24.90,4.9800,true,1,244368
4015600807436,false,"ג'ילט - דאודורנט ג'ל לגבר כדוריות קול וויב 75 מ""ל",פרוקטר אנד גמבל,GB,דאודורנט גילט פאוור בידס 75מל קול וואייב,Unknown,0.00,Unknown,false,1,27.90,0.0000,true,1,317707
4015600807573,false,"ג'ילט - דאודורנט ג'ל לגבר כדוריות פאוור ראש 75 מ""ל",פרוקטר אנד גמבל,GB,דאודורנט גילט פאוור בידס 75מל פאור ראש,Unknown,0.00,Unknown,false,1,27.90,0.0000,true,1,317708
4016462241109,false,יין אסטייט וייסבורגו,גרמניה דר' בורקלין-ו,,יין אסטייט וייסבורגונדר בורקלין וולף 750,מיליליטרים,750.00,"100 מ""ל",false,1,80.00,10.6667,true,1,243798
4016462373107,false,יין וואכנהיים ריזלינ,גרמניה דר' בורקלין-ו,,יין וואכנהיים ריזלינג ברוקלין וולף 750 מ,מיליליטרים,750.00,"100 מ""ל",false,1,85.00,11.3333,true,1,243800
4017100160110,false,בלזן גלילי וופל במילוי קרם בטעם שוקולד 75 גר',בלזן פולסקה,DE,גלילי ופל מיניס קרם שוקולד 75 גר,Unknown,0.00,Unknown,false,1,8.90,0.0000,true,1,320611
4017100160417,false,בלזן גלילי וופל במילוי קרם בטעם וניל 75 גר',בלזן פולסקה,DE,גלילי ופל מיניס קרם וניליה 75 גר,Unknown,0.00,Unknown,false,1,8.90,0.0000,true,1,320612
4017100210105,false,וופל מגולגל מצופה שוקולד מריר בלזן 100 גרם,הדקלאים אגודת שיתופי,DE,גלילי וופלטן שוקולד מריר 75 גרם,Unknown,0.00,Unknown,false,1,10.90,0.0000,true,1,246461
4017100216800,false,בלזן וופל מיניס מצופה שוקולד חלב 100 גרם,ליימן שליסל,DE,גלילי ופל מיניס שוקולד חלב 100 גר,גרמים,100.00,100 גרם,false,1,8.90,8.9000,true,1,239689
4017100219900,false,בלזן וופלטן וופל מגולגל מצופה שוקולד חלב 100 גרם,הדקלאים אגודת שיתופי,DE,גלילי וופלטן שוקולד חלב 100 גר,גרמים,100.00,100 גרם,false,1,10.90,10.9000,true,1,218514
4017100280207,false,חטיף שוקולד חלב וביס,,,מארז 3 יח בלזן פיק אפ 84 גרם,Unknown,0.00,Unknown,false,1,6.90,0.0000,true,1,332527
4017100290008,false,בלזן בסקויט חמאה מצופה שוקולד חלב 125 גרם,הדקלאים אגודת שיתופי,DE,ביסקויט ליבניץ שוקולד חלב 125 גר,גרמים,125.00,100 גרם,false,1,10.90,8.7200,true,1,218515
4017100290503,false,ביסקוויט מצופה שוקולד בטעם תפוז בלזן 125 גרם,בלזן פולסקה,,ביסקויט בלזן שוקולד חלב תפוז 125 גר,גרמים,125.00,100 גרם,false,1,10.90,8.7200,true,1,335014
4017100291005,false,בלזן לייבניז בסקויט חמאה מצופה שוקולד מריר 125 גרם,הדקלאים אגודת שיתופי,DE,עוגיות ליבניץ שוקולד מריר 125 גר,גרמים,125.00,100 גרם,false,1,10.90,8.7200,true,1,238050
4017100364112,false,בלזן היט בסקוויט סנדביץ עם מלית קרם בטעם שוקולד קקאו (41%) 220 גרם,הדקלאים אגודת שיתופי,PL,ביסקויט היט סנדוויץ קקאו 220 גר,גרמים,220.00,100 גרם,false,1,7.90,3.5909,true,1,245298
4017100366239,false,עוגיות ביסקוויט סנדוויץ ממולא קרם בטעם שוקולד,ליימן שליסל,PL,ביסקויט בלזן קרם שוקו 190 גר,גרמים,190.00,100 גרם,false,1,10.90,5.7368,true,1,318662
4018344564610,false,פילה הרינג ברוטב עגבניות לארסן 200 גרם,,LV,פילה הרינג לארסן רוטב עגבניות 200 גרם,גרמים,200.00,100 גרם,false,8,9.90,4.9500,true,1,336458
4018344564627,false,פילה הרינג ברוטב פלפל לארסן 200 גרם,,LV,פילה הרינג לארסן רוטב פלפל 200 גרם,גרמים,200.00,100 גרם,false,8,9.90,4.9500,true,1,336459
4018344564634,false,פילה הרינג ברוטב פלפל ומנגו לארסן 200 גר,,LV,פילה הרינג לארסן רוטב מנגו פלפל 200 גרם,גרמים,200.00,100 גרם,false,8,9.90,4.9500,true,1,336460
4018344564641,false,פילה הרינג ברוטב חרדל ושמיר לארסן 200 גר,,LV,פילה הרינג לארסן רוטב חרדל שמיר 200 גרם,גרמים,200.00,100 גרם,false,8,9.90,4.9500,true,1,336461
4018344564665,false,פילה הרינג ברוטב באלקני לארסן 200 גר,,LV,פילה הרינג לארסן רוטב בלקאני 200 גרם,גרמים,200.00,100 גרם,false,8,9.90,4.9500,true,1,336462
4018344564672,false,פילה הרינג ברוטב מקסיקני לארסן 200 גר,ס.י.א קרבלה,LV,פילה הרינג לארסן רוטב מקסיקני 200 גרם,גרמים,200.00,100 גרם,false,8,9.90,4.9500,true,1,336463
4018344564689,false,פילה הרינג ברוטב איטלקי לארסן 200 גר,ס.י.א קרבלה,LV,פילה הרינג לארסן רוטב איטלקי 200 גרם,גרמים,200.00,100 גרם,false,8,9.90,4.9500,true,1,336464
4018722100133,false,אטריות כוסמין וביצים אורגניות 250 גרם,אלב גולד,DE,אלב גולד אטריות כוסמין וביצים אורגני 250,גרמים,250.00,100 גרם,false,12,15.90,6.3600,true,1,318225
4018722100157,false,פסטה פוזילי מקמח כוסמין מלא אורגני,האחים פלם הגפן,DE,אלב גולד פוזילי כוסמין מלא 250 גר,גרמים,250.00,100 גרם,false,12,11.90,4.7600,true,1,318231
4018722100188,false,אטריות רחבות כוסמין וביצים אורגניות,אלב גולד,DE,אלב גולד אטריות כוסמין וביצים אורגני 250,גרמים,250.00,100 גרם,false,12,15.90,6.3600,true,1,318226
4018722102632,false,ספגטי כוסמין מלא אורגני 500 גרם,אלב גולד,DE,אלב גולד ספגטי כוסמין מלא אורגני 500 גר,גרמים,500.00,100 גרם,false,10,16.90,3.3800,true,1,318227
4018722102656,false,ספגטי כוסמין אורגני 500 גרם,אלב גולד,DE,אלב גולד ספגטי כוסמין אורגני 500 גר,גרמים,500.00,100 גרם,false,10,16.90,3.3800,true,1,318228
4018722303459,false,אלב גולד - מקרוני כוסמין אורגני,אלב גולד,DE,אלב גולד מקרוני כוסמין אורגני 250 גר,גרמים,250.00,100 גרם,false,12,11.90,4.7600,true,1,318229
4020400890038,false,סוכריות ללא סוכר בטעם מנטה עם תמציות צמחים,ויויל VIVIL,DE,סוכריות ויויל ללס מנטה 60 גר,Unknown,0.00,Unknown,false,12,13.90,0.0000,true,1,335594
4022025000137,false,יין בלו נאן גוורצטרמינר 750 מל,,,יין בלו נאן גוורצטרמינר,מיליליטרים,750.00,"100 מ""ל",false,1,45.00,6.0000,true,1,228316
4022025000236,false,יין בלו נאן אותנטיק,בלו נאן,,יין בלו נאן אותנטיק 1 ליטר,ליטרים,1.00,ליטר,false,1,45.00,45.0000,true,1,296761
4022025250006,false,יין בלו נאן אותנטיק,bluenun,,יין בלו נאן אותנטיק 750 מל,מיליליטרים,750.00,"100 מ""ל",false,1,40.00,5.3333,true,1,219741
4022025262009,false,יין בלו נאן גוורצטרמ,לנגוט טראבן,,יין בלו נאן לבן כשר 750 מל,מיליליטרים,750.00,"100 מ""ל",false,1,60.00,8.0000,true,1,303053
4022025371039,false,יין מבעבע בלו נאן חצ,בלו נאן,,יין בלו נאן בלו לבן מבעבע 750 מל,מיליליטרים,750.00,"100 מ""ל",false,1,60.00,8.0000,true,1,296781
4022025372036,false,"בלו נאן מבעבע יבש מהדורת הזהב 750 מ""ל",,,יין בלו נאן מבעבע יבש 750 מל פקדון,מיליליטרים,750.00,"100 מ""ל",false,1,60.00,8.0000,true,1,224168
4022025379035,false,"בלו נאן רוזה מבעבע 750 מ""ל",בלו נאן,,יין בלו נאן רוזה מבעבע 750 מל,מיליליטרים,750.00,"100 מ""ל",false,1,60.00,8.0000,true,1,324835
4022025390030,false,יין בלו נאן ריזלינג 750 מל,לנגוט,,יין בלו נאן ריזלינג 750 מל,מיליליטרים,750.00,"100 מ""ל",false,1,45.00,6.0000,true,1,298449
4022025397404,false,בלו נאן ריזלינג איסו,,,בלו נאן ריזלינג איסווין יין מוגז 750מל,מיליליטרים,750.00,"100 מ""ל",false,1,150.00,20.0000,true,1,227370
4022025773000,false,יין בלו נאן מוסקטו כ,בלו נאן,DE,יין בלו נאן מוסקטו כשר 750 מל,מיליליטרים,750.00,"100 מ""ל",false,1,45.00,6.0000,true,1,337554
4022214161137,false,יין ריזלינג דר לוסן,,,יין ריזלינג דר לוסן די אר אל 750 מל,מיליליטרים,750.00,"100 מ""ל",false,12,60.00,8.0000,true,1,326999
4022391195611,false,יין מרקוס מוליטור הא,,,יין מרקוס מוליטור האוס קלוסטרברג 750 מל,מיליליטרים,750.00,"100 מ""ל",false,1,80.00,10.6667,true,1,329621
4022391198315,false,יין מרקוס מוליטור הא,,,יין מרקוס מוליטור האוס פינו בלאן 750 מל,מיליליטרים,750.00,"100 מ""ל",false,1,80.00,10.6667,true,1,319574
4023800012109,false,מרציפן שלוקוורד מצופ,,DE,מרציפן שלוקוורד מצופה 100 גרם,גרמים,100.00,100 גרם,false,20,7.90,7.9000,true,1,327102
4023800231647,false,בונבוניירה מוצארט 200 גרם Mozartkugeln,,DE,בונבוניירה מוצרט קוגל 200 גר,גרמים,200.00,100 גרם,false,1,19.90,9.9500,true,1,318686
4023800531648,false,בונבוניירה מוצרט 200 גר CARSTENS,Erasmi & Carstens Gm,DE,בונבוניירה מוצרט קוגל קארסטנז 200 גרם,גרמים,200.00,100 גרם,false,1,15.90,7.9500,true,1,337031
4023800592120,false,מרציפן שלוקוורד מצופ,,DE,מרציפן שלוקוורד מצופה עם אננס 125 גרם,גרמים,125.00,100 גרם,false,20,8.90,7.1200,true,1,337376
4023800792124,false,מרציפן שלוקוורד מצופ,,DE,מרציפן שלוקוורד מצופה עם אגוז 125 גרם,גרמים,125.00,100 גרם,false,20,8.90,7.1200,true,1,337377
4025700001962,false,מילקה טבלת שוקולד לבן 100 גרם,פי אר ג'יי אס סי מונ,UA,שוקולד מילקה לבן 100 גרם,גרמים,100.00,100 גרם,false,1,6.90,6.9000,true,1,321926
4028208000284,false,נייר פילטר מספר 4 - BRIGITTA ובו 80 יחידות,Melitta Kaffee GmbH,DE,נייר פילטר מס 4 ברגיטה 80 יח,יחידה,80.00,יחידה,false,1,14.50,0.1813,true,1,223860
4028491407029,false,ביסקויט דובונים פיצפ,,PL,ביסקויט דובונים פיצפוצי שוקולד 130גרם,גרמים,130.00,100 גרם,false,16,6.90,5.3077,true,1,328606
4028491409542,false,שטולן קלאסיק בצלופן,QUICK BURY,,עוגת שטולן קלאסיק 750 גר קויק בורי,גרמים,750.00,100 גרם,false,1,34.00,4.5333,true,1,243614
4028491409566,false,מרציפן שטולן בצלופן,QUICK BURY,,עוגת שטולן מרציפן 750 גר קויק בורי,גרמים,750.00,100 גרם,false,1,34.00,4.5333,true,1,243617
4028491409672,false,עוגת שטולן מרציפן דו,QUICK BURY,,עוגת שטולן מרציפן דובדבן ושקדים 750 גרם,גרמים,750.00,100 גרם,false,1,32.90,4.3867,true,1,325299
4028491409696,false,עוגת שטולן מרציפן עם,QUICK BURY,,עוגת שטולן צימוקים קליפות הדר 750 גרם,גרמים,750.00,100 גרם,false,1,32.90,4.3867,true,1,332432
4030300022057,false,וויקס סוכריות עם שמן ואוקליפ ללא סוכר,,,סוכריות וויקס עם שמן אקליפטוס ללס 72 גר,Unknown,0.00,Unknown,false,20,10.90,0.0000,true,1,333462
4030300022064,false,וויקס סוכריות עם דובדבן ואוקליפ ללא סוכר,,,סוכריות וויקס עם דובדבן ללס 72 גר,Unknown,0.00,Unknown,false,20,10.90,0.0000,true,1,333461
4030300022088,false,וויקס סוכריות לימון ומנטה ללא סוכר,,,סוכריות וויקס לימון ומנטה ללס 72 גר,Unknown,0.00,Unknown,false,20,10.90,0.0000,true,1,333463
4030300022811,false,סוכריות סאלוס ליקריץ,,,סוכריות סאלוס ליקריץ דובדבן 135 גרם,גרמים,135.00,100 גרם,false,15,9.90,7.3333,true,1,334989
4037400001036,false,קטיאס ליקריץ חתולים 200 גרם,,DE,לקריץ קטיאס חתולים 200 גרם,גרמים,200.00,100 גרם,false,12,9.90,4.9500,true,1,337475
4037400002033,false,קטיאס ליקריץ כפתורים 200 גרם,,DE,לקריץ קטיאס כובעים 200 גרם,גרמים,200.00,100 גרם,false,12,9.90,4.9500,true,1,337474
4037400344164,false,קטיאס פארטי פרד 175 גרם,,DE,לקריץ קטיאס פארטי פרד 175 גרם,גרמים,175.00,100 גרם,false,12,9.90,5.6571,true,1,337477
4037400431703,false,קטיאס וונדרלנד ריינבואו 200 גרם,,DE,לקריץ קטיאס וונדר לנד כחול 200 גרם,גרמים,200.00,100 גרם,false,12,9.90,4.9500,true,1,328430
4037400433042,false,קטיאס גומי וונדרלנד ורוד 200 גרם,,DE,לקריץ קטיאס וונדר לנד ורוד 200 גרם,גרמים,200.00,100 גרם,false,12,9.90,4.9500,true,1,328431
4037400433127,false,קטיאס וונדרלנד אקסטרה 175 גרם,,DE,לקריץ קטיאס וונדר לנד ויטמין 175 גרם,גרמים,175.00,100 גרם,false,12,9.90,5.6571,true,1,328485
4037458000012,false,"בירה שלנקרלה מארצן מעושנת 500 מ""ל",מבשלת שלנקרלה,,בירה שלנקרלה מארצן מעושנת 500מל פקדון,מיליליטרים,500.00,"100 מ""ל",false,1,16.90,3.3800,true,1,301570
4037458000128,false,בירה שלנקרלה אורבוק,מבשלת שלנקרלה,,בירה שלנקרלה אורבוק 500מל פקדון,מיליליטרים,500.00,"100 מ""ל",false,1,16.90,3.3800,true,1,301573
4037719066009,false,סוכריות בצנצנת שי 996 גרם,,,סוכריות בטעם פירות 966גר בצנצנת,גרמים,966.00,100 גרם,false,1,36.90,3.8199,true,1,228529
4037719066962,false,קבנדיש סוכריות בפחית בטעם מנגו קיווי,שוקוטרייד,DE,סוכריות טעם מנגו קיווי בפחית 200 גר,גרמים,200.00,100 גרם,false,1,10.90,5.4500,true,1,323675
4037719068157,false,סוכריות טעם אפרסק פט,,,סוכריות טעם אפרסק פטל אדום פחית 200 גר,גרמים,200.00,100 גרם,false,1,10.90,5.4500,true,1,325968
4037719068508,false,סוכריות בפחית במילוי,,,סוכריות במילוי תות ולימון בפחית200 גר,גרמים,200.00,100 גרם,false,1,10.90,5.4500,true,1,338438
4037719068515,false,סוכריות בפחית במילוי,,,סוכריות במילוי אוכמניות תפוח בפחית200 גר,גרמים,200.00,100 גרם,false,1,10.90,5.4500,true,1,338437
4037719068522,false,סוכריות בפחית במילוי,,,סוכריות במילוי דובדבן ליים בפחית 200 גר,גרמים,200.00,100 גרם,false,1,10.90,5.4500,true,1,338436
4037719657290,false,סוכריות בצנצנת פירות 300ג',קוונדיש,DE,סוכריות פירות בצנצנת 300 גר,גרמים,300.00,100 גרם,false,1,19.90,6.6333,true,1,228369
4037719680212,false,קבנדיש סוכריות בפחית בטעם תות,(EITAN (CHOCOTRADE,DE,סוכריות טעם תות שדה בפחית 200 גר,גרמים,200.00,100 גרם,false,1,10.90,5.4500,true,1,232598
4044889000054,false,ויואני-שוקולד אורגני מריר 85% 100 גר,אקופינה,DE,שוקולד ויואני 85% מריר אורגני 100 גרם,גרמים,100.00,100 גרם,false,1,16.90,16.9000,true,1,308159
4044889000610,false,ויואני שוקולד אורגני מריר 70% 100 גרם,המאפיה של הרמן,DE,שוקולד ויואני 70% אקוודור אורגני 100 גרם,גרמים,100.00,100 גרם,false,1,16.90,16.9000,true,1,308157
4044889001006,false,ויואני שוקולד אורגני מריר 71% 100 גרם,אקופינה,IL,שוקולד ויואני 71% מריר אורגני 100 גרם,גרמים,100.00,100 גרם,false,1,16.90,16.9000,true,1,308161
4044889002225,false,ויואני-שוקולד לבישול 70% אורגני 200 גר,,DE,ויואני שוקולד לאפיה 70% אורגני 200 גר,גרמים,200.00,100 גרם,false,10,19.90,9.9500,true,1,314208
4044889002249,false,ויואני שוקולד אורגני מריר 92% 80 גרם,אקופינה,DE,שוקולד ויואני 92% מריר אורגני 80 גרם,Unknown,0.00,Unknown,false,1,16.90,0.0000,true,1,308160
4044889002904,false,ויואני-שוקולד מריר אורגני 99% 80 גרם,אקופינה,DE,שוקולד ויואני 99% מריר אורגני 80 גרם,Unknown,0.00,Unknown,false,1,16.90,0.0000,true,1,308158
4044889003192,false,ויואני שוק.מריר אגוזים שלמים אורגני 100,,DE,שוקולד ויואני מריר אגוזים אורגני 100 גר,גרמים,100.00,100 גרם,false,1,16.90,16.9000,true,1,319005
4044889003208,false,שוקולד ויואני מריר 7,,,שוקולד ויואני מריר 70% עם שקדים 100 גרם,גרמים,100.00,100 גרם,false,1,16.90,16.9000,true,1,319006
4044889004106,false,ויואני-שוקולד אורגני מריר 100% 100 גר,,,שוקולד ויואני 100% מריר אורגני 100 גרם,גרמים,80.00,100 גרם,false,1,16.90,21.1250,true,1,322668
4044889004335,false,ויואני-שוקולד אורגני מריר 62% 80 גר,,,שוקולד ויואני 62% מריר אורגני קרמל 100גר,גרמים,100.00,100 גרם,false,1,16.90,16.9000,true,1,333182
4044889004342,false,ויואני-שוקולד אורגני מריר 75% 80 גר,,,שוקולד ויואני 75% מריר אורגני מלח 80 גר,גרמים,80.00,100 גרם,false,1,16.90,21.1250,true,1,333184
4046719114306,false,שפורפרת דבק 3M רב שימושי 30 מל,3m,FR,דבק רב שימושי בשפופרת 30 מל,יחידה,1.00,יחידה,false,1,16.90,16.9000,true,1,296599
4046719603237,false,ספוגיות מתכת סקוטש ברייט אל חלד 2 יח,3m,CN,ספוגיות מתכת סקוטש ברייט אל חלד 2יח,יחידה,2.00,יחידה,false,24,8.90,4.4500,true,1,319929
4046719603268,false,ספוגיות מתכת סקוטש ב,3m,CN,ספוגיות מתכת סקוטש ברייט אל חלד 2+1יח,יחידה,3.00,יחידה,false,12,7.90,2.6333,true,1,319930
4049366003115,false,יין גוורצטרמינר קווה,צרפת גראן שה דה פראנ,,יין גוורצטרמינר קווה קיווי 750 מל,מיליליטרים,750.00,"100 מ""ל",false,1,40.00,5.3333,true,1,320825
4052197000017,false,"בירה בנדיקטינר חיטה לא מסוננת 500 מ""ל",בנדיקטינר וויצבראו,DE,בירה בנדיקטינר 500מל פקדון בקבוק,מיליליטרים,500.00,"100 מ""ל",false,1,12.90,2.5800,true,1,300601
4052197000390,false,בירה 5 ליטר CAN- MINI K. BENEDIKTINER,בנדקטינר,DE,בירה בנדקטינר חבית 5 ליטר,ליטרים,5.00,ליטר,false,1,99.00,19.8000,true,1,300603
4052197000925,false,"בירה בנדקטינר כהה בקבוק 500 מ""ל",בנדיקטינר וויצבראו,DE,בירה בנדקטינר כהה דונקל 500מל פקדון בקבו,מיליליטרים,500.00,"100 מ""ל",false,1,12.90,2.5800,true,1,300606
4052197001281,false,בירה בנדיקטינר 500 מל פחית,בנדיקטינר וויצבראו,DE,בירה בנדקטינר 500 מל פקדון פחית,מיליליטרים,500.00,"100 מ""ל",false,24,10.00,2.0000,true,1,300607
4052197001366,false,"בירה בנדקטינר ללא אלכוהול 500 מ""ל",בנדקטינר,DE,בירה בנדקטינר 500מל ללא אלכוהול פקדון ב,מיליליטרים,500.00,"100 מ""ל",false,24,10.00,2.0000,true,1,300608
4052197002806,false,"מארז בירה בנדיקטינר 4*500 מ""ל פחית",בנדיקטינר וויצבראו,DE,מארז 4יח בירה בנדקטינר 500 מל פקדון פחית,ליטרים,2.00,ליטר,false,1,34.30,17.1500,true,1,303115
4052197004459,false,בירה בנדקטינר דונקל 500 פחית,בנדקטינר,DE,בירה בנדקטינר דונקל 500 מל פקדון פחית,מיליליטרים,500.00,"100 מ""ל",false,1,10.00,2.0000,true,1,328169
4052197005272,false,"בירה בנדיקטינר לאגר 500 מ""ל פחית",בנדקטינר,,בירה בנדקטינר לאגר 500 מל פקדון פחית,מיליליטרים,500.00,"100 מ""ל",false,1,10.00,2.0000,true,1,328170
4053700288205,false,"ויט קרם להסרת שיער לעור רגיש 100 מ""ל",רקיט בנקיזר צרפת,FR,ויט קרם הסרת שיער לעור עדין,Unknown,0.00,Unknown,false,1,19.90,0.0000,true,1,228471
4053700292455,false,ויט רצועות שעווה מוכנות להסרת שיער לעור רגיל 12 יחידות,רקיט בנקיזר צרפת,FR,ויט רצועות שעווה תמצית צמחים,Unknown,0.00,Unknown,false,1,21.90,0.0000,true,1,226139
4056489379508,false,קונטיננטל-ביסקויט סנדוויץ עם קרם חלב 250,קונטיננטל בייקריז,NL,ביסקויט סנדוויץ קונטיננטל קרם וניל250ג,גרמים,250.00,100 גרם,false,10,5.90,2.3600,true,1,337904
4056489379515,false,קונטיננטל-ביסקויט סנדוויץ עם קרם שוק 250,קונטיננטל בייקריז,NL,ביסקויט סנדוויץ קונטיננטל קרם שוקולד250ג,גרמים,250.00,100 גרם,false,10,5.90,2.3600,true,1,337903
4056489436324,false,ביסקויט סנדוויץ קפטן,קונטיננטל בייקריז,NL,ביסקויט סנדוויץ קפטן רונדו קרם קקאו500גר,גרמים,500.00,100 גרם,false,20,9.90,1.9800,true,1,337907
4056489460039,false,קפטן רונדו-ביסקויט סנדוויץ קרם שוק 500ג,קונטיננטל בייקריז,NL,ביסקויט סנדוויץ קפטן רונדו קרם שוקו500גר,גרמים,500.00,100 גרם,false,20,9.90,1.9800,true,1,337906
4056800649792,false,"וולה - פלקס מוס לנפח ליומיים 200 מ""ל",פרוקטר אנד גמבל,FR,מוס לנפח בשיער וולה פלקס 200מל,מיליליטרים,200.00,"100 מ""ל",false,6,26.90,13.4500,true,1,328282
4056800649884,false,"וולה - פלקס ספריי לנפח ליומיים 250 מ""ל",פרוקטר אנד גמבל,FR,ספריי לנפח בשיער וולה פלקס 250מל,מיליליטרים,250.00,"100 מ""ל",false,6,31.90,12.7600,true,1,328288
4056800912483,false,"וולה - פלקס מוס למראה שיער מלא 200 מ""ל",אינטרספריי,FR,מוס לשיער מלא וולה פלקס 200מל,מיליליטרים,200.00,"100 מ""ל",false,6,26.90,13.4500,true,1,328284
4061445096689,false,קפה דוידוף מגורען 100 גר ESPRESSO 57,"טשיבו, אספי.זד.או.או",PL,קפה נמס דווידוף 57 אספרסו 100 ג,גרמים,100.00,100 גרם,false,6,21.90,21.9000,true,1,322582
4061445096702,false,קפה דוידוף מגורען 100 גר FINE AROMA,"טשיבו, אספי.זד.או.או",PL,קפה נמס דווידוף ארומה מעודנת 100 ג,גרמים,100.00,100 גרם,false,6,21.90,21.9000,true,1,322581
4061445096726,false,קפה דוידוף מגורען 100 גר RICH AROMA,"טשיבו, אספי.זד.או.או",PL,קפה נמס דווידוף ארומה עשירה100גר,גרמים,100.00,100 גרם,false,6,21.90,21.9000,true,1,322580
4062400521000,false,רום אולד פסקס 1 ל פי,,,רום אולד פסקס 1 ל פיקדון,ליטרים,1.00,ליטר,false,1,109.00,109.0000,true,1,227484
4062400543125,false,"טקילה סיירה רפוסאדו 700 מ""ל",מזקקת סיארה אונידס,MX,טקילה סיירה זהב רפוסדו 700 מל,מיליליטרים,700.00,"100 מ""ל",false,1,99.00,14.1429,true,1,313035
4062432001204,false,מרציפן זנטיס ספקולאס,,DE,מרציפן זנטיס ספקולאס 100 גרם,גרמים,100.00,100 גרם,false,36,8.90,8.9000,true,1,332780
4064666232386,false,"וולה - פלקס ספריי לעיצוב אולטרה גמיש 250 מ""ל",THEORAT INTERSPRAY,FR,ספריי לעיצוב שיער וולה פלקס 250מל גמיש,מיליליטרים,250.00,"100 מ""ל",false,6,31.90,12.7600,true,1,338287
4064666232393,false,"וולה - פלקס ספריי לשיער צבוע 250 מ""ל",THEORAT INTERSPRAY,DE,ספריי לעיצוב שיער צבוע וולה פלקס 250 מל,מיליליטרים,250.00,"100 מ""ל",false,6,31.90,12.7600,true,1,338288
4064666232409,false,"וולה - פלקס מוס לעיצוב אקסטרה גמיש 200 מ""ל",THEORAT INTERSPRAY,DE,מוס לעיצוב שיער וולה פלקס 200מל גמיש אקס,מיליליטרים,200.00,"100 מ""ל",false,6,26.90,13.4500,true,1,338284
4064666232416,false,"וולה - פלקס מוס לעיצוב אולטרה גמיש 200 מ""ל",THEORAT INTERSPRAY,DE,מוס לעיצוב שיער וולה פלקס 200מל,מיליליטרים,200.00,"100 מ""ל",false,6,26.90,13.4500,true,1,338285
4066600601920,false,פאולנר ביתר חיטה מעוננת 500 מל,פאולנר Paulaner,DE,בירה פאולנר 500מל פחית פקדון,מיליליטרים,500.00,"100 מ""ל",false,24,12.90,2.5800,true,1,320712
4066600612049,false,"בירה פאולנר אורטובר פאסט 500 מ""ל בקובק",מבשלת פאולנר,DE,בירה פאולנר אוקטוברפ 500 מל פקדון זכוכית,מיליליטרים,500.00,"100 מ""ל",false,1,12.90,2.5800,true,1,308317
4066600999614,false,"בירה פאולנר, בירת חיטה מעוננת, בקבוק 500 מ""ל",מבשלת פאולנר,DE,בירה פאולנר 500 מל פקדון זכוכית,מיליליטרים,500.00,"100 מ""ל",false,20,12.90,2.5800,true,1,302900
4067600001123,false,פילה הרינג מעושן בשמן לארסן 190 גר,,LV,פילה הרינג לארסן מעושן 200 גרם,גרמים,200.00,100 גרם,false,8,12.90,6.4500,true,1,336457
4067700014849,false,ליקר ייגרמייסטר כשר,מסט-יגרמייסטר,DE,ליקר ייגרמייסטר כשר 700 מל,מיליליטרים,700.00,"100 מ""ל",false,1,89.90,12.8429,true,1,301150
4069600016954,false,יין הקארל רה קוורצטר,reh kendemann,,יין גוורצטרמינר קנדרמנס 750 מל,מיליליטרים,750.00,"100 מ""ל",false,1,45.00,6.0000,true,1,319572
4072700001089,false,"בירה ספאטן אוקטוברפסט 500 מ""ל",Franziskaner,DE,בירה ספאטן אוקטוברספט 500מל פקדון,מיליליטרים,500.00,"100 מ""ל",false,1,12.90,2.5800,true,1,323754
4072700001188,false,"בירה פרנסיסקאנר כהה בקבוק 500 מ""ל",פרנסיסקאנר Franziskaner,DE,בירה פרנסיס קנר מעוננת כהה 500 מל פיקדו,מיליליטרים,500.00,"100 מ""ל",false,1,12.90,2.5800,true,1,226314
4072700001775,false,בירה פרנסיסקאנר בהירה מעוננת בפחית,פרנסיסקאנר Franziskaner,DE,בירה פרנסיס קאנר בהיר פח 500 מל פיקדון,מיליליטרים,330.00,"100 מ""ל",false,1,11.90,3.6061,true,1,228330
4072700003649,false,"פרנזיסקאנר בירה מעוננת 500 מ""ל","איי, בי, אינבוו",DE,בירה פרנסיס קנר מעוננת בהיר 500 מל פיקדו,מיליליטרים,500.00,"100 מ""ל",false,1,12.90,2.5800,true,1,226313
4076300015804,false,"בירה קלר ביר 500 מ""ל",קלרו,DE,בירה קלר ביר 500 מל פקדון,מיליליטרים,500.00,"100 מ""ל",false,20,12.90,2.5800,true,1,308140
4084500065536,false,פנטן קרם לחות מוגברת לעיצוב שיער 300 מל,פרוקטר אנד גמבל,FR,קרם לחות פנטן לחות מוגברת 300 מל,מיליליטרים,300.00,"100 מ""ל",false,1,23.90,7.9667,true,1,246441
4084500065598,false,"קרם לחות פנטן לתלתלים מושלמים 300 מ""ל",פרוקטר אנד גמבל,FR,קרם לחות פנטן לתלתלים מושלמים 300 מל,מיליליטרים,300.00,"100 מ""ל",false,1,23.90,7.9667,true,1,294756
4084500081314,false,משחת שיניים פרו אקספרט לניקוי עמוק בטעם מנטה,פרוקטר אנד גמבל,DE,משחת שיניים אורל בי לניקוי עמוק 75מל,Unknown,0.00,Unknown,false,1,12.90,0.0000,true,1,318435
4084500088917,false,"נוזל כלים פיירי לימון 650 מ""ל בד""צ",פרוקטר אנד גמבל,US,נוזל כלים פיירי לימון 650 מל,מיליליטרים,650.00,"100 מ""ל",false,1,11.90,1.8308,true,1,245929
4084500739253,false,"אוראל בי משחת שיניים- להלבנה לובן מהודר 75 מ""ל",פרוקטר אנד גמבל,DE,משחת שיניים אורל בי לובן מהודר 75מל,Unknown,0.00,Unknown,false,1,19.90,0.0000,true,1,328768
4084500853553,false,פיירי נוזל כלים קלאסי אורגינל 650 מל,פרוקטר אנד גמבל,GB,נוזל כלים פיירי אורגינל 650 מל,מיליליטרים,650.00,"100 מ""ל",false,1,11.90,1.8308,true,1,295477
4084500853836,false,"נוזל כלים פיירי ורדים ומשי 515 מ""ל בד""צ",פרוקטר אנד גמבל,GB,נוזל כלים פיירי ורדים משי 515 מל,מיליליטרים,515.00,"100 מ""ל",false,1,11.90,2.3107,true,1,295482
4084500853898,false,"נוזל כלים פיירי אלוורה ומלפפונים 515 מ""ל בד""צ",פרוקטר אנד גמבל,GB,נוזל כלים פיירי אלוורה ומלפפונים 515 מל,מיליליטרים,515.00,"100 מ""ל",false,1,11.90,2.3107,true,1,295481
4084500854048,false,פיירי נוזל כלים לימון 1.24 ליטר,פרוקטר אנד גמבל,GB,נוזל כלים פיירי לימון 1.24 ליטר,מיליליטרים,1240.00,"100 מ""ל",false,1,16.90,1.3629,true,1,295479
4084500920880,false,נוזל כלים פיירי אורגינל ירוק 1.24 ליטר,פרוקטר אנד גמבל,GB,נוזל כלים פיירי אורגינל 1.24 ליטר,מיליליטרים,1240.00,"100 מ""ל",false,1,16.90,1.3629,true,1,295480
4100130924002,false,בירה בקס ללא אלכוהול,,DE,בירה בקס 6יח 275 מל ללא אלכוהול בק.פקדון,מיליליטרים,1650.00,"100 מ""ל",false,1,24.90,1.5091,true,1,326743
4100130937163,false,בירה בקס שישייה 6*275 מל,"איי, בי, אינבוו",DE,מארז 6 יח בירה בקס 275 מל בקבוק פקדון,מיליליטרים,1650.00,"100 מ""ל",false,1,27.90,1.6909,true,1,295170
4100470106700,false,חומץ תפוחים אורגני 750 מל,נטורפוד,DE,חומץ תפוחים 750מל נטורפוד,מיליליטרים,750.00,"100 מ""ל",false,6,19.90,2.6533,true,1,307606
4100770005376,false,בירה קונינג פילסנר 5,קונינג,DE,בירה קוניג פילזנר 500מל פקדון בקבוק,מיליליטרים,500.00,"100 מ""ל",false,24,12.90,2.5800,true,1,300618
4101540731013,false,עוגה אישית רילאקס קר,GMBH,DE,עוגה אישית רילאקס 5 יח קרם קרמל160גרם,גרמים,160.00,100 גרם,false,10,10.90,6.8125,true,1,336500
4102430013615,false,שישיית בירה ביטבורגר 5% 330 מל,ביטבורגר,DE,מארז 6יח בירה ביטבורגר 330מל פקדון בקבוק,מיליליטרים,1980.00,"100 מ""ל",false,6,34.90,1.7626,true,1,300597
4102430015305,false,"בירה ביטבורגר 5% 330 מ""ל",ביטבורגר,DE,בירה ביטבורגר 330מל פקדון בקבוק,מיליליטרים,330.00,"100 מ""ל",false,24,8.90,2.6970,true,1,300596
4105120018631,false,מארז בירה ויינשטפן 5,,,מארז בירה ויינשטפן 500 מל שלישייה +כוס,מיליליטרים,500.00,"100 מ""ל",false,6,27.90,5.5800,true,1,336155
4105120623941,false,"בירה ויינשטפן בק' ח""פ 500 מ""ל","ויינשטפן, ת.ד 1155 פרייז",DE,בירה ויינשטפן 500 מל פקדון,מיליליטרים,500.00,"100 מ""ל",false,1,12.90,2.5800,true,1,311899
4105120624412,false,"בירה ויינשטפן ויטוס 500 מ""ל","ויינשטפן, ת.ד 1155 פרייז",DE,בירה ויינשטפן ויטוס 500 מל בק. פקדון,מיליליטרים,500.00,"100 מ""ל",false,1,12.90,2.5800,true,1,317635
4210201176688,false,אורל בי ראש חשמלי סנסיטיב 4 יחידות,פרוקטר אנד גמבל,DE,ראש למב.שינים חשמלית אורל בי סנסטיב 4יח,Unknown,0.00,Unknown,false,1,79.90,0.0000,true,1,334933
4210201262183,false,אורל בי מברשת שיניים חשמלית נטענת ויטאליטי,פרוקטר אנד גמבל,DE,מברשת שיניים חשמלית אורל בי די100,יחידה,1.00,יחידה,false,1,89.90,89.9000,true,1,321629
4210201360742,false,אורל בי ראש חשמלי פלקסי סופט 4 יחידות,פרוקטר אנד גמבל,DE,ראש למב.שינים חשמלית אורל בי נ.יסודי 4יח,Unknown,0.00,Unknown,false,1,79.90,0.0000,true,1,334932
4210201365334,false,אורל בי ראש חשמלי סיבי פחם ארבע יחידות,פרוקטר אנד גמבל,DE,ראש למב.שינים חשמלית אורל בי פחם 4יח,Unknown,0.00,Unknown,false,1,79.90,0.0000,true,1,333382
4210201403319,false,אורל בי מברשת שיניים חשמלית נטענת פחם ויטאליטי,פרוקטר אנד גמבל,DE,מברשת שיניים חשמלית אורל בי ויטליטי פחם,יחידה,1.00,יחידה,false,1,89.90,89.9000,true,1,333383
4250231144431,false,בונבוניירת הלורן ממו,HALLOREN,,שוקולד הלורן ממולא פרלין איירש 150 גרם,גרמים,150.00,100 גרם,false,1,11.90,7.9333,true,1,334790
4250231145056,false,הלורן-מאדאם פומפדור תות וודקה 150 גרם,Halloren,DE,שוקולד הלורן מאדאם פומפדור תות וודקה150ג,גרמים,150.00,100 גרם,false,1,11.90,7.9333,true,1,318355
4260134390194,false,"בירת לאגר קירין איצ'בן 330 מ""ל",,,בירה קירין איציבן 330 מל בקבוק,מיליליטרים,330.00,"100 מ""ל",false,1,10.00,3.0303,true,1,325386
4260147890513,false,אטריות ביצים דקות ורמיצ'לי 500ג',דין שיווק,PL,איטריות ביצים דקות ורמיצלי אותנטי 500גר,גרמים,500.00,100 גרם,false,1,9.90,1.9800,true,1,230675
4260147890537,false,אטריות ביצים רצועות רחבות 500 גר,דין שיווק,PL,איטריות ביצים ברצועות רחבות אותנטי 500גר,גרמים,500.00,100 גרם,false,1,9.90,1.9800,true,1,230674
4260147890711,false,אטריות ביצים מגולגלות שקדיה 500 גרם,דין שיווק,PL,איטריות ביצים מגולגלות אותנטי 500גר,גרמים,500.00,100 גרם,false,1,9.90,1.9800,true,1,230670
4260310552569,false,משקה תומס הנרי טוניק,סטאטליך באד מינברגר,DE,משקה טוניק 200 מל תומס הנרי פקדון,מיליליטרים,200.00,"100 מ""ל",false,24,6.90,3.4500,true,1,304258
4260310552576,false,משקה תומס הנרי ביטר,תומס הנרי,DE,משקה ביטר למון 200 מל תומס הנרי פקדון,מיליליטרים,200.00,"100 מ""ל",false,24,6.90,3.4500,true,1,304256
4260334140193,false,וגו ממרח אגוזי לוז וקקאו אורגני 200 גרם,וילהלם רויס ושות' בע,DE,ממרח אגוזי לוז וקקאו אורגני 200 גר,גרמים,200.00,100 גרם,false,1,22.90,11.4500,true,1,316949
4260334140605,false,שוקולד ג'נדויה טבעוני עם אגוזי לוז שלמים 150 גרם ללא גלוטן,האי נאם סי או אל.טי.,IT,שוקולד ויגו טבעוני אגוזים 150גר גנדויה,גרמים,150.00,100 גרם,false,8,18.90,12.6000,true,1,324484
4260651480019,false,אטריות אדממה אורגני 250 גרם,,,אטריות אדממה אורגני פטוציני 250גר,גרמים,250.00,100 גרם,false,1,22.90,9.1600,true,1,324491
4260651480033,false,אטריות חומוס פטוציני אורגני 250 גרם,,CN,אטריות חומוס אורגני פטוציני 250גר,גרמים,250.00,100 גרם,false,1,22.90,9.1600,true,1,324489
4260651480057,false,אטריות שעועית שחורה אורגני 250 גרם,,,אטריות שעועית שחורה אורגני פטוציני 250גר,גרמים,250.00,100 גרם,false,1,22.90,9.1600,true,1,324490
4260651480071,false,אטריות בטטה סגולה פטוציני אורגני 250 גרם,,CN,אטריות בטטה סגולה אורגני פטוציני 250גר,גרמים,250.00,100 גרם,false,1,22.90,9.1600,true,1,324492
4260651480095,false,אטריות בטטה אורגני 250 גרם,,,אטריות בטטה אורגנית 250גר,גרמים,250.00,100 גרם,false,1,22.90,9.1600,true,1,324493
4560198160055,false,טקואן צנון יפני קינג,Qingdao Sun-growing,,טקואן צנון יפני קינגדאו 500 גר,גרמים,500.00,100 גרם,false,20,25.90,5.1800,true,1,307414
4600659010854,false,"וודקה סטוליצ'ניה 700 מ""ל",איי. אס. לטבייאס בלזם,LV,וודקה סטוליצניה 40% 700 מל פקדון,מיליליטרים,700.00,"100 מ""ל",false,1,59.90,8.5571,true,1,218535
4600659011059,false,וודקה סטוליצניה אדום,אס פי איי SPI (סטולי,LV,וודקה סטוליצניה אדום 1 ליטר פקדון,ליטרים,1.00,ליטר,false,1,89.00,89.0000,true,1,230441
4600680000213,false,נסקפה גולד שקית 150,נסטלה,RU,נסקפה גולד שקית 150 גרם נסטלה,גרמים,150.00,100 גרם,false,12,19.90,13.2667,true,1,325387
4600680000640,false,קפה נסקפה גולד 190 ג,נסטלה,RU,נסקפה גולד 190 גרם נסטלה,גרמים,190.00,100 גרם,false,6,29.90,15.7368,true,1,324586
4600682007456,false,"בירה בלטיקה מס 7 450 מ""ל פחית",BALTIKA,,בירה בלטיקה 7 פחית 450 מל פקדון,מיליליטרים,450.00,"100 מ""ל",false,1,7.90,1.7556,true,1,312893
4600682409458,false,"בירה בלטיקה מס 9 450 מ""ל פחית",BALTIKA,,בירה בלטיקה 9 פחית 450 מל,מיליליטרים,450.00,"100 מ""ל",false,1,7.90,1.7556,true,1,312892
4602486002057,false,"וודקה בלנקאיה ללא גלוטן 700 מ""ל",מזקקת גורגיבסקי,RU,וודקה בלנקאיה ספיישל כשלפ 700 מל,מיליליטרים,700.00,"100 מ""ל",false,6,59.90,8.5571,true,1,321548
4602486002071,false,"וודקה בלנקאיה גולד 0.700 מ""ל",מזקקת גאורגייבסקי קר,RU,וודקה בלנקאיה גולד 700 מל,מיליליטרים,700.00,"100 מ""ל",false,6,56.90,8.1286,true,1,319995
4602486002477,false,"וודקה בלנקאיה אקסטרה 700 מ""ל",בלוגה,RU,וודקה בלנקאיה אקסטרה 700 מל,מיליליטרים,700.00,"100 מ""ל",false,6,65.00,9.2857,true,1,321547
4603400000043,false,"וודקה רוסקיי סטנדרט 700 מ""ל",רוסקי סטנדרט וודקה,RU,וודקה רוסקי סטנדרט 700 מל,מיליליטרים,700.00,"100 מ""ל",false,1,65.00,9.2857,true,1,313935
4603400000203,false,וודקה רוסקי סטנדרט 1 ליטר,,,וודקה רוסקי סטנדרט 1 לי,ליטרים,1.00,ליטר,false,1,95.00,95.0000,true,1,312527
4603514009277,false,"גין באריסטר יבש 700 מ""ל",לאדוגה גרופ,RU,גין באריסטר יבש 700 מל,מיליליטרים,700.00,"100 מ""ל",false,6,85.00,12.1429,true,1,324737
4603514010334,false,גין באריסטר אורנג מת,,,גון באריסטר אורנג מתובל 700 מל,מיליליטרים,700.00,"100 מ""ל",false,1,89.90,12.8429,true,1,336835
4603928000983,false,בלוגה נובל וודקה 1 ליטר,מרינסקי ליקרו-וודאצ'ני ז,RU,וודקה בלוגה 1 ליטר,ליטרים,1.00,ליטר,false,1,162.00,162.0000,true,1,299781
4607001414445,false,טארטלט מתוק 180 גרם DESERT,רמנסקי,,תחתיות טארטלט למילוי מתוק 180 גר,גרמים,180.00,100 גרם,false,1,10.90,6.0556,true,1,295342
4607001414452,false,טארטלט אורגינל 180 גרם ORIGINAL,רמנסקי,,תחתיות טארטלט למילוי 180 גר,גרמים,180.00,100 גרם,false,1,10.90,6.0556,true,1,295343
4607002990290,false,מלפפונים מוחמצים 680 גר D. Vanya,רוסקויי פולה אלבאשי,RU,מלפפונים מוחמצים 680 גרם,גרמים,680.00,100 גרם,false,8,11.90,1.7500,true,1,320555
4607002990474,false,עגבניות מוחמצות דיאדיה וניה 680 גר,רוסקויי פולה אלבאשי,RU,עגבניות מוחמצות 680 גרם,גרמים,680.00,100 גרם,false,8,11.90,1.7500,true,1,320556
4607012351005,false,גרעיני חמניות מרטין ללא מלח 200 גרם,"נארז ע""י : א.ג. גילר",RU,גרעיני חמניה ללא מלח מרטין 200גרם,גרמים,200.00,100 גרם,false,1,12.90,6.4500,true,1,300221
4607012351999,false,גרעיני חמניות מרטין עם מלח 200 גרם,"נארז ע""י : א.ג. גילר",RU,גרעיני חמניה עםמלח מרטין 200 גרם,גרמים,200.00,100 גרם,false,1,12.90,6.4500,true,1,300222
4607012352453,false,גרעיני חמניות מרטין פסים עם מלח 150 גר,אל אל סי מרטין,RU,גרעיני חמניה מרטין פסים 150גרם,גרמים,150.00,100 גרם,false,32,10.00,6.6667,true,1,308495
4607012352538,false,גרעיני חמניות מרטין מיקס 200 גרם,מרטין,,גרעיני חמניה מרטין מיקס 200גרם,גרמים,200.00,100 גרם,false,1,12.90,6.4500,true,1,312159
4607030830490,false,פופקורן למיקרו 99 גרם - חמאה,,LV,פופקורן בטעם חמאה 99 גרם,Unknown,0.00,Unknown,false,17,3.90,0.0000,true,1,338259
4607030830520,false,פופקורן למיקרו עם מל,,LV,פופקורן למיקרו עם מלח 99 גרם,Unknown,0.00,Unknown,false,17,3.90,0.0000,true,1,338261
4607030830780,false,פופקורן בטעם גבינת צ,,BG,פופקורן בטעם גבינת צדר 99 גרם,Unknown,0.00,Unknown,false,17,3.90,0.0000,true,1,338260
4607065411312,true,שימורי פטריות אופיאט,אנשן אנ ן-אם פודס קו,CN,שימורי פטריוץ אופיאטה 680 גרם,גרמים,680.00,100 גרם,false,6,15.90,2.3382,true,1,317465
4607065411329,true,שימורי פטריות מסליאט,אנשן אנ ן-אם פודס קו,CN,שימורי פטריות מסליאטה 680 גרם,גרמים,680.00,100 גרם,false,6,15.90,2.3382,true,1,317467
4607065411343,true,שימורי פטריות אסורטי,אנשן אנ ן-אם פודס קו,CN,שימורי פטריות אסורטי 680 גרם,גרמים,680.00,100 גרם,false,6,15.90,2.3382,true,1,317468
4607065411398,true,שימורי פטריות שיטאקי,אנשן אנ ן-אם פודס קו,CN,שימורי פטריות שיטאקי 680 גרם,גרמים,680.00,100 גרם,false,6,15.90,2.3382,true,1,317466
4607065738242,false,מארז 6 יח סניקרס קרי,מרס,IE,מארז 6 יח סניקרס קריספ 240 גרם,גרמים,240.00,100 גרם,false,18,14.90,6.2083,true,1,332765
4607099091689,false,פופקורן בטעם ריבת חלב 99 גרם,,LV,פופקורן בטעם ריבת חלב 99 גרם,Unknown,0.00,Unknown,false,17,3.90,0.0000,true,1,338258
4607109409619,false,פיניש הכל ב-1 טבליות למדיח 25 יח,הדקלאים אגודת שיתופי,PL,טבליות למדיח פיניש הכל באחד מקס 25יח,יחידה,25.00,יחידה,false,1,24.90,0.9960,true,1,299273
4610028130052,false,וודקה לג'נד אוף קרמלין Legend of Kremlin,"איטאר בע""מ קלינינגרד",RU,וודקה לגנד אוף קרמלין 700 מל,מיליליטרים,700.00,"100 מ""ל",false,6,99.90,14.2714,true,1,322724
4610028891625,false,ריבה פטל שחור 440 גר ZOLOTOI UROJAI,,AM,ריבת פטל שחור 440 גרם,גרמים,440.00,100 גרם,false,6,16.90,3.8409,true,1,327305
4610028891724,false,ריבה חבושים 440 גר ZOLOTOI UROJAI,,AM,ריבת חבושים 440 גרם,גרמים,440.00,100 גרם,false,6,16.90,3.8409,true,1,327308
4610028891748,false,ריבה תאנים 440 גר ZOLOTOI UROJAI,,AM,ריבת תאנים 440 גרם,גרמים,440.00,100 גרם,false,6,16.90,3.8409,true,1,327306
4610028891809,false,ריבת דובדנים לבנים 4,,AM,ריבת דובדנים לבנים 440 גרם,גרמים,440.00,100 גרם,false,6,17.90,4.0682,true,1,327309
4610028891823,false,ריבה אגוזי מלך 440 גר ZOLOTOI UROJAI,,AM,ריבת אגוזי מלך 440 גרם,גרמים,440.00,100 גרם,false,6,17.90,4.0682,true,1,327310
4640018993343,false,פיניש קוואנטום קפסולות ג'ל למדיח כלים 30 יח',רקיט בנקיזר,PL,טבליות פיניש קואנטום למדיח 30 טבליות,יחידה,30.00,יחידה,false,7,34.90,1.1633,true,1,321868
4640018993350,false,פיניש קוואנטום קפסולות ג'ל למדיח כלים לימון 30 יח',רקיט בנקיזר,PL,טבליות פיניש קואנטום לימון למדיח 30 יח,יחידה,30.00,יחידה,false,7,34.90,1.1633,true,1,321869
4640018993398,false,פיניש קוואנטום 60 יח' קפסולות ג'ל למדיח כלים,רקיט בנקיזר,PL,טבליות פיניש קואנטום לימון למדיח 60 יח,יחידה,60.00,יחידה,false,6,59.90,0.9983,true,1,321871
4710068001692,false,"מאסטר קפה לאטה פחית 240 מ""ל",תאיט מרקטינג אנד דיסטריב,TW,משקה מאסטר לאטה 240 מל,מיליליטרים,250.00,"100 מ""ל",false,1,7.60,3.0400,true,1,241770
4710068001715,false,"מאסטר קפה טירמיסו פחית 240 מ""ל",יוני פרזינדנט אנטרפר,TW,משקה מאסטר טרמיסו 240 מל פקדון,מיליליטרים,240.00,"100 מ""ל",false,1,7.60,3.1667,true,1,241772
4710068001739,false,"מאסטר קפה קולומביאני 250 מ""ל",יוני פרזינדנט אנטרפר,TW,משקה מאסטר קולימביאני 240 מל,מיליליטרים,250.00,"100 מ""ל",false,1,7.60,3.0400,true,1,241771
4710068002798,false,מאסטר קפה וונילה פחית 240 מל,מאיטה פוד אינדוסטריאל קו,TW,משקה מאסטר וניל 240 מל,מיליליטרים,250.00,"100 מ""ל",false,1,7.60,3.0400,true,1,317927
4710964104916,false,"שמן שומשום טהור 370 מ""ל (כ)",פלייבור פול פודס טיי,TW,שמן שומשום 370 מל,מיליליטרים,370.00,"100 מ""ל",false,1,25.90,7.0000,true,1,242402
4710964170799,false,שומשום שחור קלוי 91 גרם,פלייבור פול פודס טיי,TW,שומשום שחור קלוי 91 גרם,גרמים,90.00,100 גרם,false,24,16.90,18.7778,true,1,229360
4711476002813,false,"קפה קר פיפו למוקצינו 240 מ""ל זכוכית",,TW,קפה קר פיפו מוקצינו 240 מל,מיליליטרים,240.00,"100 מ""ל",false,,7.60,3.1667,true,1,323252
4740098079309,false,"סיידר ""FIZZ"" אוכמניות 500 מ""ל","""cesu alus""",LV,סיידר פיז אוכמניות 500 מל,מיליליטרים,500.00,"100 מ""ל",false,24,7.90,1.5800,true,1,294754
4740098079316,false,"סיידר ""FIZZ"" תות שדה 500 מ""ל","""cesu alus""",LV,סיידר פיז תות שדה 500 מל,מיליליטרים,500.00,"100 מ""ל",false,24,7.90,1.5800,true,1,294755
4740098079323,false,סיידר אלכוהול אגס 0.,"""cesu alus""",,סיידר פיז אגס 500 מל,מיליליטרים,500.00,"100 מ""ל",false,1,7.90,1.5800,true,1,318011
4740098080589,false,"בירה בלונד אמריקן 500 מ""ל",א. לה קוק,,בירה בלונד אמריקאן 500מל פקדון,מיליליטרים,500.00,"100 מ""ל",false,1,8.90,1.7800,true,1,300587
4740098084440,false,"סיידר ""FIZZ"" תפוח עץ 500 מ""ל","""cesu alus""",,סיידר פיז תפוח עץ 500 מל,מיליליטרים,500.00,"100 מ""ל",false,1,7.90,1.5800,true,1,303298
4740098090137,false,"בירה אינדיה פייל אייל לבנה 500 מ""ל",א.לה קוק A.Le Coq,EE,בירה אייל אינדיה איי.פי.איי 500מל פח.פקד,מיליליטרים,500.00,"100 מ""ל",false,1,8.90,1.7800,true,1,321713
4740098090601,false,"קוקטייל בלו לגון 330 מ""ל Le coq",אה לי קוק,,משקה קוקטייל בלו לגון 330 מל פקדון,מיליליטרים,330.00,"100 מ""ל",false,1,10.00,3.0303,true,1,328090
4740098090649,false,קוקטייל לי קוג מוחיט,,,משקה קוקטייל מוחיטו 330 מל פקדון,מיליליטרים,330.00,"100 מ""ל",false,1,10.00,3.0303,true,1,318061
4740098098331,false,"קוקטייל בלו לגון אה לה קוק 330 מ""ל",אה לי קוק,EE,משקה קוקטייל בלו לגון 330 מל פקדון,מיליליטרים,330.00,"100 מ""ל",false,1,10.00,3.0303,true,1,336118
4740098098355,false,"קוקטייל מוחיטו אה לה קוק 330 מ""ל",אה לי קוק,EE,משקה קוקטייל מוחיטו 330 מל פקדון,מיליליטרים,330.00,"100 מ""ל",false,1,10.00,3.0303,true,1,335212
4740098098379,false,"קוקטייל מרגריטה אה לה קוק 330 מ""ל",אה לי קוק,EE,משקה קוקטייל מרגריטה 330 מל פקדון,מיליליטרים,330.00,"100 מ""ל",false,1,10.00,3.0303,true,1,335211
4740098098393,false,"קוקטייל און דה ביץ אה לה קוק 330 מ""ל",אה לי קוק,EE,משקה קוקטייל לה קוק ביץ 330 מל פקדון,מיליליטרים,330.00,"100 מ""ל",false,1,10.00,3.0303,true,1,335213
4744131011905,false,שלישיית מסנני מים מג,,,שלישיית מסנני מים מגנזיום קנקן אקוואפור,יחידה,3.00,יחידה,false,1,79.90,26.6333,true,1,314665
4744131013381,false,קנקן קומפקט לסינון מ,,,קנקן קומפקט לסינון מים 2.4ליטר לבן,יחידה,1.00,יחידה,false,1,69.90,69.9000,true,1,324387
4744131014234,false,קנקני טיהור מים 2.8 ל' AMETHYST,,,קנקן אקוואפור לסינון מים אמתיסט 2.8ליטר,יחידה,1.00,יחידה,false,1,79.90,79.9000,true,1,336349
4744131014265,false,מארז שלישיית סננים לקנקן MAXFOR PLUS B25,,,שלישיית מסנני מים לקנקן בריטה,יחידה,3.00,יחידה,false,1,79.90,26.6333,true,1,324390
4744131015743,false,בקבוק לשתיה עם סנן י,,,בקבוק לשתיה עם סנן ירוק,יחידה,1.00,יחידה,false,12,79.90,79.9000,true,1,336384
4744131015750,false,בקבוק לשתיה עם סנן כ,,,בקבוק לשתיה עם סנן כחול,יחידה,1.00,יחידה,false,12,79.90,79.9000,true,1,336383
4744131015958,false,סט סננים לבקבוק לשתי,,,מארז 2יח סננים לבקבוק שתיה,יחידה,2.00,יחידה,false,12,39.00,19.5000,true,1,336385
4744131016313,false,קנקן קומפקט 2.4 ליטר,,,קנקן קומפקט 2.4 ליטר+4מסננים,יחידה,1.00,יחידה,false,1,99.90,99.9000,true,1,327252
4750017001847,false,פילה דג סלמון במיץ טבעי 200 גר,סבי דריבה,,פילה דג סלמון במיץ טבעי 200 גרם,גרמים,200.00,100 גרם,false,1,9.90,4.9500,true,1,312218
4750021000799,false,"וודקה סטוליצניה עילית 700 מ""ל",אס פי איי SPI (סטולי,,וודקה סטוליצניה עילית 700 מל פקדון,מיליליטרים,700.00,"100 מ""ל",false,1,159.00,22.7143,true,1,230977
4750021005725,false,"סטולי ללא גלוטן 70 ס""ל (כשר לפסח)",פארייפאבה אגרואינדוס,LV,וודקה סטולי ללא גלוטן כשר לפסח 700מל,מיליליטרים,700.00,"100 מ""ל",false,1,69.90,9.9857,true,1,309769
4750142000081,false,בירה צסו לא מסונן פח,"""cesu alus""",LV,בירה צסו לא מסוננת 568 מל 5.4%פחית,מיליליטרים,568.00,"100 מ""ל",false,24,10.00,1.7606,true,1,295166
4750142002078,false,"בירה צסו יורמלה 500 מ""ל","""cesu alus""",LV,בירה צסו יורמלה 500מל פח.פקדון,מיליליטרים,500.00,"100 מ""ל",false,1,7.90,1.5800,true,1,336116
4750142003426,false,"בירה פילסנר פחית 500 מ""ל אקסטרה",צ'סו אלוס,RU,בירה פילזנר אקסטרה 500מל פח. פקדון,מיליליטרים,500.00,"100 מ""ל",false,1,7.90,1.5800,true,1,322532
4750142004980,false,"בירה פרימיום צסו 568 מ""ל","""cesu alus""",,בירה צסו פרמיום 568 מל 5.4%פחית,מיליליטרים,568.00,"100 מ""ל",false,1,10.00,1.7606,true,1,335637
4750142005000,false,"בירה כהה בוהמיין צסו 568 מ""ל","""cesu alus""",,בירה צסו כהה בוהמיין פרמיום 568 מל פחית,מיליליטרים,568.00,"100 מ""ל",false,1,10.00,1.7606,true,1,335636
4750142005062,false,"בירה ברוזה לא מסוננת צסו 568 מ""ל","""cesu alus""",,בירה צסו לא מסוננת 568 מל 5.4%פחית,מיליליטרים,568.00,"100 מ""ל",false,1,10.00,1.7606,true,1,335635
4750142016518,false,בירה צסו לא מסוננת 5.4% 568 מל,צ'סו אלוס,LV,בירה צסו לא מסוננת 5.4% 568 מל,מיליליטרים,568.00,"100 מ""ל",false,24,10.00,1.7606,true,1,241511
4750142021505,false,"בירה PILSENER בהירה 4.7% פחית 500 מ""ל",צ'סו אלוס,LV,בירה PILSENER בהירה 4.7% פחית 500 מל,מיליליטרים,500.00,"100 מ""ל",false,24,7.90,1.5800,true,1,238472
4750142040520,false,בירה ציסו פרמיום פח,"""cesu alus""",,בירה צסו פרמיום 568 מל 5.4%פחית,מיליליטרים,568.00,"100 מ""ל",false,1,10.00,1.7606,true,1,319647
4750259881238,false,עלי וופל קלאסי לעוגה,,LV,בסיס וופל קלאסי לעוגה 90 גרם,Unknown,0.00,Unknown,false,16,10.90,0.0000,true,1,319953
4750616000258,true,שפרוטים ריגה גדולים,,,שפרוטים ריגה גדולים בשמן190 גרם,גרמים,190.00,100 גרם,false,,10.00,5.2632,true,1,302924
4750616000593,true,שפרוטים ריגה בשמן190,,,שפרוטים ריגה בשמן190 גרם,גרמים,190.00,100 גרם,false,,10.00,5.2632,true,1,302923
4750616001194,true,שפרוטים ריגה בשמן240,,,שפקוטים ריגה בשמן 240 גרם,גרמים,240.00,100 גרם,false,,10.00,4.1667,true,1,302921
4750616001262,true,שפרוטים צארסקיה בשמן,,,שפרוטים צארסקיה בשמן 240 גרם,גרמים,240.00,100 גרם,false,24,13.90,5.7917,true,1,302962
4750616001361,true,סלאקה מעושנת 190 גרם,,,סלאקה מעושנת 190 גרם,גרמים,190.00,100 גרם,false,1,10.00,5.2632,true,1,302925
4750616001651,true,שפרוטים ריגה גדולים,,,שפרוטים גדולים ריגה בשמן 240 גרם,גרמים,240.00,100 גרם,false,,10.00,4.1667,true,1,302922
4750616001989,true,פטה שפרוטים 250 גרם,,,פטה שפרוטים 250 גרם,גרמים,250.00,100 גרם,false,1,6.90,2.7600,true,1,302961
4750616002276,true,קילקה עם צילי במיץ ע,,,קילקה עם צילי במיץ עגבניות 240 גרם,גרמים,240.00,100 גרם,false,1,7.00,2.9167,true,1,320554
4750616002337,true,קילקה במיץ עגבניות 2,,,קילקה במיץ עגבניות 240 גרם,גרמים,240.00,100 גרם,false,1,7.00,2.9167,true,1,302926
4750616002344,true,קילקה עם ירקות במיץ,Briavais Vilns,LV,קילקה עם ירקות במיץ עגבניות 240 גרם,גרמים,240.00,100 גרם,false,24,7.00,2.9167,true,1,320553
4751022361797,false,ריבועי שיפון ושיבולת שועל עם קינמון אורגניים,!Milzu,CZ,דגני שיפון אורגני שבולת.ש. קינמון 200 גר,גרמים,200.00,100 גרם,false,1,19.90,9.9500,true,1,323163
4770033223986,false,"ברנדי גלוריה 5 שנים 700 מ""ל",stumbras,,ברנדי גלורי 5 שנים 700 מל,מיליליטרים,700.00,"100 מ""ל",false,1,69.90,9.9857,true,1,296960
4770033223993,false,ברנדי גלוריה 5 שנים,stumbras,LT,ברנדי גלורי 5 שנים 500 מל,מיליליטרים,500.00,"100 מ""ל",false,1,59.90,11.9800,true,1,296961
4770033225133,false,ברנדי גלוריה בטעם שז,stumbras,,ברנדי גלורי טעם שזיף 500 מל,מיליליטרים,500.00,"100 מ""ל",false,1,54.90,10.9800,true,1,326522
4770033227472,false,ברנדי גלורי אקס או,stumbras,,ברנדי גלורי אקס או 700 מל,מיליליטרים,700.00,"100 מ""ל",false,1,119.90,17.1286,true,1,296962
4770179109991,false,בונ שוק עם וודקה 190 ג PERGALE,PERGALE,LT,בונבוניירה פרגל שוקולד וודקה 190 גר,גרמים,190.00,100 גרם,false,1,18.90,9.9474,true,1,325298
4770179110096,false,בונ שוק עם ברנדי 190 ג PERGALE,MIESZKO,LT,בונבוניירה פרגל שוקולד וברנדי 190 גר,גרמים,190.00,100 גרם,false,1,18.90,9.9474,true,1,325297
4770179110126,false,בונ שוק עם ליקר שרי 190 ג PERGALE,BARILLA G.E.R.,LT,בונבוניירה פרגל שוקולד ליקר שרי 190 גר,גרמים,190.00,100 גרם,false,1,18.90,9.9474,true,1,325296
4770299394680,false,חטיפי גבינה מעושן 75ג',ג'ימטיוס,,חטיפי גבינה מעושנת 75 גר,Unknown,0.00,Unknown,false,1,9.90,0.0000,true,1,326865
4770301230821,false,בירה אינדיה פייל אייל וולפאס אנגלמן 568,,,בירה אינדיה פייל אייל 568מל וולפאס פח.פק,מיליליטרים,568.00,"100 מ""ל",false,24,10.00,1.7606,true,1,336615
4770301231811,false,"בירה קריק דובדבן וולפאס אנגלמן 568 מ""ל",,,בירה קריק דובדבן 568מל וולפאס פח.פק,מיליליטרים,568.00,"100 מ""ל",false,24,10.00,1.7606,true,1,336618
4770301232023,false,"אוסטרליה פייל אייל וולפאס אנגלמן 568 מ""ל",,,בירה אוסטרליה פייל אייל 568מל פח.פקדון,מיליליטרים,568.00,"100 מ""ל",false,24,10.00,1.7606,true,1,336614
4770301234935,false,"בירה באלטיק פורטר וולפאס אנגלמן 568 מ""ל",,,בירה באלטיק פורטר 568מל וולפאס פח.פק,מיליליטרים,568.00,"100 מ""ל",false,24,10.00,1.7606,true,1,336616
4770301234973,false,בירה בלנש חיטה בלגית וולפאס אנגלמן 568מ,,,בירה בלנש חיטה בלגית 568מל וולפאס פח.פק,מיליליטרים,568.00,"100 מ""ל",false,24,10.00,1.7606,true,1,336617
4770301235246,false,"בירה חיטה מייסטר 500 מ""ל פחית","""cesu alus""",,בירה מייסטר וולפאס אנגלמן 500מל פח.פקדון,מיליליטרים,500.00,"100 מ""ל",false,1,7.90,1.5800,true,1,337111
4770301235338,false,"בירה ניו אינגלנד וולפאס אנגלמן 568 מ""ל",,,בירה ניו אינגלנד 500מל וולפאס פח.פקדון,מיליליטרים,500.00,"100 מ""ל",false,24,10.00,2.0000,true,1,336619
4779039730276,false,מרק עגבניות מוקרם אורגני 400 גרם,גרביאי,LT,מרק עגבניות מוקרם אורגני 400 ג אאוגה,גרמים,400.00,100 גרם,false,1,16.90,4.2250,true,1,320557
4779039730283,false,מרק פטריות מוקרם אורגני 400 גר,,,מרק פטריות מוקרם אורגני 400 גר,גרמים,400.00,100 גרם,false,1,16.90,4.2250,true,1,312099
4779039731143,false,מרק עדשים אורגני 400 גר,גרביאי,LT,מרק עדשים אורגני 400 ג אאוגה,גרמים,400.00,100 גרם,false,1,16.90,4.2250,true,1,320558
4779039731914,false,מרק שעועית צילי טבעוני 400 גר,,LT,מרק שעועית צילי ללג אורגני 400 ג אאוגה,גרמים,400.00,100 גרם,false,1,16.90,4.2250,true,1,338088
4779039732188,false,מרק ירקות מינסטרונה אורגני 400 גר,,LT,מרק ירקו מינסטרונה אורגני 400 גר אאוגה,גרמים,400.00,100 גרם,false,1,16.90,4.2250,true,1,338089
4792032060454,false,"גרין קוקו - מי קוקוס אורגניים 330 מ""ל",גרין קוקו,VN,מי קוקוס אורגני גרין קוקו 330מל,ליטרים,330.00,ליטר,false,1,7.90,0.0239,true,1,300690
4792038437113,false,קמח קוקוס אורגני 500,"רנוקה אגרי פודס בע""מ",,קמח קוקוס אורגני 500 גרם תבואות,גרמים,500.00,100 גרם,false,1,18.90,3.7800,true,1,300802
4792055013734,false,עלי תה ירוק טרסון אנונה 100 גר,,LK,תה טרסון ירוק עם אננוה תפזורת 100 גרם,גרמים,100.00,100 גרם,false,24,18.90,18.9000,true,1,324523
4792055013741,false,עלי תה ירוק טרסון פירות יער 100 גר,,LK,תה טרסון ירוק פירות יער תפזורת 100 גרם,גרמים,100.00,100 גרם,false,24,18.90,18.9000,true,1,324524
4792055013765,false,תה טרסון ירוק עם אלו,,LK,תה טרסון שחור תפוח קינמון תפזורת 75 גרם,גרמים,100.00,100 גרם,false,24,18.90,18.9000,true,1,324522
4792055013796,false,תה טרסון שחור פסיפלו,,LK,תה טרסון שחור פסיפלורה תפזורת 100 גרם,גרמים,100.00,100 גרם,false,24,18.90,18.9000,true,1,324526
4792055019798,false,תה טרסון שחור אנונה2,,LK,תה טרסון שחור אנונה2 גר 40 שקיות,יחידה,20.00,יחידה,false,24,11.90,0.5950,true,1,323537
4792055019828,false,תה טרסון שחור שקד שו,,LK,תה טרסון שחור שקד שוקולד 2 גר 40 שקיות,יחידה,20.00,יחידה,false,24,11.90,0.5950,true,1,323540
4792055019835,false,תה טרסון ירוק אנונה,,LK,תה טרסון ירוק טעם אנונה 2 גר 40 שקיות,יחידה,20.00,יחידה,false,24,11.90,0.5950,true,1,323533
4792055019842,false,תה טרסון ירוק קיווי,,LK,תה טרסון ירוק קיווי רימונים2 גר 40 שקיות,יחידה,20.00,יחידה,false,24,11.90,0.5950,true,1,323536
4792055019866,false,תה טרסון ירוק גוגי ב,,LK,תה טרסון ירוק גוגי ברי 2 גר 40 שקיות,יחידה,20.00,יחידה,false,24,11.90,0.5950,true,1,323535
4792055019880,false,תה טרסון ארל גריי 2,,GB,תה טרסון ארל גריי 2 גר 100 שקיות,יחידה,100.00,יחידה,false,12,29.90,0.2990,true,1,323531
4792055019903,false,תה טרסון שחור עם לימ,,LK,תה טרסון שחור עם לימון תפזורת 75 גרם,Unknown,0.00,Unknown,false,24,18.90,0.0000,true,1,324520
4792055019927,false,תה שחור טרסון מיסטר טוויסט 75 גר,,LK,תה טרסון שחור תפוח קינמון תפזורת 75 גרם,Unknown,0.00,Unknown,false,24,18.90,0.0000,true,1,324521
4792055019958,false,תה שחור טרסון טרופיקל פיז פירות 75 גר,,LK,תה טרסון שחור פירות טרופי תפזורת72 גרם,Unknown,0.00,Unknown,false,24,18.90,0.0000,true,1,324525
4793000637005,false,נטורפוד-מקלות קינמון ציילון אורגני,אינטרנשיונל קומודטי אקספ,LK,מקלות קינמון ציילון אורגני 50 גר,גרמים,50.00,100 גרם,false,10,14.90,29.8000,true,1,320294
4793000637029,false,אבקת מורינגה אורגנית 70 גרם,תות תעשיות מזון (201,LK,אבקת מורינגה אורגנית 70 גר,Unknown,0.00,Unknown,false,10,14.90,0.0000,true,1,324315
4796011492250,false,"חומץ קוקוס אורגני אמזוניקו 250 מ""ל",,LK,חומץ קוקוס אורגני 250מל אמזוניקו,מיליליטרים,250.00,"100 מ""ל",false,1,18.90,7.5600,true,1,336388
4796011492274,false,סירופ קוקוס אורגני 2,,,סירופ קוקוס אורגני 250מל אמזוניקו,מיליליטרים,250.00,"100 מ""ל",false,1,20.90,8.3600,true,1,336389
4796011492298,false,"אמינו קוקוס אורגני אמזוניקו 250 מ""ל",,LK,אמינו קוקוס אורגני 250מל אמזוניקו,מיליליטרים,250.00,"100 מ""ל",false,1,18.90,7.5600,true,1,336387
4796019790013,false,"שמן קוקוס אורגני 300 מ""ל",כפרי בריא,,שמן קוקוס אורגני גרין קוקו 300 מל,מיליליטרים,300.00,"100 מ""ל",false,1,19.90,6.6333,true,1,299731
4796019790020,false,"גרין קוקו - שמן קוקוס אורגני 500 מ""ל",גרין קוקו,LK,שמן קוקוס אוגני גרין קוקו 500 מל,מיליליטרים,500.00,"100 מ""ל",false,12,28.90,5.7800,true,1,299732
4796019790037,false,שמן קוקוס אורגני 1 ליטר גרין קוקו,כפרי בריא,,שמן קוקוס אורגני גרין קוקו 1 ל,ליטרים,1.00,ליטר,false,1,43.90,43.9000,true,1,299733
4800888150080,false,"דאב - דאודורנט רול און לאישה פרש טאצ' מלפפונים 50 מ""ל",יוניליוור פיליפינים,PH,דאב דאו.רולאון מלפפונים 50 מל,Unknown,0.00,Unknown,false,1,16.90,0.0000,true,1,234572
4800888190529,false,דאב דאו סטיק טאלק סופט לאשה 50 גר,יוניליוור,PH,דאו.דאב סטיק טלק סופט 50 גרם,Unknown,0.00,Unknown,false,1,16.90,0.0000,true,1,299678
4800888214904,false,"דאב דאודורנט סטיק קקאו 50 מ""ל",יוניליוור פארם,PH,דאודורנט דאב סטיק קקאו והיביסקוס 50גר,Unknown,0.00,Unknown,false,1,16.90,0.0000,true,1,324853
4800888219510,false,דאב - דאודורנט סטיק לאישה פרש מלפפונים 50 גרם,יוניליוור פיליפינים,PH,דאודורנט דאב סטיק מלפפונים 50גר,Unknown,0.00,Unknown,false,1,16.90,0.0000,true,1,328938
4800888219534,false,דאב - דאודורנט סטיק לאישה אנטי פרספירמט 50 גרם,יוניליוור פיליפינים,PH,דאודורנט דאב סטיק אורגינל 50גר,Unknown,0.00,Unknown,false,1,16.90,0.0000,true,1,328936
4801234159856,false,גלייד מיני-ג'ל מפיץ ריח בניחוח מרכך כביסה 70 גרם,ג'ינסו ג'ונסון טונגד,CN,מ.אוויר גלייד מיני גל בניחוח מרכך 70 גר,Unknown,0.00,Unknown,false,1,6.90,0.0000,true,1,235642
4801234159863,false,גלייד מיני-ג'ל מפיץ ריח בניחוח חבצלות ופרחי בר 70 גרם,המאפיה של הרמן,CN,מ.אוויר גלייד מיני גל בניחוח חבצלות 70 ג,Unknown,0.00,Unknown,false,1,6.90,0.0000,true,1,235643
4809013009019,false,איטריות להקפצה מנילה,קיו פול,,איטריות להקפצה מנילה 227 גר,גרמים,227.00,100 גרם,false,1,10.90,4.8018,true,1,240719
4820097894025,false,"הפס שיכר סיידר תפוחים בטעם טבעי 330 מ""ל",BEVERAGES FOODS & SE,UA,סיידר שיכר תפוחים תוסס טבעי 330מל הפס,מיליליטרים,330.00,"100 מ""ל",false,12,8.20,2.4848,true,1,316002
4820097895190,false,הפס שיכר סיידר תפוחים בטעם דובדבן 330 מל,BEVERAGES FOODS & SE,IL,סיידר שיכר תפוחים תוסס בטעם דובדבן 330מל,מיליליטרים,330.00,"100 מ""ל",false,12,8.20,2.4848,true,1,316001
4820097896265,false,"הפס שיכר סיידר תפוחים בטעם אגס 330 מ""ל",BEVERAGES FOODS & SE,UA,סיידר שיכר תפוחים תוסס בטעם אגס330מל הפס,מיליליטרים,330.00,"100 מ""ל",false,12,8.20,2.4848,true,1,316003
4820097898221,false,"קוקטייל מוכן בורה בורה 330 מ""ל",,UA,שייק קוקטייל גין בורה בורה330מל בק.פקדון,מיליליטרים,330.00,"100 מ""ל",false,24,6.90,2.0909,true,1,325122
4820097899150,false,"קוקטייל מוכן גין אשכוליות 330 מ""ל",,UA,שייק קוקטייל גין אשכוליות 330מל בק.פקדון,מיליליטרים,330.00,"100 מ""ל",false,24,6.90,2.0909,true,1,325121
4820097899433,false,"שייק קוקטייל אבטיח בקבוק 330 מ""ל",,UA,שייק קוקטייל אבטיח 330מל בק.פקדון,מיליליטרים,330.00,"100 מ""ל",false,24,6.90,2.0909,true,1,326509
4823092700926,false,חלבה חמניות בטעם וניל 200 גרם,או.או.או. דרוזקבסקיי,,חלבה חמניות וניל 200 גר,גרמים,200.00,100 גרם,false,1,4.90,2.4500,true,1,300448
4823092700964,false,חלבה חמניות עם בוטנים 200 גרם,או.או.או. דרוזקבסקיי,,חלבה חמניות עם בוטנים 200 גר,גרמים,200.00,100 גרם,false,1,4.90,2.4500,true,1,300449
4823092701060,false,חלווה חמניות עם פרוק,או.או.או. דרוזקבסקיי,,חלבה חמניות עם פרוקטוזה 200 גר,גרמים,200.00,100 גרם,false,1,5.90,2.9500,true,1,300452
4840008000499,false,סושקה צלנוצוק 500 גרם FRANZELUTA,פרנזלוטה,MD,סושקה צלנוצוק 500 גרם FRANZELUTA,גרמים,500.00,100 גרם,false,10,10.00,2.0000,true,1,243248
4840008000987,false,סושקה וניל 500 גרם FRANZELUTA,פרנזלוטה,MD,סושקה וניל 500 גרם FRANZELUTA,גרמים,500.00,100 גרם,false,10,10.00,2.0000,true,1,243246
4840008001199,false,מיני סושקה וניל 500 גרם FRANZELUTA,FRANZELUTA,,מיני כעכים וניל פרנזלוטה 500 גר,גרמים,500.00,100 גרם,false,1,10.00,2.0000,true,1,243243
4840008001205,false,מיני סושקה עם פרג 500 גרם FRANZELUTA,FRANZELUTA,MD,מיני סושקה עם פרג 500 גרם FRANZELUTA,גרמים,500.00,100 גרם,false,12,10.00,2.0000,true,1,243244
4840008002431,false,דפי וופל פרנזולטה מל,Franzeluta,MD,דפי וופל פרנצלוטה מלבן 350 גר,גרמים,350.00,100 גרם,false,9,14.50,4.1429,true,1,246163
4840008008624,false,מיני סושקה לוביטלסקיה 500 גרם FRANZELUTA,FRANZELUTA,MD,מיני סושקה לוביטלסקיה 500 גרם FRANZELUTA,גרמים,500.00,100 גרם,false,12,10.00,2.0000,true,1,243245
4840008017749,true,מיני צנימים טעם וניל,,,מיני צנימים טעם וניל פרזלוטה 200 גרם,גרמים,200.00,100 גרם,false,1,7.90,3.9500,true,1,302929
4840008017763,true,מיני צנימים עם צימוק,,,מיני צנימים עם צימוקים פרזלוטה 200 גרם,גרמים,200.00,100 גרם,false,1,7.90,3.9500,true,1,302928
4840008018333,false,דובשניות טעם דבש 400 גרם פרנצלוטה,פרנזלוטה,,דובשניות טעם דבש פרנזלוטה 400 גר,גרמים,400.00,100 גרם,false,1,9.00,2.2500,true,1,295339
4840008018371,false,דובשניות סברנייה 400 גרם פרנצלוטה,פרנזלוטה,MD,דובשניות צפוניות פרנזלוטה 400 גר,גרמים,400.00,100 גרם,false,12,9.00,2.2500,true,1,301597
4840008019521,false,עוגיות בצק עלים לבבות דקל פרנצלוטה 350 ג,FRANZELUTA,,עוגיות בצק עלים לבבות דקל 350 גרם,גרמים,350.00,100 גרם,false,1,10.90,3.1143,true,1,318379
4840008019897,false,דפי וופל עגולים 100 גרם,Franzeluta,MD,דפי וופל פרנצלוטה עגולים 100 גר,גרמים,100.00,100 גרם,false,15,10.00,10.0000,true,1,246162
4840008028028,true,צנימים עם צימוקים פר,,,צנימים עם צימוקים פרזלוטה 200 גרם,גרמים,200.00,100 גרם,false,1,7.90,3.9500,true,1,302927
4840008040075,false,350 עוגיות אוזניים עם קינמון גר,FRANZELUTA,MD,עוגיות אוזניים מבצק עלים 350גר,גרמים,350.00,100 גרם,false,1,10.90,3.1143,true,1,329681
4850026140381,false,לפתן הום לנד תות 250,,AM,"לפתן הום לנד תות 250 מ""ל",מיליליטרים,250.00,"100 מ""ל",false,18,6.90,2.7600,true,1,338232
4850026140398,false,לפתן הום לנד פטל 250,,AM,"לפתן הום לנד פטל 250 מ""ל",מיליליטרים,250.00,"100 מ""ל",false,18,6.90,2.7600,true,1,338234
4850026140473,false,לפתן הום לנד שזיפים,,AM,"לפתן הום לנד שזיפים 250 מ""ל",מיליליטרים,250.00,"100 מ""ל",false,18,6.90,2.7600,true,1,338233
4850026140817,false,קונפיטורה הום לנד אג,,AM,קונפיטורה הום לנד אגוזי מלך 540 גרם,גרמים,540.00,100 גרם,false,12,18.90,3.5000,true,1,338227
4850026140831,false,קונפיטורה דובדבנים ל,,AM,קונפיטורה הום לנד דובדבן לבן 540 גרם,גרמים,540.00,100 גרם,false,12,18.90,3.5000,true,1,338228
4850026140886,false,קונפיטורה הום לנד קי,,AM,קונפיטורה הום לנד קיזיל 540 גרם,גרמים,540.00,100 גרם,false,12,18.90,3.5000,true,1,338229
4850026140909,false,קונפיטורה חבושים הום,,AM,קונפיטורה הום לנד חבושים 540 גרם,גרמים,540.00,100 גרם,false,12,18.90,3.5000,true,1,338231
4850026141418,false,קונפיטורה תות בר הום,,AM,קונפיטורה הום לנד תות בר 540 גרם,גרמים,540.00,100 גרם,false,12,18.90,3.5000,true,1,338230
4860009000014,false,מיץ רימונים 100% סחוט ללא תוספת סוכר,Aromaproduct ltd,,מיץ רימונים 100% טבעי גרוזיני 1 ל פיקדון,ליטרים,1.00,ליטר,false,1,16.90,16.9000,true,1,220313
4860019001346,false,בורז'ומי מים מינרליים טבעיים 500מ'ל חדש,אי די אס בורגומי,,מים מינרליים בורגומי 500 מל פקדון,מיליליטרים,500.00,"100 מ""ל",false,1,7.90,1.5800,true,1,312599
4860019001414,false,"בקבוק מים בוז'ורמי 750 מ""ל",אי.די.אס בורג'יומי,GE,מים מינרליים בורזומי 750 מל,מיליליטרים,750.00,"100 מ""ל",false,1,8.90,1.1867,true,1,240820
4865602000010,false,מים נבגלוי בזכוכית 500 מל,נבגלבי,GE,מים מינרליים נבגלבי 500מל זכוכית,מיליליטרים,500.00,"100 מ""ל",false,6,8.90,1.7800,true,1,302626
4865602000027,false,"מים מינרלים מוגזים ""נבגלבי"" 1 ליטר PET",נבגלבי,GE,מים מינרליים נבגלבי מוגז 1 ליטר,ליטרים,1.00,ליטר,false,6,8.90,8.9000,true,1,302624
4891130001199,false,מזרח ומערב יבוא פון,Pun chun sauce & pre,HK,רוטב צדפות 450 גרם - פון צון,מיליליטרים,450.00,"100 מ""ל",false,12,24.90,5.5333,true,1,221831
4891130005111,false,רוטב הוויסן 360 מל פ,Pun chun sauce & pre,,רוטב הוויסן 360 מל פון צון,גרמים,360.00,100 גרם,false,1,19.90,5.5278,true,1,325522
4891228302023,false,ס.גילוח שיק אקסטרים 3 אולטימייט לגבר 4 י,שיק Schick,,ס.גילוח שיק אקסטרים 3 אולטימייט לגבר 4יח,יחידה,4.00,יחידה,false,1,15.90,3.9750,true,1,299132
4891228304454,false,שיק היידרו 5 סנס מכשיר+סכין 1,ארץ ייצור סכינים: ארהבn\,CN,מכשיר+ס.גילוח שיק היידרו 5 סנס,Unknown,0.00,Unknown,false,6,44.90,0.0000,true,1,316822
4891228308032,false,סכין גילוח שיק אינטואישן לאישה+5 סכינים,ארץ ייצור סכינים: ארהבn\,US,סכיני גילוח+מכשיר שיק אינטואישן אישה,Unknown,0.00,Unknown,false,8,79.90,0.0000,true,1,322406
4891228309268,false,"טאצ' אפ מעצב גבות מקצועי, 3 יחידות",שסטוביץ,CN,סכיני גילוח שיק טאצ אפ חד עמי,יחידה,3.00,יחידה,false,12,19.90,6.6333,true,1,333659
4891228430030,false,סכיני גילוח שיק אקזקטה 2 לעור רגיש ירוק 5 יח',אנרג'יזר Energizer,CN,ס.גילוח שיק 2 אקסטרא רגיש 5יח,Unknown,0.00,Unknown,false,1,11.90,0.0000,true,1,302631
4891228430047,false,"שיק אקזטקא סכיני גילוח חד פעמי עור רגיש, 10 יח'",אנרג'יזר Energizer,CN,ס.גילוח שיק אקסטרא 2 לגבר רגיש 10 יח,Unknown,0.00,Unknown,false,12,28.90,0.0000,true,1,223800
4891228430054,false,סכיני גילוח לנשים שיק אקזקטה 2 5 יח,שיק,CN,ס.גילוח שיק 2 אקסטרא לנשים 5 יח,Unknown,0.00,Unknown,false,1,13.90,0.0000,true,1,302632
4891228430085,false,סכיני גילוח שיק אקסטרים קומפורט לגבר 3 להבים 4 יחידות,אנרג'יזר Energizer,CN,ס.גילוח שיק אקסטרא 3 כחול 4 יח,Unknown,0.00,Unknown,false,1,21.90,0.0000,true,1,222445
4891228430092,false,סכיני גילוח שיק אקסטרים קומפורט לנשים 3 להבים 4 יחידות,אנרג'יזר Energizer,CN,ס.גילוח שיק אקסטרים 3 יח לאשה,Unknown,0.00,Unknown,false,1,21.90,0.0000,true,1,223799
4891228460242,false,שיק קוואטרו חד פעמי לנשים 3 יחידות,אנרג'יזר Energizer,CN,ס.גילוח שיק קוואטרו חד פעמי נשים 3 יח,יחידה,3.00,יחידה,false,60,32.90,10.9667,true,1,224740
4891228480134,false,שיק קוואטרו רב פעמי נשים ריביעיית סכינים,סין,CN,סכיני גילוח שיק קוואטרו 4יח רב פעמי,יחידה,4.00,יחידה,false,12,44.90,11.2250,true,1,309178
4895060582292,false,סוכריות נטיורל פלורידה מיקס טעמים 136ג',קנדי נובלטי,CN,סוכריות גלי פירות פלורידה משפחתי 136גר,גרמים,136.00,100 גרם,false,1,16.50,12.1324,true,1,232862
4901524021716,false,משקה סאקה קוניש 720,קונישי ברוינג קומפני,,משקה סאקה קוניש 720 מל,מיליליטרים,720.00,"100 מ""ל",false,1,65.00,9.0278,true,1,305818
4901524021723,false,משקה סאקה קוניש 300,קונישי ברוינג קומפני,,משקה סאקה קוניש 300 מל,מיליליטרים,300.00,"100 מ""ל",false,1,39.90,13.3000,true,1,305819
4901777020320,false,"ליקר מלון מידורי 700 מ""ל",אדרינגטון פיקס,,ליקר מידורי 700 מל פקדון,מיליליטרים,700.00,"100 מ""ל",false,1,105.00,15.0000,true,1,230093
4903001904192,false,"רוטב סויה יאמסה פרימיום 500 מ""ל",הדקלאים אגודת שיתופי,JP,רוטב סויה יאמסה 500 מל פרימיום,מיליליטרים,500.00,"100 מ""ל",false,1,19.90,3.9800,true,1,228438
4903001904208,false,רוטב סויה פרימיום יאמסה 1 ליטר,הדקלאים אגודת שיתופי,JP,רוטב סויה יאמסה 1 ל סופר פרימיום,ליטרים,1.00,ליטר,false,1,32.90,32.9000,true,1,228437
4903001925784,false,"רוטב סויה יאמאסה פרמיום דל מלח 500 מ""ל",הדקלאים אגודת שיתופי,JP,רוטב סויה יאמסה דל מלח 500 מל,מיליליטרים,500.00,"100 מ""ל",false,1,19.90,3.9800,true,1,241977
4903001930993,false,"רוטב טריאקי יאמאסה 500 מ""ל",ליימן מותגים,JP,רוטב טריאקי יאמסה500 מל פרימיום,מיליליטרים,500.00,"100 מ""ל",false,1,19.90,3.9800,true,1,298688
4905846117706,false,"צויה ליקר אומה אורגני 750 מ""ל",צויה,JP,ליקר צויה אומה אורגני 750 מל,מיליליטרים,750.00,"100 מ""ל",false,12,99.90,13.3200,true,1,316727
4934418803099,false,משקה כוהלי קיוצי אומ,קיוצי,JP,משקה כוהלי קיוצי אומשו 500 מל,מיליליטרים,500.00,"100 מ""ל",false,12,79.90,15.9800,true,1,301556
4970860800002,false,וויסקי יפני בלנדד הא,,,וויסקי יפני בלנדד 700 מל,מיליליטרים,700.00,"100 מ""ל",false,6,149.00,21.2857,true,1,333645
4970860880080,false,וויסקי יפני פיור מאל,,,ויסקי יפני פיור צמאלט 700 מל,מיליליטרים,700.00,"100 מ""ל",false,6,220.00,31.4286,true,1,333644
4970916160708,false,משקה סאקה צוינאמה 30,,JP,משקה סאקה צוינאמה 300 מל,מיליליטרים,300.00,"100 מ""ל",false,20,25.90,8.6333,true,1,336963
4970916260118,false,"ניגורי איש השלג 180 מ""ל",,JP,משקה ניגורי איש השלג 180 מל,מיליליטרים,180.00,"100 מ""ל",false,20,31.90,17.7222,true,1,336964
4976879106470,false,משקה סאקה הוקאן סן 7,JFC JAPAN INC.,,משקה סאקה הוקאן סן 720 מל,מיליליטרים,720.00,"100 מ""ל",false,1,50.00,6.9444,true,1,301104
4978094999219,false,מחית סויה לבנה שירו מיסו 500 גרם,מזרח ומערב,CN,מחית סויה לבנה-שירו מיסו 500 גרם (דליאן),גרמים,500.00,100 גרם,false,10,18.90,3.7800,true,1,233925
4996445000117,false,קינגדאו אטריות סובה,Qingdao Sun-growing,,אטריות סובה 300 גר,גרמים,300.00,100 גרם,false,1,12.00,4.0000,true,1,231474
5000111001007,false,רוטב לסטייק ה.פ 255,היינץ,GB,רוטב לסטייק ה.פ 255 מל,גרמים,255.00,100 גרם,false,12,20.00,7.8431,true,1,227268
5000137832951,false,קרקר איטלקי מליחות ע,,IE,קרקר איטלקי מליחות עדנה גקובס 250 גרם,גרמים,250.00,100 גרם,false,12,14.90,5.9600,true,1,328246
5000146048671,false,סילבו משחה לניקוי כלי כסף 75 גרם,רקיט בנקיזר,PT,סילבו לניקוי והברקה 75גר,Unknown,0.00,Unknown,false,1,15.90,0.0000,true,1,234062
5000146057710,false,ספריי רב שימושי לחלונות ומשטחים ווינדולין Windolene,רקיט בנקיזר,PL,נוזל לניקוי חלונות ווינדולין 750 מל,ליטרים,1.50,ליטר,false,1,8.90,5.9333,true,1,218542
5000146401568,false,וולייט דפים למניעת העברת צבע 10 דפים,רקיט בנקיזר,IT,ווליט דפים למכונת כביסה,Unknown,0.00,Unknown,false,1,14.90,0.0000,true,1,218544
5000146980322,false,קרם להסרת שיער לעור רגיל מועשר בחלב לוטוס ויסמין,רקיט בנקיזר צרפת,FR,ויט קרם הסרת שיער פרחים,Unknown,0.00,Unknown,false,1,19.90,0.0000,true,1,228470
5000157073020,false,"רוטב דגים ווסטרשייר היינץ 150 מ""ל",היינץ,NL,רוטב היינץ ווסטרשייר לדגים 150 מל,מיליליטרים,150.00,"100 מ""ל",false,12,10.00,6.6667,true,1,336842
5000157078803,false,שעועית היינץ ללא תוס,היינץ,GB,שעועית היינץ ללא סוכר 415גרם,גרמים,415.00,100 גרם,false,12,14.90,3.5904,true,1,328364
5000157079282,false,רוטב היינץ שום 230 ג,היינץ,GB,רוטב היינץ שום 230 גרם,גרמים,230.00,100 גרם,false,8,17.90,7.7826,true,1,327568
5000157143365,false,מתבל בטעם מיונז וקטשופ היינץ 425 גרם,"פודליצקי ספ.ז.או.או,",PL,היינץ מתבל בטעם מיושאפ 425 מל,מיליליטרים,425.00,"100 מ""ל",false,10,15.90,3.7412,true,1,321464
5000157144263,false,ספריי לימון לסלט היי,היינץ,GB,היינץ ספריי לימון לסלט 200 מל,מיליליטרים,200.00,"100 מ""ל",false,12,25.90,12.9500,true,1,329121
5000157144539,false,מיונז היינץ עם בצל מ,יוניליוור,GB,מיונז היינץ עם בצל מקורמל 220 גרם,מיליליטרים,220.00,"100 מ""ל",false,12,25.90,11.7727,true,1,334324
5000157145260,false,מיונז איולי לחיץ טבע,,,מיונז איולי לחיץ טבעוני 220 מל היינץ,מיליליטרים,220.00,"100 מ""ל",false,1,19.90,9.0455,true,1,333008
5000157146359,false,רוטב היינץ עגבניות פ,היינץ פודס,GB,רוטב היינץ עגבניות פפריקה מעושנת 250 מל,מיליליטרים,250.00,"100 מ""ל",false,6,14.90,5.9600,true,1,337432
5000157146366,false,רוטב היינץ צילי ומיס,היינץ פודס,GB,רוטב היינץ צילי ומיסו 250 מל,מיליליטרים,250.00,"100 מ""ל",false,6,14.90,5.9600,true,1,337431
5000157146373,false,רוטב היינץ לימון וגז,היינץ פודס,GB,רוטב היינץ לימון וגזר 250 מל,מיליליטרים,250.00,"100 מ""ל",false,6,14.90,5.9600,true,1,337430
5000157146380,false,רוטב היינץ עגבניות ק,היינץ פודס,GB,רוטב היינץ עגבניות קוקוס וצילי 250 מל,מיליליטרים,250.00,"100 מ""ל",false,6,14.90,5.9600,true,1,337433
5000157146397,false,רוטב היינץ בלסמי ורו,היינץ פודס,GB,רוטב היינץ בלסמי ורוזמרין 250 מל,מיליליטרים,250.00,"100 מ""ל",false,6,14.90,5.9600,true,1,337429
5000159020312,false,מלטיזרס אריזה קטנה 37 גרם,מלטיזרס Maltesers,NL,חטיף מלטיזרס 37 גרם,Unknown,0.00,Unknown,false,1,5.00,0.0000,true,1,218770
5000159344074,false,גלידת סניקרס שמנת עם בוטנים וקרמל מצופה 288 גרם.,פלדמן,FR,מאגדת שלגון סניקרס 6יח,יחידה,6.00,יחידה,false,12,32.90,5.4833,true,1,316083
5000159376655,false,סוכריות SKITTLES פירות קטן 38 גרם אדום,ריגלי ממתקים,CZ,סוכריות סקיטלס פירות 38 גר,Unknown,0.00,Unknown,false,1,3.00,0.0000,true,1,323071
5000159376792,false,סוכריות סקיטלס Skittles פירות חמוצים,ריגלי ממתקים,CZ,סוכריות סקיטלס פירות חמוצים 38 גר,Unknown,0.00,Unknown,false,1,3.00,0.0000,true,1,323072
5000159384209,false,רביעיית חטיף סניקרס 200 ג',מרס,NL,חטיף סניקרס רביעייה 200 גר,גרמים,200.00,100 גרם,false,1,8.90,4.4500,true,1,229825
5000159397292,false,מארס מאגדת גלידה פלד,פלדמן,FR,מאגדת גלידה מארס 6יח,יחידה,6.00,יחידה,false,12,32.90,5.4833,true,1,316080
5000159407236,false,חטיף מרס שוקולד עם ק,מרס הולנד בי.וי.,NL,חטיף מרס שוקולד 51 גרם,Unknown,0.00,Unknown,false,1,3.90,0.0000,true,1,225238
5000159409179,false,מארז חטיפי מיני סניקרס Snickers,מרס הולנד בי.וי.,NL,חטיפי מיני סניקרס 408 ג בשקית,גרמים,403.00,100 גרם,false,1,19.90,4.9380,true,1,239900
5000159414197,false,מלטיזרס-כדורים פריכים בציפוי שוולד חלב 135 גרם,מרס שוקולד צ.אמריקה,NL,סוכריות מאלטיזרס 135 גרם,גרמים,135.00,100 גרם,false,,11.90,8.8148,true,1,335404
5000159422345,false,מאגדת שלגוני סניקרס,,,מאגדת שלגוני סניקרס 18יח,יחידה,18.00,יחידה,false,1,59.90,3.3278,true,1,335667
5000159442572,false,מיני טוויקס בשקית 403גרם,טוויקס,DE,חטיפי מיני טויקס 408 ג בשקית,גרמים,403.00,100 גרם,false,1,19.90,4.9380,true,1,239901
5000159452540,false,סניקרס מארז חטיף 50 גרם חמישייה,מרס הולנד בי.וי.,NL,מארז 5 יח חטיף סניקרס 50 גרם,גרמים,250.00,100 גרם,false,17,10.90,4.3600,true,1,328380
5000159452663,false,מרס מארז חטיף 45 גרם חמישייה,מארס,NL,מארז 5 יח חטיף מרס 45 גגם,גרמים,225.00,100 גרם,false,17,10.90,4.8444,true,1,328383
5000159452977,false,מיקס שקית מיניס 400 גרם מרס-באונטי-טוויק,מרס הולנד בי.וי.,NL,חטיפי מיני מיקס 408 ג בשקית,גרמים,400.00,100 גרם,false,1,19.90,4.9750,true,1,239902
5000159459228,false,חטיף שוקולד טוויקס 50 ג',"נארז ע""י : א.ג. גילר",NL,חטיף טוויקס 50 ג,Unknown,0.00,Unknown,false,1,3.90,0.0000,true,1,235582
5000159461122,false,חטיף שוקולד סניקרס מקס קרמל 50 ג',"נארז ע""י : א.ג. גילר",NL,חטיף סניקרס 50 ג,Unknown,0.00,Unknown,false,1,3.90,0.0000,true,1,235581
5000159483063,false,גלידה באונטי שמנת שי,פלדמן,IL,מאגדת שלגון באונטי 6יח,יחידה,6.00,יחידה,false,12,32.90,5.4833,true,1,316084
5000159484695,false,גלידת טוויקס שמנת עם קרמל וביסקוויט מצופה 205 גרם,פלדמן,FR,מאגדת שלגון טוויקס 6יח,יחידה,6.00,יחידה,false,12,32.90,5.4833,true,1,316085
5000159485920,false,שוקולד מלטיזרס 100 ג,מרס,GB,שוקולד מלטיזרס 100 גרם,גרמים,100.00,100 גרם,false,23,10.90,10.9000,true,1,336535
5000159500845,false,סלבריישן מארז מתנה 196 גרם,מיילי,NL,בונבוניירה סלבריישן 196 גרם,גרמים,196.00,100 גרם,false,1,20.90,10.6633,true,1,307292
5000159509633,false,גלידת סניקרס לבן עם בוטנים וקרמל מצופה 244 גרם,מארס שוקולד,FR,מאגדת שלגון סניקרס לבן 6יח,יחידה,6.00,יחידה,false,12,32.90,5.4833,true,1,326465
5000159515443,false,מאגדת גלידה סניקרס על מקל רביעייה 240 גר,,FR,מאגדת שלגון סניקרס 4יח,יחידה,4.00,יחידה,false,8,41.90,10.4750,true,1,336620
5000159516235,false,אם אנד אם טבלת שוקולד בוטנים 165 גרם,מרס,IE,שוקולד אם אנד אמס בוטנים 165 גרם,גרמים,165.00,100 גרם,false,16,18.90,11.4545,true,1,320817
5000159516259,false,טבלת שוקולד אמ אנד אמס שוקו 165 ג',מרס,IE,שוקולד אם אנד אמס 165 גרם,גרמים,165.00,100 גרם,false,16,18.90,11.4545,true,1,320818
5000159516273,false,אם אנד אם טבלת שוקולד קריספי 150 גרם,מרס,IE,שוקולד אם אנד אמס קריספי 165 גרם,גרמים,150.00,100 גרם,false,16,18.90,12.6000,true,1,320819
5000159516297,false,טבלת שוקולד אמ אנד אמס אגוזים 165 ג',מרס,IE,שוקולד אם אנד אמס אגוז 165 גרם,גרמים,165.00,100 גרם,false,16,18.90,11.4545,true,1,320820
5000159516563,false,צעצוע פנס אמ אנד אמס,General,CN,פנס אם אנד אמס,Unknown,0.00,Unknown,false,1,10.00,0.0000,true,1,326553
5000159526081,false,"גלידת ""סניקרס"" חלבית עם בוטנים וקרמל מצופה שבבי אגוז 207 גר",,,מאגדת גלידה סניקרס קריספי 6 יח,יחידה,6.00,יחידה,false,1,34.90,5.8167,true,1,332422
5000159528931,false,טוויקס חטיף קרמל מלוח 46 גרם,מרס נדרלנד,PL,חטיף טוויקס קרמל מלוח,Unknown,0.00,Unknown,false,1,3.90,0.0000,true,1,323553
5000159530613,false,מאגדת שלגוני מארס 18,,,מאגדת שלגוני מארס 18יח,יחידה,18.00,יחידה,false,1,59.90,3.3278,true,1,335666
5000159536400,false,טוויקס סטיקס 99 קלוריות 10 יחידות,מרס,NL,חטיפי טוויקס סטיקס 10 יח 200 גרם,גרמים,200.00,100 גרם,false,1,15.90,7.9500,true,1,328026
5000159537537,false,אם אנד אם טבלת שוקולד עוגיות 165 גרם,מרס,IE,שוקולד אם אנד אמס קוקיז 165 גרם,גרמים,165.00,100 גרם,false,16,18.90,11.4545,true,1,329256
5000159541152,false,חטיף טוויקס לבן 46 גרם.,מרס.גי אם. בי אייץ,DE,חטיף טוויקס לבן 46 גרם,Unknown,0.00,Unknown,false,1,3.90,0.0000,true,1,334791
5000168199245,false,שוקולד חלב מעולה בתוספת קרמל מלוח פיור גודייבה 90 ג',"אולקר מקבוצת פלאדיס, ציק",TR,שוקולד גודאיבה פיור חלב קרמל מלוח 90גר,Unknown,0.00,Unknown,false,18,14.90,0.0000,true,1,315720
5000175411118,false,קוביות תיבול XO עוף מופחת נתרן 71 גרם,,GB,קוביות אוקסו עוף 6 יח 71 גר,Unknown,0.00,Unknown,false,24,25.00,0.0000,true,1,234637
5000175411170,false,אוקסו כבש 6 יח 71 גר,,GB,אוקסו כבש 6 יח 71 גרם,Unknown,0.00,Unknown,false,24,19.90,0.0000,true,1,328373
5000175411187,false,קוביות אוקסו בשר 6 י,,GB,קוביות אוקסו בשר 6 יח 71 גרם,Unknown,0.00,Unknown,false,24,19.90,0.0000,true,1,234638
5000175411217,false,קוביות תיבול 71 גרם XO ירקות,,GB,קוביות אוקסו ירקות 6 יח 71 גר,Unknown,0.00,Unknown,false,24,25.00,0.0000,true,1,244701
5000184221241,false,קנור ארומט-אבקת תיבול במיכל 90 גרם,,,תערובת קנור ארומט 90 גר,Unknown,0.00,Unknown,false,1,16.90,0.0000,true,1,237172
5000204048711,false,קיווי ספריי להגנת נעלי ספורט 200 מל,ג'ונסון אנד ג'ונסון,NL,קיווי להגנת נעלי ספורט 200מל,מיליליטרים,200.00,"100 מ""ל",false,6,16.90,8.4500,true,1,332608
5000204048742,false,"קיווי לבישום נעלי ספורט 100 מ""ל",SC Jonson,NL,קיווי לבישום נעלי ספורט 100מל,מיליליטרים,100.00,"100 מ""ל",false,6,16.90,16.9000,true,1,332607
5000204048803,false,"קיווי לניקוי נעלי ספורט 75 מ""ל",ג'ונסון אנד ג'ונסון,NL,קיווי לניקוי נעלי ספורט 75מל,מיליליטרים,100.00,"100 מ""ל",false,6,16.90,16.9000,true,1,332609
5000204114867,false,"גלייד ארוסול בניחוח וניל 300 מ""ל","אס.סי ג'\ונסון,מידרכט, ה",TR,מ.אוויר גלייד ספריי 300מל בניחוח וניל,מיליליטרים,300.00,"100 מ""ל",false,1,8.90,2.9667,true,1,320069
5000204114898,false,גלייד ארוסול מבשם אוויר ניחוח מרכך כביסה,"אס.סי ג'\ונסון,מידרכט, ה",NL,מ.אוויר גלייד ספריי 300מל בניחוח מרכך,מיליליטרים,300.00,"100 מ""ל",false,1,8.90,2.9667,true,1,320071
5000204114959,false,"גלייד ארוסול בניחוח פריחה בלבן 300 מ""ל","אס.סי ג'\ונסון,מידרכט, ה",NL,מ.אוויר גלייד ספריי 300מל בניחוח פריחה,מיליליטרים,300.00,"100 מ""ל",false,1,8.90,2.9667,true,1,320073
5000204115048,false,גלייד ארוסול מבשם אוויר בניחוח לבנדר,"אס.סי ג'\ונסון,מידרכט, ה",NL,מ.אוויר גלייד ספריי 300מל בניחוח לבנדר,מיליליטרים,300.00,"100 מ""ל",false,1,8.90,2.9667,true,1,320070
5000204133509,false,זיפלוק שקיות אחסון גדולות 19 יחידות,אס.סי.גונסון ובניו,US,שקיות איחסון זיפלוק גדולות 19יח,יחידה,19.00,יחידה,false,12,13.90,0.7316,true,1,325691
5000204151022,false,"פלדג' אירוסול לניקוי רהיטים לבנדר 250 מ""ל","אס.סי ג'\ונסון, אירופלנט",NL,ספריי לניקוי רהיטים פלדג לבנדר 250 מל,מיליליטרים,250.00,"100 מ""ל",false,1,15.90,6.3600,true,1,322561
5000204151053,false,"פלדג' אירוסול לניקוי רהיטים קלאסי 250 מ""ל","אס.סי ג'\ונסון, אירופלנט",NL,ספריי לניקוי רהיטים פלדג טבעי 250 מל,מיליליטרים,250.00,"100 מ""ל",false,1,15.90,6.3600,true,1,322560
5000204151084,false,"פלדג' אירוסול לניקוי כללי לימון 250 מ""ל","אס.סי ג'\ונסון, אירופלנט",NL,ספריי פלדג לניקוי כללי לימון 250מל,מיליליטרים,250.00,"100 מ""ל",false,1,15.90,6.3600,true,1,322563
5000204153729,false,מטהר אוויר גלייד מילוי אוטומטי לבנדר וניל,המאפיה של הרמן,TR,מילוי מ. אויר גלייד אוטומטי לבנדר וניל,מיליליטרים,269.00,"100 מ""ל",false,1,13.90,5.1673,true,1,323934
5000204153842,false,מטהר אוויר גלייד מילוי אוטומטי וניל,המאפיה של הרמן,TR,מילוי מ. אויר גלייד אוטומטי וניל 269 מל,מיליליטרים,269.00,"100 מ""ל",false,1,13.90,5.1673,true,1,323936
5000204153903,false,מטהר אוויר גלייד מילוי אוטומטי מרכך כביסה,"קוסטר אירוסול ואלף סאן,",TR,מילוי מ. אויר גלייד אוטומטי מרכך כביסה,מיליליטרים,269.00,"100 מ""ל",false,1,13.90,5.1673,true,1,323935
5000204154283,false,גלייד מילוי ניחוח ב.רענן,"קוסטר אירוסול ואלף סאן,",TR,מילוי מ. אויר גלייד אוטומטי בוקר רענן269,מיליליטרים,269.00,"100 מ""ל",false,1,13.90,5.1673,true,1,323938
5000204155723,false,"גלייד מארז אוטומטי-בניחות מרכך כביסה 269 מ""ל",קוסטר אירוסול ואלף סאן,TR,מ.אויר גלייד אוטומטי מילוי ריח מרכך כביס,גרמים,400.00,100 גרם,false,1,39.90,9.9750,true,1,323932
5000204155815,false,"גלייד מארז אוטומטי מרכך כביסה 269 מ""ל",גלייד,,מ.אויר גלייד אוטומטי מילוי ריח וניל,גרמים,400.00,100 גרם,false,1,39.90,9.9750,true,1,323933
5000204156218,false,"מארז גלייד אוטומטי לבנדר וניל 269 מ""ל",יצרן אירוסול: קוסטור איר,TR,מ.אויר גלייד אוטומטי ומילוי לבנדר וניל,גרמים,400.00,100 גרם,false,1,39.90,9.9750,true,1,323931
5000204167610,false,"גלייד אירוסול פסטיבל קינמון 300 מ""ל",coster aerosol vail,,מ.אוויר גלייד ספריי 300מל בניחוח קינמון,מיליליטרים,300.00,"100 מ""ל",false,1,8.90,2.9667,true,1,332610
5000204167856,false,"גלייד מילוי אוטומטי פסטיבל קינמון 269 מ""ל","קוסטר אירוסול ואלף סאן,",TR,מילוי מ. אויר גלייד אוטומטי 269מל קינמון,מיליליטרים,269.00,"100 מ""ל",false,1,13.90,5.1673,true,1,332614
5000204171822,false,ט.דאק פרש ג'ל מילוי לאסלה יסמין,,NL,מילוי סבון אסלה דאק דיסק גל יסמין 36מל,Unknown,0.00,Unknown,false,10,13.90,0.0000,true,1,326245
5000204182026,false,גלייד מוצק בניחוח אודיסאה הכחולה 180גר,במה פולסקה אספי.זד.או.או,PL,מטהר אויר גלייד גל 180גר בניחוח אודיסאה,גרמים,180.00,100 גרם,false,8,14.90,8.2778,true,1,328421
5000204182057,false,מטהר אוויר גלייד מוצק בניחוח לבנדר,במה פולסקה אספי.זד.או.או,PL,מטהר אויר גלייד גל 180גר בניחוח לבנדר,גרמים,180.00,100 גרם,false,8,14.90,8.2778,true,1,328420
5000204196658,false,"נוזל מילוי 45 לילות 36 מ""ל רייד",גונסון שנגחאי,BG,מילוי רייד נוזלי ליתושים 45 יום,Unknown,0.00,Unknown,false,1,19.90,0.0000,true,1,328426
5000204196689,false,"RAID מכשיר חשמלי +נוזל מילוי 90 לילות 2*36 מ""ל",Zobele Bulgaria,BG,רייד מכשיר חשמלי 90 לילות +זוג נוזל,יחידה,1.00,יחידה,false,1,44.90,44.9000,true,1,328424
5000204196924,false,רייד מילוי נוזל *זוג 90 *לילות,גונסון שנגחאי,BG,זוג מילוי רייד נוזלי ליתושים 90 לילות,יחידה,45.00,יחידה,false,1,34.90,0.7756,true,1,328425
5000204197051,false,"מכשיר חשמלי +נוזל מילוי אקליפטוס 45 לילות רייד 36 מ""ל",גונסון שנגחאי,BG,מכשיר רייד +מילוי נוזל 45 לילות,יחידה,1.00,יחידה,false,1,34.90,34.9000,true,1,328427
5000204226256,false,"גלייד ארוסול בניחוח מסיבת פטל 300 מ""ל",coster aerosol vail,TR,מ.אוויר גלייד ספריי 300מל בניחוח פטל,מיליליטרים,300.00,"100 מ""ל",false,1,8.90,2.9667,true,1,332616
5000204227130,false,"גלייד מבשם ריח מקלות פסגות טיבט 80 מ""ל",CTR פורטוגל,PT,מקלות בישום גלייד בניחוח פסגות טיבט 80מל,Unknown,0.00,Unknown,false,6,21.90,0.0000,true,1,332605
5000204227161,false,"גלייד מבשם ריח מקלות ניחוח הפרדס 80 מ""ל",CTR פורטוגל,PT,מקלות בישום גלייד בניחוח פרדס 80מל,Unknown,0.00,Unknown,false,6,21.90,0.0000,true,1,332604
5000204227192,false,"גלייד מבשם ריח מקלות רגע של נחת 80 מ""ל",גלייד,PT,מקלות בישום גלייד בניחוח רגע של נחת 80מל,Unknown,0.00,Unknown,false,6,21.90,0.0000,true,1,332606
5000204657883,false,קיווי משחת נעליים בקופסא חום 50 מל,ג' אל ראיה בוגור ג'א,ID,מש.נעליים קיווי חום 50 מל בקופסא,Unknown,0.00,Unknown,false,1,6.50,0.0000,true,1,234192
5000204657913,false,קיווי משחת נעליים בקופסא שחור 50 מל,ג' אל ראיה בוגור,ID,מש.נעליים קיווי שחור 50 מל בקופסא,Unknown,0.00,Unknown,false,1,6.50,0.0000,true,1,234191
5000204658064,false,"ספוגית הברקה קיווי אקספרס שחור 6 מ""ל",המאפיה של הרמן,HN,קיווי אקספרס שחור חדש לנעליים,Unknown,0.00,Unknown,false,1,14.90,0.0000,true,1,234185
5000204658125,false,קיווי נוזל לניקוי נעליים חום 75 מל,אס' סי' ג'ונסון במה,PL,נ.נעליים קיווי קראון חום 75 מל חדש,Unknown,0.00,Unknown,false,1,14.90,0.0000,true,1,234188
5000204658187,false,"קיווי נוזל נעליים קראון שחור 75 מ""ל",אס' סי' ג'ונסון במה,PL,נ.נעליים קיווי קראון שחור 75 מל חדש,Unknown,0.00,Unknown,false,1,14.90,0.0000,true,1,234189
5000204660159,false,"קיווי אקספרס ספוג הברקה שקוף 6מ""ל",המאפיה של הרמן,ID,קיווי אקספרס שקוף חדש לנעליים,Unknown,0.00,Unknown,false,1,14.90,0.0000,true,1,234187
5000204661392,false,"קיווי אקסטרא לארג' שחור(גדול) 100מ""ל",המאפיה של הרמן,ID,מש.נעליים קיווי אקסטרא שחור 100 מל קופסא,מיליליטרים,100.00,"100 מ""ל",false,1,8.90,8.9000,true,1,234190
5000204886566,false,"תרסיס מנקה, מזין ומגן על העץ עם שמן תפוז טבעי",Jonson ג'ונסון,US,פלדג שמן תפוז 473 מל,מיליליטרים,473.00,"100 מ""ל",false,6,28.90,6.1099,true,1,219706
5000209145514,false,"מי פה פלאקס אייס קולגייט 250 מ""ל",קולגייט- פלמוליב,BR,מי פה קולגייט פלקס מנטה עדין 250 מל,מיליליטרים,250.00,"100 מ""ל",false,12,14.90,5.9600,true,1,315734
5000213014905,false,"בירה גינס פחית 440 מ""ל",קרלסברג ישראל,IE,גינס פחית 440 מל,מיליליטרים,500.00,"100 מ""ל",false,24,14.90,2.9800,true,1,235035
5000267014203,false,וויסקי ג'וני ווקר אדום,אלכוהול (איי.בי.בי),GB,וויסקי גוני ווקר אדום 700 מל פיקדון,מיליליטרים,70000.00,"100 מ""ל",false,1,74.90,0.1070,true,1,219987
5000267014234,false,וויסקי ג'וני ווקר רד לייבל Red label,ג'וני ווקר Johnnie walker,GB,ויסקי גוני ווקר אדום 700 מל פקדון קרטון,מיליליטרים,700.00,"100 מ""ל",false,1,74.90,10.7000,true,1,324061
5000267024202,false,"וויסקי ג'וני בלאק לייבל עם פורר 700מ""ל",אלכוהול (איי.בי.בי),GB,וויסקי גוני ווקר שחור 700 מל,מיליליטרים,70000.00,"100 מ""ל",false,1,109.90,0.1570,true,1,221190
5000267117560,false,"וויסקי גוני ווקר גולד לייבל רזרב 750 מ""ל",ג'\ון ווקר ובניו,GB,וויסקי גוני ווקר גולד ריזרב 700 מל,מיליליטרים,700.00,"100 מ""ל",false,6,150.00,21.4286,true,1,324071
5000267191577,false,"מארז גוני שחור 700 מ""ל+2 כוסות הייבול",,,ומארז ויסקי גוני ווקר שחור + 2 כוסות 700,מיליליטרים,700.00,"100 מ""ל",false,1,109.90,15.7000,true,1,338569
5000267191584,false,מארז גוני שחור 700מל+ גולד50מל+דאבל50מל,,,מארז וויסקי גוני ווקר שחור +גולד 700 מל,מיליליטרים,700.00,"100 מ""ל",false,1,109.90,15.7000,true,1,338568
5000277002627,false,וויסקי דיוארס 12 שנה,גון דיוארס,,וויסקי דיוארס 12 שנה 1 לי,ליטרים,1.00,ליטר,false,1,169.00,169.0000,true,1,317930
5000281040899,false,"רום קפטן מורגן וייט 750 מ""ל",קפטן מורגן Captain Morgan,JM,רום קפטן מורגן לבן 700 מל,מיליליטרים,700.00,"100 מ""ל",false,6,105.00,15.0000,true,1,325507
5000289925440,false,"ג'ין גורדון 37.5% 700 מ""ל",אלכסנדר גורדון ושות',GB,גין גורדון 700 מל,מיליליטרים,700.00,"100 מ""ל",false,6,84.90,12.1286,true,1,324069
5000291020706,false,משקה גין טנקרי 700 מ,צ'רלס טנקרי ושות',GB,משקה גין טנקרי 700 מל פיקדון,מיליליטרים,700.00,"100 מ""ל",false,1,109.00,15.5714,true,1,226450
5000299211243,false,"וויסקי שיבאס רויאל סלוט 21 שנה 750 מ""ל",שיבס ריגל,GB,וויסקי רויאל סלוט 21 שנה 700 מל,מיליליטרים,700.00,"100 מ""ל",false,1,449.00,64.1429,true,1,315013
5000299223031,false,"קפטן מורגן ספייסד - רום 750 מ""ל",קפטן מורגן Captain Morgan,JM,רום קפטן מורגן ספייסד 750 מל,מיליליטרים,75000.00,"100 מ""ל",false,1,89.00,0.1187,true,1,232357
5000299605950,false,"ביפאיטר ג'ין פינק 37% 700 מ""ל",,GB,גין ביפאיטר פינק 700 מל,מיליליטרים,700.00,"100 מ""ל",false,6,106.00,15.1429,true,1,318425
5000299622049,false,וויסקי שיבס ריגאל XV 15,האחים שיבאסn\,GB,וויסקי שיבס אקס וי 15 שנה 700 מל,מיליליטרים,700.00,"100 מ""ל",false,1,185.00,26.4286,true,1,318010
5000328601380,false,סלסה דוריטוס דיפ חרי,,,סלסה דוריטוס דיפ חריפה 300 גרם,גרמים,300.00,100 גרם,false,6,16.90,5.6333,true,1,328189
5000328637327,false,דוריטוס רוטב דיפ שמנת ועירית שום 300 גר,,GB,סלסה דוריטוס דיפ שמנת 300 גרם,גרמים,300.00,100 גרם,false,6,16.90,5.6333,true,1,328192
5000328697796,false,דוריטוס-דיפ סלסה חריפות בינונית 300 גרם,,GB,סלסה דוריטוס דיפ מעודנת 300 גרם,גרמים,300.00,100 גרם,false,6,16.90,5.6333,true,1,328190
5000329002193,false,משקה ג'ין ביפאיטר 70,פרנו ריקרד יורו,GB,גין ביפאיטר 700 מל,מיליליטרים,700.00,"100 מ""ל",false,1,99.00,14.1429,true,1,312738
5000354912306,false,אוקסו ציר יין אדום 80 גרם,,GB,אוקסו ציר יין אדום 80 גרם,Unknown,0.00,Unknown,false,10,19.90,0.0000,true,1,327546
5000354912672,false,אבקת פודינג קסטרד בי,יוניליוור,GB,אבקת פודינג קסטרד בירד 300 גר,גרמים,300.00,100 גרם,false,12,16.90,5.6333,true,1,334055
5000394019171,false,סוללה פלוס פאוור 2 יחידות D דורסל,פרוקטר אנד גמבל,US,סוללת דורסל די פלוס פאוור,יחידה,1.00,יחידה,false,1,24.90,24.9000,true,1,300906
5000394137486,false,רביעיות סוללות אופטימום AA דורסל,פרוקטר אנד גמבל,BE,סוללות דורסל 4יח אופטימום 2021AA,יחידה,4.00,יחידה,false,16,18.90,4.7250,true,1,332124
5000394137516,false,רביעיות סוללות אופטימום AAA דורסל,פרוקטר אנד גמבל,BE,סוללות דורסל 4יח אופטימום 2021AAA,יחידה,4.00,יחידה,false,8,18.90,4.7250,true,1,332125
5000394140851,false,רבעיות סוללות דורסל AA פלוס פאוור,פרוקטר אנד גמבל,BE,סוללות דורסל 4יח פלוס פאוור AA,יחידה,4.00,יחידה,false,24,9.90,2.4750,true,1,332120
5000394141117,false,רבעיות סוללות דורסל AAA פלוס פאוור,פרוקטר אנד גמבל,BE,סוללות דורסל 4יח פלוס פאוור AAA,יחידה,4.00,יחידה,false,24,9.90,2.4750,true,1,332121
5000396037531,false,מקוויטיס ביסקוויט מצופה שוקולד חלב 200 גרם,ברנדס סרטרה נשיונל,GB,ביסקויט מקוויטס מצופה חלב 250 גרם,גרמים,200.00,100 גרם,false,10,11.90,5.9500,true,1,308339
5000396037548,false,מקוויטיס ביסקוויט מצופה שוקולד מריר 200 גרם,ברנדס סרטרה נשיונל,GB,ביסקויט מקוויטס מצופה מריר 200 גרם,גרמים,200.00,100 גרם,false,10,11.90,5.9500,true,1,308340
5000396037944,false,מקוויטיס ביסקוייט קלאסי 250 גרם,ברנדס סרטרה נשיונל,GB,ביסקויט מקוויטס קלאסי חיטה מלאה 250 גרם,גרמים,250.00,100 גרם,false,10,10.90,4.3600,true,1,308337
5000409006714,false,מלפפון חמוץ פיקנטי 6,EMPIRE BESPOKE FOODS,GB,MRS ELSWOOD-מלפפונים פיקנטי 670גר,גרמים,670.00,100 גרם,false,6,23.00,3.4328,true,1,241972
5000409006721,false,"MRS. ELSWOOD - מלפפונים להמבורגר 670ג""ר",EMPIRE BESPOKE FOODS,NL,מלפפון להמבורגר 670 גר מר אלסווד,גרמים,670.00,100 גרם,false,6,23.00,3.4328,true,1,295016
5010019640277,false,וויסקי לפרוייג סינגל,,,וויסקי לפרוייג סינגל מאלט 10 שנים 700,מיליליטרים,700.00,"100 מ""ל",false,1,229.00,32.7143,true,1,310565
5010026515919,false,מוזלי קריספי נאטי מורנפלייק 650 גרם,מורנפלייק Mornflake,GB,מוזלי מורנפליק קריספי אגוזים 650 גרם,גרמים,650.00,100 גרם,false,1,24.90,3.8308,true,1,334650
5010026515933,false,מוזלי קריספי פירות ואגוזים מורנפלייק 750 גרם,מורנינג פוד,GB,מוזלי מורנפליק קריספי פירות יבשים750 גרם,גרמים,750.00,100 גרם,false,1,24.90,3.3200,true,1,334651
5010026515940,false,מוזלי קריספי פרוטי מורנפלייק 650 גרם,מורנפלייק Mornflake,GB,מוזלי מורנפליק קריספי פירות 750 גרם,גרמים,750.00,100 גרם,false,1,24.90,3.3200,true,1,334649
5010029000252,false,וויטביקס תערובת דגנים מחיטה מלאה 430 גרם,וויטביקס,GB,דגנים וויטביקס מקורי 430 גרם,גרמים,430.00,100 גרם,false,14,23.90,5.5581,true,1,308478
5010029201246,false,מוזלי שקדים וצימוקים ללא תוספת סוכר 560 גר',וויטביקס,GB,גרנולה אלפן שקדים וצימוקים ל.ס.560 גרם,גרמים,560.00,100 גרם,false,12,26.90,4.8036,true,1,317982
5010029219241,false,דגני בוקר וויטביקס מיני שוקולציפס 450 גר,וויטביקס Weetabix,,דגני וויטביקס קריספי שוקו ציפס 450 גרם,גרמים,450.00,100 גרם,false,1,23.90,5.3111,true,1,311591
5010029221084,false,דגני וויטביקס פרוטאין קראנץ' בטעם מקורי,טרופיקל דגיל תעשיות,,דגני וויטביקס פרוטאין קראנץ 450 גרם,גרמים,450.00,100 גרם,false,1,22.90,5.0889,true,1,311592
5010029221091,false,דגני וויטביקס פרוטאין קראנצ עם שוקולד 450 ג',וויטביקס Weetabix,GB,דגני וויטביקס פרוטאין קראנץ שוקו 450 גרם,גרמים,450.00,100 גרם,false,8,22.90,5.0889,true,1,311594
5010029222005,false,דגנים חיטה מלאה עם פרוטאין וויטביקס 440,וויטביקס,,דגני וויטביקס פרוטאין 440 גרם,גרמים,440.00,100 גרם,false,1,22.90,5.2045,true,1,330895
5010029223484,false,מוזלי תות חמוציות ופטל ללא תוספת סוכר 560 גר',וויטביקס,GB,גרנולה אלפן חמוציות תות אוכמ ל.ס.560 גרם,גרמים,560.00,100 גרם,false,12,26.90,4.8036,true,1,317989
5010038454831,false,"בקבוק בירה בלומון 330 מ""ל","מבשלת סטרופראמן בע""\מ ,",CZ,בירה בלו מון 330 מל 5.4% פקדון,מיליליטרים,330.00,"100 מ""ל",false,1,11.90,3.6061,true,1,319749
5010038464670,false,"בלו מון בירה מנגו 330מ""ל",לה סגרה ברו ספרד,ES,בירה בלומון מנגו 330מל בק.פקדון,מיליליטרים,330.00,"100 מ""ל",false,24,12.90,3.9091,true,1,336357
5010067322453,false,טרוביה תחליף אבקת סוכר 280 גרם,טרוביה Truvia,US,טרוביה תחליף אבקת סוכר 280 גר,גרמים,280.00,100 גרם,false,6,27.90,9.9643,true,1,337912
5010103913188,false,סטרלינג וינטנרס קולקשן ק. סוביניון 750 מ,סטרלינג,US,יין קולקשן ק.ס סטרלינג וינטנרס 750 מל,מיליליטרים,750.00,"100 מ""ל",false,12,85.00,11.3333,true,1,317500
5010103913249,false,יין קולקשן מרלו סטרל,,US,יין קולקשן מרלו 750 מל,מיליליטרים,750.00,"100 מ""ל",false,6,85.00,11.3333,true,1,317499
5010106110126,false,ויסקי בלנטיינס 17 שנ,,,וויסקי בלנטיינס 17 שנה 700מל פקדון,מיליליטרים,700.00,"100 מ""ל",false,1,234.90,33.5571,true,1,236817
5010106110386,false,וויסקי בלנטיינס 21 ש,,,וויסקי בלנטיינס 21 שנה 700מל פקדון,מיליליטרים,700.00,"100 מ""ל",false,1,419.00,59.8571,true,1,236818
5010115900596,false,סירופ גולדן לחיץ 454,,GB,סירופ גולדן לחיץ 454 גר,גרמים,454.00,100 גרם,false,12,20.90,4.6035,true,1,327560
5010115900633,false,סירופ טופינג תות שדה,,GB,סירופ טופינג תות שדה 325 גרם,גרמים,325.00,100 גרם,false,8,18.90,5.8154,true,1,327592
5010115900701,false,סירופ טופינג שוקולד,,GB,סירופ טופינג שוקולד 325 גרם,גרמים,325.00,100 גרם,false,8,18.90,5.8154,true,1,327591
5010115902941,false,סירופ גולדן פח 454 ג,,GB,סירופ גולדן פח 454 גר,גרמים,454.00,100 גרם,false,12,22.90,5.0441,true,1,223470
5010134911665,false,יין בנרוק סטיישן קבר,,GB,יין בנרוק סטיישן קברנה סובוניון 750 מל,מיליליטרים,750.00,"100 מ""ל",false,6,40.00,5.3333,true,1,320961
5010134916677,false,יין קומאלה שיראז 750,,,יין קומאלה שיראז 750 מל,מיליליטרים,750.00,"100 מ""ל",false,1,45.00,6.0000,true,1,314961
5010134916684,false,יין קומאלה פינוטאג 7,קומאלה,ZA,יין קומאלה פינוטאג 750 מל,מיליליטרים,750.00,"100 מ""ל",false,1,45.00,6.0000,true,1,316632
5010134916714,false,יין קומאלה שנין בלאן,קומאלה,ZA,יין קומאלה שנין בלאן 750 מל פיקדו,מיליליטרים,750.00,"100 מ""ל",false,1,45.00,6.0000,true,1,316631
5010182996799,false,ג'ל אסלה מנטרל ריחות בניחוח פרחי בר ורודים,דאופלור אס.פי.אי איט,IT,גל אסלה דאק בניחוח פרחי בר/ליים 55 מל,Unknown,0.00,Unknown,false,1,9.90,0.0000,true,1,220197
5010182996805,false,רייד מונע עש ניחוח לבנדר,זובילי,IT,רייד מונע עש שמן עץ הארז,Unknown,0.00,Unknown,false,24,12.90,0.0000,true,1,219982
5010182997253,false,רייד תרסיס קוטל ג'וקים/תיקנים 300 מל,אס.סי.ג'ונסון מידרכט,NL,"רייד פי 3 קוטל זוחלים תיקנים 300 מ""ל",מיליליטרים,300.00,"100 מ""ל",false,1,15.90,5.3000,true,1,218848
5010182997338,false,דאק ג'ל לניקוי אסלות בניחוח רענן 55 מל,"איטיליאן פוד, אס.פי.",IT,ט.דאק גל אסלה רענן ירוק 55 מל,Unknown,0.00,Unknown,false,1,9.90,0.0000,true,1,218551
5010182997680,false,"רייד ארוסול קוטל נמלים - 300 מ""ל",אס.סי.ג'ונסון מידרכט,NL,"רייד מקס ארוסול קוטל זוחלים-אדום 300 מ""ל",מיליליטרים,300.00,"100 מ""ל",false,1,15.90,5.3000,true,1,218552
5010182997918,false,דאק ג'ל לניקוי אסלות בניחוח ים 55 מל,"איטיליאן פוד, אס.פי.",IT,טואלט דאק גל אסלה ים כחול 55 מל,Unknown,0.00,Unknown,false,1,9.90,0.0000,true,1,218553
5010182998847,false,דאק נוזל לניקוי אסלות בניחוח ים 750 מל,מיוצר עי קונדיטוריית,NL,טוא.דאק נוזל כחול 750 מל,מיליליטרים,750.00,"100 מ""ל",false,1,10.90,1.4533,true,1,236795
5010186019326,false,יין בנרוק סטיישן שרד,,GB,יין בנרוק סטיישן שרדונה 750 מל,מיליליטרים,750.00,"100 מ""ל",false,6,40.00,5.3333,true,1,320960
5010265002201,false,פת פריכה מקמח שיפון250ג,דה ג'ורדנס אנד ריווי,GB,פת פריכה שיפון 250 גרם,גרמים,250.00,100 גרם,false,1,10.00,4.0000,true,1,311134
5010265002836,false,"פת פריכה אוריגינל שיפון מלא 250 גרם ""ריוטה""",דה ג'ורדנס אנד ריווי,GB,פת ריויטה קמח שיפון ושיפון 250 גר,גרמים,250.00,100 גרם,false,12,10.90,4.3600,true,1,301579
5010265002911,false,רייויטה פת פריכה מקמח שיפון מלא 250 גרם,דה ג'ורדנס אנד ריווי,GB,פת פריכה מקמח מלא,גרמים,250.00,100 גרם,false,1,11.50,4.6000,true,1,324380
5010284100018,false,ליקר מאליבו 700 מל פ,,,ליקר מאליבו 700 מל פיקדון,מיליליטרים,700.00,"100 מ""ל",false,1,79.00,11.2857,true,1,332663
5010314101015,false,וויסקי פיימוס גראוס 1 ליטר,מתיו גלוג אנד סאן,,וויסקי פיימוס גראוס 1 לי,ליטרים,1.00,ליטר,false,1,120.00,120.0000,true,1,299391
5010327000039,false,וויסקי גרנטס 1 ל,גרנט'ס (William Gran,,וויסקי גרנטס 1 ל פקדון,ליטרים,1.00,ליטר,false,1,109.00,109.0000,true,1,230481
5010327000046,false,וויסקי גרנט'ס סקוטי,"וויליאם גראנט ובניו בע""\",GB,וויסקי גרנטס 700 מל פקדון,מיליליטרים,700.00,"100 מ""ל",false,1,74.90,10.7000,true,1,219330
5010327000176,false,"וויסקי גלנפידיך מולט 12 שנה 700 מ""ל",גרנט'ס (William Gran,GB,וויסקי גלנפידיך מולט 12 שנה 700 מל פיקד,מיליליטרים,750.00,"100 מ""ל",false,1,149.00,19.8667,true,1,225445
5010327105215,false,וויסקי מאנקי שולדר Monkey Shoulder,"וויליאם גראנט ובניו בע""\",GB,וויסקי מונקי שולדר גלנפידיך בלויני 700מל,מיליליטרים,700.00,"100 מ""ל",false,1,139.90,19.9857,true,1,237278
5010327205182,false,וויסקי גרנטס אייל קא,גרנט'ס (William Gran,,וויסקי גרנטס אייל קאסק רזרב 700 מל פקדון,מיליליטרים,700.00,"100 מ""ל",false,1,125.00,17.8571,true,1,220821
5010327305585,false,וויסקי גלנפידיך&קיין700מ,וויליאם גרמט'ס אנד סונסנ,GB,וויסקי גלנפידיך פייר אנד קאן 700 מל,מיליליטרים,700.00,"100 מ""ל",false,6,189.00,27.0000,true,1,316807
5010327325125,false,וויסקי גלנפידיך 15 שנה סולרה רזרב 750 מל,גרנט'ס (William Gran,,וויסקי גלנפידיך 15 שנה סולרה רזרב 700מל,מיליליטרים,750.00,"100 מ""ל",false,1,239.00,31.8667,true,1,230478
5010327325323,false,וויסקי גלנפידיך 18 שנה אנשנט רזרב 750,גרנט'ס (William Gran,,וויסקי גלנפידיך 18 שנה אנשנט רזרב 700מל,מיליליטרים,700.00,"100 מ""ל",false,1,349.00,49.8571,true,1,327355
5010327325606,false,וויסקי גלנפידיך אי פ,וויליאם גרמט'ס אנד סונסנ,GB,וויסקי גלנפידיך אי פי איי 700 מל,מיליליטרים,700.00,"100 מ""ל",false,6,229.00,32.7143,true,1,316806
5010327325613,false,וויסקי גלנפידיך איקס,גלנפידיך,GB,וויסקי גלנפידיך איקס איקס 700 מל,מיליליטרים,700.00,"100 מ""ל",false,6,250.00,35.7143,true,1,316805
5010327399614,false,"גלנפידיך 12 אמריקן אווק כשר 700 מ""ל",וויליאם גרנטס ובניו,GB,וויסקי גלנפידיך מולט 12 שנה 700 מל,מיליליטרים,750.00,"100 מ""ל",false,1,159.90,21.3200,true,1,337033
5010327404011,false,טקילה מילגרו סילבר 7,גרנט'ס (William Gran,,טקילה מילגרו סילבר 700מל פקדון,מיליליטרים,700.00,"100 מ""ל",false,1,129.00,18.4286,true,1,236134
5010327404042,false,טקילה מילגרו סלקטד ב,גרנט'ס (William Gran,,טקילה מילגרו סלקטד בארל סילבר 700מל פקדו,מיליליטרים,700.00,"100 מ""ל",false,1,335.00,47.8571,true,1,236137
5010327405223,false,רום סיילור גרי 700 מ,גרנט'ס (William Gran,,רום סיילור גרי 700 מל,מיליליטרים,700.00,"100 מ""ל",false,1,140.00,20.0000,true,1,242340
5010327416090,false,ויסקי הייזלווד 12 שנ,,GB,וויסקי היזלווד 12 שנה 500 מל,מיליליטרים,500.00,"100 מ""ל",false,6,109.00,21.8000,true,1,319836
5010327505138,false,"וויסקי בלויני 12 שנה 750 מ""ל",גרנט'ס (William Gran,,וויסקי בלויני 12 שנה 700 מל פקדון,מיליליטרים,700.00,"100 מ""ל",false,1,259.00,37.0000,true,1,230474
5010327658544,false,"בירה אינס אנד גון אוריגינל 330 מ""ל",,,בירה אינס אנד גון אורגינל 330מל פקדון,מיליליטרים,330.00,"100 מ""ל",false,1,12.90,3.9091,true,1,308465
5010327755014,false,"ג'ין הנדריקס 700 מ""ל",גרנט'ס (William Gran,GB,גין הנדריקס 700מל פקדון,מיליליטרים,700.00,"100 מ""ל",false,1,150.00,21.4286,true,1,236133
5010346000010,false,חלב מאודה נסטלה קרני,,GB,חלב מאודה נסטלה קרניישן 410גר,מיליליטרים,410.00,"100 מ""ל",false,12,19.90,4.8537,true,1,319189
5010391100703,false,ליקר דרמבו קלאסי 40%,גרנט'ס (William Gran,GB,ליקר דרמבוי 750 מל פיקדון,מיליליטרים,750.00,"100 מ""ל",false,1,135.00,18.0000,true,1,245941
5010494560282,false,וויסקי גלנמורנגי אוריגינל 10 שנים 700 מל,גלאנמורנג'\י דיסטילרי סק,GB,וויסקי גלנמורנג אורגינל 10 שנים 700 מל,מיליליטרים,700.00,"100 מ""ל",false,1,150.00,21.4286,true,1,244891
5010494917840,false,"גלנמורנגי לסנטה וויסקי 12 שנים 700 מ""ל",,,וויסקי גלנמורנג לסנטה 12 שנים 700 מל,מיליליטרים,700.00,"100 מ""ל",false,1,260.00,37.1429,true,1,244893
5010496001769,false,וויסקי אוכנטושן 12 ש,אדרינגטון פיקס,,וויסקי אוכנטושן 12 שנה 700 מל פקדון,מיליליטרים,700.00,"100 מ""ל",false,1,235.00,33.5714,true,1,231955
5010496003565,false,סינגל מאלט סקוטי אוכנטושן אמריקו הוק 700,מוריסון בואומור,GB,וויסקי אוכנטושן אמריקן אור 700 מל,מיליליטרים,700.00,"100 מ""ל",false,1,120.00,17.1429,true,1,304139
5010496020821,false,וויסקי באומור 15 שנה,אדרינגטון פיקס,,וויסקי באומור 15 שנה 700 מל פקדון,מיליליטרים,700.00,"100 מ""ל",false,1,415.00,59.2857,true,1,246403
5010677180016,false,"גין בומביי ספייר איסט 700 מ""ל",גי גי,,גין בומביי ספייר איסט 700 מל,מיליליטרים,700.00,"100 מ""ל",false,1,149.00,21.2857,true,1,245023
5010677551281,false,"בקרדי בריזר לימון 275 מ""ל בקבוק",בקרדי בריזר Bacardi Breezer,BE,משקה בקרדי בריזר לימון 275מל פיקדון,מיליליטרים,275.00,"100 מ""ל",false,1,11.90,4.3273,true,1,219074
5010677551397,false,"בקרדי בריזר לימון ליים 275 מ""ל",בקרדי בריזר Bacardi Breezer,BE,משקה בקרדי בריזר לימון ליים 275מל פיקדון,מיליליטרים,275.00,"100 מ""ל",false,1,11.90,4.3273,true,1,245809
5010677552387,false,"בקרדי בריזר אננס 275 מ""ל בקבוק",בקרדי בריזר Bacardi Breezer,BE,משקה בקרדי בריזר אננס 275מל פיקדון,מיליליטרים,275.00,"100 מ""ל",false,1,11.90,4.3273,true,1,219075
5010677554398,false,"בקרדי בריזר אבטיח 275 מ""ל בקבוק",בקרדי בריזר Bacardi Breezer,BE,משקה בקרדי בריזר אבטיח 275מל פיקדון,מיליליטרים,275.00,"100 מ""ל",false,1,11.90,4.3273,true,1,219073
5010677714006,false,"גין בומבאי ספייר 700 מ""ל",ג'ון דיואר ובניו,ES,משקה גין בומביי ספייר 700 מל פיקדון,מיליליטרים,700.00,"100 מ""ל",false,4,120.00,17.1429,true,1,311509
5010677850100,false,וודקה גריי גוס בקבוק,בקרדי מרטיני,FR,וודקה גריי גוס 700 מל,מיליליטרים,700.00,"100 מ""ל",false,6,119.00,17.0000,true,1,317114
5010852026634,false,וויסקי גלן גוין סינג,,,וויסקי גלן גוין סינגל מאלט 10 שנים 700 מ,מיליליטרים,700.00,"100 מ""ל",false,1,169.00,24.1429,true,1,319408
5010867101982,false,יין אדום אוטימה טאונ,פורטוגל- סימינגטון,,יין אדום אוטימה טאוני פורט 750 מל פקדון,מיליליטרים,750.00,"100 מ""ל",false,1,100.00,13.3333,true,1,230721
5010867110120,false,יין אדום קינג טאוני,פורטוגל- סימינגטון,,יין אדום קינד טאוני פורט 750 מל פקדון,מיליליטרים,750.00,"100 מ""ל",false,1,70.00,9.3333,true,1,230723
5010867200067,false,יין טאוני דאוז 10 שנ,פורטוגל- סימינגטון,,יין טאוני דאוז 10 שנים 750 מל,מיליליטרים,750.00,"100 מ""ל",false,1,130.00,17.3333,true,1,241182
5010867400054,false,יין פורט טאוני לבן 7,גראהם,,יין פורט גראהם לבן 750 מל,מיליליטרים,750.00,"100 מ""ל",false,1,70.00,9.3333,true,1,297407
5010867600027,false,יין דיוק אוף קלארנס ריץ מדיירה 750 מל,פורטוגל דה מדיירה וו,,יין אדום דיוק אוף קלארנס ריץ מדיירה 750מ,מיליליטרים,750.00,"100 מ""ל",false,1,100.00,13.3333,true,1,230724
5011007003227,false,וויסקי גיימיסון 1 ליטר,אייריש דיסטלריז,,וויסקי גיימסון 1 ל פיקדון,ליטרים,1.00,ליטר,false,1,129.00,129.0000,true,1,222693
5011013100132,false,"ויסקי בייליס אייריש קרים 750 מ""ל",r&a baileys,,ליקר אייריש קרים בייליס 750 מל פקדון,מיליליטרים,750.00,"100 מ""ל",false,1,85.00,11.3333,true,1,220203
5011013500680,false,"ליקר שרידנס 700 מ""ל",thomas sheridans,,ליקר שרידנס 700 מל,מיליליטרים,70000.00,"100 מ""ל",false,1,89.00,0.1271,true,1,241932
5011013934546,false,"בייליס קרמל מלוח 700 מ""ל",r&a baileys,IE,ליקר אייריש קרים בייליס קרמל מלוח 700מל,מיליליטרים,700.00,"100 מ""ל",false,1,85.00,12.1429,true,1,333627
5011013935178,false,"בייליס פאי תפוחים 700 מ""ל",r&a baileys,IE,ליקר אייריש קרים בייליס פאי תפוחים 700מל,מיליליטרים,750.00,"100 מ""ל",false,1,85.00,11.3333,true,1,333626
5011013936205,false,מארז ליקר אייריש קרי,r&a baileys,,מארז ליקר אייריש קרים בייליס 750מל+כוסות,מיליליטרים,750.00,"100 מ""ל",false,1,85.00,11.3333,true,1,333628
5011013938100,false,"מארז בייליס 700 מ""ל + כוס מאג",r&a baileys,,מארזליקר אייריש קרים בייליס +כוס 700 מל,מיליליטרים,750.00,"100 מ""ל",false,1,79.90,10.6533,true,1,338570
5011026108019,false,טולמור דיו וויסקי אי,גרנט'ס (William Gran,,וויסקי טולמור דיו אירי 1 ל פקדון,ליטרים,1.00,ליטר,false,1,159.00,159.0000,true,1,230483
5011026108033,false,"וויסקי אירי טולומור דיו 700 מ""ל",פארייפאבה אגרואינדוס,IE,וויסקי טולמור דיו אירי 700 מל פקדון,מיליליטרים,700.00,"100 מ""ל",false,1,99.90,14.2714,true,1,230482
5011157630281,false,אורז לבן ארוך בסמטי טילדה Tilda,אלסקה/ טילדה,GB,אורז בסמטי טילדה 1 קג,קילוגרמים,1.00,"ק""ג",false,8,24.90,24.9000,true,1,220558
5011166052845,false,גין וויטלי ניל אורגי,וויטלי ניל,GB,גין וויטלי ניל אורגינל 700 מל,מיליליטרים,700.00,"100 מ""ל",false,6,129.00,18.4286,true,1,319039
5011166055358,false,"בירה קראביס גינגר 330 מ""ל ללא גלוטן",,,בירה קראביס גינגר 330 מל פקדון,מיליליטרים,330.00,"100 מ""ל",false,1,12.90,3.9091,true,1,303355
5011166056508,false,גין וויטלי ניל רוברב,וויטלי ניל,GB,גין וויטלי ניל רוברב וגינגר 700 מל,מיליליטרים,700.00,"100 מ""ל",false,6,129.00,18.4286,true,1,320120
5011166057093,false,גין וויטלי ניל תפוז,וויטלי ניל,GB,גין וויטלי ניל תפוז דם 700 מל,מיליליטרים,700.00,"100 מ""ל",false,6,129.00,18.4286,true,1,319042
5011166057109,false,גין וויטלי ניל למונג,וויטלי ניל,GB,גין וויטלי ניל למונגרס וגינגר 700 מל,מיליליטרים,700.00,"100 מ""ל",false,6,129.00,18.4286,true,1,319040
5011308318686,false,רוטב קארי לבישול קל,,GB,רוטב קארי לבישול קל פאטאק 450 גרם,גרמים,450.00,100 גרם,false,6,19.90,4.4222,true,1,329133
5011308505024,false,רוטב קארי קורמה פאטא,,GB,רוטב קארי קורמה פאטאק 450 גרם,גרמים,450.00,100 גרם,false,6,19.90,4.4222,true,1,329131
5011308505031,false,רוטב קארי רוגאן גוש,,GB,רוטב קארי רוגאן גוש פאטאק 450 גרם,גרמים,450.00,100 גרם,false,6,19.90,4.4222,true,1,329134
5011308505130,false,רוטב קארי בונדה פאטא,,GB,רוטב קארי בונדה פאטאק 450 גרם,גרמים,450.00,100 גרם,false,6,19.90,4.4222,true,1,329129
5011348008479,false,"בירה קינג גובלין 500 מ""ל",מבשלת וויצ'ווד,GB,בירה קינג גובלין 500 מל פקדון,מיליליטרים,500.00,"100 מ""ל",false,8,16.90,3.3800,true,1,237444
5011348010335,false,"בירה גינגר בירד 4.2% 500 מ""ל",ויצ'וויד,GB,בירה גינגר בירד 500 מל פקדון,מיליליטרים,500.00,"100 מ""ל",false,8,16.90,3.3800,true,1,239659
5011348015194,false,"בירה הובגובלין גולד 500 מ""ל",מבשלת וויצ'ווד,GB,בירה הובגובלין גולד 500 מל פקדון,מיליליטרים,500.00,"100 מ""ל",false,8,16.90,3.3800,true,1,308136
5011348016238,false,בירה שיפיארד 500מל פ,ויצ'וויד,GB,בירה שיפיארד 500מל פקדון,מיליליטרים,500.00,"100 מ""ל",false,8,16.90,3.3800,true,1,308137
5011348016474,false,"בירה פייר קאצר 500 מ""ל",ויצ'וויד,,בירה פייר קאצר 500מל פקדון,מיליליטרים,500.00,"100 מ""ל",false,1,16.90,3.3800,true,1,324983
5011348017099,false,"בירה הובגובלין גולד פחית 500 מ""ל",,GB,בירה הובגובלין גולד 500מל פחית פקדון,מיליליטרים,500.00,"100 מ""ל",false,24,14.90,2.9800,true,1,321133
5011348017112,false,"בירה הובגובלין פחית 500 מ""ל",,GB,בירה הובגובלין 500מל פחית פקדון,מיליליטרים,500.00,"100 מ""ל",false,24,14.90,2.9800,true,1,321132
5011348019772,false,"בירה הובגובלין אי.פי.איי 500 מ""ל",ויצ'וויד,GB,בירה הובגובלין אי פי איי 500 מל פקדון,מיליליטרים,500.00,"100 מ""ל",false,1,16.90,3.3800,true,1,321442
5011348019918,false,"בירה דריי נאק 500 מ""ל",Wychwood,,בירה דריי נאק 500מל בק.פקדון,מיליליטרים,500.00,"100 מ""ל",false,8,16.90,3.3800,true,1,324018
5011348023458,false,"בירה הובגובלין אי.פי.איי. פחית 500 מ""ל",,GB,בירה הובגובלין אי פי איי 500מל פח. פקדון,מיליליטרים,500.00,"100 מ""ל",false,24,14.90,2.9800,true,1,323644
5011417547885,false,"אירוויק מקלות ריחניים בניחוח כביסה באוויר 30 מ""ל",איירוויק Air Wick,HU,מקל ריחניים אירוויק ניחוח כביסה באויר,יחידה,1.00,יחידה,false,1,14.90,14.9000,true,1,301365
5011417552247,false,"אירוויק מבשם אויר נטול גז בניחוח פשתן ופרחי לילך 345 מ""ל",איירוויק Air Wick,PL,מטהר אוויר אירוויק נטול גז לילך 345 מל,מיליליטרים,345.00,"100 מ""ל",false,1,14.90,4.3188,true,1,227947
5011417554760,false,"אירוויק מבשם אויר נטול גז בניחוח ורדים וארכידאה 345 מ""ל",איירוויק Air Wick,PL,מ.אוויר אירוויק נטול גז ורדים 345 מל,מיליליטרים,345.00,"100 מ""ל",false,1,14.90,4.3188,true,1,230266
5011428000409,false,מלח ים מלדון 570 גר,MALDON CRYSTAL SALT,GB,מלח ים מלדון 570 גר,גרמים,570.00,100 גרם,false,12,44.90,7.8772,true,1,336935
5011428300028,false,MALDON מלח ים מעושן 125 גרם,MALDON CRYSTAL SALT,,מלח ים מעושן מלדון 125 גר,גרמים,125.00,100 גרם,false,1,19.90,15.9200,true,1,238293
5012035950606,false,סוכריות הריבו בקבוקי,,GB,סוכריות הריבו בקבוקי זינג 160 גרם,גרמים,160.00,100 גרם,false,12,8.90,5.5625,true,1,336531
5012035951092,false,סוכריות הריבו באלה ס,,GB,סוכריות הריבו באלה סטיקס תות 140 גרם,גרמים,140.00,100 גרם,false,12,8.90,6.3571,true,1,338239
5012035962111,false,סוכריות הריבו פאני מ,,GB,סוכריות הריבו פאני מיקס 160 גרם,גרמים,160.00,100 גרם,false,12,10.90,6.8125,true,1,328481
5012035962128,false,סוכריות הריבו פאני מ,,GB,סוכריות הריבו פאני מיקס 160 גרם,גרמים,160.00,100 גרם,false,12,8.90,5.5625,true,1,338238
5012035962159,false,סוכריות הריבו גלי בי,,GB,סוכריות הריבו גלי בינס 160 גרם,גרמים,160.00,100 גרם,false,12,10.90,6.8125,true,1,328480
5012035962449,false,סוכריות הריבו גלי בי,,GB,סוכריות הריבו גלי בינס 160 גרם,גרמים,160.00,100 גרם,false,12,8.90,5.5625,true,1,338243
5012035963521,false,סוכריות הריבו סטרייפ,,GB,סוכריות הריבו סטרייפס 130 גרם,גרמים,130.00,100 גרם,false,12,8.90,6.8462,true,1,338235
5012035969325,false,סוכריות הריבו סטאר מ,,GB,סוכריות הריבו סטאר מיקס 140 גרם,גרמים,140.00,100 גרם,false,12,8.90,6.3571,true,1,338245
5012035969387,false,סוכריות הריבו דובוני,,GB,סוכריות הריבו דובוני זהב 140 גרם,גרמים,140.00,100 גרם,false,12,8.90,6.3571,true,1,338241
5012035969462,false,סוכריות הריבו באלה ב,,GB,סוכריות הריבו באלה בייטס 140 גרם,גרמים,140.00,100 גרם,false,12,8.90,6.3571,true,1,338237
5012909010863,false,זוג פטמות אוונט איטי,פיליפס אוונט,GB,זוג פטמות אוונט איטי לבקבוק תינוק,יחידה,1.00,יחידה,false,6,34.90,34.9000,true,1,224368
5013387205826,false,פרואט-חטיף ללא גלוטן שוקולד 100 גרם,,GB,חטיף שוקולד ללא גלוטן פרואט 100 גר,גרמים,100.00,100 גרם,false,1,14.90,14.9000,true,1,321244
5013414333119,false,"בירה תורנברידג - איי.אם.פי.אם 330 מ""ל",,GB,בירה תורנברידג 330מל איי אם פי אם בק.פקד,מיליליטרים,330.00,"100 מ""ל",false,12,14.90,4.5152,true,1,318422
5013414999049,false,"בירה בירה תורנברידג גייפור פחית 330 מ""ל",,GB,בירה תורנברידג גייפור 330מל פח. פקדון,מיליליטרים,330.00,"100 מ""ל",false,12,14.90,4.5152,true,1,326325
5013414999612,false,"בירה תורנברידג גרין מאונטי פחית 330 מ""ל",,GB,בירה תורנברידג גרין מאונטיין330מל פח.פקד,מיליליטרים,330.00,"100 מ""ל",false,12,14.90,4.5152,true,1,326327
5013414999827,false,בירה תורנברידג גיימס,,GB,בירה תורנברידג גיימסטאון 330מל פח.פקדון,מיליליטרים,330.00,"100 מ""ל",false,12,14.90,4.5152,true,1,326328
5013635101047,false,סמנה גהי חמאה 500 גר,KTC,GB,סמנה גהי חמאה 500 גרם,גרמים,500.00,100 גרם,false,12,89.90,17.9800,true,1,336376
5013931015741,false,דיש מטיק - ידית הפלא לשטיפת כלים,דישמטיק Dish matic,US,ידית הפלא לשטיפת כלים ירוק,יחידה,1.00,יחידה,false,1,24.90,24.9000,true,1,322570
5013931015758,false,דיש מטיק - ספוגי החלפה מארז 3 יחידות,דישמטיק Dish matic,US,מארז 3יח ספוגי החלפה לשטיפת כלים,יחידה,3.00,יחידה,false,1,26.90,8.9667,true,1,322571
5013931015789,false,דישמאטיק ידית הפלא עם כרית פלדה,דישמטיק Dish matic,GB,ידית הפלא לשטיפת כלים עם כרית מתכת,יחידה,1.00,יחידה,false,1,24.90,24.9000,true,1,322572
5013931015819,false,דישמאטיק מארז כריות פלדה 2 יח,דישמטיק Dish matic,US,מארז 2יח כריות מתכת החלפה לידית הפלא,יחידה,3.00,יחידה,false,1,26.90,8.9667,true,1,322573
5014201701623,false,ווסטונס אינגליש וינטג סיידר 750 מל,,,משקה סיידר אינגליש וינטג 750מל פקדון,מיליליטרים,750.00,"100 מ""ל",false,1,24.90,3.3200,true,1,320445
5014271001210,false,מעדן סנדלפור ארבע פי,סנדלפור St.dalfour,FR,מעדן ארבע פירות סנדלפור 500 גרם,גרמים,500.00,100 גרם,false,1,26.90,5.3800,true,1,302642
5014271001227,false,מעדן פרי סנדלפור משמ,סנדלפור St.dalfour,FR,מעדן משמש סנדלפור 500 גרם,גרמים,500.00,100 גרם,false,1,26.90,5.3800,true,1,303128
5014271001234,false,מעדן פרי דובדבנים שחורים,סנדלפור St.dalfour,FR,מעדן דובדבן סנדלפור 500 גרם,גרמים,500.00,100 גרם,false,1,26.90,5.3800,true,1,302641
5014271001241,false,מעדן פרי סנדלפור תות,סנדלפור St.dalfour,FR,מעדן תות שדה סנדלפור 500 גרם,גרמים,500.00,100 גרם,false,1,26.90,5.3800,true,1,302640
5014271300429,false,"מעדן משמש 100% פרי סנטדלפור 284 גרם לל""ס",סאן דלפור - שמבור,FR,מעדן משמש 284 ג סנדלפור,גרמים,284.00,100 גרם,false,1,19.90,7.0070,true,1,218556
5014271310428,false,מעדן דובדבנים שחורים ללא תוספת סוכר 284 גרם,סאן דלפור - שמבור,FR,מעדן דובדבנים שחורים 284 ג סנדלפור,גרמים,284.00,100 גרם,false,1,19.90,7.0070,true,1,218557
5014271330426,false,מעדן אוכמניות כחולות ללא תוספת סוכר 284 גרם,סאן דלפור - שמבור,FR,מעדן אוכמניות כחולות 284 ג סנדלפור,גרמים,284.00,100 גרם,false,1,19.90,7.0070,true,1,218558
5014271350424,false,מעדן ארבעה פירות ללא תוספת סוכר 284 גרם,סאן דלפור - שמבור,FR,מעדן ארבע פירות 284 ג סנדלפור,גרמים,284.00,100 גרם,false,1,19.90,7.0070,true,1,218559
5014271360423,false,"מעדן תפוזים לל""ס סאן דלפור 284 גרם",סאן דלפור - שמבור,FR,מעדן תפוז 284 ג סנדלפור,גרמים,284.00,100 גרם,false,1,19.90,7.0070,true,1,218560
5014271370422,false,סן דלפו מעדן אפרסק ללא סוכר 284גר,סאן דלפור - שמבור,FR,מעדן אפרסק 284 ג סנדלפור,גרמים,284.00,100 גרם,false,1,19.90,7.0070,true,1,218561
5014271400426,false,"מעדן בטעם תות שדה לל""ס סאן דלפור 284 גרם",סאן דלפור - שמבור,FR,מעדן תות שדה 284 ג סנדלפור,גרמים,284.00,100 גרם,false,1,19.90,7.0070,true,1,218564
5014271560427,false,מעדן תפוז וג'ינג'ר ללא סוכר סאן דלפור 284 גר,סאן דלפור - שמבור,FR,מעדן תפוז גיינגר 284 ג סנדלפור,גרמים,284.00,100 גרם,false,1,19.90,7.0070,true,1,218565
5014271795980,false,מעדן חמוציות ואוכמניות ללא תוספת סוכר 284 גרם,סנדלפור St.dalfour,FR,מעדן חמוציות ואוכמניות 284 ג סנדלפור,גרמים,284.00,100 גרם,false,1,19.90,7.0070,true,1,221454
5014379009972,false,בירה לאגר באדוויזר פחית 500 מל,באדווייזר Budweiser,GB,בירה באדוויזר 500מל פחית,מיליליטרים,500.00,"100 מ""ל",false,24,8.90,1.7800,true,1,319060
5015821144005,false,ראגה תיבול צילי ולימ,,GB,ראגה תיבול צילי ולימון 100 גרם שקית,גרמים,100.00,100 גרם,false,1,9.90,9.9000,true,1,333176
5015821144708,false,ראגה תערובת תיבול לכ,,GB,ראגה תערובת תיבול לכל מטרה 100 גרם שקית,גרמים,100.00,100 גרם,false,1,9.90,9.9000,true,1,333180
5015821144746,false,ראגה תבלין לכבש 100,,GB,ראגה תבלין לכבש 100 גרם שקית,גרמים,100.00,100 גרם,false,1,9.90,9.9000,true,1,333189
5015821144968,false,ראגה קארי מדרס חריף,,GB,ראגה קארי מדרס חריף 100 גרם שקית,גרמים,100.00,100 גרם,false,1,9.90,9.9000,true,1,333185
5015821145200,false,ראגה צילי אקסטרא חרי,,GB,ראגה צילי אקסטרא חריף 100 גרם שקית,גרמים,100.00,100 גרם,false,1,9.90,9.9000,true,1,333177
5015821145248,false,ראגה תבלין סגנול גרק,,GB,ראגה תבלין סגנול גרק 100 גרם שקית,גרמים,100.00,100 גרם,false,1,11.90,11.9000,true,1,333203
5015821146160,false,ראגה תבלין מרכך בשר,,GB,ראגה תבלין מרכך בשר 100 גרם שקית,גרמים,100.00,100 גרם,false,1,11.90,11.9000,true,1,333194
5015821149673,false,ראגה גרגירי חרדל שחו,,GB,גרגירי חרדל שחור שלמים 100 גרם שקית,גרמים,100.00,100 גרם,false,1,9.90,9.9000,true,1,333174
5015821149703,false,ראגה זרעי חילבה 100,,GB,ראגה זרעי חילבה 100 גרם שקית,גרמים,100.00,100 גרם,false,1,9.90,9.9000,true,1,333183
5015821151294,false,ראגה קארי חריף קאריב,,GB,ראגה קארי חריף קאריבי 100 גרם שקית,גרמים,100.00,100 גרם,false,1,9.90,9.9000,true,1,333187
5015821157821,false,ראגה זרעי כמון שלמים,,GB,ראגה זרעי כמון שלמים 85 גרם שקית,Unknown,0.00,Unknown,false,1,9.90,0.0000,true,1,333181
5015821157838,false,ראגה זרעי שומר שלמים,,GB,ראגה זרעי שומר שלמים 85 גרם שקית,Unknown,0.00,Unknown,false,1,9.90,0.0000,true,1,333175
5016978000725,false,משקה סאקה צויה 720 מ,,,משקה סאקה צויה 720 מל פיקדון,מיליליטרים,720.00,"100 מ""ל",false,1,39.90,5.5417,true,1,222003
5017818800116,false,"פחית דוקטור פפר 330 מ""ל",אורנג'ינה שוופס,FR,משקה דר פפר 330 מל פחית,מיליליטרים,330.00,"100 מ""ל",false,1,6.50,1.9697,true,1,244867
5018357006731,false,תערובת דגנים 40% פירות ואגוזים 560 גרם,דורסט סיריאלס,GB,תערובת דגנים רילי נטי בקרטון 560 גר,גרמים,560.00,100 גרם,false,1,26.90,4.8036,true,1,224372
5018357006755,false,תערובת דגנים 50% פירות ואגוזים 540 גרם,דורסט סיריאלס,GB,תערובת דגנים היי פיבר 540 גר,גרמים,540.00,100 גרם,false,1,26.90,4.9815,true,1,224186
5018357006779,false,תערובת דגנים 50% פירות ואגוז+חמוציות 540,דורסט סיריאלס Dorset Cereals,GB,תערובת דגנים קרנברי 540 גר,גרמים,540.00,100 גרם,false,1,31.90,5.9074,true,1,224188
5018357006816,false,תערובת דגנים 30% פירות ואגוזים 620 גרם,דורסט סיריאלס,GB,תערובת דגנים דלישס 620 גר,גרמים,620.00,100 גרם,false,1,22.90,3.6935,true,1,224187
5018357007653,false,תערובת דגנים עם פפאיה ואננס 620 גרם,דורסט סיריאלס Dorset Cereals,GB,תערובת דגנים פרוט 620 גר,גרמים,620.00,100 גרם,false,1,22.90,3.6935,true,1,226584
5018357011858,false,גרנולה ברי 500 גר דורסט סיריאלס,דורסט סיריאליס,IL,תערובת גרנולה ברי550 גר דורסט,גרמים,550.00,100 גרם,false,1,32.90,5.9818,true,1,307144
5018357011896,false,דורסט סיריאלס-גרנולה דבש 550 גרם,דורסט סיריאליס,IL,תערובת גרנולה דבש550 גר דורסט,גרמים,550.00,100 גרם,false,1,27.90,5.0727,true,1,307143
5018357012435,false,תערובת דגנים דורסט סיריאלס כוסמין 570 ג,דורסט סיריאלס,GB,תערובת מוזלי כוסמין קלוי 570 גר,גרמים,570.00,100 גרם,false,1,31.90,5.5965,true,1,322565
5018357012459,false,תערובת דגנים דורסט סיריאלס פירות 600 ג,דורסט סיריאלס,GB,תערובת מוזלי פירות מלא 600 גר,גרמים,600.00,100 גרם,false,1,31.90,5.3167,true,1,322566
5018357012558,false,תערובת דגנים דורסט סיריאלס קלאסי 600 ג,דורסט סיריאלס,GB,תערובת מוזלי קלאסי 600 גר,גרמים,600.00,100 גרם,false,1,31.90,5.3167,true,1,322567
5018357012572,false,דורסט סיריאלס גרגרי יער ודובדבנים 600 ג,דורסט סיריאלס,GB,תערובת מוזלי גרגירי יער ודובדבן 600 גר,גרמים,600.00,100 גרם,false,1,31.90,5.3167,true,1,322568
5020628000126,false,"תאצרס הייז מעונן סיידר תפוחים 4.5% 500 מ""ל",ת'אצרס,GB,סיידר תאצרס הייז 500מל פקדון,מיליליטרים,500.00,"100 מ""ל",false,24,11.90,2.3800,true,1,313829
5020628001178,false,"תאצרס גולד סיידר תפוחים 4.8% 500 מ""ל",,,סיידר תאצרס גולד 500מל פקדון,מיליליטרים,500.00,"100 מ""ל",false,24,11.90,2.3800,true,1,313830
5020628001475,false,"תאצרס רוזה סיידר תפוחים 4% 500 מ""ל",בווריה,GB,סיידר תאצרס רוזה 500מל בק. פקדון,מיליליטרים,500.00,"100 מ""ל",false,24,11.90,2.3800,true,1,322963
5021349700098,false,וויסקי טומינטול פיטי750מ,אנגוס דנדי,GB,וויסקי טומינטול פיטי טאנג 700 מל,מיליליטרים,700.00,"100 מ""ל",false,1,169.00,24.1429,true,1,336828
5021349701019,false,"וויסקי ויסקי טומינטול 10 שנה 700 מ""ל",,GB,וויסקי טומינטול 10 שנה 700 מל,מיליליטרים,700.00,"100 מ""ל",false,1,169.00,24.1429,true,1,336829
5021349702894,false,ויסקי טומינטול סינגל,אנגוס דנדי,GB,וויסקי טומינטול סינגל מאלט טילה 700 מל,מיליליטרים,700.00,"100 מ""ל",false,6,165.00,23.5714,true,1,322723
5021349746140,false,וויסקי טומינטול 14 ש,,,וויסקי טומינטול 14 שנה 700 מל,מיליליטרים,700.00,"100 מ""ל",false,1,299.00,42.7143,true,1,336830
5021692000241,false,גין היימנס לונדון דר,היימנס ג'ין,,גין היימנס לונדון דריי 700 מל,מיליליטרים,700.00,"100 מ""ל",false,1,90.00,12.8571,true,1,315269
5021692000340,false,גין היימנס אולד טום,היימנס ג'ין,,גין היימנס אולד טום 700 מל,מיליליטרים,700.00,"100 מ""ל",false,1,99.90,14.2714,true,1,315270
5023625004487,false,בירה הובגובלין רובי500מל,וויצ'וד ויטניי,GB,בירה הובגובלין 500 מל פקדון,מיליליטרים,500.00,"100 מ""ל",false,12,16.90,3.3800,true,1,237445
5024546366609,false,"וויסקי 700 מ""ל LAUDERS SCOTCH",מקדוף אינטרנשנל דיסט,GB,וויסקי לאודרס 700 מל,מיליליטרים,700.00,"100 מ""ל",false,1,75.00,10.7143,true,1,303533
5024546366630,false,וויסקי לאודרס 1 ליטר SCOTCH,לאודרס,IL,וויסקי לאודרס 1 לי,ליטרים,1.00,ליטר,false,1,99.00,99.0000,true,1,303534
5024720900001,false,וויסקי פינלאגן סינגל,,,וויסקי פינלאגן סינגל מאלט מעושן 700 מל,מיליליטרים,700.00,"100 מ""ל",false,1,159.00,22.7143,true,1,295196
5026489483993,false,חטיף עדשים בטעם מלח ים40,לקסמי אנד סונס סי/\אי קו,GB,חטיף עדשים סיסולט 40 גרם,Unknown,0.00,Unknown,false,12,8.90,0.0000,true,1,313569
5026489484006,false,חטיף עדשים עגבניות ובזיליקום 40,לקסמי אנד סונס סי/\אי קו,GB,חטיף עדשים טומטו 40 גרם,Unknown,0.00,Unknown,false,12,8.90,0.0000,true,1,313568
5026489484785,false,חט.קינואה ט.שמנת+עירית30,קופרש סנק פודס,GB,חטיף קינואה שמנת ועירית 30 גרם,Unknown,0.00,Unknown,false,12,8.90,0.0000,true,1,328490
5026489500478,false,חטיף קינואה ט.פפריקה30גר,cofresh snack foods,GB,חטיף קינואה ופפריקה 30 גרם,Unknown,0.00,Unknown,false,12,8.90,0.0000,true,1,328489
5029053002408,false,נייר טואלט קלינקס פרימיום לבן - מארז 9 גלילים,קימברלי קלארק ישראל,IL,נ.ט קלינקס לבן 9 גלילים,יחידה,9.00,יחידה,false,9,35.90,3.9889,true,1,218573
5029053002439,false,נייר טואלט קלינקס פרימיום צהוב - מארז 9 גלילים,חוגלה קימברלי,GB,נ.ט. קלינקס צהוב 9 גלילים,יחידה,9.00,יחידה,false,9,35.90,3.9889,true,1,218574
5029053019598,false,"קלינקס מיני ממחטות דיסני מעורב, 15 יחידות",חוגלה קימברלי,IT,ממחטות אף קלינקס כיס מיני 15יח,יחידה,15.00,יחידה,false,1,16.90,1.1267,true,1,318292
5029053032658,false,שמיניית ממחטות טישו קלינקס 9 יחידות,חוגלה קימברלי,IT,ממחטות קלינקס אורגינל 8 יח,יחידה,8.00,יחידה,false,1,9.90,1.2375,true,1,304219
5029053039725,false,ממחטות נייר קלינקס נטורל פרש קופסה 72 דף,קימברלי קלארק,IL,ממחטות קלינקס נטורל פרש 72יח קופסא,יחידה,72.00,יחידה,false,1,11.90,0.1653,true,1,332463
5029053510811,false,תחבושות נורמל פלוס עם כנפיים קוטקס 28 יחידות,קימברלי קלארק,CZ,תחבושות קוטקס נורמל+ B,יחידה,28.00,יחידה,false,28,19.90,0.7107,true,1,220379
5029053510828,false,תחבושות סופר פלוס עם כנפיים קוטקס 22יחידות,קימברלי קלארק,CZ,תחבושות קוטקס סופר,יחידה,24.00,יחידה,false,24,19.90,0.8292,true,1,220380
5029053523446,false,קוטקס - תחבושות אולטרה נייט + כנפיים 20 יח',קימברלי קלארק,CZ,תחבושות קוטקס נייט B,יחידה,20.00,יחידה,false,20,19.90,0.9950,true,1,220381
5029053527574,false,האגיס תחתון ספיגה 4-7 בנים דריי נייטס 10 יחידות,חוגלה קימברלי,CZ,2141081 דרייניטס בנים M,Unknown,0.00,Unknown,false,10,32.90,0.0000,true,1,222294
5029053527581,false,האגיס תחתון ספיגה 4-7 בנות דריי נייטס 10 יחידות,חוגלה קימברלי,CZ,2142081 דרייניטס בנות M,Unknown,0.00,Unknown,false,10,40.90,0.0000,true,1,222295
5029053527598,false,תחתוני ספיגה בנים לתופעת הרטבת לילה 8-15 האגיס,חוגלה קימברלי,CZ,2143081 דריינטיס בנים L,Unknown,0.00,Unknown,false,9,40.90,0.0000,true,1,222296
5029053527604,false,האגיס תחתון ספיגה 15-8 בנות דריי נייטס 9 יחידות,חוגלה קימברלי,IL,חיתולי האגיס דריי נייטס 15-8 בנות,Unknown,0.00,Unknown,false,1,40.90,0.0000,true,1,222397
5029053531267,false,14תח.גמילה בנים מידה 5,חוגלה קימברלי,IL,חיתולי פול אפס בנים יום מידה מדיום,Unknown,0.00,Unknown,false,1,29.90,0.0000,true,1,224931
5029053534589,false,קוטקס טמפוני מיני B נורמל 32 יחידות,קימברלי קלארק,CZ,טמפון קוטקס בלי מ מיני B,יחידה,32.00,יחידה,false,32,29.90,0.9344,true,1,227442
5029053534602,false,קוטקס טמפוני סופר ללא מוליך 32 יח,קימברלי קלארק,CZ,טמפון קוטקס בלי מ סופרB,יחידה,32.00,יחידה,false,32,29.90,0.9344,true,1,227444
5029053535227,false,קוטקס טמפון עם מוליך נורמל 16 יחידות,קימברלי קלארק,CZ,טמפון נורמל+מוליך קוטקס ל,יחידה,16.00,יחידה,false,16,25.90,1.6187,true,1,229235
5029053538426,false,בגד ים חד פעמי ליטל סווימרס 12-18kg L,חוגלה קימברלי,CZ,ליטל סווימרס 12-18kg L,Unknown,0.00,Unknown,false,11,29.90,0.0000,true,1,241097
5029053574103,false,האגיס פול אפס תח.גמילה יום בנות 20 יחידו,KC צ'כיה,IL,חיתולי פול אפס בנות יום גיל 2-4 שנים 20י,יחידה,20.00,יחידה,false,1,39.90,1.9950,true,1,327692
5029053574110,false,האגיס פול אפס תח.גמילה יום בנים 20 יחידו,חוגלה,IL,חיתולי פול אפס בנים יום גיל 2-4שנים 20יח,יחידה,20.00,יחידה,false,,39.90,1.9950,true,1,327691
5029053574141,false,האגיס פול אפס תח.גמילה לילה בנות 18 יחיד,חוגלה,IL,חיתולי פול אפס בנות לילה גיל 2-4 שנה 18י,יחידה,18.00,יחידה,false,1,39.90,2.2167,true,1,327694
5029053574158,false,האגיס פול אפס תח.גמילה לילה בנים 18 יחיד,KC צ'כיה,IL,חיתולי פול אפס בנים לילה גיל 2-4שנה 18יח,יחידה,18.00,יחידה,false,1,39.90,2.2167,true,1,327693
5029053578309,false,קופסת ממחטות אולטרה סופט 48 דף קלינקס,קימברלי קלארק,IL,ממחטות קלינקס אולטרא סופט 48יח קוביה,יחידה,48.00,יחידה,false,1,9.90,0.2063,true,1,332464
5029054220085,false,האגיס - מגבוני האגיס אקסטרה קר לא מבושם 56 יח' * 4,קימברלי קלארק,IL,מארז 4יח מגבוני האגיס רך נולד 56יח,יחידה,224.00,יחידה,false,1,22.90,0.1022,true,1,314364
5029366739015,false,"פנטימנס רוז למונייד 200 מ""ל זכוכית",,GB,משקה פנטימנס לימונדה ורודה200מל בק.פקדון,מיליליטרים,200.00,"100 מ""ל",false,24,8.30,4.1500,true,1,318806
5029396000727,false,"פנטימנס גינגר ביר 200 מ""ל זכוכית",,GB,משקה פנטימנס גינגר ביר 200מל בק.פקדון,מיליליטרים,200.00,"100 מ""ל",false,24,8.30,4.1500,true,1,318808
5029396739030,false,משקה פנטימנס מי טוני,תומאס הארדי קנדל בעמ,GB,משקה פנטימנס מי טוניק 200מל בק.פקדון,מיליליטרים,200.00,"100 מ""ל",false,24,8.30,4.1500,true,1,318807
5034709001414,false,חטיף ציפס ברטס צדר ו,,GB,חטיף ציפס ברטס צדר ובצל 150 גרם,גרמים,150.00,100 גרם,false,10,17.90,11.9333,true,1,337768
5034709001438,false,חטיף ציפס ברטס מלח י,,GB,חטיף ציפס ברטס מלח ים פלפל שחור 150 גרם,גרמים,150.00,100 גרם,false,10,17.90,11.9333,true,1,337771
5034709003685,false,חטיף ציפס ברטס גינאס,,GB,חטיף ציפס ברטס גינאס 150 גרם,גרמים,150.00,100 גרם,false,10,17.90,11.9333,true,1,337769
5035766044772,false,סיידר תפוחים סטרונגבאו 330 בקבוק רביעייה,סטאסן ס.א,BE,מארז 4יח משקה סיידר תפוחים סטרונג 330מל,מיליליטרים,1320.00,"100 מ""ל",false,1,30.00,2.2727,true,1,241995
5038342511385,false,גין קורייר 700 מל,,,גין קורייר 700 מל,מיליליטרים,700.00,"100 מ""ל",false,1,59.90,8.5571,true,1,316579
5050083559761,false,דגני בוקר קלוגס קוקו פופס שוקוס 500 גרם,קלוגס מניופקטורינג אספנה,ES,דגני קלוגס קוקו פופס שוקוס 500 גר,גרמים,500.00,100 גרם,false,1,17.90,3.5800,true,1,230152
5050974505259,false,פת פריכה קמח שיפון מלא עם גרעינים ודגנים קלויים,דה ג'ורדנס אנד ריווי,GB,פת ריויטה קמח שיפון דגנים 250 גר,גרמים,250.00,100 גרם,false,1,11.50,4.6000,true,1,324579
5050974505297,false,רייויטה פת פריכה שיפון מלא שומשום 250 גר,דה ג'ורדנס אנד ריווי,GB,פת ריויטה קמח שיפון שומשום 250 גר,גרמים,250.00,100 גרם,false,1,11.50,4.6000,true,1,324580
5053827191753,false,דגני בוקר קלוגס - ווראייטי מארז 190 גר,קלוגס,GB,דגני קלוגס ווריאטי 8 סוגים 190 גרם,גרמים,190.00,100 גרם,false,6,18.90,9.9474,true,1,336539
5053827193368,false,דגני בוקר קלוגס ברנפלקס 500 גרם,קלוגס קומפני אוף גרייט ב,GB,דגני קלוגס ברן פלקס 500 ג,גרמים,500.00,100 גרם,false,1,22.90,4.5800,true,1,315282
5053827213998,false,דגני בוקר קלוגס ספיישל קיי 375 גר,קלוגס,GB,דגני קלוגס ספשייל קיי 375 גרם,גרמים,375.00,100 גרם,false,1,22.90,6.1067,true,1,337637
5053827215862,false,קלוגס קוקו פופס שוקו 500ג',קלוגס מניופקטורינג אספנה,GB,דגני קלוגס קוקו פופס מופחת סוכר510 גר,גרמים,510.00,100 גרם,false,1,17.90,3.5098,true,1,321409
5054267003460,false,משקה אוכמניות שחורות,,GB,משקה אוכמניות שחורות 1.5 ליטר,מיליליטרים,1500.00,"100 מ""ל",false,12,51.90,3.4600,true,1,329017
5055966801005,false,"וויסקי בושמילס אוריגינל 700 מ""ל",אלב בושמילס,,וויסקי אירי בושמילס אורגינל 700 מל,מיליליטרים,700.00,"100 מ""ל",false,1,89.90,12.8429,true,1,295226
5055966820037,false,"וויסקי בושמילס סינגל 10 שנים750 מ""ל",אלב בושמילס,,וויסקי סינגל מאלט 10 שנים 1 לי,ליטרים,1.00,ליטר,false,1,159.00,159.0000,true,1,303962
5056025434158,false,בירה ברודוג דופוליס,,GB,בירה ברודוג דופוליס 330מל פת.פקדון 4.7%,מיליליטרים,330.00,"100 מ""ל",false,1,16.90,5.1212,true,1,327326
5056025440494,false,בירה ברודוג פאנק איי,סקוטלנד,,בירה ברודוג פאנק איי פי איי 330מל בק.פקד,מיליליטרים,330.00,"100 מ""ל",false,1,16.90,5.1212,true,1,325798
5056025453272,false,בירה ברודוג לוסט לאג,ברודוג פי אל סי,DK,בירה ברודוג לוסט לאגר 440מל פח.פקדון,מיליליטרים,440.00,"100 מ""ל",false,24,16.90,3.8409,true,1,337571
5056025456075,false,בירה ברודוג טוניס הו,ברודוג פי אל סי,DK,בירה ברודוג טוניס הופולוני440מל פח.פקדון,מיליליטרים,440.00,"100 מ""ל",false,24,24.90,5.6591,true,1,337576
5056025462410,false,בירה ברודוג לוסט אין,ברודוג פי אל סי,DK,בירה ברודוג לוסט אין ליצי ליים 440מ פחית,מיליליטרים,440.00,"100 מ""ל",false,24,16.90,3.8409,true,1,337573
5056025462434,false,בירה ברודוג לוסט אין,ברודוג פי אל סי,DK,בירה ברודוג לוסט אין גויאבה 440מל פח.פקד,מיליליטרים,440.00,"100 מ""ל",false,24,16.90,3.8409,true,1,337572
5056025463424,false,בירה ברודוג 90 דייס,ברודוג פי אל סי,DK,בירה ברודוג 90 דייס בוק 330מל פח.פקדון,מיליליטרים,330.00,"100 מ""ל",false,24,16.90,5.1212,true,1,337566
5059001003713,false,איירוויק - מקלות ריחניים בניחוח תאנה ופירות יער,רקיט בנקיזר,HU,מקלות אירוויק ריחניים תאנה ופירות יער,יחידה,1.00,יחידה,false,1,14.90,14.9000,true,1,337715
5060045588128,false,"וויסקי גים בים לבן 700 מ""ל","איי, בי, אינבוו",US,וויסקי גים בים לבן כשר 700 מל,מיליליטרים,700.00,"100 מ""ל",false,1,79.90,11.4143,true,1,313274
5060108450263,false,"פיבר טרי מי טוניק 500 מ""ל",,GB,מי טוניק 500מל פרימיום בק.פקדון,מיליליטרים,500.00,"100 מ""ל",false,1,13.90,2.7800,true,1,329081
5060108450287,false,"פרימיום גינגר אייל 500 מ""ל",פיבר טרי,GB,גינגר אייל 500מל פרימיום בק.פקדון,מיליליטרים,500.00,"100 מ""ל",false,1,13.90,2.7800,true,1,329082
5060108450508,false,מי טוניק בתיבול ים ת,,GB,מי טוניק 200מל תיבול ים תיכוני בק.פקדון,מיליליטרים,200.00,"100 מ""ל",false,1,7.90,3.9500,true,1,329080
5060123607758,false,לונדון חליטת תפוח קינמון 20 שקיקים,טייפו,,תה לונדון תפוח קינמון אורגני 20 יח,יחידה,20.00,יחידה,false,1,15.20,0.7600,true,1,223762
5060123607765,false,תה לונדון לימון ליים,טייפו,,תה לונדון לימון ליים 20 יח אורגני,יחידה,20.00,יחידה,false,1,15.20,0.7600,true,1,223760
5060123607772,false,תה לונדון מנטה אורגנ,טייפו,GB,תה לונדון מנטה,יחידה,20.00,יחידה,false,12,15.20,0.7600,true,1,224439
5060123607789,false,תה לונדון בטעם אפרסק,טייפו,GB,תה לונדון אפרסק,יחידה,20.00,יחידה,false,12,15.20,0.7600,true,1,224441
5060123607796,false,תה לונדון תות שדה ונ,טייפו,GB,תה לונדון תות וניל,יחידה,20.00,יחידה,false,12,15.20,0.7600,true,1,224293
5060123607802,false,לונדון חליטת גינגר לימון 20 שקיקים,טייפו,GB,תה לונדון לימון זינזר חדש,יחידה,20.00,יחידה,false,12,15.20,0.7600,true,1,224292
5060123607819,false,תה לונדון תפוז 20 יח,טייפו,GB,תה לונדון תפוז חדש,יחידה,20.00,יחידה,false,12,15.20,0.7600,true,1,223763
5060123607833,false,תה לונדון קמומיל אור,טייפו,,תה לונדון קמומיל אורגני 20 יח,יחידה,20.00,יחידה,false,1,15.20,0.7600,true,1,223764
5060123607888,false,תה לונדון ענבי שועל,טייפו,GB,תה לונדון ענבי שועל חדש,יחידה,20.00,יחידה,false,12,15.20,0.7600,true,1,224291
5060123608014,false,תה לונדון דומדמיות כ,טייפו,,תה לונדון דומדומיות כחולות אורגני 20 יח,יחידה,20.00,יחידה,false,1,15.20,0.7600,true,1,223761
5060123608113,false,תה לונדון פטל 20 יח,טייפו,,תה לונדון פטל 20 יח,יחידה,20.00,יחידה,false,1,15.20,0.7600,true,1,327918
5060154911794,false,בירה ברודוג דד פוני,סקוטלנד,,בירה ברודוג דד פוני פייל אייל 330מל בק.פ,מיליליטרים,330.00,"100 מ""ל",false,1,16.90,5.1212,true,1,295148
5060169982109,true,קפה נמס ביניס שקד אמ,ביניס דה פלייוור קו,GB,קפה נמס ביניס שקד אמרטו 50 גרם,Unknown,0.00,Unknown,false,6,19.90,0.0000,true,1,311028
5060169982123,true,קפה נמס ביניס איירש,ביניס דה פלייוור קו,GB,קפה נמס ביניס איירש קרם 50 גרם,Unknown,0.00,Unknown,false,6,19.90,0.0000,true,1,311033
5060190560741,false,"בירה אינס אנד גון רום פיניש 330 מ""ל",,,בירה אינס אנד גון רום פיניש 330מל פקדון,מיליליטרים,330.00,"100 מ""ל",false,1,12.90,3.9091,true,1,308466
5060190561267,false,"בירה אינס אנד גון לאגר 330 מ""ל",,,בירה אינס אנד גון לאגר 330מל פקדון,מיליליטרים,330.00,"100 מ""ל",false,1,12.90,3.9091,true,1,308467
5060250343741,false,הרשיז ראונדס קוקיס אנד קרים 96ג',הרשיז,PL,מארז 6 יח חטיף הרשיז ראונד קוקיס 96 גר,Unknown,0.00,Unknown,false,12,10.90,0.0000,true,1,334561
5060250343765,false,ריסס עוגיות קקאו במילוי חמאת בוטנים 96 ג,הרשיז,US,מארז 6 יח חטיף ריסז ראונדס בוטנים 96 גר,Unknown,0.00,Unknown,false,12,10.90,0.0000,true,1,334560
5060255492154,false,חול חתולים תורכיז6ל ספיגה מוגברת,אבר קלין Ever clean,NL,אברקךין תורכיז ללא בושם 6 לי,ליטרים,6.00,ליטר,false,1,59.90,9.9833,true,1,336257
5060255492185,false,"אברקלין עוצמה בניחוח מרענן 6 ק""ג",כלורוקס,NL,חול חתולים אברקלין לוונדר 5קג,קילוגרמים,5.00,"ק""ג",false,1,59.90,11.9800,true,1,308133
5060283762199,false,ציפס עדשים מלח ים 85 גרם,,GB,ציפס עדשים פרופר מלח ים 85 גרם,Unknown,0.00,Unknown,false,8,15.90,0.0000,true,1,336839
5060283762205,false,ציפס עדשים סריראצה וצילי 85 גרם,,GB,ציפס עדשים פרופר סריראצה וצילי 85 גרם,Unknown,0.00,Unknown,false,8,15.90,0.0000,true,1,336840
5060283762212,false,ציפס עדשים בטעם ברביקיו 85 גרם,,GB,ציפס עדשים פרופר ברביקיו 85 גרם,Unknown,0.00,Unknown,false,8,15.90,0.0000,true,1,336932
5060319120023,false,תה קינמון אורגני 40 גרם הייר ליבינג,הייר ליבינג,GB,תה קינמון הייר ליבינג אורגני20יח,גרמים,20.00,100 גרם,false,1,16.90,84.5000,true,1,301634
5060319120047,false,תה ירוק אורגני 50 גרם הייר ליבינג,אונלי נטורל פרודקטס,GB,תה ורי ברי הייר ליבינג אורגני20יח,גרמים,20.00,100 גרם,false,1,16.90,84.5000,true,1,301635
5060319120115,false,תה ירוק אורגני 50 גרם הייר ליבינג,אונלי נטורל פרודקטס,GB,תה ירוק הייר ליבינג אורגני20יח,גרמים,20.00,100 גרם,false,1,16.90,84.5000,true,1,301302
5060319120122,false,תה צאי ירוק אורגני 40 גרם הייר ליבינג,אונלי נטורל פרודקטס,GB,תה צאי ירוק הייר ליבינג אורגני20יח,גרמים,20.00,100 גרם,false,1,16.90,84.5000,true,1,302318
5060319120153,false,תה קמומיל ונילה אורגני 30 גר הייר ליבינג,אונלי נטורל פרודרטס,GB,תה הייר ליבינג אורגני קמומיל ונילה20יח,גרמים,20.00,100 גרם,false,6,16.90,84.5000,true,1,299696
5060319129286,false,תה לבן אורגני 35 גרם הייר ליבינג,אונלי נטורל פרודקטס,GB,תה לבן הייר ליבינג אורגני20יח,גרמים,20.00,100 גרם,false,4,16.90,84.5000,true,1,299705
5060319129422,false,חליטת דיטוקס אורגנית 25 גרם הייר ליבינג,אונלי נטורל פרודקטס,PT,חליטת דיטוקס אורגני 25 גר הייר ליבינג,יחידה,1.00,יחידה,false,4,15.90,15.9000,true,1,325897
5060319129491,false,חליטת כורכום אורגני 30 גרם הייר ליבינג,אונלי נטורל פרודקטס,GB,תה חליטת כורכום הייר ליבינג אורגני20יח,גרמים,20.00,100 גרם,false,1,16.90,84.5000,true,1,301637
5060323901038,false,שעועית אדומה הילפילד,,IT,שעועית אדומה 400 גרם הילפילד,גרמים,400.00,100 גרם,false,24,8.90,2.2250,true,1,319166
5060326870805,false,חטיף סויה ותפוח אדמה בטעם ברביקיו מתוק,,GB,חטיף סויה תפוא טעם ברביקיו גוד אנסט 85גר,Unknown,0.00,Unknown,false,8,10.90,0.0000,true,1,333214
5060326870812,false,חטיף סויה ותפוח אדמה בטעם מלוח,,GB,חטיף סויה תפוא מלוח גוד אנסט 85גר,Unknown,0.00,Unknown,false,8,10.90,0.0000,true,1,333210
5060326870867,false,חטיף חומוס אפונה בטט,,GB,חטיף חומוס אפונה בטטה צילי גוד אנסט 85גר,Unknown,0.00,Unknown,false,8,10.90,0.0000,true,1,333209
5060336504486,false,חרדל פיקלילי היוורדס,הייוורדס,GB,כרוב אדום כבוש הייוורדס 400 גרם,גרמים,400.00,100 גרם,false,6,22.90,5.7250,true,1,327505
5060402900860,false,"משקה אם אנד אם בוטנים 350 מ""ל",,GB,משקה חלב אם אנד אם בוטנים 350מל פקדון,מיליליטרים,350.00,"100 מ""ל",false,8,12.90,3.6857,true,1,321286
5060402902130,false,משקה חלב טוויקס 350מ,,GB,משקה חלב טוויקס 350מל פקדון,מיליליטרים,350.00,"100 מ""ל",false,8,12.90,3.6857,true,1,321285
5060402904752,false,עוגיות שוקוציפס בואנ,,GB,עוגיות שוקוציפס בואנטי 180 גרם,גרמים,180.00,100 גרם,false,8,12.90,7.1667,true,1,312728
5060412214124,false,חול אברקלין צהוב פיזור מופחת,אבר קלין Ever clean,NL,חול חתולים אברקלי בריז 5 קג,קילוגרמים,5.00,"ק""ג",false,1,59.90,11.9800,true,1,321783
5060465390004,false,"בירה לל""ג ""סקיני"" בקבוק 330 מ""ל",סקיני ביר בע״מ,GB,בירה סקיני לאגר 330מל ל.גלוטן בק.פקדון,מיליליטרים,330.00,"100 מ""ל",false,24,8.90,2.6970,true,1,317290
5060517886486,false,"משקה אנרגיה מונסטר אנרג'י בפחית 500 מ""ל",מונסטר אנרג'י Monster Energy,RS,משקה אנרגיה מונסטר אנרגי 500מל פח.פקדון,מיליליטרים,500.00,"100 מ""ל",false,1,7.60,1.5200,true,1,320764
5060517886516,false,"משקה אנרגיה מונסטר אנרג'י זירו בפחית 500 מ""ל",מונסטר אנרג'י Monster Energy,RS,משקה אנרגיה מונסטר זירו 500מל פח.פקדון,מיליליטרים,500.00,"100 מ""ל",false,1,7.60,1.5200,true,1,320765
5060517886547,false,מונסטר אנרגי משקה אנרגיה דה דוקטור 500 מ,Monster energy סרביה,RS,משקה אנרגיה מונסטר רוזי 500מל פח.פקדון,מיליליטרים,500.00,"100 מ""ל",false,1,7.60,1.5200,true,1,320766
5060639128051,false,"משקה אנרגיה מונסטר אולטרה בפחית 500 מ""ל",מונסטר אנרג'י Monster Energy,RS,משקה אנרגיה מונסטר אולטרה500מל פח.פקדון,מיליליטרים,500.00,"100 מ""ל",false,1,7.60,1.5200,true,1,323735
5060639129102,false,"משקה אנרגיה מונסטר אנרג'י מנגו בפחית 500 מ""ל",מונסטר אנרג'י Monster Energy,RS,משקה אנרגיה מונסטר מנגו 500מל פח.פקדון,מיליליטרים,500.00,"100 מ""ל",false,1,7.60,1.5200,true,1,326471
5060671000063,false,מיקסרים מיוון בטעם אשכולית ורודה 200 מל,,GB,משקה אשכולית ורודה 200מל בק.פקדון סנטס 3,מיליליטרים,200.00,"100 מ""ל",false,24,8.30,4.1500,true,1,329230
5060671000124,false,מיקסרים החדש מיוון בטעם טוניק לימון 200,,GB,משקה למון טוניק 200מל בק.פקדון סנטס 3,מיליליטרים,200.00,"100 מ""ל",false,24,8.30,4.1500,true,1,329231
5060671000148,false,"מיקסרים החדש מיוון בטעםגינג ביר 200 מ""ל",,GB,משקה גינגר ביר 200מל בק. פקדון סנטס 3,מיליליטרים,200.00,"100 מ""ל",false,24,8.30,4.1500,true,1,329229
5060751218173,false,"משקה אנרגיה מונסטר אנרג'י piplin punch בפחית 500 מ""ל",מונסטר אנרג'י לימטד,RS,משקה אנרגיה מונסטר פיפליי 500מל פח.פקדון,מיליליטרים,500.00,"100 מ""ל",false,1,7.60,1.5200,true,1,335347
5060751219033,false,"משקה אנרגיה מונסטר אנרג'י זירו paradise בפחית 500 מ""ל",מונסטר אנרג'י לימטד,RS,משקה אנרגיה מונסטר אולטרה 500מל פח.פקדון,מיליליטרים,500.00,"100 מ""ל",false,1,7.60,1.5200,true,1,335348
5099873006504,false,"וויסקי ג'ק דניאלס פייר 700 מ""ל",בראון פורמן,BE,וויסקי גק דניאלס פייר 700 מל פקדון,מיליליטרים,700.00,"100 מ""ל",false,6,110.00,15.7143,true,1,302056
5099873015506,false,ליקר סאוטרן קומפורט,,,ליקר סאוטרן קומפורט 700 מל,מיליליטרים,700.00,"100 מ""ל",false,1,89.00,12.7143,true,1,303904
5099873038758,false,וויסקי ג'נטלמן ג'ק Gentleman Jack,ג'ק דניאלס Jack Daniel's,US,וויסקי גנטלמן גק 700 מל,מיליליטרים,700.00,"100 מ""ל",false,1,159.00,22.7143,true,1,299736
5099873045855,false,"מארז מתכת גק דניאלס 700 מ""ל + 2 כוסות",בראון פורמן,US,וויסקי גק דניאלס מארז+2 כוסות 700 מל,מיליליטרים,700.00,"100 מ""ל",false,6,110.00,15.7143,true,1,338428
5099873221976,false,"גנטלמן גק 700 מ""ל במארז טוקסידו",בראון פורמן,US,וויסקי גנטלמן גק מארז טוקסידו 700 מל,מיליליטרים,700.00,"100 מ""ל",false,6,159.00,22.7143,true,1,338427
5200100943749,false,עוגיות משיבולת שועל במילוי חמאת בוטנים,Violanta Cookies S.A,GR,עוגיות ויולנטה שבולת שועל חמאת בוטנים180,גרמים,180.00,100 גרם,false,12,11.90,6.6111,true,1,327658
5200100943763,false,עוגיות סנדוויץ שיבול,Violanta Cookies S.A,GR,עוגיות ויולנטא שבולת שועל קרם טחינה180,גרמים,180.00,100 גרם,false,12,11.90,6.6111,true,1,327660
5200100943787,false,עוגיות משיבולת שועל במילוי שוקולד מריר,Violanta Cookies S.A,GR,עוגיות ויולנטה שבולת שועל שוקולד מריר180,גרמים,180.00,100 גרם,false,12,11.90,6.6111,true,1,327659
5200100943800,false,עוגיות סובין שוקולד מריר 170 גר VIOLANTA,Violanta Cookies S.A,GR,עוגיות סובין ויולנטה שוקולד מריר 170 גר,גרמים,170.00,100 גרם,false,12,11.90,7.0000,true,1,327656
5200100943824,false,עוגיות סובין קרם טחינה 170 גר VIOLANTA,Violanta Cookies S.A,GR,עוגיות סובין ויולנטה קרם טחינה 170 גר,גרמים,170.00,100 גרם,false,12,11.90,7.0000,true,1,327657
5200101940266,false,יין רצינה קכריבארי קכריס 500 מל,,GR,יין רצינה קכריבארי קכריס 750 מל,מיליליטרים,750.00,"100 מ""ל",false,6,40.00,5.3333,true,1,337502
5200101940280,false,יין רצינה טיר אוף דה,,,יין רצינה טיר אוף דה פיין קכריס 750 מל,מיליליטרים,750.00,"100 מ""ל",false,6,110.00,14.6667,true,1,337503
5200133120476,false,גלילות וופלים ממולאים קרם אגוזים וקקאו 400 ג',יוניליוור גרמניה Gm,GR,גלילי וופל קרם אגוזים 400 גר גולדן ברייק,גרמים,400.00,100 גרם,false,1,13.90,3.4750,true,1,312816
5200133120483,false,גליליות וופלים ממולא קרם וניל 400 גר,יוניליוור גרמניה Gm,GR,גלילי וופל קרם וניל 400 גר גולדן ברייק,גרמים,400.00,100 גרם,false,1,13.90,3.4750,true,1,312815
5200133120735,false,גליליות וופלים שוקולד מריר 400 ג',"קוארטט אס.אי,",GR,גלילי וופל גולדן ברייק מריר 400 גרם,גרמים,400.00,100 גרם,false,1,13.90,3.4750,true,1,326859
5200139550048,false,פיתות יווניות זופראק,,GR,פיתות יווניות זופראקיס קפוא10 יח 880 גרם,גרמים,880.00,100 גרם,false,12,14.90,1.6932,true,1,329619
5200303832925,false,גלילית בולרו קפוצינו,,,גלילוני וופל בולרו קרם קפוצינו 400 גר,גרמים,400.00,100 גרם,false,1,13.90,3.4750,true,1,226776
5200303833328,false,גלילוני וופל בולרו ק,,,גלילוני וופל בולרו קרם תות 400 גר,גרמים,400.00,100 גרם,false,1,13.90,3.4750,true,1,231615
5200303833892,false,חמאת בוטנים חלקה בול,,,חמאת בוטנים חלקה בולרו 350 גר,גרמים,350.00,100 גרם,false,1,14.90,4.2571,true,1,298777
5200303833908,false,חמאת בוטנים עם גרגיר,,,חמאת בוטנים עם גרגירים בולרו 350 גר,גרמים,350.00,100 גרם,false,1,14.90,4.2571,true,1,301269
5200303833991,false,גליליות בולירו שוקול,,,גלילוני וופל בולרו שוקו תפוז 400 גר,גרמים,400.00,100 גרם,false,1,13.90,3.4750,true,1,306667
5201003110702,false,משקה אוזו 12 700 מל,קאלוניאס קוטסיקוס,GR,משקה אוזו 12 750 מל פיקדון,מיליליטרים,700.00,"100 מ""ל",false,1,79.90,11.4143,true,1,218576
5201004020338,false,קפריס וופל רול ממולא קרם אגוזי לוז 400 ג',א.ג פאפאגופולוס,GR,ופל רולס קפריס קלאסי 400 גרם,גרמים,400.00,100 גרם,false,1,19.90,4.9750,true,1,317617
5201004021328,false,קפריס רולס גלילי וופל במילוי קרם אגוזי לוז וקקאו,אי. ג'יי פאפאדופולוס,GR,גלילי ופל כפריס קרם אגוזים 115 גרם,גרמים,115.00,100 גרם,false,1,8.90,7.7391,true,1,308327
5201119008542,false,עלי גפן ממולאים באור,,GR,עלי גפן ממולאים באורז עשבי תיבול 200 גר,גרמים,200.00,100 גרם,false,12,13.90,6.9500,true,1,337469
5201178026686,false,ניוואה תרסיס שמן שיזוף 200 מל SPF6,ביירסדורץ,DE,שמן שיזוף ניוואה סאן 200מל מסנן קרינה 6,מיליליטרים,200.00,"100 מ""ל",false,12,37.90,18.9500,true,1,317539
5201178801054,false,"קרם רב שימושי ניוואה 250 מ""ל",טרופיקל דגיל תעשיות,DE,קרם ניוואה רב שימושי 250מל,מיליליטרים,250.00,"100 מ""ל",false,1,19.90,7.9600,true,1,313301
5201299124445,false,יין נמאה רזרב סמלי 7,,,יין נמאה רזרב סמלי 750 מל,מיליליטרים,750.00,"100 מ""ל",false,6,75.00,10.0000,true,1,337501
5201299505411,false,"יין אוריינוס הליוס לבן סמלי 750 מ""ל",,GR,יין אוריינוס הליוס לבן סמלי 750 מל,מיליליטרים,750.00,"100 מ""ל",false,6,60.00,8.0000,true,1,337499
5201299606866,false,"יין מאנטיניה סמלי 750 מ""ל",,GR,יין מאנטיניה לבן סמלי 750 מל,מיליליטרים,750.00,"100 מ""ל",false,6,75.00,10.0000,true,1,337500
5201347160326,false,גל לשמירה על חיי מכונת הכביסה קלגון 750מ,רקיט בנקיזר,IT,מרכך מים קלגון גל 750 מל,מיליליטרים,750.00,"100 מ""ל",false,1,29.90,3.9867,true,1,308481
5201347400545,false,רצועות שעווה מוכנות לשימוש לפנים ולאזורים רגישים,רקיט בנקיזר צרפת,FR,ויט רצועות שעווה לפנים,Unknown,0.00,Unknown,false,1,21.90,0.0000,true,1,229239
5201484021009,false,אוזו סאן ריבל 700 מל,lsidoros arvanitis s,GR,אוזו סאן ריבל 700 מל,מיליליטרים,700.00,"100 מ""ל",false,1,80.00,11.4286,true,1,298310
5201583041595,false,סוכריות טופי שוקולד,PALLAS,GR,סוכריות טופי שוקולד פאלאס 1 קג,קילוגרמים,1.00,"ק""ג",false,12,29.90,29.9000,true,1,237382
5201583042028,false,סוכ' ל.סוכר טופי פיר,PALLAS,GR,טופי פירות ללא סוכר 175 גר פלאס,גרמים,175.00,100 גרם,false,20,11.90,6.8000,true,1,223993
5201583045098,false,סוכריות טופי קפה פאל,PALLAS,GR,סוכריות טופי קפה פאלאס 1 קג,קילוגרמים,1.00,"ק""ג",false,12,29.90,29.9000,true,1,237381
5201583047092,false,סוכריות טופי פירות פ,PALLAS,GR,סוכריות טופי פירות פאלאס 1 קג,קילוגרמים,1.00,"ק""ג",false,12,29.90,29.9000,true,1,230446
5201583084035,false,סוכ.4 טעמים ללא סוכר,PALLAS,GR,סוכ.4 טעמים ללא סוכר 150 גר פלאס,גרמים,150.00,100 גרם,false,20,11.90,7.9333,true,1,233043
5201583115098,false,סוכריות ג'לי פירות 1,PALLAS,,סוכריות גלי פירות 1 קג פאלאס,קילוגרמים,1.00,"ק""ג",false,1,29.90,29.9000,true,1,226269
5201583116095,false,סוכריות מיני גלי פיר,PALLAS,GR,סוכריות מיני גלי פירות 1 קג,קילוגרמים,1.00,"ק""ג",false,12,29.90,29.9000,true,1,227278
5201704064243,false,יוגורט יווני 500 גרם,,GR,יוגורט יווני 500 גרם קוליאוס 10% שומן,גרמים,500.00,100 גרם,false,1,17.90,3.5800,true,1,303089
5201940010011,false,זיתים שחורים טבעיים בפח 454 גרם,סיוארס אס.איי,GR,זית טבעי שחורבפח 454 גר,גרמים,454.00,100 גרם,false,1,16.90,3.7225,true,1,223169
5201940010110,false,זיתים שחורים קלמטה וילי פוד 250 גרם,סיוארס אס.איי,GR,זית קלמטה שחור בפח 454 גר,גרמים,454.00,100 גרם,false,1,16.90,3.7225,true,1,223170
5202082002162,false,יוגורט יווני 400גר,ברידג' ס.ר.ל,GR,יוגורט יווני 400גר,גרמים,400.00,100 גרם,false,6,12.90,3.2250,true,1,327445
5202300014496,false,ספריי לשיער חזק במיוחד וולה פלקס Wella flex,פרוקטר & גמבל,DE,ספריי לעיצוב שיער וולה פלקס 250מל אקסטרה,מיליליטרים,250.00,"100 מ""ל",false,6,31.90,12.7600,true,1,328287
5202300014557,false,וולהפלקס מוס אולטרה סטרונג 200 מל,פרוקטר & גמבל,DE,מוס לעיצוב שיער וולה פלקס 200מל,מיליליטרים,200.00,"100 מ""ל",false,6,26.90,13.4500,true,1,328280
5202302000022,false,זיתים שחורים טבעיים 275 גרם,לילייה פודס,GR,ליליה זיתים שחורים טבעיים 275 גרם,גרמים,275.00,100 גרם,false,1,14.90,5.4182,true,1,334273
5202302010014,false,זיתים שחורים טבעיים טאסוס 170 גרם,,,ליליה זיתים שחורים טבעיים טאסוס 275 גרם,גרמים,275.00,100 גרם,false,1,14.90,5.4182,true,1,334274
5202386001199,false,מארז 10יח פיתות גירו,,GR,מארז 10יח פיתות גירוס יווניות 75גר,יחידה,10.00,יחידה,false,12,19.90,1.9900,true,1,325547
5202390014239,false,גבינה צהובה טבעונית עשבי תיבול ויאו לייף 200 ג',פרוטרופיק סיה.,GR,צהובה טבעונית עשבי תיבול 200 גרם,גרמים,200.00,100 גרם,false,1,22.90,11.4500,true,1,311977
5202390015618,false,גבינה צהובה טבעונית אורגינל ויאו לייף 200 ג',אריביה אס.אי. 57022,GR,צהובה טבעונית אורגינל 200 גרם,גרמים,200.00,100 גרם,false,1,22.90,11.4500,true,1,241870
5202390015885,false,ויולייפ צד'ר פרוסות 200 גר 200 גר,ביוט איילנד פודס בעמ,GR,צהובה טבעונית בסגנון צדר 200גר ויולייף,גרמים,200.00,100 גרם,false,12,14.90,7.4500,true,1,335966
5202390016141,false,גבינה מוצרלה צהובה לפיצה טבעונית ויאו לייף 400 ג',פרוטרופיק סיה.,GR,צהובה טבעונית מוצרלה 400 גרם ליב,גרמים,400.00,100 גרם,false,1,24.90,6.2250,true,1,294676
5202390016325,false,גבינה צהובה טבעונית בטעם מעושן ויאו לייף 200ג',"אריביה אס.אי., יוון",GR,צהובה טבעונית בטעם מעושן 200 גרם,גרמים,200.00,100 גרם,false,1,22.90,11.4500,true,1,298425
5202390016967,false,צהובה טבעונית עם פטריות 200 גר,אריביה אס.אי. 57022,GR,צהובה טבעונית פטריות 200 גרם,גרמים,200.00,100 גרם,false,1,22.90,11.4500,true,1,298424
5202390020407,false,פטה טבעונית גוש ויולייף 200 ג',ביוט איילנד פודס בעמ,GR,תחליף בסגנון פטה טבעוני 200 גר,גרמים,200.00,100 גרם,false,12,23.90,11.9500,true,1,315849
5202390021121,false,קרמי אוריגינל טבעוני ויולייף 150 גר,ביוט איילנד פודס בעמ,GR,תחליף קרמי אורגינל טבעוני 150גר ויולייף,גרמים,150.00,100 גרם,false,9,18.90,12.6000,true,1,315847
5202390022319,false,ויולייפ צד'ר מגורדת 150 גר,ביוט איילנד פודס בעמ,GR,בסגנון צדר מגורדת ויולייף 150גר,גרמים,150.00,100 גרם,false,12,22.90,15.2667,true,1,335967
5202413007019,false,ערק אוזו פלומארי 700,Plomari ouzo distill,GR,אוזו פלומארי כשר 700 מל,מיליליטרים,700.00,"100 מ""ל",false,6,79.90,11.4143,true,1,323262
5202413870095,false,ערק גולנר ירוק כשר ל,,,ערק גולנר ירוק כשר לפסח 700 מל,מיליליטרים,700.00,"100 מ""ל",false,1,65.00,9.2857,true,1,335228
5202795080709,false,אוזו מטקסה Ouzo Metaxa,פארייפאבה אגרואינדוס,GR,אוזו מטקסה 700 מל פקדון,מיליליטרים,700.00,"100 מ""ל",false,1,69.90,9.9857,true,1,222583
5202795120054,false,"ברנדי מטאקסה 5* באריזת שי 700 מ""ל",רמי קואנטרו,,ברנדי מטאקסה 5 כוכבים 700 מל פקדון,מיליליטרים,700.00,"100 מ""ל",false,1,105.00,15.0000,true,1,230462
5202795130022,false,"ברנדי מטאקסה *7 באריזת שי 700 מ""ל",רמי קואנטרו,,ברנדי מטאקסה 7 באריזת שי 700מל פקדון,מיליליטרים,700.00,"100 מ""ל",false,1,130.00,18.5714,true,1,234871
5202795150297,false,ברנדי מטאקסה 12 בארי,רמי קואנטרו,,ברנדי מטאקסה 12 באריזת שי 700מל פקדון,מיליליטרים,700.00,"100 מ""ל",false,1,145.00,20.7143,true,1,300762
5202904400305,false,גבינת קפלוטירי יווני בקר 300 ג',,GR,גבינת קפלוטירי יווני 300 גרם בקר,גרמים,300.00,100 גרם,false,1,24.90,8.3000,true,1,326861
5202904540308,false,גבינת קפלוטירי יווני צאן 300 ג',,GR,גבינת קפלוטירי יווני 300 גרם צאן,גרמים,300.00,100 גרם,false,1,29.90,9.9667,true,1,326862
5202904900201,false,גבינה מנורי יווני צא,,GR,גבינה מנורי יווני צאן 200גר,גרמים,200.00,100 גרם,false,1,19.90,9.9500,true,1,326858
5203021110115,false,יין טלאסיסטיס לבן יב,GAIA WINES S.A,,יין טלאסיסטיס לבן יבש 750 מל,מיליליטרים,750.00,"100 מ""ל",false,1,120.00,16.0000,true,1,242088
5203197122028,false,מנורי יווני צאן 200 גר,,GR,גבינת מנורי יווני צאן 200גר,גרמים,200.00,100 גרם,false,1,19.90,9.9500,true,1,335630
5310099005462,false,מיזלי קראנצ' שוקולד 1קג,ספץ תעשיות,MK,תערובת מיזלי גרין קרנץ שוקולד 1 קג,קילוגרמים,1.00,"ק""ג",false,1,22.90,22.9000,true,1,228631
5310134008151,false,ממתק לוקום דוניא 400,,MK,ממתק לוקום דוניא 400 גרם,גרמים,400.00,100 גרם,false,10,14.90,3.7250,true,1,324917
5310134008168,false,ממתק לוקום עם פיסטוק,,MK,ממתק לוקום עם פיסטוק דוניא 400 גרם,גרמים,400.00,100 גרם,false,10,15.90,3.9750,true,1,324918
5391500600094,false,"בירה אוהרס - אייריש רד אייל 330 מ""ל",,IE,בירה אוהרס אייריש רד 330מל בק. פקדון,מיליליטרים,330.00,"100 מ""ל",false,1,11.90,3.6061,true,1,326321
5391500600650,false,"בירה אוהרס - אייריש פייל אייל 330 מ""ל",,IE,בירה אוהרס אייריש פייל אייל330מל בק.פקדו,מיליליטרים,330.00,"100 מ""ל",false,1,11.90,3.6061,true,1,326322
5391500600698,false,"בירה אוהרהס ליין פוליין 330 מ""ל בקבוק",,,בירה אוהרס ליין פולין 6% 330מל פקדון,מיליליטרים,330.00,"100 מ""ל",false,1,11.90,3.6061,true,1,326312
5391500602487,false,"בירה אוהרס ווסט קוסט אי פי אי 440 מ""ל",,IE,בירה אוהרס ווסט קוסט 440מל פח.פקדון,מיליליטרים,440.00,"100 מ""ל",false,24,16.90,3.8409,true,1,333849
5391523057929,false,סימילאק גולד שלב 1 תרכובת מזון על בסיס חלב,אבוט מעבדות רפואיות,IE,תחליף חלב סימילאק גולד שלב 1 700גר,גרמים,700.00,100 גרם,false,1,69.90,9.9857,true,1,313378
5391523057936,false,סימילאק גולד שלב 2 תרכובת מזון על בסיס חלב,אבוט מעבדות רפואיות,IE,תחליף חלב סימילאק גולד שלב 2 700גר,גרמים,700.00,100 גרם,false,1,69.90,9.9857,true,1,313379
5391523057943,false,סימילאק גולד שלב 3 תרכובת מזון על בסיס חלב,אבוט מעבדות רפואיות,IE,תחליף חלב סימילאק גולד שלב 3 700גר,גרמים,700.00,100 גרם,false,1,69.90,9.9857,true,1,313380
5391523058063,false,סימילאק אדבנס פלוס 1 תרכובת מזון על בסיס חלב,טרופיקל דגיל תעשיות,IE,תחליף חלב סימילאק פלוס שלב 1 700גר,גרמים,700.00,100 גרם,false,1,66.90,9.5571,true,1,314177
5391523058070,false,סימילאק אדבנס פלוס 3 תרכובת מזון על בסיס חלב,טרופיקל דגיל תעשיות,IE,תחליף חלב סימילאק פלוס שלב 3 700גר,גרמים,700.00,100 גרם,false,1,66.90,9.5571,true,1,314179
5391523058087,false,סימילאק אדבנס פלוס 2 תרכובת מזון על בסיס חלב,טרופיקל דגיל תעשיות,IE,תחליף חלב סימילאק פלוס שלב 2 700גר,גרמים,700.00,100 גרם,false,1,66.90,9.5571,true,1,314178
5391533970003,false,"וויסקי סינגל מאלט סקסטון 700 מ""ל",,,וויסקי סינגל מאלט סקסטון 700 מל,מיליליטרים,700.00,"100 מ""ל",false,1,149.00,21.2857,true,1,317655
5400141012835,false,שימורי מלפפון חמוץ מתוק בוני 530 גר,,BE,רצועות מלפפון חמוץ מתוק 510 גר,גרמים,510.00,100 גרם,false,1,19.90,3.9020,true,1,319740
5400141055146,false,שימורי בצלי פנינה בוני 650 גר,אהק בי.וקולברד,BE,בצלי פנינה בוני650 גרם,גרמים,650.00,100 גרם,false,12,14.90,2.2923,true,1,318397
5400141124163,false,מיץ לימון אברי דיי 2,קולרט,BE,מיץ לימון אברי דיי 250 מל,גרמים,250.00,100 גרם,false,12,7.50,3.0000,true,1,336928
5400141260472,false,תה שחור ביו בוני 25,קולרדת בוני בי וי,NL,תה שחור ביו בוני 25 יח 2 גרם,יחידה,25.00,יחידה,false,12,14.90,0.5960,true,1,329006
5400141267679,false,מיונז בלגי לימון בונ,,BE,מיונז בלגי לימון בוני לחיץ 460 גרם,גרמים,460.00,100 גרם,false,12,15.90,3.4565,true,1,326931
5400141288407,false,רוטב צילי סמבל בוני,,,רוטב צילי סמבל בק לחיץ 200 גרם,גרמים,200.00,100 גרם,false,1,12.90,6.4500,true,1,322016
5400141290523,false,רוטב טריאקי מתוק לוו,,,רוטב טריאקי מתוק לווק בוני 200 מל,מיליליטרים,200.00,"100 מ""ל",false,1,14.90,7.4500,true,1,322017
5400141310610,false,חטיף טורטילה צילי בו,,BE,חטיף טורטילה צילי בוני 200 גרם,גרמים,200.00,100 גרם,false,20,11.90,5.9500,true,1,327184
5400141323023,false,חטיף קורניטוס נאצוס,קולרדת בוני בי וי,BE,חטיף קורניטוס נאצוס גבינה בוני 125 גרם,גרמים,125.00,100 גרם,false,24,11.90,9.5200,true,1,324241
5400141323788,false,חטיף נאצוס טעם חמוצי,קולרדת בוני בי וי,BE,חטיף נאצוס טעם חמוצים 200 גרם,גרמים,200.00,100 גרם,false,24,11.90,5.9500,true,1,326597
5400141353969,false,רוט פסטה מסקרפונה בו,קולרדת בוני בי וי,BE,רוט פסטה מסקרפונה בוני 420 גרם,גרמים,420.00,100 גרם,false,24,19.90,4.7381,true,1,322001
5400141357530,false,שימורי מלפפון חמוץ מתוק בוני 530 גר,,BE,רצועות מלפפון בוני חמוץ מתוק 510 גר,גרמים,510.00,100 גרם,false,1,19.90,3.9020,true,1,328504
5400141380996,false,רוטב פסטה ארביאטה בו,קולרדת בוני בי וי,BE,רוטב פסטה ארביאטה בוני 420 גרם,גרמים,420.00,100 גרם,false,24,19.90,4.7381,true,1,322002
5400141392197,false,צלפים פירות בחומץ בו,,,צלפים פירות בחומץ בוני 340 גרם,גרמים,340.00,100 גרם,false,1,13.90,4.0882,true,1,325720
5400141393033,false,חליטות מנטה בוני 25,קולרדת בוני בי וי,NL,חליטות מנטה בוני 25 יח 1.5 גרם,יחידה,25.00,יחידה,false,12,11.90,0.4760,true,1,329008
5400141393040,false,חליטות קמומיל בוני 2,קולרדת בוני בי וי,NL,חליטות קמומיל בוני 25 יח 1.5 גרם,יחידה,25.00,יחידה,false,12,11.90,0.4760,true,1,329007
5400141407556,false,מלפפון האק טבעות חמו,,,מלפפון האק טבעות חמוץ מתוק 670 גר,גרמים,670.00,100 גרם,false,1,16.90,2.5224,true,1,321866
5400141427059,false,עוגיות ספיריטס אבריד,קולרט,NL,עוגיות ספיריטס אברידאי 400 גרם,גרמים,400.00,100 גרם,false,20,11.90,2.9750,true,1,336853
5400141427196,false,בצלי פנינה בוני 320,,BE,בצלי פנינה בוני 320 גרם,גרמים,320.00,100 גרם,false,12,8.90,2.7813,true,1,322005
5400141563771,false,פסטו ורדי בוני איטלק,,BE,פסטו ורדי בוני איטלקי מקורי 190 גרם,גרמים,190.00,100 גרם,false,12,13.90,7.3158,true,1,330206
5400141564822,false,פסטו ורדי בוני איטלק,אהק בי.וקולברד,BE,פסטו ורדי בוני איטלקי מקורי 190 גרם,גרמים,190.00,100 גרם,false,12,13.90,7.3158,true,1,328505
5400265014845,false,בונבוניירה המלט מסור,HAMLET NV,,בונבוניירה המלט מסורתי 250 גר,גרמים,250.00,100 גרם,false,1,39.90,15.9600,true,1,329265
5400265019055,false,פרלין בלגי בארוזת מתנה זהב 125 גר,HAMLET NV,BE,בונבוניירה המלט זהוב 125 גר,גרמים,125.00,100 גרם,false,1,22.90,18.3200,true,1,222598
5400265022796,false,המלט- שוקוליס דפדפי קריספי 125 גר,HAMLET NV,BE,דפדפי שוקולד קריספי 125 גר המלט,גרמים,125.00,100 גרם,false,1,15.00,12.0000,true,1,224574
5400265022802,false,המלט- שוקוליס דפדפי שוקולד 57% 125 גר,HAMLET NV,BE,דפדפי שוקולד 57% קקאו 125 גר המלט,גרמים,125.00,100 גרם,false,1,15.00,12.0000,true,1,224573
5400265022819,false,המלט- שוקוליס דפדפי אגוז קריספי 125 גר,HAMLET NV,BE,דפדפי שוקולד אגוז קריספי 125 גר המלט,גרמים,125.00,100 גרם,false,1,15.00,12.0000,true,1,224575
5400265022826,false,המלט- שוקוליס דפדפי תפוז קריספי 125 גר,NV HAMLET,BE,דפדפי שוקולד תפוז קריספי 125 גר המלט,גרמים,125.00,100 גרם,false,1,15.00,12.0000,true,1,224576
5400265030074,false,המלט - מתנה אמאג ליין אדום 125 גרם,HAMLET NV,BE,בונבוניירה המלט אמאג ליין אדום 125 גר,גרמים,125.00,100 גרם,false,1,22.90,18.3200,true,1,298282
5400265032337,false,המלט-אריזת מתנה צסטרפילד קרם 125 גר,HAMLET NV,BE,בונבוניירה המלט צסטרפילד לבן 125 גר,גרמים,125.00,100 גרם,false,1,22.90,18.3200,true,1,298283
5400265032993,false,המלט- נשיקות מרנג לבן 100 גרם,HAMLET NV,,עוגיות מרנג המלט לבן 100 גר,גרמים,100.00,100 גרם,false,1,13.00,13.0000,true,1,245340
5400265040745,false,המלט-מתנה ליין מנוקד 250 גר,HAMLET NV,,בונבוניירה המלט ליין מנוקד 250 גר,גרמים,250.00,100 גרם,false,1,39.90,15.9600,true,1,329267
5410081200445,false,שוקולד קוטדור מריר 2,מונדליז,FR,שוקולד קוטדור מריר 200 גרם,גרמים,200.00,100 גרם,false,18,16.90,8.4500,true,1,323455
5410081206201,false,בונ.קוטדור מיניונט ח,מונדליז,BE,בונ.קוטדור מיניונט חלב 240 גרם,גרמים,240.00,100 גרם,false,12,27.90,11.6250,true,1,329521
5410091648176,false,"פה - דאודורנט רול און לאישה פינק פרדייס 50 מ""ל",שוורצקופף והנקל,DE,פה דאודורנט רולאון פינק פשיין 50 מל לאשה,מיליליטרים,50.00,"100 מ""ל",false,6,11.90,23.8000,true,1,223193
5410103161518,false,קרם יום עם פעולה משולשת לעור רגיל ומעורב,"לוריאל ישראל בע""מ",DE,קרם לחות לוריאל פעולה משולשת רגיל,Unknown,0.00,Unknown,false,1,39.90,0.0000,true,1,333707
5410103161617,false,קרם יום עם פעולה משולשת Triple active לעור יבש ועדין,"לוריאל ישראל בע""מ",DE,קרם לחות לוריאל פעולה משולשת יבש 50מל,Unknown,0.00,Unknown,false,1,39.90,0.0000,true,1,333966
5410126006360,false,לוטוס עוגיות סנדוויץ' במילוי לוטוס 150 גר',לוטוס ביקרי בלגיה נ.,BE,עוגיות לוטוס במילוי קרם לוטוס 150 גרם,גרמים,150.00,100 גרם,false,8,9.90,6.6000,true,1,329515
5410126006377,false,לוטוס עוגיות סנדוויץ' במילוי וניל 150 גר',לוטוס ביקרי בלגיה נ.,BE,עוגיות לוטוס במילוי קרם וניל 150 גרם,גרמים,150.00,100 גרם,false,8,9.90,6.6000,true,1,329514
5410126106022,false,מארז עוגיות לוטוס 250 גר*2,לוטוס ביקרי נ.וי.,BE,מארז 2יח ביסקויט לוטוס 250 גרם,גרמים,500.00,100 גרם,false,8,14.90,2.9800,true,1,324302
5410126116953,false,ממרח ביסקוויט קרמל לוטוס 400 גרם,לוטוס בייקרי בלגיה נ,BE,ממרח לוטוס קרמל 400 גר,גרמים,400.00,100 גרם,false,1,17.90,4.4750,true,1,233881
5410126137002,false,מאגדת שלגון לוטוס 3י,,,מאגדת שלגון לוטוס 3יח,יחידה,3.00,יחידה,false,1,34.90,11.6333,true,1,327955
5410126487008,false,מאגדת שלגון שוקולד 3,,,מאגדת שלגון שוקולד 3יח,יחידה,3.00,יחידה,false,1,34.90,11.6333,true,1,337840
5410126666038,false,"ביסקוויט קרמל לוטוס 279 גרם בד""צ",לוטוס ביקרי נ.וי,BE,ביסקויט קרמל לוטוס 279 גרם 18 יח,גרמים,279.00,100 גרם,false,1,13.90,4.9821,true,1,314582
5410126716016,false,"עוגיות לוטוס ביסקויט קרמל בד""צ 250 גרם",לוטוס ביקרי בלגיה,BE,ביסקויט לוטוס קרמל 250 ג,גרמים,250.00,100 גרם,false,1,11.90,4.7600,true,1,218590
5410126726947,false,ממרח ביסקוויט קרמל קראנץ' לוטוס 380 גרם,לוטוס בייקרי בלגיה נ,BE,ממרח עוגיות לוטוס קראנץ 380 גר,גרמים,380.00,100 גרם,false,1,17.90,4.7105,true,1,241258
5410173210055,false,רומבוסט קפה טחון וקלוי לפילטר 70 גרם,קופי רומבוטס,BE,קפה פילטר רומבוטס 10 יח 57 גר,יחידה,10.00,יחידה,false,1,19.90,1.9900,true,1,235172
5410228267515,false,"שישיית בירה לאגר באדוויזר 6*330 מ""ל",באדווייזר Budweiser,GB,מארז 6יח בירה באדוויזר 330מל,מיליליטרים,1980.00,"100 מ""ל",false,4,29.90,1.5101,true,1,319058
5410233710129,false,מיץ לימון 100% טבעי,,,מיץ לימון 100% טבעי ריליים 250 מל,מיליליטרים,250.00,"100 מ""ל",false,6,8.90,3.5600,true,1,325754
5410233740003,false,מיץ לימון ליים 100%,,,מיץ לימון ליים 100% טבעי ריליים 250 מל,מיליליטרים,250.00,"100 מ""ל",false,6,8.90,3.5600,true,1,325755
5410291022738,false,צ'וקטה ממרח חלב ואגוזי לוז עם קקאוי 350ג',צ'וקטה Chocketa,BE,ממרח צוקטה שחור לבן 350 גרם,גרמים,350.00,100 גרם,false,12,11.90,3.4000,true,1,315291
5410316983693,false,"סמירנוף אייס בקבוק 275 מ""ל",סמירנוף אייס Smirnoff ice,IT,משקה סמירנוף אייס 275 מל פיקדון,מיליליטרים,275.00,"100 מ""ל",false,1,11.90,4.3273,true,1,220719
5410358442097,false,הריבו מרשמלו לבן וורוד 140 גרם,,GB,סוכריות הריבו מרשמלו ורוד לבן 140 גרם,גרמים,140.00,100 גרם,false,12,8.90,6.3571,true,1,338240
5410481080012,false,קרלייר-נוגט שוקולד 100 גר,,BE,נוגט קרלייר שוקולד 100 גרם,גרמים,100.00,100 גרם,false,24,13.90,13.9000,true,1,329523
5410481080029,false,קרלייר-נוגט פיסטוק 100 גר,,BE,נוגט קרלייר פיסטוק 100 גרם,גרמים,100.00,100 גרם,false,24,13.90,13.9000,true,1,329524
5410481080036,false,קרלייר-נוגט תות שדה 100 גר,,BE,נוגט קרלייר תות שדה 100 גרם,גרמים,100.00,100 גרם,false,24,13.90,13.9000,true,1,329525
5410481080128,false,נוגט קרלייר עם פירות,,BE,נוגט קרלייר עם פירות 100 גרם,גרמים,100.00,100 גרם,false,24,13.90,13.9000,true,1,329528
5410769100081,false,"בירה לה שוף קטן 330 מ""ל בקבוק","איי, בי, אינבוו",BE,בירה לה שוף 330 מל פיקדון,מיליליטרים,330.00,"100 מ""ל",false,1,14.90,4.5152,true,1,226981
5410769100098,false,"בקבוק לה שוף 750 מ""ל בקבוק",דובל מורטגט,BE,בירה לה שוף 750 מל פיקדון,מיליליטרים,750.00,"100 מ""ל",false,1,29.90,3.9867,true,1,226983
5410769101095,false,בירה נייס שוף בק 750,brasserie dachouffe,,בירה נייס שוף 750 מל פיקדון,מיליליטרים,750.00,"100 מ""ל",false,1,29.90,3.9867,true,1,302152
5410769200088,false,"בירה מק שוף קטן 330 מ""ל בקבוק",פארייפאבה אגרואינדוס,BE,בירה מק שוף 330 מל פיקדון,מיליליטרים,330.00,"100 מ""ל",false,1,14.90,4.5152,true,1,226982
5410769200095,false,"בקבוק מק שוף 750 מ""ל בקבוק",דובל מורטגט,BE,בירה מק שוף 750 מל פיקדון,מיליליטרים,750.00,"100 מ""ל",false,1,29.90,3.9867,true,1,226984
5410769300085,false,בקבוק שוף הובלון 330,brasserie dachouffe,,בירה הובלון שוף 330 מל פיקדון,מיליליטרים,330.00,"100 מ""ל",false,1,14.90,4.5152,true,1,302061
5410769800097,false,"בירה לה צרי שוף 8% 330 מ""ל בקבוק",פארייפאבה אגרואינדוס,BE,בירה צרי שוף 8% 330 מל פיקדון,מיליליטרים,330.00,"100 מ""ל",false,1,14.90,4.5152,true,1,308194
5410769800554,false,"בקבוק צירי שוף 750 מ""ל בקבוק",דובל מורטגט,BE,בירה לה שוף צרי 750 מל פיקדון,מיליליטרים,750.00,"100 מ""ל",false,1,29.90,3.9867,true,1,318258
5410783005379,false,"מארז בירה קורנט 8.5% 4*330 מ""ל + כוס)",בווריה,,מארז 4יח בירה קורנט 8.5% 330מל בק.פקדון,מיליליטרים,1320.00,"100 מ""ל",false,6,39.90,3.0227,true,1,326228
5410850413304,false,בונבוניירה צדפות בלג,BARILLA G.E.R.,BE,בונבוניירה צדפות בלגי ברונייה 250 ג,גרמים,250.00,100 גרם,false,12,19.90,7.9600,true,1,337275
5410976040064,false,בונבוניירה צדפות גוליאן 500 גרם,,BE,בונ.גוליאן צדפי שוקולד בלגי 500 גרם,גרמים,500.00,100 גרם,false,12,79.90,15.9800,true,1,337867
5410976212010,false,גוליאן מארז מוזהב דצפים עם סרט 195 גר,,BE,בונ.גוליאן צדפות מארז מוזהב 195 גרם,גרמים,195.00,100 גרם,false,6,46.90,24.0513,true,1,337865
5410976620518,false,בונבוניירה גוליאן מבחר קלאסי בלגי 305 גר,,BE,בונ.גוליאן מבחר פרלין בלגי 305 גרם,גרמים,305.00,100 גרם,false,12,64.90,21.2787,true,1,337866
5410976823018,false,גיליאן-שוקולד מריר פטל 100 גר,,BE,שוקולד גוליאן מריר פטל 100 גרם,גרמים,100.00,100 גרם,false,12,14.90,14.9000,true,1,337862
5410976826019,false,שוקולד מריר 72% 100 גר גיליאן,,BE,שוקולד גוליאן 70% מריר 100 גרם,גרמים,100.00,100 גרם,false,12,14.90,14.9000,true,1,337861
5410976828013,false,גיליאן-שוקולד חלב מוקרם 100 גר,,BE,שוקולד גוליאן חלב מוקרם 100 גרם,גרמים,100.00,100 גרם,false,12,14.90,14.9000,true,1,337864
5410976840022,false,גיליאן-שוקולד חלב קרמל מלוח 100 גר,,BE,שוקולד גוליאן חלב קרמל מלוח 100 גרם,גרמים,100.00,100 גרם,false,12,14.90,14.9000,true,1,337860
5410976853015,false,גיליאן-שוקולד חלב שקד מקורמל 100 גר,,BE,שוקולד גוליאן חלב שקד מקורמל 100 גרם,גרמים,100.00,100 גרם,false,12,14.90,14.9000,true,1,337863
5411081000523,false,"בירה קסטיל דונקר 330 מ""ל",מבשלת קסטל ואן הונסברוק,BE,בירה קסטיל דונקר 330מל פקדון,מיליליטרים,330.00,"100 מ""ל",false,24,12.90,3.9091,true,1,237452
5411081000677,false,בירה קסטיל טריפל בקבוק 330מל,מבשלת קסטל ואן הונסברוק,BE,בירה קסטיל טריפל 330מל פקדון,מיליליטרים,330.00,"100 מ""ל",false,24,12.90,3.9091,true,1,237453
5411081003654,false,"קסטיל בירה רוז 330 מ""ל",מבשלת קסטל ואן הונסב,BE,בירה קסטיל רוז 330מל בק. פקדון,מיליליטרים,330.00,"100 מ""ל",false,1,12.90,3.9091,true,1,237451
5411081003661,false,"בירה קסטיל רוז 750 מ""ל",מבשלת קסטל ואן הונסב,,בירה קסטיל רוז 750מל פקדון,מיליליטרים,750.00,"100 מ""ל",false,1,29.90,3.9867,true,1,237506
5411081004811,false,"בירה קסטיל קווה דו שאטו 330 מ""ל",מבשלת קסטל ואן הונסב,,בירה קסטיל קווה דו שאטו 330מל פקדון,מיליליטרים,330.00,"100 מ""ל",false,1,12.90,3.9091,true,1,237455
5411081004873,false,מארז בירה קסטיל 2*750 + כוס,מבשלת קסטל ואן הונסב,BE,מארז 2 יח בירה קסטל רוז 750מל +כוס,מיליליטרים,1500.00,"100 מ""ל",false,1,69.90,4.6600,true,1,240432
5411081005696,false,"בירה קסטיל שוקולד (בריסטה) 330 מ""ל",מבשלת קסטל ואן הונסב,BE,בירה קסטיל שוקולד בריסטה 330מל פקדון,מיליליטרים,330.00,"100 מ""ל",false,24,12.90,3.9091,true,1,308139
5411081008192,false,בירה קסטיל רוז' פחית 330 מל,מבשלת קסטל ואן הונסב,BE,בירה קסטיל רוז 330מל פח. פקדון,מיליליטרים,330.00,"100 מ""ל",false,1,12.90,3.9091,true,1,337541
5411081008420,false,"בירה בירה שושנע קסטיל 330 מ""ל פחית",מבשלת קסטל ואן הונסברוק,BE,בירה שושנע 330מל פח.פקדון,מיליליטרים,330.00,"100 מ""ל",false,1,12.90,3.9091,true,1,336178
5411081008567,false,"בירה קסטיל נואר (פורטר) נייטרו 300 מ""ל",,DE,בירה קסטיל נואר נייטרו 300מל פח. פקדון,מיליליטרים,300.00,"100 מ""ל",false,1,12.90,4.3000,true,1,328643
5411081008628,false,"בירה קסטיל רוז נייטרו 300 מ""ל",,DE,בירה קסטיל רוז נייטרו 300מל פח. פקדון,מיליליטרים,300.00,"100 מ""ל",false,1,12.90,4.3000,true,1,328641
5411081009007,false,"בירה קסטיל אקסטרה 330 מ""ל",מבשלת קסטל ואן הונסב,,בירה קסטיל אקסטרה 330מל פקדון,מיליליטרים,330.00,"100 מ""ל",false,1,12.90,3.9091,true,1,334005
5411188080268,false,"אלפרו סויה אורגני 1 ל מפוקח ע""י סקאל",הנסיך- מפעל לייצור ט,BE,משקה סויה אלפרו אורגני 1 ל,ליטרים,1.00,ליטר,false,1,12.90,12.9000,true,1,239569
5411188081852,false,אלפרו משקה סויה בטעם וניל 1 ל',הנסיך- מפעל לייצור ט,BE,משקה סויה אלפרו וניל 1 ל,ליטרים,1.00,ליטר,false,1,12.90,12.9000,true,1,241242
5411188094159,false,רביעיית מעדן סויה שוקו מריר אלפרו 125 גרם,הנסיך- מפעל לייצור ט,BE,מעדן סויה אלפרו שוקולד בלגי4 יח,מיליליטרים,600.00,"100 מ""ל",false,1,17.90,2.9833,true,1,223893
5411188096108,false,"אלפרו שמנת צמחית לבישול לייט 250מ""ל",אלפרו C.V.A,BE,שמנת לבישול סויה אלפרו 250 מל,מיליליטרים,250.00,"100 מ""ל",false,1,8.90,3.5600,true,1,226299
5411188106159,false,אלפרו סויה לייט מופחת שומן 1.2% 1 ליטר,הנסיך- מפעל לייצור ט,BE,משקה סויה אלפרו טבעי לייט 1 ל,ליטרים,1.00,ליטר,false,1,14.00,14.0000,true,1,241240
5411188110835,false,אלפרו חלב סויה שקדים וניל 1ל',הנסיך- מפעל לייצור ט,BE,משקה שקדים אלפרו 1 ל,ליטרים,1.00,ליטר,false,1,12.90,12.9000,true,1,234985
5411188112709,false,"משקה קוקוס אלפרו 1 ליטר משקה שקדים לל""ס",הנסיך- מפעל לייצור ט,BE,משקה שקדים אלפרו ל.ס. 1 ל,ליטרים,1.00,ליטר,false,1,12.90,12.9000,true,1,243748
5411188115366,false,משקה קוקוס אלפרו 1 ליטר משקה שיבולת שועל 1 ליטר,הנסיך- מפעל לייצור ט,BE,משקה שבולת שועל אלפרו 1 ל,ליטרים,1.00,ליטר,false,1,12.90,12.9000,true,1,241236
5411188115434,false,משקה אלפרו בריסטה סויה 1 ליטר,אלפרו C.V.A,BE,משקה סויה אלפרו בריסטה 1 ליטר,ליטרים,1.00,ליטר,false,8,12.90,12.9000,true,1,334689
5411188115472,false,משקה סויה אלפרו 1 ליטר,הנסיך- מפעל לייצור ט,BE,משקה סויה אלפרו טבעי לייט 1 ל,ליטרים,1.00,ליטר,false,12,12.90,12.9000,true,1,324251
5411188118732,false,משקה אלפרו קוקוס ושקדים 1 ליטר,הנסיך- מפעל לייצור ט,BE,משקה שקדים קוקוס אלפרו 1 ל,ליטרים,1.00,ליטר,false,1,12.90,12.9000,true,1,297118
5411188120957,false,"אלפרו תערובת לבישול על בסיס קוקוס 250 מ""ל",אלפרו C.V.A,BE,אלפרו קוקוס לבישול 250מל,מיליליטרים,250.00,"100 מ""ל",false,15,8.90,3.5600,true,1,307859
5411188121923,false,"משקה סויה מועשר סידן אלפרו 3*250 מ""ל",הנסיך- מפעל לייצור ט,BE,שלישית חלב סויה אלפרו מועשר בסידן 750,מיליליטרים,750.00,"100 מ""ל",false,8,12.90,1.7200,true,1,311378
5411188121978,false,"משקה סויה בטעם שוקולד 3 * 250 מ""ל אלפרו",אלפרו סי.וי. איי,BE,שלישית משקה סויה שוקו אלפרו 250מל,מיליליטרים,750.00,"100 מ""ל",false,1,12.90,1.7200,true,1,309576
5411188122586,false,"משקה שקדים אלפרו 250 מ""ל",אלפרו C.V.A,BE,משקה אלפרו שקדים 250 מל,מיליליטרים,250.00,"100 מ""ל",false,1,5.90,2.3600,true,1,303718
5411188124689,false,משקה אלפרו שיבולת שועל ללא סוכר 1 ליטר,אלפרו C.V.A,BE,משקה שבולת שועל ללס אלפרו 1 ל,ליטרים,1.00,ליטר,false,8,14.90,14.9000,true,1,324783
5411188126195,false,אלפרו משקה שקדים אורגני 1ל מפוקח סקאל,אלפרו C.V.A,BE,משקה שקדים אורגני אלפרו 1 ל,ליטרים,1.00,ליטר,false,1,12.90,12.9000,true,1,313164
5411188127697,false,אלפרו משקה בריסטה שיבולת שועל 1 ליטר,הנסיך- מפעל לייצור ט,BE,משקה סויה אלפרו בריסטה שבולת שועל 1ליי,ליטרים,1.00,ליטר,false,8,12.90,12.9000,true,1,324249
5411188129899,false,משקה אלפרו בריסטה שקדים 1 ליטר,הנסיך- מפעל לייצור ט,BE,משקה סויה אלפרו בריסטה שקדים 1ליי,ליטרים,1.00,ליטר,false,8,12.90,12.9000,true,1,324250
5411188133490,false,אלפרו משקה סויה קפה קרמל+חלבון 250 גרם בית יוסף,אלפרו C.V.A,BE,משקה אלפרו סויה קפה קרמל עם חלבון 250גר,גרמים,250.00,100 גרם,false,15,6.90,2.7600,true,1,329359
5411188134985,false,אלפרו 3.5% NOT M*LK שיבולת שועל 1 ליטר בית יוסף,הנסיך- מפעל לייצור ט,BE,משקה אלפרו שבולת שועל 1ליטר נוט 3.5%,ליטרים,1.00,ליטר,false,1,12.90,12.9000,true,1,329357
5411188135005,false,אלפרו 1.8% NOT M*LK שיבולת שועל 1 ליטר בית יוסף,הנסיך- מפעל לייצור ט,BE,משקה אלפרו שבולת שועל 1ליטר נוט 1.8%,ליטרים,1.00,ליטר,false,1,12.90,12.9000,true,1,329356
5411188300328,false,אלפרו סויה שוקו 1 ליטר * 8 יחי,הנסיך- מפעל לייצור ט,BE,משקה סויה אלפרו שוקו 1 ל,ליטרים,1.00,ליטר,false,1,12.90,12.9000,true,1,241241
5411188543398,false,משקה סויה ללא סוכר אלפרו 1 ליטר,הנסיך- מפעל לייצור ט,BE,משקה סויה אלפרו ללא סוכר 1 ל,ליטרים,1.00,ליטר,false,12,12.90,12.9000,true,1,324252
5411223030081,false,"בירה לינדמנס קריק דובדבנים 250 מ""ל",מבשלת לינדמנס,BE,בירה לינדמנס קריק דובדובן 250 מל פקדון,מיליליטרים,250.00,"100 מ""ל",false,1,12.90,5.1600,true,1,225122
5411223100579,false,"בירה לינדמנס אפל תפוח 250 מ""ל",מבשלת לינדמנס,,בירה לינדמנס תפוחים 250 מל פקדון,מיליליטרים,250.00,"100 מ""ל",false,1,12.90,5.1600,true,1,319644
5411223100838,false,"בירה לינדמנס פיץ אפרסק 250 מ""ל",מבשלת לינדמנס,,בירה לינדמנס אפרסק 250 מל פקדון,מיליליטרים,250.00,"100 מ""ל",false,1,12.90,5.1600,true,1,319643
5411223100920,false,בירה לינדמנס קריק דובדבנים 750 מל,,,בירה לינדמנס קריק דובדובן 750 מל פקדון,מיליליטרים,750.00,"100 מ""ל",false,1,29.90,3.9867,true,1,323944
5411616002190,false,"בירה מרטנס חזקה 8.5% כהל,500 מ""ל",מבשלת מרטנס,BE,בירה מרטנס סטרונג 8.5% פחית 500 מל פקדון,מיליליטרים,500.00,"100 מ""ל",false,1,7.90,1.5800,true,1,245350
5411616133245,false,בירה מרטנס פחית ירוק500מ,מבשלת מרטנס,BE,בירה מרטנס פחית 500 מל פקדון,מיליליטרים,500.00,"100 מ""ל",false,1,7.90,1.5800,true,1,226024
5411616148546,false,"בירה מרטינס גולד 500 מ""ל-פחית",מבשלת מרטנס,BE,בירה מרטנס גולד פחית 500 מל פקדון,מיליליטרים,500.00,"100 מ""ל",false,1,7.90,1.5800,true,1,226023
5411642563047,false,גופרה בלגית וופל עם סוכר מ.שוקולד 300 גר,,BE,ופל גופרה בלגי אישי מצופה 300 גרם,גרמים,300.00,100 גרם,false,16,14.90,4.9667,true,1,335998
5411663002846,false,"בירה Gulden Draak QUAD 10.5% מ""ל 330",Van steenberg,BE,בירה גולדן דראק בהיר 750 מל,מיליליטרים,330.00,"100 מ""ל",false,6,14.90,4.5152,true,1,246048
5411676100874,false,"בירת ברבר בלונד 330 מ""ל",מבשלת לפבר,,בירה ברבר בלונד בהיר 330 מל,מיליליטרים,330.00,"100 מ""ל",false,1,14.90,4.5152,true,1,326081
5411676100928,false,"בירת ברבר רוז 330 מ""ל",מבשלת לפבר,BE,בירה ברבר רוז 330 מל,מיליליטרים,330.00,"100 מ""ל",false,12,14.90,4.5152,true,1,326083
5411676175131,false,"בירת ברבר בלונד 750 מ""ל בקבוק",,BE,בירה ברבר בלונד 750 מל,מיליליטרים,750.00,"100 מ""ל",false,12,29.90,3.9867,true,1,320877
5411676175148,false,"בירת ברבר כהה 750 מ""ל בקבוק",מבשלת לפבר,BE,בירה ברבר בוק כהה 750 מל,מיליליטרים,750.00,"100 מ""ל",false,6,29.90,3.9867,true,1,320607
5411676301356,false,"בירת ברבר בוק (כהה) 330 מ""ל",מבשלת לפבר,,בירה ברבר בוק כהה 330 מל,מיליליטרים,330.00,"100 מ""ל",false,1,14.90,4.5152,true,1,326082
5411676800453,false,בירה בלאנש 330מל פקד,מבשלת לפבר,,בירה בלאנש 330מל פקדון,מיליליטרים,330.00,"100 מ""ל",false,1,14.90,4.5152,true,1,322059
5411681014005,false,בירה דובל 330 מל פקד,פארייפאבה אגרואינדוס,IL,בירה דובל 330 מל פקדון,מיליליטרים,330.00,"100 מ""ל",false,1,14.90,4.5152,true,1,225118
5411681038001,false,"מרדסו מעורפלת מאוד330מ""ל","איי, בי, אינבוו",BE,בירה מרדסו 330 מל פקדון,מיליליטרים,330.00,"100 מ""ל",false,1,14.90,4.5152,true,1,225125
5411681038056,false,בירה מרדסו 10 טריפל750מל,דובל מורטגט,BE,בירה מרדסו טריפל 750 מל פיקדון,מיליליטרים,750.00,"100 מ""ל",false,1,29.90,3.9867,true,1,227674
5411681401164,false,בירה דובל טריפ הופ 3,,,בירה דובל טריפ הופ 330 מל פקדון,מיליליטרים,330.00,"100 מ""ל",false,1,14.90,4.5152,true,1,235071
5411681402635,false,"בירה דובל 750 מ""ל בקבוק",,,בירה דובל 750 מל פקדון,מיליליטרים,750.00,"100 מ""ל",false,1,29.90,3.9867,true,1,303515
5411681403502,false,מארז 3יח בירה מרדסו,מבשלת מורטגט,,מארז 3יח בירה מרדסו 330מל + כוס חרס,מיליליטרים,990.00,"100 מ""ל",false,1,39.90,4.0303,true,1,313017
5411681408002,false,בירה דובל 666 330מל,,,בירה דובל 666 330מל בק.פקדון,מיליליטרים,330.00,"100 מ""ל",false,24,14.90,4.5152,true,1,336358
5411686700118,false,בירה ליפמנס פרוטס בתוספת,לפימנס,BE,בירה ליפמנס פרוטס 250 מל פקדון,מיליליטרים,250.00,"100 מ""ל",false,1,12.90,5.1600,true,1,229492
5411911000310,false,"בירה סן ברנרדוס אבט 12 750 מ""ל בקבוק",,,בירה סן ברנדרס אבט 12 750 מל פיקדון,מיליליטרים,750.00,"100 מ""ל",false,1,29.90,3.9867,true,1,225126
5412186000098,false,"דילריום טרמנס - בקבוק 330 מ""ל",L.HUYGHE,BE,בירה דיליריאום טרמנס בלונד 330מל בק.פק,מיליליטרים,330.00,"100 מ""ל",false,1,14.90,4.5152,true,1,237465
5412186000135,false,"בירה גיליוטינה בהיר 330 מ""ל",L.HUYGHE,BE,בירה לה גילוטינה בהיר 330 מל בק. פקדון,מיליליטרים,330.00,"100 מ""ל",false,1,14.90,4.5152,true,1,237467
5412186000159,false,"בירה בהירה 330 מ""ל Blanche des neiges",L.HUYGHE,BE,בירה בהירה בלאנש דה ניגיס 330מל בק.פקדון,מיליליטרים,330.00,"100 מ""ל",false,1,14.90,4.5152,true,1,338511
5412186000661,false,מארז דליריאום בלונד 8.5% 4*330 מלTremens,,BE,מארז 4יח בירה דליריאום בלונד 330מל+כוס,מיליליטרים,1320.00,"100 מ""ל",false,1,79.90,6.0530,true,1,338506
5412186000715,false,"דילריום נוקטורנום - בקבוק 330 מ""ל",L.HUYGHE,BE,בירה דיליריאום נוקטורמום כהה 330מל בק.פק,מיליליטרים,330.00,"100 מ""ל",false,1,14.90,4.5152,true,1,237466
5412186002436,false,בירה דליריאום רד בטעמי פירות 8.0% 330 מל,L.HUYGHE,BE,בירה דיליריאום רד330מל ט.פירות בק.פקדון,מיליליטרים,330.00,"100 מ""ל",false,1,14.90,4.5152,true,1,338509
5412186002528,false,מארז בירה 8.5% 4*330 מל La guillotine,,BE,מארז 4יח בירה לה גוליוטין 330מל+כוס בק.פ,מיליליטרים,1320.00,"100 מ""ל",false,1,79.90,6.0530,true,1,338507
5412186003594,false,בירה דליריאום אמבר 7% 330 מל Argentum,L.HUYGHE,BE,בירה דיליריאום ארגנטום אמבר 330מל בק.פק,מיליליטרים,330.00,"100 מ""ל",false,1,14.90,4.5152,true,1,338510
5412186004997,false,"מארז בירה דליריאום מארז מעורב 4*330 מ""ל",,BE,מארז 4יח בירה דליריאום מעורב 330מל בק.פק,מיליליטרים,1320.00,"100 מ""ל",false,1,79.90,6.0530,true,1,338508
5412514350000,false,עלי טורטיליאס 370 גרם,אן. וי סנק פוד,BE,עלי טורטילה גדול 25 סמ 370 גר,גרמים,370.00,100 גרם,false,1,22.50,6.0811,true,1,219046
5412514555559,false,עלי טוריטיה רגיל קטן פלוטקין,אן. וי סנק פוד,BE,עלי טורטילס 340 גר,גרמים,340.00,100 גרם,false,1,18.50,5.4412,true,1,218908
5412514777746,false,תרמילי טאקו קונכיות,אן. וי סנק פוד,,תרמילי טאקו קונכיות כשר 125 גרם,גרמים,125.00,100 גרם,false,1,20.90,16.7200,true,1,218909
5412514931117,false,עלי טורטילס מתירס פוקולוקו 320 גר,אן. וי סנק פוד,BE,עלי טורטילה תירס 320 גר,גרמים,320.00,100 גרם,false,1,22.50,7.0313,true,1,224619
5412514931889,false,עלי קורדיטס 272 ג SOFT TACO,אן. וי סנק פוד,BE,עלי קורדיטה 272 גר,גרמים,272.00,100 גרם,false,1,18.50,6.8015,true,1,232860
5412514999940,false,סלסה עם צאדר 290 גר פוקו לוקו,נ.ו.סנאק פוד פוקו לו,,רוטב סלסה עם גבינה פוקו לוקו 300 גרם,גרמים,300.00,100 גרם,false,1,23.50,7.8333,true,1,298931
5412514999957,false,סלסה גוואקמולה 300 גרם,אן. וי סנק פוד,,רוטב סלסה גוואקמולה 300 ג,גרמים,300.00,100 גרם,false,1,27.50,9.1667,true,1,222098
5412533001617,false,נוזל לניקוי כלים אלוורה ולימון 1 ליטר,אקובר,BE,נוזל לניקוי כלים אלוורה ולימון 1 ליטר,ליטרים,1.00,ליטר,false,1,14.90,14.9000,true,1,237247
5412533002287,false,נוזל לניקוי אסלות בניחוח אורנים ECOVER,,BE,נוזל ניקוי אסלות אורנים אקולוגי 750מל,מיליליטרים,750.00,"100 מ""ל",false,1,19.90,2.6533,true,1,237258
5412533003857,false,נוזל ניקוי אסלות גלי-ים (פקק כחול) 750 מ,אקובר,BE,נוזל ניקוי אסלות גלי ים אקולוגי 750מל,מיליליטרים,750.00,"100 מ""ל",false,1,19.90,2.6533,true,1,237259
5412533140408,false,מלבין לכביסה ולבית ללא כלור 400 גר,,BE,מלבין לכביסה ולבית ללא כלור 400גר,גרמים,400.00,100 גרם,false,1,19.00,4.7500,true,1,237263
5412533416602,false,טבליות למדיח 25 יח 500 ג,אקובר,BE,טבליות למדיח 25יח אקולוגי הכל באחד אקובר,יחידה,25.00,יחידה,false,1,36.90,1.4760,true,1,313426
5412533416626,false,אקובר הכל באחד למדיח גמבו,אקובר,BE,טבליות למדיח 65 יח אקולוגי אקובר,יחידה,70.00,יחידה,false,1,84.90,1.2129,true,1,315885
5412533419566,false,נוזל לכביסה עדינה בניחוח נופר 750 מל,אקובר,BE,נוזל כביסה עדינה 750מל אקולוגי בריח נופר,מיליליטרים,750.00,"100 מ""ל",false,1,24.90,3.3200,true,1,322196
5412533419665,false,"מרכך כביסה תפוח ושקדים 750 מ""ל",,BE,מרכך כביסה תפוח שקד אקולוגי 750 מל,מיליליטרים,750.00,"100 מ""ל",false,1,16.90,2.2533,true,1,322337
5412533419702,false,"מרכך כביסה ווניל וגרדניה 750 מ""ל",אקובר,BE,מרכך כביסה תפוח שקד אקולוגי 750 מל,מיליליטרים,750.00,"100 מ""ל",false,6,16.90,2.2533,true,1,320893
5412533421118,false,מרכך כביסה זירו 1 ליטר,,BE,מרכך כביסה אקוור זירו 1 ליטר,ליטרים,1.00,ליטר,false,6,25.90,25.9000,true,1,328171
5412533421514,false,נוזל לניקוי רצפות 1 ליטר,,BE,נוזל ניקוי רצפות ומשטחים למון גראס 1ליטר,ליטרים,1.00,ליטר,false,1,19.90,19.9000,true,1,334003
5412533421736,false,נוזל לניקוי אמבטיה 500מל,,BE,נוזל לניקוי אמבטיה אקובר 500מל,מיליליטרים,500.00,"100 מ""ל",false,1,24.90,4.9800,true,1,335663
5412533421828,false,תרסיס לניקוי משטחים500מל,,BE,תרסיס לניקוי משטחים מולטי אקשן 500מל,מיליליטרים,500.00,"100 מ""ל",false,1,24.90,4.9800,true,1,333709
5412533421958,false,תרסיס לניקוי חלונות500מל,אקובר,BE,תרסיס לניקוי חלונות וזכוכית 500מל אקובר,מיליליטרים,500.00,"100 מ""ל",false,6,24.90,4.9800,true,1,333708
5412533421989,false,"מסיר אבנית אקובר 500 מ""ל",,BE,מסיר אבנית אקולוגי 500מל אקובר,מיליליטרים,500.00,"100 מ""ל",false,1,22.90,4.5800,true,1,333938
5412865023691,false,מקלות חמצוצים רחב פטל 50 גרם,,,מקלות חמוצוצים פטל רחב 50 גר,Unknown,0.00,Unknown,false,1,4.90,0.0000,true,1,314716
5412956213710,false,שוקולד מריר קאשט קקא,,,שוקולד מריר קאשט קקאו מקורמל 100 גר,גרמים,100.00,100 גרם,false,12,9.90,9.9000,true,1,325422
5412956214519,false,שוקולד מריר עם תפוז ושקדים 100 גרם,Kim's Chocolates NV,BE,שוקולד מריר קאשט תפוז שקדים 100 גר,גרמים,100.00,100 גרם,false,12,9.90,9.9000,true,1,325419
5412956214526,false,שוקולד מריר עם אגס ושקדים 100 גרם,Kim's Chocolates NV,BE,שוקולד מריר קאשט אגס שקדים 100 גר,גרמים,100.00,100 גרם,false,12,9.90,9.9000,true,1,325420
5412956214533,false,שוקולד מריר עם לימון ופלפל שחור 100 גרם,Kim's Chocolates NV,BE,שוקולד מריר קאשט לימון פלפל שחור 100 גר,גרמים,100.00,100 גרם,false,12,9.90,9.9000,true,1,325421
5412956214540,false,שוקולד מריר עם גינגר ואוכמניות 100 גרם,Kim's Chocolates NV,BE,שוקולד מריר קאשט גינגר אוכמניות 100 גר,גרמים,100.00,100 גרם,false,12,9.90,9.9000,true,1,325418
5412956214632,false,שוקולד 90% מריר קאשט,Kim's Chocolates NV,BE,שוקולד 90% מריר קאשט 100 גר,גרמים,100.00,100 גרם,false,12,9.90,9.9000,true,1,325425
5412956214649,false,שוקולד מריר 85% קקאו 100 גרם,Kim's Chocolates NV,BE,שוקולד 85% מריר קאשט 100 גר,גרמים,100.00,100 גרם,false,12,9.90,9.9000,true,1,325423
5412956214670,false,שוקולד מריר 70% קקאו 100 גרם,Kim's Chocolates NV,BE,שוקולד 70% מריר קאשט 100 גר,גרמים,100.00,100 גרם,false,12,9.90,9.9000,true,1,325424
5412956221173,false,שוקולד קאשט מריר 70% קקאו 180 גר,KIMS,BE,שוקולד קאשט באר 70% מריר 180 גרם,גרמים,180.00,100 גרם,false,12,11.90,6.6111,true,1,337020
5412956221180,false,שוקולד קאשט מריר שברי שקדים ומלח ים 180ג,KIMS,BE,שוקולד קאשט באר שברי שקדים מלח י 180 גרם,גרמים,180.00,100 גרם,false,12,11.90,6.6111,true,1,337021
5412956221197,false,שוקולד קאשט חלב שברי בייגלה ובראוניז180ג,KIMS,BE,שוקולד קאשט באר בייגלה בראוניז 180 גרם,גרמים,180.00,100 גרם,false,12,11.90,6.6111,true,1,337023
5413121350018,false,בונבוניירה BCG לבבות 200 גר,BCG,,בונ.בלגיאן פרליני לבבות בלגי 200 ג,גרמים,200.00,100 גרם,false,1,30.00,15.0000,true,1,222623
5413121351602,false,בונבוניירה BCG לבבות שוקולד 65 גר,BCG,,בונ.בלגיאן לבבות שוקולד 65 ג,Unknown,0.00,Unknown,false,1,13.20,0.0000,true,1,222622
5413121355075,false,שוקולד בלגי מריר עם תפוז פרסטיז 100 גרם,BCG,,שוקולד בלגיאן מריר תפוז 100 ג,גרמים,100.00,100 גרם,false,1,11.90,11.9000,true,1,222941
5413121355082,false,שוקולד בלגי מריר משובח 72 פרסטיז 100 גרם,BCG,,שוקולד בלגיאן72% מריר 100 ג,גרמים,100.00,100 גרם,false,1,11.90,11.9000,true,1,222939
5413121355105,false,בלג'יאן-שוקולד חלב משובח 100 גר'1/25 (620725),BCG,,שוקולדבלגיאן חלב משובח 100 ג,גרמים,100.00,100 גרם,false,1,11.90,11.9000,true,1,223988
5413121356737,false,"שוקולד מריר ללא תוספת סוכר ""בלג'יאן"" 100 גרם",BCG,,שוקולד בלגי מריר ללא סוכר 100 ג בלגיאן,גרמים,100.00,100 גרם,false,1,14.90,14.9000,true,1,222618
5413121359769,false,לבבות וצדפי שוקולד 195ג' בלגיאן,בי סי ג'י אולן,BE,בונ.צדפי שוקולד בלגיאן 195 גר,גרמים,195.00,100 גרם,false,1,12.90,6.6154,true,1,226179
5413121363513,false,שוקולד מריר דובדבן בלגיאן 100 גרם,BCG,,שוקולדבלגיאן מריר דובדבן 100 גרם,גרמים,100.00,100 גרם,false,1,11.90,11.9000,true,1,313028
5413121364121,false,בלג'יאן טראפלס קקאו שוקולד 150 גרם,Q Chocolate,BE,טרופל בלגיאן קקאו 150 גרם כשלפ,גרמים,150.00,100 גרם,false,1,11.90,7.9333,true,1,311396
5413121365616,false,שוקולד בלגי מריר 90% בלגיאן 100 גרם,BCG,,שוקולד בלגיאן90% מריר 100 ג,גרמים,100.00,100 גרם,false,1,11.90,11.9000,true,1,317923
5413121388905,false,בלגיאן-טראפלס אגוז חג שמח 150 גרם,Q Chocolate,BE,טרופל בלגיאן אגוז150 גרם כשלפ,גרמים,150.00,100 גרם,false,1,11.90,7.9333,true,1,321198
5413149922907,false,"אבקת כביסה קולור וסטייל 5 ק""ג אריאל",פרוקטר אנד גמבל,TR,אב.כביסה אריאל קולור 5 קג,קילוגרמים,5.00,"ק""ג",false,1,42.90,8.5800,true,1,227536
5413149922938,false,"אריאל אבקת כביסה שושן צחור, 5 ק""ג",פרוקטר אנד גמבל,TR,אב.כביסה אריאל שושן צחור 5 קג,קילוגרמים,5.00,"ק""ג",false,1,42.90,8.5800,true,1,227535
5413149930025,false,אבקת כביסה טייד אלפיין פרש,פרוקטר & גמבל,TR,אב.כביסה טייד רגיל 5 קג,קילוגרמים,5.00,"ק""ג",false,1,46.90,9.3800,true,1,227537
5413216990242,false,בונבוניירה צדפים ממולאים בקרם אגוזים,נאטראג'\אקאלי,BE,בונ.צדפי שוקולד קרם אגוזים 250 גרם,גרמים,250.00,100 גרם,false,1,14.90,5.9600,true,1,299823
5413548040479,false,בונבוניירה רפאלו 240 גרם,ליימן-שליסל,PL,בונבונירה רפאלו 240 גר,גרמים,240.00,100 גרם,false,1,24.90,10.3750,true,1,226482
5413548280189,false,קינדר שוקו בון 1 יחידות 125 גרם,פררו - אלבה,BE,קינדר שוקו בון 125 גרם,גרמים,125.00,100 גרם,false,1,12.00,9.6000,true,1,218917
5414145036568,false,"ליקר קרם קלאב אוריגינל עם וויסקי 700 מ""ל",סודיקו,US,ליקר קרם קלאב אוריגונל סקוטי 700 מל,מיליליטרים,700.00,"100 מ""ל",false,6,55.00,7.8571,true,1,316935
5420066330203,false,ביאנקה טרופל קקאו באריזת זהב 175 גרם,Q Chocolate,BE,טרופל ביאנקה זהב קקאו 175 גר,גרמים,175.00,100 גרם,false,1,15.00,8.5714,true,1,295010
5420066330210,false,ביאנקה- טרופל קקאו באריזות כסף 175 ג,Q Chocolate,BE,טרופל ביאנקה כסף 175 גרם,גרמים,175.00,100 גרם,false,1,15.00,8.5714,true,1,298280
5425025122172,false,בירה לופולוס בלאנש 330 מל,,BE,בירה לופולוס בלאנש 330מל 4.5% פקדון,גרמים,330.00,100 גרם,false,1,14.90,4.5152,true,1,323593
5600291427026,false,יין אדום ברנקואה יב,ריבאפרשיו,,יין ברונקואה 750 מל,מיליליטרים,750.00,"100 מ""ל",false,1,45.00,6.0000,true,1,297754
5600291427095,false,יין לבן אנטאו גרנד ר,ריבאפרשיו,,יין פאטו פריאו גרנד אסקולא 750 מל,מיליליטרים,750.00,"100 מ""ל",false,1,60.00,8.0000,true,1,297766
5600291427101,false,יין גאודיו קלסיקו 75,ריבאפרשיו,,יין גאודיו קלסיקו 750 מל,מיליליטרים,750.00,"100 מ""ל",false,1,70.00,9.3333,true,1,297767
5600291427170,false,יין רוזה יבש פאטו פר,,,"יין רוזה יבש פאטו פריו קשמיר 750 מ""ל",מיליליטרים,750.00,"100 מ""ל",false,12,60.00,8.0000,true,1,325178
5600291427378,false,יין לבן ברנקואה יבש,ריבאפרשיו,,יין לבן ברנקואה 750 מל,מיליליטרים,750.00,"100 מ""ל",false,1,45.00,6.0000,true,1,317436
5600291427491,false,יין לבן מבעבע ספומנט,,,יין לבן מבעבע ספומנטה 750 מל,מיליליטרים,750.00,"100 מ""ל",false,1,60.00,8.0000,true,1,334492
5600291427583,false,יין רוזה מבעבע מספומ,,,יין רוזה מבעבע מספומנטה 750 מל,מיליליטרים,750.00,"100 מ""ל",false,1,60.00,8.0000,true,1,334493
5600379040277,false,יין לבן ראזה 750 מל,QUINTA da RAZA lda,,יין לבן ראזה 750 מל,מיליליטרים,750.00,"100 מ""ל",false,1,45.00,6.0000,true,1,294410
5600379040376,false,יין ראזה רוזה 750 מל,QUINTA da RAZA lda,,יין ראזה רוזה 750 מל,מיליליטרים,750.00,"100 מ""ל",false,1,45.00,6.0000,true,1,327480
5600391234210,false,יין הרדאר דה סאו מיג,,,יין הרדאר דה סאו מיגל אדום 750 מל,מיליליטרים,750.00,"100 מ""ל",false,1,60.00,8.0000,true,1,337898
5600787049008,false,"קמבוצ'ה ותה ירוק עם תמצית אננס אפרסק 400 מ""ל",קפטן קמפוצה,PT,משקה קמבוצה תה ירוק אננס אפרסק 400מל,מיליליטרים,400.00,"100 מ""ל",false,1,19.90,4.9750,true,1,313457
5600787049022,false,"משקה אורגני ע""ב קמבוצה ותה ירוק 400 מל",קפטן קמפוצה,PT,משקה קמבוצה תה ירוק אורגני עם ת.פטל 400מ,מיליליטרים,400.00,"100 מ""ל",false,1,19.90,4.9750,true,1,313454
5600787049046,false,"משקה אורגני ע""ב קמבוצה ותה ירוק 400 מ",קפטן קמפוצה,PT,משקה קמבוצה תה ירוק אורגני 400מל,מיליליטרים,400.00,"100 מ""ל",false,1,19.90,4.9750,true,1,313455
5600787049213,false,"משקה אורגני ע""ב קמבוצה ותה ירוק עם 400",קפטן קמפוצה,PT,משקה קמבוצה תה ירוק גינגר לימון 400מל,מיליליטרים,400.00,"100 מ""ל",false,1,19.90,4.9750,true,1,313456
5601008200444,false,עוגיות גודיס טבעות מצופות שוקולד חלב מרבה 150 גרם,הנסיך- מפעל לייצור ט,PT,עוגיות גודיס שוקולד חלב 150 גר,גרמים,150.00,100 גרם,false,1,6.90,4.6000,true,1,230741
5601008200451,false,עוגיות גודיס טבעות מצופות שוקולד מריר מרבה 150 גרם,מרבה Merba,PT,עוגיות גודיס שוקולד מריר 150 גר,גרמים,150.00,100 גרם,false,1,6.90,4.6000,true,1,230742
5601008200468,false,עוגיות גודיס טבעות מצופות שוקולד לבו מרבה 150 גרם,קריניציה ויטמינה אס,PT,עוגיות גודיס שוקולד לבן 150 גר,גרמים,150.00,100 גרם,false,1,6.90,4.6000,true,1,230743
5601010111035,false,סרדין בשמן זית רמירז 125 גרם,רמירז אנד קה פילהאוס,PT,סרדין רמירז בשמן זית 125 גרם,גרמים,125.00,100 גרם,false,1,10.90,8.7200,true,1,312516
5601010211070,false,סרדין במים רמירז 125 גרם,רמירז אנד קה פילהאוס,PT,סרדין רמירז במים 125 גרם,גרמים,125.00,100 גרם,false,50,10.90,8.7200,true,1,312515
5601010211087,false,פילה סרדין בשמן זית כתית 100 גר רמירז,רמירז אנד קה פילהאוס,PT,פילה סרדין רמירז בשמן זית 100 גרם,גרמים,100.00,100 גרם,false,50,13.90,13.9000,true,1,312514
5601012011500,false,יין מטאוס רוזה אוריג,,,יין מתאוס רוזה 750 מל פקדון,Unknown,0.00,Unknown,false,1,40.00,0.0000,true,1,245144
5601045300022,false,משקה גוארנה אנטרטיקה פחית 355 מל,סומול וקומפל אס.איי,PT,משקה גוארנה אנטרטיקה 330 מל פקדון,מיליליטרים,356.00,"100 מ""ל",false,1,6.70,1.8820,true,1,225113
5601096020498,false,יין פונצי ויניו ורדה,,PT,יין פונצי ויניו ורדה רוזה 750 מל,מיליליטרים,750.00,"100 מ""ל",false,6,45.00,6.0000,true,1,328236
5601096200319,false,יין קאסל גרסיה לבן מ,,,יין קאסל גרסיה לבן מתוק 750 מל,מיליליטרים,750.00,"100 מ""ל",false,1,45.00,6.0000,true,1,338607
5601096208308,false,יין קסאל גרסיה וינו,avellada,,יין קסאל גרסיה וינו ורדה,מיליליטרים,750.00,"100 מ""ל",false,1,45.00,6.0000,true,1,306748
5601096328303,false,יין קאסל גרסיה רוזה,,,יין קאסל גרסיה רוזה 750 מל,מיליליטרים,750.00,"100 מ""ל",false,1,45.00,6.0000,true,1,338606
5601096351301,false,יין קסאל גרסיה דוארו,avellada,,יין קסאל גרסיה דוארו 750 מל,מיליליטרים,750.00,"100 מ""ל",false,1,45.00,6.0000,true,1,306749
5601096610347,false,יין שרמבה ריזרב 750,,PT,יין שרמבה ריזרב 750 מל,מיליליטרים,750.00,"100 מ""ל",false,6,60.00,8.0000,true,1,328233
5601217129420,false,וולייט דפים למניעת העברת צבע 20 יחידות,רקיט בן קיזר,IT,ווליט דפים למניעת העברת צבע 20יח,יחידה,20.00,יחידה,false,1,19.90,0.9950,true,1,308442
5601378223524,false,תורמוס אורגינל 360 גרם,מאסריקו ס.א,PT,בצלצלים מסריקו בחומץ 380 גרם,גרמים,430.00,100 גרם,false,12,9.90,2.3023,true,1,313893
5601378860309,false,פולי תורמוס במי מלח,מאסריקו ס.א,PT,פולי תורמוס במי מלח 870 גר,גרמים,870.00,100 גרם,false,6,17.90,2.0575,true,1,313890
5601448025089,false,"יין ויה לאטינה בראנקו 750 מ""ל",וורקופה,PT,יין ויה לאטינה וינו וורדה ברנקו 750 מל,מיליליטרים,750.00,"100 מ""ל",false,1,40.00,5.3333,true,1,299509
5601448028233,false,יין ויה לאטינה וינו,וורקופה,,יין ויה לאטינה וינו וורדה רוזה 750מל,מיליליטרים,750.00,"100 מ""ל",false,1,40.00,5.3333,true,1,299511
5601743001900,false,יין ולאס 2013 750 מל,,,יין ולאס 2013 750 מל פיקדון,מיליליטרים,750.00,"100 מ""ל",false,1,80.00,10.6667,true,1,245967
5601743999900,false,יין מבעבע פורמל 2009,,,יין מבעבע פורמל 2009 750 מל פיקדון,מיליליטרים,750.00,"100 מ""ל",false,1,110.00,14.6667,true,1,245972
5601766200229,false,יין קווינטה דה אלורנ,,PT,יין קווינטה דה אלורנה אדום 750 מל,מיליליטרים,750.00,"100 מ""ל",false,6,60.00,8.0000,true,1,334064
5601766200298,false,יין רוזה קווינטה דה,,PT,יין רוזה קווינטה דה אלורנה טוריגה 750מל,מיליליטרים,750.00,"100 מ""ל",false,12,60.00,8.0000,true,1,336591
5601996023780,false,"יין פורטה 6 רוזה 750 מ""ל",וידיגל,PT,יין פורטה רוזה 750 מל,מיליליטרים,750.00,"100 מ""ל",false,6,45.00,6.0000,true,1,320950
5601996132567,false,יין חוליה פלורסיטה ל,,,יין חוליה פלורסיטה לבן 750 מל,מיליליטרים,750.00,"100 מ""ל",false,1,40.00,5.3333,true,1,333439
5601996355485,false,"יין פורטה 6 לבן 750 מ""ל",וידיגל,PT,יין פורטה לבן 750 מל,מיליליטרים,750.00,"100 מ""ל",false,6,45.00,6.0000,true,1,320949
5601996546340,false,יין חוליה פלורסיטה א,,,יין חוליה פלורסיטה אדום 750 מל,מיליליטרים,750.00,"100 מ""ל",false,1,40.00,5.3333,true,1,333438
5601996547897,false,"יין פורטה 6 אדום 750 מ""ל",וידיגל,PT,יין פורטה אדום 750 מל,מיליליטרים,750.00,"100 מ""ל",false,6,45.00,6.0000,true,1,320948
5601996589651,false,יין קוראגם אדום 750,וידיגל,PT,יין קוראגם אדום 750 מל,מיליליטרים,750.00,"100 מ""ל",false,6,70.00,9.3333,true,1,320955
5601996669872,false,"יין פורטה 6 וינו ורדה 750 מ""ל",וידיגל,PT,יין פורטה וינו ורדה 750 מל,מיליליטרים,750.00,"100 מ""ל",false,6,45.00,6.0000,true,1,333432
5602507010121,false,יין לבן שריגראס 750מ,,PT,יין לבן שריגראס 750מל בק.פקדון,מיליליטרים,750.00,"100 מ""ל",false,12,45.00,6.0000,true,1,338148
5602507020304,false,יין אדום שריגראס 750,,PT,יין אדום שריגראס 750מל בק.פקדון,מיליליטרים,750.00,"100 מ""ל",false,12,45.00,6.0000,true,1,338147
5602507020465,false,יין רוזה ורוד שריגרא,,PT,יין רוזה ורוד שריגראס 750מל בק.פקדון,מיליליטרים,750.00,"100 מ""ל",false,12,45.00,6.0000,true,1,338149
5602507040012,false,משקה גראפה פורטוגלית,,PT,משקה גראפה פורטוגלית מרק ברנדי 700מל פקד,מיליליטרים,700.00,"100 מ""ל",false,12,189.00,27.0000,true,1,338150
5602507040036,false,ברנדי מיושן 12שנים א,,PT,ברנדי מיושן 12שנים אקס או 700מל בק.פקדון,מיליליטרים,700.00,"100 מ""ל",false,12,299.00,42.7143,true,1,338151
5602507070019,false,יין אדום שירזרס אזורי ליסבון 3 ליטר,,PT,יין אדום שריגראס 3 לי,ליטרים,3.00,ליטר,false,1,110.00,36.6667,true,1,241662
5602507070040,false,יין לבן שירזרס אזורי ליסבון 3 ליטר,,,יין לבן שירזראס 3 לי,ליטרים,3.00,ליטר,false,1,110.00,36.6667,true,1,241661
5602640000645,false,יין סואלהריו אלוורינ,יקב טוליפ,,יין סואלהריו אלווריניו 750 מל,מיליליטרים,750.00,"100 מ""ל",false,1,100.00,13.3333,true,1,319351
5604123005925,false,יין קינטה דו קראשטו,פורטוגל קינטה דו קרא,,יין קינטה דו קראשטו רזרבה 750מל,מיליליטרים,750.00,"100 מ""ל",false,1,135.00,18.0000,true,1,325846
5604123006649,false,יין קינטה דו קראשטו,פורטוגל קינטה דו קרא,,יין קינטה דו קראשטו רזרבה 750מל,מיליליטרים,750.00,"100 מ""ל",false,1,135.00,18.0000,true,1,335052
5604123006779,false,יין קינטה דו קראשטו,פורטוגל קינטה דו קרא,,יין קינטה דו קראשטו סופריור 750מל,מיליליטרים,750.00,"100 מ""ל",false,1,65.00,8.6667,true,1,335051
5604242005257,false,יין טוריגה נסיונל 20,,,יין טוריגה נסיונל 2009 750 מל,מיליליטרים,750.00,"100 מ""ל",false,1,200.00,26.6667,true,1,244051
5604242005622,false,יין טוריגה פרנקה 200,,,יין טוריגה פרנקה 2009 750 מל,מיליליטרים,750.00,"100 מ""ל",false,1,200.00,26.6667,true,1,244050
5604242008074,false,יין מוסקוטל 2014 750,,,יין מוסקוטל 2014 750 מל פיקדון,מיליליטרים,750.00,"100 מ""ל",false,1,85.00,11.3333,true,1,245984
5604242131420,false,יין פורט 20 שנה 750,,,יין פורט 20 שנה 750 מל,מיליליטרים,750.00,"100 מ""ל",false,1,330.00,44.0000,true,1,244063
5604912415041,false,סרדינים בשמן חמניה פורטוס 125 גרם,קונסרבס פורטוגל נורטה לי,PT,סרדין פורטוס בשמן חמניה 125 גרם,גרמים,125.00,100 גרם,false,25,6.90,5.5200,true,1,333509
5604912415058,false,סרדינים פורטוס בשמן חמניות חריף 125 גרם,פורטוס Porthos,PT,סרדין פורטוס בשמן חריף 125 גרם,גרמים,125.00,100 גרם,false,25,6.90,5.5200,true,1,333510
5605891042099,false,יין פורט קוובדו רובי,פורטוגל - וינוקל-וינ,,יין פורט קוובדו רובי כשר 750 מל,מיליליטרים,750.00,"100 מ""ל",false,1,80.00,10.6667,true,1,295600
5606005513054,false,יין מורו ברנקו 2013,,,יין מורו ברנקו 2013 750 מל פיקדון,מיליליטרים,750.00,"100 מ""ל",false,1,70.00,9.3333,true,1,245978
5606686000485,false,יין דה לבן אינקרוזאד,,,יין דה לבן אינקרוזאדו 2011 750 מל,מיליליטרים,750.00,"100 מ""ל",false,1,125.00,16.6667,true,1,244783
5606686000959,false,יין דה לבן אינקרוזאד,,,יין דה לבן אינקרוזאדו 2011 750 מל,מיליליטרים,750.00,"100 מ""ל",false,1,125.00,16.6667,true,1,246309
5694230223312,false,כבד דג במיץ טבעי 121 גר BRIVAIS VILNIS,איי סי קורה אי .איץ.,IS,כבד דג שיבוץ במיץ טבעי 121 גרם,גרמים,121.00,100 גרם,false,12,10.90,9.0083,true,1,318376
5694230223336,false,כבד דג מעושן 121 גר BRIVAIS VILNIS,איי סי קורה אי .איץ.,IS,כבד דג שיבוט מעושן 121 גרם,גרמים,121.00,100 גרם,false,12,10.90,9.0083,true,1,318377
5694230412518,false,ממרח סלמון איסלנדי 125 גרם,סטראוס,IS,ממרח סלמון אדום איסלנדי 125 גרם,גרמים,125.00,100 גרם,false,12,8.90,7.1200,true,1,325395
5694230412525,false,ממרח סלמון מעושן איסלנדי 125 גרם,סטראוס,IS,ממרח סלמון שחור איסלנדי 125 גרם,גרמים,125.00,100 גרם,false,12,8.90,7.1200,true,1,325396
5701932026964,false,"הוטפופ גרעיני תירס להכנת פופקורן במיקרוגל בטעם טבעי, בתוספת מלח, 600 גרם",ליימן מותגים,US,פופקורן הוטפופ מלוח 600 ג למיקרוגל,גרמים,600.00,100 גרם,false,1,15.00,2.5000,true,1,218598
5701932026971,false,הוטפופ גרעיני תירס להכנת פופקורן במיקרוגל בטעם חמאה 600 גרם,ליימן מותגים,US,פופקורן הוטפופ חמאה 600 ג למיקרוגל,גרמים,600.00,100 גרם,false,1,15.00,2.5000,true,1,218599
5704255119030,false,בירה מיקלר אבר גרין,ברודוג פי אל סי,DK,בירה מיקלר אבר גרין סשן 330מל פח.פקדון,מיליליטרים,330.00,"100 מ""ל",false,24,16.90,5.1212,true,1,337570
5704255122740,false,פחית מיקלר בורסט 330,ברודוג פי אל סי,DK,בירה מיקלר בורסט 330מל פח.פקדון,מיליליטרים,330.00,"100 מ""ל",false,24,16.90,5.1212,true,1,337568
5705550300963,false,ביצי דג שיבוט 200 גרם יורו פוד,אמנדה סיפודס,DK,כבד דג שיבוט קינג אוסטר 121 גרם,גרמים,121.00,100 גרם,false,24,11.90,9.8347,true,1,305576
5706516031358,false,פופקורן להכנה במיקרוגל בטעם טבעי מופחת שומן 5 שקיות,ליימן מותגים,US,פופקורן הוטפופ למיקרו 100 קלוריות 5 יח,גרמים,510.00,100 גרם,false,1,15.00,2.9412,true,1,227274
5711953106583,false,גבינת שמנת בטעם טבעי 200 גרם ארלה,ארלה פודס אמבה,DK,גבינת שמנת טבעי 200גרם 24.5% שומן ארלה,גרמים,200.00,100 גרם,false,10,12.90,6.4500,true,1,319326
5711953106590,false,גבינת שמנת ארלה שמנת שום 200 גרם,ארלה פודס אמבה,DK,גבינת שמנת שום 200גר 24.5%שומן ארלה,גרמים,200.00,100 גרם,false,10,12.90,6.4500,true,1,319328
5711953106606,false,גבינת שמנת עם תבלינים ועשבי תיבול 23.5%,ארלה פודס אמבה,DK,גבינת שמנת ע. תיבול 200גר 24.5%שומן ארלה,גרמים,200.00,100 גרם,false,10,12.90,6.4500,true,1,319327
5740017100304,false,בירה מיקלר משחקי הכס,ברודוג פי אל סי,DK,בירה מיקלר משחקי הכס 440מל פח.פקדון,מיליליטרים,440.00,"100 מ""ל",false,24,24.90,5.6591,true,1,337577
5740900403222,false,ממרח לורפק חמאה עם מלח מופחת שומן 250 ג,ארלה פודס אמבה,DK,ממרח מחמאת לורפק עם מלח 250גר מופחת שומן,גרמים,250.00,100 גרם,false,12,18.90,7.5600,true,1,314819
5740900403239,false,ממרח לורפק ללא תוספת מלח 250 גר,ארלה פודס אמבה,DK,ממרח מחמאת לורפק ללא מלח 250גר,גרמים,250.00,100 גרם,false,12,18.90,7.5600,true,1,314818
5740900403246,false,ממרח לורפק ללא תוספת מלח 500 גר,ארלה פודס אמבה,DK,ממרח מחמאת לורפק ללא מלח 500גרם,גרמים,500.00,100 גרם,false,12,27.90,5.5800,true,1,314821
5740900403253,false,ממרח מחמאת לורפק עם מלח 500 ג',ארלה פודס אמבה,DK,ממרח מחמאת לורפק עם מלח 500גרם,גרמים,500.00,100 גרם,false,12,27.90,5.5800,true,1,314822
5740900403260,false,ממרח מחמאת לורפק ללא מלח 27% פחות שומן,ארלה פודס אמבה,DK,ממרח מחמאת לורפק ללא מלח 250ג מופחת שומן,גרמים,250.00,100 גרם,false,12,18.90,7.5600,true,1,314820
5740900403284,false,חמאה ללא מלח 200 גרם לורפק כשרות או קיי,ארלה פודס אמבה,DK,חמאה לורפק ללא מלח 200 גר,גרמים,200.00,100 גרם,false,20,11.90,5.9500,true,1,324260
5740900403864,false,חמאה +מלח 200 גרם לורפק כשרות או קיי,ארלה פודס אמבה,DK,חמאה לורפק עם מלח 200 גר,גרמים,200.00,100 גרם,false,20,11.90,5.9500,true,1,329355
5774540694306,false,אנטון ברג בקבוקים שחור אורך 250 גרם,Anthon Berg,DK,אנטון ברג בקבוקוני שוקולד ליקר 250 גרם,גרמים,250.00,100 גרם,false,28,49.90,19.9600,true,1,333099
5774540820309,false,אנטון ברג-בקבוקוני מיקס קוקטייל 62 גר,Anthon Berg,DK,אנטון ברג בבקבוקוני מיקס קוקטייל 62 גרם,Unknown,0.00,Unknown,false,28,19.90,0.0000,true,1,332786
5774540821405,false,אנטון ברג-בקבוקוני ליקרים וקפה 62 גר,Anthon Berg,DK,אנטון ברג בקבוקוני ליקר קפה 62 גרם,Unknown,0.00,Unknown,false,28,19.90,0.0000,true,1,332785
5774540870007,false,אנטון ברג-בקבוקוני שוקולד עם ליקרים 62גר,Anthon Berg,DK,אנטון ברג בקבוקוני ליקר 62 גרם,Unknown,0.00,Unknown,false,28,19.90,0.0000,true,1,332788
5774540984056,false,אנטון ברג-מרציפן תות שדה ושמפניה 220 גר,Anthon Berg,,מרציפן אנטון ברג תות שדה ושמפניה220 גר,גרמים,220.00,100 גרם,false,1,36.90,16.7727,true,1,300855
5774540984155,false,אנטון ברג-מרציפן אוכמניות בוודקה 220 גר,Anthon Berg,,מרציפן אנטון ברג שזיף במדרה220 גר,גרמים,220.00,100 גרם,false,1,36.90,16.7727,true,1,300854
5774540984254,false,אנטון ברג-מרציפן משמש בברנדי 220 גר,Anthon Berg,,מרציפן אנטון ברג משמש בברנדי220 גר,גרמים,220.00,100 גרם,false,1,36.90,16.7727,true,1,300852
5774540984452,false,אנטון ברג-מרציפן דובדבן ברום 220 גר,Anthon Berg,,מרציפן אנטון ברג דובדבן ברום220 גר,גרמים,220.00,100 גרם,false,1,36.90,16.7727,true,1,300851
5774540989853,false,אנטון ברג-מרציפן פטל בליקר תפוז 220 גר,Anthon Berg,,מרציפן אנטון ברג פטל ליקר תפוז220 גר,גרמים,220.00,100 גרם,false,1,36.90,16.7727,true,1,300853
5774540990057,false,אנטון ברג-מרציפן אוכמניות בוודקה 220 גר,Anthon Berg,,מרציפן אנטון ברג אוכמניותבוודקה220 גר,גרמים,220.00,100 גרם,false,1,36.90,16.7727,true,1,300856
5900017062419,false,"ניוואה - תחליב רחצה ורדים ושמן שקדים 750 מ""ל",ביירסדורף,DE,תחליב רחצה ניוואה 750מל ורדים ושמן שקד,מיליליטרים,750.00,"100 מ""ל",false,1,15.90,2.1200,true,1,328089
5900020012814,false,דגנים תפוחים בטעם שוקולד נסקוויק נסטלה 500 גרם,מיוצר עי קונדיטוריית,PL,דגני בוקר נסקוויק שוקולד 500 גרם,גרמים,500.00,100 גרם,false,1,22.90,4.5800,true,1,227010
5900020015174,false,פיטנס חטיפי אנרגיה דגנים בטעם שוקולד נסטלה 6*23.5 גרם,מיוצר עי קונדיטוריית,PL,חטיפי דגנים פיטנס שוקולד 6 יח 141 גר,גרמים,141.00,100 גרם,false,8,15.90,11.2766,true,1,228770
5900020018908,false,פיטנס חטיפי אנרגיה דגנים בטעם קרם עוגיות נסטלה 6*23.5 גרם,מיוצר עי קונדיטוריית,PL,חטיפי דגנים פיטנס קרם עוגיות6 יח 141 גר,גרמים,141.00,100 גרם,false,8,15.90,11.2766,true,1,233087
5900020020710,false,נסטלה - קראנץ' שוקו וניל חטיף דגנים 25 גרם * 6,נסטלה פולין ברים,PL,חטיפי דגנים קראנץ בר שוקו וניל 6יח 150ג,גרמים,150.00,100 גרם,false,8,15.90,10.6000,true,1,237374
5900020020741,false,חטיפי דגנים נסקוויק בר שוקו שוקו 6*25 גר,נסטלה פולין ברים,PL,חטיפי דגנים נסקוויק בר שוקו6יח 150ג,גרמים,150.00,100 גרם,false,8,15.90,10.6000,true,1,237375
5900020022325,false,חטיף סיני מיניס Cini Minis בטעם קינמון - 6 במארז,נסטלה פולין דגני בוק,PL,חטיפי דגנים סיני מיניס 6יח 150ג,גרמים,150.00,100 גרם,false,8,15.90,10.6000,true,1,242282
5900020024770,false,פיטנס - דליס חטיף דגנים שוקולד אגוז 22.50 גרם * 6,נסטלה פולין ברים,PL,חטיפי דגנים פיטנס דליס שוקולד אגוז135,גרמים,135.00,100 גרם,false,9,15.90,11.7778,true,1,294615
5900020025647,false,חטיף דגנים פיטנס שוקולד חלב 135 גרם מארז 6 יחידות,מיוצר עי קונדיטוריית,PL,חטיפי דגנים פיטנס דליס שוקולד חלב135,גרמים,135.00,100 גרם,false,9,15.90,11.7778,true,1,294614
5900020026552,false,דגני בוקר האני נאט צ'יריוס בטעם דבש ושקדים,נסטלה צרפת איטנקורט,FR,דגני בוקר האני נאט צריוס 625 גר,גרמים,615.00,100 גרם,false,1,22.90,3.7236,true,1,299762
5900020029669,false,פיטנס - חטיף דגנים פירות יער 23.50 גרם * 6,נסטלה פולין דגני בוק,PL,חטיפי דגנים פיטנס פירות יער 6 יח 141 גר,גרמים,141.00,100 גרם,false,1,15.90,11.2766,true,1,308307
5900020031877,false,נסטלה האני ציריוס חטיף דגני בוקר שישייה,נסטלה פולין דגני בוק,PL,חטיפי דגנים ציריוס 6יח 132ג,גרמים,132.00,100 גרם,false,1,15.90,12.0455,true,1,313232
5900020032454,false,מארז חטיף פיטנס עוגיות 8 X 23.5 גרם,נסטלה פולין ברים,PL,חטיפי דגנים פיטנס עוגיות 6 יח 141 גר,גרמים,141.00,100 גרם,false,1,15.90,11.2766,true,1,328094
5900020033314,false,חטיף דגני בוקר Lion בטעם קרמל ושוקולד על קרם חלב,נסטלה פולין דגני בוק,PL,חטיפי דגנים ליון 6יח 150ג,גרמים,150.00,100 גרם,false,1,15.90,10.6000,true,1,314843
5900020034021,false,חטיף דגנים פיטנס שוקולד בננה 141 גרם,מיוצר עי קונדיטוריית,PL,חטיפי דגנים פיטנס שוקו בננה 6 יח 141 גר,גרמים,141.00,100 גרם,false,1,15.90,11.2766,true,1,316428
5900020036407,false,ליון דגני בוקר שוקולד וקרמל נסטלה 480 גרם,נסטלה פולין דגני בוק,PL,דגני ליון שוקולד קרמל מופחת סוכר 480 גרם,גרמים,480.00,100 גרם,false,1,22.90,4.7708,true,1,322456
5900020037916,false,דגני בוקר שיבולת שועל צ'ריוס 375ג',ג'נרל מילס סאן אדריא,PL,דגני בוקר צריוס שיבולת שועל340גר,גרמים,340.00,100 גרם,false,1,16.90,4.9706,true,1,326023
5900020039590,false,פיטנס חטיף דגנים קלאסי פרווה 8 6*23.5 ג,נסטלה פולין דגני בוק,PL,חטיפי דגנים פיטנס קלאסי פרווה6 יח 141 גר,גרמים,141.00,100 גרם,false,1,15.90,11.2766,true,1,328712
5900020039620,false,פיטנס חטיף דגנים שקדים ודבש פרווה 8 6*23 ג,נסטלה פולין ברים,PL,חטיפי דגנים פיטנס שקדים ודבש6 יח 141 גר,גרמים,141.00,100 גרם,false,1,15.90,11.2766,true,1,328713
5900020041371,false,פיטנס חטיף שוקולד מריר ושקדים 23.50 גרם,נסטלה פולין ברים,PL,חטיפי דגנים פיטנס שוקולד מריר6 יח 141 גר,גרמים,141.00,100 גרם,false,1,15.90,11.2766,true,1,337193
5900130034157,false,מאגדת גלידה מילקה 4 יח 284 גר,,DE,מאגדת שלגון מילקה בטעם תות 4יח,יחידה,4.00,יחידה,false,1,38.90,9.7250,true,1,325025
5900343005296,false,וודקה זוברובקה ביזון,,,וודקה זוברובקה ביזון גראס 700 מל,מיליליטרים,700.00,"100 מ""ל",false,1,79.90,11.4143,true,1,336849
5900353612552,false,שוקולד קלנוטי שרי 1,MIESZKO,,שוקולד קלנוטי שרי 1 קג,קילוגרמים,1.00,"ק""ג",false,1,58.90,58.9000,true,1,295837
5900353612965,false,בונ לב פח שרי 185 ג MIESZKO CHERRISSIM,MIESZKO,PL,בונבוניירה שרי צריסימו 185 גר,גרמים,185.00,100 גרם,false,1,41.90,22.6486,true,1,314981
5900353615683,false,בונ וויסקי בשוקולד מריר 180 ג MIESZKO,MIEZSKO,PL,בונבוניירה ברנדי שוקולד מריר 180 גרם,גרמים,180.00,100 גרם,false,1,16.90,9.3889,true,1,319624
5900353615690,false,בונ ברנדי בשוקולד מריר 180 ג MIESZKO,MIEZSKO,PL,בונ.מייזקו ברנדי בשוקולד מריר 180 גרם,גרמים,180.00,100 גרם,false,1,16.90,9.3889,true,1,319626
5900353615706,false,בונ וודקה בשוקולד מריר 180 ג MIESZKO,MIEZSKO,PL,בונ.מייזקו וודקה בשוקולד מריר 180 גרם,גרמים,180.00,100 גרם,false,1,16.90,9.3889,true,1,319625
5900353616321,false,בונבוניירה שוקולדורו 178 גרם MIESZKO,MIESZKO,,בונבוניירה שוקולדורו 203 גר,גרמים,178.00,100 גרם,false,1,29.90,16.7978,true,1,224977
5900353646755,false,שקית סליווקה שזיפים בשוקולד מריר 255 ג,,PL,ממתק שזיף סלוויקה בשוקולד מריר שקית255ג,גרמים,255.00,100 גרם,false,15,20.90,8.1961,true,1,334094
5900353647219,false,קופסה סליווקה שזיפים בשוקולד מריר 205 ג,,PL,ממתק שזיף סלוויקה בשוקולד מריר קופסא200ג,גרמים,200.00,100 גרם,false,15,18.90,9.4500,true,1,334093
5900353647257,false,בונ פח סליווקה שזיפים בשוקולד מריר 325,,PL,ממתק שזיף סלוויקה בשוקולד מריר בפח325ג,גרמים,325.00,100 גרם,false,15,54.90,16.8923,true,1,334095
5900617035882,false,חטיף חלבון נוטרישיין בטעם שוקולד,סיטי תוספי מזון,PL,חטיף חלבון שוקולד 33% מעט סוכר,יחידה,1.00,יחידה,false,1,9.90,9.9000,true,1,332656
5900617035905,false,חטיף חלבון נוטרישיין בטעם קרמל מלוח,סיטי תוספי מזון,PL,חטיף חלבון קרמל מלוח 33% מעט סוכר,יחידה,1.00,יחידה,false,1,9.90,9.9000,true,1,332655
5900617035929,false,חטיף חלבון נוטרישיין בטעם וניל תות יער,סיטי תוספי מזון,PL,חטיף חלבון וניל תות 33% מעט סוכר,יחידה,1.00,יחידה,false,1,9.90,9.9000,true,1,332657
5900627026429,false,"סיליט באנג גיל לניקוי אסלות בתוספת אקונומיקה 750מ""ל",רקיט בנקיזר,PL,גל סיליט באנג לשירותים אקונומיקה 750מל,מיליליטרים,750.00,"100 מ""ל",false,1,9.90,1.3200,true,1,222322
5900627027020,false,"ויט קרם להסרת שיער בזמן מקלחת לעור רגיל 150 מ""ל",רקיט בנקיזר צרפת,IL,קרם הסרת שיער ויט מקלחת עור רגיל150מל,מיליליטרים,150.00,"100 מ""ל",false,1,39.90,26.6000,true,1,222564
5900627040104,false,"הרפיק נוזל לניקוי אסלות שחור סיטרוס 750 מ""ל",רקיט בנקיזר,PL,גל אסלות הרפיק בניחוח לימוני 750מל,מיליליטרים,750.00,"100 מ""ל",false,1,9.90,1.3200,true,1,238118
5900627063233,false,טבליות למדיח הכל ב-1 פיניש מקס 50 יחידות,רקיט בנקיזר,PL,טבליות למדיח הכל באחד פיניש מקס 50 יח,יחידה,50.00,יחידה,false,1,44.90,0.8980,true,1,299274
5900627066715,false,טבליות למדיח פיניש הכל ב-1 100 יח,רקיט בנקיזר,PL,טבליות למדיח הכל ב 1 פיניש 100 יח,יחידה,100.00,יחידה,false,1,59.90,0.5990,true,1,302619
5900649052666,false,קפוצינו להכנה מהירה קלאסי 100 גרם LOYD,מוטוקה ס.א,,קפוצינו להכנה קלאסי 10 יח,Unknown,0.00,Unknown,false,1,9.90,0.0000,true,1,312198
5900649052697,false,קפוצינו להכנה קקאו 1,,,קפוצינו להכנה קקאו 10 יח,Unknown,0.00,Unknown,false,1,9.90,0.0000,true,1,312199
5900649052727,false,LOYD קפוצינו להכנה מהירה אגוזי לוז,,,קפוצינו להכנה אגוזי לוז 10 יח,Unknown,0.00,Unknown,false,1,9.90,0.0000,true,1,312197
5900942150007,false,תבניות אפיה חד פעמי,,CN,תבניות אפיה חד פעמי 3יח מנייר,יחידה,3.00,יחידה,false,30,12.90,4.3000,true,1,338183
5900942150014,false,נייר אפיה 6 מטר אקול,,CN,נייר אפיה 6 מטר אקולוגי,מטרים,6.00,מטר,false,24,9.90,1.6500,true,1,338184
5900942150021,false,מטליות מיקרופייבר 3י,,CN,מטליות מיקרופייבר 3יח נטורה,יחידה,3.00,יחידה,false,24,9.90,3.3000,true,1,338186
5900942150045,false,מארז ספוג/סקוטש 2יח,,CN,מארז ספוג/סקוטש 2יח נטורה,יחידה,2.00,יחידה,false,30,10.90,5.4500,true,1,338187
5900942150069,false,שקיות נייר אקולוגיות,,CN,שקיות נייר אקולוגיות 10ליטר 10יח,יחידה,10.00,יחידה,false,10,9.90,0.9900,true,1,338188
5900942150083,false,שקיות אשפה 20יח 60לי,,CN,שקיות אשפה 20יח 60ליטר אקולוגי,יחידה,20.00,יחידה,false,20,9.90,0.4950,true,1,338189
5900942150298,false,רדיד אלומיניום 15מטר,,CN,רדיד אלומיניום 15מטר אקולוגי,מטרים,15.00,מטר,false,24,16.90,1.1267,true,1,338185
5900951283963,false,חטיף סניקרס עם חמאת בוטנים Creamy Peanut Butter,סנו מפעלי ברונוס.,PL,חטיף סניקרס קרימי 36.5 ג,Unknown,0.00,Unknown,false,1,3.90,0.0000,true,1,329175
5900951291593,false,אם אנד אם קרמל מלוח 70 גרם,מרס,GB,סוכריות אם אנד אמס קרמל מלוח 70 גרם,Unknown,0.00,Unknown,false,16,9.90,0.0000,true,1,336534
5900951293610,false,אם אנד אם בראוניז 70 גרם,מרס,GB,סוכריות אם אנד אמס בראוניז 70 גרם,Unknown,0.00,Unknown,false,16,9.90,0.0000,true,1,336533
5900951295072,false,סניקרס קרמי חמאת בוט,מרס,IE,מארז 5 יח סניקרס קרמי חמאת בוטנים 182.5,גרמים,183.00,100 גרם,false,18,14.90,8.1421,true,1,332764
5901041003003,false,וודקה בלוודר פרמיום,פולמוס ז'\ירארדוב דיסטיל,PL,וודקה בלוודר 700 מל פקדון,מיליליטרים,700.00,"100 מ""ל",false,1,109.00,15.5714,true,1,234244
5901126011763,false,גבינה מותכת עם זיתים,,,גבינה מותכת עם זיתים 120גר משולשים,גרמים,140.00,100 גרם,false,24,9.90,7.0714,true,1,327912
5901126012388,false,טוסטי 600 גרם,,,טוסטי 600 גרם,גרמים,600.00,100 גרם,false,,22.90,3.8167,true,1,325585
5901126013309,false,גבינת צדר מותכת 120ג,,,גבינת צדר מותכת 120גר משולשים,גרמים,120.00,100 גרם,false,24,9.90,8.2500,true,1,327908
5901126013316,false,גבינה מותכת קרמי 120,,,גבינה מותכת קרמי 120גר משולשים,גרמים,120.00,100 גרם,false,24,9.90,8.2500,true,1,327909
5901126013576,false,גבינת גאודה מותכת 12,,,גבינת גאודה מותכת 120גר משולשים,גרמים,120.00,100 גרם,false,24,9.90,8.2500,true,1,327907
5901154046157,false,משקה דגנים קלאסי ללא קפאין 100 גר INKA,GRANA ARMANDO,,משקה דגנים אינקה קלאסי ללא קפאין100גר,גרמים,100.00,100 גרם,false,1,15.90,15.9000,true,1,245748
5901154046164,false,משקה דגנים אורגני ללא קפאין 100 גר INKA,GRANA ARMANDO,,משקה דגנים אינקה אורגני ללא קפאין100גר,גרמים,100.00,100 גרם,false,1,17.00,17.0000,true,1,245749
5901177156376,false,בונבוניירה ירוקה משו,,,בונבוניירה ירוקה משולשת אגוזי לוז 126 גר,גרמים,126.00,100 גרם,false,1,13.90,11.0317,true,1,332439
5901177157274,false,בונבוניירה ירוקה בצו,,,בונבוניירה עץ ירוק ווברו קריסמס 170 גרם,גרמים,170.00,100 גרם,false,1,15.90,9.3529,true,1,337808
5901177157281,false,בונבוניירה עץ זהוב ו,,,בונבוניירה עץ זהוב ווברו קריסמס 170 גרם,גרמים,170.00,100 גרם,false,1,15.90,9.3529,true,1,337809
5901414200411,false,בלזן היט מיני ביסקוויט סנדוויץ' עם מילוי קרם בטעם שוקולד 130 גרם,ליימן שליסל,PL,ביסקוויט היט מיני שוקו 130 גר,גרמים,130.00,100 גרם,false,1,6.90,5.3077,true,1,223768
5901414201210,false,ביסקויט ליבניץ גן חי,בלזן פולסקה,,ביסקויט ליבניץ גן חיות חמאה100גר,גרמים,100.00,100 גרם,false,1,6.90,6.9000,true,1,238052
5901888020508,false,חטיף דגנים עם קינואה בטעם צ'ילי 70 ג FREEYU,דנשר,PL,חטיף דגנים עם קינואה טעם צילי 70 גרם,Unknown,0.00,Unknown,false,20,12.90,0.0000,true,1,338305
5901888020546,false,FREEYU חטיף דגנים עם קינואה ומלח ים 70 גרם,דנשר,PL,חטיף דגנים עם קינואה ומלח ים 70 גרם,Unknown,0.00,Unknown,false,20,12.90,0.0000,true,1,338303
5901888020560,false,חטיף דגנים עם קינואה בטעם עשבי תיבול 70ג FREEYU,דנשר,PL,חטיף דגנים עם קינואה טעם עשבי תיבו70 גרם,Unknown,0.00,Unknown,false,20,12.90,0.0000,true,1,338304
5902198160403,false,XL משקה אנרגיה מוגז ללא סוכר עד 10 קלוריות לפחית 250 מל,"טמפו משקאות בע""\מ",IL,משקה אנרגיה אקס אל תן 250 מל פקדון,מיליליטרים,250.00,"100 מ""ל",false,1,4.90,1.9600,true,1,303772
5902627244322,false,קרקר 5 דגנים גליסיה,,PL,קרקר 5 דגנים גליסיה 180 גר,גרמים,180.00,100 גרם,false,1,19.90,11.0556,true,1,332458
5902627244339,false,קרקר 3 סוגי גרעינים,,PL,קרקר 3 סוגי גרעינים גליסיה 180 גר,גרמים,180.00,100 גרם,false,1,19.90,11.0556,true,1,332460
5902627244346,false,קרקר קמח כוסמין מלא,,PL,קרקר קמח כוסמין מלא שומשום גליסיה 180 גר,גרמים,180.00,100 גרם,false,1,19.90,11.0556,true,1,332459
5902658111983,false,מתלה גדול כולל דבק ח,3m,,מתלה גדול כולל דבק חלופי מחזיק עד כ2.5קג,יחידה,1.00,יחידה,false,1,16.90,16.9000,true,1,315759
5902658111990,false,זוג מתלים בינוניים כ,3m,,זוג מתלים בינוניים כולל דבק,יחידה,2.00,יחידה,false,1,15.90,7.9500,true,1,314257
5902768514308,false,משקה קמבוצ'ה אורגני ויגו אסרולה וג'ינג'ר,General,PL,משקה קמבוצה אורגני אסרולה וגינגר 315 מל,מיליליטרים,315.00,"100 מ""ל",false,8,13.90,4.4127,true,1,326775
5905388098593,false,בונבוניירה מרשמלו לי,פ.ו מאט,PL,בונבוניירה מרשמלו לימון 370 גרם,גרמים,370.00,100 גרם,false,12,16.90,4.5676,true,1,311587
5906485301012,false,"משקה אנרגיה XL פחית 250 מ""ל","טמפו משקאות בע""מ",IL,משקה אנרגיה אקס אל 250 מל פקדון,מיליליטרים,250.00,"100 מ""ל",false,1,4.90,1.9600,true,1,222372
5941021000639,false,טבלת שוקולד חלב אגוז היידי גראנדור 100 ג',היידי שוקולד בירונטי,,שוקולד היידי חלב אגוז 100 גרם,גרמים,100.00,100 גרם,false,1,10.90,10.9000,true,1,314754
5941021001247,false,טבלת שוקולד בטעם קפה היידי גראנדור 80 ג',היידי שוקולד בירונטי,,שוקולד היידי קפה 80 גרם,Unknown,0.00,Unknown,false,1,10.90,0.0000,true,1,312667
5941021001261,false,טבלת שוקולד היידי גראנדור 75% 80 ג',היידי שוקולד בירונטי,RO,שוקולד היידי 75% מריר גראנדור 80 גרם,Unknown,0.00,Unknown,false,1,10.90,0.0000,true,1,335916
5941021001674,false,טבלת שוקולד היידי גראנדור 80% 80 ג',היידי שוקולד בירונטי,,שוקולד היידי 85% מריר גראנדור 80 גרם,Unknown,0.00,Unknown,false,1,10.90,0.0000,true,1,335915
5941021002190,false,טבלת שוקולד לבן אגוז היידי גראנדור 100 ג',היידי שוקולד בירונטי,,שוקולד היידי לבן אגוז 100 גרם,גרמים,100.00,100 גרם,false,1,10.90,10.9000,true,1,314756
5941021004309,false,"שוקולד היידי גראנדור פלורנטין, 100 ג'",היידי שוקולד בירונטי,,שוקולד היידי פלורנטין 100 גרם,גרמים,100.00,100 גרם,false,1,10.90,10.9000,true,1,312657
5941021005122,false,טבלת שוקולד חמוציות היידי גראנדור 80 ג',היידי שוקולד בירונטי,,שוקולד היידי חמוציות 80 גרם,Unknown,0.00,Unknown,false,1,10.90,0.0000,true,1,312666
5941021007577,false,טבלת שוקולד פיסטוק היידי גראנדור 80 ג',היידי שוקולד בירונטי,,שוקולד היידי פיסטוק 80 גרם,Unknown,0.00,Unknown,false,1,10.90,0.0000,true,1,312664
5941021008208,false,טבלת שוקולד מלח שחור היידי גראנדור 80 ג',היידי שוקולד בירונטי,RO,שוקולד היידי מלח שחור 80 גרם,Unknown,0.00,Unknown,false,1,10.90,0.0000,true,1,312665
5941021008673,false,טבלת שוקולד לבן שקד פיסטוק היידי גראנדור 100 ג',היידי שוקולד בירונטי,,שוקולד היידי לבן שקד פיסטוק 100 גרם,גרמים,100.00,100 גרם,false,1,10.90,10.9000,true,1,312662
5941021011147,false,טבלת שוקולד פלורנטין מריר היידי גראנדור 100 ג',היידי שוקולד בירונטי,,שוקולד היידי פלורנטין מריר 100 גרם,גרמים,100.00,100 גרם,false,1,10.90,10.9000,true,1,312663
5941021015596,false,טבלת שוקולד בטעם מריר אוכמניות היידי גראנדור 80 ג',היידי שוקולד בירונטי,PL,שוקולד היידי מריר אוכמניות 100 גרם,Unknown,0.00,Unknown,false,1,10.90,0.0000,true,1,318794
5941021016401,false,טבלת שוקולד מריר שקד היידי גראנדור 100 ג',היידי שוקולד בירונטי,PL,שוקולד היידי מריר שקד שלם 100 גרם,גרמים,100.00,100 גרם,false,1,10.90,10.9000,true,1,318793
5941850163017,false,רול ממולא קרם קקאו אקאסה 350 גר,,RO,מאפה רול אקסה ממולא קרם שוקולד 350 גרם,גרמים,350.00,100 גרם,false,8,14.90,4.2571,true,1,335018
5941850163024,false,רולדה במילוי קרם בטעם וניל 175 גר,,RO,מאפה רול אקסה ממולא קרם וניל 350 גרם,גרמים,350.00,100 גרם,false,8,14.90,4.2571,true,1,335016
5941850166575,false,מאפה רול אקסה ממולא,,RO,מאפה רול אקסה ממולא קרם משמש 350 גרם,גרמים,350.00,100 גרם,false,8,14.90,4.2571,true,1,335019
5941850166599,false,מאפה רול אקסה ממולא,,RO,מאפה רול אקסה ממולא קרם תות 350 גרם,גרמים,350.00,100 גרם,false,8,14.90,4.2571,true,1,335020
5941850166612,false,מאפה רול אקסה ממולא,,RO,מאפה רול אקסה ממולא קרמל מלוח 350 גרם,גרמים,350.00,100 גרם,false,8,14.90,4.2571,true,1,335021
5942219000059,false,מים מינרלים בורסק 1.5 ליטר,,,מים מינרליים בורסאק 1.5 ליטר,ליטרים,1.50,ליטר,false,1,9.20,6.1333,true,1,311379
5948559002753,false,5 מטליות ניקוי בעלות ספיגה מקסימלית,3m,IT,מטליות ניקוי 5יח ספיגה אופטימלית,יחידה,5.00,יחידה,false,15,16.90,3.3800,true,1,318193
5949152110821,false,"איירוויק מבשם אוויר ומנטרל ריחות – לילות לבנים 237 מ""ל",רקיט בנקיזר,PL,מטהר אוויר אירוויק נ.גז לילות לבנים 237מ,מיליליטרים,237.00,"100 מ""ל",false,1,14.90,6.2869,true,1,337180
5949152110838,false,"איירוויק מבשם אוויר ומנטרל ריחות - גשמים סגולים 237 מ""ל",רקיט בנקיזר,PL,מטהר אוויר אירוויק נ.גז גשם סגול 237מל,מיליליטרים,237.00,"100 מ""ל",false,1,14.90,6.2869,true,1,337181
5997010301010,false,מחית פפריקה מתוקה 70 גרם,יוניוור,HU,מחית פפריקה מתוקה 70 גרם,Unknown,0.00,Unknown,false,24,11.90,0.0000,true,1,323884
5997321701806,false,אבקה למניעת אבנית במכונת כביסה 2 ב-1,רקיט בנקיזר פולין,PL,מסיר אבנית קלגון 1 קג באבקה,קילוגרמים,1.00,"ק""ג",false,1,29.90,29.9000,true,1,307229
5997321770307,false,ויט רצועות שעווה מוכנות לעור רגיש 12 יחידות,רקיט בנקיזר צרפת,FR,ויט רצועות שעווה לעור רגיש,Unknown,0.00,Unknown,false,1,21.90,0.0000,true,1,308873
5998623526739,false,"יין הונגרי גוורצטרמינר 750 מ""ל כשר",דנוביאנה,HU,יין סי. גראס גוורצטרמינר כשר 750 מל,מיליליטרים,750.00,"100 מ""ל",false,6,40.00,5.3333,true,1,323012
5999883580431,false,מכוניות- משקה מוגז בטעם תות ותפוח 750 מ,,HU,משקה מכוניות מוגז טעם תות שדה תפוח 750מל,Unknown,0.00,Unknown,false,6,18.90,0.0000,true,1,335190
6001030003126,false,"וולינטון - רוטב ווסטרשייר 250מ""ל",היינץ פודס,,רוטב וושסטר ויליגטון 250 מל,מיליליטרים,250.00,"100 מ""ל",false,1,15.90,6.3600,true,1,228954
6001030003584,false,"וולינגטון רוטב לסטייק 700 מ""ל",היינץ פודס,,רוטב לסטייק וולינטון 700 מל,מיליליטרים,700.00,"100 מ""ל",false,1,26.90,3.8429,true,1,245728
6001030004635,false,רוטב וולינטון צאטני,היינץ פודס,ZA,רוטב וולינטון צאטני מילד 450 גרם,מיליליטרים,450.00,"100 מ""ל",false,12,19.90,4.4222,true,1,321637
6001030004642,false,רוטב וולינטון צאטני,היינץ פודס,ZA,רוטב וולינטון צאטני חריף 450 גרם,מיליליטרים,450.00,"100 מ""ל",false,12,19.90,4.4222,true,1,321636
6001067017523,false,מברשת שיניים קולגייט לילדים מגיל חמש 1 יחידה,יבואן ומשווק: ש. שסט,CN,מברשת שיניים קולגייט ילדים דמויות חדשה,Unknown,0.00,Unknown,false,1,11.90,0.0000,true,1,234934
6001067017530,false,מברשת שיניים קולגייט לילדים מגיל שנתיים עד חמש 1 יחידה,יבואן ומשווק: ש. שסט,CN,מברשת שיניים קולגייט ילדים דמויות חדשה,Unknown,0.00,Unknown,false,1,11.90,0.0000,true,1,234933
6001067027324,false,קולגייט בארבי-באטמן מברשת חשמלית,קולגייט - פלמוליב,CN,מברשת שיניים קולגייט ילדים חשמלית,יחידה,1.00,יחידה,false,12,54.90,54.9000,true,1,317109
6001068323005,false,משקה ריקופי גרגירים,נסטלה,ZA,משקה ריקופי גרגירים קפה ועולש 250 גרם,גרמים,250.00,100 גרם,false,6,39.90,15.9600,true,1,329018
6001495062577,false,ליקר אמרולה 700 מל,,,משקה אמרולה 700 מל פקדון,מיליליטרים,700.00,"100 מ""ל",false,6,69.00,9.8571,true,1,325471
6001506003407,false,יין אאודה קאפ קלאסיק,"דרא""פ די.ג'י.בי DGB",,יין אאודה קאפ קלאסיק רוד 750 מל פיקדון,מיליליטרים,750.00,"100 מ""ל",false,1,35.00,4.6667,true,1,226523
6001506003902,false,יין אאודה קאפ שנין ב,"דרא""פ די.ג'י.בי DGB",,יין אאודה קאפ שנין בלאן 750 מל פיקדון,מיליליטרים,750.00,"100 מ""ל",false,1,35.00,4.6667,true,1,226524
6001506904544,false,יין ריב שאק דאגלאס ג,"דרא""פ די.ג'י.בי DGB",,יין ריב שאק דאגלאס גרין 750מל פקדון,מיליליטרים,750.00,"100 מ""ל",false,1,45.00,6.0000,true,1,238915
6001506906364,false,יין אלגין שרדונה 750,"דרא""פ די.ג'י.בי DGB",,יין אלגין שרדונה 750 מל,מיליליטרים,750.00,"100 מ""ל",false,1,120.00,16.0000,true,1,308882
6001506907118,false,יין פינופאסו 750 מל,בלינגהאם,,יין פינופאסו 750 מל,מיליליטרים,750.00,"100 מ""ל",false,1,60.00,8.0000,true,1,297040
6001812010007,false,יין קב. סוביניון דאג,"דרא""פ די.ג'י.בי DGB",,יין קב. סוביניון דאגלאס גרין 750מל פקדו,מיליליטרים,750.00,"100 מ""ל",false,1,45.00,6.0000,true,1,238913
6002291000077,false,יין לבן סוביניון בלא,,ZA,יין לבן סוביניון בלאן פייר ויו דארלינג,מיליליטרים,750.00,"100 מ""ל",false,12,60.00,8.0000,true,1,336592
6002291000145,false,יין אדום פייר ויו פי,,ZA,יין אדום פייר ויו פינוטאג 750מל פקדון,מיליליטרים,750.00,"100 מ""ל",false,12,75.00,10.0000,true,1,336594
6002291000176,false,יין אדום קברנה סובינ,,ZA,יין אדום קברנה סוביניון פייר ויו סטלנבוש,מיליליטרים,750.00,"100 מ""ל",false,12,75.00,10.0000,true,1,237837
6002291000190,false,יין פייר ויו גוטס דו,,,יין פייר ויו גוטס דו רואם לבן 750 מל,מיליליטרים,750.00,"100 מ""ל",false,6,45.00,6.0000,true,1,326777
6002291000435,false,יין פייר ויו גוטס צד,,,יין פיירוויו גואטס דו רואם 2008 750מל פק,מיליליטרים,750.00,"100 מ""ל",false,1,45.00,6.0000,true,1,237835
6002291002194,false,יין לבן שנין בלאן פי,,ZA,יין לבן שנין בלאן פייר ויו 750מל פקדון,מיליליטרים,750.00,"100 מ""ל",false,12,60.00,8.0000,true,1,336593
6002291002248,false,יין אדום פטיט סירא פ,,ZA,יין אדום פטיט סירא פייר ויו 750מל פקדון,מיליליטרים,750.00,"100 מ""ל",false,12,75.00,10.0000,true,1,336595
6002390102115,false,יין שיראז מרלו סוורט,,,יין שיראז מרלו סוורטלנד 2010 750מל פקדון,מיליליטרים,750.00,"100 מ""ל",false,1,60.00,8.0000,true,1,237907
6003105000658,false,INA PAARMAN אבקת ציר ירקות,INA PAARMANS,ZA,אבקת ציר ירקות 150 גר צנצנת,גרמים,150.00,100 גרם,false,1,29.90,19.9333,true,1,241960
6003105000665,false,אבקת ציר עוף אינה פא,INA PAARMANS,ZA,אבקת ציר עוף 150 גר צנצנת,גרמים,150.00,100 גרם,false,1,29.90,19.9333,true,1,241961
6003105000863,false,אבקת ציר בקר אינה פא,INA PAARMANS,ZA,אבקת ציר בקר 150 גר צנצנת,גרמים,150.00,100 גרם,false,1,29.90,19.9333,true,1,241959
6003105001396,false,תבלין לימון ופלפל שח,INA PAARMANS,ZA,תבלון לימון ופלפל שחור 200 מל אינה פארמן,מיליליטרים,200.00,"100 מ""ל",false,6,22.90,11.4500,true,1,241953
6003105001563,false,תבלין בריי וגריל אינ,INA PAARMANS,ZA,תבלון בריי וגריל 200 מל אינה פארמן,מיליליטרים,200.00,"100 מ""ל",false,12,22.90,11.4500,true,1,241952
6003105001860,false,תבלון שום ופלפל שחור,INA PAARMANS,ZA,תבלון שום ופלפל שחור 200 מל אינה פארמן,מיליליטרים,200.00,"100 מ""ל",false,12,22.90,11.4500,true,1,329553
6003105002270,false,INA PAARMAN תבלין לתפוח אדמה,INA PAARMANS,ZA,תבלון לתפוח אדמה 200 מל אינה פארמן,מיליליטרים,200.00,"100 מ""ל",false,6,22.90,11.4500,true,1,241954
6003105003178,false,"ציר עוף מרוכז 200 מ""ל אינה פארמנס",INA PAARMANS,ZA,ציר עוף מרוכז אינה פרמן 200 מל,מיליליטרים,200.00,"100 מ""ל",false,12,29.90,14.9500,true,1,239696
6003105003185,false,"ציר בקר מרוכז 200 מ""ל אינה פארמנס",INA PAARMANS,ZA,ציר בקר מרוכז אינה פרמן 200 מל,מיליליטרים,200.00,"100 מ""ל",false,12,29.90,14.9500,true,1,239695
6003105003192,false,ציר דגים מרוכז אינה,INA PAARMANS,ZA,ציר דגים מרוכז אינה פרמן 200 מל,מיליליטרים,200.00,"100 מ""ל",false,12,29.90,14.9500,true,1,294523
6003105003260,false,"ציר ירקות מרוכז 200 מ""ל אינה פארמנס",INA PAARMANS,ZA,ציר ירקות מרוכז אינה פרמן 200 מל,מיליליטרים,200.00,"100 מ""ל",false,12,29.90,14.9500,true,1,243947
6003105003697,false,רוטב לתיבול עוף 200,INA PAARMANS,,רוטב לתיבול עוף 200 מל אינה פרמ,מיליליטרים,200.00,"100 מ""ל",false,1,19.90,9.9500,true,1,315680
6003105003840,false,רוטב לתיבול בשר בקר,INA PAARMANS,,רוטב לתיבול בשר בקר צלוי 200 מל אינה פרמ,מיליליטרים,200.00,"100 מ""ל",false,1,19.90,9.9500,true,1,315679
6003105900163,false,רוטב לבישול טיקה קאר,INA PAARMANS,ZA,רוטב לבישול טיקה קארי 200 מל,מיליליטרים,200.00,"100 מ""ל",false,24,19.90,9.9500,true,1,241963
6003105900170,false,רוטב לבישול לימון וע,INA PAARMANS,ZA,INA PAARMAN רוטב לבישול לימון ועשבים200m,מיליליטרים,200.00,"100 מ""ל",false,6,19.90,9.9500,true,1,241964
6003105900262,false,INA PAARMAN תבלין שום ועשבי תיבול,INA PAARMANS,ZA,תבלין שום עשבי תיבול200 מל פרמאן,מיליליטרים,200.00,"100 מ""ל",false,6,22.90,11.4500,true,1,243945
6003770000168,false,רוטב נאנדוס פרי פרי,NANDOS,ZA,רוטב ננדוס פרי פרי מדיום 250 גר,גרמים,250.00,100 גרם,false,1,25.90,10.3600,true,1,301235
6003770000649,false,רוטב פרי פרי מדיום ש,NANDOS,ZA,רוטב פרי פרי שום 250 גר,גרמים,250.00,100 גרם,false,1,25.90,10.3600,true,1,243655
6003770000663,false,רוטב נאנדוס פרי פרי חריף 250 גרם,General,ZA,רוטב פרי פרי חריף 250 גר,גרמים,250.00,100 גרם,false,1,25.90,10.3600,true,1,243654
6003770000670,false,רוטב ננדוס אקסטרא חר,NANDOS,ZA,רוטב פרי פרי אקסטרא חריף 250 גר,גרמים,250.00,100 גרם,false,1,25.90,10.3600,true,1,243652
6003770002414,false,רוטב נאנדוס פרי פרי לימון 250 גרם,NANDOS,ZA,רוטב פרי פרי לימון עשבי תיבול 250 גר,גרמים,250.00,100 גרם,false,1,25.90,10.3600,true,1,243649
6003770002674,false,רוטב ננדוס אקס אקס ח,NANDOS,ZA,רוטב פרי פרי אקס אקס חריף 250 גר,גרמים,250.00,100 גרם,false,1,25.90,10.3600,true,1,243653
6003770002889,false,רוטב ננדוס בושוולד ב,NANDOS,,רוטב ננדוס בושוולד בראיי 250 גר,גרמים,250.00,100 גרם,false,1,25.90,10.3600,true,1,312872
6003770003091,false,רוטב נאנדוס פרי פרי מיילד 250 גרם,NANDOS,ZA,רוטב ננדוס פרי פרי מיילד 250 גר,גרמים,250.00,100 גרם,false,6,25.90,10.3600,true,1,301236
6003770010310,false,רוטב ננדוס מוזנפיק פ,NANDOS,,רוטב ננדוס מוזנפיק פפריקה 250 גר,גרמים,250.00,100 גרם,false,1,25.90,10.3600,true,1,336816
6006507004774,false,CAPE HERBS מטחנה פלפל שחור,cape herb and spices,ZA,פלפל שחור במטחנה כאפ הרבס185 גרם,גרמים,185.00,100 גרם,false,1,24.90,13.4595,true,1,324724
6006507004873,false,מלח הימלאיה ורוד מטח,cape herb and spices,ZA,מלח הימלאיה ורוד מטחנה כאפ הרבס110 גרם,גרמים,110.00,100 גרם,false,1,15.90,14.4545,true,1,324717
6006507004996,false,תערובת תיבול ים תיכו,cape herb and spices,ZA,תערובת ים תיכוני 100 גר,גרמים,100.00,100 גרם,false,6,19.90,19.9000,true,1,305794
6006507005016,false,טקסס סטייקי 100 גרם CAPE HERBS,cape herb and spices,ZA,תערובת טקסס סטייק 100 גר,גרמים,100.00,100 גרם,false,6,19.90,19.9000,true,1,305793
6006507005023,false,קיגון לואיזיאנה 100 גרם CAPE HERBS,cape herb and spices,ZA,תערובת קיגון לואיזיאנה 100 גר,גרמים,100.00,100 גרם,false,6,19.90,19.9000,true,1,305799
6006507005061,false,תערובת תיבול לבריי ו,cape herb and spices,ZA,תערובת תיבול לבריי וגריל 265 גרם,גרמים,265.00,100 גרם,false,6,21.90,8.2642,true,1,336943
6006507005306,false,CAPE HERBS מטחנה הימלאיה ורוד 390גר,cape herb and spices,ZA,מלח הימלאיה ורוד מטחנה כאפ הרבס390 גרם,גרמים,390.00,100 גרם,false,1,21.90,5.6154,true,1,324718
6006507005757,false,תערובת קריביאן גרק כ,cape herb and spices,ZA,תערובת קריביאן גרק כאפ הרבס 100 גר,גרמים,100.00,100 גרם,false,6,21.90,21.9000,true,1,329552
6006507005764,false,תערובת אסיאתי כאפ הר,cape herb and spices,ZA,תערובת אסיאתי כאפ הרבס100 גרם,גרמים,100.00,100 גרם,false,6,21.90,21.9000,true,1,329551
6006507005771,false,תערובת קארי מדרס כאפ,cape herb and spices,ZA,תערובת קארי מדרס כאפ הרבס 100 גר,גרמים,100.00,100 גרם,false,6,21.90,21.9000,true,1,305790
6006507005887,false,"CAPE HERBS מטחנה מלח מתובל 240ג""ר",cape herb and spices,ZA,מלח מתובל במטחנה כאפ הרבס240גרם,גרמים,240.00,100 גרם,false,1,21.90,9.1250,true,1,324722
6006507005894,false,תערובת תבלינים לימון,cape herb and spices,ZA,תערובת לימון ופלפל מטחנה כאפ הרבס290 גרם,גרמים,290.00,100 גרם,false,1,21.90,7.5517,true,1,324719
6006507005924,false,"CAPE HERBS מטחנה מלח ופלפל 310ג""ר",cape herb and spices,ZA,מלח ופלפל שחור מטחנה כאפ הרבס290 גרם,גרמים,290.00,100 גרם,false,1,21.90,7.5517,true,1,324720
6006507007454,false,"CAPE HERBS לימון עשבי תיבול 100ג""ר(פח)",cape herb and spices,ZA,תערובת לימון ועשבי תיבול כאפ הרבס100 גרם,גרמים,100.00,100 גרם,false,1,21.90,21.9000,true,1,324715
6006507007805,false,CAPE HERBS תבלינים לברבקיו מעושן100גר,cape herb and spices,ZA,תבלין לברביקון מעושן כאפ הרבס100 גרם,גרמים,100.00,100 גרם,false,1,21.90,21.9000,true,1,324716
6006570000079,false,תבלין כאפה הרבס צילי,cape herb and spices,ZA,תערובת צילי חריף 75 גר,יחידה,1.00,יחידה,false,6,19.90,19.9000,true,1,305797
6006570000093,false,תבלין כאפה הרבס ציפו,cape herb and spices,ZA,תערובת ציפוטלה 80 גר,יחידה,1.00,יחידה,false,6,19.90,19.9000,true,1,305798
6008547000297,false,יין האזנדאל דה האז 7,,,יין האזנדאל דה האז 750מל פקדון,מיליליטרים,750.00,"100 מ""ל",false,1,65.00,8.6667,true,1,237905
6009645550738,false,FYNBOS רוטב פלפל צילי ושום חריף 130גר,,ZA,רוטב פיינבוס פלפל צילי שום חריף130 גרם,מיליליטרים,130.00,"100 מ""ל",false,12,17.90,13.7692,true,1,329558
6009645550745,false,FYNBOS רוטב פלפל הבנרו חריף 130גר,,ZA,רוטב פיינבוס פלפל הבנרו חריף 130 גרם,מיליליטרים,130.00,"100 מ""ל",false,12,17.90,13.7692,true,1,329554
6009645550752,false,רוטב פיינבוס פלפל צי,,ZA,רוטב פיינבוס פלפל צילי עין הציפור130 גרם,מיליליטרים,130.00,"100 מ""ל",false,12,17.90,13.7692,true,1,329559
6009645550974,false,פלפל ציפוטלה פיינבוס,,ZA,פלפל ציפוטלה פיינבוס ברוטב אדובד280גרם,מיליליטרים,280.00,"100 מ""ל",false,12,31.90,11.3929,true,1,329562
6009645551216,false,רוטב פיינבוס מעושן ח,,ZA,רוטב פיינבוס מעושן חריף מתוק 130 גרם,מיליליטרים,130.00,"100 מ""ל",false,12,17.90,13.7692,true,1,329555
6009645551407,false,FYNBOS רוטב פלפל צילי ולימון חריף,General,ZA,רוטב פיינבוס פלפל צילי לימון חריף130 גרם,מיליליטרים,130.00,"100 מ""ל",false,12,17.90,13.7692,true,1,329557
6009645551902,false,FYNBOS רוטב פלפל ציפוטלה חריף 130 גר,,ZA,רוטב פיינבוס פלפל ציפוטלה חריף 130 גרם,מיליליטרים,130.00,"100 מ""ל",false,12,17.90,13.7692,true,1,329560
6009645552312,false,רוטב פיינבוס פלפל חל,,ZA,רוטב פיינבוס פלפל חלפינו חריף 130 גרם,מיליליטרים,130.00,"100 מ""ל",false,12,17.90,13.7692,true,1,329556
6009813410413,false,רוטב סטייק סאפור 500,General,ZA,רוטב סטייק סאפור 500 מל,גרמים,500.00,100 גרם,false,12,19.90,3.9800,true,1,334239
6086142556272,false,נבטי כרישה אורגני,,,נבטי כרישה אורגני,Unknown,0.00,Unknown,false,1,10.90,0.0000,true,1,315851
6086142557408,false,שעועית הילדה אורגנית,,,שעועית הילדה אורגנית,Unknown,0.00,Unknown,false,1,14.90,0.0000,true,1,333812
6097227984194,false,חטיף אצה אורגני טעם,,KR,חטיף אצה אורגני טעם ציפוטלה ווסאבי 6יח,יחידה,6.00,יחידה,false,6,18.90,3.1500,true,1,326191
6097227988604,false,חטיף אצה אורגני טעם,,KR,חטיף אצה אורגני טעם ווסאבי 6 יחידות,יחידה,6.00,יחידה,false,6,18.90,3.1500,true,1,326190
6102017501939,false,מצת להבה לגז brico {במעמד},,CN,מצית גז להבה ארוך 26סמ,יחידה,1.00,יחידה,false,1,9.90,9.9000,true,1,323363
6111045001694,false,שישיית בירה קזבלנקה 330 מל,,MA,מארז 6יח בירה קזבלנקה לאגר 330מל בק. פקד,מיליליטרים,1980.00,"100 מ""ל",false,1,29.90,1.5101,true,1,335649
6111094000198,false,קוסקוס דארי בינוני 350 גרם,דארי קוספאט אס. איי. או,MA,קוסקוס דארי דק 350 גר,גרמים,350.00,100 גרם,false,1,6.90,1.9714,true,1,311369
6111094000242,false,תומר קוסקוס דארי דק 500גר,דארי קוספאט אס. איי. או,MA,קוסקוס דק דארי מרוקאי 500 גר,גרמים,500.00,100 גרם,false,1,8.90,1.7800,true,1,227596
6111094000259,false,קוסקוס דארי בינוני תומר 500ג',דארי קוספאט אס. איי. או,MA,קוסקוס בינוני דארי מרוקאי 500 גר,גרמים,500.00,100 גרם,false,1,8.90,1.7800,true,1,227595
6118000061090,false,סרדינים מרוקאים בשמן סויה -טנגיר 125,דין שיווק,,סרדין מרוקאי טנגיר שמן סויה 125 גר,גרמים,125.00,100 גרם,false,1,4.90,3.9200,true,1,239182
6118000240501,false,סרדינים מרוקאים בשמן סויה עם פלפל חריף - 125 גרם,דין שיווק,,סרדין מרוקאי אגדיר שמן סויה 125 גר,גרמים,125.00,100 גרם,false,1,4.90,3.9200,true,1,239181
6194029100279,false,פילה טונה אלמנאר בשמ,,TN,פילה טונה אלמנאר בשמן זית 200 גרם צנצנת,גרמים,200.00,100 גרם,false,12,29.90,14.9500,true,1,337374
6194029100323,false,סרדין אלמנאר בשמן זי,,TN,סרדין אלמנאר בשמן זית 125 גרם,גרמים,125.00,100 גרם,false,50,5.90,4.7200,true,1,337375
6194029100415,false,טונה אלמנאר בשמן זית,,TN,טונה אלמנאר בשמן זית 160 גרם,גרמים,160.00,100 גרם,false,12,17.90,11.1875,true,1,337373
6224000485764,false,"שיני שום קפואות 1 ק""ג קהילות",,EG,שיני שום 1קג קפוא,קילוגרמים,1.00,"ק""ג",false,10,24.90,24.9000,true,1,337186
6253341100012,false,טחינה עאייש 950 גרם,,,טחינה עאייש 950 גרם,גרמים,950.00,100 גרם,false,1,36.90,3.8842,true,1,301248
6253341100029,false,טחינה עאייש 100% שומ,עומר עאייש שכם,PS,טחינה עאייש 450 גרם,גרמים,450.00,100 גרם,false,1,19.90,4.4222,true,1,314356
6297000361154,false,סילאן תמרים אורגני 470 גרם,,,סילאן תמרים אורגני 470גר,גרמים,470.00,100 גרם,false,1,13.90,2.9574,true,1,328963
6430016342872,false,חמאה טאוסנד לייק 200,,,חמאה טאוסנד לייק 200גר,גרמים,200.00,100 גרם,false,1,11.90,5.9500,true,1,326872
6901022100409,false,ג'ינגר כתוש טרי לירון 100 גרם,עבדו,CN,ממרח גינגר כתוש טרי לירון 100 גרם,גרמים,100.00,100 גרם,false,12,6.90,6.9000,true,1,337774
6901022100416,false,שום כתוש טרי לירון 100 גרם,עבדו,CN,ממרח שום כתוש טרי לירון 100 גרם,גרמים,100.00,100 גרם,false,12,6.90,6.9000,true,1,337775
6910191800287,false,אצות נורי בלו 10 דף (ננגטונג),ננטונג היידה אקווטוק,CN,אצות נורי בלו 10 דפים נגטונג,יחידה,1.00,יחידה,false,1,12.90,12.9000,true,1,234843
6912977000140,false,אטריות שעועית 250 גר' ( Yantai)ללא גלוטן(כ),יאנטאי ינסידה לנוגקא,CN,אטריות שעועית דקות 250 גר כשלפ,גרמים,200.00,100 גרם,false,1,8.90,4.4500,true,1,239637
6918819160331,false,מלקחיים נירוסטה גריל,,,מלקחיים נירוסטה גריל/סלט 20סמ,יחידה,1.00,יחידה,false,1,5.90,5.9000,true,1,327528
6920036686235,false,אטריות סומן כתום 400,הנגזהו,,אטריות סומן כתום 400 גר,גרמים,400.00,100 גרם,false,1,6.00,1.5000,true,1,237131
6920354822193,false,קולגייט נטורלס משחת שיניים הדרים ואקליפט,קולגייט פלמוליב,PL,משחת שיניים קולגייט נטורל 68מל הדרים אקל,Unknown,0.00,Unknown,false,48,31.90,0.0000,true,1,328626
6920354822223,false,משחת שיניים נטורל גינגר קוקוס קולגייט 90 ג',קולגייט פלמוליב,PL,משחת שיניים קולגייט נטורל 68מל גינגר קוק,Unknown,0.00,Unknown,false,48,31.90,0.0000,true,1,328627
6920354824395,false,"קולגייט נטורל משחת שיניים חמוציות פחם 71 מ""ל",קולגייט פלמוליב,PL,משחת שיניים קולגייט נטורל ת.פחם 71מל,Unknown,0.00,Unknown,false,48,31.90,0.0000,true,1,328628
6921052701001,false,אצות וואקמה 40 גרם (רונגצ'אנג)(כ),ננטונג הידה אקוטיק פ,CN,אצות וואקמה 50 גרם,גרמים,50.00,100 גרם,false,1,11.90,23.8000,true,1,222860
6922276100083,false,מחית וואסבי -חזרת 43 גרם (דליאן),דליאן ג'ינדה קונדימנ,CN,מחית וואסבי -חזרת 43 גרם (דליאן),גרמים,43.00,100 גרם,false,100,9.90,23.0233,true,1,234216
6924299395996,false,סכין רוסטביף 28סמ יד,לי מרקט,,סכין רוסטביף 28סמ ידית נירוסטה לקיטשן,יחידה,1.00,יחידה,false,1,24.90,24.9000,true,1,322678
6924299396023,false,סכין לחם 20סמ ידית נ,,,סכין לחם 20סמ ידית נירוסטה לקיטשן,יחידה,1.00,יחידה,false,1,24.90,24.9000,true,1,322681
6924299396054,false,סכין קילוף 9סמ ידית,לי מרקט,,סכין קילוף 9סמ ידית נירוסטה לקיטשן,יחידה,1.00,יחידה,false,1,18.90,18.9000,true,1,322676
6926832407074,false,בראל חטיף אורז יפני 100גרם,קסימן די ברייט,CN,חטיף אורז יפאני 100 ג,גרמים,100.00,100 גרם,false,24,7.90,7.9000,true,1,222489
6933960500089,false,קנפיו רצועות דלעת כבושות 100 גרם (קווינגזאו),מזרח ומערב,CN,רצועות דלעת כבושות קנפיו 100 גר,גרמים,100.00,100 גרם,false,1,13.90,13.9000,true,1,232198
6934731200078,false,אטריות טריות דקות מזרח מערב 200 גרם,יאנטאי ינסידה לנוגקא,CN,אטריות נודלס דקות200 גרם,גרמים,180.00,100 גרם,false,1,6.90,3.8333,true,1,317196
6934731210138,false,אטריות טריות עבות מזרח מערב 200 גרם,יאנטאי ינסידה לנוגקא,CN,אטריות נודלס עבות 200 גרם,גרמים,180.00,100 גרם,false,1,6.90,3.8333,true,1,317195
6934930032234,false,פומאז עשיר בחלבון ריקוטה לימונצלו 110 גר,,IL,מעדן טבעוני פומאז עשיר בחלבון לימונצלו,גרמים,110.00,100 גרם,false,8,10.90,9.9091,true,1,328078
6934930083410,false,פומאז עשיר בחלבון ריקוטה ואמרנה 110 גרם,,IL,מעדן טבעוני פומאז עשיר בחלבון ריקוטה110ג,גרמים,110.00,100 גרם,false,8,10.90,9.9091,true,1,328077
6934931267246,false,מצית גז להבה ארוך 26,,,מצית גז להבה ארוך 26סמ,יחידה,1.00,יחידה,false,1,7.90,7.9000,true,1,334154
6934931974656,false,לימונים כבושים במי מ,,ES,לימונים כבושים במי מלח 360 גרם,גרמים,360.00,100 גרם,false,12,11.90,3.3056,true,1,335906
6935673035612,false,כפפות אלוורה להקלה על עור יבש - קטן S,מ.א ייצור ושיווק מטל,CN,זוג כפפות אלוורה חד פעמי מידה סמול,יחידה,2.00,יחידה,false,12,5.90,2.9500,true,1,315265
6935673035629,false,כפפות אלוורה להקלה על עור יבש - בינוני M,מ.א ייצור ושיווק מטל,CN,זוג כפפות אלוורה חד פעמי מידה מדיום,יחידה,2.00,יחידה,false,12,5.90,2.9500,true,1,315266
6935673035636,false,כפפות אלוורה להקלה על עור יבש - גדול L,מ.א ייצור ושיווק מטל,CN,זוג כפפות אלוורה חד פעמי מידה לארג,יחידה,2.00,יחידה,false,12,5.90,2.9500,true,1,315267
6935673035643,false,כפפות אלוורה להקלה על עור יבש - גדול מאוד XL,מ.א ייצור ושיווק מטל,CN,זוג כפפות אלוורה חד פעמי מידה אקס אל,יחידה,2.00,יחידה,false,12,5.90,2.9500,true,1,315268
6936745600462,false,רוטב מירין לתיבול מז,דאנינג יוה פודס קו,CN,מירין 500 מל (דאניינג),מיליליטרים,500.00,"100 מ""ל",false,12,21.90,4.3800,true,1,233235
6936745600783,false,"חומץ אורז מזרח מערב 500 מ""ל",דאנינג יוה פודס קו,CN,חומץ אורז 500 מל (דאניינג),מיליליטרים,500.00,"100 מ""ל",false,12,14.90,2.9800,true,1,233234
6937266703458,false,שיק היידרו סילק נשים מכשיר + 2 סכינים,שסטוביץ,CN,מכשיר גילוח שיק היידרו+2סכינים לנשים,יחידה,1.00,יחידה,false,10,39.90,39.9000,true,1,320076
6937266703472,false,שיק היידרו 5 סילק סכינים רביעייה,ארץ ייצור סכינים: ארהבn\,CN,סכיני גילוח שיק היידרו סילק 4יח,יחידה,4.00,יחידה,false,6,49.90,12.4750,true,1,320077
6941156100166,false,מחית סויה אדומה - אקא מיסו 500 גר '(דליאן),מזרח ומערב,CN,מחית סויה אדומה- אקא מיסו 500 גרם (דליאן,גרמים,500.00,100 גרם,false,10,18.90,3.7800,true,1,233924
6942138976458,false,מצופי ידיים נסיכות בסטווי,General,,מצופי ידיים נסיכות דיסני בסטווי,Unknown,0.00,Unknown,false,1,19.90,0.0000,true,1,327434
6948896600451,false,חליטת תה ירוק תפזורת,תבליני טעם של פעם,CN,חליטת תה ירוק תפזורת 100 גר,גרמים,100.00,100 גרם,false,12,16.90,16.9000,true,1,333544
6948896601014,false,חליטת תה לבן תפזורת,תבליני טעם של פעם,CN,חליטת תה לבן תפזורת 100 גר,גרמים,100.00,100 גרם,false,12,25.90,25.9000,true,1,333545
6954346561074,false,שיפודי במבו אקיטורי,Bamboo Forever Co. L,,שיפודי במבו אקיטורי 25 סמ 200 יח,יחידה,200.00,יחידה,false,1,47.00,0.2350,true,1,234628
6954346572124,false,צופסטיקס 5 יח רב פעמ,Bamboo Forever Co. L,CN,צופסטיקס 5 יח רב פעמי במבוק,Unknown,0.00,Unknown,false,200,19.90,0.0000,true,1,325172
6974640730167,false,פטריות שיטאקה 100 גר (כ) (Zhejiang),CO FOOD FOREST .ZHEJIANG,CN,פטריות שיטאקה 100 ג,גרמים,100.00,100 גרם,false,1,19.90,19.9000,true,1,336033
6980983422645,false,שקיות זילוף חד פעמי,,,שקיות זילוף חד פעמי 10 יחידות,יחידה,10.00,יחידה,false,1,9.90,0.9900,true,1,320051
7038513909018,false,גורדן קסמי שיניים פלואוריד/מינט,ג'ורדן,NO,גורדן קיסמי שיניים מעץ דקים,יחידה,100.00,יחידה,false,12,19.90,0.1990,true,1,245016
7038513909117,false,גורדן קסמי שיניים פלואוריד/מינט אקסטרה ט,ג'ורדן,MY,גורדון קיסמי שיניים דקים במיוחד,יחידה,140.00,יחידה,false,12,19.90,0.1421,true,1,245015
7070646288615,false,ח.חלבון טעם בוטנים קרמל,סיטי ספורט,GB,חטיף חלבון מקס 100 בוטנים כרמל,יחידה,1.00,יחידה,false,24,14.90,14.9000,true,1,329243
7070646288653,false,חטיף חלבון טעם קרמל מלוח,הרת'סייד פוד סולושיי,GB,חטיף חלבון מקס 100 קרמל מלוח,יחידה,1.00,יחידה,false,24,14.90,14.9000,true,1,329245
7209000683227,false,טחינה אל באשא 500 גרם,,IL,טחינת אלבאשא 450 גרם,גרמים,450.00,100 גרם,false,24,12.90,2.8667,true,1,336916
7209000683234,false,טחינת אלבאשא 900 גרם,,IL,טחינת אלבאשא 900 גרם,גרמים,900.00,100 גרם,false,24,23.90,2.6556,true,1,336917
7270137700088,false,סט 3 חלקים למנגל ניר,,,סט 3 חלקים למנגל נירוסטה ידית עץ,יחידה,3.00,יחידה,false,1,37.90,12.6333,true,1,328158
7270137700101,false,"רשת צלייה ניקל ל-6 יח' המבורגר 34*21 ס""מ",,,רשת צליה ניקל 21/34סמ,יחידה,1.00,יחידה,false,1,22.90,22.9000,true,1,328071
7270137700149,false,"מלקחיים למנגל נירוסטה 38 ס""מ",,,מלקחיים לגריל נירוסטה 40סמ,יחידה,1.00,יחידה,false,1,12.90,12.9000,true,1,334929
7270137700163,false,מברשת ניקוי איכותית,,,מברשת ניקוי איכותית 40סמ לרשת מנגל,יחידה,1.00,יחידה,false,1,21.90,21.9000,true,1,328156
7270137700170,false,"מנגל פח עם ידיות + רשת 38*23 ס""מ",,,מנגל פח עם רשת ניקל 24/39סמ,יחידה,1.00,יחידה,false,1,39.90,39.9000,true,1,333981
7270137700316,false,מברשת ניקוי לרשת מנג,,,מברשת ניקוי לרשת מנגל 3פעולות,יחידה,1.00,יחידה,false,1,9.90,9.9000,true,1,328155
7271730901261,false,ווקי מאק ארוחת אטריות עם גבינה 156 גרם,ניו וורלד פסטה קומפנ,US,פסטה גבינה וואקי מאק חדש אדום 156 ג,גרמים,156.00,100 גרם,false,24,11.90,7.6282,true,1,234795
7290000000031,false,תפוח זהוב,,,גזר ארוז,קילוגרמים,1.00,"ק""ג",true,,4.90,4.9000,true,1,219882
7290000000046,false,גזר בתפזורת,,,גזר בתפזורת,קילוגרמים,1.00,"ק""ג",true,,6.90,6.9000,true,1,222035
7290000000093,false,משלוח קו קופה טלפוני,,,בצל יבש,קילוגרמים,1.00,"ק""ג",true,,5.90,5.9000,true,1,219891
7290000000096,false,משלוח תוספת ארגז אקס,,,בצל ירוק באריזה,Unknown,0.00,Unknown,false,1,5.90,0.0000,true,1,219893
7290000000141,false,דלורית,ביכורי השקמה,,חציל,קילוגרמים,1.00,"ק""ג",true,,6.90,6.9000,true,1,219897
7290000000260,false,אפרסמון קרמבו,,,חסה ערבית ראש,יחידה,1.00,יחידה,false,1,5.90,5.9000,true,1,219914
7290000000288,false,הפי לאסלות+הפי לכלים,,,תפוא אדום ארוז,קילוגרמים,1.00,"ק""ג",true,,6.90,6.9000,true,1,219918
7290000000291,false,תפוח אדמה קטן לאפיה,,,תפוא קטן לבן לאפיה,קילוגרמים,1.00,"ק""ג",true,,4.90,4.9000,true,1,219920
7290000000340,false,פטרוזיליה,,,פטרוזיליה,Unknown,0.00,Unknown,false,1,4.00,0.0000,true,1,219924
7290000000341,false,שמיר,,,שמיר,Unknown,0.00,Unknown,false,1,4.00,0.0000,true,1,219925
7290000000342,false,נענע,,,נענע,Unknown,0.00,Unknown,false,1,4.00,0.0000,true,1,219926
7290000000343,false,גזר בתפזורת,משתנה,IL,כוסברה,Unknown,0.00,Unknown,false,1,4.00,0.0000,true,1,219927
7290000000344,false,"תפו""א אדום בתפזורת",משתנה,IL,שורש פטרוזיליה,Unknown,0.00,Unknown,false,1,5.90,0.0000,true,1,219928
7290000000345,false,"תפו""א לבן בתפזורת",משתנה,IL,סלרי ראש,Unknown,0.00,Unknown,false,1,5.90,0.0000,true,1,219929
7290000000500,false,פריזר רוסי גדול,מעדני מניה תעשיות בש,,תפוז,קילוגרמים,1.00,"ק""ג",true,,6.90,6.9000,true,1,219933
7290000000607,false,תמרים פרימיום 3.5 ק,,,אגס תפוח נאשי,קילוגרמים,1.00,"ק""ג",true,,15.90,15.9000,true,1,235271
7290000000691,false,תפוח עץ סמיט,משתנה,IL,תפוח עץ סמיט,קילוגרמים,1.00,"ק""ג",true,,10.90,10.9000,true,1,219957
7290000000777,false,תפוח עץ מוזהב,,,תפוח עץ מוזהב,קילוגרמים,1.00,"ק""ג",true,,10.90,10.9000,true,1,219968
7290000000779,false,תפוח עץ חרמון,,,תפוח עץ חרמון,קילוגרמים,1.00,"ק""ג",true,,10.90,10.9000,true,1,219958
7290000000790,false,תפוח עץ יונתן,,,תפוח עץ יונתן,קילוגרמים,1.00,"ק""ג",true,,11.90,11.9000,true,1,219960
7290000000900,false,זיכוי פקדון 0.30 שח,,,זיכוי פקדון 0.30 שח,Unknown,0.00,Unknown,false,1,0.30,0.0000,true,1,296390
7290000001000,false,דמי פקדון 0.30 שח,,,דמי פקדון 0.30 שח,Unknown,0.00,Unknown,false,1,0.30,0.0000,true,1,216584
7290000001010,false,נקניק אבא הרמן פרוס,מעדני מניה תעשיות בש,,דמי פקדון 0.60 שח זוג,Unknown,0.00,Unknown,false,1,0.60,0.0000,true,1,218960
7290000001025,false,דמי פקדון 1.50 שח 5,מעדני מניה תעשיות בש,,דמי פקדון 1.50 שח 5 בקבוקים,Unknown,0.00,Unknown,false,1,1.50,0.0000,true,1,230422
7290000001030,false,דמי פקדון 1.80 שח שי,קרלברג ייצור ושיווק,,דמי פקדון 1.80 שח שישיה,Unknown,0.00,Unknown,false,1,1.80,0.0000,true,1,216526
7290000001050,false,בזיליקום ירוק מהדרין,ברכת קטיף,IL,דמי פקדון 0.90 שח שלישיה,Unknown,0.00,Unknown,false,1,0.90,0.0000,true,1,222769
7290000001060,false,דמי פקדון 3.60 שח תר,,,דמי פקדון 3.60 שח תריסר,Unknown,0.00,Unknown,false,1,3.60,0.0000,true,1,244821
7290000004105,false,אננס מסוכר,,,אננס מסוכר,קילוגרמים,1.00,"ק""ג",true,,40.00,40.0000,true,1,309964
7290000004198,false,חמוציות ברכז,,,חמוציות ברכז,קילוגרמים,1.00,"ק""ג",true,,49.00,49.0000,true,1,309965
7290000004204,false,סיגר/פסטל/אגרול מוכן,,,שזיף מיובש מגולען,קילוגרמים,1.00,"ק""ג",true,,50.00,50.0000,true,1,309966
7290000004228,false,בננה ציפס,,,בננה ציפס,קילוגרמים,1.00,"ק""ג",true,,39.00,39.0000,true,1,309967
7290000004235,false,דובדבן מגולען טבעי,,,דובדבן מגולען טבעי,קילוגרמים,1.00,"ק""ג",true,,100.00,100.0000,true,1,309968
7290000004259,false,משמש מיובש גדול,,,משמש מיובש גדול,קילוגרמים,1.00,"ק""ג",true,,49.00,49.0000,true,1,309969
7290000004273,false,כרובית / ברוקולי בצי,,,חמוציות מסוכרות,קילוגרמים,1.00,"ק""ג",true,,35.00,35.0000,true,1,309970
7290000004280,false,גינגר דל סוכר,,,גינגר דל סוכר,קילוגרמים,1.00,"ק""ג",true,,50.00,50.0000,true,1,309971
7290000004297,false,פפאיה מיובשת,,,פפאיה מיובשת,קילוגרמים,1.00,"ק""ג",true,,40.00,40.0000,true,1,309972
7290000004310,false,מנגו דל סוכר,יד המלך,,מנגו דל סוכר,קילוגרמים,1.00,"ק""ג",true,,75.00,75.0000,true,1,309974
7290000004341,false,מנגו טבעי,,,מנגו טבעי,קילוגרמים,1.00,"ק""ג",true,,100.00,100.0000,true,1,309975
7290000004358,false,צימוק אוזבקי,,,צימוק אוזבקי,קילוגרמים,1.00,"ק""ג",true,,65.00,65.0000,true,1,309976
7290000004372,false,תאנים מיובשות,,,תאנים מיובשות,קילוגרמים,1.00,"ק""ג",true,,50.00,50.0000,true,1,309978
7290000004389,false,דג דניס נקי,,,אננס טבעי,קילוגרמים,1.00,"ק""ג",true,,90.00,90.0000,true,1,309979
7290000004457,false,חלבה בטעמים,,,חלבה בטעמים,קילוגרמים,1.00,"ק""ג",true,,75.00,75.0000,true,1,309984
7290000004471,false,אוכמניות כחולות,,,אוכמניות כחולות,קילוגרמים,1.00,"ק""ג",true,,100.00,100.0000,true,1,309986
7290000004488,false,גוגי ברי,,,גוגי ברי,קילוגרמים,1.00,"ק""ג",true,,60.00,60.0000,true,1,309987
7290000004495,false,חמוציות טבעי שלמות,,,חמוציות טבעי שלמות,קילוגרמים,1.00,"ק""ג",true,,100.00,100.0000,true,1,309988
7290000004501,false,טבעות זיתים במשקל,,,משמש אוזבקי טבעי,קילוגרמים,1.00,"ק""ג",true,,50.00,50.0000,true,1,309989
7290000004518,false,משמש אורגני,,,משמש אורגני,קילוגרמים,1.00,"ק""ג",true,,50.00,50.0000,true,1,309990
7290000004525,false,תפוח עץ מיובש,,,תפוח עץ מיובש,קילוגרמים,1.00,"ק""ג",true,,50.00,50.0000,true,1,309991
7290000004545,false,שתיה קרה בטעמים 1.5,,,שתיה קרה בטעמים 1.5 ל,ליטרים,1.50,ליטר,false,1,11.00,7.3333,true,1,217013
7290000004549,false,צימוק אוכמניה,,,צימוק אוכמניה,קילוגרמים,1.00,"ק""ג",true,,69.00,69.0000,true,1,309992
7290000004556,false,תמר מגהול מובחר,,,תמר מגהול מובחר,קילוגרמים,1.00,"ק""ג",true,,69.00,69.0000,true,1,309993
7290000004563,false,תמר מגהול רגיל,,,תמר מגהול רגיל,קילוגרמים,1.00,"ק""ג",true,,35.00,35.0000,true,1,309994
7290000004594,false,גולדן ברי טבעי,,,גולדן ברי טבעי,קילוגרמים,1.00,"ק""ג",true,,110.00,110.0000,true,1,309997
7290000004631,false,צימוק לבן ענק,,,צימוק לבן ענק,קילוגרמים,1.00,"ק""ג",true,,49.00,49.0000,true,1,310000
7290000004655,false,מוצרלה מעושנת גד 22%,,,צימוק חום,קילוגרמים,1.00,"ק""ג",true,,39.00,39.0000,true,1,310001
7290000004662,false,צימוק לבן,,,צימוק לבן,קילוגרמים,1.00,"ק""ג",true,,39.00,39.0000,true,1,310002
7290000004693,false,לדר טבעי,,,לדר טבעי,קילוגרמים,1.00,"ק""ג",true,,100.00,100.0000,true,1,310005
7290000004709,false,שקד מולבן/פרוס/גפרור,,,שקד מולבן/פרוס/גפרור,קילוגרמים,1.00,"ק""ג",true,,80.00,80.0000,true,1,310006
7290000004716,false,שקד טבעי ענק,,,שקד טבעי ענק,קילוגרמים,1.00,"ק""ג",true,,90.00,90.0000,true,1,310007
7290000004723,false,בוטן מקורמל,,,בוטן מקורמל,קילוגרמים,1.00,"ק""ג",true,,49.00,49.0000,true,1,310008
7290000004730,false,פיסטוק טבעי גרוס,,,פיסטוק טבעי גרוס,קילוגרמים,1.00,"ק""ג",true,,110.00,110.0000,true,1,310009
7290000004747,false,בירה שחורה קרה בק אי,,,בירה שחורה קרה בק אישי,Unknown,0.00,Unknown,false,1,12.00,0.0000,true,1,217183
7290000004761,false,פקאן טבעי מקולף,,,פקאן טבעי מקולף,קילוגרמים,1.00,"ק""ג",true,,100.00,100.0000,true,1,310010
7290000004778,false,חמניות קלופות,,,חמניות קלופות,קילוגרמים,1.00,"ק""ג",true,,25.00,25.0000,true,1,310011
7290000004785,false,אגוזי לוז טבעי,,,אגוזי לוז טבעי,קילוגרמים,1.00,"ק""ג",true,,69.00,69.0000,true,1,310012
7290000004792,false,בולגרית מעודנת גד 5%,,,אגוזים קלופים,קילוגרמים,1.00,"ק""ג",true,,69.00,69.0000,true,1,310013
7290000004808,false,בוטנים טבעי,,,בוטנים טבעי,קילוגרמים,1.00,"ק""ג",true,,39.00,39.0000,true,1,310014
7290000004815,false,מוצרלה גד 22% במשקל,,,פיסטוק טבעי קלוף,קילוגרמים,1.00,"ק""ג",true,,150.00,150.0000,true,1,310015
7290000004822,false,קשיו טבעי גדול,,,קשיו טבעי גדול,קילוגרמים,1.00,"ק""ג",true,,90.00,90.0000,true,1,310016
7290000004839,false,אגוז מקדמיה טבעי,,,אגוז מקדמיה טבעי,קילוגרמים,1.00,"ק""ג",true,,169.00,169.0000,true,1,310017
7290000004846,false,אגוז ברזיל,,,אגוז ברזיל,קילוגרמים,1.00,"ק""ג",true,,100.00,100.0000,true,1,310018
7290000004853,false,גרעיני דלעת קלופים,,,גרעיני דלעת קלופים,קילוגרמים,1.00,"ק""ג",true,,45.00,45.0000,true,1,310019
7290000004860,false,מיקס אגוזים טבעי,,,מיקס אגוזים טבעי,קילוגרמים,1.00,"ק""ג",true,,100.00,100.0000,true,1,310020
7290000004877,false,זרעי ציה,,,זרעי ציה,קילוגרמים,1.00,"ק""ג",true,,40.00,40.0000,true,1,310021
7290000004891,false,בולגרית מסורתית גד 1,,,מלח לימון,קילוגרמים,1.00,"ק""ג",true,,29.00,29.0000,true,1,310023
7290000004938,false,עגבניות מיובשות,,,עגבניות מיובשות,קילוגרמים,1.00,"ק""ג",true,,55.00,55.0000,true,1,310027
7290000004949,false,מים מינרלים 1.5 ל קר,,,מים מינרלים 1.5 ל קר,ליטרים,1.50,ליטר,false,1,8.00,5.3333,true,1,217508
7290000005058,false,סנדוויץ - גבינה צהוב,,,תבלינים ב179.00שח לקג,קילוגרמים,1.00,"ק""ג",true,,179.00,179.0000,true,1,309962
7290000005065,false,זעפרן יחידה 1 גר,,,זעפרן יחידה 1 גר,Unknown,0.00,Unknown,false,1,29.00,0.0000,true,1,304205
7290000005072,false,אפונה קלויה,,,אפונה קלויה,קילוגרמים,1.00,"ק""ג",true,,40.00,40.0000,true,1,309956
7290000005096,false,פלפל מתוק,,,פלפל מתוק,קילוגרמים,1.00,"ק""ג",true,,59.00,59.0000,true,1,309945
7290000005102,false,לואיזה צרפתית,,,לואיזה צרפתית,קילוגרמים,1.00,"ק""ג",true,,238.00,238.0000,true,1,309957
7290000005126,false,קליפות תפוז,,,קליפות תפוז,קילוגרמים,1.00,"ק""ג",true,,70.00,70.0000,true,1,303736
7290000005140,false,שקדים קלויים,,,שקדים קלויים,קילוגרמים,1.00,"ק""ג",true,,100.00,100.0000,true,1,309931
7290000005157,false,גרעין אבטיח קלוי,,,גרעין אבטיח קלוי,קילוגרמים,1.00,"ק""ג",true,,59.00,59.0000,true,1,309943
7290000005164,false,גרעיני דלעת קלויים,,,גרעיני דלעת קלויים,קילוגרמים,1.00,"ק""ג",true,,49.00,49.0000,true,1,309935
7290000005171,false,גרעיני חמניה קלויים,,,גרעיני חמניה קלויים,קילוגרמים,1.00,"ק""ג",true,,22.00,22.0000,true,1,309936
7290000005201,false,פקאן סיני,,,פקאן סיני,קילוגרמים,1.00,"ק""ג",true,,100.00,100.0000,true,1,309941
7290000005218,false,פיסטוק קלוי,,,פיסטוק קלוי,קילוגרמים,1.00,"ק""ג",true,,100.00,100.0000,true,1,309939
7290000005225,false,פול קלוי,,,פול קלוי,קילוגרמים,1.00,"ק""ג",true,,50.00,50.0000,true,1,309958
7290000005232,false,חטיף יפני,,,חטיף יפני,קילוגרמים,1.00,"ק""ג",true,,70.00,70.0000,true,1,309942
7290000005263,false,בוטן אמריקאי,,,בוטן אמריקאי,קילוגרמים,1.00,"ק""ג",true,,35.00,35.0000,true,1,309938
7290000005287,false,בוטנים מטוגנים,,,בוטנים מטוגנים,קילוגרמים,1.00,"ק""ג",true,,42.00,42.0000,true,1,309959
7290000005294,false,בונדוק קלוי,,,בונדוק קלוי,קילוגרמים,1.00,"ק""ג",true,,79.00,79.0000,true,1,309940
7290000005300,false,פקאן קלוי,,,פקאן קלוי,קילוגרמים,1.00,"ק""ג",true,,110.00,110.0000,true,1,309944
7290000005386,false,סוכריות,,,סוכריות,קילוגרמים,1.00,"ק""ג",true,,45.00,45.0000,true,1,309946
7290000005393,false,סוכריות ללא סוכר,,,סוכריות ללא סוכר,קילוגרמים,1.00,"ק""ג",true,,80.00,80.0000,true,1,309947
7290000005409,false,פלפל חריף,,,פלפל חריף,קילוגרמים,1.00,"ק""ג",true,,59.00,59.0000,true,1,309932
7290000005416,false,שומשום לבן,,,עלי דפנה,קילוגרמים,1.00,"ק""ג",true,,30.00,30.0000,true,1,309937
7290000005423,false,לימון פרסי,,,לימון פרסי,קילוגרמים,1.00,"ק""ג",true,,129.00,129.0000,true,1,309960
7290000005461,false,תירס קלוי,,,תירס קלוי,קילוגרמים,1.00,"ק""ג",true,,45.00,45.0000,true,1,298255
7290000005478,false,רביולי,,,רביולי,קילוגרמים,1.00,"ק""ג",true,,75.00,75.0000,true,1,298256
7290000005485,false,חטיף מיאסי,,,חטיף מיאסי,קילוגרמים,1.00,"ק""ג",true,,65.00,65.0000,true,1,298257
7290000005492,false,שוקולד,,,שוקולד,קילוגרמים,1.00,"ק""ג",true,,85.00,85.0000,true,1,310032
7290000005508,false,קשיו קלוי בקליפה,,,קשיו קלוי בקליפה,קילוגרמים,1.00,"ק""ג",true,,90.00,90.0000,true,1,310033
7290000005515,false,קוקוס טחון,,,קוקוס טחון,קילוגרמים,1.00,"ק""ג",true,,39.00,39.0000,true,1,310034
7290000005621,false,עלי דפנה 50 גר,,,עלי דפנה 50 גר,Unknown,0.00,Unknown,false,1,5.90,0.0000,true,1,307223
7290000005638,false,בוטנים קלויים בקליפה,,,בוטנים קלויים בקליפה,קילוגרמים,1.00,"ק""ג",true,,35.00,35.0000,true,1,310037
7290000005669,false,קוקוס ציפס,,,קוקוס ציפס,קילוגרמים,1.00,"ק""ג",true,,100.00,100.0000,true,1,310039
7290000005676,false,זיתים שחורים במשקל,,,קוקוס רצועות,קילוגרמים,1.00,"ק""ג",true,,70.00,70.0000,true,1,310040
7290000005683,false,זיתים ירוקים במשקל,,,תאנים אורגניות,קילוגרמים,1.00,"ק""ג",true,,75.00,75.0000,true,1,310041
7290000005690,false,תמר עמרי,,,תמר עמרי,קילוגרמים,1.00,"ק""ג",true,,29.00,29.0000,true,1,310042
7290000005706,false,זיתים שחורים טבעי במ,,,פשתן אורגני,קילוגרמים,1.00,"ק""ג",true,,22.90,22.9000,true,1,310043
7290000005713,false,זיתים סורים במשקל,,,תמר סופר עסיסי,קילוגרמים,1.00,"ק""ג",true,,69.00,69.0000,true,1,310044
7290000005720,false,קואקר דק/עבה,,,קואקר דק/עבה,קילוגרמים,1.00,"ק""ג",true,,15.00,15.0000,true,1,310045
7290000005744,false,נוגט שוקולד,,,נוגט שוקולד,קילוגרמים,1.00,"ק""ג",true,,49.00,49.0000,true,1,299442
7290000005777,false,שקית גופיה ידני 10 א,,,שקית גופיה ידני 10 אג,ליטרים,1.00,ליטר,false,1,0.10,0.1000,false,1,301953
7290000008288,false,אוזני פילסברי,פילסברי,,אוזני פילסברי,קילוגרמים,1.00,"ק""ג",true,,45.00,45.0000,true,1,303779
7290000011000,false,שקית בד רב פעמית לוג,,,שקית בד רב פעמית לוגו סטופמרקט,Unknown,0.00,Unknown,false,1,5.00,0.0000,true,1,219120
7290000011653,false,גבינה בולגרית 5% במש,גבינות בכר,IL,גבינה בולגרית 5% במשקל בכר,קילוגרמים,1.00,"ק""ג",true,,69.00,69.0000,true,1,243279
7290000012000,false,צידנית סטופמרקט,,CN,צידנית סטופמרקט,Unknown,0.00,Unknown,false,1,10.00,0.0000,true,1,301960
7290000023007,false,"ברנדי שטוק 84 37 % 750 מ""ל","יקבי ברקן בע""ם",IL,ברנדי שטוק 84 750 מל פקדון,מיליליטרים,750.00,"100 מ""ל",false,1,79.00,10.5333,true,1,218112
7290000023083,false,ערק אשקלון בקבוק 700,"יקבי ברקן בע""\מ",IL,ערק אשקלון 700 מל,מיליליטרים,700.00,"100 מ""ל",false,1,55.00,7.8571,true,1,241061
7290000023809,false,"יין קלאסיק קברנה סוביניון ברקן 750 מ""ל",יקבי ברקן שיווק והפצה בע,IL,יין קלאסיק קברנה סובינון 750 מל פקדון,מיליליטרים,750.00,"100 מ""ל",false,1,35.00,4.6667,true,1,218896
7290000023816,false,"יין קלאסיק אמרלד ריזלינג ברקן 750 מ""ל",יקבי ברקן שיווק והפצה בע,IL,יין קלאסיק אמרלדו ריזילג 750 מל פקדון,מיליליטרים,750.00,"100 מ""ל",false,1,35.00,4.6667,true,1,218895
7290000023823,false,"יין קלאסיק סוביניון בלאן ברקן 750 מ""ל",יקבי ברקן שיווק והפצה בע,IL,יין קלאסיק סובניון בלאן 750 מל פקדון,מיליליטרים,750.00,"100 מ""ל",false,1,35.00,4.6667,true,1,219663
7290000023847,false,"יין קלאסיק שרדונה ברקן 750 מ""ל",יקבי ברקן שיווק והפצה בע,IL,יין קלאסיק שרדונה 750 מל פקדון,מיליליטרים,750.00,"100 מ""ל",false,1,35.00,4.6667,true,1,219667
7290000023977,false,"יין קלאסיק מרלו ברקן 750 מ""ל",יקבי ברקן שיווק והפצה בע,IL,יין קלאסיק מרלו/פינוטאז 750מל פקדון ברקן,מיליליטרים,750.00,"100 מ""ל",false,1,35.00,4.6667,true,1,219660
7290000024202,false,"יין רזרב קברנה סוביניון ברקן 750 מ""ל",ברקן שיווק והפצה בעמ,IL,יין רזרב קברנה סוביניון 750 מל פקדון,מיליליטרים,750.00,"100 מ""ל",false,1,45.00,6.0000,true,1,218894
7290000024219,false,"יין רזרב אמרלד ריזלינג ברקן 750 מ""ל",יקבי ברקן,IL,יין רזרב ברקן אמרלד ריזלינג 750 מל פקדון,מיליליטרים,750.00,"100 מ""ל",false,1,45.00,6.0000,true,1,219659
7290000024264,false,"יין רזרב מרלו ברקן 750 מ""ל","כרמי צבי - אחים סגל בע""\",IL,יין מרלו רזרב ברקן 750 מל פקדון,מיליליטרים,750.00,"100 מ""ל",false,1,45.00,6.0000,true,1,220659
7290000024523,false,"תירוש של סגל ,מיץ ענבים , 1 ליטר",כרמי צבי - האחים סגל,IL,תירוש מיץ ענבים טבעי אדום 1 ליטר,ליטרים,1.00,ליטר,false,1,14.90,14.9000,true,1,244852
7290000024554,false,"יין אסמבלאז' ריחן 2013 ברקן 750 מ""ל",יקבי ברקן,IL,יין אסמבלאז ריחן 2008 750 מל פקדון,מיליליטרים,750.00,"100 מ""ל",false,1,65.00,8.6667,true,1,231170
7290000036106,false,פודינג וניל 100 גר לבישול,גלעם,,פודניג וניל 100 גרם,גרמים,100.00,100 גרם,false,1,2.90,2.9000,true,1,217043
7290000036151,false,קונדיטור קורנפלור 50,גלעם,IL,קורנפלור 500 גרם,גרמים,500.00,100 גרם,false,1,7.90,1.5800,true,1,217030
7290000040462,false,טוסטי גבינה בסגנון אמריקאי אדם 23% תנובה 200 גרם,תנובה מרכז שיתופי לש,IL,גבינת טוסטי אדם 200 גרם,גרמים,200.00,100 גרם,false,1,20.90,10.4500,true,1,217954
7290000040974,false,חלב דל לקטוז 2% תנובה קרטון 1 ליטר,תנובה מרכז שיתופי לש,IL,חלב טרי דל לקטוז 1ליטר 2% שומן,ליטרים,1.00,ליטר,false,1,7.00,7.0000,true,1,229039
7290000041445,false,קוטג תנובה גביע 250 גרם 5% בדצ,מיוצר עי קונדיטוריית,IL,גבינת קוטג 5% בדץ 250 גרם,גרמים,250.00,100 גרם,false,1,5.80,2.3200,true,1,218800
7290000041452,false,קוטג תנובה גביע 250 גרם 9% בדצ,תנובה מרכז שיתופי לש,IL,גבינת קוטג 9% 250 גרם בדץ,גרמים,250.00,100 גרם,false,1,5.90,2.3600,true,1,314394
7290000041858,false,"שמנת חמוצה 15% מועשרת יטבתה 200 מ""ל",שטראוס גרופ,IL,שמנת חמוצה 15% מעושרת 200 מל,מיליליטרים,201.00,"100 מ""ל",false,1,2.60,1.2935,true,1,216829
7290000041865,false,"לבן 4.5% שומן מהדרין ""יטבתה""",שטראוס גרופ,IL,אשל 4.5% גביע 200 מל,מיליליטרים,200.00,"100 מ""ל",false,1,2.30,1.1500,true,1,218291
7290000042015,false,"חלב שתייה תנובה בד""צ בשקית 1 ליטר",תנובה מרכז שיתופי לש,IL,חלב 3% שקית 1 ליטר מהדרין***,ליטרים,1.00,ליטר,false,1,5.43,5.4300,true,1,218790
7290000042244,false,חלב טרי 3% כד 2 ל' תנובה,"תנובה, מחלבת רחובות",IL,חלב שתיה 3% כד 2 ליטר***,ליטרים,2.00,ליטר,false,1,12.46,6.2300,true,1,217888
7290000042435,false,חלב דל שומן בקרטון+פקק תנובה 1 ליטר,תנובה מרכז שיתופי לש,IL,חלב 1% קרטון 1 ליטר***,ליטרים,1.00,ליטר,false,1,5.86,5.8600,true,1,217870
7290000042442,false,"חלב תנובה טרי 3% ""תנובה"" - מוצר בפיקוח",תנובה חלב,IL,חלב 3% קרטון 1 ליטר***,ליטרים,1.00,ליטר,false,1,6.23,6.2300,true,1,217873
7290000044880,false,באדי יוגורט תות 3% שומן 500 ג' תנובה,מיוצר עי קונדיטוריית,IL,באדי תות500 מל,מיליליטרים,500.00,"100 מ""ל",false,1,9.50,1.9000,true,1,218292
7290000045771,false,יוגורט לבן 4% תנובה 3 ליטר,תנובה מרכז שיתופי לש,IL,יוגורט 3 ליטר,ליטרים,3.00,ליטר,false,1,29.90,9.9667,true,1,217727
7290000045917,false,תנובה פרומעז גבינה מותכת מחלב עיזים 23% שומן,תנובה חלב,IL,גבינת פרומעז קולאז עזים גליל 200 גר,גרמים,200.00,100 גרם,false,1,26.90,13.4500,true,1,217145
7290000046204,false,שאריות נקניק,,,שאריות נקניק,קילוגרמים,1.00,"ק""ג",true,,29.00,29.0000,true,1,216719
7290000046327,false,גלבוע גבינה צהובה פרוסה 22% תנובה 200 גרם,תנובה מרכז שיתופי לש,IL,גלבוע פרוס 200 גרם,גרמים,200.00,100 גרם,false,18,13.90,6.9500,true,1,218196
7290000046563,false,גב.קולאז' פרמזן 23%במשקל,תנובה מרכז שיתופי לש,IL,קולאז פרמזן חריץ במשקל,קילוגרמים,1.00,"ק""ג",true,,145.00,145.0000,true,1,216973
7290000047027,false,גב.קולאז' גלעד 27% במשקל,תנובה מרכז שיתופי לש,IL,קולאז קצקבל גלעד במשקל,קילוגרמים,1.00,"ק""ג",true,,145.00,145.0000,true,1,216977
7290000047034,false,גבינת רוקפור 26%כבש משקל,תנובה מרכז שיתופי לש,IL,קולאז רוקפור גליל במשקל,קילוגרמים,1.00,"ק""ג",true,,145.00,145.0000,true,1,216979
7290000048413,false,פיראוס חמד גבינה מלוחה 16% שומן,תנובה מרכז שיתופי לש,IL,גב.מלוחה חמד פיראוס 250 גרם,גרמים,250.00,100 גרם,false,1,18.90,7.5600,true,1,217899
7290000048437,false,פיראוס צפתית 5% שומן 200 גרם,פארייפאבה אגרואינדוס,IL,צפתית פיראוס 5% 200 גרם,גרמים,200.00,100 גרם,false,1,15.90,7.9500,true,1,216951
7290000051307,false,"מארז הפסקת אוכל עם דגני עוגי ומשקה חלב עמיד בטעם וניל 150 מ""ל",תנובה מרכז שיתופי לש,IL,"מארז הפסקת אוכל חלב+דגני עוגי 150 מ""ל",מיליליטרים,150.00,"100 מ""ל",false,1,9.50,6.3333,true,1,226472
7290000053219,false,טל העמק חריץ 32% במשקל,תנובה מרכז שיתופי לש,IL,גבינה טל העמק שמנה קשה במשקל,קילוגרמים,1.00,"ק""ג",true,,69.00,69.0000,true,1,301948
7290000055206,false,גבינה לבנה 5% בטעם בצל מטוגן 250 ג' תנובה,מחלבת אלון תבור,IL,גבינה לבנה עם בצל מטוגן 5% 250גר,גרמים,250.00,100 גרם,false,1,6.50,2.6000,true,1,229633
7290000055329,false,"משקה בוקר יוגורט 1.5% בטעם תות מלון יופלה 250 מ""ל",תנובה מרכז שיתופי לש,IL,משקה יוגורט יופלה תות מלון 250 מל,מיליליטרים,250.00,"100 מ""ל",false,1,5.90,2.3600,true,1,229589
7290000055350,false,גבינה צהובה חריץ עמק 28% במשקל,תנובה מרכז שיתופי לש,IL,עמק גבינה חצי שמנה במשקל***,קילוגרמים,1.00,"ק""ג",true,,44.79,44.7900,true,1,234445
7290000055893,false,חמאה משמנת מפוסטרת 200גרם 82% כ.מהדרין - מוצר בפיקוח,תנובה מרכז שיתופי לש,IL,חמאה רגילה 200 גרם מהדרין,גרמים,200.00,100 גרם,false,1,8.40,4.2000,true,1,315896
7290000056784,false,גבינת פטה כבשים במשק,תנובה מרכז שיתופי לש,IL,גבינת פטה כבשים במשקל 5% שומן,קילוגרמים,1.00,"ק""ג",true,,125.00,125.0000,true,1,231190
7290000056845,false,תנובה חלב טרי 3% שומן 1.5 ליטר - מוצר בפיקוח,פארייפאבה אגרואינדוס,IL,חלב 3% קרטון 1.5 ליטר***,ליטרים,1.50,ליטר,false,1,9.34,6.2267,true,1,231514
7290000056883,false,שמיניית יוגורט יופלה 3% טעמים שונים 150 גרם,תנובה מרכז שיתופי לש,IL,מאגדת 8 יופלה פירות 1.2 קג,קילוגרמים,1.20,"ק""ג",false,1,31.90,26.5833,true,1,230581
7290000056890,false,שמיניית דיאט יופלה 0% טעמים שונים 150 גרם,מיוצר עי קונדיטוריית,IL,מאגדת דיאט יופלה 2+6 150 גר,קילוגרמים,1.20,"ק""ג",false,1,31.90,26.5833,true,1,230751
7290000057118,false,גבינה צהובה עמק 28% שומן ואקום 400 גרם,תנובה מרכז שיתופי לש,IL,עמק פרוסות 400 גרם סמי מעדניה,גרמים,400.00,100 גרם,false,1,23.90,5.9750,true,1,231380
7290000058047,false,שמנת להקצפה 38% 500מל מהדרין עמיד השף הלבן,תנובה מרכז שיתופי לש,IL,שמנת מתוקה 38% להקצפה 500 מל***בדץ,מיליליטרים,500.00,"100 מ""ל",false,1,12.94,2.5880,true,1,319208
7290000058580,false,קוקילידה בטעם וניל עם עוגיות שוקולד גלידות נסטלה 80 גרם,נגה גלידות (גלידות נ,IL,שלגון קוקילידה וניל,יחידה,1.00,יחידה,false,28,11.00,11.0000,true,1,302665
7290000060071,false,אוסם - חטיפי פריכונים מאורז מלא קלוי 80גר,"פרח תעשיות מזון בע""מ.",IL,חטיפי פריכונים טעם טבעי 80 ג,גרמים,80.00,100 גרם,false,1,7.90,9.8750,true,1,219122
7290000060088,false,בייגלה מקלות מלוחים אסם 400 גרם,מיוצר עי קונדיטוריית,IL,בייגלה מקלות מלוחים 400 גר,גרמים,400.00,100 גרם,false,12,10.90,2.7250,true,1,218067
7290000060156,false,פסטה אסם אטריות ביצים דקות 200גר,"אסם תעשיות בע""מ",IL,איטריות ביצים דקיקות 200 גרם,גרמים,200.00,100 גרם,false,1,7.90,3.9500,true,1,218234
7290000060163,false,פסטה אסם אטריות דקות 400גר,"אסם תעשיות בע""מ",IL,אטריות אסם דקות 400 גרם,גרמים,400.00,100 גרם,false,1,7.50,1.8750,true,1,217681
7290000060200,false,פסטה אסם פתיתים אפויים קוסקוס 500גר,"אסם תעשיות בע""מ",IL,פתיתים אפויים אוסם קוסקוס 500 גרם,גרמים,500.00,100 גרם,false,12,7.90,1.5800,true,1,216917
7290000060217,false,פסטה מקרוני מספר 7 אסם 500 גרם,קריות זול,IT,פסטה מקרוני אסם 500 גרם,גרמים,500.00,100 גרם,false,1,5.90,1.1800,true,1,217138
7290000060248,false,פסטה אסם פתיתים תלתלים 500 גר',קריות זול,IT,פסטה אסם תלתלים 500 גרם,גרמים,500.00,100 גרם,false,12,5.90,1.1800,true,1,216604
7290000060316,false,פרפקטו ספגטי מס' 8 אסם 500 גרם,אסם פרפקטו,IT,ספגטי פרפקטו 500 ג,גרמים,500.00,100 גרם,false,1,7.50,1.5000,true,1,216885
7290000060323,false,פסטה פרפקטו ספגטיני (2) 500 גרם,קריות זול,IT,פסטה פרפקטו-ספגטיני 500 גרם,גרמים,500.00,100 גרם,false,20,7.50,1.5000,true,1,216886
7290000060408,false,פסטה אסם פתיתים אפויים טבעות 500 גר,"אסם השקעות בע""\מ",IL,פתיתים אפויים אוסם טבעות 500 גרם,גרמים,500.00,100 גרם,false,12,7.90,1.5800,true,1,216915
7290000060491,false,פסטה קיפרי ריגאטי פרפקטו 500 ג' אסם,פסטה זארה,IT,פסטה פרפקטו-קיפרי ריגאטי 500 גרם,גרמים,500.00,100 גרם,false,12,7.50,1.5000,true,1,216893
7290000060538,false,פסטה פרפקטו ניוקי 500 ג' אסם,קריות זול,IT,פסטה פרפקטו-פתיתים ניוקי 500 גרם,גרמים,500.00,100 גרם,false,12,7.50,1.5000,true,1,216891
7290000060576,false,פתיתים אפויים כוכבים אסם 500 גרם,"אסם השקעות בע""\מ",IL,פתיתים אפויים אוסם כוכבים 500 גרם,גרמים,500.00,100 גרם,false,12,7.90,1.5800,true,1,216916
7290000060781,false,פסטה אסם פתיתים מסולסלים 500גר,קריות זול,IT,פסטה אסם מסולסל 500 גרם,גרמים,500.00,100 גרם,false,12,5.90,1.1800,true,1,217140
7290000060811,false,טילון אקסטרים ענק מטבע שוקולד 120 ג',תות תעשיות מזון (201,IL,טילון אקסטרים מטבע שוקולד פליק,יחידה,1.00,יחידה,false,1,12.00,12.0000,true,1,319484
7290000060828,false,פסטה קרניים בינוניות אסם 500 גרם,קריות זול,IT,פסטה אסם קרניים בנוניות 500 גרם,גרמים,500.00,100 גרם,false,12,5.90,1.1800,true,1,217144
7290000060880,false,פסטה ספגטי מספר 8 אסם 500 גרם,קריות זול,IT,פסטה אסם ספגטי 500 גרם,גרמים,500.00,100 גרם,false,1,5.90,1.1800,true,1,217139
7290000060903,false,פסטה אסם פתיתים אפויים אורז 500גר,"אסם השקעות בע""\מ",IL,פתיתים אפויים אוסם אורז 500 גרם,גרמים,500.00,100 גרם,false,12,7.90,1.5800,true,1,216914
7290000060958,false,פסטה אסם אטריות בינוניות 400 גרם,"אסם השקעות בע""\מ",IL,אטריות אסם בינוניות 400 גרם,גרמים,400.00,100 גרם,false,1,7.50,1.8750,true,1,217680
7290000060965,false,פסטה אסם אטריות רחבות 400גר,"אסם השקעות בע""\מ",IL,אטריות אסם רחבות 400 גרם,גרמים,400.00,100 גרם,false,1,7.50,1.8750,true,1,217683
7290000060972,false,פסטה אסם אטריות דקיקות 400 גרם,קריות זול,IT,אטריות אסם דקיקות 400 גרם,גרמים,400.00,100 גרם,false,12,7.50,1.8750,true,1,217682
7290000061061,false,קרקר חיטה עם בצל אסם,"אסם השקעות בע""\מ",IL,קרקר בצל 250 גרם,גרמים,250.00,100 גרם,false,12,10.90,4.3600,true,1,219253
7290000061085,false,"רוטב צילי מתוק 290 מ""ל-בקבוק","אסם השקעות בע""\מ",IL,רוטב צילי מתוק 290 מל,מיליליטרים,290.00,"100 מ""ל",false,9,11.90,4.1034,true,1,219098
7290000061108,false,"רוטב טריאקי 290 מ""ל-בקבוק","אסם השקעות בע""\מ",IL,רוטב טריאקי 290 מל,מיליליטרים,290.00,"100 מ""ל",false,1,11.90,4.1034,true,1,219097
7290000061214,false,פתיתים אפויים קוסקוס עם בצל אסם 500 גרם,"אסם השקעות בע""\מ",IL,פתיתים אפויים אוסם קוסקוס בצל500ג,גרמים,500.00,100 גרם,false,1,7.90,1.5800,true,1,226086
7290000061245,false,עוגיות שוקוצ'יפס במילוי שוקולד אסם 220 גרם,מיוצר עי קונדיטוריית,IL,עוגיות שוקוציפס ממולאות 220 גרם,גרמים,220.00,100 גרם,false,1,12.00,5.4545,true,1,219769
7290000061764,false,קפה נמס מגורען רד מאג 200 גרם,נסטלה ספרד קפה,ES,נסקפה רד מאג 200 גרם,גרמים,200.00,100 גרם,false,1,22.90,11.4500,true,1,216780
7290000062242,false,דובונים חטיף תפוחי אדמה בטעם שמנת בצל אסם 40 גרם,"אסם השקעות בע""\מ",IL,חטיף תפוא דובונים שמנת בצל 40 גר,Unknown,0.00,Unknown,false,1,4.90,0.0000,true,1,216876
7290000062952,false,אוסם - מיני קרוטונים למרק ולסלט 250 גרם,עינת תעשיות מזון אגו,IL,מיני קרוטונים למרק וסלט אסם 250 גר,גרמים,250.00,100 גרם,false,1,14.90,5.9600,true,1,224783
7290000063102,false,קמח עוגה תופח מאליו אסם 350 גרם,"אסם השקעות בע""\מ",IL,קמח תופח מאליו אסם 350 גר,גרמים,350.00,100 גרם,false,20,5.30,1.5143,true,1,216790
7290000063140,false,שקדי מרק רכיבים טבעיים בשקית 400 ג' אסם,"אסם תעשיות בע""מ",IL,שקדי מרק אסם ר. טבעיים 400 גר,גרמים,400.00,100 גרם,false,12,11.90,2.9750,true,1,216665
7290000063157,false,"קמח עוגה תופח מאליו אסם 1 ק""ג","אסם השקעות בע""\מ",IL,קמח תופח מאליו אסם 1 קג,קילוגרמים,1.00,"ק""ג",false,1,9.90,9.9000,true,1,216789
7290000064758,false,קוסקוס בינוני אמיתי אסם 350 ג',"מיוצר ע""י קוד יצרן K",IL,קוסקוס אסם אמיתי בשקית 350 גרם,גרמים,350.00,100 גרם,false,1,7.90,2.2571,true,1,217009
7290000064871,false,"אוסם - מנה חמה פירה תפו""א עם בצל 56 גרם","אסם תעשיות בע""מ",IL,מנה חמה אסם פירה בצל 56 גרם,גרמים,56.00,100 גרם,false,1,6.90,12.3214,true,1,219477
7290000065090,false,מיני קרוטונים מתובלים למרק ולסלט אסם 400 גרם,עינת תעשיות מזון אגו,IL,מיני קרוטונים למרק ולסלט אסם 400 גר,גרמים,400.00,100 גרם,false,12,22.90,5.7250,true,1,217535
7290000065335,false,אוסם - מנה חמה פירה עם ירקות 55 גרם,"אסם תעשיות בע""מ",IL,מנה חמה אסם פירה וירקות 55 גר,Unknown,0.00,Unknown,false,1,6.90,0.0000,true,1,217598
7290000065540,false,אוסם - מנה חמה פסטה מוקרמת בטעם עוף 55 גרם,"אסם תעשיות בע""מ",IL,מנה חמה אסם אטריות מוקרמת 55 גר,Unknown,0.00,Unknown,false,1,6.90,0.0000,true,1,217592
7290000065557,false,אוסם - מנה חמה קוסקוס עם ירקות 84 גרם,"אסם תעשיות מזון בע""מ",IL,מנה חמה קוסקוס ירקות ר.ט.84גר,Unknown,0.00,Unknown,false,1,6.90,0.0000,true,1,217600
7290000065977,false,חטיפי פריכונים תירס שומשום אסם 80 גרם,"פרח תעשיות מזון בע""מ.",IL,חטיפי פריכונים תירס ושומשום 80 ג,גרמים,80.00,100 גרם,false,1,7.90,9.8750,true,1,227698
7290000066134,false,ביסלי חטיף בטעם פלאפל אסם 70 גרם,"אסם השקעות בע""\מ",IL,חטיף ביסלי פלאפל 70 גרם,Unknown,0.00,Unknown,false,1,4.50,0.0000,true,1,218077
7290000066141,false,ביסלי חטיף בטעם גריל אסם 70 גרם,"אסם השקעות בע""\מ",IL,חטיף ביסלי גריל 70 גרם,Unknown,0.00,Unknown,false,1,4.50,0.0000,true,1,218073
7290000066172,false,ביסלי חטיף בטעם פיצה אסם 70 גרם,"אסם השקעות בע""\מ",IL,חטיף ביסלי פיצה 70 גרם,Unknown,0.00,Unknown,false,1,4.50,0.0000,true,1,218075
7290000066189,false,ביסלי חטיף בטעם פלאפל אסם 200 גרם,"אסם השקעות בע""\מ",IL,חטיף ביסלי פלאפל 200 גר,גרמים,200.00,100 גרם,false,24,9.10,4.5500,true,1,218076
7290000066196,false,ביסלי חטיף בטעם גריל אסם 200 גרם,מיוצר עי קונדיטוריית,IL,חטיף ביסלי גריל 200 גר,גרמים,200.00,100 גרם,false,24,9.10,4.5500,true,1,218072
7290000066226,false,ביסלי חטיף בטעם פיצה אסם 200 גרם,מיוצר עי קונדיטוריית,IL,חטיף ביסלי פיצה 200 גר,גרמים,200.00,100 גרם,false,24,9.10,4.5500,true,1,218074
7290000066264,false,דובונים חטיף תפוחי אדמה אסם 40 גרם,"אסם השקעות בע""\מ",IL,חטיף תפוא דובונים 40 גר,Unknown,0.00,Unknown,false,30,4.90,0.0000,true,1,217997
7290000066295,false,במבה מתוקה מחומרים טבעיים 30 גרם,מיוצר עי קונדיטוריית,IL,במבה תות 30 גרם,Unknown,0.00,Unknown,false,40,3.00,0.0000,true,1,218094
7290000066318,false,במבה חטיף בוטנים אסם 80 גרם,"אסם השקעות בע""\מ",IL,חטיף במבה 80 גרם,Unknown,0.00,Unknown,false,1,5.00,0.0000,true,1,218090
7290000066332,false,אפרופו חטיף תירס אסם 50 גרם,מיוצר עי קונדיטוריית,IL,חטיף תירס אפרופו 50 גר,Unknown,0.00,Unknown,false,1,5.00,0.0000,true,1,218272
7290000066349,false,אפרופו חטיף תירס אסם 100 גרם,מיוצר עי קונדיטוריית,IL,חטיף תירס אפרופו 100 גרם,גרמים,100.00,100 גרם,false,20,9.00,9.0000,true,1,218270
7290000066431,false,פופקו חטיף פופקורן בטעם חמאה ודבש אסם 80 גרם,מיוצר עי קונדיטוריית,IL,פופקו חטיף תירס בחמאה דבש 80 ג,Unknown,0.00,Unknown,false,1,5.60,0.0000,true,1,217054
7290000067407,false,פרורית מתובלת בשקית 200 גרם,עינת תעשיות מזון אגו,IL,פירורית מתובלת 200 גרם,גרמים,200.00,100 גרם,false,1,6.50,3.2500,true,1,217095
7290000067599,false,מנה חמה ספגטי ברוטב בולונז אסם 65 גרם,"אסם השקעות בע""\מ",IL,מנה חמה אסם ספגטי בולונז 65 גר,גרמים,65.00,100 גרם,false,1,6.90,10.6154,true,1,217596
7290000068138,false,אינסטנט פודינג בטעם וניל אסם 80 גרם,מיוצר עי קונדיטוריית,IL,אינסטנט פודינג וניל אסם 80 גר,גרמים,80.00,100 גרם,false,12,6.00,7.5000,true,1,218238
7290000068190,false,אסם ג'לי תות שדה צבעים טבעיים 90 גרם,מיוצר עי קונדיטוריית,IL,גלי אסם תות שדה צבעים טבעיים 85 גר,גרמים,85.00,100 גרם,false,1,6.90,8.1176,true,1,218133
7290000068206,false,ג'לי משמש אסם צבע טבעי 85 ג',מיוצר עי קונדיטוריית,IL,גלי אסם משמש צבעים טבעיים 85 גר בקופסא,גרמים,85.00,100 גרם,false,1,6.90,8.1176,true,1,218131
7290000068237,false,אבקה להכנת ג'לי בטעם פטל אסם 85 גרם,מיוצר עי קונדיטוריית,IL,גלי אסם פטל צבעים טבעיים 85 גר בקופסא,גרמים,85.00,100 גרם,false,1,6.90,8.1176,true,1,218132
7290000068251,false,אבקה להכנת ג'לי בטעם אננס אסם 85 גרם,מיוצר עי קונדיטוריית,IL,גלי אסם אננס צבעים טבעיים 85 גר בקופסא,גרמים,85.00,100 גרם,false,1,6.90,8.1176,true,1,218130
7290000068299,false,"מנה חמה תפו""א עם פטריות בגביע כלפ","אסם השקעות בע""\מ",IL,מנה חמה תפוא ופטריות 47 גר כשלפ,Unknown,0.00,Unknown,false,1,6.90,0.0000,true,1,238972
7290000068343,false,אסם פריכונים פרוסות קלויות מלא,"פרח תעשיות מזון בע""מ.",IL,פריכונים מאורז מלא 140 גר,גרמים,140.00,100 גרם,false,1,7.90,5.6429,true,1,216605
7290000068701,false,אסם שקדי מרק רכיבים טבע.מיכל 400 גרם,"אסם תעשיות בע""מ",IL,שקדי מרק אסם במיכל 400 גרם,גרמים,400.00,100 גרם,false,10,15.90,3.9750,true,1,216666
7290000068770,false,במבה יום הולדת חטיף בוטנים אסם 80 גרם,"אסם השקעות בע""\מ",IL,חטיף במבה יום הולדת 80 גרם,גרמים,80.00,100 גרם,false,1,5.00,6.2500,true,1,218093
7290000068787,false,במבה יום הולדת חטיף בוטנים אסם 25 גרם,מיוצר עי קונדיטוריית,IL,במבה יום הולדת 25 גרם,גרמים,25.00,100 גרם,false,108,2.80,11.2000,true,1,218092
7290000069258,false,פסטה פרפקטו פנה ריגאטה 500 ג' אסם,קריות זול,IT,פסטה פרפקטו-פנה ריגאטה 500 גרם,גרמים,500.00,100 גרם,false,12,7.50,1.5000,true,1,216890
7290000069715,false,אוסם - חטיפי קרקר מלוח 300 גרם,"אסם תעשיות בע""מ",IL,חטיפי קרקר מלוח 300 ג,גרמים,300.00,100 גרם,false,12,10.90,3.6333,true,1,226084
7290000069968,false,"קמח תופח לעוגה כשל""פ200ג","אסם השקעות בע""\מ",IL,קמח עוגה תופח מאליו 200 גר כשלפ,גרמים,200.00,100 גרם,false,20,7.90,3.9500,true,1,218766
7290000070308,false,אבקת מרק עוף אמיתי בשרי אסם 400 גרם,"אסם השקעות בע""\מ",IL,מרק עוף אמיתי 400 גר,גרמים,400.00,100 גרם,false,1,19.90,4.9750,true,1,218359
7290000070322,false,אבקת מרק פטריות רכיבים טבעיים אסם 400 גרם,"אסם השקעות בע""\מ",IL,אבקת מרק פטריות ר. טבעיים 400 גר אסם,גרמים,400.00,100 גרם,false,1,21.90,5.4750,true,1,218360
7290000070353,false,אבקת מרק בצל רכיבים טבעיים אסם 400 גרם,"אסם השקעות בע""\מ",IL,אבקת מרק בצל ר.טבעיים 400 גר אסם,גרמים,400.00,100 גרם,false,1,21.90,5.4750,true,1,218356
7290000070384,false,אבקת מרק טעם עוף זך 400 גרם,"אסם השקעות בע""\מ",IL,מרק עדיף 400 גרם,גרמים,400.00,100 גרם,false,1,15.90,3.9750,true,1,218358
7290000071008,false,אוסם - בייגלה שטוחים מלח 60 גרם,"אסם השקעות בע""\מ",IL,בייגלה שטוחים מלוח 60 גר,גרמים,60.00,100 גרם,false,24,3.50,5.8333,true,1,228742
7290000072067,false,במבה חטיף בוטנים במילוי קרם חלבה 60 גרם,מיוצר עי קונדיטוריית,IL,חטיף במבה במילוי חלבה 60 גר,גרמים,60.00,100 גרם,false,36,5.00,8.3333,true,1,227048
7290000072241,false,"רוטב פיצה 290 מ""ל-בקבוק","אסם השקעות בע""\מ",IL,רוטב פיצה 290 מל,מיליליטרים,290.00,"100 מ""ל",false,9,11.90,4.1034,true,1,216695
7290000072333,false,בונז'ור לחמנית דגנים 120ג',בונז'ור,,לחמניית דגנים,גרמים,100.00,100 גרם,false,1,3.20,3.2000,true,1,226347
7290000072623,false,קטשופ אסם בקבוק לחיץ 750 גרם,"אסם תעשיות בע""מ",IL,קטשופ אוסם לחיץ 750 גר,גרמים,750.00,100 גרם,false,1,10.90,1.4533,true,1,217037
7290000072630,false,קטשופ אסם חריף 750 גרם-בקבוק,"אסם תעשיות בע""מ",IL,קטשופ לחיץ חריף 750 גר,גרמים,750.00,100 גרם,false,1,11.90,1.5867,true,1,217038
7290000072753,false,קפה נמס מגורען טסטרס צ'ויס 200 גרם-,נסטלה קוריאה - קפה,KR,נסקפה טסטר צויס 200 גרם,גרמים,200.00,100 גרם,false,1,32.90,16.4500,true,1,217716
7290000072760,false,נסקפה טייסטרס צויס 100 גר אוריגנל,נסטלה קוריאה - קפה,KR,קפה נמס טסטר צויס 100 ג,גרמים,100.00,100 גרם,false,12,25.90,25.9000,true,1,217715
7290000072777,false,קפה נמס מגורען נטול קפאין טסטרס צ'ויס 200 גרם,נסטלה קוריאה - קפה,KR,קפה נמס טסטר צויס נטול קופאין 200 ג,גרמים,200.00,100 גרם,false,12,44.90,22.4500,true,1,217714
7290000072784,false,קפה טייסטר צויס נטול קופאין 100 גר',נסטלה קוריאה - קפה,KR,קפה נמס טסטר צויס נטול קפאין 100 גר,גרמים,100.00,100 גרם,false,12,29.90,29.9000,true,1,217713
7290000072968,false,דגני בוקר סיני מיניס חיטה מלאה וקינמון נסטלה 500 גרם,נסטלה פולין דגני בוק,PL,דגני בוקר סיני מיניס קינמון 500 גרם,גרמים,500.00,100 גרם,false,1,22.90,4.5800,true,1,217357
7290000073415,false,אוסם - מנה חמה פסטה ברוטב פיצה 61 גרם,"אסם השקעות בע""\מ",IL,מנה חמה אסם פסטה ברוטב פיצב 61 גר,גרמים,61.00,100 גרם,false,1,6.90,11.3115,true,1,217599
7290000073699,false,סלט חומוס צבר 150 גרם,סלטי צבר,IL,סלט חומוס צבר150 גרם,גרמים,150.00,100 גרם,false,6,5.40,3.6000,true,1,217226
7290000073750,false,מנה חמה נודלס אטר+ירקות טעם עוף 70 גרם,PUB FOODS PRESIDENT THAI,TH,מנה חמה אסם נודלס+ ירקות ט.עוף 70 גר,גרמים,70.00,100 גרם,false,1,6.90,9.8571,true,1,217595
7290000073767,false,מנה חמה נודלס אטר.+ירקות טעם בקר 70 גרם,PUB FOODS PRESIDENT THAI,TH,מנה חמה אסם נודלס ירקות ט. בקר 70 גר,גרמים,70.00,100 גרם,false,1,6.90,9.8571,true,1,217597
7290000073774,false,מנה חמה נודלס אטר+ירקות טעם צילי 70 גרם,טאי רזידנט,TH,מנה חמה אסם נודלס אטר.יירק ט.צילי 70 גר,גרמים,70.00,100 גרם,false,1,6.90,9.8571,true,1,217594
7290000074153,false,ביסקוויט פתי בר שוקולד אסם 500 גרם,מיוצר עי קונדיטוריית,IL,ביסקויט פתי בר שוקו 500 גר,גרמים,500.00,100 גרם,false,1,12.90,2.5800,true,1,216907
7290000074184,false,ביסקוויט פתי בר אסם 500 גרם,"אסם השקעות בע""\מ",IL,ביסקויט פתי בר קלאסי 500 גר,גרמים,500.00,100 גרם,false,1,11.90,2.3800,true,1,216904
7290000074245,false,אוסם - קרם קרקר אסם 250 גרם,"אסם השקעות בע""\מ",IL,קרם קרקר 250 גרם,גרמים,250.00,100 גרם,false,12,9.90,3.9600,true,1,216855
7290000074252,false,קרקר שומשון אסם 250 גרם,"אסם השקעות בע""\מ",IL,קרקר שומשום 250 גרם,גרמים,250.00,100 גרם,false,12,8.90,3.5600,true,1,216867
7290000074276,false,קרקר פיקנטי טבעון 250 ג' אסם,"אסם השקעות בע""\מ",IL,קרקר טבעון פיקנטי 250 גרם,גרמים,250.00,100 גרם,false,1,9.90,3.9600,true,1,217926
7290000074375,false,אוסם - קרקר זהב 150 גרם,"אסם השקעות בע""\מ",IL,קרקר זהב 150 גרם,גרמים,150.00,100 גרם,false,12,6.90,4.6000,true,1,216865
7290000074481,false,לחמית אגוזים אסם 160 גרם,"אסם השקעות בע""\מ",IL,לחמית אגוזים 160 גר,גרמים,160.00,100 גרם,false,1,10.90,6.8125,true,1,231026
7290000075204,false,אוסם - לחמית חיטה מלאה 250 גרם,"אסם השקעות בע""\מ",IL,לחמית חיטה מלאה 250 גר,גרמים,250.00,100 גרם,false,1,9.50,3.8000,true,1,217635
7290000075693,false,עוגת הבית שמרים בריוש שוקולד אסם 360 גרם,מיוצר עי קונדיטוריית,IL,עוגת הבית שמרים בריוש שוקולד 360 ג,גרמים,360.00,100 גרם,false,8,16.90,4.6944,true,1,226851
7290000076126,false,אוסם - בייגלה שמיניות קטנות 80 גרם,"אסם השקעות בע""\מ",IL,בייגלה שמניות 80 גר,גרמים,80.00,100 גרם,false,24,3.50,4.3750,true,1,218059
7290000076133,false,בייגלה שמיניות קטנות עם מלח אסם 400 גרם,"אסם השקעות בע""\מ",IL,בייגלה שמיניות קטנות 400 גר,גרמים,400.00,100 גרם,false,12,10.90,2.7250,true,1,218058
7290000076645,false,טוסטעים פת קלויה חיטה מלאה אסם 100 גרם,ון דר מולן האלום,NL,טוסטעים פת קלויה ח.מלאה 100 גר,גרמים,100.00,100 גרם,false,1,10.50,10.5000,true,1,227378
7290000077017,false,עוגיות קרמוגית במילוי קרם שוקולד אסם 200 גרם,מיוצר עי קונדיטוריית,IL,עוגיות קרמוגית במילוי שוקולד 200 גרם,גרמים,200.00,100 גרם,false,1,12.00,6.0000,true,1,216857
7290000077253,false,אוסם - לחמית כפרית עם דגנים מלאים 190 גרם,"אסם השקעות בע""\מ",IL,לחמית כפרית 190 גר,גרמים,190.00,100 גרם,false,1,10.90,5.7368,true,1,227894
7290000078212,false,קרוטונים מתובלים למרק אסם 250 גרם,עינת תעשיות מזון אגו,IL,קרוטונים מתובלים אסם 250 גרם,גרמים,250.00,100 גרם,false,12,14.90,5.9600,true,1,216837
7290000078762,false,אוסם - חטיפי פריכונים מאורז מלא בטעם דבש 80גר,סנורייס בלגיום אן. ו,GB,חטיפי פריכונים מאורז מלא דבש 80 ג,גרמים,80.00,100 גרם,false,1,7.90,9.8750,true,1,219123
7290000079233,false,קרם קרקר דיאטטי דל נתרן 250 גרם,"אסם תעשיות בע""מ",IL,קרם קרקר דל נתרן 250 גרם,גרמים,250.00,100 גרם,false,1,10.90,4.3600,true,1,216856
7290000079684,false,קרואסון ביס שקדים,בונז'ור,,קרואסון ביס שקדים,קילוגרמים,1.00,"ק""ג",true,,37.00,37.0000,true,1,243717
7290000080758,false,אוסם - טוסטעים פת קלוי 100 גרם,ון דר מולן האלום,NL,טוסטעים פת קלויה 100 גרם,גרמים,100.00,100 גרם,false,1,10.50,10.5000,true,1,217956
7290000080765,false,טוסטעים פת קלויה עם שומשום אסם 100 גרם,ון דר מולן האלום,NL,טוסטעים פת קלויה&שומשום 100 גרם,גרמים,100.00,100 גרם,false,1,10.50,10.5000,true,1,217957
7290000081663,false,"בייגלה טבעות שומשום אסם 300 גרם בד""ץ",מיוצר עי קונדיטוריית,IL,בייגלה טבעות שומשום 300 גר,גרמים,300.00,100 גרם,false,12,10.90,3.6333,true,1,218066
7290000085159,false,פרורי ביסקוויט בטעם וניל הדר 250 גרם,גטניו אם החיטה,IL,פירורי פתיבר לאפיה 250 גר גטניו,גרמים,250.00,100 גרם,false,1,6.90,2.7600,true,1,328101
7290000085180,false,גטניו פתי בר וניל 470 גרם,"אחים גטניו בע""מ",IL,ביסקויט פתי בר וניל גטניו 470 גרם,גרמים,470.00,100 גרם,false,12,10.90,2.3191,true,1,315286
7290000088002,false,אגרת וטרינר לפי קג,,,אגרת וטרינר לפי קג,קילוגרמים,1.00,"ק""ג",true,,1.30,1.3000,true,1,319943
7290000099941,false,גזר אריזה אורגני,חקלאי,IL,גזר ארוז אורגני,קילוגרמים,1.00,"ק""ג",true,,7.90,7.9000,true,1,338153
7290000100029,false,פתיתי כרובית סנפרוסט 800 גר,"סנפרוסט בע""מ",IL,פתיתי כרובית 800 גרם סנפרוסט,גרמים,800.00,100 גרם,false,8,22.90,2.8625,true,1,313540
7290000100036,false,פתיתי ברוקולי סנפרוס,"סנפרוסט בע""מ",IL,פתיתי ברוקולי 800 גרם סנפרוסט,גרמים,800.00,100 גרם,false,8,22.90,2.8625,true,1,313539
7290000100128,false,פירות קפואים תות סנפרוסט 300 ג',"סנפרוסט בע""מ",IL,תות קפוא 300 גרם סנפרוסט,גרמים,300.00,100 גרם,false,1,19.90,6.6333,true,1,313537
7290000100135,false,פירות קפואים סנפרוסט דובדבן 300 גר,"סנפרוסט בע""מ",IL,דובדבן קפוא 300 גרם סנפרוסט,גרמים,300.00,100 גרם,false,1,19.90,6.6333,true,1,313538
7290000100296,false,תערובת להכנת Smoothie ורוד תות ובננה,"סנפרוסט בע""\מ",IL,תערובת שייק תות בננה סמוטיז 300גר,גרמים,300.00,100 גרם,false,1,19.90,6.6333,true,1,317976
7290000100302,false,פול ירוק קלוף סנפרוסט 600 גרם,"סנפרוסט בע""\מ",IL,פול ירוק קלוף 600 גרם,גרמים,600.00,100 גרם,false,1,25.00,4.1667,true,1,316435
7290000100593,false,פרוסות אנטיפסטי לתנור סנפרוסט 600 גרם,"סנפרוסט בע""\מ",IL,פרוסות אנטיפסטי לתנור 600גר,גרמים,600.00,100 גרם,false,1,22.90,3.8167,true,1,321359
7290000100609,false,קוביות אנטיפסטי להקפצה סנפרוסט 600 גרם,"סנפרוסט בע""\מ",IL,קוביות אנטיפסטי להקפצה 600גר,גרמים,600.00,100 גרם,false,1,22.90,3.8167,true,1,321360
7290000101132,false,לקט קטניות לחמין סנפרוסט 800 גר,"סנפרוסט בע""\מ",IL,לקט לחמין 800 גרם סנפרוסט,גרמים,800.00,100 גרם,false,1,22.90,2.8625,true,1,300911
7290000101927,false,אוכמניות כחולות מוקפאות סנפרוסט 300 גרם,"איי, בי, אינבוו",IL,אוכמניות כחולות קפואות 300 גרם סנפרוסט,גרמים,300.00,100 גרם,false,1,19.90,6.6333,true,1,304246
7290000101934,false,מיקס פירות יער מוקפאות 300 ג' סנפרוסט,"סנפרוסט בע""\מ",IL,מיקס פירות יער קפוא 300 גרם סנפרוסט,גרמים,300.00,100 גרם,false,1,19.90,6.6333,true,1,304234
7290000101941,false,אננס חתוך מוקפא סנפרוסט 300ג',"סנפרוסט בע""\מ",IL,אננס קפוא 300 גרם סנפרוסט,גרמים,300.00,100 גרם,false,1,19.90,6.6333,true,1,304236
7290000101958,false,מנגו חתוך מוקפא סנפרוסט 300ג',"סנפרוסט בע""\מ",IL,מנגו קפוא 300 גרם סנפרוסט,גרמים,300.00,100 גרם,false,1,19.90,6.6333,true,1,304235
7290000103365,false,מרק ירקות עשיר סנפרוסט 550 גרם,"איי, בי, אינבוו",IL,מרק ירקות 560 גר סנפרוסט,גרמים,560.00,100 גרם,false,1,16.90,3.0179,true,1,233136
7290000103433,false,"לקט ירקות לתנור 800 גרם ""סנפרוסט""","איי, בי, אינבוו",IL,לקט ירקות לתנור 800 גרם סנפרוסט,גרמים,800.00,100 גרם,false,1,22.90,2.8625,true,1,299952
7290000103457,false,"מיני כרובית 600 גרם ""סנפרוסט""","סנפרוסט בע""\מ",IL,מיני כרובית 600 גרם,גרמים,600.00,100 גרם,false,1,16.90,2.8167,true,1,298751
7290000103471,false,מיני ברוקולי סנפרוסט 600 גרם,"סנפרוסט בע""\מ",IL,מיני ברוקלי 600 גרם,גרמים,600.00,100 גרם,false,1,16.90,2.8167,true,1,297184
7290000103488,false,"ארטישוק ירושלמי 400 גרם ""סנפרוסט""","סנפרוסט בע""\מ",IL,ארטישוק ירושלמי 400 גרם סנפרוסט,גרמים,400.00,100 גרם,false,1,22.90,5.7250,true,1,299954
7290000103730,false,לקט להקפצה עם פסטה פוזילי סנפרוסט 800 גרם,"איי, בי, אינבוו",IL,לקט להקפצה עם פסטה פוזילי 800 ג,גרמים,800.00,100 גרם,false,1,24.50,3.0625,true,1,227252
7290000103815,false,לקט להקפצה בסגנון תאילנדי סנפרוסט 800 גרם,"סנפרוסט בע""\מ",IL,לקט בסגנון תאילנדי להקפצה 800 גר,גרמים,800.00,100 גרם,false,1,24.50,3.0625,true,1,230021
7290000103822,false,ירקות שמלווים עוף סנפרוסט 800ג',"סנפרוסט בע""\מ",IL,לקט לעוף 800 ג,גרמים,800.00,100 גרם,false,1,22.90,2.8625,true,1,230347
7290000103839,false,מרק כתום עשיר בירקות סנפרוסט 570 גרם,"סנפרוסט בע""\מ",IL,מרק כתום 572 גר סנפרוסט,גרמים,572.00,100 גרם,false,1,16.90,2.9545,true,1,230414
7290000103846,false,מרק אפונה עשיר בירקות סנפרוסט 570 גרם,"סנפרוסט בע""\מ",IL,מרק אפונה 572 גר סנפרוסט,גרמים,572.00,100 גרם,false,1,16.90,2.9545,true,1,230413
7290000103860,false,מרק עדשים עשיר בירקות סנפרוסט 570 גרם,"איי, בי, אינבוו",IL,מרק עדשים 572 גר סנפרוסט,גרמים,572.00,100 גרם,false,1,16.90,2.9545,true,1,230412
7290000103877,false,מרק שעועית עשיר בירקות סנפרוסט 640 גרם,"סנפרוסט בע""\מ",IL,מרק שעועית 644 גר סנפרוסט,גרמים,644.00,100 גרם,false,1,16.90,2.6242,true,1,230411
7290000104072,false,עדשים ירוקות מבושלות מוקפאות 800 ג' סנפרוסט,"איי, בי, אינבוו",IL,עדשים ירוקות מבושלות 800 גר,גרמים,800.00,100 גרם,false,1,20.90,2.6125,true,1,228618
7290000104188,false,שעועית אדומה מבושלת סנפרוסט 800 גרם,"סנפרוסט בע""\מ",IL,שעועית אדומה מבושלת 800 גרם,גרמים,800.00,100 גרם,false,1,20.00,2.5000,true,1,227254
7290000104201,false,אפונה עדינה סנפרוסט 600 גרם,"איי, בי, אינבוו",IL,אפונה עדינה 600 גרם,גרמים,600.00,100 גרם,false,1,18.90,3.1500,true,1,220194
7290000104218,false,סנפרוסט במיה 600 גרם,"איי, בי, אינבוו",IL,במיה 600 גרם,גרמים,600.00,100 גרם,false,1,16.90,2.8167,true,1,220193
7290000104225,false,בצל קצוץ סנפרוסט 600 גרם,"סנפרוסט בע""\מ",IL,בצל קצוץ 600 גרם,גרמים,600.00,100 גרם,false,1,16.90,2.8167,true,1,220192
7290000104676,false,אפונה קפואה סנפרוסט 800 גרם,"איי, בי, אינבוו",IL,אפונה גינה 800 גרם,גרמים,800.00,100 גרם,false,1,18.50,2.3125,true,1,218261
7290000104683,false,שעועית ירוקה שלמה סנפרוסט 800 גרם,"סנפרוסט בע""\מ",IL,שעועית שלמה 800 גרם,גרמים,800.00,100 גרם,false,1,20.90,2.6125,true,1,216649
7290000104690,false,תירס גרעינים 800 גרם סנפרוסט,"איי, בי, אינבוו",IL,תירס גרעינים 800 גרם,גרמים,800.00,100 גרם,false,1,18.90,2.3625,true,1,218411
7290000104706,false,גזר גמדי סנפרוסט 800 גרם,"סנפרוסט בע""\מ",IL,גזר גמדי 800 גרם,גרמים,800.00,100 גרם,false,1,17.90,2.2375,true,1,218192
7290000104713,false,פול ירוק סנפרוסט 800 גרם,"איי, בי, אינבוו",IL,פול ירוק 800 גרם,גרמים,800.00,100 גרם,false,1,25.00,3.1250,true,1,217046
7290000104720,false,שעועית ירוקה חתוכה סנפרוסט 800 גרם,"סנפרוסט בע""\מ",IL,שעועית ירוקה חתוכה 800 גרם,גרמים,800.00,100 גרם,false,1,18.90,2.3625,true,1,216643
7290000104737,false,שעועית צהובה חתוכה סנפרוסט 800 גרם,"סנפרוסט בע""\מ",IL,שעועית צהובה חתוכה 800 גרם,גרמים,800.00,100 גרם,false,1,18.90,2.3625,true,1,216648
7290000104744,false,כרובית סנפרוסט 800 גרם,"סנפרוסט בע""\מ",IL,כרובית 800 גרם,גרמים,800.00,100 גרם,false,1,24.50,3.0625,true,1,217790
7290000104751,false,"כרוב ניצנים 800 גרם ""סנפרוסט""","איי, בי, אינבוו",IL,כרוב ניצנים 800 גרם,גרמים,800.00,100 גרם,false,1,24.90,3.1125,true,1,217789
7290000104768,false,תרד עלים סנפרוסט 800 ג ',"איי, בי, אינבוו",IL,תרד עלים 800 גרם,גרמים,800.00,100 גרם,false,1,24.90,3.1125,true,1,216618
7290000104775,false,תרד מדליונים סנפרוסט 800 גרם,"איי, בי, אינבוו",IL,תרד מדליונים 800 גרם,גרמים,800.00,100 גרם,false,1,24.90,3.1125,true,1,216617
7290000104799,false,שעועית לבנה מבושלת סנפרוסט 800 גרם,"איי, בי, אינבוו",IL,שעועית לבנה מבושלת 800 גרם,גרמים,800.00,100 גרם,false,1,19.90,2.4875,true,1,219451
7290000104805,false,גרגירי חומוס מבושלים סנפרוסט 800 גרם,"איי, בי, אינבוו",IL,גרגירי חומוס מבושל 800 גרם,גרמים,800.00,100 גרם,false,1,20.00,2.5000,true,1,219450
7290000104829,false,קלחי תירס חתוכים סנפרוסט 1 קילו,"סנפרוסט בע""\מ",IL,קלחוני תירס 1 קג,גרמים,1000.00,100 גרם,false,1,22.50,2.2500,true,1,220045
7290000104836,false,שעועית ירוקה עדינה שלמה סנפרוסט 600 גרם,"סנפרוסט בע""\מ",IL,שעועית עדינה שלמה 600 גרם,גרמים,600.00,100 גרם,false,1,22.50,3.7500,true,1,221419
7290000104874,false,ירקות לקוסקוס של אמא סנפרוסט 800ג',"סנפרוסט בע""\מ",IL,לקט לקוסקוס 800 גרם,גרמים,800.00,100 גרם,false,1,22.90,2.8625,true,1,219464
7290000104881,false,לקט אפונה וגזר סנפרוסט 800 גרם,"איי, בי, אינבוו",IL,אפונה וגזר 800 גרם,גרמים,800.00,100 גרם,false,1,17.90,2.2375,true,1,218263
7290000104904,false,לקט ירקות מעורבים סנפרוסט 800 גרם,"איי, בי, אינבוו",IL,לקט ירקות מעורבים 800 גרם,גרמים,800.00,100 גרם,false,1,22.90,2.8625,true,1,217655
7290000104911,false,לקט נורמנדי סנפרוסט 800 גרם,"איי, בי, אינבוו",IL,לקט נורמנדי 800 גרם,גרמים,800.00,100 גרם,false,1,22.90,2.8625,true,1,217657
7290000106175,false,"לקט כפרי סנפרוסט 2 ק""ג","סנפרוסט בע""\מ",IL,לקט כפרי 2 קג,גרמים,2000.00,100 גרם,false,1,36.90,1.8450,true,1,217656
7290000106526,false,ירקות מעורבים מוקפאים חגיגה ירוקה להקפצה,"איי, בי, אינבוו",IL,לקט חגיגה ירוקה 800גר להקפצה סנפרוסט,גרמים,800.00,100 גרם,false,12,24.50,3.0625,true,1,318314
7290000106533,false,קינואה עדשים וירקות סנפרוסט 800 גר,"סנפרוסט בע""\מ",IL,לקט קינואה עדשים וירקות 800גר סנפרוסט,גרמים,800.00,100 גרם,false,12,24.50,3.0625,true,1,318317
7290000107165,false,חטיף סויה אדממה סנפרוסט 400 גרם,"איי, בי, אינבוו",IL,חטיף פולי סויה מנצו קפוא 400ג,גרמים,400.00,100 גרם,false,1,15.90,3.9750,true,1,222179
7290000107189,false,תחתיות ארטישוק סנפרוסט 400 גרם,"איי, בי, אינבוו",IL,ארטישוק תחתיות 400 גרם,גרמים,400.00,100 גרם,false,1,21.90,5.4750,true,1,218286
7290000107295,false,תפרחות ברוקולי סנפרוסט 800 גרם,"איי, בי, אינבוו",IL,ברוקלי תפרחת 800 גרם,גרמים,800.00,100 גרם,false,1,24.90,3.1125,true,1,218108
7290000107615,false,ירקות ואננס להקפצה מנה אסייתית צבעונית ועשירה,"איי, בי, אינבוו",IL,מנה אסייטית צבעונית ועשירה 800גר סנפרוסט,גרמים,800.00,100 גרם,false,12,24.50,3.0625,true,1,318315
7290000107622,false,ירקות ופסטה א-לה איטליה סנפרוסט 800 גרם,"איי, בי, אינבוו",IL,לקט פסטה וירקות א-לה איטליה 800גר סנפרוס,גרמים,800.00,100 גרם,false,12,24.50,3.0625,true,1,318316
7290000107677,false,שעועית צהובה עדינה 600גר,"סנפרוסט בע""\מ",IL,שעועית עדינה שלמה צהובה 600 גרם,גרמים,600.00,100 גרם,false,1,22.50,3.7500,true,1,232253
7290000110844,false,"כיפלי בטעם גריל 70 גרם-בד""ץ",יוניליור ישראל מזון,IL,כיפלי גריל בדצ 70ג*30,Unknown,0.00,Unknown,false,30,6.50,0.0000,true,1,218753
7290000110851,false,חטיף כיפלי בטעם בצל 70גר,אתר שפע - Food,IL,כיפלי בצל בדצ 70ג*30 BP,Unknown,0.00,Unknown,false,30,6.50,0.0000,true,1,218752
7290000111063,false,מיונז תלמה אמיתי250 גרם,יוניליוור ישראל מזון בע\,IL,מיונז תלמה 250גר 12x,גרמים,250.00,100 גרם,false,12,7.50,3.0000,true,1,217505
7290000111117,false,מרכך כביסה לבן בדין 4 ליטר,יוניליור ישראל טיפוח איש,IL,מרכך בדין 4 ליטר לבן,ליטרים,4.00,ליטר,false,1,22.90,5.7250,true,1,220185
7290000111186,false,"מיונז אמיתי תלמה 500 גרם בד""צ",יוניליוור ישראל מזון בע\,IL,מיונז תלמה 500גר 12x,גרמים,500.00,100 גרם,false,12,10.90,2.1800,true,1,217506
7290000111353,false,"מיונז אמיתי תלמה 1 ק""ג",יוניליוור ישראל מזון בע\,IL,מיונז 1קג 6x,קילוגרמים,1.00,"ק""ג",false,6,19.90,19.9000,true,1,217504
7290000111360,false,"חרדל אמיתי תלמה 250 גרם בד""צ",יוניליוור ישראל מזו,IL,חרדל תלמה 250גר 12x,גרמים,250.00,100 גרם,false,12,7.90,3.1600,true,1,217917
7290000111384,false,חרדל אמיתי בצנצנת 550 ג' תלמה,יוניליוור ישראל מזו,IL,חרדל תלמה 550גר 12x,גרמים,550.00,100 גרם,false,12,10.90,1.9818,true,1,216589
7290000112220,false,טחינה גולמית שומשום טהור בארכה 500 גרם,"רושדי תעשיות מזון בע""\מ",IL,טחינה בארכה 100%שומשום 500 ג,גרמים,500.00,100 גרם,false,1,14.90,2.9800,true,1,217708
7290000112497,false,מרק עשיר עוף אטריות קנור 75 גרם - שקיות,יוניליוור ישראל מזון בע\,IL,מרק קנור עשיר עוף עם אטריות 68 גר,Unknown,0.00,Unknown,false,1,10.00,0.0000,true,1,218340
7290000112503,false,מרק עשיר ירקות קנור 69 גרם - שקיות,יוניליוור ישראל מזון בע\,IL,מרק קנור עשיר ירקות כפרי 61 גרם,Unknown,0.00,Unknown,false,1,10.00,0.0000,true,1,218339
7290000112619,false,מרק עוף לתיבול והעשרה קנור 400 ג',יוניליוור ישראל מזון בע\,IL,מרק עוף קנור אמיתי 400 גרם,גרמים,400.00,100 גרם,false,1,19.90,4.9750,true,1,218337
7290000113180,false,"כיפלי צ'יפס בד""צ תלמה 50 ג'",יוניליור ישראל מזון,IL,כיפלי ציפס בדצ 50ג*30 BP,Unknown,0.00,Unknown,false,30,5.50,0.0000,true,1,220592
7290000114187,false,פנטסטיק נוזל לניקוי כללי אורנים 4 ליטר,סיף פנטסטיק Cif Fantastic,IL,נוזל לניקוי כללי סיף 4 ל אורנים,ליטרים,4.00,ליטר,false,1,19.90,4.9750,true,1,220358
7290000116204,false,"אבקת מרק דגש בטעם עוף 1ק""ג קנור",יוניליוור ישראל מזון בע\,IL,קנור דגש בטעם עוף בדצ 1קגx10,קילוגרמים,1.00,"ק""ג",false,10,16.90,16.9000,true,1,217435
7290000116884,false,"רוטב ברביקיו קנור 300 גרם בד""צ",יוניליוור ישראל מזון בע\,IL,רוטב קנור ברביקיו 340 גר,גרמים,340.00,100 גרם,false,1,12.90,3.7941,true,1,220635
7290000116921,false,רוטב צ'ילי מתוק 340 גרם קנור,יוניליוור ישראל מזון בע\,IL,רוטב קנור צילי מתוק 340 מל,מיליליטרים,340.00,"100 מ""ל",false,1,12.90,3.7941,true,1,220634
7290000116945,false,"רוטב סויה קלאסי קנור בד""צ 350 גרם",יוניליוור ישראל מזון בע\,IL,רוטב סויה קנור 300 מל,מיליליטרים,300.00,"100 מ""ל",false,1,12.90,4.3000,true,1,220633
7290000117171,false,מרק טעם עוף דל קלוריות 48 גרם-קופסא,יוניליוור ישראל מזון,IL,קנור מ.ט.עוף דל קל בדצ 48ג6X2,גרמים,48.00,100 גרם,false,12,7.60,15.8333,true,1,217436
7290000117720,false,נמס בכוס פטריות קנור 21.5 גרם מארז זוגי,יוניליוור ישראל מזון בע\,IL,נמס בכוס זוג פטריות 2*21.5ג,Unknown,0.00,Unknown,false,72,6.90,0.0000,true,1,217484
7290000118277,false,כופתאות מצה להכנת מהירה 65 ג' קנור,יוניליוור ישראל מזון בע\,IL,קניידל 65גר 4x6x2x,גרמים,130.00,100 גרם,false,24,12.90,9.9231,true,1,216802
7290000119009,false,דג פילה הרינג כבוש ב,,,דג פילה הרינג כבוש במשקל,קילוגרמים,1.00,"ק""ג",true,,50.00,50.0000,true,1,307530
7290000119214,false,סטייק סלמון עישון קר,,,סטייק סלמון עישון קר במשקל,קילוגרמים,1.00,"ק""ג",true,,140.00,140.0000,true,1,307537
7290000119221,false,פילה סלמון עישון קר,,,פילה סלמון עישון קר במשקל,קילוגרמים,1.00,"ק""ג",true,,175.00,175.0000,true,1,307538
7290000119283,false,דג קיפרס בעישון קר ב,,,דג קיפרס בעישון קר במשקל,קילוגרמים,1.00,"ק""ג",true,,60.00,60.0000,true,1,307544
7290000119344,false,דג פלמידה עישון קר פ,,,דג פלמידה עישון קר פרוסה בשמן,קילוגרמים,1.00,"ק""ג",true,,99.00,99.0000,true,1,307894
7290000120836,false,"מיונז אמיתי 394 גרם ""הלמנס""",קונפקו אינק' די.בי.א,CA,מיונז הלמנס אמיתי 394 גר,גרמים,394.00,100 גרם,false,1,12.90,3.2741,true,1,218023
7290000120874,false,מיונז הלמנס לייט מופחת קלוריות 424ג,"יונילוור ארה""ב - HPC",US,מיונז הלמנס לייט 424 גרם,גרמים,424.00,100 גרם,false,1,12.90,3.0425,true,1,217507
7290000121017,false,שומרון גבינה מותכת 7% 120 גרם,שלושת האופים,IL,גבינת שומרון 120 גרם,גרמים,120.00,100 גרם,false,12,10.00,8.3333,true,1,218177
7290000121031,false,החתול המחייך גבינה מותכת 14% מון בלאן 120 גרם,שלושת האופים,IL,גבינת חתול 120 גרם,גרמים,120.00,100 גרם,false,12,10.00,8.3333,true,1,218168
7290000121079,false,גבינה מותכת למריחה עם שום שמיר 9% מון בלאן 120 גרם,שלושת האופים,IL,גבינה מון בלאן שמיר 120 גרם,גרמים,120.00,100 גרם,false,12,10.00,8.3333,true,1,218162
7290000121093,false,גבינה מותכת לייט בטעם שוויצרי 7% מון בלאן 120 גר',האי נאם סי או אל.טי.,IL,גבינה מון בלאן שוויצרית 120 גרם,גרמים,120.00,100 גרם,false,12,10.00,8.3333,true,1,218161
7290000121109,false,גבינה מותכת לייט עם זיתים 7% מון בלאן 120 גרם,האי נאם סי או אל.טי.,IL,גבינה מון בלאן זיתים 120 גרם,גרמים,120.00,100 גרם,false,12,10.00,8.3333,true,1,218160
7290000121147,false,גבינה מותכת לייט בטעם פיקנטי 7% מון בלאן 120 גרם,"שלושת האופים בע""מ",IL,מון בלאן פיקנטי 120 גרם,גרמים,120.00,100 גרם,false,12,10.00,8.3333,true,1,217684
7290000121154,false,גבינה מותכת לייט עם סלמון 7% מון בלאן 120 גרם,האי נאם סי או אל.טי.,IL,גבינת מון בלאן סלומון 120 גרם,גרמים,120.00,100 גרם,false,12,10.00,8.3333,true,1,218169
7290000121239,false,מיוקל 5% שומן ללא כולסטרול תלמה 500ג',יוניליוור ישראל מזון בע\,IL,מיוקל 5% שומן ללא כולסטרול 500,גרמים,500.00,100 גרם,false,12,12.90,2.5800,true,1,221296
7290000123363,false,"צימקאו לציפוי ואפיה אפיכל 500 גרם בד""צ",אתר צפת ממרחים וצימא,IL,שוקולד צמקאו 500 גרם,גרמים,500.00,100 גרם,false,1,14.90,2.9800,true,1,216938
7290000125251,false,שמפו לכביסה עדינה בדין 2 ליטר,"זוהר דליה, קיבוץ דליה, 1",IL,שמפו לכביסה עדינה 2ל,ליטרים,2.00,ליטר,false,6,26.90,13.4500,true,1,221563
7290000129457,false,אבקת רוטב פטריות קנור 28 ג' שקית,יוניליוור ישראל מזון בע\,IL,קנור אבקת רוטב פטריות 28גר בדצ,Unknown,0.00,Unknown,false,144,4.90,0.0000,true,1,222107
7290000129785,false,מרכך כביסה ירוק בדין 4 ליטר,יוניליור ישראל טיפוח איש,IL,מרכך בדין 4 ליטר ירוק,ליטרים,4.00,ליטר,false,1,22.90,5.7250,true,1,219981
7290000130248,false,קמח מצות 500 גרם חמץ,מצות אביב,IL,קמח מצה רגיל 500 גר,גרמים,500.00,100 גרם,false,1,6.00,1.2000,true,1,294925
7290000130255,false,קמח מצה 500 גר בשקית פסח,מצות אביב 2014 מאפה בעמ,IL,קמח מצה 500 ג שקית אביב,גרמים,500.00,100 גרם,false,1,6.50,1.3000,true,1,221635
7290000130545,false,החמישיה מצה 2.5קג לפסח,מצות אביב 2014 מאפה בעמ,IL,מצות אביב 2.5 קג,גרמים,2500.00,100 גרם,false,1,25.00,1.0000,true,1,221630
7290000134338,false,אבקת שום בקופ' 90 גר' טעם וריח,"תבליני טעם וריח בע""מ",IL,אבקת שום 90 ג מיכל גדול,Unknown,0.00,Unknown,false,1,9.90,0.0000,true,1,218363
7290000134550,false,עלי דפנה 20 גר' טעם וריח,"תבליני טעם וריח בע""מ",IL,עלי דפנה 20 גר שקית,גרמים,20.00,100 גרם,false,1,6.50,32.5000,true,1,216657
7290000134666,false,רוזמרין 15 גר מיכל ק,תות ממתקי איכות,IL,רוזמרין 15 גר מיכל קטן,Unknown,0.00,Unknown,false,1,6.90,0.0000,true,1,223376
7290000134994,false,טימין 20 גר מיכל קטן,"תבליני טעם וריח בע""מ",IL,טימין 20 גר מיכל קטן,Unknown,0.00,Unknown,false,1,6.90,0.0000,true,1,223375
7290000135045,false,"XL TEN משקה אנרגיה פתוח ללא סוכר 250 מ""ל","טמפו משקאות בע""\מ",IL,משקה אנרגיה אקס אל תן תפוח 250מל פקדון,מיליליטרים,250.00,"100 מ""ל",false,24,4.90,1.9600,true,1,317425
7290000135052,false,"XL TEN משקה אנרגיה מנגו ללא סוכר 250 מ""ל","טמפו משקאות בע""\מ",IL,משקה אנרגיה אקס אל תן מנגו 250מל פקדון,מיליליטרים,250.00,"100 מ""ל",false,24,4.90,1.9600,true,1,317426
7290000135113,false,"משקה אנרגיה XL פחית ten נענע ליים 250 מ""ל","טמפו משקאות בע""\מ",IL,משקה אנרגיה אקס אל טן 250מל פקדון,מיליליטרים,250.00,"100 מ""ל",false,1,4.90,1.9600,true,1,320698
7290000135137,false,סודה נגיעות אפרסק 1.5 ליטר*4 יח',טמפו 7.5%,IL,מארז 4יח סודה אפרסק 1.5ליטר טמפו,ליטרים,6.00,ליטר,false,1,9.90,1.6500,true,1,320697
7290000135311,false,פפסי קולה ליים 1.5 ללא סוכר,"טמפו משקאות בע""\מ",IL,משקה פפסי מקס ליים 1.5 ליטר בק.פקדון,ליטרים,1.50,ליטר,false,1,8.50,5.6667,true,1,322727
7290000135465,false,"מי סודה 500 מ""ל - מארז 12 בקבוקים","טמפו משקאות בע""\מ",IL,מי סודה טמפו 12יחידות 500 מל בק. פקדון,מיליליטרים,6000.00,"100 מ""ל",false,4,28.90,0.4817,true,1,327957
7290000135595,false,פפסי מקס בטעם דובדבן 1.5 ללא סוכר,"טמפו משקאות בע""\מ",IL,משקה פפסי מקס דובדבן 1.5ליטר בק.פקדון,ליטרים,1.50,ליטר,false,1,8.50,5.6667,true,1,327781
7290000135694,false,מירנדה פטל לימון מיק,טמפו,IL,מירנדה פטל לימון מיקס איט 500מל פקדון,מיליליטרים,500.00,"100 מ""ל",false,1,5.90,1.1800,true,1,329322
7290000135717,false,"מארז פפסי מקס - דובדבן 500 מ""ל*6 יח' בקבוק",טמפו,IL,פפסי מקס דובדבן 6יח 500מל בק. פקדון,מיליליטרים,3000.00,"100 מ""ל",false,4,23.90,0.7967,true,1,327961
7290000136257,false,פאנק טוניק גזוז בטעם פירות,"טמפו משקאות בע""\מ",IL,פאנק טוניק 1.5 ליטר בק.פקדון טמפו,ליטרים,1.50,ליטר,false,1,10.90,7.2667,true,1,333367
7290000136264,false,מי טוניק גזוז 1.5 ל' טמפו,"טמפו משקאות בע""\מ",IL,מי טוניק 1.5ליטר בק.פקדון טמפו,ליטרים,1.50,ליטר,false,1,10.90,7.2667,true,1,333366
7290000136288,false,"סירופ בטעם תפוחים ג'ויסר סיידר הגליל 330 מ""ל","טמפו משקאות בע""\מ",IL,סיידר סירופ תפוח 330מל גוסר,מיליליטרים,330.00,"100 מ""ל",false,1,15.90,4.8182,true,1,336093
7290000136295,false,"סירופ בטעם פטל ג'ויסר סיידר הגליל 330 מ""ל","טמפו משקאות בע""\מ",IL,סיידר סירופ פטל 330מל גוסר,מיליליטרים,330.00,"100 מ""ל",false,1,15.90,4.8182,true,1,336094
7290000136301,false,"סירופ בטעם ענבים ג'ויסר סיידר הגליל 330 מ""ל","טמפו משקאות בע""\מ",IL,סיידר סירופ ענבים 330מל גוסר,מיליליטרים,330.00,"100 מ""ל",false,1,15.90,4.8182,true,1,336095
7290000136431,false,משקה בטעם אפרסק צלול תריסר 1.5 ל' ג'אמפ,"טמפו משקאות בע""\מ",IL,משקה גאמפ 1.5ליטר אפרסק צלול בק.פקדון,ליטרים,1.50,ליטר,false,1,7.90,5.2667,true,1,333343
7290000136455,false,משקה בטעם אשכוליות תריסר 1.5 ל' ג'אמפ,"טמפו משקאות בע""\ם.",IL,משקה גאמפ 1.5ליטר אשכוליות בק.פקדון,ליטרים,1.50,ליטר,false,1,7.90,5.2667,true,1,333338
7290000136486,false,משקה בטעם אשכוליות דיאט תריסר 1.5 ל' ג'אמפ,"טמפו משקאות בע""\ם.",IL,משקה גאמפ 1.5ליטר דיאט אשכולית בק.פקדון,ליטרים,1.50,ליטר,false,1,7.90,5.2667,true,1,333341
7290000136516,false,משקה בטעם מנגו פסיפלורה תריסר 1.5 ל' ג'אמפ,טמפו משקאות בעמ,IL,משקה גאמפ 1.5ליטר מנגו פסיפלורה בק.פקדון,ליטרים,1.50,ליטר,false,1,7.90,5.2667,true,1,333337
7290000136523,false,משקה בטעם ענבים תריסר 1.5 ל' ג'אמפ,"טמפו משקאות בע""\ם.",IL,משקה גאמפ 1.5ליטר ענבים בק.פקדון,ליטרים,1.50,ליטר,false,1,7.90,5.2667,true,1,333339
7290000136561,false,משקה בטעם תות בננה תריסר 1.5 ל' ג'אמפ,"טמפו משקאות בע""\מ",IL,משקה גאמפ 1.5ליטר תות בננה בק.פקדון,ליטרים,1.50,ליטר,false,1,7.90,5.2667,true,1,333340
7290000136585,false,משקה בטעם תפוזים תריסר 1.5 ל' ג'אמפ,"טמפו משקאות בע""\ם.",IL,משקה גאמפ 1.5ליטר תפוזים בק.פקדון,ליטרים,1.50,ליטר,false,1,7.90,5.2667,true,1,333333
7290000136608,false,משקה בטעם תפוח צלול תריסר 1.5 ל' ג'אמפ,"טמפו משקאות בע""\ם.",IL,משקה גאמפ 1.5ליטר תפוח צלול בק.פקדון,ליטרים,1.50,ליטר,false,1,7.90,5.2667,true,1,333342
7290000136646,false,בירה נשר מאלט ללא אלכוהול 1.5 ליטר,"טמפו משקאות בע""\מ",IL,בירה נשר מאלט 1.5ליטר בק. פקדון,ליטרים,1.50,ליטר,false,1,9.20,6.1333,true,1,333368
7290000136653,false,דיאט נשר מאלט ללא אלכוהול 1.5 ליטר,"טמפו משקאות בע""\מ",IL,בירה דיאט נשר מאלט 1.5ליטר בק. פקדון,ליטרים,1.50,ליטר,false,1,9.20,6.1333,true,1,333369
7290000136660,false,סודה טמפו ליטר וחצי,טמפו,IL,סודה 1.5ליטר ב.פקדון טמפו,ליטרים,1.50,ליטר,false,1,3.80,2.5333,true,1,333851
7290000136677,false,פפסי קולה פיקדון 1.5 ליטר,טמפו,IL,משקה פפסי קולה 1.5ליטר בק.פקדון,ליטרים,1.50,ליטר,false,6,8.90,5.9333,true,1,334047
7290000136684,false,פפסי מקס משקה מוגז דל קלוריות בטעם קולה,טמפו,IL,משקה פפסי מקס 1.5 ליטר בק.פקדון,ליטרים,1.50,ליטר,false,1,8.50,5.6667,true,1,333855
7290000136691,false,מארז שישייה סבן אפ 1.5 ל',סבן אפ 7up,IL,מארז 6יח סבן אפ 1.5ליטר בק. פקדון,ליטרים,9.00,ליטר,false,1,39.90,4.4333,true,1,333351
7290000136707,false,טמפו מירינדה 1.5 ליטר,טמפו,IL,משקה מירינדה 1.5ליטר בק.פקדון,ליטרים,1.50,ליטר,false,6,8.90,5.9333,true,1,334694
7290000136752,false,סבן אפ דיאט מארז שישייה 1.5 ל' FREE,"טמפו משקאות בע""\מ",IL,מארז 6יח דיאט סבן אפ 1.5ליטר בק.פקדון,ליטרים,9.00,ליטר,false,1,37.90,4.2111,true,1,333352
7290000136769,false,מארז שישיה בטעם קולה 1.5 ל' פפסי,"טמפו משקאות בע""\מ",IL,מארז 6יח פפסי קולה 1.5ליטר בק.פקדון,ליטרים,9.00,ליטר,false,1,39.90,4.4333,true,1,333349
7290000136776,false,שישיית פפסי מקס דל קלוריות 1.5 ליטר,פפסי Pepsi,IL,מארז 6יח פפסי מקס 1.5ליטר בק.פקדון,ליטרים,9.00,ליטר,false,1,41.90,4.6556,true,1,333353
7290000136783,false,מארז שישייה מרינדה 1.5 ל',"טמפו משקאות בע""\מ",IL,מארז 6יח מירינדה 1.5ליטר בק. פקדון,ליטרים,9.00,ליטר,false,1,39.90,4.4333,true,1,333350
7290000136790,false,שישיית מי סודה טמפו 1.5 ליטר,"טמפו משקאות בע""\מ",IL,מארז 6יח סודה 1.5ליטר בק.פקדון טמפו,ליטרים,9.00,ליטר,false,1,17.70,1.9667,true,1,333360
7290000136806,false,מארז סודה רביעייה לימון ליים 1.5 ל' טמפו,טמפו משקאות בעמ,IL,מארז 4יח סודה למון ליים 1.5ליטר בק.פקדון,ליטרים,6.00,ליטר,false,1,11.90,1.9833,true,1,333357
7290000136813,false,סודה בטעם אננס מארז רביעייה 1.5 ל' טמפו,טמפו משקאות בע''מn\,IL,מארז 4יח סודה אננס 1.5ליטר בק.פקדון,ליטרים,6.00,ליטר,false,1,11.90,1.9833,true,1,333358
7290000136820,false,סודה בטעם פירות יער מארז ריבעיה * 1.5 ל' טמפו,טמפו משקאות בע''מn\,IL,מארז 4יח סודה פירות יער 1.5ליטר בק.פקדון,ליטרים,6.00,ליטר,false,1,11.90,1.9833,true,1,333359
7290000136837,false,רביעיית מי סודה נגיעות אפרסק טמפו 1.5 ליטר,טמפו משקאות בע''מn\,IL,מארז 4יח סודה אפרסק 1.5ליטר בק.פקדון,ליטרים,6.00,ליטר,false,1,11.90,1.9833,true,1,333356
7290000136844,false,מארז מים מזוככים אקווה נובה שישיית 2 ליטר,"טמפו משקאות בע""\מ",IL,מארז 6 יח מים אקווה נובה 2ליטר בק.פקדון,ליטרים,12.00,ליטר,false,1,13.90,1.1583,true,1,333371
7290000136851,false,סבן אפ פיקדון 1.5 ליטר,טמפו,IL,משקה סבן אפ 1.5ליטר בק.פקדון,ליטרים,1.50,ליטר,false,6,8.90,5.9333,true,1,333974
7290000136868,false,סאן בנדטו - מים מינרלים - מארז שישיית 1.5 ליטר,אקווה מינרלה סאן בנדטו ב,IT,מארז 6יח מים סאן בנדטו 1.5ליטר בק.פקדון,ליטרים,9.00,ליטר,false,1,17.90,1.9889,true,1,333354
7290000136875,false,שישיית מים מינרליים מוגזים סן בנדטו 1.5 ליטר,סאן בנדטו San Benedetto,IT,מארז 6יח מים סאן בנדטו מוגז1.5ל בק.פקדון,ליטרים,9.00,ליטר,false,1,18.90,2.1000,true,1,333355
7290000136899,false,סודה לימון ליים 1.5 ל' טמפו,טמפו,IL,סודה לימון ליים 1.5 ליטר פקדון,ליטרים,1.50,ליטר,false,1,4.80,3.2000,true,1,333886
7290000136905,false,סודה טמפו אננס 1.5 ליטר-,,IL,סודה אננס 1.5 ליטר פקדון,ליטרים,1.50,ליטר,false,1,4.80,3.2000,true,1,333887
7290000136936,false,סבן אפ דיאט בקבוק 1.,טמפו,IL,משקה דיאט סבן אפ 1.5 ליטר בק.פקדון,ליטרים,1.50,ליטר,false,1,8.50,5.6667,true,1,333787
7290000137513,false,גלידונית גלידה וניל בציפוי שוקולד 60 יח' קרמיסימו,"גלידת שטראוס בע""\מ, רחוב",IL,גלידונית שוקו וניל מצופה 60 יח,גרמים,700.00,100 גרם,false,1,44.90,6.4143,true,1,218197
7290000137643,false,שלגוני טעמקור בטעם שוקו וניל שטראוס 8*50 גרם,"גלידת שטראוס בע""\מ, רחוב",IL,מאגדת טעמקור 8 יח,גרמים,400.00,100 גרם,false,1,34.90,8.7250,true,1,217723
7290000139104,false,שלווה חיטה תפוחה מתוקה אשבול 230 גרם,"אשב""ל בע""מ",IL,חטיף שלווה חיטה תפוחה 230 גר,גרמים,230.00,100 גרם,false,1,8.90,3.8696,true,1,331768
7290000139180,false,שלווה חיטה מלאה תפוחה אשבול 140 גרם,אשבל מזון פונקציונלי,IL,חטיף שלווה חיטה תפוחה 140 גר,גרמים,140.00,100 גרם,false,24,8.90,6.3571,true,1,243602
7290000139227,false,דגן לבן משפחתי 150 גר' אשבול,אשבל מזון פונקציונלי,IL,חטיף תירס תפוח ממותק 150 ג,גרמים,150.00,100 גרם,false,24,8.90,5.9333,true,1,331770
7290000139258,false,שלווה דבש וסוכר חום אשבול 200 גרם,אשבל מזון פונקציונלי,IL,שלווה חיטה תפוחה סוכר חום ודבש200 גרם,גרמים,200.00,100 גרם,false,24,8.90,4.4500,true,1,331769
7290000143187,false,"הוואי שמפו 2 ב 1 לגבר 700 מ""ל",שוורצקוף& הנקל דיסלד,IL,הוואי שמפו + מרכך לגבר 700 מל,מיליליטרים,700.00,"100 מ""ל",false,12,8.90,1.2714,true,1,219453
7290000143194,false,"הוואי שמפו+מרכך 2 ב 1 לשיער רגיל 700 מ""ל",טרופיקל דגיל בעמ,IL,הוואי שמפו + מרכך לשיער רגיל 700 מל,מיליליטרים,700.00,"100 מ""ל",false,12,8.90,1.2714,true,1,219455
7290000143200,false,"הוואי - מרכך לשיער יבש 700 מ""ל",שוורצקוף& הנקל דיסלד,IL,הוואי מרכך לשיער יבש 700 מל,מיליליטרים,700.00,"100 מ""ל",false,12,8.90,1.2714,true,1,219454
7290000143255,false,"שמפו הוואי לשיער רגיל 700 מ""ל",שוורצקוף& הנקל דיסלד,IL,הוואי שמפו לשיער רגיל 700 מל,מיליליטרים,700.00,"100 מ""ל",false,12,8.90,1.2714,true,1,220169
7290000143262,false,"שמפו הוואי לילדים 700 מ""ל",שוורצקוף& הנקל דיסלד,IL,הוואי שמפו לילדים 700 מל,מיליליטרים,700.00,"100 מ""ל",false,12,8.90,1.2714,true,1,220173
7290000143286,false,"הוואי מרכך לשיער רגיל 700 מ""ל",טרופיקל דגיל קוסמטיק,IL,הוואי מרכך לשיער רגיל 700 מל,מיליליטרים,700.00,"100 מ""ל",false,12,8.90,1.2714,true,1,220172
7290000144160,false,"שמן זית כתית מעולה ארומתי עץ הזית 750 מ""ל","מרקאולאו, ספרד.אבסה,",IT,שמן זית מודגש עץ הזית750מל,מיליליטרים,750.00,"100 מ""ל",false,1,33.90,4.5200,true,1,311361
7290000144467,false,שמן חמניות מועשר בנוגדי חמצון 1 ל' עץ הזית,"נארז ע""י : א.ג. גילר",GR,שמן חמניות בריאות עץ הזית 1 ליטר,ליטרים,1.00,ליטר,false,1,15.90,15.9000,true,1,216774
7290000144474,false,שמן עץ הזית קנולה 1 ליטר בריאות מהטבע,שמן תעשיות בעמ,EE,שמן קנולה בריאות עץ הזית 1 לי,ליטרים,1.00,ליטר,false,1,15.90,15.9000,true,1,216824
7290000146645,false,הוואי - סבון מוצק שחור מסתורי 100 גרם רביעייה,טרופיקל דגיל קוסמטיק,IL,סבון הוואי מוצק רביעיה שחור,גרמים,400.00,100 גרם,false,1,11.90,2.9750,true,1,221096
7290000146676,false,הוואי - סבון מוצק לגבר 100 גרם רביעייה,טרופיקל דגיל קוסמטיק,PL,סבון ההואי מוצק רביעיה גבר,גרמים,400.00,100 גרם,false,1,11.90,2.9750,true,1,221168
7290000146683,false,הוואי - סבון מוצק אפקט דאודורנט 100 גרם רביעייה,טרופיקל דגיל קוסמטיק,PL,סבון ההואי מוצק רביעיה דאודורנט,Unknown,0.00,Unknown,false,1,11.90,0.0000,true,1,221097
7290000146928,false,"משחת שיניים לילדים בטעם ענבים טום וג'רי 50 מ""ל",טרופיקל דגיל קוסמטיק,IL,טום&גרי משחת שיניים ענבים 60 מל,גרמים,60.00,100 גרם,false,24,7.90,13.1667,true,1,221749
7290000146997,false,משחת שיניים לילדים מסטיק טום וג'רי 50 מל,טרופיקל דגיל קוסמטיק,IL,טום&גרי משחת שיניים מסטיק 60 מל,גרמים,60.00,100 גרם,false,24,7.90,13.1667,true,1,220658
7290000149615,false,רביעיית סבון מוצק קלאסי לתינוק נקה 7 4*100 גרם,גליל כימיקלים בעממשו,IL,מארז 4 יח סבון נקה 7 מוצק לתינוק,גרמים,400.00,100 גרם,false,1,11.90,2.9750,true,1,224072
7290000149851,false,סבון לניקוי והסרת כתמים סינטבון 460 גרם,יבואן ומשווק: ש. שסט,IL,סינטבון חתול כפול,יחידה,2.00,יחידה,false,1,11.90,5.9500,true,1,221393
7290000149905,false,טקסטיל נוזל לכביסה עדינה נקה 1 ליטר,מיוצר עי קונדיטוריית,IL,טקסטיל שמפו 1 ליטר,ליטרים,1.00,ליטר,false,1,16.90,16.9000,true,1,217725
7290000150277,false,פסטרמה חזה הודו ברבי,עיצובים 2020 (4.9),,חזה הודו צלוי ברביקיו במשקל,קילוגרמים,1.00,"ק""ג",true,,69.00,69.0000,true,1,217857
7290000150352,false,פסטרמה איטלקית במשקל,עיצובים 2020 (4.9),IL,פסטרמה איטלקית במשקל,קילוגרמים,1.00,"ק""ג",true,,69.00,69.0000,true,1,219124
7290000150369,false,פסטרמה מקסיקנית צ'לי-משק,עיצובים 2020 (4.9),IL,פסטרמה מקסיקנית במשקל,קילוגרמים,1.00,"ק""ג",true,,69.00,69.0000,true,1,221651
7290000150451,false,נקניק סלמי איטלקי עו,קריות זול,IL,נקניק סלמי איטלקי במשקל,קילוגרמים,1.00,"ק""ג",true,,59.00,59.0000,true,1,217385
7290000150468,false,פסטרמה רומנית הודו א,עיצובים 2020 (4.9),IL,פסטרמה רומנית במשקל,קילוגרמים,1.00,"ק""ג",true,,69.00,69.0000,true,1,217122
7290000150642,false,כתף בקר מעושן עוף טו,עיצובים 2020 (4.9),IL,כתף בקר מעושן במשקל,קילוגרמים,1.00,"ק""ג",true,,79.00,79.0000,true,1,217128
7290000150956,false,עוף טוב מקלוני קבנוס 160 גרם,מוצרי עוף טוב (2001) בע\,IL,מקלוני קבנוס עוף טוב 160 גרם,גרמים,160.00,100 גרם,false,12,10.90,6.8125,true,1,228915
7290000150963,false,פסטרמה גמבו מעושן במ,עיצובים 2020 (4.9),IL,פסטרמה גמבו מעושן במשקל,קילוגרמים,1.00,"ק""ג",true,,69.00,69.0000,true,1,217126
7290000151052,false,פסטרמה בדבש עוף-טוב,עיצובים 2020 (4.9),,חזה הודו בדבש במשקל,קילוגרמים,1.00,"ק""ג",true,,69.00,69.0000,true,1,217854
7290000151106,false,פסטרמה אמריקאית במשקל,עיצובים 2020 (4.9),IL,פסטרמה אמריקאית במשקל,קילוגרמים,1.00,"ק""ג",true,,69.00,69.0000,true,1,217121
7290000152288,false,עוף טוב נקניקיות עוף מיס לוסי 400 גרם,מוצרי עוף טוב (2001) בע\,IL,נקניקיות עוף עוף טוב 400 גר,גרמים,400.00,100 גרם,false,12,15.00,3.7500,true,1,217281
7290000152943,false,מארז פסטרמה כפרית וסלמי כפרי עוף טוב 2*350 גרם,מוצרי עוף טוב (2001) בע\,IL,מארז פסטרמה+סלמי 700 גר,גרמים,700.00,100 גרם,false,6,25.90,3.7000,true,1,230072
7290000153445,false,קציצות בקר מתובלות 100% רכיבים טבעיים,מולינו ניקולי s.p.a,IL,קציצות בקר מתובלות עוף טוב 500 גר,גרמים,500.00,100 גרם,false,14,29.90,5.9800,true,1,230898
7290000153469,false,קציצות עוף קלאסיות 100% רכיבים טבעיים,"מוצרי עוף טוב (2001) בע""",IL,קציצות עוף קלאסיות עוף טוב 600 גר,גרמים,600.00,100 גרם,false,14,29.90,4.9833,true,1,230900
7290000155524,false,פסטרמה פולנית עוף טו,עיצובים 2020 (4.9),IL,פסטרמה פולנית במשקל,קילוגרמים,1.00,"ק""ג",true,,69.00,69.0000,true,1,222538
7290000156545,false,פסטרמה מקסיקנית 300גרם,מוצרי עוף טוב (2001) בע\,IL,פסטרמה מקסיקנית עוף טוב 300 גרם,גרמים,300.00,100 גרם,false,8,19.90,6.6333,true,1,226334
7290000158105,false,שניצל עוף מיני דינוזאור ללא אנטיביוטיקה מ100% ר.טבעי,"מוצרי עוף טוב (2001) בע""",IL,שניצל עוף מיני דינוזאור ר.ט 700 ג,גרמים,700.00,100 גרם,false,1,29.90,4.2714,true,1,232549
7290000161358,false,תלמה מיונז אמיתי משמן קנולה 500 גרם,יוניליוור ישראל מזון בע\,IL,מיונז אמיתי משמן קנולה תלמה,גרמים,500.00,100 גרם,false,12,15.90,3.1800,true,1,222455
7290000166605,false,סיף פנטסטיק ניקיון כללי יסמין 4ליטר,סיף פנטסטיק Cif Fantastic,IL,נוזל לניקוי כללי סיף 4 ל יסמין,ליטרים,4.00,ליטר,false,1,19.90,4.9750,true,1,233073
7290000168173,false,"ברנפלקס קרנצ'ים תלמה בד""ץ 375 גרם",יוניליור ישראל מזון,IL,דגני ברנפלקס קרנצים 375 גר,גרמים,375.00,100 גרם,false,1,19.90,5.3067,true,1,234612
7290000169538,false,"נמס בכוס עגבניות וקרוטונים מרק כשרות בד""ץ 62 ג' קנור",יוניליוור ישראל מזון בע\,IL,נמס בכוס עגבניות בדצ 72*62,Unknown,0.00,Unknown,false,72,6.90,0.0000,true,1,237831
7290000169798,false,"עוגי מופחת סוכר 20% פצפוצי שוקו' 500ג' בד""צ",יוניליוור ישראל מזון בע\,IL,ד.בוקר עוגי מופחת סוכר 500 גר,גרמים,500.00,100 גרם,false,1,19.90,3.9800,true,1,238411
7290000170053,false,"שוקולד פרה חלב 100 גרם בד""צ לל""ג","שטראוס גרופ בע""\מ.",IL,שוקולד פרה חלב 100 גר,גרמים,100.00,100 גרם,false,1,5.90,5.9000,true,1,216738
7290000176079,false,קפה עלית טורקי עם הל 100 גרם,הנסיך- מפעל לייצור ט,IL,קפה טורקי עם הל 100 גרם,גרמים,100.00,100 גרם,false,1,10.00,10.0000,true,1,217244
7290000176093,false,קפה אלדין טורקי ואקום200,הנסיך- מפעל לייצור ט,IL,קפה אלדין ואקום 200 גרם,גרמים,200.00,100 גרם,false,1,20.90,10.4500,true,1,216811
7290000176413,false,קפה נמס אבקתי 50 ג' עלית,הנסיך- מפעל לייצור ט,IL,קפה נמס אבקתי 50 גרם,גרמים,50.00,100 גרם,false,1,8.90,17.8000,true,1,216816
7290000176420,false,קפה נמס פחית עלית 200 גרם,שטראוס קפה בי.וי,IL,קפה נמס אבקתי 200 גרם,גרמים,200.00,100 גרם,false,1,22.00,11.0000,true,1,216815
7290000178103,false,שוקולד חלב פרה 100*4 גרם,"שטראוס גרופ בע""מ.",IL,מארז 4 יח שוקולד פרה חלב 100 גר,גרמים,400.00,100 גרם,false,1,19.90,4.9750,true,1,216744
7290000178134,false,שוקולד פרה מריר 100 גרם מארז רביעייה,"שטראוס גרופ בע""מ",IL,מארז 4 יח שוקולד פרה מריר 100 גר,גרמים,400.00,100 גרם,false,1,19.90,4.9750,true,1,216742
7290000178707,false,תפוצ'יפס בטעם טבעי 50 גרם,"שטראוס פריטו ליי בע""\מ )",IL,תפוציפס*50 בטעם טב/1שק/50גר,Unknown,0.00,Unknown,false,48,4.30,0.0000,true,1,218440
7290000178721,false,תפוצ'יפס בטעם טבעי 200 גרם,"שטראוס פריטו ליי בע""\מ )",IL,חטיף תפוציפס טבעי 200 גר,גרמים,200.00,100 גרם,false,1,11.00,5.5000,true,1,218441
7290000185224,false,סילאן בקבוק לחיץ תמר כנרת 650 גר,תמר כנרת,IL,סילאן לחיץ 650 גר חצר כנרת,גרמים,650.00,100 גרם,false,1,15.90,2.4462,true,1,226778
7290000185293,false,סילאן טבעי תמר כנרת 350 גרם,"חצר כנרת מוצרי תמר אגש""ח",IL,סילאן טבעי חצר כנרת 350 גרם צנצנת,גרמים,350.00,100 גרם,false,1,15.90,4.5429,true,1,223941
7290000185590,false,סילאן טבעי בבקבוק לחיץ 650 גרם,"טעמי הגליל בע""\מ עבור וי",IL,סילאן טבעי לחיץ 650 גר חצר כנרת,גרמים,635.00,100 גרם,false,1,19.90,3.1339,true,1,329201
7290000186030,false,מגבוני האגיס תחליב דיספנסר רביעייה,קימברלי קלארק,IL,מארז 4יח מגבוני האגיס עם תחליב,יחידה,288.00,יחידה,false,1,22.90,0.0795,true,1,297970
7290000186207,false,מגבוני שקמה למבוגרים,ווטנאפס,,מגבוני שקמה למבוגרים 50יחידות,יחידה,50.00,יחידה,false,1,19.90,0.3980,true,1,239368
7290000186337,false,מטליות לחות לניקוי כללי ניקול שלישייה,עלבד משואות יצחק,IL,מארז 3יח מטליות לחות ניקול ניקוי כללי150,יחידה,150.00,יחידה,false,1,19.90,0.1327,true,1,234205
7290000186535,false,נייר טואלט תלת שכבתי לבן לילי 32 יחידות,לילי נייר טואלט חוגלה,IL,נייר טואלט לילי טריו לבן 32 יח,יחידה,32.00,יחידה,false,1,45.90,1.4344,true,1,243418
7290000186931,false,ניקול כריות קרצוף חתוכות 12 יח',ניקול,US,ניקול - סקוטש חתוך 12 יח,יחידה,12.00,יחידה,false,1,12.90,1.0750,true,1,233847
7290000187860,false,מגבוני טואלט לחים לילי דיספנסר 40יח',עלבד משואות יצחק בעמ,IL,מגבון נייר טואלט לח לילי פיור 56 יח,יחידה,56.00,יחידה,false,18,8.90,0.1589,true,1,219581
7290000187921,false,נייר טואלט דו שכבתי לבן לילי 32 יחידות,לילי נייר טואלט חוגלה,IL,נייר טואלט לילי לבן קלאסיק 32 יח,יחידה,32.00,יחידה,false,1,43.90,1.3719,true,1,225064
7290000187938,false,"נייר טואלט ""לילי"" פסטל 32 גלילים",לילי נייר טואלט חוגלה,IL,נייר טואלט לילי פסטל 32 ג,יחידה,32.00,יחידה,false,32,43.90,1.3719,true,1,225066
7290000187952,false,נייר טואלט תלת שכבתי ורוד לילי 32 יחידות,לילי נייר טואלט חוגלה,IL,נייר טואלט לילי טריו ורוד 32 יח,יחידה,32.00,יחידה,false,1,45.90,1.4344,true,1,225067
7290000188225,false,האגיס מגבונים TO GO מארז שלישיה,חוגלה,IL,מגבוני האגיס אלוורה טו גו במארז 3יח 72יח,יחידה,72.00,יחידה,false,1,10.90,0.1514,true,1,311984
7290000188270,false,קליניקס ממחטות אף אולטרא סופט 2*80 דף,חוגלה קימברלי,IL,זוג מגבוני קלינקס אולטרא סופט 80 יח,יחידה,80.00,יחידה,false,1,15.90,0.1988,true,1,218215
7290000188355,false,מגבות מטבח ניקול לבנה שישייה,קימברלי-קלארק,IL,מגבת מטבח ניקול לבנה 6 יח,יחידה,6.00,יחידה,false,1,12.90,2.1500,true,1,224993
7290000188553,false,קוטקס מגן תחתון יאנג ביג 60 יחידות,קימברלי קלארק,CN,מ.תחתון קוטקס נורמל B,יחידה,60.00,יחידה,false,60,21.90,0.3650,true,1,228809
7290000188591,false,קוטקס מגן תחתון יאנג ביג 60 יחידות,קימברלי קלארק,CN,מ.תחתון קוטקס יאנג B,יחידה,60.00,יחידה,false,60,21.90,0.3650,true,1,228812
7290000189192,false,סופר מטלית מטליות נייר רב פעמיות ניקול 64 יחידות,קימברלי קלארק,IL,סופר מטלית (מטלית נייר),Unknown,0.00,Unknown,false,1,15.90,0.0000,true,1,222311
7290000189215,false,מטלית הקסם לרצפה ניקול,חוגלה קימברלי,CN,ניקול מטלית מיקרופייבר לר,Unknown,0.00,Unknown,false,1,14.90,0.0000,true,1,222123
7290000189482,false,תבניות אפיה מרובעות מקרטון ניקול 4 יחידות,"דוקארט בעמ, קיבוץ כפ",IL,תבנית אפייה מקרטון מרובעת,Unknown,0.00,Unknown,false,4,13.90,0.0000,true,1,227317
7290000189499,false,תבנית קרטון אפיה עגולה אינגליש ניקול 3יח',"דוקארט בעמ, קיבוץ כפ",IL,תבנית אפייה מקרטון- עגולה,Unknown,0.00,Unknown,false,3,13.90,0.0000,true,1,227318
7290000189505,false,ניקול תבנית אפייה מקרטון אינגליש קייק ניקול 5 יחידות,"דוקארט בעמ, קיבוץ כפ",IL,תבנית אפייה מקרטון אינגלי,Unknown,0.00,Unknown,false,5,13.90,0.0000,true,1,227319
7290000189536,false,שקיות אשפהעם שרוך 65*52 ניקול 40 יחידות,אשפלסט,TR,ניקול אשפתון 40 מתכלה,יחידה,40.00,יחידה,false,40,17.90,0.4475,true,1,222641
7290000189550,false,"שקיות אשפה ענקיות עם שרוך 78 * 90 ס""מ ניקול 2 * 10 יחידות",חוגלה קימברלי,IL,זוג שקיות אשפה ניקול גדול מתכלות,יחידה,20.00,יחידה,false,1,20.90,1.0450,true,1,222029
7290000189598,false,מטליות לחות חד פעמיות לניקוי כללי 50 יח' ניקול,עלבד משואות יצחק בעמ,IL,מטליות לחות חד פעמי ניקול 50יח,יחידה,50.00,יחידה,false,1,13.90,0.2780,true,1,225730
7290000189659,false,מטליות לחות לרצפה ניקול 10 יח'-מרכז,עלבד משואות יצחק בעמ,IL,מטליות לחות ניקול לרצפה,יחידה,10.00,יחידה,false,1,13.90,1.3900,true,1,226911
7290000189680,false,ניקול זוג מטליות לחות לרצפה,חוגלה קימברלי,IL,מארז 2 יח מטליות לחות לניקוי רצפות ניקול,יחידה,20.00,יחידה,false,1,21.90,1.0950,true,1,240128
7290000189734,false,מטליות לחות לניקוי פרקט ניקול 10 יחידות,עלבד משואות יצחק בעמ,IL,מטליות לחות ניקול לפרקט,יחידה,10.00,יחידה,false,1,13.90,1.3900,true,1,229238
7290000189871,false,"שקיות אשפה עם שרוך 52 * 65 ס""מ ניקול 55 שקיות",חוגלה קימברלי,IL,שקיות אשפה ניקול מתכלות 55 יח,יחידה,55.00,יחידה,false,12,20.90,0.3800,true,1,225425
7290000190068,false,מפיות אירוח לבן 100 יחי' ניקול,חוגלה קימברלי,IL,מפיות ניקול 100,יחידה,100.00,יחידה,false,1,8.90,0.0890,true,1,220651
7290000190198,false,מטליות לחות לניקוי וחיטוי 99.9% ניקול 50 יחידה,עלבד משואות יצחק בעמ,IL,מטליות לחות לניקוי שירותים ואמבט 50יח,יחידה,50.00,יחידה,false,1,13.90,0.2780,true,1,239263
7290000191171,false,קלינקס קולקשן ניילון אריזת זוג,חוגלה קימברלי,IL,זוג מגבוני אף קלינקס קולקשן בניילון,יחידה,6.00,יחידה,false,1,10.90,1.8167,true,1,299741
7290000191225,false,חיתולים ליטל בייביז מידה 2 האגיס 46 יחידות,קימברלי קלארק שיווק,IL,חיתולי האגיס ניו בורן שלב 2 44יח,יחידה,44.00,יחידה,false,1,29.90,0.6795,true,1,295077
7290000191539,false,חמישיית ממחטות טישו צבועני לילי 100 יחידות,חוגלה קימברלי,IL,מגבוני אף לילי צבעוני 5 יח בניילון,גרמים,5.00,100 גרם,false,1,16.90,338.0000,true,1,220187
7290000191546,false,ממחטות טישו צבעוני 2 שכבות לילי מארז 100X3יח',חוגלה קימברלי,IL,מגבוני לילי צבעוני שלישיה 90 יח בשקית,יחידה,270.00,יחידה,false,1,13.90,0.0515,true,1,217669
7290000191652,false,שלישיית ממחטות אולטרה סופט קלינקס 90 יחידות,חוגלה קימברלי,IL,מארז 3 מגבוני אף קלינקס קלאסיק 270 יח,יחידה,270.00,יחידה,false,1,15.90,0.0589,true,1,224219
7290000191966,false,נייר טואלט לילי לח נטורל קר 48 דפים,עלבד משואות יצחק בעמ,IL,מגבון נייר טואלט לח נטורל קר 48 יח,יחידה,48.00,יחידה,false,18,8.90,0.1854,true,1,230150
7290000192581,false,מגבת נייר גליל כפול ניקול 12=6 גליל,קימברלי-קלארק,IL,מארז 6יח מגבות נייר כפול למטבח ניקול,יחידה,6.00,יחידה,false,1,20.90,3.4833,true,1,304220
7290000193014,false,מגן תחתון פדיות אינטרלוד לילי 50 יחידות,חוגלה קימברלי,CZ,מגן תחתון אינטרלוד 50 יח,יחידה,50.00,יחידה,false,50,11.50,0.2300,true,1,217280
7290000193083,false,נובה-לי תחבושות היגייניות לילי 28 יחידות,חוגלה קימברלי,CZ,נובה לי 28,Unknown,0.00,Unknown,false,28,11.50,0.0000,true,1,224220
7290000193205,false,תחבושות עם כנפיים ללילה נטורל לילי 20 יחידות,חוגלה קימברלי,BE,תחבושות לילי נטורל אולטרה לילה 24 יח,יחידה,24.00,יחידה,false,1,13.90,0.5792,true,1,218945
7290000193472,false,מגן תחתון נטורל נורמל לילי 60 יחידות,חוגלה קימברלי,ES,מגן תחתון לילי נטורל נורמל 60 יח,יחידה,60.00,יחידה,false,1,13.90,0.2317,true,1,216602
7290000193540,false,מגן תחתון לונג נטורל לילי 52 יחידות,חוגלה קימברלי,ES,מגן תחתון לילי אינטימייט לונג,Unknown,0.00,Unknown,false,1,13.90,0.0000,true,1,217646
7290000193618,false,לילי אינטימייט מגן תחתון נורמל 24 יח',חוגלה קימברלי,ES,מגן תחתון לילי נטורל לייט 62 יח,יחידה,62.00,יחידה,false,1,13.90,0.2242,true,1,217647
7290000193649,false,תחבושות עם כנפיים נורמל פלוס לילי 24 יחידות,חוגלה קימברלי,ES,תחבושות לילי נטורל אולטרה סופר 24 יח,יחידה,24.00,יחידה,false,1,13.90,0.5792,true,1,218399
7290000193656,false,תחבושות עם כנפיים סופר פלוס לילי 24 יחידות,חוגלה קימברלי,ES,תחבושות לילי נטורל אולטרה סופר+ 24 יח,יחידה,24.00,יחידה,false,1,13.90,0.5792,true,1,217645
7290000194141,false,שקמה מכנסון גזרתי סופר נייט XL,חוגלה קימברלי,IL,מכנס גזרתי סופר נייט אקסטרה לארג 15יח,יחידה,15.00,יחידה,false,1,71.90,4.7933,true,1,304028
7290000194837,false,ניקול - שקיות מזון + ידיות קשירה אקסטרה לארג' 200 יח',ניקול,CN,ניקול שקיות מזון XL עם קש,יחידה,200.00,יחידה,false,200,12.90,0.0645,true,1,241925
7290000195216,false,נייר אפייה בשקית ניקול 50 יחידות,ניקול,IL,נייר אפיה נשלף 50יח ניקול,יחידה,50.00,יחידה,false,1,11.90,0.2380,true,1,322793
7290000195537,false,האגיס - מגבוני האגיס דיילי קר לא מבושם 64 יח' * 4,חוגלה קימברלי,IL,מגבוני האגיס לא מבושם 64יח מארז רביעייה,יחידה,256.00,יחידה,false,1,22.90,0.0895,true,1,220721
7290000195773,false,האגיס - מגבוני האגיס סנסטיב קר לא מבושם 64 יח' * 4,חוגלה קימברלי,IL,מגבוני האגיס נטורל מילוי רביעיה,יחידה,4.00,יחידה,false,1,22.90,5.7250,true,1,221527
7290000196039,false,"מפות שולחן איריס ח""פ ניקול 2 יח'",חוגלה קימברלי,IL,מפות שולחן ניקול NW *2,Unknown,0.00,Unknown,false,1,13.90,0.0000,true,1,217620
7290000196343,false,מפת שולחן מהודרת ניקול 1 יחידה,חוגלה קימברלי,IL,ניקול מפת שולחן מהודרת,Unknown,0.00,Unknown,false,1,15.90,0.0000,true,1,219093
7290000196763,false,"שקיות אשפה חזקות במיוחד עם שרוך 52 * 65 ס""מ ניקול 40 יחידות",חוגלה קימברלי,IL,שקיות אשפה ניקול חזקות 40 יח,יחידה,40.00,יחידה,false,1,17.90,0.4475,true,1,229847
7290000197012,false,שקיות ריצ'רץ' אחסון למזון ניקול 15 יחידות,חוגלה קימברלי,CN,שקית אחסון עם רוכסן,Unknown,0.00,Unknown,false,15,16.90,0.0000,true,1,217303
7290000197029,false,שקיות ריצ'רץ' רב תכליתיות ניקול 12 יחידות,קריות זול,IL,שקית ענק עם רוכסן,Unknown,0.00,Unknown,false,12,16.90,0.0000,true,1,217304
7290000197081,false,ניקול ניילון נצמד 150 מטר+מתקן לחיתוך קל,חוגלה קימברלי,IL,ניילונית 150 מ חסכוני PE,מטרים,150.00,מטר,false,1,27.90,0.1860,true,1,221212
7290000197326,false,רדיד אלומניום ניקול זוגי 30X7.5מ',חוגלה קימברלי,IL,זוג רדיד אלומיניום קצר 30/7.5 ניקול,מטרים,15.00,מטר,false,1,13.90,0.9267,true,1,216879
7290000197340,false,"רדיד אלומניום ארוך 45 ס""מ רוחב ניקול 7.5 מטר",חוגלה קימברלי,IL,רדיד אלומיניום 7.5*45 זוג,מטרים,15.00,מטר,false,2,19.90,1.3267,true,1,218200
7290000197425,false,חיתולים פרידום דריי שלב 3 האגיס 52 יחידות,קימברלי קלארק ישראל,IL,חיתולי האגיס פרידום דריי שלב 3 52יח,יחידה,52.00,יחידה,false,1,42.90,0.8250,true,1,294539
7290000197432,false,שקיות אוכל סנדביצ'ון ניקול מארז 150X2יח',"אשפלסט תעשיות בע""מ",IL,ניקול סנדויצון זוגות מתכ,יחידה,300.00,יחידה,false,150,16.90,0.0563,true,1,217417
7290000197456,false,חיתולים פרידום דריי שלב 4 האגיס 44 יחידות,קימברלי קלארק ישראל,IL,חיתולי האגיס פרידום דריי שלב 4 44יח,יחידה,44.00,יחידה,false,1,42.90,0.9750,true,1,256974
7290000197463,false,חיתולים פרידום דריי שלב +4 האגיס 40 יחידות,קימברלי קלארק ישראל,IL,חיתולי האגיס פרידום דריי שלב 4+ 42יח,יחידה,42.00,יחידה,false,1,42.90,1.0214,true,1,294540
7290000197470,false,שקיות רב שימושיות מתכלות ניקול 250 יחידות,אשלפסט תעשיות בעמ,IL,ניקול שקיות רבש מתכלות,Unknown,0.00,Unknown,false,83,16.90,0.0000,true,1,217394
7290000197548,false,חיתולים פרידום דריי שלב 5 האגיס 36 יחידות,קימברלי קלארק ישראל,IL,חיתולי האגיס פרידום דריי שלב 5 38יח,יחידה,38.00,יחידה,false,1,42.90,1.1289,true,1,294541
7290000197654,false,שקיות אשפה ענקיות נשלפות 75*90 ניקול 50 יחידות,"אשפלסט תעשיות בע""מ",IL,שקיות אשפה ענקיות ניקול 45יח 78/90,יחידה,45.00,יחידה,false,16,20.90,0.4644,true,1,219580
7290000197678,false,חיתולי האגיס פרידום דריי שלב 6 30 יחידות,קימברלי קלארק ישראל,IL,חיתולי האגיס פרידום דריי שלב 6 34יח,יחידה,34.00,יחידה,false,1,42.90,1.2618,true,1,294542
7290000197753,false,ניילון נצמד אנטי בטקריאלי ניקול 30X2מ',חוגלה קימברלי,CN,ניילון נצמד זוג PE,Unknown,0.00,Unknown,false,1,13.90,0.0000,true,1,219547
7290000197876,false,תבניות אלומיניום קטנות עם מכסה ניקול 4 יחידות,חוגלה קימברלי,CN,מגשית 26 אר חיסכון,יחידה,4.00,יחידה,false,1,10.90,2.7250,true,1,220531
7290000197883,false,תבנית אלומיניום 100 גדולה ניקול 4 יחידות,חוגלה קימברלי,CN,מגשית 100 אר חסכון,יחידה,4.00,יחידה,false,4,10.90,2.7250,true,1,220532
7290000197951,false,תבניות אלומיניום ענקיות ניקול 3 יחידות,חוגלה קימברלי,CN,מגשית 200 אר חסכון,יחידה,2.00,יחידה,false,2,10.90,5.4500,true,1,220530
7290000197982,false,"רדיד אלומיניום עבה 45 ס""מ רוחב ניקול 2 יח' 7.5 מטר",ניקול,IL,רדיד אלומ.עבה 7.5*45 זוג,מטרים,15.00,מטר,false,2,24.90,1.6600,true,1,219545
7290000197999,false,רדיד אלומיניום עבה ניקול זוגי 30X7.5מ',קריות זול,IL,זוג רדיד אלומיניום 7.5*30 ניקול,מטרים,15.00,מטר,false,1,16.90,1.1267,true,1,219546
7290000199313,false,קוטקס יאנג תחבושות עם כנפיים נורמל חדש30,חוגלה קימברלי,CZ,תחבושות קוטקס יאנג B,יחידה,28.00,יחידה,false,28,19.90,0.7107,true,1,223912
7290000200330,false,שקמה פרו סקין מכנסונים סופגים L,חוגלה,IL,חיתולי ספיגה שקמה אובר נייט לארג 14יח,יחידה,14.00,יחידה,false,1,69.90,4.9929,true,1,323104
7290000200361,false,שקמה פרו סקין מכנסונים סופגים XL,חוגלה,IL,חיתולי ספיגה שקמה אובר נייט אקס אל 14יח,יחידה,14.00,יחידה,false,1,69.90,4.9929,true,1,323105
7290000201818,false,טיטולים פרימיום שלב 2 64 יחידות,חוגלה קימברלי,IL,טיטולים פרימיום שלב 2 64 יח,יחידה,64.00,יחידה,false,1,29.90,0.4672,true,1,245426
7290000201832,false,טיטולים פרימיום שלב 3 50 יחידות,חוגלה קימברלי,IL,טיטולים פרימיום שלב 3 50 יח,יחידה,50.00,יחידה,false,1,29.90,0.5980,true,1,245427
7290000201856,false,טיטולים פרימיום שלב4+ 38 יחידות .,חוגלה קימברלי,IL,טיטולים פרימיום שלב 4+ 40יח,יחידה,40.00,יחידה,false,1,29.90,0.7475,true,1,245429
7290000201979,false,האגיס מגבונים ללא בישום רביעייה מהדורה,חוגלה קימברלי,IL,מארז 4יח מגבוני האגיס דיסני לא מבושם,יחידה,224.00,יחידה,false,1,22.90,0.1022,true,1,295369
7290000204086,false,ניקול כרית קרצוף מארז שלישייה,חוגלה קימברלי,US,סקוטש 2+1 רגיל,יחידה,3.00,יחידה,false,3,13.90,4.6333,true,1,217187
7290000204147,false,רביעיית כרית יפנית עבה ניקול 4 יחידות,פלסטו פוליש (ברקן),IL,כרית יפנית *4,יחידה,4.00,יחידה,false,2,13.90,3.4750,true,1,222757
7290000204215,false,שישיית כרית יפנית ניקול 6 יחידות,פלסטו פוליש (ברקן),IL,כריות יפניות 6 במארז,יחידה,6.00,יחידה,false,6,13.90,2.3167,true,1,217794
7290000204239,false,ניקול מטליות ריצפה רביעיה,חוגלה קימברלי,IL,4 מטליות רצפה ניקול,Unknown,0.00,Unknown,false,4,13.90,0.0000,true,1,217780
7290000204253,false,מטליות רב שימושיות לניקיון ניקול 9 יחידות,נועם אורים-קיבוץ אור,IL,מטלית רבש ניקול * 9,יחידה,9.00,יחידה,false,9,13.90,1.5444,true,1,217778
7290000204307,false,ניקול מטליות רב שימושיות בגליל 40 יח',נועם אורים-קיבוץ אור,IL,מטלית רבש בגליל 40 יח,יחידה,40.00,יחידה,false,1,14.90,0.3725,true,1,221751
7290000204512,false,מטליות לחות לניקוי רצפה בריח לימון ניקול 10 יחידות,עלבד משואות יצחק בעמ,IL,מטליות לחות ניקול לרצפה לימון,יחידה,10.00,יחידה,false,1,13.90,1.3900,true,1,302787
7290000204611,false,שישיית ספוגית הקסם ניקול 6 יחידות,חוגלה קימברלי,US,ניקול ספוגית הקסם *6,יחידה,6.00,יחידה,false,16,13.90,2.3167,true,1,220529
7290000205762,false,חיתולי האגיס אקסטרה קר מידה 3 48 יחידות,חוגלה קימברלי,IL,חיתולי האגיס אקסטרה קייר מידה 3 48יח,יחידה,48.00,יחידה,false,1,49.90,1.0396,true,1,296888
7290000205915,false,חיתולי האגיס אקסטרה קייר מידה 4 40 יחידות,חוגלה קימברלי,IL,חיתולי האגיס אקסטרה קייר מידה 4 40יח,יחידה,40.00,יחידה,false,3,49.90,1.2475,true,1,296889
7290000207063,false,רסק עגבניות פריכוז 28% 240 גרם יכין,היינץ צפון אמריקה מק,IL,רסק עגבניות 28% פריכוז 260 גר,גרמים,240.00,100 גרם,false,1,4.90,2.0417,true,1,224705
7290000207162,false,רוטב עגבניות מרכיב טבעי 100 ג' יכין,"זנלכל בע""\מ",IL,רוטב עגבניות 22% יכין 100 ג,גרמים,100.00,100 גרם,false,1,2.50,2.5000,true,1,222075
7290000207438,false,עגבניות 2.5 A קוביות 850 גרם יכין,"זנלכל בע""\מ",IL,עגבניות קוביות במיץ 800 גר יכין,גרמים,800.00,100 גרם,false,12,9.90,1.2375,true,1,224402
7290000208008,false,רסק פלפל חריף חריסה A2 יכין 550 ג',"זנלכל בע""\מ",IL,רסק פלפל חריסה א/2 יכין,גרמים,550.00,100 גרם,false,1,9.90,1.8000,true,1,217924
7290000208022,false,עגבניות 2.5 A מרוסקות 850 גרם יכין,"זנלכל בע""\מ",IL,עגבניות מרוסקות 800 ג יכין,גרמים,800.00,100 גרם,false,1,9.90,1.2375,true,1,217214
7290000208077,false,אפונת גינה רגילה 550 גרם יכין,"זנלכל בע""\מ",IL,אפונה יכין 550 גרם,גרמים,550.00,100 גרם,false,1,8.50,1.5455,true,1,218262
7290000208091,false,אפונה קטנה עדינה יכין 550 גרם,"זנלכל בע""\מ",IL,אפונה עדינה א/2 יכין,גרמים,560.00,100 גרם,false,1,9.90,1.7679,true,1,218265
7290000208114,false,"אפונה וגזר יכין A2 פ""ק בית יוסף","זנלכל בע""\מ",IL,אפונה וגזר א/2 יכין,גרמים,550.00,100 גרם,false,1,8.50,1.5455,true,1,218264
7290000208138,false,סירופ דיאט בטעם ענבים יכין 1 ליטר,"זנלכל בע""\מ",IL,סירופ דיאט ענבים יכין 1 לי,ליטרים,1.00,ליטר,false,1,16.90,16.9000,true,1,222968
7290000208145,false,גרעיני תירס מתוק לייט 550 גרם יכין,"זנלכל בע""\מ",IL,תירס גרעינים לייט יכין 550 גרם,גרמים,550.00,100 גרם,false,1,9.90,1.8000,true,1,218418
7290000208176,false,"תפוח אדמה יכין A2 פ""מ בית יוסף","זנלכל בע""מ",IL,תפוח אדמה יכין 550 גר,גרמים,550.00,100 גרם,false,1,9.90,1.8000,true,1,236911
7290000208213,false,שעועית לבנה אפויה A2 ברוטב עגבניות יכין 560ג',היינץ צפון אמריקה מק,IL,שעועית אפויה ברוטב א/2 יכין,גרמים,550.00,100 גרם,false,12,8.90,1.6182,true,1,216638
7290000208220,false,"שעועית צ'לי יכין פ""ק A2 בית יוסף",היינץ צפון אמריקה מק,IL,שעועית אפויה ברוטב צילי א/2 יכין,גרמים,550.00,100 גרם,false,12,9.90,1.8000,true,1,216920
7290000208244,false,"בסיס לשקשוקה יכין A2 פ""ק בית יוסף","זנלכל בע""מ",IL,ברוטב שקשוקה יכין 570 גרם,גרמים,570.00,100 גרם,false,1,9.90,1.7368,true,1,218098
7290000208251,false,שעועית ירוקה חתוכה יכין 550 גרם,"זנלכל בע""מ",IL,שעועית ירוקה א/2 יכין,גרמים,550.00,100 גרם,false,12,9.90,1.8000,true,1,216642
7290000208268,false,שעועית צהובה א-2. יכין 550 ג',קריות זול,IL,שעועית צהובה א/2 יכין,גרמים,550.00,100 גרם,false,12,9.90,1.8000,true,1,216647
7290000208312,false,גרעיני תירס מתוק בואקום יכין 400 גר',"זנלכל בע""\מ",IL,תירס גרעינים ואקום 340 גר יכין,גרמים,400.00,100 גרם,false,1,6.90,1.7250,true,1,218412
7290000208329,false,גרעיני תירס מתוק 550 גרם יכין,"זנלכל בע""\מ",IL,תירס גרעינים מתוק יכין 550 גרם,גרמים,550.00,100 גרם,false,1,8.90,1.6182,true,1,218410
7290000208336,false,רסק יכין 240גר 22% יכין בית יוסף,"זנלכל בע""\מ",IL,רוטב עגבניות 22% יכין 260 גרם,גרמים,240.00,100 גרם,false,1,3.90,1.6250,true,1,222148
7290000208343,false,עגבניות מרוסקות שום יכין A2.5 בית יוסף,היינץ צפון אמריקה מק,IL,עגבניות מרוסקות שום 800 ג יכין,גרמים,800.00,100 גרם,false,1,9.90,1.2375,true,1,227823
7290000208350,false,עגבניות מרוסקות בצל 850 גר יכין A 2.5,זנלכל,IL,עגבניות מרוסקות בצל 800 ג יכין,גרמים,800.00,100 גרם,false,1,9.90,1.2375,true,1,243736
7290000208367,false,עגבניות מרוסקות בתוספת בזיליקום 800 ג' יכין,זנלכל,IL,עגבניות מרוסקות בזיליקום 800 ג יכין,גרמים,800.00,100 גרם,false,1,9.90,1.2375,true,1,222967
7290000208404,false,A2 פול מצרי 550 גרם יכין,"זנלכל בע""\מ",IL,פול מצרי א/2 יכין,גרמים,550.00,100 גרם,false,12,8.90,1.6182,true,1,217045
7290000208428,false,גרגרי חומוס שלם 550 גרם יכין,"זנלכל בע""\מ",IL,חומוס גרעינים א/2 יכין,גרמים,550.00,100 גרם,false,12,8.90,1.6182,true,1,217840
7290000208459,false,"לקט אפונה, תפוחי אדמה וגזר יכין 550 גרם","זנלכל בע""\מ",IL,לקט ירקות יכין 550 גרם,גרמים,550.00,100 גרם,false,1,9.90,1.8000,true,1,241076
7290000208800,false,גרעיני תירס מתוק לילדים 400 גרם יכין,זנלכל,IL,תירס ואקום קיד 340 גר יכין,גרמים,400.00,100 גרם,false,1,6.90,1.7250,true,1,227825
7290000208855,false,רוטב לפסטה קלאסי 240 גרם יכין,"זנלכל בע""\מ",IL,רוטב פסטה יכין 260 גר,גרמים,240.00,100 גרם,false,1,5.50,2.2917,true,1,227832
7290000208893,false,גרעיני תירס מתוק לייט 400 גרם יכין,היינץ צפון אמריקה מק,IL,תירס גרעינים ואקום לייט 340 גר יכין,גרמים,400.00,100 גרם,false,1,6.90,1.7250,true,1,227826
7290000208930,false,עגבניות מרוסקות בתוספת שום 240 גרם יכין,"זנלכל בע""מ",IL,עגבניות מרוסקות עם שום 260 גר,גרמים,240.00,100 גרם,false,1,5.50,2.2917,true,1,227829
7290000208947,false,עגבניות מרוסקות יכין 260 גרם,היינץ צפון אמריקה מק,IL,עגבניות מרוסקות 260 גר,גרמים,240.00,100 גרם,false,1,5.50,2.2917,true,1,227827
7290000209012,false,חומץ 1ליטר יכין הדרים,"זנלכל בע""\מ",IL,חומץ 5% יכין 1 ליטר,ליטרים,1.00,ליטר,false,1,6.90,6.9000,true,1,217850
7290000209043,false,מיץ לימון לתיבול יכין 1 ליטר,היינץ צפון אמריקה מק,IL,רוטב לימון יכין 1 ליטר,ליטרים,1.00,ליטר,false,1,6.90,6.9000,true,1,217648
7290000209173,false,חומצה אצטית למזון 5% יכין 1 ליטר,"זנלכל בע""\מ",IL,חומץ אצטית 5% יכין 1 ליטר,ליטרים,1.00,ליטר,false,1,4.90,4.9000,true,1,239862
7290000209302,false,סירופ יכין ענבים 2 ליטר,זנלכל,,סירופ ענבים 2 ל יכין,ליטרים,2.00,ליטר,false,1,16.90,8.4500,true,1,217368
7290000209371,false,תירס מתוק יכין 200 גרם מארז 3 יח',היינץ צפון אמריקה מק,IL,תירס גרעינים שלישייה 165 גרם,גרמים,495.00,100 גרם,false,8,14.90,3.0101,true,1,245085
7290000209388,false,תירס מתוק לייט יכין 200 גרם מארז 3 יח',"זנלכל בע""\מ",IL,תירס גרעינים לייט שלישייה 165 גרם,גרמים,495.00,100 גרם,false,8,14.90,3.0101,true,1,245086
7290000209517,false,סירופ דיאט בטעם לימון יכין 1 ליטר,היינץ צפון אמריקה מק,IL,סירופ דיאט לימון יכין 1 לי,ליטרים,1.00,ליטר,false,1,16.90,16.9000,true,1,217360
7290000209524,false,סירופ דיאט בטעם פטל יכין 1 ליטר,"זנלכל בע""\מ",IL,סירופ דיאט פטל יכין 1 לי,ליטרים,1.00,ליטר,false,1,16.90,16.9000,true,1,217362
7290000209531,false,סירופ דיאט בטעם אשכוליות יכין 1 ליטר,"זנלכל בע""\מ",IL,סירופ דיאט אשכליות יכין 1 לי,ליטרים,1.00,ליטר,false,1,16.90,16.9000,true,1,217359
7290000209555,false,סירופ דיאט בטעם תפוחים יכין 1 ליטר,"זנלכל בע""\מ",IL,סירופ דיאט תפוחי עץ יכין 1 לי,ליטרים,1.00,ליטר,false,1,16.90,16.9000,true,1,217364
7290000209579,false,סירופ דיאט בטעם אננס יכין 1 ליטר,"זנלכל בע""\מ",IL,סירופ דיאט אננס יכין 1 לי,ליטרים,1.00,ליטר,false,1,16.90,16.9000,true,1,217358
7290000209708,false,עגבניות מרוסקות עם בזיליקום יכין 240 גרם,היינץ צפון אמריקה מק,IL,עגבניות מרוסקות עם בזיליקום 260 גר,גרמים,240.00,100 גרם,false,1,5.50,2.2917,true,1,227830
7290000209715,false,רסק עגבניות 22% יכין,זנלכל,IL,רסק עגבניות 22% יכין א/2,גרמים,570.00,100 גרם,false,12,6.50,1.1404,true,1,227822
7290000209722,false,רסק עגבניות 28% פריכוז 580 גרם יכין,"זנלכל בע""\מ",IL,פריכוז 28%/30% יכין 580 גרם,גרמים,580.00,100 גרם,false,1,10.90,1.8793,true,1,216712
7290000209906,false,עגבניות מרוסקות בתוספת בצל 240 גרם יכין,זנלכל,IL,עגבניות מרוסקות עם בצל 260 גר,גרמים,240.00,100 גרם,false,1,5.50,2.2917,true,1,227831
7290000209913,false,עגבניות חתוכות לקוביות 240 גרם יכין,"זנלכל בע""\מ",IL,עגבניות קוביות יכין 260 גר,גרמים,240.00,100 גרם,false,1,5.50,2.2917,true,1,227828
7290000209944,false,רוטב לעגבניות בסיס לשקשוקה 240 ג' יכין,"זנלכל בע""\מ",IL,בסיס לשקשוקה יכין 260 גר,גרמים,240.00,100 גרם,false,1,5.50,2.2917,true,1,227833
7290000209951,false,רוטב עגבניות לפיצה 260 גרם יכין,"זנלכל בע""\מ",IL,רוטב לפיצה כין 260 גר,גרמים,240.00,100 גרם,false,1,5.50,2.2917,true,1,227835
7290000209968,false,רוטב עגבניות ללזניה יכין 240 גרם,"זנלכל בע""\מ",IL,רוטב ללזניה כין 260 גר,גרמים,240.00,100 גרם,false,1,5.50,2.2917,true,1,227834
7290000210469,false,עגבניות שלמות יכין A2.5 בית יוסף,זנלכל,IL,עגבניות מקולפות שלמות 800 ג יכין,גרמים,800.00,100 גרם,false,12,9.90,1.2375,true,1,227824
7290000210896,false,רוטב לפסטה בולונז 240 גרם יכין,"זנלכל בע""מ",IL,רוטב פסטה בולונז יכין 260 גר,גרמים,240.00,100 גרם,false,1,5.50,2.2917,true,1,237289
7290000211169,false,"אורז תאילנדי אחד אחד סוגת 1 ק""ג",האי נאם סי או אל.טי.,IL,אורז תאילנדי 1 קג,קילוגרמים,1.00,"ק""ג",false,12,6.90,6.9000,true,1,219630
7290000211312,false,סוגת אורז מלא פרסי אחד אחד 1 קג,האי נאם סי או אל.טי.,IL,אורז מלא ארוך 1 קג סוגת,קילוגרמים,1.00,"ק""ג",false,1,10.90,10.9000,true,1,218222
7290000211374,false,"קמח חיטה מלא סוגת 1 ק""ג",טחנת קמח דגן-שטיבל,IL,קמח מלא 1 קג סוגת,קילוגרמים,1.00,"ק""ג",false,1,6.90,6.9000,true,1,216787
7290000211381,false,"סוכר חום כהה בשקית סוגת 1 ק""ג","טונגט היולט שוגר בע""",ZA,סוכר חום 1 קג בקרטון,קילוגרמים,1.00,"ק""ג",false,12,14.90,14.9000,true,1,217316
7290000211442,false,"סוגת אורז פרסי קלאסי שקית 1 ק""ג",האי נאם סי או אל.טי.,IL,אורז אחד אחד פרסי 1 קג,קילוגרמים,1.00,"ק""ג",false,1,10.90,10.9000,true,1,218219
7290000211503,false,סוכר לבן ארוז בשקית,"סוגת תעשיות בע""\מ",IL,סוכר לבן 1 קג (10 יח),קילוגרמים,1.00,"ק""ג",false,10,4.90,4.9000,true,1,217312
7290000211626,false,"סוגת אורז חיש 1 ק""ג","סוגת תעשיות בע""\מ",IL,אורז חיש 1 קג,קילוגרמים,1.00,"ק""ג",false,12,12.90,12.9000,true,1,219629
7290000211985,false,"סוגת אורז עגול ריזוטו 1 ק""ג","סוגת תעשיות בע""\מ",IL,אורז ריזוטו עגול 1 קג סוגת,קילוגרמים,1.00,"ק""ג",false,1,10.90,10.9000,true,1,218223
7290000218502,false,תערובת לחמין A-2 ויטה בדצ,"פרי הגליל בע""""מ",IL,שעועית לחמין א/2 פרי גליל,גרמים,668.00,100 גרם,false,1,8.90,1.3323,true,1,304340
7290000238029,false,"בצק עלים צרפתי מרודד מעדנות 1 ק""ג",מיוצר עי קונדיטוריית,IL,בצק עלים מרודד 1 קג,גרמים,1000.00,100 גרם,false,1,22.90,2.2900,true,1,218101
7290000238036,false,מלאווח בקופסא מעדנות 700 גרם,מיוצר עי קונדיטוריית,IL,מלווח עגול 700 גרם,גרמים,700.00,100 גרם,false,1,17.90,2.5571,true,1,217554
7290000238173,false,בורקס גבינה מעדנות 800 גרם,מיוצר עי קונדיטוריית,IL,בורקס גבינה 800 גרם,גרמים,800.00,100 גרם,false,1,22.90,2.8625,true,1,218314
7290000238180,false,בורקס תפוחי אדמה מעדנות 800 גרם,מיוצר עי קונדיטוריית,IL,בורקס תפוח אדמה 800 גרם,גרמים,800.00,100 גרם,false,1,22.90,2.8625,true,1,218322
7290000244051,false,"הוואי שלישיית סבון נוזלי משב טרופי 500 מ""ל",טרופיקל דגיל,IL,סבון נוזלי הוואי שלישיה אדום,ליטרים,1.50,ליטר,false,6,15.90,10.6000,true,1,221552
7290000244143,false,"הוואי - קרם לאחר גילוח 120 מ""ל",טרופיקל דגיל קוסמטיק,IL,הוואי קרם לאחר גילוח 120 מל,מיליליטרים,120.00,"100 מ""ל",false,12,15.90,13.2500,true,1,219616
7290000244280,false,משחת גילוח רגיל 80 מ,טרופיקל דגיל,IL,משחת גילוח 80 ג מקציפה,Unknown,0.00,Unknown,false,25,9.90,0.0000,true,1,305831
7290000244631,false,ענוגה גליצרין קרם ידיים 80 מל,טרופיקל דגיל,IL,קרם ענוגה גליצרין 80 ג,גרמים,80.00,100 גרם,false,24,7.90,9.8750,true,1,305832
7290000245072,false,סוד מרכך כביסה בייבי סנסטיב 4 ליטר,"הנקל סוד בע""\מ",IL,מרכך כביסה סוד סופט 4 ל בייבי,ליטרים,4.00,ליטר,false,1,18.90,4.7250,true,1,220481
7290000245089,false,סוד סופט מרכך כביסה סגול 4 ליטר,"הנקל סוד בע""מ",IL,מרכך כביסה סוד סופט 4 ל לבן,ליטרים,4.00,ליטר,false,1,18.90,4.7250,true,1,217330
7290000245157,false,סוד סופט מרכך כביסה סנסיישן 4 ליטר,"הנקל סוד בע""\מ",IL,מרכך כביסה סוד סופט 4 ל סנסיישין,ליטרים,4.00,ליטר,false,1,18.90,4.7250,true,1,220673
7290000245270,false,"פרסיל אבקה לכביסה רגיל שקית 1.25 ק""ג","הנקל סוד בע""מ",IL,פרסיל סופרה ירוק 1.25 קג,קילוגרמים,1.25,"ק""ג",false,1,15.90,12.7200,true,1,220121
7290000245287,false,"פרסיל אבקת כביסה 1.250 ק""ג קולור ויניגר","הנקל סוד בע""מ",IL,א.כביסה פרסיל קולור 1.25 קג בשקית,קילוגרמים,1.25,"ק""ג",false,1,15.90,12.7200,true,1,220122
7290000245294,false,"פרסיל אבקה לכביסה לבנה רגיל 2.5 ק""ג","הנקל סוד בע""\מ",IL,א.כביסה פרסיל סופרא 2.5 קג שקית,קילוגרמים,2.50,"ק""ג",false,1,19.90,7.9600,true,1,223036
7290000245782,false,סוד סופט מרכך כביסה ורוד 4 ליטר,"הנקל סוד בע""\מ",IL,מרכך כביסה סוד סופט 4 ל ורוד,ליטרים,4.00,ליטר,false,1,18.90,4.7250,true,1,217327
7290000245799,false,סוד סופט מרכך כביסה כחול 4 ליטר,"הנקל סוד בע""\מ",IL,מרכך כביסה סוד סופט 4 ל תכלת,ליטרים,4.00,ליטר,false,1,18.90,4.7250,true,1,217329
7290000253220,false,שוקולד צ'יפס חום אופנהיימר 260 גר',אופנהיימר,IL,שוקולד ציפס לאפיה 260 גר אופנהיימר,גרמים,260.00,100 גרם,false,1,12.90,4.9615,true,1,216752
7290000253251,false,שוקולד צ'יפס לבן אופנהיימר 250 גרם,אופנהיימר,IL,שוקולד ציפס לבן לאפיה 250 גר אופנהיימר,גרמים,250.00,100 גרם,false,1,12.90,5.1600,true,1,220097
7290000253374,false,מיני שוקולד צ'יפס 250 גרם- 66% מוצקי קקאו,אופנהיימר,IL,שוקולד ציפס לאפיה66%מוצקי קקאו 250 גרם,גרמים,250.00,100 גרם,false,20,14.90,5.9600,true,1,328265
7290000253411,false,סוכריות לקישוט צבעונ,אחים מזרחי,IL,סוכריות לקישות צבעוני 80 גרם,Unknown,0.00,Unknown,false,12,4.90,0.0000,true,1,318844
7290000253459,false,נטיפי צ'יפס בטעם קרמל אופנהיימר 250 גרם,אופנהיימר,IL,נטיפי ציפס טעם קרמל אופנהיימר 250 גרם,גרמים,300.00,100 גרם,false,1,12.90,4.3000,true,1,323986
7290000253572,false,סוכריות קישוט לעוגה,אופנהיימר,IL,סוכריות לקישות חום 80 גרם,Unknown,0.00,Unknown,false,12,4.90,0.0000,true,1,318843
7290000253800,false,סוכריות לקישוט צבעוניות 90 גרם - צבעים טבעיים,אופנהיימר,IL,סוכריות לקישות צבעים טבעיים 90 גרם,Unknown,0.00,Unknown,false,12,8.50,0.0000,true,1,318845
7290000262161,false,נייר טואלט לב אדום 40 גלילים מולט,מולט / שמורת טבע,IL,נייר טואלט מולט לב אדום 40 יח חורף,יחידה,40.00,יחידה,false,1,37.90,0.9475,true,1,243078
7290000262413,false,חיתולי האגיס אקסטרה קייר מידה 5 34 יחידות,חוגלה קימברלי,IL,חיתולי האגיס אקסטרה קייר מידה 5 34יח,יחידה,34.00,יחידה,false,3,49.90,1.4676,true,1,296890
7290000263359,false,חיתולים ליטל בייביז מידה 1 האגיס 40 יחידות,קימברלי קלארק שיווק,IL,חיתולי האגיס ליטל בייביס מידה 1 עד 6קג,יחידה,40.00,יחידה,false,1,29.90,0.7475,true,1,228051
7290000267029,false,שקדים מולבנים חצויים השף 100 גרם,"דין שיווק וקלייה בע""",IL,שקד מולבן חצוי 100 גרם,גרמים,100.00,100 גרם,false,1,11.90,11.9000,true,1,216660
7290000267036,false,שקדים מולבנים משובבים השף 100 גרם,"דין שיווק וקלייה בע""",IL,שקד מולבן משובב 100 גרם,גרמים,100.00,100 גרם,false,1,11.90,11.9000,true,1,216661
7290000267043,false,שקדים מולבנים פרוסים השף 100 גרם,"דין שיווק וקלייה בע""",IL,שקד מולבן פרוס 100 גרם,גרמים,100.00,100 גרם,false,1,11.90,11.9000,true,1,216662
7290000267050,false,שקדים טבעיים טחונים השף 100 גרם,"דין שיווק וקלייה בע""",IL,שקד טבעי טחון 100 גרם,גרמים,100.00,100 גרם,false,1,11.90,11.9000,true,1,216658
7290000267104,false,שקד מולבן גרוס/מרוסק 100 גרם,"דין שיווק וקלייה בע""",IL,שקד טבעי גרוס 100 גרם,גרמים,100.00,100 גרם,false,1,11.90,11.9000,true,1,216659
7290000267500,false,קליפות הדר מצופות בשוקולד 200 גרם,"דין שיווק וקלייה בע""",IL,קליפות הדר מצופות בשוקולד 200 .ש.,גרמים,200.00,100 גרם,false,24,11.50,5.7500,true,1,224479
7290000267548,false,אגוזי מלך טחונים השף 100 גרם,"דין שיווק וקלייה בע""",IL,אגוז מלך טחון 100 גר,גרמים,100.00,100 גרם,false,1,10.90,10.9000,true,1,223908
7290000267555,false,בוטנים גרוסים 100ג'שקדיה,"דין שיווק וקלייה בע""",IL,בוטן טחון 100 גר,גרמים,100.00,100 גרם,false,1,5.30,5.3000,true,1,223909
7290000267586,false,גרעייני חמניה קלופים 150 גר,"דין שיווק וקלייה בע""",IL,חמניות קלופות 150 גרם,גרמים,150.00,100 גרם,false,12,5.90,3.9333,true,1,223911
7290000267678,false,גרעיני דלעת טבעי קלוף שקדיה 150ג,"דין שיווק וקלייה בע""",IL,דלעת מקולפת 150 גרם,גרמים,150.00,100 גרם,false,12,8.90,5.9333,true,1,223910
7290000272443,false,סירופ דיאט בטעם תפוזים עסיס 1 ליטר,בית-השיטה עסיס תעשיות מז,IL,סירופ דיאט תפוז 1 ל צבעים טבעיים,ליטרים,1.00,ליטר,false,1,17.90,17.9000,true,1,217377
7290000272467,false,עסיס פטל דיאט סירופ 1 ליטר,בית-השיטה עסיס תעשיות מז,IL,סירופ דיאט פטל 1 ל צבעים טבעיים,ליטרים,1.00,ליטר,false,1,17.90,17.9000,true,1,217375
7290000272696,false,עסיס מיץ לימון טבעי משומר 1 ל' אסם,בית-השיטה עסיס תעשיות מז,IL,עסיס מיץ לימון משומר 1 ליטר,ליטרים,1.00,ליטר,false,12,11.90,11.9000,true,1,217269
7290000272726,false,חומץ רכיבים רכיבים טבעיים 5% עסיס 1 ליטר,בית-השיטה עסיס תעשיות מז,IL,חומץ טבעי 5% עסיס 1 לי,ליטרים,1.00,ליטר,false,1,7.90,7.9000,true,1,217268
7290000286297,false,"אנטי קאלק מסיר אבנית מקומקום סנו 700 מ""ל",סנו מפעלי ברונוס בעמ,IL,מסיר אבן מקומקום סנו אנטיקאלק 700 מל,מיליליטרים,700.00,"100 מ""ל",false,1,9.90,1.4143,true,1,217431
7290000286471,false,סנו מדיק ג'ל לניקוי ידיים דמויות סיליקון,nantong health & bey,CN,גל לניקוי ידיים דמויות סיליקון לתלייה30ג,יחידה,1.00,יחידה,false,10,9.90,9.9000,true,1,319124
7290000286594,false,אבקה לניקוי במיכל לימון X סנו 600 גרם,סנו מפעלי ברונוס בעמ,IL,סנו איקס לימון במיכל,יחידה,600.00,יחידה,false,1,10.90,0.0182,true,1,219829
7290000286877,false,"רב מתכת מנקה מתכות סנו 300 מ""ל",סנו,IL,סנו רב מתכת,מיליליטרים,370.00,"100 מ""ל",false,1,25.90,7.0000,true,1,217157
7290000286921,false,"ספריי להסרת כתמים סנו קל 750 מ""ל",סנו מפעלי ברונוס בעמ,IL,סנוקל רסס כבס 750 מל,מיליליטרים,750.00,"100 מ""ל",false,1,14.90,1.9867,true,1,219418
7290000286971,false,גבינת ברי קמבוזולה ב,,,גבינת ברי קמבוזולה במשקל,קילוגרמים,1.00,"ק""ג",true,,159.00,159.0000,true,1,326185
7290000287102,false,"ספריי שמפו לניקוי שטיחים סנו 600 מ""ל",מיוצר עי קונדיטוריית,IL,שמפו לניקוי שטיחים סנו 540 מל,מיליליטרים,540.00,"100 מ""ל",false,1,21.90,4.0556,true,1,217160
7290000287195,false,"סנו רהיט ספריי עשיר בווקס להברקה 305 מ""ל",מיוצר עי קונדיטוריית,IL,ספריי לניקוי רהיטים סנו רהיט 230 גר,מיליליטרים,230.00,"100 מ""ל",false,1,14.90,6.4783,true,1,217159
7290000287409,false,"שלישיית סנובון תות לאסלה ""סנו""",סנו מפעלי ברונוס בעמ,IL,סבון אסלה סנובון שלישיה תות,יחידה,3.00,יחידה,false,1,11.90,3.9667,true,1,217164
7290000287430,false,סנובון צבעוני לאסלה בריח לימון שלישייה,סנו מפעלי ברונו בעמ,IL,סבון אסלה סנובון שלישיה לימון,יחידה,3.00,יחידה,false,1,11.90,3.9667,true,1,221776
7290000287621,false,"אנטי קאלק נוזל לניקוי אסלות סנו 750 מ""ל",מיוצר עי קונדיטוריית,IL,נוזל אסלה סנו אנטי קאלק 750 מל,מיליליטרים,750.00,"100 מ""ל",false,1,10.90,1.4533,true,1,219825
7290000288024,false,סנו - ז'אוול אקונומיקה בריח לימון 4 ליטר,"סנו מפעלי ברונוס בע""מ",IL,נוזל סנו זאול לימון 4 ליטר,ליטרים,4.00,ליטר,false,1,16.90,4.2250,true,1,216575
7290000288048,false,סנו זאוול מרסס מונבלאן 1 ליטר,"סנו מפעלי ברונוס בע""מ",IL,מרסס סנו זאוול 1ליטר בריח לבנדר,ליטרים,1.00,ליטר,false,1,18.90,18.9000,true,1,217424
7290000288079,false,סנו - ז'אוול אקונומיקה לימון 2 ליטר,"סנו מפעלי ברונוס בע""מ",IL,סנו זאוול לימון 2 ליטר,ליטרים,2.00,ליטר,false,1,9.90,4.9500,true,1,218055
7290000288086,false,אבקת ניקוי עם אקונומיקה בריח לימון סנו ז'אוול 600 ג',מיוצר עי קונדיטוריית,IL,אבקת ניקוי סנו זאוול מילוי,גרמים,600.00,100 גרם,false,1,11.90,1.9833,true,1,219417
7290000288727,false,סנו מקסימה אבקת כביסה מאסק מילוי 1.25,קריות זול,IL,אב.כביסה מקסימה מאסק 1.25 קג,קילוגרמים,1.25,"ק""ג",false,1,13.90,11.1200,true,1,216672
7290000289069,false,סנו - ז'אוול מרסס קצף ניקוי בתוספת אקונומיקה בריח לימון 1 ליטר,"סנו מפעלי ברונוס בע""מ",IL,סנו זאוול מרסס לימון 1 ליטר,ליטרים,1.00,ליטר,false,1,18.90,18.9000,true,1,217423
7290000289236,false,K3 נמלים פיתיון ג'ל - קוטל נמלים בבית ובחצר,"סנו מפעלי ברונוס בע""\מ",IL,סנו קיי 3 נמלים,יחידה,1.00,יחידה,false,6,54.90,54.9000,true,1,322312
7290000289472,false,סנו סושי שקיות אשפה - 50 יחידות,מיוצר עי קונדיטוריית,IL,סנו סושי שקיות 90*76 מרשרש 50 יח,יחידה,50.00,יחידה,false,1,22.90,0.4580,true,1,216872
7290000289496,false,"סנו - ז'אוול ג'ל קרם לניקוי כללי לימון 750 מ""ל","סנו מפעלי ברונוס בע""\מ",IL,סנו זאוול גל קרם לימון 750 מל,מיליליטרים,750.00,"100 מ""ל",false,1,12.90,1.7200,true,1,219832
7290000289595,false,"אורביטול משחת שיניים לילדים בטעם תות שדה 145 מ""ל",טרופיקל דגיל תעשיות קוסמ,IL,מש.שיניים אורביטול ילדים תות,גרמים,145.00,100 גרם,false,1,8.90,6.1379,true,1,219871
7290000291857,false,פוליויקס נוזל רצפות בניחוח גולדן סאנרייז סנו 2 ליטר,סנו פוליויקס,IL,נוזל רצפה פוליוקס 2 ליטר גולדן,ליטרים,2.00,ליטר,false,1,19.90,9.9500,true,1,217051
7290000291932,false,"סנובון נוזל לניקוי אסלה בניחוח לבנדר סנו 750 מ""ל","סנו מפעלי ברונוס בע""מ",IL,סנובון נוזלי בניחוח לבנדר 750 מל,מיליליטרים,750.00,"100 מ""ל",false,1,10.90,1.4533,true,1,217162
7290000291956,false,סנו ז'אוול בריח לבנדר 1 ל',סנו,,סנו זאוול לבנדר 1 ליטר,ליטרים,1.00,ליטר,false,1,8.90,8.9000,true,1,217420
7290000292007,false,K3 פיתיון ג'ל קוטל תיקנים (ג'וקים) בבית ובחצר,מיוצר עי קונדיטוריית,IL,סנו קיי 3 פיתיון גל במזרק קוטל תיקנים,Unknown,0.00,Unknown,false,12,54.90,0.0000,true,1,316363
7290000292502,false,"K 800 קוטל נמלים סנו 300 מ""ל","סנו מפעלי ברונוס בע""מ",IL,קוטל נמלים קיי 800 בניחוח לבנדר 300מל,מיליליטרים,300.00,"100 מ""ל",false,12,19.90,6.6333,true,1,313549
7290000292564,false,סנו K-2000 תרסיס מיקרו קפסולרי ללא ריח 750 מ”ל,מיוצר עי קונדיטוריית,IL,קיי 2000 מיקרו קפסולרי,מיליליטרים,750.00,"100 מ""ל",false,1,29.90,3.9867,true,1,218334
7290000292687,false,סנובון מוצק לניקוי אסלה קלאסיק כחול סנו 3 יחידות,מיוצר עי קונדיטוריית,IL,סבון אסלה סנובון כחול שלישיה,יחידה,3.00,יחידה,false,1,14.90,4.9667,true,1,217161
7290000292915,false,"תרסיס לניקוי כללי רסס ונגב סנו 750 מ""ל","סנו מפעלי ברונוס בע""\מ",IL,נוזל לניקוי כללי סנו רסס ונגב 750 מל,מיליליטרים,750.00,"100 מ""ל",false,1,12.90,1.7200,true,1,219807
7290000293073,false,מקסימה מרכך כביסה ביו לבן סנו 4 ליטר,"סנו מפעלי ברונוס בע""\מ",IL,מרכך כביסה סנומקסימה 4 ל ביו,ליטרים,4.00,ליטר,false,1,22.90,5.7250,true,1,217410
7290000295367,false,"מקסימה אבקת כביסה אפקט ז'אוול סנו 2.5 ק""ג",סנו מקסימה,IL,אב.כביסה מקסימה אפקט זאוול 2.5 קג,קילוגרמים,2.50,"ק""ג",false,1,26.90,10.7600,true,1,297706
7290000295404,false,שקיות אשפה עם שרוך 54 * 65 סנו סושי 60 יחידות,מיוצר עי קונדיטוריית,IL,שקית אשפה 60 יח סנו סושי 50/70,יחידה,60.00,יחידה,false,1,21.90,0.3650,true,1,219811
7290000295558,false,"רדיד אלומיניום רוחב 30 ס""מ סנו סושי 2 יח' 7.5 מטר",מולינו ניקולי s.p.a,TR,זוג רדיד אלומיניום קצר 30*7.5 סנו סושי,יחידה,2.00,יחידה,false,1,12.90,6.4500,true,1,219862
7290000295572,false,"מארז זוגי מנקה אסלות 00 סנו 750 מ""ל",מיוצר עי קונדיטוריית,IL,זוג נוזל לניקוי אסלות סנו 750 מל,ליטרים,1.50,ליטר,false,1,19.90,13.2667,true,1,216936
7290000300900,false,שניצל תירס מרכיבים טבעיים טבעול 750 גרם,עיצובים 2020 (4.8),IL,שניצל תירס טבעול 750 גר,גרמים,750.00,100 גרם,false,1,29.90,3.9867,true,1,216634
7290000303581,false,פול מצרי פרי הגליל 560 גרם,"פרי הגליל בע""""מ",IL,פול מצרי א/2 פרי גליל,גרמים,668.00,100 גרם,false,1,6.90,1.0329,true,1,217047
7290000303598,false,שעועית לבנה ברוטב עגבניות פרי הגליל 570 גרם,"פרי הגליל בע""""מ",IL,שעועית לבנה אפויה במיץ עגב א/2 פרי גליל,גרמים,550.00,100 גרם,false,1,6.90,1.2545,true,1,216639
7290000303604,false,חומוס גרגירים A2 פרי גליל 550ג',"פרי הגליל בע""""מ",IL,חומוס גרגירים שלם א/32 פרי גליל,גרמים,640.00,100 גרם,false,1,6.90,1.0781,true,1,217839
7290000307015,false,אפונת גינה בינונית פרי הגליל 550 גרם,"פרי הגליל בע""""מ",IL,אפונה גינת בינונית א/2 פרי גליל,גרמים,640.00,100 גרם,false,1,6.90,1.0781,true,1,218267
7290000307046,false,אפונת גינה וגזר פרי הגליל 550 גרם,"פרי הגליל בע""""מ",IL,אפונת גינה וגזר א/2 פרי גליל,גרמים,640.00,100 גרם,false,1,6.90,1.0781,true,1,218266
7290000307220,false,גרעיני תירס מתוק בואקום פרי הגליל 285 גרם,"פרי הגליל בע""""מ",IL,תירס גרעינים מתוק ואקום 340 ג פרי גליל,גרמים,340.00,100 גרם,false,1,6.00,1.7647,true,1,218409
7290000307237,false,גרעיני תירס מתוק פרי הגליל 550 גרם,"פרי הגליל בע""""מ",IL,תירס גרעינים מתוק א/2 פרי גליל,גרמים,580.00,100 גרם,false,1,7.90,1.3621,true,1,217966
7290000307343,false,שעועית ירוקה חתוכה פרי הגליל 550 גרם,"פרי הגליל בע""""מ",IL,שעועית ירוקה חתוכה א/2 פרי גליל,גרמים,680.00,100 גרם,false,1,7.50,1.1029,true,1,216641
7290000307800,false,פול ירוק מוקפא פרי גליל 800ג',"פרי הגליל בע""""מ",IL,פול ירוק קפוא 800 גר פרי גליל,גרמים,800.00,100 גרם,false,1,18.90,2.3625,true,1,299067
7290000311128,false,מן עוגיות בטעם חמאה 300 גרם*נ.ל.פ,תות ממתקי איכות,IL,עוגיות מן טעם חמאה 300 גר,גרמים,300.00,100 גרם,false,1,7.90,2.6333,true,1,237344
7290000311203,false,"וופלים בטעם שוקולד ""מן"" 200 גרם",תות ממתקי איכות,IL,וופל שוקו 200גרם מן,גרמים,200.00,100 גרם,false,12,5.50,2.7500,true,1,237334
7290000311210,false,"וופלים בטעם לימון ""מן"" 200 גרם","רוקחמן בע""מ",IL,וופל לימון 200גרם מן,גרמים,200.00,100 גרם,false,12,5.50,2.7500,true,1,244126
7290000311227,false,"וופלים במילוי קרם קפה ""מן"" 200 גרם","רוקחמן בע""מ",IL,וופל בטעם קפה 200גרם מן,גרמים,200.00,100 גרם,false,12,5.50,2.7500,true,1,244124
7290000311425,false,ופל מצופה עשיריות מן 220 גרם מארז 10 יחידות,תות ממתקי איכות,IL,וופל מצופה עשיריות (כחול 24) מן,גרמים,240.00,100 גרם,false,24,9.90,4.1250,true,1,237335
7290000311708,false,מן עוגיות מחיטה מלאה 300 גרם*נ.ל.פ,תות ממתקי איכות,IL,עוגיות חיטה מלאה 300גרם מן,גרמים,300.00,100 גרם,false,12,7.90,2.6333,true,1,237336
7290000311715,false,מן עוגיות כוכבים בטעם שוקולד 300 גרם*נ.ל.פ,תות ממתקי איכות,IL,עוגיות בטעם שוקו 300גרם מן,גרמים,300.00,100 גרם,false,12,7.90,2.6333,true,1,237337
7290000311722,false,מן עוגיות כוכבים וניל 300 גרם,תות ממתקי איכות,IL,עוגיות כוכבים 300גרם מן,גרמים,300.00,100 גרם,false,12,7.90,2.6333,true,1,237346
7290000311869,false,מן-וופלים בטעם שוק ללא תוספת סוכר 180ג,תות ממתקי איכות,IL,וופל מן שוקולד ללא סוכר 180 גרם,גרמים,180.00,100 גרם,false,1,8.90,4.9444,true,1,301719
7290000311876,false,מן-וופלים בטעם וניל ללא תוספת סוכר 180ג,"רוקחמן בע""מ",IL,וופל מן וניל ללא סוכר 180 גרם,גרמים,180.00,100 גרם,false,1,8.90,4.9444,true,1,301720
7290000311890,false,מן וופל לימון ללא סוכר 180 גר-חדש,"רוקחמן בע""מ",IL,וופל מן לימון ללא סוכר 180 גרם,גרמים,180.00,100 גרם,false,1,8.90,4.9444,true,1,337353
7290000313160,false,זהבה ושלושת הדובים עוגיות בטעם שוקולד אסם 350 גרם,"הגביע מוצרי וופלים בע""\מ",IL,עוגיות זהבה ושלושת הדובים שוקולד 250 ג,גרמים,250.00,100 גרם,false,1,8.60,3.4400,true,1,218916
7290000313290,false,אסם נודלס נודלס אטריות מסולסלות 200גר,תאי פרזידנט פוד בנגק,TH,נודלס אסם אטריות מסולסלות 200 ג,גרמים,200.00,100 גרם,false,1,10.90,5.4500,true,1,218760
7290000315126,false,קנור ציר עוף משחתי 300 ג,יוניליוור ישראל מזון בע\,IL,ציר עוף קנור 300 גרם,גרמים,300.00,100 גרם,false,1,25.90,8.6333,true,1,222532
7290000315133,false,קנור ציר בקר משחתי 300ג,יוניליוור ישראל מזון בע\,IL,ציר בקר קנור 300 גרם,גרמים,300.00,100 גרם,false,1,25.90,8.6333,true,1,222533
7290000318004,false,פסטרמה מעושנת בציפוי,,,אווז בון במשקל,קילוגרמים,1.00,"ק""ג",true,,121.00,121.0000,true,1,220790
7290000318011,false,נקניקיות עוף והודו ע,,,נקניקיות ענקיות 1 קג,קילוגרמים,1.00,"ק""ג",false,,29.90,29.9000,true,1,284011
7290000318103,false,פסטרמה ברביקיו במשקל,מעדני יחיעם,IL,פסטרמה ברביקיו במשקל,קילוגרמים,1.00,"ק""ג",true,,69.00,69.0000,true,1,220775
7290000318127,false,"נקניקיות ביס 380 גרם ""יחיעם""",מעדני יחיעם 1993,IL,נקניקיות ביס 380 גרם,גרמים,380.00,100 גרם,false,1,11.90,3.1316,true,1,220829
7290000318165,false,פסטרמה צלויה על גחלי,מעדני יחיעם,IL,פסטרמה צלויה על גחלים במשקל,קילוגרמים,1.00,"ק""ג",true,,69.00,69.0000,true,1,220783
7290000318288,false,פסטרמה חזה הודו בדבש,מעדני יחיעם,IL,פסטרמה חזה הודו בדבש במשקל,קילוגרמים,1.00,"ק""ג",true,,69.00,69.0000,true,1,222015
7290000318349,false,פסטרמה בסגנון איטלקי,מעדני יחיעם,IL,פסטרמה בסגנון איטלקי במשקל,קילוגרמים,1.00,"ק""ג",true,,69.00,69.0000,true,1,300586
7290000318363,false,פסטרמה הודו לבגט מחיר לפ,מעדני יחיעם,IL,פסטרמה ברביקיו לבגט במשקל,קילוגרמים,1.00,"ק""ג",true,,69.00,69.0000,true,1,304145
7290000318493,false,כתףבקר מפולפליחיעם מ,מעדני יחיעם,IL,כתף בקר מפולפל במשקל,קילוגרמים,1.00,"ק""ג",true,,119.00,119.0000,true,1,223861
7290000318530,false,רוסטביף צלי בקר במשק,מעדני יחיעם,IL,רוסטביף צלי בקר במשקל,קילוגרמים,1.00,"ק""ג",true,,119.00,119.0000,true,1,220799
7290000318677,false,נקניק סלמי סרוולט יחיעם 150 גרם,מעדני יחיעם 1993,IL,נקניק סלמי סרוולט 150 גר שינגל,גרמים,150.00,100 גרם,false,1,23.90,15.9333,true,1,224062
7290000318707,false,נקניק סלמי מעושן יחיעם 500 גרם,מעדני יחיעם 1993,IL,נקניק סלמי מעושן יח,גרמים,500.00,100 גרם,false,1,29.90,5.9800,true,1,220813
7290000318806,false,סלמי סרוולד אמיתי במשקל,מעדני יחיעם,IL,סלמי סרוולט במשקל,קילוגרמים,1.00,"ק""ג",true,,169.00,169.0000,true,1,220805
7290000318837,false,קורנדביףבקר מעדנ.יחי,מעדני יחיעם,IL,קורנדביף בקר במשקל,קילוגרמים,1.00,"ק""ג",true,,119.00,119.0000,true,1,220798
7290000318851,false,סלמי קונייאק יחיעם,מעדני יחיעם,IL,סלמי קוניאק במשקל,קילוגרמים,1.00,"ק""ג",true,,89.00,89.0000,true,1,220800
7290000318868,false,סלמי פפרוני יחיעם,מעדני יחיעם,IL,סלמי פפרוני במשקל,קילוגרמים,1.00,"ק""ג",true,,79.00,79.0000,true,1,220801
7290000318882,false,סלמי מעושן איטלקי במ,מעדני יחיעם,IL,סלמי מעושן איטלקי במשקל,קילוגרמים,1.00,"ק""ג",true,,69.00,69.0000,true,1,220804
7290000318899,false,נקניק סלמי פיין יחיע,מעדני יחיעם,IL,סלמי פיין במשקל,קילוגרמים,1.00,"ק""ג",true,,45.00,45.0000,true,1,220802
7290000318929,false,סלמי צרפתי מובחר במשקל,מעדני יחיעם,IL,סלמי צרפתי במשקל,קילוגרמים,1.00,"ק""ג",true,,169.00,169.0000,true,1,220806
7290000318943,false,פסטרמה של פעם מעושן 1.5% יחיעם 200 גרם,תאי פרזידנט פוד פאבל,IL,פסטרמה של פעם 200 גר שינגל,גרמים,200.00,100 גרם,false,1,22.90,11.4500,true,1,224063
7290000319049,false,פסטרמה מעודנת בפפריק,יחיעם,,פסטרמה מעודנת בפפריקה במשקל,קילוגרמים,1.00,"ק""ג",true,,49.00,49.0000,true,1,225516
7290000319063,false,כתף בקר מפולפל יחיעם 150 גרם,מעדני יחיעם,IL,כתף בקר מעושן בציפוי פלפל 150 גרם,גרמים,150.00,100 גרם,false,1,25.90,17.2667,true,1,312074
7290000319131,false,נקניקיות עוף יחיעם 400 גרם,מעדני יחיעם 1993,IL,נקניקיות עוף 400 גרם יחיעם,גרמים,400.00,100 גרם,false,1,11.90,2.9750,true,1,220832
7290000319339,false,סלמי פרח יחיעם,מעדני יחיעם,IL,סלמי פרח במשקל,קילוגרמים,1.00,"ק""ג",true,,89.00,89.0000,true,1,234004
7290000319520,false,נקניק סלמי צרפתי יחיעם 100 גרם,מעדני יחיעם 1993,IL,נקניק סלמי צרפתי 100 ג,גרמים,100.00,100 גרם,false,1,20.90,20.9000,true,1,221839
7290000319704,false,נקניק כתף בקר מעושן,מעדני יחיעם,IL,כתף בקר מעושן במשקל,קילוגרמים,1.00,"ק""ג",true,,109.00,109.0000,true,1,220797
7290000319728,false,סלמי איטלקי מפולפל י,מעדני יחיעם,IL,סלמי איטלקי מפולפל במשקל,קילוגרמים,1.00,"ק""ג",true,,86.00,86.0000,true,1,220803
7290000319759,false,סלמי תה יחיעם מעדניה,מעדני יחיעם,IL,נקניק סלמי תה מעדנייה במשקל,קילוגרמים,1.00,"ק""ג",true,,45.00,45.0000,true,1,242363
7290000319841,false,פסטרמה מהמעשנה יחיעם,יחיעם,,פסטרמה מהמעשנה במשקל,קילוגרמים,1.00,"ק""ג",true,,69.00,69.0000,true,1,336310
7290000319971,false,צלעות בקר על האש יחי,מעדני יחיעם,IL,צלעות בקר על האש במשקל,קילוגרמים,1.00,"ק""ג",true,,129.00,129.0000,true,1,235364
7290000334325,false,ציפס למיקרו מארז שלישיה 125 ג' תפוגן,"תעשיות תפוגן בע""\מ",IL,ציפס מיקרוגל תפוגן 375 גר,גרמים,375.00,100 גרם,false,1,15.90,4.2400,true,1,219252
7290000334684,false,טבעות בצל תפוגן 700 גרם,"תעשיות תפוגן בע""\מ",IL,טבעות בצל תפוגן 700 גר,גרמים,700.00,100 גרם,false,1,17.90,2.5571,true,1,217927
7290000334745,false,"אמריקאן צ'יפס תפוגן 1.5 ק""ג","תעשיות תפוגן בע""מ",IL,תפוגן אמריקן ציפס 1.5 קג,קילוגרמים,1.50,"ק""ג",false,1,24.90,16.6000,true,1,239935
7290000334981,false,"אמריקן צ'יפס 1,2,3 750גר","תעשיות תפוגן בע""\מ",IL,אמריקן ציפס 1-2-3 תפוגן 750 גר,גרמים,750.00,100 גרם,false,10,26.90,3.5867,true,1,218247
7290000339191,false,אבקת הלבנה רן ללא כל,יוניליוור ניקיון,IL,רן הלבנה 0.35קג,גרמים,350.00,100 גרם,false,12,21.90,6.2571,true,1,216709
7290000339566,false,בדין מרכך כביסה ורוד 4 ליטר,יוניליור ישראל טיפוח איש,IL,מרכך בדין 4 ליטר ורוד,ליטרים,4.00,ליטר,false,1,22.90,5.7250,true,1,217404
7290000339849,false,"משחה להדחת כלים ולניקיון כללי סמדר 3.5 ק""ג",סיף פנטסטיק,IL,משחה סמדר 3.5קג זוהר,קילוגרמים,3.50,"ק""ג",false,1,33.90,9.6857,true,1,221187
7290000339887,false,"משחת כלים סיף קלין לימון 5 3 ק""ג",אתר ליוור - HPC,IL,משחה לימון 3.5קג זוהר,קילוגרמים,3.50,"ק""ג",false,1,33.90,9.6857,true,1,221188
7290000341071,false,בדין - מרכך כביסה בייבי לבן 2 ליטר,יוניליור ישראל טיפוח איש,IL,בדין בייבי 2 ליטר 2010,ליטרים,2.00,ליטר,false,6,19.90,9.9500,true,1,217407
7290000342832,false,מרכך כביסה צהוב בדין 4 ליטר,יוניליוור פארם,IL,מרכך בדין 4 ליטר צהוב,ליטרים,4.00,ליטר,false,1,22.90,5.7250,true,1,217406
7290000342856,false,מרכך כביסה כחול בדין 4 ליטר,יוניליור ישראל טיפוח איש,IL,מרכך בדין 4 ליטר כחול,ליטרים,4.00,ליטר,false,1,22.90,5.7250,true,1,217405
7290000345048,false,תה ויסוצקי 74 - 125 גרם,תה ויסוצקי,IL,תה 74 - 125 גרם,גרמים,125.00,100 גרם,false,1,13.50,10.8000,true,1,216685
7290000345116,false,תה ירוק ויסוצקי 125 גרם,תה ויסוצקי,IL,תה ירוק,גרמים,125.00,100 גרם,false,12,14.90,11.9200,true,1,218395
7290000345208,false,תה כחול קלאסיק ויסוצקי 25 יחידות,תה ויסוצקי,IL,תה ויסוצקי קלאסי 25/1,יחידה,25.00,יחידה,false,12,6.90,0.2760,true,1,218350
7290000345215,false,תה כחול קלאסיק ויסוצקי 100 יחידות,מולינו ניקולי s.p.a,IL,תה ויסוצקי קלאסי 100/1,יחידה,100.00,יחידה,false,15,18.90,0.1890,true,1,218391
7290000345260,false,תה קלאסיק מעטפות ויסוצקי 25 יחידות,מולינו ניקולי s.p.a,IL,תה ויסוצקי קלאסי 25/1.5,יחידה,25.00,יחידה,false,12,7.30,0.2920,true,1,218320
7290000345277,false,תה ויסוצקי קלאסי אריזה ירוקה מרובעת (50שקיקים),מולינו ניקולי s.p.a,IL,תה ויסוצקי קלאסי 50/1.5,יחידה,50.00,יחידה,false,12,12.90,0.2580,true,1,218330
7290000345284,false,תה ויסוצקי קלאסי אריזה ירוקה מרובעת (100 שקיקים),מולינו ניקולי s.p.a,IL,תה ויסוצקי קלאסי 100/1.5,יחידה,100.00,יחידה,false,15,19.90,0.1990,true,1,218390
7290000345291,false,תה ארל גריי ויסוצקי 25 יחידות,תה ויסוצקי,IL,בלק לייבל תה ארל גריי 25 שק 1 ג,יחידה,25.00,יחידה,false,1,16.50,0.6600,true,1,218321
7290000345307,false,תה ארל גריי ויסוצקי 50 יחידות,מולינו ניקולי s.p.a,IL,תה ארל גריי 50 שק 1.5 גרם,יחידה,50.00,יחידה,false,1,24.90,0.4980,true,1,218349
7290000345536,false,תה נענע ויסוצקי 25 יחידות,מולינו ניקולי s.p.a,IL,תה נענע,יחידה,25.00,יחידה,false,12,17.90,0.7160,true,1,218381
7290000346021,false,חליטת קמומיל הגן הקסום ויסוצקי 50 יחידות,בית ויסוצקי,IL,תה גן הקסום קמומיל 1.5 ג 50 שק,גרמים,75.00,100 גרם,false,1,32.90,43.8667,true,1,216784
7290000346120,false,חליטת קינמון הגן הקסום ויסוצקי 25 יחידות,תה ויסוצקי,IL,תה גן הקסום קסם הקינמון1.5ג 25שק,יחידה,25.00,יחידה,false,1,18.90,0.7560,true,1,218389
7290000346137,false,חליטת הילולי פירות הגן הקסום ויסוצקי 25 יחידות,תה ויסוצקי,IL,תה גן הקסום הילולי פירות 2 ג 25ש,יחידה,25.00,יחידה,false,1,18.90,0.7560,true,1,218383
7290000346144,false,הגן הקסום תה עינוגי התפוח ויסוצקי 25 יחידות,תה ויסוצקי,IL,תה גן הקסום עינוגי התפוח 2ג 25שק,יחידה,25.00,יחידה,false,1,18.90,0.7560,true,1,218386
7290000346168,false,חליטת שומר הגן הקסום ויסוצקי 25 יחידות,תה ויסוצקי,IL,תה גן הקסום שומר 1.5 ג 25 שק,יחידה,25.00,יחידה,false,1,18.90,0.7560,true,1,221583
7290000346199,false,חליטת פירות יער הגן הקסום ויסוצקי 25 יחידות,תה ויסוצקי,IL,תה גן הקסום פירות יער 2ג 25שק,יחידה,25.00,יחידה,false,1,18.90,0.7560,true,1,218387
7290000346205,false,חליטת קמומיל הגן הקסום ויסוצקי 25 יחידות,תה ויסוצקי,IL,תה גן הקסום קמומיל 1 גר 25 שקיקים,יחידה,25.00,יחידה,false,1,18.90,0.7560,true,1,218388
7290000346212,false,חליטת מנטה הגן הקסום ויסוצקי 25 יחידות,תה ויסוצקי,IL,תה גן הקסום מנטה 2 ג 25 שק,יחידה,25.00,יחידה,false,1,18.90,0.7560,true,1,218385
7290000346229,false,הגן הקסום תה ורד הבר והיביסקוס ויסוצקי 25 יחידות,תה ויסוצקי,IL,תה גן הקסום ורד הבר 25 שקיקים,יחידה,25.00,יחידה,false,1,18.90,0.7560,true,1,218384
7290000346236,false,חליטת לואיזה וורבנה הגן הקסום ויסוצקי 25 יחידות,תה ויסוצקי,IL,תה גן הקסום לואיזה 2 ג 25 שק,יחידה,25.00,יחידה,false,12,18.90,0.7560,true,1,218910
7290000346960,false,תה ויסוצקי נענע 1.7 גרם 50יח',בית ויסוצקי,IL,תה נענע,גרמים,75.00,100 גרם,false,12,29.90,39.8667,true,1,218380
7290000347738,false,תה ירוק נענע ויסוצקי 25 יחידות,תה ויסוצקי,IL,תה ירוק נענע,יחידה,25.00,יחידה,false,12,24.90,0.9960,true,1,218376
7290000347752,false,תה ירוק לימונית ולואיזה 25 שקיקים *1.5 ג'' ויסוצקי,תה ויסוצקי,IL,תה ירוק לימונית ולואיזה,יחידה,25.00,יחידה,false,12,24.90,0.9960,true,1,218375
7290000363189,false,סרוולד טירת צבי מעדנ,הנסיך- מפעל לייצור ט,IL,נקניק סלמי סרוולד במשקל,קילוגרמים,1.00,"ק""ג",true,,170.00,170.0000,true,1,222795
7290000363363,false,קבנוס נקניק מעושן יבש 160 גרם,הנסיך- מפעל לייצור ט,IL,קבנוס מיוחד 160 ג טירת צבי,גרמים,160.00,100 גרם,false,1,13.90,8.6875,true,1,220936
7290000363462,false,סלמי מעושן איטלקי טי,טירת- צבי,IL,נקניק סלמי איטלקי מעושן במשקל,קילוגרמים,1.00,"ק""ג",true,,75.00,75.0000,true,1,221158
7290000363486,false,נקניק תה טירת צבי מע,טירת- צבי,IL,נקניק סלמי תה במשקל,קילוגרמים,1.00,"ק""ג",true,,52.00,52.0000,true,1,221154
7290000363899,false,נקניקיות פיקנטיות טירת צבי 400 גרם,טירת צבי - מדף,IL,נקניקיות פיקנטיות 400 ג,גרמים,400.00,100 גרם,false,1,11.90,2.9750,true,1,220944
7290000364261,false,"דקניקים, סלסולי פסטרמה כתף בקר מעושנת 120 גרם",הנסיך- מפעל לייצור ט,IL,סלסולי כתף בקר 120 גר,גרמים,120.00,100 גרם,false,1,15.90,13.2500,true,1,227909
7290000364278,false,דקניקים סלסולי סלמי איטלקי משובח טירת צבי 120 גרם,הנסיך- מפעל לייצור ט,IL,סלסולי סלמי איטלקי משובח 120 גר,גרמים,120.00,100 גרם,false,1,15.90,13.2500,true,1,227910
7290000364285,false,דקניקים סלסולי פסטרמה הודו טירת צבי 120 גרם,הנסיך- מפעל לייצור ט,IL,סלסולי פסטרמה הודו 120 גר,גרמים,120.00,100 גרם,false,1,15.90,13.2500,true,1,227911
7290000364292,false,דקניקים סלסולי פסטרמה הודו על גחלים 1% טירת צבי 120 גרם,הנסיך- מפעל לייצור ט,IL,סלסולי פסטרמה גחלים 120 גר,גרמים,120.00,100 גרם,false,1,15.90,13.2500,true,1,228463
7290000364544,false,פסטרמה עוף בגריל במש,טירת צבי,IL,פסטרמה עוף בגריל במשקל,קילוגרמים,1.00,"ק""ג",true,,75.00,75.0000,true,1,222902
7290000364759,false,נקניקיות וינר קרנץ טירת צבי 500 ג',הנסיך- מפעל לייצור ט,IL,נקניקיות קרנץ וינר 500 ג,גרמים,500.00,100 גרם,false,1,18.90,3.7800,true,1,220940
7290000364803,false,נקניקיות בקר אמריקאיות טירת צבי 500 גרם,הנסיך- מפעל לייצור ט,IL,נקניקיות קרנץ אמריקאיות 500 ג,גרמים,500.00,100 גרם,false,1,29.90,5.9800,true,1,220941
7290000364810,false,נקניקיות עגל 500 גרםטירת צבי,הנסיך- מפעל לייצור ט,IL,נקניקיות קרנץ עגל 500 ג,גרמים,500.00,100 גרם,false,1,29.90,5.9800,true,1,220942
7290000364858,false,"נקניקיות עוף טרי טירת צבי 1 ק""ג",הנסיך- מפעל לייצור ט,IL,נקניקיות עוף 1 קג,גרמים,1000.00,100 גרם,false,1,28.90,2.8900,true,1,221067
7290000364872,false,נקניקיות עוף טירת צבי 400 גרם,טיב טירת צבי 2000,IL,נקניקיות עוף 400 גרם,גרמים,400.00,100 גרם,false,1,11.90,2.9750,true,1,220939
7290000365046,false,פסטרמה כתף בקר מעושן,טירת- צבי,IL,כתף בקר מעושן במשקל,קילוגרמים,1.00,"ק""ג",true,,115.00,115.0000,true,1,222288
7290000365077,false,חזה אווז מעושן משקל,טירת צבי,IL,חזה אווז במשקל,קילוגרמים,1.00,"ק""ג",true,,185.00,185.0000,true,1,231089
7290000365398,false,חזה הודו בדבשטירת צבי,טירת- צבי,IL,פסטרמה חזה הודו בדבש במשקל,קילוגרמים,1.00,"ק""ג",true,,75.00,75.0000,true,1,221152
7290000365749,false,פס.הודו מעושנת ד.שומן קג,טירת צבי,IL,פסטרמה חזה הודו מעושן דל שומן במשקל,קילוגרמים,1.00,"ק""ג",true,,75.00,75.0000,true,1,222805
7290000365756,false,פסטרמה על גחלים ד.ש משקל,טירת צבי,IL,פסטרמה ברביקיו דל שומן במשקל,קילוגרמים,1.00,"ק""ג",true,,75.00,75.0000,true,1,222794
7290000365909,false,פסטרמה הודו מעושנתטירת צבי,טירת- צבי,IL,פסטרמה הודו מעושנת במשקל,קילוגרמים,1.00,"ק""ג",true,,75.00,75.0000,true,1,221156
7290000365954,false,פסטרמה על גחלים משקל,טירת- צבי,IL,פסטרמה גחלים במשקל,קילוגרמים,1.00,"ק""ג",true,,75.00,75.0000,true,1,221157
7290000367590,false,פסטרמה כפרית וסלמי פריזר כפרי טירת צבי 2*400 גרם,טיב טירת צבי 2000,IL,מארז צמד נקניק כפרי 800 ג,גרמים,800.00,100 גרם,false,1,29.90,3.7375,true,1,220935
7290000369037,false,סלט קוביות בולגרית גבינות ניצן 200 גרם,גבינות אמיר ניצן בעמ,IL,גבינה בולגרית קוביה 175 גרם,גרמים,175.00,100 גרם,false,1,14.90,8.5143,true,1,299427
7290000369341,false,לבנה אבו גוש ירוק15%משקל,גבינות אמיר ניצן בעמ,IL,לאבנה אבו גוש קג,קילוגרמים,1.00,"ק""ג",true,1,50.00,50.0000,true,1,224558
7290000369365,false,מעדן גבינה בולגרית עם חציל 9% ניצן 200 גרם,גבינות אמיר ניצן בעמ,IL,מעדן גבינה וחציל,גרמים,200.00,100 גרם,false,1,12.90,6.4500,true,1,219564
7290000369617,false,מעדן כדורי פטה בשמן מתובל ניצן 230 גרם,גבינות אמיר ניצן בעמ,IL,כדורי רחוב,גרמים,150.00,100 גרם,false,1,16.90,11.2667,true,1,224203
7290000369709,false,חמאה עירונית בתוספת ריחן ושום טרי גבינות ניצן 100 גרם,גבינות אמיר ניצן בעמ,IL,מעדן חמאות מתובלות,גרמים,100.00,100 גרם,false,1,12.90,12.9000,true,1,219348
7290000391229,false,קוקטייל פיצה בונז'ור,בונז'ור,,קוקטייל פיצה,קילוגרמים,1.00,"ק""ג",true,,62.00,62.0000,true,1,240415
7290000408354,false,יוגורט עם אורז מצופה שוקולד קקאו 175 ג' דנונה,"שטראוס בריאות בע""\מ",IL,יוגורט דנונה בר פיצפוצים קראנצ 173 גרם,גרמים,173.00,100 גרם,false,1,4.70,2.7168,true,1,218105
7290000416021,false,ממרח בטעם שוקולד השחר חלבי 500,השחר העולה,IL,ממרח שוקולד השחר 500 גר,גרמים,500.00,100 גרם,false,1,13.90,2.7800,true,1,217574
7290000416045,false,"ממרח בטעם שוקולד השחר 1 ק""ג",השחר העולה תעשייות מ,IL,ממרח השחר 1 קג,קילוגרמים,1.00,"ק""ג",false,1,24.90,24.9000,true,1,219117
7290000416618,false,"ממרח שוקולד פרווה השחר 400 גרם כשל""פ",השחר העולה תעשייות מ,IL,ממרח השחר פרווה 400 גרם,גרמים,400.00,100 גרם,false,1,12.90,3.2250,true,1,219079
7290000416809,false,ממרח חצי חצי נוגט אגוזים וקרם חלב השחר 350ג',השחר העולה תעשייות מ,IL,ממרח שחר חצי חצי 350 גר,גרמים,350.00,100 גרם,false,1,12.90,3.6857,true,1,311274
7290000416854,false,אבקת קקאו השחר העולה 150ג',השחר העולה תעשייות מ,IL,קקאו השחר 150 גר בשקית,גרמים,150.00,100 גרם,false,1,12.60,8.4000,true,1,223672
7290000416922,false,השחר ממרח חלב 350 גרם,השחר העולה תעשייות מ,IL,ממרח שחר חלב 350 גר,גרמים,350.00,100 גרם,false,1,12.90,3.6857,true,1,311273
7290000416984,false,ממרח שחר נוגט אגוזים,,,ממרח שחר נוגט אגוזים 350 גר,גרמים,350.00,100 גרם,false,1,13.90,3.9714,true,1,311272
7290000419107,false,לנדוור קפה מקורי לבוקר טחון טורקי 100 גרם,קפה לנדוור בע''מ,IL,קפה טורקי מקורי טחון כחול 100 גר לנדור,גרמים,100.00,100 גרם,false,1,6.90,6.9000,true,1,216814
7290000419220,false,מארז קפה לנדוור לבוקר 3 יח 100 גרם,קפה לנדוור,IL,מארז 3יח קפה לנדוור כחול 100 ג,גרמים,300.00,100 גרם,false,1,19.90,6.6333,true,1,222747
7290000419374,false,שלישיית קפה טחון טורקי לנדוור 100 גרם,קפה לנדוור,IL,מארז 3 יח קפה לנדוור לבוקר 100 גר,גרמים,300.00,100 גרם,false,1,19.90,6.6333,true,1,231565
7290000419893,false,לנדוור קפה שחור חזק טחון טורקי 100 גרם,מולינו ניקולי s.p.a,IL,קפה טורקי טחון לבוקר 100 גר לנדוור,גרמים,100.00,100 גרם,false,1,6.90,6.9000,true,1,225061
7290000419909,false,לנדוור קפה שחור לבוקר טחון טורקי 100 גרם,מולינו ניקולי s.p.a,IL,קפה טורקי טחון אספרסו 100 גר לנדוור,גרמים,100.00,100 גרם,false,1,6.90,6.9000,true,1,225062
7290000420325,false,"פופסטאר פופקורן למקירוגל בטעם טבעי 5 שקיות,500 גרם",פרסטון פארמס,US,פופקורן פופסטאר טבעי 500 גרם,גרמים,500.00,100 גרם,false,1,14.90,2.9800,true,1,217056
7290000420332,false,פופסטאר פופקורן למיקרוגל בטעם חמאה 5 יחידות 500 גרם,פרסטון פארמס,US,פופקורן פופסטאר חמאה 500 גר,גרמים,500.00,100 גרם,false,1,14.90,2.9800,true,1,217055
7290000420417,false,גלילונית שקיות אשפה 52X65 עם שרוך 60 יחידות,"איטיליאן פוד, אס.פי.",IL,שקיות אשפה 60 יח גלילונית 50*70,יחידה,60.00,יחידה,false,1,17.90,0.2983,true,1,218775
7290000432113,false,נרות שבת 4יח 140 גרם,פאלאס תעשיות נטו (20,IL,נרות שבת 4יח 140 גרם,גרמים,140.00,100 גרם,false,36,4.90,3.5000,true,1,296352
7290000432120,false,נרות חנוכה פאלאס 44 יחידות,מנורה,IL,נרות חנוכה 44 יחידות,יחידה,44.00,יחידה,false,1,3.90,0.0886,true,1,301149
7290000432182,false,נר נשמה בכוס 24 שעות,פאלאס תעשיות נטו (20,IL,נר נשמה 24 שעות,יחידה,1.00,יחידה,false,1,3.90,3.9000,true,1,296361
7290000432205,false,נר תמיד בכוס פאלאס 4,פאלאס תעשיות נטו (20,IL,נר תמיד 48 שעות,יחידה,1.00,יחידה,false,24,6.50,6.5000,true,1,296353
7290000432359,false,נר נשמה בכוס שבועי פ,פאלאס,CN,נר נשמה כוס שבועי,Unknown,0.00,Unknown,false,1,11.90,0.0000,true,1,245432
7290000432489,false,נרות חנוכה מיוחדים פאלאס 45 יחידות,מנורה,IL,נרות חנוכה מיוחד 45 יח,יחידה,45.00,יחידה,false,1,6.90,0.1533,true,1,301147
7290000434971,false,מצה מצופה שוקולד פפו,,,מצה מצופה שוקולד פפושדו 200 גר,גרמים,200.00,100 גרם,false,1,9.90,4.9500,true,1,227373
7290000446547,false,חמאת בוטנים טבעית בטר אנד דיפרנט 350 גרם,"בטר אנד דיפרנט בע""מ",IL,חמאת בוטנים טבעית 350גר בטר אנד דיפרנט,גרמים,350.00,100 גרם,false,12,14.90,4.2571,true,1,325117
7290000446554,false,"חמאת בוטנים טבעית בטר אנד דיפרנט 1 ק""ג",בטר אנד דיפרנט B&D,IL,חמאת בוטנים טבעית 1קג בטר אנד דיפרנט,קילוגרמים,1.00,"ק""ג",false,12,29.90,29.9000,true,1,325118
7290000449128,false,סיף פנטסטיק לימון ניקוי רב תכליתי 4ל',יוניליוור ישראל טיפוח אי,IL,נוזל לניקוי כללי סיף 4 ל לימון,ליטרים,4.00,ליטר,false,1,19.90,4.9750,true,1,217118
7290000450209,false,פוסידון טונה בהירה בשמן 77 גרם,"מיוצר עי וליגר בעמ,",IL,טונה פוסידון בשמן 108 גרם,גרמים,108.00,100 גרם,false,100,5.90,5.4630,true,1,217953
7290000450308,false,פוסידון טונה בהירה במי מלח 77 גרם,ויליגר בעמ עבור נטו,IL,טונה פוסידון במים 108 גרם,גרמים,108.00,100 גרם,false,100,5.90,5.4630,true,1,217952
7290000453019,false,שמרים טריים לאפייה שקית שמרית 50 ג',"פאקא תעשיות בע""\מ",IL,שימרית 50 גר,גרמים,50.00,100 גרם,false,1,5.40,10.8000,true,1,216622
7290000453125,false,שמרית שמרים טריים לאפייה +משפר אפייה 100ג,"פאקא תעשיות בע""\מ",IL,שמרית+משפר אפיה 50 גרם,Unknown,0.00,Unknown,false,1,8.60,0.0000,true,1,216623
7290000453200,false,בלילה להכנת פנקייק עם רכיבים ביתיים,"פאקא תעשיות בע""מ",DE,בלילה להכנת פנקייק 750גר שמרית,גרמים,750.00,100 גרם,false,8,22.90,3.0533,true,1,329340
7290000453224,false,שמרית בלילה לקרפ 750,שטראוס,IL,בלילה להכנת קרפ 750גר שמרית,גרמים,750.00,100 גרם,false,8,22.90,3.0533,true,1,329342
7290000453309,false,בצק פיצה ללא גלוטן תמי 230 גרם,תמי,FR,בצק פיצה תמי ללא גלוטן 230גר,גרמים,230.00,100 גרם,false,8,19.90,8.6522,true,1,329640
7290000453316,false,בצק עלים ללא גלוטן תמי 280 גרם,תמי,FR,בצק עלים תמי ללא גלוטן 280גר,גרמים,280.00,100 גרם,false,8,19.90,7.1071,true,1,329639
7290000453323,false,קמח תמי עמילן חיטה ללא גלוטן 500 גרם,תמי,IL,קמח תמי עמילן חיטה ללא גלוטן 500 גר,גרמים,300.00,100 גרם,false,12,18.90,6.3000,true,1,335136
7290000453330,false,תמי תערובת עוגת וניל ללא גלוטן 500גר,,IL,תערובת לעוגה וניל ללג 500 גר תמי,גרמים,300.00,100 גרם,false,12,18.90,6.3000,true,1,335677
7290000453408,false,בצק פיצה דק מצונן ומוכן לאפייה שמרית 415 גרם,"פאקא תעשיות בע""מ",FR,בצק פיצה דק שמרית מצונן מוכן לאפייה415ג,גרמים,415.00,100 גרם,false,8,15.90,3.8313,true,1,319390
7290000453415,false,בצק עלים מצונן ומוכן לאפייה שמרית 300 גרם,"פאקא תעשיות בע""מ",FR,בצק עלים שמרית מצונן ומוכן לאפייה 300גר,גרמים,300.00,100 גרם,false,8,15.90,5.3000,true,1,319387
7290000453422,false,בצק פילו מצונן ומוכן לאפייה שמרית 300 גרם,"פאקא תעשיות בע""מ",GR,בצק פילו שמרית מצונן ומוכן לאפייה 300גר,גרמים,300.00,100 גרם,false,8,15.90,5.3000,true,1,319388
7290000453446,false,פיצה קראסט בצק שמרים מצונן להכנת פיצה ופוקצ'ה,"פאקא תעשיות בע""מ",IL,פיצה קראסט 500גר שמרית,גרמים,500.00,100 גרם,false,8,19.90,3.9800,true,1,334102
7290000453484,false,בצק קדאיף לאפייה שמרית 350 גרם,"פאקא תעשיות בע""מ",GR,בצק קדאיף 350 גרם שמרית מצונן,גרמים,350.00,100 גרם,false,8,15.90,4.5429,true,1,336003
7290000453781,false,שמרים יבשים שמרית 125 גרם,"פאקא תעשיות בע""מ",PT,שמרים יבשים שימרית בואקום 125 גר,גרמים,125.00,100 גרם,false,1,6.90,5.5200,true,1,314782
7290000453798,false,שמרית שמרים יבשים אקטיביים 500 גר',"גי' בי' רכיבים בע""מ",IL,שמרים יבשים אקטיביים שימרית 500 גר,גרמים,500.00,100 גרם,false,1,14.90,2.9800,true,1,298878
7290000453866,false,נטורינה תחליף מרגרינה לבישול ואפיה קוקוס שמרית 200 גרם,גרונבאנג- גרונדנסק א,DK,תחליף מרגרינה נטורינה קוקוס 200 גר שמרית,גרמים,200.00,100 גרם,false,1,7.90,3.9500,true,1,310961
7290000453880,false,מרגרינה ללא מלח לאפיה ובישול שמרית 200גר,"פאקא תעשיות בע""מ",IL,מרגרינה ללא מלח לבישול ואפיה 200גר שמרית,גרמים,200.00,100 גרם,false,1,6.50,3.2500,true,1,299749
7290000453897,false,מרגרינה בטעם חמאה שמרית 200 גרם,גרונבאנג- גרונדנסק א,IL,מרגרינה בטעם חמאה 200 גרם שמרית,גרמים,200.00,100 גרם,false,1,6.50,3.2500,true,1,299748
7290000461625,false,בייגלה שמיניות מלח בייגל בייגל 400 ג',בייגל את בייגל מזון 198),IL,שמונה שמונה 400גר 12x,גרמים,400.00,100 גרם,false,12,10.90,2.7250,true,1,218065
7290000461656,false,בייגלה מקלות מלוחים בייגל בייגל 400 גרם,בייגל את בייגל מזון 198),IL,אחד אחד 400גר 12x,גרמים,400.00,100 גרם,false,12,10.90,2.7250,true,1,218061
7290000461700,false,בייגלה שמיניות גדולות מלוחות 400 גרם,בייגל את בייגל מזון 198),IL,גדול גדול 400גר 12x,גרמים,400.00,100 גרם,false,12,14.90,3.7250,true,1,218063
7290000461724,false,בייגלה שמיניות גדולות שומשום בייגל בייגל,יוניליוור מזון,IL,בייגלה גדול שומשום 400 גרם,גרמים,400.00,100 גרם,false,1,16.90,4.2250,true,1,218064
7290000461793,false,בייגלה ארוך ארוך סידרה ירוקה בייגל בייגל 150 גרם,בייגל את בייגל מזון 198),IL,בייגלה ארוך ארוך 150 גרם,גרמים,150.00,100 גרם,false,1,6.50,4.3333,true,1,217391
7290000467153,false,מלך החומוס סמיר הגדול 400 גרם צבר,סלטי צבר,IL,סלט חומוס סמיר הגדול צבר 400 גר,גרמים,400.00,100 גרם,false,1,14.90,3.7250,true,1,240499
7290000469638,false,"ספריי לגיהוץ קל מריטו 500 מ""ל",בולטון מניטובה,IT,ספריי גיהוץ מריטו ענק 500 מל,מיליליטרים,500.00,"100 מ""ל",false,12,20.90,4.1800,true,1,217401
7290000474076,false,"חלב קרטון 3%-1 ליטר ""טרה""-מוצר בפיקוח",הפריט בפיקוח,IL,חלב 3% בקרטון 1 ליטר מהדרין***,ליטרים,1.00,ליטר,false,1,6.23,6.2300,true,1,220904
7290000474090,false,"חלב בקרטון 1%- 1 ליטר בד""צ - מוצר בפיקוח",מילקו תעשיות בעמ,IL,חלב 1% בקרטון 1 ליטר***,ליטרים,1.00,ליטר,false,1,5.86,5.8600,true,1,220905
7290000474373,false,"שמנת חמוצה 15% שומן 200 מ""ל טרה",קריות זול,IL,שמנת חמוצה - 200 מל,מיליליטרים,200.00,"100 מ""ל",false,1,2.40,1.2000,true,1,220908
7290000474502,false,גבינה לבנה טרה 5% מרכיבים טבעיים,הפריט בפיקוח,IL,גבינה לבנה 250 גרם 5% מהדרין נועם,גרמים,250.00,100 גרם,false,1,4.98,1.9920,true,1,222485
7290000474540,false,טוב טעם גבינה לבנה 3% טרה 250 גרם,קריות זול,IL,טוב טעם 3% -250גרם מהדרין,גרמים,250.00,100 גרם,false,1,11.90,4.7600,true,1,220916
7290000474830,false,נעם גבינה צהובה מגורדת 28% טרה 500 גרם,מילקו תעשיות בעמ,IL,גבינה צהובה מגורדת 28% נועם 500גרם,גרמים,500.00,100 גרם,false,1,34.90,6.9800,true,1,220922
7290000480107,false,קוואקר שיבולת שועל פחית 500 גרם,וולקרס סנקס לימיטד,GB,קוואקר שיבולת שועל 500 ג פחית,גרמים,500.00,100 גרם,false,1,13.90,2.7800,true,1,216965
7290000480305,false,ממתיק מלאכותי הרמזית,HERMES,CH,הרמזית 400 טבליות,יחידה,400.00,יחידה,false,1,20.00,0.0500,true,1,218027
7290000480329,false,ממתיק הרמזית טבליות,הרמס סוויטנרס,CH,ממתיק הרמזית טבליות 800 יח,יחידה,800.00,יחידה,false,1,26.50,0.0331,true,1,218028
7290000480343,false,הרמזית טבליות 1400 י,,,הרמזית טבליות 1400 יח,יחידה,1.40,יחידה,false,1,44.00,31.4286,true,1,218029
7290000480442,false,קוואקר שיבולת שועל בשקית 500 גרם,פריטו ליי FRITO-LAY,IL,קואקר שבולת שועל 500 ג שקית,גרמים,500.00,100 גרם,false,1,13.50,2.7000,true,1,216966
7290000482019,false,שקיות לצליה קוקי 10 יחידות,"ש. שסטוביץ בע""מ",IL,שקיות צליה קוקי רגיל 10 יח,יחידה,10.00,יחידה,false,12,11.90,1.1900,true,1,217023
7290000482033,false,שקיות לצליה בתנור ובמיקרוגל קוקי 5 יחידות,הנסיך- מפעל לייצור ט,IL,שקיות צליה קוקי ענק 5 יח,יחידה,0.05,יחידה,false,12,11.90,238.0000,true,1,217025
7290000483139,false,מרציפן גולמי המרשלג 100 גרם,"המרשלג פרלינס בע""מ",IL,מרציפן המרשלג גולמי 100 ג,גרמים,100.00,100 גרם,false,1,9.90,9.9000,true,1,217415
7290000483412,false,קישוטי עוגה טיפטופים,המרשלג פרלינס בעמ,IL,טיפטופים המרשלג 60 ג,גרמים,60.00,100 גרם,false,1,14.90,24.8333,true,1,217724
7290000483641,false,מרציפן חלה המרשלג 75 גרם,"המרשלג פרלינס בע""מ",IL,מרציפן המרשלג חלה 75 ג,גרמים,75.00,100 גרם,false,1,8.50,11.3333,true,1,217416
7290000484549,false,"כהל 96% לשתיה 750 מ""ל",,IL,כהל 95% נקי 750 מל פיקדון,מיליליטרים,750.00,"100 מ""ל",false,1,139.00,18.5333,true,1,240656
7290000484747,false,עראק עלית 700 מל 40% כהל,יקב הגליל יוסף גולד ובניו,IL,ערק עלית 40% 700 מל,מיליליטרים,700.00,"100 מ""ל",false,1,65.00,9.2857,true,1,301949
7290000490625,false,שלגונים ציפוי שוקו מאגדת שמינייה 560 ג',הגלידות של פלדמן,IL,מאגדת 8יח שלגון שוקו בציפוי שוקולד,יחידה,8.00,יחידה,false,1,26.90,3.3625,true,1,299003
7290000490717,false,מאגדת גלית- שלגון חלבי בטעם וניל עם ציפו,הגלידות של פלדמן,IL,שמיניה גלית 8,יחידה,8.00,יחידה,false,8,21.90,2.7375,true,1,240683
7290000490762,false,גלידל שוקו פלדמן מארז שמינייה,הגלידות של פלדמן,IL,מאגדת שלגון גלידל שוקו 8 יח פלדמן,יחידה,8.00,יחידה,false,1,29.90,3.7375,true,1,221760
7290000493176,false,אסם אבקת רוטב צלי לבשר 22 ג',"אסם השקעות בע""\מ",IL,אבקת רוטב צלי לבשר 22 גר,גרמים,22.00,100 גרם,false,36,4.50,20.4545,true,1,218762
7290000493183,false,אבקת רוטב פטריות לבשר-30 גרם,"אסם השקעות בע""\מ",IL,אבקת רוטב פטריות 30 גר,גרמים,30.00,100 גרם,false,36,4.50,15.0000,true,1,218763
7290000497044,false,"לחם אקטיב 750 גרם ""ברמן""",מאפית י את א ברמן בע,IL,לחם אקטיב ברמן 750גרם,גרמים,750.00,100 גרם,false,1,15.90,2.1200,true,1,241478
7290000497112,false,"לחם כהה פרוס וארוז ""ברמן""-מוצר בפיקוח",מאפית י את א ברמן בע,IL,לחם אחיד פרוס 750 גר***,גרמים,750.00,100 גרם,false,1,7.91,1.0547,true,1,224191
7290000497228,false,לחמניה רגילה בשקית ברמן 6יח',מאפית י את א ברמן בע,IL,מארז 6 לחמניה שש בש,גרמים,450.00,100 גרם,false,1,10.00,2.2222,true,1,223545
7290000497273,false,לחמניות ברמן אקטיב 6יח 450גר,מאפית י את א ברמן בע,IL,מארז 6יח לחמניות אקטיב 450 גרם,גרמים,450.00,100 גרם,false,1,12.90,2.8667,true,1,300197
7290000497303,false,"שישיית לחמניות מקמח מלא ""ברמן""",מאפית י את א ברמן בע,IL,מארז 6 לחמניות מקמח מלא,גרמים,450.00,100 גרם,false,1,10.00,2.2222,true,1,223546
7290000497426,false,לחם ברמן לענין פלוס 500 גרם,מאפית י את א ברמן בע,IL,לחם ברמן לענין פלוס 500גר,גרמים,500.00,100 גרם,false,1,15.90,3.1800,true,1,223018
7290000497532,false,"לחם מקמח מלא""לעניין"" 750 גר'",מאפית י את א ברמן בע,IL,לחם ברמן לעניין 750 גרם,גרמים,750.00,100 גרם,false,1,13.90,1.8533,true,1,222528
7290000497570,false,לחם דגנים פלוס ברמן 500 גרם,מאפית י את א ברמן בע,IL,לחם דגנים פלוס ברמן 500 גרם,גרמים,500.00,100 גרם,false,1,14.90,2.9800,true,1,222706
7290000498034,false,לחם אי פרי קמח כוסמין מלא 750 גר',מאפית י את א ברמן בע,IL,לחם אי פרי קמח כוסמין מלא 750 גרם ברמן,גרמים,750.00,100 גרם,false,1,15.90,2.1200,true,1,319317
7290000498041,false,לחם אקטיב כוסמין 750 גרם,מאפית י.את א. ברמן ב,IL,לחם אקטיב כוסמין 750גר ברמן,גרמים,750.00,100 גרם,false,1,15.90,2.1200,true,1,333954
7290000498256,false,עשיריית לחמניות ברמן,מאפית י.את א. ברמן ב,IL,מארז 10 לחמניות 750גר בשקית ברמן,גרמים,750.00,100 גרם,false,1,12.90,1.7200,true,1,313697
7290000504025,false,ממתיק סוכרזית פטרייה עלית 300 גרם,אף.סי תבליני בגליל ב,IL,ממתיק סוכרזית פטריה 300 יח,Unknown,0.00,Unknown,false,1,9.00,0.0000,true,1,217318
7290000504049,false,סוכרזית קלאסי קנקן 1200 טבליות,אף.סי תבליני בגליל ב,IL,ממתיק סוכרזית קנקן 1200 יח,Unknown,0.00,Unknown,false,1,25.00,0.0000,true,1,217319
7290000504209,false,"סוכרזית דיאט טיפ נוזלי 220 מ""ל",אף.סי תבליני בגליל ב,IL,ממתיק סוויט דיאטיפ נוזל 220 מל,מיליליטרים,220.00,"100 מ""ל",false,1,18.90,8.5909,true,1,218001
7290000504261,false,סוויט דיאט כמו סוכר ממתיק אבקתי 65ג',סוכרזית Sucrazit,IL,סוכרזית קלאסי כפית לכפית 100גר,גרמים,100.00,100 גרם,false,1,25.90,25.9000,true,1,217763
7290000518121,false,ממתיק מתוק וקל 50 יחידות,קריות זול,IL,מתוק וקל 50 שקיות,יחידה,50.00,יחידה,false,12,5.90,0.1180,true,1,217462
7290000518152,false,ממתיק זהב מתוק וקל 50 שקיות,קריות זול,IL,מתוק וקל זהב 50 שקיות קטן,יחידה,25.00,יחידה,false,12,6.90,0.2760,true,1,217460
7290000518169,false,ממתיק מתוק וקל 1000 טבליות,קריות זול,IL,מתוק וקל 1000 טבליות,יחידה,1000.00,יחידה,false,24,9.50,0.0095,true,1,217463
7290000518176,false,ממתיק מתוק וקל 250 שקיות,מתוק וקל בעמ,IL,מתוק וקל ענק 250 שקיות,יחידה,250.00,יחידה,false,12,21.90,0.0876,true,1,217461
7290000518220,false,ממתיק סוכרה דיאט 100 יחידות,פתח תקווה,IL,סוכרה דיאט מתוק וקל 100 יח,יחידה,100.00,יחידה,false,1,25.00,0.2500,true,1,303957
7290000518251,false,ממתיק זהב מתוק וקל 100 יחידות,קריות זול,IL,מתוק וקל ענק זהב 100 שקיות,יחידה,100.00,יחידה,false,12,13.90,0.1390,true,1,217459
7290000518336,false,ממתק צמר גפן מתוק מסיבים תזונתיים,מתוק וקל בעמ,IL,צמר גפן מתוק מווש מתוק וקל 10 גרם,Unknown,0.00,Unknown,false,1,4.90,0.0000,true,1,329583
7290000518398,false,"סוכרה דיאט טיפות 150 מ""ל",פתח תקווה,IL,סוכרה דיאט טיפות מתוק וקל,מיליליטרים,150.00,"100 מ""ל",false,1,25.00,16.6667,true,1,303960
7290000518879,false,סוכרה דיאט 250 שקיות אריזת חסכון,מתוק וקל בעמ,IL,סוכרה דיאט 250 יח,יחידה,250.00,יחידה,false,1,55.00,0.2200,true,1,241561
7290000521008,false,יין אדום יבש של סגל750מל,"כרמי צבי - אחים סגל בע""\",IL,יין סגל אדום 750 מל פקדון,מיליליטרים,750.00,"100 מ""ל",false,1,25.00,3.3333,true,1,219651
7290000521015,false,"יין לבן יבש של סגל750מ""ל","מיוצר ע""י כרמי צבי-",IL,יין סגל לבן 750 מל פקדון,מיליליטרים,750.00,"100 מ""ל",false,1,25.00,3.3333,true,1,219665
7290000521022,false,"של סגל, יין לבן חצי יבש 750 מ""ל","מיוצר ע""י כרמי צבי-",IL,יין סגל לבן חצי יבש 750 מל פקדון,מיליליטרים,750.00,"100 מ""ל",false,1,25.00,3.3333,true,1,219666
7290000521251,false,יין ק.סוביניון לא מס,,,יין ק.סוביניון לא מסונן 2001 750 מל פקדו,מיליליטרים,750.00,"100 מ""ל",false,1,190.00,25.3333,true,1,222779
7290000521336,false,יין רכסים זמרה שרדונ,,,יין רכסים זמרה שרדונה 2013 750 מל,מיליליטרים,750.00,"100 מ""ל",false,1,80.00,10.6667,true,1,297698
7290000521404,false,"יין מרום גליל קברנה סוביניון סינגל 750 מ""ל",כרמי צבי אחים סגל בע,IL,יין סגל מרום גליל ק.ס. 750 מל פקדון,מיליליטרים,750.00,"100 מ""ל",false,1,45.00,6.0000,true,1,222188
7290000521411,false,יין מרום גליל סינגל מרלו 750 מל,כרמי צבי אחים סגל בע,IL,יין סגל מרום גליל מרלו 750מל פקדון,מיליליטרים,750.00,"100 מ""ל",false,1,45.00,6.0000,true,1,222740
7290000521428,false,"יין שרדונה מרום גליל 750 מ""ל","כרמי צבי-אחים סגל בע""\מ",IL,יין סינגל מרום גליל שרדונה 750מל פקדון,מיליליטרים,750.00,"100 מ""ל",false,1,45.00,6.0000,true,1,222108
7290000522111,false,חלב טרי אורגני 3% 1 ליטר,מחלבת רמת-הגולן,IL,חלב אורגני טרי 3% שומן 1 ליטר,ליטרים,1.00,ליטר,false,1,12.90,12.9000,true,1,217881
7290000522142,false,חלב הרים טהור 3% רמת הגולן 1 ליטר,"מחלבות רמת הגולן בע""",IL,חלב הרים טהור 3% 1 ליטר,ליטרים,1.00,ליטר,false,1,9.90,9.9000,true,1,234545
7290000522272,false,"שמנת לקפה רמת הגולן 10% 500 מ""ל עמידה",מחלבות רמת הגולן,IL,שמנת לקפה 10% שומן 500 מל עמידה,מיליליטרים,500.00,"100 מ""ל",false,1,10.50,2.1000,true,1,244268
7290000523125,false,מלח הארץ הים האדום 250 ג' עדין,"חברת מלח הארץ אילת בע""\מ",IL,מלח ים יבש הארץ 250 גר במיכל,גרמים,250.00,100 גרם,false,1,5.90,2.3600,true,1,217556
7290000523224,false,מלח הארץ הים האדום 500 ג' עדין,"חברת מלח הארץ אילת בע""\מ",IL,מלח ים יבש הארץ 500 גרם במיכל,גרמים,500.00,100 גרם,false,1,8.90,1.7800,true,1,217557
7290000523514,false,מלח ים יבש מלח הארץ 250 גרם מופחת נתרן,"חברת מלח הארץ אילת בע""\מ",IL,מלח ים הארץ דל נתרן 250 גרם,גרמים,250.00,100 גרם,false,1,11.50,4.6000,true,1,217558
7290000523521,false,מלח ים מלח הארץ 250 גרם מועשר ביוד,חברת מלח הארץ אילת ב,IL,מלח ים הארץ מועשר ביוד 250 גר,גרמים,250.00,100 גרם,false,1,6.90,2.7600,true,1,220898
7290000523804,false,"מלח עדין צנצנת 1 ק""ג מלח הארץ","חברת מלח הארץ אילת בע""\מ",IL,מלח עדין הארץ 1 קג צנצנת,קילוגרמים,1.00,"ק""ג",false,1,8.00,8.0000,true,1,225288
7290000523811,false,"צנצנת מלח גס 1 ק""ג מלח הארץ","חברת מלח הארץ אילת בע""\מ",IL,מלח גס הארץ 1 קג צנצנת,קילוגרמים,1.00,"ק""ג",false,1,8.00,8.0000,true,1,225289
7290000529561,false,תה ירוק אכינציאה 2גר,,,תה ירוק אכינציאה 2גר 20שק אורגני,יחידה,20.00,יחידה,false,1,13.90,0.6950,true,1,308917
7290000530024,false,נקניק תה מעושן רחב במשקל,זוגלובק,IL,נקניק תה מעושן רחב במשקל,קילוגרמים,1.00,"ק""ג",true,,42.00,42.0000,true,1,335743
7290000530031,false,סלמי פיין צר זוגלובק,זוגלובק,IL,נקניק פיין סלמי צר במשקל,קילוגרמים,1.00,"ק""ג",true,,42.00,42.0000,true,1,335747
7290000530048,false,נקניק סלמי פפרוני במ,זוגלובק,IL,נקניק סלמי פפרוני במשקל,קילוגרמים,1.00,"ק""ג",true,,42.00,42.0000,true,1,335746
7290000530086,false,נקניק סלמי מעושן זוגלובק 600 גרם,נקניק נהריה כשר זוגל,IL,נקניק סלמי מעושן 7000,גרמים,600.00,100 גרם,false,1,32.90,5.4833,true,1,337744
7290000530109,false,קבנוס זוגי בואקום זוגלובק 180ג',נקניק נהריה כשר זוגל,IL,מארז זוג קבנוס בואקום במבצע,יחידה,1.00,יחידה,false,1,26.90,26.9000,true,1,337745
7290000530192,false,נקניק סלמי סרוולד במ,זוגלובק,IL,נקניק סלמי סרוולד במשקל,קילוגרמים,1.00,"ק""ג",true,,120.00,120.0000,true,1,335774
7290000530260,false,נקניק מרטדלה רחב במשקל,זוגלובק,IL,נקניק מורטודלה רחב במשקל,קילוגרמים,1.00,"ק""ג",true,,39.00,39.0000,true,1,336352
7290000530369,false,גולן ח.הודו מעוש.שלם משק,זוגלובק,IL,חזה הודו מעושן גולן עם עור במשקל,קילוגרמים,1.00,"ק""ג",true,,69.00,69.0000,true,1,335748
7290000530444,false,כתף בקר מעושן אורלנדו מש,זוגלובק,IL,כתף בקר מעושן במשקל,קילוגרמים,1.00,"ק""ג",true,,109.00,109.0000,true,1,335779
7290000530598,false,נקניקיות עוף וינר זוגלובק 500 גרם,נקניק נהריה כשר זוגל,IL,נקניקיות וינר 500 גרם,גרמים,500.00,100 גרם,false,1,10.90,2.1800,true,1,336174
7290000530604,false,נקניקיות וינר חריפות גוליבר 500ג זוגלובק,נקניק נהריה כשר זוגל,IL,נקניקיות חריפות גוליבר 400 גרם,גרמים,400.00,100 גרם,false,6,10.90,2.7250,true,1,335773
7290000530703,false,פסטרמה חרמון כפרית ונקניק תה מעושן זוגלובק 2*400 גרם,נקניק נהריה כשר זוגל,IL,מארז נ. תה מעושן 400גר+חזה עוף והודו 400,גרמים,800.00,100 גרם,false,9,29.90,3.7375,true,1,338480
7290000530871,false,פסטרממיה חזה עוף מעו,,IL,פסטרממיה חזה עוף מעושן במשקל,קילוגרמים,1.00,"ק""ג",true,,69.00,69.0000,true,1,335775
7290000531069,false,נקניקיות 200 גרם,,IL,נקניקיות 200 גרם,גרמים,200.00,100 גרם,false,1,6.90,3.4500,true,1,336757
7290000531410,false,פסטרממיה בדבש טהור במשקל,זוגלובק,IL,פסטרממיה בדבש טהור במשקל,קילוגרמים,1.00,"ק""ג",true,,69.00,69.0000,true,1,335751
7290000532400,false,חזה הודו ברביקיו במשקל,זוגלובק,IL,חזה הודו צלוי ברביקיו במשקל,קילוגרמים,1.00,"ק""ג",true,,69.00,69.0000,true,1,335750
7290000532585,false,נקניק רוסטביף חצוי ב,זוגלובק,IL,נקניק רוסטביף חצוי במשקל,קילוגרמים,1.00,"ק""ג",true,,109.00,109.0000,true,1,335776
7290000532721,false,כתף בקר בפלפל טורו במשקל,זוגלובק,IL,כתף בקר טורו מצופה פלפל במשקל,קילוגרמים,1.00,"ק""ג",true,,109.00,109.0000,true,1,335780
7290000533636,false,פסטרממיה צלויה על לב,זוגלובק,IL,פסטרממיה צלויה על לבנים,קילוגרמים,1.00,"ק""ג",true,,69.00,69.0000,true,1,335752
7290000533681,false,פסטרמה הודו מעושנת הבית,זוגלובק,IL,פסטרממיה מעושנת הבית במשקל,קילוגרמים,1.00,"ק""ג",true,,69.00,69.0000,true,1,335753
7290000534718,false,חזה הודו תבור דל שומן מש,זוגלובק,IL,חזה הודו מעושן תבור בלי עור במשקל,קילוגרמים,1.00,"ק""ג",true,,69.00,69.0000,true,1,335749
7290000534800,false,פסטרמה הודו רומני במשקל,זוגלובק,IL,פסטרמה רומנית במשקל,קילוגרמים,1.00,"ק""ג",true,,69.00,69.0000,true,1,335777
7290000535791,false,קורנדביף בסגנון ניויורק,זוגלובק,IL,חזה בקר מעושן ניו יורק במשקל,קילוגרמים,1.00,"ק""ג",true,,109.00,109.0000,true,1,335778
7290000536057,false,מורטודלה עם זיתים במ,,IL,מורטודלה עם זיתים במשקל,קילוגרמים,1.00,"ק""ג",true,,39.00,39.0000,true,1,336353
7290000536743,false,שניצלונים קריספי ט. תירס 500 גר' זוגלובק,נקניק נהריה כשר זוגל,IL,קריספי סטיקס תירס 500גר,גרמים,500.00,100 גרם,false,12,15.90,3.1800,true,1,335814
7290000537566,false,נקניקיות עוף טרי 400 ג' זוגלובק,נקניק נהריה כשר זוגל,IL,נקניקיות עוף טרי 400 גרם,גרמים,400.00,100 גרם,false,12,10.90,2.7250,true,1,335772
7290000537610,false,נקניק סלמי עממי במשק,זוגלובק,IL,נקניק סלמי עממי במשקל,קילוגרמים,1.00,"ק""ג",true,,42.00,42.0000,true,1,335744
7290000538099,false,פסטרממיה כפרית במשקל,זוגלובק,IL,פסטרממיה כפרית במשקל,קילוגרמים,1.00,"ק""ג",true,,69.00,69.0000,true,1,335754
7290000538372,false,נקניק קוניאק אקסטרה,זוגלובק,IL,נקניק קוניאק אקסטרה פיין במשקל,קילוגרמים,1.00,"ק""ג",true,,42.00,42.0000,true,1,335745
7290000551067,false,צלי כתף מס5' מוכשר קפוא,פריגוצאקו / פרגוואי,XX,בשר בקר מוכשר מס 5 קפוא,קילוגרמים,1.00,"ק""ג",true,,74.00,74.0000,true,1,223527
7290000551074,false,פילה מדומה מס6' מוכשר קפ,פריגוצאקו / פרגוואי,XX,בשר בקר מוכשר מס 6קפוא,קילוגרמים,1.00,"ק""ג",true,,42.90,42.9000,true,1,223526
7290000551098,false,בשר שריר מס8' מוכשר קג,טיבון ויל,XX,בשר בקר מס 8 מוכשר קפוא במשקל,קילוגרמים,1.00,"ק""ג",true,1,32.90,32.9000,true,1,223521
7290000551159,false,בשר ראש קפוא מוכשר,פניסקור,IL,בשר ראש קפוא מוכשר,קילוגרמים,1.00,"ק""ג",true,1,77.00,77.0000,true,1,222019
7290000551173,false,מוח בקר קפוא לא מוכש,טיבון ויל - נטו,PY,מוח בקר קפוא לא מוכשר,קילוגרמים,1.00,"ק""ג",true,1,94.90,94.9000,true,1,236104
7290000551197,false,לשון בקר נקי מוכשר א,טיבון ויל - נטו,PY,לשון בקר נקי מוכשר אורגוואי במשקל,קילוגרמים,1.00,"ק""ג",true,,39.90,39.9000,true,1,221998
7290000552118,false,נקניקיות מרגז טיבון ויל 400 גרם,טיבון ויל אחזקות בעמ,IL,נקניקיות מרגז 400 גרם,גרמים,400.00,100 גרם,false,12,17.90,4.4750,true,1,217397
7290000552194,false,קישקע טיבון ויל 500 גרם,טיבון ויל אחזקות בעמ,IL,קישקע 500 גרם,גרמים,500.00,100 גרם,false,12,12.90,2.5800,true,1,216778
7290000552569,false,סטייקבורגר בקר טיבון ויל 400 גרם,"טיבון ויל אחזקות בע""\מ",IL,סטיק בורגר בקר 400 גרם,גרמים,400.00,100 גרם,false,12,15.90,3.9750,true,1,217348
7290000552927,false,עוף טחון טיבון ויל 500 גרם,"טיבון ויל אחזקות בע""\מ",IL,טחון עוף 500 גרם,גרמים,500.00,100 גרם,false,1,10.90,2.1800,true,1,218756
7290000552934,false,בשר הודו טחון טיבון ויל 500 גרם,"טיבון ויל אחזקות בע""\מ",IL,טחון הודו 500 גרם,גרמים,500.00,100 גרם,false,12,10.90,2.1800,true,1,217988
7290000552989,false,בשר טחון מובחר טיבון 500 ג',"טיבון ויל אחזקות בע""\מ",IL,בשר טחון מובחר 500 גר,גרמים,500.00,100 גרם,false,12,21.90,4.3800,true,1,218115
7290000554006,false,גבינה קשקבלו משולשים,מחלבות גד,IL,גבינת קשקבל קשה במשקל משולש,קילוגרמים,1.00,"ק""ג",true,,159.00,159.0000,true,1,216958
7290000554402,false,מעדן חלב מלבי 5% גד 170 גרם,"מיוצר ע""\י קוד יצרן EDNK",IL,מלבי 5%,גרמים,160.00,100 גרם,false,12,6.30,3.9375,true,1,217551
7290000554457,false,גבינה צפתית במליחות עדינה 5% גד 350 גרם,"מחלבות גד בע""\מ",IL,צפתית מיני 5%,גרמים,350.00,100 גרם,false,12,22.90,6.5429,true,1,216950
7290000554471,false,נקניק מוצרלה 22 אחוז 180גרם גד מהדרין,"מחלבות גד בע""\מ",IL,גליל מוצרלה 22% 180 גרם,גרמים,180.00,100 גרם,false,1,21.90,12.1667,true,1,218198
7290000554532,false,גבינה צפתית מעודנת במלח ים 5% 200 ג' גד,הנסיך- מפעל לייצור ט,IL,גב.צפתית מעודנת 5% מלח ים טבעי200 גר,גרמים,200.00,100 גרם,false,1,16.90,8.4500,true,1,225827
7290000554600,false,מוצרלה מגורדת 22 אחוז 300גרם גד מהדרין,מחלבות גד בעמ,IL,מוצרלה מגורדת 22% 300 גרם,גרמים,300.00,100 גרם,false,1,28.50,9.5000,true,1,217691
7290000554624,false,מעדן חלב ירח מתוק עם אורז 3% גד 150 גרם,"מיוצר ע""\י קוד יצרן EDNK",IL,ירח מתוק 3%,גרמים,150.00,100 גרם,false,16,6.30,4.2000,true,1,217749
7290000554655,false,מוצרלה מעושנת בנקניק,מחלבות גד,IL,גבינת מוצרלה מעושנת במשקל,קילוגרמים,1.00,"ק""ג",true,,100.00,100.0000,true,1,217692
7290000554686,false,גבינת לאבנה בתוספת שמן זית וזעתר 5% גד 250 גרם,מחלבות גד בעמ,IL,לאבנה בשמן זית וזעתר 5%,גרמים,250.00,100 גרם,false,12,16.90,6.7600,true,1,217805
7290000554815,false,מוצרלה נקניק 22% במשקל,מחלבות גד,IL,גליל מוצרלה טבעי במשקל,קילוגרמים,1.00,"ק""ג",true,,95.00,95.0000,true,1,218199
7290000554822,false,ריקוטה גבינה לבנה בסגנון איטלקי 5% גד 250 גרם,מחלבות גד בעמ,IL,ריקוטה ג.איטלקית רכה 5% 250 גר,גרמים,250.00,100 גרם,false,1,15.50,6.2000,true,1,216708
7290000554839,false,מסקרפונה שמנת מתוקה קשה בסגנון איטלקי 40% גד 250 גרם,מחלבות גד בעמ,IL,גבינת מסקרפונה 40% 250 גרם,גרמים,250.00,100 גרם,false,1,23.90,9.5600,true,1,217612
7290000554914,false,גב.צפתית רכה 5% במשקל,מחלבות גד,IL,גבינה צפתית 5% רכה במשקל,קילוגרמים,1.00,"ק""ג",true,,75.00,75.0000,true,1,216953
7290000554921,false,גבינת ריקוטה איטלקית,מחלבות גד,IL,גבינת ריקוטה איטלקית רכה במשקל,קילוגרמים,1.00,"ק""ג",true,,69.00,69.0000,true,1,216610
7290000554952,false,גבינה צפתית קשה במשק,מחלבות גד,IL,גבינה צפתית קשה במשקל,קילוגרמים,1.00,"ק""ג",true,,99.00,99.0000,true,1,218164
7290000554969,false,גב.שמנת 30%שומן1קג משקל,מחלבות גד,IL,ג.שמנת 30% טבעית במשקל,קילוגרמים,1.00,"ק""ג",true,,55.00,55.0000,true,1,218920
7290000560021,false,אדג' ג'ל ורוד נגד חתכים 198ג',המאפיה של הרמן,US,גל גילוח אדג לעור נגד חתכים 210 גר,גרמים,210.00,100 גרם,false,1,15.90,7.5714,true,1,218209
7290000560533,false,אדג' ג'ל גילוח ירוק לעור רגיל 198גרם,אס.סי ג'ונסון ובניו,US,גל גילוח אדג לעור רגיל ירוק 210 גר,גרמים,210.00,100 גרם,false,1,15.90,7.5714,true,1,218210
7290000560540,false,אדג' ג'ל גילוח כתום לעור רגיש 198גרם,המאפיה של הרמן,US,גל גילוח אדג לעור רגיש כתום 210 גר,גרמים,210.00,100 גרם,false,1,15.90,7.5714,true,1,218211
7290000560557,false,אדג' ג'ל סגול כהה לעור יבש 198ג',אס.סי ג'ונסון ובניו,US,גל גילוח אדג לריכוך העור סגול 210 גר,גרמים,210.00,100 גרם,false,1,15.90,7.5714,true,1,218208
7290000571188,false,גבינת גאודה תום עיזים במשקל,תנובה מרכז שיתופי לש,IL,גבינת גאודה תום עיזים במשקל בית יצחק,קילוגרמים,1.00,"ק""ג",true,,165.00,165.0000,true,1,218140
7290000571232,false,גבינת גאודה טבעית פרוס 30% המחלווה 150ג',גבינות משק אחים מאיר בית,IL,גבינת גאודה פרוס 150 גרם,גרמים,150.00,100 גרם,false,1,23.90,15.9333,true,1,218141
7290000571294,false,גבינת גאודה מעושנת ב,מחלבה בית יצחק,IL,גבינת גאודה מעושנת במשקל המחלבה,קילוגרמים,1.00,"ק""ג",true,,119.00,119.0000,true,1,231659
7290000571300,false,גאודה מעושנת פרוס 200 גרם המחלבה,גבינות משק אחים מאיר,IL,גבינת גאודה מעושנת פרוסה 150 גר,גרמים,150.00,100 גרם,false,1,23.90,15.9333,true,1,231660
7290000571386,false,המחלבה יוגורמה יוגורט מחלב כבשים 5% 850 גרם,גבינות משק אחים מאיר בית,IL,יוגורמה 850 גרם,גרמים,850.00,100 גרם,false,1,26.50,3.1176,true,1,219557
7290000571393,false,המחלבה יוגורמה יוגורט מחלב כבשים 5% 140 גרם,גבינות משק אחים מאיר,IL,יוגורמה 140 גרם,גרמים,140.00,100 גרם,false,1,6.30,4.5000,true,1,220274
7290000571478,false,גבינת תום עיזים פרוס 200 גרם,גבינות משק אחים מאיר בית,IL,גבינת טום עיזים פרוסה 150 גר בית יצחק,גרמים,150.00,100 גרם,false,1,35.90,23.9333,true,1,227326
7290000571843,false,המחלבה יוגורמה גביע מחלב עזים 140 גרם,גבינות משק אחים מאיר בית,IL,יוגורט עיזים יוגורמה 140 גרם,גרמים,140.00,100 גרם,false,1,6.30,4.5000,true,1,246379
7290000571881,false,"משקה יוגורט מחלב עיזים 3.6% 500 מ""ל",גבינות משק אחים מאיר,IL,משקה יוגורט עיזים 500מל בקבוק בית יצחק,מיליליטרים,500.00,"100 מ""ל",false,1,12.90,2.5800,true,1,328968
7290000571928,false,"יוגורמה כבשים עם גרעינים, אגוזים וחמוציות ממותקות",המחלבה מבית יצחק,IL,יוגורמה כבשים אגוזים זרעים חמוציות 142גר,גרמים,142.00,100 גרם,false,12,6.30,4.4366,true,1,323852
7290000572222,false,חלווה בלוק וניל אחוה 500 גרם,שוורצקוף& הנקל דיסלד,IL,חלבה אחוה קסטה 500 גרם,גרמים,500.00,100 גרם,false,1,11.90,2.3800,true,1,222115
7290000572529,false,חלוה עם פיסטוק אחווה 400 גרם,אחדות ביחר לטחינה חל,IL,חלבה פיסטוק 400 גרם,גרמים,400.00,100 גרם,false,1,13.90,3.4750,true,1,220154
7290000572536,false,אחווה חלווה ווניל במגש 400 גר,אחדות ביחר לטחינה חל,IL,חלבה וניל 400 גרם,גרמים,400.00,100 גרם,false,1,12.90,3.2250,true,1,220155
7290000572628,false,חטיפי חלווה ללא סוכר בקופסא 250 גרם,שוורצקוף& הנקל דיסלד,IL,חטיף חלבה אחווה לייט ללא סוכר 10 יח,Unknown,0.00,Unknown,false,1,14.90,0.0000,true,1,220158
7290000572673,false,מארז חלווה אחוה 12 יחידות 300 גרם,שוורצקוף& הנקל דיסלד,IL,חטיף חלבה אחווה אישי 10 יח,Unknown,0.00,Unknown,false,1,14.90,0.0000,true,1,220159
7290000599274,false,מקל עץ 1.5מטר ברזילא,,BR,מקל עץ 1.5מטר ברזילאי,יחידה,1.00,יחידה,false,24,8.90,8.9000,true,1,321066
7290000599373,false,קיסמי שיניים במלחייה,,,קיסמי שיניים במלחיה פרפר 200יח,יחידה,200.00,יחידה,false,1,2.90,0.0145,true,1,329535
7290000599564,false,צמר פלדה קלאסיק יחידה,מ.א,IL,צמר פלדה קלאסיק,Unknown,0.00,Unknown,false,1,2.50,0.0000,true,1,325001
7290000599601,false,"מארז זוגי מבריק חלונות 750 מ""ל",TARSQM,TR,זוג מבריק חלונות,יחידה,1.00,יחידה,false,6,9.90,9.9000,true,1,314060
7290000599847,false,רב מגבת מויסקו,מ.א,IL,סופר מגבת,Unknown,0.00,Unknown,false,20,8.90,0.0000,true,1,315253
7290000599946,false,ספוג הפלא שייני 6 יחידות,מ.א ייצור ושיווק מטל,IL,ספוג הפלא 6יח שיין,יחידה,6.00,יחידה,false,24,4.90,0.8167,true,1,321000
7290000611136,false,כבד עוף קפוא ארוז,עוף עוז,IL,כבד עוף קפוא,קילוגרמים,1.00,"ק""ג",true,,19.90,19.9000,true,1,217275
7290000611174,false,כנפיים עוף קפוא ארוז,זוגלובק,IL,כנפיים עוף קפוא,קילוגרמים,1.00,"ק""ג",true,,10.00,10.0000,true,1,219134
7290000611198,false,לב עוף קפוא ארוז,,,לב עוף קפוא,קילוגרמים,1.00,"ק""ג",true,,28.00,28.0000,true,1,219135
7290000611235,false,חזה עוף חצוי קפוא קג,עוף עוז,IL,חזה עוף חצוי קפוא,קילוגרמים,1.00,"ק""ג",true,,35.00,35.0000,true,1,229255
7290000611303,false,"עוף מס"" 2 קפוא ארוז",,,עוף קפוא ארוז מס 2,קילוגרמים,1.00,"ק""ג",true,,19.90,19.9000,true,1,219129
7290000611310,false,עוף קפוא מס 3,,,עוף קפוא מס 3,קילוגרמים,1.00,"ק""ג",true,,20.00,20.0000,true,1,219130
7290000611761,false,כרעיים עוף קפוא קג,עוף עוז,IL,כרעיים עוף קפוא,קילוגרמים,1.00,"ק""ג",true,,28.90,28.9000,true,1,219131
7290000611785,false,שוקיים עוף קפוא ארוז,,,שוקיים עוף קפוא,קילוגרמים,1.00,"ק""ג",true,,29.90,29.9000,true,1,219132
7290000612027,false,שניצל עוף קפוא ארוז,,,חזה עוף פרוס קפוא,קילוגרמים,1.00,"ק""ג",true,,35.00,35.0000,true,1,242284
7290000679587,false,פדיסול קרם רגליים 100 גרם,"ד""ר פישר Dr fischer",IL,קרם פדיסול לרגליים 100 גר,גרמים,100.00,100 גרם,false,15,19.90,19.9000,true,1,310070
7290000679631,false,"ד""ר פישר - קמיל בלו קלאסיק 500 מ""ל",פישר מעבדות פרמצבטיות בע,IL,אלסבון קמיל בלו קלאסיק 500 מל בקופסא,מיליליטרים,500.00,"100 מ""ל",false,1,14.90,2.9800,true,1,222306
7290000684345,false,שלישיית פילטר בריטה קלאסיק,שלישיית פילטר בריטה,,שלישיית פילטר בריטה,Unknown,0.00,Unknown,false,1,129.00,0.0000,true,1,216766
7290000688374,false,"מים מינרליים מי עדן בייבי 6*330 מ""ל","מופק ממקור בזלתי עדן ,1",IL,מארז 6יח מים מינרלים מי עדן בייבי 330מל,מיליליטרים,1980.00,"100 מ""ל",false,1,13.90,0.7020,true,1,218889
7290000688381,false,שישיית מי עדן פקק ספורט 0.5 ליטר,"מופק ממקור בזלתי עדן ,1",IL,שישיית מים מינרלים מי עדן 500 מל פיק,ליטרים,3.00,ליטר,false,1,14.90,4.9667,true,1,219591
7290000692203,false,נוזל לניקוי כללי ורצפות בניחוח לימון אג'קס 2 ליטר,הנסיך- מפעל לייצור ט,GR,נוזל לניקוי כללי אגקס לימון 2 ל,ליטרים,2.00,ליטר,false,1,23.90,11.9500,true,1,218371
7290000692210,false,נוזל לניקוי כללי ורצפות בניחוח לבנדר אג'קס 2 ליטר,הנסיך- מפעל לייצור ט,GR,נוזל לניקוי כללי אגקס לבנדר 2 ל,ליטרים,2.00,ליטר,false,1,23.90,11.9500,true,1,218370
7290000692227,false,נוזל כלים פלמוליב צילינדר קלאסי 1 ליטר,יבואן ומשווק: ש. שסט,GR,נוזל כלים פלמוליב צילנדר 1 ל קלאסי,ליטרים,1.00,ליטר,false,15,13.50,13.5000,true,1,217104
7290000692456,false,אג'קס חלונות זוג 750*2 מל ספריי ורפיל,הנסיך- מפעל לייצור ט,GR,זוג נוזל לניקוי חלונות אגקס כחול,ליטרים,1.50,ליטר,false,6,25.90,17.2667,true,1,218366
7290000692937,false,"קולגייט משחת שיניים אדומה, זוג* 100 מ""ל",קולגייט-פלמוליב,PL,זוג מ.שיניים קולגייט אדומה משפחתית 100 מ,מיליליטרים,200.00,"100 מ""ל",false,24,19.90,9.9500,true,1,216986
7290000803067,false,"משחת שיניים לילדים גילאים 6-2 אלמקס 75 מ""ל",הנסיך- מפעל לייצור ט,PL,מש.שיניים אלמקס ילדים 75 מל,מיליליטרים,75.00,"100 מ""ל",false,1,17.90,23.8667,true,1,218242
7290000803180,false,מרידול מי פהשטיפה דנטלית 400 מל,קולגייט פלמוליב,CH,"מי פה לשטיפה מרידול 400 מ""ל",מיליליטרים,400.00,"100 מ""ל",false,1,32.90,8.2250,true,1,217502
7290000805795,false,"חול חתולים יורוקיטי 10 ק""ג",שחם גבעת עדה,IL,חול לחתולים יורו קיטי 10 קג,קילוגרמים,10.00,"ק""ג",false,1,35.30,3.5300,true,1,217831
7290000900117,false,דג סלמון טרי שלם גדו,,,דג סלמון טרי שלם גדול,קילוגרמים,1.00,"ק""ג",true,,89.90,89.9000,true,1,304160
7290000901558,false,פיתה דרדס 10 ב - 10,,,סינטה עגל טרי,קילוגרמים,1.00,"ק""ג",true,,110.00,110.0000,true,1,219405
7290000901565,false,אווזית טרי,,,אווזית טרי,קילוגרמים,1.00,"ק""ג",true,,85.00,85.0000,true,1,219402
7290000901589,false,פילה עגל טרי,,,פילה עגל טרי,קילוגרמים,1.00,"ק""ג",true,,245.00,245.0000,true,1,219404
7290000901596,false,שפיץ צך עגל טרי,,,שפיץ צך עגל טרי,קילוגרמים,1.00,"ק""ג",true,,110.00,110.0000,true,1,219406
7290000905556,false,טונה מעושנת במשקל,,IL,טונה מעושנת במשקל,קילוגרמים,1.00,"ק""ג",true,,169.00,169.0000,true,1,297201
7290000910277,false,חזה הודו טרי,,,חזה הודו טרי,קילוגרמים,1.00,"ק""ג",true,,34.90,34.9000,true,1,220256
7290000910369,false,כנפיים הודו טרי,,,כנפיים הודו טרי,קילוגרמים,1.00,"ק""ג",true,,12.90,12.9000,true,1,220263
7290000910406,false,בשר בקר טחון טרי,,,בשר בקר טחון טרי,קילוגרמים,1.00,"ק""ג",true,,69.90,69.9000,true,1,220266
7290000911113,false,קרפצו סיטנה עגל טרי,,,קרפצו סיטנה עגל טרי,קילוגרמים,1.00,"ק""ג",true,,150.00,150.0000,true,1,218809
7290000911809,false,שריר עגל טרי,יצור עצמי,IL,שריר עגל טרי,קילוגרמים,1.00,"ק""ג",true,,79.90,79.9000,true,1,221105
7290000911830,false,בקר טרי טחון,,,בקר טרי טחון,קילוגרמים,1.00,"ק""ג",true,,44.90,44.9000,true,1,333884
7290000950204,false,בשר ראש טרי,,,בשר ראש טרי,קילוגרמים,1.00,"ק""ג",true,,49.00,49.0000,true,1,221114
7290000950273,false,לב עגל טרי,,,לב עגל טרי,קילוגרמים,1.00,"ק""ג",true,,30.00,30.0000,true,1,221117
7290000960425,false,גבינה צהובה נעם 9% ב,,,גבינה צהובה נעם 9% במשקל,קילוגרמים,1.00,"ק""ג",true,,85.00,85.0000,true,1,235659
7290000967967,false,גבינת פרובולונה פיקנ,,,גבינת פרובולונה פיקנטה איטלקי במשקל,קילוגרמים,1.00,"ק""ג",true,,119.00,119.0000,true,1,335631
7290000990095,false,סטייק סלמון טרי,,,סטייק סלמון טרי,קילוגרמים,1.00,"ק""ג",true,,99.90,99.9000,true,1,241423
7290001009048,false,לחם שיפון כפרי סקנדי,,,לחם שיפון כפרי סקנדינבי 500גר,גרמים,500.00,100 גרם,false,1,10.90,2.1800,true,1,224459
7290001009109,false,לחם חיטה מלאה עגול 5,,,לחם חיטה מלאה עגול 500 גר,גרמים,500.00,100 גרם,false,1,10.90,2.1800,true,1,224458
7290001009123,false,לחם כוסמין לחמנו 600 גרם,לחמנו,IL,לחם כוסמין 100% 450 גרם,גרמים,450.00,100 גרם,false,1,15.90,3.5333,true,1,307896
7290001009178,false,לחם שיפון לחמנו 900ג,,,לחם 100% שיפון 900 גר,גרמים,900.00,100 גרם,false,1,16.90,1.8778,true,1,227020
7290001121023,false,פסטרמה של פעם יחיעם,מעדני יחיעם,IL,פסטרמה של פעם במשקל,קילוגרמים,1.00,"ק""ג",true,,69.00,69.0000,true,1,220782
7290001121092,false,פסטרמה עוף בגריל במשקל,מעדני יחיעם,IL,פסטרמה עוף בגריל במשקל,קילוגרמים,1.00,"ק""ג",true,,69.00,69.0000,true,1,220795
7290001121146,false,פסטרמה טבעית חזה הוד,מעדני יחיעם,IL,פסטרמה טבעית חזה הודו מעושן במשקל,קילוגרמים,1.00,"ק""ג",true,,69.00,69.0000,true,1,220776
7290001121672,false,פסטרמה מעודנת בפפריקה 300 ג' יחיעם,מעדני יחיעם 1993,IL,פסטרמה מעודנת בפפריקה 300 גר,גרמים,300.00,100 גרם,false,1,21.90,7.3000,true,1,232275
7290001121849,false,פסטרמה ברביקיו יחיעם 250 גרם ר.טבעיים,מעדני יחיעם 1993,IL,פסטרמה הודו 100% חומרים טבעיים 250 גר,גרמים,300.00,100 גרם,false,1,25.90,8.6333,true,1,234531
7290001121931,false,קבנוס מקסיקני דק דק יחיעם 125 גרם,מעדני יחיעם 1993,,קבנוס מקסיקני דק דק 125 גר,גרמים,125.00,100 גרם,false,1,12.90,10.3200,true,1,232408
7290001123058,false,פילה מדומה מס6' חלק קפוא,פניסקור בארת,IL,בשר בקר חלק מס 6 קפוא במשקל,קילוגרמים,1.00,"ק""ג",true,,42.90,42.9000,true,1,294898
7290001123775,false,שווארמה אמיתית פרגיות טיבון ויל 500 גרם,"טיבול ויל אחזקות בע""",IL,שווארמה פרגיות 500 גרם,גרמים,500.00,100 גרם,false,12,24.90,4.9800,true,1,216723
7290001123782,false,שווארמה אמיתית הודו טיבון ויל 500 גרם,טיבון ויל - נטו,IL,שווארמה הודו 500 גרם,גרמים,500.00,100 גרם,false,12,24.90,4.9800,true,1,216722
7290001124536,false,ארוחת נודלס טעם תירס מג'יק 70 גרם,טאט הוי פוד בעמ,SG,מגיק בכוס תירס 70 גרם,גרמים,70.00,100 גרם,false,1,4.90,7.0000,true,1,217671
7290001124611,false,שומן כבש טיבון ויל 200 גרם,טיבון ויל אחזקות בעמ,IL,שומן כבש 200 גרם,גרמים,200.00,100 גרם,false,15,22.90,11.4500,true,1,216727
7290001125816,false,דג פורל שלם טרי,נטו,IL,דג פורל לבן טרי גדול,קילוגרמים,1.00,"ק""ג",true,,75.00,75.0000,true,1,223700
7290001125885,false,דג בורי טרי ענק,,,דג בורי טרי ענק,קילוגרמים,1.00,"ק""ג",true,,50.00,50.0000,true,1,223702
7290001127018,false,דג דניס טרי מדיום,,,דג דניס טרי מדיום,קילוגרמים,1.00,"ק""ג",true,,65.00,65.0000,true,1,223703
7290001127193,false,דג בורי טרי גדול,,,דג בורי טרי גדול,קילוגרמים,1.00,"ק""ג",true,,45.00,45.0000,true,1,223705
7290001127759,false,דג אדמונית טרי גדול,נטו,IL,דג אדמונית טרי גדול,קילוגרמים,1.00,"ק""ג",true,,50.00,50.0000,true,1,237211
7290001129524,false,דג לברק טרי בינוני,נטו,IL,דג לברק טרי בנוני,קילוגרמים,1.00,"ק""ג",true,,70.00,70.0000,true,1,223704
7290001129616,false,דג אמנון טרי גמבו,,,אמנון טרי גמבו,קילוגרמים,1.00,"ק""ג",true,,45.00,45.0000,true,1,245491
7290001129715,false,דג דניס טרי אקס לארג,,,דג דניס טרי אקס לארג,קילוגרמים,1.00,"ק""ג",true,,85.00,85.0000,true,1,221244
7290001129784,false,דג בס טרי,,,דג בס טרי גדול,קילוגרמים,1.00,"ק""ג",true,,65.00,65.0000,true,1,223699
7290001129975,false,דג לברק טרי אקס אל,,,דג לברק טרי אקס אל,קילוגרמים,1.00,"ק""ג",true,,110.00,110.0000,true,1,235065
7290001135068,false,שניצל עוף קפוא ארוז,"נטו מלינדה סחר בע""מ",IL,שניצל עוף קפוא ארוז,קילוגרמים,1.00,"ק""ג",true,,35.00,35.0000,true,1,332374
7290001136287,false,"שמפו לשיער רגיל בבושם פרחים נקה 7 750 מ""ל","אמיליה קוסמטיקס בע""מ",IL,נקה 7 שמפו 750 מל רגיל,מיליליטרים,750.00,"100 מ""ל",false,1,12.90,1.7200,true,1,220012
7290001136294,false,"שמפו לשיער יבש בבישום פרחים נקה 7 750 מ""ל","אמיליה קוסמטיקס בע""מ",IL,נקה 7 שמפו 750 מל יבש,מיליליטרים,750.00,"100 מ""ל",false,1,12.90,1.7200,true,1,220011
7290001136362,false,נקה 7 תחליב רחצה אלוורה ארומה ירוק 1 ל',מיוצר בסין.יבוא ושיו,IL,אלסבון נקה 7 ארומה 1 ל ירוק,ליטרים,1.00,ליטר,false,1,12.90,12.9000,true,1,217493
7290001136683,false,"מרכך לשיער רגיל בבושם פרחים נקה 7 750 מ""ל","אמיליה קוסמטיקס בע""מ",IL,נקה 7 מרכך 750 מל רגיל,מיליליטרים,750.00,"100 מ""ל",false,1,12.90,1.7200,true,1,220015
7290001136799,false,נקה 7 תחליב רחצה ארומה ורוד יסמין 1 ל',מיוצר בסין.יבוא ושיו,IL,אלסבון נקה 7 ארומה 1 ליטר ורוד,ליטרים,1.00,ליטר,false,1,12.90,12.9000,true,1,217293
7290001136973,false,נקה 7 תחליב רחצה ארומה קמומיל לבן 1 ל',טרופיקל דגיל תעשיות,IL,אלסבון נקה 7 ארומה 1 ל לבן,ליטרים,1.00,ליטר,false,1,12.90,12.9000,true,1,220445
7290001191033,false,דג פורל מעושן במשקל,ישראל מטרמן,IL,דג פורל מעושן במשקל,קילוגרמים,1.00,"ק""ג",true,,149.00,149.0000,true,1,334522
7290001191187,false,דג הרינג שלם מלוח בו,ישראל מטרמן,IL,דג הרינג שלם מלוח בואקום,קילוגרמים,1.00,"ק""ג",true,,35.90,35.9000,true,1,334536
7290001191255,false,דג דניס מעושן במשקל,ישראל מטרמן,IL,דג דניס מעושן במשקל,קילוגרמים,1.00,"ק""ג",true,,189.00,189.0000,true,1,334526
7290001216040,false,טחינה גולמית שומשום טהור אל ארז 500 גרם,אגס ירוק מסחר ושירותים,IL,טחינה אלארז 500 גר,גרמים,500.00,100 גרם,false,24,15.90,3.1800,true,1,226050
7290001216057,false,"טחינה שומשום טהור אל ארז 1 ק""ג",אגס ירוק מסחר ושירותים,IL,טחינה אלארז 1 קג,קילוגרמים,1.00,"ק""ג",false,12,31.90,31.9000,true,1,220521
7290001216101,false,"טחינה שומשום מלא אל ארז 1 ק""ג",טחינה אל ארז,IL,הפשטידה של עידית,קילוגרמים,1.00,"ק""ג",false,12,33.90,33.9000,true,1,325383
7290001216231,false,טחינה גולמית שומשום מלא אל ארז 500 גרם,אגס ירוק מסחר ושירותים,IL,טחינה אלארז משומשום מלא 500 גר,גרמים,500.00,100 גרם,false,24,16.90,3.3800,true,1,226051
7290001246900,false,אקופרינד-מסיר שומנים 750 מל,אקופרנד,IL,מסיר שומנים אקופרנד אקולוגי 750 מל,מיליליטרים,750.00,"100 מ""ל",false,1,16.90,2.2533,true,1,334263
7290001246917,false,אקופרינד- מנקה אמבטיות וכיורים 750 מל,אקופרנד,IL,מנקה אמבטיות וכיורים אקופרנד אקולוגי750מ,מיליליטרים,750.00,"100 מ""ל",false,1,16.90,2.2533,true,1,334264
7290001246948,false,מלבין אקונומיקה 2 ליטר,אקופרנד,IL,מלבין אל אקונומיקה אקולוגי אקופרנד 2ליטר,ליטרים,2.00,ליטר,false,1,16.90,8.4500,true,1,334265
7290001246955,false,אקופרנד לשטיפה וניקוי פירות וירקות 1 ליט,סאסאטק,IL,מנקה פירות וירקות אקולוגי 1ל אקופרנד,ליטרים,1.00,ליטר,false,1,19.90,19.9000,true,1,320312
7290001246986,false,אקופרינד-נוזל רב תכליתי 1 ליטר,אקופרנד,IL,מנקה רב תכליתי אקופרנד,ליטרים,1.00,ליטר,false,1,16.90,16.9000,true,1,334267
7290001246993,false,אקופרינד-נוזל רצפות 4 ליטר,אקופרנד,IL,נוזל לניקוי רצפות אקולוגי 4ליטר אקופרנד,ליטרים,4.00,ליטר,false,1,27.90,6.9750,true,1,320310
7290001247068,false,קרטונית נקטר ספרינג תות בננה 1 ליטר,יפאורה שותפות מובגלת לשיווק,IL,נקטר ספרינג תות בננה 1 ל בקרטון,ליטרים,1.00,ליטר,false,15,7.50,7.5000,true,1,296673
7290001247082,false,מיץ עגבניות רכיבים טבעיים ספרינג 1 ליטר,יפאורה שותפות מובגלת לשיווק,IL,נקטר ספרינג עגבניות 1 ל בקרטון,ליטרים,1.00,ליטר,false,15,7.50,7.5000,true,1,296672
7290001247099,false,קרטונית נקטר ספרינג מנגו 1 ליטר,יפאורה שותפות מובגלת לשיווק,IL,נקטר ספרינג מנגו 1 ל בקרטון,ליטרים,1.00,ליטר,false,15,7.50,7.5000,true,1,296671
7290001247105,false,קרטונית נקטר ספרינג אפרסק 1 ליטר,יפאורה שותפות מובגלת לשיווק,IL,נקטר ספרינג אפרסק 1 ל בקרטון,ליטרים,1.00,ליטר,false,12,7.50,7.5000,true,1,296669
7290001247112,false,קרטונית נקטר ספרינג לימונענע 1 ליטר,יפאורה שותפות מובגלת לשיווק,IL,נקטר ספרינג לימונענע 1 ל בקרטון,ליטרים,1.00,ליטר,false,15,7.50,7.5000,true,1,296670
7290001247129,false,נקטר ספרינג תפוזים קרטונית 1 ל',יפאורה שותפות מובגלת לשיווק,IL,נקטר ספרינג תפוזים 1 ל בקרטון,ליטרים,1.00,ליטר,false,15,7.50,7.5000,true,1,296674
7290001247143,false,קרטונית נקטר ספרינג תפוחים 1 ליטר,יפאורה שותפות מובגלת לשיווק,IL,נקטר ספרינג תפוחים 1 ל בקרטון,ליטרים,1.00,ליטר,false,15,7.50,7.5000,true,1,296675
7290001258101,false,גבינת גאודה טבעית במ,מחלבת משק יעקובס,IL,גבינת גאודה טבעית במשקל,קילוגרמים,1.00,"ק""ג",true,,89.00,89.0000,true,1,218137
7290001258118,false,קממבר טבעי יעקבס לקג,גבינות משק יעקבס,IL,גבינת קממברט טבעי במשקל,קילוגרמים,1.00,"ק""ג",true,,99.00,99.0000,true,1,216799
7290001258163,false,סנט מור עיזים 26% במשקל,גבינות משק יעקבס,IL,גבינת סנט מור במשקל,קילוגרמים,1.00,"ק""ג",true,,120.00,120.0000,true,1,217175
7290001258217,false,לאבנה עיזים 5% משקל,גבינות משק יעקבס,IL,לבנה עיזים במשקל,קילוגרמים,1.00,"ק""ג",true,,60.00,60.0000,true,1,217806
7290001258385,false,מוצרלה במים 20% במשקל,גבינות משק יעקבס,IL,גבינת מוצרלה כדורים במשקל,קילוגרמים,1.00,"ק""ג",true,,75.00,75.0000,true,1,310798
7290001258422,false,קשקבל צאן 26% שומן במשקל,גבינות משק יעקבס,IL,גבינת קשקבל במשקל,קילוגרמים,1.00,"ק""ג",true,,119.00,119.0000,true,1,224532
7290001258552,false,גבינה לאבנה בקר 250 גרם,בטר אנד דיפרנט,IL,לאבנה בקר 250 גרם יעקובס,גרמים,250.00,100 גרם,false,1,8.90,3.5600,true,1,241908
7290001258576,false,גאודה ואקום יעקובס 200 גרם,גבינות משק יעקבס,IL,גבינת גאודה בואקום 180 גר,גרמים,180.00,100 גרם,false,1,23.90,13.2778,true,1,225686
7290001258590,false,גבינת מנצג'ו 30%גוש משקל,גבינות משק יעקבס,IL,גבינת אורי מנצגו במשקל,קילוגרמים,1.00,"ק""ג",true,,145.00,145.0000,true,1,222764
7290001258620,false,גבינת מנצ'גו מחלב כבשים יעקבס 180 גרם,גבינות יעקבס,IL,גבינת מנצגו בואקום 180 גר,גרמים,180.00,100 גרם,false,1,24.90,13.8333,true,1,225687
7290001258668,false,גבינת עז מה 5% יעקבס 250 גרם,גבינות משק יעקבס,IL,גבינה עז מה 250 גרם 5% שומן,גרמים,250.00,100 גרם,false,1,16.90,6.7600,true,1,226558
7290001258682,false,"יוגורט עיזים באריזה 500 מ""ל",גבינות משק יעקבס,IL,יוגורט עיזים 500 מל,מיליליטרים,500.00,"100 מ""ל",false,1,14.90,2.9800,true,1,225650
7290001258729,false,לאבנה עיזים יעקובס 250 גרם,גבינות משק יעקבס,IL,לאבנה עיזים 250 גר,גרמים,250.00,100 גרם,false,1,18.50,7.4000,true,1,226557
7290001258774,false,מוצרלה בייבי 150 גרם יעקובס,גבינות משק יעקבס,IL,גבינת מוצרלה בייבי 150 גרם יעקובס,גרמים,150.00,100 גרם,false,1,12.90,8.6000,true,1,231739
7290001258811,false,כדורי מוצרלה בייבי י,גבינות משק יעקבס,IL,גבינת מוצרלה בייבי במשקל,קילוגרמים,1.00,"ק""ג",true,,79.00,79.0000,true,1,310811
7290001258910,false,גאודה בטעם חרדל במשקל,מחלבת משק יעקובס,IL,גבינת גאודה חרדל במשקל,קילוגרמים,1.00,"ק""ג",true,,89.00,89.0000,true,1,317595
7290001258958,false,מוצרלה מגורדת יעקבס 200 גרם,גבינות משק יעקבס,IL,גבינת מוצרלה מגורדת 200גר,גרמים,200.00,100 גרם,false,1,23.90,11.9500,true,1,239730
7290001265642,false,"מזון חתולים מעדני פטה 1.2 ק""ג מארז 3 יחידות",קריות זול,FR,מארז 3 מעדני לה קט פטה 400 גרם,קילוגרמים,1.20,"ק""ג",false,1,19.90,16.5833,true,1,220221
7290001274422,false,שלגונים ציפוי בננה מאגדת שמינייה 560 ג',הגלידות של פלדמן,IL,מאגדת 8יח שלגון בננה בציפוי שוקולד,יחידה,8.00,יחידה,false,1,26.90,3.3625,true,1,238206
7290001274583,false,גלידל שוקו פקאן 0% שומן ללא סוכר,"פלקו בע""\מ, חברה ישראלית",IL,גלידה גלידל שוקו פקאן דיאט 900מל פלדמן,מיליליטרים,900.00,"100 מ""ל",false,1,23.90,2.6556,true,1,221757
7290001274934,false,"שמיניית גלידל פרי לימון ""פלדמן""",הגלידות של פלדמן,IL,מאגדת גלידל פרי לימון 8 יח פלדמן,יחידה,8.00,יחידה,false,1,21.90,2.7375,true,1,221764
7290001274941,false,"שמיניית גלידל פרי פטל ""פלדמן""",הגלידות של פלדמן,IL,מאגדת גלידל פרי פטל תות 8 יח פלדמן,יחידה,8.00,יחידה,false,1,21.90,2.7375,true,1,221765
7290001305058,false,"פלמוליב - נטורלס תחליב רחצה חלב ודבש 500 מ""ל",הנסיך- מפעל לייצור ט,TR,פלמוליב סבון נוזלי חלב ודבש 500 מל,מיליליטרים,500.00,"100 מ""ל",false,1,16.90,3.3800,true,1,217097
7290001305188,false,"נוזל לניקוי כלים בריח לימון פלמוליב 750 מ""ל",יבואן ומשווק: ש. שסט,GR,נוזל כלים פלמוליב לימון 750 מל שקוף,מיליליטרים,750.00,"100 מ""ל",false,1,11.90,1.5867,true,1,217107
7290001327180,false,שטראוס קרמיסימו וניל ציפ 1.33 ליטר,"גלידת שטראוס בע""\מ, רחוב",IL,גל.קרמיסימו וניל 1.33 ל,ליטרים,1.33,ליטר,false,1,22.90,17.2180,true,1,216858
7290001338407,false,ג'ל אלוורה להרגעת העור סקין גארד 200 מ''ל,מיוצר עי : אמיליה קוסמטי,IL,קרם הגנה סקין גארד גל אלוורה להרגעה,מיליליטרים,200.00,"100 מ""ל",false,1,19.90,9.9500,true,1,217201
7290001343845,false,"גרנולה פירות 1 ק""ג - 845 - ורוד שקדיה",הנסיך- מפעל לייצור ט,IL,גרנולה פירות 1 קג - 845 - ורוד שקדיה,קילוגרמים,1.00,"ק""ג",false,12,21.90,21.9000,true,1,220895
7290001356203,false,הרינג ים תיכוני שקיל,ישראל מטרמן,IL,הרינג מלוח במשקל,קילוגרמים,1.00,"ק""ג",true,,32.00,32.0000,true,1,334500
7290001356241,false,מקרל בעישון חם (פיקל,ישראל מטרמן,IL,מקרל מעושן חם במשקל,קילוגרמים,1.00,"ק""ג",true,,99.00,99.0000,true,1,334503
7290001356258,false,דג מקרל מעושן קטן במ,ישראל מטרמן,IL,דג מקרל מעושן קטן במשקל,קילוגרמים,1.00,"ק""ג",true,,67.00,67.0000,true,1,334523
7290001356289,false,פילה הרינג מעושן במש,ישראל מטרמן,IL,פילה הרינג מעושן במשקל,קילוגרמים,1.00,"ק""ג",true,,69.00,69.0000,true,1,334505
7290001356296,false,דג סלמון מעושן במשקל,ישראל מטרמן,IL,דג סלמון מעושן במשקל גוש,קילוגרמים,1.00,"ק""ג",true,,220.00,220.0000,true,1,334516
7290001356340,false,דג גרבושה סלמון אלתי,ישראל מטרמן,IL,דג גרבושה סלמון אלתית בעישון קר במשקל,קילוגרמים,1.00,"ק""ג",true,,85.00,85.0000,true,1,334517
7290001356418,false,פילה הרינג בשמן שקיל,ישראל מטרמן,IL,פילה הרינג בשמן במשקל,קילוגרמים,1.00,"ק""ג",true,,49.00,49.0000,true,1,334508
7290001356425,false,פילה הרינג בסיגנון מ,ישראל מטרמן,,פילה הרינג בסגנון מטיאס במשקל,קילוגרמים,1.00,"ק""ג",true,,49.00,49.0000,true,1,334506
7290001356432,false,פרוונסל במשקל,ישראל מטרמן,IL,פרוונסל במשקל,קילוגרמים,1.00,"ק""ג",true,,49.00,49.0000,true,1,334510
7290001356470,false,מקרל פרוס בשמן במשקל,ישראל מטרמן,IL,מקרל פרוס בשמן במשקל,קילוגרמים,1.00,"ק""ג",true,,109.00,109.0000,true,1,334519
7290001356494,false,קילקה מתובלן עם ראש,ישראל מטרמן,IL,קילקה עם ראש במשקל,קילוגרמים,1.00,"ק""ג",true,,42.00,42.0000,true,1,334717
7290001356630,false,פילה הרינג כבוש שקיל,ישראל מטרמן,IL,פילה הרינג כבוש במשקל,קילוגרמים,1.00,"ק""ג",true,,49.00,49.0000,true,1,334511
7290001356715,false,סאלאקה מעושנת במשקל,ישראל מטרמן,IL,סאלאקה מעושנת במשקל,קילוגרמים,1.00,"ק""ג",true,,74.00,74.0000,true,1,334525
7290001356814,false,דג מויבה מעושנת במשק,ישראל מטרמן,IL,דג מויבה מעושנת במשקל,קילוגרמים,1.00,"ק""ג",true,,105.00,105.0000,true,1,334529
7290001356838,false,דג הליבוט פלטוס במשק,ישראל מטרמן,IL,דג הליבוט פלטוס במשקל,קילוגרמים,1.00,"ק""ג",true,,175.00,175.0000,true,1,334718
7290001356944,false,דג טונה בעישון חם במ,ישראל מטרמן,IL,דג טונה בעישון חם במשקל,קילוגרמים,1.00,"ק""ג",true,,169.00,169.0000,true,1,334533
7290001356982,false,פורל טראוט מעושן במש,ישראל מטרמן,IL,פורל טראוט מעושן במשקל בייבי,קילוגרמים,1.00,"ק""ג",true,,185.00,185.0000,true,1,334524
7290001359013,false,פחם ארוז 3.7קג פחמי,,IL,פחם ארוז 3.7קג פחמי הגליל,גרמים,3700.00,100 גרם,false,1,31.90,0.8622,true,1,336152
7290001359129,false,פחם ארוז 1.7קג פחמי,,IL,פחם ארוז 1.7קג פחמי הגליל,גרמים,1700.00,100 גרם,false,1,14.90,0.8765,true,1,336151
7290001407127,false,פרוסות חלבה קלאסית בטעם וניל בארכה 400 גרם,רושדי תעשיות מזון בע,IL,פרוסות חלבה קלאסית וניל400גר ברכה,גרמים,400.00,100 גרם,false,1,15.00,3.7500,true,1,234151
7290001407547,false,טחינה גולמית משומשום מלא פי 6 בארכה 500ג',"רושדי תעשיות מזון בע""\מ",IL,טחינה בארכה פי 6 סידן 500ג,גרמים,500.00,100 גרם,false,1,15.90,3.1800,true,1,244946
7290001407752,false,טחינה גולמית עם פטרוזיליה בארכה 500 גרם,"רושדי תעשיות מזון בע""\מ",IL,טחינה בראכה עם פטרזיליה 500 ג,גרמים,500.00,100 גרם,false,1,15.90,3.1800,true,1,223133
7290001407769,false,טחינה גולמית שומשום מלא בארכה 500 גרם,"רושדי תעשיות מזון בע""\מ",IL,טחינה בארכה שומשום מלא 500 ג,גרמים,500.00,100 גרם,false,1,15.90,3.1800,true,1,223134
7290001407813,false,חלבה שאמית פיסטוק בקטנה בארכה 350ג',"רושדי תעשיות מזון בע""\מ",IL,חלבה שאמית פיסטוק 350 ג בארכה,גרמים,350.00,100 גרם,false,1,15.90,4.5429,true,1,223137
7290001407820,false,חלווה שאמית וניל קלאסית בארכה 350ג',רושדי תעשיות מזון בע,IL,חלבה שאמית קלאסית 350 ג בארכה,גרמים,350.00,100 גרם,false,1,15.90,4.5429,true,1,223136
7290001407837,false,חלבה שאמית עם פולי קקאו בארכה 350 גרם,רושדי תעשיות מזון בע,IL,חלבה שאמית קקאו 350 ג בארכה,גרמים,350.00,100 גרם,false,1,15.90,4.5429,true,1,223138
7290001407844,false,חלבה קלאסית בטעם וניל בארכה 350 גרם,"רושדי תעשיות מזון בע""\מ",IL,חלבה קלאסית וניל 350 ג בארכה,גרמים,350.00,100 גרם,false,1,15.00,4.2857,true,1,223135
7290001407936,false,בארכה-טחינה גולמית מעודנת בקבוק לחיץ 310 ג',"רושדי תעשיות מזון בע""\מ",IL,טחינה בארכה מעודנת 310 גרם,גרמים,310.00,100 גרם,false,1,12.90,4.1613,true,1,299506
7290001415214,false,עוגת סבתא שוקולד 500ג',פילסברי,,עוגת סבתא שוקולד,Unknown,0.00,Unknown,false,1,28.00,0.0000,true,1,301801
7290001415863,false,חלת פילסברי מתוקה (חלת כדורים),פילסברי,,חלה פרח,Unknown,0.00,Unknown,false,1,10.00,0.0000,true,1,304249
7290001419618,false,וופל בלגי עלמה שחור לבן וניל 200ג',"גילרו בע""מ",IL,וופל בלגי שוקולד 200גרם,גרמים,200.00,100 גרם,false,24,3.90,1.9500,true,1,230230
7290001419779,false,וופל שוקו' עלמה קלאסי 200 גר,"גילרו בע""מ",IL,וופל קלאסי שוקו גילרו 200 גר,גרמים,200.00,100 גרם,false,1,3.90,1.9500,true,1,230161
7290001419793,false,גביעי גלידה מגולגל עלמה גילרו 30 יח',"גילרו בע""מ",IL,גביעי גלידה מגולגלים עלמה 12 יח,יחידה,1.00,יחידה,false,1,11.90,11.9000,true,1,234876
7290001419892,false,"ופל קלאסי בטעם לימון ""עלמה"" 200 גרם","גילרו בע""מ",IL,וופל קלאסי לימון גילרו 200 גר,גרמים,200.00,100 גרם,false,1,3.90,1.9500,true,1,230160
7290001426128,false,גלידה חמה שלגוגו 15י,,,גלידה חמה שלגוגו 15יח,יחידה,15.00,יחידה,false,1,29.90,1.9933,true,1,332414
7290001426142,false,מאגדת גלילידה וניל 5,,,מאגדת גלילידה וניל 5יח,יחידה,5.00,יחידה,false,1,24.90,4.9800,true,1,332270
7290001426159,false,מאגדת שלגון פריטיקל,,,מאגדת שלגון פריטיקל פ.יער 8יח ללא סוכר,יחידה,8.00,יחידה,false,1,34.90,4.3625,true,1,327790
7290001426166,false,מאגדת שלגון פריטיקל,,,מאגדת שלגון פריטיקל פסיפלורה 8יח ללא סוכ,יחידה,8.00,יחידה,false,1,34.90,4.3625,true,1,327787
7290001426265,false,גלידה מתוקונים 30יח,,,גלידה מתוקונים 30יח טעם חמאה,יחידה,30.00,יחידה,false,1,44.90,1.4967,true,1,327792
7290001426296,false,גלידה מתוקונים 30יח,,,גלידה מתוקונים 30יח טעם קינמון,יחידה,30.00,יחידה,false,1,44.90,1.4967,true,1,328051
7290001426357,false,גלידה מתוקונים 30יח,,,גלידה מתוקונים 30יח טעם קרמל,יחידה,30.00,יחידה,false,1,44.90,1.4967,true,1,327793
7290001426364,false,גלידה מתוקונים 30יח,,,גלידה מתוקונים 30יח טעם עוגיות,יחידה,30.00,יחידה,false,1,44.90,1.4967,true,1,327794
7290001426395,false,מאגדת שלגון פריטיקל,,,מאגדת שלגון פריטיקל לימונענע,יחידה,8.00,יחידה,false,1,34.90,4.3625,true,1,334480
7290001426401,false,מאגדת שלגון פריטיקל,,,מאגדת שלגון פריטיקל פירות כתום,יחידה,8.00,יחידה,false,1,34.90,4.3625,true,1,334481
7290001426425,false,גלידה מתוקונים 30יח,,,גלידה מתוקונים 30יח טעם קינמון,יחידה,30.00,יחידה,false,1,44.90,1.4967,true,1,334792
7290001426432,false,גלידה מתוקונים 30יח,,,גלידה מתוקונים 30יח טעם קינמון,יחידה,30.00,יחידה,false,1,44.90,1.4967,true,1,335467
7290001427033,false,מיץ תפוחים רכיבים טב,"פריניב בע""מ",IL,מיץ תפוח סחוט טבעי 1 ליטר בק.פ קשת,ליטרים,1.00,ליטר,false,9,16.90,16.9000,true,1,228368
7290001427064,false,"פריגת מיץ פסיפלורה ותפוחים 500 מ""ל",קשת מיצים טבעיים,IL,מיץ פסיפלורה תפוח סחוט 500מל ב.ז קשת,מיליליטרים,500.00,"100 מ""ל",false,12,17.90,3.5800,true,1,294577
7290001427132,false,"משקה רימון 500 מ""ל פריניב זכוכית",קשת מיצים טבעיים,IL,מיץ רימונים סחוט טבעי 500מל ב.ז קשת,מיליליטרים,500.00,"100 מ""ל",false,12,23.90,4.7800,true,1,224452
7290001427255,false,קשת מיץ תפוח פט 1 ליטר,קשת רמת הגולן,IL,מיץ תפוח סחוט טבעי 1 ליטר בק.פ קשת,ליטרים,1.00,ליטר,false,9,18.90,18.9000,true,1,233683
7290001427293,false,מיץ סחוט לימון ותפוח,,IL,מיץ סחוט לימון ותפוח 1 ל בקבוק פלסטי,ליטרים,1.00,ליטר,false,9,17.00,17.0000,true,1,229233
7290001427347,false,מיץ קשת תפוחים 100% 1 ליטר,פרי ניב,IL,מיץ תפוחים סמיט 1ליטר בק.פקדון,ליטרים,1.00,ליטר,false,16,19.90,19.9000,true,1,332739
7290001427453,false,קשת פינק ליידי תפוחים 1 ליטר מצונן,פרי ניב,IL,מיץ תפוחים פינק ליידי 1 ליטר בק. פקדון,ליטרים,1.00,ליטר,false,16,21.90,21.9000,true,1,326246
7290001439029,false,נר קוקסויה גדול,יושלם,,נר ריחני,יחידה,1.00,יחידה,false,1,29.90,29.9000,true,1,216580
7290001439432,false,ספוג רחצה משולב מוסק,חוואנטן,CN,ספוג רחצה משולב מוסקו,יחידה,1.00,יחידה,false,1,10.00,10.0000,true,1,296991
7290001439449,false,ספוג מגבת + רשת,חוואנטן,CN,ספוג גיישנית,יחידה,1.00,יחידה,false,1,10.00,10.0000,true,1,297546
7290001461105,false,לחם מחמצת לבן (ברקוד,פילסברי,,לחם רוסטיק לבן,Unknown,0.00,Unknown,false,1,17.90,0.0000,true,1,301478
7290001461365,false,לחמניית רוסטיק פילסב,פילסברי,,כריך רוסטיק לבן,Unknown,0.00,Unknown,false,1,5.00,0.0000,true,1,301476
7290001461457,false,בגט רוסטיק קמח מלא ו,פילסברי,,בגט רוסטיק קמח מלא וזרעי פשתן,Unknown,0.00,Unknown,false,1,9.90,0.0000,true,1,301474
7290001461532,false,כריך רוסטיק קמח מלא,פילסברי,,כריך רוסטיק קמח מלא ודגנים,Unknown,0.00,Unknown,false,1,5.50,0.0000,true,1,301477
7290001482186,false,אננס חתוך בסירופ קל ויליפוד 565 גרם,הנסיך- מפעל לייצור ט,TH,לפתן אננס חתוך 567 גר,גרמים,567.00,100 גרם,false,1,6.90,1.2169,true,1,304647
7290001482384,false,חתיכות אננס בסירופ קל וילי פוד 227 גרם,וילי פוד,TH,לפתן אננס חתוך 227 גרם,גרמים,227.00,100 גרם,false,1,4.90,2.1586,true,1,216579
7290001485019,false,גבינת קרם שמנת טבעי 5% טרה 200 גרם,קריות זול,IL,גבינת שמנת 5% טבעי 200 ג,גרמים,200.00,100 גרם,false,1,11.90,5.9500,true,1,222488
7290001491010,false,תה ירוק יסמין ויסוצקי 25 יחידות,תה ויסוצקי,IL,תה ירוק יסמין,יחידה,25.00,יחידה,false,6,24.90,0.9960,true,1,218374
7290001491096,false,תה ירוק בתוספת לימונית ולואיזה 50 שקיקים ויסוצקי,תה ויסוצקי,IL,תה ירוק לימונית ולואיזה,יחידה,50.00,יחידה,false,12,44.90,0.8980,true,1,218372
7290001491812,false,תה ירוק פירות יער ופסיפלורה ויסוצקי 25 יחידות,תה ויסוצקי,IL,תה ירוק פירות יער ופסיפלורה,יחידה,25.00,יחידה,false,6,24.90,0.9960,true,1,219113
7290001507070,false,פתיבר חרובים מקמח מלא אורגני השדה מוצרים אורגנים 200 גרם,השדה מוצרים אורגניים,IL,פתי בר חרובים מקמח מלא אורגני 200 גר,גרמים,200.00,100 גרם,false,1,7.90,3.9500,true,1,308661
7290001507179,false,חטיף אובלטים אורגניים עם קימל 100 גר,השדה מוצרים טבעיים ו,IL,אובלטים קימל אורגניים 200 גר,גרמים,200.00,100 גרם,false,1,8.90,4.4500,true,1,225007
7290001507360,false,חטיף אובלטים אורגניים עם כוסמין 100 גר,השדה מוצרים אורגניים,IL,אובלטים כוסמין אורגני 150 גר,גרמים,100.00,100 גרם,false,1,10.90,10.9000,true,1,308665
7290001515310,false,שש כריות קרצוף יפניות סקוטש ברייט,3m,,כרית קרצוף יפני 6יח סקוטש ברייט,יחידה,6.00,יחידה,false,1,12.90,2.1500,true,1,296571
7290001515631,false,שלושה ספוגי קרצוף קשיחים ארוכים אדומים,שיוך למחסן 17,ES,ספוג קרצוף ארוך 3יח קשיח לבןסקוטש ברייט,Unknown,0.00,Unknown,false,32,9.90,0.0000,true,1,309114
7290001567142,false,סלמי תה מפולפל יחיעם,מעדני יחיעם,IL,נקניק סלמי תה מפולפל במשקל,קילוגרמים,1.00,"ק""ג",true,,45.00,45.0000,true,1,294911
7290001567555,false,פסטרמה מעודנת עם דבש 300 ג' יחיעם,מעדני יחיעם,IL,פסטרמה מעודנת בדבש 300 גר,גרמים,300.00,100 גרם,false,1,21.90,7.3000,true,1,302430
7290001567708,false,נקניקיות וינר יחיעם 400 גרם,מעדני יחיעם,IL,נקניקיות וינר 400 גרם ללא חומרים משמרים,גרמים,400.00,100 גרם,false,1,11.90,2.9750,true,1,298962
7290001567760,false,פסטרמה של פעם יחיעם 300 גרם,מעדני יחיעם,IL,פסטרמה של פעם 300ג ללא חומר משמר,גרמים,300.00,100 גרם,false,1,25.90,8.6333,true,1,299625
7290001567807,false,"כתף בקר מעושן לח""מ 250 גרם ""יחיעם""",מעדני יחיעם,IL,כתף בקר מעושן 250גר ללא חומר משמר,גרמים,250.00,100 גרם,false,1,25.90,10.3600,true,1,299627
7290001567814,false,סלמי מעושן בסגנון איטלקי 300 ג' יחיעם,מעדני יחיעם,IL,נק.סלמי מעושן איטלקי 300ג ללא חומר משמר,גרמים,300.00,100 גרם,false,1,21.90,7.3000,true,1,299621
7290001591673,false,"קניידלך קפוא מקמח תפו""א 500 גרם","שלושת האופים בע""\מ",IL,קניידלך מקמח תפוא500גר שלושת האופים קפוא,גרמים,500.00,100 גרם,false,1,19.90,3.9800,true,1,334152
7290001591680,false,קניידלך מקמח מצה 500 גרם שלושת האופים,"שלושת האופים בע""\מ",IL,קניידלך מקמח מצה 500גר שלושת האופים קפוא,גרמים,500.00,100 גרם,false,1,19.90,3.9800,true,1,334151
7290001591703,false,קבב אנגוס עגול טיבון ויל 500 גרם,טיבון ויל,IL,קבב אנגוס עגול 500גר טיבון ויל,גרמים,500.00,100 גרם,false,8,24.90,4.9800,true,1,333633
7290001591710,false,המבורגר אנגוס טיבון ויל 600 גרם,טיבון ויל,IL,המבורגר אנגוס 600 גרם טיבון ויל,גרמים,600.00,100 גרם,false,12,24.90,4.1500,true,1,333636
7290001591727,false,קבב על מקל 500 ג' טיבון ויל,טיבון ויל,IL,קבב על מקל 500 גרם טיבון ויל,גרמים,500.00,100 גרם,false,12,24.90,4.9800,true,1,333634
7290001591734,false,נקניקיה מרגז בסגנון מרוקאי טיבון ויל 500 גרם,טיבון ויל,IL,נקניקיות מרגז בסגנון מרוקאי 500גר טיבון,גרמים,500.00,100 גרם,false,12,24.90,4.9800,true,1,333637
7290001591741,false,קבבוני טלה 500 ג' טיבון ויל,טיבון ויל,IL,קבבוני טלה 500 גרם טיבון ויל,גרמים,500.00,100 גרם,false,12,24.90,4.9800,true,1,333635
7290001591758,false,קבב מזרחי בסגנון ביתי טיבון ויל 600 גרם,טיבון ויל,IL,קבב מזרחי בסגנון ביתי אנגוס 600גר טיבון,גרמים,600.00,100 גרם,false,12,24.90,4.1500,true,1,334925
7290001591949,false,שיפודי פרגיות 100% טיבון ויל 500 גרם,טיבון ויל,IL,שיפודי פרגיות 500גר 100% טיבונוויל,גרמים,500.00,100 גרם,false,12,47.90,9.5800,true,1,334926
7290001594025,false,"קוקה קולה זכוכית 350 מ""ל",החברה המרכזית לייצור,IL,קוקה קולה קלאסי 350,מיליליטרים,350.00,"100 מ""ל",false,24,6.90,1.9714,true,1,236950
7290001594117,false,משקה פאנטה ענבים סלי,קוקה קולה,IL,פאנטה ענבים פח 330 פקדון,מיליליטרים,330.00,"100 מ""ל",false,1,5.90,1.7879,true,1,313963
7290001594155,false,"קוקה-קולה בבקבוק אישי 500 מ""ל",החברה המרכזית לייצור משקאות,IL,קוקה קולה 500 מל פקדון,מיליליטרים,500.00,"100 מ""ל",false,1,7.90,1.5800,true,1,217016
7290001594179,false,"פאנטה אורנג' בבקבוק אישי 500 מ""ל",החברה המרכזית לייצור משקאות,IL,פנט אורנג 500 מל,מיליליטרים,500.00,"100 מ""ל",false,24,7.90,1.5800,true,1,217277
7290001594186,false,דיאט קוקה-קולה בבקבוק אישי,החברה המרכזית לייצור משקאות,IL,ד.קוקה קולה 500 מל פקדון,מיליליטרים,500.00,"100 מ""ל",false,1,7.50,1.5000,true,1,217981
7290001594230,false,קינלי סודה בבקבוק זכוכית,החברה המרכזית לייצור,IL,קינלי סודה 250,מיליליטרים,250.00,"100 מ""ל",false,24,5.50,2.2000,true,1,218952
7290001594377,false,פריגת תפוזים 0.5 ליטר חייב בפקדון,מבשלות בירה בינלאומיות ב,IL,מיץ פריגת תפוזים 500 מל פקדון,מיליליטרים,500.00,"100 מ""ל",false,1,6.90,1.3800,true,1,217151
7290001594384,false,פריגת אשכוליות 0.5 ליטר חייב בפקדון,מבשלות בירה בינלאומיות ב,IL,פריגת אשכוליות 500 מל פקדון,מיליליטרים,500.00,"100 מ""ל",false,1,6.90,1.3800,true,1,217149
7290001594391,false,"פריגת משקה קל ענבים בבקבוק אישי 500 מ""ל",מבשלות בירה בינלאומיות ב,IL,פריגת ענבים 500 מל פקדון,מיליליטרים,500.00,"100 מ""ל",false,1,6.90,1.3800,true,1,217150
7290001594568,false,"קרלסברג פחית 500 מ""ל פקדון",מבשלות בירה בינלאומיות ב,RO,קרלסברג פח 500 מל פקדון,מיליליטרים,500.00,"100 מ""ל",false,24,8.90,1.7800,true,1,216843
7290001594575,false,"בירה טובורג רד פחית 500 מ""ל",מבשלות בירה בינלאומיות ב,IL,טובורג פח 500 מל פקדון,מיליליטרים,500.00,"100 מ""ל",false,24,8.90,1.7800,true,1,217940
7290001594803,false,"שישיית בירה טובורג ירוק 330 מ""ל",קרלסברג ישראל,,מארז 6 בירה טובורג גרין בק 330מל פקדון,ליטרים,1.98,ליטר,false,1,34.90,17.6263,true,1,217936
7290001594858,false,"שישייה בירה טובורג רד בקבוק 330 מ""ל",מבשלות בירה בינלאומיות ב,IL,מארז 6 בירה טובורג רד בק 330 פקדון,ליטרים,1.98,ליטר,false,1,34.90,17.6263,true,1,217934
7290001594865,false,"שישייה בירה קרלסברג בקבוק 330 מ""ל",מבשלות בירה בינלאומיות ב,IL,מארז 6 בירה קרלסברג בק 330 פקדון,ליטרים,1.98,ליטר,false,1,34.90,17.6263,true,1,216842
7290001641132,false,פילה פורל במשקל,,,פילה פורל במשקל,קילוגרמים,1.00,"ק""ג",true,,69.90,69.9000,true,1,328634
7290001670064,false,סכינים חד פעמי לבן 100 יח',קריות זול,CN,סכינים לבן 100 יח חדפ,Unknown,0.00,Unknown,false,1,15.90,0.0000,true,1,218915
7290001670224,false,מלית פרג פוליבה 400 גרם,"פוליבה בע""מ",IL,מלית פרג למילוי 400 גרם,גרמים,400.00,100 גרם,false,1,11.90,2.9750,true,1,217563
7290001670255,false,כוס קרטון לשתייה חמה 50 יחידות,הנמל,,כוסות קרטון חד פעמי 8בי 50יח,יחידה,50.00,יחידה,false,1,8.90,0.1780,true,1,310616
7290001670385,false,מפיות אירוח 33X33 סמ לבן 100 יח',הנמל,,מפיות נייר צבעוני 100יח 30/30 סמ,Unknown,0.00,Unknown,false,1,4.90,0.0000,true,1,236580
7290001670408,false,נרות חימום בשקית 50 יח`,לחמנו,CN,נרות חימום בשקית 50 יח,Unknown,0.00,Unknown,false,1,11.90,0.0000,true,1,222543
7290001670507,false,מלית תמרים פוליבה 450 ג',"פוליבה בע""מ",IL,ממרח תמרים הנמל 450 גרם,גרמים,450.00,100 גרם,false,1,9.90,2.2000,true,1,217587
7290001670514,false,מלית אוכמניות - 400 גרם פוליבה,"פוליבה בע""מ",IL,מלית אוכמניות למילוי 400 גרם,גרמים,400.00,100 גרם,false,1,11.90,2.9750,true,1,217562
7290001670521,false,מלית תפוח עץ הנמל 400 גרם,"פוליבה בע""מ",IL,מלית תפוח עץ למילוי 400 גרם,גרמים,400.00,100 גרם,false,1,11.90,2.9750,true,1,217564
7290001670651,false,מנגל חד פעמי קטן הנמל,יבוא ושיווק: הנמל אר,IL,מנגל גריל חד פעמי,Unknown,0.00,Unknown,false,1,18.90,0.0000,true,1,221654
7290001670736,false,כפפות נילון שקוף 100 יחידות,יבוא ושיווק: הנמל אר,IL,כפפות ניילון 100 יח,Unknown,0.00,Unknown,false,1,5.90,0.0000,true,1,221216
7290001670842,false,מלית חלווה פוליבה 400 ג',"פוליבה בע""מ",IL,מלית חלבה למילוי 400 גר,גרמים,400.00,100 גרם,false,1,11.90,2.9750,true,1,220480
7290001670859,false,מלית דובדבנים פוליבה 400 ג',קריות זול,IL,מלית דובדבנים למילוי 400 גר,גרמים,400.00,100 גרם,false,1,11.90,2.9750,true,1,244014
7290001670873,false,"צלחות גדולות לבנות קשיח ח""פ הנמל 66יח'",הנמל אריזות ושיווק ב,IL,צלחות גדולות 1קג לבן,קילוגרמים,1.00,"ק""ג",false,1,42.90,42.9000,true,1,219182
7290001690017,false,טונה בשמן קנולה 1 קג,פוסידון,,טונה בשמן קנולה 1 קג בשקית,קילוגרמים,1.00,"ק""ג",false,1,40.00,40.0000,true,1,334148
7290001690147,false,מון בלאן טעם טוב גבינה מותכת6% 120 גרם,שלושת האופים,IL,גבינה מותכת טעם טוב 120גר,גרמים,120.00,100 גרם,false,12,10.00,8.3333,true,1,333955
7290001690208,false,גבינת גאודה בקר הולנ,,NL,גבינת גאודה פרה 200גר גק ציס,גרמים,200.00,100 גרם,false,1,19.90,9.9500,true,1,333396
7290001690215,false,גבינת גאודה עיזים נטו 200 גרם,,NL,גבינת גאודה עיזים 200גר גק ציס,גרמים,200.00,100 גרם,false,1,24.90,12.4500,true,1,333397
7290001690376,false,אמנון שלם נקי בוואקום,דלידג,IL,דג אמנון שלם ארוז בוואקום במשקל,קילוגרמים,1.00,"ק""ג",true,,19.90,19.9000,true,1,333891
7290001690512,false,תות שדה קפוא 250גרם,,,תות שדה קפוא 250גרם שף שגב,גרמים,250.00,100 גרם,false,12,10.90,4.3600,true,1,335739
7290001690529,false,מיקס פירות טרופי קפו,,,מיקס פירות טרופי קפואות 250גר שף שגב,גרמים,250.00,100 גרם,false,12,10.90,4.3600,true,1,335738
7290001690536,false,מיקס פירות יער קפואו,,,מיקס פירות יער קפואות 250גר שף שגב,גרמים,250.00,100 גרם,false,12,10.90,4.3600,true,1,335737
7290001690543,false,חתיכות אננס קפואות 250 גר',,,חתיכות אננס קפוא 250גרם שף שגב,גרמים,250.00,100 גרם,false,12,10.90,4.3600,true,1,335740
7290001690550,false,מיקס תות בננה קפוא 2,,,מיקס תות בננה קפוא 250גרם שף שגב,גרמים,250.00,100 גרם,false,12,10.90,4.3600,true,1,335742
7290001690567,false,נתחי מנגו קפואים 250 גר',,,נתחי מנגו קפוא 250גרם שף שגב,גרמים,250.00,100 גרם,false,12,10.90,4.3600,true,1,335741
7290001690574,false,אוכמניות קפואות 250 גר',,,אוכמניות קפואות 250גר שף שגב,גרמים,250.00,100 גרם,false,12,10.90,4.3600,true,1,335736
7290001690987,false,דג פילה הייק ארוז קפוא דלידג,דלידג,,דג פילה הייק במשקל,קילוגרמים,1.00,"ק""ג",true,,57.90,57.9000,true,1,333387
7290001709290,false,מטבל מנגו פלפל צילי,,IN,מטבל מנגו פלפל צילי ולימון כבוש 500 גרם,גרמים,500.00,100 גרם,false,36,17.90,3.5800,true,1,335905
7290001709467,false,חטיף הודי מטבעות פאנ,,IN,חטיף הודי מטבעות פאני פורי 200 גרם,גרמים,200.00,100 גרם,false,40,19.90,9.9500,true,1,335902
7290001710623,false,בשר בקר מוכשר מס 5,מעדני הטלה והעגל,IL,בשר בקר מוכשר מס 5 חצוי משקל מעדני הטלה,קילוגרמים,1.00,"ק""ג",true,,46.00,46.0000,true,1,316772
7290001713150,false,סנט מוריץ מתז אקונומיקה Bleach קצף לימון 1 ליטר,קומפלקס כימיקלים בעמ,IL,מסיר אבנית 750מל סנט מוריץ,ליטרים,1.00,ליטר,false,15,9.90,9.9000,true,1,319054
7290001713167,false,סנט מוריץ - מרסס קצף ניקוי 1 ליטר סניטרי אפור,קומפלקס כימיקלים בעמ,IL,קצף ניקוי כללי 1 ליטר סנט מוריץ,ליטרים,1.00,ליטר,false,12,10.90,10.9000,true,1,320907
7290001713372,false,"תרסיס לניקוי מוצרי עור 400 מ""ל",קומפלקס כימיקלים,IL,תרסיס לניקוי מ. עור 400מל סנט מוריץ,מיליליטרים,400.00,"100 מ""ל",false,12,14.90,3.7250,true,1,320275
7290001713488,false,נוזל חלונות 5 ליטר,קומפלקס כימיקלים,IL,נוזל חלונות 5 ליטר סנט מוריץ לרכב ולבית,ליטרים,1.00,ליטר,false,5,11.90,11.9000,true,1,319954
7290001713662,false,מרכך כביסה pure בניחוח מלון רויאל 1 ל' סנט מוריץ,"קומפלקס כימיקלים בע""",TR,מרכך כביסה 1 ליטר בניחוח מלון רויאל,ליטרים,1.00,ליטר,false,12,10.90,10.9000,true,1,332596
7290001713815,false,PURE מרכך כביסה בניחוח מלון מפנק 1 ליטר,"קומפלקס כימיקלים בע""",TR,מרכך כביסה 1 ליטר בניחוח מלון מפנק,ליטרים,1.00,ליטר,false,12,10.90,10.9000,true,1,332595
7290001713860,false,PURE מרכך כביסה בניחוח מלון ספא 1 ליטר,"קומפלקס כימיקלים בע""",TR,מרכך כביסה 1 ליטר בניחוח מלון ספא,ליטרים,1.00,ליטר,false,12,10.90,10.9000,true,1,332586
7290001713884,false,עלמה מטליות מיקרופייבר שלישייה לרצפה,קומפלקס כימיקלים,CN,מטליות רצפה מיקרופייבר 3יח סנט מוריץ,יחידה,3.00,יחידה,false,24,13.90,4.6333,true,1,320278
7290001713907,false,בלנקו ג'ל אקונומיקה סמיכה 4 ליטר,קומפלקס כימיקלים,IL,אקונומיקה סמיכה 4ליטר בלנקו גל,ליטרים,4.00,ליטר,false,4,11.90,2.9750,true,1,323349
7290001713921,false,אקונומיקה bleach מבושמת 4 ל' סנט מוריץ,קומפלקס כימיקלים בעמ,IL,אקונומיקה מבושמת 4 ליטר מלבינה,ליטרים,4.00,ליטר,false,4,9.90,2.4750,true,1,326645
7290001726006,false,בורקס פטריות,בונז'ור,,בורקס פטריות,קילוגרמים,1.00,"ק""ג",true,,35.00,35.0000,true,1,295815
7290001726044,false,"קרואסון ביס חלבה לק""",בונז'ור,,קרואסון ביס חלבה,קילוגרמים,1.00,"ק""ג",true,,37.00,37.0000,true,1,298389
7290001780428,false,גלידיאט שלגון מצופה נסטלה 312 גרם מארז 6 יחידות,גלידות נסטלה )נגה גלידות,IL,מאגדת שלגון דיאט שוקולד 6 יח,גרמים,312.00,100 גרם,false,1,29.90,9.5833,true,1,221103
7290001780800,false,שלגון קראנץ שוקולד ליבת נוגט נסטלה 100 גרם,נסטלה גלידות,IL,שלגון קראנץ ליבת נוגט,יחידה,1.00,יחידה,false,1,11.00,11.0000,true,1,302666
7290001791776,false,"סנו-די דוחה יתושים רול און עם אלוורה סנו 50 מ""ל",גוד פוד פרודקטס S.p,IL,סנו די דוחה יתושים אלוורה,מיליליטרים,50.00,"100 מ""ל",false,1,17.90,35.8000,true,1,222461
7290001814147,false,ממרח בטעם שוקולד פרה500ג,STRAUSS-ISRAEL,IL,ממרח שוקולד פרה 500 גר,גרמים,500.00,100 גרם,false,1,10.90,2.1800,true,1,217585
7290001817377,false,צ'יטוס חטיף איקס עיגול פיצה 60 גרם,"שטראוס פריטו ליי בע""\מ )",IL,ציטוס איקס עיגול 60,Unknown,0.00,Unknown,false,40,3.60,0.0000,true,1,216919
7290001817728,false,צ'יטוס אפוי כאפה בטעם קטשופ 55 גרם,"שטראוס פריטו ליי בע""\מ )",IL,ציטוס כאפה 55 גר תפזורת,Unknown,0.00,Unknown,false,40,3.60,0.0000,true,1,219200
7290001835340,false,פרמיו לבבות 100 גרם,,CN,פרמיו לבבות 100 גר,גרמים,100.00,100 גרם,false,10,14.90,14.9000,true,1,336244
7290001835364,false,פרמיו חטיפי ברווז מובחרים,,CN,פרמיו חטיפי ברווז 100 גר,גרמים,100.00,100 גרם,false,10,14.90,14.9000,true,1,336245
7290001865439,false,פמילי אל סבון נוזלי בניחוח וניל 1 ליטר,אף.סי תבליני בגליל ב,IL,פמילי אל סבון לבן 1 ל משאבה,ליטרים,1.00,ליטר,false,1,10.90,10.9000,true,1,221064
7290001865453,false,פמילי לקשרי 1 ליטר לבנדר ארומטי+משאבה,מיוצר עי קונדיטוריית,TR,פמילי אל סבון לבנדר 1 ל משאבה,ליטרים,1.00,ליטר,false,1,10.90,10.9000,true,1,221065
7290001865460,false,סבון נוזלי פמלי לקשרי זר פרחים לבנים 1 ל,אינטרקוסמא,TR,פמילי אל סבון קוקוס 1 ל משאבה,ליטרים,1.00,ליטר,false,1,10.90,10.9000,true,1,221066
7290001873441,false,המבורגר בלאק אנגוס 320 גרם,טיבון ויל אחזקות בעמ,IL,המבורגר בלאק אנגוס 320גר,גרמים,320.00,100 גרם,false,6,27.90,8.7187,true,1,321264
7290001873458,false,סטייקבורגר בלאק אנגוס 320 גרם,טיבון ויל אחזקות בעמ,IL,סטייק בורגר בלאק אנגוס 320גר,גרמים,320.00,100 גרם,false,6,27.90,8.7187,true,1,321265
7290001873472,false,"קבב בלאק אנגוס 320 גרם,",טיבון ויל אחזקות בעמ,IL,קבב בלאק אנגוס 320גר,גרמים,320.00,100 גרם,false,6,27.90,8.7187,true,1,321266
7290001873489,false,קרפצ'יו בלאק אנגוס 120 ג,טיבון ויל אחזקות בעמ,IL,קרפצו בלאק אנגוס 120גר,גרמים,120.00,100 גרם,false,15,21.90,18.2500,true,1,321267
7290001873793,false,גבינת גאודה עלמה במש,עלמה,,גבינת גאודה עלמה במשקל***,קילוגרמים,1.00,"ק""ג",true,,32.00,32.0000,true,1,322294
7290001881040,false,מלפפון בייבי כבוש במ,מאמא מרי,IL,מלפפון ביבי במלח,גרמים,600.00,100 גרם,false,1,28.90,4.8167,true,1,240972
7290001881095,false,עגבניות שרי כבושות 5,מאמא מרי,IL,עגבניות שרי כבושות 500 גרם,גרמים,500.00,100 גרם,false,1,28.90,5.7800,true,1,240973
7290001881224,false,קוביות אננס קפואות מ,מאמא מרי,IL,אננס 300 גרם,גרמים,300.00,100 גרם,false,1,15.90,5.3000,true,1,308056
7290001881231,false,מנגו חתוך קפוא 300 גר,מאמא מרי,IL,מנגו 300 גרם,גרמים,300.00,100 גרם,false,1,17.90,5.9667,true,1,309604
7290001881293,false,תות שדה קפוא 300 גר,מאמא מרי,,תות שדה קפוא 300גר,גרמים,300.00,100 גרם,false,1,11.90,3.9667,true,1,314155
7290001881552,false,עגבניות שרי במשקל,מאמא מרי,,עגבניות שרי במשקל,קילוגרמים,1.00,"ק""ג",true,,39.00,39.0000,true,1,236646
7290001881873,false,"מאמא מרי כרוב עם חמוציות 1 ק""ג",מאמא מרי,,כרוב עם חמוציות כבוש 750 גרם,גרמים,750.00,100 גרם,false,1,19.90,2.6533,true,1,240977
7290001881972,false,קיווי קפוא 300 גר,מאמא מרי,,קיווי קפוא 300גר,גרמים,300.00,100 גרם,false,1,15.90,5.3000,true,1,314157
7290001881989,false,פסיפלורה קפוא 300 גר,מאמא מרי,,פסיפלורה קפוא 300גר,גרמים,300.00,100 גרם,false,1,15.90,5.3000,true,1,314156
7290001973233,false,"קמיל בלו מגבונים לחים סנסיטיב ד""ר פישר 120 יחידות",פישר מעבדות פרמצבטיות,IL,מגבוני קמיל בלו סנסטייב 120 יח בקופסא,יחידה,120.00,יחידה,false,1,10.90,0.0908,true,1,224159
7290001973332,false,"קמיל בלו מגבונים לפנים סנסיטיב ד""ר פישר 60 יחידות","ד""ר פישר Dr fischer",IL,ק.ב.ס מגבונים לפנים 60 פלסטיק ליד,יחידה,60.00,יחידה,false,12,7.90,0.1317,true,1,224156
7290001989272,false,איקרה לבנה/אדומה במשקל,"סלטי שמיר 2006 בע""מ",IL,סלט איקרא במשקל,גרמים,1000.00,100 גרם,false,,59.90,5.9900,true,1,302181
7290001989395,false,דג הרינג כבוש עם בצל,"סלטי שמיר 2006 בע""מ",IL,דג הרינג כבוש עם בצל במשקל,קילוגרמים,1.00,"ק""ג",true,,64.90,64.9000,true,1,307351
7290001990094,false,"סוכר חום כהה צנצנת קלאסי סוגת 1ק""ג",האי נאם סי או אל.טי.,IL,סוכר חום קלאסי בצנצנת,קילוגרמים,1.00,"ק""ג",false,8,14.90,14.9000,true,1,216945
7290001990117,false,שומשום סוגת 100 גרם,האי נאם סי או אל.טי.,IL,שומשום סוגת 100 גרם,גרמים,100.00,100 גרם,false,1,4.50,4.5000,true,1,218980
7290001990148,false,"סוכר גולדן קלאסי בצנצנת סוגת 1 ק""ג",האי נאם סי או אל.טי.,IL,סוכר גולדן קלאסי צנצנת 1 קג סוגת,קילוגרמים,1.00,"ק""ג",false,1,12.90,12.9000,true,1,223345
7290001990261,false,"סוגת חומוס 1 ק""ג","סוגת תעשיות בע""\מ",IL,חומוס 1 קג,קילוגרמים,1.00,"ק""ג",false,12,15.90,15.9000,true,1,223591
7290001990278,false,"שעועית לבנה סוגת 1 ק""ג","סוגת תעשיות בע""\מ",IL,שעועית לבנה סוגת 1 קג,קילוגרמים,1.00,"ק""ג",false,1,18.90,18.9000,true,1,223620
7290001990391,false,אפונה יבשה 1קג סוגת,"סוגת תעשיות בע""\מ",IL,אפונה סוגת 1 קג,קילוגרמים,1.00,"ק""ג",false,1,12.90,12.9000,true,1,223559
7290001990407,false,"עדשים ירוקים 1 ק""ג סוגת","סוגת תעשיות בע""\מ",IL,עדשים ירוקים סוגת 1 קג,קילוגרמים,1.00,"ק""ג",false,1,15.90,15.9000,true,1,223611
7290001990414,false,"עדשים אדומים יבש סוגת 1 ק""ג","סוגת תעשיות בע""\מ",IL,עדשים אדומים סוגת 1 קג,קילוגרמים,1.00,"ק""ג",false,1,15.90,15.9000,true,1,223560
7290001990421,false,"פופקורן גרעינים סוגת 1 ק""ג","סוגת תעשיות בע""\מ",IL,פופקורן סוגת 1 קג,קילוגרמים,1.00,"ק""ג",false,1,10.90,10.9000,true,1,223749
7290002000136,false,שעווה לחימום במיקרוגל - דבש ופרופוליס,"ש. שוורץ )באר שבע( בע""\מ",IL,שעוות דבש למיקרוגל מגע המשי 500 ג,גרמים,500.00,100 גרם,false,1,21.90,4.3800,true,1,219188
7290002000143,false,"חדש -פנג'ל ק.ידיים קלאסיק 80מ""ל",מיוצר עי קונדיטוריית,IL,קרם ידיים פנגל קלאסיק 80 מל,Unknown,0.00,Unknown,false,1,7.90,0.0000,true,1,216847
7290002000266,false,שעווה מגע המשי הדבש תפוח למיקרו 500 גרם,המאפיה של הרמן,IL,שעוות התפוח למיקרוגל מגע המשי 500 ג,גרמים,500.00,100 גרם,false,1,21.90,4.3800,true,1,219189
7290002000921,false,רשת צליה 19/21סמ צול,,,רשת צליה 19/21סמ צולה כבד משובץ,יחידה,1.00,יחידה,false,1,19.90,19.9000,true,1,327371
7290002002611,false,שעווה קרה הדבש משי 500גר,"ש. שוורץ (ב""ש) בע""מ",IL,שעווה קרה הדבש מגע המשי 500 ג,גרמים,500.00,100 גרם,false,1,21.90,4.3800,true,1,219190
7290002002857,false,"מגע הדבש, ניירות להסרת שיער בשעווה, 50 יחידות","איטיליאן פוד, אס.פי.",IL,נייר להסרת שיער מגע המשי 50 יח,יחידה,50.00,יחידה,false,1,21.90,0.4380,true,1,219194
7290002007029,false,קוקוס טחון 100 ג' הנמל,יבוא ושיווק: הנמל אר,IL,קוקוס 100 גרם,גרמים,100.00,100 גרם,false,1,4.50,4.5000,true,1,217018
7290002007036,false,כוסמת הנמל 500 גרם,הנמל,,כוסמת 500 גרם,גרמים,500.00,100 גרם,false,1,7.90,1.5800,true,1,217759
7290002007180,false,קמח תירס 500גר' הנמל מרובע,הנמל אריזות ושיווק ב,IL,קמח תירס 500 גרם,גרמים,500.00,100 גרם,false,1,4.90,0.9800,true,1,216791
7290002007234,false,אבקת סוכר הנמל 100 גרם,"מיוצר וארוז ע""י: ר.ס",IL,אבקת סוכר 100 גרם,גרמים,100.00,100 גרם,false,1,2.00,2.0000,true,1,218361
7290002007241,false,סודה לשתיה הנמל 50 גרם,"מיוצר וארוז ע""י: BAS",IL,סודה לשתיה הנמל 50 גרם,Unknown,0.00,Unknown,false,1,2.00,0.0000,true,1,217307
7290002007302,false,סוכריות לקישוט צבע אחיד 100 ג' הנמל,קריות זול,IL,מזרה צנצנת 100 גרם,גרמים,100.00,100 גרם,false,1,5.90,5.9000,true,1,217698
7290002007371,false,פירורי לחם הנמל 500 ג',הנמל אריזות ושיווק ב,IL,פירורי לחם 500 גר,גרמים,500.00,100 גרם,false,1,7.50,1.5000,true,1,217093
7290002007395,false,דובדבנים מסוכרים 100 ג' הנמל,פוליבה בעמ,IL,דובדבנים 100 גרם,גרמים,100.00,100 גרם,false,1,7.50,7.5000,true,1,217995
7290002007852,false,"תמצית אפייה בטעמים שונים 55 מ""ל הנמל",ממתקי עלה יצור ושיוו,IL,"תמצית אפיה וניל 55 מ""ל",מיליליטרים,55.00,"100 מ""ל",false,1,3.50,6.3636,true,1,218419
7290002007944,false,כפפות לטקס הנמל L אריזת 100יח',,,כפפות לטקס לארג 100 יח,Unknown,0.00,Unknown,false,1,19.90,0.0000,true,1,222081
7290002008002,false,כפפות לטקס הנמל M אריזת 100יח',הנמל,IL,כפפות לטקס מדיום 100 יח,Unknown,0.00,Unknown,false,1,19.90,0.0000,true,1,216926
7290002008057,false,"תמצית אפייה בטעם רום 55 מ""ל הנמל",ממתקי עלה יצור שיווק,IL,"תמצית אפיה רום 55 מ""ל",מיליליטרים,55.00,"100 מ""ל",false,1,3.50,6.3636,true,1,218420
7290002008149,false,מדליק פחם מוצק הנמל אריזת 40יח',מ.א.יצור ויבוא מטליו,GB,מדליק פחם מוצק,Unknown,0.00,Unknown,false,1,6.90,0.0000,true,1,217679
7290002008347,false,קורנפלור 500 גרם הנמל,הנמל,IL,קורנפלור 500 גרם,גרמים,500.00,100 גרם,false,1,6.50,1.3000,true,1,217031
7290002008491,false,סוכריות לקישוט שוקולד 100 ג' הנמל,ממתקי עלה יצור שיווק,IL,מזרה שוקו צנצנת 100 גרם,גרמים,100.00,100 גרם,false,1,5.90,5.9000,true,1,217699
7290002008651,false,קמח תפוחי אדמה הנמל 500 גרם,ר.ס. חברה ליבוא וייצ,IL,קמח תפוח אדמה 500 גרם,גרמים,500.00,100 גרם,false,1,5.90,1.1800,true,1,216793
7290002008743,false,סוכר וניל עשירייה הנמל 100 גרם,"מיוצר וארוז ע""י: ר.ס",IL,סוכר וניל 10 יח,גרמים,100.00,100 גרם,false,1,3.00,3.0000,true,1,217314
7290002008750,false,אבקת אפיה עשירייה הנמל 100 גרם,ר.ס. חברה ליבוא ויצו,IL,אבקת אפיה 10 יח,גרמים,100.00,100 גרם,false,1,3.00,3.0000,true,1,218354
7290002008774,false,שומשום הנמל 200 גרם,הנמל אריזות ושיווק ב,IL,שומשום הנמל 200 גר,גרמים,200.00,100 גרם,false,1,6.90,3.4500,true,1,216728
7290002013006,false,פסטרמה מקסיקנית במשקל,זוגלובק,IL,פסטרממיה מקסיקנית במשקל,קילוגרמים,1.00,"ק""ג",true,,69.00,69.0000,true,1,335757
7290002013037,false,פסטרמה פרגית זוגלובק,זוגלובק,IL,פסטרמה פרגיות על לבנים במשקל,קילוגרמים,1.00,"ק""ג",true,,69.00,69.0000,true,1,335758
7290002013174,false,פסטרמה של פעם זוגלוב,זוגלובק,IL,פסטרמה של פעם במשקל,קילוגרמים,1.00,"ק""ג",true,,69.00,69.0000,true,1,335759
7290002013747,false,נקניק סלמי מפולפל במ,,IL,נקניק סלמי מפולפל במשקל,קילוגרמים,1.00,"ק""ג",true,,42.00,42.0000,true,1,335770
7290002019787,false,רוטב עגבניות מרוכז מאוד 260 גרם פריניר,פריניר ( הדס 1987) ב,IL,רוטב עגבניות 260 ג פלסטי פריניר,גרמים,260.00,100 גרם,false,1,3.80,1.4615,true,1,216711
7290002019794,false,רוטב עגבניות מרוכז מאוד 100 גרם פריניר,פריניר ( הדס 1987) ב,IL,רוטב עגבניות 100 ג פלסטיק פריניר,גרמים,100.00,100 גרם,false,1,1.90,1.9000,true,1,216710
7290002022923,false,סוכריות על מקל בטעם תות כרמית 50 יחידות,כרמית תעשיות ממתקים,IL,לקקן כרמית תות 50 יח שקית,יחידה,50.00,יחידה,false,1,16.90,0.3380,true,1,221478
7290002024606,false,חזרת במשקל,,,חזרת במשקל,גרמים,1000.00,100 גרם,false,1,35.00,3.5000,true,1,217859
7290002026402,false,בלינצס גבינה בראנץ אנד קראנץ 350 ג',מוצרי איכות אמריקאיים בע,IL,בלינצס גבינה,גרמים,350.00,100 גרם,false,8,15.50,4.4286,true,1,235208
7290002026440,false,פרצלס בייגלה בראנץ אנד קראנץ 280 ג',מוצרי איכות אמריקאיים בע,IL,פרצלס,גרמים,280.00,100 גרם,false,8,15.50,5.5357,true,1,234746
7290002026587,false,וופל בלגי פרווה בראנץ אנד קראנץ 8 יח',בראנץ' אנד קראנץ Brunch& Crunch,BE,וופל בלגי בראנץ אנד קראנץ קפוא 8יח,גרמים,280.00,100 גרם,false,10,15.50,5.5357,true,1,321037
7290002026778,false,"גלידה בן&ג'ריס שמנת וניל קרמל וחתיכות 500מ""ל",מוצרי איכות אמריקאיים בע,IL,גלידה בן אנד גריס קון סוויט קון 500מל,מיליליטרים,500.00,"100 מ""ל",false,1,19.90,3.9800,true,1,299233
7290002037309,false,שמיניית לחמניות המבורגר,מאפית י את א ברמן בע,IL,מארז 2+6 לחמניה המבורגר 50 גרם,גרמים,400.00,100 גרם,false,1,13.90,3.4750,true,1,217642
7290002037637,false,חליות מתוקות מארז 4יח',מאפית י את א ברמן בע,IL,מארז 4 חליה מתוקה 90 גרם,גרמים,350.00,100 גרם,false,1,13.90,3.9714,true,1,218329
7290002040019,false,קוסקוס רגיל הנמל 350 גרם,"קוסקוס מזון בע""מ",IL,קוסקוס רגיל 350 גרם,גרמים,350.00,100 גרם,false,1,5.90,1.6857,true,1,217012
7290002040064,false,קוסקוס דק הנמל 350 גרם,טרופיקל דגיל תעשיות,IL,קוסקוס דק 350 גרם,גרמים,350.00,100 גרם,false,1,5.90,1.6857,true,1,217010
7290002040071,false,קוסקוס עבה שקית 350 גרם הנמל,"קוסקוס מזון בע""מ",IL,קוסקוס עבה 350 גרם,גרמים,350.00,100 גרם,false,1,5.90,1.6857,true,1,217011
7290002040088,false,קוסקוס מלא הנמל 350 גרם,"קוסקוס מזון בע""מ",IL,קוסקוס מלא 350 ג,גרמים,350.00,100 גרם,false,1,6.90,1.9714,true,1,222032
7290002040095,false,קוסקוס רגיל מארז 350X3ג' קוסקוס מזון,טרופיקל דגיל תעשיות,IL,מארז 3 יח קוסקוס בשקית 350 גרם,קילוגרמים,1050.00,"ק""ג",false,1,15.90,0.0151,true,1,223059
7290002043010,false,פריכיות בציפוי שוקול,,BG,פריכיות אורז חום שוקולד לבן בלגי 90 גרם,Unknown,0.00,Unknown,false,12,7.90,0.0000,true,1,326103
7290002043058,false,פריכיות אורז חום שוק,,BG,תערובת אסדו,Unknown,0.00,Unknown,false,10,3.90,0.0000,true,1,326095
7290002043102,false,אקסטרה פריכיות אורז חום מלא 7 זרעי על 200 גרם,נוהלס ג'\י אס סי.,BG,תערובת לחמים,גרמים,200.00,100 גרם,false,8,13.90,6.9500,true,1,326096
7290002043188,false,אקסטרה צ'יפס אורז חום מלא צ'ילי חריף 60 גרם,נוהלס ג'\י אס סי.,BG,ציפס אורז חום צילי חריף 60 גרם,Unknown,0.00,Unknown,false,24,6.90,0.0000,true,1,326109
7290002043218,false,אקסטרה צ'יפס אורז חום מלא מלח 60 גרם,נוהלס ג'\י אס סי.,BG,ציפס אורז חום מלא מלוח 60 גרם,Unknown,0.00,Unknown,false,24,6.90,0.0000,true,1,326108
7290002043225,false,אקסטרה צ'יפס אורז חום מלא פפריקה 60 גרם,נוהלס ג'\י אס סי.,BG,ציפס אורז חום פפריקה 60 גרם,Unknown,0.00,Unknown,false,24,6.90,0.0000,true,1,326110
7290002043317,false,ציפס אורז חום צילי ח,,BG,ציפס אורז חום צילי חריף 24 גרם,Unknown,0.00,Unknown,false,16,3.90,0.0000,true,1,326105
7290002043324,false,אקסטרה ציפס מלח ים 25 גר,,BG,ציפס אורז חום מלא מלוח 25 גרם,Unknown,0.00,Unknown,false,16,3.90,0.0000,true,1,326106
7290002043331,false,אקסטרה צ'יפס אורז חום מלא כוסמת 60 גרם,,BG,ציפס אורז חום כוסמת 60 גרם,Unknown,0.00,Unknown,false,24,7.90,0.0000,true,1,326111
7290002043348,false,אקסטרה צ'יפס אורז חום צ'יה וקינואה 60 גרם,נוהלס ג'\י אס סי.,BG,ציפס אורז חום ציה וקינואה 60 גרם,Unknown,0.00,Unknown,false,24,7.90,0.0000,true,1,326112
7290002043379,false,אקסטרה צ'יפס אורז חום מלא עדשים שחורות 60 גרם,נוהלס ג'\י אס סי.,BG,אורז מקסיקני,Unknown,0.00,Unknown,false,24,7.90,0.0000,true,1,326097
7290002043386,false,ציפס אורז חום שעועית,,BG,ציפס אורז חום שעועית מש 60 גרם,Unknown,0.00,Unknown,false,24,7.90,0.0000,true,1,326114
7290002043591,false,אקסטרה צ'יפס אורז חום מלא פפריקה 120 גרם,נוהלס ג'\י אס סי.,BG,ציפס אורז חום מלא פפריקה 120 גרם,גרמים,120.00,100 גרם,false,12,11.90,9.9167,true,1,326116
7290002043782,false,אקסטרה צ'יפס אורז חום מלא טקסס ברביקיו 60 גרם,נוהלס ג'\י אס סי.,BG,ציפס אורז חום טקסס ברביקיו 60 גרם,Unknown,0.00,Unknown,false,24,6.90,0.0000,true,1,326107
7290002043829,false,אקסטרה פריכיות אורז חום מלא מהרי ההימלאיה 200 גרם,מימונס אפיה,BG,פריכיות אורז חום מלח הימלאיה 200 גרם,גרמים,200.00,100 גרם,false,8,13.90,6.9500,true,1,326123
7290002053118,false,אטריות ביצים עבות מספר 14 אוריינט 200 גרם,האי נאם סי או אל.טי.,PL,אטריות ביצים מס 14 אורינט 200 גר,גרמים,200.00,100 גרם,false,1,7.90,3.9500,true,1,218230
7290002053354,false,אטריות נודלס סיני להקפצה אוריינט 300 גרם,טאביט ספ.ז.או.או,PL,אטריות נודלס סיני 300 גר אוריינט,גרמים,300.00,100 גרם,false,1,12.90,4.3000,true,1,219198
7290002053538,false,נודלס בסגנון תאילנדי 25 תוספת אוריינטל 500 גרם,פ.פ.ח. טאביה ספ זאו.או,PL,איטריות נודלס תאילנדי100+400 גר אוריינט,גרמים,500.00,100 גרם,false,1,13.90,2.7800,true,1,306032
7290002057154,false,"זיתים חרוזית קבוצת יבנה 1.5 ק""ג",קבוצת יבנה,IL,זית ירוק חרוזית א/10,קילוגרמים,3.00,"ק""ג",false,1,42.90,14.3000,true,1,223444
7290002057178,false,זיתים שחורים גדולים מנזלינו קבוצת יבנה 3,קבוצת יבנה,IL,זית שחור טבעי גדול א/2 יבנה,גרמים,540.00,100 גרם,false,1,9.90,1.8333,true,1,221694
7290002057345,false,"מלפפונים במלח ‏36‏-‏30 קבוצת יבנה 1.75 ק""ג",קבוצת יבנה,IL,מלפפון גדול 36/30 מלח א/10,קילוגרמים,3.00,"ק""ג",false,1,21.90,7.3000,true,1,223446
7290002057437,false,פלפל שיפקונית קבוצת יבנה 225 גרם,קבוצת יבנה,IL,שיפקונת 560 גרם קבוצת יבנה,גרמים,560.00,100 גרם,false,12,9.90,1.7679,true,1,324542
7290002057604,false,פלפל חריף שיפקה קבוצת יבנה 225 גרם.,קבוצת יבנה,IL,פלפל שיפקה כבוש א/2 יבנה,גרמים,540.00,100 גרם,false,1,6.90,1.2778,true,1,221680
7290002057741,false,זית שחור מיובש מתובל,לטרובליס ושות,GR,זית שחור מיובש מתובל יבנה לדרך 200 גרם,גרמים,200.00,100 גרם,false,12,12.90,6.4500,true,1,338460
7290002057758,false,זית ירוק ענק מתובל י,לטרובליס ושות,GR,זית ירוק ענק מתובל יבנה לדרך 200 גרם,גרמים,200.00,100 גרם,false,12,12.90,6.4500,true,1,338463
7290002057765,false,זית קלמטה ענק יבנה ל,לטרובליס ושות,GR,זית קלמטה ענק יבנה לדרך 200 גרם,גרמים,200.00,100 גרם,false,12,12.90,6.4500,true,1,338462
7290002057772,false,זית ירוק ענק יבנה לד,לטרובליס ושות,GR,זית ירוק ענק יבנה לדרך 200 גרם,גרמים,200.00,100 גרם,false,12,12.90,6.4500,true,1,338461
7290002057789,false,זית מיקס קלמטה וירוק,לטרובליס ושות,GR,זית מיקס קלמטה וירוק יבנה לדרך 200 גרם,גרמים,200.00,100 גרם,false,12,12.90,6.4500,true,1,338459
7290002061137,false,אורנה 19 קרם דפילטור80גר,אלפא קוסמטיקה,IL,קרם להסרת שיער אורנה 19 רגיל 80גר,Unknown,0.00,Unknown,false,6,15.90,0.0000,true,1,313298
7290002061229,false,אורנה19דפילטור ביקיני80ג,אלפא קוסמטיקה,IL,קרם להסרת שיער אורנה 19 קו ביקיני 80גר,Unknown,0.00,Unknown,false,6,15.90,0.0000,true,1,313320
7290002064046,false,גבינת אלומה קממבר עי,,,גבינת אלומה קממבר עיזים 130 גרם ברקנית,גרמים,130.00,100 גרם,false,1,26.90,20.6923,true,1,222338
7290002075271,false,סוכריות ריקולה בשקית בטעם צמחים,(EITAN (CHOCOTRADE,CH,סוכ.ריקולה צמחים 70 גר בשקית,Unknown,0.00,Unknown,false,1,10.90,0.0000,true,1,225235
7290002077268,false,מיני קציצות דג לבישול 500 גרם קהילות,האי נאם סי או אל.טי.,IL,מיני קציצות דג לבישול 500 גר,גרמים,500.00,100 גרם,false,8,22.20,4.4400,true,1,230998
7290002079033,false,לחם דגנים לייט פרוס 500 גרם,מאפיית דוידוביץ ובניו בע,IL,לחם דגנים לייט פרוס 500גרם,גרמים,500.00,100 גרם,false,1,13.90,2.7800,true,1,222942
7290002079217,false,מחמצת עם אגוזים שיפון 650 ג',מאפיית דוידוביץ ובני,IL,מחמצת עם אגוזים שיפון 650גרם,גרמים,650.00,100 גרם,false,1,11.90,1.8308,true,1,240356
7290002079316,false,חלה רגילה פרוסה 500 גרם,מאפית דוידוביץ ובניו,IL,חלה פרוסה רגילה 500גרם,גרמים,500.00,100 גרם,false,1,9.10,1.8200,true,1,227243
7290002079347,false,חלה קלה פרוסה 500 גרם,מאפיית דוידוביץ ובניו בע,IL,חלה קלה פרוסה 500גרם,גרמים,500.00,100 גרם,false,1,9.10,1.8200,true,1,227248
7290002079361,false,לחמניות המבורגר חתוך 6+2*60 ג',מאפיית דוידוביץ ובני,IL,המבורגר חתוך 60גרם 6+2 *,גרמים,480.00,100 גרם,false,8,14.10,2.9375,true,1,222943
7290002079477,false,לחם אחיד פרוס דוידוב,מאפיית דוידוביץ ובניו בע,IL,****לחם שחור פרוס 750 גר דוידוביץ,גרמים,750.00,100 גרם,false,1,7.91,1.0547,true,1,222944
7290002079552,false,לחם אחיד דוידוביץ 75,דוידוביץ,,****לחם אחיד 750 גר דוידוביץ,גרמים,750.00,100 גרם,false,1,6.96,0.9280,true,1,223066
7290002079590,false,חלה רגילה עגולה 500גר,מאפיית דוידוביץ,,חלה רגילה דוידוביץ 500 גר****,גרמים,400.00,100 גרם,false,1,6.26,1.5650,true,1,223067
7290002079927,false,לחם דגנים מלא דוידוב,מאפיית דוידוביץ ובני,IL,לחם דגנים קמח מלא 750גרם,גרמים,750.00,100 גרם,false,1,13.90,1.8533,true,1,227990
7290002079996,false,לחם אחיד קל פרוס 750 גרם,מאפיית דוידוביץ ובני,IL,לחם אחיד קל פרוס 750גרם,גרמים,750.00,100 גרם,false,1,13.80,1.8400,true,1,222945
7290002096498,false,עוגיות דובשנית חפץ 6,חפץ אליקים,IL,עוגיות דובשנית חפץ 600 גר,גרמים,600.00,100 גרם,false,1,12.90,2.1500,true,1,233153
7290002107071,false,גבינת פטה עיזים מעודנת 16% משק צוריאל 200 גרם,מחלבת משק צוריאל,IL,גבינה בולגרית עיזים מעודנת 16% 200ג צורי,גרמים,200.00,100 גרם,false,12,26.90,13.4500,true,1,221859
7290002107316,false,טבורוג למעדיה צוריאל,מחלבת משק צוריאל,IL,גבינה טבורוג במשקל,קילוגרמים,1.00,"ק""ג",true,,45.00,45.0000,true,1,295605
7290002107385,false,גליל גבינת עיזים מה עז משק צוריאל 180 גרם,מחלבת משק צוריאל,IL,גבינת עיזים קשה מהעז 180 גר,גרמים,180.00,100 גרם,false,1,24.90,13.8333,true,1,223542
7290002107491,false,גבינה לבנה מחלב עיזים למריחה 5% משק צוריאל 250 גרם,מחלבת משק צוריאל,IL,גבינה עיזים 5% למריחה בטעמים 250 ג,גרמים,250.00,100 גרם,false,1,16.90,6.7600,true,1,218163
7290002107798,false,גבינה בולגרית מעודנת 5% משק צוריאל 250 גרם,מחלבת משק צוריאל,IL,גבינה בולגרית בקר 5% 250 ג בגביע,גרמים,250.00,100 גרם,false,1,24.90,9.9600,true,1,218297
7290002107965,false,טבורוג גבינה לאפייה 5% צוריאל 500 ג',מחלבת משק צוריאל,IL,גבינת טבורוג 5% כפרי 500 גרם,גרמים,500.00,100 גרם,false,1,24.90,4.9800,true,1,218934
7290002109372,false,בורקס פילו אצבעות בולגרי 700 ג' שלושת האופים,שלושת האופים שגמור,IL,בורקס פילו אצבעות בולגרית 700 גר,גרמים,700.00,100 גרם,false,1,20.90,2.9857,true,1,232343
7290002109488,false,קבב 100% אמיתי טיבון ויל 440 גרם,"טיבון ויל אחזקות בע""\מ",IL,קבב אמיתי 100% טיבונוויל 440 גרם,גרמים,440.00,100 גרם,false,12,15.90,3.6136,true,1,231719
7290002128083,false,נרות חנוכה רגיל 44יח-מנורה,מנורה,IL,נרות חנוכה 44 יח רגיל מנורה,יחידה,44.00,יחידה,false,50,3.90,0.0886,true,1,217284
7290002128205,false,נרות לא נוטפים 45יח-מנורה,,,נרות חנוכה מיוחדים 44יח מנורה,יחידה,44.00,יחידה,false,1,6.90,0.1568,true,1,219277
7290002128403,false,נרות שולחן אורה 4 יחידות,קריות זול,IL,נרות שבת מס 4,יחידה,4.00,יחידה,false,1,3.90,0.9750,true,1,337211
7290002128434,false,נרות שבת אורה 10 יחידות,קריות זול,IL,נרות שבת מס 10,יחידה,10.00,יחידה,false,50,3.90,0.3900,true,1,337210
7290002129455,false,פיצה איטלקית XL גדולה שלושת האופים 450 גרם,,IT,פיצה איטלקית אקס אל 450 גרם שלושת האופים,גרמים,450.00,100 גרם,false,8,20.90,4.6444,true,1,308651
7290002129462,false,פיצה איטלקית דקה שלושת האופים מארז זוג 640 ג',סוילה אס.אר.אל,IT,זוג פיצה איטלקית דקה 640 גר שלושת האופים,גרמים,640.00,100 גרם,false,8,21.90,3.4219,true,1,303297
7290002129479,false,פיצה מרגריטה איטלקית דקה שלושת האופים 320 גרם,האי נאם סי או אל.טי.,IT,פיצה איטלקית דקה 320גרם שלושת האופים,גרמים,320.00,100 גרם,false,14,15.90,4.9688,true,1,303296
7290002129486,false,פיצה איטלקית דקה זיתים 340 ג' שלושת האופים,האי נאם סי או אל.טי.,IT,פיצה זיתים דקה איטלקית 340גר שלושת האופי,גרמים,340.00,100 גרם,false,1,16.90,4.9706,true,1,307251
7290002129769,false,אנטריקוט טרי מוכשר צרפת,,FR,סטייק עין טרי יבוא צרפת,קילוגרמים,1.00,"ק""ג",true,,149.90,149.9000,true,1,309554
7290002129790,false,כתף בקר טרי יבוא,,,כתף בקר טרי יבוא צרפת,קילוגרמים,1.00,"ק""ג",true,,79.90,79.9000,true,1,309557
7290002129806,false,צלי כתף טרי מוכשר צרפת ל,.,FR,צלי כתף טרי יבוא צרפת,קילוגרמים,1.00,"ק""ג",true,,84.90,84.9000,true,1,309558
7290002129813,false,פילה מדומה טרי מוכשר צרפ,,FR,פילה מדומה טרי יבוא צרפת,קילוגרמים,1.00,"ק""ג",true,,79.90,79.9000,true,1,309560
7290002129851,false,צוואר טרי מוכשר צרפת לקג,,FR,צואר בקר טרי יבוא צרפת,קילוגרמים,1.00,"ק""ג",true,,69.90,69.9000,true,1,309562
7290002130567,false,דבש דבורים טהור פרחי בר יד מרדכי 350 גרם,מכוורת יד מרדכי שטראוס ב,IL,דבש טהור יד מרדכי 350 ג צנצנת,גרמים,350.00,100 גרם,false,1,20.90,5.9714,true,1,217989
7290002132011,false,עוגיות מזרחיות מלוחות עבאדי 400 גרם,מאפיית יוסף ושמחה עבאדי,IL,עוגיות עבאדי מזרחיות 400 ג,גרמים,400.00,100 גרם,false,1,18.90,4.7250,true,1,217213
7290002133032,false,פתיתי קשקבל 29% גבינות השומרון 300 גרם,"מחלבת השומרון בע""מ",IL,פתיתי גבינת קשקבל 300 גר,גרמים,300.00,100 גרם,false,1,31.90,10.6333,true,1,227784
7290002133070,false,גב.קשקבל טורקי צאן22%משק,"מחלבת השומרון בע""מ",IL,גבינת קשקבל טורקי במשקל,קילוגרמים,1.00,"ק""ג",true,,120.00,120.0000,true,1,227783
7290002133087,false,גבינה בולגרית צאן20%משקל,מחלבת השומרון בעמ,,גבינה בולגרית צאן סופיה במשקל,קילוגרמים,1.00,"ק""ג",true,,80.00,80.0000,true,1,227782
7290002133094,false,גבינת ברינזה צאן במש,"מחלבת השומרון בע""מ",IL,גבינת ברינזה צאן במשקל,קילוגרמים,1.00,"ק""ג",true,,75.00,75.0000,true,1,219354
7290002133117,false,בולגרית מעודנת 5% במשקל,"מחלבת השומרון בע""מ",IL,גבינה בולגרית מעודנת 5% במשקל שומרון,קילוגרמים,1.00,"ק""ג",true,,45.00,45.0000,true,1,234869
7290002133148,false,צפתית רכה שומרון במש,"מחלבת השומרון בע""מ",IL,צפתית רכה שומרון במשקל,קילוגרמים,1.00,"ק""ג",true,,45.00,45.0000,true,1,219380
7290002133162,false,גבינה בולגרית 5% גבינות השומרון 250 גרם,מחלבת השומרון,IL,גבינה בולגרית 5% של פעם 250 גר,גרמים,250.00,100 גרם,false,1,17.90,7.1600,true,1,226979
7290002133193,false,בולגרית שומרון מעדני,מחלבת השומרון בעמ,IL,בולגרית קלאסית 5% שומרון במשקל,קילוגרמים,1.00,"ק""ג",true,,55.00,55.0000,true,1,219378
7290002133247,false,לאבנה עם שמן זית וזעתר 5% גבינות השומרון 250 גרם,מחלבת השומרון,IL,לבנה שמן וזעתר 250 גרם,גרמים,250.00,100 גרם,false,1,14.90,5.9600,true,1,219385
7290002133506,false,יוגורט של פעם חלב עיזים 4% גבינות השומרון 400 גרם,מחלבת השומרון,IL,יוגורט 4% חלב עיזים 400 גר,גרמים,400.00,100 גרם,false,1,13.90,3.4750,true,1,226916
7290002133520,false,יוגורט של פעם 3% גבינות השומרון 400 גרם,מחלבת השומרון,IL,יוגורט 3% של פעם 400 גר,גרמים,400.00,100 גרם,false,1,10.90,2.7250,true,1,219388
7290002133537,false,יוגורט של פעם חלב עיזים 4% גבינות השומרון 180 גרם,מחלבת השומרון,IL,יוגורט 4% מחלב עיזים 180 גר,גרמים,180.00,100 גרם,false,1,6.50,3.6111,true,1,226919
7290002133551,false,גבינת לאבנה עם שמן זית וזעתר 5% השומרון 500 גרם,מחלבת השומרון,IL,לבנה 5% עם שמן זית וזעתר 500 גרם,גרמים,500.00,100 גרם,false,1,19.90,3.9800,true,1,308167
7290002133575,false,יוגורט של פעם חלב כבשים 5% גבינות השומרון 400 גרם,מחלבת השומרון,IL,יוגורט 4% מחלב כבשים 400 גר,גרמים,400.00,100 גרם,false,1,13.90,3.4750,true,1,226917
7290002133889,false,גבינה בולגרית מעודנת 5% 250 גרם,מחלבת השומרון,IL,גבינה בולגרית 5% מעודנת 250 גר,גרמים,250.00,100 גרם,false,1,17.90,7.1600,true,1,226978
7290002133926,false,יוגורט 3% של פעם 180,,,יוגורט 3% של פעם 180 גר,גרמים,180.00,100 גרם,false,1,5.90,3.2778,true,1,226918
7290002157830,false,קוביות גולש עגל קפוא טיבון ויל 800 גרם,טיבון ויל - נטו,IL,קוביות גולש עגל 800 גרם,גרמים,800.00,100 גרם,false,1,44.90,5.6125,true,1,297247
7290002157953,false,מארז נתחי טונה בהירה בשמן קנולה - 4 יחידות,דיאמנט פוד פרודקט,IL,מארז 4 טונה בשמן קנולה ויליגר 140 ג,גרמים,560.00,100 גרם,false,1,19.90,3.5536,true,1,298160
7290002157960,false,רביעיית טונה במים ויליגר 140 גרם,ויליגר,IL,מארז 4 טונה במים ויליגר 140 ג,גרמים,560.00,100 גרם,false,1,19.90,3.5536,true,1,298161
7290002190141,false,ריבת חלב קונדיטור 450גרם,Barhan gida sanayi v,IL,ריבת חלב קומידה 450 גרם צנצנת,גרמים,450.00,100 גרם,false,1,13.90,3.0889,true,1,303347
7290002190516,false,"ריבת חלב גלעם-קומידה 500ג' 12X-כשל""פ",אשבל מזון פונקציונלי בע\,IL,ריבת חלב גלעם 500 גרם,גרמים,500.00,100 גרם,false,1,13.90,2.7800,true,1,217586
7290002196075,false,דבש טהור 350 גר משק,,,דבש טהור 350 גר משק לין,גרמים,350.00,100 גרם,false,1,20.90,5.9714,true,1,314358
7290002196105,false,דבש טהור משק לין 500,משק לין,IL,דבש טהור 500 גר משק לין,גרמים,500.00,100 גרם,false,1,25.90,5.1800,true,1,314359
7290002196129,false,דבש טהור 1 קג משק לי,משק לין,IL,דבש טהור 1 קג משק לין,קילוגרמים,1.00,"ק""ג",false,1,44.90,44.9000,true,1,314357
7290002196341,false,רוטב סילאן מוקפץ 320 גרם,משק דבורים לין,IL,רוטב סילאן מוקפץ 320 גר,גרמים,320.00,100 גרם,false,1,23.90,7.4687,true,1,232032
7290002196358,false,רוטב סילאן על האש 320גרם,משק דבורים לין,IL,רוטב סילאן על האש 320 גר,גרמים,320.00,100 גרם,false,1,23.90,7.4687,true,1,232033
7290002196372,false,רוטב סילאן גריל- עם שום 320 גר',משק דבורים לין,IL,רוטב סילאן גריל 320 גר,גרמים,320.00,100 גרם,false,1,23.90,7.4687,true,1,217747
7290002196495,false,רוטב ג'ינג'ר ופלפל אדום,משק דבורים לין,IL,רוטב דבש גינגר וצילי 320 גר,גרמים,320.00,100 גרם,false,1,23.90,7.4687,true,1,222654
7290002196617,false,משק לין רוטב חרדל ודבש,משק דבורים לין,IL,רוטב חרדל ודבש 320 גר,גרמים,320.00,100 גרם,false,1,23.90,7.4687,true,1,225471
7290002196822,false,משק לין רוטב דבש שום לימון ושמו זית,משק דבורים לין,IL,רוטב דבש שום לימון ושמן זית 320 גר,גרמים,320.00,100 גרם,false,1,23.90,7.4687,true,1,222653
7290002196884,false,משק לין רוטב דבש עם בוטנים וקארי,"משק דבורים לין בע""\מ",IL,רוטב דבש חמאת בוטנים וקארי 320 גר,גרמים,320.00,100 גרם,false,1,23.90,7.4687,true,1,222655
7290002198031,false,פסטרמה פרגיות ללחמניה .1,זוגלובק,IL,פסטרמה פרגיות במשקל ללחמניה,קילוגרמים,1.00,"ק""ג",true,,69.00,69.0000,true,1,335790
7290002198048,false,פסטרמה הודו בתיבול שוואר,זוגלובק,IL,פסטרמה תיבול שווארמה הודו במשקל,קילוגרמים,1.00,"ק""ג",true,,69.00,69.0000,true,1,335791
7290002198062,false,פסטרמה הודו אקסטרהמעושנת,זוגלובק,IL,פסטרמה מעושנת אקסטרה הודו במשקל,קילוגרמים,1.00,"ק""ג",true,,69.00,69.0000,true,1,335792
7290002198079,false,סלמי פרח בטעם כמהין קג,זוגלובק,IL,נקניק סלמי כמהין פרח במשקל,קילוגרמים,1.00,"ק""ג",true,,120.00,120.0000,true,1,335858
7290002198109,false,צלעות אסאדו מעושנות קג,זוגלובק,IL,נקניק צלעות אסאדו מעושנת במשקל,קילוגרמים,1.00,"ק""ג",true,,120.00,120.0000,true,1,335794
7290002198116,false,הברזילאית בקר הודו קג,זוגלובק,IL,פסטרמה ברזילאית במשקל,קילוגרמים,1.00,"ק""ג",true,,109.00,109.0000,true,1,335859
7290002204213,false,דובדבנים אדומים יחיד,בראשית-אגודה חקלאית,IL,דובדבן אדום קופסא גדולה יח,Unknown,0.00,Unknown,false,1,16.90,0.0000,true,1,295783
7290002208471,false,פיקורינו כבשים משק דותן 200 גרם,משק דותן,IL,גבינת פיקורינו כבשים מיושן 200 גרם דותן,גרמים,200.00,100 גרם,false,12,32.90,16.4500,true,1,244101
7290002208495,false,דותן תום כבשים מיושן 200 ג',משק דותן,IL,גבינת תום כבשים מיושן 200 גרם דותן,גרמים,200.00,100 גרם,false,12,32.90,16.4500,true,1,244100
7290002208525,false,צפתית קשה כבשים 200 גרם,משק דותן,IL,גבינה צפתית כבשים קשה 200 גרם דותן,גרמים,200.00,100 גרם,false,12,25.00,12.5000,true,1,244102
7290002232964,false,ציפוי לשניצל פז טחון דק 500 גרם דגש,"תירפז בע""מ",IL,פירורים לציפוי פז ללא גלוטן 600 גר,גרמים,500.00,100 גרם,false,1,27.90,5.5800,true,1,228109
7290002232995,false,ציפוי לשניצל פז 500 גרם דגש,פ.פ.ח. שאביט,IL,פירורים לציפוי פז ללא גלוטן 500 גר,גרמים,500.00,100 גרם,false,1,27.90,5.5800,true,1,225937
7290002239185,false,אפונת גינה קפואה פרי גליל 800 גרם,"פרי הגליל בע""""מ",IL,אפונה קפואה 800 גר פרי גליל,גרמים,800.00,100 גרם,false,1,13.90,1.7375,true,1,299058
7290002239215,false,אפונה וגזר קפוא פרי גליל 800 גרם,"פרי הגליל בע""""מ",IL,אפונה וגזר קפוא 800 גר פרי גליל,גרמים,800.00,100 גרם,false,1,13.90,1.7375,true,1,299061
7290002239277,false,גזר גמדי פרי הגליל 800 גרם,"פרי הגליל בע""""מ",IL,גזר גמדי קפוא 800 גר פרי גליל,גרמים,800.00,100 גרם,false,1,10.90,1.3625,true,1,299062
7290002239307,false,שעועית צהובה 800 ג ' פרי הגליל,"פרי הגליל בע""""מ",IL,שעועית צהובה חתוכה קפואה 800 גר פרי גליל,גרמים,800.00,100 גרם,false,1,14.90,1.8625,true,1,299059
7290002239338,false,שעועית ירוקה פרי הגליל 800 גרם,"פרי הגליל בע""""מ",IL,שעועית ירוקה חתוכה קפואה 800 גר פרי גליל,גרמים,800.00,100 גרם,false,1,14.90,1.8625,true,1,299060
7290002239369,false,שעועית ירוקה שלמה 800 גרם פרי הגליל,"פרי הגליל בע""""מ",IL,שעועית ירוקה שלמה קפואה 800 גר פרי גליל,גרמים,800.00,100 גרם,false,1,16.90,2.1125,true,1,299065
7290002239420,false,תירס גרעינים 800 ג ' פרי הגליל,"פרי הגליל בע""""מ",IL,תירס גרעינים קפוא 800 גר פרי גליל,גרמים,800.00,100 גרם,false,1,13.90,1.7375,true,1,299064
7290002253006,false,שום כתוש דורות בצנצנת 200 גרם,עיצובים 2020 (3.8),IL,שום כתוש טרי דורות 200 גר,גרמים,200.00,100 גרם,false,24,17.90,8.9500,true,1,216726
7290002253013,false,ראשום שום כתוש דורות,מוצרי שום ותיבול דורות,IL,ראש שום 400גר דורות,גרמים,400.00,100 גרם,false,1,24.90,6.2250,true,1,319695
7290002253105,false,קוביות שום כתוש טרי דורות 80 גרם,עיצובים 2020 (3.8),IL,קוביות שום טרי דורות 80 גר,גרמים,80.00,100 גרם,false,1,12.90,16.1250,true,1,216968
7290002253150,false,קוביות בזיליקום קצוץ דורות 70 גרם,עיצובים 2020 (3.8),IL,בזיליקום טרי קצוץ דורות 70 גר,גרמים,70.00,100 גרם,false,1,11.90,17.0000,true,1,218325
7290002253167,false,פטרוזיליה קצוצה דורות 70 גרם,עיצובים 2020 (3.8),IL,פטרוזיליה קצוצה דורות 70 גר,גרמים,70.00,100 גרם,false,32,11.90,17.0000,true,1,217067
7290002253181,false,קוביות כוסברה קצוצה דורות 70 גרם,עיצובים 2020 (3.8),IL,כוסברה קצוצה דורות 70 גר,גרמים,70.00,100 גרם,false,32,11.90,17.0000,true,1,220191
7290002253198,false,ג'ינג'ר טרי כתוש במגשית 70 ג' דורות,עיצובים 2020 (3.8),IL,גינגר טרי כתוש 90 גר דורות,גרמים,90.00,100 גרם,false,1,10.90,12.1111,true,1,221409
7290002253235,false,דורות רוטב פסטו 160 גרם,עיצובים 2020 (3.8),IL,רוטב פסטו דורות 160 מל,מיליליטרים,160.00,"100 מ""ל",false,16,12.90,8.0625,true,1,246023
7290002253259,false,"""דורות"" רוטב עגבניות בזיליקום קפוא 160 גרם",עיצובים 2020 (3.8),IL,רוטב עגבניות בזיליקום דורות 160 מל,מיליליטרים,160.00,"100 מ""ל",false,16,12.90,8.0625,true,1,246022
7290002253310,false,דורות שום צילי חריף קוביות תערובת 80 גר,עיצובים 2020 (3.8),IL,קוביות שום צילי חריף 80גרם,גרמים,80.00,100 גרם,false,32,12.90,16.1250,true,1,315547
7290002253495,false,קוביות תבל לטחינה ביתית וזעתר דורות 70גר,עיצובים 2020 (3.8),IL,תבלין לטחינה ביתית דורות 70גר,גרמים,70.00,100 גרם,false,32,11.90,17.0000,true,1,315548
7290002259572,false,ספונטקס - כפפות זוג מס' 6,ספונטקס,MY,כפפות ספונטקס רוזה זוג מס 6,Unknown,0.00,Unknown,false,1,8.50,0.0000,true,1,217772
7290002263975,false,אקסטרה פרכיות בציפוי,,BG,פריכיות אורז חום שוקולד לבן בלגי 90 גרם,Unknown,0.00,Unknown,false,12,7.90,0.0000,true,1,326102
7290002277248,false,גבינת מון בלאן עם זעתר 120ג',שלושת האופים,IL,גבינה מון בלאן זעתר 120 גרם,גרמים,120.00,100 גרם,false,1,10.00,8.3333,true,1,299328
7290002277422,false,ריבועי בצק עלים מרודד 700 גרם שלושת האופים,שלושת האופים,IL,ריבועי בצק עלים 700 גרם שלושת האופים,גרמים,700.00,100 גרם,false,1,20.90,2.9857,true,1,299164
7290002277842,false,נתחי טונה לבנה שמ.זית220,סליקה אינדסריא אלמנטריה,ES,טונה בניטו דל נוטרה 220 גרם,גרמים,220.00,100 גרם,false,1,19.90,9.0455,true,1,311685
7290002277880,false,גבינת מוצרלה עלמה חצ,עלמה,,גבינת מוצרלה עלמה חצי קשה במשקל נטו,קילוגרמים,1.00,"ק""ג",true,,34.00,34.0000,true,1,301058
7290002281382,false,נתח סלמון נורווגי 100 % דלידג,דלידג,IL,נתחי פילה סלמון קפוא,קילוגרמים,1.00,"ק""ג",true,,89.00,89.0000,true,1,315365
7290002281405,false,זוג סלט סלמון מעושן פיקנטי ויליגר 2*160 גרם,"ויליגר תעשיות בע""\מ",IL,מארז 2 יח סלט סלמון מעושן ויליגר 160 גרם,גרמים,320.00,100 גרם,false,18,9.90,3.0938,true,1,316165
7290002281429,false,סטייק טונה אדומה מעובד ק,בון צון פישארי,VN,סטייק דג טונה קפוא ללא עור,קילוגרמים,1.00,"ק""ג",true,,64.90,64.9000,true,1,315819
7290002281436,false,סטייק דג טונה בהירה קפוא ללא עור,בין דין פישרי ויאטנם,VN,סטייק דג טונה בהירה קפוא ללא עור,קילוגרמים,1.00,"ק""ג",true,,55.00,55.0000,true,1,316742
7290002281498,false,גבינה צהובה מגורדת על בסיס חלב 500 ג' ריץ,האי נאם סי או אל.טי.,PL,צהובה מגורדת ריץ 500גר על בסיס חלב,גרמים,500.00,100 גרם,false,1,22.90,4.5800,true,1,316422
7290002281825,false,צלי כתף מס5' מוכשר קפוא,פניסקור,AR,בשר בקר מוכשר מס 5 קפוא,קילוגרמים,1.00,"ק""ג",true,,74.00,74.0000,true,1,324643
7290002281856,false,שריר מס8' מוכשר קפוא קג,פניסקור,AR,בשר בקר מס 8 מוכשר קפוא במשקל,קילוגרמים,1.00,"ק""ג",true,,32.90,32.9000,true,1,333538
7290002304234,false,קונפיטורה ביתית אוכמניות לייט 600 גר,ענבי ציון,IL,קונפיטורה לייט אוכמניות 600 גר ענבי ציון,גרמים,600.00,100 גרם,false,1,24.90,4.1500,true,1,227505
7290002304609,false,קונפיטורה ביתי ענבי ציון תות 600 גרם,ענבי ציון,IL,קונפיטורה תות שדה 600 גר ענבי ציון,גרמים,600.00,100 גרם,false,1,20.00,3.3333,true,1,223722
7290002304623,false,קונפיטורה ביתי ענבי ציון פירות יער 600 גר,ענבי ציון,IL,קונפיטורה פירות יער 600 גר ענבי ציון,גרמים,600.00,100 גרם,false,1,20.00,3.3333,true,1,223721
7290002304654,false,קונפיטורה ביתי ענבי ציון שזיף 600 גרם,ענבי ציון,IL,קונפיטורה שזיף 600 גר ענבי ציון,גרמים,600.00,100 גרם,false,1,20.00,3.3333,true,1,223725
7290002304661,false,קונפיטורה ביתי ענבי ציון אוכמניות 600 גרם,ענבי ציון,IL,קונפיטורה אוכמניות 600 גר ענבי ציון,גרמים,600.00,100 גרם,false,1,20.00,3.3333,true,1,227625
7290002320487,false,מעדן משמש 100% פרי ל.ת.סוכר בית יצחק 284ג',בית יצחק,IL,מעדן משמש ל.ת.סוכר 284 ג בית יצחק,גרמים,284.00,100 גרם,false,6,15.90,5.5986,true,1,217615
7290002323204,false,ספרינג תפוחים לייט 1.5 ל,יפאורה שותפות מובגלת לשיווק,IL,משקה קל ספרינג דיאט תפוחים 1.5 ל,ליטרים,1.50,ליטר,false,1,8.20,5.4667,true,1,219679
7290002327028,false,ג'חנון תימני 3 האופים 650 גר',TLV צ'יף,IL,גחנון 650 גר שלושת האופים,גרמים,650.00,100 גרם,false,12,16.90,2.6000,true,1,218123
7290002327042,false,"בורקס תפו""א 800 גר' שלושת האופים קהילות",שלושת האופים,IL,בורקס תפוא 800 גרם,גרמים,800.00,100 גרם,false,1,20.90,2.6125,true,1,218316
7290002327059,false,"בצק עלים 1 ק""ג שלושת האופים קהילות",שלושת האופים,IL,"בצק עלים 1 ק""ג",קילוגרמים,1.00,"ק""ג",false,1,20.90,20.9000,true,1,218100
7290002327066,false,קונכיות בצק למילוי 625 גרם שלושת האופים,שלושת האופים,IL,קונכיות בצק 625 גר שלושת האופים,גרמים,625.00,100 גרם,false,12,24.90,3.9840,true,1,216994
7290002327073,false,בורקס גבינה 800 גר' שלושת האופים קהילות,שלושת האופים,IL,בורקס גבינה 800 גרם,גרמים,800.00,100 גרם,false,12,20.90,2.6125,true,1,218313
7290002327103,false,שלושת האופים ג'חנון תימני 900 גרם,אופרה,IL,גחנון 900 גר שלושת האופים,גרמים,900.00,100 גרם,false,1,20.90,2.3222,true,1,218122
7290002327912,false,מיני בורקס גבינה 700 ג' שלושת האופים,TLV צ'יף,IL,מיני בורקס גבינה 800 גרם,גרמים,800.00,100 גרם,false,1,20.90,2.6125,true,1,219071
7290002327929,false,"מיני בורקס תפו""א 700 ג' שלושת האופים",TLV צ'יף,IL,מיני בורקס תפוא 800 גרם,גרמים,800.00,100 גרם,false,1,18.90,2.3625,true,1,219072
7290002331025,false,"מים מינרלים נביעות ספורט 500 מ""ל פקדון",נביעות טבע הגליל בעמ,IL,נביעות 500 TO GO פקדון,מיליליטרים,500.00,"100 מ""ל",false,24,6.00,1.2000,true,1,217465
7290002331094,false,"מים מינרליים GO TO נביעות 755 מ""ל",נביעות טבע הגליל בעמ,IL,נביעות 755 מל,מיליליטרים,755.00,"100 מ""ל",false,24,5.00,0.6623,true,1,220035
7290002331124,false,נביעות+ מים מינרליים בטעם תפוח,נביעות טבע הגליל בעמ,IL,נביעות שיווק2,מיליליטרים,500.00,"100 מ""ל",false,1,8.00,1.6000,true,1,222633
7290002331155,false,מים נביעות בטעם אפרסק 0.5 ליטר,נביעות טבע הגליל בעמ,IL,נביעות + בטעם אפרסק 0.5 מבוטל,מיליליטרים,500.00,"100 מ""ל",false,24,8.00,1.6000,true,1,222634
7290002331360,false,"נביעות מים מינרליים טו גו מארז 500X6מ""ל",נביעות טבע,IL,נביעות TO GO 500 שישייה,ליטרים,3.00,ליטר,false,1,14.90,4.9667,true,1,217466
7290002331421,false,"שישיית מים מינרליים GO TO נביעות 755 מ""ל",נביעות טבע הגליל בעמ,IL,נביעות 6 755 מל,ליטרים,4.53,ליטר,false,1,18.90,4.1722,true,1,220034
7290002331483,false,"שישיית נביעות אישי בייבי 320 מ""ל",נביעות טבע הגליל בעמ,IL,נביעות בייבי 320 מל שישייה,מיליליטרים,1920.00,"100 מ""ל",false,1,15.90,0.8281,true,1,238427
7290002331490,false,מים מינרליים נביעות 1 ליטר,נביעות טבע הגליל בעמ,IL,מים מינרלים נביעות 1ליטר מל פקדון,ליטרים,1.00,ליטר,false,16,3.90,3.9000,true,1,239944
7290002331711,false,נביעות+מים מינרליים בטעם ענבים,נביעות טבע הגליל בעמ,IL,נביעות+ ענבים חצי ליטר,מיליליטרים,500.00,"100 מ""ל",false,24,8.00,1.6000,true,1,224635
7290002333098,false,חומוס גרגירים אורגני 500 גרם - הרדוף,אול אורגני,IL,חומוס אורגני 500 גר הרדוף,גרמים,500.00,100 גרם,false,1,10.90,2.1800,true,1,244077
7290002333104,false,בורגול אורגני 500 גרם - הרדוף,אול אורגני,IL,בורגול אורגני 500 גר הרדוף,גרמים,500.00,100 גרם,false,1,8.90,1.7800,true,1,244081
7290002333456,false,גריסי פנינה אורגני הרדוף 500 גרם,אול אורגני,IL,גריסי פנינה אורגני 500 ג הרדוף,גרמים,500.00,100 גרם,false,1,10.00,2.0000,true,1,244079
7290002333463,false,שעועית מש אורגני הרדוף 500 גרם,אול אורגני,IL,שעועית מש אורגני 500 גר,גרמים,500.00,100 גרם,false,1,14.90,2.9800,true,1,244092
7290002333494,false,הרדוף שעועית אזוקי אורגני 500 ג,טריאקי,IL,שעועית אזוקי אורגני 500 גר,גרמים,500.00,100 גרם,false,1,14.90,2.9800,true,1,244091
7290002333500,false,עדשים אדומות אורגני 500 גרם - הרדוף,אול אורגני,IL,עדשים אדומים אורגני 500 ג הרדוף,גרמים,500.00,100 גרם,false,1,11.90,2.3800,true,1,244072
7290002333678,false,שומשום מלא אורגני הרדוף 300 גרם,אול אורגני,IL,שומשום מלא אורגני 300 ג הרדוף,גרמים,300.00,100 גרם,false,1,12.90,4.3000,true,1,244070
7290002333838,false,כוסמת אורגנית ירוקה 500 גרם - הרדוף,אול אורגני,IL,כוסמת אורגני 500 ג הרדוף,גרמים,500.00,100 גרם,false,1,10.90,2.1800,true,1,244075
7290002333951,false,עדשים ירוקות אורגני 500 גרם - הרדוף,אול אורגני,IL,עדשים ירוקים אורגני500 גר הרדוף,גרמים,500.00,100 גרם,false,1,13.90,2.7800,true,1,244073
7290002333968,false,עדשים צהובות חצויות אורגני 500 גר,אול אורגני,IL,עדשים צהובים אורגני 500 גר הרדוף,גרמים,500.00,100 גרם,false,1,12.90,2.5800,true,1,308712
7290002333982,false,שעועית לבנה אורגנית הרדוף 500 גרם,אול אורגני,IL,שעועית אורגנית לבנה 500 גר הרדוף,גרמים,500.00,100 גרם,false,1,14.90,2.9800,true,1,244069
7290002333999,false,גרעיני חמניות קלופים אורגני הרדוף 300 גרם,אול אורגני,IL,גרעיני חמניות קלופים אורגני 300 ג הרדוף,גרמים,300.00,100 גרם,false,1,12.90,4.3000,true,1,244085
7290002345015,false,סינטה דק דק אל גאוצ'ו 250ג' מינוט,"טיבון ויל אחזקות בע""\מ",IL,פרוסות סטייק סינטה דק דק 250 גר אל גאוצו,גרמים,250.00,100 גרם,false,10,18.90,7.5600,true,1,309855
7290002345022,false,אנטריקוט דק דק מינוט סטייק אל גאוצ'ו 250 גרם,"טיבון ויל אחזקות בע""\מ",IL,פרוסות סטייק אנטריקוט דק 250 גר אל גאוצו,גרמים,250.00,100 גרם,false,10,18.90,7.5600,true,1,309856
7290002345060,false,גב.מאסדם הולנדי 29% משקל,סר קאשנדל בי.וי,NL,גבינת מאסדם הולנדי במשקל אמיתי חצי גלגל,קילוגרמים,1.00,"ק""ג",true,,85.00,85.0000,true,1,312291
7290002345077,false,שניצל בקר מינוט אל גאוצ'ו קפוא 250 גר,"טיבון ויל אחזקות בע""\מ",IL,שניצל בקר דק דק 250 גר אל גאוצו,גרמים,250.00,100 גרם,false,10,16.90,6.7600,true,1,312835
7290002345121,false,אסאדו דקדק אל גאוצ'ו 250 גרם,"טיבון ויל אחזקות בע""\מ",IL,פרוסות אסאדו דק דק 250 גר אל גאוצו,גרמים,250.00,100 גרם,false,1,18.90,7.5600,true,1,326585
7290002345282,false,נתחי פילה סלמון קפוא דלידג,דלידג,IL,נתחי פילה סלמון קפוא,קילוגרמים,1.00,"ק""ג",true,,89.00,89.0000,true,1,311127
7290002345435,false,פילה מרלוזה ארגנטינאיתקפ,דלידג - נטו,IL,פילה מרלוזה ארגנטינאית קפוא במשקל,קילוגרמים,1.00,"ק""ג",true,,33.00,33.0000,true,1,313016
7290002345565,false,המבורגר מסעדות ריב ט,טיבון ויל - נטו,IL,המבורגר ריב מסעדות 560 גר טיבונוויל,גרמים,560.00,100 גרם,false,6,28.90,5.1607,true,1,311991
7290002348054,false,פטריות שלם 400 ג' וליגיר,פרנסשמפניון,FR,פטריות שלם ויליגר 400 גרם,גרמים,400.00,100 גרם,false,24,7.90,1.9750,true,1,245490
7290002348061,false,פטריות שמפיניון חתוכות ויליגר 400 גרם,גריניארד פריפרד,NL,פטריות חתוך ויליגר 400 גרם,גרמים,400.00,100 גרם,false,24,5.00,1.2500,true,1,217069
7290002348139,false,ארטישוק תחתיות 210 ג' ויליגר,האי נאם סי או אל.טי.,EG,תחתיות ארטישוק ויליגר 390 גרם,גרמים,390.00,100 גרם,false,1,8.90,2.2821,true,1,218285
7290002348160,false,תירס גמדי שלם ויליגר 425 ג',גואנגדונג יוזהו פודס,CN,תירס גמדי שלם צעיר 400 גר,גרמים,400.00,100 גרם,false,24,6.90,1.7250,true,1,218890
7290002348238,false,אננס חתוך 820 ג' ויליגר,טיפקו,TH,לפתן אננס חתוך ויליגר 850 גרם,גרמים,850.00,100 גרם,false,1,9.90,1.1647,true,1,218253
7290002348283,false,לפתן חצאי אפרסקים בס,הלניק ג'וס אינדוסטרי,GR,לפתן אפרסק חצאים ויליגר 850 גרם,גרמים,850.00,100 גרם,false,1,8.00,0.9412,true,1,216592
7290002348306,false,קוקטייל פירות ויליגר 850 ג,,,לפתן קוקטייל פירות טרופי 850 גר ויליגר,גרמים,850.00,100 גרם,false,1,9.90,1.1647,true,1,217019
7290002348573,false,אטריות אורז ויליגר 300 גרם,ליאנג טונגרייס,TH,מקלוני אורז ויליגר 300 גרם,גרמים,300.00,100 גרם,false,1,8.90,2.9667,true,1,218966
7290002349006,false,קוטל תיקן פיתיון ג'ל להדברת תיקנים 5 גר,סיקמקס בעמ,IL,גל פיתיון להדברת תיקנים,Unknown,0.00,Unknown,false,12,39.90,0.0000,true,1,318190
7290002349013,false,אנט ג'ל פיתיון להדברת נמלים 5 גר,סיקמקס בעמ,IL,גל פיתיון להדברת נמלים,Unknown,0.00,Unknown,false,12,39.90,0.0000,true,1,318189
7290002353249,false,חרדל דיז'ון מיילי 345 גרם,מיוצר עי קונדיטוריית,FR,דיגונז מאילי 335 גר צנצנת,גרמים,335.00,100 גרם,false,1,23.90,7.1343,true,1,304153
7290002353836,false,סרדינים רוברט בשמן זית 115 גרם,קונסרבס פורטוגל נורטה,PT,סרדין רוברט בשמן זית 115 גר,גרמים,115.00,100 גרם,false,1,8.90,7.7391,true,1,217207
7290002360124,false,חליטת צמחים ורד הבר והיביסקוס פומפדור 20 יחידות,TEEKANNE- POMPADOU,DE,תה פומפדור ורד הבר 20 יח,יחידה,20.00,יחידה,false,10,14.90,0.7450,true,1,220178
7290002360155,false,חליטת תה פרחי שומר פומפדור 20 שקיקים,TEEKANNE- POMPADOU,DE,תה פומפדור שומר 20 יח,יחידה,20.00,יחידה,false,10,14.90,0.7450,true,1,219467
7290002360216,false,בורנייר חרדל דיזון חלק 370 ג,"איטיליאן פוד, אס.פי.",FR,חרדל דיזון חלק 370 גרם,גרמים,370.00,100 גרם,false,1,11.90,3.2162,true,1,217918
7290002360278,false,חליטת צמחים פומפדור מנטה 20 יחידות,"איטיליאן פוד, אס.פי.",DE,תה פומפדור מנטה 20 יח,יחידה,20.00,יחידה,false,10,14.90,0.7450,true,1,219468
7290002360285,false,חליטת צמחים פומפדור קמומיל 20 יחידות,TEEKANNE- POMPADOU,DE,תה פומפדור קמומיל 20 יח,יחידה,20.00,יחידה,false,10,14.90,0.7450,true,1,219469
7290002371526,false,דקניקים סלסולי פסטרמה שום וצילי פיקנטי טירת צבי 120 גרם,הנסיך- מפעל לייצור ט,IL,סלסולי פסטרמה שום וצילי 120 גר,גרמים,120.00,100 גרם,false,1,15.90,13.2500,true,1,238559
7290002371533,false,דקניקים סלסולי פסטרמה דבש טירת צבי 120 גרם,הנסיך- מפעל לייצור ט,IL,סלסולי פסטרמה דבש 120גר,גרמים,120.00,100 גרם,false,1,15.90,13.2500,true,1,238561
7290002371540,false,דקניקים קורנדביף ללא גלוטן טירת צבי 120 גרם,הנסיך- מפעל לייצור ט,IL,נקניק קורנדביף 120גר,גרמים,120.00,100 גרם,false,1,15.90,13.2500,true,1,238560
7290002371571,false,פסטרמה פרגיות לבאגט במשקלטירת צבי,טירת- צבי,IL,פסטרמה פרגיות לבגט במשקל,קילוגרמים,1.00,"ק""ג",true,,75.00,75.0000,true,1,226823
7290002371854,false,נקניקיות עוף חריפות טירת צבי 2 * 500 גרם,הנסיך- מפעל לייצור ט,IL,נקניקיות חריפות 1 קג,גרמים,1000.00,100 גרם,false,1,28.90,2.8900,true,1,224757
7290002371939,false,סרוולד בסגנון צרפתי דליקטיב 120 גרם,הנסיך- מפעל לייצור ט,IL,נקניק סלמי סרוולד צרפתי 120גר,גרמים,120.00,100 גרם,false,1,23.90,19.9167,true,1,225171
7290002374640,false,שמן בריאות קנולה פלוס אומגה 3 עץ הזית 1 ליטר,שמן תעשיות,EE,שמן קנולה פלוס אומגה3עץ הזית 1ל,ליטרים,1.00,ליטר,false,1,16.90,16.9000,true,1,244142
7290002385196,false,רוקפור דייניש בלו29%משקל,מחלבות גד,DK,גבינת רוקפור גליל במשקל,קילוגרמים,1.00,"ק""ג",true,,139.00,139.0000,true,1,314340
7290002385455,false,בולגרית מעודנת 24% במשקל,מחלבות גד,IL,גבינה בולגרית 24% במשקל,קילוגרמים,1.00,"ק""ג",true,,70.00,70.0000,true,1,314024
7290002385639,false,גבינת מנצגו כבשים גל,מחלבות גד,IL,גבינת מנצגו במשקל גלגל,קילוגרמים,1.00,"ק""ג",true,,155.00,155.0000,true,1,230943
7290002401940,false,ביצי דג,,,ביצי דג קרפיון,קילוגרמים,1.00,"ק""ג",true,,50.00,50.0000,true,1,317250
7290002403517,false,חזה אווז קפוא לקג,,IL,חזה אווז קפוא,קילוגרמים,1.00,"ק""ג",true,,230.00,230.0000,true,1,227409
7290002408376,false,גבינה פטה צאן יווני 200 גר,,GR,גבינת פטה צאן יווני 200גר,גרמים,200.00,100 גרם,false,1,16.90,8.4500,true,1,326856
7290002408420,false,גבינת גאודה עיזים רו,,NL,גבינת גאודה עיזים רוסו במשקל מאונטאון,קילוגרמים,1.00,"ק""ג",true,,149.00,149.0000,true,1,334137
7290002408918,false,גבינת גרוייר ריזרב ב,,,גבינת גרוייר ריזרב במשקל,קילוגרמים,1.00,"ק""ג",true,,199.00,199.0000,true,1,327728
7290002408925,false,גבינת פטה צאן במשקל,,GR,גבינת פטה צאן במשקל יוונית,קילוגרמים,1.00,"ק""ג",true,,89.00,89.0000,true,1,327730
7290002408932,false,גבינת רקלט דור במשקל,,CH,גבינת רקלט דור במשקל שוויצרית,קילוגרמים,1.00,"ק""ג",true,,199.00,199.0000,true,1,327729
7290002408987,false,גבינת כבשים הולנדית,,NL,גבינת כבשים הולנדית במשקל מאונטאון,קילוגרמים,1.00,"ק""ג",true,,149.00,149.0000,true,1,334136
7290002408994,false,גבינת אולד אמסטרדם ע,,NL,גבינת אולד אמסטרדם עיזים במשקל,קילוגרמים,1.00,"ק""ג",true,,159.00,159.0000,true,1,334139
7290002410348,false,"רוסטביף עגל ברשת קפוא ק""",מעדני הטלה,IL,רוסטביף עגל בואקום במשקל מעדני הטלה,קילוגרמים,1.00,"ק""ג",true,,49.00,49.0000,true,1,316773
7290002421115,false,כדורי לאבנה בקר 400 גרם,מחלבת גדות,,כדורי לאבנה 200 גרם חלב בקר 18% גב.הגולן,גרמים,200.00,100 גרם,false,1,29.90,14.9500,true,1,230338
7290002421122,false,כדורי לאבנה עיזים 200 גרם,מחלבת גדות,,כדורי לאבנה 200 גרם חלב עז 10% גב.הגולן,גרמים,200.00,100 גרם,false,1,34.90,17.4500,true,1,230334
7290002421160,false,פטה 19% חלב עיזים 160 גרם - גבינות הגולן,מחלבת גדות,,גבינת פטה עיזים 160 גרם 19%שומן גב.הגולן,גרמים,160.00,100 גרם,false,1,20.90,13.0625,true,1,234030
7290002421399,false,גבינת גאודה צילי 200 גרם,מחלבת גדות,,גבינת גאודה צילי 200גרם חלב בקר גב.הגולן,גרמים,200.00,100 גרם,false,1,22.90,11.4500,true,1,230343
7290002421443,false,גבינת צדר 180 גרם חל,מחלבת גדות,,גבינת צדר 180 גרם חלב בקר גב.הגולן,גרמים,180.00,100 גרם,false,1,22.90,12.7222,true,1,230345
7290002421542,false,קשקבל חלב בקר 240גרם,Unknown,,גבינת קשקבל 240 גרם חלב בקר גב.הגולן,גרמים,240.00,100 גרם,false,1,29.90,12.4583,true,1,230346
7290002421559,false,גבינת רוקפור 180 גרם,מחלבת גדות,,גבינת רוקפור 180 גרם חלב בקר גב. הגולן,גרמים,180.00,100 גרם,false,1,29.90,16.6111,true,1,230341
7290002421603,false,גבינת מוצרלה גוש 28%,יושלם,,גבינת מוצרלה 240 גרם חלב בקר גב. הגולן,גרמים,240.00,100 גרם,false,1,27.90,11.6250,true,1,234036
7290002421610,false,גבינת פרמזן 200 גרם,מחלבת גדות,,גבינת פרמזן 200 גרם חלב בקר גב. הגולן,גרמים,200.00,100 גרם,false,1,27.90,13.9500,true,1,234035
7290002421658,false,"גבינת צ""דר עיזים 180",מחלבת גדות,,גבינת צדר עיזים 180 גרם גב. הגולן,גרמים,180.00,100 גרם,false,1,24.90,13.8333,true,1,234032
7290002427087,false,מורז מארז כינקייר שמפו+מרכך,מורז,IL,מארז כינקייר מורז 250מל,מיליליטרים,250.00,"100 מ""ל",false,1,49.90,19.9600,true,1,334384
7290002439240,false,עוגת פס גבינה אפוייה ריצ' 500ג',סהרון,IL,עוגת גבינה אפויה ריץ 500 גרם פס,גרמים,500.00,100 גרם,false,5,32.90,6.5800,true,1,245331
7290002439578,false,צלעות טרי חלק אנגוס קג,פניסקו,AR,צלעות אונטריפ חלק ארגנטיני טרי יבוא,קילוגרמים,1.00,"ק""ג",true,,85.00,85.0000,true,1,322717
7290002439592,false,פילה בקר טרי ארגנטינ,,,פילה בקר טרי יבוא ארגנטיני,קילוגרמים,1.00,"ק""ג",true,,245.00,245.0000,true,1,323367
7290002439721,false,צלי כתף טרי אנגוס,,,צלי כתף טרי יבוא,קילוגרמים,1.00,"ק""ג",true,,84.90,84.9000,true,1,295097
7290002439820,false,צלעות טרי מוכשר פולין קג,,PL,צלעות בקר טרי יבוא פולין,קילוגרמים,1.00,"ק""ג",true,,79.90,79.9000,true,1,296796
7290002439981,false,קלאסיקו קבב בקר אל גאוצ'ו,"טיבון ויל אחזקות בע""\מ",IL,קבב בקר אל גאוצו 400 גרם קלאסיקו,גרמים,400.00,100 גרם,false,1,22.90,5.7250,true,1,294920
7290002439998,false,קלאסיקו קבב בקר וכבש אלג,טיבון ויל - נטו,IL,קבב בקר וכבש אל גאוצו 400 גרם קלאסיקו,גרמים,400.00,100 גרם,false,1,22.90,5.7250,true,1,294919
7290002448839,false,פרמיו סלמון ופורל לח,,,פרמיו סלמון ופורל לחתול 400 גר,Unknown,0.00,Unknown,false,1,5.90,0.0000,true,1,336232
7290002475101,false,גפילטע פיש ללא סוכר 4 מנו,"דג טעים (משווק ע""י א",IL,גפילטע פיש מיטל ללא סוכר 4 יח קופסא,גרמים,470.00,100 גרם,false,12,20.90,4.4468,true,1,297969
7290002475125,false,גפילטעפיש קציצות 670,,,גפילטע פיש מיטל 8 יח 670 גרם,גרמים,670.00,100 גרם,false,1,22.90,3.4179,true,1,314104
7290002475170,false,"גפילטע פיש 6 מנות""מיטל"" צ","דג טעים (משווק ע""י א",,מיטל גפילטע פיש 6 בצנצנת,גרמים,670.00,100 גרם,false,1,22.90,3.4179,true,1,314094
7290002478157,false,פרגיות ממולאות אורז מתקת,מעדני הטלה והעגל,IL,רבעי פרגיות מתוק ממולא מעדני הטלה,קילוגרמים,1.00,"ק""ג",true,,49.00,49.0000,true,1,317203
7290002478256,false,חזה אווז קפוא,,,חזה אווז קפוא,קילוגרמים,1.00,"ק""ג",true,,230.00,230.0000,true,1,239787
7290002478263,false,שוק אווז קפוא מחיר לפי מ,שונות,IL,שוק אווז קפוא,קילוגרמים,1.00,"ק""ג",true,,110.00,110.0000,true,1,236346
7290002478416,false,מעדני הטלה קבב כבש ט,מעדני הטלה והעגל,IL,קבב כבש תורכי 800גר מעדני הטלה,גרמים,800.00,100 גרם,false,9,45.90,5.7375,true,1,316790
7290002485025,false,סלט חומוס מסעדות 500 גרם,"סלטי שמיר 2006 בע""מ",IL,סלט חומוס מסעדות ביתי 500 ג שמיר,גרמים,500.00,100 גרם,false,1,14.90,2.9800,true,1,223166
7290002485049,false,סלט חומוס מסבחה 500 גרם,"סלטי שמיר 2006 בע""מ",IL,סלט חומוס מסבחה ביתי 500 ג שמיר,גרמים,500.00,100 גרם,false,1,14.90,2.9800,true,1,223167
7290002485063,false,סלט חומוס אבו גוש בי,"סלטי שמיר 2006 בע""מ",IL,סלט חומוס אבו גוש ביתי 500 ג שמיר,גרמים,500.00,100 גרם,false,1,14.90,2.9800,true,1,223168
7290002487364,false,שלושת האופים ב. פילו גבינה זיתים 700 גר לנדא,שלושת האופים שגמור,IL,בורקס פילו גבינה זיתים 700 גר,גרמים,700.00,100 גרם,false,1,20.90,2.9857,true,1,230225
7290002487920,false,ברבוניה הולנדית טרי קג,נטו,NL,דג ברבוניה טרי,קילוגרמים,1.00,"ק""ג",true,,140.00,140.0000,true,1,309714
7290002502012,false,בונז'ור לחמניה קלועה חיטה מלא יח',בונז'ור,,לחמנית קלועה חיטה מלאה 100 גרם,גרמים,100.00,100 גרם,false,1,2.90,2.9000,true,1,218998
7290002502036,false,בונז'ור לחמנית קשר 100ג',בונז'ור,,לחמניה קשר,גרמים,100.00,100 גרם,false,1,2.90,2.9000,true,1,218999
7290002502043,false,בונז'ור לחמניה כריך,בונז'ור,,לחמניה כריך לבן,גרמים,120.00,100 גרם,false,1,2.90,2.4167,true,1,219001
7290002502067,false,בונג'ור חלה קלועה 560 גרם,בונז'ור,IL,חלה קלועה 500 ג,גרמים,500.00,100 גרם,false,1,11.90,2.3800,true,1,221386
7290002502081,false,בונז'ור בייגל ירושלמי 150ג',בונז'ור,,בייגל ירושלמי,גרמים,150.00,100 גרם,false,1,4.50,3.0000,true,1,219003
7290002502098,false,בונז'ור פרצל 30*150ג,בונז'ור,,פרצל רגיל,גרמים,150.00,100 גרם,false,1,4.50,3.0000,true,1,219004
7290002502166,false,בונז'ור חצי באגט 60*,בונז'ור,,חצי בגט,גרמים,190.00,100 גרם,false,1,3.20,1.6842,true,1,221134
7290002502203,false,בורקס גבינה,בונז'ור,,בורקס גבינה,קילוגרמים,1.00,"ק""ג",true,,36.00,36.0000,true,1,218867
7290002502296,false,בונז'ור לחמניה קלועה קנוי 100 ג',בונז'ור,,לחמניה קלועה,גרמים,100.00,100 גרם,false,1,2.90,2.9000,true,1,219000
7290002502630,false,סופגנייה בונז'ור 80 ג',בונז'ור,,סופגניה גדולה,Unknown,0.00,Unknown,false,1,4.50,0.0000,true,1,221385
7290002507017,false,"סינטה טרי מוכשר ארה""ב קג",פניסקור,IL,סינטה בקר טרי יבוא ארהב,קילוגרמים,1.00,"ק""ג",true,,195.00,195.0000,true,1,309539
7290002507024,false,אסאדו שורט ריבס בלאק אנג,,IL,אסאדו שורט ריבס טרי ארצב,קילוגרמים,1.00,"ק""ג",true,,69.90,69.9000,true,1,309543
7290002507048,false,"אסאדו ע""ע טרי ארה""ב לקג",.,IL,קשתית בקר טרי יבוא ארהב,קילוגרמים,1.00,"ק""ג",true,,99.90,99.9000,true,1,301621
7290002507093,false,כתף טרי אמריקאי קג,,IL,כתף בקר טרי יבוא ארהב,קילוגרמים,1.00,"ק""ג",true,,89.90,89.9000,true,1,309541
7290002507123,false,שריר טרי אמריקאי קג,,IL,שריר בקר טרי יבוא ארהב,קילוגרמים,1.00,"ק""ג",true,,85.00,85.0000,true,1,302893
7290002507284,false,שניצל נסיכה מטוגן קפוא 700 גרם,האי נאם סי או אל.טי.,IL,שניצל דג מצופה 700 גרם,גרמים,700.00,100 גרם,false,1,26.90,3.8429,true,1,309073
7290002507383,false,גבינה בולגרית 5% במש,מחלבות בכר,IL,גבינה בולגרית 5% במשקל בכר,קילוגרמים,1.00,"ק""ג",true,,69.00,69.0000,true,1,303137
7290002507451,false,קציצות דג סלמון דלידג 750 גר',דלידג בעמ,IL,קציצות דג סלמון לבישול 750 גר,גרמים,75000.00,100 גרם,false,1,29.90,0.0399,true,1,307244
7290002507468,false,סטייק אנטריקוט עם עצ,סניידרס,,ורד הצלע טרי מוכשר צרפת,קילוגרמים,1.00,"ק""ג",true,,149.90,149.9000,true,1,315762
7290002507475,false,"אוסובוקו ע""ע טריצרפת מוכ",שונות,IL,שריר הזרוע אוסובוקו טרי מוכשר צרפת,קילוגרמים,1.00,"ק""ג",true,,69.90,69.9000,true,1,315765
7290002507482,false,"אסאדו ע""ע טרי מוכשר צרפת",שונות,IL,אסאדו טרי עם עצם יבוא צרפתי,קילוגרמים,1.00,"ק""ג",true,,69.90,69.9000,true,1,315767
7290002507604,false,פיצה שגב השף מאיטליה 350 גרם,האי נאם סי או אל.טי.,IT,פיצה משפחתית השף שגב 320 גרם,גרמים,320.00,100 גרם,false,1,13.90,4.3438,true,1,305330
7290002507758,false,פילה קרפיון טרי,,,פילה קרפיון טרי,קילוגרמים,1.00,"ק""ג",true,,95.00,95.0000,true,1,303107
7290002512264,false,גחנון מופחת שומן 700 גר,צנעני,IL,גחנון צנעני מופחת שומן רווי 700גר,גרמים,700.00,100 גרם,false,1,16.90,2.4143,true,1,326199
7290002515333,false,"ד""ר פישר - קמיל בלו סנסיטיב אל סבון עדין לתינוק 500 מ""ל",פישר מעבדות פרמצבטיות בע,IL,אלסבון קמיל בלו סנסטיב ורוד 500 מל משאבה,מיליליטרים,500.00,"100 מ""ל",false,1,18.90,3.7800,true,1,224139
7290002515364,false,"קמיל בלו אל סבון לתינוק קלאסיק ד""ר פישר 500 מ""ל",פישר מעבדות פרמצבטיות בע,IL,ק.ב קלאסיק -500משאבה,מיליליטרים,500.00,"100 מ""ל",false,12,16.90,3.3800,true,1,224135
7290002515371,false,"קמיל בלו אל סבון לתינוקות ד""ר פישר 1 ליטר",פישר מעבדות פרמצבטיות בע,IL,אלסבון קמיל בלו קלאסיק 1 ל,ליטרים,1.00,ליטר,false,1,21.90,21.9000,true,1,216795
7290002517108,false,תבלין אורגנו 10 ג' טעם וריח,"תבליני טעם וריח בע""מ",IL,אורגנו 10 גר מיכל קטן,Unknown,0.00,Unknown,false,1,6.90,0.0000,true,1,223381
7290002517276,false,פלפל אנגלי שלם 25 גר' טעם וריח,תות ממתקי איכות,IL,פלפל אנגלי שלם 25 גר מיכל קטן,Unknown,0.00,Unknown,false,1,6.90,0.0000,true,1,223378
7290002517337,false,אורגנו עלים 20 גר' טעם וריח,"תבליני טעם וריח בע""מ",IL,אורגנו עלים 20 גר שקית,Unknown,0.00,Unknown,false,1,6.50,0.0000,true,1,217212
7290002517375,false,בזילקום עלים 30 גר' טעם וריח,"תבליני טעם וריח בע""מ",IL,בזיליקום עלים 30 גר שקית,Unknown,0.00,Unknown,false,1,6.50,0.0000,true,1,223399
7290002517566,false,"תערובת תיבול לדג 80 גרם ""טעם וריח""",תות ממתקי איכות,IL,תערובת תיבול לדג 80 גר,Unknown,0.00,Unknown,false,1,9.90,0.0000,true,1,223031
7290002517573,false,תערובת תיבול לבשר 80 גרם,תות ממתקי איכות,IL,תערובת תיבול לבשר 80 גר,Unknown,0.00,Unknown,false,1,9.90,0.0000,true,1,223030
7290002517580,false,"תערובת תיבול לעוף 80 גרם ""טעם וריח""",תות ממתקי איכות,IL,תערובת תיבול לעוף 80 גר,Unknown,0.00,Unknown,false,1,9.90,0.0000,true,1,223032
7290002517603,false,תבלין בזיליקום מיכל 10ג',"תבליני טעם וריח בע""מ",IL,בזיליקום 10 גר מיכל קטן,Unknown,0.00,Unknown,false,1,6.90,0.0000,true,1,223357
7290002517634,false,כוזברה 30 גר מיכל קט,תות ממתקי איכות,IL,כוזברה 30 גר מיכל קטן,Unknown,0.00,Unknown,false,1,6.90,0.0000,true,1,223359
7290002517825,false,"פלפל לבן טחון 40 גרם ""טעם וריח""","תבליני טעם וריח בע""מ",IL,פלפל לבן טחון 40 גר מיכל קטן,Unknown,0.00,Unknown,false,1,9.90,0.0000,true,1,223383
7290002517849,false,תבלין שום גבישי 50 גר,תות ממתקי איכות,IL,שום גבישי 50 גר מיכל קטן,Unknown,0.00,Unknown,false,1,9.90,0.0000,true,1,223385
7290002517863,false,תבלין ציפורן טחון 80ג',"תבליני טעם וריח בע""מ",IL,ציפורן טחון 40 גר מיכל קטן,Unknown,0.00,Unknown,false,1,9.90,0.0000,true,1,223387
7290002542780,false,"שישייה בירה סטלה ארטואה בקבוק 330X6 מ""ל","אינבב, ברוורייפליין",BE,מארז 6יח בירה סטלה ארטואה 330מל בק.פקדון,מיליליטרים,1980.00,"100 מ""ל",false,1,34.90,1.7626,true,1,327256
7290002542797,false,"בירה לף בלונד בקבוק 330 מ""ל","אינבב, ברוורייפליין",BE,בירה לף בלונד 330מל בק.פקדון,מיליליטרים,330.00,"100 מ""ל",false,1,10.00,3.0303,true,1,327257
7290002542810,false,"בירה הוגרדן בקבוק 330 מ""ל","אינבב, ברוורייפליין",BE,בירה הוגרדן 330מל בק.פקדון,מיליליטרים,330.00,"100 מ""ל",false,1,10.00,3.0303,true,1,327259
7290002542834,false,בירה לף בראון 750 מל,,,בירה לף בראון 750מל,מיליליטרים,750.00,"100 מ""ל",false,1,22.90,3.0533,true,1,336356
7290002542841,false,"שישייה בירה לף בלונד בקבוק 330X6 מ""ל","אינבב, ברוורייפליין",BE,מארז 6יח בירה לף בלונד 330מל בק.פקדון,מיליליטרים,1980.00,"100 מ""ל",false,1,47.90,2.4192,true,1,327260
7290002542865,false,"שישייה בירה הוגרדן בקבוק 330X6 מ""ל","אינבב, ברוורייפליין",BE,מארז 6יח בירה הוגרדן 330מל בק.פקדון,מיליליטרים,1980.00,"100 מ""ל",false,1,47.90,2.4192,true,1,327262
7290002543046,false,קלוגס פרוסטיס דגנים וסוכר 750ג',קלוג מנייופרטורינג א,ES,דגני קלוגס פרוסטיס 750 גרם,גרמים,750.00,100 גרם,false,1,21.90,2.9200,true,1,218888
7290002543237,false,דגני בוקר קלוגס קורנפלקס 750 גרם,קלוגס קומפני אוף גרייט ב,GB,קורנפלקס קלוגס 750 גרם,גרמים,750.00,100 גרם,false,1,15.90,2.1200,true,1,217033
7290002577492,false,"פילה דג הרינג מלוח בשמן, 340 גרם",מיוצר על ידי קוד יצר,IL,פילה דג הרינג מלוח בשמן 240גרם,גרמים,240.00,100 גרם,false,1,25.90,10.7917,true,1,301951
7290002577508,false,פילה דג הרינג מלוח בשמן ובצל דלידג 240 ג',מיוצר על ידי קוד יצר,IL,פילה דג הרינג מלוח בשמן ובצל 240גרם,גרמים,240.00,100 גרם,false,1,25.90,10.7917,true,1,301950
7290002603030,false,"אנטריקוט ע""ע טרי בלאק אנ",,IL,סטייק אמריקאי טרי עם עצם,קילוגרמים,1.00,"ק""ג",true,,165.00,165.0000,true,1,307899
7290002603474,false,פיצת השף מאיטליה רוטב פטריות בטעם כמהין 256 גרם,סוילה אס.אר.אל,IT,פיצת השף שגב רוטב פטריות כמהין 200גר,גרמים,200.00,100 גרם,false,12,16.90,8.4500,true,1,310612
7290002603481,false,פיצת השף מאיטליה CHEF שגב פסטו ועגבניות 200 גרם,האי נאם סי או אל.טי.,IT,פיצת השף שגב פסטו ועגבניות 200גר,גרמים,200.00,100 גרם,false,12,16.90,8.4500,true,1,310614
7290002603498,false,פיצת השף מאיטליה אנטי פסטי 256 גרם,האי נאם סי או אל.טי.,IT,פיצת השף שגב אנטיפסטי 200גר,גרמים,200.00,100 גרם,false,12,16.90,8.4500,true,1,310613
7290002603504,false,פיצת השף מאיטליה CHEF שגב עגבניות ובצל סגול 200 גרם,סוילה אס.אר.אל,IT,פיצת השף שגב עגבניות ובצל סגול 220גר,גרמים,220.00,100 גרם,false,12,16.90,7.6818,true,1,310615
7290002603689,false,בורקס פילו שגב XL תפוא שגב 450 גרם לנדא,שלושת האופים שגמור,IL,בורקס מקלות פילו תפוא אקס אל 450גר-שגב,גרמים,450.00,100 גרם,false,1,16.90,3.7556,true,1,311437
7290002603696,false,מקלות בורקס פילו XL גבינה שגב 450 גר,שלושת האופים שגמור,IL,בורקס מקלות פילו גבינה אקס אל 450גר-שגב,גרמים,450.00,100 גרם,false,1,16.90,3.7556,true,1,311075
7290002608127,false,בייגל רומני פילסברי,פילסברי,,בייגל רומני,Unknown,0.00,Unknown,false,1,5.90,0.0000,true,1,302234
7290002608202,false,לחם כוסמין מלא בחוש,פילסברי,,לחם כוסמין בחוש,Unknown,0.00,Unknown,false,1,17.90,0.0000,true,1,302236
7290002608363,false,לחמניית המבורגר פרמי,פילסברי,,לחמניית המבורגר פרימיום א.ק,Unknown,0.00,Unknown,false,36,5.00,0.0000,true,1,319284
7290002608509,false,לחם מחמצת זיתי קלמנט,,,לחם מחמצת זית קלמטה,Unknown,0.00,Unknown,false,1,17.90,0.0000,true,1,312486
7290002608516,false,לחם מחמצת מקמח מלא 5,פילסברי,,לחם מחמצת מקמח מלא,Unknown,0.00,Unknown,false,1,17.90,0.0000,true,1,311342
7290002608523,false,לחם מחמצת כוסמין (בר,פילסברי,,לחם מחמצת כוסמין,Unknown,0.00,Unknown,false,1,17.90,0.0000,true,1,312756
7290002608547,false,לחם מחמצת שיפון חמוצ,פילסברי,IL,לחם מחמצת שיפון חמוציות,Unknown,0.00,Unknown,false,1,17.90,0.0000,true,1,311151
7290002608561,false,כריך פרנה,פילסברי,,כריך פרנה,Unknown,0.00,Unknown,false,1,5.50,0.0000,true,1,317795
7290002608769,false,לחם מחמצת טוסקני דגנ,פילסברי,,לחם מחמצת טוסקני דגנים,Unknown,0.00,Unknown,false,1,16.90,0.0000,true,1,311152
7290002608899,false,עוגיות מנגלך טעם שוק,פילסברי,IL,עוגיות מנגלך טעם שוקולד 400 גרם,גרמים,400.00,100 גרם,false,20,22.90,5.7250,true,1,334375
7290002610830,false,שיפודי פרגית קפוא במ,טיבון ויל,IL,שיפודי פרגית קפוא במשקל,קילוגרמים,1.00,"ק""ג",true,,69.90,69.9000,true,1,334575
7290002612087,false,סטייק אנטריקוט טרי א,,,סטייק עין אנגוס טרי ארגנטיני,קילוגרמים,1.00,"ק""ג",true,,179.90,179.9000,true,1,316915
7290002616146,false,רוטב טריאקי עד העצם,קמיליה,IL,רוטב טריאקי עד העצם 275 מל,מיליליטרים,275.00,"100 מ""ל",false,1,22.90,8.3273,true,1,221892
7290002617617,false,גבינת פרובולונה דולצ,,IT,גבינת פרובולונה דולצה איטלקי במשקל,קילוגרמים,1.00,"ק""ג",true,,119.00,119.0000,true,1,336316
7290002617655,false,גבינת קשקווליו איטלק,,IT,גבינת קשקווליו איטלקי במשקל,קילוגרמים,1.00,"ק""ג",true,,119.00,119.0000,true,1,336318
7290002622024,false,דבש פרחי הדרים 500 ג,קיבוץ ארז,IL,דבש פרחי הדרים קיבוץ ארז 500 גרם,גרמים,500.00,100 גרם,false,15,27.90,5.5800,true,1,323991
7290002627098,false,פיצה ביס שלושת האופים 350 גרם,שגמור ייצור ושווק מוצרי,IL,פיצה ביס 350גר שלושת האופים,גרמים,350.00,100 גרם,false,12,16.90,4.8286,true,1,329700
7290002627210,false,גפילטע פיש קציצות מדגי קרפיון וכסיף בצנצנת 560 גרם,האי נאם סי או אל.טי.,IL,גפילטע פיש דלידג 7 קציצות 560 גרם,גרמים,560.00,100 גרם,false,1,12.90,2.3036,true,1,319027
7290002627616,false,פילה אמנון 7-9 קפואדלידג,מאומינג שינזו סאיפוד,CN,פילה דג אמנון 7-9 קפוא,קילוגרמים,1.00,"ק""ג",true,,28.00,28.0000,true,1,324662
7290002627623,false,מעדניה - פילה אמנון,דלידג,,פילה דג אמנון 9-11 קפוא,קילוגרמים,1.00,"ק""ג",true,,28.00,28.0000,true,1,325182
7290002649144,false,זוג עופיונים גלילי ט,,,זוג עופיונים גלילי טרי במגש,קילוגרמים,1.00,"ק""ג",true,,52.90,52.9000,true,1,333857
7290002651123,false,מלאווח חמסי ארוז 1 ק,מאפיית אריאל,IL,מלאווח חמסי ארוז 1 קג,גרמים,1000.00,100 גרם,false,18,15.90,1.5900,true,1,302483
7290002657408,false,נתחי טונה בשמן 960 ג' פוסידון,ויליגר בעמ,IL,טונה פוסידון פירורים בשמן 960 גרם,גרמים,960.00,100 גרם,false,1,29.90,3.1146,true,1,225088
7290002657866,false,"פילה אמנון""דלידג מהדרין",גואנדונג יוג'יה סיפו,IL,פילה דג אמנון 7-9 קפוא בדץ,קילוגרמים,1.00,"ק""ג",true,,28.00,28.0000,true,1,237762
7290002661153,false,"לחם דני קל ברמן 1 ק""",מאפית י את א ברמן בע,IL,לחם דני קל 1 קג,קילוגרמים,1.00,"ק""ג",false,1,16.90,16.9000,true,1,226915
7290002661177,false,לחם כנעני 750גר ברמן,מאפית י.את א. ברמן ב,IL,לחם כנעני 750גר ברמן,גרמים,750.00,100 גרם,false,1,14.90,1.9867,true,1,238855
7290002661214,false,ברמן לחם גליל קל מהדרין 750 גרם,מאפית י את א ברמן בע,IL,לחם גלילי קל 750גר ברמן,גרמים,750.00,100 גרם,false,1,14.90,1.9867,true,1,238856
7290002663881,false,תפוזינה אשכוליות לייט1.5,יפאורה שותפות מובגלת לשיווק,IL,משקה קל תפוזינה דיאט אשכוליות 1.5 ל,ליטרים,1.50,ליטר,false,1,8.20,5.4667,true,1,218290
7290002674221,false,"אקווה פרש משחת שינים משאבה מנטה 100 מ""ל",גלקסו סמית קליין,GB,מש.שיניים אקווה פרש מנטה משאבה100מל,מיליליטרים,100.00,"100 מ""ל",false,1,15.00,15.0000,true,1,219049
7290002692393,false,שמן קנולה מזוכך מועשר עץ הזית 1 ליטר,שמן תעשיות בעמ,EE,שמן קנולה מועשר בויטמין עץהזית 1 לי,ליטרים,1.00,ליטר,false,1,15.90,15.9000,true,1,222375
7290002692478,false,"שמן זית כתית מעולה קלאסי מעודן 750 מ""ל עץ הזית","מרקאולאו, ספרד.אבסה,",IT,שמן זית מעודן עץ הזית 750 מל,מיליליטרים,750.00,"100 מ""ל",false,1,33.90,4.5200,true,1,311359
7290002692768,false,"תרסיס שמן קנולה מזוכך ללא תוספת גז עץ הזית 200 מ""ל",טרנסומס פוד איי בי,IT,תרסיס שמן קנולה 200 מל עץ הזית,מיליליטרים,200.00,"100 מ""ל",false,1,15.90,7.9500,true,1,225634
7290002692775,false,"תרסיס שמן קנולה בטעם חמאה עץ הזית 200 מ""ל",קומפניה,IT,תרסיס שמן טעם חמאה200 מל מופחת קלוריות,מיליליטרים,200.00,"100 מ""ל",false,1,15.90,7.9500,true,1,305709
7290002692782,false,"תרסיס שמן זית כתית מעולה ללא תוספת גז עץ הזית 150 מ""ל",י.ב טכנולוגיות אריזה,IT,תרסיס שמן זית 200 מל עץ הזית,מיליליטרים,150.00,"100 מ""ל",false,1,15.90,10.6000,true,1,225636
7290002706557,false,דג פורל משפחתי טרי ג,,,דג פורל משפחתי טרי גדול,קילוגרמים,1.00,"ק""ג",true,,85.00,85.0000,true,1,236205
7290002706731,false,דלידג רצועות פילה הנסיכה קפוא 100%,דלידג ק.מלאכי,IL,רצועות פילה נסיכת הנילוס קפוא,קילוגרמים,1.00,"ק""ג",true,1,75.00,75.0000,true,1,237127
7290002706922,false,פילה נסיכת הנילוס קפ,דלידג,,פילה נסיכת הנילוס קפוא,קילוגרמים,1.00,"ק""ג",true,,75.00,75.0000,true,1,237128
7290002706960,false,דג פילה ברבוניה 400 גרם דלידג,נטו מלינדה,VN,פילה ברבוניה מגש 400 גר,גרמים,40000.00,100 גרם,false,1,24.90,0.0622,true,1,336303
7290002715504,false,ארוחת נודלס בטעם עוף מג'יק 70 גרם,טאט הוי פוד בעמ,SG,מגיק בכוס מרק עוף 70 גרם,גרמים,70.00,100 גרם,false,1,4.90,7.0000,true,1,218278
7290002715511,false,ארוחת נודלס בטעם בשר מג'יק 70 גרם,טאט הוי פוד בעמ,SG,מגיק בכוס בשר 70 גרם,גרמים,70.00,100 גרם,false,1,4.90,7.0000,true,1,218279
7290002715528,false,ארוחת נודלס בטעם ירקות מג'יק 70 גרם,טאט הוי פוד בעמ,SG,מגיק בכוס ירקות 70 גרם,גרמים,70.00,100 גרם,false,1,4.90,7.0000,true,1,218280
7290002715580,false,ארוחת נודלס בטעם סיני חריף מג'יק 70 גרם,טאט הוי פוד בעמ,SG,מגיק בכוס סיני 70 גרם,גרמים,70.00,100 גרם,false,1,4.90,7.0000,true,1,217356
7290002730262,false,"נוזל לניקוי כלים קלאסי פלמוליב 750 מ""ל",יבואן ומשווק: ש. שסט,GR,נוזל כלים פלמוליב קלאסי 750 מל שקוףף,מיליליטרים,750.00,"100 מ""ל",false,1,11.90,1.5867,true,1,217102
7290002730521,false,צימרוני אוזניים בלונס בקופסא 200 יח',קריות זול,GR,בלונס צימרונים 200 יח,יחידה,200.00,יחידה,false,72,7.50,0.0375,true,1,218085
7290002730538,false,בלונס פדים להסרת איפור 80 יח',הנסיך- מפעל לייצור ט,GR,פדים להסרת איפור 80 יח,יחידה,80.00,יחידה,false,48,10.90,0.1363,true,1,218083
7290002730675,false,"קולגייט משחת שיניים אדומה משפחתי 100 מ""ל",קולגייט-פלמוליב,PL,מש.שיניים קולגייט אדומה 100 מל משפחתית,מיליליטרים,100.00,"100 מ""ל",false,1,11.90,11.9000,true,1,216988
7290002730811,false,"משחת שיניים ג'ל פסים מרעננים קולגייט 100 מ""ל",הנסיך- מפעל לייצור ט,PL,מש.שיניים קולגייט גל משפחתי 100 מל,מיליליטרים,100.00,"100 מ""ל",false,1,12.90,12.9000,true,1,216980
7290002730903,false,פלמוליב סבון מוצק ורדים רביעייה * 125 ג',הנסיך- מפעל לייצור ט,TR,מארז 4 סבון מוצק פלמוליב ורדים,גרמים,400.00,100 גרם,false,18,16.90,4.2250,true,1,217294
7290002730941,false,כדורי צמר גפן בלונס 100 יחידות,הנסיך- מפעל לייצור ט,GR,בלונס צמר גפן 100 גרם,גרמים,100.00,100 גרם,false,48,6.90,6.9000,true,1,218086
7290002730958,false,סבון מוצק בניחוח זיתים ואלוורה פלמוליב 4*100 גרם,הנסיך- מפעל לייצור ט,TR,מארז 4 סבון מוצק פלמוליב ירוק,גרמים,400.00,100 גרם,false,18,16.90,4.2250,true,1,217297
7290002731054,false,דג בורי טרי גמבו,,,דג בורי טרי גמבו,קילוגרמים,1.00,"ק""ג",true,,50.00,50.0000,true,1,244814
7290002750338,false,לחם רוסטיק עגבניות מ,פילסברי,,לחם רוסטיק עגבניות מיובשות,Unknown,0.00,Unknown,false,1,17.90,0.0000,true,1,301480
7290002750383,false,לחם מחמצת טוסקני כפר,פילסברי,,לחם טוסקני כפרי עגול,Unknown,0.00,Unknown,false,1,17.90,0.0000,true,1,301484
7290002750406,false,סופגניה עם ריבה פילסברי 95 גרם,פילסברי,,סופגניה גדולה,Unknown,0.00,Unknown,false,1,4.90,0.0000,true,1,301748
7290002750451,false,לחם מחמצת טוסקני לבן,פילסברי,,לחם מחמצת טוסקני לבן,Unknown,0.00,Unknown,false,1,17.90,0.0000,true,1,301483
7290002750710,false,סופגניה מיני א.ק עם ריבה,פילסברי,,סופגניה מיני עם ריבה,Unknown,0.00,Unknown,false,1,3.00,0.0000,true,1,301750
7290002750963,false,באגט רוסטיק פילסברי,פילסברי,,בגט רוסטיק,Unknown,0.00,Unknown,false,1,9.90,0.0000,true,1,301473
7290002752332,false,"סוכריות מנטוס פירות בגליל, 37.5 גרם",הדקלאים אגודת שיתופי,NL,סוכריות מנטוס פירות בגליל,Unknown,0.00,Unknown,false,1,3.50,0.0000,true,1,217604
7290002752349,false,סוכריות מנטוס מנטה 40יח' בגליל 38ג',פרפטי ואן מלה,NL,סוכריות מנטוס מנטה בגליל,Unknown,0.00,Unknown,false,1,3.50,0.0000,true,1,219413
7290002752493,false,רביעיה סוכריות מנטה 4* 16 ג' טיק טק,פררו - אלבה,ZA,סוכריות טיק טק מנטה רביעיה,Unknown,0.00,Unknown,false,1,10.00,0.0000,true,1,217718
7290002753223,false,רביעייה סוכריות תפוז 4*16 ג' טיק טק,פררו - אלבה,ZA,סוכריות טיק טק תפוז רביעיה,Unknown,0.00,Unknown,false,1,10.00,0.0000,true,1,217719
7290002753995,false,סוכריות עדשים לקישוט עוגה וורנר 6*25 גרם,היינץ צפון אמריקה מק,DE,קישוטי עוגה שוקולד 150 גר,גרמים,150.00,100 גרם,false,1,18.20,12.1333,true,1,216777
7290002757115,false,טומהוק קפוא במשקל מו,,,טומהוק קפוא במשקל מוכשר,קילוגרמים,1.00,"ק""ג",true,,160.00,160.0000,true,1,337013
7290002757139,false,מלוואח 700 גר' שלושת האופים קהילות,שלושת האופים,IL,מלוואח שלושת האופים 700 גר,גרמים,700.00,100 גרם,false,12,16.90,2.4143,true,1,226846
7290002757511,false,דלידג קציצות דג לבישול 750 גר קהילות,האי נאם סי או אל.טי.,IL,קציצות דג לבישול 750 גר,גרמים,750.00,100 גרם,false,8,31.90,4.2533,true,1,226329
7290002757528,false,"בורקס פילו תפו""א 700גרם לנדא",שלושת האופים שגמור,IL,בורקס פילו תפוח אדמה 500 גר,גרמים,500.00,100 גרם,false,1,20.90,4.1800,true,1,226331
7290002757535,false,בורקס פילו אצבעות גבינה שלושת האופים 700 גרם,שלושת האופים שגמור,IL,בורקס פילו אצבעות גבינה 500 גר,גרמים,500.00,100 גרם,false,1,20.90,4.1800,true,1,226330
7290002757542,false,אטריות קדאיף 400 גרם לנדא,שלושת האופים שגמור,IL,איטריות קדאיף 400 גר,גרמים,400.00,100 גרם,false,12,20.90,5.2250,true,1,240293
7290002757962,false,פילה קוד טרי קג,נטו,NL,פילה קוד טרי,קילוגרמים,1.00,"ק""ג",true,,199.00,199.0000,true,1,302951
7290002768043,false,"תיאדנט מי-פה ענק פלאוריד 150 מ""ל",אמיליה קוסמטיקס בע'\'\מ,IL,מי פה תיאדנט פלואוריד ענק 150 מל ירוק,מיליליטרים,150.00,"100 מ""ל",false,1,18.90,12.6000,true,1,218405
7290002768074,false,אל סבון נוזלי רגיל דרמפון 1 ליטר,"אמיליה קוסמטיקס בע""מ",IL,סבון נוזלי דרמפון 1 ל,ליטרים,1.00,ליטר,false,1,17.90,17.9000,true,1,216585
7290002768159,false,"קצף אמבט בת אורן קרליין 500 מ""ל",פארק תעשיות עמק חפרמ,IL,סבון נוזלי לאמבט בת אורן 500 מל,מיליליטרים,500.00,"100 מ""ל",false,1,17.90,3.5800,true,1,218116
7290002771104,false,קפה עם הל אל נחלה 500 גרם,מולינו ניקולי s.p.a,IL,קפה נחלה עם הל 500 גר,גרמים,500.00,100 גרם,false,1,31.90,6.3800,true,1,216809
7290002771111,false,קפה עם הל אל נחלה 250 גרם,מולינו ניקולי s.p.a,IL,קפה נחלה עם הל 250 גרם,גרמים,250.00,100 גרם,false,1,16.90,6.7600,true,1,216810
7290002771128,false,קפה אלנח'לה בלי הל 250 ג',מולינו ניקולי s.p.a,IL,קפה נחלה 250 גרם,גרמים,250.00,100 גרם,false,1,16.90,6.7600,true,1,216609
7290002771326,false,קפסולות קפה אלנחלה קלוי טחון עם הל 10 יח,קפה אל נח'לה,IL,קפסולות קפה עם הל 10 יח,יחידה,10.00,יחידה,false,1,18.90,1.8900,true,1,315723
7290002775010,false,מיני בורקס פילו גבינה שלושת האופים מהדרין 650 ג',שלושת האופים שגמור,IL,בורקס מיני פילו גבינה 650 גר,גרמים,650.00,100 גרם,false,1,20.90,3.2154,true,1,227103
7290002775317,false,פילה דג זהבנון 1קג יח,דלידג - נטו,IL,פילה זהובון קפוא 1 קג,קילוגרמים,1.00,"ק""ג",false,1,26.90,26.9000,true,1,227395
7290002775782,false,ריצ עוגת טורט מצופה שוקולד 1קג,ריץ',IL,עוג.טורט ריץ מצופה שוקולד 1 קג,קילוגרמים,1.00,"ק""ג",false,1,59.90,59.9000,true,1,227065
7290002775799,false,ריצ עוגת טורט היער השחור 1קג,ריץ',IL,עוג.טורט ריץ היער השחור 1 קג,קילוגרמים,1.00,"ק""ג",false,1,59.90,59.9000,true,1,227066
7290002775898,false,עוגת מוס בלגי 850 ג' ריצ',"גידרון תעשיות בע""מ",IL,עוג.מוס בלגי ריץ 850 גר,גרמים,850.00,100 גרם,false,1,59.90,7.0471,true,1,227068
7290002787075,false,פילה דג נילוס טרי קג,נטו,IL,פילה נילוס טרי,קילוגרמים,1.00,"ק""ג",true,,90.00,90.0000,true,1,243152
7290002787495,false,"פילה סלמון קפוא בד""ץ",דלידג,,פילה סלמון וי קפוא,קילוגרמים,1.00,"ק""ג",true,,79.00,79.0000,true,1,323708
7290002787501,false,"פילה סלמון קפוא בד""צ עד""ח",סלאריס אי אס אבלורוגן,NO,פילה סלמון נורבגי במשקל,קילוגרמים,1.00,"ק""ג",true,,79.00,79.0000,true,1,312056
7290002787884,false,"מקלות פילו תפו""א 600 גרם שלושת האופים",שגמור,IL,מקלות בורקס פילו תפוא 600 גר שלושת האופי,גרמים,600.00,100 גרם,false,1,20.90,3.4833,true,1,294550
7290002787891,false,מקלות פילו תרד 600 גרם שלושת האופים,שגמור,IL,מקלות בורקס פילו תרד 600 גר שלושת האופים,גרמים,600.00,100 גרם,false,1,20.90,3.4833,true,1,294551
7290002793311,false,שירות והחלפה מילוי גז 60 סודהסטרים,סודה סטרים,IL,שרות החלפה גז 60 מילוי סודה סטרים,Unknown,0.00,Unknown,false,1,62.90,0.0000,true,1,241527
7290002800675,false,כבד אווז קפוא,,,כבד אווז קפוא במגש,קילוגרמים,1.00,"ק""ג",true,,549.00,549.0000,true,1,311362
7290002802136,false,ממרח פסטו 200 גר,,,ממרח פסטו 200 גר,גרמים,200.00,100 גרם,false,1,17.90,8.9500,true,1,236005
7290002805151,false,סיף פנטסטיק לרצפות בניחוח סחלבים 4ל',יוניליוור ישראל טיפו,IL,נוזל ריצפה סיף סחלבים 4 ל,ליטרים,4.00,ליטר,false,1,19.90,4.9750,true,1,216615
7290002808312,false,סירופ פנקייק ט.מייפל,קאריג' האוס,,סירופ בטעם מייפל פנקייק 709 מל,מיליליטרים,709.00,"100 מ""ל",false,1,26.90,3.7941,true,1,221449
7290002808398,false,חומץתפוחי עץ טבעי 47,אולד דאץ,US,חומץ תפוחים 473 מל מ.ע,מיליליטרים,473.00,"100 מ""ל",false,24,10.90,2.3044,true,1,219357
7290002808527,false,"חומץ תפוחים טבעי 5% אולד דאצ' 946 מ""ל",אולד דטש,US,חומץ תפוחים 946 מל,מיליליטרים,946.00,"100 מ""ל",false,12,15.90,1.6808,true,1,221426
7290002814016,false,"מסיר שומנים מתז 750 מ""ל סנט מוריץ כשל""פ עד""ח","קומפלקס כימיקלים בע""",IL,מסיר שומנים קר סנט מוריץ מתז 750מל,מיליליטרים,750.00,"100 מ""ל",false,15,13.90,1.8533,true,1,217611
7290002814023,false,"אסלונית לניקוי אסלות סנט מוריץ 800 מ""ל",קומפלקס כימיקלים בעמ,IL,מבהיק אסלות 750 מל אסלונית צהוב,מיליליטרים,750.00,"100 מ""ל",false,20,7.90,1.0533,true,1,320905
7290002814054,false,סנט מוריץ מתז אנטרטיק מתז 1 ליטר,קומפלקס כימיקלים בעמ,IL,מרסס לניקוי אסלות אנטרטיק סנט מוריץ 1ל,ליטרים,1.00,ליטר,false,15,9.90,9.9000,true,1,319050
7290002814153,false,שלישייה סבון אסלה לימון סנט מוריץ,מיס פלורה,TR,מארז שלישיית סבון אסלה לימון,יחידה,1.00,יחידה,false,24,10.90,10.9000,true,1,336081
7290002814221,false,שלישייה סבון אסלה לבנדר סנט מוריץ,מיס פלורה,TR,מארז שלישיית סבון אסלה לבנדר,יחידה,1.00,יחידה,false,24,10.90,10.9000,true,1,336080
7290002814283,false,"מילוי מכשיר אוויר 250 מ""ל fashion imagination סנט מוריץ",סורה קוסמטיקס,TR,מילוי מכשיר מטהר אויר אימגיין פאשיין250מ,מיליליטרים,250.00,"100 מ""ל",false,12,11.90,4.7600,true,1,336408
7290002814290,false,קצף מרוכז blanco בניחוח לימון משמיד 99.9% חיידקים סנט מוריץ 1 ליטר,קומפלקס כימיקלים בעמ,IL,קצף משמיד חיידקים מרוכז 1ל ניחוח לימון,ליטרים,1.00,ליטר,false,1,10.90,10.9000,true,1,326646
7290002814351,false,"מילוי מכשיר אוויר 250 מ""ל fashion sweetie סנט מוריץ",סורה קוסמטיקס,TR,מילוי מכשיר מטהר אויר סוויט פאשיין 250מל,מיליליטרים,250.00,"100 מ""ל",false,12,11.90,4.7600,true,1,336407
7290002814412,false,סנט מוריץ נוזל כלים 1.6 ליטר לימון ליים 18%,קומפלקס כימיקלים בעמ,IL,נוזל כלים סנט מוריץ 1.6ל לימון ליים 18%,מיליליטרים,1600.00,"100 מ""ל",false,15,9.90,0.6188,true,1,320381
7290002814436,false,סנט מוריץ נוזל כלים 1.6 ליטר לימון 18%,קומפלקס כימיקלים,IL,נוזל כלים סנט מוריץ 1.6ל לימון 18%,מיליליטרים,1600.00,"100 מ""ל",false,15,9.90,0.6188,true,1,320382
7290002814481,false,עלמה שקיות מזון בקופסא 150 יח' מארז שלישיה,קומפלקס כימיקלים בעמ,IL,מארז 3יח שקיות מזון עלמה 150יח,יחידה,450.00,יחידה,false,12,11.90,0.0264,true,1,336088
7290002814498,false,"סנט מוריץ - מרסס חומץ לניקוי כללי 750 מ""ל",קומפלקס כימיקלים,TR,מתז חומץ 750מל סנט מוריץ,מיליליטרים,750.00,"100 מ""ל",false,12,8.90,1.1867,true,1,324767
7290002814528,false,נוזל לניקוי האסלה סנט מוריץ 1 ליטר,קומפלקס כימיקלים בעמ,IL,נוזל לניקוי אסלות ואמבטיות 1ל סנט מוריץ,ליטרים,1.00,ליטר,false,15,5.90,5.9000,true,1,219482
7290002814580,false,טורנדו גרגירים לפתיחת סתימות 200 גרם,"קומפלקס כימיקלים בע""",IL,פותח סתימות טורנדו גרגרים 200גר,גרמים,200.00,100 גרם,false,20,11.90,5.9500,true,1,319051
7290002814597,false,סנט מוריץ טורנדו נוזל לפתיחת סתימות 1 לי,קומפלקס כימיקלים,IL,נוזל לפתיחת סתימות טורנדו 1 ליטר,ליטרים,1.00,ליטר,false,15,15.90,15.9000,true,1,319052
7290002814603,false,"סנט מוריץ - מרסס מסיר שומנים קר מבושם לימון 750 מ""ל",קומפלקס כימיקלים בעמ,IL,מסיר שומנים קר מבושם סנט מוריץ750מ לימון,מיליליטרים,750.00,"100 מ""ל",false,15,11.90,1.5867,true,1,319048
7290002814665,false,סנט מוריץ - מרסס מסיר עובש 1 ליטר,קומפלקס כימיקלים,IL,מסיר עובש 1 ליטר סנט מוריץ,ליטרים,1.00,ליטר,false,12,9.90,9.9000,true,1,327684
7290002814689,false,"נוזל כלים סנט מוריץ בניחוח לימון מארז 750X3מ""ל",קומפלקס כימיקלים,IL,מארז 3 יח נוזל כלים 750מל סנט מוריץ,מיליליטרים,2250.00,"100 מ""ל",false,1,18.90,0.8400,true,1,336051
7290002814719,false,נוזל רצפות סנט מוריץ אסלות מאסק 4 ליטר,קומפלקס כימיקלים,IL,נוזל לשטיפת רצפות 4ל ניחוח מאסק,ליטרים,4.00,ליטר,false,5,12.90,3.2250,true,1,326630
7290002814726,false,סנט מוריץ מסיר אבנית 1 ליטר,קומפלקס כימיקלים,IL,מסיר אבנית 1 ליטר סנט מוריץ,ליטרים,1.00,ליטר,false,15,7.90,7.9000,true,1,332591
7290002814825,false,סבון אסלה כדוריות שלישייה אוקיינוס כחול,"קומפלקס כימיקלים בע""",TR,סבון אסלה כדוריות שלישייה אוקיינוס כחול,יחידה,1.00,יחידה,false,24,10.90,10.9000,true,1,326639
7290002814832,false,סבון אסלה סנט מוריץ כדוריות לוונדר 3 יח,"קומפלקס כימיקלים בע""",TR,סבון אסלה כדוריות שלישייה לוונדר,יחידה,1.00,יחידה,false,24,10.90,10.9000,true,1,326640
7290002814849,false,סנט מוריץ סבון אסלה שלישייה כחול אוקיינוס,,TR,מארז שלישיית סבון אסלה,יחידה,1.00,יחידה,false,24,10.90,10.9000,true,1,332590
7290002814870,false,"סנט מוריץ - מרסס מסיר שומנים קר מבושם לוונדר\פרחים 750 מ""ל",קומפלקס כימיקלים בעמ,IL,מסיר שומנים קר מבושם סנט מוריץ750מ לבנדר,מיליליטרים,750.00,"100 מ""ל",false,15,11.90,1.5867,true,1,319049
7290002814894,false,אקונומיקה קצף ניקוי 1לוונדר ליטר- סנט מוריץ,קומפלקס כימיקלים,IL,קצף ניקוי אקונומיקה לבנדר 1ליט סנט מוריץ,ליטרים,1.00,ליטר,false,15,9.90,9.9000,true,1,319469
7290002814900,false,סבון אסלה סנט מוריץ כדוריות לימון 3 יח,"קומפלקס כימיקלים בע""",TR,סבון אסלה כדוריות שלישייה לימון,יחידה,1.00,יחידה,false,24,10.90,10.9000,true,1,326641
7290002814917,false,סנט מוריץ שמפו רצפות בניחוח לבנדר 4 ליטר,קומפלקס כימיקלים,IL,נוזל לשטיפת רצפות 4ל ניחוח לבנדר סנט מו,ליטרים,4.00,ליטר,false,5,12.90,3.2250,true,1,243076
7290002814931,false,סנט מוריץ שמפו רצפות בניחוח פרחים 4 ליטר - מרכז,"קומפלקס כימיקלים בע""",IL,נוזל לשטיפת רצפות 4ל ניחוח פרחים/אוקינוס,ליטרים,4.00,ליטר,false,5,12.90,3.2250,true,1,222947
7290002814962,false,מגבונים לניקוי כללי בדלי 500 יחידות,קומפלקס כימיקלים,IL,מגבונים לניקוי כללי 500יח דלי,יחידה,500.00,יחידה,false,1,22.90,0.0458,true,1,327925
7290002830054,false,דג בר ים טרי,,,דג בר ים טרי,קילוגרמים,1.00,"ק""ג",true,,124.00,124.0000,true,1,302728
7290002830245,false,פילה לברק קפוא במשקל,דלידג - נטו,IL,פילה דג לברק יפני,קילוגרמים,1.00,"ק""ג",true,,51.90,51.9000,true,1,304167
7290002830269,false,"לוקוס שלם טרי ק""ג",נטו,,דג לוקוס טרי,קילוגרמים,1.00,"ק""ג",true,,139.90,139.9000,true,1,227797
7290002830306,false,"פרידה שלם טרי ק""ג",נטו,IL,דג פרידה טרי,קילוגרמים,1.00,"ק""ג",true,,125.00,125.0000,true,1,227799
7290002830948,false,גבינת עיזים מותכת 30% מון בלאן 120 גרם,סלס קרית מלאכי ישראל,IL,גבינת מון בלאן עיזים 120 גר,גרמים,120.00,100 גרם,false,12,10.00,8.3333,true,1,228186
7290002837558,false,גבינת טריקולור בסירו,,NL,גבינת טריקולור בסירון במשקל,קילוגרמים,1.00,"ק""ג",true,,149.00,149.0000,true,1,334138
7290002842002,false,פתיתי שיבולת שועל קוואקר אנגלי מורנפלייק,מורנינג פוד,GB,קוואקר מורנפלייק אנגלי 500 גרם,גרמים,500.00,100 גרם,false,1,10.90,2.1800,true,1,219408
7290002842163,false,טונה לבנה יולה 185 ג,יו.אס.איי וליו קו,TH,טונה יולה לבנה 185 גר,גרמים,185.00,100 גרם,false,48,12.90,6.9730,true,1,218825
7290002842293,false,סרדין מינרבה חריף 120 גרם,יו.אס.איי וליו קו,,סרדין מינרבה חריף 120 גרם,גרמים,120.00,100 גרם,false,1,6.90,5.7500,true,1,220359
7290002842309,false,סרדין מינרבה בשמן 120 גרם,יו.אס.איי וליו קו,,סרדין מינרבה בשמן 120 גרם,גרמים,120.00,100 גרם,false,1,6.90,5.7500,true,1,220360
7290002842415,false,פילה אנשובי אמיתי 50 גרם,יו.אס.איי וליו קו,,פילה אנשובי אמיתי יוליה 50 גר,גרמים,50.00,100 גרם,false,1,6.90,13.8000,true,1,221565
7290002854401,false,מעדן זיתיםיבש שחור 1,,,מעדן זיתיםיבש שחור 1 קג,קילוגרמים,1.00,"ק""ג",false,1,22.00,22.0000,true,1,219506
7290002861423,false,עוגיות בטעמים בראשית,,,עוגיות בטעמים בראשית 300 גר,גרמים,300.00,100 גרם,false,1,17.90,5.9667,true,1,225231
7290002866497,false,דג לברק טרי אקס אקס,,,דג לברק טרי אקס אקס אל,קילוגרמים,1.00,"ק""ג",true,,100.00,100.0000,true,1,309168
7290002866503,false,דג לברק טרי אקס אקס,,,דג לברק טרי אקס אקס אקס אל,קילוגרמים,1.00,"ק""ג",true,,120.00,120.0000,true,1,246245
7290002868996,false,"קוטג' 5% שומן, רכיבים טבעיים, 250 גרם",קריות זול,IL,קוטג 5% 250 גרם- נעמ,גרמים,250.00,100 גרם,false,1,6.00,2.4000,true,1,222241
7290002871446,false,פריגת ענבים 1.5 ליטר,מבשלות בירה בינלאומיות ב,IL,פריגת 1.5 ליטר ענבים,ליטרים,1.50,ליטר,false,1,9.60,6.4000,true,1,217265
7290002871460,false,משקה קל תפוזים פריגת,מבשלות בירה בינלאומיות ב,IL,משקה קל תפוזים פריגת 1.5 ליטר,ליטרים,1.50,ליטר,false,1,9.60,6.4000,true,1,218436
7290002871491,false,דיאט פריגת אשכוליות1.5ל,מבשלות בירה בינלאומיות ב,IL,פריגת 1.5 ליטר ד.אשכוליות,ליטרים,1.50,ליטר,false,1,8.90,5.9333,true,1,217972
7290002879145,false,פלרמו פלפל חלפנו פרו,,,פלפל חלפיניו פרוס480 מל צנצנת,גרמים,480.00,100 גרם,false,12,16.90,3.5208,true,1,326880
7290002879206,false,ממרח פלפל חלפינו חרי,,TR,ממרח פלפל חלפינו חריף פלרמו 500 גרם לחי,גרמים,500.00,100 גרם,false,8,16.90,3.3800,true,1,329043
7290002879237,false,טורטילה צ'יפס ברביקיו 200 פלוטקין,דדוש דניאל,,חטיף טורטילה סומבררו ברביקיו 200 גרם,מיליליטרים,200.00,"100 מ""ל",false,1,11.50,5.7500,true,1,305342
7290002879282,false,טורטיה צ'יפס רגיל 200 פלוטקין,אן. וי סנק פוד,BE,טורטילה ציפס סומבררו 200 ג,גרמים,200.00,100 גרם,false,22,11.50,5.7500,true,1,218833
7290002879299,false,מלפפון מוחמצים בטעם חמוץ מתוק,דדוש דניאל,PL,מלפפונים גרין ואלי צהוב 860 גר,גרמים,860.00,100 גרם,false,12,19.90,2.3140,true,1,220701
7290002879305,false,מלפפונים קטנים בחומץ,דדוש דניאל,PL,מלפפונים קטנים גרין ואלי כחול 860 גר,גרמים,860.00,100 גרם,false,12,21.90,2.5465,true,1,220702
7290002879411,false,מלפפונים-חמוץ-מתוק 720 גרם,פרנצוסקה,PL,מלפפונים פרוסים עיגולים גריין ואלי 680,גרמים,680.00,100 גרם,false,12,14.50,2.1324,true,1,231397
7290002879435,false,כרוב כבוש גרין ואלי,פרנצוסקה,PL,כרוב כבוש גרין ואלי 900ג,גרמים,900.00,100 גרם,false,12,17.90,1.9889,true,1,218830
7290002879459,false,וילי פרוסות סלק כבוש בחומץ 710 ג,פרנצוסקה,PL,סלק כבוש 710 גר גרין ואלי,גרמים,710.00,100 גרם,false,12,15.50,2.1831,true,1,218831
7290002879633,false,וופל בלגי אמיתי רזיט 550 גרם,אן.וי ביסקוויטרי טיז,BE,וופל בלגי 550 גרם 10 יח אישי,גרמים,550.00,100 גרם,false,8,22.90,4.1636,true,1,328494
7290002881209,false,רסק תפוחי עץ דיאט 700 ג' תומר,KONSERVENFABRIEK BALTUSSEN,NL,רסק תפוחי עץ רגיל 720 ג תומר,גרמים,720.00,100 גרם,false,1,10.90,1.5139,true,1,223684
7290002881216,false,רסק תפוחי עץ לא ממותק תומר 700 גרם,KONSERVENFABRIEK BALTUSSEN,NL,רסק תפוחי עץ דיאט 720 ג תומר,גרמים,720.00,100 גרם,false,1,10.90,1.5139,true,1,223683
7290002881247,false,פרוסות אננס בסירופ קל תומר 850 גרם,"אניס פארם בע""מ",VN,לפתן אננס שלם תומר 850 גר,גרמים,850.00,100 גרם,false,1,10.90,1.2824,true,1,224231
7290002881254,false,קוקטייל פירות טרופיים בסירופ קל תומר 825 גרם,סאנרייז אגריקלטור,TH,לפתן קוקטיל פירות טרופי תומר 850 גר,גרמים,850.00,100 גרם,false,1,10.90,1.2824,true,1,234259
7290002881261,false,"ליצ'י שלם 565 גרם ""תומר""",גיבונג אינדסקיאלס,CN,לפתן ליצי שלם תומר 400 גר,גרמים,400.00,100 גרם,false,1,10.90,2.7250,true,1,223900
7290002881278,false,לפתן אפרסק חצאים תומ,Elbak s.a - greek ca,,לפתן אפרסק חצאים תומר 850 ג,גרמים,850.00,100 גרם,false,1,10.90,1.2824,true,1,224634
7290002881506,false,חמאת בוטנים תומר 510 ג',Niza s a,,חמאת בוטנים רגיל 500 גר תומר,גרמים,500.00,100 גרם,false,1,10.90,2.1800,true,1,223780
7290002881513,false,חמאת בוטנים עם שברי בוטנים תמר 510 גר',Niza s a,,חמאת בוטנים עם שברי בוטנים 500 גר תומר,גרמים,500.00,100 גרם,false,1,10.90,2.1800,true,1,223781
7290002881612,false,לפתן דובדבנים חמוצים תומר 720 גרם,Fructo sliven jsc,BG,לפתן דובדבן חמוצים 680 גר,גרמים,680.00,100 גרם,false,1,10.90,1.6029,true,1,224091
7290002881735,false,לבבות דקל שלם 410 גר תומר,אינקופלמיטו אס.אי,EC,לבבות דקל שלמים 410 ג תומר,גרמים,410.00,100 גרם,false,1,11.90,2.9024,true,1,223287
7290002881742,false,לבבות דקל פרוסות תומר 400 גרם,תומר,EC,לבבות דקל פרוס 8 אונס,גרמים,400.00,100 גרם,false,1,8.90,2.2250,true,1,223336
7290002881803,false,שמן קנולה מזוכך 1 ליטר,,BE,שמן קנולה תומר 1 ליטר,ליטרים,1.00,ליטר,false,1,10.90,10.9000,true,1,337024
7290002900313,false,פסטרמה ספרדיתטירת צבי,טירת- צבי,IL,פסטרמה ספרדית במשקל,קילוגרמים,1.00,"ק""ג",true,,75.00,75.0000,true,1,222290
7290002900436,false,פסטרמה איטלקי מילנו משקל,טירת- צבי,IL,פסטרמה איטלקית מילנו במשקל,קילוגרמים,1.00,"ק""ג",true,,75.00,75.0000,true,1,222289
7290002900566,false,פסטרמה ברביקיו דל שומן טירת צבי 400 גרם,הנסיך- מפעל לייצור ט,IL,פסטרמה ברביקיו דלת שומן 360 ג,גרמים,360.00,100 גרם,false,1,29.90,8.3056,true,1,222447
7290002904694,false,"טיטניום דאודורנט ספריי לגברים 150 מ""ל","אמיליה קוסמטיקס בע""מ",IL,דאו.ספריי טיטניום 180 מל,מיליליטרים,180.00,"100 מ""ל",false,1,17.90,9.9444,true,1,217712
7290002921165,false,"חלב לניקוי רהיטי עור הזלין יעקבי 400 מ""ל",אסטוניש -לידס,CH,ספריי הזלין לניקוי רהיטים,Unknown,0.00,Unknown,false,1,35.90,0.0000,true,1,218891
7290002921226,false,"חלב לניקוי רהיטי עור יעקבי 250 מ""ל",יעקובי,CH,הזלין-קרם /בקבוק,Unknown,0.00,Unknown,false,12,29.90,0.0000,true,1,219021
7290002921233,false,"קרבונה ניקוי יבש לכתמים שומניים 200 מ""ל",מנדלז סי.אר. פרודקשן,ES,קרבונה-ספריי,Unknown,0.00,Unknown,false,12,26.90,0.0000,true,1,216836
7290002921240,false,"קרבונה שמפוזר לניקוי שטיחים וריפוד יעקבי 650 מ""ל",קרבונה Carbona,MX,שמפוזר קרבונה,Unknown,0.00,Unknown,false,12,29.90,0.0000,true,1,216611
7290002921349,false,לוקטייט סופר גלו 3 - זוגי,יעקובי סופר גלו,TR,סופר גלו זוגי,Unknown,0.00,Unknown,false,48,16.90,0.0000,true,1,218850
7290002921516,false,סופג לחות טורבול,יעקובי,,טורבול סופג לחות,Unknown,0.00,Unknown,false,1,49.90,0.0000,true,1,219579
7290002922117,false,מקלות קינמון וסוכר חום,"אקלר בע""מ",IL,עוגיות אקלר בטעמים שונים 200-250 ג,גרמים,200.00,100 גרם,false,1,22.90,11.4500,true,1,219531
7290002923466,false,"בקר טחון טיבון ויל 1 ק""ג",טיבון ויל אחזקות בעמ,IL,בשר בקר טחון 1 קג טיבונוויל,קילוגרמים,1.00,"ק""ג",false,6,32.90,32.9000,true,1,223280
7290002925729,false,"גם וגם משחת שיניים כחול ומי פה בטעם פפרמינט 120 מ""ל","אמיליה קוסמטיקס בע""מ",IL,מי פה גל גם וגם כחול לשיניים 120 מל,מיליליטרים,120.00,"100 מ""ל",false,1,15.90,13.2500,true,1,221059
7290002925798,false,"גם וגם משחת שיניים ירוק מי פה לייט 120 מ""ל",אמיליה קוסמטיקס,IL,מי פה גל גם וגם ירוק לשיניים 120 מל,מיליליטרים,120.00,"100 מ""ל",false,1,15.90,13.2500,true,1,221060
7290002929130,false,גבינת דנאבלו במשקל,מאמן,DK,גבינת דנאבלו במשקל,קילוגרמים,1.00,"ק""ג",true,1,89.00,89.0000,true,1,239356
7290002929512,false,שלושת האופים פלאפל 5,האי נאם סי או אל.טי.,IL,כדורי פלאפל 500 גרם שלושת האופים,גרמים,500.00,100 גרם,false,1,12.90,2.5800,true,1,298007
7290002929536,false,קובה למרק ש. האופים,האי נאם סי או אל.טי.,IL,קובה למרק 600גרם שלושת האופים,גרמים,600.00,100 גרם,false,1,12.90,2.1500,true,1,298005
7290002929635,false,טונה ויליגר במים 140 גרם,"ויליגר תעשיות בע""מ",IL,טונה בשמן צמחי ויליגר 140 גר,גרמים,140.00,100 גרם,false,48,5.70,4.0714,true,1,242285
7290002929642,false,רביעיית טונה בשמן ויליגר 140 גרם,דיאמנט פוד פרודקט קו,TH,מארז 4 טונה בשמן צמחי ויליגר 140 ג,גרמים,560.00,100 גרם,false,48,19.90,3.5536,true,1,241709
7290002929734,false,"גפילטעפיש קציצות מדגי קרפיון וכסיף 560 גר' העד""ח",נטו מלינדה,IL,גפילטע פיש 570 גר,גרמים,560.00,100 גרם,false,1,12.90,2.3036,true,1,241723
7290002929802,false,דג סלמון בייבי טרי,,,דג סלמון בייבי טרי 3-4,קילוגרמים,1.00,"ק""ג",true,,89.90,89.9000,true,1,295943
7290002929949,false,רצועות פילה קוד טרי,,,רצועות פילה קוד טרי,קילוגרמים,1.00,"ק""ג",true,,199.00,199.0000,true,1,334143
7290002939498,false,שריר מספר 8 קפוא צרכני עטרה,עטרה,IL,בשר מס 8 שריר הזרוע עטרה קפוא במשקל,קילוגרמים,1.00,"ק""ג",true,,32.90,32.9000,true,1,315912
7290002946700,false,"מדליק פחמים נוזלי הנמל 200מ""ל","ויק ליין תעשיות בע""מ",IL,מדליק פחם נוזלי 200 מל,מיליליטרים,200.00,"100 מ""ל",false,1,10.90,5.4500,true,1,298592
7290002951735,false,גל היגייני רוטס 125מ,,,גל היגייני רוטס 125מל,מיליליטרים,125.00,"100 מ""ל",false,1,12.90,10.3200,true,1,321762
7290002954026,false,"שמן תירס ""שוקחה"" 3 ליטר",איי.די.אם אנטוורפאן. וי,AR,שמן תירס 3ליטר,ליטרים,3.00,ליטר,false,6,46.90,15.6333,true,1,219492
7290002954040,false,שמן תירס שוקחה 1 ליטר,לסיור,FR,שמן תירס שוקחה 1 ליטר,ליטרים,1.00,ליטר,false,1,16.90,16.9000,true,1,311562
7290002954187,false,"אורז יסמין 5 ק""ג שוקחה",בני ג'ורג' שוקחה חיפ,TH,אורז יסמין שוקחה מדליה 5 קג,קילוגרמים,5.00,"ק""ג",false,1,47.90,9.5800,true,1,223451
7290002954200,false,"אורז יסמין 1 ק""ג שוקחה",בני ג'ורג' שוקחה חיפ,TH,אורז יסמין שוקחה 1 קג,קילוגרמים,1.00,"ק""ג",false,1,11.90,11.9000,true,1,305575
7290002954392,false,תמצית חרובים סירופ 400 ג',סיתוגלו גידה אתהלאת,TR,תמצית חרובים 450 גרם,גרמים,450.00,100 גרם,false,12,13.90,3.0889,true,1,238221
7290002954460,false,"Sunwhite אורז אוסטרלי עגול לסושי-1 ק""ג",בני ג'ורג' שוקחה חיפ,AU,אורז אוסטרלי עגול 1קג,קילוגרמים,1.00,"ק""ג",false,15,11.90,11.9000,true,1,218907
7290002954477,false,"אורז עגול אוסטרלי 5 ק""ג סנוואיט",בני ג'ורג' שוקחה חיפ,AU,אורז אוסטרלי עגול 5קג,קילוגרמים,5.00,"ק""ג",false,6,52.90,10.5800,true,1,223450
7290002954736,false,עדשים שחורות שוקחה 1,סוגת תעשיות בעמ,,עדשים שחורות שוקחה 1 קג,קילוגרמים,1.00,"ק""ג",false,1,13.90,13.9000,true,1,318170
7290002971009,false,"קמח חיטה לבן בהיר שטיבל 1 ק""ג",שטיבל טחנות קמח,IL,קמח שטיבל רגיל 1 קג,קילוגרמים,1.00,"ק""ג",false,10,4.50,4.5000,true,1,300767
7290002971016,false,"שטיבל סולת חיטה 1 ק""ג","שטיבל בע""מ",IL,סולת שטיבל 1 קג,Unknown,0.00,Unknown,false,10,4.90,0.0000,true,1,300916
7290002971139,false,קמח תופח שטיבל 13 1 קג,שטיבל,,קמח שטיבל תופח מאליו 1 קג,קילוגרמים,1.00,"ק""ג",false,1,8.90,8.9000,true,1,323840
7290002971146,false,קמח שטיבל פיצה ופוקצ,שטיבל טחנות קמח,IL,קמח שטיבל מס15פיצה ופוקצה1 קג,קילוגרמים,1.00,"ק""ג",false,1,8.90,8.9000,true,1,323876
7290002971207,false,קמח רב תכליתי מס 1 שטיבל 1 קג,שטיבל טחנות קמח,IL,קמח שטיבל מס 1 רב תכליתי 1 קג,קילוגרמים,1.00,"ק""ג",false,1,8.90,8.9000,true,1,323835
7290002971214,false,"קמח לחם מעושר מס 2 1 ק""ג",מיוצר עי קונדיטוריית,IL,קמח שטיבל מס 2 ללחם 1 קג,קילוגרמים,1.00,"ק""ג",false,1,8.90,8.9000,true,1,323834
7290002971238,false,קמח שטיבל לעוגות 1 ק,שטיבל טחנות קמח,IL,קמח שטיבל מס 5 לעוגות 1 קג,קילוגרמים,1.00,"ק""ג",false,1,8.90,8.9000,true,1,323837
7290002971955,false,קמח שטיבל חיטה לבן מנופה 1קג,טחנת קמח דגן-שטיבל,IL,קמח שטיבל 650 ללא ניפוי 1 קג,קילוגרמים,1.00,"ק""ג",false,1,8.90,8.9000,true,1,301019
7290002971962,false,"קמח שטיבל חיטה מלא ללא ניפוי 1 ק""ג",טחנת קמח דגן-שטיבל,IL,קמח שטיבל חיטה מלאה ללא ניפוי 1 קג,קילוגרמים,1.00,"ק""ג",false,1,9.90,9.9000,true,1,301321
7290002972006,false,"קמח שטיבל 405 ללא ניפוי 1 ק""ג",טחנת קמח דגן-שטיבל,IL,קמח שטיבל 405 ללא ניפוי 1 קג,קילוגרמים,1.00,"ק""ג",false,1,8.90,8.9000,true,1,301021
7290002972365,false,קמח תופח שטיבל 13 ללא צורך בניפוי 1 קג,מיוצר עי קונדיטוריית,IL,קמח שטיבל תופח 13ללא ניפוי 1 קג,קילוגרמים,1.00,"ק""ג",false,1,9.90,9.9000,true,1,301020
7290002972426,false,"קמח חיטה 80% ללא ניפוי שטיבל 1ק""ג",טחנת קמח דגן-שטיבל,IL,קמח שטיבל 80% חיטה ללא ניפוי 1 קג,קילוגרמים,1.00,"ק""ג",false,1,9.90,9.9000,true,1,301022
7290002973669,false,"קמח שטיבל ללחם 2 ללא ניפוי 1 ק""ג",טחנת קמח דגן-שטיבל,IL,קמח שטיבל 2ללחם ללא ניפוי 1 קג,קילוגרמים,1.00,"ק""ג",false,1,9.90,9.9000,true,1,323946
7290002973676,false,"קמח שטיבל לחלה 18 ללא ניפוי 1 ק""ג",טחנת קמח דגן-שטיבל,IL,קמח שטיבל 18לחלה ללא ניפוי 1 קג,קילוגרמים,1.00,"ק""ג",false,1,9.90,9.9000,true,1,323947
7290002974116,false,"קמח שטיבל כפרי 3 ללא ניפוי 1 ק""ג","שטיבל בע""מ",IL,קמח שטיבל 3כפרי ללא ניפוי 1 קג,קילוגרמים,1.00,"ק""ג",false,1,9.90,9.9000,true,1,323949
7290002974222,false,"קמח שטיבל לעוגיות 4 ללא ניפוי 1 ק""ג","שטיבל בע""מ",IL,קמח שטיבל 4לעוגיות ללא ניפוי 1 קג,קילוגרמים,1.00,"ק""ג",false,1,9.90,9.9000,true,1,323948
7290002986652,false,גטניו פתי בר שוקו 470 גרם,"אחים גטניו בע""מ",IL,ביסקויט פתי בר שוקו גטניו 470 גרם,גרמים,470.00,100 גרם,false,12,10.90,2.3191,true,1,315287
7290002987963,false,"סלט חומוס אחלה 1 ק""ג",מיוצר עי קונדיטוריית,IL,סלט חומוס אחלה 1 קג,קילוגרמים,1.00,"ק""ג",false,6,13.90,13.9000,true,1,314061
7290002996484,false,בשר ראש מוכשר קפוא,פניסקור,,בשר ראש מוכשר קפוא,קילוגרמים,1.00,"ק""ג",true,,77.00,77.0000,true,1,238241
7290003006021,false,סלט קוביות בולגרי25%משקל,גבינות אמיר ניצן בעמ,IL,סלט מעדן גבינת פטה בטעמים במשקל,קילוגרמים,1.00,"ק""ג",true,,80.00,80.0000,true,1,224559
7290003006120,false,פינצ'וס פלפלונים+גב.משקל,גבינות אמיר ניצן בעמ,IL,טאפס שכונתי קג,קילוגרמים,1.00,"ק""ג",true,1,150.00,150.0000,true,1,229812
7290003009572,false,סירופ תפוזים פריגת 1.5ל',סירופ - גבעת חיים,IL,סירופ פריגת תפוזים 1.5 ל בקבקוק,ליטרים,1.50,ליטר,false,1,35.90,23.9333,true,1,222235
7290003009596,false,"סירופ דיאט אשכוליות פריגת 750 מ""ל",סירופ - גבעת חיים,IL,סירופ דיאט אשכולית 750,מיליליטרים,750.00,"100 מ""ל",false,6,25.90,3.4533,true,1,222234
7290003009640,false,מיץ תפוזים סחוט רכיבים טבעיים פריגת 1 ליטר,פריגת מצוננים,IL,מיץ תפוז סחוט טרי 1 ל פקדון פריגת,ליטרים,1.00,ליטר,false,1,13.90,13.9000,true,1,217540
7290003011087,false,"אורז בסמטי הודי מובחר שקדיה 1 ק""ג",אלסקה/ טילדה,IN,אורז בסמטי אלפנט 1 קג,קילוגרמים,1.00,"ק""ג",false,24,10.90,10.9000,true,1,241441
7290003015627,false,"נוזל רצפות אפרסק 2 ליטר ""ריצפז פרש""","סנו מפעלי ברונוס בע""",IL,נוזל רצפה ריצפז פרש אפרסק 2 לי,ליטרים,2.00,ליטר,false,1,16.90,8.4500,true,1,222667
7290003015634,false,"נוזל רצפות פסיפלורה 2 ליטר ""ריצפז פרש""",קריות זול,IL,נוזל רצפה ריצפז פרש פסיפלורה 2 לי,ליטרים,2.00,ליטר,false,1,16.90,8.4500,true,1,222668
7290003015641,false,"נוזל רצפות יסמין 2 ליטר ""ריצפז פרש""",קריות זול,IL,נוזל רצפה ריצפז פרש 2 ל יסמין,ליטרים,2.00,ליטר,false,1,16.90,8.4500,true,1,222669
7290003015917,false,סנומט רולון דוחה יתוש אישי עם אלוורה 50מ,סנומט,,סנו די דוחה יתושים רולאון,Unknown,0.00,Unknown,false,1,17.90,0.0000,true,1,222462
7290003023165,false,שוקו יטבתה בכד פלסטי,מחלבת יטבתה,IL,שוקו יטבתה כד 2 ליטר 2%,ליטרים,2.00,ליטר,false,1,19.90,9.9500,true,1,216732
7290003024001,false,גבינה ברי צרפתי במשקל,,FR,גבינת ברי צרפתית במשקל,קילוגרמים,1.00,"ק""ג",true,,129.00,129.0000,true,1,325473
7290003026029,false,"ד""ר פישר - קמיל בלו סנסיטיב שמפו אלדמע 500 מ""ל",פישר מעבדות פרמצבטיות בע,IL,ק.ב סנסטיב אל דמע 500 גרם משאבה - אצבעות,מיליליטרים,500.00,"100 מ""ל",false,12,18.90,3.7800,true,1,222900
7290003026036,false,"ד""ר פישר - קמיל בלו סנסיטיב אל סבון עדין לתינוק 1 ליטר",פישר מעבדות פרמצבטיות בע,IL,אלסבון קמיל בלו סנסטיב 1 ל ורוד,ליטרים,1.00,ליטר,false,1,24.90,24.9000,true,1,216794
7290003026197,false,"קמיל בלו סנסטיב שמן טיפולי ד""ר פישר 500 מ""ל",פישר מעבדות פרמצבטיות בע,IL,ק.ב סנסטיב שמן טיפולי 500 מל - אצבעות ח,מיליליטרים,520.00,"100 מ""ל",false,12,28.90,5.5577,true,1,221960
7290003026227,false,"קמיל בלו שמפו לתינוק סנסיטיב אל דמע ד""ר פישר 1 ליטר",פישר מעבדות פרמצבטיות בע,IL,שמפו קמיל בלו סנסטיב אל דמע 1 ל,ליטרים,1.00,ליטר,false,1,24.90,24.9000,true,1,216796
7290003026234,false,"ד""ר פישר - קמיל בלו תחליב לתינוק 500 מ""ל",פישר מעבדות פרמצבטיות בע,IL,תחליב לתינוק קמיל בלו 500 מל,מיליליטרים,500.00,"100 מ""ל",false,1,19.90,3.9800,true,1,216798
7290003026319,false,"קמיל בלו משחת החתלה לתינוק ד""ר פישר 120 גרם",פישר מעבדות פרמצבטיות בע,IL,משחה לתינוק קמיל בלו סנסטיב 120 גר,גרמים,120.00,100 גרם,false,1,15.90,13.2500,true,1,221959
7290003029181,false,משקה יטבתה שוקו' בקבוק 1ל מהדרין,שטראוס גרופ,IL,שוקו יטבתה בקבוק 1 ליטר,ליטרים,1.00,ליטר,false,1,12.10,12.1000,true,1,216731
7290003029372,false,משקה חלב בטעם בננה יטבתה 1 ליטר,שטראוס גרופ,IL,משקה חלב בננה 1 ליטר,ליטרים,1.00,ליטר,false,1,12.10,12.1000,true,1,219081
7290003029532,false,מוקה בבקבוק יטבתה 1 ליטר מהדרין,שטראוס גרופ,IL,מוקה קפה בק 1 ליטר,ליטרים,1.00,ליטר,false,1,12.10,12.1000,true,1,219779
7290003029815,false,כד חלב 3% יטבתה 2 ליטר מהדרין,שטראוס גרופ,IL,חלב מועשר כד3% 2ל,ליטרים,2.00,ליטר,false,1,15.90,7.9500,true,1,222325
7290003029907,false,אייס קפה יטבתה 1 ליטר מהדרין,שטראוס גרופ,IL,משקה חלב קפה 1 ל יוטבתה,ליטרים,1.00,ליטר,false,1,12.10,12.1000,true,1,222626
7290003047642,false,תה שחור יילו לייבל 100*1.5 ג' שקיק ליפטון,"יונילוור רוסייה בע""מ",RU,תה YL ליפטון 1.5 גר,יחידה,1.00,יחידה,false,12,12.90,12.9000,true,1,218379
7290003054176,false,מסטמכר לחם שיפון עם מסלי 500ג,מרום את קונפינו,DE,לחם שיפון עם מיסלי 500 גרם,גרמים,500.00,100 גרם,false,1,11.90,2.3800,true,1,217630
7290003054183,false,מסטמכר לחם שיפון מלא 500ג,מרום את קונפינו,DE,לחם שיפון מלא 500 גרם,גרמים,500.00,100 גרם,false,1,11.90,2.3800,true,1,217629
7290003054190,false,מסטמכר לחם שיפון עם שלושה דגנים 500ג,מרום את קונפינו,DE,לחם שיפון עם שלושה דגנים 500 גר,גרמים,500.00,100 גרם,false,1,11.90,2.3800,true,1,217632
7290003054206,false,מסטמכר לחם שיפון עם זרעי חמניות 500ג,מרום את קונפינו,DE,לחם שיפון עם זרעי חמניות 500 גרם,גרמים,500.00,100 גרם,false,1,11.90,2.3800,true,1,217633
7290003054213,false,מסטמכר לחם שיפון כפרי 500ג,מסטמכר גוטרסלאו,DE,לחם שיפון כפרי 500 גרם,גרמים,500.00,100 גרם,false,1,11.90,2.3800,true,1,217628
7290003054220,false,מסטמכר לחם שיפון פומפרניקל 500ג,מסטמאכר ג'.אמ.בי.הי,DE,לחם שיפון פומפרניקל 500 גרם,גרמים,500.00,100 גרם,false,1,11.90,2.3800,true,1,217631
7290003054657,false,חרדל ריין דיז'ון אקסטרה פורטה 370 גרם,מרום את קונפינו,FR,חרדל דיזון אקסטרא פורטה 370 גרם,גרמים,370.00,100 גרם,false,1,11.90,3.2162,true,1,217921
7290003067305,false,חזרת ביתית 200 גר סל,סלטי שמיר,IL,חזרת ביתית 200 גר סלטי שמיר,גרמים,200.00,100 גרם,false,1,11.90,5.9500,true,1,218805
7290003069156,false,פילה סלמון וי קפוא,דלידג,IL,פילה סלמון וי קפוא,קילוגרמים,1.00,"ק""ג",true,,79.00,79.0000,true,1,314013
7290003069583,false,סטייק סלמון פרוס נורווגי,דלידג - נטו,XX,סטייק סלומון נורווגי במשקל,קילוגרמים,1.00,"ק""ג",true,,79.00,79.0000,true,1,228911
7290003069590,false,"פילה פוטית עם עור קפוא דלידג 1 ק""ג",דאליאן גואופו אקאטיק,CN,פילה סול ארוז קפוא 1 קג,קילוגרמים,1.00,"ק""ג",false,1,39.00,39.0000,true,1,229249
7290003069682,false,בצק פילאס קפוא 500 גרם שלושת האופים,שלושת האופים שגמור,IL,בצק פילאס 500 גר,גרמים,500.00,100 גרם,false,1,20.90,4.1800,true,1,229378
7290003069705,false,"פיצה אישית גבינה דק 80 ג' תפזורת בד""צ",שלושת האופים,IL,פיצה אישית עגולה 80גר תפזורת,Unknown,0.00,Unknown,false,72,2.90,0.0000,true,1,333879
7290003072743,false,פסטרמה הודו מפולפלת קג,טירת צבי,IL,פסטרמה מפולפלת במשקל,קילוגרמים,1.00,"ק""ג",true,,75.00,75.0000,true,1,317307
7290003072804,false,פסטרמה של פעם טירת צבי 200 גרם,טיב טירת צבי 2000,IL,פסטרמה של פעם 200גר טירת צבי,גרמים,200.00,100 גרם,false,30,23.90,11.9500,true,1,319194
7290003072811,false,נקניקיות בראטוורסט 320 גרם טירת צבי ללא גלוטן,טיב טירת צבי 2000,IL,נקניקיות בראטוורסט 320גר טירת צבי,גרמים,320.00,100 גרם,false,1,23.90,7.4687,true,1,319135
7290003072828,false,נקניקיות פרנקפורטר מבשר בקר,טיב טירת צבי 2000,IL,נקניקיות פרנקפורטר 320גר טירת צבי,גרמים,320.00,100 גרם,false,1,23.90,7.4687,true,1,319133
7290003072835,false,נקניקיות קנאקוורסט טירת צבי 320 גרם,טיב טירת צבי 2000,IL,נקניקיות קנאקוורסט 320גר טירת צבי,גרמים,320.00,100 גרם,false,1,23.90,7.4687,true,1,319134
7290003072842,false,חזה אווז טירת צבי 12,הנסיך- מפעל לייצור ט,IL,חזה אווז 100גר טירת צבי,גרמים,100.00,100 גרם,false,1,23.90,23.9000,true,1,320735
7290003072859,false,רוסטביף טירת צבי 120 גרם,הנסיך- מפעל לייצור ט,IL,נקניק רוסטביף 120גר,גרמים,120.00,100 גרם,false,1,23.90,19.9167,true,1,321364
7290003072965,false,קבנוס חריף מעושן טירת צבי 120 גרם,טיב טירת צבי 2000,IL,קבנוס חריף מעושן 120גר טירת צבי,גרמים,120.00,100 גרם,false,1,10.90,9.0833,true,1,326090
7290003072972,false,קבנוס בתיבול מעושן טירת צבי 120 גרם,טיב טירת צבי 2000,IL,קבנוס בתיבול שום 120גר טירת צבי,גרמים,120.00,100 גרם,false,1,10.90,9.0833,true,1,326091
7290003075102,false,לאבנה אסלי מחלבת רגב,מחלבת רג'ב,IL,לאבנה 1קג בגביע טמרה,קילוגרמים,1.00,"ק""ג",false,1,35.90,35.9000,true,1,241631
7290003075409,false,כדורי לבנה בשמן זית360גר,מחלבת רג'\ב,IL,כדורי לאבנה 360גר,גרמים,360.00,100 גרם,false,1,24.90,6.9167,true,1,226843
7290003075553,false,לבנה רג'ב 11% 500 גרם,מחלבת רג'\ב,IL,לאבנה 500 גר,גרמים,500.00,100 גרם,false,1,18.90,3.7800,true,1,226838
7290003075652,false,לבנה 11%שומן 250 גרם,מחלבת רג'ב,IL,גבינת לאבנה 250 גר,גרמים,250.00,100 גרם,false,1,11.90,4.7600,true,1,226840
7290003075805,false,גב. ברינזה רג'ב15% 400ג,מחלבת רג'\ב,IL,גבינת ברינזה 400 גר,גרמים,400.00,100 גרם,false,1,25.90,6.4750,true,1,226842
7290003075850,false,לאבנה עם שמן וזעתר ר,מחלבת רג'\ב,IL,לבנה עם זעתר 250 גר,גרמים,250.00,100 גרם,false,1,12.90,5.1600,true,1,226839
7290003102136,false,צמר גפן COTTON SOFT רפואי 100 גר' 3102136,הדקלאים אגודת שיתופי,TR,צמר גפן 100 גרם כותון סופט,גרמים,100.00,100 גרם,false,24,4.90,4.9000,true,1,303869
7290003102419,false,כפפות ניילון 100 חידות,איזי טאצ',CN,כפפות ניילון יח קופסא,יחידה,100.00,יחידה,false,1,6.90,0.0690,true,1,308004
7290003102891,false,שקיות צליה הוסטס בקופסה 10יח',הוסטס,TR,שקיות צליה הוסטס 10 יח,יחידה,10.00,יחידה,false,48,5.90,0.5900,true,1,303816
7290003102976,false,צימרוני אוזניים פלסטיק בקופסה 200 יחידות,הדקלאים אגודת שיתופי,CN,צימרוני אוזניים 200יח בכוס,יחידה,200.00,יחידה,false,6,4.50,0.0225,true,1,303870
7290003109265,false,עוגיות מרוקאיות 400,קונדיטורית יוסופוב י,,עוגיות מרוקאיות 400 גרם,גרמים,500.00,100 גרם,false,1,18.00,3.6000,true,1,219994
7290003119110,false,שישיית קוקה קולה 1.5 ליטר,החברה המרכזית לייצור משקאות,IL,קוקה קולה 6 1.5 ליטר,ליטרים,9.00,ליטר,false,1,48.10,5.3444,true,1,217014
7290003119165,false,דיאט קוקה קולה שישיי,החברה המרכזית לייצור משקאות,IL,דיאט קוקה קולה 6 1.5 ליטר,ליטרים,9.00,ליטר,false,1,46.10,5.1222,true,1,217979
7290003121083,false,ארוחת נודלס בטעם בשר בשקית מג'יק 85 גרם,טאט הוי פוד בעמ,SG,מגיק טעם בשר שקית 85 גר,גרמים,85.00,100 גרם,false,1,2.90,3.4118,true,1,217467
7290003121090,false,ארוחת נודלס ירקות בשקית מג'יק 85 גרם,זנטי אס. אי לאלין,SG,מגיק טעם ירקות שקית 85 גר,גרמים,85.00,100 גרם,false,1,2.90,3.4118,true,1,217437
7290003121106,false,ארוחת נודלס טעם עוף בשקית מג'יק 85 גרם,"טאט פוד הוי בע""מ",SG,מגיק טעם עוף שקית 85 גר,גרמים,85.00,100 גרם,false,1,2.90,3.4118,true,1,217440
7290003126712,false,יוגורט עיזים מחלב מלא 3.7% משק צוריאל 150 גרם,מחלבת משק צוריאל,IL,יוגורט עיזים 3% ביו 150 גר,גרמים,150.00,100 גרם,false,1,6.50,4.3333,true,1,217616
7290003126958,false,טופו גבינה גוש בואקום צוריאל 300 ג',א.י.ן תעשיות מזון בע,IL,טופו בואקום צוריאל 250ג- ישן,גרמים,300.00,100 גרם,false,1,11.90,3.9667,true,1,217985
7290003133123,false,לחם זהב עגול אוקראיני 750 ג',מאפיית דוידוביץ ובני,IL,לחם אוקראיני זהב עגול 750גר דוידוביץ,גרמים,750.00,100 גרם,false,1,13.40,1.7867,true,1,222948
7290003133505,false,לחם שיפונטו דוידוביץ,מאפיית דוידוביץ ובני,IL,לחם שיפונטו 500 גר דוידוביץ,גרמים,500.00,100 גרם,false,1,13.10,2.6200,true,1,222949
7290003141159,false,יוגטה מרשמלו ממתק מוקצף בטעמי תות שדה ווניל 180 גרם,יוגוטה,IL,מרשמלו יוגטה 180 גר,גרמים,180.00,100 גרם,false,1,5.90,3.2778,true,1,233733
7290003143146,false,ממרח תמרים קליית גת 450 גרם,הדקלאים אגודת שיתופי,IL,ממרח תמרים קליית גת 450 גרם,גרמים,350.00,100 גרם,false,12,5.50,1.5714,true,1,334461
7290003143276,false,יוגטה מרשמלו ממתק מוקצף בטעם תות שדה 180 גרם,תות ממתקי איכות,IL,מרשמלו רול יוגטה 180 גר,גרמים,180.00,100 גרם,false,1,5.90,3.2778,true,1,238378
7290003143337,false,סילאן רכיבים טבעיים לחיץ קליית גת 350 גרם,ליימן מותגים,IL,סילאן טבעי לחיץ קליית גת 350 גרם,גרמים,350.00,100 גרם,false,1,14.90,4.2571,true,1,334302
7290003143351,false,"תער.לעוגת וניל כשל""פ500ג","פוליבה בע""\מ",IL,תערובת לעוגת וניל500 גר כשלפ,גרמים,500.00,100 גרם,false,1,15.90,3.1800,true,1,311394
7290003144419,false,סילאן טבעי קליית גת 710 גרם,"טעמי הגליל בע""\מ",IL,סילאן טבעי קליית 710 גרם צנצנת,גרמים,710.00,100 גרם,false,1,19.90,2.8028,true,1,334459
7290003185719,false,קבב רומני טיבון ויל 500 גרם,טיבון ויל אחזקות בעמ,IL,קבב רומני 500 גרם,גרמים,500.00,100 גרם,false,12,15.90,3.1800,true,1,216962
7290003185726,false,קבב מזרחי טיבון ויל 500 גרם,טיבון ויל אחזקות בעמ,IL,קבב מזרחי 500 גרם,גרמים,500.00,100 גרם,false,1,15.90,3.1800,true,1,216961
7290003187843,false,עגל טחון טיבון ויל 500 גרם,טיבון ויל אחזקות בעמ,IL,בשר עגל טחון 500 גר,גרמים,500.00,100 גרם,false,12,21.90,4.3800,true,1,218931
7290003189045,false,צהובה הולנדית מחיר לפי מ,צי תעשיות מזון יבנה,IL,צהובה טובה הולנדית במשקל כפיר,קילוגרמים,1.00,"ק""ג",true,,30.00,30.0000,true,1,222950
7290003189076,false,פיצרלה הצהובה הטובה מגורדת 22% כפיר 500 גרם,צי תעשיות מזון יבנה,IL,צהובה הטובה פיצרלה מגורדת 500 גרם,גרמים,500.00,100 גרם,false,1,22.00,4.4000,true,1,222386
7290003189199,false,צהובה טובה חריפה במש,צי תעשיות מזון יבנה,IL,צהובה טובה חריפה במשקל כפיר,קילוגרמים,1.00,"ק""ג",true,,30.00,30.0000,true,1,222951
7290003189205,false,הצהובה הטובה לייט קלאסית 9% כפיר 200 גרם,כפיר,IL,צהובה טובה לייט קלאסית 200 גרם,גרמים,200.00,100 גרם,false,1,11.90,5.9500,true,1,222389
7290003189267,false,הצהובה הטובה לייט קלאסית 5% כפיר 200 גרם,צי תעשיות מזון יבנה,IL,צהובה טובה קלאסית 5% 200 גרם,גרמים,200.00,100 גרם,false,1,11.90,5.9500,true,1,222510
7290003189274,false,בנוסח מעושנת גליל26%משקל,צי תעשיות מזון יבנה,IL,צהובה טובה מעושנת במשקל כפיר,קילוגרמים,1.00,"ק""ג",true,,30.00,30.0000,true,1,224106
7290003189380,false,מעדן עם שום ושמיר26%משקל,צי תעשיות מזון יבנה,IL,צהובה טובה שום שמיר במשקל כפיר,קילוגרמים,1.00,"ק""ג",true,,30.00,30.0000,true,1,222952
7290003208173,false,"שמפנייה לורן פרייה רוזה יבשה 750 מ""ל",,,שמפניה רוזה לורן פרייה 750מל פקדון,מיליליטרים,750.00,"100 מ""ל",false,1,545.00,72.6667,true,1,237817
7290003208197,false,שמפנייה לורן פרייה חצי יבשה 750 מל אריזת,,,שמפניה חצי יבש לורן פרייה 750מל,מיליליטרים,750.00,"100 מ""ל",false,1,229.00,30.5333,true,1,237818
7290003208586,false,"וורמוט מרטיני לבן 750 מ""ל",מרטיני ורוסי,IT,יין וורמוט מרטיני ביאנקו 750 מל פיקדון,מיליליטרים,750.00,"100 מ""ל",false,1,60.00,8.0000,true,1,227959
7290003208593,false,"וורמוט-מרטיני אקסטרא דריי 750 מ""ל",מרטיני ורוסי,IT,יין מרטיני לבן יבש 750 מל פיקדון,מיליליטרים,750.00,"100 מ""ל",false,1,60.00,8.0000,true,1,227972
7290003208609,false,"וורמוט מרטיני אדום מתוק 750 מ""ל",מרטיני ורוסי,IT,יין וורמוט מרטיני רוסו 750 מל פיקדון,מיליליטרים,750.00,"100 מ""ל",false,1,60.00,8.0000,true,1,227960
7290003208647,false,"יין מבעבע מרטיני ברוט 750 מ""ל",,,יין מרטיני ברוט 750 מל פקדון,מיליליטרים,750.00,"100 מ""ל",false,1,70.00,9.3333,true,1,229530
7290003208692,false,"ליקר 750 מ""ל BENEDICTINE D.O.M",,,ליקר בנדיקטין 750 מל פיקדון,מיליליטרים,750.00,"100 מ""ל",false,1,149.00,19.8667,true,1,229525
7290003208715,false,"וורמוט מרטיני רוסטו 750 מ""ל",,,יין וורמוט מרטיני רוסטו 750 מל פיקדון,מיליליטרים,750.00,"100 מ""ל",false,1,60.00,8.0000,true,1,229524
7290003208777,false,יין ברון דאריניאק לבן 750 מל,,,יין לבן ברון דארנייק 750 מל פקדון,מיליליטרים,750.00,"100 מ""ל",false,1,40.00,5.3333,true,1,229868
7290003208876,false,יין ריזלינג ארתור מץ,לה קב דה לנדירס,,יין ריזלינג ארתור מץ 750 מל פקדון,מיליליטרים,750.00,"100 מ""ל",false,1,60.00,8.0000,true,1,299382
7290003212033,false,עוגת קראנץ בטעמים 50,,,עוגת קראנץ בטעמים 500 ג אנטיקוביץ,גרמים,600.00,100 גרם,false,1,16.90,2.8167,true,1,335510
7290003212255,false,עוגיות אוזני המן 350,,,עוגיות אוזני המן 350 גר,גרמים,350.00,100 גרם,false,1,13.90,3.9714,true,1,222297
7290003212828,false,עוגה ללא סוכר אנטיקו,,,עוגה ללא סוכר אנטיקוביץ בטעמים 350 גר,גרמים,350.00,100 גרם,false,1,19.90,5.6857,true,1,227407
7290003219766,false,טורבול סופג לחות יעקבי,יעקובי,,טורבול מילוי שלישיה,Unknown,0.00,Unknown,false,1,39.90,0.0000,true,1,219586
7290003220458,false,מעדני המלך- פתי בר וניל 500 גרם,מגדנית הדר,IL,ביסקויט פתי בר מעדני המך 500 גרם,גרמים,500.00,100 גרם,false,12,8.90,1.7800,true,1,332630
7290003220465,false,פתי בר שוקו' מעדני המלך 500 גר',מגדנית הדר,IL,ביסקויט פתי שוקו בר מעדני המך 500 גרם,גרמים,500.00,100 גרם,false,12,8.90,1.7800,true,1,332631
7290003220588,false,"רוטה צ'ילי מתוק ללא סוכר 700 מ""ל WOK",תאי פרידה אינדסטרי ב,TH,רוטב צילי מתוק וואק ללא סוכר 700 מל,מיליליטרים,700.00,"100 מ""ל",false,1,14.90,2.1286,true,1,242913
7290003220595,false,"ווק אורז לסושי 1 ק""ג WOK","מיה תעשיות מזון בע""מ",IL,אורז לסושי ווק 1 קג,קילוגרמים,1.00,"ק""ג",false,12,11.90,11.9000,true,1,311012
7290003220649,false,שמן שומשום 100% טהור150מ,הו צ'קינג הינג אוי פ,SG,שמן שומשום 100% ווק 150 מל,מיליליטרים,150.00,"100 מ""ל",false,12,13.90,9.2667,true,1,329498
7290003220717,false,WOK אצות נורי סילבר 10 יחידות,ג'י וואן גלובול נאט,KR,אצות נורי ווק 10 יח,יחידה,10.00,יחידה,false,1,9.90,0.9900,true,1,243688
7290003220779,false,"ווק אטריות אורז עובי 3 מ""מ 400 גרם",אסיאן סופירה פודס חב,TH,מקלוני אורז 3 ממ ווק 400 גר,גרמים,400.00,100 גרם,false,1,9.90,2.4750,true,1,243686
7290003220786,false,"אטריות אורז ללא גלוטן 5 מ""מ 400 ג' WOK",אסיאן סופירה פודס חב,TH,מקלוני אורז 5 ממ ווק 400 גר,גרמים,400.00,100 גרם,false,1,9.90,2.4750,true,1,243687
7290003220939,false,אטריות אורז דקיקות ללא גלוטן 400 ג' WOK,אסיאן סופירה פודס חב,TH,מקלוני אורז ווק דקים 400 גר,גרמים,400.00,100 גרם,false,1,9.90,2.4750,true,1,243684
7290003220977,false,עוגיות חצי ירח מצופה 175 נאפה מעדני מלך,מגדנית הדר,IL,ביסקויט חצי ירח מצופה מעדני המלך 175 ג,גרמים,175.00,100 גרם,false,16,6.90,3.9429,true,1,327860
7290003224036,false,אוכמניות כחולות גולוביקה,מאמא מרי,US,אוכמניות כחולות גולוביקה,גרמים,300.00,100 גרם,false,20,19.90,6.6333,true,1,226691
7290003224128,false,"כיסונים תפו""א 800 ג' מאמא מרי",מאמא מרי,IL,כיסונים תפוחי אדמה 800 ג מאמא מרי,גרמים,800.00,100 גרם,false,1,19.90,2.4875,true,1,222962
7290003224135,false,כיסונים עם בשר 800 ג,מאמא מרי,,כיסוני בשר 800גר,גרמים,800.00,100 גרם,false,1,21.90,2.7375,true,1,320577
7290003224159,false,בלינצ'יס בשר 7 יחידות,מאמא מרי,IL,בלינציס בשר 7 יח,Unknown,0.00,Unknown,false,20,21.90,0.0000,true,1,236470
7290003224173,false,בלינצ'יס פטריות 7 יחידות,מאמא מרי,IL,בלינציס פטריות 7 יח,גרמים,420.00,100 גרם,false,20,19.90,4.7381,true,1,236471
7290003224180,false,פטל שחור קפוא 300 גר,מאמא מרי,IL,פטל שחור,גרמים,300.00,100 גרם,false,20,13.90,4.6333,true,1,222822
7290003224258,false,"כיסונים במילוי בשר בקר 1.5 ק""ג",מאמא מרי,IL,קרפלך כיסוני בשר בקר 1.5קג,גרמים,1500.00,100 גרם,false,1,49.90,3.3267,true,1,325180
7290003224265,false,קרפלך כיסונים במילוי,מאמא מרי,IL,קרפלך כיסוני בשר בקר 800גר,גרמים,800.00,100 גרם,false,1,28.90,3.6125,true,1,325179
7290003224333,false,דובדבנים חמוצים מגול,מאמא מרי,IL,דובדבן חמוץ,גרמים,300.00,100 גרם,false,20,14.90,4.9667,true,1,222825
7290003224340,false,"קלוקווא רוסי(סיבירי)300 ג""ר חמוציות",מאמא מרי,IL,קלוקווא רוסי,גרמים,300.00,100 גרם,false,20,21.90,7.3000,true,1,241482
7290003224388,false,חמוציות קפוא 300 גרם,מאמא מרי,IL,חמוציות קלוקבה,גרמים,300.00,100 גרם,false,20,13.90,4.6333,true,1,226690
7290003224456,false,"כיסונים בשר סיבירסקי מאמא מרי 1 ק""ג",מאמא מרי,IL,כיסוני בשר סיבירסקי 1 קג,קילוגרמים,1.00,"ק""ג",false,1,27.90,27.9000,true,1,320578
7290003224463,false,"כיסונים בשר - אוקראינסקי 1 ק""ג",מאמא מרי,,כיסוני בשר אוקראינסקי 1 קג,קילוגרמים,1.00,"ק""ג",false,1,27.90,27.9000,true,1,320579
7290003224487,false,"כיסונים בשר 1 ק""ג מאמא מרי",מאמא מרי,IL,כיסונים בשר מאמא מרי,קילוגרמים,1.00,"ק""ג",false,20,27.90,27.9000,true,1,222964
7290003224500,false,צ'רניקה אוכמניות שחורות,מאמא מרי,,אוכמניות שחורות 300 גר קפוא,גרמים,300.00,100 גרם,false,1,21.90,7.3000,true,1,224829
7290003224555,false,פטל אדום 300 גרם,מאמא מרי,IL,פטל אדום,גרמים,300.00,100 גרם,false,20,24.90,8.3000,true,1,224382
7290003224623,false,כיסטנים גבינה מתוקה 400 ג' מאמא מרי,מאמא מרי,IL,כיסוני גבינה טבעוני מתוקה ויגן 400גר,גרמים,400.00,100 גרם,false,1,24.90,6.2250,true,1,335695
7290003224654,false,מיקס פירות יער 380 גרם,מאמא מרי,IL,מיקס פירות יער,גרמים,300.00,100 גרם,false,20,14.90,4.9667,true,1,222823
7290003224708,false,בלינצס בטעם גבינה מתוקה וצימוקים 400 גרם,מאמא מרי,IL,בלינצס גבינה טבעוני מתוקה וצימוקים 400גר,גרמים,400.00,100 גרם,false,1,24.90,6.2250,true,1,313047
7290003224746,false,פירות יער דמדמניות שחורות קפוא 300 גר,מאמא מרי,IL,דמדמניות שחורות,גרמים,300.00,100 גרם,false,20,13.90,4.6333,true,1,222824
7290003224753,false,דמדמניות אדומות קפוא,מאמא מרי,IL,דמדמניות אדומות,גרמים,300.00,100 גרם,false,20,13.90,4.6333,true,1,222827
7290003224784,false,בלינצ'ס עם דובדבנים 7 יחידות,מאמא מרי,IL,בלינציס עם דובדבנים,גרמים,420.00,100 גרם,false,20,19.90,4.7381,true,1,236473
7290003224807,false,פירות יער אוכמניות 300 גר,מאמא מרי,IL,אוכמניות אדומות ברוסניקה,גרמים,300.00,100 גרם,false,20,19.90,6.6333,true,1,222826
7290003224845,false,"כיסונים תפו""א ופטריות VEGAN 800 גרם","מאמא מרי בע""\מ",IL,קרפלוני תפוחי אדמה ופטריות 800גר,גרמים,800.00,100 גרם,false,1,21.90,2.7375,true,1,318313
7290003224944,false,אוכמניות צהובות 300 גר,מאמא מרי,IL,אוכמניות צהובות,גרמים,300.00,100 גרם,false,20,19.90,6.6333,true,1,245307
7290003229109,false,פסטרמה הודו בפפריקה טירת צבי 400 גרם,הנסיך- מפעל לייצור ט,IL,פסטרמה בפפריקה 400 ג,גרמים,400.00,100 גרם,false,1,29.90,7.4750,true,1,220926
7290003229116,false,פסטרמה הודו בדבש שומן טירת צבי 400 גרם,הנסיך- מפעל לייצור ט,IL,פסטרמה בדבש 400 ג,גרמים,400.00,100 גרם,false,1,29.90,7.4750,true,1,220927
7290003229123,false,פסטרמה הודו על גחלים 2% טירת צבי 400 גרם,הנסיך- מפעל לייצור ט,IL,פסטרמה על גחלים 400 ג,גרמים,400.00,100 גרם,false,1,29.90,7.4750,true,1,220928
7290003229147,false,נקניק סלמי איטלקי מעושן טירת צבי 300 גרם,הנסיך- מפעל לייצור ט,IL,נקניק סלמי איטלקי 300 ג,גרמים,300.00,100 גרם,false,1,27.90,9.3000,true,1,220931
7290003229154,false,נקניק סלמי קוניאק טירת צבי 300 גרם,הנסיך- מפעל לייצור ט,IL,נקניק סלמי קוניאק מובחר 300 ג,גרמים,300.00,100 גרם,false,1,27.90,9.3000,true,1,220930
7290003229192,false,נקניק כתף בקר מעושן 2% טירת צבי 400 גרם,טיב טירת צבי 2000,IL,כתף בקר מעושן 400 ג,גרמים,400.00,100 גרם,false,1,29.90,7.4750,true,1,220929
7290003229208,false,פסטרמה ספרדית 2% טירת צבי 360 גרם,טירת צבי - מדף,IL,פסטרמה ספרדית 360 ג,גרמים,360.00,100 גרם,false,1,29.90,8.3056,true,1,222449
7290003229215,false,פסטרמה איטלקית 3.5% טירת צבי 360 גרם,טירת צבי - מדף,IL,פסטרמה איטלקית 360 ג,גרמים,360.00,100 גרם,false,1,29.90,8.3056,true,1,222448
7290003229222,false,נקניק סלמי תה טירת צבי 300 גרם,הנסיך- מפעל לייצור ט,IL,נקניק סלמי תה משובח 300 גר,גרמים,300.00,100 גרם,false,1,22.90,7.6333,true,1,228340
7290003249626,false,ברווז שלם קפוא,קצביית פרימיום,IL,ברווז שלם קפוא,קילוגרמים,1.00,"ק""ג",true,,47.00,47.0000,true,1,327576
7290003310555,false,"מאגדת טילון קרם עוגיות 4*100 מ""ל בן וג'ירי",מוצרי איכות אמריקאיים,IL,מאגדת 4יח טילון קרם עוגיות בן אנד גריס,גרמים,440.00,100 גרם,false,1,24.90,5.6591,true,1,311037
7290003364008,false,מטקות חלולות בתיק PVC/ צעצועי דורון קב 8,צעצועי דורון,,משחק פעילות מיוחדת,Unknown,0.00,Unknown,false,1,49.90,0.0000,true,1,240488
7290003364039,false,משחק פעילות מיוחד,General,CN,גלגל ים פלמינגו,יחידה,1.00,יחידה,false,1,69.90,69.9000,true,1,240563
7290003364107,false,צעצועים שונים 7,General,,סט כלים,Unknown,0.00,Unknown,false,1,39.90,0.0000,true,1,240484
7290003364275,false,מצתים אלקטרוניים,בריקו,CN,מצתים חד פעמים,Unknown,0.00,Unknown,false,1,9.90,0.0000,true,1,240568
7290003385881,false,במיה ברוטב עגבניות פרי הגליל 540 גרם,"פרי הגליל בע""""מ",IL,במיה ברוטב עגביות א/2 פרי גליל,גרמים,650.00,100 גרם,false,1,11.50,1.7692,true,1,218095
7290003387205,false,דאו' ספיד סטיק בסיסי ירוק רגיל לגבר 63ג',הנסיך- מפעל לייצור ט,US,דאו.ספיד סטיק רגיל בסיסי ירוק,Unknown,0.00,Unknown,false,12,15.90,0.0000,true,1,217605
7290003387373,false,דאודורנט ספיד סטיק בסיסי קלאסי פרש ספורט לגבר,הנסיך- מפעל לייצור ט,US,דאו.ספיד סטיק רגיל בסיסי קלאסיק,Unknown,0.00,Unknown,false,12,15.90,0.0000,true,1,217176
7290003387410,false,שלישיית פדים להסרת איפור בלונס 80 יחידות,ספטונה,GR,פדים להסרת איפור בלונס שלישיה,Unknown,0.00,Unknown,false,16,21.90,0.0000,true,1,218905
7290003400500,false,חטיף הרשי ריזס נאטרייגיס 47 גרם,ליימן מותגים,US,חטיף קרמל ובוטנים מצופה47גר הרשי,Unknown,0.00,Unknown,false,1,4.90,0.0000,true,1,238644
7290003401369,false,"קרם לחות לשיער חוחובה נטורל פורמולה 400 מ""ל",מיוצר עי אמיליה קוסמ,IL,קרם לחות קלאסי חוחובה סגול400מל,מיליליטרים,400.00,"100 מ""ל",false,1,19.90,4.9750,true,1,216851
7290003401376,false,"קרם לחות ועיצוב לשיער אלוורה נטורל 400 מ""ל",מיוצר עי אמיליה קוסמ,IL,קרם לחות קלאסי אלוורה ירוק 400 מל,מיליליטרים,400.00,"100 מ""ל",false,1,19.90,4.9750,true,1,216850
7290003401420,false,"קרם לחות לשיער סיליקון כתום נטורל 400 מ""ל",מיוצר עי אמיליה קוסמ,IL,קרם לחות קלאסי סיליקון כתום400 מל.,מיליליטרים,400.00,"100 מ""ל",false,1,19.90,4.9750,true,1,216849
7290003402809,false,חטיף הרשי ריזס שוקולד לבן 39 גר,ליימן מותגים,US,חטיף שוקולד הרשי ריסז לבן42גר,Unknown,0.00,Unknown,false,1,4.00,0.0000,true,1,317009
7290003411009,false,כפפות לטקס הנמל S אריזת 100יח',,,כפפות לטקס סמול 100 יח,Unknown,0.00,Unknown,false,1,19.90,0.0000,true,1,222109
7290003411276,false,עמבה הודית מובחרת הנמל 600ג',טרופיקל דגיל תעשיות,IL,עמבה פרי הודית 500 גר,גרמים,500.00,100 גרם,false,1,10.90,2.1800,true,1,217245
7290003411528,false,מלית קינמון פוליבה 450 גרם,"פוליבה בע""מ",IL,מלית קינמון למילוי 450 גרם,גרמים,450.00,100 גרם,false,1,11.90,2.6444,true,1,227105
7290003411702,false,חומוס ענק הנמל 500 ג,יבוא ושיווק: הנמל אר,IL,חומוס ענק 500 גר,גרמים,500.00,100 גרם,false,1,10.90,2.1800,true,1,220330
7290003411832,false,גרנולה אגוזים 400 ג' הנמל,הנמל/ שבולת בשדה,IL,גרנולה אגוזים 400 גרם,גרמים,400.00,100 גרם,false,1,11.90,2.9750,true,1,218206
7290003411849,false,גרנולה תמרים ושקדים 400 ג',הנמל/ שבולת בשדה,IL,גרנולה תמרים 400 גרם,גרמים,400.00,100 גרם,false,1,11.90,2.9750,true,1,217964
7290003411856,false,גרנולה קינמון+ תפוח עץ 400 גרם,הנמל,IL,גרנולה קינמון 400 גרם,גרמים,400.00,100 גרם,false,1,11.90,2.9750,true,1,217962
7290003414406,false,הרשי ריזס נטיפי אפייה בוטנים 283 גר',ליימן מותגים,US,נטיפי ריזס הרשי לאפיה 283 גר,גרמים,283.00,100 גרם,false,1,15.00,5.3004,true,1,246188
7290003423909,false,חטיף קוקיס אנד קרים לבן 43 גרם,ליימן מותגים,US,חטיף שוקולד לבן עם עוגיות43גר הרשי,Unknown,0.00,Unknown,false,1,5.00,0.0000,true,1,238617
7290003427154,false,"שמן זית כתית מעולה טעם מעודן זיתא 750 מ""ל",זיתא תעשיות שמן זיתt\,IL,שמן זית זיתא כתית מעולה 750 מל,מיליליטרים,750.00,"100 מ""ל",false,1,32.90,4.3867,true,1,216771
7290003438006,false,ממרח אולביה פסטו וצנובר איטלקי 190ג',מיוצר עי קונדיטוריית,IL,ממרח פסטו איטלקי 180 ג אוליביה,גרמים,180.00,100 גרם,false,1,13.90,7.7222,true,1,217584
7290003438013,false,ממרח זיתים ירוקים אוליביה 190 גרם,קריות זול,IL,ממרח זיתים ירוקים 190 גר אוליביה,גרמים,190.00,100 גרם,false,1,13.90,7.3158,true,1,217575
7290003438020,false,ממרח עגבניות מיובשות אוליביה 190 גרם,מיוצר עי קונדיטוריית,IL,ממרח עגבניות עם אגוזים 190 ג אוליביה,גרמים,190.00,100 גרם,false,1,13.90,7.3158,true,1,217581
7290003438075,false,"חרוסת אוליביה 210 גרם כשל""פ",מיוצר עי קונדיטוריית,IL,חרוסת 210גרם אוליביה,גרמים,210.00,100 גרם,false,1,10.90,5.1905,true,1,298273
7290003438709,false,ממרח אולביה זיתים שחורים וירוקים 190 ג',גוד פוד פרודקטס S.p,IL,ממרח זיתים שחורים 190 ג אוליביה,גרמים,190.00,100 גרם,false,1,13.90,7.3158,true,1,217576
7290003438853,false,אוליביה ממרח אריסה חריפה 185 גר ',אוליביה,IL,ממרח אריסה אוליביה 180 גר,גרמים,180.00,100 גרם,false,1,13.90,7.7222,true,1,246165
7290003438990,false,עיטורי עגבניות מיובשות וזיתים אוליביה 280 ג',אוליביה גורמה בעמ,IL,עיטורי עגבניות אוליביה 220 ג,גרמים,220.00,100 גרם,false,1,17.90,8.1364,true,1,217234
7290003444009,false,הרשי ריזס חטיף במילוי בוטנים 42 גרם,ליימן מותגים,US,חטיף שוקולד הרשי ריסז רגיל42גר,Unknown,0.00,Unknown,false,1,4.00,0.0000,true,1,238640
7290003450602,false,חרדל אמיתי צהוב בקבוק לחיץ 255 גר,היינץ צפון אמריקה מקבוצת ה.י.היינץ,US,חרדל היינץ לחיץ 255 גרם,גרמים,255.00,100 גרם,false,1,11.00,4.3137,true,1,217920
7290003450725,false,חומץ היינץ בן יין אד,ה.י.היינץ קומפני ל.פ,US,חומץ היינץ בן יין 355 מל,מיליליטרים,355.00,"100 מ""ל",false,1,12.90,3.6338,true,1,217849
7290003457991,false,טילון קורנטו וניל עם וופל ואגוזי לוז מסוכרים,"גלידת שטראוס בע""\מ, רחוב",IL,קורנטו קלאס 1/6,גרמים,360.00,100 גרם,false,6,34.90,9.6944,true,1,217028
7290003461110,false,שום כתוש מסעדות במשק,,,שום כתוש מסעדות במשקל,גרמים,1000.00,100 גרם,false,1,40.00,4.0000,true,1,216725
7290003475124,false,בלונס מסיר איפור 80 יח,קריות זול,GR,צמר גפן עננים 100 ג,גרמים,100.00,100 גרם,false,48,6.90,6.9000,true,1,217267
7290003514007,false,מנה שקדי מרק מנה 400 גרם,מנה Mana,IL,שקדי מרק רגיל 400 גר מנה,גרמים,400.00,100 גרם,false,12,9.90,2.4750,true,1,226663
7290003514588,false,פריכיות אורז ללא מלח100ג,מנה,IL,פרכיות אורז מנה ללא מלח 100 גר,גרמים,100.00,100 גרם,false,1,4.90,4.9000,true,1,227225
7290003520572,false,מטריות חרובים שקית בודד (בשרוול 6 שקיות),תופינית,,מארז 6 יח מטריות חרוב 45 גר,Unknown,0.00,Unknown,false,1,16.90,0.0000,true,1,302601
7290003521074,false,"ד""ר פישר - סרקל מרכך שיער לילדים 1 ליטר",פישר מעבדות פרמצבטיות בע,IL,מרכך סרקל 1 ל,ליטרים,1.00,ליטר,false,1,28.90,28.9000,true,1,221958
7290003521081,false,"סרקל שמפו אל דמע לילדים ד""ר פישר 1 ליטר",פישר מעבדות פרמצבטיות בע,IL,שמפו סרקל 1 ל,ליטרים,1.00,ליטר,false,1,28.90,28.9000,true,1,217210
7290003521166,false,"ד""ר פישר - סרקל קרם רוזמרין לילדים 325 מ""ל",פישר מעבדות פרמצבטיות בע,IL,קרם רוזמרין סרקל 325 מל,מיליליטרים,325.00,"100 מ""ל",false,1,27.90,8.5846,true,1,222001
7290003521197,false,"ד""ר פישר - סרקל תרסיס מתיר קשרים 340 מ""ל",פישר מעבדות פרמצבטיות בע,IL,מתיר קשרים סרקל 340 מל,מיליליטרים,340.00,"100 מ""ל",false,1,27.90,8.2059,true,1,222052
7290003522606,false,פארמה וויפס מגבונים אנטי-בקטריאליים 160,"ד""ר פישר Dr fischer",IL,מגבוני פארמה וויפס לניקוי משטחים 160יח,יחידה,160.00,יחידה,false,6,24.90,0.1556,true,1,297355
7290003524297,false,אספרגוס לבן שלם בצנצנת ויליגר 330 גרם,צ'אמפהאוס טרידייג קו,CN,אספרגוס לבן שלם 370 גרם,גרמים,330.00,100 גרם,false,1,11.90,3.6061,true,1,218259
7290003525461,false,סלט טונה פיקנטי ויליגר 160 גרם,ויליגר,IL,סלט טונה פיקנטי ויליגר 160 גר,גרמים,160.00,100 גרם,false,1,5.50,3.4375,true,1,219139
7290003525478,false,סלט טונה ויליגר 160 גרם,"ויליגר, תעשיות בע""מ",IL,סלט טונה ויליגר 160 גר,גרמים,160.00,100 גרם,false,1,5.20,3.2500,true,1,219137
7290003525898,false,שלישיית סלט טונה ויליגר 160 גרם,נטו מלינדה,,מארז 3 יח סלט טונה ויליגר 160 גר,גרמים,480.00,100 גרם,false,1,15.90,3.3125,true,1,223974
7290003525904,false,שלישיית סלט טונה פיקנטי ויליגר 160 גרם,ויליגר,,מארז 3 יח סלט טונה פיקנטי ויליגר 160 גר,גרמים,480.00,100 גרם,false,1,15.90,3.3125,true,1,223975
7290003526444,false,אננס חתוך ויליגר 565 גרם,,,לפתן אננס חתוך ויליגר 565 גרם,גרמים,565.00,100 גרם,false,24,6.50,1.1504,true,1,304379
7290003526864,false,פטריות חתוך 290 ג' וליגיר,פרנסשמפניון,IL,פטריות חתוך 290 גרם,גרמים,290.00,100 גרם,false,1,4.50,1.5517,true,1,219090
7290003526871,false,שלישיית פטריות חתוכות 290X3 גרם,פרנסשמפניון,FR,מארז 3 יח פטריות חתוך 290 גר,גרמים,870.00,100 גרם,false,24,11.90,1.3678,true,1,226481
7290003527380,false,דובדבן ללא חרצן בצנצנת ויליגר 680 גרם,גולדסטארקפט,,לפתן דובדבן ללא חרצן 680 גר ויליגר,גרמים,680.00,100 גרם,false,1,10.90,1.6029,true,1,222495
7290003550753,false,רביעיית טונה בשמן פוסידון 108 גרם,"מיוצר עי וליגר בעמ,",IL,מארז 4 יח טונה בשמן פוסידון 108 גר,גרמים,432.00,100 גרם,false,64,19.90,4.6065,true,1,236418
7290003550937,false,רגל פרוסה קפואה במגש,טיבון ויל - נטו,IL,רגל פרוסה קפואה במגש,קילוגרמים,1.00,"ק""ג",true,,34.00,34.0000,true,1,222914
7290003561032,false,בונז'ור בייגל רול דגנים 130ג',בונז'ור,,בייגל רול דגנים,גרמים,130.00,100 גרם,false,1,4.50,3.4615,true,1,222145
7290003561766,false,בורקס פילס תפוא ובצל,בונז'ור,,בורקס פילס תפוא ובצל מטוגן במשקל,קילוגרמים,1.00,"ק""ג",true,,40.00,40.0000,true,1,222210
7290003561964,false,עוגיות אצבעות טעם שו,בונז'ור,,עוגיות אצבעות טעם שוקולד במשקל,קילוגרמים,1.00,"ק""ג",true,,36.00,36.0000,true,1,223532
7290003578108,false,חתיכות אננס בסירופ קל וילי פוד 850 גרם,טקרנג פינאפל אינדסטר,TH,לפתן אננס חתוך ויליפוד 850 גרם,גרמים,850.00,100 גרם,false,1,9.90,1.1647,true,1,218252
7290003578177,false,תירס צעיר שלם וילי פוד 210 גרם,מגסטיק פוד אידסטרי ק,TH,תירס גמדי 410גרם,גרמים,410.00,100 גרם,false,24,7.90,1.9268,true,1,218408
7290003578412,false,לפתן חצאי אפרסק 820 גרם ויליפוד,וילי פוד,GR,לפתן חצאי אפרסק ויליפוד 820 גר,גרמים,820.00,100 גרם,false,1,9.90,1.2073,true,1,217903
7290003578672,false,ויליפוד שמן חמניות 1 ליטר{בית יוסף},וילי פוד,TR,שמן חמניות 1ל (12),ליטרים,1.00,ליטר,false,12,11.90,11.9000,true,1,216772
7290003608546,false,תפוזינה תות בננה 1.5ליטר,יפאורה שותפות מובגלת לשיווק,IL,משקה קל תפוזינה תות בננה 1.5 ל,ליטרים,1.50,ליטר,false,12,8.60,5.7333,true,1,218398
7290003643004,false,"סוגת אורז בסמטי קלאסי 1 ק""ג",האי נאם סי או אל.טי.,IL,אורז הודי בסמטי 1 קג סוגת,קילוגרמים,1.00,"ק""ג",false,1,13.90,13.9000,true,1,218220
7290003643127,false,אבקת אפיה סוגת 100 גרם 10 יחידות,גוד פוד פרודקטס S.p,IL,אבקת אפיה 10+10 גרם,גרמים,100.00,100 גרם,false,50,2.50,2.5000,true,1,223351
7290003643134,false,סוכר וניל סוגת 100 גרם מארז 10 יחידות,גוד פוד פרודקטס S.p,IL,סוכר וניל 10+10 גרם,גרמים,100.00,100 גרם,false,50,2.50,2.5000,true,1,223350
7290003643158,false,קורנפולר שקית 200 ג' סוגת,המאפיה של הרמן,IL,קורנפלור 200 גר סוגת,גרמים,200.00,100 גרם,false,1,3.00,1.5000,true,1,223353
7290003643165,false,סוגת קורנפלור 500 גרם,"י. כהן בע""מ",IL,קורנפלור 500 גר סוגת,גרמים,500.00,100 גרם,false,1,5.90,1.1800,true,1,223354
7290003643172,false,אבקת סוכר סוגת 100 גרם,א.ל ייצור ושיווק תבל,IL,אבקת סוכר 100 גר סוגת,גרמים,100.00,100 גרם,false,1,2.50,2.5000,true,1,223352
7290003643325,false,קוסקוס בינוני סוגת 350 גרם,"אסיף תעשיות מזון בע""\מ",IL,קוסקוס בינוני 350 גר,גרמים,350.00,100 גרם,false,24,5.50,1.5714,true,1,222293
7290003643646,false,"סוכר דמררה קלאסי בצנצנת סוגת 1 ק""ג",האי נאם סי או אל.טי.,IL,סוכר חום דמררה צנצנת 1 קג סוגת,קילוגרמים,1.00,"ק""ג",false,1,12.90,12.9000,true,1,217313
7290003643684,false,אפונה יבשה סוגת 500 גר',האי נאם סי או אל.טי.,IL,אפונה 500 גר,גרמים,500.00,100 גרם,false,12,7.00,1.4000,true,1,218976
7290003643707,false,סוגת גריסים 500 גרם,"סוגת תעשיות בע""מ",IL,גריסים 500 גר,גרמים,500.00,100 גרם,false,12,6.00,1.2000,true,1,218977
7290003643714,false,חומוס גרגירים 500 גרם סוגת,האי נאם סי או אל.טי.,IL,חומוס 500 גר,גרמים,500.00,100 גרם,false,12,8.90,1.7800,true,1,218971
7290003643738,false,סוגת חיטה 500 גרם,האי נאם סי או אל.טי.,IL,חיטה 500 גר,גרמים,500.00,100 גרם,false,12,6.00,1.2000,true,1,218978
7290003643745,false,סוגת כוסמת 500 גרם,האי נאם סי או אל.טי.,IL,כוסמת 500 גר,גרמים,500.00,100 גרם,false,12,8.90,1.7800,true,1,218979
7290003643752,false,עדשים ירוקים יבש סוגת 500 גר',האי נאם סי או אל.טי.,IL,עדשים ירוקות 500 גר,גרמים,500.00,100 גרם,false,12,7.90,1.5800,true,1,218975
7290003643769,false,עדשים אדומים יבש סוגת 500 גר',"סוגת תעשיות בע""\מ",IL,עדשים אדומות 500 גר,גרמים,500.00,100 גרם,false,12,7.90,1.5800,true,1,219470
7290003643776,false,"פופקורן גרעינים סוגת 500 ג' כשל""פ",האי נאם סי או אל.טי.,IL,פופקורן 500 גר,גרמים,500.00,100 גרם,false,12,7.00,1.4000,true,1,218972
7290003643783,false,קוקוס טחון סוגת 100 גרם,האי נאם סי או אל.טי.,IL,קוקוס סוגת 100 גרם,גרמים,100.00,100 גרם,false,1,4.50,4.5000,true,1,218981
7290003643806,false,שעועית לבנה יבשה סוגת 500 ג',האי נאם סי או אל.טי.,IL,שעועית לבנה 500 גר,גרמים,500.00,100 גרם,false,12,11.90,2.3800,true,1,218974
7290003643813,false,שעועית אדומה יבשה סוגת 500 גר',האי נאם סי או אל.טי.,IL,שעועית אדומה 500 ג סוגת,גרמים,500.00,100 גרם,false,1,12.90,2.5800,true,1,218973
7290003643820,false,חומוס ענק יבש סוגת 500 גרם,"סוגת תעשיות בע""\מ",IL,חומוס ענק 500 גרם,גרמים,500.00,100 גרם,false,12,11.90,2.3800,true,1,220897
7290003648214,false,דג הרינג כבוש עם בצל,,,דג הרינג כבוש עם בצל במשקל,קילוגרמים,1.00,"ק""ג",true,,64.90,64.9000,true,1,233664
7290003648856,false,מעדן הרינג הולנדי בשמן,סלטי שמיר 2006 בעמ,IL,מעדן מטיאס הולנדי 550גר,גרמים,550.00,100 גרם,false,1,34.90,6.3455,true,1,234196
7290003703173,false,בונז'ור לחמנית כריך ג'בטה 150ג',בונז'ור,,כריך גבטה,גרמים,150.00,100 גרם,false,1,4.50,3.0000,true,1,222976
7290003703418,false,גביניות ללא צימוקים,בונז'ור,IL,גביניות ללא צימוקים,קילוגרמים,1.00,"ק""ג",true,,40.00,40.0000,true,1,224397
7290003706020,false,ראש סלרי ביכורי שדה ארוז,ביכורי שדה דרום 2002,IL,סלרי ראש ארוז,Unknown,0.00,Unknown,false,1,5.90,0.0000,true,1,236832
7290003706037,false,"סלרי אמריקאי ארוז ""ביכורי השדה""",ביכורי שדה דרום 2002,,סלרי עלים ארוז,Unknown,0.00,Unknown,false,1,5.90,0.0000,true,1,236806
7290003706044,false,"כוסברה ארוז ""ביכורי השדה""",ביכורי שדה דרום 2002,IL,כוסברה,Unknown,0.00,Unknown,false,1,4.00,0.0000,true,1,222367
7290003706051,false,נענע ביכורי שדה ארוז,,,נענע ארוז,Unknown,0.00,Unknown,false,1,4.00,0.0000,true,1,222368
7290003706068,false,פטרוזיליה ארוז,חקלאי,IL,פטרוזיליה ארוז,Unknown,0.00,Unknown,false,1,4.00,0.0000,true,1,222369
7290003706075,false,שמיר ארוז,חקלאי,IL,שמיר ארוז,Unknown,0.00,Unknown,false,1,4.00,0.0000,true,1,236555
7290003706181,false,דלעת חתוכה ארוזה,חקלאי,IL,דלעת חתוכה,קילוגרמים,1.00,"ק""ג",true,,11.90,11.9000,true,1,236421
7290003706396,false,מלפפון טעם של פעם יח,,,מלפפון טעם של פעם יח,Unknown,0.00,Unknown,false,1,10.00,0.0000,true,1,224086
7290003713295,false,טורטיה קפוא מתירס 12,"דוידוב סלמון בע""מ",IL,טורטיה קפוא מתירס 12סמ15יח300גר,גרמים,300.00,100 גרם,false,1,28.90,9.6333,true,1,315175
7290003713929,false,טרס פסוס סלסה פהיטה,"דוידוב סלמון בע""מ",IL,סלסה פהיטה 200 גרם,גרמים,200.00,100 גרם,false,24,16.90,8.4500,true,1,315130
7290003713936,false,"סלסה חלפניו ליים 275 מ""ל","דוידוב סלמון בע""מ",IL,סלסה חלפניו ליים 275 מל,מיליליטרים,275.00,"100 מ""ל",false,24,34.90,12.6909,true,1,315125
7290003713943,false,טרס פסוס מחית צפטולה,"דוידוב סלמון בע""מ",IL,מחית ציפוטלה 200 גרם,גרמים,200.00,100 גרם,false,24,19.90,9.9500,true,1,315121
7290003713950,false,טרס פסוס סלסה מקסיקנ,"דוידוב סלמון בע""מ",IL,סלסה מקסיקנית 200 גרם,גרמים,200.00,100 גרם,false,24,16.90,8.4500,true,1,315129
7290003719259,false,"ליבו לחם טבעי אקסקלוסיבי 1 ק""ג",מאפית י את א ברמן בע,IL,לחם אקסלוסיבי 1 קג ליבו,גרמים,1000.00,100 גרם,false,1,16.90,1.6900,true,1,224497
7290003726141,false,טופו אמיתי כפרי בריא 300 גרם,ג'נרל מילס סאן אדריא,IL,טופו משק גאיה 300 גרם,גרמים,300.00,100 גרם,false,1,14.90,4.9667,true,1,220230
7290003726592,false,טופו מתובל בפסטו במרקם קלאסי,"משק ויילר בע""\מ",IL,טופו ויילר בטעם פסטו 300גר,גרמים,300.00,100 גרם,false,5,13.90,4.6333,true,1,317940
7290003726615,false,"טופו ויילר 300 גרם ""שטראוס""",הדקלאים אגודת שיתופי,IL,טופו ויילר במרקם קשה 300גר,גרמים,300.00,100 גרם,false,10,13.90,4.6333,true,1,317939
7290003726684,false,טופו חומוס בטעם טבעי 300 ג' משק ויילר,הנסיך- מפעל לייצור ט,IL,טופו חומוס בטעם טבעי 300גר משק ויילר,גרמים,300.00,100 גרם,false,5,12.90,4.3000,true,1,321457
7290003726691,false,טופו חומוס בטעם מעושן300,"משק ויילר בע""\מ",IL,טופו חומוס בטעם מעושן 300גר משק ויילר,גרמים,300.00,100 גרם,false,5,12.90,4.3000,true,1,321458
7290003726745,false,קציצות טופו עם סלק משק ויילר 400 גר,משק ויילר,IL,קציצות טופו עם סלק 400גר משק ויילר,גרמים,400.00,100 גרם,false,1,25.90,6.4750,true,1,337304
7290003726752,false,קציצות טופו עם ברוקולי קישוא ואפונת גינה 400 גרם - משק ויילר,משק ויילר,IL,קציצות טופו ברוקולי קישוא אפונה 400גר,גרמים,400.00,100 גרם,false,1,25.90,6.4750,true,1,337303
7290003726769,false,קציצות טופו בטטה וגזר משק ווילר 400 גר,משק ויילר,IL,קציצות טופו בטטה גזר 400גר ויילר,גרמים,400.00,100 גרם,false,1,25.90,6.4750,true,1,337302
7290003726776,false,שניצל טופו טעם עוף 420 גר,"פרה מזון בע""\מ",IL,שניצל טופו בטעם עוף 420גר משק ויילר,גרמים,420.00,100 גרם,false,1,27.90,6.6429,true,1,337305
7290003726783,false,שניצל טופו עם תירס 420 גר,"פרה מזון בע""\מ",IL,שניצל טופו עם תירס 420גר משק ויילר,גרמים,420.00,100 גרם,false,1,27.90,6.6429,true,1,337308
7290003726790,false,שניצל טופו טעם פיקנטי 420 גר,"פרה מזון בע""\מ",IL,שניצל טופו טעם פיקנטי 420גר משק ויילר,גרמים,420.00,100 גרם,false,1,27.90,6.6429,true,1,337306
7290003726806,false,שניצל טופו עם ברוקולי 420 גר,משק ויילר,IL,שניצל טופו וברוקולי 420גר משק ויילר,גרמים,420.00,100 גרם,false,1,27.90,6.6429,true,1,337307
7290003726868,false,טופו חומוס בתוספת עגבניות מיובשות 300 ג' משק ויילר,"משק ויילר בע""\מ",IL,טופו חומוס עם עגבניות מיובשות300גר ויילר,גרמים,300.00,100 גרם,false,5,14.90,4.9667,true,1,334120
7290003726875,false,טופו חומוס בתוספת פסטו 300 ג' משק ויילר,"משק ויילר בע""\מ",IL,טופו חומוס עם פסטו 300גר משק ויילר,גרמים,300.00,100 גרם,false,5,14.90,4.9667,true,1,334121
7290003744831,false,אובלטים עם בצל 300 גר',,,אובלטים בצל 300 גר,גרמים,300.00,100 גרם,false,1,10.90,3.6333,true,1,225234
7290003781065,false,מלפפונים בחומץ קטנים מאוד וילי פוד 370 גרם,וילי פוד,VN,מלפפונים בסגנון צרפתי 680 גרם,גרמים,680.00,100 גרם,false,1,10.90,1.6029,true,1,217573
7290003781652,false,צלפים במי מלח וילי פוד 230 גרם,קריות זול,TR,צלפים במלח 350 גרם,גרמים,350.00,100 גרם,false,1,9.90,2.8286,true,1,316670
7290003804252,false,תיבולית קנור בנוסח הודי 72 גרם,יוניליוור ישראל מזון בע\,IL,תיבולית הודי בדצ 12x12x72 גרם קנור,Unknown,0.00,Unknown,false,144,10.90,0.0000,true,1,218343
7290003804320,false,תיבולית שום ופטרוזיליה קנור 72 גרם,יוניליוור ישראל מזון בע\,IL,תיבולית שום פטרוזליה בדצ72X12ג,Unknown,0.00,Unknown,false,144,10.90,0.0000,true,1,218346
7290003804368,false,"תיבוליות בזיליקום קנור 72 גרם בד""צ",יוניליוור ישראל מזון בע\,IL,תיבולית בזילקום 72 גרם,Unknown,0.00,Unknown,false,1,10.90,0.0000,true,1,216576
7290003804382,false,"תיבוליות פטריות קנור 72 גרם בד""צ",יוניליוור ישראל מזון בע\,IL,תיבולית פטריות 72 גרם,Unknown,0.00,Unknown,false,1,10.90,0.0000,true,1,218345
7290003805501,false,"פתית שוודי חסכוני בד""צ 300 גרם",יוניליוור ישראל מזון בע\,IL,פתית שבדי חסכוני 300 גרם,גרמים,300.00,100 גרם,false,1,16.90,5.6333,true,1,216910
7290003805587,false,"פתית חיטה מלאה בד""צ 250 גרם-קופסא",יוניליוור ישראל מזון בע\,IL,פתית חיטה מלאה 250 גר שפע בדץ,גרמים,250.00,100 גרם,false,1,16.90,6.7600,true,1,216908
7290003807178,false,"רוטב קנור סויה בסגנון סיני 300 מ""ל",יוניליוור ישראל מזון בע\,IL,רוטב קנור סויה סגנון סיני 300 מל,מיליליטרים,300.00,"100 מ""ל",false,1,12.90,4.3000,true,1,223834
7290003807482,false,קנור רוטב טריאקי מופחת נתרן 370 גרם,יוניליוור ישראל מזון בע\,IL,רוטב קנור טריאקי 300 מל,מיליליטרים,300.00,"100 מ""ל",false,1,12.90,4.3000,true,1,223835
7290003808649,false,ורד הגליל שוק.מריר60,יוניליוור ישראל מזון,IL,מארז 2 שוקולד מריר 60% ורד הגליל 100 ג,גרמים,200.00,100 גרם,false,1,13.90,6.9500,true,1,223824
7290003821754,false,סלמון נורבגי מעושן קפוא,"ויליגר, תעשיות בע""מ",IL,סלמון מעושן קפוא 100 גרם,גרמים,100.00,100 גרם,false,50,17.90,17.9000,true,1,217383
7290003864478,false,סרדינים בשמן צמחי פתח קל ויליפוד 110 גרם,גולדן פרייז קאנינג א,TH,סרדין בשמן צמחי 110 גרם,גרמים,110.00,100 גרם,false,1,5.90,5.3636,true,1,217206
7290003864485,false,סרדינים ברוטב עגבנ יות ויליפוד 110ג' פתח קל,גולדן פרייז קאנינג א,TH,סרדין ברוטב עגבניות 110 גרם,גרמים,110.00,100 גרם,false,1,5.90,5.3636,true,1,217205
7290003864492,false,סרדינים בשמן צמחי חריף פתח קל ויליפוד 110ג',גולדן פרייז קאנינג א,TH,סרדין בשמן צמחי חריף 110 גרם,גרמים,110.00,100 גרם,false,1,5.90,5.3636,true,1,217208
7290003882014,false,"פלפלים כבושים 1.45 ק""ג",יונקה גידה,,פלפלים כבושים 1.7 קג,קילוגרמים,1.70,"ק""ג",false,1,18.90,11.1176,true,1,217111
7290003882502,false,"וילי פוד שמן תירס בדץ, 1 ליטר",יונקה גידה,TR,שמן תירס 1ל (12),ליטרים,1.00,ליטר,false,12,12.90,12.9000,true,1,216827
7290003903955,false,שוקולד קרם חלב 100 גרם,STRAUSS-ISRAEL,IL,שוקולד פרה מילוי קרם חלב 100 גר,גרמים,100.00,100 גרם,false,1,5.90,5.9000,true,1,216751
7290003976003,false,אקופרינד-ניקוי אסלות 750 מל,אקופרנד,IL,נוזל אסלות אקולוגי 750מל אקופרנד,מיליליטרים,750.00,"100 מ""ל",false,1,15.90,2.1200,true,1,334268
7290003976010,false,מרכך כביסה לבנדר 4 ליטר,אקופרנד,IL,מרכך כביסה 4ליטר אקולוגי אקופרנד,ליטרים,4.00,ליטר,false,1,29.90,7.4750,true,1,334269
7290003976027,false,מרכך כביסה פריחת עמק 4 ל,אקופרנד,IL,מרכך כביסה 4ל אקולוגי פריחת העמק אקופרנד,ליטרים,4.00,ליטר,false,1,29.90,7.4750,true,1,334270
7290003976034,false,אקופרנד מרכך כביסה חבצלת 4 ל נטורפוד,אקופרנד,IL,מרכך כביסה 4ליטר אקולוגי חבצלות אקופרנד,ליטרים,4.00,ליטר,false,1,29.90,7.4750,true,1,334271
7290003976041,false,מרכך כביסה מרוכז 1לי,אקופרנד,,מרכך כביסה מרוכז 1ליטר אקולוגי פריחת עמק,ליטרים,1.00,ליטר,false,1,19.90,19.9000,true,1,334275
7290003976058,false,אקופרינד-מרכך כביסה חבצלות מרוכז,אקופרנד,IL,מרכך כביסה מרוכז 1ליטר אקולוגי חבצלות,ליטרים,1.00,ליטר,false,1,19.90,19.9000,true,1,334276
7290003976065,false,אקופרנד מרכך כביסה מרוכז קסם אביבי 1 ליט,אקופרנד,,מרכך כביסה מרוכז 1ליטר אקולוגי קסם אביבי,ליטרים,1.00,ליטר,false,1,19.90,19.9000,true,1,334277
7290003976072,false,מרכך כביסה מרוכז 1לי,אקופרנד,,מרכך כביסה מרוכז 1ליטר אקולוגי מאסק,ליטרים,1.00,ליטר,false,1,19.90,19.9000,true,1,334278
7290003976089,false,אקופרנד ג'ל כביסה 4 ליטר,סאסטרק,IL,גל כביסה אקולוגי 4 ליטר אקופרנד,ליטרים,4.00,ליטר,false,1,45.00,11.2500,true,1,320311
7290003976096,false,אקופרינד-גל כביסה מרוכז 1 ליטר,אקופרנד,IL,גל כביסה מרוכז 1ליטר אקולוגי אקופרנד,ליטרים,1.00,ליטר,false,1,22.90,22.9000,true,1,320406
7290003976119,false,אקופרנד נוזל כלים לבנדר ללא 750SLS מל,אקופרנד,IL,נוזל כלים 1ליטר לבנדר אקולוגי אקופרנד,ליטרים,1.00,ליטר,false,1,13.90,13.9000,true,1,334279
7290003976126,false,נוזל כלים לימון אלוורה ללא 750 SLS מל,אקופרנד,IL,נוזל כלים 1ליטר לימון אלוורה אקולוגי אקו,ליטרים,1.00,ליטר,false,1,13.90,13.9000,true,1,334280
7290003976300,false,אקופרנד מטלית רב פעמית אקולוגית,נטורפוד,IL,מטלית רב פעמית אקולוגי אקופרנד,יחידה,1.00,יחידה,false,1,19.90,19.9000,true,1,334282
7290003976331,false,"אקופרנד מחטא רב תכליתי 750 מ""ל",אקופרנד,IL,מחטא רב תכליתי 750מל אקולוגי אקופרנד,מיליליטרים,750.00,"100 מ""ל",false,1,14.90,1.9867,true,1,334281
7290003989539,false,לורנצו רביולי במילוי גבינה,מיוצר עי קונדיטוריית,IL,פסטה רביולי גבינה 400 גרם,גרמים,400.00,100 גרם,false,1,19.90,4.9750,true,1,216873
7290003989553,false,פסטה טורטליני גבינה ופטריות 400 גרם,מיוצר עי קונדיטוריית,IL,פסטה טורטלוני פטריות וגבינה 400 גרם,גרמים,400.00,100 גרם,false,1,19.90,4.9750,true,1,217987
7290004011260,false,"ריצ' להעשרת קפה 427 מ""ל",ריץ',US,שמנת לקפה ריץ 427 מל,מיליליטרים,427.00,"100 מ""ל",false,6,7.90,1.8501,true,1,227072
7290004011277,false,"בסיס לבישול והקרמה צמחי ריצ' 220 מ""ל","אינסטנטה בע""מ",US,שמנת לבישול והקרמה ריץ 220 מל,מיליליטרים,220.00,"100 מ""ל",false,1,8.90,4.0455,true,1,227073
7290004011284,false,ריצ בסיס להכנת קצפת 25% 212מל,ריצ' פרודקטס קורפריי,US,שמנת להקצפה ריץ 212 מל,מיליליטרים,212.00,"100 מ""ל",false,24,7.90,3.7264,true,1,227070
7290004011338,false,"ספריי קצפת מתוקה מוכנה ריץ' 250 מ""ל",האי נאם סי או אל.טי.,IT,קצפת מוכנה ריץ 250גר,גרמים,250.00,100 גרם,false,1,11.90,4.7600,true,1,227074
7290004011345,false,"ספריי קצפת מתוקה מוכנה פרווה ריץ' 238 מ""ל",האי נאם סי או אל.טי.,IT,קצפת מוכנה ריץ פרווה במיכל 250גר,גרמים,250.00,100 גרם,false,1,11.90,4.7600,true,1,230648
7290004011796,false,קבבונים בקר קפוא אל גאוצ''ו 400ג',"טיבון ויל אחזקות בע""",IL,קבבונים אל גאוצו 400 גר,גרמים,400.00,100 גרם,false,1,22.90,5.7250,true,1,228048
7290004011802,false,נקניקיות צ'וריסוס אל גאוצ'ו 400 גר',טיבון ויל אחזקות בעמ,IL,נקניקיות צוריסוס אל גאוצו 400 גר,גרמים,400.00,100 גרם,false,1,22.90,5.7250,true,1,228049
7290004011819,false,המבורגר ריב אנטריקוט אל גאוצ'ו 360 גרם,האי נאם סי או אל.טי.,IL,המבורגר ריב אנטריקוט 360 גר,גרמים,360.00,100 גרם,false,1,22.90,6.3611,true,1,231501
7290004011826,false,מיני המבורגר ריב אנטריקוט,טיבון ויל אחזקות בעמ,IL,מיני המבורגר ריב אנטריקוט 320 גר,גרמים,320.00,100 גרם,false,1,22.90,7.1562,true,1,231502
7290004014407,false,עדשי מ&מ'ס חמאת בוטנים46,מרס נדרלנד,US,שוקולד חמאת בוטנים אם אנד אם 46 גר,Unknown,0.00,Unknown,false,,5.00,0.0000,true,1,323082
7290004023041,false,"לחם שיפון ללא שמרים ד""ר מרק 750 גר'",המאפה של דר מרק בריא,IL,לחם שיפון פרוס 750 גר דר מארק,גרמים,750.00,100 גרם,false,1,13.90,1.8533,true,1,321331
7290004026035,false,סוכריות פרוט ביי דה פוט פירות יער 105 גר,לואקר,,סוכריות גומי פרוט בי דה פוט 5 יח 105 גרם,גרמים,105.00,100 גרם,false,12,10.90,10.3810,true,1,334655
7290004026776,false,לחם מחמצת אגוזים וצימוקים,פילסברי,,לחם רוסטיק אגוזים וצימוקים,Unknown,0.00,Unknown,false,1,17.90,0.0000,true,1,302232
7290004030018,false,"פריניב מיץ לימון סחוט פרי לתיבול 500 מ""ל",הנסיך- מפעל לייצור ט,IL,מיץ לימון סחוט לסלטים 500מל,מיליליטרים,500.00,"100 מ""ל",false,1,9.90,1.9800,true,1,313619
7290004030100,false,מיץ תפוזים ולנסיה סחוט 1 ליטר100%,פרי ניב,IL,מיץ תפוזים ולנסיה 1ליטר פרי ניב,ליטרים,1.00,ליטר,false,1,15.50,15.5000,true,1,321709
7290004030216,false,משקה בטעם חמוציות 1 ליטר פריניב,פריניב בעמ,IL,מיץ חמוציות 1 ליטר פרי ניב,ליטרים,1.00,ליטר,false,1,15.50,15.5000,true,1,313630
7290004030223,false,מיץ תפוחים סחוט רכיבים טבעיים 100% פרי ניב 1 ליטר,פריניב בעמ,IL,מיץ תפוח סחוט 100% 1ליטר פרי ניב,ליטרים,1.00,ליטר,false,1,16.90,16.9000,true,1,313632
7290004030445,false,מיץ תפוזים סחוט רכיבים טבעיים 1 ליטר פרי ניב,פריניב בעמ,IL,מיץ תפוזים 1 ליטר פרי ניב,ליטרים,1.00,ליטר,false,1,14.90,14.9000,true,1,313628
7290004030544,false,משקה בטעם לימונדה לואיזה ולימון 1 ליטר פריניב,פריניב בעמ,IL,מיץ לימונענע 1 ליטר פרי ניב,ליטרים,1.00,ליטר,false,1,14.90,14.9000,true,1,324075
7290004030612,false,"מיץ תפוח, קיווי אגס ללא תוספת סוכר 1 ליטר פרי ניב",פריניב בעמ,IL,מיץ קיווי אגס תפוח ללא סוכר 1ל פרי ניב,ליטרים,1.00,ליטר,false,1,15.90,15.9000,true,1,313633
7290004030643,false,מיץ לימונדה לואיזה ו,פרי ניב,IL,מיץ לימונדה לואיזה ולימון גראס 2ל פרי ני,ליטרים,2.00,ליטר,false,1,18.90,9.4500,true,1,313638
7290004030810,false,שייק 100% בננה פסיפלורה תפוז מופחת סוכר1,פריניב בעמ,IL,משקה שייק בננה פסיפלורה תפוז ל.ס. 1ליטר,ליטרים,1.00,ליטר,false,1,16.90,16.9000,true,1,313647
7290004030834,false,מיץ רימונים סחוט 100% רכיבים טבעיים פרי ניב 1 ליטר,פריניב בעמ,IL,מיץ רימון סחוט 1ליטר פרי ניב,ליטרים,1.00,ליטר,false,1,21.90,21.9000,true,1,313631
7290004033705,false,הבורגריה – 6 לחמניות המבורגר בשקית,מאפית י את א ברמן בע,IL,לחמניות המבורגר ביג לוקס 6יח בשקית ברמן,יחידה,6.00,יחידה,false,1,13.90,2.3167,true,1,328604
7290004033712,false,לחם עננים מקמח מלא עם פרוסות עבות,מאפית י את א ברמן בע,IL,לחם עננים קמח מלא 750גר ברמן,גרמים,750.00,100 גרם,false,1,15.90,2.1200,true,1,328602
7290004033729,false,לחם עננים מקמח כוסמין עם פרוסות עבות,מאפית י את א ברמן בע,IL,לחם עננים קמח כוסמין 600גר ברמן,גרמים,600.00,100 גרם,false,1,15.90,2.6500,true,1,328603
7290004033736,false,"עננים לחם לבן בסגנון בריוש עם פרוסות עבות, 500 גרם",מאפית י את א ברמן בע,IL,לחם עננים בסגנון בריוש 500גר ברמן,גרמים,500.00,100 גרם,false,1,15.90,3.1800,true,1,334142
7290004033750,false,לחמניות עננים סגנון בריוש,מאפית י את א ברמן בע,IL,מארז לחמניות עננים בסגנון בריוש 360גר,גרמים,360.00,100 גרם,false,1,13.90,3.8611,true,1,337737
7290004033804,false,לחם כפרי ללא גלוטן 320 גרם,מאפית י את א ברמן בע,IL,לחם כפרי ללא גלוטן 320גר ברמן,גרמים,320.00,100 גרם,false,1,16.90,5.2812,true,1,333956
7290004048525,false,פילה אמנון דלידג 5-7,דלידג - נטו,CN,פילה דג אמנון 5-7 קפוא,קילוגרמים,1.00,"ק""ג",true,1,28.00,28.0000,true,1,224270
7290004063016,false,מלח שולחן -מוצר בפיקוח,האי נאם סי או אל.טי.,IL,מלח שולחן מעולה 1 קג***,קילוגרמים,1.00,"ק""ג",false,1,2.07,2.0700,true,1,217561
7290004063092,false,"מלח הארץ מלח מדיח 2 ק""ג","מלח הארץ אילת בע""מ",,מלח הארץ למדיח 2 קג,קילוגרמים,2.00,"ק""ג",false,1,11.90,5.9500,true,1,231217
7290004063115,false,"מלח מטבח עבה להמלחת בשר ובישול 1 ק""ג 1ק""ג",האי נאם סי או אל.טי.,IL,"מלח בישול 1 ק""ג***",קילוגרמים,1.00,"ק""ג",false,1,2.07,2.0700,true,1,217560
7290004064082,false,מטחנה מלח ים טבעי מלח הארץ 100 גרם,חברת מלח הארץ אילת ב,IL,מלח ים טבעי במטחנה 250 גרם,גרמים,250.00,100 גרם,false,1,14.90,5.9600,true,1,300082
7290004064099,false,מטחנה מלח ים מהרי ההימלאיה מלח הארץ 100 גרם,"חברת מלח הארץ אילת בע""\מ",IL,מטחנת מלח הימלאי 250 גרם,גרמים,250.00,100 גרם,false,1,15.90,6.3600,true,1,299812
7290004064105,false,מטחנה מלח עשבי תיבול מלח הארץ 100 גרם,חברת מלח הארץ אילת ב,IL,מטחנת מלח ים עשבי תיבול250 גרם,גרמים,250.00,100 גרם,false,1,15.90,6.3600,true,1,299813
7290004064174,false,"תבלין מלח ההימלאיה דק בצנצנת 1 ק""ג","חברת מלח הארץ אילת בע""\מ",PK,מלח הימלאיה דק 1 קג מלח הארץ,קילוגרמים,1.00,"ק""ג",false,1,18.90,18.9000,true,1,308299
7290004064181,false,"תבלין מלח ההימלאיה גס בצנצנת 1 ק""ג","חברת מלח הארץ אילת בע""\מ",PK,מלח הימלאיה גס 1 קג מלח הארץ,קילוגרמים,1.00,"ק""ג",false,1,18.90,18.9000,true,1,308298
7290004064198,false,מטחנת מלח ספייסי- אקסטרא תבלינים 115 ג',"מלח הארץ אילת בע""מ",IL,מטחת מלח ספייסי מלח הארץ 115 גר,גרמים,115.00,100 גרם,false,6,15.90,13.8261,true,1,314557
7290004064228,false,מלח במטחנה אקסטרא תבלינים שום ופלפל 125 גר',"חברת מלח הארץ אילת בע""\מ",IL,מטחת מלח שום ופלפל מלח הארץ 125 גר,גרמים,125.00,100 גרם,false,6,15.90,12.7200,true,1,314558
7290004064280,false,מלח מופחת נתרן בצנצנת מלח הארץ 600 גרם,חברת מלח הארץ אילת ב,IL,מלח הארץ מופחת נתרן 600 גרם,גרמים,600.00,100 גרם,false,1,16.90,2.8167,true,1,318323
7290004064297,false,"מלח מועשר ביוד בצנצנת מלח הארץ 1 ק""ג","חברת מלח הארץ אילת בע""\מ",IL,מלח ים הארץ מועשר ביוד 1 קג,קילוגרמים,1.00,"ק""ג",false,1,9.90,9.9000,true,1,318322
7290004064303,false,מלח אטלנטי בצנצנת מלח הארץ 800 גרם,"חברת מלח הארץ אילת בע""\מ",FR,מלח הארץ אטלנטי 800 גרם צנצנת,גרמים,800.00,100 גרם,false,1,16.90,2.1125,true,1,318354
7290004064358,false,"מלח דק זורם בקלות מלח הארץ קרטון 1 ק""ג","חברת מלח הארץ אילת בע""\מ",IL,מלח ים דק 1 קג בקרטון,קילוגרמים,1.00,"ק""ג",false,1,5.00,5.0000,true,1,320550
7290004064365,false,"מלח דק מועשר ביוד מלח הארץ קרטון 1 ק""ג","חברת מלח הארץ אילת בע""\מ",IL,מלח דק מועשר ביוד 1 קג בקרטון,קילוגרמים,1.00,"ק""ג",false,1,5.90,5.9000,true,1,320549
7290004064372,false,מטחנת מלח הארץ איטלקי אקסטרא תבלינים ספייסי,"חברת מלח הארץ בע""\מ",IL,מטחנת מלח אקסטרא תבלינים איטלקי 105 גרם,גרמים,250.00,100 גרם,false,1,15.90,6.3600,true,1,322611
7290004064389,false,מלח הימלאייה דק מלחייה 250 גרם,"חברת מלח הארץ אילת בע""\מ",IL,מלח הימליה דק מלחייה 250 גרם,גרמים,250.00,100 גרם,false,1,10.90,4.3600,true,1,327482
7290004068011,false,יוגורט כבשים בדלי 5% שומן 600 ג' גד,"מיוצר ע""י קוד יצרן M",IL,יוגורט כבשים 5% 600 גר,גרמים,600.00,100 גרם,false,1,18.90,3.1500,true,1,233320
7290004068172,false,יוגורט עזים בדלי 5% שומן 600 ג' גד,קוד יצרן MKN,IL,יוגורט עיזים 5% בדלי 600 גר,גרמים,600.00,100 גרם,false,1,18.90,3.1500,true,1,234740
7290004068585,false,גאודה עיזים משולשים משקל,מחלבת אמלטי הולנד,NL,גבינת גאודה עיזים במשקל גלגל,קילוגרמים,1.00,"ק""ג",true,,139.00,139.0000,true,1,297101
7290004078225,false,"שטיפת פה קולגייט פלקס מינט ירוק 500מ""ל",קולגייט- פלמוליב,PL,מי פה פלקס מנטה עדין 500 מל ירוק,מיליליטרים,500.00,"100 מ""ל",false,12,24.90,4.9800,true,1,217501
7290004078263,false,מקלות אוזניים פלסטיק 2* 200 יחידות,ספטונה,GR,בלונס צימרונים זוג 200 יח,יחידה,200.00,יחידה,false,36,11.90,0.0595,true,1,217826
7290004078270,false,נוזל לניקוי כלים בריח לימון פלמוליב 1 ליטר,יבואן ומשווק: ש. שסט,GR,נוזל כלים פלמוליב צילנדר 1 ל לימון,ליטרים,1.00,ליטר,false,15,13.50,13.5000,true,1,217105
7290004078690,false,"אגקס נוזל לניקוי אסלות מרענן 750 מ""ל",הנסיך- מפעל לייצור ט,GR,נוזל לשרותים אגקס רענן 750 מל,מיליליטרים,750.00,"100 מ""ל",false,1,11.90,1.5867,true,1,218365
7290004078942,false,ליידי ספיד סטיק - דאודורנט ג'ל לאישה 65 גרם,קולגייט-פלמוליב,US,ליידי ספיד סטיק גל מרענן,Unknown,0.00,Unknown,false,1,18.90,0.0000,true,1,217644
7290004091248,false,וזלין פטרוליום אינטנסיב קאר ג'ל 106 גר',"יוניליוור ארה""ב, ג'ו",US,קרם ווזלין טהור פטרולאום גל 106 גרם,גרמים,106.00,100 גרם,false,1,17.90,16.8868,true,1,218030
7290004119133,false,כד יוגורט תנובה 6.5% שומן 1.5 ליטר,מיוצר עי קונדיטוריית,IL,יוגורט 6.5% 1.5 ליטר,ליטרים,1.50,ליטר,false,1,18.90,12.6000,true,1,218797
7290004120108,false,יופלה דיאט יוגורט דובדבן %0 גביע 150גרם,תנובה מרכז שיתופי לש,IL,יוגורט יופלה דיאט דובדבן 150 גר,גרמים,150.00,100 גרם,false,1,5.50,3.6667,true,1,217943
7290004120566,false,פיראוס 24% גבינה בולגרית 250 גרם,תנובה חלב,IL,גבינה בולגרית פיראוס 24% 250 גרם,גרמים,250.00,100 גרם,false,1,23.90,9.5600,true,1,218148
7290004120573,false,פיראוס 16% גבינה בולגרית 250 גרם,תנובה מרכז שיתופי לש,IL,גבינה בולגרית פיראוס 16% 250 גרם,גרמים,250.00,100 גרם,false,1,23.90,9.5600,true,1,218147
7290004120634,false,גבינה פיראוס בולגרית 5% 250 גרם,תנובה מרכז שיתופי לש,IL,גבינה בולגרית פיראוס 5% 250 גרם,גרמים,250.00,100 גרם,false,1,23.90,9.5600,true,1,218149
7290004120832,false,"חלב 2 ליטר 3% כד ""תנובה""- מוצר בפיקוח",תנובה מרכז שיתופי לש,IL,חלב 3% כד 2 ליטר מהדרין***,ליטרים,2.00,ליטר,false,1,12.46,6.2300,true,1,219197
7290004121525,false,יופלה מאגדת פרי 4 תות 4 אפרסק 3% 8 יח'*150 ג',תנובה מרכז שיתופי לש,IL,מאגדת 8 יופלה 3% אפרסק ותות 1.2קג,קילוגרמים,1.20,"ק""ג",false,1,31.90,26.5833,true,1,222220
7290004121853,false,גבינה בולגרית פיראוס 5% קוביות 200 גרם,תנובה מרכז שיתופי לש,IL,פיראוס קוביות בולגרית 5%,גרמים,200.00,100 גרם,false,1,21.90,10.9500,true,1,219803
7290004122607,false,גבינת עמק לייט 9% במשקל,תנובה מרכז שיתופי לש,IL,גבינה עמק לייט 9% במשקל,קילוגרמים,1.00,"ק""ג",true,,82.00,82.0000,true,1,217261
7290004122683,false,עמק חטיף אצבעות גבינה חצי קשה 28% שומן,תנובה מרכז שיתופי לש,IL,אצבעות גבינת עמק 172גר,גרמים,172.00,100 גרם,false,1,17.50,10.1744,true,1,223951
7290004124205,false,יופלה דיאט יוגורט תות %0 גביע 150 גרם,תנובה מרכז שיתופי לש,IL,מעדן יופלה דיאט תות 150 גר,גרמים,150.00,100 גרם,false,1,5.50,3.6667,true,1,217945
7290004125509,false,"שמנת חמוצה 15% מועשרת תנובה 100 מ""ל",תנובה מרכז שיתופי לש,IL,שמנת אוריגינל 15% שומן 100מל,מיליליטרים,100.00,"100 מ""ל",false,1,2.00,2.0000,true,1,216828
7290004125578,false,משקה סויה מעושר בסידן תנובה 1ל',תנובה מרכז שיתופי לש,IL,משקה סויה 1 ליטר מועשר,ליטרים,1.00,ליטר,false,1,12.50,12.5000,true,1,220085
7290004125585,false,משקה סויה בטעם וניל תנובה 1 ליטר,תנובה מרכז שיתופי לש,IL,משקה סויה 1 ליטר על הבוקר,ליטרים,1.00,ליטר,false,1,12.50,12.5000,true,1,220086
7290004125738,false,שמנת מתוקה להקצפה32% 250מל עמיד השף הלבן,תנובה מרכז שיתופי לש,IL,שמנת להקצפה 32% 250 מל,מיליליטרים,250.00,"100 מ""ל",false,1,7.90,3.1600,true,1,216832
7290004127916,false,גבינה לבנה 0.5% שומן 500 ג' תנובה,תנובה מרכז שיתופי לש,IL,גבינה לבנה 1/2% למריחה 500 גרם,גרמים,500.00,100 גרם,false,1,10.90,2.1800,true,1,218179
7290004129118,false,גבינת שמנת 24% עם זיתים ירוקים 225 ג' נפוליאון,תנובה מרכז שיתופי לש,IL,גב.שמנת נפוליאון זיתים 225 גרם,גרמים,225.00,100 גרם,false,1,14.50,6.4444,true,1,217488
7290004130794,false,משקה סויה במתיקות מופחתת תנובה 1 ליטר,תנובה מרכז שיתופי לש,IL,משקה סויה 1 ליטר מועשר מופחת,ליטרים,1.00,ליטר,false,1,12.50,12.5000,true,1,220571
7290004131074,false,"חלב 1 ליטר 3% קרטון ""תנובה""- מוצר בפיקוח",תנובה מרכז שיתופי לש,IL,חלב 3% קרטון 1 ליטר***,ליטרים,1.00,ליטר,false,1,6.23,6.2300,true,1,217872
7290004131814,false,גבינה צפתית 5% מעודנת 200 ג' פיראוס,פארייפאבה אגרואינדוס,IL,גבינת פיראוס צפתית מעודנת 5% 200 ג,גרמים,200.00,100 גרם,false,1,15.90,7.9500,true,1,221704
7290004132552,false,משקה סויה בטעם טבעי לייט תנובה 1 ליטר,תנובה מרכז שיתופי לש,IL,משקה דיאט סויה טבעי 1 ל,ליטרים,1.00,ליטר,false,1,12.50,12.5000,true,1,221879
7290004132712,false,חטיף אצבעות גבינת מוצרלה 20% 172 ג' עמק,תנובה מרכז שיתופי לש,IL,אצבעות גבינה מוצרלה 172 גרם,גרמים,172.00,100 גרם,false,1,17.90,10.4070,true,1,221605
7290004133917,false,מאגדת 3 קצפת צמחית 2,סוי מג'יק,IL,מאגדת 3 קצפת צמחית 250 מל השף הלבן,מיליליטרים,750.00,"100 מ""ל",false,1,19.90,2.6533,true,1,222746
7290004134198,false,"משקה בננה בקבוק 250 מ""ל",תנובה,IL,משקה חלב בטעם בננה 250מל,מיליליטרים,250.00,"100 מ""ל",false,1,6.50,2.6000,true,1,222446
7290004135058,false,שמיניית קרלו מיני שוקולד 100 גרם מהדרין,תנובה מרכז שיתופי לש,IL,מאגדת קרלו מיני 8 יח שוקולד 100 גר,גרמים,800.00,100 גרם,false,1,14.90,1.8625,true,1,224336
7290004135324,false,פיראוס בולגרית מע5%משקל,תנובה מרכז שיתופי לש,IL,גב.בולגרית פיראוס מעודנת 5% במשקל,קילוגרמים,1.00,"ק""ג",true,,65.00,65.0000,true,1,223006
7290004135614,false,גבינה בולגרית מעודנת 5% פיראוס 250 גרם,תנובה חלב,IL,גב.בולגרית מעודנת 5% פיראוס 250 גר,גרמים,250.00,100 גרם,false,1,18.90,7.5600,true,1,224367
7290004136598,false,מארז הפסקת אוכל עם קורנפלקס ומשקה חלב עמיד בטעם וניל,פארייפאבה אגרואינדוס,IL,"מארז הפסקת אוכל חלב+קורנפלקס 150 מ""ל",מיליליטרים,150.00,"100 מ""ל",false,1,9.50,6.3333,true,1,224078
7290004137809,false,פיראוס לאבנה 5% גביע 250 גרם,"תנובה, מחלבת אלון תב",IL,לאבנה 5% 250 גרם,גרמים,250.00,100 גרם,false,1,13.90,5.5600,true,1,224728
7290004146986,false,נקה 7 שמפו לשיער צבוע ומובהר 750 מל,אמיליה קוסמטיקס,IL,נקה 7 שמפו 750 מל צבוע,מיליליטרים,750.00,"100 מ""ל",false,1,12.90,1.7200,true,1,220013
7290004150112,false,חומוס מזרחי פיקנטי פרימיום 300 גרם שמיר,"סלטי שמיר 2006 בע""\מ",IL,חומוס מזרחי פיקנטי 300גר פרימיום,גרמים,300.00,100 גרם,false,16,14.90,4.9667,true,1,336882
7290004150129,false,טחינה פיקנטי פרימיום 300 גרם שמיר,"סלטי שמיר 2006 בע""\מ",IL,טחינה 300 גרם פיקנטי פרימיום,גרמים,300.00,100 גרם,false,16,14.90,4.9667,true,1,336893
7290004150136,false,חציל על האש פיקנטי פרימיום 300 גרם,"סלטי שמיר 2006 בע""\מ",IL,סלט חציל על האש 300גרם פיקנטי פרימיום,גרמים,300.00,100 גרם,false,16,14.90,4.9667,true,1,336894
7290004150143,false,חציל במיונז פיקנטי פרימיום 300 גרם שמיר,"סלטי שמיר 2006 בע""\מ",IL,סלט חציל במיונז 300גרם פיקנטי פרימיום,גרמים,300.00,100 גרם,false,16,14.90,4.9667,true,1,336895
7290004150150,false,חציל בטחינה פיקנטי פרימיום 300 גרם שמיר,"סלטי שמיר 2006 בע""\מ",IL,סלט חציל בטחינה 300גרם פיקנטי פרימיום,גרמים,300.00,100 גרם,false,16,14.90,4.9667,true,1,336896
7290004150167,false,תפואדמה במיונז פיקנטי פרימיום 300 גרם,"סלטי שמיר 2006 בע""\מ",IL,סלט תפוא במיונז 300גרם פיקנטי פרימיום,גרמים,300.00,100 גרם,false,16,14.90,4.9667,true,1,336897
7290004150174,false,קולוסלאו פיקנטי פרימיום 300 גרם,"סלטי שמיר 2006 בע""\מ",IL,סלט קולסלאו 300 גרם פיקנטי פרימיום,גרמים,300.00,100 גרם,false,16,14.90,4.9667,true,1,336898
7290004150181,false,חמוצים סיני פיקנטי פרימיום 300 גרם שמיר,"סלטי שמיר 2006 בע""\מ",IL,חמוצים סיני 300 גרם פיקנטי פרימיום,גרמים,300.00,100 גרם,false,16,14.90,4.9667,true,1,336899
7290004150198,false,סלק מגורד פיקנטי פרימיום 300 גרם,"סלטי שמיר 2006 בע""\מ",IL,סלט סלק מגורד 300גרם פיקנטי פרימיום,גרמים,300.00,100 גרם,false,16,14.90,4.9667,true,1,336900
7290004150204,false,מטבוחה 300 גרם פיקנטי פרימיום,"סלטי שמיר 2006 בע""\מ",IL,סלט מטבוחה 300 גרם פיקנטי פרימיום,גרמים,300.00,100 גרם,false,16,14.90,4.9667,true,1,336901
7290004150211,false,תורכי איסטנבול 300 גרם פיקנטי פרימיום,"סלטי שמיר 2006 בע""\מ",IL,סלט תורכי איסטנבול 300גרם פיקנטי פרימיום,גרמים,300.00,100 גרם,false,16,14.90,4.9667,true,1,336902
7290004150228,false,כרוב אדום פיקנטי פרימיום 300 גרם שמיר,"סלטי שמיר 2006 בע""\מ",IL,סלט כרוב אדום 300גרם פיקנטי פרימיום,גרמים,300.00,100 גרם,false,16,14.90,4.9667,true,1,336903
7290004150235,false,חומוס עם חריף פיקנטי פרימיום 300 גרם שמיר,"סלטי שמיר 2006 בע""\מ",IL,חומוס עם חריף 300גרם פיקנטי פרימיום,גרמים,300.00,100 גרם,false,16,14.90,4.9667,true,1,336904
7290004165000,false,רסק תפוחי עץ בתוספת סוכר יכין 560גר,זנלכל,IL,רסק תפוחי עץ רגיל 560 גר א/2 יכין,גרמים,560.00,100 גרם,false,1,8.90,1.5893,true,1,236859
7290004165017,false,"רסק תפו""ע 600 גרם טבעי ללא סוכר יכין","זנלכל בע""\מ",IL,רסק תפוח ללא סוכר 560 גר א/2 יכין,גרמים,560.00,100 גרם,false,12,8.90,1.5893,true,1,238125
7290004193010,false,רבע טלה טרי ספרד שופרסל,סניידרס,IL,רבע טלה טרי קורדו,קילוגרמים,1.00,"ק""ג",true,,120.00,120.0000,true,1,297621
7290004199074,false,סאני פלסטר אינטרסן 5,סאני פלסטר,CN,אגד מדבק 50יח סאני פלסטר,יחידה,50.00,יחידה,false,36,6.50,0.1300,true,1,315147
7290004199166,false,כפפות לאטקס 100 יח' EASY TOUCH- S,הדקלאים אגודת שיתופי,TH,כפפות לאטקס איזי טאצ סמול 100יח,יחידה,100.00,יחידה,false,10,24.90,0.2490,true,1,303805
7290004199173,false,כפפות לטקס איזי טאצ 100 יח מדיום,הדקלאים אגודת שיתופי,TH,כפפות לאטקס איזי טאצ מדיום 100יח,יחידה,100.00,יחידה,false,10,24.90,0.2490,true,1,303803
7290004199579,false,פלסטר מעורב 100 יח' - SUNNY PLASTER,הדקלאים אגודת שיתופי,CN,אגד מדבק מעורב 100יח סאני פלסטר,יחידה,100.00,יחידה,false,36,10.90,0.1090,true,1,315149
7290004199777,false,צימרוני אוזניים פלסטיק בכוס 300 יחידות אינטרסאן,כוטון סופט,,צימרוני אוזניים כוס/קופסא 300 יח,Unknown,0.00,Unknown,false,1,7.90,0.0000,true,1,308011
7290004199784,false,כפפות S לטקס עם איבוק עדין 100 יח- SAFE TOUCH,סייף טאצ,TH,כפפות לאטקס 100יח איזי טאצ מידה סמול,יחידה,100.00,יחידה,false,10,17.90,0.1790,true,1,322521
7290004199791,false,כפפות M לטקס עם איבוק עדין 100 יח- SAFE TOUCH,סייף טאצ,TH,כפפות לאטקס 100יח איזי טאצ מידה מדיום,יחידה,100.00,יחידה,false,10,17.90,0.1790,true,1,322520
7290004199807,false,כפפות L לטקס עם איבוק עדין 100 יח- SAFE TOUCH,סייף טאצ,TH,כפפות לאטקס 100יח איזי טאצ מידה לארג,יחידה,100.00,יחידה,false,10,17.90,0.1790,true,1,322519
7290004199821,false,אטבי כביסה סופר 24 יח',הוסטס,CN,אטבי כביסה סופר 24 יח,יחידה,24.00,יחידה,false,24,7.90,0.3292,true,1,307997
7290004200930,false,זיקוק זוג 15 סמ בשקית,שמחה זה אנחנו,CN,זיקוק עבה 2 בשקית,Unknown,0.00,Unknown,false,1,8.90,0.0000,true,1,217828
7290004219277,false,אנשובי ארוך בצנצנת ויליפוד 80 גרם,קונסרבאס פרדו,ES,אנשובי ארוך בצנצנת 60 ג,גרמים,60.00,100 גרם,false,1,10.90,18.1667,true,1,295636
7290004219284,false,אנשובי עגול בצנצנת ויליפוד 80 גרם,קונסרבאס פרדו,IT,אנשובי עגול בצנצנת 80 גרם,Unknown,0.00,Unknown,false,1,10.90,0.0000,true,1,218257
7290004219819,false,קומפלטה מלבין קפה הולנדי 200ג,פריזלנד פודס קיוויט,NL,מלבין קפה הולנדי 200גרם,גרמים,200.00,100 גרם,false,1,11.90,5.9500,true,1,216593
7290004221409,false,וובר רוטב חזרת 453 גרם בקבוק לחיץ,וובר ספרינגפילד,,רוטב חזרת בק לחיץ 453 מל,גרמים,453.00,100 גרם,false,1,24.50,5.4084,true,1,218935
7290004225025,false,בסגנון פטה במשקל,מאמן,IL,בסגנון פטה במשקל,קילוגרמים,1.00,"ק""ג",true,,35.00,35.0000,true,1,232344
7290004225100,false,דג ברמונדי גמבו טרי,,,דג ברמונדי גמבו טרי,קילוגרמים,1.00,"ק""ג",true,,65.00,65.0000,true,1,298524
7290004225285,false,גבינה בסגנון דנאבלו 100 ג',האי נאם סי או אל.טי.,DK,סגנון דנאבלו 100 גרם,גרמים,100.00,100 גרם,false,1,10.00,10.0000,true,1,233525
7290004225858,false,סרדין ים טרי,,,סרדין ים טרי,קילוגרמים,1.00,"ק""ג",true,,65.00,65.0000,true,1,237213
7290004225872,false,קרם קוקוס ויליגר 400 גרם,טקרנג פינאפלה אינדוס,TH,קרם קוקוס 21% ויליגר 400 מל,מיליליטרים,400.00,"100 מ""ל",false,1,7.50,1.8750,true,1,236058
7290004225940,false,פילה סלמון וי קפוא,דלידג,,פילה סלמון וי קפוא,קילוגרמים,1.00,"ק""ג",true,,79.00,79.0000,true,1,320754
7290004225957,false,פילה סלמון וי קפוא,דלידג,,פילה סלמון וי קפוא,קילוגרמים,1.00,"ק""ג",true,,79.00,79.0000,true,1,322421
7290004228415,false,פיצה משפחתית עבה סיציליאנית שגב 425 גרם,האי נאם סי או אל.טי.,IT,פיצה סיציליאנית עבה 425גר שף שגב,גרמים,425.00,100 גרם,false,13,19.90,4.6824,true,1,318052
7290004228651,false,קציצות דג לבישול 600,,IL,קציצות דג לבישול 600גר שף שגב,גרמים,600.00,100 גרם,false,1,31.90,5.3167,true,1,321261
7290004228682,false,פילה אמנון ללא עור בציפוי צ'יפס שגב 350 גרם,,,פילה אמנון בציפוי ציפס 350גר שף שגב,גרמים,350.00,100 גרם,false,10,24.90,7.1143,true,1,322912
7290004228767,false,נתחי פילה אמנון ללא עור בציפוי צ'יפס שגב 350 גרם,דלידג בעמ,IL,נתחי פילה אמנון בציפוי ציפס 350גר שף שגב,גרמים,350.00,100 גרם,false,10,24.90,7.1143,true,1,322913
7290004228804,false,עלי בצק לסיגרים שלושת האופים 450 גרם.,"שלושת האופים בע""\מ",IL,עלי בצק למילוי סיגרים 450 גרם,גרמים,450.00,100 גרם,false,1,12.90,2.8667,true,1,320916
7290004229528,false,פילה דג לשנון הליבוט,דלידג,,פילה דג לשנון הליבוט במשקל,קילוגרמים,1.00,"ק""ג",true,,59.00,59.0000,true,1,324268
7290004229740,false,גבינה בסגנון פטה 8 ק,ממן מגירי,DK,בסגנון פטה במשקל,קילוגרמים,1.00,"ק""ג",true,,35.00,35.0000,true,1,314816
7290004229870,false,שלושת האופים בורקס פטריות 800 גרם,אופרה,,בורקס פטריות 800 גרם אופרה,גרמים,600.00,100 גרם,false,1,18.90,3.1500,true,1,314847
7290004229931,false,אורז בסמטי מובחר הימ,ניו בהארט רייס,,אורז בסמטי מובחר הימליאה 1 קג,קילוגרמים,1.00,"ק""ג",false,1,10.90,10.9000,true,1,316414
7290004230081,false,קציצות עוף ברוטב עגבניות שגב 800 גרם,"טיבון ויל אחזקות בע""\מ",IL,קציצות עוף ברוטב עגבניות שגב 800 גר,גרמים,800.00,100 גרם,false,8,24.90,3.1125,true,1,233977
7290004230104,false,קציצות בקר ברוטב עגבניות שגב,טיבון ויל אחזקות בעמ,IL,קציצות בקר שגב ברוטב עגבניות 800 גרם,גרמים,800.00,100 גרם,false,8,24.90,3.1125,true,1,245177
7290004230326,false,שגב מקלות פילו תפוחי עץ 600 גר',שלושת האופים שגמור,IL,בורקס מקלות פילו תפוח עץ וקינמ 600גר שגב,גרמים,600.00,100 גרם,false,1,16.90,2.8167,true,1,242253
7290004230333,false,"מקלות בורקס פילו תפו""א שגב 600 גר",שלושת האופים שגמור,IL,בורקס מקלות פילו תפוא 600גר שגב,גרמים,600.00,100 גרם,false,1,16.90,2.8167,true,1,234752
7290004230340,false,מקלות בורקס פילו תרד ובצל שגב 600 ג,שלושת האופים שגמור,IL,בורקס מקלות פילו תרד ובצל 600גר שגב,גרמים,600.00,100 גרם,false,1,16.90,2.8167,true,1,234753
7290004230357,false,שגב מקלות בורקס פילו גבינה ובטטה 600 גר,שלושת האופים שגמור,IL,בורקס מקלות פילו גבינה ובטטה 600גר שגב,גרמים,600.00,100 גרם,false,1,16.90,2.8167,true,1,234751
7290004230364,false,שגב מקלות בורקס פילו גבינה צרפתי 600 גר,שלושת האופים שגמור,IL,בורקס מקלות פילו גבינה צרפתי 600גר שגב,גרמים,600.00,100 גרם,false,1,16.90,2.8167,true,1,234754
7290004230371,false,מקלות בורקס פילו פיצה 600 גרם לנדא,שלושת האופים שגמור,IL,מקלות בורקס פילו פיצה 600 גר,גרמים,600.00,100 גרם,false,1,16.90,2.8167,true,1,236070
7290004230388,false,גבינת קפלוטרי במשקל,,,גבינת קפלוטרי במשקל,קילוגרמים,1.00,"ק""ג",true,,159.00,159.0000,true,1,243033
7290004230944,false,מקלות פילו גבינה 600 גר' שלושת האופים לנדא,שלושת האופים שגמור,IL,מקלות בורקס פילו גבינה 600 גר,גרמים,600.00,100 גרם,false,1,20.90,3.4833,true,1,235638
7290004255428,false,נר נשמה 24 שעות - מנורה,"מנורה שי נר בע""מ",IL,נר נשמה 24שעות מנורה,יחידה,1.00,יחידה,false,48,2.20,2.2000,true,1,337214
7290004256357,false,עצמות מח פרוסות קפוא,טיבון ויל,IL,עצמות מח פרוס קפוא במשקל,קילוגרמים,1.00,"ק""ג",true,,35.00,35.0000,true,1,315773
7290004256371,false,ריץ פרוס 400 ג' -צהובה פרוסה,מלקפול אלוורטוסקה,PL,צהובה פרוסה ריץ 400גר על בסיס חלב,גרמים,400.00,100 גרם,false,1,17.90,4.4750,true,1,318885
7290004256579,false,דג אנטיאס אמאצי טרי,,,דג אנטיאס נקי טרי,קילוגרמים,1.00,"ק""ג",true,,159.00,159.0000,true,1,316756
7290004256753,false,עלי לסיגר מרוקאי לפסטיליה 450 גרם,סטאר סנקס,IL,עלי סיגר מרוקאי 450גר לפסטיליה,גרמים,450.00,100 גרם,false,20,13.90,3.0889,true,1,317711
7290004256920,false,טחון מן הצומח שגב 400גר,טיבון ויל,IL,טחון מן הצומח 400גרם שף שגב,גרמים,400.00,100 גרם,false,6,29.90,7.4750,true,1,318254
7290004321000,false,עצמות עגל תפזורת מוכ,,,עצמות עגל תפזורת מוכשר,קילוגרמים,1.00,"ק""ג",true,,40.00,40.0000,true,1,217270
7290004323882,false,טחון הודו אדום מתובל,"טיבון ויל אחזקות בע""\מ",IL,בשר הודו אדום טחון 500 גר טיוונויל,גרמים,500.00,100 גרם,false,12,12.90,2.5800,true,1,224923
7290004323967,false,טיבון ויל שניצל אמרי,טיבון ויל,,שניצל אמריקאי 700 ג,גרמים,700.00,100 גרם,false,1,14.90,2.1286,true,1,216627
7290004323998,false,שניצלוני עוף 700 ג' טיבון ויל,טיבון ויל,IL,שניצלוני עוף 800 גרם,גרמים,800.00,100 גרם,false,12,17.90,2.2375,true,1,216637
7290004324605,false,גבינה מותכת למריחה בטעם רוקפור 7% מון בלאן 120 ג',האי נאם סי או אל.טי.,IL,גבינה מון בלאן רוקפור 120 גרם,גרמים,120.00,100 גרם,false,12,10.00,8.3333,true,1,222879
7290004324858,false,קבב כבש טיבון ויל 500 גרם,"טיבון ויל אחזקות בע""",IL,קבב כבש 500 גרם,גרמים,500.00,100 גרם,false,12,15.90,3.1800,true,1,216960
7290004339401,false,המבורגר אורז עדשים 400גרם טבע דלי,טבע דלי,IL,המבורגר אורז עדשים 400 גר טבע דלי,גרמים,400.00,100 גרם,false,6,25.90,6.4750,true,1,239152
7290004339425,false,שווארמה מהצומח 350 גרם טבע דלי,טבע דלי בעמ,IL,סייטן שוארמה 350 גר טבע דלי,גרמים,350.00,100 גרם,false,1,25.90,7.4000,true,1,224969
7290004339432,false,סייטן קפוא טבעי 500 גרם טבע דלי,טבע דלי בעמ,IL,סייטן קפוא טבעי 500 גר טבע דלי,גרמים,500.00,100 גרם,false,1,17.90,3.5800,true,1,239154
7290004339777,false,סייטן טחון בולונז 350 גרם טבע דלי,טבע דלי,IL,סייטן טחון בולונז 350 גר טבע דלי,גרמים,350.00,100 גרם,false,1,25.90,7.4000,true,1,239165
7290004339784,false,המבורגר ניו יורק על האש 400 גרם טבע דלי,טבע דלי,IL,המבורגר מיני על הגריל 400 גרם ליב,גרמים,400.00,100 גרם,false,6,25.90,6.4750,true,1,294674
7290004339944,false,סיגרים בימלוי סייטןאמרנט 400 גר,,IL,סיגרים במילוי סייטן אמרנט 400גר טבע דלי,גרמים,400.00,100 גרם,false,1,28.90,7.2250,true,1,314353
7290004367220,false,עוגת פס בטעמים,,,עוגת פס בטעמים,Unknown,0.00,Unknown,false,1,46.90,0.0000,true,1,298207
7290004367275,false,עוגת גבינה אפויה,,,עוגת גבינה 500 גר,גרמים,50000.00,100 גרם,false,1,42.90,0.0858,true,1,240933
7290004390396,false,שיכר דובדבנים שרי וו,siebrand,,שיכר דובדבנים שרי ווין 750 מל פקדון,מיליליטרים,750.00,"100 מ""ל",false,1,30.00,4.0000,true,1,223413
7290004480301,false,גבינת שמנת כמהין מעד,,,גבינת שמנת כמהין במשקל 30% שומן,קילוגרמים,1.00,"ק""ג",true,,70.00,70.0000,true,1,335577
7290004480349,false,"משולש גבינת גאודה עיזים ""גד""",מחלבת אמלטי הולנד,IL,גבינת גאודה עיזים במשקל משולשים,קילוגרמים,1.00,"ק""ג",true,,139.00,139.0000,true,1,335643
7290004480363,false,גבינת קשקבל קשה במשק,מחלבות גד,IL,גבינת קשקבל קשה במשקל גלגל,קילוגרמים,1.00,"ק""ג",true,,155.00,155.0000,true,1,334754
7290004485191,false,"עוף טבעי שלם ארוז ק""ג",שונות,IL,עוף טבעי שלם טרי במגש,קילוגרמים,1.00,"ק""ג",true,,25.90,25.9000,true,1,235006
7290004485207,false,"חזה עוף טבעי ארוז ק""ג",שונות,IL,חזה עוף טבעי טרי במגש,קילוגרמים,1.00,"ק""ג",true,,39.90,39.9000,true,1,235007
7290004485214,false,"פילה עוף טבעי ארוז ק""ג",שונות,IL,פילה עוף טבעי טרי במגש,קילוגרמים,1.00,"ק""ג",true,,44.90,44.9000,true,1,235008
7290004485221,false,"שניצל עוף טבעי ארוז ק""ג",שונות,IL,שניצל עוף טבעי טרי במגש,קילוגרמים,1.00,"ק""ג",true,,46.90,46.9000,true,1,235009
7290004485238,false,סטייק פרגית ע.ארוז קג,שונות,IL,סטייק פרגית עוף טבעי טרי במגש,קילוגרמים,1.00,"ק""ג",true,,69.90,69.9000,true,1,235010
7290004485245,false,"כרעיים עוף טבעי ארוז ק""ג",שי שירן,IL,כרעיים עוף טבעי טרי במגש,קילוגרמים,1.00,"ק""ג",true,,36.90,36.9000,true,1,235011
7290004485252,false,"שוקיים ע.טבעי ארוז ק""ג",שונות,IL,שוקיים עוף טבעי טרי במגש,קילוגרמים,1.00,"ק""ג",true,,41.90,41.9000,true,1,235083
7290004485276,false,"כנפיים עוףטבעי ארוז ק""ג",שי שירן,IL,כנפיים עוף טבעי טרי במגש,קילוגרמים,1.00,"ק""ג",true,,14.90,14.9000,true,1,235084
7290004485290,false,"כבד עוף טבעי ארוז ק""ג",שונות,IL,כבד עוף טבעי טרי במגש,קילוגרמים,1.00,"ק""ג",true,,34.90,34.9000,true,1,235012
7290004492274,false,בייגלה טבעות מלוחות בייגל בייגל 400 גרם,יוניליוור מזון,IL,גל-גל 400גר 12x,גרמים,400.00,100 גרם,false,12,10.90,2.7250,true,1,218328
7290004492762,false,"נשנושים תירס אפוי טעם טבעי בייגל בייגל 325 גרם בד""צ",בייגל את בייגל מזון 198),IL,נשנושים תירס 325גר 12x,גרמים,325.00,100 גרם,false,12,12.90,3.9692,true,1,217289
7290004494049,false,פומה סוביניון בלאן-דלתון 750 מל,"יקב דלתון בע""\מ",IL,יין דלתון ס.בלאן פומה 750 מל פקדון,מיליליטרים,750.00,"100 מ""ל",false,1,60.00,8.0000,true,1,219988
7290004494063,false,יין דלתון פטיט סירה 750 מל,"יקב דלתון בע""מ",IL,יין דלתון פטיט סירה 750 מל פקדון,מיליליטרים,750.00,"100 מ""ל",false,1,60.00,8.0000,true,1,230094
7290004494117,false,כנען לבן מבושל (דלתו,"יקב דלתון בע""מ",IL,יין כנען לבן דלתון 750 מל פקדון,מיליליטרים,750.00,"100 מ""ל",false,1,45.00,6.0000,true,1,296016
7290004494131,false,יין דלתון קברנה סוביניון גליל,"יקב דלתון בע""\מ",IL,יין דלתון קברנה סוביניון 750 מל פקדון,מיליליטרים,750.00,"100 מ""ל",false,1,60.00,8.0000,true,1,220025
7290004494179,false,יין דלתון שרדונה 750 מל,"איי, בי, אינבוו",IL,יין דלתון שרדונה 750 מל פקדון,מיליליטרים,750.00,"100 מ""ל",false,1,60.00,8.0000,true,1,236043
7290004494353,false,"יין עלמה אייבורי 750 מ""ל דלתון","יקב דלתון בע""מ",IL,יין עלמה אייבורי דלתון 750מל פקדון,מיליליטרים,750.00,"100 מ""ל",false,1,80.00,10.6667,true,1,230096
7290004494551,false,יין דלתון רזרב ויוני,"יקב דלתון בע""מ",,יין דלתון רזרב ויונייה 750 מל פקדון,מיליליטרים,750.00,"100 מ""ל",false,1,90.00,12.0000,true,1,223469
7290004494599,false,"יין עלמה קרימזון 750 מ""ל דלתון","יקב דלתון בע""מ",IL,יין דלתון עלמה קרימזון 750מל פקדון,מיליליטרים,750.00,"100 מ""ל",false,1,80.00,10.6667,true,1,224205
7290004494919,false,יין כנען קברנה שיראז 750 מל דלתון,"יקב דלתון בע""מ",IL,יין כנען ק. שיראז דלתון 2015 750 מל,מיליליטרים,750.00,"100 מ""ל",false,1,45.00,6.0000,true,1,236050
7290004502690,false,וודקה פינלנדיה 1 ליטר,,,וודקה פינלנדיה 1 ליטר פקדון,ליטרים,1.00,ליטר,false,1,99.00,99.0000,true,1,220291
7290004528690,false,"יין אדיר כרם בן זמרה שיראז 2017 750 מ""ל",,,יין אדיר כרם בן זמרה שיראז,מיליליטרים,750.00,"100 מ""ל",false,1,85.00,11.3333,true,1,297935
7290004528775,false,יין פורט אדיר אדום,,IL,יין פורט אדיר אדום,מיליליטרים,750.00,"100 מ""ל",false,1,100.00,13.3333,true,1,314039
7290004528782,false,יין פורט אדיר סמוק,,IL,יין פורט אדיר סמוק פלוט 750 מל,מיליליטרים,750.00,"100 מ""ל",false,1,100.00,13.3333,true,1,314040
7290004528805,false,אדיר WINEMAKER EDITION פטיט סירה 750 מ,,,יין אדיר קברנה סוביניון 2011 750מל פקדון,מיליליטרים,750.00,"100 מ""ל",false,1,109.00,14.5333,true,1,238955
7290004536039,false,כפפות דלפין זוג ורוד מס8,ספונטקס,MY,כפפות ספונטקס רוזה זוג מס 8,Unknown,0.00,Unknown,false,1,8.50,0.0000,true,1,220545
7290004536053,false,כפפות דלפין 2 צבעים מס' 7,גורי,,כפפות דלפין 2 צבעים מס 7,Unknown,0.00,Unknown,false,1,11.90,0.0000,true,1,221129
7290004536060,false,כפפות דלפין 2 צבע מס' 8 MAPA,גורי,,כפפות דלפין 2 צבעים מס 8,Unknown,0.00,Unknown,false,1,11.90,0.0000,true,1,221130
7290004536077,false,כפפות צבעוניות מספר 9 דלפין,גורי,,כפפות דלפין 2 צבעים מס 9,Unknown,0.00,Unknown,false,1,11.90,0.0000,true,1,218004
7290004536336,false,ספירה רפיל נוזל 45 לילות,זובלה,IT,ספירה רפיל 45 לילות,יחידה,45.00,יחידה,false,1,12.90,0.2867,true,1,312293
7290004554354,false,גלידת פנטזיה שוקו וניל 1 ל' שטראוס,"גלידת שטראוס בע""\מ, רחוב",IL,גלידה פנטסיה שוקו וניל 900 מל,גרמים,900.00,100 גרם,false,1,19.90,2.2111,true,1,217120
7290004603175,false,מלח הים האדום גס מלח הארץ 500 גרם,"חברת מלח הארץ אילת בע""\מ",IL,מלח הים האדום גס 500 גר במיכל,גרמים,500.00,100 גרם,false,1,8.90,1.7800,true,1,239702
7290004652364,false,גבינת קשקבל ספרדי במ,,ES,גבינת קשקבל ספרדי במשקל,קילוגרמים,1.00,"ק""ג",true,,79.00,79.0000,true,1,329387
7290004652371,false,גבינת קשקבל ספרדי 20,,ES,גבינת קשקבל ספרדי 200גר,גרמים,200.00,100 גרם,false,1,17.90,8.9500,true,1,329386
7290004652395,false,גבינת גורמעז זיתים,,,גבינת גורמעז זיתים 180גר עלמה,גרמים,180.00,100 גרם,false,14,17.90,9.9444,true,1,329061
7290004652401,false,ג'חנון ללא מרגרינה שגב 650 גר' לנדא,"שגמור בע""\מ",IL,גחנון ללא מרגרינה 650גר שגב,גרמים,650.00,100 גרם,false,12,19.90,3.0615,true,1,329698
7290004652418,false,מיני ג'חנון ללא מרגרינה שגב 650 גר' לנדא,"שגמור בע""\מ",IL,מיני גחנון ללא מרגרינה 650גר שגב,גרמים,650.00,100 גרם,false,12,19.90,3.0615,true,1,329699
7290004658847,false,"תירוש כרמל מיץ ענבים אדום, 187 מ""ל",יקבי כרמל,IL,יין תירוש אדום 187 מל,מיליליטרים,187.00,"100 מ""ל",false,1,6.90,3.6898,true,1,316508
7290004658946,false,יין שרדונה פרייבט קולקשן יקבי כרמל,"כד בני דרום בע""מ",IL,""" יין שרדונה פי.סי 750 מל פקדון",מיליליטרים,750.00,"100 מ""ל",false,1,45.00,6.0000,true,1,216677
7290004658953,false,יין סוביניון בלאן פרייבט קולקשן יקבי כרמל,"כד בני דרום בע""מ",IL,""" יין סובניון בלאן פי.סי 750 מל",מיליליטרים,750.00,"100 מ""ל",false,1,45.00,6.0000,true,1,217301
7290004658960,false,יין אמרלד ריזלינג פרייבט קולקשן יקבי כרמל,אגודת הכורמים הקואופרטיב,IL,""" יין אמרלד ריזלינג פי סי 750 מל",מיליליטרים,750.00,"100 מ""ל",false,1,45.00,6.0000,true,1,218248
7290004685010,false,לחם 100% שיפון פלוס לחם הארץ 500 גר',מאפית י את א ברמן בע,IL,לחם הארץ שיפון פלוס 100% 750 גרם,גרמים,750.00,100 גרם,false,1,15.90,2.1200,true,1,232470
7290004685027,false,לחם חיטה מלאה פלוס לחם הארץ 500 גרם,מאפית י את א ברמן בע,IL,לחם הארץ חיטה מלאה פלוס 750 גרם,גרמים,750.00,100 גרם,false,1,15.90,2.1200,true,1,232469
7290004685041,false,לחם הארץ חיטה מלאה750גרם,מאפית י.את א. ברמן ב,IL,לחם הארץ חיטה מלאה 750 גרם,גרמים,750.00,100 גרם,false,1,15.90,2.1200,true,1,217823
7290004685089,false,לחם הארץ לחם חמניות 500 גר',מאפית י את א ברמן בע,IL,לחם הארץ חמניות 750 גרם,גרמים,750.00,100 גרם,false,1,15.90,2.1200,true,1,232468
7290004685126,false,לחם פומפרניקל לחם הארץ 750 גרם,מאפית י את א ברמן בע,IL,לחם הארץ 5 דגנים 750 גרם,גרמים,750.00,100 גרם,false,1,15.90,2.1200,true,1,217816
7290004685157,false,לחם שיפון 100% 750 גרם לחם הארץ,מאפית י את א ברמן בע,IL,לחם הארץ 100% שיפון 750 גרם,גרמים,750.00,100 גרם,false,1,15.90,2.1200,true,1,217818
7290004685195,false,לחם 10 דגנים לחם הארץ 750 גרם,מאפית י את א ברמן בע,IL,לחם הארץ 10 דגנים 750 גרם,גרמים,750.00,100 גרם,false,1,15.90,2.1200,true,1,220608
7290004685201,false,לחם הארץ שיפון אגוזים500,מאפית י את א ברמן בע,IL,לחם הארץ שיפון אגוזים 500 גרם,גרמים,500.00,100 גרם,false,1,15.90,3.1800,true,1,217817
7290004685225,false,לחם שיפון פומפרניקל מקמח שיפון,מאפית י את א ברמן בע,IL,לחם הארץ פומפרניקל 750 גרם,גרמים,750.00,100 גרם,false,1,15.90,2.1200,true,1,222738
7290004685232,false,לחם שאור ללא שמרים 750גר,מאפית י.את א. ברמן ב,IL,לחם הארץ שאור ללא שמרים 500 גרם,גרמים,500.00,100 גרם,false,1,15.90,3.1800,true,1,227273
7290004685430,false,לחם הארץ כוסמין 100% 500 גרם,מאפית י את א ברמן בע,IL,לחם הארץ כוסמין 100% 500 גרם,גרמים,500.00,100 גרם,false,1,15.90,3.1800,true,1,303236
7290004685447,false,לחמניות כוסמין 6 בשקית 450 גרם,מאפית ברמן מקבוצת י. את,IL,מארז לחמניות כוסמין 6יח 450 גר,גרמים,450.00,100 גרם,false,1,15.90,3.5333,true,1,319316
7290004685454,false,לחם שיבולת שועל 500 גר'.,מאפית י את א ברמן בע,IL,לחם שיבולת שועל 500גר ברמן,גרמים,500.00,100 גרם,false,1,15.90,3.1800,true,1,321792
7290004725600,false,גבינה סקנדינבית31% משקל,תנובה חלב,IL,גבינה סקנדינבית במשקל,קילוגרמים,1.00,"ק""ג",true,,82.00,82.0000,true,1,301390
7290004731472,false,"שלישיית אלסבון צבעוני כיף 500 מ""ל",טרופיקל דגיל תעשיות,IL,מארז 3יח אלסבון כיף צבעוני 500מל,ליטרים,1.50,ליטר,false,1,19.90,13.2667,true,1,221783
7290004731519,false,"מקסימה מרכך ומבשם כביסה למייבש סנסיטיב סנו 750 מ""ל",סנו מקסימה,IL,סנו מקסימה למייבש 750 מל סנסטיב,מיליליטרים,750.00,"100 מ""ל",false,1,18.90,2.5200,true,1,221774
7290004731557,false,"מקסימה תרסיס מרכך ומבשם כביסה במייבש מאסק סנו 750 מ""ל",סנו מקסימה,IL,סנו מקסימה למייבש 750 מל בלאק,מיליליטרים,750.00,"100 מ""ל",false,1,18.90,2.5200,true,1,221775
7290004731564,false,"מקסימה מבשם ומרכך למייבש הכביסה בלו בלוסום 750 מ""ל",סנו מקסימה,IL,סנו מקסימה למייבש בלו בלוסום 750מל,מיליליטרים,750.00,"100 מ""ל",false,1,18.90,2.5200,true,1,307574
7290004731670,false,"מטהר אוויר דואופרש פצ'ולי לבנדר סנו 300 מ""ל","סנו מפעלי ברונוס בע""\מ",IL,מ.אוויר סנו דואופרש לבנדר ופצולי,מיליליטרים,300.00,"100 מ""ל",false,1,12.90,4.3000,true,1,221771
7290004731984,false,אורביטול משחת שיניים הלבנה 145 גר,טרופיקל דגיל תעשיות קוסמ,IL,משחת שיניים אורביטול גו מלבינה 145גר,גרמים,145.00,100 גרם,false,24,16.90,11.6552,true,1,323765
7290004737719,false,אספרגוס שלם מקולף בצנצנת ויליפוד 330 גרם,קריות זול,CN,אספרגוס שלם מקולף 330 גרם צנצנת,גרמים,330.00,100 גרם,false,1,10.90,3.3030,true,1,218260
7290004737900,false,חלב כחוש מרוכז וממותק בתוספת שמן צמחי ויליפוד 397 גרם,יו.איי.בי מאריג'אמפו,LT,חלב מרוכז ממותק 397 גרם,גרמים,397.00,100 גרם,false,1,9.90,2.4937,true,1,217877
7290004859824,false,כבד עוף קפוא ארוז,,,כבד עוף קפוא,קילוגרמים,1.00,"ק""ג",true,,19.90,19.9000,true,1,220225
7290004872250,false,שלגון שרבט אבטיח נסטלה 108 גרם,גלידות נסטלה )נגה גלידות,IL,שלגון אבטיח בודד,Unknown,0.00,Unknown,false,42,6.90,0.0000,true,1,302664
7290004872786,false,"טילון אקסטרים ענק פקאן 115ג' בד""ץ",גלידות נסטלה,IL,טילון אקסטרים פקאן ענק,יחידה,1.00,יחידה,false,1,12.00,12.0000,true,1,302663
7290004905004,false,משקה קוקה קולה בטעם,,US,משקה קוקה קולה בטעם דובדבן שרי 355מל,מיליליטרים,355.00,"100 מ""ל",false,24,6.50,1.8310,true,1,313605
7290004943035,false,ציפס משפחתי קפוא 800,Unknown,,ציפס משפחתי קפוא 800 ג,גרמים,800.00,100 גרם,false,1,10.90,1.3625,true,1,222209
7290004943301,false,מילוטל ברוקלי 800 גר,משק ויילר,IL,ברוקולי קפוא 800 גרם קפוא זן,גרמים,800.00,100 גרם,false,1,12.90,1.6125,true,1,219106
7290004943677,false,ציפס משפחתי 1.5קג,,,ציפס משפחתי 1.5קג,גרמים,1500.00,100 גרם,false,1,17.90,1.1933,true,1,333443
7290004943806,false,כרובית קפואה 800 גרם,משק ויילר,IL,כרובית קפואה 800 גרם קפוא זן,גרמים,800.00,100 גרם,false,1,12.90,1.6125,true,1,337412
7290004944032,false,חומוס אמיתי אסלי שמיר 400 גרם,"סלטי שמיר 2006 בע""מ",IL,חומוס אסלי 400 גרם,גרמים,400.00,100 גרם,false,1,9.90,2.4750,true,1,299650
7290004944049,false,טחינה אסלי שמיר 400 גרם,"סלטי שמיר 2006 בע""מ",IL,טחינה אסלי 400 גרם,גרמים,400.00,100 גרם,false,1,9.90,2.4750,true,1,299798
7290004944056,false,סדרת האסלי חציל במיונז שמיר 400 גרם,"סלטי שמיר 2006 בע""מ",IL,חציל במיונז אסלי 400 גרם,גרמים,400.00,100 גרם,false,1,9.90,2.4750,true,1,299651
7290004944063,false,סלט תורכי אסלי שמיר 400 ג',"סלטי שמיר 2006 בע""מ",IL,סלט תורכי אסלי 400 גרם,גרמים,400.00,100 גרם,false,1,10.90,2.7250,true,1,299654
7290004952075,false,חלבה אורגנית שומשום מלא 300 גר,הרדוף,IL,חלבה אורגנית 300 גר הרדוף,גרמים,300.00,100 גרם,false,1,21.90,7.3000,true,1,244093
7290004952112,false,"סוכר קנים אורגני הרדוף 1 ק""ג",אול אורגני,IL,סוכר קנים אורגני 1 קג הרדןף,קילוגרמים,1.00,"ק""ג",false,1,11.50,11.5000,true,1,308721
7290004952136,false,"קמח כוסמין מלא אורגני 1 ק""ג - הרדוף",טחנת קמח יפו,IL,קמח כוסמין מלא אורגני 1 קג הרדוף,קילוגרמים,1.00,"ק""ג",false,12,16.90,16.9000,true,1,308751
7290004952778,false,טופו מפולי סויה אורגני הרדוף 300 גר,כפר בריא בעמ,IL,טופו אורגני 300 ג הרדוף,גרמים,300.00,100 גרם,false,1,15.90,5.3000,true,1,221457
7290004952785,false,פריכיות דקות מאורז מלא וכוסמת אורגני 100 גרם הרדוף,פרח תעשיות,IL,פריכיות אורז כוסמת דקות אורגני 100 גר,גרמים,100.00,100 גרם,false,1,12.90,12.9000,true,1,308821
7290004952792,false,פריכיות אורז מלא דקות אורגני הרדוף 100גר,פרח תעשיות,IL,פריכיות אורז מלא דקות אורגני 100 גר הרדו,גרמים,100.00,100 גרם,false,1,12.90,12.9000,true,1,308820
7290004982355,false,גבינת צדר טריפל במשק,כושר דיירי,GB,גבינת צדר טריפל במשקל,קילוגרמים,1.00,"ק""ג",true,,99.00,99.0000,true,1,298442
7290004982379,false,גבינת פול אפי במשקל,בונגראן,IL,גבינת פול אפי במשקל,קילוגרמים,1.00,"ק""ג",true,,189.00,189.0000,true,1,217044
7290004982393,false,גבינה ברס בלו במשקל1,בנוגראן,FR,גבינת ברס בלו במשקל,קילוגרמים,1.00,"ק""ג",true,,189.00,189.0000,true,1,218114
7290005008184,false,"סבון נוזלי בניחוח חלב שקדים פלמוליב 500 מ""ל",הנסיך- מפעל לייצור ט,TR,פלמוליב סבון נוזלי חלב שקדים 500 מל,מיליליטרים,500.00,"100 מ""ל",false,1,16.90,3.3800,true,1,217106
7290005008191,false,"סבון נוזלי ארומה בניחוח לבנדר פטצ'ולי וילנג ילנג פלמוליב 500 מ""ל",הנסיך- מפעל לייצור ט,TR,פלמוליב סבון נוזלי ארומה 500 מל,מיליליטרים,500.00,"100 מ""ל",false,1,16.90,3.3800,true,1,217292
7290005020162,false,וויסקי סקוטי בלנטייס פיינסט 700 מל,פרנו,LK,וויסקי בלנטיין 700 מל פקדון,מיליליטרים,700.00,"100 מ""ל",false,1,89.00,12.7143,true,1,223437
7290005020346,false,בקרדי קרטה בלנקה סופ,תאגיד בקרדי,US,משקה בקרדי לבן 750 מל פקדון,מיליליטרים,700.00,"100 מ""ל",false,1,115.00,16.4286,true,1,221173
7290005020353,false,רום בקרדי לבן 1 ליטר,,,משקה בקרדי לבן 1 ל פקדון,Unknown,0.00,Unknown,false,1,120.00,0.0000,true,1,311332
7290005020360,false,"רום בקרדי זהב 750 מ""ל",,,משקה בקרדי כהה 750 מל פקדון,מיליליטרים,750.00,"100 מ""ל",false,1,135.00,18.0000,true,1,221174
7290005040641,false,"ערמונים טריים כ-1 ק""",,,ערמונים 1 קג בשקית,לא מנהל יחידת מידה,1.00,לא מנהל יחידת מידה,false,1,19.90,19.9000,true,1,301185
7290005040993,false,ערמונים קלויים וקלופים 100 גר',אראל תוצרת חקלאית בע,IL,ערמונים קלויים קלופים 100 גרם,גרמים,100.00,100 גרם,false,1,5.90,5.9000,true,1,297104
7290005041136,false,מעדני הטלה קבב גמבו,מעדני הטלה והעגל,IL,קבב גמבו רומני 1 קג מעדני הטלה,גרמים,1000.00,100 גרם,false,12,45.90,4.5900,true,1,316788
7290005068058,false,תירס קל מופחת קלוריות 550 ג' פרי הגליל,"פרי הגליל בע""""מ",IL,תירס גרעינים קל א/2 פרי גליל,גרמים,550.00,100 גרם,false,1,7.00,1.2727,true,1,218417
7290005068492,false,לקט ירקות מעורבים 700 גרם פרי-גליל,"פרי הגליל בע""""מ",IL,לקט ירקות מעורבים קפוא 800 גר פרי גליל,גרמים,800.00,100 גרם,false,1,12.90,1.6125,true,1,299076
7290005068553,false,לקט ירקות בורגנדי 700 ג' פרי הגליל,"פרי הגליל בע""""מ",IL,לקט בורגונדי קפוא 800 גר פרי גליל,גרמים,800.00,100 גרם,false,1,12.90,1.6125,true,1,299075
7290005068621,false,ברוקולי קפוא פרי גליל 800ג',"פרי הגליל בע""""מ",IL,ברוקולי קפוא 800 גר פרי גליל,גרמים,800.00,100 גרם,false,1,15.90,1.9875,true,1,299070
7290005079221,false,בולגרית מעודנת5% משקל,מחלבת משק צוריאל,IL,גבינה בולגית מעודנת 5% במשקל צוריאל,קילוגרמים,1.00,"ק""ג",true,,59.00,59.0000,true,1,239744
7290005079238,false,פטה עיזים מעודנת16% משקל,מחלבת משק צוריאל,IL,גבינת בולגרית עיזים מעודנת 16% במשקל,קילוגרמים,1.00,"ק""ג",true,,100.00,100.0000,true,1,239745
7290005079344,false,מוצרלה נועם רכיבים ט,מחלבת משק צוריאל,IL,גבינת מוצרלה נעם במשקל,קילוגרמים,1.00,"ק""ג",true,,75.00,75.0000,true,1,321546
7290005079634,false,קשקבל גליל מחיר לפי משקל,טרה,IL,גבינת קשקבל נעם במשקל,קילוגרמים,1.00,"ק""ג",true,,99.00,99.0000,true,1,336133
7290005084355,false,סנסודין משחת שיניים דואל קר פלואוריד 75,גלקסו סמית קליין,GB,מש.שיניים סנסודיין דואל קר 75 ג,גרמים,75.00,100 גרם,false,1,21.90,29.2000,true,1,221961
7290005095948,false,חנוכייה בינונית,"יודאיקה סנטר בע""מ",,חנוכיה קלאסית,יחידה,1.00,יחידה,false,1,17.90,17.9000,true,1,325474
7290005113956,false,"מלפפון במלח בטעם פיקנטי 1.7 ק""ג קבוצת יבנה",,IL,מלפפון במלח תיבול ביתי פיקנטי 1.7 קג,גרמים,1700.00,100 גרם,false,6,21.90,1.2882,true,1,335583
7290005158407,false,עוגיות טחינה ואגוזים,פרוטרופיק סיה.,IL,עוגיות טחינה אגוזים כוסמין 300גר ל.סוכר,גרמים,300.00,100 גרם,false,1,27.90,9.3000,true,1,328660
7290005174513,false,סלט חצילים במיונז אחלה 500 גרם,מיוצר עי קונדיטוריית,IL,סלט חציל במיונז 500גר,גרמים,500.00,100 גרם,false,6,16.90,3.3800,true,1,327031
7290005175428,false,"קמח תירס לל""ג ריבארה 500 ג'",קריות זול,AR,קמח תירס אינסטנט 500 גרם,גרמים,500.00,100 גרם,false,1,6.20,1.2400,true,1,216792
7290005200786,false,תפוצ'יפס בטעם שמנת בצל עלית 50 גרם,"שטראוס פריטו ליי בע""\מ )",IL,תפו50 שמנת ובצל-חדש/1שק/50גר,Unknown,0.00,Unknown,false,48,4.30,0.0000,true,1,216616
7290005201455,false,קפה נמס מגורען ארומה קלאסי עלית 200 גרם,"אינסטנטה בע""מ",PL,קפה נמס ארומה 200 ג,גרמים,200.00,100 גרם,false,1,23.90,11.9500,true,1,218281
7290005201882,false,קפה טורקי בצלופן עלית 200 גרם,הנסיך- מפעל לייצור ט,IL,קפה טורקי 200 ג עלית,גרמים,200.00,100 גרם,false,1,16.00,8.0000,true,1,217241
7290005230035,false,צלחות גדולות חד פעמי,פאלאס,IL,"צלחות גדולות חד פעמי 50 יח """,יחידה,50.00,יחידה,false,48,18.90,0.3780,true,1,296142
7290005230042,false,צלחות קטנות פאלאס 50,פאלאס תעשיות נטו,IL,צלחת קטנה 50 יח חד פעמי פולידור,יחידה,50.00,יחידה,false,56,10.90,0.2180,true,1,296130
7290005230059,false,צלחות מרק חד פעמי 25,פאלאס תעשיות נטו,IL,צלחות מרק חד פעמי 25 יח,יחידה,25.00,יחידה,false,48,9.90,0.3960,true,1,296132
7290005230769,false,צלחות חד פעמי בינוני,פאלאס,IL,צלחות חד פעמי בינונית 50 יח,יחידה,50.00,יחידה,false,56,15.90,0.3180,true,1,296143
7290005230806,false,כוסות איכותיות פאלאס,פאלאס,IL,כוס שתיה קרה 100 יח פאלאס,יחידה,100.00,יחידה,false,1,8.90,0.0890,true,1,295809
7290005271410,false,גליקסמן ביצים רגילות,גליקסמן שיווק ביצים,IL,ביצה גדול 12יח לארג***,יחידה,12.00,יחידה,false,1,12.05,1.0042,true,1,302533
7290005271427,false,גליקסמן ביצים רגילות,גליקסמן שיווק ביצים,IL,ביצה בינוני 12יח מדיום***,יחידה,12.00,יחידה,false,1,11.15,0.9292,true,1,302534
7290005271458,false,ביצים אורגניות לארג,גליקסמן שיווק ביצים,IL,ביצים אורגניות לארג 12יח,יחידה,12.00,יחידה,false,1,22.90,1.9083,true,1,302545
7290005271465,false,ביצים אורגניות מדיום,גליקסמן שיווק ביצים,IL,ביצים אורגניות מדיום 12יח,יחידה,12.00,יחידה,false,1,21.90,1.8250,true,1,302546
7290005271632,false,ביצים עטוף אומגה L 3,גליקסמן,,ביצים אומגה 3 לארג 30יח,יחידה,30.00,יחידה,false,1,42.90,1.4300,true,1,308024
7290005271656,false,גליקסמן ביצים אומגה,גליקסמן שיווק ביצים,IL,ביצים אומגה 3 אקס אל 20יח,יחידה,20.00,יחידה,false,1,34.90,1.7450,true,1,302540
7290005271687,false,אריזון 12 ביצים L-אומגה 3 מעושרות,גליקסמן שיווק ביצים,IL,ביצים אומגה 3 לארג 12יח,יחידה,12.00,יחידה,false,1,20.90,1.7417,true,1,302542
7290005271755,false,תבנית ביצים L חופש 12יחי,גליקסמן שיווק ביצים,IL,ביצי חופש לארג 12 יח,יחידה,12.00,יחידה,false,1,19.90,1.6583,true,1,302547
7290005271762,false,ביצים חופש מידיום 12 יח',גליקסמן שיווק ביצים,IL,ביצי חופש מדיום 12 יח,יחידה,12.00,יחידה,false,1,18.90,1.5750,true,1,302548
7290005287206,false,רביעיית טונה בשמן סטארקיסט 160 גרם,"סטארקיסט פודור בע""מ",VN,רביעיית טונה סטארקיסט שמן160גר,גרמים,640.00,100 גרם,false,1,24.90,3.8906,true,1,218970
7290005287251,false,רביעיית טונה במים סטארקיסט 160 גרם,"סטארקיסט פודור בע""מ",VN,רבייעת טונה סטארקיסט במים 160 גרם,גרמים,640.00,100 גרם,false,1,24.90,3.8906,true,1,221600
7290005287534,false,"סטארקיסט טונה בשמן עישון טבעי 160 גרם בד""צ",תאי יוניון גרופ,IL,טונה סטארקיסט בשמן עישון 160 גר פ.ק,גרמים,160.00,100 גרם,false,1,7.90,4.9375,true,1,236355
7290005296246,false,"פותח סתימות דריין אאוט 946 מ""ל יעקבי",יוליניבר,US,פותח סתימות Drain Out,Unknown,0.00,Unknown,false,12,29.90,0.0000,true,1,217057
7290005296260,false,"אסטוניש ספריי רסס ונגב לניקוי כללי יעקבי 750 מ""ל",יעקובי אסטוניש,GB,אסטוניש רסס נגב ירוק,מיליליטרים,750.00,"100 מ""ל",false,12,13.90,1.8533,true,1,218258
7290005296871,false,מנקה ומבריק רהיטי עץ,פוליבוי,DE,פוליבוי רהיטי עץ,Unknown,0.00,Unknown,false,12,15.90,0.0000,true,1,221276
7290005296895,false,פוליבוי קצף לכלי כסף,פוליבוי,DE,הפי קצף-כסף/פוליבוי קרם,Unknown,0.00,Unknown,false,12,26.50,0.0000,true,1,217048
7290005326387,false,עגבניות מיובשות בשמן זית אוליביה 270 גרם,אוליביה,IL,עגבניות מיובשות בשמן זית 270 ג אוליביה,גרמים,270.00,100 גרם,false,1,17.90,6.6296,true,1,217215
7290005326523,false,ממרח פסטו פטרוזיליה ונענע אוליביה 180 גרם,אוליביה,IL,ממרח פסטו פטרוזיליה נענע 180 גר,גרמים,180.00,100 גרם,false,1,13.90,7.7222,true,1,246185
7290005326585,false,ממרח אוליביה פסטו בזיליקום 180 ג',"אוליביה גורמה בע""מ",IL,פסטו בזיליקום 180גרם אוליביה,גרמים,180.00,100 גרם,false,6,12.90,7.1667,true,1,313547
7290005358371,false,שריר מס' 8 מוכשר קפוא קג,פניסקור,XX,בשר בקר מס 8 מוכשר קפוא,קילוגרמים,1.00,"ק""ג",true,,32.90,32.9000,true,1,241267
7290005358739,false,בשר ראש קפוא חלק במש,פריגוצאקו,IL,בשר ראש קפוא חלק במשקל,קילוגרמים,1.00,"ק""ג",true,,79.90,79.9000,true,1,319057
7290005358753,false,לשון בקר קפוא חלק קג,נטו,BR,לשון חלק קפוא,קילוגרמים,1.00,"ק""ג",true,,39.90,39.9000,true,1,321312
7290005384837,false,"מיץ לימונים מלימונים טריים 500 מ""ל",דריבדוס סיטרוס,ES,מיץ לימון 500 מל,מיליליטרים,500.00,"100 מ""ל",false,1,7.90,1.5800,true,1,217537
7290005384851,false,וילי פוד מיץ לימון בדץ 200מל,קריות זול,IT,מיץ לימון משומר 200 מל ויליפוד,מיליליטרים,200.00,"100 מ""ל",false,1,4.50,2.2500,true,1,217538
7290005416033,false,מחלבת טל יוגורט עיזים טבעי 3% 500מל,"ל.ד בר אל בע""מ",IL,יוגורט עיזים טבעי 500 גר,מיליליטרים,500.00,"100 מ""ל",false,1,14.90,2.9800,true,1,316157
7290005416095,false,מחלבת טל גבינת עיזים טבעית 5% 200ג,"ל.ד בר אל בע""מ",IL,גבינת עיזים 5% 200 גר,גרמים,200.00,100 גרם,false,1,14.90,7.4500,true,1,316108
7290005416262,false,מחלבת טל יוגורט עיזים בטעם תות 500מל,"ל.ד בר אל בע""מ",IL,יוגורט עיזים תות 500 מל,מיליליטרים,500.00,"100 מ""ל",false,1,14.90,2.9800,true,1,316159
7290005416279,false,מחלבת טל יוגורט עיזים בטעם פירות יער 500מל,"ל.ד בר אל בע""מ",IL,יוגורט עיזים פירות יער 500 מל,מיליליטרים,500.00,"100 מ""ל",false,1,14.90,2.9800,true,1,316158
7290005416286,false,מחלבת טל יוגורט עיזים בטעם אננס 500מל,"ל.ד בר אל בע""מ",IL,יוגורט עיזים אננס 500 מל,מיליליטרים,500.00,"100 מ""ל",false,1,14.90,2.9800,true,1,316160
7290005416293,false,מחלבת טל יוגורט עיזים בטעם אפרסק 500מל,"ל.ד בר אל בע""מ",IL,יוגורט עיזים משמש 500 מל,מיליליטרים,500.00,"100 מ""ל",false,1,14.90,2.9800,true,1,316161
7290005416415,false,יוגורט עיזים בגביע 200 גר,מחלבת טל,IL,יוגורט עיזים טבעי 3% בגביע 200 גר,גרמים,200.00,100 גרם,false,1,6.90,3.4500,true,1,316111
7290005418891,false,"ג'ל אסטרים חזק לעיצוב רטוב נטורל פורמולה 500 מ""ל",מיוצר עי : אמיליה קוסמטי,IL,גל אקסטרים לעיצוב רטוב 500 מל,מיליליטרים,500.00,"100 מ""ל",false,1,19.90,3.9800,true,1,218127
7290005423055,false,פורטה פלוס לניקוי מתז בניחוח לימון 1 ליטר,"סנו מפעלי ברונוס בע""\מ",IL,סנו פורטה פלוס 1ליטר בניחוח לימון,ליטרים,1.00,ליטר,false,12,18.90,18.9000,true,1,316836
7290005423253,false,"סנו - מקסימה מרסס למייבש כביסה אולטרה פרש 750 מ""ל","סנו מפעלי ברונוס בע""\מ",IL,סנו מקסימה למייבש 750 מל אולטרא פרש,מיליליטרים,750.00,"100 מ""ל",false,1,18.90,2.5200,true,1,217392
7290005423482,false,"קרם לניקוי כיריים קרמיים סנו 300 מ""ל",מיוצר עי קונדיטוריית,IL,קרם לניקוי כיריים 300 מל,מיליליטרים,300.00,"100 מ""ל",false,12,17.90,5.9667,true,1,216848
7290005423635,false,ריצפז נוזל רצפות דוחה תיקנים סנו 2 ליטר,מיוצר עי קונדיטוריית,IL,נוזל ריצפז דוחה חרקים 2 ליטר,ליטרים,2.00,ליטר,false,1,19.90,9.9500,true,1,216706
7290005423734,false,מרכך כביסה מרוכז אולטרא פרש סנו מקסימה 4 ליטר,"סנו מפעלי ברונוס בע""\מ",IL,מרכך כביסה סנומקסימה 4 ליטר א.פרש,ליטרים,4.00,ליטר,false,1,22.90,5.7250,true,1,217408
7290005423833,false,פוליויקס נוזל לניקוי פרקט סנו 2 ליטר,"סנו מפעלי ברונוס בע""\מ",IL,נוזל רצפה פוליויקס פרקט 2 ליטר,ליטרים,2.00,ליטר,false,1,19.90,9.9500,true,1,217049
7290005423871,false,שלישיית משחת שיניים מנטול אורביטול 145 גרם,טרופיקל דגיל תעשיות קוסמ,IL,מש.שיניים אורביטול שלישיה מנטול,גרמים,435.00,100 גרם,false,1,18.90,4.3448,true,1,323751
7290005423918,false,סנו - מקסימה מרכך כביסה היפואלרגני אלוורה 4 ליטר,"סנו מפעלי ברונוס בע""\מ",IL,מרכך כביסה סנומקסימה 4 ל בייבי,ליטרים,4.00,ליטר,false,1,22.90,5.7250,true,1,217409
7290005424021,false,"סנופרש הום מנטרל ריחות רעים 350 מ""ל",סנו fresh,IL,מנטרל ריחות רעים סנו ריפרש 350מל,מיליליטרים,350.00,"100 מ""ל",false,1,16.90,4.8286,true,1,336405
7290005424700,false,לסדרה פורטה פלוס מצטרף מתז באריזת xl 1 ליטר,"סנו מפעלי ברונוס בע""\מ",IL,סנו פורטה פלוס להסרת לכלוך ושומן שרוף 1ל,ליטרים,1.00,ליטר,false,12,18.90,18.9000,true,1,313878
7290005424755,false,מטליות ריצפז פלוס לחות לניקוי רצפות דוחה תיקנים 10 יח' סנו,סנו מפעלי ברונוס בעמ,IL,מטליות לחות דוחה תיקנים ריצפז פלוס 10יח,יחידה,10.00,יחידה,false,12,15.90,1.5900,true,1,313805
7290005425110,false,"חיטוי משטחים 99.9% מתז מחטא ומשמיד 750 מ""ל","סנו מפעלי ברונוס בע""\מ",IL,מרסס לחיטוי משטחים סדרת 99% 750מל,מיליליטרים,750.00,"100 מ""ל",false,12,11.90,1.5867,true,1,317086
7290005425127,false,"חיטוי משטחים 99.9% מתז לשומנים ואבנית 750 מ""ל","סנו מפעלי ברונוס בע""\מ",IL,מרסס לחיטוי וניקוי יסודי סדרת 99% 750מל,מיליליטרים,750.00,"100 מ""ל",false,12,11.90,1.5867,true,1,317087
7290005425196,false,"מקסימה אבקת כביסה סנסיטיב סנו 2.5 ק""ג",מיוצר עי קונדיטוריית,IL,אב.כביסה מקסימה סנסטיב 2.5 קג,קילוגרמים,2.50,"ק""ג",false,1,26.90,10.7600,true,1,297707
7290005425202,false,אבקת כביסה ביו מקסימה לכתמים קשים,"סנו מפעלי ברונוס בע""\מ",IL,אב.כביסה מקסימה ביו 2.5 קג,קילוגרמים,2.50,"ק""ג",false,1,26.90,10.7600,true,1,297708
7290005425585,false,מטליות לחות לניקוי רהיטים סנו 20 יחידות,"סנו מפעלי ברונוס בע""\מ",IL,סנו רהיט מטליות,יחידה,20.00,יחידה,false,1,14.90,0.7450,true,1,219836
7290005425646,false,קליר נוזל לניקוי חלונות רב תכליתי סנו 1 ליטר,"סנו מפעלי ברונוס בע""\מ",IL,סנוקליר אקדח 1 ליטר,ליטרים,1.00,ליטר,false,1,11.90,11.9000,true,1,220198
7290005425714,false,"שמפו שטיחים סנו פלוס 600 מ""ל","סנו מפעלי ברונוס בע""\מ",IL,סנו שמפו שטיחים פלוס,מיליליטרים,600.00,"100 מ""ל",false,1,25.90,4.3167,true,1,219837
7290005426230,false,מטלית הפלא לרצפה מיקרופייבר סנו 1יח',קריות זול,CN,מטלית הפלא לריצפה סנו סושי,יחידה,1.00,יחידה,false,1,12.90,12.9000,true,1,219864
7290005426735,false,"סנו - מקסימה אבקת כביסה בלאק 1.25 ק""ג",קריות זול,IL,אב.כביסה מקסימה 1.25 קג שחור,קילוגרמים,1.25,"ק""ג",false,1,13.90,11.1200,true,1,220710
7290005426964,false,סנובון סבון לאסלה בניחוח אפרסק סנו 3 יחידות,סנו מפעלי ברונו בעמ,IL,סבון אסלה סנובון כחול שלישיה אפרסק,יחידה,3.00,יחידה,false,1,14.90,4.9667,true,1,220512
7290005426971,false,סנובון סבון לאסלה תפוח כחול סנו 3 יחידות,סנו מפעלי ברונו בעמ,IL,סבון אסלה סנובון כחול שלישיה תפוח,יחידה,3.00,יחידה,false,1,14.90,4.9667,true,1,220513
7290005427107,false,סנו - סושי מגבות נייר הפלא 6 יחידות,מיוצר עי קונדיטוריית,IL,מגבות נייר למטבח סנו סושי פלא 6 יח,Unknown,0.00,Unknown,false,1,12.90,0.0000,true,1,220761
7290005429279,false,סנו מקסימה קומפקט קומפקט אפקט גאוול 6 ק,סנו מפעלי ברונוס בעמ,IL,אב.כביסה סנו מקסימה זאוול 6 קג,קילוגרמים,6.00,"ק""ג",false,1,51.90,8.6500,true,1,220713
7290005429286,false,"אבקת כביסה מקסימה ביו 6 ק""ג סנו",סנו מקסימה,IL,אב.כביסה סנו מקסימה ביו 6 קג,קילוגרמים,6.00,"ק""ג",false,1,51.90,8.6500,true,1,220714
7290005430480,false,מטלית הפלא למשטחים מיקרופייבר סנו סושי 1 יחידה,קריות זול,IL,מטלית הפלא סנו סושי מיקרופייבר לשיש,יחידה,1.00,יחידה,false,1,7.90,7.9000,true,1,219863
7290005431159,false,תותים בקצפת לייט עדן קינוחים 80 גרם,עדן קינוחים,IL,קינוח תותים בקצפת לייט 80גר עדן קינוחים,Unknown,0.00,Unknown,false,12,6.90,0.0000,true,1,226354
7290005431883,false,מלבי חלבי עדן קינוחים 165 גרם,עדן קינוחים Eden,IL,מלבי עדן קינוחים 165גר חלבי,גרמים,165.00,100 גרם,false,12,6.90,4.1818,true,1,320523
7290005431906,false,קדאיף עדן קינוחים 82 גרם,עדן קינוחים Eden,IL,קדאיף עדן קינוחים 82גר חלבי,גרמים,82.00,100 גרם,false,12,6.90,8.4146,true,1,320526
7290005431913,false,עוגת גבינה פירורים עדן קינוחים 92 גרם,עדן קינוחים Eden,IL,עוגת גבינה פירורים 92גרם עדן קינוחי,גרמים,92.00,100 גרם,false,12,6.90,7.5000,true,1,320525
7290005431920,false,עוגת גבינה פירורים לייט עדן קינוחים 78 גרם,עדן קינוחים Eden,IL,עוגת גבינה פירורים לייט 78גרם עדן קינוחי,גרמים,78.00,100 גרם,false,12,6.90,8.8462,true,1,320524
7290005431937,false,טירמיסו עדן קינוחים 82 גרם,עדן קינוחים Eden,IL,טירמיסו עדן קינוחים 82גר חלבי,גרמים,82.00,100 גרם,false,12,6.90,8.4146,true,1,320522
7290005431951,false,קינוח מוס שוקולד עדן,עדן קינוחים,IL,מוס שוקולד עדן קינוחים 75גר,גרמים,75.00,100 גרם,false,12,6.90,9.2000,true,1,320529
7290005431968,false,מלבי שמנת עדן קינוחים 150 גרם,עדן קינוחים Eden,IL,מלבי שמנת עדן קינוחים 150גר חלבי,גרמים,150.00,100 גרם,false,12,7.90,5.2667,true,1,322852
7290005477669,false,סבון נוזלי דרמפון מועשר לחות קרליין 1 ליטר,"אמיליה קוסמטיקס בע""מ",IL,סבון נוזלי דרמפון מועשר בלחות 1 ל,ליטרים,1.00,ליטר,false,1,17.90,17.9000,true,1,218012
7290005491252,false,ריבת תות ויין שרדונה,General,IL,ריבת תות שרדונה 220 גר,גרמים,220.00,100 גרם,false,1,19.90,9.0455,true,1,335610
7290005491283,false,קונפיטורת תאנה קברנה,,,ריבת תאנה קברנה 240 גר,גרמים,240.00,100 גרם,false,1,19.90,8.2917,true,1,335605
7290005491290,false,ריבת דובדבן ויין שיראז,General,IL,ריבת דובדבן שיראז 240 גר,גרמים,220.00,100 גרם,false,1,19.90,9.0455,true,1,335606
7290005491351,false,קונפיטורת בצל קברנה,General,IL,קונפיטורה בצל קברנה 220 גר,גרמים,220.00,100 גרם,false,1,19.90,9.0455,true,1,335603
7290005509445,false,עוגיות מיני קוקיס חמאה בצנצנת כרמית 600 גרם,כרמית תעשיות ממתקים,IL,עוג.מיני קוקיס בטעם חמאה600 גר,גרמים,600.00,100 גרם,false,1,15.90,2.6500,true,1,217533
7290005559587,false,מאפה נקניקיה בבצק מעדנות 800ג',מיוצר עי קונדיטוריית,IL,מאפה נקניקיות 800 גרם,גרמים,800.00,100 גרם,false,1,30.00,3.7500,true,1,217660
7290005559709,false,בורקס פיצה מעדנות 700 גרם,"מעדנות בע""\מ",IL,בורקס פיצה 700 גרם,גרמים,700.00,100 גרם,false,1,27.50,3.9286,true,1,218315
7290005559907,false,פיצה משפחתית 100% גבינה מעדנות 500 גרם,מיוצר עי קונדיטוריית,IL,פיצה משפחתית גבינה 500 גר,גרמים,500.00,100 גרם,false,1,25.50,5.1000,true,1,218842
7290005559914,false,פיצה משפחתית עם 100% גבינה בתוספת זיתים מעדנות 550 גרם,מיוצר עי קונדיטוריית,IL,פיצה משפחתית עם זיתים 550 גר,גרמים,550.00,100 גרם,false,1,27.50,5.0000,true,1,218843
7290005559990,false,בצק פילאס תורכי מעדנות 600 גרם,מיוצר עי קונדיטוריית,IL,בצק פילאס טורקי 600 גרם,גרמים,600.00,100 גרם,false,1,24.50,4.0833,true,1,218987
7290005564253,false,ספרינג אגס סברס תפוח 1.5ל,יפאורה שותפות מובגלת לשיווק,IL,משקה קל ספרינג אגס סברס תפוח 1.5 ל,ליטרים,1.50,ליטר,false,15,8.60,5.7333,true,1,219669
7290005589492,false,שלווה חיטה מלאה דבש 200 גרם דגן,מפעלי דגן,IL,דגן חיטה מלאה תפוחה בציפוי דבש 200 ג,גרמים,200.00,100 גרם,false,12,7.00,3.5000,true,1,294967
7290005591761,false,דבש טהור מפרחי בר בלחיץ 400 ג' יד מרדכי,מכוורת יד מרדכי שטראוס ב,IL,דבש טהור לחיץ 400 גר יד מרדכי,גרמים,400.00,100 גרם,false,1,22.90,5.7250,true,1,217993
7290005604133,false,פריגת מנגו 1.5 ליטר,מבשלות בירה בינלאומיות ב,IL,פריגת 1.5 ליטר מנגו,ליטרים,1.50,ליטר,false,1,9.60,6.4000,true,1,217591
7290005605901,false,פאנטה בטעם אקזוטי 1.5 לי,החברה המרכזית לייצור משקאות,IL,פאנטה אקזוטיק 1.5 ליטר,ליטרים,1.50,ליטר,false,12,9.30,6.2000,true,1,218925
7290005680052,false,טמפונים סופר פלוס אובה 32 יחידות,גונסון אנד גונסון,GR,טמפון אובה קלאסי סופר פלוס 32 יח,יחידה,32.00,יחידה,false,1,29.90,0.9344,true,1,218348
7290005686436,false,תפוחי עץ מיובש קופסא 160 גרם,"דין שיווק וקלייה בע""",IL,תפוח עץ מיובש 160 גרם בקופסא,גרמים,160.00,100 גרם,false,1,12.90,8.0625,true,1,219436
7290005697111,false,גבינת תום עיזים מורב,,,גבינת תום עיזים מורבייה במשקל,קילוגרמים,1.00,"ק""ג",true,,180.00,180.0000,true,1,237738
7290005697180,false,גבינת ולנסי עיזים במ,,,גבינת ולנסי עיזים במשקל,קילוגרמים,1.00,"ק""ג",true,,180.00,180.0000,true,1,237743
7290005697333,false,קממבר עיזים מנות שקיל גלילי,גלילי,,גבינת קממבר עיזים במשקל,קילוגרמים,1.00,"ק""ג",true,,179.90,179.9000,true,1,237753
7290005697357,false,גבינת ולנסי עיזים פי,גלילי,,גבינת ולנסי עיזים פירמידה שקיל,קילוגרמים,1.00,"ק""ג",true,,199.90,199.9000,true,1,237755
7290005697371,false,גבינת קממבר בקר פטרי,גלילי,,גבינת קממבר בקר פטריות כמהין שקיל,קילוגרמים,1.00,"ק""ג",true,,199.00,199.0000,true,1,237757
7290005697388,false,גבינת קממבר גלילי במ,גלילי,,גבינת קממבר גלילי במשקל מדף,קילוגרמים,1.00,"ק""ג",true,,149.00,149.0000,true,1,245051
7290005697517,false,"יוגורט עיזים טבעי ביו 500 מ""ל ""גלילי""",מחלבת גלילי,IL,יוגורט עיזים טבעי ביו 500 מל,מיליליטרים,500.00,"100 מ""ל",false,1,15.90,3.1800,true,1,295457
7290005697524,false,"יוגורט עיזים תמרים ביו 500 מ""ל ""גלילי""",מחלבת גלילי,IL,יוגורט עיזים תמרים ביו 500 מל,מיליליטרים,500.00,"100 מ""ל",false,1,15.90,3.1800,true,1,295458
7290005697531,false,"יוגורט עיזים תות ביו 500 מ""ל ""גלילי""",מחלבת גלילי,IL,יוגורט עיזים תות ביו 500 מל,מיליליטרים,500.00,"100 מ""ל",false,1,15.90,3.1800,true,1,295459
7290005697548,false,"יוגורט עיזים פירות יער ביו 500 מ""ל ""גלילי""",גלילי,IL,יוגורט עיזים פירות יער ביו 500 מל,מיליליטרים,500.00,"100 מ""ל",false,1,15.90,3.1800,true,1,295460
7290005697555,false,יוגורט עיזים ביו1ליטר,מחלבת גלילי,IL,יוגורט עיזים ביו טבעי 1 ליטר,ליטרים,1.00,ליטר,false,1,19.90,19.9000,true,1,303369
7290005697562,false,"יוגורט עיזים אפרסק ביו 500 מ""ל",מחלבת גלילי,IL,יוגורט עיזים אפרסק ביו 500 מל,מיליליטרים,500.00,"100 מ""ל",false,1,15.90,3.1800,true,1,295461
7290005697579,false,יוגורט עיזים דובדבני,,,יוגורט עיזים דובדבנים ביו 500 מל,מיליליטרים,500.00,"100 מ""ל",false,1,15.90,3.1800,true,1,329579
7290005697630,false,"יוגורט עיזים תאנים ביו 500 מ""ל ""גלילי""",בי או די רגבים,IL,יוגורט עיזים תאנים ביו 500 מל,מיליליטרים,500.00,"100 מ""ל",false,1,15.90,3.1800,true,1,300659
7290005697647,false,יוגורט עיזים בדלי 750 מל,,IL,יוגורט עיזים 750 מל בדלי,מיליליטרים,750.00,"100 מ""ל",false,1,19.90,2.6533,true,1,333773
7290005697654,false,יוגורט עיזים אורגני בדלי 750 מל,,IL,יוגורט עיזים אורגני 750 מל בדלי,מיליליטרים,750.00,"100 מ""ל",false,1,22.90,3.0533,true,1,333775
7290005697661,false,יוגורט צאן יווני בדלי 750 מל,,IL,יוגורט צאן 750מל בדלי,מיליליטרים,750.00,"100 מ""ל",false,1,19.90,2.6533,true,1,333774
7290005719189,false,לחם מחמצת שיפון אגוז,,,לחם מחמצת שיפון אגוזים,Unknown,0.00,Unknown,false,1,17.90,0.0000,true,1,317797
7290005719462,false,עוגיות מנגלך טעם קינ,פילסברי,IL,עוגיות מנגלך טעם קינמון 400 גרם,גרמים,400.00,100 גרם,false,20,22.90,5.7250,true,1,334376
7290005721090,false,פסטרמה טונה מתובלת ו,שני דייגים,IL,פסטרמה טונה מתובלת ומפולפלת 100גר,גרמים,100.00,100 גרם,false,1,22.90,22.9000,true,1,320928
7290005721106,false,פסטרמה טונה מתובלת ו,שני דייגים,IL,פסטרמה טונה מתובלת ועשבי תיבול 100גר,גרמים,100.00,100 גרם,false,1,22.90,22.9000,true,1,320929
7290005721113,false,פילה סלמון נורבגי מע,שני דייגים,IL,פילה סלמון נורבגי מעושן מפולפל 100גר,גרמים,100.00,100 גרם,false,1,22.90,22.9000,true,1,316610
7290005721120,false,פילה סלמון נורבגי מע,שני דייגים,IL,פילה סלמון נורבגי מעושן עשבי תיבול 100גר,גרמים,100.00,100 גרם,false,1,22.90,22.9000,true,1,316611
7290005721137,false,פילה פורל ים מעושן מ,שני דייגים,IL,פילה פורל ים מעושן מפולפל 100גר שני דייג,גרמים,100.00,100 גרם,false,1,22.90,22.9000,true,1,316609
7290005721229,false,פסטרמה טונה אלבקור מ,שני דייגים,IL,פסטרמה טונה אלבקור מפולפלת 100 גר,גרמים,100.00,100 גרם,false,1,22.90,22.9000,true,1,320932
7290005721236,false,פסטרמה טונה אלבקור ב,שני דייגים,IL,פסטרמה טונה אלבקור בעשבי תיבול 100 גר,גרמים,100.00,100 גרם,false,1,22.90,22.9000,true,1,320933
7290005733116,false,דפי קסם לחנוכה (נא השאירו את ההגדרה: צעצועי דורון),צעצועי דורון,,צעצועי דורון קבוצה 5,Unknown,0.00,Unknown,false,1,12.90,0.0000,true,1,240525
7290005733703,false,משחק הרכבה,צעצועי דורון,,הרכבה,Unknown,0.00,Unknown,false,1,19.90,0.0000,true,1,240511
7290005733994,false,בייבליידס בקופסה,צעצועי דורון,,סט כלים,Unknown,0.00,Unknown,false,1,29.90,0.0000,true,1,217344
7290005734014,false,בובה+ אביזרים,צעצועי דורון,,בובה,Unknown,0.00,Unknown,false,1,29.90,0.0000,true,1,240518
7290005734274,false,כלי תחבורה- ימ,צעצועי דורון,,כלי תחבורה,Unknown,0.00,Unknown,false,1,29.90,0.0000,true,1,240503
7290005734632,false,משחקים בקופסא - ב,צעצועי דורון,,משחקי התאמה,Unknown,0.00,Unknown,false,1,19.90,0.0000,true,1,240491
7290005734663,false,מגוון סטים של כלים לחוף,צעצועי דורון,,סט דלי לחוף/כלים,Unknown,0.00,Unknown,false,1,19.90,0.0000,true,1,240506
7290005735523,false,כלי רכב (י),צעצועי דורון,,כלי רכב י,Unknown,0.00,Unknown,false,1,19.90,0.0000,true,1,217762
7290005735974,false,משחקים הרכבה (ימ),צעצועי דורון,,משחק - הרכבה,Unknown,0.00,Unknown,false,1,29.90,0.0000,true,1,217449
7290005736063,false,משחקי יצירה בקופסא,צעצועי דורון,,משחקי יצירה בקופסא,Unknown,0.00,Unknown,false,1,19.90,0.0000,true,1,240497
7290005737060,false,סביבון מאיר ומנגן שיר חנוכה בלוח,General,CN,סביבון חנוכה בלוח שיר חנוכה,יחידה,1.00,יחידה,false,1,12.90,12.9000,true,1,314695
7290005737220,false,סביבון פומפה,,CN,סביבון פומפה,יחידה,1.00,יחידה,false,1,12.90,12.9000,true,1,332409
7290005740077,false,בובות פרווה,General,,חיות פרווה,Unknown,0.00,Unknown,false,1,39.90,0.0000,true,1,240508
7290005789380,false,פרשיס קוסמטיקס מגבונים להסרת איפור 54 יח',ווטנאפס,,מגבונים להסרת איפור פרשיס קוסמטיקס54יח,יחידה,54.00,יחידה,false,1,9.90,0.1833,true,1,305810
7290005811111,false,בייגלה מקמח כוסמין עם מלח 300 גרם,"אם החיטה בע""מ",IL,בייגלה קמח כוסמין עם מלח 300גר,גרמים,300.00,100 גרם,false,1,14.90,4.9667,true,1,318638
7290005811128,false,בייגלה מקמח כוסמין עם שומשום 300 גרם,"אם החיטה בע""מ",IL,בייגלה מקמח כוסמין עם שומשום 300גר,גרמים,300.00,100 גרם,false,1,14.90,4.9667,true,1,318637
7290005826016,false,גבינת גאודה עיזים מי,jacks cheese,NL,גבינת גאודה עיזים מיילד במשקל,קילוגרמים,1.00,"ק""ג",true,,119.00,119.0000,true,1,316042
7290005826023,false,גבינת גאודה עיזים בל,jacks cheese,NL,גבינת גאודה עיזים בלייכן במשקל,קילוגרמים,1.00,"ק""ג",true,,159.00,159.0000,true,1,316043
7290005826030,false,גבינת גאודה עיזים מי,jacks cheese,NL,גבינת גאודה עיזים מיושנת אקס או במשקל,קילוגרמים,1.00,"ק""ג",true,,179.00,179.0000,true,1,316044
7290005826054,false,גבינת גאודה כבשים מו,jacks cheese,NL,גבינת גאודה כבשים מוטון במשקל,קילוגרמים,1.00,"ק""ג",true,,179.00,179.0000,true,1,316046
7290005826061,false,גבינת גואדה בלק לייב,jacks cheese,NL,גבינת גואדה בלק לייבל 24חודש במשקל,קילוגרמים,1.00,"ק""ג",true,,129.00,129.0000,true,1,316047
7290005826078,false,גבינת גואדה בלו לייב,jacks cheese,NL,גבינת גואדה בלו לייבל 12חודש במשקל,קילוגרמים,1.00,"ק""ג",true,,119.00,119.0000,true,1,316048
7290005826108,false,גבינת פסטו ירוק במשק,jacks cheese,NL,גבינת פסטו ירוק במשקל,קילוגרמים,1.00,"ק""ג",true,,125.00,125.0000,true,1,316051
7290005826115,false,גבינת גאודה כמון במש,jacks cheese,NL,גבינת גאודה כמון במשקל,קילוגרמים,1.00,"ק""ג",true,,99.00,99.0000,true,1,316052
7290005826146,false,גבינת אולד אמסטרדם ב,jacks cheese,NL,גבית אולד אמסטרדם במשקל חצי,קילוגרמים,1.00,"ק""ג",true,,119.00,119.0000,true,1,316054
7290005826153,false,גבינת מסדאם במשקל,jacks cheese,NL,גבינת מסדאם במשקל חצי גלגל,קילוגרמים,1.00,"ק""ג",true,,69.00,69.0000,true,1,316055
7290005826245,false,גבינת גאודה עיזים כמ,jacks cheese,NL,גבינת גאודה עיזים כמהין במשקל,קילוגרמים,1.00,"ק""ג",true,,199.00,199.0000,true,1,318180
7290005826382,false,גבינת פטיט עיזים במש,,,גבינת פטיט עיזים במשקל,קילוגרמים,1.00,"ק""ג",true,,159.00,159.0000,true,1,321188
7290005826399,false,גבינת גאודה פסטו אדו,jacks cheese,NL,גבינת גאודה פסטו אדום במשקל,קילוגרמים,1.00,"ק""ג",true,,125.00,125.0000,true,1,321187
7290005826436,false,גבינת אולד אמסטרדם 1,,NL,גבינת אולד אמסטרדם 150גר,גרמים,150.00,100 גרם,false,,22.90,15.2667,true,1,326534
7290005826450,false,גבינת ברי פריזדנט במ,,FR,גבינת ברי פריזדנט במשקל צרפת,קילוגרמים,1.00,"ק""ג",true,,129.00,129.0000,true,1,323645
7290005826467,false,גבינת אמנטל פריזדנט,,FR,גבינת אמנטל פריזדנט במשקל צרפת,קילוגרמים,1.00,"ק""ג",true,,89.00,89.0000,true,1,323646
7290005826498,false,גבינת גאודה בקר במשק,jacks cheese,NL,גבינת גאודה בקר במשקל,קילוגרמים,1.00,"ק""ג",true,,69.00,69.0000,true,1,321760
7290005826504,false,גבינת בושה עיזים במש,jacks cheese,NL,גבינת בושה עיזים במשקל,קילוגרמים,1.00,"ק""ג",true,,139.00,139.0000,true,1,321215
7290005826528,false,גבינת מנצגו במשקל מי,,ES,גבינת מנצגו במשקל מיושן,קילוגרמים,1.00,"ק""ג",true,,139.00,139.0000,true,1,326531
7290005826542,false,גבינת צדר לבן אנגלי,,GB,גבינת צדר לבן אנגלי במשקל,קילוגרמים,1.00,"ק""ג",true,,89.00,89.0000,true,1,324616
7290005826559,false,גבינת צדר וינטאג ויי,jacks cheese,NL,גבינת צדר וינטאג וייק פארם במשקל,קילוגרמים,1.00,"ק""ג",true,,119.00,119.0000,true,1,325151
7290005826566,false,גבינת צדר כתום אנגלי,,GB,גבינת צדר כתום אנגלי במשקל,קילוגרמים,1.00,"ק""ג",true,,89.00,89.0000,true,1,324615
7290005826603,false,גבינת מנצגו כמהין במ,,ES,גבינת מנצגו כמהין במשקל,קילוגרמים,1.00,"ק""ג",true,,189.00,189.0000,true,1,326532
7290005826610,false,גבינת מנצגו צעיר במש,,ES,גבינת מנצגו צעיר במשקל,קילוגרמים,1.00,"ק""ג",true,,119.00,119.0000,true,1,326530
7290005826627,false,גבינת איבריקו במשקל,,ES,גבינת איבריקו במשקל,קילוגרמים,1.00,"ק""ג",true,,109.00,109.0000,true,1,326529
7290005826689,false,גבינת גאודה זעתר במש,,NL,גבינת גאודה זעתר במשקל,קילוגרמים,1.00,"ק""ג",true,,99.00,99.0000,true,1,334052
7290005826733,false,גבינת טריקולור במשקל,jacks cheese,NL,גבינת טריקולור במשקל,קילוגרמים,1.00,"ק""ג",true,,199.00,199.0000,true,1,333498
7290005826818,false,גבינת פסטו ירוק במשק,jacks cheese,NL,גבינת פסטו ירוק במשקל,קילוגרמים,1.00,"ק""ג",true,,125.00,125.0000,true,1,333502
7290005826825,false,גבינת בלו סטילטון במ,,,גבינת בלו סטילטון במשקל,קילוגרמים,1.00,"ק""ג",true,,135.00,135.0000,true,1,328243
7290005826856,false,גבינה עיזים טבעות 11,,FR,גבינת בושה טבעי 113גר,גרמים,113.00,100 גרם,false,1,15.90,14.0708,true,1,328178
7290005826894,false,גבינת שמנת רונדולה א,,FR,גבינת שמנת רונדולה אגוזים 125גר,גרמים,125.00,100 גרם,false,1,14.90,11.9200,true,1,328566
7290005826924,false,גבינת גאודה שום שחור,,,גבינת גאודה שום שחור במשקל,קילוגרמים,1.00,"ק""ג",true,,129.00,129.0000,true,1,328242
7290005826948,false,גבינת גאודה עיזים עו,jacks cheese,NL,גבינת גאודה עיזים עובש כחול במשקל,קילוגרמים,1.00,"ק""ג",true,,159.00,159.0000,true,1,333503
7290005826955,false,גבינת מונטנה במשקל,jacks cheese,NL,גבינת מונטנה במשקל,קילוגרמים,1.00,"ק""ג",true,,119.00,119.0000,true,1,329572
7290005826962,false,גבינת גאודה כמהין במ,jacks cheese,NL,גבינת גאודה כמהין במשקל,קילוגרמים,1.00,"ק""ג",true,,199.00,199.0000,true,1,333499
7290005826979,false,גבינת גאודה צילי במש,jacks cheese,NL,גבינת גאודה צילי במשקל,קילוגרמים,1.00,"ק""ג",true,,99.00,99.0000,true,1,333500
7290005826986,false,גבית גאודה קימל במשק,jacks cheese,NL,גבית גאודה קימל במשקל,קילוגרמים,1.00,"ק""ג",true,,99.00,99.0000,true,1,333497
7290005838613,false,"סקי וניל בודד 125 גרם ""שטראוס""","שטראוס בריאות בע""\מ",IL,גבינת סקי וניל 125 גרם,גרמים,125.00,100 גרם,false,24,4.10,3.2800,true,1,217190
7290005838972,false,גבינת יום יום 5% שטראוס 125ג',מיוצר עי קונדיטוריית,IL,גבינת סקי יום יום 5% 125 גרם,גרמים,125.00,100 גרם,false,1,3.20,2.5600,true,1,217189
7290005839108,false,גבינה לבנה סימפוניה עם תוספות 200 ג'+זיתים 5%,"שטראוס בריאות בע""\מ",IL,גבינת סימפוניה זיתים 200 גרם 5%,גרמים,200.00,100 גרם,false,1,11.90,5.9500,true,1,217352
7290005839313,false,"מילקי טופ מגולגלת שטראוס 170 מ""ל",מיוצר עי קונדיטוריית,IL,מילקי טופ מגולגל 130 גרם,גרמים,130.00,100 גרם,false,1,4.90,3.7692,true,1,217525
7290005896637,false,סאן בנדטו - מים מינרלים טבעיים מהאלפים 1.5 ליטר,אקווה מינרלה סאן בנדטו ב,IT,סן בנדטו 1.5 ליטר בק. פקדון,ליטרים,1.50,ליטר,false,1,4.20,2.8000,true,1,217527
7290005938238,false,ממרח צ'ימצ'ורי פרסקו 220ג' מצונן,"פרסקו חצבה 2006 בע""מ",IL,ממרח צימיצורי 220 ג פרסקו,גרמים,220.00,100 גרם,false,12,18.90,8.5909,true,1,221612
7290005938245,false,ממרח פסטו קלאסי פרסקו 220ג' מצונן,מיוצר עי פרסקו חצבה,IL,ממרח פסטו קלאסי 220 ג פרסקו,גרמים,220.00,100 גרם,false,12,18.90,8.5909,true,1,221611
7290005938603,false,טפאנד זיתים ירוקים 220גר,פרסקו חצבה,IL,טפנד זיתים שחורים 220 גר פרסקו,גרמים,220.00,100 גרם,false,12,16.90,7.6818,true,1,227003
7290005938610,false,טפנד זיתים ירוקים 220 ג,פרסקו חצבה,IL,טפנד זיתים ירוקים 220 גר פרסקו,גרמים,220.00,100 גרם,false,12,18.90,8.5909,true,1,227004
7290005938627,false,ממרח עגבניות מיובשות פרסקו 220 גרם,פרסקו חצבה 2006 בעמ,IL,ממרח עגבניות שרי מיובשות 220 ג פרסקו,גרמים,220.00,100 גרם,false,12,18.90,8.5909,true,1,226500
7290005966088,false,"יין הר חרמון אדום עברית 750 מ""ל",יקבי רמת הגולן קצרין,IL,יין ירדן הר חרמון אדום 750 מל פקדון,מיליליטרים,750.00,"100 מ""ל",false,1,40.00,5.3333,true,1,217748
7290005966347,false,יין גמלא סובניון בלנק 750 מל,יקבי רמת הגולן קצרין,IL,יין גמלא סובניון בלאן 750 מל פקדון,מיליליטרים,750.00,"100 מ""ל",false,6,60.00,8.0000,true,1,219565
7290005966392,false,גולן קברנה סוביניון750מל,יקבי רמת הגולן קצרין,IL,יין גולן קברנה סוביניון 750 מל פקדון,מיליליטרים,750.00,"100 מ""ל",false,1,45.00,6.0000,true,1,219172
7290005966422,false,יין ירדן שרדונה 2020 750 מל,יקבי רמת הגולן,IL,יין ירדן שרדונה 2002 750 מל פקדון,מיליליטרים,750.00,"100 מ""ל",false,1,65.00,8.6667,true,1,219532
7290005966521,false,ירדן הייטסוויין 375 מל,יקבי רמת הגולן,,יין ירדן הייטס ויין 2015 375 מל,מיליליטרים,375.00,"100 מ""ל",false,1,120.00,32.0000,true,1,221175
7290005981821,false,זוג גלילי קרח לבקבוק,,,זוג גלילי קרח לבקבוק,Unknown,0.00,Unknown,false,1,22.90,0.0000,true,1,224860
7290005992018,false,"יוגורט עיזים לשתיה 3% מחלבות גד 500 מ""ל","מיוצר ע""\י קוד יצרן MKN",IL,יוגורט עזים 3% במל,מיליליטרים,500.00,"100 מ""ל",false,20,13.90,2.7800,true,1,217731
7290005992117,false,גבינת פיקורינו במשקל,מחלבות גד,IL,גבינת פיקורינו במשקל גלגל,קילוגרמים,1.00,"ק""ג",true,,155.00,155.0000,true,1,335642
7290005992247,false,"גבינה חלומי גד ק""ג.",מחלבות גד,IL,גבינת חלומי במשקל,קילוגרמים,1.00,"ק""ג",true,,125.00,125.0000,true,1,233098
7290005992575,false,גבינה בולגרית למריחה 5% גד 250 גרם,מחלבות גד בעמ,IL,בולגרית למריחה 250 גרם,גרמים,250.00,100 גרם,false,1,17.90,7.1600,true,1,218298
7290005992735,false,לאבנה טבעי 5 אחוז 250גרם גד,הנסיך- מפעל לייצור ט,IL,לאבנה טבעי 5%,גרמים,250.00,100 גרם,false,12,13.90,5.5600,true,1,219086
7290005992858,false,גבינת פטה עיזים במשק,יושלם,IL,גבינת פטה עיזים במשקל,קילוגרמים,1.00,"ק""ג",true,,145.00,145.0000,true,1,219648
7290005992872,false,גב.צפתית במים 5% במשקל,מחלבות גד,IL,גבינה צפתית 5% במים במשקל,קילוגרמים,1.00,"ק""ג",true,,75.00,75.0000,true,1,219720
7290005996009,false,סלמי גלילי מעושן 400 ג' יחיעם,מעדני יחיעםn\,IL,נקניק סלמי גלילי מעושן 400 גר,גרמים,400.00,100 גרם,false,1,21.90,5.4750,true,1,317552
7290005996054,false,סלמי סרוולט הונגרי ב,מעדני יחיעם,IL,סלמי סרוולט הונגרי במשקל,קילוגרמים,1.00,"ק""ג",true,,169.00,169.0000,true,1,321727
7290005996078,false,סרוולט בסגנון הונגרי יחיעם 125 גרם,מעדני יחיעם,IL,נקניק סלמי הונגרי 125גר,גרמים,125.00,100 גרם,false,1,25.90,20.7200,true,1,321729
7290005996153,false,נקניקיות צרפתיות פרמיום יחיעם 280 גרם,מעדני יחיעם,IL,נקניקיות צרפתיות 280גר יחיעם,גרמים,280.00,100 גרם,false,1,22.90,8.1786,true,1,320372
7290005996160,false,נקניקיות צוריסו פרימיום יחיעם 280 גרם,מעדני יחיעם,IL,נקניקיות צוריסו 280גר יחיעם,גרמים,280.00,100 גרם,false,1,22.90,8.1786,true,1,320371
7290005996221,false,פסטרמה של פעם דקדק יחיעם 120 גרם,מעדני יחיעם,IL,פסטרמה של פעם דק דק 120 גר,גרמים,120.00,100 גרם,false,1,10.90,9.0833,true,1,322609
7290005996238,false,פסטרמה בדבש דקדק יחיעם 120 גרם,מעדני יחיעם,IL,פסטרמה בדבש דק דק 120 גר,גרמים,120.00,100 גרם,false,1,10.90,9.0833,true,1,322608
7290005996276,false,פסטרמה ברביקיו דקדק יחיעם 120 גרם,מעדני יחיעם,IL,פסטרמה ברביקיו דק דק 120 גר,גרמים,120.00,100 גרם,false,1,10.90,9.0833,true,1,322610
7290005996740,false,סלמי פפרוני יחיעם 300 ג',מעדני יחיעם 1993,IL,נקניק סלמי פפרוני 300 גרם,גרמים,300.00,100 גרם,false,1,22.90,7.6333,true,1,328069
7290005996825,false,נקניקיות בקר בסגנון אמריקאי 280 גרם,מעדני יחיעם 1993,IL,נקניקיות בקר בסגנון אמריקאי 280גר יחיעם,גרמים,280.00,100 גרם,false,1,22.90,8.1786,true,1,328070
7290005996979,false,סלמי פרח יחיעם 200גר,מעדני יחיעם (1993) בעמ,IL,נקניק סלמי פרח 200גר,גרמים,200.00,100 גרם,false,1,25.90,12.9500,true,1,334458
7290006194039,false,גבינת קשקווליו מעושן,,IT,גבינת קשקווליו מעושן איטלקי במשקל,קילוגרמים,1.00,"ק""ג",true,,119.00,119.0000,true,1,336317
7290006199027,false,מאגדת גלידל וניל מצופה סורבה תות שדה [8],הגלידות של פלדמן,IL,מאגדת גלידל וניל פטל 8 יח פלדמן,גרמים,600.00,100 גרם,false,1,29.90,4.9833,true,1,221763
7290006199218,false,"שמיניית גלידל אייס מוקה ""פלדמן""",הגלידות של פלדמן,IL,מאגדת שלגון גלידל קפוצינו 8 יח פלדמן,יחידה,8.00,יחידה,false,1,29.90,3.7375,true,1,221761
7290006199942,false,"שמיניית גלידל פרי דובדבן ""פלדמן""",הגלידות של פלדמן,IL,מאגדת גלידל פרי 8יח פרווה פלדמן,יחידה,8.00,יחידה,false,1,21.90,2.7375,true,1,225385
7290006210166,false,אצבעות וניל במשקל,בונז'ור,,אצבעות וניל במשקל,קילוגרמים,1.00,"ק""ג",true,,36.00,36.0000,true,1,223531
7290006210197,false,רוגלך בטעם שוקולד,בונז'ור,IL,רוגלאך,קילוגרמים,1.00,"ק""ג",true,,35.00,35.0000,true,1,218866
7290006210203,false,"בונז'ור בורקס תפו""א שקילה",בונז'ור,IL,בורקס תפוא,קילוגרמים,1.00,"ק""ג",true,,36.00,36.0000,true,1,218868
7290006210210,false,בורקיטס גבינה,בונז'ור,IL,בורקיטס גבינה,קילוגרמים,1.00,"ק""ג",true,,36.00,36.0000,true,1,218858
7290006210227,false,מאפה וניל במשקל,בונז'ור,,מאפה וניל במשקל,קילוגרמים,1.00,"ק""ג",true,,36.00,36.0000,true,1,219007
7290006210258,false,תפוחיות שמרים במשקל,בונז'ור,IL,תפוחיות שמרים במשקל,קילוגרמים,1.00,"ק""ג",true,,36.00,36.0000,true,1,218870
7290006210265,false,ריבועי פרג במשקל,בונז'ור,,ריבועי פרג במשקל,קילוגרמים,1.00,"ק""ג",true,,36.00,36.0000,true,1,218871
7290006210272,false,ריבועי שוקולד במשקל,בונז'ור,,ריבועי שוקולד במשקל,קילוגרמים,1.00,"ק""ג",true,,36.00,36.0000,true,1,219008
7290006210289,false,שנק קינמון במשקל,בונז'ור,,שנק קינמון במשקל,קילוגרמים,1.00,"ק""ג",true,,36.00,36.0000,true,1,218872
7290006210319,false,קרואסון ביס חמאה,בונז'ור,,קרואסון ביס חמאה,קילוגרמים,1.00,"ק""ג",true,,40.00,40.0000,true,1,218874
7290006210340,false,בונז'ור ביס בטעם שוקולד שקילה,בונז'ור,,עוגיות ביס שוקולד,קילוגרמים,1.00,"ק""ג",true,,36.00,36.0000,true,1,218875
7290006210357,false,שנק פיצה ביס1 קג,בונז'ור,,שנק פיצה,קילוגרמים,1.00,"ק""ג",true,,40.00,40.0000,true,1,218876
7290006210425,false,בורקס פילס תפוא במשק,בונז'ור,,בורקס פילס תפוא במשקל,קילוגרמים,1.00,"ק""ג",true,,40.00,40.0000,true,1,218878
7290006210449,false,בורקס פילס קשקבל במש,בונז'ור,,בורקס פילס קשקבל במשקל,קילוגרמים,1.00,"ק""ג",true,,40.00,40.0000,true,1,219011
7290006210456,false,בורקס פילס פטריות במ,בונז'ור,,בורקס פילס פטריות במשקל,קילוגרמים,1.00,"ק""ג",true,,40.00,40.0000,true,1,218879
7290006210654,false,עוגיות תפוחי עץ,בונז'ור,,עוגיות תפוחי עץ,קילוגרמים,1.00,"ק""ג",true,,36.00,36.0000,true,1,218873
7290006210661,false,בונז'ור באגט 330 גרם,בונז'ור,,בגט רגיל,גרמים,330.00,100 גרם,false,1,5.10,1.5455,true,1,218859
7290006210685,false,בונז'ור פטיט פאן לבן 60 ג',בונז'ור,,לחמניה פטיט פאן לבן,Unknown,0.00,Unknown,false,1,1.50,0.0000,true,1,221127
7290006210692,false,בונז'ור פטיט פאן כפרי 60 ג',בונז'ור,,לחמניה פטיט פאן כפרי,Unknown,0.00,Unknown,false,1,1.50,0.0000,true,1,221128
7290006210708,false,בגט כפרי,בונז'ור,,בגט כפרי,גרמים,330.00,100 גרם,false,1,6.50,1.9697,true,1,221132
7290006210913,false,בונז'ור לחם איטלקי 340ג',בונז'ור,,לחם איטלקי,גרמים,340.00,100 גרם,false,1,7.00,2.0588,true,1,218863
7290006229076,false,ג'אמפ צלול אפרסק 1.5 ל,"טמפו משקאות בע""\מ",IL,משקה גאמפ אפרסק 1.5 ליטר,ליטרים,1.50,ליטר,false,1,7.60,5.0667,true,1,315376
7290006235220,false,דר פישר קידס מגבונים 30יח TO GO דיספנסר,"ד""ר פישר Dr fischer",IL,קידס מגבונים הגייניים 30 יח TO-GO,יחידה,30.00,יחידה,false,24,6.90,0.2300,true,1,224157
7290006241504,false,"משקה תפוזים קפוא פריגת 340 מ""ל",פריגת מצוננים,IL,תפוזים 340,גרמים,340.00,100 גרם,false,1,13.90,4.0882,true,1,219792
7290006241511,false,"משקה לימונענע מרוכז קפוא פריגת 280 מ""ל",היינץ צפון אמריקה מק,IL,לימונענע 340,גרמים,340.00,100 גרם,false,1,13.90,4.0882,true,1,219793
7290006241535,false,"משקה מנגו קפוא פריגת 340 מ""ל",היינץ צפון אמריקה מק,IL,מנגו 340- ישן,גרמים,340.00,100 גרם,false,1,13.90,4.0882,true,1,219794
7290006241689,false,"משקה לימונים מרוכז קפוא פריגת 280 מ""ל",היינץ צפון אמריקה מק,IL,לימון 340,גרמים,340.00,100 גרם,false,1,13.90,4.0882,true,1,220296
7290006251107,false,תה צ'אי מסאלה ויסוצקי 25 יחידות,מולינו ניקולי s.p.a,IL,תה צאי מסאלה 2 גר 25 שקיקים,יחידה,25.00,יחידה,false,1,17.90,0.7160,true,1,219262
7290006251268,false,תה ירוק בטעם תפוח וקינמון ויסוצקי 25 יחידות,תה ויסוצקי,IL,תה ירוק תפוח וקינמון,יחידה,25.00,יחידה,false,6,24.90,0.9960,true,1,219585
7290006251275,false,תה ירוק סיני קלאסי ויסוצקי 25 יחידות,תה ויסוצקי,IL,תה ירוק סיני קלאסי,יחידה,25.00,יחידה,false,12,24.90,0.9960,true,1,219584
7290006251282,false,חליטת חמוציות הגן הקסום ויסוצקי 25 יחידות,תה ויסוצקי,IL,תה גן הקסום חמוציות קרנברי 2ג 25 שק,יחידה,25.00,יחידה,false,1,18.90,0.7560,true,1,219583
7290006251343,false,חליטת פסיפלורה מנגו הגן הקסום ויסוצקי 25 יחידות,תה ויסוצקי,IL,תה גן הקסום פסיפלורה מנגו 2ג 25 ש,יחידה,25.00,יחידה,false,1,18.90,0.7560,true,1,220080
7290006251374,false,תה ירוק לימונית וג'ינג'ר ויסוצקי 25 יחידות,תה ויסוצקי,IL,תה ירוק לימונית וגינגר,יחידה,25.00,יחידה,false,6,24.90,0.9960,true,1,220569
7290006251589,false,תה ירוק עם עלי נענע 50 שקיקים ויסוצקי,בית ויסוצקי,IL,תה ירוק נענע,יחידה,50.00,יחידה,false,12,44.90,0.8980,true,1,219795
7290006256133,false,יין פרודוטורי ברברסק,פרודוטורי דל ברברסקו,IT,יין פרודוטורי ברברסקו 750מל פקדון,מיליליטרים,750.00,"100 מ""ל",false,1,189.00,25.2000,true,1,237055
7290006256140,false,יין פרודוטורי דל ברב,,,יין פרודוטורי דל ברברסקו לנגה נביולו 750,מיליליטרים,750.00,"100 מ""ל",false,1,129.00,17.2000,true,1,219638
7290006256188,false,יין קוסומאנו נואה 75,,,יין קוסומאנו נואה 750מל פקדון,מיליליטרים,750.00,"100 מ""ל",false,1,185.00,24.6667,true,1,235341
7290006256577,false,יין וודברידג קברנה ס,,,יין וודברידג קברנה סוביניון 750 מל פקדון,מיליליטרים,750.00,"100 מ""ל",false,1,45.00,6.0000,true,1,234865
7290006256584,false,"יין אדום יבש ""וולברי",,,יין וודברידג מרלו 750 מל פיקדון,מיליליטרים,750.00,"100 מ""ל",false,1,45.00,6.0000,true,1,234863
7290006256607,false,וודברידג' מונדאבי שר,,,יין וודברידג שרדונה 750 מל פקדון,מיליליטרים,750.00,"100 מ""ל",false,1,45.00,6.0000,true,1,234864
7290006256621,false,וודבריג'- רוברט מונד,,,יין וודברידג רוזה 750 מל פקדון,מיליליטרים,750.00,"100 מ""ל",false,1,45.00,6.0000,true,1,234866
7290006256690,false,יין אורנלייה לה סרה,,,יין אורנלייה לה סרה נואבה 750מל פקדון,מיליליטרים,750.00,"100 מ""ל",false,1,285.00,38.0000,true,1,234265
7290006271174,false,ג'חנון לאפיה בתנור מעדנות 700 גרם,מיוצר עי קונדיטוריית,IL,גחנון בצק 700 גרם,גרמים,700.00,100 גרם,false,1,19.90,2.8429,true,1,219978
7290006271181,false,ג'חנון אפוי למיקרוגל מעדנות 750 גרם,מיוצר עי קונדיטוריית,IL,גחנון אפוי 750 גרם,גרמים,750.00,100 גרם,false,1,25.00,3.3333,true,1,219979
7290006271648,false,מיני בורקס תפוחי אדמה מעדנות 800 גרם,"מעדנות בע""\מ",IL,מיני בורקס תפוחי אדמה 800 ג מוזל,גרמים,800.00,100 גרם,false,1,24.50,3.0625,true,1,221769
7290006271655,false,מיני בורקס גבינה מעדנות 800 גרם,מיוצר עי קונדיטוריית,IL,מיני בורקס גבינה 800 ג מוזל,גרמים,800.00,100 גרם,false,1,26.50,3.3125,true,1,221753
7290006272072,false,חטיפי פיצה גבינה מעדנות 650 גרם,"מעדנות בע""\מ",IL,חטיפי פיצה גבינה 650 גר מוזל,גרמים,650.00,100 גרם,false,1,29.90,4.6000,true,1,224601
7290006272430,false,בצק עלים חמאה מעדנות 600 גרם,מיוצר עי קונדיטוריית,IL,בצק עלים חמאה 600 גר,גרמים,600.00,100 גרם,false,1,29.50,4.9167,true,1,225159
7290006306159,false,פסטנונה-לזניה 4 גבינות 500גר,דורום תעשיות מזון ופסטה,IL,לזניה 4 גבינות 500 גר פסטנונה,גרמים,500.00,100 גרם,false,1,31.90,6.3800,true,1,219353
7290006306180,false,פסטה נונה קנלוני גבינת עיזים 500 גר,פסטה נונה Pasta Nonn,IL,קנלוני גבינת עיזים 500 גר פסטנונה,גרמים,500.00,100 גרם,false,1,31.90,6.3800,true,1,225576
7290006306296,false,רביולי במילוי גבינה לילדים פסטה נונה גד 400 גרם,דורום תעשיות מזון ופסטה,IL,פסטה רביולי גבינה לילדים 400 ג,גרמים,400.00,100 גרם,false,1,24.90,6.2250,true,1,229295
7290006306302,false,רביולי במילוי גבינות פרמזן ריקוטה 400 ג' פסטה נונה,דורום תעשיות מזון ופסטה,IL,פסטה רביולי גבינה ופרמזן 400 ג,גרמים,400.00,100 גרם,false,1,24.90,6.2250,true,1,222260
7290006306319,false,רביולי במילוי בטטה 400 ג' פסטה נונה,דורום תעשיות מזון ופסטה,IL,פסטה רביולי בטטה 400 ג,גרמים,400.00,100 גרם,false,1,24.90,6.2250,true,1,222261
7290006306326,false,רביולי במילוי פטריות וגבינת פרמזן פסטה נונה 400 ג',דורום תעשיות מזון ופסטה,IL,פסטה רביולי פטריות 400 ג,גרמים,400.00,100 גרם,false,1,24.90,6.2250,true,1,222262
7290006306333,false,רביולי במילוי תרד וגבינת ריקוטה פסטה נונה 400 ג',דורום תעשיות מזון ופסטה,IL,פסטה רביולי תרד 400 ג,גרמים,400.00,100 גרם,false,1,24.90,6.2250,true,1,222264
7290006306340,false,ניוקי תפוחי אדמה 400 ג',דורום תעשיות מזון ופסטה,IL,פסטה ניוקי תפוחי אדמה 400 ג,גרמים,400.00,100 גרם,false,1,21.90,5.4750,true,1,222265
7290006306357,false,רביולי במילוי גבינת עיזים 400 ג' פסטה נונה,דורום תעשיות מזון ופסטה,IL,פסטה רביולי גבינת עיזים 400 ג,גרמים,400.00,100 גרם,false,1,24.90,6.2250,true,1,222263
7290006306593,false,ערכת הכנה לפיצה ביתי,,IL,ערכה להכנת פיצה ביתית פסטה נונה 550גר,גרמים,550.00,100 גרם,false,6,28.90,5.2545,true,1,329627
7290006322104,false,לחם ריחיים קל פרוס 500גר,מאפיית דוידוביץ ובניו בע,IL,לחם ריחיים קל פרוס 500 גר דוידוביץ,גרמים,500.00,100 גרם,false,1,12.10,2.4200,true,1,222954
7290006322111,false,לחמניות ריחיים 80*6 גרם,מאפיית דוידוביץ ובניו בע,IL,לחמניות ריחיים קלות 75גרם 6 *,גרמים,450.00,100 גרם,false,6,10.90,2.4222,true,1,222955
7290006322470,false,לחם תשעה דגנים דוידו,מאפיית דוידוביץ ובניו בע,IL,לחם קל 9 דגנים 500 גר דוידוביץ,גרמים,500.00,100 גרם,false,1,13.80,2.7600,true,1,227244
7290006322487,false,לחם קוביות קמח מלא 750 גר,מאפיית דוידוביץ ובני,IL,לחם קל קוביות קמח מלא 750גרם,גרמים,750.00,100 גרם,false,1,12.10,1.6133,true,1,227245
7290006322838,false,לחם מקמח מלא דוידובי,מאפיית דוידוביץ ובניו בע,IL,לחם %100קמח מלא 750גרם,גרמים,750.00,100 גרם,false,1,13.10,1.7467,true,1,233540
7290006322968,false,לחם זיץ ברויט דוידוב,מאפיית דוידוביץ ובני,IL,לחם זיץ ברויט 1.2קג,גרמים,1200.00,100 גרם,false,1,14.10,1.1750,true,1,242178
7290006342072,false,גרעין לבן ששון הקולה 200 גרם,"דין שיווק וקלייה בע""",IL,גרעין לבן 200 ג,גרמים,200.00,100 גרם,false,1,7.90,3.9500,true,1,220981
7290006342089,false,גרעין שחור 200 גרם ששון הקולה,"דין שיווק וקלייה בע""",IL,גרעין שחור 200,גרמים,200.00,100 גרם,false,25,4.90,2.4500,true,1,220980
7290006342447,false,גרעיני אבטיח ששון הקולה 200 גרם,"דין שיווק וקלייה בע""",IL,גרעין אבטיח 200,גרמים,200.00,100 גרם,false,25,16.00,8.0000,true,1,220983
7290006342515,false,מנצ'ס ששון הקולה 200 גרם,"דין שיווק וקלייה בע""",,תערובת מנצס 200 ג,גרמים,200.00,100 גרם,false,1,6.90,3.4500,true,1,220992
7290006342560,false,בוטן אמריקאי 200 גרם ששון הקולה,"דין שיווק וקלייה בע""",IL,בוטן אמריקאי 200 גר,גרמים,200.00,100 גרם,false,25,5.90,2.9500,true,1,220994
7290006355591,false,רוטב ברביקיו עד העצם,קמיליה,,רוטב ברביקיו עד העצם חריף 275 מל,מיליליטרים,275.00,"100 מ""ל",false,1,25.20,9.1636,true,1,219561
7290006357571,false,גבינת סמוקרלה מעושן,,,גבינת סמוקרלה מעושן במשקל פריסלנד,קילוגרמים,1.00,"ק""ג",true,,55.00,55.0000,true,1,335627
7290006359735,false,רוטב לסלט עד העצם 37,קמיליה,IL,רוטב לסלט עד העצם 375 מל,מיליליטרים,375.00,"100 מ""ל",false,1,22.90,6.1067,true,1,219339
7290006362209,false,"יין דרך ארץ קברנה סוביניון 750 מ""ל",המאפיה של הרמן,IL,יין דרך ארץ ק.סוביניון 750 מל פיקדון,מיליליטרים,750.00,"100 מ""ל",false,1,35.00,4.6667,true,1,220149
7290006362216,false,"יין יין דרך ארץ מרלו 750 מ""ל",המאפיה של הרמן,IL,יין דרך ארץ מרלו 750 מל פיקדון,מיליליטרים,750.00,"100 מ""ל",false,12,35.00,4.6667,true,1,220150
7290006374738,false,קונפיטורית תות 340 גר' יד מרדכי,אף.סי תבליני בגליל ב,IL,קונפיטורה תות שדה 340 גר יד מרדכי,גרמים,340.00,100 גרם,false,1,13.90,4.0882,true,1,220683
7290006401366,false,"סבון לשטיפה אינטימית ליגיניה פרוטקטיב 200 מ""ל",)פייזר (קונסיומר הלט קר,IT,אלסבון לגינייה שטיפה אינטימית אקטיב סופר,מיליליטרים,200.00,"100 מ""ל",false,1,34.90,17.4500,true,1,223563
7290006439031,false,שמן קנולה שוקחה 1 לי,אליטה גידא סנאי וי,BE,שמן קנולה שוקחה 1 ליטר,ליטרים,1.00,ליטר,false,15,10.90,10.9000,true,1,323492
7290006439444,false,"אורז בסמתי ""גולד"" מוזהב 1 ק""ג שוקחה",צימאן לאל סאטיה-דלהי,IL,אורז בסמטי גולד 1 קג,קילוגרמים,1.00,"ק""ג",false,20,11.90,11.9000,true,1,305579
7290006439451,false,בארי גולדן אורז בסמט,צימאן לאל סאטיה-דלהי,IN,אורז בסמטי גולד 1 קג,קילוגרמים,1.00,"ק""ג",false,20,47.90,47.9000,true,1,305578
7290006439468,false,עדשים אדומות שוקחה 1,סוגת תעשיות בעמ,,עדשים אדומות שוקחה 1 קג,קילוגרמים,1.00,"ק""ג",false,1,13.90,13.9000,true,1,315737
7290006439475,false,עדשים ירוקות שוקחה 1,סוגת תעשיות בעמ,,עדשים ירוקת שוקחה 1 קג,קילוגרמים,1.00,"ק""ג",false,1,13.90,13.9000,true,1,315736
7290006439482,false,שעועית לבנה שוקחה 1,סוגת תעשיות בעמ,,שעועית לבנה שוקחה 1 קג,קילוגרמים,1.00,"ק""ג",false,1,13.90,13.9000,true,1,315735
7290006439499,false,פופקורן שוקחה 1 קג,סוגת תעשיות בעמ,,פופקורן שוקחה 1 קג,קילוגרמים,1.00,"ק""ג",false,1,11.90,11.9000,true,1,315729
7290006439512,false,פול גדול 750גרם (בד'ץ),בני ג'ורג' שוקחה חיפ,,פול גדול שוקחה 750 גרם,גרמים,750.00,100 גרם,false,1,13.90,1.8533,true,1,297098
7290006439536,false,חומוס שוקחה 1 קג,סוגת תעשיות בעמ,,חומוס שוקחה 1 קג,קילוגרמים,1.00,"ק""ג",false,1,13.90,13.9000,true,1,315816
7290006439543,false,בורגול שוקחה עבה 1 ק,סוגת תעשיות בעמ,,בורגול עבה שוקחה 1 קג,קילוגרמים,1.00,"ק""ג",false,1,8.90,8.9000,true,1,315731
7290006439550,false,בורגול שוקחה דק 1 קג,סוגת תעשיות בעמ,,בורגול שוקחה 1 קג,קילוגרמים,1.00,"ק""ג",false,1,8.90,8.9000,true,1,315730
7290006439574,false,בורגול גס שוקחה 1 קג,סוגת תעשיות בעמ,,בורגול גס שוקחה 1 קג,קילוגרמים,1.00,"ק""ג",false,1,8.90,8.9000,true,1,315743
7290006439581,false,תורמוס מתוק שוקחה 1,בני ג'ורג' שוקחה חיפ,,תורמוס מתוק שוקחה 1 קג,קילוגרמים,1.00,"ק""ג",false,1,11.90,11.9000,true,1,297097
7290006439598,false,פריקה שוקחה 800 גרם,בני ג'ורג' שוקחה חיפ,IL,פריקה שוקחה 800 גרם,גרמים,800.00,100 גרם,false,12,13.90,1.7375,true,1,297099
7290006439680,false,גריסים שוקחה 1 קג,סוגת תעשיות בעמ,,גריסים שוקחה 1 קג,קילוגרמים,1.00,"ק""ג",false,1,8.90,8.9000,true,1,315739
7290006439697,false,חיטה שוקחה 1 קג,סוגת תעשיות בעמ,,חיטה שוקחה 1 קג,קילוגרמים,1.00,"ק""ג",false,1,8.90,8.9000,true,1,315741
7290006439710,false,שעועית אדומה שוקחה 1,סוגת תעשיות בעמ,,שעועית אדומה שוקחה 1 קג,קילוגרמים,1.00,"ק""ג",false,1,13.90,13.9000,true,1,315817
7290006439765,false,כוסמת שוקחה 1 קג,סוגת תעשיות בעמ,,כוסמת שוקחה 1 קג,קילוגרמים,1.00,"ק""ג",false,1,13.90,13.9000,true,1,315740
7290006492432,false,גבינת מוצרלה בייבי 18% גד 150 גרם,מחלבות גד בעמ,IL,בייבי מוצרלה 18%,גרמים,150.00,100 גרם,false,12,16.90,11.2667,true,1,220232
7290006492616,false,גבינה בולגרית מעודנת פרוסות 5% גד 250 גרם,DSH עבור מחלבות גד ב,IL,בולגרית 5% פרוסות,גרמים,250.00,100 גרם,false,6,29.90,11.9600,true,1,221790
7290006492630,false,גבינת פרומעז עיזים 22% גד 180 גרם,מחלבות גד בעמ,IL,גבינת גליל עיזים 180 גרם,גרמים,180.00,100 גרם,false,1,24.90,13.8333,true,1,221938
7290006492647,false,מטבעות גבינה עזים 22 אחוז 150גרם גד,"מיוצר ע""י קוד יצרן t",IL,גבינת עיזים מטבעות 22% 150 ג,גרמים,150.00,100 גרם,false,1,23.90,15.9333,true,1,221939
7290006492685,false,גבינת לאבנה 5% מחלב עזים גד 250 גרם,מחלבות גד בעמ,IL,לאבנה עיזים 5%,גרמים,250.00,100 גרם,false,12,18.90,7.5600,true,1,222279
7290006492852,false,גבינת עיזים למריחה 5% שומן 250 ג' גד,גבינות מדף,IL,גבינת עיזים 5% לבנה 250 גר,גרמים,250.00,100 גרם,false,1,18.90,7.5600,true,1,222705
7290006492913,false,גבינת לאבנה ציזיקי 5% מחלבות גד 250 גרם,מחלבות גד בעמ,IL,לבנה ציזקי למריחה 5% 250 גר,גרמים,250.00,100 גרם,false,1,14.90,5.9600,true,1,222704
7290006494917,false,טוסו וופל קלאסי במילוי שוקולד 200 גרם,"איטיליאן פוד, אס.פי.",IL,ופל שוקולד טוסו ללא סוכר 200 גר,גרמים,200.00,100 גרם,false,1,9.90,4.9500,true,1,220462
7290006494924,false,טוסו וופל קלאסי במילוי קרם לימון 200 גרם,"גילרו בע""מ",IL,וופל לימון ללא סוכר מרמולייט 180 גר,גרמים,180.00,100 גרם,false,1,9.90,5.5000,true,1,220463
7290006511904,false,גבינת אדם כדורים במשקל,ברגלנדמיל,NL,גבינת אדם כדור במשקל,קילוגרמים,1.00,"ק""ג",true,,69.00,69.0000,true,1,321194
7290006515926,false,"מארז אפרול 700 + פרו שפריץ 750 מ""ל",davide campari,IT,מארז ליקר אפרול 700 מל+פרו שפריץ,מיליליטרים,700.00,"100 מ""ל",false,1,99.00,14.1429,true,1,318659
7290006546012,false,שעועית בנוסח מקסיקני בטעם חריף 580 ג' פרי הגליל,"פרי הגליל בע""""מ",IL,צילי בנוסח מקסיקני א/2 פרי גליל,גרמים,400.00,100 גרם,false,1,6.90,1.7250,true,1,220389
7290006546302,false,"צ'יפס קיטרינג פרי גליל 1.5 ק""ג","פרי הגליל בע""""מ",IL,ציפס קטרינג 1.5 קג פרי גליל,קילוגרמים,1.50,"ק""ג",false,1,18.90,12.6000,true,1,299073
7290006546319,false,"סטייק צ'יפס פרי הגליל 1.5 ק""ג","פרי הגליל בע""""מ",IL,סטייק ציפס 1.5 קג פרי גליל,קילוגרמים,1.50,"ק""ג",false,1,18.90,12.6000,true,1,299074
7290006546371,false,במיה 600 ג' פרי הגליל,"פרי הגליל בע""""מ",IL,במיה קפואה 600 גר פרי גליל,גרמים,600.00,100 גרם,false,1,16.90,2.8167,true,1,299071
7290006546388,false,תחתיות ארטישוק פרי הגליל 400 גרם,"פרי הגליל בע""""מ",IL,תחתיות ארטישוק קפואה 400 גר פרי גליל,גרמים,400.00,100 גרם,false,1,19.90,4.9750,true,1,299072
7290006546395,false,לקט העונה פרי הגליל 800 גרם,"פרי הגליל בע""""מ",IL,לקט העונה קפוא 800 גר פרי גליל,גרמים,800.00,100 גרם,false,1,12.90,1.6125,true,1,299069
7290006546500,false,צ'יפס זיגזג קפוא פרי גליל 800 ג',"פרי הגליל בע""""מ",IL,ציפס זיג זג 800 גר קפוא,גרמים,800.00,100 גרם,false,1,11.90,1.4875,true,1,299084
7290006546524,false,צי'פס מובחר קפוא פרי גליל 800 ג',"פרי הגליל בע""""מ",IL,ציפס מובחר 800 גר קפוא,גרמים,800.00,100 גרם,false,1,11.90,1.4875,true,1,299083
7290006546982,false,לקט סיני 800 ג' פרי הגליל,"פרי הגליל בע""""מ",IL,לקט סיני 800 ג פרי גליל,גרמים,800.00,100 גרם,false,1,15.90,1.9875,true,1,299079
7290006546999,false,לקט למרק פרי הגליל 800 ג',"פרי הגליל בע""""מ",IL,לקט למרק 800 גר,גרמים,800.00,100 גרם,false,1,15.90,1.9875,true,1,299081
7290006554017,false,עוגיות מרוקאיות 500 גרם ארקד,"ארקד מוצרי אפיה בע""מ",IL,עוגיות מרוקאית 500 ג ארקד,גרמים,500.00,100 גרם,false,1,18.90,3.7800,true,1,221792
7290006554024,false,עוגיות ביתיות תמרים,"ארקד מוצרי אפיה בע""מ",IL,עוגיות תמרים 400 ג ארקד,גרמים,400.00,100 גרם,false,1,18.90,4.7250,true,1,221793
7290006554031,false,עוגיות ביתיות אגוזים,"ארקד מוצרי אפיה בע""מ",IL,עוגיות אגוזים 400 ג ארקד,גרמים,400.00,100 גרם,false,1,18.90,4.7250,true,1,221794
7290006554048,false,עוגיות חיתוכיות בטעם,"ארקד מוצרי אפיה בע""מ",IL,עוגיות ריבה 250 ג ארקד,גרמים,250.00,100 גרם,false,1,18.90,7.5600,true,1,230222
7290006554055,false,עוגיות חלבה ביתיות 3,"ארקד מוצרי אפיה בע""מ",IL,עוגיות חלבה ביתיות 300 ג,גרמים,300.00,100 גרם,false,1,18.90,6.3000,true,1,222219
7290006554062,false,עוגיות גרנולה ארקד 2,"ארקד מוצרי אפיה בע""מ",IL,עוגיות גרנולה 250 ג ארקד,גרמים,250.00,100 גרם,false,1,18.90,7.5600,true,1,230221
7290006554079,false,עוגיות גרנולה ללא תו,"ארקד מוצרי אפיה בע""מ",IL,עוגיות גרנולה ללא סוכר 250 גר,גרמים,250.00,100 גרם,false,1,18.90,7.5600,true,1,232158
7290006554086,false,עוגיות עינוגית 400 ג,"ארקד מוצרי אפיה בע""מ",,עוגיות עינוגית 400 ג ארקד,גרמים,400.00,100 גרם,false,1,18.90,4.7250,true,1,221795
7290006554093,false,עוגיות סהרונים ביתיו,"ארקד מוצרי אפיה בע""מ",IL,עוגיות סהרונים ביתיות 300 ג,גרמים,300.00,100 גרם,false,1,18.90,6.3000,true,1,222516
7290006554123,false,עוגיות פריכות עם שקד,"ארקד מוצרי אפיה בע""מ",IL,עוגיות שקדים 250 ג ארקד,גרמים,250.00,100 גרם,false,1,18.90,7.5600,true,1,230223
7290006554161,false,עוגיות משקפיים קינמו,"ארקד מוצרי אפיה בע""מ",IL,עוגיות משקפיים 250 ג ארקד,גרמים,250.00,100 גרם,false,1,18.90,7.5600,true,1,240946
7290006554246,false,"עוגיות משפיים חום ""ארקד""","ארקד מוצרי אפיה בע""מ",IL,עוגיות משקפיים 250 ג ארקד,גרמים,250.00,100 גרם,false,1,18.90,7.5600,true,1,244234
7290006554260,false,עוגיות שושנים 250 גר,"ארקד מוצרי אפיה בע""מ",IL,עוגיות שושונים 250 ג ארקד,גרמים,250.00,100 גרם,false,1,18.90,7.5600,true,1,244233
7290006554307,false,עוגיות מרוקאית ללא ס,"ארקד מוצרי אפיה בע""מ",IL,עוגיות מרוקאית ללא סוכר 300 גר ארקד,גרמים,300.00,100 גרם,false,1,18.90,6.3000,true,1,222648
7290006554314,false,עוגיות שקדים ללא סוכ,"ארקד מוצרי אפיה בע""מ",IL,עוגיות שקדים ללא סוכר 250גר ארקד,גרמים,250.00,100 גרם,false,1,18.90,7.5600,true,1,243987
7290006554321,false,עוגיות אגוזי לוז ללא,"ארקד מוצרי אפיה בע""מ",IL,עוגיות אגוזי לוז ללא סוכר 250גר ארקד,גרמים,250.00,100 גרם,false,1,18.90,7.5600,true,1,243988
7290006554345,false,עוגיות תמרים ללא סוכ,"ארקד מוצרי אפיה בע""מ",IL,עוגיות תמרים ללא סוכר 250 גרם,גרמים,250.00,100 גרם,false,1,18.90,7.5600,true,1,310770
7290006554413,false,עוגיות מרוקאיות ארקד,"ארקד מוצרי אפיה בע""מ",IL,עוגיות מרוקאית קמח מלא ל.ס.300גר,גרמים,300.00,100 גרם,false,1,18.90,6.3000,true,1,226441
7290006554703,false,עוגיות כעכים מלוחים,יצרן 794,IL,עוגיות כעכים מלוח 400 גר,גרמים,400.00,100 גרם,false,1,16.90,4.2250,true,1,230263
7290006554727,false,עוגיות מקלות מלוח קצ,עוזי,IL,עוגיות מקלות מלוח קצח 400 גר,גרמים,400.00,100 גרם,false,1,16.90,4.2250,true,1,230265
7290006554758,false,עוגיות מלוחות ללא סו,"ארקד מוצרי אפיה בע""מ",IL,עוגיות מלוחות ללא סוכר 250 גרם,גרמים,250.00,100 גרם,false,1,18.90,7.5600,true,1,307152
7290006559029,false,כדורי מוצרלה בופלו במשקל,חוות הבואפלו,,יורט בואפלו 850 גרם 10% שומן,גרמים,850.00,100 גרם,false,1,24.90,2.9294,true,1,324502
7290006559067,false,גבינת בורטה חצי קשה,,,גבינת בורטה חצי קשה 18% שומן 220גר,גרמים,220.00,100 גרם,false,1,29.90,13.5909,true,1,222204
7290006559203,false,בואפלו מוצרלה במשקל,מחלבת חוות הבופאלו,IL,בואפלו מוצרלה במשקל,קילוגרמים,1.00,"ק""ג",true,,109.00,109.0000,true,1,222200
7290006559388,false,"יורט סגנון של יוגורט 850 גרם ""בופלו""",מחלבת חוות הבופאלו,IL,יוגורט ביו 5% בופאלו 850 גרם,מיליליטרים,850.00,"100 מ""ל",false,1,22.50,2.6471,true,1,301053
7290006559395,false,יורט בסגנון יוגורט ביו 5% 200 גר,מחלבת חוות הבופאלו,IL,יורט בואפלו 5% 200 גרם,גרמים,200.00,100 גרם,false,1,8.00,4.0000,true,1,228310
7290006559470,false,יורט בסגנון יוגורט ביו 5% 200 גר,מחלבת חוות הבופאלו,IL,יורט בואפלו בטעם תות 5% 200גרם,גרמים,200.00,100 גרם,false,1,9.90,4.9500,true,1,301052
7290006559593,false,גבינה בופאלו למריחה 250גר,,IL,גבינת קרם 5% טבעית בופאלו 250 גר,גרמים,250.00,100 גרם,false,1,24.50,9.8000,true,1,225983
7290006559623,false,ריקוטה די בופאלה 11%שומן 300 גר,,,גבינת ריקוטה בואפלו 300 גרם,גרמים,300.00,100 גרם,false,1,22.90,7.6333,true,1,295376
7290006559630,false,צפתית בופלו במליחות,חוות הבואפלו,IL,גבינה צפתית בואפלו 250 גר,גרמים,250.00,100 גרם,false,1,24.90,9.9600,true,1,311054
7290006559784,false,דבקה גבינה צ'רקסית 250גר,מחלבת חוות הבופאלו,IL,גבינת דבקה צרקסית 250גר,גרמים,250.00,100 גרם,false,,24.90,9.9600,true,1,317081
7290006559807,false,בלה מוצרלה 18% שומן150גר,מחלבת חוות הבופאלו,IL,בלה מוצרלה בואפלו 150גר,גרמים,150.00,100 גרם,false,1,22.90,15.2667,true,1,311053
7290006559845,false,גבינת בורטה כמהין בו,,,גבינת בורטה כמהין בופאלו 18% שומן 220גר,גרמים,220.00,100 גרם,false,1,29.90,13.5909,true,1,334132
7290006559906,false,גבינת שמנת בסגנון בו,חוות הבואפלו,IL,גבינת שמנת בסגנון בורסן 250גר 28%שומן,גרמים,250.00,100 גרם,false,1,24.90,9.9600,true,1,225985
7290006559975,false,גבינת בופאלו עיראקית,,,גבינת צפתית טבעית בופאלו במשקל,קילוגרמים,1.00,"ק""ג",true,,139.00,139.0000,true,1,222657
7290006562906,false,פרמיו הודו וכבש לחתולים,פרמיו Premio,,סטיק הודו וכבש פרמיו 15 גר,יחידה,1.00,יחידה,false,35,6.90,6.9000,true,1,336975
7290006562913,false,סטיק עוף וברווז פרמי,,,סטיק עוף וברווז פרמיו 15 גר,יחידה,1.00,יחידה,false,35,6.90,6.9000,true,1,336976
7290006567048,false,פתיתי קוסקוס ישראלי אסם 350 גרם,"מיוצר ע""י קוד יצרן K",IL,פתיתי אסם קוסקוס ישראלי 350 ג בדץ,גרמים,350.00,100 גרם,false,12,7.90,2.2571,true,1,221308
7290006577160,false,יוגורט טבעי 3.6% אורגני 1 ליטר מחלבת גלילי,חוות רום,IL,יוגורט אורגני טבעי 1ליטר 3.6% שומן,ליטרים,1.00,ליטר,false,1,24.90,24.9000,true,1,303370
7290006578006,false,גורגונזולה פיקנטה במשקל,,IT,גבינת גורגונזולה פיקנטה במשקל נטו,קילוגרמים,1.00,"ק""ג",true,,129.00,129.0000,true,1,321831
7290006578068,false,גבינת פיור פרפקשן הנ,הנרי ויליך,NL,גבינת פיור פרפקשן הנרי וויליך במשקל,קילוגרמים,1.00,"ק""ג",true,,179.00,179.0000,true,1,326952
7290006578266,false,הנרי וויליך גבינת פיור גולד במשקל,kaasmakerij henri wi,NL,גבינת פיור גולד הנרי וויליך במשקל,קילוגרמים,1.00,"ק""ג",true,,179.00,179.0000,true,1,326953
7290006578303,false,ברי כמהין בקר 31% במשקל,איסיני סנט מור,FR,גבינת ברי כמהין במשקל איסיני סנט מור,קילוגרמים,1.00,"ק""ג",true,,249.00,249.0000,true,1,335022
7290006578464,false,רוקפור פאפיון במשקל,פורמאג'רי פאפיון,FR,גבינת רוקפור פאפיון במשקל,קילוגרמים,1.00,"ק""ג",true,,249.00,249.0000,true,1,327387
7290006578648,false,גבינת בושה עיזים מפו,איסיני סנט מור,FR,גבינת בושה מפוחם במשקל,קילוגרמים,1.00,"ק""ג",true,,179.00,179.0000,true,1,321833
7290006578655,false,הנרי וויליך גבינת גלוריוס עיזים במשקל,kaasmakerij henri wi,NL,גבינת גלוריוס עיזים הנרי וויליך במשקל,קילוגרמים,1.00,"ק""ג",true,,189.00,189.0000,true,1,326950
7290006578662,false,גבינת פלורט במשקל,,FR,גבינת פלורט במשקל,קילוגרמים,1.00,"ק""ג",true,,199.00,199.0000,true,1,335144
7290006582355,false,סילאן סירופ 900 גרם שקדיה,"דין שיווק וקליה בע""מ",TR,סילאן 900 גר,גרמים,900.00,100 גרם,false,1,11.90,1.3222,true,1,227760
7290006582799,false,גינגר מיובש שקדיה 20,"דין שיווק וקלייה בע""",IL,גינגר מיובש 160 ג בקופסא,גרמים,160.00,100 גרם,false,1,12.90,8.0625,true,1,222271
7290006618078,false,"מרסס לניקוי יסודי מטבח אסטוניש 750 מ""ל",יעקובי אסטוניש,GB,אסטוניש מרסס צהוב למטבח,Unknown,0.00,Unknown,false,12,13.90,0.0000,true,1,221282
7290006618085,false,"אסטוניש תרסיס ניקוי אמבטיה וכיורים יעקבי 750 מ""ל",יעקובי אסטוניש,GB,אסטוניש מרסס כחול לאמבט,מיליליטרים,750.00,"100 מ""ל",false,12,13.90,1.8533,true,1,221281
7290006618146,false,"מדליק פחמים נוזלי הפי יעקבי 500 מ""ל",תות תעשיות מזון (201,NL,הפי נוזל מדליק פחמים 500 מל,מיליליטרים,500.00,"100 מ""ל",false,1,15.90,3.1800,true,1,221274
7290006618610,false,הפי ספוגיות לניקוי כלים חלביים ובשריים יעקבי 6 יחידות,יעקובי,TR,ספוגיות כלים הפי 6 יח בשרי/חלבי,Unknown,0.00,Unknown,false,1,10.90,0.0000,true,1,222806
7290006618665,false,מטלית גילדה לרכב הפי,סיפי קנג,TW,הפי מטלית גילדה לרכב,יחידה,1.00,יחידה,false,25,24.90,24.9000,true,1,240901
7290006636249,false,יין ריטון אמפורה גרנ,,,יין ריטון אמפורה גרנאש בלאן 750 מל,מיליליטרים,750.00,"100 מ""ל",false,1,80.00,10.6667,true,1,322509
7290006636324,false,יין אמפורה מקורה קבר,יקב אמפורה,,יין אמפורה מקורה קברנה סוביניון 750,מיליליטרים,750.00,"100 מ""ל",false,1,199.00,26.5333,true,1,337902
7290006636638,false,"יין אמפורה ריטון רוז 750 מ""ל",,IL,יין אמפורה 2006/5 רוזה אורג 750 מל פקדון,Unknown,0.00,Unknown,false,6,110.00,0.0000,true,1,335408
7290006636737,false,"יין אמפורה גרנאש בלאן 750 מ""ל",,IL,יין אמפורה גרנאש בלגן 750 מל,מיליליטרים,750.00,"100 מ""ל",false,1,100.00,13.3333,true,1,337271
7290006636775,false,"יין אמפורה מד רד 750 מ""ל",,IL,יין מד רד אמפורה 750 מל,מיליליטרים,750.00,"100 מ""ל",false,1,85.00,11.3333,true,1,335411
7290006636928,false,יין אמפורה מקורה 200,יקב אמפורה,,יין אמפורה מקורה 2008 750מל פקדון,מיליליטרים,750.00,"100 מ""ל",false,1,185.00,24.6667,true,1,237046
7290006644480,false,תפוזינה תפוזים 0.5 ליטר,יפאורה שותפות מובגלת לשיווק,IL,משקה תפוזינה תפוזים 500 מל פקדון,מיליליטרים,500.00,"100 מ""ל",false,24,7.90,1.5800,true,1,296723
7290006644527,false,תפוזינה תות בננה 0.5 ליטר,יפאורה שותפות מובגלת לשיווק,IL,משקה תפוזינה תות בננה 500 מל פקדון,מיליליטרים,500.00,"100 מ""ל",false,24,7.90,1.5800,true,1,296727
7290006651570,false,"קמיל בלו צמחי מרפא שמפו ואל סבון ד""ר פישר 750 מ""ל",פישר מעבדות פרמצבטיות בע,IL,ק.ב צמפ שמפו ואל סבון 750 גרם-משאב,מיליליטרים,750.00,"100 מ""ל",false,14,18.90,2.5200,true,1,224137
7290006653765,false,פרפקטו פסטה פטוצ'יני אסם 500 גרם,אסם פרפקטו,IT,פסטה פרפקטו פטוציני 500 ג,גרמים,500.00,100 גרם,false,15,7.50,1.5000,true,1,222173
7290006653819,false,פתיתי קוסקוס דק 350 גרם,"מיוצר ע""י קוד יצרן K",IL,קוסקוס אסם אמיתי דק בשקית 350 גרם,גרמים,350.00,100 גרם,false,12,7.90,2.2571,true,1,221119
7290006660060,false,אקופרינד-ניקוי אסלות 750 מל,,,נוזל לניקוי אסלות אקולוגי 750 מל אקופרנד,מיליליטרים,750.00,"100 מ""ל",false,1,13.90,1.8533,true,1,227549
7290006660077,false,מנקה אמבטיה וכיורים,,,מנקה אמבטיה וכיורים אקולוגי 750 מל,מיליליטרים,750.00,"100 מ""ל",false,1,15.90,2.1200,true,1,225564
7290006660084,false,אקופירנד-ניקוי חלונות 750 מל,,,מנקה חלונות אקולוגי 750 מל,מיליליטרים,750.00,"100 מ""ל",false,1,13.90,1.8533,true,1,225582
7290006660220,false,"מנקה רב תכליתי בהתזה אקופרנד 750 מ""ל",אקופרנד,,מנקה רב תכליתי אקופרנד 750מל,מיליליטרים,750.00,"100 מ""ל",false,1,16.90,2.2533,true,1,307616
7290006660411,false,בוטני מגבונים טבעיים ואקולוגיים,נטורפוד,IL,מגבונים טבעיים אקולוגיים בוטני,יחידה,72.00,יחידה,false,1,9.90,0.1375,true,1,233239
7290006660596,false,קמח עדשים אדומות ללא גלוטן 500 גרם,אף.סי תבליני בגליל ב,IL,קמח עדשים אדומות דגש 500 גר,גרמים,500.00,100 גרם,false,15,17.90,3.5800,true,1,315696
7290006660602,false,מי קוקוס אורגני גרין קוקו קרטונית 1 ליטר,בן טרה ג'וינט סטוק,VN,מי קוקוס אורני גרין קוקו 1 לי,ליטרים,1.00,ליטר,false,12,19.90,19.9000,true,1,315694
7290006660640,false,קמח טף דגש 500 גרם,נטורפוד,IL,קמח טף דגש 500 גר,גרמים,500.00,100 גרם,false,15,19.90,3.9800,true,1,315697
7290006664532,false,יוגורט עם תות 3% שומן 150 ג' דנונה,מיוצר עי קונדיטוריית,IL,דנונה פרי 3% תות 150 גר,גרמים,150.00,100 גרם,false,1,3.70,2.4667,true,1,220615
7290006664693,false,יוגורט עם אפרסק 3% שומן 150 ג' דנונה,מיוצר עי קונדיטוריית,IL,דנונה פרי 3% אפרסק 150 גר,גרמים,150.00,100 גרם,false,1,3.70,2.4667,true,1,220694
7290006664990,false,"יוגורט דנונה ביו לבן 1.7% שומן 8*150 מ""ל",מיוצר עי קונדיטוריית,IL,מארז 8 דנונה ביו פרויובוטי 1.7%,גרמים,1.00,100 גרם,false,1,18.20,1820.0000,true,1,221519
7290006666314,false,סלט טחינה משומשום טהור,סלטי משני,IL,סלט טחינה 300 ג משני,גרמים,300.00,100 גרם,false,1,15.50,5.1667,true,1,221719
7290006666338,false,סלט טחינה ירוקה עם פטרוזיליה,סלטי משני,IL,סלט טחינה ירוקה 300 ג משני,גרמים,300.00,100 גרם,false,1,16.90,5.6333,true,1,221721
7290006681003,false,גלידה תות לימון סורבה 1.33 ל' קרמיסימו,"גלידת שטראוס בע""\מ, רחוב",IL,גל.קרמיסימו תות לימון 1.33 ל,ליטרים,1.33,ליטר,false,1,22.90,17.2180,true,1,220470
7290006681553,false,קרמבו בטעם וניל שטראוס 8 יחידות,"גלידת שטראוס בע""\מ",IL,קרמבו 1/8 וניל יצוא,Unknown,0.00,Unknown,false,16,15.90,0.0000,true,1,221162
7290006681560,false,קרמבו בטעם מוקה שטראוס 8 יחידות,"גלידת שטראוס בע""\מ",IL,קרמבו מוקה 8 יח שטראוס,Unknown,0.00,Unknown,false,1,15.90,0.0000,true,1,221163
7290006681577,false,מאגדת קרחון אסקימו לימון דובדובן 10 יח' שטראוס,"מיוצר ע""\י גלידת שטראוס",IL,מאגדת אסקימו 10יחידות,יחידה,10.00,יחידה,false,1,16.90,1.6900,true,1,220672
7290006681843,false,מאגדת שלגון לייט מיני פרי יוגורט אפרסק 6 יח',"גלידת שטראוס בע""\מ, רחוב",IL,מאגדת שטראוס לייט פרי 6 יח,גרמים,300.00,100 גרם,false,1,25.90,8.6333,true,1,221559
7290006712684,false,ספיד סטיק 24/7 סטיק כחול,קולגייט פלמוליב,US,דאו.ספיד סטיק כחול 24/7,Unknown,0.00,Unknown,false,1,15.90,0.0000,true,1,314453
7290006721839,false,דג הרינג מלוח בואקום,,IL,דג הרינג מלוח בואקום,קילוגרמים,1.00,"ק""ג",true,,32.00,32.0000,true,1,332580
7290006724182,false,ביצי שליו טריות 20יח,,IL,ביצי שליו טריות 20יחידות ליב,יחידה,18.00,יחידה,false,12,22.90,1.2722,true,1,324014
7290006724205,false,טופו חומוס בטעם מעושן 300 גרם,משק וואיילר,IL,טופו חומוס 300גר ליב,גרמים,300.00,100 גרם,false,10,12.90,4.3000,true,1,326853
7290006724472,false,טחינה אורגנית 500 גרם ליב,אחדות,IL,טחינה אורגנית 500 גר ליב,גרמים,500.00,100 גרם,false,1,17.90,3.5800,true,1,224945
7290006724878,false,ביצי שליו טריות 12יח,,,ביצי שליו טריות 12יחידות ליב,יחידה,12.00,יחידה,false,1,14.90,1.2417,true,1,338393
7290006730947,false,צמר גפן מתוק דלי 80 גרם,,IL,צמר גפן מתוק בדלי 80 גר,Unknown,0.00,Unknown,false,12,11.90,0.0000,true,1,337793
7290006739247,false,פסטרמה איטלקית זוגלו,זוגלובק,IL,פסטרמה איטלקית במשקל,קילוגרמים,1.00,"ק""ג",true,,69.00,69.0000,true,1,335756
7290006739346,false,נקניקיות פרגיות טרי 400 גרם זוגלובק,נקניק נהריה כשר זוגל,IL,נקניקיות פרגיות 400 גר וואקום,גרמים,400.00,100 גרם,false,8,10.90,2.7250,true,1,335781
7290006739407,false,שניצל תירס לייט זוגלובק 600 גרם,נקניק נהריה כשר זוגל,IL,שניצל טבע תירס לייט 630 גר,גרמים,630.00,100 גרם,false,1,24.90,3.9524,true,1,335782
7290006739445,false,שניצל תירס קלאסי 750 ג' זוגלובק,נקניק נהריה כשר זוגל,IL,שניצל טבע תירס קלאסי 750 גרם,גרמים,750.00,100 גרם,false,12,24.90,3.3200,true,1,335783
7290006744142,false,יין מוני מרסלן רזרב,,,יין מוני מרסלן רזרב 750 מל,מיליליטרים,750.00,"100 מ""ל",false,1,80.00,10.6667,true,1,335975
7290006744302,false,יין מוני סדרת M מוסקט לבן 750 מל,,IL,יין מוסקט לבן סדרת אם 750מל פקדון,מיליליטרים,750.00,"100 מ""ל",false,1,40.00,5.3333,true,1,334133
7290006744418,false,יין מוני שיראז רזרב 750 מל,יקב מוני,IL,יין שיראז רזרב 2009 מוני 750 מל פיקדון,מיליליטרים,750.00,"100 מ""ל",false,1,80.00,10.6667,true,1,231262
7290006744425,false,יין מוני סדרת M קברנה סוביניון 750 מל,,IL,יין קברנה סוביניון סדרת אם 750מל פקדון,מיליליטרים,750.00,"100 מ""ל",false,1,40.00,5.3333,true,1,232863
7290006744456,false,יין מוני סדרת M מרלו 750 מל,,IL,יין מרלו סדרת אם 750מל פקדון מוני,מיליליטרים,750.00,"100 מ""ל",false,1,40.00,5.3333,true,1,232864
7290006744715,false,"יין מוני מרלו רזרב 750 מ""ל",יקב מוני,IL,יין מרלו רזרב 2009 מוני 750 מל פיקדון,מיליליטרים,750.00,"100 מ""ל",false,1,80.00,10.6667,true,1,231263
7290006744760,false,יין מוני נחל קלרט 750 מל,יקב מוני,IL,יין מוני נחל קלרט 750מל פיקדון,מיליליטרים,750.00,"100 מ""ל",false,1,60.00,8.0000,true,1,244897
7290006744777,false,יין מונינ נחל פטיט ורדו 750 מל,יקב מוני,IL,יין מוני נחל פטיט ורדו 750מל פיקדון,מיליליטרים,750.00,"100 מ""ל",false,1,60.00,8.0000,true,1,244898
7290006744814,false,"יין מוני קברנה רזרב 750 מ""ל",יקב מוני,IL,יין קברנה רזרב 2009 מוני 750 מל פיקדון,מיליליטרים,750.00,"100 מ""ל",false,1,80.00,10.6667,true,1,231264
7290006744845,false,יין מוני מלבק רזרב 750 מל,יקב מוני,IL,יין מוני מלבק רזרב 750 מל פקדון,מיליליטרים,750.00,"100 מ""ל",false,1,80.00,10.6667,true,1,294385
7290006744852,false,יין סדרת אם שיראז מ,יקב מוני,IL,יין סדרת אם שיראז מוני 750 מל,מיליליטרים,750.00,"100 מ""ל",false,6,40.00,5.3333,true,1,335470
7290006744876,false,"יין מוני נחל פטיט סירה 750 מ""ל",יקב מוני,IL,יין מוני נחל פטיט סירה 750 מל,מיליליטרים,750.00,"100 מ""ל",false,1,60.00,8.0000,true,1,298373
7290006744883,false,יין מוני נחל שסק לבן,יקב מוני,,יין מוני נחל שסק לבן 750 מל,מיליליטרים,750.00,"100 מ""ל",false,1,60.00,8.0000,true,1,298374
7290006744906,false,שסק אדום מוני נחל 750 מל,,IL,יין שרדונה רזרב 2006 מוני 750 מל פיקדון,מיליליטרים,750.00,"100 מ""ל",false,1,60.00,8.0000,true,1,336314
7290006744913,false,יין מוני נחל קאלדוק,,,יין מוני נחל קאלדוק רוזה 750 מל,מיליליטרים,750.00,"100 מ""ל",false,1,60.00,8.0000,true,1,335976
7290006744920,false,יין מוני שרדונה רזרב 750 מל,יקב מוני,IL,יין שרדונה רזרב 2010 מוני 750 מל פיקדון,מיליליטרים,750.00,"100 מ""ל",false,1,80.00,10.6667,true,1,231265
7290006744937,false,"יין מוני פטיט סירה רזרב 750 מ""ל",יקב מוני,IL,יין פטיט סירה רזרב מוני 750 מל,מיליליטרים,750.00,"100 מ""ל",false,6,80.00,10.6667,true,1,329622
7290006745019,false,יין מוני סדרת M מוסקט אדום 750 מל,,,יין מוסקט אדום סדרת אם 750מל פקדון,מיליליטרים,750.00,"100 מ""ל",false,1,40.00,5.3333,true,1,233842
7290006745040,false,יין קולומבארד סדרת א,,,יין קולומבארד סדרת אם 750מל פקדון,מיליליטרים,750.00,"100 מ""ל",false,1,40.00,5.3333,true,1,233845
7290006748065,false,יין סדרת אם שיראז מ,יקב מוני,IL,יין סדרת אם שיראז מוני 750 מל,מיליליטרים,750.00,"100 מ""ל",false,6,40.00,5.3333,true,1,323019
7290006748089,false,יין נחל קריניאן מוני,יקב מוני,IL,יין נחל קריניאן מוני 750 מל,מיליליטרים,750.00,"100 מ""ל",false,6,60.00,8.0000,true,1,323018
7290006764270,false,סודה בנגיעות אשכולית,טמפו משקאות בע''מn\,IL,מארז 4יח סודה אשכולית אדומה1.5ל בק.פקדון,ליטרים,6.00,ליטר,false,1,11.90,1.9833,true,1,336373
7290006765000,false,טורטיה מקמח מלא שקדיה 540 גרם,אלקטי קוראבייכיסיגיד,TR,טורטיה טורטילס קמח מלא 8 יח 360 גר,גרמים,540.00,100 גרם,false,1,10.90,2.0185,true,1,235754
7290006765765,false,פפאיה מיובשת מסוכרת,"דין שיווק וקלייה בע""",IL,פפאיה מסוכרת 160 גרם בקופסא,גרמים,160.00,100 גרם,false,1,10.90,6.8125,true,1,220361
7290006765772,false,אננס מסוכר 160 גרם ששון הקולה,"דין שיווק וקלייה בע""",IL,אננס מסוכר 160 גרם בקופסא,גרמים,160.00,100 גרם,false,1,13.90,8.6875,true,1,220362
7290006766014,false,רצועות קוקוס 160 גרם,שקדיה,IL,קוקוס רצועות מיובש 160 גרם בקופסא,גרמים,160.00,100 גרם,false,1,16.90,10.5625,true,1,238027
7290006770561,false,לקט לקוסקוס פרי הגליל 800ג',"פרי הגליל בע""""מ",IL,לקט לקוסקוס 800 ג פרי גליל,גרמים,800.00,100 גרם,false,1,15.90,1.9875,true,1,299080
7290006784018,false,"מילוי מכשיר אוויר 250 מ""ל fashion blablabla סנט מוריץ",קומפלקס כימיקלים בעמ,TR,מילוי מכשיר מטהר אויר אימגיין בלה 250מ,מיליליטרים,250.00,"100 מ""ל",false,12,11.90,4.7600,true,1,336409
7290006784186,false,כפפות ניטריל שחור ללא אבקה 100 יח' L עלמה,קומפלקס כימיקלים,CN,כפפות עלמה ניטרל שחור ל.אבקה לארג 100יח,יחידה,100.00,יחידה,false,10,21.90,0.2190,true,1,336090
7290006784193,false,כפפות ניטריל שחור ללא אבקה 100 יח' M עלמה,קומפלקס כימיקלים,CN,כפפות עלמה ניטרל שחור ל.אבקה מדיום 100יח,יחידה,100.00,יחידה,false,10,21.90,0.2190,true,1,336091
7290006784230,false,כפפות ניטריל שחור ללא אבקה 100 יח' S עלמה,קומפלקס כימיקלים,CN,כפפות עלמה ניטרל שחור ל.אבקה סמול 100יח,יחידה,100.00,יחידה,false,10,21.90,0.2190,true,1,336092
7290006784308,false,"PURE מבשם אוויר ניחוח חופשה בפרובנס 400 מ""ל",קומפלקס כימיקלים,TR,מבשם אוויר 400מל ניחוח חופשה בפרובנס,מיליליטרים,400.00,"100 מ""ל",false,12,9.90,2.4750,true,1,332597
7290006784339,false,"תרסיס לניקוי רהיט סנט מוריץ 300 מ""ל",קומפלקס כימיקלים,IL,תרסיס לניקוי רהיטים 300מל סנט מוריץ,מיליליטרים,300.00,"100 מ""ל",false,12,9.90,3.3000,true,1,320276
7290006784346,false,"תרסיס לניקוי שטיחים סנט מוריץ 630 מ""ל",קומפלקס כימיקלים בעמ,IL,קצף לניקוי שטיחים 630 מל סנט מוריץ,מיליליטרים,630.00,"100 מ""ל",false,12,14.90,2.3651,true,1,320277
7290006784360,false,חלונית סנט מוריץ לניקוי חלונות 1 ליטר,"קומפלקס כימיקלים בע""",IL,נוזל חלונות סנט מוריץ 1 ליטר,ליטרים,1.00,ליטר,false,15,5.90,5.9000,true,1,319047
7290006784377,false,מרכך כביסה פיור נייטשר כחול 1 ליטר,"קומפלקס כימיקלים בע""",TR,מרכך כביסה פיור נטורה כחול 1ליטר,ליטרים,1.00,ליטר,false,12,10.90,10.9000,true,1,336085
7290006784407,false,"PURE מבשם כביסה בניחוח מלון בוטיק 500 מ""ל",קומפלקס כימיקלים,TR,מבשם כביסה 500מל בניחוח מלון בוטיק,מיליליטרים,500.00,"100 מ""ל",false,12,12.90,2.5800,true,1,332593
7290006784414,false,"PURE מבשם כביסה בניחוח מלון ספא 500 מ""ל",קומפלקס כימיקלים,TR,מבשם כביסה 500מל בניחוח מלון ספא,מיליליטרים,500.00,"100 מ""ל",false,12,12.90,2.5800,true,1,332592
7290006784452,false,"PURE - מבשם כביסה מרסס בניחוח מלון רויאל 500 מ""ל",קומפלקס כימיקלים,TR,מבשם כביסה 500מל בניחוח מלון רויאל,מיליליטרים,500.00,"100 מ""ל",false,12,12.90,2.5800,true,1,332594
7290006784469,false,"PURE מבשם אוויר ניחוח חופשה במיקונוס 400 מ""ל",קומפלקס כימיקלים,TR,מבשם אוויר 400מל ניחוח חופשה במיקונוס,מיליליטרים,400.00,"100 מ""ל",false,12,9.90,2.4750,true,1,332599
7290006784483,false,"PURE מבשם אוויר ניחוח חופשה בסנט מוריץ 400 מ""ל",קומפלקס כימיקלים,TR,מבשם אוויר 400מל ניחוח חופשה סנט מוריץ,מיליליטרים,400.00,"100 מ""ל",false,12,9.90,2.4750,true,1,332598
7290006784544,false,"קוטל תיקנים /זוחלים 630 סמ""ק",קומפלקס כימיקלים,IL,קוטל תיקנים/זוחלים 360סמק סנט מוריץ,מיליליטרים,360.00,"100 מ""ל",false,12,15.90,4.4167,true,1,320912
7290006784575,false,"מילוי מכשיר אוויר 250 מ""ל fashion loouy סנט מוריץ",קומפלקס כימיקלים בעמ,TR,מילוי מכשיר מטהר אויר פאשיין לואי 250מל,מיליליטרים,250.00,"100 מ""ל",false,12,11.90,4.7600,true,1,336414
7290006784582,false,"מילוי מכשיר אוויר 250 מ""ל fashion no.6 סנט מוריץ",סורה קוסמטיקס,TR,מילוי מכשיר מטהר אויר פאשיין מס 6 250מל,מיליליטרים,250.00,"100 מ""ל",false,12,11.90,4.7600,true,1,336412
7290006784599,false,"מילוי מכשיר אוויר 250 מ""ל fashion yoyo boss סנט מוריץ",סורה קוסמטיקס,TR,מילוי מכשיר מטהר אויר פאשיין יו יו 250מל,מיליליטרים,250.00,"100 מ""ל",false,12,11.90,4.7600,true,1,336411
7290006784605,false,"מילוי מכשיר אוויר 250 מ""ל fashion midnight secret סנט מוריץ",קומפלקס כימיקלים בעמ,TR,מילוי מכשיר מטהר אויר פאשיין מידנייט 250,מיליליטרים,250.00,"100 מ""ל",false,12,11.90,4.7600,true,1,336413
7290006784643,false,"מילוי מכשיר אוויר 250 מ""ל fashion rose gold סנט מוריץ",קומפלקס כימיקלים בעמ,TR,מילוי מכשיר מטהר אויר פאשיין רוז 250מל,מיליליטרים,250.00,"100 מ""ל",false,12,11.90,4.7600,true,1,336410
7290006784865,false,סנט מוריץ לניקוי משטחי מטבחים מרוכז ועוצמתי 1ל',קומפלקס כימיקלים בעמ,IL,מתז לניקוי מטבחים 1 ליטר מרוכז סנט מוריץ,ליטרים,1.00,ליטר,false,15,10.90,10.9000,true,1,320906
7290006788405,false,"קרליין - נושם אקטיב דאודורנט רול און לאישה ברודו 75 מ""ל",מיוצר עי : אמיליה קוסמטי,IL,קרליין דאו רול און ירוק 75 מל,מיליליטרים,75.00,"100 מ""ל",false,1,12.90,17.2000,true,1,220409
7290006788412,false,"קרליין - נושם אקווה דאודורנט רול און לאישה כחול 75 מ""ל",אמיליה קוסמטיקס בעמ,IL,קרליין דאו רול און כחול 75 מל,מיליליטרים,75.00,"100 מ""ל",false,1,12.90,17.2000,true,1,220410
7290006788429,false,"קרליין - נושם סאן רייס דאודורנט רול און לאישה כתום 75 מ""ל","אמיליה קוסמטיקס בע""מ",IL,קרליין דאו רול און כתום 75 מל,מיליליטרים,75.00,"100 מ""ל",false,1,12.90,17.2000,true,1,220411
7290006788436,false,"קרליין - נושם פיור דאודורנט רול און לאישה ורוד 75 מ""ל",משווק: קוסמופארם בעמ,IL,קרליין דאו רול און ורוד 75 מל,מיליליטרים,75.00,"100 מ""ל",false,1,12.90,17.2000,true,1,220412
7290006788443,false,"קרליין - נושם אוקסיג'ן דאודורנט רול און לאישה סגול 75 מ""ל","אמיליה קוסמטיקס בע""מ",IL,קרליין דאו רול און סגול 75 מל,מיליליטרים,75.00,"100 מ""ל",false,1,12.90,17.2000,true,1,220413
7290006788450,false,"קרליין - נושם סנסטיב דאודורנט ספריי לאישה ירוק 200 מ""ל",מיוצר עי : אמיליה קו,IL,דאו קרליין ספאיי נושם טורקיז 200 מל,מיליליטרים,200.00,"100 מ""ל",false,1,12.90,6.4500,true,1,220400
7290006788467,false,"קרליין - נושם אקטיב דאודורנט ספריי לאישה בורדו 200 מ""ל",מיוצר עי : אמיליה קוסמטי,IL,דאו קרליין ספריי נושם ירוק 200 מל,מיליליטרים,200.00,"100 מ""ל",false,1,12.90,6.4500,true,1,220401
7290006788481,false,"קרליין - נושם סאן רייס דאודורנט ספריי לאישה כתום 200 מ""ל",מיוצר עי : אמיליה קוסמטי,IL,דאו קרליין ספריי נושם כתום 200 מל,מיליליטרים,200.00,"100 מ""ל",false,1,12.90,6.4500,true,1,220403
7290006788498,false,"קרליין - נושם פיור דאודורנט ספריי לאישה ורוד 200 מ""ל",מיוצר עי : אמיליה קוסמטי,IL,דאו.קרליין ספריי נושם ורוד 200 מל,מיליליטרים,200.00,"100 מ""ל",false,1,12.90,6.4500,true,1,220404
7290006788504,false,"קרליין - נושם אוקסיג'ן דאודורנט ספריי לאישה סגול 200 מ""ל",מיוצר עי : אמיליה קוסמטי,IL,דאו קרליין ספריי נושם סגול 200 מל,מיליליטרים,200.00,"100 מ""ל",false,1,12.90,6.4500,true,1,220405
7290006788559,false,"טיטניום ICE דאודורנט תרסיס ספריי 180 מ""ל",אמיליה קוסמטיקס בעמ,IL,דאודורנט טיטניום בלו ספריי 180 מל,מיליליטרים,180.00,"100 מ""ל",false,1,17.90,9.9444,true,1,300648
7290006789631,false,קרליין קרם לחות לשיער רגיל 400 גרם,מיוצר עי : אמיליה קוסמטי,IL,קרם לחות 10 לשיער רגיל 400 מל,מיליליטרים,400.00,"100 מ""ל",false,1,17.90,4.4750,true,1,220959
7290006789655,false,"קרם לחות לסירוק קל לשיער מתולתל ומקורזל 10 קרליין 400 מ""ל",מיוצר עי : אמיליה קוסמטי,IL,קרם לחות 10 לשיער חלק/גלי 400 מל,מיליליטרים,400.00,"100 מ""ל",false,1,17.90,4.4750,true,1,220958
7290006804570,false,לחמניה פרנה מרוקאית,פילסברי,,לחמניה פרנה מרוקאית אפוי קפוא,Unknown,0.00,Unknown,false,1,5.90,0.0000,true,1,304712
7290006804686,false,לחם מרוקאי רגיל פרנה,פילסברי,,לחם מרוקאי,Unknown,0.00,Unknown,false,1,14.90,0.0000,true,1,302573
7290006805355,false,"פילסברי, כדורים בטעם שוקולד, תערובת להכנת כדורים בטעם שוקולד. 500 גרם.",הדקלאים אגודת שיתופי,IL,תערובת לכדורי שוקולד 517 גרם,גרמים,517.00,100 גרם,false,1,18.90,3.6557,true,1,221214
7290006805362,false,חצי באגט מאפית,פילסברי,,חצי בגט רגיל,Unknown,0.00,Unknown,false,1,3.50,0.0000,true,1,301418
7290006805379,false,שליש בגט רגיל,פילסברי,,שליש בגט רגיל,Unknown,0.00,Unknown,false,1,2.50,0.0000,true,1,301420
7290006805386,false,שליש בגט כפרי,פילסברי,,שליש בגט כפרי,Unknown,0.00,Unknown,false,1,2.50,0.0000,true,1,301421
7290006805850,false,פילסברי פנקייק תערובת להכנת חביתיות,הדקלאים אגודת שיתופי,IL,תערובת לפנקיק 400 ג פילסברי,גרמים,400.00,100 גרם,false,1,18.90,4.7250,true,1,221745
7290006806048,false,עוגת פרסבורגר גבינה,פילסברי,,פרסבורגר גבינה,Unknown,0.00,Unknown,false,1,28.00,0.0000,true,1,301802
7290006806055,false,עוגת פרסבורגר פרג 50,פילסברי,,פרסבורגר פרג,Unknown,0.00,Unknown,false,1,28.00,0.0000,true,1,301803
7290006822192,false,נקטר דיאט חמוציות אושן ספריי פריגת 1 ליטר,מבשלות בירה בינלאומיות ב,IL,פריגת דיאטאושןספריחמוציות,ליטרים,1.00,ליטר,false,12,11.90,11.9000,true,1,220584
7290006834539,false,גבינת קומבוזולה גרמנית במשקל,,,גבינת ברי קמבוזולה במשקל,קילוגרמים,1.00,"ק""ג",true,,159.00,159.0000,true,1,227638
7290006836335,false,גבינת ברי כמהין במשק,,IL,גבינת ברי כמהין במשקל משק שוורץ,קילוגרמים,1.00,"ק""ג",true,,199.00,199.0000,true,1,323605
7290006836441,false,גבינת ברי פחם תאנים,,IL,גבינת ברי פחם תאנים במשקל משק שוורץ,קילוגרמים,1.00,"ק""ג",true,,199.00,199.0000,true,1,323607
7290006836465,false,גבינת ברי כתום במשקל,,IL,גבינת ברי כתום במשקל משק שוורץ,קילוגרמים,1.00,"ק""ג",true,,199.00,199.0000,true,1,323608
7290006855183,false,ברבריא חטיף תמרים שומשום אגוז מלך 30*4,טבעית מוצרים מן הטבע בעמ,IL,חטיף ברבריא תמר אגוז 4 יח 120 גר,גרמים,120.00,100 גרם,false,1,16.90,14.0833,true,1,243408
7290006855190,false,חטיף תמרים ואגוזי מלך עם בננה ללא תוספת סוכר,טבעית מוצרים מן הטבע בעמ,IL,חטיף ברבריא תמר ובננה 4 יח 120 גר,גרמים,120.00,100 גרם,false,1,16.90,14.0833,true,1,322700
7290006855206,false,חטיף בר שזיפים קוקוס ואוכמניות מארז 120 גרם,טבעית מוצרים מן הטבע,IL,חטיף ברבריא שזיף קוקוס 4 יח 120 גר,גרמים,120.00,100 גרם,false,1,16.90,14.0833,true,1,243407
7290006855244,false,ברבריא חטיף אגוזים שקדים וצימוקים 30*4,טבעית מוצרים מן הטבע בעמ,IL,חטיף ברבריא אגוז וצימוק 4 יח 108 גר,גרמים,108.00,100 גרם,false,1,16.90,15.6481,true,1,243405
7290006855251,false,ברבריא חטיף קשיו חמוציות וסילאן 120 גרם,טבעית מוצרים מן הטבע בעמ,IL,חטיף ברבריא קשיו חמוציות 4 יח 108 גר,גרמים,108.00,100 גרם,false,1,16.90,15.6481,true,1,243406
7290006855404,false,"ברבריא בייטס תמר מג'הול עם קשיו, שקדים ופיסטוק",טבעית מוצרים מן הטבע בעמ,IL,חטיף ברבריא בייטס תמר שקד פיסטוק 55 גר,Unknown,0.00,Unknown,false,12,6.90,0.0000,true,1,332249
7290006855428,false,חטיף תמר לוז קשיו ושברי פולי קקאו ברבריא בייטס 55 ג',טבעית מוצרים מן הטבע בעמ,IL,חטיף ברבריא בייטס תמר לוז קשיו 55 גר,Unknown,0.00,Unknown,false,12,6.90,0.0000,true,1,332250
7290006855435,false,ברבריא בייטס תמר מג'הול עם שקדים וקקוס בטעם אננס,טבעית מוצרים מן הטבע בעמ,IL,חטיף ברבריא בייטס תמר שקד קוקוס 55 גר,Unknown,0.00,Unknown,false,12,6.90,0.0000,true,1,332251
7290006866967,false,פרימור נקטר חמוציות 1ליטר,סטאר סנקס,IL,פרימור נקטר חמוציות 1 ל בקבוק פיקדון,ליטרים,1.00,ליטר,false,1,13.50,13.5000,true,1,227580
7290006899088,false,סרמוני תה - 20 ירוק נענע מרוקאית - קופסת פירמידה,תה סרמוני בעמ,,תה סרמוני ירוק נענע 20 יח,יחידה,20.00,יחידה,false,1,16.90,0.8450,true,1,297115
7290006899187,false,סרמוני תה - 20 לימונית לואיזה - קופסת פירמידה,תה סרמוני בעמ,,תה סרמוני לימונית לואיזה 20יח,יחידה,20.00,יחידה,false,1,16.90,0.8450,true,1,297116
7290006899217,false,תה סרמוני אינגלש ברק,תה סרמוני בעמ,IL,תה סרמוני אינגלש ברקפסט 20 יח,יחידה,20.00,יחידה,false,6,16.90,0.8450,true,1,297106
7290006899224,false,תה סרמוני ירוק יסמין,תה סרמוני בעמ,IL,תה סרמוני ירוק יסמין 20 יח,יחידה,20.00,יחידה,false,6,16.90,0.8450,true,1,332845
7290006899255,false,סרמוני תה - 20 ארל גריי - קופסת פירמידה,תה סרמוני בעמ,,תה סרמוני ארל גריי 20 יח,יחידה,20.00,יחידה,false,1,16.90,0.8450,true,1,297107
7290006899262,false,סרמוני תה - 20 ג'ינג'ר אפרסק - קופסת פירמידה,תה סרמוני בעמ,IL,תה סרמוני גינגר אפרסק 20 יח,יחידה,20.00,יחידה,false,6,16.90,0.8450,true,1,317809
7290006899293,false,סרמוני תה - 20 צ'אי הודי - קופסת פירמידה,תה סרמוני בעמ,IL,תה סרמוני צאי הודי 20 יח,יחידה,20.00,יחידה,false,6,16.90,0.8450,true,1,297108
7290006899316,false,סרמוני תה - 20 ירוק סנצ'ה - קופסת פירמידה,תה סרמוני בעמ,IL,תה סרמוני ירוק סנצה 20 יח,יחידה,20.00,יחידה,false,6,16.90,0.8450,true,1,297111
7290006899354,false,סרמוני תה - 20 פרחי קמומיל - קופסת פירמידה,תה סרמוני בעמ,IL,תה סרמוני פרחי קמומיל 20 יח,יחידה,20.00,יחידה,false,6,16.90,0.8450,true,1,297109
7290006899361,false,תה סרמוני פירות היער,תה סרמוני בעמ,IL,תה סרמוני פירות יער 20 יח,יחידה,20.00,יחידה,false,6,16.90,0.8450,true,1,297110
7290006899705,false,סרמוני תה - 20 ירוק לימונית - קופסת פירמידה,תה סרמוני בעמ,IL,תה סרמוני ירוק לימונית 20 יח,יחידה,20.00,יחידה,false,6,16.90,0.8450,true,1,332844
7290006920843,false,"תחליפי גבינ""צ מוצרלה פרוס 350 גר'",צי תעשיות מזון יבנה,IL,צהובה טובה מוצרלה 350 גרם פרוס,גרמים,350.00,100 גרם,false,1,11.90,3.4000,true,1,312275
7290006942166,false,רפידת לטקס גל,,,רפידת לטקס גל,Unknown,0.00,Unknown,false,1,75.00,0.0000,true,1,299735
7290006960023,false,כרוב כבוש מאמא מרי 7,מאמא מרי,IL,כרוב כבוש,גרמים,750.00,100 גרם,false,1,19.90,2.6533,true,1,240975
7290006960085,false,עגבניות ירוקות במשקל,מאמא מרי,,עגבניות ירוקות במשקל,קילוגרמים,1.00,"ק""ג",true,,29.00,29.0000,true,1,236644
7290006960429,false,"מאמא מרי כרוב בולגרי 1 ק""ג",מאמא מרי,IL,כרוב בולגרי,גרמים,750.00,100 גרם,false,1,19.90,2.6533,true,1,240976
7290006962010,false,ירקות כבוש ביתי 500,,IL,ירקות כבוש ביתי 500 גרם כבושי אביב,גרמים,500.00,100 גרם,false,12,25.90,5.1800,true,1,320436
7290006963314,false,עוגת שטולן מייסטר קל,KuchenMeister GmbH,DE,עוגת שטולן מייסטר קלאסית 750 גרם,גרמים,750.00,100 גרם,false,6,36.90,4.9200,true,1,337810
7290006963321,false,עוגת שטולן עם מרציפן,KuchenMeister GmbH,DE,עוגת שטולן מייסטר עם מרציפן 750 גרם,גרמים,750.00,100 גרם,false,6,39.90,5.3200,true,1,337811
7290006963413,false,עוגת שטולן מייסטר עם,KuchenMeister GmbH,DE,עוגת שטולן מייסטר עם חמאה 500 גרם,גרמים,500.00,100 גרם,false,10,34.90,6.9800,true,1,337812
7290006963420,false,עוגת שטולן מייסטר קל,,DE,עוגת שטולן מייסטר קלאסית 500 גרם,גרמים,500.00,100 גרם,false,10,31.90,6.3800,true,1,337814
7290006963437,false,עוגת שטולן עם מרציפן,KuchenMeister GmbH,DE,עוגת שטולן מייסטר עם מרציפן 500 גרם,גרמים,500.00,100 גרם,false,10,34.90,6.9800,true,1,337813
7290006983152,false,קרוטונים מתובלים למרק אסם 400 גרם,עינת תעשיות מזון אגו,IL,קרוטונים מתובלים אסם 400 גר,גרמים,400.00,100 גרם,false,12,17.90,4.4750,true,1,221461
7290006983176,false,אוסם - לחמית שיפון 250 גרם,"אסם השקעות בע""\מ",IL,לחמית שיפון 230 גרם,גרמים,230.00,100 גרם,false,1,9.50,4.1304,true,1,220636
7290006983206,false,תערובת להכנת פלפל קלי קלות 180 גרם,"אסם השקעות בע""\מ",IL,פלאפל בקלי קלות 180 ג,גרמים,180.00,100 גרם,false,8,10.90,6.0556,true,1,220924
7290006983527,false,עוגת הבית תפוחי עץ עם פירורים 400 ג' אסם,מיוצר עי קונדיטוריית,IL,עוגת הבית תפוחים פירורים 400 גר,גרמים,400.00,100 גרם,false,1,16.90,4.2250,true,1,220399
7290006983770,false,עוגת הבית שיש אסם 400 גרם,מיוצר עי קונדיטוריית,IL,עוגת הבית שיש 400 גר,גרמים,400.00,100 גרם,false,8,12.90,3.2250,true,1,220626
7290006983787,false,עוגת הבית שוקולד צ'יפס אסם 400 גרם,מיוצר עי קונדיטוריית,IL,עוגת הבית שוקוציפס 400 גר,גרמים,400.00,100 גרם,false,1,12.90,3.2250,true,1,220586
7290006983794,false,עוגת הבית בטעם תפוז אסם 400 גרם,מיוצר עי קונדיטוריית,IL,עוגת הבית תפוז 400 גר,גרמים,400.00,100 גרם,false,8,12.90,3.2250,true,1,220587
7290006992161,false,מטרנה - דייסת קורנפלור פרוביוטי 200 גרם,מולינו ניקולי s.p.a,IL,דייסת מטרנה קורנפלור 200 גר,גרמים,200.00,100 גרם,false,1,15.90,7.9500,true,1,220517
7290006992185,false,"מטרנה - דייסת אורז פרוביוטי כשל""פ 200 גרם",מולינו ניקולי s.p.a,IL,דייסת מטרנה אורז 200 גר,גרמים,200.00,100 גרם,false,1,15.90,7.9500,true,1,220518
7290006992192,false,דייסה מטרנה סולת פרוביוטיקה,מטרנה תעשיות ש.מ,IL,דייסת מטרנה סולת 200 גר,גרמים,200.00,100 גרם,false,1,15.90,7.9500,true,1,220519
7290006992208,false,מטרנה דייסת 8 דגנים מעורבים 200 גרם,מטרנה תעשיות ש.מ,IL,דייסת מטרנה דגנים 200 גר,גרמים,200.00,100 גרם,false,1,15.90,7.9500,true,1,220516
7290006992390,false,"מטרנה - דייסת וניל פרוביוטי כשל""פ 200 גרם",מולינו ניקולי s.p.a,IL,דייסת מטרנה וניל 200 גר,גרמים,200.00,100 גרם,false,1,15.90,7.9500,true,1,221885
7290008000796,false,"סופרמן משחת שיניים לילדים בטעם פירות כצט 50 מ""ל",כצט נוביס,IL,משחת שיניים סופרמן ילדים 70 מל,Unknown,0.00,Unknown,false,1,12.90,0.0000,true,1,235524
7290008000826,false,"משחת שיניים לילדים בטעם פירות לגילאים 2-6 כצט 50 מ""ל",כצט נוביס,IL,מש.שיניים ברבי לילדים,Unknown,0.00,Unknown,false,1,12.90,0.0000,true,1,235509
7290008017718,false,כינקייר - שמפו לטיפול בכינים,מורז,IL,שמפו כינקייר מורז 500מל,מיליליטרים,500.00,"100 מ""ל",false,1,44.90,8.9800,true,1,334401
7290008023542,false,סיף פנטסטיק שמפו רצפות כתום 4ל',יוניליוור ישראל טיפוח אי,IL,נוזל רצפה סיף יסמין 4 ל,ליטרים,4.00,ליטר,false,1,19.90,4.9750,true,1,219444
7290008101318,false,קריספ פירורי לחם זהוב 300 גרם מיימונס,א.ל ייצור ושיווק תבל,IL,פירורי לחם קריספ זהוב 300 גרם,גרמים,300.00,100 גרם,false,20,6.90,2.3000,true,1,336141
7290008116541,false,"שטיפת פה ליסטרין קול מינט 500 מ""ל",ג'\ונסון אנד ג'\ונסון,IT,נוזל שטיפת פה ליסטרין מנטה כחול 500מרענן,מיליליטרים,500.00,"100 מ""ל",false,1,19.90,3.9800,true,1,315733
7290008116862,false,בלנאום שמן רחצה יומיומי לתינוקות וילדים,ניאופארם,IL,שמן תינוק בלנאום 500 מל,מיליליטרים,500.00,"100 מ""ל",false,1,69.90,13.9800,true,1,312358
7290008154222,false,שניצלונים עוף טוב 700 גרם,"מוצרי עוף טוב (2001) בע""",IL,שניצלונים עוף טוב 700 גר,גרמים,700.00,100 גרם,false,1,21.90,3.1286,true,1,221502
7290008175210,false,גבינת פרמזן מגורדת 90ג' ויליפוד,זנטי אס.איי.,IT,פרמזנו מגורדת 90גרם (כ/ל.כ),Unknown,0.00,Unknown,false,12,16.90,0.0000,true,1,220589
7290008190909,false,עוגיות מיני קוקיס שוקולד צ'יפס בצנצנת כרמית 600 גרם,כרמית תעשיות ממתקים,IL,עוג.מיני קוקיס שוקולד ציפס 600 גר,גרמים,600.00,100 גרם,false,1,15.90,2.6500,true,1,221476
7290008190985,false,לקקן בטעם גלידה 50 יח',כרמית תעשיות ממתקים,IL,לקקן כרמית גלידה 50 יח שקית,Unknown,0.00,Unknown,false,1,16.90,0.0000,true,1,221477
7290008233026,false,פיק משחה להברקת כל סוגי המתכות 100 גר',,GB,משחה להברקת כל סוגי המתכות פיק 100גר,גרמים,100.00,100 גרם,false,1,29.90,29.9000,true,1,324895
7290008263214,false,ממרח חרובים אורגני-הרדוף 350 גר,ברינקרס פוד,NL,ממרח חרובים אורגני 350 ג הרדוף,גרמים,350.00,100 גרם,false,1,18.90,5.4000,true,1,244089
7290008263481,false,הרדוף פסטה פנה מקמח לבן 500 גרם,פסטיפיסוי פליצ'טי,IT,פסטה פנה קמח לבן,גרמים,500.00,100 גרם,false,1,10.90,2.1800,true,1,308718
7290008263498,false,פסטה פוסילי אורגנית הרדוף 500 גר,פסטיפיסוי פליצ'טי,IT,פתיתים פוזילי אורגני 500 גר הרדוף,גרמים,500.00,100 גרם,false,1,10.90,2.1800,true,1,308717
7290008263528,false,ממרח קקאו בתוספת אגוזים אגוזים הרדוף 350,ברינקרס פוד,NL,ממרח שוקולד אגוז אורגני 350 ג הרדוף,גרמים,350.00,100 גרם,false,1,18.90,5.4000,true,1,244088
7290008263535,false,ממרח שוקולד אורגני-הרדוף 350 גר,הרדוף,NL,ממרח שוקולד אורגני 350 ג הרדוף,גרמים,350.00,100 גרם,false,1,18.90,5.4000,true,1,308723
7290008263597,false,קוואקר אורגני הרדוף 500 גרם,אול אורגני,IL,קוואקר אורגני 500 גר הרדוף,גרמים,500.00,100 גרם,false,1,10.90,2.1800,true,1,308716
7290008263641,false,קוואקר עדין אורגני 500 גרם - הרדוף,אול אורגני,IL,קוואקר עדין אורגני 500 גר הרדוף,גרמים,500.00,100 גרם,false,1,10.90,2.1800,true,1,308722
7290008263658,false,"משקה סויה ללת""ס אורגני 1 ליטר",ליקואטס,ES,חלב סויה אורגני ללא סוכר 1 ל הרדוף,ליטרים,1.00,ליטר,false,1,11.90,11.9000,true,1,308761
7290008263764,false,פסטה פוזילי טריקולור אורגנית 500 גר,פסטיפיסוי פליצ'טי,IT,פסטה פוסילי טריקולו 500 ג,גרמים,500.00,100 גרם,false,1,13.90,2.7800,true,1,308720
7290008310000,false,אמפנדס במילוי עוף חי,מאפה של חייקה,IL,אמפנדס עוף 12יחידות 700גר,גרמים,700.00,100 גרם,false,1,46.90,6.7000,true,1,333995
7290008310017,false,אמפנדס מאפה של חייקה,מאפה של חייקה,IL,אמפנדס בשר 12יחידות 700גר,גרמים,700.00,100 גרם,false,1,46.90,6.7000,true,1,220053
7290008310024,false,עוגיות אלפחורס חייקה,מאפה של חייקה,,עוגיות אלפחורס קורנפלור 12 יח 700 גר,גרמים,700.00,100 גרם,false,1,38.00,5.4286,true,1,220054
7290008310086,false,בצק לאמפנדס מאפה של,מאפה של חייקה,IL,בצק לאמפנדס 700 גרם,גרמים,700.00,100 גרם,false,15,34.90,4.9857,true,1,220507
7290008310246,false,עוגיות אלפחורס מיני,מאפה של חייקה,,עוגיות אלפחורס מיני 450 גרם,גרמים,450.00,100 גרם,false,1,36.90,8.2000,true,1,311972
7290008310406,false,אמפנדס פטריות 700 גרם,מאפה של חייקה,IL,אמפנדס פטריות 12יחידות 700גר,גרמים,700.00,100 גרם,false,1,46.90,6.7000,true,1,333994
7290008310604,false,אמפנדס תירס 12יחידות,מאפה של חייקה,IL,אמפנדס תירס 12יחידות 700גר,גרמים,700.00,100 גרם,false,1,46.90,6.7000,true,1,333997
7290008328913,false,סילאן טבעי 100% 900 גרם יורו פוד,סאנאי וי טיקרט א.ס,TR,סילאן טבעי יורופוד 900 גר,גרמים,900.00,100 גרם,false,1,19.90,2.2111,true,1,238254
7290008330107,false,מרכך כביסה בדין סגול 4 ליטר,יוניליור ישראל טיפוח איש,IL,מרכך בדין 4 ליטר סגול,ליטרים,4.00,ליטר,false,1,22.90,5.7250,true,1,218295
7290008330398,false,בדין דפים למייבש כביסה כחול 40 יח',קלין טסט פרודקטס,US,בדין דפי מרכך כחול למייבש 40 יח,יחידה,40.00,יחידה,false,1,20.00,0.5000,true,1,218294
7290008333115,false,אבקת ג'לטין טהור נטו 28 גרם,מאיר עזרא ובניו,IL,אבקת גלטין טהור 28 ג,גרמים,28.00,100 גרם,false,1,10.90,38.9286,true,1,218923
7290008335515,false,אגרול+רוטב חמוץ/מתוק600ג,שלושת האופים,IL,אגרול סיני 600 גרם שלושת האופים,גרמים,600.00,100 גרם,false,1,12.90,2.1500,true,1,298000
7290008335539,false,פלמיני במלית בשר קפוא 60,"שלושת האופים בע""\מ",IL,פלמיני כיסוני בשר 600 גרם שלושת האופים,גרמים,600.00,100 גרם,false,1,12.90,2.1500,true,1,298002
7290008335546,false,"ורניקי תפו""א שלושת האופים 600 גר'","שלושת האופים בע""\מ",IL,ורניקי כיסוני תפוא 600 גרם שלושת האופים,גרמים,600.00,100 גרם,false,1,12.90,2.1500,true,1,298003
7290008335553,false,קובה בשר וצנובר 600ג שלושת האופים,האי נאם סי או אל.טי.,IL,קובה בשר 600 גרם שלושת האופים,גרמים,600.00,100 גרם,false,1,12.90,2.1500,true,1,298001
7290008335560,false,סיגרים במילוי בשר 600גרם,האי נאם סי או אל.טי.,IL,סיגרים בשר 600 גרם שלושת האופים,גרמים,600.00,100 גרם,false,1,12.90,2.1500,true,1,297999
7290008335577,false,"פסטלים במילוי תפו""א 600ג",האי נאם סי או אל.טי.,IL,פסטלים תפוא 600 גרם שלושת האופים,גרמים,600.00,100 גרם,false,1,12.90,2.1500,true,1,297997
7290008335584,false,"סיגרים במילוי תפו""א 600ג",האי נאם סי או אל.טי.,IL,סיגרים תפוא 600 גרם שלושת האופים,גרמים,600.00,100 גרם,false,1,12.90,2.1500,true,1,297998
7290008336796,false,בשר ראש חלק קפוא (נטו),טיבון ויל,AR,בשר ראש חלק קפוא,קילוגרמים,1.00,"ק""ג",true,12,79.90,79.9000,true,1,235880
7290008336925,false,פחמים טיבון ויל 2קג,טיבון ויל,,פחם 2 קג טיבון ויל,Unknown,0.00,Unknown,false,1,17.90,0.0000,true,1,244809
7290008340618,false,סלמון מעושן מצונן דלידג 100 ג',ויליגר תעשיות בעמ,IL,סלמון מעושן 100 גרם,גרמים,100.00,100 גרם,false,10,19.90,19.9000,true,1,220594
7290008343466,false,בצק פילו 500 גרם שלושת האופים,שלושת האופים שגמור,IL,בצק פילו 500 גרם,גרמים,500.00,100 גרם,false,1,20.90,4.1800,true,1,221568
7290008343503,false,גחנון אפוי 650 גר' שלושת האופים קהילות,שלושת האופים,IL,גחנון אפוי 650 גרם,גרמים,650.00,100 גרם,false,1,20.90,3.2154,true,1,220749
7290008343510,false,ג'חנון מיני אפוי למיקרו 3 האופים 650 ג',שלושת האופים ירכא,IL,מיני גחנון אפוי 650 גר שלושת האופים,גרמים,650.00,100 גרם,false,1,20.90,3.2154,true,1,220750
7290008344258,false,המבורגר מזרחי טיבון ויל 400 גרם,"טיבון ויל אחזקות בע""\מ",IL,המבורגר מזרחי 400 גרם,גרמים,400.00,100 גרם,false,12,15.90,3.9750,true,1,219799
7290008344869,false,כתף בקר קרווינג מוכש,,,כתף בקר קרווינג מוכשר,קילוגרמים,1.00,"ק""ג",true,,65.00,65.0000,true,1,319759
7290008345132,false,הרינג כבוש דלידג 240 ג',כלורוקס אוקלנד,IL,פילה הרינג כבוש 240 גרם,גרמים,240.00,100 גרם,false,1,25.90,10.7917,true,1,220067
7290008345156,false,פילה מקרוסקה ואקום ד,נטו מלינדה סיימן,IL,פילה מקרוסקה מעושנת בואקום במשקל,קילוגרמים,1.00,"ק""ג",true,1,129.00,129.0000,true,1,220073
7290008345163,false,מקרל שלם מעושן דלידג,דלידג - נטו,IL,מקרל שלם במשקל,קילוגרמים,1.00,"ק""ג",true,1,109.00,109.0000,true,1,220072
7290008345170,false,מקרל חצאים מעושן דלי,נטו מלינדה סיימן,IL,מקרל חצאים במשקל,קילוגרמים,1.00,"ק""ג",true,1,109.00,109.0000,true,1,220071
7290008345514,false,איקרה לבנה במשקל,,,איקרה לבנה במשקל,קילוגרמים,1.00,"ק""ג",true,,65.00,65.0000,true,1,302794
7290008345576,false,סלט איקרה ביתית לבנה 300 גרם דלידג,כלורוקס אוקלנד,IL,איקרה ביתית לבנה 300 גרם,גרמים,300.00,100 גרם,false,6,21.90,7.3000,true,1,220624
7290008345583,false,איקרה ביתית ורוד 300 גרם דלידג,כלורוקס אוקלנד,IL,איקרה ביתית ורודה 300 גרם,גרמים,300.00,100 גרם,false,6,21.90,7.3000,true,1,220625
7290008345781,false,נקניקיות צוריסוס/מרג,טיבון ויל,,נקניקיות צוריסוס במשקל,קילוגרמים,1.00,"ק""ג",true,,50.00,50.0000,true,1,221024
7290008346191,false,איקרה ורודה במשקל,,,איקרה ורודה במשקל,קילוגרמים,1.00,"ק""ג",true,,65.00,65.0000,true,1,326238
7290008347211,false,אצבעות דג מצופות דלידג 700 גרם,אף.סי תבליני בגליל ב,IL,אצבעות דג 700 ג,גרמים,700.00,100 גרם,false,10,24.90,3.5571,true,1,221458
7290008347730,false,סלמון מעושן הילטון ב,דלידג ק.מלאכי,,סלמון מעושן הילטון במשקל,קילוגרמים,1.00,"ק""ג",true,,219.00,219.0000,true,1,224401
7290008348508,false,נקניקיות צוריסוס במש,טיבון ויל,,נקניקיות צוריסוס במשקל 60 גר,קילוגרמים,1.00,"ק""ג",true,,50.00,50.0000,true,1,236115
7290008350150,false,בצק פילו מצונן מרודד שף שגב,,IL,בצק פילו 350גר מצונן מרודד שף שגב,גרמים,350.00,100 גרם,false,12,15.90,4.5429,true,1,337203
7290008350174,false,בצק עלים מצונן מרודד שף שגב,,IL,בצק עלים 350גר מצונן מרודד שף שגב,גרמים,350.00,100 גרם,false,12,15.90,4.5429,true,1,337204
7290008379335,false,ג'יבן וקום 500 גרם ע,,,גיבן בואקום 500 גר,גרמים,500.00,100 גרם,false,,34.90,6.9800,true,1,229760
7290008379373,false,אורגו צמת מוצרלה טבעי 300 גרם,מחלבת עברי,,גבינת אורגו טבעי 300 גר,גרמים,300.00,100 גרם,false,1,27.90,9.3000,true,1,229753
7290008379380,false,גבינת סולוגוני 300 גרם,מחלבת עברי,,גבינת סולוגוני 300 גר,גרמים,300.00,100 גרם,false,1,27.90,9.3000,true,1,229755
7290008379557,false,כדורי בייבי מוצרלה 1,,,כדורי בייבי מוצרלה 150 גר,גרמים,150.00,100 גרם,false,1,13.90,9.2667,true,1,316069
7290008403030,false,גבינת פאווה דאיסיני,איסיני סנט מור,FR,גבינת פאווה דאיסיני במשקל,קילוגרמים,1.00,"ק""ג",true,,179.00,179.0000,true,1,243029
7290008403054,false,גבינת סנט פולאן במשק,איסיני סנט מר,FR,גבינת סנט פולאן במשקל,קילוגרמים,1.00,"ק""ג",true,,179.00,179.0000,true,1,243030
7290008403085,false,גבינת טום מוניטיין ע,זולנפוב,,גבינת טום מוניטיין עיזים במשרל,קילוגרמים,1.00,"ק""ג",true,,199.00,199.0000,true,1,243034
7290008403191,false,גבינת קשקבל בשלה במשקל,לקטיס סאן וינשנטה,ES,גבינת קשקבל בשלה במשקל,קילוגרמים,1.00,"ק""ג",true,,109.00,109.0000,true,1,244152
7290008403238,false,גבינת ברי צרפתית32% משקל,קואופורטיב איסיני סנט מר,FR,גבינת ברי איסיני במשקל,קילוגרמים,1.00,"ק""ג",true,,129.00,129.0000,true,1,296667
7290008403450,false,גבינת מנצ'גו 36% משקל,סן וינשנטה,ES,גבינת מנצגו במשקל,קילוגרמים,1.00,"ק""ג",true,,189.00,189.0000,true,1,300898
7290008403535,false,גבינת פרימדונה30.5% משקל,הנרי ויליך,NL,גבינת פרימדונה במשקל חצי גלגל,קילוגרמים,1.00,"ק""ג",true,,189.00,189.0000,true,1,312247
7290008403627,false,גבינת בימסטר אידג במ,בימסטר,NL,גבינת בימסטר אידג במשקל,קילוגרמים,1.00,"ק""ג",true,,169.00,169.0000,true,1,322286
7290008403641,false,גבינת בימסטר רויאל ב,בימסטר,NL,גבינת בימסטר רויאל במשקל,קילוגרמים,1.00,"ק""ג",true,,189.00,189.0000,true,1,322287
7290008403788,false,גבינת פורמזה דה פינו,,CH,גבינת פורמזה דה פינואה במשקל,קילוגרמים,1.00,"ק""ג",true,,149.00,149.0000,true,1,317783
7290008403832,false,אולד רוטרדם בקר במשקל,הנרי ויליך,NL,גבינת אולד רוטרדם בקר במשקל חצי גלגל הול,קילוגרמים,1.00,"ק""ג",true,,145.00,145.0000,true,1,317786
7290008403849,false,אולד רוטרדם עיזים במשקל,הנרי ויליך,NL,גבינת אולד רוטרדם עזים במשקל חצי גלגל,קילוגרמים,1.00,"ק""ג",true,,179.00,179.0000,true,1,317787
7290008408073,false,"EVEN קרם קרטין טיפולי לשיער צבוע/פגום 500 מ""ל",י.שיאון,IL,מים מזוקקים 4 ליטר,ליטרים,4.00,ליטר,false,4,14.90,3.7250,true,1,296531
7290008409049,false,שניצלונים בציפוי שומשום מיני מיני דק מאמא עוף 500 גרם,תנובה גליל שותפות מוגבלת,IL,שניצלונים מיני מיני בציפוי שומשום 500גר,גרמים,500.00,100 גרם,false,1,29.90,5.9800,true,1,233321
7290008409100,false,אצבעות שניצל בציפוי שומשום מאמא עוף 700 גרם,תנובה גליל שותפות מוגבלת,IL,אצבעות שניצל בציפוי שומשום 700 ג,גרמים,700.00,100 גרם,false,1,36.90,5.2714,true,1,221873
7290008409124,false,מאמא עוף קפוא שניצל ג'ונגל פריך 700 גרם,תנובה גליל שותפות מוגבלת,IL,שניצל עוף גונגל 700 ג,גרמים,700.00,100 גרם,false,1,36.90,5.2714,true,1,221927
7290008409216,false,מאמא עוף קפוא שניצל דק פריך 700 גרם,תנובה גליל,IL,שניצל דק דק פריך 700 גר,גרמים,700.00,100 גרם,false,1,45.00,6.4286,true,1,226031
7290008409315,false,שניצלונים בציפוי פריך מיני מיני דק מאמא עוף 500 גרם,תנובה גליל,IL,שניצלונים מיני מיני בציפוי פריך 500ג,גרמים,500.00,100 גרם,false,1,29.90,5.9800,true,1,220588
7290008409407,false,שניצל דק צ'יפס מאמא עוף 700 גרם,תנובה גליל שותפות מוגבלת,IL,שניצל דק בציפוי ציפס 700 גר,קילוגרמים,700.00,"ק""ג",false,1,45.00,0.0643,true,1,220046
7290008409551,false,שניצל עוף אמיתי בציפוי מעודן 700 ג' מאמא עוף,תנובה גליל שותפות מוגבלת,IL,שניצל עוף אמיתי מעודן 700 גרם,גרמים,700.00,100 גרם,false,1,45.00,6.4286,true,1,219459
7290008409568,false,שניצל עוף אמיתי בציפוי שבבי ציפס 700 גר,תנובה גליל שותפות מוגבלת,IL,שניצל עוף אמיתי שבבי ציפס 700 גרם,גרמים,700.00,100 גרם,false,1,45.00,6.4286,true,1,219461
7290008409582,false,שניצל עוף אמיתי בציפוי ביתי מאמא עוף 700 גרם,תנובה גליל שותפות מוגבלת,IL,שניצל עוף אמיתי ביתי 700 גרם,גרמים,700.00,100 גרם,false,1,45.00,6.4286,true,1,219460
7290008409605,false,כוכבי עוף בציפוי מעודן מאמא עוף 700 גרם,תנובה גליל שותפות מוגבלת,IL,כוכבי עוף מעודן 700 גרם,גרמים,700.00,100 גרם,false,1,36.90,5.2714,true,1,219463
7290008415514,false,צבר חומוס עם חריף עגול 150 גרם,סלטי צבר,IL,סלט חומוס עם חריף צבר 150 גר,גרמים,150.00,100 גרם,false,12,5.40,3.6000,true,1,219800
7290008425100,false,יוגורט ביו טבעי אורג,,IL,יוגורט ביו טבעי אורגני 500מל נאות סמדר,מיליליטרים,500.00,"100 מ""ל",false,6,16.90,3.3800,true,1,336048
7290008425124,false,יוגורט ביו לאסי אורג,,IL,יוגורט ביו לאסי אורגני 500מל נאות סמדר,מיליליטרים,500.00,"100 מ""ל",false,1,16.90,3.3800,true,1,336049
7290008438285,false,גבינה אמנטל שוויצרי במשקל,,CH,גבינת אמנטל שוויצרי במשקל,קילוגרמים,1.00,"ק""ג",true,,149.00,149.0000,true,1,325476
7290008442466,false,גבינת ברי צאן במשקל,,IL,גבינת ברי צאן במשקל משק שוורץ,קילוגרמים,1.00,"ק""ג",true,,199.00,199.0000,true,1,323610
7290008442480,false,גבינת סנט מור פחם במ,,IL,גבינת סנט מור פחם במשקל משק שוורץ,קילוגרמים,1.00,"ק""ג",true,,199.00,199.0000,true,1,323611
7290008442510,false,גבינת סנט מור במשקל,,IL,גבינת סנט מור במשקל משק שוורץ,קילוגרמים,1.00,"ק""ג",true,,199.00,199.0000,true,1,323612
7290008442527,false,גבינת ברי פחם צאן במ,,IL,גבינת ברי פחם צאן במשקל משק שוורץ,קילוגרמים,1.00,"ק""ג",true,,199.00,199.0000,true,1,323613
7290008442657,false,גבינת ברי אגוזים צאן,,IL,גבינת ברי אגוזים צאן במשקל משק שוורץ,קילוגרמים,1.00,"ק""ג",true,,199.00,199.0000,true,1,323614
7290008443616,false,"מרכך לשיער יבש אדום נקה 7 750 מ""ל","אמיליה קוסמטיקס בע""מ",IL,נקה 7 מרכך 750 מל יבש,מיליליטרים,750.00,"100 מ""ל",false,1,12.90,1.7200,true,1,220440
7290008443647,false,"מרכך לשיער מתולתל סגול, 750 מ""ל נקה 7","אמיליה קוסמטיקס בע""מ",IL,נקה 7 מרכך 750 מל מתולתל,מיליליטרים,750.00,"100 מ""ל",false,1,12.90,1.7200,true,1,220441
7290008461047,false,גב.ברי לה רוסטיק 31%משקל,נטו מלינדה סיימן,FR,גבינת ברי לה רוסטיק במשקל,קילוגרמים,1.00,"ק""ג",true,,169.00,169.0000,true,1,216581
7290008461177,false,גבינת חלומי בקר צאן,חלומי פרמרס,קפריסין,גבינת חלומי צאן 200גר קפריסין,גרמים,200.00,100 גרם,false,1,17.90,8.9500,true,1,219031
7290008461221,false,סרדינים רוברט בשמן חמניות 115 גרם,"רמירז, מטוסינוס",PT,סרדין רוברט בשמן חמניות 115 גר,גרמים,115.00,100 גרם,false,1,7.50,6.5217,true,1,219421
7290008461238,false,"סרדינים בשמן חמניות ופלפל חריף רוברט 84 גרם, 115 גרם","רמירז, מטוסינוס",PT,סרדין רוברט בשמן חמניות חריף 115 גר,גרמים,115.00,100 גרם,false,1,7.50,6.5217,true,1,219554
7290008461283,false,גבינת טריפל צ'דר חצי קשה הגבינות של נני 200 גרם,דאוליי צ'סמייקרס,GB,גבינת טריפל צדר 200 גר,גרמים,200.00,100 גרם,false,1,19.90,9.9500,true,1,303152
7290008462198,false,חרדל דיזיון חריף 210 גרם,מיילי,,חרדל מאילי דיזון חריף 210 גרם,גרמים,210.00,100 גרם,false,1,16.90,8.0476,true,1,220182
7290008462204,false,חרדל דיז'ון מקורי נטו מאי 380 גרם,יוניליבר צרפת,FR,חרדל מאילי דיזון מקורי 380 גר,גרמים,380.00,100 גרם,false,1,12.90,3.3947,true,1,220212
7290008462259,false,חרדל דיז'ון גרגירים מיילי 380 גרם,יוניליוור צרפת,FR,חרדל מאילי דיזון גרגירים 380 גר,גרמים,380.00,100 גרם,false,1,14.90,3.9211,true,1,220213
7290008462310,false,גבינת סנט מור עיזים משקל,סואניון,FR,גבינת סנט מור עיזים טבעית במשקל,קילוגרמים,1.00,"ק""ג",true,,179.00,179.0000,true,1,221767
7290008464130,false,"בירה גולדסטאר Unfiltered, בירה לא מסוננת, מארז שישייה, בקבוק 330 מ""ל",טמפו,IL,מארז 6יח גולדסטאר לא מסונןבק330מל פיקדון,ליטרים,1.98,ליטר,false,1,32.90,16.6162,true,1,234726
7290008464345,false,"בירה גולדסטאר, בקבוק 330 מ''ל",טמפו משקאות בע''מ,IL,בירה גולדסטאר בק 330 מל פיקדון,מיליליטרים,330.00,"100 מ""ל",false,1,8.90,2.6970,true,1,218186
7290008464611,false,"הסודה של טמפו, מי סודה בגיזוז חזק, 275 מל",טמפו משקאות בעמ,IL,מי סודה טמפו 275 מל פקדון,מיליליטרים,275.00,"100 מ""ל",false,24,5.00,1.8182,true,1,313894
7290008464635,false,"מי טוניק, גזוז בטעם טוניק 275 מל",טמפו משקאות בעמ,IL,מי טוניק 275 מל פקדון טמפו,מיליליטרים,275.00,"100 מ""ל",false,24,5.30,1.9273,true,1,313884
7290008464642,false,"טמפו ג'ינג'ר אייל גזוז בטעם ג'ינג'ר, 275 מל","טמפו משקאות בע""מ",IL,גינגר אייל 275 מל פקדון,מיליליטרים,275.00,"100 מ""ל",false,24,4.50,1.6364,true,1,313891
7290008464673,false,"בירה גולדסטאר SLOWBREW פחית 10%, 500 מ""ל","טמפו משקאות בע""\מ",IL,בירה גולדסטאר סלו ברו 500מל פח 10% אלכוה,מיליליטרים,500.00,"100 מ""ל",false,1,10.00,2.0000,true,1,315872
7290008464697,false,"בירה מכבי 7.9%, בירה חזקה, מארז שישייה, בקבוק 330 מ""ל",טמפו,IL,מארז 6יח בירה מכבי 7.9% בק 330 מל פיקדון,ליטרים,1.98,ליטר,false,1,34.90,17.6263,true,1,243306
7290008464703,false,"שישיית בירה מכבי בקבוק 330 מ""ל",טמפו משקאות בע''מ,IL,מארז 6יח בירה מכבי בק 330 מל פיקדון,ליטרים,1.98,ליטר,false,1,34.90,17.6263,true,1,217549
7290008464734,false,"שישיית בירה גולדסטאר לאגר SLOW BREW בקבוק 330 מ""ל",טמפו משקאות בע''מ,IL,מארז 6יח גולדסטאר סלוו בירבק330מל פיקדון,ליטרים,1.98,ליטר,false,1,36.90,18.6364,true,1,301690
7290008464741,false,"בירה גולדסטאר, מארז שישייה, בקבוק 330 מ''ל","טמפו משקאות בע""\מ",IL,מארז 6יח בירה גולדסטאר בק330 מל פיקדון,ליטרים,1.98,ליטר,false,1,34.90,17.6263,true,1,218185
7290008464796,false,"בירה היינקן, מארז שישייה, בקבוק 330 מ''ל",טמפו משקאות בע''מ,IL,מארז 6יח בירה היינקן בק330מל פיקדון,ליטרים,1.98,ליטר,false,1,32.90,16.6162,true,1,218019
7290008464857,false,סודה בנגיעות ט.אננס1.5*4,טמפו,IL,מארז 4 יח סודה אננס 1.5ליטר טמפו,ליטרים,6.00,ליטר,false,1,9.90,1.6500,true,1,316155
7290008464864,false,טמפו רביעיית סודה 1.5*4 בטעם פירות יער,טמפו 7.5%,IL,מארז 4 יח סודה פירות יער 1.5ליטר טמפו,ליטרים,6.00,ליטר,false,1,9.90,1.6500,true,1,316154
7290008493413,false,פירורי לחם מאיר בייגל פירורי גריסיני 200 גרם,מאיר את ביגל,IL,פרורי גריסיני 200 גרם,גרמים,200.00,100 גרם,false,1,6.50,3.2500,true,1,223746
7290008493710,false,פרורי גריסני זהב פירורי לחם מאיר בייגל 200 גרם,מאיר את ביגל,IL,פרורי גריסיני זהב 200 גר,גרמים,200.00,100 גרם,false,1,6.50,3.2500,true,1,244252
7290008498203,false,גבינת מונטשגו 12 חוד,,,גבינת מונטשגו 12 חודשים ספרד שקיל,קילוגרמים,1.00,"ק""ג",true,,180.00,180.0000,true,1,323317
7290008498210,false,גבינת כבשים פטריות כ,,,גבינת כבשים פטריות כמהין במשקל,קילוגרמים,1.00,"ק""ג",true,,250.00,250.0000,true,1,323281
7290008498234,false,גבינת עיזים ביין במש,,,גבינת עיזים ביין במשקל ספרד,קילוגרמים,1.00,"ק""ג",true,,169.00,169.0000,true,1,323320
7290008498333,false,גבינת כבשים עם כמהין,,ES,גבינת כבשים עם כמהין לבנות במשקל ספרד,קילוגרמים,1.00,"ק""ג",true,,199.00,199.0000,true,1,336796
7290008498340,false,גבינת לורטולן כמהין,,FR,גבינת לורטולן כמהין במשקל צרפת,קילוגרמים,1.00,"ק""ג",true,,199.00,199.0000,true,1,336794
7290008498364,false,גבינת כבשים עם חלפיניו בסגנון מנצגו שקיל,,ES,גבינת כבשים עם חלפיניו במשקל ספרד,קילוגרמים,1.00,"ק""ג",true,,199.00,199.0000,true,1,336795
7290008498432,false,גבינת קומטה במשקל צר,,FR,גבינת קומטה במשקל צרפת,קילוגרמים,1.00,"ק""ג",true,,199.00,199.0000,true,1,323293
7290008498449,false,גבינת קומטה רזרב צרפ,,FR,גבינת קומטה רזרב צרפת במשקל,קילוגרמים,1.00,"ק""ג",true,,229.00,229.0000,true,1,323306
7290008498463,false,גבינת פרובלונה גדול,,,גבינת פרובלונה גדול במשקל איטליה,קילוגרמים,1.00,"ק""ג",true,,149.00,149.0000,true,1,323284
7290008498531,false,גבינת גאודה עיזים כמ,,NL,גבינת גאודה עיזים כמהין במשקל הולנד אוספ,קילוגרמים,1.00,"ק""ג",true,,249.00,249.0000,true,1,323286
7290008498555,false,גבינת מורבייה במשקל,,,גבינת מורבייה במשקל צרפת,קילוגרמים,1.00,"ק""ג",true,,199.00,199.0000,true,1,323285
7290008498562,false,גבינת גרוגונזולה פיק,,,גבינת גרוגונזולה פיקנטי במשקל,קילוגרמים,1.00,"ק""ג",true,,189.00,189.0000,true,1,323319
7290008498654,false,גבינה אפנזלר במשקל ש,,CH,גבינה אפנזלר במשקל שוויצרית,קילוגרמים,1.00,"ק""ג",true,,199.00,199.0000,true,1,323316
7290008498678,false,גבינת אפנזלר סופיריי,,CH,גבינת אפנזלר סופירייר סגול במשקל שוויץ,קילוגרמים,1.00,"ק""ג",true,,279.00,279.0000,true,1,323292
7290008498685,false,גבינת גרוייר שוויצרי,,CH,גבינת גרוייר שוויצרית 1655 במשקל שוויץ,קילוגרמים,1.00,"ק""ג",true,,249.00,249.0000,true,1,323289
7290008498692,false,גבינת גרוייר רזרב במ,,CH,גבינת גרוייר רזרב במשקל שוויץ,קילוגרמים,1.00,"ק""ג",true,,229.00,229.0000,true,1,323288
7290008498708,false,גבינת גרוייר במשקל,,CH,גבינת גרוייר במשקל שוויצרית,קילוגרמים,1.00,"ק""ג",true,,199.00,199.0000,true,1,323304
7290008498715,false,גבינת זילר גרוטו מיו,שילר,,גבינת זילר גרוטו מיושנת 12 חודש במשקל,קילוגרמים,1.00,"ק""ג",true,,199.00,199.0000,true,1,323296
7290008498739,false,גבינת דליס דה בורגון,,,גבינת דליס דה בורגון צרפת במשקל,קילוגרמים,1.00,"ק""ג",true,,169.00,169.0000,true,1,323310
7290008498746,false,גבינת ברי צרפת במשקל,,,גבינת ברי צרפת במשקל,קילוגרמים,1.00,"ק""ג",true,,129.00,129.0000,true,1,323297
7290008498753,false,גבינת בושה במשקל,,,גבינת בושה במשקל,קילוגרמים,1.00,"ק""ג",true,,139.00,139.0000,true,1,323302
7290008498784,false,גבינת בלו כבשים במשק,,,גבינת בלו כבשים במשקל,קילוגרמים,1.00,"ק""ג",true,,159.00,159.0000,true,1,323311
7290008498845,false,גבינת גאודה עיזים במ,,,גבינת גאודה עיזים במשקל 16% הולנד,קילוגרמים,1.00,"ק""ג",true,,169.00,169.0000,true,1,323318
7290008498852,false,גבינת מאסדאם הולנדי,,NL,גבינת מאסדאם במשקל הולנד אוספיר,קילוגרמים,1.00,"ק""ג",true,,69.00,69.0000,true,1,323301
7290008498883,false,גבינת גאודה עם צילי,,,גבינת גאודה עם צילי במשקל,קילוגרמים,1.00,"ק""ג",true,,119.00,119.0000,true,1,323308
7290008498913,false,גבינת לנדנה רוסו עיז,,,גבינת לנדנה רוסו עיזים ביין לבן במשקל,קילוגרמים,1.00,"ק""ג",true,,189.00,189.0000,true,1,323309
7290008498937,false,גבינת לנדנה במשקל,,NL,גבינת לנדנה במשקל 1000 הולנד אוספיר,קילוגרמים,1.00,"ק""ג",true,,209.00,209.0000,true,1,323325
7290008498951,false,גבינת גאודה מייפל וו,,NL,גבינת גאודה מייפל וויסקי במשקל הולנד,קילוגרמים,1.00,"ק""ג",true,,169.00,169.0000,true,1,323294
7290008500128,false,עוגת שמרים פרימיום ש,ב- פילסברי (ג'נל מיל,IL,עוגת שמרים שוקולד,Unknown,0.00,Unknown,false,1,25.90,0.0000,true,1,327201
7290008500135,false,עוגת שמרים פרימיום ק,ב- פילסברי (ג'נל מיל,IL,עוגת שמרים קינמון,Unknown,0.00,Unknown,false,1,25.90,0.0000,true,1,327202
7290008500142,false,עוגת שמרים פרימיום ת,פילסברי,IL,עוגת שמרים תפוחים,Unknown,0.00,Unknown,false,1,25.90,0.0000,true,1,327203
7290008500166,false,עוגת שמרים פרימיום פ,ב- פילסברי (ג'נל מיל,IL,עוגת שמרים פרג,Unknown,0.00,Unknown,false,1,25.90,0.0000,true,1,327205
7290008535212,false,ציפס טוגן זיגזג תפוג,"תעשיות תפוגן בע""מ",IL,ציפס טוגן זיגזג תפוגן 800 גר,גרמים,800.00,100 גרם,false,12,11.90,1.4875,true,1,219600
7290008590129,false,שעועית ירוקה שלמה שף,משק ויילר,BE,שעועית ירוקה שלמה 800גר שף הטבע,גרמים,800.00,100 גרם,false,12,9.90,1.2375,true,1,337413
7290008590136,false,שעועית צהובה חתוכה ק,משק ויילר,IL,שעועית צהובה חתוכה 800גר שף הטבע,גרמים,800.00,100 גרם,false,12,9.90,1.2375,true,1,337415
7290008590150,false,אפונת גינה קטנה שף ה,משק ויילר,BE,אפונת גינה קטנה 800גר שף הטבע,גרמים,800.00,100 גרם,false,12,9.90,1.2375,true,1,337416
7290008590167,false,שף הטבע- אפונה וגזר,משק ויילר,BE,אפונה וגזר 800גר שף הטבע,גרמים,800.00,100 גרם,false,12,9.90,1.2375,true,1,337417
7290008590198,false,שעועית ירוקה חתוכה ש,משק ויילר,BE,שעועית ירוקה חתוכה 800גר שף הטבע,גרמים,800.00,100 גרם,false,12,9.90,1.2375,true,1,337414
7290008606004,false,גבינת קפלוטירי במשקל,,GR,גבינת קפלוטירי במשקל,קילוגרמים,1.00,"ק""ג",true,,99.00,99.0000,true,1,325555
7290008606028,false,גבינת גאודה הולנדי ב,,NL,גבינת גאודה הולנדי בקר במשקל וואן,קילוגרמים,1.00,"ק""ג",true,,69.00,69.0000,true,1,325570
7290008606035,false,גבינת גאודה עיזים הו,,NL,גבינת גאודה עיזים הולנדי במשקל,קילוגרמים,1.00,"ק""ג",true,,119.00,119.0000,true,1,325571
7290008606059,false,גבינת גאודה מתובלת ב,,NL,גבינת גאודה מתובלת במשקל הולנד,קילוגרמים,1.00,"ק""ג",true,,109.00,109.0000,true,1,325573
7290008606066,false,גבינת גאודה בלאק למו,,NL,גבינת גאודה בלאק למון במשקל,קילוגרמים,1.00,"ק""ג",true,,169.00,169.0000,true,1,325574
7290008606103,false,גבינת גאודה כמהין בק,,NL,גבינת גאודה כמהין בקר במשקל,קילוגרמים,1.00,"ק""ג",true,,159.00,159.0000,true,1,325578
7290008606134,false,גבינת פיקורינו רומנו,,,גבינת פיקורינו רומנו במשקל,קילוגרמים,1.00,"ק""ג",true,,139.00,139.0000,true,1,325581
7290008606226,false,גבינת צדר אנגלי מעוש,,GR,גבינת צדר אנגלי מעושן במשקל וויק פארם,קילוגרמים,1.00,"ק""ג",true,,139.00,139.0000,true,1,325557
7290008606264,false,גבינת צדר אנגלי וינט,,GR,גבינת צדר אנגלי וינטאג לבן במשקל ויקפארם,קילוגרמים,1.00,"ק""ג",true,,139.00,139.0000,true,1,325560
7290008606509,false,גבינת גאודה כמון במש,,,גבינת גאודה כמון במשקל,קילוגרמים,1.00,"ק""ג",true,,99.00,99.0000,true,1,327901
7290008606530,false,גבינת גאודה צילי במש,,,גבינת גאודה צילי במשקל,קילוגרמים,1.00,"ק""ג",true,,109.00,109.0000,true,1,327903
7290008606547,false,גבינת גאודה עגבניות,,,גבינת גאודה עגבניות זיתים במשקל,קילוגרמים,1.00,"ק""ג",true,,109.00,109.0000,true,1,327904
7290008606554,false,גבינת גאודה עם עובש,,,גבינת גאודה עם עובש במשקל,קילוגרמים,1.00,"ק""ג",true,,149.00,149.0000,true,1,327905
7290008606592,false,גבינת גאודה מעושנת ב,,,גבינת גאודה מעושנת במשקל,קילוגרמים,1.00,"ק""ג",true,,89.00,89.0000,true,1,327906
7290008606677,false,גבינת ברי צרפתי במשק,,FR,גבינת ברי צרפתי במשקל,קילוגרמים,1.00,"ק""ג",true,,99.00,99.0000,true,1,331825
7290008634045,false,"פלסטר שקוף 30 יחידות ""SUNNY PLASTER""",A.U. In,CN,אגד מדבק שקוף/צבעוני 30יח סאני פלסטר,יחידה,30.00,יחידה,false,36,5.90,0.1967,true,1,315148
7290008634243,false,ממרקות ברזל יוניסאן,יוניסן,CN,ממרקות ברזל יוניסאן 2יח,יחידה,2.00,יחידה,false,24,3.90,1.9500,true,1,310555
7290008634267,false,ספוג מתכת UNISUN זוג בבליסטר כסף וזהב,יוניסן,CN,זוג ספוג מתכת בבליסטר כסף וזהב,יחידה,2.00,יחידה,false,24,5.90,2.9500,true,1,310559
7290008634533,false,"ספוג+סקוטש עשיריה ""UNISUN""",יוניסן,BG,סקוטש עם ספוג 10יח יוניסאן,יחידה,10.00,יחידה,false,24,7.90,0.7900,true,1,310563
7290008634700,false,כפפות XL לטקס עם איבוק עדין 100 יח- SAFE TOUCH,סייף טאצ,TH,כפפות לאטקס 100יח איזי טאצ מידה אקס אל,יחידה,100.00,יחידה,false,10,17.90,0.1790,true,1,322522
7290008644235,false,עלי בייבי שטראוס 120 גרם,שטראוס בריאות ירקות טריי,IL,אחלה מבחר עלי בייבי 120 ג,גרמים,120.00,100 גרם,false,1,10.00,8.3333,true,1,220280
7290008644945,false,לקט לסלט המושבה שטראוס 450 גרם,שטראוס בריאות ירקות טריי,IL,סלט המושבה 450 גרם,גרמים,450.00,100 גרם,false,1,12.00,2.6667,true,1,220317
7290008670005,false,רקנאטי גליל עליון שרדונה 750 מל,,,יין רקאנטי שרדונה 750 מל פקדון,מיליליטרים,750.00,"100 מ""ל",false,1,60.00,8.0000,true,1,216718
7290008670067,false,יין רקנאטי גליל עליו,רקנאטי,,יין רקנאטי גליל עליון ק.ס 375 מל,מיליליטרים,375.00,"100 מ""ל",false,1,40.00,10.6667,true,1,298440
7290008670074,false,יין רקנאטי גליל עליו,רקנאטי,,יין רקנאטי גליל עליון מרלו 375 מל,מיליליטרים,375.00,"100 מ""ל",false,1,40.00,10.6667,true,1,298441
7290008670135,false,רקנאטי גליל עליון סוביניון בלאן 750 מל,רקנאטי,,יין רקנאטי סוביניון בלנק 750 פקדון,מיליליטרים,750.00,"100 מ""ל",false,1,60.00,8.0000,true,1,220663
7290008670142,false,"יין רקנאטי יסמין אדום 2019 750 מ""ל",יקב רקאנטי,IL,יין רקאנטי יסמין אדום 750 מל פקדון,מיליליטרים,750.00,"100 מ""ל",false,1,45.00,6.0000,true,1,220540
7290008670159,false,"יין רקנאטי יסמין לבן 750 מ""ל","יקבי רקנאטי בע""מ",IL,יין רקאנטי יסמין לבן 750 מל פקדון,מיליליטרים,750.00,"100 מ""ל",false,1,45.00,6.0000,true,1,220541
7290008670197,false,רקנאטי רזרב שרדונה 750 מל,יקב רקנאטי,IL,יין רקנאטי שרדונה 750 מל,מיליליטרים,750.00,"100 מ""ל",false,1,85.00,11.3333,true,1,243357
7290008670302,false,"יין רקנאטי רזרב קברנה סוביניון 750 מ""ל",רקנאטי,IL,יין רקנאטי ק.ס.רזרב 2010 750 פקדון,מיליליטרים,750.00,"100 מ""ל",false,1,85.00,11.3333,true,1,223311
7290008670388,false,רקנאטי רוזה 2007 750 מל,רקנאטי,IL,יין רקנאטי 2007 רוזה 750 פקדון,מיליליטרים,750.00,"100 מ""ל",false,1,70.00,9.3333,true,1,223313
7290008670579,false,יין רקנאטי רזרב קריניאן פרא 2015 750 מל,,IL,יין רקאנטי רזרב קריניאן פרא 2010 750מל פ,מיליליטרים,750.00,"100 מ""ל",false,1,145.00,19.3333,true,1,231471
7290008670623,false,יין רקנאטי פטיט סירה רזרב 2014 750 מל,,IL,יין רקנאטי רזרב פטיט סירה 2010 750מל פקד,מיליליטרים,750.00,"100 מ""ל",false,6,110.00,14.6667,true,1,231472
7290008670647,false,רקנאטי ספ.רזרב לבן 750מ,,IL,יין רקאנטי ספשייל רזרב לבן 2010 750 מל פ,מיליליטרים,750.00,"100 מ""ל",false,1,145.00,19.3333,true,1,231728
7290008670678,false,יין רקנאטי רזרב מרלו 750 מל,רקנאטי,IL,יין רקנאטי רזרב מרלו 2010 750 מל פקדון,מיליליטרים,750.00,"100 מ""ל",false,1,85.00,11.3333,true,1,233994
7290008670692,false,"יין רקנאטי מרסלאן רזרב 2018 750 מ""ל",,IL,יין רקאנטי מרסלאן רזרב 2012 750 מל,מיליליטרים,750.00,"100 מ""ל",false,1,115.00,15.3333,true,1,240685
7290008670739,false,יין רקנאטי גרי דה מרסלאן 750 מל מארז,,,יין רקנאטי גרי דה מרסלאן 2014 אריזת שי,מיליליטרים,750.00,"100 מ""ל",false,1,100.00,13.3333,true,1,244934
7290008670821,false,יין רקנאטי מראווי 20,,IL,יין רקנאטי מראווי 2018 750 מל,מיליליטרים,750.00,"100 מ""ל",false,6,100.00,13.3333,true,1,329644
7290008670852,false,רקנאטי יונתן אדום 750 מל,רקנאטי,IL,יין רקנאטי יונתן אדום 2016 750 מל,מיליליטרים,750.00,"100 מ""ל",false,1,45.00,6.0000,true,1,303025
7290008670869,false,רקנאטי יונתן לבן 750 מל,רקנאטי,IL,יין רקנאטי יונתן לבן 2016 750 מל,מיליליטרים,750.00,"100 מ""ל",false,1,45.00,6.0000,true,1,303021
7290008670876,false,"יין רקנאטי פרנץ' בלנד, 750 מ""ל י יקב רקנאטי",רקנאטי,IL,יין רקנאטי פרנץ בלנד 750 מל,מיליליטרים,750.00,"100 מ""ל",false,1,75.00,10.0000,true,1,319065
7290008670906,false,יין רקנאטי ביתוני 20,,IL,יין רקנאטי ביתוני 2019 750 מל,מיליליטרים,750.00,"100 מ""ל",false,6,100.00,13.3333,true,1,329645
7290008670913,false,רקנאטי גליל עליון קברנה סובניון 750 מל,רקנאטי,IL,יין רקאנטי קברנה סוביניון 2017 750 מל,מיליליטרים,750.00,"100 מ""ל",false,1,60.00,8.0000,true,1,310611
7290008670920,false,יין רקנאטי גליל עליון מרלו 750 מל,,,יין רקאנטי מרלו 2017 750 מל פקדון,מיליליטרים,750.00,"100 מ""ל",false,1,60.00,8.0000,true,1,311516
7290008670937,false,רקנאטי גליל עליון שיראז 2017 750 מל,,,יין רקנאטי שיראז 750 מל 2017,מיליליטרים,750.00,"100 מ""ל",false,1,60.00,8.0000,true,1,312002
7290008679411,false,כפפות לבית ולמטבח קט,קריות זול,TH,כפפות הנדי לבית-קטן,Unknown,0.00,Unknown,false,1,6.90,0.0000,true,1,219270
7290008679428,false,כפפות הנדי לבית ולמטבח בינוני,קריות זול,TW,כפפות הנדי לבית בינוני,Unknown,0.00,Unknown,false,1,6.90,0.0000,true,1,219271
7290008679435,false,כפפות הנדי לבית ולמטבח גדול,קריות זול,TH,כפפות הנדי לבית גדול,Unknown,0.00,Unknown,false,1,6.90,0.0000,true,1,219272
7290008679442,false,כפפות לבית ולמטבח הנדי,קריות זול,TH,כפפות הנדי רגישות במיוחד קטן,Unknown,0.00,Unknown,false,1,8.50,0.0000,true,1,219267
7290008679459,false,כפפות הנדי רגישות במיוחד בינוני,קריות זול,TH,כפפות הנדי רגישות במיוחד בינוני,Unknown,0.00,Unknown,false,1,8.50,0.0000,true,1,219268
7290008679466,false,כפפות רגישות גדול הנדי,קריות זול,TH,כפפות הנדי רגישות במיוחד גדול,Unknown,0.00,Unknown,false,1,8.50,0.0000,true,1,219269
7290008690713,false,נקטר חמוציות אושן ספריי פריגת 1 ליטר,מבשלות בירה בינלאומיות ב,IL,פריגתאושןספרי חמוציות1ליטר,ליטרים,1.00,ליטר,false,12,12.70,12.7000,true,1,220036
7290008739955,false,נרות שולחן/חמסה ריחנ,,,נרות שולחן/חמסה ריחנית לרכב,יחידה,1.00,יחידה,false,1,12.00,12.0000,true,1,222137
7290008745239,false,תפוצ'יפס קראנצ' בטעם טבעי עלית 50 גרם,"שטראוס פריטו ליי בע""\מ )",IL,תפו קראנצ טבעי 50,Unknown,0.00,Unknown,false,48,4.30,0.0000,true,1,218928
7290008747547,false,תפוצ'יפס קראנץ' בטעם טבעי עלית 200 גרם,"שטראוס פריטו ליי בע""\מ )",IL,חטיף תפוציפס אקסטרא טבעי 200 גרם,גרמים,200.00,100 גרם,false,1,11.00,5.5000,true,1,218929
7290008748384,false,שוקולד ספלנדיד מריר100גר,STRAUSS-ISRAEL,IL,שוקולד ספלנדיד70% מריר 100 גרם,גרמים,100.00,100 גרם,false,1,10.90,10.9000,true,1,219096
7290008752244,false,תפוצ'יפס קראנץ' בטעם גריל עלית 50 גרם,"שטראוס פריטו ליי בע""\מ )",IL,תפו קראנצ גריל 50,Unknown,0.00,Unknown,false,48,4.30,0.0000,true,1,220090
7290008753111,false,תפוצ'יפס קראנץ' בטעם מקסיקני עלית 50 גרם,"שטראוס פריטו ליי בע""\מ )",IL,תפו קראנצ מקסיקני 50,גרמים,50.00,100 גרם,false,48,4.30,8.6000,true,1,220327
7290008753982,false,שוקולד חלב אוורירי 85גרם,"שטראוס גרופ בע""מ",IL,שוקולד פרה חלב אוורירי85 גר,גרמים,85.00,100 גרם,false,1,5.90,6.9412,true,1,221235
7290008757034,false,"שוופס סודה זכוכית 250 מ""ל",יפאורה שותפות מובגלת לשיווק,IL,שוופס סודה 250 מל פיקדון,מיליליטרים,250.00,"100 מ""ל",false,24,3.90,1.5600,true,1,221469
7290008757980,false,קרטונית ספרינג נקטר רימונים 1 ליטר,יפאורה שותפות מובגלת לשיווק,IL,נקטר ספרינג רימונים 1 ל בקרטון,ליטרים,1.00,ליטר,false,15,7.50,7.5000,true,1,296678
7290008775816,false,ערגליות עוגיות במילוי שוקולד אסם 300 גרם,מיוצר עי קונדיטוריית,IL,ערגליות שוקו 300 גרם,גרמים,300.00,100 גרם,false,1,10.90,3.6333,true,1,218968
7290008775823,false,ערגליות עוגיות תות שדה אסם 300 גרם,מיוצר עי קונדיטוריית,IL,ערגליות תות 300 גרם,גרמים,300.00,100 גרם,false,1,10.90,3.6333,true,1,218969
7290008801010,false,"יין קברנה סוביניון מרלו פרייוט קולקשן 750 מ""ל",אגודת הכורמים הקאופו,IL,""" יין קברנה/מרלו פי.סי 750 מל",מיליליטרים,750.00,"100 מ""ל",false,1,45.00,6.0000,true,1,216964
7290008801089,false,"יין P.C קברנה סוביניון אדום יבש כרמל 375 מ""ל",יקבי כרמל,IL,יין קברנה סוביניון P.C 375 מל פקדון,מיליליטרים,375.00,"100 מ""ל",false,1,25.00,6.6667,true,1,316509
7290008801119,false,"יין סוביניון בלאן סלקטד כרמל 750 מ""ל",אגודת הכורמים הקואופרטיב,IL,""" יין סלקטד סובניון בלאן 750 מל",מיליליטרים,750.00,"100 מ""ל",false,1,35.00,4.6667,true,1,217302
7290008801157,false,"יין מרלו סלקטד כרמל כרמל 750 מ""ל",כרמל מזרחי,IL,""" יין סלקטד מרלו 750 מל",מיליליטרים,750.00,"100 מ""ל",false,1,35.00,4.6667,true,1,217412
7290008801461,false,"יין הנצחון לקידוש, 750 מ""ל",יקבי כרמל Carmel Winery,IL,יין הנצחון 750 מל פקדון,מיליליטרים,750.00,"100 מ""ל",false,1,25.00,3.3333,true,1,217740
7290008801478,false,"יין טופז זהב כרמל 750 מ""ל",כרמל מזרחי,IL,יין טופז זהב 750 מל פקדון,מיליליטרים,750.00,"100 מ""ל",false,1,25.00,3.3333,true,1,217741
7290008801522,false,יין קינג דויד קונקורד אדום מתוק 750 מל,אגודת הכורמים הקואופרטיב,IL,יין קונקורד קינג דויד 750 מל,מיליליטרים,750.00,"100 מ""ל",false,1,25.00,3.3333,true,1,217006
7290008801539,false,יין כרמל 120 קינג דיוויד יקבי כרמל,אגודת הכורמים הקואופרטיב,IL,יין כרמל קינג דיויד 750 מל,מיליליטרים,750.00,"100 מ""ל",false,1,25.00,3.3333,true,1,217795
7290008801546,false,יין מוסקט מתוק קינג דיוויד יקבי כרמל,אגודת הכורמים הקואופרטיב,IL,""" יין מוסקט מתוק ק.דיויד 750 מל",מיליליטרים,750.00,"100 מ""ל",false,1,25.00,3.3333,true,1,217688
7290008801843,false,"יין קברנה סוביניון סלקטד כרמל 750 מ""ל","כד בני דרום בע""מ",IL,""" יין סלקטד קברנה סובניון 750 מל",מיליליטרים,750.00,"100 מ""ל",false,1,35.00,4.6667,true,1,218751
7290008801850,false,סלקטד אמרלד ריזלינג לבן חצי יבש 750 מל,אגודת הכורמים הקואופרטיב,IL,""" יין סלקטד אמרלד ריזלינג 750 מל",מיליליטרים,750.00,"100 מ""ל",false,1,35.00,4.6667,true,1,218249
7290008802291,false,יין מרלו פרייבט קולקשן יקבי כרמל,אגודת הכורמים הקואופרטיב,IL,""" יין מרלו פי.סי 750 מל פקדון",מיליליטרים,750.00,"100 מ""ל",false,1,45.00,6.0000,true,1,218755
7290008802512,false,"יין וינו אדום ""כרמל מזרחי""","כד בני דרום בע""מ",IL,""" יין וינו אדום יבש 750 מל",מיליליטרים,750.00,"100 מ""ל",false,12,25.00,3.3333,true,1,295761
7290008802529,false,"יין לבן חצי יבש וינו 750 מ""ל",כרמל מזרחי,IL,יין וינו לבן יבש 750 מל פקדון,מיליליטרים,750.00,"100 מ""ל",false,1,25.00,3.3333,true,1,298986
7290008802895,false,יין קברנה סוביניון פרייבט קולקשן יקבי כרמל,אגודת הכורמים הקאופורטיב,IL,""" יין קברנה סובניון פי.סי 750 מל",מיליליטרים,750.00,"100 מ""ל",false,1,45.00,6.0000,true,1,218818
7290008803021,false,"כרמל אדום עתיק 750 מ""ל",כרמל מזרחי,IL,יין כרמל אדום עתיק 750 מל פקדון,מיליליטרים,750.00,"100 מ""ל",false,1,25.00,3.3333,true,1,312229
7290008803090,false,"יין מרלו קולקשיין הסדרה האזורית כרמל 750 מ""ל",אגודת הכורמים הקואופרטיב,IL,""" יין מרלו גליל עליון 750 מל",מיליליטרים,750.00,"100 מ""ל",false,1,60.00,8.0000,true,1,218940
7290008804189,false,יין קברנה סוביניון גליל עליון סדרה אזורית יקבי כרמל,אגודת הכורמים הקואופרטיב,IL,""" יין ק.סוביניון גליל עליון 750מל",מיליליטרים,750.00,"100 מ""ל",false,12,60.00,8.0000,true,1,221936
7290008804332,false,שיראז אדום יבש פריווט קולקשיין 750מל,אגודת הכורמים הקואופרטיב,IL,""" יין שיראז פי.סי 750 מל פקדון",מיליליטרים,750.00,"100 מ""ל",false,1,45.00,6.0000,true,1,222765
7290008804462,false,יין מוסקט קינוח פרייבט קולקשן יקבי כרמל,אגודת הכורמים הקואופרטיב,IL,""" יין מוסקט קינוח פי.סי. 500 מל",מיליליטרים,500.00,"100 מ""ל",false,1,45.00,9.0000,true,1,223734
7290008804745,false,יין גוורצטרמינר סדרה אזורית יקבי כרמל,אגודת הכורמים הקואופרטיב,IL,יין גוורצטרמינר ס.אזורית 750מל פקדון,מיליליטרים,750.00,"100 מ""ל",false,1,60.00,8.0000,true,1,224616
7290008805049,false,סלקטד זינפנדל כרמל מזרחי 750 מל,"כד בני דרום בע""מ",IL,יין סלקטד זינפנדל 750 מל פקדון,מיליליטרים,750.00,"100 מ""ל",false,1,35.00,4.6667,true,1,220322
7290008805384,false,סלקטד מוסקטו לבן מבעבע 750 מל 2016,אגודת הכורמים הקואופרטיב,IL,""" יין מוסקטו סלקטד 750 מל",מיליליטרים,750.00,"100 מ""ל",false,1,35.00,4.6667,true,1,221295
7290008805520,false,"יין קברנה/סוביניון סלקטד כרמל 750 מ""ל","כד בני דרום בע""מ",IL,""" יין סלקטד קברנה/מרלו 750 מל",מיליליטרים,750.00,"100 מ""ל",false,1,35.00,4.6667,true,1,222324
7290008805964,false,יין קברנה שיראז גליל עליון סדרה אזורית יקבי כרמל,אגודת הכורמים הקואופרטיב,IL,יין קברנה שירז גליל עליון 750 מל,מיליליטרים,750.00,"100 מ""ל",false,1,60.00,8.0000,true,1,222733
7290008806961,false,גלידה שוקולד שבבי שוקולד פרה 1.33 ל' קרמיסימו,"גלידת שטראוס בע""\מ, רחוב",IL,גל.קרמיסימו שוקולד פרה 1.33 ל,ליטרים,1.33,ליטר,false,1,22.90,17.2180,true,1,220469
7290008806985,false,נישנושים גלידה שוקו וניל בציפוי שוקולד 60 יח' קרמיסימו,"גלידת שטראוס בע""\מ, רחוב",IL,גלידונית וניל מצופה 60 יח,גרמים,630.00,100 גרם,false,1,44.90,7.1270,true,1,220471
7290008833790,false,יין בדגרס קריק שיראז,יקבי בורניה,,יין בדגרס קריק שיראז.ק. 750 מל,מיליליטרים,750.00,"100 מ""ל",false,1,45.00,6.0000,true,1,302046
7290008846219,false,"שמן זית כתית מעולה חלוצה 750 מ""ל",האי נאם סי או אל.טי.,IL,שמן זית חלוצה כתית מעולה 750 מל,מיליליטרים,750.00,"100 מ""ל",false,1,39.90,5.3200,true,1,219019
7290008846332,false,שמן זית חלוצה 3 ל,חלוצה,IL,שמן זית חלוצה 3 ל,ליטרים,3.00,ליטר,false,4,145.00,48.3333,true,1,234299
7290008849470,false,פלפל צ'ומה חריף אוליביה 185 גרם,אוליביה גורמה בעמ,IL,ממרח פלפל צומה 185 ג אוליביה,גרמים,185.00,100 גרם,false,1,13.90,7.5135,true,1,220021
7290008849586,false,רוטב לעוף ריבת בצל אוליביה 310 גרם,קריות זול,IL,רוטב אוליביה עוף בצל 310 גר,גרמים,310.00,100 גרם,false,1,12.90,4.1613,true,1,219699
7290008849661,false,אוליביה ממרח עגבניות מיובשות פיקנטי 180 גרם,טרופיקל דגיל תעשיות,IL,ממרח עגבניות מיובשות פיקנטי 180ג אוליביה,גרמים,180.00,100 גרם,false,6,12.90,7.1667,true,1,313545
7290008849715,false,רצועות עגבניות מיובש,תנובה ב.ע.ד,IL,רצועות עגבניות מיובשות ושום 180ג אוליביה,גרמים,180.00,100 גרם,false,6,12.90,7.1667,true,1,313543
7290008849739,false,רוטב סויה אמיתי אוליביה 310 גרם,קריות זול,IL,רוטב סויה קלאסית 290 מל אוליביה,מיליליטרים,290.00,"100 מ""ל",false,1,12.90,4.4483,true,1,220199
7290008849753,false,רוטב טריאקי אוליביה 300 גרם,מיוצר עי קונדיטוריית,IL,רוטב אוליביה טריאקי עשיר 290 מל,מיליליטרים,290.00,"100 מ""ל",false,1,12.90,4.4483,true,1,220200
7290008849777,false,רוטב צ'ילי מתוק אוליביה 345 גרם,קריות זול,IL,רוטב אוליביה צילי מתוק 290 מל,מיליליטרים,290.00,"100 מ""ל",false,1,12.90,4.4483,true,1,220202
7290008849838,false,טפנד זיתים אוליביה 190 גר',"אוליביה גורמה בע""מ",IL,טפנד זיתים 180גרם אוליביה,גרמים,180.00,100 גרם,false,6,12.90,7.1667,true,1,313544
7290008849845,false,ממרח אוליביה אריסה פיקנטי 180 ג',"אוליביה גרומה בע""מ",IL,אריסה פיקנטית 180גרם אוליביה,גרמים,180.00,100 גרם,false,6,12.90,7.1667,true,1,313546
7290008863001,false,עוגת גינגי בציפוי פירורים 450 גרם,קונדיטוריה וולפסון,IL,עוגת גינגי עם ציפוי פירורים 450גר,גרמים,450.00,100 גרם,false,1,37.90,8.4222,true,1,230007
7290008863049,false,עוגת אריסטוקרט 800 גרם,קונדיטוריה וולפסון,IL,עוגת אריסטוקרט 800גרם,גרמים,800.00,100 גרם,false,1,77.90,9.7375,true,1,230010
7290008863063,false,עוגיות עם ריבת חלב(א,קונדיטוריה וולפסון,IL,עוגיות ריבת חלב 600גרם,גרמים,600.00,100 גרם,false,1,49.90,8.3167,true,1,230012
7290008863070,false,אקלר ממולא קרם חמאה,קונדיטוריה וולפסון,IL,אקלר ממולא קרם חמאה 350 גר,גרמים,350.00,100 גרם,false,1,26.90,7.6857,true,1,230014
7290008863100,false,עוגות פראג 600 גרם,קונדיטוריה וולפסון,IL,עוגת פראג 600 גרם,גרמים,600.00,100 גרם,false,1,49.90,8.3167,true,1,230008
7290008863117,false,עוגת אריסטוקרט 380 גרם,קונדיטוריה וולפסון,IL,עוגת אריסטוקרט 380גרם,גרמים,380.00,100 גרם,false,1,39.90,10.5000,true,1,230011
7290008863179,false,עוגת אריסטוקרט 600גר,קונדיטוריה וולפסון,IL,עוגת אריסטוקרט 600גרם,גרמים,600.00,100 גרם,false,1,64.90,10.8167,true,1,230009
7290008866040,false,גבינת ברי עיזים יעקב,משק יעקבס,IL,גבינת ברי עיזים במשקל,קילוגרמים,1.00,"ק""ג",true,,149.00,149.0000,true,1,332632
7290008866163,false,גבינת פטה עיזים במשק,משק יעקבס,IL,גבינת פטה עיזים במשקל יעקובס,קילוגרמים,1.00,"ק""ג",true,,99.00,99.0000,true,1,334703
7290008879156,false,יין גאיה ויסטאמרה 75,,,יין גאיה ויסטאמרה 750 מל פקדון,מיליליטרים,750.00,"100 מ""ל",false,1,185.00,24.6667,true,1,220457
7290008879163,false,דר לוסון ריזילנג 700 מל,,,יין דר לוסן ריזלינג 750 מל פקדון,מיליליטרים,750.00,"100 מ""ל",false,1,60.00,8.0000,true,1,220458
7290008899505,false,בגט לבן פילסברי 250,פילסברי,,בגט רגיל,Unknown,0.00,Unknown,false,1,6.90,0.0000,true,1,301414
7290008899512,false,באגט כפרי פילסברי,פילסברי,,בגט כפרי,Unknown,0.00,Unknown,false,1,6.50,0.0000,false,1,301415
7290008909723,false,"שישיית טובורג רד בקבוק 330X6 מ""ל",מבשלות בירה בינלאומיות ב,IL,מארז 6יח בירה טובורג 330מל פקדון מבצע,ליטרים,1.98,ליטר,false,1,34.90,17.6263,true,1,223906
7290008909853,false,"קוקה קולה זירו בקבוק 500 מ""ל.",החברה המרכזית לייצור משקאות,IL,משקה קוקה קולה זירו 500 מל פקדון,מיליליטרים,500.00,"100 מ""ל",false,1,7.50,1.5000,true,1,224510
7290008909877,false,קוקה- קולה zero מארז שישייה,החברה המרכזית לייצור משקאות,IL,קולה ZERO שישיות 1.5 ליטר,ליטרים,9.00,ליטר,false,1,46.10,5.1222,true,1,224508
7290008921015,false,"קברנה פטיס סירה ""תשבי""","יקבי הבארון בע""מ",,יין תשבי קברנה סירה 750 מל פקדון,מיליליטרים,750.00,"100 מ""ל",false,1,40.00,5.3333,true,1,219708
7290008921022,false,יין תישבי פרנץ ריזלי,"יקבי הבארון בע""מ",,יין פרנץ ריזלינג 750מל פיקדון,מיליליטרים,750.00,"100 מ""ל",false,1,40.00,5.3333,true,1,219274
7290008921053,false,יין תשבי אדום סגול 7,"יקבי הבארון בע""מ",,יין אדום סגול 750 מל,מיליליטרים,750.00,"100 מ""ל",false,1,40.00,5.3333,true,1,311791
7290008921060,false,יין מוסקט ויוניה תשב,יקבי תישבי,IL,יין מוסקט ויונה חצי מתוק 750 מל,מיליליטרים,750.00,"100 מ""ל",false,1,40.00,5.3333,true,1,316655
7290008921077,false,יין תשבי מלבק 750 מל,יקב התשבי,IL,יין תשבי מלבק 750 מל,מיליליטרים,750.00,"100 מ""ל",false,12,45.00,6.0000,true,1,320442
7290008921084,false,יין תשבי רובי קברנה,תשבי,,יין תשבי רובי קברנה 750מל,מיליליטרים,750.00,"100 מ""ל",false,1,45.00,6.0000,true,1,327180
7290008921121,false,יין תשבי סוביניון בל,יקבי הבארון – תשבי,IL,יין תשבי סוביניון בלאן 750 מל,מיליליטרים,750.00,"100 מ""ל",false,1,45.00,6.0000,true,1,315786
7290008921138,false,יין תשבי כחול לבן 75,"יקבי הבארון בע""מ",,יין כחול לבן 750 מל,מיליליטרים,750.00,"100 מ""ל",false,1,40.00,5.3333,true,1,312717
7290008921152,false,יין תישבי אסטייט רוב,יקבי הבארון – תשבי,,יין רובי קברנה 2012 750 מל,Unknown,0.00,Unknown,false,1,100.00,0.0000,true,1,295028
7290008921169,false,"קברנה אדום סוביניון ""תשבי""","יקבי הבארון בע""מ",,יין תשבי קברנה סוביניון 750מל פקד,מיליליטרים,750.00,"100 מ""ל",false,1,45.00,6.0000,true,1,219457
7290008921176,false,יין תשבי ויניארדס מר,"יקבי הבארון בע""מ",,יין תשבי מרלו 750 מל פקדון,מיליליטרים,750.00,"100 מ""ל",false,1,45.00,6.0000,true,1,219275
7290008921190,false,"יין לבן אמרלד ריזלינג ""תשבי""",יקב תשבי,,יין תשבי אמרלד ריזלינג 750 מל פקדון,מיליליטרים,750.00,"100 מ""ל",false,1,40.00,5.3333,true,1,224758
7290008921213,false,"יין מוסקט יבש - ויונייה ""תישבי""",יקבי תישבי,IL,יין ויוניה לבן 2015 תשבי 750מל פקדון,מיליליטרים,750.00,"100 מ""ל",false,1,60.00,8.0000,true,1,223915
7290008921251,false,"יין אדום קברנה פרנק ""תשבי""",יושלם,,יין קברנה פרנק 750 מל,מיליליטרים,750.00,"100 מ""ל",false,1,45.00,6.0000,true,1,242432
7290008921268,false,יין תשבי אסטייט קברנ,יקבי הבארון – תשבי,,יין תישבי קברנה פרנק 2012 750 מל,מיליליטרים,750.00,"100 מ""ל",false,1,100.00,13.3333,true,1,295035
7290008921275,false,"יין אדום שיראז ""תשבי""",יושלם,,יין תשבי שיראז 750 מל פקדון,מיליליטרים,750.00,"100 מ""ל",false,1,45.00,6.0000,true,1,226358
7290008921299,false,יין פטיט וורדו תישבי,,,יין פטיט ורדו תשבי 750 מל,מיליליטרים,750.00,"100 מ""ל",false,1,45.00,6.0000,true,1,295308
7290008921312,false,"קברנה סובניון 750 מ""ל תשבי אסטייט",יקבי הבארון – תשבי,,יין תשבי ק.סוביניון 2011 750 מל פקדון,מיליליטרים,750.00,"100 מ""ל",false,1,80.00,10.6667,true,1,220657
7290008921329,false,"יין מרלו ""תישבי אסטייט""",יקבי הבארון – תשבי,,יין תשבי מרלו 2010 750 מל פקדון,מיליליטרים,750.00,"100 מ""ל",false,1,80.00,10.6667,true,1,220152
7290008921336,false,יין תישבי אסטייט שרד,"יקבי הבארון בע""מ",,יין תשבי שרדונה 2016 750 מל פקדון,מיליליטרים,750.00,"100 מ""ל",false,1,60.00,8.0000,true,1,220136
7290008921442,false,יין תישבי אסטייט מלב,יושלם,,יין מלבק 2011 אדום יבש 750 מל,מיליליטרים,750.00,"100 מ""ל",false,1,100.00,13.3333,true,1,232528
7290008921459,false,יין שיראז אסטייט 750,יקב תישבי יקבי הברון,,יין תשבי שיראז 2013 750מל פקדון,מיליליטרים,750.00,"100 מ""ל",false,1,80.00,10.6667,true,1,223986
7290008921541,false,"יין קברנה מרלו ""תישבי אסטייט""",,,יין קברנה מרלו תשבי 750 מל,מיליליטרים,750.00,"100 מ""ל",false,1,80.00,10.6667,true,1,295037
7290008921558,false,יין תשבי מלבק אסטייט,תשבי,,יין תשבי שרדונה 2016 750 מל פקדון,מיליליטרים,750.00,"100 מ""ל",false,1,80.00,10.6667,true,1,304088
7290008921572,false,"יין ויונייה גוורצטרמינר ""תשבי""",יקבי תישבי,,יין ויוניה גוורצטרמינר תשבי 750 מל,מיליליטרים,750.00,"100 מ""ל",false,1,45.00,6.0000,true,1,310979
7290008921602,false,"יין פטיט ורוד ""תישבי אסטייט""",יקב התשבי,IL,יין תשבי פטיט ורדו אסטייט 750 מל,מיליליטרים,750.00,"100 מ""ל",false,12,80.00,10.6667,true,1,320441
7290008921657,false,יין ספישל רזרב 2016,יקב התשבי,IL,יין ספישל רזרב 2016 750 מל,מיליליטרים,750.00,"100 מ""ל",false,6,199.00,26.5333,true,1,316754
7290008921688,false,יין סינגל אסטייט פטי,תשבי,,יין תישבי פטיט סירה סינגל 750 מל,מיליליטרים,750.00,"100 מ""ל",false,1,100.00,13.3333,true,1,315200
7290008921695,false,יין רוזה מ נואר תשבי,יקב התשבי,IL,יין רוזה מ נואר תשבי 750 מל,מיליליטרים,750.00,"100 מ""ל",false,12,80.00,10.6667,true,1,321378
7290008921718,false,יין גוורצטרמינר לבן חצי יבש,יקב תשבי,,יין תשבי 2010 גוורצטרמינר 750 מל פיקדון,מיליליטרים,750.00,"100 מ""ל",false,1,60.00,8.0000,true,1,228920
7290008940078,false,גבינת ברי צרפתי במשק,,FR,גבינת ברי צרפתי במשקל,קילוגרמים,1.00,"ק""ג",true,,89.00,89.0000,true,1,333760
7290008940108,false,גבינת מוצרלה100גר כד,,IT,גבינת מוצרלה100גר כדור,גרמים,100.00,100 גרם,false,1,8.90,8.9000,true,1,333756
7290008940115,false,גבינת בייבי מוצרלה 2,,IT,גבינת בייבי מוצרלה 200גר,גרמים,200.00,100 גרם,false,1,16.90,8.4500,true,1,333757
7290008940146,false,גבינת אולד אמסטרדם ר,,NL,גבינת אולד אמסטרדם רזרב במשקל,קילוגרמים,1.00,"ק""ג",true,,139.00,139.0000,true,1,334051
7290008940160,false,גבינת גאודה כמון במש,jacks cheese,NL,גבינת גאודה כמון במשקל,קילוגרמים,1.00,"ק""ג",true,,99.00,99.0000,true,1,334715
7290008940214,false,צידר אנגלי כתום 200 גרם,,,גבינת צדר כתום אנגלי 200 גר,גרמים,200.00,100 גרם,false,1,17.90,8.9500,true,1,335619
7290008940221,false,צידר אנגלי כתום 200 גרם,,,גבינת צדר לבן אנגלי 200 גר,גרמים,200.00,100 גרם,false,1,17.90,8.9500,true,1,335620
7290008940368,false,גבינת טקסס ברביקיו ב,,,גבינת טקסס ברביקיו במשקל,קילוגרמים,1.00,"ק""ג",true,,149.00,149.0000,true,1,336036
7290008940443,false,גבינת גאודה פלפל שחו,jacks cheese,NL,גבינת גאודה פלפל שחור במשקל,קילוגרמים,1.00,"ק""ג",true,,99.00,99.0000,true,1,337273
7290008940528,false,גבינת גאודה זיתים עג,jacks cheese,NL,גבינת גאודה זיתים עגבניות במשקל,קילוגרמים,1.00,"ק""ג",true,,99.00,99.0000,true,1,337300
7290008940535,false,גבינת גאודה פלפלים מ,jacks cheese,NL,גבינת גאודה פלפלים מתוקים במשקל,קילוגרמים,1.00,"ק""ג",true,,99.00,99.0000,true,1,337301
7290008945172,false,"שקיות אשפה עם שרוך 52 * 65 ס""מ גלילונית 40 יחידות","אשפלסט תעשיות בע""מ",IL,שקיות אשפה 40 יח לילונית 52/65,יחידה,40.00,יחידה,false,1,16.90,0.4225,true,1,219058
7290008961110,false,טושיונקה בקר מיוחד 400 גר,פרוטרי,,שימורי בשר בקר טבעי 400 גרם,גרמים,400.00,100 גרם,false,1,22.90,5.7250,true,1,304278
7290008961127,false,טושיונקה בקר רוסית 400 גרם,גוד פוד ג'.א'.ג'י. ב,,שימורי בשר טושונקה רוסי 400 גר,גרמים,400.00,100 גרם,false,1,22.90,5.7250,true,1,304279
7290008961189,false,טושיונקה בקר פיקנטית 400 גרם,גוד פוד ג'.א'.ג'י. ב,,שימורי בשר טושונקה פיקנטי 400 גר,גרמים,400.00,100 גרם,false,1,22.90,5.7250,true,1,304299
7290009106909,false,פילה טונה אדומה טרי,,,פילה טונה אדומה טרי,קילוגרמים,1.00,"ק""ג",true,,250.00,250.0000,true,1,223706
7290009106961,false,דג אנטיאס טרי,,,דג אנטיאס טרי,קילוגרמים,1.00,"ק""ג",true,,159.00,159.0000,true,1,237050
7290009694598,false,עוגיות קוקוס ללא סוכ,קינג דיוויד טבעוני,IL,עוגיות אנרגיה קוקוס ללא סוכר 500 גר,גרמים,300.00,100 גרם,false,12,26.90,8.9667,true,1,224534
7290010002009,false,תערובת לציפוי מאפים מלוחים מימון 130 גרם,תבליני מימון,,תערובת תיבול למאפה מלוח 130 גרם,גרמים,130.00,100 גרם,false,1,10.90,8.3846,true,1,329459
7290010002016,false,כוסברה טחונה תבליני מימון 100 גרם,א.ל ייצור ושיווק תבל,IL,תבלין כוסברה טחונה מיכל 100 גר,גרמים,100.00,100 גרם,false,1,9.50,9.5000,true,1,226232
7290010002023,false,כורכום הודי טחון תבליני מימון 100 גרם,א.ל ייצור ושיווק תבלינים,IL,כורכום טחון מיכל 100 גר,גרמים,100.00,100 גרם,false,1,11.90,11.9000,true,1,226233
7290010002030,false,תבלין כמון טחון תבליני מימון 100 גרם,א.ל ייצור ושיווק תבלינים,IL,כמון טחון מיכל 100 גר,גרמים,100.00,100 גרם,false,1,11.90,11.9000,true,1,226218
7290010002047,false,תבלין מלח לימון תבליני מימון 200 גרם,א.ל ייצור ושיווק תבלינים,IL,מלח לימון מיכל 200 גר,גרמים,200.00,100 גרם,false,1,11.90,5.9500,true,1,226234
7290010002061,false,פלפל לבן טחון תבליני מימון 100 גרם,א.ל ייצור ושיווק תבל,IL,פלפל לבן טחון 100 גרם,גרמים,100.00,100 גרם,false,6,17.90,17.9000,true,1,226238
7290010002078,false,פלפל שחור טחון תבליני מימון 100 גרם,א.ל ייצור ושיווק תבלינים,IL,פלפל שחור טחון 100 גרם,גרמים,100.00,100 גרם,false,6,14.50,14.5000,true,1,226219
7290010002092,false,תבלין פלפל שחור גרוס דק תבליני מימון 90,א.ל ייצור ושיווק תבלינים,IL,פלפל שחור גרוס דק 90 גרם,Unknown,0.00,Unknown,false,6,14.50,0.0000,true,1,226221
7290010002108,false,תבלין פלפל שחור גרוס גס תבליני מימון 90,א.ל ייצור ושיווק תבלינים,IL,פלפל שחור גרוס גס 90 גרם,Unknown,0.00,Unknown,false,6,14.50,0.0000,true,1,226222
7290010002122,false,פפריקה הונגרית מתוקה תבליני מימון 100 גרם,א.ל ייצור ושיווק תבלינים,IL,פפריקה הונגרית מתוקה מיכל 100 גר,גרמים,100.00,100 גרם,false,1,11.90,11.9000,true,1,226224
7290010002139,false,פפריקה הונגרית חריפה תבליני מימון 100 גרם,א.ל ייצור ושיווק תבלינים,IL,פפריקה הונגרית חריפה מיכל 100 גר,גרמים,100.00,100 גרם,false,1,11.90,11.9000,true,1,226225
7290010002146,false,פפריקה מרוקאית מתוקה תבליני מימון 100 גרם,א.ל ייצור ושיווק תבלינים,IL,פפריקה מרוקאית מתוקה מיכל 100 גר,גרמים,100.00,100 גרם,false,1,11.90,11.9000,true,1,226226
7290010002153,false,פפריקה מרוקאית חריפה תבליני מימון 100 גרם,א.ל ייצור ושיווק תבלינים,IL,פפריקה מרוקאית חריפה מיכל100 גר,גרמים,100.00,100 גרם,false,1,11.90,11.9000,true,1,226227
7290010002207,false,תבלין קינמון טחון תבליני מימון 100 גרם,א.ל ייצור ושיווק תבלינים,IL,תבלין קינמון טחו ן מיכל 100 גר,גרמים,100.00,100 גרם,false,1,9.50,9.5000,true,1,226237
7290010002214,false,תבלין צ'ילי גרוס תבליני מימון 80 גרם,א.ל ייצור ושיווק תבלינים,IL,תבלין צילי מקסיקני גרוס מיכל 80 גר,Unknown,0.00,Unknown,false,1,11.90,0.0000,true,1,226228
7290010002283,false,תיבול על האש תבליני מימון 100 גרם,א.ל ייצור ושיווק תבלינים,IL,תיבול על האש מיכל 100 גר,גרמים,100.00,100 גרם,false,1,11.90,11.9000,true,1,226247
7290010002290,false,תיבול לשווארמה תבליני מימון 100 גרם,א.ל ייצור ושיווק תבל,IL,תערובת לשווארמה מיכל 100 גר,גרמים,100.00,100 גרם,false,1,11.90,11.9000,true,1,226248
7290010002306,false,תיבול לקציצות תבליני מימון 100 גרם,א.ל ייצור ושיווק תבל,IL,תערובת לקציצות מיכל 100 גר,גרמים,100.00,100 גרם,false,1,11.90,11.9000,true,1,226229
7290010002313,false,תבלין ראס אל חנות תבליני מימון 100 גרם,א.ל ייצור ושיווק תבלינים,IL,תבלין ראס אל חנות מיכל 100 גר,גרמים,100.00,100 גרם,false,1,11.90,11.9000,true,1,226230
7290010002320,false,תיבול לגריל עוף תבליני מימון 100 גרם,א.ל ייצור ושיווק תבלינים,IL,תיבול גריל עוף מיכל 100 גר,גרמים,100.00,100 גרם,false,1,11.90,11.9000,true,1,226249
7290010002337,false,תיבול לסטייק תבליני מימון 100 גרם,א.ל ייצור ושיווק תבלינים,IL,תיבול לסטייק מיכל 100 גר,גרמים,100.00,100 גרם,false,1,11.90,11.9000,true,1,226250
7290010002344,false,תבלין לדג תבליני מימון 100 גרם.,א.ל ייצור ושיווק תבלינים,IL,תיבול לדג מיכל 110 גר,גרמים,100.00,100 גרם,false,1,11.90,11.9000,true,1,226251
7290010002351,false,זעתר ושומשום תבליני מימון 100 גרם,א.ל ייצור ושיווק תבלינים,IL,זעתר ושומשום מיכל 100 גר,גרמים,100.00,100 גרם,false,1,11.90,11.9000,true,1,226252
7290010002368,false,תערובת חווויג' תבליני מימון 100 גרם,א.ל ייצור ושיווק תבלינים,IL,תיבול חוואיג למרק מיכל 100 גר,גרמים,100.00,100 גרם,false,1,11.90,11.9000,true,1,226253
7290010002375,false,קארי תבליני מימון 100 גרם,א.ל ייצור ושיווק תבל,IL,קארי מדרס מיכל 100 גר,גרמים,100.00,100 גרם,false,1,11.90,11.9000,true,1,226231
7290010002382,false,תבלין אורגנו תבליני מימון 40 גרם,א.ל ייצור ושיווק תבלינים,IL,תבלין אורגנו מיכל 40 גר,Unknown,0.00,Unknown,false,1,9.50,0.0000,true,1,226240
7290010002429,false,עלי דפנה תבליני מימון 20 גרם צנצנת,א.ל ייצור ושיווק תבל,IL,תבלין עלי דפנה מיכל 20 גר,Unknown,0.00,Unknown,false,1,9.50,0.0000,true,1,226243
7290010002436,false,תבלין פטרוזיליה תבליני מימון 25 גרם,א.ל ייצור ושיווק תבל,IL,תבלין פטרוזיליה מיכל 25 גר,Unknown,0.00,Unknown,false,1,9.50,0.0000,true,1,226244
7290010002443,false,תבלין רוזמרין תבליני מימון 40 גרם,א.ל ייצור ושיווק תבל,IL,תבלין רוזמרין מיכל 50 גר,Unknown,0.00,Unknown,false,1,9.50,0.0000,true,1,226245
7290010002450,false,שמיר תבליני מימון 25 גרם,א.ל ייצור ושיווק תבל,IL,שמיר 25 גרם,Unknown,0.00,Unknown,false,6,9.50,0.0000,true,1,226246
7290010002481,false,תבלין שום טחון תבליני מימון 100 גרם,א.ל ייצור ושיווק תבלינים,IL,תבלין שום טחון מיכל 100 גר,גרמים,100.00,100 גרם,false,1,14.50,14.5000,true,1,226254
7290010002498,false,תבלין שום גבישי תבליני מימון 120 גרם,א.ל ייצור ושיווק תבלינים,IL,תבלין שום גבישי מיכל 120 גר,גרמים,120.00,100 גרם,false,1,14.50,12.0833,true,1,226255
7290010002597,false,כוסברה ירוקה תבליני מימון 30 גרם,א.ל ייצור ושיווק תבלינים,IL,תבלין כוסברה ירוקה מיכל 20 גר,Unknown,0.00,Unknown,false,1,9.50,0.0000,true,1,226257
7290010002658,false,פלפל יבש מתוק תבליני מימון 150 גרם,א.ל ייצור ושיווק תבל,IL,תבלין פלפל יבש מתוק שקית 150 גר,גרמים,150.00,100 גרם,false,1,15.90,10.6000,true,1,226259
7290010002696,false,אקסטרה צ'יפס אורז חום מלא שמנת בצל 60 גרם,נוהלס ג'י אס סי.,BG,ציפס אורז חום שמנת ובצל 60 גרם,Unknown,0.00,Unknown,false,24,6.90,0.0000,true,1,336138
7290010002726,false,תבלין לפרגיות תבליני מימון 100 גרם.,א.ל ייצור ושיווק תבלינים,IL,תיבול לפרגיות מיכל 100 גר,גרמים,100.00,100 גרם,false,1,11.90,11.9000,true,1,226258
7290010003051,false,פפריקה הונגרית מתוקה תבליני מימון 400 גרם,א.ל ייצור ושיווק תבלינים,IL,פפריקה הונגרית מתוקה400 גר שקית,גרמים,400.00,100 גרם,false,1,24.90,6.2250,true,1,238858
7290010003075,false,פפריקה מרוקאית מתוקה תבליני מימון 400 גרם,א.ל ייצור ושיווק תבלינים,IL,פפריקה מרוקאית מתוקה400 גר שקית,גרמים,400.00,100 גרם,false,1,24.90,6.2250,true,1,238859
7290010003686,false,עלי דפנה בשקית תבליני מימון20 גרם,א.ל ייצור ושיווק תבל,IL,עלי דפנה שקית 20 גרם,Unknown,0.00,Unknown,false,1,5.90,0.0000,true,1,238336
7290010003693,false,פפריקה מתוקה בשקית תבליני מימון 80 גרם,א.ל ייצור ושיווק תבל,IL,פריקה מתוקה שקית 80 גרם - חדש,Unknown,0.00,Unknown,false,60,5.90,0.0000,true,1,238337
7290010003709,false,פלפל שחור טחון בשקית תבליני מימון 50 גרם,א.ל ייצור ושיווק תבל,IL,פלפל שחור טחון שקית 50 גרם - חדש,Unknown,0.00,Unknown,false,60,7.90,0.0000,true,1,238354
7290010003754,false,כמון טחון בשקית תבליני תבליני מימון 50 גרם,א.ל ייצור ושיווק תבל,IL,כמון טחון שקית 50 גרם - חדש,Unknown,0.00,Unknown,false,60,5.90,0.0000,true,1,238339
7290010003761,false,כורכום טחון בשקית תבליני מימון 80 גרם,א.ל ייצור ושיווק תבל,IL,כורכום טחון שקית 80 גרם - חדש,Unknown,0.00,Unknown,false,60,5.90,0.0000,true,1,238341
7290010003778,false,תיבול לגריל עוף בשקית תבליני מימון 80 גרם,א.ל ייצור ושיווק תבל,IL,תיבול לגריל עוף שקית 80 גרם - חדש,Unknown,0.00,Unknown,false,60,5.90,0.0000,true,1,238343
7290010003792,false,מלח לימון בשקית תבליני מימון 100 גרם,א.ל ייצור ושיווק תבל,IL,מלח לימון שקית 100 גרם - חדש,גרמים,100.00,100 גרם,false,60,5.90,5.9000,true,1,238345
7290010003808,false,זעתר ושמשום בשקית תבליני מימון 80 גרם,א.ל ייצור ושיווק תבל,IL,זעתר ושומשום שקית 80גרם - חדש,Unknown,0.00,Unknown,false,60,5.90,0.0000,true,1,238346
7290010003815,false,פלפל שטה יבש תבליני מימון 150 גרם שקית,א.ל ייצור ושיווק תבל,IL,פלפל שטה יבש שקית 150 גר,גרמים,150.00,100 גרם,false,1,15.90,10.6000,true,1,227456
7290010003822,false,פפריקה חריפה בשקית תבליני מימון 80 גרם,א.ל ייצור ושיווק תבל,IL,פפריקה חריפה שקית 80 גרם - חדש,Unknown,0.00,Unknown,false,60,5.90,0.0000,true,1,238347
7290010003839,false,קינמון טחון בשקית תבליני מימון 80 גרם,א.ל ייצור ושיווק תבל,IL,קינמון טחון שקית 80 גרם - חדש,Unknown,0.00,Unknown,false,60,5.90,0.0000,true,1,238348
7290010003846,false,אורגנו בשקית תבליני מימון 20 גרם,א.ל ייצור ושיווק תבל,IL,אורגנו שקית 20 גרם,Unknown,0.00,Unknown,false,1,5.90,0.0000,true,1,238350
7290010003990,false,פטרוזיליה בשקית תבליני מימון 20 גרם,א.ל ייצור ושיווק תבל,IL,פטרוזיליה שקית 20 גרם,Unknown,0.00,Unknown,false,1,5.90,0.0000,true,1,238352
7290010023141,false,תה לימונענע הגן הקסום ויסוצקי 25 יחידות,תה ויסוצקי,IL,תה גן הקסום לימונענע 2ג 25 שק,יחידה,25.00,יחידה,false,1,18.90,0.7560,true,1,220623
7290010023622,false,תה קלאסי עם נגיעות נענע ויסוצקי 100 יחידות,תה ויסוצקי,IL,תה ויסוצקי קלאסי בנגיעות נענע,יחידה,100.00,יחידה,false,15,20.00,0.2000,true,1,221403
7290010023943,false,חליטה מצמח הרויבוש Red tea בטעם קינמון ווניל,מולינו ניקולי s.p.a,IL,רוייבוש תה קינמון וניל 2 ג 25 שק,יחידה,25.00,יחידה,false,1,25.90,1.0360,true,1,222183
7290010036844,false,יין בזלת הגולן שרדונ,,IL,יין בזלת הגולן שרדונה רזרב 2017 750 מל,מיליליטרים,750.00,"100 מ""ל",false,6,110.00,14.6667,true,1,318151
7290010042081,false,פולי סויה אדממה 1 קג,,,פולי סויה אדממה 1 קג קפוא פסקוביץ,קילוגרמים,1.00,"ק""ג",false,1,13.90,13.9000,true,1,324136
7290010042357,false,פטל שחור 300גר קפוא,,,פטל שחור 300גר קפוא פסקוביץ,גרמים,300.00,100 גרם,false,1,11.90,3.9667,true,1,324141
7290010042586,false,גזר גמדי 2.5 קג פסקו,,,גזר גמדי 2.5 קג פסקוביץ,גרמים,2500.00,100 גרם,false,1,26.90,1.0760,true,1,324163
7290010042753,false,ציפס אמריקאי 2.5 קג,,,ציפס אמריקאי 2.5 קג קפוא פסקוביץ,גרמים,2500.00,100 גרם,false,1,36.90,1.4760,true,1,326806
7290010042869,false,דומדניות אדומות 300ג,,,דומדניות אדומות 300גרם קפוא פסקוביץ,גרמים,300.00,100 גרם,false,1,11.90,3.9667,true,1,324146
7290010042876,false,חמוציות 300גרם קפוא,,,חמוציות 300גרם קפוא פסקוביץ,גרמים,300.00,100 גרם,false,1,11.90,3.9667,true,1,324148
7290010042883,false,דומדניות שחורות 300ג,,,דומדניות שחורות 300גרם קפוא פסקוביץ,גרמים,300.00,100 גרם,false,1,11.90,3.9667,true,1,324147
7290010049028,false,מרמולייט תרכיז פטל דיאט 1 ליטר,מרמולייט,IL,תרכיז מרמולייט פטל דיאט 1 לי,ליטרים,1.00,ליטר,false,1,18.90,18.9000,true,1,220453
7290010051045,false,עלי בייבי ארוז א.אדמה,חקלאי,IL,עלי בייבי מיקס ארוז,Unknown,0.00,Unknown,false,1,8.90,0.0000,true,1,223229
7290010051144,false,תרד עלים א.אדמה,אדמה,,תרד עלים 180 גר יח,Unknown,0.00,Unknown,false,1,8.90,0.0000,true,1,228194
7290010051168,false,כוסברה ארוז א.אדמה,חקלאי,IL,כוסברה,Unknown,0.00,Unknown,false,1,4.00,0.0000,true,1,223305
7290010051205,false,סלרי עלים ארוז א.אדמה,אדמה,,סלרי עלים,Unknown,0.00,Unknown,false,1,5.90,0.0000,true,1,221797
7290010051212,false,ראש סלרי א.אדמה,אדמה,,סלרי ראש,Unknown,0.00,Unknown,false,1,5.90,0.0000,true,1,221798
7290010051281,false,רוקולה ארוז א.אדמה,,,עלי רוקולה,Unknown,0.00,Unknown,false,1,7.90,0.0000,true,1,245361
7290010051373,false,לבבות חסה בשקית א.אדמה,קטיף.,IL,לבבות חסה שקית,Unknown,0.00,Unknown,false,1,9.90,0.0000,true,1,311835
7290010051489,false,חמציץ א.אדמה,,,חמציץ בנספק,Unknown,0.00,Unknown,false,1,8.90,0.0000,true,1,302705
7290010063468,false,יין לאטור לבן נטופה,יקב נטופה,,יין לאטור לבן נטופה 750מל פקדון,מיליליטרים,750.00,"100 מ""ל",false,1,85.00,11.3333,true,1,239619
7290010065141,false,ליקוקים שימורי חתולי,,,ליקוקים שימורי חתולים 415 ג טונה,גרמים,415.00,100 גרם,false,1,5.90,1.4217,true,1,221317
7290010065172,false,ליקוקים שימורי כלבים כבד 415 ג',קריות זול,IT,ליקוקים שימורי כלבים 415 ג כבד,גרמים,415.00,100 גרם,false,1,5.90,1.4217,true,1,221319
7290010065271,false,פרינוק - מחית תפוחי עץ 130 גרם,פרינוק,CZ,מחית פרינוק תפוחי עץ 130 ג שלב1-2,גרמים,130.00,100 גרם,false,1,5.00,3.8462,true,1,221656
7290010065295,false,פרינוק - מחית תפוחי עץ ובננה 130 גרם,פרינוק,CZ,מחית פרינוק תפוחי עץ+בננה 130 ג שלב1-2,גרמים,130.00,100 גרם,false,1,5.00,3.8462,true,1,221658
7290010065332,false,מחית תפוח עץ בננה ג'וניור פרינוק 190 גרם,פרוטה פודווין איי.אס,CZ,מחית פרינוק גוניור תפוח+בננה190ג שלב 3,גרמים,190.00,100 גרם,false,1,5.90,3.1053,true,1,221662
7290010065349,false,מחית סלט פירות ג'וניור פרינוק 190 גרם,פרוטה פודווין איי.אס,CZ,מחית פרינוק גוניור סלט פירות190ג שלב 3,גרמים,190.00,100 גרם,false,1,5.90,3.1053,true,1,221663
7290010116980,false,אבקת שוקולית שקית עלית 850 ג',הנסיך- מפעל לייצור ט,IL,אבקת שוקולית 850 גרם בשקית,גרמים,850.00,100 גרם,false,1,16.90,1.9882,true,1,220739
7290010117864,false,דוריטוס חטיף תירס בטעם חריף אש עלית 70 גרם,"שטראוס פריטו ליי בע""\מ )",IL,דוריטוס חריף אש 70 גרם,Unknown,0.00,Unknown,false,48,4.00,0.0000,true,1,222970
7290010118328,false,תפוצ'יפס בטעם טבעי עלית מארז 6*40 גרם,שטראוס פריטו ליי (מל,IL,מארז6יח תפוציפס טבעי 40גר,גרמים,240.00,100 גרם,false,12,13.00,5.4167,true,1,223495
7290010154005,false,סחוג תימני יוחאי ביטון 250 גרם,תבליני יוחאי ביטון,IL,סחוג תימני 250 גרם,גרמים,250.00,100 גרם,false,12,15.50,6.2000,true,1,220397
7290010154012,false,לימון בלאדי כבוש תבליני ביטון 250 גרם,תבליני יוחאי ביטון,IL,לימון כבוש 250 גרם,גרמים,250.00,100 גרם,false,12,15.50,6.2000,true,1,220398
7290010154029,false,אריסה מתוקה יוחאי ביטון 250 גרם,תבליני יוחאי ביטון,IL,אריסה מתוקה 250 גרם,גרמים,250.00,100 גרם,false,12,15.50,6.2000,true,1,220613
7290010154036,false,עמבה תבליני ביטון 250 גרם,תבליני יוחאי ביטון,IL,עמבה 250 גרם,גרמים,250.00,100 גרם,false,12,15.50,6.2000,true,1,220614
7290010154050,false,ממרח שיפקה כבוש חריף 250,תבליני יוחאי ביטון,IL,ממרח שיפקה כבוש 250גר ביטון,גרמים,250.00,100 גרם,false,1,15.50,6.2000,true,1,334483
7290010154241,false,סלט חזרת ריף ביטון 250 ג',תבליני יוחאי ביטון,IL,סלט חזרת ביתית 250 גרם,גרמים,250.00,100 גרם,false,1,15.50,6.2000,true,1,220737
7290010154265,false,פלפל צ'ומה תבליני ביטון 250 גרם,תבליני יוחאי ביטון,IL,פלפל צומה 250 ג ביטון,גרמים,250.00,100 גרם,false,12,15.50,6.2000,true,1,222731
7290010154418,false,סחוג אדום תבליני ביטון 130 גרם,תבליני יוחאי ביטון,IL,סחוג אדום 130 ג ביטון,גרמים,130.00,100 גרם,false,12,9.90,7.6154,true,1,232932
7290010154425,false,סחוג ירוק תבליני ביטון 130 גרם,תבליני יוחאי ביטון,IL,סחוג ירוק 130 ג ביטון,גרמים,130.00,100 גרם,false,12,9.90,7.6154,true,1,232933
7290010154548,false,ממרח שום טבעי יוחאי ביטון 235 גרם,תבליני יוחאי ביטון,IL,ממרח שום טבעי 235 גרם,גרמים,235.00,100 גרם,false,12,12.90,5.4894,true,1,299989
7290010154555,false,ממרח לימון כבוש יוחאי ביטון 250 גרם,תבליני יוחאי ביטון,IL,ממרח לימון כבוש 235 גרם,גרמים,235.00,100 גרם,false,12,12.90,5.4894,true,1,299991
7290010154678,false,אריסה מרוקאית תבליני ביטון 250 גרם,תבליני יוחאי ביטון,IL,אריסה מרוקאית 250 גרם,גרמים,250.00,100 גרם,false,1,14.90,5.9600,true,1,312541
7290010154685,false,סלט שום כתוש 250 ג' ביטון יוחאי,תבליני יוחאי ביטון,IL,סלט שום כתוש 250 גרם,גרמים,250.00,100 גרם,false,1,14.90,5.9600,true,1,312542
7290010154692,false,סחוג אדום יוחאי ביטון 250 גרם,תבליני יוחאי ביטון,IL,סחוג אדום 250 גרם ביטון,גרמים,250.00,100 גרם,false,1,15.50,6.2000,true,1,327062
7290010163069,false,צנובר 100 גרם ששון הקולה,"דין שיווק וקלייה בע""",IL,צנובר 100 ג,גרמים,100.00,100 גרם,false,1,19.90,19.9000,true,1,220998
7290010173037,false,"יין הרי גליל רוזה, 750 מ""ל י יקב הרי גליל",יקבי רמת הגולן,IL,יין גליל רוזה 2016 750 מל פקדון,מיליליטרים,750.00,"100 מ""ל",false,1,40.00,5.3333,true,1,222406
7290010173044,false,"יין בר הרי גליל מרלו 750 מ""ל",יקבי רמת הגולן,IL,יין גליל מרלו 2016 750 מל פקדון,מיליליטרים,750.00,"100 מ""ל",false,1,40.00,5.3333,true,1,220725
7290010173174,false,"יין אלון 2019 750 מ""ל הרי גליל",יקבי רמת הגולן,IL,יין גליל אלון 2014 750 מל פקדון,מיליליטרים,750.00,"100 מ""ל",false,1,60.00,8.0000,true,1,231534
7290010173181,false,יין אלה הרי גליל 750 מל,יקבי רמת הגולן,IL,יין גליל אלה 2014 750 מל,מיליליטרים,750.00,"100 מ""ל",false,1,60.00,8.0000,true,1,232625
7290010173334,false,יין הרי גליל שיראז 750 מל,יקבי רמת הגולן,IL,יין הרי גליל סירה 2016 750 מל פקדון,מיליליטרים,750.00,"100 מ""ל",false,1,40.00,5.3333,true,1,224122
7290010195268,false,פופקורן פופסטאר חמישייה מופחת שומן טבעי,פופ סטאר,US,פופקורן פופסטאר מופחת שומן טבעי5יח 425גר,גרמים,425.00,100 גרם,false,1,14.90,3.5059,true,1,229555
7290010195275,false,פופ סטאר גרעיני תירס להכנת פופקורן במיקרוגל בטעם חמאה מופחת שומן 425 גרם,פופ סטאר,US,פופקורן פופסטאר מופחת שומן חמאה5יח425גר,גרמים,425.00,100 גרם,false,1,14.90,3.5059,true,1,229556
7290010237531,false,"פפסי קולה פלסטיק 500 מ""ל","טמפו משקאות בע""ם.",IL,משקה פפסי קולה קוול 500 מל בק פקדון,מיליליטרים,500.00,"100 מ""ל",false,1,5.90,1.1800,true,1,223424
7290010237562,false,משקה פפסי מרינדה קוו,"טמפו משקאות בע""מ",IL,משקה פפסי מרינדה קוול 500 מל בק פקדון,מיליליטרים,500.00,"100 מ""ל",false,1,5.90,1.1800,true,1,229549
7290010237579,false,משקה סבן אפ קוול 500,"טמפו משקאות בע""מ",IL,משקה סבן אפ קוול 500 מל בק פקדון,מיליליטרים,500.00,"100 מ""ל",false,1,5.90,1.1800,true,1,223426
7290010259977,false,שמן קנולה מזוכך ויליפוד 1 ליטר,בונגי פולין אס.פי.זד,PL,שמן קנולה מזוכך 1ליטר (15),ליטרים,1.00,ליטר,false,15,10.90,10.9000,true,1,222091
7290010287451,false,יין שור אסטייט שקמה,,IL,יין שור אסטייט שקמה 2019 750 מל,מיליליטרים,750.00,"100 מ""ל",false,12,60.00,8.0000,true,1,332379
7290010287482,false,"יין אדום שקמה שני חצי יבש 750 מ""ל יקב שו",,IL,יין שור אסטייט שקמה שני בלנד 750 מל,מיליליטרים,750.00,"100 מ""ל",false,12,60.00,8.0000,true,1,332385
7290010298143,false,יין שאטו בלריב דובוא,,,יין שאטו בלריב דובואה בורדו כשר 750 מל,מיליליטרים,750.00,"100 מ""ל",false,6,65.00,8.6667,true,1,335668
7290010298273,false,יין דרך ארץ שרדונה 7,ברקן,IL,יין דרך ארץ שרדונה 750 מל פיקדון,מיליליטרים,750.00,"100 מ""ל",false,1,35.00,4.6667,true,1,307862
7290010298846,false,"יין טומאסי אמרונה 750 מ""ל",,,יין טומאסי אמרונה 750 מל פקדון,מיליליטרים,750.00,"100 מ""ל",false,1,240.00,32.0000,true,1,220784
7290010298938,false,יין טומאסי פינו גריג,,,יין טומאסי פינו גריגיו 750 מל פקדון,מיליליטרים,750.00,"100 מ""ל",false,1,65.00,8.6667,true,1,220786
7290010298945,false,"טומאסי ריפאסו דל וולפוליצלה 750 מ""ל",,,יין טומאסי ריפאסו וולפוליצלה 750 מל פקדו,מיליליטרים,750.00,"100 מ""ל",false,1,100.00,13.3333,true,1,220788
7290010298976,false,יין טומאסי וולפוליצל,טומאסי,IT,טומאסי 375 מל פקדון וולפוליצלה,מיליליטרים,375.00,"100 מ""ל",false,12,45.00,12.0000,true,1,319077
7290010298983,false,יין טומאסי וולפוליצל,טומאסי,IT,יין טומאסי וולפוליצלה 750 מל פקדון,מיליליטרים,750.00,"100 מ""ל",false,1,70.00,9.3333,true,1,319078
7290010298990,false,יין טומאסי רפאל וולפ,,,יין טומאסי רפאל וולפוליצלה 750מל פקדון,מיליליטרים,750.00,"100 מ""ל",false,1,80.00,10.6667,true,1,220794
7290010328093,false,ממרח חלווה אחווה 400 ג' מהדרין,אחדות בית חרושת לטחי,IL,ממרח חלבה אחווה 400 גרם,גרמים,400.00,100 גרם,false,1,11.90,2.9750,true,1,223567
7290010328468,false,מארז מיני חלווה אחוה בטעמים 18 יחידות 216 גרם,שוורצקוף& הנקל דיסלד,IL,חטיפי חלבה אחווה טעמים 18 גר,Unknown,0.00,Unknown,false,1,10.90,0.0000,true,1,315464
7290010328505,false,"מארז מיני חלווה 15 יחידות לל""ס אחוה 150 גרם",אחדות ביחר לטחינה חל,IL,חטיפי חלבה אחווה ללא סוכר 15 יח,Unknown,0.00,Unknown,false,1,10.90,0.0000,true,1,315465
7290010328727,false,ממרח טחינה עם שוקולד אחווה 400 גרם,אחדות ביחר לטחינה חל,IL,ממרח טחינה עם שוקולד אחווה 400 גרם,גרמים,400.00,100 גרם,false,1,11.90,2.9750,true,1,300830
7290010328734,false,ממרח טחינה עם סילאן משומשום מלא,אחדות ביחר לטחינה חל,IL,ממרח טחינה עם סילאן אחווה 400 גרם,גרמים,400.00,100 גרם,false,1,11.90,2.9750,true,1,300831
7290010328819,false,ממרח טחינה עם שוקולד משומשום מלא אחווה 400 גרם,אחדות ביחר לטחינה חל,IL,ממרח טחינה עם שוקולד ל.ס.400 גרם,גרמים,400.00,100 גרם,false,1,11.90,2.9750,true,1,319707
7290010329854,false,מיני קוקיס עוגיות בטעם חמאה ללא סוכר כרמית 600 גרם,כרמית,IL,עוג.מיני קוקיס בטעם חמאה ל.ס600גר,גרמים,600.00,100 גרם,false,1,19.90,3.3167,true,1,224726
7290010329977,false,מטבעות שוקולד מריר כרמית 42 גרם,HIQ FOOD PRODUCTS,IL,מטבעות שוקולד מריר 48 ג ברשת,Unknown,0.00,Unknown,false,1,5.00,0.0000,true,1,225413
7290010373055,false,"ערק זחלאווי אלליאלי 500 מ""ל",אלנמרוד,,ערק זחלאווי אליאלי מקורי 500 מל פיקדון,מיליליטרים,500.00,"100 מ""ל",false,1,65.00,13.0000,true,1,225629
7290010385263,false,"יין אבוהב ינוקא בלנד 750 מ""ל",,,יין בלנד ינוקא 750 מל,מיליליטרים,750.00,"100 מ""ל",false,6,110.00,14.6667,true,1,329611
7290010385270,false,יין מרלו ינוקא 750 מ,,,יין מרלו ינוקא 750 מל,מיליליטרים,750.00,"100 מ""ל",false,6,110.00,14.6667,true,1,329612
7290010385294,false,יין קברנה פרנק מרקא,,,יין קברנה פרנק מרקא 750 מל,מיליליטרים,750.00,"100 מ""ל",false,6,119.00,15.8667,true,1,329613
7290010385409,false,יין מלבק רזרב 750 מל,,,יין מלבק רזרב 750 מל,מיליליטרים,750.00,"100 מ""ל",false,6,149.00,19.8667,true,1,329618
7290010385416,false,יין ערבוביא רזרב בלנ,,,יין ערבוביא רזרב בלנד 750 מל,מיליליטרים,750.00,"100 מ""ל",false,6,149.00,19.8667,true,1,329615
7290010385423,false,יין קברנה סוביניון ר,,,יין קברנה סוביניון רזרב 750 מל,מיליליטרים,750.00,"100 מ""ל",false,6,149.00,19.8667,true,1,329617
7290010385430,false,יין פלגא רזרב בלנד 7,,,יין פלגא רזרב בלנד 750 מל,מיליליטרים,750.00,"100 מ""ל",false,6,149.00,19.8667,true,1,329616
7290010417162,false,יין גמלא ריזלינג לבן 750 מל,יקבי רמת הגולן קצרין,IL,יין גמלא ריזלינג 750 מל פקדון רמת הגולן,מיליליטרים,750.00,"100 מ""ל",false,1,60.00,8.0000,true,1,222040
7290010471669,false,יוגורט תות עם קורנפלקס מצופה שוקולד ללא גלוטן 3.9%,"שטראוס בריאות בע""\מ",IL,יוגורט דנונה בר קראנצ תות קורנפלקס 175גר,גרמים,175.00,100 גרם,false,1,4.70,2.6857,true,1,221562
7290010472307,false,"שמיניית משקה גמדים תות בננה דיסני 108 מ""ל",מיוצר עי קונדיטוריית,IL,מארז 8יח גמדים לשתיה טעם תות בננה 800מל,מיליליטרים,800.00,"100 מ""ל",false,6,15.90,1.9875,true,1,221891
7290010513703,false,צ'ופסטיקס צפצפה - 20 יחידות,גולין פנגזו,IL,צופסטיקס יפני 20 יח,Unknown,0.00,Unknown,false,1,6.90,0.0000,true,1,222877
7290010513727,false,פנקו פרורי לחם 200 גרם (קינגדאו),קינגדאו גוניון פודס,CN,פנקו פרורי לחם 200 גרם (קינגדאו),גרמים,200.00,100 גרם,false,20,8.90,4.4500,true,1,234983
7290010517275,false,יין קברנה רזרב פלם 2,,,יין קברנה רזרב פלם 2016 750מל פקדון,מיליליטרים,750.00,"100 מ""ל",false,1,165.00,22.0000,true,1,312744
7290010517473,false,יין פלם רוזה 750 מל,,,יין פלם רוזה 2015 750 מל פקדון,מיליליטרים,750.00,"100 מ""ל",false,1,120.00,16.0000,true,1,297177
7290010546053,false,מנדל גרנולה בריאות קלויה ללא סוכר 400 גר,"מנדל סחר ושיווק בע""מ",IL,גרנולה מנדל ללא סוכר 400 גר צנצנת,גרמים,400.00,100 גרם,false,1,19.90,4.9750,true,1,235575
7290010546152,false,גרנולה תמרים 400 גר' צנצנת,יוליניבר,IL,גרנולה מנדל תמרים 400 גר צנצנת,גרמים,400.00,100 גרם,false,1,19.90,4.9750,true,1,235573
7290010546169,false,"גרנולה בטעם ""דינמי"" בתוספת שקדים וצימוק",מנדל טי אמ סחר,IL,גרנולה מנדל שקד צימוק 400 גר צנצנת,גרמים,400.00,100 גרם,false,1,19.90,4.9750,true,1,235572
7290010546336,false,מנדל גרנולה בסילאן ללא תוספת סוכר 400 גר,"מנדל סחר ושיווק בע""מ",IL,גרנולה מנדל בסילאן ל.סוכר 400 גרם,גרמים,400.00,100 גרם,false,1,19.90,4.9750,true,1,298937
7290010546558,false,גרנולה חלבה תמרים מנדל 400 גר,מנדל טי אם,IL,גרנולה מנדל חלבה תמרים 400 גרם,גרמים,400.00,100 גרם,false,1,19.90,4.9750,true,1,309863
7290010546565,false,גרנולה שוקולד מנדל 400 גר,מנדל,,גרנולה מנדל שוקולד 400 גרם,גרמים,400.00,100 גרם,false,1,19.90,4.9750,true,1,309864
7290010546633,false,מנדל גרנולה חמאת בוטנים מעושר בחלבון 350,מנדל,IL,גרנולה מנדל חמאת בוטנים 350 גר צנצנת,גרמים,350.00,100 גרם,false,1,19.90,5.6857,true,1,325530
7290010548514,false,קוביות עשבי תיבול לבישול איטלקי דורות 70 גרם,עיצובים 2020 (3.8),IL,עשבי תיבול לבישול איטלקי דורות 70 גר,גרמים,70.00,100 גרם,false,32,11.90,17.0000,true,1,223731
7290010549108,false,רכז רימונים 350 גרם,,UZ,רכז רימונים 350 גרם 100% טבעי גרנטה,גרמים,350.00,100 גרם,false,6,31.90,9.1143,true,1,327921
7290010561179,false,ממרח ברילי כמו גבינת,,IL,ברילי כמו לאבנה 220גר 5% טבעוני,גרמים,220.00,100 גרם,false,1,18.90,8.5909,true,1,334096
7290010561407,false,ברילי לחם פרוס extra ויטמינים ומינרלים 500 גרם,בר אל- ללא גלוטן,IL,לחם פרוס אקסטרא ויטמינים ומינרלים 500גר,גרמים,500.00,100 גרם,false,12,21.90,4.3800,true,1,310311
7290010561421,false,ברילי לחם כפרי EXTRA קמח טף 500 גרם,אשבל מזון פונקציונלי,IL,לחם כפרי קמח טף 500גר ברילי אקסטרא,גרמים,500.00,100 גרם,false,1,21.90,4.3800,true,1,310310
7290010561445,false,עוגיות שוקוצ'יפס 180 גרם,אשבל מזון פונקציונלי,IL,פיתות ברילי 420גר,גרמים,420.00,100 גרם,false,1,21.90,5.2143,true,1,310115
7290010561469,false,מאפה אצבע ללא גלוטן 330 גרם,אשבל מזון פונקציונלי,IL,לחמניות אצבע ברילי 330גר ללא גלוטן,גרמים,330.00,100 גרם,false,14,21.90,6.6364,true,1,310117
7290010561490,false,ברילי לחמניית המבורגר ללא גלוטן 360 ג',בר אל- ללא גלוטן,IL,לחמניות המבורגר ברילי 360גר ללא גלוטן,גרמים,360.00,100 גרם,false,1,21.90,6.0833,true,1,223002
7290010561599,false,מאפינס מייפל קיטו בר,אשבל,IL,מאפינס מייפל קיטו ברילי 50גר,Unknown,0.00,Unknown,false,18,12.90,0.0000,true,1,336611
7290010561612,false,מאפינס וניל קיטו ברי,אשבל,IL,מאפינס וניל קיטו ברילי 50גר,Unknown,0.00,Unknown,false,18,12.90,0.0000,true,1,336605
7290010561643,false,ברילי פירורי לחם 250 ג' ללא גלוטן,אשבל מזון פונקציונלי,IL,פירורי לחם חחא גלוטן 250 גר,גרמים,250.00,100 גרם,false,12,16.90,6.7600,true,1,327786
7290010561650,false,פתיתים אפויים ברילי,אשבל מזון פונקציונלי,IL,ברילי פתיתים אפויים ללג 250 גר,גרמים,250.00,100 גרם,false,18,16.90,6.7600,true,1,327784
7290010561667,false,פתיתים אפויים ברילי,אשבל מזון פונקציונלי,IL,ברילי פתיתים אפויים ללג קוסקוס 250 גר,גרמים,250.00,100 גרם,false,18,16.90,6.7600,true,1,327785
7290010561711,false,ברילי שייק קפה קיטו 30 גרם,אשבל,IL,שייק קפה קיטו ברילי 30 גר,Unknown,0.00,Unknown,false,18,11.90,0.0000,true,1,310227
7290010561728,false,קיטו אבקה להכנת משקה 40ג,אשבל,IL,אבקה להכנת שוקו קיטו ברילי 40גר,Unknown,0.00,Unknown,false,18,11.90,0.0000,true,1,336609
7290010561780,false,אבקת הכנת פודינג וניל35ג,אשבל,IL,פודינג וניל קיטו ברילי 35גר,Unknown,0.00,Unknown,false,18,11.90,0.0000,true,1,336607
7290010561797,false,אבקת להכנת פודינג 43 גרם,אשבל,IL,פודינג שוקולד קיטו ברילי 43גר,Unknown,0.00,Unknown,false,18,11.90,0.0000,true,1,336608
7290010582686,true,ליצי ארוז,,,ליצי ארוז,Unknown,0.00,Unknown,false,,14.90,0.0000,true,1,336446
7290010587087,false,יין יין אריאל טוליפ,יקב טוליפ,IL,יין טוליפ מוסטלי מרלו 750 מל פקדון,Unknown,0.00,Unknown,false,6,110.00,0.0000,true,1,321505
7290010587100,false,יין פורט טוליפ 750מל,יקב טוליפ,,יין פורט טוליפ 750מל פקדון,מיליליטרים,750.00,"100 מ""ל",false,1,100.00,13.3333,true,1,236636
7290010587438,false,יין בלאק טוליפ 2015,יקב טוליפ,,יין בלאק טוליפ 2015 750 מל פקדון,מיליליטרים,750.00,"100 מ""ל",false,1,199.00,26.5333,true,1,309715
7290010587445,false,"יין טוליפ וויט פרנק 750 מ""ל",מיוצר וממולא על ידי יקב,IL,יין טוליפ וויט פרנק 2017 750 מל פקדון,מיליליטרים,750.00,"100 מ""ל",false,1,65.00,8.6667,true,1,311172
7290010587452,false,טוליפ וויט יבש טוליפ750מ,מיוצר וממולא על ידי יקב,IL,יין טוליפ וויט 2017 750 מל פיקדון,מיליליטרים,750.00,"100 מ""ל",false,1,65.00,8.6667,true,1,311795
7290010587469,false,"יין טוליפ קברנה סוביניון 750 מ""ל",מיוצר וממולא על ידי יקב,IL,יין ק. סוביניון טוליפ 2017 750 מל פק,מיליליטרים,750.00,"100 מ""ל",false,1,65.00,8.6667,true,1,311789
7290010587476,false,"יין טוליפ מרלו 750 מ""ל",מיוצר וממולא על ידי יקב,IL,יין מרלו טוליפ 2017 750מל פקדון,מיליליטרים,750.00,"100 מ""ל",false,1,65.00,8.6667,true,1,311790
7290010587483,false,"יין טוליפ אספרו אדום 750 מ""ל",יקב טוליפ,IL,יין אספרסו טוליפ 2016 750מל פקדון,מיליליטרים,750.00,"100 מ""ל",false,1,85.00,11.3333,true,1,311793
7290010587605,false,יין מארה מיה נוסטרום,MAIA WINERY,,יין מארה מיה נוסטרום 750 מל פקדון,מיליליטרים,750.00,"100 מ""ל",false,1,110.00,14.6667,true,1,241769
7290010587612,false,יין מארה מיה אדום 75,MAIA WINERY,,יין מארה מיה אדום 750 מל פקדון,מיליליטרים,750.00,"100 מ""ל",false,1,75.00,10.0000,true,1,241768
7290010587711,false,יין סביון לבן 750 מל,יקב טוליפ,,יין סביון לבן 750 מל,מיליליטרים,750.00,"100 מ""ל",false,1,65.00,8.6667,true,1,294646
7290010587872,false,יין אמרונה 750 מל,יקב זני,IT,יין אמרונה 750 מל,מיליליטרים,750.00,"100 מ""ל",false,6,169.00,22.5333,true,1,318474
7290010587889,false,"יין טוליפ סירה רזרב 750 מ""ל",יקב טוליפ,,יין טוליפ סירה רזרב 2016 750 מל פקדון,מיליליטרים,750.00,"100 מ""ל",false,1,110.00,14.6667,true,1,313031
7290010587896,false,יין סובניון בלאן 201,יקב טוליפ,,"יין סובניון בלאן 2017 750 מ""ל",מיליליטרים,750.00,"100 מ""ל",false,1,100.00,13.3333,true,1,313273
7290010587902,false,יין טוליפ פרנק מרו,יקב טוליפ,,יין טוליפ פרנק מרו רזרב 2016 750 מל,מיליליטרים,750.00,"100 מ""ל",false,1,110.00,14.6667,true,1,313032
7290010589012,false,עוגת וופל במילוי קרם,,IL,עוגת וופל במילוי קרם חלב 315גר וישאם,גרמים,315.00,100 גרם,false,1,29.90,9.4921,true,1,227643
7290010589036,false,עוגת וופלבמילוי ריבת,,IL,עוגת וופלבמילוי ריבת חלב 270גר,גרמים,270.00,100 גרם,false,1,33.90,12.5556,true,1,227644
7290010589043,false,עוגת וופל במילוי ריב,,IL,עוגת וופל במילוי ריבת חלב 315גר וישאם,גרמים,315.00,100 גרם,false,1,29.90,9.4921,true,1,227642
7290010589135,false,גליליות ממולא קרם פט,וישם דברי מתיקה,IL,גליליות ממולא קרם פטיסייר 225גר וישאם,גרמים,225.00,100 גרם,false,1,29.90,13.2889,true,1,325148
7290010589203,false,כדורי שוקולד קרם חלב,,IL,כדורי שוקולד קרם חלב 300גר וישאם,גרמים,300.00,100 גרם,false,1,29.90,9.9667,true,1,325145
7290010589227,false,כדורי שוקולד טעם שוק,וישם דברי מתיקה,IL,כדורי שוקולד טעם שוקולד 300גר וישאם,גרמים,300.00,100 גרם,false,1,29.90,9.9667,true,1,325147
7290010589302,false,עוגת וופל במילוי קרם,וישם דברי מתיקה,IL,עוגת וופל במילוי קרם קפה 270גרם,גרמים,270.00,100 גרם,false,1,33.90,12.5556,true,1,333199
7290010632787,false,צימרוני אוזניים מעץ 300 יח,הדקלאים אגודת שיתופי,CN,צימרוני אוזניים 300 יח מעץ,יחידה,300.00,יחידה,false,1,4.90,0.0163,true,1,303872
7290010650019,false,אנדיב בלגי אמיתי חוות תקוע,מרינה פטריות הגליל,IL,אנדיב ארוז,Unknown,0.00,Unknown,false,1,15.00,0.0000,true,1,226623
7290010650033,false,בצלצלי שאלוט תקוע אר,חוות פטריות תקוע,NL,בצלצלי שאלוט ארוז במגש,Unknown,0.00,Unknown,false,1,10.90,0.0000,true,1,226624
7290010650040,false,פטריות שיטאקי חוות תקוע,ביכורי שדה דרום 2002,IL,פטריות שיטאקי ארוז,Unknown,0.00,Unknown,false,1,13.00,0.0000,true,1,226616
7290010650064,false,פטריות יער מיובשות חוות תקוע 25 גרם,חוות תקוע,IL,פטריות יער מיובשות,Unknown,0.00,Unknown,false,1,8.90,0.0000,true,1,224353
7290010650088,false,פטריות שמפיניון מיובשות 25 גרם,חוות פטריות תקוע,CN,פטריות שמפיניון מיובשות,Unknown,0.00,Unknown,false,1,11.00,0.0000,true,1,224355
7290010650231,false,פטריות מאיטקי מיובשו,חוות פטריות תקוע,IL,פטריות מאי טאקי מיובשות,Unknown,0.00,Unknown,false,1,12.90,0.0000,true,1,226620
7290010650255,false,לקט פטריות למרק חוות תקוע 25 גרם,חוות פטריות תקוע,CN,לקט פטריות מיובשות למרק,Unknown,0.00,Unknown,false,1,15.00,0.0000,true,1,226622
7290010650279,false,לקט פטריות לפסטה 25 גרם,חקלאי,IL,לקט פטריות מיובשות לפסטה,Unknown,0.00,Unknown,false,1,15.00,0.0000,true,1,226621
7290010650286,false,בייבי ברוקולי חוות תקוע,,,ברוקולי מיני תקוע,Unknown,0.00,Unknown,false,1,18.90,0.0000,true,1,297953
7290010650293,false,בצלצלי שאלוט מקולף ת,תקוע,,בצלצלי שאלוט מקולף ארוז במגש,Unknown,0.00,Unknown,false,1,14.90,0.0000,true,1,228826
7290010650354,false,שורש כורכום טרי חוות תקוע 120 גרם,פסטה לנסי,IL,שורש כורכום טרי ארוז,Unknown,0.00,Unknown,false,1,12.50,0.0000,true,1,228802
7290010650408,false,בצלצלי פנינה תקוע יח,פסטה לנסי,IL,בצלצלי פנינה יח,Unknown,0.00,Unknown,false,1,10.00,0.0000,true,1,323722
7290010650415,false,עגבניות מיובשות 200 גרם תקוע,חוות פטריות תקוע,TR,עגבניות לחות 200 גר יח,גרמים,100.00,100 גרם,false,1,11.90,11.9000,true,1,228337
7290010650576,false,פטריות שנוקי טרי ארו,חוות פטריות תקוע,IL,פטריות שינוקי 150. גר,Unknown,0.00,Unknown,false,1,11.90,0.0000,true,1,231941
7290010650590,false,ריזוטו פטריות מיובשות,חוות פטריות תקוע,IL,ריזוטו פטריות 9 יח,Unknown,0.00,Unknown,false,1,15.00,0.0000,true,1,234776
7290010650668,false,למון גראס -חוות תקוע,ביכורי השקמה,IL,למון גראס,Unknown,0.00,Unknown,false,1,10.90,0.0000,true,1,239169
7290010650767,false,אנדיב אדום 220 גרם,פמילי,IL,אנדיב אדום ארוז,Unknown,0.00,Unknown,false,1,20.00,0.0000,true,1,294890
7290010650798,false,לקט בורגול ופטריות חוות תקוע,קרלו,IL,לקט פטריות ובורגול 310 גר,Unknown,0.00,Unknown,false,1,15.00,0.0000,true,1,315113
7290010650804,false,לקט פתיתים ופטריות חוות תקוע,,,לקט פטריות ופתיתים 235 גר,Unknown,0.00,Unknown,false,1,15.00,0.0000,true,1,315112
7290010650828,false,פטריות שימג'י חוות תקוע 150 גרם,שנגחאי פינק פוד קומפני,CN,פטריות שימגי לבן תקוע,Unknown,0.00,Unknown,false,1,13.00,0.0000,true,1,314733
7290010650903,false,עגבניות לחות בתיבול אורגנו 200 גרם,,,עגבניות לחות תקוע אורגנו 200 גר יח,גרמים,100.00,100 גרם,false,1,12.90,12.9000,true,1,320748
7290010650927,false,עגבניות לחות בתיבול בזיליקום ועלי דפנה 200 גרם,חקלאי,TR,עגבניות לחות תקוע בזיליקום 200 גר יח,גרמים,100.00,100 גרם,false,1,12.90,12.9000,true,1,320750
7290010650996,false,"פטריות שי מג'י חומות, 150 גרם חוות תקוע",שנגחאי פינק פוד קומפני,CN,פטריות שימגי חום תקוע,Unknown,0.00,Unknown,false,1,13.00,0.0000,true,1,328402
7290010657254,false,סרדינים מרוקאי בשמן צמחי 125 ג',יוניון דה פחריס,MA,סרדין קזבלנקה בשמן סויה,גרמים,125.00,100 גרם,false,25,5.90,4.7200,true,1,229411
7290010657292,false,צלפים בחומץ צנצנת 35,פ.ח סאנצאס,ES,צלפים בחומץ 350 גר S.FOOD,גרמים,350.00,100 גרם,false,12,13.50,3.8571,true,1,224079
7290010657490,false,סרדין קזבלנקה בשמן ח,יוניון דה פחריס,MA,סרדין קזבלנקה בשמן חריף 125 ג,גרמים,125.00,100 גרם,false,25,5.90,4.7200,true,1,229408
7290010657506,false,סרדין קזבלנקה בשמן ז,יוניון דה פחריס,MA,סרדין קזבלנקה בשמן זית 125 ג,גרמים,125.00,100 גרם,false,25,6.90,5.5200,true,1,229407
7290010657551,false,סרדינים ברוטב עגבניו,יוניון דה פחריס,MA,סרדין קזבלנקה ברוטב עגבניות 125 ג,גרמים,125.00,100 גרם,false,25,5.90,4.7200,true,1,229409
7290010657568,false,סרדין קזבלנקה בשמן ס,יוניון דה פחריס,MA,סרדין קזבלנקה לימון 125 ג,גרמים,125.00,100 גרם,false,25,5.90,4.7200,true,1,229410
7290010657681,false,פילה מקרל בשמן צמחי 125 ג קזבלנקה,יוניון דה פחריס,,פילה מקרל בשמן צמחי ללא עור ועצמו 125 גר,גרמים,125.00,100 גרם,false,1,10.00,8.0000,true,1,229405
7290010657698,false,פילה מקרל פלפל חריף 125 ג קזבלנקה,יוניון דה פחריס,,פילה מקרל פלפל חריף 125 גר,גרמים,125.00,100 גרם,false,1,10.00,8.0000,true,1,229404
7290010657704,false,פילה מקרל בשמן זית 125 ג קזבלנקה,יוניון דה פחריס,,פילה מקרל בשמן זית ללא עור ועצמות 125גר,גרמים,125.00,100 גרם,false,1,11.00,8.8000,true,1,229406
7290010657834,false,"ראניה סטר פוד מי ורדים 510 מ""ל",אלימאד פוד,BE,מי ורדים 500 מל בקבוק זכוכית S.F,מיליליטרים,500.00,"100 מ""ל",false,12,16.90,3.3800,true,1,225166
7290010657902,false,בצלצלי פנינה סטאר פו,לוקסאפרס,ES,בצלצלי פנינה 400 ג S.F,גרמים,400.00,100 גרם,false,12,11.90,2.9750,true,1,227528
7290010679010,false,קוקטייל פירות ים 500,,,קוקטייל פירות ים 500 גר,גרמים,500.00,100 גרם,false,1,27.90,5.5800,true,1,222006
7290010679621,false,שרימפס מקולף מבושל 1ק''ג,,,שרימפס מבושל 41-50 1 קג,קילוגרמים,1.00,"ק""ג",false,1,69.90,69.9000,true,1,226864
7290010690138,false,ברוקולי ארוז גן ירוק,חקלאי,IL,ברוקולי ארוז במגשית,Unknown,0.00,Unknown,false,1,9.90,0.0000,true,1,236377
7290010690473,false,חסה עגולה במגשית גן ירק,חקלאי,IL,חסה עגולה ארוזה במגשית,Unknown,0.00,Unknown,false,1,6.90,0.0000,true,1,236378
7290010711024,false,מגב חלון מיוחד חצי מתכת,,IT,מגב חלון איטלקי 25סמ,יחידה,1.00,יחידה,false,12,8.90,8.9000,true,1,321068
7290010711123,false,כריות מתכת שייני 4 יחידות,מ.א ייצור ושיווק מטל,CN,כריות מתכת 4יח שיין,יחידה,4.00,יחידה,false,24,5.90,1.4750,true,1,320996
7290010711147,false,גליל מטליות אקולוגי,,IL,גליל מטליות אקולוגי 40 יח שיין,יחידה,40.00,יחידה,false,15,22.90,0.5725,true,1,320986
7290010711413,false,מקל מתכת 1.5 מטר מתחבר בהברגה,,IT,מקל מתכת 1.5מטר לבן,יחידה,1.00,יחידה,false,24,8.90,8.9000,true,1,321065
7290010711543,false,כף אשפה + גומי SHINY,שייני Shiny,IT,כף אשפה עם גומי,יחידה,1.00,יחידה,false,24,6.90,6.9000,true,1,321040
7290010711550,false,דלי שטיפה עם פיה ( 1,,IL,דלי שטיפה עם פיה 12 ליטר,יחידה,1.00,יחידה,false,12,16.90,16.9000,true,1,321039
7290010711864,false,מטאטא משובח,,TR,מטאטא משובח,יחידה,1.00,יחידה,false,12,22.90,22.9000,true,1,321062
7290010711871,false,מטאטא שיער סוסו שיינ,מ.א. ייצור ויבוא מטליות,DE,מטאטא שיער סוסו שייני,יחידה,1.00,יחידה,false,12,29.90,29.9000,true,1,321064
7290010711901,false,מטליות מיקרו רצפה שייני,מ.א ייצור ושיווק מטל,CN,מטליות מיקרו רצפה 3 יח,יחידה,3.00,יחידה,false,36,14.90,4.9667,true,1,314048
7290010711918,false,שייני מטליות מיקרופייבר לניקוי כללי חמישיה,מ.א ייצור ושיווק מטל,IL,מארז 5יח מטליות מיקרו לניקוי כללי שיין,יחידה,5.00,יחידה,false,1,7.90,1.5800,true,1,324333
7290010711932,false,מטליות רב שימושיות פרימיום שייני 9 יחידות,נועם אורים תעשיות בע,IL,מטליות רב שימושיות פרימיום 9 יח,יחידה,9.00,יחידה,false,24,7.90,0.8778,true,1,314047
7290010715220,false,כוסות קרטון חד פעמי,,,כוסות קרטון חד פעמי 8אונז 50יח פאלאס,יחידה,50.00,יחידה,false,1,12.90,0.2580,true,1,245589
7290010720163,false,נבטי ברוקולי אורגניים,,IL,נבטי ברוקולי אורגני,Unknown,0.00,Unknown,false,1,12.00,0.0000,true,1,228451
7290010748518,false,"סרקל פורטה שמפו לילדים 750 מ""ל",פישר מעבדות פרמצבטיות בע,IL,שמפו סרקל פורטה 750 מל,מיליליטרים,750.00,"100 מ""ל",false,1,24.90,3.3200,true,1,222011
7290010748525,false,"סרקל פורטה מרכך לילדים 750 מ""ל",פישר מעבדות פרמצבטיות בע,IL,מרכך סרקל פורטה 750 מל,מיליליטרים,750.00,"100 מ""ל",false,1,24.90,3.3200,true,1,222012
7290010748860,false,"ד""ר פישר - אפקטיב קר קרם ידיים אינטנסיב 150 מ""ל",פישר מעבדות פרמצבטיות בע,IL,קרם ידיים אפקטיב קר לעור יבש 150מ,מיליליטרים,150.00,"100 מ""ל",false,1,9.90,6.6000,true,1,224167
7290010748877,false,"אפקטיב קר קרם גוף סנסטיב לעור רגיש ח 700 מ""ל",פישר מעבדות פרמצבטיות בע,IL,קרם גוף אפקטיב לעור רגיש עדין 700 מל,מיליליטרים,700.00,"100 מ""ל",false,1,24.90,3.5571,true,1,224164
7290010748884,false,אפקטיב קר קרם גוף אינטנסיב לעור יבש במיוחד ח 700,פישר מעבדות פרמצבטיות,IL,קרם גוף אפקטיב לעור יבש במיוחד 700 מל,מיליליטרים,700.00,"100 מ""ל",false,1,24.90,3.5571,true,1,224165
7290010748891,false,אפקטיב קר קרם גוף מולטי ויטמין לעור רגיל יבש ח 7,פישר מעבדות פרמצבטיות בע,IL,קרם גוף אפקטיב לעור רגיל יבש 700 מל,מיליליטרים,700.00,"100 מ""ל",false,1,24.90,3.5571,true,1,224166
7290010760947,false,עוגיות שקד בדליים מאפיית אריאל 600 גרם,מאפיית ישראל חיפה,IL,עוגיות שקד בטעמים600 גרם,גרמים,600.00,100 גרם,false,1,15.90,2.6500,true,1,302141
7290010766949,false,ממרח תחתיות ארטישוק 180ג' אוליביה,אוליביה,IL,ממרח תחתיות ארטישוק 180גר אוליביה,גרמים,180.00,100 גרם,false,1,13.90,7.7222,true,1,228490
7290010766956,false,ממרח פלפלים מתוקים אדומים אוליביה 180 גרם,אוליביה גורמה בעמ,IL,ממרח פלפלים קלויים 180 גר אוליביה,גרמים,180.00,100 גרם,false,1,13.90,7.7222,true,1,228491
7290010777006,false,מארז לחמניות כוסמין 360 גרם,,IL,עוגיות אקלר קוקוס/בוטנים 400 גר,גרמים,360.00,100 גרם,false,1,14.90,4.1389,true,1,305535
7290010777020,false,לחם פרנה בריבוע פיתה,,,פיתה פרנה בייבי 5 יחידות,יחידה,5.00,יחידה,false,1,12.90,2.5800,true,1,295110
7290010777051,false,מארז לחמניות המבורגר 5 יח,שי שאשא,IL,מארז לחמניות המבורגר 5 יח,יחידה,5.00,יחידה,false,1,14.90,2.9800,true,1,297103
7290010777099,false,פיתות בעבודת יד פיתה אקספרס 8 יחידות,מגוון שיווק והפצת מא,IL,פיתות עבודת יד 8 יחידות,יחידה,8.00,יחידה,false,1,12.90,1.6125,true,1,309215
7290010777150,false,שמניית פיתה בריבוע מחיטה מלאה פיתה אקספרס,מגוון שיווק והפצת מא,IL,פיתה בריבוע חיטה מלאה 100% 8 יח,יחידה,8.00,יחידה,false,1,14.90,1.8625,true,1,295106
7290010777228,false,פיתות ביס חיטה מלא 12יח',מגוון שיווק והפצת מא,IL,פיתה ביס חיטה מלאה 100% 12 יחידות,יחידה,12.00,יחידה,false,1,13.90,1.1583,true,1,295107
7290010777297,false,פיתות עבודת יד10 יח'/ פיתה ביס לבן 12 יח',מגוון שיווק והפצת מא,IL,פיתות ביס עגול/ריבוע/עבודת יד 10 יחידות,יחידה,10.00,יחידה,false,1,14.90,1.4900,true,1,295104
7290010777358,false,מארז שמיניית פיתות 100% כוסמין מלא,מגוון שיווק והפצת מא,IL,פיתה כוסמין 8 יחידות,יחידה,10.00,יחידה,false,1,17.90,1.7900,true,1,298172
7290010777488,false,פיתה מחמצת 100% קמח מלא פיתה אקספרס,מאפיית ביכורים מזון,IL,מארז 8יח פיתה מחמצת קמח מלא 500גר,יחידה,8.00,יחידה,false,1,16.90,2.1125,true,1,335459
7290010777525,false,מארז שישייה פיתות כוסמין פיתה אקספרס,מאפיית ביכורים מזון,IL,מארז 6יח פיתה כוסמין דק,יחידה,6.00,יחידה,false,1,17.90,2.9833,true,1,335460
7290010791538,false,מזון חתולים לה קט דליקטס עוף גורמה 85 גרם,מנדלז סי.אר. פרודקשן,TH,לה קט דליקטס עוף גורמה 85 גר,Unknown,0.00,Unknown,false,1,5.60,0.0000,true,1,223205
7290010791545,false,מזון חתולים לה קט דליקטס פטה כבד 85 גרם,"הייקיו, תאילנד",TH,לה קט דליקטס פטה כבד עוף 85 גר,Unknown,0.00,Unknown,false,1,5.60,0.0000,true,1,223207
7290010791576,false,מזון חתולים לה קט דליקטס דגי אוקיאנוס 85 גרם,"הייקיו, תאילנד",TH,לה קט דגי אוקיאנוס דליקטס 85 גר,Unknown,0.00,Unknown,false,1,5.60,0.0000,true,1,223208
7290010791583,false,לה-קט דליקטס דגי אוקינוס וטונה 85 גר',מנדלז סי.אר. פרודקשן,TH,לה קט אוקיאנוס וט דליקטס וטונה 85 גר,Unknown,0.00,Unknown,false,1,5.60,0.0000,true,1,223206
7290010791644,false,בונזו ג'וי מקלוני עןוף 90ג,בונזו,CN,בונזו גוי מקלוני עוף פריכים 90 גר,Unknown,0.00,Unknown,false,1,17.90,0.0000,true,1,239178
7290010814244,false,שלשות שוקולד מריר 85 גרם*3 בלמינט *18 בקרטון,"כרמית תעשיות ממתקים בע""\",IL,מארז 3 יח שוקולד אגו 44% מריר 85גר,גרמים,255.00,100 גרם,false,1,12.90,5.0588,true,1,224419
7290010814251,false,שלשות שוקולד חלב 85 גר*3 בלמינט*18 בקרט בדצ,"כרמית תעשיות ממתקים בע""\",IL,מארז 3 יח שוקולד אגו חלב 85 גר,גרמים,255.00,100 גרם,false,1,12.90,5.0588,true,1,224420
7290010814695,false,שוקולד מריר פרווה ללא תוספת סוכר כרמית 85 גרם,כרמית תעשיות ממתקים בעמ,IL,שוקולד מריר ללא סוכר 85 ג כרמית,Unknown,0.00,Unknown,false,1,5.90,0.0000,true,1,223099
7290010814701,false,שוקולד חלב ללא תוספת סוכר וסטהיים,"כרמית תעשיות ממתקים בע""\",IL,שוקולד חלב ללא סוכר 85 ג כרמית,Unknown,0.00,Unknown,false,1,5.90,0.0000,true,1,223098
7290010818105,false,קוליברי וניל 700 מל,,,קוליברי וניל 700 מל,מיליליטרים,700.00,"100 מ""ל",false,1,35.00,5.0000,true,1,242220
7290010822096,false,"סיידר הגליל, מיץ תפוחים מוגז, 275 מל","טמפו משקאות בע""\מ",IL,סיידר תפוח מוגז 275מל פקדון,מיליליטרים,275.00,"100 מ""ל",false,24,6.90,2.5091,true,1,316156
7290010822430,false,מים סאן בנדטו 1 ליטר זכוכית,טמפו 7.5%,,מים סן בנדטו 1ל זכוכית פקדון,ליטרים,1.00,ליטר,false,1,10.00,10.0000,true,1,235456
7290010838219,false,ממתיק על בסיס צמח הסטיביה - שקיות,"קיפל טבליות וממתיקים בע""מ",IL,ממתיק סטיביה מרמולייט 100 שקיות,יחידה,100.00,יחידה,false,1,26.90,0.2690,true,1,232561
7290010838424,false,ג'ל לניקוי מתקדם בניחוח רענן - מארז זוג,"איטיליאן פוד, אס.פי.",NL,זוג נוזל אסלה טואלט דאק 750 מל ירוק,ליטרים,1.50,ליטר,false,1,17.90,11.9333,true,1,222186
7290010838431,false,ג'ל לניקוי מתקדם בניחוח ים - מארז זוג,מיוצר עי קונדיטוריית,NL,זוג נוזל אסלה טואלט דאק 750 מל כחול,ליטרים,1.50,ליטר,false,1,17.90,11.9333,true,1,222187
7290010839865,false,רוטב רכז רימונים ויליפוד 320 ג',ניו ג'רסי סטאר סנקס,TR,רוטב רימונים 320גרם,גרמים,320.00,100 גרם,false,24,10.90,3.4063,true,1,224031
7290010849062,false,יין איל סגיו 750 מל,,IT,יין איל סגיו 750 מל,מיליליטרים,750.00,"100 מ""ל",false,6,120.00,16.0000,true,1,319853
7290010849727,false,יין קאווה ריאל אימפר,ספרד קובידס (קסניוס,,יין קאווה ריאל אימפריאל ברוט 750מל פקדון,מיליליטרים,750.00,"100 מ""ל",false,1,40.00,5.3333,true,1,231715
7290010849734,false,יין קאווה ריאל אימפר,ספרד קובידס (קסניוס,,יין קאווה ריאל אימפריאל סמי 750מל פקדון,מיליליטרים,750.00,"100 מ""ל",false,1,40.00,5.3333,true,1,231716
7290010880003,false,"ליקר שוקולד לביא 500 מ""ל","יקב לביא, גוש עציון",IL,ליקר שוקולד מריר 500 מל יקב לביא כולל פק,מיליליטרים,500.00,"100 מ""ל",false,1,69.00,13.8000,true,1,230024
7290010880010,false,ליקר קפה וחלב לביא ***חל,,IL,ליקר קפה ושמנת 500 מל יקב לביא כולל,מיליליטרים,500.00,"100 מ""ל",false,1,69.00,13.8000,true,1,230027
7290010880058,false,ליקר דובדבנים- לביא,טפרברג,IL,ליקר דובדבנים 500 מל יקב לביא כולל,מיליליטרים,500.00,"100 מ""ל",false,1,69.00,13.8000,true,1,230028
7290010880065,false,"ליקר אוכמניות 500 מ""ל יקב לביא","יקב לביא, גוש עציון",,ליקר אוכמניות 500 מל יקב לביא כולל,מיליליטרים,500.00,"100 מ""ל",false,1,69.00,13.8000,true,1,230029
7290010880201,false,ליקר שוקולד מנטה לביא 50,,IL,ליקר שוקולד מנטה 500 מל יקב לביא כולל,מיליליטרים,500.00,"100 מ""ל",false,1,69.00,13.8000,true,1,236241
7290010883042,false,"סנובון נוזלי אפקט קצף פעיל רענן תות 750 מ""ל",סנו מפעלי ברונוס בעמ,IL,סנובון נוזלי בניחוח רענן 750 מל,מיליליטרים,750.00,"100 מ""ל",false,1,10.90,1.4533,true,1,223065
7290010888153,false,"יקב רמת נגב , נגב, קדש ברנע 750 מ""ל",,,יין נגב קדש ברנע 2014 750 מל פקדון,מיליליטרים,750.00,"100 מ""ל",false,1,60.00,8.0000,true,1,240005
7290010888160,false,"יקב רמת נגב מרלו קדש ברנע 750 מ""ל",,,יין מרלו קדש ברנע 2014 750 מל פקדון,מיליליטרים,750.00,"100 מ""ל",false,1,60.00,8.0000,true,1,240004
7290010888207,false,יין נווה מדבר אדום 7,,,יין מדבר אדום 750 מל פקדון,מיליליטרים,750.00,"100 מ""ל",false,1,100.00,13.3333,true,1,243464
7290010888214,false,יין פטיט ורדו 2012 ר,,,יין פטיט ורדו 2012 רמון 750 מל פקדון,מיליליטרים,750.00,"100 מ""ל",false,1,120.00,16.0000,true,1,241645
7290010888252,false,יין ק. פרנק 2012 רמו,,,יין ק. פרנק 2012 רמון 750 מל פקדון,מיליליטרים,750.00,"100 מ""ל",false,1,120.00,16.0000,true,1,241644
7290010888269,false,יין גוורצטמינר 2015,אלון צדוק,,יין גוורצטמינר 2015 750 מל,מיליליטרים,750.00,"100 מ""ל",false,1,60.00,8.0000,true,1,243536
7290010945146,false,קוטג' 3% מועשר בסידן טרה 250 ג' מהדרין,קריות זול,IL,קוטג 3% 250 גרם- נעמ,גרמים,250.00,100 גרם,false,1,6.00,2.4000,true,1,222240
7290010945306,false,חלב בקרטון 3% 2 ליטר טרה,הפריט בפיקוח,IL,חלב 3% בקרטון 2 ל***,ליטרים,2.00,ליטר,false,1,12.46,6.2300,true,1,222496
7290010945450,false,גבינה לבנה 3% 250 גר מועשר בסידן וויטמין,הפריט בפיקוח,IL,גבינה לבנה 250 גרם 3% מהדרין נועם,גרמים,250.00,100 גרם,false,1,4.90,1.9600,true,1,222484
7290010945481,false,גבינה לבנה טרה 5% מרכיבים טבעיים,הפריט בפיקוח,IL,גבינה לבנה 5% 500 גרם***,גרמים,500.00,100 גרם,false,1,9.96,1.9920,true,1,222486
7290010955015,false,יין קינוח רימונים 500 מל,יקב רימון,,יין רימון קינוח 500 מל,מיליליטרים,500.00,"100 מ""ל",false,1,80.00,16.0000,true,1,222933
7290010955039,false,יין בסגנון פורט רימונים 750 מל,יקב רימון,,יין רימון פורט 750 מל פקדון,מיליליטרים,750.00,"100 מ""ל",false,1,110.00,14.6667,true,1,222934
7290010955619,false,"יין רימונים 750 מ""ל lightly",יקב רימון,IL,יין רימון GHTLY דיסירט 750 מל,מיליליטרים,750.00,"100 מ""ל",false,1,60.00,8.0000,true,1,312529
7290010955800,false,יין אדום סמי סוויט 750 מל,יקב רימון,,יין רימון אדום חצי יבש 750 מל,מיליליטרים,750.00,"100 מ""ל",false,1,70.00,9.3333,true,1,312525
7290010955817,false,יין רימון איזי פורט 750 מל,יקב רימון,,יין רימון איזי פורט 750 מל,מיליליטרים,750.00,"100 מ""ל",false,1,85.00,11.3333,true,1,312526
7290010955824,false,יין רוזה סמי סוויט 750 מל,יקב רימון,,יין רימון רוזה חצי מתוק 750 מל,מיליליטרים,750.00,"100 מ""ל",false,1,70.00,9.3333,true,1,312524
7290010955961,false,יין רימון יבש חדש 75,יקב רימון,,יין רימון יבש חדש 750 מל,מיליליטרים,750.00,"100 מ""ל",false,1,85.00,11.3333,true,1,312530
7290011015985,false,"סירופ בטעם דיאט אננס 750 מ""ל פריגת",סירופ - גבעת חיים,IL,סירופ דיאט פריגת אננס 750 מל בקבוק,מיליליטרים,750.00,"100 מ""ל",false,1,25.90,3.4533,true,1,232796
7290011017866,false,קוקה קולה קלאסי בפחית,החברה המרכזית לייצור משקאות,IL,סליק קוקה-קולה 330 מל,מיליליטרים,330.00,"100 מ""ל",false,24,5.90,1.7879,true,1,232793
7290011017873,false,"פחיות קוקה קולה זירו 330 מ""ל",החברה המרכזית לייצור משקאות,IL,קוקה קולה זירו פחית 330 פקדון,מיליליטרים,330.00,"100 מ""ל",false,1,5.90,1.7879,true,1,232795
7290011017880,false,דיאט קוקה קולה פחית סליק 330מל,החברה המרכזית לייצור משקאות,IL,קוקה קולה דיאט פחית 330 פקדון,מיליליטרים,330.00,"100 מ""ל",false,1,5.90,1.7879,true,1,232794
7290011018184,false,פיוז טי תה קר בטעם אפרסק,מבשלות בירה בינלאומי,IL,FUZE tea אפרסק 0.5 ליטר,מיליליטרים,500.00,"100 מ""ל",false,24,7.90,1.5800,true,1,232756
7290011018313,false,מארז 4 יח פיוז תה אפ,FUZE TEA,IL,מארז 4 יח פיוז תה אפרסק 1.5 ל,ליטרים,6.00,ליטר,false,1,37.70,6.2833,true,1,232767
7290011018368,false,ויינשטפן בירת חיטה לא מסוננת,"ויינשטפן, ת.ד 1155 פ",DE,מארז 6יח בירה ויינשטפן 330מל פקדון,מיליליטרים,1980.00,"100 מ""ל",false,1,69.90,3.5303,true,1,234063
7290011018443,false,"פנטה אורנג פחית סליק 330 מ""ל",החברה המרכזית לייצור משקאות,IL,סליק פאנטה אורנג 330 מל,מיליליטרים,330.00,"100 מ""ל",false,24,5.90,1.7879,true,1,235678
7290011018467,false,"סליק פאנטה אקזוטיק330מ""ל",החברה המרכזית לייצור משקאות,IL,סליק פאנטה אקזוטיק 330 מל,מיליליטרים,330.00,"100 מ""ל",false,24,5.90,1.7879,true,1,235679
7290011018832,false,"קוקה קולה פרידגפק סליק 330 מ""ל שישייה",החברה המרכזית לייצור משקאות,IL,מארז 6 פחיות קוקה קולה 330 מל פקדון,ליטרים,1.98,ליטר,false,1,23.90,12.0707,true,1,216525
7290011018917,false,ק.קולה זירו פרידגפק סליק 330 מל שישייה,החברה המרכזית לייצור משקאות,IL,מארז 6 פחיות קוקה קולה זירו 330 מל פקדון,ליטרים,1.98,ליטר,false,1,23.90,12.0707,true,1,216527
7290011026066,false,"ד""ר פישר - סרקל שמפו + מרכך לילדים 1 ליטר",פישר מעבדות פרמצבטיות בע,IL,שמפו+מרכך סרקל 1 ל,ליטרים,1.00,ליטר,false,1,28.90,28.9000,true,1,223180
7290011026301,false,"SILVER שמפו לשיער כסוף ד""ר פישר 400 מ""ל",פישר מעבדות פרמצבטיות,IL,שמפו לשיער כסוף 400מל דר פישר,מיליליטרים,400.00,"100 מ""ל",false,10,22.90,5.7250,true,1,308839
7290011026523,false,שמפו לתינוק לפני השינה Senstive עם לבנדר וקמומיל,פישר מעבדות פרמצבטיות בע,IL,ק.ב סנסטיב לפני השינה אל דמע לבנדר קמומי,מיליליטרים,500.00,"100 מ""ל",false,12,22.90,4.5800,true,1,224140
7290011026530,false,ק.ב סנסטיב אל סבון לבנדר קמומיל לפני השינה 500 מ,פישר מעבדות פרמצבטיות בע,IL,ק.ב סנסטיב אל סבון לבנדר קמומיל לפני השי,מיליליטרים,500.00,"100 מ""ל",false,12,22.90,4.5800,true,1,224141
7290011051358,false,"שוופס סודה לימון זכוכית 250 מ""ל",יפאורה תבורי בעמ,IL,שוופס סודה לימון 250 מל פיקדון,מיליליטרים,250.00,"100 מ""ל",false,24,3.90,1.5600,true,1,223277
7290011051396,false,שוופס אפרסק מוגז 1.5ליטר,יפאורה שותפות מובגלת לשיווק,IL,משקה שוופס מוגז עדין אפרסק 1.5 ל,ליטרים,1.50,ליטר,false,12,8.60,5.7333,true,1,296700
7290011051525,false,ספרינג תה קר אפרסק 500מל,יפאורה שותפות מובגלת לשיווק,IL,ספרינג טי אפרסק 500 מל פקדון,מיליליטרים,500.00,"100 מ""ל",false,24,6.90,1.3800,true,1,296701
7290011051655,false,שוופס ריזלינג מוגז 1.5ל',יפאורה שותפות מובגלת לשיווק,IL,משקה שוופס מוגז עדין ריזלינג 1.5 ל,ליטרים,1.50,ליטר,false,12,8.60,5.7333,true,1,224506
7290011051938,false,תפוזינה תפוח רענן 1.5 ל',יפאורה שותפות מובגלת לשיווק,IL,משקה קל תפוזינה תפוחים 1.5 ל,ליטרים,1.50,ליטר,false,12,8.60,5.7333,true,1,225608
7290011064020,false,בולגרית למריחה בטעמים 200 גר,גבינות אמיר ניצן בעמ,IL,גבינה בולגרית בעיר 200 גרם,גרמים,200.00,100 גרם,false,1,12.90,6.4500,true,1,299428
7290011064075,false,מעדן לבנה מסבחה -אבו גוש 200 גרם,גבינות אמיר ניצן בעמ,IL,לאבנה אבו גוש פלוס 200 גר,גרמים,200.00,100 גרם,false,1,12.90,6.4500,true,1,225086
7290011064099,false,ירקות או פרות ממולאים במעדן גבינה ניצן 125 גרם,גבינות אמיר ניצן בעמ,IL,טאפס שכונתי,גרמים,125.00,100 גרם,false,1,19.90,15.9200,true,1,229813
7290011064327,false,פתיתי בולגרית פסטו 200 ג,גבינות אמיר ניצן בעמ,IL,פתיתי בולגרית ופסטו 200גר,גרמים,200.00,100 גרם,false,1,15.90,7.9500,true,1,312013
7290011065416,false,פלפל שחור מטחנה מימונס 60 גרם,"א.ל ייצור ושיווק תבלינים בע""מ",IL,פלפל שחור מטחנה 60 גר,Unknown,0.00,Unknown,false,1,17.90,0.0000,true,1,307367
7290011065423,false,תבלין מלח ים מטחנה 90 גר,א.ל ייצור ושיווק תבלינים,IL,מלח ים במטחנהה 130 גר,Unknown,0.00,Unknown,false,1,17.90,0.0000,true,1,307374
7290011065430,false,צ'ילי מטחנה מימונס 50 גרם,א.ל ייצור ושיווק תבל,,פלפל צילי מטחנה 50 גר,Unknown,0.00,Unknown,false,1,17.90,0.0000,true,1,307368
7290011065447,false,תבלין לפיצה מטחנה מימונס 50 גרם,"א.ל ייצור ושיווק תבלינים בע""מ",IL,תבלין לפיצה מטחנה 50 גר,Unknown,0.00,Unknown,false,1,17.90,0.0000,true,1,307369
7290011065829,false,פלפל ארבע עונות מטחנה 60 גרם,א.ל ייצור ושיווק תבלינים,IL,פלפל ארבע עונות במטחנה 60 גר,Unknown,0.00,Unknown,false,1,17.90,0.0000,true,1,307373
7290011081492,false,גלידה בטעם שלושה שוקולדים 1.33ל' קרמיסימו,"גלידת שטראוס בע""\מ, רחוב",IL,גל.קרמיסימו שרבט 3 שוקולדים 1.33 ל,ליטרים,1.33,ליטר,false,1,22.90,17.2180,true,1,223686
7290011082871,false,גבינת ברי אגוזים 200,,IL,גבינת ברי אגוזים 200גרם משק שוורץ,גרמים,200.00,100 גרם,false,,41.90,20.9500,true,1,323628
7290011082888,false,גבינת ברי פחם 200גרם,,IL,גבינת ברי פחם 200גרם משק שוורץ,גרמים,200.00,100 גרם,false,,41.90,20.9500,true,1,323629
7290011082895,false,גבינת סנט מור 200גרם,,IL,גבינת סנט מור 200גרם משק שוורץ,גרמים,200.00,100 גרם,false,,41.90,20.9500,true,1,323630
7290011110000,false,חסה רומית שלמה יחידה,יגור חקלאות ועסקים,IL,חסה רומית יח,Unknown,0.00,Unknown,false,1,9.90,0.0000,true,1,223681
7290011110024,false,חסה סלנובה יח,,,חסה סלנובה יח,Unknown,0.00,Unknown,false,1,11.90,0.0000,true,1,308537
7290011110079,false,בזיליקום.,,,בזיליקום,Unknown,0.00,Unknown,false,1,6.90,0.0000,true,1,322416
7290011110116,false,תרד ניו-זילנדי,,,תרד ניוזלנדי,Unknown,0.00,Unknown,false,1,9.90,0.0000,true,1,322419
7290011110123,false,עירית,,,עירית,Unknown,0.00,Unknown,false,1,6.90,0.0000,true,1,322420
7290011110130,false,רוקולה גדול,,,רוקולה גדול,Unknown,0.00,Unknown,false,1,9.90,0.0000,true,1,322422
7290011110154,false,קורנית (טימין),,,קורנית,Unknown,0.00,Unknown,false,1,6.90,0.0000,true,1,322427
7290011110512,false,חסה לאליק 280גרם,חקלאי,IL,חסה מסולסלת יח,Unknown,0.00,Unknown,false,1,11.90,0.0000,true,1,329446
7290011115159,false,סבון מוצק מועשר בקרם לחות ניחוח פרחים נקה 7 4*100 גרם,גליל כימיקלים בעמ,IL,מארז 4 יח סבון נקה 7 מוצק קופליה מועשר,גרמים,400.00,100 גרם,false,1,11.90,2.9750,true,1,224067
7290011115166,false,נקה 7 ארומה סבון נוזלי לבנדר 1 ל',טרופיקל דגיל תעשיות,IL,אלסבון נקה 7 ארומה 1 ל לבנדר,ליטרים,1.00,ליטר,false,1,12.90,12.9000,true,1,223058
7290011115173,false,נקה 7 ארומה סבון נוזלי וניל 1 ל',טרופיקל דגיל תעשיות,IL,אלסבון נקה 7 ארומה 1 ל וניל,ליטרים,1.00,ליטר,false,1,12.90,12.9000,true,1,223017
7290011115203,false,אל סבון מוצק מבושם בניחוח עדין קלאסיק - מארז רביעיה,טרופיקל דגיל תעשיות,IL,מארז 4 יח סבון נקה 7 מוצק ורוד,גרמים,400.00,100 גרם,false,1,11.90,2.9750,true,1,224070
7290011115241,false,אל סבון ארומטי מוצק ורוד ורד ויסמין - מארז רביעיה,"גליל כימיכלים בע""מ",IL,מארז 4 יח סבון נקה 7 מוצק כחול,גרמים,400.00,100 גרם,false,1,11.90,2.9750,true,1,224065
7290011115258,false,אל סבון מוצק מבושם בניחוח עדין קלאסיק - מארז רביעיה,"גליל כימיכלים בע""מ",IL,מארז 4 יח סבון נקה 7 מוצק ירוק,גרמים,400.00,100 גרם,false,1,11.90,2.9750,true,1,224066
7290011115265,false,מארז סבון מוצק ארומה אל סבון מועשר בשמנים ארומטיים,"גליל כימיכלים בע""מ",IL,מארז 4 יח סבון נקה 7 מוצק לגבר מועשר,גרמים,400.00,100 גרם,false,1,11.90,2.9750,true,1,224068
7290011115272,false,אל סבון מוצק מועשר בקרם לחות צמחים - מארז רביעיה,קוסמופארם בע''מ,IL,מארז 4 יח סבון נקה 7 מוצק ירוק מועשר,גרמים,400.00,100 גרם,false,1,11.90,2.9750,true,1,224069
7290011115289,false,אל סבון מוצק מבושם בניחוח עדין קלאסיק - מארז רביעיה,"גליל כימיכלים בע""מ",IL,מארז 4 יח סבון נקה 7 מוצק לילך,גרמים,400.00,100 גרם,false,1,11.90,2.9750,true,1,224064
7290011115296,false,אל סבון מוצק מועשר בקרם לחות לבנדר - מארז רביעיה,נקה 7,,מארז 4 יח סבון נקה 7 מוצק שחור מועשר,גרמים,400.00,100 גרם,false,1,11.90,2.9750,true,1,224071
7290011115401,false,אל סבון ארומטי מוצק צהוב קמומיל - רביעייה,נקה 7,IL,מארז 4 יח סבון נקה 7 מוצק לבן,Unknown,0.00,Unknown,false,1,11.90,0.0000,true,1,225473
7290011126209,false,הגן הקסום תה טעם תפוח וקינמון סיידר ויסוצקי 25 יח',תה ויסוצקי,IL,תה גן הקסום תפוח קינמון 2.4ג 25ש,יחידה,25.00,יחידה,false,1,18.90,0.7560,true,1,223049
7290011126216,false,תה רויבוש קלאסי ויסוצקי 25 יחידות,תה ויסוצקי,IL,רוייבש תה קלאסי 2 ג 25 שק,יחידה,25.00,יחידה,false,1,25.90,1.0360,true,1,222870
7290011126223,false,חל.רימונים גן קסום 25שק',תה ויסוצקי,IL,תה גן הקסום רימונים 1.5 ג 25 שק,יחידה,25.00,יחידה,false,1,18.90,0.7560,true,1,222732
7290011126452,false,הגן הקסום תה בטעם קמומיל ונענע ויסוצקי 25 יחידות,תה ויסוצקי,IL,תה גן הקסום קמומיל נענע 1.5ג25שק,יחידה,25.00,יחידה,false,1,18.90,0.7560,true,1,224195
7290011126469,false,חליטת צמחים וקמומיל הגן הקסום ויסוצקי 25 יחידות,תה ויסוצקי,IL,תה גן הקסום קמומיל דבש 1.5ג25שק,יחידה,25.00,יחידה,false,1,18.90,0.7560,true,1,224196
7290011126940,false,תה ירוק ויסוצקי בתוספת מרווה 25 שקיקים,ויסוצקי ירוק,IL,תה ירוק מרווה,יחידה,25.00,יחידה,false,6,24.90,0.9960,true,1,225470
7290011126957,false,תה ירוק ויסוצקי ארל גריי 25 שקיקים,ויסוצקי ירוק,IL,תה ירוק ארל גרי,יחידה,25.00,יחידה,false,6,24.90,0.9960,true,1,225469
7290011131050,false,גרנולה בתוספת פקאן 1 קילו גרין,ויטליאה ניקולה דו,MK,תערובת גרנולה אגוז פקאן 1 קג ספץ,קילוגרמים,1.00,"ק""ג",false,1,22.90,22.9000,true,1,234967
7290011131203,false,תערובת מיזלי גרין תפ,וויטליה,IL,תערובת מיזלי גרין תפוח ודבש 1 קג,גרמים,1.00,100 גרם,false,1,22.90,2290.0000,true,1,232431
7290011131371,false,"מוזלי שקדים ואגוזים 1 ק""ג גרין",ויטליאה ניקולה דו,MK,תערובת מיזלי גרין שקדים 1 קג,קילוגרמים,1.00,"ק""ג",false,1,22.90,22.9000,true,1,224473
7290011131388,false,מיזלי 1 קג קרנצ תפוח&קינמ,ויטליאה ניקולה דו,MK,תערובת מיזלי גרין קראנץ תפוח קינמון 1קג,קילוגרמים,1.00,"ק""ג",false,1,22.90,22.9000,true,1,224472
7290011131395,false,"מוזלי בתוספת 30% פירות 1 ק""ג גרין",ויטליאה ניקולה דו,MK,תערובת מיזלי גרין קראנץ 1 קג,קילוגרמים,1.00,"ק""ג",false,1,22.90,22.9000,true,1,224471
7290011131654,false,מוזלי קראנצ'י ביג מיקס עם פירות ואגוזים,ויטליה ניקולא דו,MK,תערובת מיזלי גרין ביג מיקס1 קג,קילוגרמים,1.00,"ק""ג",false,1,22.90,22.9000,true,1,244138
7290011131968,false,"גרנולה בתוספת שקדים ואגוזים גרין 1 ק""ג",ויטליה ניקולא דו,MK,תערובת גרנולה אגוזים 1 קג ספץ,קילוגרמים,1.00,"ק""ג",false,1,22.90,22.9000,true,1,227572
7290011131975,false,גרנולה בתוספת פירות מיובשים ומסוכרים,ויטליאה ניקולה דו,MK,תערובת גרנולה פירות 1 קג ספץ,קילוגרמים,1.00,"ק""ג",false,1,22.90,22.9000,true,1,227571
7290011132552,false,רביעיית בירה פאולנר 330 מל בקבוק,מבשלת פאולנר,DE,מארז 4יח בירה פאולנר 330 מל פיקדון,מיליליטרים,1320.00,"100 מ""ל",false,1,36.90,2.7955,true,1,224121
7290011132583,false,"מארז פפסי מקס 500 מ""ל*6 יח' בקבוק","טמפו משקאות בע""\מ",IL,משקה פפסי מקס 6יחידות 500מל בק. פקדון,מיליליטרים,3000.00,"100 מ""ל",false,4,23.90,0.7967,true,1,327956
7290011132620,false,"שנדי אבטיח מארז שישייה 330 מ""ל",,,מארז 6 יח בירה שנדי אבטיח בק 330מל פיקד,מיליליטרים,1980.00,"100 מ""ל",false,1,29.90,1.5101,true,1,228017
7290011133252,false,סודה למון ליים 1.5*4ליטר,טמפו משקאות בעמ,IL,מארז 4 יח סודה למון ליים 1.5ליטר טמפו,ליטרים,6.00,ליטר,false,1,9.90,1.6500,true,1,294563
7290011154035,false,"תרכיז תפוחים סחוט טעמי הגליל 500 מ""ל",טעמי הגליל,IL,תרכיז תפוח טבעי סחוט טעמי הגליל 500 מל,מיליליטרים,500.00,"100 מ""ל",false,1,19.90,3.9800,true,1,322237
7290011154080,false,"תרכיז תפוחים צלול טעמי הגליל 500 מ""ל",טעמי הגליל,IL,תרכיז תפוח צלול טעמי הגליל 500 מל,מיליליטרים,500.00,"100 מ""ל",false,1,19.90,3.9800,true,1,322236
7290011154721,false,יין רימונים בסגנון פורט 750 מל,טעמי הגליל,IL,שיכר רימונים בסגנון פורט 750 מל פיקדון,מיליליטרים,750.00,"100 מ""ל",false,1,89.90,11.9867,true,1,228724
7290011154738,false,"יין רימונים קינוח 500 מ""ל",יקבי בוטיק הגליל,,שיכר רימונים קינוח 500 מל פיקדון,מיליליטרים,500.00,"100 מ""ל",false,1,60.00,12.0000,true,1,228725
7290011154745,false,"יין רימונים יבש 750 מ""ל",טעמי הגליל,IL,שיכר רימונים יבש 750 מל פיקדון,מיליליטרים,750.00,"100 מ""ל",false,1,70.00,9.3333,true,1,230181
7290011154882,false,"תרכיז תפוזים 500 מ""ל טעמי הגליל",טעמי הגליל,IL,תרכיז תפוזים טבעי טעמי הגליל 500 מל,מיליליטרים,500.00,"100 מ""ל",false,1,26.90,5.3800,true,1,334643
7290011154899,false,"תרכיז תפוזים וענבים טבעי טעמי הגליל 500 מ""ל",טעמי הגליל,IL,תרכיז תפוחים ענבים טבעי טעמי הגליל500 מל,מיליליטרים,500.00,"100 מ""ל",false,1,26.90,5.3800,true,1,334644
7290011174040,false,גזר ננסי 800 גרם פרי הגליל,פרי הגליל בעמ,IL,גזר ננסי קטנציק קפוא 800 גר פרי גליל,גרמים,800.00,100 גרם,false,1,10.90,1.3625,true,1,299078
7290011174323,false,"צ'יפס אמריקאי פרי הגליל 1.5 ק""ג","פרי הגליל בע""""מ",IL,ציפס אמריקאי 1.5 קג פרי גליל,קילוגרמים,1.50,"ק""ג",false,1,18.90,12.6000,true,1,299082
7290011174866,false,צ'יפס בטטה פרי הגליל 700 גרם,פרי הגליל,IL,ציפס בטטה 700 גר,גרמים,700.00,100 גרם,false,16,14.90,2.1286,true,1,311322
7290011174903,false,שעועית עדינה פרי גלי,פרי הגליל,IL,שעועית ירוקה שלמה קטנה ועדינה 600 גר,גרמים,600.00,100 גרם,false,1,15.90,2.6500,true,1,299087
7290011194215,false,מעדן גבינה ויוגורט בטעם בננה 5% שומן 88 ג' דניאלה,"שטראוס בריאות בע""מ",IL,מעדן דניאלה בננה 100 גרם,גרמים,100.00,100 גרם,false,1,4.50,4.5000,true,1,222304
7290011223021,false,רפידות הנקה על בסיס ג'ל באריזה אישית,קריפורט סחר בינלאומי,IL,פ.ו כריות הנקה אישיות 30 יחידות,יחידה,30.00,יחידה,false,6,17.90,0.5967,true,1,222504
7290011223038,false,בונומי עלים לקרמשניט שכבות אפויות מבצק עלים 300 גרם,בונומי ס.פ.א,IT,עלים לקרמשניט ויצנצי 300 ג,גרמים,300.00,100 גרם,false,1,15.90,5.3000,true,1,228175
7290011223045,false,בישקוטים בונומי 200 גרם,בונומי ס.פ.א,IT,בישקוטים בונמי ויצנצי 200 גרם,גרמים,200.00,100 גרם,false,1,7.00,3.5000,true,1,228176
7290011223229,false,"טואלט דאק ג'ל לאסלה טיפות טל רעננות 55 מ""ל","איטיליאן פוד, אס.פי.",IT,ט.דאק גל אסלה טיפות טל רעננות 55 מל,Unknown,0.00,Unknown,false,1,9.90,0.0000,true,1,222675
7290011223243,false,"טואלט דאק ג'ל לאסלה בניחוח לבנדר 55 מ""ל","איטיליאן פוד, אס.פי.",IT,טואלט דאק גל אסלה ניחוח לבנדר 55 מל,Unknown,0.00,Unknown,false,1,9.90,0.0000,true,1,222674
7290011223472,false,מגבוני רענון למבוגרי,פרש-וואנס,IL,פרש וואנס מגבוני רענון שלשייה,יחידה,3.00,יחידה,false,8,10.90,3.6333,true,1,223818
7290011236649,false,"נטיפי שוקולד ציפס אמיתי 300 גר' 54% מוצקי קקאו (בד""ץ)",קריות זול,IL,נטיפי שוקולד ציפס אמיתי 300 גר 54% מוצקי,גרמים,300.00,100 גרם,false,20,11.90,3.9667,true,1,242121
7290011240004,false,יין מלבק דור 5 750 מ,יקב 1848,,יין מלבק דור 5 750 מל,מיליליטרים,750.00,"100 מ""ל",false,1,70.00,9.3333,true,1,333674
7290011240332,false,מיץ ענבים אדום תירוש יקבי ציון 1 ליטר,יקבי ציון,IL,מיץ ענבים תירוש אדום 1 ליטר,ליטרים,1.00,ליטר,false,1,15.00,15.0000,true,1,239439
7290011240516,false,יין ק. סוביניון דור,יקב 1848,,יין ק. סוביניון דור 2 750 מל פקדון,מיליליטרים,750.00,"100 מ""ל",false,1,60.00,8.0000,true,1,239427
7290011240530,false,יין מרלו דור 2 750 מ,יקב 1848,,יין מרלו דור 2 750 מל פקדון,מיליליטרים,750.00,"100 מ""ל",false,1,60.00,8.0000,true,1,239429
7290011240547,false,יין רוזה דור 2 750 מ,יקב 1848,,יין רוזה דור 2 750 מל פקדון,מיליליטרים,750.00,"100 מ""ל",false,1,60.00,8.0000,true,1,239430
7290011240554,false,יין ק. פרנק דור 5 75,יקב 1848,,יין ק. פרנק דור 5 750מל פקדון,מיליליטרים,750.00,"100 מ""ל",false,1,70.00,9.3333,true,1,239431
7290011240578,false,יין זנים לבנים דור 5,יקב 1848,,יין זנים לבנים דור 5 750מל פקדון,מיליליטרים,750.00,"100 מ""ל",false,1,70.00,9.3333,true,1,239433
7290011240585,false,יין ק. סוביניון דור,יקב 1848,,יין ק. סוביניון דור 7 750 מל פקדון,מיליליטרים,750.00,"100 מ""ל",false,1,110.00,14.6667,true,1,239435
7290011240752,false,יין שרדונה סוביניון,יקב 1848,,יין שרדונה סוביניון ב. דור2 750 מל פקדון,מיליליטרים,750.00,"100 מ""ל",false,1,60.00,8.0000,true,1,303617
7290011240868,false,"יין מוסקטו אדום מבעבע יקבי ציון 750 מ""ל",יקבי ציון,IL,יין מוסקטו מבעבע 750מל פקדון,מיליליטרים,750.00,"100 מ""ל",false,1,35.00,4.6667,true,1,239454
7290011240905,false,"יין מוסקטו לבן מבעבע יקבי ציון 750 מ""ל",יקבי ציון,IL,יין מוסקטו לבן מבעבע 750מל פקדון,מיליליטרים,750.00,"100 מ""ל",false,1,35.00,4.6667,true,1,239455
7290011240943,false,יין קברנה רזרב 750מל,יקבי ציון,,יין קברנה רזרב 750מל פקדון,מיליליטרים,750.00,"100 מ""ל",false,1,150.00,20.0000,true,1,239437
7290011249212,false,וופל עלמה בלגי לימון 200 גר' ללא סוכר,"גילרו בע""מ",IL,וופל עלמה לימון גילרו 200 גר,גרמים,200.00,100 גרם,false,1,3.90,1.9500,true,1,230231
7290011249250,false,עלמה גביעי גלידה אמריקאי 24 יח',"גילרו בע""מ",IL,גביעי גלידה אמריקאי 24יח 120גר,גרמים,120.00,100 גרם,false,1,10.90,9.0833,true,1,303345
7290011249748,false,רולים גלילי ופל במילוי קרם שוקולד 100 ג' עלמה,"גילרו בע""מ",IL,רולים שוקו 100גרם,גרמים,100.00,100 גרם,false,24,4.00,4.0000,true,1,242909
7290011249755,false,רולים גלילי ופל במילוי קרם אגוזים 100 ג' עלמה,"גילרו בע""מ",IL,רולים אגוז 100גרם,גרמים,100.00,100 גרם,false,24,4.00,4.0000,true,1,242910
7290011303570,false,מעדן רימון דודה ברטה,,IL,מעדן רימון דודה ברטה 284 גרם,גרמים,284.00,100 גרם,false,6,15.90,5.5986,true,1,335839
7290011303587,false,קונפיטורה ללא סוכר ת,,IL,מעדן תפוח קינמון דודה ברטה 284 גרם,גרמים,284.00,100 גרם,false,6,15.90,5.5986,true,1,335840
7290011343002,false,"שמן זית קורנייקי 750 מ""ל",,IL,שמן זית קורנייקי 750 מל ארץ גשור,מיליליטרים,750.00,"100 מ""ל",false,1,49.90,6.6533,true,1,230249
7290011343026,false,"שמן זית פישולין 750 מ""ל",,IL,שמן זית פישולין 750 מל ארץ גשור,מיליליטרים,750.00,"100 מ""ל",false,1,49.90,6.6533,true,1,230250
7290011343033,false,שמן זית לצינו 750 מל,,,שמן זית לצינו 750 מל ארץ גשור,מיליליטרים,750.00,"100 מ""ל",false,1,49.90,6.6533,true,1,230248
7290011343064,false,"שמן זית סורי 750 מ""ל",,,שמן זית סורי 750 מל ארץ גשור,מיליליטרים,750.00,"100 מ""ל",false,1,49.90,6.6533,true,1,231276
7290011343170,false,שמן זית פיקואל גשור 750 מל,,IL,שמן זית פיקואל 750 מל ארץ גשור,מיליליטרים,750.00,"100 מ""ל",false,1,49.90,6.6533,true,1,230252
7290011343187,false,שמן זית קורטינה ארץ גשור 750 מל,,,שמן זית קורטינה 750 מל ארץ גשור,מיליליטרים,750.00,"100 מ""ל",false,1,49.90,6.6533,true,1,230255
7290011343316,false,שמן זית ברנע ארץ גשור 750 מל,,,שמן זית ברנע 750 מל ארץ גשור,מיליליטרים,750.00,"100 מ""ל",false,1,49.90,6.6533,true,1,230253
7290011378028,false,חלבה קלאסית וניל ללא תוספת סוכר בארכה 350 גרם,"רושדי תעשיות מזון בע""\מ",IL,חלבה ללא סוכר שומשום מלא 350 ג בארכה,גרמים,350.00,100 גרם,false,1,15.90,4.5429,true,1,224251
7290011378233,false,"חטיפי חלווה בארכה 126 גרם מארז 7 יחידות לל""ס","רושדי תעשיות מזון בע""\מ",IL,מארז7יח חטיף חלבה וניל ל.ס.18 גר,גרמים,126.00,100 גרם,false,1,11.90,9.4444,true,1,236235
7290011378257,false,חטיף חלבה בטעם וניל ללא תוספת סוכר בתוספת פיסטוק ופקאן,"רושדי תעשיות מזון בע""\מ",IL,מארז7יח חטיף חלבה פקאן ל.ס18גר,גרמים,126.00,100 גרם,false,1,11.90,9.4444,true,1,236424
7290011378769,false,חטיף חלווה וניל בארכה 126 גרם מארז 7 יחידות,"רושדי תעשיות מזון בע""\מ",IL,מארז7יח חטיף חלבה וניל 18 גר,גרמים,126.00,100 גרם,false,1,11.90,9.4444,true,1,233094
7290011378776,false,חטיף חלווה פיסטוק בארכה 126 גרם מארז 7 יחידות,"רושדי תעשיות מזון בע""\מ",IL,מארז7יח חטיף חלבה פיסטוק18גר,גרמים,126.00,100 גרם,false,1,11.90,9.4444,true,1,233096
7290011402129,false,ציפס פלחים 1 קג,,,ציפס פלחים 1 קג,קילוגרמים,1.00,"ק""ג",false,1,11.90,11.9000,true,1,232267
7290011428358,false,קרקר שיפון חמניות200,,,קרקר שיפון חמניות200 גר,גרמים,200.00,100 גרם,false,1,29.90,14.9500,true,1,229648
7290011428426,false,קרקר חיטה מלאה רוזמר,,,קרקר חיטה מלאה רוזמרין 200 גר,גרמים,200.00,100 גרם,false,1,29.90,14.9500,true,1,229653
7290011428518,false,קרקר חיטה מלאה וזעתר,,,קרקר חיטה מלאה וזעתר 200 גר דיטרה,גרמים,200.00,100 גרם,false,1,29.90,14.9500,true,1,229652
7290011428662,false,קרקר עגבניות עשבי תי,,,קרקר עגבניות עשבי תיבול 160 גרם,גרמים,160.00,100 גרם,false,1,27.90,17.4375,true,1,334249
7290011428686,false,קרקר כוסמין פישתן160,,,קרקר כוסמין פישתן160 גרם דיטרא,גרמים,160.00,100 גרם,false,1,27.90,17.4375,true,1,313554
7290011435226,false,דבש מפרחי בר לחיץ 650 ג' יד מרדכי,מכוורת יד מרדכי שטראוס ב,IL,דבש לחיץ פרחי בר 650 גר יד מרדכי,גרמים,650.00,100 גרם,false,1,34.90,5.3692,true,1,226471
7290011438142,false,"משקה יטבתה אייס קפה בבקבוק אישי 350 מ""ל",שטראוס גרופ,IL,משקה חלב טעם קפה יוטבתה בקבוק 350 מל,מיליליטרים,350.00,"100 מ""ל",false,1,6.60,1.8857,true,1,223566
7290011447014,false,מטרנה דייסת סלט פירות 200 גרם,מטרנה תעשיות ש.מ,IL,דייסת מטרנה סלט פירות 200 גר,גרמים,200.00,100 גרם,false,1,15.90,7.9500,true,1,223040
7290011447267,false,מטרנה פרימיום חלבי שלב 1 700 גרם חיסכון,מטרנה תעשיות ש.מ,IL,מטרנה פרימיום שלב 1 700 גר,גרמים,700.00,100 גרם,false,12,65.90,9.4143,true,1,224488
7290011447281,false,מטרנה פרימיום חלבי שלב 2 700 גרם חיסכון,מטרנה תעשיות ש.מ,IL,מטרנה פרימיום שלב 2 700 גר,גרמים,700.00,100 גרם,false,12,65.90,9.4143,true,1,224489
7290011447304,false,מטרנה פרימיום חלבי שלב 3 700 גרם חיסכון,מטרנה תעשיות ש.מ,IL,מטרנה פרימיום שלב 3 700 גרם,גרמים,700.00,100 גרם,false,12,65.90,9.4143,true,1,224490
7290011447908,false,"מזון לחתולים מלא טעם עוף וכבד סופר קט 3 ק""ג",קריות זול,IL,סופר קט עוף וכבד 3 קג,קילוגרמים,3.00,"ק""ג",false,1,47.50,15.8333,true,1,224118
7290011473006,false,קינואה אורגני לבנה 500 גרם,תבואות,BO,קינואה אורגנית 500 גר תבואות,גרמים,500.00,100 גרם,false,1,15.90,3.1800,true,1,227142
7290011473051,false,קוואקר עבה אורגני 500 גרם,ארוז ע' תבואות,GB,קוואקר עבה אורגני 500 גר תבואות,גרמים,500.00,100 גרם,false,1,10.90,2.1800,true,1,227143
7290011473068,false,אורז פרא מעורב אורגני 500 גרם,תבואות,IL,אורז מעורב אורגני 500 גר תבואות,גרמים,500.00,100 גרם,false,1,18.90,3.7800,true,1,227144
7290011473082,false,אורז בסמטי מלא אורגני 500 גר,תבואות,IN,אורז בסמטי אורגני 500 גר תבואות,גרמים,500.00,100 גרם,false,1,13.90,2.7800,true,1,227145
7290011473099,false,אורז עגול מלא אורגני 500 גר,תבואות,IT,אורז עגול אורגני 500 גר תבואות,גרמים,500.00,100 גרם,false,1,10.50,2.1000,true,1,227146
7290011473112,false,אורז אדום אורגני 500 גרם תבואות,תבואות,,אורז אדום אורגני 500 גר תבואות,גרמים,500.00,100 גרם,false,1,17.00,3.4000,true,1,227147
7290011473129,false,גרעיני חמניות קלוף אורגני 300 גרם,תבואות,US,גרעיני חמניות מקולף אורגני 300 גר תבואות,גרמים,300.00,100 גרם,false,1,10.90,3.6333,true,1,227148
7290011473136,false,גרעיני דלעת קלוף אורגני 300 גרם,תבואות,,גרעיני דלעת מקולף אורגני 300 גר תבואות,גרמים,300.00,100 גרם,false,1,16.90,5.6333,true,1,227149
7290011473143,false,קוסקוס אורגני תבואות500ג,תבואות,FR,קוסקוס אורגני 500 גר תבואות,גרמים,500.00,100 גרם,false,1,12.90,2.5800,true,1,227150
7290011473150,false,שומשום מלא אורגני 400 גרם,תבואות,BO,שומשום מלא אורגני 400 גר תבואות,גרמים,400.00,100 גרם,false,1,13.60,3.4000,true,1,227151
7290011473181,false,עדשים שחורים אורגני 500 גרם תבאות,ארוז ע' תבואות,CA,עדשים שחורים אורגני 500 גר תבואות,גרמים,500.00,100 גרם,false,1,15.90,3.1800,true,1,227152
7290011473198,false,"עדשים חומים אורגני 500 גרם ""תבואות""",ארוז ע' תבואות,TR,עדשים חומים אורגני 500 גר תבואות,גרמים,500.00,100 גרם,false,1,12.90,2.5800,true,1,227153
7290011473204,false,עדשים ירוקים אורגני 500 גרם,ארוז ע' תבואות,TR,עדשים ירוקים אורגני 500 גר תבואות,גרמים,500.00,100 גרם,false,1,13.90,2.7800,true,1,227154
7290011473211,false,"עדשים אדומים אורגני 500 גרם ""תבואות""",אורז ע'י,TR,עדשים אדומים אורגני 500 גר תבואות,גרמים,500.00,100 גרם,false,1,12.90,2.5800,true,1,227155
7290011473228,false,אפונה ירוקה אורגנית 500 גרם,תבואות,,אפונה ירוקה אורגנית 500 גר תבואות,גרמים,500.00,100 גרם,false,1,10.20,2.0400,true,1,227156
7290011473242,false,פשתן זרעים אורגני 500 גרם,ארוז ע' תבואות,US,פשתן זרעים אורגני 500 גר תבואות,גרמים,500.00,100 גרם,false,1,11.50,2.3000,true,1,227158
7290011473259,false,פשתן טחון אורגני 350 גרם,תבואות,CN,פשתן טחון אורגני 350 גר תבואות,גרמים,350.00,100 גרם,false,1,11.90,3.4000,true,1,227159
7290011473266,false,אמרנט אורגני 500 גר תבואות ללא גלוטן,תבואות,BO,אמרנט אורגני 500 גר תבואות,גרמים,500.00,100 גרם,false,1,15.90,3.1800,true,1,227160
7290011473273,false,בורגול אורגני תבואות,תבואות,TR,בורגול אורגני 500 גר תבואות,גרמים,500.00,100 גרם,false,1,10.50,2.1000,true,1,227161
7290011473280,false,חומוס אורגני תבואות,ארוז ע' תבואות,IL,חומוס אורגני 500 גר תבואות,גרמים,500.00,100 גרם,false,1,10.90,2.1800,true,1,227162
7290011473297,false,גריסי פנינה אורגנים 500 גרם,אורז ע'י,IT,גריסי פנינה אורגני 500 גר תבואות,גרמים,500.00,100 גרם,false,1,10.90,2.1800,true,1,227163
7290011473310,false,פולי אזוקי אורגני 500 גרם,תבואות,CN,פולי אזוקי אורגני 500 גר תבואות,גרמים,500.00,100 גרם,false,1,13.10,2.6200,true,1,227165
7290011473327,false,שעועית מש אורגנית 500 גרם,ארוז ע' תבואות,CN,מש אורגני 500 גר תבואות,גרמים,500.00,100 גרם,false,1,15.50,3.1000,true,1,227166
7290011473334,false,שעועית לבנה אורגנית 500 גרם,ארוז ע' תבואות,CN,שעועית לבנה אורגנית 500 גר תבואות,גרמים,500.00,100 גרם,false,1,11.90,2.3800,true,1,227167
7290011473341,false,שעועית אדומה 500 גרם תבואות,תבואות,,שעועית אדומה אורגנית 500 גר תבואות,גרמים,500.00,100 גרם,false,1,13.50,2.7000,true,1,227183
7290011473358,false,שעועית שחורה אורגנית 500 גרם,תבואות,US,שעועית שחורה אורגנית 500 גר תבואות,גרמים,500.00,100 גרם,false,1,10.90,2.1800,true,1,227168
7290011473365,false,תבואות דוחן אורגני,תבואות,US,דוחן אורגני 500 גר תבואות,גרמים,500.00,100 גרם,false,1,10.90,2.1800,true,1,227184
7290011473389,false,קמח כוסמין לבן אורגני 500 גרם,תבואות מוצרי מזון או,IT,קמח כוסמין לבן אורגני 500 גר תבואות,גרמים,500.00,100 גרם,false,1,12.90,2.5800,true,1,227202
7290011473426,false,גרגרי שיפון אורגנים,,,גרגרי שיפון אורגנים 500 גר תבואות,גרמים,500.00,100 גרם,false,1,10.50,2.1000,true,1,227170
7290011473433,false,תבואת בר כוסמת אורגנ,אורז ע'י,CN,כוסמת אורגנית 500 גר תבואות,גרמים,500.00,100 גרם,false,1,11.90,2.3800,true,1,227171
7290011473457,false,שומשום שחו אורגני 400 גרם,,CN,שומשום שחור אורגני 400 גר תבואות,גרמים,400.00,100 גרם,false,1,17.00,4.2500,true,1,227174
7290011473464,false,סובין שיבולת שועל אורגנית,תבואות,GB,סובין שיבולת שועל אורגני 400גר תבואות,גרמים,400.00,100 גרם,false,1,11.90,2.9750,true,1,227173
7290011473471,false,אורז בסמטי לבן אורגני 500 גרם,תבואות,IN,אורז בסמטי לבן אורגני 500 גר תבואות,גרמים,500.00,100 גרם,false,1,13.90,2.7800,true,1,227175
7290011473488,false,קמח אורז מלא טבעי 500 גר,תבואות,,קמח אורז מלא טבעי 500 גר תבואות,גרמים,500.00,100 גרם,false,1,10.50,2.1000,true,1,227490
7290011473495,false,שמרי בירה-פתיתים טבעי 200 גר,תבואות,IL,פתיתי שמרי בירה טבעי 200 גר תבואות,גרמים,200.00,100 גרם,false,1,24.50,12.2500,true,1,227207
7290011473525,false,אורז בר שחור טבעי 40,תבואות,US,אורז בר טבעי 400 גר תבואות,גרמים,400.00,100 גרם,false,1,27.90,6.9750,true,1,227208
7290011473549,false,קמח קינואה אורגני 500 גר תבואות,תבואות,BO,קמח קינואה אורגני500גר תבואות,גרמים,500.00,100 גרם,false,1,18.90,3.7800,true,1,300783
7290011473556,false,סוכר פירות טבעי 500 גרם תבואות,תבואות,US,סוכר פירות טבעי 500 גר תבואות,גרמים,500.00,100 גרם,false,1,14.90,2.9800,true,1,227210
7290011473570,false,קמח חומוס טבעי 500 גרם תבואות,תבואות מוצרי מזון או,IL,קמח חומוס טבעי 500 גר תבואות,גרמים,500.00,100 גרם,false,1,12.50,2.5000,true,1,227211
7290011473587,false,נבט חיטה טבעי 250 גר,תבואות,IL,נבט חיטה טבעי 250 גר תבואות,גרמים,250.00,100 גרם,false,1,8.20,3.2800,true,1,227212
7290011473594,false,"טחינה אורגנית 1 ק""ג תבואות",,,טחינה אורגנית 1 קג תבואות,קילוגרמים,1.00,"ק""ג",false,1,28.90,28.9000,true,1,308053
7290011473624,false,"טחינה אורגנית מלאה 1 ק""ג תבואות",,,טחינה מלאה אורגנית 1 קג תבואות,קילוגרמים,1.00,"ק""ג",false,1,28.90,28.9000,true,1,308025
7290011473655,false,סוכר קנים אורגני 1 קילו,ארוז ע' תבואות,BR,סוכר קנים אורגני 1 קג תבואות,קילוגרמים,1.00,"ק""ג",false,1,10.90,10.9000,true,1,227177
7290011473723,false,הימליה דק שקית 1 קילו תבואות,,,מלח הימליה דק 1 קג תבואות,קילוגרמים,1.00,"ק""ג",false,1,12.90,12.9000,true,1,298804
7290011473778,false,משמש מיובש אורגני 25,נימקס איזמיר,TR,משמש מיובש אורגני 250 גר תבואות,גרמים,250.00,100 גרם,false,1,16.90,6.7600,true,1,312327
7290011473860,false,שמרי בירה-אבקה טבעי 250 גר,תבואות,FR,אבקת שימרי בירה טבעי 250 גר תבואות,גרמים,250.00,100 גרם,false,1,24.50,9.8000,true,1,227214
7290011473877,false,קינואה אדומה אורגנית 500 גרם,יורופנה,BO,קינואה אדומה אורגנית 500 גר תבואות,גרמים,500.00,100 גרם,false,1,19.90,3.9800,true,1,227188
7290011473891,false,עדשים צהובים אורגני 500 גרם,תבואות,TR,עדשים צהובים אורגנים 500 גר תבואות,גרמים,500.00,100 גרם,false,1,12.90,2.5800,true,1,227190
7290011473907,false,סובין חיטה טבעי 200 גרם,תבואות,IL,סובין חיטה טבעי 200 גר תבואות,גרמים,200.00,100 גרם,false,1,6.10,3.0500,true,1,227215
7290011473921,false,סובין שיבולת שועל טבעי 500 גרם,תבואות,,סובין שיבולת שועל טבעי 500 גר תבואות,גרמים,500.00,100 גרם,false,1,14.50,2.9000,true,1,227216
7290011473952,false,קוואקר מהיר הכנה טבעי 400 גר,ארוז ע' תבואות,GB,קוואקר מהיר הכנה טבעי 400 גר תבואות,גרמים,400.00,100 גרם,false,1,6.50,1.6250,true,1,227218
7290011473969,false,קינואה טריו אורגנית 500 גרם,תבואות,BO,קינואה טריו אורגנית 500 גר תבואות,גרמים,500.00,100 גרם,false,1,21.90,4.3800,true,1,227141
7290011473983,false,תערובת קטניות אורגני500ג,תבואות,IL,תערובת קטניות לקדרה אורגנית500 גר תבואות,גרמים,500.00,100 גרם,false,1,15.90,3.1800,true,1,227191
7290011474003,false,שמן קוקוס אורגני כתית 300 גר תבואות,אדמג'י לוקומנג'י,,שמן קוקוס כתית אורגני 300 מל תבואות,מיליליטרים,300.00,"100 מ""ל",false,1,18.90,6.3000,true,1,297742
7290011474058,false,ספגטי כוסמין מלא אורגני 500 ג',תבואות,,פסטה ספגטי קמח כוסמין אורגני500גר תבואות,גרמים,500.00,100 גרם,false,1,17.90,3.5800,true,1,228128
7290011474072,false,פוזילי כוסמין אורגני 500 גר,תבואות,,פסטה פוסילי כוסמין מלא אורגנית 500 גר תב,גרמים,500.00,100 גרם,false,1,17.90,3.5800,true,1,227193
7290011474102,false,"תערובת קטניות למרק אורגני 500 גרם ""תבואות""",גולי בגמברו,IL,תערובת קטניות למרק אורגנית 500 גר תבואות,גרמים,500.00,100 גרם,false,1,16.90,3.3800,true,1,227195
7290011474133,false,תערובת למגדרה אורגנית 500 גרם,תבואות,IN,תערובת למגדרה אורגנית 500 גר תבואות,גרמים,500.00,100 גרם,false,1,15.90,3.1800,true,1,227196
7290011474232,false,מלח הימליה קריסטל 50,תבואות,,מלח הימליה קריסטל 500 גר תבואות,גרמים,500.00,100 גרם,false,1,12.90,2.5800,true,1,238423
7290011474256,false,מלח הימליה גס שקית 1 קילו תבואות,תבואות,,מלח הימליה גס לבישול 1 קג תבואות,קילוגרמים,1.00,"ק""ג",false,1,12.90,12.9000,true,1,302648
7290011474362,false,קמח עדשים אורגני 500 גרם תבואות,תבואות,TR,קמח עדשים אורגני 500 גר תבואות,גרמים,500.00,100 גרם,false,1,12.90,2.5800,true,1,241571
7290011474386,false,קוואקר דק אורגני 500 גרם,תבואות,,קוואקר דק אורגני 500 גר תבואות,גרמים,500.00,100 גרם,false,1,10.90,2.1800,true,1,227198
7290011474447,false,קוואקר עבה טבעי 500 גרם תבאות,תבואות,,קוואקר עבה טבעי 400 גר תבואות,גרמים,400.00,100 גרם,false,1,6.50,1.6250,true,1,227221
7290011474577,false,פולי קקאו גרוס נא אורגני 200 גרם,תבואות,,פולי קקאו גרוס נא אורגני 200 גר,גרמים,200.00,100 גרם,false,1,26.90,13.4500,true,1,305568
7290011474591,false,פנה כוסמין מלא אורגני 500 גרם,,,פסטה פנה קמח כוסמין מלא אורגני500גר תבוא,גרמים,500.00,100 גרם,false,1,17.90,3.5800,true,1,228129
7290011474676,false,תע.קדרה אפריקאית אורג500,תבואות,IL,קדרה אפריקאית 500 גר אורגנית תבואות,גרמים,500.00,100 גרם,false,1,14.90,2.9800,true,1,231404
7290011474683,false,מגידרה קינואה אורגנית 500 גרם תבואות,תבואות,,מגדרה קינואה אורגנית 500 גר תבואות,גרמים,500.00,100 גרם,false,1,19.90,3.9800,true,1,231338
7290011474843,false,גוגי ברי טבעי 200 גר,,CN,גוגי ברי 200 גר,גרמים,200.00,100 גרם,false,12,18.90,9.4500,true,1,312333
7290011474898,false,סוכר קוקוס אורגני 300 גרם תבואות,תבואות,IL,סוכר קוקוס אורגני תבואות 300 גר,גרמים,300.00,100 גרם,false,1,15.90,5.3000,true,1,243515
7290011488017,false,שיני שום קלופות 1 קג,,,שיני שום קלופות 1 קג בצנצנת,קילוגרמים,1.00,"ק""ג",false,1,34.90,34.9000,true,1,338473
7290011498092,false,מרציפן נטו 56% 200 גרם,שקד תבור בעמ,IL,מרציפן נטו כיכר 200 גר,גרמים,200.00,100 גרם,false,1,22.90,11.4500,true,1,312808
7290011498108,false,מרציפן נטו 75 גרם,שקד תבור,IL,מרציפן נטו 75 גרם,גרמים,75.00,100 גרם,false,1,9.00,12.0000,true,1,223020
7290011498160,false,שמן קוקוס 100% שקד תבור 1 ליטר,שקד תבור,IL,שמן קוקוס אורגני 1 ל,ליטרים,1.00,ליטר,false,1,49.90,49.9000,true,1,301966
7290011498177,false,ממרח שקד לבן מקולף 700 ג,שקד תבור,IL,כדורי מרציפן באבקת קינמון 120 גר,גרמים,700.00,100 גרם,false,12,64.90,9.2714,true,1,319352
7290011498191,false,מארז חטיפי מרציפן מצופה שוקולד 180 גרם,שקד תבור,IL,חטיפי מרציפן מצופים שוקולד 180 גם,גרמים,180.00,100 גרם,false,12,19.90,11.0556,true,1,317983
7290011498221,false,גרוסליין - סילאן טבעי 900 גרם,אלמנדוס,IL,סילאן טבעי שקד תבור 900 גרם,גרמים,900.00,100 גרם,false,1,19.90,2.2111,true,1,296402
7290011498283,false,אגוזי אדמה חמאה בוטנים 700 גר,שקד תבור,IL,חמאת בוטנים שקד תבור 700 גרם,גרמים,700.00,100 גרם,false,1,25.90,3.7000,true,1,297993
7290011498351,false,ממרח אילסר אגוזי לוז,שקד תבור,IL,ממרח אילסר 100% אגוזי לוז200גר,גרמים,195.00,100 גרם,false,1,26.90,13.7949,true,1,246231
7290011498368,false,ממרח פיסטוק אלת הבטנ,שקד תבור,IL,ממרח 100% פיסטוק 200 גר,גרמים,200.00,100 גרם,false,1,41.90,20.9500,true,1,246228
7290011498375,false,חמאת קוקוס אורגנית 300 גרם שקד תבור,שקד תבור,,ממרח חמאת קוקוס 300 גרם,גרמים,300.00,100 גרם,false,1,19.90,6.6333,true,1,297990
7290011498405,false,שמן קוקוס אורגני 350,שקד תבור,,שמן קוקוס אורגני 350 מל,מיליליטרים,350.00,"100 מ""ל",false,1,22.90,6.5429,true,1,277328
7290011498412,false,חמאת קקאו אורגני 200,שקד תבור,PE,חמאת קקאו אורגני 200 גרם,Unknown,0.00,Unknown,false,1,22.90,0.0000,true,1,246061
7290011498436,false,פולי קקאו גרוסים 250 גרם,שקד תבור,IL,פולי קקאו גרוסים אורגני 250 גר,מיליליטרים,250.00,"100 מ""ל",false,1,26.90,10.7600,true,1,246073
7290011498450,false,אבקת קקאו אורגני 250 גרם,שקד תבור,PE,אבקת קקאו אורגני 250 גר,מיליליטרים,250.00,"100 מ""ל",false,1,22.90,9.1600,true,1,246078
7290011498504,false,ממרח חלבה עשירה 350 גר,שקד תבור,,ממרח חלבה עשירה 350 גרם,גרמים,350.00,100 גרם,false,1,13.90,3.9714,true,1,307134
7290011498511,false,ממרח חלבה מלאה עשירה350ג,שקד תבור,IL,ממרח חלבה מלאה 350 גרם,גרמים,350.00,100 גרם,false,1,13.90,3.9714,true,1,307145
7290011498542,false,ערכת שוקולד ביתי 250 גרם,שקד תבור,IL,ערכת שוקולדביתית 250 גר,גרמים,250.00,100 גרם,false,1,25.00,10.0000,true,1,246089
7290011498573,false,"שוקולד מריר 61% ללת""ס 200 גרם",לובקה,IL,שוקולד 61% מריר ל.ס.אורגני 200 גרם,גרמים,200.00,100 גרם,false,8,26.00,13.0000,true,1,246205
7290011498658,false,שמן אבוקדו כבישה קרה,שקד תבור,,שמן אבוקדו כבישה קרה 250 מל,מיליליטרים,250.00,"100 מ""ל",false,6,32.90,13.1600,true,1,307146
7290011498726,false,שמן שקדים 100% 250 מ,שקד תבור,IL,שמן שקדים 100% 250 מל,מיליליטרים,250.00,"100 מ""ל",false,1,32.90,13.1600,true,1,237811
7290011498733,false,"שמן קצח 100% 250 מ""ל",שקד תבור,,שמן קצח 100% 250 מל,גרמים,380.00,100 גרם,false,1,49.90,13.1316,true,1,237805
7290011498740,false,שקד מלא טחון בכבישה קרה,"אלמונדס בע""מ",IL,ממרח שקד מלא כבישה קרה 310 גר,גרמים,310.00,100 גרם,false,6,28.90,9.3226,true,1,229539
7290011498801,false,מרציפן פרימיום 65% 200 גרם,"אלמנדוס בע""מ",IL,מרציפן פרימיום 65% לאפיה 200 גר,גרמים,200.00,100 גרם,false,1,24.00,12.0000,true,1,298929
7290011498870,false,מארז חטיפי תמר במילוי חמאת שקדים 150 גרם,"אלמנדוס בע""מ",IL,חטיפי תמר מילוי חמאת שקדים 150 גרם,גרמים,150.00,100 גרם,false,12,18.90,12.6000,true,1,318005
7290011498887,false,מארז חטיפי תמר במילוי חמאת קוקוס 150 גרם,"אלמנדוס בע""מ",IL,חטיפי תמר מילוי חמאת קוקוס 150 גרם,גרמים,150.00,100 גרם,false,12,18.90,12.6000,true,1,318006
7290011498894,false,מארז חטיפי תמר במילוי חמאת בוטנים 150 גרם,מרכז השקד,IL,חטיפי תמר מילוי חמאת בוטנים 150 גרם,גרמים,150.00,100 גרם,false,12,18.90,12.6000,true,1,318007
7290011498900,false,מארז חטיפי תמר במילוי חמ.שקדים בציפוי שוקולד 100% קקאו 150 גרם,"אלמנדוס בע""מ",IL,חטיפי תמר חמאת שקדים מצופה 150 גרם,גרמים,150.00,100 גרם,false,12,18.90,12.6000,true,1,318008
7290011498917,false,מארז חטיפי תמר במילוי חמ.קוקוס בציפוי שוקולד 100% קקאו 150 גרם,מרכז השקד,AR,חטיפי תמר חמאת קוקוס מצופה 150 גרם,גרמים,150.00,100 גרם,false,12,18.90,12.6000,true,1,317984
7290011498948,false,מארז חטיפי תמר מצופה שוקולד 100% קקאו 150 גרם,"אלמנדוס בע""מ",IL,חטיפי תמר מצופים שוקלד 100% קקו 150 גרם,גרמים,150.00,100 גרם,false,12,18.90,12.6000,true,1,231106
7290011498955,false,אגוזי אדמה חמאת בוטנ300ג,שקד תבור,IL,חמאת בוטנים שקד תבור 300 גרם,גרמים,300.00,100 גרם,false,1,12.90,4.3000,true,1,246069
7290011498962,false,שקד לבן בכבישה קרה 300 ג,"אלמונדס בע""מ",IL,ממרח שקד לבן כבישה קרה 300 גר,גרמים,300.00,100 גרם,false,1,28.90,9.6333,true,1,237419
7290011498979,false,שקד לבן בתוספת סיבים 300 גרם,מרכז השקד,IL,ממרח שקד לבן מועשר 300 גר,גרמים,300.00,100 גרם,false,6,28.90,9.6333,true,1,237804
7290011498986,false,מארז חטיפי תמר במילוי חמאת קשיו בציפוי שוקולד 100% קקאו,שקד תבור,IL,ממרח שקד לבן עם קשיו 300 גר,גרמים,300.00,100 גרם,false,1,18.90,6.3000,true,1,246066
7290011498993,false,קשיו לבן 100% טבעי 300 ג,מרכז השקד,IL,ממרח קשיו לבן 300 גר,גרמים,300.00,100 גרם,false,1,27.90,9.3000,true,1,246068
7290011499051,false,פטה כבשים מסורתית 20% בגביע 250 גרם - רובין,MKN עבור מחלבות גד ב,IL,גבינה פטה כבשים 250 ג,גרמים,250.00,100 גרם,false,1,27.90,11.1600,true,1,223087
7290011499105,false,גבינה בולגרית מלוחה 5% 250 ג' גד,ג'נרל מילס סאן אדריא,IL,גב.בולגרית 5% מלוחה 250 גר,גרמים,250.00,100 גרם,false,1,24.90,9.9600,true,1,223246
7290011499112,false,בולגרית מסורתית 16% 250 גרם - רבנות,"מיוצר ע""י dsh",IL,גב.בולגרית 16% מלוחה 250 גר,גרמים,250.00,100 גרם,false,1,24.90,9.9600,true,1,223247
7290011499303,false,גבינה בולגרית עזים 5% גד מעודנת 250 גרם,ג'נרל מילס סאן אדריא,IL,גבינה בולגרית עיזים 5% מעודנת 250 גר,גרמים,250.00,100 גרם,false,1,31.90,12.7600,true,1,224772
7290011499327,false,גבינה בולגרית מעודנת 5% 250 גרם - רבנות,מיוצר על ידי DSH עבו,IL,גבינה בולגרית חלב בקר מעודנת 250 גר,גרמים,250.00,100 גרם,false,1,24.90,9.9600,true,1,224774
7290011499341,false,גבינת קשקבל ארוז 26 אחוז 250גרם גד,הנסיך- מפעל לייצור ט,IL,גבינת קאשקבלו 26% שומן 200גר,גרמים,200.00,100 גרם,false,1,26.90,13.4500,true,1,225071
7290011499358,false,פטה עיזים מסורתית 20% בגביע 200 גרם - רובין,מיוצר על ידי קוד יצר,IL,גבינת פטה עיזים 200גרם,גרמים,200.00,100 גרם,false,1,29.90,14.9500,true,1,225072
7290011499365,false,גד חלומי 24% 200 גרם רובין,"מחלבות גד בע""\מ",IL,גבינת חלומי 24% 200 גר,גרמים,200.00,100 גרם,false,1,22.90,11.4500,true,1,225073
7290011499419,false,גבינה במרקם שמנת בטעם טבעי 5% ניו יורק,גבינות מדף,IL,גבינת במרקם שמנת 5% טבעית 200 גר,גרמים,200.00,100 גרם,false,1,13.90,6.9500,true,1,225975
7290011499624,false,שמנת 30% ניו יורק טבעי 200 גרם רבנות,גבינות מדף,IL,גבינת שמנת 30% טבעית 200 גר,גרמים,200.00,100 גרם,false,1,14.50,7.2500,true,1,227676
7290011499846,false,גבינת ריקוטה פרסקה 9% גד 300 גרם,מחלבות גד בעמ,IL,גבינת ריקוטה פרסקה 300 גר,גרמים,300.00,100 גרם,false,1,19.50,6.5000,true,1,229057
7290011499853,false,שמנת 30% ניו יורק זיתים מחלבות גד,מחלבות גד (שיווק 199,IL,גבינת שמנת 30% זיתים 200 גר,גרמים,200.00,100 גרם,false,1,14.50,7.2500,true,1,229379
7290011501617,false,חמוציות ברכז תפוחים ללא תוספת סוכר 250 גרם,"דין שיווק וקלייה בע""",IL,חמוציות ברכז תפוחים ללא תוספר סוכר לבן 2,גרמים,250.00,100 גרם,false,24,14.90,5.9600,true,1,239982
7290011505776,false,שיפודי במבוק עבים במיוחד 75 יחידות,הוסטס,CN,שיפודי במבוק עבים במיוחד 75 יח,Unknown,0.00,Unknown,false,50,3.90,0.0000,true,1,308018
7290011505806,false,קיסמי שיניים דנטאליים מפלסטיק 200 יחידות בחבית,הוסטס Hostess,CN,קיסצי שיניים דנטליים פלסטיק 200 יח חבית,Unknown,0.00,Unknown,false,12,9.90,0.0000,true,1,308012
7290011515683,false,מאגדת טילון אקסטרים וניל נסטלה 6 יחידות,תות תעשיות מזון (201,IL,מאגדת שלגון אקסטרים וניל 6 יח,יחידה,6.00,יחידה,false,1,35.90,5.9833,true,1,223537
7290011515911,false,שלגונים מופחתי קלוריות בטעם ריבת חלב - 6 יח',גלידות נסטלה )נגה גלידות,IL,מאגדת שלגון לייט ריבת חלב 6יח 312 גר,יחידה,6.00,יחידה,false,1,29.90,4.9833,true,1,225584
7290011524548,false,גרגירי חומוס פרי הגליל 800 גרם,"פרי הגליל בע""""מ",IL,חומוס קפוא פרי גליל 800 גרם,גרמים,800.00,100 גרם,false,1,11.90,1.4875,true,1,299089
7290011524555,false,שעועית לבנה אפויה 800 ג' פרי הגליל,"פרי הגליל בע""""מ",IL,שעועית לבנה קפואה פרי גליל 800 גרם,גרמים,800.00,100 גרם,false,1,12.90,1.6125,true,1,299090
7290011525316,false,"ד""ר פישר - קמיל בלו סנסיטיב תחליב לתינוק שיבולת 500 מ""ל",פישר מעבדות פרמצבטיות בע,IL,תחליב סנסטיב לתינוק שיבולת שועל 500 מל,מיליליטרים,500.00,"100 מ""ל",false,1,19.90,3.9800,true,1,224146
7290011525712,false,"קמיל בלו אל סבון סנסיטיב לפני השינה ד""ר פישר 1 ליטר",פישר מעבדות פרמצבטיות בע,IL,אלסבון סנסטיב לפני שינה 1 ל קמיל בלו,ליטרים,1.00,ליטר,false,1,24.90,24.9000,true,1,224142
7290011525729,false,שמפו לתינוק קמיל בלו סנסטיב לפני השינה עם לבנדר וקמומיל,פישר מעבדות פרמצבטיות בע,IL,שמפו סנסטיב לפני שינה 1 ל קמיל בלו,ליטרים,1.00,ליטר,false,1,24.90,24.9000,true,1,224143
7290011570088,false,ממרח ריבת חלב לייט ללא תוספת סוכר,Satko ltd,IL,ריבת חלב ללא סוכר 400 גר גלעם,גרמים,400.00,100 גרם,false,1,18.90,4.7250,true,1,226100
7290011570132,false,"תחליף קמח ללא גלוטן 1 קֿֿֿֿ""ג 10X",אשבל מזון פונקציונלי,IL,קמח ללא גלוטן 1 קג גלעם,קילוגרמים,1.00,"ק""ג",false,1,16.90,16.9000,true,1,224917
7290011570507,false,קמח כרגיל ללא גלוטן 450 גרם,אשבל מזון פונקציונלי בע\,IL,קמח רב תכליתי 450 גר ללא גלוטן,גרמים,450.00,100 גרם,false,1,16.90,3.7556,true,1,242929
7290011570644,false,קמח רב תכליתי ללא גלוטן אשבל 450 גרם,אשבל מזון פונקציונלי בע\,IL,קמח כרגיל ללחם 500 גר ללא גלוטן,גרמים,500.00,100 גרם,false,1,16.90,3.3800,true,1,312048
7290011570934,false,תערובת להכנת פנקייק ללא גלוטן 500 ג',אשבל מזון פונקציונאל,IL,תערובת לפנקייק ל.גלוטן 400 גרם גלעם,גרמים,450.00,100 גרם,false,1,19.90,4.4222,true,1,313210
7290011575007,false,"הפי מרסס שומר ברק למקלחון 750 מ""ל",יעקובי הפי,DE,הפי למקלחון - מסיר אבנית-לבן,מיליליטרים,750.00,"100 מ""ל",false,12,19.90,2.6533,true,1,223249
7290011575014,false,מטליות הפי לניקוי רב שימושי 9 יח,יעקובי הפי,TR,הפי מטליות תשיעיה,יחידה,9.00,יחידה,false,24,13.90,1.5444,true,1,223086
7290011575212,false,הפי לנברשות קריסטל שנדלייר,הגרטי,,מרסס הפי לניקוי קריסטל 500 מל,מיליליטרים,500.00,"100 מ""ל",false,1,32.90,6.5800,true,1,224557
7290011575250,false,מבריק וצובע נעליים הפי,יעקבי - הפי Hepi,ES,מבריק נעליים הפי,Unknown,0.00,Unknown,false,1,10.90,0.0000,true,1,225037
7290011575526,false,מטלית מיקרופייבר לרצ,סי.פי.קנג,,מטלית מיקרופייבר הפי,Unknown,0.00,Unknown,false,1,12.90,0.0000,true,1,225036
7290011575755,false,סופר גלו ג'ל - לוקטייט,יעקבי- סופר גלו Super Glue,DE,דבק סופר גלו גל,Unknown,0.00,Unknown,false,1,15.90,0.0000,true,1,307796
7290011575809,false,"הגרטי תרסיס לניקוי כלי כסף יעקבי 200 מ""ל",יעקובי הפי,BE,הפי נוצץ-ספרי הגרטי,מיליליטרים,200.00,"100 מ""ל",false,12,30.90,15.4500,true,1,225708
7290011587444,false,מוזלי קראנצי בתוספת פירות ויטליה 600 גרם,Vitalia nikola ltd,MK,תערובת מוזלי קראנצי פירות 600 גר,גרמים,600.00,100 גרם,false,10,13.90,2.3167,true,1,314724
7290011587451,false,מוזלי קראנצי בתוספת פירות ואגוזים ויטליה 600 גרם,ויטליה,IL,תערובת גרנולה פירות ואגוזים 600 גר,גרמים,600.00,100 גרם,false,10,13.90,2.3167,true,1,314727
7290011587468,false,מוזלי קראנצי בתוספת אגוזים ויטליה 600 גרם,Vitalia nikola ltd,MK,תערובת מוזלי קראנצי אגוזים 600 גר,גרמים,600.00,100 גרם,false,10,13.90,2.3167,true,1,314723
7290011587611,false,מקרל בשמן חמניות תומר 125 גרם,Union des pecheries,MA,מקרל מרוקאי בשמן רגיל 125 גר,גרמים,125.00,100 גרם,false,1,5.90,4.7200,true,1,225150
7290011587710,false,צלפים במי מלח תומר 350 גרם,,TR,צלפים במי מלח 350 גר,גרמים,350.00,100 גרם,false,1,10.90,3.1143,true,1,299217
7290011587765,false,אטריות נודלס עבה 200 גרם -תומר,אופאל,,אטריות נודלס עבה 200 גר,גרמים,200.00,100 גרם,false,1,4.90,2.4500,true,1,226073
7290011587857,false,עגבניות מיובשות בשמן חמניות ועשבי תיבול,סנטו דידה סאן,TR,עגבניות מיובשות מתובלות 250 גר,גרמים,250.00,100 גרם,false,12,9.90,3.9600,true,1,234500
7290011587956,false,רוטב צ'ילי מתוק 700 ג' תומר,,,רוטב צילי מתוק 700 מל תומר,מיליליטרים,700.00,"100 מ""ל",false,1,10.00,1.4286,true,1,232587
7290011598259,false,"פרש מטהר אוויר אוטומטי בניחוח מאסק סנו 250 מ""ל",סנו מפעלי ברונוס בעמ,IL,מ.אויר סנו פרש אוטומאיק מאסק 250 מל,מיליליטרים,250.00,"100 מ""ל",false,1,14.90,5.9600,true,1,226570
7290011598365,false,רביעיית מטליות מיקרופייבר מקצועיות סנו סושי,סנו סושי,IL,מטלית מיקרופייבר סנו סושי 4 יח,יחידה,4.00,יחידה,false,1,17.90,4.4750,true,1,300418
7290011598402,false,מקסימה מרכך כביסה ארומתרפי מאסק סנו 4 ליטר,"סנו מפעלי ברונוס בע""\מ",IL,מרכך כביסה סנומקסימה 4 ל לבן מוסק,ליטרים,4.00,ליטר,false,1,22.90,5.7250,true,1,223303
7290011607180,false,"אבקת כביסה קולון 101 1.25 ק""ג",ריקט בנקיזר ( ניר אי,IL,אב.כביסה קולון 101 כתמים 1.25 קג,קילוגרמים,1.25,"ק""ג",false,1,12.90,10.3200,true,1,223241
7290011607197,false,"קולון 101 אבקת כביסה 5 ק""ג",רקיט בנקיזר,IL,אב.כביסה קולון 101 כתמים 5 קג מיוחד,קילוגרמים,5.00,"ק""ג",false,1,29.90,5.9800,true,1,223215
7290011615260,false,"טורטייה 20 ס""מ קוטר וילי פוד 540 גר",מוטלוקל גידה סאנאי ט,TR,עלי טורטיה לאפיה 540 גרם,גרמים,540.00,100 גרם,false,1,9.90,1.8333,true,1,224302
7290011618025,false,בייבי ביס הוט קידס נגיסי אורז לתינוק,גואנז'ו יונג וואנט פ,CN,נגיסי אורז בייבי ביס טעם טבעי 50 גר,גרמים,50.00,100 גרם,false,1,13.90,27.8000,true,1,229751
7290011618124,false,חטיף אורז אפוי לתינוקות בטעם ירקות +6,גואנז'ו יונג וואנט פ,CN,נגיסי אורז בייבי ביס טעם ירקות 50 גר,גרמים,50.00,100 גרם,false,1,13.90,27.8000,true,1,223904
7290011618131,false,בייבי ביס חטיף אורז בטעם גזר,גואנז'ו יונג וואנט פ,CN,נגיסי אורז בייבי ביס טעם גזר 50 גר,גרמים,50.00,100 גרם,false,1,13.90,27.8000,true,1,223905
7290011618216,false,נגיסי אורז לתינוקות בטעם בננה,גואנז'ו יונג וואנט פ,CN,נגיסי אורז בייבי ביס טעם בננה 50 גר,גרמים,50.00,100 גרם,false,1,13.90,27.8000,true,1,229752
7290011622428,false,כתמטמינים-חטיף בריאות לתינוקות וילדים 45 ג',מיוצר עבור גולדן האר,IL,חטיף בוטנים כתמטמינים 45 גר,Unknown,0.00,Unknown,false,1,6.50,0.0000,true,1,239884
7290011622664,false,כתמטמינים - חטיף אצבעות טחינה אורז ותירס 45 גרם,אלס נוטרישן,IL,חטיף טחינה כתמטמינים 45 גר,Unknown,0.00,Unknown,false,1,6.50,0.0000,true,1,306788
7290011622701,false,טבעונים - חטיף טבעות דגנים מלאים בטעם גזר וסלק 45 גרם,אשבול,IL,חטיף טבעוני גזר וסלק 45 גר,Unknown,0.00,Unknown,false,1,6.50,0.0000,true,1,317656
7290011622756,false,ביסקוויטמינים פלוס בטעם שוקולד 150 גרם,מצות אביב בעמ,IL,ביסקוויטמינים פלוס שוקו 150 גר,גרמים,150.00,100 גרם,false,12,16.90,11.2667,true,1,322979
7290011622763,false,ביסקוויטמינים פלוס בטעם וניל 150 גרם,מולינו ניקולי s.p.a,IL,ביסקוויטמינים פלוס וניל 150גר גולדן הארט,גרמים,150.00,100 גרם,false,12,16.90,11.2667,true,1,321795
7290011659042,false,קוביות פטרוזליה קפוא,ירוק מהגליל,IL,קוביות פטרוזיליה 70גרם קפוא,Unknown,0.00,Unknown,false,20,8.50,0.0000,true,1,311500
7290011659066,false,קוביות בזיליקום 70 גרם ירוק מהגליל,ירוק מהגליל,IL,קוביות בזיליקום 70גרם קפוא,Unknown,0.00,Unknown,false,20,8.50,0.0000,true,1,311499
7290011659288,true,אריסה חריפה מסעדות,,,אריסה חריפה מסעדות,קילוגרמים,1.00,"ק""ג",true,,49.00,49.0000,true,1,330624
7290011688776,false,פולפת מחית אסאי 400 ג',,IL,מחית אסאי 4 יחידות 100גרם,גרמים,400.00,100 גרם,false,1,24.90,6.2250,true,1,325824
7290011688813,false,קוביות אננס קפוא 500,,IL,קוביות אננס קפוא 500גר פסקוביץ,גרמים,500.00,100 גרם,false,1,19.90,3.9800,true,1,325825
7290011688974,false,פסקוביץ במיה מוקפאת,,,במיה קפואה 1 קג פסקוביץ גודל 1,קילוגרמים,1.00,"ק""ג",false,1,12.90,12.9000,true,1,328572
7290011723200,false,טחינה הר ברכה 100% שומשום טהור 500 גר,טחינה הר ברכה בעמ,IL,טחינה הר ברכה 500 גרם,גרמים,500.00,100 גרם,false,1,19.90,3.9800,true,1,297112
7290011728007,false,נאצוס תירס טבעי טרז פזוס 180 גרם,,IL,חטיף נאצוס תירס טבעי טרז פזוס 180 גרם,גרמים,180.00,100 גרם,false,6,19.90,11.0556,true,1,324679
7290011728052,false,ריבת בצל טרז פסוס 27,"דוידוב סלמון בע""מ",IL,ריבת בצל טרז פסוס 270 גרם,Unknown,0.00,Unknown,false,6,24.90,0.0000,true,1,335832
7290011728274,false,סלסה מנגו לבישול 300,"דוידוב סלמון בע""מ",IL,סלסה מנגו לבישול 300 גרם,גרמים,330.00,100 גרם,false,24,27.90,8.4545,true,1,316399
7290011728298,false,חלפיניו ירוק פרוס עם בצל 195 גר,"דוידוב סלמון בע""מ",IL,פלפל חלפיניו ירוק כבוש 195 גר,גרמים,195.00,100 גרם,false,24,22.90,11.7436,true,1,316833
7290011728335,false,סלסה פלפל אדום וצ`יפוטלה 330 גרם,,IL,סלסה פלפל אדום וציפוטלה 330 גרם,גרמים,330.00,100 גרם,false,1,25.90,7.8485,true,1,315127
7290011728724,false,סלסה עגבניות חרוכות 200 גרם,,IL,סלסה עגבניות חתוכות 200 גרם,גרמים,200.00,100 גרם,false,1,18.90,9.4500,true,1,315126
7290011728731,false,טורטיה קפואה מכוסמין,"דוידוב סלמון בע""מ",IL,טורטיה קפואה מכוסמין 20סמ 6יח325גר,גרמים,325.00,100 גרם,false,1,16.90,5.2000,true,1,316834
7290011728915,false,קמח תירס מינסה ללג ו,טרס פזוס,IL,קמח תירס מינסה ל.גלוטן וסכר 400 גרם,גרמים,400.00,100 גרם,false,6,18.90,4.7250,true,1,324680
7290011728939,false,סלסה הבנרו אדום וגזר,"דוידוב סלמון בע""מ",IL,סלסה הבנרו אדום וגזר 275 מל,מיליליטרים,275.00,"100 מ""ל",false,24,34.90,12.6909,true,1,316832
7290011743833,false,"סנסודיין משחת שיניים פרונאמל 75 מ""ל",גלקסו סמית קליין,GB,מש.שיניים סנסודיין פרומל 75 מל ירוק,מיליליטרים,75.00,"100 מ""ל",false,1,21.90,29.2000,true,1,224317
7290011744885,false,"אקווה פרש משחת שיניים ילדים לשיני חלב 50 מ""ל",גלקסו סמית קליין,SK,מש.שיניים אקווה פרש שני חלב 2עד6 50מל,Unknown,0.00,Unknown,false,1,9.90,0.0000,true,1,240396
7290011765095,false,קרמה מן גל גילוח אלוורה ירוק 200 מל,טרופיקל דגיל תעשיות,TR,גל גילוח קרמה לעור עדין 200 מל,מיליליטרים,200.00,"100 מ""ל",false,1,11.90,5.9500,true,1,323752
7290011765200,false,"סנו מדיק ג'ל לניקוי ידיים עם אולוורה 300 מ""ל",גוד פוד פרודקטס S.p,IL,גל סנו מדיק לניקוי ידיים ללא מים300אלוור,מיליליטרים,300.00,"100 מ""ל",false,12,19.90,6.6333,true,1,319115
7290011765217,false,"סנו מדיק ג'ל לניקוי ידיים אלוורה 100 מ""ל",גוד פוד פרודקטס S.p,IL,גל סנו מדיק לניקוי ידיים 100מל אלוורה,מיליליטרים,100.00,"100 מ""ל",false,12,9.90,9.9000,true,1,319113
7290011765446,false,משחת שיניים לילדים בוב ספוג בטעם מיץ ענבים עם פלואוריד למניעת עששת,טרופיקל דגיל תעשיות קוסמ,IL,מש.שיניים אורביטול בוב ספוג 70 גר,גרמים,70.00,100 גרם,false,1,9.90,14.1429,true,1,223947
7290011765613,false,סנו מסיר עובש בניחות לימון מתז 1 ל',"סנו מפעלי ברונוס בע""\מ",IL,מסיר עובש 1ליטר מרסס בניחוח לימון,ליטרים,1.00,ליטר,false,12,18.90,18.9000,true,1,316837
7290011765620,false,"נוזל כלים סנו גרין פאוור אקולוגי 750 מ""ל",סנו מפעלי ברונוס בעמ,IL,נוזל כלים אקולוגי 700מל גרין פאוור,מיליליטרים,700.00,"100 מ""ל",false,1,10.90,1.5571,true,1,322692
7290011772468,false,אקונומיקה אמה 4 ליטר,טרופיקל דגיל,IL,אקונומיקה אמה 4 ליטר,ליטרים,4.00,ליטר,false,1,9.90,2.4750,true,1,318602
7290011800642,false,סלט מטבוחה רפי כהן 400גר,סלטי צבר,IL,סלט מטבוחה צבר רפי 400 גר,גרמים,400.00,100 גרם,false,6,16.90,4.2250,true,1,226350
7290011800840,false,רפי כהן סלט טחינה בלאדי צבר 400 גרם,רפי כהן / צבר,IL,סלט טחינה לבנה רפי צבר 400 גר,גרמים,400.00,100 גרם,false,6,16.90,4.2250,true,1,226351
7290011830113,false,דובשנ.קמח כוסמין אורג300,,IL,דובשניות כוסמין אורגניות 300 גר,גרמים,300.00,100 גרם,false,1,15.90,5.3000,true,1,308663
7290011830236,false,בייגלה מקמח כוסמין +מלח 200 גרם השדה,השדה מוצרים אורגניים,IL,בייגלה כוסמין אורגני 200 גר,גרמים,200.00,100 גרם,false,1,15.90,7.9500,true,1,308682
7290011830243,false,אטריות אורג. ללא גלוטן מאורז תאילנדי 250,השדה מוצרים אורגניים,CN,אטריות אורגני ללא גלוטן אורז תאילנד250ג,גרמים,250.00,100 גרם,false,1,15.90,6.3600,true,1,308687
7290011830250,false,נודלס אורגני ללא גלוטן 100% כווסמת 250 גרם,השדה מוצרים אורגניים,CN,אטריות אורגני ללא גלוטן מכוסמת 250ג,גרמים,250.00,100 גרם,false,1,16.90,6.7600,true,1,308688
7290011830267,false,אטריות אורגניות ללא גלוטן מאורז מלא 250,השדה מוצרים אורגניים,CN,אטריות אורגני ללא גלוטן אורז מלא250ג,גרמים,250.00,100 גרם,false,1,15.90,6.3600,true,1,308686
7290011830274,false,אטריות אורגניות ללא גלוטן מאורז שחור 250,השדה מוצרים אורגניים,CN,אטריות אורגני ללא גלוטן אורז שחור250ג,גרמים,250.00,100 גרם,false,1,16.90,6.7600,true,1,308685
7290011830328,false,מחית תפוח עץ סקוויז אורגני השדה מוצרים אורגנים 100 גרם,השדה מוצרים טבעיים ו,ES,מחית סקוויז תפוח עץ אורגני 100 גר,גרמים,100.00,100 גרם,false,1,5.90,5.9000,true,1,322042
7290011830335,false,מחית תפוח עץ ובננה סקוויז אורגני השדה מוצרים אורגנים 100 גרם,השדה מוצרים טבעיים ו,ES,מחית סקוויז תפוח עץ ובננה אורגני 100 גר,גרמים,100.00,100 גרם,false,1,5.90,5.9000,true,1,322043
7290011830366,false,טליאטלה מקמח דורום 5 צבעים אורגני 500 גר,השדה מוצרים טבעיים ו,IT,פסטה חמישה צבעים טליאטלה אורגני 500ג,גרמים,500.00,100 גרם,false,6,27.90,5.5800,true,1,320899
7290011830373,false,פסטה אורגנית מקמח דורום בחמישה צבעים 500 גרם- פפרדלה,השדה מוצרים טבעיים ו,IT,פסטה חמישה צבעים פפרדלה אורגני 500ג,גרמים,500.00,100 גרם,false,6,27.90,5.5800,true,1,320898
7290011830380,false,פסטה אורגנית מקמח דורום בחמישה צבעים 500 גרם - מקרוני,השדה מוצרים טבעיים ו,IT,פסטה חמישה צבעים אורגנית 500 גר,גרמים,500.00,100 גרם,false,8,24.90,4.9800,true,1,320896
7290011830564,false,ביסקוויט פתי בר כוסמין אורגני,השדה מוצרים אורגניים,IL,פתי בר כוסמין אורגני 180 גר,גרמים,180.00,100 גרם,false,1,12.90,7.1667,true,1,308691
7290011830991,false,צ'יקי מאנקי חטיף בוטנים אורגני 60 גרם ללא גלוטן,השדה מוצרים טבעיים ו,IL,חטיף בוטנים ציקי מאנקי 60 גר אורגני,Unknown,0.00,Unknown,false,1,6.90,0.0000,true,1,308692
7290011860271,false,ביסבול כדורי פירה מתפוחי אדמה תפוגן 700 גרם,"תעשיות תפוגן בע""\מ",IL,ביסבול טבעי תפוגן 700 גר,גרמים,700.00,100 גרם,false,9,12.90,1.8429,true,1,224695
7290011860301,false,כדורי תפוא ביסבול תפ,"תעשיות תפוגן בע""\מ",IL,ביס בול תירס תפוגן 700 גר,גרמים,700.00,100 גרם,false,9,12.90,1.8429,true,1,224696
7290011876388,false,קציצות עוף ובקר מאמא עוף 600 גרם,תנובה גליל שותפות מו,IL,קציצות עוף ובקר אמיתיות 600 גרם,גרמים,600.00,100 גרם,false,1,35.00,5.8333,true,1,233129
7290011877088,false,"רדיד אלומיניום רוחב 30 ס""מ, 18 מיקרון - מארז זוג",בורסה פאזרי,TR,זוג רדיד אלומיניום סנו סושי30/7.5,יחידה,2.00,יחידה,false,1,16.90,8.4500,true,1,224245
7290011877095,false,"רדיד אלומיניום רוחב 45 ס""מ סנו סושי 2*7.5 מטר",בורסה פאזרי,TR,זוג רדיד אלומיניום סנו סושי 45/7.5,יחידה,2.00,יחידה,false,1,24.90,12.4500,true,1,224246
7290011877866,false,"מקסימה אבקת כביסה בניחוח מאסק סנו 6 ק""ג","סנו מפעלי ברונוס בע""\מ",IL,אב.כביסה סנו מקסימה מאסק 6 קג,קילוגרמים,6.00,"ק""ג",false,1,51.90,8.6500,true,1,225165
7290011878597,false,גבינת שיטה בולגרית א,,IL,גבינת שיטה בולגרית אורגנית 200גר נאות סמ,גרמים,200.00,100 גרם,false,6,36.90,18.4500,true,1,336071
7290011912642,false,ליסטרין שטיפת פה הגנה על השיניים והחניכי,ג'\ונסון אנד ג'\ונסון,IT,נוזל שטיפת פה ליסטרין תאגד 500מל,מיליליטרים,500.00,"100 מ""ל",false,1,19.90,3.9800,true,1,315751
7290011923013,false,דובדבן חמוץ אורגני קפוא 300 גרם,,RS,דובדבן חמוץ אורגני ללא גלעינים 300גר ליב,גרמים,300.00,100 גרם,false,6,18.90,6.3000,true,1,336221
7290011923020,false,אוכמניות אורגניות מוקפאות 300גר ליב,,RS,אוכמניות אורגניות 300 גרם ליב,גרמים,300.00,100 גרם,false,6,18.90,6.3000,true,1,336218
7290011923068,false,הצהובה הקלאסית פרוס תחליף שומן צמחי 200גר,,GR,בסגנון צהובה פרוסות 200גר טבעוני,גרמים,200.00,100 גרם,false,12,18.90,9.4500,true,1,332667
7290011923082,false,גבינה פרוסות בסגנון מוצרלה טבעוני 200 ג,,GR,בסגנון מוצרלה פרוסות 200גר טבעוני,גרמים,200.00,100 גרם,false,12,18.90,9.4500,true,1,332658
7290011923112,false,גבינת גוש בסגנון פטה יוונית טבעוני 200 ג,,GR,בסגנון פטה יוונית גוש 200גר טבעוני,גרמים,200.00,100 גרם,false,12,18.90,9.4500,true,1,332666
7290011923273,false,טופו אורגני-ליב 300 גרם,א.י.ן תעשיות מזון בע,IL,טופו אורגני 300 גר ליב,גרמים,300.00,100 גרם,false,10,13.90,4.6333,true,1,231456
7290011923303,false,טופו טבעי 300גרם ליב,א.י.ן תעשיות מזון בע,IL,טופו טבעי 300 גרם ליב,גרמים,300.00,100 גרם,false,1,12.90,4.3000,true,1,242988
7290011931162,false,סוכרלייט ממתיק נוזלי על בסיס סוכרלוז,אף.סי תבליני בגליל ב,IL,ממתיק סוכרלייט נוזלי 220 מל,מיליליטרים,220.00,"100 מ""ל",false,1,28.90,13.1364,true,1,224415
7290011941260,false,קערה שקופה קטנה פאלא,ningbo,CN,8 קערה שקופה לסלט,יחידה,1.00,יחידה,false,50,6.50,6.5000,true,1,296131
7290011947309,false,זיתים מצוננים סורי מבוקע ולימון כבוש זיתא 230 ג',זיתא – י.ט.ב תעשיות,IL,זית סורי מבוקע עם לימון 220 גרם,גרמים,230.00,100 גרם,false,1,14.90,6.4783,true,1,238080
7290011947316,false,זיתא זיתי קלמטה בשמן זית כתית מעולה 215ג,זיתא - י.ט.ב תעשיות,IL,זית קלמנטה 215 גרם זיתא,גרמים,215.00,100 גרם,false,1,14.90,6.9302,true,1,244205
7290011947521,false,"שמן זית כתית מעולה 750 מ""ל טעם מודגש זיתא",זיתא - י.ט.ב תעשיות,IL,שמן זית זיתא מודגש כתית מעולה 750 מל,מיליליטרים,750.00,"100 מ""ל",false,1,32.90,4.3867,true,1,302839
7290011947743,false,זיתים זיתא מיקס זית ירוק וזית קלמטה 215 גרם,זיתא - י.ט.ב תעשיות,IL,מיקס זית זיתא ירוק וקלמטה 215 גר,גרמים,215.00,100 גרם,false,8,14.90,6.9302,true,1,320289
7290011947781,false,מיקס זית ירוק וזית קלמטה ללא גלעין עם שמן זית כתית מעולה,זיתא - י.ט.ב תעשיות,IL,זית זיתא מיקס מגולען בשמן זית 215 גרם,גרמים,190.00,100 גרם,false,1,14.90,7.8421,true,1,325937
7290011947798,false,זית קלמטה ללא גלעין עם שמן זית כתית מעולה,זיתא - י.ט.ב תעשיות,IL,זית זיתא קלמטה מגולען בשמן זית 215 גרם,גרמים,190.00,100 גרם,false,1,14.90,7.8421,true,1,325936
7290011947842,false,שמן כתית מעולה עם מיצוי זית בזיליקום ושום 240 מל,סטאר סנקס,IL,שמן זית זיתא מיצוי בזיליקוום ושום240 מל,מיליליטרים,250.00,"100 מ""ל",false,6,22.90,9.1600,true,1,327670
7290011947859,false,"זיתא שמן כתית פלפל צ'ילי 240 מ""ל",סטאר סנקס,IL,שמן זית זיתא מיצוי פלפל צילי 250 מל,מיליליטרים,250.00,"100 מ""ל",false,6,22.90,9.1600,true,1,327671
7290011947866,false,זיתא מיקס זיתים בפח 250 גרם,זיתא - י.ט.ב תעשיות,GR,מיקס זיתים זיתא 440 גרם בפח,גרמים,440.00,100 גרם,false,1,17.90,4.0682,true,1,328471
7290011947873,false,זית קלמטה בפח זיתא 250 ג',זיתא - י.ט.ב תעשיות,GR,זית קלמטה זיתא 440 גרם בפח,גרמים,440.00,100 גרם,false,1,17.90,4.0682,true,1,328472
7290011947903,false,מיקס זיתים יווני זיתא 215 ג',זיתא - י.ט.ב תעשיות,IL,זית זיתא מיקס יווני 215 גרם,גרמים,215.00,100 גרם,false,1,14.90,6.9302,true,1,327627
7290011947989,false,זית זיתא ירוק מגולען,זיתא - י.ט.ב תעשיות,IL,זית זיתא ירוק מגולען טעם שום 190 גרם,גרמים,190.00,100 גרם,false,1,14.90,7.8421,true,1,333751
7290011947996,false,זית סורי שחור סורי מ,זיתא - י.ט.ב תעשיות,IL,זית זיתא סורי שחור 215 גרם בגביע,גרמים,215.00,100 גרם,false,1,14.90,6.9302,true,1,333750
7290011964344,false,שום גבישי בקופ' 120 גר' טעם וריח,"תבליני טעם וריח בע""מ",IL,שום גבישי 120 ג מיכל גדול,גרמים,120.00,100 גרם,false,1,9.90,8.2500,true,1,224483
7290011964566,false,גריל עוף 400 גר' טעם וריח,"תבליני טעם וריח בע""מ",IL,גריל עוף 400 גר בקופסא,גרמים,400.00,100 גרם,false,1,22.90,5.7250,true,1,239272
7290011964573,false,פלפל שחור טחון 400 גרם,תבליני טעם וריח,,פלפל שחור טחון דק400 גרם,גרמים,400.00,100 גרם,false,1,29.90,7.4750,true,1,323490
7290011964597,false,כמון טחון 400 גר' טעם וריח,"תבליני טעם וריח בע""מ",IL,כמון טחון 400 גרם,גרמים,400.00,100 גרם,false,1,22.90,5.7250,true,1,239274
7290011964603,false,כורכום 400 גר' טעם וריח,"תבליני טעם וריח בע""מ",IL,כורכום טחון 400 גר בקופסא,גרמים,400.00,100 גרם,false,1,22.90,5.7250,true,1,239275
7290011964689,false,על האש לא מונוסודיום 100 גרם 100 גרם מיכל גדול,"תבליני טעם וריח בע""מ",IL,תיבול על האש מיכל גדול 100 גר,גרמים,100.00,100 גרם,false,1,9.90,9.9000,true,1,228167
7290011964702,false,שווארמה ללא מונסודיום 100 גרם מיכל גדול,"תבליני טעם וריח בע""מ",IL,תיבול שווארמה מיכל גדול100 גר,גרמים,100.00,100 גרם,false,1,9.90,9.9000,true,1,228169
7290011969158,false,חמישיית מגבונים טייגר בייבי פאלאס,פלאס אס.אי.,IL,מארז חמישייה מגבון טואלט טייגר בייבי,יחידה,5.00,יחידה,false,1,16.90,3.3800,true,1,246321
7290011971694,false,ספגטי טריקולור מסמולינת דורום אורגני 500,פסטיפיסוי פליצ'טי,IT,ספגטי טריקולור מסמולינת אורגני 500 גר,גרמים,500.00,100 גרם,false,1,13.90,2.7800,true,1,308726
7290011996567,false,רוטב סאטה אסיה 240 ג,קיי.אר.אס.ספייסי פוד,TH,רוטב סאטה אסיה 240 גרם,גרמים,250.00,100 גרם,false,1,14.90,5.9600,true,1,313699
7290011996642,false,טעם אסיה שומשום שחור קלוי 100גר,טעמי אסיה Taste of Asia,CN,שומשום שחור קלוי טעמי אסיה 100 גרם,גרמים,100.00,100 גרם,false,12,15.90,15.9000,true,1,334499
7290012001994,false,חרדל דיז'ון גרעינים 350 ג' ריין דיזון,ריין דיז'ון reine dijon,FR,חרדל ריין דה דיזון גרעינים 350 ג,גרמים,350.00,100 גרם,false,1,12.90,3.6857,true,1,227749
7290012019036,false,שיני שום כבושים תומר 330 גרם,ליני דשן פוד,CN,שיני שום כבושים 330 גר תומר,גרמים,330.00,100 גרם,false,1,9.90,3.0000,true,1,312306
7290012019043,false,שום צעיר כבוש בחומץ בצנצנת 330 גרם,FOODS CANDDED QINGDAO,CN,שום צעיר כבוש בחומץ 330 גר תומר,גרמים,330.00,100 גרם,false,1,9.90,3.0000,true,1,312304
7290012019050,false,שום צעיר כבוש ובוגר וציפורן בחומץ 330 גר,Qingdao canned foods,CN,שום צעיר ובוגר וציפורן בחומץ 330 גר תומר,גרמים,330.00,100 גרם,false,1,9.90,3.0000,true,1,312305
7290012019258,false,מחית תפוחי עץ רביעיה 4 * 113 ג' תומר,אינדיאן סאמר קו אופ אינק,US,רסק תפוח עץ רגיל 4 יח 113 גר,גרמים,452.00,100 גרם,false,1,10.90,2.4115,true,1,304225
7290012019265,false,רביעיית מחית תפוח עץ ללא תוספת סוכר תומר 113 גרם,אינדיאן סאמר קו אופ אינק,US,רסק תפוח עץ דיאט 4 יח 113 גר,גרמים,452.00,100 גרם,false,1,10.90,2.4115,true,1,304223
7290012019272,false,רביעיית מחית תפוח עץ וקינמון תומר 113 גרם,אינדיאן סאמר קו אופ אינק,US,רסק תפוח עץ וקינמון 4 יח 113 גר,גרמים,452.00,100 גרם,false,1,10.90,2.4115,true,1,304224
7290012019647,false,פטיסון כבוש שלם 900 גרם,פולין פולנסקו פראנצוסקה,PL,פטיסון כבוש 860 גרם,גרמים,860.00,100 גרם,false,12,14.50,1.6860,true,1,300922
7290012019753,false,מיץ עגבניות תומר 1 ל'6X,Aromaproduct ltd,IL,מיץ עגבניות 1 ל תומר פיקדון,ליטרים,1.00,ליטר,false,1,9.90,9.9000,true,1,228377
7290012022272,false,פריכיות קליליות קידס,דילייט 2005,IL,קליליות קידס טעם טבעי30גר קריספיות,Unknown,0.00,Unknown,false,1,10.90,0.0000,true,1,294706
7290012025839,false,מטבוחה שמיר אסלי 400 גרם,"סלטי שמיר 2006 בע""מ",IL,סלט מטבוחה אסלי 400 גרם,גרמים,400.00,100 גרם,false,1,9.90,2.4750,true,1,299655
7290012046124,false,רב מגבת SOFT CLEAN 800 גרם,,IL,רב מגבת סופט קלין 800גר,גרמים,800.00,100 גרם,false,12,22.90,2.8625,true,1,328276
7290012046179,false,אל סבון נוזלי 1 ליטר + משאבה,,IL,אל סבון אינגוי 1ליטר,ליטרים,1.00,ליטר,false,12,9.90,9.9000,true,1,336622
7290012046193,false,ספוגי קרצוף קשיחים ירוקים קצרים 9יח,M3,ES,ספוגי קרצוף קשיחים ירוקים קצרים 9יחסקוטש,יחידה,9.00,יחידה,false,20,17.90,1.9889,true,1,334788
7290012052163,false,גרנולה מרכיבים טבעיים זרעים אגוזים ופירות 350 גרם,רפאלס,IL,גרנולה רפאלס עם אגוזים זרעים ופירות350גר,גרמים,350.00,100 גרם,false,1,16.90,4.8286,true,1,234656
7290012052170,false,גרנולה עם אגוזים ופירות יבשים במתיקות מעודנת,רפאלס,IL,גרנולה רפאלס ל.ת.סוכר אגוזים ופירות350ג,גרמים,350.00,100 גרם,false,1,16.90,4.8286,true,1,234659
7290012052187,false,גרנולה רפאל - חלבה תמרים ושקדים 350 גרם,רפאלס,IL,גרנולה רפאלס עם חלבה תמרים ושקדים 350 גר,גרמים,350.00,100 גרם,false,1,16.90,4.8286,true,1,234657
7290012052194,false,גרנולה רפאל פירות יער וקשיו 350 גרם,רפאלס,IL,גרנולה רפאלס עם פירות יער וקשיו 350 גר,גרמים,350.00,100 גרם,false,1,16.90,4.8286,true,1,234658
7290012052200,false,גרנולה רפאל-אגוזים זרעים ופירות 800 גרם,רפאלס,IL,גרנולה רפאלס עם אגוזים ופירות יבשים800גר,גרמים,800.00,100 גרם,false,1,31.90,3.9875,true,1,235098
7290012052217,false,גרנולה עם אגוזים ופירות יבשים במתיקות מעודנת,רפאלס,,גרנולה רפאלס ל.ת.סוכר עם אגוזים פ.י800גר,גרמים,800.00,100 גרם,false,1,31.90,3.9875,true,1,235066
7290012052224,false,גרנולה רפאל - חלבה תמרים ושקדים,רפאלס,IL,גרנולה רפאלס עם חלבה תמר ושקד800גר,גרמים,800.00,100 גרם,false,1,31.90,3.9875,true,1,235099
7290012052231,false,גרנולה חמוציות אוכמניות וקשיו 800 גרם,רפאלס,,גרנולה רפאל פירות יער וקשיו800גר,גרמים,800.00,100 גרם,false,1,31.90,3.9875,true,1,235100
7290012052354,false,גרנולה רפאל שוקולד ואגוזי לוז 350 גרם,רפאלס,IL,גרנולה רפאל שוקולד אגוזי לוז 350 גר,גרמים,350.00,100 גרם,false,1,16.90,4.8286,true,1,234660
7290012052361,false,גרנולה מוזלי בטעם מרכיבים טבעיים 350 גרם,רפאלס,IL,מוזלי רפאלס 350 גרם,גרמים,350.00,100 גרם,false,1,16.90,4.8286,true,1,234661
7290012052385,false,מוזלי עם חמוציות ושקדים ללא תוספת סוכר,רפאלס,IL,מוזלי רפאלס ל.ת.סוכר עם שקד וחמוציות720ג,גרמים,720.00,100 גרם,false,1,31.90,4.4306,true,1,235102
7290012052460,false,רפאל צוקולומומו אוריגיל 250 גרם,רפאלס,IL,מיקס פינוק לסלט זרעים ואגוזים קלו 250 גר,גרמים,250.00,100 גרם,false,1,18.90,7.5600,true,1,234662
7290012052477,false,רפאל צוקולומומו עשבי תיבול 250 גרם,רפאלס,IL,מיקס פינוק לסלט עשבי תיבול זרעים 250 גר,גרמים,250.00,100 גרם,false,1,18.90,7.5600,true,1,234663
7290012052484,false,חטיפי אגוז/פירות יער23*6,ממתקי בני ריאד מחרום,IL,חטיף פוזיטיב פירות יער 6יח144 גר,גרמים,144.00,100 גרם,false,1,17.90,12.4306,true,1,236221
7290012052491,false,חטיפי אנרגיה פוזיטיב,ממתקי בני ריאד מחרום,IL,חטיף פוזיטיב חלבה ותמר 6יח138גר,גרמים,138.00,100 גרם,false,1,17.90,12.9710,true,1,236222
7290012052507,false,פוזיטיב חטיף שוקולד,ממתקי בני ריאד מחרום,,חטיף פוזיטיב שוקולד לוז 6יח144 גר,גרמים,144.00,100 גרם,false,1,17.90,12.4306,true,1,236223
7290012086113,true,עגבניות שרי אשכולות,,,עגבניות שרי אשכול יח,Unknown,0.00,Unknown,false,1,9.90,0.0000,true,1,297460
7290012116261,false,סנו מדיק ג'ל לניקוי ידיים אלוורה 500 מל,גוד פוד פרודקטס S.p,IL,גל סנו מדיק 500 מל בתוספת אלוורה,מיליליטרים,500.00,"100 מ""ל",false,12,32.90,6.5800,true,1,321597
7290012116537,false,"מקסימה אבקת כביסה בניחוח מאסק סנו 2.5 ק""ג",טרופיקל דגיל תעשיות,IL,אב.כביסה מקסימה מאסק 2.5 קג,קילוגרמים,2.50,"ק""ג",false,1,26.90,10.7600,true,1,297709
7290012116551,false,אנטי קאלק נוזל לניקוי כללי סנו 2 ליטר,מיוצר עי קונדיטוריית,IL,נוזל אנטי קלאק 4ב1 רב שימושי 2 ל,ליטרים,2.00,ליטר,false,1,19.90,9.9500,true,1,225632
7290012116735,false,נייר טואלט גליל כפול סנו סופט 24 גלילים,סנו מפעלי ברונוס בעמ,IL,נ.טואלט סופט קומפקט 24 גל 900 מטר,יחידה,24.00,יחידה,false,1,44.90,1.8708,true,1,225530
7290012117091,false,"אבקת כביסה סנסיטיב סנו מקסימה 6 ק""ג",סנו מקסימה,IL,אב.כביסה סנו מקסימה סנסטיב 6 קג,קילוגרמים,6.00,"ק""ג",false,1,51.90,8.6500,true,1,225853
7290012117350,false,סנו ריצפז פרש 2 ליטר לילך לבנדר,"סנו מפעלי ברונוס בע""\מ",IL,נוזל רצפה ריצפז פרש לילך 2 לי,ליטרים,2.00,ליטר,false,1,16.90,8.4500,true,1,225854
7290012117732,false,מקסימה מרכך כביסה ארומתרפי קול סנו 4 ליטר,"סנו מפעלי ברונוס בע""\מ",IL,מרכך כביסה סנומקסימה קוול 4 ל,ליטרים,4.00,ליטר,false,1,22.90,5.7250,true,1,323987
7290012139499,false,בג עצם לחוצה מעושנת בציפוי עוף 5 מקט ח,בונזו,,בונזו גוי עצם לחוצה מעושנת בציפוי,Unknown,0.00,Unknown,false,1,23.20,0.0000,true,1,228342
7290012193125,false,מרמולייט סוכרלוז ממתיק 150 טבליות,"קיפל טבליות וממתיקים בע""מ",CN,מרמולייט סוכרלוז טבליות 150 יחידות,יחידה,150.00,יחידה,false,10,25.90,0.1727,true,1,225208
7290012193163,false,פמילי אל סבון נוזלי פריחת הדובדבן 1 ליטר,אף.סי תבליני בגליל ב,IL,פמילי אל סבון פרחי בר1 ל משאבה,ליטרים,1.00,ליטר,false,1,10.90,10.9000,true,1,231491
7290012226014,false,נקניקיות וינר זוגלובק 800 גרם,נקניק נהריה כשר זוגל,IL,נקניקיות וינר 800 גר,גרמים,800.00,100 גרם,false,1,21.90,2.7375,true,1,335784
7290012226120,false,"קבנוס 135 גרם ""זוגלובק""",נקניק נהריה כשר זוגל,IL,נקניק קבנוס 135 גר,גרמים,135.00,100 גרם,false,12,10.90,8.0741,true,1,335785
7290012226342,false,נקניקיה טבעונית למחבת או לתנור עשירה בחלבון,זוגלו'ס Zoglos,IL,נקניקיה טבעונית 460גר,גרמים,460.00,100 גרם,false,10,27.90,6.0652,true,1,335816
7290012226922,false,קבנוס בטעם שום זוגלובק 135 גרם,נקניק נהריה כשר זוגל,IL,נקניק קבנוס בטעם שום 135 גר,גרמים,135.00,100 גרם,false,12,10.90,8.0741,true,1,335787
7290012226939,false,קבנוס עם צ'ילי חריף זוגלובק 135 גרם,נקניק נהריה כשר זוגל,IL,נקניק קבנוס בטעם צילי 135 גר,גרמים,135.00,100 גרם,false,12,10.90,8.0741,true,1,335788
7290012226991,false,"נקניקיות עוף באריזת ג''מבו 1.5 ק""ג זוגלובק",נקניק נהריה כשר זוגל,IL,נקניקיות גמבו 1.5 קג,קילוגרמים,1.50,"ק""ג",false,5,27.90,18.6000,true,1,335789
7290012227172,false,חרמן הודו בדבש וברביקיו זוג במארז 600 ג' זוגלובק,נקניק נהריה כשר זוגל,IL,מארז פסטרמה בדבש 300גר+פ.ברביקיו 300גר,גרמים,600.00,100 גרם,false,6,29.90,4.9833,true,1,338495
7290012227400,false,נקניקיות עוף זוגלובק 800 גרם,נקניק נהריה כשר זוגל,IL,נקניקיות עוף 800 גרם,גרמים,800.00,100 גרם,false,1,21.90,2.7375,true,1,335806
7290012227912,false,קבנוס מעודן זוגלובק 135 גרם,זוגלובק,IL,נקניק קבנוס מעודן 135גר,גרמים,135.00,100 גרם,false,12,10.90,8.0741,true,1,335811
7290012228124,false,קבנוס סטיקס עם נגיעות מלח ים סדרת ריינהולד'ס,זוגלובק,IL,קבנוס סטיקס 50גר,Unknown,0.00,Unknown,false,15,10.90,0.0000,true,1,335807
7290012228261,false,נקנקיות קנקרס הודו ועוף ריינהולד'ס זוגלובק 300 ג',זוגלובק,IL,נקניקיות קנקרס הודו 300גר ריינהולדס,גרמים,300.00,100 גרם,false,6,21.90,7.3000,true,1,335803
7290012228704,false,הספרדיה – נקניקיית עוף ובקר חריפות ריינהולד'ס,זוגלובק,IL,נקניקיות הספרדייה חריפה 300גר ריינהול,גרמים,300.00,100 גרם,false,6,21.90,7.3000,true,1,335960
7290012228728,false,קבנוס סטיקס בסגנון מקסיקני חריף סדרת ריינהולד'ס,זוגלובק,IL,קבנוס סטיקס טעם מקסיקני 50גר,Unknown,0.00,Unknown,false,15,10.90,0.0000,true,1,335809
7290012245176,false,וופל צ'יפס קריספי 700 גרם,אגריסטו,BE,וופל ציפס קריספי קפוא 700גר קפוא זן,גרמים,700.00,100 גרם,false,14,13.90,1.9857,true,1,337785
7290012245183,false,צ'יפס קריספי קלאסי 700 גרם,אגריסטו,BE,ציפס קריספי קלאסי קפוא 700גר קפוא זן,גרמים,700.00,100 גרם,false,14,11.90,1.7000,true,1,337786
7290012245244,false,"ציפס קלאסייק 2.5 ק""ג גולדן",קפוא זן,IL,ציפס קלאסי 2.5 קג משפחתי גולד קפוא זן,גרמים,2500.00,100 גרם,false,4,29.90,1.1960,true,1,337787
7290012245275,false,"גולד ציפס בטטה קריספי 1 ק""ג",אגריסטו,BE,ציפס בטטה קריספי 1קג גולד קפוא זן,גרמים,1000.00,100 גרם,false,10,26.90,2.6900,true,1,337788
7290012245312,false,"גולד ציפס אמריקאי 1.5 ק""ג קפוא זן",יוליניבר,IL,ציפס אמריקאי 1.5קג גולד קפוא זן,גרמים,1500.00,100 גרם,false,8,19.90,1.3267,true,1,337782
7290012245329,false,"גולד צ'יפס קלאסי 1.5 ק""ג קפוא זן",יוליניבר,BE,ציפס קלאסי קפוא 1.5קג גולד קפוא זן,גרמים,1500.00,100 גרם,false,8,19.90,1.3267,true,1,337781
7290012245336,false,"גולד צ'יפס סטייק 1.5 ק""ג גולד שארית",אגריסטו,IL,סטייק ציפס 1.5 קג גולד קפוא זן,גרמים,1500.00,100 גרם,false,8,19.90,1.3267,true,1,337784
7290012247712,false,כרעיים עוף ארוז קפוא,,,כרעיים עוף ארוז קפוא,קילוגרמים,1.00,"ק""ג",true,,28.90,28.9000,true,1,315844
7290012247729,false,כנפיים עוף קפוא,"נטו מלינדה סחר בע""מ",,כנפיים עוף קפוא,קילוגרמים,1.00,"ק""ג",true,,10.00,10.0000,true,1,327704
7290012247736,false,שוקיים עוף קפוא ארוז,,,שוקיים עוף קפוא ארוז,קילוגרמים,1.00,"ק""ג",true,,27.90,27.9000,true,1,328151
7290012247774,false,לבבות עוף קפוא,"נטו מלינדה סחר בע""מ",,לבבות עוף קפוא,קילוגרמים,1.00,"ק""ג",true,,29.90,29.9000,true,1,334901
7290012247859,false,כבד עוף קפוא,"נטו מלינדה סחר בע""מ",,כבד עוף קפוא,קילוגרמים,1.00,"ק""ג",true,,19.90,19.9000,true,1,332207
7290012309311,false,ערמונים קלופים ששון הקולה 100 גרם,"דין שיווק וקליה בע""מ",CN,ערמונים קלופים מוכנים 100 גר בשקית,גרמים,100.00,100 גרם,false,50,5.90,5.9000,true,1,225358
7290012309878,false,חלוה פיסטוק ששון הקולה 500 גרם,ששון הקולה,IL,חלבה עם פיסטוק 500 גרם,גרמים,500.00,100 גרם,false,12,12.90,2.5800,true,1,225537
7290012309885,false,חלבה שוקו וניל 500 גרם,ח. עקר,IL,חלבה שוקו וניל 500 גר,גרמים,500.00,100 גרם,false,1,12.90,2.5800,true,1,225538
7290012309939,false,חלווה מסולסלת בקופסא ששון הקולה 500 גרם,אף.סי תבליני בגליל ב,IL,חלבה מסולסלת 500 גרם,גרמים,500.00,100 גרם,false,12,16.00,3.2000,true,1,225540
7290012313073,false,מיקס זיתים מגולענים מרינד קבוצת יבנה 340 גרם,קבוצת יבנה,IL,מיקס זיתים ללא גלעין יבנה 560 גרם,גרמים,560.00,100 גרם,false,12,11.90,2.1250,true,1,334171
7290012313141,false,מלפפונים פרוסות במלח קבוצת יבנה 330 גרם,אף.סי תבליני בגליל ב,IL,פרוסות מלפפון במלח 540 גר,גרמים,540.00,100 גרם,false,1,6.50,1.2037,true,1,231446
7290012313240,false,מיקס זית ירוק וקלמטה קבוצת יבנה 560 גרם,קבוצת יבנה,IL,מיקס זית ירוק וקלמטה יבנה 560 גרם,גרמים,560.00,100 גרם,false,12,11.90,2.1250,true,1,324296
7290012313394,false,קוביות מלפפונים במלח 560ג' יבנה,,,מלפפון קוביות במלח יבנה 560 גרם,גרמים,560.00,100 גרם,false,1,5.90,1.0536,true,1,334357
7290012313417,false,מיקס זיתים המסיק 215 גרם,קבוצת יבנה,IL,מיקס זיתים המסיק 215 גרם בגביע,גרמים,215.00,100 גרם,false,12,12.90,6.0000,true,1,335535
7290012313424,false,זיתים קלמטה שלם 215 ג' יבנה,קבוצת יבנה,IL,זית קלמטה שלם המסיק 215 גרם בגביע,גרמים,215.00,100 גרם,false,12,12.90,6.0000,true,1,335531
7290012313431,false,זיתים מרוקאיים יבשים 215 ג' יבנה,קבוצת יבנה,IL,זית מרוקאי יבש המסיק 215 גרם בגביע,גרמים,215.00,100 גרם,false,12,12.90,6.0000,true,1,335532
7290012313547,false,זית קלמטה חומץ יין י,קבוצת יבנה,,זית קלמטה ביין 560גר א/2 יבנה,גרמים,560.00,100 גרם,false,1,10.90,1.9464,true,1,295780
7290012313554,false,עלי גפן ממולא 400 גרםיבנה,אסמה קונסרבסיליק גיד,TR,עלי גפן ממולאים באורז 400 גרם,גרמים,400.00,100 גרם,false,24,8.90,2.2250,true,1,337051
7290012322501,false,שלישיית מגבוני אוונט,פיליפס אוונט,,שלישיית מגבוני אוונט מילוי 72 יח,יחידה,1.00,יחידה,false,1,21.90,21.9000,true,1,228650
7290012367700,false,קרם גוף אינטנסיב רליף Intensive relief לעור יבש ומגורה,פישר מעבדות פרמצבטיות בע,IL,קרם גוף שיבולת שועל אפקטיב קר 700 מל,מיליליטרים,750.00,"100 מ""ל",false,1,24.90,3.3200,true,1,228458
7290012367717,false,קרם ידיים וציפורניים Intensive relief לעור יבש ומגורה,פישר מעבדות פרמצבטיות בע,IL,קרם ידיים אפקטיב קר 150 מל שיבולת שועל,מיליליטרים,150.00,"100 מ""ל",false,1,9.90,6.6000,true,1,238663
7290012374012,false,יין קיטרון פורט 500,יקב קיטרון,,יין קיטרון פורט 500 מל פיקדון,מיליליטרים,500.00,"100 מ""ל",false,1,80.00,16.0000,true,1,225246
7290012404160,false,שוופס מוגז אשכולית אדומה,יפאורה שותפות מובגלת לשיווק,IL,משקה שוופס מוגז אשכולית אדומה 1.5ליטר,ליטרים,1.50,ליטר,false,12,9.60,6.4000,true,1,226884
7290012404863,false,ספרינג תה מנגו אפרסק1.5ל,יפאורה שותפות מובגלת לשיווק,IL,משקה ספרינג טי מנגו אפרסק 1.5 ל,ליטרים,1.50,ליטר,false,1,7.60,5.0667,true,1,296681
7290012404955,false,נקטר חמוציות ספרינג קולקשן 1.25 ליטר,יפאורה שותפות מובגלת לשיווק,IL,משקה ספרינג קולקטשיין נקטר חמוציות 1.25ל,ליטרים,1.25,ליטר,false,12,11.90,9.5200,true,1,296683
7290012404993,false,נקטר דיאט חמוציות ספרינג קולקשן 1.25 ליטר,יפאורה שותפות מובגלת לשיווק,IL,משקה ספרינג קולקטשיין דיאט חמוציות 1.25ל,ליטרים,1.25,ליטר,false,1,11.50,9.2000,true,1,296685
7290012413636,false,תה ירוק צ'אי מסאלה ויסוצקי 25 יחידות,ויסוצקי ירוק,IL,תה ירוק צאי מסאלה,יחידה,25.00,יחידה,false,6,24.90,0.9960,true,1,230273
7290012413643,false,תה ירוק קמומיל ויסוצקי 25 יחידות,ויסוצקי ירוק,IL,תה ירוק קמומיל,יחידה,25.00,יחידה,false,6,24.90,0.9960,true,1,233047
7290012475092,false,משקה דגנים נמס אורגני גרין פילד 100 גרם,,PL,משקה דגנים נמס אורגני 100גר דרין פילד,גרמים,100.00,100 גרם,false,12,15.90,15.9000,true,1,333722
7290012475108,false,משקה משעורה נמס אורגני גרין פילד 75 גרם,גרין פילד,EG,משקה שעורה נמס אורגני 75 גר גרינפלד,Unknown,0.00,Unknown,false,1,15.90,0.0000,true,1,323250
7290012483011,false,"פולי סויה קפואים 1ק""ג (מאנצ'ו)",קו אל טי די קיאוניונ,CN,פולי סויה קפוא 1 קג,קילוגרמים,1.00,"ק""ג",false,10,18.20,18.2000,true,1,225529
7290012483608,false,"אורז בסמטי DAAWAT מהדרין 5 ק""ג.",הנסיך- מפעל לייצור ט,IN,אורז בסמטי מובחר 5קג DAAWAT,קילוגרמים,5.00,"ק""ג",false,4,54.90,10.9800,true,1,238638
7290012522581,false,טבעול שניצל תירס ללא גלוטן טבעול 664 גרם,עיצובים 2020 (4.8),IL,שניצל תירס ללא גלוטן 664 גר,גרמים,664.00,100 גרם,false,6,32.90,4.9548,true,1,231043
7290012561313,false,בצל קצוץ ומטוגן דורות 400 גרם,עיצובים 2020 (3.8),IL,בצל מטוגן 400גר דורות,גרמים,400.00,100 גרם,false,1,19.90,4.9750,true,1,319694
7290012561337,false,כורכום טרי כתוש קפוא דורות 70 גר,מוצרי שום ותיבול דורות,IL,כורכום טרי כתוש 70גר דורות,גרמים,70.00,100 גרם,false,32,10.90,15.5714,true,1,317710
7290012561405,false,בצל חצי מטוגן דורות 180 גרם,עיצובים 2020 (3.8),IL,בצל חצי מטוגן דורות 180 גר,גרמים,180.00,100 גרם,false,1,10.90,6.0556,true,1,226403
7290012576348,false,"יין ספיישל רזרב שרדונה 750 מ""ל שביעית",טמפו,IL,יין ספיישל רזרב שרדונה 750 מל פקדון,מיליליטרים,750.00,"100 מ""ל",false,1,70.00,9.3333,true,1,235991
7290012576362,false,יין ספיישל רזרב קברנה סוביניון 750 מל,יקבי ברקן שיווק והפצה בע,IL,יין ספיישל רזרב קברנה סוביניון 750 פקדון,מיליליטרים,750.00,"100 מ""ל",false,1,70.00,9.3333,true,1,235993
7290012576379,false,יין ספיישל רזרב מרלו 750 מל,יקבי ברקן שיווק והפצה בע,IL,יין ספיישל רזרב מרלו 750מל פקדון,מיליליטרים,750.00,"100 מ""ל",false,1,70.00,9.3333,true,1,235995
7290012576423,false,ספיישל רזרב גוורצטרמינר 2017,טמפו,IL,יין ספיישל רזרב גוורצטרמינר 750 מל,מיליליטרים,750.00,"100 מ""ל",false,1,70.00,9.3333,true,1,297696
7290012576607,false,"יין קברנה סוביניון פרמייר מלבק אדום ברקן 750 מ""ל","ברקן שיווק והפצה בע""",IL,יין ק.סוביניון/מלבק פרימייר 750מל פקדון,מיליליטרים,750.00,"100 מ""ל",false,1,35.00,4.6667,true,1,239373
7290012637032,false,זעתר הקברקרולי 130 גרם,תבליני ב.ד.,IL,זעתר האזוב המקראי 100 גר,גרמים,100.00,100 גרם,false,1,13.90,13.9000,true,1,227627
7290012637377,false,חליטת תה גינגר לימון,,,חליטת תה גינגר לימון 20 שקיקים 1.5 גר,Unknown,0.00,Unknown,false,1,25.00,0.0000,true,1,315093
7290012637612,false,חליטת צמחים פירות יע,,,חליטת צמחים פירות יער 16 שקיקים 6 גר,Unknown,0.00,Unknown,false,1,25.00,0.0000,true,1,337987
7290012642678,false,אננס בכוסות פלסטיק 4*113 ג' תומר,FOODS HUIZIANG JIANGSU,CN,מארז 4 יח לפתן אננס בכוס פלסטי 113 גר,גרמים,452.00,100 גרם,false,1,11.90,2.6327,true,1,227600
7290012642685,false,אפרסק פירות בכוסות פלסטיק 4*113ג' תומר,תומר,,מארז 4 יח לפתן אפרסק בכוס פלסטי 113 גר,גרמים,452.00,100 גרם,false,1,11.90,2.6327,true,1,227602
7290012642692,false,קוקטייל פירות בכוסות פלס. רביעיות 113 גר,FOODS HUIZIANG JIANGSU,IL,מארז 4 יח לפתן פירות בכוס פלסטי 113 גר,גרמים,452.00,100 גרם,false,1,11.90,2.6327,true,1,227601
7290012642807,false,פלפלים ירוקים כבושים בחומץ תומר 540 גרם,תומר,,פלפלים ירוק בחומץ בצנצנת 520 גר,גרמים,520.00,100 גרם,false,1,10.90,2.0962,true,1,228408
7290012642814,false,פלפלים חריפים מעורבים כבושים שלמים,סאטקו,BG,פלפל מעורב בחומץ חריף 520 גר בצנצנת,גרמים,520.00,100 גרם,false,1,10.90,2.0962,true,1,228409
7290012642838,false,רצועות פלפלים אדומים מוחמצים,תומר,IL,פלפל רצועות אדום בחומץ 520 גר בצנצנת,גרמים,520.00,100 גרם,false,1,10.90,2.0962,true,1,228411
7290012642845,false,פלפלים אדומים שלמים מוחמצים,תומר,IL,פלפל אדום בחומץ 520 גר בצנצנת,גרמים,520.00,100 גרם,false,1,10.90,2.0962,true,1,228412
7290012642852,false,פלפל אדום על האש תומר 330 גרם,סאטקו,BG,פלפל אדום על האש 520 גרבצנצנת,גרמים,520.00,100 גרם,false,1,10.90,2.0962,true,1,228413
7290012642869,false,פלפלים קטנים חריפים כבושים שלמים,תומר,,פלפל אדום בחומץ חריף 520 גר צנצנת,גרמים,520.00,100 גרם,false,1,10.90,2.0962,true,1,228414
7290012642876,false,פלפלונים מעורב צבעוני בחומץ חריף6X,סאטקו,BG,פלפלונים מעורב בחומץ חריף 520 גר צנצנת,גרמים,520.00,100 גרם,false,1,10.90,2.0962,true,1,228415
7290012642906,false,פלפלים ירוקים מוחמצים שלמים בחריפות עדינה,תומר,,פלפלונים ירוק בחומץ 520 גר בצנצנת,גרמים,520.00,100 גרם,false,1,10.90,2.0962,true,1,228417
7290012645020,false,"יוגורט עיזים טבעי בבקבוק חלב הארץ 500 מ""ל",מחלבת סוסיא,IL,יוגורט עיזים טבעי 500 מל חלב הארץ,מיליליטרים,500.00,"100 מ""ל",false,6,12.90,2.5800,true,1,246367
7290012645051,false,יוגורט עיזים חלב הארץ 350 גרם,חלב הארץ,IL,יוגורט עיזים 350גרם גביע,גרמים,350.00,100 גרם,false,8,10.00,2.8571,true,1,321982
7290012645082,false,יוגורט חצי חצי 350 גרם,חלב הארץ,IL,יוגורט חצי חצי 350גר גביע,גרמים,350.00,100 גרם,false,8,10.00,2.8571,true,1,321983
7290012645174,false,גבינת עיזים 5% חלב הארץ 200 גרם,חלב הארץ,IL,גבינת עיזים 200גר 5% שומן חלב הארץ,גרמים,200.00,100 גרם,false,6,13.90,6.9500,true,1,335728
7290012645181,false,לאבנה עיזים 5% חלב הארץ 200 גרם,חלב הארץ,IL,לאבנה עיזים 200גר 5% שומן חלב הארץ,גרמים,200.00,100 גרם,false,6,13.90,6.9500,true,1,335729
7290012645280,false,"יוגורט כבשים טבעי 2.8% בגביע חלב הארץ 150מ""ל",מחלבות סוסיא,IL,יוגורט כבשים בסגנון יווני 150גר חלב הארץ,מיליליטרים,150.00,"100 מ""ל",false,8,5.10,3.4000,true,1,246364
7290012645297,false,יוגורט עיזים ביו 2.8% טעם טבעי חלב הארץ 150 גרם,מחלבות סוסיא,IL,יוגורט עיזים טבעי 150מל חלב הארץ,מיליליטרים,150.00,"100 מ""ל",false,8,5.80,3.8667,true,1,246361
7290012668296,false,מעדן תות שדה דודה בר,,IL,מעדן תות שדה דודה ברטה 284 גרם,גרמים,284.00,100 גרם,false,6,15.90,5.5986,true,1,335833
7290012668302,false,מעדן מנדרינה תפוז דו,,IL,מעדן מנדרינה תפוז דודה ברטה 284 גרם,גרמים,284.00,100 גרם,false,6,15.90,5.5986,true,1,335837
7290012668319,false,מעדן דומדומניות שחור,,IL,מעדן דומדומניות שחורות דודה ברטה 284 גרם,גרמים,284.00,100 גרם,false,6,15.90,5.5986,true,1,335836
7290012668456,false,מעדן דובדבן דודה ברט,,IL,מעדן דובדבן דודה ברטה 284 גרם,גרמים,284.00,100 גרם,false,6,15.90,5.5986,true,1,335835
7290012668616,false,אנט ברטה- מעדן פירות,,IL,מעדן פירות יער דודה ברטה 284 גרם,גרמים,284.00,100 גרם,false,6,15.90,5.5986,true,1,335834
7290012668630,false,מעדן משמש דודה ברטה,,IL,מעדן משמש דודה ברטה 284 גרם,גרמים,284.00,100 גרם,false,6,15.90,5.5986,true,1,335838
7290012668746,false,רוטב צילי שום דודה ב,,IL,רוטב צילי שום דודה ברטה 350 גר,גרמים,350.00,100 גרם,false,9,16.90,4.8286,true,1,335843
7290012668784,false,רוטב דבש ושום דודה ב,,IL,רוטב דבש ושום דודה ברטה 320 גרם,גרמים,320.00,100 גרם,false,9,16.90,5.2812,true,1,335844
7290012668791,false,רוטב בצל יין אדום וס,,IL,רוטב בצל יין אדום וסויה דודה ברטה 350 גר,גרמים,350.00,100 גרם,false,9,16.90,4.8286,true,1,335841
7290012668968,false,רוטב טריאקי רימון דו,,IL,רוטב טריאקי רימון דודה ברטה 350 גר,גרמים,350.00,100 גרם,false,9,16.90,4.8286,true,1,335842
7290012697241,false,"סוכרזית מצמח הסטיוויה נוזל 220 מ""ל",אף.סי תבליני בגליל ב,IL,סוכרזית מהטבע סטיוויה נוזל 220 מל,מיליליטרים,220.00,"100 מ""ל",false,1,29.90,13.5909,true,1,231087
7290012726293,false,ממרח פליאו לימון כבו,,IL,ממרח פליאו לימון כבוש הבאר 150 גרם,גרמים,150.00,100 גרם,false,15,23.90,15.9333,true,1,318877
7290012759253,false,טראפלס תמרים וקקאו 280 גר' - ממה,ממה חטיפי אנרגיה,IL,טראפל תמרים ממה 280 גרם,גרמים,280.00,100 גרם,false,6,31.90,11.3929,true,1,321311
7290012759529,false,טראפלס שקדים וטחינה 280 גר' - ממה,ממה חטיפי אנרגיה,IL,טראפל ממה שקדים וטחינה 280 גרם,גרמים,280.00,100 גרם,false,6,31.90,11.3929,true,1,321324
7290012759659,false,משפחתית בראוניז תמר שוקולד קוקוס ואגוז מלך 240 גר' - ממה,ממה חטיפי אנרגיה,IL,חטיפי בראוניז תמר קוקוס אגוזי מלך240גר,גרמים,240.00,100 גרם,false,6,26.90,11.2083,true,1,321322
7290012759666,false,משפחתית בראוניז תמר שוקולד פקאן ופולי קקאו 240 גר' - ממה,ממה חטיפי אנרגיה,IL,חטיפי בראוניז תמר פקאן ופולי קקאו240גר,גרמים,240.00,100 גרם,false,6,26.90,11.2083,true,1,321321
7290012759673,false,משפחתית בראוניז חמאת בוטנים קשיו וגוג'י ברי 240 גר' - ממה,ממה חטיפי אנרגיה,IL,חטיפי בראוניז חמאת בוטנים קשיו גוגי ברי,גרמים,240.00,100 גרם,false,6,26.90,11.2083,true,1,321320
7290012795169,false,קרקר חומוס ללא גלוטן,ל.ב. זהר סחר ושיווק,IL,קרקר חומוס 140 גר לב הטבע,גרמים,140.00,100 גרם,false,1,13.90,9.9286,true,1,302835
7290012795176,false,קרקר תירס ללא גלוטן,ל.ב. זהר סחר ושיווק,IL,קרקר תירס 140 גר לב הטבע,גרמים,140.00,100 גרם,false,1,16.90,12.0714,true,1,302836
7290012795183,false,קרקר אורז 140 גר לב,ל.ב. זהר סחר ושיווק,IL,קרקר אורז 140 גר לב הטבע,גרמים,140.00,100 גרם,false,1,13.90,9.9286,true,1,302837
7290012798214,false,יין רוסו אדום יבש 75,חדד את סיידא,IL,יין רוסו אדום יבש 750מל,מיליליטרים,750.00,"100 מ""ל",false,1,110.00,14.6667,true,1,315630
7290012798283,false,יין רוזה יבש 2014 75,חדד את סיידא,IL,יין רוזה יבש 2014 750מל פקדון,מיליליטרים,750.00,"100 מ""ל",false,1,100.00,13.3333,true,1,238705
7290012798467,false,"יין יקב לוריא גוורצטרמינר 750 מ""ל",יקבי יפו,IL,יין גוורצטרמינר לבן חצי יבש 750מל,מיליליטרים,750.00,"100 מ""ל",false,1,85.00,11.3333,true,1,314092
7290012798542,false,"קברנה יקב לוריא 750מ""ל",יקבי יפו,IL,יין קברנה סוביניון 2016 750מל פקדון,מיליליטרים,750.00,"100 מ""ל",false,1,120.00,16.0000,true,1,316793
7290012798573,false,יין לוריא טרסה 750 מל,,,יין טרסה אדום יבש 2014 750מל פקדון,מיליליטרים,750.00,"100 מ""ל",false,1,85.00,11.3333,true,1,314678
7290012798580,false,יין שרדונה 2017 לורי,,,יין שרדונה 2017 לוריא 750 מל,מיליליטרים,750.00,"100 מ""ל",false,1,120.00,16.0000,true,1,317112
7290012798689,false,"יין לוריא פינו גריזיו 750 מ""ל",חדד את סיידא,IL,יין פינו גריגיו לבן יבש 2015 750 מל,מיליליטרים,750.00,"100 מ""ל",false,1,100.00,13.3333,true,1,314677
7290012798788,false,יין שרדונה ללא עץ 75,יקב לוריא,IL,יין שרדונה ללא עץ 750 מל,מיליליטרים,750.00,"100 מ""ל",false,1,100.00,13.3333,true,1,302793
7290012803055,false,סוכרלוז מרמולייט- 100שקיות אישיות,"קיפל טבליות וממתיקים בע""מ",IL,סוכרלוז שקיות מרמולייט 100 יח,יחידה,100.00,יחידה,false,1,25.90,0.2590,true,1,225897
7290012803215,false,וופל בלגי בטעם שוקולד ללא תוספת סוכר,בטר אנד דיפרנט,IL,טוסו וופל בלגי בטעם שוקולד 200 גרם,גרמים,200.00,100 גרם,false,12,9.90,4.9500,true,1,231560
7290012803222,false,טוסו ופל בסגנון בלגי בטעם לימון ללא תוספת סוכר 200 גרם,בטר אנד דיפרנט,IL,טוסו וופל בלגי בטעם לימון 200 גרם,גרמים,200.00,100 גרם,false,12,9.90,4.9500,true,1,231561
7290012803314,false,ממתיק על בסיס סוכרלוז - טבליות,"קיפל טבליות וממתיקים בע""",IL,סוכרלוז טבליות מרמולייט 300 יח,יחידה,300.00,יחידה,false,1,37.90,0.1263,true,1,226898
7290012803321,false,מרמולייט סוכרלוז 200 שקיות אישיות,מרמולייט,IL,סוכרלוז שקית אישית מרמולייט 200 יח,יחידה,200.00,יחידה,false,1,37.90,0.1895,true,1,226897
7290012803451,false,טוסו שוקולד מריר 62% מוצקי קקאו ללא תוספת סוכר 100 גרם,אלטינמארקה,TR,שוקולד מריר 60% טוסו 100 גר,גרמים,100.00,100 גרם,false,1,10.90,10.9000,true,1,239412
7290012803765,false,טוסו שוקולד מריר ללא תוספת סוכר 100 גרם,אלטינמארקה גידה סאן,TR,טוסו מר שוקולד מריר 100 גר,גרמים,100.00,100 גרם,false,15,10.90,10.9000,true,1,231557
7290012803772,false,טוסו שוקולד חלב ללא תוספת סוכר 100 גרם,אלטינמארקה גידה סאן,TR,טוסו מר שוקולד חלב 100 גר,גרמים,100.00,100 גרם,false,15,10.90,10.9000,true,1,231556
7290012803789,false,שוקולד מריר עם אגוזים ללא תוספת סוכר,האי נאם סי או אל.טי.,TR,טוסו מר שוקולד מריר עם אגוזים 100 ג,גרמים,100.00,100 גרם,false,15,10.90,10.9000,true,1,231559
7290012823398,false,מטליות חד פעמיות לניקוי הרצפה בניחוח מרכך כביסה 10יח' סנו,סנו מפעלי ברונו בעמ,IL,מטלית ריצפז פרש בניחוח מרכך 10יח 40*70סמ,יחידה,10.00,יחידה,false,1,14.90,1.4900,true,1,308973
7290012823541,false,ריצפז פרש מטליות לחות לרצפה בניחוח לבנדר 10 יחידות,"סנו מפעלי ברונוס בע""\מ",IL,מטליות סנו ריצפז פרש ענק לרצפה 40*70 סמ,יחידה,10.00,יחידה,false,1,14.90,1.4900,true,1,228429
7290012823565,false,פוליויקס מטליות ענק לחות לפרקט סנו 10 יחידות,דינאמיק תעשיות,IL,מטליות לחות לרצפה פוליווקס פרקט 70/40,יחידה,10.00,יחידה,false,1,14.90,1.4900,true,1,228359
7290012823589,false,ריצפז פרש בניחוח לימון מרענן,סנו פרש Fresh,IL,נוזל רצפה ריצפז פרש לימון 2 לי,ליטרים,2.00,ליטר,false,1,16.90,8.4500,true,1,228829
7290012823602,false,נייר טואלט סופט סילק לבן - מארז 32 גלילים,טרופיקל דגיל תעשיות,IL,נ.טואלט סופט סילק לבן 32 יח,יחידה,32.00,יחידה,false,1,34.90,1.0906,true,1,228806
7290012823923,false,"מקסימה מרכך כביסה מרוכז פרפיום גולדן סנרייז סנו 750 מ""ל",סנו מפעלי ברונוס בעמ,IL,מרכך כביסה מקסימה פרפיום גולדן סנרייז750,מיליליטרים,750.00,"100 מ""ל",false,1,16.90,2.2533,true,1,228581
7290012823947,false,"סנו - מרכך כביסה מרוכז פרפיום קריסטל נואר 750 מ""ל",מיוצר עי קונדיטוריית,IL,מרכך כביסה מקסימה פרפיום קריסטל נואר750,מיליליטרים,750.00,"100 מ""ל",false,1,16.90,2.2533,true,1,228583
7290012864155,true,מיקס נבטים,,,מיקס נבטים,Unknown,0.00,Unknown,false,1,14.90,0.0000,true,1,334049
7290012871061,false,חטיף תירס פופ מתוק ד,מפעלי דגן,IL,חטיף תירס פופ מתוק דגן 150 גר,גרמים,150.00,100 גרם,false,12,7.00,4.6667,true,1,297911
7290012871375,false,דגן פצפוצי כוסמין בצ,מפעלי דגן,IL,פצפוצי כוסמין ציפוי דבש 200 גר,גרמים,200.00,100 גרם,false,12,12.50,6.2500,true,1,301079
7290012871382,false,דגן שלווה מלאה תפוחה,מפעלי דגן,,חיטה מלאה תפוחה ל.סוכר 150 גרם,גרמים,150.00,100 גרם,false,1,7.50,5.0000,true,1,318093
7290012871412,false,שלווה חיטה בציפוי קק,מפעלי דגן,,חיטה תפוחה בציפוי קקאו 200 גרם,גרמים,150.00,100 גרם,false,1,7.50,5.0000,true,1,332660
7290012871429,false,פצפוצי כוסמת קלוי בת,מפעלי דגן,,חטיף דגן פצפוצי כוסמת סילאן וקינמוןן 200,גרמים,200.00,100 גרם,false,1,10.90,5.4500,true,1,315056
7290012871436,false,דגנים מלאים 5 תפוחים,מפעלי דגן,IL,דגנים מלאים 5 תפוחים דבש סוכר חום 220 גר,גרמים,220.00,100 גרם,false,12,9.50,4.3182,true,1,301081
7290012884986,false,תפוגן ציפס לתנור עד 4% שומן 1.5 קג,"תעשיות תפוגן בע""\מ",IL,ציפס לתנור עד 4% שומן תפוגן 1.5 קג,גרמים,1500.00,100 גרם,false,8,24.90,1.6600,true,1,236687
7290012894152,false,בייקאיט בטעם שוקולד 280,מוצרי שום ותיבול דורות,IL,דורות בייקאיט ט.שוקולד 280גר,גרמים,280.00,100 גרם,false,12,29.90,10.6786,true,1,332102
7290012894169,false,דורות בייקאיט ט.וניל,מוצרי שום ותיבול דורות,IL,דורות בייקאיט ט.וניל 260גר,גרמים,280.00,100 גרם,false,12,29.90,10.6786,true,1,332103
7290012901355,false,דודלס ארוחת אטריות עם גבינה 206 גרם,האי נאם סי או אל.טי.,US,פסטה גבינה לבן 206 ג DOODLES,גרמים,206.00,100 גרם,false,24,11.90,5.7767,true,1,244539
7290012911170,false,מיסו כהה-מחית פולי סויה,טעמי אסיה Taste of Asia,,מחית מיסו כהה 500 גרם אסיה,גרמים,500.00,100 גרם,false,1,13.90,2.7800,true,1,298301
7290012911187,false,מיסו בהיר-מחית פולי סויה,טעמי אסיה Taste of Asia,,מחית מיסו בהירה 500 גרם אסיה,גרמים,500.00,100 גרם,false,1,13.90,2.7800,true,1,298300
7290012911941,false,רוטב צ'ילי מתוק ללא תוספת סוכר,טעמי אסיה Taste of Asia,TH,רוטב צילי דיאט ללא סוכר 700מל אסיה,מיליליטרים,700.00,"100 מ""ל",false,1,18.90,2.7000,true,1,233370
7290012921025,false,"בקבוק בירה מלכה בהירה 330 מ""ל","בירה מלכה בע""מ",IL,בירה מלכה בהירה,מיליליטרים,330.00,"100 מ""ל",false,24,14.90,4.5152,true,1,231008
7290012921032,false,"בקבוק בירה מלכה אדמונית 330 מ""ל","בירה מלכה בע""מ",IL,בירה מלכה אדמונית,מיליליטרים,330.00,"100 מ""ל",false,24,14.90,4.5152,true,1,231009
7290012921049,false,בירה מלכה כהה בסגנון,"בירה מלכה בע""מ",IL,בירה מלכה כהה בסגנון אירי 330מל פקדון,מיליליטרים,330.00,"100 מ""ל",false,24,14.90,4.5152,true,1,241015
7290012921056,false,"בקבוק בירה מלכה חיטה 330 מ""ל",מבשלת בירה ישראלית,IL,בירה מלכה חיטה 330מל פקדון,מיליליטרים,330.00,"100 מ""ל",false,1,14.90,4.5152,true,1,231010
7290012921063,false,בירה מלכה הינדי בבקבוק,"בירה מלכה בע""מ",IL,בירה מלכה הינדי (IPA),מיליליטרים,330.00,"100 מ""ל",false,24,14.90,4.5152,true,1,235026
7290012921070,false,"בירה מלכה אדמונית 750 מ""ל","בירה מלכה בע""מ",IL,בירה מלכה אדמונית 750 מל פקדון ס.חוזרת,מיליליטרים,750.00,"100 מ""ל",false,1,29.90,3.9867,true,1,324515
7290012921087,false,"בירה מלכה בהירה 750 מ""ל","בירה מלכה בע""מ",IL,בירה מלכה כהה 750 מל פקדון ס.חוזרת,מיליליטרים,750.00,"100 מ""ל",false,1,29.90,3.9867,true,1,324516
7290012931055,false,מגב חלון פלסטיק 24סמ,,IL,מגב חלון פלסטיק 24סמ,יחידה,1.00,יחידה,false,12,7.90,7.9000,true,1,321067
7290012931086,false,מטאטא מליציה + מקל,מ.א. ייצור ויבוא מטליות,IT,מטאטא מליציה,יחידה,1.00,יחידה,false,12,13.90,13.9000,true,1,321061
7290012931611,false,כריות ברזל לקרצוף חזק שייני 3 יחידות,מ.א ייצור ושיווק מטל,CN,כריות ברזל לקרצוף חזק 3 יח שיין,יחידה,3.00,יחידה,false,24,6.90,2.3000,true,1,320994
7290012936838,false,תבלין הל טחון תבליני מימון 35 גרם,א.ל ייצור ושיווק תבל,IL,הל טחון35 גרם,Unknown,0.00,Unknown,false,6,17.90,0.0000,true,1,228354
7290012936845,false,תבלין לקוסקוס תבליני מימון 40 גרם,א.ל ייצור ושיווק תבל,IL,תבלין לקוסקוס מיכל 50 גר,Unknown,0.00,Unknown,false,1,11.90,0.0000,true,1,228353
7290012936852,false,תבלינים קימל טחון בצנצנות 40 גרם,א.ל ייצור ושיווק תבל,IL,תבלין קימל טחון מיכל 40 גר,Unknown,0.00,Unknown,false,1,8.90,0.0000,true,1,228352
7290012936890,false,תבלינים קצח בצנצנות זכוכית 50 גרם,א.ל ייצור ושיווק תבל,IL,תבלין קצח מיכל 50 גר,Unknown,0.00,Unknown,false,1,11.90,0.0000,true,1,228344
7290012936906,false,תבלינים ציפורן שלם בצנצנות 25 גרם,א.ל ייצור ושיווק תבלינים,IL,תבלין ציפורן שלם מיכל 25 גר,Unknown,0.00,Unknown,false,1,14.50,0.0000,true,1,228350
7290012936913,false,תבלין סומק תבליני מימון 45 גרם,א.ל ייצור ושיווק תבל,IL,תבלין סומק מיכל 40 גר,Unknown,0.00,Unknown,false,1,11.90,0.0000,true,1,228348
7290012936937,false,תבלינים בהרט בצנצנת 40 גרם,א.ל ייצור ושיווק תבל,IL,תבלין בהרט מיכל 40 גר,Unknown,0.00,Unknown,false,1,11.90,0.0000,true,1,228345
7290012936944,false,אגוז מוסקט טחון תבליני מימון 40 גרם,א.ל ייצור ושיווק תבלינים,IL,תבלין אגוז מוסקט טחון 40 גר,Unknown,0.00,Unknown,false,1,14.50,0.0000,true,1,228343
7290012938405,false,"רדיד אלומיניום עבה במיוחד לבישול,אפייה והקפאה.",ריינולדס,CN,דיאמונד אלומיניום 87 0.3*7.5,Unknown,0.00,Unknown,false,1,21.90,0.0000,true,1,229617
7290012938580,false,"סנסודיין משחת שיניים להלבנה עדינה 75 מ""ל",גלקסוסמית'\קליין קונסיומ,GB,משחת שיניים סנסודיין הלבנה עדינה 75 מל,מיליליטרים,75.00,"100 מ""ל",false,1,21.90,29.2000,true,1,229623
7290012938597,false,"סנסודיין משחת שיניים רפיד רליף 75 מ""ל","סמיתקליין ביצ'ם בע""מ",GB,מש.שיניים סנסודיין רפיד רליף 75 ג,גרמים,75.00,100 גרם,false,1,21.90,29.2000,true,1,232277
7290012938740,false,"משחת שיניים פרש מינט מנטה 75מ""ל סנסודיין",גלקסו סמית קליין,GB,מש.שיניים סנסודיין מנטה 75 מל ירוק,גרמים,75.00,100 גרם,false,1,21.90,29.2000,true,1,232521
7290012938924,false,אקוהפרש מי פה ללא אלכוהול 500 מל,מולינו ניקולי s.p.a,GB,מי פה אקווה פרש מנטה 500 מל,מיליליטרים,500.00,"100 מ""ל",false,1,14.90,2.9800,true,1,232943
7290012958014,false,ביצי דגים 113 גר זכוכית,,,דגי אלתית בצנצנת 113 גרם,גרמים,113.00,100 גרם,false,1,59.00,52.2124,true,1,324461
7290012958045,false,ביצי דגים 200 גר פחית,,,דגי אלתית בפח 200 גרם,גרמים,200.00,100 גרם,false,1,99.00,49.5000,true,1,324462
7290012958052,false,ביצי דגים 250 גר בזכוכית,,,דגי אלתית בצנצנת 250 גרם,גרמים,250.00,100 גרם,false,1,129.00,51.6000,true,1,324463
7290012962134,false,קיסמי שיניים מפלסטיק עם מברשת 100 יחידות,הוסטס Hostess,CN,קיסמי שיניים פלסטיק עם מברשת 100יח,יחידה,100.00,יחידה,false,24,9.90,0.0990,true,1,303873
7290012962165,false,כפפות משק בית איזי טאץ אינטרסאן,B.H.R. & P.P,CN,כפפות משק בית איזי טאץ לארג,Unknown,0.00,Unknown,false,12,3.90,0.0000,true,1,308003
7290012962448,false,"מדליק פחם נוזלי 250 מ""ל עם פקק ביטחון EASY LIGHT",איזי לייט Easy light,NL,מדליק פחם נוזלי 250 מל איזי לייט,מיליליטרים,250.00,"100 מ""ל",false,24,11.90,4.7600,true,1,303866
7290012962592,false,מדליק פחם אקולוגי מוצק 32 יחידות EASY LIGHT,איזי לייט Easy light,DE,מדליק פחם מוצק אקולוגי 32 יח איזי לייט,יחידה,32.00,יחידה,false,24,6.90,0.2156,true,1,303864
7290012962684,false,"הוסטס שקיות צליה ג'מבו 50X35 ס""מ בקופסה 5 יח'",הוסטס Hostess,TR,שקיות צליה גמבו הוסטס 50/35 סמ 5 יח,יחידה,5.00,יחידה,false,48,5.90,1.1800,true,1,303815
7290012983153,false,סילאן טבעי בקבוק לחיץ תמר כנרת 400 גר,מנדלז סי.אר. פרודקשן,IL,סילאן טבעי לחיץ 400 גר חצר כנרת,גרמים,400.00,100 גרם,false,1,17.90,4.4750,true,1,238086
7290012983160,false,סילאן בקבוק לחיץ 400 גרם,"חצר כנרת מוצרי תמר אגש""ח",IL,סילאן לחיץ 400 גר חצר כנרת,גרמים,400.00,100 גרם,false,1,12.90,3.2250,true,1,238085
7290012983320,false,מלית/ממרח תמרים 450 גר,מנדלז סי.אר. פרודקשן,IL,ממרח תמרים 450 גרם חצר כנרת,גרמים,450.00,100 גרם,false,1,5.90,1.3111,true,1,295838
7290012996450,false,מרכך כביסה מרוכז פרחי אביב הפי 1 ליטר,יעקובי הפי,BE,מרכך כביסה הפי מרוכז 1 ליטר פרחי אביב,ליטרים,1.00,ליטר,false,1,9.90,9.9000,true,1,227945
7290012996672,false,סבון אסלה + בושם ל24 שעות ביום הפי,יוליניבר,IT,סבון אסלה פלחי לימון - זוג,יחידה,2.00,יחידה,false,10,9.90,4.9500,true,1,230039
7290012996702,false,הפי ג'ל דוחה עש ומבשם לארון הבגדים,יעקבי - הפי Hepi,IT,מגן עש לבגדים הפי,יחידה,2.00,יחידה,false,12,11.90,5.9500,true,1,310744
7290013083661,false,תחליף חלב מטרנה אקסטרה קר שלב 1 700 גרם,מטרנה תעשיות ש.מ,IL,מטרנה אקסטרא קר שלב 1 700 גר,גרמים,700.00,100 גרם,false,12,69.90,9.9857,true,1,228010
7290013083678,false,תחליף חלב מטרנה אקסטרה קר שלב 2 700 גרם,מולינו ניקולי s.p.a,IL,מטרנה אקסטרא קר שלב 2 700 גר,גרמים,700.00,100 גרם,false,12,69.90,9.9857,true,1,228011
7290013083685,false,תחליף חלב מטרנה אקסטרה קר שלב 3 חסכון 700 גרם,מטרנה תעשיות ש.מ,IL,מטרנה אקסטרא קר שלב 3 700 גר,גרמים,700.00,100 גרם,false,12,69.90,9.9857,true,1,228012
7290013090171,false,חסה לבבות אורגנית,,IL,חסה לבבות אורגנית,יחידה,1.00,יחידה,false,1,11.90,11.9000,true,1,337915
7290013090225,false,סלרי עלים אורגני יחידה,.,IL,סלרי אמריקאי אורגני,יחידה,1.00,יחידה,false,1,9.90,9.9000,true,1,316341
7290013090300,false,פלפל צהוב אורגני,,IL,פלפל י בר אורגני,קילוגרמים,1.00,"ק""ג",true,,14.90,14.9000,true,1,326008
7290013090348,false,לימון אורגני,,IL,לימון אורגני,קילוגרמים,1.00,"ק""ג",true,,11.90,11.9000,true,1,324369
7290013090409,false,קייל אורגני,,,קייל אורגני,Unknown,0.00,Unknown,false,1,11.90,0.0000,true,1,338152
7290013090416,false,פלפל כתום אורגני,,IL,פלפל י בר אורגני,קילוגרמים,1.00,"ק""ג",true,,14.90,14.9000,true,1,326007
7290013090423,false,קישוא כהה אורגני,,IL,קישוא כהה אורגני,קילוגרמים,1.00,"ק""ג",true,,14.90,14.9000,true,1,326035
7290013090454,false,פלפל חריף אורגני,,IL,פלפל חריף אורגני,יחידה,1.00,יחידה,false,1,10.90,10.9000,true,1,296078
7290013090461,false,תרד אורגני,,,תרד אורגני,יחידה,1.00,יחידה,false,1,11.90,11.9000,true,1,337922
7290013090577,false,מלפפון בייבי אורגני,,IL,מלפפון בייבי אורגני,יחידה,1.00,יחידה,false,1,12.90,12.9000,true,1,296077
7290013090928,false,עגבניה אורגנית,,IL,עגבניה אורגנית,קילוגרמים,1.00,"ק""ג",true,,12.90,12.9000,true,1,326025
7290013090935,false,מלפפון אורגני,,IL,מלפפון אורגני,קילוגרמים,1.00,"ק""ג",true,,13.90,13.9000,true,1,326030
7290013090942,false,בטטה אורגנית,,IL,בטטה אורגנית,קילוגרמים,1.00,"ק""ג",true,,14.90,14.9000,true,1,326027
7290013090959,false,בצל יבש אורגני,,IL,בצל יבש אורגני,קילוגרמים,1.00,"ק""ג",true,,7.90,7.9000,true,1,326028
7290013090973,false,פלפל אדום אורגני,,IL,פלפל אדום אורגני,קילוגרמים,1.00,"ק""ג",true,,14.90,14.9000,true,1,326033
7290013090980,false,קישוא בהיר אורגני,,IL,קישוא בהיר אורגני,קילוגרמים,1.00,"ק""ג",true,,14.90,14.9000,true,1,326034
7290013117212,false,בורקס פילו במילוי גבינה מעדנות 600 גר,מיוצר עי קונדיטוריית,IL,בורקס פילו מילוי גבינה 600 גר,גרמים,600.00,100 גרם,false,1,21.50,3.5833,true,1,227707
7290013117229,false,"בורקס פילו במילוי תפו""א מעדנות 600 גר",מיוצר עי קונדיטוריית,IL,בורקס פילו מילוי תפוא 600 גר,גרמים,600.00,100 גרם,false,1,21.50,3.5833,true,1,227708
7290013117236,false,בורקס פילו פיצה מעדנות 600 גרם,מיוצר עי קונדיטוריית,IL,בורקס פילו פיצה 600 גר,גרמים,600.00,100 גרם,false,1,21.50,3.5833,true,1,227709
7290013117243,false,בורקס פילו בולגרית מעדנות 600 גרם,מיוצר עי קונדיטוריית,IL,בורקס פילו מילוי גב.בולגרית 600 גר,גרמים,600.00,100 גרם,false,1,21.50,3.5833,true,1,227710
7290013117410,false,בצק פריך מרודד למאפים מתוקים 900 ג' מעדנות,מיוצר עי קונדיטוריית,IL,בצק פריך מתוק 900 גר,גרמים,900.00,100 גרם,false,1,24.50,2.7222,true,1,228949
7290013117427,false,בצק פריך מרודד למאפים מלוחים מעדנות 2*450 גרם,מיוצר עי קונדיטוריית,IL,בצק פריך מלוח 900 גר,גרמים,900.00,100 גרם,false,1,24.50,2.7222,true,1,228948
7290013117526,false,בצק שמרים מרודד למאפים מתוקים מעדנות 900 גרם,"מעדנות בע""\מ",IL,בצק שמרים למאפים מתוקים 900 גר,גרמים,900.00,100 גרם,false,1,24.50,2.7222,true,1,229336
7290013121028,false,לחם לבן 500 גרם ללא גלוטן גרין לייט,אביב קונדיטוריה מעול,IL,לחם לבן 500 גר ללא גלוטן,גרמים,500.00,100 גרם,false,1,19.90,3.9800,true,1,227021
7290013121035,false,לחם פשתן ללא גלוטן 500 גר קפוא,אביב קונדיטוריה מעול,IL,לחם פשתן 500 גר ללא גלוטן,גרמים,500.00,100 גרם,false,1,20.90,4.1800,true,1,227022
7290013121103,false,רביעיית לחמניות סנדויץ ללא גלוטן 460 גרם,אביב קונדיטוריה מעול,IL,מארז 4 יח שליש בגט 400 גר ללא גלוטן,גרמים,400.00,100 גרם,false,1,19.90,4.9750,true,1,227025
7290013121110,false,לחמניות בורגר ללא גלוטן גרין לייט 4 * 87 גרם,אביב קונדיטוריה מעול,IL,מארז 4 יח לחמניות בורגר 350 גר ללא גלוטן,גרמים,350.00,100 גרם,false,1,19.90,5.6857,true,1,227026
7290013121127,false,לחמניות מיני ללא גלוטן גרין לייט 6 יחידות,אביב קונדיטוריה מעול,IL,לחמניות מיני420 גר ללא גלוטן,גרמים,420.00,100 גרם,false,1,19.90,4.7381,true,1,227860
7290013121134,false,בייגל ללא גלוטן 430 גר קפוא,אביב קונדיטוריה מעול,IL,בייגל אמריקאי ללא גלוטן 430 גר,גרמים,430.00,100 גרם,false,1,20.90,4.8605,true,1,231007
7290013121158,false,לחמניות סנדוויץ ללא גלוטן גרין לייט 4 * 115 גרם,אביב קונדיטוריה מעול,IL,רביעיית לחמניות סנדביץ 460 גר,גרמים,460.00,100 גרם,false,1,19.90,4.3261,true,1,233439
7290013121165,false,לחמניות נקניקיה ללא גלוטן גרין לייט 6 * 77 גרם,אביב קונדיטוריה מעול,IL,שישיית לחמניות נקניקיה 460גר,גרמים,460.00,100 גרם,false,1,19.90,4.3261,true,1,233441
7290013121189,false,רביעיית שליש לחמניות כפריות,,,מארז 4יח לחמניה כפרית 400 גר ללא גלוטן,גרמים,400.00,100 גרם,false,1,21.90,5.4750,true,1,335965
7290013121226,false,בסיס לפיצה ל.גלוטן גרין,אביב קונדיטוריה מעול,IL,בסיס לפיצה ללא גלוטן 450גר גרין לייט,גרמים,450.00,100 גרם,false,1,17.90,3.9778,true,1,227861
7290013121318,false,בורקס גבינה לא גלוטן500ג,אביב קונדיטוריה מעול,IL,בורקס גבינה 500 גר ללא גלוטן,גרמים,500.00,100 גרם,false,1,29.90,5.9800,true,1,227027
7290013121394,false,לחם צרפתי גרעיני סופ,,IL,לחם צרפתי גרעיני סופר פוד ללג 500 גר,גרמים,500.00,100 גרם,false,12,21.90,4.3800,true,1,324405
7290013121424,false,גרינלייט לחם צרפתי קלאסי 500ג,,IL,עוג.קרואסון שוקולד 300 גר ללא גלוטן,גרמים,500.00,100 גרם,false,12,21.90,4.3800,true,1,310381
7290013121592,false,זוג באגטים רוסטק סופר פוד 480 גר,,IL,כדורי שוקולד 300 גר ללא גלוטן,גרמים,480.00,100 גרם,false,8,21.90,4.5625,true,1,310473
7290013121684,false,כדורי שוקולד 400 גרם ללא גלוטן,אביב קונדיטוריה מעול,IL,כדורי שוקולד ללא גלוטן 400 גר קפואה,גרמים,400.00,100 גרם,false,1,25.90,6.4750,true,1,228106
7290013121691,false,שלישיית לאפות ללא גלוטן 240 גר,דולפין ספא,IL,מארז 3יח לאפות ללא גלוטן 240גר גרין לייט,גרמים,240.00,100 גרם,false,12,17.90,7.4583,true,1,310419
7290013121769,false,רביעיית שליש באגט ללא תוספת סוכר וללא גלוטן,אביב קונדיטוריה מעול,IL,שליש באגט ללא סוכר 400 גר גרין לייט,גרמים,400.00,100 גרם,false,1,19.90,4.9750,true,1,231965
7290013121776,false,לחם כפרי ללא תוספת סוכר וללא גלוטן,אביב קונדיטוריה מעול,IL,לחם כפרי ללא סוכר 700 גר גרין לייט,גרמים,700.00,100 גרם,false,1,23.90,3.4143,true,1,231964
7290013121851,false,גרינלייט זוג בגאטים קלאסי 480ג,,IL,זוג בגט רוסטיק קלאסי ללג 480גר,גרמים,480.00,100 גרם,false,8,21.90,4.5625,true,1,324406
7290013121868,false,זוג בגטים רוסטיק גרעינים 480 גר,,IL,זוג בגט רוסטיק גרעינים ללג 480גר,גרמים,480.00,100 גרם,false,8,21.90,4.5625,true,1,324407
7290013144157,false,תערובת להכנת סחלב 130גרם,א.ל ייצור ושיווק תבלינים,IL,תערובת להכנת סופגניות 600 גר,גרמים,130.00,100 גרם,false,1,10.90,8.3846,true,1,315407
7290013144171,false,"תערובת עוגת שוקולד 560 גרם ""מיימונס""",א.ל ייצור ושיווק תבלינים,IL,תערובת עוגת שוקולד 560 גר,גרמים,560.00,100 גרם,false,1,13.90,2.4821,true,1,228259
7290013144188,false,מימונס תערובת להכנת בראוניז 600 גרם,א.ל ייצור ושיווק תבלינים,IL,תערובת בראוניס 600 גר,גרמים,600.00,100 גרם,false,1,13.90,2.3167,true,1,228260
7290013144195,false,מיימונס תערובת כדורי שוקולד 500 גרם.,א.ל ייצור ושיווק תבלינים,IL,תערובת כדורי שוקולד 500 גר,גרמים,500.00,100 גרם,false,1,13.90,2.7800,true,1,228261
7290013144201,false,מיימונס תערובת פנקייק 400 גרם,א.ל ייצור ושיווק תבלינים,IL,תערובת פנקייק 400 גר,גרמים,400.00,100 גרם,false,1,13.90,3.4750,true,1,228264
7290013144218,false,מיימונס תערובת עוגת וניל 560 גרם.,א.ל ייצור ושיווק תבלינים,IL,תערובת עוגת וניל 560 גר,גרמים,560.00,100 גרם,false,1,13.90,2.4821,true,1,228262
7290013144232,false,מיימונס פודינג בטעם וניל 80 גרם,א.ל ייצור ושיווק תבלינים,IL,פודינג וניל צרפתי 85 גר,Unknown,0.00,Unknown,false,1,5.90,0.0000,true,1,230213
7290013144249,false,מיימונס פודינג שוקולד 95 גרם,א.ל ייצור ושיווק תבלינים,IL,פודינג שוקולד 95 גר,Unknown,0.00,Unknown,false,1,5.90,0.0000,true,1,230214
7290013144263,false,תערובת מאלבי להכנה מהירה מיימונס 112 גרם,א.ל ייצור ושיווק תבלינים,IL,תערובת להכנת מלבי 112 גר מימונס,גרמים,112.00,100 גרם,false,1,10.90,9.7321,true,1,228266
7290013144270,false,תערובת להכנת קרם פטיסייר מיימונס 100 גרם,א.ל ייצור ושיווק תבלינים,IL,אבקה להכנת קרם פטיסרי 100 גר מימונס,גרמים,100.00,100 גרם,false,1,10.90,10.9000,true,1,228598
7290013144287,false,ג'לי בטעם תות מימונס 85 גרם,א.ל ייצור ושיווק תבלינים,IL,גלי טעם תות מימונס 85 גר,Unknown,0.00,Unknown,false,1,6.90,0.0000,true,1,230215
7290013144317,false,מימונס ג'וני גלילית וופל למילוי 18 יחידות,הגביע מוצרי וופלים ב,IL,150 גלילית וופל למילוי גוני 18 יח,גרמים,150.00,100 גרם,false,1,21.90,14.6000,true,1,228267
7290013144393,false,"תמצית בטעם וניל מימונס 50 מ""ל",א.ל ייצור ושיווק תבלינים,IL,תמצית בטעם וניל 50 גר,Unknown,0.00,Unknown,false,1,4.90,0.0000,true,1,228268
7290013144409,false,תמצית בטעם רום מימונס 50 גרם,א.ל ייצור ושיווק תבלינים,IL,תמצית בטעם רום 50 גר,Unknown,0.00,Unknown,false,1,4.90,0.0000,true,1,228269
7290013144416,false,"תמצית בטעם שקדים מימונס 50 מ""ל",א.ל ייצור ושיווק תבלינים,IL,תמצית בטעם שקדים 50 גר,Unknown,0.00,Unknown,false,1,4.90,0.0000,true,1,228270
7290013144447,false,"תמצית בטעם תפוז מימונס 50 מ""ל",א.ל ייצור ושיווק תבלינים,IL,תמצית טעם תפוז 50 גר,Unknown,0.00,Unknown,false,1,9.90,0.0000,true,1,228273
7290013144508,false,"תמצית בטעם ורדים מיימונס 50 מ""ל",מיוצר עי קונדיטוריית,IL,תמצית בטעם ורדים 50 גר,Unknown,0.00,Unknown,false,1,9.90,0.0000,true,1,228280
7290013144515,false,מיימונס צבע מאכל צהוב 50 גרם,א.ל ייצור ושיווק תבלינים,IL,צבע מאכל צהוב 50 גר,Unknown,0.00,Unknown,false,1,4.50,0.0000,true,1,228599
7290013144522,false,מימונס צבע מאכל ירוק 50 גרם,א.ל ייצור ושיווק תבלינים,IL,צבע מאכל ירוק 50 גר מימונס,Unknown,0.00,Unknown,false,1,4.50,0.0000,true,1,228600
7290013144539,false,צבע מאכל אדום מימונס 50 גרם,א.ל ייצור ושיווק תבלינים,IL,צבע מאכל אדום 50 גר מימונס,Unknown,0.00,Unknown,false,1,4.50,0.0000,true,1,228601
7290013144560,false,מיימונס צבע מאכל כחול 50 גרם,א.ל ייצור ושיווק תבלינים,IL,צבע מאכל כחול 50 גר מימונס,Unknown,0.00,Unknown,false,1,4.50,0.0000,true,1,228602
7290013144614,false,"מיימונס סירופ מייפל אמיתי 100% מקנדה 236 מ""ל",הנסיך- מפעל לייצור ט,DK,סירופ מייפל אמיתי 100% קנדה 236מל,מיליליטרים,23600.00,"100 מ""ל",false,1,29.90,0.1267,true,1,241334
7290013144805,false,אבקת אייס קפה דיאט 320 גרם מימונס,מימונס אפייה,IL,תערובת אייס קפה דיאט 245 גרם מימונס,גרמים,245.00,100 גרם,false,12,18.90,7.7143,true,1,336968
7290013144812,false,אבקת אייס קפה וניל 320 גרם מימונס,מימונס אפייה,IL,תערובת אייס וניל 320 גרם מימונס,גרמים,350.00,100 גרם,false,12,15.90,4.5429,true,1,336967
7290013144911,false,מימונס מיקס שוקולד צ'יפס מריר וחלב 250 גרם,אינטרגטה תעשיות מזון 19),IL,מיקס שוקולד ציפס חלב מריר 250 גרם,גרמים,250.00,100 גרם,false,1,12.90,5.1600,true,1,336965
7290013145031,false,אגוזי לוז מסוכרים מיימונס 100 גרם,א.ל ייצור ושיווק תבלינים,IL,בראס אגוז לוז מסוכר 100 גר,גרמים,100.00,100 גרם,false,1,13.90,13.9000,true,1,237362
7290013145055,false,פרג שלם מיימונס 100 גרם,א.ל ייצור ושיווק תבלינים,IL,פרג שלם מימונס 100 גר,גרמים,100.00,100 גרם,false,1,6.90,6.9000,true,1,228281
7290013145277,false,עלים לקרמשניט מימונס 300 גרם,מימונס אפייה,IT,עלים לקרמשניט מימונס 300 גרם,גרמים,300.00,100 גרם,false,1,16.90,5.6333,true,1,312604
7290013145390,false,מימונס שוקולד צ'יפס מהדרין 250 גר,אינטרגטה תעשיות מזון 19),IL,שוקולד ציפס רגיל 250 גר,גרמים,250.00,100 גרם,false,1,9.90,3.9600,true,1,228244
7290013145406,false,שוקולד צ'יפס לבן מיימונס 250 גרם,אינטרגטה תעשיות מזון 19),IL,שוקולד ציפס לבן 250 גר,גרמים,250.00,100 גרם,false,1,9.90,3.9600,true,1,228245
7290013145437,false,שוקולד מריר מעולה ציפס מימונס 250 ג',אינטרגטה תעשיות מזון 19),IL,שוקולד ציפס 48% בלגי 250 גר,גרמים,250.00,100 גרם,false,1,13.90,5.5600,true,1,229257
7290013145444,false,שוקולד מריר מעולה ציפס 66% מימונס 250 ג',המאפיה של הרמן,IL,שוקולד ציפס 66% מריר 250 גר,גרמים,250.00,100 גרם,false,1,16.90,6.7600,true,1,241342
7290013145451,false,אבקת קקאו מימונס 150 ג',מיוצר עי קונדיטוריית,IL,קקאו מימונס10%-12% בשקית 150 גר,גרמים,150.00,100 גרם,false,16,8.90,5.9333,true,1,296778
7290013145529,false,סוכריות צבעוניות לקישוט מיימונס 90 גרם,א.ל ייצור ושיווק תבלינים,IL,סוכריות צבעוניות לקישוט 90 גר,Unknown,0.00,Unknown,false,1,5.90,0.0000,true,1,228591
7290013145536,false,סוכריות לקישוט בטעם שוקולד מיימונס 85 גרם,א.ל ייצור ושיווק תבלינים,IL,סוכריות טעם שוקולד לקישוט 85 גר,Unknown,0.00,Unknown,false,1,5.90,0.0000,true,1,228592
7290013145567,false,מיימונס מיני מיני עדשים 90 גרם.,א.ל ייצור ושיווק תבלינים,IL,סוכריות מיני עדשים לקישוט 90 גר,Unknown,0.00,Unknown,false,1,10.90,0.0000,true,1,228595
7290013145574,false,מיימונס ערכה לקישוט 100 גרם,א.ל ייצור ושיווק תבלינים,IL,ערכה לקישוט 100 גר,גרמים,100.00,100 גרם,false,1,12.90,12.9000,true,1,228252
7290013145628,false,סוכריות צבעוניות לקישוט מימונס 200 גרם,א.ל ייצור ושיווק תבלינים,IL,סוכריות צבעוניות לקישוט 200גר,גרמים,200.00,100 גרם,false,12,8.90,4.4500,true,1,241449
7290013145659,false,ג'לי בטעם לימון מימונס 85 גרם,א.ל ייצור ושיווק תבלינים,IL,גלי טעם לימון מימונס 85 גר,Unknown,0.00,Unknown,false,1,6.90,0.0000,true,1,245201
7290013145710,false,מיימונס דובדבנים מסוכרים 100 גרם,א.ל ייצור ושיווק תבלינים,IL,דובדובנים מסוכרים 100 גר,גרמים,100.00,100 גרם,false,1,9.90,9.9000,true,1,228596
7290013145796,false,"רביעיית צבעי מאכל גל 4*25 מ""ל",מימונס אפייה,IL,"מארז 4 יח גל צבעי מאכל 25 מ""ל",מיליליטרים,100.00,"100 מ""ל",false,1,49.90,49.9000,true,1,336966
7290013145826,false,פודניג בטעם וניל לבן במיוחד מימונס 80 ג',א.ל ייצור ושיווק תבלינים,IL,פודינג טעם וניל לבן 80 גר,Unknown,0.00,Unknown,false,1,5.90,0.0000,true,1,245204
7290013145833,false,פודינג שוקולד אמיתי מימונס 80 גרם,א.ל ייצור ושיווק תבלינים,IL,פודינג שוקולד בלגי 80 גר,Unknown,0.00,Unknown,false,1,5.90,0.0000,true,1,245205
7290013145840,false,סוכר וניל מיימונס 10 יחידות,א.ל ייצור ושיווק תבלינים,IL,סוכר וניל 10 יח בצלופן 100 גר,גרמים,100.00,100 גרם,false,1,2.90,2.9000,true,1,316333
7290013145857,false,אבקת אפיה מיימונס 10 יחידות,מימונס אפייה,IL,אבקת אפיה 10 יח בצלופן 100 גר,גרמים,100.00,100 גרם,false,1,2.90,2.9000,true,1,316334
7290013145864,false,אבקת ג'לטין טהור מיימונס 28 גרם,א.ל ייצור ושיווק תבלינים,IL,גלטין טהור מימונס אבקה 28 גר,גרמים,28.00,100 גרם,false,1,11.90,42.5000,true,1,300000
7290013145871,false,שמרים יבשים סטיק מימונס 5*11 ג',מימונס אפייה,IL,שמרים יבשים 5 יח 11 גר,Unknown,0.00,Unknown,false,1,10.90,0.0000,true,1,241440
7290013145901,false,סודה לשתיה מיימונס 100 גרם,א.ל ייצור ושיווק תבלינים,IL,סודה לשתיה מימונס 100 גר,גרמים,100.00,100 גרם,false,1,2.00,2.0000,true,1,230218
7290013145918,false,אבקת סוכר מיימונס 100 גרם,א.ל ייצור ושיווק תבלינים,IL,אבקת סוכר 100 גר,גרמים,100.00,100 גרם,false,24,2.00,2.0000,true,1,230219
7290013145949,false,אבקת סוכר פטנט מימונס 250 גרם,א.ל ייצור ושיווק תבלינים,IL,אבקת סוכר אריזת פטנט 250 גר,גרמים,250.00,100 גרם,false,1,12.90,5.1600,true,1,228298
7290013145956,false,שמרים יבשים בוואקום מיימונס 500 גרם,הנסיך- מפעל לייצור ט,CN,שמרים יבשים בואקום 500 גר,גרמים,500.00,100 גרם,false,1,13.90,2.7800,true,1,235781
7290013145963,false,שמרים יבשים בוואקום מיימונס 125 גרם,מימונס אפייה,CN,שמרים יבשים בואקום 125 גר,גרמים,125.00,100 גרם,false,1,5.90,4.7200,true,1,235782
7290013145970,false,קורנפלור מימונס בשקית 200 ג',א.ל ייצור ושיווק תבלינים,IL,קורנפלור מימונס 200 גר,גרמים,200.00,100 גרם,false,1,3.90,1.9500,true,1,300022
7290013146007,false,מיימונס מלית פרג 400 גרם,א.ל ייצור ושיווק תבלינים,IL,מלית פרג למילוי 400 גר,גרמים,400.00,100 גרם,false,1,13.90,3.4750,true,1,228288
7290013146021,false,מלית תפוח עץ עם קינמון לדברי מאפה 400 ג',אינטרגטה,IL,מלית תפוח עץ וקינמון 400 גר,גרמים,400.00,100 גרם,false,1,13.90,3.4750,true,1,317551
7290013146038,false,מיימונס מלית דובדבנים 70% פרי 400 גרם,א.ל ייצור ושיווק תבלינים,IL,מלית דובדבנים 45% פרי 400 גר,גרמים,400.00,100 גרם,false,1,13.90,3.4750,true,1,228293
7290013146045,false,מלית תות שדה מימונס 400 גרם,א.ל ייצור ושיווק תבלינים,IL,מלית תות שדה למילוי 400 גר,גרמים,400.00,100 גרם,false,1,13.90,3.4750,true,1,319226
7290013146069,false,מלית שוקולד מיימונס 400 גרם,אינטרגטה תעשיות מזון 19),IL,מלית שוקולד 400 גר,גרמים,400.00,100 גרם,false,1,12.90,3.2250,true,1,228294
7290013146083,false,מיימונס מלית חלבה 400 גרם,אינטרגטה תעשיות מזון 19),IL,מלית חלבה 400 גר,גרמים,400.00,100 גרם,false,1,13.90,3.4750,true,1,228290
7290013146199,false,מלית קרם נוגט 350 גרם מימונס,אינטרגטה תעשיות מזון 19),IL,קרם נוגט למילוי 350 גר,גרמים,350.00,100 גרם,false,1,13.90,3.9714,true,1,241451
7290013146274,false,מארז תחתיות מרנג 8 יחידות 100 גרם,סטולורגן - פארק תעשיה בל,IE,מארז 8יח תחתיות מרנג 100 גרם,גרמים,100.00,100 גרם,false,1,19.90,19.9000,true,1,319618
7290013146304,false,קורנפלור 500 גרם מימונס.,א.ל ייצור ושיווק תבלינים,IL,קורנפלור מימונס 500 גרם,גרמים,500.00,100 גרם,false,1,6.90,1.3800,true,1,308294
7290013146403,false,סירופ בטעם קרמל מלוח מימונס 500 גרם,א.ל ייצור ושיווק תבלינים,IL,סירופ בטעם קרמל מלוח מימונס 500 גרם,גרמים,500.00,100 גרם,false,1,16.90,3.3800,true,1,319617
7290013146410,false,נשיקות לקישוט צבע כחול מימונס 60 גרם,רות פטיפורים,IL,נשיקות מימונס לקיישוט כחול 60 גרם,Unknown,0.00,Unknown,false,1,12.90,0.0000,true,1,324123
7290013146427,false,נשיקות לקישוט צבע לבן מימונס 60 גרם,"מימונס אפיה בע""מ",IL,נשיקות מימונס לקיישוט לבן 60 גרם,Unknown,0.00,Unknown,false,1,12.90,0.0000,true,1,324124
7290013146441,false,נשיקות לקישוט צבע ורוד מימונס 60 גרם,"מימונס אפיה בע""מ",IL,נשיקות מימונס לקיישוט ורוד 60 גרם,Unknown,0.00,Unknown,false,1,12.90,0.0000,true,1,324126
7290013146489,false,קונוסים מבצק עלים מימונס 120 ג',מימונס אפייה,IT,קונוסים מבצק עלים למילוי 120 גרם,גרמים,120.00,100 גרם,false,18,15.90,13.2500,true,1,328182
7290013146656,false,כוכבים תכלת ירוק לבן לקישוט 60 גרם,"מימונס אפיה בע""מ",IL,סוכריות כוכבים לקישוט 55 גרם,Unknown,0.00,Unknown,false,1,11.90,0.0000,true,1,324133
7290013146670,false,סוכריות לב סגול ורוד לבן לקישוט 60 גרם,"מימונס אפיה בע""מ",IL,סוכריות לבבות לקישוט 55 גרם,Unknown,0.00,Unknown,false,1,11.90,0.0000,true,1,324131
7290013146724,false,אבקת אייס קפה 350 גרם מימונס,מימונס אפייה,IL,תערובת אייס קפה 350 גרם מימונס,גרמים,350.00,100 גרם,false,12,15.90,4.5429,true,1,330892
7290013151285,false,נוזל אגוזי קוקוס 400,סי אנד אי,,נוזל אגוזי קוקוס 400 מל,מיליליטרים,400.00,"100 מ""ל",false,1,8.00,2.0000,true,1,233333
7290013151322,false,סרדין קזבלנקה במי מ,יוניון דה פחריס,MA,סרדין קזבלנקה במי מלח 125 ג,גרמים,125.00,100 גרם,false,25,5.90,4.7200,true,1,241406
7290013151360,false,"סטאר פוד מי פריחת הדרים 500 מ""ל",אלימאד פוד,,מי זהר פריחת הדרים 500 מל,מיליליטרים,500.00,"100 מ""ל",false,12,16.90,3.3800,true,1,300457
7290013151636,false,פילה סרדין בשמן זית,יוניון דה פחריס,,פילה סרדין בשמן זית ללא עור ועצבמות125 ג,גרמים,125.00,100 גרם,false,1,11.00,8.8000,true,1,298932
7290013153395,false,פריגת סחוט טרי רימונים 1ליטר,פריגת מצוננים,IL,מיץ רימונים סחוט טרי 1ליטר פקדון פריגת,Unknown,0.00,Unknown,false,1,25.50,0.0000,true,1,295333
7290013153418,false,פריגת סחוט לימונענע 1 ליטר,פריגת מצוננים,IL,פריגת לימונענע 1 ל פקדון מקורר,ליטרים,1.00,ליטר,false,1,13.90,13.9000,true,1,296074
7290013153425,false,מיץ סחוט לימון נענע 2ל,פריגת מצוננים,IL,מיץ לימונענע סחוטרי 2 ל פריגת,ליטרים,2.00,ליטר,false,1,27.60,13.8000,true,1,296075
7290013153579,false,משקה בטעם אפרסק מרוכז קפוא,פריגת מצוננים,IL,תרכיז קפוא גת פרייז אפרסק 340 גרם,גרמים,340.00,100 גרם,false,1,13.90,4.0882,true,1,305319
7290013153586,false,"משקה פירות יער קפוא פריגת 340 מ""ל",היינץ צפון אמריקה מק,IL,תרכיז קפוא גת פרייז פירות יער 340 גרם,גרמים,340.00,100 גרם,false,1,13.90,4.0882,true,1,305320
7290013153692,false,פריגת תפוז+גזר וגינג'ר1ל,פריגת מצוננים,IL,מיץ גזר גינגר סחוט רילקס 1ליטר פריגת,ליטרים,1.00,ליטר,false,8,21.90,21.9000,true,1,323878
7290013176004,false,יוגורט עיזים 500 טבע,,IL,יוגורט עיזים טבעי 500 גרם ארבלה,גרמים,500.00,100 גרם,false,1,17.90,3.5800,true,1,311739
7290013176028,false,יוגורט עיזים תות 500,,IL,יוגורט עיזים תות 500 גרם ארבלה,גרמים,500.00,100 גרם,false,1,17.90,3.5800,true,1,311741
7290013176042,false,יוגורט עיזים פירות י,,IL,יוגורט עיזים פירות יער 500 גרם ארבלה,גרמים,500.00,100 גרם,false,1,17.90,3.5800,true,1,311744
7290013176059,false,ארבלה אנאבל עיזים טבעי גבינה,ארבלה,IL,גבינת עיזים טבעי 200גר ארבלה,גרמים,200.00,100 גרם,false,1,16.90,8.4500,true,1,311782
7290013176080,false,גבינת עיזים זיתים 20,ארבלה,IL,גבינת עיזים זיתים 200גר ארבלה אנאבל,גרמים,200.00,100 גרם,false,1,16.90,8.4500,true,1,311785
7290013176097,false,לאבנה עיזים 200גר אר,ארבלה,IL,לאבנה עיזים 200גר ארבלה,גרמים,200.00,100 גרם,false,1,16.90,8.4500,true,1,311786
7290013176264,false,יוגורט עיזים בטעם תו,,IL,יוגורט עיזים 3% בטעם תות שדה 150גר,גרמים,150.00,100 גרם,false,1,6.50,4.3333,true,1,311762
7290013176271,false,יוגורט עיזים 3% בטעם,,IL,יוגורט עיזים 3% בטעם אפרסק 150גר,גרמים,150.00,100 גרם,false,1,6.50,4.3333,true,1,311761
7290013176288,false,יוגורט עיזים בטעם תמ,,IL,יוגורט עיזים 3% בטעם תמר בננה 150גר,גרמים,150.00,100 גרם,false,1,6.50,4.3333,true,1,311763
7290013215017,false,פטריות זוגות חוות השמפניון,אראל תוצרת חקלאית בע,IL,זוג פטריות שמפניון ארוז,Unknown,0.00,Unknown,false,1,17.90,0.0000,true,1,242259
7290013267665,false,סולרו מיני קלאסי - פירות טרופיים (חלבי),"מיוצר ע""\י גלידת שטראוס",IL,מאגדת סולרו פירות טרופיים 5 יח,יחידה,5.00,יחידה,false,1,22.90,4.5800,true,1,231241
7290013268204,false,מגבונים לניקוי וחיטוי מושב האסלה 20 יח' סנו,טרופיקל דגיל- תעשיות,IL,מגבוני סנובון לחיטוי מושב האסלה 20יח,יחידה,20.00,יחידה,false,12,10.90,0.5450,true,1,313806
7290013268242,false,תרכיז ריחני לניקוי רצפות בריח מלון מפנק ריצפז פרש,"סנו מפעלו ברונוס בע""\מ",IL,נוזל ריצפז פרש הום 2 ליטר מלון מפנק,ליטרים,2.00,ליטר,false,1,21.90,10.9500,true,1,320347
7290013268372,false,פוליויקס נוזל לניקוי פרקט סנו 2 ליטר,סנו פוליויקס,IL,נוזל רצפה פוליויקס פרקט שמן ארגן 2ליטר,ליטרים,2.00,ליטר,false,1,19.90,9.9500,true,1,322311
7290013268839,false,פוליויקס פרקט-תרכיז ריחני לניקוי רצפות עץ,"סנו מפעלי ברונוס בע""\מ",IL,נוזל רצפה פוליויקס פרקט מלון חלומ 2 ליטר,ליטרים,2.00,ליטר,false,1,19.90,9.9500,true,1,313804
7290013268884,false,"נוזל רצפות מאסק 2 ליטר ""ריצפז פרש""",מיוצר עי קונדיטוריית,IL,נוזל רצפה ריצפז פרש מאסק 2 לי,ליטרים,2.00,ליטר,false,1,16.90,8.4500,true,1,229142
7290013268907,false,ג'ל כביסה ביו בטמפרטורות נמוכות,"סנו מפעלי ברונוס בע""\מ",IL,גל כביסה מקסימה ביו 3 ל,ליטרים,3.00,ליטר,false,1,29.90,9.9667,true,1,229028
7290013268914,false,סנו מקסימה ג'ל כביסה סמארט 3 ל',סנו מקסימה,IL,גל כביסה מקסימה סמארט 3 ליטר,ליטרים,3.00,ליטר,false,6,31.90,10.6333,true,1,308418
7290013268983,false,מרכך כביסה סופר מרוכז בבישום עוצמתי סנו מקסימה 1 ל',"סנו מפעלי ברונוס בע""\מ",IL,מרכך כביסה מקסימה מרוכז גוי 1 ליטר,ליטרים,1.00,ליטר,false,1,16.90,16.9000,true,1,329110
7290013268990,false,מרכך כביסה מרוכז לבן ביו סנו מקסימה 1 ליטר,"סנו מפעלי ברונוס בע""\מ",IL,מרכך כביסה מקסימה מרוכז ביו תינוקות1ל,ליטרים,1.00,ליטר,false,1,16.90,16.9000,true,1,232593
7290013269003,false,מרכך כביסה סופר מרוכז בייבי לתינוקות ולעור רגיש,"סנו מפעלי ברונוס בע""\מ",IL,מרכך כביסה מקסימה מרוכז תינוקות1ל,ליטרים,1.00,ליטר,false,1,16.90,16.9000,true,1,232594
7290013269096,false,מטליות לחות לטיפול במוצרי עור,מיוצר עי קונדיטוריית,IL,מטליות לחות לניקוי עור 20יח,יחידה,20.00,יחידה,false,1,11.90,0.5950,true,1,237530
7290013269263,false,ג'ל כביסה מרוכז מקסימה בבישום קריסטל נואר,סנו מפעלי ברונוס בעמ,IL,גל כביסה מקסימה קריסטל נואר 3 ל,ליטרים,3.00,ליטר,false,1,29.90,9.9667,true,1,231432
7290013269287,false,סנו - מקסימה ג'ל כביסה מרוכז מאסק 3 ליטר,"סנו מפעלי ברונוס בע""\מ",IL,גל כביסה מקסימה מאסק 3 ל,ליטרים,3.00,ליטר,false,1,29.90,9.9667,true,1,231431
7290013269348,false,K3 תחנת פיתיון קוטל תיקנים (ג'וקים) בבית ובחצר,טרופיקל דגיל תעשיות,IL,סנו קיי 3 תחנת פיתיון קוטל תיקנים 4יח,יחידה,4.00,יחידה,false,6,54.90,13.7250,true,1,318591
7290013269621,false,ריצפז פרש לניקוי רצפות בניחוח מלון בוטיק,מיוצר עי קונדיטוריית,IL,נוזל ריצפז פרש הום 2 ליטר מלון בוטיק,ליטרים,2.00,ליטר,false,1,21.90,10.9500,true,1,315411
7290013269645,false,ריצפז פרש מטליות לחות לריצפה בניחוח מאסק 10 יחידות,סנו מפעלי ברונוס בעמ,IL,מטלית ריצפז פרש בניחוח מאסק 10יח 40*70סמ,יחידה,10.00,יחידה,false,1,14.90,1.4900,true,1,235844
7290013269669,false,ריצפז בניחוח פנטזיה לניקוי הרצפה,"סנו מפעלי ברונוס בע""",IL,נוזל רצפה ריצפז פנטזיה 3 ל,ליטרים,3.00,ליטר,false,1,12.90,4.3000,true,1,238207
7290013269751,false,מטליות לחותריצפז פרש לניקוי ריצפה בניחות מלון בוטיק 10 יח' סנו,טרופיקל דגיל תעשיות,IL,מטליות סנו ריצפז פרש מלון בוטיק 40*70 סמ,יחידה,10.00,יחידה,false,1,14.90,1.4900,true,1,316124
7290013269867,false,סנו סושי זוג מפות אירוח צבעים שונים,מיוצר עי קונדיטוריית,IL,מפות שולחן זוג סנו סושי מבד,יחידה,2.00,יחידה,false,1,11.90,5.9500,true,1,234206
7290013269911,false,"סנו K-333 קוטל חרקים ללא ריח 750מ""ל","סנו מפעלי ברונוס בע""",IL,קיי 333 קוטל חרקים 750 מל,מיליליטרים,750.00,"100 מ""ל",false,1,29.90,3.9867,true,1,229917
7290013276117,false,"בקבוק בירה נגב אואזיס 330 מ""ל",הכרם משקאות חריפים בעמ,IL,בירה נגב אואזיס 330 מל פקדון,מיליליטרים,330.00,"100 מ""ל",false,1,14.90,4.5152,true,1,296005
7290013276124,false,"בקבוק בירה נגב אמבר אייל 330 מ""ל",הכרם משקאות חריפים בעמ,IL,בירה נגב אמבר אייל 330 מל פקדון,מיליליטרים,330.00,"100 מ""ל",false,1,14.90,4.5152,true,1,296004
7290013276131,false,"בקבוק בירה נגב פורטר אלון 330 מ""ל",,,בירה נגב פורטר אלון 330 מל פקדון,מיליליטרים,330.00,"100 מ""ל",false,1,14.90,4.5152,true,1,296006
7290013284310,false,רוטב פסטה לילדים פריניר 240 גרם,פריניר ( הדס 1987) ב,IL,רוטב פסטה 240 גר פרי ניר,גרמים,240.00,100 גרם,false,1,5.50,2.2917,true,1,233697
7290013284662,false,רוטב פיצה פיתה לילדים 240 ג' פריניר,פריניר ( הדס 1987) ב,IL,רוטב פיצה פיתה 260 גר פרי ניר,גרמים,260.00,100 גרם,false,1,5.50,2.1154,true,1,243805
7290013310019,false,קיסמי שיניים רפואיים עם חוט דנטאלי הוסטס,הוסטס,CN,קיסמי שיניים רפואי עם חוט דנטלי,Unknown,0.00,Unknown,false,24,6.90,0.0000,true,1,308014
7290013310064,false,חוט דנטלי בטעם מנטה מצופה שעווה,הוסטס Hostess,CN,חוט דנטלי רפואי עם מנטה הוסטס,Unknown,0.00,Unknown,false,12,6.90,0.0000,true,1,308015
7290013310101,false,"שיפודי במבוק ג'מבו 50 יח' עובי 5 מ""מ אורך 30 ס""מ",הדקלאים אגודת שיתופי,CN,שיפודי במבוק גמבו 50 יח,Unknown,0.00,Unknown,false,50,5.90,0.0000,true,1,308016
7290013310118,false,"ממחטות כיס שישיה תלת שכבתי ""פנטזיה""",V.P.CO,IT,שישיית ממחטות אף פנטזיה תלת שכבתי כיס,יחידה,6.00,יחידה,false,48,3.90,0.6500,true,1,303867
7290013310163,false,מדליק פחם מוצק LIGHT EASY 40 יחידות,הדקלאים אגודת שיתופי,DE,מדליק פחם מוצק 40 יח איזי לייט,יחידה,40.00,יחידה,false,24,6.90,0.1725,true,1,303865
7290013329004,false,סילאן ללא תוספת סוכר כרם 900 גרם,תמר העמקים,,סילאן טבעי כרם 900 גר,גרמים,900.00,100 גרם,false,1,21.90,2.4333,true,1,228506
7290013329028,false,ממתיק טבעי סטיביה 50,א.מ.ב,IL,סטיביה 50 מל-כרם,Unknown,0.00,Unknown,false,100,27.50,0.0000,true,1,230690
7290013329141,false,שמן קוקוס כרם אורגני,נייצ'ורוס,,שמן קוקוס 500 מל,מיליליטרים,500.00,"100 מ""ל",false,1,25.90,5.1800,true,1,232878
7290013329240,false,שמן קוקוס כרם אורגני,בי . גי. פרוט,,שמן קוקוס כרם 1ל,ליטרים,1.00,ליטר,false,1,39.90,39.9000,true,1,300112
7290013329301,false,פריכיות כוסמת עם מלח 160 גרם,ZBG,,פריכיות 100% כוסמת עם מלח 160 גר,גרמים,160.00,100 גרם,false,1,10.90,6.8125,true,1,237783
7290013329318,false,פריכיות כוסמת ללא מלח 160 גרם,ZBG,,פריכיות 100% כוסמת טבעי 160 גר,גרמים,160.00,100 גרם,false,1,10.90,6.8125,true,1,237784
7290013329363,false,סוכר קוקוס אורגני כרם - 500 גר,נייצ'ורוס,,סוכר קוקוס אורגני 500 גר,גרמים,500.00,100 גרם,false,1,19.90,3.9800,true,1,238400
7290013329370,false,קמח קוקוס אורגני כרם - 500 גר,סלבס אויל,PH,קמח קוקוס אורגני 500 גר כרם,גרמים,50000.00,100 גרם,false,1,19.90,0.0398,true,1,240181
7290013329417,false,"סוכר דמררה 1 ק""ג - כרם",ה.ס. יבוא ויצור,,סוכר דמררה כרם 1 קג,קילוגרמים,1.00,"ק""ג",false,1,10.90,10.9000,true,1,244769
7290013329431,false,חמאת שקדים 300 גר - כרם,טבע מהדרין,IL,חמאת שקדים כרם 300 גר צנצנת,גרמים,300.00,100 גרם,false,1,24.90,8.3000,true,1,296022
7290013329448,false,חמוציות ברכז תפוחים 250 גר,כרם תעשיות,,חמוציות ברכז תפוחים גרם 250 גרם,גרמים,250.00,100 גרם,false,1,17.90,7.1600,true,1,302006
7290013329455,false,גרעיני דלעת מקולף 250 גר,כרם תעשיות,CN,גרעיני דלעת מקולפים כרם 250 גרם,גרמים,250.00,100 גרם,false,18,15.90,6.3600,true,1,302007
7290013329462,false,גרעיני חמניה מקולפים,כרם תעשיות,BG,גרעיני חמניה מקולפים כרם 250 גרם,גרמים,250.00,100 גרם,false,18,11.90,4.7600,true,1,302008
7290013329493,false,אגוזים קלופים כרם200,כרם תעשיות,US,אגוזים קלופים כרם200 גרם,גרמים,200.00,100 גרם,false,18,15.90,7.9500,true,1,302009
7290013329509,false,שקד טבעי כרם200 גרם,כרם תעשיות,US,שקד טבעי כרם200 גרם,גרמים,200.00,100 גרם,false,18,16.90,8.4500,true,1,302010
7290013329516,false,שזיפים ללא גרעין 330 גר,רפאלס,,שזיף ללא גלעין כרם 330 גרם קופסא,גרמים,330.00,100 גרם,false,1,19.90,6.0303,true,1,310951
7290013329547,false,צימוק לבן קטן 330 גר,כרם תעשיות,IL,צימוק לבן כרם קטן 330 גרם בקופסה,גרמים,330.00,100 גרם,false,18,14.90,4.5152,true,1,317623
7290013329554,false,שקד מולבן פרוס כרם 2,כרם תעשיות,,שקד מולבן פרוס כרם 200 גרם,גרמים,200.00,100 גרם,false,1,16.90,8.4500,true,1,308331
7290013329561,false,אגוזי פקאן טבעי כרם,כרם תעשיות,,אגוזי פקאן טבעי כרם 200 ג,גרמים,200.00,100 גרם,false,1,25.90,12.9500,true,1,308329
7290013329578,false,אגוז ברזיל כרם 250 ג,כרם תעשיות,,אגוז ברזיל כרם 250 גר בקופסא,גרמים,250.00,100 גרם,false,18,25.90,10.3600,true,1,318023
7290013329585,false,אגוזי קשיו טבעי כרם,כרם תעשיות,,אגוזי קשיו טבעי כרם 250 גרם,גרמים,250.00,100 גרם,false,1,26.90,10.7600,true,1,308328
7290013329608,false,תאנים מיובשות כרם 33,אוסטה פוד,,תאנים מיובשות כרם 330 גרם,גרמים,330.00,100 גרם,false,1,21.90,6.6364,true,1,302139
7290013329615,false,צימוק חום כרם 330 גר,כרם תעשיות,IL,צימוק חום כרם 330 גרם בקופסה,גרמים,330.00,100 גרם,false,18,13.90,4.2121,true,1,317624
7290013329646,false,שמן קוקוס כרם אורגני,נייצ'ורוס,,שמן קוקוס כרם אורגני 350 מל,מיליליטרים,350.00,"100 מ""ל",false,1,19.90,5.6857,true,1,323351
7290013329653,false,"סוכר קנים אורגני 1 ק""ג כרם",אוסינה סן פרנסיסקו,BR,סוכר קנים אורגני 1 קג,קילוגרמים,1.00,"ק""ג",false,12,10.90,10.9000,true,1,296015
7290013329660,false,פיסטוק קלוף לא קלוי כרם 200 גרם,כרם תעשיות,,פיסטוק טבעי קלוף כרם 200 גרם,גרמים,200.00,100 גרם,false,1,36.90,18.4500,true,1,308334
7290013329677,false,צנובר כרם 200 גרם,כרם תעשיות,,צנובר כרם 200 גרם,גרמים,200.00,100 גרם,false,1,34.90,17.4500,true,1,308330
7290013329684,false,אגוזי מקדמיה כרם 200 גרם,כרם תעשיות,,אגוז מקדמיה כרם 200 גרם,גרמים,200.00,100 גרם,false,1,38.90,19.4500,true,1,308335
7290013329721,false,"תמר מגהול אורגני כרם - 1 ק""ג",כרם תעשיות,IL,תמר מגהול אורגני כרם 1 קג,קילוגרמים,1.00,"ק""ג",false,1,25.00,25.0000,true,1,294810
7290013329738,false,תמר מגהול כרם 1 קג,כרם תעשיות,IL,תמר מגהול כרם 1 קג,קילוגרמים,1.00,"ק""ג",false,1,19.90,19.9000,true,1,294809
7290013329752,false,שקד מולבן מקלות כרם 200 גרם,כרם תעשיות,,שקד מולבן מקלות כרם 200 גרם,גרמים,200.00,100 גרם,false,1,16.90,8.4500,true,1,308333
7290013329769,false,אגוז פקאן מסוכר כרם,"בלו סקיי יבוא בע""מ",,אגוז פקאן מסוכר כרם 200 גרם קופסא,גרמים,200.00,100 גרם,false,1,25.90,12.9500,true,1,314734
7290013329806,false,אננס מיובש טבעי ללא,כרם תעשיות,CR,אננס מיובש טבעי ללא סוכר כרם 200 ג,גרמים,200.00,100 גרם,false,1,19.90,9.9500,true,1,302001
7290013329868,false,חמאת גרעיני דלעת 300 גרם,"טבע מהדרין י.א.בע""מ",IL,חמאת גרעיני דלעת טבעי כרם 300 גרם,גרמים,300.00,100 גרם,false,1,26.90,8.9667,true,1,297878
7290013329875,false,פריכיות אורז עם מלח כרם 160 גרם,זן בר,IL,פריכיות אורז כרם עם מלח 160 גרם,גרמים,160.00,100 גרם,false,25,8.00,5.0000,true,1,298634
7290013329882,false,פריכיות אורז 160 גר ללא מלח - כרם,זן בר,IL,פריכיות אורז כרם עם מלח 160 גרם,גרמים,160.00,100 גרם,false,25,8.00,5.0000,true,1,298633
7290013329912,false,חמאת אגוזי קשיו טבעי,"טבע מהדרין י.א.בע""מ",,חמאת אגוזי קשיו טבעי כרם 300 גרם,גרמים,300.00,100 גרם,false,1,26.90,8.9667,true,1,297876
7290013329929,false,חמאת אגוזי לוז טבעי,"טבע מהדרין י.א.בע""מ",,חמאת אגוזי לוז טבעי כרם 300 גרם,גרמים,300.00,100 גרם,false,1,24.90,8.3000,true,1,297877
7290013358356,false,מאסטר שף - פירורי לחם מוזהבים 320 גרם,מנה י.א בעמ,IL,פירורי לחם מוזהבים 350 גר מנה,גרמים,320.00,100 גרם,false,1,7.90,2.4688,true,1,232047
7290013358363,false,מאסטר שף פרורי לחם פנקו עבים בסגנון יפני 300 גר,קריניציה ויטמינה אס,IL,פירורי פנקו מוזהב300 גר מאסטר שף,גרמים,300.00,100 גרם,false,1,9.90,3.3000,true,1,231162
7290013358370,false,פנקו פירורי לחם מאסטר שף בטעם שום 300 גרם,"מיוצר ע""י מנה י.א בע",IL,פירורי פנקו מוזהב טעם שום300גר מאסטר שף,גרמים,300.00,100 גרם,false,1,9.90,3.3000,true,1,231161
7290013358417,false,מאסטר שף אסייאתי רוטב טריאקי 300 מל כשלפ,קריניציה ויטמינה אס,TH,רוטב טריאקי מנה אסייאתי 300 מל,מיליליטרים,300.00,"100 מ""ל",false,1,11.90,3.9667,true,1,246516
7290013358448,false,"קרוטונים לסלט אקסטרה ארוכים בתיבול שום, בצל ופטרוזיליה",עינת תעשיות מזון אגו,IL,קרוטונים מאסטר שף ארוכים לסלט 200 גרם,גרמים,200.00,100 גרם,false,1,11.90,5.9500,true,1,236877
7290013358462,false,"מיני קרוטונים למרק בתיבול שום, בצל ופטרוזיליה","עינת תעשיות מזון, אגשח ב",IL,קרוטונים מנה למרק350גר שום בצל פטרוזיליה,גרמים,350.00,100 גרם,false,1,19.90,5.6857,true,1,236878
7290013358486,false,מאסטר שף פירורים מוזהבים ללא צורך בביצה 300 ג,"מיוצר ע""י מנה י.א בע",IL,פירורי לחם מנה ללא בביצה300גר,גרמים,350.00,100 גרם,false,1,7.90,2.2571,true,1,241469
7290013358493,false,מנה אסייאתי קרם קוקוס פחית 400 מל מ.שף,תאי קוקונט פבליק קומפני,TH,קרם קוקוס מאסטר שף 400 מל,מיליליטרים,400.00,"100 מ""ל",false,1,8.90,2.2250,true,1,246522
7290013358516,false,"מיקסלט חמוציות, גרעינים, קטניות ואגוזים",המאפיה של הרמן,IL,מיקסלט חמוציות מסטר שף 200 גר,גרמים,200.00,100 גרם,false,1,15.90,7.9500,true,1,241471
7290013358523,false,מאסטר שף שבבי בצל מטוגן 150 גרם,קריניציה ויטמינה אס,NL,בצל מטוגן מאסטר שף 150 גר צנצנת,גרמים,150.00,100 גרם,false,1,11.90,7.9333,true,1,241472
7290013358530,false,מאסטר שף אסייאתי רוטב צ'ילי מתוק 700 מל כשלפ,קריניציה ויטמינה אס,TH,רוטב צילי מתוק מאסטר שף 700מל,מיליליטרים,700.00,"100 מ""ל",false,1,13.90,1.9857,true,1,246518
7290013358547,false,מאסטר שף אסייאתי רוטב צ'ילי חריף 700 מל כשלפ,קי.אר.אס. ספייסי פוד,TH,רוטב צילי חריף מאסטר שף 700מל,מיליליטרים,700.00,"100 מ""ל",false,1,13.90,1.9857,true,1,246519
7290013358806,false,מנה מאגדת פריכיות אורז עם מלח 264 גרם,מנה Mana,IL,מאגדת 4פרכיות מנה 264 גר,גרמים,264.00,100 גרם,false,1,12.00,4.5455,true,1,237796
7290013361981,false,"צ'יפס קפוא חתוך פרי הגליל 2 ק""ג","פרי הגליל בע""""מ",IL,ציפס קטרינג 2 קג פרי גליל,קילוגרמים,2.00,"ק""ג",false,1,24.90,12.4500,true,1,299091
7290013361998,false,"סטייק צ'יפס פרי הגליל 2 ק""ג","פרי הגליל בע""""מ",IL,סטייק ציפס 2 קג פרי גליל,קילוגרמים,2.00,"ק""ג",false,1,24.90,12.4500,true,1,299094
7290013366085,false,תירס סופר סוויט ארוז,כרמלים שדות חדשים,IL,תירס מתוק במיוחד,Unknown,0.00,Unknown,false,1,21.90,0.0000,true,1,298200
7290013366108,false,אספרגוס ירוק כרמלים,כרמלים שדות חדשים,IL,אספרגוס יחידה,Unknown,0.00,Unknown,false,1,31.90,0.0000,true,1,305863
7290013366153,false,ברוקומיני 300 גרם,,,ברוקומיני 300 גרם,גרמים,300.00,100 גרם,false,1,23.90,7.9667,true,1,322757
7290013366252,false,קטניות מונבטות יחידה,כרמלים שדות חדשים,IL,נבטי קטניות,Unknown,0.00,Unknown,false,1,9.90,0.0000,true,1,233830
7290013366306,false,נבטי בזיל כרמלים 30,כרמלים,IL,נבטי בזיליקום,Unknown,0.00,Unknown,false,1,9.90,0.0000,true,1,234135
7290013366634,false,כרמל יבולים חסה סלנו,שמיניית מעדן חלב שוק,IL,חסה סלנובה ראשים,Unknown,0.00,Unknown,false,1,13.90,0.0000,true,1,233822
7290013366658,false,חסה סלנובה עלים חתוך,מרינה פטריות הגליל,IL,חסה סלנובה עלים,Unknown,0.00,Unknown,false,1,13.90,0.0000,true,1,233831
7290013366665,false,חסה גמביט קראנצית יחידה,כרמלים שדות חדשים,IL,חסה גמביט,Unknown,0.00,Unknown,false,1,13.90,0.0000,true,1,337628
7290013366719,false,פאק צ'וי כרמל יבולם,כרמלים שדות חדשים,IL,פאקצוי,Unknown,0.00,Unknown,false,1,15.50,0.0000,true,1,297883
7290013366726,false,קייל כרמלים 160 גר,"שניב תעשיות נייר בע""",IL,עלי קייל,Unknown,0.00,Unknown,false,1,13.90,0.0000,true,1,239741
7290013389077,false,"עלי טורטיה מקמח חיטה 25ס""מ 8יח' תומר 420 ג'",Azteca foods europe,IL,עלי טורטיה מחיטה 20 יח 320 גר,גרמים,320.00,100 גרם,false,1,11.90,3.7188,true,1,231126
7290013389084,false,"טורטיה ספרדי קמח תירס 25 ס""מ 325 גרם",Azteca foods europe,,עלי טורטיה קמח תירס 16 יח 325 גר,גרמים,325.00,100 גרם,false,1,11.90,3.6615,true,1,231129
7290013430083,false,"בירה אלכסנדר בלונד בקבוק 330 מ""ל",מנדלז סי.אר. פרודקשן,IL,בירה אלכסנדר בלונד 5.3% 330מל פקדון,מיליליטרים,330.00,"100 מ""ל",false,1,14.90,4.5152,true,1,238975
7290013430090,false,בירה אלכסנדר אמברה AMBREE בירה ישראלית,מנדלז סי.אר. פרודקשן,IL,בירה אלכסנדר אמבר 5.7% 330מל פקדון,מיליליטרים,330.00,"100 מ""ל",false,1,14.90,4.5152,true,1,238976
7290013430205,false,"בירה אלכסנדר בלאק 330 מ""ל","אביר הבר בע""מ",IL,בירה אלכסנדר בלאק 7% 330מל פקדון,מיליליטרים,330.00,"100 מ""ל",false,1,14.90,4.5152,true,1,238984
7290013430250,false,"בירה אלקסנדר חיטה ישראלית כרמל 330 מ""ל",אלכסנדר- בירה ישראלית מע,IL,בירה אלכסנדר חיטה ישראלית 330מל פקדון,מיליליטרים,330.00,"100 מ""ל",false,1,14.90,4.5152,true,1,307784
7290013430304,false,בירה אלכסנדר גרין GREEN בירה ישראלית,מנדלז סי.אר. פרודקשן,IL,בירה אלכסנדר גרין 6% 330מל פקדון,מיליליטרים,330.00,"100 מ""ל",false,1,14.90,4.5152,true,1,238977
7290013430403,false,"בירה אלכסנדר בלייזר 330 מ""ל","אביר הבר בע""מ",IL,בירה אלכסנדר בלייזר 8% 330מל פקדון,מיליליטרים,330.00,"100 מ""ל",false,1,14.90,4.5152,true,1,238978
7290013440648,false,מאגדת שלגוני אבטיח נסטלה 5 יחידות,גלידות נסטלה )נגה גלידות,IL,מאגדת 5 יח קרחוני שרבט אבטיח 540 גר,יחידה,5.00,יחידה,false,8,26.90,5.3800,true,1,231181
7290013442062,false,יוגורט עדין קטיפתי 6,מוטק'ה החולב,,יוגורט כבשים 600גר,גרמים,650.00,100 גרם,false,1,21.90,3.3692,true,1,234800
7290013442246,false,לבנה 9% מוטקה החולב,מוטק'ה החולב,IL,לאבנה כבשים 280גר,גרמים,280.00,100 גרם,false,1,16.90,6.0357,true,1,335416
7290013442253,false,צפתית 16% מוטקה חולב,מוטק'ה החולב,IL,גבינה צפתית 250 גרם מליחות מעודנת16%שומן,גרמים,250.00,100 גרם,false,1,21.90,8.7600,true,1,335417
7290013442260,false,גבינה צפתית קצח כבשי,מוטק'ה החולב,IL,גבינה צפתית קצח כבשים 250גר,גרמים,250.00,100 גרם,false,1,21.90,8.7600,true,1,335418
7290013442277,false,גבינה בסגנון פטה יוו,מוטק'ה החולב,IL,גבינה בסגנון פטה יוונית כבשים 250גר,גרמים,250.00,100 גרם,false,1,29.90,11.9600,true,1,335419
7290013442284,false,גבינת ברי כבשים 140ג,מוטק'ה החולב,IL,גבינת ברי כבשים 140גר,גרמים,140.00,100 גרם,false,1,26.90,19.2143,true,1,335420
7290013442291,false,גבינת קממבר כבשים 14,מוטק'ה החולב,IL,גבינת קממבר כבשים 140גר,גרמים,140.00,100 גרם,false,1,26.90,19.2143,true,1,335421
7290013442307,false,גבינת קממבר פקאן כבש,מוטק'ה החולב,IL,גבינת קממבר פקאן כבשים 140גר,גרמים,140.00,100 גרם,false,1,26.90,19.2143,true,1,335422
7290013442314,false,גבינת סנט מור כבשים,מוטק'ה החולב,IL,גבינת סנט מור כבשים 150גר,גרמים,150.00,100 גרם,false,1,28.90,19.2667,true,1,335423
7290013442338,false,גבינת כבשה חרדלית 150 גר,מוטק'ה החולב,IL,גבינת גאודה כבשה חרדלית 150גר,גרמים,150.00,100 גרם,false,1,26.90,17.9333,true,1,335425
7290013442345,false,גבינה ארוטן כמהין עובש כמהין 150 גר,מוטק'ה החולב,IL,גבינת ארוטן כמהין 14% שומן 150 גרם,גרמים,150.00,100 גרם,false,1,29.90,19.9333,true,1,335426
7290013451552,false,מלח דק ללא נתרן 200ג,,,מלח דק ללא נתרן 200גר מארקס,גרמים,200.00,100 גרם,false,1,19.90,9.9500,true,1,318896
7290013451927,false,פריכיות כוסמת ללא תוספת מלח,זן - בר,IL,פריכיות כוסמת זן בר ללא מלח 160 גר,גרמים,160.00,100 גרם,false,1,11.00,6.8750,true,1,235398
7290013453624,false,דני וגלית עוגיות שוקולדצ'יפס מקמח שקדים וקמח אורז מלא 230 גרם,"דני וגלית בע""מ",IL,עוגיות קמח שקדים שוקולדציפס ללג 230 גר,גרמים,230.00,100 גרם,false,1,24.90,10.8261,true,1,323180
7290013453631,false,דני וגלית עוגיות חמאת בוטנים שוקולדצ'יפס מפצפוצי אורז מלא 230 גרם,האי נאם סי או אל.טי.,IL,עוגיות חמאת בוטנים ללא גלוטן 230 גר,גרמים,230.00,100 גרם,false,1,24.90,10.8261,true,1,323178
7290013453648,false,עוגיות פירות יער מקמח שקדים וקמח אורז מלא,"דני וגלית בע""מ",IL,עוגיות קמח שקדים ללא גלוטן 230 גר,גרמים,230.00,100 גרם,false,1,24.90,10.8261,true,1,323179
7290013456281,false,"ערק מאלכי קלאסי 700 מ""ל",,,ערק מלאכי קלאסי 700 מל,מיליליטרים,700.00,"100 מ""ל",false,12,59.90,8.5571,true,1,338482
7290013493002,false,"בירה בזלת פילזנר 750 מ""ל",יושלם,IL,בירה בזלת פילזנר 750 מל,מיליליטרים,750.00,"100 מ""ל",false,1,29.90,3.9867,true,1,230076
7290013493019,false,"בירה בזלת פילזנר 330 מ""ל",מברשת הגולן א.ח.ר 20,IL,בירה בזלת פילזנר 330 מל,מיליליטרים,330.00,"100 מ""ל",false,1,14.90,4.5152,true,1,230077
7290013493026,false,בירה בזלת חיטה 750 מל,יושלם,IL,בירה בזלת חיטה 750 מל,מיליליטרים,750.00,"100 מ""ל",false,1,29.90,3.9867,true,1,230078
7290013493040,false,בירה בזלת דאבל בוק 750 מל,יקב רמת הגולן,IL,בירה בזלת דאבל בוק 750 מל,מיליליטרים,750.00,"100 מ""ל",false,1,29.90,3.9867,true,1,230080
7290013493057,false,"בירה בזלת דאבל בוק 330 מ""ל",מברשת הגולן א.ח.ר 20,IL,בירה בזלת דאבל בוק 330 מל,מיליליטרים,330.00,"100 מ""ל",false,1,14.90,4.5152,true,1,230081
7290013493064,false,בירה בזלת אייל ענברי 750 מל,יקב רמת הגולן,IL,בירה בזלת אייל ענברי 750 מל,מיליליטרים,750.00,"100 מ""ל",false,1,29.90,3.9867,true,1,230082
7290013520067,false,מארז לחמניות 10 יחיד,מאפיית אגמי,IL,מארז לחמניות 10 יחידות,יחידה,10.00,יחידה,false,1,14.90,1.4900,true,1,301889
7290013520111,false,מארז לחמניות המבורגר,מאפיית אגמי,IL,מארז לחמניות המבורגר אמריקאי 6יח,יחידה,6.00,יחידה,false,8,14.90,2.4833,true,1,322626
7290013520128,false,פיתה קלה ביס 10יח,,,פיתה קלה ביס 10יח,יחידה,10.00,יחידה,false,1,13.90,1.3900,true,1,238157
7290013520142,false,לחמניה קלה ביס 8 יחידות,מאפיית אגמי,,לחמניה קלה ביס 8יח 400 גרם,יחידה,8.00,יחידה,false,1,13.90,1.7375,true,1,243282
7290013520463,false,לחם בריאות ושובע כוס,מאפיית אגמי,,לחם בריאות ושובע כוסמין 600 גרם,גרמים,600.00,100 גרם,false,1,16.90,2.8167,true,1,299372
7290013520500,false,לחמניה ביס כוסמין מלא 8יח,מאפיית אגמי,IL,מארז לחמניות כוסמין 8יח 95 קלוריות,גרמים,400.00,100 גרם,false,1,16.90,4.2250,true,1,307422
7290013521101,false,פטוצ'יני כוסמין תרד אורגני השדה מוצרים אורגנים 350 גרם,השדה מוצרים אורגניים,HU,פסטה כוסמין אורגנית תרד 500 גר,גרמים,350.00,100 גרם,false,1,19.90,5.6857,true,1,308702
7290013521125,false,נודלס אורז מלא דלעת וג`ינג`ר 250 גרם,השדה מוצרים טבעיים ו,GB,אטריות אורגני ל.גלוטן אורז דלעת גינג250ג,גרמים,250.00,100 גרם,false,1,16.90,6.7600,true,1,308694
7290013521132,false,נודלס אורז ואצות ווא,,CN,אטריות אורגני ל.גלוטן אורז אצות וואק250ג,גרמים,250.00,100 גרם,false,1,16.90,6.7600,true,1,308695
7290013521149,false,פסטה אורגנית מקמח כו,,,פסטה אורגנית מקמח כוסמין 350 גר,גרמים,350.00,100 גרם,false,24,19.90,5.6857,true,1,322900
7290013521187,false,ספגטי עדשים אדומות אורגני 250 גרם ללא גלוטן,השדה מוצרים טבעיים ו,IT,ספגטי עדשים אדומות אורגני 250 גר ללג,גרמים,250.00,100 גרם,false,18,13.90,5.5600,true,1,333816
7290013521231,false,פסטה כוסמין טריקולור אורגני השדה מוצרים אורגנים 400 גרם,השדה מוצרים אורגניים,HU,פסטה כוסמין אורגנית טריקולור 500 גר,גרמים,400.00,100 גרם,false,1,19.90,4.9750,true,1,308703
7290013521309,false,מיונז אורגני השדה 33,השדה מוצרים טבעיים ו,NL,מיונז אורגני השדה 230 גר,גרמים,330.00,100 גרם,false,1,22.90,6.9394,true,1,308768
7290013521316,false,ממרח אורגני בטעם מיונז ללא ביצים 230 גר,השדה מוצרים אורגניים,NL,ממרח מיונז אורגני ללא ביצים השדה230גר,גרמים,230.00,100 גרם,false,1,16.90,7.3478,true,1,308769
7290013521347,false,חרדל דיג'ון אורגני 200גרם,השדה מוצרים אורגניים,NL,חרדל דיזון אורגני 200 גר,גרמים,200.00,100 גרם,false,1,14.90,7.4500,true,1,308781
7290013521385,false,רסק תפוחים אורגני השדה מוצרים אורגנים 700 גרם,השדה מוצרים אורגניים,NL,רסק תפוחים אורגני 700 גר,גרמים,700.00,100 גרם,false,1,17.90,2.5571,true,1,308706
7290013521392,false,רסק תפוחים אורגני 360 גר,מחנדל,NL,רסק תפוחים אורגני 360 גר,גרמים,360.00,100 גרם,false,1,13.90,3.8611,true,1,308707
7290013521408,false,אבקת מרק ירקות אורגנית 200 גרם,השדה מוצרים אורגניים,NL,מרק ירקות אורגנית 200 גר,גרמים,200.00,100 גרם,false,1,23.90,11.9500,true,1,308780
7290013521415,false,אבקת מרק אורגני 20 בטעם עוף 200 גר,השדה מוצרים אורגניים,NL,מרק עוף אורגנית טעם עוף 200 גר,גרמים,200.00,100 גרם,false,1,24.90,12.4500,true,1,308779
7290013521491,false,קטשופ אורגני 567 גרם ללא גלוטן,השדה מוצרים טבעיים ו,US,קטשופ אורגני 567 גרם ללא גלוטן השדה,גרמים,567.00,100 גרם,false,1,18.90,3.3333,true,1,319583
7290013521545,false,עוגיות חצי ירח אורגניות 180 גר,הגביע,IL,עוגיות חצי מצופות חרובים 180 גר,גרמים,180.00,100 גרם,false,1,13.90,7.7222,true,1,308771
7290013521569,false,רסק תפוח בננה אורגני 360 גר,השדה מוצרים טבעיים ו,,רסק תפוח בננה אורגני 360 גר,גרמים,360.00,100 גרם,false,1,13.90,3.8611,true,1,308778
7290013521613,false,שעועית לבנה אורגנית ברוטב עגבניות 350 גר,,,שעועית לבנה אורגנית ברוטב עגבניות 350 גר,גרמים,350.00,100 גרם,false,1,16.90,4.8286,true,1,308788
7290013521743,false,שקדי מרק מקמח כוסמין 400 גר,,,שקדי מרק מקמח כוסמין 400 גר,גרמים,400.00,100 גרם,false,1,16.90,4.2250,true,1,308701
7290013521828,false,פסטה כוסמין ספירולינה פטוציני 300 גרם,,,פסטה כוסמין אורגנית ספירולינה 500 גר,גרמים,300.00,100 גרם,false,1,19.90,6.6333,true,1,308704
7290013521835,false,פסטה כוסמין ספירולינה פוזילי אורגני השדה מוצרים אורגנים 300 גרם,רדיי 97 בעמ,HU,פסטה כוסמין אורגנית ספירולינה פוזילי 500,גרמים,500.00,100 גרם,false,1,19.90,3.9800,true,1,308705
7290013521873,false,סוכר קוקוס אורגני 300 גרם,סנקי,ID,סוכר קוקוס אורגני מפרח הקוקוס 300 גר,גרמים,300.00,100 גרם,false,1,15.90,5.3000,true,1,312878
7290013521897,false,גליליות מקמח כוסמין מלא קרם חרובים 100 ג,השדה מוצרים טבעיים ו,IL,גליליות אורגניות מקמח כוסמין 100 גר,גרמים,100.00,100 גרם,false,1,14.90,14.9000,true,1,314710
7290013521965,false,עוגיות אורגניות מקמח כוסמין מלא 180 גרם,השדה מוצרים טבעיים ו,IL,עוגיות חצי ירח מקח כוסמין אורגני 180 גר,גרמים,180.00,100 גרם,false,1,15.90,8.8333,true,1,316946
7290013525253,false,שמיר טחינה מיוחדת 16,"סלטי שמיר 2006 בע""מ",IL,סלט טחינה מיוחדת 160 גר המנה שלי,גרמים,160.00,100 גרם,false,1,5.90,3.6875,true,1,231343
7290013525260,false,שמיר חציל במיונז 160,"סלטי שמיר 2006 בע""מ",IL,סלט חציל במיונז 160 גר המנה שלי,גרמים,160.00,100 גרם,false,1,5.90,3.6875,true,1,231344
7290013525277,false,סלט מטבוחה 160 גר המ,"סלטי שמיר 2006 בע""מ",IL,סלט מטבוחה 160 גר המנה שלי,גרמים,160.00,100 גרם,false,1,5.90,3.6875,true,1,231345
7290013525543,false,סלט חומוס מזרחי 1 קג,סלטי שמיר,IL,סלט חומוס מזרחי 1 קג שמיר,קילוגרמים,1.00,"ק""ג",false,1,16.90,16.9000,true,1,231664
7290013525710,false,חומוס עם טחינה 160 גרם,"סלטי שמיר 2006 בע""מ",IL,סלט חומוס עם טחינה 160 גר המנה שלי,גרמים,160.00,100 גרם,false,1,5.90,3.6875,true,1,231816
7290013525727,false,חומוס עם רוטב מסבחה 160 גרם,סלטי שמיר,IL,סלט חומוס אבו גוש 160 גר המנה שלי,גרמים,160.00,100 גרם,false,1,5.90,3.6875,true,1,231815
7290013525741,false,חומוס עם רוטב חריף 160 גרם,"סלטי שמיר 2006 בע""מ",IL,סלט חומוס מסבחה 160 גר המנה שלי,גרמים,160.00,100 גרם,false,1,5.90,3.6875,true,1,231817
7290013525789,false,אריסה מרוקאית שמיר 150 גר',"סלטי שמיר 2006 בע""מ",IL,אריסה מרוקאית 150 גר,גרמים,150.00,100 גרם,false,1,9.90,6.6000,true,1,234208
7290013525796,false,סחוג תימני שמיר 150 גר',"סלטי שמיר 2006 בע""מ",IL,סחוג תימני 150 גר,גרמים,150.00,100 גרם,false,1,9.90,6.6000,true,1,234209
7290013525802,false,סחוג תימני אדום 150 גר' שמיר,"סלטי שמיר 2006 בע""מ",IL,סחוג תימני אדום 150גר,גרמים,150.00,100 גרם,false,1,9.90,6.6000,true,1,234210
7290013525819,false,סלט שום כתוש שמיר 15,"סלטי שמיר 2006 בע""מ",IL,סחוג ירוק 150גר שמיר,גרמים,150.00,100 גרם,false,1,9.90,6.6000,true,1,234211
7290013531117,false,רוטב פסטה לילדים 240 גרם יכין,"זנלכל בע""\מ",IL,רוטב פסטה לילדים יכין 260 גר,גרמים,240.00,100 גרם,false,1,5.50,2.2917,true,1,230388
7290013531346,false,סירופ דיאט בטעם לימונענע יכין 1 ליטר,"זנלכל בע""\מ",IL,סירופ יכין דיאט לימונענע 1 ל,ליטרים,1.00,ליטר,false,1,16.90,16.9000,true,1,232421
7290013531377,false,תורמוס A2 יכין בית יוסף,היינץ צפון אמריקה מק,IL,תורמוס יכין 550 גרם,גרמים,550.00,100 גרם,false,1,9.90,1.8000,true,1,236917
7290013531490,false,פול מתובל יכין 560 גרם,זנלכל,IL,פול מתובל יכין 550 גר א/2,גרמים,550.00,100 גרם,false,12,9.90,1.8000,true,1,236918
7290013531612,false,רוטב לפסטה נפוליטנה יכין 240 גרם,זנלכל,IL,רוטב נפוליטנה יכין 260 גר,גרמים,240.00,100 גרם,false,1,5.50,2.2917,true,1,245733
7290013531629,false,רוטב לפסטה פומודורו 240 גרם יכין,היינץ צפון אמריקה מק,IL,רוטב פומודורו יכין 260 גר,גרמים,240.00,100 גרם,false,1,5.50,2.2917,true,1,245734
7290013531759,false,שעועית אפויה במים יכין 330 גרם,"זנלכל בע""\מ",IL,שעועית אפויה במים א/2 יכין,גרמים,550.00,100 גרם,false,12,9.90,1.8000,true,1,245077
7290013558824,false,תבלין רוקולה /בזיליקום 100 גר,ל. פלמינגו ישראל,IL,עלי רוגולה/בזיליקום,Unknown,0.00,Unknown,false,1,9.50,0.0000,true,1,301508
7290013584816,false,"משק""ל פריגת לימונענע1.5ל",מבשלות בירה בינלאומיות ב,IL,משקה קל לימונענע 1.5 ליטר פריגת,ליטרים,1.50,ליטר,false,1,9.60,6.4000,true,1,243871
7290013585233,false,"ספרייט זירו פחית סליק 330 מ""ל",החברה המרכזית לייצור משקאות,IL,משקה ספרייט זירו פחית 330 פקדון,מיליליטרים,330.00,"100 מ""ל",false,1,5.90,1.7879,true,1,246129
7290013585257,false,ספרייט זירו בבקבוק אישי,החברה המרכזית לייצור משקאות,IL,ספרייט זירו 500 מל פקדון,מיליליטרים,500.00,"100 מ""ל",false,1,7.50,1.5000,true,1,246127
7290013585271,false,ספרייט זירו מארז שישייה,החברה המרכזית לייצור משקאות,IL,מארז שישיית ספרייט זירו 1.5ליטר,ליטרים,10.50,ליטר,false,1,46.10,4.3905,true,1,246126
7290013585455,false,"ויינשטפן פסטביר בק 330 מ""ל",קוקה קולה,,בירה ויינשטפן פסטביר 330 מל,מיליליטרים,330.00,"100 מ""ל",false,1,12.90,3.9091,true,1,295347
7290013585967,false,מארז ספרייט זירו 6 * 330 פח Fridge- pack,קוקה קולה ישראל,IL,מארז 6 פחיות ספרייט זירו 330 מל פקדון,ליטרים,1.98,ליטר,false,1,23.90,12.0707,true,1,298771
7290013586735,false,משקה אייס ויסוצקי אר,,,משקה אייס ויסוצקי ארל גריי 1.5 ליטר,ליטרים,1.50,ליטר,false,1,9.60,6.4000,true,1,312341
7290013608468,false,משקה קל תות בננה1.5 ליטר,פרימור,IL,משקה קל תות בננה פרימור 1.5 ליטר,ליטרים,1.50,ליטר,false,1,9.20,6.1333,true,1,302130
7290013608482,false,נקטר מנגו פרימור 1 ליטר,דיפלומט,IL,נקטר מנגו פרימור 1 ליטר,ליטרים,1.00,ליטר,false,1,8.70,8.7000,true,1,302124
7290013608550,false,נקטר תפוזים פרימור 1 ליטר,סטאר סנקס,IL,נקטר תפוזים פרימור 1 ליטר,ליטרים,1.00,ליטר,false,1,8.70,8.7000,true,1,302121
7290013608635,false,משקה לימונים עם נענע פרימור 1 ליטר,סטאר סנקס,IL,משקה קל לימונים ונענע פרימור 1 ליטר,ליטרים,1.00,ליטר,false,1,8.70,8.7000,true,1,303126
7290013608642,false,נקטר אפרסק פרימור 1 ליטר,פרימור,IL,נקטר אפרסק פרימור 1 ליטר,ליטרים,1.00,ליטר,false,1,8.70,8.7000,true,1,302123
7290013608673,false,נקטר תפוחי עץ פרימור 1 ליטר,סטאר סנקס,IL,נקטר תפוחי עץ פרימור 1 ליטר,ליטרים,1.00,ליטר,false,1,8.70,8.7000,true,1,302122
7290013608680,false,מיץ עגבניות פרימור 1 ליטר,סטאר סנקס,IL,נקטר עגבניות פרימור 1 ליטר,ליטרים,1.00,ליטר,false,1,6.90,6.9000,true,1,302125
7290013608857,false,משקה תפוחים מלא סחוט 1 ל,"גניר (1992) בע""מ",IL,מיץ תפוחים מלא 1ליטר,ליטרים,1.00,ליטר,false,1,15.90,15.9000,true,1,324293
7290013608864,false,פרימור משקה פירות הדר 1 ליטר בתוספת ויטמין C,"גניר (1992) בע""מ",IL,משקה פירות הדר בתוספת ויטמין סי 1 ליטר,ליטרים,1.00,ליטר,false,1,15.90,15.9000,true,1,324292
7290013645074,false,לחם לבן שרהלה 500 גר,,,לחם לבן ללא גלוטן 500גר שרלה,גרמים,500.00,100 גרם,false,1,18.90,3.7800,true,1,319299
7290013645272,false,עוגיות נשיקות ללא גל,מוצרי הכט,IL,נשיקות שרלה 100 גר,גרמים,100.00,100 גרם,false,1,19.90,19.9000,true,1,311770
7290013645500,false,מקלות מלוחים ללא גלו,מוצרי הכט,IL,מקלות מלוחים ללא גלוטן230גר שרלה,גרמים,230.00,100 גרם,false,1,22.90,9.9565,true,1,237798
7290013645531,false,עוגיות מזרחיות עם שו,מוצרי הכט,IL,עוגיות מזרחיות ללא גלוטן200גר שרלה,גרמים,200.00,100 גרם,false,1,22.90,11.4500,true,1,311737
7290013652157,false,"ד""ר פישר - נטורל קר מגבונים להסרת איפור לעור רגיל יבש 30 יח' * 3",פישר מעבדות פרמצבטיות בע,IL,שלישיית מגבונים ל.איפור עור רגיל30יח,יחידה,90.00,יחידה,false,1,27.90,0.3100,true,1,232487
7290013652164,false,"ד""ר פישר - נטורל קר מגבונים להסרת איפור לעור רגיש 30 יח' * 3",פישר מעבדות פרמצבטיות בע,IL,שלישיית מגבונים ל.איפור חמאת שיא 30יח,יחידה,90.00,יחידה,false,1,27.90,0.3100,true,1,232488
7290013652782,false,נטורל קר קרם לחות לשיער מתולתל- יסמין ופרחי מגנוליה,פישר מעבדות פרמצבטיות,IL,קרם לחות לשיער מתולתל נטורל קר400 מל,מיליליטרים,400.00,"100 מ""ל",false,1,16.90,4.2250,true,1,231219
7290013652799,false,נטורל קר קרם לחות לשיער רגיל/יבש- ורדים וחלב רימונים,פישר מעבדות פרמצבטיות בע,IL,קרם לחות לשיער רגיל יבש נטורל קר400 מל,מיליליטרים,400.00,"100 מ""ל",false,1,16.90,4.2250,true,1,231220
7290013652805,false,"נטורל קר קרם לחות לשיער יבש צבוע פגום, 400 מ""ל",פישר מעבדות פרמצבטיות,IL,קרם לחות לשיער צבוע פגום נטורל קר400 מל,מיליליטרים,400.00,"100 מ""ל",false,1,16.90,4.2250,true,1,231221
7290013652850,false,שמפו נטורל קר לשיער יבש ופגום חינה ושמן ארגאן,"ד""ר פישר Dr fischer",IL,שמפו לשיער יבש פגום נטורל קר חינה 700מל,מיליליטרים,700.00,"100 מ""ל",false,1,15.90,2.2714,true,1,231192
7290013652874,false,נטורל קר מרכך לשיער רגיל- ורדים וחלב רימונים,"ד""ר פישר Dr fischer",IL,מרכך לשיער רגיל נטורל קר ורדים 700מל,מיליליטרים,700.00,"100 מ""ל",false,1,15.90,2.2714,true,1,231200
7290013652904,false,נטורל קר שמפו+מרכך לשיער רגיל ורדים וחלב רימונים,"ד""ר פישר Dr fischer",IL,שמפו ומרכך לשיער רגיל נטורל קר ורדי700מל,מיליליטרים,700.00,"100 מ""ל",false,1,15.90,2.2714,true,1,231198
7290013652935,false,נטורל קר שמפו לשיער רגיל- יסמין ופרחי מגנוליה,"ד""ר פישר Dr fischer",IL,שמפו לשיער רגיל נטורל קר יסמין 700מל,מיליליטרים,700.00,"100 מ""ל",false,1,15.90,2.2714,true,1,231193
7290013652942,false,נטורל קר מרכך לשיער רגיל- יסמין ופרחי מגנוליה,"ד""ר פישר Dr fischer",IL,מרכך לשיער רגיל נטורל קר יסמין 700מל,מיליליטרים,700.00,"100 מ""ל",false,1,15.90,2.2714,true,1,231202
7290013659439,false,עציץ בונסאי גדול,,,עציץ בונסאי גדול,יחידה,1.00,יחידה,false,1,50.00,50.0000,true,1,244739
7290013675804,false,שניצלונים בטעם טבעות,תנובה גליל שותפות מו,IL,שניצלונים דקים 500גר טעם טבעות בצל מאמא,גרמים,500.00,100 גרם,false,1,29.90,5.9800,true,1,325114
7290013675811,false,פסטה א-לה רומא להקפצה 450 גר,"איי, בי, אינבוו",IL,לקט להקפצה פסטה א-לה רומא חזה עוף 450גר,גרמים,450.00,100 גרם,false,1,22.90,5.0889,true,1,321361
7290013675958,false,רצועוף שומשום 500 גר,תנובה גליל,,רצועוף שומשום 500 גר מאמא עוף,גרמים,500.00,100 גרם,false,1,29.90,5.9800,true,1,326084
7290013702005,false,מים טעם פירות יער 1.5 ל,יפאורה שותפות מובגלת לשיווק,IL,מים שוופס פירות יער 1.5 ליטר,ליטרים,1.50,ליטר,false,12,7.60,5.0667,true,1,296690
7290013702036,false,"שוופס ווטר 500 מ""ל- אפרסק",יפאורה שותפות מובגלת לשיווק,IL,מים שוופס אפרסק 500מל פקדון,מיליליטרים,500.00,"100 מ""ל",false,24,7.90,1.5800,true,1,296715
7290013702050,false,"שוופס ווטר 500 מ""ל- ענבים",יפאורה תבורי,IL,מים שוופס ענבים 500מל פקדון,מיליליטרים,500.00,"100 מ""ל",false,24,7.90,1.5800,true,1,296716
7290013702388,false,"שוופס מים ט.תפוח 500 מ""ל",יפאורה שותפות מובגלת לשיווק,IL,מים שוופס תפוח 500מל פקדון,מיליליטרים,500.00,"100 מ""ל",false,24,7.90,1.5800,true,1,296718
7290013702418,false,"שוופס מוגז עדין אפרסק זכוכית 330 מ""ל",יפאורה תבורי בעמ,IL,משקה שוופס מוגז עדין אפרסק 330 מל,מיליליטרים,330.00,"100 מ""ל",false,1,6.90,2.0909,true,1,302076
7290013702425,false,"שוופס מוגז עדין פירות יער זכוכית 330 מ""ל",יפאורה תבורי בעמ,IL,משקה שוופס מוגז עדין פירות יער 330 מל,מיליליטרים,330.00,"100 מ""ל",false,1,6.90,2.0909,true,1,302077
7290013702463,false,שוופס מוגז לימונייד 1.5ל,יפאורה שותפות מובגלת לשיווק,IL,משקה שוופס מוגז למונייד 1.5ליטר,ליטרים,1.50,ליטר,false,12,9.60,6.4000,true,1,296710
7290013702470,false,שוופס מוגז לימונדה ורודה,יפאורה שותפות מובגלת לשיווק,IL,משקה שוופס מוגז פינק למונייד 1.5ליטר,ליטרים,1.50,ליטר,false,12,9.60,6.4000,true,1,296709
7290013702708,false,"שוופס מוגז עדין אננס זכוכית 330 מ""ל",יפאורה תבורי בעמ,IL,משקה שוופס מוגז עדין אננס 330 מל,מיליליטרים,330.00,"100 מ""ל",false,1,6.90,2.0909,true,1,302078
7290013713001,false,"בירה JEM'S אמבר אייל בקבוק 330 מ""ל","אביר הבר בע""מ",IL,בירה גמס אמבר אייל 330מל בקבוק,מיליליטרים,330.00,"100 מ""ל",false,24,14.90,4.5152,true,1,316963
7290013713018,false,"בירה JEM'S דארק לאגר בקבוק 330 מ""ל",,IL,בירה גמס לאגר כהה 330מל בקבוק,מיליליטרים,330.00,"100 מ""ל",false,24,14.90,4.5152,true,1,316966
7290013713025,false,"בירה ג'מס פילס בקבוק 330 מ""ל","אביר הבר בע""מ",IL,בירה גמס פילס 330מל בקבוק,מיליליטרים,330.00,"100 מ""ל",false,24,14.90,4.5152,true,1,316964
7290013713032,false,"בירה ג'מס חיטה בקבוק 330 מ""ל","אביר הבר בע""מ",IL,בירה גמס יטה 330 מל בקבוק,מיליליטרים,330.00,"100 מ""ל",false,24,14.90,4.5152,true,1,316965
7290013713049,false,"בירה גמס 8.8 איל בלגי מחוזקת 330 מ""ל","אביר הבר בע""מ",IL,בירה גמס 330מל בקבוק 8.8% אלכוהול,מיליליטרים,330.00,"100 מ""ל",false,24,14.90,4.5152,true,1,316962
7290013713094,false,"בירה ג'יימס בלייזר בראון 330 מ""ל",יקבי כרמל,IL,בירה גמס 330מל בקבוק איי.פי.אי,מיליליטרים,330.00,"100 מ""ל",false,24,14.90,4.5152,true,1,316961
7290013724939,false,משוקלדים חמוציות מריר 140 גר' קופסא,"דין שיווק וקלייה בע""",IL,משוקלדים חמוציות מריר 160 גר קופסא,גרמים,160.00,100 גרם,false,20,10.90,6.8125,true,1,230678
7290013724946,false,שקדים בשוקולד מריר 140 גר שקדיה,"דין שיווק וקלייה בע""",IL,משוקלדים שקד מריר 160 גר קופסא,גרמים,160.00,100 גרם,false,20,10.90,6.8125,true,1,230661
7290013724953,false,חמוציות בציפוי שוקולד בקופסא שקדיה 140 גרם,"דין שיווק וקלייה בע""",IL,משוקלדים חמוציות חלב 160 גר,גרמים,160.00,100 גרם,false,20,10.90,6.8125,true,1,230662
7290013724960,false,שקדים בציפוי שוקולד בקופסא שקדיה 140 גרם,"דין שיווק וקלייה בע""",IL,משוקלדים שקד חלב 160 גר קופסא,גרמים,160.00,100 גרם,false,20,10.90,6.8125,true,1,230667
7290013724977,false,צימוקים בשוקולד מריר 140 גר שקדיה,"דין שיווק וקלייה בע""",IL,משוקלדים צימוק מריר 160 גר קופסא,גרמים,160.00,100 גרם,false,20,10.90,6.8125,true,1,230657
7290013724984,false,משוקלדים בוטן מריר 160 גר' קופסא,"דין שיווק וקלייה בע""",IL,בוטנים בציפוי שוקולד מריר קופסא 160גר,גרמים,160.00,100 גרם,false,1,10.90,6.8125,true,1,230660
7290013724991,false,אגוזי לוז בציפוי שוקולד בקופסא שקדיה 140 גרם,"דין שיווק וקלייה בע""",IL,משוקלדים לוז חלב 160 גר קופסא,גרמים,160.00,100 גרם,false,20,10.90,6.8125,true,1,230664
7290013725820,false,אגוזי לוז בשוקולד מריר 140 גר שקדיה,"דין שיווק וקלייה בע""",IL,משוקלדים לוז מריר 160 גר קופסא,גרמים,160.00,100 גרם,false,20,10.90,6.8125,true,1,230658
7290013725837,false,שומשום בציפוי שוקולד בקופסא שקדיה 140 גרם,"דין שיווק וקלייה בע""",IL,שומשום בציפוי שוקולד חלב קופסא 160גר,גרמים,160.00,100 גרם,false,1,10.90,6.8125,true,1,230665
7290013725844,false,חטיף שומשום בשוקולד מריר 160ג,"דין שיווק וקלייה בע""",IL,משוקלדים שומשום מריר 160 גר קופסא,גרמים,160.00,100 גרם,false,20,10.90,6.8125,true,1,230659
7290013746238,false,ציפסקוקיס מכוסמין 250 גרם,"דגן מיני מזונות בע""מ",IL,עוגיות דגן שוקו ציפס קוקיס ל.ס 300 גר,גרמים,250.00,100 גרם,false,1,27.90,11.1600,true,1,311897
7290013746368,false,עוגיות כוסמין ושקדים,"דגן מיני מזונות בע""מ",IL,עוגיות דגן שקדים ל.ס 300 גר,גרמים,300.00,100 גרם,false,1,27.90,9.3000,true,1,311898
7290013746504,false,מקלוני כוסמין עם עשבי תיבול ללס 200גר דגן,"דגן מיני מזונות בע""מ",IL,עוגיות דגן מקלוני עשבי תיבול ל.ס 200 גר,גרמים,200.00,100 גרם,false,1,21.90,10.9500,true,1,311890
7290013746672,false,עוגיות אגוזים מכוסמין250,"דגן מיני מזונות בע""\מ",IL,עוגיות דגן אגוזים ל.ס 300 גר,גרמים,250.00,100 גרם,false,1,27.90,11.1600,true,1,311896
7290013746689,false,עוג.ש.שועל אוכמניות250ג,"דגן מיני מזונות בע""\מ",IL,עוגיות דגן שבולת שועל אוכמניו ל.ס 300 גר,גרמים,250.00,100 גרם,false,1,27.90,11.1600,true,1,311895
7290013746740,false,עוגיות דגן קראנץ אגו,,,עוגיות דגן קראנץ אגוזים ל.ס 200 גר,גרמים,200.00,100 גרם,false,1,27.90,13.9500,true,1,311893
7290013746788,false,מקלוני כוסמין עם עגבניה ואורגנו 200 גרם,פרוטרופיק סיה.,IL,עוגיות דגן עגבניה ואורגנו ל.ס 200 גר,גרמים,200.00,100 גרם,false,1,21.90,10.9500,true,1,311891
7290013755292,false,יין כרם אליה 750 מל,,,יין כרם אליה 750 מל,מיליליטרים,750.00,"100 מ""ל",false,6,110.00,14.6667,true,1,337091
7290013755308,false,"יין דולמן רוזה קברנה פרנק כשר 750 מ""ל",,IL,יין אסטייט שקמה רוזה דולמן 750 מל,מיליליטרים,750.00,"100 מ""ל",false,12,65.00,8.6667,true,1,332381
7290013764003,false,אוק אנד אש - שיכר לימונדה קלאסית,,BE,שיכר לימונדה קלאסי אוק אנד אש330מל פקדון,מיליליטרים,330.00,"100 מ""ל",false,24,14.90,4.5152,true,1,336044
7290013764027,false,אוק אנד אש - סיידר תפוחים יבש,,BE,סיידר תפוחים יבש אוק אנד אש 330מל ב.פקדו,מיליליטרים,330.00,"100 מ""ל",false,24,14.90,4.5152,true,1,336040
7290013764041,false,סיידר תפוחים מתוק 330 מל,,BE,סיידר תפוחים מתוק אוק אנד אש 330מל פקדון,מיליליטרים,330.00,"100 מ""ל",false,24,14.90,4.5152,true,1,336042
7290013764102,false,סיידר תפוחים מתובל 330 מל,,BE,סיידר תפוחים מתובל אוק אנד אש 330מל פקדו,מיליליטרים,330.00,"100 מ""ל",false,24,14.90,4.5152,true,1,336041
7290013764140,false,אוק אנד אש - שיכר לימונדה חמוציות,,BE,שיכר לימונדה חמוציות אוק אנד אש330מל פקד,מיליליטרים,330.00,"100 מ""ל",false,24,14.90,4.5152,true,1,336043
7290013771131,false,לאבנה עיזים 5% 250 גרם,מיוצר עי קונדיטוריית,IL,לאבנה עיזים 5% 250 גר,גרמים,250.00,100 גרם,false,1,18.90,7.5600,true,1,230952
7290013771216,false,פטאקי 16% גבינות השומרון,מיוצר עי קונדיטוריית,IL,גבינת פאטקי 16% שומן 250 גרם,גרמים,250.00,100 גרם,false,1,14.90,5.9600,true,1,303281
7290013771384,false,יוגורט יווני השומרון,מיוצר עי קונדיטוריית,IL,יוגורט יווני 8% 400 גרם,גרמים,400.00,100 גרם,false,1,10.90,2.7250,true,1,301883
7290013771391,false,גב.צפתית מעודנת5% 200גר,מחלבת השומרון,IL,גבינה צפתית מעודנת 5% 200 גרם,גרמים,200.00,100 גרם,false,1,14.90,7.4500,true,1,307301
7290013771575,false,יוגורט יווני 8% כד 1.3ל',מחלבת השומרון,IL,יוגורט יווני 1.3ליטר 7% שומן,מיליליטרים,1300.00,"100 מ""ל",false,1,18.90,1.4538,true,1,318819
7290013787156,false,רוטב שמנת גראנה פדאנו 200 גרם,קריניסה ויטמין אס אי,IL,רוטב שמנת גראנה פדאנו 200גר פסטה ריקו,גרמים,200.00,100 גרם,false,6,13.90,6.9500,true,1,323385
7290013787163,false,רוטב רוזה 200 גרם ריקו - בית יוסף,דורו איטליאן פרודקטס בע\,IL,רוטב שמנת רוזה 200גר פסטה ריקו,גרמים,200.00,100 גרם,false,6,13.90,6.9500,true,1,323386
7290013787194,false,רוטב ריקו שמנת בטטה,,IL,רוטב שמנת בטטה 200גר פסטה ריקו,גרמים,200.00,100 גרם,false,6,13.90,6.9500,true,1,323388
7290013787392,false,רביולי גבינות קלאסי 330 גרם ריקו בית יוסף,דודו איטליאן פרודקטס בע\,IL,רביולי גבינות קלאסי 330גר פסטה ריקו,גרמים,330.00,100 גרם,false,6,25.90,7.8485,true,1,323381
7290013787408,false,רביולי בטטה 330 גרם ריקו בית יוסף,דודו איטליאן פרודקטס בע\,IL,רביולי בטטה 330 גרם פסטה ריקו,גרמים,330.00,100 גרם,false,6,25.90,7.8485,true,1,323382
7290013787415,false,רביולי ריקוטה תרד 330 גרם ריקו בית יוסף,דודו איטליאן פרודקטס בע\,IL,רביולי ריקוטה תרד 330 גרם פסטה ריקו,גרמים,330.00,100 גרם,false,6,25.90,7.8485,true,1,323383
7290013787422,false,רביולי פלין פטריות - כמהין 330 גרם ריקו בית יוסף,דודו איטליאן פרודקטס בע\,IL,פלין פטריות בטעם כמהין 330גרם פסטה ריקו,גרמים,330.00,100 גרם,false,6,25.90,7.8485,true,1,323384
7290013816009,false,שוקולד 90% קקאו - הולי קקאו,"הולי קקאו שוקולד בע""",IL,שוקולד הולי קקאו 90% מריר אורגני 100 ג,גרמים,100.00,100 גרם,false,15,17.90,17.9000,true,1,301989
7290013816221,false,הולי קקאו שוקולד צ׳י,"הולי קקאו שוקולד בע""",IL,שוקולד ציפס 50% מריר הולי קקאו 250 גרם,גרמים,250.00,100 גרם,false,12,19.90,7.9600,true,1,321314
7290013816238,false,שוקולד צ'יפס 70% 250 גרם,"הולי קקאו שוקולד בע""",IL,טיפות שוקולד 70% מריר הולי קקאו 250 גרם,גרמים,250.00,100 גרם,false,12,19.90,7.9600,true,1,321313
7290013816245,false,שוקולד 60% קקאו עם קפה - הולי קקאו,"הולי קקאו שוקולד בע""",IL,שוקולד הולי קקאו 60% מריר אורגני 100 ג,גרמים,100.00,100 גרם,false,15,17.90,17.9000,true,1,335846
7290013816443,false,שוקולד מריר 80% קקאו100ג,"הולי קקאו שוקולד בע""",IL,שוקולד הולי קקאו 80% מריר אורגני 100 ג,גרמים,100.00,100 גרם,false,15,17.90,17.9000,true,1,301988
7290013816894,false,שוקולד מריר אורגני קמינו ורדה הולי 100 ג,"הולי קקאו שוקולד בע""",IL,שוקולד הולי קקאו 70% מריר אורגני 100 ג,גרמים,100.00,100 גרם,false,15,17.90,17.9000,true,1,335847
7290013816917,false,שוקולד מריר 100% - חד זני - קמינו ורדה - אורגני,"הולי קקאו שוקולד בע""",IL,שוקולד הולי קקאו 100% מריר אורגני 100 ג,גרמים,100.00,100 גרם,false,15,17.90,17.9000,true,1,335848
7290013847386,false,סטארקיסט נתחי טונה בהירה במים ושמן קנולה בטעם טבעי 140 גרם,סטארקיסט Starkist,IL,טונה סטארקיסט 4% בשמן צמחי 140 גר,גרמים,160.00,100 גרם,false,1,7.90,4.9375,true,1,315876
7290013847393,false,סטארקיסט לייט נתחי טונה בהירה במים ושמן קנולה עם עשבי תיבול 140 גרם,סטארקיסט Starkist,IL,טונה סטארקיסט 4% עשבי תיבול 140 גר,גרמים,160.00,100 גרם,false,1,7.90,4.9375,true,1,315877
7290013847409,false,סטארקיסט לייט נתחי טונה בהירה במים ושמן קנולה עם לימון ופלפל חריף 140 גרם,סטארקיסט Starkist,IL,טונה סטארקיסט 4% פלפל לימון 140 גר,גרמים,160.00,100 גרם,false,1,7.90,4.9375,true,1,315878
7290013847454,false,טונה סטארקיסט שמן קנולה רביעיות 4*160 גר,"טונה ויאטנם קו,. אל.טי.ד",VN,רביעיית טונה סטארקיסט שמן קנולה160גר,גרמים,640.00,100 גרם,false,1,25.90,4.0469,true,1,307864
7290013847553,false,נתחי טונה בהירה במים דל נתרן - מארז רביעיה,"סטארקיסט פודור בע""מ",TH,רביעיית טונה סטארקיסט דלת נתרן מים 160 ג,גרמים,640.00,100 גרם,false,1,25.90,4.0469,true,1,298407
7290013847645,false,סטארקיסט טונה בשמן זית 80 גר' שלישיות - בית,סטארקיסט Starkist,TR,טונה סטארקיסט שמן זית 3 יח 80 גרם,גרמים,240.00,100 גרם,false,1,19.90,8.2917,true,1,313795
7290013847812,false,נתחי טונה בהירה בשמן זית כתית מעולה Yellowfin,סטארקיסט Starkist,IL,טונה ילופין סטארקיסט שמן זית 140 גרם,גרמים,140.00,100 גרם,false,1,9.90,7.0714,true,1,311007
7290013848017,false,תרסיס ניקוי והברקת נירוסטה,"סנו מפעלי ברונוס בע""מ",IL,מרסס לניקוי נירוסטה 500מל,מיליליטרים,500.00,"100 מ""ל",false,12,19.90,3.9800,true,1,314237
7290013848345,false,מארז מטליות לחיטוי וניקוי יסודי אנטיבקטריאלי 99.9%,סנו מפעלי ברונוס בעמ,IL,מארז 3יח מטליות לחות לחיטוי 99% 50יח,יחידה,150.00,יחידה,false,8,24.90,0.1660,true,1,317088
7290013848727,false,מכשיר אוטומטי לבישום אוויר בתוספת מילוי SOFT HARMONY,"יצרן מכשיר: זובלה, שנזן,",IL,מטהר אויר סנו פרש אוטומטי+מילוי הרמוניה,יחידה,1.00,יחידה,false,6,39.90,39.9000,true,1,308971
7290013848758,false,מקסימה גל כביסה מרוכז בייבי 3ליטר סנסטיב,"סנו מפעלי ברונוס בע""\מ",IL,גל כביסה מקסימה בייבי סנסטיב 3 ל,ליטרים,3.00,ליטר,false,1,29.90,9.9667,true,1,238174
7290013861054,false,שוקולד קופ עם צימוקים וחלב 160 ג',"דין שיווק וקלייה בע""",IL,משוקלדים צימוק חלב 160 גר קופסא,גרמים,160.00,100 גרם,false,20,10.90,6.8125,true,1,230663
7290013861061,false,משוקלדים בוטן חלב 160 גר' קופסא,"דין שיווק וקלייה בע""",IL,בוטנים בציפוי שוקולד חלב קופסא 160גר,גרמים,160.00,100 גרם,false,1,10.90,6.8125,true,1,230666
7290013861412,false,המתוקים של ששון קוקוס 250 גרם,קריניציה ויטמינה אס,IL,חטיף קוקוס 250 גר,גרמים,250.00,100 גרם,false,1,10.00,4.0000,true,1,243936
7290013861429,false,המתוקים של ששון שומשום 250 גרם,קריניציה ויטמינה אס,IL,שומשום מסוכר 250 גר,גרמים,250.00,100 גרם,false,1,11.00,4.4000,true,1,243932
7290013861443,false,ששון הקולה-חטיפי אנג'וי בוטנים 250 ג',קריניציה ויטמינה אס,IL,חטיף בוטנים 250 גר,גרמים,250.00,100 גרם,false,24,11.00,4.4000,true,1,243933
7290013883148,false,סופג ריחות במקרר ווליט 40 גרם,יעקבי - הפי Hepi,IT,הפי סופג ריחות במקרר,Unknown,0.00,Unknown,false,14,13.90,0.0000,true,1,235900
7290013883407,false,"דזיטול מרסס לחיטוי כללי יעקבי 750 מ""ל",יעקבי - דזיטול Desytol,ES,מרסס דזיטול נגד חיידקים 500 מל,מיליליטרים,500.00,"100 מ""ל",false,1,12.90,2.5800,true,1,231788
7290013883414,false,"מרסס מסיר כתמי חלודה איירון אאוט 473 מ""ל",יעקובי,US,מרסס מסיר כתמי חלודה IRON OUT,מיליליטרים,470.00,"100 מ""ל",false,6,29.90,6.3617,true,1,241777
7290013883490,false,מדליק פחמים הפי קוביות,שייני Shiny,,מדליק פחם מוצק הפי 250גר,גרמים,250.00,100 גרם,false,1,9.90,3.9600,true,1,233495
7290013903082,false,תחליף צפתית טבעוני 2,ביוט איילנד פודס בעמ,,תחליף צפתית טבעוני 200 גרם ליב,גרמים,200.00,100 גרם,false,1,22.90,11.4500,true,1,300568
7290013903266,false,תערובת פירות יער אורגני מוקפא 300 גר,פריגו,RS,מיקס פירות יער אורגני 300 גרם ליב,גרמים,300.00,100 גרם,false,6,18.90,6.3000,true,1,336217
7290013903273,false,אדממה אורגני קפוא 400 גר,זהג'יאנג קינגסור פוד,CN,פולי סויה אדממה אורגני 400גר,גרמים,400.00,100 גרם,false,12,10.90,2.7250,true,1,317879
7290013903310,false,ליב טופו אורגני 500 גרם,,IL,טופו אורגני 500 גרם 2יח נפרדות,גרמים,500.00,100 גרם,false,9,18.90,3.7800,true,1,317261
7290013903327,false,טופו בטעם טבעי 500 גרם,"א.י.ן תעשיות בע""מ",IL,טופו טבעי 500 גרם 2 יח נפרדות,גרמים,500.00,100 גרם,false,9,16.90,3.3800,true,1,317262
7290013903389,false,שעועית ירוקה אורגנית קפואה 500גרם ליב,ליב אורגני,CN,שעועית ירוקה אורגנית קלופה 500גר קפוא,גרמים,500.00,100 גרם,false,12,12.90,2.5800,true,1,326587
7290013903396,false,גרעיני תירס מתוקים קפואים אורגני 500 גרם,קינגסור,CN,גרעיני תירס מתוק אורגני 500גר קפוא,גרמים,500.00,100 גרם,false,12,12.90,2.5800,true,1,326588
7290013903464,false,פולי סויה אורגנים קלופים מוקפאים (אדממה) 500גרם ליב,זהג'יאנג קינגסור,CN,פולי סויה אורגנים קלופים 500גר קפוא,גרמים,500.00,100 גרם,false,12,14.90,2.9800,true,1,326586
7290013903549,false,טופו במרקם רך טבעי ליב 300 גר,ג'נרל מילס סאן אדריא,IL,טופו במרקם רך 300 גרם ליב,גרמים,300.00,100 גרם,false,1,12.90,4.3000,true,1,314718
7290013903594,false,רסק תפוחים טבעי 670 גרם ליב,טעמי הגליל בעמ,IL,רסק תפוחים 670 גר טעמי הגליל ליב,גרמים,670.00,100 גרם,false,1,12.00,1.7910,true,1,322058
7290013903624,false,מגורדת בסגנון מוצרלה 200,ביוט איילנד פודס אל טי ד,IL,מגורדת בסגנון מוצרלה 200גר,גרמים,200.00,100 גרם,false,6,22.90,11.4500,true,1,325821
7290013903839,false,קציצות עדשים וירקות טבעוני 400 גרם,,IL,קציצות עדשים וירקות 400גרם ליב,גרמים,400.00,100 גרם,false,1,24.90,6.2250,true,1,337755
7290013903846,false,קציצות סלק טבעוני 400 גרם,,IL,קציצות סלק 400 גרם ליב,גרמים,400.00,100 גרם,false,1,24.90,6.2250,true,1,337756
7290013903976,false,דומדמניות אדומות אורגני ליב 300 גרם,,RS,דומדמניות אדומות אורגני 300גר,גרמים,300.00,100 גרם,false,6,18.90,6.3000,true,1,335830
7290013903983,false,דומדמניות שחורות אורגניות מוקפאות 300גר ליב,,RS,דומדמניות שחורות אורגני 300גר,גרמים,300.00,100 גרם,false,6,18.90,6.3000,true,1,335829
7290013903990,false,פרוסות בננה ותות שדה אורגניות מוקפאות 300גר ליב,,RS,פרוסות בננה ותות שדה אורגני 300גר,גרמים,300.00,100 גרם,false,6,18.90,6.3000,true,1,335828
7290013906052,false,נקניקיות פרגיות טירת צבי 300 גרם,הנסיך- מפעל לייצור ט,IL,נקניקיות פרגיות 300 גר,גרמים,300.00,100 גרם,false,1,11.90,3.9667,true,1,231661
7290013906205,false,פסטרמה עם שום וצילי טירת צבי 400 ג',הנסיך- מפעל לייצור ט,IL,פסטרמה שום וצילי 400 ג,גרמים,400.00,100 גרם,false,1,29.90,7.4750,true,1,234537
7290013906212,false,"נקנקיות וינר טירת 1 ק""ג טירת צבי",הנסיך- מפעל לייצור ט,IL,נקניקיות וינר 1 קג,גרמים,1000.00,100 גרם,false,1,28.90,2.8900,true,1,235052
7290013906441,false,קבנוס טירת צבי 120 גרם,הנסיך- מפעל לייצור ט,IL,קבנוס 120 גר,גרמים,120.00,100 גרם,false,1,10.90,9.0833,true,1,236774
7290013906458,false,קבנוס בטעם פיקנטי טירת צבי 120 גרם,הנסיך- מפעל לייצור ט,IL,קבנוס פיקנטי 120 גר,גרמים,120.00,100 גרם,false,1,10.90,9.0833,true,1,236775
7290013906489,false,חטיפי מיני קבנוס טירת צבי 120 גרם,הנסיך- מפעל לייצור ט,IL,חטיפי קבנוס 120 גר,גרמים,120.00,100 גרם,false,1,10.90,9.0833,true,1,236778
7290013906496,false,פסטרמה עגל בסגנון רומני טירת צבי 120 גר,הנסיך- מפעל לייצור ט,IL,סלסולי פסטרמה עגל רומנית 120 גר,גרמים,120.00,100 גרם,false,1,15.90,13.2500,true,1,243015
7290013927637,false,חלוה ללא תוספת סוכר במגש 400 גר' אחוה,אחדות ביחר לטחינה חל,IL,חלבה אחווה לייט 400 גר,גרמים,400.00,100 גרם,false,1,13.90,3.4750,true,1,316736
7290013937001,false,מאגדת שישיית ארטיקים,,,מאגדת שישיית ארטיקים טבעיים מעורב,יחידה,6.00,יחידה,false,1,25.90,4.3167,true,1,294825
7290013937025,false,מאגדת שישיית ארטיקים,,,מאגדת שישיית ארטיקים טבעיים תות בננה,יחידה,6.00,יחידה,false,1,25.90,4.3167,true,1,246289
7290013937049,false,מאגדת שישיית ארטיקים,שיבניס בעמ,,מאגדת שישיית ארטיקים טבעיים מעורב,יחידה,6.00,יחידה,false,1,25.90,4.3167,true,1,246292
7290013937056,false,שלגוני פריז שישיות לימון נענע נעורב,שיבניס בעמ,,מאגדת שישיית ארטיקים טבעיים מעורב,יחידה,6.00,יחידה,false,1,25.90,4.3167,true,1,246293
7290013937063,false,שישיית שלגוני פריז קוקוס,שיבניס בעמ,,מאגדת שישיית ארטיקים טבעיים קוקוס,יחידה,6.00,יחידה,false,1,25.90,4.3167,true,1,246291
7290013937087,false,מאגדת שישיית ארטיקים,,,מאגדת שישיית ארטיקים טבעיים קוקוס קקאו,יחידה,6.00,יחידה,false,1,25.90,4.3167,true,1,298768
7290013937094,false,שישייה שלגונים קוקוס,שיבניס בעמ,,מאגדת שישיית ארטיקים טבעיים קוקוס קפה,יחידה,6.00,יחידה,false,1,25.90,4.3167,true,1,298767
7290013937100,false,מאגדת שישיית ארטיקים,,,מאגדת שישיית ארטיקים טבעיים סורבה חמוץ,יחידה,6.00,יחידה,false,1,25.90,4.3167,true,1,328564
7290013937971,false,מאגדת שישיית ארטיקים,,,מאגדת שישיית ארטיקים טבעיים מיני מובחרים,יחידה,6.00,יחידה,false,1,25.90,4.3167,true,1,311326
7290013994066,false,ספלטפלקס אורגני פתיתי כוסמין 375 גר,הרדוף,IT,ספלטפלקס מכוסמין אורגני 375 גר הרדוף,גרמים,375.00,100 גרם,false,1,22.90,6.1067,true,1,308806
7290013994288,false,"קינואה רויאל אורגנית 1 ק""ג",הרדוף,,קינואה רויאל אורגני 1 קג הרדוף,קילוגרמים,1.00,"ק""ג",false,1,29.90,29.9000,true,1,308797
7290013994295,false,קינואה אדומה אורגני הרדוף 500 גרם,אול אורגני,IL,קינואה אדומה אורגנית 500 גר הרדוף,גרמים,500.00,100 גרם,false,1,20.90,4.1800,true,1,308745
7290013994301,false,קינואה שחורה אורגנית 500 גר,אול אורגני,IL,קינואה שחורה אורגנית 500 גר הרדוף,גרמים,500.00,100 גרם,false,1,20.90,4.1800,true,1,308746
7290013994318,false,קינואה מעורבת - טריקולור אורגנית 500 גרם הרדוף,אול אורגני,IL,קינואה מעורבת אורגנית 500 גר הרדוף,גרמים,500.00,100 גרם,false,1,19.90,3.9800,true,1,308747
7290013994554,false,אורז בסמטי לבן 500 אורגני גרם - הרדוף,אול אורגני,IL,אורז בסמטי לבן אורגני 500גר הרדוף,גרמים,500.00,100 גרם,false,1,12.90,2.5800,true,1,308730
7290013994578,false,סובין שיבולת שועל אורגני 300 גר הרדוף,אול אורגני,IL,סובין שבולת שועל אורגני 300 גר הרדוף,גרמים,300.00,100 גרם,false,1,9.90,3.3000,true,1,308739
7290013994585,false,גרעיני דלעת קלופים אורגניים 300 גרם הרדוף,אול אורגני,IL,גרעיני דלעת קלופים אורגני 300 גר הרדוף,גרמים,300.00,100 גרם,false,1,18.90,6.3000,true,1,308740
7290013994653,false,קינואה רויאל אורגני 500 גרם - הרדוף,אול אורגני,IL,קינואה רויאל אורגנית 500 גר הרדוף,גרמים,500.00,100 גרם,false,1,17.90,3.5800,true,1,308744
7290013994677,false,עדשים שחורות אורגניות הרדוף 500 גרם,אול אורגני,IL,עדשים שחורות אורגניות 500 גר הרדוף,גרמים,500.00,100 גרם,false,1,15.90,3.1800,true,1,308741
7290013994714,false,ממרח סויה חרובים ואגוזים אורגני 350 גר,ברינקס פוד,NL,ממרח חרוב סויה אורגני 350 ג הרדוף,גרמים,350.00,100 גרם,false,1,18.90,5.4000,true,1,308729
7290013994776,false,גרגירי תירס קפוא אורג800,פינגווין,BE,גרגירי תירס קפוא אורגני 800 גר הרדוף,גרמים,800.00,100 גרם,false,1,23.90,2.9875,true,1,308829
7290013994783,false,שעועית עדינ.קפוא אורג800,פינגווין,BE,שעועית ירוקה קפואה אורגנית 800 גר,גרמים,800.00,100 גרם,false,1,23.90,2.9875,true,1,308749
7290013994790,false,לקט ירקות קפוא אורגני800,פינגווין,BE,לקט ירקות קפוא אורגני 800 גר הרדוף,גרמים,800.00,100 גרם,false,1,23.90,2.9875,true,1,308830
7290013994806,false,אפונה עדינה קפוא אורג600,פינגווין,BE,אפונה עדינה קפואה אורגנית 600 גר,גרמים,600.00,100 גרם,false,1,23.90,3.9833,true,1,308748
7290013994813,false,הרדוף שעועית שחורה אורגנית 500 גרם,אול אורגני,IL,שעועית שחורה אורגני 500 גר הרדוף,גרמים,500.00,100 גרם,false,1,11.90,2.3800,true,1,308799
7290013994820,false,הרדוף שומשום שחור אורגני 300 גרם,אול אורגני,IL,שומשום שחור אורגני 300 גר הרדוף,גרמים,300.00,100 גרם,false,1,15.90,5.3000,true,1,308800
7290013994905,false,"קמח חיטה 70% אורגני הרדוף 1 ק""ג",,IL,קמח חיטה 70% אורגני 1 קג הרדוף,קילוגרמים,1.00,"ק""ג",false,12,14.90,14.9000,true,1,320904
7290013994912,false,"קמח כוסמין 70% אורגני הרדוף 1 ק""ג",עץ השדה,IL,קמח כוסמין 70% אורגני 1 קג הרדוף,קילוגרמים,1.00,"ק""ג",false,12,16.90,16.9000,true,1,320903
7290013994929,false,קוסקוס מלא אורגני 350 גרם,קרה מונוס,FR,קוסקוס מלא אורגני 350 גר הרדוף,גרמים,350.00,100 גרם,false,1,9.90,2.8286,true,1,312875
7290013994936,false,קוסקוס חצי מלא אורג,,,קוסקוס חצי מלא אורגני 350 גר הרדוף,גרמים,350.00,100 גרם,false,1,9.90,2.8286,true,1,312876
7290013994943,false,קוסקוס אורגני אורגני,הרדוף,,קוסקוס אורגני 350 גר הרדוף,גרמים,350.00,100 גרם,false,1,9.90,2.8286,true,1,312877
7290014001084,false,רוטב סילאן תפוז משק,משק דבורים לין,,רוטב סילאן תפוז משק לין 320 גר,גרמים,320.00,100 גרם,false,1,23.90,7.4687,true,1,311559
7290014001138,false,משק לין רוטב רימונים,משק דבורים לין,IL,רוטב רימון ודבש משק לין 320 גר,גרמים,320.00,100 גרם,false,1,25.90,8.0937,true,1,311560
7290014001145,false,רוטב ברביקיו מעושן עם דבש וסילן,משק דבורים לין,IL,רוטב סילאן ברביקיו שום מעושן 300 גר,גרמים,300.00,100 גרם,false,1,23.90,7.9667,true,1,242896
7290014001275,false,רוטב ברביקיו חריף אש 320,משק דבורים לין,IL,רוטב סילאן ברביקיו חריף אש300 גר,גרמים,300.00,100 גרם,false,1,23.90,7.9667,true,1,242897
7290014001602,false,משק לין מרינדה רימונ,משק דבורים לין,,רוטב וינגרט רימונים דבש וגינגר 320 גר,גרמים,320.00,100 גרם,false,1,25.90,8.0937,true,1,301251
7290014002128,false,תה ירוק לימונית ומנטה 25 שקיקים ויסוצקי,ויסוצקי ירוק,IL,תה ירוק לימונית מנטה,יחידה,25.00,יחידה,false,6,24.90,0.9960,true,1,233116
7290014002135,false,תה ירוק מיקס 5 טעמים ויסוצקי 25 יחידות,תה ויסוצקי,IL,תה ירוק מיקס,יחידה,25.00,יחידה,false,6,24.90,0.9960,true,1,232777
7290014002197,false,חליטת קמומיל ולימונית הגן הקסום ויסוצקי 25 יחידות,תה ויסוצקי,IL,תה גן הקסום קמומיל ולימונית1.5ג25ש,יחידה,25.00,יחידה,false,1,18.90,0.7560,true,1,233063
7290014002203,false,חליטת לימונית ולואיזה הגן הקסום ויסוצקי 25 יחידות,תה ויסוצקי,IL,תה גן הקסום לימונית לואיזה 1.5ג25שק,יחידה,25.00,יחידה,false,1,18.90,0.7560,true,1,233062
7290014002579,false,תה ירוק וניל ויסוצקי 25 יחידות,ויסוצקי ירוק,IL,תה ירוק וניל,גרמים,38.00,100 גרם,false,6,24.90,65.5263,true,1,236022
7290014002944,false,גן קסום חליטת פירות וצמחים חמדת שקד 25 שקיקים,תה ויסוצקי,IL,תה גן קסום פירות חמדת השקד2.3ג 25ש,יחידה,25.00,יחידה,false,12,18.90,0.7560,true,1,242932
7290014002982,false,תה ירוק לימונית ולואיזה ויסוצקי 25 יחידות תוספת סטיביה,ויסוצקי ירוק,IL,תה ירוק סטיביה,יחידה,25.00,יחידה,false,6,24.90,0.9960,true,1,239701
7290014021167,false,חליטת פניני יסמין מי,,CN,חליטת פניני יסמין מיובשים 50 גר,Unknown,0.00,Unknown,false,12,25.90,0.0000,true,1,333543
7290014021433,false,חליטת ורדים מיובשים,,CN,חליטת ורדים מיובשים 15 גר,Unknown,0.00,Unknown,false,12,9.90,0.0000,true,1,333542
7290014021501,false,פרי FREE חטיף בננה קראנצ'י 27 גרם,לנאקו שוואנגטי פודסטאף,CN,חטיף פרי בננה קראנצי ללא סוכר מארז,לא מנהל יחידת מידה,72900.00,לא מנהל יחידת מידה,false,1,10.90,0.0001,true,1,312116
7290014021518,false,פרי FREE חטיף אננס קראנצ'י 27 גרם,לנאקו שוואנגטי פודסטאף,CN,חטיף פרי אננס קראנצי ללא סוכר מארז,Unknown,0.00,Unknown,false,1,10.90,0.0000,true,1,312118
7290014021525,false,פרי FREE חטיף ליצ'י קראנצ'י 27 גרם,לנאקו שוואנגטי פודסטאף,CN,חטיף פרי ליצי קראנצי ללא סוכר מארז,לא מנהל יחידת מידה,72900.00,לא מנהל יחידת מידה,false,1,10.90,0.0001,true,1,312115
7290014021532,false,פרי FREE חטיף אגס קראנצ'י 27 גרם,לנאקו שוואנגטי פודסטאף,CN,חטיף פרי אגס קראנצי ללא סוכר מארז,יחידה,10.00,יחידה,false,1,10.90,1.0900,true,1,312114
7290014021549,false,פרי FREE חטיף תפוח קראנצ'י 27 גרם,,CN,חטיף פרי תפוח קראנצי ללא סוכר מארז,יחידה,10.00,יחידה,false,1,10.90,1.0900,true,1,313117
7290014021648,false,פרי FREE חטיף משמש קראנצ'י 27 גרם,לנאקו שוואנגטי פודסטאף,CN,חטיף פרי משמש קראנצי ללא סוכר מארז,לא מנהל יחידת מידה,72900.00,לא מנהל יחידת מידה,false,1,10.90,0.0001,true,1,312117
7290014046016,false,פסטרמה של פעם דל שומן 2% רכיבים טבעיים,מעדני יחיעם,IL,פסטרמה של פעם 100% חומרים טבעיים 250 גר,גרמים,300.00,100 גרם,false,1,25.90,8.6333,true,1,239742
7290014046047,false,צמד פסטרמות יחיעם 600 גרם,מעדני יחיעם 1993,IL,מארז צמד פסטרמה פפריקה/ברביקיו 600 גרם,גרמים,600.00,100 גרם,false,1,25.90,4.3167,true,1,241332
7290014046474,false,"נקניקיות עוף יחיעם 1.5 ק""ג",מעדני יחיעם,IL,נקניקיות עוף 1.5 קג,קילוגרמים,1.50,"ק""ג",false,1,27.90,18.6000,true,1,245178
7290014046580,false,"פסטרמה מעודנת על האש 300 גרם ""יחיעם""",מעדני יחיעם 1993,IL,פסטרמה מעודנת על גחלים 300 גרם,גרמים,300.00,100 גרם,false,1,21.90,7.3000,true,1,243579
7290014059085,false,"משחת שיניים סנסודיין 75 מ""ל פרימיום לשיקום והגנה","סמית קליין ביצ'ם בע""",GB,מש.שיניים סנסודיין שיקום והגנה 75 מל,מיליליטרים,75.00,"100 מ""ל",false,1,21.90,29.2000,true,1,235514
7290014059436,false,"משחת שיניים סנסודיין 75 מ""ל פרימיום לשיקום והגנה מלבינה 75 מ""ל","סמית קליין ביצ'ם בע""",GB,משחת שיניים סנסודיין לשיקום והגנה מלבינה,מיליליטרים,75.00,"100 מ""ל",false,1,21.90,29.2000,true,1,238069
7290014066359,false,לנדוור-קפסולות אספרסו בלנסד(06) - 10יח'12X יח,"קפה לנדוור בע""\מ",IL,קפסולות אספרסו לנדוור 06בלנסד 10 יח,יחידה,10.00,יחידה,false,12,15.90,1.5900,true,1,322211
7290014066366,false,לנדוור-קפסולות אספרסו ריסטרטו(08) - 10יח'12X יח,קפה לנדוור,IL,קפסולות אספרסו לנדוור08ריסטרטו 10 יח,יחידה,10.00,יחידה,false,12,15.90,1.5900,true,1,322215
7290014066373,false,לנדוור-קפסולות אספרסו קלאסיק(09) - 10יח'12X יח,קפה לנדוור,IL,קפסולות אספרסו לנדוור09קלאסיק 10 יח,יחידה,10.00,יחידה,false,12,15.90,1.5900,true,1,322213
7290014066380,false,לנדוור-קפסולות אספרסו סופרימו(10) - 10יח'12X יח,קפה לנדוור,IL,קפסולות אספרסו לנדוור10סופרימו 10 יח,יחידה,10.00,יחידה,false,12,15.90,1.5900,true,1,322212
7290014066441,false,לנדוור-קפסולות אספרסו נטול קפאין(07) - 10יח'12X יח,קפה לנדוור,IL,קפסולות אספרסו לנדוור נטול קפאין 10 יח,יחידה,10.00,יחידה,false,12,15.90,1.5900,true,1,322210
7290014066526,false,לנדוור-קפסולות אספרסו תערובת הבית(11) - 10יח'12X יח,קפה לנדוור,IL,קפסולות אספרסו לנדוור11הבית 10 יח,יחידה,10.00,יחידה,false,12,15.90,1.5900,true,1,322216
7290014066533,false,לנדוור-קפסולות אספרסו קלייה כפולה(12) - 10יח'12X יח,קפה לנדוור,IL,קפסולות אספרסו לנדוור12קליה כפולה 10 יח,יחידה,10.00,יחידה,false,12,15.90,1.5900,true,1,322214
7290014083813,false,וילי פוד מריגה שפרוטים מעושנים בשמן 190ג,הנסיך- מפעל לייצור ט,LV,שפרוטים מעושנים בשמן ריגה 190 גר,גרמים,190.00,100 גרם,false,1,7.90,4.1579,true,1,234156
7290014094338,false,דלעת מקולפת 250 גרם בקופסא,"דין שיווק וקלייה בע""",,גרעיני דלעת מקולפות 250 גרבקופסא,גרמים,250.00,100 גרם,false,1,14.90,5.9600,true,1,242017
7290014094345,false,גרעיני חמניה קלופים ששון הקולה בקופסא 300 גרם,"דין שיווק וקלייה בע""",US,גרעיני חמניה קלופים 300 גר קופסא,גרמים,300.00,100 גרם,false,1,10.90,3.6333,true,1,242031
7290014094352,false,אגוזי מלך בקופסא 200 ג',"שקדיה גבע תעשיות בע""",,אגוזי מלך 200 גר בקופסא,גרמים,200.00,100 גרם,false,1,15.90,7.9500,true,1,242026
7290014094369,false,שקד טבעי 200 גר קופסא ששון הקולה,"דין שיווק וקלייה בע""",IL,שקד טבעי 200 גר בקופסא,גרמים,200.00,100 גרם,false,1,21.90,10.9500,true,1,242027
7290014094376,false,שזיפים ללא גלעין 330 גר,"דין שיווק וקלייה בע""",,שזיף מגולען 250 גרם בקופסא,גרמים,250.00,100 גרם,false,1,22.90,9.1600,true,1,242021
7290014094383,false,משמש מיובש ששון הקול,"דין שיווק וקלייה בע""",,משמש מיובש 250 גרם בקופסא,גרמים,250.00,100 גרם,false,1,21.90,8.7600,true,1,242022
7290014094390,false,חמוציות בקופסא ששון הקולה 330 גרם,"דין שיווק וקלייה בע""",,חמוציות 250 גרם בקופסא,גרמים,250.00,100 גרם,false,1,15.90,6.3600,true,1,242016
7290014094406,false,צימוק לבן בקופסא ששון הקולה 330 גרם,"דין שיווק וקלייה בע""",,צימוק לבן 250 גר בקופסא,גרמים,250.00,100 גרם,false,1,15.90,6.3600,true,1,242018
7290014094482,false,"רוטב צ''ילי חריף 700 מ""ל אהרוני","דין שיווק וקליה בע""מ",TH,רוטב צילי חריף אהרוני 700 מל,מיליליטרים,700.00,"100 מ""ל",false,1,10.90,1.5571,true,1,242034
7290014094512,false,"רוטב טריאקי 300 מ""ל אהרוני",גוואנגזו,TH,רוטב טריאקי אהרוני 300 מל,מיליליטרים,300.00,"100 מ""ל",false,1,11.90,3.9667,true,1,235117
7290014094529,false,"רוטב סויה 300 מ""ל אהרוני",הלתי פוד פרודקט,IL,רוטב סויה אהרוני 300 מל,מיליליטרים,300.00,"100 מ""ל",false,1,11.90,3.9667,true,1,235116
7290014094543,false,"תרסיס שמן קנולה שקדיה 186 מ""ל",שקדיה,TR,תרסיס שמן קנולה שקדיה 170 מל,מיליליטרים,170.00,"100 מ""ל",false,12,13.90,8.1765,true,1,241545
7290014094567,false,שמן זית כתית מעולה 750 מל אהרוני,"דין שיווק וקלייה בע""",IL,שמן זית אהרוני כתית מעולה 750 מל,מיליליטרים,750.00,"100 מ""ל",false,1,29.90,3.9867,true,1,242033
7290014094611,false,שקד מולבן פרוס בקופס,"דין שיווק וקלייה בע""",IL,שקד פרוס 200 קופסא,גרמים,200.00,100 גרם,false,12,21.90,10.9500,true,1,242024
7290014094628,false,פקאן טבעי 200 גרם בקופסא,"דין שיווק וקלייה בע""",IL,פקאן טבעי 200 קופסא,גרמים,200.00,100 גרם,false,12,25.90,12.9500,true,1,242025
7290014094635,false,אגוז ברזיל 250 גרם בקופסא,"דין שיווק וקלייה בע""",,אגוז ברזיל 200 גר בקופסא,גרמים,200.00,100 גרם,false,1,29.90,14.9500,true,1,242028
7290014094642,false,קשיו טבעי גדול בקופס,"דין שיווק וקלייה בע""",,אגוז קשיו טבעי 200 גר בקופסא,גרמים,200.00,100 גרם,false,1,26.90,13.4500,true,1,242029
7290014094659,false,בונדוק טבעי 250 גרם בקופסא,"ליגו, ואני",IL,בונדוק טבעי 250 קופסא(חסר),גרמים,250.00,100 גרם,false,12,26.00,10.4000,true,1,242030
7290014094826,false,שזיפים ללא גלעין בשקית ששון הקולה 300 גרם,"דין שיווק וקלייה בע""",,שזיפים מיובשים ללא גלעין 300 גר,גרמים,300.00,100 גרם,false,1,19.90,6.6333,true,1,234127
7290014094857,false,פקאן סיני מסוכר 150 גרם ששון הקולה,"דין שיווק וקלייה בע""",IL,פקאן סיני מסוכר 150 גר,גרמים,150.00,100 גרם,false,25,21.90,14.6000,true,1,233903
7290014094864,false,פיסטוק קלוי 170 גר עם קליפה ששון הקולה,"דין שיווק וקלייה בע""",IL,פיסטוק קלוי 170 גר,גרמים,170.00,100 גרם,false,25,16.90,9.9412,true,1,233902
7290014094895,false,אגוזים קלופים בשקית ששון הקולה 150 גרם,"שקדיה גבע תעשיות בע""",IL,אגוזים קלופים ששון הקולה 150 ג,גרמים,150.00,100 גרם,false,1,10.90,7.2667,true,1,233909
7290014094901,false,פקאן טבעי 150 גרם ששון הקולה,"דין שיווק וקלייה בע""",IL,פקאן טבעי 150 גר,גרמים,150.00,100 גרם,false,25,20.00,13.3333,true,1,233910
7290014095861,false,שיבולת שועל דקה בשקית שקדיה 500 גרם,"דין שיווק וקלייה בע""",IL,קווקר שיבול שועל דקה 500 גר,גרמים,500.00,100 גרם,false,1,5.90,1.1800,true,1,235106
7290014095946,false,משוקלדים פקאן בשוקולד מריר 140 גרם,"שקדיה גבע תעשיות בע""",IL,פקאן מצופה שוקולד מריר 160 גר קופסא,גרמים,160.00,100 גרם,false,1,11.90,7.4375,true,1,246203
7290014095953,false,פקאן בציפוי שוקולד בקופסא שקדיה 140 גרם,שקדיה גבע בתעשיות עמ,IL,פקאן מצופה שוקולד חלב160 גר קופסא,גרמים,160.00,100 גרם,false,1,11.90,7.4375,true,1,246204
7290014095960,false,שיבולת שועל עבה בשקית שקדיה 500 גרם,"דין שיווק וקלייה בע""",IL,קווקר שיבול שועל עבה 500 גר,גרמים,500.00,100 גרם,false,1,5.90,1.1800,true,1,235107
7290014106284,false,יין ריזלינג וולקני 2,,IL,יין ריזלינג וולקני 2016 750 מל,מיליליטרים,750.00,"100 מ""ל",false,1,85.00,11.3333,true,1,320756
7290014126343,false,בישוקטים בונומי וניל קקאו קקאו 200 גרם,דנשר,IT,בישקוטים בונמי וניל קקאו 200גר,גרמים,200.00,100 גרם,false,1,7.00,3.5000,true,1,239819
7290014126428,false,מרמולייט סוכרלוז 150 יחידות,מיוצר עי קונדיטוריית,CN,ממתיק סוכרלוז סטיביה 150 טבליות,יחידה,150.00,יחידה,false,1,22.90,0.1527,true,1,243896
7290014138988,false,לפידונים נוזלי 44 כוסיות עם שמן זית להדלקה בחנוכה,מנורה,,לפידוני שמן זית נוזלי 44יח,יחידה,44.00,יחידה,false,10,59.90,1.3614,true,1,332619
7290014151093,false,יין מריוס 2016 750מל,,,יין מריוס 2016 750מל תיתורה פקדון,מיליליטרים,750.00,"100 מ""ל",false,1,65.00,8.6667,true,1,336627
7290014151222,false,יין גטרו 2016 750מל,,,יין גטרו 2016 750מל תיתורה פקדון,מיליליטרים,750.00,"100 מ""ל",false,1,65.00,8.6667,true,1,336628
7290014151680,false,יין רוזה מדמוזל 2021,,,יין רוזה מדמוזל 2021 תיתורה 750מל,מיליליטרים,750.00,"100 מ""ל",false,1,80.00,10.6667,true,1,336623
7290014151697,false,יין לבן מדמוזל 2021,,,יין לבן מדמוזל 2021 תיתורה 750מל,מיליליטרים,750.00,"100 מ""ל",false,1,80.00,10.6667,true,1,336624
7290014151796,false,יין קברנה סוביניון 7,,,יין קברנה סוביניון 750מל תיתורה 2019 פקד,מיליליטרים,750.00,"100 מ""ל",false,1,110.00,14.6667,true,1,336625
7290014151802,false,יין מרלו 750מל גבעת,,,יין מרלו 750מל גבעת תיתורה 2019 פקדון,מיליליטרים,750.00,"100 מ""ל",false,1,110.00,14.6667,true,1,336626
7290014217065,false,אורגנו עלים בקופ' 30 גר' טעם וריח,"תבליני טעם וריח בע""מ",IL,אורגנו עלים 30 ג מיכל גדול,Unknown,0.00,Unknown,false,1,9.90,0.0000,true,1,232212
7290014217119,false,תערובת לצ'יפס בקופ' 100 גר' טעם וריח,"תבליני טעם וריח בע""מ",IL,תיבול לציפס מיכל גדול 100 גר,גרמים,100.00,100 גרם,false,1,9.90,9.9000,true,1,243662
7290014217157,false,תיבול טוסקנה בקופ' 120 גר' טעם וריח,"תבליני טעם וריח בע""מ",IL,תיבול טוסקנה מיכל גדול 100 גר,גרמים,100.00,100 גרם,false,1,9.90,9.9000,true,1,243660
7290014217164,false,תבלין פטרוזיליה מיכל גדול 20 ג',"תבליני טעם וריח בע""מ",IL,פטרוזיליה במיכל 20 גר,Unknown,0.00,Unknown,false,1,9.90,0.0000,true,1,243665
7290014217171,false,תערובת תיבול תיבול גריל דג מיכל 100ג',"תבליני טעם וריח בע""מ",IL,תיבול לגריל דג מיכל גדול 100 גר,גרמים,100.00,100 גרם,false,1,9.90,9.9000,true,1,243661
7290014217201,false,"תערובת תיבול סומק 45 גרם ""טעם וריח""","תבליני טעם וריח בע""מ",IL,תערובת תיבול סומק 40 גר מיכל קטן,Unknown,0.00,Unknown,false,6,6.90,0.0000,true,1,296943
7290014217263,false,תיבול לפרגית בקופ' 100 גר' טעם וריח,"תבליני טעם וריח בע""מ",IL,תיבול לפרגיות מיכל 100 גרם,גרמים,100.00,100 גרם,false,1,9.90,9.9000,true,1,298880
7290014217348,false,"מיכל צ'ילי כתוש 70 גר' ""טעם וריח""","תבליני טעם וריח בע""מ",IL,צילי כתוש 70 גר מיכל גדול,גרמים,150.00,100 גרם,false,1,9.90,6.6000,true,1,240315
7290014217355,false,קרי אבקה בקופ' 100 גר' טעם וריח,"תבליני טעם וריח בע""מ",IL,אבקת קרי 100גר מיכל גדול,גרמים,150.00,100 גרם,false,1,9.90,6.6000,true,1,240316
7290014217362,false,תיבול לקציצות בקופ' 100 גר' טעם וריח,"תבליני טעם וריח בע""מ",IL,תיבול לקציצות 100 ג מיכל גדול,גרמים,100.00,100 גרם,false,1,9.90,9.9000,true,1,240317
7290014217386,false,מרינדת צ'ילי חריף 80 גרם טעם וריח,תבליני טעם וריח,IL,זוג מרינדה צילי חריף לעוף 80 גרם,Unknown,0.00,Unknown,false,1,10.00,0.0000,true,1,326808
7290014217393,false,אבקת צ'ילי חריף 30 גרם מיכל קטן,"תבליני טעם וריח בע""מ",IL,צילי טחון חריף 30 גר מיכל קטן,Unknown,0.00,Unknown,false,1,6.90,0.0000,true,1,329224
7290014217409,false,תערובת עשבי תיבול הרבס דה פרובנס טעם וריח 100 ג',"תבליני טעם וריח בע""מ",IL,עשבי תיבול הרבס דה פרובנס,Unknown,0.00,Unknown,false,1,9.90,0.0000,true,1,329608
7290014217478,false,תערובת עשבי תיבול איטלקי ים תיכוני 30ג',"תבליני טעם וריח בע""מ",IL,עשבי תיבול איטלקי30ג מיכל גדול,Unknown,0.00,Unknown,false,1,9.90,0.0000,true,1,299337
7290014217485,false,תיבול קייג'ון בקופ' 100 גר' טעם וריח,"תבליני טעם וריח בע""מ",IL,תיבול קייגון 100 ג מיכל גדול,גרמים,100.00,100 גרם,false,1,9.90,9.9000,true,1,300811
7290014217492,false,תיבול פילדלפיה בקופ' 100 גר' טעם וריח,"תבליני טעם וריח בע""מ",IL,תיבול פילדלפיה 100 ג מיכל גדול,גרמים,100.00,100 גרם,false,1,9.90,9.9000,true,1,300812
7290014217515,false,תבלין ציפוי ללחם מלוח טעם וריח 90 ג',"תבליני טעם וריח בע""מ",IL,תערובת ציפוי מאפה מלוח מיכל 90 גרם,Unknown,0.00,Unknown,false,1,9.90,0.0000,true,1,313722
7290014217522,false,תערובת ללחם שום טעם וריח 100 ג',"תבליני טעם וריח בע""מ",IL,תערובת לחם שום מיכל 100 גרם,גרמים,100.00,100 גרם,false,1,9.90,9.9000,true,1,313720
7290014218321,false,בורקס אישי יפו גבינה מעדנות 600 גרם,מיוצר עי קונדיטוריית,IL,בורקס גבינה אישי 4יח 150 גרם,גרמים,600.00,100 גרם,false,1,18.90,3.1500,true,1,297190
7290014218338,false,"בורקס אישי יפו תפו""א מעדנות 600 גרם",מיוצר עי קונדיטוריית,IL,בורקס תפוא אישי 4יח 150 גרם,גרמים,600.00,100 גרם,false,1,17.90,2.9833,true,1,297187
7290014218536,false,בצק עלים מרודד מופחת שומן מעדנות 1 קג,תנובה מעדנות,IL,בצק עלים מופחת שומן 1 קג,גרמים,1000.00,100 גרם,false,1,22.90,2.2900,true,1,301550
7290014218932,false,חטיפי פיצה בתוספ זיתים בשקית מעדנות 710 גרם,מיוצר עי קונדיטוריית,IL,חטיפי פיצה גבינה זיתים 710 גר,גרמים,710.00,100 גרם,false,8,31.90,4.4930,true,1,317524
7290014256231,false,"יין 4 וואטס אדום יקבי כרמל 750 מ""ל",,,יין 4 חביות אדום יבש 2014 750 מל,מיליליטרים,750.00,"100 מ""ל",false,1,60.00,8.0000,true,1,295779
7290014256620,false,"יין מבעבע קריניאנו באזז יקבי כרמל 750 מ""ל",יקבי כרמל Carmel Winery,IL,""" יין קריניאן באז אדום 750 מל",מיליליטרים,750.00,"100 מ""ל",false,1,35.00,4.6667,true,1,244309
7290014256637,false,"יין מבעבע מוסקטו באזז יקבי כרמל 750 מ""ל",יקבי כרמל Carmel Winery,IL,""""" יין מוסקטו באז לבן 750 מל",מיליליטרים,750.00,"100 מ""ל",false,1,35.00,4.6667,true,1,244308
7290014258730,false,תרכובת מזון צמחי לתינוקות מגיל 12 חודשים ואילך,מטרנה תעשיות ש.מ,IL,מטרנה צמחית 700 גרם כשלפ,גרמים,700.00,100 גרם,false,12,74.90,10.7000,true,1,244924
7290014265066,false,יין הר עמשא לבן יתיר 750 מל,,,יין הר עמשא לבן 2020 750 מל,מיליליטרים,750.00,"100 מ""ל",false,1,100.00,13.3333,true,1,332556
7290014265516,false,יין יער יתיר אדום 75,,,יין יער יתיר אדום 750מל,מיליליטרים,750.00,"100 מ""ל",false,1,250.00,33.3333,true,1,314347
7290014265714,false,יין יער יתיר 750 מל,,,יין יער יתיר 750 מל,מיליליטרים,750.00,"100 מ""ל",false,1,250.00,33.3333,true,1,326195
7290014265820,false,יין יקבי יתיר הר עמש,יקבי כרמל,IL,יין הר עמשא 2018 750 מל,מיליליטרים,750.00,"100 מ""ל",false,1,100.00,13.3333,true,1,328168
7290014265837,false,יין נחל יתיר אדום 7,כרמל מזרחי,IL,יין נחל יתיר אדום 750 מל,מיליליטרים,750.00,"100 מ""ל",false,6,150.00,20.0000,true,1,324596
7290014266001,false,בירה רונן אייל כהה מ,,IL,בירה רונן אייל כהה מר 330מל 6.2%בק.פקדון,מיליליטרים,330.00,"100 מ""ל",false,24,14.60,4.4242,true,1,328777
7290014266018,false,בירה רונן חיטה ענברי,,IL,בירה רונן חיטה ענברית 330מל 6.1%בק.פקדון,מיליליטרים,330.00,"100 מ""ל",false,24,14.60,4.4242,true,1,328776
7290014266049,false,בירה עמק האלה אירית,,IL,בירה עמק האלה אירית אדמונית 330מל בק.פקד,מיליליטרים,330.00,"100 מ""ל",false,24,14.60,4.4242,true,1,328771
7290014266063,false,בירה עמק האלה טריפל,,IL,בירה עמק האלה טריפל בלגית 330מל בק.פקד,מיליליטרים,330.00,"100 מ""ל",false,24,14.90,4.5152,true,1,328774
7290014298200,false,בקבוקי שתיה ילדים,,,בקבוק שתיה,יחידה,1.00,יחידה,false,1,29.90,29.9000,true,1,244749
7290014298491,false,שבבי סבון מוסקו מפיץ,מוסקו,IL,אריזת מתנה שבבי סבון ריחניים,יחידה,1.00,יחידה,false,1,25.00,25.0000,true,1,297577
7290014298699,false,צלחת במבוק אביב/נורי,,,צלחת במבוק אביב/נוריות 10 סמ,יחידה,1.00,יחידה,false,1,14.90,14.9000,true,1,243474
7290014298705,false,כוס במבוק אביב/נוריו,,,כוס במבוק אביב/נוריות,יחידה,1.00,יחידה,false,1,12.00,12.0000,true,1,243477
7290014298989,false,"בקבוק צמידים טריטן 750 מ""ל MOSCO",,CN,בקבוק שתיה ייחודי,יחידה,1.00,יחידה,false,1,39.90,39.9000,true,1,304120
7290014298996,false,בקבוק תרמי 500 מ''ל מוסקו,,,בקבוק שתיה טרמי,יחידה,1.00,יחידה,false,1,49.90,49.9000,true,1,246325
7290014305045,false,בירה יונק הדבש בסגנון בלגי כהה,הדובים,,בירה הדובים יונק הדבש 330 מל פקדון,מיליליטרים,330.00,"100 מ""ל",false,1,14.90,4.5152,true,1,309008
7290014305236,false,"בירה הדובים טייפון 330 מ""ל",,,בירה הדובים טייפון 330 מל פקדון,מיליליטרים,330.00,"100 מ""ל",false,1,14.90,4.5152,true,1,313049
7290014305571,false,"בירה הדובים עשן לבן 330 מ""ל",,,בירה הדובים עשן לבן 330 מל פקדון,מיליליטרים,330.00,"100 מ""ל",false,1,14.90,4.5152,true,1,329496
7290014318090,false,מיני ניוקי ללא גלוטן 500 גרם,VINCI,IT,ניוקי מיני ללא גלוטן וינצי 500 גר,גרמים,500.00,100 גרם,false,1,15.90,3.1800,true,1,244493
7290014318113,false,"ניוקי תפו""א ללא גלוטן 500 גרם",VINCI,IT,ניוקי תפא ללא גלוטן וינצי 500 גר,גרמים,500.00,100 גרם,false,1,15.90,3.1800,true,1,244492
7290014318243,false,פולנטה איטלקית עדינה בווקום 1 קג,,,קמח פולנטה איטלקי עדין 1 קג,קילוגרמים,1.00,"ק""ג",false,1,12.90,12.9000,true,1,306661
7290014318250,false,"פולנטה איטלקית מקורית 1 ק""ג (10)",,,פולנטה איטלקית מקורית 1 קג,קילוגרמים,1.00,"ק""ג",false,1,12.90,12.9000,true,1,306662
7290014318281,false,מחית פטריות כמהין 5% כשר 90 גר כשר (12),טרטופי,IT,ממרח פטריות כמהין 5% 90 גר,Unknown,0.00,Unknown,false,1,46.90,0.0000,true,1,298991
7290014318854,false,דפי אורז מלא 250 גרם,,VN,דפי אורז מלא 250גר,גרמים,250.00,100 גרם,false,24,10.90,4.3600,true,1,321156
7290014318861,false,"קרם קוקוס אורגני 17.5% שומן 250 מ""ל",,LK,קרם קוקוס אורגני 18% שומן 250מל,גרמים,250.00,100 גרם,false,12,10.90,4.3600,true,1,321157
7290014318892,false,"מיץ סלק אורגני 946 מ""ל",,TR,מיץ סלק אורגני 946מל בק. פקדון,מיליליטרים,946.00,"100 מ""ל",false,6,15.90,1.6808,true,1,321165
7290014318939,false,רוטב ויניגרט בטעם חר,קובינור,,רוטב וינגרט קובינור עם חרדל 500 מל,מיליליטרים,500.00,"100 מ""ל",false,1,11.90,2.3800,true,1,322021
7290014318946,false,רוטב ויניגרט בטעם לי,קובינור,,רוטב וינגרט קובינור לימון שמן זית500 מל,מיליליטרים,500.00,"100 מ""ל",false,1,11.90,2.3800,true,1,322023
7290014338951,false,מארז וופל בלגי 10יח,,,מארז וופל בלגי 10יח 55 גרם,יחידה,10.00,יחידה,false,8,31.90,3.1900,true,1,331298
7290014338968,false,מיני פנקייק הולנדי ט,טימפוד,,מיני פנקייק הולנדי טימפוד 500 גרם,גרמים,500.00,100 גרם,false,1,34.90,6.9800,true,1,328270
7290014338975,false,קרפ הולנדי בייתי,טימפוד,,קרפ הולנדי 600 גרם 10יח,גרמים,600.00,100 גרם,false,1,26.90,4.4833,true,1,328269
7290014397279,false,שקיות מזון גדולות XL סנו סושי 300 יחידות,"אשפלסט תעשיות בע""מ",CN,שקיות מזון סנו סושי 300 יח 27/21סמ,יחידה,300.00,יחידה,false,1,12.90,0.0430,true,1,233867
7290014397521,false,"מבשם אויר סנו פרש הום בניחוח לבנדר 350 מ""ל",סנו פרש Fresh,IL,מ. אויר סנופרש הום בריח לבנדר פרובאנ350מ,מיליליטרים,350.00,"100 מ""ל",false,1,13.90,3.9714,true,1,233864
7290014397705,false,נוזל רצפות פוליווקס פרקט מרענן סנו 2ל',סנו פוליויקס,IL,נוזל רצפה פוליויקס פרקט רענן 2 ליטר,ליטרים,2.00,ליטר,false,1,19.90,9.9500,true,1,236114
7290014397767,false,סנו ריצפז פרש הום 2 ליטר בניחוח כותנה-מרכז,"סנו מפעלי ברונוס בע""",IL,נוזל ריצפז פרש הום 2 ליטר כותנה מלטפתסנו,ליטרים,2.00,ליטר,false,1,21.90,10.9500,true,1,236749
7290014397774,false,רצפז פרש הום טבע רענן 2 ל',סנו פרש Fresh,IL,נוזל ריצפז פרש הום 2 ליטר טבע רענן סנו,ליטרים,2.00,ליטר,false,1,21.90,10.9500,true,1,236750
7290014397781,false,סנו ריצפז פרש הום 2 ליטר בניחוח סבון,סנו פרש Fresh,IL,נוזל ריצפז פרש הום סבון מפנק סנו 2 לי,ליטרים,2.00,ליטר,false,1,21.90,10.9500,true,1,236751
7290014397835,false,סנו - מט דוחה יתושים נוזלי מכשיר + מילוי 45 לילות,זובאלה,IT,סנומט דוחה יתושים מכשיר+נוזל 45לילות,Unknown,0.00,Unknown,false,1,44.90,0.0000,true,1,240050
7290014397873,false,מרכך כביסה בבישום עוצמתי ג'נטל בריז,סנו מפעלי ברונוס בעמ,IL,מרכך כביסה סנומקסימה 4 ל בריזה,ליטרים,4.00,ליטר,false,1,22.90,5.7250,true,1,319948
7290014397897,false,"מבשם בגדים ואריגים כותנה מקסימה 350 מ""ל סנו",סנו מפעלי ברונוס בעמ,IL,מבשם בגדים ואריגים כותנה 350מל סנו מקסימ,מיליליטרים,350.00,"100 מ""ל",false,1,14.90,4.2571,true,1,237528
7290014397903,false,מבשם בגדים ואריגים מקסימה Soft linen,סנו-מקסימה,IL,מבשם בגדים ואריגים סופט 350מל סנו מקסימ,מיליליטרים,350.00,"100 מ""ל",false,1,14.90,4.2571,true,1,237529
7290014426061,false,משחת שיניים הלו קיטי בטעם ענבים לגיל 2-6,כצט נוביס,IL,מש.שיניים הלו קיטי לילדים,Unknown,0.00,Unknown,false,1,12.90,0.0000,true,1,235525
7290014435377,false,חומוס עם רוטב מסבחה שמיר 400 גרם,סלטי שמיר 2006 בעמ,IL,חומוס עם רוטב מסבחה 400גר,גרמים,400.00,100 גרם,false,1,11.90,2.9750,true,1,238501
7290014435384,false,חומוס עם טחינה מיוחדת שמיר 400 גרם,סלטי שמיר 2006 בעמ,IL,חומוס עם טחינה מיוחדת 400גר,גרמים,400.00,100 גרם,false,1,11.90,2.9750,true,1,238502
7290014435391,false,חומוס אורגינל עם גרגירים שמיר 400 גרם,"סלטי שמיר 2006 בע""מ",IL,חומוס עם גרגרים 400גר,גרמים,400.00,100 גרם,false,1,11.90,2.9750,true,1,238503
7290014435803,false,מטיאס הולנדי (פרובנציאל) עם בצל בשמן 180 גרם,שבעת הימים - שמיר,IL,דג מטיאס הולנדי פרובנציאל עם בצל 180גרם,גרמים,180.00,100 גרם,false,1,17.90,9.9444,true,1,242851
7290014435810,false,נתחי הרינג כבוש עם בצל במרינת חמוץ מתוק שמיר 220 גרם,שבעת הימים - שמיר,IL,דג הרינג כבוש עם בצל חמוץ מתוק 180גרם,גרמים,180.00,100 גרם,false,1,17.90,9.9444,true,1,242853
7290014435827,false,פילה מקרל מעושן בשמן ויטהול 180 גר,שבעת הימים - שמיר,IL,דג פילה מקרל מעושן בשמן ויטהול 180גרם,גרמים,180.00,100 גרם,false,1,24.90,13.8333,true,1,242849
7290014435834,false,מקרל מעושן פרוס בשמן שמיר 180 גרם,שבעת הימים - שמיר,IL,דג מקרל מעושן פרוס בשמן 180 גרם,גרמים,180.00,100 גרם,false,1,24.90,13.8333,true,1,242850
7290014435841,false,פילה הרינג עם בצל בשמן מטיאס הולנדי שמיר 200 גרם,סלטי שמיר 2006 בעמ,IL,דג פילה מטיאס הולנדי בשמן 180 גרם,גרמים,180.00,100 גרם,false,1,17.90,9.9444,true,1,242852
7290014435889,false,סלט מטיאס עם מיונז שמיר 200 גרם,שבעת הימים - שמיר,IL,סלט מטיאס עם מיונז 180 גרם,גרמים,180.00,100 גרם,false,1,17.90,9.9444,true,1,242858
7290014435896,false,סלט סלמון עם מיונז שמיר 180 גרם,שבעת הימים - שמיר,IL,סלט סלמון עם מיונז 180 גרם,גרמים,180.00,100 גרם,false,1,21.90,12.1667,true,1,242856
7290014451018,false,ספוג כלים אקולוגי 4 יח GF,גרין-פלאש,CA,ספוג לשטיפת כלים ממוחזר 4 יח,יחידה,4.00,יחידה,false,1,16.90,4.2250,true,1,239350
7290014451230,false,נייר אפייה טבעי 30 דפים GF,גרין פלאש,IL,נייר אפיה טבעי 30 יח נשלפים אחד אחד42/37,יחידה,30.00,יחידה,false,1,16.90,0.5633,true,1,304210
7290014451247,false,מטליות מבד במבוק 92 דפים GF,גרין-פלאש,IL,מטליות ניקוי רב פעמי ממוחזרות 92יח,יחידה,92.00,יחידה,false,1,19.90,0.2163,true,1,308144
7290014455245,false,גבינת גרנה פדנו משולש 29% 200 גרם בית יוסף,מחלבת סוציאלה מנטובה,IT,גבינה גרנה פדנו משולש 200 גרם,גרמים,20000.00,100 גרם,false,13,26.90,0.1345,true,1,296822
7290014455252,false,גבינה קשה מגורדת גרנה פדנו 29% שומן,מחלבות גד שיווק 1992,IT,גבינה גרנה פדנו מגורד 100 גרם,גרמים,10000.00,100 גרם,false,1,13.50,0.1350,true,1,296823
7290014455320,false,גבינה כדורי מוצרלה פרסקה גד 100ג',מחלבות גד בעמ,IL,גבינת מוצרלה פרסקה 100 גר כדור,גרמים,100.00,100 גרם,false,1,10.90,10.9000,true,1,245364
7290014455467,false,ירח מתוק מעדן חלב 2% ושיבולת שועל גד 150ג',גבינות מדף,IL,מעדן שיבולת שועל וחלב 2% שומן 150 גרם,גרמים,150.00,100 גרם,false,1,6.30,4.2000,true,1,297102
7290014455610,false,"יוגורט עיזים תות 125 גרם ""גד""",מיוצר על ידי קוד יצר,IL,יוגורט עיזים תות 125 גרם 2.8% שומן,גרמים,125.00,100 גרם,false,20,6.50,5.2000,true,1,300523
7290014455627,false,יוגורט עיזים דובדבן אמרנה 125 גר,מיוצר עי קוד יצרן MK,IL,יוגורט עיזים דובדבן 125 גרם 2.8% שומן,גרמים,125.00,100 גרם,false,20,6.50,5.2000,true,1,300525
7290014459137,false,"תפוגן סטייק צ'יפס 1.5 ק""ג אסם","תעשיות תפוגן בע""\מ",IL,סטייק ציפס תפוגן 1.5 קג,גרמים,1500.00,100 גרם,false,8,24.90,1.6600,true,1,238540
7290014459373,false,"צ'יפס קראנצ'י לתנור קפוא תפוגן 1.5ק""ג","תעשיות תפוגן בע""\מ",IL,תפוגן ציפס קראנצי לתנור 1.5קג,קילוגרמים,1.50,"ק""ג",false,8,24.90,16.6000,true,1,297550
7290014459472,false,"צ'יפס קפוא תפוגן 2 ק""ג כשל""פ","תעשיות תפוגן בע""מ",IL,ציפס קלאסי תפוגן 2קג,קילוגרמים,2.00,"ק""ג",false,1,26.90,13.4500,true,1,303473
7290014459939,false,"טוגן צ'יפס אמריקאי תפוגן 1.7 ק""ג",תפוגן,IL,ציפס אמריקאי 1.7 קג תפוגן,גרמים,1700.00,100 גרם,false,6,18.90,1.1118,true,1,323030
7290014466128,false,"יין הר חרמון אינדיגו 750 מ""ל",מיוצר וממולא על ידי יקב,IL,יין ירדן הר חרמון אינדיגו 750 מל פקדון,מיליליטרים,750.00,"100 מ""ל",false,1,40.00,5.3333,true,1,233480
7290014466463,false,"יין הר חרמון מסקטו עברית 750 מ""ל",יקבי רמת הגולן קצרין,IL,יין הר חרמון מוסקטו 2013 750מל פקדון,מיליליטרים,750.00,"100 מ""ל",false,1,40.00,5.3333,true,1,237290
7290014466609,false,יין מרלו גמלא 2020 750 מל,יקבי רמת הגולן קצרין,IL,יין גמלא מרלו 2012 750 מל פיקדון,מיליליטרים,750.00,"100 מ""ל",false,1,60.00,8.0000,true,1,297348
7290014466890,false,"יין גמלא השמורה קברנה מרלו 2020 750 מ""ל",יקבי רמת הגולן,,יין גמלא קברנה מרלו השמורה 750מל 2013,מיליליטרים,750.00,"100 מ""ל",false,1,60.00,8.0000,true,1,300582
7290014471412,false,"מוזלי בוטנים אגוזים ושקדים 1 ק""ג - 412 ירוק שקדיה","דין שיווק וקלייה בע""",IL,מיזלי בוטנים אגוזים ושקדים 1 קג - 412 יר,קילוגרמים,1.00,"ק""ג",false,10,21.90,21.9000,true,1,238013
7290014471429,false,"מוזלי עם פירות 1 ק""ג - 429 סגול שקדיה","דין שיווק וקלייה בע""",IL,מיזלי עם פירות 1 קג - 429 סגול שקדיה,קילוגרמים,1.00,"ק""ג",false,10,21.90,21.9000,true,1,238012
7290014471436,false,"מוזלי צימוקים תפוח קינמון וגרעיני חמניה 1 ק""ג כחול שקדיה","דין שיווק וקלייה בע""",MK,מיזלי צימוקים תפוח קינמון וגרעיני חמניה,קילוגרמים,1.00,"ק""ג",false,10,21.90,21.9000,true,1,238007
7290014471443,false,"גרנולה צימוקים אגוזים ושקדים1 ק""ג חדש - 443 כתום שקדיה (כתום)","דין שיווק וקלייה בע""",MK,גרנולה צימוקים אגוזים ושקדים1 קג חדש - 4,קילוגרמים,1.00,"ק""ג",false,12,21.90,21.9000,true,1,238006
7290014471702,false,חטיף אורז בטעם צילי 150 גרם,"דין שיווק וקלייה בע""",,חטיף אורז טעם צילי 150 גר,גרמים,150.00,100 גרם,false,1,14.90,9.9333,true,1,238030
7290014471740,false,אפונה קלויה בטעם ווסאבי 220 גרם,,,אפונה קלויה טעם ווסאבי 220 גר,גרמים,220.00,100 גרם,false,1,14.90,6.7727,true,1,317884
7290014472136,false,גרעיני חמנייה ששון הקולה 150 גרם,"דין שיווק וקלייה בע""",IL,גרעין שחור קלוי 150 גר ששון הקולה,גרמים,150.00,100 גרם,false,25,4.50,3.0000,true,1,242041
7290014472228,false,תאנים מיובשות 250 גר,"דין שיווק וקלייה בע""",,תאנים מיובשות 250 גר בקופסא,גרמים,250.00,100 גרם,false,1,22.00,8.8000,true,1,242023
7290014472235,false,פקאן סיני מסוכר 200 גרם בקופסא,"דין שיווק וקלייה בע""",IL,פקאן סיני 200 - קופסא,גרמים,200.00,100 גרם,false,12,27.90,13.9500,true,1,242032
7290014472471,false,גרעיני חמנייה קלוי ענק ששון הקולה 200 גרם,"דין שיווק וקלייה בע""",IL,גרעין שחור 200 פרימיום,גרמים,200.00,100 גרם,false,25,6.90,3.4500,true,1,239323
7290014472488,false,שקד קלוי ענק פרימיום ששון הקולה 250 גרם,"שקדיה גבע תעשיות בע""",IL,שקדים קלויים 250 פרימיום,גרמים,250.00,100 גרם,false,25,26.90,10.7600,true,1,239170
7290014472495,false,קשיו קלוי ענק פרימיום ששון הקולה 250 גרם,"דין שיווק וקלייה בע""",IL,קשיו קלוי 250 פרימיום,גרמים,250.00,100 גרם,false,25,24.90,9.9600,true,1,239173
7290014472501,false,פיסטוק קלוי ענק פרימיום ששון הקולה 250 גרם,"דין שיווק וקלייה בע""",IL,פיסטוק קלוי 250 פרימיום,גרמים,250.00,100 גרם,false,25,26.90,10.7600,true,1,239171
7290014472518,false,בוטן קלוי ענק פרימיום ששון הקולה 250 גרם,"דין שיווק וקלייה בע""",IL,בוטנים קלויים 250 פרימיום,גרמים,250.00,100 גרם,false,25,10.90,4.3600,true,1,239174
7290014472525,false,תערובת מובחרת 250 גר פרימיום ששון הקולה,"דין שיווק וקלייה בע""",IL,תערובת פיצוחים 250 פרימיום,גרמים,250.00,100 גרם,false,25,23.90,9.5600,true,1,239172
7290014472990,false,ממרח 100% שקדים שקדיה 300 גרם,ג'\י אנד ג'\י פקאנס בעמ,IL,ממרח 100% שקדים300 גר,גרמים,300.00,100 גרם,false,1,34.90,11.6333,true,1,241446
7290014501232,false,יין בר הרי גליל לבן 750 מל,יקבי רמת הגולן,IL,יין הרי גליל לבן 2015 750 מל פקדון,מיליליטרים,750.00,"100 מ""ל",false,1,40.00,5.3333,true,1,300092
7290014501324,false,יין כרם הסלע עברית 7,רמת הגולן,IL,יין כרם הסלע עברית 750 מל,מיליליטרים,750.00,"100 מ""ל",false,1,169.00,22.5333,true,1,316641
7290014501843,false,יין הרי גליל מירון 2018 750 מל,יקבי רמת הגולן,IL,יין מירון הרי גליל 2018 750מל,מיליליטרים,750.00,"100 מ""ל",false,1,100.00,13.3333,true,1,334146
7290014503137,false,"יין כנען אדום דלתון 750 מ""ל","יקב דלתון בע""\מ",IL,יין כנען אדום דלתון 2015 750מל פקדון,מיליליטרים,750.00,"100 מ""ל",false,1,45.00,6.0000,true,1,300122
7290014503144,false,יין כנען לבן דלתון 750 מל,"יקב דלתון בע""\מ",IL,יין כנען לבן דלתון 2015 750מל פקדון,מיליליטרים,750.00,"100 מ""ל",false,1,45.00,6.0000,true,1,300121
7290014503328,false,"יין עלמה סקארלט 750 מ""ל דלתון","יקב דלתון בע""מ",IL,יין עלמה סקארלט דלתון 750 מל,מיליליטרים,75000.00,"100 מ""ל",false,1,80.00,0.1067,true,1,241956
7290014503625,false,דלתון קברנה סוביניון,"יקב דלתון בע""מ",,יין קברנה סובניון 750 מל,מיליליטרים,750.00,"100 מ""ל",false,1,60.00,8.0000,true,1,302843
7290014503632,false,יין אסטייט מרלו דלתו,"יקב דלתון בע""מ",,יין מרלו 750 מל,מיליליטרים,750.00,"100 מ""ל",false,1,60.00,8.0000,true,1,302844
7290014503649,false,יין אסטייט שיראז דלת,"יקב דלתון בע""מ",,יין שיראז 750 מל,מיליליטרים,750.00,"100 מ""ל",false,1,60.00,8.0000,true,1,302845
7290014503656,false,יין אסטייט פטיט סירה,"יקב דלתון בע""מ",,יין פטיט סירה 750 מל פקדון,מיליליטרים,750.00,"100 מ""ל",false,1,60.00,8.0000,true,1,302847
7290014503830,false,"יין שרדונה אסטייט דלתון 750 מ""ל","יקב דלתון בע""מ",,יין שרדונה 750 מל,מיליליטרים,750.00,"100 מ""ל",false,1,60.00,8.0000,true,1,302840
7290014511002,false,מארז בייגל אמריקאי קל,,,בייגל אמריקאי 4 יחידות חיטה מלאה כ300גר,יחידה,4.00,יחידה,false,1,15.90,3.9750,true,1,324465
7290014511019,false,מארז בייגל אמריקאי מלא,,,בייגל אמריקאי קל 4יחידות כ300גר,יחידה,4.00,יחידה,false,1,15.90,3.9750,true,1,324466
7290014511026,false,בייגל אמריקאי 4 יחיד,,,בייגל אמריקאי 4 יחידות כ300גר,יחידה,4.00,יחידה,false,1,15.90,3.9750,true,1,324464
7290014525009,false,חטיף סלים פרוט Slim fruit בטעם יוגורט ובמילוי תפוח,סלים דליס Slim Delis,ES,ח.דגנים סלימדליס יוגורט תפוח6יח,גרמים,182.00,100 גרם,false,1,11.90,6.5385,true,1,232822
7290014525016,false,עשיריית חטיף סלים פרוט מרבה יוגורט תות סלים דליס 18.2 גרם,סלים דליס Slim Delis,ES,ח.דגנים סלימדליס יוגורט תות6יח,גרמים,182.00,100 גרם,false,1,11.90,6.5385,true,1,232821
7290014525023,false,חטיף בריאות יוגורט במילוי פירות יער 182ג,סלים דליס Slim Delis,ES,ח.דגנים סלימדליס יוגורט פירות יער6יח,גרמים,182.00,100 גרם,false,1,11.90,6.5385,true,1,232823
7290014525177,false,חטיף סלים פרוט Slim fruit בטעם יוגורט ופירות יער,סלים דליס Slim Delis,ES,ח.דגנים סלימדליס יוגורט פירות יער6יח,גרמים,182.00,100 גרם,false,1,11.90,6.5385,true,1,238324
7290014525290,false,חטיפי סלים דליס קריספי תות מרבה 125 גרם,סלים דליס Slim Delis,NL,ח.דגנים סלימדליס קריספי תות 6יח,גרמים,125.00,100 גרם,false,1,11.90,9.5200,true,1,298607
7290014525306,false,חטיפי סלים דליס קריספי אוכמניות מרבה 125 גרם,סלים דליס Slim Delis,NL,ח.דגנים סלימדליס קריספי אוכמניות 6יח,גרמים,125.00,100 גרם,false,1,11.90,9.5200,true,1,298608
7290014525313,false,חטיפי סלים דליס קריספי שוקולד מרבה 125 גרם,סלים דליס Slim Delis,NL,ח.דגנים סלימדליס קריספי שוקולד 6יח,גרמים,125.00,100 גרם,false,1,11.90,9.5200,true,1,298609
7290014525672,false,מרבה על חלל עוגיות קקאו וסוכריות שוקולד חלב 140 גרם,"מרבה בע""\מ",NL,עוגיות מרבה על חלל סוכריות ש.חלב140 גר,גרמים,140.00,100 גרם,false,16,10.90,7.7857,true,1,328019
7290014547322,false,סנסודין זוג מברשות שיניים שיקום כחול+תכל,סנסודיין,CN,מארז 2יח מברשת שינים סנסודיין שיקום הגנה,יחידה,2.00,יחידה,false,12,32.90,16.4500,true,1,315150
7290014548459,false,צפתית עיזים 5% 200 גרם מחלבת גלילי,חוות רום,IL,גבינה צפתית 5% 200 גרם עיזים,גרמים,200.00,100 גרם,false,1,24.90,12.4500,true,1,303362
7290014548541,false,לאבנה 5%עם שמן זית 200 ג,חוות רום,IL,לאבנה עיזים 200 גרם עם שמן זית 5%שומן,גרמים,200.00,100 גרם,false,1,17.90,8.9500,true,1,303364
7290014548565,false,גבינה צ'רקסית 12% 200 גר,חוות רום,IL,גבינת צרקסית 12% 200 גרם,גרמים,200.00,100 גרם,false,1,24.90,12.4500,true,1,303365
7290014548572,false,צרקסית עשבי תיבול 12% 200 גרם,חוות רום,IL,גבינת צרקסית עשבי תיבול 12% 200 גרם,גרמים,200.00,100 גרם,false,1,24.90,12.4500,true,1,303366
7290014548589,false,צרקסית קצח 12% 200 גרם מחלבת גלילי,חוות רום,IL,גבינת צרקסית קצח 12% 200 גרם,גרמים,200.00,100 גרם,false,1,24.90,12.4500,true,1,303367
7290014673007,false,תערובת עשבי תיבול בסגנון ים תיכוני מימון 40 גרם,א.ל ייצור ושיווק תבל,IL,תערובת עשבי תיבול ים תיכוני 40 גרם,Unknown,0.00,Unknown,false,1,10.90,0.0000,true,1,329467
7290014673014,false,פלפל אנגלי שלם תבליני מימון 90 גרם,א.ל ייצור ושיווק תבל,IL,פלפל אנגלי שלם 90 גרם,Unknown,0.00,Unknown,false,6,14.50,0.0000,true,1,244951
7290014673021,false,פלפל שחור שלם תבליני מימון 100 גרם,א.ל ייצור ושיווק תבל,IL,פלפל שחור שלם 100 גרם,גרמים,10000.00,100 גרם,false,6,14.50,0.1450,true,1,244950
7290014673045,false,תערובת תיבול לצ'יפס מימון 100 גרם,א.ל ייצור ושיווק תבל,IL,תערובת תיבול לציפס 100 גרם,גרמים,100.00,100 גרם,false,1,10.90,10.9000,true,1,329470
7290014673052,false,תערובת תיבול לתפוחי אדמה מימון 120 גרם,א.ל ייצור ושיווק תבל,IL,תערובת תיבול לתפוח אדמה120 גרם,גרמים,100.00,100 גרם,false,1,10.90,10.9000,true,1,329471
7290014673106,false,פפריקה אדומה גרוסה בשמן מימון 400 גרם,א.ל ייצור ושיווק תבל,IL,פפריקה אדומה גרוסה בשמן400 גר צנצנת,גרמים,400.00,100 גרם,false,1,24.90,6.2250,true,1,329472
7290014673137,false,תערובת תיבול לפיצה מימון 100 גרם,א.ל ייצור ושיווק תבל,IL,תערובת תיבול לפיצה 100 גרם,גרמים,100.00,100 גרם,false,1,10.90,10.9000,true,1,329469
7290014673359,false,מלח לימון תבליני מימון 400 גרם,א.ל ייצור ושיווק תבל,IL,מלח לימון 400 גר בשקית,גרמים,400.00,100 גרם,false,1,22.90,5.7250,true,1,238860
7290014673366,false,כורכום טחון תבליני מימון 250 גרם,א.ל ייצור ושיווק תבל,IL,כורכום טחון 250 גרם,גרמים,250.00,100 גרם,false,6,22.90,9.1600,true,1,238863
7290014673373,false,פפריקה הונגרית חריפה תבליני מימון 250 גרם,א.ל ייצור ושיווק תבל,IL,פפריקה הונגרית חריפה 250 גרם,גרמים,250.00,100 גרם,false,6,22.90,9.1600,true,1,238861
7290014673380,false,כמון טחון תבליני מימון 250 גרם,א.ל ייצור ושיווק תבל,IL,כמון טחון 250 גרם,גרמים,250.00,100 גרם,false,6,22.90,9.1600,true,1,238864
7290014673397,false,תיבול לגריל עוף תבליני מימון 250 גרם,א.ל ייצור ושיווק תבל,IL,תיבול לגריל עוף 250 גרם,גרמים,250.00,100 גרם,false,6,22.90,9.1600,true,1,238862
7290014673403,false,פלפל שחור טחון תבליני מימון 250 גרם,א.ל ייצור ושיווק תבל,IL,פלפל שחור טחון 250 גרם,גרמים,250.00,100 גרם,false,6,29.90,11.9600,true,1,238865
7290014673410,false,פלפל שחור גרוס דק תבליני מימון 250 גרם,א.ל ייצור ושיווק תבלינים,IL,פלפל שחור גרוס דק 250 גרם,גרמים,250.00,100 גרם,false,6,29.90,11.9600,true,1,238866
7290014673434,false,פלפל שחור גרוס דק שקית תבליני מימון 80גרם,א.ל ייצור ושיווק תבל,,פלפל שחור גרוס שקית 80 גר,Unknown,0.00,Unknown,false,1,9.90,0.0000,true,1,312755
7290014673557,false,זעפרן תבליני מימון 5 גרם,א.ל ייצור ושיווק תבל,IL,זעפרן אמיתי 5 גר יחידה,Unknown,0.00,Unknown,false,1,21.90,0.0000,true,1,234539
7290014673618,false,תבלינים זנגביל בצנצנת 30 גרם,א.ל ייצור ושיווק תבל,IL,תבלין זנגביל מיכל 30 גר,Unknown,0.00,Unknown,false,1,11.90,0.0000,true,1,240720
7290014674004,false,קריספ פירורי לחם שומשום ומלח ים 300 גרם מיימונס,א.ל ייצור ושיווק תבל,IL,פירורי לחם קריספ שומשום מלח ים 300 גרם,גרמים,300.00,100 גרם,false,20,7.90,2.6333,true,1,336143
7290014692565,false,גרעיני תירס מתוק וילי פוד 320 גרם,אקו קונסרויפרי קי.אפ,HU,תירס גרעינים מתוק ללא חומר משמר 320 גר,גרמים,320.00,100 גרם,false,1,5.90,1.8438,true,1,235473
7290014712409,false,לאבנה כדורים כפיר 320 גרם,,IL,לאבנה כדורים 320 גרם כפיר,גרמים,320.00,100 גרם,false,1,29.90,9.3437,true,1,324984
7290014712539,false,"יוגורט בקבוק בטעם תות שדה 500 מ""ל הכפר",מחלבת בת הרים,IL,יוגורט תות שדה 500מל,מיליליטרים,500.00,"100 מ""ל",false,1,15.90,3.1800,true,1,325274
7290014712546,false,"יוגורט בקבוק בטעם פירות יער 500 מ""ל הכפר",מחלבת בת הרים,IL,יוגורט פירות יער 500מל,מיליליטרים,500.00,"100 מ""ל",false,1,15.90,3.1800,true,1,325275
7290014712577,false,פתיתי גבינה בסגנון מ,,IL,פתיתי גבינה בסגנון מוצרלה 300 גר,גרמים,300.00,100 גרם,false,1,12.90,4.3000,true,1,324816
7290014717886,false,יין פלטר קברנה פרנק 2014 750 מל,יקב פלטר,,יין קברנה פרנק 2014 750 מל,מיליליטרים,750.00,"100 מ""ל",false,1,170.00,22.6667,true,1,302260
7290014747753,false,פסטרמה רומנית דלי 240גרם,מוצרי עוף טוב (2001) בע\,IL,פסטרמה כמו ברומניה עוף טוב דלי 240גר,גרמים,240.00,100 גרם,false,1,19.90,8.2917,true,1,299527
7290014747999,false,פסטרמה ברביקיו דלי דקדק,מוצרי עוף טוב (2001) בע\,IL,פסטרמה ברביקיו פרוסות דקות עוף טוב 120,גרמים,120.00,100 גרם,false,8,11.90,9.9167,true,1,312464
7290014748132,false,קורנביף ניורקי דלי 180 ג,מוצרי עוף טוב (2001) בע\,IL,נקניק קורנביף ניורקי עוף טוב דלי 180 גרם,גרמים,180.00,100 גרם,false,1,19.90,11.0556,true,1,303223
7290014748590,false,דג טוב מקלוני דגים בציפוי צ'ילי,מוצרי עוף טוב (2001) בע\,IL,מקלוני דג בציפוי צילי 600גר דג טוב,גרמים,600.00,100 גרם,false,12,26.90,4.4833,true,1,319018
7290014748613,false,מקלוני דגים בציפוי צ'יפס דג טוב 600 גרם,מוצרי עוף טוב (2001) בע\,IL,מקלוני דג בציפוי ציפס 600גר דג טוב,גרמים,600.00,100 גרם,false,12,26.90,4.4833,true,1,319017
7290014748651,false,פילה אמנון מצופה נתח שלם דג טוב 360 גרם,מוצרי עוף טוב (2001) בע\,IL,פילה אמנון מצופה 360גר דג טוב,גרמים,360.00,100 גרם,false,8,32.90,9.1389,true,1,319013
7290014748743,false,נקניקיות בראטוורסט עסיסי,מוצרי עוף טוב (2001) בע\,IL,נקניקיות בראטוורסט עוף טוב 340 גר,גרמים,340.00,100 גרם,false,1,16.90,4.9706,true,1,314885
7290014748767,false,נקניקיות פרנקפורטר צ'ילי,מוצרי עוף טוב (2001) בע\,IL,נקניקיות פרנקפורטר צילי 320גר עוף טוב,גרמים,320.00,100 גרם,false,1,16.90,5.2812,true,1,314886
7290014749078,false,מקלוני קבנוס עוף טוב 200 גרם,עיצובים 2020 (4.9),IL,מקלוני קבנוס עוף טוב 200 גרם,גרמים,200.00,100 גרם,false,1,14.90,7.4500,true,1,319030
7290014749245,false,ספיישל רצועות שניצל שומשום עוף טוב 600 גרם,מוצרי עוף טוב (2001) בע\,IL,רצועות שניצל שומשום צונגו 600גר עוף טוב,גרמים,600.00,100 גרם,false,12,39.90,6.6500,true,1,320383
7290014749702,false,שניצל עוף ביתי עם שומשום,מוצרי עוף טוב (2001) בע\,IL,שניצל עוף ביתי שומשום 700גר עוף טוב,גרמים,700.00,100 גרם,false,1,46.90,6.7000,true,1,322733
7290014749849,false,שניצל דק ענק קריספי שומשום עוף טוב 720 גרם,מוצרי עוף טוב (2001) בע\,IL,שניצל דק עק קריספי שומשום 720גר עוף טוב,גרמים,720.00,100 גרם,false,1,34.90,4.8472,true,1,328268
7290014749863,false,שניצל דק ענק קריספי צ'יפס עוף טוב 720 גרם,מוצרי עוף טוב (2001) בע\,IL,שניצל דק עק קריספי ציפס 720גר עוף טוב,גרמים,720.00,100 גרם,false,1,34.90,4.8472,true,1,328305
7290014749887,false,שניצל דק ענק קריספי קלאסי עוף טוב 720 גרם,מוצרי עוף טוב (2001) בע\,IL,שניצל דק עק קריספי קלאסי 720גר עוף טוב,גרמים,720.00,100 גרם,false,1,34.90,4.8472,true,1,328267
7290014758100,false,מאגדת יוגורט ביו 3% שומן 8 יח' *150ג' תנובה,מיוצר עי קונדיטוריית,IL,מאגדת יוגורט ביו 3% 8יח 150גר,גרמים,1200.00,100 גרם,false,1,12.90,1.0750,true,1,234258
7290014758117,false,מאגדת יוגורט ביו 1.5% שומן 8 יח' *150 ג' תנובה,מיוצר עי קונדיטוריית,IL,מאגדת יוגורט ביו 1.5% 8יח 150גר,גרמים,1200.00,100 גרם,false,1,12.90,1.0750,true,1,234257
7290014758544,false,חמאה תנובה מפוסטרת 200 ג' בדץ,תנובה מרכז שיתופי לש,IL,חמאה רגילה 200 גרם,גרמים,200.00,100 גרם,false,1,8.40,4.2000,true,1,315859
7290014759534,false,גבינה בולגרית למריחה טבעי 5% 200 ג' פיראוס,"תנובה, מחלבת תל יוסף",IL,גבינה בולגרית למריחה טבעית 200גר,גרמים,200.00,100 גרם,false,1,15.50,7.7500,true,1,238555
7290014760134,false,"מעדן סויה בטעם וניל תנובה 125 מ""ל",תנובה Alternative,IL,מעדן סויה בטעם וניל 125 גרם,מיליליטרים,125.00,"100 מ""ל",false,1,4.90,3.9200,true,1,310927
7290014760141,false,משקה שקדים תנובה E אלטרנטיב,תנובה Alternative,IL,משקה שקדים טרי 1ליטר אלטרנטיב,ליטרים,1.00,ליטר,false,1,14.50,14.5000,true,1,246378
7290014760912,false,פרוסות גבינה 28% שומן 400 ג' גוש חלב,תנובה מרכז שיתופי לש,IL,גוש חלב פרוס 400 גרם,גרמים,400.00,100 גרם,false,1,26.90,6.7250,true,1,298846
7290014762756,false,גבינת שמנת נפוליאון 16% עם בצל תנובה 225 גרם,תנובה חלב,IL,גב.שמנת נפוליאון בצל 225 גרם,גרמים,225.00,100 גרם,false,24,14.50,6.4444,true,1,297186
7290014762770,false,מעדן סויה טעם אפרסק125גר,תנובה חלב,IL,מעדן סויה בטעם אפרסק 125גר,גרמים,125.00,100 גרם,false,16,4.90,3.9200,true,1,307594
7290014762800,false,מעדן סויה שוקולד גביע 125 גרם אלטרנטיב,תנובה מרכז שיתופי לש,IL,מעדן סויה בטעם שוקולד 125גר,גרמים,125.00,100 גרם,false,16,4.90,3.9200,true,1,307595
7290014762831,false,גבינת שמנת נפוליאון 16% עם פלפל חלפיניו תנובה 225 גרם,תנובה מרכז שיתופי לש,IL,גבינת שמנת נפוליאון חלפינו 225 גרם,גרמים,225.00,100 גרם,false,24,14.50,6.4444,true,1,299167
7290014762909,false,פתיתי מוצרלה השף הלבן 10% תוספת מתנה,"תנובה, מחלבת תל יוסף",IL,פתיתי גבינת מוצרלה 200 גרם,גרמים,200.00,100 גרם,false,20,17.90,8.9500,true,1,298752
7290014763098,false,קרם גבינת שמנת 5% עם פלפל שום ובצל 200 ג' תנובה,תנובה,IL,גבינת שמנת 5% טוסקנה 200 גרם,גרמים,200.00,100 גרם,false,1,12.50,6.2500,true,1,298754
7290014763272,false,יוגורט סויה BIO לשתייה תות ובננה אלטרנטיב,תות תעשיות מזון (201,IL,משקה סויה ביו תות בננה 250מל,מיליליטרים,250.00,"100 מ""ל",false,1,6.50,2.6000,true,1,299563
7290014763418,false,"כד יוגרט תנובה 4% שומן 1.5 ליטר, מהדרין",תנובה מרכז שיתופי לש,IL,יוגורט 4% 1.5 ליטר מהדרין,ליטרים,1.50,ליטר,false,1,18.50,12.3333,true,1,338746
7290014763579,false,מעדן סויה ביו פ.יער125גר,תנובה מרכז שיתופי לש,IL,מעדן סויה ביו בטעם פירות יער 125 גר,גרמים,125.00,100 גרם,false,1,4.90,3.9200,true,1,310931
7290014791091,false,"שוויפס לימונייד 500 מ""ל",יפאורה שותפות מובגלת לשיווק,IL,משקה שוופס מוגז למונייד 500מל פקדון,מיליליטרים,500.00,"100 מ""ל",false,24,7.90,1.5800,true,1,296721
7290014791237,false,שוופס מים 0קלור.אפרסק1.5,יפאורה שותפות מובגלת לשיווק,IL,מים שוופס אפרסק 1.5 ליטר,ליטרים,1.50,ליטר,false,1,7.60,5.0667,true,1,302268
7290014791565,false,שוופס מוגז ענבים 1.5ליטר,יפאורה שותפות מובגלת לשיווק,IL,משקה שוופס מוגז ענבים 1.5ליטר,ליטרים,1.50,ליטר,false,12,9.60,6.4000,true,1,296708
7290014791572,false,"שוויפס מוגז בטעם ענבים 330 מ""ל",יפאורה תבורי בעמ,IL,משקה שוופס מוגז ענבים 330 מל,מיליליטרים,330.00,"100 מ""ל",false,1,6.90,2.0909,true,1,302083
7290014791626,false,"שוופס סודה נענע ליים 250 מ""ל זכוכית",יפאורה תבורי בעמ,IL,שוופס סודה נענע ליים 250 מל פיקדון,מיליליטרים,250.00,"100 מ""ל",false,24,3.90,1.5600,true,1,296736
7290014791725,false,"שוויפס תפוחים מוגז 500 מ""ל",יפאורה שותפות מובגלת לשיווק,IL,משקה שוופס מוגז תפוחים 500מל פקדון,מיליליטרים,500.00,"100 מ""ל",false,24,7.90,1.5800,true,1,296722
7290014791770,false,פרוט ווטר ענבים 1.5 ליטר,יפאורה שותפות מובגלת לשיווק,IL,מים פרוט וואטר ענבים 1.5 ליטר,ליטרים,1.50,ליטר,false,1,8.60,5.7333,true,1,294524
7290014791817,false,פרוט ווטר אבטיח 1.5 ליטר,יפאורה שותפות מובגלת לשיווק,IL,מים פרוט וואטר אבטיח 1.5 ליטר,ליטרים,1.50,ליטר,false,1,8.60,5.7333,true,1,294528
7290014791831,false,פרוט ווטר ענבים 0.5 ליטר,יפאורה,IL,מים פרוט ענבים 500 מל פקדון,מיליליטרים,500.00,"100 מ""ל",false,24,7.90,1.5800,true,1,296731
7290014791848,false,פרוט ווטר אננס 0.5 ליטר,יפאורה תבורי בעמ,IL,מים פרוט אננס 500 מל פקדון,מיליליטרים,500.00,"100 מ""ל",false,24,7.90,1.5800,true,1,296732
7290014791862,false,"שוופס פרוט ווטר אפרסק 500מ""ל",יפאורה תבורי בעמ,IL,מים פרוט אפרסק 500 מל פקדון,מיליליטרים,500.00,"100 מ""ל",false,24,7.90,1.5800,true,1,296734
7290014791879,false,פרוט ווטר אבטיח 0.5 ליטר,יפאורה תבורי בעמ,IL,מים פרוט אבטיח 500 מל פקדון,מיליליטרים,500.00,"100 מ""ל",false,24,7.90,1.5800,true,1,296735
7290014855434,false,מגבונים בייביסיטר פרפורמנס מבושם רביעיה,בייביסיטר Babysitter,IL,רביעיית מגבוני בייביסיטר פרפורמנס 72 מבו,יחידה,288.00,יחידה,false,1,19.90,0.0691,true,1,294530
7290014855458,false,מגבוני בייביסיטר פרפורמנס ללא בישום מארז 72X4יח',בייביסיטר Babysitter,IL,רביעיית מגבוני בייביסיטר פרפורמנס 72 ללא,יחידה,288.00,יחידה,false,1,19.90,0.0691,true,1,294529
7290014860063,false,מקלוני אורז ללא גלוטן 454 גר,oriental food co.ltd,TH,מקלוני אורז 10ממ ללא גלוטן 454גר,גרמים,454.00,100 גרם,false,1,10.90,2.4009,true,1,239340
7290014860070,false,"מקלוני אורז ללא גלוטן 5 מ""מ 454גר' (אור)",ניינטי נודל קו,TH,מקלוני אורז ללא גלוטן 5 ממ 454גר (אור),גרמים,454.00,100 גרם,false,30,10.90,2.4009,true,1,236218
7290014860087,false,"מקלוני אורז ללא גלוטן 5מ""מ 250גר' (אור)",Oriental food co. lt,TH,מקלוני אורז ללא גלוטן 5ממ 250גר (אור),גרמים,250.00,100 גרם,false,25,7.90,3.1600,true,1,236215
7290014860094,false,"מקלוני אורז ללא גלוטן 3מ""מ 454גר' (אור)",ניינטי נודל קו,TH,מקלוני אורז ללא גלוטן 3ממ 454גר (אור),גרמים,454.00,100 גרם,false,15,10.90,2.4009,true,1,236217
7290014860155,false,מחצלת במבו שטוחה 24X24 ס'מ,גולין פנגזו,CN,מחצלת במבו שטוחה לסושי 24/24 סמ,Unknown,0.00,Unknown,false,1,8.90,0.0000,true,1,235421
7290014860247,false,שבבי אורז מרובעים ללא גלוטן 227 גרם (Oriental),ליאן תאי רייס,TH,שבבי אורז עבים ללא גלוטן 227 ג,גרמים,227.00,100 גרם,false,1,9.90,4.3612,true,1,238608
7290014860988,false,"שימורי קרם קוקוס 17% 400 מ""ל (TCC) כשר",theppadungporn cocon,TH,קרם קוקוס17% טי סי סי 400 מל,מיליליטרים,400.00,"100 מ""ל",false,1,9.90,2.4750,true,1,239638
7290014890145,false,גבינת שמנת טבעי 225 גרם יעקובס,גבינות משק יעקבס,IL,גבינת שמנת טבעית 225 גרם יעקובס,גרמים,225.00,100 גרם,false,1,10.90,4.8444,true,1,303359
7290014890152,false,גבינת שמנת זיתים 225 גרם יעקובס,גבינות משק יעקבס,IL,גבינת שמנת זיתים 225 גרם יעקובס,גרמים,225.00,100 גרם,false,1,10.90,4.8444,true,1,303360
7290014890169,false,גבינת שמנת שום שמיר 225 גרם יעקובס,גבינות משק יעקבס,IL,גבינת שמנת שום שמיר 225 גרם יעקובס,גרמים,225.00,100 גרם,false,1,10.90,4.8444,true,1,303361
7290014890176,false,ריקוטה סגנון איטלק5% 250,מחלבת משק יעקובס,IL,גבינת ריקוטה 250גרם יעקובס,גרמים,250.00,100 גרם,false,1,10.90,4.3600,true,1,317590
7290014890190,false,גבינת מוצרלה כדור 100 גר,מחלבת משק יעקובס,IL,גבינת מוצרלה כדור 100גרם יעקובס,גרמים,100.00,100 גרם,false,1,10.00,10.0000,true,1,317589
7290014890206,false,קרם פרש 250גרם יעקוב,מחלבת משק יעקובס,IL,קרם פרש 250גרם יעקובס,גרמים,250.00,100 גרם,false,1,13.90,5.5600,true,1,317592
7290014890237,false,גבינת קממברט יעקבס 125 גרם,גבינות משק יעקבס,IL,גבינת קממבר אגוזים בייבי 125גרם,גרמים,125.00,100 גרם,false,1,14.90,11.9200,true,1,302725
7290014890572,false,"יוגורט עיזים משק יעקבס 850 מ""ל",גבינות משק יעקבס,IL,יוגורט עיזים 850מל,מיליליטרים,850.00,"100 מ""ל",false,1,16.90,1.9882,true,1,334700
7290014890589,false,"יוגורט יווני משק יעקבס 850 מ""ל",גבינות משק יעקבס,IL,יוגורט יווני 850 מל יעקובס,מיליליטרים,850.00,"100 מ""ל",false,1,18.90,2.2235,true,1,334701
7290014890596,false,ברי עיזים בייבי משק יעקבס 125 גרם,גבינות משק יעקבס,IL,גבינת ברי עיזים בייבי 125גר יעקובס,גרמים,125.00,100 גרם,false,1,19.90,15.9200,true,1,334705
7290014890602,false,קממבר בקר אגוזים משק יעקבס 125 גרם,גבינות יעקבס,IL,גבינת קממבר בקר אגוזים בייבי 125גר יעקוב,גרמים,125.00,100 גרם,false,1,16.90,13.5200,true,1,334706
7290014890619,false,ברי עיזים כמהין משק יעקבס 125 גרם,גבינות משק יעקבס,IL,גבינת ברי עיזים כמהין בייבי 140גר יעקובס,גרמים,140.00,100 גרם,false,1,24.90,17.7857,true,1,334707
7290014901247,false,"שמפו קרטין לאחר החלקה ועיצוב בחום סטייל 750 מ""ל",א.ל. ארמן ייצור תמרו,IL,שמפו סטייל קרטין לאחר החלקה 750מל,מיליליטרים,750.00,"100 מ""ל",false,1,26.90,3.5867,true,1,331841
7290014901254,false,"מרכך קרטין לאחר החלקה ועיצוב בחום סטייל 750 מ""ל",א.ל ארמן ייצור תמרוק,IL,מרכך סטייל קרטין לאחר החלקה 750מל,מיליליטרים,750.00,"100 מ""ל",false,1,26.90,3.5867,true,1,331842
7290014901261,false,"מסכה קרטין לאחר החלקה ועיצוב בחום סטייל 500 מ""ל",א.ל ארמן ייצור תמרוק,IL,מסכת שיער סטייל קרטין לאחר החלקה 500מל,מיליליטרים,500.00,"100 מ""ל",false,1,44.90,8.9800,true,1,331843
7290014901308,false,"סנסודיין משחת שיניים להגנה מלאה 75 מ""ל - סדרת פרמיום","סמית קליין ביצ'ם בע""",GB,מש.שיניים סנסודיין הגנה מלאה 75מל ירוק,גרמים,75.00,100 גרם,false,1,21.90,29.2000,true,1,240351
7290014901315,false,סנסודיין משחה הגנה מלאה אקסטרה פרש 75 מל,"סמית קליין ביצ'ם בע""",GB,מש.שיניים סנסודיין הגנה מלאה 75מל כחול,גרמים,75.00,100 גרם,false,1,21.90,29.2000,true,1,240352
7290014901896,false,"מי פה סנסודיין מנטה מרענן 500 מ""ל",גלקסוסמיתקליין,GB,מי פה סנסודיין 500 מל,מיליליטרים,500.00,"100 מ""ל",false,1,28.90,5.7800,true,1,295387
7290014905160,false,"הפי מטהר אוויר פניני ריח בניחוחות, 130 גרם",יוליניבר,IT,פניני ריח אקס אל יעקובי,Unknown,0.00,Unknown,false,1,14.90,0.0000,true,1,238135
7290014905207,false,"הג'ל הכחול לניקוי האסלה יעקבי 750 מ""ל",איי פי אס,TR,הפי גל לאסלות 750מל,מיליליטרים,750.00,"100 מ""ל",false,1,10.00,1.3333,true,1,236996
7290014905368,false,מטליות דמויות בד עוד ועוד הפי יעקבי,יעקובי הפי,TR,הפי עוד ועוד מטלית דמוית בד לבן פרחוני,יחידה,50.00,יחידה,false,12,9.90,0.1980,true,1,241775
7290014905498,false,הפי מטליות דו צדדיות בגליל 20 מטליות,ג'נרל מילס סאן אדריא,TR,מטלית דו צדדית גם וגם 20 יח,יחידה,20.00,יחידה,false,1,12.90,0.6450,true,1,241776
7290014905689,false,"נוזל כלים הפי מרוכז 24% תפוח 750 מ""ל",יעקובי הפי,IL,הפי כלים ירוק תפוח 24%,מיליליטרים,750.00,"100 מ""ל",false,16,7.90,1.0533,true,1,243335
7290014905696,false,"נוזל כלים הפי מרוכז 24% לימון 750 מ""ל",יעקובי הפי,IL,נוזל כלים הפי צהוב 750 מל 24% חומר פעיל,מיליליטרים,750.00,"100 מ""ל",false,1,7.90,1.0533,true,1,243336
7290014905719,false,הפי לימונית למדיח כלים - מנטרל ריחות רעים,יעקבי - הפי Hepi,IT,הפי לימונית גדולה למדיח 12 בקרטון,Unknown,0.00,Unknown,false,12,10.90,0.0000,true,1,243739
7290014905962,false,סבון אסלה הפי בושם 5טיפות ורוד לבנדר נתלה,רלווי,IT,סבון אסלה הפי מקסי עד 350 שטיפות 43גרם,Unknown,0.00,Unknown,false,1,8.90,0.0000,true,1,244426
7290014910461,false,"ערק יודה 700 מ""ל כשל",בני בהיג'\ קעואר לתעשייה,IL,ערק יודה 700 מל,מיליליטרים,700.00,"100 מ""ל",false,12,59.90,8.5571,true,1,316934
7290014931008,false,פטרוזיליה עם השורש יחידה,גדי מרדכי-מושב שלוש,IL,פטרוזיליה,Unknown,0.00,Unknown,false,1,8.50,0.0000,true,1,242354
7290014931053,false,בזיליקום עם השורש יחידה,גדי מרדכי-מושב שלוש,IL,בזיליקום,Unknown,0.00,Unknown,false,1,8.50,0.0000,true,1,242348
7290014931077,false,עירית עם השורש יחידה,תעשיות תמרוקים שיק 1,IL,עירית,Unknown,0.00,Unknown,false,1,8.50,0.0000,true,1,242352
7290014931084,false,אורגנו עם השורש יחידה,גדי מרדכי-מושב שלוש,IL,אורגנו,Unknown,0.00,Unknown,false,1,8.50,0.0000,true,1,242351
7290014931091,false,קורנית -טימין עם השורש י,גדי מרדכי-מושב שלוש,IL,קורנית/טימין,Unknown,0.00,Unknown,false,1,8.50,0.0000,true,1,242350
7290014931107,false,נענע עם השורש יחידה,גדי מרדכי-מושב שלוש,IL,מנטה,Unknown,0.00,Unknown,false,1,8.50,0.0000,true,1,242353
7290014931190,false,חסה פאקצוי זוגות,גדי מרדכי-מושב שלוש,IL,פאקצוי,Unknown,0.00,Unknown,false,1,12.00,0.0000,true,1,242356
7290014931206,false,גרגירי נחלים הידרופו,מהשורש לאורך חיים,IL,גרגירי נחלים הידרופוני,Unknown,0.00,Unknown,false,1,9.90,0.0000,true,1,242358
7290014945005,false,מפת אלבד חד פעמי צבע,,IL,מפת אלבד חד פעמי צבעוני 180/120סמ,Unknown,0.00,Unknown,false,1,4.20,0.0000,true,1,325002
7290014945128,false,כפפות ניטריל S כחול100יח,T.P Tailand,TH,כפפות חד פעמי כחולות ניטרל 100יח סמול,יחידה,100.00,יחידה,false,10,19.90,0.1990,true,1,315258
7290014945135,false,כפפות חד פעמי כחולות,T.P Tailand,TH,כפפות חד פעמי כחולות ניטרל 100יח מדיום,יחידה,100.00,יחידה,false,10,19.90,0.1990,true,1,315259
7290014945159,false,כפפות ניטריל ללא אבקה כחולות XL א- 100 יח',T.P Tailand,TH,כפפות חד פעמי כחולות ניטרל 100יח אקס אל,יחידה,100.00,יחידה,false,10,19.90,0.1990,true,1,315261
7290014945197,false,שטיחון מיקרופייבר מפ,GUANGDONG,CN,שטיחון מיקרופייבר מפנק 40/60,יחידה,1.00,יחידה,false,24,24.90,24.9000,true,1,314058
7290014945210,false,צימרוני אוזניים עץ 300 י,ltd Manufacturing .M.A,CN,צמרוני עץ בשקית 300 יח,יחידה,300.00,יחידה,false,144,3.90,0.0130,true,1,314051
7290014945548,false,מפת אלבד חד פעמי גדו,,IL,מפת אלבד חד פעמי גדולה צבעוני 270/120סמ,Unknown,0.00,Unknown,false,1,5.90,0.0000,true,1,325003
7290014945739,false,שייני ניילון נצמד 150 מטר,,IL,ניילון נצמד 150מטר שיין,מטרים,150.00,מטר,false,12,17.90,0.1193,true,1,320991
7290014945906,false,50 מטליות לחות לניקוי כללי בניחוח לימון שייני,דינמיק תעשיות מגבונים,IL,מטליות לחות לניקוי כללי 50 יח לימון,יחידה,50.00,יחידה,false,12,5.90,0.1180,true,1,320999
7290014945999,false,מבשם למתקן מיקס לבנד,OZTURK,TR,מבשם למתקן מיקס לבנדר,יחידה,1.00,יחידה,false,12,9.90,9.9000,true,1,314055
7290014947023,false,פריכיות כוסמת ללא מל,זן - בר,IL,פריכיות כוסמין זן בר ללא מלח 160 גר,גרמים,120.00,100 גרם,false,1,11.00,9.1667,true,1,314588
7290014947047,false,פריכיות כוסמת עם מלח 175 גרם,זן בר המכללה לטבעונו,IL,פריכיות כוסמת זן בר מלוח 160 גר,גרמים,160.00,100 גרם,false,1,11.00,6.8750,true,1,246448
7290014947092,false,פריכיות תירס קצח זן,זן בר,,פריכיות תירס קצח זן בר ללא מלח 95 גר,Unknown,0.00,Unknown,false,1,11.00,0.0000,true,1,315666
7290014947207,false,פריכיות כוסמין דקות,זן בר המכללה לטבעונו,IL,פריכיות כוסמין דקות ללא מלח זן בר120 גרם,גרמים,160.00,100 גרם,false,1,11.90,7.4375,true,1,337795
7290014947214,false,פריכיות כוסמת דקות ע,זן - בר,IL,פריכיות כוסמת דקות עם מלח זן בר 120 גרם,גרמים,160.00,100 גרם,false,1,11.90,7.4375,true,1,337794
7290014947634,false,חטיף חרוב מטריות 6 ב,,,חטיף חרוב מטריות 6 בשקית,יחידה,6.00,יחידה,false,1,16.90,2.8167,true,1,318298
7290014949744,false,"אוטן טרופי ספריי יבש ל- 8שעות 100מ""ל",מיוצר עי קונדיטוריית,PL,אוטן אקטיב תרסיס ללא גז נגד יתושים 100 מ,מיליליטרים,10000.00,"100 מ""ל",false,1,19.90,0.1990,true,1,240166
7290014949751,false,אוטן ג'וניור ג'ל דוחה יתושים לילדים,ג'נרל מילס סאן אדריא,NL,אוטן אקטיב תרסיס ללא גז נגד יתושים 100 מ,מיליליטרים,100.00,"100 מ""ל",false,1,19.90,19.9000,true,1,240165
7290014974562,false,גביעי גלידה רגיל טילון עלמה גילרו 24 יח',"א.ג גילרו בע""מ",IL,גביעי גלידה עלמה 24 יח 120 גר,גרמים,120.00,100 גרם,false,24,7.90,6.5833,true,1,304082
7290014974593,false,גביעי גלידריה עלמה ללא גלוטן 132 גרם,כרמית תעשיות ממתקים,IL,גביעי גלידה ללא גלוטן 12 יח,יחידה,12.00,יחידה,false,1,15.90,1.3250,true,1,309222
7290014974876,false,גלילי ופל במילוי קרם אגוז ל.גלוטן 100 גר,כרמית תעשיות ממתקים,IL,רולים אגוז ללא גלוטן 100 גרם,גרמים,100.00,100 גרם,false,1,7.90,7.9000,true,1,309225
7290015005548,false,"צ'יפס זיג זג 2 ק""ג פרי הגליל","פרי הגליל בע""""מ",IL,ציפס זיג זג 2 קג פרי גליל,קילוגרמים,2.00,"ק""ג",false,1,24.90,12.4500,true,1,299092
7290015005555,false,"צ'יפס אמריקאי 2 ק""ג פרי הגליל","פרי הגליל בע""""מ",IL,ציפס אמריקאי 2 קג פרי גליל,קילוגרמים,2.00,"ק""ג",false,1,24.90,12.4500,true,1,299093
7290015009119,false,עלי טורטייה מקמח תירס 360 גרם,פרינסיס און וה אונלו,TR,עלי טורטיה סאבוריטו 420 גר,גרמים,420.00,100 גרם,false,16,12.90,3.0714,true,1,312042
7290015009171,false,"ניוקי תפוחי אדמה 300 גר' ""דניאל""",סיאמה אלימנטארי סרל,,ניוקי תפוח אדמה דניאל 300 גרם,גרמים,300.00,100 גרם,false,1,8.90,2.9667,true,1,312509
7290015009188,false,"ניוקי תפוחי אדמה עם דלעת 300 גר' ""דניאל""",סיאמה אלימנטארי סרל,,ניוקי תפוא ודלעת דניאל 300 גרם,גרמים,300.00,100 גרם,false,1,8.90,2.9667,true,1,312510
7290015009195,false,"ניוקי תפוחי אדמה עם עגבניות 300 גרם ""דניאל""",סיאמה אלימנטארי סרל,,ניוקי תפוא ועגבניות דניאל 300 גרם,גרמים,300.00,100 גרם,false,1,8.90,2.9667,true,1,312511
7290015009201,false,"ניוקי תפוחי אדמה עם פטריות כמהין 300 גרם ""דניאל""",סיאמה אלימנטארי סרל,,ניוקי תפוא וכמהין דניאל 300 גרם,גרמים,300.00,100 גרם,false,1,8.90,2.9667,true,1,312512
7290015009232,false,"רוטב סלסה בינוני צהוב 454 גרם ""סבוריטו""",,CR,רוטב סלסה סאבוריטו צהוב 454 גר,גרמים,454.00,100 גרם,false,12,19.90,4.3833,true,1,313100
7290015009249,false,"רוטב סלסה חריף אדום 454 גרם ""סבוריטו""",לינדסטרי פודס,US,רוטב סלסה סאבוריטו אדום 454 גר,גרמים,454.00,100 גרם,false,12,19.90,4.3833,true,1,313099
7290015009256,false,"רוטב סלסה רגיל ירוק 454 גרם ""סבוריטו""",לינדסטרי פודס אנד דר,US,רוטב סלסה סאבוריטו ירוק 454 גר,גרמים,454.00,100 גרם,false,12,19.90,4.3833,true,1,313098
7290015009300,false,עלי טורטייה מקמח תירס 360 גרם,פרינסס,TR,עלי טורטיה סאבוריטו קמח תירס 360 גר,גרמים,360.00,100 גרם,false,16,12.90,3.5833,true,1,329091
7290015009317,false,נאצו'ס תירס טבעי 200 גרם,אוקי סנייקס,DK,חטיף נאצוס סאבוריטו טבעי 200 גרם,גרמים,200.00,100 גרם,false,10,11.90,5.9500,true,1,329089
7290015009324,false,נאצו'ס תירס ברביקיו 200 גרם,אוקיי סנקס,DK,חטיף נאצוס סאבוריטו ברביקיו 200 גרם,גרמים,200.00,100 גרם,false,10,11.90,5.9500,true,1,329088
7290015009331,false,נאצו'ס תירס חריף 200 גרם,מנדלז סי.אר. פרודקשן,DK,חטיף נאצוס סאבוריטו חריף 200 גרם,גרמים,200.00,100 גרם,false,10,11.90,5.9500,true,1,329086
7290015009355,false,"חומץ בלסמי מצומצם 250 מ""ל",,ES,רוטב בלסמי מצומצם דניאל 250 מל,גרמים,250.00,100 גרם,false,12,19.90,7.9600,true,1,328976
7290015009362,false,"חומץ בלסמי לבן מצומצם 250 מ""ל",אקובינל,ES,רוטב בלסמי לבן מצומצם דניאל 250 מל,גרמים,250.00,100 גרם,false,12,19.90,7.9600,true,1,328977
7290015009379,false,"מיץ לימון משומר 946 מ""ל",,ES,מיץ לימון משומר דניאל 946 מל,מיליליטרים,946.00,"100 מ""ל",false,12,17.90,1.8922,true,1,328956
7290015009386,false,מיץ ליים משומר דניאל,אקובינל,ES,מיץ ליים משומר דניאל 946 מל,מיליליטרים,946.00,"100 מ""ל",false,12,17.90,1.8922,true,1,328957
7290015009393,false,זיתים שחורים מגולענים מזן קלמטה בחיי מלח,אידיאל סנייק,GR,זית קלמטה מגולען במי מלח דניאל 440 גרם,מיליליטרים,440.00,"100 מ""ל",false,24,18.90,4.2955,true,1,328960
7290015009409,false,זיתים שחורים מזן טאסוס במלח 250 גרם,אידיאל סנייק,GR,זית שחור טאסוס במי מלח דניאל 440 גרם,מיליליטרים,440.00,"100 מ""ל",false,24,18.90,4.2955,true,1,328959
7290015009447,false,זיתים שחורים מגולענים מזן קלמטה,אידיאל סנייק,GR,זית שחור קלמטה במי מלח דניאל 440 גרם,מיליליטרים,440.00,"100 מ""ל",false,24,18.90,4.2955,true,1,328958
7290015009454,false,קינג קול שעועית לבנה 439גרם,,IT,שעועית לבנה בסט קונסרבד 400 גרם,גרמים,400.00,100 גרם,false,12,10.90,2.7250,true,1,336487
7290015009461,false,שימורי שעועית שחורה במי מלח,יורקום סרל,IT,שעועית שחורה בסט קונסרבד 400 גרם,גרמים,400.00,100 גרם,false,12,10.90,2.7250,true,1,336488
7290015009478,false,קינג קול שעועית אדומה כהה 439 גרם,יורקום סרל,IT,שעועית אדומה בסט קונסרבד 400 גרם,גרמים,400.00,100 גרם,false,12,10.90,2.7250,true,1,336489
7290015009485,false,שימורי שעועית לבנה ברוטב עגבניות,,IT,שעועית אפויה רוטב עגביות 400 גרם,גרמים,400.00,100 גרם,false,12,10.90,2.7250,true,1,336490
7290015009553,false,"רוטב אקסטרא חריף מפלפל קרולינה ריפר 148 מ""ל",קאמוק,CR,רוטב סאבוריטו חריף פלפל קרולינה 148 מל,מיליליטרים,148.00,"100 מ""ל",false,12,19.90,13.4459,true,1,336477
7290015009560,false,רוטב סאבוריטו חריף פ,,CR,רוטב סאבוריטו חריף פלפל קאיין 148 מל,מיליליטרים,148.00,"100 מ""ל",false,12,19.90,13.4459,true,1,336478
7290015009577,false,רוטב סאבוריטו חריף פ,,CR,רוטב סאבוריטו חריף פלפל הבנרו 148 מל,מיליליטרים,148.00,"100 מ""ל",false,12,19.90,13.4459,true,1,336479
7290015009584,false,רוטב סאבוריטו חריף פ,,CR,רוטב סאבוריטו חריף פלפל חלפיניו 148 מל,מיליליטרים,148.00,"100 מ""ל",false,12,19.90,13.4459,true,1,336480
7290015009591,false,"רוטב אקסטרא חריף מפלפל סקורפיון 148 מ""ל",קאמוק,CR,רוטב סאבוריטו חריף פלפל סקורפיון 148 מל,מיליליטרים,148.00,"100 מ""ל",false,12,19.90,13.4459,true,1,336481
7290015009607,false,"רוטב אקסטרא חריף מפלפל נגה ג'ולוקיה 148 מ""ל",קאמוק,CR,רוטב סאבוריטו חריף פלפל נגה גולוקיה148מל,מיליליטרים,148.00,"100 מ""ל",false,12,19.90,13.4459,true,1,336482
7290015009614,false,"רוטב אקסטרא חריף פלפל סקוטש בונט 148 מ""ל",קאמוק,CR,רוטב סאבוריטו חריף פלפל סקוטש בונט148מל,מיליליטרים,148.00,"100 מ""ל",false,12,19.90,13.4459,true,1,336483
7290015009621,false,"רוטב סויה שומשום ודבש 355 מ""ל",קאמוק,CR,רוטב סויה דניאל עם שומשום ודבש 355 מל,מיליליטרים,355.00,"100 מ""ל",false,12,26.90,7.5775,true,1,336484
7290015009638,false,"רוטב צילי מתוק ופסיפלורה 355 מ""ל",קאמוק,CR,רוטב צילי דניאל עם פסיפלורה 355 מל,מיליליטרים,355.00,"100 מ""ל",false,12,26.90,7.5775,true,1,336485
7290015009645,false,רוטב פלפל הבנרו חרדל,,CR,רוטב פלפל הבנרו דניאל דבש וחרדל 355 מל,מיליליטרים,355.00,"100 מ""ל",false,12,26.90,7.5775,true,1,336486
7290015014267,true,פסיפלורה ארוז במגש י,,,פסיפלורה ארוז במגש יח,Unknown,0.00,Unknown,false,1,17.90,0.0000,true,1,299955
7290015025942,false,"קרם ידיים קלאסי עם שמן שקדים פנג'ל 80 מ""ל",מיוצר עי קונדיטוריית,IL,קרם ידיים פנגל קלאסיק שמן שקדים 80 מל,Unknown,0.00,Unknown,false,1,7.90,0.0000,true,1,295710
7290015025959,false,מגבונים לחים בניחוח עדין מכיל תמציות קשמיר ומשי,עלבד משואות יצחק,IL,מארז 4יח מגבוני פרש וואנס קשמיר קר 64יח,יחידה,64.00,יחידה,false,1,15.90,0.2484,true,1,318058
7290015039055,false,"רוטב צ'ילי חריף תאילנדי וילי פוד 700 מ""ל",הנסיך- מפעל לייצור ט,TH,רוטב צילי חריף 700 מל ויליפוד,מיליליטרים,700.00,"100 מ""ל",false,1,9.90,1.4143,true,1,239759
7290015039253,false,עלי גפן במי מלח ויליפוד 620 גרם,קוראהן פזלרמה וי דיס,TR,עלי גפן במי מלח 620 גרם,גרמים,620.00,100 גרם,false,1,9.90,1.5968,true,1,241263
7290015041041,false,טוש מסיר כתמים,,,טוש מסיר כתמים,יחידה,1.00,יחידה,false,12,11.90,11.9000,true,1,315154
7290015060639,false,זיתים שחורים קלמטה ב,,GR,זיתים שחורים קלמטה בשמן זית אורגני 250גר,גרמים,250.00,100 גרם,false,1,18.90,7.5600,true,1,326232
7290015119184,false,פסטרמה טונה 100גר,שני דייגים,IL,פסטרמה טונה 100גר,גרמים,100.00,100 גרם,false,1,22.90,22.9000,true,1,320930
7290015119375,false,פסטרמה טונה מתובלת,שני דייגים,IL,פסטרמה טונה מתובלת 100 גר,גרמים,100.00,100 גרם,false,1,22.90,22.9000,true,1,320931
7290015119658,false,פסטרמה טונה אלבקור מ,שני דייגים,IL,פסטרמה טונה אלבקור מתובלת 100 גר,גרמים,100.00,100 גרם,false,1,22.90,22.9000,true,1,320934
7290015127288,false,בולגרית עיזים זעתר אורגנית 200 גר,,IL,גבינה ראם בולגרית עם זעתר אורגנית 200גר,גרמים,200.00,100 גרם,false,6,36.90,18.4500,true,1,336069
7290015129121,false,אטריות קונג'אק בתוספת טפיוקה בצורת נודלס,הוויזאי וואנגייה פוד,CN,פסטה סקיני נודלס 270 גר ללא גלוטן,גרמים,270.00,100 גרם,false,30,11.90,4.4074,true,1,241702
7290015129268,false,סקיני פסטה פנה שיבולת שועל 200 גרם,סקיני פסטה,CN,סקיני פסטה שבולת שועל פנה 270 גר,גרמים,270.00,100 גרם,false,30,11.90,4.4074,true,1,337625
7290015129312,false,סקיני סופ תבשיל מרק בטעם עוף 214 גרם,סצ'\ואן סנטאיואן,CN,תבשיל מרק טעם עוף 234 גר סקיני סופ,גרמים,234.00,100 גרם,false,6,19.90,8.5043,true,1,325894
7290015129749,false,סקיני פסטה שיבולת שועל נודלס 270 גרם,הוויזאי וואנגייה,CN,סקיני פסטה שבולת נודלס 270 גר,גרמים,270.00,100 גרם,false,30,11.90,4.4074,true,1,315704
7290015129756,false,סקיני פסטה שיבולת שועל פטוצ'יני 270 גרם,הוויזאי וואנגייה,CN,סקיני פסטה שבולת שועל פטוציני 270 גר,גרמים,270.00,100 גרם,false,30,11.90,4.4074,true,1,315703
7290015139229,false,לני מטבעות שוקולד חלב זהב סגול 42 גר,כרמית,IL,מטבעות שוקולד חלב זהב סגול 42 ג ברשת,Unknown,0.00,Unknown,false,1,5.00,0.0000,true,1,297086
7290015139250,false,"שוקולד מריר פצפוצי אורז כרמית 85 גרם לל""ס","כרמית תעשיות ממתקים בע""\",IL,שוקולד מריר פיצפוצי ללא סוכר 85 ג כרמית,Unknown,0.00,Unknown,false,1,5.90,0.0000,true,1,297084
7290015139267,false,שוקולד מריר עם שקדים ללא תוספת סוכר וסטהיים,"כרמית תעשיות ממתקים בע""\",IL,שוקולד מריר שקדים ללא סוכר 85 ג כרמית,Unknown,0.00,Unknown,false,1,5.90,0.0000,true,1,297085
7290015139526,false,חופשי ופל בציפוי ומילוי שוקו ללא גלוטן כרמית 125 גרם,כרמית תעשיות ממתקים,IL,ופל חופשי מצופה ללא גלוטן 125 גר,גרמים,125.00,100 גרם,false,1,11.90,9.5200,true,1,297331
7290015139533,false,חופשי ופל לימון ללא ציפוי ללא גלוטן כרמית 200 גרם,"כרמית תעשיות ממתקים בע""\",IL,ופל חופשי לימון ללא גלוטן 200 גר,גרמים,200.00,100 גרם,false,1,11.50,5.7500,true,1,297332
7290015139557,false,חופשי ופל שוקו ללא גלוטן כרמית 200 גרם,"כרמית תעשיות ממתקים בע""\",IL,ופל חופשי שוקולד ללא גלוטן 200 גר,גרמים,200.00,100 גרם,false,1,11.50,5.7500,true,1,297333
7290015139571,false,חופשי ופל בארים בציפוי שוקולד 25 גר,"כרמית תעשיות ממתקים בע""\",IL,מאגדת 5 ופל חופשי חלב ל.ג 25 גר,גרמים,125.00,100 גרם,false,1,12.00,9.6000,true,1,297336
7290015150033,false,תה ירוק ויסוצקי 25 יחידות,תה ויסוצקי,IL,תה ירוק ספייסי נענע,יחידה,25.00,יחידה,false,6,24.90,0.9960,true,1,242931
7290015150088,false,מחית עגבניות קלה גרנד איטליה 700 גרם,שוורצקוף& הנקל דיסלד,IT,מחית עגבניות בלה איטליה 700 גר,גרמים,700.00,100 גרם,false,1,11.90,1.7000,true,1,245956
7290015150118,false,שלישיית עגבניות חתוכות דק גרנד איטליה 400 גרם,אמיליאנה קונסרב ס.פ.,IT,מארז 3 יח עגבניות חתוכות בלה איטליה400גר,גרמים,1200.00,100 גרם,false,1,16.90,1.4083,true,1,245955
7290015150361,false,תה ירוק נענע סטיביה ויסוצקי 25 יחידות,ויסוצקי ירוק,IL,תה ירוק נענע סטיביה,יחידה,25.00,יחידה,false,6,24.90,0.9960,true,1,244538
7290015150583,false,תה ירוק לימון ודבש ויסוצקי 25 יחידות,ויסוצקי ירוק,IL,תה ירוק לימון ודבש 1.5 ג 25 שק,יחידה,25.00,יחידה,false,12,24.90,0.9960,true,1,294963
7290015150590,false,תה ירוק ג'ינג'ר חריף ויסוצקי 25 יחידות,ויסוצקי ירוק,IL,תה ירוק גינגר חריף,יחידה,25.00,יחידה,false,6,24.90,0.9960,true,1,294964
7290015150729,false,תה ירוק סקיני גריני ויסוצקי 25 יחידות,תה ויסוצקי,IL,תה ירוק סקיני גריני 1.5 ג 25 שק,יחידה,25.00,יחידה,false,6,24.90,0.9960,true,1,298716
7290015150903,false,תה ירוק קינמון ודבש ויסוצקי 25 יחידות,ויסוצקי ירוק,IL,תה ירוק קינמון ודבש 1.5 ג 25 שק,יחידה,25.00,יחידה,false,6,24.90,0.9960,true,1,299976
7290015150910,false,תה ירוק לימונית ויסמין ויסוצקי 25 יחידות,תה ויסוצקי,IL,תה ירוק לימונית ויסמין 1.5 ג 25 שק,יחידה,25.00,יחידה,false,6,24.90,0.9960,true,1,299977
7290015155021,false,פרמיו חטיף דנטלי לכלב ננסי 110גרם,רונדו,DE,פרמיו דנטל מיני 110 גר,גרמים,110.00,100 גרם,false,10,9.90,9.0000,true,1,336249
7290015155083,false,חול חתולים חיתולי נט,,ES,חול חתולים חיתולי נטורל 10 קג,קילוגרמים,10.00,"ק""ג",false,3,32.90,3.2900,true,1,295454
7290015155243,false,פרמיו חטיף כריות לתמיכה באנטי -היירבול לחתול 60ג',פרמיו Premio,AT,פרמיו חטיף כריות לחתול 60 גר,גרמים,60.00,100 גרם,false,7,9.90,16.5000,true,1,313955
7290015155250,false,פרמיו חטיף כריות סלמון 60 גר,פרמיו Premio,AT,פרמיו חטיף כריות סלמון לחתול 60גר,גרמים,60.00,100 גרם,false,7,9.90,16.5000,true,1,313957
7290015155274,false,פרמיו כריות ביוטי לחתול 60ג,פרמיו Premio,AT,פרמיו חטיף כריות לחתול אנטי היירבול 60ג,גרמים,60.00,100 גרם,false,7,9.90,16.5000,true,1,336977
7290015155410,false,פרמיו חטיף כריות דנטל עם עוף 60ג',פרמיו Premio,AT,פרמיו חטיף כריות דנטל עוף לחתול 60גר,גרמים,60.00,100 גרם,false,7,9.90,16.5000,true,1,313956
7290015155427,false,פרמיו עוף וכבד לחתול,פרמיו Premio,AU,פרמיו עוף וכבד 15 גר,יחידה,1.00,יחידה,false,35,6.90,6.9000,true,1,313954
7290015155434,false,פרמיו סלמון ופורל 15 ג',,AU,פרמיו סלמון ופורל 15 גר,יחידה,1.00,יחידה,false,35,6.90,6.9000,true,1,313953
7290015155557,false,פרמיו מקלוני ברווז מובחרים 100ג,,CN,פרמיו רצועות סושי ברווז 100 גר,גרמים,100.00,100 גרם,false,14,14.90,14.9000,true,1,336246
7290015155823,false,מחית תפוחי עץ חטיפטף ללא תוספת סוכר,פרוטה פודיווין איי.א,CZ,פאוץ פרינוק תפוח עץ 120 גרם,גרמים,120.00,100 גרם,false,24,5.90,4.9167,true,1,307511
7290015155830,false,מחית תפוחי עץ ובננה חטיפטף ללא תוספת סוכר,פרוטה פודווין איי.אס,CZ,פאוץ פרינוק תפוח בננה 120 גרם,גרמים,120.00,100 גרם,false,24,5.90,4.9167,true,1,307512
7290015155847,false,מחית סלט פירות חטיפטף ללא תוספת סוכר,פרוטה פודיווין איי.א,CZ,פאוץ פרינוק סלט פירות 120 גרם,גרמים,120.00,100 גרם,false,24,5.90,4.9167,true,1,307513
7290015155878,false,חטיף אורז אפוי לתינוקות טבעי חטיפטף 28גר,נאמצואו,TH,חטיפטף בטעם טבעי 28 גר,Unknown,0.00,Unknown,false,24,7.90,0.0000,true,1,308361
7290015155892,false,חטיף אורז אפוי לתינוקות בננה חטיפטף 28גר,נאמצואו,TH,חטיפטף בטעם בננה 31 גר,Unknown,0.00,Unknown,false,24,7.90,0.0000,true,1,308367
7290015156653,false,חטיף פרמיו אוהבי ברווז 100 גרם,,CN,פרמיו חטיף לבבות ברווז 100 גר,גרמים,100.00,100 גרם,false,10,14.90,14.9000,true,1,336247
7290015156769,false,מחית פרינוק פאוץ' תפוח ואוכמניות 120 גרם,פרוטה פודווין איי.אס,CZ,פאוץ פרינוק תפוח ואוכמניות 120 גרם,גרמים,120.00,100 גרם,false,1,5.90,4.9167,true,1,314378
7290015156776,false,מחית פירות טרופיים חטיפטף ללא תוספת סוכר,פרוטה פודווין איי.אס,CZ,פאוץ פרינוק פירות טרופיים 120 גרם,גרמים,120.00,100 גרם,false,24,5.90,4.9167,true,1,312837
7290015156790,false,מחית לפתן פירות חטיפטף ללא תוספת סוכר,פרוטה פודווין איי.אס,CZ,פאוץ פרינוק לפתן פירות 120 גרם,גרמים,120.00,100 גרם,false,24,5.90,4.9167,true,1,312838
7290015156813,false,פאוץ' מחית פירות מעורבים פרינוק 120 גרם,פרוטה פודווין איי.אס,CZ,פאוץ פרינוק פירות מעורבים 120 גרם,גרמים,120.00,100 גרם,false,24,5.90,4.9167,true,1,312839
7290015161145,false,קוואקר קוואקר כוסמין,נוטרה זן NutraZen,DK,קוואקר קוואקר כוסמין מלא עבה 400 גר,גרמים,400.00,100 גרם,false,1,19.90,4.9750,true,1,327683
7290015161152,false,גרנולה כוסמין פירות ואגוזים 300 גרם,שקד תבור,IL,גרנולה כוסמין פירות ואגוזים 300 גר,גרמים,300.00,100 גרם,false,1,27.90,9.3000,true,1,324379
7290015161169,false,גרנולה כוסמין קלאסית 300 גרם,שקד תבור,IL,גרנולה כוסמין קלאסית 300 גר,גרמים,300.00,100 גרם,false,1,27.90,9.3000,true,1,324378
7290015161534,false,קוואקר שיבולת שועל עבה ללא גלוטן - 400 גרם,נוטרה זן NutraZen,DK,קוואקר עבה ללא גלוטן 400 גר,גרמים,400.00,100 גרם,false,1,19.90,4.9750,true,1,323150
7290015161541,false,קוואקר שיבולת שועל אינסטנט ללא גלוטן - 400 גרם,הלינסקי מילס אל.טי.די,DK,קוואקר דק ללא גלוטן 400 גר,גרמים,400.00,100 גרם,false,1,19.90,4.9750,true,1,323148
7290015161558,false,קמח שיבולת שועל מלאה אורגני ללא גלוטן,הלינסקי מילס אל.טי.די,DK,קמח ש. שועל מלא ללג 500 גר,גרמים,500.00,100 גרם,false,1,24.90,4.9800,true,1,323152
7290015161565,false,"גרנולה ש""ש 28% פירות לל""ג נוטרה זן 300 ג",נוטרה זן NutraZen,IL,גרנולה פירות ללג נוטרה זן 300 גר,גרמים,300.00,100 גרם,false,1,22.90,7.6333,true,1,323153
7290015161572,false,גרנולה נוטרה זן 29% אגוזים וגרעינים ללא גלוטן 300 גרם,נוטרה זן NutraZen,IL,גרנולה אגוז 28% ללג נוטרה זן 300 גר,גרמים,300.00,100 גרם,false,1,22.90,7.6333,true,1,323154
7290015161589,false,פת פריכה אורגנית ללא גלוטן ירקות גינה 100 גרם,אקסטרודו בצ'\יצה,CZ,פת פריכה אורגנית ללג ירקות גינה 100גר,גרמים,100.00,100 גרם,false,1,10.90,10.9000,true,1,323143
7290015161688,false,דגני בוקר שיפון כדורי קקאו אורגנים,,,דגני שיפון אורגני כדורי קקאו 200 גר,גרמים,200.00,100 גרם,false,1,19.90,9.9500,true,1,323162
7290015161831,false,פת פריכה אורגנית ללא גלוטן - אמרנט 100 גרם,אקסטרודו בצ'\יצה,CZ,פת פריכה אורגנית ללג אמאנט 100 גר,גרמים,100.00,100 גרם,false,1,10.90,10.9000,true,1,323139
7290015161848,false,פת פריכה אורגנית ללא גלוטן - כוסמת וקינואה 100 גרם,אקסטרודו בצ'\יצה,CZ,פת פריכה אורגנית ללג כוסת וקינואה100 גר,גרמים,100.00,100 גרם,false,1,10.90,10.9000,true,1,323140
7290015161855,false,פת פריכה אורגנית ללא גלוטן - קינואה וחרובים 100 גרם,אקסטרודו בצ'\יצה,CZ,פת פריכה אורגנית ללג קינואה וחרוב 100גר,גרמים,100.00,100 גרם,false,1,10.90,10.9000,true,1,323142
7290015161862,false,פת פריכה אורגנית ללא גלוטן - ערמונים 100 גרם,אקסטרודו בצ'\יצה,CZ,פת פריכה אורגנית ללג ערמונים 100 גר,גרמים,100.00,100 גרם,false,1,10.90,10.9000,true,1,323141
7290015161879,false,פת פריכה אורגנית PRO ללא גלוטן עדשים אדומות וחומות 100 ג',אקסטרודו בצ'\יצה,CZ,פת פריכה אורגנית ללג עדשים 100 גר,גרמים,100.00,100 גרם,false,1,16.90,16.9000,true,1,323145
7290015161886,false,"פת פריכה אורג. PRO לל""ג חומוס אפונה 100",,CZ,פת פריכה אורגנית ללג חומוס ואפונה 100גר,גרמים,100.00,100 גרם,false,1,16.90,16.9000,true,1,323146
7290015161893,false,פת פריכה אורגנית PRO ללא גלוטן זרעי דלעת בתיבול שום 100 ג',אקסטרודו בצ'\יצה,CZ,פת פריכה אורגנית ללג פי אר או 100גר,גרמים,100.00,100 גרם,false,1,16.90,16.9000,true,1,323144
7290015164818,false,רוטב קארי צהובה 400 גרם SUREE כשר,Theppadungporn cocon,TH,מחית קארי צהובה 400 גר טי סי סי,גרמים,400.00,100 גרם,false,1,19.90,4.9750,true,1,306628
7290015164832,false,מחית קארי ירוק 400 גרם SUREE כשר,טאפאדונגפורן קוקינט,TH,מחית קארי ירוקה 400 גר טי סי סי,גרמים,400.00,100 גרם,false,1,19.90,4.9750,true,1,239967
7290015164856,false,רוטב קארי אדומה 400 גרם SUREE כשר,טאפאדונגפורן קוקינט,TH,מחית קארי אדומה 400 גר טי סי סי,גרמים,400.00,100 גרם,false,1,19.90,4.9750,true,1,239966
7290015178174,false,ממרח אוליביה - פסטו בטעם פרמז'ן 180 גרם,יוניליוור גרמניה Gm,IL,פסטו בטעם פרמזן 180גר אוליביה,גרמים,180.00,100 גרם,false,6,12.90,7.1667,true,1,325764
7290015178181,false,ממרח אוליביה - ארטישוק ברוזמרין 180 גרם,יוניליוור גרמניה Gm,IL,ארטישוק ברוזמרין 180גרם אוליביה,גרמים,180.00,100 גרם,false,6,12.90,7.1667,true,1,325761
7290015178198,false,ממרח אוליביה - חצילים שרופים 180 גרם,אוליביה בעמ,IL,ממרח חצילים שרופים 180גרם אוליביה,גרמים,180.00,100 גרם,false,6,12.90,7.1667,true,1,325762
7290015178235,false,זיתים מושחרים בסלסלת עגבניות מיובשות 180 גרם,תנובה ב.ע.ד,IL,זיתים מושחרים בסלסת עגבניות מיובשות 180ג,גרמים,180.00,100 גרם,false,6,12.90,7.1667,true,1,328662
7290015178266,false,אוליביה רוטב פלפלת שחורה 270 גרם,אוליביה,IL,רוטב פלפלת שחורה אוליביה 480 גר,גרמים,480.00,100 גרם,false,1,12.90,2.6875,true,1,336856
7290015178273,false,רוטב מרינדה לעוף בגריל אוליביה 270 גר,אוליביה,IL,מרינדה לעוף בגריל אוליביה 530 גר,גרמים,530.00,100 גרם,false,1,12.90,2.4340,true,1,336857
7290015193139,false,"WOK רוטב צ'ילי מתוק 300 מ""ל לל""ס",תאי פרידה אינדסטרי ב,TH,ווק צילי מתוק ללא סוכר 300מל,מיליליטרים,300.00,"100 מ""ל",false,12,8.90,2.9667,true,1,242914
7290015193573,false,"ווק אטריות אורז עובי 2 מ""מ 400 גרם",אסיאן סופירה פודס חב,TH,מקלוני אורז 2 ממ ווק 400 גר,גרמים,400.00,100 גרם,false,1,9.90,2.4750,true,1,304724
7290015282000,false,איקרא אדומה SEVEN SEAS 200 גרם,שבעת הימים - שמיר,IL,סלט איקרא אדומה 200 גר,גרמים,200.00,100 גרם,false,1,12.90,6.4500,true,1,308878
7290015282017,false,פרוסות טונה מעושנת 100 גרם שמיר,"סלטי שמיר 2006 בע""מ",,דג טונה מעושנת פרוס 100 גרם,גרמים,100.00,100 גרם,false,1,23.90,23.9000,true,1,242874
7290015282024,false,איקרא לבנה SEVEN SEAS 200 גרם,שבעת הימים - שמיר,IL,סלט איקרא לבנה 200 גר,גרמים,200.00,100 גרם,false,1,12.90,6.4500,true,1,308879
7290015282031,false,סלט חומוס עם חריף 30,,,סלט חומוס עם חריף 300 גר שמיר,גרמים,300.00,100 גרם,false,1,10.90,3.6333,true,1,244712
7290015282314,false,סלט קולסלאו אמריקאי,,,סלט קולסלאו אמריקאי 300 גר שמיר,גרמים,300.00,100 גרם,false,1,11.90,3.9667,true,1,244717
7290015282321,false,סלט סלק 300 גר שמיר,סלטי שמיר 2006,,סלט סלק 300 גר שמיר,גרמים,300.00,100 גרם,false,1,11.90,3.9667,true,1,244718
7290015282352,false,סלט תפוחי אדמה 300 ג,סלטי שמיר 2006,,סלט תפוחי אדמה 300 גר שמיר,גרמים,300.00,100 גרם,false,1,11.90,3.9667,true,1,244721
7290015282390,false,סלט תורכי 200 גרם שמיר,"סלטי שמיר 2006 בע""מ",IL,סלט תורכי 200גרם גורמה,גרמים,200.00,100 גרם,false,1,10.90,5.4500,true,1,307315
7290015282420,false,סלט חציל על האש 300,סלטי שמיר 2006,,סלט חציל על האש 300 גרם שמיר,גרמים,300.00,100 גרם,false,1,11.90,3.9667,true,1,244726
7290015282581,false,חומוס אבו גוש עם חריף שמיר 200 גרם,"סלטי שמיר 2006 בע""מ",IL,חומוס אבו גוש עם חריף 200 גרם גורמה,גרמים,200.00,100 גרם,false,1,10.90,5.4500,true,1,307305
7290015282598,false,חומוס מסעדות גורמה שמיר 200 גרם,"סלטי שמיר 2006 בע""מ",IL,חומוס מסעדות 200 גרם גורמה,גרמים,200.00,100 גרם,false,1,10.90,5.4500,true,1,307306
7290015282604,false,טחינה מיוחדת גורמה שמיר 200 גרם,"סלטי שמיר 2006 בע""מ",IL,טחינה מיוחדת 200 גרם גורמה,גרמים,200.00,100 גרם,false,1,10.90,5.4500,true,1,307307
7290015282611,false,סלט ביצים 200 גרם גו,"סלטי שמיר 2006 בע""מ",IL,סלט ביצים 200 גרם גורמה,גרמים,200.00,100 גרם,false,1,17.90,8.9500,true,1,307327
7290015282628,false,חציל בטעם כבד גורמה שמיר 200 גרם,"סלטי שמיר 2006 בע""מ",IL,סלט חציל בטעם כבד 200גרם גורמה,גרמים,200.00,100 גרם,false,1,10.90,5.4500,true,1,307316
7290015282635,false,חומוס מסבחה גורמה שמיר 200 גרם,"סלטי שמיר 2006 בע""מ",IL,חומוס מסבחה 200 גרם גורמה,גרמים,200.00,100 גרם,false,1,10.90,5.4500,true,1,307308
7290015282642,false,חומוס אבו גוש גורמה שמיר 200 גרם,"סלטי שמיר 2006 בע""מ",IL,חומוס אבו גוש 200 גרם גורמה,גרמים,200.00,100 גרם,false,1,10.90,5.4500,true,1,307309
7290015282666,false,סלט טונה עם ירקות 200 גר,"סלטי שמיר 2006 בע""מ",IL,סלט טונה בריאות 200גרם גורמה,גרמים,200.00,100 גרם,false,1,17.90,8.9500,true,1,307328
7290015282673,false,חציל במיונז ביתי גורמה שמיר 200 גרם,"סלטי שמיר 2006 בע""מ",IL,סלט חציל במיונז ביתי 200גרם גורמה,גרמים,200.00,100 גרם,false,1,10.90,5.4500,true,1,307317
7290015282680,false,קישוא בטעם כבד גורמה שמיר 200 גרם,"סלטי שמיר 2006 בע""מ",IL,סלט קישוא בטעם כבד 200 גרם גורמה,גרמים,200.00,100 גרם,false,1,10.90,5.4500,true,1,307318
7290015282697,false,כרוב אדום שמיר גורמה 200גר,"סלטי שמיר 2006 בע""מ",IL,כרוב אדום 200 גרם גורמה,גרמים,200.00,100 גרם,false,1,10.90,5.4500,true,1,307310
7290015282710,false,קוביות סלק גורמה שמיר 200 גרם,"סלטי שמיר 2006 בע""מ",IL,קוביות סלק 200גרם גורמה,גרמים,200.00,100 גרם,false,1,10.90,5.4500,true,1,307311
7290015282727,false,גזר מרוקאי ברוטב פיקנטי אסלי שמיר 200 ג',"סלטי שמיר 2006 בע""מ",IL,סלט גזר מרוקאי פיקנטי 200גר גורמה,גרמים,200.00,100 גרם,false,1,10.90,5.4500,true,1,307312
7290015282734,false,מטבוחה ביתית גורמה שמיר 200 גרם,"סלטי שמיר 2006 בע""מ",IL,מטבוחה ביתית 200 גרם גורמה,גרמים,200.00,100 גרם,false,1,10.90,5.4500,true,1,307313
7290015282741,false,חציל תאילנדי אסלי שמיר 200 ג',"סלטי שמיר 2006 בע""מ",IL,סלט חציל תאילנדי 200גר גורמה,גרמים,200.00,100 גרם,false,1,10.90,5.4500,true,1,307320
7290015282772,false,פלפל רצועות קלוי/מטוגן 200 גרם,"סלטי שמיר 2006 בע""מ",IL,סלט פלפל רצועות קלוי/מטוגן 200גרם גורמה,גרמים,200.00,100 גרם,false,1,10.90,5.4500,true,1,307323
7290015282789,false,טונה טוניסאית 200 גרם גורמה,"סלטי שמיר 2006 בע""מ",IL,סלט טונה טוניסאית 200גרם גורמה,גרמים,200.00,100 גרם,false,1,14.90,7.4500,true,1,307330
7290015282796,false,"סלט תפו""א שמיר במיונז 200ג'","סלטי שמיר 2006 בע""מ",IL,סלט תפוחי אדמה 200גר גורמה,גרמים,200.00,100 גרם,false,1,10.90,5.4500,true,1,307314
7290015284004,false,שמפו לכל סוגי השיער ירקות ירוקים ECOLOVE,א.ל. ארמן,IL,"שמפו משפחתי - לכל סוגי השיער, ירקות ירוק",מיליליטרים,500.00,"100 מ""ל",false,12,31.90,6.3800,true,1,239379
7290015284011,false,מרכך לכל סוגי השיער ירקות ירוקים ECOLOVE,אורגניק זון,IL,"מרכך משפחתי מתיר קשרים- לכל סוגי השיער,",מיליליטרים,500.00,"100 מ""ל",false,12,31.90,6.3800,true,1,239380
7290015284028,false,סבון גוף ירקות ירוקים 500 מל ECOLOVE,אורגניק זון,IL,"סבון גוף משפחתי מגיל חצי שנה, ירקות ירוק",מיליליטרים,500.00,"100 מ""ל",false,12,31.90,6.3800,true,1,239381
7290015284035,false,סבון ידיים ירקות ירוקים 500 מל ECOLOVE,אורגניק זון,IL,"סבון ידיים, ירקות ירוקים ecoLove",מיליליטרים,500.00,"100 מ""ל",false,12,24.90,4.9800,true,1,240595
7290015284042,false,שמפו לשיער רגיל/שמן ירקות אדומים ECOLOVE,אורגניק זון,IL,"שמפו לשיער רגיל – שמן, ירקות אדומים ecoL",מיליליטרים,500.00,"100 מ""ל",false,12,31.90,6.3800,true,1,239382
7290015284059,false,מרכך לשיער רגיל/שמן ירקות אדומים ECOLOVE,אורגניק זון,IL,"מרכך לשיער רגיל – שמן, ירקות אדומים eco",מיליליטרים,500.00,"100 מ""ל",false,12,31.90,6.3800,true,1,239383
7290015284066,false,סבון גוף ירקות אדומים 500 מל ECOLOVE,אורגניק זון,IL,סבון גוף – ירקות אדומיםecoLove,מיליליטרים,500.00,"100 מ""ל",false,12,31.90,6.3800,true,1,239384
7290015284073,false,סבון ידיים ירקות אדומים 500 מל ECOLOVE,א.ל. ארמן,IL,סבון ידיים – ירקות אדומים ecoLove,מיליליטרים,500.00,"100 מ""ל",false,12,24.90,4.9800,true,1,240596
7290015284080,false,שמפו לשיער רגיל/יבש ירקות כתומים ECOLOVE,אורגניק זון,IL,"שמפו לשיער רגיל- יבש, ירקות כתומים ecoLo",מיליליטרים,500.00,"100 מ""ל",false,12,31.90,6.3800,true,1,239385
7290015284097,false,מרכך לשיער רגיל/יבש ירקות כתומים ECOLOVE,א.ל. ארמן,IL,"מרכך לשיער רגיל – יבש, ירקות כתומים ecoL",מיליליטרים,500.00,"100 מ""ל",false,12,31.90,6.3800,true,1,239386
7290015284103,false,סבון גוף ירקות כתומים 500 מל ECOLOVE,אורגניק זון,IL,ס.גוף אקולאב 500מל ס. כתומה אורגניקזון,מיליליטרים,500.00,"100 מ""ל",false,1,31.90,6.3800,true,1,239387
7290015284110,false,סבון ידיים ירקות כתומים 500 מל ECOLOVE,אורגניק זון,IL,סבון ידיים – ירקות כתומים ecoLove,מיליליטרים,500.00,"100 מ""ל",false,12,24.90,4.9800,true,1,240597
7290015284134,false,מסכה לשיער רגיל-יבש ירקות כתומים ECOLOVE,א.ל. ארמן,IL,"מסיכה לשיער רגיל -יבש, ירקות כתומים ecoL",מיליליטרים,350.00,"100 מ""ל",false,6,41.90,11.9714,true,1,245347
7290015284141,false,שמפו אקולאב 1ליטר לא,א.ל. ארמן,IL,שמפו אקולאב 1ליטר לאחר החלקה ללא מלחים,ליטרים,1.00,ליטר,false,6,49.90,49.9000,true,1,337592
7290015284158,false,שמפו אקולאב 1ליטר שי,א.ל. ארמן,IL,שמפו אקולאב 1ליטר שיער רגיל שמן ירק אדום,ליטרים,1.00,ליטר,false,6,44.90,44.9000,true,1,337591
7290015284165,false,שמפו אקולאב 1ליטר שי,א.ל. ארמן,IL,שמפו אקולאב 1ליטר שיער רגיל יבש ירק כתום,ליטרים,1.00,ליטר,false,6,44.90,44.9000,true,1,337590
7290015284172,false,מרכך אקולאב משפחתי 1,א.ל. ארמן,IL,מרכך אקולאב משפחתי 1ליטר מגיל חצי שנה,ליטרים,1.00,ליטר,false,6,44.90,44.9000,true,1,326172
7290015284189,false,שמפו משפחתי ירקות ירוקים 1 ליטר,א.ל. ארמן,IL,שמפו אקולאב משפחתי לכל סוגי השיער 1ליטר,ליטרים,1.00,ליטר,false,6,44.90,44.9000,true,1,319304
7290015284196,false,סבון גוף משפחתי ירקות ירוקים 1 ליטר,א.ל. ארמן,IL,סבון גוף אקולאב 1ליטר משפחתי,ליטרים,1.00,ליטר,false,6,44.90,44.9000,true,1,319305
7290015284202,false,ECOLOVE שמפו לשיער צבוע ויבש מאוד 500 מל,א.ל. ארמן,IL,שמפו אקולאב 500מל ס. סגולה אורגניקזון,מיליליטרים,500.00,"100 מ""ל",false,1,31.90,6.3800,true,1,297852
7290015284219,false,ECOLOVE מרכך לשיער צבוע ויבש מאוד 500 מל,א.ל. ארמן,IL,מרכך אקולאב 500מל ס. סגולה אורגניקזון,מיליליטרים,500.00,"100 מ""ל",false,1,31.90,6.3800,true,1,297853
7290015284226,false,סבון גוף לעור יבש 500 מל,א.ל. ארמן,IL,ס.גוף אקולאב 500מל ס. סגולה אורגניקזון,מיליליטרים,500.00,"100 מ""ל",false,1,31.90,6.3800,true,1,297854
7290015284233,false,ECOLOVE סבון ידיים לעור יבש 500 מל,א.ל. ארמן,IL,סבון ידיים אקולאב 500 מל אקולוגי סגול,מיליליטרים,500.00,"100 מ""ל",false,1,24.90,4.9800,true,1,297888
7290015284240,false,ECOLOVE מסיכה לשיער צבוע ויבש מאוד 350 מ,א.ל. ארמן,IL,מסכה לשיער אקולאב סגול 350 מל,מיליליטרים,350.00,"100 מ""ל",false,1,41.90,11.9714,true,1,299117
7290015284257,false,שמפו לשיער צבוע ירקות סגולים 1 ליטר,א.ל. ארמן,IL,שמפו לשיער צבוע 1ליטר אקולאב ירק. סגולים,ליטרים,1.00,ליטר,false,6,44.90,44.9000,true,1,321822
7290015284264,false,סבון גוף לעור יבש ירקות סגולים 1 ליטר,א.ל. ארמן,IL,סבון גוף אקולאב 1ליטר ירקות סגולים,ליטרים,1.00,ליטר,false,6,44.90,44.9000,true,1,321821
7290015284271,false,מרכך טבעי לשיער צבוע,א.ל. ארמן,IL,מרכך אקולאב משפחתי 1ליטר לשיער צבוע,ליטרים,1.00,ליטר,false,6,44.90,44.9000,true,1,326173
7290015284301,false,סבון שמן זית אורגני מלפפון ותה ירוק,לה קרים,IL,"סבון שמן זית אורגני, מלפפון ותה ירוק eco",גרמים,110.00,100 גרם,false,14,17.90,16.2727,true,1,240095
7290015284318,false,סבון שמן זית אורגני פריחת השקד 110 גר,לה קרים,IL,"סבון שמן זית אורגני, פריחת שקד ecoLove",גרמים,110.00,100 גרם,false,14,17.90,16.2727,true,1,240096
7290015284325,false,סבון שמן זית אורגני גרניום לימוני 110 גר,לה קרים,IL,"סבון שמן זית אורגני, גרניום לימוני ecoLo",גרמים,110.00,100 גרם,false,14,17.90,16.2727,true,1,240097
7290015284332,false,סבון שמן זית אורגני לבנדר וקלנדולה 110 ג,לה קרים,IL,"סבון שמן זית אורגני,לבנדר וקלנדולה ecoLo",גרמים,110.00,100 גרם,false,14,17.90,16.2727,true,1,240098
7290015284431,false,קרם ידיים אקולאב 100,,IL,קרם ידיים אקולאב 100מל אגוזים,מיליליטרים,100.00,"100 מ""ל",false,1,16.90,16.9000,true,1,337595
7290015284646,false,ס.גוף אקולאב 500מל ס,א.ל. ארמן,,ס.גוף אקולאב 500מל ס. אגוזים אורגניקזון,מיליליטרים,500.00,"100 מ""ל",false,1,31.90,6.3800,true,1,336524
7290015284653,false,סבון ידיים אקולאב 50,א.ל. ארמן,,סבון ידיים אקולאב 500 מל אקולוגי אגוזים,מיליליטרים,500.00,"100 מ""ל",false,1,24.90,4.9800,true,1,336525
7290015284660,false,שמפו לאחר החלקה 500 מל,א.ל. ארמן,IL,שמפו אקולאב לשיער לאחר החלקה 500מל,מיליליטרים,500.00,"100 מ""ל",false,1,34.90,6.9800,true,1,303508
7290015284677,false,מרכך שיער שעבר החלקה ללא מלח אקולאב 500מ,א.ל. ארמן,IL,מרכך אקולאב לשיער לאחר החלקה 500מל,מיליליטרים,500.00,"100 מ""ל",false,1,34.90,6.9800,true,1,303509
7290015284684,false,מסכת שיער שעבר החלקה ללא מלח אקולאב 350מ,א.ל. ארמן,IL,מסכה אקולאב לשיער לאחר החלקה 350מל,מיליליטרים,350.00,"100 מ""ל",false,1,44.90,12.8286,true,1,303510
7290015284769,false,"גל ניקוי פנים אקולאב 150 מ""ל",הרמן,IL,גל ניקוי פנים אקולאב לכל סוגי העור 150מל,מיליליטרים,150.00,"100 מ""ל",false,4,33.90,22.6000,true,1,322480
7290015284783,false,"מיסלר מי ניקוי והסרת איפור 200 מ""ל",הרמן,IL,מי ניקוי והסרת איפור אקולאב מיסלר 200מל,מיליליטרים,200.00,"100 מ""ל",false,4,49.90,24.9500,true,1,322481
7290015284790,false,מסכת בוץ מינרלי לעור,הרמן,IL,מסכת בוץ מינרלי לעור הפנים אקולאב 100מל,מיליליטרים,100.00,"100 מ""ל",false,4,49.90,49.9000,true,1,322482
7290015293631,false,מסיכה לשיער מתולתל יסמין ופרחי מגנוליה,פישר מעבדות פרמצבטיות בע,IL,מסכה לשיער מתולתל נטורל קר ורדים450מל,מיליליטרים,450.00,"100 מ""ל",false,1,29.90,6.6444,true,1,298522
7290015299008,false,כיסוי היגייני לאסלה,,CN,כיסוי אסלה 10 יחידות,יחידה,10.00,יחידה,false,1,15.90,1.5900,true,1,326187
7290015324076,false,זעתר מעורב 80 גר' טעם וריח,"תבליני טעם וריח בע""מ",IL,זעתר 80גר שקית,Unknown,0.00,Unknown,false,1,6.50,0.0000,true,1,240324
7290015324120,false,שום גבישי 80 גר' טעם וריח,"תבליני טעם וריח בע""מ",IL,שום גבישי 80 גר שקית,Unknown,0.00,Unknown,false,1,6.50,0.0000,true,1,240329
7290015324281,false,"בצל מטוגן שקית 200 גרם""טעם וריח""",תות תעשיות מזון (201,NL,שבבי בצל מטוגן 200 גר,גרמים,200.00,100 גרם,false,1,9.90,4.9500,true,1,302650
7290015324519,false,תערובת לפיצה שקית 80 גרם,"תבליני טעם וריח בע""מ",IL,תערובת לפיצה שקית 80 גרם,Unknown,0.00,Unknown,false,1,6.50,0.0000,true,1,318916
7290015324526,false,תערובת תיבול לפרגיות 80 גרם,"תבליני טעם וריח בע""מ",IL,תערובת לפרגיות שקית 80 גרם,Unknown,0.00,Unknown,false,1,6.50,0.0000,true,1,318917
7290015324533,false,רוזמרין מיכל גדול 55 גרם,"תבליני טעם וריח בע""מ",IL,רוזמרין במיכל גדול 55 גר,Unknown,0.00,Unknown,false,1,9.90,0.0000,true,1,318918
7290015324540,false,טימין מיכל גדול 30 גרם,"תבליני טעם וריח בע""מ",IL,טימין מיכל גדול 30 גר,Unknown,0.00,Unknown,false,1,9.90,0.0000,true,1,318920
7290015324557,false,בהרט לבישול מיכל גדול 80 גרם,"תבליני טעם וריח בע""מ",IL,בהרט לבישול מיכל גדול 80 גרם,Unknown,0.00,Unknown,false,1,9.90,0.0000,true,1,318921
7290015324564,false,בכוסברה טחונה מיכל גדול 70 גרם,"תבליני טעם וריח בע""מ",IL,כוסברה טחונה במיכל גדול 70 גר,Unknown,0.00,Unknown,false,1,9.90,0.0000,true,1,318919
7290015324571,false,פפריקה מתוקה בשמן בסגנון מרוקאי 400 גרם,"תבליני טעם וריח בע""\מ",IL,פפריקה מתוקה בשמן מרוקאי 400 גר בקופסא,גרמים,400.00,100 גרם,false,1,15.90,3.9750,true,1,320843
7290015324588,false,תבליני טעם וריח מיכל גדו,"תבליני טעם וריח בע""מ",IL,פלפל לבן טחון 100 ג מיכל גדול,גרמים,100.00,100 גרם,false,1,13.90,13.9000,true,1,322319
7290015324595,false,פלפל שחור גרוס 400 גרם,,,פלפל שחור טחון גס400 גרם,גרמים,400.00,100 גרם,false,1,29.90,7.4750,true,1,323491
7290015324656,false,זעפרן ספרדי יחידה0.5,"תבליני טעם וריח בע""מ",ES,זעפרן ספרדי יחידה0.5 גר,Unknown,0.00,Unknown,false,1,19.90,0.0000,true,1,326648
7290015324663,false,צ'ילי גרוס חריף אש טעם ו,"תבליני טעם וריח בע""מ",IL,צילי גרוס חריף 70 גר מיכל גדול,גרמים,150.00,100 גרם,false,1,9.90,6.6000,true,1,325244
7290015324670,false,מטחנת פלפל שחור שלם 50 ג' טעם וריח,קייפ הרב אנד ספייס,ZA,מטחנת פלפל שחור שלם 50 גרם,Unknown,0.00,Unknown,false,6,14.90,0.0000,true,1,335971
7290015324687,false,מטחנת לקט פלפל 50 ג' טעם וריח,קייפ הרב אנד ספייס,ZA,מטחנת לקט פלפלים 50 גרם,Unknown,0.00,Unknown,false,6,14.90,0.0000,true,1,335972
7290015324694,false,מטחנת מלח ים 100 ג' טעם וריח,קייפ הרב אנד ספייס,ZA,מטחנת מלח ים 100 גרם,גרמים,100.00,100 גרם,false,6,14.90,14.9000,true,1,335973
7290015324700,false,מטחנת מלח הימלאיה 100 ג' טעם וריח,קייפ הרב אנד ספייס,ZA,מטחנת מלח הימלאיה 100 גרם,גרמים,100.00,100 גרם,false,6,14.90,14.9000,true,1,335974
7290015324717,false,"מחית שום `טעם וריח, 210 גרם",ליני קאטייאמה פודסטאפס ב,CN,מחית שום טעם וריח 210 גרם צנצנת,גרמים,210.00,100 גרם,false,6,12.90,6.1429,true,1,335519
7290015324724,false,מחית צ`ילי חריף `טעם וריח' 230 גרם,ליני קאטייאמה פודסטאפס ב,CN,מחית צילי חריף טעם וריח 230 גרם צנצנת,גרמים,230.00,100 גרם,false,6,12.90,5.6087,true,1,335520
7290015324731,false,"מחית ג`ינג`ר `טעם וריח', 210 גרם",ליני קאטייאמה פודסטאפס ב,CN,מחית גינגר טעם וריח 210 גרם צנצנת,גרמים,210.00,100 גרם,false,6,12.90,6.1429,true,1,335522
7290015324748,false,"מחית שום וג`ינגר `טעם וריח', 210 גרם",ליני קאטייאמה פודסטאפס ב,CN,מחית שום וגינגר טעם וריח 210 גרם צנצנת,גרמים,210.00,100 גרם,false,6,12.90,6.1429,true,1,335523
7290015325752,false,אסותא מגבונים לחים רביעיה,טרופיקל דגיל,IL,מארז 4יח מגבוני בד לחים אסותא 72יח,יחידה,288.00,יחידה,false,6,16.90,0.0587,true,1,305845
7290015335607,false,יוגונאט טבעי 150גר' ניה,טרופיקל דגיל תעשיות,IL,מעדן ביו טבעי 150גר ללא סויה/חלב,גרמים,150.00,100 גרם,false,6,6.90,4.6000,true,1,326473
7290015335614,false,מעדן ביו עם תות 150 גרם,טרופיקל דגיל תעשיות,IL,מעדן ביו תות 150גרם ללא סויה/חלב,גרמים,150.00,100 גרם,false,6,6.90,4.6000,true,1,326474
7290015335621,false,יוגונאט פירות יער 150גר' ניה,טרופיקל דגיל תעשיות,IL,מעדן ביו פירות יער 150גרם ללא סויה/חלב,גרמים,150.00,100 גרם,false,6,6.90,4.6000,true,1,326476
7290015335638,false,מעד ביו דובדבן 150 גר,טרופיקל דגיל תעשיות,IL,מעדן ביו דובדבן 150גרם ללא סויה/חלב,גרמים,150.00,100 גרם,false,6,6.90,4.6000,true,1,326475
7290015335645,false,מעדן ביו מנגו ומלון,טרופיקל דגיל תעשיות,IL,מעדן ביו מנגו ומלון 150גרם ללא סויה/חלב,גרמים,150.00,100 גרם,false,6,6.90,4.6000,true,1,326477
7290015335706,false,מעד ביו שוקולד 150 גר,,IL,מעדן ביו שוקולד 150גר ללא סויה/חלב,גרמים,150.00,100 גרם,false,6,6.90,4.6000,true,1,328631
7290015335720,false,מעדן ביו בטעם אננס 150 גר,,IL,מעדן ביו בטעם אננס 150גר ללא סויה/חלב,גרמים,150.00,100 גרם,false,6,6.90,4.6000,true,1,332665
7290015348089,false,"למברוסקו אדום ביאנקו 750 מ""ל ""אמיליאנו""",גאטטיקו איטליה,IL,יין למברסקו ביאנקו 750 מל,מיליליטרים,750.00,"100 מ""ל",false,1,35.00,4.6667,true,1,298850
7290015348096,false,"למברוסקו רוזה 750 מ""ל ""אמיליאנו""",גאטטיקו איטליה,IL,יין למברסקו אמיליאנו רוזה 750 מל,מיליליטרים,750.00,"100 מ""ל",false,1,35.00,4.6667,true,1,244972
7290015350150,false,"יין אדום חצי יבש סגל 750 מ""ל","כרמי צבי - אחים סגל בע""\",IL,יין סגל אדום 750 מל,מיליליטרים,750.00,"100 מ""ל",false,1,25.00,3.3333,true,1,322507
7290015350273,false,יין שרדונה פרי סגל 7,,,יין שרדונה פרי סגל 750 מל,מיליליטרים,750.00,"100 מ""ל",false,1,60.00,8.0000,true,1,317084
7290015354899,false,חרדל דיז'ון מעודן 350 גרם,ריין דיז'ון reine dijon,FR,חרדל ריין דה דיזון מעודן350 ג,גרמים,350.00,100 גרם,false,1,12.90,3.6857,true,1,313807
7290015360593,false,יין שאבלי פרמייה מונ,דומיין דה מאלאנד,,יין שבלי פרמייה מונמיין 750 מל,מיליליטרים,750.00,"100 מ""ל",false,1,140.00,18.6667,true,1,297055
7290015360609,false,יין בורגון שבלי דומי,דומיין דה מאלאנד,,יין שבלי דומיין פטי 750 מל,מיליליטרים,750.00,"100 מ""ל",false,1,90.00,12.0000,true,1,297059
7290015366250,false,"סטייל - ספריי קרטין לשיער 120 מ""ל",א.ל. ארמן,IL,ספריי קרטין לשמירה על השיער 120מל,מיליליטרים,120.00,"100 מ""ל",false,1,44.90,37.4167,true,1,331844
7290015366380,false,ספירה אנתוש ספריי דוחה יתושים 70 מל,סאסא קוסמטיקס,IL,דוחה יתושים ספירה אנתוש ספריי 70מל,Unknown,0.00,Unknown,false,1,12.90,0.0000,true,1,312297
7290015366670,false,משחת שיניים הגנה משולשת מנטה מרענן,גלקסוסמיתקליין,SK,מש.שיניים אקוה פרש מנטה 100 מל,מיליליטרים,100.00,"100 מ""ל",false,1,7.90,7.9000,true,1,297909
7290015395021,false,גרגירי גוגי 180 גרם בקופסא,"דין שיווק וקלייה בע""",,גרגירי גוגי ברי 180 גר בקופסא,גרמים,180.00,100 גרם,false,1,19.90,11.0556,true,1,243021
7290015395045,false,"קינואה בשקית שקדיה 400 גרם בד""ץ","שקדיה גבע תעשיות בע""",IL,קינואה 400,גרמים,400.00,100 גרם,false,25,10.90,2.7250,true,1,244617
7290015397766,false,קערת במבוק ייחודית,,,קערת במבוק ייחודית,יחידה,1.00,יחידה,false,1,39.90,39.9000,true,1,294839
7290015424882,false,פמינה מגבונים אינטימיים 20 יח TO GO,פמינה,IL,מגבונים אינטימיים פמינה טוגו חמוציות 20י,יחידה,20.00,יחידה,false,24,14.90,0.7450,true,1,312296
7290015437431,false,רכז רימונים 100% טבעי 420 גר,AROMA PRODUCT ITD,GE,רכז רימונים 100% טבעי 420גרם,גרמים,420.00,100 גרם,false,20,20.00,4.7619,true,1,300776
7290015437578,false,מוזלי קראנצ'י צימוק תפוח מיובש גרעיני חמנ' 600ג',ויטליה,MK,תערובת מוזלי קראנצי פירות וזרעים 600 גר,גרמים,600.00,100 גרם,false,10,13.90,2.3167,true,1,314725
7290015437585,false,מוזלי קראנצי בתוספת צימוק ושוקולד 600 גרם,ויטליה,MK,תערובת מוזלי קראנצי שוקולד בננה 600 גר,גרמים,600.00,100 גרם,false,10,13.90,2.3167,true,1,314726
7290015470094,false,טוסו שוקולד מריר תפוז ללא סוכר 100גרם,אלטינמארקה,TR,שוקולד מריר תפוז טוסו ללא סוכר 100 גר,גרמים,100.00,100 גרם,false,15,10.90,10.9000,true,1,300196
7290015470391,false,קרם ידיים מועשר בשמן זית לעור רגיל עד יבש,אינטרקוסמא,IL,קרם ידיים פנגל מועשר בשמן זית 100מל,מיליליטרים,100.00,"100 מ""ל",false,1,12.90,12.9000,true,1,295371
7290015508223,false,יין פלטר מטר 2016 75,יקב matar,,יין פלטר מטר 2016 750 מל,מיליליטרים,750.00,"100 מ""ל",false,1,85.00,11.3333,true,1,314221
7290015508285,false,יין פלטר רוזה מטר 20,יקב matar,,יין פלטר רוזה מטר 2015 750 מל,מיליליטרים,750.00,"100 מ""ל",false,1,100.00,13.3333,true,1,301142
7290015508483,false,יין מטר קומולוס 2015 750 מל,יקב matar,,יין פלטר קומולוס מטר 2015 750 מל,מיליליטרים,750.00,"100 מ""ל",false,1,85.00,11.3333,true,1,302727
7290015596817,false,"ד""ר פישר - אפקטיב קר קרם גוף מועשר בשמן קוקוס 450 מ""ל",פישר מעבדות פרמצבטיות בע,IL,קרם גוף אפקטיב קר מועשר בשמן קוקוס 450מל,מיליליטרים,450.00,"100 מ""ל",false,1,21.90,4.8667,true,1,322988
7290015596831,false,"ד""ר פישר EFFECTIVE CARE קרם גוף בשמן אבוקדו 450 מ""ל",פישר מעבדות פרמצבטיות בע,IL,קרם גוף אפקטיב קר מועשר בשמן אבוקדו450מל,מיליליטרים,450.00,"100 מ""ל",false,1,21.90,4.8667,true,1,322989
7290015597210,false,מאגדת קורנטו פרווה 6 יח טבעוני 378 גר,"גלידת שטראוס בע""\מ, רחוב",IL,מאגדת טילון קורנטו טבעוני 6יח,יחידה,6.00,יחידה,false,1,34.90,5.8167,true,1,311813
7290015597326,false,מאגדת קרחוני אייס לייט 3 טעמים 260 גר,"גלידת שטראוס בע""\מ, רחוב",IL,מאגדת לייט קרחונים 10 יח,יחידה,10.00,יחידה,false,1,25.90,2.5900,true,1,296929
7290015599016,false,VEGA צהובה טבעונית עם זיתים 200 גרם,אריויה ס.א.,GR,צהובה טבעונית זיתים 200 גרם,גרמים,200.00,100 גרם,false,1,24.90,12.4500,true,1,294650
7290015599023,false,VEGA צהובה טבעונית בטעם קלאסי 200 גרם,וגה מוצרים טבעוניים VEGA,GR,צהובה טבעונית קלאסית 200 גרם,גרמים,200.00,100 גרם,false,1,24.90,12.4500,true,1,294651
7290015599030,false,VEGA צהובה טבעונית בטעם פיצה פפרוני 200 גרם,,GR,צהובה טבעונית פיצה פפרוני 200 גרם,גרמים,200.00,100 גרם,false,1,24.90,12.4500,true,1,294652
7290015599047,false,בלוק צהובה טבעונית לגירוד על פיצה 200 ג,אריויה ס.א.,GR,צהובה טבעונית 200 גרם בלוק,גרמים,200.00,100 גרם,false,1,17.90,8.9500,true,1,294663
7290015599054,false,פרוסות צהובה טבעונית בטעם גבינת צ'דר,וגה מוצרים טבעוניים VEGA,GR,צהובה טבעונית בטעם צדר 200 גרם,גרמים,200.00,100 גרם,false,1,24.90,12.4500,true,1,294653
7290015599061,false,VEGA צהובה טבעונית בטעם מוצרלה 200 גרם,וגה מוצרים טבעוניים VEGA,GR,צהובה טבעונית בטעם מוצרלה 200 גרם,גרמים,200.00,100 גרם,false,1,24.90,12.4500,true,1,294999
7290015599078,false,פרוסות צהובה טבעונית בתוספת עשבי תיבול,וגה מוצרים טבעוניים VEGA,GR,צהובה טבעונית עשבי תיבול 200 גרם,גרמים,200.00,100 גרם,false,1,24.90,12.4500,true,1,294654
7290015599177,false,סירופ אורז מלא בתוספת 400WANNA BEE,סוזן ספשלטיס,US,סירופ אורז מלא 400גר בתוספת אגבה ומייפל,גרמים,400.00,100 גרם,false,13,26.90,6.7250,true,1,318642
7290015599207,false,גבינת שמנת טבעונית בטעם צדר 170 גרם,ביוטי איילנד פודס בע,GB,ממרח טבעוני שמנת בטעם צדר 170גר,גרמים,170.00,100 גרם,false,1,18.90,11.1176,true,1,302252
7290015599214,false,שמרים יבשים בתוספת ויטמינים 110 ג NOOCH,רד סטאר וסט קומפני,US,שמרים יבשים בתוספת ויטמינים 110 גרם,גרמים,110.00,100 גרם,false,1,19.90,18.0909,true,1,296780
7290015599306,false,גבינת שמנת טבעונית עם עירית 170 גרם,ביוטי איילנד פודס בע,GB,ממרח טבעוני שמנת עם עירית 170גר,גרמים,170.00,100 גרם,false,1,18.90,11.1176,true,1,302253
7290015599313,false,VEGA ממרח טבעוני בסגנון גבינת שמנת בצל ירוק ופלפל שחור 170 גרם,ביוטי איילנד פודס בע,GB,ממרח טבעוני שמנת עם בצל ירוק ופלפל 170גר,גרמים,170.00,100 גרם,false,1,18.90,11.1176,true,1,302251
7290015599504,false,VEGA ממרח בטעם חמאה אורגני 225 גרם,גוד פוד פרודקטס S.p,DK,ממרח בטעם חמאה אורגני 225 גרם,גרמים,225.00,100 גרם,false,24,17.90,7.9556,true,1,314158
7290015599702,false,"VEGA ממרח טבעוני בסגנון גבינת שמנת בטעם זיתים לל""ג 170 גרם",ביוטי איילנד פודס בע,GB,ממרח טבעוני שמנת ללא גלוטן 170גר,גרמים,170.00,100 גרם,false,1,18.90,11.1176,true,1,322242
7290015599719,false,תחליף פרמזן טבעוני 1,המאפיה של הרמן,GR,תחליף פרמזן טבעוני 150 גרם,גרמים,150.00,100 גרם,false,11,24.90,16.6000,true,1,321799
7290015603188,false,אטריות ביצים 454ג' (כ) (fu),פוגיאן לונגהי אנלידה אינ,CN,אטריות ביצים 454 גר,גרמים,454.00,100 גרם,false,1,10.90,2.4009,true,1,296148
7290015603195,false,איטריות בתוספת תרד 454 גרם,פוגיאן לונגהי אנלידה אינ,CN,אטריות תרד 454 ג,גרמים,454.00,100 גרם,false,1,10.90,2.4009,true,1,246241
7290015603201,false,אטריות מחיטה מלאה 454ג' (כ) (fu),קסמיאן קסינגשנג פודסטטפס,CN,אטריות מחיטה מלאה 454 גר,גרמים,454.00,100 גרם,false,1,10.90,2.4009,true,1,294814
7290015603218,false,אטריות עם עגבניה מזרח מערב 454 גרם,פוגקן לונגהי אנלידה,CN,אטריות עם גבינה 454 ג,גרמים,454.00,100 גרם,false,1,10.90,2.4009,true,1,300689
7290015603225,false,איטריות בתוספת גזר 454 גרם,פוגקן לונגהי אנלידה,CN,אטריות עם גזר 454 ג,גרמים,454.00,100 גרם,false,1,10.90,2.4009,true,1,300687
7290015603232,false,איטריות בתוספת דלעת 454 גרם,פוגקן לונגהי אנלידה,CN,אטריות עם דלעת 454 ג,גרמים,454.00,100 גרם,false,1,10.90,2.4009,true,1,300688
7290015603522,false,"נוזל אגוזי קוקוס 5%-7% 400 מ""ל",אסי אטיק גרו אינדוסט,TH,נוזל אגוזי קוקוס5-7%אסיאטיק400מל,מיליליטרים,400.00,"100 מ""ל",false,1,6.90,1.7250,true,1,296138
7290015603546,false,"שימורי קרם קוקוס 17-19% 400 מ""ל (ASIATIC)(כ)",אסיאטיק אגרו אינדסטר,TH,קרם קוקוס 17-19% 400 מל אסיאטיק,מיליליטרים,400.00,"100 מ""ל",false,1,8.90,2.2250,true,1,313091
7290015603560,false,"שימורי קרם קוקוס 20-22% 400 מ""ל (ASIATIC)(כ)",אסיאטיק אגרו אינדוסטרי,TH,שימורי קרם קוקוס20-22%אסיאטיק400מל,גרמים,400.00,100 גרם,false,1,9.90,2.4750,true,1,296139
7290015603584,false,ג'ינגר לבן כבוש ללא מונוסודיום 160 גרם (כ),לאיווי איפנג פודס קו,CN,גינגר לבן כבוש 160 גר ללא מונוסדיום,גרמים,160.00,100 גרם,false,1,7.90,4.9375,true,1,297775
7290015603591,false,גינגר ורוד כבוש ללא מונוסודיום 160 גרם,ננטונג הידה אקוטיק פ,CN,גינגר ורוד כבוש 160 גר ללא מונוסדיום,גרמים,160.00,100 גרם,false,1,7.90,4.9375,true,1,308183
7290015603638,false,אורז קלרוז עגול לסושי 1קג,מינה פונג גרין אגריק,VN,אורז עגול קרלוז 1 קג,קילוגרמים,1.00,"ק""ג",false,12,13.90,13.9000,true,1,296837
7290015634120,false,יין עמק האלה אוורד לבן 2015 750 מל,עמק האלה,IL,יין אוורד בלנדד עמק האלה 750 מל,מיליליטרים,750.00,"100 מ""ל",false,12,45.00,6.0000,true,1,312497
7290015634175,false,עמק האלה אוור רד ק.סוביניון 2015 750 מל,,IL,יין אוורד קברנה סוביניון עמק האלה 750 מל,מיליליטרים,750.00,"100 מ""ל",false,12,45.00,6.0000,true,1,312496
7290015634182,false,עמק האלה אוורד קברנה/ מרלו 2015 750 מל,עמק האלה,IL,יין אוורד קברנה מרלו עמק האלה 750 מל,מיליליטרים,750.00,"100 מ""ל",false,12,45.00,6.0000,true,1,312498
7290015634588,false,"יין עמק האלה אדום 750 מ""ל",יקב עמק האלה,IL,יין עמק האלה אדום 750 מל,מיליליטרים,750.00,"100 מ""ל",false,12,60.00,8.0000,true,1,323259
7290015634595,false,"יין עמק האלה לבן 750 מ""ל",יקב עמק האלה,IL,יין עמק האלה לבן 750 מל,מיליליטרים,750.00,"100 מ""ל",false,12,60.00,8.0000,true,1,323260
7290015634618,false,"יין מייק א ווישעמק האלה לבן 750 מ""ל",יקב עמק האלה,IL,יין עמק האלה מייק א.וויש לבן 750 מל,מיליליטרים,750.00,"100 מ""ל",false,12,79.90,10.6533,true,1,323261
7290015652070,false,קשוי קלוי בשקית ששון הקולה 150 גרם,"דין שיווק וקלייה בע""",IL,קשיו קלוי 150 גר,גרמים,150.00,100 גרם,false,1,12.90,8.6000,true,1,298689
7290015652087,false,תערובת פיצוחים בשקית ששון הקולה 150 גרם,דין שיווק,IL,תערובת פיצוחים קלויים 150 גר,גרמים,150.00,100 גרם,false,1,12.90,8.6000,true,1,298690
7290015652254,false,גרעיני חמניה קלויים 400 גרם ששון הקלה,"דין שיווק וקלייה בע""",IL,גרעיני חמניה קלויים 400 גר מחיר מוטבע,גרמים,400.00,100 גרם,false,1,10.00,2.5000,true,1,246345
7290015652261,false,בוטנים קלויים ששון הקולה 350 גרם,"דין שיווק וקלייה בע""",IL,בוטנים קלויים 300 גרם מחיר מוטבע,גרמים,300.00,100 גרם,false,1,10.00,3.3333,true,1,246344
7290015652278,false,תערובת פיצוחים ששון הקולה 300 גרם,"דין שיווק וקלייה בע""",IL,תערובת פיצוחים 250 ג מחיר מוטבע,גרמים,250.00,100 גרם,false,1,20.00,8.0000,true,1,246349
7290015652285,false,אגוזים קלופים ששון הקולה 250 גרם,"שקדיה גבע תעשיות בע""",IL,אגוזים קלופים 250 גרם 20 שח גורי,גרמים,250.00,100 גרם,false,25,20.00,8.0000,true,1,246350
7290015652292,false,קבוקים עם שומשום ששון הקולה 400 גרם,"דין שיווק וקלייה בע""",IL,קבוקים עם שומשום 500גר מחיר מוטבע,גרמים,400.00,100 גרם,false,1,10.00,2.5000,true,1,246343
7290015652308,false,מנצ'ס ששון הקולה 400 גרם,"דין שיווק וקלייה בע""",,תערובת מנצס 300 גרם מחיר מוטבע,גרמים,300.00,100 גרם,false,1,10.00,3.3333,true,1,246346
7290015652322,false,בוטנים אמריקאיים מצופים 400 גר ששון הקלה,"דין שיווק וקלייה בע""",IL,בוטנים אמריקאים 500 גר מחיר מוטבע,גרמים,400.00,100 גרם,false,1,10.00,2.5000,true,1,246342
7290015652407,false,פיסטוק קלוי ששון הקולה 250 גרם,"דין שיווק וקלייה בע""",IL,פיסטוק קלוי 250 גרם מחיר מוטבע,גרמים,250.00,100 גרם,false,25,20.00,8.0000,true,1,297637
7290015652520,false,"תערובת השף עשבי תיבול ושום לתיבול דגים, עופות, מאפים ועוד","דין שיווק וקליה בע""מ",IL,תערובת השף אהרוני 70 ג,Unknown,0.00,Unknown,false,1,10.90,0.0000,true,1,317911
7290015652551,false,תערובת תיבול זעתר ושומשום בלדי,"נווה התבלין בע""מ",IL,תערובת זעתר בלדי אהרוני 150 גרם,גרמים,150.00,100 גרם,false,1,10.90,7.2667,true,1,317905
7290015652568,false,אהרוני עשבי טיבול לדגים 70 גר,"דין שיווק וקליה בע""מ",IL,תערובת עשבי תיבול לדג אהרוני 150 גרם,Unknown,0.00,Unknown,false,1,10.90,0.0000,true,1,317907
7290015652575,false,תבלין ראס אל חנות 150 גרם - אהרוני,"דין שיווק וקליה בע""מ",IL,תערובת ראס אל חנות אהרוני 150 ג,גרמים,150.00,100 גרם,false,1,10.90,7.2667,true,1,317910
7290015652582,false,חריימה דג אהרוני 150 גרם,"דין שיווק וקליה בע""מ",IL,תערובת חריימה לדג אהרוני 150 גרם,גרמים,150.00,100 גרם,false,1,10.90,7.2667,true,1,317906
7290015652605,false,פיסטוק קלוף השף 100 גרם,"דין שיווק וקלייה בע""",IL,פיסטוק קלוף טבעי השף 100 גרם,גרמים,100.00,100 גרם,false,12,20.00,20.0000,true,1,296910
7290015662031,false,ספירולינה טריה simpli good 140 גרם,"אלגמור בע""מ",IL,ספירולינה טריה 140גר בהקפאה סימפליגוד,גרמים,140.00,100 גרם,false,1,44.90,32.0714,true,1,323183
7290015663052,false,מרק כפרי ביתי 400 גרם JEREMY GOURMET,נווה התבלין,IL,מרק בריאות ביתי 400גרם,גרמים,400.00,100 גרם,false,6,23.50,5.8750,true,1,243941
7290015670012,false,מטבעות שומשום וטחינה טבעוני 240 גרם,קונדיטוריה מרסי,IL,עוגיות מרסי מטבעות שומשום וטחינה 230 גרם,גרמים,230.00,100 גרם,false,1,33.90,14.7391,true,1,328540
7290015670029,false,עוגיות טבעוניות פירו,קונדיטוריה מרסי,IL,מיקס מרסי שקד חמוציות פפאיה וגרעינים225,גרמים,225.00,100 גרם,false,1,33.90,15.0667,true,1,322152
7290015670043,false,מטבעות תמרים ואגוזים,קונדיטוריה מרסי,IL,מטבעות מרסי תמר ופיצוחים 225 גרם,גרמים,225.00,100 גרם,false,1,33.90,15.0667,true,1,322149
7290015670050,false,עוגיות טבעוניות ג'ינ,קונדיטוריה מרסי,IL,מיקס מרסי שקד גרעין גינגר ושוקולד מריר,גרמים,225.00,100 גרם,false,1,33.90,15.0667,true,1,322151
7290015670067,false,עוגיות לוז קשיו ושבבי קוקוס 230 גרם,קונדיטוריה מרסי,IL,עוגיות מרסי אגוזי לוז קשיו קוקוס 210 גרם,גרמים,210.00,100 גרם,false,1,33.90,16.1429,false,1,324769
7290015670074,false,מטבעות שבולת שועל וקשיו טבעוני 240 גרם,קונדיטוריה מרסי,IL,עוגיות מרסי מטבעות שבולת שועל קשיו230גרם,גרמים,230.00,100 גרם,false,1,33.90,14.7391,true,1,328618
7290015670081,false,אוזני המן מרסי בטעמי,קונדיטוריה מרסי,IL,אוזני המן מרסי בטעמים 250 גרם,Unknown,0.00,Unknown,false,1,33.90,0.0000,true,1,326812
7290015670111,false,מטבעות מרסי שקדים וא,קונדיטוריה מרסי,IL,מטבעות מרסי שקדים ואגוזים 210 גרם,גרמים,210.00,100 גרם,false,1,33.90,16.1429,true,1,322136
7290015670128,false,מיקס מרסי שומשום קשי,קונדיטוריה מרסי,IL,מיקס מרסי שומשום קשיו 225 גרם,גרמים,225.00,100 גרם,false,1,33.90,15.0667,true,1,322138
7290015670135,false,עוגיות מרסי מטבעות פ,קונדיטוריה מרסי,IL,עוגיות מרסי מטבעות פירות יער 230 גרם,גרמים,230.00,100 גרם,false,1,33.90,14.7391,true,1,327263
7290015670142,false,עוגת מרסי בחושה כשלפ,מרסי,IL,עוגת מרסי בחושה כשלפ בטעמים 600 גרם,גרמים,600.00,100 גרם,false,1,34.90,5.8167,true,1,327265
7290015670203,false,מטבעות מרסי מיקס גרע,קונדיטוריה מרסי,IL,מטבעות מרסי מיקס גרעינים ובוטנים225 גרם,גרמים,225.00,100 גרם,false,1,33.90,15.0667,true,1,322140
7290015670227,false,מטבעות מרסי מקלות שק,קונדיטוריה מרסי,IL,עוגיות מרסי מטבעות שקד חמוציות 210 גרם,גרמים,210.00,100 גרם,false,1,33.90,16.1429,true,1,322134
7290015670418,false,עוגיות מרסי חמאה ורי,קונדיטוריה מרסי,IL,עוגיות מרסי חמאה וריבת חלב קוקוס 240 ג,גרמים,240.00,100 גרם,false,1,33.90,14.1250,true,1,322160
7290015670425,false,עוגיות מרסי חמאה במי,קונדיטוריה מרסי,IL,עוגיות מרסי חמאה במילוי תות 240 ג,גרמים,240.00,100 גרם,false,1,33.90,14.1250,true,1,322158
7290015670432,false,עוגיות ריבועי גרנולה240ג,קונדיטוריה מרסי,IL,עוגיות מרסי שבולת שועל אגוזי לוז 240גר,גרמים,240.00,100 גרם,false,1,33.90,14.1250,true,1,322147
7290015670449,false,עוגיות מרסי שבולת שו,קונדיטוריה מרסי,IL,עוגיות מרסי שבולת שועל וחמוציות 240גר,גרמים,240.00,100 גרם,false,1,33.90,14.1250,true,1,322146
7290015670456,false,עוגיות רולדה תמר+אגוז280,קונדיטוריה מרסי,IL,עוגיות מרסי בצק פריך ממולא תמר אגוז240 ג,גרמים,240.00,100 גרם,false,1,33.90,14.1250,true,1,322156
7290015670463,false,עוגיות מרסי חמאה שוק,קונדיטוריה מרסי,IL,עוגיות מרסי חמאה תוספת שוקולד 250 ג,גרמים,250.00,100 גרם,false,1,33.90,13.5600,true,1,322167
7290015670494,false,עוגיות לימון שקד פרוס240,קונדיטוריה מרסי,IL,עוגיות מרסי בצק חמאה נגיעות לימון 240 ג,גרמים,240.00,100 גרם,false,1,33.90,14.1250,true,1,322163
7290015670531,false,רולדה ריבה ואגוזים 250 גרם,,IL,רולדת ריבה ואגוזים מרסי 250 גרם,גרמים,250.00,100 גרם,false,1,33.90,13.5600,true,1,326402
7290015670548,false,רולדת פרג מרסי 250 ג,קונדיטוריה מרסי,IL,רולדת פרג מרסי 250 גרם,גרמים,250.00,100 גרם,false,1,33.90,13.5600,true,1,326401
7290015670562,false,עוגיות מרסי טחינה וח,קונדיטוריה מרסי,IL,עוגיות מרסי טחינה וחמאה 240 ג,גרמים,240.00,100 גרם,false,1,33.90,14.1250,true,1,322161
7290015670616,false,עוגיות מרסי איטלקיות,קונדיטוריה מרסי,IL,עוגיות מרסי איטלקיות פירות יבשים 240גר,גרמים,240.00,100 גרם,false,1,33.90,14.1250,true,1,322144
7290015670630,false,עוגיות מרוקאיות בנגיעות קוקוס,קונדיטוריה מרסי,IL,עוגיות מרסי בצק פריך ללא ביצים שומשום280,גרמים,280.00,100 גרם,false,1,33.90,12.1071,true,1,322153
7290015670654,false,עוגיות מרסי פאדג שוק,קונדיטוריה מרסי,IL,כדורי שוקולד מרסי תוספת שקדים 240 ג,גרמים,240.00,100 גרם,false,1,33.90,14.1250,true,1,322165
7290015670715,false,עוגיות מרסי בצק פריך,מרסי,IL,עוגיות מרסי בצק פריך מלוח שומשום קצח300,גרמים,300.00,100 גרם,false,1,33.90,11.3000,true,1,322188
7290015670753,false,עוגיות מרסי חמאה וגב,מרסי,IL,עוגיות מרסי חמאה וגבינת פרמזאן 250 ג,גרמים,250.00,100 גרם,false,1,33.90,13.5600,true,1,322184
7290015670807,false,עוגת מרסי שוקולד מרי,מרסי,IL,עוגת מרסי שוקולד מריר איכותי,Unknown,0.00,Unknown,false,1,33.90,0.0000,true,1,322129
7290015670814,false,עוגת שוקולד בניחוח-ת,מרסי,IL,עוגת מרסי שוקולד ומיץ תפוז,Unknown,0.00,Unknown,false,1,33.90,0.0000,true,1,322130
7290015670821,false,עוגת מרסי שיש וניל ש,מרסי,IL,עוגת מרסי שיש וניל שוקולד מריר,Unknown,0.00,Unknown,false,1,33.90,0.0000,true,1,322131
7290015670838,false,עוגת מרסי גרדת לימון,מרסי,IL,עוגת מרסי גרדת לימון ומיץ תפוז,Unknown,0.00,Unknown,false,1,33.90,0.0000,true,1,322132
7290015670845,false,עוגת מרסי סולת קוקוס,מרסי,IL,עוגת מרסי סולת קוקוס קישוט קוקוס,Unknown,0.00,Unknown,false,1,33.90,0.0000,true,1,322128
7290015670852,false,עוגת מרסי בחושה תפוז,מרסי,IL,עוגת מרסי בחושה תפוז וקינמון,Unknown,0.00,Unknown,false,1,33.90,0.0000,true,1,322133
7290015670869,false,עוגת מרסי וניל אגוזי,מרסי,IL,עוגת מרסי וניל אגוזים וסירופ מייפל,Unknown,0.00,Unknown,false,1,33.90,0.0000,true,1,322127
7290015670876,false,עוגת מרסי בחושה בננו,מרסי,IL,עוגת מרסי בננות טריות ואגוזים זיגוג סוכר,Unknown,0.00,Unknown,false,1,33.90,0.0000,true,1,322123
7290015670883,false,עוגת מרסי בחושה גזר,מרסי,IL,עוגת מרסי גזר טרי נגיעות קינמון ואגוזים,Unknown,0.00,Unknown,false,1,33.90,0.0000,true,1,322124
7290015670890,false,עוגת מרסי וניל גרדת,מרסי,IL,עוגת מרסי וניל גרדת ומיץ לימון שקד פרוס,Unknown,0.00,Unknown,false,1,33.90,0.0000,true,1,322126
7290015670906,false,וניל ברוטב פירות יער ותות,מרסי,IL,עוגת מרסי וניל סיקופ פירות יער קישוט ות,Unknown,0.00,Unknown,false,1,33.90,0.0000,true,1,322125
7290015670968,false,עוגת דבש טבעי  600 ג,מרסי,IL,עוגת דבש טבעי,Unknown,0.00,Unknown,false,1,33.90,0.0000,false,1,324598
7290015670982,false,עוגת דבש תפוח בחושה,,IL,עוגת דבש תפוח בחושה,Unknown,0.00,Unknown,false,1,33.90,0.0000,false,1,324600
7290015673013,false,טחון מהצומח צליה גריל500,טבע דלי בעמ,IL,טחון לצלייה על הגריל 500 גרם ליב,גרמים,500.00,100 גרם,false,6,25.90,5.1800,true,1,294680
7290015673150,false,קציצות אוקרה ברוקולי וציה 400 גר,ליב,,אוקרה קציצות ברוקולי 400 גרם,גרמים,400.00,100 גרם,false,6,25.90,6.4750,true,1,298585
7290015673181,false,בורגר מהצומח עם ברוקולי קליפורניה 400 גר,טבע דלי,IL,בורגר קליפורניה על האש עם ברוקולי 400גרם,גרמים,400.00,100 גרם,false,6,25.90,6.4750,true,1,298582
7290015673198,false,המבורגר טקסס עם פטריות טבע דלי 400 גרם,טבע דלי בעמ,IL,בורגר טקסס על האש עם פטריות 400גרם,גרמים,400.00,100 גרם,false,6,25.90,6.4750,true,1,298583
7290015673211,false,טחון מהצומח להכנת בולונז קפוא 500 גר,טבע דלי,IL,טחון מהצומח לבולונז 500 גר ליב,גרמים,500.00,100 גרם,false,6,25.90,5.1800,true,1,309673
7290015673464,false,שווארמה מן הצומח קפוא ליב 400 גרם,טבע דלי,IL,שווארמה מן הצומח 400גר קפוא ליב,גרמים,400.00,100 גרם,false,6,25.90,6.4750,true,1,313015
7290015673570,false,קריספי טופו-נגיסי טופו מוכנים לאכילה,טבע דלי,IL,נגיסי טופו מוכנים 350גר קריספי טופו,גרמים,350.00,100 גרם,false,6,26.90,7.6857,true,1,315904
7290015673587,false,קריספי טופו-נגיסי טופו ברוטב אסייתי,טבע דלי,IL,נגיסי טופו ברוטב אסיאתי350גר קריספי טופו,גרמים,350.00,100 גרם,false,6,26.90,7.6857,true,1,315905
7290015673594,false,קריספי טופו. נגיסי טופו ברוטב בוטנים וקארי,טבע דלי,IL,נגיסי טופו ברוטב בוטנים350גר קריספי טופו,גרמים,350.00,100 גרם,false,6,26.90,7.6857,true,1,315906
7290015673617,false,כדורי בשר ללא בשר 400 גרם,ליב,IL,כדורי בשר ללא בשר 400גר טבע דלי,גרמים,400.00,100 גרם,false,6,25.90,6.4750,true,1,323998
7290015673662,false,שניצלוני טופו טבע דלי 400 גר,טבע דלי,IL,שניצלוני טופו 400גר ליב,גרמים,400.00,100 גרם,false,10,29.90,7.4750,true,1,318838
7290015695800,false,נבטי ברוקולי אורגני יח,הנבטים של אודי,IL,נבטי ברוקולי אורגני,Unknown,0.00,Unknown,false,1,10.90,0.0000,true,1,300023
7290015695817,false,נבטי קייל אורגני יח,הנבטים של אודי,IL,נבטי קייל אורגני,Unknown,0.00,Unknown,false,1,10.90,0.0000,true,1,300024
7290015695824,false,נבטי חרדל אורגני יח,הנבטים של אודי,IL,נבטי חרדל אורגני,Unknown,0.00,Unknown,false,1,10.90,0.0000,true,1,300025
7290015695831,false,נבטי צנונית אורגני יח,הנבטים של אודי,IL,נבטי צנונית אורגני,Unknown,0.00,Unknown,false,1,10.90,0.0000,true,1,300026
7290015695848,false,נבטי אלפלפא אורגני יח,אודי,IL,נבטי אלפלפא אורגני,Unknown,0.00,Unknown,false,1,10.90,0.0000,true,1,300027
7290015695855,false,נבטי חמניה אורגני יח,הנבטים של אודי,IL,נבטי חמניה אורגני,Unknown,0.00,Unknown,false,1,10.90,0.0000,true,1,300028
7290015695879,false,עשב חיטה אורגני יח,אודי,IL,עשב חיטה אורגני,Unknown,0.00,Unknown,false,1,10.90,0.0000,true,1,300030
7290015695886,false,מיקס נבטים אורגני יח,הנבטים של אודי,IL,מיקס נבטים אורגני,Unknown,0.00,Unknown,false,1,10.90,0.0000,true,1,300031
7290015695893,false,מיקס נבטוטים אורגני יח,אודי,IL,מיקס נבטוטים אורגני,Unknown,0.00,Unknown,false,1,10.90,0.0000,true,1,300032
7290015695916,false,מיקס נבטים ענק אורגני יח,הנבטים של אודי,IL,מיקס נבטים ענק אורגני,Unknown,0.00,Unknown,false,1,20.00,0.0000,true,1,300033
7290015695923,false,נבטים סיניים אורגני יח,מושב אחיטוב,IL,נבטים סיניים אורגני,Unknown,0.00,Unknown,false,1,10.90,0.0000,true,1,300034
7290015695947,false,נבטי אפונה ירוקה לסל,הנבטים של אודי,IL,נבטי אפונה ירוקה לסלט אורגני,Unknown,0.00,Unknown,false,1,10.90,0.0000,true,1,303590
7290015695978,false,פטריות שיטאקי אורגני,חקלאי,IL,פטריות שיטאקי אורגניות,Unknown,0.00,Unknown,false,1,20.00,0.0000,true,1,313694
7290015695985,false,פטריות ארינגי אורגני,,,פטריות ארינגי אורגניות,Unknown,0.00,Unknown,false,1,20.00,0.0000,true,1,313695
7290015699730,false,סבון דה מארסיי יעקבי 1.5 ליטר *חדש-,יעקובי הפי,BE,נוזל לשטיפת רצפות הפי 1.5 ליטר,ליטרים,1.50,ליטר,false,1,14.90,9.9333,true,1,298220
7290015733427,false,מטרנה דייסת גם וגם וניל פרו12*300ג 2019,מולינו ניקולי s.p.a,IL,דייסת מטרנה גם וגם וניל פרו 300 גר,גרמים,300.00,100 גרם,false,1,21.90,7.3000,true,1,320375
7290015733441,false,מטרנה דייסת גם וגם דגנים פרו 300 גר',מטרנה תעשיות ש.מ,IL,דייסת מטרנה גם וגם דגנים פרו 300 גר,גרמים,300.00,100 גרם,false,1,21.90,7.3000,true,1,320376
7290015733465,false,דייסת מטרנה גם וגם קרנפלור פרו 300 גרם,מטרנה תעשיות ש.מ,IL,דייסת מטרנה גם וגם קרנפ פרו 300 גר,גרמים,300.00,100 גרם,false,1,21.90,7.3000,true,1,320377
7290015759007,false,נר נשמה 24 שעות פח כ,,,נר נשמה 24 שעות פח כתר,Unknown,0.00,Unknown,false,1,2.50,0.0000,true,1,324821
7290015781008,false,"יין VISION מרלו אדום טפרברג 750 מ""ל","יקב טפרברג 1870 בע""מ",IL,יין מרלו ויזן 750 מל פקדון,מיליליטרים,750.00,"100 מ""ל",false,1,40.00,5.3333,true,1,294452
7290015781015,false,"יין VISION מלבק טפרברג 750 מ""ל","יקב טפרברג 1870 בע""מ",IL,יין מלבק ויזן 750 מל פקדון,מיליליטרים,750.00,"100 מ""ל",false,1,40.00,5.3333,true,1,294450
7290015781046,false,"יין VISION לבן חצי יבש טפרברג 750 מ""ל","יקב טפרברג 1870 בע""מ",IL,יין לבן חצי יבש 750 מל פקדון,מיליליטרים,750.00,"100 מ""ל",false,1,40.00,5.3333,true,1,294455
7290015781053,false,"יין VISION לבן יבש טפרברג 750 מ""ל","יקב טפרברג 1870 בע""מ",IL,יין לבן יבש 750 מל פקדון,מיליליטרים,750.00,"100 מ""ל",false,1,40.00,5.3333,true,1,294456
7290015781091,false,"יין VISION קברנה סוביניון טפרברג 750 מ""ל","יקב טפרברג 1870 בע""מ",IL,יין קברנה סובניון ויזן 750 מל פקדון,מיליליטרים,750.00,"100 מ""ל",false,1,40.00,5.3333,true,1,294453
7290015781107,false,"סנגובזה אימפרשיאון 750 מ""ל","יקב טפרברג 1870 בע""מ",IL,יין סנגובזה אימפרשיין 750 מל,מיליליטרים,750.00,"100 מ""ל",false,1,45.00,6.0000,true,1,294462
7290015781114,false,"יין IMPRESSION מרלו טפרברג 750 מ""ל","יקב טפרברג 1870 בע""מ",IL,יין מרלו אימפרשיין 750 מל,מיליליטרים,750.00,"100 מ""ל",false,1,45.00,6.0000,true,1,294460
7290015781121,false,"יין IMPRESSION קברנה סוביניון יבש טפרברג 750 מ""ל","יקב טפרברג 1870 בע""מ",IL,יין קברנה סובניון אימפרשיין 750 מל,מיליליטרים,750.00,"100 מ""ל",false,1,45.00,6.0000,true,1,294463
7290015781138,false,"יין שרדונה 750 מ""ל IMPRESSION","יקב טפרברג 1870 בע""מ",IL,יין שרדונה אימפרשיין 750,מיליליטרים,750.00,"100 מ""ל",false,1,45.00,6.0000,true,1,294466
7290015781145,false,ריזלינג בציר מאוחר אימפרשן 500 מ''ל,"יקב טפרברג 1870 בע""מ",IL,יין ריזלינג יין לבן אימפרשיין 750,מיליליטרים,750.00,"100 מ""ל",false,1,45.00,6.0000,true,1,294465
7290015781152,false,"יין IMPRESSION רוזה טפרברג 750 מ""ל","יקב טפרברג 1870 בע""מ",IL,יין רוזה אימפרשיין 750 מל,מיליליטרים,750.00,"100 מ""ל",false,1,45.00,6.0000,true,1,294459
7290015781169,false,"יין IMPRESSION קברנה סוביניון חצי יבש טפרברג 750 מ""ל","יקב טפרברג 1870 בע""מ",IL,יין קברנה סובניון חצי יבש אימפרשיין 750,מיליליטרים,750.00,"100 מ""ל",false,1,45.00,6.0000,true,1,294464
7290015781220,false,"INSPIRE דבוקי -גוורצטרמינר 750 מ""ל 2021",יקב טפרברג 1870,IL,יין בלנד לבן חדש אינספייר 750 מל,מיליליטרים,750.00,"100 מ""ל",false,1,60.00,8.0000,true,1,294471
7290015781268,false,"יין מוסקטו אדום 750 מ""ל MOSCATO","יקב טפרברג 1870 בע""מ",IL,יין מוסקטו אדום 750 מל פקדון,מיליליטרים,750.00,"100 מ""ל",false,1,40.00,5.3333,true,1,294458
7290015781282,false,"יין IMPRESSION גוורצטרמינר טפרברג 750 מ""ל",יקב טפרברג 1870,IL,יין גוורצטרמינר אימפרשיין 750,מיליליטרים,750.00,"100 מ""ל",false,1,45.00,6.0000,true,1,294467
7290015781299,false,"יין VISION שיראז אדום טפרברג 750 מ""ל","יקב טפרברג 1870 בע""מ",IL,יין שיראז ויזן 750 מל פקדון,מיליליטרים,750.00,"100 מ""ל",false,1,40.00,5.3333,true,1,294454
7290015781305,false,"יין אימפרשן סירה 750 מ""ל","יקב טפרברג 1870 בע""מ",IL,יין סירה אימפרשיין 750 מל,מיליליטרים,750.00,"100 מ""ל",false,1,45.00,6.0000,true,1,294461
7290015781688,false,יין פינו גרי אסנס 20,יקב טפרברג 1870,,יין פינו גרי אסנס 2016 750 מל,מיליליטרים,750.00,"100 מ""ל",false,1,75.00,10.0000,true,1,313166
7290015781718,false,יין שרדונה אסנס 2016,יקב טפרברג 1870,,יין שרדונה אסנס 2016 750 מל,מיליליטרים,750.00,"100 מ""ל",false,1,65.00,8.6667,true,1,307423
7290015781862,false,"יין ESSENCE רוזה 2017 750 מ""ל",יקב טפרברג 1870,,יין רוזה אסנס 2017 750 מל,מיליליטרים,750.00,"100 מ""ל",false,1,75.00,10.0000,true,1,313165
7290015790000,false,גרגירי רימונים בקופס,רון שיווק,IL,גרגירי רימונים,Unknown,0.00,Unknown,false,1,15.90,0.0000,true,1,295182
7290015821575,false,נר נשמה פחית פאלאס,,,נר נשמה פחית פאלאס,Unknown,0.00,Unknown,false,1,2.20,0.0000,true,1,337486
7290015839006,false,שטרודל במילוי תפוחים500ג,"נתי שטרודל וינאי בע""מ",IL,שטרודל תפוח עץ קפוא,גרמים,500.00,100 גרם,false,1,26.90,5.3800,true,1,244346
7290015839013,false,שטרודל במילוי גבינה500ג,"נתי שטרודל וינאי בע""מ",IL,שטרודל גבינה קפוא,גרמים,500.00,100 גרם,false,1,26.90,5.3800,true,1,244347
7290015839020,false,שטרודל במילוי פרג 500 גר,"נתי שטרודל וינאי בע""מ",IL,שטרודל פרג קפוא,גרמים,500.00,100 גרם,false,1,26.90,5.3800,true,1,244348
7290015839051,false,"שטרודל תפוחים ללת""ס 500","נתי שטרודל וינאי בע""מ",IL,שטרודל תפוחי עץ קפוא ללא סוכר 500גר,גרמים,500.00,100 גרם,false,1,26.90,5.3800,true,1,324840
7290015839068,false,"שטרודל פרג ללת""ס 500 גרם","נתי שטרודל וינאי בע""מ",IL,שטרודל פרג קפוא ללא סוכר 500גר,גרמים,500.00,100 גרם,false,1,26.90,5.3800,true,1,324842
7290015839075,false,"שטרודל גבינה ללת""ס 500 ג","נתי שטרודל וינאי בע""מ",IL,שטרודל גבינה קפוא ללא סוכר 500גר,גרמים,500.00,100 גרם,false,1,26.90,5.3800,true,1,324841
7290015839082,false,שטרודל במילוי גב.אכמניות,"נתי שטרודל וינאי בע""מ",IL,שטרודל גבינה אוכמניות קפוא 500גר,גרמים,500.00,100 גרם,false,1,26.90,5.3800,true,1,324843
7290015839099,false,שטרודל במילוי גבינה שוקו,"נתי שטרודל וינאי בע""מ",IL,שטרודל גבינה שוקו קפוא 500גר,גרמים,500.00,100 גרם,false,1,26.90,5.3800,true,1,324844
7290015839105,false,"שטרודל ממולא תפו""א ובטטה","נתי שטרודל וינאי בע""מ",IL,שטרודל בטטה ותפוח אדמה קפוא 500גר,גרמים,500.00,100 גרם,false,1,26.90,5.3800,true,1,324845
7290015839136,false,שטרודל בטטה ותפוח אד,,IL,שטרודל בטטה ותפוח אדמה,Unknown,0.00,Unknown,false,1,38.00,0.0000,true,1,325406
7290015839273,false,שטרודל גבינה ודובדבן,,,שטרודל גבינה ודובדבן קפוא,Unknown,0.00,Unknown,false,1,38.00,0.0000,true,1,245786
7290015850421,false,שרימפס מבושל 16-20יח,,,שרימפס מבושל 16-20יחידות 1 קג,קילוגרמים,1.00,"ק""ג",false,1,104.90,104.9000,true,1,312614
7290015855013,false,פלפלים מתוקים בצבעים,,,פלפל ביס מתוק ארוז,Unknown,0.00,Unknown,false,1,10.00,0.0000,true,1,296742
7290015855037,false,פלפל צילי חריף,,,פלפל צילי חריף,Unknown,0.00,Unknown,false,1,8.00,0.0000,true,1,298659
7290015855051,false,מלפפון מיני ארוז א.אדמה,,,מלפפון טעם של פעם יח,Unknown,0.00,Unknown,false,1,10.00,0.0000,true,1,301386
7290015855129,false,כרוב קייל רעננים,רעננים,,כרוב קייל,Unknown,0.00,Unknown,false,1,12.00,0.0000,true,1,296141
7290015855143,false,שיני שום קלופות בנספ,,,שיני שום קלופות בנספק,Unknown,0.00,Unknown,false,1,12.00,0.0000,true,1,295179
7290015855228,false,אספרגוס א.אדמה,אדמה,,אספרגוס יחידה,Unknown,0.00,Unknown,false,1,25.00,0.0000,true,1,296828
7290015855273,false,בזיליקום מארז גדול א.אדמה,,,בזיליקום מארז גדול,Unknown,0.00,Unknown,false,1,9.90,0.0000,true,1,335989
7290015858106,false,"ממרח פסטו ביתי 180 גרם ""עללחם""","מדשא תעשיות מזון בע""\מ",IL,ממרח פסטו ביתי 180גרם על לחם,גרמים,180.00,100 גרם,false,12,16.90,9.3889,true,1,317756
7290015858113,false,"ממרח עגבניות מיובשות 180 גרם ""טריטרי""","מדשא תעשיות מזון בע""\מ",IL,ממרח עגבניות מיובשות 180גרם על לחם,גרמים,180.00,100 גרם,false,12,16.90,9.3889,true,1,317761
7290015858144,false,ממרח ארטישוק עללחם 180 גרם,"מדשא תעשיות מזון בע""\מ",IL,ממרח ארטישוק 180גרם על לחם,גרמים,180.00,100 גרם,false,12,16.90,9.3889,true,1,317755
7290015858151,false,ממרח שום עללחם 180 גרם,מדשא תעשיות מזון בעמ,IL,ממרח שום 180גרם על לחם,גרמים,180.00,100 גרם,false,12,16.90,9.3889,true,1,327045
7290015858175,false,ממרח פלפלים קלויים עללחם 180 גרם,"מדשא תעשיות מזון בע""\מ",IL,ממרח פלפלים קלויים 180גרם על לחם,גרמים,180.00,100 גרם,false,12,16.90,9.3889,true,1,317760
7290015858212,false,ממרח לימון כבוש עללחם 180 גרם,"מדשא תעשיות מזון בע""\מ",IL,ממרח לימון כבוש 180גרם על לחם,גרמים,180.00,100 גרם,false,12,16.90,9.3889,true,1,317759
7290015858229,false,"טפנד זיתי קלמטה 180 גרם ""עללחם""","מדשא תעשיות מזון בע""\מ",IL,ממרח טפנד זיתי קלמנטה 180גרם על לחם,גרמים,180.00,100 גרם,false,12,16.90,9.3889,true,1,317757
7290015858243,false,ממרח צימיצורי עללחם 180 גרם,"מדשא תעשיות מזון בע""\מ",IL,ממרח צימצורי 180גרם על לחם,גרמים,180.00,100 גרם,false,12,16.90,9.3889,true,1,317758
7290015858328,false,עללחם ממרח איולי פסטו 295 גרם,"מדשא תעשיות מזון בע""\מ",IL,ממרח פסטו עללחם 295 גרם,גרמים,295.00,100 גרם,false,6,16.90,5.7288,true,1,337945
7290015858427,false,שלישיית ממרחים שמאפשרת לגוון עללחם 240 גרם,מדשא תעשיות מזון,IL,מארז 3יח ממרחי על הלחם 80גר,גרמים,240.00,100 גרם,false,1,21.90,9.1250,true,1,336691
7290015858441,false,עללחם ממרח איולי פלפלים 295 גרם,"מדשא תעשיות מזון בע""\מ",IL,ממרח עללחם אולי פלפלים 295 גרם,גרמים,295.00,100 גרם,false,6,16.90,5.7288,true,1,337946
7290015858687,false,עללחם ממרח איולי שום 295 גרם,"מדשא תעשיות מזון בע""\מ",IL,ממרח עללחם אולי שום 295 גרם,גרמים,295.00,100 גרם,false,6,16.90,5.7288,true,1,337947
7290015858694,false,עללחם ממרח איולי שום לימון 295 גרם,"מדשא תעשיות מזון בע""\מ",IL,ממרח עללחם אולי שום לימון 295 גרם,גרמים,295.00,100 גרם,false,6,16.90,5.7288,true,1,337943
7290015865708,false,תענוג פרי אוכמניות 400 ג,קריות זול,IL,קונפיטורה אוכמניות ענבי ציון 400 גרם,גרמים,400.00,100 גרם,false,6,17.90,4.4750,true,1,333427
7290015865715,false,תענוג פרי פירות יער400ג,קריות זול,IL,קונפיטורה פירות יער ענבי ציון 400 גרם,גרמים,400.00,100 גרם,false,6,17.90,4.4750,true,1,333428
7290015865722,false,קונפיטורת תות שדה לייט 400 גרם,ענבי ציון,IL,קונפיטורה תות שדה לייט ענבי ציון 400 גרם,גרמים,400.00,100 גרם,false,6,19.90,4.9750,true,1,333487
7290015865739,false,קונפיטורת אוכמניות לייט 400 גר,ענבי ציון,IL,קונפיטורה אוכמניות לייט ענבי ציון 400 גר,גרמים,400.00,100 גרם,false,6,19.90,4.9750,true,1,333488
7290015865746,false,קונפיטורת פירות יער לייט 400 ג,ענבי ציון,IL,קונפיטורה פירות יער לייט ענבי ציון400גרם,גרמים,400.00,100 גרם,false,6,19.90,4.9750,true,1,333489
7290015872096,false,חומוס סלטי שמיר 700 גרם,"סלטי שמיר 2006 בע""מ",IL,חומוס אסלי 700 גרם שמיר,גרמים,700.00,100 גרם,false,1,9.90,1.4143,true,1,338391
7290015872553,false,חומוס של מסעדה שמיר 700 גרם,"סלטי שמיר 2006 בע""מ",IL,חומוס מסעדות 700 גרם שמיר,גרמים,700.00,100 גרם,false,1,12.90,1.8429,true,1,298192
7290015888028,false,שוקחה אורז בסמתי ריה,ציימן לאל סטיה,,אורז בסמטי מיתאס 1 קג,קילוגרמים,1.00,"ק""ג",false,1,11.90,11.9000,true,1,303114
7290015888042,false,אורז בסמתי 'ריהן' 5ק'ג,ציימן לאל סטיה,,אורז בסמטי ריהאן 5 קג,קילוגרמים,5.00,"ק""ג",false,1,44.90,8.9800,true,1,302118
7290015888103,false,גריסי פנינה שוקחה 1,סוגת תעשיות בעמ,,גריסי פנינה שוקחה 1 קג,קילוגרמים,1.00,"ק""ג",false,1,9.90,9.9000,true,1,315742
7290015888196,false,שמן חמניות שוקחה 1 ל,"אל אל סי ""בונגי סי א",RU,שמן חמניות 1 ל,ליטרים,1.00,ליטר,false,1,12.90,12.9000,true,1,308292
7290015888202,false,שמן חמניות שוקחה 2 ל,,,שמן חמניות 2 ל,ליטרים,2.00,ליטר,false,1,23.90,11.9500,true,1,308293
7290015888219,false,שמן חמניות שוקחה 5 ל,,,שמן חמניות שוקחה 5 ל,ליטרים,5.00,ליטר,false,1,59.90,11.9800,true,1,326403
7290015888325,false,חומוס ענק שוקחה 1 קג,סוגת תעשיות בעמ,,חומוס ענק שוקחה 1 קג,קילוגרמים,1.00,"ק""ג",false,1,14.90,14.9000,true,1,316005
7290015888387,false,שוקחה פול מצרי 400 ג,,TR,פול מצרי 400 גרם,גרמים,400.00,100 גרם,false,2400,4.50,1.1250,true,1,322295
7290015951159,false,"יין ירדן פינו רגי 2021 750 מ""ל",יקבי רמת הגולן,,יין ירדן פינו גרי 2016 750 מל,מיליליטרים,750.00,"100 מ""ל",false,1,75.00,10.0000,true,1,306716
7290015951227,false,"יין גמלא השמורה סירה 2021 750 מ""ל",מיוצר וממולא על ידי יקב,IL,יין גמלא השמורה סירה 2014 750 מל,מיליליטרים,750.00,"100 מ""ל",false,1,60.00,8.0000,true,1,312319
7290015951616,false,"יין סנגובזה גמלא 2019 750 מ""ל",יקבי רמת הגולן,,יין גמלא סנגובזה 2015 750 מל פקדון,מיליליטרים,750.00,"100 מ""ל",false,1,60.00,8.0000,true,1,308202
7290015951869,false,"יין הר חרמון רוזה 750 מ""ל",מיוצר וממולא על ידי יקב,IL,יין ירדן הר חרמון רוזה עברית 750 מל,מיליליטרים,750.00,"100 מ""ל",false,1,40.00,5.3333,true,1,316659
7290015951890,false,"יין הר חרמון קברנה עברית 750 מ""ל",יקבי רמת הגולן קצרין,IL,יין ירדן הר חרמון קברנה עברית 750 מל,מיליליטרים,750.00,"100 מ""ל",false,1,40.00,5.3333,true,1,316633
7290015968034,false,סבון כחול לאסלה שליש,הוסטס,CN,סבון אסלה כחול שלישייה הוסטס,יחידה,3.00,יחידה,false,12,10.90,3.6333,true,1,310546
7290015968102,false,קיסמי שיניים רפויים עם חוט דנטאלי 100 יחידות,W.H.J.C. Co,CN,קיסמי שיניים רפואי עם חוט דנטלי 100 יח,Unknown,0.00,Unknown,false,12,10.90,0.0000,true,1,308013
7290015968119,false,משטח מיקרופייבר דו צדדי לייבוש כלים,יוניסן,CN,משטח מיקרופייבר דו צדדי לייבוש כלים,יחידה,1.00,יחידה,false,12,11.90,11.9000,true,1,310557
7290015968133,false,אטב פרמיום כחול/לבן הוסטס 48 יח,H.J.E,CN,אטב פרימיום כחול/לבן 48 יח,יחידה,48.00,יחידה,false,1,10.90,0.2271,true,1,307996
7290015968140,false,אטב אחיזה רחבה בעיצוב איטלקי הוסטס 36 יח,H.J.E,CN,אטב בעיצוב איטלקי 36 יח,יחידה,36.00,יחידה,false,24,10.90,0.3028,true,1,307995
7290015968324,false,נורת לד 12 ווט הברגה,F.E.CO.LTD,CN,נורת לד 12 ווט אור לבן אינטרסן,Unknown,0.00,Unknown,false,10,9.90,0.0000,true,1,308005
7290015968331,false,נורת לד 6 וולט אור ל,F.E.CO.LTD,CN,נורת לד 6 ווט אור לבן אינטרסן,Unknown,0.00,Unknown,false,10,7.90,0.0000,true,1,308006
7290015968348,false,נורת לד 9 וולט אור ל,F.E.CO.LTD,CN,נורת לד 9 ווט אור לבן אינטרסן,Unknown,0.00,Unknown,false,10,7.90,0.0000,true,1,308007
7290015968355,false,נורת לד כדור חלבי 5.,F.E.CO.LTD,CN,נורת לד כדור חלבי 5.5 ווט הברגה אינטרסן,Unknown,0.00,Unknown,false,10,7.90,0.0000,true,1,308010
7290015968362,false,נורת לד כדור חלבי 5.,F.E.CO.LTD,CN,נורת לד כדור חלבי 5.5 ווט הברגה אינטרסן,Unknown,0.00,Unknown,false,10,7.90,0.0000,true,1,308008
7290015968379,false,נורת לד כדור חלבי 5.,F.E.CO.LTD,CN,נורת לד כדור חלבי 5.5 ווט הברגה אינטרסן,Unknown,0.00,Unknown,false,10,7.90,0.0000,true,1,308009
7290015968782,false,פדים להסרת איפור 3*80 יחידות,F.H.P CO.LT,CN,מארז 3יח פדים להסרת איפור 80יח,יחידה,240.00,יחידה,false,12,13.90,0.0579,true,1,309106
7290015983006,false,שדות בר חסה רומית,חקלאי,IL,שדות בר חסה רומית,קילוגרמים,1.00,"ק""ג",true,,30.00,30.0000,true,1,245774
7290015983013,false,שדות בר חסה אייסנברג,,,שדות בר חסה אייסנברג,קילוגרמים,1.00,"ק""ג",true,,30.00,30.0000,true,1,246282
7290015983075,false,בצל ירוק שטוף שדות ב,חקלאי,IL,שדות בר בצל ירוק,קילוגרמים,1.00,"ק""ג",true,,30.00,30.0000,true,1,294849
7290015983082,false,ירק שטוף שדות בר,,,שדות בר ירק,קילוגרמים,1.00,"ק""ג",true,,30.00,30.0000,true,1,294851
7290015983099,false,שדות בר גבעולי סלרי,,,שדות בר גבעולי סלרי,קילוגרמים,1.00,"ק""ג",true,,30.00,30.0000,true,1,302282
7290015983129,false,שדות בר פלפלונים,חקלאי,IL,שדות בר פלפלונים,קילוגרמים,1.00,"ק""ג",true,,30.00,30.0000,true,1,302281
7290015983136,false,עגבניות שרי בלינדה,,,שרי בלינדה,קילוגרמים,1.00,"ק""ג",true,,30.00,30.0000,true,1,310642
7290015983143,true,מלפפון בייבי שדות בר,,,מלפפון בייבי שדות בר,קילוגרמים,1.00,"ק""ג",true,,30.00,30.0000,true,1,313175
7290015996983,false,סוכרלוז סוכרזית 0 קלוריות 100 שקיות,ביסקול בעn,IL,ממתיק סוכרלוז 100 שקיקים 100 גרם,מיליליטרים,100.00,"100 מ""ל",false,1,27.90,27.9000,true,1,313085
7290016006292,false,נקטר מנגו בננה מלון קרטונית 1 ל' ספרינג,יפאורה שותפות מובגלת לשיווק,IL,נקטר ספרינג מנגו בננה מלול 1 ל בקרטון,ליטרים,1.00,ליטר,false,12,7.50,7.5000,true,1,298756
7290016006322,false,מים מינרליים מי עדן,"מופק ממקור בזלתי עדן ,1",IL,מים מינרליים מי עדן 1 ליטר,ליטרים,1.00,ליטר,false,1,3.50,3.5000,true,1,299456
7290016006339,false,מים מינרלים - מארז רביעייה,"מופק ממקור בזלתי עדן ,1",IL,מארז רביעיית מי עדן 1 ליטר,ליטרים,4.00,ליטר,false,1,11.90,2.9750,true,1,299106
7290016006346,false,שוופס סודה 0.5 ליטר מארז שישייה,יפאורה שותפות מובגלת לשיווק,IL,מארז שישיית סודה שוופס 500 מל,ליטרים,3.00,ליטר,false,1,15.90,5.3000,true,1,298371
7290016006377,false,"שוויפס מוגז בטעם פירות תות ליים 330 מ""ל",יפאורה תבורי בעמ,IL,משקה שוופס מוגז תות ליים 330 מל,מיליליטרים,330.00,"100 מ""ל",false,1,6.90,2.0909,true,1,302084
7290016035025,false,לחם פשתן 450 גרם (טרי) דל פחמימות,מאפית ביכורים,IL,לחם פשתן פרוס 450 גר,גרמים,450.00,100 גרם,false,12,24.90,5.5333,true,1,318374
7290016077759,false,רוטב ברביקיו קלאסי היינץ 480 גרם,היינץ Heinz,NL,רוטב היינץ ברביקיו קלאסי 480 גר,גרמים,480.00,100 גרם,false,10,16.90,3.5208,true,1,309068
7290016080551,false,מתבל עגבניות אורגני 580 גרם היינץ,ה.י. היינץ,NL,מתבל עגבניות היינץ אורגני 580 גרם,גרמים,580.00,100 גרם,false,10,16.90,2.9138,true,1,301722
7290016082203,false,בירת הגיבור בסגנון א,,,בירה הגיבור בראון אל 330מל בק. פקדון,מיליליטרים,330.00,"100 מ""ל",false,24,12.90,3.9091,true,1,324174
7290016082210,false,בירת חיטה בווארית הג,,,בירה הגיבור חיטה 330מל בק. פקדון,מיליליטרים,330.00,"100 מ""ל",false,24,12.90,3.9091,true,1,324172
7290016082234,false,בירת הגיבור בסגנון ס,,,בירה הגיבור סאוט אקסטרה 330מל בק. פקדון,מיליליטרים,330.00,"100 מ""ל",false,24,12.90,3.9091,true,1,324175
7290016082241,false,בירת הגיבור בסגנון I,,,בירה הגיבור איי פי אי 330מל בק. פקדון,מיליליטרים,330.00,"100 מ""ל",false,24,12.90,3.9091,true,1,324173
7290016082333,false,בירת אייל זהובה קלאס,,,בירה הגיבור בלונדי 330מל בק. פקדון,מיליליטרים,330.00,"100 מ""ל",false,24,12.90,3.9091,true,1,324171
7290016083323,false,מעמול תמרים שקד 500 גרם,מאפיית ישראל חיפה,IL,עוגיות מעמול תמרים שקד 500 גרם,גרמים,500.00,100 גרם,false,1,15.90,3.1800,true,1,324045
7290016083347,false,שקד עוגיות רולדה תמרים 500 גרם,מאפיית ישראל חיפה,IL,עוגיות רולדה תמר שקד 500 גרם,גרמים,500.00,100 גרם,false,1,15.90,3.1800,true,1,324046
7290016083378,false,עוגיות במילוי בטעם שוקולד שקד 500 גרם,מאפיית ישראל חיפה,IL,עוגיות חיתוכיות שוקולד שקד 500 גרם,גרמים,500.00,100 גרם,false,1,15.90,3.1800,true,1,324122
7290016083583,false,שקד - עוגיות כעכים מרוקאיות 500 גרם,,IL,עוגיות שקד כעכים מרוקאיות 600 גרם,גרמים,600.00,100 גרם,false,1,15.90,2.6500,true,1,327673
7290016083651,false,עוגיות בדלי בטעמים ש,,,עוגיות שקד טעם חמאה 600 גרם,גרמים,600.00,100 גרם,false,1,15.90,2.6500,true,1,327990
7290016087192,false,עגבניות מרוסקות מרוכזות פריניר 230 גרם,פריניר ( הדס 1987) ב,IL,עגבניות מרוסקות 230ג פרי ניר,גרמים,230.00,100 גרם,false,1,4.90,2.1304,true,1,308504
7290016087208,false,עגבניות מרוסקות מרוכזות ובזיליקום 230 גרם פריניר,פריניר,IL,עגבניות מרוסקות בזיליקום 230ג פרי ניר,גרמים,230.00,100 גרם,false,1,4.90,2.1304,true,1,308503
7290016087215,false,עגבניות מרוסקות מרוכזות ושום 230 גרם פריניר,פריניר ( הדס 1987) ב,IL,עגבניות מרוסקות עם שום 230גר פרי ניר,גרמים,230.00,100 גרם,false,1,4.90,2.1304,true,1,308505
7290016087222,false,רוטב עגבניות מרוכז לשקשוקה פריניר 230 גרם,פריניר ( הדס 1987) ב,IL,רוטב שקשוקה מרוכז 230 גר פרי ניר,גרמים,230.00,100 גרם,false,1,5.50,2.3913,true,1,308509
7290016092035,false,תרסיס אלסיום ניקוי ח,,,תרסיס אלסיום ניקוי חיטוי משטחים צעצוע400,מיליליטרים,400.00,"100 מ""ל",false,6,24.90,6.2250,true,1,322411
7290016092042,false,נוזל לניקוי בקבוקים אליסיום 400 מל,,,נוזל לניקוי בקבוקים ומוצצים אלסיום 400מל,מיליליטרים,400.00,"100 מ""ל",false,6,24.90,6.2250,true,1,322412
7290016092059,false,נוזל לניקוי פירות וי,,,נוזל לניקוי פירות וירקות אלסיום 400מל,מיליליטרים,400.00,"100 מ""ל",false,6,24.90,6.2250,true,1,322413
7290016092110,false,משחת החתלה אליסיום 120 מל,,,משחת החתלה אלסיום 120מל,מיליליטרים,120.00,"100 מ""ל",false,6,24.90,20.7500,true,1,322414
7290016092189,false,סבון שמפו לתינוק אלס,,,סבון שמפו לתינוק אלסיום 400מל,מיליליטרים,400.00,"100 מ""ל",false,6,34.90,8.7250,true,1,322415
7290016094008,false,"אולטרסול קרם פנים 50/75 מ""ל",פישר מעבדות פרמצבטיות בע,IL,קרם הגנה אולטרסול לפנים 50 75 מל,מיליליטרים,75.00,"100 מ""ל",false,1,49.90,66.5333,true,1,298828
7290016094015,false,"ד""ר פישר - אולטרסול קרם פנים קידס 75 מ""ל 30SPF",פישר מעבדות פרמצבטיות בע,IL,קרם הגנה אולטרסול קידס לפנים 30 75 מל,מיליליטרים,75.00,"100 מ""ל",false,12,31.90,42.5333,true,1,298826
7290016094039,false,"ד""ר פישר - אולטרסול ספריי שקוף קידס 200 מ""ל 50SPF",פישר מעבדות פרמצבטיות בע,IL,תחליב הגנה אולטרסול קידס ספריי שקוף 50,מיליליטרים,250.00,"100 מ""ל",false,1,64.90,25.9600,true,1,303193
7290016114300,false,נייר טואלט דו שכבתי אורך כפול לבן לילי 16 גלילים,לילי נייר טואלט חוגלה,IL,נייר טואלט לילי לבן דאבל 16 גלילים,יחידה,16.00,יחידה,false,1,37.90,2.3687,true,1,300627
7290016135541,false,פסטה ביצים 3 צבעים פוזילי 400 גר אוריינט,פ.פ.ה. טאביס,PL,פסטה ביצים אוריינט פוזילי 3צבעים400 גר,גרמים,400.00,100 גרם,false,1,12.90,3.2250,true,1,300683
7290016135558,false,פסטה ביצים 3 צבעים חונקי כמרים אוריינט 400 גרם,פ.פ.ה. טאביס,PL,פסטה ביצים אוריינט חונקי 3צבעים400 גר,גרמים,400.00,100 גרם,false,1,12.90,3.2250,true,1,300684
7290016146004,false,קמח שקד מולבן 300 גרם,שקד תבור,IL,קמח שקד מולבן 400 גרם,גרמים,300.00,100 גרם,false,1,27.90,9.3000,true,1,301980
7290016146028,false,סוכר קוקוס אורגני350,שקד תבור,,סוכר קוקוס אורגני350 גרם שקד,גרמים,300.00,100 גרם,false,1,15.00,5.0000,true,1,307148
7290016146066,false,מחית 100% תמרים 500 גרם,"אלמנדוס בע""מ",IL,מחית 100% תמרים 500 גרם,גרמים,500.00,100 גרם,false,,14.90,2.9800,true,1,318009
7290016146080,false,תמצית וניל טהור שקד,"אלמונדס בע""מ",IL,תמצית וניל טהור שקד תבור 100 מל,מיליליטרים,100.00,"100 מ""ל",false,1,69.90,69.9000,true,1,324972
7290016146103,false,"סילאן טבעי לחיץ שקד תבור, 380 גרם","אלמונדס בע""מ",IL,סילאן טבעי לחיץ שקד תבור 500 גרם,גרמים,500.00,100 גרם,false,12,15.00,3.0000,true,1,301977
7290016146110,false,סירופ חרובים לחיץ 500 גרם,"אלמונדס בע""מ",IL,סירופ חרובים לחיץ שקד תבור 500 גרם,גרמים,500.00,100 גרם,false,12,22.90,4.5800,true,1,301976
7290016146141,false,"סירופ מייפל טהור אורגני 250 מ""ל",אלמנדוס,IL,סירופ מייפל 100% אמיתי אורגני 330מל,מיליליטרים,250.00,"100 מ""ל",false,1,28.90,11.5600,true,1,301978
7290016146189,false,חמאת מקדמיה 100% 200 גרם,שקד תבור,IL,ממרח אגוזי מקדמיה 195 גרם,גרמים,200.00,100 גרם,false,1,39.90,19.9500,true,1,315299
7290016146301,false,שמן בוטנים שקד תבור,שקד תבור,,שמן בוטנים 100% 250 מל,מיליליטרים,250.00,"100 מ""ל",false,1,14.90,5.9600,true,1,301982
7290016146400,false,שוקולד תבור 60% גאנה100ג,שקד תבור,IL,שוקולד תבור 60% מריר 100 גרם,גרמים,100.00,100 גרם,false,1,15.90,15.9000,true,1,315325
7290016146424,false,BIO שוקולד תבור 70% 100 גרם,שקד תבור,IL,שוקולד תבור 70% מריר 100 גרם,גרמים,100.00,100 גרם,false,1,15.90,15.9000,true,1,315326
7290016146431,false,שוקולד תבור 72% 100 גרם,שקד תבור,IL,שוקולד תבור 72% מריר 100 גרם,גרמים,100.00,100 גרם,false,1,15.90,15.9000,true,1,315327
7290016146455,false,שוקולד מריר תבור 100% 100 גרם BIO,שקד תבור,IL,שוקולד תבור 100% מריר 100 גרם,גרמים,100.00,100 גרם,false,1,15.90,15.9000,true,1,315329
7290016146462,false,BIO שוקולד תבור 88% 100 גרם,שקד תבור,IL,שוקולד תבור 88% קקאו אורגני 100 גרם,גרמים,100.00,100 גרם,false,1,15.90,15.9000,true,1,322583
7290016146523,false,גרנולה הבית שקד תבור,שקד תבור,,גרנולה הבית שקד תבור 500 גרם,גרמים,500.00,100 גרם,false,1,21.90,4.3800,true,1,322584
7290016150865,false,תערובת מיזלי גרין בנ,וויטליה,MK,תערובת מיזלי גרין בננה תמר 1 קג,קילוגרמים,1.00,"ק""ג",false,10,22.90,22.9000,true,1,333940
7290016188585,false,GIACOBAZZI למברוסקו רוזה חצי יבש יקבי כרמל,יקב גאקובזי,IT,יין למברוסקו רוזה 750 מל,מיליליטרים,750.00,"100 מ""ל",false,1,25.00,3.3333,true,1,319010
7290016188592,false,"למברוסקו אדום גקובזי כרמל 750 מ""ל","כד בני דרום בע""מ",IT,יין למברוסקו אדום 750 מל,מיליליטרים,750.00,"100 מ""ל",false,1,25.00,3.3333,true,1,319011
7290016188608,false,GIACOBAZZI למברוסקו לבן חצי יבש יקבי כרמל,יקב גאקובזי,IT,יין למברוסקו לבן 750 מל,מיליליטרים,750.00,"100 מ""ל",false,1,25.00,3.3333,true,1,319009
7290016197198,false,ניקול מנגט בינוני בקרטון עם בליסטר,בראבו כלים חד פעמיים,IL,עטרות נייר בינוני בעיצוב מיוחד 150 יח,יחידה,150.00,יחידה,false,32,13.90,0.0927,true,1,299204
7290016197488,false,מטליות מיקרופייבר למשטחים ניקול 3יח',חוגלה קימברלי,CN,מארז שלשיית מטליות הקסם ניקול לשיש,יחידה,3.00,יחידה,false,1,12.90,4.3000,true,1,297724
7290016197495,false,ניקול זוג מטליות הקסם מיקרופייבר לרצפה,חוגלה קימברלי,CN,מארז זוג מטליות הקסם ניקול לרצפה,יחידה,2.00,יחידה,false,1,19.90,9.9500,true,1,297725
7290016197600,false,דיפנד - תחבושת לנשים נורמל 12 יח',קימברלי קלארק,VN,תחבושות דיפנד נורמל 12 יחידות,יחידה,14.00,יחידה,false,1,19.90,1.4214,true,1,300072
7290016197617,false,תחבושת לנשים אקסטרה דיפנד 10 יחידות,קימברלי קלארק,VN,תחבושות דיפנד אקסטרא 10 יחידות,יחידה,10.00,יחידה,false,1,19.90,1.9900,true,1,300073
7290016197624,false,תחבושות לנשים סופר דיפנד 8 יחידות,קימברלי קלארק,VN,תחבושות דיפנד סופר 8 יחידות,יחידה,8.00,יחידה,false,1,19.90,2.4875,true,1,300074
7290016197839,false,ניקול השקית החזקה 20 יח' XL,"אשפלסט תעשיות בע""מ",IL,שקיות אשפה חזקות אקס אל 20 יח ניקול,יחידה,20.00,יחידה,false,1,24.90,1.2450,true,1,297727
7290016197853,false,ניקול שקיות אשפה לפחים קטנים 42X45 סמ,"אשפלסט תעשיות בע""מ",IL,שקיות אשפה פחים קטנים 25/42 50יח ניקול,יחידה,50.00,יחידה,false,1,16.90,0.3380,true,1,302789
7290016197877,false,שקיות אשפה לפחים בינוניים עם שרוך 50 * 53 ניקול 50 יחידות,"אשפלסט תעשיות בע""מ",IL,שקיות אשפה פחי מטבח קטנים 50 יח ניקול,יחידה,50.00,יחידה,false,12,21.90,0.4380,true,1,297728
7290016217742,false,חציל בטחינה 200גרם גורמה,"סלטי שמיר 2006 בע""מ",IL,סלט חציל בטחינה 200 גרם גורמה,גרמים,200.00,100 גרם,false,1,10.90,5.4500,true,1,307325
7290016217759,false,חציל מרוקאי 200גרם גורמה,"סלטי שמיר 2006 בע""מ",IL,סלט חציל מרוקאי 200גר גורמה,גרמים,200.00,100 גרם,false,1,10.90,5.4500,true,1,307326
7290016217971,false,נסיכת הנילוס מעושנת שמיר 100 גרם,שבעת הימים - שמיר,IL,נסיכת הנילוס מעושנת 100 גר שבעת הימים,גרמים,100.00,100 גרם,false,1,23.90,23.9000,true,1,304081
7290016217988,false,גרבלקס-סלמון כבוש שמיר 100 גרם,"סלטי שמיר 2006 בע""מ",IL,דג גרבדלקס 100 גר שבעת הימים,גרמים,100.00,100 גרם,false,1,23.90,23.9000,true,1,304079
7290016217995,false,סלט ביצים עם אבוקדו,"סלטי שמיר 2006 בע""מ",IL,סלט ביצים עם אבוקדו 200גרם גורמה,גרמים,200.00,100 גרם,false,1,17.90,8.9500,true,1,307329
7290016233254,false,עגבניות מיובשות קצוצות במגשית 250 גרם,סנטו גידה,TR,עגבניות מיובשות קצוצות 250 גר,גרמים,250.00,100 גרם,false,12,9.90,3.9600,true,1,337005
7290016233575,false,פתיתי שיבולת שועל 600 גר גוד מורנינג,,LT,פתיתי שבולת שועל להכנה מהיארה600 גרם,גרמים,600.00,100 גרם,false,20,6.90,1.1500,true,1,336469
7290016233995,false,שימורי אנשובי עם שמן זית 45 ג' תומר,אינוורסינס פריסקו,PE,אנשובי בשמן זית 45 גר בפח,Unknown,0.00,Unknown,false,1,6.90,0.0000,true,1,321358
7290016245929,false,לחם טחינה עשיר בחלבון 450 ג' ביכורים,מאפיית ביכורים,IL,לחם טחינה 450 גרם מאפיית ביכורים,גרמים,450.00,100 גרם,false,12,25.90,5.7556,true,1,332272
7290016246025,false,בארכה מיקס פינוקיות חלווה ללא סוכר 10*20ג,"רושדי תעשיות מזון בע""\מ",IL,מארז 10 יח חלבה ללא סוכר 20 גר,גרמים,200.00,100 גרם,false,1,12.90,6.4500,true,1,297288
7290016246292,false,בארכה בקטנה חטיף חלבה וניל לוז 18 גרם 7 יחידות,"רושדי תעשיות מזון בע""\מ",IL,מארז7יח חטיף חלבה וניל לוז 18 גר,גרמים,126.00,100 גרם,false,1,11.90,9.4444,true,1,309053
7290016246308,false,בארכה בקטנה חטיף חלבה וניל קוקוס 18 גרם 7 יחידות,"רושדי תעשיות מזון בע""\מ",IL,מארז7יח חטיף חלבה וניל קוקוס 18 גר,גרמים,126.00,100 גרם,false,1,11.90,9.4444,true,1,309052
7290016246445,false,בארכה טחינה גולמית מעודנת שומשום מלא 310 גם,"רושדי תעשיות מזון בע""\מ",IL,טחינה בארכה שומשום מלא 310 גרם,גרמים,310.00,100 גרם,false,1,12.90,4.1613,true,1,315220
7290016246452,false,טחינה גולמית מעודנת לימון שום בארכה 310ג',רושדי תעשיות מזון בע,IL,טחינה בארכה לימון ושום 310 גרם,גרמים,310.00,100 גרם,false,1,12.90,4.1613,true,1,315219
7290016246490,false,בארכה חלבה קלאסית 400 גרם,רושדי תעשיות מזון בע,IL,חלבה קלאסית וניל 400 ג בארכה,גרמים,400.00,100 גרם,false,1,9.90,2.4750,true,1,319562
7290016246773,false,בארכה טחינה מתובלת גולמית מעודנת משומשום מלא זעתר 310 גרם,רושדי תעשיות מזון בע,IL,טחינה בארכה מעודנת זעתר 310 גרם,גרמים,310.00,100 גרם,false,1,12.90,4.1613,true,1,325689
7290016248074,false,יין מסע ישראלי אדום ויתקין 750 מל,"ישראל-יקב ויתקין בע""",IL,יין מסע ישראלי ויתקין 750 מל 2016,מיליליטרים,750.00,"100 מ""ל",false,1,60.00,8.0000,true,1,300912
7290016248173,false,"יין מסע ישראלי לבן ויתקין 750 מ""ל","ישראל-יקב ויתקין בע""",IL,יין לבן מסע ישראלי ויתקין 750 מל פקדון,מיליליטרים,750.00,"100 מ""ל",false,1,60.00,8.0000,true,1,303292
7290016270709,false,עגבניות שרי אשכולות,ביכורי השקמה,IL,עגבניות שרי אשכולות יח,Unknown,0.00,Unknown,false,1,9.90,0.0000,true,1,301881
7290016270907,false,ברוקולי ארוז במגשית,,,ברוקולי ארוז במגשית,Unknown,0.00,Unknown,false,1,9.90,0.0000,true,1,316804
7290016277630,false,צנובר 150 גרם ששון - קופסא,"דין שיווק וקלייה בע""",,צנובר 150 ג בקופסא ששון,גרמים,150.00,100 גרם,false,1,29.90,19.9333,true,1,301660
7290016277647,false,בננה מסוכרת 250 גרם ששון- קופסא,"דין שיווק וקלייה בע""",IL,בננה מסוכרת 250 גר בקופסא ששון,גרמים,250.00,100 גרם,false,1,10.90,4.3600,true,1,301661
7290016277654,false,פיסטוק קלוף טבעי 150 גרם ששון- קופסא,"דין שיווק וקלייה בע""",IL,פיסטוק טבעי קלוף 150 ג בקופסא ששון,גרמים,150.00,100 גרם,false,1,30.00,20.0000,true,1,301662
7290016277678,false,שקד מולבן חצאים 200 גרם ששון - קופסא,"דין שיווק וקלייה בע""",,שקד מולבן חצאים 200 גר בקופסא,גרמים,200.00,100 גרם,false,1,21.90,10.9500,true,1,301665
7290016277685,false,שקד מולבן שבבים 200 גרם ששון - קופסא,"דין שיווק וקלייה בע""",,שקד מולבן שבבים 200 גר בקופסא,גרמים,200.00,100 גרם,false,1,21.90,10.9500,true,1,301666
7290016284003,false,חסה הידרופונית רומית,מעיינות הזורע,IL,חסה רומית יח הזורע,Unknown,0.00,Unknown,false,1,9.90,0.0000,true,1,301000
7290016284027,false,חסה מסולסלת יח הזורע,מעיינות הזורע,,חסה מסולסלת/אדומה יח הזורע,Unknown,0.00,Unknown,false,1,10.90,0.0000,true,1,301002
7290016284058,false,חסה סלנובה יח הזורע,מעיינות הזורע,,חסה סלנובלה יח הזורע,Unknown,0.00,Unknown,false,1,12.90,0.0000,true,1,317282
7290016299168,false,"ARGANIA סרום קיק לחיזוק שורש השערה 100 מ""ל",ארגניה,IL,סרום קיק ארגניה 100מל,מיליליטרים,100.00,"100 מ""ל",false,1,37.90,37.9000,true,1,327689
7290016299625,false,ארגניה מסכת קיק ללא שטיפה 250 מל,ארגניה,IL,מסכת שיער ללא שטיפה קיק 250מל,מיליליטרים,250.00,"100 מ""ל",false,1,37.90,15.1600,true,1,327690
7290016299755,false,"ARGANIA מרכך קיק ללא מלחים ,ללא SLS ,ללא פארבן 400 מ""ל",ארגניה יצור ושיווק,IL,מרכך שיער קיק ארגניה 450מל,מיליליטרים,450.00,"100 מ""ל",false,1,29.90,6.6444,true,1,327687
7290016304404,false,לחם קוביות 100% כוסמין 600 גרם,מאפיית דוידוביץ ובניו בע,IL,לחם קוביות כוסמין 600 גרם,גרמים,600.00,100 גרם,false,1,12.90,2.1500,true,1,302872
7290016304596,false,לחמניות לסנדביץ 75 גרם,מאפית דוידוביץ ובניו,IL,מארז 10 לחמניות 75גרם דוידוביץ,יחידה,10.00,יחידה,false,1,13.90,1.3900,true,1,323693
7290016306026,false,גלידת שוקולד פצפוצים473מ,גלידת אילו,IL,גלידה שוקולד עם פצפוצים טבעונית 473מל,מיליליטרים,473.00,"100 מ""ל",false,1,34.90,7.3784,true,1,304232
7290016306040,false,גלידת קרמל פקאן קלוי473מ,היידי שוקולד בירונטי,IL,גלידה קרמל עם פקאן קלוי טבעונית 473מל,מיליליטרים,473.00,"100 מ""ל",false,1,34.90,7.3784,true,1,304231
7290016306064,false,"גלידת פאי לימון 473מ""ל",גלידת אילו,IL,גלידה פאי לימון טבעונית 473 מל,מיליליטרים,473.00,"100 מ""ל",false,1,34.90,7.3784,true,1,304229
7290016306101,false,גלידת קפוצינו שוק.מר473מ,היידי שוקולד בירונטי,IL,גלידה קפוצינו עם שברי שוקולד טבעונית 473,מיליליטרים,473.00,"100 מ""ל",false,1,34.90,7.3784,true,1,304230
7290016306132,false,"גלידת אילו פיסטוק 473מ""ל",היידי שוקולד בירונטי,IL,גלידה פיסטוק טבעונית 473מל,מיליליטרים,473.00,"100 מ""ל",false,1,34.90,7.3784,true,1,304233
7290016306149,false,"גלידת תותים שמנת 473מ""ל",גלידת אילו,IL,גלידה טבעונית תותים בשמנת 473 מל,מיליליטרים,473.00,"100 מ""ל",false,1,34.90,7.3784,true,1,306787
7290016306187,false,גלידת קוקוס פירות יער473,גלידת אילו,IL,גלידה קרם קוקוס פירות יער טבעונית 473מל,מיליליטרים,473.00,"100 מ""ל",false,1,34.90,7.3784,true,1,311249
7290016306217,false,בראוני שוק.אגוזים 473 מל,גלידת אילו,IL,גלידה בראוני שוקולד ואגוז טבעונית 473 מל,מיליליטרים,473.00,"100 מ""ל",false,1,34.90,7.3784,true,1,323091
7290016306323,false,"גלידת שוקו בננה 473 מ""ל",גלידת אילו,IL,גלידה שוקו בננה טבעונית 473 מל,מיליליטרים,473.00,"100 מ""ל",false,1,34.90,7.3784,true,1,329296
7290016319187,false,טוסו עוגיות סנדוויץ שוקו במילוי קרם שוקולד *זוג* 300 גרם,בטר אנד דיפרנט,IL,עוג.סנדוויץ טוסו זוג שוקו 300 גר,גרמים,300.00,100 גרם,false,6,17.90,5.9667,true,1,322648
7290016319194,false,טוסו עוגיות סנדוויץ שוקו במילוי קרם וניל *זוג* 300 גרם,אפיפית,IL,עוג.סנדוויץ טוסו זוג שוקו וניל 300 גר,גרמים,300.00,100 גרם,false,6,17.90,5.9667,true,1,322646
7290016319200,false,טוסו עוגיות סנדוויץ' אוראו במילוי קרם וניל *זוג* 300 גרם,אפיפית,IL,עוג.סנדוויץ טוסו זוג אוראו 300 גר,גרמים,300.00,100 גרם,false,6,17.90,5.9667,true,1,322649
7290016319309,false,סבון נוזלי מאסק קלאסי+משאבה פמלי 1 ל,הנסיך- מפעל לייצור ט,IL,אל סבון פמילי 1ליטר מאסק משאבה,ליטרים,1.00,ליטר,false,1,10.90,10.9000,true,1,300225
7290016320343,false,"דאק נוזל ג'ל לניקוי מתקדם בניחות לבנדר זוג * 750 מ""ל",אס. סי. ג'\ונסון מידרכט,NL,זוג נוזל אסלה טואלט דאק 750 מל לבנדר,ליטרים,1.50,ליטר,false,1,17.90,11.9333,true,1,308930
7290016321319,false,סבון נוזלי בניחוח אשכליות אדומה 1 ל' פמלי,אינטרקוסמא,TR,אל סבון פמילי 1 ליטר אשכולית אדומה,ליטרים,1.00,ליטר,false,12,10.90,10.9000,true,1,333420
7290016321326,false,סבון נוזלי בניחוח מנדרינה ולואיזה + משאבה 1 ל' פמלי,אינטרקוסמא,TR,אל סבון פמילי 1 ליטר מנדרינה לואיזה,ליטרים,1.00,ליטר,false,12,10.90,10.9000,true,1,333421
7290016321531,false,רצועות שעווה לגוף מגע הדבש אלוורה 12+3יח,שוורצקוף& הנקל דיסלד,IL,רצועות שעווה אלוורה 12+3 מגע המשי,יחידה,15.00,יחידה,false,1,21.90,1.4600,true,1,317153
7290016321555,false,מגע המשי רצועות שעווה לביקיני קמומיל 12+2,ש.שוורץ,ES,רצועות שעווה ביקיני ובית שחי 16+4מגע משי,יחידה,20.00,יחידה,false,1,21.90,1.0950,true,1,317155
7290016321661,false,פרש וואנס SENSITIVE מגבונים ללא בישום רביעייה 72 יחידות,עלבד משואות יצחק,IL,מארז 4יח מגבוני פרש וואנס סנסטיב קר 64יח,יחידה,64.00,יחידה,false,1,15.90,0.2484,true,1,318057
7290016321678,false,מגבונים לחים בניחוח מרענן עם תמציות קמומיל ואלוורה,עלבד משואות יצחק,IL,מארז 4יח מגבוני פרש וואנס נטורל קר 64יח,יחידה,64.00,יחידה,false,1,15.90,0.2484,true,1,318056
7290016321777,false,מגע הדבש רצועות שעווה לפנים אלוורה 20 יח,שוורצקוף& הנקל דיסלד,IL,רצועות שעווה לפנים 20+5 מגע המשי,יחידה,25.00,יחידה,false,1,21.90,0.8760,true,1,317156
7290016321883,false,פרשוואנס נייר טואלט מתכלה לילדים -מארז שלישייה,עלבד משואות יצחק בעמ,IL,מארז 3יח מגבוני פרשוואנס נייר טואלט 40יח,יחידה,120.00,יחידה,false,1,12.90,0.1075,true,1,319024
7290016321890,false,פרשוואנס נייר טואלט מתכלה למבוגרים -מארז שלישייה,עלבד משואות יצחק בעמ,IL,מארז 3יח מגבוני פרשוואנס נייר טואלט 40יח,יחידה,120.00,יחידה,false,1,12.90,0.1075,true,1,319023
7290016329261,false,סרקל מתיר קשרים ספריי רציףף 300 מ'ל,פישר מעבדות פרמצבטיות בע,IL,מתיר קשרים סרקל ספריי 300מל,מיליליטרים,300.00,"100 מ""ל",false,12,32.90,10.9667,true,1,300054
7290016329278,false,קמיל בלו מגבונים מילוי 64 יח רביעייה,פישר מעבדות פרמצבטיות בע,IL,מארז 4 יח מגבוני קמיל בלו 64 יחידות,יחידה,256.00,יחידה,false,1,16.90,0.0660,true,1,308838
7290016329308,false,"ד""ר פישר - סרקל קרם רוזמרין לשיער מתולתל 325 מ""ל",פישר מעבדות פרמצבטיות בע,IL,קרם רוזמרין סרקל לשיער מתותל 340מל,מיליליטרים,340.00,"100 מ""ל",false,1,27.90,8.2059,true,1,307875
7290016329315,false,סרקל ספריי מתיר קשרים לילדים לשיער מתולתל,פישר מעבדות פרמצבטיות בע,IL,מתיר קשרים סרקל ספריי לשיער מתולתל 300מל,מיליליטרים,300.00,"100 מ""ל",false,12,32.90,10.9667,true,1,303239
7290016329674,false,קמיל בלו קרם פנים לתינוק לעור יבש במיוחד,פישר מעבדות פרמצבטיות בע,IL,קרם פנים לתינוק קמיל בלו סנסטיב 75מל,מיליליטרים,75.00,"100 מ""ל",false,1,24.90,33.2000,true,1,307775
7290016335002,false,מנגל פח עם רשת ניקל,,,מנגל פח עם רשת ניקל 24/39סמ,יחידה,1.00,יחידה,false,1,39.90,39.9000,true,1,329765
7290016370089,false,מלפפון במלח 13-17 יבנה 560 ג',קבוצת יבנה,IL,מלפפון 13-17 פיקנטי יבנה 560 גרם,גרמים,560.00,100 גרם,false,1,10.90,1.9464,true,1,333632
7290016370096,false,זיתים שחורים מיובשים במלח יבנה 340 ג',קבוצת יבנה,IL,זית מרוקאי מיובש גדול 340 גרם,גרמים,340.00,100 גרם,false,1,12.90,3.7941,true,1,333476
7290016370119,false,מלפפון במלח בינוני ט,,,מלפפון במלח בינוני טעם ביתי 540 גרם צנצנ,גרמים,540.00,100 גרם,false,1,9.90,1.8333,true,1,329214
7290016370225,false,תחתיות ארטישוק קבוצת יבנה 430 גרם,קונסריוסאלגוזס,,תחתיות ארטישוק יבנה 440 גרם,גרמים,400.00,100 גרם,false,1,8.90,2.2250,true,1,329215
7290016370256,false,מארז טבעות זיתים יבנה 3*200 ג',,,מארז 3 יח זית טבעות ירוק200 גרם,גרמים,600.00,100 גרם,false,1,12.90,2.1500,true,1,327524
7290016370263,false,יבנה מארז זיתים חרוזית 200*3 ג',,,מארז 3 יח זית חרוזית 200 גרם,גרמים,600.00,100 גרם,false,1,12.90,2.1500,true,1,327311
7290016370270,false,זית קלמטה ללא גלעין A2 יבנה,קבוצת יבנה,IL,זית קלמטה יווני מגולען 560 גרם,גרמים,560.00,100 גרם,false,12,11.90,2.1250,true,1,325493
7290016370300,false,זית קלמטה שלם צנצנת יבנה,קוזט אס.אי. פיין פודס,GR,זית קלמטה יווני שלם 560 גרם,גרמים,560.00,100 גרם,false,12,14.90,2.6607,true,1,326182
7290016370317,false,זית קלמטה ללא גלעין 560 גרם צנצנת יבנה,קוזט אס.אי. פיין פודס,GR,זית קלמטה יווני מגולען 560 גרם,גרמים,560.00,100 גרם,false,12,14.90,2.6607,true,1,326181
7290016370805,false,זית מיקס יבנה 400 גר,,,זית מיקס יבנה 400 גרם,גרמים,400.00,100 גרם,false,1,7.50,1.8750,true,1,313842
7290016370904,false,זית חרוזית ירוק ‏400‏ ג' יבנה,קבוצת יבנה,IL,זית חרוזית ירוק יבנה 400 גרם,גרמים,400.00,100 גרם,false,1,6.90,1.7250,true,1,313840
7290016370911,false,טבעות ירוק A2 יבנה ‏400‏ ג',קבוצת יבנה,IL,זית ירוק טבעות יבנה 400 גרם,גרמים,400.00,100 גרם,false,1,6.90,1.7250,true,1,313841
7290016370942,false,מיקס ירקות יווני צנצנת ‏580‏ גר' יבנה,קוזט אס.אי. פיין פודס,IL,ירקות כבושים יבנה560 גר,גרמים,560.00,100 גרם,false,1,10.90,1.9464,true,1,301232
7290016370959,false,חציל קלוי (פירה) בצנצנת קבוצת יבנה 530 גרם,תאי פרזידנט פוד פאבל,GR,חציל קלוי על האש יבנה 530 גר,גרמים,530.00,100 גרם,false,1,10.90,2.0566,true,1,301229
7290016370973,false,פלפל קלוי (גמביה) בצנצנת קבוצת יבנה 390 גרם,קוזט אס.אי. פיין פודס,GR,פלפל קלוי על האש יבנה 540 גר,גרמים,540.00,100 גרם,false,1,10.90,2.0185,true,1,301230
7290016372397,false,"תה ויסוצקי ירוק תפוז,ג'ינגר וכורכום 25 יח'",ויסוצקי ירוק,IL,תה ירוק תפוז כורכום גינגר 1.5 ג 25 שק,יחידה,25.00,יחידה,false,1,24.90,0.9960,true,1,308253
7290016372458,false,חליטת לימונית ולואיזה הגן הקסום ויסוצקי 50 יחידות,תה ויסוצקי,IL,תה גן הקסום לימונית לואיזה 50 שק,גרמים,75.00,100 גרם,false,1,32.90,43.8667,true,1,308255
7290016372489,false,ויסוצקי חליטת ג'ינג'ר ולימון סודות הצמחים 25 שקיקים,תה ויסוצקי,IL,חליטת גינגר ולימון 20 שקיקים,יחידה,25.00,יחידה,false,1,18.90,0.7560,true,1,308250
7290016372496,false,חליטת פירות וצמחים בטעם ג'ינג'ר ודבש -אפקט הג'ינג'ר,תה ויסוצקי,IL,חליטת גינגר דבש 20 שקיקים,יחידה,25.00,יחידה,false,1,18.90,0.7560,true,1,308247
7290016372922,false,תה ירוק בטעם קינמון גינגיר וכורכום עם מאצה יפנית,תה ויסוצקי,IL,תה ירוק קינמון גינגר וכורכום 1.5 ג 25 שק,יחידה,25.00,יחידה,false,1,24.90,0.9960,true,1,314524
7290016381443,false,סילאן לחיץ טבעי כרם 350 גר,משק צור עין יהב,,סילאן טבעי כרם לחיץ 350 גרם,גרמים,350.00,100 גרם,false,1,13.90,3.9714,true,1,302901
7290016381474,false,סילאן לחיץ אורגני כרם 350 גר,משק צור עין יהב,,סילאן אורגני כרם לחיץ 350 גרם,גרמים,350.00,100 גרם,false,1,18.90,5.4000,true,1,302902
7290016381481,false,מיץ רימונים 1 ליטר 1,,,מיץ רימונים 1 ליטר 100% טבעי,ליטרים,1.00,ליטר,false,1,18.90,18.9000,true,1,312262
7290016381825,false,משמש מיובש כרם 330 גרם,אוסטה פוד,,משמש מיובש כרם 330 גרם קופסא,גרמים,330.00,100 גרם,false,1,19.90,6.0303,true,1,307994
7290016381856,false,רכז רימונים 100% טבע,,,רכז רימונים 100% טבעי כרם 250 מל,מיליליטרים,250.00,"100 מ""ל",false,1,19.90,7.9600,true,1,315987
7290016381986,false,ערמונים אורגנים כרם 100 גרם,טאנגש'אן סיטי מייקדו,CN,ערמונים אורגנים כרם 100 גרם,גרמים,100.00,100 גרם,false,50,5.90,5.9000,true,1,314736
7290016381993,false,אננס טבעות מסוכר כרם,רפאלס,,אננס טבעות מסוכר כרם 200 גרם בקופסא,גרמים,200.00,100 גרם,false,1,12.90,6.4500,true,1,310953
7290016387254,false,משטח לייבוש כלים דו צדדי שייני,מ.א ייצור ושיווק מטל,CN,משטח לייבוש כלים דו צדדי שיין,יחידה,1.00,יחידה,false,24,6.90,6.9000,true,1,320990
7290016387339,false,מטליות מיקרופייבר ג'מבו לרצפה זוג,,CN,מטליות מיקרופייבר גמבו לרצפה 60/90סמ 2יח,יחידה,2.00,יחידה,false,24,14.90,7.4500,true,1,320988
7290016387483,false,כריות יפניות דו צדדיות שייני 3 יחידות,,IL,כריות יפניות דו צדדיות 3 יח,יחידה,3.00,יחידה,false,36,5.90,1.9667,true,1,320993
7290016387698,false,כריות יפניות פנינה עדינות,מ.א ייצור ושיווק מטל,CN,כריות יפניות עדינות 3יח פנינה,יחידה,3.00,יחידה,false,36,6.90,2.3000,true,1,320992
7290016387841,false,אטבי כביסה JOY צבעוני שייני 50 יחידות,GUANGDONG,CN,אטבי כביסה צבעונים 50יח גוי,יחידה,50.00,יחידה,false,24,9.90,0.1980,true,1,314052
7290016387926,false,"שייני מפה נצמדת לשולחן (180*75), 1 יח'",מ.א ייצור ושיווק מטל,CN,מפת שולחן נצמדת עם גומי היקפי 180/75,יחידה,1.00,יחידה,false,24,14.90,14.9000,true,1,315255
7290016408119,false,טרליני כעכים בטעם קלאסי 225 גר' - בדץ,אפוליה פוד,IT,כעכים מלוחים טרליני קלאסי 225 גרם,גרמים,225.00,100 גרם,false,1,7.50,3.3333,true,1,299968
7290016408133,false,טרליני כעכים בטעם בצל וזיתים 225 גר' - בדץ,אפוליה פוד,IT,כעכים מלוחים טרליני בצל זיתים225 גרם,גרמים,225.00,100 גרם,false,1,7.50,3.3333,true,1,299972
7290016408157,false,טריליני כעכים קמח מלא כרמית 225 גרם,אפוליה פוד,IT,כעכים מלוחים טרליני קמח מלא 225 גרם,גרמים,225.00,100 גרם,false,1,7.50,3.3333,true,1,299973
7290016408164,false,טרליני כעכים בטעם שום וצי'לי פיקנטי 225 גר' - בדץ,אפוליה פוד,IT,כעכים מלוחים טרליני שום צילי 225 גרם,גרמים,225.00,100 גרם,false,1,7.50,3.3333,true,1,299970
7290016408294,false,"מרשמלו ורוד לבן וסטהיים 150 ג', 26 בקרטון",מנדלז סי.אר. פרודקשן,IL,מרשמלו לבן ורוד כרמית 150 ג,גרמים,150.00,100 גרם,false,1,6.00,4.0000,true,1,303939
7290016408393,false,חטיף קרקר עם שומשום פניני 130 ג',דנוויטה ג'\יי. אס. סי,LT,קרקר דגנים עם שומשום 130 גרם,גרמים,130.00,100 גרם,false,1,7.50,5.7692,true,1,301126
7290016408416,false,חטיף קרקר עם צ'ילי פיקנטי 130 גר,דנוויטה ג'\יי. אס. סי,LT,קרקר דגנים עם צילי 130 גרם,גרמים,130.00,100 גרם,false,1,7.50,5.7692,true,1,301122
7290016408423,false,חטיף קרקר עם זיתים שחורים ושום 130 גר,תות תעשיות מזון (201,LT,קרקר דגנים עם זית שחור 130 גרם,גרמים,130.00,100 גרם,false,1,7.50,5.7692,true,1,301123
7290016408430,false,קרקר עם תערובת תבלינים כרמית 130 גרם,דנוויטה ג'\יי. אס. סי,LT,קרקר דגנים עם תבלינים 130 גרם,גרמים,130.00,100 גרם,false,1,7.50,5.7692,true,1,301124
7290016408447,false,קרקר עגבניות ובזיליקום כרמית 130 גרם,דנוויטה ג'\יי. אס. סי,LT,קרקר דגנים עם עגבניות 130 גרם,גרמים,130.00,100 גרם,false,1,7.50,5.7692,true,1,301125
7290016408843,false,מאגדת זוג שוקולד מריר ללס 85 גר * 2,כרמית,IL,זוג שוקולד מריר כרמית ל.ס 170 גר,גרמים,170.00,100 גרם,false,1,10.90,6.4118,true,1,314657
7290016408980,false,"מטבעות שוקולד חלב 36 ג' כשל""פ בד""ץ",כרמית תעשיות מזון,IL,מטבעות שוקולד חלב ברשת 36 גרם,Unknown,0.00,Unknown,false,35,3.90,0.0000,true,1,337583
7290016414172,false,תה צמחים הכרמל רוזמר,חזרה לטבע,IL,תה צמחים הכרמל רוזמרין אזוב2 גר 20 יח,יחידה,20.00,יחידה,false,10,18.90,0.9450,true,1,336229
7290016414271,false,תה צמחים ירושלים לימ,חזרה לטבע,IL,תה צמחים ירושלים לימונית לואיזה2 גר20יח,יחידה,20.00,יחידה,false,10,18.90,0.9450,true,1,336228
7290016414301,false,תה צמחים שלוות גליל,,IL,תה צמחים שלוות גליל 2 גר 20 יח,יחידה,20.00,יחידה,false,10,18.90,0.9450,true,1,318517
7290016414370,false,תה צמחים הגליל לימונ,חזרה לטבע,IL,תה צמחים הגליל לימונית עלי זית2 גר 20 יח,יחידה,20.00,יחידה,false,10,18.90,0.9450,true,1,336230
7290016414400,false,תה צמחים שלוות עין ג,,IL,תה צמחים שלוות עין גדי 2 גר 20 יח,יחידה,20.00,יחידה,false,10,18.90,0.9450,true,1,318516
7290016414479,false,תה צמחים עין גדי שומ,חזרה לטבע,IL,תה צמחים עין גדי שומר מרווה 2 גר 20 יח,יחידה,20.00,יחידה,false,10,18.90,0.9450,true,1,336226
7290016414578,false,תה צמחים עמק האלה מנ,חזרה לטבע,IL,תה צמחים עמק האלה מנטה ורדים2 גר 20 יח,יחידה,20.00,יחידה,false,10,18.90,0.9450,true,1,336227
7290016414677,false,תה צמחים הערבה קמומי,חזרה לטבע,IL,תה צמחים הערבה קמומיל לבנדר2 גר 20 יח,יחידה,20.00,יחידה,false,10,18.90,0.9450,true,1,336231
7290016429992,false,"ד""ר פישר - אלכוג'ל במארז סיליקון עם דמות 30 מ""ל",פישר מעבדות פרמצבטיות בע,IL,אלכוגל מארז סיליקון עם דמות 30מל,Unknown,0.00,Unknown,false,15,13.90,0.0000,true,1,307779
7290016437409,false,תחתון דיפנד לייקרה ס,KC Vietnam,,תחתון דיפנד לייקרה סופג נשים סמול 18יח,יחידה,18.00,יחידה,false,4,74.90,4.1611,true,1,323097
7290016437416,false,דיפנד - גזרה גבוה תחתון מדיום נשים 18 יח',KC Vietnam,IL,תחתון דיפנד לייקרה סופג נשים מדיום 18יח,יחידה,18.00,יחידה,false,4,74.90,4.1611,true,1,323098
7290016437423,false,דיפנד תחתון סופג L נשים 16 יח גזרה גבוהה,KC Vietnam,IL,תחתון דיפנד לייקרה סופג נשים לארג 16יח,יחידה,16.00,יחידה,false,4,74.90,4.6813,true,1,323099
7290016437430,false,דיפנד - גזרה גבוה תחתון אקסטרה לארג' נשים 16 יח',KC Vietnam,IL,תחתון דיפנד לייקרה סופג נשים אקס אל 14יח,יחידה,14.00,יחידה,false,4,74.90,5.3500,true,1,323100
7290016437461,false,דיפנד - גזרה גבוה תחתון לארג' גברים 16 יח',General,IL,תחתון דיפנד לייקרה סופג גברים לארג 16יח,יחידה,16.00,יחידה,false,1,74.90,4.6813,true,1,323102
7290016437478,false,תחתון דיפנד לייקרה ס,KC USA,,תחתון דיפנד לייקרה סופג גברים אקס אל14יח,יחידה,14.00,יחידה,false,1,74.90,5.3500,true,1,323103
7290016437591,false,קוטקס - תחתונים סופגים לנשים לאחר לידה מדיום 8 יח',חוגלה קימברלי,KR,תחתוני קוטקס סופגים לאחר לידה מדיום 8יח,יחידה,8.00,יחידה,false,1,36.90,4.6125,true,1,314839
7290016437607,false,קוטקס - תחתונים סופגים לנשים לאחר לידה לארג' 8 יח',חוגלה קימברלי,KR,תחתוני קוטקס סופגים לאחר לידה לארג 8יח,יחידה,8.00,יחידה,false,1,36.90,4.6125,true,1,314840
7290016437614,false,חיתולי האגיס פרידום דריי pants מידה 3 44 יחידות,האגיס Huggies,IL,חיתולי האגיס פרידום דריי פאנטס שלב3 44יח,יחידה,44.00,יחידה,false,1,49.90,1.1341,true,1,303213
7290016437621,false,חיתולי האגיס פרידום דריי pants מידה 4 36 יחידות,קימברלי קלארק צ'כיה,CZ,חיתולי האגיס פרידום דריי פאנטס שלב4 36יח,יחידה,36.00,יחידה,false,1,49.90,1.3861,true,1,303214
7290016437645,false,חיתולי האגיס פרידום דריי pants מידה 5 34 יחידות,קימברלי קלארק צ'כיה,CZ,חיתולי האגיס פרידום דריי פאנטס שלב5 34יח,יחידה,34.00,יחידה,false,1,49.90,1.4676,true,1,303215
7290016437652,false,חיתולי האגיס פרידום דריי pants מידה 6 30 יחידות,קימברלי קלארק צ'כיה,CZ,חיתולי האגיס פרידום דריי פאנטס שלב6 30יח,יחידה,30.00,יחידה,false,1,49.90,1.6633,true,1,303216
7290016440218,false,עמבה פרי מעדני עופר,,,עמבה פרי מעדני עופר 500 גר,גרמים,500.00,100 גרם,false,1,13.90,2.7800,true,1,307849
7290016448771,false,משקה על בסיס מיץ אפר,,,משקה ציה בטעם אפרסק 290מל פקדון,מיליליטרים,290.00,"100 מ""ל",false,24,6.90,2.3793,true,1,322425
7290016448788,false,משקה על בסיס מיץ אננ,,,משקה ציה בטעם אננס 290מל פקדון,מיליליטרים,290.00,"100 מ""ל",false,24,6.90,2.3793,true,1,322424
7290016448795,false,"משקה זרעי ציה בטעם קוקטייל פירות 290 מ""ל",,VN,משקה ציה בטעם קוקטייל פירות 290מל פקדון,מיליליטרים,290.00,"100 מ""ל",false,24,6.90,2.3793,true,1,322426
7290016448801,false,"משקה זרעי ציה בטעם קיווי 290 מ""ל",,VN,משקה ציה בטעם קיווי 290מל פקדון,מיליליטרים,290.00,"100 מ""ל",false,24,6.90,2.3793,true,1,322428
7290016448849,false,קפה קר טעם לאטה מקיא,,,קפה קר טעם לאטה מקיאטו 250מל נאמבר 1,מיליליטרים,250.00,"100 מ""ל",false,24,6.60,2.6400,true,1,322436
7290016448856,false,"קפה קר NO.1 בטעם טרמיסו 250 מ""ל",,VN,קפה קר טעם טירמיסו 250מל נאמבר 1,מיליליטרים,250.00,"100 מ""ל",false,24,6.60,2.6400,true,1,322439
7290016448870,false,שפרוטים מעושנים בשמן,אודסקי קונסרברי זאבו,UA,שפרוטים בשמן צמחי 150 גרם,גרמים,150.00,100 גרם,false,36,5.90,3.9333,true,1,325391
7290016448887,false,שפרוטים מעושנים בשמן,אודסקי קונסרברי זאבו,UA,שפרוטים בשמן צמחי240 גרם,גרמים,240.00,100 גרם,false,24,8.90,3.7083,true,1,325392
7290016452051,false,תות שדה בקופסא גדולה,רוח שתות,IL,תות שדה בקופסא גדולה,Unknown,0.00,Unknown,false,1,29.90,0.0000,true,1,315406
7290016452143,false,אוכמניות יבוא רוח שת,רוח שתות,IL,אוכמניות יבוא רוח שתות 300 גרם,Unknown,0.00,Unknown,false,1,32.00,0.0000,true,1,324740
7290016452235,false,דומדומניות יבוא 125,חקלאי,IL,דומדומניות יבוא 125 גרם רוח שתות,Unknown,0.00,Unknown,false,1,29.90,0.0000,true,1,337074
7290016476606,false,יין פרובנס רוזה מאלי,דומיין קארטרון,,יין רוזה מאליז 750 מל,מיליליטרים,750.00,"100 מ""ל",false,1,80.00,10.6667,true,1,300135
7290016505009,false,שוקולד פנדה קרם בוטנים טבעוני 100 גרם,"מדשא תעשיות מזון בע""",IL,שוקולד קרם בוטנים פנדה 100 גר,גרמים,100.00,100 גרם,false,1,17.90,17.9000,true,1,318308
7290016505016,false,שוקולד פנדה קלאסי 100 גר,"מדשא תעשיות מזון בע""",IL,שוקולד קלאסי פנדה 100 גר,גרמים,100.00,100 גרם,false,1,17.90,17.9000,true,1,318307
7290016505023,false,שוקולד פנדה קרם נוגט טבעוני 100 גרם,"מדשא תעשיות מזון בע""",IL,שוקולד קרם נוגט פנדה 100 גר,גרמים,100.00,100 גרם,false,1,17.90,17.9000,true,1,318309
7290016505030,false,שוקולד פנדה אגוזי לוז טבעוני 100 גרם,,IL,שוקולד אגוזי לוז פנדה 100 גר,גרמים,100.00,100 גרם,false,1,17.90,17.9000,true,1,318304
7290016505047,false,שוקולד קרמל ומלח גס 100 גרם - פנדה,"מדשא תעשיות מזון בע""",IL,שוקולד קרמל ומלח גס פנדה 100 גר,גרמים,100.00,100 גרם,false,1,17.90,17.9000,true,1,318310
7290016505115,false,שוקולד פנדה מריר קפה100ג,,IL,שוקולד מריר קפה פנדה 100 גר,גרמים,100.00,100 גרם,false,1,17.90,17.9000,true,1,318306
7290016509304,false,סוד סבון לאסלה 4 כדוריותבניחוח לבנדר 50 ג',הנקל סוד,RS,סבון אסלה כדוריות סוד לבנדר,Unknown,0.00,Unknown,false,1,9.90,0.0000,true,1,305328
7290016509342,false,סוד מארז טריו כדוריות לאסלה כחול אקטיבי אקונומיקה,הנקל סוד,HU,מארז שלישיית סבון אסלה כדוריות סוד כחול,יחידה,3.00,יחידה,false,1,14.90,4.9667,true,1,306791
7290016509786,false,פרסיל גל לכביסה לבנה וצבעונית-ירוק 2.5 ל,"הנקל סוד בע""\מ",IL,נוזל כביסה גל פרסיל 2.5 ליטר ירוק,ליטרים,2.50,ליטר,false,1,29.90,11.9600,true,1,313262
7290016509793,false,ג'ל לכביסה לבנה וצבעונית אריזת XL,"הנקל סוד בע""\מ",IL,נוזל כביסה גל פרסיל 4 ליטר ירוק,ליטרים,4.00,ליטר,false,4,42.90,10.7250,true,1,313260
7290016509809,false,ג'ל מרוכז לכביסה קולור 2.5 ל' פרסיל,"הנקל סוד בע""\מ",IL,נוזל כביסה גל פרסיל 2.5 ליטר קולור,ליטרים,2.50,ליטר,false,1,29.90,11.9600,true,1,313263
7290016509823,false,ג'ל לכביסה לבנה וצבעונית בניחוח רענן,"הנקל סוד בע""\מ",IL,נוזל כביסה גל פרסיל 2.5 ליטר בלו,ליטרים,2.50,ליטר,false,1,29.90,11.9600,true,1,313264
7290016509830,false,ג'ל כביסה לבגדי תינוקות ובעלי עור רגיש Sensitive,"הנקל סוד בע""\מ",IL,נוזל כביסה גל פרסיל 2.5 ליטר בייבי,ליטרים,2.50,ליטר,false,1,29.90,11.9600,true,1,313265
7290016509847,false,פרסיל ג'ל לכביסה כהה בלאק 2.5 ליטר,"הנקל סוד בע""\מ",IL,נוזל כביסה גל פרסיל 2.5 ליטר בלאק,ליטרים,2.50,ליטר,false,1,29.90,11.9600,true,1,315077
7290016510096,false,"הוואי שמפו מי קוקוס לשיער יבש 700 מ""ל",טרופיקל דגיל בעמ,IL,שמפו הוואי קוקוס 700מל,מיליליטרים,700.00,"100 מ""ל",false,1,8.90,1.2714,true,1,311675
7290016510225,false,"תחליב רחצה הוואי יוגורט וניל ודבש 700 מ""ל",תאי פרזידנט פוד פאבל,IL,תחליב רחצה הוואי וניל דבש 700מל,מיליליטרים,700.00,"100 מ""ל",false,1,8.90,1.2714,true,1,313516
7290016510232,false,"תחליב רחצה הוואי יוגורט קוקוס 700 מ""ל",תאי פרזידנט פוד פאבל,IL,תחליב רחצה הוואי יוגורט קוקוס 700מל,מיליליטרים,700.00,"100 מ""ל",false,1,8.90,1.2714,true,1,313517
7290016510324,false,"הוואי תחליב רחצה לגבר אריסטבבול 700 מ""ל",טרופיקל דגיל בעמ,IL,תחליב רחצה הוואי לגבר איריססטבל 700מל,מיליליטרים,700.00,"100 מ""ל",false,1,8.90,1.2714,true,1,313515
7290016510348,false,"הוואי אל סבון לילדים בנים 700 מ""ל",טרופיקל דגיל,IL,אל סבון הוואי ילדים בנים 700 מל,מיליליטרים,700.00,"100 מ""ל",false,1,8.90,1.2714,true,1,322973
7290016510683,false,הוואי אל סבון נוזלי בלו סקיי 1 ליטר,טרופיקל דגיל קוסמטיק,IL,סבון ידיים נוזלי הוואי בלו סקיי 1 ליטר,ליטרים,1.00,ליטר,false,12,10.90,10.9000,true,1,314824
7290016510768,false,"הוואי תחליב רחצה יוגורט ואוכמניות 700 מ""ל",טרופיקל דגיל בעמ,IL,תחליב רחצה הוואי יוגורט אוכמניות 700מל,מיליליטרים,700.00,"100 מ""ל",false,1,8.90,1.2714,true,1,316495
7290016510850,false,הוואי שמפו ילדים ברבי (וחד קרן) 700 מל,"טרופיקל דגיל בע""\מ אזור",IL,שמפו הוואי ברבי ילדים סוס 700מל,מיליליטרים,700.00,"100 מ""ל",false,12,13.90,1.9857,true,1,320762
7290016510898,false,"שמפו+מרכך הוואי פריחת הדובדבן 700 מ""ל",שוורצקוף& הנקל דיסלד,IL,שמפו הוואי פריחת הדובדבן 700 מל,מיליליטרים,700.00,"100 מ""ל",false,1,8.90,1.2714,true,1,317328
7290016510904,false,"הוואי מרכך פריחת הדובדבן 700 מ""ל",שוורצקוף& הנקל דיסלד,IL,מרכך הוואי פריחת הדובדבן 700 מל,מיליליטרים,700.00,"100 מ""ל",false,1,8.90,1.2714,true,1,317329
7290016513684,false,כיסונים כפרי במילוי בשר הודו 750 גרם,"אימפריאל הזרב פוד בע""מ",IL,כיסונים כפרי במילוי בשר והודו 750גר,גרמים,750.00,100 גרם,false,10,25.90,3.4533,true,1,335710
7290016513974,false,קרפלך במילוי פטריות איי פוד 600 גרם,"אימפריאל הזרב פוד בע""מ",IL,קרפלך במילוי פיטריות 600גר,גרמים,600.00,100 גרם,false,12,17.90,2.9833,true,1,335713
7290016513981,false,"קרפלך תפו""א איי פוד 600 גרם",אימפריאל רזרב פוד,IL,קרפלך תפוא 600גר,גרמים,600.00,100 גרם,false,12,15.90,2.6500,true,1,335712
7290016523171,false,סטימר עץ 12,Fujian fuzhou tian s,,סטימר עץ 12,Unknown,0.00,Unknown,false,1,75.00,0.0000,true,1,301941
7290016523188,false,"סטימר לאידוי עץ ""10",Fujian fuzhou tian s,,סטימר עץ 10,Unknown,0.00,Unknown,false,1,60.00,0.0000,true,1,301942
7290016523195,false,"סטימר לאידוי עץ ""8",Fujian fuzhou tian s,,סטימר עץ 8,Unknown,0.00,Unknown,false,1,45.00,0.0000,true,1,301943
7290016523508,false,שימורי ליצי בסירופ ק,,,לפתן ליצי בסירופ קל 567 גר,גרמים,567.00,100 גרם,false,1,8.90,1.5697,true,1,308436
7290016545005,false,בירה דודהשך קראפט אמ,מבשלת הארץ (בירבזאר),IL,בירה דודהשך קראפט אמבר אייל 330מל בק.פקד,מיליליטרים,330.00,"100 מ""ל",false,24,14.90,4.5152,true,1,336061
7290016545012,false,בירה בירבזאר חתול שמ,מבשלת הארץ (בירבזאר),IL,בירה חתול שמן קראפט פייל אייל330מל בק.פק,מיליליטרים,330.00,"100 מ""ל",false,24,14.90,4.5152,true,1,336063
7290016545029,false,בינדי - בירה קראפט בסגנון IPA,מבשלת הארץ (בירבזאר),IL,בירה בינדי קראפט איי פי 330מל בק.פקדון,מיליליטרים,330.00,"100 מ""ל",false,24,14.90,4.5152,true,1,336058
7290016545036,false,בירה בירבזאר בלאק גק,מבשלת הארץ (בירבזאר),IL,בירה בלאק גק קראפט סטאוט 330מל בק.פקדון,מיליליטרים,330.00,"100 מ""ל",false,24,14.90,4.5152,true,1,336059
7290016545050,false,בירה עשר קראפט טריפל,מבשלת הארץ (בירבזאר),IL,בירה עשר קראפט טריפל בלגי 330מל בק.פקדון,מיליליטרים,330.00,"100 מ""ל",false,24,14.90,4.5152,true,1,336064
7290016545067,false,וויטני - בירה קראפט בסגנון חיטה,מבשלת הארץ (בירבזאר),IL,בירה וויטני קראפט חיטה 330מל בק.פקדון,מיליליטרים,330.00,"100 מ""ל",false,24,14.90,4.5152,true,1,336062
7290016545074,false,בירה גאלאגר קראפט פי,מבשלת הארץ (בירבזאר),IL,בירה גאלאגר קראפט פילס 330מל בק.פקדון,מיליליטרים,330.00,"100 מ""ל",false,24,14.90,4.5152,true,1,336060
7290016564006,false,מבריקל הפלא ספוגיות להסרת כתמים קשים ושומנים 3יח,,,ספוגית מבריקל הפלא 3 יח,יחידה,3.00,יחידה,false,1,10.90,3.6333,true,1,314444
7290016564402,false,מטליות מיקרופייבר לנ,,,מטליות מיקרופייבר לניקוי כללי 8יח מבריקל,יחידה,8.00,יחידה,false,1,12.90,1.6125,true,1,338399
7290016566062,false,סט כפות במבוק,,,סט כפות במבוק,יחידה,2.00,יחידה,false,1,14.90,7.4500,true,1,304116
7290016566185,false,בקבוק פתיחה לחיצה,,CN,בקבוק שתיה H2O,יחידה,1.00,יחידה,false,1,34.90,34.9000,true,1,304119
7290016566192,false,קערת הגשה במבוק קוטר,,,קערת הגשה במבוק קוטר 12,יחידה,1.00,יחידה,false,1,9.90,9.9000,true,1,304112
7290016566871,false,"בקבוק טרמי כוס מכסה 470 מ""ל",,,בקבוק טרמי כוס מכסה,יחידה,1.00,יחידה,false,1,69.90,69.9000,true,1,334739
7290016566888,false,"בקבוק טרמי כוס מכסה 700 מ""ל",,,בקבוק טרמי כוס מכסה 700מל,יחידה,1.00,יחידה,false,1,79.90,79.9000,true,1,334740
7290016566895,false,"בקבוק טרמי פקק קש 600 מ""ל",,,בקבוק טרמי פקק קש,יחידה,1.00,יחידה,false,1,69.90,69.9000,true,1,334743
7290016566901,false,"בקבוק טרמי פקק קש 770 מ""ל",,,בקבוק טרמי פקק קש 770מל,יחידה,1.00,יחידה,false,1,79.90,79.9000,true,1,334744
7290016584004,true,חטיפוני גזר בשקית,,,חטיפוני גזר בשקית,Unknown,0.00,Unknown,false,1,6.90,0.0000,true,1,329416
7290016607345,false,יין רזרב שיראז דלתון,"יקב דלתון בע""מ",,יין רזרב שיראז דלתון 750 מל,מיליליטרים,750.00,"100 מ""ל",false,1,100.00,13.3333,true,1,319211
7290016607390,false,"יין דלתון דלתון רזרב מרלו 750 מ""ל","יקב דלתון בע""מ",IL,יין מרלו רזרב דלתון 750 מל,מיליליטרים,750.00,"100 מ""ל",false,1,100.00,13.3333,true,1,325072
7290016607406,false,"יין דלתון רזרב קברנה סוביניון 750 מ""ל","יקב דלתון בע""מ",IL,יין קברנה סוביניון רזרב 2016 750 מל,מיליליטרים,750.00,"100 מ""ל",false,1,100.00,13.3333,true,1,320114
7290016607543,false,יין דלתון לבנטינה אס,"יקב דלתון בע""מ",IL,יין דלתון לבנטינה אסופה 750 מל,מיליליטרים,750.00,"100 מ""ל",false,6,100.00,13.3333,true,1,322490
7290016607772,false,"יין רוזה גליל דלתון 750 מ""ל","יקב דלתון בע""\מ",IL,יין דלתון רוזה גליל 750 מל,מיליליטרים,750.00,"100 מ""ל",false,1,60.00,8.0000,true,1,325127
7290016621013,false,"ד""ר פישר - קרם גוף קמיל בלו 500 מ""ל",פישר מעבדות פרמצבטיות בע,IL,קרם גוף קמיל בלו,מיליליטרים,500.00,"100 מ""ל",false,1,19.90,3.9800,true,1,301939
7290016621341,false,אל סבון היגייני לניקוי יסודי קמיל Clean & Moisture,פישר מעבדות פרמצבטיות בע,IL,אל סבון קמיל לידיים ניקיון ולחות 1 ליטר,ליטרים,1.00,ליטר,false,1,13.90,13.9000,true,1,305827
7290016621358,false,"ד""ר פישר - קמיל אל סבון ניקיון והזנה ורוד 1 ליטר",פישר מעבדות פרמצבטיות בע,IL,אל סבון קמיל לידיים ניקיון והזנה 1ליטר,ליטרים,1.00,ליטר,false,1,13.90,13.9000,true,1,305829
7290016621365,false,אל סבון היגייני לניקוי יסודי קמיל Clean & Moisture,פישר מעבדות פרמצבטיות בע,IL,אל סבון קמיל לידיים ניקיון ורעננות 1ליטר,ליטרים,1.00,ליטר,false,1,13.90,13.9000,true,1,305828
7290016621952,false,קמיל בלו סנסיטיב קרם פנים לתינוק SPF30,פישר מעבדות פרמצבטיות בע,IL,קרם פנים לתינוק קמיל בלו סנסטיב 30 75מל,Unknown,0.00,Unknown,false,12,29.90,0.0000,true,1,307776
7290016621990,false,נטורל קר מסכה לשיער,פישר תעשיות,,מסכה לשיער נטורל קר 200מל שיער יבש צבוע,מיליליטרים,200.00,"100 מ""ל",false,1,19.90,9.9500,true,1,308315
7290016663419,false,עוגיות דר מורינגה שו,,IL,עוגיות דר מורינגה שומשום קשיו 200 גרם,גרמים,200.00,100 גרם,false,12,21.90,10.9500,true,1,335000
7290016663426,false,עוגיות שומשום שוקולד,מורינגה עץ הפלא,IL,עוגיות דר מורינגה שומשום שוקולד 200 גרם,גרמים,200.00,100 גרם,false,12,21.90,10.9500,true,1,334999
7290016682182,false,שייק תמר בננה מופחת סוכר 1 ליטר פרי ניב,פריניב בעמ,IL,משקה שייק תמר בננה מופחת סוכר 1ל פרי ניב,ליטרים,1.00,ליטר,false,1,15.90,15.9000,true,1,313644
7290016682199,false,פריניב שייק תות בננה מופחת סוכר 1 ליטר,פריניב בעמ,IL,משקה שייק תות בננה מופחת סוכר 1ל פרי ניב,ליטרים,1.00,ליטר,false,1,15.90,15.9000,true,1,313646
7290016682250,false,מיץ תפוז גזר פרי ניב 1 ליטר,פרי ניב,IL,מיץ תפוגזר 1ליטר פרי ניב,ליטרים,1.00,ליטר,false,1,16.90,16.9000,true,1,337411
7290016682335,false,מיץ תפוזים סחוט פריניב 2 ליטר,פרי ניב,IL,מיץ תפוזים 2ליטר פרי ניב בק. פקדון,ליטרים,2.00,ליטר,false,1,22.90,11.4500,true,1,333075
7290016682380,false,מיץ טבעי לימונדה ולואיזה פרי ניב 2 ליטר-,פרי ניב,IL,מיץ לימונדה לואיזה 2 ליטר פרי ניב בק.פקד,ליטרים,2.00,ליטר,false,1,20.90,10.4500,true,1,333078
7290016689112,false,יין שאבלי גראן קרו ו,,,יין שאבלי גראן קרו וודזיר 750 מל,מיליליטרים,750.00,"100 מ""ל",false,6,350.00,46.6667,true,1,325130
7290016717099,false,"יין כרמל סלקטד אדום חצי יבש, 750 מ""ל",יקבי כרמל Carmel Winery,IL,יין אדום חצי יבש 750 מל פקדון,מיליליטרים,750.00,"100 מ""ל",false,1,35.00,4.6667,true,1,302029
7290016717167,false,"יין 2 ווטאס לבן יקבי כרמל 750 מ""ל",,IL,יין לבן חצי יבש 2015 שמיטה 750 מל,מיליליטרים,750.00,"100 מ""ל",false,1,60.00,8.0000,true,1,302337
7290016717174,false,יין רוזה יבש 2015 שמ,,,יין רוזה יבש 2015 שמיטה 750 מל,מיליליטרים,750.00,"100 מ""ל",false,1,60.00,8.0000,true,1,302338
7290016717235,false,יין קונקורד אדום ממותק קינג דיוויד - בקבוק אישי,יקבי כרמל Carmel Winery,IL,יין קונקורד קינג דויד,מיליליטרים,187.00,"100 מ""ל",false,1,6.90,3.6898,true,1,316524
7290016717631,false,יין מוסקטו בעל חוזק אלכוהול נמוך פרייבט קולקשן,אגודת הכורמים הקואופרטיב,IL,יין מוסקטו פי סי לבן 750 מל,מיליליטרים,750.00,"100 מ""ל",false,1,45.00,6.0000,true,1,310933
7290016717754,false,"יין ישן נושן יקבי כרמל 750 מ""ל ^^^",אגודת הכורמים הקואופרטיב,IL,יין ישן נושן 750 מל פקדון,מיליליטרים,750.00,"100 מ""ל",false,12,25.00,3.3333,true,1,312494
7290016717976,false,"יין סלקטד באז אפרסק כרמל 750 מ""ל",כרמל מזרחי,IL,יין באז אפרסק 750 מל,מיליליטרים,750.00,"100 מ""ל",false,1,35.00,4.6667,true,1,322248
7290016732672,false,מברשת שיניים סנסודיין הגנה מלאה,גלקסוס סמית קליין,CN,מברשת שיניים סנסודיין הגנה מלאה,Unknown,0.00,Unknown,false,1,19.90,0.0000,true,1,308654
7290016751239,false,בשר זרוע מס 8 מוכשר קג,בלאק במבו אנטרפרייס ס.א,AR,בשר בקר מס 8 מוכשר קפוא במשקל,קילוגרמים,1.00,"ק""ג",true,,32.90,32.9000,true,1,326350
7290016818352,false,טורטליני ארבע גבינות גד 400 גרם,פסטה נונה,IL,טורטליני ארבע גבינות 400גר,גרמים,400.00,100 גרם,false,1,24.90,6.2250,true,1,335579
7290016865943,false,אטריות ביצים פטוציני אוריינט 400 גרם,פ.פ.פ טאביט פולין,PL,אטריות ביצים אוריינט פטוציני 400 גרם,גרמים,400.00,100 גרם,false,1,12.90,3.2250,true,1,312490
7290016866643,false,פרודונטקס מ.שיניים אקסטרה פרש 75 מל,פרודונטקס Parodontax,SK,מש.שיניים פרודונטקס פרש 75מל,Unknown,0.00,Unknown,false,1,29.90,0.0000,true,1,313258
7290016866650,false,"פרודונטקס - משחת שיניים אוריג'ינל 75 מ""ל",פרודונטקס Parodontax,SK,מש.שיניים פרודונטקס אורגינל 75מל,Unknown,0.00,Unknown,false,1,29.90,0.0000,true,1,313257
7290016866667,false,"פרודונטקס - משחת שיניים ללא פלאוריד 75 מ""ל",פרודונטקס Parodontax,SK,מש.שיניים פרודונטקס פלאוריד 75מל,Unknown,0.00,Unknown,false,1,29.90,0.0000,true,1,313259
7290016866674,false,"פרודונטקס - משחת שיניים מלבינה 75 מ""ל",פרודונטקס Parodontax,SK,מש.שיניים פרודונטקס מלבינה 75מל,Unknown,0.00,Unknown,false,1,29.90,0.0000,true,1,313256
7290016866681,false,מברשת שינים פרדונטקס,גלקסוס סמית קליין,CN,מברשת שינים פרדונטקס סופט,Unknown,0.00,Unknown,false,1,19.90,0.0000,true,1,310929
7290016866704,false,"סטייל שמפו לאחר החלקה מועשר בויטמין אי, 750 מ""ל",סטייל Style,IL,שמפו סטייל קרטין 750 מל,מיליליטרים,750.00,"100 מ""ל",false,1,26.90,3.5867,true,1,309130
7290016866711,false,"סטייל מרכך לשיער קרטין פלוס לאחר החלקה, 750 מ""ל",סטייל Style,IL,מרכך סטייל קרטין 750 מל,מיליליטרים,750.00,"100 מ""ל",false,1,26.90,3.5867,true,1,309131
7290016866728,false,סטייל מסכה קרטין E 500 מל לשיקום שיער יב,סטייל Style,IL,מסכת שיער קרטין סטייל 500 מל,מיליליטרים,500.00,"100 מ""ל",false,1,44.90,8.9800,true,1,309132
7290016866735,false,סטייל קרם לחות קרטין E 400 מל לשיקום שיע,א.ל. ארמן,IL,קרם לחות לשיער קרטין סטייל 500 מל,מיליליטרים,400.00,"100 מ""ל",false,1,44.90,11.2250,true,1,309133
7290016867008,false,"לחם כוסמין מחמצת ד""ר מרק",המאפה של דר' מארק,IL,לחם כוסמין מחמצת 700 גר,גרמים,700.00,100 גרם,false,1,18.90,2.7000,true,1,321340
7290016867237,false,"לחם קל כוסמין במתיקות מעודנת ד""ר מרק",המאפה של דר מרק בריא,IL,לחם קל כוסמקין במתיקות מעודנת 400גר,גרמים,400.00,100 גרם,false,1,18.90,4.7250,true,1,321344
7290016867244,false,שישיה לחמניות כוסמין בתוספת מחמצת 99 קלוריות,המאפה של דר מרק בריא,IL,לחמניות מחמצת כוסמין 6יח 321 גר דר מרק,גרמים,321.00,100 גרם,false,1,14.90,4.6417,true,1,324467
7290016882407,false,מחית חציל קלוי על האש 560 ג',אונטד גידה,CN,חצילים קלויים גורמט 550 גרם,גרמים,550.00,100 גרם,false,12,11.90,2.1636,true,1,326266
7290016883176,false,"מוזלי פתיתי שיבולת שועל עם שוקולד מריר ושבבי קוקוס 1 ק""ג","דין שיווק וקלייה בע""",MK,תערובת מוזלי שוקולד מריר וקוקוס שקדיה 1ק,קילוגרמים,1.00,"ק""ג",false,1,21.90,21.9000,true,1,309097
7290016912449,false,"נטורל קר מסיכה לשיער רגיל - יבד 200 מ""ל",פישר תעשיות,,מסכה לשיער נטורל קר 200מל שיער רגיל יבש,מיליליטרים,200.00,"100 מ""ל",false,1,19.90,9.9500,true,1,308316
7290016912494,false,"ד""ר פישר - אפקטיב קר תרחיץ פנים לכל סוגי העור 180 מ""ל",פישר מעבדות פרמצבטיות בע,IL,תרחיץ פנים אפקטיב קר 180מל לכל סוגי העור,מיליליטרים,180.00,"100 מ""ל",false,12,17.90,9.9444,true,1,308321
7290016912500,false,"ד""ר פישר - אפקטיב קר תרחיץ פנים לעור רגיש 180 מ""ל",פישר מעבדות פרמצבטיות בע,IL,תרחיץ פנים אפקטיב קר 180מל לעור רגיל,מיליליטרים,180.00,"100 מ""ל",false,12,17.90,9.9444,true,1,308322
7290016912609,false,"סרקל מסיכת הזנה לשיער ילדים 200 מ""ל",פישר מעבדות פרמצבטיות בע,IL,מסכת שיער סרקל 200מל לילדים,מיליליטרים,200.00,"100 מ""ל",false,1,24.90,12.4500,true,1,308323
7290016912616,false,סרקל שמפו לילדים לשיער בהיר - בלונדיני,פישר מעבדות פרמצבטיות,IL,שמפו בלונד סרקל 1 ליטר,ליטרים,1.00,ליטר,false,1,28.90,28.9000,true,1,307777
7290016995046,false,"קמח טף טבעי 1 ק""ג תב",תבואות,,קמח טף טבעי 1 קג,קילוגרמים,1.00,"ק""ג",false,1,21.90,21.9000,true,1,305571
7290016995077,false,קוסקוס כוסמין אורגני 400 גרם,תבואות,IT,קוסקוס כוסמין אורגני 400 גר,גרמים,400.00,100 גרם,false,1,17.90,4.4750,true,1,305563
7290016995220,false,דבש אורגני מפרחי בר 500 גרם,,AR,דבש אורגני 500 גר,גרמים,500.00,100 גרם,false,1,39.90,7.9800,true,1,308844
7290016995398,false,חומץ תפוחים אורגני 1 ליטר,תבואות,ES,חומץ תפוח אורגני לא מסונן 1 לי,ליטרים,1.00,ליטר,false,6,19.90,19.9000,true,1,326389
7290016995404,false,חומץ תפוחים מסונן אורגני 1 ליטר,תבואות,,חומץ תפוח אורגני מסונן 1 לי,ליטרים,1.00,ליטר,false,6,19.90,19.9000,true,1,326390
7290016995466,false,סירופ אגבה כחולה אורגני 330 מל,שקד תבור,MX,סירופ אגבה כחולה אורגני 330 גר,גרמים,330.00,100 גרם,false,1,16.90,5.1212,true,1,314681
7290016995657,false,מלפפון במלח אורגני 6,פולאן פולסקו,PL,מלפפון במלח אורגני 670 גר 12 יח,גרמים,670.00,100 גרם,false,12,16.90,2.5224,true,1,318960
7290016995701,false,מחית בננה תפוח אורגני 100 גרם,תבואות,,מחית בננה תפוח אורגני 100 גר,גרמים,100.00,100 גרם,false,18,4.90,4.9000,true,1,320883
7290016995718,false,מחית אגס ותפוח אורגני 100 גרם,תבואות,,מחית אגס ותפוח אורגני 100 גר,גרמים,100.00,100 גרם,false,18,4.90,4.9000,true,1,320884
7290016995725,false,מחית מנגו תפוח אפרסק אורגני 100 גרם,תבואות,,מחית מנגו תפוח אפרסק אורגני 100 גר,גרמים,100.00,100 גרם,false,18,4.90,4.9000,true,1,320885
7290016995848,false,שום כתוש אורגני 185 גרם,תבואות,CN,שום כתוש אורגני 185גר תבואות,גרמים,185.00,100 גרם,false,12,14.90,8.0541,true,1,321471
7290016995855,false,גינגר אורגני כתוש 185 גר,תבואות,CN,גינגר כתוש אורגני 185גר תבואות,גרמים,185.00,100 גרם,false,12,14.90,8.0541,true,1,321472
7290016995886,false,פלפל צילי כתוש אורגנ,תבואות,CN,פלפל צילי כתוש אורגני 185גר תבואות,גרמים,185.00,100 גרם,false,12,14.90,8.0541,true,1,321473
7290016995930,false,אבקת קקאו אורגנית 200 גרם,תבואות,PE,אבקת קקאו אורגנית 200 גר,גרמים,200.00,100 גרם,false,12,19.90,9.9500,true,1,320879
7290016995985,false,אבקת פסיליום אורגני 300 גרם,תבואות,IN,אבקת פסיליום אורגני 300 גר,גרמים,300.00,100 גרם,false,12,33.90,11.3000,true,1,326382
7290017000244,false,יין מוסקטו קסטל 375,,,יין מוסקטו קסטל 375 מל,מיליליטרים,375.00,"100 מ""ל",false,1,119.00,31.7333,true,1,323896
7290017000534,false,"יין בלאן דה קסטל 2019 750 מ""ל",יקב קסטל,,יין שרדונה קסטל 2019 לבן 750 מל,גרמים,750.00,100 גרם,false,1,145.00,19.3333,true,1,322981
7290017000701,false,יין פטיט קסטל 750 מל,יקב קסטל,,יין פטיט קסטל 750 מל,מיליליטרים,750.00,"100 מ""ל",false,1,120.00,16.0000,true,1,327042
7290017000787,false,יין שרדונה קסטל לבן,יקב קסטל,,יין שרדונה קסטל 2020 לבן 750 מל,גרמים,750.00,100 גרם,false,1,149.00,19.8667,true,1,329049
7290017020259,false,"רוולושן מאס גיינר 1.320 ק""ג בד""צ בננה",,IL,אבקת חלבון גיינר רבולושיין בננה 1.3 קג,גרמים,1300.00,100 גרם,false,12,119.00,9.1538,true,1,320487
7290017020754,false,בקבוק פאוארטק להכנת משקה חלבון בננה,סיטי תוספי מזון,IL,משקה חלבון פאורטק בננה 37גר,יחידה,1.00,יחידה,false,24,12.90,12.9000,true,1,323506
7290017023212,false,"שוויפס מוגז פירות תפוח מארז רביעייה* 330 מ""ל",יפאורה תבורי בעמ,IL,מארז 4יח שוופס פחית מוגז פירות תפוח 330מ,מיליליטרים,1320.00,"100 מ""ל",false,1,12.90,0.9773,true,1,311458
7290017023229,false,רביעיית פחיות שוופס מוגז פירות תות ליים 330 מל.,יפאורה תבורי בעמ,IL,מארז 4יח שוופס פחית מוגז פירות תות 330מ,מיליליטרים,1320.00,"100 מ""ל",false,1,12.90,0.9773,true,1,311459
7290017023236,false,רביעיית פחיות שוופס מוגז פירות ענבים 330 מל.,יפאורה תבורי בעמ,IL,מארז 4יח שוופס פחית מוגז ענבים 330מל,מיליליטרים,1320.00,"100 מ""ל",false,1,12.90,0.9773,true,1,311460
7290017023663,false,"שוופס מיץ פירות לימונייד פחית מארז 330X4מ""ל",יפאורה תבורי,IL,מארז 4יח שוופס מוגז פירות למונייד פח330מ,מיליליטרים,1320.00,"100 מ""ל",false,1,12.90,0.9773,true,1,313980
7290017023854,false,מי סודה בקבוקים אישיים - מארז 4 יח',יפאורה תבורי בעמ,IL,מארז 4יח סודה שוופס 250מל,מיליליטרים,1000.00,"100 מ""ל",false,1,10.90,1.0900,true,1,316009
7290017023861,false,סודה בטעם לימון בקבוקים אישיים - מארז 4 יח',יפאורה תבורי בעמ,IL,מארז 4יח סודה לימון שוופס 250מל,מיליליטרים,1000.00,"100 מ""ל",false,1,10.90,1.0900,true,1,316010
7290017023878,false,סודה בטעם נענע ליים בקבוקים אישיים - מארז 4 יח',יפאורה תבורי בעמ,IL,מארז 4יח סודה נענע ליים שוופס 250מל,מיליליטרים,1000.00,"100 מ""ל",false,1,10.90,1.0900,true,1,316011
7290017023915,false,שוופס סודה למון גראס,"יפאורה תבורי בע""מ",,שוופס סודה למון גראס גינגר 1.5 ליטר,ליטרים,1.50,ליטר,false,1,4.20,2.8000,true,1,325514
7290017031156,false,דפים על בסיס קמח תירס ואורז ללא גלוטן בר-אל 250 גרם,,IT,דפי לזניה ללא גלוטן 250גר,גרמים,250.00,100 גרם,false,12,9.90,3.9600,true,1,318075
7290017031170,false,פתיתים על בסיס קמח עדשים אדומות בצורת פוזילי ללא גלוטן 250 גר',andnani,IT,פתיתים על בסיס קמח עדשים ללא גלוטן 250,גרמים,250.00,100 גרם,false,12,11.90,4.7600,true,1,319266
7290017031194,false,פתיתים על בסיס קמח אפונה 250 גר GFREE,"אנדיריאני בע""מ",IT,פתיתים על בסיס קמח אפונה ללא גלוטן 250,גרמים,250.00,100 גרם,false,1,11.90,4.7600,true,1,316596
7290017031477,false,"סנסודיין משחת שיניים רפיד רליף להלבנה 75 מ""ל","סמיתקליין ביצ'ם בע""מ",GB,מש.שיניים סנסודיין רפיד רליף הלבנה 75מל,גרמים,75.00,100 גרם,false,1,21.90,29.2000,true,1,317405
7290017031705,false,"סנסודיין משחת שיניים קלין & פרש 75 מ""ל",גלקסוס סמית קליין,SK,משחת שיניים סנסודיין קלין אנד פרש 75מל,גרמים,75.00,100 גרם,false,12,21.90,29.2000,true,1,315212
7290017031859,false,"פרודונטקס - משחת שיניים אולטרא קלין 75 מ""ל","מאסטרפוד אוסטריה בע""מ",SK,מש.שיניים פרודונטקס אולטרא קלין 75 מל,Unknown,0.00,Unknown,false,1,29.90,0.0000,true,1,315211
7290017031958,false,"סטייל ג'ל רחצה 750מ""ל HEMP OIL ארגן",א.ל.ארמן ייצור תמרוקים ב,IL,גל רחצה סטייל שמן המפ ארגן 750מל,מיליליטרים,750.00,"100 מ""ל",false,12,14.90,1.9867,true,1,315506
7290017040028,false,מארז דונאטס טריו מידי 9 יח',"פופאיס ברלידון סאסו, ראו",DE,דונאטס טריו מידי 9יחידות 276גר,גרמים,276.00,100 גרם,false,9,19.90,7.2101,true,1,332570
7290017040035,false,מארז מיני דונאטס במילוי 8 יח',,DE,מארז 8יח מיני דונאטס במילוי,גרמים,184.00,100 גרם,false,10,19.90,10.8152,true,1,332569
7290017040271,false,מארז בראוניז שוקולד בלגי 8 יח',,,בראוניז שוקולד בלגי 8יחידות 240גר,גרמים,240.00,100 גרם,false,10,19.90,8.2917,true,1,337319
7290017040363,false,מארז דונאטס אורו רביעייה,בייקר אנד בייקר,DE,דונאטס אוראו 4יחידות 292 גרם,גרמים,292.00,100 גרם,false,13,29.90,10.2397,true,1,337317
7290017040370,false,מארז דונאטס מילקה רביעייה,בייקר אנד בייקר,DE,דונאטס מילקה 4יחידות 260 גרם,גרמים,260.00,100 גרם,false,13,29.90,11.5000,true,1,337318
7290017044019,false,אסותא דלי מטליות לחות לנ.,טרופיקל דגיל,,מטליות לחות לניקוי כללי אסותא 400יח,יחידה,400.00,יחידה,false,1,18.90,0.0472,true,1,305844
7290017044071,false,אסותא דלי מטליות לחות לנ.,טרופיקל דגיל,,מטליות לחות אסותא מבושם ניקוי כללי 400יח,יחידה,400.00,יחידה,false,1,18.90,0.0472,true,1,311596
7290017044293,false,אסותא מגבוני ריצפה בדלי 50 יח',טרופיקל דגיל,,מטליות לחות לרצפות אסותא 50יח בדלי,יחידה,50.00,יחידה,false,1,29.90,0.5980,true,1,316406
7290017058009,false,שימורי אנשובי עם צלפים 45 ג' תומר,,IL,אנשובי בשמן צמחי עם צלפים 45 גר בפח,Unknown,0.00,Unknown,false,1,6.90,0.0000,true,1,321357
7290017058092,false,שיבולת שועל שלמה 600 גר גוד מורנינג,,LT,שבולת שועל עבה 600 גרם,גרמים,600.00,100 גרם,false,20,6.90,1.1500,true,1,336470
7290017058139,false,רביעיית מחית תפוח עץ ותות שדה תומר 113 גרם,אינדיאן סאמר קו אופ אינק,US,רסק תפוח עץ ותות שדה 4 יח 113 גר,גרמים,452.00,100 גרם,false,1,10.90,2.4115,true,1,337506
7290017058146,false,"רסק תפוֿֿֿֿ""ע עם אפרסק 4 יח' 12X",אינדיאן סאמר קו אופ אינק,US,רסק תפוח עץ ואפרסק 4 יח 113 גר,גרמים,452.00,100 גרם,false,1,10.90,2.4115,true,1,337507
7290017058160,false,שימורי אנשובי עם צ'ילי חריף 45 ג' תומר,תומר,,אנשובי בשמן צמחי עם צילי 45 גר בפח,Unknown,0.00,Unknown,false,1,6.90,0.0000,true,1,321356
7290017058573,false,תומר פרוסות פלפל חלפיניו בחומץ 340 גרם,אינדיה אגרו אקספורט,IN,פרוסות פלפל חלפינו בחומץ 340 גרם,גרמים,340.00,100 גרם,false,12,7.50,2.2059,true,1,317473
7290017058689,false,זית שחור טבעי תומר 4,מסנוי גידה רעהס,TR,זית שחור טבעי 400 גרם,גרמים,400.00,100 גרם,false,9,11.90,2.9750,true,1,318910
7290017058795,false,תירס גמדי שלם במי מלח בצנצנת 340 גרם,אינדיה אגרו אקספורט,IN,תירס גמדי שלם במי מלח 340 גרם,גרמים,340.00,100 גרם,false,12,7.50,2.2059,true,1,328239
7290017059037,false,מעדן  בננה מייפל פול,יופיקס,IL,מעדן פרוביוטי 125גר ללא חלב בננה מייפל,גרמים,125.00,100 גרם,false,6,6.90,5.5200,true,1,329304
7290017059044,false,מעדן תפוח חמוציות קי,יופיקס,IL,מעדן פרוביוטי 125גר ללא חלב תפוח חמוציות,גרמים,125.00,100 גרם,false,6,6.90,5.5200,true,1,329303
7290017059051,false,מעדן פרוביוטי 125גר,,IL,מעדן פרוביוטי 125גר ללא חלב פירות יער,גרמים,125.00,100 גרם,false,6,6.90,5.5200,true,1,329305
7290017065007,false,פרוסות גבינה מוצרלה חצי קשה 22% שומן 200 ג' גד,מחלבות גד בעמ,IL,גבינת מוצרלה 200 גרם פרוסה,גרמים,200.00,100 גרם,false,1,19.90,9.9500,true,1,303394
7290017065137,false,ריקוטה למריחה 5% טבעית 200 גרם - רובין,האי נאם סי או אל.טי.,IL,גבינת ריקוטה למריחה 5% טבעית 200 גרם,גרמים,200.00,100 גרם,false,1,10.50,5.2500,true,1,309666
7290017065144,false,ריקוטה למריחה בתוספת בזיליקום 5% גד 200 גם,האי נאם סי או אל.טי.,IL,גבינת ריקוטה למריחה 5% בזיליקום 200 גרם,גרמים,200.00,100 גרם,false,1,10.50,5.2500,true,1,309668
7290017065168,false,גבינה כחולה denish blue cheese 100 גרם,ST.CLEMENS-BOMHOLMWS,DK,גבינה כחולה 100 גרם מחלבות גד,גרמים,100.00,100 גרם,false,1,18.90,18.9000,true,1,312360
7290017065175,false,גבינת מנצ'גו פרוסה גד 150 גרם,הנסיך- מפעל לייצור ט,ES,גבינת מנצגו 150גר פרוס מחלבות גד,גרמים,150.00,100 גרם,false,1,22.90,15.2667,true,1,312361
7290017065212,false,גבינת קרם מסקרפונה מחלבות גד 250 גר,מיוצר עי קוד יצרן ED,IL,קרם מסקרפונה 250גרם מחלבות גד,גרמים,250.00,100 גרם,false,1,21.90,8.7600,true,1,312366
7290017065236,false,גבינה בולגרית מעודנת 24% גד 250 גרם,הנסיך- מפעל לייצור ט,IL,גבינה בולגרית מעודנת 24% 250גר גד,גרמים,250.00,100 גרם,false,1,24.90,9.9600,true,1,312364
7290017065311,false,פרוסות גבינה מוצרלה מעושנת 200 ג',מחלבות גד בעמ,IL,גבינת מוצרלה מעושנת 200גר מחלבות גד,גרמים,200.00,100 גרם,false,1,19.90,9.9500,true,1,312363
7290017065380,false,"גרנה פדנו שבבים ""גד"" 100 גרם",מחלבות גד,IT,גבינת גרנה פדנו 100גר שבבים,גרמים,100.00,100 גרם,false,1,15.90,15.9000,true,1,317089
7290017065434,false,פרוסות גבינה גאודה הולנדית חצי קשה 200 גרם בית יוסף,מחלבות גד בעמ,NL,גבינת גאודה הולנדית 200גר מחלבות גד,גרמים,200.00,100 גרם,false,1,24.90,12.4500,true,1,319691
7290017065441,false,גבינה גאודה עיזים פרוסה הולנדית 200 גר',גבינות מדף,NL,גבינת גאודה עיזים 200גר מחלבות גד,גרמים,200.00,100 גרם,false,1,34.90,17.4500,true,1,319692
7290017065526,false,קוואטרו פורמאג'י 4 גבינות מגוררות 26%,"מחלבות גד בע""\מ",IL,גבינת קוואטרו פורמאגי 300גרם,גרמים,300.00,100 גרם,false,1,30.90,10.3000,true,1,317875
7290017065588,false,יוגורט יווני 10% שומן 600 ג' גד,"מיוצר ע""\י קוד יצרן MKN",IL,יוגורט יווני 600גר,גרמים,600.00,100 גרם,false,1,17.90,2.9833,true,1,321816
7290017065618,false,גבינת פקורינו פרוס מחלב כבשים,הנסיך- מפעל לייצור ט,ES,גבינת פקורינו 150גר פרוס,גרמים,150.00,100 גרם,false,1,26.90,17.9333,true,1,321815
7290017065649,false,קרם פטיסייר מחלבות גד,מיוצר עי קוד יצרן ED,IL,קרם פטיסייר 250גר,גרמים,250.00,100 גרם,false,1,21.90,8.7600,true,1,321813
7290017065670,false,קרם שמנת עם עירית ני,,IL,גבינה במרקם שמנת 5% עירית 200 גר,גרמים,200.00,100 גרם,false,1,13.90,6.9500,true,1,324348
7290017065694,false,סחלב 155גרם מחלבת גד,האי נאם סי או אל.טי.,IL,סחלב 155גרם מחלבת גד,גרמים,155.00,100 גרם,false,12,6.30,4.0645,true,1,324887
7290017065724,false,רוטב בשמל גד 250גרם,מיוצר עי קוד יצרן ED,IL,רוטב בשמל 250גר,גרמים,250.00,100 גרם,false,1,21.90,8.7600,true,1,327637
7290017065731,false,גבינת שמנת 30% ניו יורק +כמהין 200 גרם רבנות,פ.פ.ח. שאביט,IL,גבינת שמנת כמהין 200גר 30%,גרמים,200.00,100 גרם,false,1,14.50,7.2500,true,1,327638
7290017065762,false,גבינה יוונית מאנורי 30% שומן 100 ג' גד,גבינות מדף,IL,גבינת מאנורי 100גרם בסגנון יווני לצליה,גרמים,100.00,100 גרם,false,10,12.90,12.9000,true,1,334551
7290017065786,false,"גבינת צ`דר מחלבות גד , 210 גרם","מחלבות גד בע""\מ",IL,גבינת צדר אנגלית 210גרם מחלבות גד,גרמים,210.00,100 גרם,false,1,22.90,10.9048,true,1,333448
7290017065809,false,מעדן חלב רוזטה 160 ג,האי נאם סי או אל.טי.,IL,מעדן רוזטה 160גר,גרמים,160.00,100 גרם,false,1,6.30,3.9375,true,1,333449
7290017065861,false,קאצ'יו אה פפה - רוטב פקורינו ופלפל שחור 200 גרם בית יוסף,גבינות מדף,IL,רוטב קאציו אה פפה פיקורינו עם פלפל 200גר,גרמים,200.00,100 גרם,false,1,16.90,8.4500,true,1,335573
7290017065878,false,רוטב לפסטה מק אנד צ'יז גד 200 גרם,גבינות מדף,IL,רוטב מק אנד ציז 200גר גד,גרמים,200.00,100 גרם,false,1,16.90,8.4500,true,1,335576
7290017065960,false,רוטב פורצ'יני מחלבות גד 200 גרם,גבינות מדף,IL,רוטב פורציני 200גרם לפסטה,גרמים,200.00,100 גרם,false,1,16.90,8.4500,true,1,338483
7290017086057,false,כדורי פלאפל קציצות טבעוני 400 גרם,פייס אוף ביין,IL,כדורי פלאפל 400 גרם פיס אוף בין,גרמים,400.00,100 גרם,false,1,22.90,5.7250,true,1,318890
7290017086071,false,כדורי תירס טבעוני 400ג,פייס אוף ביין,IL,כדורי תירס 400 גרם פיס אוף בין,גרמים,400.00,100 גרם,false,1,22.90,5.7250,true,1,318889
7290017086095,false,כדורי עדשים קציצות טבעוני 400 גרם,פייס אוף ביין,IL,כדורי עדשים 400 גרם פיס אוף בין,גרמים,400.00,100 גרם,false,1,22.90,5.7250,true,1,318887
7290017086101,false,כדורי אפונה ירוק 400 גר,,IL,כדורי אפונה 400 גרם פיס אוף בין,גרמים,400.00,100 גרם,false,1,22.90,5.7250,true,1,318886
7290017086118,false,כדורי חומוס כרובית קציצות טבעוני 400 גרם,,IL,כדורי חומוס כרובית 400 גרם פיס אוף בין,גרמים,400.00,100 גרם,false,1,22.90,5.7250,true,1,332574
7290017086125,false,כדורי בטטה כרובית קציצות טבעוני 400 גרם,,IL,כדורי בטטה כרובית 400 גרם פיס אוף בין,גרמים,400.00,100 גרם,false,1,22.90,5.7250,true,1,332573
7290017088082,false,בייביסיטר - חיתולי סטנדרט מידה 5 - 36 יח',די.פי.אל תעשיות מוצרים ח,IL,חיתולי בייביסיטר סטנדרט מידה 5 36יח,יחידה,36.00,יחידה,false,4,35.90,0.9972,true,1,311999
7290017088099,false,בייביסיטר - חיתולי סטנדרט מידה 6 - 30 יח',די.פי.אל תעשיות מוצרים ח,IL,חיתולי בייביסיטר סטנדרט מידה 6 34יח,יחידה,34.00,יחידה,false,4,35.90,1.0559,true,1,312000
7290017088341,false,מגבון דוחה יתושים 20 יח',נאופארם,IL,מגבונים דוחה יתושים איי קר 20יח,יחידה,20.00,יחידה,false,1,12.90,0.6450,true,1,323484
7290017088495,false,תחבושות טופ פד אקסטרה 20 יח',D.P.L,IT,תחבושות טופ פד 20יח אקסטרה,מיליליטרים,20.00,"100 מ""ל",false,12,9.90,49.5000,true,1,325160
7290017088969,false,חיתולי בייביסיטר ניו בורן מידה 1 42 יח',די.פי.אל תעשיות מוצרים ח,IL,חיתולי בייביסיטר ניו בורן מידה 1 42יח,יחידה,42.00,יחידה,false,4,25.90,0.6167,true,1,332519
7290017094199,false,סלט קוביות חציל ברוטב שמיר 200 גרם,"סלטי שמיר 2006 בע""מ",IL,מעדן חצילים 200 גרם גורמה,גרמים,200.00,100 גרם,false,1,10.90,5.4500,true,1,327488
7290017094861,false,חומוס עם רוטב מסבחה אסלי שמיר 400 ג',"סלטי שמיר 2006 בע""מ",IL,חומוס עם רוטב מסבחה אסלי 400 גרם,גרמים,400.00,100 גרם,false,1,9.90,2.4750,true,1,334629
7290017100418,false,"כפפות לטקס 100 יחי' L כשלפ עד""ח פרפקט",פאלאס,ID,כפפות חד פעמי לאטקס פרפקט 100יח לארג,יחידה,100.00,יחידה,false,10,16.90,0.1690,true,1,337230
7290017104065,false,סייטן ברוטב חמוץ מתוק אותנטבעי 350 גרם,,IL,סייטן ברוטב חמוץ מתוק 350גר אותנטבעי,גרמים,350.00,100 גרם,false,1,29.90,8.5429,true,1,332647
7290017104072,false,עוגה בנוסח גבינה אותנטבעי 300 גרם,,IL,עוגה בנוסח גבינה 300גר אותנטבעי,גרמים,300.00,100 גרם,false,1,24.90,8.3000,true,1,316121
7290017104089,false,פשטידת טופו מקרוני אותנטבעי 250 גרם,,IL,פשטידת טופו מקרוני 250גר אותנטבעי,גרמים,250.00,100 גרם,false,1,24.90,9.9600,true,1,316119
7290017104119,false,סייטן בנוסח שניצלים אותנטבעי 350 גרם,,IL,סייטן בנוסח שניצלים 350גר אותנטבעי,גרמים,350.00,100 גרם,false,1,29.90,8.5429,true,1,316116
7290017105062,false,גרגירי חומוס שלם יכין הקטניה הטובה 200 ג,היינץ צפון אמריקה מק,IL,חומוס שלם הקטניה הטובה 200 גר 6 אונס,גרמים,200.00,100 גרם,false,18,4.50,2.2500,true,1,309015
7290017105079,false,שעועית לבנה ברוטב עגבניות יכין הקטניה הט,היינץ צפון אמריקה מק,IL,שעועית אפויה הקטניה הטובה 200 גר 6 אונס,גרמים,200.00,100 גרם,false,18,4.50,2.2500,true,1,309016
7290017105086,false,שימורי יכין שעועית צילי 200 גר,"זנלכל בע""\מ",IL,שעועית צילי הקטניה הטובה 200 גר 6 אונס,גרמים,200.00,100 גרם,false,18,4.50,2.2500,true,1,309018
7290017105116,false,תורמוס הקטניה הטובה יכין 200/105 גרם,"זנלכל בע""\מ",IL,תורמוס הקטניה הטובה 200 גר 6 אונס,גרמים,200.00,100 גרם,false,18,4.50,2.2500,true,1,309020
7290017105123,false,פול מצרי הקטניה הטובה יכין 200/105 גרם,היינץ צפון אמריקה מק,IL,פול מצרי הקטניה הטובה 200 גר 6 אונס,גרמים,200.00,100 גרם,false,18,4.50,2.2500,true,1,309021
7290017105369,false,סירופ דיאט בטעם תה אפרסק יכין 1ליטר,זנלכל,IL,סירופ דיאט תה אפרסק יכין 1 לי,ליטרים,1.00,ליטר,false,1,16.90,16.9000,true,1,318077
7290017105468,false,מארז שלישייה אפונה קטנה יכין 3*200 גר,קשקמט קונסרב הונגריה,IL,אפונה שלישייה 200 גרם,גרמים,200.00,100 גרם,false,1,14.90,7.4500,true,1,320435
7290017105550,false,רביעיית רסק עגבניות 100% יכין 4X100 גרם,היינץ צפון אמריקה מק,IL,מארז 4 יח רסק 100% עגבניות 100 גרם,גרמים,400.00,100 גרם,false,8,9.90,2.4750,true,1,327622
7290017105895,false,גרגרי חומוס להכנת חומוס משובח יכין 560 ג,זנלכל,IL,גרגירי חומוס מסעדות 550 גרם,גרמים,550.00,100 גרם,false,1,9.90,1.8000,true,1,324510
7290017106069,false,"קוביות סלק יכין, 550 גרם",היינץ צפון אמריקה מק,IL,קוביות סלק יכין 550 גרם,גרמים,550.00,100 גרם,false,12,9.90,1.8000,true,1,321940
7290017106502,false,יין קברנה סוביניון ה,יקב הר אודם,IL,יין קברנה סוביניון הר אודם 750 מל 2018,מיליליטרים,750.00,"100 מ""ל",false,6,115.00,15.3333,true,1,327726
7290017106519,false,יין מרלו הר אודם 750,,IL,יין מרלו הר אודם 750 מל 2018,מיליליטרים,750.00,"100 מ""ל",false,6,119.00,15.8667,true,1,327678
7290017106526,false,יין קברנה סוביניון ו,,IL,יין קברנה סוביניון וולקני 2019 750 מל,מיליליטרים,750.00,"100 מ""ל",false,1,85.00,11.3333,true,1,326337
7290017106601,false,יין סירה הר אודם 750,יקב הר אודם,IL,יין סירה הר אודם 750 מל 2018,מיליליטרים,750.00,"100 מ""ל",false,6,135.00,18.0000,true,1,327805
7290017121048,false,"פלפל צ'ומה 250 גרם ""עללחם""","מדשא תעשיות מזון בע""\מ",IL,פלפל צומה 250 גרם בפיתה,גרמים,250.00,100 גרם,false,12,13.90,5.5600,true,1,317762
7290017121086,false,"אריסה ביתית מתוקה עללחם, 250 גרם","מדשא תעשיות מזון בע""\מ",IL,אריסה ביתית מתוקה 250 גרם עללחם,גרמים,250.00,100 גרם,false,12,13.90,5.5600,true,1,334104
7290017121093,false,"אריסה חריפה 250 גרם ""עללחם""","מדשא תעשיות מזון בע""\מ",IL,אריסה חריפה 250 גרם בפיתה,גרמים,250.00,100 גרם,false,12,13.90,5.5600,true,1,317764
7290017129327,false,פניני טוסטונים צנימי,ניולט פוד,,טוסט פאניני שומשום 100 גרם,גרמים,100.00,100 גרם,false,1,6.90,6.9000,true,1,309720
7290017129518,false,אגו מיקס כדורי תירס מצופים שוקולד חלב ולבן כרמית 55 גרם,כרמית,IL,אגו מיקס כדורי תירס מצופה 55 גר,Unknown,0.00,Unknown,false,24,4.50,0.0000,true,1,314650
7290017129532,false,סוכריות לקקן תות 90 גרם כרמית,שוגבי,TR,לקקן כרמית תות 90 גרם,Unknown,0.00,Unknown,false,1,5.90,0.0000,true,1,314416
7290017129549,false,סוכריות לקקן גלידה כרמית 90 גרם,כרמית,TR,לקקן כרמית גלידה 90 גרם,Unknown,0.00,Unknown,false,1,5.90,0.0000,true,1,314415
7290017129617,false,לקקן קולה לימונדה 450 גרם כרמית,שוגבי,TR,לקקן כרמית לימונדה 50 יח שקית,Unknown,0.00,Unknown,false,1,16.90,0.0000,true,1,314412
7290017129624,false,כרמית לקקן ענבים תפוח 450 גרם,שוגבי,TR,לקקן כרמית ענבים תפוח 50 יח שקית,Unknown,0.00,Unknown,false,1,16.90,0.0000,true,1,314413
7290017129754,false,"שוקולד מריר מעולה 70% מוצקי קקאו 100 גר בד""ץ","כרמית תעשיות ממתקים בע""\",IL,שוקולד אגו 70% מריר 100 גרם,גרמים,100.00,100 גרם,false,24,8.90,8.9000,true,1,321226
7290017129761,false,שוקולד פרימיום 70% מריר בטעם תפוז כרמית 100 גרם,"כרמית תעשיות ממתקים בע""\",IL,שוקולד אגו 70% מריר עם תפוז 100 גרם,גרמים,100.00,100 גרם,false,24,8.90,8.9000,true,1,336147
7290017129778,false,שוקולד פרימיום 70% מריר בטעם קפה כרמית 100 גרם,"כרמית תעשיות ממתקים בע""\",IL,שוקולד אגו 70% מריר פולי קפה 100 גרם,גרמים,100.00,100 גרם,false,24,8.90,8.9000,true,1,336145
7290017129822,false,מטבעות שוקולד מריר כרמית 36 גרם,כרמית,IL,מטבעות שוקולד מריר ברשת 36 גרם,Unknown,0.00,Unknown,false,35,3.90,0.0000,true,1,337584
7290017129839,false,שוקולד פרימיום 70% מריר בטעם פטל כרמית 100 גרם,"כרמית תעשיות ממתקים בע""\",IL,שוקולד אגו 70% מריר עם פטל 100 גרם,גרמים,100.00,100 גרם,false,24,8.90,8.9000,true,1,336146
7290017129877,false,מיקס לקקנים שטוחים פירות 40*7.5 גר' * 24 בקר',דורקן סקרלמה סאן. וי,TR,לקקן כרמית ענבים תפוח 50 יח שקית,יחידה,40.00,יחידה,false,1,12.90,0.3225,true,1,314414
7290017129983,false,שוקולד צ'יפס לבן פרווה כרמית 250 גרם,"כרמית תעשיות ממתקים בע""\",IL,שוקולד ציפס לבן 250גר כרמית,גרמים,250.00,100 גרם,false,1,11.90,4.7600,true,1,315678
7290017139272,false,"תחליב רחצה אינטימי פמינה שמן המפ 220 מ""ל",כ.צ.ט,IL,שטיפה אינטימית פמינה שמן המפ 220 מל,מיליליטרים,220.00,"100 מ""ל",false,1,23.90,10.8636,true,1,314717
7290017140032,false,קמח דוחן שי של הטבע,אופק מן הטבע,,קמח דוחן 500 גרם,גרמים,500.00,100 גרם,false,1,12.90,2.5800,true,1,311751
7290017140070,false,קמח אפונה צהובה שי ש,אופק מן הטבע,,קמח אפונה צהובה 500 גר,גרמים,500.00,100 גרם,false,1,12.90,2.5800,true,1,311750
7290017141008,false,בירה אוק אנד אש אמבר,,BE,בירה אוק אנד אש אמבר 330מל בק.פקדון,מיליליטרים,330.00,"100 מ""ל",false,24,14.90,4.5152,true,1,336038
7290017141022,false,אוק אנד אש - בירה אש 9.5% בלגית,,BE,בירה אוק אנד אש בלגית 9.5% 330מל בק.פקדו,מיליליטרים,330.00,"100 מ""ל",false,24,14.90,4.5152,true,1,336037
7290017141053,false,בירה אוק אנד אש ניפה,,BE,בירה אוק אנד אש ניפה 330מל בק.פקדון,מיליליטרים,330.00,"100 מ""ל",false,24,14.90,4.5152,true,1,336039
7290017141114,false,בירה אש בלונדינית 330 מל,,IL,בירה אוק אנד אש בלונדינית 330מל בק.פקדון,מיליליטרים,330.00,"100 מ""ל",false,24,14.90,4.5152,true,1,337192
7290017141138,false,מארז 4יח משקה סיידר,,,מארז 4יח משקה סיידר אוק אנד אש 330מל,מיליליטרים,1320.00,"100 מ""ל",false,6,46.90,3.5530,true,1,337199
7290017141145,false,מארז 4יח משקה ערק או,,,מארז 4יח משקה ערק אוק אנד אש 330מל,מיליליטרים,1320.00,"100 מ""ל",false,6,49.90,3.7803,true,1,337198
7290017141152,false,בקבוק ג'ין ליים - מלפפון מוגז,,IL,גין ליים מלפפון מוגז 330מל בק.פקדון,מיליליטרים,330.00,"100 מ""ל",false,24,16.90,5.1212,true,1,337197
7290017141176,false,"וודקה עם חמוציות אוק אנד אש 330 מ""ל",,IL,וודקה עם חמוציות אוק אנד אש 330מל,מיליליטרים,330.00,"100 מ""ל",false,24,16.90,5.1212,true,1,337196
7290017142111,false,פתיתי טונה בשמן זית טו גו עץ הזית 85 גרם,"יוניקורד ח.צ בע""מ",TH,פתיתי טונה טו גו בשמן זית 85 גר,Unknown,0.00,Unknown,false,12,9.90,0.0000,true,1,313588
7290017142128,false,"שמן זית כתית מעולה קלאסי עץ הזית 750 מ""ל",שמן תעשיות בעמ,IT,שמן זית קלאסי עץ הזית 750 מל,מיליליטרים,750.00,"100 מ""ל",false,1,33.90,4.5200,true,1,311371
7290017142166,false,"פילה טונה פרוס עם שמן זית 120 גרם ""עץ הזית""","יוניקורד ח.צ בע""מ",TH,פילה טונה פרוס בשמן זית עץ הזית 120 גרם,גרמים,120.00,100 גרם,false,12,14.90,12.4167,true,1,317620
7290017142180,false,פילה פרוס ושמן זית בנגיעות טעם לימון ופלפל שחור,"יוניקורד ח.צ בע""מ",TH,פילה טונה בשמן זית לימון פלפל שחו120 גרם,גרמים,120.00,100 גרם,false,12,14.90,12.4167,true,1,317622
7290017142203,false,"פילה טונה פרוס עם שמן זית בטעם מעושן 120 גרם ""עץ הזית""","יוניקורד ח.צ בע""מ",TH,פילה טונה מעושן בשמן זית120 גרם,גרמים,120.00,100 גרם,false,12,14.90,12.4167,true,1,317621
7290017142234,false,"פתיתי טונה בהירה בשמן זית מעושן ""עץ הזית""","יוניקורד ח.צ בע""מ",TH,פתיתי טונה טו גו בשמן זית מעושן 85 גר,Unknown,0.00,Unknown,false,12,9.90,0.0000,true,1,318358
7290017142289,false,"תרסיס שמן חמניות מזוכך עץ הזית 200 מ""ל",י.ב טכנולוגיות אריזה בעמ,IT,תרסיס שמן חמניות. 200 מל עץ הזית,מיליליטרים,200.00,"100 מ""ל",false,1,15.90,7.9500,true,1,316580
7290017142388,false,שמן חמניות פלוס אומגה 3 עץ הזית 1 ליטר,שמן תעשיות בעמ,IL,שמן חמניות פלוס אומגה 3עץ הזית 1ל,ליטרים,1.00,ליטר,false,1,16.90,16.9000,true,1,318360
7290017180144,false,רוטב שום וסילאן דודה,,IL,רוטב שום וסילאן דודה ברטה 350 גר,גרמים,340.00,100 גרם,false,9,16.90,4.9706,true,1,335870
7290017180304,false,רוטב אלף האיים דודה,,IL,רוטב אלף האיים דודה ברטה 275 גרם,גרמים,275.00,100 גרם,false,9,14.90,5.4182,true,1,335872
7290017180311,false,רוטב חרדל סילאן דודה,,IL,רוטב חרדל סילאן דודה ברטה 275 גרם,גרמים,275.00,100 גרם,false,9,14.90,5.4182,true,1,335874
7290017180328,false,רוטב שום שמיר דודה ב,,IL,רוטב שום שמיר דודה ברטה 275 גרם,גרמים,275.00,100 גרם,false,9,14.90,5.4182,true,1,335873
7290017180588,false,ריבת בצל יין אדום וסויה 250 גרם,,IL,ריבת בצל יין אדום וסויה דודה ברטה 250 גר,גרמים,250.00,100 גרם,false,9,18.90,7.5600,true,1,335875
7290017181363,false,רוטב לשקשוקה דודה ברטה 700 גרם,,IL,רוטב לשקשוקה דודה ברטה 700 גרם,גרמים,700.00,100 גרם,false,9,22.90,3.2714,true,1,335876
7290017189192,false,אדממה פולי סויה 1 קג,משק ויילר,CN,פולי סויה אדממה 1קג,קילוגרמים,1.00,"ק""ג",false,10,14.90,14.9000,true,1,337418
7290017189246,false,מיני פנקייק הולנדי א,,ES,מיני פנקייק הולנדי אפוי קפוא 500 גרם,גרמים,500.00,100 גרם,false,6,24.90,4.9800,true,1,317914
7290017189529,false,"עוגיות כוסמין מלא קוקוס ללת""ס 250 גרם",מפעלי דגן,IL,עוגיות כוסמין מלא עם קוקוס ללא סוכר 230,גרמים,230.00,100 גרם,false,1,16.90,7.3478,true,1,332429
7290017189536,false,"עוגיות כוסמין מלא א.מלך ללת""ס 250 גר",מפעלי דגן,IL,עוגיות כוסמין מלא אגוזי מלך ל.ס. 230 גרם,גרמים,230.00,100 גרם,false,1,16.90,7.3478,true,1,332431
7290017189543,false,"עוגיות כוסמין מלא גרנולה ללת""ס 250 גר",מפעלי דגן,IL,עוגיות כוסמין מלא גרנולה ללא סוכר230 גרם,גרמים,230.00,100 גרם,false,1,16.90,7.3478,true,1,336305
7290017189550,false,"עוגיות כוסמין מלא טחינה ללת""ס 250 גר",מפעלי דגן,IL,עוגיות כוסמין מלא טחינה ללא סוכר 230 גרם,גרמים,230.00,100 גרם,false,1,16.90,7.3478,true,1,337082
7290017197456,false,אסותא מגבוני נייר טואלט*3,טרופיקל דגיל,IL,מארז 3יח מגבוני נייר טואלט אסותא,יחידה,3.00,יחידה,false,8,11.90,3.9667,true,1,323467
7290017197579,false,מגבונים לחים אמה לני,טרופיקל דגיל,IL,מגבונים לניקוי כללי אמה 50יח,יחידה,50.00,יחידה,false,1,7.90,0.1580,true,1,310609
7290017197913,false,מגבוני בד לחים אסותא,טרופיקל דגיל,IL,מגבוני בד לחים אסותא מילוי 72יח דיספנסר,יחידה,72.00,יחידה,false,1,5.90,0.0819,true,1,318605
7290017201009,false,שקיות אשפה 25 יחידות,פרסט פלסט,TR,שקיות אשפה 25 יחידות 75/90 600 גרם,יחידה,25.00,יחידה,false,1,9.90,0.3960,true,1,307261
7290017201016,false,שקיות אשפה 25 יח עבו,פרסט פלסט,TR,שקיות אשפה 25 יח עבות וחזקות 75/90 900גר,יחידה,25.00,יחידה,false,1,12.90,0.5160,true,1,307262
7290017201191,false,מגשי אירוח חד פעמי מ,,IN,מגשי אירוח חד פעמי מלבני 10יח עלי דקל,יחידה,10.00,יחידה,false,24,9.90,0.9900,true,1,335231
7290017201412,false,מזלגות עץ חד פעמי מת,,IN,מזלגות עץ חד פעמי מתכלה 50יח,יחידה,50.00,יחידה,false,50,8.90,0.1780,true,1,326766
7290017201436,false,קעריות חד פעמי אובלי,,IN,קעריות חד פעמי אובליות מתכלה10יח עלי דקל,יחידה,10.00,יחידה,false,24,11.90,1.1900,true,1,326764
7290017201443,false,צלחות בצורת לב חד פע,,IN,צלחות בצורת לב חד פעמי מתכלה 16סמ,יחידה,10.00,יחידה,false,24,10.90,1.0900,true,1,326769
7290017201450,false,מגש אירוח מלבני חד פ,,IN,מגש אירוח מלבני חד פעמי מתכלה 25/17,יחידה,10.00,יחידה,false,24,12.90,1.2900,true,1,326768
7290017201467,false,קערה חד פעמי מרובעת,,IN,קערה חד פעמי מרובעת 6אינץ 20יח עלי דקל,יחידה,20.00,יחידה,false,24,10.90,0.5450,true,1,328591
7290017201566,false,קשים מנייר מתכלה 100,,,קשים מנייר מתכלה 100יח,יחידה,100.00,יחידה,false,50,7.90,0.0790,true,1,326881
7290017201603,false,צלחות עלי דקל חד פעמ,,IN,צלחות עלי דקל חד פעמי מרובע 10אינץ 10יח,יחידה,10.00,יחידה,false,24,16.90,1.6900,true,1,324102
7290017201627,false,צלחות עלי דקל חד פעמ,,IN,צלחות עלי דקל חד פעמי מרובעת 8אינץ 10יח,יחידה,10.00,יחידה,false,24,13.90,1.3900,true,1,324100
7290017201641,false,צלחות עלי דקל חד פעמ,,IN,צלחות עלי דקל חד פעמי מרובעת 6אינץ 10יח,יחידה,10.00,יחידה,false,24,12.90,1.2900,true,1,324098
7290017201658,false,קעריות חד פעמי עגולה,,IN,קעריות חד פעמי עגולה 10יח 6אינץ עלי דקל,יחידה,10.00,יחידה,false,24,12.90,1.2900,true,1,324110
7290017201665,false,קעריות חד פעמי עגולה,,IN,קעריות חד פעמי עגולה 10יח 7אינץ עלי דקל,יחידה,10.00,יחידה,false,24,13.90,1.3900,true,1,324111
7290017201702,false,צלחות קנה סוכר חד פע,,IN,צלחות קנה סוכר חד פעמי עגול 12אינץ 20יח,יחידה,20.00,יחידה,false,24,18.90,0.9450,true,1,331833
7290017201801,false,צלחות קנה סוכר חד פע,,IN,צלחות קנה סוכר חד פעמי עגולה 20יח 6אינץ,יחידה,20.00,יחידה,false,50,4.90,0.2450,true,1,324113
7290017201856,false,צלחות קנה סוכר חד פע,,IN,צלחות קנה סוכר חד פעמי עגולה 20יח 10אינץ,יחידה,20.00,יחידה,false,25,12.90,0.6450,true,1,324116
7290017201870,false,צלחת חד פעמי מחולקת,,IN,צלחת חד פעמי מחולקת ל3 20אינץ קנה סוכר,יחידה,20.00,יחידה,false,25,12.90,0.6450,true,1,324118
7290017201955,false,צלחות עלי דקל חד פעמ,,IN,צלחות עלי דקל חד פעמי עגול 10אינץ 10יח,יחידה,10.00,יחידה,false,24,15.90,1.5900,true,1,324107
7290017201979,false,צלחות עלי דקל חד פעמ,,IN,צלחות עלי דקל חד פעמי עגולות 8אינץ 10יח,יחידה,10.00,יחידה,false,24,13.90,1.3900,true,1,324105
7290017217239,false,קליפס לסגירת שקיות 20יח הוסטוס,נוי שיווק,CN,קליפס לסגירת שקיות 20יח,יחידה,20.00,יחידה,false,12,10.90,0.5450,true,1,315243
7290017217413,false,סבון אסלה מבושם בניח,הוסטס,CN,מארז 3 יח סבון אסלה מבושם בניחוח אוקינוס,יחידה,3.00,יחידה,false,1,10.90,3.6333,true,1,314683
7290017217420,false,סבון אסלה מבושם בניח,הוסטס,CN,מארז 3 יח סבון אסלה מבושם בניחוח לימון,יחידה,3.00,יחידה,false,1,10.90,3.6333,true,1,314684
7290017217437,false,סבון לאסלה פרחים 50*3 גר,JIANGBEI NINGBO,CN,מארז 3 יח סבון אסלה מבושם בניחוח פרחים,יחידה,3.00,יחידה,false,1,10.90,3.6333,true,1,314685
7290017217444,false,סבון אסלה מבושם בניח,הוסטס,CN,מארז 3 יח סבון אסלה מבושם בניחוח לבנדר,יחידה,3.00,יחידה,false,1,10.90,3.6333,true,1,314686
7290017217468,false,שקיות אוכל מנייר הוסט 50 יח',קילת,PL,שקיות אוכל מנייר 50 יחידות,יחידה,50.00,יחידה,false,12,6.90,0.1380,true,1,317242
7290017217598,false,גלילי עץ אקולוגיים להדלקת פחם 300 ג' EASY LIGHT,הוסטס,DE,גלילי עץ להדלקת פחם 300גר איזיטאצ אקולוג,גרמים,300.00,100 גרם,false,1,15.90,5.3000,true,1,319261
7290017217611,false,נייר אפייה נשלף בקופסא 50 יח' הוסטס,הוסטס,IL,נייר אפיה נשלף 50 יח בקופסא הוסטס,יחידה,50.00,יחידה,false,12,10.90,0.2180,true,1,319746
7290017217710,false,"שיפודי במבוק יקיטורי 15 ס""מ 100 יחידות",הוסטס Hostess,CN,שיפודי במבוק 100 יח 15סמ יקיטורי,יחידה,100.00,יחידה,false,1,9.90,0.0990,true,1,319747
7290017217796,false,אטב מקושט עם אחיזה רכה 24 יחידות,הוסטס,CN,אטבי כביסה מקושטים 24 יח הוסטס,יחידה,24.00,יחידה,false,1,13.90,0.5792,true,1,319263
7290017217932,false,נורת לד 15 ווט הברגה,,CN,נורת לד 15 ווט הברגה אי 27 אור לבן,Unknown,0.00,Unknown,false,10,9.90,0.0000,true,1,320690
7290017232218,false,לחם קלאסי מופחת פחמימות איטסיין 430 גרם,,IL,לחם איטסיין קלאסי 430גר,גרמים,430.00,100 גרם,false,9,22.90,5.3256,true,1,336056
7290017232232,false,לחמניות אצבע איטסיין 65 גר'(6 יח'),דוידוביץ,IL,מארז 6יח לחמניות איטסיין אצבע 65גר,גרמים,390.00,100 גרם,false,6,22.90,5.8718,true,1,336057
7290017266053,false,"וופל עלמה לל""ס במילוי קרם טעם לימון 175 גר",גילרו,IL,וופל עלמה קראנץ לימון ל.ס. 175 גרם,גרמים,175.00,100 גרם,false,1,7.90,4.5143,true,1,311291
7290017266060,false,וופל קראנצ`מילוי קרם בטעם שוקולד 175 גר,גילרו,IL,וופל עלמה קראנץ שוקולד ל.ס. 175 גרם,גרמים,175.00,100 גרם,false,1,7.90,4.5143,true,1,311290
7290017266312,false,וופל מילוי קרם בטעם שוקולד 150 גרם,גילרו,IL,וופל עלמה אוורירי קרם שוקולד 150 גרם,גרמים,150.00,100 גרם,false,1,3.50,2.3333,true,1,316312
7290017266343,false,"ופל במילוי קרם בטעם שוקולד ""עלמה"" 150 גרם",גילרו,IL,וופל עלמה קרם שוקולד 150 גרם,גרמים,150.00,100 גרם,false,1,3.50,2.3333,true,1,318609
7290017266398,false,גלילי ופל למילוי גילרו 150 גרם עלמה.,גילרו,IL,גלילי ופל עלמה למילוי 150 גרם,גרמים,150.00,100 גרם,false,1,19.90,13.2667,true,1,319757
7290017266503,false,"גלילי וופל במילוי קרם שוקולד לל""ס 100 גר' עלמה",גילרו,IL,גלילי וופל רול עלמה ל.ס 100 גר,גרמים,100.00,100 גרם,false,1,7.90,7.9000,true,1,319756
7290017266862,false,ופל קלאסי מיקס 200 גר' גילרו,גילרו,,וופל עלמה מיקס 3 טעמים 200 גר,גרמים,200.00,100 גרם,false,1,3.90,1.9500,true,1,333550
7290017266909,false,וופלים מעולים במילוי קרם בטעם שוקולד SUNי 200 גרם,"גילרו בע""מ",IL,וופל סאן קרם שוקולד 200 גרם,גרמים,200.00,100 גרם,false,1,4.90,2.4500,true,1,336744
7290017266916,false,וופלים מעולים במילוי קרם בטעם לימון SUNי 200 גרם,"גילרו בע""מ",IL,וופל סאן קרם לימון 200 גרם,גרמים,200.00,100 גרם,false,1,4.90,2.4500,true,1,336745
7290017285894,false,"ד""ר פישר - אולטרסול קידס קרם פנים צורני 30 מ""ל 50SPF",פישר מעבדות פרמצבטיות בע,IL,קרם הגנה אולטרסול קידס לפנים 30מל,Unknown,0.00,Unknown,false,1,31.90,0.0000,true,1,316723
7290017289007,false,יין קברנה סובניון אס,יקב טפרברג 1870,,יין קברנה סובניון אסנס 2016 750 מל,מיליליטרים,750.00,"100 מ""ל",false,1,115.00,15.3333,true,1,317071
7290017289403,false,יין אסנס מלבק 2017 7,טפרברג,,יין מלבק סנס 750 מל,מיליליטרים,750.00,"100 מ""ל",false,1,115.00,15.3333,true,1,325990
7290017289410,false,יין ESSENCE מרלו 2017 750 מל,יקב טפרברג 1870,IL,יין מרלו אסנס 2017 750 מל,מיליליטרים,750.00,"100 מ""ל",false,1,115.00,15.3333,true,1,328250
7290017289427,false,יין קברנה סוביניון 2017 750 מל,יקב טפרברג 1870,IL,יין קברנה סובניון אסנס 2017 750 מל,מיליליטרים,750.00,"100 מ""ל",false,1,115.00,15.3333,true,1,332627
7290017289601,false,"יין IMPRESSION בלנד לבן 150 שנה טפרברג 750 מ""ל",יקב טפרברג 1870 בעמ,IL,יין בלנד לבן 150 שנה אימפרשיין 750 מל,מיליליטרים,750.00,"100 מ""ל",false,6,45.00,6.0000,true,1,322618
7290017289618,false,"יין IMPRESSION פטיט סירה 150 שנה טפרברג 750 מ""ל",יקב טפרברג 1870 בעמ,IL,יין פטיט סירה 150 שנה אימפרשיין 750 מל,מיליליטרים,750.00,"100 מ""ל",false,6,45.00,6.0000,true,1,322617
7290017289724,false,יין אדום יבש מלבק 2018 7,טפרברג,IL,יין אסנס מלבק 750 מל,מיליליטרים,750.00,"100 מ""ל",false,1,115.00,15.3333,true,1,335406
7290017289786,false,יין קברנה-מרלו-פטי וורדו,יקב טפרברג 1870,IL,יין מריטאז אינספייר 750 מל,מיליליטרים,750.00,"100 מ""ל",false,1,60.00,8.0000,true,1,326973
7290017289793,false,INSPIRE INTEGRITAGE גראנש סירה 19 750 מל,יקב טפרברג 1870,IL,יין גראנש סירה אינספייר 750 מל,מיליליטרים,750.00,"100 מ""ל",false,1,60.00,8.0000,true,1,328747
7290017297149,false,גרגירי חומוס להכנת חומוס ביתי פרי הגליל 550 גרם,"פרי הגליל בע""""מ",IL,גרגירי חומוס ביתי פרי גלילי 560 גרם,גרמים,550.00,100 גרם,false,24,6.90,1.2545,true,1,325494
7290017297156,false,"צ'יפס עם קליפה 1.5 ק""ג פרי הגליל","פרי הגליל בע""""מ",IL,ציפס עם קליפה 1.5 קג,קילוגרמים,1.50,"ק""ג",false,8,18.90,12.6000,true,1,325656
7290017297170,false,לקט אסייתי להקפצה פרי הגליל 800 ג',ויטה פרי גליל,IL,לקט אסייתי להקפצה 800 גרם פרי הגליל,גרמים,800.00,100 גרם,false,18,14.90,1.8625,true,1,325659
7290017297187,false,לקט ירקות להקפצה פרי הגליל 800 גרם,ויטה פרי גליל,IL,לקט ירקות להקפצה 800 גרם פרי הגליל,גרמים,800.00,100 גרם,false,18,14.90,1.8625,true,1,325658
7290017297194,false,לקט לקט ירקות לתנור פרי הגליל 800 ג',ויטה פרי גליל,IL,לקט ירקות לתנור 800 גרם פרי הגליל,גרמים,800.00,100 גרם,false,18,14.90,1.8625,true,1,325660
7290017297644,false,ברוקולי קפוא גרין אנד פרש 800 גר',גרין אנד פרש Green & Fresh,IL,ברוקולי קפוא 800 גר גרין אנד פרש,גרמים,800.00,100 גרם,false,12,13.90,1.7375,true,1,331830
7290017297743,false,צ'יפס אמריקאי פרי הגליל 800 גרם,"פרי הגליל בע""""מ",,ציפס אמריקאי 800 גר קפוא,גרמים,800.00,100 גרם,false,1,11.90,1.4875,true,1,334073
7290017325316,false,"מיקס אורז מלא אפונה ועדשים הרדוף אורגני, 250 גרם",לה בונטה,IT,מיקס אפונה עדשים אורז מלא אורגני 250גר,גרמים,250.00,100 גרם,false,8,13.90,5.5600,true,1,322247
7290017325323,false,"מיקס כוסמת, אורז מלא ואורז אדום אורגני 250 גר' הרדוף",לה בונטה,IT,מיקס כוסמת אורז מלא אדום אורגני 250גר הר,גרמים,250.00,100 גרם,false,8,13.90,5.5600,true,1,322246
7290017325330,false,מיקס דגנים ועדשים אורגני 250 גר' הרדוף,לה בונטה,IT,מיקס דגנים ועדשים אורגני 250גר הרדוף,גרמים,250.00,100 גרם,false,8,13.90,5.5600,true,1,322245
7290017325347,false,מקלות בייגלה מקמח כוסמין אורגני הרדוף 200 גרם,"אם החיטה בע""\מ",IL,מקלות בייגלה מקמח כוסמין אורגני 200 גר,גרמים,200.00,100 גרם,false,12,15.90,7.9500,true,1,315114
7290017325361,false,מיקס בורגול וקינואה 250ג,לה בונטה,IT,מיקס בורגול קינואה אורגני 250גר הרדוף,גרמים,250.00,100 גרם,false,8,13.90,5.5600,true,1,322243
7290017325378,false,מיקס בורגול דוחן ואורז אדום אורגני 250 ג,לה בונטה,IT,מיקס בורגול דוחן אורז אדום 250גר הרדוף,גרמים,250.00,100 גרם,false,8,13.90,5.5600,true,1,322244
7290017325385,false,100% חמאה אורגנית 200 גרם - אדמה,,NL,חמאה אורגנית 200 גרם אדמה,גרמים,200.00,100 גרם,false,24,15.90,7.9500,true,1,327275
7290017325477,false,רסק עגבניות 100 גר אורגני - הרדוף,פריניר (הדס 1987) בע,IL,רסק עגבניות אורגני 100 גר הרדוף,גרמים,100.00,100 גרם,false,90,3.90,3.9000,true,1,325847
7290017325538,false,תערובת פירות קפואים אורגני 250 גרם,,PL,תערובת פירות מנגו תפוח בננה אורגני 250ג,גרמים,250.00,100 גרם,false,14,20.90,8.3600,true,1,326581
7290017325552,false,תות שדה קפוא אורגני 300 גרם,,IL,תות שדה קפוא אורגני 300גר הרדוף,גרמים,250.00,100 גרם,false,14,20.90,8.3600,true,1,326582
7290017325569,false,פטל שחור אורגני קפוא,,IL,פטל שחור אורגני קפוא 300גר הרדוף,גרמים,300.00,100 גרם,false,14,20.90,6.9667,true,1,326580
7290017325583,false,קוסקוס כוסמין אורגני הרדוף 350 גרם,הרדוף,IT,קוסקוס כוסמין מלא אורגני 350 גר הרדוף,גרמים,350.00,100 גרם,false,1,14.90,4.2571,true,1,320374
7290017325613,false,"משקה שיבולת שועל אורגני הרדוף לל""ג 1 ליטר",סוי מג'יק,ES,משקה שבולת שועל אורגני 1 לי הרדוף,ליטרים,1.00,ליטר,false,1,12.90,12.9000,true,1,322902
7290017325620,false,"משקה אורז בתוספת שקדים אורגני הרדוף לל""ג 1 ליטר",ליקואטס,ES,משקה אורז שקד אורגני ללס/גלוטן לי הרדוף,ליטרים,1.00,ליטר,false,1,12.90,12.9000,true,1,322901
7290017325644,false,אורז שחור אורגני הרדוף 500 גרם,הרדוף,IT,אורז שחור אורגני 500 גר הרדוף,גרמים,500.00,100 גרם,false,12,24.90,4.9800,true,1,324382
7290017325651,false,אורז מעורב אורגני 500 גר,,IT,אורז מעורב אורגני 500 גר,גרמים,500.00,100 גרם,false,12,21.90,4.3800,true,1,324381
7290017325668,false,עדשים מנומרות אורגני500ג,אול אורגני,IL,עדשים מנומרות צרפתיות אורגני הרדוף 500גר,גרמים,500.00,100 גרם,false,6,14.90,2.9800,true,1,324739
7290017325811,false,שעועית בובס אורגני 400 גרם הרדוף,אול אורגני,IL,שעועית בובס אורגני הרדוף 400 גר,גרמים,400.00,100 גרם,false,12,10.90,2.7250,true,1,331288
7290017325910,false,"קורנפלקס ללת""ס אורגני הרדוף 375 גר",לאמרי,IT,קורנפלקס אורגני 375גרם ל.תוספת סוכר הרדו,גרמים,375.00,100 גרם,false,1,18.90,5.0400,true,1,336675
7290017325927,false,"ברנפלקס ללת""ס אורגני הרדוף 375 גר",לאמרי,IT,ברנפלקס אורגני 375גרם ל.תוספת סוכר הרדוף,גרמים,375.00,100 גרם,false,1,18.90,5.0400,true,1,336676
7290017325941,false,טחינה אורגנית הרדוף 450 גר,אחדות,IL,טחינה אורגנית 450 גר הרדוף,גרמים,450.00,100 גרם,false,1,17.90,3.9778,true,1,337633
7290017325958,false,קמח שלושה דגנים מלא,,,קמח שלושה דגנים מלא אורגני 1 קג הרדוף,קילוגרמים,1.00,"ק""ג",false,12,19.90,19.9000,true,1,335678
7290017374390,false,סט שרותים מיוחד PINA,,IT,סט שירותים טורינו,יחידה,1.00,יחידה,false,12,19.90,19.9000,true,1,321069
7290017374963,false,מבשם אויר למתקן מיקס,OZTURK,TR,מבשם אויר למתקן מיקס סקסי,יחידה,1.00,יחידה,false,12,9.90,9.9000,true,1,315311
7290017374970,false,מבשם למתקן מיקס אברק,OZTURK,TR,מבשם למתקן מיקס אברקומבי,יחידה,1.00,יחידה,false,12,9.90,9.9000,true,1,315257
7290017386027,false,חמאת בוטנים קראנץ כרם - 510 גר,,IN,חמאת בוטנים כרם קראנצי 510 גרם,גרמים,510.00,100 גרם,false,12,12.90,2.5294,true,1,323810
7290017386041,false,חמאת בוטנים קלאסית כרם - 510 גר,"רופארל פודס בע""מ",IN,חמאת בוטנים כרם קלאסית 510 גרם,גרמים,510.00,100 גרם,false,12,12.90,2.5294,true,1,323809
7290017386058,false,רוטב עגבניות אורגניות מרוסקות - 700 גרם,terre di sangiorgio,IT,עגבניות אורגניות מרוסקות כרם 700 גרם,גרמים,700.00,100 גרם,false,12,10.00,1.4286,true,1,314740
7290017386072,false,רוטב פסטה אורגני כרם,terre di sangiorgio,IT,רוטב פסטה אורגני כרם בזיליקום300גר,גרמים,300.00,100 גרם,false,12,12.90,4.3000,true,1,314742
7290017386089,false,רוטב פסטה אורגני כרם,terre di sangiorgio,IT,רוטב פסטה אורגני כרם חציל קלוי 300גר,גרמים,300.00,100 גרם,false,12,12.90,4.3000,true,1,314741
7290017386096,false,רוטב פסטה אורגני כרם,terre di sangiorgio,IT,רוטב פסטה אורגני כרם קישואים300גר,גרמים,300.00,100 גרם,false,12,12.90,4.3000,true,1,314743
7290017386102,false,רוטב פסטה אורגני כרם,terre di sangiorgio,IT,רוטב פסטה אורגני כרם צלפים300גר,גרמים,300.00,100 גרם,false,12,12.90,4.3000,true,1,314744
7290017386119,false,"קמח כוסמין מלא 100% כרם 1 ק""ג",עץ השדה,IL,"קמח כוסמין 100%מלא כרם 1 ק""ג",קילוגרמים,1.00,"ק""ג",false,1,15.90,15.9000,true,1,314073
7290017386126,false,"קמח כוסמין 70% כרם 1 ק""ג",עץ השדה,IL,"קמח כוסמין70%מלא כרם 1 ק""ג",קילוגרמים,1.00,"ק""ג",false,1,15.90,15.9000,true,1,314074
7290017386133,false,"קמח חיטה מלא 100% כרם 1 ק""ג",עץ השדה,IL,קמח חיטה 100% מלא כרם 1 קג,קילוגרמים,1.00,"ק""ג",false,1,10.90,10.9000,true,1,314076
7290017386140,false,קמח חיטה 70% מלא כרם,עץ השדה,,קמח חיטה 70% מלא כרם 1 קג,קילוגרמים,1.00,"ק""ג",false,1,10.90,10.9000,true,1,314077
7290017386157,false,"קמח כוסמין לבן כרם - 1 ק""ג",עץ השדה,IL,"קמח כוסמין לבן כרם 1 ק""ג",קילוגרמים,1.00,"ק""ג",false,1,13.90,13.9000,true,1,314075
7290017386164,false,"קמח כוסמין לבן כרם - 1 ק""ג",עץ השדה,IL,"קמח כוסמין מלא אורגני כרם 1 ק""ג",קילוגרמים,1.00,"ק""ג",false,1,16.90,16.9000,true,1,314078
7290017386171,false,"קמח כוסמין אורגני % 70 כרם 1 ק""ג",עץ השדה,IL,"קמח כוסמין 70%מלא אורגני כרם 1 ק""ג",קילוגרמים,1.00,"ק""ג",false,1,16.90,16.9000,true,1,314079
7290017386225,false,קינואה אדומה מלאה או,כרם תעשיות,IL,קינואה אדומה מלאה אורגנית כרם 500 גרם,גרמים,500.00,100 גרם,false,,19.90,3.9800,true,1,329665
7290017386263,false,"סירופ מייפל אורגני כרם 250 מ""ל",קופרדקס איי פי אס,DK,סירופ מייפל 100% טהור כרם 250 מל,מיליליטרים,250.00,"100 מ""ל",false,12,26.90,10.7600,true,1,323808
7290017386270,false,אבקת קקאו אורגנית 200 גרם,,PE,אבקת קקאו אורגני 200 גר,גרמים,200.00,100 גרם,false,1,25.90,12.9500,true,1,315981
7290017386287,false,פולי קקאו נא שלמים א,,,פולי קקאו נא שלמים אורגנים כרם 200 גרם,גרמים,200.00,100 גרם,false,1,22.90,11.4500,true,1,315982
7290017386294,false,פולי קקאו נא ניבס או,,,פולי קקאו נא ניבס אורגנים כרם 200 גרם,גרמים,200.00,100 גרם,false,1,22.90,11.4500,true,1,315983
7290017386317,false,אבקת מאקה אורגנית כר,,,אבקת מאקה אורגנית כרם 200 גרם,גרמים,200.00,100 גרם,false,1,29.90,14.9500,true,1,315985
7290017386348,false,שקד מולבן טחון 250 גרם,,PE,שקד מולבן טחון כרם 250 גרם,גרמים,250.00,100 גרם,false,1,16.90,6.7600,true,1,315986
7290017386362,false,קוקוס פיליפיני טחון כרם 200 גרם,כרם תעשיות,IL,קוקוס פליפיני טחון כרם 200 גרם,גרמים,200.00,100 גרם,false,12,10.90,5.4500,true,1,319610
7290017386386,false,חומץ תפוחים אורגני 5% 1 ליטר,ACETIFICIO ANBREA,IT,חומץ תפוחים 5% אורגני כרם 1 ל,ליטרים,1.00,ליטר,false,12,21.90,21.9000,true,1,316856
7290017386416,false,משקה סויה כרם אורגני,,,משקה סויה כרם אורגני 1 ליטר,ליטרים,1.00,ליטר,false,10,10.00,10.0000,true,1,318673
7290017386447,false,"תרסיס שמן אבוקדו מזוכך טהור 200 מ""ל",קומפניה אלימנטרה איט,IT,תרסיס שמן אבוקדו טהור כרם 200 מל,מיליליטרים,147.00,"100 מ""ל",false,6,19.90,13.5374,true,1,318029
7290017386461,false,"תרסיס שמן זית כתית טהור 200 מ""ל",קומפניה אלימנטרה איט,IT,תרסיס שמן זית טהור כרם 200 מל,מיליליטרים,200.00,"100 מ""ל",false,6,19.90,9.9500,true,1,318031
7290017386478,false,שמן זרעי ענבים מזוכך,,IT,שמן זרעי ענבים מזוכך כרם 1 ל,ליטרים,1.00,ליטר,false,12,36.90,36.9000,true,1,328292
7290017386492,false,מלח הימאליה גס כרם 1,,,מלח הימאליה גס כרם 1 קג,קילוגרמים,1.00,"ק""ג",false,1,13.90,13.9000,true,1,317006
7290017386508,false,מלח הימאליה דק כרם 1,,,מלח הימאליה דק כרם 1 קג,קילוגרמים,1.00,"ק""ג",false,1,13.90,13.9000,true,1,317008
7290017386690,false,משקה שעורה נמס כרם 1,אמ.סי.ב-אי.אר.אי,EG,משקה שעורה נמס כרם 100 גרם,גרמים,100.00,100 גרם,false,12,13.90,13.9000,true,1,314735
7290017386942,false,"קרם קוקוס אורגני 20-22% שומן 400 מ""ל",,VN,קרם קוקוס אורגני 20-22% שומן 400 מל,מיליליטרים,400.00,"100 מ""ל",false,12,10.00,2.5000,true,1,321220
7290017386959,false,"נוזל קוקוס אורגני 17-19% שומן 400 מ""ל",,VN,נוזל חלב קוקוס אורגני 17-19% 400 מל,מיליליטרים,400.00,"100 מ""ל",false,12,10.00,2.5000,true,1,321221
7290017386973,false,"תמר סופר גמבו פטור ממע""מ 1 ק""ג",כרם תעשיות,IL,תמר מגהול סופר גמבו כרם 1 קג,קילוגרמים,1.00,"ק""ג",false,1,44.90,44.9000,true,1,319611
7290017389004,false,משמש אוזבקי 160 גרם קופסא,"דין שיווק וקלייה בע""",IL,משמש אוזבקי 160 גרם בקופסא,גרמים,160.00,100 גרם,false,1,15.90,9.9375,true,1,309868
7290017389011,false,מנגו מיובש ללא סוכר 160 גרם קופסא,"דין שיווק וקלייה בע""",IL,מנגו מיובש ללא סוכר 160 גרם קופסא,גרמים,160.00,100 גרם,false,1,21.90,13.6875,true,1,309869
7290017389028,false,אננס מיובש ללא סוכר 160 גרם קופסא,"דין שיווק וקלייה בע""",IL,אננס מיובש ללא סוכר160 גרם בקופסא,גרמים,160.00,100 גרם,false,1,21.90,13.6875,true,1,309877
7290017417127,false,כפפות ניטריל 100 יחידות,DB,TH,כפפות ניטרל שחורות 100יח ל.אבקה מדיום,יחידה,100.00,יחידה,false,10,19.90,0.1990,true,1,338370
7290017440231,false,סרקל שמפו לילדים לשיער מתולתל 1 ליטר,פישר מעבדות פרמצבטיות בע,IL,שמפו סרקל מתולתל 1 ליטר,ליטרים,1.00,ליטר,false,1,28.90,28.9000,true,1,314826
7290017440248,false,סרקל מרכך לילדים לשיער מתולתל 1 ליטר,פישר מעבדות פרמצבטיות בע,IL,מרכך סרקל מתולתל 1 ליטר,ליטרים,1.00,ליטר,false,1,28.90,28.9000,true,1,314825
7290017440279,false,"ד""ר פישר - קידס אל סבון ויטמינים 750 מ""ל",פישר תעשיות,IL,אל סבון קידס קמיל בלו 750מל,מיליליטרים,750.00,"100 מ""ל",false,12,16.90,2.2533,true,1,318466
7290017440286,false,"ד""ר פישר - קידס מרכך ויטמינים 750 מ""ל","ד""ר פישר Dr fischer",IL,מרכך קידס קמיל בלו 750מל,מיליליטרים,750.00,"100 מ""ל",false,12,16.90,2.2533,true,1,318464
7290017440309,false,"ד""ר פישר - קידס שמפו ויטמינים 750 מ""ל","ד""ר פישר Dr fischer",IL,שמפו קידס קמיל בלו 750מל,מיליליטרים,750.00,"100 מ""ל",false,12,16.90,2.2533,true,1,318463
7290017440323,false,"ד""ר פישר - קידס שמפו + מרכך ויטמינים 750 מ""ל","ד""ר פישר Dr fischer",IL,שמפו+מרכך קידס קמיל בלו 750מל,מיליליטרים,750.00,"100 מ""ל",false,12,16.90,2.2533,true,1,318465
7290017440682,false,ד.פישר בלונד שמפו לשיער בהיר,"ד""ר פישר Dr fischer",IL,שמפו בלונד400מל קמיל בלו,מיליליטרים,400.00,"100 מ""ל",false,10,24.90,6.2250,true,1,320662
7290017440699,false,ד.פישר בלונד מרכך לשיער בהיר 400 מל,CHEMIPAL FISHER (BIO,IL,מרכך בלונד 400מל קמיל בלו,מיליליטרים,400.00,"100 מ""ל",false,10,24.90,6.2250,true,1,320663
7290017440798,false,ד.פישר סילבר מרכך לשיער כסוף 400 מל,קולגייט פלמוליב,IL,מרכך לשיער כסוף סילבר 400 מל,מיליליטרים,400.00,"100 מ""ל",false,10,24.90,6.2250,true,1,317360
7290017440804,false,ד.פישר סילבר מסכת הזנה לשיער כסוף 300 מ,מדי פישר,IL,מסכת הזנה לשיער כסוף סילבר 300 מל,מיליליטרים,300.00,"100 מ""ל",false,12,29.90,9.9667,true,1,317359
7290017440965,false,אל סבון היגייני לניקוי יסודי ולהזנת העור clean & nourish,"ד""ר פישר Dr fischer",IL,אל סבון קמיל לידיים ניקיות רעננות 1ל לבן,ליטרים,1.00,ליטר,false,1,13.90,13.9000,true,1,317865
7290017457574,false,כדוריות סבון נתלה לאסלה בניחוח פרחים - 3 יח',הנקל סוד,RS,מארז 3יח סבון אסלה כדוריות סוד פרחים,יחידה,3.00,יחידה,false,1,14.90,4.9667,true,1,317406
7290017457581,false,"סוד מרכך כביסה מרוכז קוקוס 900 מ""ל",הנקל סוד,IL,מרכך כביסה סוד מרוכז קוקוס 900מל פורמולה,מיליליטרים,900.00,"100 מ""ל",false,12,11.90,1.3222,true,1,319249
7290017457611,false,גל כביסה סוד טוטאל ירוק 2.5 ליטר,הנקל סוד,IL,גל כביסה סוד 2.5ליטר ורוד,ליטרים,2.50,ליטר,false,6,19.90,7.9600,true,1,322403
7290017457628,false,גל כביסה סוד טוטאל כחול 2.5 ליטר,הנקל סוד,IL,גל כביסה סוד 2.5ליטר כחול,ליטרים,2.50,ליטר,false,6,19.90,7.9600,true,1,322402
7290017457710,false,"מרכך כביסה סוד מרוכז ארומתרפי סגול 900 מ""ל",הנקל,IL,מרכך כביסה סוד מרוכז סגול 900מל פורמולה,מיליליטרים,900.00,"100 מ""ל",false,12,11.90,1.3222,true,1,317662
7290017457727,false,"סוד כחול מרכך כביסה מרוכז20%+בישום 900 מ""ל",הנקל סוד,IL,מרכך כביסה סוד מרוכז כחול 900מל פורמולה,מיליליטרים,900.00,"100 מ""ל",false,12,11.90,1.3222,true,1,317658
7290017457741,false,"מרוכז כביסה סגול 900 מ""ל סוד",הנקל,IL,מרכך כביסה סוד מרוכז סגול 900מל פורמולה,מיליליטרים,900.00,"100 מ""ל",false,12,11.90,1.3222,true,1,317660
7290017457925,false,סוד מרכך כביסה מרוכז פרש קונטרול ורוד,הנקל סוד,IL,מרכך כביסה סוד מרוכז 900מל פרחוני פרש,מיליליטרים,900.00,"100 מ""ל",false,12,11.90,1.3222,true,1,325501
7290017457932,false,סוד מרכך כביסה מרוכז פרש קונטרול כחול,הנקל סוד,IL,מרכך כביסה סוד מרוכז 900מל פרש קונטרול,מיליליטרים,900.00,"100 מ""ל",false,12,11.90,1.3222,true,1,325500
7290017457949,false,"פרסיל א.כ לבגדי תינוקות ולבעלי עור רגיש 2.5 ק""ג",קריות זול,,א.כביסה פרסיל 2.5 קג תינוקות ועור רגיש,קילוגרמים,2.50,"ק""ג",false,1,19.90,7.9600,true,1,324282
7290017460017,false,פירורי לחם תיבול גרי,נווה התבלין,IL,פירורי לחם תיבול גריל 400 גרם,גרמים,400.00,100 גרם,false,24,11.90,2.9750,true,1,314576
7290017460031,false,פירורי לחם שום ועשבי,נווה התבלין,IL,פירורי לחם שום ועשבי תיבול 400 גרם,גרמים,400.00,100 גרם,false,24,11.90,2.9750,true,1,314571
7290017460062,false,פירורי לחם קייגון 400 גרם,נווה התבלין,IL,פירורי לחם קייגון400 גרם,גרמים,400.00,100 גרם,false,24,11.90,2.9750,true,1,314573
7290017460079,false,פירורי לחם ים תיכוני,נווה התבלין,IL,פירורי לחם ים תיכוני 400 גרם,גרמים,400.00,100 גרם,false,24,11.90,2.9750,true,1,314572
7290017460086,false,פירורי לחם קלאסי זהב 400 גרם,נווה התבלין,IL,פירורי לחם זהב 400 גרם,גרמים,400.00,100 גרם,false,24,10.00,2.5000,true,1,314569
7290017460093,false,פירורי לחם שומשום וק,נווה התבלין,IL,פירורי לחם שומשום וקצח 400 גרם,גרמים,400.00,100 גרם,false,24,11.90,2.9750,true,1,314574
7290017469027,false,יין קברנה סוביניון ר,יקב שטרן,IL,יין קברנה סוביניון רזרב כשר 2016 750 מל,מיליליטרים,750.00,"100 מ""ל",false,6,120.00,16.0000,true,1,332208
7290017469133,false,יין סובניון בלאן כשר,יקב שטרן,IL,יין סובניון בלאן כשר 2020 750 מל,מיליליטרים,750.00,"100 מ""ל",false,6,85.00,11.3333,true,1,326491
7290017477169,false,קשיו קלוי 250 גרם ששון הקולה,"דין שיווק וקלייה בע""",IL,אגוז קשיו קלוי 250 ג מחיר מוטבע,גרמים,250.00,100 גרם,false,1,20.00,8.0000,true,1,312794
7290017477244,false,שקד מולבן טחון 180 גרם,דין שיווק,IL,שקד טחון שקדיה 180 גרם בקופסא,גרמים,180.00,100 גרם,false,1,19.90,11.0556,true,1,313651
7290017477251,false,שקד מולבן פרוס 180 גרם,דין שיווק,IL,שקד פרוס שקדיה 180 גרם בקופסא,גרמים,180.00,100 גרם,false,1,19.90,11.0556,true,1,313653
7290017477268,false,שקדים מולבן משובב 20,דין שיווק,,שקד שבבים שקדיה 180 גרם בקופסא,גרמים,180.00,100 גרם,false,1,19.90,11.0556,true,1,313654
7290017477275,false,גרעיני חמניה קלופים קלויים 200 גרם,דין שיווק,IL,גרעיני חמניה קלופים קלויים שקדיה 200 גרם,גרמים,200.00,100 גרם,false,1,9.90,4.9500,true,1,313657
7290017477282,false,גרעיני דלעת קלופים קלויים 200 גרם,דין שיווק,IL,גרעיני שלעת קלופים קלויים שקדיה 200 גרם,גרמים,200.00,100 גרם,false,1,9.90,4.9500,true,1,313658
7290017477299,false,תערובת געלה שקדיה 20,דין שיווק,IL,תערובת געלה שקדיה 200 גרם,גרמים,200.00,100 גרם,false,1,9.90,4.9500,true,1,313659
7290017477596,false,תמר מג'הול פרימיום בקופסא ששון הקולה 400 גרם,"שקדיה גבע תעשיות בע""",IL,תמר מגהול אקסטרא ענק 400 גרם שקדיה,גרמים,400.00,100 גרם,false,12,19.90,4.9750,true,1,325892
7290017504025,false,פטריות פורטבלה ברכת קטיף,,,פטריות פורטובלה יח,Unknown,0.00,Unknown,false,1,11.90,0.0000,true,1,312535
7290017506012,false,שוקולד  85% 60 גרם RAW,,IL,שוקולד 85% 60 גר RAW,יחידה,1.00,יחידה,false,10,20.90,20.9000,true,1,324937
7290017506036,false,שוקולד תפוז 75% 60 גרם RAW,,IL,שוקולד תפוז 75% 60 גר RAW,יחידה,1.00,יחידה,false,10,20.90,20.9000,true,1,324938
7290017510545,false,אסותא נוזל כלים רימו,טרופיקל דגיל,IL,נוזל כלים אסותא 1.33 ליטר רימונים,מיליליטרים,1330.00,"100 מ""ל",false,12,12.90,0.9699,true,1,317819
7290017510552,false,נוזל לניקוי כלים בני,טרופיקל דגיל,IL,נוזל כלים אסותא 750מל לימון,מיליליטרים,750.00,"100 מ""ל",false,1,7.90,1.0533,true,1,317815
7290017510569,false,נוזל לניקוי כלים בני,טרופיקל דגיל,IL,נוזל כלים אסותא 750מל תפוח,מיליליטרים,750.00,"100 מ""ל",false,1,7.90,1.0533,true,1,317816
7290017510576,false,נוזל ניקוי כלים בניח,טרופיקל דגיל,IL,נוזל כלים אסותא 750מל רימונים,מיליליטרים,750.00,"100 מ""ל",false,1,7.90,1.0533,true,1,317817
7290017513393,false,תה ירוק ספירולינה וצמחים ירוקים 25 שקי,תה ויסוצקי,IL,תה ירוק ספירולינה 1.5 ג 25 שק,יחידה,25.00,יחידה,false,1,24.90,0.9960,true,1,319456
7290017513409,false,תה ירוק SUPER GREEN 87 גרםבטעם אוכמניות ואסאי,תה ויסוצקי,IL,תה ירוק צמחים סגולים 1.5 ג 25 שק,יחידה,25.00,יחידה,false,1,24.90,0.9960,true,1,319457
7290017513775,false,פליפז בייגלה מצופה שוקולד חלב מקוויטיס 140 גרם,שוורצקוף& הנקל דיסלד,TR,בייגלה פליפז שוקולד חלב 140 גרם,גרמים,140.00,100 גרם,false,1,8.90,6.3571,true,1,324676
7290017513782,false,פליפז בייגלה מצופה שוקולד מריר מקוויטיס 140 גרם,שוורצקוף& הנקל דיסלד,TR,בייגלה פליפז שוקולד מריר 140 גרם,גרמים,140.00,100 גרם,false,1,8.90,6.3571,true,1,324675
7290017513829,false,תה ירוק לימונית ג'ינג'ר 25 שקיקים בתוספת ויטמין Cּּ+D,ויסוצקי ירוק,IL,תה ירוק לחמונית גינגר עם ויטמין 25 שקיק,יחידה,25.00,יחידה,false,1,24.90,0.9960,true,1,324626
7290017513850,false,תה ירוק נענע 25 שקיקים בתוספת ויטמינים Cּּ+D,ויסוצקי ירוק,IL,תה ירוק נענע עם ויטמין 25 שקיק,יחידה,25.00,יחידה,false,1,24.90,0.9960,true,1,324625
7290017513867,false,תה ירוק לימונית ולואיזה סתוספת ויטמינים ויסוצקי 25 יחידות,תה ויסוצקי,IL,תה ירוק לימונית לואיזה עם ויטמין 25 שקיק,יחידה,25.00,יחידה,false,1,24.90,0.9960,true,1,324624
7290017516295,false,חטיף חלבון פרוטאין אגוז לוז שוקולד 50 גר,פנגיאה,IL,חטיפי פרוטאין אגוז שוקולד 50 גר,Unknown,0.00,Unknown,false,1,10.90,0.0000,true,1,323172
7290017516318,false,חטיף חלבון פרוטאין שוקולד 50 גר,פנגיאה,IL,חטיפי בריאות פרוטאין שוקולד 50 גר,Unknown,0.00,Unknown,false,1,10.90,0.0000,true,1,323173
7290017516332,false,חטיף חלבון פרוטאין חמאת בוטנים 50 גר,פנגיאה,IL,חטיפי בריאות פרוטאין חמאת בוטנים 50 גר,Unknown,0.00,Unknown,false,1,10.90,0.0000,true,1,323174
7290017516424,false,שוקולד+ פנגיאה שוקולד קוקוס ואגוזי לוז 300 גרם,ש.ר רגע בטבע,IL,חטיפי בריאות שוקולד קוקוס פנגיאה 300גר,גרמים,300.00,100 גרם,false,1,29.90,9.9667,true,1,323175
7290017516431,false,שוקולד+ פנגיאה שוקולד קוקוס שקדים וקפה 300 גרם,ש.ר רגע בטבע,IL,חטיפי בריאות קוקוס שקד קפה פנגיאה 300גר,גרמים,300.00,100 גרם,false,1,29.90,9.9667,true,1,323177
7290017516448,false,"שוקלד + פנגיאה שוקולד קוקוס תמרים,שקדים וחרוב 300 גרם",פנגיאה,IL,חטיפי בריאות קוקוס תמר שקד פנגיאה 300גר,גרמים,300.00,100 גרם,false,1,29.90,9.9667,true,1,323176
7290017516479,false,פנגיאה פרוטאין וניל קפה 50 גרם,פנגיאה,IL,חטיפי בריאות פנגיאה וניל פרוטאין 50 גר,Unknown,0.00,Unknown,false,1,10.90,0.0000,true,1,323895
7290017516486,false,פנגיאה פרוטאין טרופי 50 גרם,פנגיאה,IL,חטיפי בריאות פנגיאה פרוטאין 50 גר,Unknown,0.00,Unknown,false,1,10.90,0.0000,true,1,323894
7290017516509,false,חטיף פרוטאין בטעם קרמל מלוח,פנגיאה,IL,חטיפי בריאות פרוטאין קרמל מלוח 50 גר,Unknown,0.00,Unknown,false,1,10.90,0.0000,true,1,325875
7290017516615,false,"חטיף ספירולינה, תפוז קקאו וקוקס 40 גרם",,IL,חטיף ספירולינה פנגיאה 40 גר,Unknown,0.00,Unknown,false,30,10.90,0.0000,true,1,333729
7290017540696,false,דפי סויה צבעוניים 8 יח,מינג לין פוד לטד,TW,דפי סויה צבעוני 8 יח 17 גרם,Unknown,0.00,Unknown,false,1,18.90,0.0000,true,1,316408
7290017589176,false,אלטיטיוד 585 קברנה 750מל,יקבי ברקן שיווק והפצה בע,IL,יין אלטיטיוד קברנה סובניון 750 מל,מיליליטרים,750.00,"100 מ""ל",false,1,110.00,14.6667,true,1,318935
7290017589565,false,"ברקן, גוורצטרמינר לבן חצי יבש 750 מל",יקבי ברקן שיווק והפצ,IL,יין קלאסיק גוורץ 750 מל פקדון,מיליליטרים,750.00,"100 מ""ל",false,1,35.00,4.6667,true,1,316466
7290017589633,false,"רזרב גולד אדישיין קברנה סוביניון 750 מ""ל",יקבי ברקן Barkan,IL,יין רזרב קברנה גולד 750 מל,מיליליטרים,750.00,"100 מ""ל",false,1,45.00,6.0000,true,1,316474
7290017589671,false,מארז יין ק.סוביניון,,,מארז יין ק.סוביניון לא מסונן 2016 750,מיליליטרים,750.00,"100 מ""ל",false,1,190.00,25.3333,true,1,317410
7290017599250,false,סוכרזית קלאסי 120 שקיות,ביסקול בע''מ,IL,סוכרזית קלאסי 120 שקיות,גרמים,120.00,100 גרם,false,12,16.90,14.0833,true,1,336308
7290017599267,false,סוכרלוז 120 שקיות ממתיק שולחני,סוכרזית Sucrazit,IL,סוכרזית סוכרלוז 120שקיות,גרמים,120.00,100 גרם,false,12,24.90,20.7500,true,1,336309
7290017599274,false,סוכרזית סטיוויה 120 שקיות,ביסקול בע''מ,IL,סוכרזית סטיוויה 120 שקיות,גרמים,12000.00,100 גרם,false,12,29.90,0.2492,true,1,337925
7290017617046,false,נתחי טונה בשמן זית כתית מעולה רביעיה * 140 ג',סטארקיסט,TR,מארז4יח טונה סטארקיסט בשמן זית140גר,גרמים,560.00,100 גרם,false,1,28.90,5.1607,true,1,320595
7290017617084,false,סטארקיסט מיקס טוגו טונה עם שעועית 185 גרם,דרדנל אוננטאס גידה,TR,מיקס טונה טו גו עם שעועית 185 גרם,גרמים,185.00,100 גרם,false,24,12.90,6.9730,true,1,327023
7290017617091,false,סטארקיסט מיקס טוגו טונה עם פתיתים 185 גרם,דרדנל אוננטאס גידה,TR,מיקס טונה טו גו עם פתיתים 185 גרם,גרמים,185.00,100 גרם,false,24,12.90,6.9730,true,1,327024
7290017617107,false,סטארקיסט מיקס טוגו טונה עם 4 דגנים 185 גרם,"איטיליאן פוד, אס.פי.",TR,מיקס טונה טו גו עם 4דגנים 185 גרם,גרמים,185.00,100 גרם,false,24,12.90,6.9730,true,1,327025
7290017617138,false,רביעיית טונה סטארקיסט בשמן קנולה דל נתרן 160 גרם,"סטארקיסט פודור בע""מ",TH,מארז 4 טונה סטארקיסט שמן קנולה ד.נ 160 ג,גרמים,640.00,100 גרם,false,1,25.90,4.0469,true,1,326513
7290017617275,false,שלישיית ממרח טונה סטארקיסט 160X3 גרם,סטארקיסט,IL,מארז 3יח ממרח טונה סטארקיסט 160 גרם,גרמים,540.00,100 גרם,false,1,22.90,4.2407,true,1,332513
7290017617411,false,סטארקיסט מיקס סלמון עם אורז מלא וירקות 160 גרם,סטארקיסט Starkist,PL,מיקס נתחי סלמון אורז ירקות 160 גרם,גרמים,160.00,100 גרם,false,8,14.90,9.3125,true,1,336195
7290017617428,false,"סטארקיסט נתחי סלמון עם פסטה, עגבניות וזיתים פיקנטי",סטארקיסט Starkist,PL,מיקס נתחי סלמון פסטה עגבניות 160 גרם,גרמים,160.00,100 גרם,false,8,14.90,9.3125,true,1,336196
7290017617435,false,סטארקיסט מיקס סלמון עם עדשים קינואה וירק 160 גרם,סטארקיסט Starkist,PL,מיקס נתחי סלמון עדשים וקינואה 160 גרם,גרמים,160.00,100 גרם,false,8,14.90,9.3125,true,1,336194
7290017619019,false,עציץ נוי 80,מיישן,,עציץ נוי 80,יחידה,1.00,יחידה,false,1,79.90,79.9000,true,1,321507
7290017619071,false,בקבוק שתיה טרמי יפני,,,בקבוק שתיה טרמי יפני 500מל,יחידה,1.00,יחידה,false,1,59.90,59.9000,true,1,321497
7290017619286,false,מילוי למטהר אויר חשמ,,,מילוי למטהר אויר חשמלי מוסקו,יחידה,1.00,יחידה,false,1,19.90,19.9000,true,1,321605
7290017619293,false,מטהר גומא אפור זהב מ,,,מטהר גומא אפור זהב מקלות+נוזל,יחידה,1.00,יחידה,false,1,24.90,24.9000,true,1,334729
7290017619316,false,גומא אפור גבוה מוסקו מקלות,מוסקו,,מטהר גומא בקבוק יו וי מקלות+נוזל,יחידה,1.00,יחידה,false,1,24.90,24.9000,true,1,334730
7290017624280,false,יין מרלו שאטו גולן 2,,,יין מרלו שאטו גולן 2018 750 מל פיקדון,מיליליטרים,750.00,"100 מ""ל",false,1,145.00,19.3333,true,1,324505
7290017624303,false,יין גשם אדום שאטו גו,,,יין גשם אדום שאטו גולן 2018 750 מל,מיליליטרים,75000.00,"100 מ""ל",false,1,189.00,0.2520,true,1,324504
7290017624310,false,יין סירה שאטו גולן 2,,,יין סירה שאטו גולן 2018 750 מל,מיליליטרים,75000.00,"100 מ""ל",false,1,150.00,0.2000,true,1,322836
7290017624549,false,יין גשם אדום שאטו גו,,,יין גשם אדום שאטו גולן 750 מל,מיליליטרים,75000.00,"100 מ""ל",false,1,199.00,0.2653,true,1,333762
7290017624556,false,יין סירה שאטו גולן 7,,,יין סירה שאטו גולן 750 מל,מיליליטרים,75000.00,"100 מ""ל",false,1,159.00,0.2120,true,1,333761
7290017628073,false,ביצים חופש XL עטוף 20 יח,גליקסמן שיווק ביצים,IL,ביצי חופש 20יח אקסטרא לארג,יחידה,20.00,יחידה,false,1,31.90,1.5950,true,1,315380
7290017641119,false,שוקולד פרימיום 85% מריר כרמית 100 גרם,כרמית תעשיות ממתקים בעמ,IL,שוקולד אגו 85% מריר 100 גרם,גרמים,100.00,100 גרם,false,24,8.90,8.9000,true,1,321227
7290017641188,false,קרקר עם שיפון מלא וסלק כרמית 130 גרם,דנוויטה ג'\יי. אס. סי,LT,קרקר פניני שיפון מלא וסלק 130 גרם,גרמים,130.00,100 גרם,false,1,7.50,5.7692,true,1,317918
7290017641287,false,סוכריות פרוטיז פירות,,TR,סוכריות פרוטיז פירות 150 גרם,גרמים,150.00,100 גרם,false,24,6.90,4.6000,true,1,318635
7290017641447,false,מטבעות שוקולד חלב צב,כרמית,,מטבעות שוקולד חלב צבעוני 1 קג צילנדר,קילוגרמים,1.00,"ק""ג",false,1,79.90,79.9000,true,1,333222
7290017641720,false,שוקולד פרימיום 70% שברי שקד כרמית 100 גרם,כרמית תעשיות ממתקים בעמ,IL,שוקולד אגו 70% מריר שברי שקד 100גרם,גרמים,100.00,100 גרם,false,24,8.90,8.9000,true,1,321224
7290017641737,false,שוקולד פרימיום 70% שברי אגוז כרמית 100 גרם,כרמית תעשיות ממתקים בעמ,IL,שוקולד אגו 70%מריר שברי אגוזי לוז 100 גר,גרמים,100.00,100 גרם,false,24,8.90,8.9000,true,1,321225
7290017641744,false,"חטיפי קרח גדולים בטעמי פטל, לימון, ענבים ואננס",HIQ FOOD PRODUCTS,IL,חטיפי קרח איגלו סטיקס 8 יח 100 מל,מיליליטרים,800.00,"100 מ""ל",false,1,6.90,0.8625,true,1,320576
7290017647074,false,יין ירדן מרלו כרם אל,ירדן,IL,יין ירדן מרלו כרם אלוני הבשן באריזה 750,מיליליטרים,750.00,"100 מ""ל",false,6,180.00,24.0000,true,1,320308
7290017647166,false,יין פינו נואר גמלא 2021 750 מל,יקבי רמת הגולן,,יין גמלא פינו נואר 2018 750 מל,מיליליטרים,750.00,"100 מ""ל",false,1,60.00,8.0000,true,1,319373
7290017647289,false,"יין ירדן כרם בראון עברית 17 750 מ""ל",ירדן,IL,יין ירדן כרם בראון הבשן באריזה 750,מיליליטרים,750.00,"100 מ""ל",false,6,250.00,33.3333,true,1,331812
7290017647340,false,יין ירדן מרלו כרם אל,ירדן,IL,יין ירדן מרלו כרם אלוני הבשן באריזה 750,מיליליטרים,750.00,"100 מ""ל",false,6,180.00,24.0000,true,1,331814
7290017647425,false,"יין גמלא קברנה סוביניון שנת 2018 750 מ""ל",יקבי רמת הגולן,IL,יין גמלא ק.סוביניון 2018 750 מל,מיליליטרים,750.00,"100 מ""ל",false,1,70.00,9.3333,true,1,323898
7290017647449,false,"ירדן קצרין עברית 17 750 מ""ל",רמת הגולן,IL,יין ירדן קצרין עברית אדום 750 מל,מיליליטרים,750.00,"100 מ""ל",false,6,629.00,83.8667,true,1,331541
7290017647708,false,"רמת הגולן גמלא גוורצטרמינר, 750 מ""ל י יקב רמת הגולן",מיוצר וממולא על ידי יקב,IL,יין גמלא גוורצטרמינר 750 מל עברית,מיליליטרים,750.00,"100 מ""ל",false,1,60.00,8.0000,true,1,335294
7290017647722,false,"יין גמלא בלאנקו 20 עברית 750 מ""ל",יקבי רמת הגולן,IL,יין גמלא בלאנקו 750 מל עברית,מיליליטרים,750.00,"100 מ""ל",false,1,60.00,8.0000,true,1,335295
7290017647739,false,יין ירדן קצרין 2018 750 מל,רמת הגולן,IL,יין ירדן קצרין עברית אדום 750 מל,מיליליטרים,750.00,"100 מ""ל",false,6,629.00,83.8667,true,1,337088
7290017647760,false,יין ירדן סירה 2019 750 מל,יקבי רמת הגולן,IL,יין ירדן סירה 750 מל,מיליליטרים,750.00,"100 מ""ל",false,1,100.00,13.3333,true,1,336704
7290017647791,false,"יין ירדן קברנה סוביניון 2019 750 מ""ל",יקבי רמת הגולן,IL,יין ירדן קברנה סובניון 2019 750 מל,מיליליטרים,750.00,"100 מ""ל",false,1,120.00,16.0000,true,1,336604
7290017647852,false,"יין ירדן מרלו 2019 750 מ""ל",יקבי רמת הגולן,IL,יין מרלו ירדן 750 מל,מיליליטרים,750.00,"100 מ""ל",false,1,100.00,13.3333,true,1,337485
7290017668017,false,מגשית סושי צמחוני טי,"ק.נ תעשיות בע""מ",IL,מגשית סושי צמחוני טייק אוויי כ-200גרם,יחידה,1.00,יחידה,false,1,19.90,19.9000,true,1,325366
7290017668024,false,מגשית סושי דגים טייק,"ק.נ תעשיות בע""מ",IL,מגשית סושי דגים טייק אווי כ-200גרם,יחידה,1.00,יחידה,false,1,19.90,19.9000,true,1,325405
7290017675008,false,"טחינה גולמית 1 ק""ג שכם היונה",היונה,IL,טחינה היונה 900 גר,גרמים,900.00,100 גרם,false,1,26.90,2.9889,true,1,323463
7290017675015,false,טחינת היונה המקורית,היוצר,IL,טחינה היונה 450 גרם,גרמים,450.00,100 גרם,false,1,13.90,3.0889,true,1,323464
7290017675053,false,טחינה היונה שומשום מ,,,טחינה היונה שומשום מלא 900 גר,גרמים,900.00,100 גרם,false,1,28.90,3.2111,true,1,326505
7290017675060,false,טחינה שומשום מלא היונה 450 גרם,,IL,טחינה היונה שומשום מלא 450 גר,גרמים,450.00,100 גרם,false,1,15.90,3.5333,true,1,326506
7290017677804,false,"רוטב סויה קיקומן ללא חומרים משמרים 444 מ""ל",קיקומן פודז אינק,US,רוטב סויה קיקומן 444 מל,מיליליטרים,444.00,"100 מ""ל",false,1,19.90,4.4820,true,1,318108
7290017677811,false,"רוטב סויה קיקומן ללא חומרים משמרים 296 מ""ל",קיקומן פודז אינק,NL,רוטב סויה קיקומן 296 מל,מיליליטרים,296.00,"100 מ""ל",false,1,15.00,5.0676,true,1,318107
7290017680934,false,מיץ יוזו 300 מל,,,מיץ יוזו 300 מל,מיליליטרים,300.00,"100 מ""ל",false,1,99.90,33.3000,true,1,320091
7290017682105,false,מקל מתכת 1.5מטר כחול,,IT,מקל מתכת 1.5מטר כחול,יחידה,1.00,יחידה,false,24,8.90,8.9000,true,1,323996
7290017682334,false,מטאטא ריץ' + מקל 1.5,,TR,מטאטא ריץ,יחידה,1.00,יחידה,false,12,12.90,12.9000,true,1,321063
7290017682341,false,ספוג סקוטש גדול 5יח',,IL,ספוג סקוטש גדול 5 יח,יחידה,5.00,יחידה,false,24,4.50,0.9000,true,1,321001
7290017682525,false,ספוג לניקוי והברקה ו,,IL,מארז 3יח כריות קרצוף והברקת נירוסטה,יחידה,3.00,יחידה,false,1,9.90,3.3000,true,1,324334
7290017682617,false,"מגב 40 ס""מ עם תפס להצמדה סחבה",,CN,מגב קלינג עם תופסן 40סמ,יחידה,1.00,יחידה,false,24,14.90,14.9000,true,1,321052
7290017682624,false,"מגב קלינג עם תפסן 50 ס""מ",,CN,מגב קלינג עם תופסן 50סמ,יחידה,1.00,יחידה,false,24,16.90,16.9000,true,1,321053
7290017712130,false,פרמיו פאוץ סלמון קיט,,FR,פרמיו פאוץ סלמון קיטן 85 גר,גרמים,85.00,100 גרם,false,24,3.90,4.5882,true,1,336236
7290017712147,false,פרמיו פאוץ עוף לחתלת,,FR,פרמיו פאוץ עוף לחתלתול 85 גר,גרמים,85.00,100 גרם,false,24,3.90,4.5882,true,1,336235
7290017712161,false,פרמיו מזון מלא פאוץ עם סלמון בג'לי 85 גר,,FR,פרמיו פאוץ סלמון בגלי 85 גר,גרמים,85.00,100 גרם,false,24,3.90,4.5882,true,1,336234
7290017712192,false,פרמיו נתחי פילה עוף ועשבי תיבול 100 גר,פרמיו Premio,FR,פרמיו נתחי פילה עוף ועשבי תחבול 100 גר,גרמים,100.00,100 גרם,false,32,3.90,3.9000,true,1,336984
7290017712208,false,פרמיו נתחי פילה עוף וברווז 100 גר,סאטורן,FR,פרמיו נתחי פילה ברווז לחתול 100 גר,גרמים,100.00,100 גרם,false,32,3.90,3.9000,true,1,336985
7290017712222,false,פרמיודגי ים ברוטב 100 גר,סאטורן,FR,פרמיו דגי ים קיטן 100 גר,גרמים,100.00,100 גרם,false,32,3.90,3.9000,true,1,336237
7290017712239,false,פרמיו עם עוף במרקם פטה 150 גר,פרמיו Premio,FR,פרמיו פטה עוף לכלב 150 גר,גרמים,150.00,100 גרם,false,22,3.90,2.6000,true,1,336251
7290017712260,false,פרמיו פטה סלמון לכלב 150ג',פרמיו Premio,FR,פרמיו פטה סלמון לכלב 150 גר,גרמים,150.00,100 גרם,false,22,3.90,2.6000,true,1,336252
7290017712277,false,פרמיו עם כבש במרקם פטה 100 גר,פרמיו Premio,FR,פרמיו פטה כבש לכלב 150 גר,גרמים,150.00,100 גרם,false,22,3.90,2.6000,true,1,336250
7290017712543,false,"גוסטו מרק ירקות 300 מ""ל",קונסורזיו קאסאלאסקו,IT,מרק גוסטו ירקות 300 מל,מיליליטרים,300.00,"100 מ""ל",false,12,7.90,2.6333,true,1,325748
7290017712611,false,עוף לחתול פאוץ 85 ג הורייזן,,,הורייזן עוף לחתול פאוץ 85 גר,גרמים,1.00,100 גרם,false,24,4.90,490.0000,true,1,336979
7290017712628,false,סלמון לחתול פאוץ 85 ג הורייזן,,,הורייזן סלמון לחתול פאוץ 85 גר,גרמים,1.00,100 גרם,false,24,4.90,490.0000,true,1,336980
7290017712727,false,פרמיו גור חתולים בקר וכבד,פרמיו Premio,FR,פרמיו גור בקר וכבד 100 גר,גרמים,100.00,100 גרם,false,32,3.90,3.9000,true,1,336239
7290017712758,false,פרמיו סלמון לחתול,פרמיו Premio,FR,פרמיו סלמון 100 גר,גרמים,100.00,100 גרם,false,32,3.90,3.9000,true,1,336238
7290017712765,false,פרימו סלמון ופורל לחתול,פרמיו Premio,FR,פרמיו סלמון ופורל לחתול 100 גר,גרמים,100.00,100 גרם,false,32,3.90,3.9000,true,1,336983
7290017712772,false,פרמיו ברק וכבד לחתול,פרמיו Premio,FR,פרמיו בקר וכבד 100 גר,גרמים,100.00,100 גרם,false,32,3.90,3.9000,true,1,336240
7290017712789,false,פרמיו סטירליז עוף 100 ג',,FR,פרמיו סטירליז עוף 100 גר,גרמים,100.00,100 גרם,false,32,3.90,3.9000,true,1,336241
7290017712949,false,פרמיו כריות סטרילייז לחתול,פרמיו Premio,AT,פרמיו חטיף כריות לחתול סטריליז 60ג,גרמים,60.00,100 גרם,false,7,9.90,16.5000,true,1,336978
7290017715346,false,זית שחור טאסוס 400 גרם,מסנוי גידה רעהס,TR,זית שחור טאסוס 400 גרם,גרמים,400.00,100 גרם,false,9,11.90,2.9750,true,1,318908
7290017715377,false,זית ירוק ממולא תפוז,מסנוי גידה רעהס,TR,זית ירוק ממולא תפוז 740 גרם,גרמים,740.00,100 גרם,false,9,18.90,2.5541,true,1,320178
7290017715384,false,זיתים שחורים ממולא פלפל אדום,,TR,זית ירוק ממולא פלפל 740 גרם,גרמים,740.00,100 גרם,false,9,18.90,2.5541,true,1,320179
7290017715407,false,זיתים שחורים עם פלפל חריף,מסנוי גידה רעהס,TR,זית שחור עם פלפל חריף 400 גרם,גרמים,400.00,100 גרם,false,9,11.90,2.9750,true,1,318909
7290017715650,false,זית ממולא שום 740 גרם,,TR,זית ירוק ממולא שום 740 גרם,גרמים,740.00,100 גרם,false,9,18.90,2.5541,true,1,320181
7290017715742,false,"טורטיה תירס כשל""פ 250 גר",מיסון פוד איבריה,ES,טורטיית תירס ללא גלוטן 250 גרם,גרמים,250.00,100 גרם,false,1,10.90,4.3600,true,1,335095
7290017715889,false,מוזלי גרנולה עם אגוזים 600 גרם,ויטליה,MK,תערובת גרנולה אגוזים 600 גר,גרמים,600.00,100 גרם,false,10,13.90,2.3167,true,1,323650
7290017724003,false,עוגיות גרסיני אקלר 2,אקלר,IL,גרסיני קצח אקלר 250 גר,גרמים,250.00,100 גרם,false,1,22.90,9.1600,true,1,332315
7290017724010,false,עוגיות גריסני שומשום,אקלר,IL,גריסיני שומשום אקלר 250 גר,גרמים,250.00,100 גרם,false,1,22.90,9.1600,true,1,332371
7290017724027,false,עוגיות אלפחורס 300 גרם,"אקלר בע""מ",IL,עוגיות אקלר אלפחורס 300 גרם,גרמים,300.00,100 גרם,false,1,22.90,7.6333,true,1,329667
7290017724034,false,עוגיות ריבה בטעם תות250ג,אקלר,IL,עוגיות אקלר סנדוויץ ריבה 250 גר,גרמים,250.00,100 גרם,false,1,22.90,9.1600,true,1,332303
7290017724041,false,עוגיות תותי פרוטי 200גרם,אקלר,IL,עוגיות אקלר תותי פרוטי 200 גר,גרמים,200.00,100 גרם,false,1,22.90,11.4500,true,1,332304
7290017724058,false,עוגיות מעדן תמר אגוז,אקלר,IL,עוגיות אקלר מעדן תמר אגוז 250 גר,גרמים,250.00,100 גרם,false,1,22.90,9.1600,true,1,332305
7290017724072,false,רולדה שוקולד תמר 200 גרם,אקלר,IL,עוגיות אקלר רולדה שוקולד תמר 200 גר,גרמים,200.00,100 גרם,false,1,22.90,11.4500,true,1,332311
7290017724096,false,עוגיות רולדה לוקום א,אקלר,IL,עוגיות אקלר רולדה לוקום 200 גר,גרמים,200.00,100 גרם,false,1,22.90,11.4500,true,1,332312
7290017724102,false,עוגיות סיגרים תמרים/,אקלר,IL,עוגיות אקלר סיגרים תמרים 200 גר,גרמים,200.00,100 גרם,false,1,22.90,11.4500,true,1,332308
7290017724119,false,עוג.אוזניים סוכר חום200ג,אקלר,IL,עוגיות אקלר אוזניים 200 גר,גרמים,200.00,100 גרם,false,1,22.90,11.4500,true,1,332316
7290017724126,false,עוגיות טחינה אקלר 250 גרם,אקלר,IL,עוגיות טחינה 250 גר אקלר,גרמים,250.00,100 גרם,false,1,22.90,9.1600,true,1,332233
7290017724140,false,עוגיות שושנים אקלר 200 גרם,אקלר,IL,עוגיות אקלר שושנים 200 גר,גרמים,200.00,100 גרם,false,1,22.90,11.4500,true,1,332307
7290017724164,false,עוגיות אוזניים ללא סוכר אקלר 200 גרם,אקלר,IL,עוגיות אקלר אוזניים ל.ס 200 גרם,גרמים,200.00,100 גרם,false,1,22.90,11.4500,true,1,332329
7290017724171,false,עוגיות סנדביץ ריבה ללא סוכר אקלר 200 גרם,אקלר,IL,עוגיות אקלר סנדוויץ ריבה ל.ס 250 גרגרם,גרמים,250.00,100 גרם,false,1,22.90,9.1600,true,1,332330
7290017724225,false,עוגיות בויוס קשקבל א,אקלר,IL,עוגיות אקלר בויוס 200 גר,גרמים,200.00,100 גרם,false,1,22.90,11.4500,true,1,332310
7290017724263,false,אקלר בטהובן ללא סוכר 200 גרם,אקלר,IL,עוגיות אקלר שומשומם חמוציות ל.ס 300 גרם,גרמים,300.00,100 גרם,false,1,22.90,7.6333,true,1,329668
7290017724270,false,אקלר אשכול ללא סוכר 200 גרם,,IL,עוגיות אקלר אשכול בריאות ל.ס 200 גרם,גרמים,200.00,100 גרם,false,1,22.90,11.4500,true,1,332336
7290017724287,false,אקלר פקאן ללא סוכר 200 גרם,"אקלר בע""מ",IL,עוגיות אקלר אצבעות פקאן ל.ס 250 גר,גרמים,250.00,100 גרם,false,1,22.90,9.1600,true,1,332335
7290017724294,false,אקלר גרנולה ללא סוכר 200 גרם,,IL,עוגיות אקלר גנולה ציפס ל.ס 200 גרם,גרמים,200.00,100 גרם,false,1,22.90,11.4500,true,1,332337
7290017724300,false,עוגיות גרנולה אקלר 200 גרם,,IL,עוגיות אקלר גרנולה 200 גר,גרמים,200.00,100 גרם,false,1,22.90,11.4500,true,1,332317
7290017724683,false,אקלר חמאה שקדים 200 גרם,אקלר,IL,עוגיות אקלר חאת שקדים 200 גר,גרמים,200.00,100 גרם,false,1,22.90,11.4500,true,1,332325
7290017724706,false,עוגיות אקלר חאת שקדי,,,עוגיות אקלר חאת שקדים סוכר חום 200 גר,גרמים,200.00,100 גרם,false,1,22.90,11.4500,true,1,332328
7290017736006,false,מגבת הפלא לניקוי כלל,,,מגבת הפלא לניקוי כללי 800גר אסותא,גרמים,800.00,100 גרם,false,1,15.90,1.9875,true,1,314447
7290017746128,false,מיני פיתות קלאסי50*10 גר,מאפיית דוידוביץ ובני,IL,מארז פיתות ביס 10 יחידות לבנות,יחידה,10.00,יחידה,false,1,8.90,0.8900,true,1,324627
7290017746135,false,מארז 10 פיתות ביס כוסמין,מאפיית דוידוביץ ובני,IL,מארז פיתות כוסמין 10 יחידות,יחידה,10.00,יחידה,false,1,12.90,1.2900,true,1,324628
7290017746241,false,לחם לבן בסגנון ניו יורק 500 גרם,מאפיית דוידוביץ ובניו מק,IL,לחם ניו יורק 500גרם דוידוביץ,גרמים,500.00,100 גרם,false,1,14.90,2.9800,true,1,327099
7290017746258,false,מארז רביעיית לחמניות פרנה,מאפיית דוראל,IL,מארז 4יח לחמניות פרנה 400גר דוידוביץ,גרמים,400.00,100 גרם,false,1,12.90,3.2250,true,1,326212
7290017791142,false,קרקר כוסמין מלא - פת במלח,"מאפיית פת במלח בע""מ",IL,קרקר כוסמין מלא זרעים 225 גרם,גרמים,225.00,100 גרם,false,10,22.90,10.1778,true,1,318506
7290017791203,false,קרקר כוסמין מלא - סלק - פת במלח,"מאפיית פת במלח בע""מ",IL,קרקר סלק כוסמין מלא 225 גרם,גרמים,225.00,100 גרם,false,10,22.90,10.1778,true,1,320860
7290017812007,false,"יין P.C סוביניון שרדונה כרמל 750 מ""ל",כרמל מזרחי,IL,יין סוביניון/שרדונה פי.סי 750 מל פקדון,מיליליטרים,750.00,"100 מ""ל",false,1,45.00,6.0000,true,1,338481
7290017812281,false,מרלו .P.C מגנום 1.5 ליטר,אגודת הכורמים הקואופרטיב,IL,יין מרלו פי סי מגנום 750 מל,מיליליטרים,750.00,"100 מ""ל",false,6,79.60,10.6133,true,1,320975
7290017812373,false,יין שרדונה לבן יבש פרייבט קולקשן - בקבוק אישי,יקבי כרמל Carmel Winery,IL,יין שרדונה P.C 375 מל,מיליליטרים,375.00,"100 מ""ל",false,1,25.00,6.6667,true,1,320982
7290017812588,false,מיץ ענבים תירוש לבן 100% טבעי כרמל 1 ליטר,יקבי כרמל Carmel Winery,IL,יין תירוש לבן 1 ליטר פקדון,ליטרים,1.00,ליטר,false,1,25.00,25.0000,true,1,321797
7290017812595,false,"יין ישן נושן לייט כרמל 3.5% אלכוהל 750 מ""ל",יקבי כרמל Carmel Winery,IL,יין ישן נושן לייט 750 מל,מיליליטרים,750.00,"100 מ""ל",false,12,25.00,3.3333,true,1,322291
7290017812618,false,מיץ ענבים תירוש אדום רוזה כרמל 1 ליטר,כרמל מזרחי,IL,מיץ ענבים תירוש רוזה 1 לי,ליטרים,1.00,ליטר,false,12,25.00,25.0000,true,1,321433
7290017812656,false,"תירוש אדום מיץ ענבים מבעבע כרמל 750 מ""ל",ג'\קובז'\י איי.אי פיגלי,IL,מיץ ענבים מבעבע אדום 750 מל,מיליליטרים,750.00,"100 מ""ל",false,12,25.00,3.3333,true,1,327073
7290017812663,false,"תירוש לבן מיץ ענבים מבעבע כרמל 750 מ""ל",ג'\קובז'\י איי.אי פיגלי,IL,מיץ ענבים מבעבע לבן 750 מל,מיליליטרים,750.00,"100 מ""ל",false,12,25.00,3.3333,true,1,327074
7290017812670,false,"יין יתיר דרום אדום 750 מ""ל",כרמל מזרחי,IL,יין יתיר דרום אדום 750 מל,מיליליטרים,750.00,"100 מ""ל",false,6,75.00,10.0000,true,1,325466
7290017812687,false,דרום יין לבן יבש 750 מל,כרמל מזרחי,IL,יין יתיר דרום לבן 750 מל,מיליליטרים,750.00,"100 מ""ל",false,6,75.00,10.0000,true,1,325467
7290017812830,false,יין רוזה פרייבט קולקשיין 750מל יקבי כרמל,"כד בני דרום בע""מ",IL,יין רוזה פי.סי 750 מל,מיליליטרים,800.00,"100 מ""ל",false,1,45.00,5.6250,true,1,326047
7290017812847,false,"יין פרנץ גוורצטרמינר סלקטד כרמל 750 מ""ל","כד בני דרום בע""מ",IL,יין סלקטד פרנץ גוורצטרמינר 750 מל,מיליליטרים,750.00,"100 מ""ל",false,1,35.00,4.6667,true,1,326048
7290017812861,false,יין וינו לבן יקבי כרמל,כרמל מזרחי,IL,יין וינו לבן יבש 750 מל,מיליליטרים,750.00,"100 מ""ל",false,12,25.00,3.3333,true,1,325472
7290017812885,false,"יין P.C סוביניון בלאן גוורצטרמינר כרמל 750 מ""ל",אגודת הכורמים א.ת אל,IL,יין סובניון בלאן גוורצטרמינרפי.סי 750 מל,מיליליטרים,750.00,"100 מ""ל",false,1,45.00,6.0000,true,1,327674
7290017812939,false,"יין דרום רוזה יתיר 750 מ""ל",כרמל מזרחי,IL,יין יתיר דרום רוזה 750 מל,מיליליטרים,750.00,"100 מ""ל",false,6,75.00,10.0000,true,1,327179
7290017812977,false,"יין קריניאנו סלקטדאננס באז כרמל 750 מ""ל",כרמל מזרחי,IL,יין באז לבן מתוק אננס מוגז 750 מל,מיליליטרים,750.00,"100 מ""ל",false,1,35.00,4.6667,true,1,327680
7290017871363,false,פמילי יהלום- פמלי סבון ידיים מועשר בשמן מקדמיה לניקוי וטיפוח עור הידיים,המאפיה של הרמן,TR,סבון ידיים פמלי יהלום 500מל שמן מקדמיה,מיליליטרים,500.00,"100 מ""ל",false,12,10.90,2.1800,true,1,321296
7290017871424,false,טוסו חטיף תמרים ובוטנים ללא גלוטן,תות ממתקי איכות,IL,חטיף טוסו תמרים בוטנים ל.ס. ל.גלוטן 5יח,גרמים,140.00,100 גרם,false,1,16.90,12.0714,true,1,319363
7290017871448,false,טוסו חטיף תמרים וקשיו ללא גלוטן וללא תוספת סוכר,תות תעשיות מזון (2014) ב,IL,חטיף טוסו תמרים קשיו ל.ס. ל.גלוטן 5יח,גרמים,135.00,100 גרם,false,1,16.90,12.5185,true,1,319367
7290017871462,false,טוסו חטיף פצפוצי אורז מצופה שוקולד מריר ללא תוספת סוכר,תות תעשיות מזון (2014) ב,IL,חטיף טוסו פצפוצי אורז ש. מריר ל.סוכר 5יח,גרמים,105.00,100 גרם,false,1,16.90,16.0952,true,1,319364
7290017871554,false,טוסו חטיף תמרים ושברי קקאו ללא גלוטן וללא תוספת סוכר,תות תעשיות מזון (2014) ב,IL,חטיף טוסו תמרים שבריקקאו ל.ס. ל.גלוטן 5י,גרמים,140.00,100 גרם,false,1,16.90,12.0714,true,1,319369
7290017871707,false,חטיף פיצפוצי אורז וקוקוס מצופה שוקולד מריר ללא תוספת סוכר,תות תעשיות מזון (2014) ב,IL,חטיף טוסו פצפוצי אורז קוקוס ל.סוכר 5יח,גרמים,105.00,100 גרם,false,1,16.90,16.0952,true,1,319368
7290017871776,false,"טוסו גליליות בטעם אגוזים לל""ס 100גרם",,,טוסו גליליות בטעם אגוזים ללס 100גר,גרמים,100.00,100 גרם,false,1,10.00,10.0000,true,1,322632
7290017871929,false,"טוסו גרנולה פירות יבשים ואגוזים ללת""ס 300 ג'","אפקטבעי בע""\מ",IL,טוסו גרנולה פ.יבשים אגוזים ללס 300גר,גרמים,300.00,100 גרם,false,1,19.90,6.6333,true,1,322634
7290017871943,false,גרנולה שוקולד קוקוס300ג,"אפקטבעי בע""\מ",IL,טוסו גרנולה שוקולד קוקוס ללס 300גר,גרמים,300.00,100 גרם,false,1,19.90,6.6333,true,1,322635
7290017871950,false,פרשוואנס נייר טואלט לח מתכלה בניחוח לוונדר מארז שלישייה,עלבד משואות יצחק,IL,מארז 3יח מגבוני נייר טואלט לח לבנדר 40יח,יחידה,120.00,יחידה,false,1,12.90,0.1075,true,1,326248
7290017871967,false,טוסו אבקת ג'לי טעם אננס 30גרם,אשבל מזון פונקציונלי בע\,IL,גלי מרמולייט אננס 25גר,Unknown,0.00,Unknown,false,1,10.00,0.0000,true,1,324011
7290017871974,false,טוסו אבקת ג'לי טעם תות 30גרם,אשבל מזון פונקציונלי בע\,IL,גלי מרמולייט תות שדה 25גר,Unknown,0.00,Unknown,false,1,10.00,0.0000,true,1,324010
7290017871981,false,טוסו אבקת ג'לי טעם משמש 30גרם,אשבל מזון פונקציונלי בע\,IL,גלי מרמולייט משמש 25גר,Unknown,0.00,Unknown,false,1,10.00,0.0000,true,1,324012
7290017871998,false,טוסו פודינג אינסטנט בטעם וניל 30גרם,אשבל מזון פונקציונלי בע\,IL,פודינג מרמולייט אינסטנט בטעם וניל 30גר,Unknown,0.00,Unknown,false,1,10.00,0.0000,true,1,324013
7290017872001,false,"קרם החתלה פרשוואנס שמן זית ופרופוליס 100 סמ""ק",פרש-וואנס,IL,קרם החתלה פרש וואנס 100סמק שמן זית,גרמים,100.00,100 גרם,false,1,12.90,12.9000,true,1,322557
7290017872049,false,"פמלי אל סבון בניחוח לוונדר ארומטי- שלישייה 500 מ""ל",אברנסל קוסמטיקס,TR,פמילי אל סבון מעורב שלישייה 500 מל,ליטרים,1.50,ליטר,false,1,15.90,10.6000,true,1,322747
7290017872063,false,פמלי אל סבון 3*1 ארומטרפי-מעורב 500 גרם*3,אברנסל קוסמטיקס,TR,מארז 3יח אל סבון פמילי ארומתרפי 500מל,ליטרים,1.50,ליטר,false,1,15.90,10.6000,true,1,322749
7290017872162,false,טוסו - עוגיות אגוזי לוז ללא סוכר 200 גרם,"הגביע מוצרי וופלים בע""\מ",IL,עוגיות טוסו אגוזי לוז ל.סוכר 200 גר,גרמים,200.00,100 גרם,false,1,14.90,7.4500,true,1,322664
7290017872179,false,טוסו - עוגיות טחינה ללא סוכר 200 גרם,"הגביע מוצרי וופלים בע""\מ",IL,עוגיות טוסו טחינה ל.סוכר 200 גר,גרמים,200.00,100 גרם,false,1,14.90,7.4500,true,1,322663
7290017872186,false,טוסו - עוגיות פקאן ללא סוכר 200 גרם,"הגביע מוצרי וופלים בע""\מ",IL,עוגיות פקאן טוסו ללא .סוכר200גר,גרמים,200.00,100 גרם,false,1,14.90,7.4500,true,1,322662
7290017872193,false,טוסו עוגיות שקדים וקינמון ללא סוכר 200 גרם,"הגביע מוצרי וופלים בע""\מ",IL,עוגיות טוסו שקד וקינמון ללס 200 גר,גרמים,200.00,100 גרם,false,1,14.90,7.4500,true,1,322665
7290017872278,false,טוסו חטיף קראנצ'י בטעם בוטנים וחלווה 105 גר',תות ממתקי איכות,IL,חטיף טוסו קראנצי בטעם בוטנים חלווה ללס,גרמים,140.00,100 גרם,false,1,16.90,12.0714,true,1,322638
7290017872285,false,טוסו חטיף קראנצ'י בטעם פירות יבשים 105 גר',תות ממתקי איכות,IL,חטיף טוסו קראנצי בטעם פירות יבשים ללס,גרמים,140.00,100 גרם,false,1,16.90,12.0714,true,1,322639
7290017872650,false,"פמלי יהלום-סבון ידיים עם שמן לבנדר 500 מ""ל",המאפיה של הרמן,TR,סבון ידיים פמלי יהלום 500מל שמן לבנדר,מיליליטרים,500.00,"100 מ""ל",false,12,10.90,2.1800,true,1,323820
7290017872667,false,"פמלי יהלום-סבון ידיים עם שמן קמומיל 500 מ""ל",המאפיה של הרמן,TR,סבון ידיים פמלי יהלום 500מל שמן קמומיל,מיליליטרים,500.00,"100 מ""ל",false,12,10.90,2.1800,true,1,323821
7290017872865,false,בייביביס חטיפי דגנים אפויים לתינוקות בטעם גזר ועגבנייה,טאטא גלובל בוורג'ס,IL,בייבי ביס חטיפי דגנים אפוי ט.גזר עגבניה,Unknown,0.00,Unknown,false,1,13.90,0.0000,true,1,333419
7290017872872,false,בייביביס חטיפי דגנים אפויים לתינוקות בטעם גזר וסלק,טאטא גלובל בוורג'ס,IL,בייבי ביס חטיפי דגנים אפוי ט.גזר וסלק40ג,Unknown,0.00,Unknown,false,1,13.90,0.0000,true,1,333418
7290017872896,false,שקיות אשפה לארג גליל,גלילונית,,שקיות אשפה לארג גלילונית חזקה 44יח,יחידה,44.00,יחידה,false,20,22.90,0.5205,true,1,332645
7290017872933,false,רצועות שעווה BIO לגוף 12+3 מגבוני שמן,ש.שוורץ,ES,רצועות שעווה ביו מגע הדבש 12יח+3מג.שמן,יחידה,12.00,יחידה,false,1,29.90,2.4917,true,1,328422
7290017872940,false,מגע הדבש רצועות שעווה לפנים 20+5 מגבוני,ש.שוורץ,ES,רצועות שעווה ביו לפנים מגע 20יח+5מג.שמן,יחידה,20.00,יחידה,false,1,29.90,1.4950,true,1,328423
7290017873008,false,גלילונית הקפאה זוג 275 יחידות,"אשפלסט תעשיות בע""מ",IL,שקיות גלילונית להקפאה 275 יח,יחידה,275.00,יחידה,false,15,11.90,0.0433,true,1,332642
7290017873039,false,מארז זוג שקיות לסנדוויץ גלילונית 2*160 יח',"קינג באג בע""מ",TH,מארז 2יח שקיות אוכל גלילונית 160יח,יחידה,320.00,יחידה,false,15,13.50,0.0422,true,1,332643
7290017873367,false,"קרם ידיים ויטליטי לכל סוגי העור 100 מ""ל פנג'ל","דנלוג אינטרקוסמא בע""\מ",IL,קרם ידיים פנגל ויטליטי 100מל,מיליליטרים,100.00,"100 מ""ל",false,12,12.90,12.9000,true,1,338312
7290017873398,false,"תחליב גוף ויטליטי לכל סוגי העור 400 מ""ל פנג'ל","דנלוג אינטרקוסמא בע""\מ",IL,תחליב גוף פנגל ויטליטי 400מל,מיליליטרים,400.00,"100 מ""ל",false,12,22.90,5.7250,true,1,338311
7290017873411,false,"קרם גוף ויטליטי לכל סוגי העור 200 מ""ל פנג'ל","דנלוג אינטרקוסמא בע""\מ",IL,קרם גוף פנגל ויטליטי 300מל לכל סוגי העור,מיליליטרים,300.00,"100 מ""ל",false,12,24.90,8.3000,true,1,338310
7290017888019,false,"משקה תפוח רימון סלק גינגיר פרות &ווג 350 מ""ל",פרוט אנד וג' Fruit & Veg,IL,משקה תפוח רימון סלק 350מל,מיליליטרים,350.00,"100 מ""ל",false,1,7.90,2.2571,true,1,317204
7290017888026,false,"משקה אננס תפוח גזר פרות & ווג 350 מ""ל",פרוט אנד וג' Fruit & Veg,IL,משקה אננס תפוח גזר 350מל,מיליליטרים,350.00,"100 מ""ל",false,1,7.90,2.2571,true,1,317205
7290017888033,false,"משקה בננה מלון נענע פרות &ווג 350 מ""ל",פרוט אנד וג' Fruit & Veg,IL,משקה בננה מלון נענע 350מל,מיליליטרים,350.00,"100 מ""ל",false,1,7.90,2.2571,true,1,317206
7290017888095,false,"רביעיית פחיות שוופס מוגז עדין פירות יער 330 מ""ל.",יפאורה תבורי בעמ,IL,מארז 4יח שוופס מוגז עדין פ.יער 330מל פח,מיליליטרים,1320.00,"100 מ""ל",false,1,12.90,0.9773,true,1,317646
7290017888101,false,"שוויפס מוגז עדין אפרסק מארז רביעייה* 330 מ""ל",יפאורה תבורי בעמ,IL,מארז 4יח שוופס מוגז עדין אפרסק 330מל פח,מיליליטרים,1320.00,"100 מ""ל",false,1,12.90,0.9773,true,1,317645
7290017888644,false,"משקה אננס בננה כורכום פרות & ווג 350 מ""ל",פרוט אנד וג' Fruit & Veg,IL,משקה אננס בננה כורכום 350מל,מיליליטרים,350.00,"100 מ""ל",false,1,7.90,2.2571,true,1,321862
7290017888729,false,שוופס סודה בקבוק 1 ל',"יפאורה תבורי בע""\מ",IL,שוופס סודה 1 ליטר,ליטרים,1.00,ליטר,false,15,3.90,3.9000,true,1,322351
7290017888842,false,שוופס מיקס פירות אננ,מיוצר עי קונדיטוריית,IL,משקה שוופס מיקס פירות אננס תות 330מל פח,מיליליטרים,330.00,"100 מ""ל",false,24,3.90,1.1818,true,1,322763
7290017888873,false,שוופס מיקס פירות אבט,מיוצר עי קונדיטוריית,IL,משקה שוופס מיקס פירות אבטיח ליים 330מל,מיליליטרים,330.00,"100 מ""ל",false,24,3.90,1.1818,true,1,322766
7290017888972,false,בקבוק מי עדן פקק ספורט 1 ליטר,"מופק ממקור בזלתי עדן ,1",IL,מי עדן 1 ליטר פקק ספורט,ליטרים,1.00,ליטר,false,16,4.90,4.9000,true,1,322768
7290017894034,false,"פתיתי שיבולת שועל עבה לל""ג דגש 400 גרם",אף.סי תבליני בגליל ב,IL,פתיתי שבולת שועל ללא.ג עבה דגש 400 גר,גרמים,400.00,100 גרם,false,12,18.90,4.7250,true,1,319230
7290017894041,false,"פתיתי שיבולת שועל דקה לל""ג דגש 400 גרם","נארז על ידי אפ, סי ת",IL,פתיתי שבולת שועל ללא.ג דק דגש 400 גר,גרמים,400.00,100 גרם,false,12,18.90,4.7250,true,1,319231
7290017894058,false,תערובת רב תכליתית ללא גלוטן,"אף סי, תבליני הגליל",IL,תערובת להכנת לחם 500 גר,גרמים,500.00,100 גרם,false,12,14.90,2.9800,true,1,320297
7290017894065,false,דגש תערובת קמח רב תכליתי 500 גרם,"אף, סי תבליני הגליל",IL,תערובת רב תכליתית 500 גר,גרמים,500.00,100 גרם,false,12,14.90,2.9800,true,1,320296
7290017894072,false,אבקת הלבנה אקופרנד 500 ג,אקופרנד,IL,אבקת הלבנה 500גר אקולוגי אקופרנד,גרמים,500.00,100 גרם,false,1,18.90,3.7800,true,1,334283
7290017894195,false,קפסולות למדיח כלים 40 יח,אקופרנד,IL,קפסולות למדיח כלים 40יח אקולוגי אקופרנד,יחידה,40.00,יחידה,false,1,41.90,1.0475,true,1,334285
7290017894317,false,גנדולה עוגיות כוסמין ש.ציפס אורגני 250,גנדולה,IT,עוגיות כוסמין שוקולד גנדולה 250גר,גרמים,250.00,100 גרם,false,12,13.90,5.5600,true,1,337622
7290017907208,false,תערובת קמח רב תכליתי לנמנעים מגלוטן,מנדלז סי.אר. פרודקשן,IL,תמי קמח תופח ללא גלוטן 500 גר,גרמים,300.00,100 גרם,false,12,18.90,6.3000,true,1,326609
7290017907215,false,קמח תמי למאפי שמרים ללא גלוטן 500 גרם,פוראטוס ישראל,IL,תמי קמח למאפי שמרים ללא גלוטן 500 גר,גרמים,300.00,100 גרם,false,12,18.90,6.3000,true,1,326610
7290017907222,false,תערובת קמח תופח לנמנעים מגלוטן,פוראטוס ישראל,IL,תמי קמח תופח ללא גלוטן 500 גר שקית,גרמים,300.00,100 גרם,false,12,18.90,6.3000,true,1,326614
7290017907246,false,סולת מאורז לנמנעים מגלוטן,פוראטוס ישראל,IL,תמי סולת ללא גלוטן 300 גר,גרמים,300.00,100 גרם,false,10,15.90,5.3000,true,1,326608
7290017907253,false,פתיתים מאורז לנמנעים מגלוטן,פוראטוס ישראל,IL,תמי פתיתים ללא גלוטן 300 גר,גרמים,300.00,100 גרם,false,10,15.90,5.3000,true,1,326612
7290017907260,false,תערובת להכנת כדורי פלאפל לנמנעים מגלוטן,פוראטוס ישראל,IL,תמי פלאפל ללא גלוטן 300 גר,גרמים,300.00,100 גרם,false,10,15.90,5.3000,true,1,326613
7290017913131,false,אסותא מרכך לכביסה שח,טרופיקל דגיל,IL,מרכך כביסה אסותא 4 ליטר שחור,ליטרים,4.00,ליטר,false,1,13.90,3.4750,true,1,318596
7290017913148,false,אסותא מרכך כביסה סגו,טרופיקל דגיל,IL,מרכך כביסה אסותא 4 ליטר סגול,ליטרים,4.00,ליטר,false,1,13.90,3.4750,true,1,318597
7290017913155,false,אסותא מרכך כביסה לבן,טרופיקל דגיל,IL,מרכך כביסה אסותא 4 ליטר לבן,ליטרים,4.00,ליטר,false,1,13.90,3.4750,true,1,318598
7290017913162,false,אסותא מרכך כביסה כחו,טרופיקל דגיל,IL,מרכך כביסה אסותא 4 ליטר כחול,ליטרים,4.00,ליטר,false,1,13.90,3.4750,true,1,318599
7290017913179,false,אסותא מרכך כביסה ורו,טרופיקל דגיל,IL,מרכך כביסה אסותא 4 ליטר ורוד,ליטרים,4.00,ליטר,false,1,13.90,3.4750,true,1,318600
7290017913186,false,מרכך כביסה מרוכז 1 ל,,TR,מרכך כביסה מרוכז 1 ליטר אסותא ורוד,ליטרים,1.00,ליטר,false,12,9.90,9.9000,true,1,320591
7290017913216,false,מרכך כביסה מרוכז 1 ל,,TR,מרכך כביסה מרוכז 1 ליטר אסותא סגול,ליטרים,1.00,ליטר,false,12,9.90,9.9000,true,1,320594
7290017913223,false,מרכך כביסה מרוכז 1 ל,,TR,מרכך כביסה מרוכז 1 ליטר אסותא שחור,ליטרים,1.00,ליטר,false,12,9.90,9.9000,true,1,320596
7290017913230,false,גל כביסה אסותא כחול,טרופיקל דגיל,IL,גל כביסה אסותא 3 ליטר כחול,ליטרים,3.00,ליטר,false,1,19.90,6.6333,true,1,318601
7290017913490,false,סבון מוצק ורדים אסות,,,מארז 4יח סבון מוצק אסותא 100גר ורדים,גרמים,400.00,100 גרם,false,12,9.90,2.4750,true,1,325900
7290017913513,false,סבון מוצק שחור אסותא,,,מארז 4יח סבון מוצק אסותא שחור 100גר,גרמים,400.00,100 גרם,false,12,9.90,2.4750,true,1,325902
7290017913520,false,סבון מוצק לבנדר אסות,,,מארז 4יח סבון מוצק אסותא לבנדר 100גר,גרמים,400.00,100 גרם,false,12,9.90,2.4750,true,1,325901
7290017917283,false,"מגבוני קמיל בלו ד""ר פישר ללא בישום רביעי",פישר מעבדות פרמצבטיות,IL,מארז 4יח מגבוני קמיל בלו ללא בישום 64יח,יחידה,256.00,יחידה,false,1,16.90,0.0660,true,1,320660
7290017917382,false,אל סבון היגייני לניקוי יסודי ולהרגע העור clean & calm,"ד""ר פישר Dr fischer",IL,אל סבון קמיל לידיים להרגעת העור 1ליטר,ליטרים,1.00,ליטר,false,1,13.90,13.9000,true,1,318456
7290017917399,false,"קמיל בלו סנסיטיב מגבון טיפולי ד""ר פישר 100 יח'",פישר תעשיות,IL,מגבונים קמיל בלו סנסטיב 100יח,יחידה,100.00,יחידה,false,12,15.90,0.1590,true,1,321081
7290017917450,false,קמיל בלו סנסיטיב אל סבון ושמפו לתינוק קמומיל ואלוורה,פישר מעבדות פרמצבטיות בע,IL,אל סבון ושמפו צמחי מרפא קמיל סנסטיב 1ל,ליטרים,1.00,ליטר,false,16,24.90,24.9000,true,1,318459
7290017917467,false,קמיל בלו סנסטי בשיבולת שועל אל סבון טיפולי לתינוק,"ד""ר פישר Dr fischer",IL,אל סבון שיבולת שועל קמיל בלו 1ליטר,ליטרים,1.00,ליטר,false,16,24.90,24.9000,true,1,318460
7290017917542,false,"ד""ר פישר שמפו בלונד ללא תוספת מלחים 400 מ""ל",מדי פישר,IL,שמפו בלונד ללא מלחים 400מל קמיל בלו,מיליליטרים,400.00,"100 מ""ל",false,10,29.90,7.4750,true,1,320702
7290017917559,false,ד.פישר בלונד מסכת הזנה לשיער בהיר 300 מל,מדי פישר,IL,מסכת שיער בלונד 300מל קמיל בלו,מיליליטרים,300.00,"100 מ""ל",false,12,39.90,13.3000,true,1,320703
7290017917566,false,ד.פישר סילבר שמפו לשיער כסוף ללא מלח,מדי פישר,IL,סילבר לשיער ללא מלחים 400מל קמיל בלו,מיליליטרים,400.00,"100 מ""ל",false,10,29.90,7.4750,true,1,320704
7290017917757,false,"ד""ר פישר EFFECTIVE CARE קרם גוף בשמן כותנה 450 מ""ל",פישר מעבדות פרמצבטיות בע,IL,קרם גוף אפקטיב קר מועשר בשמן כותנה 450מל,מיליליטרים,450.00,"100 מ""ל",false,1,21.90,4.8667,true,1,322990
7290017918112,false,חסה עגולה מגשית,ביכורי שדה דרום,IL,חסה עגולה ארוזה,Unknown,0.00,Unknown,false,1,6.90,0.0000,true,1,329066
7290017918150,false,תפוח אדמה קטנים לאפי,חקלאי,IL,תפוח אדמה למיקרו חבילה,Unknown,0.00,Unknown,false,1,5.90,0.0000,true,1,325099
7290017918204,false,ברוקולי ארוז במגשית,ביכורי שדה דרום,IL,ברוקולי ארוז במגשית,Unknown,0.00,Unknown,false,1,9.90,0.0000,true,1,324485
7290017918563,false,ערמונים קלויים קלופי,,,ערמונים קלויים קלופים 100 גרם,גרמים,100.00,100 גרם,false,1,5.90,5.9000,true,1,324749
7290017918808,false,דלעת ארוזה-ביכורי שדה,ביכורי שדה דרום,IL,דלעת חתוכה ארוזה,קילוגרמים,1.00,"ק""ג",true,,11.90,11.9000,true,1,326819
7290017924007,false,מי קוקוס אורגניים 33,,,מי קוקוס אורגניים 330 מל קרטון הכרם,מיליליטרים,330.00,"100 מ""ל",false,12,7.90,2.3939,true,1,321223
7290017924144,false,טחינה אתיופית כרם או,,,טחינה אתיופית אורגנית 700ג שומשום מלא,גרמים,700.00,100 גרם,false,1,31.90,4.5571,true,1,322050
7290017924182,false,תרסיס שמן אורז טהור,קומפניה אלימנטרה איט,IT,תרסיס שמן אורז טהור כרם 200 מל,מיליליטרים,200.00,"100 מ""ל",false,6,19.90,9.9500,true,1,326617
7290017924199,false,דפי אורז עם סלק 375 גרם,,VN,דפי אורז עם סלק כרם 375 גרם,גרמים,375.00,100 גרם,false,24,12.90,3.4400,true,1,324607
7290017924205,false,דפי אורז יסמין שחור 375 גרם,,VN,דפי אורז יסמין שחור כרם 375 גרם,גרמים,375.00,100 גרם,false,24,12.90,3.4400,true,1,324604
7290017924229,false,דפי אורז עם כורכום כ,,VN,דפי אורז עם כורכום כרם 375 גרם,גרמים,375.00,100 גרם,false,24,12.90,3.4400,true,1,324606
7290017924403,false,מי קוקוס אורגני עם ק,,,מי קוקוס אורגני עם קפה 330 מל קרט,מיליליטרים,330.00,"100 מ""ל",false,1,6.90,2.0909,true,1,323354
7290017924434,false,דפי אורז טריו כרם375,,VN,דפי אורז טריו כרם375 גרם,גרמים,375.00,100 גרם,false,24,12.90,3.4400,true,1,324603
7290017924458,false,אטריות אורז ורמצילי,,VN,אטריות אורז ורמצילי דקות כורכום300גר,גרמים,300.00,100 גרם,false,24,12.90,4.3000,true,1,324610
7290017924472,false,אטריות אורז ורמצילי,,VN,אטריות אורז ורמצילי דקות כרם 300 גרם,גרמים,300.00,100 גרם,false,24,12.90,4.3000,true,1,324608
7290017924489,false,מלח הימאליה בינוני כ,,PK,מלח הימאליה בינוני כרם 1 קג,קילוגרמים,1.00,"ק""ג",false,1,13.90,13.9000,true,1,329225
7290017924496,false,מלח הימאליה מטחנה כר,,PK,מלח הימאליה מטחנה כרם 225 גרם,קילוגרמים,1.00,"ק""ג",false,1,16.90,16.9000,true,1,329226
7290017924502,false,חמאת פיסטוק כרם 200 גרם,יעקוב יוסף,IL,חמאת פיסטוק כרם 200 גרם,גרמים,200.00,100 גרם,false,1,37.90,18.9500,true,1,327834
7290017924656,false,ממרח תמרים טבעי 300,משק צור מושב עין יהב,IL,ממרח תמר כרם 100% טבעי 300 גרם,גרמים,300.00,100 גרם,false,12,13.90,4.6333,true,1,326498
7290017924670,false,עדשים ירוקות אורגני 500 גרם,כרם תעשיות,IL,עדשים ירוקות אורגניות כרם 500 גרם,גרמים,500.00,100 גרם,false,1,11.50,2.3000,true,1,327861
7290017924687,false,עדשים צהובות אורגני 500 גרם,כרם תעשיות,IL,עדשים צהובות אורגניות כרם 500 גרם,גרמים,500.00,100 גרם,false,1,11.50,2.3000,true,1,327863
7290017924694,false,עדשים אדומות אורגני 500 גרם,כרם תעשיות,IL,עדשים אדומות אורגניות כרם 500 גרם,גרמים,500.00,100 גרם,false,1,11.50,2.3000,true,1,327864
7290017924717,false,בורגול עבה אורגני 500 גרם,כרם תעשיות,IL,בורגל עבה אורגני כרם 500 גרם,גרמים,500.00,100 גרם,false,1,8.90,1.7800,true,1,327865
7290017924724,false,חומוס אורגני כרם 500,כרם תעשיות,IL,חומוס אורגני כרם 500 גרם,גרמים,500.00,100 גרם,false,1,10.90,2.1800,true,1,327867
7290017924731,false,פופקורן אורגני כרם 5,כרם תעשיות,IL,פופקורן אורגני כרם 500 גרם,גרמים,500.00,100 גרם,false,1,9.90,1.9800,true,1,338474
7290017924779,false,זרעי דוחן קלוםים אורגני 500 גרם,כרם תעשיות,IL,זרעי דוחן אורגני כרם 500 גרם,גרמים,500.00,100 גרם,false,1,10.90,2.1800,true,1,327868
7290017924793,false,זרעי פשתן חומים אורגני 500 גרם,כרם תעשיות,IL,זרעי פשתן חומים אורגני כרם 500 גרם,גרמים,500.00,100 גרם,false,1,10.90,2.1800,true,1,327870
7290017924809,false,גרעיני חמניה קלופים,כרם תעשיות,IL,גרעיני חמניה קלופים אורגני כרם 500 גרם,גרמים,500.00,100 גרם,false,1,14.90,2.9800,true,1,327871
7290017924816,false,קינואה לבנה מלאה אורגני 500 גרם,כרם תעשיות,IL,קינואה לבנה מלאה אורגנית כרם 500 גרם,גרמים,500.00,100 גרם,false,1,14.90,2.9800,true,1,327872
7290017924823,false,כוסמת אורגנית כרם 50,כרם תעשיות,IL,כוסמת אורגנית כרם 500 גרם,גרמים,500.00,100 גרם,false,1,11.50,2.3000,true,1,327873
7290017924847,false,עדשים שחורות אורגני 500 גרם,כרם תעשיות,IL,עדשים שחורות אורגניות כרם 500 גרם,גרמים,500.00,100 גרם,false,1,12.90,2.5800,true,1,327862
7290017924861,false,"שמן זית אורגני כרם 750 מ""ל",,IT,שמן זית אורגני כרם 750 מל,מיליליטרים,750.00,"100 מ""ל",false,12,31.90,4.2533,true,1,327835
7290017924878,false,בורגול דק אורגני 500 גרם,כרם תעשיות,IL,בורגל דק אורגני כרם 500 גרם,גרמים,500.00,100 גרם,false,1,8.90,1.7800,true,1,327866
7290017924885,false,קוואקר דק אורגני 400 גרם,כרם תעשיות,IL,שבולת שועל דקה אורגנית כרם 400 גרם,גרמים,400.00,100 גרם,false,1,8.90,2.2250,true,1,327876
7290017924892,false,רסק עגבניות אורגני כ,קומפניה אלימנטרה איט,IT,תרסיס שמן אורז טהור כרם 200 מל,גרמים,200.00,100 גרם,false,6,10.00,5.0000,true,1,326497
7290017924908,false,טחינה כרם אוגנית 450,הנסיך,IL,טחינה כרם אוגנית 450 גרם,גרמים,450.00,100 גרם,false,12,13.90,3.0889,true,1,329317
7290017924915,false,טחינה מלאה כרם אוגני,הנסיך,IL,טחינה מלאה כרם אוגנית 450 גרם,גרמים,450.00,100 גרם,false,12,13.90,3.0889,true,1,329318
7290017924946,false,טחינה כרם עם חריף בק,הנסיך,IL,טחינה כרם עם חריף בקבוק לחיץ 300 גרם,גרמים,300.00,100 גרם,false,24,10.90,3.6333,true,1,332727
7290017925318,false,מארז 4יח בירה בלו מו,,,מארז 4יח בירה בלו מון 330 מל בק. פקדון,מיליליטרים,1320.00,"100 מ""ל",false,1,39.90,3.0227,true,1,321798
7290017925608,false,מיקלר ונגב -דזרט הייז 330מל,מיקלר אי פי אס,DK,בירה נגב מייקלר 330 מל בק. פקדון,מיליליטרים,330.00,"100 מ""ל",false,1,14.90,4.5152,true,1,329580
7290017925967,false,"מאגדת רביעיה בירה מלכה 4*330 מ""ל","בירה מלכה בע""מ",IL,מארז 4יח בירה מלכה 330מל בק.פקדון,מיליליטרים,1320.00,"100 מ""ל",false,4,42.30,3.2045,true,1,337126
7290017928036,false,מקלות גריסיני שומשום מאיר בייגל 175 גרם,מאיר את בייגל,IL,מקלות גריסיני שומשום175 גרם מאיר בייגל,גרמים,175.00,100 גרם,false,15,11.90,6.8000,true,1,320199
7290017928043,false,מקלות גריסיני קראנץ' מלח מאיר בייגל 175 גרם,מאיר את בייגל,IL,מקלות גריסיני קרנץ מלח175 גר מאיר בייגל,גרמים,175.00,100 גרם,false,15,11.90,6.8000,true,1,320200
7290017928098,false,שטוחלה מלח מאיר בייגל 330 גרם,מאיר את בייגל,IL,בייגלה שטוחלה מלוח 330 ג מאיר בייגל,גרמים,330.00,100 גרם,false,15,11.90,3.6061,true,1,330855
7290017928210,false,בייגלה גדול שומשום מאיר בייגל 250 גרם,מאיר את בייגל,IL,בייגלה גדול שומשום 250 ג מאיר בייגל,גרמים,250.00,100 גרם,false,15,11.90,4.7600,true,1,320190
7290017928227,false,מאיר בייגל שטוחהלה פינוקים 300 גר',מאיר את בייגל,IL,בייגלה שטוחלה פינוקים 300 ג מאיר בייגל,גרמים,300.00,100 גרם,false,15,11.90,3.9667,true,1,320194
7290017928401,false,בייגל מאיר מקלות מלח,,IL,בייגלה מקלות מלח 330 ג מאיר בייגל,גרמים,330.00,100 גרם,false,15,11.90,3.6061,true,1,320187
7290017928432,false,מקלות גריסיני קראנץ' פרג מאיר בייגל 175 גרם,מאיר את בייגל,IL,מקלות גריסיני קרנץ פרג175 גר מאיר בייגל,גרמים,175.00,100 גרם,false,15,11.90,6.8000,true,1,320201
7290017928449,false,בייגלה שטוחל'ה PRO עם מלח עשיר בחלבון,מאיר את בייגל,IL,בייגלה שטוחלה פרו מלח 170 ג מאיר בייגל,גרמים,170.00,100 גרם,false,15,11.90,7.0000,true,1,320195
7290017928463,false,מאיר בייגל -סמאש-שבורים בטעם דבש חרדל ובצל 300 גרם,מאיר בייגל,BG,סמאש שיברי בייגלה דבש חרדל בצל300גר,גרמים,300.00,100 גרם,false,12,13.90,4.6333,true,1,326575
7290017928524,false,בייגלה שטוח ניגובים מלח 330 ג' מאיר בייגל,מאיר את בייגל,IL,בייגלה שטוח ניגובים מלוח 330 גרם,גרמים,330.00,100 גרם,false,15,11.90,3.6061,true,1,330852
7290017928609,false,בייגלה טבעות שומשום מאיר בייגל 300 גרם,מאיר את בייגל,IL,בייגלה טבעות שומשום 330 ג מאיר בייגל,גרמים,300.00,100 גרם,false,15,11.90,3.9667,true,1,320188
7290017928616,false,מאיר בייגל שטוחהלה שומשום 300 גר',מאיר את בייגל,IL,בייגלה שטוחלה שומשום 300 ג מאיר בייגל,גרמים,300.00,100 גרם,false,15,11.90,3.9667,true,1,320192
7290017928661,false,מאיר בייגל -סמאש-שבורים בטעם צ'דר 300 גרם,מאיר בייגל,BG,סמאש שיברי בייגלה טעם צדר 300 גר,גרמים,300.00,100 גרם,false,12,13.90,4.6333,true,1,326576
7290017928685,false,בייגלה שמיניות מלוח מאיר בייגל 400 גרם.,מאיר את בייגל,IL,בייגלה שמיניות מלח 400 ג מאיר בייגל,גרמים,400.00,100 גרם,false,15,11.90,2.9750,true,1,330854
7290017928722,false,בייגלה שטוח ניגובים שומשום 300 ג' מאיר בייגל,מאיר את בייגל,IL,בייגלה שטוח ניגובים שומשום 330 גרם,גרמים,330.00,100 גרם,false,15,11.90,3.6061,true,1,330853
7290017928746,false,פירורי בייגלה מאיר בייגל 200 גרם,מאיר בייגל,IL,פרורי בייגלה 200 גר מאיר בייגל,גרמים,200.00,100 גרם,false,1,6.90,3.4500,true,1,334181
7290017928807,false,בייגלה אצבעות שומשום מאיר בייגל 300 גרם,מאיר את בייגל,IL,בייגלה אצבעות שומשום 300 ג מאיר בייגל,גרמים,300.00,100 גרם,false,15,11.90,3.9667,true,1,320189
7290017928821,false,מקלות גריסיני קלאסי מאיר בייגל 200 גרם,מאיר את בייגל,IL,מקלות גריסיני קלאסי 200 גרם מאיר בייגל,גרמים,200.00,100 גרם,false,15,11.90,5.9500,true,1,320198
7290017932088,false,גאלה תחתית אפויה לפאי 170 גרם,פיניקל פודס גרופ,US,תחתית אפויה לפאי גאלה 170 גרם,גרמים,170.00,100 גרם,false,1,14.90,8.7647,true,1,322511
7290017932316,false,רוטב עגבניות לפסטה עם שמן זית 680 גר' דיניקולה,ג'יאובני פוד,IL,רוטב פסטה דיניקולה עם שמן זית 680 ג,גרמים,680.00,100 גרם,false,12,16.90,2.4853,true,1,334716
7290017938226,false,ממרח לימון כבוש 200 גרם גורמה,"סלטי שמיר 2006 בע""מ",IL,ממרח לימון כבוש 200 גרם גורמה,גרמים,200.00,100 גרם,false,1,14.90,7.4500,true,1,338535
7290017946368,false,שלישיית כדוריות סבון לאסלה אוקיינוס סוד 50 גרם,הנקל סוד,RS,מארז 3יח סבון אסלה סוד כדוריות אוקיינוס,יחידה,3.00,יחידה,false,1,14.90,4.9667,true,1,325506
7290017946399,false,"מרכך כביסה מרוכז ארומתרפי אדום 900 מ""ל סוד",הנקל סוד,IL,מרכך כביסה סוד מרוכז 900מל אדום,מיליליטרים,900.00,"100 מ""ל",false,12,11.90,1.3222,true,1,333424
7290017946474,false,"הוואי ג'ל רחצה בניחוח סודות פוליניזיה, 700 מ""ל",טרופיקל דגיל בעמ,IL,תחליב רחצה הוואי סודות פולינזיה 700מל,מיליליטרים,700.00,"100 מ""ל",false,1,8.90,1.2714,true,1,320334
7290017946542,false,סוד - מרכך כביסה מרוכז ורוד 1.80 ליטר,סוד,,מרכך כביסה סוד מרוכז 1.8 ליטר שושן פראי,מיליליטרים,1800.00,"100 מ""ל",false,1,21.90,1.2167,true,1,324279
7290017946597,false,סוד מרכך מרוכז ארומתרפי זהב 1.8 ליטר,,TR,מרכך כביסה סוד מרוכז 1.8 ליטר זהב,מיליליטרים,1800.00,"100 מ""ל",false,1,21.90,1.2167,true,1,333422
7290017946764,false,מנקה מכונת כביסה 150 גר K2R,הנקל Henkel,DE,מנקה מכונת כביסה 150גר,גרמים,150.00,100 גרם,false,6,15.90,10.6000,true,1,325505
7290017946795,false,כדוריות לאסלה סוד ביי ברף,,IL,סבון אסלה כדוריות ברף ביי מייל צאקר 50גר,Unknown,0.00,Unknown,false,1,9.90,0.0000,true,1,328415
7290017946979,false,פרסיל גל לכביסה דיפ קלין מנטרל ריחות 2.4,"הנקל סוד בע""\מ",IL,גל כביסה פרסיל 2.4ליטר דיפ קלין,מיליליטרים,2400.00,"100 מ""ל",false,6,29.90,1.2458,true,1,326516
7290017973210,false,משקה ציה ללא סוכר בט,,,משקה ציה בטעם מנגו ללא סוכר 290מל פקדון,מיליליטרים,290.00,"100 מ""ל",false,24,6.90,2.3793,true,1,336128
7290017973227,false,משקה ציה ללא סוכר בט,,,משקה ציה בטעם אננס ללא סוכר 290מל פקדון,מיליליטרים,290.00,"100 מ""ל",false,24,6.90,2.3793,true,1,336131
7290017973234,false,משקה ציה טעם קוקטייל,,,משקה ציה טעם קוקטייל פרי ל.סוכר290מל פקד,מיליליטרים,290.00,"100 מ""ל",false,24,6.90,2.3793,true,1,336132
7290017973241,false,משקה ציה ללא סוכר בט,,,משקה ציה בטעם אפרסק ללא סוכר 290מל פקדון,מיליליטרים,290.00,"100 מ""ל",false,24,6.90,2.3793,true,1,336129
7290017973258,false,משקה ציה ללא סוכר בט,,,משקה ציה בטעם קיווי ללא סוכר 290מל פקדון,מיליליטרים,290.00,"100 מ""ל",false,24,6.90,2.3793,true,1,336130
7290017973852,false,מים מועשרים בויטמיני,,,מים מועשרים בויטמינים טעם פ.יער 710מל,מיליליטרים,710.00,"100 מ""ל",false,1,9.90,1.3944,true,1,328996
7290017974002,false,רביולי 4 גבינות איי פוד 450 גרם,"אימפריאל הזרב פוד בע""מ",IL,רביולי 4 גבינות 450גרם,גרמים,450.00,100 גרם,false,12,19.90,4.4222,true,1,335717
7290017974057,false,"בלינצ'ס תפו""א מצופה איי פוד 400 גרם",,IL,בלינצס תפוא מצופה 450 גרם,גרמים,400.00,100 גרם,false,16,17.90,4.4750,true,1,335709
7290017974132,false,"בלינצ'ס תפו""ע איי פוד 400 גרם",,IL,בלינצס תפוחי עץ 400גר,גרמים,400.00,100 גרם,false,16,17.90,4.4750,true,1,335706
7290017974255,false,קרפלך במילוי גבינה מתוקה איי פוד 600 גרם,,IL,קרפלך גבינה מתוקה 600 גרם,גרמים,600.00,100 גרם,false,12,22.90,3.8167,true,1,335714
7290017974583,false,רביולי בטטה איי פוד 450 גרם,אימפריאל רזרב פוד,IL,רביולי בטטה 450 גרם,גרמים,450.00,100 גרם,false,12,17.90,3.9778,true,1,335715
7290017974873,false,כיסונים למרק במילוי בשר הודו 750 גרם,"אימפריאל הזרב פוד בע""מ",IL,כיסונים למרק במילוי בשר והודו 750גר,גרמים,750.00,100 גרם,false,10,25.90,3.4533,true,1,335711
7290017974927,false,"בלינצ'ס תפו""א ופטריות איי פוד 400 גרם",אימפריאל רזרב פוד,IL,בלינצס תפוא פטריות 400גר,גרמים,400.00,100 גרם,false,16,17.90,4.4750,true,1,335705
7290017983134,false,יין אדיר כרם בן זמרה מקסלן רוזה 750 מל,,IL,יין אדיר כרם בן זמרה מרסלן רוזה,מיליליטרים,750.00,"100 מ""ל",false,1,85.00,11.3333,true,1,327181
7290017983165,false,"יין אדיר כרם בן זמרה קולומבארד 750 מ""ל",פירות אדיר,IL,יין אדיר כרם בן זמרה 750 מל,מיליליטרים,750.00,"100 מ""ל",false,6,85.00,11.3333,true,1,329623
7290017983295,false,"יין אדיר ווין מייקר מלבק 750 מ""ל",,,יין אדיר ווין מייקר מלבק 750 מל,מיליליטרים,750.00,"100 מ""ל",false,1,109.00,14.5333,true,1,335978
7290017983318,false,יין אדיר ווין מייקר,,,יין אדיר ווין מייקר מרסלן 750 מל,מיליליטרים,750.00,"100 מ""ל",false,1,109.00,14.5333,true,1,335979
7290018011096,false,מאגדת תמרה יוגורט תו,תמרה יוגורט,IL,מאגדת 4יח ארטיק תמרה יוגורט תות מקופלת,יחידה,4.00,יחידה,false,1,34.90,8.7250,true,1,333935
7290018011126,false,מאגדת ארטיק סורבה קוקוס 5*80 גרם,תמרה ארטיק,IL,מאגדת 5יח ארטיק תמרה סורבה אננס מנגו פסי,יחידה,5.00,יחידה,false,1,39.90,7.9800,true,1,336337
7290018011324,false,מאגדת ארטיק סורבה קוקוס 5*80 גרם,תמרה ארטיק,IL,מאגדת 5יח ארטיק תמרה סורבה קוקוס,יחידה,5.00,יחידה,false,1,39.90,7.9800,true,1,336336
7290018011331,false,גלידת סורבה שוקולד מ,תמרה ארטיק,IL,גלידת סורבה שוקולד מיסו 425גר,גרמים,425.00,100 גרם,false,1,34.90,8.2118,true,1,338295
7290018011522,false,מאגדת ארטיק שוקולד בננה 5*80 גרם,תמרה ארטיק,IL,מאגדת 5יח ארטיק תמרה שוקולד ובננה,יחידה,5.00,יחידה,false,1,39.90,7.9800,true,1,336335
7290018011539,false,גלידת סורבה חלבה עם,תמרה ארטיק,IL,גלידת סורבה חלבה עם קראסט שומשום 425גר,גרמים,425.00,100 גרם,false,1,34.90,8.2118,true,1,338296
7290018011713,false,מאגדת ארטיק יוגורט תות מקופלת 5*80 גרם,תמרה ארטיק,IL,מאגדת 5יח ארטיק תמרה יוגורט תות מקופלת,יחידה,5.00,יחידה,false,1,39.90,7.9800,true,1,336334
7290018011720,false,גלידת סורבה אננס פסי,תמרה ארטיק,IL,גלידת סורבה אננס פסיפלורה נענע 425גר,גרמים,425.00,100 גרם,false,1,34.90,8.2118,true,1,338291
7290018011737,false,גלידת אייס קפה בננה,,IL,גלידת אייס קפה בננה 425גר,גרמים,425.00,100 גרם,false,1,34.90,8.2118,true,1,338292
7290018011928,false,גלידת סורבה ליצי אננ,,IL,גלידת סורבה ליצי אננס וגינגר 425גר,גרמים,425.00,100 גרם,false,1,34.90,8.2118,true,1,338294
7290018011935,false,גלידת יוגורט דובדבני,תמרה ארטיק,IL,גלידת יוגורט דובדבני אמרנה 425גר,גרמים,425.00,100 גרם,false,1,34.90,8.2118,true,1,338293
7290018045695,false,BON&BON דגנים במילוי קרם קרמל מלוח 480 גרם,monday,DE,דגני כריות בון בון במילוי קרמל מלוח480גר,גרמים,480.00,100 גרם,false,14,18.90,3.9375,true,1,334128
7290018045893,false,בון בון דגנים במילוי קרם נוגט 480 גרם,monday,DE,דגני כריות בון בון במילוי נוגט 480 גרם,גרמים,480.00,100 גרם,false,14,18.90,3.9375,true,1,334126
7290018071205,false,כפפות ניטרו V כחולות אלסטיות S ללא אבקה 100 יחידות,סייף טאצ,CN,כפפות ניטרו וי כחולות סמול 100יח ל.אבקה,יחידה,100.00,יחידה,false,10,14.90,0.1490,true,1,328046
7290018071212,false,כפפות ניטרו V כחולות אלסטיות M ללא אבקה 100 יחידות,סייף טאצ,CN,כפפות ניטרו וי כחולות מדיום 100יח ל.אבקה,יחידה,100.00,יחידה,false,10,14.90,0.1490,true,1,328047
7290018071229,false,כפפות ניטרו V כחולות אלסטיות L ללא אבקה 100 יחידות,סייף טאצ,CN,כפפות ניטרו וי כחולות לארג 100יח ל.אבקה,יחידה,100.00,יחידה,false,10,14.90,0.1490,true,1,328048
7290018071236,false,כפפות ניטרו V כחולות אלסטיות XL ללא אבקה 100 יחידות,סייף טאצ,CN,כפפות ניטרו וי כחולות אקס אל100יח ל.אבקה,יחידה,100.00,יחידה,false,10,14.90,0.1490,true,1,328049
7290018071243,false,כפפות פלסטיק S שחורות אלסטיות 100 יחידות,איזי טאצ,CN,כפפות פלסטיק שחור אלסטי סמול ל.אבקה100יח,יחידה,100.00,יחידה,false,20,9.90,0.0990,true,1,326828
7290018071250,false,כפפות פלסטיק M שחורות אלסטיות 100 יחידות,איזי טאצ,CN,כפפות פלסטיק שחור אלסטי מדיוםל.אבקה100יח,יחידה,100.00,יחידה,false,20,9.90,0.0990,true,1,326829
7290018071274,false,כפפות פלסטיק XL שחורות אלסטיות 100 יחידות,איזי טאצ,CN,כפפות פלסטיק שחור אלסטי אקסטרה ל.אבקה100,יחידה,100.00,יחידה,false,20,9.90,0.0990,true,1,326831
7290018091029,false,מקלות פילו תפוחי אדמה מעדנות 450 ג',תנובה מעדנות,IL,מקלות פילו תפוחי אדמה 450גר מעדנות,גרמים,450.00,100 גרם,false,10,19.90,4.4222,true,1,322944
7290018091074,false,בצק עוגיות שוקולד צ'יפס 300 גרם מעדנות,תנובה מעדנות,IL,בצק עוגיות שוקולד ציפס 300גר מעדנות,גרמים,300.00,100 גרם,false,24,18.90,6.3000,true,1,336730
7290018091234,false,פיצה מקסיקנית מעדנות 200 גרם,תנובה מעדנות,IL,פיצה מקסיקנית 200גר מעדנות,גרמים,200.00,100 גרם,false,12,16.90,8.4500,true,1,324838
7290018091272,false,בצק עוגיות קקאו טריפל שוקולד צ'יפס 300 גרם מעדנות,תנובה מעדנות,IL,בצק עוגיות קקאו טריפל שוקולד ציפס 300גר,גרמים,300.00,100 גרם,false,24,18.90,6.3000,true,1,336731
7290018091470,false,גלילת ביסקוויטים בטעם שוקולד 300 גרם מעדנות,תנובה מעדנות,IL,גלילת ביסקוויטים טעם שוקולד 300גר מעדנות,גרמים,300.00,100 גרם,false,24,18.90,6.3000,true,1,336732
7290018091616,false,מקלות פילו גבינה מעדנות 450 גרם,מיוצר עי קונדיטוריית,IL,מקלות פילו גבינה 450גר מעדנות,גרמים,450.00,100 גרם,false,10,19.90,4.4222,true,1,322943
7290018091661,false,פיצה ירקות שוק מעדנות 380 גרם,"מעדנות בע""\מ",IL,פיצה ירקות שוק 380גר מעדנות,גרמים,380.00,100 גרם,false,9,21.90,5.7632,true,1,332669
7290018091821,false,פיצה נפוליטנה מעדנות 200 גרם,תנובה מעדנות,IL,פיצה נפוליטנה 200גר מעדנות,גרמים,200.00,100 גרם,false,12,16.90,8.4500,true,1,324837
7290018091876,false,"מאפה פילו גבינה, 320 גרם מעדנות","מעדנות בע""\מ",IL,מאפה פילו גבינה 320גר מעדנות,גרמים,320.00,100 גרם,false,12,21.90,6.8437,true,1,335440
7290018098486,false,פיצה מרגריטה מקמח כוסמין טבעוני 350 גרם פרווה,"אופק מן הטבע בע""\מ",IL,פיצה מרגריטה 350גרם מילק פריי,גרמים,350.00,100 גרם,false,10,21.90,6.2571,true,1,335581
7290018127001,false,עוגיות שוקולד פצפוצים חלווה קפה 230 גרם,,IL,חטיפי שוקולד פצפוצים חלווה פולי קפה 230ג,גרמים,230.00,100 גרם,false,1,32.90,14.3043,true,1,318643
7290018127018,false,עוגיות שוקולד פצפוצים שקדים טחינה 230 גר,,IL,חטיפי שוקולד פצפוצים שקדים וטחינה 230גר,גרמים,230.00,100 גרם,false,1,32.90,14.3043,true,1,318644
7290018127032,false,חטיף DATE טבעות תמר,רום גת,IL,חטיף DATE טבעות תמר ואגוז טבעוני 220 גר,גרמים,220.00,100 גרם,false,12,32.90,14.9545,true,1,318754
7290018127148,false,חטיף תמר אגוזים קינמ,רום גת,IL,חטיף תמר אגוזים קינמון 250 גרם,גרמים,250.00,100 גרם,false,12,32.90,13.1600,true,1,324372
7290018127155,false,חטיף תמר פיסטוק קשיו,רום גת,IL,חטיף תמר פיסטוק קשיו 250 גרם,גרמים,250.00,100 גרם,false,12,32.90,13.1600,true,1,324370
7290018127278,false,גרנולה קראנץ תמר תפו,"מאמא יארא בע""\מ",IL,גרנולה קראנץ תמר תפוח ללא גלוטן 250 גר,גרמים,250.00,100 גרם,false,1,22.90,9.1600,true,1,334100
7290018127285,false,גרנולה קראנ'ץ קינמון 250,"מאמא יארא בע""\מ",IL,גרנולה קראנץ קינמון ללא גלוטן 250 גר,גרמים,250.00,100 גרם,false,1,22.90,9.1600,true,1,334099
7290018127292,false,גרנולה קראנץ קלאסית250ג,"מאמא יארא בע""\מ",IL,גרנולה קראנץ קלאסית 250 גר,גרמים,250.00,100 גרם,false,1,22.90,9.1600,true,1,334098
7290018127452,false,פתיבר בטעם וניל 200 גרם,רום גת,IL,ביסקוויט פתיבר 200 גר גלוטרי,גרמים,200.00,100 גרם,false,12,12.90,6.4500,true,1,321558
7290018127469,false,"ביסקוויט פתי בר בטעם שוקולד לל""ג 200 גרם",רום גת,IL,ביסקוויט פתיבר שוקולד 200 גר גלוטרי,גרמים,200.00,100 גרם,false,12,12.90,6.4500,true,1,321559
7290018127490,false,קראנצ'ונים ריבועים 200 ג,,IL,קראנצונים ריבועים פריכים למרק וסלט 200גר,גרמים,200.00,100 גרם,false,1,12.90,6.4500,true,1,327178
7290018131534,false,מאגדת מיני בייטס מילקה נסטלה 201 גרם,שוורצקוף& הנקל דיסלד,PL,מאגדת מילקה מיני בייטס 3יח,יחידה,3.00,יחידה,false,8,16.90,5.6333,true,1,323601
7290018131558,false,מאגדת מיני בייטס אוראו 201 גרם,שוורצקוף& הנקל דיסלד,PL,מאגדת אוראו מיני בייטס 3יח,יחידה,3.00,יחידה,false,8,16.90,5.6333,true,1,323602
7290018131596,false,אימפלס מיני בייטס אוראו 8 יחידות,שוורצקוף& הנקל דיסלד,PL,שלגון אוראו מיני בייטס,יחידה,1.00,יחידה,false,24,9.00,9.0000,true,1,323600
7290018131756,false,מאגדת שלגון וניל מצופה תות נסטלה 440 גרם,גלידות נסטלה )נגה גלידות,IL,מאגדת שלגוני וניל מצופה תות 8יח 55גר,יחידה,8.00,יחידה,false,1,29.90,3.7375,true,1,326359
7290018131831,false,נסטלה מאגדת שלגון מילקה וניל חדש8 4*66ג,שוורצקוף& הנקל דיסלד,PL,מאגדת שלגון מילקה קראנצי 4יח,יחידה,4.00,יחידה,false,8,36.90,9.2250,true,1,336804
7290018131855,false,אקסטרים טילון בראוניז בדצ מאגדת 6*72 גרם נסטלה,גלידות נסטלה )נגה גלידות,IL,מאגדת טילון בראוניז אקסטרים 6 יחידות,יחידה,6.00,יחידה,false,1,35.90,5.9833,true,1,327702
7290018131879,false,אקסטרים טילון חלב בדצ מאגדת 6*72 גרם נסטלה,גלידות נסטלה )נגה גלידות,IL,מאגדת טילון ריבת חלב אקסטרים 6 יחידות,יחידה,6.00,יחידה,false,1,35.90,5.9833,true,1,327701
7290018131893,false,אקסטרים טילון פקאן בדצ מאגדת 6*72 גרם נסטלה,גלידות נסטלה )נגה גלידות,IL,מאגדת טילון פקאן אקסטרים 6 יחידות,יחידה,6.00,יחידה,false,1,35.90,5.9833,true,1,327700
7290018131954,false,קרחון שרבט פרווה לה פרוטה תות שדה ושוקולד מריר,נגה גלידות שותפות מוגבלת,IL,מאגדת לה פרוטה שוקולד תות 5יח 70גר,יחידה,5.00,יחידה,false,1,29.90,5.9800,true,1,326357
7290018132388,false,"מטרנה גולד בד""ץ שלב 2 700 גרם",מטרנה תעשיות ש.מ.,IL,מטרנה גולד שלב 2 700 גר,גרמים,700.00,100 גרם,false,12,79.90,11.4143,true,1,337717
7290018132425,false,"מטרנה גולד בד""ץ שלב 3 700 גרם",מטרנה תעשיות ש.מ.,IL,מטרנה גולד שלב 3 700 גר,גרמים,700.00,100 גרם,false,12,79.90,11.4143,true,1,337718
7290018140062,false,בורגר טבעוני 250 גרם,חמים וטעים,IL,בורגר ברביקיו גריל טבעוני 2יח 250גר,גרמים,250.00,100 גרם,false,1,24.90,9.9600,true,1,325079
7290018140390,false,שווארמה טבעונית 350 גרם,ישראמרקט,IL,שווארמה טבעונית להכנה מהירה 350גר ריינבו,גרמים,350.00,100 גרם,false,1,29.90,8.5429,true,1,332205
7290018140499,false,שניצל מן הצומח 200 גרם - הקצב הכחול,,IL,שניצל מן הצומח 200גר הקצב הכחול,גרמים,200.00,100 גרם,false,1,25.90,12.9500,true,1,337329
7290018140543,false,כמו בשר טחון 300 גרם,,FI,כמו בשר טחון 300גרם ריינבו,גרמים,300.00,100 גרם,false,1,29.90,9.9667,true,1,332202
7290018140611,false,נקניק.צוריסוס טבעוני300ג,ריינבו,IL,נקניקיות צוריסוס טבעוניות 3יח 300גר,גרמים,300.00,100 גרם,false,1,39.90,13.3000,true,1,332197
7290018140697,false,שניצלונים מן הצומח 2,,IL,שניצלונים מן הצומח 200גר הקצב הכחול,גרמים,200.00,100 גרם,false,1,25.90,12.9500,true,1,337330
7290018140741,false,רצועות סויה סגנון בקר300,,FI,רצועות סויה בסגנון בקר 300גרם ריינבו,גרמים,300.00,100 גרם,false,1,29.90,9.9667,true,1,332203
7290018140819,false,נקניקיות מרגז טבעוני300ג,ריינבו,IL,נקניקיות מרגז טבעוניות 3יח 300גר ריינבו,גרמים,300.00,100 גרם,false,1,39.90,13.3000,true,1,332196
7290018140833,false,עראיס טבעוני מחנה יה,חמים וטעים,IL,עראייס טבעוני 300גר מחנה יהודה 4יח,גרמים,300.00,100 גרם,false,1,29.90,9.9667,true,1,336390
7290018156087,false,"ד""ר פישר - סרקל אקטיב שמפו 450 מ""ל",פישר מעבדות פרמצבטיות,IL,שמפו סרקל אקטיב 450 מל,מיליליטרים,450.00,"100 מ""ל",false,12,34.90,7.7556,true,1,324320
7290018156094,false,"ד""ר פישר סרקל אקטיב מרכך 450 מ""ל",פישר מעבדות פרמצבטיות,IL,מרכך סרקל אקטיב 450 מל,מיליליטרים,450.00,"100 מ""ל",false,12,34.90,7.7556,true,1,324319
7290018156124,false,"אל סבון קמיל צבעוני ד""ר פישר שלישיה* 500 מ""ל",פישר תעשיות,IL,מארז 3יח אלסבון קמיל צבעוני 500מל,מיליליטרים,1500.00,"100 מ""ל",false,6,19.90,1.3267,true,1,320661
7290018165010,false,"יין רזרב GOLD EDITION גווצטרמינר ברקן 750 מ""ל",יקבי ברקן שיווק והפצה בע,IL,יין רזרב גוורצטרמינר גולד 750 מל,מיליליטרים,750.00,"100 מ""ל",false,1,45.00,6.0000,true,1,320717
7290018165447,false,"יין רזרב GOLD מרלו ברקן 750 מ""ל",יקבי ברקן שיווק והפצה בע,IL,יין רזרב גולד מרלו 750 מל,מיליליטרים,750.00,"100 מ""ל",false,1,45.00,6.0000,true,1,326814
7290018175002,false,פיתה מתנפחת ללא גלוטן300,,IL,מארז 3יח פיתה מתנפחת ללא גלוטן 330גר,גרמים,330.00,100 גרם,false,6,19.90,6.0303,true,1,325955
7290018175224,false,אצבעות בייגלה ירושלמי220,"מאמא יארא בע""\מ",IL,אצבעות בייגלה ירושלמי 220גר,גרמים,220.00,100 גרם,false,12,14.90,6.7727,true,1,334753
7290018175620,false,מארז 5יח פיתה מתנפחת,,IL,מארז 5יח פיתה מתנפחת ללא גלוטן 400גר,גרמים,400.00,100 גרם,false,9,22.90,5.7250,true,1,334752
7290018175804,false,סמבוסק פיצה ללא גלוט,,IL,סמבוסק פיצה ללא גלוטן 250גר,גרמים,250.00,100 גרם,false,6,34.90,13.9600,true,1,325960
7290018198056,false,תפוגן קוביות תפוחי אדמה 9*1.5קג,עיצובים 2020 (4.5),IL,ציפס קוביות תפוגן 1.5קג,קילוגרמים,1.50,"ק""ג",false,1,24.90,16.6000,true,1,323812
7290018198148,false,"תפוגן קריספי צ'יפס קלאסי 1.25 ק""ג",עיצובים 2020 (4.5),IL,ציפס קריספי קלאסי תפוגן 1.25קג,גרמים,1250.00,100 גרם,false,9,24.90,1.9920,true,1,332297
7290018198209,false,צ'יפס בטטה קראנצ'י תפוגן 500 גרם,"תעשיות תפוגן בע""מ",IL,ציפס בטטה קראנצי 500גר תפוגן,גרמים,500.00,100 גרם,false,18,19.90,3.9800,true,1,326080
7290018198254,false,"תפוגן קריספי צ'יפס פוטטוס 1.25 ק""ג",עיצובים 2020 (4.5),IL,ציפס קריספי פוטטוס תפוגן 1.25קג,גרמים,1250.00,100 גרם,false,9,24.90,1.9920,true,1,332298
7290018208052,false,תמר לח חיאני 500 גרם,,,תמר לח חיאני 500 גרם,גרמים,500.00,100 גרם,false,1,9.90,1.9800,true,1,321640
7290018213100,false,דלי מגבונים לניקוי כללי שייני focus,,IL,מגבונים לניקוי וחיטוי משטחים 400יח בדלי,יחידה,400.00,יחידה,false,6,18.90,0.0472,true,1,332670
7290018213216,false,סט שירותים אורבן שחור,,,סט שירותים אורבן שחור,יחידה,1.00,יחידה,false,1,10.90,10.9000,true,1,322576
7290018213247,false,מטליות לחות לריצפה שייני 10יחידות,מ.א,IL,מטליות לחות לרצפות 10יח 99%משמיד חיידקים,יחידה,10.00,יחידה,false,12,8.90,0.8900,true,1,322715
7290018213476,false,כף אשפה מתקפל GLOW (,,IT,כף אשפה נאון,יחידה,1.00,יחידה,false,12,16.90,16.9000,true,1,335472
7290018213605,false,מארז 2יח מטליות מיקר,,CN,מארז 2יח מטליות מיקרו אנטיבקטריאלי רצפות,יחידה,2.00,יחידה,false,24,11.90,5.9500,true,1,332672
7290018213926,false,כפפות חד פעמי ויניל,,,כפפות חד פעמי ויניל אקס אל ל. אבקה 100יח,יחידה,100.00,יחידה,false,10,29.90,0.2990,true,1,329334
7290018213964,false,סט קופסאות אחסון 3יח,,IL,סט קופסאות אחסון 3יח 800מל,יחידה,3.00,יחידה,false,63,7.90,2.6333,true,1,332683
7290018213971,false,סט קופסאות אחסון 3יח,,IL,סט קופסאות אחסון 3יח 1000מל,יחידה,3.00,יחידה,false,63,7.90,2.6333,true,1,332684
7290018215807,false,יין אלכסנדר רזרב שיר,,,יין אלכסנדר רזרב שיראז 750 מל,מיליליטרים,750.00,"100 מ""ל",false,6,149.00,19.8667,true,1,326156
7290018215814,false,יין אלכסנדר רזרב מרל,אגדת,IL,יין אלכסנדר רזרב מרלו 750 מל,מיליליטרים,750.00,"100 מ""ל",false,6,149.00,19.8667,true,1,321714
7290018228586,false,מפיץ ריח באמצעות מקל,,,מפיץ ריח מיוחד,יחידה,1.00,יחידה,false,1,29.90,29.9000,true,1,334734
7290018228944,false,מוסקו מקלות מפיצי ריח לבית,,,מקלות מפיצי ריח לבית,יחידה,1.00,יחידה,false,1,19.90,19.9000,true,1,334733
7290018236635,false,צ'ונגו-פופקורן מצופה עוף טוב 600 גרם,מוצרי עוף טוב (2001) בע\,IL,שניצל צונגו פופקורן מצופה 600 גר עוף טוב,גרמים,600.00,100 גרם,false,12,39.90,6.6500,true,1,326078
7290018237281,false,עוף טוב נקניק סלמי ירדן 550 גר',מוצרי עוף טוב (2001) בע\,IL,נקניק סלמי ירדן 550גר עוף טוב,גרמים,550.00,100 גרם,false,1,25.90,4.7091,true,1,328044
7290018237304,false,פסטרמה מקסיקנית גוש,מולינו ניקולי s.p.a,IL,פסטרמה מקסיקנית 200גר נתח שלם ע.טוב,גרמים,200.00,100 גרם,false,8,21.90,10.9500,true,1,329442
7290018237328,false,פסטרמה במעשנה עוף טו,מולינו ניקולי s.p.a,IL,פסטרמה במעשנה 200גר נתח שלם ע.טוב,גרמים,200.00,100 גרם,false,8,21.90,10.9500,true,1,329443
7290018237335,false,פסטרמה מהגריל עוף טו,מולינו ניקולי s.p.a,IL,פסטרמה מהגריל 200גר נתח שלם ע.טוב,גרמים,200.00,100 גרם,false,8,21.90,10.9500,true,1,329444
7290018237373,false,עוף טוב פסטרמה צרובה על הגריל נתח שלם 8*300 גרם,מוצרי עוף טוב (2001) בע\,IL,פסטרמה צרובה על הגריל300גר נתח שלם ע.טוב,גרמים,300.00,100 גרם,false,8,26.90,8.9667,true,1,329441
7290018237397,false,עוף טוב פסטרמה מקורמלת נתח שלם 8*300 גרם,מוצרי עוף טוב (2001) בע\,IL,פסטרמה מקורמלת 300גר נתח שלם עוף טוב,גרמים,300.00,100 גרם,false,8,26.90,8.9667,true,1,329440
7290018237410,false,עוף טוב פסטרמה במעשנה נתח שלם 8*300 גרם,מוצרי עוף טוב (2001) בע\,IL,פסטרמה במעשנה 300גר עוף טוב,גרמים,300.00,100 גרם,false,8,26.90,8.9667,true,1,329439
7290018237489,false,פסטרמה ברביקיו דק דק עוף טוב 200 גרם,"עוף טוב (שאן) בע""מ",IL,פסטרמה ברביקיו דק דק 220גר עוף טוב,גרמים,220.00,100 גרם,false,8,18.90,8.5909,true,1,332577
7290018237496,false,פסטרמה בדבש דק דק עוף טוב 200 גרם,"עוף טוב (שאן) בע""מ",IL,פסטרמה דבש דק דק 220גר עוף טוב,גרמים,220.00,100 גרם,false,8,18.90,8.5909,true,1,332576
7290018237502,false,עוף טוב כתף בקר דק-דק 200 גרם,"עוף טוב (שאן) בע""מ",IL,כתף בקר דק דק 200גר עוף טוב,גרמים,200.00,100 גרם,false,8,18.90,9.4500,true,1,332575
7290018237885,false,נקניקיות XL ללחמנייה 370 ג' עוף טוב,עוף טוב,IL,נקניקיות עוף טוב אקס אל ללחמניה 370גר,גרמים,370.00,100 גרם,false,1,15.00,4.0541,true,1,335518
7290018237922,false,שניצלונים ציפוי צ'יפס עוף טוב 700 גרם,מוצרי עוף טוב (2001) בע\,IL,שניצלונים עוף טוב בציפוי ציפס 700גר,גרמים,700.00,100 גרם,false,12,21.90,3.1286,true,1,335230
7290018237939,false,שניצלונים ציפוי שומשום עוף טוב 700 גרם,מוצרי עוף טוב (2001) בע\,IL,שניצלונים עוף טוב בציפוי שומשום 700גר,גרמים,700.00,100 גרם,false,12,21.90,3.1286,true,1,335229
7290018237960,false,עוף טוב כתף בקר עסיסי 265 גרם,עיצובים 2020 (4.9),IL,נקניק כתף בקר 265גר עוף טוב,גרמים,265.00,100 גרם,false,8,24.90,9.3962,true,1,336287
7290018237984,false,סלמי פפרוני פיקנטי מפולפל 8*320ג עוף טוב,עיצובים 2020 (4.9),IL,נקניק סלמי פפרוני פיקנטי מפולפל320גר ע.ט,גרמים,320.00,100 גרם,false,8,24.90,7.7812,true,1,336286
7290018249086,false,סוויטאנגו ממרח בטעם חלווה פיסטוקחום,,IL,סוויטנגו ממרח בטעם חלווה פיסטוק ללס 350ג,גרמים,350.00,100 גרם,false,12,32.90,9.4000,true,1,338301
7290018249123,false,"סוויטאנגו אינסטנט פודינג וניל, 50 גרם",מתבל תעשיות מזון,IL,אינסטנט פודינג וניל ללס 50 גר,גרמים,50.00,100 גרם,false,12,11.90,23.8000,true,1,324928
7290018249154,false,ממרח קקאו עם אגוזי לוז 350 גר,"אחדות ביח""ר לטחינה ח",IL,סוויטנגו ממרח קקאו ללא סוכר 350ג,גרמים,350.00,100 גרם,false,12,32.90,9.4000,true,1,338302
7290018249222,false,ממתיק סוויטנגו אבקה 100 ג',מתבל תעשיות מזון,IL,ממתיק סוויטנגו אבקה 100 גר,גרמים,100.00,100 גרם,false,12,14.90,14.9000,true,1,324924
7290018249291,false,ממתיק סוכר וניל סוויטאנגו 100 ג',מתבל תעשיות מזון,IL,סוכר וניל סוויטאנגו 100 גר,גרמים,100.00,100 גרם,false,12,14.90,14.9000,true,1,331811
7290018249352,false,אינסטנט פודינג קרמל סוויטאנגו 55 גר,מתבל תעשיות מזון,IL,סוויטנגו אינסטנט פודינג קרמל 55 גר,Unknown,0.00,Unknown,false,12,11.90,0.0000,true,1,338300
7290018249444,false,אבקת ממתיק סוכר שוקו סוויטאנגו 400 גר,מתבל תעשיות מזון,IL,אבקה להכנת שוקו סוויטאנגו 400 גר,גרמים,400.00,100 גרם,false,8,38.90,9.7250,true,1,331809
7290018249499,false,כמו סוכר באריזה אישי,,,מארז ממתיק סוויטנגו 100 שקיות 500גר,יחידה,100.00,יחידה,false,6,38.90,0.3890,true,1,338297
7290018249550,false,אינסטנט פודינג שוקולד סוויטאנגו 55 גר,מתבל תעשיות מזון,IL,אינסטנט פודינג שוקולד ללס 55 גר,גרמים,55.00,100 גרם,false,12,11.90,21.6364,true,1,327052
7290018249727,false,תחליף אבקת סוכר 400 גרם- סוויטנגו,מתבל תעשיות מזון,IL,סוויטנגו אבקת ממתיק סוכר 400 גר,גרמים,400.00,100 גרם,false,8,39.90,9.9750,true,1,338299
7290018249802,false,ממתיק סוויטאנגו צנצנת 280 גרם,מתבל תעשיות מזון,IL,ממתיק סוויטאנגו 280 גר,גרמים,280.00,100 גרם,false,12,26.90,9.6071,true,1,324927
7290018249994,false,סוויטאנגו תחליף סוכר ממתיק 700 גר',מתבל תעשיות מזון,IL,ממתיק סוויטינגו 700 גרם,גרמים,700.00,100 גרם,false,6,56.90,8.1286,true,1,324925
7290018254172,false,לולאות צורוס 500גרם,,,לולאות צורוס 500גרם קפוא,גרמים,500.00,100 גרם,false,7,14.90,2.9800,true,1,328098
7290018254264,false,במיה קפואה 1 קג פסקו,,,במיה קפואה 1 קג פסקוביץ גודל 1,קילוגרמים,1.00,"ק""ג",false,1,12.90,12.9000,true,1,324177
7290018254585,false,פרחי כרובית 1קג,,,פרחי כרובית 1קג,קילוגרמים,1.00,"ק""ג",false,1,19.90,19.9000,true,1,326848
7290018254738,false,פרחי ברוקולי מצופים,,,פרחי ברוקולי מצופים 1קג פסקוביץ,קילוגרמים,1.00,"ק""ג",false,8,39.90,39.9000,true,1,337170
7290018255537,false,שעועית ירוקה חתוכה 1,,,שעועית ירוקה חתוכה 1קג פסקוביץ,קילוגרמים,1.00,"ק""ג",false,1,10.90,10.9000,true,1,328629
7290018263020,false,שמן זית מן הזית פח 7,,,שמן זית מן הזית פח 750 מל,מיליליטרים,750.00,"100 מ""ל",false,1,39.90,5.3200,true,1,323745
7290018276488,false,מארז שקית חלבון עוגי,,IL,מארז שקית חלבון עוגיות 60יח,יחידה,60.00,יחידה,false,1,299.00,4.9833,true,1,324958
7290018276532,false,מארז שקית חלבון וניל,,IL,מארז שקית חלבון וניל+עוגיות+בננה 60יח,יחידה,60.00,יחידה,false,1,299.00,4.9833,true,1,324960
7290018293027,false,מקל וניל בורבון מדגס,לורן אויילס,US,מקל וניל בורבון מדאגסקר 3 גרם,Unknown,0.00,Unknown,false,36,21.90,0.0000,true,1,336375
7290018294192,false,"יין בלנד היינן אדום יבש 750 מ""ל p.c",כרמל מזרחי,IL,יין אדום יבש פי.סי 750 מל,מיליליטרים,750.00,"100 מ""ל",false,1,45.00,6.0000,true,1,333429
7290018294208,false,"סלקטדאדום ישראלי יבש כרמל 750 מ""ל","כד בני דרום בע""מ",IL,יין סלקטד אדום יבש 750 מל,מיליליטרים,750.00,"100 מ""ל",false,1,35.00,4.6667,true,1,328982
7290018294352,false,"ארק יקבי כרמל 700 מ""",יקבי כרמל Carmel Winery,ES,ערק כרמל 700מל 37.5%אלכוהול בק.פקדון,מיליליטרים,700.00,"100 מ""ל",false,12,59.90,8.5571,true,1,333625
7290018294369,false,"מיץ ענבים תירוש כרמל 700 מ""ל",יקבי כרמל Carmel Winery,IL,מיץ ענבים תירוש אדום 750 מל,מיליליטרים,700.00,"100 מ""ל",false,1,15.90,2.2714,true,1,337217
7290018294383,false,פינו גרי 750מ סדרה אזורית יקבי כרמל,כרמל מזרחי,IL,יין פינו גריגו לבן ס.אזורית 750 מל,מיליליטרים,750.00,"100 מ""ל",false,12,60.00,8.0000,true,1,334248
7290018294895,false,"יין מונלייט מוסקטו ורוד מבעבע 750 מ""ל",יקבי כרמל Carmel Winery,IL,יין מונלייט לבן חצי מתוק 750 מל,מיליליטרים,750.00,"100 מ""ל",false,12,40.00,5.3333,true,1,336734
7290018294901,false,"יין מונלייט אדום יבש 750 מ""ל כרמל",יקבי כרמל Carmel Winery,IL,יין מונלייט אדום יבש 750 מל,מיליליטרים,750.00,"100 מ""ל",false,12,40.00,5.3333,true,1,336733
7290018294918,false,מונלייט מוסקטו רוזה מתוק מבעבע 750מל,יקבי כרמל Carmel Winery,IL,יין מונלייט מוסקטו ורוד מבעבע 750 מל,מיליליטרים,750.00,"100 מ""ל",false,12,40.00,5.3333,true,1,336735
7290018296004,false,לחם מלא מלא דגנים קל,"מאפיית אגמי בע""מ",IL,לחם מלא מלא דגנים קל 750גר,גרמים,750.00,100 גרם,false,1,15.90,2.1200,true,1,320637
7290018296042,false,לחם טוסט אמריקה אגמי,מאפיית אגמי,IL,לחם טוסט אמריקה 500גר,גרמים,500.00,100 גרם,false,1,14.90,2.9800,true,1,331718
7290018296257,false,לחם בריאות ושובע שיבולת שועל 550 גר,מאפיית אגמי,IL,לחם בריאות ושובע שבולת שועל מלא 550 גרם,גרמים,550.00,100 גרם,false,1,16.90,3.0727,true,1,330911
7290018296400,false,לחם בריאות ושובע אגמ,"מאפיית אגמי בע""מ",IL,לחם בריאות ושובע 600גר,גרמים,600.00,100 גרם,false,1,14.90,2.4833,true,1,320636
7290018296455,false,לחם דגנים קל מרובע חלי ממן 750גר,מאפיית אגמי,IL,לחם דגנים קל מרובע 750גר חלי ממן,גרמים,750.00,100 גרם,false,1,18.50,2.4667,true,1,331720
7290018296608,false,לחם בריאות ושובע 9 דגנים קל,מאפיית אגמי,IL,לחם בריאות ושובע קל 9 דגנים 600גר,גרמים,600.00,100 גרם,false,1,14.90,2.4833,true,1,320635
7290018296615,false,פיתה ביס כוסמין מלא 10יח,"מאפיית אגמי בע""מ",IL,מארז 10 יח פיתה ביס כוסמין מלא,יחידה,10.00,יחידה,false,1,16.90,1.6900,true,1,320639
7290018296646,false,חלת כוסמין תחתית קרט,מאפיית אגמי,IL,חלת כוסמין 400 גרם אגמי,גרמים,400.00,100 גרם,false,1,19.90,4.9750,true,1,325898
7290018296653,false,לחם אחיד פלוס כוסמין מרובע 700גר,מאפיית אגמי,IL,לחם אחיד פלוס כוסמין מרובע 700גר חלי ממן,גרמים,700.00,100 גרם,false,1,18.50,2.6429,true,1,331719
7290018296806,false,לחם בריאות ושובע מועשר בסיבים,מאפיית אגמי,IL,לחם בריאות ושובע מועשר בסיבים 600גר,גרמים,600.00,100 גרם,false,1,14.90,2.4833,true,1,320634
7290018296813,false,פיתה ביס קלה 10 יח 4,"מאפיית אגמי בע""מ",,פיתה קלה ביס 10יח,יחידה,10.00,יחידה,false,1,14.90,1.4900,true,1,320638
7290018333044,false,"שלוקים-משקה קל בטעם ענבים קש 18 יח' 200 מ""ל","כרמית מזון בע""\מ",IL,שלוקים משקה קל בטעם ענבים קש 200מל 18יח,יחידה,18.00,יחידה,false,1,19.90,1.1056,true,1,332191
7290018333686,false,גרנולה פרו 250 גרם עם פקאן וחמוציות,רפאלס,IL,גרנולה רפאלס פרו פקאן חמוציות250 גרם,גרמים,250.00,100 גרם,false,10,17.90,7.1600,true,1,336148
7290018333945,false,חטיף אגוזים רפאלס שקד ווניל בדצ 150 גר *12יח,כרמית תעשיות ממתקים,IL,חטיפי רפאלס אגוז שקד וניל 5 יח 150 גרם,גרמים,150.00,100 גרם,false,12,15.90,10.6000,true,1,329072
7290018333952,false,חטיף אגוזים רפאלס וחמוציות בדצ 150 גר *12יח,כרמית תעשיות ממתקים,IL,חטיפי רפאלס אגוז וחמוציות 5 יח 150 גרם,גרמים,150.00,100 גרם,false,12,15.90,10.6000,true,1,329073
7290018333969,false,חטיף גרנולה רפאלס שקדים וטחינה בדצ 150 גר *12יח,כרמית תעשיות ממתקים,IL,חטיפי רפאלס שקד וטחינה 5 יח 150 גר,גרמים,150.00,100 גרם,false,12,15.90,10.6000,true,1,329074
7290018333976,false,חטיף גרנולה רפאלס קשיו וקוקוס בדצ 150 גר *12יח,כרמית תעשיות ממתקים,IL,חטיפי רפאלס קשיו וקוקוס 5 יח 150 גר,גרמים,150.00,100 גרם,false,12,15.90,10.6000,true,1,329075
7290018338032,false,שמן זית אורגני 750 מ,,,שמן זית אורגני 750 מל,מיליליטרים,750.00,"100 מ""ל",false,12,36.90,4.9200,true,1,326391
7290018338155,false,טחינה עם שום אורגנית לחיץ 300 גרם,,,טחינה אורגנית עם שום לחיץ 300 גר,גרמים,300.00,100 גרם,false,24,12.90,4.3000,true,1,326396
7290018338193,false,כורכום טחון אורגני 90 גרם,,IN,כורכום טחון אורגני 90 גר,Unknown,0.00,Unknown,false,12,12.90,0.0000,true,1,326555
7290018338216,false,פלפל שחור גרוס אורגני 80 גרם,,IN,פלפל שחור גרוס אורגני 80 גר,Unknown,0.00,Unknown,false,12,12.90,0.0000,true,1,326556
7290018338223,false,צילי אדום גרוס אורגני 75 גרם,,IN,צילי אדום גרוס אורגני 75 גר,Unknown,0.00,Unknown,false,12,12.90,0.0000,true,1,326557
7290018338247,false,כמון טחון אורגני 90 גרם,,IN,כמון טחון אורגני 90 גר גר,Unknown,0.00,Unknown,false,12,12.90,0.0000,true,1,326559
7290018338254,false,גינגר טחון אורגני 75 גרם,,IN,אבקת גינגר אורגני 75 גר,Unknown,0.00,Unknown,false,12,12.90,0.0000,true,1,326560
7290018338261,false,אבקת כוסברה אורגני 90 גרם,,IN,אבקת כוסבקה אורגני 90 גר,Unknown,0.00,Unknown,false,12,12.90,0.0000,true,1,326561
7290018338278,false,אבקת קארי אורגני 90 גרם,,IN,אבקת קארי אורגנית 90 גר,Unknown,0.00,Unknown,false,12,12.90,0.0000,true,1,326562
7290018338285,false,גראם מסאלה אורגני 90 גרם,,IN,גאראם מסאלה אורגני 90 גר,Unknown,0.00,Unknown,false,12,12.90,0.0000,true,1,326563
7290018338322,false,שמן קנולה אורגני 1 ליטר,,IT,שמן קנולה אורגני כבישה קרה 1 לי,ליטרים,1.00,ליטר,false,6,22.90,22.9000,true,1,326392
7290018338339,false,שמן חמניות אורגני 1 ליטר,,IT,שמן חמניות אורגני כבישה קרה 1 לי,ליטרים,1.00,ליטר,false,6,22.90,22.9000,true,1,326393
7290018338353,false,"שמן פשתן אורגני 250 מ""ל",גו אנד קו,IT,שמן פשתן אורגני כבישה קרה 250 מל,מיליליטרים,250.00,"100 מ""ל",false,6,18.90,7.5600,true,1,326394
7290018338360,false,רסק עגבניות אורגני 70 גרם,,IT,רסק עגבניות אורגני 22% 70 גרם,יחידה,1.00,יחידה,false,50,2.90,2.9000,true,1,327037
7290018338377,false,פלפל קאיין אורגני 90 גרם,,IN,פלפל קאיין אורגני 90 גר,Unknown,0.00,Unknown,false,12,12.90,0.0000,true,1,326564
7290018338384,false,אריתריטול ממתיק 310ג,,CN,ממתיק אריתריטול 310 גרם,גרמים,310.00,100 גרם,false,12,15.90,5.1290,true,1,327058
7290018338513,false,מיץ תפוחים צלול אורג,תבואות,IL,מיץ תפוחים צלול אורגני 1 לי,ליטרים,1.00,ליטר,false,6,17.90,17.9000,true,1,333717
7290018338537,false,מיץ פירות אדומים מעורבים אורגני 1 ליטר,תבואות,IL,מיץ פירות אדומים מעורבים אורגני 1 לי,ליטרים,1.00,ליטר,false,6,18.90,18.9000,true,1,333718
7290018338544,false,פסטה פוזילי כוסמין ל,פוד סרויס,IT,פסטה פוזילי כוסמין לבן אורגני 500 גר,גרמים,500.00,100 גרם,false,16,13.90,2.7800,true,1,333469
7290018338551,false,פנה מקמח כוסמין אורג,פוד סרויס,IT,פסטה פנה כוסמין לבן אורגני 500 גר,גרמים,500.00,100 גרם,false,16,13.90,2.7800,true,1,333471
7290018338568,false,ספגטי מקמח כוסמין לב,פוד סרויס,IT,ספגטי מקמח כוסמין לבן אורגני 500 גר,גרמים,500.00,100 גרם,false,16,13.90,2.7800,true,1,333472
7290018338605,false,אטריות עדשים כתומות,,,אטריות עדשים ע2כתומות אורגני ללג 250גר,גרמים,250.00,100 גרם,false,6,14.90,5.9600,true,1,332130
7290018338629,false,פנה חומוס וכרכום אור,,,פנה חומוס וכרכום אורגני 250 גר,גרמים,250.00,100 גרם,false,6,14.90,5.9600,true,1,332131
7290018338636,false,פסטה פוסילי כוסמת או,,,פסטה פוסילי כוסמת אורגני ללג 250 גר,גרמים,250.00,100 גרם,false,6,14.90,5.9600,true,1,332128
7290018338643,false,פוסיליני עדשים צהובו,,,פסטה פוסילי עדשים צהובואורגני 250 גר,גרמים,250.00,100 גרם,false,6,14.90,5.9600,true,1,332129
7290018338728,false,ציפורן טחון אורגני 40 גרם,,IN,ציפורן טחון אורגני 40 גר,Unknown,0.00,Unknown,false,12,12.90,0.0000,true,1,334619
7290018338735,false,אגוז מוסקט טחון אורגני 40 גרם,,IN,אגוז מוסקט טחון אורגני 40 גר,Unknown,0.00,Unknown,false,12,12.90,0.0000,true,1,334618
7290018338780,false,פוניו אורגני ללא גלו,תבואות,,פוניו אורגני ללא גלוטן 500 גר,גרמים,500.00,100 גרם,false,12,18.90,3.7800,true,1,334232
7290018338797,false,ראס אל חנות אורגני 80 גרם,,IN,ראס אל חנות אורגני 80 גר,Unknown,0.00,Unknown,false,12,12.90,0.0000,true,1,334620
7290018338810,false,פלפל לבן אנרלי אורגנ,,,פלפל לבן אנרלי אורגני 40 גר,Unknown,0.00,Unknown,false,12,12.90,0.0000,true,1,334621
7290018338841,false,מיץ תפוחים קינמון וגינגר אורגני 1 ליטר,תבואות,IL,מיץ תפוחים וקינמון גינגר אורגני 1 לי,ליטרים,1.00,ליטר,false,6,16.90,16.9000,true,1,333719
7290018338896,false,תה ירוק לימונית לואיזה אורגני 37.5 גרם,,LK,תה ירוק אורגני בתוספת לימונית לואיזה 25ש,יחידה,25.00,יחידה,false,12,12.90,0.5160,true,1,337534
7290018338902,false,תה ירוק בתוספת מאצה אורגני 37.5 גרם,,LK,תה ירוק תוספת מאצה אורגני 25 שקיקים,יחידה,25.00,יחידה,false,12,12.90,0.5160,true,1,335367
7290018338919,false,צאי מסאלה אורגני 37.5 גרם,,LK,תה צאי מסלה אורגני 25 שקיקים,יחידה,25.00,יחידה,false,12,12.90,0.5160,true,1,335368
7290018338957,false,מחית תפוח אוכמניות רימון אורגני 100 גרם,תבואות,IT,מחית תפוח אוכמניות רימון אורגני 100 גר,גרמים,100.00,100 גרם,false,18,4.90,4.9000,true,1,334623
7290018338964,false,מחית תפוח אורגני 100 גרם,תבואות,IT,מחית תפוח אורגני 100 גר,גרמים,100.00,100 גרם,false,18,4.90,4.9000,true,1,334624
7290018338971,false,מחית שזיף אורגני 100 גרם,תבואות,IT,מחית שזיף אורגני 100 גר,גרמים,100.00,100 גרם,false,18,4.90,4.9000,true,1,337297
7290018338988,false,מחית תפוח אננס קוקוס אורגני 100 גרם,תבואות,IT,מחית תפוח אננס קרם קוקוס אורגני 100 גר,גרמים,100.00,100 גרם,false,18,4.90,4.9000,true,1,334622
7290018343296,false,דר פישר אלכוגל H לידיים 100 מל,מדי פישר,IL,אלכוגל 70% אלכוהול 100 מל,מיליליטרים,100.00,"100 מ""ל",false,15,17.90,17.9000,true,1,322397
7290018343326,false,"ד""ר פישר מרכך לשיער מתולתל -400 מ""ל PERFECT CURLS",מדי פישר,IL,מרכך פרפקט לשיער מתולתל 400מל,מיליליטרים,400.00,"100 מ""ל",false,10,24.90,6.2250,true,1,324862
7290018343333,false,"ד""ר פישר - פרפקט קרלס מסכת הזנה לשיער מתולתל 300 מ""ל",מדי פישר,IL,מסכת הזנה פרפקט לשיער מתולתל 300מל,מיליליטרים,300.00,"100 מ""ל",false,10,29.90,9.9667,true,1,324860
7290018343340,false,"ד""ר פישר - שמפו משקם לאחר החלקה ללא תוספת מלח 400 מ""ל",פישר מעבדות פרמצבטיות,IL,שמפו משקם לאחר החלקה או עיצוב בחום 400מל,מיליליטרים,400.00,"100 מ""ל",false,10,29.90,7.4750,true,1,324857
7290018343357,false,"ד""ר פישר SMOOTH & REPAIR מרכך משקם לאחר החלקה או עיצוב בחום",פישר מעבדות פרמצבטיות,IL,מרכך משקם לאחר החלקה או עיצוב בחום 400מל,מיליליטרים,400.00,"100 מ""ל",false,10,29.90,7.4750,true,1,324858
7290018343364,false,"ד""ר פישר - מסכת הזנה משקמת לאחר החלקה ללא תוספת מלח 300 מ""ל",פישר מעבדות פרמצבטיות,IL,מסכת הזנה משקם לאחר החלקה 300מל,מיליליטרים,300.00,"100 מ""ל",false,10,29.90,9.9667,true,1,324859
7290018343517,false,מגבוני אלכוג'ל פרמה וויפס לניקוי משטחים פישר 60 יח',פישר תעשיות,IL,מגבונים לניקוי משטחים אלכוגל 60יח פרמה,יחידה,60.00,יחידה,false,24,19.90,0.3317,true,1,323758
7290018343630,false,ד.פישר אפקטיב קר קרם גוף מועשר חמאת קקאו,פישר מעבדות פרמצבטיות בע,IL,קרם גוף אפקטיב קר מועשר בחמאת קקאו 450מל,מיליליטרים,450.00,"100 מ""ל",false,1,21.90,4.8667,true,1,326124
7290018343692,false,פישר אלכוג'ל פרמה וויפס  70% אלכוהול – 60מגבונים,פישר תעשיות,IL,מגבוני אלכוגל 60יח פרמה וויפס 70% אלכו,יחידה,60.00,יחידה,false,24,24.90,0.4150,true,1,323756
7290018344095,false,חטיף חלבון בטעם בוטנים מלח 50 ג' VEG PROTEIN,ממתקי השלום,IL,חטיף פרוטאין טבעוני בוטנים 50גר,יחידה,1.00,יחידה,false,1,11.90,11.9000,true,1,327737
7290018345030,false,בורגר מן הצומח ויגן,"וגאן איסלר בע""מ",TR,בורגר מן הצומח 320 גר ויגנס צויס,גרמים,320.00,100 גרם,false,12,24.90,7.7812,true,1,322343
7290018345054,false,קציצות מן הצומח 300,,TR,קציצות מן הצומח 300 גר ויגנס צויס,גרמים,300.00,100 גרם,false,12,24.90,8.3000,true,1,322344
7290018359037,false,סירופ בטעם ענבים 1 ליטר,היינץ צפון אמריקה מק,IL,סירופ יכין קידס טעם ענבים 1 ל,ליטרים,1.00,ליטר,false,12,24.90,24.9000,true,1,321936
7290018359358,false,שלישית רוטב עגבניות מרוכז מאודפריכוז יכין 200 גרם,זנלכל,IL,מארז 3 יח פריכוז יכין 200 גרם,גרמים,600.00,100 גרם,false,8,12.90,2.1500,true,1,327626
7290018359495,false,תירס מהשדה בלי תוספת סוכר יכין 550 גרם,היינץ צפון אמריקה מק,IL,תירס יכין מהשדה ללא תוספת סוכר 550 גרם,גרמים,550.00,100 גרם,false,1,9.90,1.8000,true,1,326770
7290018359518,false,תירס מהשדה בלי תוספת סוכר יכין מארז 200X3 גר',"זנלכל בע""\מ",IL,מארז 3 יח תירס יכין מהשדה ללא תוספת סוכר,גרמים,600.00,100 גרם,false,1,14.90,2.4833,true,1,326771
7290018359556,false,תירס מהשדה בלי תוספת סוכר יכין 400 גרם,היינץ צפון אמריקה מק,IL,תירס יכין מהשדה ללא תוספת סוכר 400 גרם,גרמים,400.00,100 גרם,false,1,6.90,1.7250,true,1,337036
7290018359570,false,שעועית צ'ילי הקטניה הטובה יכין 3*200 גרם,זנלכל,,מארז 3 יח שעועית צילי קטניה טובה200 גר,גרמים,600.00,100 גרם,false,1,11.90,1.9833,true,1,327625
7290018359587,false,חומוס הקטניה הטובה יכין מארז 3*200 גר,זנלכל,IL,מארז 3 יח חומוס מבושל קטניה טובה200 גר,גרמים,600.00,100 גרם,false,1,11.90,1.9833,true,1,327624
7290018359662,false,קוביות סלק יכין מארז 3*200 גרם,זנלכל,IL,מארז 3 יח קוביות סלק יכין 200 גרם,גרמים,600.00,100 גרם,false,12,14.90,2.4833,true,1,327623
7290018359679,false,הקיסרית-שעועית לימה יכין 550 גרם,קריות זול,IL,שעוית לימה הקיסרית יכין 550 גרם,גרמים,550.00,100 גרם,false,1,9.90,1.8000,true,1,337632
7290018359686,false,יכין חומוס גדול 550 גר A2,היינץ צפון אמריקה מק,IL,גרגירי חומוס הקיסריה ענק יכין 550 גרם,גרמים,550.00,100 גרם,false,1,9.90,1.8000,true,1,337631
7290018359716,false,רוטב עגבניות פיצה טוסקנה 240 גרם יכין,"זנלכל בע""\מ",IL,רוטב פיצה טוסקנה יכין 240 גר,גרמים,240.00,100 גרם,false,1,5.50,2.2917,true,1,327190
7290018359853,false,עדשים שחורות יכין 400 גרם,"זנלכל בע""מ",IL,עדשים שחורות יכין מבושלות 400 גרם,גרמים,400.00,100 גרם,false,12,6.90,1.7250,true,1,337694
7290018359860,false,רסק עגבניות ליקופן טבעי יכין 200 גר*2,זנלכל,IL,זוג רסק עגבניות ליקופין יכין 200 גרם,גרמים,400.00,100 גרם,false,6,14.90,3.7250,true,1,337699
7290018359884,false,פולפה ליקופן טבעית 2*400 גרם יכין,זנלכל,IL,זוג עגבניות פולפה ליקופין יכין 400 ג,גרמים,800.00,100 גרם,false,6,14.90,1.8625,true,1,337693
7290018359938,false,"רוטב עגבניות לשקשוקה יכין, 400 גרם",זנלכל,IL,רוטב לשקשוקה יכין 400 גרם,גרמים,400.00,100 גרם,false,12,11.90,2.9750,true,1,337695
7290018359945,false,רוטב עגבניות פיקנטי מפלפלים וירקות יכין 400 גרם,זנלכל,IL,רוטב פיקנטי חאריפה יכין 400 גרם,גרמים,400.00,100 גרם,false,12,11.90,2.9750,true,1,337698
7290018359952,false,רוטב עגבניות לפסטה יכין 400 גרם,זנלכל,IL,רוטב לפסטה יכין 400 גרם,גרמים,400.00,100 גרם,false,12,11.90,2.9750,true,1,337697
7290018359969,false,רוטב עגבניות לפיצה יכין 400 גרם,זנלכל,IL,רוטב לפיצה יכין 400 גרם,גרמים,400.00,100 גרם,false,12,11.90,2.9750,true,1,337696
7290018367322,false,שומשום בטעם רוטב סויה 100 גרם,,TW,שומשום בטעם רוטב סויהי 100 גרם,גרמים,100.00,100 גרם,false,24,18.90,18.9000,true,1,327272
7290018367346,false,שומשום בטעם וואסבי 100 גרם,Flavor full foods in,TW,שומשום בטעם וואסבי 100 גרם,גרמים,100.00,100 גרם,false,24,18.90,18.9000,true,1,327271
7290018371091,false,בייגלה אורגני מקמח כוסמין שומשום ללא מלח השדה 200 גרם,השדה מוצרים טבעיים ו,IL,בייגלה כוסמין ללא מלח אורגני 200 גר,גרמים,200.00,100 גרם,false,1,15.90,7.9500,true,1,326346
7290018371114,false,ניוקי אורגני עם קמח,השדה מוצרים טבעיים ו,IT,ניוקי אורגני עם קמח כוסמין מלא 400 גר,גרמים,400.00,100 גרם,false,11,18.90,4.7250,true,1,326410
7290018371206,false,מחית תפוח עץ ושזיף סקוויז אורגני השדה מוצרים אורגנים 100 גרם,השדה מוצרים טבעיים ו,ES,מחית סקוויז תפוח עץ שזיף אורגני 100 גר,גרמים,100.00,100 גרם,false,1,5.90,5.9000,true,1,325610
7290018371213,false,מחית תפוח עץ ואפרסק סקוויז אורגני השדה מוצרים אורגנים 100 גרם,השדה מוצרים טבעיים ו,ES,מחית סקוויז תפוח עץ אפרסק אורגני 100 גר,גרמים,100.00,100 גרם,false,1,5.90,5.9000,true,1,325611
7290018371220,false,"חמאת בוטנים ללת""ס/מלח אורגני 400 גרם",סנקי,IL,חמאת בוטנים אורגנית ללא סוכר/מלח 400גר,גרמים,400.00,100 גרם,false,12,22.90,5.7250,true,1,324645
7290018371237,false,"חמאת בוטנים קראנץ ללת""ס/מלח אורגני 400 ג",השדה מוצרים טבעיים ו,IL,חמאת בוטנים אורגנית שבבי בוטנים ללאמלח,גרמים,400.00,100 גרם,false,12,22.90,5.7250,true,1,324646
7290018371244,false,בוטנים קלויים אורגני,,IL,בוטנים רלויים אורגניים 180גר,גרמים,180.00,100 גרם,false,18,12.90,7.1667,true,1,324648
7290018371299,false,אובלטים אורגניים מקמח חומוס 100 גרם,השדה מוצרים טבעיים ו,IL,אובלטים מקמח חומוס אורגני 100 גר,גרמים,100.00,100 גרם,false,15,12.90,12.9000,true,1,327892
7290018371312,false,אובלטים מקמח כוסמת אורגני 100 גרם,אם החיטה,IL,אובלטים מקמח כוסמת אורגני 100 גר,גרמים,100.00,100 גרם,false,15,12.90,12.9000,true,1,327893
7290018371459,false,פסטה רדיאטור 5 צבעים אורגני בצנצנת 450 ג,,IT,פסטה מקמח דורום 5 צבעים אורגני 450 גר,גרמים,450.00,100 גרם,false,6,49.90,11.0889,true,1,333815
7290018371466,false,וופל קמח מלא חרובים אורגני 200 גרם,השדה מוצרים טבעיים ו,IL,וופל מקמח מלא חרובים 200 גר,גרמים,200.00,100 גרם,false,12,10.90,5.4500,true,1,332183
7290018371480,false,וופל קמח כוסמין חרובים אורגני 200 גרם,השדה מוצרים טבעיים ו,IL,וופל מקמח כוסמין חרובים 200 גר,גרמים,200.00,100 גרם,false,12,14.90,7.4500,true,1,332184
7290018371503,false,וופל קמח כוסמין אגוזים אורגני 200 גרם,השדה מוצרים טבעיים ו,IL,וופל מקמח כוסמין אגוזים 200 גר,גרמים,200.00,100 גרם,false,12,14.90,7.4500,true,1,332186
7290018371534,false,וופל קוביות כוסמין חרובים אורגני 200 גר,"רוקחמן בע""מ",IL,וופל קוביות קמח כוסמין חרובים 200 גרגר,גרמים,200.00,100 גרם,false,12,15.90,7.9500,true,1,332188
7290018371541,false,מאגדת חטיף וופל חרובים אורגני 7*20 גר,רוקחמן,IL,מאגדת חטיף וופל 7 יח אורגני,יחידה,1.00,יחידה,false,12,10.90,10.9000,true,1,332189
7290018371596,false,קוביות וופלים כוסמין לימון אורגני 200 גר,רוקחמן,IL,וופל קוביות קמח כוסמין לימון 200 גר,גרמים,200.00,100 גרם,false,12,15.90,7.9500,true,1,337617
7290018371602,false,קוביות וופלים כוסמין קקאו אורגני 200 גרם,רוקחמן,IL,וופל קוביות קמח כוסמין קרם קקאו 200 גר,גרמים,200.00,100 גרם,false,12,15.90,7.9500,true,1,337616
7290018380215,false,קורנישון מיני פיקנטי 670 גרם,קולמן,IN,מלפפון קורנישון מיני פיקנטי 670 ג תומר,גרמים,670.00,100 גרם,false,12,9.90,1.4776,true,1,337009
7290018380222,false,קורנישון בינוני פיקנטי 670 גרם,,IN,מלפפון קורנישון פיקנטי670 ג תומר,גרמים,670.00,100 גרם,false,12,9.90,1.4776,true,1,337008
7290018380253,false,שימורי מזון מלא לכלבים בוגרים עם עוף,באדי Buddy,HU,מזון לכלב עם עוף 415גר,גרמים,415.00,100 גרם,false,24,4.50,1.0843,true,1,335302
7290018380260,false,"מזון לכלב עם כבד ""באדי"" 400 גרם",Effeffe pet food,HU,מזון לכלב עם כבד 415גר,גרמים,415.00,100 גרם,false,24,4.50,1.0843,true,1,335300
7290018380277,false,שימורים מזון מלא לכלבים בוגרים עם בשר אייל,Effeffe pet food,HU,מזון לכלב עם בשר ציד 415גר,גרמים,415.00,100 גרם,false,24,4.50,1.0843,true,1,335299
7290018380284,false,שימורי מזון מלא לחתולים עם בקר,Effeffe pet food,HU,מזון לחתול עם בקר 415גר,גרמים,415.00,100 גרם,false,24,4.50,1.0843,true,1,335304
7290018380291,false,"מזון לחתול עם בשר עוף ""באדי"" 400 גרם",Effeffe pet food,HU,מזון לחתול עם בשר עוף 415גר,גרמים,415.00,100 גרם,false,24,4.50,1.0843,true,1,335305
7290018380307,false,"מזון לחתול עם בשר כבד ""באדי"" 400 גרם",באדי Buddy,HU,מזון לחתול עם בשר כבד 415גר,גרמים,415.00,100 גרם,false,24,4.50,1.0843,true,1,335306
7290018380314,false,שימורי מזון מלא לחתולים עם דגים,Effeffe pet food,HU,מזון לחתול עם דגים 415גר,גרמים,415.00,100 גרם,false,24,4.50,1.0843,true,1,335307
7290018380321,false,שימורי מזון מלא לחתולים עם בשר אייל,Effeffe pet food,HU,מזון לחתול עם בשר ציד 415גר,גרמים,415.00,100 גרם,false,24,4.50,1.0843,true,1,335308
7290018380383,false,שיבולת שועל אינסטנט 510 גרם,,US,שבולת שועל להכנה מהירה תומר 510 גרם,גרמים,510.00,100 גרם,false,12,9.90,1.9412,true,1,336997
7290018380529,false,לבבות דקל חתיכות תומר 400 גרם,אינקופלמיטו אס.אי,EC,לבבות דקל חתוכים תומר 400 גרם,גרמים,400.00,100 גרם,false,12,7.90,1.9750,true,1,337724
7290018380727,false,דפי בצק פילו עגולים תומר 400 גרם,,TR,דפי בצק פילו עגולים 400גרם,גרמים,360.00,100 גרם,false,16,12.90,3.5833,true,1,336472
7290018380734,false,דפי בצק פילו משולשים תומר 360 גרם,,TR,דפי בצק פילו משולשים 360 גרם,גרמים,360.00,100 גרם,false,16,12.90,3.5833,true,1,336471
7290018394021,false,ח.תקוע פטריות מלך היער,חוות פטריות תקוע,CN,פטריות מלך היער תקוע,Unknown,0.00,Unknown,false,1,13.90,0.0000,true,1,328252
7290018394113,false,דואט פטריות שי-מג'י חוות תקוע,שנגחאי פינק פוד קומפני,IL,דואט פטריות שימגי לבן וחום תקוע,Unknown,0.00,Unknown,false,1,19.90,0.0000,true,1,334897
7290018394144,false,בצלצלי איזי שאלוט חוות תקוע,גורמה,NL,בצלצלי איזי שאלוט תקוע ארוז,Unknown,0.00,Unknown,false,1,10.00,0.0000,true,1,335659
7290018400036,false,חגיגת טעמים כתומים לתנור סנפרוסט 800 גרם,"סנפרוסט בע""מ",IL,לקט חגיגת כתומים 800גר סנפרוסט,גרמים,800.00,100 גרם,false,12,22.90,2.8625,true,1,328311
7290018400227,false,נודלס ועוף בסגנון אס,תנובה ב.ע.ד,IL,נודלס ועוף ב.אסייאתי 350גר תנובה שף,גרמים,350.00,100 גרם,false,12,24.90,7.1143,true,1,326802
7290018400456,false,סמודיז עם פיטאיה סנפרוסט 300 גר,סנפרוסט,,סמוטיז פיטאיה 300 גרם קפוא סנפרוסט,גרמים,300.00,100 גרם,false,1,19.90,6.6333,true,1,334625
7290018400609,false,פיאסטה מקסיקנית סנפרוסט 800 גרם,"סנפרוסט בע""מ",IL,לקט פיאסטה מקסיקנית 800גר סנפרוסט,גרמים,800.00,100 גרם,false,1,22.90,2.8625,true,1,325115
7290018400661,false,לקט פאייה בסגנון ספרדי סנפרוסט 800 גרם,"סנפרוסט בע""\מ",IL,לקט פאייה בסגנון ספרדי 800גר סנפרוסט,גרמים,800.00,100 גרם,false,1,22.90,2.8625,true,1,329364
7290018400807,false,טברנה יוונית סנפרוסט 800 גרם,"סנפרוסט בע""מ",IL,לקט טברנה יוונית 800גר סנפרוסט,גרמים,800.00,100 גרם,false,1,22.90,2.8625,true,1,325116
7290018402740,false,רביולי פטריות איי פוד 450 גרם,"אימפריאל הזרב פוד בע""מ",IL,רביולי פיטריות 450גרם,גרמים,450.00,100 גרם,false,12,17.90,3.9778,true,1,335716
7290018440193,false,פליפז בייגלה בציפוי קרם בטעם חמאת בוטנים מקוויטיס 140 גרם,שוורצקוף& הנקל דיסלד,TR,בייגלה פליפז חמאת בוטנים 140 גרם,גרמים,140.00,100 גרם,false,1,8.90,6.3571,true,1,325994
7290018440209,false,פליפז בייגלה בציפוי פאדג' לבן מקוויטיס 140 גרם,שוורצקוף& הנקל דיסלד,TR,בייגלה פליפז פאדג לבן 140 גרם,גרמים,140.00,100 גרם,false,1,8.90,6.3571,true,1,325995
7290018440223,false,תה צ'אי מסאלה 25 שקיקים ויסוצקי,תה ויסוצקי,IL,תה צאי מסאלה 25 שקיקים 2 גרם,יחידה,25.00,יחידה,false,8,17.90,0.7160,true,1,332405
7290018440230,false,תה צ'אי ורדים 25 שקיקים ויסוצקי,תה ויסוצקי,IL,תה צאי ורדים 25 שקיקים 2 גרם,יחידה,25.00,יחידה,false,8,17.90,0.7160,true,1,332407
7290018440247,false,תה צ'אי שקדים0 25 שקיקים ויסוצקי,תה ויסוצקי,IL,תה צאי שקדים 25 שקיקים 2 גרם,יחידה,25.00,יחידה,false,8,17.90,0.7160,true,1,332406
7290018440254,false,תה צ'אי קרמל מלוח 25 שקיקים ויסוצקי,תה ויסוצקי,IL,תה צאי וקרמל מלוח 25 שקיקים 2 גרם,יחידה,25.00,יחידה,false,8,17.90,0.7160,true,1,332408
7290018440384,false,תה ירוק מאטה לימון נענע ויסוצקי 25 יחידות,תה ויסוצקי,IL,תה ירוק מאטה לימון נענע 25 שק,יחידה,25.00,יחידה,false,1,24.90,0.9960,true,1,330845
7290018440391,false,תה ירוק מאטה נענע גוארנה ויסוצקי 25 יחידות,תה ויסוצקי,IL,תה ירוק מאטה נענע גוארנה 25 שק,יחידה,25.00,יחידה,false,1,24.90,0.9960,true,1,330846
7290018440407,false,תה ירוק מאטה קקאו לוז ויסוצקי 25 יחידות,תה ויסוצקי,IL,תה ירוק מאטה קקאו לוז 25 שק,יחידה,25.00,יחידה,false,1,24.90,0.9960,true,1,330844
7290018440438,false,Calvo טונה בשמן זית פתיחה קלה 3 * 65 גרם,"קאלוו קונסרבס ס.ל.יו. ,",ES,מארז 3 יח טונה קאלוו בשמן זית 65 גרם,גרמים,195.00,100 גרם,false,20,22.90,11.7436,true,1,335473
7290018440445,false,טונה קאלוו בשמן זית 160 גר,"קאלוו קונסרבס ס.ל.יו. ,",ES,טונה קאלוו בשמן זית 160 גרם,גרמים,160.00,100 גרם,false,25,16.90,10.5625,true,1,335475
7290018440476,false,פליפז בייגלה מצופה בקרם עוגת גבינה ותותים מקוויטיס 140 גרם,אולקר מקבוצת פלאדיס,TR,בייגלה פליפז קרם עוגיות ותותים 140 גרם,גרמים,140.00,100 גרם,false,1,8.90,6.3571,true,1,328710
7290018440483,false,פליפז בייגלה מצופה בקרמל מלוח ושוקולד מקוויטיס 140 גרם,שוורצקוף& הנקל דיסלד,TR,בייגלה פליפז קרמל מלוח 140 גרם,גרמים,140.00,100 גרם,false,1,8.90,6.3571,true,1,328709
7290018440490,false,סלט טונה קאלוו עם קוסקוס 150 גר,"קאלוו קונסרבס ס.ל.יו. ,",ES,סלט טונה קאלוו קוסקוס 150 גרם,גרמים,150.00,100 גרם,false,24,14.90,9.9333,true,1,335479
7290018440513,false,סלט קליפורנייה קאלוו עם טונה 150 גר,"קאלוו קונסרבס ס.ל.יו. ,",ES,סלט טונה קאלוו קליפורניה 150 גרם,גרמים,150.00,100 גרם,false,24,14.90,9.9333,true,1,335477
7290018440520,false,סלט טונה קאלוו מקסיקני 150 גר,"קאלוו קונסרבס ס.ל.יו. ,",ES,סלט טונה קאלוו מקסיקני 150 גרם,גרמים,150.00,100 גרם,false,24,14.90,9.9333,true,1,335478
7290018440605,false,קמומיל ולימונית הגן הקסום 25+5,תה ויסוצקי,,תה גן הקסום קמומיל ולימונית5+25 יח,יחידה,30.00,יחידה,false,1,18.90,0.6300,true,1,329437
7290018440896,false,הגן הקסום חליטה ג'ינגר כורכום ויסוצקי 25 יח,תה ויסוצקי,IL,תה גן הקסום גינגר וכורכום 25 שקיקים,יחידה,25.00,יחידה,false,1,18.90,0.7560,true,1,333755
7290018468302,false,נקניקיה טבעונית בסגנון מרגז טירת צבי 400 ג,טירת צבי - מדף,IL,נקניקיה צמחית בסגנון מרגז 400גר,גרמים,400.00,100 גרם,false,10,36.90,9.2250,true,1,335761
7290018468319,false,נקניקיה טבעונית בסגנון צוריסוס טירת צבי 400 גרם,טירת צבי - מדף,IL,נקניקיה צמחית בסגנון צוריסוס 400גר,גרמים,400.00,100 גרם,false,10,36.90,9.2250,true,1,335760
7290018468326,false,נקניקיה טבעונית בסגנון אמריקאי טירת צבי 400 גרם,טיב טירת צבי 2000,IL,נקניקיה צמחית בסגנון אמריקאי 400גר,גרמים,400.00,100 גרם,false,10,36.90,9.2250,true,1,335762
7290018468401,false,פסטרמה צמחונית בטעם גריל 100 גר טירת צבי,טיב טירת צבי 2000,IL,פסטרמה צמחונית 120גרם בטעם גריל טירת צבי,גרמים,120.00,100 גרם,false,36,15.90,13.2500,true,1,337041
7290018468418,false,פסטרמה צמחונית טעם מפולפל 120 גרם טירת צבי,טיב טירת צבי 2000,IL,פסטרמה צמחונית 120גר טעם מפולפל טירת צבי,גרמים,120.00,100 גרם,false,36,15.90,13.2500,true,1,337042
7290018468425,false,נקניק טבעוני בטעם פיקנטי 100 גרם טירת צבי,טיב טירת צבי 2000,IL,נקניק טבעוני 100גרם בטעם פיקנטי טירת צבי,גרמים,100.00,100 גרם,false,36,15.90,15.9000,true,1,337040
7290018468432,false,נקניק טבעוני בטעם מעושן 100 גרם טירת צבי,טיב טירת צבי 2000,IL,נקניק טבעוני 100גרם בטעם מעושן טירת צבי,גרמים,100.00,100 גרם,false,36,15.90,15.9000,true,1,337039
7290018471029,false,"סודה בטעם לימון - מארז 6 בקבוקים 500 מ""ל",יפאורה תבורי בעמ,IL,מארז שישיית סודה שוופס לימון 500 מל,ליטרים,3.00,ליטר,false,1,15.90,5.3000,true,1,325358
7290018471111,false,שוופס ליים מוחיטו 330 מל זכוכית,יפאורה שותפות מובגלת,IL,משקה שוופס מוגז עדין ליים מוחיטו 330 מל,מיליליטרים,330.00,"100 מ""ל",false,1,6.90,2.0909,true,1,327012
7290018471128,false,"ספרינג שייק אננס מנגו פסיפלורה זכוכית 330 מ""ל","יפאורה תבורי בע""\מ",IL,שייק פירות ספרינג 330מל אננס מנגו בק.פקד,מיליליטרים,330.00,"100 מ""ל",false,1,6.90,2.0909,true,1,329002
7290018471135,false,"ספרינג שייק בננה תמר תפוז זכוכית 330 מ""ל","יפאורה תבורי בע""\מ",IL,שייק פירות ספרינג 330מל בננה תמר בק.פקד,מיליליטרים,330.00,"100 מ""ל",false,1,6.90,2.0909,true,1,329003
7290018471142,false,"ספרינג שייק בננה אננס קוקוס פירות יער זכוכית 330 מ""ל","יפאורה תבורי בע""\מ",IL,שייק פירות ספרינג 330מל בננה אננס בק.פקד,מיליליטרים,330.00,"100 מ""ל",false,1,6.90,2.0909,true,1,329004
7290018471180,false,משקה פרוט& ווג' אננס תפוח גזר 1 ליטר,פרוט אנד וג' Fruit & Veg,IL,משקה פרוט אנד ווג 1ליטר אננס תפוח גזר,ליטרים,1.00,ליטר,false,1,13.90,13.9000,true,1,327350
7290018471197,false,פרוט & ווג' תפוח בננה מלון נענע 1 ליטר,פרוט אנד וג' Fruit & Veg,IL,משקה פרוט אנד ווג 1ליטר תפוח בננה מלון,ליטרים,1.00,ליטר,false,1,13.90,13.9000,true,1,327351
7290018471210,false,קרטונית נקטר ספרינג תפוח סברס 1 ליטר,"יפאורה תבורי בע""\מ",IL,נקטר ספרינג אגס סברס תפוח 1 ל בקרטון,ליטרים,1.00,ליטר,false,1,7.50,7.5000,true,1,327349
7290018471302,false,"רביעיית שוופס טוניק בקבוק 4*250 מ""ל",יפאורה תבורי בעמ,IL,מארז 4יח שוופס טוניק 250מל בק. פקדו,מיליליטרים,1000.00,"100 מ""ל",false,1,21.90,2.1900,true,1,326622
7290018471319,false,"מארז רביעייה שוויפס ביטר למון 250מ""ל",יפאורה תבורי בעמ,IL,מארז 4יח שוופס ביטר לימון 250מל בק. פקדו,מיליליטרים,1000.00,"100 מ""ל",false,1,21.90,2.1900,true,1,326621
7290018471395,false,משקה פרוט& ווג' תפוח רימון ג'ינג'ר 1 ליטר,פרוט אנד וג' Fruit & Veg,IL,משקה פרוט אנד ווג 1ליטר רימון סלק גינגר,ליטרים,1.00,ליטר,false,1,13.90,13.9000,true,1,327353
7290018471401,false,משקה פרוט& ווג' אננס בננה כורכום 1 ליטר,פרוט אנד וג' Fruit & Veg,IL,משקה פרוט אנד ווג 1ליטר אננס בננה כורכום,ליטרים,1.00,ליטר,false,1,13.90,13.9000,true,1,327352
7290018471456,false,קרטונית ספרינג שייק אננס מנגו פסיפלורה 1 ליטר,"יפאורה תבורי בע""\מ",IL,שייק פירות ספרינג 1ליטר אננס מנגו פסיפלו,ליטרים,1.00,ליטר,false,1,12.90,12.9000,true,1,329001
7290018471463,false,תפוזינה נקטר תפוז מנגו קרטונית 1 ליטר,"יפאורה תבורי בע""\מ",IL,נקטר תפוזינה תפוז מנגו 1ליטר קרטונית,ליטרים,1.00,ליטר,false,1,7.50,7.5000,true,1,328006
7290018471470,false,תפוזינה נקטר תפוז פסיפלורה קרטונית 1 ליטר,"יפאורה תבורי בע""\מ",IL,נקטר תפוזינה תפוז פסיפלורה 1ליטר קרטונית,ליטרים,1.00,ליטר,false,1,7.50,7.5000,true,1,328007
7290018471487,false,תפוזינה נקטר תפוז אננס קרטונית 1 ליטר,"יפאורה תבורי בע""\מ",IL,נקטר תפוזינה תפוז אננס 1ליטר קרטונית,ליטרים,1.00,ליטר,false,1,7.50,7.5000,true,1,328003
7290018471494,false,תפוזינה משקה תפוז גזר קרטונית 1 ליטר,"יפאורה תבורי בע""\מ",IL,משקה תפוזינה תפוז גזר 1ליטר קרטונית,ליטרים,1.00,ליטר,false,1,7.50,7.5000,true,1,328008
7290018471548,false,"רביעיית ספרינג ענבים 250 מ""ל","יפאורה תבורי בע""\מ",IL,מארז 4יח ספרינג 250מל ענבים,מיליליטרים,1000.00,"100 מ""ל",false,1,12.90,1.2900,true,1,327346
7290018471562,false,שוופ.סודה פירות יער1.5*4,"יפאורה תבורי בע""\מ",IL,שוופס סודה פירות יער 1.5 ליטר רביעיה,ליטרים,6.00,ליטר,false,1,11.00,1.8333,true,1,327347
7290018471623,false,שוופס טוניק אשכוליות ליצ'י 1 ליטר,"יפאורה תבורי בע""\מ",IL,משקה שוופס טוניק אשכוליות ליצי 1ליטר,ליטרים,1.00,ליטר,false,1,9.90,9.9000,true,1,328317
7290018471630,false,שוופס טוניק מלפפון ליים 1 ליטר,"יפאורה תבורי בע""\מ",IL,משקה שוופס טוניק מלפפון ליים 1ליטר,ליטרים,1.00,ליטר,false,1,9.90,9.9000,true,1,328316
7290018471661,false,"תפוזינה ענבים מארז 500X4 מ""ל","יפאורה תבורי בע""\מ",IL,מארז 4יח תפוזינה ענבים 500מל בק. פקדון,מיליליטרים,2000.00,"100 מ""ל",false,1,14.90,0.7450,true,1,328000
7290018471685,false,רביעיית תפוזינה לימונענע 0.5 ליטר,"יפאורה תבורי בע""\מ",IL,מארז 4יח תפוזינה לימונענע500מל בק. פקדון,מיליליטרים,2000.00,"100 מ""ל",false,1,14.90,0.7450,true,1,328001
7290018471906,false,שוופס מוגז פירות לימונדה ורודה 1.5 ליטר פיקדון,"יפאורה תבורי בע""\מ",IL,שוופס מוגז פירות לימונדה ורודה1.5ל פקדון,ליטרים,1.50,ליטר,false,1,9.90,6.6000,true,1,333290
7290018471913,false,משקה מוגז פירות תפוחים שוופס 1.5 ליטר,"יפאורה תבורי בע""\מ",IL,שוופס מוגז פירות תפוחים 1.5ליטר ב. פקדון,ליטרים,1.50,ליטר,false,1,9.90,6.6000,true,1,333291
7290018471920,false,שוופס מוגז פירות ענבים 1.5 ליטר פיקדון,"יפאורה תבורי בע""\מ",IL,שוופס מוגז פירות ענבים 1.5ליטר ב. פקדון,ליטרים,1.50,ליטר,false,1,9.90,6.6000,true,1,333292
7290018471937,false,שוופס מוגז פירות תות ליים 1.5 ליטר פיקדון,"יפאורה תבורי בע""\מ",IL,שוופס מוגז פירות תות ליים 1.5ליטר פקדון,ליטרים,1.50,ליטר,false,1,9.90,6.6000,true,1,333293
7290018471944,false,שוופס מוגז פירות לימונייד 1.5 ליטר פיקדון,"יפאורה תבורי בע""\מ",IL,שוופס מוגז פירות לימונייד 1.5ליטר פקדון,ליטרים,1.50,ליטר,false,1,9.90,6.6000,true,1,333294
7290018471951,false,שוופס מוגז פירות אשכולית אדומה 1.5 ליטר פיקדון,"יפאורה תבורי בע""\מ",IL,שוופס מוגז פירות אשכולית אדומה1.5ל פקדון,ליטרים,1.50,ליטר,false,1,9.90,6.6000,true,1,333295
7290018476819,false,יין בזלת הגולן מאגמה,,IL,יין בזלת הגולן מאגמה 2018 750 מל,מיליליטרים,750.00,"100 מ""ל",false,6,110.00,14.6667,true,1,328592
7290018493021,false,"אל סבון לידיים ד""ר פישר מדקס 500 מ""ל",פישר תעשיות,IL,אל סבון מדקס אקטיבי 500מל,מיליליטרים,500.00,"100 מ""ל",false,12,17.90,3.5800,true,1,325459
7290018493045,false,"קרם ידיים מועשר בשמן קוקוס ד""ר פישר 100 מ""ל",פישר מעבדות פרמצבטיות,IL,קרם ידיים אפקטיב קר מועשר 100מל קוקוס,מיליליטרים,100.00,"100 מ""ל",false,12,11.90,11.9000,true,1,326732
7290018493052,false,"ד""ר פישר - אפקטיב קר קרם ידיים מועשר בשמן אבוקדו 100 מ""ל",פישר מעבדות פרמצבטיות,IL,קרם ידיים אפקטיב קר מועשר 100מל אבוקדו,מיליליטרים,100.00,"100 מ""ל",false,12,11.90,11.9000,true,1,326733
7290018493069,false,"אפקטיב קר קרם ידייםמועשר בשמן כותנה ד""ר פישר 100 מ""ל",פישר מעבדות פרמצבטיות,IL,קרם ידיים אפקטיב קר מועשר 100מל כותנה,מיליליטרים,100.00,"100 מ""ל",false,12,11.90,11.9000,true,1,326734
7290018493076,false,"אפקטיב קר קרם ידייםמועשר בשמן ארגן ד""ר פישר 100 מ""ל",פישר מעבדות פרמצבטיות,IL,קרם ידיים אפקטיב קר מועשר 100מל ארגן,מיליליטרים,100.00,"100 מ""ל",false,12,11.90,11.9000,true,1,326735
7290018493144,false,קמיל קלין &נוריש אל סבון מועשר בשמן ארגן 1 ליטר,פישר מעבדות פרמצבטיות,IL,אל סבון היגיני קלין אנד נוריש 1 ליטר,ליטרים,1.00,ליטר,false,8,13.90,13.9000,true,1,325456
7290018493359,false,ד.פישר אפקטיב קר קרם גוף מועשר בשמן המפ,פישר מעבדות פרמצבטיות בע,IL,קרם גוף אפקטיב קר מועשר בשמן המפ 450מל,מיליליטרים,450.00,"100 מ""ל",false,1,21.90,4.8667,true,1,326125
7290018493700,false,"סבון ידיים ויטמינים לילדים כחול 500 מ""ל ד""ר פישר",מדי פישר,IL,סבון ידיים קידס ויטמינים 500מל כחול,מיליליטרים,500.00,"100 מ""ל",false,9,7.90,1.5800,true,1,331723
7290018493748,false,"ד""ר פישר - מגבונים להסרת איפור אקסטרה סופט 30 יח' * 3",פישר מעבדות פרמצבטיות בע,IL,מארז 3יח מגבוני אפקטיב קר להסרת איפור 30,יחידה,90.00,יחידה,false,12,22.90,0.2544,true,1,331764
7290018493878,false,"ד""ר פישר - סרקל שמפו 750 מ""ל",פישר מעבדות פרמצבטיות בע,IL,שמפו סרקל 750מל משאבה,מיליליטרים,750.00,"100 מ""ל",false,12,19.90,2.6533,true,1,329150
7290018493885,false,"ד""ר פישר - סרקל מרכך 750 מ""ל",פישר מעבדות פרמצבטיות בע,IL,מרכך סרקל 750מל משאבה,מיליליטרים,750.00,"100 מ""ל",false,12,19.90,2.6533,true,1,329151
7290018497012,false,צמח מנקאי מוקפא 320 גרם,הינומן בארי,IL,צמח מאנקי מוקפא 320 גרם,גרמים,320.00,100 גרם,false,1,75.00,23.4375,true,1,325477
7290018516041,false,פרמיו דליקט עוף לחתול,פרמיו Premio,CN,פרמיו דליקט עוף 56 גר,גרמים,56.00,100 גרם,false,12,9.90,17.6786,true,1,336242
7290018516065,false,פרמיו דליקט טונה וסלמון לחתול,פרמיו Premio,CN,פרמיו דליקט טונה וסלמון 56 גר,גרמים,56.00,100 גרם,false,12,9.90,17.6786,true,1,336243
7290018516270,false,פרמיו בוגר עוף לחתול,,FR,פרמיו בוגר עוף 100 גר,גרמים,100.00,100 גרם,false,32,3.90,3.9000,true,1,336982
7290018516324,false,פאוץ' פרינוק תפוח עץ עם שיבולת שועל 120 גרם,פרוטה פודווין איי.אס,CZ,פאוץ פרינוק תפוח שבולת שועל 120 גרם,גרמים,120.00,100 גרם,false,1,5.90,4.9167,true,1,328437
7290018516331,false,פאוץ' פרינוק תפוח בננה ושיבולת שועל 120 גרם,פרוטה פודווין איי.אס,CZ,פאוץ פרינוק תפוח בננה.ש.שועל 120 גרם,גרמים,120.00,100 גרם,false,1,5.90,4.9167,true,1,328438
7290018516348,false,מחית פרינוק פאוץ' שיבולת שועל סלט פירות 120 גרם,פרוטה פודווין איי.אס,CZ,פאוץ פרינוק סלט פירות.ש.שועל 120 גרם,גרמים,120.00,100 גרם,false,1,5.90,4.9167,true,1,328439
7290018516355,false,מחיט תפוח עץ ושבולות שועל 190 ג' פרינוק גוניור,פרוטה פודווין איי.אס,CZ,מחית פרינוק גוניור תפוע ש.שו190 ג שלב 3,גרמים,190.00,100 גרם,false,24,5.90,3.1053,true,1,333766
7290018516362,false,מחיט תפוח עץ בננה ושבולות שועל 190 ג' פרינוק גוניור,פרוטה פודווין איי.אס,CZ,מחית פרינוק גוניור תפוע בננ ש.שו190 ג 3,גרמים,190.00,100 גרם,false,24,5.90,3.1053,true,1,333767
7290018516379,false,מחיט סלט פירות ושבולות שועל 190 ג' פרינוק גוניור,פרוטה פודווין איי.אס,CZ,מחית פרינוק סלט פירות ש.שועל 190גר,גרמים,190.00,100 גרם,false,24,5.90,3.1053,true,1,333768
7290018516393,false,פרמיו סופרים מיקס לחתול,פרמיו Premio,DE,פרמיו סופרים מיקס 3 קג,קילוגרמים,3.00,"ק""ג",false,3,59.90,19.9667,true,1,336233
7290018516447,false,ארוחת מקרוני+רוטב גב206,,US,תבשיל גוסטו מקרוני עם גבינה 206 גרם,גרמים,206.00,100 גרם,false,12,11.90,5.7767,true,1,338479
7290018516546,false,פרמיו דליקט טונה 56 גר',,DE,דליקט טונה פרמיו 56 גר,גרמים,110.00,100 גרם,false,12,9.90,9.0000,true,1,336986
7290018516560,false,פרמיו דליקט עוף וסרט,סאטורן,DE,דליקט עוף וסרטנים פרמיו 56 גר,גרמים,110.00,100 גרם,false,12,9.90,9.0000,true,1,336987
7290018516577,false,פרמיו דליקט עוף לחתלתול 56 גר',סאטורן,DE,דליקט עוף לחתלתול פרמיו 56 גר,גרמים,110.00,100 גרם,false,12,9.90,9.0000,true,1,336988
7290018516584,false,פרמיו דליקט טונה לחת,סאטורן,DE,דליקט טונה לחתלתול פרמיו 56 גר,גרמים,110.00,100 גרם,false,12,9.90,9.0000,true,1,336989
7290018516591,false,הורייזן מחית בשר עוף 90 גרם,סאטורן,DE,מחית בשר עוף הורייזן 90 גר,גרמים,110.00,100 גרם,false,10,9.90,9.0000,true,1,336990
7290018516607,false,הורייזן מחית בשר טונה 90 גרם,סאטורן,DE,מחית בשר טונה הורייזן 90 גר,גרמים,110.00,100 גרם,false,10,9.90,9.0000,true,1,336991
7290018516614,false,הורייזן מחית בשר סלמון 90 גרם,סאטורן,DE,מחית בשר סלמון הורייזן 90 גר,גרמים,110.00,100 גרם,false,10,9.90,9.0000,true,1,336992
7290018516621,false,הורייזן מחית בשר דג זהבון לחתלתול 90 גרם,סאטורן,DE,מחית בשר דג זהבון הורייזן 90 גר,גרמים,110.00,100 גרם,false,10,9.90,9.0000,true,1,336993
7290018516737,false,"פרמיו סופרים עוף וכבד לחתול בוגר 3ק""ג",,,פרמיו סופרים עוף ובקר לחתול 3 קג,קילוגרמים,3.00,"ק""ג",false,3,59.90,19.9667,true,1,336969
7290018516744,false,"פרמיו סופרים עוף וסלמון לחתול בוגר 3 ק""ג",,,פרמיו סופרים עוף וסלמון לחתול 3 קג,קילוגרמים,3.00,"ק""ג",false,3,59.90,19.9667,true,1,336970
7290018516751,false,"פרמיו סופרים עוף לחתלתול 3ק""ג",,,פרמיו סופרים עוף וסלמון לחתולתול 3 קג,קילוגרמים,3.00,"ק""ג",false,3,59.90,19.9667,true,1,336971
7290018516799,false,פטה עוף וכבד לחתול בוגר פרמיו 400 ג,,,פרמיו פטה עוף וכבד לחתול בוגר 400גר,גרמים,400.00,100 גרם,false,12,5.90,1.4750,true,1,337002
7290018516874,false,פטה בקר ואורז לכלב ב,,IT,פרמיו בקר ואורז פטה לכלב בוגר 400 גר,גרמים,400.00,100 גרם,false,12,5.90,1.4750,true,1,336996
7290018516942,false,"פרמיו סופרים מועשר בעוף לכלב בוגר 3ק""ג",פרמיו Premio,,פרמיו סופרים עופות לכלב בוגר 3 קג,קילוגרמים,3.00,"ק""ג",false,3,49.90,16.6333,true,1,336973
7290018516959,false,"פרמיו סופרים מועשר בעוף לכלב מגזע ננסי 3ק""ג",פרמיו Premio,,פרמיו סופרים עופות לכלב ננסי 3 קג,קילוגרמים,3.00,"ק""ג",false,3,49.90,16.6333,true,1,336972
7290018516966,false,"פרמיו סופרים עם בקר לכלב בוגר 3ק""ג",פרמיו Premio,DE,פרמיו סופרים בקר לכלב בוגר 3 קג,קילוגרמים,3.00,"ק""ג",false,3,49.90,16.6333,true,1,336974
7290018564592,false,שף הטבע - שום כתוש בצנצנת 200 גרם,בני דרום,IL,שום כתוש בצנצנת 200גר שף הטבע,גרמים,200.00,100 גרם,false,12,12.90,6.4500,true,1,338494
7290018564608,false,"שף הטבע - בזיליקום קצוץ בצנצנת 200ג""ר 12 /",,IL,בזיליקום קצוץ בצנצנת 200גר שף הטבע,גרמים,200.00,100 גרם,false,12,15.90,7.9500,true,1,338493
7290018564615,false,"שף הטבע - צ'ילי חריף בצנצנת 200ג""ר 12 /",,IL,צילי חריף בצנצנת 200גר שף הטבע,גרמים,200.00,100 גרם,false,12,14.90,7.4500,true,1,338492
7290018564622,false,"בני דרום - שום כתוש טבליות 80 ג""ר",בני דרום,IL,שום כתוש 80 גרם טבליות שף הטבע,Unknown,0.00,Unknown,false,20,9.90,0.0000,true,1,338491
7290018564639,false,"שף הטבע - כוסברה קצוצה טבליות 80ג""ר 20 /",בני דרום,IL,כוסברה קצוצה 80 גרם טבליות שף הטבע,Unknown,0.00,Unknown,false,20,9.90,0.0000,true,1,338489
7290018564646,false,שף הטבע - בזיליקום טבליות 80 גרם,בני דרום,IL,בזיליקום 80 גרם טבליות שף הטבע,Unknown,0.00,Unknown,false,20,9.90,0.0000,true,1,338490
7290018564653,false,"שף הטבע - פטרוזיליה קצוצה טבליות 80ג""ר 20 /",בני דרום,IL,פטרוזיליה קצוצה 80גר טבליות שף הטבע,Unknown,0.00,Unknown,false,20,9.90,0.0000,true,1,338487
7290018564660,false,"שף הטבע - צ'ילי חריף טבליות 80ג""ר 20 /",בני דרום,IL,צילי חריף 80 גרם טבליות שף הטבע,Unknown,0.00,Unknown,false,20,9.90,0.0000,true,1,338488
7290018593004,false,פטה שקדים טבעי 200 גרם -פלנטי (חדש),פלנטי,IL,בסגנון פטה שקדים טבעי 200גר פלנטי,גרמים,200.00,100 גרם,false,1,32.90,16.4500,true,1,326147
7290018593011,false,פטה שקדים עשבי תיבול 200 גרם,פלנטי,IL,בסגנון פטה שקדים עשבי תיבול 200גר פלנטי,גרמים,200.00,100 גרם,false,1,32.90,16.4500,true,1,326148
7290018593035,false,כמוצרלה קשיו 200 גרם - פלנטי (חדש),פלנטי,IL,כמוצרלה קשיו 200 גרם פלנטי,גרמים,200.00,100 גרם,false,1,24.90,12.4500,true,1,327072
7290018593059,false,אגוזנו בסגנון פיקנטי 100 גרם,פלנטי,IL,בסגנון פרמזן אגוזנו 115גרם פלנטי,גרמים,115.00,100 גרם,false,1,23.90,20.7826,true,1,327070
7290018593066,false,אגוזנו בסגנון פרמזן 100 גרם,,IL,אגוזנו עשבי תיבול 115גרם פלנטי,גרמים,115.00,100 גרם,false,1,23.90,20.7826,true,1,327071
7290018593080,false,קשיו צ'דר 200 גרם - פלנטי,פלנטי,IL,קשיו צדר 200גר פלנטי,גרמים,200.00,100 גרם,false,1,25.90,12.9500,true,1,328962
7290018593110,false,רביולי גבינות שקדים 400ג,פלנטי,IL,רביולי גבינות גב.שקדים וקשיו 400גר פלנט,גרמים,400.00,100 גרם,false,1,34.90,8.7250,true,1,328574
7290018593127,false,רביולי תרד גבינות 400גרם,פלנטי,IL,רביולי תרד גב. שקדים וקשיו 400גר פלנט,גרמים,400.00,100 גרם,false,1,34.90,8.7250,true,1,328575
7290018593134,false,רביולי בטטה גב.שקדים,,,רביולי בטטה גב.שקדים וקשיו 400גר פלנט,גרמים,400.00,100 גרם,false,1,34.90,8.7250,true,1,328573
7290018593202,false,שיוגורט מעדן שקדים 160 גרם - פלנטי,פלנטי,IL,שיוגורט מעדן שקדים 160גר פלנטי,גרמים,160.00,100 גרם,false,1,10.00,6.2500,true,1,336274
7290018593240,false,גבינאטס זיתים - ממרח שקדים בסגנון גבינה לבנה 240 גרם - פלנטי,פלנטי,IL,גבינאטס זיתים ממרח שקדים בסגנון גב.לבנה,גרמים,240.00,100 גרם,false,1,18.90,7.8750,true,1,336262
7290018593257,false,ממרח שקדים סגנון גבינה,פלנטי,IL,גבינאטס שום שמירממרח שקדים סגנון גב.לבנה,גרמים,240.00,100 גרם,false,1,18.90,7.8750,true,1,336273
7290018593295,false,קשיו פסטו חצי קשה טבעוני פלנטי 200 גרם,פלנטי,IL,קשיו פסטו חצי קשה 200גר פלנטי,גרמים,200.00,100 גרם,false,1,28.90,14.4500,true,1,337311
7290018593301,false,קשיו כמהין חצי קשה טבעוני פלנטי 200 גרם,פלנטי,IL,קשיו כמהין חצי קשה 200גר פלנטי,גרמים,200.00,100 גרם,false,1,28.90,14.4500,true,1,337312
7290018593325,false,לאבנה שקדים טבעוני פלנטי 220 גרם,פלנטי,IL,לאבנה שקדים 220 גרם פלנטי,גרמים,220.00,100 גרם,false,1,18.90,8.5909,true,1,337313
7290018641439,false,אוק אנד אש - ערק אשכולית אדומה מוגז,,IL,ערק אוק אנד אש אשכולית אדומה מוגז 330מל,מיליליטרים,330.00,"100 מ""ל",false,24,16.90,5.1212,true,1,336045
7290018641446,false,אוק אנד אש - ערק לימונדה מוגז,,IL,ערק אוק אנד אש לימונדה מוגז 330מל בק.פקד,מיליליטרים,330.00,"100 מ""ל",false,24,16.90,5.1212,true,1,336046
7290018652039,false,לה קרמריה קרמל מלוח ונוגט בדצ 6*1.4 ליטר,גלידות נסטלה )נגה גלידות,IL,גלידה לה קרמריה קרמל מלוח נוגט 1.4 ליטר,מיליליטרים,1400.00,"100 מ""ל",false,1,18.90,1.3500,true,1,327703
7290018652213,false,מאגדת חטיפי גלידה קראנץ בר 41X6 גרם,פרונרי איטליה,IT,מאגדת קראנץ בר 6יח,יחידה,6.00,יחידה,false,1,19.90,3.3167,true,1,334343
7290018652657,false,פרוייקט סער-מאגת לייט מנגו נסטלה 6*52 גרם,גלידות נסטלה,IL,מאגדת שלגון דיאט מנגו 6 יח,גרמים,312.00,100 גרם,false,1,29.90,9.5833,true,1,334342
7290018652671,false,"לה קרמריה שוקולד וניל 1.4 ליטר [תו אי""ל]",גלידות נסטלה,IL,גל. לה קרמריה שוקו וניל תו איל 1.4ליטר,מיליליטרים,1400.00,"100 מ""ל",false,1,18.90,1.3500,true,1,334337
7290018652770,false,טילון אקסטרים בייגלה מתוק מלוח 115 גרם,גלידות נסטלה,IL,טילון אקסטרים בייגלה מתוק מלוח בודד,יחידה,1.00,יחידה,false,1,12.00,12.0000,true,1,334336
7290018652886,false,שלגונים בשומן צמחי בטעמי שוקו ובננה מצופים צימקאו,גלידות נסטלה,IL,מאגדת 8יח שוקו בננה שלגונים נסטלה,יחידה,8.00,יחידה,false,1,29.90,3.7375,true,1,336783
7290018652909,false,מאגדת מאגנום קפה שוקולד ופקאן 5 *43 ג' נסטלה,גלידות נסטלה,IL,מאגדת פרוייקט סער אספרסו שוקולד 5יח,יחידה,5.00,יחידה,false,1,32.90,6.5800,true,1,334344
7290018652923,false,פרוייקט סער-תות עוגת גבינה נסטלה 5*43 גרם,גלידות נסטלה,IL,מאגדת פרוייקט סער תות עוגת גבינה 5יח,יחידה,5.00,יחידה,false,1,32.90,6.5800,true,1,334345
7290018652947,false,קראנץ ליבת נוגט+אורז תפוח כלפ28*100ג,נסטלה גלידות,IL,שלגון קראנץ פיסטוק,יחידה,1.00,יחידה,false,1,11.00,11.0000,true,1,336001
7290018654279,false,גלידת קפוצינו 750מל,,,גלידת קפוצינו 750מל חלבי רפאלו,גרמים,750.00,100 גרם,false,1,24.90,3.3200,true,1,326355
7290018654286,false,גלידת ריבת חלב 750מל,,,גלידת ריבת חלב 750מל חלבי רפאלו,גרמים,750.00,100 גרם,false,1,24.90,3.3200,true,1,326356
7290018654385,false,מארז וופל בלגי 10יח,,,מארז וופל בלגי 10יח 55 גרם,יחידה,10.00,יחידה,false,8,31.90,3.1900,true,1,326778
7290018654422,false,מיני צורוס 300גר,,,מיני צורוס 300גר,גרמים,300.00,100 גרם,false,13,19.90,6.6333,true,1,327384
7290018654439,false,מארז מיני סופלה שוקו,,,מארז מיני סופלה שוקולד 6יח,יחידה,6.00,יחידה,false,12,27.90,4.6500,true,1,338667
7290018654477,false,מקלות צורוס אורגינל,,,מקלות צורוס אורגינל 300גר,גרמים,300.00,100 גרם,false,13,19.90,6.6333,true,1,327385
7290018654781,false,מאגדת כוסות גלידה סו,,,מאגדת כוסות גלידה סורבה 12יחידות,יחידה,12.00,יחידה,false,1,49.90,4.1583,true,1,338666
7290018677001,false,"לחם אורז וגרעיני חמניות לל""ג 375 גרם",,CZ,לחפ טואז עם חמניות ללא גלוטן 375 גר,גרמים,375.00,100 גרם,false,16,16.90,4.5067,true,1,333725
7290018677018,false,לחם מחמצת כוסמין מלא אורגני 375 גרם,,CZ,לחפ מחמצת אורגני כוסמין מלא נוטרה זן 375,גרמים,375.00,100 גרם,false,16,16.90,4.5067,true,1,333724
7290018677056,false,קוואקר דק אורגני 500 גרם,,DK,קוואקר דק אורגני 500גר נוטרה זון,גרמים,500.00,100 גרם,false,1,10.90,2.1800,true,1,328668
7290018677063,false,קוואקר עבה אורגני 500 גרם,,DK,קוואקר עבה אורגני 500גר נוטרה זון,גרמים,500.00,100 גרם,false,1,10.90,2.1800,true,1,328667
7290018677070,false,"קרם קוקוס אורגני 330 מ""ל",בראנץ'\ אוף בן טרה אימפו,VN,קרם קוקוס אורגני 330מל טטרה פק 18%שומן,גרמים,330.00,100 גרם,false,1,10.90,3.3030,true,1,328669
7290018677124,false,גרנולה קראנצ'י חמוציות ודובדבנים ללא גלוטן וללא תוספת סוכר נוטרה זן-300 גרם,נוטרה זון,CZ,גרנולה קראנצי חמוציות ל.גלוטן סוכר300ג,גרמים,300.00,100 גרם,false,12,22.90,7.6333,true,1,329632
7290018677131,false,גרנולה קראנצ'י אגוזים ושקדים ללא גלוטן וללא תוספת סוכר נוטרה זן-300 גרם,נוטרה זון,CZ,גרנולה קראנצי אגוז שקד ל.גלוטן סוכר300ג,גרמים,300.00,100 גרם,false,12,22.90,7.6333,true,1,329631
7290018677148,false,גרנולה קראנצ'י שוקולד וקוקוס ללא גלוטן וללא תוספת סוכר נוטרה זן-300 גרם,,CZ,גרנולה קראנצי שוקולד ל.גלוטן סוכר300ג,גרמים,300.00,100 גרם,false,12,22.90,7.6333,true,1,329633
7290018677155,false,"תערובת קמחים רב תכליתי לל""ג 500 גרם",נוטרה זון,IT,תערובת קמחים רב תכליתי ל.ג 500גר פאניריה,גרמים,500.00,100 גרם,false,1,19.90,3.9800,true,1,328664
7290018677162,false,"תערובת קמחים רב תכליתי לל""ג 500 גרם",נוטרה זון,IT,תערובת רב תכליתית ל.ג. בסיס עמילן 500גר,גרמים,500.00,100 גרם,false,1,19.90,3.9800,true,1,328665
7290018677216,false,"פנה כוסמת לל""ג אורגני 250 גרם",,IT,פנה כוסמת אורגני ללא גלוטן 250גר,גרמים,250.00,100 גרם,false,1,14.90,5.9600,true,1,336114
7290018677223,false,"פוזילי כוסמת לל""ג אורגני 250 גרם",,IT,פוזילי כוסמת אורגני ללא גלוטן 250גר,גרמים,250.00,100 גרם,false,1,14.90,5.9600,true,1,336115
7290018677278,false,PRO פתיתים מעדשים צהובות אורגני 250 גרם,,IT,פתיתי פרו עדשים צהובות אורגני 250גר,גרמים,250.00,100 גרם,false,1,14.90,5.9600,true,1,336112
7290018677285,false,PRO פתיתים מעדשים אדומות אורגני 250 גרם,,IT,פתיתי פרו עדשים אדומות אורגני ל.גלוטן250,גרמים,250.00,100 גרם,false,1,14.90,5.9600,true,1,336110
7290018677292,false,PRO אטריות מעדשים אדומות אורגני 250 גרם,,IT,איטריות פרו עדשים אדומות אורגני 250גר,גרמים,250.00,100 גרם,false,1,14.90,5.9600,true,1,336111
7290018677308,false,PRO אטריות מעדשים צהובות אורגני 250 גרם,,IT,איטריות פרו עדשים צהובות אורגני 250גר,גרמים,250.00,100 גרם,false,1,14.90,5.9600,true,1,336113
7290018681558,false,שעועית מש אורגני 500 גרם,כרם תעשיות,IL,שעועית מש אורגנית כרם 500 גרם,גרמים,500.00,100 גרם,false,1,12.90,2.5800,true,1,327877
7290018681565,false,שעועית שחורה אורגנית,כרם תעשיות,IL,שעועית שחורה אורגנית כרם 500 גרם,גרמים,500.00,100 גרם,false,1,10.90,2.1800,true,1,327890
7290018681596,false,משקה שיבולת שועל בריסטה אורגני 1 ליטר,,IT,משקה כרם שבולת שועל אורגני 1 ליטר,ליטרים,1.00,ליטר,false,12,12.90,12.9000,true,1,338249
7290018681602,false,זרעי ציה אורגני כרם 650 גרם,,PE,זרעי ציה אורגני כרם 650 גרם,גרמים,650.00,100 גרם,false,6,29.90,4.6000,true,1,332721
7290018681619,false,זרעי ציה אורגני כרם 300 גרם,,PE,זרעי ציה אורגני כרם 300 גרם,גרמים,300.00,100 גרם,false,12,19.90,6.6333,true,1,332722
7290018681640,false,"אורז בסמטי ארוך אורגני כרם 1 ק""ג",,IN,אורז בסמטי כרם אורגני 1 קג,קילוגרמים,1.00,"ק""ג",false,10,19.90,19.9000,true,1,335646
7290018681701,false,"סירופ מייפל אורגני כרם 1 ק""ג",,CA,סירופ מייפל 100% טהור כרם 1 ל,גרמים,1.00,100 גרם,false,12,79.90,7990.0000,true,1,332728
7290018681749,false,"אורז בסמטי חום אורגני כרם 1 ק""ג",,IN,אורז בסמטי חום כרם אורגני 1 קג,קילוגרמים,1.00,"ק""ג",false,10,19.90,19.9000,true,1,335647
7290018681756,false,קמח 4 דגנים כרם 1 קג,עץ השדה,,קמח 4 דגנים כרם 1 קג,קילוגרמים,1.00,"ק""ג",false,1,13.90,13.9000,true,1,333513
7290018681763,false,גרנולה שוקולד כרם 444 גרם,,IL,גרנולה כרם שוקולד444 גרם צנצנת,גרמים,444.00,100 גרם,false,12,16.90,3.8063,true,1,332731
7290018681770,false,גרנולה שקדים כרם 444 גרם,,IL,גרנולה כרם שקדים 444 גרם צנצנת,גרמים,444.00,100 גרם,false,12,16.90,3.8063,true,1,332732
7290018681787,false,גרנולה עשירה כרם 444 גרם,,IL,גרנולה כרם עשירה 444 גרם צנצנת,גרמים,444.00,100 גרם,false,12,16.90,3.8063,true,1,332733
7290018681930,false,פריכיות שיבולת שועל כרם 100 גרם,זן בר,IL,פריכיות שבולת שועל דקות כרם 100 גרם,גרמים,100.00,100 גרם,false,50,6.90,6.9000,true,1,336742
7290018681992,false,אגוזי מלך קליפורניה,כרם תעשיות,IL,אגוזי מלך קליפורניה כרם 450 גרפ שקית,גרמים,450.00,100 גרם,false,12,17.90,3.9778,true,1,334793
7290018720011,false,ביסקוויט קרנבל חיות בטעם וניל 250 ג' מעדני מלך,הגביע מוצרי וופלים,IL,ביסקויט קרנבל חיות מעדני המלך 250 ג,גרמים,250.00,100 גרם,false,12,6.90,2.7600,true,1,328568
7290018720028,false,קרנבל אותיות ביסקוויט בטעם חמאה 250 ג' מעדני מלך,הגביע מוצרי וופלים,IL,ביסקויט קרנבל אותיות מעדני המלך 250 ג,גרמים,250.00,100 גרם,false,12,6.90,2.7600,true,1,328569
7290018720059,false,WOK פרורי פנקו מוזהבים בסגנון יפני 250 גר',"י.א ברמן בע""מ-מאפיית",IL,פירורי לחם פנקו מוזהב 250 גרם,גרמים,250.00,100 גרם,false,12,7.90,3.1600,true,1,329213
7290018720103,false,"אפיפיות וופל בטעם שוקו לל""ס הדר 250 גרם","א.ג גילרו בע""\מ",IL,ופל אפיפית ללא סוכר טעם שוקו 250 גרם,גרמים,250.00,100 גרם,false,1,8.90,3.5600,true,1,332512
7290018720110,false,מעדני המלך- יאמי עוגיות ממולאות בקרם אגוזים 30% 150 גרם,"הגביע מוצרי ופלים בע""\מ",IL,עוגיות יאמי מילוי קרם אגוזים 150 גרם,גרמים,150.00,100 גרם,false,1,6.90,4.6000,true,1,332544
7290018720134,false,ערק לימונים 750 מל,,,ערק לימונים 750 מל,מיליליטרים,750.00,"100 מ""ל",false,12,75.00,10.0000,true,1,332178
7290018720158,false,ערק אשכוליות 750 מל,,,ערק אשכוליות 750 מל,מיליליטרים,750.00,"100 מ""ל",false,12,75.00,10.0000,true,1,332179
7290018720189,false,מעדני מלך-ביסקוויט קסטה בטעם שוקו 200 גרם,הגביע,IL,ביסקויט קסטה מעדני המלך 200 גרם,גרמים,200.00,100 גרם,false,12,5.50,2.7500,true,1,337356
7290018720219,false,פצפוצי אורז ללא סוכר מעדני מלך 250 גרם,אשבל מזון פונקציונלי,IL,פיצפוצי אורז ל.ס מעדני המלך 250 גרם,גרמים,250.00,100 גרם,false,12,10.90,4.3600,true,1,337355
7290018720226,false,פצפוצי אורז מעדני מלך 250 גרם,אשבל מזון פונקציונלי,IL,פיצפוצי אורז מעדני המלך 250 גרם,גרמים,250.00,100 גרם,false,12,10.90,4.3600,true,1,337354
7290018724002,false,"זרעי פשתן טחון ""נטורלה"" 300 גרם",,,זרעי פשתן טחון נטורלה 300 גר,גרמים,300.00,100 גרם,false,16,12.90,4.3000,true,1,327770
7290018724408,false,דגני נוגט ללג נטורלה,"נטורלה גטרנק בע""מ",IL,דגני נוגט ללג נטורלה 375 גר,גרמים,375.00,100 גרם,false,10,19.90,5.3067,true,1,338264
7290018724415,false,דגני בראוניז ללג נטו,"נטורלה גטרנק בע""מ",IL,דגני בראוניז ללג נטורלה 375 גר,גרמים,375.00,100 גרם,false,10,19.90,5.3067,true,1,338265
7290018724422,false,דגני קינמון ללג נטור,"נטורלה גטרנק בע""מ",IL,דגני קינמון ללג נטורלה 375 גר,גרמים,375.00,100 גרם,false,10,19.90,5.3067,true,1,338266
7290018724514,false,מחית תפוחי עץ נטורלה,,,מחית תפוחי עץ נטורלה ללג/ללס 90גר,Unknown,0.00,Unknown,false,12,5.90,0.0000,true,1,338262
7290018724538,false,מחית תפוע ואגס נטורל,,,פריכיות כוסמת עם שיבולת שועל145גר נטורלה,גרמים,145.00,100 גרם,false,12,10.90,7.5172,true,1,334921
7290018724545,false,מחית תפוע בננה תות נ,,,מחית תפוע בננה תות נטורלה ללג/סוכר 90גר,גרמים,145.00,100 גרם,false,12,5.90,4.0690,true,1,338263
7290018724606,false,סודה לשתייה לא אלומיניום 350 גרם,,IL,סודה לשתיה ללא אלומיניום 350 גר,גרמים,350.00,100 גרם,false,24,14.90,4.2571,true,1,327766
7290018724613,false,מאפה משה בתיבה טבעונ,הטבעונית של סבתא מזל,IL,מאפה משה בתיבה טבעוני נטורלה 400גר,גרמים,400.00,100 גרם,false,1,29.90,7.4750,true,1,336101
7290018724637,false,פאי שווארמה טבעוני 460ג,הטבעונית של סבתא מזל,IL,זוג מאפי פאי שווארמה טבעוני נטורלה 460גר,גרמים,460.00,100 גרם,false,1,39.90,8.6739,true,1,336103
7290018724644,false,מאפה בורקיטס פילו תח,הטבעונית של סבתא מזל,IL,מאפה בורקיטס פילו תחליף גב. טבעוני 400גר,גרמים,400.00,100 גרם,false,1,29.90,7.4750,true,1,336104
7290018724651,false,מאפה בורקיטס פילו ת.,הטבעונית של סבתא מזל,IL,מאפה בורקיטס פילו ת. גב זית טבעוני 400גר,גרמים,400.00,100 גרם,false,1,29.90,7.4750,true,1,336105
7290018724668,false,שווארמה סויה טבעונית,הטבעונית של סבתא מזל,IL,שווארמה סויה טבעונית 400גר,גרמים,400.00,100 גרם,false,1,19.90,4.9750,true,1,336106
7290018724873,false,סובין חיטה נטורלה 15,,,סובין חיטה נטורלה 150 גר,גרמים,150.00,100 גרם,false,16,7.90,5.2667,true,1,327769
7290018724880,false,סובין שיבולת שועל נט,,,סובין שיבולת שועל נטורלה 300 גר,גרמים,300.00,100 גרם,false,16,18.90,6.3000,true,1,327768
7290018724897,false,פירורי לחם ללא גלוטן 300 גרם אביב ירוק,,IL,פירורי לחם נטורלה ללא גלוטן 300 גר,גרמים,300.00,100 גרם,false,12,14.90,4.9667,true,1,327767
7290018752364,false,שיבולת משפחה 1 קג לל,מנדל,,שיבולת משפחה 1 קג ללא סוכר השקד,קילוגרמים,1.00,"ק""ג",false,12,26.90,26.9000,true,1,333731
7290018752708,false,מארז שוקולתמר במילוי חמאת שקדים 120 גרם,,IL,מארז שוקולתמר במילוי חמאת שקדים 120ג,גרמים,120.00,100 גרם,false,12,14.90,12.4167,true,1,333732
7290018752715,false,מארז שוקולתמר במילוי,,,מארז שוקולתמר במילוי חמאת אגוזים 120ג,גרמים,120.00,100 גרם,false,12,14.90,12.4167,true,1,333733
7290018752722,false,מארז שוקולתמר במילוי חמאת בוטנים 120 גרם,,IL,מארז שוקולתמר במילוי חמאת בוטנים 120ג,גרמים,120.00,100 גרם,false,12,14.90,12.4167,true,1,333734
7290018752739,false,שוקולדתמר+חמאת קוקוס120ג,,IL,מארז שוקולתמר במילוי חמאת קוקוס 120ג,גרמים,120.00,100 גרם,false,12,14.90,12.4167,true,1,333735
7290018752746,false,מארז שוקולתמר במילוי,,,מארז שוקולתמר במילוי חמאת שומשום 120ג,גרמים,120.00,100 גרם,false,12,14.90,12.4167,true,1,333736
7290018752753,false,מארז שוקולתמר נטו 12,,,מארז שוקולתמר נטו 120 גר,גרמים,120.00,100 גרם,false,12,14.90,12.4167,true,1,333737
7290018777268,false,חטיף חלבון בננה קקאו טבע ירוק 50 גרם,"ממתקי השלום בעולם בע""\מ\",IL,חטיף חלבון טבעוני בננה קקאו 50גר,Unknown,0.00,Unknown,false,1,11.90,0.0000,true,1,337530
7290018792841,false,אבקת קקאו טבעי גאנה 150 גר,אברמוביץ עזר קקאו וש,IL,קקאו גאנה 100% טבעי דל שומן 150 גרם,גרמים,150.00,100 גרם,false,18,11.90,7.9333,true,1,335588
7290018792858,false,אבקת קקאו טבעי 500 גרם,,GH,קקאו גאנה 100% טבעי דל שומן 500 גרם,גרמים,500.00,100 גרם,false,12,22.90,4.5800,true,1,335589
7290018823002,false,מלפפון בייבי אורגני,,,מלפפון בייבי אורגני,Unknown,0.00,Unknown,false,1,11.90,0.0000,true,1,333577
7290018823200,false,עגבניות שרי אורגניות,,,עגבניות שרי אורגניות,Unknown,0.00,Unknown,false,1,13.90,0.0000,true,1,333575
7290018823408,false,פלפל סוויט בייט אורג,,,פלפל סוויט בייט אורגני,Unknown,0.00,Unknown,false,1,11.90,0.0000,true,1,333579
7290018835005,false,אקסטרה צ'יפס אורז חום מלא מלח פלפל שמן זית 60 גרם,נוהלס ג'י אס סי.,BG,ציפס אורז חום מלח פלפל שמן זית 60 גרם,Unknown,0.00,Unknown,false,24,6.90,0.0000,true,1,336140
7290018860984,false,אטריות ביצים דקות 400 גרם,xiamen zhongshi impo,CN,אטריות נודלס דקות 400 גרם,גרמים,400.00,100 גרם,false,30,9.90,2.4750,true,1,336960
7290018860991,false,אטריות ביצים רחבות 400 גרם,xiamen zhongshi impo,CN,אטריות נודלס רחבות 400 גרם,גרמים,400.00,100 גרם,false,30,9.90,2.4750,true,1,336961
7290018867099,false,"יין אפוד הילה מלבק/סירה - 750 מ""ל",אפוד,IL,יין אפוד הילה אדום 750 מל,מיליליטרים,750.00,"100 מ""ל",false,6,60.00,8.0000,true,1,335250
7290018874004,false,"יין יראון יקב הרי הגליל 2019 750 מ""ל",יקבי רמת הגולן,IL,יין הרי גליל יראון אדום 750 מל,מיליליטרים,750.00,"100 מ""ל",false,1,120.00,16.0000,true,1,335991
7290018878170,false,אגו שוקולד מריר 60% מוצקי קקאו 2*100גר,"כרמית תעשיות ממתקים בע""\",IL,זוג שוקולד אגו 60% מריר 100 גם,גרמים,200.00,100 גרם,false,24,10.90,5.4500,true,1,336149
7290018878798,false,מטבעות שוקולד חלב צבעוני 36 גרם כרמית,כרמית,IL,מטבעות שוקולד צבעוני ברשת 36 גרם,Unknown,0.00,Unknown,false,35,3.90,0.0000,true,1,337582
7290018879825,false,מטבעות שוקולד לבן 36 גרם כרמית,כרמית,IL,מטבעות שוקולד לבן ברשת 36 גרם,Unknown,0.00,Unknown,false,35,3.90,0.0000,true,1,337581
7290018893005,true,בייגלה צוקטה שטוח חר,אלקה קו,RO,בייגלה צוקטה שטוח חרדל ודבש 160 גרם,גרמים,160.00,100 גרם,false,12,6.90,4.3125,true,1,332378
7290018893098,false,צ'וקטה עוגויות ביסקוויט מצופה שוקולד חלב 100 גרם,דיסטרופר אוליבייר,ES,ביסקויט צוקטה חצי מצופה שוקולד חלב 100 ג,גרמים,100.00,100 גרם,false,12,10.90,10.9000,true,1,334464
7290018893104,false,צ'וקטה עוגויות ביסקוויט מצופה שוקולד מריר 100 גרם,דיסטרופר אוליבייר,ES,ביסקויט צוקטה חצי מצופה שוקולד מריר100 ג,גרמים,100.00,100 גרם,false,12,10.90,10.9000,true,1,334465
7290018893111,false,צ'וקטה שוקולד מריר בלגי 70% 100 גרם,צ'וקטה Chocketa,BE,שוקולד צוקטה בלגי 70% מריר 100 גרם,גרמים,100.00,100 גרם,false,28,8.90,8.9000,true,1,334467
7290018893128,false,צ'וקטה שוקולד חלב בלגי 34% 100 גרם,צ'וקטה Chocketa,BE,שוקולד צוקטה בלגי 34% חלב 100 גרם,גרמים,100.00,100 גרם,false,28,8.90,8.9000,true,1,334468
7290018893258,false,צ'וקטה עוגות אישיות במילוי קרם קרמל ובציפוי בטעם שוקולד 300 גרם,פרדי קונדיטוריה אס.פ,IT,עוגה אישית צוקטה קרמל 10 יח 300 גר,גרמים,300.00,100 גרם,false,12,12.90,4.3000,true,1,329549
7290018893296,false,עוגיות חמאה מצופות שוקולד בעיטורי שוקולד לבן 100 ג',דיסטרופר אוליבייר,RO,עוגיות צוקטה מיני מצופות 100 גרם,גרמים,100.00,100 גרם,false,12,9.90,9.9000,true,1,334463
7290018893319,false,צ'וקטה שוקולד מריר בלגי 85% 100 גרם משולש K,צ'וקטה Chocketa,BE,שוקולד צוקטה בלגי 85% מריר 100 גרם,גרמים,100.00,100 גרם,false,28,8.90,8.9000,true,1,334466
7290018893456,false,צ'וקטה עוגות אישיות במילוי קרם ובציפוי בטעם שוקולד 300 גרם,"פרדי קונדיטוריה אס,פי.אי",IT,עוגה אישית צוקטה חלב 10 יח 300 גר,גרמים,300.00,100 גרם,false,12,12.90,4.3000,true,1,329548
7290018893494,false,עלי וופל דקים בטעם חמאה צ'וקטה 100 גרם,דיסטרופר אוליבייר,NL,עלי וופל דקים צוקטה טעם חמאה 100 גרם,גרמים,100.00,100 גרם,false,12,9.90,9.9000,true,1,332225
7290018893517,true,בייגלה צוקטה שטוח מצ,אלקה קו,RO,בייגלה צוקטה שטוח מצופה שוקולד מריר80גר,Unknown,0.00,Unknown,false,16,6.90,0.0000,true,1,334179
7290018893654,true,בייגלה צוקטה שטוח עם,אלקה קו,RO,בייגלה צוקטה שטוח עם מלח 200 גרם,גרמים,200.00,100 גרם,false,12,6.90,3.4500,true,1,332222
7290018893715,true,בייגלה צוקטה שטוח מצ,אלקה קו,RO,בייגלה צוקטה שטוח מצופה שוקולד חלב80גר,Unknown,0.00,Unknown,false,16,6.90,0.0000,true,1,334178
7290018893807,false,צ'וקטה - שוקולד מריר שלישייה 3 * 100 גרם,אייברקקאו אס אי. יו,ES,מארז3יח שוקולד צוקטה 60% מריר 100 גרם,גרמים,300.00,100 גרם,false,1,11.90,3.9667,true,1,332220
7290018893852,true,בייגלה צוקטה שטוח עם,אלקה קו,RO,בייגלה צוקטה שטוח עם שומשום 200 גרם,גרמים,200.00,100 גרם,false,12,6.90,3.4500,true,1,332221
7290018893876,false,עוגות אישיות רכות עם מילוי קרם בטעם וניל,פרדי קונדיטוריה אס.פ,IT,עוגה אישית צוקטה וניל 10 יח 200 גר,גרמים,200.00,100 גרם,false,16,12.90,6.4500,true,1,329550
7290018894002,false,בלקוני וופל קוביות קקאו 250 גרם חלבי OU,בלקוני Balconi,IT,ופל בלקוני קוביות קרם קקאו 250 גרם,גרמים,250.00,100 גרם,false,12,11.90,4.7600,true,1,334476
7290018894200,false,בלקוני וופל קוביות ויל 250 גרם חלבי OU,בלקוני Balconi,IT,ופל בלקוני קוביות קרם וניל 250 גרם,גרמים,250.00,100 גרם,false,12,11.90,4.7600,true,1,334475
7290018894408,false,קוביות וופל במילוי קרם אגוזי לוז - חלבי,בלקוני Balconi,IT,ופל בלקוני קוביות קרם אגוזי לוז 250 גרם,גרמים,250.00,100 גרם,false,12,11.90,4.7600,true,1,334474
7290018894606,false,בלקוני וופל קקאו 175 גרם חלבי OU,בלקוני Balconi,IT,ופל בלקוני קרם קקאו 175 גרם,גרמים,175.00,100 גרם,false,12,7.90,4.5143,true,1,334472
7290018894804,false,וופלים במילוי קרם אגוזי לוז - חלבי,בלקוני Balconi,IT,ופל בלקוני קרם אגוזי לוז 175 גרם,גרמים,175.00,100 גרם,false,12,7.90,4.5143,true,1,334473
7290018921029,false,"ד""ר פישר - קמיל בלו מגבוני סנסיטיב 64 יח' * 4",פישר מעבדות פרמצבטיות בע,IL,מארז 4יח מגבוני קמיל בלו סנסטיב 64יח,יחידה,256.00,יחידה,false,1,21.90,0.0855,true,1,331759
7290018921067,false,"ד""ר פישר - אפקטיב קר תחליב רחצה שמן שקדים 700 מ""ל",פישר מעבדות פרמצבטיות בע,IL,תחליב רחצה אפקטיב קר מועשר ש.שקד 700מל,מיליליטרים,700.00,"100 מ""ל",false,12,12.90,1.8429,true,1,333693
7290018921166,false,קמיל אל סבון להזנת העור מועשר באצות-ים 1 ליטר,פישר מעבדות פרמצבטיות בע,IL,אל סבון היגיני קלין אנד נוריש אצות ים 1ל,ליטרים,1.00,ליטר,false,8,13.90,13.9000,true,1,331762
7290018921203,false,"קמיל בלו קרם החתלה קמומיל 120 ג' ד""ר פישר",פישר מעבדות פרמצבטיות בע,IL,משחת החתלה קמיל בלו קמומיל 120גר,גרמים,120.00,100 גרם,false,12,15.90,13.2500,true,1,336821
7290018921456,false,"ד""ר פישר - אפקטיב קר תחליב רחצה שמן כותנה 700 מ""ל",פישר מעבדות פרמצבטיות בע,IL,תחליב רחצה אפקטיב קר מועשר בשמן כותנה700,מיליליטרים,700.00,"100 מ""ל",false,12,12.90,1.8429,true,1,333690
7290018921609,false,"ד""ר פישר - קמיל בלו קרם החתלה קלנדולה 120 גרם",פישר מעבדות פרמצבטיות בע,IL,משחת החתלה קמיל בלו קלנודולה 120גר,גרמים,120.00,100 גרם,false,12,21.90,18.2500,true,1,336823
7290018921616,false,רביעיית מגבוני קמיל בלו שיבולת שועל 64 יח',פישר תעשיות,IL,מארז 4יח מגבוני שיבולת שועל 64יח,יחידה,256.00,יחידה,false,1,22.90,0.0895,true,1,331760
7290018921654,false,"ד""ר פישר - אפקטיב קר תחליב רחצה תמצית לוונדר 700 מ""ל",פישר מעבדות פרמצבטיות בע,IL,תחליב רחצה אפקטיב קר מועשר בלבנדר 700מל,מיליליטרים,700.00,"100 מ""ל",false,12,12.90,1.8429,true,1,333691
7290018921753,false,קמיל אל סבון היגייני לניקוי יסודי מועשר בלחות 1 ליטר,פישר תעשיות,IL,אל סבון היגיני קלין אנד נוריש ורדים 1ליט,ליטרים,1.00,ליטר,false,8,13.90,13.9000,true,1,331763
7290018921807,false,"קמיל בלו משחת החתלה צמחי מרפא 120 ג' ד""ר פישר",פישר מעבדות פרמצבטיות בע,IL,משחת החתלה קמיל בלו צמחי מרפא 120גר,גרמים,120.00,100 גרם,false,12,21.90,18.2500,true,1,336822
7290018921852,false,"תחליב רחצה מועשר בשמן ארגן 700 מ""ל אפקטיב קר",פישר מעבדות פרמצבטיות בע,IL,תחליב רחצה אפקטיב קר מועשר ש.ארגן 700מל,מיליליטרים,700.00,"100 מ""ל",false,12,12.90,1.8429,true,1,333692
7290018925041,false,מיץ סחוט תפ.סלק רימון750,פרימור,IL,מיץ תפוח רימון סלק 750מל פרימור,מיליליטרים,750.00,"100 מ""ל",false,6,12.90,1.7200,true,1,335329
7290018925058,false,מיץ תפוח וחמוציות פר,פרימור,IL,מיץ תפוח חמוציות 750מל פרימור,מיליליטרים,750.00,"100 מ""ל",false,6,12.90,1.7200,true,1,335328
7290018925065,false,מיץ פרימור תפוזים סחוט 2 ליטר-,"גניר (1992) בע""מ",IL,משקה פרימור תפוזים סחוט 2ליטר פקדון,ליטרים,2.00,ליטר,false,4,26.90,13.4500,true,1,333412
7290018925072,false,משקה קל לימונים ונענע 2 ל פרימור,"גניר (1992) בע""מ",IL,משקה פרימור לימונים ונענע 2ליטר פקדון,ליטרים,2.00,ליטר,false,4,26.90,13.4500,true,1,333411
7290018925096,false,משקה קל תפוזים פרימור 1.5 ליטר,פרימור,IL,משקה קל פרימור תפוזים 1.5ליטר בק.פקדון,ליטרים,1.50,ליטר,false,1,9.50,6.3333,true,1,333224
7290018925102,false,משקה קל ענבים פרימור 1.5 ליטר,פרימור,IL,משקה קל פרימור ענבים 1.5ליטר בק.פקדון,ליטרים,1.50,ליטר,false,1,9.50,6.3333,true,1,333228
7290018925119,false,משקה קל דיאט אשכוליות פרימור 1.5 ליטר,פרימור,IL,משקה קל פרימור אשכולית דיאט1.5ל בק.פקדון,ליטרים,1.50,ליטר,false,1,9.50,6.3333,true,1,333229
7290018925126,false,משקה קל תפוחי עץ פרימור 1.5 ליטר,פרימור,IL,משקה קל פרימור תפוחי עץ 1.5ליטר בק.פקדון,ליטרים,1.50,ליטר,false,1,9.50,6.3333,true,1,333226
7290018925133,false,פרימור משקה קל מנגו ‏5‏.‏1‏ ליטר,פרימור,IL,משקה קל פרימור מנגו 1.5ליטר בק.פקדון,ליטרים,1.50,ליטר,false,1,9.50,6.3333,true,1,333231
7290018925140,false,משקה קל אשכוליות פרימור 1.5 ליטר,פרימור,IL,משקה קל פרימור אשכולית 1.5ליטר בק.פקדון,ליטרים,1.50,ליטר,false,1,9.50,6.3333,true,1,333227
7290018925157,false,משקה קל לימונים פרימור 1.5 ליטר,פרימור,IL,משקה קל פרימור לימונים 1.5ליטר בק.פקדון,ליטרים,1.50,ליטר,false,1,9.50,6.3333,true,1,333230
7290018925164,false,משקה קל תות בננה פרימור 1.5 ליטר,פרימור,IL,משקה קל פרימור תות בננה 1.5ליטר בק.פקדון,ליטרים,1.50,ליטר,false,1,9.50,6.3333,true,1,333225
7290018949009,false,גרופר משקה קל מוגז אורגני תפוזזה 330 מ,מיקס קווידזון,IL,משקה קל גרופר תפוזזה אורגני 330מל,מיליליטרים,330.00,"100 מ""ל",false,12,8.90,2.6970,true,1,336066
7290018949016,false,"גרופר משקה קל מוגז אורגני תפוחחה 330 מ""",מיקס קווידזון,IL,משקה קל גרופר תפוחחה אורגני 330מל,מיליליטרים,330.00,"100 מ""ל",false,12,8.90,2.6970,true,1,336067
7290018949023,false,"גרופר משקה קל מוגז אורגני לימוננ 330 מ""ל",מיקס קווידזון,IL,משקה קל גרופר לימונדה אורגני 330מל,מיליליטרים,330.00,"100 מ""ל",false,12,8.90,2.6970,true,1,336065
7290018972106,false,תומר כרובית מצופה 500 גרם,,IL,כרובית קפואה מצופה 500 גר,גרמים,500.00,100 גרם,false,12,29.90,5.9800,true,1,336447
7290018972113,false,תומר ברוקולי מצופה 500 גרם,,IL,ברוקולי קפוא מצופה 500 גר,גרמים,500.00,100 גרם,false,12,29.90,5.9800,true,1,336448
7290018972120,false,תומר נאגטס ברוקולי 500 גרם,,,נאגטס ברוקולי קפוא מצופה 500 גר,גרמים,500.00,100 גרם,false,12,29.90,5.9800,true,1,336449
7290018975008,false,חטיף אדממה מיקס כרם 80 גרם,סוזו יואי פודס,CN,מיקס חטיף אדממה כרם 80 גרם,Unknown,0.00,Unknown,false,30,5.50,0.0000,true,1,336743
7290018989081,false,יכין חומוס הבית להכנת חומוס טרי 410 גי,זנלכל,IL,חומוס יכין להכנת חומוס ביתי טרי 410 גרם,גרמים,410.00,100 גרם,false,12,7.90,1.9268,true,1,337692
7290018989135,false,סירופ בטעם פטל יכין 1 ליטר,"זנלכל בע""\מ",IL,סירופ יכין בטעם פטל 1 ליטר,ליטרים,1.00,ליטר,false,12,19.90,19.9000,true,1,337690
7290019015000,false,נר ריחני יוקרתי,,,נר ריחני יוקרתי,יחידה,1.00,יחידה,false,1,39.90,39.9000,true,1,334738
7290019015017,false,נר ריחני מראה,,,נר ריחני מראה,יחידה,1.00,יחידה,false,1,34.90,34.9000,true,1,334737
7290019015185,false,"דפיוזר בוהו 200 מ""ל",,,מטהר דפיוזר בוהו,יחידה,1.00,יחידה,false,1,49.90,49.9000,true,1,334736
7290019015642,false,"בקבוק טריטן 520 מ""ל",,,בקבוק טריטן 520מל,יחידה,1.00,יחידה,false,1,29.90,29.9000,true,1,335525
7290019015659,false,"בקבוק טריטן 700 מ""ל",,,בקבוק טריטן 700מל,יחידה,1.00,יחידה,false,1,34.90,34.9000,true,1,335524
7290019015680,false,כפפת רחצה מסיבים מסו,,,כפפת רחצה מסיבים מסולסלים,יחידה,1.00,יחידה,false,1,15.90,15.9000,true,1,337133
7290019015697,false,רצועת רחצה עשויה סיבים מסולסלים,,,רצועת רחצה מסיבים מסולסלים,יחידה,1.00,יחידה,false,1,14.90,14.9000,true,1,337134
7290019015741,false,מברשת רחצה דו צדדית,,,מברשת רחצה דו צדדית 38/10/10סמ,יחידה,1.00,יחידה,false,1,29.90,29.9000,true,1,337136
7290019015772,false,"בקבוק טריטן 750 מ""ל",,,בקבוק טריטן 750 מל,יחידה,1.00,יחידה,false,1,39.90,39.9000,true,1,335526
7290019015796,false,"קערה קטנה 15 ס""מ במב",,,קערה קטנה 15/15 7סמ,יחידה,1.00,יחידה,false,1,14.90,14.9000,true,1,335529
7290019015802,false,"קערה בינונית 19.6 ס""",,,קערה בינונית 19.61/6.9 9.5סמ,יחידה,1.00,יחידה,false,1,29.90,29.9000,true,1,335530
7290019015819,false,קערה גדולה 24/24 12ס,,,קערה גדולה 24/24 12סמ,יחידה,1.00,יחידה,false,1,39.90,39.9000,true,1,335552
7290019015826,false,צלחת מנה ראשונה 20 ס,,,צלחת ראשונה,יחידה,1.00,יחידה,false,1,12.90,12.9000,true,1,335553
7290019015833,false,צלחת מנה עיקרית 25 ס,,,צלחת עיקרית,יחידה,1.00,יחידה,false,1,15.90,15.9000,true,1,335554
7290019015840,false,כוס שתייה במבוק,,,כוס שתיה,יחידה,1.00,יחידה,false,1,11.90,11.9000,true,1,335555
7290019015857,false,זוג כפות,,,זוג כפות,יחידה,1.00,יחידה,false,1,12.90,12.9000,true,1,335556
7290019056027,false,שוופס מוגז פירות תפוחים ללא סוכר 1.5 ליטר פיקדון,"יפאורה תבורי בע""\מ",IL,שוופס מוגז פירות תפוחים ל.סוכר1.5ל פקדון,ליטרים,1.50,ליטר,false,1,8.90,5.9333,true,1,333296
7290019056034,false,שוופס מוגז פירות אננס ללא סוכר 1.5 ליטר פיקדון,"יפאורה תבורי בע""מ",IL,שוופס מוגז פירות אננס ל.סוכר 1.5ל פקדון,ליטרים,1.50,ליטר,false,1,8.90,5.9333,true,1,333297
7290019056041,false,שוופס מוגז פירות לימונייד ללא סוכר 1.5 ליטר פיקדון,"יפאורה תבורי בע""מ",IL,שוופס מוגז פירות לימוני ל.סוכר1.5ל פקדון,ליטרים,1.50,ליטר,false,1,8.90,5.9333,true,1,333298
7290019056058,false,שוופס מוגז עדין תפוח ליים 1.5 ליטר פיקדון,"יפאורה תבורי בע""\מ",IL,משקה שוופס מוגז עדין תפוח ליים1.5ל פקדון,ליטרים,1.50,ליטר,false,1,8.90,5.9333,true,1,333278
7290019056065,false,שוופס מוגז עדין פירות יער 1.5 ליטר פיקדון,"יפאורה תבורי בע""\מ",IL,משקה שוופס מוגז עדין פ. יער 1.5ל פקדון,ליטרים,1.50,ליטר,false,1,8.90,5.9333,true,1,333279
7290019056072,false,שוופס מוגז עדין אננס 1.5 ליטר פיקדון,"יפאורה תבורי בע""מ",IL,משקה שוופס מוגז עדין אננס 1.5ל פקדון,ליטרים,1.50,ליטר,false,1,8.90,5.9333,true,1,333280
7290019056089,false,שוופס מוגז עדין ענבי ריזלינג 1.5 ליטר פיקדון,"יפאורה תבורי בע""\מ",IL,משקה שוופס מוגז עדין ע.ריזלינג1.5ל פקדון,ליטרים,1.50,ליטר,false,1,8.90,5.9333,true,1,333281
7290019056096,false,שוופס מוגז עדין אפרסק 1.5 ליטר פיקדון,"יפאורה תבורי בע""\מ",IL,משקה שוופס מוגז עדין אפרסק 1.5ל פקדון,ליטרים,1.50,ליטר,false,1,8.90,5.9333,true,1,333282
7290019056133,false,שוופס סודה נענע ליים 1.5 ליטר בק' בודד,"יפאורה תבורי בע""\מ",IL,שוופס סודה נענע ליים 1.5 ליטר בק.פקדון,ליטרים,1.50,ליטר,false,1,4.50,3.0000,true,1,333322
7290019056164,false,שוופס סודה 1.5 ליטר רביעייה פיקדון,"יפאורה תבורי בע""\מ",IL,מארז 4יח סודה שוופס 1.5ליטר בק.פקדון,ליטרים,6.00,ליטר,false,1,12.20,2.0333,true,1,333284
7290019056171,false,שוופס סודה לימון 1.5 ליטר רביעייה פיקדון,"יפאורה תבורי בע""\מ",IL,מארז 4יח סודה לימון שוופס 1.5ל בק.פקדון,ליטרים,6.00,ליטר,false,1,12.20,2.0333,true,1,333285
7290019056188,false,שוופס סודה נענע ליים 1.5 ליטר רביעייה פיקדון,"יפאורה תבורי בע""\מ",IL,מארז 4יח סודה נענע ליים 1.5ל בק.פקדון,ליטרים,6.00,ליטר,false,1,12.20,2.0333,true,1,333286
7290019056195,false,רביעיית שוופס סודה לימון גראס גינגר 1.5,"יפאורה תבורי בע""\מ",IL,מארז 4יח סודה למון גראס גינגר 1.5ל פקדון,ליטרים,6.00,ליטר,false,1,12.20,2.0333,true,1,333287
7290019056201,false,שוופס סודה פירות יער 1.5 ליטר רביעייה פיקדון,"יפאורה תבורי בע""\מ",IL,מארז 4יח סודה פירות יער שוופס 1.5ל פקדון,ליטרים,6.00,ליטר,false,1,12.20,2.0333,true,1,333288
7290019056232,false,משקה מוגז בטעם ליים מוחיטו 1.5 ל' שוופס,"יפאורה תבורי בע""\מ",IL,משקה שוופס מוגז עדין מוחיטו 1.5ל פקדון,ליטרים,1.50,ליטר,false,1,9.90,6.6000,true,1,333283
7290019056249,false,שוופס מים בטעמים ענבים 1.5 ליטר פיקדון,"יפאורה תבורי בע""מ",IL,שוופס מים בטעם ענבים 1.5ליטר בק.פקדון,ליטרים,1.50,ליטר,false,1,7.90,5.2667,true,1,333260
7290019056256,false,שוופס מים בטעמים תפוחים 1.5 ליטר פיקדון,"יפאורה תבורי בע""מ",IL,שוופס מים בטעם תפוחים 1.5ליטר בק.פקדון,ליטרים,1.50,ליטר,false,1,7.90,5.2667,true,1,333261
7290019056263,false,שוופס מים בטעמים אפרסק 1.5 ליטר פיקדון,"יפאורה תבורי בע""מ",IL,שוופס מים בטעם אפרסק 1.5ליטר בק.פקדון,ליטרים,1.50,ליטר,false,1,7.90,5.2667,true,1,333262
7290019056270,false,שוופס מים בטעמים פירות יער 1.5 ליטר פיקדון,"יפאורה תבורי בע""\מ",IL,שוופס מים בטעם פ.יער 1.5ליטר בק.פקדון,ליטרים,1.50,ליטר,false,1,7.90,5.2667,true,1,333263
7290019056287,false,שוופס מים בטעמים אפרסק ללא סוכר 1.5 ליטר פיקדון,יפאורה שותפות מובגלת לשי,IL,שוופס מים בטעם אפרסק ללא סוכר 1.5ל פקדון,ליטרים,1.50,ליטר,false,1,7.90,5.2667,true,1,333264
7290019056294,false,שוופס ג'ינג'ר אייל 1.5 ליטר פיקדון,"יפאורה תבורי בע""\מ",IL,משקה שוופס גינגר איל 1.5 ליטר בק.פקדון,ליטרים,1.50,ליטר,false,1,12.90,8.6000,true,1,333270
7290019056300,false,משקה בטעם ביטר לימון 1.5 ל' שוויפס,"יפאורה תבורי בע""\מ",IL,משקה שוופס ביטר למון 1.5ליטר בק.פקדון,ליטרים,1.50,ליטר,false,1,12.90,8.6000,true,1,333271
7290019056317,false,שוופס ראשן 1.5 ליטר פיקדון,"יפאורה תבורי בע""\מ",IL,משקה שוופס ראשן 1.5 ליטר בק.פקדון,ליטרים,1.50,ליטר,false,1,12.90,8.6000,true,1,333272
7290019056324,false,שוופס טוניק 1.5 ליטר פיקדון,"יפאורה תבורי בע""\מ",IL,משקה שוופס טוניק 1.5 ליטר בק.פקדון,ליטרים,1.50,ליטר,false,1,12.90,8.6000,true,1,333273
7290019056331,false,שוופס טוניק ללא סוכר 1.5 ליטר פיקדון,"יפאורה תבורי בע""מ",IL,משקה שוופס טוניק ללא סוכר 1.5ל בק.פקדון,ליטרים,1.50,ליטר,false,1,11.90,7.9333,true,1,333274
7290019056355,false,תפוזינה לימונדה MIX לימונענע 1.5 ליטר,"יפאורה תבורי בע""\מ",IL,משקה קל תפוזינה לימונענע 1.5ל בק.פקדון,ליטרים,1.50,ליטר,false,1,8.90,5.9333,true,1,333243
7290019056362,false,תפוזינה ענבים 1.5 ליטר פיקדון,"יפאורה תבורי בע""\מ",IL,משקה קל תפוזינה ענבים 1.5ליטר בק.פקדון,ליטרים,1.50,ליטר,false,1,8.90,5.9333,true,1,333245
7290019056379,false,תפוזינה תפוזים 1.5 ליטר פיקדון,"יפאורה תבורי בע""\מ",IL,משקה קל תפוזינה תפוזים 1.5ליטר בק.פקדון,ליטרים,1.50,ליטר,false,1,8.90,5.9333,true,1,333246
7290019056386,false,פתוזינה אשכולית 1.5 ליטר פיקדון,"יפאורה תבורי בע""\מ",IL,משקה קל תפוזינה אשכוליות1.5ליטר בק.פקדון,ליטרים,1.50,ליטר,false,1,8.90,5.9333,true,1,333247
7290019056393,false,תפוזינה תות בננה 1.5 ליטר פיקדון,"יפאורה תבורי בע""\מ",IL,משקה קל תפוזינה תות בננה1.5ליטר בק.פקדון,ליטרים,1.50,ליטר,false,1,8.90,5.9333,true,1,333248
7290019056409,false,תפוזינה מנגו 1.5 ליטר פיקדון,"יפאורה תבורי בע""\מ",IL,משקה קל תפוזינה מנגו 1.5ליטר בק.פקדון,ליטרים,1.50,ליטר,false,1,8.90,5.9333,true,1,333249
7290019056416,false,מיץ בטעם לימונדה ורודה 1.5 ל' תפוזינה,"יפאורה תבורי בע""\מ",IL,משקה קל תפוזינה לימונדה ורודה 1.5ל פקדון,ליטרים,1.50,ליטר,false,1,8.90,5.9333,true,1,333250
7290019056423,false,מיץ בטעם תפוח רענן 1.5ל' תפוזינה,"יפאורה תבורי בע""\מ",IL,משקה קל תפוזינה תפוחים 1.5ליטר בק. פקדון,ליטרים,1.50,ליטר,false,1,8.90,5.9333,true,1,333251
7290019056430,false,תפוזינה תפוזים לייט 1.5 ליטר פיקדון,"יפאורה תבורי בע""\מ",IL,משקה קל תפוזינה תפוזים דיאט 1.5ל פקדון,ליטרים,1.50,ליטר,false,1,8.50,5.6667,true,1,333252
7290019056447,false,תפוזינה אשכוליות לייט 1.5 ליטר פיקדון,"יפאורה תבורי בע""\מ",IL,משקה תפוזינה אשכולית דיאט 1.5ל פקדון,ליטרים,1.50,ליטר,false,1,8.50,5.6667,true,1,333253
7290019056478,false,ספרינג טי קר אפרסק 1.5ליטר פיקדון,"יפאורה תבורי בע""\מ",IL,משקה ספרינג תה אפרסק 1.5ליטר בק.פקדון,ליטרים,1.50,ליטר,false,1,7.90,5.2667,true,1,333256
7290019056485,false,ספריג תה ירוק לימון לואיזה 1.5 ליטר פיקדון,"יפאורה תבורי בע""\מ",IL,משקה ספרינג תה ירוק 1.5ליטר בק.פקדון,ליטרים,1.50,ליטר,false,1,7.90,5.2667,true,1,333257
7290019056492,false,ספרינג תה מנגו אפרסק 1.5 ליטר פיקדון,"יפאורה תבורי בע""\מ",IL,משקה ספרינג תה מנגו אפרסק 1.5ל בק.פקדון,ליטרים,1.50,ליטר,false,1,7.90,5.2667,true,1,333258
7290019056508,false,פרוט ווטר ענבים 1.5 ליטר פיקדון,"יפאורה תבורי בע""\מ",IL,פרוט וואטר טעם ענבים 1.5ליטר בק.פקדון,ליטרים,1.50,ליטר,false,1,8.90,5.9333,true,1,333265
7290019056515,false,פרוט ווטר אננס 1.5 ליטר פיקדון,"יפאורה תבורי בע""\מ",IL,פרוט וואטר טעם אננס 1.5ליטר בק.פקדון,ליטרים,1.50,ליטר,false,1,8.90,5.9333,true,1,333266
7290019056522,false,פרוט ווטר תות 1.5 ליטר פיקדון,"יפאורה תבורי בע""\מ",IL,פרוט וואטר טעם תות 1.5ליטר בק.פקדון,ליטרים,1.50,ליטר,false,1,8.90,5.9333,true,1,333267
7290019056539,false,פרוט ווטר אפרסק 1.5 ליטר פיקדון,"יפאורה תבורי בע""\מ",IL,פרוט וואטר טעם אפרסק 1.5ליטר בק.פקדון,ליטרים,1.50,ליטר,false,1,8.90,5.9333,true,1,333268
7290019056546,false,פרוט ווטר אבטיח 1.5 ליטר פיקדון,"יפאורה תבורי בע""\מ",IL,פרוט וואטר טעם אבטיח 1.5ליטר בק.פקדון,ליטרים,1.50,ליטר,false,1,8.90,5.9333,true,1,333269
7290019056553,false,שישיית מים מינרלים עין גדי 2 ליטר,עין גדי מים מינרליים,IL,שישיית מים עין גדי 2 ליטר בק.פקדון,ליטרים,12.00,ליטר,false,1,13.80,1.1500,true,1,333083
7290019056577,false,משקה קל מנגו ספרינג 1.5 ליטר,"יפאורה תבורי בע""\מ",IL,משקה קל ספרינג מנגו 1.5 ליטר בק.פקדון,ליטרים,1.50,ליטר,false,1,8.90,5.9333,true,1,333232
7290019056584,false,משקה קל תפוזים ספרינג 1.5 ליטר,"יפאורה תבורי בע""\מ",IL,משקה קל ספרינג תפוזים 1.5 ליטר בק.פקדון,ליטרים,1.50,ליטר,false,1,8.90,5.9333,true,1,333233
7290019056591,false,משקה קל ענבים ספרינג 1.5 ליטר,"יפאורה תבורי בע""\מ",IL,משקה קל ספרינג ענבים 1.5 ליטר בק.פקדון,ליטרים,1.50,ליטר,false,1,8.90,5.9333,true,1,333234
7290019056607,false,משקה קל תפוחים ספרינג 1.5 ליטר,"יפאורה תבורי בע""\מ",IL,משקה קל ספרינג תפוחים 1.5 ליטר בק.פקדון,ליטרים,1.50,ליטר,false,1,8.90,5.9333,true,1,333235
7290019056614,false,משקה קל אפרסק ספרינג 1.5 ליטר,"יפאורה תבורי בע""\מ",IL,משקה קל ספרינג אפרסק 1.5 ליטר בק.פקדון,ליטרים,1.50,ליטר,false,1,8.90,5.9333,true,1,333236
7290019056621,false,משקה קל פירות טרופיים ספרינג 1.5 ליטר,"יפאורה תבורי בע""\מ",IL,משקה קל ספרינג פירות טרופי 1.5ל בק.פקדון,ליטרים,1.50,ליטר,false,1,8.90,5.9333,true,1,333237
7290019056638,false,משקה קל תות בננה ספרינג 1.5 ליטר,"יפאורה תבורי בע""\מ",IL,משקה קל ספרינג תות בננה 1.5ליטר בק.פקדון,ליטרים,1.50,ליטר,false,1,8.90,5.9333,true,1,333238
7290019056645,false,משקה קל אגס תפוח סברס ספרינג 1.5 ליטר,"יפאורה תבורי בע""\מ",IL,משקה קל ספרינג אגס תפוח סברס 1.5ל פקדון,ליטרים,1.50,ליטר,false,1,8.90,5.9333,true,1,333239
7290019056652,false,משקה קל אננס בננה ספרינג 1.5 ליטר,"יפאורה תבורי בע""\מ",IL,משקה קל ספרינג אננס בננה 1.5ליטר פקדון,ליטרים,1.50,ליטר,false,1,8.90,5.9333,true,1,333240
7290019056669,false,משקה קל תפוחים דיאט ספרינג 1.5 ליטר,"יפאורה תבורי בע""\מ",IL,משקה קל ספרינג תפוחים דיאט 1.5ליטר פקדון,ליטרים,1.50,ליטר,false,1,8.50,5.6667,true,1,333241
7290019056676,false,משקה קל אשכולית אננס דיאט ספרינג 1.5 ליטר,"יפאורה תבורי בע""\מ",IL,משקה קל ספרינג ד.אשכולית אננס 1.5ל פקדון,ליטרים,1.50,ליטר,false,1,8.50,5.6667,true,1,333242
7290019056850,false,ספרינג תה אפרסק דיאט 1.5 ליטר פיקדון,"יפאורה תבורי בע""\מ",IL,משקה ספרינג תה אפרסק דיאט 1.5ל בק.פקדון,ליטרים,1.50,ליטר,false,1,7.90,5.2667,true,1,333259
7290019056881,false,מי סודה שוויפס 1.5ל',"יפאורה תבורי בע""מ",IL,שוופס סודה 1.5 ליטר בק.פקדון,ליטרים,1.50,ליטר,false,1,4.50,3.0000,true,1,335653
7290019056966,false,מי עדן בקבוק פיקדון 1.5 ליטר,"מי עדן בע""מ",IL,מי עדן 1.5 ליטר בודד לא קר בק.פקדון,ליטרים,1.50,ליטר,false,1,4.20,2.8000,true,1,333989
7290019056973,false,שישיית מי עדן 1.5 ליטר משפחתי,"מופק ממקור בזלתי עדן ,1",IL,מארז 6יח מי עדן 1.5ליטר בק. פקדון,ליטרים,9.00,ליטר,false,1,14.70,1.6333,true,1,333299
7290019058007,false,תרד ניוזילנדי,,,תרד ניוזילנדי,Unknown,0.00,Unknown,false,1,11.90,0.0000,true,1,332735
7290019058014,false,תרד טורקי,,,תרד ניוזילנדי,Unknown,0.00,Unknown,false,1,10.90,0.0000,true,1,332734
7290019070214,false,רוטב צאטני תמר הינדי,,IN,רוטב צאטני תמר הינדי 450 גרם,גרמים,450.00,100 גרם,false,10,16.90,3.7556,true,1,335908
7290019074090,false,"ד""ר פישר - קמיל בלו אקסטרה סופט אל סבון לתינוק 500 מ""ל",פישר מעבדות פרמצבטיות בע,IL,אל סבון קמיל בלו אקסטרה סופט 500מל,מיליליטרים,500.00,"100 מ""ל",false,12,22.90,4.5800,true,1,337166
7290019074298,false,"ד""ר פישר - קמיל בלו אקסטרה סופט שמפו לתינוק 500 מ""ל",פישר מעבדות פרמצבטיות בע,IL,שמפו קמיל בלו אקסטרה סופט 500מל,מיליליטרים,500.00,"100 מ""ל",false,12,22.90,4.5800,true,1,337167
7290019074885,false,"ד""ר פישר - קמיל בלו אקסטרה סופט קרם גוף לתינוק 500 מ""ל",פישר מעבדות פרמצבטיות בע,IL,קרם גוף קמיל בלו אקסטרה סופט 500מל,מיליליטרים,500.00,"100 מ""ל",false,12,29.90,5.9800,true,1,337165
7290019075103,false,קמיל בלו אקסטרה סופט שמפו לתינוק 1 ליטר,פישר מעבדות פרמצבטיות בע,IL,שמפו קמיל בלו אקסטרה סופט 1 ליטר,ליטרים,1.00,ליטר,false,16,32.90,32.9000,true,1,337168
7290019075899,false,קמיל בלו אקסטרה סופט אל סבון לתינוק 1 ליטר,פישר מעבדות פרמצבטיות בע,IL,אל סבון קמיל בלו אקסטרה סופט 1 ליטר,ליטרים,1.00,ליטר,false,16,32.90,32.9000,true,1,337169
7290019077206,false,רוטב רימונים ודבש לל,משק דבורים לין,IL,רוטב רימונים ודבש ללא סוכר משק לין 350 ג,גרמים,350.00,100 גרם,false,6,26.90,7.6857,true,1,332582
7290019078494,false,"מארז מרציפן ללת""ס 6*30 גרם","אלמונדס בע""מ",IL,מארז חטיף מרציפן נטו ל.ס 30גרם 6 יח,גרמים,180.00,100 גרם,false,6,29.90,16.6111,true,1,337350
7290019078616,false,מארז חטיפי מרציפן במילוי תפוז מצופה שוקולד 6*30 גרם אלמנדוס,"אלמונדס בע""מ",IL,מארז חטיף מרציפן מצופה שוקולד 30גרם 6 יח,גרמים,180.00,100 גרם,false,6,24.90,13.8333,true,1,338279
7290019078722,false,מארז חטיפי מרציפן במילוי פיסתוק 6*30 גרם אלמנדוס,"אלמונדס בע""מ",IL,מארז חטיף מרציפן מילוי פיסטוק 30גרם 6 יח,גרמים,180.00,100 גרם,false,6,24.90,13.8333,true,1,336921
7290019078784,false,אבקת קקאו אורגנית 400 גרם,"אלמונדס בע""מ",PE,אבקת קקאו אורגני 400 גר שקד תבור,גרמים,400.00,100 גרם,false,10,29.90,7.4750,true,1,336919
7290019078791,false,דובדבני אמרנה אלמנדו,"אלמונדס בע""מ",IL,דובדבני אמרנה אלמנדוס 425 גרם,גרמים,425.00,100 גרם,false,12,36.90,8.6824,true,1,336522
7290019078999,false,מארז מרציפן תפוז שוקולד 6*30 גרם אלמנדוס,"אלמונדס בע""מ",IL,מארז חטיף מרציפן מילוי תפוז 30גרם 6 יח,גרמים,180.00,100 גרם,false,6,24.90,13.8333,true,1,336920
7290019108009,false,פומאז מעדן שקדים ושוקולד 120 גרם,,IL,מעדן טבעוני פומאז שקד שוקולד 120גר,גרמים,120.00,100 גרם,false,8,10.90,9.0833,true,1,334409
7290019108023,false,FOMOUSSEמעדן שקדים שוקולד וקרם שקדים 120גרם - פומאז',,IL,מעדן טבעוני פו מוס 120 גרם,גרמים,120.00,100 גרם,false,8,10.90,9.0833,true,1,333433
7290019108207,false,פומאז- מעדן שוקולד לבן ושקדים 120 גרם,,IL,מעדן טבעוני פומאז שוקולד לבן ושקדים 120ג,גרמים,120.00,100 גרם,false,8,10.90,9.0833,true,1,337757
7290019108429,false,פומאז יוגורט טבעוני שקדים 120 גרם,,IL,מעדן טבעוני פומאז יוגורט שקדים 120גר,גרמים,120.00,100 גרם,false,8,10.90,9.0833,true,1,334407
7290019108610,false,"מעדן דובדבני אמרנה ושוקולד 120 גרם ""פומאז""",,IL,מעדן טבעוני פומאז שוקולד דובדני אמרנה120,גרמים,120.00,100 גרם,false,8,10.90,9.0833,true,1,334408
7290019108801,false,פומאז- מעדן תות שקדים 120 גרם,,IL,מעדן טבעוני פומאז מעדן תות 120גר,גרמים,120.00,100 גרם,false,8,10.90,9.0833,true,1,334150
7290019137016,false,תה ירוק למון גראס וגינגר אורגני 37.5 גרם,,LK,תה ירוק אורגני לימון גראס גינגר 25 שק,יחידה,25.00,יחידה,false,12,12.90,0.5160,true,1,335369
7290019137023,false,תה ירוק בתוספת לואיזה אורגני 37.5 גרם,,LK,תה ירוק אורגני בתוספת לואיזה 25 שק,יחידה,25.00,יחידה,false,12,12.90,0.5160,true,1,337533
7290019137030,false,חליטת למון גראס אורגני 37.5 גרם,,LK,חליטת למון גראס אורגנית 25 שקיקים25 שק,יחידה,25.00,יחידה,false,12,12.90,0.5160,true,1,335370
7290019137177,false,"ניוקי תפוחי אדמה לל""ג אורגני 350 גרם",,IT,ניוקי תפוא אורגני ללא גלוטן 350 גר,גרמים,350.00,100 גרם,false,14,10.90,3.1143,true,1,337294
7290019137184,false,ניוקי תפוחי אדמה אורגני 350 גרם,,IT,ניוקי תפוחי אדמה אורגני 350 גר,גרמים,350.00,100 גרם,false,14,10.90,3.1143,true,1,337290
7290019137191,false,ניוקי ת.אדמה כוסמין ותרד אורגני 350 גרם,,IT,ניוקי תפוא אורגני עם קמח כוסמין ותרד 350,גרמים,350.00,100 גרם,false,14,10.90,3.1143,true,1,337292
7290019137207,false,ניוקי תפוא אורגני ע,,,ניוקי תפוא אורגני עם ותרד 350,גרמים,350.00,100 גרם,false,14,10.90,3.1143,true,1,337293
7290019145691,false,ערק לימונענע דודו 75,,IL,ערק לימונענע דודו 750 מל,מיליליטרים,750.00,"100 מ""ל",false,12,65.00,8.6667,true,1,335407
7290019153078,false,"שוופס ביטר למון לייט, 1.5 ליטר פקדון","יפאורה תבורי בע""\מ",IL,משקה שוופס ביטר למון לייט 1.5ל בק.פקדון,ליטרים,1.50,ליטר,false,1,11.90,7.9333,true,1,333869
7290019153085,false,שוופס מוגז ליים מוחיטו ללא סוכר 1.5 ליטר-,"יפאורה תבורי בע""\מ",IL,משקה שוופס מוחיטו ללא סוכר 1.5ליטר,ליטרים,1.50,ליטר,false,1,8.90,5.9333,true,1,334153
7290019153221,false,שוופס סודה בטעם אננס 0.5 ליטר,יפאורה תבורי,IL,סודה שוופס 500מל טעם אננס,מיליליטרים,500.00,"100 מ""ל",false,1,4.90,0.9800,true,1,335384
7290019153238,false,שוופס סודה בטעם תפוח 0.5 ליטר,יפאורה תבורי,IL,סודה שוופס 500מל טעם תפוח,מיליליטרים,500.00,"100 מ""ל",false,1,4.90,0.9800,true,1,335385
7290019153245,false,שוופס סודה בטעם לימון 0.5 ליטר,יפאורה תבורי,IL,סודה שוופס 500מל טעם לימון,מיליליטרים,500.00,"100 מ""ל",false,1,4.90,0.9800,true,1,335386
7290019153252,false,שוופס סודה תפוח 1.5 ליטר רביעייה פיקדון,"יפאורה תבורי בע""\מ",IL,מארז 4יח סודה שוופס תפוח 1.5ל בק.פקדון,ליטרים,6.00,ליטר,false,1,12.20,2.0333,true,1,335380
7290019153269,false,שוופס סודה אננס 1.5 ליטר רביעייה פיקדון,"יפאורה תבורי בע""\מ",IL,מארז 4יח סודה שוופס אננס 1.5ל בק.פקדון,ליטרים,6.00,ליטר,false,1,12.20,2.0333,true,1,335379
7290019153313,false,"משקהתפוח חמוציות אוכמניות 350 מ""ל פרות & ווג",יפאורה תבורי בעמ,IL,משקה תפוח חמוציות אוכמניות 350מל,מיליליטרים,350.00,"100 מ""ל",false,1,7.90,2.2571,true,1,335623
7290019153344,false,מיץ בטעם סנגרייה 1.5 ל' תפוזינה,"יפאורה תבורי בע""\מ",IL,משקה קל תפוזינה סנגרייה 1.5ליטר בק.פקדון,ליטרים,1.50,ליטר,false,1,8.90,5.9333,true,1,335624
7290019153351,false,מיץ בטעם פינק אוזו 1.5 ל' תפוזינה,"יפאורה תבורי בע""\מ",IL,משקה קל תפוזינה פינק אוזו 1.5ל בק.פקדון,ליטרים,1.50,ליטר,false,1,8.90,5.9333,true,1,335625
7290019153375,false,מיץ בטעם מוחיטו 1.5 ל' תפוזינה,"יפאורה תבורי בע""\מ",IL,משקה קל תפוזינה מוחיטו 1.5ל בק.פקדון,ליטרים,1.50,ליטר,false,1,8.90,5.9333,true,1,335626
7290019153566,false,משקה קל רימון אוכמניות דובדבן ספרינג 1.5 ליטר,יפאורה תבורי,IL,משקה קל ספרינג רימון אוכמניות 1.5ל פקדון,ליטרים,1.50,ליטר,false,1,8.90,5.9333,true,1,336872
7290019167020,false,עוגת גבינה עם פירות יער לייט עדן קינוחים 82 גרם,עדן קינוחים Eden,IL,קינוח עוגת גבינה עם פירות יער לייט 82גר,Unknown,0.00,Unknown,false,12,6.90,0.0000,true,1,337587
7290019167037,false,תותים בקצפת עדן קינוחים 82 גרם,עדן קינוחים Eden,IL,קינוח תותים בקצפת 82גר עדן קינוחים,Unknown,0.00,Unknown,false,12,6.90,0.0000,true,1,337585
7290019167044,false,קצפת עם קרם בייגלה מתוק מלוח עדן קינוחים 82 גרם,עדן קינוחים Eden,IL,קינוח קצפת קרם בייגלה מתוק מלוח 82גר,Unknown,0.00,Unknown,false,12,6.90,0.0000,true,1,337586
7290019204008,false,עוף טוב פסטרמה ארבעה פלפלים 350 גרם,עיצובים 2020 (4.9),IL,פסטרמה ארבעה פלפלים 350גר עוף טוב,גרמים,350.00,100 גרם,false,8,24.90,7.1143,true,1,336283
7290019204107,false,עוף טוב פסטרמה בטעם אווז 320 גרם,עיצובים 2020 (4.9),IL,פסטרמה בטעם אווז 320גר עוף טוב,גרמים,320.00,100 גרם,false,8,24.90,7.7812,true,1,336284
7290019204206,false,עוף טוב פסטרמה בסגנון רומני 320 גרם,עיצובים 2020 (4.9),IL,פסטרמה בסגנון רומני 320גר עוף טוב,גרמים,320.00,100 גרם,false,8,24.90,7.7812,true,1,336285
7290019204305,false,חזה הודו פסטרמה ברביקיו 350 גר',עיצובים 2020 (4.9),IL,פסטרמה ברביקיו 350גר עוף טוב,גרמים,350.00,100 גרם,false,8,24.90,7.1143,true,1,336282
7290019204404,false,עוף טוב קורנביף נתח שלם 220 גרם,עיצובים 2020 (4.9),IL,נקניק קורנביף 220גר עוף טוב נתח שלם,גרמים,220.00,100 גרם,false,8,24.90,11.3182,true,1,336288
7290019226123,false,"קניידלך קפוא 500 גרם כשל""פ תומר",,,קניידלך קפוא 400 גרם תומר,גרמים,400.00,100 גרם,false,12,17.90,4.4750,true,1,334631
7290019232094,false,חליטת פירות וצמחים אפרסק הגן הקסום ויסוצקי 25 יחידות,תה ויסוצקי,IL,תה גן הקסום אפרסק 2.5 גר 25 שקיקים,יחידה,25.00,יחידה,false,1,18.90,0.7560,true,1,335110
7290019232155,false,"חליטת ""לילה טוב"" קמומיל לבנדר ו25 שקיקים ויסוצקי",תה ויסוצקי,IL,תה צמחים לילה טוב קמומיל לבנדר 25 שק,יחידה,25.00,יחידה,false,1,24.90,0.9960,true,1,337957
7290019232162,false,"חליטת ""לילה טוב"" קמומיל מליסה 25 שקיקים ויסוצקי",תה ויסוצקי,IL,תה צמחים לילה טוב קמומיל מליסה 25 שק,יחידה,25.00,יחידה,false,1,24.90,0.9960,true,1,337958
7290019232179,false,חליטת לילה טוב נענע 25 שקיקים ויסוצקי,תה ויסוצקי,IL,תה ירוק סטיי וול נענע עם ויטמין 25 שק,יחידה,25.00,יחידה,false,1,24.90,0.9960,true,1,337954
7290019232186,false,תה ירוק לימונית לואיזהSTAY WELL 25 שקיקים ויסוצקי,תה ויסוצקי,IL,תה ירוק סטיי וול לימונית לואיזה 25 שק,יחידה,25.00,יחידה,false,1,24.90,0.9960,true,1,337955
7290019232193,false,תה ירוק לימונית ג'ינג'ר STAY WELL שקיקים 25 ויסוצקי,תה ויסוצקי,IL,תה ירוק סטיי וול לימונית גינגר 25 שק,יחידה,25.00,יחידה,false,1,24.90,0.9960,true,1,337956
7290019232353,false,תה ירוק סיני 50 שקיקים ויסוצקי,תה ויסוצקי,IL,תה ירוק סיני 1.5 ג 50 שקיקים,יחידה,50.00,יחידה,false,1,44.90,0.8980,true,1,336855
7290019232377,false,צאי וניל והל תה ויסוצקי חווית הצאי 25שק,תה ויסוצקי,IL,תה צאי וניל הל 25 שקיקים 2 גרם,יחידה,25.00,יחידה,false,8,17.90,0.7160,true,1,337932
7290019232384,false,צאי מוקה תה ויסוצקי חווית הצאי 25שק,תה ויסוצקי,IL,תה צאי מוקה 25 שקיקים 2 גרם,יחידה,25.00,יחידה,false,8,17.90,0.7160,true,1,337933
7290019232834,false,פליפז בייגלה מצופה קרם עוגיות ושוקולד מקוויטיס 140 גרם,אולקר מקבוצת פלאדיס,TR,בייגלה פליפז קרם עוגיות 140 גרם,גרמים,140.00,100 גרם,false,1,8.90,6.3571,true,1,335111
7290019233008,false,רוטב עגבניות עם קוביות ארטישוק ושמן זית 420ג ויסוצקי,דליציה דורה אס.אר.אל,IT,רוטב זיתא לשקשוקה קוביות ארטישוק 420 גרם,גרמים,420.00,100 גרם,false,6,13.90,3.3095,true,1,335482
7290019233015,false,רוטב שקשוקה תבשיל ירקות עם שמן זית כתית מעולה 420ג זיתא,זיתא,IT,רוטב זיתא לשקשוקה ירוקה 420 גרם,גרמים,420.00,100 גרם,false,6,13.90,3.3095,true,1,335480
7290019233022,false,שקשוקה חצילים רוטב עגבניות עם קוביות חצילים צלויים,דליציה דורה אס.אר.אל,IT,רוטב זיתא לשקשוקה קוביות חצילים 420 גרם,גרמים,420.00,100 גרם,false,6,13.90,3.3095,true,1,335481
7290019233039,false,שקשוקה קלאסית- רוטב עגבניות עם קוביות פלפלים צלויים,דליציה דורה אס.אר.אל,IT,רוטב זיתא לשקשוקה קוביות פלפל 420 גרם,גרמים,420.00,100 גרם,false,6,13.90,3.3095,true,1,335483
7290019233046,false,זית קלמטה בלונד מרינד עם שמן זית 215 גרם,זיתא - י.ט.ב תעשיות,IL,זית זיתא קלמטה בלונד 215 גרם בגביע,גרמים,215.00,100 גרם,false,1,14.90,6.9302,true,1,333749
7290019297161,false,טורטיה ראפ מקמח תירס שקדיה 450 גרם,דין שיווק,TR,טורטיה טורטילס קמח תירס 12 יח 450 גר,גרמים,450.00,100 גרם,false,1,10.90,2.4222,true,1,318143
7290019297239,false,צימוק חום 250 גרם ששון הקולה,"דין שיווק וקלייה בע""",,צימוק חום 250 גר בקופסא,גרמים,250.00,100 גרם,false,1,13.90,5.5600,true,1,242019
7290019297246,false,שזיפים מיובשים 250 גרם ששון הקולה,"דין שיווק וקלייה בע""",,שזיף מיובש 250 גר בקופסא,גרמים,250.00,100 גרם,false,1,21.90,8.7600,true,1,242020
7290019297451,false,מי ורדים שקדיה 500 מ,אף.סי תבליני בגליל ב,BE,מי ורדים 500 מל,מיליליטרים,500.00,"100 מ""ל",false,12,16.00,3.2000,true,1,243642
7290019297505,false,"רוטב רימונים שקדיה 700 מ""ל",קארל קיוחנה,TR,רוטב רימונים שקדיה 1 ל,מיליליטרים,700.00,"100 מ""ל",false,1,19.90,2.8429,true,1,242117
7290019297512,false,"רוטב רימונים שקדיה 340 מ""ל בדץ",סיטוגלוגידה,TR,רוטב רימונים שקדיה 350 מל,גרמים,340.00,100 גרם,false,1,10.90,3.2059,true,1,242116
7290019297536,false,חמאת בוטנים עם שברי בוטנים שקדיה 510 גרם,דין שיווק,IN,חמאת בוטנים שברי בוטנים 510 גר,גרמים,510.00,100 גרם,false,1,10.90,2.1373,true,1,243380
7290019297543,false,חמאת בוטנים שקדיה 510 גרם,דין שיווק,IN,חמאת בוטנים חלקה 510 גר,גרמים,510.00,100 גרם,false,1,10.90,2.1373,true,1,243381
7290019297550,false,בוטנים מטוגנים בקופסא 185 גרם,קריניציה ויטמינה אס,IL,בוטנים מטוגנים 185 גר בקופסא,גרמים,185.00,100 גרם,false,1,10.00,5.4054,true,1,243382
7290019297628,false,שקד טבעי בשקית ששון הקולה 150 גרם,"דין שיווק וקלייה בע""",IL,שקד טבעי ששון הקולה 150 גר,גרמים,150.00,100 גרם,false,1,14.90,9.9333,true,1,242039
7290019297635,false,שקדים קלויים ששון הקולה 150 גרם,"דין שיווק וקלייה בע""",IL,שקד קלוי ששון הקולה 150 גר,גרמים,150.00,100 גרם,false,25,14.90,9.9333,true,1,242038
7290019297642,false,גרעין שחור קלוי ללא מלח ששון הקולה 150 ג',"דין שיווק וקלייה בע""",IL,גרעין שחור קלוי ללא מלח 150 גר ששון הקול,גרמים,150.00,100 גרם,false,25,4.50,3.0000,true,1,242040
7290019302315,false,"ייו buzz אבטיח מלון 750 מ""ל",יקבי כרמל,IL,יין באז אבטיח מלון 750 מל,מיליליטרים,750.00,"100 מ""ל",false,1,35.00,4.6667,true,1,335671
7290019304104,false,יין שאושינג 640 מל ס,Qingdao Sun-growing,CN,יין שאושינג 640 מל סאן,מיליליטרים,640.00,"100 מ""ל",false,12,34.90,5.4531,true,1,337291
7290019376002,false,רוטב שום לימון מיוחד,,,רוטב שום לימון קפוא 500גר ארז,גרמים,500.00,100 גרם,false,1,18.90,3.7800,true,1,337410
7290022005555,false,תבלין פילדלפיה מימון 120 גרם,א.ל ייצור ושיווק תבל,,תערובת פילדלפיה מיכל 120 גר,גרמים,120.00,100 גרם,false,1,11.90,9.9167,true,1,319227
7290022005562,false,קריספ פירורי לחם שום 300 גרם מיימונס,א.ל ייצור ושיווק תבל,IL,פירורי לחם קריספ עם שום 300 גרם,גרמים,300.00,100 גרם,false,20,7.90,2.6333,true,1,336144
7290026220176,false,דבש פרחי השדה 1 קג ק,קיבוץ ארז,,דבש פרחי השדה 1 קג קיבוץ ארז,קילוגרמים,1.00,"ק""ג",false,1,49.90,49.9000,true,1,235097
7290026220206,false,דבש פרחי הדרים 1 קג,קיבוץ ארז,IL,דבש פרחי הדרים 1 קג קיבוץ ארז,קילוגרמים,1.00,"ק""ג",false,15,49.90,49.9000,true,1,323994
7290026220251,false,דבש פרחי השדה 500 גר,קיבוץ ארז,,דבש פרחי השדה 500 גר קיבוץ ארז,גרמים,500.00,100 גרם,false,1,27.90,5.5800,true,1,235096
7290046499842,false,עופיון קפוא ארוז עוף,,,עופיון קפוא ארוז עוף גלילי,קילוגרמים,1.00,"ק""ג",true,,60.00,60.0000,true,1,331151
7290055090597,false,מטבעות שוקולד לבן 42 גרם,כרמית,IL,מטבעות שוקולד לבן 42ג ברשת,Unknown,0.00,Unknown,false,1,5.00,0.0000,true,1,231377
7290055090801,false,כרמית שוקולד לבן ללא תוספת סוכר 85 גרם,"כרמית תעשיות ממתקים בע""\",IL,שוקולד לבן ללא סוכר כרמית 85 גר,גרמים,40000.00,100 גרם,false,1,5.90,0.0148,true,1,244645
7290100235324,false,בונז'ור עוגת בריוש גבינה 500ג',בונז'ור,IL,עוגת בריוש גבינה 550 גר,גרמים,550.00,100 גרם,false,1,30.00,5.4545,true,1,225867
7290100235492,false,בונז'ור לחם שיפון רוסי 575ג',בונז'ור,,לחם שיפון רוסי בונזור אפוי חלקית,גרמים,560.00,100 גרם,false,1,13.90,2.4821,true,1,227865
7290100235553,false,בונז'ור עוגת בריוש תפוח עם אגוזים 550 ג',בונז'ור,IL,עוגת בריוש תפוחים ואגוזים 550 גר,גרמים,550.00,100 גרם,false,1,30.00,5.4545,true,1,226458
7290100240137,false,"תרסיס ריחני למייבש כחול בדין 500 מ""ל","זוהר דליה, קיבוץ דליה, 1",IL,תרסיס למייבש בדין כחול 500 מל,מיליליטרים,500.00,"100 מ""ל",false,1,20.00,4.0000,true,1,224200
7290100240144,false,"תרסיס ריחני למייבש ורוד בדין 500 מ""ל","זוהר דליה, קיבוץ דליה, 1",IL,תרסיס למייבש בדין ורוד 500 מל,מיליליטרים,500.00,"100 מ""ל",false,1,20.00,4.0000,true,1,224199
7290100240632,false,קרקר פתית 200-300ג' 6 דגנים 250 גרם,יוניליוור ישראל מזון בע\,IL,פתית 6 דגנים 250 גר,גרמים,250.00,100 גרם,false,1,16.90,6.7600,true,1,224237
7290100240656,false,"פתית שיפון בד""צ חדש 300X24 גר'",יוניליוור ישראל מזון בע\,IL,פתית שיפון 300 גר,גרמים,300.00,100 גרם,false,1,16.90,5.6333,true,1,224238
7290100243084,false,מיונז אמיתי הלמנס 789גרם,"יונילוור ארה""ב",IL,הלמנס מיונז אמיתי 789 גר,גרמים,789.00,100 גרם,false,10,21.90,2.7757,true,1,225301
7290100243671,false,"מרכך כביסה מרוכז אקסטרה כחול בדין 960 מ""ל",יוניליוור סנאיי וי טיקאר,TR,בדין אקסטרא כחול MC,מיליליטרים,960.00,"100 מ""ל",false,16,16.90,1.7604,true,1,225545
7290100245231,false,נמס בכוס מרק בטעם עוף עם אטריות ושקדי מרק-2 שקיות,יוניליוור ישראל מזון בע\,IL,נמס בכוס ועוד ט.עוף שקדי מרק,Unknown,0.00,Unknown,false,72,6.90,0.0000,true,1,226742
7290100249086,false,"קליק נוגט לבן כשל""פ35גרם","יונליוור ישראל מזון בע""\",IL,חטיף קליק או.קיי שוקולד לבן 35 גרם,Unknown,0.00,Unknown,false,1,5.00,0.0000,true,1,234099
7290100249598,false,"רוטב לעוף שום ודבש קנור 320 גרם בד""צ",יוניליוור ישראל מזון בע\,IL,רוטב קנור לבישול שום ודבש 320 גר בדץ,גרמים,320.00,100 גרם,false,1,12.90,4.0313,true,1,228665
7290100249659,false,"רוטב לעוף צ'ילי מתוק ושום קנור 320 גרם בד""צ",יוניליוור ישראל מזון בע\,IL,רוטב קנור לבישול עוף צילי יין 310מל בדץ,מיליליטרים,310.00,"100 מ""ל",false,1,12.90,4.1613,true,1,228663
7290100412343,false,קוויק מטליות לחות 99.9% לניקוי כללי בריח לימון 50 יחידות,די.פי.אל,IL,מגבונים לניקוי כללי קוויק לימון 50יח,יחידה,50.00,יחידה,false,18,8.90,0.1780,true,1,300342
7290100412442,false,קוויק מטליות לחות 99.9% לניקוי שירותים ומקלחות בריח מנטה 50 יחידות,די.פי.אל,IL,מגבונים לניקוי שירותים/אמבטיה קוויק 50יח,יחידה,50.00,יחידה,false,18,8.90,0.1780,true,1,300344
7290100412701,false,"תחליב גוף קלאסיק מאסק דר עור 400 מ""ל","אמיליה קוסמטיקס בע""מ",IL,קרם גוף דוקטור עור מאסק 400מל,מיליליטרים,400.00,"100 מ""ל",false,1,17.90,4.4750,true,1,312350
7290100412732,false,תחליב גוף לעור יבש פרחי בר דר עור 400 מל,"אמיליה קוסמטיקס בע""מ",IL,קרם גוף דוקטור עור פרחי אביב 400מל,מיליליטרים,400.00,"100 מ""ל",false,1,17.90,4.4750,true,1,312352
7290100412763,false,"תחליב רחצה ד""ר עור לבנדר 700 מ""ל","אמיליה קוסמטיקס בע""מ",IL,תחליב רחצה לבנדר דוקטור עור 700 מל,מיליליטרים,700.00,"100 מ""ל",false,1,19.90,2.8429,true,1,312345
7290100412770,false,"ד""ר עור - תחליב רחצה קלאסי בניחוח מאסק 700 מ""ל","אמיליה קוסמטיקס בע""מ",IL,תחליב רחצה מאסק דוקטור עור 700 מל,מיליליטרים,700.00,"100 מ""ל",false,1,19.90,2.8429,true,1,312346
7290100412794,false,"תרחיץ פנים קלאסק מאסק פילינג דר עור 150 מ""ל","אמיליה קוסמטיקס בע""מ",IL,פילינג פנים דוקטור עור מאסק 150 מל,מיליליטרים,150.00,"100 מ""ל",false,1,17.90,11.9333,true,1,312354
7290100412817,false,קרם רגליים לעור יבש פרחי בר דר עור 100 מ,"אמיליה קוסמטיקס בע""מ",IL,קרם רגליים דוקטור עור פרחי אביב 100 מל,מיליליטרים,100.00,"100 מ""ל",false,1,11.90,11.9000,true,1,312357
7290100412848,false,DR OR תחליב גוף אנטי אייגינג וניל מעודן 400 מל,"אמיליה קוסמטיקס בע""מ",IL,קרם גוף דוקטור עור טרופיקל וניל 400מל,מיליליטרים,400.00,"100 מ""ל",false,1,17.90,4.4750,true,1,312351
7290100653463,false,"פלמוליב - ארומה ג'ל רחצה מסאז' 500 מ""ל",קולגייט-פלמוליב,TR,פלמוליב סבון נוזלי ספא מסאג 500 מל,מיליליטרים,500.00,"100 מ""ל",false,1,16.90,3.3800,true,1,221946
7290100653586,false,"דאודורנט ג'ל פרש פיוזן 24/7 ליידי ספיד סטיק 65 מ""ל",ליידי ספיד סטיק Lady Speed Stick,US,דאו.לסס ספיד סטיק גל 24/7 ורוד,Unknown,0.00,Unknown,false,1,18.90,0.0000,true,1,222493
7290100658338,false,"נוזל לניקוי כלים אוקסי פלוס פלמוליב 750 מ""ל",הנסיך- מפעל לייצור ט,GR,נוזל כלים פלמוליב אוקסי כחול 750 מל,מיליליטרים,750.00,"100 מ""ל",false,1,11.90,1.5867,true,1,222079
7290100659090,false,פרי חטיפים ללא גלוטן ותוספת סוכר מארז 5 תמרים וקינמון,טבעית מוצרים מן הטבע בעמ,IL,מארז חטיף פריי תמר קינמון ללא סוכר 5 יח,גרמים,90.00,100 גרם,false,1,16.90,18.7778,true,1,222253
7290100680650,false,מנה חמה נודלס-אטריות ירקות טעם תאילנדי אסם 76 ג',PUB FOODS PRESIDENT THAI,TH,מנה חמה אסם נודלס ירקות תאילנדי 76 גר,גרמים,76.00,100 גרם,false,1,6.90,9.0789,true,1,221801
7290100680667,false,מנה חמה נודלס-אטריות+ירקות טעם סצ'ואן,PUB FOODS PRESIDENT THAI,TH,מנה חמה אסם נודלס ירק.ט.סצואן 76 גר,גרמים,76.00,100 גרם,false,1,6.90,9.0789,true,1,221802
7290100680711,false,פירורית זהב אסם זהב 350ג',עינת תעשיות מזון אגו,IL,פירורית זהב בשקית 350 ג,גרמים,350.00,100 גרם,false,1,8.90,2.5429,true,1,222043
7290100680728,false,פירורית רגילה שקית 350 גרם,מיוצר עי קונדיטוריית,IL,פירורית בשקית 350 ג,גרמים,350.00,100 גרם,false,20,7.90,2.2571,true,1,222042
7290100681015,false,אינסטנט פודינג בטעם ריבת חלב אסם 84 גרם,מיוצר עי קונדיטוריית,IL,אינסטנט פודינג ריבת חלב84 גר,גרמים,84.00,100 גרם,false,12,6.00,7.1429,true,1,221957
7290100681138,false,מארז אפרופו חטיף תירס 3 יחידות,"אסם השקעות בע""\מ",IL,מארז אפרופו מיוחד 3 יח,גרמים,150.00,100 גרם,false,1,12.90,8.6000,true,1,221589
7290100681503,false,עסיס סירופ לימונענע דיאטטי 1 ליטר,בית-השיטה עסיס תעשיות מז,IL,סירופ דיאט לימונענע 1 ל,ליטרים,1.00,ליטר,false,1,17.90,17.9000,true,1,221800
7290100681510,false,סירופ דיאט בטעם אשכולית אדומה עסיס 1 ליטר,בית-השיטה עסיס תעשיות מז,IL,סירופ דיאט אשכולית אדומה 1 ל,ליטרים,1.00,ליטר,false,1,17.90,17.9000,true,1,221799
7290100684306,false,"רוטב צ'ילי מתוק 600מ""ל אסם","אסם השקעות בע""\מ",IL,רוטב צילי מתוק 600 מל,מיליליטרים,600.00,"100 מ""ל",false,6,18.90,3.1500,true,1,223090
7290100684764,false,במבה יום הולדת על סרט אסם 25 ג',"אסם תעשיות בע""מ",IL,במבה יום הולדת 25 ג על סרט,גרמים,25.00,100 גרם,false,48,2.80,11.2000,true,1,222749
7290100685068,false,אינסטנט פודינג בטעם וניל עם פצפוצי שוקולד אסם 110 גרם,"אסם תעשיות בע""מ",IL,אינסטנט פודינג וניל+פיצפוצי שוקולד 110 ג,גרמים,110.00,100 גרם,false,1,6.90,6.2727,true,1,222536
7290100685136,false,"אבקת מרק בטעם עוף אסם 1 ק""ג","אסם השקעות בע""\מ",IL,מרק עדיף טעם עוף 1 קג,קילוגרמים,1.00,"ק""ג",false,5,15.90,15.9000,true,1,222535
7290100685334,false,אבקת מרק עוף אמיתי בשרי רכיבים טבעיים אסם 400 גרם,"אסם השקעות בע""\מ",IL,מרק עוף אמיתי רכיב טבעי 400 גר אסם,גרמים,400.00,100 גרם,false,1,21.90,5.4750,true,1,223649
7290100685341,false,אבקת מרק טעם עוף זך רכיבים טבעיים אסם 400 גרם,"אסם השקעות בע""\מ",IL,מרק תיבול טעם עוף זך רכיבים טבעיים 400ג,גרמים,400.00,100 גרם,false,1,17.90,4.4750,true,1,222690
7290100685563,false,פירורית זהב מארז 200X2ג' אסם,עינת תעשיות,IL,מארז 2 יח פירורית זהב 200 גר,גרמים,400.00,100 גרם,false,1,9.90,2.4750,true,1,318856
7290100685600,false,פירורית זהב אסם זהב חיטה מלאה 200ג',עינת תעשיות מזון אגו,IL,פירורית חיטה מלאה 200 גרם,גרמים,200.00,100 גרם,false,12,7.50,3.7500,true,1,222737
7290100685938,false,עוגת הבית דבש ותפוח עץ עם פירורים 400 גר,"אסם תעשיות בע""מ",IL,עוגת דבש תפוח עץ ופירורים 400 ג,גרמים,400.00,100 גרם,false,1,13.90,3.4750,true,1,235653
7290100686164,false,מארז מולטיפק ביסלי ברביקיו 6 יח 35 גר יח,מיוצר עי קונדיטוריית,IL,מארז 6 יח ביסלי ברביקיו 35 ג,גרמים,210.00,100 גרם,false,8,15.00,7.1429,true,1,222828
7290100686171,false,מארז מולטיפק ביסלי גריל 6 יח 35 גר ליח,"אסם השקעות בע""\מ",IL,מארז 6 יח ביסלי גריל 35 ג,גרמים,210.00,100 גרם,false,8,15.00,7.1429,true,1,222689
7290100687109,false,במבה במילוי קרם נוגט 60ג' אסם,"אסם השקעות בע""\מ",IL,חטיף במבה במילוי נוגט 60 גר,גרמים,60.00,100 גרם,false,36,5.00,8.3333,true,1,224694
7290100700006,false,"סוגת חיטה 1 ק""ג","סוגת תעשיות בע""\מ",IL,חיטה סוגת 1 קג,קילוגרמים,1.00,"ק""ג",false,1,9.90,9.9000,true,1,223612
7290100700020,false,סוגת גריסי פנינה 500 גרם,האי נאם סי או אל.טי.,IL,גריסי פנינה 500 גר,גרמים,500.00,100 גרם,false,12,6.00,1.2000,true,1,221242
7290100700068,false,סוגת שעועית צבעונית 500גרם,"סוגת תעשיות בע""מ",IL,שעועית צבעונית 500 גר,גרמים,500.00,100 גרם,false,12,8.90,1.7800,true,1,221549
7290100700075,false,פירורי לחם מוזהבים סוגת 200 גרם,"סוגת תעשיות בע""\מ",IL,פירורי לחם מוזהב 200 ג סוגת,גרמים,200.00,100 גרם,false,1,4.00,2.0000,true,1,221550
7290100700242,false,"סוגת אורז מלא עגול 1 ק""ג","סוגת תעשיות בע""\מ",IL,אורז עגול מלא 1 קג סוגת,קילוגרמים,1.00,"ק""ג",false,1,10.90,10.9000,true,1,222660
7290100700273,false,קינואה לבנה 500 ג סו,האי נאם סי או אל.טי.,IL,קינואה לבנה 500 ג סוגת,גרמים,500.00,100 גרם,false,1,13.90,2.7800,true,1,222557
7290100700297,false,עדשים שחורות מנומרות סוגת 500 גרם,"סוגת תעשיות בע""מ",IL,עדשים שחורים סוגת 500 גרם,גרמים,500.00,100 גרם,false,1,7.90,1.5800,true,1,223508
7290100700310,false,"סוגת כוסמת סוגת 1ק""ג","סוגת תעשיות בע""מ",IL,כוסמת סוגת 1 קג,קילוגרמים,1.00,"ק""ג",false,1,15.90,15.9000,true,1,223969
7290100700327,false,"גריסי פנינה סוגת 1 ק""ג","סוגת תעשיות בע""\מ",IL,גריסי פנינה סוגת 1 קג,קילוגרמים,1.00,"ק""ג",false,1,8.90,8.9000,true,1,223970
7290100700334,false,קינואה לבנה 1 קג סוג,"סוגת תעשיות בע""מ",IL,קינואה 1 קג סוגת,קילוגרמים,1.00,"ק""ג",false,1,19.90,19.9000,true,1,299484
7290100700365,false,"שעועית אדומה 1 ק""ג סוגת",סוגת תעשיות בעמ,IL,שעועית אדומה 1 קג,קילוגרמים,1.00,"ק""ג",false,1,18.90,18.9000,true,1,223971
7290100700372,false,"סוגת אורז בסמטי מלא 1 ק""ג",האי נאם סי או אל.טי.,IL,אורז בסמטי מלא 1 קג,קילוגרמים,1.00,"ק""ג",false,12,13.90,13.9000,true,1,228099
7290100700389,false,"אורז אדום 1 ק""ג ""סוגת""","סוגת תעשיות בע""\מ",IL,אורז אדום 1 קג,קילוגרמים,1.00,"ק""ג",false,12,13.90,13.9000,true,1,223613
7290100700396,false,"סוגת אורז יסמין קלאסי 1 ק""ג",האי נאם סי או אל.טי.,IL,אורז יסמין קלאסי,קילוגרמים,1.00,"ק""ג",false,12,11.90,11.9000,true,1,223973
7290100700402,false,"סוגת חומוס ענק 1 ק""ג",סוגת תעשיות בעמ,IL,חומוס ענק 1 קג,קילוגרמים,1.00,"ק""ג",false,12,18.90,18.9000,true,1,223972
7290100700419,false,"סוגת בורגול 1 ק""ג","סוגת תעשיות בע""\מ",IL,בורגול סוגת 1 קג,קילוגרמים,1.00,"ק""ג",false,1,8.90,8.9000,true,1,225798
7290100700563,false,"סוגת אורז מיקס קלאסי 1 ק""ג",סוגת תעשיות בעמ,IL,אורז מיקס קלאסי,קילוגרמים,1.00,"ק""ג",false,12,13.90,13.9000,true,1,224287
7290100700587,false,"בורגול ""סוגת"" 500 גרם",האי נאם סי או אל.טי.,IL,בורגול 500 גרם,גרמים,500.00,100 גרם,false,12,6.00,1.2000,true,1,227641
7290100701126,false,סוגת שעועית מש סוגת 500 גרם,סוגת תעשיות בעמ,IL,שעועית מש 500 גר,גרמים,500.00,100 גרם,false,12,12.90,2.5800,true,1,228311
7290100701140,false,"אורז ריזוטו ארבוריו 1 ק""ג ""סוגת""","סוגת תעשיות בע""מ",IL,אורז ריזוטו ארבוריו 1 קג,קילוגרמים,1.00,"ק""ג",false,12,13.90,13.9000,true,1,227868
7290100701157,false,"אורז להכנת סושי סוגת 1 ק""ג","סוגת תעשיות בע""\מ",IL,אורז להכנת סושי,קילוגרמים,1.00,"ק""ג",false,12,13.90,13.9000,true,1,228006
7290100701300,false,קינואה אדומה סוגת 500 גרם,"סוגת תעשיות בע""\מ",IL,קינואה אדומה 500 גר סוגת,גרמים,500.00,100 גרם,false,1,13.90,2.7800,true,1,228100
7290100701331,false,קמח רב תכליתי שטיבל קמח חיטה לבן בהיר,"שטיבל בע""\מ - טחנות קמח",IL,קמח רב תכליתי +1,קילוגרמים,1.00,"ק""ג",false,10,6.90,6.9000,true,1,230601
7290100701348,false,"קמח שיפון מלא סוגת 1 ק""ג",טחנות קמח שטיבל באר,IL,קמח שיפון מלא 1 קג סוגת,קילוגרמים,1.00,"ק""ג",false,1,6.90,6.9000,true,1,230596
7290100701379,false,סולת חיטה 1 קג,"שטיבל בע""מ",IL,סולת 1 קג סוגת,קילוגרמים,1.00,"ק""ג",false,10,4.90,4.9000,true,1,294380
7290100701386,false,קמח לחלה קמח חיטה לבן שטיבל,"שטיבל בע""מ - טחנות ק",IL,קמח לחלה + 18,קילוגרמים,1.00,"ק""ג",false,10,6.90,6.9000,true,1,230599
7290100701409,false,קמח תירס סוגת 500 גר,מולינו פילה ספא,IL,קמח תירס סוגת 500 גר,גרמים,500.00,100 גרם,false,1,6.90,1.3800,true,1,240334
7290100701454,false,גרישה בורגול דק סוגת 500 גרם,"סוגת תעשיות בע""\מ",IL,גרישה 500 גרם,גרמים,500.00,100 גרם,false,12,6.00,1.2000,true,1,228101
7290100701577,false,קמח לחם קמח חיטה לבן שטיבל,טחנות קמח שטיבל באר שבע,IL,קמח לחם + 2,קילוגרמים,1.00,"ק""ג",false,10,6.90,6.9000,true,1,230598
7290100701874,false,"קמח כוסמין מלא סוגת 1 ק""ג",טחנות קמח שטיבל באר,IL,קמח כוסמין 1 קג סוגת,קילוגרמים,1.00,"ק""ג",false,1,13.90,13.9000,true,1,235960
7290100701881,false,קמח פיצה ופוקצ'ה- קמח חיטה לבן בהיר שטיבל,"שטיבל בע""\מ - טחנת קמח",IL,קמח לפיצה 1 קג סוגת,קילוגרמים,1.00,"ק""ג",false,1,6.90,6.9000,true,1,230597
7290100701898,false,קמח סוגת לפסטה 1 קג,שטיבל טחנות קמח,IL,קמח פסטה 1 קג סוגת,קילוגרמים,1.00,"ק""ג",false,1,13.90,13.9000,true,1,235958
7290100701966,false,אפונה צהובה 500 ג' סוגת,"סוגת תעשיות בע""מ",IL,אפונה צהובה סוגת 500 גרם,גרמים,500.00,100 גרם,false,1,7.00,1.4000,true,1,302596
7290100702253,false,"שמרים יבשים בפחית 100 גרם ""סוגת""",אייבי מאורי,IT,שמרים יבשים בפח 100 גר,גרמים,100.00,100 גרם,false,1,8.90,8.9000,true,1,302599
7290100702260,false,קוסקוס דק סוגת 350 גרם,"אסיף תעשיות מזון בע""\מ",IL,קוסקוס דק 350 גרם,גרמים,350.00,100 גרם,false,24,5.50,1.5714,true,1,233243
7290100702277,false,קוסקוס עבה סוגת 350 גרם,"אסיף תעשיות מזון בע""",IL,קוסקוס עבה 350 גרם,גרמים,350.00,100 גרם,false,24,5.50,1.5714,true,1,233244
7290100702284,false,קוסקוס מלא סוגת 350 גרם,"אסיף תעשיות מזון בע""",IL,קוסקוס מלא 350 גר סוגת,גרמים,350.00,100 גרם,false,1,5.90,1.6857,true,1,233245
7290100702314,false,שעועית שחורה 500 גרם סוגת,סוגת תעשיות בעמ,IL,שעועית שחורה 500 גר,גרמים,500.00,100 גרם,false,12,8.90,1.7800,true,1,234028
7290100702383,false,קמח תופח מס' 13 סוגת,"שטיבל בע""\מ - טחנות קמח",IL,קמח תופח 1 קג סוגת,קילוגרמים,1.00,"ק""ג",false,1,6.90,6.9000,true,1,233494
7290100702611,false,פתיתים אפויים אורז סוגת 500 גרם,"אסיף תעשיות מזון בע""\מ",IL,פתיתים אפויים אורז 500 גר,גרמים,500.00,100 גרם,false,15,5.90,1.1800,true,1,235865
7290100702628,false,פתיתים אפויים קוסקוס סוגת 500 גרם,"אסיף תעשיות מזון בע""\מ",IL,פתיתים אפויים קוסקוס סוגת 500 גר,גרמים,500.00,100 גרם,false,1,5.90,1.1800,true,1,235866
7290100702635,false,פתיתים אפויים כוכבים סוגת 500 גרם,"אסיף תעשיות מזון בע""",IL,פתיתים אפויים כוכבים 500,גרמים,500.00,100 גרם,false,15,5.90,1.1800,true,1,235867
7290100702642,false,פתיתים אפויים טבעות סוגת 500 גרם,"אסיף תעשיות מזון בע""",IL,פתיתים אפויים טבעת 500 גר,גרמים,500.00,100 גרם,false,15,5.90,1.1800,true,1,235868
7290100702659,false,פתיתים קוסקוס קמח מלא סוגת 400 גרם,"אסיף תעשיות מזון בע""",IL,פתיתים קוסקוס קמח מלא 400,גרמים,400.00,100 גרם,false,15,5.90,1.4750,true,1,235869
7290100702666,false,פתיתים אפויים עם בצל 400 גר גרם סוגת,"אסיף תעשיות מזון בע""",IL,פתיתים עם בצל 400 גרם,גרמים,400.00,100 גרם,false,15,5.90,1.4750,true,1,235870
7290100702673,false,פתיתים אפויים 3 צבעים 400 גר גרם סוגת,"אסיף תעשיות מזון בע""",IL,פתיתים 3 צבעים 400 גר,גרמים,400.00,100 גרם,false,15,5.90,1.4750,true,1,235871
7290100702741,false,"סוכר חום בהיר בצנצנת סוגת 1 ק""ג",סוגת תעשיות בעמ,IL,סוכר חום בהיר צנצנת 1 קג סוגת,קילוגרמים,1.00,"ק""ג",false,1,12.90,12.9000,true,1,240682
7290100702994,false,סוכר דמררה קלאסי בשקית סוגת 500 גרם,"סוגת תעשיות בע""מ",IL,סוכר חום גדמררה שקית 500 גרם,גרמים,50000.00,100 גרם,false,10,5.50,0.0110,true,1,294442
7290100703007,false,"עדשים שחורות בלוגה 500 גרם ""סוגת""",האי נאם סי או אל.טי.,IL,עדשים שחורות בלוגה 500 גר,גרמים,50000.00,100 גרם,false,10,7.90,0.0158,true,1,294443
7290100703182,false,תבשיל אישי נודלס בטעם ירקות 65 ג' סוגת,קאונו גרודאי,LT,תבשיל נודלס אישי טעם ירקות 65 גרם סוגת,Unknown,0.00,Unknown,false,12,4.90,0.0000,true,1,320570
7290100703199,false,תבשיל אישי נודלס בטעם פיקנטי 65 ג' סוגת,,LT,תבשיל נודלס אישי טעם פיקנטי 65 גרם סוגת,Unknown,0.00,Unknown,false,12,4.90,0.0000,true,1,320571
7290100703434,false,בורגול חום סוגת 500 ג',"סוגת תעשיות בע""מ",IL,בורגול חום סוגת 500 גר,גרמים,500.00,100 גרם,false,1,6.00,1.2000,true,1,299930
7290100703458,false,כוסמת לא קלוי 500 ג' סוגת,"סוגת תעשיות בע""\מ",IL,כוסמת לא קלויה 500 גר סוגת,גרמים,500.00,100 גרם,false,1,8.90,1.7800,true,1,301178
7290100703533,false,קמח קסם תערובת קמח עם שמרים,טחנות קמח שטיבל באר שבע,IL,קמח קסם שמרים 1 קג סוגת,קילוגרמים,1.00,"ק""ג",false,1,9.90,9.9000,true,1,302595
7290100703557,false,"קמח פוקצה 1 ק""ג ""סוגת""","שטיבל בע""מ",,קמח לפוקצה 1 קג סוגת,קילוגרמים,1.00,"ק""ג",false,1,6.90,6.9000,true,1,301725
7290100703625,false,קמח חיטה לבן ללא צורך בניפוי,"שטיבל בע""מ",IL,קמח לבן מנופה סוגת 1 קג,קילוגרמים,1.00,"ק""ג",false,12,9.90,9.9000,true,1,303733
7290100703632,false,קמח חיטה מלא ללא צורך בניפוי,"שטיבל בע""מ",IL,קמח מלא מנופה סוגת 1 קג,קילוגרמים,1.00,"ק""ג",false,12,9.90,9.9000,true,1,303729
7290100703649,false,"קמח חיטה 80% ללא צורך בניפוי סוגת 1 ק""ג","שטיבל בע""מ",IL,קמח 80% חיטה מלאה מנופה סוגת 1 קג,קילוגרמים,1.00,"ק""ג",false,12,9.90,9.9000,true,1,303732
7290100703663,false,"קמח תופח ללא ניפוי סוגת 1 ק""ג","שטיבל בע""מ",IL,קמח תופח מנופה סוגת 1 קג,קילוגרמים,1.00,"ק""ג",false,12,9.90,9.9000,true,1,303731
7290100703670,false,"קמח כוסמין ללא ניפוי 1 ק""ג סוגת","שטיבל בע""מ",IL,קמח כוסמין מנופה סוגת 1 קג,קילוגרמים,1.00,"ק""ג",false,1,15.90,15.9000,true,1,308470
7290100703687,false,"קמח חלה ללא ניפוי סוגת 1 ק""ג","שטיבל בע""מ",IL,קמח חלה מנופה סוגת 1 קג,קילוגרמים,1.00,"ק""ג",false,12,9.90,9.9000,true,1,303730
7290100703847,false,קוביות סוכר לבן סוגת 500 גרם,טרופיקל,,סוכר קוביות לבן 500 גרם,גרמים,500.00,100 גרם,false,1,10.00,2.0000,true,1,309716
7290100703854,false,קוביות סוכר לבן דמררה 500 ג' סוגת,טרופיקל,,סוכר קוביות דמררה500 גרם,גרמים,500.00,100 גרם,false,1,10.00,2.0000,true,1,309717
7290100703861,false,"תערובת קסם לחלה ללא צורך בניפוי סוגת 1 ק""ג","שטיבל בע""\מ - טחנות קמח",IL,קמח קסם שמרים לחלה 1 קג,קילוגרמים,1.00,"ק""ג",false,1,9.90,9.9000,true,1,308471
7290100703908,false,"סוכר דמררה 1 ק""ג בלמינט סוגת",סוגת תעשיות בעמ,IL,סוכר דמררה 1 קג שקית סוגת,קילוגרמים,1.00,"ק""ג",false,1,8.90,8.9000,true,1,308473
7290100703915,false,פופקורן להכנה במיקרוגל בטעם חמאה - מארז 6 שקיות,סוגת,IL,פופקורן למיקרו חמאה 1+5 חינם 100 גרם,גרמים,600.00,100 גרם,false,1,10.90,1.8167,true,1,312149
7290100703922,false,פופקורן להכנה במיקרוגל בטעם טבעי - מארז 6 שקיות,סוגת,IL,פופקורן למיקרו טבעי 1+5 חינם 100 גרם,גרמים,600.00,100 גרם,false,1,10.90,1.8167,true,1,312150
7290100703953,false,קוקוס לבן סוגת 500 ג,סוגת תעשיות בעמ,,קוקוס לבן סוגת 500 גרם,גרמים,500.00,100 גרם,false,1,10.90,2.1800,true,1,311960
7290100703960,false,שומשום סוגת 500 גרם,סוגת תעשיות בעמ,,שומשום סוגת 500 גרם,גרמים,500.00,100 גרם,false,1,10.90,2.1800,true,1,311961
7290100704066,false,עדשים סוגת צהובות 500 גרם,האי נאם סי או אל.טי.,IL,עדשים צהובות סוגת500 גרם,גרמים,500.00,100 גרם,false,1,8.90,1.7800,true,1,313272
7290100704141,false,סודה לשתייה 100 ג' סוגת,א.ל. ייצור ושיווק תב,IL,סודה לשתיה סוגת 100 גרם,גרמים,100.00,100 גרם,false,1,2.50,2.5000,true,1,317841
7290100704264,false,עדשים שחורות בלוגה 1,"סוגת תעשיות בע""מ",IL,עדשים שחורות בלוגה 1 קג סוגת,קילוגרמים,1.00,"ק""ג",false,1,15.90,15.9000,true,1,318146
7290100704493,false,קמח שמרים פיצה ללא צורך בניפוי 1 קג,"שטיבל בע""\מ - טחנת קמח",IL,קמח שמרים פיצה סוגת ללא ניפוי 1 קג,קילוגרמים,1.00,"ק""ג",false,1,9.90,9.9000,true,1,327287
7290100704516,false,חומוס מיני סוגת 500 גרם,"סוגת תעשיות בע""\מ",IL,חומוס מיני סוגת 500 גרם,גרמים,500.00,100 גרם,false,1,6.90,1.3800,true,1,327292
7290100704530,false,סוגת קמח כוסמין לבן ללא צורך בניפוי 1 קג,טחנות קמח שטיבל באר,IL,קמח כוסמין לבן סוגת ללא ניפוי 1 קג,קילוגרמים,1.00,"ק""ג",false,1,17.90,17.9000,true,1,327288
7290100704578,false,"קמח כוסמין לבן תופח סוגת 1 ק""ג","שטיבל בע""\מ - טחנת קמח",IL,קמח כוסמין לבן סוגת 1 קג,קילוגרמים,1.00,"ק""ג",false,1,13.90,13.9000,true,1,327291
7290100704608,false,שעועית לבנה עדינה סוגת 500 גרם,"סוגת תעשיות בע""\מ",IL,שעועית לבנה עדינה סוגת 500 גרם,גרמים,500.00,100 גרם,false,1,8.90,1.7800,true,1,327293
7290100704615,false,סוכר לבן דק דק בצנצנת סוגת 500 גרם,"סוגת תעשיות בע""\מ",IL,סוכר לבן דק דק 500 גרם צנצנת,גרמים,500.00,100 גרם,false,1,7.90,1.5800,true,1,336371
7290100704622,false,סוכר דמררה דק דק בצנצנת סוגת 500 גרם,"סוגת תעשיות בע""\מ",IL,סוכר דמררה דק דק 500 גרם צנצנת,גרמים,500.00,100 גרם,false,1,7.90,1.5800,true,1,336370
7290100704639,false,"קמח שמרים פיתה סוגת 1 ק""ג","שטיבל בע""\מ - טחנות קמח",IL,קמח שמרים פיתה סוגת 1 קג,קילוגרמים,1.00,"ק""ג",false,1,9.90,9.9000,true,1,327286
7290100704646,false,קמח סוגת כוסמין לבן,"שטיבל בע""מ",IL,קמח כוסמין לבן תופח סוגת 1 קג,קילוגרמים,1.00,"ק""ג",false,1,13.90,13.9000,true,1,327290
7290100704653,false,קמח כוסמין לבן תופח,טחנות קמח שטיבל באר,IL,קמח כוסמין לבן תופח סוגת ללא ניפוי 1 קג,קילוגרמים,1.00,"ק""ג",false,1,17.90,17.9000,true,1,327289
7290100704660,false,"קינואה מיקס סוגת, 500 גרם","סוגת תעשיות בע""\מ",IL,קינואה מיקס 500 ג סוגת,גרמים,500.00,100 גרם,false,1,13.90,2.7800,true,1,329680
7290100850909,false,דוריטוס נאצ'ו מקסיקני 70 גרם,"שטראוס פריטו ליי בע""\מ",IL,חטיף דוריטוס נאצו מקסיקני 70 ג,גרמים,70.00,100 גרם,false,1,4.00,5.7143,true,1,221577
7290100850916,false,דוריטוס חמוץ חריף מעודן 70 גרם כשר לפסח,"שטראוס פריטו ליי בע""\מ )",IL,דו.חמוץ חריף 70ג/1שק/70גר,גרמים,70.00,100 גרם,false,48,4.00,5.7143,true,1,221578
7290100850923,false,דוריטוס בטעם גריל 70 גרם,"שטראוס פריטו ליי בע""\מ )",IL,דוריטוס גריל 70גר/1שק/70גר,גרמים,70.00,100 גרם,false,48,4.00,5.7143,true,1,221580
7290100850930,false,דוריטוס בטעם טבעי 70 גרם,"שטראוס פריטו ליי בע""\מ )",IL,דוריטוס דיפ טבעי 70 גר,גרמים,70.00,100 גרם,false,48,4.00,5.7143,true,1,221579
7290100854266,false,שוקולד מריר 60%קקאו100ג,STRAUSS-ISRAEL,IL,שוק.פרה 60% מריר100 גר,גרמים,100.00,100 גרם,false,1,8.50,8.5000,true,1,222736
7290100857045,false,שוק.ספלנדיד מריר קפה100ג,STRAUSS-ISRAEL,IL,שוק.ספלנדיד מריר עם קפה 100ג,גרמים,100.00,100 גרם,false,1,10.90,10.9000,true,1,222735
7290100921623,false,מנקה אסלה סוד 4 כדוריות נתלה אקונומיקה נתלה 50 ג',"הנקל סוד בע""\מ",HU,כדוריות נתלה ריח אקונומיקניקוי אסלה סוד,Unknown,0.00,Unknown,false,1,9.90,0.0000,true,1,239313
7290100921760,false,"הוואי שמפו ספורט לגבר 700 מ""ל",טרופיקל דגיל בעמ,IL,הוואי שמפו ספורט לגבר 700 מל,מיליליטרים,700.00,"100 מ""ל",false,12,8.90,1.2714,true,1,240044
7290100922569,false,קרם לטיפוח עוד הידיים והגוף- מארז שלישייה,טרופיקל דגיל,IL,מארז 3יח קרם ידיים ולוטה גדול 80 ג,גרמים,240.00,100 גרם,false,1,17.90,7.4583,true,1,301614
7290100922651,false,הוואי - סבון מוצק מי קוקוס 100 גרם רביעייה,טרופיקל דגיל קוסמטיק,IL,מארז 4 יח סבון הוואי יוגורט 33% מי קוקוס,גרמים,400.00,100 גרם,false,1,11.90,2.9750,true,1,300842
7290100924457,false,שלישיית כדוריות סבון לאסלה לימון סוד 50 גרם,הנקל סוד,RS,מארז שלישיית סבון אסלה כדוריות סוד לימון,יחידה,3.00,יחידה,false,1,14.90,4.9667,true,1,245302
7290100924464,false,כדוריות סבון נתלה לאסלה עם אקונומיקה - 3 יח',הנקל סוד,HU,מארז שלישיית סבון אסלה כדוריות סוד אקונו,יחידה,3.00,יחידה,false,1,14.90,4.9667,true,1,245303
7290100924631,false,מרכך כביסה מרוכז לבגדי תינוקות ובעלי עור רגיש,"הנקל סוד בע""\מ",IL,מרכך כביסה סוד מרוכז בייבי 900מל,מיליליטרים,900.00,"100 מ""ל",false,1,11.90,1.3222,true,1,296159
7290100924693,false,סוד סבון לאסלה 4 כדוריות בניחוח אוקנומיקה 50 ג',"הנקל סוד בע""\מ",HU,סבון מוצק סוד כדוריות כחול אקטיבי אקונומ,Unknown,0.00,Unknown,false,1,9.90,0.0000,true,1,294588
7290100925669,false,קולור קאצ'ר - דפים למכונת כביסה 10 יח',"הנקל סוד בע""\מ",IE,דפים למכונת כביסה למניעת מעבר צבעים 10דף,יחידה,10.00,יחידה,false,12,10.90,1.0900,true,1,299962
7290100925676,false,קולור קאצר 20 דפים לוכדי צבע למכונת כביס,"הנקל סוד בע""\מ",IE,דפים למכונת כביסה למניעת מעבר צבעים 20דף,יחידה,20.00,יחידה,false,1,15.90,0.7950,true,1,299963
7290100926147,false,אבקת כביסה פרסיל קולור שקית 2.5 קג,"הנקל סוד בע""מ",IL,א.כביסה פרסיל קולור 2.5 קג בשקית,קילוגרמים,2.50,"ק""ג",false,1,19.90,7.9600,true,1,224430
7290100926598,false,"פרסיל אבקת כביסה 5 ק""ג",פרסיל Persil,IL,א.כביסה פרסיל 5 קג בשקית,קילוגרמים,5.00,"ק""ג",false,1,46.90,9.3800,true,1,227927
7290100927717,false,"פרסיל קולור אבקת כביסה 5 ק""ג -מרכז",פרסיל Persil,IL,א.כביסה פרסיל קולור 5 קג בשקית,קילוגרמים,5.00,"ק""ג",false,1,46.90,9.3800,true,1,230092
7290100928639,false,סוד נוזל רצפות בניחו,,IL,נוזל רצפות סוד מרכך כחול 2 ל.,ליטרים,2.00,ליטר,false,1,18.90,9.4500,true,1,231792
7290100928646,false,נוזל רצפות סוד בניחוח מרכך ורוד 2 ליטר,"הנקל סוד בע""מ",IL,נוזל רצפות סוד מרכך ורוד 2 ל.,ליטרים,2.00,ליטר,false,1,18.90,9.4500,true,1,231791
7290100941416,false,יין פורט גראמס טאוני,גראהם,,יין פורט גראהם טאוני 750 מל,מיליליטרים,750.00,"100 מ""ל",false,1,70.00,9.3333,true,1,297406
7290100941980,false,יין דר לוסן גוורצטרמינר,,,יין דר לוסן וילה וולף גווירצ750 מל פקדון,מיליליטרים,750.00,"100 מ""ל",false,1,60.00,8.0000,true,1,224026
7290100942000,false,"מרקז דה ריסקל רזרב ריוחה 750 מ""ל",מרקו דה ריסקל,ES,יין מרקז דה ריסקל ריוחה רזרבה 750 מל פקד,מיליליטרים,750.00,"100 מ""ל",false,1,120.00,16.0000,true,1,222451
7290100942024,false,יין מרקז דה ריסקל רו,,,יין מרקז דה ריסקל רואדה לבן י 750 מל פקד,מיליליטרים,750.00,"100 מ""ל",false,1,60.00,8.0000,true,1,222452
7290100944110,false,יין גאיה ברונלו די מ,,IT,יין גאיה ברונלו די מונטאלצינו 750מל פקדו,מיליליטרים,750.00,"100 מ""ל",false,1,310.00,41.3333,true,1,235004
7290100945049,false,יין וודברידג זינפנדל,,,יין וודברידג זינפנדל אדום 750 מל פקדון,מיליליטרים,750.00,"100 מ""ל",false,1,45.00,6.0000,true,1,221832
7290100947883,false,יין דרך ארץ גוורצטרמ,ברקן,IL,יין דרך ארץ גוורצורמינר 750 מל,מיליליטרים,750.00,"100 מ""ל",false,12,35.00,4.6667,true,1,321481
7290101110811,false,גלידל שלגון בטעם וניל מצופה סורבה פסיפלורה - 8 יח',הגלידות של פלדמן,IL,מאגדת גלידל פסיפלורה 8 יח פלדמן,יחידה,8.00,יחידה,false,1,29.90,3.7375,true,1,225384
7290101112228,false,גלידל פרי קרחון מופחת קלוריות בטעם אננס - 8 יח',הגלידות של פלדמן,IL,מאגדת גלידל פרי אננס 8 יח פלדמן,יחידה,8.00,יחידה,false,1,21.90,2.7375,true,1,246071
7290101112518,false,שישיית גרניטה חלב אייס קפוצ'ינו פלדמן,גלידות פלדמן,IL,מאגדת אייס קפה שישייה,יחידה,6.00,יחידה,false,1,14.90,2.4833,true,1,246307
7290101112921,false,גלידל פרי קרחון מופחת קלוריות פירות טרופיים - 8 יח',הגלידות של פלדמן,IL,מאגדת גלידל פרי פירות טרופיים 8יח,יחידה,8.00,יחידה,false,1,21.90,2.7375,true,1,312277
7290101113157,false,מאגדת גלידל וניל עוגיות פלדמן 6 יחידות,"פלקו בע""\מ, חברה ישראלית",IL,מאגדת גלידל וניל עוגיות חלבי 6 יחידות,יחידה,6.00,יחידה,false,1,26.90,4.4833,true,1,318280
7290101113362,false,מאגדת יוגורט סורבה אננס,הגלידות של פלדמן,IL,מאגדת שלגון יוגורט יופלה סורבה אננס 5יח,יחידה,5.00,יחידה,false,1,24.90,4.9800,true,1,322488
7290101113379,false,גלידה יופלה פריזי סורבה תות מאגדת 350 ג',פלקו בעמ,IL,מאגדת שלגון יוגורט יופלה סורבה תות 5יח,יחידה,5.00,יחידה,false,1,24.90,4.9800,true,1,322489
7290101113409,false,גלידה יופלה פריזי יוגורט תות מאגדת 400 ג',הגלידות של פלדמן,IL,מאגדת שלגון יופלה יוגורט תות 5יח,יחידה,5.00,יחידה,false,1,24.90,4.9800,true,1,322494
7290101113430,false,מאגדת גלידל סירופ שוקולד פלדמן 6 יחידות,"פלקו בע""\מ, חברה ישראלית",IL,מאגדת גלידל סירופ שוקולד חלבי 6 יחידות,יחידה,6.00,יחידה,false,1,26.90,4.4833,true,1,321972
7290101113454,false,מאגדת גלידל יוגורט אפרסק 8 יח 480 גרם,הגלידות של פלדמן,IL,מאגדת שלגון גלידל יוגורט אפרסק 8יח,יחידה,8.00,יחידה,false,1,29.90,3.7375,true,1,321971
7290101113584,false,מאגדת טילונים שוקולד לבן עם ליבת שוקולד יולו 5 יח',הגלידות של פלדמן,IL,מאגדת טילון שוקולד לבן ליבת שוק יולו 5יח,יחידה,5.00,יחידה,false,1,21.90,4.3800,true,1,328970
7290101113591,false,מאגדת טילונים יולי 5 יחידות שוקולד לבן ועוגיות,הגלידות של פלדמן,IL,מאגדת טילון שוקולד לבן עוגיות יולו 5יח,יחידה,5.00,יחידה,false,1,21.90,4.3800,true,1,328971
7290101113638,false,גלידת סנקור XL בטעם שוקו וניל עם ביסקוויטים 8 יח',גלידות פלדמן,IL,מאגדת סנקור 8יח פלדמן,יחידה,8.00,יחידה,false,1,32.90,4.1125,true,1,328969
7290101113751,false,מאגדת שלגון קרמל ושוקולד בלונדי רביעיה * 50 ג' יולו,הגלידות של פלדמן,IL,מאגדת שלגון יולו 4יח קרמל ש.בלונדי,יחידה,4.00,יחידה,false,1,21.90,5.4750,true,1,336278
7290101113768,false,מאגדת שלגון עוגיות ושוקולד חלב רביעיה * 50 ג' יולו,הגלידות של פלדמן,IL,מאגדת שלגון יולו 4יח עוגיות שוקולד חלב,יחידה,4.00,יחידה,false,1,21.90,5.4750,true,1,336279
7290101113805,false,מאגדת (5) יופלה שייק פרי תות 70 אחוז פרי 350 גרם,הגלידות של פלדמן,IL,מאגדת שלגון יוגורט יופלה שייק תות 5יח,יחידה,5.00,יחידה,false,1,24.90,4.9800,true,1,336277
7290101113829,false,מאגדת (5) יופלה שייק פרי מנגו 70 אחוז פרי 350 גרם,הגלידות של פלדמן,IL,מאגדת שלגון יוגורט יופלה שייק מנגו 5יח,יחידה,5.00,יחידה,false,1,24.90,4.9800,true,1,336276
7290101113904,false,מארז מנבו וניל 12 יח' פלדמן,הגלידות של פלדמן,IL,קרמבו מנבו וניל 12יח פלדמן,יחידה,12.00,יחידה,false,1,22.90,1.9083,true,1,337231
7290101412946,false,מנגל נירוסטה כפול על,,,מנגל נירוסטה כפול על רגל 30/79,יחידה,1.00,יחידה,false,1,149.90,149.9000,true,1,245256
7290101453871,false,נר מספר - 0 (1X12X60),סודי,CN,נר מספר,יחידה,1.00,יחידה,false,1,4.90,4.9000,true,1,307955
7290101455936,false,בקבוק נירוסטה מעוצב,,,בקבוק נירוסטה מעוצב מותגים 500 מל,Unknown,0.00,Unknown,false,1,32.90,0.0000,true,1,307991
7290101486688,false,חטיף דגנים עם שוקולד ללא גלוטן וסוכר פרי 5*20 גרם,טבעית מוצרים מן הטבע בעמ,IL,מארז חטיף פריי מצופה שוקולד 5 יח,גרמים,100.00,100 גרם,false,1,16.90,16.9000,true,1,224021
7290101488248,false,"ליידי ספיד סטיק - דאודורנט רול און לאישה ורוד פרש פיושן 50 מ""ל",ליידי ספיד סטיק Lady Speed Stick,IT,דאו.רול און ליידי ספיד סטיק 24/7 ורוד,Unknown,0.00,Unknown,false,1,15.90,0.0000,true,1,314455
7290101488286,false,"ליידי ספיד סטיק - דאודורנט ספריי לאישה 24/7 פרש פיוזן ורוד 150 מ""ל",ליידי ספיד סטיק Lady Speed Stick,RU,דאו.ליידי ספיד 24/7 ספריי 150 מל ורוד,מיליליטרים,150.00,"100 מ""ל",false,1,15.90,10.6000,true,1,226095
7290101488316,false,ליידי ספיד סטיק - דאודורנט סטיק לאישה ללא סימן ורוד סטיק 65 גרם,ליידי ספיד סטיק Lady Speed Stick,US,דאו.ליידי ספיד סטיק ללא סימון ורוד 60 גר,גרמים,60.00,100 גרם,false,12,18.90,31.5000,true,1,224736
7290101488323,false,ליידי ספיד סטיק - דאודורנט סטיק לאישה ללא סימן ירוק סטיק 65 גרם,ליידי ספיד סטיק Lady Speed Stick,US,דאו.ליידי ספיד סטיק ללא סימון ירוק60 גר,גרמים,60.00,100 גרם,false,12,18.90,31.5000,true,1,224737
7290101501480,false,מיקס פטריות ארוזות,ביכורי שדה דרום 2002,,מיקס פטריות במגש,Unknown,0.00,Unknown,false,1,19.90,0.0000,true,1,232066
7290101551027,false,קפסולות קפה אספרסו חזק במיוחד 14 עלית 10 יח',הנסיך- מפעל לייצור ט,IL,קפסולות אספרסו 14 חזקות 10 יח,יחידה,10.00,יחידה,false,1,17.00,1.7000,true,1,315979
7290101551263,false,סילאן טבעי ללא תוספת סוכר,מכוורת יד מרדכי,IL,סילאן טבעי יד מרדכי 700 גרם,גרמים,700.00,100 גרם,false,1,22.90,3.2714,true,1,314731
7290101551300,false,סילאן טבעי ללא תוספת סוכר בקבוק לחיץ,מכוורת יד מרדכי שטראוס ב,IL,סילאן טבעי לחיץ יד מרדכי 380 גרם,גרמים,380.00,100 גרם,false,1,15.90,4.1842,true,1,314732
7290101551539,false,יוגורט PRO בטעם אפרסק 0% 20 גרם חלבון בגביע,"שטראוס בריאות בע""מ",IL,דנונה פרו אפרסק עשיר בחלבון 20גר 200 גר,גרמים,200.00,100 גרם,false,1,6.10,3.0500,true,1,314794
7290101551577,false,קוואקר שיבות שועל פחית מארז 2*500 גר',FRITO-LAY TRADING CO,GB,זוג קוואקר שיבולת שועל 500 ג פחית,גרמים,1000.00,100 גרם,false,12,21.90,2.1900,true,1,314751
7290101551584,false,תפוצ'יפס קידס מארז 10 יח' * 20 ג',"שטראוס פריטו ליי בע""מ )פ",IL,מארז10יח תפוציפס קידס 20 גר,גרמים,200.00,100 גרם,false,1,13.90,6.9500,true,1,314748
7290101551614,false,חטיף צ'יטוס קראנץ בטעם גבינה - מארז 8 יח',"שטראוס פריטו ליי בע""מ )פ",IL,מארז 8 יח חטיף ציטוס גבינה 30 גר,גרמים,240.00,100 גרם,false,1,13.90,5.7917,true,1,314750
7290101551638,false,חטיף צ'יטוס כאפה בטעם קטשופ - מארז 10 יח',"שטראוס פריטו ליי בע""מ )פ",IL,מארז 10 יח ציטוס כאפה 200 גר,גרמים,200.00,100 גרם,false,9,12.90,6.4500,true,1,314746
7290101551645,false,מארז ציטוס טעם פיצה איקס עיגול 10* 20 גר,"שטראוס פריטו ליי בע""מ )פ",IL,מארז 10 יח ציטוס איקס עיגול 200 גר,גרמים,200.00,100 גרם,false,9,12.90,6.4500,true,1,314747
7290101557609,false,דניאלה מנגו 88 גרם,STRAUSS-ISRAEL,IL,דניאלה מנגו 88 גרם,גרמים,88.00,100 גרם,false,24,4.50,5.1136,true,1,315610
7290101581970,false,ליקר סברה קפה 750 מל,,IL,ליקר סברה קפה 750 מל,מיליליטרים,750.00,"100 מ""ל",false,12,99.00,13.2000,true,1,320183
7290101820888,false,מסכה כירורגית שחורה 50 יח',,,מארז 50יח מסכות פנים כירוגיות שחורות,יחידה,50.00,יחידה,false,1,10.90,0.2180,true,1,331296
7290101824800,false,כפפות ויטריל מידה סמ,,,כפפות ויטריל מידה סמול 100יח ללא אבקה,יחידה,100.00,יחידה,false,10,21.90,0.2190,true,1,328296
7290101824817,false,כפפות ויטריל מידה מד,,,כפפות ויטריל מידה מדיום 100יח ללא אבקה,יחידה,100.00,יחידה,false,10,21.90,0.2190,true,1,328297
7290101824855,false,כפפות ניטריל שחור m -ללא אבקה,,CN,כפפות ויטריל מידה מדיום 100יח ללא אבקה,יחידה,100.00,יחידה,false,10,21.90,0.2190,true,1,328917
7290101824862,false,כפפות ויטריל מידה לא,,CN,כפפות ויטריל מידה לארג 100יח ללא אבקה,יחידה,100.00,יחידה,false,10,21.90,0.2190,true,1,328918
7290101825210,false,כפפות לטקס מידה s 100 יחי' בחבילה,,IL,כפפות לטקס סמול 100 יח הרקולס,יחידה,100.00,יחידה,false,1,19.90,0.1990,true,1,324519
7290101825227,false,כפפות לטקס עם אבקה M 100,,IL,כפפות לטקס מדיום 100 יח הרקולס,יחידה,100.00,יחידה,false,1,19.90,0.1990,true,1,324518
7290101825234,false,כפפות לטקס מידה L 100 יחידות בחבילה,,IL,כפפות לטקס לארג 100 יח הרקולס,יחידה,100.00,יחידה,false,1,19.90,0.1990,true,1,324517
7290101825241,false,כפפות לטקס עם אבקה XL100,,IL,כפפות לטקס אקסטרה לארג 100 יח הרקולס,יחידה,100.00,יחידה,false,1,19.90,0.1990,true,1,325022
7290101863410,false,"סיליט באנג ספריי ניקוי עוצמתי מכיל אקונומיקה 750 מ""ל",סיליט באנג Cillit Bang,PL,ספריי אקונימקה סיליט באנג 750 מל,מיליליטרים,750.00,"100 מ""ל",false,1,13.90,1.8533,true,1,225622
7290101864127,false,"ספריי להסרת כתמים 750 מ""ל וניש קליה",קליה וניש Kalia Vanish,IL,ספריי קליה אוקסי אקשן 750 מל,מיליליטרים,750.00,"100 מ""ל",false,1,16.90,2.2533,true,1,226387
7290101865261,false,"פיניש נוזל הברקה למדיח 800 מ""ל",רקיט בנקיזר,PL,נוזל פיניש הברקה 800 מל,מיליליטרים,800.00,"100 מ""ל",false,1,19.90,2.4875,true,1,228228
7290101866633,false,וניש קליה גל להסרת כתמים 3 ליטר אוקסיפרש,קליה וניש Kalia Vanish,IL,גל וניש קליה להסרת כתמים 3 ל,ליטרים,3.00,ליטר,false,1,29.90,9.9667,true,1,229818
7290101866787,false,וניש קליה נוזל מסיר כתמים לכביסה לבנה 3 ליטר,קליה וניש Kalia Vanish,IL,נוזל להסרת כתמים קליה וייט 3 ל,ליטרים,3.00,ליטר,false,1,29.90,9.9667,true,1,230823
7290101868958,false,"פיניש נוזל הברקה למדיח בניחוח לימון 500 מ""ל",רקיט בנקיזר,PL,נוזל פיניש הברקה לימון 800 מל,מיליליטרים,800.00,"100 מ""ל",false,1,19.90,2.4875,true,1,243202
7290101869702,false,"ג 'ל פיניש AIO MAX מרוכז למדיח 600מ""ל",פיניש רקיט בנקיזר,PL,גל למדיח פיניש הכל באחד 600 מל,מיליליטרים,600.00,"100 מ""ל",false,1,35.90,5.9833,true,1,246014
7290101869719,false,ג'ל מרוכז למדיח פיניש all in one max בניחוח לימון,פיניש רקיט בנקיזר,PL,גל למדיח פיניש לימון הכל באחד 600 מל,מיליליטרים,600.00,"100 מ""ל",false,1,35.90,5.9833,true,1,246015
7290101869726,false,ג'ל מרוכז למדיח הכל ב-1 פיניש 1 ליטר,רקיט בנקיזר,PL,גל למדיח פיניש הכל באחד 1 ליטר,ליטרים,1.00,ליטר,false,1,44.90,44.9000,true,1,246016
7290101869733,false,פיניש ג'ל למדיח כלים בניחוח לימון 1 ליטר ALL IN 1,רקיט בנקיזר,PL,גל למדיח פיניש לימון הכל באחד 1 ליטר,ליטרים,1.00,ליטר,false,1,44.90,44.9000,true,1,246017
7290101869740,false,אירויק מכשיר חטא מתוק250,רקיט בנקיזר,HU,מבשם אויר מכשיר אוטומטי אירוויק חטאים מת,יחידה,1.00,יחידה,false,1,44.90,44.9000,true,1,246042
7290101869757,false,מבשם אויר מכשיר אוטמטי חלום אואזיס,רקיט בנקיזר,PL,מבשם אויר מכשיר אוטומטי אירוויק אואזיס,יחידה,1.00,יחידה,false,1,44.90,44.9000,true,1,246041
7290101869764,false,אירוויק מכשיר אוטומט+מילוי בניחוח חלום ליל קיץ,רקיט בנקיזר,CN,מבשם אויר מכשיר אוטומטי אירוויק חלום ליל,יחידה,1.00,יחידה,false,1,44.90,44.9000,true,1,246040
7290101869788,false,"אירוויק ספריי אוטומטי מילוי בניחוח אואזיס 250 מ""ל*",איירוויק Air Wick,HU,מילוי מבשם אויר אוטומטי אואזיס אירוויק,יחידה,1.00,יחידה,false,1,15.90,15.9000,true,1,246052
7290101869795,false,"מטהר אוויר אירוויק ספריי מילוי חלום ליל קיץ 250 מ""ל",איירוויק Air Wick,GB,מילוי מבשם אויר אוטומטי חלום קיץ אירוויק,יחידה,1.00,יחידה,false,1,15.90,15.9000,true,1,246053
7290101869801,false,"אירוויק מכשיר חשמלי+מילוי בניחוח אואזיס 19 מ""ל",רקיט בנקיזר,HU,מבשם אויר חשמלי מכשיר אואזיס סנס,יחידה,1.00,יחידה,false,1,24.90,24.9000,true,1,246033
7290101869818,false,"אירוויק מכשיר חשמלי+מילוי בניחוח חלום ליל קיץ 19 מ""ל",איירוויק Air Wick,HU,מבשם אויר חשמלי מכשיר חלום ליל קיץ סנס,יחידה,1.00,יחידה,false,1,24.90,24.9000,true,1,246032
7290101869825,false,"אירוויק מילוי למכשיר חשמלי בניחוח אואזיס 19 מ""ל",איירוויק Air Wick,HU,מילוי מבשם אויר חשמלי אואזיס בודד,יחידה,1.00,יחידה,false,1,19.90,19.9000,true,1,246038
7290101869832,false,"אירוויק מילוי מבשם אויר חשמלי חלום ליל קיץ 19 מ""ל",איירוויק Air Wick,HU,מילוי מבשם אויר חשמלי חלום ליל קיץ בודד,יחידה,1.00,יחידה,false,1,19.90,19.9000,true,1,246037
7290101869917,false,"אירוויק מילוי מבשם אויר אטומטי היער הקסום 19 מ""ל",איירוויק Air Wick,GB,מילוי מבשם אויר אוטומטי היער הקסום אירוו,יחידה,1.00,יחידה,false,1,15.90,15.9000,true,1,246055
7290101869924,false,מילוי מבשם אויר חשמלי מסתור אקזוטי בודד,רקיט בנקיזר,PL,מילוי מבשם אויר חשמלי מסתור אקזוטי בודד,יחידה,1.00,יחידה,false,1,19.90,19.9000,true,1,246035
7290101869962,false,"אירוויק מקלות ריחניים בניחוח חלום ליל קיץ 30 מ""ל",איירוויק Air Wick,HU,מקלות ריחניים אירוויק חלום ליל קיץ,Unknown,0.00,Unknown,false,1,14.90,0.0000,true,1,246056
7290101999560,false,נרות גמבו כוכבים - ספיידרמן,סודי,,נרות גמבו כוכבים ממותג,Unknown,0.00,Unknown,false,1,6.90,0.0000,true,1,307958
7290102002221,false,הפתעות ממותגים לילדי,,,הפתעות ממותגים לילדים,Unknown,0.00,Unknown,false,1,7.90,0.0000,true,1,307960
7290102006434,false,זר יום הולדת לראש עם פרח,YiWu Trust Art&C,IL,זר יום הולדת לראש עם פרחים,Unknown,0.00,Unknown,false,1,13.90,0.0000,true,1,307974
7290102030330,false,תפוצ'יפס קראנצ' בטעם מקסיקני 200 גרם,"שטראוס פריטו ליי בע""\מ )",IL,חטיף תפוציפס אקסטרא מקסיקני 200 גר,גרמים,200.00,100 גרם,false,1,11.00,5.5000,true,1,223669
7290102032334,false,אבקה להכנת משקה קפה בטעם וניל,שטראוס קפה בי.וי,IL,קפה נמס לטה וניל 200 גר,גרמים,200.00,100 גרם,false,1,25.90,12.9500,true,1,224413
7290102060764,false,מרידול מברשת שיניים אריזת זוג,יבואן ומשווק: ש. שסט,CH,זוג מב.שיניים מרידול,Unknown,0.00,Unknown,false,1,33.90,0.0000,true,1,239504
7290102060979,false,"אלמקס משחת שיניים למניעת עששת 100מ""ל",יבואן ומשווק: ש. שסט,PL,מש.שיניים אלמקס משפחתית 100 מל,מיליליטרים,100.00,"100 מ""ל",false,48,17.90,17.9000,true,1,225187
7290102062195,false,"משחת שיניים לילדים לגילאי 6-12 אלמקס 75 מ""ל",יבואן ומשווק: ש. שסט,PE,מש.שיניים אלמקס גוניור 75 מל,מיליליטרים,75.00,"100 מ""ל",false,1,17.90,23.8667,true,1,239688
7290102300822,false,גבינה צ'דר אנגלית כתומה 200 גרם,דאולי צ'יסמייקרס,GB,גבינת צדר אנגלית כתומה 200 גר,גרמים,200.00,100 גרם,false,1,19.90,9.9500,true,1,231013
7290102300860,false,"גבינת צ'דר אנגלית לבן, 200 גרם",דאוליי צ'יסמייקרס,GB,גבינת צדר אנגלית 200 גר,גרמים,200.00,100 גרם,false,1,19.90,9.9500,true,1,231014
7290102300877,false,גבינת צ'דר אנגלית34%משקל,כושר דייארי,GB,גבינת צדר אנגלית במשקל,קילוגרמים,1.00,"ק""ג",true,,99.00,99.0000,true,1,231016
7290102300884,false,גבינת צ'דר כתום34% במשקל,שבינגטון,GB,גבינת צדר אנגלית כתומה במשקל,קילוגרמים,1.00,"ק""ג",true,,99.00,99.0000,true,1,231015
7290102301485,false,גבינת סטילטון במשקל,וואקפום,,גבינת סטילטון במשקל,קילוגרמים,1.00,"ק""ג",true,,189.00,189.0000,true,1,233768
7290102301539,false,גבינת גאודה עיזים במ,הנרי בליך,,גבינת גאודה עיזים במשקל סיימן ל.כ,קילוגרמים,1.00,"ק""ג",true,,129.00,129.0000,true,1,240408
7290102301881,false,טרטר גבינה עם שום ועשבי תיבול 150 גרם,בונגראן,FR,גבינת טרטר עשבי תיבול 150גר,גרמים,150.00,100 גרם,false,1,19.90,13.2667,true,1,235105
7290102302246,false,גבינת גאודה הולנדית 200 גרם,מיוצר עי קונדיטוריית,NL,גבינת גאודה 200 גרם,גרמים,200.00,100 גרם,false,1,26.90,13.4500,true,1,303153
7290102302253,false,"גבינת גאודה עיזים חצי קשה 34%, 200 גרם",מיוצר עי קונדיטוריית,NL,גבינת גאודה עיזים 200 גרם,גרמים,200.00,100 גרם,false,1,32.90,16.4500,true,1,310591
7290102302260,false,גבינת גרנה פדנו 200 גרם,הנסיך- מפעל לייצור ט,IT,גבינת גרנה פדנה 200 גרם אמברוסי,גרמים,200.00,100 גרם,false,1,31.90,15.9500,true,1,303147
7290102302666,false,טברנה בשמן זית ועשבי,מיוצר עי קונדיטוריית,DK,גבינת טברנה בשמן זית וע.תיבול 100גר,גרמים,100.00,100 גרם,false,,12.90,12.9000,true,1,314895
7290102302673,false,טברנה עם זיתים ועשבי,נורדקס,DK,גבינת טברנה זיתים וע.תיבול 100גר,גרמים,100.00,100 גרם,false,,12.90,12.9000,true,1,314896
7290102302819,false,גושי טונה בהירה בשמן זית בצורת פילה 120 גרם,רמירז אנד קה פילהאוס,PT,פילה טונה בהירה רוברט בשמן זית 120 גרם,גרמים,120.00,100 גרם,false,1,15.90,13.2500,true,1,322790
7290102302826,false,רוברט פילה דג סרדין בשמן זית 120 גרם,רמירז אנד קה פילהאוס,PT,פילה סרדין רוברט בשמן זית 120 גרם,גרמים,120.00,100 גרם,false,1,13.90,11.5833,true,1,322791
7290102302833,false,גבינת גאודה פרוסה נני 150 גרם,קאסמאקרי הנרי ויליך,NL,גבינת גאודה 150 גרם פרוס,גרמים,150.00,100 גרם,false,14,19.90,13.2667,true,1,321638
7290102302840,false,גבינת גאודה עיזים פרוסה נני 150 גרם,מיוצר עי קונדיטוריית,NL,גבינת גאודה עיזים 150 גרם פרוס,גרמים,150.00,100 גרם,false,14,26.90,17.9333,true,1,321639
7290102302857,false,גבינת גאודה עגבניות,,NL,גבינת גאודה עגבניות זיתים 200 גר,גרמים,200.00,100 גרם,false,,24.90,12.4500,true,1,320871
7290102302864,false,גבינה הולנדית עם פסטו ירוק 34%,הנרי ויליך Henri Willig,NL,גבינת גאודה פסטו ירוק 200 גר,גרמים,200.00,100 גרם,false,,29.90,14.9500,true,1,320870
7290102302871,false,גבינת גאודה פסטו אדו,מיוצר עי קונדיטוריית,NL,גבינת גאודה פסטו אדום 200 גר,גרמים,200.00,100 גרם,false,,29.90,14.9500,true,1,320869
7290102302888,false,גבינת גאודה כמון 200 גרם,מיוצר עי קונדיטוריית,NL,גבינת גאודה כמון 200 גר,גרמים,200.00,100 גרם,false,,24.90,12.4500,true,1,320872
7290102302932,false,גאיה קלאסית בפרוסות 150 גרם,קריניציה ויטמינה אס,DE,גאיה קלאסית 150 גרם פרוסות,גרמים,150.00,100 גרם,false,1,21.90,14.6000,true,1,324950
7290102302949,false,גאיה בסגנון עזים בפרוסות 150 גרם,קריניציה ויטמינה אס,DE,גאיה בסגנון עיזים 150 גרם פרוסות,גרמים,150.00,100 גרם,false,1,21.90,14.6000,true,1,324951
7290102302963,false,טבעונית עשבי תיבול 150 גר,zieglerr,DE,גאיה עשבי תיבול 150 גרם פרוסות,גרמים,150.00,100 גרם,false,1,21.90,14.6000,true,1,324952
7290102303694,false,בולגרית עיזים הגבינו,Unknown,BG,גבינה בולגרית עיזים 250גר גבינות של נני,גרמים,250.00,100 גרם,false,9,24.90,9.9600,true,1,324964
7290102303700,false,גבינה בולגרית כבשים,Unknown,BG,גבינה בולגרית כבשים 250גר גבינות של נני,גרמים,250.00,100 גרם,false,9,24.90,9.9600,true,1,324965
7290102303731,false,גלילון טבעוני עירית,קריניציה ויטמינה אס,DE,גאיה רול עירית 100גרם,גרמים,100.00,100 גרם,false,8,21.90,21.9000,true,1,324956
7290102303748,false,גאיה רול עשבי תיבול,Unknown,DE,גאיה רול עשבי תיבול 100גרם,גרמים,100.00,100 גרם,false,8,21.90,21.9000,true,1,324957
7290102303854,false,טבעונית גאיה מוצרלה,Unknown,DE,גאיה בסגנון מוצרלה 150 גרם פרוסות,גרמים,150.00,100 גרם,false,1,21.90,14.6000,true,1,335549
7290102303861,false,טבעונית בסגנון מעושן,Unknown,DE,גאיה בסגנון מעושן 150 גרם פרוסות,גרמים,150.00,100 גרם,false,1,21.90,14.6000,true,1,335550
7290102303878,false,אלוויר חמאת נורמנדי 200 גרם,אלוויר,FR,חמאת נורמנדי 200 גרם,גרמים,200.00,100 גרם,false,1,17.90,8.9500,true,1,329154
7290102303977,false,גוש טונה בשמן זית רוברט 140 גרם,קונסרבס פורטוגל נורטה,PT,טונה רובטר בשמן זית 140 גרם,גרמים,140.00,100 גרם,false,24,11.90,8.5000,true,1,337841
7290102303984,false,גוש טונה במים רוברט 140 גרם,קונסרבס פורטוגל נורטה,PT,טונה רוברט במים 140 גרם,גרמים,140.00,100 גרם,false,24,10.90,7.7857,true,1,337842
7290102304714,false,גלוריוס עיזים 180 גרם,הנרי ויליך,NL,גבינת גלוריוס עיזים 180 גר,גרמים,180.00,100 גרם,false,12,44.90,24.9444,true,1,335025
7290102304738,false,גבינת פיור פרפקשיין,הנרי ויליך,NL,גבינת פיור פרפקשיין 180גר,גרמים,180.00,100 גרם,false,12,36.90,20.5000,true,1,335026
7290102304769,false,גבינת מימולט מיושנת,איסיני סנט מור,FR,גבינת מימולט 210 גרם,גרמים,210.00,100 גרם,false,20,38.90,18.5238,true,1,335054
7290102390427,false,יוגורט ביו עם קציפת תות 3% שומן 150 ג' מולר,מולר Muller,IL,Muller Froop תות 150 מל 3%,מיליליטרים,150.00,"100 מ""ל",false,1,5.30,3.5333,true,1,224432
7290102390465,false,יוגורט ביו עם קציפת אפרסק ופסיפלורה 3% שומן 150 ג' מולר,מולר Muller,IL,Muller Froop אפרסק פסיפלורה 150 3%,מיליליטרים,150.00,"100 מ""ל",false,1,5.30,3.5333,true,1,224433
7290102390489,false,יוגורט ביו עם קציפת לימון 3% שומן 150 ג' מולר,מולר Muller,IL,Muller Froop לימון 150 מל 3%,מיליליטרים,150.00,"100 מ""ל",false,1,5.30,3.5333,true,1,224434
7290102391844,false,יוגורט ביו עם קציפת פירות יער3% שומן 150 ג' מולר,מולר Muller,IL,Muller Froop פירות יער 150 מל 3%,מיליליטרים,150.00,"100 מ""ל",false,1,5.30,3.5333,true,1,225291
7290102392049,false,גבינה לאפיה תבור ללא תוספת מלח 5% משק צוריאל 500 גרם,מחלבת משק צוריאל,IL,גבינת תבור 5% לאפייה 500 גר,גרמים,500.00,100 גרם,false,1,24.90,4.9800,true,1,225718
7290102392094,false,חלב עיזים 3.7% בקרטון משק צוריאל 1 ליטר,מילקו תעשיות בעמ,IL,חלב עיזים בקרטון 1 ליטר,ליטרים,1.00,ליטר,false,1,15.90,15.9000,true,1,225716
7290102393039,false,"יוגורט ביו קרמי מיקס פצפוצי שוקולד 7.6% מולר 170 מ""ל",קריות זול,IL,Muller mix פצפוצי שוקולד- חדש,גרמים,170.00,100 גרם,false,1,6.00,3.5294,true,1,227419
7290102393060,false,"יוגורט ביו קרמי מיקס גלילי ופל ואגוזים 5.9% מולר 170 מ""ל",קריות זול,IL,Muller mix גליליות קרם אגוזים - חדש,גרמים,170.00,100 גרם,false,1,6.00,3.5294,true,1,227416
7290102393169,false,"יוגורט סימפלי פרוט בטעם תות 3% מולר 150 מ""ל",מולר Muller,IL,תות שדה Muller Simply fruit,גרמים,150.00,100 גרם,false,1,5.50,3.6667,true,1,228540
7290102393190,false,"יוגורט סימפלי פרוט בטעם פירות יער 3% מולר 150 מ""ל",מילקו תעשיות בעמ,IL,פירות יער Muller Simply fruit,גרמים,150.00,100 גרם,false,1,5.50,3.6667,true,1,228542
7290102393268,false,**טרה גבינה לבנה אריזת חיסכון 5% 750ג,הפריט בפיקוח,IL,גבינה לבנה 750 גרם 5%,גרמים,750.00,100 גרם,false,1,14.94,1.9920,true,1,227628
7290102393299,false,יוגורט עיזים לשתייה 3% משק צוריאל 500 גרם,מיוצר עי קוד יצרן HG,IL,יוגורט עיזים לשתיה 3% 500 גרם,גרמים,500.00,100 גרם,false,1,13.90,2.7800,true,1,228056
7290102393718,false,גבינת חלומי מחלב בקר 28% משק צוריאל 200 גרם,מחלבת משק צוריאל,IL,גבינת חלומי בקר 200 גר,גרמים,200.00,100 גרם,false,1,23.90,11.9500,true,1,228392
7290102393848,false,יוגורט עיזים 2.4% עם תות משק צוריאל 150 גרם,מחלבת משק צוריאל,IL,יוגורט עיזים עם תות 150 גרם,גרמים,150.00,100 גרם,false,1,6.50,4.3333,true,1,228936
7290102393855,false,יוגורט עיזים 2.5% עם אפרסק משק צוריאל 150 גרם,מחלבת משק צוריאל,IL,יוגורט עיזים אפרסק 150 גר,גרמים,150.00,100 גרם,false,1,6.50,4.3333,true,1,228937
7290102393947,false,סימפלי פרוט יוגורט בטעם קיווי 3% שומן 150 ג' מולר,מילקו תעשיות בעמ,IL,קיווי Muller Simply fruit,גרמים,150.00,100 גרם,false,1,5.50,3.6667,true,1,229418
7290102394081,false,"יוגורט ביו קרמי מיקס קורנפלקס מצופה שוקולד מולר 170 מ""ל",מילקו תעשייה בעמ,IL,Muller mix קורנפלקס מצופה - חדש,גרמים,170.00,100 גרם,false,1,6.00,3.5294,true,1,229422
7290102394258,false,גליל גבינת עיזים מה עז 9% משק צוריאל 180 גרם,מחלבת משק צוריאל,IL,גבינת עיזים קשה מהעז 9% 180 גר,גרמים,180.00,100 גרם,false,1,24.90,13.8333,true,1,230054
7290102394463,false,נעם גבינה צהובה פרוסה ואקום 28% טרה 500 גרם,Unknown,IL,וואקום 28% שומן 500 גרם,גרמים,500.00,100 גרם,false,1,28.90,5.7800,true,1,233720
7290102394814,false,"חמאה 200 גרם בד""צ - מוצר בפיקוח",הפריט בפיקוח,IL,חמאה רגילה 200 גרם,גרמים,200.00,100 גרם,false,1,8.50,4.2500,true,1,231235
7290102394821,false,נעם גבינה צהובה פרוסה 28% טרה 200 גרם,מילקו תעשיות בעמ,IL,דק דק פח 28% 200 גרם,גרמים,200.00,100 גרם,false,1,16.90,8.4500,true,1,231480
7290102394845,false,נעם גבינה צהובה לייט פרוסה דק דק 9% טרה 200 גרם,מילקו תעשיות בעמ,IL,דק דק פח 9% 200 גרם,גרמים,200.00,100 גרם,false,1,16.90,8.4500,true,1,231481
7290102395101,false,ממרח גבינה ושוקולד מוו טרה 200 גרם,מילקו תעשיות בעמ,IL,ממרח גבינה ושוקולד שוקי 200 גר,גרמים,200.00,100 גרם,false,1,11.90,5.9500,true,1,239388
7290102395217,false,מאגדת שמיניה מולר במתיקות מעודנת 1.2% 8*150 ג',מולר Muller,IL,מאגדת 8יח יוגורט ביו במתיקות 2% 150מל,מיליליטרים,1200.00,"100 מ""ל",false,1,14.90,1.2417,true,1,233538
7290102395224,false,שמיניית יוגורט ביו ביאנקו 1.7% מולר 150 גרם,מולר Muller,IL,מארז 8יח יוגורט מולר ביאנקו 1.7% 150 מל,מיליליטרים,1200.00,"100 מ""ל",false,1,14.90,1.2417,true,1,233488
7290102395231,false,שמיניית יוגורט ביו ביאנקו 2.8% מולר 150 גרם,מולר Muller,IL,מארז 8יח יוגורט מולר ביאנקו 2.8% 150מל,מיליליטרים,1200.00,"100 מ""ל",false,1,14.90,1.2417,true,1,233489
7290102395262,false,מארז 8 גביעים יוגורט בטעם תות שדה ואפרסק 3% Simply Fruit,מולר Muller,IL,מאגדת שמינייה סימפלי 3% תות ואפרסק,קילוגרמים,1.20,"ק""ג",false,1,29.90,24.9167,true,1,234074
7290102395347,false,"יוגורט 6% בכד 3 ק""ג רבנות",טרה,IL,יוגורט 3 ליטר בכד 6%שומן,ליטרים,3.00,ליטר,false,1,30.90,10.3000,true,1,338745
7290102395378,false,נעם גבינה צהובה פרוסה ואקום 28% טרה 360 גרם,טרה,IL,גבינה צהובה נעם 28% ואקום 360 גרם פרוס,גרמים,360.00,100 גרם,false,1,21.20,5.8889,true,1,233719
7290102395415,false,נועם גב.צהובה9%חריץ משקל,החברה המרכזית,IL,חריץ גבינה צהובה נעם 9% בקג מהדרין,קילוגרמים,1.00,"ק""ג",true,1,85.00,85.0000,true,1,235660
7290102395439,false,מארז 8 גביעים יוגורט בטעם פירות יער וקיווי 3% Simply Fruit,מילקו תעשיות בעמ,IL,מאגדת שמינייה סימפלי פירות יער וקיווי,קילוגרמים,1.20,"ק""ג",false,1,29.90,24.9167,true,1,234073
7290102395446,false,מעדן חלב בטעם וניל עם קצפת 123 ג' טרה,Unknown,IL,מוו וניל קצפת,גרמים,123.00,100 גרם,false,1,2.90,2.3577,true,1,233536
7290102395477,false,מעדן חלב בטעם שוקולד עם קצפת 123 ג' טרה,Unknown,IL,מוו שוקולד קצפת,גרמים,123.00,100 גרם,false,1,2.90,2.3577,true,1,233534
7290102395521,false,"שמנת לבישול 15% שומן 500 מ""ל טרה",מילקו תעשיות בעמ,IL,שמנת לבישול 15% 500מל,מיליליטרים,500.00,"100 מ""ל",false,1,16.90,3.3800,true,1,240666
7290102396047,false,יוג.סימפלי אננס1.5% 150ג,מילקו תעשיות בעמ,IL,Simply Fruit 1.5% - אננס,גרמים,150.00,100 גרם,false,1,5.50,3.6667,true,1,237490
7290102396405,false,שמיניית מעדן וניל מוו 1.5% טרה 100 גרם,Unknown,IL,מאגדת 8 יח מעדן וניל מו 100 גרם,גרמים,800.00,100 גרם,false,1,13.90,1.7375,true,1,241981
7290102396436,false,מעדן שוקולד מוו 1.5% טרה 125 גרם,מילקו תעשיות בעמ,IL,מוו מעדן שוקולד 1.5% 125 גרם,גרמים,125.00,100 גרם,false,1,2.90,2.3200,true,1,241623
7290102396443,false,"מעדן מוו וניל 1.5% 125 גרם בד""צ",מילקו תעשיות בעמ,IL,מוו מעדן וניל 1.5% 125 גרם,גרמים,125.00,100 גרם,false,1,2.90,2.3200,true,1,241625
7290102396580,false,מעדן מוו שוקולד ומוס שוקולד טרה 118 גרם,טרה,IL,מעדן מוו שוקולד ומוס שוקולד 118 גרם,גרמים,118.00,100 גרם,false,1,2.90,2.4576,true,1,241982
7290102396597,false,מעדן מוו וניל ומוס שוקולד טרה 118 גרם,טרה,IL,מעדן מוו וניל ומוס שוקולד 118 גרם,גרמים,118.00,100 גרם,false,1,2.90,2.4576,true,1,241983
7290102396672,false,"גבנ""צ דק דק נעם פתיחה חוזרת 9% 360 גרם",מילקו תעשיות בעמ,IL,גבינה צהובה נועם דק דק 9% פתח סגור 360ג,גרמים,360.00,100 גרם,false,1,28.50,7.9167,true,1,295090
7290102396719,false,יוגורט סימפלי תות 0% מולר 150 גרם,מולר Muller,IL,תות 0% Muller Simply fruit,גרמים,150.00,100 גרם,false,1,5.50,3.6667,true,1,244105
7290102396740,false,מארז 8 גביעים יוגורט בטעם תות שדה ואפרסק 0% Simply Fruit,מילקו תעשיות בעמ,IL,מאגדת שמינייה סימפלי 0% תות ואפרסק,קילוגרמים,1.20,"ק""ג",false,1,29.90,24.9167,true,1,244106
7290102397204,false,"גבנ""צ דק דק נעם פתיחה חוזרת 22% 200 גרם",מילקו תעשיות בעמ,IL,גבינה צהובה נועם דק דק 22% פתח סגור 200ג,גרמים,200.00,100 גרם,false,1,16.90,8.4500,true,1,295088
7290102397334,false,גבינה בולגרית גלילית 5% משק צוריאל 250 גרם,מחלבת משק צוריאל,IL,גבינה בולגרית 5% 250גרם בגביע צוריאל,גרמים,250.00,100 גרם,false,1,24.90,9.9600,true,1,298021
7290102397464,false,יוגורט ביו בתוספת גרעינים אגוזים וחמוציות 170 ג' מולר,מולר Muller,IL,יוגורט מולר מיקס טופ פקאן גרעינים חמוציו,גרמים,170.00,100 גרם,false,1,6.00,3.5294,true,1,303356
7290102397600,false,מיקס יוגורט בתוספת שקדים ובוטנים מקורמלים 170 ג' מולר,מילקו תעשייה בעמ,IL,יוגורט מולר מיקס טופ שקדים ובוטנים 170גר,גרמים,170.00,100 גרם,false,1,6.00,3.5294,true,1,300010
7290102397617,false,יוגורט ביו קרמי עם כדורים מצופים שוקולד חום לבן,מולר Muller,IL,יוגורט מולר מיקס טופ קליק 170גר,גרמים,170.00,100 גרם,false,1,6.00,3.5294,true,1,300011
7290102397679,false,קוטג' וחצי טרה 5% מרכיבים טבעיים,מילקו,IL,גבינת קוטג 5% מועשר 375 גרם,גרמים,375.00,100 גרם,false,1,8.90,2.3733,true,1,305826
7290102397730,false,פרוסות גבינה אמנטל חצי קשה 30% שומן 200 ג' נעם,Unknown,IL,גבינת אמנטל נעם 28% 200גר פתיחה חוזרת,גרמים,200.00,100 גרם,false,1,15.90,7.9500,true,1,307701
7290102397747,false,פרוסות גבינת מוצרלה נעם מחלב בקר 22%,טרה,IL,גבינת מוצרלה 200גר רכיבים טבעיים נועם,גרמים,200.00,100 גרם,false,20,16.90,8.4500,true,1,311069
7290102397891,false,גבינה מותכת משק צוריאל 100 גרם,משק צוריאל,IL,גבינה מותכת משק צוריאל 100 גרם,גרמים,100.00,100 גרם,false,1,7.90,7.9000,true,1,303391
7290102398058,false,חלב 3% בשקית מהדרין 1 לי,טרה,IL,חלב 3% שקית 1 ליטר מהדרין***וסטהיים,ליטרים,1.00,ליטר,false,1,5.43,5.4300,true,1,308579
7290102398065,false,חלב טרה בקרטון 2 ליטר מהדרין 3% - מוצר בפיקוח,הפריט בפיקוח,IL,חלב 3% בקרטון 2 ל*** מהדרין וסט,ליטרים,2.00,ליטר,false,1,12.46,6.2300,true,1,307376
7290102398072,false,"חלב קרטון 3%-1 ליטר "" טרה"" -מוצר פיקוח",Unknown,IL,חלב 3% בקרטון 1 ליטר מהדרין***מהדרין וסט,ליטרים,1.00,ליטר,false,1,6.23,6.2300,true,1,307377
7290102398140,false,מעדן חלב+אורז מת.עדינ170,Unknown,IL,מעדן מולר רייס במתיקות עדינה 176גר,גרמים,176.00,100 גרם,false,1,5.10,2.8977,true,1,313019
7290102398294,false,יוגורט פרופ מנגו 150 גרם,Unknown,IL,מעדן מולר פרוופ מנגו 150 גר,מיליליטרים,150.00,"100 מ""ל",false,12,5.30,3.5333,true,1,310918
7290102398331,false,חלב מועשר דל לקטוז 2% שומן טרה 1 ליטר,טרה,IL,חלב מעושר דל לקטוז 1 ליטר,ליטרים,1.00,ליטר,false,1,8.20,8.2000,true,1,310922
7290102398478,false,לאבנה 9% שומן 500 ג' טרה,טרה,IL,לאבנה 500 גר 9% שומן נעם,גרמים,500.00,100 גרם,false,,19.90,3.9800,true,1,323886
7290102398553,false,משקה חלב בטעם שוקו 2% XL אריזה משפחתית,מילקו תעשיות בעמ,IL,שוקו טרה 1.5ליטר בקבוק,ליטרים,1.50,ליטר,false,6,17.90,11.9333,true,1,321086
7290102398560,false,שוקו טרה מועשר בבקבוק 1 ליטר,מילקו תעשיות בעמ,IL,שוקו טרה 1ליטר בקבוק,ליטרים,1.00,ליטר,false,1,12.90,12.9000,true,1,314025
7290102398577,false,משקה חלב בטעם שוקו 2% בבקבוק אישי,מילקו תעשיות בעמ,IL,שוקו מועשר 250מל טרה בקבוק,מיליליטרים,250.00,"100 מ""ל",false,1,5.90,2.3600,true,1,314028
7290102398614,false,משקה חלב בטעם בננה טרה 1 ליטר,מילקו תעשיות בעמ,IL,משקה חלב בטעם בננה 1 ליטר בקבוק,ליטרים,1.00,ליטר,false,1,12.90,12.9000,true,1,314026
7290102398638,false,משקה חלב בטעם מוקה טרה 1 ליטר,מילקו תעשיות בעמ,IL,משקה חלב בטעם מוקה 1 ליטר בקבוק,ליטרים,1.00,ליטר,false,1,12.90,12.9000,true,1,314027
7290102398652,false,שוקו אגוזים טרה בקבוק1ל,מילקו תעשיות בעמ,IL,משקה שוקולד אגוזים 1 ליטר,ליטרים,1.00,ליטר,false,1,12.90,12.9000,true,1,318034
7290102398669,false,משקה חלב אייס קפוצ'ינו טרה 1 ליטר,מילקו תעשיות בעמ,IL,אייס קפוצינו 1 ליטר,ליטרים,1.00,ליטר,false,1,12.90,12.9000,true,1,322283
7290102398782,false,משקה סויה קלאסי משק צוריאל 1 ליטר,מחלבת משק צוריאל,IT,משקה סויה קלאסי 1ליטר צוריאל,ליטרים,1.00,ליטר,false,1,11.90,11.9000,true,1,320118
7290102398799,false,משקה סויה במתיקות מופחתת משק צוריאל 1 ליטר,מחלבת משק צוריאל,IT,משקה סויה במתיקות מופחתת 1ליטר צוריאל,ליטרים,1.00,ליטר,false,1,11.90,11.9000,true,1,320116
7290102398805,false,משקה סויה בטעם וניל משק צוריאל 1 ליטר,מחלבת משק צוריאל,IT,משקה סויה בטעם וניל 1 ליטר צוריאל,ליטרים,1.00,ליטר,false,1,11.90,11.9000,true,1,320115
7290102398836,false,משקה שקדים קלאסי משק צוריאל 1 ליטר,מחלבת משק צוריאל,IT,משקה שקדים קלאסי 1ליטר צוריאל,ליטרים,1.00,ליטר,false,1,12.90,12.9000,true,1,320119
7290102399048,false,פרוסות גבינת קשקבל נעם 200 ג' טרה,מילקו,IL,גבינת קשקבל 200 גרם נעם פתיחה חוזרת,גרמים,200.00,100 גרם,false,1,19.90,9.9500,true,1,318085
7290102399635,false,"מולר פרופ יוגורט ביו עם קציפת קוקוס ואננס 150 מ""ל",מולר Muller,IL,מעדן מולר פרוופ טרופיקל קוקוס אננס 150גר,מיליליטרים,150.00,"100 מ""ל",false,1,5.30,3.5333,true,1,322281
7290102399772,false,מולר ספרדבל-ממרח חמאת מולר במליחות עדינה 250 גרם,G Weihenstephan Molkerei,DE,ממרח חמאה מולר ספרדבל במליחות 250גר,גרמים,250.00,100 גרם,false,1,17.90,7.1600,true,1,323329
7290102399789,false,מולר ספרדבל-ממרח חמאת מולר ללא מלח 250 גרם,G Weihenstephan Molkerei,DE,ממרח חמאה מולר ספרדבל ללא מלח 250גר,גרמים,250.00,100 גרם,false,1,17.90,7.1600,true,1,323330
7290102399796,false,מעדן יוגורט לבן מועשר בחלבון 200 ג' מולר אקטיב,מולר Muller,IL,מעדן מולר אקטיב 25גר חלבון 200גר,גרמים,200.00,100 גרם,false,24,5.90,2.9500,true,1,321085
7290102399802,false,יוגורט עם תות מולר אקטיב מועשר בחלבון 200 גר',מולר Muller,IL,מעדן מולר אקטיב 20גר חלבון תות 200גר,גרמים,200.00,100 גרם,false,24,6.00,3.0000,true,1,321084
7290102399819,false,יוגורט עם פירות יער מולר אקטיב מועשר בחלבון 200 גר',מולר Muller,IL,מעדן מולר אקטיב 20גר חלבון פ.יער 200גר,גרמים,200.00,100 גרם,false,24,6.00,3.0000,true,1,321083
7290102399857,false,מולר אקטיב לייט 20 גרם חלבון 0% שומן עם תות 200 גרם,מולר Muller,IL,מעדן מולר אקטיב 20גר חלבון תות 0% 200גר,גרמים,200.00,100 גרם,false,24,6.00,3.0000,true,1,323332
7290102399864,false,מולר אקטיב לייט אפרסק200,טרה,IL,מעדן מולר אקטיב 20גר חלבון אפרסק0% 200גר,גרמים,200.00,100 גרם,false,24,6.00,3.0000,true,1,323333
7290102444922,false,רשת צליה עמוק רשת,,,רשת צליה עמוק רשת 25/33/5סמ,יחידה,1.00,יחידה,false,1,44.90,44.9000,true,1,327370
7290102444946,false,קרש סטייק עץ 25 סמ,,,קרש סטייק עץ 25 סמ באפלו,יחידה,1.00,יחידה,false,1,39.90,39.9000,true,1,325043
7290102451821,false,מנגל גמבו רגליים מתק,,,מנגל גמבו רגליים מתקפלות,יחידה,1.00,יחידה,false,1,189.00,189.0000,true,1,334855
7290102457007,false,לקיטשן פסטל מארז 3 קולפנים בדיספליי,,,מארז 3 קולפנים פסטל לקיטשן,יחידה,3.00,יחידה,false,1,16.90,5.6333,true,1,321569
7290102457076,false,לקיטשן פסטל פותחן מלצרים מולטי בדיספליי,,,פותחן מלצרים מולטי פסטל לקיטשן,יחידה,1.00,יחידה,false,1,11.90,11.9000,true,1,321575
7290103120658,false,דאודורנט ספיד סטיק גל שחור 85 גרם,הנסיך- מפעל לייצור ט,US,דאו.ספיד סטיק גל לגבר שחור 24/7,Unknown,0.00,Unknown,false,1,18.90,0.0000,true,1,225420
7290103124588,false,"סבון נוזלי ארומה בניחוח לבנדר פטצ'ולי פלמוליב 750 מ""ל",הנסיך- מפעל לייצור ט,TR,אלסבון פלמוליב משאבה סגול 750 מל,מיליליטרים,750.00,"100 מ""ל",false,1,16.90,2.2533,true,1,235417
7290103124601,false,"תחליב רחצה נוזל חלב ודבש משאבה 750מ""ל פלמוליב",הנסיך- מפעל לייצור ט,TR,אלסבון פלמוליב משאבה חלב ודבש 750 מל,מיליליטרים,750.00,"100 מ""ל",false,1,16.90,2.2533,true,1,229816
7290103126797,false,"משחת שיניים קולגייט סנסיטיב פרו רליף 75 מ""ל",הנסיך- מפעל לייצור ט,BR,מש.שיניים קולגייט סנסיטיב פרו ריליף75מל,מיליליטרים,75.00,"100 מ""ל",false,1,18.90,25.2000,true,1,228792
7290103128739,false,מקלוני כותנה לתינוק בלונס 50 יחידות,הנסיך- מפעל לייצור ט,GR,מקלות אוזניים בלונס לתינוק 50 יח,יחידה,50.00,יחידה,false,72,7.50,0.1500,true,1,231598
7290103129378,false,ספיד סטיק - דאודורנט ג'ל לגבר איקס 5 85 גרם,הנסיך- מפעל לייצור ט,US,דאו.ספיד סטיק גל אקטיב אקס 5,גרמים,51.00,100 גרם,false,1,28.90,56.6667,true,1,233201
7290103129637,false,בלונס פדים אובליים להסרת איפור 40 יחידות,הנסיך- מפעל לייצור ט,GR,פדים אובלים להסרת איפור בלונס40יח,יחידה,40.00,יחידה,false,24,9.90,0.2475,true,1,233197
7290103151386,false,שקיות אשפה 90*75 לפיד 25 יחידות,גי פלסט,IL,שקיות אשפה עם ידית 75/90 לפיד 25יח,יחידה,25.00,יחידה,false,15,12.90,0.5160,true,1,316528
7290103151508,false,מיכלי אחסון 1 ליטר 5,סנטר פלסט,IL,מיכלי אחסון 1 ליטר 5 יח,יחידה,5.00,יחידה,false,24,11.90,2.3800,true,1,296258
7290103151515,false,מיכלי אחסון 2 ליטר 4,סנטר פלסט,IL,מיכלי אחסון 2 ליטר 4 יח,יחידה,4.00,יחידה,false,18,11.90,2.9750,true,1,296259
7290103153458,false,קערה קטנה מרובעת לפיד 1 יחידה,אוריפלסט,CN,קערה קטן מרובע,יחידה,1.00,יחידה,false,50,7.90,7.9000,true,1,296224
7290103153465,false,קערה מרובע בינוני לפיד 1 יחידה,אוריפלסט,CN,קערה בינונית מרובעת חד פעמי,יחידה,1.00,יחידה,false,50,11.90,11.9000,true,1,296160
7290103153472,false,קערה מרובע גדול לפיד 1 יחידה,אוריפלסט,CN,קערה גדולה מרובעת חד פעמי,יחידה,1.00,יחידה,false,50,12.90,12.9000,true,1,296161
7290103156312,false,כפות איכותיות צבעוני,MAZLUM,,כפות חד פעמי צבעוני 100 יח,יחידה,100.00,יחידה,false,1,21.90,0.2190,true,1,296290
7290103156329,false,כפית חד פעמי צבעוני,MAZLUM,,כפית חד פעמי צבעוני 100 יח,יחידה,100.00,יחידה,false,1,21.90,0.2190,true,1,296291
7290103156336,false,מזלגות איכותיים צבעו,MAZLUM,,מזלגות חד פעמי צבעוני 100 יח,יחידה,100.00,יחידה,false,1,21.90,0.2190,true,1,296292
7290103156343,false,סכינים איכותיים צבעו,MAZLUM,,סכינים חד פעמי צבעוני 100 יח,יחידה,100.00,יחידה,false,1,21.90,0.2190,true,1,296293
7290103156473,false,כפיות חד פעמי 100 יח,mazlum,TR,כפית חד פעמי 100 יח לפיד,יחידה,100.00,יחידה,false,40,9.90,0.0990,true,1,296163
7290103156480,false,מזלגות חד פעמי 100 י,mazlum,TR,מזלג חד פעמי 100 יח לפיד,יחידה,100.00,יחידה,false,1,11.90,0.1190,true,1,296164
7290103156497,false,סכין לבן לפיד 100 יחידות,mazlum,,סכין חד פעמי 100 יח לפיד,יחידה,100.00,יחידה,false,1,11.90,0.1190,true,1,296165
7290103156718,false,כוס נייר 10 + מכסה 14 יח,WSI INTERNATIONAL LT,CN,כוס שתיה חמה+מכסה טו גו 14 יח,יחידה,14.00,יחידה,false,20,10.90,0.7786,true,1,296173
7290103157678,false,צלחות גדולות חד פעמי,פאלאס תעשיות נטו (20,IL,צלחות גדולות חד פעמי 1 קילו לפיד,קילוגרמים,1.00,"ק""ג",false,1,39.90,39.9000,true,1,296317
7290103400194,false,"כרוב לבן 400 גר בד""צ ירקות שטראוס",שטראוס בריאות ירקות טריי,IL,כרוב לבן חתוך 400 גר בדץ אחלה,גרמים,400.00,100 גרם,false,1,9.00,2.2500,true,1,227878
7290103400231,false,"גזר מגורד שטראוס 400 גרם בד""צ",שטראוס בריאות ירקות טריי,IL,גזר חתוך 400 גר בדץ אחלה,גרמים,400.00,100 גרם,false,1,9.00,2.2500,true,1,227877
7290103400255,false,"סלט קולסלאו 400 גרם בד""צ ירקות שטראוס",שטראוס בריאות ירקות טריי,IL,סלט קולאסלאו 400 גר בדץ אחלה,גרמים,400.00,100 גרם,false,1,9.00,2.2500,true,1,227903
7290103401429,false,קפה קצב ברזילאי אוריגינס 200 גר,הנסיך- מפעל לייצור ט,IL,קפה נמס עלית קצב ברזילאי 200 גרם,גרמים,200.00,100 גרם,false,1,25.90,12.9500,true,1,226291
7290103408206,false,עלי חסה ערבית שטופים שטראוס 250 גרם,שטראוס בריאות ירקות טריי,IL,עלי חסה ערבית שטופים 250 גר קופסא,גרמים,250.00,100 גרם,false,1,10.00,4.0000,true,1,226468
7290103681050,false,יין כרם יחיד ויונייה,,IL,יין כרם יחיד ויונייה 750 מל,מיליליטרים,750.00,"100 מ""ל",false,6,100.00,13.3333,true,1,324546
7290103681173,false,"יין הר קברנה סובניון יקבי תבור 750 מ""ל.",מיוצר על ידי יקב תבור,IL,יין תבור הר קברנה סוביניו 750 מל פקדון,מיליליטרים,750.00,"100 מ""ל",false,6,45.00,6.0000,true,1,316848
7290103681180,false,"יין הר מרלו מיתוג תנשמת 750 מ""ל",מיוצר על ידי יקב תבור,IL,יין תבור הר מרלו 750 מל פיקדון,מיליליטרים,750.00,"100 מ""ל",false,6,45.00,6.0000,true,1,316846
7290103681197,false,"יין הר שיראז מיתוג תנשמת 750 מ""ל",מיוצר על ידי יקב תבור,IL,יין תבור הר שיראז 750 מל פיקדון,מיליליטרים,750.00,"100 מ""ל",false,6,45.00,6.0000,true,1,316847
7290103681210,false,"יין הר שרדונה מיתוג תנשמת 750 מ""ל",מיוצר על ידי יקב תבור,IL,יין תבור הר שרדונה 750 מל פיקדון,מיליליטרים,750.00,"100 מ""ל",false,6,45.00,6.0000,true,1,316849
7290103681227,false,"יין הר גוורצטרמינר מיתוג תנשמת 750 מ""ל",מיוצר על ידי יקב תבור,IL,יין גוורצטרמיננר 750 מל,מיליליטרים,750.00,"100 מ""ל",false,6,45.00,6.0000,true,1,316850
7290103681234,false,"יין הר רוזה מיתוג תנשמת 750 מ""ל",מיוצר על ידי יקב תבור,IL,יין תבור הר רוזה 750 מל פיקדון,מיליליטרים,750.00,"100 מ""ל",false,6,45.00,6.0000,true,1,316851
7290103681289,false,"יין אדמה קברנה תנשמת 750 מ""ל",יקב תבור,IL,יין אדמה קברנה סוביניון 750 מל,מיליליטרים,750.00,"100 מ""ל",false,6,60.00,8.0000,true,1,324547
7290103681296,false,"יין אדמה מרלו תנשמת 750 מ""ל",יקב תבור,IL,יין תבור מרלו 750 מל פיקדון,מיליליטרים,750.00,"100 מ""ל",false,6,60.00,8.0000,true,1,321796
7290103681302,false,"יין אדמה שיראז תנשמת 750 מ""ל",יקב תבור,IL,יין אדמה שיראז 750 מל,מיליליטרים,750.00,"100 מ""ל",false,6,60.00,8.0000,true,1,324549
7290103681326,false,"יין אדמה גוורצטרמינר תנשמת 750 מ""ל",יקב תבור,IL,יין אדמה גוורצטרמינר 750 מל,מיליליטרים,750.00,"100 מ""ל",false,6,60.00,8.0000,true,1,324543
7290103681340,false,"יין אדמה סוביניון בלאן תנשמת 750 מ""ל",יקב תבור,IL,יין אדמה סוביניון בלאן 750 מל,מיליליטרים,750.00,"100 מ""ל",false,6,60.00,8.0000,true,1,324545
7290103681357,false,"יין אדמה רוזה תנשמת 750 מ""ל",יקב תבור,IL,יין אדמה רוזה 750 מל,מיליליטרים,750.00,"100 מ""ל",false,6,60.00,8.0000,true,1,324548
7290103681562,false,"סינגל ויניארד טנאט 750 מ""ל",יקב תבור,IL,יין כרם יחיד טנאט 750 מל,מיליליטרים,750.00,"100 מ""ל",false,1,100.00,13.3333,true,1,324572
7290103681579,false,יין כרם יחיד מרסלאן,יקב תבור,IL,יין כרם יחיד מרסלאן 750 מל,מיליליטרים,750.00,"100 מ""ל",false,1,100.00,13.3333,true,1,324551
7290103681647,false,"יין אקו בלנד אדום 750 מ""ל",יקב תבור,IL,יין אקו אדום 750 מל,מיליליטרים,750.00,"100 מ""ל",false,6,75.00,10.0000,true,1,324553
7290103681654,false,"יין אקו בלנד לבן 750 מ""ל",יקב תבור,IL,יין אקו לבן 750 מל,מיליליטרים,750.00,"100 מ""ל",false,6,75.00,10.0000,true,1,324552
7290103681661,false,"יין אדמה שנין בלאן 2020 750 מ""ל",יקב תבור,IL,יין אדמה שנין בלאן 750 מל,מיליליטרים,750.00,"100 מ""ל",false,6,60.00,8.0000,true,1,333386
7290103681739,false,"יין הר תבור לבן 750 מ""ל",מיוצר על ידי יקב תבור,IL,יין הר תבור לבן 750 מל,מיליליטרים,750.00,"100 מ""ל",false,6,45.00,6.0000,true,1,334949
7290103681791,false,יין אקו רוזה 750 מל,יקב תבור,IL,יין אקו רוזה 750 מל,מיליליטרים,750.00,"100 מ""ל",false,6,75.00,10.0000,true,1,337220
7290104061219,false,רבע לשבע אצבעות אגוז120ג,"שטראוס גרופ בע""מ",IL,גלילי וופל רבע לשבע אגוזים 120 גר,גרמים,120.00,100 גרם,false,1,11.90,9.9167,true,1,228230
7290104061417,false,סלט חומוס עם טחינה אחלה 400 גרם,"שטראוס גרופ בע""\מ",IL,סלט חומוס עם טחינה 400 גר אחלה,גרמים,400.00,100 גרם,false,,10.90,2.7250,true,1,226800
7290104062599,false,מארז 8 יחידות מעדן גמדים בטעמי תות ובננה,"שטראוס בריאות בע""\מ",IL,מארז 8 גמדים תות בננה מחיר מיוחד 800 גר,גרמים,800.00,100 גרם,false,1,19.90,2.4875,true,1,226878
7290104064012,false,חטיף פסק זמן GOOD שוקולד לבן גוד 36 גרם,שולן צ'יקולטה גידה ס,TR,חטיף פסק זמן טו גוד לבן 36 גר,גרמים,36.00,100 גרם,false,1,6.00,16.6667,true,1,313399
7290104065187,false,אבקה להכנת משקה קפה בטעם מוקה,STRAUSS-ISRAEL,IL,קפה נמס מוקה אבקתי 200 גר,גרמים,200.00,100 גרם,false,1,25.90,12.9500,true,1,227759
7290104065934,false,עלי רוקט שטראוס 150 גרם,שטראוס בריאות ירקות טריי,IL,עלי רוקט שטראוס 150 גר,גרמים,150.00,100 גרם,false,1,10.00,6.6667,true,1,227488
7290104068539,false,מאסט פליפטופ מלון ואבטיח ללא גרעינים,"שטראוס גרופ בע""מ",IL,מסטיק מאסט מלון אבטיח 28 גר פליפטופ,גרמים,28.00,100 גרם,false,1,5.00,17.8571,true,1,227930
7290104500572,false,אפרופו חטיף תירס איטליאנו אסם 50 גרם,מיוצר עי קונדיטוריית,IL,חטיף תירס אפרופו איטליאנו 50 גרם,גרמים,50.00,100 גרם,false,1,5.00,10.0000,true,1,229190
7290104501661,false,אינסטנט פודינג בטעם וניל צרפתי אסם 80 גרם,מיוצר עי קונדיטוריית,IL,אינסטנט פודינג וניל צרפתי אסם 80 גר,גרמים,80.00,100 גרם,false,1,6.00,7.5000,true,1,228479
7290104501784,false,מיני מאפינס שוקו צ'יפס חמישיה,תבואות בר,IL,עוגיות מיני מאפינס שוקוציפס 5 יח 200 גר,גרמים,200.00,100 גרם,false,1,9.90,4.9500,true,1,228108
7290104501807,false,מיני מאפינס שוקו חמישיה,בונז'ור- תבואות בר,IL,עוגיות מיני מאפינס שוקולד 5 יח 200 גר,גרמים,200.00,100 גרם,false,1,9.90,4.9500,true,1,228107
7290104504228,false,מיני דובונים אסם 100 גרם מארז 5 יחידות,"אסם השקעות בע""\מ",IL,מארז 5 יח חטיף דובונים 20 גר,גרמים,100.00,100 גרם,false,1,13.90,13.9000,true,1,229788
7290104508189,false,גביעי וופל ממותקים לגלידה 24 יח',בטר אנד דיפרנט,IL,גביעי גלידה ממותקים 24 יח 95 גר,גרמים,95.00,100 גרם,false,12,12.90,13.5789,true,1,229329
7290104508202,false,גביעי גלידה אמריקאים אסם 120 גרם 24 יחידות,"גילרו בע""מ",IL,גביעי גלידה אמריקאים 24 יח120 גר,גרמים,120.00,100 גרם,false,12,12.90,10.7500,true,1,229330
7290104508943,false,במבה חטיף בוטנים אסם 200 גרם,"אסם השקעות בע""\מ",IL,חטיף במבה קלאסי 200 גר,גרמים,200.00,100 גרם,false,18,11.10,5.5500,true,1,230485
7290104509247,false,בונז'ור-עוגת קראנץ' שוקולד עשיר 650 גר',בונז'ור,IL,עוגת קראנץ טעם שוקולד 650 גר,גרמים,650.00,100 גרם,false,1,25.90,3.9846,true,1,229771
7290104509353,false,בונז'ור עוגת בריוש פרג 550 ג',בונז'ור,IL,עוגת בריוש פרג 550 גר,גרמים,550.00,100 גרם,false,1,30.00,5.4545,true,1,229618
7290104570162,false,תמרים ללא חרצנים תמר כבוש 500 גרם,תמר העמקים בית שאן,IL,תמרים כבושים 500 גר,גרמים,500.00,100 גרם,false,1,13.90,2.7800,true,1,235067
7290104570629,false,ממרח גביע ירוק 450 ג' ירדן,"תמר העמקים בע""מ",IL,ממרח תמרים צמח 450 גרם,גרמים,450.00,100 גרם,false,1,5.90,1.3111,true,1,300761
7290104615337,false,זרים אחידים,,,זרים אחידים,Unknown,0.00,Unknown,false,1,45.00,0.0000,true,1,236263
7290104615962,false,צמחים,,,צמחים,Unknown,0.00,Unknown,false,1,60.00,0.0000,true,1,307903
7290104615979,false,עציצים,,,צמחים,Unknown,0.00,Unknown,false,1,65.00,0.0000,true,1,307904
7290104615993,false,עציצים,,,צמחים,Unknown,0.00,Unknown,false,1,75.00,0.0000,true,1,307906
7290104721533,false,רצועות פלפלים קלויים אחלה 400 ג',מיוצר עי קונדיטוריית,IL,סלט רצועות פלפלים קלויים 400 גר אחלה,גרמים,400.00,100 גרם,false,1,16.90,4.2250,true,1,228674
7290104721953,false,לקט מסולסלים ירקות שטראוס 350 גרם,שטראוס בריאות ירקות טריי,IL,לקט ירקות מסולסלים 350 גר,גרמים,350.00,100 גרם,false,1,13.00,3.7143,true,1,228163
7290104722219,false,עוגת יומולדת ק.שוקולד330,"שטראוס גרופ בע""\מ.",IL,עוגת שוקולד קרם שוקולד 330 גר,גרמים,330.00,100 גרם,false,1,14.90,4.5152,true,1,230447
7290104722530,false,תפוצ'יפס בטעם שמנת בצל עלית 200 גרם,"שטראוס פריטו ליי בע""\מ )",IL,חטיף תפוציפס שמנת בצל 200 גרם,גרמים,200.00,100 גרם,false,1,11.00,5.5000,true,1,228213
7290104724718,false,שוקולד פרה במילוי קרם 100ג' מגדים,STRAUSS-ISRAEL,IL,שוקולד פרה במילוי נוגט 100 ג מגדים,גרמים,100.00,100 גרם,false,1,5.90,5.9000,true,1,297437
7290104726262,false,רביעייה מעדן דני שוקולד דיסני לבנים 125 גרם,מיוצר עי קונדיטוריית,IL,מארז 4 יח דני לשתיה 500גר,גרמים,500.00,100 גרם,false,1,11.90,2.3800,true,1,228905
7290104729003,false,"יד מרדכי - שמן זית כתית מעולה 2 קלאסי 750 מ""ל",מכוורת יד מרדכי שטרא,IL,שמן זית כתית מעולה 750 מל יד מרדכי,מיליליטרים,750.00,"100 מ""ל",false,1,32.90,4.3867,true,1,229099
7290104850868,false,צלחות חד פעמי אלגנט,,,צלחות חד פעמי אלגנט 10 קרם 25 יח,יחידה,25.00,יחידה,false,1,29.90,1.1960,true,1,245585
7290104850981,false,צלחת גדולה קרם אלגנט,פאלאס,IL,צלחות אלגנט חד פעמי גדולות קרם 25 יח,יחידה,25.00,יחידה,false,1,18.90,0.7560,true,1,245511
7290104851339,false,צלחת קטנה קרם לפיד 25 יחידות,,IL,צלחות אלגנט חד פעמי קטנות קרם 25 יח,יחידה,25.00,יחידה,false,1,11.90,0.4760,true,1,245520
7290104851612,false,ליפתניות חד פעמי 25י,,IL,ליפתניות חד פעמי 25יח קרם פאלאס,יחידה,25.00,יחידה,false,40,7.50,0.3000,true,1,321073
7290104852442,false,נר שבת 140 גרם 36*1 פאלאס (10),פאלאס תעשיות נטו (20,IL,נרות שבת 10יח 140 גרם,גרמים,140.00,100 גרם,false,36,4.90,3.5000,true,1,296366
7290104852459,false,נרות שבת 12יח 140 גר,פאלאס תעשיות נטו (20,IL,נרות שבת 12יח 140 גרם,גרמים,140.00,100 גרם,false,36,4.90,3.5000,true,1,296367
7290104852466,false,נרות שבת 16יח 140 גר,פאלאס תעשיות נטו (20,IL,נרות שבת 16יח 140 גרם,גרמים,140.00,100 גרם,false,36,4.90,3.5000,true,1,296368
7290104852756,false,כוס שתיה קרה 100 יח,,,כוס שתיה קרה 100 יח שקוף 180 מל,יחידה,100.00,יחידה,false,1,5.50,0.0550,true,1,245438
7290104852794,false,תבנית אלומיניום קטנות 8,פאלאס,IL,תבנית אלומיניום לאובן 13יח פאלאס,יחידה,13.00,יחידה,false,1,12.90,0.9923,true,1,299248
7290104852800,false,תבנית אלומיניום מלבן,פאלאס,IL,תבנית אלומיניום מלבן לתנור+מכסה 10יח פאל,יחידה,10.00,יחידה,false,1,12.90,1.2900,true,1,299249
7290104855672,false,מגש חד פעמי יהלום שק,אינפלסטיק,IL,מגש חד פעמי יהלום שקוף,יחידה,1.00,יחידה,false,60,6.90,6.9000,true,1,296638
7290104856914,false,2 אלבד מקופל זהב לבן פאלאס,פאלאס,CN,מפות שולחן אל בד 2יח 2.7/1.2סמ לפיד,יחידה,2.00,יחידה,false,12,12.90,6.4500,true,1,299246
7290104857119,false,צלחות גדולות חד פעמי,פאלאס,TR,צלחות גדולות חד פעמי 100 יח לפיד,יחידה,100.00,יחידה,false,1,39.90,0.3990,true,1,322417
7290104858161,false,כוסות נייר 4 אוז 50 יח',WSI INTERNATIONAL LT,,כוסות שתייה חמה חד פעמי 4 אונז 50 יח,יחידה,50.00,יחידה,false,1,7.90,0.1580,true,1,302168
7290104858178,false,כוסות נייר 10 אוז 50 יח',WSI INTERNATIONAL LT,,כוסות קרטון חד פעמי 10אונז 50יח פאלאס,יחידה,50.00,יחידה,false,1,14.90,0.2980,true,1,302169
7290104858536,false,מארז קינוחים חד פעמי,xueli,CN,מארז קינוחים חד פעמי מיוחדים 12יח לפיד,יחידה,12.00,יחידה,false,1,17.90,1.4917,true,1,303246
7290104859274,false,זוג שקיות אוכל בקרטון פאלאס 150 יחידות,פאלאס תעשיות נטו (20,,מארז זוג שקיות אוכל בקרטון 2*150יח,יחידה,300.00,יחידה,false,1,9.90,0.0330,true,1,307646
7290104859779,false,כוסות איכותיות 40 יח,פאלאס,CN,כוסות חד פעמי 330 מל 40יח,יחידה,30.00,יחידה,false,50,11.90,0.3967,true,1,310545
7290104859786,false,תבנית אלומיניום בינו,,IL,תבנית אלומיניום בינונית 7יח אר31 פאלאס,יחידה,7.00,יחידה,false,1,8.90,1.2714,true,1,313821
7290104859793,false,תבנית אלומיניום ענקי,,IL,תבנית אלומיניום ענקיות 4יח אר99 פאלאס,יחידה,4.00,יחידה,false,1,8.90,2.2250,true,1,313823
7290104859809,false,תבנית אלומיניום ארוכ,,IL,תבנית אלומיניום אינגליש קייק14יח אר88פאל,יחידה,14.00,יחידה,false,1,8.90,0.6357,true,1,313822
7290104859816,false,תבנית אלומיניום מלבן,,,תבנית אלומיניום מלבן בינוני 7יח אר2 פאלא,יחידה,7.00,יחידה,false,1,8.90,1.2714,true,1,313819
7290104859823,false,תבנית אלומיניום עמוק,,IL,תבנית אלומיניום מלבן עמוק 8יח אר64פאלאס,יחידה,8.00,יחידה,false,1,9.90,1.2375,true,1,313181
7290104859830,false,8 תבניות אפייה עגולות פא,פאלאס,IL,תבנית אלומיניום עגול גדול 8 יח פאלאס,יחידה,8.00,יחידה,false,8,10.90,1.3625,true,1,314300
7290104859847,false,תבנית אלומיניום מלבן,,,תבנית אלומיניום מלבן בינוני 5יח +מכסה,יחידה,5.00,יחידה,false,1,8.90,1.7800,true,1,313820
7290104960239,false,"תחליב רחצה נקה 7 ארומה לבן 750 מ""ל",טרופיקל דגיל תעשיות קוסמ,IL,אלסבון נקה 7 ארומה לבן 750 מל,מיליליטרים,750.00,"100 מ""ל",false,1,12.90,1.7200,true,1,229015
7290104960246,false,"נקה 7 - תחליב רחצה ורד ויסמין 750 מ""ל",טרופיקל דגיל תעשיות קוסמ,IL,אלסבון נקה 7 ארומה ורוד 750 מל,מיליליטרים,750.00,"100 מ""ל",false,1,12.90,1.7200,true,1,229016
7290104960253,false,"תחליב רחצה נקה 7 לבנדר סגול 750מ""ל",טרופיקל דגיל תעשיות קוסמ,IL,אלסבון נקה 7 ארומה לבנדר 750 מל,מיליליטרים,750.00,"100 מ""ל",false,1,12.90,1.7200,true,1,229017
7290104960352,false,"נקה 7 תחליב רחצה ארומה שקד וניל 750מ""ל","אמיליה קוסמטיקס בע""מ",IL,אלסבון נקה שקד וניל ארומה 750 מל,מיליליטרים,750.00,"100 מ""ל",false,1,12.90,1.7200,true,1,313204
7290104960970,false,דאודורנט ספריי טיטניום מטאל Titanium Metal,אמיליה קוסמטיקס בעמ,IL,דאו.ספריי טיטניום מטאל 180 מל,מיליליטרים,180.00,"100 מ""ל",false,1,17.90,9.9444,true,1,230162
7290104961205,false,"נקה 7 תחליב רחצה מגע קטיפה מ""לפפון קיווי 750 מ""ל",טרופיקל דגיל תעשיות קוסמ,IL,ת.רחצה נקה מגע קטיפה מלפפון750מל,מיליליטרים,750.00,"100 מ""ל",false,1,12.90,1.7200,true,1,231423
7290104961243,false,"נקה 7 תחליב רחצה מגע קטיפה קוקוס ליים 750 מ""ל",טרופיקל דגיל תעשיות קוסמ,IL,ת.רחצה נקה מגע קטיפה קוקוס ליים750מל,מיליליטרים,750.00,"100 מ""ל",false,1,12.90,1.7200,true,1,231425
7290104961250,false,"נקה 7 תחליב רחצה מגע קטיפה וניל מאסק 750 מ""ל",טרופיקל דגיל תעשיות קוסמ,IL,ת.רחצה נקה מגע קטיפה וניל מאסק750מל,מיליליטרים,750.00,"100 מ""ל",false,1,12.90,1.7200,true,1,231426
7290104961403,false,"סקינגארד - קרם הגנה לפנים לילדים 60 מ""ל SPF50",אמיליה קוסמטיקס,IL,ק.הגנה סקינגארד50 ק.פנים ילדים60מל,מיליליטרים,60.00,"100 מ""ל",false,1,29.90,49.8333,true,1,231542
7290104961878,false,"שמפו לשיער קרטין אינטנס פורמולה 400 מ""ל נטורל",נטורל פורמולה Natural Formula,IL,שמפו קרטין אינטנס נטורל פורמולה 400מל,מיליליטרים,400.00,"100 מ""ל",false,1,27.90,6.9750,true,1,233890
7290104961885,false,מרכך קרטין טהור לשיער שעבר החלקה או עיצוב בחום,נטורל פורמולה Natural Formula,IL,מרכך קרטין אינטנס נטורל פורמולה 400מל,מיליליטרים,400.00,"100 מ""ל",false,1,27.90,6.9750,true,1,233891
7290104961892,false,מסכת קרטין טהור לשיער שעבר החלקה או עיצוב בחום,נטורל פורמולה Natural Formula,IL,מסכת שיער קרטין אינטנס 350 מל,מיליליטרים,350.00,"100 מ""ל",false,1,34.90,9.9714,true,1,246179
7290104961991,false,"סבון בניחוח חמאה שיאה שחור נקה 7 שלישייה * 500 מ""ל",אמיליה קוסמטיקס,IL,מארז 3 יח סבון נוזלי נקה 7 חמאת שיאה 500,ליטרים,1.50,ליטר,false,1,21.90,14.6000,true,1,245476
7290104962004,false,"סבון בניחוח וניל ומאסק נקה 7 שלישייה * 500 מ""ל",אמיליה קוסמטיקס,IL,מארז 3 יח סבון נוזלי נקה 7 וניל מאסק 500,ליטרים,1.50,ליטר,false,1,21.90,14.6000,true,1,245479
7290104962073,false,דאודורנט ספריי גוף טיטניום גולד Titanium Gold,"אמיליה קוסמטיקס בע""מ",IL,דאו.ספריי טיטניום גולד 180 מל,מיליליטרים,180.00,"100 מ""ל",false,1,17.90,9.9444,true,1,237524
7290104962684,false,"קרליין - נושם דאודורנט רול און לאישה ללא אלומיניום 75 מ""ל",מיוצר עי : אמיליה קוסמטי,IL,קרליין דאו רול און נושם ללא אלומיניום 75,מיליליטרים,75.00,"100 מ""ל",false,1,12.90,17.2000,true,1,244147
7290104962745,false,"סקינגארד - ספריי שקוף לעור בהיר מאוד 300 מ""ל SPF30",מיוצר עי : אמיליה קוסמטי,IL,קרם הגנה סקין גארד שקוף מס 30 300מל,מיליליטרים,300.00,"100 מ""ל",false,1,44.90,14.9667,true,1,245312
7290104962844,false,"שמפו אמפולה לטיפול אינטנסיבי לשיער יבש, צבוע ופגום",נטורל פורמולה Natural Formula,IL,שמפו אמפולה אינטנס נטורל פורמולה 400 מל,מיליליטרים,400.00,"100 מ""ל",false,1,27.90,6.9750,true,1,246331
7290104962851,false,"מרכך אמפולה לטיפול אינטנסיבי לשיער יבש, צבוע ופגום",נטורל פורמולה Natural Formula,IL,מרכך אמפולה אינטנס נטורל פורמולה 400 מל,מיליליטרים,400.00,"100 מ""ל",false,1,27.90,6.9750,true,1,246332
7290104963001,false,סופטקר מגבונים לחים רביעייה בניחוח עדין,החברה הדרומית,IL,מארז 4יח מגבוני סופטקר בניחוח עדין,יחידה,4.00,יחידה,false,6,18.90,4.7250,true,1,299159
7290104963018,false,סופטקר מגבונים לחים רביעייה ללא בישום,החברה הדרומית,IL,מארז 4יח מגבוני סופטקר ללא בישום,יחידה,4.00,יחידה,false,6,19.90,4.9750,true,1,299160
7290104963650,false,נקה 7 שמפו אל דמע סופטקר 1 ליטר,קוסמופארם בע'\'\מ,IL,שמפו סופטקר אל דמע 1 ליטר,ליטרים,1.00,ליטר,false,1,16.90,16.9000,true,1,299832
7290104963667,false,שמפו ותחליב רחצה אל דמע סופט קר 1 ליטר,קוסמופארם בע'\'\מ,IL,שמפו אלסבון סופטקר 2ב1 אל דמע 1 ליטר,ליטרים,1.00,ליטר,false,1,16.90,16.9000,true,1,299834
7290104963971,false,"סקינגארד - ספריי שקוף לעור בהיר מאוד 300 מ""ל SPF50",מיוצר עי : אמיליה קוסמטי,IL,קרם הגנה סקין גארד ספריי שקוף 50 300מל,מיליליטרים,300.00,"100 מ""ל",false,6,46.90,15.6333,true,1,311414
7290104963988,false,סקינגארד רול און הגנה לילדים SPF50 70 מל,מיוצר עי : אמיליה קוסמטי,IL,קרם הגנה סקין גארדרול און לילדים מס 50,Unknown,0.00,Unknown,false,6,26.90,0.0000,true,1,311413
7290104964350,false,אל סבון עשיר בלחות בניחוח פרחי מים - מארז 3 יח',נקה 7,IL,מארז 3 יח סבון נוזלי נקה 7 פרחי מים 500,ליטרים,1.50,ליטר,false,1,21.90,14.6000,true,1,300411
7290104964398,false,"שלשיית אלסבון מפנק נקה 7 וניל רענן 3* 500 מ""ל",נקה 7,,מארז 3 יח סבון נוזלי נקה 7 וניל רענן 500,ליטרים,1.50,ליטר,false,1,21.90,14.6000,true,1,307572
7290104964671,false,"סקינגארד - ספריי שקוף בניחוח אננס ליצ'י 200 מ""ל SPF30",אמיליה קוסמטיקס בעמ,IL,ספריי הגנה סקינגארד שקוף 30 אננס ליצי,מיליליטרים,200.00,"100 מ""ל",false,1,39.90,19.9500,true,1,316944
7290104964718,false,"סקינגארד - ספריי שקוף לעור רטוב 300 מ""ל SPF50",אמיליה קוסמטיקס בעמ,IL,תחליב הגנה סקינגארד ווט סקין 50 300מל,מיליליטרים,300.00,"100 מ""ל",false,1,46.90,15.6333,true,1,316941
7290105360250,false,קפסולות 09 עשיר וארומטי למכונת נספרסו עלית 10יח',הנסיך- מפעל לייצור ט,IL,קפסולות אספרסו מקיאטו 10 יח,יחידה,10.00,יחידה,false,1,17.00,1.7000,true,1,233597
7290105360328,false,קפסולות אספרסו חזק למכונות נספרסו 10 יח',הנסיך- מפעל לייצור ט,IL,קפסולות אספרסו חזק 10 יח,יחידה,10.00,יחידה,false,1,17.00,1.7000,true,1,233599
7290105360335,false,קפסולות אספרסו למכונות נספרסו 50 גר,הנסיך- מפעל לייצור ט,IL,קפסולות אספרסו מעודן 10 יח,יחידה,10.00,יחידה,false,1,17.00,1.7000,true,1,233598
7290105360878,false,תפוציפס טבעי 50 גרם מארז רביעייה,"שטראוס פריטו ליי בע""\מ )",IL,מארז 4יח תפוציפס 50גר,גרמים,200.00,100 גרם,false,8,10.90,5.4500,true,1,316339
7290105362339,false,"שמנת לבישול 15% 250 מ""ל יטבתה מהדרין",שטראוס גרופ,IL,שמנת לבישול מפוסטרת 15%,גרמים,241.00,100 גרם,false,1,6.90,2.8631,true,1,231610
7290105363572,false,שוק.פרה ביסקויט מגדים100,STRAUSS-ISRAEL,IL,שוק.פרה קראנץ חלב ביסקוויט 100 גר מגדים,גרמים,100.00,100 גרם,false,1,6.50,6.5000,true,1,327920
7290105363602,false,מקלות כיף כף קלאסי עלית 40 גרם,שולן צ'\יקולטה גידה סאן.,TR,חטיף כיף כף מקלות שוקולד אגוזים42גר,Unknown,0.00,Unknown,false,1,5.50,0.0000,true,1,233308
7290105364289,false,מקלות כיף כף פצפוצים עלית 40 גרם,שולן צ'\יקולטה גידה סאן.,TR,חטיף כיף כף מקלות שוקולד פצפוצים42גר,Unknown,0.00,Unknown,false,1,5.50,0.0000,true,1,233309
7290105364302,false,"עלית חטיף שוקולד כיף כף מקלות אגוזים, 40 גרם",שולן צ'\יקולטה גידה סאן.,TR,חטיף כיף כף מקלות שוקולד אגוז 42גר,Unknown,0.00,Unknown,false,1,5.50,0.0000,true,1,233307
7290105364883,false,ביסקוויט עד חצות לבן200ג,STRAUSS-ISRAEL,IL,ביסקויט חצות שוקולד לבן 200 גר,גרמים,200.00,100 גרם,false,1,13.90,6.9500,true,1,231745
7290105366054,false,טחינה עם פטרוזיליה 400גר,"שטראוס גרופ בע""\מ",IL,סלט טחינה לבנה ופטרוזיליה 400 גר,גרמים,400.00,100 גרם,false,1,16.90,4.2250,true,1,230269
7290105368294,false,שום ישראלי קלוף 120 גר י,"איקה חקלאות בע""מ",IL,שום ישראלי קלוף 120 גרם אחלה,גרמים,120.00,100 גרם,false,1,10.90,9.0833,true,1,313696
7290105368331,false,מעדן מילקי בטעם תות עם קצפת,מחלבת אחיהוד,IL,מעדן מילקי תות 133 גרם,גרמים,133.00,100 גרם,false,1,2.90,2.1805,true,1,232086
7290105368904,false,"שמנת מתוקה להקצפה 32% שומן 250 מ""ל יוטבתה",שטראוס גרופ,IL,שמנת מתוקה 32% 241 מל,מיליליטרים,241.00,"100 מ""ל",false,24,7.90,3.2780,true,1,232899
7290105369147,false,שוק.ספלנדיד פירות יער100,STRAUSS-ISRAEL,IL,שוקולד ספלנדיד פירות יער 100 גר,גרמים,100.00,100 גרם,false,1,10.90,10.9000,true,1,231405
7290105369451,false,צ'יטוס דולפינים בטעם גבינה 55 גרם,שטראוס פריטו ליי (מל,IL,חטיף ציטוס דולפינים 55 גר,Unknown,0.00,Unknown,false,1,3.60,0.0000,true,1,230644
7290105430441,false,תחליב רחצה סחלב שחור וקרם לחות Naturals משאבה,הנסיך- מפעל לייצור ט,TR,אלסבון פלמוליב משאבה סחלב שחור 750 מל,מיליליטרים,750.00,"100 מ""ל",false,1,16.90,2.2533,true,1,235419
7290105430458,false,תחליב רחצה מועשר בשקדים וקרם לחות Naturals משאבה,הנסיך- מפעל לייצור ט,TR,אלסבון פלמוליב משאבה שקדים 750 מל,מיליליטרים,750.00,"100 מ""ל",false,1,16.90,2.2533,true,1,235420
7290105430496,false,ליידי ספיד סטיק סטיינגארד ספריי,קולגייט-פלמוליב,RU,דאו. ליידי ספיד סטיק ספריי סטיינג 100 ג,מיליליטרים,100.00,"100 מ""ל",false,1,15.90,15.9000,true,1,234942
7290105431516,false,מארז חטיף פריי תמרים ובוטנים ללא גלוטן ותוספת סוכר 125 גרם,טבעית מוצרים מן הטבע בעמ,IL,חטיף פרי תמרים בוטנים 5 יח 125 גר,גרמים,125.00,100 גרם,false,1,16.90,13.5200,true,1,234338
7290105431868,false,"פלמוליב ספא קוקוס גרגרים נוזלי 500 מ""ל",הנסיך- מפעל לייצור ט,TR,אלסבון פלמוליב ספא קוקוס גרגרים 500 מל,מיליליטרים,500.00,"100 מ""ל",false,1,16.90,3.3800,true,1,238532
7290105434029,false,"ספיד סטיק - דאודורנט ספריי לגבר נוטרו פאואר 150 מ""ל",הנסיך- מפעל לייצור ט,RU,דאו.ספיד סטיק ספריי נוטרו 165 מל,מיליליטרים,165.00,"100 מ""ל",false,1,15.90,9.6364,true,1,244145
7290105436382,false,חטיף פרי תמרים קשיו ללא תוספת סוכר וגלוטן 5 יח,טבעית מוצרים מן הטבע בעמ,IL,מארז חטיף פריי תמר קשיו 125יח,גרמים,125.00,100 גרם,false,1,16.90,13.5200,true,1,241762
7290105438539,false,קוקי נייר אפייה 40 דפים,אופל אריזות,IL,נייר אפיה קוקי 40 יח,יחידה,40.00,יחידה,false,24,9.90,0.2475,true,1,244174
7290105438546,false,קוקי נייר אפייה פרימיום 40 יח',אופל אריזות,IL,נייר אפיה קוקי אקולוגי 40 יח,יחידה,40.00,יחידה,false,24,10.90,0.2725,true,1,244175
7290105439499,false,מאסטר שף מאסטר שף מיונז 480 גר כשלפ,רמיה סי.וי. הולנד,NL,מיונז הולנדי מאסטר שף 481 גרם,גרמים,481.00,100 גרם,false,12,11.90,2.4740,true,1,298411
7290105439505,false,מאסטר שף קרם בטעם מיונז לייט 479 גר כשלפ,רמיה סי.וי. הולנד,NL,מיונז הולנדי לייט מאסטר שף 497 גרם,גרמים,497.00,100 גרם,false,12,11.90,2.3944,true,1,301708
7290105439581,false,מנה מאסטר שף חרדל דיזיון צרפתי 370 גר,רמיה סי.וי.הולנד,FR,חרדל דיזון צרפתי מאסטר 370 גרם,Unknown,0.00,Unknown,false,1,11.90,0.0000,true,1,298412
7290105439598,false,מאסטר שף חרדל דיז'ון גרגירים 370 גר כשלפ,סאס קווינור צרפת,FR,חרדל דיזון צרפתי גרגירים מאסטר 370 גרם,Unknown,0.00,Unknown,false,1,11.90,0.0000,true,1,298413
7290105474049,false,מעדן מוס לה קט עוף 1,HIQ FOOD PRODUCTS,TH,מעדן לה קט מוס עוף 155גר,גרמים,155.00,100 גרם,false,1,6.10,3.9355,true,1,241317
7290105474056,false,לה קט מוס סלמון 155 גר',"ביופט בע""מ",IL,מעדן לה קט מוס סלמון 155גר,גרמים,155.00,100 גרם,false,1,6.10,3.9355,true,1,241318
7290105474070,false,לה קט מעדן מוס טונה 155ג,PRODUCTS FOOD HIQ,IL,מעדן לה קט מוס טונה 155גר,גרמים,155.00,100 גרם,false,1,6.10,3.9355,true,1,241319
7290105500151,false,וודקה פינלנדיה בקבוק,"אלטיה קורפ, הלסינקי,",FI,וודקה פינלנדיה 700 מל פקדון,מיליליטרים,700.00,"100 מ""ל",false,6,65.00,9.2857,true,1,232497
7290105500236,false,וויסקי ג'ק דניאלס מס' 7 Brand No,ג'ק דניאלס Jack Daniel's,US,וויסקי גק דניאלס 700 מל פקדון,מיליליטרים,700.00,"100 מ""ל",false,6,110.00,15.7143,true,1,233805
7290105500649,false,"וויסקי גק דניאלס מאסטר דיסטילר 700 מ""ל",,,וויסקי גק דניאלס מאסטר דיסטילר 700מל פקד,מיליליטרים,700.00,"100 מ""ל",false,1,180.00,25.7143,true,1,237117
7290105500748,false,וויסקי פיימוס גראוס The Famouse Grouse,מתיו גלוג אנד סאן,GB,וויסקי פיימוס גראוס 700 מל פקדון,מיליליטרים,700.00,"100 מ""ל",false,1,85.00,12.1429,true,1,237118
7290105500878,false,מרטיני וורמוט לבן 1 ליטר,מרטיני ורוסי,,יין מרטיני ביאנקו 1 לי,ליטרים,1.00,ליטר,false,1,65.00,65.0000,true,1,298686
7290105500885,false,מרטיני וורמוט אדום 1 ליטר,מרטיני ורוסי,,יין מרטיני רוסו 1 לי,ליטרים,1.00,ליטר,false,1,65.00,65.0000,true,1,298687
7290105500953,false,"וויסקי ג'ק דניאלס דבש 700 מ""ל",ג'ק דניאל'ס,BE,וויסקי גק דניאלס דבש 700 מל פקדון,מיליליטרים,70000.00,"100 מ""ל",false,1,110.00,0.1571,true,1,239782
7290105500984,false,"ערק בוכא בוקובזה 700 מ""ל",סייבה,FR,בוכא בוקובזה כשר 700 מל,מיליליטרים,70000.00,"100 מ""ל",false,1,139.00,0.1986,true,1,240434
7290105501547,false,מארז גריי גוס 700 פלוס כוס,בקרדי מרטיני,FR,ומארז ודקה גריי גוס + כוס מתכת 700 מל,מיליליטרים,700.00,"100 מ""ל",false,6,119.00,17.0000,true,1,333650
7290105691224,false,אסם חטיפי פריכונים טורטייה שום בצל 60 גרם,"פרח תעשיות מזון בע""מ.",IL,חטיפי פריכונים טורטיה שום ובצל 60 גר,גרמים,60.00,100 גרם,false,12,7.90,13.1667,true,1,230487
7290105691248,false,אסם חטיפי פריכונים טורטייה תירס 60 גרם,"פרח תעשיות מזון בע""מ.",IL,חטיפי פריכונים טורטיה תירס 60 גר,גרמים,60.00,100 גרם,false,1,7.90,13.1667,true,1,230486
7290105691897,false,קוסקוס עם חיטה מלאה אסם 350 גרם,"מיוצר ע""י קוד יצרן K",IL,קוסקוס אסם עם חיטה מלאה 350 גר,גרמים,350.00,100 גרם,false,1,8.90,2.5429,true,1,231550
7290105691934,false,קמח שמרים אסם 1 קילו,תאי פרזידנט פוד פאבל,IL,קמח שמרים אסם 1 קג,קילוגרמים,1.00,"ק""ג",false,1,9.90,9.9000,true,1,232832
7290105692771,false,תערובת להכנת לחמניות200ג,מיוצר עי קונדיטוריית,IL,תערובת להכנת לחמניות לפסח 200 גר,גרמים,200.00,100 גרם,false,1,9.90,4.9500,true,1,231319
7290105693341,false,מארז עשיריית במבה אסם 25*10 גרם,"אסם השקעות בע""\מ",IL,מארז 10 יח חטיף במבה 25 גר,גרמים,250.00,100 גרם,false,15,15.90,6.3600,true,1,238841
7290105693457,false,עוגת הבית דמקה שוקו וניל אסם 320 גרם,מיוצר עי קונדיטוריית,IL,עוגת הבית דמקה שוקו וניל 320 גר,גרמים,320.00,100 גרם,false,8,12.90,4.0313,true,1,231841
7290105693952,false,פירורית זהב אסם זהב שומשום 200 ג',מיוצר עי קונדיטוריית,IL,פירורית זהב שומשום 200 גרם,גרמים,200.00,100 גרם,false,1,6.50,3.2500,true,1,232037
7290105694614,false,פסטה ספגטי מהיר הכנה אסם 500 גרם,פסטה זארה,IT,ספגטי אוסם מהיר הכנה 500 גר,גרמים,500.00,100 גרם,false,18,6.90,1.3800,true,1,232460
7290105694904,false,מרק פטריות רכיבים טבעיים אסם 220 גרם,"אסם השקעות בע""\מ",IL,אבקת מרק פטריות ר.טבעיים 220 גר,גרמים,220.00,100 גרם,false,6,14.90,6.7727,true,1,232977
7290105694928,false,אבקת מרק בצל רכיבים טבעיים אסם 220 גרם,"אסם השקעות בע""\מ",IL,אבקת מרק בצל ר.טבעיים 220 גר,גרמים,220.00,100 גרם,false,6,14.90,6.7727,true,1,232978
7290105695024,false,פתיתים אפויים אורז עם אטריות אסם 500 גרם,"אסם השקעות בע""\מ",IL,פתיתים אפויים אוסם אורז איטריות 500 גר,גרמים,500.00,100 גרם,false,1,7.90,1.5800,true,1,233469
7290105695321,false,עוגת הבית בראוניס פאדג' אסם 380 גרם,מיוצר עי קונדיטוריית,IL,עוגת בראוניס פאדג 380 גר שמו,גרמים,380.00,100 גרם,false,1,16.90,4.4474,true,1,232239
7290105964564,false,סלט חומוס אחלה 400גר,מיוצר עי קונדיטוריית,IL,סלט חומוס אחלה 400ג ותוספת 100ג,גרמים,400.00,100 גרם,false,6,8.90,2.2250,true,1,232090
7290105965493,false,ספלנדיד מריר+מוס שוק105ג,שטראוס,IL,שוקולד ספלנדיד מוס שוקולד100 גר,גרמים,100.00,100 גרם,false,1,10.90,10.9000,true,1,295260
7290105965509,false,שוק.מריר62% +מוס גאנדויה,שטראוס,IL,שוקולד ספלנדיד מוס גאנדויה100 גר,גרמים,100.00,100 גרם,false,1,10.90,10.9000,true,1,295259
7290105968098,false,"סלט קולסלאו 500 גרם ""אחלה""",שטראוס גרופ סלטים,IL,סלט קולסלאו 500 גר,גרמים,500.00,100 גרם,false,1,16.50,3.3000,true,1,233142
7290105968654,false,רביולי בטטה פרווה פסטה נונה 400 ג',מיוצר עי קונדיטוריית,IL,רביולי בטטה 400 גר,גרמים,400.00,100 גרם,false,1,19.90,4.9750,true,1,233141
7290105968777,false,פריכיות 5 דגנים עם תחתית שוקולד מריר 70 גרם,"טחנת האבן תעשיות בע""",IL,פרכיות אנרגי שוקולד מריר70 גר,גרמים,70.00,100 גרם,false,1,7.90,11.2857,true,1,235075
7290106506961,false,תחב.רדיאנט וליו פק לונג פלוס אולוויז 20,פרוקטר אנד גמבל,HU,תחבושות אולוויז רדיאנט לונג פלוס 20יח,יחידה,20.00,יחידה,false,1,32.90,1.6450,true,1,307643
7290106520066,false,"רבע לשבע שוקולד חלב במילוי אגוזים עלית 160 גרם בד""צ","הגביע מוצרי וופלים בע""\מ",IL,גלילי ופל רבע לשבע 160 גר,גרמים,160.00,100 גרם,false,1,11.90,7.4375,true,1,233312
7290106520288,false,יוגורט פרו חלבון עם תות 2.4% שומן 150 ג' דנונה,"שטראוס בריאות בע""מ",IL,דנונה וואו תות 150גרם 2.4% שומן,גרמים,150.00,100 גרם,false,1,4.90,3.2667,true,1,297891
7290106520905,false,סלט טורקי אחלה 400 גרם,"שטראוס גרופ בע""\מ",IL,סלט טורקי 400 גר,גרמים,400.00,100 גרם,false,1,16.90,4.2250,true,1,234078
7290106520912,false,"שמנת 9% לבישול יטבתה 250 מ""ל מהדרין",שטראוס גרופ,IL,שמנת לבישול מפוסטרת 9% 250מל יטבתה,גרמים,250.00,100 גרם,false,1,6.90,2.7600,true,1,235353
7290106521049,false,אחלה טעמי השוק קוביות סלק 400 גר,מיוצר עי קונדיטוריית,IL,סלט קוביות סלק 400גר אחלה ט.השוק,גרמים,400.00,100 גרם,false,1,16.90,4.2250,true,1,237523
7290106521629,false,מאגדת טוויסט 4 * 28 גרם,STRAUSS-ISRAEL,IL,מאגדת 4 יח וופל טוויסט 112 גר,גרמים,112.00,100 גרם,false,1,14.00,12.5000,true,1,234786
7290106521926,false,קפה טורקי בצלופן עלית 150 גרם,שטראוס קפה בי.ויn\.,IL,קפה טורקי 150 ג עלית,גרמים,150.00,100 גרם,false,1,10.90,7.2667,true,1,322993
7290106524439,false,"תפוצ'יפס פופס 60 גרם ""עלית""","שטראוס פריטו ליי בע""\מ )",IL,חטיף תפוציפס פופס 60 גר,Unknown,0.00,Unknown,false,1,4.30,0.0000,true,1,310598
7290106525320,false,אבקת שוקולית לאפייה קופסא 500ג' עלית,הנסיך- מפעל לייצור ט,IL,שוקולית לאפיה 500 גר,גרמים,500.00,100 גרם,false,1,15.90,3.1800,true,1,240991
7290106525399,false,קפסולות 06 ברזיל למכונות נספרסו עלית 10יח',הנסיך- מפעל לייצור ט,IL,קפסולות אספרסו ברזיל 10 יח,יחידה,10.00,יחידה,false,1,17.00,1.7000,true,1,299492
7290106525405,false,קפסולות למכונת נספרסו נטול קפאין,שטראוס קפה בי.וי.,IL,קפסולות נטול קפאין 10 יח 50 גר,יחידה,10.00,יחידה,false,1,17.00,1.7000,true,1,241828
7290106526822,false,פריכיות אורז חום מלא תחתית שוקולד חלב 80 גרם,"טחנת האבן תעשיות בע""",IL,פרכיות אנרגי שוקולד חלב80 גר,Unknown,0.00,Unknown,false,1,7.90,0.0000,true,1,239639
7290106527386,false,אנרגי פריכיות מצופות שוקולד חלב 70ג,"שטראוס גרופ בע""\מ",IL,פרכיות אנרגי שוקולד מריר 70 גר,Unknown,0.00,Unknown,false,1,7.90,0.0000,true,1,239640
7290106528567,false,"דוריטוס גריל 185 גרם ""עלית""","שטראוס פריטו ליי בע""\מ )",IL,חטיף דוריטוס גריל 185 גר,גרמים,185.00,100 גרם,false,1,8.00,4.3243,true,1,298616
7290106528628,false,"דוריטוס טבעי 185 גרם ""עלית""","שטראוס פריטו ליי בע""\מ )",IL,חטיף דוריטוס טבעי 185 גר,גרמים,185.00,100 גרם,false,1,8.00,4.3243,true,1,298617
7290106528949,false,לקט ערוגות 450 גרם שטראוס,שטראוס בריאות ירקות טריי,IL,לקט לסלט ערוגות 450 גרם,גרמים,450.00,100 גרם,false,1,13.00,2.8889,true,1,241312
7290106570153,false,תערובת להכנת לטקס כש,"אסם השקעות בע""\מ",IL,תערובת להכנת לטקס כשלפ 170 גר,גרמים,170.00,100 גרם,false,1,10.90,6.4118,true,1,233875
7290106571037,false,"מאגדת גומיגם 5יח כשל""פ",גלידות נסטלה )נגה גלידות,IL,מאגדת שלגון גומי גם 5יח,יחידה,5.00,יחידה,false,1,29.90,5.9800,true,1,233886
7290106571921,false,עוגיות פיטנס עוגיות חמוציות 180 גר',מיוצר עי קונדיטוריית,IL,עוגיות פיטנס חמוציות 180 גר,גרמים,180.00,100 גרם,false,1,11.90,6.6111,true,1,241145
7290106571945,false,עוג.שוקולד מריר פיטנס180,"אסם תעשיות בע""מ",IL,עוגיות פיטנס שוקולד מריר 180 גר,גרמים,180.00,100 גרם,false,1,11.90,6.6111,true,1,245737
7290106572027,false,אוסם - לחמית חמישה דגנים 190 גרם,"אסם השקעות בע""\מ",IL,לחמית חמישה דגנים 190 גר,גרמים,190.00,100 גרם,false,1,9.50,5.0000,true,1,233468
7290106572065,false,חטיפי פריכונים טורטיה חמוץ מתוק 60 גרם,"פרח תעשיות מזון בע""מ",IL,חטיפי פריכונים טורטיה חמוץ מתוק 60 גר,גרמים,60.00,100 גרם,false,12,7.90,13.1667,true,1,233467
7290106572959,false,מארז אפרופו חטיף תירס 5 יחידות,"אסם השקעות בע""\מ",IL,מארז חטיף אפרופו קלאסי 25 גר 5 יח,גרמים,125.00,100 גרם,false,1,12.90,10.3200,true,1,234585
7290106573024,false,סירופ דיאט אננס 1 ליטר עסיס,בית השיטה עסיס תעשיו,IL,סירופ דיאט אננס 1 ל צבעים טבעיים,ליטרים,1.00,ליטר,false,1,17.90,17.9000,true,1,235031
7290106573086,false,קוסקוס בינוני אמיתי 350X2ג' אסם,"מיוצר ע""י קוד יצרן K",IL,זוג קוסקוס אמיתי בשקית 350 גרם,גרמים,700.00,100 גרם,false,12,10.90,1.5571,true,1,236627
7290106573277,false,אוסם - קריספי טאפאס זיתים 150 גרם,מיוצר עי קונדיטוריית,IL,חטיפי קרקר קריספי טאפאס זיתים150גר,גרמים,150.00,100 גרם,false,1,12.90,8.6000,true,1,237942
7290106573314,false,חטיף קריספי בטעם כפרי 150 ג' אסם,מיוצר עי קונדיטוריית,IL,חטיפי קרקר קריספי טאפאס פיזורים150גר,גרמים,150.00,100 גרם,false,1,12.90,8.6000,true,1,237944
7290106573598,false,צבר חומוס לבנוני 400 גרם,סלטי צבר,IL,סלט חומוס לבנוני צבר 400 גר,גרמים,400.00,100 גרם,false,12,12.90,3.2250,true,1,235485
7290106573628,false,צבר חומוס עם טחינה 400 גרם,סלטי צבר,IL,סלט חומוס עם טחינה צבר 400 גר,גרמים,400.00,100 גרם,false,12,12.90,3.2250,true,1,235483
7290106574120,false,שלגון שרבט סוכריות גומיגם נסטלה 90 גרם,גלידות נסטלה )נגה גלידות,IL,שלגון גומיגם בודד,יחידה,1.00,יחידה,false,42,7.50,7.5000,true,1,302671
7290106574953,false,בייגלה שטוחים כעכים שטוחים עם שומשום,מיוצר עי קונדיטוריית,IL,בייגלה שטוחים שומשום 300 גר,גרמים,300.00,100 גרם,false,9,12.00,4.0000,true,1,236172
7290106574977,false,בייגלה שטוחים כעכים שטוחים עם מלח,מיוצר עי קונדיטוריית,IL,בייגלה שטוחים מלח 300 גר,גרמים,300.00,100 גרם,false,9,12.00,4.0000,true,1,236171
7290106575011,false,פתיתים אפויים קוסקוס מחיטה מלאה אסם 400 גרם,מיוצר עי קונדיטוריית,IL,פתיתים אפויים אוסם חיטה מלאה 400 גר,גרמים,400.00,100 גרם,false,12,7.90,1.9750,true,1,236857
7290106575332,false,פתיתים אפויים פלוס בורגול 400 ג' אסם,"מיוצר ע""י קוד יצרן K",IL,פתיתים אפויים אוסם פלוס בורגול 400 גר,גרמים,400.00,100 גרם,false,1,7.90,1.9750,true,1,236856
7290106575431,false,עוגת הבית סופלה בטעם שוקוניל 340 ג' אסם,מיוצר עי קונדיטוריית,IL,עוגת הבית סופלה שוקו וניל 340 גר,גרמים,340.00,100 גרם,false,8,14.00,4.1176,true,1,237941
7290106576223,false,"אפרופו שוקולד 40 גרם ""אסם""",מיוצר עי קונדיטוריית,IL,חטיף תירס אפרופו שוקולד 40 גר,Unknown,0.00,Unknown,false,1,5.00,0.0000,true,1,301110
7290106576513,false,סלט חומוס צבר 400 גר,סלטי צבר,IL,סלט חומוס עגול צבר 400 גר,גרמים,400.00,100 גרם,false,12,10.90,2.7250,true,1,239715
7290106576537,false,חומוס מסעדות צבר 700 גרם,סלטי צבר,IL,סלט חומוס מסעדות צבר 700גר,גרמים,700.00,100 גרם,false,6,12.90,1.8429,true,1,237500
7290106576797,false,"לה קרמריה גלידת וניל איטלקי כשל""פ 1.4ל'",תות תעשיות מזון (201,IL,גל. לה קרמריה וניל איטלקי 1.4 ליטר,מיליליטרים,1400.00,"100 מ""ל",false,1,18.90,1.3500,true,1,239623
7290106576810,false,גלידה לה קרמריה ריבת חלב 1.4 ל' נסטלה,לה קרמריה- נסטלה,IL,גל. לה קרמריה ריבת חלב 1.4 ליטר,מיליליטרים,1400.00,"100 מ""ל",false,1,18.90,1.3500,true,1,239622
7290106576834,false,גלידה לה קרמריה פונטש בננה1.4 ל' נסטלה,תות תעשיות מזון (201,IL,גל. לה קרמריה פונטש בננה 1.4 ליטר,מיליליטרים,1400.00,"100 מ""ל",false,1,18.90,1.3500,true,1,239627
7290106576858,false,גלידה לה קרמריה תותים בשמנת 1.4 ל' נסטלה,גלידות נסטלה )נגה גלידות,IL,גל. לה קרמריה תותים שמנת 1.4 ליטר,מיליליטרים,1400.00,"100 מ""ל",false,1,18.90,1.3500,true,1,239626
7290106576957,false,"לה קרמריה גלידת שוקו וניל פליק פרווה כשל""פ 1.4",תות תעשיות מזון (201,IL,גל. לה קרמריה שוקו וניל פליק פרווה 1.4ל,מיליליטרים,1400.00,"100 מ""ל",false,1,18.90,1.3500,true,1,239628
7290106576971,false,גלידה לה קרמריה שוקולד בלגי 1.4 ל' נסטלה,תות תעשיות מזון (201,IL,גל. לה קרמריה שוקולד בלגי 1.4 ליטר,מיליליטרים,1400.00,"100 מ""ל",false,1,18.90,1.3500,true,1,239621
7290106576995,false,גלידה סורבה לה קרמריה תות מנגו לייט 1.4 ל' נסטלה,גלידות נסטלה )נגה גלידות,IL,גל. לה קרמריה סורבה תות מנגו 1.4 ליטר,מיליליטרים,1400.00,"100 מ""ל",false,1,18.90,1.3500,true,1,240017
7290106577039,false,גלידה לה קרמריה שוקו וניל פליק 1.4 ל' נסטלה,תות תעשיות מזון (201,IL,גל. לה קרמריה וניל שוקו פליק 1.4 ליטר,מיליליטרים,1400.00,"100 מ""ל",false,1,18.90,1.3500,true,1,239624
7290106577282,false,טחינה אמיתית מרובע 400 ג' צבר,סלטי צבר,IL,סלט טחינה מרובע צבר 400 גר,גרמים,400.00,100 גרם,false,6,12.90,3.2250,true,1,237987
7290106577503,false,חציל במיונז מרובע 400גרם,סלטי צבר,IL,סלט חציל במיונז צבר מרובע 400 גר,גרמים,400.00,100 גרם,false,6,12.90,3.2250,true,1,237990
7290106577527,false,סלט קולסלאו כרוב לבן וגזר 400 ג' צבר,סלטי צבר,IL,סלט קולסלו צבר מרובע 400גר,גרמים,400.00,100 גרם,false,6,12.90,3.2250,true,1,237994
7290106577541,false,כרוב אדום מרובע 400 ג' צבר,סלטי צבר,IL,סלט כרוב אדום צבר מרובע 400גר,גרמים,400.00,100 גרם,false,6,12.90,3.2250,true,1,237993
7290106577572,false,מטבוחה אמיתית מרובע 400 ג' צבר,סלטי צבר,IL,סלט מטבוחה צבר מרובע 400גר,גרמים,400.00,100 גרם,false,6,12.90,3.2250,true,1,237986
7290106577848,false,נסטי מארז שישייה אפרסק 6*1.5ליטר,סן-פלגרינו,IT,מארז שישייה נסטי 1.5 לי אפרסק כשלפ,ליטרים,1.50,ליטר,false,1,29.90,19.9333,true,1,239221
7290106578241,false,חטיפי דובונים 100 גרם,"אסם תעשיות בע""מ",IL,חטיף תפוא דובונים 100 גר,גרמים,100.00,100 גרם,false,16,10.00,10.0000,true,1,239126
7290106578692,false,ביסלי במבה מיקס מהדורת אליפות אסם 80 גרם,פרו מן יו פתרונות אר,IL,חטיף מיקס במבה/ביסלי 80 גר,גרמים,80.00,100 גרם,false,1,5.00,6.2500,true,1,240925
7290106578821,false,עוגת הבית שמרים קלאסית שוקולד אסם 350 גרם,מיוצר עי קונדיטוריית,IL,עוגת שמרים שוקולד קלאסית350גר,גרמים,350.00,100 גרם,false,8,16.90,4.8286,true,1,239468
7290106651265,false,"פ""ז קלאסי מגדים45*3 גרם","שטראוס גרופ בע""\מ",IL,מאגדת 3 יח וופל פסק זמן קלאסי135גר,גרמים,135.00,100 גרם,false,1,14.00,10.3704,true,1,322083
7290106653689,false,לקט לסלט אסייתי שטראוס 350 גרם,שטראוס בריאות ירקות טריי,IL,לקט לסלט אסייתי 350 גרם,גרמים,350.00,100 גרם,false,1,10.90,3.1143,true,1,303219
7290106654099,false,מילקי CAKE עוגות אישיות במילוי קרם חלב,בובארד איטליה אס.פי.איי,IT,מארז עוגות מילקי שמינייה אישית 34 גרם,גרמים,272.00,100 גרם,false,8,19.90,7.3162,true,1,297890
7290106656512,false,וופל טורטית עם קרם ש,שטראוס גרופ,IL,בפלות טורטית 360 גר,גרמים,360.00,100 גרם,false,1,15.90,4.4167,true,1,243521
7290106658479,false,עלית וופל בטעם טורטית אגוזים 360גר,"שטראוס גרופ בע""\מ",IL,חטיף טורטית מגדים 40 גרם,Unknown,0.00,Unknown,false,1,5.00,0.0000,true,1,300328
7290106660410,false,"רביולי תרד וגבינה 400 גרם ""שטראוס""",מיוצר עי קונדיטוריית,IL,פסטה רביולי תרד וגבינה 400גר,גרמים,400.00,100 גרם,false,1,19.90,4.9750,true,1,242997
7290106660649,false,חטיף ציטוס קראנץ בוט,"שטראוס פריטו ליי בע""\מ )",IL,חטיף ציטוס בוטנים 80 גר,Unknown,0.00,Unknown,false,1,4.50,0.0000,true,1,303886
7290106662025,false,תפוציפס טבעי מלח ופלפל 50 גרם,"שטראוס פריטו ליי בע""",IL,חטיף תפוציפס מלח פלפל 50 גרם,Unknown,0.00,Unknown,false,1,4.30,0.0000,true,1,300153
7290106662223,false,"אפיפיות שוקולד לל""ג400ג","שטראוס גרופ בע""\מ",IL,אפיפיות בטעם שוקולד 400 גר,גרמים,400.00,100 גרם,false,1,12.90,3.2250,true,1,302770
7290106662230,false,"בפלות טוב טעם בד""צ 445גר","שטראוס גרופ בע""\מ",IL,בפלות טוב טעם 360 גרם,גרמים,445.00,100 גרם,false,1,15.90,3.5730,true,1,300037
7290106663091,false,"לאבנה 9 % עם שמן זית 500 גר' ""שטראוס""",הדקלאים אגודת שיתופי,IL,לאבנה 9% 500 גרם,גרמים,50000.00,100 גרם,false,12,18.90,0.0378,true,1,296856
7290106663503,false,קונפיטורה לייט תות יד מרדכי 230 גרם,אף.סי תבליני בגליל ב,IL,קונפיטורה לייט תות יד מרדכי 230 גר,גרמים,230.00,100 גרם,false,1,12.90,5.6087,true,1,243843
7290106663558,false,"רוטב טריאקי ורימון יד מרדכי 280מ""ל",אף.סי תבליני בגליל ב,IL,רוטב טריאקי רימון יד מרדכי 280 מל,גרמים,320.00,100 גרם,false,1,13.90,4.3438,true,1,294694
7290106664067,false,לאבנה עם שמן זית וזעתר 10% שטראוס 400 ג',הדקלאים אגודת שיתופי,IL,לאבנה שמן זית וזעתר 10% 400 גרם,גרמים,40000.00,100 גרם,false,12,14.90,0.0373,true,1,296855
7290106664555,false,"רוטב שמנת עם עגבניות 9% שומן 250 מ""ל יוטבתה",שטראוס גרופ,IL,רוטב שמנת עם עגבניות 9% יטבתה 250 מל,מיליליטרים,250.00,"100 מ""ל",false,1,11.90,4.7600,true,1,296226
7290106664562,false,רוטב שמנת עם פטריות 9% שומן 258 ג' יוטבתה,שטראוס גרופ,IL,רוטב שמנת פטריות 9% יטבתה 250 מל,מיליליטרים,250.00,"100 מ""ל",false,1,11.90,4.7600,true,1,245420
7290106666788,false,עלית - סוכריות נוסטלגיה דבש ממולאות 80 גרם,שטראוס גרופ,PL,סוכריות ממולאות טעם דבש 80 גר,Unknown,0.00,Unknown,false,1,5.90,0.0000,true,1,246529
7290106667266,false,"דוריטוס חמוץ חריף 185 גרם ""עלית""","שטראוס פריטו ליי בע""\מ )",IL,חטיף דוריטוס חמוץ חריף 185 גר,גרמים,185.00,100 גרם,false,1,8.00,4.3243,true,1,298614
7290106668133,false,עלית אבקת שוקולית בש,,,אבקת שוקולית 400 גר שקית,גרמים,400.00,100 גרם,false,1,12.90,3.2250,true,1,300056
7290106668577,false,"מיץ לימון טיבעי 250 מ""ל יד מרדכי",האי נאם סי או אל.טי.,IT,מיץ לימון טבעי יד מרדכי 250 מל,מיליליטרים,250.00,"100 מ""ל",false,1,7.90,3.1600,true,1,294691
7290106668713,false,יוגורט עם פירות יער 3% שומן 150 ג' דנונה,מיוצר עי קונדיטוריית,IL,דנונה פרי 3% פירות יער 150 גר,גרמים,150.00,100 גרם,false,1,3.70,2.4667,true,1,294564
7290106669857,false,קפסולות אספרסו בטעם וניל עלית 10 יחידות,הנסיך- מפעל לייצור ט,IL,קפסולות אספרסו וניל 10 יח,יחידה,10.00,יחידה,false,1,17.00,1.7000,true,1,303419
7290106720626,false,צ'יטוס קראנצ' בטעם גבינה - חלבי,"שטראוס פריטו ליי בע""\מ )",IL,חטיף ציטוס גבינה 80 גר,Unknown,0.00,Unknown,false,1,4.50,0.0000,true,1,303885
7290106721807,false,אחלה סלט חציל פיקנטי מהדרין 400ג,"שטראוס גרופ בע""מ",IL,סלט חציל פיקנטי 400 גרם,גרמים,400.00,100 גרם,false,1,10.90,2.7250,true,1,313445
7290106723689,false,עלי תרד בייבי שטראוס 200 גרם,שטראוס בריאות ירקות טריי,IL,עלי תרד בייבי 200 גרם,גרמים,200.00,100 גרם,false,1,10.00,5.0000,true,1,243887
7290106725867,false,"סירופ מייפל טבעי 189 מ""ל ""יד מרדכי""",קוסלסי פוד,CA,סירופ מייפל טהור יד מרדכי 189 מל,מיליליטרים,189.00,"100 מ""ל",false,1,22.90,12.1164,true,1,296852
7290106725966,false,מטבעות שוקולד חלבי מגדים 42 גרם,שטראוס גרופ,IL,מטבעות שוקולדחלב ברשת 42 גר,גרמים,60.00,100 גרם,false,1,5.00,8.3333,true,1,296476
7290106726161,false,דנונה פרו אפרסק2.4% 150ג,"שטראוס בריאות בע""מ",IL,דנונה וואו אפרסק 150 גרם 2.4% שומן,גרמים,150.00,100 גרם,false,1,4.90,3.2667,true,1,296877
7290106726178,false,יוגורט PRO עם פירות יער 2.4% 10 גרם חלבון בגביע,מיוצר עי קונדיטוריית,IL,דנונה וואו פירות יער 150 גרם 2.4% שומן,גרמים,150.00,100 גרם,false,1,4.90,3.2667,true,1,296875
7290106727984,false,"כיף כף פצפצים בגביע 135 גרם ""עלית""",שולן צ'\יקולטה גידה סאן.,TR,חטיף כיף כף פצפצים135 גרם,גרמים,135.00,100 גרם,false,1,10.90,8.0741,true,1,300722
7290106729421,false,עוגת בראוניז טורטית380ג,"שטראוס גרופ בע""\מ",IL,עוגת בראוניס טורטית 380 ג,גרמים,380.00,100 גרם,false,1,15.90,4.1842,true,1,307108
7290106729650,false,יוגורט עם תות מאגדת 8 יח' * 150ג' דנונה,"שטראוס גרופ בע""\מ",IL,מארז 8יח דנונה תות 3% 150 גרם,גרמים,1200.00,100 גרם,false,1,23.90,1.9917,true,1,299014
7290106770577,false,גרוסליין- בלגה ממרח חלבה 350 גרם.,"אלמונדס בע""מ",IL,ממרח חלבה בלגה 350 גרם,גרמים,300.00,100 גרם,false,12,13.90,4.6333,true,1,318015
7290106772472,false,גרוסליין - בלגה ממרח שוקולד 350 גרם,"אלמנדוס בע""מ",IL,ממרח קקאו אגוזי לוז בלגה 350 גרם,גרמים,300.00,100 גרם,false,12,13.90,4.6333,true,1,318016
7290106774001,false,שקד מולבן טחון אלמנד,"אלמונדס בע""מ",IL,שקד מולבן טחון אלמנדוס 400 גרם,גרמים,400.00,100 גרם,false,1,36.90,9.2250,true,1,323423
7290106774018,false,אבקת קקאו אלמנדוס 40,"אלמונדס בע""מ",IL,אבקת קקאו אלמנדוס 400 גרם,גרמים,400.00,100 גרם,false,1,34.90,8.7250,true,1,323424
7290106774049,false,חמאת קקאו אלמנדוס 30,"אלמונדס בע""מ",IL,חמאת קקאו אלמנדוס 300 גרם,גרמים,300.00,100 גרם,false,1,34.90,11.6333,true,1,323425
7290106774063,false,קרוקונט בוטנים אלמנד,"אלמונדס בע""מ",IL,קרוקונט בוטנים אלמנדוס 175 גרם,גרמים,175.00,100 גרם,false,1,19.90,11.3714,true,1,323427
7290106774094,false,פייטה שבבי ופל מקורמ,"אלמונדס בע""מ",IL,פייטה שבבי ופל מקורמל אלמנדוס 90 גרם,Unknown,0.00,Unknown,false,1,19.90,0.0000,true,1,323430
7290106774117,false,קוקוס קלוי אלמנדוס 1,"אלמונדס בע""מ",IL,קוקוס קלוי אלמנדוס 100 גרם,גרמים,100.00,100 גרם,false,1,13.90,13.9000,true,1,323431
7290106774124,false,שבבי שוקולד מריר אלמ,"אלמונדס בע""מ",IL,שבבי שוקולד מריר אלמנדוס 110 גרם,גרמים,110.00,100 גרם,false,1,19.90,18.0909,true,1,323432
7290106774131,false,שבבי שוקולד חלב 110 גרם,"אלמונדס בע""מ",IL,שבבי שוקולד חלב אלמנדוס 110 גרם,גרמים,110.00,100 גרם,false,1,19.90,18.0909,true,1,323433
7290106774148,false,שבבי שוקולד לבן אלמנ,"אלמונדס בע""מ",IL,שבבי שוקולד לבן אלמנדוס 110 גרם,גרמים,110.00,100 גרם,false,1,19.90,18.0909,true,1,323434
7290106774162,false,שוקולד זברה אלמנדוס,"אלמונדס בע""מ",IL,שוקולד זברה אלמנדוס 90גרם,Unknown,0.00,Unknown,false,1,22.90,0.0000,true,1,323435
7290106774179,false,תלתלי שוקולד מעורב א,"אלמונדס בע""מ",IL,תלתלי שוקולד מעורב אלמנדוס 100גרם,גרמים,100.00,100 גרם,false,1,24.90,24.9000,true,1,323436
7290106774209,false,פניני קראנץ מריר 140 גרם,"אלמונדס בע""מ",IL,פניני קראנץ מריר אלמנדוס 140 גרם,גרמים,140.00,100 גרם,false,1,24.90,17.7857,true,1,323439
7290106774223,false,סוכריות מזרה בטעם שו,"אלמונדס בע""מ",IL,סוכריות מזרה שוקולד אלמנדוס 230 גרם,גרמים,230.00,100 גרם,false,1,13.90,6.0435,true,1,323446
7290106774230,false,סוכריות מזרה צבעוני,"אלמונדס בע""מ",IL,סוכריות מזרה צבעוני אלמנדוס 230 גרם,גרמים,230.00,100 גרם,false,1,13.90,6.0435,true,1,323447
7290106774247,false,סוכר גבישי אלמנדוס 2,"אלמונדס בע""מ",IL,סוכר גבישי אלמנדוס 230 גרם,גרמים,230.00,100 גרם,false,1,19.90,8.6522,true,1,323448
7290106774254,false,סוכריות עדשים צבעוני,"אלמונדס בע""מ",IL,סוכריות עדשים צבעוני אלמנדוס 230 גרם,גרמים,230.00,100 גרם,false,1,18.90,8.2174,true,1,323449
7290106774261,false,שוקולד לבן פרווה 400 גרם,"אלמונדס בע""מ",IL,שוקולד לבן לאפיה אלמנדוס 400 גרם,גרמים,400.00,100 גרם,false,1,39.90,9.9750,true,1,323450
7290106774278,false,שוקולד מריר 55% אלמנ,"אלמונדס בע""מ",IL,שוקולד מריר 55% אלמנדוס 500 גרם,גרמים,500.00,100 גרם,false,1,29.90,5.9800,true,1,323451
7290106774285,false,שוקולד מריר 60% 500 גרם,"אלמונדס בע""מ",IL,שוקולד מריר 60% אלמנדוס 500 גרם,גרמים,500.00,100 גרם,false,1,39.90,7.9800,true,1,323456
7290106774308,false,שוקולד חלב לאפיה אל,"אלמונדס בע""מ",IL,שוקולד חלב לאפיה אלמנדוס 500 גרם,גרמים,500.00,100 גרם,false,1,42.90,8.5800,true,1,323457
7290106774315,false,שוקולד לבן לאפיה אלמ,"אלמונדס בע""מ",IL,שוקולד לבן לאפיה אלמנדוס 500 גרם,גרמים,500.00,100 גרם,false,1,42.90,8.5800,true,1,323459
7290106774322,false,שוקולד מריר לאפיה ל.,"אלמונדס בע""מ",IL,שוקולד מריר לאפיה ל.ס. אלמנדוס 500 גרם,גרמים,400.00,100 גרם,false,1,44.90,11.2250,true,1,323460
7290106774339,false,שוקולד צ'יפס מריר 500 גרם,"אלמונדס בע""מ",IL,שוקולד ציפס מריר אלמנדוס 500 גרם,גרמים,500.00,100 גרם,false,1,39.90,7.9800,true,1,323461
7290106775053,false,מחית נוגט פרווה אלמנדוס,"אלמנדוס בע""מ",IL,מחית נוגט אלמנדוס400 גרם,גרמים,400.00,100 גרם,false,1,24.90,6.2250,true,1,322585
7290106775091,false,מחית פיסטוק אלמנדוס,שקד תבור,IL,מחית פיסטוק אלמנדוס 200 גרם,גרמים,200.00,100 גרם,false,1,39.90,19.9500,true,1,323462
7290107020336,false,יין ליזה שרדונה 2018,,,יין ליזה שרדונה 2018 750 מל,מיליליטרים,750.00,"100 מ""ל",false,1,119.00,15.8667,true,1,320003
7290107020572,false,"יין אלכסנדר סנדרו בלנד 750 מ""ל",,,יין סנדרו בלנד 2017 750 מל,מיליליטרים,750.00,"100 מ""ל",false,6,100.00,13.3333,true,1,320979
7290107020794,false,יין אלכסנדר רזרב קבר,אגדת,IL,יין אלכסנדר רזרב ק.סובניון 750 מל,מיליליטרים,750.00,"100 מ""ל",false,6,149.00,19.8667,true,1,319999
7290107021876,false,יין אלכסנדר רזרב גסט,אגדת,IL,יין אלכסנדר רזרב גסטו 750 מל,מיליליטרים,750.00,"100 מ""ל",false,6,149.00,19.8667,true,1,319997
7290107021890,false,"יין אלכסנדר רזרב קברנה פרנק 750 מ""ל",אגדת,IL,יין אלכסנדר רזרב קברנה פרנק 750 מל,מיליליטרים,750.00,"100 מ""ל",false,6,149.00,19.8667,true,1,320006
7290107280020,false,שלישיית מטליות לחות לניקוי כללי סנו סושי 50 יחידות,טרופיקל דגיל- תעשיות,IL,מארז 3 יח מטליות לחות לניקוי סושי 150יח,יחידה,150.00,יחידה,false,1,22.90,0.1527,true,1,236985
7290107280037,false,מטלית לחות עבות לניקוי סנו סושי מארז 50יח',דינאמיק תעשיות,IL,מטליות לחות לניקוי כללי סנו סושי 50יח,יחידה,50.00,יחידה,false,1,11.90,0.2380,true,1,236984
7290107280341,false,ריצפז מטליות לחות לניקוי הרצפה בניחוח מלון מפנק,"סנו מפעלי ברונוס סע""",IL,מטליות סנו ריצפז פרש מלון מפנק 40*70 סמ,יחידה,10.00,יחידה,false,1,14.90,1.4900,true,1,320346
7290107280389,false,"סנו - ג'ט מרסס לניקוי בחדר האמבטיה 750 מ""ל","איי, בי, אינבוו",IL,סנו גט לאמבט ה 750 מל,מיליליטרים,750.00,"100 מ""ל",false,1,11.90,1.5867,true,1,238979
7290107280396,false,"סנו - ג'ט מרסס לניקוי יסודי במטבח 750 מ""ל","סנו מפעלי ברונוס בע""",IL,"סנו גט למטבח 750 מ""ל",מיליליטרים,750.00,"100 מ""ל",false,1,12.90,1.7200,true,1,238277
7290107280563,false,ג'ל אוקסיג'ן בייבי סנו 3 ליטר,"איי, בי, אינבוו",IL,גל מסיר כתמים אוקסיגן בייבי 3 ליטר,ליטרים,3.00,ליטר,false,1,30.90,10.3000,true,1,243466
7290107280570,false,סנו - מקסימה ג'ל כביסה מרוכז לכביסה צבעונית 3 ליטר,מיוצר עי קונדיטוריית,IL,גל כביסה מקסימה לכבס בלי להפריד 3 ליטר,ליטרים,3.00,ליטר,false,1,29.90,9.9667,true,1,243465
7290107280587,false,שלישיית סנובון מוצק דאבל אקשן פריחה ורודה 55 גרם,סנו מפעלי ברונו בעמ,IL,סבון אסלה סנובון דאבל אקשן פרחים שלישייה,יחידה,3.00,יחידה,false,1,11.90,3.9667,true,1,296090
7290107280600,false,טבליות למדיח סנו ספארק 100 טבליות במארז,גרופה אינקו,PL,טבליות למדיח ספארק 100 טבליות,יחידה,100.00,יחידה,false,1,49.90,0.4990,true,1,311043
7290107280655,false,"אבקת כביסה בייבי סנו מקסימה 3.25 ק""ג",סנו מקסימה,IL,אבקת כביסה מקסימה בייבי 3.25 קג,קילוגרמים,3.25,"ק""ג",false,1,36.90,11.3538,true,1,244157
7290107280761,false,נוזל לניקוי כלים בניחוח לימון רענן סנו ספארק Spark,מיוצר עי קונדיטוריית,IL,נוזל כלים סנו ספארק לימון משאבה 1 ליטר,ליטרים,1.00,ליטר,false,1,11.90,11.9000,true,1,244444
7290107280822,false,סנו ריצפז פרש הום 2 ליטר בניחוח ספא,"סנו מפעלי ברונוס בע""\מ",IL,נוזל ריצפז פרש הום 2 ליטר ספא מרגיע סנו,ליטרים,2.00,ליטר,false,1,21.90,10.9500,true,1,245311
7290107544481,false,קרם להסרת שיער אורנה 19 80 ג',אלפא קוסמטיקה,IL,קרם להסרת שיער אורנה 19 80גר,Unknown,0.00,Unknown,false,1,15.90,0.0000,true,1,333992
7290107544498,false,קרם להסרת שיער לקו ביקיני אורנה 19 80 ג',אלפא קוסמטיקה,IL,קרם להסרת שיער אורנה 19 קו ביקיני,Unknown,0.00,Unknown,false,1,15.90,0.0000,true,1,333993
7290107544504,false,קרם להסרת שיער לעור רגיש אורנה 19 80 ג',אלפא קוסמטיקה,IL,קרם להסרת שיער אורנה 19 לעור רגיש 80גר,Unknown,0.00,Unknown,false,1,15.90,0.0000,true,1,333991
7290107544511,false,קרם להסרת שיער לנעורת אורנה 19 80 ג',אלפא קוסמטיקה,IL,קרם להסרת שיער אורנה 19 נערות 80גר,Unknown,0.00,Unknown,false,1,15.90,0.0000,true,1,333990
7290107601696,false,פנס מנורת חירום לד ס,,CN,פנס מנורת חירום לד סולארי מרובע,יחידה,1.00,יחידה,false,1,49.90,49.9000,true,1,320430
7290107645584,false,אבקת מרק עוף אמיתי רכיבים טבעיים 400 גרם - רבנות,יוניליוור ישראל מזון בע\,IL,מרק עוף קנור רכבים טבעיים 400 גר,גרמים,400.00,100 גרם,false,1,21.90,5.4750,true,1,312065
7290107645591,false,אבקת מרק בטעם עוף 100% רכיבים טבעיים 400 גרם,יוניליוור ישראל מזון בע\,IL,מרק טעם עוף קנור רכיבים טבעיים 400 ג,גרמים,400.00,100 גרם,false,1,16.90,4.2250,true,1,312066
7290107646062,false,אבקת מרק בצל רכיבים טבעיים קנור 400 ג',יוניליוור ישראל מזון בע\,IL,מרק בצל קנור רכיבים טבעיים 400 גר,גרמים,400.00,100 גרם,false,1,19.90,4.9750,true,1,312064
7290107646147,false,"חטיף שוגי קורנפלקס תלמה 156 גרם מארז 6 יחידות בד""צ",יוניליוור ישראל מזון בעמ,IL,חטיף דגנים שוגי 6 יח 156 גרם,גרמים,156.00,100 גרם,false,1,12.90,8.2692,true,1,312057
7290107646154,false,"חטיף קוקומן פצפוצים תלמה 126 גרם מארז 6 יחידות בד""צ",יוניליוור ישראל מזון בעמ,IL,חטיף דגנים קוקומן שוקו 6 יח 126 גרם,גרמים,126.00,100 גרם,false,1,12.90,10.2381,true,1,312058
7290107646383,false,סיף מטליות לחות לניקוי רצפות בניחוח לימו,עלבד משואות יצחק בעמ,IL,מטליות לחות לניקוי רצפות 10יח,יחידה,10.00,יחידה,false,1,12.90,1.2900,true,1,306727
7290107646826,false,"חטיף שוגי שוקו תלמה 156 גרם מארז 6 יחידות בד""צ",יוניליוור ישראל מזון בעמ,IL,חטיף דגנים שוגי שוקו 6 יח 156 גרם,גרמים,156.00,100 גרם,false,1,12.90,8.2692,true,1,312059
7290107646833,false,תלמה שוגי חטיף דגנים פצפוצי שוקולד שישי,יוניליוור ישראל מזון בעמ,IL,חטיף דגנים שוגי שוקולד חלב 6 יח 138 גרם,גרמים,138.00,100 גרם,false,1,12.90,9.3478,true,1,312060
7290107646895,false,קנור - רוטב פסטה נפוליטנה 415 גרם חתם סופר,קונסורזיו קאסאלאסקו דל פ,IT,רוטב פסטה קנור נפוליטנה 415 גר,גרמים,415.00,100 גרם,false,1,12.90,3.1084,true,1,309602
7290107646918,false,רוטב עגבניות ופלפלים לשקשוקה 415 ג' קנור,קונסורזיו קאסאלאסקו דל פ,IT,רוטב שקשוקה קנור 415 גר,גרמים,415.00,100 גרם,false,1,12.90,3.1084,true,1,309603
7290107647359,false,דומסטוס סבון אסלה 5 הפועלות בניחות אוקיינוס 3 יח' * 55 ג',יוניליוור ניקיון,PL,סבון אסלה דומסטוס בניחוח אוקינוס שלישייה,יחידה,3.00,יחידה,false,1,17.90,5.9667,true,1,311452
7290107647366,false,דומסטוס סבון אסלה 5 הפועלות בניחות ליים 3 יח' * 55 ג',יוניליוור ניקיון,PL,סבון אסלה דומסטוס בניחוח ליים שלישייה,יחידה,3.00,יחידה,false,1,17.90,5.9667,true,1,311451
7290107647748,false,שוגי פיצי מתיק.מעודנת500,יוניליוור ישראל מזון בעמ,IL,דגני בוקר פיצי 500 גר בדץ,גרמים,500.00,100 גרם,false,1,19.90,3.9800,true,1,309092
7290107647816,false,"דגני ברנפלקס ללא תוספת סוכר 500 גרם בד""צ",יוניליוור ישראל מזון בעמ,IL,דגני ברנפלקס ללא סוכר 500 ג בד,גרמים,500.00,100 גרם,false,1,19.90,3.9800,true,1,309089
7290107647823,false,"ברנפלקס פתיתי חיטה מלאה וסובין 500 גרם ""תלמה""",יוניליוור ישראל מזון בעמ,IL,דגני ברנפלקס 500 גרם בדצ,גרמים,500.00,100 גרם,false,1,19.90,3.9800,true,1,309088
7290107647854,false,"שוגי מופחת סוכר תלמה 500 ג' בד""צ",יוניליוור ישראל מזון בעמ,IL,דגני בוקר שוגי20%מופחת סוכר 500 גר,גרמים,500.00,100 גרם,false,1,19.90,3.9800,true,1,309086
7290107648974,false,קנור רוטב לפסטה עגבניות עם בזיליקום,קונסורזיו קאסאלאסקו דל פ,IL,רוטב פסטה פומודורו קנור 415 גר,גרמים,415.00,100 גרם,false,1,12.90,3.1084,true,1,315341
7290107648981,false,רוטב עגבניות קלאסי פומודורו 415 ג' קנור,מיוצר עי קונסורזייו,IT,רוטב פומודורו קנור 415 גר,גרמים,415.00,100 גרם,false,1,12.90,3.1084,true,1,312062
7290107649100,false,בייגלה טבעות שומשום 300 גרם.,בייגל את בייגל מזון 198),IL,בייגלה טבעות שומשום 300 גר,גרמים,300.00,100 גרם,false,1,10.90,3.6333,true,1,315661
7290107649605,false,קליק אקסטרא לארג שוקולד חלב עם פתיתי תירס ודגנים,יוניליוור ישראל מזון בעמ,IL,שוקולד קליק קורנפלקס 85 ג,Unknown,0.00,Unknown,false,1,5.90,0.0000,true,1,312958
7290107870047,false,טילון אקסטרים115-120 גרם ענק נסטלה 120 גרם,תות תעשיות מזון (201,IL,טילון אקסטרים בראוניז ענק,יחידה,1.00,יחידה,false,1,12.00,12.0000,true,1,302675
7290107871297,false,אוסם - מיני פריכונים עשבי תיבול 25 גרם,"פרח תעשיות מזון בע""מ.",IL,חטיפי מיני פריכונים עשבי תיבול 25 גר,Unknown,0.00,Unknown,false,16,4.30,0.0000,true,1,245236
7290107871532,false,מאגדת קרחוני מלון דובדבן נסטלה 10 יחידות,גלידות נסטלה )נגה גלידות,IL,מאגדת שלגון מלון דובדבן 10 יח,יחידה,10.00,יחידה,false,1,16.90,1.6900,true,1,244832
7290107871723,false,פריכיות גדול שוקו100כשלפ,מיוצר עי קונדיטוריית,BE,פריכיות פיטנס שוקולד חלב כשלפ 100 גר,גרמים,100.00,100 גרם,false,1,8.90,8.9000,true,1,310760
7290107871990,false,"פסטה צינורות 500 גרם ""אסם""",פסטה זארה,IT,פסטה צינורות אסם 500 גרם,גרמים,500.00,100 גרם,false,12,5.90,1.1800,true,1,242281
7290107874427,false,אוסם - מיני פריכונים זעתר 25 גרם,"פרח תעשיות מזון בע""מ.",IL,חטיפי מיני פריכונים זעתר 25 גר,Unknown,0.00,Unknown,false,16,4.30,0.0000,true,1,245238
7290107874441,false,פריכונים מיני בצל מקורמל 25 גרם אסם,"פרח תעשיות מזון בע""מ.",IL,חטיפי מיני פריכונים בצל מקורמל 25 גר,Unknown,0.00,Unknown,false,1,4.30,0.0000,true,1,245237
7290107874502,false,ביסלי גריל קדמ. מארז אחיד 10 4*55 גרם,מיוצר עי קונדיטוריית,IL,מארז 4 יח ביסלי גריל 55 ג,גרמים,220.00,100 גרם,false,10,12.50,5.6818,true,1,299503
7290107875271,false,ביסלי ברביקיו קדמ. מארז אחיד10 4*55 גרם,"אסם השקעות בע""\מ",IL,מארז 4 יח ביסלי ברביקיו 55 ג,גרמים,220.00,100 גרם,false,10,12.50,5.6818,true,1,299504
7290107875400,false,גלידה לה קרמריה פיסטוק מוקה 1.4 ל' נסטלה,גלידות נסטלה )נגה גלידות,IL,גל. לה קרמריה פיסטוק מוקה 1.4 ליטר,מיליליטרים,1400.00,"100 מ""ל",false,1,18.90,1.3500,true,1,244399
7290107875820,false,קרוטונים אפויים בתיבול ביתי אוסם 180 ג',עינת תעשיות מזון,IL,קרוטונים אפויים תיבול ביתי180גר,גרמים,180.00,100 גרם,false,12,11.90,6.6111,true,1,244767
7290107877619,false,מארז במבה במילוי קרם נוגט 5*30ג' אסם,"אסם השקעות בע""\מ",IL,מארז 5 יח חטיף במבה במילוי נוגט 30גר,גרמים,150.00,100 גרם,false,1,13.90,9.2667,true,1,311003
7290107879132,false,פריכיות פיטנס מיני פריכיות שוקולד חלב 22 ג',כרמית,IL,פריכיות מיני פיטנס שוקולד חלב 22 גר,Unknown,0.00,Unknown,false,18,5.50,0.0000,true,1,306784
7290107879521,false,קרחוני לה פרוטה La Frutta תות שדה - 5 יח',גלידות נסטלה )נגה גלידות,IL,מאגדת לה פרוטה תות 5יח,יחידה,5.00,יחידה,false,1,25.90,5.1800,true,1,298624
7290107879569,false,קרחון לה פרוטה שרבט מנגו מאגדת 5יח',גלידות נסטלה )נגה גלידות,IL,מאגדת לה פרוטה מנגו 5יח,יחידה,5.00,יחידה,false,1,25.90,5.1800,true,1,298625
7290107930321,false,קונפיטורת יד מרדכי דובדובן 340 גרם,"בית אל מזון בע""מ",IL,קונפיטורה דובדבן 340 גר יד מרדכי,גרמים,340.00,100 גרם,false,1,13.90,4.0882,true,1,295673
7290107931397,false,כיף כף פצפוצים במילוי שוקולד 40 גרם,שולן צ'\יקולטה גידה סאן.,TR,חטיף כיף כף פצפצים 40 גר,Unknown,0.00,Unknown,false,1,5.50,0.0000,true,1,299278
7290107931465,false,אנרגי פריכיות תחתית שוקולד לבן 80 גרם,"שטראוס גרופ בע""\מ",IL,פרכיות אנרגי שוקולד לבן70 גר,גרמים,70.00,100 גרם,false,1,7.90,11.2857,true,1,297813
7290107932080,false,חלב מועשר יוטבתה בבקבוק 3% 1 ליטר,מחלבת יטבתה,IL,חלב מועשר 1 ליטר 3% בקבוק,ליטרים,1.00,ליטר,false,12,7.90,7.9000,true,1,296880
7290107932134,false,חלב מועשר יוטבתה בבקבוק 1% 1 ליטר,מחלבת יטבתה,IL,חלב מועשר 1 ליטר 1% בקבוק,ליטרים,1.00,ליטר,false,1,7.90,7.9000,true,1,296881
7290107933155,false,לקט סלנובה שטראוס 200 גרם,שטראוס בריאות ירקות טריי,IL,לקט סלנובה 200 גרם אחלה,גרמים,200.00,100 גרם,false,1,12.00,6.0000,true,1,298416
7290107933193,false,שטראוס סלק מבושל בוו,לס לגוסודה סנצונוניו,IL,סלק מבושל 500 גרם אחלה,גרמים,500.00,100 גרם,false,1,8.90,1.7800,true,1,297191
7290107933315,false,חלב יטבתה בבקבוק דל לוקטוז,מחלבת יטבתה,IL,חלב דל לקטוז 1 ליטר 2% בקבוק,ליטרים,1.00,ליטר,false,12,7.90,7.9000,true,1,296883
7290107933643,false,"משקה יטבתה חלב ודגנים ובננה 250מ""ל",מחלבת יטבתה,IL,משקה חלב דגנים ותות 250 גרם יטבתה,גרמים,250.00,100 גרם,false,9,4.50,1.8000,true,1,299010
7290107933650,false,ארוחה קטנה בבקבוק תות250,מחלבת יטבתה,IL,משקה חלב דגנים ובננה 250 גרם יטבתה,גרמים,250.00,100 גרם,false,9,4.50,1.8000,true,1,299009
7290107936309,false,דנונה יוגורט 7% יווני לבן 130 ג',"שטראוס בריאות בע""מ",IL,יוגורט דנונה יווני לבן 120 גר,גרמים,120.00,100 גרם,false,24,3.50,2.9167,true,1,301913
7290107936460,false,מארז 8 יח' דנכול משקה יוגורט בטעם מעודן,מיוצר עי קונדיטוריית,IL,מארז שמיניית דנכול דנונה 100 גרם,גרמים,800.00,100 גרם,false,6,29.90,3.7375,true,1,299011
7290107936958,false,עד חצות ביסקוויט אצבעות שוקולד 125 גרם,ביסקוויטס טור ד'\אלבון,FR,ביסקויט עד חצות אצבעות 125 גר,גרמים,125.00,100 גרם,false,1,11.50,9.2000,true,1,309113
7290107936965,false,עיגולים עד חצות עם שוקולד חלב 225 גר,ביסקווטרי עוגיות סנט,FR,ביסקויט עד חצות עיגולים 225 גר,גרמים,225.00,100 גרם,false,1,13.90,6.1778,true,1,309112
7290107937498,false,חרדל דיז'ון+גרגירים350ג,אי.די.סי,FR,חרדל דיזון עם גרגירים יד מרדכי 370 גרם,גרמים,370.00,100 גרם,false,1,10.90,2.9459,true,1,300042
7290107937542,false,משקה יוגורט אקטיביה עם תות 1.2% שומן,מיוצר עי קונדיטוריית,IL,משקה דנונה אקטיביה תות 250 מל,מיליליטרים,250.00,"100 מ""ל",false,12,5.40,2.1600,true,1,299550
7290107937627,false,מסטיק מאסט Must קוביות ללא סוכר בטעם מנטה עדינה,אסקום קונפקשיין,DE,מסטיק מאסט קוביות ספירמנט 58 גר,Unknown,0.00,Unknown,false,1,10.00,0.0000,true,1,301870
7290107937634,false,צנצנית מסטיק מאסט קוביות פפירמינט 58 ג' עלית,אסקום קונפקשיין,DE,מסטיק מאסט קוביות פפירמנט 58 גר,Unknown,0.00,Unknown,false,1,10.00,0.0000,true,1,301871
7290107937641,false,צנצנת מסטיק בזוקה קוביות ללא סוכר,אסקום קונפקשיין,DE,מסטיק בזוקה קוביות קלאסי 58 גר,Unknown,0.00,Unknown,false,1,10.00,0.0000,true,1,301869
7290107937856,false,קפסולות 11חזק למכונות נספרסו עלית 10יח',הנסיך- מפעל לייצור ט,IL,קפסולות אספרסו חזק במיוחד 10 יח,יחידה,10.00,יחידה,false,1,17.00,1.7000,true,1,301217
7290107938396,false,שמיניית אקטימל תות דיסני בנים 108 גרם,מיוצר עי קונדיטוריית,IL,משקה אקטימל תות 8יח 108גר,גרמים,864.00,100 גרם,false,6,22.40,2.5926,true,1,300360
7290107939027,false,גזר דק דק שטראוס 250 גרם,שטראוס בריאות ירקות טריי,IL,גזר חתוך דק דק 250 גרם שטראוס אחלה,גרמים,250.00,100 גרם,false,1,5.90,2.3600,true,1,301902
7290107940030,false,חומוס אחלה 650 גרם,שטראוס גרופ,IL,חומוס 650 גר אחלה,גרמים,650.00,100 גרם,false,6,8.90,1.3692,true,1,310962
7290107940467,false,אקטיביה יוגורט 1.5% שומן 200 ג' דנונה,מיוצר עי קונדיטוריית,IL,יוגורט דנונה אקטיביה קרמי 1.5% 200גר,גרמים,200.00,100 גרם,false,24,3.90,1.9500,true,1,300347
7290107941259,false,"עדשים ירוקות מבושלות 475 גרם ""טעם הטבע",הורקסה לס לגונס דה ס,ES,עדשים ירוקות מבושלות 475 גרם אחלה,גרמים,475.00,100 גרם,false,1,9.90,2.0842,true,1,302374
7290107941266,false,שעועית אדומה מבושלת שטראוס 475 גרם,הורקסה לס לגונס דה ס,ES,שעועית אדומה מבושלת 475 גרם אחלה,גרמים,475.00,100 גרם,false,1,9.90,2.0842,true,1,302375
7290107941273,false,חומוס מבושל שטראוס 475 גרם,הורקסה לס לגונס דה ס,ES,חומוס מבושל 475 גרם אחלה,גרמים,475.00,100 גרם,false,1,9.90,2.0842,true,1,302373
7290107942232,false,מעדן ספלנדיד שוק.חלב130ג,מיוצר עי קונדיטוריית,IL,מעדן ספלנדיד שוקולד חלב 130 גרם,גרמים,130.00,100 גרם,false,1,3.40,2.6154,true,1,301922
7290107942355,false,תפוציפס מקלות בטעם טבעי 60 גרם,"שטראוס פריטו ליי בע""",IL,תפוציפס מקלות טבעי 60 גרם,Unknown,0.00,Unknown,false,1,4.30,0.0000,true,1,302040
7290107943192,false,"שמנת חמוצה מהערבה 27% שומן 200 מ""ל יטבתה",מחלבת יטבתה,IL,שמנת חמוצה מהערבה 27% 200 גר יטבתה,גרמים,200.00,100 גרם,false,15,4.50,2.2500,true,1,309124
7290107943369,false,קוואקר שיבולת שועל ללא גלוטן 511 גרם,היידי שוקולד בירונטי,US,שבולת שועל להכנה מהירה ללא גלוטן 511 גר,גרמים,511.00,100 גרם,false,1,18.90,3.6986,true,1,308081
7290107944380,false,אגוזי 45 גרם כשר לפסח,"שטראוס גרופ בע""\מ",IL,חטיף אגוזי כשלפ 45 גר,Unknown,0.00,Unknown,false,1,5.00,0.0000,true,1,302763
7290107944472,false,סימפוניה גבינה במרקם שמנת 5% שום שמיר,"שטראוס בריאות בע""\מ",IL,גב.סימפוניה שום שמיר 5% 200 גרם,גרמים,200.00,100 גרם,false,1,11.90,5.9500,true,1,302367
7290107945165,false,קונפיטורת משמש יד מרדכי 340 גרם,אף.סי תבליני בגליל ב,IL,קונפיטורה משמש יד מרדכי 340 גר,גרמים,340.00,100 גרם,false,6,13.90,4.0882,true,1,303483
7290107947466,false,אנרג'י מצופה טעמי 24*6ג,"שטראוס גרופ בע""\מ",IL,חטיפי אנרגי מצופה טעמי 10 יח 168 גר,יחידה,6.00,יחידה,false,1,13.90,2.3167,true,1,313421
7290107947992,false,שוקולד פרה אקסטרא חל,"שטראוס גרופ בע""\מ",IL,שוקולד פרה אקסטרא חלב 100 גר,גרמים,100.00,100 גרם,false,1,6.90,6.9000,true,1,313913
7290107950183,false,מעדן דיאט בטעם וניל 130ג,"שטראוס בריאות בע""מ",IL,מעדן דיאט וניל 130גרם 0% שומן שטראוס,גרמים,130.00,100 גרם,false,24,3.40,2.6154,true,1,301916
7290107950190,false,מעדן חלב דל קלוריות בטעם שוקולד מריר 0.5% שומן,מיוצר עי קונדיטוריית,IL,מעדן דיאט שוקולד מריר 130גר 0.5% שומן,גרמים,130.00,100 גרם,false,24,3.40,2.6154,true,1,301918
7290107950206,false,מעדן חלב דל קלוריות בטעם שוקולד 0% שומן,מיוצר עי קונדיטוריית,IL,מעדן דיאט שוקולד 130גרם 0% שומן שטראוס,גרמים,130.00,100 גרם,false,24,3.40,2.6154,true,1,301917
7290107951104,false,בפלות ופלים ארוכים בטעם שוקולד,"שטראוס גרופ בע""\מ",IL,בפלות שוקולד עלית200 גרם,גרמים,200.00,100 גרם,false,1,4.70,2.3500,true,1,302310
7290107951111,false,בפלות ופלים ארוכים בטעם לימון,"א.ג. גילרו בע""\מ",IL,בפלות לימון עלית 200 גרם,גרמים,200.00,100 גרם,false,1,4.70,2.3500,true,1,302309
7290107951586,false,"מיקס חטיפ.מתוק.כשל""פ390ג","שטראוס גרופ בע""\מ",IL,חטיף מיני מיקס מעורב ירוק 390 ג משפחתי,גרמים,390.00,100 גרם,false,1,24.90,6.3846,true,1,302755
7290107951623,false,שוקולד פרה בלונדי קרמל ומלח,"שטראוס גרופ בע""\מ",IL,שוקולד פרה בלונג קרמל מלוח 100 גרם,גרמים,100.00,100 גרם,false,1,7.90,7.9000,true,1,308529
7290107951715,false,צנצנת מסטיק מאסט קוביות בטעם ענבים 58 ג' עלית,אסקום קונפקשיין,IL,מסטיק מאסט קוביות ענבים 58 גר,Unknown,0.00,Unknown,false,1,10.00,0.0000,true,1,303482
7290107953559,false,"מארז קפה טורקי עלית לדרך כשל""פ 168 גרם",הנסיך- מפעל לייצור ט,IL,קפה טורקי לדרך 24 יח 168 גרם,יחידה,24.00,יחידה,false,8,20.00,0.8333,true,1,302848
7290107954457,false,בראוניז פסק זמן 380 גרם,"שטראוס גרופ בע""\מ",IL,עוגת בראוניס פסק זמן 380 ג,גרמים,380.00,100 גרם,false,1,15.90,4.1842,true,1,307492
7290107954709,false,"קונפיטורת פירות יער ""יד מרדכי"" 340 גר'","ב.א. מזון בע""\מ",IL,קונפיטורה פירות יער יד מרדכי 340 גר,גרמים,340.00,100 גרם,false,1,13.90,4.0882,true,1,307115
7290107954976,false,"משקה יטבתה חלבון פרו קפה 350מ""ל",מחלבת יטבתה,DE,משקה פרו קפה 350 מל 25גר חלבון יטבתה,מיליליטרים,350.00,"100 מ""ל",false,12,6.50,1.8571,true,1,307520
7290107955768,false,"שוקולד פרה חלב ללת""ס100ג","שטראוס גרופ בע""\מ.",IL,שוקולד פרה חלב ל.ס. 100 גרם,גרמים,100.00,100 גרם,false,1,8.50,8.5000,true,1,312384
7290107955782,false,"שוקולד פרה מריר ללת""ס100","שטראוס גרופ בע""\מ.",IL,שוקולד פרה מריר ל.ס 100 גרם,גרמים,100.00,100 גרם,false,1,8.50,8.5000,true,1,312383
7290107956543,false,דבש טהור מפרחי בר 900 ג' יד מרדכי,STRAUSS-ISRAEL,IL,דבש טהור 900 גר יד מרדכי,גרמים,900.00,100 גרם,false,1,39.90,4.4333,true,1,311370
7290107956642,false,"תרסיס שמן זית 150 מ""ל יד מרדכי כשלפ",פארייפאבה אגרואינדוס,ES,תרסיס שמן זית יד מרדכי 150 גרם,גרמים,150.00,100 גרם,false,1,16.90,11.2667,true,1,312593
7290107956895,false,קפסולות 07 אספרסו בטעם קרמל עלית 10יח',שטראוס קפה בי.וי.,IL,קפסולות אספרסו קרמל 10 יח,יחידה,10.00,יחידה,false,1,17.00,1.7000,true,1,312398
7290107956901,false,קפסולות בטעם אגוזים למכונת נספרסו עלית 10 יחידות,שטראוס קפה בי.וי.,IL,קפסולות אספרסו טעם אגוזים 10 יח,יחידה,10.00,יחידה,false,1,17.00,1.7000,true,1,309832
7290107956925,false,קפסולות 13 אוגנדה למכונת נספרסו עלית 10יח',שטראוס קפה בי.וי.,IL,קפסולות אספרסו 13 אוגנדה 10 יח,יחידה,10.00,יחידה,false,1,17.00,1.7000,true,1,314781
7290107956932,false,קפסולות אספרסו אידונזיה למכונות 50 גר,שטראוס קפה בי.וי.,IL,קפסולות אספרסו 12 אנדוניזיה 10 יח,יחידה,10.00,יחידה,false,1,17.00,1.7000,true,1,309102
7290107957069,false,"מסטיק ע""למה ""בטעם אוכניות 66 גרם צנצנת ""עלית""","שטראוס גרופ בע""\מ",IL,מסטיק עלמה קוביות אוכמניות 66 גרם,Unknown,0.00,Unknown,false,1,10.00,0.0000,true,1,309144
7290107957076,false,"מסטיק ""עלמה"" בטעם ספירמנט 66 גרם צנצנת ""עלית""","שטראוס גרופ בע""\מ",IL,מסטיק עלמה קוביות ספירמנט 66 גרם,Unknown,0.00,Unknown,false,1,10.00,0.0000,true,1,309145
7290107957113,false,גבינת סימפוניה 5% עם זיתים פיקנטים 200 גרם,"שטראוס בריאות בע""\מ",IL,גבינת סימפוניה זיתים פיקנטיים 5% 200גר,גרמים,200.00,100 גרם,false,1,11.90,5.9500,true,1,314786
7290107957229,false,שוקולד צ'יפס מריר מעולה לאפיה עלית 250 ג',"פוליבה בע""מ",IL,נטיפי פרה שוקולד ציפס 50% מריר 250 גרם,גרמים,250.00,100 גרם,false,1,11.90,4.7600,true,1,312392
7290107957991,false,מילקי CAKE מיניס קרם חלב בציפוי שוקולד חלב שקית 16X9ג',בובארד איטליה אס.פי.איי,IT,מארז עוגת מילקי מיני 9יח 16גר,גרמים,144.00,100 גרם,false,6,11.90,8.2639,true,1,314249
7290107958035,false,יוגורט במתיקות מעודנת 2% ללא תוספת סוכר- מארז 8 יח,"שטראוס בריאות בע""\מ",IL,מארז 8 יח דנונה מתיקות מעודן ללא סוכר120,גרמים,960.00,100 גרם,false,1,19.20,2.0000,true,1,309910
7290107958639,false,"מטבוחה מרוקאית חריפה 400 גרם ""אחלה""",מיוצר עי קונדיטוריית,IL,סלט מטבוחה מרוקאית חריפה 400 גר אחלה,גרמים,400.00,100 גרם,false,1,16.90,4.2250,true,1,309897
7290107958653,false,חומוס 9% שומן 400 גרם,"שטראוס גרופ בע""\מ",IL,סלט חומוס 9% 400גרם אחלה,גרמים,400.00,100 גרם,false,1,8.90,2.2250,true,1,310971
7290107959056,false,סום מעדן שומשום בטעם שוקולד,"שטראוס גרופ בע""\מ",IL,מעדן סום טחינה שוקולד 125גר,גרמים,125.00,100 גרם,false,24,4.30,3.4400,true,1,315621
7290107971522,false,חטיף בוטנים ושקדים עם שוקולד מריר ופיסטוק,אמקו סאם מילס ספול.,CZ,חטיף פרי ללא גלוטן בוטנים שקד5 יח140 גר,גרמים,140.00,100 גרם,false,1,16.90,12.0714,true,1,299474
7290107971539,false,חטיף בוטנים וקשיו עם שוקולד מריר ללא גלוטן,אמקו סאם מילס ספול.,CZ,חטיף פרי ללא גלוטן בוטנים קשיו5 יח140 גר,גרמים,140.00,100 גרם,false,1,16.90,12.0714,true,1,299473
7290107972307,false,"משחה להלבנת שיניים ריסטור אופטיק ווייט קולגייט 75 מ""ל",הנסיך- מפעל לייצור ט,PL,משחת שיניים קולגייט אופטיק וויט אנד 75מל,Unknown,0.00,Unknown,false,1,25.90,0.0000,true,1,303184
7290107973014,false,"סבון ידיים משאבה פלמוליב חלב ודבש 300 מ""ל",הנסיך- מפעל לייצור ט,TR,סבון ידיים פלמוליב חלב ודבש 300 מל,מיליליטרים,300.00,"100 מ""ל",false,1,11.90,3.9667,true,1,300378
7290107973038,false,"סבון ידיים משאבה פלמוליב אקווריום 300 מ""ל",הנסיך- מפעל לייצור ט,IT,סבון ידיים פלמוליב אקווריום 300 מל,מיליליטרים,300.00,"100 מ""ל",false,1,11.90,3.9667,true,1,300377
7290107973311,false,קולגייט מברשת שיניים 360 פחם זהב זוג,הנסיך- מפעל לייצור ט,CN,זוג מב.שינים קולגייט 360 יום פחם זהב,Unknown,0.00,Unknown,false,1,32.90,0.0000,true,1,299129
7290107973861,false,מאסטר שף עגבניות קצוצות דק שלישיה 400ג*3 כשלפ,קונסרזיו קאסאלאסקו ד,IT,מארז 3 יח עגבניות חתוכות מאסטר שף 400 גר,גרמים,1200.00,100 גרם,false,1,16.90,1.4083,true,1,301256
7290107974066,false,"עלי טורטיה קמח מלא 20ס""מ 8יח' מאסטר שף 320ג'",אלקאטי קורביישיסי גי,ES,עלי טורטיה 5 דגנים 8 יח 320 גר,גרמים,320.00,100 גרם,false,1,10.90,3.4063,true,1,300248
7290107974073,false,מנה עלי טורטיה קמח לבן מ.שף 20 סמ 320 גר,אלקאטי קורביישיסי גי,ES,עלי טורטיה קמח לבן 20 יח 320 גר,גרמים,320.00,100 גרם,false,1,10.90,3.4063,true,1,300247
7290107974080,false,מנה עלי טורטיה קמח לבן מ.שף 25 סמ 840 גר,הדקלאים אגודת שיתופי,TR,עלי טורטיה קמח מלא 25 יח 756 גר,גרמים,756.00,100 גרם,false,1,18.00,2.3810,true,1,300249
7290107974301,false,ליידי ספיד סטיק - דאודורנט ג'ל לאישה אלוורה 45 גרם,ליידי ספיד סטיק Lady Speed Stick,US,ליידי ספיד סטיק גל אלוורה 65 גרם,Unknown,0.00,Unknown,false,1,18.90,0.0000,true,1,304129
7290107974646,false,מרידול נשימה רעננה שטיפת פה 400 מל,הנסיך- מפעל לייצור ט,PL,מי פה מרידול נשימה רעננה 400 מל,מיליליטרים,400.00,"100 מ""ל",false,1,34.90,8.7250,true,1,301264
7290107974806,false,"מאסטר שף - אורז בסמטי 1 ק""ג",דווה סינג שיהם סינג,IN,אורז במסטי מאסטר שף 1 קג,קילוגרמים,1.00,"ק""ג",false,20,11.90,11.9000,true,1,303592
7290107975285,false,דאו לנערות תות מתוק ליידי ספיד סטיק 65 ג,ליידי ספיד סטיק Lady Speed Stick,US,דאו.ליידי ספיד סטיק נערות תות מתוק 65גר,Unknown,0.00,Unknown,false,12,18.90,0.0000,true,1,314471
7290107975346,false,ספיד סטיק - דאודורנט ג'ל לגבר כוח הטבע 85 גרם,קולגייט-פלמוליב,US,דאו.ספיד סטיק גל לגבר כח הטבע 24/7,Unknown,0.00,Unknown,false,1,28.90,0.0000,true,1,307224
7290107975360,false,ליידי ספיד סטיק פיור פרשנס ג'ל נשים 65ג',ליידי ספיד סטיק Lady Speed Stick,US,ליידי ספיד סטיק גל פיור פרשנס 65 גרם,Unknown,0.00,Unknown,false,1,18.90,0.0000,true,1,307179
7290107975544,false,"קולגייט משחת שיניים סמיילס ברבי לגילאי 6 50מ""ל",קולגייט- פלמוליב,PL,משחת שיניים קולגייט סמיילס ברבי ילדים 50,Unknown,0.00,Unknown,false,1,12.90,0.0000,true,1,303912
7290107976848,false,פלמוליב סבון מוצק קמומיל רביעייה 360 ג,קולגייט-פלמוליב,TR,מארז 4יח פלמוליב סבון מוצק 90 גרם,גרמים,360.00,100 גרם,false,1,16.90,4.6944,true,1,308863
7290107976916,false,"סבון ידיים משאבה פלמוליב זיתים 300 מ""ל",פלמוליב Palmolive,IT,סבון ידיים פלמוליב חלב זיתים 300 מל,מיליליטרים,300.00,"100 מ""ל",false,1,11.90,3.9667,true,1,307630
7290107977456,false,"פלמוליב - ג'ל רחצה ושמפו ספורט לגבר 750 מ""ל",קולגייט פלמוליב,TR,אלסבון פלמוליב משאבה ספורט לגבר 750מל,מיליליטרים,750.00,"100 מ""ל",false,1,16.90,2.2533,true,1,319309
7290107977753,false,"משחת שיניים פרודונט אקספרס 75 מ""ל ""מרידול""",קולגייט פלמוליב,PL,משחת שיניים מרידול פרודונט אקספרס 75מל,מיליליטרים,75.00,"100 מ""ל",false,1,25.90,34.5333,true,1,308864
7290107978101,false,מש.שיניים קולגייט א.וויט אקסטרה פאוור 75,קולגייט-פלמוליב,PL,משחת שיניים קולגייט אופטיק וויט פאור75מל,Unknown,0.00,Unknown,false,1,25.90,0.0000,true,1,308865
7290107978323,false,איטריות דקיקות מאסטר שף 400 גרם,הדקלאים אגודת שיתופי,PL,אטריות מאסטר שף דקיקיות 400 גרם,גרמים,400.00,100 גרם,false,18,5.90,1.4750,true,1,306689
7290107978330,false,מאסטר שף איטריות דקות 400 גרם,הדקלאים אגודת שיתופי,PL,אטריות מאסטר שף דקות 400 גרם,גרמים,400.00,100 גרם,false,18,5.90,1.4750,true,1,306690
7290107978347,false,איטריות בינוניות מאסטר שף 400 גרם,הדקלאים אגודת שיתופי,PL,אטריות מאסטר שף בנוניות 400 גרם,גרמים,400.00,100 גרם,false,18,5.90,1.4750,true,1,306691
7290107978453,false,חטיף בטעם גריל קראנצ,קראנצ'וס,IL,חטיף קראנצוס גריל 70 גר,Unknown,0.00,Unknown,false,1,3.90,0.0000,true,1,308171
7290107978460,false,חטיף בטעם פלאפל קראנ,מנה,IL,חטיף קראנצוס פלאפל 70 גר,Unknown,0.00,Unknown,false,1,3.90,0.0000,true,1,308172
7290107978637,false,"מרידול משחת שיניים 75 מ""ל כשל""פ-מרכז",קולגייט פלמוליב,PL,משחת שיניים מרידול משפחתי 75 מל,מיליליטרים,75.00,"100 מ""ל",false,48,19.90,26.5333,true,1,313835
7290107979184,false,"תבניות אלומיניום פלוס נייר אפייה 32/26 ס""מ L",HAI PLASTIC,CN,תבנית אלומיניום עם נייר אפיה קוקי מס 3,יחידה,1.00,יחידה,false,1,10.90,10.9000,true,1,307944
7290107979191,false,"תבנית אלומיניום עם נייר אפייה ענק 2 ""קוקי""",HAI PLASTIC,CN,תבנית אלומיניום עם נייר אפיה קוקי מס 2,יחידה,1.00,יחידה,false,1,10.90,10.9000,true,1,307945
7290108070224,false,שקיות מודפסות מותגים,,,שקיות מודפסות מותגים 15 יח,Unknown,0.00,Unknown,false,1,13.90,0.0000,true,1,307975
7290108070316,false,שקית 50בלונים פסטל מעורב,,IL,שקיות מודפסות מותגים 15 יח,Unknown,0.00,Unknown,false,1,13.90,0.0000,true,1,307976
7290108201284,false,איירוויק מקלות ריחניים בניחוח לבנדר מתוק,איירוויק Air Wick,HU,מקלות ריחניים אירוויק לבנדר 30מל,Unknown,0.00,Unknown,false,1,14.90,0.0000,true,1,302622
7290108201437,false,"אבקת כביסה קולון 101 2.5 ק""ג",רקיט בנקיזר,IL,אבקת כביסה קולון 101 2.5קג,קילוגרמים,2.50,"ק""ג",false,1,19.90,7.9600,true,1,303288
7290108201802,false,"ספריי דטול לחיטוי בניחוח כביסה 400 מ""ל",רקיט בנקיזר,US,ספריי חיטוי דטול 400מל בניחוח אביב,מיליליטרים,400.00,"100 מ""ל",false,12,19.90,4.9750,true,1,314547
7290108201864,false,קולון קפסולות גל לכביסה 28 יחידות,רקיט בנקיזר,IT,טבליות גל כביסה קולון 28 יח,יחידה,28.00,יחידה,false,1,32.90,1.1750,true,1,312887
7290108201871,false,קולון קפסולות גל לכביסה 42 יחידות,רקיט בנקיזר,PL,טבליות גל כביסה קולון 42 יח,יחידה,42.00,יחידה,false,1,42.90,1.0214,true,1,312886
7290108350142,false,"שקיות רב שימושיות גדולות 25*35 ס""מ סנו סושי 270 יחידות",אשפלסט תעשיות,IL,שקיות רב שימושיות גדולות 25/35סמ,יחידה,270.00,יחידה,false,24,13.90,0.0515,true,1,298014
7290108350203,false,"סנו סושי כריות קרצוף+ספוג מקציף 6 יחידות 12X9 ס""מ",סנו סושי,US,כריות קרצוף ספוג מקציף 6יח סנו סושי,יחידה,6.00,יחידה,false,12,12.90,2.1500,true,1,300416
7290108350210,false,סנו סושי 30 שקיות אשפה XL חזקות במיוחד,מיוצר עי קונדיטוריית,IL,שקיות אשפה 30יח חזקות 75/65 סנו סושי,יחידה,30.00,יחידה,false,1,24.90,0.8300,true,1,296824
7290108350500,false,סנובון מוצק דאבל אקשן בניחוח תפוז שלישייה,סנו,,סבון אסלה סנובון דאבל אקשן תפוז שלישייה,יחידה,3.00,יחידה,false,1,11.90,3.9667,true,1,296091
7290108350524,false,טבליות בניחוח לבנדר לבישום ורענון ארונות בגדים,"סנו מפעלי ברונוס בע""",IL,סנו ארון פרש לבנדר,Unknown,0.00,Unknown,false,24,22.90,0.0000,true,1,301384
7290108350531,false,סנו ספארק נוזל כלים בניחוח קלאסי עם משאבה 1 ל',מיוצר עי קונדיטוריית,IL,נוזל כלים סנו ספארק קלאסי משאבה 1 ליטר,ליטרים,1.00,ליטר,false,1,11.90,11.9000,true,1,294602
7290108350548,false,סנו ספארק נוזל כלים בניחוח לבנדר עם משאבה 1 ל',מיוצר עי קונדיטוריית,IL,נוזל כלים סנו ספארק לבנדר משאבה 1 ליטר,ליטרים,1.00,ליטר,false,1,11.90,11.9000,true,1,294603
7290108350555,false,נוזל כלים סנו ספארק Spark היפואלרגני פריחת השקד,סנו ספארק,IL,נוזל כלים סנו ספארק היפואלרגי משאבה 1ל,ליטרים,1.00,ליטר,false,1,11.90,11.9000,true,1,294604
7290108350586,false,נוזל לניקוי כלים סנו ספארק Spark בניחוח לימון רענן,"סנו מפעלי ברונוס בע""\מ",IL,נוזל כלים סנו ספארק קלאסי 1.5 ליטר,ליטרים,1.50,ליטר,false,12,14.90,9.9333,true,1,302500
7290108350616,false,סנו - מקסימה מרכך כביסה מרוכז פריחה כחולה 1 ליטר,"סנו מפעלי ברונוס בע""\מ",IL,מרכך כביסה מקסימה מרוכז בלו בלוסום 1ליטר,ליטרים,1.00,ליטר,false,12,16.90,16.9000,true,1,299943
7290108350623,false,מרכך כביסה סופר מרוכז סופט סילק מקסימה 1 ל' סנו,"סנו מפעלי ברונוס בע""\מ",IL,מרכך כביסה מקסימה מרוכז סופט סילק 1ליטר,ליטרים,1.00,ליטר,false,12,16.90,16.9000,true,1,299942
7290108350647,false,כיף פיות קרם לשיער להתרת קשרים 350 מל,החברה הדרומית,IL,קרם להתרת קשרים כיף פיות 350 מל,מיליליטרים,350.00,"100 מ""ל",false,1,21.90,6.2571,true,1,298639
7290108350654,false,כיף פיות תרסיס לשיער להתרת קשרים 350 מל,קוסמופארם בע''מ,IL,ספריי להתרת קשרים כיף פיות 350 מל,מיליליטרים,350.00,"100 מ""ל",false,1,19.90,5.6857,true,1,298640
7290108350685,false,"סנו ספארק מנקה למדיח כלים 250 מ""ל",סנו,IL,מנקה למדיח כלים ספארק 250מל,מיליליטרים,250.00,"100 מ""ל",false,6,13.90,5.5600,true,1,311802
7290108350739,false,משחת שיניים אורביטול קידס סטעם סוכריות ג'לי 70 גרם,טרופיקל דגיל תעשיות קוסמ,IL,מש. שיניים אורביטול קידס 70גר ב.סוכריות,גרמים,70.00,100 גרם,false,1,9.90,14.1429,true,1,315566
7290108350753,false,"אורביטול משחת שיניים פרוטקט פרש, 145 גרם",גוד פוד פרודקטס S.p,IL,משחת שיניים אורביטול הגנה וריענון 145גר,גרמים,145.00,100 גרם,false,1,13.90,9.5862,true,1,315197
7290108351149,false,ג'ל ניקוי כללי בתוספת אבקת סודה ריח כביסה סנו ג'ט 1.5 ליטר,"סנו מפעלי ברונוס בע""\מ",IL,גט גל לניקוי כללי ורצפות סודה 1.5ליטר,ליטרים,1.50,ליטר,false,1,12.90,8.6000,true,1,302503
7290108351156,false,ג'ל ניקוי כללי בתוספת חומץ בריח לבנדר סנו ג'ט 1.5 ליטר,"סנו מפעלי ברונוס בע""\מ",IL,גט גל לניקוי כללי ורצפות חומץ 1.5ליטר,ליטרים,1.50,ליטר,false,1,12.90,8.6000,true,1,302502
7290108351507,false,מרכך כביסה אינספרישיין סנו מקסימה 4 ליטר,סנו מקסימה,IL,מרכך כביסה סנומקסימה 4 ל סופט סילק,ליטרים,4.00,ליטר,false,1,22.90,5.7250,true,1,302505
7290108351514,false,מרכך כביסה בלו בלוסום סנו מקסימה 4 ליטר,סנו מקסימה,IL,מרכך כביסה סנומקסימה 4 ל בלו,ליטרים,4.00,ליטר,false,1,22.90,5.7250,true,1,302504
7290108351552,false,"סנו - ג'ט לניקוי כללי בתוספת חומץ בניחוח לבנדר 750 מ""ל","סנו מפעלי ברונוס בע""\מ",IL,מרסס סנו גט לניקוי כללי+חומץ 750מל,מיליליטרים,750.00,"100 מ""ל",false,1,12.90,1.7200,true,1,309695
7290108351569,false,מבשם ומרכך למייבש כביסה Baby לתינוקות ולעור רגיש,"סנו מפעלי ברונוס בע""\מ",IL,סנו מקסימה בייבי למייבש 750 מל,מיליליטרים,750.00,"100 מ""ל",false,1,18.90,2.5200,true,1,307573
7290108351583,false,"סנו - ג'ט פלוס חומץ ג'ל לניקוי אסלות לבנדר 750 מ""ל",טרופיקל דגיל תעשיות,IL,סנו גט לניקוי אסלות 750מל חומץ ומלח לימו,מיליליטרים,750.00,"100 מ""ל",false,12,10.90,1.4533,true,1,313551
7290108351590,false,"סנופרש הום בלו בלוסון בניחוח מרכך כביסה 350 מ""ל",סנו פרש Fresh,IL,מ. אויר סנופרש הום בריח בלו בלוסום 350מל,מיליליטרים,350.00,"100 מ""ל",false,1,13.90,3.9714,true,1,307571
7290108351606,false,מטהר אוויר בלו בלוסום סנו פרש הום 350 מל,סנו מפעלי ברונוס בעמ,IL,מ. אויר סנופרש הום בריח סופט סילק 350מל,מיליליטרים,350.00,"100 מ""ל",false,1,13.90,3.9714,true,1,307570
7290108351613,false,סנו ריצפז פרש הום 2 ליטר בניחוח מלון חלומי,"סנו מפעלי ברונוס בע""\מ",IL,נוזל ריצפז פרש הום 2 ליטר מלון חלומי סנו,ליטרים,2.00,ליטר,false,8,21.90,10.9500,true,1,306765
7290108351620,false,"סנו פרש NO.2 תרסיס לשירותים לוכד ריחות רעים 60מ""ל","סנו מפעלי ברונוס בע""\מ",IL,לוכד ריחות רעים סנו פרש,Unknown,0.00,Unknown,false,12,13.90,0.0000,true,1,308419
7290108351699,false,סנו - ג'ט מטליות לחות לניקוי כללי בתוספת חומץ לבנדר שלישיה,סנו מפעלי ברונוס על,IL,מארז 3יח מגבוני גט+חומץ לניקוי כללי 50יח,יחידה,150.00,יחידה,false,8,21.90,0.1460,true,1,314217
7290108351705,false,פניני בישום 275 גרם מקסימה,inc prodacts smart value,IL,פניני בישום מקסימה פרש 275גר,גרמים,275.00,100 גרם,false,6,31.90,11.6000,true,1,319927
7290108351712,false,מקסימה פניני בישום לכביסה לובלי 275 גרם,inc prodacts smart value,IL,פניני בישום מקסימה לאבלי 275גר,גרמים,275.00,100 גרם,false,6,31.90,11.6000,true,1,319928
7290108351729,false,נ.לניקוי אסלות סנו גרין פאוור אקולוגי750,מיוצר עי קונדיטוריית,IL,נוזל ניקוי אסלות אקולוגי 750מל גרין פאור,מיליליטרים,750.00,"100 מ""ל",false,1,11.90,1.5867,true,1,322693
7290108351736,false,נ.לניקוי חלונותסנו גרין פאוור אקולוגי750,סנו מפעלי ברונוס בעמ,IL,נוזל ניקוי חלונות אקולוגי 750מל גרין פאו,מיליליטרים,750.00,"100 מ""ל",false,1,11.90,1.5867,true,1,322695
7290108351743,false,"סנו נוזל לניקוי כללי אקולוגי 750 מ""ל GREEN POWER",סנו מפעלי ברונוס בעמ,IL,נוזל ניקוי כללי אקולוגי 750מל גרין פאור,מיליליטרים,750.00,"100 מ""ל",false,1,11.90,1.5867,true,1,322697
7290108351750,false,נ.לניקוי רצפות סנו גרין פאוור אקולוגי 2ל,סנו מפעלי ברונוס בעמ,IL,נוזל שטיפת רצפות אקולוגי 2ליטר גרין פאור,ליטרים,2.00,ליטר,false,1,18.90,9.4500,true,1,322698
7290108351774,false,מרסס סנו לניקוי וטיפול במוצרי עור 500 מל,סנו,IL,מרסס ניקוי מוצרי עור 500מל,מיליליטרים,500.00,"100 מ""ל",false,1,29.90,5.9800,true,1,315828
7290108351781,false,ג'ל לניקוי אסלות + חומץ ומלח לימון בריח הדרים,"סנו מפעלי ברונוס בע""",IL,סנו גט לניקוי אסלות 750מל בניחוח הדרים,מיליליטרים,750.00,"100 מ""ל",false,12,10.90,1.4533,true,1,315565
7290108351811,false,מרכך כביסה סופר מרוכז Floral touch סנו מקסימה 1 ליטר,מיוצר עי קונדיטוריית,IL,מרכך כביסה מקסימה מרוכז נגיעות פרחים 1לי,ליטרים,1.00,ליטר,false,1,16.90,16.9000,true,1,318594
7290108351835,false,מרכך כביסה Pure Sensation סנו מקסימה 4 ליטר,מיוצר עי קונדיטוריית,IL,מרכך כביסה סנומקסימה 4 ל פריחה,ליטרים,4.00,ליטר,false,1,22.90,5.7250,true,1,319947
7290108351842,false,"סנו מקסימה בושם מרוכז לכביסה FOREVER כחול 600 מ""ל","סנו מפעלי ברונוס בע""\מ",IL,מבשם כביסה מרוכז מקסימה 600מל כחול,מיליליטרים,600.00,"100 מ""ל",false,12,22.90,3.8167,true,1,315964
7290108351859,false,"סנו מקסימה בושם מרוכז לכביסה FOREVER ורוד 600 מ""ל",סנו מקסימה,IL,מבשם כביסה מרוכז מקסימה 600מל ורוד,מיליליטרים,600.00,"100 מ""ל",false,12,22.90,3.8167,true,1,315965
7290108351866,false,"סנו מקסימה בושם מרוכז לכביסה FOREVER בורדו 600 מ""ל",סנו מקסימה,IL,מבשם כביסה מרוכז מקסימה 600מל בורדו,מיליליטרים,600.00,"100 מ""ל",false,12,22.90,3.8167,true,1,315966
7290108351927,false,סנו ספארק טבליות למדיח 70 יחידות,גרופה אינקו,PL,טבליות למדיח ספארק 70 יח,יחידה,70.00,יחידה,false,1,44.90,0.6414,true,1,315973
7290108351941,false,סנובון סבון אסלה מוצק RINGS בניחוח יערות שלישיה,SWARZEDZ DRAMERSSA,PL,סבון אסלה מוצק רינגס יערות שלישייה,יחידה,3.00,יחידה,false,12,15.90,5.3000,true,1,318576
7290108351958,false,סנובון סבון אסלה מוצק RINGS בניחוח אוקיינוס שלישיה,סנו מפעלי ברונוס בעמ,PL,סבון אסלה מוצק רינגס אוקיינוס שלישייה,יחידה,3.00,יחידה,false,12,15.90,5.3000,true,1,318577
7290108351996,false,"חיטוי בייבי 99.9% לחיטוי וניקוי בסביבת תינוקות 750 מ""ל","סנו מפעלי ברונוס בע""\מ",IL,מרסס בייבי לחיטוי משטחים סדרת 99% 750מל,מיליליטרים,750.00,"100 מ""ל",false,12,11.90,1.5867,true,1,317527
7290108352092,false,משחת שיניים אורביטול פרוטקטיב סולט בטעם מנטה,טרופיקל דגיל תעשיות קוסמ,IL,משחת שיניים אורביטול בתוספת מלח 145גר,גרמים,145.00,100 גרם,false,24,18.90,13.0345,true,1,323761
7290108352139,false,ג'ל כביסה גרין פוויר אקולוגי 3 ל' סנו,סנו מפעלי ברונוס בעמ,IL,גל כביסה אקולוגי 3ליטר גרין פאור,ליטרים,3.00,ליטר,false,1,29.90,9.9667,true,1,322699
7290108352146,false,"סנובון נוזלי בניחוח מנגוליה ונרולי סנו 750 מ""ל",סנו מפעלי ברונוס בעמ,IL,סבון אסלות סנובון מגנוליה ונרולי 750מל,מיליליטרים,750.00,"100 מ""ל",false,1,11.90,1.5867,true,1,322799
7290108352153,false,"סנובון נוזלי בניחוח לוטוס וסחלב סנו 750 מ""ל",מיוצר עי קונדיטוריית,IL,סבון אסלות סנובון לוטוס סחלב 750מל,מיליליטרים,750.00,"100 מ""ל",false,1,11.90,1.5867,true,1,322800
7290108352207,false,מקסימה 40 קפסולות לכביסה בניחוח fresh burst,"גליל כימיקלים, א.ת. צפונ",IL,קפסולות כביסה מקסימה 40יח בריזה,יחידה,40.00,יחידה,false,12,34.90,0.8725,true,1,322308
7290108352214,false,סנו - מקסימה קפסולות כביסה בניחוח בריזה מרעננת 40 יח',טרופיקל דגיל תעשיות,IL,קפסולות כביסה מקסימה 40יח פרחוני,יחידה,40.00,יחידה,false,12,34.90,0.8725,true,1,322307
7290108352221,false,סנופרש הום מבשם נוזלי בניחוח מלון מפנק,סנו מפעלי ברונוס בעמ,IL,מ. אויר סנופרש מלון מפנק 350מל,מיליליטרים,350.00,"100 מ""ל",false,1,13.90,3.9714,true,1,322801
7290108352252,false,נוזל לניקוי כלים מתאים לניקוי ירקות ופירות סנו ספארק,"סנו מפעלי ברונוס בע""\מ",IL,נוזל כלים סנו ספארק קלאסי משאבה 1 ליטר,ליטרים,1.00,ליטר,false,1,11.90,11.9000,true,1,323795
7290108352276,false,מגבונים לניקוי וחיטוי יסודי לרצפה 10 יח 99.9%,"סנו מפעלי ברונס בע""\מ",IL,מטליות לחות לחיטוי וניקוי רצפות 99% 10יח,יחידה,10.00,יחידה,false,12,17.90,1.7900,true,1,321811
7290108352320,false,"מבשם אויר סנו פרש הום בניחוח כותנה מלטפת 350 מ""ל",מיוצר עי קונדיטוריית,IL,מ. אויר סנופרש מלון בוטיק 350מל,מיליליטרים,350.00,"100 מ""ל",false,1,13.90,3.9714,true,1,322802
7290108352337,false,"סנו - פרש מילוי למטהר אוויר מלון מפנק 250 מ""ל",מיוצר עי קונדיטוריית,IL,מ.אויר סנו פרש מילוי מלון מפנק 250מל,מיליליטרים,250.00,"100 מ""ל",false,1,14.90,5.9600,true,1,322804
7290108352344,false,"פרש מבשם אויר אוטומטי בניחוח לבנדר סנו 250 מ""ל",מיוצר עי קונדיטוריית,IL,מ.אויר סנו פרש מילוי מלון בוטיק 250מל,מיליליטרים,250.00,"100 מ""ל",false,1,14.90,5.9600,true,1,322803
7290108352351,false,"סנו תרסיס לחיטוי משטחים 99.9% - 400 מ""ל","סנו מפעלי ברונס בע""\מ",IL,תרסיס לחיטוי משטחים 99% 400מל,מיליליטרים,400.00,"100 מ""ל",false,12,22.90,5.7250,true,1,322313
7290108352368,false,תוסף לחיטוי כביסה 99.9% סנו מקסימה 3 ל',סנו מקסימה,IL,תוסף לכביסה 3 ליטר,ליטרים,3.00,ליטר,false,1,34.90,11.6333,true,1,329111
7290108352382,false,מטליות לחות באריזה אישית לחיטוי משטחים ואביזרים,טרופיקל דגיל תעשיות,IL,מגבונים לחיטוי משטחים ואביזרים 99.9% 20י,יחידה,20.00,יחידה,false,12,10.90,0.5450,true,1,323787
7290108352399,false,ריצפז פרש הום בניחוח מרכך כביסה פלורל טאצ',"סנו מפעלי ברונוס בע""\מ",IL,נוזל ריצפז פרש הום 2ל בניחוח מרכך כביסה,ליטרים,2.00,ליטר,false,1,21.90,10.9500,true,1,334208
7290108352450,false,ריצפז פרש הום בניחוח מרכך כביסה בלו בלוסום,סנו מפעלי ברונוס בעמ,IL,נוזל ריצפז פרש הום 2ליטר ניחוח מרכך כביס,ליטרים,2.00,ליטר,false,1,21.90,10.9500,true,1,325861
7290108352474,false,"סנומוד מטהר אוויר ליידי קוקו סנו 150 מ""ל","סנו מפעלי ברונוס בע""\מ",IL,מטהר אוויר סנומוד ליידי קוקו,מיליליטרים,150.00,"100 מ""ל",false,1,12.90,8.6000,true,1,326938
7290108352481,false,"סנומוד מטהר אוויר נרסיסו סנו 150 מ""ל","סנו מפעלי ברונוס בע""\מ",IL,מטהר אוויר סנומוד נרסיסו,מיליליטרים,150.00,"100 מ""ל",false,1,12.90,8.6000,true,1,326937
7290108352498,false,מכשיר אוטומטי מעוצב ואלגנטי עם מילוי מלון בוטיק סנו פרש,"יצרן מכשיר: זובלה, יצרן",IL,מטהר אויר סנו פרש אוטומטי+מילוי מ.בוטיק,יחידה,1.00,יחידה,false,1,39.90,39.9000,true,1,327720
7290108352511,false,ניקוי וחיטוי מכונת הכביסה בתוספת חומץ סנו מקסימה,"סנו מפעלי ברונוס בע""\מ",IL,נוזל מקסימה לניקוי וחיטוי מכונת כביסה500,מיליליטרים,500.00,"100 מ""ל",false,12,15.90,3.1800,true,1,327724
7290108352535,false,סנו - מקסימה דפי בישום לחים למייבש הכביסה בניחוח מרכך כביסה,טרופיגל דגיל תעשיות קוסמ,IL,דפי בישום לחים מקסימה למייבש כביסה 20יח,יחידה,20.00,יחידה,false,12,13.90,0.6950,true,1,333070
7290108352627,false,מפת שולחן סנו סושי בגליל 20 מ,"סנו מפעלי ברונו בע""מ",IL,מפת ניילון שקופה בגליל 20מטר,מטרים,20.00,מטר,false,12,21.90,1.0950,true,1,314218
7290108352641,false,סנו סושי מטלית הפלא לניקוי כללי במארז שלישייה,סנו מפעלי ברונוס.,IL,מטליות מיקרופייבר לניקוי כללי 3יח,יחידה,3.00,יחידה,false,1,16.90,5.6333,true,1,307567
7290108352672,false,צמד מטליות הפלא לרצפה מיקרפייבר סנו סושי,סנו מפעלי ברונוס.,CN,מארז 2יח מטליות מיקרופייבר לרצפות,יחידה,2.00,יחידה,false,12,22.90,11.4500,true,1,307568
7290108352689,false,כריות קרצוף ללכלוך קשה סנו סושי 9 יחידות,טרופיקל דגיל תעשיות,US,כריות קרצוף 9יח ללכלוך קשה סנו סושי,יחידה,9.00,יחידה,false,1,12.90,1.4333,true,1,300415
7290108352702,false,סנו סופט שלישיית מגבוני טואלט נשטפים בוב ספוג 48 יחידות,סנו סופט Soft,IL,מארז שלישיית מגבונים לחים לשירותים 48יח,יחידה,144.00,יחידה,false,8,15.90,0.1104,true,1,300079
7290108352788,false,סנו סושי שקיות זיפר לאוכל L 20 יחידות,פיין ונטג,IL,שקיות זיפר 20יח לארג סנו סושי,יחידה,20.00,יחידה,false,12,11.90,0.5950,true,1,316361
7290108352795,false,סנו סושי שקיות M זיפר 50 יחידות,פיין ונטג,CN,שקיות זיפר 50יחידות מדיום סנו סושי,יחידה,50.00,יחידה,false,12,11.90,0.2380,true,1,316362
7290108352801,false,"שקיות אשפה לפחים קטנים 45 * 56 ס""מ סנו סושי 100 יחידות","סנו מפעלי ברונוס בע""מ",IL,שקיות אשפה לפחים קטנים 100יח סנו סושי,יחידה,100.00,יחידה,false,12,19.90,0.1990,true,1,313041
7290108352818,false,מטלית במבוק לניקוי דוחה ריחות רעים,צ'\נצ'\גן גולי מוצרי צרי,CN,מטלית במבוק לניקוי 25/25סמ סנו סושי,יחידה,1.00,יחידה,false,12,8.90,8.9000,true,1,315418
7290108352825,false,ספוג הפלא נירוסטה סנו סושי 3יח',ltdn s.k.a.tסנו מפעלי בר,CN,ספוג הפלא נירוסטה סנו סושי 3יח,יחידה,3.00,יחידה,false,12,10.90,3.6333,true,1,313879
7290108352863,false,סנו סושי שקיות צלייה 20יח' מידה L,סנו מפעלי ברונוס בעמ . ח,TR,שקיות צליה 20יח סנו סושי 38/25סמ לארג,יחידה,20.00,יחידה,false,12,8.90,0.4450,true,1,314836
7290108352870,false,סנו סושי שקיות צלייה 10יח' מידה XL,סנו מפעלי ברונוס בעמ . ח,IL,שקיות צליה 10יח סנו סושי 38/25סמ אקס אל,יחידה,10.00,יחידה,false,12,8.90,0.8900,true,1,314837
7290108352894,false,סנו סושי מפת שולחן חגיגית,שואוגאנג,CN,מפת שולחן חגיגית חד פעמי 270/120סמ,יחידה,1.00,יחידה,false,24,8.90,8.9000,true,1,316367
7290108352900,false,מגבות נייר בגליל כפול סנו סושי 12=6 גלילים,סנו מפעלי ברונוס בעמ,IL,מגבות נייר סנו סושי 6 גלילים כפול,יחידה,6.00,יחידה,false,1,24.90,4.1500,true,1,318590
7290108353006,false,סנו סושי - שקיות אוכל נקשרות 250 יחידות XL,מיוצר עי קונדיטוריית,IL,שקיות אוכל נקשרות 250יח אקס אל,יחידה,250.00,יחידה,false,1,12.90,0.0516,true,1,317706
7290108353068,false,ספוג הפלא נירוסטה עם סיבי קירצוף סנו סושי 2 יח',מיוצר עי קונדיטוריית,CN,כרית קרצוף עם סיבי נירוסטה 2יח סנו סושי,יחידה,2.00,יחידה,false,12,10.90,5.4500,true,1,319112
7290108353495,false,אורביטול - חוט דנטאלי 50 מטר בתוספת שעווה ופלואוריד,אורביטול,IL,חוט דנטלי 50 מטר סנו,מטרים,50.00,מטר,false,1,11.90,0.2380,true,1,336406
7290108353501,false,"שקיות אשפה ענקיות עם ידיות ענקיות 75*90 ס""מ סנו סושי 25 יחידות",טרופיקל דגיל תעשיות,TR,שקיות אשפה גדולות במיוחד 25יח 90/75סמ,יחידה,25.00,יחידה,false,12,21.90,0.8760,true,1,320534
7290108353549,false,נייר אפייה סנו סושי 100 יח,"טופ פלסט 2002 בע""\מ",IL,נייר אפיה 100יחידות 38/42סמ סנו סושי,יחידה,100.00,יחידה,false,24,22.90,0.2290,true,1,320536
7290108353556,false,נייר טואלט סנו סופט שלוש שכבות 32 גלילים,טרופיקל דגיל תעשיות,IL,נייר טואלט סופט 32יח תלת שכבתי,יחידה,32.00,יחידה,false,1,39.90,1.2469,true,1,322805
7290108353648,false,סנו סושי - שקיות אוכל מנייר 70 יחידות,איי טיי אריזות טורקיה,TR,שקיות אוכל מנייר 70יח אקס אל,יחידה,70.00,יחידה,false,24,11.90,0.1700,true,1,323796
7290108353662,false,"סנו סושי מפת שולחן מוטבעת 120*270 ס""מ",שואוגאנג,CN,מפת שולחן חד פעמי מוטבעת 270/120סמ,יחידה,1.00,יחידה,false,24,8.90,8.9000,true,1,334828
7290108353686,false,מטלית חלומית לרצפה סנו סושי 1 יחידה,נינגבו סנבנג,CN,מטלית מיקרופייבר חלומית לרצפות סנו סושי,יחידה,1.00,יחידה,false,1,12.90,12.9000,true,1,325860
7290108353747,false,"תחליב רחצה אירוודה, בניחוח טונקה 600 מ""ל קרימה","קוסמופארם בע""\מ",IL,תחליב רחצה קרמה ספא 600מל טונקה,מיליליטרים,600.00,"100 מ""ל",false,12,14.90,2.4833,true,1,338224
7290108353761,false,"תחליב רחצה זן, בניחוח קשמיר 600 מ""ל קרימה","קוסמופארם בע""\מ",IL,תחליב רחצה קרמה ספא 600מל קשמיר,מיליליטרים,600.00,"100 מ""ל",false,12,14.90,2.4833,true,1,338223
7290108353778,false,"נקה 7 - תחליב רחצה שוודיה בניחוח פיטנגו 750 מ""ל","אמיליה קוסמטיקס בע""מ",IL,תחליב רחצה נקה 750מל שוודיה,מיליליטרים,750.00,"100 מ""ל",false,1,12.90,1.7200,true,1,325872
7290108353785,false,תחליב רחצה נקה 7 מרוקו בניחוח טונקה 750,"אמיליה קוסמטיקס בע""מ",IL,תחליב רחצה נקה 750מל מרוקו,מיליליטרים,750.00,"100 מ""ל",false,1,12.90,1.7200,true,1,325874
7290108353792,false,"תחליב רחצה יפן נקה 7 בניחוח פריחת הדובדבן 750 מ""ל","אמיליה קוסמטיקס בע""מ",IL,תחליב רחצה נקה 750מל יפן,מיליליטרים,750.00,"100 מ""ל",false,1,12.90,1.7200,true,1,325871
7290108353808,false,"תחליב רחצה מדגסקר נקה 7 בניחוח אמבר 750 מ""ל","אמיליה קוסמטיקס בע""מ",IL,תחליב רחצה נקה 750מל מדגסקר,מיליליטרים,750.00,"100 מ""ל",false,1,12.90,1.7200,true,1,325873
7290108353815,false,"תחליב רחצה מדיטציה, בניחוח פצ'ולי לבנדר 600 מ""ל קרימה","קוסמופארם בע""\מ",IL,תחליב רחצה קרמה ספא 600מל פצולי לבנדר,מיליליטרים,600.00,"100 מ""ל",false,12,14.90,2.4833,true,1,338225
7290108353990,false,"קרמה - קרם גוף קרמה מאסק 500 מ""ל",טרופיקל דגיל תעשיות,IL,קרם גוף קרמה מאסק 500 מל,מיליליטרים,500.00,"100 מ""ל",false,1,27.90,5.5800,true,1,326948
7290108354164,false,"כיף שלישיית אל סבון קטיפתי מועשר בשמנים 3*500 מ""ל",טרופיקל דגיל תעשיות,IL,מארז 3יח אלסבון כיף מועשר בשמנים 500מל,ליטרים,1.50,ליטר,false,1,19.90,13.2667,true,1,325864
7290108354270,false,מרכך כביסה מרוכז בבישום עוצמתי 1 ל' סנו מקסימה,מיוצר עי קונדיטוריית,IL,מרכך כביסה מקסימה מרוכז 1ליטר גוי,ליטרים,1.00,ליטר,false,1,16.90,16.9000,true,1,334830
7290108354355,false,סנו מגבוני היגיינים לניקוי הידיים 70 % אלכוהול 20 יח',דן - מור חומרי טבע וכימי,IL,מגבונים לניקוי ידיים 70%אלכוהול 20יח,יחידה,20.00,יחידה,false,12,11.90,0.5950,true,1,323788
7290108354430,false,"שמפו כיף לשיקום והזנה שמן קוקוס וקרטין 700 מ""ל",קוסמופארם בעמ,IL,שמפו כיף 700מל לשיקום שמן קוקוס וקרטין,מיליליטרים,700.00,"100 מ""ל",false,12,12.90,1.8429,true,1,326946
7290108354447,false,"מרכך כיף לשיקום והזנה שמן קוקוס וקרטין 700 מ""ל",גוד פוד פרודקטס S.p,IL,מרכך כיף 700מל לשיקום שמן קוקוס וקרטין,מיליליטרים,700.00,"100 מ""ל",false,12,12.90,1.8429,true,1,326947
7290108354461,false,קרליין 10 שמפו חימר לכל סוגי השיער 700 מ,החברה הדרומית,IL,שמפו קרליין 10 חימר 700מל,מיליליטרים,700.00,"100 מ""ל",false,1,12.90,1.8429,true,1,338210
7290108354478,false,קרליין 10 מרכך חימר לכל סוגי השיער 700 מ,החברה הדרומית,IL,מרכך קרליין 10 חימר 700מל,מיליליטרים,700.00,"100 מ""ל",false,1,12.90,1.8429,true,1,338211
7290108354591,false,"תחליב רחצה בניחוח מי קקטוס ושמן באבאסו 750 מ""ל נקה 7","אמיליה קוסמטיקס בע""מ",IL,תחליב רחצה נקה ביו 750מל,מיליליטרים,750.00,"100 מ""ל",false,1,12.90,1.7200,true,1,336398
7290108354751,false,"סנו - ג'ט מרסס לניקוי כללי בתוספת אבקת סודה 750 מ""ל","סנו מפעלי ברונוס בע""\מ",IL,מרסס סנו גט לניקוי כללי+סודה 750מל,מיליליטרים,750.00,"100 מ""ל",false,1,12.90,1.7200,true,1,315827
7290108354768,false,"קרמה קרם גוף דבש 500 מ""ל",מיוצר בסין.יבוא ושיו,IL,קרם גוף קרמה 500 מל בניחוח דבש,מיליליטרים,500.00,"100 מ""ל",false,1,27.90,5.5800,true,1,330849
7290108354829,false,"קרם ידיים קרמה ורד וניל 100 מ""ל מ""ל",קוסמופארם,IL,קרם ידיים קרמה 100מל ורד ווניל,מיליליטרים,100.00,"100 מ""ל",false,1,8.90,8.9000,true,1,325858
7290108354911,false,"שמפו, ג'ל רחצה וגילוח מועשר בתמצית אלוורה",טרופיקל דגיל תעשיות,IL,שמפו גל רחצה וגילוח קרמה מן 3ב1 700מל,מיליליטרים,700.00,"100 מ""ל",false,1,19.90,2.8429,true,1,322055
7290108354973,false,"סבון ידיים קרמה ורד ווניל 300 מ""ל",טרופיקל דגיל תעשיות,IL,סבון ידיים קרמה 300מל ורד וניל,מיליליטרים,300.00,"100 מ""ל",false,12,12.90,4.3000,true,1,323265
7290108354980,false,קרם ידיים מרוכז לידיים יבשות מאוד ללא בישום,קוסמופארם,IL,קרם ידיים קרמה מרוכז ללא בישום 50מל,Unknown,0.00,Unknown,false,12,16.90,0.0000,true,1,325862
7290108355000,false,"שמפו מיניונים לילדים נקה 7 750 מ""ל",אמיליה קוסמטיקס,IL,שמפו נקה 7 קידס מיניונים 750 מל,מיליליטרים,750.00,"100 מ""ל",false,12,11.90,1.5867,true,1,298647
7290108355017,false,"נקה 7 מרכך לילדים מיניונים 750 מ""ל",אמיליה קוסמטיקס,IL,מרכך נקה 7 קידס מיניונים 750 מל,מיליליטרים,750.00,"100 מ""ל",false,12,11.90,1.5867,true,1,298648
7290108355055,false,לחו.לשיער מקצועי גלייז נטורל פורמולה 400,נטורל פורמולה Natural Formula,IL,קרם לחות לשיער עם גלייז 400מל נטורל פורמ,מיליליטרים,400.00,"100 מ""ל",false,1,29.90,7.4750,true,1,306768
7290108355062,false,לחו.לשיער מקצועי קרטין נטורל פורמולה 400,אמיליה קוסמטיקס,IL,קרם לחות לשיער עם קרטין 400מל נטורל פורמ,מיליליטרים,400.00,"100 מ""ל",false,1,29.90,7.4750,true,1,306766
7290108355086,false,"גלייז מקצועי לשיער נטורל פורמולה 350 מ""ל",נטורל פורמולה Natural Formula,IL,גלייז לשיער נטורל פורמולה 350 מל,מיליליטרים,350.00,"100 מ""ל",false,1,39.90,11.4000,true,1,306769
7290108355147,false,"תחליב רחצה שמני הזנה נקה 7 750 מ""ל",טרופיקל דגיל תעשיות קוסמ,IL,אלסבון נקה 7 שמני הזנה 750 מל,מיליליטרים,750.00,"100 מ""ל",false,1,12.90,1.7200,true,1,313609
7290108355154,false,"שמפו שמני הזנה נקה 7 750 מ""ל","אמיליה קוסמטיקס בע""מ",IL,שמפו נקה 7 שמני הזנה 750מל,מיליליטרים,750.00,"100 מ""ל",false,1,12.90,1.7200,true,1,313607
7290108355161,false,"מרכך שיער שמני הזנה 750 מ""ל נקה 7","אמיליה קוסמטיקס בע""מ",IL,מרכך נקה 7 שמני הזנה 750מל,מיליליטרים,750.00,"100 מ""ל",false,1,12.90,1.7200,true,1,313608
7290108355192,false,"מרכך קרטין אינטנס למניעת קשקשים נטורל פורמולה 400 מ""ל",נטורל פורמולה Natural Formula,IL,מרכך קרטין אינטנס מונע קשקשים 400מל,מיליליטרים,400.00,"100 מ""ל",false,1,27.90,6.9750,true,1,311048
7290108355208,false,"שמפו קרטין אינטנס למניעת קשקשים נטורל 400 מ""ל",נטורל פורמולה Natural Formula,IL,שמפו קרטין אינטנס מונע קשקשים 400מל,מיליליטרים,400.00,"100 מ""ל",false,1,27.90,6.9750,true,1,311047
7290108355949,false,"תחליב רחצה קרמה נרולי ומנגוליה 700 מ""ל",קוסמופארם בעמ,IL,תחליב רחצה קרמה מועשר 700מל מגנוליה,מיליליטרים,700.00,"100 מ""ל",false,12,18.90,2.7000,true,1,323776
7290108356021,false,כיף תחליב רחצה בניחוח גלידת קרם עוגיות,גוד פוד פרודקטס S.p,IL,תחליב רחצה כיף קרם עוגיות 700מל,מיליליטרים,700.00,"100 מ""ל",false,12,13.90,1.9857,true,1,315643
7290108356045,false,"כיף תחליב רחצה בניחוח גלידת סוכריות ג'לי 700 מ""ל",החברה הדרומית,IL,תחליב רחצה כיף גלידת סוכריות גלי 700מל,מיליליטרים,700.00,"100 מ""ל",false,12,13.90,1.9857,true,1,315642
7290108356090,false,קרמה תרחיץ גל לשטיפה אינטימית 220 מל,קוסמופארם בעמ,IL,שטיפה אינטימית קרמה תרחיץ גל 220מל,מיליליטרים,220.00,"100 מ""ל",false,12,21.90,9.9545,true,1,327723
7290108356106,false,כיף תחליב רחצה חלב שקדים 700 מל,החברה הדרומית,IL,תחליב רחצה כיף מילק שקד 700 מל,מיליליטרים,700.00,"100 מ""ל",false,12,12.90,1.8429,true,1,315483
7290108356113,false,"כיף תחליב רחצה דבש 700 מ""ל-מרכז",קוסמופארם בעמ,IL,תחליב רחצה כיף מילק דבש 700 מל,מיליליטרים,700.00,"100 מ""ל",false,12,12.90,1.8429,true,1,315482
7290108356120,false,"תחליב רחצה כיף קוקוס וניל 700 מ""ל",קוסמופארם,IL,תחליב רחצה כיף מילק קוקוס וניל 700 מל,מיליליטרים,700.00,"100 מ""ל",false,12,12.90,1.8429,true,1,315485
7290108356137,false,"כיף - תחליב רחצה לבנדר 700 מ""ל",קוסמופארם,IL,תחליב רחצה כיף מילק לבנדר 700 מל,מיליליטרים,700.00,"100 מ""ל",false,12,12.90,1.8429,true,1,315484
7290108356151,false,"תחליב רחצה כיף מאסק יסמין 700 מ""ל",גוד פוד פרודקטס S.p,IL,תחליב רחצה כיף מילק מאסק יסמין 700 מל,מיליליטרים,700.00,"100 מ""ל",false,12,12.90,1.8429,true,1,315487
7290108356168,false,"כיף - תחליב רחצה אוקיינוס 700 מ""ל",גוד פוד פרודקטס S.p,IL,תחליב רחצה כיף מילק אוקיינוס 700 מל,מיליליטרים,700.00,"100 מ""ל",false,12,12.90,1.8429,true,1,315486
7290108356175,false,כיף אל סבון אבטיח ומנטה 1 ליטר משאבה,טרופיקל דגיל תעשיות,IL,אלסבון כיף 1 ליטר אבטיח ומנטה,ליטרים,1.00,ליטר,false,8,12.90,12.9000,true,1,323792
7290108356182,false,כיף אל סבון תאנה ותה ירוק 1 ליטר משאבה,קוסמופארם בע'\'\מ,IL,אלסבון כיף 1 ליטר תאנה ותה ירוק,ליטרים,1.00,ליטר,false,8,12.90,12.9000,true,1,323793
7290108356199,false,אל סבון כיף בניחוח אפרסק ופלפל שחור 1 ל,טרופיקל דגיל תעשיות,IL,אלסבון כיף 1 ליטר אפרסק ופלפל שחור,ליטרים,1.00,ליטר,false,8,12.90,12.9000,true,1,323794
7290108356229,false,ג'ל גילוח לכל סוגי העור מועשר בפחם פעיל,טרופיקל דגיל תעשיות,TR,גל גילוח קרמה קרבון פאוור 200 מל,מיליליטרים,200.00,"100 מ""ל",false,1,11.90,5.9500,true,1,323409
7290108356359,false,"קרמה - מן קרם לחות לגוף לאחר גילוח 400 מ""ל",קוסמופארם בעמ,IL,קרם לחות קרמה מן 400מל לאחר גילוח,מיליליטרים,400.00,"100 מ""ל",false,1,27.90,6.9750,true,1,322056
7290108356519,false,קרליין שמפו 10למניעת קשקשים 700מל,"קוסמופארם בע""\מ",IL,שמפו קרליין לשיער רגיל 700 מל חדש,מיליליטרים,700.00,"100 מ""ל",false,1,12.90,1.8429,true,1,334213
7290108356526,false,"קרליין - שמפו 10 לשיער יבש 700 מ""ל","קוסמופארם בע""\מ",IL,שמפו קרליין לשיער יבש 700 מל חדש,מיליליטרים,700.00,"100 מ""ל",false,1,12.90,1.8429,true,1,334214
7290108356533,false,קרוליין 10 שמפו לשיער מתולתל 700 מל,"קוסמופארם בע""\מ",IL,שמפו קרליין לשיער מתולתל 700 מל חדש,מיליליטרים,700.00,"100 מ""ל",false,1,12.90,1.8429,true,1,334215
7290108356540,false,קרוליין 10 שמפו לשיער צבוע 700 מל,"קוסמופארם בע""\מ",IL,שמפו קרליין לשיער צבוע 700 מל חדש,מיליליטרים,700.00,"100 מ""ל",false,1,12.90,1.8429,true,1,334216
7290108356564,false,"קרליין - מרכך 10 לשיער רגיל 700 מ""ל","קוסמופארם בע""\מn\",IL,מרכך קרליין שיער רגיל 700 מל חדש,מיליליטרים,700.00,"100 מ""ל",false,1,12.90,1.8429,true,1,334218
7290108356571,false,"קרליין - מרכך 10 לשיער יבש 700 מ""ל","קוסמופארם בע""\מ",IL,מרכך קרליין שיער יבש 700 מל חדש,מיליליטרים,700.00,"100 מ""ל",false,1,12.90,1.8429,true,1,334219
7290108356588,false,קרוליין 10 מרכך לשיער מתולתל 700 מל,"קוסמופארם בע""\מ",IL,מרכך קרליין שיער מתולתל 700 מל חדש,מיליליטרים,700.00,"100 מ""ל",false,1,12.90,1.8429,true,1,334220
7290108356595,false,קרוליין 10 מרכך לשיער צבוע 700 מל,"קוסמופארם בע""\מ",IL,מרכך קרליין שיער צבוע 700 מל חדש,מיליליטרים,700.00,"100 מ""ל",false,1,12.90,1.8429,true,1,334221
7290108356809,false,סבון בוטני ורד ומרווה לניקוי וטיפוח הידיים טבעוני 1 ל' כיף,קוסמופארם בע'\'\מ,IL,סבון ידיים כיף בוטני 500מל ורד מרווה,מיליליטרים,500.00,"100 מ""ל",false,12,15.90,3.1800,true,1,334826
7290108356816,false,"סבון בוטני גרניום ופטצ'ולי לניקוי וטיפוח הידיים, טבעוני 1 ל' כיף",קוסמופארם בע'\'\מ,IL,סבון ידיים כיף בוטני 500מל גרניום פטוצול,מיליליטרים,500.00,"100 מ""ל",false,12,15.90,3.1800,true,1,334827
7290108356861,false,מגבוני בייבי כיף ללא בישום מארז חמישייה,"טרופיקל דגיל בע""\מ",IL,מארז 5יח מגבוני בייבי כיף ללא בישום,יחידה,5.00,יחידה,false,1,17.90,3.5800,true,1,326936
7290108357004,false,כיף שמפו ורד ושמן קוקוי לרכות וברק,טרופיקל דגיל תעשיות,IL,שמפו כיף 700מל בניחוח ורד ושמן קוקוי,מיליליטרים,700.00,"100 מ""ל",false,12,12.90,1.8429,true,1,320542
7290108357011,false,כיף קונדישינר לשיער שמן קוקוי 700 מל,טרופיקל דגיל תעשיות,IL,מרכך כיף 700מל בניחוח ורד ושמן קוקוי,מיליליטרים,700.00,"100 מ""ל",false,12,12.90,1.8429,true,1,320543
7290108357028,false,"תחליב רחצה כיף ורד ושמן קוקוי 700 מ""ל",קוסמופארם בעמ,IL,תחליב רחצה כיף 700מל ורד ושמן קוקוי,מיליליטרים,700.00,"100 מ""ל",false,12,12.90,1.8429,true,1,320544
7290108357097,false,"קרליין - נושם ביו דאודורנט ספריי 150 מ""ל Velvet Rose לאישה",קוסטר אירוסול,IL,דאודורנט קרליין ספריי נושם ביו רוז,מיליליטרים,200.00,"100 מ""ל",false,1,12.90,6.4500,true,1,334822
7290108357189,false,"מבשם ומרכך למייבש הכביסה מקסימה פלורל 750 מ""ל סנו","סנו מפעלי ברונוס בע""\מ",IL,סנו מקסימה למייבש 750 מל פלורל טאצ,מיליליטרים,750.00,"100 מ""ל",false,1,18.90,2.5200,true,1,320538
7290108357196,false,"ג'ט פלוס לניקוי כללי בתוספת תמצית עץ התה 750 מ""ל סנו",מיוצר עי קונדיטוריית,IL,מרסס סנו גט לניקוי כללי 750מל תמצית תה,מיליליטרים,750.00,"100 מ""ל",false,1,12.90,1.7200,true,1,329113
7290108357202,false,סנוקליר לניקוי בניחוח בלו בלוסום 1 ליטר,"סנו מפעלי ברונוס בע""\מ",IL,סנוקליר בלו בלוסום אקדח 1 ליטר,ליטרים,1.00,ליטר,false,1,11.90,11.9000,true,1,326939
7290108357226,false,"אוקסיגן POWER אבקה לכביסה לבנה והסרת כתמים 1.4 ק""ג סנו",החברה הדרומית,IL,אבקת סנו אוקסיגן 1.4קג לבן בקופסא,גרמים,1400.00,100 גרם,false,12,31.90,2.2786,true,1,334224
7290108357233,false,סנוקליר מטליות לחות לניקוי והברקה 50יח,"סנו מפעלי ברונוס בע""\מ",IL,מטליות לחות לניקוי והברקה 50יח,יחידה,50.00,יחידה,false,24,12.90,0.2580,true,1,334228
7290108357240,false,"אוקסיג'ן פאוור תוסף להסרת כתמים קשים 1.4 ק""ג",החברה הדרומית,IL,אבקת סנו אוקסיגן 1.4קג ירוק בקופסא,גרמים,1400.00,100 גרם,false,12,31.90,2.2786,true,1,334225
7290108357264,false,"פרש אוטומטי מילוי בניחוח מרכך הכביסה אולטרה 375 מ""ל סנו",סנו מפעלי ברונוס בעמ,IL,מ.אויר סנו פרש מילוי אולטרה פרש 250מל,מיליליטרים,250.00,"100 מ""ל",false,1,14.90,5.9600,true,1,336403
7290108357271,false,סנובון ג'ל לניקוי אסלות עם חמצן פעיל לניקוי עוצמתי,סנו מפעלי ברונוס בעמ,IL,סנובון אוקסי לניקוי אסלות 750מל,מיליליטרים,750.00,"100 מ""ל",false,12,10.90,1.4533,true,1,336401
7290108357288,false,אקונומיקה ז'אוול בניחוח פריחה לבנה 4 ל' סנו,סנו ז'אוול Javel,IL,נוזל סנו זאול פריחה לבנה 4 ליטר,ליטרים,4.00,ליטר,false,1,16.90,4.2250,true,1,334226
7290108357295,false,"מרסס אוקסיג'ן מסיר כתמים סנו לכביסה לבנה 750 מ""ל",החברה הדרומית,IL,מסיר כתמים סנו אוקסיגן לכביסה לבנה750 מל,מיליליטרים,750.00,"100 מ""ל",false,1,17.90,2.3867,true,1,336404
7290108357301,false,"סנו - K300 קוטל חרקים תיקנים ונמלים 300 מ""ל","סנו מפעלי ברונוס בע""\מ",IL,קוטל חרקים קיי 301 300מל,מיליליטרים,300.00,"100 מ""ל",false,1,12.90,4.3000,true,1,336397
7290108357394,false,"תחליב רחצה קרמה חלב ודבש 700 מ""ל",קוסמופארם בע'\'\מ,IL,תחליב רחצה קרמה מועשר 700מל חלב ודבש,מיליליטרים,700.00,"100 מ""ל",false,12,18.90,2.7000,true,1,327719
7290108357400,false,"תחליב רחצה קרמה לבנדר ואקליפטוס 700 מ""ל",קוסמופארם בעמ,IL,תחליב רחצה קרמה מועשר 700מל לבנדר,מיליליטרים,700.00,"100 מ""ל",false,12,18.90,2.7000,true,1,323777
7290108357493,false,"תחליב רחצה קרמה וניל ופלפל ורוד 700 מ""ל",גוד פוד פרודקטס S.p,IL,תחליב רחצה קרמה מועשר 700מל וניל ופלפל,מיליליטרים,700.00,"100 מ""ל",false,12,18.90,2.7000,true,1,327718
7290108357578,false,"קרמה קרם ידיים וניל ופלפל ורוד 100 מ""ל","קוסמופארם בע""\מ.",IL,קרם ידיים קרמה 100מל וניל ופלפל ורוד,מיליליטרים,100.00,"100 מ""ל",false,1,8.90,8.9000,true,1,330848
7290108357653,false,סנובון ג'ל לאסלה שלישיה בניחוח אוקיינוס,החברה הדרומית,CZ,סבון אסלה סנובון באבלס שלישייה אוקיינוס,יחידה,1.00,יחידה,false,12,15.90,15.9000,true,1,338214
7290108357660,false,סנובון Bubbles שלישיית כדוריות ג'ל אסלה ניחוח לבנדר,סנו סנובון,CZ,סבון אסלה סנובון באבלס שלישייה לבנדר,יחידה,1.00,יחידה,false,12,15.90,15.9000,true,1,338215
7290108357707,false,"כיף שמפו לשיער רגיל- תפוח זרעי צ'יה 700 מ""ל",גוד פוד פרודקטס S.p,IL,שמפו כיף לשיער רגיל תפוח זרעי ציה 700מל,מיליליטרים,700.00,"100 מ""ל",false,12,12.90,1.8429,true,1,316368
7290108357714,false,"כיף שמפו לשיער יבש -רימונים ושמן ארגן 700 מ""ל",גוד פוד פרודקטס S.p,IL,שמפו כיף לשיער יבש רימונים ושמן ארגן 700,מיליליטרים,700.00,"100 מ""ל",false,12,12.90,1.8429,true,1,316370
7290108357769,false,"מרכך לשיער רגיל תפוח וזרעי צ'יה 700 מ""ל כיף",גוד פוד פרודקטס S.p,IL,מרכך כיף לשיער רגיל תפוח זרעי ציה 700מל,מיליליטרים,700.00,"100 מ""ל",false,12,12.90,1.8429,true,1,316369
7290108357776,false,"כיף מרכך לשיער יבש -רימונים ושמן ארגן 700 מ""ל",גוד פוד פרודקטס S.p,IL,מרכך כיף לשיער יבש רימונים ושמן ארגן 700,מיליליטרים,700.00,"100 מ""ל",false,12,12.90,1.8429,true,1,316371
7290108357851,false,"כיף - ג'ל רחצה אליקסיר אוילס מועשר בשמן קוקוס 700 מ""ל","קוסמופארם בע""\מ",IL,תחליב רחצה כיף מילק שמן קוקוס 700 מל,מיליליטרים,700.00,"100 מ""ל",false,12,12.90,1.8429,true,1,334210
7290108357875,false,"כיף - שמפו לחות מוגברת עם אפרסק וחמאת מורומורו 700 מ""ל",קוסמופארם בעמ,IL,שמפו כיף לחות מוגברת אפרסק 700מל,מיליליטרים,700.00,"100 מ""ל",false,12,12.90,1.8429,true,1,334823
7290108357882,false,"כיף - מרכך לחות מוגברת עם אפרסק וחמאת מורומורו 700 מ""ל",קוסמופארם בעמ,IL,מרכך כיף לחות מוגברת אפרסק 700מל,מיליליטרים,700.00,"100 מ""ל",false,12,12.90,1.8429,true,1,334824
7290108358070,false,"תחליב רחצה קרמה קלאסי 700 מ""ל",גוד פוד פרודקטס S.p,IL,תחליב רחצה קרמה מועשר 700מל קלאסי,מיליליטרים,700.00,"100 מ""ל",false,12,18.90,2.7000,true,1,324795
7290108358087,false,"תחליב רחצה קרמה מאסק 700 מ""ל",גוד פוד פרודקטס S.p,IL,תחליב רחצה קרמה מועשר 700מל ורד וניל,מיליליטרים,700.00,"100 מ""ל",false,12,18.90,2.7000,true,1,324796
7290108358100,false,"פרש הום מקלות ריחניים לבית בניחוח בייבי 100 מ""ל",סנו fresh,IL,מקלות מטהרי אויר פרש הום בייבי פאודר,Unknown,0.00,Unknown,false,12,21.90,0.0000,true,1,334231
7290108358117,false,"פרש הום מקלות ריחניים לבית בניחוח כביסה רעננה 100 מ""ל",החברה הדרומית,IL,מקלות מטהרי אויר פרש הום פרש לאוונדרי,Unknown,0.00,Unknown,false,12,21.90,0.0000,true,1,334230
7290108358124,false,דפי בישום לחים למייבש הכביסה בניחוח מרכך כביסה 20 יח' מקסימה,טרופיגל דגיל תעשיות קוסמ,IL,דפי בישום מקסימה פרש למייבש כביסה 20יח,יחידה,20.00,יחידה,false,12,13.90,0.6950,true,1,338216
7290108359008,false,סושי שקיות זיפר עם סליידר 15 יח לארג',החברה הדרומית,CN,שקיות זיפר+סליידר 15יח גודל לארג,יחידה,15.00,יחידה,false,12,14.90,0.9933,true,1,334207
7290108359015,false,סושי שקיות זיפר עם סליידר 20 יח מדיום,החברה הדרומית,CN,שקיות זיפר+סליידר 20יח גודל מדיום,יחידה,20.00,יחידה,false,12,14.90,0.7450,true,1,334206
7290108359060,false,סנו סושי כריות הפלא רב תכלתיות *4 לשבת,סנו מפעלי ברונו בעמ,IL,כריות ניקוי לשבת 4יח סנו סושי,יחידה,4.00,יחידה,false,12,12.90,3.2250,true,1,333073
7290108359084,false,סנו סושי כיסוי ניילון עם גומי 30 יחידות M,תאיזו ווילד,IL,כיסוי ניילון עם גומי 30יח מדיום סנו סושי,יחידה,30.00,יחידה,false,24,9.90,0.3300,true,1,338218
7290108359091,false,סנו סושי כיסוי ניילון עם גומי 30 יחידות L,תאיזו ווילד,IL,כיסוי ניילון עם גומי 30יח לארג סנו סושי,יחידה,30.00,יחידה,false,24,9.90,0.3300,true,1,338219
7290108359121,false,סנו סושי שקיות אשפה חזקות במיוחד 100 יח' L,סנו סושי,IL,שקיות אשפה חזקות 100יח בקופסא סנו סושי,יחידה,100.00,יחידה,false,8,59.90,0.5990,true,1,334222
7290108359145,false,סנו סושי דפי ספוג הפלא12,קריות זול,CN,דפי ספוג הפלא 12יחידות סנו סושי,יחידה,12.00,יחידה,false,1,12.90,1.0750,true,1,338212
7290108359176,false,סופט לושן טישו ניילון 3 שכבות 2X100 יחיד,החברה הדרומית,EG,ממחטות אף סופט לושן מארז 2יח 100יח,יחידה,200.00,יחידה,false,48,13.90,0.0695,true,1,338217
7290108359183,false,שקית אשפה חזקות 70*50 60 יח' סנו סושי,סנו סושי,IL,שקיות אשפה 60יחידות 52/71סמ ידיות אחיזה,יחידה,60.00,יחידה,false,12,21.90,0.3650,true,1,338213
7290108359824,false,"כיף - בייבי כיף קרם 500 מ""ל",קוסמופארם בעמ,IL,קרם גוף בייבי כיף 500 מל הידרומיסט 24,מיליליטרים,500.00,"100 מ""ל",false,12,24.90,4.9800,true,1,315833
7290108359831,false,"כיף - בייבי כיף שמן 500 מ""ל","מיוצר ומשווק ע""י קוס",IL,שמן גוף בייבי כיף 500 מל הידרומיסט 24,מיליליטרים,500.00,"100 מ""ל",false,12,24.90,4.9800,true,1,315832
7290108359985,false,סנו - ז'אוול מרסס קצף לניקוי וחינו בניחוח פריחה לבנה 1 ליטר,סנו ז'אוול Javel,IL,סנו זאוול מרסס 1ליטר פריחה לבנה,ליטרים,1.00,ליטר,false,1,18.90,18.9000,true,1,334227
7290108501377,false,שפרוטים מעושנים בשמן מרינה מכסה שקוף 160 ג',וילי פוד,,שפרוטים מריגה מעושנים בשמן 160 גר,גרמים,160.00,100 גרם,false,1,9.90,6.1875,true,1,310774
7290108501827,false,קדאיף שערות בצק ויליפוד 450 גרם,הנסיך- מפעל לייצור ט,GR,שערות קדאיף בצק 450גר,גרמים,450.00,100 גרם,false,1,21.90,4.8667,true,1,312879
7290108501964,false,חטיף אגוזים וצימוקים הפי נאטס מארז 35X4ג',ואמראליס,GR,חטיף שקדים וצימוקים האפי נאטס 35גר 140גר,גרמים,140.00,100 גרם,false,12,10.90,7.7857,true,1,312991
7290108501971,false,חטיף בוטנים ומשמש הפי נאטס מארז 35X4ג',ואמראליס,GR,חטיף שקדים ומשמש האפי נאטס 35גר 140גר,גרמים,140.00,100 גרם,false,12,10.90,7.7857,true,1,312992
7290108501988,false,חטיף שקדים וחמוציות הפי נוטס מארז 35X4ג',ואמראליס,GR,חטיף שקדים וחמוציות האפי נאטס 35גר 140גר,גרמים,140.00,100 גרם,false,12,10.90,7.7857,true,1,312990
7290108502251,false,קרקרים טבעי וילי פוד 250 ג',,IT,קרקר איטלקי מליחות מעודנת 250 גרם,גרמים,250.00,100 גרם,false,20,6.90,2.7600,true,1,336502
7290108502336,false,גבינת גורגונזולה איטלקית 150 גרם 29% שומן,איגור SRL,IT,גבינת גורגונזולה איטלקית 150גר 29%שומן,גרמים,150.00,100 גרם,false,8,16.90,11.2667,true,1,337128
7290108502381,false,בסיסים להכנת פיצה קוטר 26 וילי פוד 480ג',מוטלוקל גידה סאנאי ט,TR,תחתית לפיצה מנת השף 26 סמ,גרמים,480.00,100 גרם,false,1,11.90,2.4792,true,1,315685
7290108502589,false,גבינת שמנת עם שום ויליפוד 200 גרם,אטלסר&אלפרי קאסורק,DE,גבינת שמנת יורו ציז שום 200 גרם,גרמים,200.00,100 גרם,false,12,10.90,5.4500,true,1,315537
7290108502862,false,מלפפונים כבושים במלח 18-25 קטנים ויליפוד 600 גרם,זיתור סאן גידה סני וטיקר,TR,מלפפונים כבושים במלח 18-25 600 גר,גרמים,600.00,100 גרם,false,12,10.90,1.8167,true,1,315184
7290108503043,false,תפוחונים חטיף פלחים מיובשים מארז 22X4ג',הביי דונגפנג פוד קו. בעמ,CN,מארז 4יח חטיף תפוחונים מיובשים 22 גרם,Unknown,0.00,Unknown,false,144,14.90,0.0000,true,1,315187
7290108504378,false,גבינת שמנת עם זיתים ויליפוד 200 גרם,אטלסר&אלפרי קאסורק,DE,גבינת שמנת זיתים יורו ציז 200גרם,גרמים,200.00,100 גרם,false,12,10.90,5.4500,true,1,321189
7290108504538,false,מוסקה צמחונית 400גר,פליריה,GR,מוסקה צמחונית 400גר אולימפיה,גרמים,400.00,100 גרם,false,6,12.90,3.2250,true,1,321293
7290108505153,false,יוגורט בטעם טבעי 10% שומן ויליפוד 150 גרם,Euro יורו מחלבות אירופה,GR,יוגורט יווני 150גרם טבעי 10%שומן,גרמים,150.00,100 גרם,false,12,5.90,3.9333,true,1,322865
7290108505160,false,יוגורט עם אגסים 4% שומן ויליפוד 150 גרם,Euro יורו מחלבות אירופה,GR,יוגורט יווני אגסים 150גרם 4% שומן,גרמים,150.00,100 גרם,false,6,5.90,3.9333,true,1,322872
7290108505177,false,יוגורט עם אננס 0% שומן ויליפוד 150 גרם,Euro יורו מחלבות אירופה,GR,יוגורט יווני אננס 150גרם 0%שומן,גרמים,150.00,100 גרם,false,6,5.90,3.9333,true,1,322871
7290108505191,false,יוגורט עם פצפוצי שוקולד 5% שומן ויליפוד 150 גרם,Euro יורו מחלבות אירופה,GR,יוגורט יווני פצפוצי שוקולד 150גר 5% שומן,גרמים,150.00,100 גרם,false,6,5.90,3.9333,true,1,322873
7290108505207,false,יוגורט עם אוכמניות 0% שומן ויליפוד 150 גרם,Euro יורו מחלבות אירופה,GR,יוגורט יווני אוכמניות 150גרם 0%שומן,גרמים,150.00,100 גרם,false,6,5.90,3.9333,true,1,322868
7290108505214,false,יוגורט עם אפרסק 0% שומן ויליפוד 150 גרם,Euro יורו מחלבות אירופה,GR,יוגורט יווני אפרסק 150גרם 0%שומן,גרמים,150.00,100 גרם,false,6,5.90,3.9333,true,1,322870
7290108506037,false,דלתא יוגורט בטעם טבעי 5% שומן ויליפוד 150 גרם,Euro יורו מחלבות אירופה,GR,יוגורט יווני טבעי 150גרם 5%שומן,גרמים,150.00,100 גרם,false,6,5.90,3.9333,true,1,328516
7290108506495,false,"כנאפה מאפה בצק ""שערות"" קדאיף וגבינה",ארמה גרופ,TR,כנאפה קפוא 192.5גר,גרמים,193.00,100 גרם,false,42,13.90,7.2021,true,1,322067
7290108506969,false,מאפה בורקס מים תורכי גבינה ויליפוד 300 גרם,וילי פוד,TR,בורקס מים טורקי גבינה 300גר,גרמים,300.00,100 גרם,false,1,14.90,4.9667,true,1,324258
7290108507010,false,מאפה בורקס מים תורכי תרד וגבינה ויליפוד 300 גרם,וילי פוד,TR,בורקס מים טורקי תרד גבינה 300גר,גרמים,300.00,100 גרם,false,1,14.90,4.9667,true,1,324259
7290108507416,false,מארז רביעיית דונאטס,,PL,מארז רביעיית דונאטס שוקולד כדורגל 240גר,גרמים,240.00,100 גרם,false,10,22.90,9.5417,true,1,325137
7290108507850,false,זיתים ירוקים שלמים במי מלח מסיציליה ויליפוד 570 גרם,סיוארס אס.איי,IT,זיתים ירוקים שלמים מי מלח סיציליה570 גרם,גרמים,570.00,100 גרם,false,6,14.90,2.6140,true,1,327094
7290108508031,false,ויליפוד אננס שלם 830 גרם,אנגס פארם,TH,לפתן אננס שלם ויליפוד 830 גרם,גרמים,830.00,100 גרם,false,1,10.90,1.3133,true,1,337434
7290108508369,false,גבינת CHEESE LONG ויליפוד 200 גרם,מוטיבי גידה דיירי אי,TR,גבינת ציז לונג 200גר,גרמים,200.00,100 גרם,false,12,19.90,9.9500,true,1,326763
7290108508543,false,אפונה מבושלת במי מלח 700 גר,,TR,אפונה מבושלת במי מלח 700 גרם,גרמים,700.00,100 גרם,false,1,9.90,1.4143,true,1,332563
7290108508765,false,קונכיות פתיתים ויליפוד 400גרם,וילי פוד,TR,קונכיות פתיתים 400 גרם צ,גרמים,400.00,100 גרם,false,1,7.90,1.9750,true,1,332564
7290108508772,false,קונכיות פתיתים עם תרד 400 גרם,וילי פוד,TR,קונכיות פתיתים עם תרד 400 גרם,גרמים,400.00,100 גרם,false,1,7.90,1.9750,true,1,332565
7290108508970,false,וילי פוד תה ג'רבה 50,אוסוואלדי קרוז בואנס,PY,תה גרבה מטה 500 ג,גרמים,500.00,100 גרם,false,1,16.90,3.3800,true,1,327470
7290108509403,false,חלבה טורקית קלאסית 350 גרם ויליפוד,וילי פוד,TR,חלבה טורקית קלאסית 350 גרם,גרמים,350.00,100 גרם,false,12,9.90,2.8286,true,1,328614
7290108509410,false,חלבה טורקית עם קקאו 350 גרם ויליפוד,וילי פוד,TR,חלבה טורקית עם קקאו 350 גרם,גרמים,350.00,100 גרם,false,12,9.90,2.8286,true,1,328616
7290108509427,false,חלווה טורקית +פיסטוק 350 גרם,וילי פוד,TR,חלבה טורקית עם פיסטוק 350 גרם,גרמים,350.00,100 גרם,false,12,9.90,2.8286,true,1,328615
7290108509618,false,זיתים ירוקים על הגריל מגולענים במרינדה 730 גרם,,TR,זית ירוק על הגריל מגולען 730 גרם,גרמים,730.00,100 גרם,false,12,24.90,3.4110,true,1,329307
7290108509625,false,זיתים ירוקים ופלפל על הגריל מגולענים במרינדה 730 גרם ויליפוד,,TR,זית ירוק עם פלפל על הגריל מגולען 730 גרם,גרמים,730.00,100 גרם,false,12,24.90,3.4110,true,1,329308
7290108509700,false,"אורז פרסי DAAWAT מהדרין 1 ק""ג",אל.טי.פודס לימיטד,IN,אורז פרסי דאוואט 1 קג,קילוגרמים,1.00,"ק""ג",false,20,9.90,9.9000,true,1,333381
7290108620023,false,יין קפיטל קברנה סובניון יבש אדום 750 מל,יקבי ציון,IL,יין קפיטל קברנה סובניון 750 מל,מיליליטרים,750.00,"100 מ""ל",false,12,60.00,8.0000,true,1,334261
7290108620030,false,יין קפיטל מרלו יבש אדום 750 מל,יקבי ציון,IL,יין קפיטל מרלו 750 מל,מיליליטרים,750.00,"100 מ""ל",false,12,60.00,8.0000,true,1,334262
7290108620054,false,יין אסטייט קברנה סובניון יבש אדום 750 מל,יקבי ציון,IL,יין אסטייט קברנה סוביניון 750 מל,מיליליטרים,750.00,"100 מ""ל",false,12,40.00,5.3333,true,1,334255
7290108620061,false,יין אסטייט שיראז יבש אדום 750 מל,יקבי ציון,IL,יין אסטייט שיראז 750 מל,מיליליטרים,750.00,"100 מ""ל",false,12,40.00,5.3333,true,1,334256
7290108620078,false,יין אסטייט מרלו יבש אדום 750 מל,יקבי ציון,IL,יין אסטייט מרלו 750 מל,מיליליטרים,750.00,"100 מ""ל",false,12,40.00,5.3333,true,1,334257
7290108620085,false,"יין שרדונה אסטייט 750 מ""ל",יקבי ציון,IL,יין אסטייט שרדונה 750 מל,מיליליטרים,750.00,"100 מ""ל",false,12,40.00,5.3333,true,1,334258
7290108620108,false,יין אימפריאל קברנה סובניון אדום 750 מל,יקבי ציון,IL,יין אימפריאל קברנה סוביניון 750 מל,מיליליטרים,750.00,"100 מ""ל",false,12,35.00,4.6667,true,1,336259
7290108620115,false,יין אימפריאל מרלו אדום יבש 750 מל,יקבי ציון,IL,יין אימפריאל מרלו 750 מל,מיליליטרים,750.00,"100 מ""ל",false,12,35.00,4.6667,true,1,336260
7290108620160,false,יין אימפריאל סובניון בלאן לבן יבש 750 מל,יקבי ציון,IL,יין אימפריאל סוביניון בלאן 750 מל,מיליליטרים,750.00,"100 מ""ל",false,12,35.00,4.6667,true,1,336261
7290108620191,false,"יין אסטייט מוסקט קינוח 750 מ""ל",יקבי ציון,IL,יין אסטייט מוסקטו 750 מל,מיליליטרים,750.00,"100 מ""ל",false,12,40.00,5.3333,true,1,334260
7290108620306,false,"אימפריאל - קברנה סובניון - 375 מ""ל",יקב ציון,IL,יין אימפריאל קברנה סוביניון 375 מל,מיליליטרים,375.00,"100 מ""ל",false,12,25.00,6.6667,true,1,333763
7290108620313,false,"יקב ציון רוזה אימפריאל,",יקב ציון,IL,יין אימפריאל רוזה 375 מל,מיליליטרים,375.00,"100 מ""ל",false,12,25.00,6.6667,true,1,333764
7290108620320,false,"אימפריאל - סובניון בלאן - 375 מ""ל",יקב ציון,IL,יין אימפריאל סובניון בלאן 375 מל,מיליליטרים,375.00,"100 מ""ל",false,12,25.00,6.6667,true,1,333765
7290108621013,false,יין רזרב מרלו 750 מל,יקבי ציון,,יין רזרב מרלו 750 מל פקדון,מיליליטרים,750.00,"100 מ""ל",false,1,150.00,20.0000,true,1,303621
7290108621143,false,יין אוריינט אדום דור,יקב 1848,,יין אוריינט אדום דור 5 750 מל,מיליליטרים,750.00,"100 מ""ל",false,1,70.00,9.3333,true,1,333673
7290108801705,false,תמר לח חיאני 500 גר,,,תמר לח חיאני 500 גר,גרמים,500.00,100 גרם,false,1,9.90,1.9800,true,1,311797
7290108980301,false,מברשת למנגל/גריל מקצ,,,מברשת למנגל/גריל מקצועי,יחידה,1.00,יחידה,false,1,34.90,34.9000,true,1,327368
7290109230566,false,"וויסקי מילק&האני 700מ""ל",מזקקת מילק אנד האני,IL,וויסקי מילק אנד האני סינגל 700 מל,מיליליטרים,700.00,"100 מ""ל",false,6,199.00,28.4286,true,1,326740
7290109351025,false,מלך החומוס חומוסטחינה 40% טחינה גולמית,סלטי צבר,IL,מלך החומוס חומוסטחינה 400 גרם צבר,גרמים,400.00,100 גרם,false,1,14.90,3.7250,true,1,297125
7290109351209,false,קרחון שרבט אננס תפוז לה פרוטה נסטלה 70 גרם,גלידות נסטלה )נגה גלידות,IL,קרחון לה פרוטה אננס תפוז בודד,יחידה,1.00,יחידה,false,36,6.90,6.9000,true,1,302682
7290109351957,false,פריכיות אורז מלא פיטנס עם שכבת שוקולד חלב,סנורייס בלגיום אן. ו,BE,פריכיות פיטנס שוקולד חלב 100 גר,גרמים,100.00,100 גרם,false,1,8.90,8.9000,true,1,301736
7290109351971,false,פריכיות דגנים פיטנס מצופות שוקולד חלב,פרח תעשיות,IL,פריכיות פיטנס מצופות שוקולד חלב84 גר,Unknown,0.00,Unknown,false,1,12.90,0.0000,true,1,301322
7290109352916,false,פריכיות דגנים פיטנס מצופות שוקולד לבן,פרח תעשיות,IL,פריכיות פיטנס מצופות שוקולד לבן84 גר,Unknown,0.00,Unknown,false,1,12.90,0.0000,true,1,301323
7290109353272,false,פרפקטו ספגטי עתיר בסיבים אסם 500 גרם,פסטה זארה,IT,ספגטי פרפקטו עתיר סיבים500 ג,גרמים,500.00,100 גרם,false,20,7.50,1.5000,true,1,300738
7290109353494,false,פסטה פרפקטו פארפאלה 500ג' אסם,אסם פרפקטו Perfecto,IT,פסטה פרפקטו פראפלה 500 ג,גרמים,500.00,100 גרם,false,20,7.50,1.5000,true,1,300739
7290109354057,false,קרחוני לה פרוטה La Frutta בטעמי אננס תפוז- 5 יח',תות תעשיות מזון (201,IL,מאגדת לה פרוטה מיקס תפוז אננס 350גר,יחידה,5.00,יחידה,false,1,25.90,5.1800,true,1,299792
7290109354101,false,"לחמית ללא גלוטן 200 גר' ""אסם""","אסם תעשיות בע""מ",IL,לחמית ללא גלוטן 200גר,גרמים,190.00,100 גרם,false,1,8.90,4.6842,true,1,306723
7290109354972,false,אוסם - פתי בר וניל חלבי ללא גלוטן 200 גרם,מיוצר עי קונדיטוריית,IL,ביסקויט פתיבר קלאסי ללא גלוטן 200 גרם,גרמים,200.00,100 גרם,false,12,8.90,4.4500,true,1,300268
7290109354996,false,פתי בר ללא גלוטן שוקו 200 גרם אסם,מיוצר עי קונדיטוריית,IL,ביסקויט פתיבר שוקו ללא גלוטן 200 גרם,גרמים,200.00,100 גרם,false,12,8.90,4.4500,true,1,300269
7290109355504,false,שלגון קראנץ וניל ליבת נוגט נסטלה 100 גרם,נטו מלינדה-בשר,IL,שלגון קראנץ וניל שוקולד לבן נוגט,יחידה,1.00,יחידה,false,1,11.00,11.0000,true,1,302676
7290109358567,false,פסטה אסם ספגטי פלוס 400 גרם,קריות זול,IT,ספגטי אוסם פלוס 400 גרם,גרמים,500.00,100 גרם,false,24,5.90,1.1800,true,1,303755
7290109580043,false,"שניצל תירס קלאסי זוגלובק 1.75 ק""ג",זוגלובק,IL,שניצל טבע תירס קלאסי 1.75קג,גרמים,1750.00,100 גרם,false,6,51.90,2.9657,true,1,335813
7290109580050,false,נקניקיות צ'וריסוס וונדרס 0% בשר טבעוני ללא גלוטן,"וונדרס ע""י זוגלובק 2000",IL,נקניקיות צוריסוס וונדרס 226גר,גרמים,226.00,100 גרם,false,6,29.90,13.2301,true,1,335820
7290109580067,false,"טחון וונדרס 0% בשר , טבעוני","וונדרס ע""י זוגלובק 2000",IL,טחון וונדרס 340גר,גרמים,340.00,100 גרם,false,6,29.90,8.7941,true,1,335821
7290109580098,false,קבנוס בטעם סרירצ'ה זוגלובק 135 גרם,זוגלובק,IL,נקניק קבנוס סרירצה 135גר,גרמים,135.00,100 גרם,false,12,10.90,8.0741,true,1,335812
7290109580104,false,רוסטביף פרימיום זוגלובק 150 גרם,זוגלובק,IL,נקניק רוסביף 150 גרם פרימיום,גרמים,150.00,100 גרם,false,8,24.90,16.6000,true,1,335796
7290109580111,false,צלעות אסאדו מעושנות פרימיום זוגלובק 120 גרם,זוגלובק,IL,נקניק צלעות אסאדו מעושנות 120גר פרימיום,גרמים,120.00,100 גרם,false,8,24.90,20.7500,true,1,335801
7290109580135,false,קורנדביף פרימיום 180 גרם זוגלובק,זוגלובק,IL,נקניק קורנדביף 180גרם פרימיום,גרמים,180.00,100 גרם,false,8,24.90,13.8333,true,1,335798
7290109580159,false,פסטרמה בנוסח טוסקנה פרימיום זוגלובק 180 גרם,זוגלובק,IL,פסטרמה בנוסח טוסקנה 180גר פרימיום,גרמים,180.00,100 גרם,false,8,24.90,13.8333,true,1,335799
7290109580166,false,סרוולד קלאסי פרימיום זוגלובק 150 גרם,זוגלובק,IL,נקניק סרוולד קלאסי 150גר פרימיום,גרמים,150.00,100 גרם,false,8,24.90,16.6000,true,1,335800
7290109580210,false,נקנקיות ריינהולד'ס הצרפתיה זוגלובק 300 ג',זוגלובק,IL,נקניקיות ריינהולדס הצרפתיה 300גר,גרמים,300.00,100 גרם,false,6,21.90,7.3000,true,1,335804
7290109580227,false,נקניקיות עוף ובקר בסגנון ברלינאי קאריוורסט,זוגלובק,IL,נקניקיות קאריוורסט ריינהולדס 300גר,גרמים,300.00,100 גרם,false,6,21.90,7.3000,true,1,335805
7290109580234,false,"נקניקיות מרגז חריפות וונדרס 0% בשר, טבעוני",זוגלובק וונדרס Wonders,IL,נקניקיות מרגז וונדרס 226גר,גרמים,226.00,100 גרם,false,6,29.90,13.2301,true,1,335823
7290109580241,false,נאגטס מן הצומח זוגלובק 500 גרם,זוגלובק טבע,IL,נאגטס מן הצומח 500גר,גרמים,500.00,100 גרם,false,12,22.90,4.5800,true,1,335861
7290109580319,false,"בורגר וונדרס 0% בשר , טבעוני",זוגלובק וונדרס Wonders,IL,בורגר וונדרס 280גר,גרמים,280.00,100 גרם,false,6,29.90,10.6786,true,1,335824
7290109580449,false,סלמי בטעם כמהין פרימיום זוגלובק 180 גרם,זוגלובק,IL,נקניק סלמי בטעם כמהין 180גר פרימיום,גרמים,180.00,100 גרם,false,8,24.90,13.8333,true,1,335860
7290109640020,false,גוש טבעוני בטעם מוצרלה 18% שומן 300 גרם - משומשו,וי גרדן,IL,תחליף בסגנון מוצרלה 300 גרם משומשו,גרמים,300.00,100 גרם,false,1,21.90,7.3000,true,1,304066
7290109640198,false,מגורדת לפיצה ולאפיה 20% שומן 200 גרם - משומשו,וי גרדן,IL,תחליף גבינה לפיצה ואפיה 200גר משומשו,גרמים,200.00,100 גרם,false,1,21.90,10.9500,true,1,304076
7290109640204,false,גוש בסגנון חלומי 18% משומשו 250 גרם,וי גרדן,IL,גוש בסגנון חלומי 250גר 18%שומן משומשו,גרמים,250.00,100 גרם,false,1,20.90,8.3600,true,1,304077
7290109640372,false,ממרח עם זיתים על בסיס רכיבי קוקוס 9%,גן שמואל-תעשיות בריאות,IL,ממרח זיתים 200גר 9% על בסיס קוקוס משומשו,גרמים,200.00,100 גרם,false,1,15.90,7.9500,true,1,315787
7290109640396,false,ממרח שום שמיר על בסיס קוקוס 9% שומן 200 גרם - משומשו,גן שמואל-תעשיות בריאות,IL,ממרח שום שמיר 200גר 9% בסיס קוקוס משומשו,גרמים,200.00,100 גרם,false,1,15.90,7.9500,true,1,315790
7290109640402,false,ממרח על בסיס קוקוס 9% שומן 200 גרם - משומשו,גן שמואל-תעשיות בריאות,IL,ממרח טבעי 200גר 9% על בסיס קוקוס משומשו,גרמים,200.00,100 גרם,false,1,15.90,7.9500,true,1,315788
7290109640631,false,לאבנה טבעונית 9% שומן 200 גר' משומשו,"טרופיקל דגיל בע""מ אז",IL,בסגנון לאבנה 200גרם על בסיס קוקוס,גרמים,200.00,100 גרם,false,1,15.90,7.9500,true,1,325083
7290109640648,false,ממרח בטעם חמאה 150 גרם - משומשו,גן שמואל-תעשיות בריאות,IL,ממרח בטעם חמאה 150גר משומשו,גרמים,150.00,100 גרם,false,1,12.90,8.6000,true,1,327069
7290109640761,false,מאפה פילאס במילוי פטה טבעונית 600 גרם - משומשו,סנו מפעלי ברונוס.,IL,מאפה פילאס מילוי פטה טבעונית 600גר משומש,גרמים,600.00,100 גרם,false,1,24.90,4.1500,true,1,327249
7290109640778,false,מאפה בצק פילאס טבעוני במילוי טעם בשר 600 גר',סנו מפעלי ברונוס.,IL,מאפה פילאס בסגנון בשר 600גר משומשו,גרמים,600.00,100 גרם,false,1,24.90,4.1500,true,1,327250
7290109640785,false,מאפה פילאס טבעוני במילוי בסגנון פיצה 600 גרם - משומשו,סנו מפעלי ברונוס.,IL,מאפה פילאס בסגנון פיצה 600גר משומשו,גרמים,600.00,100 גרם,false,1,24.90,4.1500,true,1,327251
7290109920061,false,ספריי מסיר מדבקות שומן וחומרים נדבקים,ריינבו,CN,ספריי מסיר חומרים נדבקים 450מל,מיליליטרים,450.00,"100 מ""ל",false,12,29.90,6.6444,true,1,333566
7290109920146,false,"דורגול מסיר אבנית מקומקומים 750 מ""ל",יעקובי דורגול,CH,מסיר אבן דורגול קומקום 750מל,מיליליטרים,750.00,"100 מ""ל",false,1,21.90,2.9200,true,1,300669
7290109920153,false,"מלבין לכביסה לבנה לובן צח, 790 גרם יעקבי",יעקובי,US,אבקה להלבנת כביסה לבנה 790 גר וויט בריט,גרמים,790.00,100 גרם,false,1,34.90,4.4177,true,1,302167
7290109920221,false,"ספריי שימון ותחזוקה ג'מבו 235 מ""ל",ריינבואו,CN,ספריי שימון לרכב גמבו 235 מל,מיליליטרים,235.00,"100 מ""ל",false,24,29.90,12.7234,true,1,303653
7290109920313,false,"אסטוניש מרסס לניקוי חלונות 750 מ""ל",יעקבי- אסטוניש Astonish,GB,מרסס אסטוניש מבריק שמשות 750 מל,מיליליטרים,750.00,"100 מ""ל",false,12,13.90,1.8533,true,1,309708
7290109920597,false,"אסטוניש - מרסס לניקוי המקלחון 750 מ""ל",יעקבי- אסטוניש Astonish,GB,מרסס אסטוניש למקלחון 750 מל,מיליליטרים,750.00,"100 מ""ל",false,12,13.90,1.8533,true,1,309710
7290109920603,false,"אסטוניש קרם לניקוי המטבח 500 מ""ל",יעקובי אסטוניש,GB,קרם ניקוי אסטוניש למטבח 500 מל,מיליליטרים,500.00,"100 מ""ל",false,1,14.90,2.9800,true,1,311517
7290109920627,false,"אסטוניש קרם ואקונומיקה לניקוי אמבטיות 500 מ""ל",יעקובי אסטוניש,GB,קרם ניקוי אסטוניש אקונומיקה 500 מל,מיליליטרים,500.00,"100 מ""ל",false,1,14.90,2.9800,true,1,311518
7290109920658,false,"אסטוניש - מרסס אנטי בקטריאלי למטבח 750 מ""ל",יעקובי אסטוניש,GB,מרסס אסטוניש אנטי בקטריאלי למטבח 750 מל,מיליליטרים,750.00,"100 מ""ל",false,12,14.90,1.9867,true,1,309711
7290109920665,false,"אסטוניש - מרסס מסיר אוכל שרוף במטבח 750 מ""ל",יעקבי- אסטוניש Astonish,GB,מרסס אסטוניש מסיר אוכל שרוף 750 מל,מיליליטרים,750.00,"100 מ""ל",false,12,13.90,1.8533,true,1,309712
7290109920672,false,הפי אבקה למדיח-יעקבי,קלרו,AT,אבקה למדיח הפי 1.4קג,קילוגרמים,1.40,"ק""ג",false,4,27.90,19.9286,true,1,309724
7290109920740,false,מרכך כביסה מרוכז לבנדר הפי 1 ליטר,יעקובי הפי,,מרכך כביסה הפי מרוכז 1 ליטר לבנדר,ליטרים,1.00,ליטר,false,1,9.90,9.9000,true,1,309723
7290109920757,false,מרכך כביסה מרוכז ורדים הפי 1 ליטר,יעקובי הפי,,מרכך כביסה הפי מרוכז 1 ליטר ורדים,ליטרים,1.00,ליטר,false,1,9.90,9.9000,true,1,309722
7290109920795,false,אסטוניש רב תכליתי לבנדר,יעקובי אסטוניש,,נוזל ניקוי רב תכליתי אסטוניש לבנדר 1ליטר,ליטרים,1.00,ליטר,false,1,9.90,9.9000,true,1,311519
7290109920818,false,אסטוניש רב תכליתי לימון,יעקובי אסטוניש,,נוזל ניקוי רב תכליתי אסטוניש לימון 1ליטר,ליטרים,1.00,ליטר,false,1,9.90,9.9000,true,1,311520
7290109920825,false,צמד-דורגול אספרסו + דורגול מקציף חלב מתנה,יעקובי דורגול,CH,מסיר אבן מכונת קפה דורגול אספרסו 500מל,מיליליטרים,500.00,"100 מ""ל",false,1,31.90,6.3800,true,1,315549
7290109920849,false,"אסטוניש - מרסס לניקוי כללי בניחוח תפוז 750 מ""ל",יעקבי- אסטוניש Astonish,GB,מרסס אסטוניש לניקוי רב תכליתי 750 מל,מיליליטרים,750.00,"100 מ""ל",false,12,13.90,1.8533,true,1,309713
7290109920863,false,גל כביסה הפי מיוחד לכביסת בגדי ספורט,יעקובי הפי,BE,נוזל לכביסת בגדי ספורט הפי 1 ליטר,ליטרים,1.00,ליטר,false,12,15.90,15.9000,true,1,313989
7290109920870,false,גל כביסה הפי מיוחד לכביסה שחורה וכהה,יעקובי הפי,BE,נוזל לכביסה שחורה וכהה הפי 1 ליטר,ליטרים,1.00,ליטר,false,12,15.90,15.9000,true,1,313988
7290109920887,false,גל כביסה הפי מיוחד לכביסה ביד צמר ומשי,יעקובי הפי,BE,נוזל לכביסת צמר ומשי הפי 1 ליטר,ליטרים,1.00,ליטר,false,12,15.90,15.9000,true,1,313990
7290109920894,false,הפי GEL DE LINE לשטיפת רצפות 1ליטר,יעקובי הפי,BE,גל לשטיפת רצפות הפי 1 ליטר גל דה ליין,ליטרים,1.00,ליטר,false,12,12.90,12.9000,true,1,313992
7290109920917,false,"ג'ל לניקוי אסלה עם כלור הפי 750 מ""ל",וונדפוט,,גל לניקוי אסלות עם כלור הפי 750מל,מיליליטרים,750.00,"100 מ""ל",false,1,9.90,1.3200,true,1,314442
7290109921075,false,"נוזל דזיטול מחטא בגדים בכביסה 500 מ""ל",מרקה,BE,מחטא בגדים דזיטול 500מל,מיליליטרים,500.00,"100 מ""ל",false,1,15.90,3.1800,true,1,337936
7290109921129,false,מרכך כביסה סופר מרוכז בניחות סיגליות 1 ל' יעקבי,יעקובי הפי,,מרכך כביסה הפי מרוכז 1 ליטר סיגליות,ליטרים,1.00,ליטר,false,1,9.90,9.9000,true,1,314441
7290109921280,false,נוזל ניקוי רצפות הפי גל דה לין 3 ל,יעקובי,BE,נוזל לניקוי רצפות 3ליטר הפי גל דה ליין,ליטרים,3.00,ליטר,false,4,26.90,8.9667,true,1,317361
7290109921303,false,טורבול סופג לחות 2 מגשיות,יעקובי,SE,סופג לחות טורבולן 2יח,יחידה,2.00,יחידה,false,1,31.90,15.9500,true,1,315558
7290109921334,false,אידיאל פרוטקט יעקבי 15 דפי כביסה,יעקובי,ES,דפי בד לכביסה פרוטקט קולור 15 דף,יחידה,15.00,יחידה,false,1,16.90,1.1267,true,1,316581
7290109921372,false,משחה לניקוי תנורים אסטוניש+ספוג 250 גר,יעקובי אסטוניש,GB,משחה לתנורים אסטוניש+ספוג,גרמים,500.00,100 גרם,false,1,19.90,3.9800,true,1,317362
7290109921389,false,נוזל מקצועי לניקוי רצפות השיפוצניק יעקבי,יעקובי,TR,נוזל השיפוצניק לניקוי רצפות 900מל,מיליליטרים,900.00,"100 מ""ל",false,12,19.90,2.2111,true,1,317364
7290109921488,false,"דורגול לניקוי וחיטוי מכונת הכביסה יעקבי 500 מ""ל",יעקובי דורגול,DE,דורגול למכונת כביסה ניקוי וחיטוי 500מל,מיליליטרים,500.00,"100 מ""ל",false,10,29.90,5.9800,true,1,319673
7290109921563,false,רצפות שיש מבריק ואינו מחליק,וונדפוט,BE,נוזל לשטיפת רצפות שיש 1.25ליטר,מיליליטרים,1250.00,"100 מ""ל",false,9,14.90,1.1920,true,1,319674
7290109921570,false,יעקבי רצפות לניקוי פרקט 1.25 ליטר,וונדפוט,BE,נוזל לשטיפת רצפות פרקט 1.25ליטר,מיליליטרים,1250.00,"100 מ""ל",false,9,14.90,1.1920,true,1,319676
7290109921587,false,רצפות גרניט פורצלן ייבוש מהיר ללא סימנים,וונדפוט,BE,נוזל לשטיפת רצפות גרניט פורצלן 1.25ליטר,מיליליטרים,1250.00,"100 מ""ל",false,9,14.90,1.1920,true,1,319675
7290109921686,false,מטליות לחות פוליבוי לניקוי רהיטים 24 יח',יעקובי,DE,מטליות לחות לניקוי רהיטים פוליבוי 24יח,יחידה,24.00,יחידה,false,10,11.90,0.4958,true,1,320923
7290109921723,false,"דורגול ג'ל לאסלה 750 מ""ל",יעקובי דורגול,,גל לניקוי אסלות דורגול 750מל,מיליליטרים,750.00,"100 מ""ל",false,1,19.90,2.6533,true,1,326051
7290109921815,false,אמבט הברקה לסכום כסף,,NL,אמבט הברקה לסכום כסף 580מל,גרמים,580.00,100 גרם,false,1,49.90,8.6034,true,1,324896
7290109921853,false,אסטוניש המשחה המקורית לניקוי עם עוצמה,יעקבי- אסטוניש Astonish,GB,משחת אסטוניש לניקוי עם עוצמה 150גר,גרמים,150.00,100 גרם,false,1,18.90,12.6000,true,1,326050
7290109921952,false,ג'ל כביסה סופרו אקטיב יעקובי ירוק 2.5 ליטר,וונדפוט,IL,גל כביסה הפי 2.5ליטר סופר אקטיב ירוק,ליטרים,2.50,ליטר,false,1,24.90,9.9600,true,1,327518
7290109921969,false,ג'ל כביסה סופרו אקטיב יעקובי כחול 2.5 ליטר,וונדפוט,IL,גל כביסה הפי 2.5ליטר סופר קולור כחול,ליטרים,2.50,ליטר,false,1,24.90,9.9600,true,1,327519
7290109921976,false,ג'ל כביסה סופרו אקטיב יעקובי לבן 2.5 ליטר,וונדפוט,IL,גל כביסה הפי 2.5ליטר סופר בייבי לבן,ליטרים,2.50,ליטר,false,1,24.90,9.9600,true,1,327520
7290109922010,false,"אטאק ספריי מחטא אוויר משמיד חיידקים 500 מ""ל",יעקובי,TR,מחטא אויר ומשמיד חיידקים 75% 500מל,מיליליטרים,500.00,"100 מ""ל",false,12,19.90,3.9800,true,1,327550
7290109922096,false,נוזל דזיטול מחטא בגד,מרקה,ES,נוזל דזיטול מחטא בגדים בכביסה 1ליטר,ליטרים,1.00,ליטר,false,12,19.90,19.9000,true,1,338644
7290109922843,false,האקונומיקה המובילה באירופה נוסחה ייחודית מרוכז 2 ל,,BE,האקונומיקה המובילה באירופה 2ליטר,ליטרים,2.00,ליטר,false,6,11.90,5.9500,true,1,333564
7290109922867,false,2 in 1 - סופרו - ג'ל כביסה מרוכז עם מרכך יעקבי,וונדפוט,BE,גל כביסה+מרכך סופרו 2.5ליטר,ליטרים,2.50,ליטר,false,5,24.90,9.9600,true,1,333563
7290109922881,false,"דורגול מרסס למטבח 600 מ""ל",יעקובי דורגול,CH,מרסס דורגול למטבח 600מל,מיליליטרים,600.00,"100 מ""ל",false,12,24.90,4.1500,true,1,336198
7290109922898,false,דזיטול ספריי נגד קורונה לחיטוי משטחים,מרקה,ES,ספריי דזיטול לחיטוי משטחים 400מל,מיליליטרים,400.00,"100 מ""ל",false,12,19.90,4.9750,true,1,333562
7290109922911,false,דזיטול חיטוי נעליים מפטריות חיידקים וריחות 150מל,מרקה,ES,דזיטול חיטוי נעליים מפטריות חיידקים וריח,מיליליטרים,150.00,"100 מ""ל",false,12,19.90,13.2667,true,1,336201
7290109923024,false,"אסטוניש מרסס פרימיום ארומטיק למטבח 750 מ""ל",יעקובי אסטוניש,GB,מרסס אסטוניש פרימיום למטבח 750מל,מיליליטרים,750.00,"100 מ""ל",false,12,13.90,1.8533,true,1,334811
7290109923031,false,"אסטוניש מרסס פרימיום ארומטיק למקלחון 750 מ""ל",יעקובי אסטוניש,GB,מרסס אסטוניש פרימיום למקלחון 750מל,מיליליטרים,750.00,"100 מ""ל",false,12,13.90,1.8533,true,1,334812
7290109923048,false,"אסטוניש מרסס פרימיום ארומטיק לכל הבית 750 מ""ל",יעקובי אסטוניש,GB,מרסס אסטוניש פרימיום לכל הבית 750מל,מיליליטרים,750.00,"100 מ""ל",false,12,13.90,1.8533,true,1,334813
7290109923079,false,דזיטול נוזל מרוכז לחיטוי כללי ולרצפות 2 ליטר,מרקה,ES,נוזל דזיטול מרוכז לחיטוי כללי ולרצפות 2ל,ליטרים,2.00,ליטר,false,6,19.90,9.9500,true,1,336200
7290109923093,false,"אסטוניש - קרם כיריים הלוגן ומיקרו 500 מ""ל",יעקובי אסטוניש,IL,קרם אסטוניש כיריים הלוגן ומיקרו 500מל,מיליליטרים,500.00,"100 מ""ל",false,6,15.90,3.1800,true,1,333572
7290109923109,false,סבון אסלה 5 צדפות +אקונומיקה 2 יח',יעקובי,IL,סבון אסלה 5צדפות+אקונומיקה 2יח,יחידה,2.00,יחידה,false,9,11.90,5.9500,true,1,336199
7290109923130,false,מדליק לפחמים קוביות הפי 24 יח',דה טורן,,מדליק פחם מוצק הפי 250גר,גרמים,250.00,100 גרם,false,1,9.90,3.9600,true,1,336185
7290109923147,false,אסטוניש מהדורה פרימיום פלא של אקונומיקה,יעקבי- אסטוניש Astonish,GB,אסטוניש פלא של אקונומיקה פרימיום 750מל,מיליליטרים,750.00,"100 מ""ל",false,12,13.90,1.8533,true,1,336197
7290110057701,false,קופסת אוכל תלת מימד,,,קופסת אוכל תלת מימד מותגים,Unknown,0.00,Unknown,false,1,19.90,0.0000,true,1,307984
7290110059040,false,בקבוק טריטן מותגים 3,,,בקבוק טריטן מותגים 360 מל,Unknown,0.00,Unknown,false,1,27.90,0.0000,true,1,307985
7290110110017,false,פאנטה בטעם תות 1.5 ליטר,החברה המרכזית לייצור משק,IL,משקה פאנטה תות 1.5 ל,ליטרים,1.50,ליטר,false,1,9.30,6.2000,true,1,305321
7290110110024,false,"פאנטה תות פחית סליק 330מ""ל",החברה המרכזית לייצור משק,IL,משקה פאנטה תות פחית 330 פקדון,מיליליטרים,330.00,"100 מ""ל",false,1,5.90,1.7879,true,1,307710
7290110110277,false,"סומרסבי סיידר תפוחים אלכוהולי 4*300 מ""ל","קרלסברג קרואטיה , יב",HR,מארז 4יח סיידר תפוחים סומרסבי 330מל בק,מיליליטרים,1320.00,"100 מ""ל",false,6,29.90,2.2652,true,1,312381
7290110110369,false,"שישייה בירה קרלסברג LUMA בקבוק 330 מ""ל",מבשלות בירה בינלאומיות ב,IL,מארז 6 יח בירה לומה 330מל בק. פקדון,ליטרים,1.98,ליטר,false,1,36.90,18.6364,true,1,322861
7290110110574,false,"פחיות קוקה קולה זירו לימון 330 מ""ל",החברה המרכזית לייצור משק,IL,קוקה קולה זירו לימון פחית 330 פקדון,מיליליטרים,330.00,"100 מ""ל",false,1,5.90,1.7879,true,1,313407
7290110110598,false,קולה זירו לימון 1.5 ליטר,החברה המרכזית לייצור משק,IL,משקה קוקה קולה זירו לימון 1.5ליטר,ליטרים,1.50,ליטר,false,1,8.60,5.7333,true,1,313409
7290110110635,false,ספרייט 0.5 ליים חייב פקדון,החברה המרכזית לייצור,IL,ספרייט בקבוק 500 מל פקדון,מיליליטרים,500.00,"100 מ""ל",false,1,7.90,1.5800,true,1,312372
7290110110659,false,"ספרייט לימון ליים פחית 330מ""ל",החברה המרכזית לייצור משק,IL,משקה ספרייט פחית 330 פקדון,מיליליטרים,330.00,"100 מ""ל",false,1,5.90,1.7879,true,1,312371
7290110110703,false,מארז ספרייט שישייה פחיות FRIDGE PACK,החברה המרכזית לייצור משק,IL,מארז 6 פחיות ספרייט 330 מל פקדון,ליטרים,1.98,ליטר,false,1,23.90,12.0707,true,1,312370
7290110111557,false,"משקה ספורט איזוטוני בטעם פירות 500 מ""ל פאוורייד",Caslino al Piano pla,IT,משקה ספורט פאוורייד מאונטיין 500מל פירות,מיליליטרים,500.00,"100 מ""ל",false,12,10.90,2.1800,true,1,327531
7290110111564,false,"משקה ספורט איזוטוני בטעם הדרים ליין 500 מ""ל פאוורייד",פאווראייד POWERADE,IT,משקה ספורט פאוורייד מאונטיין 500מל הדרים,מיליליטרים,500.00,"100 מ""ל",false,12,10.90,2.1800,true,1,327532
7290110111809,false,"מארז פחיות פאנטה אורנג' שישייה 330 מ""ל",החברה המרכזית לייצור משק,IL,מארז 6 פחיות פאנטה 330 מל פקדון,ליטרים,1.98,ליטר,false,1,23.90,12.0707,true,1,317486
7290110113261,false,נקטר חמוציות 19 קלוריות SPRAY OCEAN פריגת 1 ליטר,קריות זול,IL,משקה חמוציות אושן ספריי 19קלוריות 1ליטר,ליטרים,1.00,ליטר,false,1,11.90,11.9000,true,1,332557
7290110113384,false,קוקה קולה זירו מארז רביעיה 1X4 ליטר,החברה המרכזית לייצור משק,IL,מארז 4יח קוקה קולה זירו 1 ליטר,ליטרים,4.00,ליטר,false,1,27.90,6.9750,true,1,327030
7290110113469,false,קוקה קולה זירו מנגו פחית 330 מל,החברה המרכזית לייצור משק,IL,משקה מנגו זירו פחית 330 פקדון,מיליליטרים,330.00,"100 מ""ל",false,1,5.90,1.7879,true,1,322593
7290110113476,false,בירה קרלסברג ללא אלכוהול - שישייה,קרלסברג רומניהn\יבואן:מב,RO,מארז 6 בירה קרלסברג ללא אלכוהול330מל,ליטרים,1.98,ליטר,false,1,28.90,14.5960,true,1,321475
7290110113490,false,"פיוזטי אפרסק 19 קלוריות 500 מ""ל",מבשלות בירה בינלאומיות ב,IL,משקה פיוז תה אפרסק 19קלוריות 500 מל,מיליליטרים,500.00,"100 מ""ל",false,1,7.50,1.5000,true,1,322524
7290110113605,false,בירה שקמה אי פי איי,מבשלות בירה בינלאומי,IL,בירה שקמה אי פי איי 330מל בק.פקדון,מיליליטרים,330.00,"100 מ""ל",false,24,12.90,3.9091,true,1,335354
7290110113629,false,"בירה שקמה אייל ענברי בק 330 מ""ל",מבשלות בירה בינלאומי,IL,בירה שקמה אייל ענברי 330מל בק.פקדון,מיליליטרים,330.00,"100 מ""ל",false,24,12.90,3.9091,true,1,335355
7290110113636,false,"בירה שקמה מרצן לאגר בק 330 מ""ל",מבשלות בירה בינלאומי,IL,בירה שקמה מרצן לאגר 330מל בק.פקדון,מיליליטרים,330.00,"100 מ""ל",false,24,12.90,3.9091,true,1,335356
7290110114510,false,סירופ פריגת שייק בננ750מ,סירופ - גבעת חיים,IL,סירופ פריגת להכנת שיייק טעם בננה 750מל,מיליליטרים,750.00,"100 מ""ל",false,6,24.90,3.3200,true,1,328680
7290110114725,false,מארז גורדונס לונדון דריי גין + כוס 700 מ,justrini & brooks,,גין גורדונס לונדון דריי עם כוס 700מל,מיליליטרים,700.00,"100 מ""ל",false,6,84.90,12.1286,true,1,336520
7290110114770,false,פריגת ענבים 40% פחות סוכר 0.5 ליטר חייב,פריגת,,פריגת ענבים מופחת סוכר 500 מל פקדון,מיליליטרים,500.00,"100 מ""ל",false,1,7.00,1.4000,true,1,329294
7290110114787,false,נביעות+ מים מינרליים בטעם תפוח 1.5 ליטר,נביעות טבע הגליל בעמ,IL,מים נביעות פלוס תפוח 1.5ל בק.פקדון,ליטרים,1.50,ליטר,false,1,9.50,6.3333,true,1,333084
7290110114794,false,נביעות+ מים מינרליים בטעם אפרסק 1.5 ליטר,"נביעות טבע הגליל בע""\מ ,",IL,מים נביעות פלוס אפרסק 1.5ל בק.פקדון,ליטרים,1.50,ליטר,false,1,9.50,6.3333,true,1,333085
7290110114800,false,נביעות+ מים מינרליים בטעם ענבים 1.5 ליטר,"נביעות טבע הגליל בע""\מ",IL,מים נביעות פלוס ענבים 1.5ל בק.פקדון,ליטרים,1.50,ליטר,false,1,9.50,6.3333,true,1,333086
7290110114824,false,נביעות+רכיבי פרי אבטיח 1.5 ליטר פיקדון,"נביעות טבע הגליל בע""\מ",IL,מים נביעות פלוס פרי אבטיח 1.5ל בק.פקדון,ליטרים,1.50,ליטר,false,1,9.50,6.3333,true,1,333088
7290110114848,false,נביעות+ רכיבי פרי ליצ'י 1.5 ליטר-,"נביעות טבע הגליל בע""\מ",IL,מים נביעות פלוס פרי ליצי 1.5ל בק.פקדון,ליטרים,1.50,ליטר,false,1,9.50,6.3333,true,1,333090
7290110114855,false,"נביעות מים מינרליים, שישיה 6 * 1.5 ליטר פקדון",נביעות טבע הגליל בעמ,IL,מארז 6יח מים נביעות 1.5ליטר בק. פקדון,ליטרים,9.00,ליטר,false,1,14.70,1.6333,true,1,333091
7290110114886,false,פריגת סחוט טרי קלמנטינה 2 ליטר,פריגת מצוננים,IL,מיץ קלמנטינות סחוט 2ליטר פריגת פקדון,ליטרים,2.00,ליטר,false,1,25.90,12.9500,true,1,333553
7290110114893,false,פריגת סחוט טרי תפוז 2 ליטר,פריגת מצוננים,IL,מיץ תפוזים סחוט 2ליטר פריגת פקדון,ליטרים,2.00,ליטר,false,1,25.90,12.9500,true,1,333554
7290110114909,false,"100% מיץ תפוחים צלול עשוי מרכז, 2 ליטר",היינץ צפון אמריקה מק,IL,מיץ תפוח צלול סחוט 2ליטר פריגת פקדון,ליטרים,2.00,ליטר,false,1,25.90,12.9500,true,1,333555
7290110114916,false,מיץ סחוט לימונענע פריגת 2 ליטר,פריגת מצוננים,IL,מיץ לימונענע סחוט 2ליטר פריגת פקדון,ליטרים,2.00,ליטר,false,1,26.90,13.4500,true,1,333556
7290110114954,false,מיץ תפוזים מתקתקים פריגת 2 ליטר,פריגת מצוננים,IL,מיץ תפוז מתקתק סחוט טרי 2 ל פריגת פקדון,ליטרים,2.00,ליטר,false,1,22.90,11.4500,true,1,333558
7290110114961,false,משקה קל תפוזים פריגת 1.5 ליטר,מבשלות בירה בינלאומיות ב,IL,משקה קל פריגת תפוזים 1.5ליטר בק.פקדון,ליטרים,1.50,ליטר,false,1,9.90,6.6000,true,1,333093
7290110114985,false,משקה קל אשכוליות פריגת 1.5 ליטר,מבשלות בירה בינלאומיות ב,IL,משקה קל פריגת אשכולית 1.5ליטר בק.פקדון,ליטרים,1.50,ליטר,false,1,9.90,6.6000,true,1,333095
7290110114992,false,משקה קל לייט אשכוליות פריגת 1.5 ליטר,מבשלות בירה בינלאומיות ב,IL,משקה קל פריגת אשכולית לייט 1.5ל בק.פקדון,ליטרים,1.50,ליטר,false,1,9.20,6.1333,true,1,333096
7290110115005,false,משקה קל ענבים פריגת 1.5 ליטר,מבשלות בירה בינלאומיות ב,IL,משקה קל פריגת ענבים 1.5ליטר בק.פקדון,ליטרים,1.50,ליטר,false,1,9.90,6.6000,true,1,333097
7290110115012,false,מיץ ענבים בניחוח מרלו 1.5 ל' פריגת,פריגת,IL,משקה קל פריגת ענבים מרלו 1.5ל בק.פקדון,ליטרים,1.50,ליטר,false,1,9.90,6.6000,true,1,333098
7290110115029,false,"פריגת משק""ל תפוח 1.5 ליטר פיקדון",מבשלות בירה בינלאומיות ב,IL,משקה קל פריגת תפוחים 1.5ל בק.פקדון,ליטרים,1.50,ליטר,false,1,9.90,6.6000,true,1,333100
7290110115036,false,משקה קל מנגו פריגת 1.5 ליטר,מבשלות בירה בינלאומיות ב,IL,משקה קל פריגת מנגו 1.5ל בק.פקדון,ליטרים,1.50,ליטר,false,1,9.90,6.6000,true,1,333103
7290110115043,false,משקה קל לימונענע פריגת 1.5 ליטר,מבשלות בירה בינלאומיות ב,IL,משקה קל פריגת לימונענע 1.5ל בק.פקדון,ליטרים,1.50,ליטר,false,1,9.90,6.6000,true,1,333104
7290110115050,false,פריגת מיקס תות בננה 1.5 ליטר פיקדון,מבשלות בירה בינלאומיות ב,IL,משקה קל פריגת תות בננה 1.5ל בק.פקדון,ליטרים,1.50,ליטר,false,1,9.90,6.6000,true,1,333109
7290110115067,false,פריגת אפרסק 1.5 ליטר פיקדון,מבשלות בירה בינלאומיות ב,IL,משקה קל פריגת אפרסק 1.5ל בק.פקדון,ליטרים,1.50,ליטר,false,1,9.90,6.6000,true,1,333110
7290110115074,false,פריגת תפוח דובדבן 1.5 ליטר פיקדון,מבשלות בירה בינלאומיות ב,IL,משקה קל פריגת תפוח דובדבן 1.5ל בק.פקדון,ליטרים,1.50,ליטר,false,1,9.90,6.6000,true,1,333111
7290110115081,false,פריגת צלול ענבים 1.5 ליטר פיקדון,"מבשלות בירה לישראל בע""\מ",IL,משקה פריגת צלול ענבים 1.5ליטר בק.פקדון,ליטרים,1.50,ליטר,false,1,9.20,6.1333,true,1,333115
7290110115098,false,פריגת צלול תפוחים 1.5 ליטר פיקדון,"מבשלות בירה לישראל בע""\מ",IL,משקה פריגת צלול תפוחים 1.5ליטר בק.פקדון,ליטרים,1.50,ליטר,false,1,9.20,6.1333,true,1,333116
7290110115104,false,פריגת צלול אפרסק 1.5 ליטר פיקדון,מבשלות בירה בינלאומיות ב,IL,משקה פריגת צלול אפרסק 1.5ליטר בק.פקדון,ליטרים,1.50,ליטר,false,1,9.20,6.1333,true,1,333117
7290110115111,false,פריגת צלול אננס 1.5 ליטר פיקדון,"מבשלות בירה לישראל בע""\מ",IL,משקה פריגת צלול אננס 1.5ליטר בק.פקדון,ליטרים,1.50,ליטר,false,1,9.20,6.1333,true,1,333118
7290110115128,false,פריגת צלול בטעם לימונענע 1.5 ליטר פיקדון,"מבשלות בירה לישראל בע""\מ",IL,משקה פריגת צלול לימונענע 1.5ל בק.פקדון,ליטרים,1.50,ליטר,false,1,9.20,6.1333,true,1,333119
7290110115234,false,קוקה-קולה זירו נטול בקבוק 1.5 ליטר,החברה המרכזית לייצור משק,IL,משקה קוקה קולה זירו נ.קפאין 1.5לפקדון,ליטרים,1.50,ליטר,false,1,8.90,5.9333,true,1,333131
7290110115241,false,קוקה-קולה זירו לימון בקבוק 1.5 ליטר,החברה המרכזית לייצור משק,IL,משקה קוקה קולה זירו לימון 1.5ל בק. פקדון,ליטרים,1.50,ליטר,false,1,8.90,5.9333,true,1,333133
7290110115265,false,ספרייט לימון ליים 1.5 ליטר-,החברה המרכזית לייצור משק,IL,משקה ספרייט ליים 1.5ליטר בק.פקדון,ליטרים,1.50,ליטר,false,1,9.60,6.4000,true,1,333158
7290110115272,false,ZERO ספרייט זירו 1.5 ליטר פיקדון,החברה המרכזית לייצור משק,IL,משקה ספרייט זירו 1.5ליטר בק.פקדון,ליטרים,1.50,ליטר,false,1,8.90,5.9333,true,1,333159
7290110115289,false,ספרייט 19 קל' לימון-נענע 1.5 ליטר פיקדון,החברה המרכזית לייצור משק,IL,משקה ספרייט לימון נענע 19קלוריו 1.5פקדון,ליטרים,1.50,ליטר,false,1,8.90,5.9333,true,1,333161
7290110115296,false,משקה מוגז אורנג' פאנטה 1.5 ליטר,החברה המרכזית לייצור משק,IL,משקה פאנטה אורנג 1.5ליטר בק.פקדון,ליטרים,1.50,ליטר,false,1,9.60,6.4000,true,1,333164
7290110115302,false,משקה מוגז אורנג' זירו פאנטה 1.5 ליטר,החברה המרכזית לייצור משק,IL,משקה פאנטה אורנג זירו 1.5ליטר בק.פקדון,ליטרים,1.50,ליטר,false,1,9.00,6.0000,true,1,333165
7290110115319,false,פאנטה אקזוטיק 1.5 ליטר פיקדון,החברה המרכזית לייצור משק,IL,משקה פאנטה אקזוטיק 1.5ליטר בק.פקדון,ליטרים,1.50,ליטר,false,1,9.60,6.4000,true,1,333167
7290110115333,false,פאנטה תות 1.5 ליטר פיקדון,החברה המרכזית לייצור משק,IL,משקה פאנטה תות 1.5ליטר בק.פקדון,ליטרים,1.50,ליטר,false,1,9.60,6.4000,true,1,333169
7290110115340,false,פאנטה ענבים 1.5 ליטר פיקדון,החברה המרכזית לייצור משק,IL,משקה פאנטה ענבים 1.5ליטר בק.פקדון,ליטרים,1.50,ליטר,false,1,9.60,6.4000,true,1,333170
7290110115364,false,שישייה קוקה קולה 1.5 ליטר פיקדון,החברה המרכזית לייצור משק,IL,מארז 6 יח קוקה קולה 1.5 ליטר בק.פקדון,ליטרים,9.00,ליטר,false,1,49.90,5.5444,true,1,333144
7290110115371,false,דיאט קוקה קולה שישיות 1.5 ליטר פיקדון,החברה המרכזית לייצור משק,IL,מארז 6 יח קוקה קולה דיאט 1.5ל בק.פקדון,ליטרים,9.00,ליטר,false,1,48.90,5.4333,true,1,333145
7290110115388,false,ספרייט ליים שישיות 1.5 ליטר פיקדון,החברה המרכזית לייצור משק,IL,מארז 6 יח ספרייט ליים 1.5 ליטר בק.פקדון,ליטרים,9.00,ליטר,false,1,49.90,5.5444,true,1,333152
7290110115395,false,ZERO ספרייט שישיות 1.5 ליטר פיקדון,החברה המרכזית לייצור משק,IL,מארז 6 יח ספרייט זירו 1.5 ליטר בק.פקדון,ליטרים,9.00,ליטר,false,1,48.90,5.4333,true,1,333153
7290110115401,false,קינלי סודה שישייה 1.5 ליטר פיקדון,החברה המרכזית לייצור משק,IL,מארז 6יח קינלי סודה 1.5ליטר בק.פקדון,ליטרים,9.00,ליטר,false,1,17.70,1.9667,true,1,333173
7290110115418,false,מארז שישייה קוקה קולה זירו 1.5 ל',החברה המרכזית לייצור משק,IL,מארז 6 יח קוקה קולה זירו 1.5ל בק.פקדון,ליטרים,9.00,ליטר,false,1,48.90,5.4333,true,1,333148
7290110115425,false,FUZE TEA גרין לימונענע -נענע 1.5 ליטר פיקדון,מבשלות בירה בינלאומיות ב,IL,משקה פיוז תה גרין לימון נענע 1.5ל פקדון,ליטרים,1.50,ליטר,false,1,9.50,6.3333,true,1,333136
7290110115449,false,אייס תה בטעם מנגו אננס 1.5ל' FUZE TEA,מבשלות בירה בינלאומיות ב,IL,משקה פיוז תה 1.5ליטר מנגו אננס בק. פקדון,ליטרים,1.50,ליטר,false,1,9.90,6.6000,true,1,333138
7290110115456,false,"תה קר בטעם אפרסק 19 קלוריות ב- 100 מ""ל",מבשלות בירה בינלאומיות ב,IL,משקה פיוז תה 1.5ליטר אפרסק 19קלורי פקדון,ליטרים,1.50,ליטר,false,1,9.50,6.3333,true,1,333139
7290110115463,false,פיוז טי אפרסק 1.5 ליטר פיקדון,מבשלות בירה בינלאומיות ב,IL,משקה פיוז תה 1.5ליטר אפרסק פקדון,ליטרים,1.50,ליטר,false,1,9.90,6.6000,true,1,333140
7290110115487,false,FUZE TEA רביעיות אפרסק 1.5 ליטר פיקדון,מבשלות בירה בינלאומיות ב,IL,מארז 4יח משקה פיוז תה אפרסק 1.5ל פקדון,ליטרים,6.00,ליטר,false,1,38.90,6.4833,true,1,333143
7290110115494,false,תה קר בטעם ענבים פיוז טי 1.5 ליטר,מבשלות בירה בינלאומית בע,IL,משקה פיוז תה 1.5ליטר ענבים בק. פקדון,ליטרים,1.50,ליטר,false,1,9.90,6.6000,true,1,333142
7290110115531,false,משקה מוגז תפוח זירו פאנטה 1.5 ליטר,החברה המרכזית לייצור משק,IL,משקה פאנטה תפוח זירו 1.5ליטר בק.פקדון,ליטרים,1.50,ליטר,false,1,9.00,6.0000,true,1,333166
7290110115579,false,מארז רביעייה פאנטה אורנג' 1.5 ל',החברה המרכזית לייצור משק,IL,מארז 4 יח משקה פאנטה אורנג 1.5ליטר פקדון,ליטרים,6.00,ליטר,false,1,37.20,6.2000,true,1,333171
7290110115586,false,פריגת תפוזים 40% פחות סוכר 1.5 ליטר פיקדון,מבשלות בירה בינלאומיות ב,IL,משקה קל פריגת תפוזים 19קלוריות 1.5ל פקדו,ליטרים,1.50,ליטר,false,1,9.20,6.1333,true,1,333112
7290110115593,false,פריגת אשכוליות 40% פחות סוכר 1.5 ליטר פיקדון,מבשלות בירה בינלאומיות ב,IL,משקה קל פריגת אשכולית 19קלוריות1.5ל פקדו,ליטרים,1.50,ליטר,false,1,9.20,6.1333,true,1,333113
7290110115609,false,פריגת ענבים 40% פחות סוכר 1.5 ליטר פיקדון,מבשלות בירה בינלאומיות ב,IL,משקה קל פריגת ענבים 19קלוריות 1.5ל פקדון,ליטרים,1.50,ליטר,false,1,9.20,6.1333,true,1,333114
7290110115616,false,FUZE tea zero גרין אננס 1.5 ליטר פיקדון,מבשלות בירה בינלאומיות ב,IL,משקה פיוז תה 1.5ליטר גרין אננס פקדון,ליטרים,1.50,ליטר,false,1,9.50,6.3333,true,1,333453
7290110115623,false,משקה פיוז טי זירו ZERO בטעם אפרסק,מבשלות בירה בינלאומיות ב,IL,משקה פיוז תה 1.5ליטר אפרסק זירו פקדון,ליטרים,1.50,ליטר,false,1,9.50,6.3333,true,1,333452
7290110115654,false,"פיוז טי זירו גרין אננס, 500 מ""ל",מבשלות בירה בינלאומי,IL,משקה פיוז תה גרין אננס 500 מל,מיליליטרים,500.00,"100 מ""ל",false,1,7.50,1.5000,true,1,333451
7290110115661,false,"פיוז טי זירו בטעם אפרסק 500 מ""ל",מבשלות בירה בינלאומי,IL,משקה פיוז תה אפרסק זירו 500 מל,מיליליטרים,500.00,"100 מ""ל",false,1,7.50,1.5000,true,1,333450
7290110115777,false,נביעות .ל1.5 מים מינרלים,נביעות,,נביעות 1.5 ליטר לא קר בק.פקדון,ליטרים,1.50,ליטר,false,1,4.20,2.8000,true,1,333771
7290110115821,false,"ספרייט לימון, 1.5 ליטר פקדון",כלורוקס אוקלנד,IL,משקה ספרייט ליים 1.5ליטר בק.פקדון,ליטרים,1.50,ליטר,false,1,9.60,6.4000,true,1,336053
7290110115838,false,ספרייט לימון- ליים 1.5 ליטר,"אינסטנטה בע""מ",IL,משקה ספרייט זירו 1.5ליטר בק.פקדון,ליטרים,1.50,ליטר,false,1,8.90,5.9333,true,1,333988
7290110115845,false,קוקה קולה 1.5 ליטר פיקדון,"אינסטנטה בע""מ",IL,משקה קוקה קולה 1.5ליטר בק.פקדון,ליטרים,1.50,ליטר,false,1,9.60,6.4000,true,1,333769
7290110115852,false,דיאט קוקה קולה 1.5 ליטר -,תות תעשיות מזון (201,IL,משקה קוקה קולה דיאט 1.5ליטר בק.פקדון,ליטרים,1.50,ליטר,false,1,8.90,5.9333,true,1,333786
7290110115869,false,קוקה קולה זירו 1.5 ליטר פיקדון,תות תעשיות מזון (201,IL,משקה קוקה קולה זירו 1.5ליטר בק.פקדון,ליטרים,1.50,ליטר,false,1,8.90,5.9333,true,1,333770
7290110115876,false,קינלי סודה 1.5ליטר-,"אינסטנטה בע""מ",IL,קינלי סודה 1.5 ליטר בק.פקדון,ליטרים,1.50,ליטר,false,1,5.00,3.3333,true,1,334750
7290110115913,false,"משקה ספורט איזוטוני זירו בטעם אננס 500 מ""ל פאוורייד",Caslino al Piano pla,IT,משקה ספורט פאוורייד זירו טעם אננס 500מל,מיליליטרים,500.00,"100 מ""ל",false,12,10.90,2.1800,true,1,335346
7290110115920,false,מארז שישיית קוקה קולה 1 ליטר,החברה המרכזית לייצור משק,IL,מארז 6 יח קוקה קולה 1 ליטר בק.פקדון,ליטרים,6.00,ליטר,false,1,41.90,6.9833,true,1,334158
7290110115937,false,מארז שישיית קוקה קולה זירו 1 ליטר,קוקה קולה,,מארז 6 יח קוקה קולה זירו 1 ליטר בק.פקדון,ליטרים,6.00,ליטר,false,1,39.90,6.6500,true,1,334159
7290110116064,false,פאנטה ZERO פירות ירוק 1.5 ליטר פיקדון,החברה המרכזית לייצור משק,IL,משקה פאנטה זירו פירות ירוק 1.5ל בק.פקדון,ליטרים,1.50,ליטר,false,1,9.00,6.0000,true,1,335766
7290110116125,false,"סירופ בטעם פטל פריגת 750 מ""ל",סירופ - גבעת חיים,IL,סירופ פריגת פטל 750 מל בקבוק,מיליליטרים,750.00,"100 מ""ל",false,1,25.90,3.4533,true,1,336639
7290110116132,false,"סירופ בטעם לימון פריגת 750 מ""ל",סירופ - גבעת חיים,IL,סירופ פריגת לימון 750 מל בקבוק,מיליליטרים,750.00,"100 מ""ל",false,1,25.90,3.4533,true,1,336638
7290110116149,false,"סירופ בטעם ענבים פריגת 750 מ""ל",סירופ - גבעת חיים,IL,סירופ פריגת ענבים 750 מל בקבוק,מיליליטרים,750.00,"100 מ""ל",false,1,25.90,3.4533,true,1,336637
7290110116156,false,נביעות+רכיבי פרי מנגו-פסיפלורה 1.5 ליטר-,"נביעות טבע הגליל בע""\מ",IL,מים נביעות פלוס מנגו פסיפלורה 1.5ל פקדון,ליטרים,1.50,ליטר,false,1,9.50,6.3333,true,1,336632
7290110116170,false,נביעות+רכיבי פרי אננס-קוקוס 1.5 ליטר-,"נביעות טבע הגליל בע""\מ",IL,מים נביעות פלוס אננס קוקוס 1.5ל בק.פקדון,ליטרים,1.50,ליטר,false,1,9.50,6.3333,true,1,336631
7290110116194,false,נביעות+ סדרת 0 קלוריות לימון-ליים 1.5 ליטר,"נביעות טבע הגליל בע""\מ",IL,מים נביעות 0קלוריות 1.5ל לימון ליים פקדו,ליטרים,1.50,ליטר,false,1,9.50,6.3333,true,1,336630
7290110116217,false,נביעות+ סדרת 0 קלוריות אשכוליות 1.5 ליטר,"נביעות טבע הגליל בע""\מ",IL,מים נביעות 0קלוריות 1.5ליטר אשכולית פקדו,ליטרים,1.50,ליטר,false,1,9.50,6.3333,true,1,336629
7290110116316,false,"קוקה קולה חג שמח, שישיה 6 * 1.5 ליטר",החברה המרכזית לייצור משק,IL,מארז 6 יח קוקה קולה 1.5ל חג שמח פקדון,ליטרים,9.00,ליטר,false,1,47.90,5.3222,true,1,334890
7290110116323,false,שישיית קוקה קולה זירו 1.5 ליטר חג שמח-,החברה המרכזית קולה,IL,מארז 6 יח קוקה קולה זירו1.5ל חג שמח פקדו,ליטרים,9.00,ליטר,false,1,44.90,4.9889,true,1,334889
7290110116392,false,"סירופ בטעם תפוזים פריגת 750 מ""ל",סירופ - גבעת חיים,IL,סירופ פריגת תפוזים 750 מל בקבוק,מיליליטרים,750.00,"100 מ""ל",false,1,25.90,3.4533,true,1,336640
7290110116446,false,מארז גין גורדונס ורוד + כוס בלון 700 מל,justrini & brooks,GB,מארז גין גורדון + כוס בלון 700 מל,מיליליטרים,700.00,"100 מ""ל",false,6,84.90,12.1286,true,1,338567
7290110116477,false,מארז 5 יח בירה 1664,,,מארז 5 יח בירה 1664 330מל+כוס פקדון,מיליליטרים,1650.00,"100 מ""ל",false,1,32.90,1.9939,true,1,336299
7290110116484,false,פריגת סחוט מיקס תות בננה 1ליטר,פריגת מצוננים,IL,מיץ פריגת מיקס תות בננה 1ליטר ב.פקדון,ליטרים,1.00,ליטר,false,1,13.90,13.9000,true,1,337750
7290110116491,false,פריגת סחוט מיקס אפרסק משמש 1ליטר,פריגת מצוננים,IL,מיץ פריגת מיקס אפרסק משמש 1ליטר ב.פקדון,ליטרים,1.00,ליטר,false,1,13.90,13.9000,true,1,337751
7290110116507,false,פריגת סחוט מיקס אננס בננה אגס 1ליטר,פריגת מצוננים,IL,מיץ פריגת מיקס אננס בננה אגס 1ל בק.פקדון,ליטרים,1.00,ליטר,false,1,13.90,13.9000,true,1,337752
7290110116552,false,ספרייט לימון היט 1.5 ליטר LIME פיקדון,החברה המרכזית לייצור משק,IL,משקה ספרייט למון היט 1.5ליטר בק.פקדון,ליטרים,1.50,ליטר,false,1,9.60,6.4000,true,1,337636
7290110116569,false,"ספרייט זירו ZERO בק LEMON HIT, 1.5 ליטר",החברה המרכזית לייצור משק,IL,משקה ספרייט זירו למון היט 1.5ל בק.פקדון,ליטרים,1.50,ליטר,false,1,8.90,5.9333,true,1,337635
7290110116576,false,"ספרייט זירו LEMON HIT בקבוק 500 מ""ל",החברה המרכזית לייצור משק,IL,ספרייט זירו למון היט 500 מל פקדון,מיליליטרים,500.00,"100 מ""ל",false,1,7.50,1.5000,true,1,337634
7290110116637,false,בירה שקמה חיטה מעוננת Bitter Wheat,שקמה,,בירה שקמה 330מל חיטה מרה בק.פקדון,מיליליטרים,330.00,"100 מ""ל",false,24,12.90,3.9091,true,1,337299
7290110320010,false,מעדן סויה BIO ללא תוספת סוכר,Unknown,,מעדן סויה ביו ללא סוכר 125גר,מיליליטרים,125.00,"100 מ""ל",false,1,4.90,3.9200,true,1,312259
7290110320591,false,גבינה בולגרית במרקם מעודן 16% פיראוס,תנובה חלב,IL,גבינה בולגרית 16% מעודנת 250גר פיראוס,גרמים,250.00,100 גרם,false,1,18.90,7.5600,true,1,304051
7290110320683,false,שמיניית משקה יוגורט 1.5% טעם תות יופלה 107 גרם,מיוצר עי קונדיטוריית,IL,מארז 8 יח משקה יופלה תות 360 107 מל,מיליליטרים,856.00,"100 מ""ל",false,1,17.90,2.0911,true,1,308629
7290110320744,false,גבינת גרנה פדנו 150 גרם פלח,תנובה חלב,IT,גבינת גרנה פדנו 150גר,גרמים,150.00,100 גרם,false,30,23.90,15.9333,true,1,317093
7290110320850,false,פתיתים גבינה חצי קשה מגורדת 28% שומן,תנובה מרכז שיתופי לש,IL,פתיתי עמק 200 גרם,גרמים,200.00,100 גרם,false,20,16.90,8.4500,true,1,309157
7290110320867,false,פתיתים גבינה חצי קשה מגורדת 28% שומן,תנובה מרכז שיתופי לש,IL,פתיתי עמק 28% למאפים 500 גרם,גרמים,500.00,100 גרם,false,1,38.90,7.7800,true,1,312160
7290110320935,false,גבינת מוצרלה תנובה 150ג' פרוסות,תנובה מרכז שיתופי לש,IL,גבינת מוצרלה פרוסות 150גרם,גרמים,150.00,100 גרם,false,1,17.90,11.9333,true,1,308569
7290110321277,false,קוטג' בקטנה 5% תנובה 100 גרם מהדרין,פארייפאבה אגרואינדוס,IL,קוטג 5% בקטנה 100גר,גרמים,100.00,100 גרם,false,1,2.90,2.9000,true,1,310995
7290110321284,false,קוטג' בקטנה 9% תנובה 100 גרם מהדרין,פארייפאבה אגרואינדוס,IL,קוטג 9% בקטנה 100גר,גרמים,100.00,100 גרם,false,1,2.90,2.9000,true,1,310996
7290110321604,false,קוביות פיראוס בולגרית מעודנת 5% 200 גרם - רבנות,תנובה חלב,IL,גבינה בולגרית מעודנת קוביות 5%+ג.לסלט,גרמים,200.00,100 גרם,false,6,18.90,9.4500,true,1,313542
7290110321680,false,יוגורט GO בטעם תות 20 גרם חלבון בגביע,מיוצר עי קונדיטוריית,IL,מעדן יופלה גו תות 200גר,מיליליטרים,200.00,"100 מ""ל",false,1,6.20,3.1000,true,1,311021
7290110321697,false,יוגורט GO בטעם אפרסק 20 גרם חלבון בגביע,מיוצר עי קונדיטוריית,IL,מעדן יופלה גו אפרסק 200גר,מיליליטרים,200.00,"100 מ""ל",false,1,6.20,3.1000,true,1,311022
7290110321703,false,יוגורט עם פירות יער בתוספת חלבוני חלב 2% שומן,מיוצר עי קונדיטוריית,IL,מעדן יופלה גו פירות יער 200גר,מיליליטרים,200.00,"100 מ""ל",false,1,6.20,3.1000,true,1,313153
7290110321789,false,גבינת מסקרפונה 38% השף הלבן 250 גרם,תנובה חלב,IL,גבינת מסקרפונה 250גר,גרמים,250.00,100 גרם,false,1,15.90,6.3600,true,1,312153
7290110322014,false,טופו בטעם טבעי תנובה ALTERNATIVE,שוורצקוף& הנקל דיסלד,IL,טופו טבעי 300 גרם,גרמים,300.00,100 גרם,false,12,13.90,4.6333,true,1,313161
7290110322038,false,"תנובה טופו פיקנטי 300 גר' בד""צ",תנובה Alternative,IL,טופו פיקנטי 300 גרם,גרמים,300.00,100 גרם,false,12,13.90,4.6333,true,1,313163
7290110322946,false,יופלה טיוב יוגורט במרקם חלק בטעם תות בננה כשרות רבנות 348 ג',תנובה חלב,IL,יוגורט יופלה טיוב בטעם תות בננה 348גר,גרמים,348.00,100 גרם,false,16,13.50,3.8793,true,1,315314
7290110323066,false,משקה יוגורט גו מועשר בחלבון בננה אפרסק,תנובה חלב,IL,משקה יופלה מעושר בחלבון בננה אפרסק 250מל,מיליליטרים,250.00,"100 מ""ל",false,1,6.90,2.7600,true,1,314387
7290110323301,false,טל העמק בסגנון אמנטל 32% שומן 200 גרם,עמק - תנובה,IL,גבינת טל העמק 200גר 32% שומן,גרמים,200.00,100 גרם,false,1,19.90,9.9500,true,1,315871
7290110323585,false,יופלה יוגורט עם דובדבן מופחת קלוריות 200 ג' GO,יופלה Yoplait,IL,מעדן יופלה גו דובדבן מופחת קלוריות 200גר,מיליליטרים,200.00,"100 מ""ל",false,24,6.20,3.1000,true,1,315396
7290110323714,false,משקה קוקוס שקדים תנובה E אלטרנטיב,מיוצר עי קונדיטוריית,IL,משקה קוקוס שקדים 1ליטר טרי,ליטרים,1.00,ליטר,false,1,14.50,14.5000,true,1,315870
7290110324070,false,גבינת חלומי מחלב בקר תנובה 200 גרם,"תנובה בע""\מ",IL,גבינת חלומי 200 גרם 22% שומן חלב בקר,גרמים,200.00,100 גרם,false,42,20.90,10.4500,true,1,316757
7290110324353,false,יוגורט GO לייט בטעם אננס 20 גרם חלבון בגביע,"תנובה בע""\מ",IL,מעדן יופלה גו אננס לייט 200גר,מיליליטרים,200.00,"100 מ""ל",false,1,6.20,3.1000,true,1,317977
7290110324551,false,יופלה טיוב יוגורט במרקם חלק תות כשרות מהדרין,"תנובה בע""\מ",IL,יוגורט יופלה טיוב בטעם תות 348גר,גרמים,348.00,100 גרם,false,16,13.50,3.8793,true,1,317517
7290110324711,false,ממרח סויה 9% שומן בטעם טבעי תנובה 250 גרם,מיוצר עי קונדיטוריית,IL,ממרח סויה טבעי 250 גר 9% שומן,גרמים,250.00,100 גרם,false,1,9.90,3.9600,true,1,318230
7290110324728,false,ממרח סויה 9% שומן עם שום שמיר תנובה 250 גרם,מיוצר עי קונדיטוריית,IL,ממרח סויה שום שמיר 250 גר 9% שומן,גרמים,250.00,100 גרם,false,1,9.90,3.9600,true,1,318232
7290110324841,false,מעדן שקדים עם שוקולד מריר תנובה 125 גרם,מיוצר עי קונדיטוריית,IL,מעדן שקדים עם שוקולד מריר 125גר,גרמים,125.00,100 גרם,false,36,4.50,3.6000,true,1,320516
7290110324858,false,מעדן שקדים בטעם אגוזי לוז תנובה 125 גרם,מיוצר עי קונדיטוריית,IL,מעדן שקדים בטעם אגוזי לוז 125גר,גרמים,125.00,100 גרם,false,36,4.50,3.6000,true,1,320517
7290110324872,false,גבינה צהובה גלבוע 5% שומן 200 גרם,גלבוע - תנובה,IL,גבינת גלבוע 5% 200גרם פרוס,גרמים,200.00,100 גרם,false,18,18.90,9.4500,true,1,320446
7290110324926,false,משקה סויה ללא תוספת סוכר E אלטרנטיב,תנובה מרכז שיתופי לש,IL,משקה סויה 1 ליטר ללא תוספת סוכר,ליטרים,1.00,ליטר,false,1,12.50,12.5000,true,1,319470
7290110325114,false,"משקה יוגורט יופלה גו לייט תות בננה 250 מ""ל - רבנות",מיוצר עי קונדיטוריית,IL,משקה יופלה גו לייט תות בננה 250מל,מיליליטרים,250.00,"100 מ""ל",false,1,6.90,2.7600,true,1,318903
7290110325121,false,"משקה יוגורט יופלה גו לייט מנגו אננס 250 מ""ל","תנובה בע""\מ",IL,משקה יופלה גו לייט מנגו אננס 250מל,מיליליטרים,250.00,"100 מ""ל",false,1,6.90,2.7600,true,1,318902
7290110325169,false,פרוסות גאודה תנובה 170 גרם,תנובה חלב,IL,גבינת גאודה 170 גרם פרוסה,גרמים,170.00,100 גרם,false,24,19.90,11.7059,true,1,322297
7290110325305,false,יופלה GO סויה 20 גרם חלבון במתיקות מעודנת תנובה 200 גרם,מיוצר עי קונדיטוריית,IL,מעדן סויה גו במתיקות 20גר חלבון 200גר,מיליליטרים,200.00,"100 מ""ל",false,1,6.20,3.1000,true,1,320094
7290110325312,false,יופלה GO סויה 20 גרם חלבון בטעם תות תנובה 200 גרם,"תנובה בע""\מ",IL,מעדן סויה גו טעם תות 20גר חלבון 200גר,מיליליטרים,200.00,"100 מ""ל",false,1,6.20,3.1000,true,1,320093
7290110325428,false,גבינה לבנה למריחה 5% שומן בתוספת קרקרים,מיוצר עי קונדיטוריית,IL,גבינה לבנה 145גר עם קרקרים,גרמים,145.00,100 גרם,false,12,5.50,3.7931,true,1,325619
7290110325510,false,יופלה טיוב יוגורט במרקם חלק בטעם וניל-יוניקור,"תנובה בע""\מ",IL,יוגורט יופלה טיוב בטעם וניל יוניקור348גר,גרמים,348.00,100 גרם,false,16,13.50,3.8793,true,1,320518
7290110325619,false,משקה שיבולת שועל תנובה E אלטרנטיב,מיוצר עי קונדיטוריית,IL,משקה שבולת שועל 1 ליטר,ליטרים,1.00,ליטר,false,1,14.50,14.5000,true,1,320668
7290110325626,false,"משקה שקדים ללת""ס 1 ליטר",תנובה,IL,משקה שקדים ללא סוכר 1 ליטר טרי,ליטרים,1.00,ליטר,false,1,14.50,14.5000,true,1,322845
7290110325701,false,פיראוס צזיקי יווני 9% שומן בשיטת יצור מסורתית על בסיס יוגורט,גוד פוד פרודקטס S.p,IL,פיראוס גבינת צזיקי יווני 9% 250 גר,גרמים,250.00,100 גרם,false,1,13.50,5.4000,true,1,321252
7290110325893,false,משקה חלב GO מועשר בחלבון בטעם אייס קפה,מיוצר עי קונדיטוריית,IL,משקה חלב גו אייס קפה 340מל 27 גר חלבון,מיליליטרים,340.00,"100 מ""ל",false,20,8.90,2.6176,true,1,320665
7290110326173,false,יולו COOKIES שוקולדלבן בטעם קרם עוגיות+עוגיות ונטיפי שוקולד 120 ג',תנובה חלב,IL,מעדן יולו שוקולד לבן קרם עוגיות 120גר,גרמים,120.00,100 גרם,false,20,5.00,4.1667,true,1,322623
7290110326180,false,יולו בטעם נוגט בתוס' עוגיות ונטיפים בטעם שוקולד 120גר',תנובה חלב,IL,מעדן יולו אגוזי לוז שוקולד חלב נוגט123גר,גרמים,123.00,100 גרם,false,20,5.00,4.0650,true,1,322622
7290110326210,false,יופלה און טופ פצפוצים תנובה 157 גרם,מיוצר עי קונדיטוריית,IL,יופלה און טופ פצפוצים 157גר,גרמים,157.00,100 גרם,false,12,5.90,3.7580,true,1,322030
7290110326227,false,יופלה און טופ קורנפלקס תנובה 157 גרם,מיוצר עי קונדיטוריית,IL,יופלה און טופ קורנפלקס 157גר,גרמים,157.00,100 גרם,false,12,5.90,3.7580,true,1,322032
7290110326234,false,יופלה און טופ כוכבים תנובה 157 גרם,מיוצר עי קונדיטוריית,IL,יופלה און טופ כוכבים 157גר,גרמים,157.00,100 גרם,false,12,5.90,3.7580,true,1,322031
7290110326241,false,יופלה און טופ גרנולה תנובה 157 גרם,מיוצר עי קונדיטוריית,IL,יופלה און טופ גרנולה 157גר,גרמים,157.00,100 גרם,false,12,5.90,3.7580,true,1,322033
7290110326333,false,פרוסות גבינה סקנדינבית תנובה 170 גרם,פ.פ.ח. שאביט,IL,גבינה סקנדינבית 170גר פרוס,גרמים,170.00,100 גרם,false,30,18.90,11.1176,true,1,324781
7290110326456,false,יופלה דיאט בננה קרמל 0% שומן,תנובה,IL,יוגורט יופלה דיאט בננה וקרמל 150גר,גרמים,150.00,100 גרם,false,1,5.50,3.6667,true,1,322620
7290110326548,false,קוטג' מיורן+זעתר5% 250גר,תנובה בעמ,IL,גבינת קוטג מועשר בסידן עם זעתר ומיורן250,גרמים,250.00,100 גרם,false,1,5.90,2.3600,true,1,326159
7290110326845,false,ממרח חמאה ללא מלח הש,בונגה פולין,PL,ממרח חמאה 200גרם השף הלבן,גרמים,200.00,100 גרם,false,16,10.90,5.4500,true,1,325630
7290110326876,false,פיראוס לאבנה עיזים 5% גביע 250 גרם,תנובה חלב,IL,לאבנה עיזים 250גרם,גרמים,250.00,100 גרם,false,18,16.90,6.7600,true,1,338580
7290110326906,false,חלב נטול לקטוז 3% שומן תנובה 1 ליטר,מיוצר עי קונדיטוריית,IL,חלב נטול לקטוז 1ליטר 3%שומן,ליטרים,1.00,ליטר,false,16,7.90,7.9000,true,1,323858
7290110327033,false,משקה סויה תנובה גו מועשר בחלבון במתיקות מופחתת,מיוצר עי קונדיטוריית,IL,משקה סויה גו במתיקות מופחתת 1 ליטר,ליטרים,1.00,ליטר,false,16,14.50,14.5000,true,1,324436
7290110327125,false,פטה 21% מחלב צאן במי מלח תנובה 200 גרם,תנובה חלב,IL,גבינת פטה צאן 200גר 21% שומן,גרמים,200.00,100 גרם,false,8,23.90,11.9500,true,1,325622
7290110327262,false,יופלה און טופ פצפוצי,תנובה חלב,IL,מאגדת 3יח יופלה און טופ פצפוצים 471גר,גרמים,471.00,100 גרם,false,4,12.90,2.7389,true,1,329055
7290110327514,false,alternative משקה שיבולת שועל בטעם אגוזי לוז תנובה 1 ליטר,תנובה מרכז שיתופי לש,IL,משקה שבולת שועל בטעם אגוזי לוז 1 ליטר,ליטרים,1.00,ליטר,false,1,14.50,14.5000,true,1,329367
7290110327545,false,יופלה און טופ בטעם תות בתוספת פצפוצים מצופים שוקולד 157 גרם,מיוצר עי קונדיטוריית,IL,יופלה און טופ תות עם פצפוצי שוקולד 157גר,גרמים,157.00,100 גרם,false,12,5.90,3.7580,true,1,325626
7290110327637,false,יופלה דיאט קיווי 0% 150 גרם,תנובה בעמ,IL,יוגורט יופלה דיאט קיווי 150גר,גרמים,150.00,100 גרם,false,1,5.50,3.6667,true,1,325625
7290110327880,false,**חלב בקרטון 1% 1 ליטר ועדת מהדרין,תות תעשיות מזון (201,IL,חלב 1% קרטון 1 ליטר***,ליטרים,1.00,ליטר,false,1,5.86,5.8600,true,1,324995
7290110328016,false,משקה סויה מועשר בחלבון בטעם אגוזי לוז 250 גרם,תנובה מרכז שיתופי לש,IL,משקה סויה מועשר בחלבון ב.אגוזי לוז250גר,מיליליטרים,250.00,"100 מ""ל",false,1,6.90,2.7600,true,1,326423
7290110328023,false,משקה סויה מועשר בחלבון בטעם קפה 250 גרם,תנובה מרכז שיתופי לש,IL,משקה סויה מועשר בחלבון בטעם קפה 250גר,מיליליטרים,250.00,"100 מ""ל",false,1,6.90,2.7600,true,1,326422
7290110328092,false,פיראוס פטה יוונית קוביות 21% שומן 150 גרם,דודוני תעשיית החלב החקלא,GR,גבינת פטה יוונית קוביות 150גר פיראוס21%ש,גרמים,150.00,100 גרם,false,6,19.90,13.2667,true,1,328559
7290110328221,false,יוגורט תנובה דל לקטוז 200 גרם,מיוצר עי קונדיטוריית,IL,יוגורט נטול לקטוז תנובה 200גר,גרמים,200.00,100 גרם,false,1,4.10,2.0500,true,1,326436
7290110328504,false,טריו - מיקס גבינות מוצרלה סקנדינבית וגאודה 300 גרם,מיוצר עי קונדיטוריית,IL,מיקס גבינות 300גר מוצרלה סקנדינבית גאודה,גרמים,300.00,100 גרם,false,20,25.90,8.6333,true,1,327399
7290110328580,false,יוגורט תנובה טבעי 5% גביע 200 גרם,מיוצר עי קונדיטוריית,IL,יוגורט תנובה 5% 200 גרם,גרמים,200.00,100 גרם,false,1,3.10,1.5500,true,1,333401
7290110328627,false,יוגורט יופלה GO במרקם סמיך בטעם בננה קרמל 0%,מיוצר עי קונדיטוריית,IL,מעדן יופלה גו בננה קרמל במרקם סמיך 200גר,מיליליטרים,200.00,"100 מ""ל",false,1,6.20,3.1000,true,1,328443
7290110328641,false,alternative טופו טבעי תנובה 2*250 גרם,תנובה חלב,IL,מארז 2 יח טופו טבעי 500גר אלטרנטיב,גרמים,500.00,100 גרם,false,1,19.90,3.9800,true,1,329054
7290110328764,false,יוגורט יופלה GO במרקם סמיך עם תות 0%,מיוצר עי קונדיטוריית,IL,מעדן יופלה גו תות במרקם סמיך 200גר,מיליליטרים,200.00,"100 מ""ל",false,1,6.20,3.1000,true,1,328440
7290110328771,false,יוגורט יופלה GO במרקם סמיך עם פירות יער 0%,מיוצר עי קונדיטוריית,IL,מעדן יופלה גו פירות יער במרקם סמיך 200גר,מיליליטרים,200.00,"100 מ""ל",false,1,6.20,3.1000,true,1,328441
7290110328788,false,יוגורט יופלה GO במרקם סמיך בטעם אפרסק 0%,תנובה מרכז שיתופי לש,IL,מעדן יופלה גו אפרסק במרקם סמיך 200גר,מיליליטרים,200.00,"100 מ""ל",false,1,6.20,3.1000,true,1,328442
7290110328887,false,"חלב תנובה בקבוק 3%, כשרות מהדרין, 1 ליטר",תנובה מרכז שיתופי לש,IL,חלב 3% בקבוק 1 ליטר***,ליטרים,1.00,ליטר,false,1,6.23,6.2300,true,1,334195
7290110328955,false,קוביות גבינת עזים בשמן מתובל פיראוס 350 גרם,דודוני תעשיית החלב החקלא,GR,קוביות גבינת עיזים בשמן מתובל 350גר,גרמים,350.00,100 גרם,false,,25.90,7.4000,true,1,335319
7290110329136,false,מעדן חלב מעושר בחלבון בטעם שוקולד 120 ג' GO,תנובה מרכז שיתופי לש,IL,מעדן יופלה גו טעם שוקולד12גר חלבון 120גר,גרמים,120.00,100 גרם,false,20,5.20,4.3333,true,1,332494
7290110329143,false,מעדן חלב מעושר בחלבון בטעם וניל גביע 120 ג' GO,תנובה מרכז שיתופי לש,IL,מעדן יופלה גו טעם וניל 12גר חלבון 120גר,גרמים,120.00,100 גרם,false,20,5.20,4.3333,true,1,332492
7290110329150,false,מעדן חלב גו בטעם קפה 12 ג חלבון,מיוצר עי קונדיטוריית,IL,מעדן יופלה גו טעם קפה 12גר חלבון 120גר,גרמים,120.00,100 גרם,false,20,5.20,4.3333,true,1,332493
7290110329266,false,יוגורט תנובה מחלב עיזים מלא תנובה 140 ג',קריות זול,IL,יוגורט תנובה חלב עיזים מלא 140גר,גרמים,140.00,100 גרם,false,36,6.20,4.4286,true,1,329365
7290110329273,false,יוגורט תנובה מחלב עיזים מלא 750 גרם,תנובה,IL,יוגורט תנובה חלב עיזים מלא 750גר,גרמים,750.00,100 גרם,false,6,20.90,2.7867,true,1,329366
7290110329334,false,יוגורט נטול לקטוז 200*6ג,תנובה חלב,IL,מאגדת 6יח יוגורט תנובה נטול לקטוז 200גר,גרמים,1200.00,100 גרם,false,8,19.90,1.6583,true,1,329053
7290110329426,false,טופו טבעי 250 ג'+רוטב קרם קוקוס קארי פיקנטי 60 ג' אלטרנטיב,תנובה חלב,IL,טופו טבעי 250גר עם רוטב קרם קוקוס קארי,גרמים,310.00,100 גרם,false,27,14.90,4.8065,true,1,336427
7290110329433,false,טופו טבעי עם רוטב סצ'ואן אלטרנטיב 250 גרם,תנובה חלב,IL,טופו טבעי 250גר עם רוטב סצואן 60מל,גרמים,310.00,100 גרם,false,27,14.90,4.8065,true,1,336428
7290110329600,false,שלישיית שמנת לבישול 15% השף הלבן,תנובה,IL,מארז 3יח שמנת לבישול 15% 250גר,מיליליטרים,750.00,"100 מ""ל",false,8,21.90,2.9200,true,1,329369
7290110329686,false,"משקה חלב גו בטעם עוגיות 340 מ""ל",מיוצר עי קונדיטוריית,IL,משקה חלב גו ט.עוגיות 340מל 27 גר חלבון,מיליליטרים,340.00,"100 מ""ל",false,20,8.90,2.6176,true,1,332490
7290110329693,false,יוגורט גו סמיך מלבי 200ג,מיוצר עי קונדיטוריית,IL,מעדן יופלה גו מלבי במרקם סמיך 200גר,מיליליטרים,200.00,"100 מ""ל",false,1,6.20,3.1000,true,1,332491
7290110329709,false,יוגורט תנובה טבעי 0% גביע 200 גרם,מיוצר עי קונדיטוריית,IL,יוגורט תנובה 0% 200 גרם,גרמים,200.00,100 גרם,false,1,3.10,1.5500,true,1,333402
7290110329716,false,משקה חלב קר בטעם קפוצ'ינו 230 גרם תנובה,תנובה מרכז שיתופי לש,IL,משקה קפה קר קפוצינו 230גר,גרמים,230.00,100 גרם,false,8,6.90,3.0000,true,1,335322
7290110329723,false,משקה חלב קר בטעם לאטה 230 גרם תנובה,תנובה מרכז שיתופי לש,IL,משקה קפה קר טעם לאטה 230גר,גרמים,230.00,100 גרם,false,8,6.90,3.0000,true,1,335323
7290110329730,false,"משקה חלב עם שוקולד וקפה בסגנון לאטה 2.7%  230 מ""ל תנובה",תנובה מרכז שיתופי לש,IL,משקה חלב שוקולד וקפה בסגנון לאטה 230גר,גרמים,230.00,100 גרם,false,8,6.90,3.0000,true,1,335324
7290110329792,false,יוגורט סויה BIO Alternative אפרסק 150 ג' תנובה,מיוצר עי קונדיטוריית,IL,מעדן סויה ביו אפרסק אלטרנטיב 150גר,גרמים,150.00,100 גרם,false,48,4.90,3.2667,true,1,333877
7290110329808,false,יוגורט סויה BIO Alternative תות 150 ג' תנובה,מיוצר עי קונדיטוריית,IL,מעדן סויה ביו תות אלטרנטיב 150גר,גרמים,150.00,100 גרם,false,48,4.90,3.2667,true,1,333876
7290110329815,false,סויה BIO מתיקות מעודנת גביע 150 גרם אלטרנטיב,מיוצר עי קונדיטוריית,IL,מעדן סויה ביו מתיקות מעודן אלטרנטיב 150ג,גרמים,150.00,100 גרם,false,48,4.90,3.2667,true,1,333875
7290110329822,false,יוגורט סויה BIO Alternative פירות יער 150 ג' תנובה,מיוצר עי קונדיטוריית,IL,מעדן סויה ביו פירות יער אלטרנטיב 150גר,גרמים,150.00,100 גרם,false,48,4.90,3.2667,true,1,333874
7290110329839,false,פרוסות צהובה בטעם זיתים 200 ג' אלטרנטיב אלטרנטיב,מיוצר עי קונדיטוריית,IL,פרוסות בטעם צהובה זיתים 200גר אלטרנטיב,גרמים,200.00,100 גרם,false,20,22.90,11.4500,true,1,332495
7290110329846,false,יוגורט סויה BIO Alternative בטעם טבעי 150 ג' תנובה,תנובה Alternative,IL,מעדן סויה ביו טבעי אלטרנטיב 150גר,גרמים,150.00,100 גרם,false,48,4.90,3.2667,true,1,333878
7290110329914,false,מאגדת משקה שיבולת שועל ושקדים 100 גרם*6 יח' ביו אלטרנטיב,תנובה מרכז שיתופי לש,IL,מאגדת 6יח משקה שיבולת שועל ושקדים 100מל,גרמים,618.00,100 גרם,false,12,18.90,3.0583,true,1,336813
7290110329952,false,יוגורט גו סמיך קוקוס200ג,"תנובה בע""\מ",IL,יוגורט יופלה גו קוקוס במרקם סמיך 200גר,מיליליטרים,200.00,"100 מ""ל",false,1,6.20,3.1000,true,1,334131
7290110329969,false,מעדן סויה גו בטעם קו,תנובה חלב,,מעדן סויה גו 200גרם 20גר חלבון טעם קוקוס,מיליליטרים,200.00,"100 מ""ל",false,1,6.20,3.1000,true,1,334674
7290110550202,false,מטבעות שוקולד חלב לאפיה 400 גרם עלית,"פוליבה בע""\מ",IL,מטבעות שוקולד חלב לאפיה עלית 400 גרם,גרמים,400.00,100 גרם,false,9,31.90,7.9750,true,1,337119
7290110550219,false,מטבעות שוקולד לבן לאפיה 400 גרם עלית,"פוליבה בע""\מ",IL,מטבעות שוקולד לבן לאפיה עלית 400 גרם,גרמים,400.00,100 גרם,false,9,31.90,7.9750,true,1,337121
7290110550226,false,מטבעות שוקולד מריר לאפיה 400 גרם עלית,"פוליבה בע""\מ",IL,מטבעות שוקולד מריר לאפיה עלית 400 גרם,גרמים,400.00,100 גרם,false,9,31.90,7.9750,true,1,337120
7290110550363,false,פריכיות משולשות קינואה ומלח ים 65 גרם,שטראוס גרופ,IL,פריכיות אנרגי משולשות קינואה מלח ים60גר,Unknown,0.00,Unknown,false,1,10.90,0.0000,true,1,334611
7290110550370,false,פריכיות משולשות קינואה ופלפל שחור 65 גרם,שטראוס גרופ,IL,פריכיות אנרגי חלבון קינואה פלפל שחור60,Unknown,0.00,Unknown,false,1,10.90,0.0000,true,1,337117
7290110551193,false,בפלות אחת אחת קוקוס 240 גרם,הגביע מוצרי וופלים ב,,בפלות אחת אחת קרם קוקוס 240 גרם,גרמים,240.00,100 גרם,false,1,13.90,5.7917,true,1,333831
7290110551209,false,בפלות אחת אחת תות ונ,הגביע מוצרי וופלים ב,,בפלות אחת אחת תות וניל 240 גרם,גרמים,240.00,100 גרם,false,1,13.90,5.7917,true,1,333830
7290110551254,false,נשנושי תירס 600 גרם טעם הטבע שטראוס,"מיוצר ע""\י או.וי אינטרנש",TH,נשנושי תירס מוכן לאכילה 600 גרם טעם הטבע,גרמים,600.00,100 גרם,false,1,12.90,2.1500,true,1,337288
7290110552084,false,חטיפי אנרגי שוקולדבל,,,חטיפי אנרגי שוקולדבלונדי 6 יח 144 גרם,יחידה,6.00,יחידה,false,1,13.90,2.3167,true,1,333460
7290110552121,false,יוגורט בתוספת סידן וויטמין ד 100 ג' דנונה,"שטראוס בריאות בע""\מ",IL,יוגורוט דנונה הראשון שלי 100גר,גרמים,100.00,100 גרם,false,24,2.30,2.3000,true,1,335726
7290110552220,false,יוגורט PRO בטעם תות 0% סוכר לבן 20 גרם חלבון בגביע,"שטראוס בריאות בע""\מ",IL,דנונה פרו תות 200גר ללא סוכר 20גר חלבון,גרמים,200.00,100 גרם,false,1,6.10,3.0500,true,1,333807
7290110552237,false,יוגורט פרו בטעם אפרסק מנגו ללא סוכר 200 ג' דנונה,"שטראוס בריאות בע""\מ",IL,דנונה פרו אפרסק מנגו 200גר ל.סוכר 20גר,גרמים,200.00,100 גרם,false,1,6.10,3.0500,true,1,333808
7290110552251,false,אקטיביה צ'יה אוכמניות150,"שטראוס בריאות בע""\מ",IL,דנונה אקטיביה ציה אוכמניות 150גר 3%שומן,גרמים,150.00,100 גרם,false,24,4.70,3.1333,true,1,333809
7290110552411,false,"משקה קפה קר קרמל יטבתה 230 מ""ל",אנסטל מילק kg,AT,משקה קפה קר טעם קרמל 230 מל יטבטה,מיליליטרים,230.00,"100 מ""ל",false,10,7.90,3.4348,true,1,335544
7290110552817,false,צנצנת מסטיק - גלידה לימון 58 גרם וועסטהיים,אסקום קונפקשיין,DE,מסטיק מאסט גלידה לימון 58 גר,Unknown,0.00,Unknown,false,1,10.00,0.0000,true,1,336363
7290110553029,false,"אנרג'י קריספס-פריכיות חומוס, עדשים ואפונה עם קייל וסלק","פרח תעשיו מזון בע""מ",IL,פריכיות אנרגי חלבון קייל חומוס מלח 60 גר,Unknown,0.00,Unknown,false,1,10.90,0.0000,true,1,334609
7290110553036,false,קריספס-פריכיות עם אפונה ובטטה סגולה בטעם בצל מקורמל,"פרח תעשיו מזון בע""מ",IL,פריכיות אנרגי חלבון בטטה סכ גולה אפונה60,Unknown,0.00,Unknown,false,1,10.90,0.0000,true,1,334610
7290110553050,false,מארז קפה פלטינום קלא,STRAUSS-ISRAEL,,מארז קפה נמס פלטינום קלאסי+רבע לשב,גרמים,200.00,100 גרם,false,1,25.90,12.9500,true,1,333820
7290110553098,false,מאגדת חטיפים אנרג'י מיקס צימוקים אגוזים 100X4 גרם,אנרג'י Energy - שטראוס,GB,מארז 4יח אנרגי מיקס צימוק אגוז ושוקקולד,גרמים,100.00,100 גרם,false,16,15.90,15.9000,true,1,336699
7290110553265,false,יוגורט דנונה בטעם בל,"שטראוס בריאות בע""\מ",IL,דנונה וואו 150 גרם בטעם בלונדי,גרמים,150.00,100 גרם,false,1,4.90,3.2667,true,1,333805
7290110553272,false,יוגורט דנונה בטעם קר,STRAUSS-ISRAEL,IL,דנונה וואו 150 גרם בטעם קפה,גרמים,150.00,100 גרם,false,1,4.90,3.2667,true,1,333806
7290110553333,false,פריכיות אנרגי מצופות,STRAUSS-ISRAEL,,פרכיות אנרגי שבבי קוקוס 70 גר,גרמים,70.00,100 גרם,false,1,7.90,11.2857,true,1,334658
7290110553340,false,נמס מילקשייק- אבקה להכנת משקה קר בטעם מלבי,שטראוס קפה בי.וי,IL,קפה נמס מילקשייק אייס מלבי 200 גרם,גרמים,200.00,100 גרם,false,1,14.90,7.4500,true,1,335718
7290110553425,false,קפה נמס 200 גרם +20% תוספת עלית,שטראוס קפה בי.וי,IL,קפה נמס אבקתי 200 גרם+20% תוספת,גרמים,240.00,100 גרם,false,1,22.00,9.1667,true,1,334007
7290110553432,false,ארוחת דלישס בסגנון צ,,IL,ארוחת דלישס בסגנון צילי קון קרנה 350גר,גרמים,350.00,100 גרם,false,10,26.90,7.6857,true,1,338433
7290110553449,false,מילקי סנאק 6יחידות 123 ג,בווארד טור ד'\אלבון,FR,מארז עוגת מילקי סנאק 6יח 123גר,גרמים,123.00,100 גרם,false,6,11.90,9.6748,true,1,334117
7290110553623,false,צ'יטוס קראנצ'י בטעם צ'דר חלפיניו - חלבי,"שטראוס פריטו ליי בע""\מ )",IL,חטיף ציטוס קראנץ צדר חלפיניו 80 גר,Unknown,0.00,Unknown,false,1,4.50,0.0000,true,1,335633
7290110554118,false,נודלס מלזי חריף עם טופו וירקות ברוטב קארי ירוק,"טרופיקל דגיל בע""מ אז",IL,ארוחת נודלס מלזי חריף דלישס 350גר,גרמים,350.00,100 גרם,false,10,26.90,7.6857,true,1,332474
7290110554125,false,"נודלס סצ'ואן חריף""דלישס"" שטראוס",אוכל ביתי ניר עציון,IL,ארוחת נודלס סצואן חריף דלישס 350גר,גרמים,350.00,100 גרם,false,10,26.90,7.6857,true,1,332473
7290110554422,false,פומודורו רוטב עגבניות ופלפלים לשקשוקה לפסטה יד מרדכי 350 גרם,אמיליאנה קונסרב סוסייטה,IT,רוטב לשקשוקה עגבניות ופלפל יד מרדכי 350,גרמים,350.00,100 גרם,false,12,11.90,3.4000,true,1,334169
7290110554514,false,עלית - קפה טורקי אתיופי 100 גרם,שטראוס קפה בי.וי.,IL,קפה טורקי אתיופי 100 גרם,גרמים,100.00,100 גרם,false,1,9.00,9.0000,true,1,335720
7290110554545,false,קפסולת אספרסו לאפוגטו טעם קוקוס 50 ג' עלית,שטראוס קפה בי.וי.,IL,קפסולות אספרסו אפוגטו קוקוס 10 יח,יחידה,10.00,יחידה,false,1,17.00,1.7000,true,1,335721
7290110554583,false,מארז חטיפי צ'יטוס פאפס בטעם גבינה - 10 יחידות,"שטראוס פריטו ליי בע""\מ )",IL,מארז 10 יח ציטוס פאפאס גבינה 200 גר,גרמים,200.00,100 גרם,false,9,12.90,6.4500,true,1,333683
7290110554699,false,"קפה עולה קפסולות אספרסו קלייה איטית וכהה מאוד, 10 * 50 ג'",שטראוס קפה בי.וי.,IL,קפסולות קפה בתי קליה עולה 10 יח,יחידה,10.00,יחידה,false,1,18.90,1.8900,true,1,337344
7290110554705,false,קפסולות נספרסו לקפה יוניקו סדרת בתי הקלייה 10יח,שטראוס קפה בי.וי.,IL,קפסולות קפה בתי קליה יוניקו 10 יח,יחידה,10.00,יחידה,false,1,18.90,1.8900,true,1,337342
7290110554712,false,"קפסולות קפה אספרסו קלייה איטית ובהירה, 10 * 50 ג'",שטראוס קפה בי.וי.,IL,קפסולות קפה בתי קליה נחת10 יח,יחידה,10.00,יחידה,false,1,18.90,1.8900,true,1,337343
7290110555009,false,זוג פסאטה מחית עגבניות חלקה יד מרדכי 700 גרם,אמיליאנה קונסרב ס.פ.,IT,זוג פסאטה עגבניות יד מרדכי 350 גרם,גרמים,700.00,100 גרם,false,6,11.90,1.7000,true,1,337108
7290110555078,false,לאבנה עם שמן זית ועשבי תיבול שטראוס 250 גרם,"מחלבות בר בכפר בע""\מ",IL,לאבנה שמן זית ועשבי תיבול 250גר,גרמים,250.00,100 גרם,false,12,10.00,4.0000,true,1,335724
7290110555092,false,לאבנה עם שמן זית וצ'ילי שטראוס 250 גרם,"מחלבות בר בכפר בע""\מ",IL,לאבנה שמן זית וצילי 250גר,גרמים,250.00,100 גרם,false,12,10.00,4.0000,true,1,335725
7290110555665,false,קקאו דל שומן עלית בקופסא 220 גרם,"ג'אלוסיס י. בע""\מ",GR,קקאו עלית דל שומן קופסא 220 גרם,גרמים,220.00,100 גרם,false,1,19.90,9.0455,true,1,337941
7290110556242,false,"שוקולד מריר פרווה 100 גר' בד""ץ תוצרת חוץ","שטראוס גרופ בע""מ.",FR,שוקולד פרה מריר 100 גר,גרמים,100.00,100 גרם,false,1,5.90,5.9000,true,1,337125
7290110557010,false,ממרח שומשום 225 גר,,IL,ממרח שומשום 225גר,גרמים,225.00,100 גרם,false,12,15.90,7.0667,true,1,334374
7290110557027,false,חומוס עשיר 50% טחינה גולמית 400 ג' אחלה,מיוצר עי קונדיטוריית,IL,חומוס עשיר בטחינה 50% 400גרם,גרמים,400.00,100 גרם,false,1,13.90,3.4750,true,1,333410
7290110557102,false,מעדן חלב עם שוקולד מועשר בחלבון 150 ג' שטראוס,מיוצר עי קונדיטוריית,IL,דנונה פרו 11גר חלבון עם שוקולד 150גר,גרמים,150.00,100 גרם,false,12,5.50,3.6667,true,1,329684
7290110557119,false,גמדים סקוויז פ.יער100גרם,"שטראוס בריאות בע""\מ",IL,מעדן גמדים סקוויז פירות יער 100גר בודד,גרמים,100.00,100 גרם,false,7,5.90,5.9000,true,1,333785
7290110557133,false,מעדן הגולן וניל 125 ג' שטראוס,מיוצר עי קונדיטוריית,IL,מעדן הגולן וניל 125גר,גרמים,125.00,100 גרם,false,24,2.90,2.3200,true,1,332484
7290110557171,false,טעמי בלונדי בייגלה 40 גרם,שטראוס גרופ,,חטיף טעמי בלונדי בייגלה 42 גר,Unknown,0.00,Unknown,false,1,5.00,0.0000,true,1,333945
7290110557393,false,מילקי שלוק אייס קפה276גר,"שטראוס גרופ בע""\מ",IL,מארז 2יח מילקי שלוק בטעם אייס קפה 276גר,גרמים,276.00,100 גרם,false,10,8.90,3.2246,true,1,336682
7290110557478,false,חומוס גלילי במרקם מעודן 600 גרם,"שטראוס גרופ בע""\מ",IL,חומוס גלילי 600 גרם אחלה,גרמים,600.00,100 גרם,false,1,13.90,2.3167,true,1,334545
7290110557539,false,מעדן מילקי מוס תותים,"שטראוס גרופ בע""מ",IL,מילקי מוס תותים בשמנת 81גר,גרמים,81.00,100 גרם,false,1,3.50,4.3210,true,1,334119
7290110557645,false,מאגדת חטיפים אנרג'י מיקס צימוקים חמוציות 100X4 גרם,קונסרב איטליה,GB,מארז 4יח אנרגי מיקס צימוק חמוציות,גרמים,100.00,100 גרם,false,16,15.90,15.9000,true,1,336700
7290110557669,false,רביולי במילוי פטריות 400,"שטראוס גרופ בע""\מ",IL,רביולי פיטריות 400 גרם,גרמים,400.00,100 גרם,false,1,19.90,4.9750,true,1,335548
7290110558130,false,יוגורט אקטיביה עם שיבולת שועל ודבש 150 גרם,"שטראוס בריאות בע""\מ",IL,דנונה אקטיביה שיבולת שועל ודבש 150 גר,גרמים,150.00,100 גרם,false,24,4.70,3.1333,true,1,335730
7290110558154,false,דנונה לייט אנד פרי עוגת תפוחים 150ג דנונה,"שטראוס בריאות בע""\מ",IL,יוגורט דנונה לייט אנד פריי ע.תפוחים 150ג,גרמים,150.00,100 גרם,false,24,4.90,3.2667,true,1,336775
7290110558161,false,דנונה לייט פאי לימון150ג,"שטראוס בריאות בע""\מ",IL,יוגורט דנונה לייט אנד פריי פאי לימון 150,גרמים,150.00,100 גרם,false,24,4.90,3.2667,true,1,335538
7290110558215,false,"דנונה קראנצ`פיסטוק עם פיצפוץ לבן קראנצי פיסטוק, 173 גרם","שטראוס בריאות בע""\מ",IL,יוגורט דנונה פיסטוק קראנץ ופצפוץ לבן173,גרמים,173.00,100 גרם,false,1,4.70,2.7168,true,1,337714
7290110558222,false,"וואו יוגורט עם שכבה בטעם בנופי פאי 5.4%, 150ג דנונה","שטראוס בריאות בע""\מ",IL,יוגורט דנונה וואו בנופי 150גרם 4% שומן,גרמים,150.00,100 גרם,false,1,4.90,3.2667,true,1,336771
7290110558239,false,"וואו יוגורט עם שכבה בטעם קראק פאי 5.4%, 150 ג דנונה","שטראוס בריאות בע""\מ",IL,יוגורט דנונה וואו קראק פאי150גרם 4% שומן,גרמים,150.00,100 גרם,false,1,4.90,3.2667,true,1,336772
7290110558253,false,דנונה שייק נונה ריפרש בננה אננס וצ'יה,"שטראוס בריאות בע""\מ",IL,משקה יוגורט דנונה ריפרש בננה אננס 250מל,מיליליטרים,250.00,"100 מ""ל",false,12,5.90,2.3600,true,1,335731
7290110558284,false,דנונה ביו מולטי שטראוס 200 גרם,"שטראוס בריאות בע""\מ",IL,יוגורט דנונה ביו מולטי 200גר,גרמים,200.00,100 גרם,false,24,4.20,2.1000,true,1,336681
7290110558291,false,דנונה פרו 20 גר' קוקוס 200 גרם,"שטראוס בריאות בע""\מ",IL,דנונה פרו 20גר חלבון טעם קוקוס 200גר,גרמים,200.00,100 גרם,false,1,6.10,3.0500,true,1,334544
7290110558307,false,יוגורט דנונה PRO עם שיבולת שועל במתיקות מעודנת,"שטראוס בריאות בע""\מ",IL,דנונה פרו 20גר חלבון עם שבולת שועל 200ג,גרמים,200.00,100 גרם,false,12,6.50,3.2500,true,1,335539
7290110558314,false,דנונה פרו 20 גרם חלבון ללא סוכר פיסטוק 200 גרם,"שטראוס בריאות בע""\מ",IL,יוגורט דנונה פרו פיסטוק 20גר חלבון 200גר,גרמים,200.00,100 גרם,false,1,6.10,3.0500,true,1,336774
7290110558338,false,יוגורט PRO בטעם מתיקות מעודנת 1.5% שומן,"שטראוס בריאות בע""\מ",IL,דנונה פרו 25גר חלבון 200גרם,גרמים,200.00,100 גרם,false,12,6.50,3.2500,true,1,335540
7290110558666,false,מעדן גבינה בטעם תפוח 88 ג' דניאלה,"שטראוס בריאות בע""\מ",IL,דניאלה בטעם תפוח 100 גרם,גרמים,100.00,100 גרם,false,1,4.50,4.5000,true,1,337710
7290110558710,false,דני שכבות וניל שוקולד125,"שטראוס בריאות בע""\מ",IL,מעדן דני שכבות שוקולד וניל 125גר,גרמים,125.00,100 גרם,false,1,2.70,2.1600,true,1,336306
7290110558741,false,"גמדים פאוץ תפוח בננה, 100 ג' שטראוס","שטראוס בריאות בע""\מ",IL,מעדן גמדים פאוץ 100גר תפוח בננה,גרמים,100.00,100 גרם,false,7,5.90,5.9000,true,1,338371
7290110558918,false,עלי חסה קראנצ' שטופים,שטראוס בריאות ירקות טריי,IL,עלי חסה קראנץ שטופים 150 גרם בקופסא,גרמים,150.00,100 גרם,false,1,10.00,6.6667,true,1,336781
7290110559007,false,"שועועית חומה טעם הטבע קופסה, 380 גרם",קונסרב איטליה,IT,שעועית חומה טעם הטבע 380 גרם,גרמים,380.00,100 גרם,false,16,6.90,1.8158,true,1,336694
7290110559014,false,שעועית שחורה מבושלת טעם הטבע 380 גרם,קונסרב איטליה,IT,שעועית שחורה טעם הטבע 380 גרם,גרמים,380.00,100 גרם,false,16,6.90,1.8158,true,1,336693
7290110559038,false,מילקשייק שוקו+סירופ300מ,מחלבת יטבתה,IL,מילקשייק שוקו 300מל עם סירופ יטבתה,מיליליטרים,300.00,"100 מ""ל",false,6,6.90,2.3000,true,1,336686
7290110559045,false,מילקשייק וניל+סירופ300מ,מחלבת יטבתה,IL,מילקשייק וניל 300מל עם סירופ יטבתה,מיליליטרים,300.00,"100 מ""ל",false,6,6.90,2.3000,true,1,336685
7290110559748,false,ריל מאגדת שקדים קוקוס ושוקולד מריר שטראוס 105 גרם,"ואמואליס פודס אס.איי,",GR,מארז 3 יח חטיף אנרגי ריל שקד קוקוס שוקול,גרמים,105.00,100 גרם,false,16,15.90,15.1429,true,1,336698
7290110559755,false,ריל מאגדת בוטנים פיסטוק וחמוציות שטראוס 105 גרם,"ואמואליס פודס אס.איי,",GR,מארז 3 יח חטיף אנרגי ריל בוטן פיסטוק חמו,גרמים,105.00,100 גרם,false,16,15.90,15.1429,true,1,336697
7290110559762,false,ריל מאגדת אגוזים תמרים קוקוס שטראוס 105 גרם,"ואמואליס פודס אס.איי,",GR,מארז 3 יח חטיף אנרגי ריל תמר אגוז קוקוס,גרמים,105.00,100 גרם,false,16,15.90,15.1429,true,1,336696
7290110559939,false,נתחי סויה בסגנון שווארמה ומג'דרה 350 גרם,אוכל ביתי ניר עציון,IL,נתחי סויה בסגנון שווארמה ומגדרה 350גר,גרמים,350.00,100 גרם,false,10,26.90,7.6857,true,1,335516
7290110560300,false,"הפריכיות הטעימות חומוס, עדשים שחורות, קינואה ופלפל שחור",אנרג'י Energy - שטראוס,IL,פריכיות אנרגי משולש פלפל שחור 30 גר,Unknown,0.00,Unknown,false,1,5.50,0.0000,true,1,315595
7290110560317,false,"הפריכיות הטעימות חומוס, עדשים שחורות, קינואה ומלח ים","פרח תעשיו מזון בע""מ",IL,פריכיות אנרגי משולש מלח ים 30 גר,Unknown,0.00,Unknown,false,1,5.50,0.0000,true,1,315596
7290110560324,false,"הפריכיות הטעימות תפו""א, אורז, אפונה ומלח ים","פרח תעשיו מזון בע""מ",IL,פריכיות אנרגי משולש אפונה ירוקה 30 גר,Unknown,0.00,Unknown,false,1,5.50,0.0000,true,1,315597
7290110560836,false,"מילקי טעם פסק זמן שטראוס 133 מ""ל",מיוצר עי קונדיטוריית,IL,מעדן מילקי פסק זמן 133 גר,גרמים,133.00,100 גרם,false,24,2.90,2.1805,true,1,312459
7290110561352,false,דנונה יוגורט ביו פרוביוטי 3% דל לקטוז 150ג',"שטראוס בריאות בע""\מ",IL,יוגורט דנונה ביו דל לקטוז 3% 200גר,גרמים,200.00,100 גרם,false,1,3.80,1.9000,true,1,312857
7290110561604,false,מארז 8 יחידות מעדן גמדים בטעם תות בננה,"שטראוס בריאות בע""\מ",IL,מארז 8יח גמדים תות בננה 800 גר,גרמים,800.00,100 גרם,false,6,19.90,2.4875,true,1,311465
7290110563431,false,"משקה קפה קר בסגנון קלאסי 230 מ""ל 1.6% יוטבתה",האי נאם סי או אל.טי.,AT,משקה קפה קר 230מל 1.6% סגנון קלאסי יטב,מיליליטרים,230.00,"100 מ""ל",false,10,7.90,3.4348,true,1,316507
7290110563448,false,"משקה קפה קר בסגנון מעודן 230 מ""ל 1.6% יוטבתה",האי נאם סי או אל.טי.,AT,משקה קפה קר מעודן יטבתה 230מל,מיליליטרים,230.00,"100 מ""ל",false,10,7.90,3.4348,true,1,316506
7290110563455,false,חלב דל לקטוז 3% בקבוק 1ל,מחלבת יטבתה,IL,חלב דל לקטוז 1 ליטר 3% בקבוק,ליטרים,1.00,ליטר,false,1,7.90,7.9000,true,1,309898
7290110563462,false,חלב 2% דל לקטוז בבקבוק יטבתה 1 ליטר.,מחלבת יטבתה,IL,חלב נטול לקטוז 1ליטר 2% שומן יטבתה,ליטרים,1.00,ליטר,false,12,8.50,8.5000,true,1,317100
7290110563820,false,"סלק מבושל 1 ק""ג שטרא",,,סלק מבושל 1 קג,קילוגרמים,1.00,"ק""ג",false,1,12.90,12.9000,true,1,311382
7290110564339,false,חומוס אחלה הסידרה המובחר 30% טחינה 400 גר',מיוצר עי קונדיטוריית,IL,חומוס עשיר בטחינה30% 400גרם,גרמים,400.00,100 גרם,false,1,13.90,3.4750,true,1,311480
7290110564360,false,חומוס אחלה הסידרה המובחר 40% טחינה 400 גר',מיוצר עי קונדיטוריית,IL,חומוס עשיר בטחינה40% 400גרם,גרמים,400.00,100 גרם,false,1,13.90,3.4750,true,1,311481
7290110564414,false,חומוס אחלה הסידרה המובחר 30% טחינה 600 גר',מיוצר עי קונדיטוריית,IL,חומוס עשיר בטחינה30% 600גרם אחלה,גרמים,600.00,100 גרם,false,6,14.90,2.4833,true,1,311482
7290110564742,false,"משקה קפה קר בסגנון חזק 230 מ""ל 1.2% יוטבתה",האי נאם סי או אל.טי.,AT,משקה קפה קר 230מל 1.2% סגנון חזק יטבתה,מיליליטרים,230.00,"100 מ""ל",false,10,7.90,3.4348,true,1,316505
7290110564919,false,דנונה מעודן ללא סוכר החזרות 150 גר,מיוצר עי קונדיטוריית,IL,דנונה מעודנת ללא סוכר 150 גר,גרמים,150.00,100 גרם,false,1,3.80,2.5333,true,1,320889
7290110565435,false,"לימבו ג'לי פטל 125 גרם חלבי ""שטראוס""","שטראוס גרופ בע""\מ",IL,לימבו גלי בטעם פטל 125 גרם חלבי,גרמים,125.00,100 גרם,false,24,2.50,2.0000,true,1,310967
7290110565527,false,יוגורט PRO פרו 1.5% 20 גרם חלבון בגביע,"שטראוס בריאות בע""מ",IL,דנונה פרו עשיר בחלבון 20גרם 200 גרם,גרמים,200.00,100 גרם,false,12,6.10,3.0500,true,1,309907
7290110565572,false,מארז קפה טורקי עלית לדרך עם הל 168 גרם,שטראוס קפה בי.וי.,IL,קפה טורקי עם הל לדרך 14 יח 168 גרם,יחידה,24.00,יחידה,false,1,20.00,0.8333,true,1,318532
7290110565893,false,"אנרגי מאג ללת""ס מצופה6יח","שטראוס גרופ בע""\מ",IL,חטיפי אנרגי מצופה מריר10 יח 156 גר,יחידה,6.00,יחידה,false,1,13.90,2.3167,true,1,313921
7290110566579,false,דבש לחיץ 200 גרם יד מרדכי,מכוורת יד מרדכי שטרא,IL,דבש פרחי בר לחיץ 200 גרם,גרמים,200.00,100 גרם,false,1,12.50,6.2500,true,1,312399
7290110566623,false,קפסולות קולומביה עלית 08 למכונת נספרסו מארז 5X10ג',שטראוס קפה בי.וי.,IL,קפסולות אספרסו 8 קולומביה 10 יח,יחידה,10.00,יחידה,false,1,17.00,1.7000,true,1,313922
7290110566975,false,דנונה פרו יוגורט 0% תות עשיר בחלבון 200ג',"שטראוס בריאות בע""\מ",IL,דנונה פרו תות עשיר בחלבון 20גרם 200 גרם,גרמים,200.00,100 גרם,false,12,6.10,3.0500,true,1,312454
7290110567057,false,צנצנת מסטיק מאסט קוביות מנטה חזקה 66 ג' עלית,אסקום קונפקשיין,DE,מסטיק מאסט מנטה חזקה 66 גרם,Unknown,0.00,Unknown,false,1,10.00,0.0000,true,1,315296
7290110567309,false,פסק זמן בלונדי קרם חלב45,"שטראוס גרופ בע""\מ",IL,חטיף פסק זמן בלונדי קרם חלב 45,Unknown,0.00,Unknown,false,1,6.00,0.0000,true,1,314764
7290110568238,false,"קצפת צמחית 21% שומן 250 מ""ל יוטבתה",מחלבת יטבתה,IL,קצפת צמחית 250גר יטבתה 21% שומן,מיליליטרים,250.00,"100 מ""ל",false,18,8.50,3.4000,true,1,314320
7290110568276,false,משקה וניל פרו Pro מועשר בחלבון 1.5%,שטראוס גרופ,DE,משקה פרו וניל 350מל 25גר חלבון יטבתה,מיליליטרים,350.00,"100 מ""ל",false,12,6.50,1.8571,true,1,313422
7290110568511,false,קונפיטורית פירות יער במתיקות מעודנת 265 גר' יד מרדכי,קריות זול,FR,קונפיטורה פירות יער מתיקות מעודנת265ג,גרמים,265.00,100 גרם,false,1,13.90,5.2453,true,1,317285
7290110568559,false,דוריטוס עלית מארז חמוץ חריף 10 יח' *25 ג',"שטראוס פריטו ליי בע""מ )פ",IL,מארז 10יח דוריטוס חמוץ חריף 25 גרם,גרמים,250.00,100 גרם,false,1,14.90,5.9600,true,1,313700
7290110568566,false,דוריטוס גריל עלית מארז 10 יח' *25 ג',"שטראוס פריטו ליי בע""מ )פ",IL,מארז 10יח דוריטוס גריל 25 גרם,גרמים,250.00,100 גרם,false,1,14.90,5.9600,true,1,313701
7290110568627,false,עלית - פסק זמן רול שוקולד חלב עם קרם אגוזים 26 גרם,שולן צ'\יקולטה גידה סאן.,TR,חטיף פסק זמן רול קרם אגוזים 28 גר,Unknown,0.00,Unknown,false,1,5.00,0.0000,true,1,315588
7290110568924,false,עלית - פסק זמן רול שוקולד חלב עם קרם חלב וקוקוס 26 גרם,שולן צ'\יקולטה גידה סאן.,TR,חטיף פסק זמן רול קרם חלב קוקוס 28 גר,Unknown,0.00,Unknown,false,1,5.00,0.0000,true,1,315589
7290110570125,false,"משקה קפה קר בטעם אייריש קרים230 מ""ל יוטבתה",אנסטל מילק kg,AT,משקה קפה קר 230מל טעם אייריש קרים יטבתה,מיליליטרים,230.00,"100 מ""ל",false,10,7.90,3.4348,true,1,337708
7290110570224,false,"משקה קפה קר בטעם עוגיות יטבתה 230 מ""ל",אנסטל מילק kg,AT,משקה קפה קר 230 מל בטעם עוגיות יטבתה,מיליליטרים,230.00,"100 מ""ל",false,10,7.90,3.4348,true,1,336779
7290110571184,false,עדשים חומות 380 גר שטראוס טעם הטבע,קונסרב איטליה,IT,עדשים חומות טעם הטבע 380 גרם,גרמים,380.00,100 גרם,false,16,6.90,1.8158,true,1,336695
7290110571375,false,"אנרג'י מיקס תערובת צימוקים, תמרים, טופי ושברי פקאן",אנרג'י Energy - שטראוס,GB,מארז 4יח אנרגי מיקס שקד קוקס שוקולד,גרמים,100.00,100 גרם,false,16,15.90,15.9000,true,1,336701
7290110571382,false,מעדן חלב בטעם וניל מעושר בחלבון 150 ג' שטראוס,"שטראוס בריאות בע""\מ",IL,דנונה פרו 11גר חלבון טעם וניל 150גר,גרמים,150.00,100 גרם,false,12,5.50,3.6667,true,1,334543
7290110571405,false,עלית - מיני פינוקיות בגביע פסק זמן 180 גרם,"הגביע מוצרי ופלים בע""\מ",IL,עוגיות מיני פינוקיות פסק זמן 180 ג,גרמים,180.00,100 גרם,false,1,10.90,6.0556,true,1,337650
7290110571412,false,מיני פינוקיות - פאדג' שוקולד בגביע 180 גרם,"הגביע מוצרי ופלים בע""\מ",IL,עוגיות מיני פינוקיות פאדג 180 ג,גרמים,180.00,100 גרם,false,1,10.90,6.0556,true,1,337651
7290110571481,false,פחית קפה נמס קמפיין משפטים 200 גרם 2022,שטראוס קפה בי.וי,IL,קפה נמס אבקתי משפטים 200 גרם,גרמים,200.00,100 גרם,false,1,22.00,11.0000,true,1,336705
7290110572129,false,כיף כף מקלות שוקולד לבן 40 ג' עלית,סולן בעבור שטראוס,TR,חטיף כיף כף מקלות שוקולד לבן 40גר,Unknown,0.00,Unknown,false,1,5.50,0.0000,true,1,337649
7290110572884,false,"קפסולות קפה מספר 20 למכונת אספרס אספרסו, 50 גרם",שטראוס קפה בי.וי.,IL,קפסולות אספרסו 20 חזק 10 יח,יחידה,10.00,יחידה,false,1,17.00,1.7000,true,1,337652
7290110572969,false,כיף כף פצפצים עקרם לבן 40ג' עלית,שולן צ'\יקולטה גידה סאן.,TR,חטיף כיף כף פצפצים לבן 40 גר,Unknown,0.00,Unknown,false,1,5.50,0.0000,true,1,336776
7290110576318,false,מאגדת שלישיית שוקולד אגוז לבן 300 ג' עלית,סמואה,FR,מארז 3יח שוקולד פרה לבן אגוזים100 גרם,גרמים,300.00,100 גרם,false,8,25.90,8.6333,true,1,337124
7290110576370,false,מארז שלישייה שוקולד מריר חלבי עם אגוזי לוז,סמואה,FR,מארז 3יח שוקולד פרה מריר אגוזים100 גרם,גרמים,300.00,100 גרם,false,8,25.90,8.6333,true,1,337123
7290110576387,false,מאגדת שלישיית שוקולד אגוז חלב 300 ג' עלית,שטראוס,FR,מארז 3יח שוקולד פרה חלב אגוזים100 גרם,גרמים,300.00,100 גרם,false,8,25.90,8.6333,true,1,337122
7290110576752,false,טבלאות שוקולד ספלנדיד מריר 70% 100 ג' עלית,קימ'ס גריפלנן,BE,שוקולד ספלנדיד 70% מריר 100 גר,גרמים,100.00,100 גרם,false,1,10.90,10.9000,true,1,337626
7290110576776,false,טבלאות שוקולד ספלנדיד מריר 85% 100 ג' עלית,קימ'ס גריפלנן,BE,שוקולד ספלנדיד 85% מריר 100 גר,גרמים,100.00,100 גרם,false,1,10.90,10.9000,true,1,337627
7290110576790,false,גבינת סקי 3% בטעם מוקה 125 גרם,"שטראוס בריאות בע""\מ",IL,גבינת סקי בטעם מוקה 125 גרם,גרמים,125.00,100 גרם,false,1,4.10,3.2800,true,1,337709
7290110576851,false,"שמיניית משקה גמדים סלט פירות 108 מ""ל","שטראוס בריאות בע""\מ",IL,מארז 8יח גמדים לשתיה ט. סלט פירות 800מל,מיליליטרים,800.00,"100 מ""ל",false,6,15.90,1.9875,true,1,337712
7290110576868,false,רבעיית גמדים סלט פירוט * 100 ג' שטראוס,"שטראוס בריאות בע""\מ",IL,מארז 4 יח סופר גמדים סלט פירות 400 גרם,גרמים,400.00,100 גרם,false,1,11.90,2.9750,true,1,337713
7290110577230,false,משקה חלב בטעם פיסטוק בבקבוק יטבתה 1 ליטר,שטראוס גרופ,IL,משקה חלב בטעם פיסטוק 1 ליטר יטבתה,ליטרים,1.00,ליטר,false,1,12.10,12.1000,true,1,337706
7290110577247,false,"יטבתה משקה חלב-פיסטוק בבקבוק 350 מ""ל",מחלבת יטבתה,IL,משקה חלב טעם פיסטוק 350מל יטבתה,מיליליטרים,350.00,"100 מ""ל",false,1,6.60,1.8857,true,1,337707
7290110577711,false,"משקה שייק חלבון מי גבינה עם אפרסק ומנגו350מ""ל יטבתה",מחלבת יטבתה,IL,שייק חלבון מי גבינה 350מל אפרסק מנגו,מיליליטרים,350.00,"100 מ""ל",false,6,7.50,2.1429,true,1,338372
7290110577728,false,"משקה שייק חלבון מי גבינה עם פירות יער 350מ""ל יטבתה",מחלבת יטבתה,IL,שייק חלבון מי גבינה 350מל פירות יער,מיליליטרים,350.00,"100 מ""ל",false,6,7.50,2.1429,true,1,338373
7290111090134,false,"I-CARE שלישיית מגבוני רענון לידיים,12 *3",נאופארם,IL,מארז שלישיית מגבוני איי קר לרענון 36יח,יחידה,36.00,יחידה,false,24,7.90,0.2194,true,1,315572
7290111093005,false,"I-CARE מג'להסרת איפור, 25 יח בפלופק",די.פי.אל תעשיות מוצר,IL,מגבונים להסרת איפור איי קר 25יח,יחידה,25.00,יחידה,false,24,7.90,0.3160,true,1,315571
7290111093760,false,קוויק מטליות לחות לניקוי רצפות ניחוח מרכך כביסה 10 יחידות,די.פי.אל,IL,מגבוני קוויק ניקוי רצפות נ.מרכך כביסה10י,יחידה,10.00,יחידה,false,12,9.90,0.9900,true,1,334785
7290111093982,false,"טרופיקל תחליב רחצה פסיפלורה ואינקה אינצ'י 700 מ""ל דר' עור","אמיליה קוסמטיקס בע""\מ",IL,תחליב רחצה 700מל דוקטור עור פסיפלורה,מיליליטרים,700.00,"100 מ""ל",false,1,19.90,2.8429,true,1,337014
7290111094361,false,קוויק שקיות אשפה XL עם ידית 20 יח' במארז,,TR,שקיות אשפה קוויק 25יח אקס אל 75/90 ידית,יחידה,25.00,יחידה,false,1,12.90,0.5160,true,1,333407
7290111094392,false,"טרופיקל תחליב רחצה קוקוס וליים 700 מ""ל דר' עור","אמיליה קוסמטיקס בע""\מ",IL,תחליב רחצה 700מל דוקטור עור קוקוס ליים,מיליליטרים,700.00,"100 מ""ל",false,1,19.90,2.8429,true,1,337015
7290111094651,false,שקיות אשפה L עם ידית קוויק 40 יח',,TR,שקיות אשפה קוויק 40יח לארג 50/70עם ידית,יחידה,40.00,יחידה,false,18,12.90,0.3225,true,1,333408
7290111097836,false,קוויק מגבונים 99.9% דוחה אבק למשטחים בניחוח מרכך כביסה 50 יחידות,די.פי.אל,IL,מגבוני קוויק דוחה אבק למשטחים 50יח,יחידה,50.00,יחידה,false,1,8.90,0.1780,true,1,334787
7290111285325,false,צלחת במבוק 23 סמ מיני מאוס,שמחה זה אנחנו,CN,צלחת במבוק ממותגת 9 אינץ,יחידה,1.00,יחידה,false,1,13.90,13.9000,true,1,311910
7290111285417,false,קערה במבוק מיני מאוס יח,שמחה זה אנחנו,CN,קערת במבוק ממותגת,יחידה,1.00,יחידה,false,1,12.90,12.9000,true,1,311909
7290111285523,false,כוס במבוק מפרץ ההרפתקאות בנים,שמחה זה אנחנו,CN,כוס במבוק ממותגת,יחידה,1.00,יחידה,false,1,12.90,12.9000,true,1,311908
7290111340109,false,דיפנד - מגן תחתון לנשים אקטיב 22 יח',קימברלי קלארק,IL,מגן תחתון דיפנד אקטיב נשים 22 יח,יחידה,22.00,יחידה,false,1,18.90,0.8591,true,1,316381
7290111340178,false,מטליות לחות ניקול לניקוי כללי בניחוח מרכך כביסה 50 יח',חוגלה קימברלי,IL,מטליות לחות לניקוי כללי דוחה אבק 50יח,יחידה,50.00,יחידה,false,1,16.90,0.3380,true,1,307294
7290111340185,false,מטליות לחות רצפה ניחוח מרכך כביסה ניקול 10 יחידות,חוגלה קימברלי,IL,מטליות לחות לרצפה ניקול בניחוח מרכך 10יח,יחידה,10.00,יחידה,false,1,13.90,1.3900,true,1,307293
7290111340956,false,ניקול מטליות לחות לרצפה בניחוח פריחה לבנה,חוגלה קימברלי,IL,מטליות לחות לניקוי רצפות 10יח מהדורת ספא,יחידה,10.00,יחידה,false,1,12.90,1.2900,true,1,311314
7290111341359,false,רדיד אלומיניום+סכין חיתוך ניקול 60 מטר,"אופל בע""\מ",IL,רדיד אלומיניום 60מטר+סכין חיתוך ניקול,מטרים,60.00,מטר,false,1,42.90,0.7150,true,1,314303
7290111341366,false,ניקול מפיות אירוח חד שכבתי 150 יחידות,"משווק ע""י קימברלי קלארק",SK,מפיות אירוח חד שכבתי 30/30 150יח,יחידה,150.00,יחידה,false,1,9.90,0.0660,true,1,314304
7290111341434,false,תחבושות דיפנד נורמל אקטיב לנשים 12 יח,קימברלי קלארק,IL,תחבושות מיני דיפנד אקטיב נשים 12 יח,יחידה,12.00,יחידה,false,1,19.90,1.6583,true,1,316383
7290111341496,false,תחבושות דיפנד מיני אקטיב לנשים 14 יח,קימברלי קלארק,IL,תחבושות מיני דיפנד אקטיב נשים 14 יח,יחידה,14.00,יחידה,false,1,19.90,1.4214,true,1,316382
7290111341526,false,תחבושות קוטקס אקטיב נורמל דואו 24 יחידות,קימברלי קלארק,CZ,תחבושות קוטקס אקטיב נורמל 24יח דואו,יחידה,24.00,יחידה,false,12,21.90,0.9125,true,1,318294
7290111341540,false,קוטקס אקטיב טמפונים ללא מוליך נורמל 32יח,קימברלי קלארק צ'כיה,CZ,טמפונים קוטקס אקטיב נורמל 32 יח,יחידה,32.00,יחידה,false,12,26.90,0.8406,true,1,318296
7290111341557,false,קוטקס אקטיב טמפונים ללא מוליך סופר 32יח,קימברלי קלארק צ'כיה,CZ,טמפונים קוטקס אקטיב סופר 32 יח,יחידה,32.00,יחידה,false,12,26.90,0.8406,true,1,318297
7290111341816,false,נייר אפייה בגליל עם סיכון חיתוך,אופל,IL,נייר אפיה ניקול 25מטר עם סליידר,מטרים,25.00,מטר,false,15,22.90,0.9160,true,1,316379
7290111341984,false,לילי - מגבוני נייר טואלט לח פיור רביעייה,קימברלי,IL,מארז 4יח נייר טואלט לח לילי 40יח,יחידה,160.00,יחידה,false,8,19.90,0.1244,true,1,319500
7290111341991,false,מגבוני טואלט לח סופרים לילי 48 יח',חוגלה קימברלי,IL,מגבון נייר טואלט לח סופרים 48 יח,יחידה,48.00,יחידה,false,18,8.90,0.1854,true,1,318291
7290111342004,false,נייר טואלט לילי לח קידס 56 דפים,חוגלה קימברלי,IL,מגבון נייר טואלט לח לילי קידס 56 יח,יחידה,56.00,יחידה,false,18,8.90,0.1589,true,1,318290
7290111342059,false,50 מטליות מיקרופייבר לשטחים אנטיבקטריאלי ניקול,ניקול,IL,מטליות לחות אנטיבקטריאלי מפחית ריחות 50י,יחידה,50.00,יחידה,false,1,16.90,0.3380,true,1,320925
7290111342073,false,מטליות מקרופייבר למשטחים אנטיבקטריאלי ניקול,ניקול,IL,מטליות מיקרופייבר אנטיבקטריאלי 2יח ניקול,יחידה,2.00,יחידה,false,1,15.90,7.9500,true,1,320927
7290111342523,false,מפיות אירוח לשימוש יומיומי ניקול 100 יח,חוגלה קימברלי,IL,מפיות אירוח ניקול חד שכבתי100יח 33/33סמ,יחידה,100.00,יחידה,false,1,8.90,0.0890,true,1,320047
7290111342684,false,מפיות חד שכבתי מודפסות 100 יח',חוגלה קימברלי,BG,מפיות מודפסות חד שכבתי 100יח ניקול,יחידה,100.00,יחידה,false,14,7.90,0.0790,true,1,324288
7290111342738,false,לילי - מגבוני נייר טואלט לח קידס רביעייה,לילי נייר טואלט חוגלה,IL,מארז 4יח נייר טואלט לח לילי קידס 40יח,יחידה,160.00,יחידה,false,8,19.90,0.1244,true,1,320460
7290111343117,false,"קלינקס לושן סופט פק זוגות 140 דף ""חדש""",קימברלי קלארק,IL,ממחטות אף קלינקס לושן סופט זוג 140יח,יחידה,140.00,יחידה,false,30,14.90,0.1064,true,1,325452
7290111343124,false,נייר טואלט לילי דאבל 24ג,חוגלה קימברלי,IL,נייר טואלט לילי כפול 24גלילים=48,יחידה,24.00,יחידה,false,1,54.90,2.2875,true,1,322784
7290111343797,false,מטליות לחות לניקוי חלונות 48 יח' ניקול,חוגלה קימברלי,IL,מטליות לחות לניקוי חלונות 48יח ניקול,יחידה,48.00,יחידה,false,24,12.90,0.2688,true,1,324361
7290111343841,false,ספוגית הקסם נירוסטה - מארז 3 יחידות,ניקול,IL,ספוגית הקסם לנירוסטה 3יח ניקול,יחידה,3.00,יחידה,false,24,12.90,4.3000,true,1,324363
7290111343858,false,ניקול מטליות לחות לרצפה אנטיבקרטריאלי 10 יחידות,עלבד משואות יצחק,IL,מטליות לחות לרצפות אנטיבקטריאלי 10יח ניק,יחידה,10.00,יחידה,false,1,13.90,1.3900,true,1,322789
7290111344091,false,מטליות לחות אנטיבקטריאלי TO GO שלישייה 15 יח',חוגלה קימברלי,IL,מארז 3יח מטליות לחות ניקוי וחיטוי משטח,יחידה,45.00,יחידה,false,15,15.90,0.3533,true,1,323733
7290111344138,false,"מטליות ניקול רב""ש אנטיבקטריאליות 6 יח",נ.אורים,IL,מטלית רב שימושית אנטיבקרטיאלי 6יח ניקול,יחידה,6.00,יחידה,false,1,11.90,1.9833,true,1,322792
7290111344145,false,ניקול זוג מטליות מיקרופייבר אנטיבקטריאליות לרצפה,ניקול,CN,מטליות מיקרופייבר לרצפות אנטיבקטראילי 2י,יחידה,2.00,יחידה,false,12,26.90,13.4500,true,1,324365
7290111344206,false,-מגבונים לחים לעור רגיש ללא בישום האגיס 4*64 יחידות,חוגלה קימברלי,IL,מארז 4יח מגבוני האגיס נטורל קר 64יח,יחידה,256.00,יחידה,false,1,22.90,0.0895,true,1,332572
7290111344459,false,קוטוקס תחבושות נייט אקסטרא לונג 20 יח',חוגלה קימברלי,CN,תחבושות קוטקס לילה אקסטרה לונג 18יח,יחידה,18.00,יחידה,false,1,19.90,1.1056,true,1,327708
7290111344503,false,חיתולי האגיס אקסטרה קייר מידה +4 36 יח',חוגלה קימברלי,IL,חיתולי האגיס אקסטרה קייר מידה 4+ 36יח,יחידה,36.00,יחידה,false,1,49.90,1.3861,true,1,328068
7290111344510,false,נייר אפייה ניקול בשקית 100 יח,אופל,IL,נייר אפיה 100יח ניקול,יחידה,100.00,יחידה,false,12,21.90,0.2190,true,1,326791
7290111344527,false,ניקול שקיות אשפה XXL לפחים ענקיים 20 יחי,קימברלי קלארק,IL,שקיות אשפה שחורות לפחים ענקיים 20יח,יחידה,20.00,יחידה,false,12,27.90,1.3950,true,1,326790
7290111344565,false,ניקול שקיות זיפר מארז משולב מידות,taizhou inter packin,CN,שקיות דאבל זיפר 25יח ניקול,מטרים,25.00,מטר,false,24,14.90,0.5960,true,1,336280
7290111344572,false,ניקול שקיות אשפה עם ידיות 25 יח',ניקול,TR,שקיות אשפה ניקול עם ידיות 25יח,יחידה,25.00,יחידה,false,8,24.90,0.9960,true,1,332469
7290111344626,false,מגבות מטבח אנטיבקריאליות,,IL,מארז 2יח מגבות מטבח אנטיבקטריאלי ניקול,יחידה,2.00,יחידה,false,24,22.90,11.4500,true,1,326793
7290111344633,false,ניקול משטח ייבוש כלים אנטיבקטריאלי,ניקול,IL,משטח לייבוש כלים אנטיבקטריאלי ניקול,יחידה,1.00,יחידה,false,12,22.90,22.9000,true,1,326792
7290111344701,false,ניקול שקיות אוכל סנדויצון מניונים 250 יחידות,חוגלה קימברלי,IL,שקיות סנדויצון ניקול 250יח מיניונים,יחידה,250.00,יחידה,false,20,14.90,0.0596,true,1,337105
7290111344732,false,קלינקס - טיישו אלרג'י קומפורט ניילון זוגות 140 דף,קימברלי קלארק,IL,ממחטות אף קלינקס אלרגי קומפורט 140דף,יחידה,140.00,יחידה,false,30,14.90,0.1064,true,1,327712
7290111344824,false,מגן תחתון קוטקס אקסטרא אנטיבקטריאלי לארג',חוגלה,CN,מגן תחתון קוטקס אנטיבקטראלי לארג 52יח,יחידה,52.00,יחידה,false,1,21.90,0.4212,true,1,333802
7290111344831,false,קוטקס - מגיני יום אקסטרא פרוטקט נורמל ביג 60 יח',חוגלה קימברלי,CN,מגן תחתון קוטקס אקסטרא פרוטקט נורמל 60יח,יחידה,60.00,יחידה,false,1,21.90,0.3650,true,1,333794
7290111344855,false,קוטקס - מגיני יום אקסטרא פרוטקט לארג' ביג 52 יח',חוגלה קימברלי,CN,מגן תחתון קוטקס אקסטרא פרוטקט לארג 52יח,יחידה,52.00,יחידה,false,1,21.90,0.4212,true,1,333795
7290111344879,false,קוטקס מגיני תחתון 2IN1 מחזור+שתן 44 יחיד,חוגלה,CN,מגן תחתון קוטקס 2 ב1 לארג 44 יחידות,יחידה,44.00,יחידה,false,1,21.90,0.4977,true,1,333801
7290111344916,false,ניקול שישיית כריות יפניות אנטיבקטריאליות,חוגלה קימברלי,IL,מארז 6יח כרית יפנית אנטיבקטריאלי ניקול,יחידה,6.00,יחידה,false,24,16.90,2.8167,true,1,327709
7290111344930,false,מטליות לחות לרצפה בניחוח כביסה ארומתרפיה ניקול 10 יח',ניקול,IL,מטליות לחות לניקוי רצפות 10יח ניחוח מרכך,יחידה,10.00,יחידה,false,1,12.90,1.2900,true,1,332465
7290111344978,false,רדיד אלומיניום עבה 60 מטר ניקול,ניקול,IL,רדיד אלומיניום 60מטר עבה,מטרים,60.00,מטר,false,1,41.90,0.6983,true,1,327707
7290111345043,false,ניקול מטליות מיקרופייבר דו צדדית למשטחים,סדובסקי,IL,מטליות מיקרופייבר למשטחים 2יח דו צדדי ני,יחידה,2.00,יחידה,false,24,17.90,8.9500,true,1,332467
7290111345050,false,כריות מיקרופייבר ניקול לניקוי עדין,ניקול,CN,כריות ניקוי מיקרופייבר דו צדדי 2יח ניקול,יחידה,2.00,יחידה,false,20,14.90,7.4500,true,1,332468
7290111345722,false,ניקול שקיות לשמירה על הטריות 5 יחידות,ניקול,TR,שקיות לשמירת הטריות 5יח ניקול,יחידה,5.00,יחידה,false,24,16.90,3.3800,true,1,336281
7290111345753,false,תחבושות נטורל דואו נורמל 24 יח' קוטקס,קריות זול,CZ,תחבושות קוטקס נטורל נורמל דואו 24יח,יחידה,24.00,יחידה,false,16,19.90,0.8292,true,1,335096
7290111345760,false,תחבושות נטורל דואו סופר 18 יח' קוטקס,קריות זול,CZ,תחבושות קוטקס נטורל סופר דואו 18יח,יחידה,18.00,יחידה,false,16,19.90,1.1056,true,1,335097
7290111345777,false,תחבושת קוטקס כותנה לילה 16 יח' קוטקס,קריות זול,CZ,תחבושות קוטקס נטורל אוברנייט דואו 16יח,יחידה,16.00,יחידה,false,16,19.90,1.2437,true,1,335098
7290111345821,false,נייר טואלט נטורל קר - מארז 16 גלילי ג'מבו,חוגלה קימברלי,IL,נייר טואלט לילי 16גלילים נטורל קר גמבו,יחידה,16.00,יחידה,false,1,37.90,2.3687,true,1,334237
7290111345982,false,ניקול דפי ספוגית הקסם 10 יחידות,חוגלה קימברלי,IL,דפי ספוגית הקסם 10יח ניקול,יחידה,10.00,יחידה,false,24,10.90,1.0900,true,1,334684
7290111345999,false,ניקול זוג מטליות לחות לרצפה בניחוח מרכך,עלבד,IL,מארז מטליות לחות לניקוי רצפות ניחוח מרכך,יחידה,20.00,יחידה,false,1,21.90,1.0950,true,1,334685
7290111346088,false,נייר טואלט מולט דו שכבתי 30 גל,חוגלה קימברלי,IL,נייר טואלט מולט אקסטרא לאב 30גלילים,יחידה,30.00,יחידה,false,1,27.90,0.9300,true,1,335694
7290111346118,false,האגיס מגבונים בישום עדין רביעייה מהדורה,ווטנאפס,IL,מארז 4יח מגבוני האגיס דיסני מבושם,יחידה,224.00,יחידה,false,1,22.90,0.1022,true,1,336751
7290111346293,false,מגבת נייר ניקול 6 יחידות מהדורה חגיגית,קימברלי קלארק,IL,מארז 6יח מגבות נייר למטבח ניקול,יחידה,6.00,יחידה,false,1,12.90,2.1500,true,1,335693
7290111346347,false,מגבוני אף אוריגינל סופט חמישיה קלינקס,קימברלי קלארק,IL,מארז 5 יח מגבוני אף קלינקס בניילון,יחידה,5.00,יחידה,false,18,15.90,3.1800,true,1,336752
7290111350030,false,רסק תפוחי עץ טבעי בצנצנת 670 גרם קלית גת,"ג'י אנד ג'י בע""מ",IL,רסק תפוח עץ טבעי קליית גת 670 גרם,גרמים,670.00,100 גרם,false,1,11.90,1.7761,true,1,334301
7290111350047,false,תמרים מזן מגהול ללא חרצנים 500 גרם,טעמי הגליל,IL,תמרים מגהול ללא חרצנים קליית גת 500 גרם,גרמים,500.00,100 גרם,false,12,12.90,2.5800,true,1,334303
7290111350092,false,מארז מיקס חטיפי מיני לואקר בסט 200 גר,ליימן מותגים,,מארז המיטב של לואקר 200 גרם,גרמים,200.00,100 גרם,false,1,20.90,10.4500,true,1,307622
7290111350665,false,קליית גת דבש לחיץ טהור מפרחי בר 350 גרם,חקלאות עין חרוד מאוח,IL,דבש לחיץ קליית גת 350 גרם,גרמים,350.00,100 גרם,false,12,19.90,5.6857,true,1,334304
7290111350672,false,צנצנת דבש קליית גת 700 גרם,חקלאות עין חרוד מאוח,IL,דבש טהור קליית גת 700 גרם,גרמים,700.00,100 גרם,false,12,29.90,4.2714,true,1,334305
7290111350719,false,חטיף נאצוס הוטפופ בסגנון מסעדות 322 גר,ליימן מותגים,US,חטיף נאצוס סגנון מסעדות 322 גרם,גרמים,322.00,100 גרם,false,1,17.90,5.5590,true,1,317244
7290111350726,false,חטיף נאצוס הוטפופ בסגנון מקסיקני 322 גר,ליימן מותגים,US,חטיף נאצוס סגנון מקסיקני 322 גרם,גרמים,322.00,100 גרם,false,1,17.90,5.5590,true,1,317243
7290111351112,false,"עוגיות סנדוויץ' בטעם שוקולד במילוי קרם בטעם וניל, 176 גרם",אס.אל.יו,ES,ביסקויט סנדוויץ צוקטה קרם וניל 176 גרם,גרמים,176.00,100 גרם,false,12,6.50,3.6932,true,1,318664
7290111352508,false,סילאן טבעי לחיץ קליית גת 840 גרם,"ששון ושות' בע""מ",IL,סילאן טבעי לחיץ קליית 840 גרם צנצנת,גרמים,840.00,100 גרם,false,1,19.90,2.3690,true,1,334460
7290111352959,false,מקלות חמוצים ממולאים בטעם פירות 80 גר' יוגטה,יוגטה yogueta,TR,גומי שטיח יוגטה ממולא פירות 80 גר,Unknown,0.00,Unknown,false,1,4.90,0.0000,true,1,323502
7290111352966,false,יוגטה סוכריות ממולאות בטעם פירות 250 גרם ללא ג'לטין,ליימן שליסל,TR,גומי יוגטה מקלות ממולאות 250 גרם,גרמים,250.00,100 גרם,false,1,6.90,2.7600,true,1,323500
7290111352973,false,יוגוטה קוביות חמוצות ממולאות בטעם פירות,יוגטה yogueta,TR,גומי יוגטה קוביות חמוצות 220גרם,גרמים,220.00,100 גרם,false,1,6.90,3.1364,true,1,323501
7290111353055,false,"גומי דובי 200 גר' וסטהיים (כש""לפ בית יוסף)",טופגם תעשיות ממתקים,TR,סוכריות גומי יוגטה דובונים 200 גרם,גרמים,200.00,100 גרם,false,18,9.90,4.9500,true,1,326012
7290111353079,false,יוגטה סוכריות גומי דובונים קופסא 180 גר,אפגאם תעשיות ממתקים,TR,סוכריות גומי יוגטה דובונים קופסא 180 גרם,גרמים,180.00,100 גרם,false,18,9.90,5.5000,true,1,326018
7290111353437,false,חטיף בטטה ומלח ים 120 גרם הוט פופ,איץ.סיי גרופ אס.דה א,HN,חטיף ציפס בטטה ומלח ים טבעוני 120 גרם,גרמים,120.00,100 גרם,false,12,13.90,11.5833,true,1,334652
7290111353444,false,חטיף בטטות ומלח ים 120 גרם הוט פופ,איץ.סיי גרופ אס.דה א,HN,חטיף ציפס בטטות ומלח ים טבעוני 120 גרם,גרמים,120.00,100 גרם,false,12,13.90,11.5833,true,1,334653
7290111353451,false,חטיף בירקות שורש ומלח ים הוטפופ 120 גרם,איץ.סיי גרופ אס.דה א,HN,חטיף ציפס ירקות שורש ומלח ים טבעוני120גר,גרמים,120.00,100 גרם,false,12,13.90,11.5833,true,1,334654
7290111353550,false,חמאת בוטנים טבעית קליית גת 300 גרם,J&G קיסריה,IL,חמאת בוטנים טבעית קליית גת 300 גרם,גרמים,350.00,100 גרם,false,12,14.90,4.2571,true,1,334306
7290111353567,false,ממרח שקדים טבעי קליית גת 300 גרם,J&G קיסריה,IL,ממרח שקדים קליית גת 300 גרם,גרמים,300.00,100 גרם,false,12,32.90,10.9667,true,1,334307
7290111354137,false,ממרח פקאן מסוכר קליית גת 200 גרם,J&G קיסריה,IL,ממרח פקאן מסוכר קליית גת 200 גרם,גרמים,200.00,100 גרם,false,12,19.90,9.9500,true,1,337660
7290111354144,false,ממרח קוקוס מקורמל קליית גת 200 גרם,J&G קיסריה,IL,ממרח קוקוס מקורמל קליית גת 200 גרם,גרמים,200.00,100 גרם,false,12,15.90,7.9500,true,1,337659
7290111354519,false,רמקול בלוטוס לואקר,,,רמקול לואקר נייד,Unknown,0.00,Unknown,false,1,15.00,0.0000,true,1,336265
7290111354571,false,צידנית קאודרטיני+גרדנה,א. לואקר,AT,מארז צידנית לואקר עגולה,גרמים,700.00,100 גרם,false,1,41.90,5.9857,true,1,336264
7290111354595,false,קופסת אוכל קנופרס 125 גרם,אוגוסט שטורק,DE,מארז קוספת אוכל וופל קנופרס 125 גרם,גרמים,125.00,100 גרם,false,1,12.90,10.3200,true,1,336575
7290111354687,false,מיני מרשמלו בטעם תות וניל 500 גרם,,IL,מיני מרשמלו יוגטה תות וניל 500 גרם,גרמים,180.00,100 גרם,false,14,19.90,11.0556,true,1,338336
7290111564239,false,שלגוני קראנץ' Crunch בטעם וניל - 5 יח',גלידות נסטלה )נגה גלידות,IL,מאגדת שלגון מיני קראנץ וניל 5 יח,יחידה,5.00,יחידה,false,5,30.90,6.1800,true,1,311303
7290111564277,false,פריכיות דקות ונימוחות 3 דגנים פיטנס Fitness,פרח תעשיות בעמ,IL,פריכיות פיטנס דקות דגנים 120 גרם,גרמים,120.00,100 גרם,false,12,10.90,9.0833,true,1,307454
7290111564291,false,פריכיות דקות ונימוחות 3 דגנים וקינואה פיטנס Fitness,פרח תעשיות בעמ,IL,פריכיות פיטנס דקות קינואה 120 גרם,גרמים,120.00,100 גרם,false,12,10.90,9.0833,true,1,307455
7290111564666,false,כדורי בשר צמחוניים עם המון חלבון,עיצובים 2020 (4.8),IL,כדורי בשר מן הצומח 500 גר טבעול,גרמים,500.00,100 גרם,false,1,32.90,6.5800,true,1,311155
7290111564956,false,"ביסלי במבה מיקס 200 גרם ""אסם""",פרו מן יו פתרונות אריזה,IL,חטיף מיקס במבה ביסלי 200גר,גרמים,200.00,100 גרם,false,1,10.90,5.4500,true,1,312407
7290111565038,false,"לה קרמריה וניל קוקילידה בד""צ 1.4 ל'",גלידות נסטלה )נגה גלידות,IL,גל. לה קרמריה וניל קוקילידה 1.4 ליטר,מיליליטרים,1400.00,"100 מ""ל",false,1,18.90,1.3500,true,1,312713
7290111566103,false,טבעול פלאפל מרכיבים ביתיים בלבד 590 גרם,עיצובים 2020 (4.8),IL,פלאפל רכיבים ביתיים 500גר טבעול,גרמים,500.00,100 גרם,false,1,32.90,6.5800,true,1,311660
7290111566226,false,שניצל ברוקולי טבעול 667 גרם,עיצובים 2020 (4.8),IL,שניצל ברוקולי טבעול 667גר,גרמים,667.00,100 גרם,false,1,32.90,4.9325,true,1,311657
7290111566240,false,שניצל דק מן הצומח בטעם צ'ילי חריף 700 גרם,עיצובים 2020 (4.8),IL,שניצל דק מן הצומח טעם צילי 564גר טבעול,גרמים,564.00,100 גרם,false,1,32.90,5.8333,true,1,311656
7290111566271,false,חטיפי תירס טבעול 657 גרם,עיצובים 2020 (4.8),IL,חטיפי תירס טבעול 600 גר,גרמים,600.00,100 גרם,false,1,33.90,5.6500,true,1,311561
7290111566318,false,שניצל דק מן הצומח בטעם ביתי 700 גרם,עיצובים 2020 (4.8),IL,שניצל דק מן הצומח טעם ביתי 564גר טבעול,גרמים,564.00,100 גרם,false,1,32.90,5.8333,true,1,311655
7290111566332,false,"נקניקיות וינר מן הצומח 680 גרם ""טבעול""",עיצובים 2020 (4.8),IL,נקניקיות וינר מן הצומח טבעול 680 גר,גרמים,680.00,100 גרם,false,1,32.90,4.8382,true,1,311248
7290111566417,false,טבעול טחון מן הצומח משופר 400 גרם,עיצובים 2020 (4.8),IL,טחון מן הצומח 500 גר טבעול,גרמים,500.00,100 גרם,false,1,32.90,6.5800,true,1,311667
7290111566547,false,טבעול חזה בגריל צמחוני 99 קלוריות 560ג',עיצובים 2020 (4.8),IL,חזה בגריל מן הצומח 560גר טבעול,גרמים,560.00,100 גרם,false,1,32.90,5.8750,true,1,311654
7290111566561,false,"שניצל ברוקולי 99 קלוריות 560 גר' ""טבעול""",עיצובים 2020 (4.8),IL,שניצל ברוקולי מופחת שומן טבעול 560 גר,גרמים,560.00,100 גרם,false,1,32.90,5.8750,true,1,311662
7290111566585,false,"שניצל צמחוני 99 קלוריות 650 גר' ""טבעול""",עיצובים 2020 (4.8),IL,שניצל מן הצומח מופחת שומן 650 גר טבעול,גרמים,650.00,100 גרם,false,1,32.90,5.0615,true,1,311665
7290111566691,false,"שניצל תרד 99 קלוריות 560 גרם ""טבעול""",עיצובים 2020 (4.8),IL,שניצל תרד טבעול לייט 99קלוריות 560 גר,גרמים,560.00,100 גרם,false,1,32.90,5.8750,true,1,311663
7290111566714,false,טבעול המבורגר צמחוני 99 קלוריות 600 גרם,עיצובים 2020 (4.8),IL,המבורגר מן הצומח 600גר 99קלוריות טבעול,גרמים,600.00,100 גרם,false,1,32.90,5.4833,true,1,311664
7290111566752,false,טבעול שניצל תירס 99 קלוריות 693 גרם,עיצובים 2020 (4.8),IL,שניצל תירס לייט 693 גר טבעול,גרמים,693.00,100 גרם,false,1,32.90,4.7475,true,1,311661
7290111566776,false,"נקניקיות קוקטייל מן הצומח 680 גרם ""טבעול""",עיצובים 2020 (4.8),IL,נקניקיות קוקטייל מן הצומח טבעול 680 גר,גרמים,680.00,100 גרם,false,1,32.90,4.8382,true,1,311321
7290111568206,false,"מיקס ביסלי, אפרופו ופיצוחים מתובלים",פרו מן יו פתרונות אר,IL,מיקס ביסלי פארטי 150 גרם,גרמים,150.00,100 גרם,false,1,9.10,6.0667,true,1,312406
7290111568251,false,אטריות נודלס להקפצה אסם אסייתי 350 גר',תאי פרזידנטפוד,TH,אטריות נודלס להקפצה אוסם 350 גרם,גרמים,300.00,100 גרם,false,1,10.90,3.6333,true,1,313752
7290111568275,false,אטריות נודלס אורז רחבות אסם אסייתי 300גרם,תאי פרזידנט,TH,אטריות אורז רחבות אוסם 350 גרם,גרמים,300.00,100 גרם,false,1,10.90,3.6333,true,1,313753
7290111568466,false,רוטב אסייתי למוקפץ הסדרה האסייתית,אסיף תעשיות מזון בעמ,IL,רוטב אסייתי למוקפץ אוסם 290 מל,מיליליטרים,290.00,"100 מ""ל",false,1,13.90,4.7931,true,1,313757
7290111930799,false,קראנצ'וס טעם בצל 55גר,מנה,IL,חטיף קראנצוס בצל 70 גר,Unknown,0.00,Unknown,false,1,3.90,0.0000,true,1,308173
7290111930805,false,קראנצ'וס טעם ברביקיו 55 גר',חברת מנה בעמ,IL,חטיף קראנצוס ברביקיו 70 גר,Unknown,0.00,Unknown,false,1,3.90,0.0000,true,1,308174
7290111930898,false,חטיף פוף כוכבים גריל אמריקאי 40 גרם,פוף POOF,IL,חטיף מנה ציפס כוכבים גריל 40 גר,Unknown,0.00,Unknown,false,1,3.90,0.0000,true,1,309881
7290111930904,false,חטיף פוף כוכבים בצל 40 גרם,פוף POOF,IL,חטיף מנה ציפס כוכבים בצל 40 גר,Unknown,0.00,Unknown,false,1,3.90,0.0000,true,1,309882
7290111930911,false,חטיף פוף לבבות קלאסי 40 גרם,פוף POOF,IL,חטיף מנה ציפס קלאסי 40 גר,Unknown,0.00,Unknown,false,1,3.90,0.0000,true,1,309878
7290111930928,false,חטיף פוף לבבות גריל 40 גרם,פוף POOF,IL,חטיף מנה ציפס גריל 40 גר,Unknown,0.00,Unknown,false,1,3.90,0.0000,true,1,309879
7290111930935,false,חטיף פוף טבעות קלאסי 40 גרם,פוף POOF,IL,חטיף מנה ציפס טבעות קלאסי 40 גר,Unknown,0.00,Unknown,false,1,3.90,0.0000,true,1,309880
7290111930959,false,"פירורים מוזהבים כשל""פ350","אם החיטה בע""מ",IL,פירורים מוזהבים מאסטר שף כשלפ 350 גרם,גרמים,350.00,100 גרם,false,1,9.90,2.8286,true,1,311138
7290111931321,false,"קולגייט משחת שיניים ילדים 6+ מיניונים 50 מ""ל",קולגייט- פלמוליב,PL,משחת שיניים קולגייט ילדים מיניונים 6+,יחידה,1.00,יחידה,false,12,12.90,12.9000,true,1,313592
7290111931338,false,"סבון נוזלי פלמוליב לומינוס תאנה 500 מ""ל",קולגייט פלמוליב,TR,סבון נוזלי פלמוליב לומינוס תאנה 500 מל,מיליליטרים,500.00,"100 מ""ל",false,12,16.90,3.3800,true,1,312891
7290111932502,false,"משחת שיניים קולגייט אופטיק וייט אקספרט וויט 75 מ""ל",קולגייט Colgate,MX,משחת שיניים קולגייט אופטיק וויט אקס 75מל,Unknown,0.00,Unknown,false,1,25.90,0.0000,true,1,314468
7290111933530,false,"מיץ לימון טבעי 100% מאסטר שף 250 מ""ל",ליאו סיטי אינבסט,IT,מיץ לימון 100% טבעי מאסטר שף 250 מל,מיליליטרים,250.00,"100 מ""ל",false,12,7.90,3.1600,true,1,315712
7290111933554,false,שלישייה עגבניות קוביות מאסטר שף 400 גרם,קונסוריזיו קאסאלסקו,IT,מארז 3 יח עגבניות קוביות מאסטר שף 400 גר,גרמים,1200.00,100 גרם,false,1,16.90,1.4083,true,1,334413
7290111933561,false,מאסטר שף תערובת ציפוי נגטס 250 גרם,טסט וסנט קו.לטד,TH,תערובת ציפוי לנאגטס 200גרם,גרמים,200.00,100 גרם,false,1,8.90,4.4500,true,1,318555
7290111933998,false,תבנית קוקי אינגליש עם נייר אפייה 4 יח,קוקי,CN,תבנית אינגליש עם נייר אפיה קוקי 4יח,יחידה,4.00,יחידה,false,1,10.90,2.7250,true,1,317212
7290111934032,false,רדיד אלומיניום קוקי כוכבים+סכין 60 מ,,CN,רדיד אלומיניום קוקי כוכבים עם סכין 60מטר,מטרים,60.00,מטר,false,12,29.90,0.4983,true,1,320705
7290111934049,false,קוקי רדיד אלומניום כ,,CN,זוג רדיד אלומיניום קוקי כוכבים רחב 7.5מט,מטרים,15.00,מטר,false,12,16.90,1.1267,true,1,320706
7290111934827,false,"סבון ידיים משאבה פלמוליב היגיינה 300 מ""ל",פלמוליב Palmolive,TR,סבון ידיים פלמוליב אלוורה דבש 300 מל,מיליליטרים,300.00,"100 מ""ל",false,1,11.90,3.9667,true,1,317211
7290111935527,false,"מ. שיניים קולגייט טוטל קלין מיניט -זוג כשל""פ2*100 גרם",קולגייט פלמוליב,PL,זוג מש.שינים קולגייט טוטל קלין מינט 100מ,מיליליטרים,200.00,"100 מ""ל",false,24,29.90,14.9500,true,1,316823
7290111935800,false,דאו ליידי ספיד סטיק דרמה ויטמין אי 45 גר,ליידי ספיד סטיק Lady Speed Stick,US,דאו.ליידי ספיד סטיק דרמה ויטמין איי 45גר,Unknown,0.00,Unknown,false,1,15.90,0.0000,true,1,318000
7290111935817,false,דאודורנט סטיק דרמה מכיל תמצית אם הפנינה,ליידי ספיד סטיק Lady Speed Stick,US,דאו.ליידי ספיד דרמה סטיק פנינה 45גר,Unknown,0.00,Unknown,false,1,15.90,0.0000,true,1,318479
7290111935961,false,מאסטר שף מחית עגבניות 690 גרם כשלפ,פראנו אנריקו ופיגלי,IT,מחית עגבניות מאסטר שף 690 גרם,גרמים,690.00,100 גרם,false,12,10.90,1.5797,true,1,334471
7290111935992,false,אטריות להקפצה מאסטר שף 350 גרם,לינגהאנג פוד,CN,אטריות מאסטר שף להקפצה 350 גרם,גרמים,350.00,100 גרם,false,30,8.90,2.5429,true,1,319834
7290111936203,false,"ליידי ספיד סטיק דרמה ספריי ויטמין אי 150 מ""ל",ליידי ספיד סטיק Lady Speed Stick,RU,דאו. ליידי ספיד סטיק ספריי דרמה ויטמין,מיליליטרים,150.00,"100 מ""ל",false,1,15.90,10.6000,true,1,318001
7290111936296,false,"פלמוליב סבון נוזלי בניחוח סנסיישן מסאז' ,750 מ""ל",קולגייט פלמוליב,TR,אלסבון פלמוליב משאבה סנסיישן מסאז 750מל,מיליליטרים,750.00,"100 מ""ל",false,1,16.90,2.2533,true,1,317675
7290111936784,false,פרי מארז חטיפים 5 יחידות תמרים ואגוזי לוז כשלפ,"טבעית מוצרים מהטבע בע""\מ",IL,חטיף פרי תמרים אגוזי לוז כשלפ,גרמים,125.00,100 גרם,false,1,16.90,13.5200,true,1,316921
7290111937088,false,ליידי ספיד סטיק דרמה רול און אומגה 3,Colgate - Mexico,MX,דאוד.ליידי ספיד סטיק דרמה רול און אומגה,Unknown,0.00,Unknown,false,1,15.90,0.0000,true,1,325484
7290111937231,false,פרי מארז חטיפים 5 יחידות תמרים וקוקוס כשלפ,"טבעית מוצרים מהטבע בע""\מ",IL,חטיף פרי תמרים וקוקוס כשלפ,גרמים,125.00,100 גרם,false,1,16.90,13.5200,true,1,316917
7290111937248,false,פרי מארז חטיפים 5 יחידות תמרים קשיו ונגיעות לוז כשלפ,"טבעית מוצרים מהטבע בע""\מ",IL,חטיף פרי תמרים קשיו ונגיעות לוז כשלפ,גרמים,125.00,100 גרם,false,1,16.90,13.5200,true,1,316918
7290111937255,false,פרי מארז חטיפים 5 יחידות תמרים בוטנים ואגוזי לוז כשלפ,"טבעית מוצרים מהטבע בע""\מ",IL,חטיף פרי תמרים בוטנים ואגוזי לוז כשלפ,גרמים,125.00,100 גרם,false,1,16.90,13.5200,true,1,316919
7290111937262,false,מארז חמישיית חטיפי תמרים אגוזים ושברי קקאו פרי 125 גרם,"טבעית מוצרים מהטבע בע""\מ",IL,חטיף פרי תמרים אגוזים ושברי קקאו כשלפ,גרמים,125.00,100 גרם,false,1,16.90,13.5200,true,1,316920
7290111937712,false,"קוקי רדיד אלומיניום עטוף בניר אפייה גליל, 7.5 מטר",קוקי,CN,רדיד אלומינים עם נייר אפיה קוקי 7.5מטר,מטרים,7.50,מטר,false,20,12.90,1.7200,true,1,320707
7290111938498,false,"מנה אסייאתי רוטב סויה בהירה 700 מ""ל מ.שף",קי.אר.אס. ספייסי פוד,TH,רוטב סויה בהירה מאסטר שף 700מל,מיליליטרים,700.00,"100 מ""ל",false,1,13.90,1.9857,true,1,320981
7290111939136,false,קוקי נייר אפייה עגול קוטר 26,קוקי,IL,נייר אפיה קוקי עגול קוטר 26יח 20יח,יחידה,20.00,יחידה,false,18,8.90,0.4450,true,1,320708
7290111939143,false,קוקי נייר אפייה עגול קוטר 28,,IL,נייר אפיה קוקי עגול קוטר 28יח 20יח,יחידה,20.00,יחידה,false,18,8.90,0.4450,true,1,320709
7290111939174,false,קוקי ניילון נצמד עם גומי מידה לארג,קוקי,CN,ניילון נצמד עם גומי מידה לארג 18יח,יחידה,18.00,יחידה,false,15,9.90,0.5500,true,1,320710
7290111939181,false,קוקי כיסוי ניילון עם גומי מיקס מידות,שסטוביץ,CN,ניילון נצמד עם גומי מיקס 20יח קוקי,יחידה,20.00,יחידה,false,15,9.90,0.4950,true,1,320711
7290111939426,false,קולגייט טוטל קלין מינט מארז זוג 200 מל,קיטים,PL,זוג מש.שינים קולגייט טוטל קלין מינט100מל,מיליליטרים,200.00,"100 מ""ל",false,24,29.90,14.9500,true,1,318709
7290112000057,false,גל כביסה קרטין גולד וולייט 3 ליטר,רקיט בנקיזר,IT,גל כביסה וולייט 3ליטר כביסה כהה,ליטרים,3.00,ליטר,false,1,19.90,6.6333,true,1,310061
7290112000132,false,מפזר אדים אוטומטי + מילוי בניחוח לבנדר ופריחת השקד,איירוויק Air Wick,HU,מפזר אדים אירוויק אוטומטי לבנדר שקדים,יחידה,1.00,יחידה,false,1,39.90,39.9000,true,1,313240
7290112000149,false,אירוויק מפיץ אדים אוטמטי מכשיר +מחלוי יסמין,RB הונגריה,HU,מפזר אדים אירוויק אוטומטי יסמין ופרחים,יחידה,1.00,יחידה,false,1,39.90,39.9000,true,1,313241
7290112000156,false,"איירוויק מילוי מפיץ אדים אוטמטי לבנדר 20 מ""ל",איירוויק Air Wick,HU,מילוי מפזר אדים אירוויק אוטומטי יסמין,יחידה,1.00,יחידה,false,1,24.90,24.9000,true,1,313242
7290112000163,false,מילוי למפזר אדים בניחוח יסמין ואדמונית,איירוויק Air Wick,HU,מילוי מפזר אדים אירוויק אוטומטי לבנדר,יחידה,1.00,יחידה,false,1,24.90,24.9000,true,1,313243
7290112000170,false,אייר ויק מילוי למפזר אדים אוטומטי מרענן,איירוויק Air Wick,HU,מילוי מפזר אדים אירוויק אוטומטי פרש,יחידה,1.00,יחידה,false,1,24.90,24.9000,true,1,313244
7290112000286,false,"גל לניקוי אסלות סיליט באנג לימון 750 מ""ל",סיליט באנג Cillit Bang,PL,גל לניקוי אסלות סיליט באנג 750מל ציטרוס,מיליליטרים,750.00,"100 מ""ל",false,1,9.90,1.3200,true,1,311088
7290112000293,false,"סיליט באנג ג'ל לחיטוי וניקוי האסלה פרש, 750 מ""ל",סיליט באנג Cillit Bang,PL,גל לניקוי אסלות סיליט באנג 750מל מרענן,מיליליטרים,750.00,"100 מ""ל",false,1,9.90,1.3200,true,1,311125
7290112000385,false,מנקה ומחטא עוצמתי למטבח ללא אקונומיקה,רקיט בנקיזר,PL,דטול מנקה ומחטא מטבח 750 מל,מיליליטרים,750.00,"100 מ""ל",false,12,14.90,1.9867,true,1,314541
7290112000392,false,מנקה ומחטא עוצמתי לחדר האמבטיה ללא אקונומיקה,רקיט בנקיזר,PL,דטול מנקה ומחטא אמבטיה 750 מל,מיליליטרים,750.00,"100 מ""ל",false,12,14.90,1.9867,true,1,314542
7290112000408,false,מנקה ומחטא עוצמתי לניקוי כללי בניחוח לימון,רקיט בנקיזר,US,דטול מנקה ומחטא לניקוי כללי 750 מל,מיליליטרים,750.00,"100 מ""ל",false,12,14.90,1.9867,true,1,314539
7290112000712,false,ויט קרם להסרת שיער לגבר למקלחת 150 מל,רקיט בנקיזר צרפת,FR,קרם להסרת שיער ויט לגבר 150מל,מיליליטרים,150.00,"100 מ""ל",false,5,34.90,23.2667,true,1,314037
7290112000729,false,ויט קרם להסרת שיער לגבר 200 מל,רקיט בנקיזר צרפת,FR,קרם להסרת שיער ויט לגבר 200מל,מיליליטרים,200.00,"100 מ""ל",false,6,49.90,24.9500,true,1,314038
7290112000736,false,פיניש טבליות aio 80 יח אריזת חסכון,רקיט בנקיזר,PL,טבליות למדיח הכל ב 1 פיניש 80 יח,יחידה,80.00,יחידה,false,1,59.90,0.7487,true,1,313246
7290112000798,false,"דיטול תרסיסי חיטוי וניקוי אנטי בקטריאלי 750 מ""ל",רקיט בנקיזר,US,דטול מנקה ומחטא משטחים 750 מל,מיליליטרים,750.00,"100 מ""ל",false,12,14.90,1.9867,true,1,314543
7290112000828,false,דטול - מגבונים חיטוי וניקוי אנטי בקטריאלי 60 יח',רקיט בנקיזר,PL,דטול מטליות לחות מנקה ומחטא משטחים 60יח,יחידה,60.00,יחידה,false,12,10.90,0.1817,true,1,314545
7290112000842,false,דטול מגבונים לניקוי כללי בניחות לימון 60 יח',רקיט בנקיזר,PL,דטול מטליות לחות לניקוי כללי 60 יח,יחידה,60.00,יחידה,false,12,10.90,0.1817,true,1,314540
7290112000873,false,מטליות לחות לחדר האמבטיה מנקה ומחטא עוצמתי,רקיט בנקיזר,US,דטול מטליות לחות מנקה ומחטא אמבטיה 60יח,יחידה,60.00,יחידה,false,12,10.90,0.1817,true,1,314667
7290112000880,false,מטליות לחות למטבח מנקה ומחטא עוצמתי,רקיט בנקיזר,PL,דטול מטליות לחות מנקה ומחטא למטבח 60 יח,יחידה,60.00,יחידה,false,12,10.90,0.1817,true,1,314544
7290112001016,false,"אירוויק פרשמטיק מכשיר אוטמטי ומלוי בניחוח תענוגות האביב 250 מ""ל",רקיט בנקיזר,HU,מבשם אויר מכשיר אוטומטי אירוויק ת.אביב,יחידה,1.00,יחידה,false,1,44.90,44.9000,true,1,314531
7290112001023,false,"אירוויק ספרי אוטמטי מילוי תענוגות האביב 250 מ""ל","יצרן המכשיר: זובלה, שנזן",HU,מילוי מבשם אויר אוטומטי אירוויק ת.אביב,יחידה,1.00,יחידה,false,1,15.90,15.9000,true,1,314532
7290112001030,false,"אירוויק ספרי אוטמטי מילוי פריחת הדובדבן 250 מ""ל","יצרן המכשיר: זובלה, שנזן",HU,מילוי מבשם אויר אוטומטי אירוויק פ.דובדבן,יחידה,1.00,יחידה,false,1,15.90,15.9000,true,1,314533
7290112001221,false,מנקה מכונת כביסה בניחוח נקי ורענן,רקיט בנקיזר,PT,נוזל קולון ניקוי מכונת כביסה 250מל,מיליליטרים,250.00,"100 מ""ל",false,12,14.90,5.9600,true,1,314802
7290112001238,false,"מנקה מכונת כביסה קולון לימון 250 מ""ל",רקיט בנקיזר,ES,נוזל קולון ניקוי מכונת כביסה 250מל לימון,מיליליטרים,250.00,"100 מ""ל",false,12,14.90,5.9600,true,1,314801
7290112001436,false,"פיניש מנקה מדיח כלים בניחוח לימון 250 מ""ל",רקיט בנקיזר,PL,נוזל מנקה ומחדש פיניש לימון 250 מל,מיליליטרים,250.00,"100 מ""ל",false,1,14.90,5.9600,true,1,319985
7290112001870,false,"סיליט באנג ספריי ניקוי אמבטיה 750 מ""ל",רקיט בנקיזר,PL,ספריי סיליט באנג לניקוי אמבטיות 750מל,מיליליטרים,750.00,"100 מ""ל",false,1,13.90,1.8533,true,1,318692
7290112001900,false,פיניש ג'ל למדיח אקולוגי 1 ליטר,רקיט בנקיזר,FR,גל למדיח פיניש הכל באחד 1 ליטר אקולוגי,ליטרים,1.00,ליטר,false,1,44.90,44.9000,true,1,318691
7290112001917,false,פיניש ג'ל למדיח כלים 1 ליטר,רקיט בנקיזר,ES,גל למדיח פיניש הכל באחד 1 ליטר תפוז,ליטרים,1.00,ליטר,false,1,44.90,44.9000,true,1,318690
7290112002044,false,טבליות פיניש מנקה מדיח 3 יח,רקיט בנקיזר,HU,טבליות פיניש מנקה מדיח כלים 4יח,יחידה,4.00,יחידה,false,12,15.90,3.9750,true,1,319438
7290112002099,false,קולון גל כביסה מרוכז 2.5 ליטר קלאסי,רקיט בנקיזר,IL,גל כביסה קולון 2.5ליטר רגיל,מיליליטרים,2500.00,"100 מ""ל",false,6,26.90,1.0760,true,1,319441
7290112002105,false,קולון גל כביסה מרוכז 2.5 ליטר ניחוח לילך,רקיט בנקיזר,IL,גל כביסה קולון 2.5ליטר ניחוח לילך,מיליליטרים,2500.00,"100 מ""ל",false,6,26.90,1.0760,true,1,319444
7290112002112,false,ג'ל כביסה מרוכז קולון 101 בניחוח ורדים,רקיט בנקיזר,IL,גל כביסה קולון 2.5ליטר ניחוח ורדים,מיליליטרים,2500.00,"100 מ""ל",false,6,26.90,1.0760,true,1,319443
7290112002129,false,ג'ל כביסה מרוכז קולון 101 בניחוח פריחה מרענן,רקיט בנקיזר,IL,גל כביסה קולון 2.5ליטר ניחוח פריחה,מיליליטרים,2500.00,"100 מ""ל",false,6,26.90,1.0760,true,1,319442
7290112002136,false,ג'ל כביסה מרוכז קולון 101 קלאסי,רקיט בנקיזר,IL,גל כביסה קולון 4ליטר מרוכז רגיל,ליטרים,4.00,ליטר,false,4,34.90,8.7250,true,1,319445
7290112002143,false,ג'ל כביסה מרוכז קולון 101 בניחוח לילך,רקיט בנקיזר,IL,גל כביסה קולון 4ליטר מרוכז נ.לילך,ליטרים,4.00,ליטר,false,4,34.90,8.7250,true,1,319447
7290112002150,false,ג'ל כביסה מרוכז קולון 101 בניחוח ורדים,רקיט בנקיזר,IL,גל כביסה קולון 4ליטר מרוכז נ.ורדים,ליטרים,4.00,ליטר,false,4,34.90,8.7250,true,1,319448
7290112002167,false,קולון ג'ל כביסה בניחוח פריחה מרענן ירוק 4 ליטר,רקיט בנקיזר,IL,גל כביסה קולון 4ליטר מרוכז נ.פריחה,ליטרים,4.00,ליטר,false,4,34.90,8.7250,true,1,319446
7290112002983,false,"סיליט באנג ניקוי כללי רכיבים טבעיים 750 מ""ל",רקיט בנקיזר,PL,סיליט באנג ניקוי כללי 750מל ר.טבעיים,מיליליטרים,750.00,"100 מ""ל",false,12,16.90,2.2533,true,1,322844
7290112002990,false,"סיליט ספריי אבקת סודה להסרת שומנים 750 מ""ל",רקיט בנקיזר,PL,מסיר שומנים סיליט באנג 750מל ר.טבעיים,מיליליטרים,750.00,"100 מ""ל",false,12,16.90,2.2533,true,1,322843
7290112003096,false,קולון מבשם כביסה טבעי רענן (ירוק),רקיט בנקיזר,ES,מבשם בדים קולון 300מל טבעי רענן ירוק,מיליליטרים,300.00,"100 מ""ל",false,12,21.90,7.3000,true,1,325810
7290112003140,false,"אירוויק ספרי אוטמטי מילוי מנגו מרענן 250 מ""ל",RECKITT BENCKISER UK,GB,מילוי מבשם אויר אוטומטי אירוויק מנגו,יחידה,1.00,יחידה,false,1,15.90,15.9000,true,1,322842
7290112003188,false,קולון קפסולות גל לכביסה 60 יחידות,רקיט בנקיזר,IT,טבליות גל כביסה קולון 60 יח,יחידה,60.00,יחידה,false,6,54.90,0.9150,true,1,324759
7290112003232,false,אבקת כביסה בניחוח לבנדר קולון 5 ק''ג,זוהר דליה,IL,אב.כביסה קולון 5 קג בריח לבנדר,קילוגרמים,5.00,"ק""ג",false,1,29.90,5.9800,true,1,323713
7290112003249,false,אבקת כביסה בניחוח מאסק קולון 5 ק''ג,זוהר דליה,IL,אב.כביסה קולון 5 קג בריח מאסק,קילוגרמים,5.00,"ק""ג",false,1,29.90,5.9800,true,1,323714
7290112003256,false,אבקת כביסה קולון 101 בניחוח לבנדר,זוהר דליה,IL,אב.כביסה קולון 1.25קג בריח לבנדר,קילוגרמים,1.25,"ק""ג",false,1,12.90,10.3200,true,1,323712
7290112003263,false,קולון אבקת כביסה מאס,זוהר דליה,IL,אב.כביסה קולון 1.25קג בריח מאסק,קילוגרמים,1.25,"ק""ג",false,1,12.90,10.3200,true,1,323711
7290112003423,false,"איירוויק מקלות ריחניים אננס ורוזמרין 80 מ""ל",רקיט בנקיזר,HU,מקלות ריחניים איירוויק אננס ורוזמרין80מל,Unknown,0.00,Unknown,false,1,29.90,0.0000,true,1,325947
7290112003478,false,"מבשם אוויר אירוויק ספריי אננס ורוזמרין 236 מ""ל",רקיט בנקיזר,PL,מ.אוויר אירוויק ספריי אננס ורוזמרי236 מל,מיליליטרים,236.00,"100 מ""ל",false,1,21.90,9.2797,true,1,325950
7290112003508,false,"מבשם אוויר אירוויק ספריי יער ועשבי בר 236 מ""ל",רקיט בנקיזר,PL,מ.אוויר אירוויק ספריי יער ועשבי בר236 מל,מיליליטרים,236.00,"100 מ""ל",false,1,21.90,9.2797,true,1,325949
7290112003515,false,איירוויק ספריי בוטינקה בניחוח ורדים וגרניום 236 מל,רקיט בנקיזר,PL,מ.אוויר אירוויק ספריי ורדים גרניום 236מל,מיליליטרים,236.00,"100 מ""ל",false,1,21.90,9.2797,true,1,325951
7290112003522,false,איירוויק בוטניקה נר ריחני בניחוח אננס ור,רקיט בנקיזר,CN,נר ריחני איירוויק אננס ורוזמרין 205גר,גרמים,205.00,100 גרם,false,1,29.90,14.5854,true,1,325944
7290112003553,false,איירוויק בוטניקה נר ריחני בניחוח עשבי יע,רקיט בנקיזר,CN,נר ריחני איירוויק יער ועשבי בר 205גר,גרמים,205.00,100 גרם,false,1,29.90,14.5854,true,1,325943
7290112003560,false,איירוויק בוטניקה נר ריחני בניחוח ורדים ו,רקיט בנקיזר,CN,נר ריחני איירוויק ורדים וגרניום 205גר,גרמים,205.00,100 גרם,false,1,29.90,14.5854,true,1,325945
7290112003843,false,"קלגון גל אנטי בקטריאלי 750 מ""ל",רקיט בנקיזר,IT,גל קלגון אנטי בקטריאלי 750מל,מיליליטרים,750.00,"100 מ""ל",false,1,29.90,3.9867,true,1,327681
7290112003973,false,וניש מסיר כתמים אבקה לכביסה צבעונית 1350 גרם,רקיט בנקיזר,IT,אבקת וניש להסרת כתמים 1.35גר כב. צבעונית,גרמים,1350.00,100 גרם,false,6,34.90,2.5852,true,1,329103
7290112003980,false,וניש תוסף כביסה רב תכליתי לבן 1350 גרם,רקיט בנקיזר,IT,אבקת וניש להסרת כתמים 1.35גר כביסה לבנה,גרמים,1350.00,100 גרם,false,6,34.90,2.5852,true,1,329102
7290112004024,false,ג'ל מסיר כתמים לכביסה לבנה וניש אוקסי אקשן,קליה וניש Kalia Vanish,PL,גל כביסה וניש גולד להסרת כתמים לבן940מל,מיליליטרים,940.00,"100 מ""ל",false,1,21.90,2.3298,true,1,332419
7290112004031,false,ג'ל מסיר כתמים לכביסה צבעונית וניש אוקסי אקשן,קליה וניש Kalia Vanish,PL,גל כביסה וניש גולד להסרת כתמים ורוד940מל,מיליליטרים,940.00,"100 מ""ל",false,1,21.90,2.3298,true,1,332418
7290112004161,false,"ספריי אוטמטי מילוי בניחוח סנטורל 250 מ""ל אירוויק",RB בריטניה,GB,מילוי מבשם אויר אירוויק פרשמטיק פיור עשב,יחידה,1.00,יחידה,false,1,15.90,15.9000,true,1,325940
7290112004185,false,"פיניש נוזל הברקה אקולוגי למדיח 400 מ""ל",רקיט בנקיזר,PL,נוזל הברקה פיניש למדיח 400מל אקולוגי,מיליליטרים,400.00,"100 מ""ל",false,12,14.90,3.7250,true,1,329105
7290112004192,false,פיניש טבליות אקולוגי 70יח 1 ALL IN,רקיט בנקיזר,PL,טבליות פיניש למדיח הכל באחד 70יח אקולוגי,יחידה,70.00,יחידה,false,8,59.90,0.8557,true,1,329106
7290112004208,false,פיניש טבליות למדיח הכל ב 1 לימון 50 יחידות,רקיט בנקיזר,PL,טבליות פיניש למדיח הכל באחד 50יח לימון,יחידה,50.00,יחידה,false,1,44.90,0.8980,true,1,329104
7290112004314,false,"דטול - תרסיס חיטוי וניקוי בניחוח לימון רימונים 750 מ""ל",רקיט בנקיזר,PL,דטול מנקה ומחטא מטבח 750מל רימונים,מיליליטרים,750.00,"100 מ""ל",false,12,14.90,1.9867,true,1,329107
7290112004321,false,דטול מטליות לחות לניקוי כללי בניחוח רימונים 60 יחידות,רקיט בנקיזר,PL,מטליות לחות דטול לניקוי כללי 60יח,יחידה,60.00,יחידה,false,12,10.90,0.1817,true,1,329108
7290112004413,false,"ספריי וניש קליה להסרת כתמים לבגדים לבנים 750 מ""ל",רקיט בנקיזר,PL,ספריי וניש אוקסי אקשן 750מל לבגדים לבנים,מיליליטרים,750.00,"100 מ""ל",false,1,16.90,2.2533,true,1,334931
7290112004451,false,מחטא כביסה דטול אנטיבקטריאלי ספורט,דטול Dettol,IT,נוזל מחטא כביסה דטול 1.5ליטר ספורט,מיליליטרים,1500.00,"100 מ""ל",false,8,24.90,1.6600,true,1,332423
7290112004468,false,דטול - מחטא כביסה לכותנה 1.50 ליטר,RB איטליה,IT,נוזל מחטא כביסה דטול 1.5ליטר כותנה,מיליליטרים,1500.00,"100 מ""ל",false,8,24.90,1.6600,true,1,332424
7290112004604,false,דטול - שלישיית מגבונים לניקוי וחיטוי בניחוח לימון רימונים,רקיט בנקיזר,PL,מארז 3יח מגבוני דטול לניקוי כללי 60יח,יחידה,180.00,יחידה,false,12,24.90,0.1383,true,1,329109
7290112004611,false,"וניש קליה ג'ל מרוכז לטיפול נקודתי בכתמים 200 מ""ל",רקיט בנקיזר,PT,גל וניש קליה פאואר 200מל,מיליליטרים,200.00,"100 מ""ל",false,8,16.90,8.4500,true,1,334348
7290112004772,false,אירוויק מילוי מבשם חשמלי כביסה באוויר,רקיט בנקיזר,GB,מילוי מבשם אויר חשמלי כביסה באויר בודד,יחידה,1.00,יחידה,false,1,19.90,19.9000,true,1,336193
7290112004963,false,"פיניש אולטימייט קפסולות לניקוי כלים במדיח, 25 יחידות",רקיט בנקיזר,PL,טבליות פיניש אולטימייט למדיח 25 טבליות,יחידה,25.00,יחידה,false,1,39.90,1.5960,true,1,337176
7290112004970,false,פיניש אולטימייט קוואנטום 50 טבליות למדיח,רקיט בנקיזר,IL,טבליות פיניש למדיח אולטימייט 50יח,יחידה,50.00,יחידה,false,1,59.90,1.1980,true,1,337178
7290112004987,false,אירוויק ספריי אוטומטי מילוי לבנדר,רקיט בנקיזר,GB,מילוי מבשם אויר אירוויק פרשמטיק פצולי,יחידה,1.00,יחידה,false,1,15.90,15.9000,true,1,336099
7290112004994,false,איירוויק מילוי אוטומטי יסמין מבשם אויר אטומטי,רקיט בנקיזר,GB,מילוי מבשם אויר אירוויק פרשמטיק יסמין,יחידה,1.00,יחידה,false,1,15.90,15.9000,true,1,336098
7290112005045,false,וניש תוסף כביסה רב תכליתי לבגדים לבנים,קליה וניש Kalia Vanish,IT,אבקה להסרת כתמים וניש כביסה לבנה 480גר,גרמים,480.00,100 גרם,false,12,17.90,3.7292,true,1,336204
7290112005052,false,וניש תוסף כביסה רב תכליתי לבגדים לבנים,קליה וניש Kalia Vanish,IT,אבקה להסרת כתמים וניש כביסה לבנה 1.5קג,גרמים,1500.00,100 גרם,false,6,34.90,2.3267,true,1,336202
7290112005076,false,אבקה להסרת כתמים לכביסה צבעונית וניש קליה 480 גרם,קליה וניש Kalia Vanish,IT,אבקה להסרת כתמים וניש כביסה צבעוני 480גר,גרמים,480.00,100 גרם,false,12,17.90,3.7292,true,1,336205
7290112005083,false,וניש תוסף כביסה רב תכליתי לכביסה צבעונית,קליה וניש Kalia Vanish,IT,אבקה להסרת כתמים וניש כביסה צבעוני 1.5קג,גרמים,1500.00,100 גרם,false,6,34.90,2.3267,true,1,336203
7290112005144,false,מכשיר פרשמטיק אוטומטי ניחוח יסמין,רקיט בנקיזר,GB,מבשם אויר מכשיר אוטומטי אירוויק יסמין,יחידה,1.00,יחידה,false,1,44.90,44.9000,true,1,336100
7290112005168,false,פיניש אולטימייט קוואנטום לימון 60 טבליות למדיח,רקיט בנקיזר,PL,טבליות פיניש קואנטום לימון למדיח 60 יח,יחידה,60.00,יחידה,false,6,59.90,0.9983,true,1,337177
7290112191120,false,פתיתי פסטה מספרים ואותיות 400גר,פ.פ.ה טאביט,,פסטהביצים אוריינט צורות 400 גרם,גרמים,400.00,100 גרם,false,1,12.90,3.2250,true,1,314712
7290112192158,false,"ניוקי תפו""א 500 גרם ללא גלוטן",,IT,ניוקי תפוא ללא גלוטן 500 גר GFREE,גרמים,500.00,100 גרם,false,1,10.90,2.1800,true,1,317739
7290112192509,false,פירורי לחם ללא גלוטן 250 גר GFREE,אשבל מזון פונקציונלי,IL,פירורי לחם GFREE ללא גלוטן 250 גר,גרמים,250.00,100 גרם,false,1,15.90,6.3600,true,1,316589
7290112192561,false,"משחת שיניים פרודונטקס הגנה מלאה מרעננת הלבנה 75 מ""ל",ג'י.אס.קיי קונסיומר,IE,מש.שיניים פרודונטקס מרעננת הלבנה 75מל,Unknown,0.00,Unknown,false,12,31.90,0.0000,true,1,319241
7290112192578,false,משחת שיניים פרודונטקס אקסטרה פרש הגנה מלאה,ג'י.אס.קיי קונסיומר,IE,מש.שיניים פרודונטקס הגנה מלאה 75מל,Unknown,0.00,Unknown,false,12,31.90,0.0000,true,1,319240
7290112192585,false,פרודונטקס מברשת שיניים הגנה מלאה סופט,גלקסוס סמית קליין,IE,מברשת שינים פרדונטקס הגנה מלאה,Unknown,0.00,Unknown,false,1,28.90,0.0000,true,1,319242
7290112192875,false,"סנסודיין - משחת שיניים רגישות וחניכיים 75 מ""ל",סנסודיין Sensodyne,GB,משחת שיניים סנסודיין רגישות וחניכיים 75מ,מיליליטרים,75.00,"100 מ""ל",false,12,31.90,42.5333,true,1,319659
7290112192882,false,"סנסודיין - משחת שיניים רגישות וחניכיים מלבינה 75 מ""ל",ג'י.אס.קיי קונסיומר,GB,משחת שיניים סנסודיין רגישות מלבינה 75מל,מיליליטרים,75.00,"100 מ""ל",false,12,31.90,42.5333,true,1,319660
7290112192905,false,מברשת לשיניים רגישות ובעיות חניכיים סנסודיין,סנסודיין Sensodyne,DE,מברשת שיניים סנסודיין רגישות סופט,יחידה,1.00,יחידה,false,12,31.90,31.9000,true,1,319672
7290112192943,false,"ספירה אנתוש אלוורה 50 מ""ל",ספירה Spira,IT,דוחה יתושים אנתוש אלוורה ספירה 50 מל,Unknown,0.00,Unknown,false,24,12.90,0.0000,true,1,321748
7290112193278,false,"סטייל - שמפו מתולתלות לניקוי יסודי 600 מ""ל",א.ל.ארמן ייצור תמרוקים ב,IL,שמפו סטייל מתולתלות 600מל,מיליליטרים,600.00,"100 מ""ל",false,12,22.90,3.8167,true,1,322779
7290112193285,false,"סטייל - מרכך מתולתלות מגביר לחות 600 מ""ל",א.ל.ארמן ייצור תמרוקים ב,IL,מרכך סטייל מתולתלות 600מל,מיליליטרים,600.00,"100 מ""ל",false,12,22.90,3.8167,true,1,322778
7290112193292,false,"סטייל - מתולתלות מסכה לטיפול עמוק 500 מ""ל",א.ל.ארמן ייצור תמרוקים ב,IL,מסיכה לשיער מתולתלות 500מל,מיליליטרים,500.00,"100 מ""ל",false,12,24.90,4.9800,true,1,322781
7290112193308,false,"סטייל - מתולתלות גלייז מעצב ומאיץ ברק לשיער 400 מ""ל",א.ל. ארמן,IL,גלייז לשיער מתולתלות 400מל,מיליליטרים,400.00,"100 מ""ל",false,12,24.90,6.2250,true,1,322780
7290112193643,false,קמח דוחן ללא גלוטן 5,,RS,קמח דוחן ללא גלוטן 500 גר,גרמים,500.00,100 גרם,false,12,10.90,2.1800,true,1,326251
7290112197085,false,"סטייל - סבון מעוצב פריז 500 מ""ל",רנקסאן פלסטיק יאנגר,TR,אל סבון סטייל מעוצב פריז 500מל,מיליליטרים,500.00,"100 מ""ל",false,18,10.90,2.1800,true,1,337725
7290112197092,false,"סטייל - סבון מעוצב ניו יורק 500 מ""ל",רנקסאן פלסטיק יאנגר,TR,אל סבון סטייל מעוצב ניו יורק 500מל,מיליליטרים,500.00,"100 מ""ל",false,18,10.90,2.1800,true,1,337726
7290112197122,false,"סטייל - סבון ידיים ירוק 500 מ""ל חדש",רנקסאן פלסטיק יאנגר,TR,סבון ידיים סטייל אדום 500מל,מיליליטרים,500.00,"100 מ""ל",false,1,7.90,1.5800,true,1,334346
7290112197139,false,"סטייל - סבון ידיים אדום 500 מ""ל חדש",רנקסאן פלסטיק יאנגר,TR,סבון ידיים סטייל ירוק 500מל,מיליליטרים,500.00,"100 מ""ל",false,1,7.90,1.5800,true,1,334347
7290112197184,false,דגני בוקר במילוי קרם קרמל מלוח ללא גלוטן 375 ג' G FREE,נטורל קייקס,IL,דגני בוקר במילוי קרם קרמל גפרי ללג 375גר,גרמים,375.00,100 גרם,false,10,19.90,5.3067,true,1,335512
7290112197191,false,דגני בוקר כהים במילוי קרם וניל ללא גלוטן 375 ג' G FREE,נטורל קייקס,IL,דגני בוקר כהים קרם וניל גפרי ללג 375גר,גרמים,375.00,100 גרם,false,10,19.90,5.3067,true,1,335513
7290112197207,false,מיני כריות בציפוי שוקולד חלב 70 גר,נטורל קייקס,IL,מיני כריות בציפוי שוקולד ללג 65 גר,Unknown,0.00,Unknown,false,16,7.90,0.0000,true,1,337908
7290112330352,false,"יוגורט PRO בטעם וניל 0% , 20 גרם חלבון בגביע","שטראוס בריאות בע""\מ",IL,דנונה פרו וניל עשיר בחלבון 20גרם 200 גרם,גרמים,200.00,100 גרם,false,1,6.10,3.0500,true,1,317859
7290112330390,false,דנונה פרו פירות יער 20 גרם חלבון 0% שומן 200 גרם,"שטראוס בריאות בע""\מ",IL,דנונה פרו פירות יער עשיר בחלבון20גר 200ג,גרמים,200.00,100 גרם,false,1,6.10,3.0500,true,1,317860
7290112330420,false,דנונה פרו לבן 2.9% שומן 150 גרם,מיוצר עי קונדיטוריית,IL,דנונה פרו טבעי 150גר 2.9%שומן 12גר חלבון,גרמים,150.00,100 גרם,false,24,4.90,3.2667,true,1,316517
7290112330970,false,"שייק חלבון מי גבינה עם פירות יער 350מ""ל יטבתה",מחלבת יטבתה,IL,שייק חלבון מי גבינה 350מל פירות יער,מיליליטרים,350.00,"100 מ""ל",false,6,7.50,2.1429,true,1,316503
7290112330987,false,שייק חלבון מי גבינה עם אפרסק ומנגו 350 מ,שטראוס גרופ,IL,שייק חלבון מי גבינה 350מל אפרסק מנגו,מיליליטרים,350.00,"100 מ""ל",false,6,7.50,2.1429,true,1,316502
7290112331281,false,דגני בוקר קוואקר בתו,"קיים תעשיות מזון בע""",IN,שבולת שועל קואקר עם חמוציות 400 גרם,גרמים,400.00,100 גרם,false,1,19.90,4.9750,true,1,324831
7290112331946,false,רבע לשבע טורטית120גרם,"הגביע מוצרי וופלים בע""\מ",IL,גלילי וופל רבע לשבע טורטית 120 גר,גרמים,120.00,100 גרם,false,1,11.90,9.9167,true,1,315590
7290112331984,false,שוקולד קראנץ ביסקווי,STRAUSS-ISRAEL,,שוק.פרה קראנץ בלאק וויט 100 גר,גרמים,100.00,100 גרם,false,1,6.50,6.5000,true,1,320257
7290112332110,false,שוקולד מריר ללא סוכר,Unknown,,שוקולד פרה 60% מריר ל.ס 100 גרם,גרמים,100.00,100 גרם,false,1,8.90,8.9000,true,1,318344
7290112332158,false,בלונדי קרם שמנת 100 גרם,"שטראוס גרופ בע""\מ",IL,שוקולד פרה בלונד קרם שמנת 100 גרם,גרמים,100.00,100 גרם,false,1,7.90,7.9000,true,1,319428
7290112332585,false,פריכיות משולש תפוא אורז בתיבול סלק ומלח ים אנרג'י 30 גרם,"פרח תעשיו מזון בע""מ",IL,פריכיות אנרגי משולש סלק ומלח ים 30 גר,Unknown,0.00,Unknown,false,1,5.50,0.0000,true,1,317948
7290112332691,false,פינוקיות עוגיות קרם פסק זמן אגוזים 200 גרם,"הגביע מוצרי וופלים בע""\מ",IL,עוגיות קרם פסק זמן 200 גרם,גרמים,200.00,100 גרם,false,1,10.90,5.4500,true,1,318580
7290112332875,false,מסטיק מאסט קוביות בטעם מנטה עדינה 86 ג' עלית,אסקום קונפקשיין,DE,מסטיק מאסט קוביות מנטה עדינה 86 גרם,Unknown,0.00,Unknown,false,1,14.90,0.0000,true,1,317847
7290112334305,false,סלט כרובית בטחינה אחלה 330 ג',"שטראוס גרופ בע""\מ",IL,סלט כרובית בטחינה 330גר אחלה,גרמים,350.00,100 גרם,false,6,16.90,4.8286,true,1,316025
7290112334749,false,קפה טורקי בצלופן עלית 200 גרם+ 10% תוספת,שטראוס קפה בי.וי,IL,קפה טורקי עלית200+10%גרם,גרמים,200.00,100 גרם,false,1,16.00,8.0000,true,1,318830
7290112335050,false,כשלפ מרשמלו ווסטהיים 150 ג',טופגאם תעשיות ממתקים,IL,מרשמלו וניל 150 גרם,גרמים,150.00,100 גרם,false,1,6.90,4.6000,true,1,317322
7290112335111,false,מסטיק מאסט קוביות בזוקה ללא גלוטן 86 גר,אסקום קונפקשיין,DE,מסטיק מאסט קוביות בזוקה 86 גרם,Unknown,0.00,Unknown,false,1,14.90,0.0000,true,1,317846
7290112335487,false,הפריכיות הטעימות קצח ודגנים אנרג'י 135 גרם,אנרג'י Energy - שטראוס,IL,פריכיות אנרגי קצח ודגנים 135 גר,גרמים,135.00,100 גרם,false,1,11.90,8.8148,true,1,317845
7290112335494,false,הפריכיות הטעימות תפוחי אדמה בטעם פוטטוס,"פרח תעשיות מזון בע""\מ",IL,פריכיות אנרגי פוטטוס 135 גר,גרמים,135.00,100 גרם,false,1,11.90,8.8148,true,1,317844
7290112335500,false,"פרכיות אנרג'י חומוס,אורז,עדשים שחורות וקינואה 135 גרם","פרח תעשיות מזון בע""\מ",IL,פריכיות אנרגי מועשר בחלבון 135 גר,גרמים,135.00,100 גרם,false,1,11.90,8.8148,true,1,317843
7290112336637,false,סוכריות מאסט Must ללא סוכר יוגורט תות ואוכניות,שטראוס גרופ,PL,סוכ.מאסט יוגרט תות אוכ ללס 80 גר,גרמים,80.00,100 גרם,false,1,8.90,11.1250,true,1,319433
7290112336644,false,סוכריות מאסט ללא סוכר לימון 80 ג' עלית,שטראוס גרופ,PL,סוכ.מאסט לימון ללס80 גר,Unknown,0.00,Unknown,false,1,8.90,0.0000,true,1,319434
7290112336651,false,סוכריות מאסט ללא סוכר ריבת חלב 80 ג' עלית,שטראוס גרופ,PL,סוכ.מאסט ריבת חלב ללס80 גר,Unknown,0.00,Unknown,false,1,8.90,0.0000,true,1,319437
7290112336712,false,יוגורט PRO לבן 0% 21 גרם חלבון בגביע,"שטראוס בריאות בע""מ",IL,דנונה פרו 21גר חלבון 0%שומן 200גר,גרמים,200.00,100 גרם,false,1,6.10,3.0500,true,1,317099
7290112337474,false,סוכריות מאסט ללא סוכר פטל לימון 80 ג' עלית,שטראוס גרופ,PL,סוכ.מאסט פטל לימון ללס80 גר,Unknown,0.00,Unknown,false,1,8.90,0.0000,true,1,319435
7290112337481,false,סוכריות מאסט ללא סוכר קפצ''ינו 80 ג' עלית,שטראוס גרופ,PL,סוכ.מאסט קפוצינו ללס80 גר,Unknown,0.00,Unknown,false,1,8.90,0.0000,true,1,319436
7290112338877,false,מעדן גבינה בטעם תות 3% 125ג' סקי,"שטראוס בריאות בע""\מ",IL,גבינת סקי תות 125גרם,גרמים,125.00,100 גרם,false,1,4.10,3.2800,true,1,316023
7290112339171,false,מילקי מוס עם שוקולד וקצפת,מיוצר עי קונדיטוריית,IL,מילקי מוס שוקולד וקצפת 81גרם,גרמים,81.00,100 גרם,false,1,3.50,4.3210,true,1,316028
7290112339294,false,אקטיביה+צ'יה ואפרסק150ג,"שטראוס בריאות בע""\מ",IL,דנונה אקטיביה ציה אפרסק 3% 150 גר,גרמים,150.00,100 גרם,false,24,4.70,3.1333,true,1,319339
7290112339362,false,דנונה לייט אנד פריי בטעם קפוצ'ינו 150 גרם,"שטראוס בריאות בע""\מ",IL,יוגורט דנונה לייט אנד פריי קפוצינו 150גר,גרמים,150.00,100 גרם,false,24,4.90,3.2667,true,1,319967
7290112339867,false,גמדים לדרך גבינה לבנה עם מחית תות,"שטראוס בריאות בע""\מ",IL,מעדן גמדים סקוויז תות 100גר בודד,גרמים,100.00,100 גרם,false,7,5.90,5.9000,true,1,316514
7290112339874,false,גמדים לדרך גבינה לבנה עם מחיות תות ובננה,"שטראוס בריאות בע""\מ",IL,מעדן גמדים סקוויז תות בננה 100גר בודד,גרמים,100.00,100 גרם,false,7,5.90,5.9000,true,1,316515
7290112339911,false,מעדן גבינה דניאלה בט,מיוצר עי קונדיטוריית,IL,דניאלה פטל 88 גרם,Unknown,0.00,Unknown,false,1,4.50,0.0000,true,1,317994
7290112340122,false,הפריכיות הטעימות 3 דגנים אנרג'י 135 גרם,"פרח תעשיות מזון בע""\מ",IL,פריכיות אנרגי 3 דגנים 135 גר,גרמים,135.00,100 גרם,false,1,11.90,8.8148,true,1,317842
7290112340245,false,צנצנת מסטיק מאסט בטעם דובדבן 66 ג' עלית,"שטראוס גרופ בע""\מ",IL,מסטיק מאסט דובדבן 66 גר,Unknown,0.00,Unknown,false,1,10.00,0.0000,true,1,317281
7290112340252,false,צנצנת מסטיק מאסט בטעם אבטיח מלון 66 ג' עלית,"שטראוס גרופ בע""\מ",IL,מסטיק מאסט אבטיח מלון 66 גר,Unknown,0.00,Unknown,false,1,10.00,0.0000,true,1,317280
7290112340276,false,פינוקיות עוגיות קרם קפה 200 גרם,"הגביע מוצרי וופלים בע""\מ",IL,עוגיות קרם קפה נמס 200 גרם,גרמים,200.00,100 גרם,false,1,10.90,5.4500,true,1,318581
7290112340900,false,קפה טורקי האג נטול קפאין 200 גרם,הנסיך- מפעל לייצור ט,IL,קפה האג טורקי ואקום 200 גרם,גרמים,200.00,100 גרם,false,1,25.90,12.9500,true,1,325306
7290112341006,false,מילקי קצפת כפיות 86*2 גר,"שטראוס גרופ בע""\מ",IL,מארז מילקי קצפת עם 2 כפיות שוקולד 172 גר,גרמים,172.00,100 גרם,false,1,8.90,5.1744,true,1,317631
7290112341112,false,משקה חלב מוקה בקבוק350מ,מחלבת יטבתה,IL,משקה חלב טעם מוקה יוטבתה בקבוק 350 מל,מיליליטרים,350.00,"100 מ""ל",false,1,6.60,1.8857,true,1,317995
7290112341167,false,חטיפי אנרגי מיני תחת,,,חטיפי אנרגי מיני תחתית חלב 162 גרם בשק,גרמים,162.00,100 גרם,false,1,13.90,8.5802,true,1,323830
7290112341556,false,יוגורט אקטיביה עם צ'יה ותות 150 גרם,"שטראוס בריאות בע""\מ",IL,דנונה אקטיביה ציה תות 3% 150 גר,גרמים,150.00,100 גרם,false,24,4.70,3.1333,true,1,319338
7290112341679,false,דנונה אקטיביה 3% שומן 200 גרם,מיוצר עי קונדיטוריית,IL,יוגורט דנונה אקטיביה 3% 200גר,גרמים,200.00,100 גרם,false,24,3.90,1.9500,true,1,319337
7290112341686,false,שמינייה יוגורט לבן אקטיביה 3% דנונה 150 גרם.,מיוצר עי קונדיטוריית,IL,מארז יוגורט אקטיביה 3% 8יח 150גרם,גרמים,1200.00,100 גרם,false,1,19.90,1.6583,true,1,319340
7290112341693,false,משקה פרוביוטי אונלי,שטראוס גרופ,IL,משקה אונלי תות פטל 210 גר ללא חלב,גרמים,210.00,100 גרם,false,12,6.90,3.2857,true,1,318569
7290112342102,false,סימפוניה גבינה במרקם שמנת בצל מקורמל 5%,"שטראוס בריאות בע""\מ",IL,גב.סימפוניה בצל מקורמל 200 גרם,גרמים,160.00,100 גרם,false,1,11.90,7.4375,true,1,321260
7290112342270,false,קפה פלטינום אינטנס מחוזק ב- 10% אספרסו,שטראוס קפה בי.וי,IL,קפה נמס פלטיניום אינטנס 10% אספרסו125גר,גרמים,125.00,100 גרם,false,1,19.90,15.9200,true,1,318870
7290112342508,false,דוריטוס צ'יזי טוויסט 70 גרם,"שטראוס פריטו ליי בע""\מ",IL,חטיף דוריטוס ציז סוויט 70 ג,גרמים,70.00,100 גרם,false,1,4.00,5.7143,true,1,320225
7290112343260,false,"יטבתה רוטב שמנת קלאסי 9% שומן 260 מ""ל",שטראוס גרופ,IL,רוטב שמנת קלאסי יטבתה 9% 260גר,גרמים,260.00,100 גרם,false,1,11.90,4.5769,true,1,320217
7290112343420,false,"משקה חלב עם דגנים מלאים ובננה פרו יטבתה 350מ""ל",מחלבת יטבתה,IL,משקה פרו ארוחת בוקר 350מל,מיליליטרים,350.00,"100 מ""ל",false,6,7.50,2.1429,true,1,320214
7290112343499,false,חטיף צ'יטוס פאפס אפוי בטעם גבינה,"שטראוס פריטו ליי בע""\מ )",IL,חטיף ציטוס פופס גבינה 55 גרם,Unknown,0.00,Unknown,false,1,3.60,0.0000,true,1,329626
7290112343512,false,צ'יטוס puffs בטעם גבינה 180 גרם,"שטראוס פריטו ליי בע""\מ )",IL,חטיף ציטוס פופס גבינה 160 גרם,גרמים,160.00,100 גרם,false,9,8.90,5.5625,true,1,329628
7290112344007,false,ספלנדיד אשכלות אגוזי,STRAUSS-ISRAEL,,ספלנדיד אשכלות אגוזי לוז קוקוס105גר,גרמים,105.00,100 גרם,false,1,12.90,12.2857,true,1,320258
7290112344564,false,רביולי גבינה קלאסי שטראוס 400 ג',מיוצר עי קונדיטוריית,IL,פסטה רביולי גבינה 400 גרם קידס,גרמים,400.00,100 גרם,false,1,19.90,4.9750,true,1,319332
7290112344724,false,מעדן בטעם שוקולד בלונדי 170 ג' מילקי,מיוצר עי קונדיטוריית,IL,מילקי בטעם ש. בלונדי 170 גרם,גרמים,170.00,100 גרם,false,24,3.50,2.0588,true,1,320204
7290112344731,false,מילקי אקסטרה שוקולד,"שטראוס גרופ בע""מ",IL,מילקי אקסטרא שוקולד עם קצפת 133גרם,גרמים,133.00,100 גרם,false,24,4.00,3.0075,true,1,333400
7290112344755,false,מילקי שוקולד 26% פחות סוכר 135 גרם,מיוצר עי קונדיטוריית,IL,מעדן מילקי מופחת סוכר 135גר,גרמים,135.00,100 גרם,false,1,2.90,2.1481,true,1,326071
7290112344786,false,קפה פלטינום קלאסיק עלית 200 גרם,שטראוס קפה בי.וי.,IL,קפה נמס פלטינום קלאסי 200 גרם,גרמים,200.00,100 גרם,false,1,25.90,12.9500,true,1,321176
7290112344953,false,סימפוניה חציל קלוי גבינה במקרם שמנת 5%,"שטראוס בריאות בע""\מ",IL,גבינת סימפוניה חציל קלוי 200גר,גרמים,200.00,100 גרם,false,1,11.90,5.9500,true,1,327034
7290112345219,false,מארז קפה ברזילאי 25 סטיקים פלטינום 50 ג',עלית,IL,קפה נמס פלטינום טו גו 25 סטיקים 50 גר,Unknown,0.00,Unknown,false,1,10.90,0.0000,true,1,320267
7290112345622,false,"חט.אנרגי אגוז ללת""ס24*6ג","שטראוס גרופ בע""\מ",IL,ח.אנרגי ללס אגוזים שוקולד 6 יח 144 גר,גרמים,144.00,100 גרם,false,1,13.90,9.6528,true,1,319431
7290112346360,false,בפלות אחת אחת ופל בטעם שוקולד מצופה שוקולד,הגביע מוצרי וופלים ב,GR,בפלות אחת אחת מצופות 240 גרם,גרמים,240.00,100 גרם,false,1,13.90,5.7917,true,1,333416
7290112346537,false,עוגיות פינוקיות בטעם טורטית 200 ג' עלית,"הגביע מוצרי ופלים בע""\מ",IL,עוגיות קרם טורטית 200 גרם,גרמים,200.00,100 גרם,false,1,10.90,5.4500,true,1,320263
7290112346629,false,דנונה בר יוגורט+קורנפלקס מצופה שוקולד חלב ולבן 172 גרם,"שטראוס בריאות בע""\מ",IL,יוגורט דנונה בר קורנפלקס מצופה שוקולד172,גרמים,172.00,100 גרם,false,1,4.70,2.7326,true,1,322911
7290112346773,false,יוגורט בטעם וניל 0% לייט אנד פרי 10 גרם חלבון בגביע,מיוצר עי קונדיטוריית,IL,יוגורט דנונה לייט אנד פריי וניל וחלבון,גרמים,150.00,100 גרם,false,24,4.90,3.2667,true,1,326590
7290112346797,false,יוגורט אקטיביה שיבולת שועל ושזיף 150 גרם,מיוצר עי קונדיטוריית,IL,דנונה אקטיביה שבולת שועל ושזיף 3% 150 גר,גרמים,150.00,100 גרם,false,24,4.70,3.1333,true,1,321977
7290112346827,false,שמיניית אקטימל ויטמין C פטל 108 גרם,"שטראוס בריאות בע""\מ",IL,משקה אקטימל ויטמין סי פטל 8יח 108גר,גרמים,864.00,100 גרם,false,1,22.40,2.5926,true,1,325631
7290112347008,false,גמדים לדרך גבינה לבנה עם מחית תות ושיבולת שועל,מיוצר עי קונדיטוריית,IL,מעדן גמדים סקוויז ארוחת בוקר תות 100ג,גרמים,100.00,100 גרם,false,7,5.90,5.9000,true,1,320210
7290112347015,false,יוגורט סקוויז תות וש,מיוצר עי קונדיטוריית,IL,יוגורט סקוויז תות ושבולת שועל 125 גר,גרמים,125.00,100 גרם,false,5,5.50,4.4000,true,1,324786
7290112347022,false,יוגורט סקוויז וניל ע,שטראוס,IL,יוגורט סקוויז וניל עוגיות ש.שועל 125 גר,גרמים,125.00,100 גרם,false,5,5.50,4.4000,true,1,324787
7290112347275,false,מארז נמס 200 גר וספל עלית,שטראוס קפה בי.וי.,IL,מארז קפה נמס200 גרם+ספל מתנה,גרמים,200.00,100 גרם,false,1,22.00,11.0000,true,1,323843
7290112347473,false,מארז דנונה לייט אנד פריי תות ואפרסק 150 גרם 8 יחידות,מיוצר עי קונדיטוריית,IL,מארז 8יח דנונה לייט אנד פריי תות אפרסק,גרמים,1200.00,100 גרם,false,1,28.90,2.4083,true,1,319968
7290112347619,false,נשנושים עלית כיף כף,,,נשנושי חטיף כיף כף 130 גרם,גרמים,130.00,100 גרם,false,1,11.90,9.1538,true,1,322226
7290112348142,false,שעועית לבנה 380 גר' בקופסה טעם הטבע,שטראוס טעם הטבע,IT,שעית לבנה עטעם הטבע 380 גרם,גרמים,380.00,100 גרם,false,16,6.90,1.8158,true,1,323000
7290112348548,false,שוקולד פרה לבן מעולה,"תופינית בע""\מ",IL,שוקולד פרה לבן 100 גרם מגדים,גרמים,100.00,100 גרם,false,1,5.90,5.9000,true,1,320835
7290112348616,false,עלית - קפה נמס אגוזי לוז 100 גרם,שטראוס קפה בי.וי,IL,קפה נמס אגוזי לוז 100 גרם,גרמים,100.00,100 גרם,false,1,14.90,14.9000,true,1,325443
7290112348944,false,מעדן פרוביוטי אונלי,שטראוס,IL,מעדן אונלי מן הצומח תות 125 גרם,גרמים,125.00,100 גרם,false,12,5.90,4.7200,true,1,322906
7290112348999,false,הפריכיות הטעימות תירס דקות אנרג'י 135 גרם,פרח תעשיות,IL,פריכיות אנרגי תירס דקות 135 גר,גרמים,135.00,100 גרם,false,1,11.90,8.8148,true,1,326202
7290112349316,false,מסטיק בזוקה פופים ממולא בטעם תות ללא סוכר,אסקום קונפקשיין,DE,מסטיק בזוקה ביג פופים טעם תות 86 גרם,Unknown,0.00,Unknown,false,1,14.90,0.0000,true,1,321961
7290112349606,false,מעדן גבינה ויוגורט תות בננה 88 ג' דניאלה,"שטראוס בריאות בע""\מ",IL,דניאלה תות בננה 88גרם,Unknown,0.00,Unknown,false,1,4.50,0.0000,true,1,333803
7290112349644,false,דניאלה טעם פירות יער88ג,"שטראוס בריאות בע""\מ",IL,מעדן דניאלה פירות יער 88 גרם,Unknown,0.00,Unknown,false,1,4.50,0.0000,true,1,335541
7290112349668,false,ספלנדיד מריר מעולה 90% 100 גרם,"שטראוס גרופ בע""\מ",IL,שוקולד ספלנדיד 90% מריר 100 גר,גרמים,100.00,100 גרם,false,1,10.90,10.9000,true,1,321958
7290112349675,false,גמדים ארוחת בוקר וני,מיוצר עי קונדיטוריית,IL,מעדן גמדים סקוויז ארוחת בוקר וניל 100ג,גרמים,100.00,100 גרם,false,7,5.90,5.9000,true,1,320209
7290112349705,false,פומודורו רוטב עגבניות קלאסי לפסטה יד מרדכי 350 גרם,אמיליאנה קונסרב סוסייטה,IT,רוטב פסטה פומודורו יד מרדכי 350 גרם,גרמים,350.00,100 גרם,false,12,11.90,3.4000,true,1,321426
7290112349736,false,בזיליקום רוטב עגבניות לפסטה יד מרדכי 350 גרם,אמיליאנה קונסרב סוסייטה,IT,רוטב פסטה בזיליקום יד מרדכי 350 גרם,גרמים,350.00,100 גרם,false,12,11.90,3.4000,true,1,321425
7290112349750,false,פיצה רוטב עגבניות לפיצה יד מרדכי 350 גרם,אמיליאנה קונסרב סוסייטה,IT,רוטב פיצה יד מרדכי 350 גרם,גרמים,350.00,100 גרם,false,12,11.90,3.4000,true,1,321427
7290112349897,false,מסטיק מאסט Must קוביות בטעם מנטה ללא סוכר,אסקום קונפקשיין,DE,מסטיק מאסט קוביות מנטה 86 גרם,Unknown,0.00,Unknown,false,1,14.90,0.0000,true,1,321962
7290112350275,false,קפסולות LUNGO למכונת נספרסו עלית 10 יחידות,שטראוס קפה בי.וי,IL,קפסולות אספרסו לונגו בווסט12 יח,יחידה,12.00,יחידה,false,1,17.00,1.4167,true,1,321329
7290112350312,false,קפסולות 15 קפה יותר למכונות נספרסו עלית 10יח',הנסיך- מפעל לייצור ט,IL,קפסולות אספרסו 15 עוצמתי ביותר 10 יח,יחידה,10.00,יחידה,false,1,17.00,1.7000,true,1,324327
7290112350589,false,ציקו אבקה להכנת משקה ציקוריה 65 גר,שטראוס קפה בי.וי,IL,קפה ציקו אבקה 65 גר,Unknown,0.00,Unknown,false,1,12.90,0.0000,true,1,323842
7290112351104,false,שוקולד פרה ממולא פיצפוצי אורז 100 ג' עלית,"שטראוס גרופ בע""\מ",IL,שוקולד פרה פיצפוצי אורז 100 גר,גרמים,100.00,100 גרם,false,1,5.90,5.9000,true,1,322513
7290112351128,false,שוקולד פרה סוכריות קופצות וועסטהייים,"שטראוס גרופ בע""\מ",IL,שוקולד פרה סוכריו קופצות 100 גר,גרמים,100.00,100 גרם,false,1,5.90,5.9000,true,1,323822
7290112351258,false,עוגיית קקאו פינוקיות שחור לבן 200 גר,"הגביע מוצרי ופלים בע""\מ",IL,עוגיות פינוקיות שחור לבן 200 גרם,גרמים,200.00,100 גרם,false,1,10.90,5.4500,true,1,324324
7290112351463,false,שלישיית סוכריות מאסט FRESH פטל לימון 45 ג' עלית,"הליקון גידה בע""\מ",TR,מארז 3 יח סוכ.מאסט פרש פטל לימון 45 גר,גרמים,135.00,100 גרם,false,1,8.90,6.5926,true,1,323482
7290112351470,false,סוכריות ללא סוכר בטעם תות רימון מאסט פרש,"הליקון גידה בע""\מ",TR,מארז 3 יח סוכ.מאסט פרש רימון תות 45 גר,גרמים,135.00,100 גרם,false,1,8.90,6.5926,true,1,323483
7290112351524,false,עלי סלנובה 200 גר' שטראוס טעם הטבע,שטראוס בריאות ירקות טריי,IL,עלי סלנובה טעם הטבע 200 גרם,גרמים,200.00,100 גרם,false,1,9.90,4.9500,true,1,323887
7290112351593,false,בונ. קולקשין מריר/חלב154,"תופינית בע""\מ",IL,בונבוניירה קולקשיין מריר חלב 154 גרם,גרמים,154.00,100 גרם,false,1,26.90,17.4675,true,1,326545
7290112351753,false,פסק זמן קראנץ 3 * 32 גרם,שולן צ'\קולטה גידה סאן,TR,מארז 3 יח פסק זמן קראנץ 96 גר,Unknown,0.00,Unknown,false,8,14.00,0.0000,true,1,326537
7290112351807,false,שוקולד פרה בלונדי חל,Unknown,,שוקולד פרה בלונדי חלק 100 גרם,גרמים,100.00,100 גרם,false,1,7.90,7.9000,true,1,327824
7290112352569,false,"שייק חלבון מי גבינה+אפרסק 350 מ""ל",מחלבת יטבתה,IL,משקה חלבון מי גבינה ט.אפרסק 350מל,מיליליטרים,350.00,"100 מ""ל",false,6,7.50,2.1429,true,1,332488
7290112353221,false,שלישיית פסק זמן פטיסרי עם קרם אגוזים 105 ג',"שטראוס גרופ בע""\מ",IL,מאגדת 3 יח פסק זמן פטיסרי קרם אגוז105 גר,גרמים,105.00,100 גרם,false,1,14.00,13.3333,true,1,325010
7290112353498,false,ממרח בטעם שוקולד אקס,פררו,,ממרח פרה אקסטרא קרם350 גרם,גרמים,350.00,100 גרם,false,1,12.90,3.6857,true,1,326826
7290112353887,false,"משקה קפה קר בטעם אגוזים יטבתה 230 מ""ל",אנסטל מילק kg,AT,משקה קפה קר טעם אגוזים יטבתה 230מל,מיליליטרים,230.00,"100 מ""ל",false,10,7.90,3.4348,true,1,323639
7290112353894,false,משקה קפה קר יטבתה בט,האי נאם סי או אל.טי.,AT,משקה קפה קר בטעם שוקולד יטבתה 230מל,מיליליטרים,230.00,"100 מ""ל",false,10,7.90,3.4348,true,1,326075
7290112353986,false,ממרח שעועית שום שמיר,שטראוס,IL,ממרח שעועית שום שמיר 235גר אחלה,גרמים,235.00,100 גרם,false,6,10.90,4.6383,true,1,327917
7290112354174,false,"פסטה רוזה 280 ג""ר ""דלישס"" שטראוס",גסטרונומיה פרוסט אס. אר.,IT,ארוחת פסטה רוזה דלישס 280גר,גרמים,280.00,100 גרם,false,1,21.90,7.8214,true,1,332470
7290112354198,false,ארוחת ספגטי עגבניות,,IL,ארוחת ספגטי עגבניות דלישס 600גר,גרמים,600.00,100 גרם,false,6,39.90,6.6500,true,1,332477
7290112354204,false,"ספגטי עגבניות 280 גר' ""דלישס"" שטראוס",גסטרונומיה פרוסט אס. אר.,IT,ארוחת ספגטי עגבניות דלישס 280גר,גרמים,280.00,100 גרם,false,1,21.90,7.8214,true,1,332471
7290112354235,false,ברקטה פיצה - 2 יחידות במארז,סקרלינפיצה אס. אר. אל. א,IT,ברקטה פיצה 300גר דלישס,גרמים,300.00,100 גרם,false,10,25.90,8.6333,true,1,332479
7290112354242,false,"קונוס פיצה ""דלישס"" שטראוס",סקרלינפיצה אס. אר. אל. א,IL,קונוס פיצה 280גר דלישס,גרמים,280.00,100 גרם,false,6,25.90,9.2500,true,1,332526
7290112354945,false,תפוצ'יפס WAVY בטעם טבעי 50 גרם,שטראוס פריטו ליי בע”,IL,חטיף תפוציפס וואוי טבעי 50 גרם,Unknown,0.00,Unknown,false,1,4.30,0.0000,true,1,337481
7290112354952,false,"תפוציפס WAVY בטעם פפריקה , 50 גרם",שטראוס פריטו ליי בע”,IL,חטיף תפוציפס וואוי פפריקה 50 גרם,Unknown,0.00,Unknown,false,1,4.30,0.0000,true,1,337482
7290112354969,false,תפוצ'יפס בטעם טבעי 200 גרם היתר מכירה,שטראוס פריטו ליי בע”,IL,חטיף תפוציפס וואוי טבעי 200 גר,גרמים,200.00,100 גרם,false,1,11.00,5.5000,true,1,337483
7290112355027,false,דנונה פרו 20 גרם חלבון בטעם קרמל מלוח 200 גרם,"שטראוס בריאות בע""\מ",IL,דנונה פרו קרמל מלוח בחלבון 20גרם 200 גרם,גרמים,200.00,100 גרם,false,1,6.10,3.0500,true,1,326069
7290112355058,false,דנונה פרו 20 רימון 200 ג,מיוצר עי קונדיטוריית,IL,דנונה פרו טעם רימון 20גרם חלבון 200 גרם,גרמים,200.00,100 גרם,false,1,6.10,3.0500,true,1,329352
7290112355102,false,גמדים סקוויז 100 גרם פאוץ סלט פירות 100 גרם,"שטראוס בריאות בע""\מ",IL,מעדן גמדים סקוויז סלט פירות 100גר בודד,גרמים,100.00,100 גרם,false,7,5.90,5.9000,true,1,326595
7290112355195,false,דנונה וואו בננה תמר,"שטראוס בריאות בע""מ",IL,דנונה וואו בננה תמר 150גר,גרמים,150.00,100 גרם,false,1,4.90,3.2667,true,1,326592
7290112355317,false,רביולי במילוי רוטב פיצה,"שטראוס גרופ בע""\מ",IL,רביולי רוטב פיצה 400 גרם,גרמים,400.00,100 גרם,false,1,19.90,4.9750,true,1,328520
7290112355386,false,יטבתה רוטב שמנת בטעם קרמל מלוח יטבתה 260 גרם,מחלבת יטבתה,IL,רוטב שמנת קרמל מלוח יטבתה 250 מל,מיליליטרים,250.00,"100 מ""ל",false,1,11.90,4.7600,true,1,335545
7290112355393,false,"יטבתה רוטב שמנת+בטטה 9% שומן 250 מ""ל",שטראוס גרופ,IL,רוטב שמנת בטטה 257גרם יטבתה,גרמים,257.00,100 גרם,false,18,11.90,4.6304,true,1,337705
7290112355744,false,מעדן גבינה סקי קוקוס,STRAUSS-ISRAEL,,גבינת סקי טעם קוקוס 125גרם,גרמים,125.00,100 גרם,false,1,4.10,3.2800,true,1,333398
7290112355805,false,גמדים ארוחת בוקר ענבי100,"שטראוס בריאות בע""\מ",IL,מעדן גמדים סקוויז ענבים 100גר בודד,גרמים,100.00,100 גרם,false,7,5.90,5.9000,true,1,335733
7290112355812,false,מעדן מילקי עם טופ קורנפלקס מצופה שוקולד,"שטראוס גרופ בע""\מ",IL,מילקי טופ קורנפלקס 141 גרם,גרמים,141.00,100 גרם,false,1,4.90,3.4752,true,1,335732
7290112355836,false,מעדן מילקי טופ קרם ט,STRAUSS-ISRAEL,IL,מילקי טופ קרם טופי קרמל 157גר,גרמים,157.00,100 גרם,false,20,4.90,3.1210,true,1,333811
7290112355850,false,מעדן מילקי טופ מקופל,מיוצר עי קונדיטוריית,IL,מילקי טופ מקופלת 143גר,גרמים,143.00,100 גרם,false,20,4.90,3.4266,true,1,332172
7290112355867,false,מילקי קצפת טופ פיצפוצים 86 גרם,"שטראוס גרופ בע""\מ",IL,מילקי קצפת טופ פיצפוץ 86גר,Unknown,0.00,Unknown,false,20,4.00,0.0000,true,1,332485
7290112355881,false,דנונה לייט אנד פרי תות עם חלבון,"שטראוס בריאות בע""\מ",IL,יוגורט דנונה לייט אנד פריי תות וחלבון,גרמים,150.00,100 גרם,false,24,4.90,3.2667,true,1,326591
7290112356123,false,שלישיית סוכריות FRESH מנדרינה ואבטיח,,,מארז 3 יח סוכ.מאסט פרש מנדרינה אבט 45 גר,גרמים,135.00,100 גרם,false,1,8.90,6.5926,true,1,326204
7290112357069,false,מחית עגבניות איטלקיות בקופסה 500 גר' טעם הטבע,שטראוס טעם הטבע,IT,מחית עגבניות טעם הטבע 500 גר,גרמים,390.00,100 גרם,false,24,7.50,1.9231,true,1,323324
7290112357083,false,טעם הטבע אפונה ירוקה 380 גרם קופסה,שטראוס טעם הטבע,IT,אפונה גינה עטעם הטבע 380 גרם,גרמים,380.00,100 גרם,false,16,6.90,1.8158,true,1,323002
7290112357106,false,שעועית אדומה 380 גר' בקופסה טעם הטבע,שטראוס טעם הטבע,IT,שעית אדומה עטעם הטבע 380 גרם,גרמים,380.00,100 גרם,false,16,6.90,1.8158,true,1,323001
7290112357113,false,גרגרי חומוס בקופסה 380 גר' טעם הטבע,שטראוס טעם הטבע,IT,גרגירי חומוס טעם הטבע 380 גרם,גרמים,380.00,100 גרם,false,16,6.90,1.8158,true,1,322999
7290112357175,false,קפסולות BOOST למכונת נספרסו עלית 10 יחידות,שטראוס קפה בי.וי,IL,קפסולות אספרסו בווסט12 יח,יחידה,12.00,יחידה,false,1,17.00,1.4167,true,1,321328
7290112357892,false,סוכריות ללא סוכר בטעם מנטה מאסט פרש,"הליקון גידה בע""\מ",TR,מארז 3 יח ססוכ.מאסט פרש מנטה 45 גר,גרמים,135.00,100 גרם,false,1,8.90,6.5926,true,1,323481
7290112358004,false,פסק זמן קראנצ' עלית 32 גרם,שולן צ'\יקולטה גידה סאן.,TR,חטיף פסק זמן חלב 45 גר,Unknown,0.00,Unknown,false,1,6.00,0.0000,true,1,325662
7290112358127,false,דנונה פרו חלבון+מגנזיום- וניל ועוגיות 200 גרם,מיוצר עי קונדיטוריית,IL,דנונה פרו עם מגנזיום 20גר חלבון 200גר,גרמים,200.00,100 גרם,false,12,6.50,3.2500,true,1,325632
7290112358219,false,רוטב צ'ילי מתוק יד מרדכי 300 גרם,אף.סי תבליני בגליל ב,IL,רוטב צילי מתוק יד מרדכי 300 גרם,גרמים,310.00,100 גרם,false,1,13.90,4.4839,true,1,323831
7290112358233,false,רוטב צ'ילי חריף יד מרדכי 300 גרם,"בית אל מזון בע""מ",IL,רוטב צילי חריף יד מרדכי 320 גרם,גרמים,320.00,100 גרם,false,1,13.90,4.3438,true,1,324326
7290112358240,false,רוטב גריל יד מרדכי 300 גרם,"בית אל מזון בע""מ",IL,רוטב גריל יד מרדכי 300 גרם,גרמים,300.00,100 גרם,false,1,13.90,4.6333,true,1,322997
7290112358257,false,רוטב לעוף עם שזיפים יד מרדכי 300 גרם,"ב.א. מזון בע""\מ",IL,רוטב לעוף עם שזיפים יד מרדכי 300 גרם,גרמים,300.00,100 גרם,false,1,13.90,4.6333,true,1,322996
7290112358431,false,עד חצות דאבל ביסקוויט עם שוקולד חלב -8 אריזות אישיות,ביסקוויטס טור ד'\אלבון,FR,ביסקויט עד חצות דאבל 200 גרם,גרמים,200.00,100 גרם,false,1,13.90,6.9500,true,1,327827
7290112358554,false,מארז קפה נמס מנות אישיות לדרך 50.4 גר,שטראוס רומניה,RO,מארז 28 יח קפה נמס לדרך 50 גרם,Unknown,0.00,Unknown,false,1,11.90,0.0000,true,1,324328
7290112358998,false,SOOM מאגדת חטיף שומשום שחור לבן וקצח,שטראוס גרופ,GR,חטיף שומשום שחור לבן וקצח 8 יח 100 גרם,יחידה,8.00,יחידה,false,1,13.90,1.7375,true,1,332105
7290112359384,false,עלית - קפה נמס אלפחורס ריבת חלב 100 גרם,שטראוס קפה בי.וי,IL,קפה נמס אלפחורס ריבת חלב 100 גרם,גרמים,100.00,100 גרם,false,1,14.90,14.9000,true,1,325444
7290112359674,false,דוריטוס פלמין הוט לימו70,"שטראוס פריטו ליי בע""\מ )",IL,חטיף דוריטוס פלמין הוט לימון 70 גרם,גרמים,70.00,100 גרם,false,1,4.00,5.7143,true,1,328671
7290112480309,false,צלחות חד פעמי גדולות,פאלאס טי אר,TR,צלחות חד פעמי גדולות 100יח קרם,יחידה,100.00,יחידה,false,12,39.90,0.3990,true,1,316529
7290112480699,false,צלחות חד פעמי קטנות,פאלאס,CN,צלחות חד פעמי קטנות רנסנס 10יח קרם,יחידה,10.00,יחידה,false,12,16.90,1.6900,true,1,316562
7290112482341,false,צלחת קטנה קיסר לבן כסף,פאלאס,CN,צלחות חד פעמי קטנות 10יח קיסר לבן כסף,יחידה,10.00,יחידה,false,12,21.90,2.1900,true,1,334971
7290112482365,false,צלחת ענק קיסר 10 יחי לבן,פאלאס,CN,צלחות חד פעמי ענקיות 10יח קיסר לבן כסף,יחידה,10.00,יחידה,false,12,31.90,3.1900,true,1,334976
7290112483430,false,כפות חד פעמי 50יחידו,פאלאס,TR,כפות חד פעמי 50יחידות צבעוני לפיד,יחידה,50.00,יחידה,false,1,9.90,0.1980,true,1,336224
7290112483447,false,כפיות שקופות לפיד 50,פאלאס,TR,כפיות חד פעמי 50יחידות צבעוני לפיד,יחידה,50.00,יחידה,false,1,9.90,0.1980,true,1,336223
7290112483454,false,50 מזלגות שקופות לפיד,פאלאס,TR,מזלגות חד פעמי 50יחידות צבעוני לפיד,יחידה,50.00,יחידה,false,1,9.90,0.1980,true,1,336222
7290112483461,false,50 סכינים שקופים לפיד,פאלאס,TR,סכינים חד פעמי 50יחידות צבעוני לפיד,יחידה,50.00,יחידה,false,1,9.90,0.1980,true,1,336225
7290112485106,false,קערה בינונית שיפוע ל,פאלאס,CN,קערה חד פעמי לבן שיפוע 7.5אינץ,יחידה,1.00,יחידה,false,50,6.90,6.9000,true,1,335077
7290112485113,false,קערה גדולה שיפוע לבן,פאלאס,CN,קערה חד פעמי לבן שיפוע 9.5אינץ,יחידה,1.00,יחידה,false,50,8.90,8.9000,true,1,335078
7290112485540,false,מגש חד פעמי מרובע קי,פאלאס,CN,מגש חד פעמי מרובע קיסר 14אינץ,יחידה,1.00,יחידה,false,25,11.90,11.9000,true,1,335062
7290112485557,false,מגש עגול גדול קיסר ל,פאלאס,CN,מגש חד פעמי עגול קיסר 16אינץ,יחידה,1.00,יחידה,false,25,17.90,17.9000,true,1,335064
7290112485571,false,כוסות חד פעמי קיסר ל,פאלאס,CN,כוסות חד פעמי קיסר לפיד 10יח,יחידה,10.00,יחידה,false,24,12.90,1.2900,true,1,335067
7290112485717,false,צלחות חד פעמי קטנות,,,צלחות חד פעמי קטנות דקל 10יח קוטר 7,יחידה,10.00,יחידה,false,20,12.90,1.2900,true,1,334942
7290112485731,false,צלחת ענק מרובע דקל ל,פאלאס,CN,צלחות חד פעמי ענק מרובע דקל 10יח 25סמ,יחידה,10.00,יחידה,false,20,17.90,1.7900,true,1,334944
7290112485748,false,צלחת גדולה מרובע דקל לפיד 10 יחידות,פאלאס,CN,צלחות חד פעמי גדולה מרובעת דקל 10יח 20סמ,יחידה,10.00,יחידה,false,20,15.90,1.5900,true,1,334945
7290112485755,false,צלחת קטנה מרובע דקל לפיד 10 יחידות,פאלאס,,צלחות חד פעמי קטנה מרובעת דקל 10יח 15סמ,יחידה,10.00,יחידה,false,20,12.90,1.2900,true,1,334946
7290112485786,false,צלחות עץ ענק מקאו לפ,פאלאס,CN,צלחות חד פעמי ענק עגולה מקאו 10יח קוטר11,יחידה,10.00,יחידה,false,10,22.90,2.2900,true,1,334937
7290112485793,false,צלחת גדולה עגולה מקא,פאלאס,CN,צלחות חד פעמי גדולות מקאו 10יח קוטר8.6,יחידה,10.00,יחידה,false,10,18.90,1.8900,true,1,334938
7290112485809,false,צלחות עץ קטנות מקאו,פאלאס,CN,צלחות חד פעמי קטנות מקאו 10יח קוטר7.5,יחידה,10.00,יחידה,false,10,17.90,1.7900,true,1,334939
7290112486455,false,צלחת קטן אלגנט 20 יחי',פאלאס,IL,צלחות חד פעמי אלגנט קטן 20יח,יחידה,20.00,יחידה,false,1,9.90,0.4950,true,1,337112
7290112486462,false,צלחת גדול אלגנט 20 יחי',פאלאס,IL,צלחות חד פעמי אלגנט גדול 20יח,יחידה,20.00,יחידה,false,1,15.90,0.7950,true,1,337107
7290112486479,false,צלחת ענק אלגנט 20 יחי',פאלאס,IL,צלחות חד פעמי אלגנט ענק 20 יח,יחידה,20.00,יחידה,false,1,24.90,1.2450,true,1,337106
7290112486493,false,צלחת לפתן אלגנט 20 יחי',פאלאס,IL,צלחות ליפתניות חד פעמי אלגנט 20יח,יחידה,20.00,יחידה,false,1,5.90,0.2950,true,1,337114
7290112486516,false,מגש אובלי אלגנט 20 יחי,פאלאס,IL,מגש אובלי חד פעמי אלגנט 20יח,יחידה,20.00,יחידה,false,1,29.90,1.4950,true,1,337116
7290112490032,false,"נמס בכוס טעם תירס קנור 31 גרם מארז זוגי בד""צ",יוניליוור ישראל מזון בעמ,IL,זוג מרק נמס בכוס תירס,Unknown,0.00,Unknown,false,1,6.90,0.0000,true,1,314634
7290112490117,false,קליק אקסטרא לארג שוקולד חלב עם וופל ואגוזים,יוניליוור ישראל מזון בעמ,IL,שוקולד קליק וופל ואגוזים 85 ג,Unknown,0.00,Unknown,false,1,5.90,0.0000,true,1,318527
7290112490209,false,נמס בכוס מרק עגבניות עם קרוטונים רכיבים טבעיים,יוניליוור ישראל מזון בעמ,IL,זוג מרק נמס עגבניות ר.טבעי 43 גרם,Unknown,0.00,Unknown,false,1,6.90,0.0000,true,1,314136
7290112490216,false,מרק נמס בכוס בטעם עוף קנור 100% רכיבים טבעיים,יוניליוור ישראל מזון בעמ,IL,זוג מרק נמס עוף קרוטונים ר.טבעי 43 גרם,Unknown,0.00,Unknown,false,1,6.90,0.0000,true,1,314137
7290112490230,false,מרק נמס בכוס אפונה קנור 100% רכיבים טבעיים,יוניליוור ישראל מזון בעמ,IL,זוג מרק נמס אפונה ר.טבעי 43 גרם,Unknown,0.00,Unknown,false,1,6.90,0.0000,true,1,314138
7290112490582,false,חרדל דיג'וןן צרפתי הלמנס 350 גר,יוניליוור מזון,FR,חרדל הלמנס דיזון חלק צרפתי 350 גרם,גרמים,350.00,100 גרם,false,1,12.90,3.6857,true,1,314555
7290112490599,false,חרדל צרפתי עם גרגירים שלמים הלמנס 350 גר,יוניליוור מזון,FR,חרדל הלמנס דיזון גרגירים צרפתי 350 גרם,גרמים,350.00,100 גרם,false,1,12.90,3.6857,true,1,314556
7290112490650,false,קונפיטורה תות שדה 340 גרם-צנצנת,קונפיטורות לה-ארדניי,BE,קונפיטורה 778 תות שדה 340 גרם,גרמים,340.00,100 גרם,false,1,13.90,4.0882,true,1,314140
7290112490667,false,קונפיטורה משמש778 50% פרי 340 גר',יוניליוור מזון,BE,קונפיטורה 778 משמש 340 גרם,גרמים,340.00,100 גרם,false,1,13.90,4.0882,true,1,314142
7290112490674,false,קונפיטורה דובדבנים 778 50% פרי 340 גר-,יוניליוור מזון,IL,קונפיטורה 778 דובדבן 340 גרם,גרמים,340.00,100 גרם,false,1,13.90,4.0882,true,1,314143
7290112490698,false,קונפיטורה תות שדה לייט 300 גרם-צנצנת,יוניליוור מזון,IL,קונפיטורה 778 תות לייט 260 גר,גרמים,260.00,100 גרם,false,1,13.90,5.3462,true,1,314139
7290112490728,false,מרק עשיר ירקות עם בורגול רכיבים טבעיים 95 ג' קנור,יוניליוור ישראל מזון בעמ,IL,מרק קנור עשיר ירקות בורגול 95 גר,Unknown,0.00,Unknown,false,,11.90,0.0000,true,1,315448
7290112490735,false,מרק עשיר עגבניות עם פסטה ר.טבעיים 105 גרם קנור,יוניליוור ישראל מזון בעמ,IL,מרק קנור עשיר עגבניות פסטה 105 גר,גרמים,105.00,100 גרם,false,1,11.90,11.3333,true,1,315449
7290112490742,false,מרק עשיר פטריות עם גריסים רכיבים טבעיים 104 ג' קנור,יוניליוור ישראל מזון בע\,IL,מרק קנור עשיר פטריות גריסים 104 גר,גרמים,104.00,100 גרם,false,1,11.90,11.4423,true,1,315450
7290112490759,false,מרק עשיר עוף עם אטריות רכיבים טבעיים 74 ג' קנור,יוניליוור ישראל מזון בעמ,IL,מרק קנור עשיר עוף עם אטריות 74 גר,Unknown,0.00,Unknown,false,1,11.90,0.0000,true,1,315447
7290112490827,false,תרסיס ריחני למייבש הכביסה בדין בייבי 500,"זוהר דליה, קיבוץ דליה, 1",IL,תרסיס למייבש בדין בייבי 500 מל,מיליליטרים,500.00,"100 מ""ל",false,1,20.00,4.0000,true,1,314875
7290112490896,false,"קנור רוטב צ'ילי חריף 370 מ""ל PAL",יוניליוור מזון,IL,רוטב קנור צילי חריף 340 מל,מיליליטרים,340.00,"100 מ""ל",false,1,12.90,3.7941,true,1,315635
7290112491558,false,שישיית שוקולד מריר פרווה ורד הגליל 100 גרם ליח' כשלפ,אתר צפת טבלאות ותעשי,IL,מארז 6 יח שוקולד מריר ורד הגליל 100 גרם,גרמים,600.00,100 גרם,false,1,21.90,3.6500,true,1,316599
7290112491701,false,ברנפלקס בטעם וניל מעודן 20% חלבון Extra Protein,יוניליוור ישראל מזון בעמ,IL,דגני ברנפלקס אקסטרא חלבון 375 גרם,גרמים,375.00,100 גרם,false,1,21.90,5.8400,true,1,317078
7290112491770,false,בייגלה דקים דקים מלח ים בייגל בייגל 300 גרם.,בייגל את בייגל מזון 198),IL,בייגלה דקים מלח 300 גר,גרמים,300.00,100 גרם,false,1,10.90,3.6333,true,1,315659
7290112491787,false,בייגלה דקים דקים עם שומשום בייגל בייגל 300 גרם,בייגל את בייגל מזון 198),IL,בייגלה דקים שומשום 300 גר,גרמים,300.00,100 גרם,false,1,10.90,3.6333,true,1,315658
7290112491794,false,בייגלה דקים דקים בטעם שמנת ובצל בייגל בייגל 300 גרם,בייגל את בייגל מזון 198),IL,בייגלה דקים שמנת בצל 300 גר,גרמים,300.00,100 גרם,false,1,10.90,3.6333,true,1,316012
7290112492210,false,פריכיות פתית קינואה 25 ג,גוד פוד פרודקטס,PL,פריכיות פתית תירס דקות קינואה 25 גר,Unknown,0.00,Unknown,false,22,3.90,0.0000,true,1,317766
7290112492234,false,פרכיות תירס+תירס מלא100ג,גוד פוד פרודקטס,PL,מאגדת 4 יחח פריכיות פתית תירס 25 גר,גרמים,100.00,100 גרם,false,8,10.90,10.9000,true,1,317770
7290112492449,false,פינוק שמפו שיער רגיל 700 מל-חדש,יוניליוור ישראל טיפוח אי,IL,שמפו פינוק לשיער רגיל 700 מל,מיליליטרים,700.00,"100 מ""ל",false,1,11.90,1.7000,true,1,321774
7290112492456,false,"שמפו פינוק לשיער יבש/פגום 700 מ""ל",יוניליוור ישראל טיפוח אי,IL,שמפו פינוק לשיער יבש 700 מל,מיליליטרים,700.00,"100 מ""ל",false,1,11.90,1.7000,true,1,321775
7290112492463,false,"שמפו ומרכך 2 ב-1 לשיער רגיל פינוק 700 מ""ל.",יוניליוור ישראל טיפו,IL,שמפו פינוק 2 ב 1 לשיער רגיל 700 מל,מיליליטרים,700.00,"100 מ""ל",false,1,11.90,1.7000,true,1,321776
7290112492470,false,"שמפו ומרכך 2 ב-1 לשיער יבש פינוק 700 מ""ל.",יוניליוור פארם,IL,שמפו ומרכך פינוק 2ב1 שיער יבש 700 מל,מיליליטרים,700.00,"100 מ""ל",false,1,11.90,1.7000,true,1,326378
7290112492487,false,פינוק שמפו לשיער עם שמן מרוקאי 700 מל,יוניליוור ישראל טיפוח אי,IL,שמפו פינוק שמן מרוקאי 700 מל,מיליליטרים,700.00,"100 מ""ל",false,1,11.90,1.7000,true,1,321777
7290112492500,false,פינוק שמפו לשיער עם שמן קוקוס 700 מל,"יוניליור ישראל, טיפו",IL,שמפו פינוק שמן קוקוס 700 מל,מיליליטרים,700.00,"100 מ""ל",false,1,11.90,1.7000,true,1,321778
7290112492531,false,פינוק מרכך שיער רגיל 700 מל-חדש,יוניליוור פארם,IL,מרכך פינוק לשיער רגיל 700 מל,מיליליטרים,700.00,"100 מ""ל",false,1,11.90,1.7000,true,1,322328
7290112492548,false,"מרכך פינוק עם שמן חוחובה 700 מ""ל",יוניליוור פארם,IL,מרכך פינוק לשיער יבש 700 מל,מיליליטרים,700.00,"100 מ""ל",false,1,11.90,1.7000,true,1,322840
7290112492579,false,פינוק מרכך בתוספת שמן קוקוס 700 מל-חדש,יוניליוור ישראל טיפוח אי,IL,מרכך פינוק שמן קוקוס 700 מל,מיליליטרים,700.00,"100 מ""ל",false,1,11.90,1.7000,true,1,325498
7290112492593,false,תחליב רחצה פינוק בניחוח פינוק קלאסי 700,יוניליוור ישראל טיפוח אי,IL,תחליב רחצה פינוק ניחוח קלאסי 700 מל,מיליליטרים,700.00,"100 מ""ל",false,1,11.90,1.7000,true,1,322651
7290112492609,false,"תחליב רחצה פינוק 700 מ""ל לבנדר ווניל",יוניליוור ישראל טיפוח אי,IL,תחליב רחצה פינוק לבנדר ווניל 700 מל,מיליליטרים,700.00,"100 מ""ל",false,1,11.90,1.7000,true,1,321761
7290112492616,false,פינוק תחליב רחצה 700 בתוספת שמן מרוקאי,יוניליוור ישראל טיפוח אי,IL,תחליב רחצה פינוק שמן מרוקאי 700מל,מיליליטרים,700.00,"100 מ""ל",false,1,11.90,1.7000,true,1,321697
7290112492630,false,"שמפו ג'ל רחצה וסבון פנים 3 ב-1 לגבר פינוק 700 מ""ל",יוניליוור ישראל טיפוח אי,IL,שמפו פינוק לגבר 3 ב1 700 מל,מיליליטרים,700.00,"100 מ""ל",false,1,11.90,1.7000,true,1,321947
7290112492647,false,"פינוק לגבר 3 ב1 שמפו ג'ל רחצה וסבון פנים 700 מ""ל",יוניליוור ישראל טיפוח אי,IL,תחליב רחצה פינוק 2 ב1 לגבר 700 מל,מיליליטרים,700.00,"100 מ""ל",false,1,11.90,1.7000,true,1,326753
7290112492678,false,פינוק שמפו לשיער רגיל אריזת נסיעות 100 מ,יוניליוור ישראל טיפוח אי,IL,שמפו פינוק טו גו לשיער רגיל 100מל נסיעות,מיליליטרים,100.00,"100 מ""ל",false,1,4.90,4.9000,true,1,322820
7290112492685,false,פינוק מרכך לשיער רגיל אריזת נסיעות 100 מ,יוניליוור ישראל טיפוח אי,IL,מרכך פינוק טו גו לשיער רגיל 100מל נסיעות,מיליליטרים,100.00,"100 מ""ל",false,1,4.90,4.9000,true,1,322821
7290112492692,false,פינוק תחליב רחצה קלאסי אריזת נסיעות 100,יוניליוור ישראל טיפוח אי,IL,תחליב רחצה פינוק טו גו 100מל נסיעות,מיליליטרים,100.00,"100 מ""ל",false,1,4.90,4.9000,true,1,322819
7290112492715,false,"פינוק שמפו ללא דמעות לסירוק קל לילדים 700 מ""ל",יוניליוור ישראל טיפוח אי,IL,שמפו פינוק סירוק קל ללא דמעות 700מל,מיליליטרים,700.00,"100 מ""ל",false,1,14.90,2.1286,true,1,322826
7290112492746,false,"פינוק מרכך ללא דמעות לסירוק קל לילדים 700 מ""ל",יוניליוור ישראל טיפוח אי,IL,מרכך פינוק סירוק קל ללא דמעות 700מל,מיליליטרים,700.00,"100 מ""ל",false,1,14.90,2.1286,true,1,322827
7290112492838,false,סיף מגבוני מטליות לחות לניקוי כללי בניחוח מרכך כביסה 50 יח',עלבד משואות יצחק בעמ,IL,מגבונים לניקוי כללי סיף 50יח בניחוח מרכך,יחידה,50.00,יחידה,false,1,9.90,0.1980,true,1,316978
7290112492944,false,"קנור אבקת מרק עוף אמיתי 400 גרם כשל""פ",יוניליוור ישראל מזון בע\,IL,מרק קנור עוף אמיתי כשלפ 400 גרם,גרמים,400.00,100 גרם,false,1,24.90,6.2250,true,1,321418
7290112492982,false,"אבקת מרק פטריות כשל""פ 100% רכיבים טבעיים 400 גרם",יוניליוור ישראל מזון בע\,IL,מרק פטריות קנור רכבים טבעיים 400 גר,גרמים,400.00,100 גרם,false,1,19.90,4.9750,true,1,320250
7290112492999,false,קנור מרק עוף אמיתי 400 גרם פרווה,יוניליוור ישראל מזון בע\,IL,מרק קנור טעם עוף 400 גר בדץ,גרמים,400.00,100 גרם,false,1,14.90,3.7250,true,1,320251
7290112493064,false,רוטב לבישול שזפים קנור 320 גרם,יוניליוור ישראל מזון בע\,IL,רוטב קנור שזיפים לעוף 320 גר בדץ,גרמים,320.00,100 גרם,false,1,12.90,4.0313,true,1,320249
7290112493088,false,נמס בכוס עדשים מרק רכיבים טבעיים קנור 54 ג',אתר חיפה אבקות - Foo,IL,זוג מרק נמס בכוס עדשים,Unknown,0.00,Unknown,false,1,6.90,0.0000,true,1,318853
7290112493095,false,נמס בכוס מרק עגבניות חריף רכיבים טבעיים קנור 48 ג',אתר חיפה אבקות - Foo,IL,זוג מרק נמס בכוס עגבניות חריף,Unknown,0.00,Unknown,false,1,6.90,0.0000,true,1,318854
7290112493293,false,קנור - נמס ירקות וקרוטונים ר.טבעי 44 גרם,יוניליוור ישראל מזון בעמ,IL,זוג מרק נמס בכוס קנור ירקות,Unknown,0.00,Unknown,false,1,6.90,0.0000,true,1,318855
7290112493316,false,מרק היום אפונה ר.טבעיים קנור 117 גרם,יוניליוור ישראל מזון בעמ,IL,מרק קנור היום אפונה 117 גר,גרמים,117.00,100 גרם,false,1,11.90,10.1709,true,1,318852
7290112493927,false,גלידה בטעם ריבת חלב 1.33ל' קרמיסימו,"גלידת שטראוס בע""\מ, רחוב",IL,גלידת קרמיסימו ריבת חלב 1.33 ליטר,ליטרים,1.33,ליטר,false,1,22.90,17.2180,true,1,320620
7290112493934,false,גלידת וניל צרפתי קרמיסימו 1.33 ל,"גלידת שטראוס בע""\מ, רחוב",IL,גלידת קרמיסימו וניל צרפתי 1.33 ליטר,ליטרים,1.33,ליטר,false,1,22.90,17.2180,true,1,320619
7290112493965,false,קרמיסימו חלבית בטעם מסטיק וניל 665 גר,"גלידת שטראוס בע""\מ, רחוב",IL,גלידת קרמיסימו מסטיגם 1.33 ליטר,ליטרים,1.33,ליטר,false,1,22.90,17.2180,true,1,320621
7290112494078,false,כריות בטעם בראוניז 686 ג,יוניליוור ישראל מזון בעמ,IL,ד.בוקר כריות בראוניז 750 גר בדץ,גרמים,750.00,100 גרם,false,1,21.90,2.9200,true,1,318040
7290112494153,false,תיבולית בניחוח צלי קנור 72 גרם,יוניליוור ישראל מזון בע\,IL,תיבולית ניחוח צלי 72 גרם,Unknown,0.00,Unknown,false,1,10.90,0.0000,true,1,320239
7290112494221,false,קליק - ביסקויט תפזורת 65 גרם,יוניליוור ישראל מזון בע\,IL,חטיף קליק ביסקויט 65 גר,Unknown,0.00,Unknown,false,1,6.50,0.0000,true,1,319889
7290112494238,false,קליק - כדורים חלב תפזורת 65 גרם,יוניליוור ישראל מזון בע\,IL,חטיף קליק כדורים לבן 65 גר,Unknown,0.00,Unknown,false,1,6.50,0.0000,true,1,319885
7290112494276,false,קליק - כריות תפזורת 65 גרם,יוניליוור ישראל מזון בע\,IL,חטיף קליק כריות 65 גר,Unknown,0.00,Unknown,false,1,6.50,0.0000,true,1,319887
7290112494283,false,קליק - מעורב חום לבן תפזורת 65 גרם,יוניליוור ישראל מזון בע\,IL,חטיף קליק חום לבן 65 גר,Unknown,0.00,Unknown,false,1,6.50,0.0000,true,1,319886
7290112494313,false,קליק - קורנפלקס תפזורת 65 גרם,יוניליוור ישראל מזון בע\,IL,חטיף קליק קורנפלקס65 גר,Unknown,0.00,Unknown,false,1,6.50,0.0000,true,1,319888
7290112494344,false,קורנפלקס כספי אלופים תלמה850 גר',"יוניליוור שפע ישראל בע""\",IL,קורנפלקס אלופים 850 גרם כספי,גרמים,850.00,100 גרם,false,8,19.90,2.3412,true,1,321704
7290112494351,false,תלמה קורנפלקס של אלופים 850 ג',"יוניליוור שפע ישראל בע""\",IL,קורנפלקס אלופים 850 גרם בדץ,גרמים,850.00,100 גרם,false,8,19.90,2.3412,true,1,321703
7290112494382,false,פירה בטעם ביתי 260 גרם-קופסא,יוניליוור ישראל מזון בע\,IL,תערובת פירה קנור ביתי 260 ג,גרמים,260.00,100 גרם,false,1,14.90,5.7308,true,1,320234
7290112494580,false,"דומסטוס ג'ל אסלה פרח 750 מ""ל",יוניליוור,TR,גל אסלה דומסטוס פרח 750מל,מיליליטרים,750.00,"100 מ""ל",false,20,12.90,1.7200,true,1,318779
7290112494610,false,קנור רוטב עגבניות פיקנטי לדג 415 גרם,קונסורזיו קאסאלאסקו,IT,רוטב קנור עגבניות לדג 415 גר,גרמים,415.00,100 גרם,false,1,12.90,3.1084,true,1,320229
7290112494795,false,בדין-ג'ל לכביסה לבנה וצבעונית בניחוח עדין כחול 2.5 ליטר,"זוהר דליה, קיבוץ דליה, 1",IL,גל כביסה בדין 2.5ליטר כחול,מיליליטרים,2500.00,"100 מ""ל",false,6,27.90,1.1160,true,1,319803
7290112494801,false,בדין-ג'ל לכביסה לבנה וצבעונית בניחוח עדין ורוד 2.5 ליטר,יוניליוור פארם,IL,גל כביסה בדין 2.5ליטר וורוד,מיליליטרים,2500.00,"100 מ""ל",false,6,27.90,1.1160,true,1,319804
7290112494818,false,"ג'ל לכביסה לבנה וצבעונית בייבי 2.5 ק""ג",היינץ צפון אמריקה מק,IL,גל כביסה בדין 2.5ליטר בייבי,מיליליטרים,2500.00,"100 מ""ל",false,6,27.90,1.1160,true,1,319805
7290112494825,false,תרחיץ פנים לעור רגיש מכיל 25% קרם לחות,יוניליוור ישראל טיפוח אי,IL,תרחיץ דאב פנים לעור רגיש 180 מל,מיליליטרים,180.00,"100 מ""ל",false,1,14.90,8.2778,true,1,324846
7290112494832,false,"דאב - תרחיץ פנים לעור רגיל 180 מ""ל",יוניליוור ישראל טיפוח אי,IL,תרחיץ דאב פנים לעור רגיל 180 מל,מיליליטרים,180.00,"100 מ""ל",false,1,14.90,8.2778,true,1,324847
7290112495006,false,כריות נוגט 686 גרם - קופסא,"יוניליוור ישראל מזון בע""",IL,דגני תלמה כריות נוגט686 גרם,גרמים,686.00,100 גרם,false,1,26.90,3.9213,true,1,319871
7290112495020,false,כריות צוקולדה בדצ מאוחד 750 גר,"יוניליוור ישראל מזון בע""",IL,דגני כריות ציקולדה 686 גר,גרמים,686.00,100 גרם,false,1,21.90,3.1924,true,1,319873
7290112495037,false,דגני בוקר בטעם שוקולד כדורים 375 ג' קוקומן,יוניליוור שפע ישראל בעמ,IL,דגני קוקומן כדורים 375 גר בדץ,גרמים,375.00,100 גרם,false,1,19.90,5.3067,true,1,319875
7290112495044,false,ציפי (פצפוצים) גריין בדצ 500גר,"יוניליור שפע ישראל בע""\מ",IL,דגני קוקמן פיצפוצים 375 גר בדץ,גרמים,375.00,100 גרם,false,1,19.90,5.3067,true,1,319876
7290112495105,false,נשנושים טעם שמנת בצל בייגל בייגל 260 גרם,בייגל את בייגל מזון 198),IL,נשנושים שמנת ובצל260 גרם,גרמים,260.00,100 גרם,false,1,12.90,4.9615,true,1,319883
7290112495112,false,נשנושים טעם זעתר בייגל בייגל 260 גרם,בייגל את בייגל מזון 198),IL,נשנושים בטעם זעתר260 גרם,גרמים,260.00,100 גרם,false,1,12.90,4.9615,true,1,319884
7290112495143,false,נשנושי קרקר קוקטייל מלוח בייגל בייגל 300 גרם,בייגל את בייגל מזון 198),IL,נשנושים קוקטייל מלוח 300 גרם,גרמים,300.00,100 גרם,false,1,12.90,4.3000,true,1,319880
7290112495150,false,נשנושי קרקר עיגולים מלח בייגל בייגל 300 גרם,בייגל את בייגל מזון 198),IL,נשנושים עגול מלח 300 גרם,גרמים,300.00,100 גרם,false,1,12.90,4.3000,true,1,319879
7290112495167,false,נשנושי קרקר משולשי שומשום בייגל בייגל 300 גרם,בייגל את בייגל מזון 198),IL,נשנושי קרקר משולש שומשום 300 גרם,גרמים,300.00,100 גרם,false,1,12.90,4.3000,true,1,319881
7290112495174,false,נשנושי קרקר קוקטייל שומשום בייגל בייגל 300 גרם,בייגל את בייגל מזון 198),IL,נשנושי קרקר קוקטייל שומשום 300 גרם,גרמים,300.00,100 גרם,false,1,12.90,4.3000,true,1,319896
7290112495228,false,קורנפלקס נגיעות דבש תלמה 448 גרם,"יוניליוור שפע ישראל בע""\",IL,קורנפלקס דבש 448 גר בדץ,גרמים,448.00,100 גרם,false,1,17.90,3.9955,true,1,319877
7290112495280,false,ריבועי ברנפלקס קינמון תלמה 400 גרם,"יוניליוור שפע ישראל בע""\",IL,ריבועי ברנפלקס קינמון 400 גרם בדצ,גרמים,400.00,100 גרם,false,1,19.90,4.9750,true,1,320852
7290112495433,false,דגני דליפקאן תוספת אגוזי פקאן ושקדים 400 גר,"יוניליור שפע ישראל בע""\מ",IL,דגני דליפקאן תלמה 400 גר בדץ,גרמים,400.00,100 גרם,false,1,19.90,4.9750,true,1,319022
7290112495488,false,קורנפלקס פתיתי תירס קלויים ללא גלוטן 500,"מולינו ניקולי S.p.A,",IT,קורנפלקס ללא גלוטן 500 גר,גרמים,500.00,100 גרם,false,1,19.90,3.9800,true,1,320851
7290112495556,false,חטיף שוקולד נוגט שוקולד חלב 105 גרם,"טחנת האבן תעשיות בע""\מ,",IL,מאגדת חטיף קליק נוגט 3 יח 105 גרם,גרמים,105.00,100 גרם,false,8,10.00,9.5238,true,1,322288
7290112495594,false,בייגלה שמיניות גדולות ללא מלח בייגל בייגל 400 גרם,בייגל את בייגל מזון 198),IL,בייגלה גדול ללא מלח 400 גרם,גרמים,400.00,100 גרם,false,1,14.90,3.7250,true,1,320248
7290112495662,false,קרקר חיטה מלאה ופשתן בייגל בייגל 300 גרם,"מיוצר ע""י קוד יצרן A",IL,קרקר חיטה מלאה עם פשתן 300 ג,גרמים,300.00,100 גרם,false,1,10.90,3.6333,true,1,320850
7290112495747,false,רוטב צ''ילי מתוק כ 70% פחות סוכר 340 ג' קנור,יוניליוור ישראל מזון בע\,IL,קנור רוטב צילי מתוק פחות סוכר 300 מל,מיליליטרים,300.00,"100 מ""ל",false,1,12.90,4.3000,true,1,320845
7290112495754,false,"רטבי הלמנס לסלט 300 מ""ל אלף האיים",יוניליוור ישראל מזון בעמ,IL,הלמנס רוטב אלף האיים לסלט 305 גרם,גרמים,305.00,100 גרם,false,1,12.90,4.2295,true,1,320856
7290112495761,false,"הלמנס רוטב לחיץ אלף האיים לייט 290 מ""ל",יוניליוור ישראל מזון בעמ,IL,הלמנס רוטבאלף האיים לסלט 305 גרם,גרמים,305.00,100 גרם,false,1,12.90,4.2295,true,1,320855
7290112495785,false,רוטב לסלט שום הלמנס 300ג,יוניליוור ישראל מזון בעמ,IL,רוטב הלמנס לסלט שום 300 גר,גרמים,300.00,100 גרם,false,1,12.90,4.3000,true,1,320842
7290112495792,false,הלמנס רוטב לסלט שום לייט 300 גר',יוניליוור ישראל מזון בעמ,IL,רוטב לסלט הלמנס שום לייט 300 מל,גרמים,300.00,100 גרם,false,1,12.90,4.3000,true,1,320841
7290112495815,false,"רוטב חרדל ודבש לייט הלמנס 305 גרם בד""צ.",יוניליוור ישראל מזון בעמ,IL,הלמנס רוטב חרדל ודבש לייט לסלט 305 גרם,גרמים,305.00,100 גרם,false,1,12.90,4.2295,true,1,320857
7290112495938,false,"קרקר 6 דגנים בייגל בייגל 250 גרם בד""צ","מיוצר ע""\י קוד יצרן AF",IL,קרקר 6 דגנים 250 גרם,גרמים,250.00,100 גרם,false,1,10.90,4.3600,true,1,320847
7290112495976,false,פריכיות אורז בציפוי שוקולד חלב 35גר-חדש,"גוד פוד פרודקטס ,Sp.zo.o",PL,פריכיות פתית תירס שוקולד חלב 35 גר,Unknown,0.00,Unknown,false,30,4.90,0.0000,true,1,322465
7290112495983,false,פרכיות פתיתבציפוי שוקולד חלב ושבבי קרמל מלוח 39 גר',"גוד פוד פרודקטס ,Sp.zo.o",PL,פריכיות פתית תירס שוקולד קרמל 39 גר,Unknown,0.00,Unknown,false,30,4.90,0.0000,true,1,322464
7290112496027,false,סירופ שוקולד אפיכל 580 גרם,יוניליוור ישראל מזון בע\,IL,סירופ אפיכל שוקולד 580 גרם,גרמים,580.00,100 גרם,false,1,14.90,2.5690,true,1,320859
7290112496034,false,סירופ מייפל אפיכל 580 גרם,יוניליוור ישראל מזון בע\,IL,סירופ אפיכל מייפל580 גרם,גרמים,580.00,100 גרם,false,1,14.90,2.5690,true,1,320858
7290112496218,false,קנור רוטב טריאקי הפחתה של מעל 50% סוכר ונתרן 310 ג',יוניליוור ישראל מזון בעמ,IL,רוטב קנור טריאקי מופחת סוכר ונתרן340 גר,גרמים,340.00,100 גרם,false,1,12.90,3.7941,true,1,321763
7290112496270,false,"פתית צ'יפס תפו""א בתוספת עגבניות ועשבי תיבול 22 גרם",JLM גלובל פודסn37\ דרך א,GB,פתית ציפס תפוא ועגבניות 22 גרם,Unknown,0.00,Unknown,false,30,4.90,0.0000,true,1,323556
7290112496287,false,פתית - צ'יפס בטטה בטעם טבעי 21 גרם,JLM גלובל פודסn37\ דרך א,GB,פתית ציפס בטטה טבעי 22 גרם,Unknown,0.00,Unknown,false,30,4.90,0.0000,true,1,323557
7290112496294,false,חטיף פתית צ'יפס עם אפונה ירוקה צהובה וצ'ילי,JLM גלובל פודסn37\ דרך א,GB,פתית ציפס אפונה ירוקה וצהובה 22 גרם,Unknown,0.00,Unknown,false,30,4.90,0.0000,true,1,323558
7290112496331,false,קורנפלקס בננה תלמה אלופים 448 גרם,"יוניליוור שפע ישראל בע""\",IL,קורנפלקס בננה 448 גר בדץ,גרמים,448.00,100 גרם,false,1,17.90,3.9955,true,1,328173
7290112496430,false,קנור נמס בכוס אקסטרה עגבניות+אטריות 37 גרם - רבנות,יוניליוור ישראל מזון בע\,IL,מרק נמס בכוס אקסטרא עגבניות,Unknown,0.00,Unknown,false,1,4.60,0.0000,true,1,333852
7290112496447,false,נמס בכוס אקסטרה טעם עוף עם המון אטריות 27ג',יוניליוור ישראל מזון בע\,IL,מרק נמס בכוס אקסטרא טעם עוף,Unknown,0.00,Unknown,false,1,4.60,0.0000,true,1,333854
7290112496461,false,נמס בכוס אקסטרה מרק ירקות עם המון אטריות,יוניליוור ישראל מזון בע\,IL,מרק נמס בכוס אקסטרא ירקות,Unknown,0.00,Unknown,false,1,4.60,0.0000,true,1,333853
7290112497031,false,רוטב עגבניות לקציצות קנור 415 גרם,יוניליוור מזון,IT,רוטב קנור עגבניות לקציצות 415 גר,גרמים,415.00,100 גרם,false,1,12.90,3.1084,true,1,328174
7290112497123,false,סחלב תערובת להכנת מעדן בטעם סחלב 112גרם,יוניליוור ישראל מזון בע\,IL,סחלב אינסטנט קנור 2 יח 112 גרם,גרמים,112.00,100 גרם,false,1,12.90,11.5179,true,1,325992
7290112497499,false,קליק אקסטרא לארג שוקולד לבן עוגיות 85 גרם,אתר צפת טבלאות ותעשי,IL,שוקולד קליק לבן עוגיות 85 ג,Unknown,0.00,Unknown,false,1,5.90,0.0000,true,1,328733
7290112497710,false,פינוק בייבי שמפו אל דמע לתינוקות 700 מל,יוניליוור ישראלn\טיפוח א,IL,שמפו אל דמע פינוק לתינוק 700מל,מיליליטרים,700.00,"100 מ""ל",false,12,16.90,2.4143,true,1,336873
7290112497727,false,פינוק בייבי אל סבון אל דמע לתינוקות 700,יוניליוור ישראלn\טיפוח א,IL,אל סבון פינוק לתינוק 700מל,מיליליטרים,700.00,"100 מ""ל",false,12,16.90,2.4143,true,1,336874
7290112497864,false,אבקת מרק בטעם עוף רכיבים טבעיים 33% פחות נתרן 400 גרם,יוניליוור מזון,IL,מרק עוף קנור ר.ט. מופחת נתרן 400 גר,גרמים,400.00,100 גרם,false,1,21.90,5.4750,true,1,326711
7290112497994,false,"גרנולה תלמה פרוטאין בתוספת חלבון ואגוזים, 300 גרם","רפאלס בריא וטעים בע""\מ,",IL,גרנולה תלמה פרוטאין אגוזים300 גר,גרמים,300.00,100 גרם,false,1,15.90,5.3000,true,1,327950
7290112498007,false,גרנולה פרוטאין בתוספת חלבון שקדים וחמוציות תלמה 300 ג',"רפאלס בריא וטעים בע""\מ,",IL,גרנולה תלמה פרוטאין חמוציות שקד300 גר,גרמים,300.00,100 גרם,false,1,15.90,5.3000,true,1,327951
7290112498069,false,#קוקומן ללא גלוטן כשלפ 375ג - חדש,"מולינו ניקולי ,S.p.A ויה",IT,דגני קוקומן ללא גלוטן כשלפ 375 גר,גרמים,375.00,100 גרם,false,1,19.90,5.3067,true,1,327161
7290112498090,false,מרכך בתוספת שמן חוחבה 700 מ''ל פינוק,"יוניליוור רוסיה, ,123022",IL,מרכך פינוק שמן חוחובה 700מל,מיליליטרים,700.00,"100 מ""ל",false,1,11.90,1.7000,true,1,324689
7290112498274,false,פינוק אלסבון לידיים לבנדר וניל 1ליטר+משא,יוניליוור ישראל טיפוח אי,TR,סבון ידיים פינוק נוזלי לבנדר 950מל,מיליליטרים,950.00,"100 מ""ל",false,8,12.90,1.3579,true,1,328941
7290112498281,false,"אל סבון לידיים בתוספת שמן קוקוס פינוק 950 מ""ל",יוניליוור ישראל טיפוח אי,TR,סבון ידיים פינוק נוזלי קוקוס 950מל,מיליליטרים,950.00,"100 מ""ל",false,8,12.90,1.3579,true,1,328942
7290112498298,false,"אל סבון ליידים בתוספת שמן מרוקאי פינוק 950 מ""ל",קוסטר אירוסול ולף סנ,TR,סבון ידיים פינוק נוזלי מרוקאי 950מל,מיליליטרים,950.00,"100 מ""ל",false,8,12.90,1.3579,true,1,328943
7290112498441,false,"קנור רוטב אסיאתי למוקפץ 300 מ""ל בד""ץ",יוניליוור ישראל מזון בע\,IL,רוטב קנור אסייתי למוקפץ 370 גרם,מיליליטרים,300.00,"100 מ""ל",false,1,12.90,4.3000,true,1,327808
7290112498526,false,"פתית צ'יפס עם בטטה סגולה בטעם שמנת ובצל, 22 גרם",JLM גלובל פודסn37\ דרך א,GB,פתית ציפס בטטה סגולה שמנת בצל 22 גרם,Unknown,0.00,Unknown,false,30,4.90,0.0000,true,1,328738
7290112498533,false,פתית ציפס עם עם חומוס אפונה ושעועית,JLM גלובל פודסn37\ דרך א,GB,פתית ציפס חומוס שעועית אפונה 21 גרם,Unknown,0.00,Unknown,false,30,4.90,0.0000,true,1,328739
7290112498748,false,מיני סולרו וניל תות שדה 350 גרם,"מיוצר ע""\י גלידת שטראוס",IL,מאגדת מיני סולרו תות 5 יח,יחידה,5.00,יחידה,false,1,22.90,4.5800,true,1,326374
7290112498885,false,מאגדת גודי'ז תותים ושוקולד לבן 235 גרם,"גלידת שטראוס בע""\מ, רח'\",IL,מאגדת שלגון גודיס תותים ושוקולד לבן 5יח,יחידה,5.00,יחידה,false,1,24.90,4.9800,true,1,327192
7290112498915,false,מאגדת מיני מגנום שקדים מובחר שטראוס 250 גרם,"מיוצר ע""\י גלידת שטראוס",IL,מאגדת מיני מגנום שקדים מובחרים 250גר,גרמים,250.00,100 גרם,false,8,29.90,11.9600,true,1,328531
7290112498922,false,מאגדת מיני מגנום לבן שטראוס 250 גרם,"מיוצר ע""\י גלידת שטראוס",IL,מאגדת מיני מגנום שוקולד לבן 250גר,גרמים,250.00,100 גרם,false,8,29.90,11.9600,true,1,328532
7290112499097,false,מאגדת מיני מגנום מריר Intense Dark! 240 גרם,"מיוצר ע""\י גלידת שטראוס",IL,מאגדת מיני מגנום מריר 240גר,גרמים,240.00,100 גרם,false,8,29.90,12.4583,true,1,334160
7290112499134,false,גל.משפחתית 5 צבעים 2,"גלידת שטראוס בע""מ",,גל.משפחתית 5 צבעים 2ליטר,ליטרים,2.00,ליטר,false,1,24.90,12.4500,true,1,334161
7290112499219,false,שלגון שמנת מופחת שומן וקלוריות בטעם פיסטוק עם ריפל בטעם שוקולד מריר וציפוי חלקי של שוקולד חלב מעולה,"גלידת שטראוס בע""\מ, רחוב",IL,מאגדת שלגון גודיס פיסטוק ושוקולד 235גר,יחידה,5.00,יחידה,false,1,24.90,4.9800,true,1,335208
7290112499448,false,"מרכך פינוק בתוספת שמן מרוקאי 700 מ""ל",יוניליוור ישראל טיפוח אי,IL,מרכך פינוק לשיער שמן מרוקאי 700 מל,מיליליטרים,700.00,"100 מ""ל",false,1,11.90,1.7000,true,1,328459
7290112499462,false,פינוק תחליב רחצה 700 בתוספת שמן קוקוס,יוניליוור ישראל טיפוח אי,IL,תחליב רחצה פינוק שמן קוקוס 700 מל,מיליליטרים,700.00,"100 מ""ל",false,1,11.90,1.7000,true,1,328454
7290112499479,false,"פינוק - שמפו בתוספת קרטין 700 מ""ל",יוניליוור ישראל טיפוח אי,IL,שמפו פינוק קרטין 700מל,מיליליטרים,700.00,"100 מ""ל",false,1,11.90,1.7000,true,1,326755
7290112499486,false,"פינוק - מרכך בתוספת קרטין 700 מ""ל",יוניליוור ישראל טיפוח אי,IL,מרכך פינוק קרטין 700מל,מיליליטרים,700.00,"100 מ""ל",false,1,11.90,1.7000,true,1,326756
7290112499493,false,"רקסונה - דאודורנט ספריי לאישה אלוורה 150 מ""ל","ארנסט, רחוב קומבינצקיה 6",RU,דאודורנט רקסונה ספריי במבוק אלוורה 150מל,מיליליטרים,150.00,"100 מ""ל",false,6,19.90,13.2667,true,1,334569
7290112499509,false,"רקסונה - דאודורנט ספריי לאישה בניחוח אפרסק ולמון גראס 150 מ""ל","ארנסט, רחוב קומבינצקיה 6",RU,דאודורנט רקסונה ספריי אפרסק 150מל,מיליליטרים,150.00,"100 מ""ל",false,1,19.90,13.2667,true,1,337438
7290112499523,false,"רקסונה - דאודורנט ספריי לגבר אקטיב 150 מ""ל","ארנסט, רחוב קומבינצקיה 6",RU,דאודורנט רקסונה ספריי אקטיב דריי 150מל,מיליליטרים,150.00,"100 מ""ל",false,6,19.90,13.2667,true,1,334568
7290112499691,false,מאגדת מיני מגנום לבן+שקד,"גלידת שטראוס בע""\מ רח'\",IL,מאגדת מיני מגנום לבן שקדים מובחרים 250גר,גרמים,250.00,100 גרם,false,8,28.90,11.5600,true,1,320623
7290112499776,false,גלידת שמנת מופחתת שומן וקלוריות בטעם שוקולד לבן 240 גרם,"גלידת שטראוס בע""\מ, רח'\",IL,מאגדת שלגון גודיס 5יח,יחידה,5.00,יחידה,false,1,24.90,4.9800,true,1,321304
7290112499790,false,גלידת פסק זמן נוגט 520 מ,"מיוצר ע""\י גלידת שטראוס",IL,גלידה פיינט פסק זמן נוגט 520מל,מיליליטרים,520.00,"100 מ""ל",false,6,19.90,3.8269,true,1,323959
7290112499844,false,מאגדת מיני מגנום דואט שוקולד עם נוגט שטראוס 310 גרם,"מיוצר ע""\י גלידת שטראוס",IL,מאגדת מיני מגנום דואט שוקולד נוגט 310גר,גרמים,310.00,100 גרם,false,8,28.90,9.3226,true,1,320625
7290112499943,false,מיני מאגדת מיני מגנום טעמים שונים וניל+שוקו,"מיוצר ע""\י גלידת שטראוס",IL,מאגדת מיני מגנום קלאסיק שוקולד 250גר,גרמים,250.00,100 גרם,false,8,28.90,11.5600,true,1,320624
7290112960115,false,שקדי מרק אסם 30% קמח חיטה מלאה 350 גרם,אסם,IL,שקדי מרק 30% חיטה מלאה 350 גרם,גרמים,400.00,100 גרם,false,1,11.90,2.9750,true,1,314418
7290112960542,false,בונזור לחם מחמצת קלמטה קנוי 12*480גר,בונז'ור,,לחם מחמצת זתי קלמטה,Unknown,0.00,Unknown,false,1,17.90,0.0000,true,1,314639
7290112960566,false,בונזור לחם מחמצת שאור קנוי 12*480גר,בונז'ור,,לחם מחמצת שאור,Unknown,0.00,Unknown,false,1,17.90,0.0000,true,1,314640
7290112960580,false,בונזור לחם מחמצת כוסמין 12*480גר קנוי,בונז'ור,,לחם מחמצת כוסמין,Unknown,0.00,Unknown,false,1,17.90,0.0000,true,1,314642
7290112960603,false,בונז'ור לחם מחמצת אגוזים צימוקים 480ג',בונז'ור,,לחם מחמצת אגוזים וצימוקים,Unknown,0.00,Unknown,false,1,17.90,0.0000,true,1,314641
7290112960719,false,בונז'ור בגט מחמצת רוסטיק 240ג',בונז'ור,,בגט רוסטיק מחמצת,Unknown,0.00,Unknown,false,1,9.90,0.0000,true,1,314643
7290112960856,false,טילון אקסטרים115-120 גרם מטבע שוקולד בטעם לוז נוגט נסטלה 115 גרם,גלידות נסטלה )נגה גלידות,IL,טילון אקסטרים שוקולד ריבת חלב,יחידה,1.00,יחידה,false,1,12.00,12.0000,true,1,317430
7290112960986,false,מאגדת דובדבן אננס 700 גר,גלידות נסטלה )נגה גלידות,IL,מאגדת קרחון דובדבן אננס 10 יח,יחידה,10.00,יחידה,false,1,16.90,1.6900,true,1,315920
7290112961266,false,בייגלה כפיות פיזור איטלקי אסם 300 גרם,"אסם תעשיות בע""מ",IL,בייגלה כפיות פיזור איטלקי 300 גר,גרמים,300.00,100 גרם,false,1,12.00,4.0000,true,1,317347
7290112961372,false,פיטנס חטיפי פריכיות דקות קינמון 60 גרם,"פרח תעשיות מזון בע""\מ",IL,חטיפי פריכיות פיטנס דקות קינמון 60 גרם,Unknown,0.00,Unknown,false,1,8.90,0.0000,true,1,316430
7290112961440,false,פיטנס חטיפי פריכיות שוקולד מריר 84 גרם,פרח תעשיות,IL,פריכיות פיטנס בר שוקולד מריר84 גר,Unknown,0.00,Unknown,false,1,12.90,0.0000,true,1,321993
7290112961464,false,פיטנס חטיפי פריכיות דגנים וחומוס מתובלות,"פרח תעשיות מזון בע""\מ",IL,חטיפי פריכיות פיטנס דקות מתובלות 60 גרם,Unknown,0.00,Unknown,false,1,8.90,0.0000,true,1,316429
7290112962003,false,שלגון קראנץ וניל עוגיות עם שוקולד נסטלה 90 גרם,גלידות נסטלה )נגה גלידות,IL,שלגון קראנץ וניל עוגיות,יחידה,1.00,יחידה,false,1,11.00,11.0000,true,1,317428
7290112962287,false,טבעול שווארמה טבעונית 6*450 גרם,"טבעול תעשיות מזון בע""\מ",IL,שווארמה טבעול טבעונית 450גר,גרמים,450.00,100 גרם,false,1,32.90,7.3111,true,1,321025
7290112962546,false,מאגדת לה פרוטה מלון תפוח 350 גרם 5 יחידות,שוורצקוף& הנקל דיסלד,IL,מאגדת לה פרוטה מלון תפוח 5יח,יחידה,5.00,יחידה,false,1,25.90,5.1800,true,1,315917
7290112962584,false,חטיף ביסלי שוארמה 60,"אסם תעשיות בע""מ",IL,חטיף ביסלי שוארמה 60 גרם,Unknown,0.00,Unknown,false,1,4.30,0.0000,true,1,322339
7290112962652,false,"אסם אבקת מרק טעם עוף כשל""פ 800 גרם","אסם השקעות בע""\מ",IL,מרק טעם עוף כשלפ 800 גרם,גרמים,100.00,100 גרם,false,1,10.90,10.9000,true,1,316543
7290112962737,false,שניצל מן הצומח עם חלבון טבעול 664 גרם,"טבעול תעשיות מזון בע""\מ\",IL,שניצל טבעול מן הצומח עם חלבון 664 גרם,גרמים,664.00,100 גרם,false,1,32.90,4.9548,true,1,315544
7290112962751,false,מעדן קפוא בטעם וניל עם שברי עוגיות וציפוי,שוורצקוף& הנקל דיסלד,IL,שלגון אוראו,יחידה,1.00,יחידה,false,1,11.90,11.9000,true,1,317245
7290112962904,false,אסם שקדי מרק 150 גרם כשר לפסח,"אסם תעשיות בע""מ",IL,שקדי מרק כשלפ 150 גר,גרמים,150.00,100 גרם,false,1,8.50,5.6667,true,1,316541
7290112963000,false,רוטב צילי מתוק פחת.נתרן וסוכר 290 מל אסם,"אסם תעשיות בע""מ",IL,רוטב צילי מתוק מופחת נתרן וסוכר 290 מל,מיליליטרים,290.00,"100 מ""ל",false,1,12.90,4.4483,true,1,322454
7290112963321,false,גריסיני בייגלה שטוח ללא גלוטן אסם 300גרם,מיוצר עי קונדיטוריית,IL,בייגלה גרטיפי שטוח ללא גלוטן 300 גר,גרמים,300.00,100 גרם,false,12,14.90,4.9667,true,1,332416
7290112963529,false,מאגדת טילון אקסטרים שוקו וניל פרווה נסטלה,גלידות נסטלה )נגה גלידות,IL,מאגדת שלגון אקסטרים שוקו וניל פרווה 6יח,יחידה,6.00,יחידה,false,1,35.90,5.9833,true,1,315921
7290112963697,false,עוגיות שוקוציפס שוקו,בונז'ור,,עוגיות שוקוציפס שוקו שוקולד,קילוגרמים,1.00,"ק""ג",true,,55.00,55.0000,true,1,317461
7290112963727,false,בונז'ור עוגת קראנץ' קינמון 650 גרם,בונז'ור,,עוגת קראנץ קינמון 650 גר,גרמים,650.00,100 גרם,false,1,25.90,3.9846,true,1,316425
7290112963895,false,חטיפי קרקר דק כפרי 150 ג' פיטנס,נסטלה,IL,חטיפי קרקר פיטנס כפרי 150 גרם,גרמים,140.00,100 גרם,false,1,11.90,8.5000,true,1,318127
7290112963918,false,פיטנס חטיפי קרקר דק רוזמרין 140 גרם,נסטלה Nestle,IL,חטיפי קרקר פיטנס רוזמרין 140 גרם,גרמים,140.00,100 גרם,false,1,11.90,8.5000,true,1,318126
7290112964175,false,אפרופופקו מיקס 100 גרם,פרו מן יו פתרונות אריזה,IL,חטיף תירס אפרופו מיקס 100 גרם,גרמים,100.00,100 גרם,false,1,9.00,9.0000,true,1,317339
7290112964212,false,קונכיות פתיתים קלאסי 400,"אסם תעשיות בע""מ",TR,קונכיות פתיתים אוסם 400 גרם,גרמים,400.00,100 גרם,false,1,7.90,1.9750,true,1,318442
7290112964298,false,קונכיות פתיתים תרד 400 ג,"אסם תעשיות בע""מ",IL,קונכיות פתיתים תרד אוסם 400 גרם,גרמים,400.00,100 גרם,false,1,7.90,1.9750,true,1,318443
7290112964410,false,אסם רוטב אלף האיים חדש לסלט 290 גרם,"אסם תעשיות בע""מ",IL,רוטב אלף האיים לסלט 290 גרם,גרמים,290.00,100 גרם,false,1,11.90,4.1034,true,1,318115
7290112964434,false,אסם רוטב קיסר חדש לסלט 295 גרם,"אסם תעשיות בע""מ",IL,רוטב קיסר לסלט 290 גרם,גרמים,295.00,100 גרם,false,1,11.90,4.0339,true,1,318116
7290112964458,false,רוטב ויניגרט חדש לסלט 295 גרם אסם,"אסם תעשיות בע""מ",IL,רוטב ויניגרט לסלט 295 גרם,גרמים,295.00,100 גרם,false,1,11.90,4.0339,true,1,318161
7290112964472,false,אסם רוטב שום חדש לסלט 290 גרם,"אסם תעשיות בע""מ",IL,רוטב שום לסלט 290 מל,גרמים,290.00,100 גרם,false,1,11.90,4.1034,true,1,318114
7290112964588,false,רוטב אסייתי לפאד תאי,"אסם תעשיות בע""מ",IL,רוטב אסייתי לפאד תאי אוסם 290 מל,מיליליטרים,290.00,"100 מ""ל",false,1,13.90,4.7931,true,1,317692
7290112964601,false,רוטב בנוסח סצ'ואן הסדרה האסייתית,"אסם השקעות בע""\מ",IL,רוטב אסייתי נוסח סצואן אוסם 290 מל,מיליליטרים,290.00,"100 מ""ל",false,1,13.90,4.7931,true,1,317693
7290112964625,false,אסם רוטב שום לייט חדש לסלט 310 גרם,"אסם תעשיות בע""מ",IL,רוטב שום לייט לסלט 295 גרם,גרמים,310.00,100 גרם,false,1,11.90,3.8387,true,1,318163
7290112964687,false,בונז'ור לחם מחמצת דגנים 12*480גר,בונז'ור,,לחם מחמצת דגנים,Unknown,0.00,Unknown,false,1,17.90,0.0000,true,1,318068
7290112964724,false,המבורגר צמחוני עם המון חלבון 580 גר,מיוצר עי קונדיטוריית,IL,המבורגר טבעול טבעוני 580 גר,גרמים,580.00,100 גרם,false,1,32.90,5.6724,true,1,318368
7290112965080,false,פסטה ברוטב פטריות מוקרם אסם 143 גרם,"אסם תעשיות בע""מ",IL,תבשיל פסטה ברוטב פטריות 143 גר,גרמים,150.00,100 גרם,false,1,10.90,7.2667,true,1,320351
7290112965141,false,תבשיל פתיתים אפויים עם ירקות 130 גרם,"אסם תעשיות בע""מ",IL,תבשיל אסם פתיתים וירקות 140 ג,גרמים,130.00,100 גרם,false,1,10.90,8.3846,true,1,320354
7290112965165,false,מרק נמס פטריות אסם בדצ 48 גרם מארז זוגי,"אסם תעשיות בע""מ",IL,זוג מרק נמס אוסם פטריות 34 גר,Unknown,0.00,Unknown,false,1,6.00,0.0000,true,1,318777
7290112965240,false,מרק נמס בטעם עגבניות זוג * 44 ג' אסם,"אסם תעשיות בע""מ",IL,זוג מרק נמס אוסם עגבניות 44 גר,Unknown,0.00,Unknown,false,1,6.00,0.0000,true,1,318784
7290112965264,false,אבקת מרק נמס אפונה אסם בדצ 52 גרם מארז זוגי,"אסם תעשיות בע""מ",IL,זוג מרק נמס אוסם אפונה 30 גר,Unknown,0.00,Unknown,false,1,6.00,0.0000,true,1,318781
7290112965301,false,זוג מרק נמס בטעם עוף עם שקדי מרק רגע חם,"אסם תעשיות בע""מ",IL,זוג מרק נמס טעם עוף אוסם 38 גר,Unknown,0.00,Unknown,false,1,6.00,0.0000,true,1,318776
7290112965325,false,תבשיל אורז ספרדי אוסם 140 גרם,"אסם תעשיות בע""מ",IL,תבשיל אסם אורז ספרדי 140 ג,גרמים,140.00,100 גרם,false,1,10.90,7.7857,true,1,320353
7290112965363,false,קציצות קינואה וברוקולי טבעול 525 גרם,"טבעול תעשיות מזון בע""\מ",IL,קציצות קינואה וברוקולי 525 גר טבעול,גרמים,525.00,100 גרם,false,1,32.90,6.2667,true,1,321024
7290112965745,false,אוסם - ביסלי פריסטייל בצל מעושן 60 גרם,"אסם השקעות בע""\מ",IL,חטיף ביסלי בצל מעושן פריסטייל 60 גרם,Unknown,0.00,Unknown,false,1,4.30,0.0000,true,1,328334
7290112965806,false,אוסם - ביסלי פריסטייל חמוץ חריף 60 גרם,"אסם תעשיות בע""מ",IL,חטיף ביסלי חמוץ חריף פריסטייל 60 גרם,Unknown,0.00,Unknown,false,1,4.30,0.0000,true,1,328333
7290112965905,false,בייגלה שמיניות במליחות מעודנת אסם 400 גרם,מיוצר עי קונדיטוריית,IL,בייגלה שמיניות מליחות מעודנת 400 גר,גרמים,400.00,100 גרם,false,1,10.90,2.7250,true,1,320362
7290112965943,false,טבעול נאגטס ירקות ירוקים 6*500גרם,"טבעול תעשיות מזון בע""\מ",IL,נאגטס ירקות ירוקים טבעול 500גר,גרמים,500.00,100 גרם,false,6,32.90,6.5800,true,1,322740
7290112965967,false,טבעול נאגטס ירקות כתומים 6*500גרם,"טבעול תעשיות מזון בע""\מ",IL,נאגטס ירקות כתומים טבעול 500גר,גרמים,500.00,100 גרם,false,6,32.90,6.5800,true,1,322738
7290112965981,false,טבעול גורמה ארוחת דגנים 450 גרם,טבעול (מקבוצת אסם הש,IL,ארוחת דגנים טבעול גורמה 450גר,גרמים,450.00,100 גרם,false,8,32.90,7.3111,true,1,334636
7290112966001,false,טבעול גורמה ארוחת ירוקים 450 גרם,טבעול (מקבוצת אסם הש,IL,ארוחת ירוקים טבעול גורמה 450גר,גרמים,450.00,100 גרם,false,8,32.90,7.3111,true,1,334637
7290112966070,false,לחמית כוסמין וגרעיני דלעת 12*160גרם,"אסם תעשיות בע""מ",IL,לחמית כוסמין וזרעי דלעת 160 גרם,גרמים,160.00,100 גרם,false,1,10.90,6.8125,true,1,321994
7290112966186,false,אפרופו מצ.שוקולד מריר40ג,מולינו ניקולי s.p.a,IL,חטיף תירס אפרופו שוקולד מריר 40 גר,Unknown,0.00,Unknown,false,1,5.00,0.0000,true,1,319482
7290112966209,false,אפרופו מצ.שוקולד לבן40ג,מולינו ניקולי s.p.a,IL,חטיף תירס אפרופו שוקולד לבן40 גר,Unknown,0.00,Unknown,false,1,5.00,0.0000,true,1,319483
7290112966247,false,לחמית כוסמין אסם 200 גרם,"אסם תעשיות בע""מ",IL,לחמית כוסמין 200 גרם,גרמים,200.00,100 גרם,false,1,10.90,5.4500,true,1,321995
7290112966445,false,במבה מתוקה אריזה גדולה 100 ג' אסם,"אסם השקעות בע""\מ",IL,חטיף במבה מתוקה 100 גרם,גרמים,100.00,100 גרם,false,1,9.00,9.0000,true,1,319481
7290112966728,false,צבר טחינה בלאדי פלפלים חריפים 350 גרם,שוורצקוף& הנקל דיסלד,IL,סלט טחינה בלאדי פלפל חריף 350גר צבר,גרמים,350.00,100 גרם,false,6,15.90,4.5429,true,1,319475
7290112966766,false,צבר טחינה בלאדי חציל עגבניות ושום 350 גרם,שוורצקוף& הנקל דיסלד,IL,סלט טחינה בלאדי חציל ועגבניות 350גר צבר,גרמים,350.00,100 גרם,false,6,15.90,4.5429,true,1,319473
7290112966780,false,צבר טחינה בלאדי עם חציל קלוי 350 גרם,שוורצקוף& הנקל דיסלד,IL,סלט טחינה בלאדי חציל קלוי 350גר צבר,גרמים,350.00,100 גרם,false,6,15.90,4.5429,true,1,319471
7290112966803,false,אסם פודינג אינסטנט שוקולד 95 גרם,"אסם השקעות בע""\מ",IL,אינסטנט פודינג שוקולד אסם 88 גר,Unknown,0.00,Unknown,false,1,6.00,0.0000,true,1,320356
7290112966841,false,אינסטנט פודינג בטעם שוקולד מריר 95 גרם,מיוצר עי קונדיטוריית,IL,אינסטנט פודינג שוקולד מריר90 גר,Unknown,0.00,Unknown,false,1,6.00,0.0000,true,1,320357
7290112967114,false,פיטנס חטיפי פריכיות קטניות ופלפל 60 גרם,"פרח תעשיות מזון בע""\מ",IL,חטיפי פריכיות פיטנס קטניות ופלפל 60 גרם,Unknown,0.00,Unknown,false,1,8.90,0.0000,true,1,321992
7290112967138,false,בייגלה שמיניות ללא גלוטן אסם 250 גרם,מיוצר עי קונדיטוריית,IL,בייגלה שמיניות ללא גלוטן 250 גר,גרמים,250.00,100 גרם,false,1,10.00,4.0000,true,1,320971
7290112967381,false,פיטנס חטיפי פריכיות קטניות ומלח ים 60 גרם,"פרח תעשיות מזון בע""\מ",IL,חטיפי פריכיות פיטנס דקות קטניות 60 גרם,Unknown,0.00,Unknown,false,1,8.90,0.0000,true,1,321991
7290112967404,false,"רוטב אלף האיים כשל""פ290ג","אסם תעשיות בע""מ",IL,רוטב אלף האיים לסלט כשלפ 290 גרם,גרמים,290.00,100 גרם,false,1,10.90,3.7586,true,1,321210
7290112967619,false,"אסם רוטב סויה קלאסי מופחת נתרן 290 מ""ל","אסם תעשיות בע""מ",IL,רוטב סויה קלאסי מופחת נתרן 290 מל,מיליליטרים,290.00,"100 מ""ל",false,1,13.90,4.7931,true,1,321350
7290112967749,false,פרפקטו פסטה נוציאולה 500 גרם,ניולט פוד ס.פ.א,IT,פסטה פרפקטו נוציאולה 500 גרם,גרמים,500.00,100 גרם,false,1,7.50,1.5000,true,1,320350
7290112967824,false,אסם בישולים מיקס קלאסי 9*200גרם,"אסם השקעות בע""\מ",IL,אוסם בישולים מיקס קלאסי 200 גרם,גרמים,200.00,100 גרם,false,1,19.90,9.9500,true,1,326009
7290112967848,false,ג'לי תות שדה מופחת סוכר אסם 90 גרם,מיוצר עי קונדיטוריית,IL,גלי אסם תות שדה מופחת סוכר 90 גר,Unknown,0.00,Unknown,false,1,6.90,0.0000,true,1,320358
7290112968203,false,צבר סלט טחינה בלאדי 6*250גרם,שוורצקוף& הנקל דיסלד,IL,סלט טחינה בלאדי 250גר צבר,גרמים,250.00,100 גרם,false,6,11.90,4.7600,true,1,321015
7290112968340,false,צבר חומוס גרוס גס גס 400 גרם,שוורצקוף& הנקל דיסלד,IL,חומוס גרוס גס גס צבר 400 גר,גרמים,600.00,100 גרם,false,1,14.90,2.4833,true,1,320828
7290112968449,false,סלט טחינה כרוב אדום 250 גרם,שוורצקוף& הנקל דיסלד,IL,סלט כרוב אדום 250גר צבר,גרמים,250.00,100 גרם,false,6,11.90,4.7600,true,1,321016
7290112968524,false,צבר סלט חומוס גרגירים רכים 6*250גרם,שוורצקוף& הנקל דיסלד,IL,סלט חומוס סמיר 250גר צבר,גרמים,250.00,100 גרם,false,6,11.90,4.7600,true,1,321017
7290112968685,false,חומוס גרגרים רכים בטבילה צבר 400 גרם,שוורצקוף& הנקל דיסלד,IL,חומוס גרגרים בתטבילה צבר 400 גר,גרמים,600.00,100 גרם,false,1,14.90,2.4833,true,1,320831
7290112968807,false,פיטנס - קרקר דק סלק 140 גרם,מפעל אסם יקנעם,IL,קרקר פיטנס דק סלק140 גרם,גרמים,140.00,100 גרם,false,1,11.90,8.5000,true,1,325674
7290112968821,false,פיטנס - קרקר דק בטטה 140 גרם,מפעל אסם יקנעם,IL,קרקר פיטנס דק בטטה 140 גרם,גרמים,140.00,100 גרם,false,1,11.90,8.5000,true,1,325675
7290112968913,false,ביסקויט פתי בר לבבות,"אסם תעשיות בע""מ",IL,ביסקויט פתי בר לבבות 250 גרם,גרמים,250.00,100 גרם,false,1,8.60,3.4400,true,1,328711
7290112969248,false,אסם בישולים רוטב סילאן ובצל 335*9 גרם,"אסם תעשיות בע""מ",IL,רוטב אוסם לבישול סילאן ובצל 335 גרם,גרמים,335.00,100 גרם,false,1,16.90,5.0448,true,1,326022
7290112969989,false,מנה חמה נודלס קוריאנ,"אסם תעשיות בע""מ",TH,מנה חמה נודלס קוריאני חריף 75גר,Unknown,0.00,Unknown,false,1,6.90,0.0000,true,1,325676
7290113190375,false,סילאן טבעי שקדיה 900 גרם,ג.מ. טעם הארץ,TR,סילאן טבעי שקדיה 900 גרם,גרמים,900.00,100 גרם,false,12,19.90,2.2111,true,1,321957
7290113190443,false,חרוסת שקדיה 250 גרם,"פוליבה בע""מ",IL,חרוסת שקדיה 250 גרם,גרמים,250.00,100 גרם,false,1,10.00,4.0000,true,1,317210
7290113190450,false,ממרח תמרים 450 גר' שקדיה,"תמר העמקים בע""מ",IL,ממרח תמרים שקדיה 450 גרם,גרמים,450.00,100 גרם,false,1,5.90,1.3111,true,1,317068
7290113191815,true,חבילת שי מזוודת חלון,"שקדיה גבע תעשיות בע""",IL,חבילת שי מזוודת חלון שקדיה,Unknown,0.00,Unknown,false,,125.00,0.0000,true,1,337286
7290113191938,false,"סירופ רוזטה בטעם שקדים 750 מ""ל","פוליבה בע""ם",IL,סירופ רוזטה 750 מל,מיליליטרים,750.00,"100 מ""ל",false,12,16.90,2.2533,true,1,319376
7290113192072,false,חטיפי בוטנים מצופים בטעם צ'ילי שקדיה 120 גרם,דין שיווק,IL,בוטן שקדיה מצופה צילי 100 גרם,גרמים,100.00,100 גרם,false,24,10.00,10.0000,true,1,327133
7290113192089,false,בוטנים מצופים בטעם תירס 100 גרם,"יונאן פוד קו, לטד",IL,בוטן שקדיה מצופה תירס 100 גרם,גרמים,100.00,100 גרם,false,24,10.00,10.0000,true,1,327131
7290113192096,false,בוטנים מצופים בטעם וואסבי ששון הקולה 120 גרם,"יונאן פוד קו, לטד",IL,בוטן שקדיה מצופה וואסבי 100 גרם,גרמים,100.00,100 גרם,false,24,10.00,10.0000,true,1,327132
7290113192218,false,תערובת להכנת מלבי 500 גרם ששון הקולה,"שקדיה גבע תעשיות בע""",IL,תערובת להכנת מלבי שקדיה 500גרם,גרמים,500.00,100 גרם,false,12,14.90,2.9800,true,1,325376
7290113192225,false,תערובת להכנה מהירה סופלה שוקולד שקדיה 200 גרם,"י. כהן בע""מ",IL,תערובת סופלה שוקולד שקדיה 200 גרם,גרמים,200.00,100 גרם,false,12,14.90,7.4500,true,1,325367
7290113192300,false,זיתים מושחרים חרוזית 275 גרם בית השיטה,בית השיטה,IL,זית חרוזית מושחר 275 גר בית השיטה,גרמים,275.00,100 גרם,false,1,10.90,3.9636,true,1,322466
7290113192317,false,טבעות זיתים מושחרים 280 גרם בית השיטה,בית השיטה,IL,טבעות זית מושחר 280 גר בית השיטה,גרמים,280.00,100 גרם,false,1,10.90,3.8929,true,1,322467
7290113192324,false,זיתים ירוקים שלמים בינוניים בית השיטה,בית-השיטה עסיס תעשיות מז,IL,זית ירוק מנזולינו בינוני 340 גרבית השיטה,גרמים,340.00,100 גרם,false,1,8.90,2.6176,true,1,322614
7290113192331,false,זיתים ירוקים מנזנילו 340 גר' בית השיטה,בית-השיטה עסיס תעשיות מז,IL,זית ירוק מנזולינו גדול 340 בית השיטה,גרמים,340.00,100 גרם,false,1,10.90,3.2059,true,1,322613
7290113192348,false,בית השיטה זיתים ירוקים גדול מאודבטעם שום,בית-השיטה עסיס תעשיות מז,IL,זית ירוק מנזולינו ג.מ.טעם שום340ב.השיט,גרמים,340.00,100 גרם,false,,10.90,3.2059,true,1,322612
7290113192355,false,חרוזית זיתים ירוקים ללא גלעין 275 ג' בית השיטה,בית-השיטה עסיס תעשיות מז,IL,זית חרוזית ירוק 275 גר בית השיטה,גרמים,275.00,100 גרם,false,1,9.90,3.6000,true,1,322468
7290113192362,false,זיתים ירוקים טבעות A2 בית השיטה 280 גרם,בית-השיטה עסיס תעשיות מז,IL,טבעות זית ירוק 280 גר בית השיטה,גרמים,280.00,100 גרם,false,1,10.90,3.8929,true,1,322469
7290113192379,false,בית השיטה זיתים ירוקים מבוקעים א2 340גר',"בית-השיטה תעשיות בע""\מ",IL,זית ירוק מבוקע 340 גר בית השיטה,גרמים,340.00,100 גרם,false,1,10.90,3.2059,true,1,322615
7290113192386,false,בית השיטה זיתים ירוקים סורי מבוקע 340גרם,בית השיטה,IL,זית ירוק סורי מבוקע 340 גר בית השיטה,גרמים,340.00,100 גרם,false,1,11.90,3.5000,true,1,322471
7290113192393,false,בית השיטה קוקטייל זיתים א2 336 גרם,בית-השיטה עסיס תעשיות מז,IL,זית ירוק סורי מבוקע א/2 בית השיטה,גרמים,3.00,100 גרם,false,1,11.90,396.6667,true,1,322470
7290113192478,false,בית השיטה מלפפונים במלח בינוני 10-12 320 גרם,בית-השיטה עסיס תעשיות מז,IL,מלפפון 10-12 במלח 320 גר בית השיטה,גרמים,320.00,100 גרם,false,1,7.90,2.4688,true,1,322528
7290113192485,false,בית השיטה מלפפונים בחומץ בינוני 10-12 290 גרם,בית-השיטה עסיס תעשיות מז,IL,מלפפון 10-12 בחומץ 320 גר בית השיטה,גרמים,320.00,100 גרם,false,1,7.90,2.4688,true,1,322529
7290113192492,false,בית השיטה מלפפונים בחומץ קטנים 1317 290 גרם,בית-השיטה עסיס תעשיות מז,IL,מלפפון 13-17 בחומץ 320 גר בית השיטה,גרמים,320.00,100 גרם,false,1,10.90,3.4063,true,1,322475
7290113192508,false,בית השיטה מלפפונים במלח קטן 1317 320 גרם,בית-השיטה עסיס תעשיות מז,IL,מלפפון 13-17 במלח320 גר בית השיטה,גרמים,320.00,100 גרם,false,1,10.90,3.4063,true,1,322474
7290113192515,false,בית השיטה מלפפונים במלח קטן מאוד 1825 320 גרם,בית-השיטה עסיס תעשיות מז,IL,מלפפון 18-25 במלח320 גר בית השיטה,גרמים,320.00,100 גרם,false,1,12.90,4.0313,true,1,322476
7290113192522,false,בית השיטה מלפפונים בחומץ קטן מאוד 1825 290 גרם,בית-השיטה עסיס תעשיות מז,IL,מלפפון 18-25 חומץ320 גר בית השיטה,גרמים,320.00,100 גרם,false,1,12.90,4.0313,true,1,322530
7290113192539,false,בית השיטה מלפפונים במלח גדול 79 320 גרם,בית-השיטה עסיס תעשיות מז,IL,מלפפון 7-9 במלח 320 גר בית השיטה,גרמים,320.00,100 גרם,false,1,6.90,2.1563,true,1,322477
7290113192546,false,"מלפפונים בחומץ רכיבים טבעיים 7-9 ""בית השיטה""",בית-השיטה עסיס תעשיות מז,IL,מלפפון 7-9 בחומץ 320 גר בית השיטה,גרמים,320.00,100 גרם,false,1,6.90,2.1563,true,1,322531
7290113192553,false,מלפפונים במלח 13-17 פיקנטי בית השיטה 320 גרם,בית-השיטה עסיס תעשיות מז,IL,מלפפון במלח בלדי 13-17 בית השיטה 320 גרם,גרמים,320.00,100 גרם,false,1,10.90,3.4063,true,1,322553
7290113192560,false,בית השיטה פלפל שיפקה חריף כבוש 230 גרם,בית-השיטה עסיס תעשיות מז,IL,פלפל שיפקה בית השיטה 230 גר,גרמים,230.00,100 גרם,false,1,6.90,3.0000,true,1,322551
7290113192577,false,בית השיטה כרוב כבוש א2 12*430גרם חדש,"בית-השיטה תעשיות בע""\מ",IL,כרוב כבוש בית השיטה 430 גר,גרמים,430.00,100 גרם,false,1,7.90,1.8372,true,1,322552
7290113192997,false,בית השיטה זית מרוקאי 340 גרם*,"בית השיטה תעשיות בע""\מ",IL,זית מרוקאי בית השיטה 340 גרם,גרמים,340.00,100 גרם,false,1,13.90,4.0882,true,1,325685
7290113193017,false,בית השיטה חרוזית קוקטייל זיתים 275 גרם,"בית השיטה תעשיות בע""\מ",IL,לחמית כוסמין 200 גרם,גרמים,275.00,100 גרם,false,1,13.90,5.0545,true,1,321996
7290113193031,false,חרוזית קלמטה - זיתים שחורים ללא גלעין קלמטה,"בית השיטה תעשיות בע""\מ",IL,זית חרוזית קלמטה 275 גרם בית השיטה,גרמים,275.00,100 גרם,false,1,13.90,5.0545,true,1,324374
7290113193321,false,"שמן זית כתית מעולה בית השיטה 750 מ""ל",אצטס אבסה אס. איי. יו.,IL,שמן זית בית השיטה750 מל,מיליליטרים,750.00,"100 מ""ל",false,1,29.90,3.9867,true,1,325996
7290113193406,false,"קוקטייל טבעות זיתים - זיתים ירוקים, שחורים מרינד","בית השיטה תעשיות בע""\מ",IL,טבעות זית קוקטייל280 גר בית השיטה,גרמים,280.00,100 גרם,false,1,12.90,4.6071,true,1,322009
7290113194090,false,בית השיטה טבעות זיתים קלמטה 280 גרם,בית השיטה תעשיות בעמ,IL,זית טבעות קלמטה ב.השיטה 410 גרם,גרמים,410.00,100 גרם,false,1,12.90,3.1463,true,1,326005
7290113195042,false,מלפפון חמוץ במלח כבישה ביתית בית השיטה 750 גר',שוורצקוף& הנקל דיסלד,IL,מלפפון כבישה ביתית בית השיטה 750 גרם,גרמים,750.00,100 גרם,false,1,26.90,3.5867,true,1,328701
7290113195066,false,חלבה טורקית בטעם וניל 400 גרם,ח. אל עקר,IL,חלבה טורקית וניל 400 גרם,גרמים,400.00,100 גרם,false,10,12.90,3.2250,true,1,326142
7290113195073,false,חלבה טורקית עם פיסטוק 400 גר,ח. אל עקר,IL,חלבה טורקית וניל עם פיסטוק 400 גרם,גרמים,400.00,100 גרם,false,10,14.90,3.7250,true,1,326140
7290113195080,false,חלבה טורקית בטעם שוקו וניל שקדיה 400 גרם,ח. אל עקר,IL,חלבה טורקית וניל שוקו 400 גרם,גרמים,400.00,100 גרם,false,10,12.90,3.2250,true,1,326141
7290113195264,false,ממרח פלפלים קלויים 360 גרם,דין שיווק,MK,ממרח פלפלים קלויים גורמט 360 גרם,גרמים,300.00,100 גרם,false,12,11.90,3.9667,true,1,326139
7290113195271,false,ממרח פלפלים פיקנטיים 360 גרם,דין שיווק,MK,ממרח פלפלים פיקנטי גורמט 360 גרם,גרמים,300.00,100 גרם,false,12,11.90,3.9667,true,1,326138
7290113195349,false,טופו במים שקדיה 400ג',,VN,טופו במים סו שף 400 גרם,גרמים,400.00,100 גרם,false,24,12.90,3.2250,true,1,327134
7290113195479,false,קמח שקדים שקדיה 200 גרם,"שקדיה גבע תעשיות בע""",IL,קמח שקדים שקדיה 200 גרם,גרמים,200.00,100 גרם,false,20,15.90,7.9500,true,1,326132
7290113195486,false,קינואה אדומה שקדיה 3,"שקדיה גבע תעשיות בע""",IL,קינואה אדומה שקדיה 300 גרם,גרמים,300.00,100 גרם,false,20,9.90,3.3000,true,1,326133
7290113195875,false,קינואה לבנה שקדיה 40,"שקדיה גבע תעשיות בע""",IL,קינואה לבנה שקדיה 400 גרם,גרמים,400.00,100 גרם,false,20,10.90,2.7250,true,1,326137
7290113196414,false,"אורז בסמטי 1 ק""ג - שקדיה כחול מטאלי",דאבה סינג שאם סינג,IN,"אורז בסמטי שקדיה 1 ק""ג",קילוגרמים,1.00,"ק""ג",false,1,10.90,10.9000,true,1,332552
7290113196896,false,"תרסיס שמן זית שקדיה 170 מ""ל",שקדיה,TR,תרסיס שמן זית שקדיה 170 מל,מיליליטרים,170.00,"100 מ""ל",false,12,13.90,8.1765,true,1,332140
7290113196902,false,מנה חמה אטריות אורז בטעם בקר שקדיה 70 גרם,טיאן האנג פוד ג'וינט,VN,מנה חמה סו שף אטריות אורז בקר 60 גרם,Unknown,0.00,Unknown,false,12,7.90,0.0000,true,1,337358
7290113196919,false,מנה חמה אטריות אורז בטעם עוף שקדיה 70 גרם,טיאן האנג פוד ג'וינט,VN,מנה חמה סו שף אטריות אורז ועוף 60 גרם,Unknown,0.00,Unknown,false,12,7.90,0.0000,true,1,337360
7290113196926,false,מנה חמה אטריות אורז בטעם ירקות שקדיה 70 גרם,טיאן האנג פוד ג'וינט,VN,מנה חמה סו שף אטריות אורז ירקות 60 גרם,Unknown,0.00,Unknown,false,12,7.90,0.0000,true,1,337357
7290113196933,false,מנה חמה אטריות אורז בטעם טום יאס שקדיה 70 גרם,טיאן האנג פוד ג'וינט,VN,מנה חמה סו שף אטריות אורז טום יאם 60 גרם,Unknown,0.00,Unknown,false,12,7.90,0.0000,true,1,337359
7290113197169,false,חמאת בוטנים טבעית 510 גרם,סופר נוטרי פודס,IN,חמאת בוטנים טבעית שקדיה 510 גרם,גרמים,510.00,100 גרם,false,12,15.90,3.1176,true,1,337734
7290113197176,false,חמאת בוטנים עם שבבים 510 גר,סופר נוטרי פודס,IN,חמאת בוטנים טבעית קראנצי שקדיה 510 גרם,גרמים,510.00,100 גרם,false,12,15.90,3.1176,true,1,337735
7290113198029,false,פקאן מצופה חלבה שקדי,"דין שיווק וקלייה בע""",IL,אגוז פקאן שקדיה מצופה חלבה 150 גרם,גרמים,150.00,100 גרם,false,12,14.90,9.9333,true,1,332242
7290113198036,false,פקאן מצופה בטעם קרמל 150 גרם,"דין שיווק וקלייה בע""",IL,אגוז פקאן שקדיה מצופה טעם קרמל150 גרם,גרמים,150.00,100 גרם,false,12,14.90,9.9333,true,1,332247
7290113198043,false,פקאן מצופה שוקולד וע,"דין שיווק וקלייה בע""",IL,אגוז פקאן שקדיה מצופה שוקולד עוגי150 גרם,גרמים,150.00,100 גרם,false,12,14.90,9.9333,true,1,332245
7290113198067,false,פקאן מצופה שוקולד לבן 150 גרם,"דין שיווק וקלייה בע""",IL,אגוז פקאן שקדיה מצופה שוקולד לבן 150 גרם,גרמים,150.00,100 גרם,false,12,14.90,9.9333,true,1,332243
7290113198074,false,פקאן מצופה שוקולד שיש 150 גרם,"דין שיווק וקלייה בע""",IL,אגוז פקאן שקדיה מצופה שוקולד שיש150 גרם,גרמים,150.00,100 גרם,false,12,14.90,9.9333,true,1,332246
7290113198562,false,סוכריות גומי בטעם תות שדה 200 ג' שקדיה,טופגאם תעשיות ממתקים,IL,סוכריות גומי שקדיה תות שדה 200 ג קופסא,גרמים,200.00,100 גרם,false,12,9.90,4.9500,true,1,334389
7290113198579,false,סוכריות גומי דובונים בטעמי פירות 200 ג' שקדיה,טופגאם תעשיות ממתקים,IL,סוכריות גומי שקדיה דובונים 200 ג קופסא,גרמים,200.00,100 גרם,false,12,9.90,4.9500,true,1,334388
7290113198586,false,סוכריות גומי מסוכרות בטעם אפרסק 200 ג' שקדיה,טופגאם תעשיות ממתקים,IL,סוכריות גומי שקדיה אפרסק 200 ג קופסא,גרמים,200.00,100 גרם,false,12,9.90,4.9500,true,1,334387
7290113198593,false,סוכריות גומי מסוכרות בטעם בננה 200 ג' שקדיה,טופגאם תעשיות ממתקים,IL,סוכריות גומי שקדיה בננה 200 ג קופסא,גרמים,200.00,100 גרם,false,12,9.90,4.9500,true,1,334386
7290113198609,false,סוכריות גומי נחשים בטעמי פירות 200 ג' שקדיה,טופגאם תעשיות ממתקים,IL,סוכריות גומי שקדיה נחש פירות200 ג קופסא,גרמים,200.00,100 גרם,false,12,9.90,4.9500,true,1,334385
7290113199323,false,עלי טורטילוס בוריטו150גר,אלקטי קוראבייכיסיגידה טו,TR,טורטיה טורטילס מיני 150 גרם,גרמים,150.00,100 גרם,false,1,4.90,3.2667,true,1,336422
7290113199378,false,פרכיות כוסמת דקות בתוספת שיבולת שועל שקדיה 95 גרם,זנבר המכללה לטבעונות,IL,פריכיות כוסמת דקות שקדיה ש.ש 95 גרם,Unknown,0.00,Unknown,false,12,9.90,0.0000,true,1,335159
7290113199385,false,פרכיות כוסמת דקות בתוספת מלח שקדיה 100 גרם,זנבר המכללה לטבעונות,IL,פריכיות כוסמת דקות שקדיה מלוח 100 גרם,Unknown,0.00,Unknown,false,12,9.90,0.0000,true,1,335157
7290113199392,false,פרכיות כוסמת דקות בתוספת שקדים שקדיה 90 גרם,זנבר המכללה לטבעונות,IL,פריכיות כוסמת דקות שקדיה שקדים 90 גרם,Unknown,0.00,Unknown,false,12,9.90,0.0000,true,1,335158
7290113199408,false,פרכיות כוסמין דקות בתוספת מלח שקדיה 95 גרם,זנבר המכללה לטבעונות,IL,פריכיות כוסמין דקות שקדיה מלוח 95 גרם,Unknown,0.00,Unknown,false,12,9.90,0.0000,true,1,335160
7290113199606,false,"חטיף בוטנים עם דלעת בוטנים חמוציות ושומשום לל""ס","שקדיה גבע תעשיות בע""",IL,חטיפי שקדיה אנרגי מיקס בוטן חמוציו 220 ג,גרמים,220.00,100 גרם,false,12,14.90,6.7727,true,1,334399
7290113199620,false,"חטיף שקדים גרעיני דלעת קשיו חמוציות וגרעיני חמניה לל""ס","שקדיה גבע תעשיות בע""",IL,חטיפי שקדיה אנרגי מיקס דלעת קשיו 220 ג,גרמים,220.00,100 גרם,false,12,14.90,6.7727,true,1,334398
7290113199637,false,חטיף בוטנים עם גרעיני דלעת ללא סוכר 220 ג' שקדיה,"שקדיה גבע תעשיות בע""",IL,חטיפי שקדיה אנרגי מיקס שומשום פשתן 220 ג,גרמים,220.00,100 גרם,false,12,14.90,6.7727,true,1,334397
7290113199880,false,טורטיה בתוספת קמח כוסמין ושיבול שועל שקדיה 360 גרם,אקס ולאו,IL,טורטיה טורטילס קמח כוסמין שבולת שועל 360,גרמים,360.00,100 גרם,false,1,10.90,3.0278,true,1,337597
7290113199903,false,סוכריות חמצוצים בטעם תות בננה 180 ג' שקדיה,טופגאם תעשיות ממתקים,IL,סוכריות גומי שקדיה חמצוצים ת.ב180ג קופס,גרמים,180.00,100 גרם,false,12,9.90,5.5000,true,1,334391
7290113199910,false,סוכריות חמצוצים בטעם קולה 180 ג' שקדיה,טופגאם תעשיות ממתקים,IL,סוכריות גומי שקדיה חמצוצים קולה180ג קופס,גרמים,180.00,100 גרם,false,12,9.90,5.5000,true,1,334390
7290113199927,false,סוכריות חמצוצים בטעם פירות 180 ג' שקדיה,טופגאם תעשיות ממתקים,IL,סוכריות גומי שקדיה חמצוצים פירות 180גר,גרמים,180.00,100 גרם,false,12,9.90,5.5000,true,1,334394
7290113199934,false,סוכריות חמצוצים בטעם אוכמניות 180 ג' שקדיה,טופגאם תעשיות ממתקים,IL,סוכריות גומי שקדיה חמצוצים אוכ 180ג קופס,גרמים,180.00,100 גרם,false,12,9.90,5.5000,true,1,334393
7290113242173,false,אלכוגל 4 ליטר,,IL,אלכוגל 4 ליטר,ליטרים,4.00,ליטר,false,4,69.90,17.4750,true,1,325492
7290113286559,false,"כפפות ניטריל S שחורות 100 יח' פרפקט כשל""פ עד""ח",,,כפפות ניטרל שחורות 100יח ל.אבקה סמול,יחידה,100.00,יחידה,false,10,19.90,0.1990,true,1,337225
7290113286566,false,כפפות ניטריל שחורות M ללא אבקה,,,כפפות ניטרל שחורות 100יח ל.אבקה מדיום,יחידה,100.00,יחידה,false,10,19.90,0.1990,true,1,337226
7290113286573,false,כפפות ניטריל שחורות L ללא אבקה,,,כפפות ניטרל שחורות 100יח ל.אבקה לארג,יחידה,100.00,יחידה,false,10,19.90,0.1990,true,1,337227
7290113286580,false,כפפות ניטריל שחורות XL ללא אבקה,,,כפפות ניטרל שחורות 100יח ל.אבקה אקס אל,יחידה,100.00,יחידה,false,10,19.90,0.1990,true,1,337228
7290113288836,false,כפפות ויטריל שחורות s,,CN,כפפות חד פעמי 100יח ניטריטקס סמול שחור,יחידה,100.00,יחידה,false,10,21.90,0.2190,true,1,333504
7290113288843,false,כפפות ניטריל שחורות,,CN,כפפות חד פעמי 100יח ניטריטקס מדיום שחור,יחידה,100.00,יחידה,false,10,21.90,0.2190,true,1,333505
7290113288850,false,"כפפות ניטרקס ויטריל-L שחורות 100 יח' =פרפקט=עד""ח",,CN,כפפות חד פעמי 100יח ניטריטקס לארג שחור,יחידה,100.00,יחידה,false,10,21.90,0.2190,true,1,333506
7290113288867,false,"כפפות ניטרקס ויטריל -XL שחורות 100 יח'=פרפקט=עד""ח",,CN,כפפות חד פעמי 100יח ניטריטקס אקס אל שחור,יחידה,100.00,יחידה,false,10,21.90,0.2190,true,1,333507
7290113289611,false,כפפות ויטריל כחולות,,CN,כפפות חד פעמי 100יח ניטריטקס לארג כחול,יחידה,100.00,יחידה,false,10,21.90,0.2190,true,1,336959
7290113300125,false,בונזו חטיף מקלות בקר,"ביופט- מזון לבע""ח",CN,בונזו מקלות בקר 50 גר,יחידה,1.00,יחידה,false,24,8.90,8.9000,true,1,324275
7290113300149,false,בונזו מקלות כבש 50 ג,,CN,בונזו מקלות כבש 50 גר,יחידה,1.00,יחידה,false,24,8.90,8.9000,true,1,324273
7290113300194,false,פאוצ' להקט עוף ברוטב 85 גר',PPF צ'כיה,FR,פאוץ נתחוני לה קט עם רוטב 85 גר,Unknown,0.00,Unknown,false,28,4.50,0.0000,true,1,324269
7290113453074,false,סוכריות גומי שקדיה ד,טופגאם תעשיות ממתקים,IL,סוכריות גומי שקדיה דובי מוברק 400 גרם,גרמים,400.00,100 גרם,false,12,10.90,2.7250,true,1,332238
7290113453081,false,סוכריות גומי שקדיה ל,טופגאם תעשיות ממתקים,IL,סוכריות גומי שקדיה לב מוברק 400 גרם,גרמים,400.00,100 גרם,false,12,10.90,2.7250,true,1,334199
7290113453111,false,סוכריות גומי שקדיה ד,טופגאם תעשיות ממתקים,IL,סוכריות גומי שקדיה דובדבן מוברק400גרם,גרמים,400.00,100 גרם,false,12,10.90,2.7250,true,1,334201
7290113453166,false,סוכריות גומי שקדיה ב,טופגאם תעשיות ממתקים,IL,סוכריות גומי שקדיה בקבוק קולה 400 גרם,גרמים,400.00,100 גרם,false,12,10.90,2.7250,true,1,332239
7290113453227,false,גומי יין מסוכר ששון הקולה 400 גרם,טופגאם תעשיות ממתקים,IL,סוכריות גומי שקדיה יין מסוכר 400 גרם,גרמים,400.00,100 גרם,false,12,10.90,2.7250,true,1,332235
7290113560055,false,פרודונטקס מי פה טיפול יומי לחניכיים 500,"מאסטרפוד אוסטריה בע""מ",GB,מי פה פרודונטקס 500מל,מיליליטרים,500.00,"100 מ""ל",false,1,29.90,5.9800,true,1,324287
7290113560062,false,"סנסודיין - משחת שיניים להלבנה עדינה משאבה 100 מ""ל",גלקסוסמית'\קליין קונסיומ,GB,מש. שיניים סנסודיין משאבה 100 מל,מיליליטרים,100.00,"100 מ""ל",false,1,27.90,27.9000,true,1,324286
7290113560109,false,פרודונטקס מ.שיניים בטעם צמחי 75 מל,פרודונטקס Parodontax,SK,מש.שיניים פרודונטקס הרבל 75מל,Unknown,0.00,Unknown,false,1,29.90,0.0000,true,1,326046
7290113560277,false,זוג מברשות שיניים רפיד רליף סנסודיין,גלקסוס סמית קליין,GB,מארז 2יח מברשת שינים סנסודיין רפיד רליף,יחידה,2.00,יחידה,false,1,32.90,16.4500,true,1,337032
7290113620780,false,חמאת קשיו מלאה אורגנ,,,חמאת קשיו מלאה אורגנית 300 גר,גרמים,300.00,100 גרם,false,12,39.90,13.3000,true,1,326916
7290113620834,false,חמאת בוטנים אורגנית 300 גרם,,BG,חמאת בוטנים אורגנית 300 גר,גרמים,300.00,100 גרם,false,12,17.90,5.9667,true,1,326913
7290113660182,false,נפנף למנגל ארטוס,Unknown,,נפנף למנגל,יחידה,1.00,יחידה,false,1,3.90,3.9000,true,1,327538
7290113660311,false,פחם אמריקאי גריל גרי,קרקול,ZA,פחם דרום אמריקאי 2קג גריל גריל,קילוגרמים,2.00,"ק""ג",false,1,24.90,12.4500,true,1,334928
7290113660922,false,כפית תה לבן 100 יח,,,כפית תה לבן 100 יח,Unknown,0.00,Unknown,false,1,5.90,0.0000,true,1,318670
7290113661257,false,כוסות חד פעמי שתיה ק,,,כוסות חד פעמי שתיה קרה 180סמק 100יח,יחידה,100.00,יחידה,false,1,8.90,0.0890,true,1,335357
7290113763784,false,סודה סטרים - מכשיר TERRA בצבע שחור,סודה סטרים,,מכשיר סודה סטרים טרה שחור,יחידה,1.00,יחידה,false,1,499.00,499.0000,true,1,336746
7290114151566,false,"שמפו לכל סוגי השיער בוטני 500 מ""ל",אף.סי תבליני בגליל ב,IL,שמפו בונאטי אורגני לכל סוגי השיער 500מל,מיליליטרים,500.00,"100 מ""ל",false,10,22.90,4.5800,true,1,325910
7290114151573,false,"שמפו לשיער רגיל-שמן בוטני 500 מ""ל",אף.סי תבליני בגליל ב,IL,שמפו בונאטי 500מל לשיער רגיל שמן אורגני,מיליליטרים,500.00,"100 מ""ל",false,10,22.90,4.5800,true,1,334287
7290114151580,false,"שמפו לשיער צבוע ויבש מאוד בוטני 500 מ""ל",,IL,שמפו בונאטי אורגני לשיער צבוע ויבש 500מל,מיליליטרים,500.00,"100 מ""ל",false,10,22.90,4.5800,true,1,334286
7290114151597,false,"שמפו לשיער רגיל-יבש בוטני 500 מ""ל",אף.סי תבליני בגליל ב,IL,שמפו בונאטי אורגני לשיער רגיל/יבש 500מל,מיליליטרים,500.00,"100 מ""ל",false,10,22.90,4.5800,true,1,325911
7290114151603,false,"מרכך לכל סוגי השיער בוטני 500 מ""ל",אף.סי תבליני בגליל ב,IL,מרכךבונאטי אורגני לכל סוגי השיער 500מל,מיליליטרים,500.00,"100 מ""ל",false,10,22.90,4.5800,true,1,325912
7290114151610,false,"מרכך לשיער רגיל-שמן בוטני 500 מ""ל",אף.סי תבליני בגליל ב,IL,מרכךבונאטי 500מל לשיער רגיל שמן אורגני,מיליליטרים,500.00,"100 מ""ל",false,10,22.90,4.5800,true,1,334288
7290114151627,false,"מרכך לשיער צבוע ויבש מאוד בוטני 500 מ""ל",,IL,מרכךבונאטי 500מל לשיער צבוע ויבש אורגני,מיליליטרים,500.00,"100 מ""ל",false,10,22.90,4.5800,true,1,334289
7290114151634,false,"מרכך לשיער רגיל-יבש בוטני 500 מ""ל",אף.סי תבליני בגליל ב,IL,מרכךבונאטי 500מל לשיער רגיל ויבש אורגני,מיליליטרים,500.00,"100 מ""ל",false,10,22.90,4.5800,true,1,334290
7290114151641,false,"סבון גוף משפחתי בוטני 500 מ""ל",אף.סי תבליני בגליל ב,IL,סבון גוף בונאטי 500מל קוקוס אלוורה עץ תה,מיליליטרים,500.00,"100 מ""ל",false,10,22.90,4.5800,true,1,334291
7290114151658,false,"סבון גוף לעור יבש בוטני 500 מ""ל",אף.סי תבליני בגליל ב,IL,סבון גוף בונאטי 500מל לעור יבש,מיליליטרים,500.00,"100 מ""ל",false,10,22.90,4.5800,true,1,334292
7290114151665,false,"סבון ידיים שמן קוקוס עץ התה 500 מ""ל",אף.סי תבליני בגליל ב,IL,סבון ידיים בונאטי קוקוס אלוורה עץ 500מל,מיליליטרים,500.00,"100 מ""ל",false,10,19.90,3.9800,true,1,334293
7290114151672,false,"סבון ידיים לעור יבש בוטני 500 מ""ל",אף.סי תבליני בגליל ב,IL,סבון ידיים בונאטי לבנדר 500מל,מיליליטרים,500.00,"100 מ""ל",false,10,19.90,3.9800,true,1,325914
7290114152174,false,"סבון ידיים תפוז/מורינגה/לימון 500 מ""ל",אף.סי תבליני בגליל ב,IL,סבון ידיים בונאטי תפוז לימון 500מל,מיליליטרים,500.00,"100 מ""ל",false,10,19.90,3.9800,true,1,325915
7290114152181,false,סבון גוף תפוז מורינג,אף.סי תבליני בגליל ב,IL,סבון גוף בונאטי אורגני 500מל תפוז לימון,מיליליטרים,500.00,"100 מ""ל",false,10,22.90,4.5800,true,1,325913
7290114152327,false,סבון ידיים אקופרנד 5,אקופרנד,IL,סבון ידיים אקופרנד 500מל טבעי למון גראס,מיליליטרים,500.00,"100 מ""ל",false,1,19.90,3.9800,true,1,334294
7290114152334,false,סבון ידיים צמחי לבנד,אקופרנד,IL,סבון ידיים אקופרנד 500מל טבעי לבנדר,מיליליטרים,500.00,"100 מ""ל",false,1,19.90,3.9800,true,1,334295
7290114152341,false,סבון ידיים צמחי מנדר,אקופרנד,IL,סבון ידיים אקופרנד 500מל טבעי מנדרינה,מיליליטרים,500.00,"100 מ""ל",false,1,19.90,3.9800,true,1,334296
7290114154116,false,"מרכך ללא מלחים בוטני 500 מ""ל",,IL,מרכךבונאטי 500מל ללא מלחים אורגני,מיליליטרים,500.00,"100 מ""ל",false,10,24.90,4.9800,true,1,334297
7290114154130,false,"שמפו ללא מלחים בוטני 500 מ""ל",,IL,שמפו בונאטי 500מל ללא מלחים אורגני,מיליליטרים,500.00,"100 מ""ל",false,10,24.90,4.9800,true,1,334298
7290114291033,false,סט צנטרים אלומיניום,,,סט צנטרים אלומיניום,יחידה,1.00,יחידה,false,1,9.90,9.9000,true,1,328088
7290114310215,false,"שמנת מתוקה 38% רמת הגולן 250 מ""ל ווסטהיים - מוצר בפיקוח",מילקו תעשיות בעמ,IL,שמנת מתוקה 38% עמידה 250 מל***בקבוק,מיליליטרים,250.00,"100 מ""ל",false,1,6.47,2.5880,true,1,322357
7290114310222,false,חלב מועשר בסידן וויטמין Dי 3% 1.5 ל' טרה,מילקו תעשיות בעמ,IL,חלב מועשר בסידן וויטמין די 1.5ליטר,מיליליטרים,1500.00,"100 מ""ל",false,6,12.90,0.8600,true,1,322938
7290114310239,false,חלב נטול לקטוז מועשר בוויטמין D י 2% 1.5 ל' טרה,מילקו תעשיות בעמ,IL,חלב נטול לקטוז מועשר וויטמין די 1.5ליטר,מיליליטרים,1500.00,"100 מ""ל",false,6,12.90,0.8600,true,1,322939
7290114310246,false,גרנה פדנו צ'אנק משק צוריאל 125 גרם,מחלבת משק צוריאל,IL,גבינת גרנה פדנו צאנק 125גר צוריאל,גרמים,125.00,100 גרם,false,20,19.90,15.9200,true,1,326798
7290114310253,false,גרנה פדנו מגורדת משק צוריאל 100 גרם,מחלבת משק צוריאל,IL,גבינת גרנה פדנו מגורדת 100גר צוריאל,גרמים,100.00,100 גרם,false,15,12.90,12.9000,true,1,326799
7290114310338,false,צפתית מעודנת 5% בגביע 225 גרם משק צוריאל,מחלבת משק צוריאל,IL,גבינה צפתית מעודנת 5% 225גר צוריאל,גרמים,225.00,100 גרם,false,1,18.90,8.4000,true,1,327046
7290114310345,false,מעדן יוגורט בטעם תות 1.5% 125 גרם טרה,מילקו תעשיות בעמ,IL,מעדן מוו יוגורט בטעם תות 1.5% 125 גרם,גרמים,125.00,100 גרם,false,1,2.90,2.3200,true,1,324750
7290114310369,false,יוגורט מולר תות אננס,מילקו,IL,יוגורט מולר הוואן תות אננס 120גר,מיליליטרים,120.00,"100 מ""ל",false,1,5.50,4.5833,true,1,328989
7290114310482,false,נעם פרוס בטעם מעושן200ג,מילקו תעשיות בעמ,IL,גבינת נעם מעושנת 200 גרם,גרמים,200.00,100 גרם,false,1,22.90,11.4500,true,1,327996
7290114310499,false,מולר מיקס פקאן מצופה185ג,טרה,IL,יוגורט מולר מיקס פקאן סיני מצופה 170גר,גרמים,170.00,100 גרם,false,1,6.00,3.5294,true,1,326145
7290114310505,false,מולר מיקס תות קורנפל185ג,טרה,IL,יוגורט מולר מיקס תות קורנפלקס 170גר,גרמים,170.00,100 גרם,false,1,6.00,3.5294,true,1,326146
7290114310536,false,יוגורט לייט מעושר חלבון 25 גרם חלבון וניל MULLER ACTIVE,מולר Muller,IL,יוגורט מולר אקטיב מעושר חלבון 25גר וניל,גרמים,200.00,100 גרם,false,24,6.00,3.0000,true,1,326726
7290114310543,false,יוגורט לייט מולר אקטיב 25 גר' חלבון בטעם קפוצ'ינו 200 גר',מילקו,IL,יוגורט מולר אקטיב מעושר חלבון 22גר קפוצי,גרמים,200.00,100 גרם,false,24,6.00,3.0000,true,1,326727
7290114310550,false,גבינת פטה עיזים מעודנת 5% משק צוריאל 200 גרם,מחלבת משק צוריאל,IL,גבינת פטה עיזים מעודנת 5% 200 גרם צוריאל,גרמים,200.00,100 גרם,false,1,26.90,13.4500,true,1,327991
7290114310567,false,לאבנה עיזים 5% שומן 200 גרם,מחלבת משק צוריאל,IL,לאבנה עיזים 200 גרם 5% צוריאל,גרמים,200.00,100 גרם,false,1,14.90,7.4500,true,1,327993
7290114310574,false,גבינת קרם שמנת עיזים 5% 200 גרם צוריאל,מחלבת משק צוריאל,IL,גבינת קרם שמנת עיזים 5% 200גר צוריאל,גרמים,200.00,100 גרם,false,1,14.90,7.4500,true,1,327992
7290114310611,false,"משקה חלב בננה בבקבוק פקק ספורט טרה 250 מ""ל",מילקו תעשיות בעמ,IL,משקה חלב בננה 250מל טרה בקבוק,מיליליטרים,250.00,"100 מ""ל",false,1,5.90,2.3600,true,1,327994
7290114310628,false,משקה חלב וניל ועוגיות בקבוק 1 ליטר,מילקו תעשיות בעמ,IL,משקה חלב וניל עוגיות 1 ליטר,ליטרים,1.00,ליטר,false,1,12.90,12.9000,true,1,327698
7290114310673,false,גבינת לאבנה 9% 250 גרם,Unknown,IL,לאבנה 250 גר 9% שומן נעם,גרמים,250.00,100 גרם,false,,13.90,5.5600,true,1,327386
7290114310895,false,"סימפלי פרוט יוגורט עם מנגו תות, שמיניה 8 * 150 גרם",מולר Muller,IL,מאגדת מולר סימפלי פרוט מנגו תות 8יח,קילוגרמים,1.20,"ק""ג",false,1,29.90,24.9167,true,1,332165
7290114310918,false,גבינת קוטג 5% מועשר,Unknown,IL,גבינת קוטג 5% מועשר 250 גרם ווסטהיים,גרמים,250.00,100 גרם,false,1,6.00,2.4000,true,1,329419
7290114310932,false,יוגורט תפוז רימון3% 150ג,Unknown,IL,מעדן מולר פרופ תפוז רימון 150גר,מיליליטרים,150.00,"100 מ""ל",false,1,5.30,3.5333,true,1,332163
7290114310949,false,יוג.מולר תפוח קינמון150ג,טרה,IL,מעדן מולר פרופ תפוח קינמון 150גר,מיליליטרים,150.00,"100 מ""ל",false,1,5.30,3.5333,true,1,332164
7290114310963,false,יוגורט מחלב עיזים מלא כ3.8% שומן מועשר 500 גר',מחלבת משק צוריאל,IL,יוגורט עיזים 500 גרם בדלי 3.7%שומן,גרמים,500.00,100 גרם,false,1,15.90,3.1800,true,1,335427
7290114311007,false,יוגורט מולר מיקס טופ,טרה,,יוגורט מולר מיקס טופ דגנים וכריות נוגט,גרמים,170.00,100 גרם,false,1,6.00,3.5294,true,1,332206
7290114311014,false,"משקה חלב אייס קפוצ'ינו פקק ספורט טרה 250 מ""ל",מילקו תעשיות בעמ,IL,משקה חלב אייס קפוצינו 250מל טרה בקבוק,מיליליטרים,250.00,"100 מ""ל",false,1,5.90,2.3600,true,1,335311
7290114311021,false,"משקה חלב וניל עוגיות פקק ספורט טרה 250 מ""ל",Unknown,IL,משקה חלב וניל עוגיות 250מל טרה בקבוק,מיליליטרים,250.00,"100 מ""ל",false,1,5.90,2.3600,true,1,335312
7290114311052,false,יוגורט0%סימפלי מנדרינ150,מילקו תעשיות בעמ,IL,מעדן מולר מנדרינה 0% סימפלי פרויט 150ג,גרמים,150.00,100 גרם,false,1,5.50,3.6667,true,1,334556
7290114311069,false,יוגורט לבן מועשר בחלבון 0% שומן 200 גרם muller active,מולר Muller,IL,מעדן מולר אקטיב 25גר חלבון 0% שומן200גר,גרמים,200.00,100 גרם,false,24,5.90,2.9500,true,1,334617
7290114311076,false,"חמאת מולר צהובה עם שום, 200 גרם",מולר Muller,IL,חמאה מולר עם שום 200גר,גרמים,200.00,100 גרם,false,1,11.90,5.9500,true,1,335690
7290114311083,false,חמאת מולר צהובה במליחות מעודנת 200 גרם,מילקו,IL,חמאה מולר עם מלח 200גר,גרמים,200.00,100 גרם,false,1,11.90,5.9500,true,1,335689
7290114311106,false,מולר נטורל גרנו+סילאן177,Unknown,IL,יוגורט מולר נטורל עם גרנולה וסילאן 177גר,גרמים,177.00,100 גרם,false,12,6.90,3.8983,true,1,333873
7290114311144,false,מה עז 9% שום שמיר150 גרם,מחלבת משק צוריאל,IL,גבינת עיזים מה עז שום שמיר 150גר 9%שומן,גרמים,150.00,100 גרם,false,1,24.90,16.6000,true,1,335316
7290114311151,false,גבינת עיזים מה עז כמ,מחלבת משק צוריאל,IL,גבינת עיזים מה עז כמהין 150גר 9%שומן,גרמים,150.00,100 גרם,false,1,24.90,16.6000,true,1,335315
7290114311168,false,גבינת נעם טעם כמהין,מילקו תעשיות בעמ,IL,גבינת נעם טעם כמהין 200 גרם,גרמים,200.00,100 גרם,false,1,22.90,11.4500,true,1,335313
7290114311298,false,יוגורט מולר פרופ בטעם תות בננה מלון 150,מולר Muller,IL,יוגורט מולר פרופ תות בננה מלון 150גר,גרמים,150.00,100 גרם,false,1,5.30,3.5333,true,1,336725
7290114311304,false,יוגורט קציפת מנגו פסיפלורה בננה 150 ג' מולר,מולר Muller,IL,יוגורט מולר פרופ מנגו פסיפלורה בננה 150ג,גרמים,150.00,100 גרם,false,1,5.30,3.5333,true,1,336724
7290114311328,false,חלב מועשר דל לקטוז מעושר בויטמין Dי 2% שומן טרה 1 ליטר,ג'י.אר.אמ.גרופו אלימ,IL,חלב דל לקטוז מועשר בויטמין די 1 ליטר,ליטרים,1.00,ליטר,false,1,8.20,8.2000,true,1,336797
7290114311359,false,יוגורט עם קציפת מנגו 3% שומן פרופ 150 ג' מולר,מולר Muller,IL,יוגורט מולר פרופ קציפת מנגו 150גר,גרמים,150.00,100 גרם,false,1,5.30,3.5333,true,1,336726
7290114311434,false,מולר אקטיב יוגורט חלבון קרמל מלוח 200 גרם,מולר Muller,IL,יוגורט מולר אקטיב 20גר חלבון קרמל מלוח,גרמים,200.00,100 גרם,false,24,6.00,3.0000,true,1,337739
7290114311441,false,מולר אקטיב יוגורט חלבון עוגיות חמאה 200 גרם,מולר Muller,IL,יוגורט מולר אקטיב 20גר חלבון עוגיות חמאה,גרמים,200.00,100 גרם,false,24,6.00,3.0000,true,1,337740
7290114311458,false,קרטון חלב 3% מועשר ויטמין די 1ליטר,Unknown,IL,חלב מועשר וויטמין די 1ליטר קרטון 3%שומן,ליטרים,1.00,ליטר,false,1,8.20,8.2000,true,1,337183
7290114311502,false,משקה חלב בטעם סחלב בבקבוק 1 ליטר,מילקו תעשיות בעמ,IL,משקה חלב טעם סחלב 1ליטר בקבוק,ליטרים,1.00,ליטר,false,1,12.90,12.9000,true,1,337738
7290114600750,false,קו-קווים חטיף אפוי עם גבינת פקורינו - חלבי,הדקלאים אגודת שיתופי,IT,חטיף פריי רור ווים עם פיקורינו 150 גרם,גרמים,150.00,100 גרם,false,12,11.90,7.9333,true,1,323414
7290114600767,false,קו-קווים חטיף אפוי עם זיתים ועגבניות,הדקלאים אגודת שיתופי,IT,חטיף פריי קו קווים עגבניות זיתים 150 גרם,גרמים,150.00,100 גרם,false,12,11.90,7.9333,true,1,323415
7290114600774,false,קו-קווים חט.אפוי+רוזמ150,הדקלאים אגודת שיתופי,IT,חטיף פריי קו קווים רוזמרין 150 גרם,גרמים,150.00,100 גרם,false,12,11.90,7.9333,true,1,323416
7290114600927,false,עלי טורטייה חיטה מלאה מאסטר שף 320 גרם,אלקאטי קורביישיסי גי,ES,עלי טורטיה חיטה מלאה 8 יח 320 גר,גרמים,320.00,100 גרם,false,1,10.90,3.4063,true,1,324761
7290114600989,false,"רוטב אלף האיים מאסטר שף 250 מ""ל",קפה לנדוור,NL,רוטב אלף האיים מאסטר שף 257 גרם,גרמים,257.00,100 גרם,false,6,9.90,3.8521,true,1,325169
7290114600996,false,"רוטב שום מאסטר שף 250 מ""ל",קפה לנדוור,NL,רוטב שום מאסטר שף 256 גרם,גרמים,256.00,100 גרם,false,6,9.90,3.8672,true,1,325168
7290114602648,false,פרי 97% פרי תפוח וקינמון קראנצ,שסטוביץ,IL,חטיף פרי תפוח עץ וקינמון קראנצ 22 גר,יחידה,1.00,יחידה,false,1,5.90,5.9000,true,1,326234
7290114602655,false,חטיף פרי תפוח עץ ומנ,,PL,חטיף פרי תפוח עץ ומנגו קראנצ 22 גר,יחידה,1.00,יחידה,false,1,5.90,5.9000,true,1,326235
7290114602778,false,פרי סלייסים צ'יפס ירקות שורש 90 גרם,פלפר אפרטיבוס,ES,חטיף פרי סליסים ציפס ירקות שורש 90 גרם,Unknown,0.00,Unknown,false,10,12.90,0.0000,true,1,329458
7290114602785,false,פרי סלייסים צ'יפס בננה מלוח 90 גרם,פלפר אפרטיבוס,ES,חטיף פרי סליסים ציפס בננה מלוח 90 גרם,Unknown,0.00,Unknown,false,14,12.90,0.0000,true,1,329457
7290114602952,false,קרקר פריך מיניס אפונה120,אפיפית,IL,קרקר מיניס פריי פריך מאפונה 120 גרם,גרמים,120.00,100 גרם,false,12,11.90,9.9167,true,1,326169
7290114603034,false,"פרי גרנולה אגוזים צימוקים וחמוציות, 300 ג'","אפקט טבעי בע""מ",IL,גרנולה פרי אגוז צימוק וחמוציות 300 גרם,גרמים,300.00,100 גרם,false,15,14.90,4.9667,true,1,326168
7290114603041,false,פרי גרנולה בוטנים אגוזים וקוקוס חלבון .,"אפקט טבעי בע""מ",IL,רוטב קארי ירוק מאסטר שף 340 גרם,גרמים,300.00,100 גרם,false,15,14.90,4.9667,true,1,326167
7290114603492,false,רוטב סויה מאסטר שף 1,,TH,רוטב סויה מאסטר שף 100 מל,מיליליטרים,100.00,"100 מ""ל",false,50,4.90,4.9000,true,1,328238
7290114603508,false,"רוטב להקצפה מאסטר שף 300 מ""ל",סיטי פוד,TH,רוטב להקפצה מאסטר שף 300 מל,מיליליטרים,300.00,"100 מ""ל",false,12,9.90,3.3000,true,1,324762
7290114603522,false,מאסטר שף רוטב קארי ירוק 340 גרם,תאי סופרים,TH,רוטב קארי ירוק מאסטר שף 340 גרם,גרמים,340.00,100 גרם,false,12,14.90,4.3824,true,1,326166
7290114603539,false,קרוטונים למרק שום בצל מאסטר שף 350 גרם,"עינת תעשיות מזון, אגשח ב",IL,קרוטונים למרק מאסטר שף שום בצל 350 גרם,גרמים,350.00,100 גרם,false,12,19.90,5.6857,true,1,324754
7290114603553,false,מאסטר שף עגבניות חתוכות גס 800 גרם,פראנו אנריקו ופיגלי,IT,עגבניות חתוכות מאסטר שף 800 גרם,גרמים,800.00,100 גרם,false,12,8.90,1.1125,true,1,326823
7290114603584,false,פוף פליי טעם גריל 40 גר,מנה,IL,חטיף מנה פוף טעם גריל 40 גר,Unknown,0.00,Unknown,false,1,3.90,0.0000,true,1,323419
7290114603591,false,PLAY חטיף פוף בטעם קטשופ 40 גרם,מנה,IL,חטיף מנה פוף טעם קטשופ 40 גר,Unknown,0.00,Unknown,false,1,3.90,0.0000,true,1,323420
7290114603607,false,PLAY חטיף פוף בטעם חמוץ חריף 40 גרם,מנה,,חטיף מנה פוף טעם חמוץ חריף 40 גר,Unknown,0.00,Unknown,false,1,3.90,0.0000,true,1,323421
7290114603768,false,"מארז אג'קס כלורון נוזל לניקוי אסלות 750 מ""ל*2 יח'",קולגייט פלמוליב,FR,מארז 2יח אגקס שירותים 750מל,מיליליטרים,500.00,"100 מ""ל",false,6,24.90,4.9800,true,1,323404
7290114604857,false,"דפי אורז מאסטר שף קוטר 22 ס""מ 400 גרם",לוק הונג טריידינג פר,VN,דפי אורז עגול מאסטר שף 22 סמ 400 גרם,גרמים,400.00,100 גרם,false,24,13.90,3.4750,true,1,326810
7290114604864,false,קוסקוס סולת דק מאסטר שף 350 גרם,דוידוביץ,IL,קוסקוס סולת דק מאסטר שף 340 גר,גרמים,340.00,100 גרם,false,24,5.90,1.7353,true,1,326824
7290114604871,false,קוסקוס סולת בינוני מאסטר שף 350 גרם,דוידוביץ,IL,קוסקוס סולת בינוני מאסטר שף 340 גר,גרמים,340.00,100 גרם,false,24,5.90,1.7353,true,1,326825
7290114604895,false,מאסטר שף ממרח לחיץ ספייסי לחיץ 446 גרם,מאסטר שף,NL,ממרח מיונז ספייסי לחיץ מאסטר שף 446 גרם,גרמים,446.00,100 גרם,false,6,12.90,2.8924,true,1,328365
7290114604925,false,"מאסטר שף אסייאתי קרם קוקוס לייט 400 מ""ל","תאי קוקונאט חברה בע""",TH,קרם קוקוס לייט מאסטר שף 400 מל,מיליליטרים,400.00,"100 מ""ל",false,24,8.90,2.2250,true,1,331853
7290114604932,false,רוטב ברביקיו דבש מאסטר שף 520 גרם,רמיה סי.וי. הולנד,NL,רוטב ברביקיו דבש מאסטר שף 520 גרם,גרמים,520.00,100 גרם,false,1,12.90,2.4808,true,1,328371
7290114604949,false,מאסטר שף רוטב ברביקיו 524 גרם,רמיה סי.וי. הולנד,NL,רוטב ברביקיו מאסטר שף 524 גרם,גרמים,524.00,100 גרם,false,1,12.90,2.4618,true,1,328370
7290114604963,false,פירורי לחם מתובלים מאסטר שף 230 גרם,מאסטר שף,IL,פירורי לחם מתובלים מאסטר שף 230 גרם,גרמים,230.00,100 גרם,false,1,7.90,3.4348,true,1,326809
7290114605342,false,פירסט סמייל רפידות הנקה גודל מדיום 110,צאנזו שאנג קאר פרודק,CN,רפידות הנקה פירסט סמייל גודל מדיום 50יח,יחידה,50.00,יחידה,false,24,27.90,0.5580,true,1,328620
7290114605533,false,משטח חיתוך חד פעמי 30 יח' קוקי,,CN,משטח חיתוך חד פעמי קוקי,יחידה,1.00,יחידה,false,16,19.90,19.9000,true,1,334802
7290114605557,false,נייר עטיפה לסנדוויץ קוקי 80 יח',פישל,IL,נייר עטיפה לסנדוויץ קוקי 80יח 30/40סמ,יחידה,80.00,יחידה,false,15,12.90,0.1613,true,1,327449
7290114605571,false,קוקי תבניות נייר מתקפלות,כרמל פרנקל,CN,תבניות אפיה מתקפלות קוקי 5יח 9/31סמ,יחידה,5.00,יחידה,false,28,10.90,2.1800,true,1,327448
7290114606554,false,מיונז מופחת קלוריות בקבוק לחיץ,מאסטר שף,NL,מיונז מאסטר שף לייט לחיץ הולנדי 470 גרם,גרמים,470.00,100 גרם,false,1,12.90,2.7447,true,1,328369
7290114606578,false,שקדי מרק מאסטר שף 400 גרם,שסטוביץ,IL,שקדי מרק מאסטר שף 400 גר,גרמים,400.00,100 גרם,false,12,10.90,2.7250,true,1,329455
7290114607391,false,"קולגייט משחת לילדים ברבי 2-5 שנים, 75 מ""ל",קולגייט פלמוליב,PL,משחת שיניים קולגייט ילדים ברבי 75מל,Unknown,0.00,Unknown,false,12,15.90,0.0000,true,1,329211
7290114608060,false,ליידי ספיד סטיק מארז זוג סטיק אלוורה,,US,מארז 2יח דאוד. ספיד סטיק אלוורה 45גר,Unknown,0.00,Unknown,false,6,23.90,0.0000,true,1,327454
7290114608169,false,פרי גרנולה קפה וקקאו עם אגוזים 300 גרם,"אפקטבעי בע""מ",IL,גרנולה פריי קפה קקאו ואגוז 300 גרם,גרמים,300.00,100 גרם,false,15,14.90,4.9667,true,1,333223
7290114608640,false,קרוטונים לסלט כוסמין מאסטר שף 260 גרם,עינת תעשיות מזון אגו,IL,קרוטונים לסלט מאסטר שף כוסמין 260 גרם,גרמים,260.00,100 גרם,false,12,19.90,7.6538,true,1,329452
7290114608688,false,פירורי לחם מתובלים מ,EinatFood,IL,פירורי לחם מתובלים מאסטר שף 480 גרם,גרמים,480.00,100 גרם,false,1,10.90,2.2708,true,1,334176
7290114750813,false,דאו גילט קליר גל Cool Wave מארז זוג לגברלגבר,פרוקטר אנד גמבל,GB,דאודורנט גילט קליר גל 2יח קול וואייב,יחידה,2.00,יחידה,false,3,26.90,13.4500,true,1,336674
7290114821469,false,כבד דג שיבוט מעושן במיץ טבעי אופיסר 120 גרם,אופיסר Officer,IS,כבד דג שיבוט אופיסר במיץ טבעי 120 גר,גרמים,120.00,100 גרם,false,12,13.90,11.5833,true,1,326760
7290115073676,false,מסכה לפנים חד פעמי 50 יח צבעוניות,שמחה זה אנחנו,CN,מארז 50יח מסכות פנים צבעוניות שחורות,יחידה,50.00,יחידה,false,1,10.90,0.2180,true,1,325165
7290115077131,false,מסכות ילדים צבעוני מעורב 40 יח',מ.פאנג,CN,מארז 40יח מסכות פנים צבעוניות לילדים,יחידה,40.00,יחידה,false,1,10.90,0.2725,true,1,325499
7290115200003,false,פתי בר פינוקי וניל אסם 220 גרם,תאי פרזידנט פוד פאבל,PL,פתי בר פינוקי וניל 220 גרם,גרמים,220.00,100 גרם,false,1,10.90,4.9545,true,1,324973
7290115200027,false,אסם פתי בר פינוקים שוקו 220 גרם,קריות זול,PL,פתי בר פינוקי שוקו 220 גרם,גרמים,220.00,100 גרם,false,1,10.90,4.9545,true,1,324974
7290115200188,false,אוסם - מרק נמס עגבניות פיקנטי 25 גרם * 2,"אסם תעשיות בע""מ",IL,זוג מרק נמס אוסם עגבניות פיקנטי 40 גר,Unknown,0.00,Unknown,false,1,6.00,0.0000,true,1,325594
7290115200782,false,פיתות פרימיום נאפה במקום - מארז 5 יח',בונז'ור,,מארז 5 פיתות בונזור,Unknown,0.00,Unknown,false,1,8.90,0.0000,true,1,323338
7290115200829,false,חטיף ביסלי מיקס בלאג,פרו מן יו פתרונות אר,IL,חטיף ביסלי מיקס בלאגן 150 גר,גרמים,150.00,100 גרם,false,1,9.10,6.0667,true,1,333779
7290115200928,false,ביסלי קראנצ' מיקס 150 גר',פרו מן יו פתרונות אר,IL,חטיף ביסלי מיקס קראנץ 150 גר,גרמים,150.00,100 גרם,false,1,9.10,6.0667,true,1,333778
7290115201031,false,אסם פתי בר דובי שוקולד 175 גרם,טרופיקל דגיל תעשיות,PL,פתי בר דובי שוקולד 175 גרם,גרמים,175.00,100 גרם,false,1,10.90,6.2286,true,1,327818
7290115201239,false,רוסטיק דגנים 240 גרם,בונז'ור,,בגט רוסטיק דגנים,Unknown,0.00,Unknown,false,1,9.90,0.0000,true,1,324086
7290115201253,false,לחם מחמצת עם קמח מלא וסובין,בונז'ור,,לחם מחמצת קמח מלא וסובין,Unknown,0.00,Unknown,false,1,17.90,0.0000,true,1,324087
7290115201277,false,בונזור לחם מחמצת עם בצלים 550 ג',בונז'ור,,לחם מחמצת עם בצלים,Unknown,0.00,Unknown,false,1,17.90,0.0000,true,1,324090
7290115201291,false,בונזור לחם מחמצת כפרי עם שיפון 640 ג',בונז'ור,,לחם מחמצת כפרי שיפון,Unknown,0.00,Unknown,false,1,17.90,0.0000,true,1,324089
7290115201338,false,בונזור לחם מחמצת כפרי עם חמוציות 550 ג',בונז'ור,,לחם מחמצת כפרי חמוציות,Unknown,0.00,Unknown,false,1,17.90,0.0000,true,1,324088
7290115201451,false,טבעול גורמה לביבות בטטה קארי 455 גרם,טבעול )מקבוצת אסם השקעות,IL,ארוחת לביבות בטטה קארי טבעול גורמה 455גר,גרמים,455.00,100 גרם,false,6,32.90,7.2308,true,1,334639
7290115201475,false,טבעול גורמה לביבות כרישה 434 גרם,טבעול )מקבוצת אסם השקעות,IL,ארוחת לביבות כרישה טבעול גורמה 434גר,גרמים,434.00,100 גרם,false,6,32.90,7.5806,true,1,334640
7290115201536,false,"טבעול גורמה לביבות כרובית ותפו""א 442 גרם",טבעול )מקבוצת אסם השקעות,IL,ארוחת לביבות כרובית תפוא טבעול גורמה442ג,גרמים,442.00,100 גרם,false,6,32.90,7.4434,true,1,334641
7290115201680,false,ביסלי בטעם ברביקיו אסם 70 גרם,"אסם השקעות בע""\מ",IL,חטיף ביסלי ברביקיו70גרם,Unknown,0.00,Unknown,false,1,4.50,0.0000,true,1,325673
7290115201703,false,ביסלי ברביקיו גדול אסם 200 גרם,מיוצר עי קונדיטוריית,IL,חטיף ביסלי ברביקיו 200 גרם,גרמים,200.00,100 גרם,false,1,9.10,4.5500,true,1,325671
7290115201727,false,ביסלי חטיף בטעם בצל אסם 200 גרם,מיוצר עי קונדיטוריית,IL,חטיף ביסלי בצל 200 גרם,גרמים,200.00,100 גרם,false,1,9.10,4.5500,true,1,325670
7290115201741,false,ביסלי בטעם בצל אסם 70 גרם,"אסם השקעות בע""\מ",IL,חטיף ביסלי בצל 70גרם,Unknown,0.00,Unknown,false,1,4.50,0.0000,true,1,325672
7290115201864,false,במבה נוגט אינסייד אאוט60,מיוצר עי קונדיטוריית,IL,חטיף במבה נוגט אינסייד אאוט 60 גרם,גרמים,60.00,100 גרם,false,1,5.00,8.3333,true,1,333776
7290115202212,false,טבעול גורמה לביבות סלק 434 גרם,טבעול )מקבוצת אסם השקעות,IL,ארוחת לביבות סלק טבעול גורמה 434גר,גרמים,434.00,100 גרם,false,6,32.90,7.5806,true,1,334642
7290115202236,false,טופו קראנצ'ים טבעול 470 גרם,עיצובים 2020 (4.8),IL,טבעול טופו קראנצים 470גר,גרמים,470.00,100 גרם,false,6,32.90,7.0000,true,1,329092
7290115202434,false,צבר סלט חומוס עם זעתר 375 גרם,ג'נרל מילס סאן אדריא,IL,סלט חומוס עם זעתר 375גר צבר,גרמים,375.00,100 גרם,false,1,12.90,3.4400,true,1,327317
7290115202687,false,חומוס עם חריף חדש צבר 3,ג'נרל מילס סאן אדריא,IL,סלט חומוס עם חריף 375גר צבר,גרמים,375.00,100 גרם,false,1,12.90,3.4400,true,1,327318
7290115202939,false,מנה חמה רייס נודלס עוף פטריות אסם 50 גרם,מיוצר עי קונדיטוריית,TH,מנה חמה רייס נודלס עוף פטריות 50 גר,Unknown,0.00,Unknown,false,12,8.50,0.0000,true,1,333464
7290115202953,false,אוסם - מנה חמה רייס נודלס קארי צהוב 55 גרם,מיוצר עי קונדיטוריית,TH,מנה חמה רייס נודלס קארי צהוב 55 גר,Unknown,0.00,Unknown,false,12,8.50,0.0000,true,1,333466
7290115203134,false,פופקו פופקורן במבה - פופקורן בציפוי קרמל ובוטנים,"אסם השקעות בע""\מ",IL,פופקו פופקורן במבה80 ג,Unknown,0.00,Unknown,false,1,5.60,0.0000,true,1,328336
7290115203172,false,במבה PRO מכיל 18 גרם חלבון בשקית,"אסם השקעות בע""\מ",IL,חטיף במבה פרו 80 גרם,Unknown,0.00,Unknown,false,1,5.00,0.0000,true,1,336719
7290115203295,false,פרפקטו פסטה ריציאולי מהדורה 12*500גרם,אסם פרפקטו Perfecto,IT,פסטה פרפקט ריציאולי 500 גרם,גרמים,500.00,100 גרם,false,1,10.90,2.1800,true,1,327811
7290115203608,false,אסם אינסטנט פודינג שוקולד לבן 80גרם,"אסם השקעות בע""\מ",IL,אינסטנט פודינג שוקולד לבן אסם 80 גר,גרמים,80.00,100 גרם,false,1,6.00,7.5000,true,1,327812
7290115203806,false,"רוטב בסיס לבישול אסם 290 מ""ל","אסם השקעות בע""\מ",IL,רוטב בסיס אוסם 290 מל,מיליליטרים,290.00,"100 מ""ל",false,1,13.90,4.7931,true,1,332153
7290115203905,false,מיני פיתה כוסמין עשירייה בונג'ור 550 ג',בונז'ור,,מארז 10 יח פיתה כוסמין מיני,יחידה,10.00,יחידה,false,1,16.90,1.6900,true,1,333074
7290115204018,false,מנה חמה איטלקי פסטה בסגנון אלפרדו 60 ג' אסם,"אסם תעשיות בע""מ",IL,מנה חמה אסם פסטה אלפרדו 60 גר,Unknown,0.00,Unknown,false,1,6.90,0.0000,true,1,337600
7290115204056,false,"קטשופ מופחת סוכר אסם 690 גרם כשל""פ","אסם תעשיות בע""מ",IL,קטשופ אוסם 56%פחות סוכר 690 גר,גרמים,690.00,100 גרם,false,1,10.90,1.5797,true,1,328091
7290115204131,false,סחוג ירוק המעדנייה ש,פרסקו,IL,סחוג ירוק 190גר צבר,גרמים,190.00,100 גרם,false,6,11.90,6.2632,true,1,334089
7290115204155,false,צבר סחוג אדום 6*190גרם חדש,פרסקו,IL,סחוג אדום 190גר צבר,גרמים,190.00,100 גרם,false,6,11.90,6.2632,true,1,334087
7290115204186,false,פסטו המעדינה של צבר,פרסקו,IL,ממרח פסטו 190גר צבר,גרמים,190.00,100 גרם,false,6,15.90,8.3684,true,1,334085
7290115204247,false,ממרח עגבניות מיובשות 190 ג' צבר,פרסקו,IL,ממרח עגבניות מיובשות 190גר צבר,גרמים,190.00,100 גרם,false,6,15.90,8.3684,true,1,334086
7290115204261,false,אריסה חריפה המעדנייה,פרסקו,IL,אריסה 190גר צבר,גרמים,190.00,100 גרם,false,6,11.90,6.2632,true,1,334088
7290115204636,false,קטשופ אוסם לפיצה 690,"אסם תעשיות בע""מ",IL,קטשופ אוסם לפיצה 690 גרם,גרמים,690.00,100 גרם,false,1,11.90,1.7246,true,1,332154
7290115205022,false,אוסם - שקדי מרק מקלונים 350 גרם,"אסם תעשיות בע""מ",IL,שקדי מרק מקלונים 350 גר,גרמים,350.00,100 גרם,false,1,11.90,3.4000,true,1,332152
7290115205176,false,פיטנס - קרקר דק כפרי פיטנס 140 גרם,נסטלה Nestle,IL,קרקר פיטנס דק כפרי 140 גרם,גרמים,140.00,100 גרם,false,1,11.90,8.5000,true,1,332533
7290115205251,false,פריכיות קרמל מלוח פיטנס בר 84 גרם,פרח תעשיות,IL,פריכיות פיטנס בר קרמל מלוח 84 גר,Unknown,0.00,Unknown,false,1,12.90,0.0000,true,1,337194
7290115205312,false,קרקר פיטנס דק עם זיתי קלמטה ועשבי תיבול,"אסם השקעות בע""\מ",IL,קרקר פיטנס דק זיתים 140 גרם,גרמים,140.00,100 גרם,false,1,11.90,8.5000,true,1,335268
7290115205435,false,לאבנה עם חציל על האש220ג,מחלבת כפר תבור ומפעל צבר,IL,לאבנה עם חציל על האש 220גר צבר,גרמים,220.00,100 גרם,false,6,15.90,7.2273,true,1,334109
7290115205480,false,לאבנה+פלפל ח+ג.חומוס220ג,מחלבת כפר תבור ומפעל צבר,IL,לאבנה עם פלפל חריף וגרגרי חומוס220גר צבר,גרמים,220.00,100 גרם,false,6,15.90,7.2273,true,1,334110
7290115205503,false,צבר לאבנה עם קרם פלפ,מחלבת כפר תבור ומפעל,IL,לאבנה עם קרם פלפלים 220גר צבר,גרמים,220.00,100 גרם,false,6,15.90,7.2273,true,1,334111
7290115205619,false,פתי בר פינוקי עוגת גבינה אסם 220 גרם,"gerard D\""R",PL,פתי בר פינוקי עוגת גבינה 220 גרם,גרמים,220.00,100 גרם,false,1,10.90,4.9545,true,1,335269
7290115205695,false,אסם בונזור בצק מצונן לפיצה 460 גרם,נסטלה סוויס )שוויץ(,CH,בצק מצונן לפיצה 460גר בונזור,גרמים,460.00,100 גרם,false,10,18.90,4.1087,true,1,334250
7290115205718,false,אסם בונזור בצק מצונן עלים 230 גרם,נסטלה סוויס )שוויץ(,CH,בצק עלים מצונן 230גר בונזור,גרמים,230.00,100 גרם,false,10,14.90,6.4783,true,1,334251
7290115205930,false,חטיף במבה פופקו מיקס,"אסם תעשיות בע""מ",IL,חטיף במבה פופקו מיקס 100 גרם,גרמים,150.00,100 גרם,false,1,10.90,7.2667,true,1,332158
7290115205978,false,פתיבר ואצבעות שוקולד 180 גרם - רבנות,"t\ד""\ר ג'\רארד בע""\מn\",PL,פתי בר אצבעות שוקולד 180 גרם,גרמים,180.00,100 גרם,false,1,10.90,6.0556,true,1,334383
7290115206135,false,"טבעול גורמה ארוחת קינואה, 450 גרם",טבעול (מקבוצת אסם הש,IL,ארוחת קינואה טבעול גורמה 450גר,גרמים,450.00,100 גרם,false,8,32.90,7.3111,true,1,334638
7290115206333,false,אסם עוגיות מיני שוקוציפס 225 גר,"t\אסם השקעות בע""\מ",IL,עוגיות מיני שוקוציפס 225 ג,גרמים,225.00,100 גרם,false,1,11.00,4.8889,true,1,334382
7290115206708,false,חטיף במבה נוגט אינסי,"אסם תעשיות בע""מ",IL,חטיף במבה נוגט אינסייד אאוט 130 גר,גרמים,130.00,100 גרם,false,1,10.90,8.3846,true,1,333777
7290115206852,false,ביסלי צ'יזי סטיקס חדש 70 ג אסם,"אסם השקעות בע""\מ",IL,חטיף ביסלי ציז סטיקס 70 גרם,Unknown,0.00,Unknown,false,1,4.50,0.0000,true,1,336718
7290115206913,false,טסטרס צ'וייס200ג+כוס דרך,נסטלה קוריאה - קפה,KR,מארז נסקפה טסטר צויס 200 גרם+כוס קפה לדר,גרמים,200.00,100 גרם,false,1,32.90,16.4500,true,1,333782
7290115207347,false,אסם אינסטנט פודינג פירות יער 80 גרם,"אסם השקעות בע""\מ",IL,אינסטנט פודינג פירות יער אוסם 80 גר,Unknown,0.00,Unknown,false,1,6.00,0.0000,true,1,335264
7290115207460,false,סלט חציל פיקנטי 360ג,מפעל צבר,IL,סלט חציל פיקנטי 360גר היתר מכירה צבר,גרמים,360.00,100 גרם,false,1,16.90,4.6944,true,1,334091
7290115207484,false,צבר סלט חציל על האש היתר 360 גרם,ג'נרל מילס סאן אדריא,IL,סלט חציל על האש 400גר היתר מכירה צבר,גרמים,400.00,100 גרם,false,1,16.90,4.2250,true,1,334092
7290115207507,false,"סלט טורקי 330 גרם ""צבר""",ג'נרל מילס סאן אדריא,IL,סלט טורקי 360גר צבר,גרמים,360.00,100 גרם,false,1,16.90,4.6944,true,1,334090
7290115207620,false,"רוטב בסגנון סויה קלאסי 290 מ""ל אסם","אסם השקעות בע""\מ",IL,רוטב סויה קלאסי אוסם 290 מל,מיליליטרים,290.00,"100 מ""ל",false,1,13.90,4.7931,true,1,335274
7290115207682,false,אסם רוטב בסגנון סויה סיני 9*290מל חדש,"אסם השקעות בע""\מ",IL,רוטב סויה סגנון סיני 290 מל,מיליליטרים,290.00,"100 מ""ל",false,1,11.90,4.1034,true,1,335272
7290115207798,false,טבעול המבורגר חריף טבעוני 420 גרם,"טבעול תעשיות מזון בע""\מ",IL,בורגר חריף טבעול טבעוני 420גר,גרמים,420.00,100 גרם,false,6,32.90,7.8333,true,1,334936
7290115207927,false,סירופ ויטמנציק אננס,בית השיטה,,סירופ ויטמנציק אננס 2 ל,ליטרים,2.00,ליטר,false,1,39.90,19.9500,true,1,334027
7290115207941,false,סירופ אננס ויטמינצ'יק 1 ליטר,בית-השיטה עסיס תעשיות מז,IL,סירופ ויטמינציק אננס 1 ל,ליטרים,1.00,ליטר,false,12,21.90,21.9000,true,1,334022
7290115207965,false,סירופ מנגו אפרסק ויטמינצ'יק 1 ליטר,בית-השיטה עסיס תעשיות מז,IL,סירופ ויטמינציק מנגו אפרסק 1 ל,ליטרים,1.00,ליטר,false,12,21.90,21.9000,true,1,334025
7290115207989,false,סירופ לימון ויטמינצ'יק 1 ליטר,בית-השיטה עסיס תעשיות מז,IL,סירופ ויטמינציק לימון 1 ל,ליטרים,1.00,ליטר,false,12,21.90,21.9000,true,1,334023
7290115208009,false,סירופ ענבים ויטמינצ'יק 1 ליטר,בית-השיטה עסיס תעשיות מז,IL,סירופ ויטמינציק ענבים 1 ל,ליטרים,1.00,ליטר,false,12,21.90,21.9000,true,1,334026
7290115208047,false,סירופ פטל ויטמינצ'יק 1 ליטר,בית-השיטה עסיס תעשיות מז,IL,סירופ ויטמינציק פטל 1 ל,ליטרים,1.00,ליטר,false,12,21.90,21.9000,true,1,334021
7290115208061,false,סירופ תפוח ויטמינצ'יק 1 ליטר,בית השיטה עסיס תעשיות מז,IL,סירופ ויטמינציק תפוח 1 ל,ליטרים,1.00,ליטר,false,12,21.90,21.9000,true,1,334024
7290115208849,false,"מנה חמה פסטה מוקרמת ט.עוף בד""צ 55גר","אסם תעשיות בע""מ",IL,מנה חמה אסם פירה עם בטטה 51 גר,Unknown,0.00,Unknown,false,1,6.90,0.0000,true,1,337601
7290115209198,false,במבה אוורירית אסם 80 גרם,"אסם תעשיות בע""מ",IL,חטיף במבה אורירית 80 גרם,Unknown,0.00,Unknown,false,1,5.00,0.0000,true,1,335887
7290115209235,false,ביסקוויט פתי בר קפה אסם 500 גרם,"אסם תעשיות בע""מ",IL,ביסקויט פתי בר קפה 500 גרם,גרמים,500.00,100 גרם,false,1,12.90,2.5800,true,1,337195
7290115209358,false,במבה במילוי בראוניז אסם 60 גרם,"אסם השקעות בע""\מ",IL,חטיף במבה במילוי בראוניז 60 גר,גרמים,60.00,100 גרם,false,1,5.00,8.3333,true,1,337603
7290115209372,false,במבה במילוי בראוניז 150ג' אסם,"אסם השקעות בע""\מ",IL,חטיף במבה במילוי בראוניז 150 גר,גרמים,150.00,100 גרם,false,1,10.90,7.2667,true,1,337604
7290115250503,false,קרקר כוסמין שום ועשבי תיבול שקית 225 גרם,"מאפיית פת במלח בע""מ",IL,קרקר כוסמין שום עשבי תיבול 225 גרם,גרמים,225.00,100 גרם,false,10,22.90,10.1778,true,1,322642
7290115250527,false,קרקר חומוס פתפותים 2,"מאפיית פת במלח בע""מ",IL,קרקר חומוס פתפותים 225 גרם,גרמים,225.00,100 גרם,false,10,22.90,10.1778,true,1,335892
7290115251227,false,קרקר חומוס מתובל פתפ,"מאפיית פת במלח בע""מ",IL,קרקר חומוס מתובל פתפותים 225 גרם,גרמים,225.00,100 גרם,false,10,22.90,10.1778,true,1,335891
7290115252330,false,וירו - מנת קינואה - בסגנון ספרדי עם ירוקת קלויים 340+130 מל',,PE,קינואה וירו עם ירקות קלויים 470 גרם,גרמים,470.00,100 גרם,false,12,13.90,2.9574,true,1,333028
7290115252354,false,וירו - מנת קינואה - בסגנון ים תיכוני - זוקיני ובצל 340+130 מל',,PE,קינואה וירו עם זוקיני ובצל 470 גרם,גרמים,470.00,100 גרם,false,12,13.90,2.9574,true,1,333029
7290115252378,false,וירו מנת קינואה אקזוטי 470 גרם,,PE,קינואה וירו מנגו לבבות דקל 470 גרם,גרמים,470.00,100 גרם,false,12,13.90,2.9574,true,1,333030
7290115252460,false,מקלות כוסמין פתפותים,"מאפיית פת במלח בע""מ",IL,מקלות כוסמין פתפותים 200 גרם,גרמים,200.00,100 גרם,false,15,19.90,9.9500,true,1,335893
7290115252477,false,מקלות כוסמין וזיתים,"מאפיית פת במלח בע""מ",IL,מקלות כוסמין וזיתים פתפותים200 גרם,גרמים,200.00,100 גרם,false,15,19.90,9.9500,true,1,335894
7290115252484,false,פאי כוסמין פיצוחים400ג,פתפותים לחמים ומאפים מקמ,IL,עוגת פאי פיצוחים פתפותים 400 גרם,גרמים,400.00,100 גרם,false,15,44.90,11.2250,true,1,335895
7290115252491,false,עוגת פאי שקדים פתפות,"מאפיית פת במלח בע""מ",IL,עוגת פאי שקדים פתפותים 400 גרם,גרמים,400.00,100 גרם,false,15,44.90,11.2250,true,1,335896
7290115252514,false,עוגת פאי פקאן פתפותי,"מאפיית פת במלח בע""מ",IL,עוגת פאי פקאן פתפותים 400 גרם,גרמים,400.00,100 גרם,false,15,44.90,11.2250,true,1,335897
7290115252750,false,מקלות כוסמין תרד ובצל,"מאפיית פת במלח בע""מ",IL,מקלות כוסמין פתפותים תרד ובצל 200 גרם,גרמים,200.00,100 גרם,false,15,19.90,9.9500,true,1,336707
7290115252774,false,מממולא כדורי קקאו וחמאת בוטנים,ממה חטיפי אנרגיה,IL,כדורי ממה תמר ממולא קקאו ח.בוטני 220 גרם,גרמים,220.00,100 גרם,false,6,25.90,11.7727,true,1,336710
7290115252781,false,כדורי ממה שקדים ממול,ממה חטיפי אנרגיה,IL,כדורי ממה שקדים ממולא תות לימון 220 גרם,גרמים,220.00,100 גרם,false,6,25.90,11.7727,true,1,336709
7290115252866,false,מקלות כוסמין פתפותים,"מאפיית פת במלח בע""מ",IL,מקלות כוסמין פתפותים שום שחור 200 גרם,גרמים,200.00,100 גרם,false,15,19.90,9.9500,true,1,336708
7290115254693,false,מאגדת סוכריות גוי לק,,CN,מאגדת סוכריות גוי לקישוט מסיבה160 גרם,גרמים,160.00,100 גרם,false,12,19.90,12.4375,true,1,335879
7290115254709,false,מאגדת סוכריות גוי לק,,CN,מאגדת סוכריות גוי לקישוט קלאסי 160 גרם,גרמים,165.00,100 גרם,false,12,19.90,12.0606,true,1,335880
7290115254822,false,סוכריות גוי לקישוט צ,,CN,סוכריות גוי לקישוט צבעוני 100 גרם,גרמים,100.00,100 גרם,false,12,12.90,12.9000,true,1,335882
7290115254846,false,סוכריות גוי לקישוט ל,,CN,סוכריות גוי לקישוט לבבות מיני 120 גרם,גרמים,120.00,100 גרם,false,12,12.90,10.7500,true,1,335881
7290115254860,false,סוכריות גוי לקישוט כ,,CN,סוכריות גוי לקישוט כוכבים מיני 90 גרם,Unknown,0.00,Unknown,false,12,12.90,0.0000,true,1,335883
7290115259179,false,טופי מלח בעבודת יד 100 גרם,,IL,טופי פנסטרס מלוח 100 גרם עבודת יד,גרמים,100.00,100 גרם,false,5,19.90,19.9000,true,1,332846
7290115259186,false,טופי אספרסו בעבודת יד 100 גרם,,IL,טופי פנסטרס אספרסו 100 גרם עבודת יד,גרמים,100.00,100 גרם,false,5,19.90,19.9000,true,1,332849
7290115259193,false,טופי פירות יער בעבודת יד 100 גרם,,IL,טופי פנסטרס פירות יער 100 גרם עבודת יד,גרמים,100.00,100 גרם,false,5,19.90,19.9000,true,1,332848
7290115259209,false,טופי לבנדר בעבודת יד 100 גרם,,IL,טופי פנסטרס לבנד 100 גרם עבודת יד,גרמים,100.00,100 גרם,false,5,19.90,19.9000,true,1,332847
7290115480009,false,"מרכך כביסה מרוכז פרש קונטרול ירוק 900 מ""ל סוד",הנקל סוד,IL,מרכך כביסה סוד מרוכז 900מל פרש ירוק,מיליליטרים,900.00,"100 מ""ל",false,12,11.90,1.3222,true,1,333423
7290115480023,false,סוד פאוור קאפס לכביסה צבעונית 45 יחי,הנקל,RS,קפסולות גל כביסה סוד 45יח,יחידה,45.00,יחידה,false,6,32.90,0.7311,true,1,336304
7290115670578,false,ממרחית בטעם שוקולד 500 ג,"שטראוס גרופ בע""\מ",IL,ממרחית שוקולד 500 גרם,גרמים,500.00,100 גרם,false,1,10.90,2.1800,true,1,325666
7290115670585,false,חטיף מקופלת לבנה מגד,Unknown,,חטיף מקופלת לבנה 25 גר מגדים,Unknown,0.00,Unknown,false,1,5.00,0.0000,true,1,326536
7290115670608,false,מארז נר חנוכה 2021 98גרם,שטראוס,IL,מארז נר חנוכה 98 גרם,Unknown,0.00,Unknown,false,1,9.90,0.0000,true,1,332542
7290115670677,false,אנרג'י גרנולה פירות טרופיים 400 גרם,Unknown,CZ,גרנולה אנרגי פירות טרופיים 400 גר,גרמים,400.00,100 גרם,false,1,13.90,3.4750,true,1,328056
7290115670684,false,גרנולה שיבולת שועל עם אגוזי לוז,אנרג'י Energy - שטראוס,CZ,גרנולה אנרגי אגוזים 400 גר,גרמים,400.00,100 גרם,false,1,13.90,3.4750,true,1,328054
7290115670691,false,גרנולה שיבולת שועל עם פירות יער,אנרג'י Energy - שטראוס,CZ,גרנולה אנרגי פירות יער 400 גר,גרמים,400.00,100 גרם,false,1,13.90,3.4750,true,1,328057
7290115670707,false,גרנולה שיבולת שועל עם שוקולד ואגוזי לוז,אנרג'י Energy - שטראוס,CZ,גרנולה אנרגי שוקולד אגוזים 400 גר,גרמים,400.00,100 גרם,false,1,13.90,3.4750,true,1,328055
7290115670752,false,"מארז קפה נמס וכוס 200 גרם כשל""פ",הנסיך- מפעל לייצור ט,IL,מארז קפה נמס אבקתי+כוס טו גו 200 גרם,גרמים,200.00,100 גרם,false,1,22.00,11.0000,true,1,327112
7290115670929,false,קפה נמס מילקשייק אייס קלאסי 200 גרם,שטראוס קפה בי.וי,IL,קפה נמס מילקשייק אייס קלאסי 200 גרם,גרמים,200.00,100 גרם,false,1,14.90,7.4500,true,1,328975
7290115671155,false,שלישיית סוכריות מאסט FRESH ענבים 45 גרם,הליקון גידה,TR,מארז 3 יח סוכ.בזוקה בטעם ענבים 45 גר,גרמים,135.00,100 גרם,false,1,8.90,6.5926,true,1,333827
7290115671223,false,מסטיק מאסט פאן אבטיח מנגו צנצנת 58 גרם,אסקום קונפקשיין,DE,מסטיק מאסט פאן אבטיח מנגו 58 גר,Unknown,0.00,Unknown,false,1,10.00,0.0000,true,1,333825
7290115671308,false,מסטיק מאסט פאן בצנצנת תות דובדבן,אסקום קונפשטיין,DE,מסטיק מאסט פאן תות דובדבן 58 גר,Unknown,0.00,Unknown,false,1,10.00,0.0000,true,1,333826
7290115671339,false,מיני פינוקיות בראוניז בייגל בוטן עלית 180 ג' עלית,"הגביע מוצרי ופלים בע""\מ",IL,עוגיות מיני פינוקיות בראוניז בייגל 180 ג,גרמים,180.00,100 גרם,false,1,10.90,6.0556,true,1,329399
7290115671346,false,מיני פינוקיות טופי קרמל מלוח עלית 180 גרם,"הגביע מוצרי ופלים בע""\מ",IL,עוגיות מיני פינוקיות קרמל מלוח 180 ג,גרמים,180.00,100 גרם,false,1,10.90,6.0556,true,1,329400
7290115671353,false,מיני פינוקיות עוגיות קקאו במילוי קרם בטעם וניל,"הגביע מוצרי ופלים בע""\מ",IL,עוגיות מיני פינוקיות שחור לבן 180 ג,גרמים,180.00,100 גרם,false,1,10.90,6.0556,true,1,333832
7290115671469,false,כוס חבק קפה טורקי על,פרח תעשיות,,כוס חבק קפה טורקי עלית,Unknown,0.00,Unknown,false,1,10.00,0.0000,true,1,337118
7290115673135,false,שוקולד פרה חלב עדשים,STRAUSS-ISRAEL,IL,שוקולד פרה חלב עדשים 100 גר,גרמים,100.00,100 גרם,false,1,5.90,5.9000,true,1,327356
7290115673951,false,מאגדת פסק זמן פטיסרי,STRAUSS-ISRAEL,,מארז פסק זמן פטיסרי 1+3חינם 180 גרם,גרמים,180.00,100 גרם,false,1,14.00,7.7778,true,1,328720
7290115674699,false,תפוציפס פופבלס מלח 4,הנסיך- מפעל לייצור ט,IL,חטיף תפוציפס פופבלס 45 גרם,Unknown,0.00,Unknown,false,1,4.30,0.0000,true,1,328184
7290115674750,false,פיתה צ'יפס מלפפון חמו170,"אלאדין בייקרס בע""\מ",US,חטיף ברדס פיתה מלפפון חמוץ 170 גרם,גרמים,170.00,100 גרם,false,12,13.90,8.1765,true,1,333516
7290115674774,false,קרקר אפוי עם זרעי צ'יה וקינואה 170 ג' BREADZ,"אלאדין בייקרס בע""\מ",US,קרקר ברדס קינואה ציה 170 גרם,גרמים,170.00,100 גרם,false,12,13.90,8.1765,true,1,333517
7290115675559,false,מארז קפה טורקי לדרך 10 יחידות,שטראוס קפה בי.וי.,IL,קפה טורקי לדרך 10 יח 70 גרם,יחידה,10.00,יחידה,false,1,8.90,0.8900,true,1,326543
7290115675580,false,קוואקר חטיף בוטנים עם שיבולת שועל 50 גרם,"שטראוס פריטו ליי בע""\מ )",IL,חטיף קוואקר ובוטנים 50 גרם,Unknown,0.00,Unknown,false,1,3.90,0.0000,true,1,332503
7290115675603,false,חטיף בוטנים וקוואקר20*8ג,"שטראוס פריטו ליי בע""\מ )",IL,מארז8יח חטיף קוואקר ובוטנים 20 גרם,גרמים,160.00,100 גרם,false,1,12.90,8.0625,true,1,332501
7290115675696,false,דגני בוקר קראנצ'ים שיבולת שועל עם אגוזים ושקדים,גלידות שטראוס,PL,דגני כרוזלי קראנצים אגוזים375 גרם,גרמים,375.00,100 גרם,false,6,17.90,4.7733,true,1,329158
7290115675702,false,דגני בוקר קראנצ'ים שיבולת שועל עם פירות מיובשים,גלידות שטראוס,PL,דגני כרוזלי קראנצים פירות 375 גרם,גרמים,375.00,100 גרם,false,6,17.90,4.7733,true,1,329159
7290115675719,false,דגני בוקר קראנצ'ים שיבולת שועל וחתיכות שוקולד מריר,BEVERAGES FOODS & SE,PL,דגני כרוזלי קראנצים שוקולד375 גרם,גרמים,375.00,100 גרם,false,6,17.90,4.7733,true,1,329160
7290115675986,false,דנונה יוגורט בר עם אגוזים מקורמלים 173 גרם,"שטראוס בריאות בע""\מ",IL,יוגורט דנונה בר אגוז מקורמל קראנצ 173גר,גרמים,173.00,100 גרם,false,12,4.70,2.7168,true,1,326589
7290115675993,false,דנונה בר ענבים עם טב,STRAUSS-ISRAEL,,דנונה בר ענבים עם טבעות 171גר,גרמים,171.00,100 גרם,false,1,4.70,2.7485,true,1,327928
7290115676020,false,דנונה בר בזוקה 173גר,מיוצר עי קונדיטוריית,IL,דנונה בר בזוקה 173גר,גרמים,173.00,100 גרם,false,1,4.70,2.7168,true,1,333804
7290115676037,false,דנונה ריפרש יוגורט עם תות ודומדמניות 1.6% שומן,מיוצר עי קונדיטוריית,IL,משקה יוגורט דנונה ריפרש תות דומדמיות 250,מיליליטרים,250.00,"100 מ""ל",false,12,5.90,2.3600,true,1,328553
7290115676044,false,יוגורט+אפרסק+מנגו250גרם,מיוצר עי קונדיטוריית,IL,משקה יוגורט דנונה ריפרש אפרסק מנגו 250מל,מיליליטרים,250.00,"100 מ""ל",false,12,5.90,2.3600,true,1,328552
7290115676051,false,"משקה אקטיביה שיבולת שועל במתיקות מעודנת 250 מ""ל",מיוצר עי קונדיטוריית,IL,משקה אקטיביה 250 מל שבולת שועל במתיקות,מיליליטרים,250.00,"100 מ""ל",false,1,5.40,2.1600,true,1,332483
7290115676082,false,משקה דנונה פרו 20 יוגורט תות 255 ג' רבנות,"שטראוס בריאות בע""\מ.",IL,משקה דנונה פרו תות 20גר חלבון 250מל,מיליליטרים,250.00,"100 מ""ל",false,12,7.10,2.8400,true,1,328519
7290115676099,false,משקה דנונה פרו 20 יוגורט וניל 255 ג' רבנות,"שטראוס בריאות בע""\מ.",IL,משקה דנונה פרו וניל 20גר חלבון 250מל,מיליליטרים,250.00,"100 מ""ל",false,12,7.10,2.8400,true,1,328518
7290115676273,false,אבקת קקאו עלית 500 גרם+ 10% תוספת,שטראוס קפה בי.וי.,IL,קקאו עילת 500גר+10%חינם,גרמים,550.00,100 גרם,false,1,25.90,4.7091,true,1,327828
7290115676693,false,תפוצ'יפס מלח&חומץ 50 גרם,"שטראוס פריטו ליי בע""\מ )",IL,חטיף תפוציפס מלח חומץ 50 גרם,Unknown,0.00,Unknown,false,1,4.30,0.0000,true,1,336047
7290115676990,false,תפוצ'יפס מלח&חומץ 50 גרם,"שטראוס פריטו ליי בע""\מ )",IL,חטיף תפוציפס מלח חומץ 50 גרם,Unknown,0.00,Unknown,false,1,4.30,0.0000,true,1,327471
7290115677140,false,תפוצ'יפס בטעם פפריקה 200 גרם היתר מכירה,שטראוס פריטו ליי בע”,IL,חטיף תפוציפס וואוי פפריקה 200 גר,גרמים,200.00,100 גרם,false,1,11.00,5.5000,true,1,337484
7290115677362,false,"נודלס טריאקי ""דלישס"" שטראוס","טרופיקל דגיל בע""מ אז",IL,ארוחת נודלס טריאקי דלישס 350גר,גרמים,350.00,100 גרם,false,10,26.90,7.6857,true,1,332472
7290115677423,false,אורז ירוק קארי חריף חריף דלישס 350 גרם,"טרופיקל דגיל בע""מ אז",IL,ארוחת אורז קארי ירוק חריף דלישס 350גר,גרמים,350.00,100 גרם,false,10,26.90,7.6857,true,1,332475
7290115677676,false,חומוס עשיר בטחינה גולמית עם מלא חריף 400 גר אחלה,"שטראוס גרופ בע""\מ",IL,חומוס עשיר בטחינה עם חריף 40% 400גרם,גרמים,400.00,100 גרם,false,1,13.90,3.4750,true,1,326577
7290115677805,false,עוגה אישית מילקי קיי,תות תעשיות מזון (201,IT,מארז עוגת מילקי קייק קוקי 4 יח 136גר,גרמים,136.00,100 גרם,false,7,12.90,9.4853,true,1,327934
7290115677843,false,יוגורט WOW מלבי 150 גרם,"שטראוס גרופ בע""\מ",IL,דנונה וואו מלבי 150 גרם 2.4% שומן,גרמים,150.00,100 גרם,false,1,4.90,3.2667,true,1,327398
7290115677898,false,ממרח עדשים קארי פיקנטי,"שטראוס גרופ בע""\מ",IL,ממרח עדשים קארי פיקנטי 235גר אחלה,גרמים,235.00,100 גרם,false,6,10.90,4.6383,true,1,327916
7290115677904,false,חומוס פלפלים חריף אחלה 235 גרם,מיוצר עי קונדיטוריית,IL,סלט חומוס פלפל חריף 235גר אחלה,גרמים,235.00,100 גרם,false,6,10.90,4.6383,true,1,327915
7290115677966,false,ממרח אבוקדו טעם הטבע 200 גרם,ג'י. אר. סימפלוט,MX,ממרח אבוקדו טעם הטבע 200 גרם,גרמים,200.00,100 גרם,false,1,14.90,7.4500,true,1,332377
7290115678048,false,טחינה קרם חציל 235 גרם,"שטראוס גרופ בע""\מ",IL,סלט טחינה קרם חציל 235גר אחלה,גרמים,235.00,100 גרם,false,6,10.90,4.6383,true,1,328322
7290115678109,false,דנונה WOW אלפחורס 150 גר,מיוצר עי קונדיטוריית,IL,דנונה וואו אלפחורס 150גרם 4%שומן,גרמים,150.00,100 גרם,false,1,4.90,3.2667,true,1,328693
7290115678215,false,דנונה פרו ויטD וסידן200ג,"שטראוס בריאות בע""\מ",IL,דנונה פרו 20גר חלבון עם סידן ויטמין 200ג,גרמים,200.00,100 גרם,false,12,6.50,3.2500,true,1,327929
7290115678222,false,מארז 8 גביעים יוגורט Greek בסגנון יווני 6.5% שומן,"שטראוס בריאות בע""\מ",IL,מארז 8יח דנונה יווני 125גרם,גרמים,1000.00,100 גרם,false,3,23.90,2.3900,true,1,328556
7290115678314,false,משקה בלונדי שקיות 225*6מ,מחלבת יטבתה,IL,מארז 6יח משקה בלונדי 225מל יטבתה,ליטרים,1.35,ליטר,false,10,17.90,13.2593,true,1,332170
7290115678321,false,יוגורט אקטיביה עם צי,מיוצר עי קונדיטוריית,IL,דנונה אקטיביה ציה מנגו 3% 150 גר,גרמים,150.00,100 גרם,false,24,4.70,3.1333,true,1,329354
7290115678352,false,דנונה וניל 3.3% 150 גרם,מיוצר עי קונדיטוריית,IL,דנונה טעם וניל 150גר 3.3%שומן,גרמים,150.00,100 גרם,false,1,3.70,2.4667,true,1,328692
7290115678376,false,מעדן הגולן שוקולד 125 גרם,מיוצר עי קונדיטוריית,IL,מעדן הגולן שוקולד 125גר,גרמים,125.00,100 גרם,false,24,2.90,2.3200,true,1,329349
7290115678383,false,מעדן הגולן שוקולד מריר 125 גרם,מיוצר עי קונדיטוריית,IL,מעדן הגולן שוקולד מריר 125גר,גרמים,125.00,100 גרם,false,24,2.90,2.3200,true,1,329350
7290115678536,false,דנונהWOWשטרודל תפוח150ג,מיוצר עי קונדיטוריית,IL,דנונה וואו טעם שטרודל תפוחים 150גר,גרמים,150.00,100 גרם,false,1,4.90,3.2667,true,1,329353
7290115678550,false,דנונה פרו 20 פיסטוק 200ג,"שטראוס בריאות בע""\מ",IL,דנונה פרו ט. פיסטוק 20גר חלבון 200 גרם,גרמים,200.00,100 גרם,false,1,6.10,3.0500,true,1,332481
7290115678598,false,חסה אייסברג שטראוס טעם הטבע,שטראוס בריאות ירקות טריי,IL,חסה אייסברג חיתוך גס 300 גרם,גרמים,300.00,100 גרם,false,1,10.90,3.6333,true,1,332543
7290115678635,false,נשנושי גבינה -גבינת שמנת 16%+כעכים שטוחים עם מלח,"מחלבת טבע עז בע""\מ",IL,נשנושי גבינה עם כעכים שטוחים 67גר,Unknown,0.00,Unknown,false,10,9.90,0.0000,true,1,336684
7290115678642,false,נשנושי גבינה 16% עם חטיף אפוי עם זיתים 67 ג' שטראוס,"מחלבת טבע עז בע""\מ",IL,נשנושי גבינה עם חטיף אפוי זיתים 67גר,Unknown,0.00,Unknown,false,10,9.90,0.0000,true,1,336683
7290115678970,false,מארז סוכריות FRESH בטעם בזוקה עלית 3*15 ג',"הליקון גידה בע""\מ",TR,מארז 3 יח סוכ.פרש בזוקה 45 גר,גרמים,135.00,100 גרם,false,1,8.90,6.5926,true,1,329401
7290115679243,false,מארז 2 יח מיץ לימון,,,מארז 2 יח מיץ לימון טבעי יד מרדכי 250 מל,מיליליטרים,500.00,"100 מ""ל",false,1,15.90,3.1800,true,1,328053
7290115679519,false,שייק פירות ורוד 150X2גר,סיבהפרוסט,BE,שייק פירות ורוד 2יח 150גר דלישס,גרמים,300.00,100 גרם,false,1,21.90,7.3000,true,1,338143
7290115679618,false,מארז מייפל עם קוואקר 189+500 ג' יד מרדכי,,CH,מארז סירופ מייפל טהור+קוואקר פחית 500 גר,Unknown,0.00,Unknown,false,1,24.90,0.0000,true,1,334174
7290115679731,false,שייק פירות ירוק 150X2גר,סיבהפרוסט,BE,שייק פירות ירוק 2יח 150גר דלישס,גרמים,300.00,100 גרם,false,1,21.90,7.3000,true,1,338144
7290115679762,false,שייק פירות צהוב 150X2גר,סיבהפרוסט,BE,שייק פירות צהוב 2יח 150גר דלישס,גרמים,300.00,100 גרם,false,1,21.90,7.3000,true,1,338145
7290115679779,false,שייק פירות אדום דליש,סיבהפרוסט,BE,שייק פירות אדום 2יח 150גר דלישס,גרמים,300.00,100 גרם,false,1,21.90,7.3000,true,1,338146
7290115679878,false,פיצה מבצק עם סלק דלישס 320 גרם,גסטרונומיה פרוסט אס.,IT,פיצה מבצק עם סלק 320גר דלישס,גרמים,320.00,100 גרם,false,10,27.90,8.7187,true,1,334105
7290115679885,false,פיצה מבצק עם כרובית עם רוטב עגבניות ומוצרלה,גסטרונומיה פרוסט אס.,IT,פיצה מבצק עם כרובית 320גר דלישס,גרמים,320.00,100 גרם,false,10,27.90,8.7187,true,1,332480
7290115679915,false,פיצה מבצק עם דלעת עם רוטב עגבניות ומוצרלה,אליסה פוד אס.אר. אל,IL,פיצה מבצק עם דלעת 320גר דלישס,גרמים,320.00,100 גרם,false,10,27.90,8.7187,true,1,334106
7290115679960,false,ציטוס פופקורן בטעם טבעי 60 ג 24 יח,"שטראוס פריטו ליי בע""\מ )",IL,חטיף ציטוס פופקורן טבעי 60 גרם,Unknown,0.00,Unknown,false,1,4.00,0.0000,true,1,329629
7290115679977,false,חטיף ציטוס קראנץ פלמ,STRAUSS-ISRAEL,,חטיף ציטוס קראנץ פלמין הוט גבינה 180 גרם,גרמים,185.00,100 גרם,false,9,8.90,4.8108,true,1,329547
7290116530000,false,"דאב - תרחיץ פנים מרענן בניחוח מלפפון ותה ירוק 180 מ""ל","יוניליוור פולין, רחוב קר",IL,תרחיץ פנים דאב 180מל מלפפון,מיליליטרים,180.00,"100 מ""ל",false,1,14.90,8.2778,true,1,336326
7290116530062,false,רוטב ויניגרט לסלט הלמנס 295 גרם,יוניליוור ישראל מזון בע\,IL,הלמנס רוטב ויניגרט לסלט 295 גרם,גרמים,295.00,100 גרם,false,1,12.90,4.3729,true,1,328737
7290116530109,false,חטיף קליק נוגט ציפוי שוקולד לבן 35 גרם,"טחנת האבן תעשיות בע""\מ,",IL,חטיף קליק מלוי נוגט לבן 35 גרם,Unknown,0.00,Unknown,false,1,5.00,0.0000,true,1,328734
7290116530147,false,"תחליב רחצה שייק פירות יער ירוקים ומאצה פינוק 700 מ""ל",יוניליוור ישראל טיפוח אי,IL,תחליב רחצה פינוק פירות יער 700 מל,מיליליטרים,700.00,"100 מ""ל",false,1,11.90,1.7000,true,1,328455
7290116530161,false,"פינוק ת. רחצה שייק אננס, מלון וחלב שיבולת שועל 750מ""ל",יוניליוור ישראל טיפוח אי,IL,תחליב רחצה פינוק אננס 700 מל,מיליליטרים,700.00,"100 מ""ל",false,1,11.90,1.7000,true,1,328457
7290116530185,false,"קורנפלקס דלישקד קרמל מלוח 400 גרם בד""ץ","יוניליוור שפע ישראל בע""\",IL,דגני דלישקד קרמל מלוח תלמה 400 גר בדץ,גרמים,400.00,100 גרם,false,1,19.90,4.9750,true,1,332162
7290116530222,false,דאודרנט סטיק לגבר אנרכי 76 ג' אקס,יוניליוור פארם,US,דאו אקס סטיק אנרכי 77 גרם,Unknown,0.00,Unknown,false,1,16.90,0.0000,true,1,328450
7290116530239,false,אקס דאו סטיק לגבר בלאק 7 גרם,יוניליוור פארם,US,דאו אקס סטיק בלאק 77 גרם,Unknown,0.00,Unknown,false,1,16.90,0.0000,true,1,328451
7290116530260,false,דגני בוקר שוגי קקאו400גר,"יוניליוור שפע ישראל בע""\",IL,דגני שוגי קקאו 400 גרם,גרמים,375.00,100 גרם,false,1,19.90,5.3067,true,1,328740
7290116530482,false,תלמה מארז קורנפלקס אלופים 30 גרם*5 יחידו,פרו מן-יו פתרנות ארי,IL,מארז 5 יח קורנפקס אלופים 30 גרם,גרמים,150.00,100 גרם,false,8,12.90,8.6000,true,1,332583
7290116530871,false,נשנושים מיקס בייגל בייגל 240 גרם,"דרך השוקולד ,1 צפת 13404",IL,נשנושים מיקס 240 גרם,גרמים,260.00,100 גרם,false,1,12.90,4.9615,true,1,328175
7290116530888,false,ג'ל לכביסה לבנה וצבעונית פינוק כחול בדין 2.5 ל',"זוהר דליה, קיבוץ דליה, 1",IL,גל כביסה בדין 2.5ליטר פינוק קלאסי,מיליליטרים,2500.00,"100 מ""ל",false,6,27.90,1.1160,true,1,328949
7290116530895,false,"תרסיס ריחני למייבש כביסה פינוק כחול בדין 500 מ""ל","זוהר דליה, קיבוץ דליה, 1",TR,תרסיס בדין למייבש כביסה 500מל פינוק קלאס,מיליליטרים,500.00,"100 מ""ל",false,1,20.00,4.0000,true,1,328953
7290116531038,false,"שוקולד מריר 60% ורד הגליל 100 גרם כשל""פ",יוניליוור ישראל מזון,TR,שוקולד ורד הגליל 60% מריר 100 גרם,גרמים,100.00,100 גרם,false,12,5.90,5.9000,true,1,332549
7290116531045,false,קורנפלקס דליפקאן 350ג ללא גלוטן,"מולינו ניקולי ,S.p.A ויה",IT,דליפקאן ללא גלוטן350 גרם,גרמים,350.00,100 גרם,false,1,22.90,6.5429,true,1,334892
7290116531083,false,"ברנפלקס ללא ת.סוכר בטעם דבש בתוספת שקדים, 400 גרם","יוניליוור שפע ישראל בע""\",IL,דגני ברנפלקס שקדים ודבש 400 גרם,גרמים,400.00,100 גרם,false,1,19.90,4.9750,true,1,333130
7290116531090,false,בייגל בייגל דג דג במליחות עדינה 250 גרם,"דרך השוקולד ,1 צפת 13404",IL,חטיפי דג דג מליחות מעודנת 250 גרם,גרמים,250.00,100 גרם,false,12,10.90,4.3600,true,1,333941
7290116531120,false,נמס בכוס מרק וייטנאמי40ג,יוניליוור ישראל מזון בע\,IL,זוג מרק קנור נמס בכוס ויאטנמי 40 גרם,Unknown,0.00,Unknown,false,1,6.90,0.0000,true,1,332216
7290116531328,false,קליק - חטיף אוקי בלאק שוקולד חלב 35 גרם,יוניליוור ישראל מזון בע\,IL,חטיף קליק אוקי בלאק מילק 35 גרם,Unknown,0.00,Unknown,false,1,5.00,0.0000,true,1,333134
7290116531496,false,קינמונים דגנים פריכים מצופים 375 גרם,"נאוג'\אזיס נווזיס ,UAB ג",LT,דגני קוקמן קינמונים 375 גר בדץ,גרמים,375.00,100 גרם,false,1,19.90,5.3067,true,1,334579
7290116531557,false,"פריכיות פתית תירס עם מלח 150 גרם כשל""פ",גוד פוד פרודקטס Sp.zo.o,PL,פריכיות פתית דקות תירס מלא 150 גרם,גרמים,150.00,100 גרם,false,12,12.90,8.6000,true,1,334709
7290116531564,false,מאגדת פתית פריכיות תירס דקות עם קינואה ובזיליקום 150 ג',גוד פוד פרודקטס Sp.zo.o,PL,פריכיות פתית דקות קינואה 150 גרם,גרמים,150.00,100 גרם,false,12,12.90,8.6000,true,1,334708
7290116531571,false,סיף מטליות לחות לניקוי כללי 99.9% בניחוח,יוניליוור ניקיון,IL,מטליות לחות לניקוי כללי 50יח,יחידה,50.00,יחידה,false,1,9.90,0.1980,true,1,333486
7290116531595,false,מגבונים סיף לניקוי בניחוח מאסק 50 יח',יוניליוור,IL,מגבונים לניקוי כללי סיף 50יח בניחוח מאסק,יחידה,50.00,יחידה,false,1,9.90,0.1980,true,1,333484
7290116531748,false,קליק שוקו מיקס חום לבן כשר לפסח 65 גרם,"דרך השוקולד ,1 צפת 13404",IL,חטיף קליק קוקומן חום לבן 65 גר,Unknown,0.00,Unknown,false,1,6.50,0.0000,true,1,334673
7290116531762,false,דפים ריחניים למייבש כביסה בדין ורוד 40 יחידות,"קלינטסט - 3p ארה""ב",US,בדין דפי מרכך ורוד למייבש 40 יח,יחידה,40.00,יחידה,false,1,20.00,0.5000,true,1,334691
7290116531779,false,דפים ריחניים למייבש כביסה בדין כחול 40 יחידות,"קלינטסט - 3p ארה""ב",US,בדין דפי מרכך כחול למייבש 40 יח,יחידה,40.00,יחידה,false,1,20.00,0.5000,true,1,334690
7290116531816,false,תחליב רחצה 700 שייק מייפל קקאו ופרלינים,יוניליוור ישראל טיפוח אי,IL,תחליב רחצה פינוק 700מל ניחוח מייפל,מיליליטרים,700.00,"100 מ""ל",false,1,11.90,1.7000,true,1,333377
7290116531830,false,דגני בוקר קינמון 686 ג' כריות,"יוניליוור שפע ישראל בע""\",IL,דגני כריות קינמון 686 גרם,גרמים,686.00,100 גרם,false,1,21.90,3.1924,true,1,333747
7290116531854,false,"תחליב רחצה שייק קיווי פסיפלורה ואשכולית אדומה פינוק 700 מ""ל",יוניליוור ישראל טיפוח אי,IL,תחליב רחצה פינוק 700מל שייק קיווי,מיליליטרים,700.00,"100 מ""ל",false,1,11.90,1.7000,true,1,334696
7290116531922,false,דג דג חטיף ט.קטשופ235גרם,"דרך השוקולד ,1 צפת 13404",IL,חטיפי דג דג בטעם קטשופ 235 גרם,גרמים,235.00,100 גרם,false,12,10.90,4.6383,true,1,333942
7290116531977,false,אקס דאודורנט בודי ספריי סקייטבורד וורדים,"קוסטר אירוסול, גבזה 4140",GB,דאודורנט אקס אקסייט ספריי גוף 150מל,מיליליטרים,150.00,"100 מ""ל",false,1,19.90,13.2667,true,1,337435
7290116532011,false,קליק אוקיי נוגט בציפוי שוקולד חלב 35 גרם,תות תעשיות מזון (2014) ב,IL,חטיף קליק נוגט 35 גרם,Unknown,0.00,Unknown,false,1,5.00,0.0000,true,1,338395
7290116532028,false,"קליק חטיף נוגט שוקולד חלב כשלפ, 35 גרם","דרך השוקולד ,1 צפת 13404",IL,חטיף קליק מלוי נוגט כשלפ 35 גרם,Unknown,0.00,Unknown,false,1,5.00,0.0000,true,1,334677
7290116532035,false,קליק קורנפלקס חום לבן כשר לפסח 65 גרם,"דרך השוקולד ,1 צפת 13404",IL,חטיף קליק קורנפלקס כשלפ65 גר,Unknown,0.00,Unknown,false,1,6.50,0.0000,true,1,334679
7290116532042,false,קליק כריות נוגט כשר לפסח 65 גרם,"דרך השוקולד 1, צפת 1",IL,חטיף קליק כריות נוגט כשלפ 65 גר,Unknown,0.00,Unknown,false,1,6.50,0.0000,true,1,334678
7290116532240,false,קליק טבלה שוקולד חלב פצפוצי דגנים ועוגי 85 גרם רבנות,יוניליוור ישראל מזון בע\,IL,שוקולד קליק פיצפוצי דגנים 85 ג,Unknown,0.00,Unknown,false,1,5.90,0.0000,true,1,335309
7290116532264,false,מאגדת גודיז פרי אפרסק יוגורט בציפוי 300 ג' שטראוס,"גלידת שטראוס בע""\מ, רחוב",IL,מאגדת שלגון גודיס אפרסק 5יח,יחידה,5.00,יחידה,false,1,24.90,4.9800,true,1,335210
7290116532370,false,"מארז זוג מרכך כביסה בדין אקסטרה יסמין 960 מ""ל",יוניליוור סנאיי וי טיקאר,IL,מארז מרכך כביסה בדין אקסטרא 2יח 960מל,מיליליטרים,1920.00,"100 מ""ל",false,6,25.90,1.3490,true,1,334692
7290116532394,false,"אל סבון ידיים נוזלי חמאת קקאו 950 מ""ל פינוק",יוניליוור ישראל טיפוח אי,TR,סבון ידיים פינוק נוזלי חמאת קקאו 950מל,מיליליטרים,950.00,"100 מ""ל",false,8,12.90,1.3579,true,1,334698
7290116532400,false,בייגל בייגל בייגלה מקלות עם מלח 235ג,בייגל בייגל,IL,בייגלה מקלות מלוח 235 גרם בדצ,גרמים,225.00,100 גרם,false,1,6.90,3.0667,true,1,336372
7290116532462,false,גלידת שמנת קליק בטעמי שוקולד בננה 384 ג' שטראוס,"גלידת שטראוס בע""\מ, רחוב",IL,גלידה פיינט קליק שוקולד בננה 520מל,מיליליטרים,520.00,"100 מ""ל",false,6,16.90,3.2500,true,1,335438
7290116532479,false,קליק גלידת שמנת בטעמי שוקולד לבן עוגיות 384 ג' שטראוס,"גלידת שטראוס בע""\מ, רחוב",IL,גלידה פיינט קליק שוק.לבן קרם עוגיות520מל,מיליליטרים,520.00,"100 מ""ל",false,6,16.90,3.2500,true,1,335437
7290116532486,false,גלידת שמנת קליק בטעמי וניל קרמל מלוח 384 ג' שטראוס,"גלידת שטראוס בע""\מ, רחוב",IL,גלידה פיינט קליק וניל קרמל מלוח 520מל,מיליליטרים,520.00,"100 מ""ל",false,6,16.90,3.2500,true,1,335439
7290116532585,false,דגני בוקר ברנפלקס קרנצ'ים בטעם דבש וקינמון,"יוניליוור שפע ישראל בע""\",IL,דגני ברנפלקס קרנצים דבש קינמון 375 גר,גרמים,375.00,100 גרם,false,1,19.90,5.3067,true,1,336368
7290116532721,false,רוטב הלמנס ישראלי לסלט לימון וזעתר 305 ג,אתר חיפה ממרחים - Fo,IL,הלמנס רוטב ישראלי לסלט 295 גרם,גרמים,295.00,100 גרם,false,1,12.90,4.3729,true,1,337191
7290116532738,false,רוטב איטלקי לסלט בזיליקום ואורגנו 305 גרם,אתר חיפה ממרחים - Fo,IL,הלמנס רוטב איטלקי לסלט 295 גרם,גרמים,295.00,100 גרם,false,1,12.90,4.3729,true,1,337190
7290116532769,false,גרנולה פרוטאין גרנולה חלבון תפוח וקינמון תלמה 300 גרם,חטיפי העמק,IL,גרנולה תלמה פרוטאין תפוח קינמון300 גר,גרמים,300.00,100 גרם,false,1,15.90,5.3000,true,1,336206
7290116532868,false,פינוק בייבי שמפו אל דמע לתינוקות 900 מל,יוניליוור ישראלn\טיפוח א,IL,שמפו פינוק בייבי 900 מל,מיליליטרים,900.00,"100 מ""ל",false,12,21.90,2.4333,true,1,336877
7290116532875,false,פינוק בייבי אל סבון לתינוקות 970 מל-משאבה,יוניליוור ישראלn\טיפוח א,IL,סבון נוזלי פינוק בייבי 900 מל,מיליליטרים,900.00,"100 מ""ל",false,12,21.90,2.4333,true,1,336875
7290116533063,false,דגני בוקר שוגי קרטיב ענבים 400 גרם,"יוניליוור שפע ישראל בע""\",IL,דגני שוגי קרטיב ענבים 400 גרם,גרמים,375.00,100 גרם,false,1,19.90,5.3067,true,1,336369
7290116533094,false,"פינוק שמפו שיער בניחוח ורדים לבנים 700 מ""ל",יוניליוור ישראל טיפוח אי,IL,שמפו פינוק 700 מל בניחוח ורדים לבנים,מיליליטרים,700.00,"100 מ""ל",false,1,11.90,1.7000,true,1,337441
7290116533100,false,"פינוק מרכך שיער בניחוח ורדים לבנים 700 מ""ל",יוניליוור ישראל טיפוח אי,IL,מרכך פינוק 700 מל בניחוח ורדים לבנים,מיליליטרים,700.00,"100 מ""ל",false,1,11.90,1.7000,true,1,337442
7290116533117,false,"פינוק - תחליב רחצה בניחוח ורדים לבנים 700 מ""ל",יוניליוור ישראל טיפוח אי,IL,תחליב רחצה פינוק ניחוח ורדים לבנים 700מל,מיליליטרים,700.00,"100 מ""ל",false,1,11.90,1.7000,true,1,337440
7290116533230,false,דגני בוקר דליאגוז תל,יוניליוור,IL,דגני דליאגוז תלמה 400 גר בדץ,גרמים,400.00,100 גרם,false,1,19.90,4.9750,true,1,338394
7290116930077,false,יוגורט יופלה דיאט אפרסק פסיפלורה 0% שומן,"תנובה בע""מ",IL,יוגורט יופלה דיאט אפרסק פסיפלורה 0% 150ג,גרמים,150.00,100 גרם,false,1,5.50,3.6667,true,1,334130
7290116930282,false,ארוחה בקטנה לאבנה עם קרקרים 150ג' תנובה,תנובה חלב,IL,ארוחה בקטנה לאבנה עם קרקרים 150גר,גרמים,150.00,100 גרם,false,24,8.50,5.6667,true,1,336727
7290116930329,false,יופלה יוגורט בטעם ונ,"תנובה בע""\מ",IL,יוגורט יופלה אוללה פירות יער בתחתית150גר,גרמים,150.00,100 גרם,false,1,5.10,3.4000,true,1,334194
7290116930435,false,יוגורט יופלה GO במרקם סמיך עם דובדבן 0%,תנובה מרכז שיתופי לש,IL,מעדן יופלה גו דובדבן במרקם סמיך 200גר,מיליליטרים,200.00,"100 מ""ל",false,1,6.20,3.1000,true,1,335325
7290116930459,false,"יופלה שייק מנגו בננה אננס וקוקוס 230 מ""ל",קבוצת המזון אקטשלאר,IL,יופלה שייק 230מל אננס וקוקוס,מיליליטרים,230.00,"100 מ""ל",false,12,7.90,3.4348,true,1,336426
7290116930466,false,"משקה SHAKE בננה מנגן פסיפלורה והל 230 מ""ל יופלה",קבוצת המזון אקטשלאר,IL,יופלה שייק 230מל מנגו בננה פסיפלורה והל,מיליליטרים,230.00,"100 מ""ל",false,12,7.90,3.4348,true,1,336425
7290116930480,false,"משקה SHAKE בננה קיווי תפוח 230 מ""ל יופלה",קבוצת המזון אקטשלאר,IL,יופלה שייק 230מל בננה קיווי תפוח,מיליליטרים,230.00,"100 מ""ל",false,12,7.90,3.4348,true,1,336424
7290116930497,false,פלח גבינה כחולה 100 גרם,"פיקוס דה אירופה ס.ל. , פ",ES,גבינה כחולה 100 גרם,גרמים,100.00,100 גרם,false,8,15.90,15.9000,true,1,335320
7290116930558,false,ויסוצקי משקה תה קר עם חלב בטעם צאי קרמל,תנובה חלב,IL,משקה תה קר עם חלב טעם צאי קרמל 230מל,גרמים,230.00,100 גרם,false,8,6.90,3.0000,true,1,336215
7290116930565,false,ויסוצקי משקה תה קר עם חלב בטעם צאי מסאלה,תנובה חלב,IL,משקה תה קר עם חלב טעם צאי מסאלה 230מל,גרמים,230.00,100 גרם,false,8,6.90,3.0000,true,1,336216
7290116930572,false,ויסוצקי משקה תה קר עם חלב בטעם צאי ורדים,תנובה חלב,IL,משקה תה קר עם חלב טעם צאי ורדים 230מל,גרמים,230.00,100 גרם,false,8,6.90,3.0000,true,1,336451
7290116930596,false,סינר חג ילדים,,,סינר חג ילדים,יחידה,1.00,יחידה,false,1,9.90,9.9000,true,1,335409
7290116930626,false,ארוחה בקטנה ציזיקי עם קרקרים 150ג' תנובה,תנובה חלב,IL,ארוחה בקטנה ציזיקי עם קרקרים 150גר,גרמים,150.00,100 גרם,false,24,8.50,5.6667,true,1,336728
7290116930633,false,יולו בייגלה שוק.בלונד120,תנובה בעמ,IL,מעדן יולו שוק. בלונד תוספת שברי בייגל120,גרמים,120.00,100 גרם,false,1,5.00,4.1667,true,1,336214
7290116930640,false,יולו בייגלה שוקול.חלב120,תנובה בעמ,IL,מעדן יולו שוק. חלב בתוספת שברי בייגלה120,גרמים,120.00,100 גרם,false,1,5.00,4.1667,true,1,336213
7290116930657,false,"משקה חלב גו בטעם בננה תמר בתוספת שיבולת שועל במרקם חלק 340 מ""ל",תנובה מרכז שיתופי לש,IL,משקה חלב גו 340 מל ט.בננה תמר וש.שועל,מיליליטרים,340.00,"100 מ""ל",false,20,8.90,2.6176,true,1,338309
7290116930701,false,מעדן חלב GO מועשר בחלבון בטעם קרמל מלוח,תנובה מרכז שיתופי לש,IL,מעדן יופלה גו ט.קרמל מלוח12גר חלבון 120ג,גרמים,120.00,100 גרם,false,20,5.20,4.3333,true,1,336210
7290116930718,false,מעדן תנובה דיאט בטעם שוקולד וקרמל מלוח 0% 150ג' תנובה,"תנובה בע""\מ",IL,מעדן תנובה דיאט שוקולד קרמל מלוח 150 גר,גרמים,150.00,100 גרם,false,1,4.50,3.0000,true,1,336530
7290116930725,false,סויה BIO קוקוס גביע 150 גרם אלטרנטיב,תנובה חלב,IL,מעדן סויה ביו קוקוס אלטרנטיב 150גר,גרמים,150.00,100 גרם,false,48,4.90,3.2667,true,1,336688
7290116930954,false,יוגורט טעם פאי תפוחים 3% 150 ג' יופלה,"תנובה בע""\מ",IL,יוגורט יופלה טעם פאי תפוחים 150גר,גרמים,150.00,100 גרם,false,1,5.50,3.6667,true,1,338306
7290116931012,false,יופלה דיאט 0% שומן תפוח וקינמון 150 גרם,תנובה מרכז שיתופי לש,IL,יוגורט יופלה דיאט תפוח קינמון 150גר,גרמים,150.00,100 גרם,false,1,5.50,3.6667,true,1,338307
7290116931081,false,מעדן סויה - טופי קרמל 125 גרם אלטרנטיב,תנובה מרכז שיתופי לש,IL,מעדן סויה בטעם טופי קרמל 125 גרם,מיליליטרים,125.00,"100 מ""ל",false,1,4.90,3.9200,true,1,336729
7290116931104,false,יופלה GO במרקם סמיך עם אננס 0% תנובה 200 גרם,תנובה חלב,IL,יוגורט יופלה גו אננס במרקם סמיך 200גר,מיליליטרים,200.00,"100 מ""ל",false,1,6.20,3.1000,true,1,336687
7290116931159,false,יופלה דיאט 0% שומן תות בננה 150 גרם,תנובה מרכז שיתופי לש,IL,יוגורט יופלה דיאט תות בננה 150גר,גרמים,150.00,100 גרם,false,1,5.50,3.6667,true,1,338308
7290116931289,false,יופלה גו במרקם סמיך אלפחורס 200מל,תנובה מרכז שיתופי לש,IL,מעדן יופלה גו אלפחורס במרקם סמיך 200גר,מיליליטרים,200.00,"100 מ""ל",false,1,6.20,3.1000,true,1,338578
7290117260043,false,ריבת עלי ורדים ויליפוד 380 גרם,וילי פוד,TR,ריבת עלי ורדים 380 גרם,גרמים,380.00,100 גרם,false,12,10.90,2.8684,true,1,332699
7290117260050,false,קונפיטורה חבושים ויליפוד 380 גרם,וילי פוד,TR,קונפיטורה חבושים 380 גרם,גרמים,380.00,100 גרם,false,12,10.90,2.8684,true,1,332700
7290117260579,false,חטיף קראנצ'י על בסיס קמח עדשים בטעם שמנת חמוצה ובצל 80 ג',וילי פוד,LT,חטיף לנטיל ציפס קמח עדשים שמנת חמ 80 גרם,Unknown,0.00,Unknown,false,28,9.90,0.0000,true,1,337465
7290117260586,false,חטיף קראנצ'י על בסיס קמח עדשים בטעם פלפל חלפיניו וליים 80 ג',וילי פוד,LT,חטיף לנטיל ציפס קמח עדשים פלפל חל 80 גרם,Unknown,0.00,Unknown,false,28,9.90,0.0000,true,1,337464
7290117260593,false,חטיף קראנצ'י על בסיס קמח עדשים בטעם צ'דר 80 ג',וילי פוד,LT,חטיף לנטיל ציפס קמח עדשים צדר 80 גרם,Unknown,0.00,Unknown,false,28,9.90,0.0000,true,1,337463
7290117260647,false,תן בו שוק.מריר וקוקוס100,,DK,תן בו ציפוי ט.שוקולד מריר שבבי קוקוס100ג,גרמים,100.00,100 גרם,false,24,9.90,9.9000,true,1,333844
7290117260937,false,קרקרים עם עגבניות ואורגנו ללא גלוטן 125 ג' ויליפוד,ארמנדומודיאה אס.אר.א,IT,קרקרים ללא גלוטן עם עגבניות אורגני 125ג,גרמים,125.00,100 גרם,false,6,9.90,7.9200,true,1,335401
7290117260951,false,ביסקוויטים ללא גלוטן ופירות הדר ויליפוד 125 גרם,וילי פוד,IT,ביסקוויט ללא גלוטן פירות הדר 125גר כשלפ,גרמים,125.00,100 גרם,false,6,9.90,7.9200,true,1,335403
7290117260968,false,ביסקוויטים ללא גלוטן ויליפוד 125 גרם,מודיאה אס.אר.אל,IT,ביסקוויט ללא גלוטן 125 גר כשלפ,גרמים,125.00,100 גרם,false,6,9.90,7.9200,true,1,335402
7290117261521,false,סלמון אטלנטי בשמן קנולה 120 גרם ויליפוד,קריות זול,LV,סלמון אטלנטי בשמן קנולה 120 גרם,גרמים,120.00,100 גרם,false,11,10.90,9.0833,true,1,337457
7290117261545,false,סלמון אטלנטי ברוטב טריאקי 120 גרם ויליפוד,קריות זול,LV,סלמון אטלנטי ברוטב טריאקי 120 גרם,גרמים,120.00,100 גרם,false,11,10.90,9.0833,true,1,337462
7290117261552,false,סלמון אטלנטי ברוטב עגבניות 120 גרם ויליפוד,קריות זול,LV,סלמון אטלנטי ברוטב עגבניות 120 גרם,גרמים,120.00,100 גרם,false,11,10.90,9.0833,true,1,337461
7290117261569,false,סלמון אטלנטי מעושן בשמן קנולה 120 גרם ויליפוד,קריות זול,LV,סלמון אטלנטי מעושן בשמן קנולה 120 גרם,גרמים,120.00,100 גרם,false,11,10.90,9.0833,true,1,337458
7290117261576,false,סרדינים בריסלינג מעושנים ברוטב עגבניות 185 גרם צנצנת,קריות זול,LV,סרדין בריסלינג מעושן ברוטב עגבנ 185 גרם,גרמים,185.00,100 גרם,false,28,13.90,7.5135,true,1,337468
7290117261583,false,סרדינים בריסלינג מעושנים בשמן קנולה 129 גרם (צנצנת),גולדן פרייז קאנינג אל.טי,LV,סרדין בריסלינג מעושן בשמן קנולה 185 גרם,גרמים,185.00,100 גרם,false,28,13.90,7.5135,true,1,337466
7290117261590,false,סרדינים בריסלינג מעושנים בשמן זית 185 גרם צנצנת,גולדן פרייז קאנינג אל.טי,LV,סרדין בריסלינג מעושן בשמן זית 185 גרם,גרמים,185.00,100 גרם,false,28,13.90,7.5135,true,1,337467
7290117261934,false,בסיסים לחצ'פורי ומאפים מוקפאים 460 גרם ויליפוד,,GR,בסיס לחצופרי קפוא 460גר,גרמים,460.00,100 גרם,false,14,14.90,3.2391,true,1,337049
7290117262023,false,ארטישוק אלה רומנו בש,,IT,ארטישוק אלה רומנו בשמן זית ותבלינים510גר,גרמים,510.00,100 גרם,false,12,31.90,6.2549,true,1,337456
7290117380154,false,"מאסטר שף רוטב אסיאתי עם סויה 260 מ""ל",רמייה,NL,רוטב אסיאתי לסלט מאסטר שף 264 מל,גרמים,264.00,100 גרם,false,6,9.90,3.7500,true,1,335143
7290117380192,false,חטיף פוף קראנץ בטעם גריל 60 גרם,מנה,IL,חטיף מנה פוף קראנץ גריל 60 גר,Unknown,0.00,Unknown,false,1,3.90,0.0000,true,1,333219
7290117380208,false,חטיף פוף קראנץ בטעם חמוץ חריף 60 גרם,מנה,IL,חטיף מנה פוף קראנץ חמוץ חריף 60 גר,Unknown,0.00,Unknown,false,1,3.90,0.0000,true,1,333220
7290117380215,false,חטיף פוף קראנץ בטעם טאקו 60 גרם,מנה,IL,חטיף מנה פוף קראנץ טאקו 60 גר,Unknown,0.00,Unknown,false,1,3.90,0.0000,true,1,333221
7290117380857,false,"מרבה סלים דליס פייבר עוגות אישיות בטעם לימון, 120 גרם",שסטוביץ,NL,חטיף פייבר סלים דליס לימון 5 יח 120 ג,גרמים,120.00,100 גרם,false,12,11.90,9.9167,true,1,335639
7290117380864,false,סלים דליס פייבר עוגות בראוניס אישיות בטעם שוקולד 120 גרם,הלמה הלום,NL,חטיף פייבר סלים דליס בראוניז 5 יח 120 ג,גרמים,120.00,100 גרם,false,12,11.90,9.9167,true,1,335640
7290117380871,false,סלים דליס פייבר עוגות אישיות בטעם אוכמניות 120 גרם,הלמה הלום,NL,חטיף פייבר סלים דליס אוכמניות 5 יח 120 ג,גרמים,120.00,100 גרם,false,12,11.90,9.9167,true,1,335638
7290117383711,false,"מארז זוג תחליב רחצה חלב ודבש *750 מ""ל פלמוליב",קולגייט פלמוליב,TR,זוג אל סבון פלמוליב 750מל חלב ודבש,מיליליטרים,1500.00,"100 מ""ל",false,12,30.00,2.0000,true,1,337700
7290117383728,false,"מארז זוג תחליב רחצה לומינוס  אבוקדו 750 מ""ל פלמוליב",קולגייט פלמוליב,TR,זוג אל סבון פלמוליב 750מל לומינוס אבוקדו,מיליליטרים,1500.00,"100 מ""ל",false,12,30.00,2.0000,true,1,337701
7290117383735,false,"מארז זוג תחליב רחצה חימר ורדים *750 מ""ל פלמוליב",קולגייט פלמוליב,TR,זוג אל סבון פלמוליב 750מל חימר ורדים,מיליליטרים,1500.00,"100 מ""ל",false,12,30.00,2.0000,true,1,337702
7290117767702,false,כפפות לטקס חד פעמי ל,,,כפפות לטקס חד פעמי לארג 100 יח עם אבקה,יחידה,100.00,יחידה,false,1,19.90,0.1990,true,1,336136
7290117860038,false,"הוואי - תחליב רחצה יוגורט בניחוח אוכמניות 700 מ""ל","טרופיקל דגיל בע""\מ",IL,ת. רחצה הוואי 700מל ניחוח אוכמניות חדש,מיליליטרים,700.00,"100 מ""ל",false,12,14.90,2.1286,true,1,338363
7290117860045,false,שמפו תמציות אלוורה ותה ירוק לשיער רגיל,"טרופיקל דגיל בע""\מ",IL,שמפו הוואי 700מל מטפח לשיער רגיל חדש,מיליליטרים,700.00,"100 מ""ל",false,12,14.90,2.1286,true,1,338342
7290117860083,false,"הוואי קרם רחצה יוגורט בניחוח אירוס זהוב ודבש 700 מ""ל","טרופיקל דגיל בע""\מ",IL,ת. רחצה הוואי 700מל ניחוח וניל דבש חדש,מיליליטרים,700.00,"100 מ""ל",false,12,14.90,2.1286,true,1,338365
7290117860090,false,מרכך תמציות אלוורה ותה ירוק לשיער רגיל,"טרופיקל דגיל בע""\מ",IL,מרכך הוואי 700מל מטפח לשיער רגיל חדש,מיליליטרים,700.00,"100 מ""ל",false,12,14.90,2.1286,true,1,338349
7290117860137,false,"הוואי קרם רחצה יוגורט בניחוח פרח הקמליה 700 מ""ל","טרופיקל גליל בע""מ",IL,ת. רחצה הוואי 700מל ניחוח פרח קמליה חדש,מיליליטרים,700.00,"100 מ""ל",false,12,14.90,2.1286,true,1,338364
7290117860144,false,הוואי שמפו פירות אקזוטיים וקלנדולה 700,"טרופיקל דגיל בע""\מ",IL,שמפו הוואי 700מל למניעת קשקשים חדש,מיליליטרים,700.00,"100 מ""ל",false,12,14.90,2.1286,true,1,338343
7290117860182,false,"הוואי - תחליב רחצה בניחוח מגנוליה ושמן שקדים 700 מ""ל","טרופיקל דגיל בע""\מ",IL,ת. רחצה הוואי 700מל מגנוליה שמן שקד חדש,מיליליטרים,700.00,"100 מ""ל",false,12,14.90,2.1286,true,1,338360
7290117860199,false,שמפו שמן ורד הבר ושמן מקדמיה לשיער יבש,"טרופיקל דגיל בע""\מ",IL,שמפו הוואי 700מל מעניק לחות שיער יבש חדש,מיליליטרים,700.00,"100 מ""ל",false,12,14.90,2.1286,true,1,338341
7290117860243,false,"הוואי - מרכך מעניק לחות לשיער יבש 700 מ""ל","טרופיקל דגיל בע""\מ",IL,מרכך הוואי 700מל מעניק לחות שיער יבש חדש,מיליליטרים,700.00,"100 מ""ל",false,12,14.90,2.1286,true,1,338350
7290117860281,false,"הוואי - ג'ל רחצה לגבר בניחוח עוצמתי 700 מ""ל","טרופיקל דגיל בע""\מ",IL,גל רחצה הוואי 700מל לגבר ניחוח עוצמת חדש,מיליליטרים,700.00,"100 מ""ל",false,12,14.90,2.1286,true,1,338357
7290117860298,false,שמפו קומפלקס קרטין לשיער עדין או חלש,"טרופיקל דגיל בע""\מ",IL,שמפו הוואי 700מל קרטין מחזק חדש,מיליליטרים,700.00,"100 מ""ל",false,12,14.90,2.1286,true,1,338344
7290117860342,false,מרכך קומפלקס קרטין לשיער עדין או חלש,"טרופיקל דגיל בע""\מ",IL,מרכך הוואי 700מל קרטין מחזק חדש,מיליליטרים,700.00,"100 מ""ל",false,12,14.90,2.1286,true,1,338352
7290117860380,false,"תחליב רחצה יוגורט בניחוח אלוורה 700 מ""ל הוואי","טרופיקל דגיל בע""\מ",IL,ת. רחצה הוואי 700מל יוגורט אלוורה חדש,מיליליטרים,700.00,"100 מ""ל",false,12,14.90,2.1286,true,1,338366
7290117860397,false,שמפו תמצית פריחת הדובדבן לשיער רגיל,"טרופיקל דגיל בע""\מ",IL,שמפו הוואי 700מל פריחת הדובדבן חדש,מיליליטרים,700.00,"100 מ""ל",false,12,14.90,2.1286,true,1,338338
7290117860496,false,"הוואי שמפו + מרכך 2 ב-1 לגבר 700 מ""ל-חדש","טרופיקל גליל בע""מ",IL,שמפו+מרכך הוואי 700מל 2ב1 לגבר חדש,מיליליטרים,700.00,"100 מ""ל",false,12,14.90,2.1286,true,1,338339
7290117860540,false,הוואי שמפו לילדים רוזמרין מנגו ומשמש 700,"טרופיקל דגיל בע""\מ",IL,שמפו הוואי 700מל עדין לילדים חדש,מיליליטרים,700.00,"100 מ""ל",false,12,14.90,2.1286,true,1,338345
7290117860595,false,הוואי מרכך לילדים רוזמרין מנגו ומשמש 700,"טרופיקל דגיל בע""\מ",IL,מרכך הוואי 700מל מתיר קשרים לילדים חדש,מיליליטרים,700.00,"100 מ""ל",false,12,14.90,2.1286,true,1,338353
7290117860649,false,הוואי שמפו קרטין קיק ללא סולפטים 700 מל,"טרופיקל דגיל בע""\מ",IL,שמפו הוואי 700מל ללא סולפטים חדש,מיליליטרים,700.00,"100 מ""ל",false,12,14.90,2.1286,true,1,338346
7290117860694,false,הוואי מרכך קרטין קיק ללא סולפטים 700 מל,"טרופיקל דגיל בע""\מ",IL,מרכך הוואי 700מל ללא סולפטים חדש,מיליליטרים,700.00,"100 מ""ל",false,12,14.90,2.1286,true,1,338354
7290117860748,false,הוואי שמפו תמצית יסמין מעניק נפח 700 מל,"טרופיקל דגיל בע""\מ",IL,שמפו הוואי 700מל מעניק נפח חדש,מיליליטרים,700.00,"100 מ""ל",false,12,14.90,2.1286,true,1,338348
7290117860793,false,הוואי מרכך תמצית יסמין מעניק נפח 700 מל,"טרופיקל דגיל בע""\מ",IL,מרכך הוואי 700מל מעניק נפח חדש,מיליליטרים,700.00,"100 מ""ל",false,12,14.90,2.1286,true,1,338355
7290117860847,false,"הוואי רעננות מושלמת לגבר לשיער, גוף, פנים וזקן","טרופיקל גליל בע""מ",IL,שמפו הוואי 700מל לגבר 4ב1 רעננות קר חדש,מיליליטרים,700.00,"100 מ""ל",false,12,14.90,2.1286,true,1,338347
7290117860892,false,"הוואי - תחליב רחצה יוגורט בניחוח וניל ודבש 700 מ""ל","טרופיקל דגיל בע""\מ",IL,ת. רחצה הוואי 700מל יוגורט וניל ודבש חדש,מיליליטרים,700.00,"100 מ""ל",false,12,14.90,2.1286,true,1,338358
7290117860946,false,"תחליב רחצה יוגורט בניחוח קוקוס 700 מ""ל הוואי","טרופיקל דגיל בע""\מ",IL,ת. רחצה הוואי 700מל יוגורט קוקוס חדש,מיליליטרים,700.00,"100 מ""ל",false,12,14.90,2.1286,true,1,338359
7290117860991,false,"תחליב רחצה יוגורט בניחוח שקדים 700 מ""ל הוואי","טרופיקל דגיל בע""\מ",IL,ת. רחצה הוואי 700מל ניחוח שקדים חדש,מיליליטרים,700.00,"100 מ""ל",false,12,14.90,2.1286,true,1,338362
7290117900932,false,גרעין אבטיח קלוי 130 גרם,דין שיווק וקלייה בעמ,IL,גרעיני אבטיח קלויים שקדיה 130 גרם בגביע,גרמים,130.00,100 גרם,false,1,10.00,7.6923,true,1,336430
7290117900949,false,בוטנים מצופים אמריקאים 250 גרם,"שקדיה גבע תעשיות בע""",IL,בוטנים אמריקאים שקדיה 250 גרם בגביע,גרמים,250.00,100 גרם,false,1,10.00,4.0000,true,1,336429
7290117900956,false,תערובת פיצוחים קלויים ששון הקולה 180 גרם,"שקדיה גבע תעשיות בע""",IL,תערובת פיצוחים קלויים שקדיה180 גרם בגביע,גרמים,180.00,100 גרם,false,1,15.90,8.8333,true,1,336440
7290117900963,false,בוטנים קלויים ששון ה,דין שיווק וקלייה בעמ,IL,בוטנים קלויים שקדיה 270 גרם בגביע,גרמים,270.00,100 גרם,false,1,10.00,3.7037,true,1,336432
7290117900970,false,שקדים קלויים ששון הקולה 180 גם,דין שיווק וקלייה בעמ,IL,שקדים קלויים שקדיה 180 גרם בגביע,גרמים,180.00,100 גרם,false,1,15.90,8.8333,true,1,336433
7290117900987,false,אגוז פקאן קלוף ששון הקולה 140 גרם,"שקדיה גבע תעשיות בע""",IL,אגוז פקאן קלוף שקדיה 140 גרם בגביע,גרמים,180.00,100 גרם,false,1,15.90,8.8333,true,1,336434
7290117900994,false,פקאן סיני מסוכר ששון הקולה 140 גרם,"שקדיה גבע תעשיות בע""",IL,פקאן סיני מסוכר שקדיה 140 גרם בגביע,גרמים,140.00,100 גרם,false,1,15.90,11.3571,true,1,336435
7290117901007,false,פיסטוקים קלויים ששון הקולה 130 גרם,"שקדיה גבע תעשיות בע""",IL,פיסטוק קלוי שקדיה 130 גרם בגביע,גרמים,130.00,100 גרם,false,1,15.90,12.2308,true,1,336436
7290117901014,false,קשיו קלוי ששון הקולה 160 גרם,"שקדיה גבע תעשיות בע""",IL,קשיו קלוי שקדיה 160 גרם בגביע,גרמים,160.00,100 גרם,false,1,15.90,9.9375,true,1,336437
7290117901021,false,קבוקים בוטנים מצופים עם שומשום 220 גרם,"שקדיה גבע תעשיות בע""",IL,קבוקים עם שומשום שקדיה 220 גרם בגביע,גרמים,220.00,100 גרם,false,1,10.00,4.5455,true,1,336431
7290117901038,false,אגוזי מלך קלופים ששון הקולה 190 גרם,"שקדיה גבע תעשיות בע""",IL,אגוזי מלך קלופים שקדיה190 גרם בגביע,גרמים,190.00,100 גרם,false,1,15.90,8.3684,true,1,336441
7290117901045,false,בוטן רביולי ששון הקולה 200 גרם,דין שיווק וקלייה בעמ,IL,בוטן רביולי שקדיה 200 גרם בגביע,גרמים,200.00,100 גרם,false,1,15.90,7.9500,true,1,336438
7290117901052,false,שקדים קלופים ששון הק,"שקדיה גבע תעשיות בע""",IL,שקד טבעי קלוף שקדיה 180 גרם בגביע,גרמים,180.00,100 גרם,false,1,15.90,8.8333,true,1,336439
7290117901199,false,טורטיה על גחלים שקדיה 520 גרם,מוטלוקל,TR,טורטיה טורטילס על גחלים 520 גרם,גרמים,520.00,100 גרם,false,1,10.90,2.0962,true,1,337599
7290117901205,false,טורטיה דגנים בתוספת שומשום ופשתן שקדיה 420 גרם,מוטלוקל,TR,טורטיה טורטילס שומשום ופשתן 450 גרם,גרמים,450.00,100 גרם,false,1,10.90,2.4222,true,1,337598
7290117901243,false,ממרח פלפלים אדומים קלווים בתוספת ארטישוק שקדיה 290 גרם,קרס סר-קאן גידה לטד,TR,ממרח פלפל אדום קלויי וארטישוק 290 גרם,גרמים,290.00,100 גרם,false,12,15.90,5.4828,true,1,337742
7290117901250,false,ממרח עגבניות מיובשות בתוספת זיתים ירוקים שקדיה 290 גרם,קרס סר-קאן גידה לטד,TR,ממרח עגבניות מיובשות וזית ירוק 290 גרם,גרמים,290.00,100 גרם,false,12,15.90,5.4828,true,1,337741
7290117901267,false,ממרח פלפלים אדומים וחצילים קלויים שקדיה 290 גרם,קרס סר-קאן גידה לטד,TR,ממרח פלפל אדום קלויי וחציל קלוי 290 גרם,גרמים,290.00,100 גרם,false,12,15.90,5.4828,true,1,337743
7291044048834,false,כבל מאריך 2 3X1.5 מטר,,IL,כבל מאריך 2,יחידה,1.00,יחידה,false,1,18.90,18.9000,true,1,321109
7291044050004,false,נורה אקו טי2 15וואט,,IL,נורה אקו טי2 15וואט ספירל אי14 די אל,יחידה,1.00,יחידה,false,1,23.90,23.9000,true,1,321094
7291044053159,false,קומקום חשמלי פנינה 2 ליטר יונדאי,,IL,קומקום חשמלי 2 ליטר יונדאי פנינה,יחידה,1.00,יחידה,false,1,75.00,75.0000,true,1,321114
7291044056013,false,מפזר חום שוכב/עומד 2000W יונדאי,יונדאי Hyundai,,מפזר חום שוכב/עומד יונדאי 2000 וואט,יחידה,1.00,יחידה,false,1,69.90,69.9000,true,1,324801
7291044064025,false,מגהץ אדים 220 W קרמי יונדאי,,IL,מגהץ אדים 2200וואט קרמי יונדאי,יחידה,1.00,יחידה,false,1,69.00,69.0000,true,1,321390
7291044066289,false,טוסטר לחיצה ל-4 פרוסות גריל HY,,IL,טוסטר לחייצה 4 פרוסות יונדאי,יחידה,1.00,יחידה,false,1,145.00,145.0000,true,1,321385
7291044066296,false,טוסטר לחיצה 2 פרוסות גריל HYUNDAI,יונדאי Hyundai,IL,טוסטר לחיצה ל2 פרוסות גריל יונדאי,יחידה,1.00,יחידה,false,1,75.00,75.0000,true,1,321122
7291044075847,false,פ.נטען 24X0.5W LED תל אביב SMD,,,פנס נישא תל אביב 25סמ 12וואט,יחידה,1.00,יחידה,false,1,59.90,59.9000,true,1,337727
7291044079135,false,מגן ברקים תקע שקע,,IL,מגן ברקים תקע שקע,יחידה,1.00,יחידה,false,1,24.90,24.9000,true,1,321106
7291044081268,false,זוג נורות לד DL 10W E27 A60 SAFETY,,IL,זוג נורות לד 10וואט איי60 אי 27 די אל,יחידה,2.00,יחידה,false,1,13.90,6.9500,true,1,321087
7291044081305,false,זוג נורות לד DL 12W E27 A60 SAFETY,,IL,זוג נורות לד 12וואט איי60 אי 27 די אל,יחידה,2.00,יחידה,false,1,14.90,7.4500,true,1,321090
7291044081404,false,זוג נורות לד נר 8ווא,,IL,זוג נורות לד נר 8וואט אי 14 סאפטי די אל,יחידה,2.00,יחידה,false,1,15.90,7.9500,true,1,321403
7291044081411,false,זוג נורות לד נר 8ווא,,IL,זוג נורות לד נר 8וואט אי 14 סאפטי דאבל י,יחידה,2.00,יחידה,false,1,15.90,7.9500,true,1,321404
7291044091304,false,מיקסר יד חשמל יונדאי סמיקום לקסיס 250W,יונדאי Hyundai,IL,מיקסר יד חשמלי 250וואט יונדאי,יחידה,1.00,יחידה,false,1,85.00,85.0000,true,1,321130
7291044091311,false,קוצץ ירקות (200W (1-2-3 יונדאי,יונדאי Hyundai,IL,קוצץ ירקות 200וואט יונדאי,יחידה,1.00,יחידה,false,1,112.00,112.0000,true,1,321127
7291044094336,false,מנורות זוג 26W ספירל יונדאי,,IL,זוג נורות לד 15וואט איי60 אי 27 די אל,יחידה,2.00,יחידה,false,1,17.90,8.9500,true,1,321093
7291044094343,false,זוג נורות לד WW 15W E27 A60 SAFETY,,IL,זוג נורות לד 15וואט איי60 אי 27 דאבל יו,יחידה,2.00,יחידה,false,1,17.90,8.9500,true,1,321092
7291044096026,false,טוסטר לחיצה ל 2 פרוסות גריל שחור סמיקום לקסיס,יונדאי Hyundai,IL,טוסטר לחיצה ל2 פרוסות גריל שחור,יחידה,1.00,יחידה,false,1,59.90,59.9000,true,1,321120
7291044097061,false,מצנם ל-2 פרוסות יונדאי 750W שחור,,IL,מצנם ל2 פרוסות 750וואט יונדאי שחור,יחידה,1.00,יחידה,false,1,74.00,74.0000,true,1,321124
7291044099225,false,קומקום חשמלי שחור 1.7 ליטר יונדאי,,IL,קומקום חשמלי 1.7 ליטר יונדאי שחור,יחידה,1.00,יחידה,false,1,72.00,72.0000,true,1,321116
7291044099249,false,קומקום חשמלי לבן 1.7 ליטר יונדאי,,IL,קומקום חשמלי 1.7 ליטר יונדאי לבן,יחידה,1.00,יחידה,false,1,72.00,72.0000,true,1,321117
7291044099850,false,מפצל חשמל 1 ל-4 פרפר,,IL,מפצל חשמל 1 ל4 פרפר,יחידה,1.00,יחידה,false,1,16.90,16.9000,true,1,321113
7291044101676,false,פנס נישא 6גי 3.6וואט,,,פנס נישא 6גי 3.6וואט,יחידה,1.00,יחידה,false,1,59.90,59.9000,true,1,324799
7291044101706,false,מפזר חום יונדאי 2000W,,,מפזר חום יונדאי 2000וואט,יחידה,1.00,יחידה,false,1,59.90,59.9000,true,1,324798
7291044103571,false,מפצל חשמל 1 ל-2 סמיקום,,IL,מפצל חשמל 1 ל2 סמיקום בליסטר,יחידה,1.00,יחידה,false,1,8.90,8.9000,true,1,321111
7291044109610,false,מארז 50יח מסכות פנים,,,מארז 50יח מסכות פנים כירוגיות ורודות,יחידה,50.00,יחידה,false,1,10.90,0.2180,true,1,330392
7296049223767,false,קרחום 400 מל צבעוני,,,קרחום 400 מל צבעוני קמפטאון,יחידה,1.00,יחידה,false,1,10.90,10.9000,true,1,325049
7296049223781,false,קרחום 600 מל צבעוני,,,קרחום 600 מל צבעוני קמפטאון,יחידה,1.00,יחידה,false,1,15.90,15.9000,true,1,325047
7296049223798,false,קרחום 1000מל צבעוני,,,קרחום 1000מל צבעוני קמפטאון,יחידה,1.00,יחידה,false,1,15.90,15.9000,true,1,325045
7296049225709,false,קולפן טריו שחור לקיט,,CN,קולפן טריו שחור לקיטשן,יחידה,1.00,יחידה,false,1,19.90,19.9000,true,1,329740
7296102061855,false,מטאטא ביאנקו BIANCO,,IL,מטאטא ביאנקו,יחידה,1.00,יחידה,false,12,19.90,19.9000,true,1,321055
7296102061862,false,מארז מטאטא+מקל,,PL,מטאטא הרמוני,יחידה,1.00,יחידה,false,12,19.90,19.9000,true,1,321057
7296168092923,false,תחתון חד פעמי רשתוני,איתן ספקים E,CN,תחתון חד פעמי רשתונים 4יח טיפטו,יחידה,4.00,יחידה,false,1,14.90,3.7250,true,1,310537
7296168705113,false,וולטרס קיסמי שיניים דנטליים,ארוינג טישו,CN,קיסמי שיניים,יחידה,100.00,יחידה,false,12,16.90,0.1690,true,1,296530
7297488097995,false,גרנולה דבש ללא גלוטן 250 גרם דגש,תות תעשיות מזון (201,IL,גרנולה דבש ללא גלוטן 250 גר,גרמים,250.00,100 גרם,false,1,14.90,5.9600,true,1,231277
7297488098015,false,גרנולה קרנץ' עם שוקולד צ'יפס מריר ללא גלוטן 250 גרם דגש,תות תעשיות מזון (201,IL,גרנולה קראנצ ללא גלוטן 250 גר,גרמים,250.00,100 גרם,false,1,14.90,5.9600,true,1,231279
7297488098152,false,דגש קמח חומוס ללא גל,אף.סי תבליני בגליל ב,IL,קמח חומוס דגש 500 גר ללא גלוטן,גרמים,500.00,100 גרם,false,15,16.90,3.3800,true,1,230271
7297488098169,false,"קמח תירס ללא גלוטן דג""ש","תבליני העליון בע""מ",IL,קמח תירס דגש 500 גר ללא גלוטן,גרמים,500.00,100 גרם,false,15,8.90,1.7800,true,1,229088
7297488098176,false,קמח סויה ללא גלוטן ד,אף.סי. תבליני הגליל,IL,קמח סויה דגש 500 גר ללא גלוטן,גרמים,500.00,100 גרם,false,15,8.90,1.7800,true,1,230929
7297488098183,false,קמח אורז ללא גלוטן 500 ג,"תבליני העליון בע""מ",IL,קמח אורז דגש 500 גר ללא גלוטן,גרמים,500.00,100 גרם,false,15,10.50,2.1000,true,1,230930
7297488098190,false,0 קמח אורז מלא ללא גלוטן,אף.סי תבליני בגליל ב,IL,קמח אורז מלא דגש 500 גר ללא גלוטן,גרמים,500.00,100 גרם,false,15,14.90,2.9800,true,1,230933
7297488098213,false,500 קמח קינואה ללא גלוטן,"תבליני העליון בע""מ",IL,קמח קינואה דגש 500 גר ללא גלוטן,גרמים,500.00,100 גרם,false,15,22.90,4.5800,true,1,230932
7297488098220,false,קמח תפוחי אדמה 500 גרם דגש,תות תעשיות מזון (201,IL,קמח ת.אדמה דגש 500 גר ללא גלוטן,גרמים,500.00,100 גרם,false,15,11.90,2.3800,true,1,230934
7297488098282,false,אבקת מרק בטעם עוף 500 גרם,אף.סי. תבליני הגליל,IL,מרק עוף ללא גלוטן 500 גר דגש,גרמים,500.00,100 גרם,false,1,19.90,3.9800,true,1,230928
7297488098299,false,קמח טפיוקה ללא גלוטן500ג,אף סי תבליני הגליל ב,IL,קמח טפיוקה דגש 500 גר ללא גלוטן,גרמים,500.00,100 גרם,false,15,9.90,1.9800,true,1,230931
7297488098305,false,קמח שקדים ללא גלוטן,תות תעשיות מזון (201,IL,קמח שקדים דגש 250 גר ללא גלוטן,גרמים,250.00,100 גרם,false,15,25.90,10.3600,true,1,232410
7297488098398,false,"קסנטאן גאם - משפר לישה ומרקם, משפר אפיה",דגש- דוכן גן שמואל,FR,משפר אפיה קסנטאן גם צנצנת 300 גר,גרמים,300.00,100 גרם,false,12,29.90,9.9667,true,1,232224
7297488098688,false,דגש פצפוצי אורז מלא ללא תוספת סוכר ומלח 450 גרם,משובח תעשיות מזון,IL,פיצפוצי אורז מלא ללא סוכר ומלח 450גר,גרמים,450.00,100 גרם,false,1,19.90,4.4222,true,1,304073
7297488099753,false,דגש -עוגיות בטעם שוקולד וקוקוס 250 גרם,תות תעשיות מזון (201,IL,עוגיות בטעם שוקולד וקוקוס 250גר דגש,גרמים,250.00,100 גרם,false,20,26.90,10.7600,true,1,304069
7297488099760,false,דגש -עוגיות בטעם חלבה 250 גרם,דגש- דוכן גן שמואל,IL,עוגיות בטעם חלבה 250גר דגש,גרמים,250.00,100 גרם,false,20,26.90,10.7600,true,1,304070
7297488099777,false,דגש -עוגיות בטעם קשיו 250 גרם,דגש- דוכן גן שמואל,IL,עוגיות בטעם קשיו 250גר דגש,גרמים,250.00,100 גרם,false,20,26.90,10.7600,true,1,304071
7297488099784,false,דגש עוגיות בטעם קינמון 250 גרם,תות תעשיות מזון (201,IL,עוגיות בטעם קינמון 250גר דגש,גרמים,250.00,100 גרם,false,20,26.90,10.7600,true,1,304072
7297488099821,false,גרנולה ללא תוספת סוכר לנמנעים מגלוטן,תות תעשיות מזון (201,IL,גרנולה ללא תוספת סוכר 250 גרם דגש,גרמים,250.00,100 גרם,false,20,14.90,5.9600,true,1,304074
7297488099890,false,פרוסות בסגנון קלאסי מופחתת שומן טבעוני 200 גרם,"טרופיקל דגיל בע""מ אז",IL,פרוסות בסגנון קלאסי 9% 200 גר משומשו,גרמים,200.00,100 גרם,false,1,21.90,10.9500,true,1,296506
7297488099951,false,משומשו מלוחה 5% צמחי 250ג,"טרופיקל דגיל בע""מ אז",IL,תחליף מלוחה 5% 250גר משומשו,גרמים,250.00,100 גרם,false,1,21.90,8.7600,true,1,296509
7297488099968,false,משומשו מלוחה 16% 250גר טבעוני,"טרופיקל דגיל בע""מ אז",IL,תחליף מלוחה 16% 250גר משומשו,גרמים,250.00,100 גרם,false,1,21.90,8.7600,true,1,296510
7297488199606,false,פצפוצי אורז תפוח ללא תוספת סוכר ומלח ללא גלוטן,דגש- דוכן גן שמואל,IL,פיצפוצי אורז קל 450 גר דגש,גרמים,450.00,100 גרם,false,10,19.90,4.4222,true,1,235728
7297488199620,false,פצפוצי אורז מלא תפוח ללא גלוטן,דגש- דוכן גן שמואל,FR,פיצפוצי אורז מלא 450 גר דגש,גרמים,450.00,100 גרם,false,10,19.90,4.4222,true,1,235729
7297488199682,false,קמח כוסמת ללא גלוטן,תות תעשיות מזון (201,IL,קמח כוסמת ללא גלוטן 500 גר דגש,גרמים,500.00,100 גרם,false,15,14.90,2.9800,true,1,235730
7297488199781,false,דגש קניידל מיקס 130 גרם,"חיים טובים מזון בע""מ",IL,קניידלך דגש ללא גלוטן 130 גר,גרמים,140.00,100 גרם,false,12,18.90,13.5000,true,1,239550
7310511802301,false,שוקולד דיים מיני 200,מונדליז,CH,שוקולד דיים מיני 200 גרם,גרמים,200.00,100 גרם,false,15,18.90,9.4500,true,1,330909
7312040017034,false,וודקה אבסולוט 1 ליטר,פרנו ריקרד ($),,וודקה אבסולוט 1 ל פקדון,ליטרים,1.00,ליטר,false,1,99.00,99.0000,true,1,296203
7321011040308,false,דוני 20 מפיות תלת שכבתי חלקות,דוני,SE,מפיות דוני 3 שכבות 20יח צבע לבן,יחידה,20.00,יחידה,false,12,7.50,0.3750,true,1,296532
7321011040315,false,מפיות נייר דוני תלת,דוני,NL,מפיות נייר דוני תלת שכבתי 40/40,יחידה,40.00,יחידה,false,12,10.90,0.2725,true,1,314160
7321011040629,false,דוני 20מפיות תלת שכבתי צבעים שונים,דוני,SE,מפיות דוני 3 שכבות 20יח צבעוני,יחידה,20.00,יחידה,false,12,7.50,0.3750,true,1,296533
7321011404070,false,דוני 20מפיות מעוטרות תלת שכבתי צבעים,דוני,SE,מפיות דוני 3 שכבות 20יח מעוטרות,יחידה,20.00,יחידה,false,20,10.90,0.5450,true,1,296534
7321011550067,false,דוני 10 מפיות אלגנט במגוון צבעים,דוני,SE,מפיות דוני אלגנט 10יח 40/40 צבעוני,יחידה,10.00,יחידה,false,10,21.90,2.1900,true,1,296536
7321031857054,false,דוני מפת שולחן דוניסל דמוי בר בצבעים,דוני,האיחוד האירופי,מפות שולחן דוני דמוי בד 180/118 צבעוני,יחידה,1.00,יחידה,false,1,17.90,17.9000,true,1,317308
7350022390386,false,קקאו הולנדי ואן האוטן 125 גרם,וואן האוטן,,קקאו הולנדי וואן האוטן 125 גר,גרמים,125.00,100 גרם,false,1,12.90,10.3200,true,1,227508
7350041950110,false,"ליקר שרי הירינג 700 מ""ל",peter heering,NL,שרי הרינג ליקר 700 מל,ליטרים,1.00,ליטר,false,1,109.00,109.0000,true,1,298330
7350075690228,false,מב. שיניים המבל אקול,,,מב. שיניים המבל אקולוגי ילדים סופט כחול,יחידה,1.00,יחידה,false,20,19.90,19.9000,true,1,322921
7350075690235,false,מב.שינייםHUMBLE BRUSH לילדים אולטרה סופט,,,מב. שיניים המבל אקולוגי ילדים סופט צהוב,יחידה,1.00,יחידה,false,20,19.90,19.9000,true,1,322922
7350075691515,false,"משחת שיניים טבעית פחם 75 מ""ל HUMBLE",,,משחת שיניים טבעית המבל פחם 75מל,מיליליטרים,75.00,"100 מ""ל",false,14,24.90,33.2000,true,1,322917
7350075692109,false,THE HUMBLE - קיסם במבוק אינטרדנטלי 100,,,קיסמי שיניים מעץ 100יח,יחידה,100.00,יחידה,false,12,19.90,0.1990,true,1,328079
7350075692703,false,THE HUMBLE - חוט דנטלי פחם 50 מטר,,,חוט דנטלי פחם 50 מטר המבל בראש,מטרים,50.00,מטר,false,12,19.90,0.3980,true,1,328081
7350075692734,false,THE HUMBLE - קיסם חוט דנטלי כפול 50 יחידות,זר הייטק,CN,קיסמי שיניים מתכלים המבל חוט דנטלי 50יח,יחידה,50.00,יחידה,false,12,19.90,0.3980,true,1,322924
7350075693564,false,THE HUMBLE פראוד מברשת שיניים למבוגרים,זר הייטק,CN,מברשת שיניים המבל אקולוגי צבעי הקשת,יחידה,1.00,יחידה,false,20,19.90,19.9000,true,1,324375
7393714008503,false,קוקטייל גין תות ליים,,,קוקטייל גין תות ליים 250מל קופרברג פח.פק,מיליליטרים,250.00,"100 מ""ל",false,24,11.90,4.7600,true,1,337578
7393714645401,false,קוקטייל גין פסיפלורה,,,קוקטייל גין פסיפלורה 250מל קופרברג פח.פק,מיליליטרים,250.00,"100 מ""ל",false,24,11.90,4.7600,true,1,337580
7393714645500,false,קוקטייל גין מיקס פרי,,,קוקטייל גין מיקס פרי 250מל קופרברג פח.פק,מיליליטרים,250.00,"100 מ""ל",false,24,11.90,4.7600,true,1,337579
7394376123337,false,"משקה שיבולת שועל אורגני מפוקח ע""י סקאל",טרנסומס פוד איי.בי,SE,משקה שיבולת שועל אורגני 1 ליטר אוטלי,ליטרים,1.00,ליטר,false,6,14.90,14.9000,true,1,323495
7394376615825,false,אוטלי משקה שיבולת שועל מועשר בסידן וויטמינים 1 ליטר,טרנסומס פוד,SE,משקה שיבולת שועל מועשר 1 ליטר אוטלי,ליטרים,1.00,ליטר,false,6,14.90,14.9000,true,1,323494
7394376615832,false,אוטלי משקה שיבולת שועל בטעם שוקולד 1 ליטר,טרנסומס פוד,SE,משקה שיבולת שועל בטעם שוקולד 1 ליטר,ליטרים,1.00,ליטר,false,6,14.90,14.9000,true,1,323496
7394376616778,false,אוטלי משקה שיבולת שועל להקצפה בריסטה 1 ליטר,טרנסומס פוד,SE,משקה שיבולת שועל בריסטה להקצפה 1 ליטר,ליטרים,1.00,ליטר,false,6,14.90,14.9000,true,1,323493
7441000720599,false,לבבות דקל LA CIMA פח 400 גרם,אינקופלמיטו,EC,לבבות דקל שלם 400 גרם לה צימה,גרמים,400.00,100 גרם,false,24,11.90,2.9750,true,1,312222
7441000720605,false,לבבות דקל LA CIMA צנצנת 410 גרם,אינקופלמיטו אס. אי,EC,לבבות דקל צנצנת 410 גרם לה צימה,גרמים,410.00,100 גרם,false,12,15.90,3.8780,true,1,312221
7501013101348,false,"נקטר בטעם מנגו 500 מ""ל JUMEX",חומקס קומר קומרסאליזדורה,MX,נקטר גומקס מנגו 473 מל פקדון,מיליליטרים,473.00,"100 מ""ל",false,1,9.90,2.0930,true,1,319397
7501013101355,false,"נקטר בטעם אפרסק 500 מ""ל JUMEX",חומקס קומר קומרסאליזדורה,MX,נקטר גומקס אפרסק 473מל פקדון,מיליליטרים,473.00,"100 מ""ל",false,1,9.90,2.0930,true,1,319395
7501013101362,false,"נקטר בטעם קוקוס ואננס 500 מ""ל JUMEX",חומקס קומר קומרסאליזדורה,MX,משקה גומקס קוקוס אננס 473 מל פקדון,מיליליטרים,473.00,"100 מ""ל",false,1,9.90,2.0930,true,1,319398
7501013101393,false,"נקטר בטעם אננס טבעי 500 מ""ל JUMEX",חומקס קומר קומרסאליזדורה,MX,משקה גומקס אננס 473 מל פקדון,מיליליטרים,473.00,"100 מ""ל",false,1,9.90,2.0930,true,1,319396
7501013122039,false,ג'ומקס מיץ מנגו קרטונית ליטר תריסר,חומקס קומר קומרסאליזדורה,MX,נקטר מנגו גומקס 1ליטר קרטונית,ליטרים,1.00,ליטר,false,1,9.90,9.9000,true,1,319404
7501013122053,false,ג'ומקס מיץ אפרסק קרטונית ליטר תריסר,חומקס קומר קומרסאליזדורה,MX,נקטר אפרסק גומקס 1ליטר קרטונית,ליטרים,1.00,ליטר,false,1,9.90,9.9000,true,1,319402
7501013122114,false,"נקטר משקה אננס בקרטונית ג'ומקס, 1 ל'",חומקס קומר קומרסאליזדורה,MX,משקה אננס גומקס 1ליטר קרטונית,ליטרים,1.00,ליטר,false,1,9.90,9.9000,true,1,319403
7501013122190,false,ג'ומקס מיץ תפוחים קרטונית ליטר תריסר,חומקס קומר קומרסאליזדורה,MX,משקה תפוחים גומקס 1ליטר קרטונית,ליטרים,1.00,ליטר,false,1,9.90,9.9000,true,1,319406
7501013122992,false,ג'ומקס מיץ קוקוס אננס קרטונית ליטר תריסר,חומקס קומר קומרסאליזדורה,MX,משקה קוקוס אננס גומקס 1ליטר קרטונית,ליטרים,1.00,ליטר,false,1,9.90,9.9000,true,1,319405
7501013138047,false,משקה רימונים יוניקו פרסקו ג'ומקס בקרטונית 1 ליטר,חומקס קומר קומרסאליזדורה,MX,משקה רימונים יוניקו פרסקו 1ליטר קרטונית,ליטרים,1.00,ליטר,false,1,11.90,11.9000,true,1,241090
7501013138184,false,משקה חמוציות יוניקו פרסקו ג'ומקס קרטונית 1 ליטר,חומקס קומר קומרסאליזדורה,MX,משקה חמוציות יוניקו פרסקו 1ליטר קרטונית,ליטרים,1.00,ליטר,false,1,11.90,11.9000,true,1,241089
7501017005055,false,פלפל חלפינוס אדום לה,,MX,פלפל חלפינוס אדום לה קוסטינה 220 גרם,גרמים,220.00,100 גרם,false,12,15.90,7.2273,true,1,329480
7501017005833,false,פלפל חלפיניוס וגזר ל,,MX,פלפל חלפיניוס וגזר לה קוסטינה 230 גרם,גרמים,230.00,100 גרם,false,12,15.90,6.9130,true,1,329479
7501017005895,false,פלפל ציפוטלה לה קוסט,,MX,פלפל ציפוטלה לה קוסטינה 220 גרם,גרמים,220.00,100 גרם,false,12,15.90,7.2273,true,1,329482
7501017051496,false,פלפל טורדוס לה קוסטי,,MX,פלפל טורדוס לה קוסטינה 220 גרם,גרמים,220.00,100 גרם,false,12,15.90,7.2273,true,1,329481
7501035010208,false,"טקילה רזרב אנטיגואה 1800 750 מ""ל",,,טקילה רזרבה אנייחו 1800 750מל פקדון,מיליליטרים,750.00,"100 מ""ל",false,1,250.00,33.3333,true,1,240815
7501035012219,false,"טקילה קווארבו טראדיסיונל 38% 700 מ""ל",חוזה פאז לובטו,,טקילה קוארבו טורדישינל 700 מל,מיליליטרים,700.00,"100 מ""ל",false,1,120.00,17.1429,true,1,312121
7501035042131,false,"טקילה קוארבו אספסיאל גולד 700 מ""ל",קאזה קוארבו,MX,טקילה קוארבו גולד 700 מל,מיליליטרים,700.00,"100 מ""ל",false,1,89.90,12.8429,true,1,298246
7501049936945,false,"שישיית בירה סול בקבוק 330 מ""ל",היינקן,NL,מארז שישיית בירה סול 330מל בק.פקדון,ליטרים,1.98,ליטר,false,4,29.90,15.1010,true,1,322044
7501064191398,false,שישיית בירה קורונה אקסטרא *355 מל,קריניציה ויטמינה אס,MX,מארז 6יח בירה קורונה בק 355 מל,מיליליטרים,2130.00,"100 מ""ל",false,1,34.90,1.6385,true,1,317857
7503012779405,false,סירופ אגבה כחולה – נטורפוד (גדול),נוטריאגבס דה מקסיקו,MX,סירופ אגבה כחול אורגני 600 מל,מיליליטרים,600.00,"100 מ""ל",false,1,29.90,4.9833,true,1,295777
7509546057545,false,ליידי ספיד סטיק פרו 5 סטיק 45 גרם,קולגייט פלמוליב,US,דאו.ליידי ספיד סטיק פרו 5 סטיק 45גרם,Unknown,0.00,Unknown,false,1,15.90,0.0000,true,1,329208
7509546666846,false,"קולגייט טוטאל משחת שיניים פחם 75 מ""ל",קולגייט פלמוליב,MX,משחת שיניים קולגייט טוטל פחם 75מל,מיליליטרים,75.00,"100 מ""ל",false,48,19.90,26.5333,true,1,328210
7509546678702,false,קולגייט משחת שיניים טוטל אנטי טרטר 100 מ,קולגייט-פלמוליב,PL,משחת שיניים קולגייט טוטל אנטי טרטר 100מל,מיליליטרים,100.00,"100 מ""ל",false,48,16.90,16.9000,true,1,336712
7610008005384,false,בונבוניירה רגוסה בלונד 400 גר,RAGUSA,CH,שוקולד רגוזה לבן טרופל מקורמלת 400 גר,גרמים,400.00,100 גרם,false,1,44.90,11.2250,true,1,307357
7610008059080,false,רגוזה-שוקולד מריר טראפל אגוזי לוז 100 גרם,RAGUSA,CH,שוקולד רגוזה מריר טרופל אגוזי לוז100 גר,גרמים,100.00,100 גרם,false,1,16.90,16.9000,true,1,326525
7610008059103,false,טבלת שוקולד טורינו חלב 100 גר,קמיל בלוך,CH,שוקולד טורינו חלב100 גרם,גרמים,100.00,100 גרם,false,1,15.90,15.9000,true,1,325780
7610008059110,false,טבלת שוקולד טורינו מריר 100 גר,קמיל בלוך,,שוקולד טורינו מריר 100 גרם,גרמים,100.00,100 גרם,false,1,15.90,15.9000,true,1,332497
7610008708506,false,בונבוניירה רגוסה מריר 400 גר,RAGUSA,CH,שוקולד רגוזה מריר טרופל אגוזי לוז400 גר,גרמים,400.00,100 גרם,false,1,44.90,11.2250,true,1,307358
7610008709008,false,בונבוניירה רגוסה חלב 400 גר,RAGUSA,CH,שוקולד רגוזה פרלין אגוזי לוז400 גר,גרמים,400.00,100 גרם,false,1,44.90,11.2250,true,1,307359
7610023050215,false,פמיליה קראנץ' איקס תערובת דגנים פריכים בתוספת צימוקים ואגוזי לוז 500 גרם,פמיליה familia,CH,מיזלי קראנצ איקס 500 גרם בשקית,גרמים,500.00,100 גרם,false,12,24.50,4.9000,true,1,219491
7610100034084,false,מיונז טומי בשפורפרת 265 גרם,נסטלה שוויץ ס.א,CH,מיונז טומי שפופרת265 גרם,גרמים,265.00,100 גרם,false,1,11.90,4.4906,true,1,312937
7610113000175,false,"רום בקרדי מוחיטו 700 מ""ל",בקרדי מרטיני,DE,רום בקרדי מוחיטו 700 מל,מיליליטרים,700.00,"100 מ""ל",false,1,70.00,10.0000,true,1,313293
7610113011652,false,בריזר - משקה כוהלי מוגז בטעם תפוח,בקרדי בריזר Bacardi Breezer,BE,משקה בקרדי בריזר תפוח 275מל פיקדון,מיליליטרים,275.00,"100 מ""ל",false,1,11.90,4.3273,true,1,322971
7610113013250,false,"משקה כוהלי על בסיס רום בקרדי 250 מ""ל",בקרדי מרטיני,BE,משקה בקרדי מוחיטו 250מל פח.פקדון,מיליליטרים,250.00,"100 מ""ל",false,1,14.90,5.9600,true,1,335591
7610211130804,false,הרמזית 800 טבליות 9גרם,,CH,הרמזית טבליות 800 יח,יחידה,800.00,יחידה,false,1,24.90,0.0311,true,1,338368
7610243004463,false,"דורגול - מרסס להסרת אבנית במקלחון 600 מ""ל",יעקבי- דורגול Durgol,CH,מסיר אבן דורגול מרסס 500 מל,מיליליטרים,500.00,"100 מ""ל",false,1,19.90,3.9800,true,1,224735
7610400010481,false,לינדט אקסלנס שוקולד חלב 100 גרם,לינדט ושפרונגלי קילשברג,FR,שוקולד לינדט אקסלנס מילק 100 גרם,גרמים,100.00,100 גרם,false,1,16.00,16.0000,true,1,218803
7610400013857,false,שוק.לינדט גולד מילק300ג,לינדט ושפרונגלי קילשברג,FR,שוקולד לינדט גולד מילק 300 גרם,גרמים,300.00,100 גרם,false,11,34.90,11.6333,true,1,308346
7610400014632,false,שוקולד לינדור בודד וואיט 100 ג',לינדט Lindt,CH,לינדור בודד וואיט 100 גרם,גרמים,100.00,100 גרם,false,12,16.00,16.0000,true,1,218640
7610400014649,false,לינדור קוביות במילוי קרם שוקולד חלב 100 גרם,לינדט ושפרונגלי קילשברג,CH,לינדור בודד מילק 100גרם,גרמים,100.00,100 גרם,false,12,16.00,16.0000,true,1,218641
7610400068369,false,שוקולד חלב במילוי קרם אגוזים,לינדט ושפרונגלי,CH,לינדור בודד הזלנט 100 גרם,גרמים,100.00,100 גרם,false,12,16.00,16.0000,true,1,226311
7610400068505,false,לינדט לינדור בונבוניירה שוקולד חלב 200 גרם,לינדט ושפרונגלי קילשברג,CH,בונבוניירה לינדור מילק 200 ג,גרמים,200.00,100 גרם,false,1,24.90,12.4500,true,1,225619
7610400068529,false,לינדט לינדור בונבוניירה כדורי שוקולד מטעמים 200 גרם,לינדט ושפרונגלי קילשברג,CH,בונבוניירה לינדור אסורטד 200 ג,גרמים,200.00,100 גרם,false,1,24.90,12.4500,true,1,222713
7610400070577,false,לינדט אקסלנס שוקולד צ'ילי 100 גרם,לינדט ושפרונגלי קילשברג,CH,לינדט אקסלנס צילי 100 גרם,גרמים,100.00,100 גרם,false,20,16.00,16.0000,true,1,244228
7610400074155,false,לינדט לינדור קוביות במילוי קרם שוקולד 60% מוצקי קקאו 100 גרם,לינדט ושפרונגלי קילשברג,CH,לינדור בודד 60% 100 גרם,גרמים,100.00,100 גרם,false,12,16.00,16.0000,true,1,226310
7610400075770,false,לינדט לה גרנד שוקולד מריר אגוז 150 גרם,לינדט ושפרונגלי קילשברג,CH,שוקולד לינדט לגרנד מריר אגוזים 150 גר,גרמים,150.00,100 גרם,false,1,21.90,14.6000,true,1,228165
7610400075787,false,לינדט לה גרנד שוקולד חלב אגוז 150 גרם,לינדט ושפרונגלי קילשברג,CH,שוקולד לינדט לגרנד חלב אגוזים 150 גר,גרמים,150.00,100 גרם,false,1,21.90,14.6000,true,1,228164
7610400075794,false,לינדט לה גרנד שוקולד לבן ושקדים 150 גרם,לינדט ושפרונגלי,CH,שוקולד לינדט לגרנד לבן שקדים 150 גר,גרמים,150.00,100 גרם,false,1,21.90,14.6000,true,1,228166
7610400085946,false,לינדט לגרנד דארק אלמונד סולט 150 גרם,לינדט ושפרונגלי קילשברג,CH,שוקולד לינדט לגרנד מריר שקד מלוח 150 גר,גרמים,150.00,100 גרם,false,1,21.90,14.6000,true,1,319455
7610400086202,false,שוקולד מריר לה גרנד עם אוכמניות וחמוציות,לינדט Lindt,,שוקולד לינדט לגרנד בלוברי 150 גר,גרמים,150.00,100 גרם,false,1,21.90,14.6000,true,1,308993
7610400091060,false,שוקולד מריר לינדט אקסלנס בתוספת תפוז ושקדים,לינדט ושפרונגלי קילש,CH,שוקולד לינדט אקסלנס תפוז 100 גרם,גרמים,100.00,100 גרם,false,1,16.00,16.0000,true,1,322703
7610594454399,false,ליקר קלואה 700 מל פי,,,ליקר קלואה 700 מל פיקדון,מיליליטרים,700.00,"100 מ""ל",false,1,82.00,11.7143,true,1,225892
7610700002681,false,ריקולה סוכריות ללא סוכר בטעם צמחים 50 גר',,CH,סוכ.ריקולה צמחים ללא סוכר 50 גר,Unknown,0.00,Unknown,false,1,13.90,0.0000,true,1,322652
7610700009956,false,ריקולה ללא ת.סוכר סמבוקוס 50 גרם,,CH,סוכ.ריקולה סמבוקס ללא סוכר 50 גר,Unknown,0.00,Unknown,false,1,13.90,0.0000,true,1,324480
7610700010778,false,סוכריות ריקולה ללא סוכר פטל חמוציות 50 ג,,,סוכ.ריקולה פטל חמוציות ללא סוכר 50 גר,Unknown,0.00,Unknown,false,1,13.90,0.0000,true,1,338435
7610700012642,false,סוכריות ריקולה בשקית בטעם לימון,ריקולה,CH,סוכ.ריקולה צמחים לימון 70 גר בשקית,Unknown,0.00,Unknown,false,1,10.90,0.0000,true,1,326003
7610700013083,false,סוכריות ריקולה ללא סוכר בטעם צמחים 20 יח',,,סוכ.ריקולה מנטה ללא סוכר 50 גר,Unknown,0.00,Unknown,false,1,13.90,0.0000,true,1,330850
7610700602003,false,ריקולה סוכריו.לימון מנטה,(EITAN (CHOCOTRADE,CH,סוכ.ריקולה צמחים לימון 75 גר בשקית,Unknown,0.00,Unknown,false,1,10.90,0.0000,true,1,309600
7610700607046,false,סוכריות צמחים לימון ומנטה ללא תוספת סוכר,ריקולה Ricola,CH,סוכ.ריקולה מנטה לימון ללא סוכר 50 גר,Unknown,0.00,Unknown,false,1,13.90,0.0000,true,1,225678
7610815012346,false,שוקולד סוויס 72% מרי,,CH,שוקולד סוויס 72% מריר 100 גרם,גרמים,100.00,100 גרם,false,13,11.90,11.9000,true,1,327185
7610815012360,false,שוקולד סוויס 72% מרי,,CH,שוקולד סוויס 72% מריר אגוז 100 גרם,גרמים,100.00,100 גרם,false,13,11.90,11.9000,true,1,327186
7610928010048,false,"קרם הגרטי לכלי כסף יעקבי 100 מ""ל",דיוורסי,CH,הגרטי קרם-לכלי כסף,מיליליטרים,100.00,"100 מ""ל",false,12,33.90,33.9000,true,1,222422
7610928091184,false,הגרטי משחת הפלא להברקת כלי כסף 185 גר',יעקובי,FR,משחה לניקוי כלי כסף ולהברקה 185גר הגרטי,גרמים,185.00,100 גרם,false,12,39.90,21.5676,true,1,320009
7610928263000,false,אמבט להברקת תכשיטי ז,,,אמבט להברקת תכשיטי זהב ויהלומים הגרטי,Unknown,0.00,Unknown,false,1,39.90,0.0000,true,1,319657
7610928263017,false,אמבט להברקת תכשיטי כ,,,אמבט להברקת תכשיטי כסף הגרטי,Unknown,0.00,Unknown,false,1,39.90,0.0000,true,1,319658
7613030979647,false,דגני בוקר טריקס פירות עולם היורה 480 ג',ג'נרל מילס סאן אדריא,CL,דגני בוקר טריקס טעם פירות 480 ג,גרמים,480.00,100 גרם,false,1,22.90,4.7708,true,1,312410
7613032045753,false,פיטנס - דגני בוקר שוקולד 375 גרם,נסטלה צרפת איטנקורט,FR,דגני בוקר פיטנס עם שוקולד 375 ג,גרמים,375.00,100 גרם,false,1,19.90,5.3067,true,1,224918
7613032596668,false,שוקולד אפטר אייט מנט,נסטלה,PL,שוקולד אפטר אייט מנטה 200 גרם,גרמים,200.00,100 גרם,false,12,14.90,7.4500,true,1,334564
7613033548192,false,פיטנס - דגני בוקר שוקולד מריר 375 גרם,נסטלה צרפת איטנקורט,FR,דגני בוקר פיטנס שוקולד מריר 375 ג,גרמים,375.00,100 גרם,false,1,19.90,5.3067,true,1,230277
7613034146502,false,מזון לכלבים קטנים בטעם עוף פורינה ONE,נסטלה פורינה איטליה,US,מזון לכלב מיני אקטיב עוף פורינה 1.5 קג,קילוגרמים,1.50,"ק""ג",false,1,59.90,39.9333,true,1,319721
7613035378643,false,דנטלייף חטיף דנטלי לכלבים מגזע גדול - 4 יחידות,נסטלה פורינה גרמניה,DE,דנטלייף גזע גדול 4 115 גר,גרמים,142.00,100 גרם,false,6,12.90,9.0845,true,1,332137
7613035379794,false,דנטלייף חטיף דנטלי לכלבים מגזע בינוני - 4 יחידות,נסטלה פורינה גרמניה,DE,דנטלייף גזע בינוני 5 115 גר,גרמים,115.00,100 גרם,false,6,12.90,11.2174,true,1,332136
7613035379817,false,דנטלייף חטיף דנטלי לכלבים מגזע קטן - 4 יחידות,נסטלה פורינה גרמניה,DE,דנטלייף גזע קטן 7 115 גר,גרמים,115.00,100 גרם,false,6,12.90,11.2174,true,1,332135
7613035514430,false,"פורינה ONE חתול בוגר סלמון 3 ק""ג",נסטלה פורינה צרפת,FR,מזון חתול בוגר סלמון פורינה 3 קג,קילוגרמים,3.00,"ק""ג",false,1,119.00,39.6667,true,1,319719
7613035548374,false,דגני בוקר גולדן מיניס מחיטה מלאה ותירס,נסטלה פולין דגני בוק,FR,דגני בוקר גולדן מיניס 570 גרם,גרמים,570.00,100 גרם,false,1,22.90,4.0175,true,1,297130
7613035618794,false,"פורינה ONE חתול בוגר עוף 3 ק""ג",נסטלה פורינה צרפת,US,מזון חתול בוגר עוף פורינה 3 קג,קילוגרמים,3.00,"ק""ג",false,1,119.00,39.6667,true,1,319718
7613035622623,false,פיטנס - גרנולה שקדים ודבש 300 גרם,שוורצקוף& הנקל דיסלד,LT,גרנולה פיטנס שקדים ודבש 300 ג,גרמים,300.00,100 גרם,false,1,14.90,4.9667,true,1,298598
7613035635845,false,פיטנס גרנולה שוקולד 14*300 גרם,שוורצקוף& הנקל דיסלד,LT,גרנולה פיטנס שוקולד 300 ג,גרמים,300.00,100 גרם,false,1,14.90,4.9667,true,1,298599
7613035758834,false,פיטנס סופר גרנולה וחמוציות 300 גרם,שוורצקוף& הנקל דיסלד,LT,גרנולה פיטנס חמוציות 300 ג,גרמים,300.00,100 גרם,false,1,14.90,4.9667,true,1,301105
7613035807778,false,פרפקטו רוטב עגבניות לבולונז אסם 400 גרם,אסם פרפקטו Perfecto,ES,רוטב עגבניות לבולונז פרפקטו 400 גר,גרמים,400.00,100 גרם,false,6,10.00,2.5000,true,1,300744
7613035809109,false,פרפקטו רוטב עגבניות ובזיליקום אסם 400 גרם,אסם פרפקטו Perfecto,ES,רוטב עגבניות פרפקטו בזיליקום400 גר,גרמים,400.00,100 גרם,false,6,10.00,2.5000,true,1,300747
7613035809123,false,פרפקטו רוטב עגבניות עם פלפלים אסם 400 גרם,אסם פרפקטו Perfecto,ES,רוטב עגבניות פרפקטו פלפלים400 גר,גרמים,400.00,100 גרם,false,6,10.00,2.5000,true,1,300746
7613035809857,false,פרפקטו רוטב עגבניות לפסטה ולבישול אסם 400 גרם,אסם פרפקטו Perfecto,ES,רוטב עגבניות פרפקטו לפסטה 400 גר,גרמים,400.00,100 גרם,false,6,10.00,2.5000,true,1,300745
7613036045544,false,דגני בוקר פייבר וואן,תאי פרזידנט פוד פאבל,PT,דגני פייבר וואן 460 גרם,גרמים,460.00,100 גרם,false,1,24.90,5.4130,true,1,304138
7613036099387,false,מארז 9 יח חטיף קיטקט,נסטלה,GB,מארז 9 יח חטיף קיטקט מריר 186.30 גרם,גרמים,186.00,100 גרם,false,25,14.90,8.0108,true,1,337385
7613036105545,false,"דוגלי גזע קטן 4*3 קילו ""אסם""",נסטלה פורינה באק הונ,HU,מזון כלבים דוגלי יבש גזע קטן 3 קג,קילוגרמים,3.00,"ק""ג",false,1,49.90,16.6333,true,1,307587
7613036105637,false,"דוגלי עוף לכלבים בוגרים 12 ק""ג",נסטלה פורינה באק הונ,HU,מזון כלבים דוגלי יבש בשר ועוף 12 קג,קילוגרמים,12.00,"ק""ג",false,1,120.00,10.0000,true,1,307590
7613036105651,false,"דוגלי בקר לכלבים בוגרים 12 ק""ג",נסטלה פורינה באק הונ,HU,מזון כלבים דוגלי יבש בשר וכבד 12 קג,קילוגרמים,12.00,"ק""ג",false,1,120.00,10.0000,true,1,307591
7613036120395,false,ONE בקר לכלב בינוני/גדול,נסטלה פורינה איטליה,IT,מזון לכלב מידמקסי בקר פורינה 2.5 קג,קילוגרמים,2.50,"ק""ג",false,1,89.90,35.9600,true,1,319722
7613036251389,false,"דוגלי בקר לכלבים פעילים 12 ק""ג",נסטלה פורינה באק הונ,,מזון כלבים דוגלי אקטיב 12 קג,קילוגרמים,12.00,"ק""ג",false,1,129.00,10.7500,true,1,311353
7613036288026,false,"דוגלי גורים אקטיב 4*3 ק""ג",נסטלה פורינה באק הונ,HU,מזון כלבים דוגלי גורים 3 קג,קילוגרמים,3.00,"ק""ג",false,1,56.90,18.9667,true,1,311355
7613036288958,false,"דוגלי בקר לפעילים 3 ק""ג",נסטלה פורינה באק הונ,HU,מזון כלבים דוגלי אקטיב 3 קג,קילוגרמים,3.00,"ק""ג",false,1,56.90,18.9667,true,1,311354
7613036387798,false,פיטנס דגנים מלאים ואורז פתיתים ויוגורט 350ג',נסטלה צרפת איטנקורט,FR,דגני בוקר פיטנס עם יוגורט 350 גרם,גרמים,350.00,100 גרם,false,1,19.90,5.6857,true,1,309686
7613036520492,false,פרפקטו רוטב עגבניות לפיצה אסם 400 גרם,אסם פרפקטו Perfecto,ES,רוטב עגבניות פרפקטו לפיצה400 גר,גרמים,400.00,100 גרם,false,1,10.00,2.5000,true,1,312419
7613036725286,false,דנטלייף חטיף דנטלי לחתול בטעם סלמון,נסטלה פורינה גרמניה,DE,דנטלייף לחתוך סלמון 40 גר,גרמים,40.00,100 גרם,false,8,10.90,27.2500,true,1,332139
7613036725309,false,דנטלייף חטיף דנטלי לחתול בטעם עוף,נסטלה פורינה גרמניה,DE,דנטלייף לחתוך עוף 40 גר,גרמים,40.00,100 גרם,false,8,10.90,27.2500,true,1,332138
7613036737623,false,קראנץ' רולס נסטלה 410 גרם,"אסם תעשיות בע""מ",FR,דגני בוקר קראנץ מיקס 410 גר,גרמים,410.00,100 גרם,false,1,22.90,5.5854,true,1,314421
7613036760195,false,נסקפה דולצה גוסטו אספרסו קפסולות אינטנסו 112 ג',דולצ'ה גוסטו Nescafe Dolce Gusto,GB,קפסולות אספרסו דולצה גוסטו אינטנסו16יח,יחידה,16.00,יחידה,false,1,28.90,1.8062,true,1,316426
7613036842198,false,נסקפה נסטלה קלאסי 1+,,,נסקפה נסטלה קלאסי 1+3 170 גרם,גרמים,170.00,100 גרם,false,18,12.90,7.5882,true,1,328014
7613036867870,false,נסקפה דולצה גוסטו אספרסו בריסטה קפסולות 112 ג',נסטלה אנגליה,ES,קפסולות אספרסו דולצה גוסטו בריסטה16יח,יחידה,16.00,יחידה,false,1,28.90,1.8062,true,1,316427
7613036880534,false,גרבר מחית ירקות מעורבים מטרנה 190 גר',נסטלה פולסקה אס.איי,PL,מחית גרבר שלב3 מרק עגבניות 190 גרם,גרמים,190.00,100 גרם,false,1,6.90,3.6316,true,1,319493
7613036912488,false,עלי שוקולד אפטר אייט,,,עלי שוקולד אפטר אייט תפוז 200 גרם,גרמים,200.00,100 גרם,false,1,14.90,7.4500,true,1,335005
7613036932943,false,מארז 5 יח חטיף נסקוו,נסטלה,PL,מארז 5 יח חטיף נסקוויק 95 גר,Unknown,0.00,Unknown,false,20,11.00,0.0000,true,1,334565
7613036976671,false,פריסקיז פאוצ' עוף ברוטב 26*85גרם,נסטלה פורינה הונגריה,HU,פריסקיז פאוצ עוף 85 גר,Unknown,0.00,Unknown,false,26,4.50,0.0000,true,1,323563
7613036976695,false,פריסקיז - פאוץ בקר ברוטב 85 גרם,נסטלה פורינה הונגריה,HU,פריסקיז פאוצ בקר 85 גר,Unknown,0.00,Unknown,false,26,4.50,0.0000,true,1,323562
7613036976718,false,פריסקיז פאוצ' ברווז ברוטב 26*85גרם,נסטלה פורינה הונגריה,HU,פריסקיז פאוצ ברווז 85 גר,Unknown,0.00,Unknown,false,26,4.50,0.0000,true,1,323564
7613037012200,false,גרבר מחית תפוח גזר ומנגו 90 גרם פאוץ,"מפעל סברס, נסטלה ספרד ס.",PL,מחית תפוח מנגו גזר פאצ 90גר,Unknown,0.00,Unknown,false,16,6.90,0.0000,true,1,321022
7613037686906,false,פיטנס שקדים ודבש 355 גרם מופחת סוכר,נסטלה צרפת איטנקורט,FR,דגני בוקר פיטנס עם שקדים ודבש 355 ג,גרמים,355.00,100 גרם,false,1,19.90,5.6056,true,1,319686
7613038268262,false,דגני בוקר צ'יריוס דבש ושקדים במתיקות מעודנת,נסטלה פולין דגני בוק,FR,דגני האני נאט ציריוס מופחת סוכר410 גרם,גרמים,410.00,100 גרם,false,1,22.90,5.5854,true,1,320742
7613038451954,false,דגני בוקר שוקולד מופחת סוכר 410 ג' קראנץ',נסטלה צרפת איטנקורט,FR,קראנץ שוקולד מופחת סוכר 410 גרם,גרמים,410.00,100 גרם,false,1,22.90,5.5854,true,1,320741
7613039547632,false,גרבר מחית תפוח בננה ותות 90 גרם פאוץ,שוורצקוף& הנקל דיסלד,ES,מחית גרבר תפוח בננה תות פאוץ 90גר,יחידה,1.00,יחידה,false,16,6.90,6.9000,true,1,324064
7613039547731,false,גרבר מחית תפוח עץ ומשמש 90 גרם פאוץ,"מפעל סברס, נסטלה ספרד ס.",ES,מחית גרבר תפוח משמש פאוץ 90גר,יחידה,1.00,יחידה,false,16,6.90,6.9000,true,1,324066
7613039547922,false,גרבר מחית אגס תפוח ובננה 90 גרם פאוץ,נסטלה ספרד,ES,מחית גרבר תפוח בננה אגס פאוץ 90גר,יחידה,1.00,יחידה,false,16,6.90,6.9000,true,1,324065
7613039770450,false,טבעול סנסשיונל בורגר צמחוני 226 גרם,ג'נרל מילס סאן אדריא,CZ,בורגר טבעול סנסשיונל 226גר,גרמים,226.00,100 גרם,false,10,34.90,15.4425,true,1,324710
7613039771174,false,טבעול סנסשיונל מינס טחון צמחוני 400 גרם,ג'נרל מילס סאן אדריא,CZ,טחון מן הצומח טבעול מינס סנסשיונל 226גר,גרמים,226.00,100 גרם,false,6,34.90,15.4425,true,1,324711
7613039879382,false,גרבר - מחית תפוחי עץ 190 גרם,נסטלה פולסקה אס.איי,PL,מחית גרבר שלב 3 תפוחי עץ 190 גר,גרמים,190.00,100 גרם,false,1,6.90,3.6316,true,1,326784
7613039880807,false,גרבר מחית תפוח וגזר 190 גרם,נסטלה פולסקה אס.איי,PL,מחית גרבר שלב 3 תפוח גזר 190 גר,גרמים,190.00,100 גרם,false,1,6.90,3.6316,true,1,326782
7613039881521,false,גרבר מחית מרק מנגו 190 גרם,נסטלה פולסקה אס.איי,PL,מחית גרבר שלב 3 מנגו 190 גר,גרמים,190.00,100 גרם,false,1,6.90,3.6316,true,1,326781
7613039881965,false,גרבר מחית גזר תפוח ומנגו 190 גרם,נסטלה פולסקה אס.איי,PL,מחית גרבר שלב 3 תפוח גזר מנגו 190 גר,גרמים,190.00,100 גרם,false,1,6.90,3.6316,true,1,326783
7613287104083,false,שוקולד סמארטיז חלב ט,נסטלה אנגליה,GB,שוקולד סמארטיז חלב טעם תפוז 90 גרם,Unknown,0.00,Unknown,false,18,9.90,0.0000,true,1,336574
7613287155832,false,גרבר מחית תפוחי עץ 90 גרם פאוץ,"מפעל סברס, נסטלה ספרד ס.",ES,מחית תפוח עץ פאצ 90גר,Unknown,0.00,Unknown,false,16,6.90,0.0000,true,1,328433
7613287155863,false,מטרנה מחית אגס פאוץ' 90 גר',"מפעל סברס, נסטלה ספרד ס.",ES,מחית אגס פאצ 90גר,Unknown,0.00,Unknown,false,16,6.90,0.0000,true,1,328434
7613287162281,false,קפסולות קפה אספרסו גרנדה אינטנסו דולצ'ה גוסטו 144 ג',נסטלה אנגליה,GB,קפסולות אספרסו דולצה גוסטו גרנדה16יח,יחידה,16.00,יחידה,false,1,28.90,1.8062,true,1,328339
7613287181411,false,ויטמינציק מחית סלט פירות 110 גרם,"טרופיקל דגיל בע""מ אז",ES,מחית ויטמנציק סלט פירות 110 גרם,גרמים,110.00,100 גרם,false,8,5.90,5.3636,true,1,329674
7613287182326,false,ויטמינציק מחית בננה תפוח 110 גרם,"נסטלה ספרד ס.א, מפעל",ES,מחית ויטמנציק תפוח בננה 110 גרם,גרמים,110.00,100 גרם,false,8,5.90,5.3636,true,1,329671
7613287182425,false,ויטמינציק מחית תפוח בננה ותות 110 גרם,"טרופיקל דגיל בע""מ אז",ES,מחית ויטמנציק תפוח בננה תות 110 גרם,גרמים,110.00,100 גרם,false,8,5.90,5.3636,true,1,329672
7613287182487,false,ויטמינציק מחית תפוח בננה פירות יער 110גר,נסטלה,ES,מחית ויטמנציק תפוח בננה פירות יער110 גרם,גרמים,110.00,100 גרם,false,8,5.90,5.3636,true,1,329676
7613287325808,false,אוסם - דיפ אנד ספרד מטבל איולי שום 295 גרם,נסטלה פולין,PL,רוטב אוסם אולי שום לחיץ 295 גרם,גרמים,295.00,100 גרם,false,8,14.90,5.0508,true,1,332692
7613287325822,false,אוסם - דיפ אנד ספרד מטבל מיקס 295 גרם,נסטלה,PL,רוטב אוסם מיקס לחיץ 295 גרם,גרמים,295.00,100 גרם,false,8,14.90,5.0508,true,1,332694
7613287325853,false,אוסם - דיפ אנד ספרד מטבל איולי ספייסי 295 גרם,נסטלה פולין,PL,רוטב אוסם ספייסי אוילי לחיץ 295 גרם,גרמים,295.00,100 גרם,false,8,14.90,5.0508,true,1,332693
7613287325952,false,אוסם - דיפ אנד ספרד מטבל ברבקיו 345 גרם,דפטונה פולין,PL,רוטב אוסם ברביקיו לחיץ 335 גרם,גרמים,335.00,100 גרם,false,8,14.90,4.4478,true,1,332697
7613287325983,false,אוסם - דיפ אנד ספרד מטבל סלסה 335 גרם,דפטונה פולין,PL,רוטב אוסם סלסה לחיץ 335 גרם,גרמים,335.00,100 גרם,false,8,14.90,4.4478,true,1,332696
7613287394323,false,דגני בוקר מולטי צ'יריוס 600 גרם,נסטלה פולין דגני בוק,GB,דגני מולטי ציריוס 600 גרם,גרמים,600.00,100 גרם,false,1,22.90,3.8167,true,1,329068
7613287476494,false,אוסם - דיפ אנד ספרד מיונז בסגנון צרפתי 280 גרם,נסטלה פולין,PL,מיונז אוסם לחיץ 280 גרם,גרמים,280.00,100 גרם,false,8,14.90,5.3214,true,1,332695
7613287476678,false,דגני בוקר סינימיניס צ'ורוס נסטלה 360 ג',נסטלה אוונקה,PT,דגני סינימיניס צורוס 360 גרם,גרמים,360.00,100 גרם,false,1,22.90,6.3611,true,1,329380
7613287654151,false,קראנץ' כריות שוקו בננה 385 גרם,סי. פי. פולין,FR,דגני כריות שוקו בננה 385 גרם,גרמים,385.00,100 גרם,false,1,22.90,5.9481,true,1,329381
7613287821348,false,נתחוני עוף טבעוני סנסשיונל טבעול 350 גרם,ג'נרל מילס סאן אדריא,CZ,נתחוני עוף טבעוני 350גר טבעול,גרמים,350.00,100 גרם,false,6,32.90,9.4000,true,1,329343
7613287872258,false,מארז 9 יח חטיף קיטקט,נסטלה,GB,מארז 9 יח חטיף קיטקט לבן 186.30 גרם,גרמים,186.00,100 גרם,false,25,14.90,8.0108,true,1,337386
7614200002103,false,קונפיטורה הרו פטל 34,,ES,קונפיטורה הרו פטל 340 גר,גרמים,340.00,100 גרם,false,8,13.90,4.0882,true,1,327831
7614500035788,false,טובלרון שוקולד חלב 200 גרם,מונדלייז,CH,שוקולד טובלרון חלב 200 גר,גרמים,200.00,100 גרם,false,1,11.90,5.9500,true,1,243460
7617400098358,false,עוגיות סוויס דליס טרופינו חלב 100 גר,,CH,גלילי ופל טרופינו קרם אגוז 100 גרם,גרמים,100.00,100 גרם,false,10,10.90,10.9000,true,1,337966
7617400098839,false,טרופינו שוויץ-וופל ק.קוקוס ושוק. לבן 75ג,,CH,גלילי ופל טרופינו קרם קוקוס 75 גרם,Unknown,0.00,Unknown,false,10,10.90,0.0000,true,1,337967
7622010001858,false,עוגיות אוראו ממולאות קרם וניל 176 גרם.,פי אר ג'\יי אס אי מנדלז,UA,עוגיות אוראו קרם וניל 176 גרם,גרמים,176.00,100 גרם,false,1,8.90,5.0568,true,1,298267
7622200002290,false,בונ.קוטדור מיניונט מ,מונדליז,BE,בונ.קוטדור מיניונט מריר 240 גרם,גרמים,240.00,100 גרם,false,12,27.90,11.6250,true,1,329520
7622200009084,false,מילקה טבלאות שוקולד ממולא בסקויט 300 גר,מונדליז,AT,שוקולד מילקה ביסקויט שוקו 300 גרם,גרמים,300.00,100 גרם,false,12,14.90,4.9667,true,1,325535
7622201050757,false,שוקולד מילקה טבלת חלב עם קרמל 100 ג',מילקה Milka,DE,שוקולד מילקה חלב עם קרמל 100 גר,גרמים,100.00,100 גרם,false,1,6.90,6.9000,true,1,224990
7622201124809,false,שוקולד קוטדור לבן מי,מונדליז,BE,שוקולד קוטדור לבן מילוי פרלין 200 גרם,גרמים,200.00,100 גרם,false,12,22.90,11.4500,true,1,333863
7622201127206,false,מילקה ממרח אגוזי לוז 350 ג',"נטרה מלה אנ.וי,",BE,ממרח מילקה אגוזים350 גרם,גרמים,350.00,100 גרם,false,6,12.90,3.6857,true,1,332584
7622201127398,false,מילקה אוראו מיניס אורגינל 153 גרם,פי.אר.ג'יי.אס.סי מונ,UA,חטיפי מיני אוראו חלב 153 גרם,גרמים,153.00,100 גרם,false,10,15.90,10.3922,true,1,326399
7622201401900,false,עוגיות סנסיישן אוראו מילקה 156 גרם,מונדלז פולסקה פרודקש,PL,עוגיות מילקה סנסיישן אוראו 156 גרם,גרמים,156.00,100 גרם,false,12,12.90,8.2692,true,1,325531
7622201502515,false,עוגיות מילקה קוקי לופ שוקולד צ'יפס,גיורי קייקס קייאפטי,HU,עוגיות מילקה קוקי לופ 132 גרם,גרמים,150.00,100 גרם,false,1,12.90,8.6000,true,1,332148
7622201783297,false,שוקולד קדבורי חלב צי,מונדליז,GB,שוקולד קדבורי חלב צימוק ושקד 180 גרם,גרמים,180.00,100 גרם,false,14,19.90,11.0556,true,1,336565
7622201801809,false,מילקה שוקולד חלב עם אגוזים 100 גרם חדש,מנדלז דויצ'\לנד סנקס פרו,DE,שוקולד מילקה חלב אגוז 100 ג,גרמים,100.00,100 גרם,false,1,6.90,6.9000,true,1,329146
7622201802363,false,מילקה טבלת שוקולד חלב וצימוקים ואגוזים 100ג',מנדלז דויצ'\לנד סנקס פרו,DE,שוקולד מילקה חלב צימוק אגוז 100 ג,גרמים,100.00,100 גרם,false,1,6.90,6.9000,true,1,329145
7622201802394,false,שוקולד מילקה חלב מסרונים 100 גרם,מנדלז דויצ'\לנד סנקס פרו,DE,שוקולד מילקה מיסרונים 100 ג,גרמים,100.00,100 גרם,false,1,6.90,6.9000,true,1,329144
7622201808631,false,אוראו מיני עוגיות ממולאות קרם וניל 67גרם,פי.טי. מונדלז אינדונ,ID,עוגיות אוראו וניל בכוס 67 גרם,Unknown,0.00,Unknown,false,12,7.90,0.0000,true,1,337766
7622201809188,false,מילקה ביסקוויט 150 גרם חדש,מונדלז פרנס ביסקוויט פרו,FR,ביסקויט מילקה חצי מצופה 150 גרם,גרמים,168.00,100 גרם,false,1,12.90,7.6786,true,1,327124
7622201813390,false,עוגיות מילקה וואפל במילוי קרם קקאו 150 ג,מונדליז סי.אר. ביסקוויט,CZ,וופל מילקה במילוי קרם קקאו 150 ג,גרמים,150.00,100 גרם,false,1,12.90,8.6000,true,1,327123
7622201819170,false,שוקולד מילקה דרק שקדים 85 גרם.,מונדלז דויטשלנד סנאק,DE,שוקולד מילקה דארק שקדים 85 גר,Unknown,0.00,Unknown,false,25,7.90,0.0000,true,1,332149
7622201819408,false,שוקולד מילקה דרק קרמל 85 גרם.,מונדלז דויטשלנד סנאק,DE,שוקולד מילקה דארק קרמל 85 גר,Unknown,0.00,Unknown,false,25,7.90,0.0000,true,1,332150
7622201819552,false,מילקה דארק שוקולד 85 גרם חדש,מונדלז דויטשלנד סנאק,DE,שוקולד מילקה דארק 85 גר,Unknown,0.00,Unknown,false,25,7.90,0.0000,true,1,332151
7622201823733,false,עוגיות מילקה ת'ינס - דקות 151 גרם,מונדלייז,ES,עוגיות מילקה טינס דקות 151 גרם,גרמים,151.00,100 גרם,false,12,12.90,8.5430,true,1,337924
7622210009388,false,תערובת עוגת מוס מילק,מונדליז,ES,תערובת עוגת שוקולד מילקה 350 גרם,גרמים,350.00,100 גרם,false,6,24.90,7.1143,true,1,333588
7622210077691,false,טבלת שוקולד 87 ג' אוורירי,מונדליז,DE,שוקולד קדבורי חלב אוורירי 87 גרם,Unknown,0.00,Unknown,false,12,9.90,0.0000,true,1,337341
7622210078131,false,שוקולד חלב עם שבבי קרמל מילקה דיים 100 גרם,מנדלז דויצ'\לנד סנקס פרו,DE,שוקולד מילקה שבבי קרמל 100 גרם,גרמים,100.00,100 גרם,false,1,6.90,6.9000,true,1,304255
7622210117762,false,"קוטדור בונבונירה בושה, 200 גרם כשל""פ",מונדלייז,SK,בונ.קוטדור בושה 200 גר,גרמים,200.00,100 גרם,false,12,13.90,6.9500,true,1,239861
7622210137234,false,עוגיות אוראו עם דאבל קרים וניל 170 גר,מונדלייז,ES,עוגיות אוראו דאבל קרם וניל 170 גרם,גרמים,170.00,100 גרם,false,1,8.90,5.2353,true,1,300287
7622210163899,false,שוקולד חלב במילוי סוכריות עדשים,מונדלז דויצ'לנד סנקס,DE,שוקולד מילקה עם עדשים 100 גר,גרמים,100.00,100 גרם,false,1,6.90,6.9000,true,1,313793
7622210229502,false,"בונבוניירה קוטדור בושה מיני 1 ק""ג",מונדליז,BE,שוקולד קוטדור בושה מיני 1 קג,קילוגרמים,1.00,"ק""ג",false,12,59.90,59.9000,true,1,337372
7622210240200,false,מילקה שוקולד חלב ועוגיות אוריאו 300 גרם,מונדליז,,שוקולד מילקה אוראו 300 גר,גרמים,300.00,100 גרם,false,1,14.90,4.9667,true,1,321997
7622210295965,false,מילקה קייק אנד שוק 1,מונדליז,SI,מילקה קייק אנד שוק 175 גרם,גרמים,175.00,100 גרם,false,16,10.00,5.7143,true,1,325839
7622210335647,false,טבלת שוקולד חלב 90 ג' DAIRY MILK,מונדליז,DE,שוקולד קדבורי חלב 90 גרם,Unknown,0.00,Unknown,false,12,9.90,0.0000,true,1,337339
7622210392589,false,טובלרון טייני שוקולד חלב 200 גרם,מונדלז סוויצרלנד פרודקשן,CH,שוקולד טובלרון טייני חלב 200 גר,גרמים,200.00,100 גרם,false,1,12.90,6.4500,true,1,327771
7622210453327,false,עוגיות שוקוצ'יפס במילוי שוקולד סנסיישן,מנדלז פולסקה פרודקשן,PL,עוגיות מילקה סנסיישן 156גר,גרמים,156.00,100 גרם,false,1,12.90,8.2692,true,1,309066
7622210462534,false,עוגיות מיני כוס אורא,מונדולז,,עוג.מיני אוראו קרם תות כוס 67 גרם,Unknown,0.00,Unknown,false,1,7.90,0.0000,true,1,299669
7622210464729,false,אוראו גולדן עוגיות וניל במילוי קרם וניל,מונדלייז,CZ,עוגיות אוראו גולדן קרם וניל 154 גרם,גרמים,154.00,100 גרם,false,16,7.90,5.1299,true,1,319830
7622210521811,false,שוקולד קדבורי חלב 11,מונדליז,GB,שוקולד קדבורי חלב 110 גרם,גרמים,110.00,100 גרם,false,18,9.90,9.0000,true,1,336556
7622210597380,false,בונ.מילקה קרם אגוזים,מונדליז,BG,בונ.מילקה קרם אגוזים 110 גרם,גרמים,110.00,100 גרם,false,10,11.90,10.8182,true,1,338256
7622210597915,false,פרלינים לבבות שוקולד חלב ממולא קרם נוגט,מונדלז בולגריה פרודק,BG,לבבות מילקה פרלינים 110 גרם,גרמים,110.00,100 גרם,false,10,10.90,9.9091,true,1,324310
7622210598691,false,בונ.מילקה קרם תות110,מונדליז,BG,בונ.מילקה קרם תות110 גרם,גרמים,110.00,100 גרם,false,10,11.90,10.8182,true,1,338257
7622210635105,false,עוגיות אוראו במילוי תות 154 גרם,מונדלז אספנה גאלטס פ,ES,עוגיות אוראו קרם תות 154 גרם,גרמים,154.00,100 גרם,false,16,7.90,5.1299,true,1,319828
7622210637994,false,מיני עוגיות אוראו קראנצ'י בייטס אורגינל,מונדלז אספניה ג'לאטס,ES,אוראו ביס קראנצי קרם וניל 110 גרם,גרמים,110.00,100 גרם,false,8,8.90,8.0909,true,1,325532
7622210638021,false,מיני עוגיות אוראו קראנצ'י בייטס מצופים,מונדלז אספניה ג'לאטס,ES,אוראו ביס קראנצי קרם שוקו 110 גרם,גרמים,110.00,100 גרם,false,8,8.90,8.0909,true,1,325533
7622210640062,false,פלדלפיה שמנת למריחה עם פלפל חלפיניו ופלפל ירוק,מונדלייז,DE,גב. פילדלפיה עם פלפל חלפינו 175גר,גרמים,175.00,100 גרם,false,1,14.90,8.5143,true,1,326414
7622210653307,false,תערובת לעוגה אוראו 2,מונדליז,ES,תערובת עוגת אוראו 215 גרם,גרמים,350.00,100 גרם,false,6,24.90,7.1143,true,1,333589
7622210653635,false,מילקה מומנט מיקס מינ,מונדליז,DE,מילקה מומנט מיקס מיני שוקולד 169גר,גרמים,169.00,100 גרם,false,8,21.90,12.9586,true,1,333106
7622210653642,false,מילקה מומנט שוקולד מ,מונדליז,DE,מילקה מומנט שוקולד מיני אגוזים 169גר,גרמים,169.00,100 גרם,false,8,21.90,12.9586,true,1,333105
7622210690883,false,מילקה שוקולד חלב-מהדורת מונדיאל 270 גרם,מונדלייז,AT,שוקולדמילקה חלב מונדיאל 270 גרם,גרמים,270.00,100 גרם,false,16,15.90,5.8889,true,1,337746
7622210724519,false,קוטדור ביו שוקולד מריר אורגני 70% מוצק קקאו,מונדליז,DE,שוקולד קוטדור ביו 70% מריר 90 גר,Unknown,0.00,Unknown,false,18,15.90,0.0000,true,1,326259
7622210724557,false,"קוטדור ביו מלוח 90 גרם כשל""פ",מונדליז,DE,שוקולד קוטדור ביו 90% מריר 90 גרם,Unknown,0.00,Unknown,false,18,15.90,0.0000,true,1,327022
7622210826053,false,שוקולד מילקה אוראו סנדוויץ 92 גר',גיאורי קאקסז קייאףטי,HU,שוקולד מילקה אוראו סנדוויץ 92 גר,Unknown,0.00,Unknown,false,16,6.90,0.0000,true,1,325534
7622210829108,false,עוגיות אוראו שוקו דקים 96 גרם,פי אר ג'יי אס סי מונ,UA,עוגיות אוראו דקים קרם וניל 96 גרם,Unknown,0.00,Unknown,false,1,7.90,0.0000,true,1,322392
7622210835338,false,אוראו עוגיות ממולאות טעם בראוניז 176 גרם,מנדלז אספנה גאלטס פר,ES,עוגיות אוראו בראוניז 176 גרם,גרמים,176.00,100 גרם,false,1,8.90,5.0568,true,1,313800
7622210869616,false,"קוטדור ביו 85% קקאו 90 גרם כשל""פ",מונדליז,DE,שוקולד קוטדור ביו 85% מריר 90 גרם,Unknown,0.00,Unknown,false,18,15.90,0.0000,true,1,326258
7622210989192,false,קדבורי פלאק רביעייה 80 גרם,מונדליז,GB,מארז 4 יח קדבורי פליק 20 גרם,Unknown,0.00,Unknown,false,20,9.90,0.0000,true,1,337445
7622300134532,false,שוקולד מילקה קרם חלב אגוזי לוז וקרמל 300,מונדליז,AT,שוקולד מילקה טופי אגוזי לוז 300 גרם,גרמים,300.00,100 גרם,false,12,14.90,4.9667,true,1,325536
7622300200237,false,שוקולד מילקה שוקולד חלב 250 גרם,מונדליז אוסטרייך פרו,AT,שוקולד מילקה חלב 250 גר,גרמים,250.00,100 גרם,false,1,12.90,5.1600,true,1,226814
7622300270506,false,מילקה גריינס - עוגיות שיבולת שועל מצופות שוקולד 168 ג',מונדלז פולסקה פרודקש,PL,עוגיות מילקה גריינס מצופה168גר,גרמים,168.00,100 גרם,false,1,12.90,7.6786,true,1,229820
7622300340285,false,גבינת שמנת 22% שומן 175 ג' פילדלפיה,מונדלז דויצ'לנד פרוד,DE,גבינת פילדלפיה 175 גרם 22% שומן,גרמים,175.00,100 גרם,false,10,14.90,8.5143,true,1,312894
7622300340292,false,גבינת שמנת 11% שומן 175 ג' פילדלפיה,מונדלז דויצ'לנד פרוד,DE,גבינת פילדלפיה 175 גרם 11% שומן,גרמים,175.00,100 גרם,false,10,14.90,8.5143,true,1,312895
7622300356767,false,מילקה - עוגיות עם גרנולה וחתיכות של שוקולד חלב,מונדלז פולסקה פרודקש,PL,עוגיות מילקה שוקוציפס168גר,גרמים,168.00,100 גרם,false,1,12.90,7.6786,true,1,228157
7622300434328,false,גאפה עוגית עם ג'לי תפוז ציפוי שוקולד מילקה 147ג',מונדליז,DE,עוגיות מילקה גאפה גלי תפוז 147 גרם,גרמים,147.00,100 גרם,false,24,7.90,5.3741,true,1,326494
7622300434373,false,מילקה עוגיות שוקו גאפה פטל 147 ג,מונדליז,DE,עוגיות מילקה גאפה גלי פטל 147 גרם,גרמים,147.00,100 גרם,false,24,7.90,5.3741,true,1,326493
7622300434472,false,עוגיות גאפה שוקו מוס מילקה 128ג',מונדליז,DE,עוג.מילקה גאפה מוס שוקולד מתופה128גר,גרמים,128.00,100 גרם,false,24,7.90,6.1719,true,1,326478
7622300441715,false,עוגיות מילקה ביסקוויט ממולא קרם חלב מצופה למחצה בשוקולד חלב 150 גר',מוביל בעל מוניטין,CZ,עוגיות מילקה שוקומיני 150 גרם,גרמים,150.00,100 גרם,false,16,12.90,8.6000,true,1,301723
7622300476236,false,חטיף שוקולד דאים שלי,מונדליז,SE,מארז 3 יח חטיף שוקולד דיים 84 גרם,Unknown,0.00,Unknown,false,24,10.90,0.0000,true,1,336528
7622300489427,false,עוגיות אוראו בציפוי בטעם שוקולד לבן 246 גרם,מנדלז אספנה גאלטס פר,ES,ביסקויט אוראו מצופה שוקולד לבן 246 גרם,גרמים,246.00,100 גרם,false,10,15.90,6.4634,true,1,312071
7622300489434,false,"עוגיות אוראו פאדג' בציפוי שוקולד חלב, 246 גרם",מנדלז אספנה גאלטס פר,ES,עוגיות אוראו מצופות שוקולד חלב 246 גרם,גרמים,246.00,100 גרם,false,1,15.90,6.4634,true,1,312070
7622300495046,false,מילקה שוקולד חלב עם אקסטרה קקאו 100 גרם,מנדלז דויצ'\לנד סנקס פרו,DE,שוקולד מילקה מריר אקסטרא קקאו 100 ג,גרמים,100.00,100 גרם,false,1,6.90,6.9000,true,1,233520
7622300498429,false,מילקה שוקולד חלב עם יוגורט תות 100 גר',מנדלז דויצ'\לנד סנקס פרו,DE,שוקולד מילקה קרם תות 100 גר,גרמים,100.00,100 גרם,false,1,6.90,6.9000,true,1,229034
7622300503079,false,עוגיות ביסקוויט מצופה שוקולד חלב מילקה 200 גרם,מונדלז פולסקה פרודקש,PL,עוגיות מילקה מוו מצופות 200גר,גרמים,200.00,100 גרם,false,1,12.90,6.4500,true,1,229821
7622300617820,false,מילקה שוקולד חלב במילוי קרם חלב ווניל ושבבי עוגיות אוראו 100 גרם,מנדלז דויצ'\לנד סנקס פרו,DE,שוקולד מילקה אוראו 100 ג,גרמים,100.00,100 גרם,false,1,6.90,6.9000,true,1,233519
7622300735951,false,שוקולד קדבורי חלב מו,מונדליז,GB,שוקולד קדבורי חלב מופחת סוכר 85 גרם,Unknown,0.00,Unknown,false,18,9.90,0.0000,true,1,336545
7622300756383,false,"ממרח גבינה פילדלפיה עם ממרח שוקולד ""מילקה"" 175 גרם",מונדלייז,DE,גב. פילדלפיה שוקולד מילקה 175גר,גרמים,175.00,100 גרם,false,1,14.90,8.5143,true,1,326413
7622300756413,false,גבינת פילדלפיה 20% שומן עם תבלינים 175 ג',מונדלז דויצ'לנד פרוד,DE,גבינת פילדלפיה מתובלת 175גר 20% שומן,גרמים,175.00,100 גרם,false,10,14.90,8.5143,true,1,312896
7622300761363,false,אוראו מיני עוגיות ממולאות קרם שוקו 67 גר,פי.טי. מונדלז אינדונ,ID,עוג.מיני אוראו קרם שוקולד כוס 67 גרם,Unknown,0.00,Unknown,false,1,7.90,0.0000,true,1,299671
7622400005190,false,שוקולד חלב נגיעות שוקולד לבן מילקה 100 ג,מנדלז דויצ'\לנד סנקס פרו,DE,שוקולד מילקה כאו 100 ג,גרמים,100.00,100 גרם,false,1,6.90,6.9000,true,1,244253
7622400006753,false,שוקולד קוטדור 70% קקאו 100 גרם,מונדלייז,BE,שוקולד קוטדור 70% קקאו 100 גרם,גרמים,100.00,100 גרם,false,1,12.90,12.9000,true,1,219338
7622400010460,false,שוקולד קוטדור מריר מ,מונדליז,BE,שוקולד קוטדור מריר מילוי פרלין 200 גרם,גרמים,200.00,100 גרם,false,12,22.90,11.4500,true,1,333864
7638900083071,false,2 סוללות אנרג'ייזר 1.5V,אנרג'ייזר,CN,זוג סוללות אנרגייזר 1.5וואט משחקי מחשב,יחידה,2.00,יחידה,false,1,14.90,7.4500,true,1,314851
7638900248333,false,סוללות2025 אנרג'ייזר זוג,אנרג'יזר Energizer,CN,זוג סוללת אנרגייזר ליטיום כפתור,יחידה,2.00,יחידה,false,1,19.90,9.9500,true,1,314852
7638900248357,false,סוללות אנרג'ייזר ליתיום 2032זוג ריפרש,אנרג'ייזר,CN,זוג סוללת ליטיום כפתור ליומנים 3 וולט,יחידה,2.00,יחידה,false,1,19.90,9.9500,true,1,314850
7638900295641,false,זוג סוללות אנרגייזר A23,אנרג'ייזר,CN,זוג סוללות שלט לרכב 12 וולט אנרגאיזר,Unknown,0.00,Unknown,false,1,19.90,0.0000,true,1,314891
7638900426809,false,סוללות מקס C אנרגייזר2יח,אנרג'יזר Energizer,US,זוג סוללות אנרגייזר סי,יחידה,2.00,יחידה,false,1,25.90,12.9500,true,1,320915
7638900426823,false,סוללות מקס D אנרגייזר2יח,אנרג'ייזר,US,זוג סוללת אנרגייזר מקס די,יחידה,2.00,יחידה,false,1,29.90,14.9500,true,1,320914
7640156920529,false,גבינת גרוייר מילר 15,,,גבינת גרוייר מילר 150גר,גרמים,150.00,100 גרם,false,1,24.90,16.6000,true,1,326874
7640156920536,false,גבינת גרוייר ריזרב 1,,,גבינת גרוייר ריזרב 150גר,גרמים,150.00,100 גרם,false,1,29.90,19.9333,true,1,326875
7640166794455,false,גבינת מוצרלה מגורדת,הדקלאים אגודת שיתופי,CH,גבינת מוצרלה מגורדת 200 גרם,גרמים,200.00,100 גרם,false,,18.90,9.4500,true,1,314894
7640166796329,false,גבינת מוצרלה גליל 30,צוגר,,גבינת מוצרלה 300 גרם נקניק,גרמים,300.00,100 גרם,false,1,24.90,8.3000,true,1,322252
7640175743451,false,משקה כוהלי על בסיס גין בומביי ספייר 250מ,בומביי ספיריטס,BE,משקה גין בומביי ספייר וטוניק 250מל פח.פק,מיליליטרים,250.00,"100 מ""ל",false,1,14.90,5.9600,true,1,335590
7702018263783,false,סכיני גילוח מאך 3 ג'ילט 8 יחידות,פרוקטר אנד גמבל,PL,מארז 8יח סכיני גילוח גילט מאך 3,יחידה,8.00,יחידה,false,1,79.90,9.9875,true,1,314465
7702018321520,false,דאודורנט סטיק לגבר Pro G Arctic ice,תות ממתקי איכות,US,דאו.סטיק גילייט מתקדם איי אי 45 מל,Unknown,0.00,Unknown,false,1,21.90,0.0000,true,1,245870
7702018321582,false,דאודורנט סטיק לגבר Pro G Cool Wave,פרוקטר אנד גמבל,US,דאו סטיק מתקדם 45 מל CW,Unknown,0.00,Unknown,false,1,21.90,0.0000,true,1,245869
7702018357871,false,גל גילוח 2 ב1 לעור רגיש פרוגלייד 170 מל,פרוקטר אנד גמבל,PL,גל גילוח גילט פרוגלייד עור רגיש 200 מל,מיליליטרים,200.00,"100 מ""ל",false,1,22.90,11.4500,true,1,300561
7702018465675,false,ונוס סימפלי ונוס 4 סכינים חד פעמיים אישה,פרוקטר אנד גמבל,PL,סכיני גילוח ונוס3 סימפלי 4יח גילט,Unknown,0.00,Unknown,false,1,22.90,0.0000,true,1,316040
7702018469802,false,ג'ילט - ונוס סווירל ידית ו3 סכינים 5 להבים,פרוקטר אנד גמבל,PL,מכשיר+סכיני גילוח ונוס סווירל ידית+3סכינ,Unknown,0.00,Unknown,false,1,49.90,0.0000,true,1,336295
7702018469901,false,ג'ילט סכיני גילוח מארז מוגדל פיוזן שמינייה,פרוקטר אנד גמבל,DE,מארז סכיני גילוח 8יח גילט פיוזן,יחידה,8.00,יחידה,false,1,119.90,14.9875,true,1,316041
7702018539468,false,גילט ונוס תות- ידית ושלושה סכינים 5להבים מארז,פרוקטר אנד גמבל,PL,מכשיר+סכיני גילוח ונוס תות ידית+3סכינים,Unknown,0.00,Unknown,false,1,49.90,0.0000,true,1,328763
7702018610280,false,גילט מארז פרוגלייד מכשיר+4 סכינים,פרוקטר אנד גמבל,PL,מארז סכיני גילוח+ידית גילט פרוגלייד,יחידה,1.00,יחידה,false,1,109.90,109.9000,true,1,336294
7702018610303,false,גילט מארז סקינגארד אלוורה מכשיר+4 סכין,פרוקטר אנד גמבל,PL,מארז סכיני גילוח+ידית סקינגארד אלוורה,יחידה,1.00,יחידה,false,1,109.90,109.9000,true,1,336293
7702018866984,false,גילט פיוזן ידני סכיני גילוח 4 יחידות,תות ממתקי איכות,PL,4 סכיני גילוח פיוזן ידני,יחידה,4.00,יחידה,false,1,69.90,17.4750,true,1,245840
7702018980833,false,"ג'ילט ג'ל גילוח סירייס מועשר בלחות - 200 מ""ל",פרוקטר אנד גמבל,GB,גל גילוח סירייס מועשר בלחות 200 מל,מיליליטרים,200.00,"100 מ""ל",false,1,16.90,8.4500,true,1,300909
7702024074625,false,פיטנס - חטיפי קרקר חיטה מלאה 234 גרם,קומסטיבלס לה רוזה אס.איי,CO,קרקר פיטנס חיטה מלאה 234 גרם,גרמים,234.00,100 גרם,false,1,11.90,5.0855,true,1,315217
7702024258322,false,"חטיפי קרקר עם חיטה מלאה, צ'יה וזרעי פשתן פיטנס",נסטלה Nestle,CO,חטיפי קרקר פיטנס ציה וזרעי פשתן 234 גרם,גרמים,234.00,100 גרם,false,1,11.90,5.0855,true,1,324373
7702174066631,false,לקקן יוגטה פין פופ במילוי מסטיק 170 גר,הדקלאים אגודת שיתופי,EC,לקקן יוגטה פין פופ פירות 10 יח 180 גר,גרמים,170.00,100 גרם,false,1,8.90,5.2353,true,1,226670
7702174068826,false,יוגטה מבחר סוכריות לקקן קשות ממולאות טופי בטעמי יוגורט ופירות 204 גרם,הדקלאים אגודת שיתופי,CO,לקקן יוגטה 216 גרם בטעם פירות,גרמים,216.00,100 גרם,false,16,8.90,4.1204,true,1,233034
7702174068833,false,יוגטה סוכריות קשות על מקל ממולאות טופי בטעמי גלידת פירות 12 יח' 204 גרם,הדקלאים אגודת שיתופי,CO,לקקן יוגטה בשקית 210 גרם בטעם גלידה,גרמים,216.00,100 גרם,false,16,8.90,4.1204,true,1,232630
7702174070201,false,יוגטה לקקן בטעם מסטיק ממולא טופי בטעם תות 12 יח' 204 גרם,הדקלאים אגודת שיתופי,CO,לקקן יוגטה 216 גרם בטעם מגיק,גרמים,216.00,100 גרם,false,16,8.90,4.1204,true,1,233725
7702174073783,false,סוכריות על מקל בטעם קולה במילוי גומי לעיסה,הדקלאים אגודת שיתופי,CO,לקקן יוגטה פין פופ קולה 10 יח 180 גר,גרמים,180.00,100 גרם,false,1,8.90,4.9444,true,1,295447
7707284029002,false,רום דיקטדור 12 שנה י,,CO,רום דיקטדור 12 שנה יישון 700 מל,מיליליטרים,700.00,"100 מ""ל",false,6,229.00,32.7143,true,1,323911
7750526001786,false,אינקה ציפס ירוקות שורש אוריגינל 142גר,Global Gourmet Produ,US,חטיף אינקה ציפס ירקות שורש אוריגנל142 גר,גרמים,142.00,100 גרם,false,1,16.90,11.9014,true,1,326252
7790070508614,false,תה גרבה טראגוי 500 ג,,AR,תה גרבה טראגוי 500 גרם,גרמים,500.00,100 גרם,false,10,19.90,3.9800,true,1,335493
7790703100321,false,יין דון ולנטין לאקרא,BIANCHI,,יין דון ולנטין לאקראדו 750 מל פיקדון,מיליליטרים,750.00,"100 מ""ל",false,1,45.00,6.0000,true,1,225503
7790703165276,false,יין שרדונה אלזה 750,BIANCHI,,יין שרדונה אלזה 750 מל פקדון,מיליליטרים,750.00,"100 מ""ל",false,1,45.00,6.0000,true,1,225223
7790703165443,false,יין מלבק אלזה 750 מל,BIANCHI,,יין מלבק אלזה 750 מל פקדון,מיליליטרים,750.00,"100 מ""ל",false,1,45.00,6.0000,true,1,225221
7790703165450,false,יין ק. סוביניון אלזה,BIANCHI,,יין ק. סוביניון אלזה 750 מל פקדון,מיליליטרים,750.00,"100 מ""ל",false,1,45.00,6.0000,true,1,225222
7790703166587,false,יין ביאנקי אנזו 750,BIANCHI,,יין ביאנקי אנזו 750 מל פקדון,מיליליטרים,750.00,"100 מ""ל",false,1,199.00,26.5333,true,1,226628
7790703167638,false,יין ק. סוביניון פמיל,BIANCHI,,יין ק. סוביניון פמיליה 750 מל פקדון,מיליליטרים,750.00,"100 מ""ל",false,1,65.00,8.6667,true,1,225489
7790703167645,false,יין מלבק פמיליה 750,BIANCHI,,יין מלבק פמיליה 750 מל פקדון,מיליליטרים,750.00,"100 מ""ל",false,1,65.00,8.6667,true,1,225488
7790703167737,false,יין ק. סוביניון פרטי,BIANCHI,,יין ק. סוביניון פרטיקולר 750 מל פקדון,מיליליטרים,750.00,"100 מ""ל",false,1,120.00,16.0000,true,1,227969
7790703167744,false,יין מלבק פרטיקולר 75,BIANCHI,,יין מלבק פרטיקולר 750 מל פקדון,מיליליטרים,750.00,"100 מ""ל",false,1,120.00,16.0000,true,1,227968
7790703168307,false,יין טורונטס אלזה 750,BIANCHI,,יין טורונטס אלזה 750 מל פקדון,מיליליטרים,750.00,"100 מ""ל",false,1,45.00,6.0000,true,1,229869
7790703200786,false,יין מלבק אלזה 1 לי,BIANCHI,,יין מלבק אלזה 1 לי,ליטרים,1.00,ליטר,false,1,45.00,45.0000,true,1,327479
7791250002007,false,יין סן טלמו בלאנק סו,,AR,יין סן טלמו בלאנק סוביניון 750 מל,מיליליטרים,750.00,"100 מ""ל",false,1,45.00,6.0000,true,1,337825
7791250002014,false,יין סן טלמו רזרב מלב,,AR,יין סן טלמו רזרב מלבק 750 מל,מיליליטרים,750.00,"100 מ""ל",false,1,45.00,6.0000,true,1,337827
7791250002021,false,יין סן טלמו רזרב שרד,,AR,יין סן טלמו רזרב שרדונה 750 מל,מיליליטרים,750.00,"100 מ""ל",false,1,45.00,6.0000,true,1,337826
7791540090578,false,יין רוזה סירה פינקה,ארגנטינה - פינקה לאס,,יין רוזה סירה פינקה לאס מוראס 750 מל,מיליליטרים,750.00,"100 מ""ל",false,1,40.00,5.3333,true,1,240225
7791540127090,false,יין שרדונה פינקה לאס,ארגנטינה - פינקה לאס,,יין שרדונה פינקה לאס מוראס 750 מל,מיליליטרים,750.00,"100 מ""ל",false,1,40.00,5.3333,true,1,240224
7791540127168,false,יין מלבק פינקה לאס מ,ארגנטינה - פינקה לאס,,יין מלבק פינקה לאס מוראס 750 מל,מיליליטרים,750.00,"100 מ""ל",false,1,40.00,5.3333,true,1,240221
7791728000160,false,יין סנטה גוליה מלבק,,,יין סנטה גוליה מלבק 750מל פקדון,מיליליטרים,750.00,"100 מ""ל",false,1,45.00,6.0000,true,1,239080
7791728010275,false,יין סנטה גוליה מלבק,זוקארדי,AR,יין סנטה גוליה מלבק דה מרקדו 750 מל,מיליליטרים,750.00,"100 מ""ל",false,6,60.00,8.0000,true,1,317130
7791875005353,false,ריבת חלב הוואנה דוצה דה לצה 450 גרם,מיגה פוד קומרס,ES,ריבת חלב האוונה 450 גרם,גרמים,450.00,100 גרם,false,12,19.90,4.4222,true,1,245088
7792860006218,false,סוכריות לקקנים בייבי דול Baby Doll לריטר,גוד פוד פרודקטס S.p,AR,לקקן בייבי דול 24 גרם,Unknown,0.00,Unknown,false,1,2.50,0.0000,true,1,220748
7793046001041,false,ריבת בטטה וניל דולקור 700 גרם,דולקור אסאיי,AR,ריבת סטטה וניל דולקור 700 גר ארגנטינה,גרמים,700.00,100 גרם,false,12,28.00,4.0000,true,1,297645
7793046002031,false,ריבת בטטה שוקולד דולקור 700 גרם,דולקור אסאיי,,ריבת בטטה שוקולד דולקור 700 גר ארגנטינה,גרמים,700.00,100 גרם,false,1,28.00,4.0000,true,1,297646
7793046004059,false,ריבת חבושים דולקור 700 גרם,דולקור אסאיי,AR,ריבת חבושים דולקור 700 גר ארגנטינה,גרמים,700.00,100 גרם,false,12,28.00,4.0000,true,1,297644
7794450002570,false,יין קאטנה קברנה סובי,ארגנטינה בודגה קטנה,,יין קאטנה קברנה סוביניון 750 מל פקדון,מיליליטרים,750.00,"100 מ""ל",false,1,65.00,8.6667,true,1,230561
7794450002853,false,יין סאן קרלוס קברנה,ארגנטינה בודגה קטנה,,יין סאן קרלוס קברנה פרנק 750 מל,מיליליטרים,750.00,"100 מ""ל",false,1,80.00,10.6667,true,1,307402
7794450005175,false,יין פאראחה אלטמירה מ,ארגנטינה בודגה קטנה,,יין פאראחה אלטמירה מלבק 750 מל,מיליליטרים,750.00,"100 מ""ל",false,1,80.00,10.6667,true,1,307403
7794450008053,false,יין קאטנה מלבק 750 מ,ארגנטינה בודגה קטנה,,יין קאטנה מלבק 750 מל פקדון,מיליליטרים,750.00,"100 מ""ל",false,1,65.00,8.6667,true,1,230560
7794450008060,false,קטאנה זאפאטה אלאמוס,ארגנטינה בודגה קטנה,,יין אלאמוס קברנה 750 מל פיקדון,מיליליטרים,750.00,"100 מ""ל",false,1,45.00,6.0000,true,1,225451
7794450008077,false,יין אלאמוס שרדונה 75,ארגנטינה בודגה קטנה,,יין אלאמוס שרדונה 750 מל פיקדון,מיליליטרים,750.00,"100 מ""ל",false,1,45.00,6.0000,true,1,225450
7794450008084,false,יין אלאמוס מאלבק 750,ארגנטינה בודגה קטנה,,יין אלאמוס מלבק 750 מל פיקדון,מיליליטרים,750.00,"100 מ""ל",false,1,45.00,6.0000,true,1,225452
7794450008886,false,קטאנה זאפאטה אלאמוס,ארגנטינה בודגה קטנה,,יין אלאמוס מרלו 750 מל פיקדון,מיליליטרים,750.00,"100 מ""ל",false,1,45.00,6.0000,true,1,225454
7794450088383,false,יין אלאמוס סוביניון,ארגנטינה בודגה קטנה,,יין אלאמוס סוביניון בלאן 750 מל פיקדון,מיליליטרים,750.00,"100 מ""ל",false,1,45.00,6.0000,true,1,225453
7794450088703,false,יין אלאמוס סירה 750,ארגנטינה בודגה קטנה,,יין אלאמוס סירה 750 מל פיקדון,מיליליטרים,750.00,"100 מ""ל",false,1,45.00,6.0000,true,1,225455
7794450090829,false,יין מלבק אלאמוס 375,,,יין מלבק אלאמוס 375 מל,מיליליטרים,375.00,"100 מ""ל",false,12,30.00,8.0000,true,1,319046
7794450091338,false,יין אלאמוס מלבק סלקס,ארגנטינה בודגה קטנה,,יין אלאמוס מלבק סלקסיון 750 מל פקדו,מיליליטרים,750.00,"100 מ""ל",false,1,60.00,8.0000,true,1,230564
7798068480027,false,יין דוניניו2007 מלבק,,,יין דוניניו2007 מלבק 750 מל פיקדון,מיליליטרים,750.00,"100 מ""ל",false,1,60.00,8.0000,true,1,337872
7798074860219,false,יין פורטילו שרדונה ל,,,יין פורטילו שרדונה לבן 750 מל,מיליליטרים,750.00,"100 מ""ל",false,6,45.00,6.0000,true,1,335611
7798080490387,false,יין טוקומאן סוביניון,,AR,יין טוקומאן סוביניון בלאן 750 מל,מיליליטרים,750.00,"100 מ""ל",false,1,45.00,6.0000,true,1,334067
7798080490394,false,יין טוקומאן שרדונה 7,,AR,יין טוקומאן שרדונה 750 מל,מיליליטרים,750.00,"100 מ""ל",false,1,45.00,6.0000,true,1,334068
7798080490608,false,יין טוקומאן רוסאדו א,,AR,יין טוקומאן רוסאדו ארגנטינו 750 מל,מיליליטרים,750.00,"100 מ""ל",false,1,45.00,6.0000,true,1,334069
7798130463187,false,"יין ארגנטו קלאסיק רוזה רוזה יבש 750 מ""ל",,AR,יין ארגנטו קלאסיק רוזה יבש 750 מל,מיליליטרים,750.00,"100 מ""ל",false,6,45.00,6.0000,true,1,322260
7798130463507,false,יין ארגנטו קברנה פרנ,,AR,יין אדום קברנה פרנק ארגנטו אגרילו 750מל,מיליליטרים,750.00,"100 מ""ל",false,12,85.00,11.3333,true,1,336597
7798159560096,false,"יין ארגנטו קלאסיק קברנה סוביניו 750 מ""ל",,AR,יין ארגנטו קלאסיק ק.סוביניון יבש 750 מל,מיליליטרים,750.00,"100 מ""ל",false,6,45.00,6.0000,true,1,324457
7798159560102,false,יין ארגנטו קלאסיק שרדונה סוביניון 750 מ,,AR,יין ארגנטו קלאסיק שרדונה ס. לבן 750 מל,מיליליטרים,750.00,"100 מ""ל",false,6,45.00,6.0000,true,1,324458
7798159560126,false,יין ארגנטו קלאסיק מל,,,יין ארגנטו מלבק אדום יבש 750 מל,מיליליטרים,750.00,"100 מ""ל",false,6,45.00,6.0000,true,1,322258
7798159560157,false,יין ארגנטו קלאסיק פי,,,יין ארגנטו קלאסיק פינו גריגיו לבן 750 מל,מיליליטרים,750.00,"100 מ""ל",false,6,45.00,6.0000,true,1,322259
7798159560256,false,יין ראגנטו סלקסיון ק,,,יין ראגנטו סלקסיון קברנה ס. 750 מל,מיליליטרים,750.00,"100 מ""ל",false,6,45.00,6.0000,true,1,327677
7798159560263,false,יין ראגנטו סלקסיון ש,,,יין ראגנטו סלקסיון שרדונה 750 מל750 מל,מיליליטרים,750.00,"100 מ""ל",false,6,45.00,6.0000,true,1,327675
7798164800019,false,אוכמניות ברי בקופסא,ויוה Viva Agricuiture,IL,אוכמניות ברי בקופסא 125 גרם,גרמים,125.00,100 גרם,false,1,14.90,11.9200,true,1,296739
7802110001143,false,יין פיסקו סאוור קאפל,פיסקו קאפל,,יין פיסקו סאוור קאפל 750 מל,מיליליטרים,750.00,"100 מ""ל",false,1,60.00,8.0000,true,1,244939
7802175453635,false,ביסקו קונטרול סי 750,,,ביסקו קונטרול סי 750מל פקדון,מיליליטרים,750.00,"100 מ""ל",false,1,250.00,33.3333,true,1,232935
7804315000235,false,יין מבעבע דמי סק אונ,UNDURRAGA,,יין מבעבע דמי סק אונדורגה 750 מל פיקדון,מיליליטרים,750.00,"100 מ""ל",false,1,45.00,6.0000,true,1,225487
7804315000570,false,יין ק. סוביניון סירה,UNDURRAGA,,יין ק. סוביניון סירה אליווין 750מל פקדון,מיליליטרים,750.00,"100 מ""ל",false,1,60.00,8.0000,true,1,227810
7804315000587,false,יין ק. סוביניון מרלו,UNDURRAGA,,יין ק. סוביניון מרלו אליווין 750 מל פקדו,מיליליטרים,750.00,"100 מ""ל",false,1,60.00,8.0000,true,1,225225
7804315000594,false,יין ק. סוביניון קרמנ,UNDURRAGA,,יין ק. סוביניון קרמנר אליווין 750מל פקדו,מיליליטרים,750.00,"100 מ""ל",false,1,60.00,8.0000,true,1,225227
7804315000693,false,יין סוביניון בלאן אל,UNDURRAGA,,יין סוביניון בלאן אליווין 750 מל פקדון,מיליליטרים,750.00,"100 מ""ל",false,1,60.00,8.0000,true,1,225226
7804315001973,false,יין ק. סוביניון סיבר,UNDURRAGA,,יין ק. סוביניון סיבריס 750מל פקדון,מיליליטרים,750.00,"100 מ""ל",false,1,65.00,8.6667,true,1,225485
7804315001997,false,יין קרמנר סיבריס 750,UNDURRAGA,,יין קרמנר סיבריס 750 מל פקדון,מיליליטרים,750.00,"100 מ""ל",false,1,65.00,8.6667,true,1,225484
7804315002000,false,יין שרדונה סיבריס 75,UNDURRAGA,,יין שרדונה סיבריס 750 מל פקדון,מיליליטרים,750.00,"100 מ""ל",false,1,65.00,8.6667,true,1,234291
7804315002024,false,יין פינו נואר סיבריס,UNDURRAGA,,יין פינו נואר סיבריס 750מל פקדון,מיליליטרים,750.00,"100 מ""ל",false,1,65.00,8.6667,true,1,234292
7804315002185,false,יין סוביניון בלאן לי,UNDURRAGA,,יין סוביניון בלאן לידה 750 מל פיקדון,מיליליטרים,750.00,"100 מ""ל",false,1,100.00,13.3333,true,1,227811
7804315002352,false,יין קרמנר פאונדרס 75,UNDURRAGA,,יין קרמנר פאונדרס 750 מל פקדון,מיליליטרים,750.00,"100 מ""ל",false,1,129.00,17.2000,true,1,226536
7804315002628,false,יין אלטזור אנדראגה 7,UNDURRAGA,,יין אלטזור אנדראגה 750 מל פקדון,מיליליטרים,750.00,"100 מ""ל",false,1,250.00,33.3333,true,1,227837
7804315002864,false,יין פינו נואר לידה 7,UNDURRAGA,,יין פינו נואר לידה 750 מל פיקדון,מיליליטרים,750.00,"100 מ""ל",false,1,129.00,17.2000,true,1,227812
7804315003342,false,יין קרינאן טי אייץ 7,UNDURRAGA,,יין קרינאן טי אייץ 750 מל פקדון,מיליליטרים,750.00,"100 מ""ל",false,1,129.00,17.2000,true,1,232597
7804315010005,false,יין ק. סוביניון וריא,UNDURRAGA,,יין ק. סוביניון וריאטל 750מל פקדון,מיליליטרים,750.00,"100 מ""ל",false,1,45.00,6.0000,true,1,219875
7804315012054,false,יין שרדונה וריאטל 75,UNDURRAGA,,יין שרדונה וריאטל 750מל פקדון,מיליליטרים,750.00,"100 מ""ל",false,1,45.00,6.0000,true,1,228726
7804315030027,false,יין מרלו וריאטל 750,UNDURRAGA,,יין מרלו וריאטל 750 מל פקדון,מיליליטרים,750.00,"100 מ""ל",false,1,45.00,6.0000,true,1,220109
7804315120797,false,יין אונדורגה לייט צי,UNDURRAGA,,יין אונדורגה לייט צילה 500 מל,מיליליטרים,500.00,"100 מ""ל",false,1,60.00,12.0000,true,1,219877
7804315304647,false,יין גוורצטרמינר וריא,UNDURRAGA,,יין גוורצטרמינר וריאטל 750מל פקדון,מיליליטרים,750.00,"100 מ""ל",false,1,45.00,6.0000,true,1,219876
7804315304807,false,יין קרמנר וריאטל 750,UNDURRAGA,,יין קרמנר וריאטל 750מל פקדון,מיליליטרים,750.00,"100 מ""ל",false,1,45.00,6.0000,true,1,225486
7804315304968,false,יין ק. סוביניון פאונ,UNDURRAGA,,יין ק. סוביניון פאונדרס 750 מל פקדון,מיליליטרים,750.00,"100 מ""ל",false,1,115.00,15.3333,true,1,225483
7804320087016,false,יין קסילרו דל דיאבלו,קונצ'ה אי טורו,,יין ה דיאבלו קברנה 750 מל פיקדון,Unknown,0.00,Unknown,false,1,60.00,0.0000,true,1,297479
7804320135854,false,יין טורו פרונטרה קרמ,קונצה אי טורו,,יין טורו פרונטרה קרמנרה 750 מל,מיליליטרים,750.00,"100 מ""ל",false,1,45.00,6.0000,true,1,297481
7804320256900,false,יין קסילרו דל דיאבלו,קונצ'ה אי טורו,,יין דיאבלו שרדונה 750 מל פיקדון,מיליליטרים,750.00,"100 מ""ל",false,1,60.00,8.0000,true,1,297495
7804320301174,false,יין ה קאסילרו סובניו,קונצה אי טורו,,יין ה קאסילרו סובניוןבלאן 750 מל פיקדון,מיליליטרים,750.00,"100 מ""ל",false,1,60.00,8.0000,true,1,297483
7804320303178,false,יין קסילרו דל דיאבלו,קונצ'ה אי טורו,,יין ה דיאבלו קברנה 750 מל פיקדון,מיליליטרים,750.00,"100 מ""ל",false,1,60.00,8.0000,true,1,297474
7804320556000,false,יין פרונטרה סוביניון,קונצה אי טורו,,יין פרונטרה סוביניון בלאן 750מל פקדון,Unknown,0.00,Unknown,false,1,45.00,0.0000,true,1,297476
7804320559001,false,יין פרונטרה קברנה סו,קונצ'ה אי טורו,,יין פרונטרה קברנה 750 מל פיקדון,מיליליטרים,750.00,"100 מ""ל",false,1,45.00,6.0000,true,1,297475
7804320642277,false,יין פרונטרה שרדונה 7,קונצה אי טורו,,יין פרונטרה שרדונה 750מל פקדון,מיליליטרים,750.00,"100 מ""ל",false,1,45.00,6.0000,true,1,297477
7804320706009,false,יין פרונטרה מרלו 750,קונצ'ה אי טורו,,יין פרונטרה מרלו 750 מל פיקדון,מיליליטרים,750.00,"100 מ""ל",false,1,45.00,6.0000,true,1,297478
7804320746104,false,יין קונצה אי טורו די,קונצה אי טורו,CL,יין קונצה אי טורו דיאבלו 666 750 מל,מיליליטרים,750.00,"100 מ""ל",false,6,75.00,10.0000,true,1,316621
7804320750552,false,יין קונצה אי טורו קב,קונצה אי טורו,CL,יין קונצה אי טורו דיאבלו ק.ס 750 מל,מיליליטרים,750.00,"100 מ""ל",false,6,75.00,10.0000,true,1,322037
7804320985633,false,קונצ'ה אי טורו קאסי,קונצה אי טורו,,יין דיאבלו מרלו 750 מל פיקדון,מיליליטרים,750.00,"100 מ""ל",false,1,60.00,8.0000,true,1,297473
7804338000021,false,יין אדום יבש טרדיסון רזרב ק.סובינון 750,וינה לוס בולדוס,ZA,יין לוס בולדוס טרידיסיון רזרב ק.סוביניון,מיליליטרים,750.00,"100 מ""ל",false,6,45.00,6.0000,true,1,335239
7804338000465,false,לוס בולדוס גראנד רזרב קברנהסוביניון 750מ,,CL,יין קברנה ס. רזרב גראנד לוס בולדוס 750 מ,מיליליטרים,750.00,"100 מ""ל",false,6,60.00,8.0000,true,1,335241
7804338000625,false,"יין אדום יבש טרדיסון רזרב קרמנאר 750 מ""ל",,ZA,יין לוס בולדוס טרידיסיון רזרב קרמאנר 750,מיליליטרים,750.00,"100 מ""ל",false,6,45.00,6.0000,true,1,335240
7804338000649,false,לוס בולדוס גראנד רזרב סירה 750מ,,CL,יין גראנד רזרב קרמאנר לוס בולדוס 750 מ,מיליליטרים,750.00,"100 מ""ל",false,6,60.00,8.0000,true,1,335242
7804387001581,false,יין קאנטו דה אפאלטה,צ'ילה קאזה לפוסטול,,יין קאנטו דה אפאלטה לפוסטול 750מל פקדון,מיליליטרים,750.00,"100 מ""ל",false,1,85.00,11.3333,true,1,234952
7804414000860,false,יין דון חוליו קברנה סוביניון,צ'ילה לואיס פיליפה אדוארדס,CL,יין קברנה דון חוליו אדוארדו 750 מל פקדון,מיליליטרים,750.00,"100 מ""ל",false,1,35.00,4.6667,true,1,223187
7804414000877,false,"יין דון חוליו מרלו 750 מ""ל",צ'ילה לואיס פיליפה אדוארדס,CL,יין מרלו דון חוליו אדוארדו 750 מל פקדון,מיליליטרים,750.00,"100 מ""ל",false,1,35.00,4.6667,true,1,223188
7804414000884,false,"דון חוליו שרדונה 750 מ""ל",צ'ילה לואיס פיליפה אדוארדס,CL,יין שרדונה דון חוליו אדוארדו750 מל פקדון,מיליליטרים,750.00,"100 מ""ל",false,1,35.00,4.6667,true,1,225457
7804414001614,false,"דון חוליו שיראז 750 מ""ל",צ'ילה לואיס פיליפה אדוארדס,CL,יין שיראז דון חוליו אדוארדו750מל פקדון,מיליליטרים,750.00,"100 מ""ל",false,1,35.00,4.6667,true,1,225458
7804414002154,false,יין דון חוליו קברנה,,,"יין דון חוליו קברנה סוביניון 375 מ""ל",מיליליטרים,375.00,"100 מ""ל",false,12,25.00,6.6667,true,1,319045
7804414003212,false,יין בלנד 900 אל אף א,צ'ילה לואיס פיליפה א,,יין בלנד 900 אל אף אי לפ אדוארדס 750מל פ,מיליליטרים,750.00,"100 מ""ל",false,1,120.00,16.0000,true,1,236092
7804414003373,false,יין מריאה דה ליידה ס,צ'ילה לואיס פיליפה א,,יין מריאה דה ליידה סוב. בלאן 750מל פקדון,מיליליטרים,750.00,"100 מ""ל",false,1,85.00,11.3333,true,1,238916
7804414012344,false,דון חוליו סוביניון בלאן,צ'ילה לואיס פיליפה א,CL,יין דון חוליו סוביניון בלאן 750 מל,מיליליטרים,750.00,"100 מ""ל",false,1,35.00,4.6667,true,1,303530
7804414012351,false,יין אדום יבש מלבק דו,צ'ילה לואיס פיליפה א,CL,יין דון חוליו מלבק 750 מל,מיליליטרים,750.00,"100 מ""ל",false,1,35.00,4.6667,true,1,303531
7804414012368,false,יין אדום רוזה דון חו,צ'ילה לואיס פיליפה א,CL,יין דון חוליו רוזה 750 מל,מיליליטרים,750.00,"100 מ""ל",false,1,35.00,4.6667,true,1,304276
7804414017110,false,דון חוליו פינו נואר כשר,צ'ילה לואיס פיליפה א,,יין דון חוליו פינו נואר כשר 750 מל,מיליליטרים,750.00,"100 מ""ל",false,1,35.00,4.6667,true,1,321028
7861500002818,false,"שישייה בירה לף בראון בקבוק 330X6 מ""ל","אינבב, ברוורייפליין",BE,מארז 6יח בירה לף בראון 330מל בק.פקדון,מיליליטרים,1980.00,"100 מ""ל",false,1,47.90,2.4192,true,1,327261
7891024124826,false,קולגייט משחת אופטיק ספרקלינג וייט 75מל,הנסיך- מפעל לייצור ט,BR,מש.שיניים אופטיק וויט 75 מל,מיליליטרים,75.00,"100 מ""ל",false,1,21.90,29.2000,true,1,233735
7891024130063,false,"קולגייט מי פה פלאקס ללא אלכוהול 500 מ""ל מהדרין",קולגייט- פלמוליב,BR,מי פה קולגייט פלקס ללא אלכוהול 500 מל,מיליליטרים,500.00,"100 מ""ל",false,12,24.90,4.9800,true,1,226094
7891024179482,false,"שטיפת פה קולגייט אופטיק וייט 500מ""ל",יבואן ומשווק: ש. שסט,PL,מי פה קולגייט אופטיק וויט 500 מל,מיליליטרים,500.00,"100 מ""ל",false,12,24.90,4.9800,true,1,233736
7896259411987,false,סוכריות פאדג אמברה ש,,BR,סוכריות פאדג אמברה שוקולד 150 גרם,גרמים,150.00,100 גרם,false,24,6.90,4.6000,true,1,335486
7896547500034,false,רום קשאסה 61 970 מל,קשאסה מיסייאטו,UA,משקה קאשה 61 1 ל פיקדון,ליטרים,1.00,ליטר,false,1,110.00,110.0000,true,1,233721
8000015001063,false,בישקוטים דיליו 200 ג,,IT,בישקוטים דיליו 200 גר איטלקי,גרמים,200.00,100 גרם,false,1,7.00,3.5000,true,1,224766
8000015002374,false,עוגיות איטלקיות דילי,,,עוגיות דיליו איטלקי גיריני 800 גר,גרמים,800.00,100 גרם,false,1,13.90,1.7375,true,1,229608
8000015002459,false,בישקוטים דיליו 400 ג,,IT,בישקוטים דיליו 400 גר איטלקי,גרמים,400.00,100 גרם,false,1,10.90,2.7250,true,1,335125
8000015002510,false,עוגיות דיליו אוסוויג,,,עוגיות דיליו אוסוויגו איטלקי 800 גר,גרמים,800.00,100 גרם,false,1,13.90,1.7375,true,1,224761
8000015002688,false,עוגיות דיליו גלי ספג,,,עוגיות דיליו גלי ספגוטי איטלקי 800 גר,גרמים,800.00,100 גרם,false,1,13.90,1.7375,true,1,227134
8000015002848,false,עוגיות דיליו גרנדורה,,,עוגיות דיליו גרנדורה איטלקי 700 גר,גרמים,700.00,100 גרם,false,1,13.90,1.9857,true,1,230761
8000015002855,false,עוגיות דיליו כוציולי,,,עוגיות דיליו כוציולי איטלקי 700 גר,גרמים,700.00,100 גרם,false,1,13.90,1.9857,true,1,230762
8000015002909,false,עוגיות איטלקיות דילי,,,עוגיות דיליו כוצינה שחור איטלקי 700גר,גרמים,700.00,100 גרם,false,1,13.90,1.9857,true,1,230766
8000015002978,false,עוגיות דיליו איטלקי,,,עוגיות דיליו איטלקי 700 גר,גרמים,700.00,100 גרם,false,1,13.90,1.9857,true,1,237009
8000020000280,false,יין אסטי מבעבע לבן צינזנו 750 מל,davide campari,,יין וורמוט צינזנו אסטי לבן 700 מל פקדון,מיליליטרים,70000.00,"100 מ""ל",false,1,40.00,0.0571,true,1,231411
8000020000365,false,"וורמוט צינזנו ביאנקו 750 מ""ל",דויד קמפרי,IT,וורמוט צינזנו לבן 700 מל פקדון,מיליליטרים,750.00,"100 מ""ל",false,1,40.00,5.3333,true,1,231413
8000020000372,false,"וורמוט צינזנו אדום 750 מ""ל",davide campari,,וורמוט צינזנו אדום 700 מל פקדון,מיליליטרים,750.00,"100 מ""ל",false,1,40.00,5.3333,true,1,231880
8000020005247,false,יין גרנד דולצה מבעבע מתוק צינזנו 750 מל,davide campari,,יין צינזנו גרנד דולצה מבעבע מתוק 700מל פ,מיליליטרים,700.00,"100 מ""ל",false,1,40.00,5.7143,true,1,338627
8000020006381,false,יין רוזה מבעבע צינזנו 750 מל,davide campari,,יין צינזנו רוזה 700 מל פקדון,מיליליטרים,750.00,"100 מ""ל",false,1,40.00,5.3333,true,1,231613
8000040000802,false,משקה קמפרי 1000 מל פ,קמפרי (יורו),IT,משקה קמפרי 1000 מל פקדון,ליטרים,1.00,ליטר,false,1,105.00,105.0000,true,1,223931
8000040500012,false,"וויסקי בורבון ווילד טורקי 81 700 מ""ל",אוסטין ניקולס,US,וויסקי ווליד טרקי 81 700 מל,מיליליטרים,700.00,"100 מ""ל",false,1,89.00,12.7143,true,1,243958
8000040630269,false,וויסקי סינגל מאלט גלן גראנט 12 שנים 700,,,וויסקי סקוטי גלן גראנט 12שנים 700 מל,מיליליטרים,700.00,"100 מ""ל",false,1,149.90,21.4143,true,1,309891
8000060100025,false,ברנדי ויצה רומנה 10,,,ברנדי ויצה רומנה 10 700מל פקדון,מיליליטרים,700.00,"100 מ""ל",false,1,149.00,21.2857,true,1,234242
8000070003774,false,קפסולות אספרסו לוואצה אינטנסו 13 16 יח,לואיג'י לוואצה,IT,קפסולות לוואצה אמודו מיו 13 אינטנסו 16 י,יחידה,16.00,יחידה,false,1,29.90,1.8687,true,1,337668
8000070003798,false,קפסולות אספרסו לוואצה דליסיוזו 8 16 יח,לאוג'י לוואצה אס.פי.אי,IT,קפסולות לוואצה אמודו מיו8דליסיוזו16יח,יחידה,16.00,יחידה,false,1,29.90,1.8687,true,1,337664
8000070003811,false,קפסולות אספרסו לוואצה פסיונלה 11 16 יח,לואיג'י לוואצה,IT,קפסולות לוואצה אמודו מיו 11פסיונלה 16 יח,יחידה,16.00,יחידה,false,1,29.90,1.8687,true,1,337666
8000070003842,false,לוואצה מס' 7 קפסולות לקפה 120 גרם,לווצה טורינו,IT,קפסולות לוואצה אמודו מיו7נטול קפאין16יח,יחידה,16.00,יחידה,false,1,29.90,1.8687,true,1,337663
8000070003972,false,לוואצה מס' 5 קפסולות לקפה 120 גרם,לאוג'י לוואצה אס.פי.אי,IT,קפסולות לוואצה אמודו מיו 5 סואבה16 יח,יחידה,16.00,יחידה,false,1,29.90,1.8687,true,1,337661
8000070010680,false,קפסולות אספרסו לוואצה NCC מותאמות למכונו,לאוג'י לוואצה אס.פי.אי,IT,קפסולות לוואצה ויגורוסו 12 10 יח,יחידה,10.00,יחידה,false,10,16.90,1.6900,true,1,329505
8000070011878,false,לוואצה חוזק 3 דה קפינטו נטול קופאין 250 גר,לאוג'י לוואצה אס.פי.אי,IT,קפה לוואצה דק נטול קופאין 250 ג,גרמים,250.00,100 גרם,false,1,34.90,13.9600,true,1,220642
8000070012219,false,פולי קפה אורו זהב לוואצה 250 גר,לאוג'י לוואצה אס.פי.אי,IT,פולי לווצה אורו 250 גרם,גרמים,250.00,100 גרם,false,1,34.90,13.9600,true,1,329216
8000070012783,false,קפה לוואצה קלוי וטחון חוזק 5 אורו 250 גר,לאוג'י לוואצה אס.פי.אי,IT,קפה לוואצה קואליטי אורו 250 ג,גרמים,250.00,100 גרם,false,1,34.90,13.9600,true,1,220640
8000070027398,false,קרמה קלאסיקו פולי קפה 500 גר לוואזה,,IT,פולי לווצה קרמה קלסיקו 500 גרם,גרמים,500.00,100 גרם,false,1,64.90,12.9800,true,1,329217
8000070029996,false,קפה לוואצה קלוי וטחון אורו שחור 250 גר,לווצה טורינו,IT,קפה לוואצה קואליטי אורו פירות ופרח 250 ג,גרמים,250.00,100 גרם,false,20,34.90,13.9600,true,1,336577
8000070032835,false,קפה לוואצה קלוי וטחון חוזק 10 מטינו 250 גר,לאוג'י לוואצה אס.פי.אי,IT,קפה לוואצה מאטינו 250 ג,גרמים,250.00,100 גרם,false,1,29.90,11.9600,true,1,222892
8000070035980,false,קפה לוואצה קלוי וטחון חוזק 5 רוסה 250 גר,לווצה טורינו,IT,קפה לוואצה רוסו אדום 250 ג,גרמים,250.00,100 גרם,false,1,29.90,11.9600,true,1,229615
8000070036321,false,פולי קפה לוואצה קואליטה רוסה 500 גר,,IT,פולי לוואצה קואליטה רוסה 500 גרם,גרמים,500.00,100 גרם,false,1,64.90,12.9800,true,1,335254
8000070038868,false,קפה לוואצה קלוי וטחון חוזק 8 קלאסיקו 250 גר,לאוג'י לוואצה אס.פי.אי,IT,קפה לוואצה קרמה גוסטו 250 ג,גרמים,250.00,100 גרם,false,1,29.90,11.9600,true,1,230232
8000070038974,false,"קרמה גוסטו פולי קפה 1 ג""ק לוואזה",,IT,פולי לווצה קרמה גוסטו 1 קג,קילוגרמים,1.00,"ק""ג",false,1,109.90,109.9000,true,1,329218
8000070053465,false,קפסולות קפה אספרסו אורו דרגת חוזק 8,לאוג'י לוואצה אס.פי.אי,IT,קפסולות לוואצה 8 אורו 10 יח,יחידה,10.00,יחידה,false,1,19.90,1.9900,true,1,337673
8000070053472,false,לוואצה קרמה גוסטו קלאסיקו מס' 12 קפסולות לקפה 55 גרם,לאוג'י לוואצה אס.פי.אי,IT,קפסולות לוואצה 12 קרמה גוסטו קלאסיקו10יח,יחידה,10.00,יחידה,false,1,19.90,1.9900,true,1,337670
8000070053502,false,קפסולות קפה אספרסו ריקו נטול קפאין דרגת חוזק 7,לאוג'י לוואצה אס.פי.אי,IT,קפסולות לוואצה 7 נטול קפאין 10 יח,יחידה,10.00,יחידה,false,1,19.90,1.9900,true,1,337674
8000070053526,false,קפסולות קפה אספרסו רוסה דרגת חוזק 10,לאוג'י לוואצה אס.פי.אי,IT,קפסולות לוואצה 10 רוסו 10 יח,יחידה,10.00,יחידה,false,1,19.90,1.9900,true,1,337672
8000070055254,false,לוואצה קרמה גוסטו פורטה מס' 13 קפסולות לקפה 55 גרם,לואיג'י לוואצה,IT,קפסולות לוואצה 13 קרמה גוסטו פורטה 10 יח,יחידה,10.00,יחידה,false,1,19.90,1.9900,true,1,337669
8000070059832,false,לוואצה קרמה גוסטו ריקו מס' 11 קפסולות לקפה 55 גרם,לואיג'י לוואצה,IT,קפסולות לוואצה 11 קרמה גוסטו ריקו 10יח,יחידה,10.00,יחידה,false,1,19.90,1.9900,true,1,337671
8000070064553,false,קפסולות אספרסו לוואצה רוסה 10 16 יח,לווצה טורינו,IT,קפסולות לוואצה אמודו מיו 10 רוסה 16 יח,יחידה,16.00,יחידה,false,1,29.90,1.8687,true,1,337667
8000070064577,false,קפסולות קפה לוואצה קוואליטה אורו חוזק 8,לואיג'י לוואצה,IT,קפסולות לוואצה אמודו מיו 8 אורו 16 יח,יחידה,16.00,יחידה,false,1,29.90,1.8687,true,1,337665
8000070081000,false,לוואצה הורמוניקו מס' 8קפסולות לקפה 50 גרם,לאוג'\י לוואצה אס.פי.אי,IT,קפסולות לוואצה הרמוניקה 8 10 יח,יחידה,10.00,יחידה,false,10,16.90,1.6900,true,1,329500
8000070081017,false,קפסולות קפה אספרסו דיצו 10 10 יחידות,לאוג'\י לוואצה אס.פי.אי,IT,קפסולות לוואצה דיצו 10 10 יח,יחידה,10.00,יחידה,false,10,16.90,1.6900,true,1,329501
8000070081109,false,קפסולות לוואצה ריקו נטולקפאין 6 נספרס 50,לאוג'\י לוואצה אס.פי.אי,IT,קפסולות לוואצה נטול קפאין 6 10 יח,יחידה,10.00,יחידה,false,10,16.90,1.6900,true,1,329504
8000070081154,false,קפסולות קפה אספרסו לג'רו 4 10 יחידות,לאוג'\י לוואצה אס.פי.אי,IT,קפסולות לוואצה לגרו 4 10 יח,יחידה,10.00,יחידה,false,10,16.90,1.6900,true,1,329502
8000091200954,false,טורטיה ללא גלוטן 180 גרם,,IT,טורטיה ללא גלוטן 180גר,גרמים,180.00,100 גרם,false,12,17.90,9.9444,true,1,321155
8000146500039,false,"שמן זית כמהין 55 מ""ל URBANI",,,שמן זית כמהין אורבני 55 מל,Unknown,0.00,Unknown,false,1,29.90,0.0000,true,1,234727
8000150655206,false,יין לבן פרסקאטי סופר,איטליה גרופו איטליאנ,,יין לבן פרסקאטי סופריורה 750 מל פקדון,מיליליטרים,750.00,"100 מ""ל",false,1,45.00,6.0000,true,1,230703
8000160611179,false,יין פינו גריגיו למבר,,,יין פינו גריגיו למברטי 750 מל,מיליליטרים,750.00,"100 מ""ל",false,1,45.00,6.0000,true,1,311128
8000160612770,false,יין לבן סואבה למברטי,,,יין לבן סואבה למברטי 250 מל,מיליליטרים,250.00,"100 מ""ל",false,1,25.00,10.0000,true,1,243145
8000160623271,false,יין מליני סן לורנצו,מליני,,יין מליני סן לורנצו קיאנטי 750 מל,מיליליטרים,750.00,"100 מ""ל",false,1,45.00,6.0000,true,1,319990
8000160631955,false,יין ריפסו ואלפוליצלה,,IT,יין ריפסו ואלפוליצלה 750 מל,מיליליטרים,750.00,"100 מ""ל",false,12,70.00,9.3333,true,1,332404
8000160661211,false,יין ספורסאט נינו נגר,איטליה גרופו איטליאנ,,יין ספורסאט נינו נגרי 750 מל פקדון,מיליליטרים,750.00,"100 מ""ל",false,1,155.00,20.6667,true,1,232836
8000170661553,false,יין ולטלינה סופ רזרב,איטליה גרופו איטליאנ,,יין ולטלינה סופ. רזרבה נינו נגרי 750מל פ,מיליליטרים,750.00,"100 מ""ל",false,1,75.00,10.0000,true,1,237194
8000215202406,false,מעדן אורז בטעם שוקו אורגני 400 גרם,בטר אנד דיפרנט,IT,מעדן אורז אורגני שוקו 400 גר,גרמים,400.00,100 גרם,false,6,14.90,3.7250,true,1,314281
8000215202413,false,מעדן אורז בטעם וניל אורגני 400 גרם,ויטריז,IT,מעדן אורז אורגני וניל 400 גר,גרמים,400.00,100 גרם,false,6,14.90,3.7250,true,1,314280
8000215204219,false,ויטאריז משקה אורז אורגני 1 ליטר,בטר אנד דיפרנט,IT,משקה אורז אורגני 1 ל ויטאריס,ליטרים,1.00,ליטר,false,1,13.90,13.9000,true,1,235481
8000215204240,false,ויטאריז משקה שקדים ואורז אורגני 1 ליטר,בטר אנד דיפרנט,IT,משקה אורז שקדים אורגני 1 ל ויטאריס,ליטרים,1.00,ליטר,false,1,13.90,13.9000,true,1,233920
8000215204264,false,ויטריז - משקה אורז אישי אישי 200 גר,בטר אנד דיפרנט,IT,משקה אורז 200 מל ויטאריס,מיליליטרים,200.00,"100 מ""ל",false,1,4.00,2.0000,true,1,299753
8000215204271,false,ויטריז - משקה שקדים ואורז אישי 200 גר,"נטורפוד בע""מ",IT,משקה אורז שקדים 200מל ויטאריס,מיליליטרים,200.00,"100 מ""ל",false,1,4.00,2.0000,true,1,294605
8000215204370,false,"ויטאריז לבישול תחליף שמנת צחית אורגנית 200 מ""ל",ויטריז,IT,שמנת לבישול בסיס אורז 200 מל ויטאריס,מיליליטרים,20000.00,"100 מ""ל",false,1,6.00,0.0300,true,1,294606
8000215204387,false,"ויטאריז לבישול רוטב בשמל צמחי אורגני 500 מ""ל",ויטריז,IT,ויטריז לבישול רוטב בשמל צמחי אורגני 500מ,מיליליטרים,500.00,"100 מ""ל",false,1,12.90,2.5800,true,1,309854
8000215204394,false,"משקה אורז אורגני אגוז לוז ""נטורפוד""",בטר אנד דיפרנט,US,משקה אורז ואגוזי לוז אורגני ויטאריס 1 לי,ליטרים,1.00,ליטר,false,1,16.90,16.9000,true,1,237181
8000215204561,false,ויטסי משקה שקדים אורגני 1 ליטר,בטר אנד דיפרנט,IT,משקה שקדים אורגני 1 לי,ליטרים,1.00,ליטר,false,10,14.90,14.9000,true,1,315702
8000215204677,false,ויטריז - משקה שיבולת שועל בריסטה אורגני,בטר אנד דיפרנט,IT,משקה שיבולת בריסטה אורגני 1 ל ויטאריס,ליטרים,1.00,ליטר,false,1,13.90,13.9000,true,1,334070
8000215204714,false,משקה שיבולת שועל אורגני 1 ליטר PRIMAVENA,בטר אנד דיפרנט,IT,משקה שבולת שועל אורגני ויטאריס 1 לי,ליטרים,1.00,ליטר,false,1,13.90,13.9000,true,1,235480
8000253000712,false,תערובת ריזוטו ארטישוק 250 גרם,מרבוטו,IT,ריזוטו מרבוטו עם ארטישוק 250 גרם,גרמים,250.00,100 גרם,false,12,24.90,9.9600,true,1,337802
8000253000729,false,תערובת ריזוטו פטריות פורציני 250 גרם,מרבוטו,IT,ריזוטו מרבוטו עם פטריות פורציני 250 גרם,גרמים,250.00,100 גרם,false,12,24.90,9.9600,true,1,337805
8000253000767,false,תערובת ריזוטו ביין אדום 250 גרם,מרבוטו,IT,ריזוטו מרבוטו ביין אדום 250 גרם,גרמים,250.00,100 גרם,false,12,24.90,9.9600,true,1,337804
8000253001023,false,פולנטה ופטריות פורציני 250 גרם,מרבוטו,IT,פולנטה מרבוטו עם פטריות פורציני 250 גרם,גרמים,250.00,100 גרם,false,12,24.90,9.9600,true,1,337806
8000253001177,false,תערובת ריזוטו קאצו פפה 250 גרם,מרבוטו,IT,ריזוטו מרבוטו גבינה ופלפל קאצו פפה250גרם,גרמים,250.00,100 גרם,false,12,24.90,9.9600,true,1,337803
8000320010088,false,"רוטב עגבניות במרקם גס 680 מ""ל MUTTI",קונסרב,IT,פסאטה ציריו עגבניות מרקם גס 680 מל,מיליליטרים,680.00,"100 מ""ל",false,12,12.90,1.8971,true,1,222355
8000320010095,false,"רוטב עגבניות במרקם עדין 700 מ""ל MUTTI",קונסרב,IT,פסאטה ציריו עגבניות מרקם עדין 700 מל,מיליליטרים,700.00,"100 מ""ל",false,12,12.90,1.8429,true,1,335917
8000353000056,false,ליקר סמבוקה לבנה לוק,,,ליקר סמבוקה לבנה לוקסרדו 750מל פקדון,מיליליטרים,750.00,"100 מ""ל",false,1,110.00,14.6667,true,1,295275
8000353003149,false,ליקר אמרטו ססקירה לו,,,ליקר אמרטו ססקירה לוקסרדו 700 מל,מיליליטרים,700.00,"100 מ""ל",false,1,99.90,14.2714,true,1,337346
8000353004306,false,משקה סמבוקה קולה לוק,,,משקה סמבוקה קולה לוקסרדו 700 מל פיקדון,מיליליטרים,700.00,"100 מ""ל",false,1,89.00,12.7143,true,1,237867
8000353006157,false,ליקר לוקסרדו מרסקינו,,,ליקר לוקסרדו מרסקינו 700 מל,מיליליטרים,700.00,"100 מ""ל",false,1,159.00,22.7143,true,1,245372
8000380001446,false,לואקיני וופל פריך בשוקולד חלב 100 גר,"כד בני דרום בע""מ",IT,ופל לואקר לואקיני חלב 100 גרם,גרמים,100.00,100 גרם,false,1,15.90,15.9000,true,1,312913
8000380003723,false,וופל אגוזים בציפוי שוקולד לואקר 100 גרם,קריניציה ויטמינה אס,IT,ופל פטיסרי אגוז 100 ג,גרמים,100.00,100 גרם,false,1,12.90,12.9000,true,1,219483
8000380003754,false,עוגיות וופל קפה קפוצ'ינו 100 גרם לואקר,"כד בני דרום בע""מ",IT,ופל לואקר פטיסרי קפוצינו 100 גרם,גרמים,100.00,100 גרם,false,1,12.90,12.9000,true,1,304238
8000380003761,false,וופל גרנד פטיסרי שוקולד וקוקוס לואקר 100 גרם,קריניציה ויטמינה אס,IT,ופל פטיסרי קוקוס 100 ג,גרמים,100.00,100 גרם,false,1,12.90,12.9000,true,1,219484
8000380004669,false,וופל לואקר סנדוויץ קוביות ושוקולד 200ג',"א. לואקר, קונפקט ג'י",AT,וופל לואקר סנדוויץ קקאו 200 ג,גרמים,200.00,100 גרם,false,1,13.90,6.9500,true,1,218648
8000380004676,false,קוביות וופל סנדוויץ Sandwich עם וניל וחלב,"א. לואקר, קונפקט ג'י",AT,ופל לואקר סנדוויץ וניל 200 ג,גרמים,200.00,100 גרם,false,1,13.90,6.9500,true,1,218649
8000380004881,false,וופל קוארדטיני לואקר קוביות טרמיסו 220ג',קריניציה ויטמינה אס,IT,ופל קואדרטיני טרמיסו 220 ג,גרמים,220.00,100 גרם,false,1,15.50,7.0455,true,1,221310
8000380004911,false,קוביות וופל קואדרטיני Quadratini קרם אגוזים,קריניציה ויטמינה אס,AT,ופל קואדרטיני אגוז 250 ג,גרמים,250.00,100 גרם,false,1,15.50,6.2000,true,1,218650
8000380004942,false,קוביות וופל בטעם וניל לואקר 250 גרם,ליימן מותגים,AT,ופל קואדרטיני וניל 250 ג,גרמים,250.00,100 גרם,false,1,15.50,6.2000,true,1,229814
8000380004966,false,וופל קוארדטיני לואקר קוביות שוקולד 250ג',קריניציה ויטמינה אס,AT,ופל קואדרטיני שוקולד 250 ג,גרמים,250.00,100 גרם,false,1,15.50,6.2000,true,1,218651
8000380005598,false,מארז וופל שוקולד טורטינה Tortina שוקולד מריר,א. לואקר אס. פי. אי-אי.,IT,חטיף טורטינה מריר 125 גר 6 יח,גרמים,125.00,100 גרם,false,1,17.90,14.3200,true,1,227545
8000380007219,false,וופלים בטעם אגוזים לואקר 175 גרם,ליימן מותגים,AT,ופל לואקר אגוז 175 גר,גרמים,175.00,100 גרם,false,1,11.90,6.8000,true,1,218652
8000380007257,false,וופל גרדנה אגוזים לואקר 200 גרם,קריניציה ויטמינה אס,IT,ופל גרדנה מצופה קרם אגוז200 גרם,גרמים,200.00,100 גרם,false,1,14.90,7.4500,true,1,218653
8000380007264,false,וופלים בטעם קקאו לואקר 175 גרם,קריניציה ויטמינה אס,AT,ופל לואקר קקאו 175 גר,גרמים,175.00,100 גרם,false,1,11.90,6.8000,true,1,218654
8000380007271,false,וופל במילוי קרם חלב לואקר 175 גרם,ליימן מותגים,AT,ופל לואקר חלב 175 גר,גרמים,175.00,100 גרם,false,1,11.90,6.8000,true,1,218655
8000380106028,false,טורטינה לואקר וופל שוקולד ואגוזים שישיה 125ג',קריניציה ויטמינה אס,IT,חטיף טורטינה 125 גר 6 יח,גרמים,125.00,100 גרם,false,1,17.90,14.3200,true,1,225520
8000380142484,false,קוביות וופל קואדרטיני Quadratini בטעם שוקולד מריר,"אינסטנטה בע""מ",AT,ופל קואדרטיני שוקולד מריר 250 גר,גרמים,250.00,100 גרם,false,1,15.50,6.2000,true,1,226498
8000380144044,false,גרדנה וופל מצופה שוקולד חלב לואקר 200 גרם,"א. לואקר , AG/SpA, ו",IT,ופל גרדנה מצופה קרם שוקולד 200 גרם,גרמים,200.00,100 גרם,false,1,14.90,7.4500,true,1,224288
8000380148035,false,וופל אגוזי לוג שוקולד מריר גראן פטיסרי Gran Pasticceria,קריניציה ויטמינה אס,IT,ופל פטיסרי מריר אגוזים 100 ג,גרמים,100.00,100 גרם,false,1,12.90,12.9000,true,1,227546
8000380152704,false,מארז חטיפי אצבעות גרדנה אגוז לואקר 125 גרם,"אינסטנטה בע""מ",IT,חטיף ופל גרדנה אצבעות אגוזים 125 גר,גרמים,125.00,100 גרם,false,1,15.90,12.7200,true,1,232494
8000380152728,false,מארז חטיפי אצבעות גרנדה שוקולד 125 גרם,"אינסטנטה בע""מ",IT,חטיף ופל גרדנה אצבעות שוקולד 125 גר,גרמים,125.00,100 גרם,false,1,15.90,12.7200,true,1,232495
8000380153534,false,מארז וופל שוקולד טורטינה Tortina שוקולד לבן,א. לואקר אס. פי. אי-אי.,IT,חטיף טורטינה לבן 125 גר 6 יח,גרמים,125.00,100 גרם,false,1,17.90,14.3200,true,1,236084
8000380156009,false,פרלינים ורד הדולומיטים חלב לואקר 150 גרם,קריניציה ויטמינה אס,IT,בונבוניירה ורד הדולומיטים חלב 150 גר,גרמים,150.00,100 גרם,false,1,21.90,14.6000,true,1,307627
8000380156016,false,בונבוניירה דולומיטים,,,בונבוניירה דולומיטים מריר 150 גר,גרמים,150.00,100 גרם,false,1,20.00,13.3333,true,1,329324
8000380156825,false,שוקולד חלב במילוי קרם חלב וופל לואקר 87 גרם,ליימן מותגים,IT,שוקולד לואקר חלב קרם חלב 87 גר,Unknown,0.00,Unknown,false,1,7.90,0.0000,true,1,242903
8000380156849,false,שוקולד מריר במילוי קרם קקאו וופל לואקר 87 גרם,ליימן מותגים,IT,שוקולד לואקר מריר קרם קקאו 87 גר,Unknown,0.00,Unknown,false,1,7.90,0.0000,true,1,242905
8000380156856,false,שוקולד לבן במילוי קרם חלב וופל לואקר 87 גרם,ליימן מותגים,IT,שוקולד לואקר לבן קרם חלב 87 גר,Unknown,0.00,Unknown,false,1,7.90,0.0000,true,1,242904
8000380157440,false,שוקולד חלב במילוי קרם אגוזי לוז לואקר 87 גרם,"אינסטנטה בע""מ",IT,שוקולד לואקר ממולא אגוזי לוז 85 גר,Unknown,0.00,Unknown,false,1,7.90,0.0000,true,1,300820
8000380157570,false,וופלים לואקר קלאסיק אגוז 262.5 גר,ליימן מותגים,AT,ופל לואקר אגוז 262.5 גר,גרמים,263.00,100 גרם,false,1,11.90,4.5247,true,1,307620
8000380157587,false,וופלים לואקר קלאסיק קקאו 262.5 גר,ליימן מותגים,AT,ופל לואקר קרם קקאו 262.5 גר,גרמים,263.00,100 גרם,false,1,11.90,4.5247,true,1,307621
8000380158546,false,פרלינים וופל ושוקולד מריר לואקיני Loackini,"כד בני דרום בע""מ",IT,ופל לואקר לואקיני מריר 100 גרם,גרמים,100.00,100 גרם,false,1,15.90,15.9000,true,1,312938
8000380180721,false,לואקר וופל קקאו במילוי קרם חלבי 175 גר,קריניציה ויטמינה אס,AT,ופל לואקר שוקו חלב 175 גר,גרמים,175.00,100 גרם,false,1,11.90,6.8000,true,1,298695
8000380180745,false,וופל קוביות קקאו במילוי קרם חלב לואקר 250 גרם,"א. לואקר, קונפקט ג'י",AT,ופל קואדרטיני שוקו חלב 250 ג,גרמים,250.00,100 גרם,false,1,15.50,6.2000,true,1,298694
8000380180837,false,וופל גרנד פטיסרי קוקוס לבן מצופה שוקולד לבן לואקר 100 גרם,"אינסטנטה בע""מ",IT,ופל פטיסרי קרם קוקוס לבן 100 ג,גרמים,100.00,100 גרם,false,1,12.90,12.9000,true,1,300823
8000380184316,false,לואקר שוקולד חלב עם עליי וופל פריכים 80ג,ליימן מותגים,IT,שוקולד לואקר חלב 80 גר,Unknown,0.00,Unknown,false,1,7.90,0.0000,true,1,309807
8000380184330,false,שוקולד לואקר לבן 80,"אינסטנטה בע""מ",IT,שוקולד לואקר לבן 80 גר,Unknown,0.00,Unknown,false,1,7.90,0.0000,true,1,309809
8000380187119,false,עוגיות במילוי קרם אגוזי לוז לואקר 100 גר,לואקר Loacker,AT,עוגיות לואקר אגוזי לוז 100 גרם,גרמים,100.00,100 גרם,false,12,14.90,14.9000,true,1,325032
8000380187249,false,עוגיות עם מילוי קרם שקדים ושוקולד חלב,לואקר Loacker,AT,עוגיות לואקר קרם שקדים 100 גרם,גרמים,100.00,100 גרם,false,12,14.90,14.9000,true,1,325033
8000380187300,false,עוגיות חמאה עם שוקולד חלב לואקר 120 גר,לואקר Loacker,AT,עוגיות לואקר פתיתי שלג 120 גרם,גרמים,120.00,100 גרם,false,12,14.90,12.4167,true,1,325034
8000380187775,false,לואקר וופל גרנדה אגוז 136 גרם,Unknown,,ופל גרדנה מצופה קרם אגוז136 גרם,גרמים,136.00,100 גרם,false,1,10.00,7.3529,true,1,337075
8000380189281,false,מארז מיני מיקס לואקר בשקית 210 גרם,ליימן מותגים,AT,מארז מיני מיקס לואקר 210 גרם,גרמים,210.00,100 גרם,false,1,19.90,9.4762,true,1,312939
8000380192151,false,טורטינה טריפל שוקולד מריר לואקר 125 גרם,א. לואקר אס. פי. אי-אי.,IT,חטיף טורטינה טריפל שוקולד מריר125גר6יח,גרמים,125.00,100 גרם,false,1,17.90,14.3200,true,1,319950
8000380192199,false,וופל לואקר דאבל שוקולד 175 גרם,ליימן מותגים,AT,ופל לואקר דאבל שוקולד 175 גר,גרמים,175.00,100 גרם,false,1,11.90,6.8000,true,1,316923
8000380192588,false,וופלים קואדרטיני דאבל שוקולד לואקר 250 גרם,קריניציה ויטמינה אס,AT,ופל קואדרטיני דאבל שוקולד 250 ג,גרמים,250.00,100 גרם,false,1,15.50,6.2000,true,1,317564
8000380194308,false,ופל גרנד פטיסרי מיני,,,ופל גרנד פטיסרי מיני אגוז,Unknown,0.00,Unknown,false,1,10.00,0.0000,true,1,324568
8000380194322,false,ופל גרנד פטיסרי מיני,,,ופל גרנד פטיסרי מיני קוקוס,Unknown,0.00,Unknown,false,1,10.00,0.0000,true,1,324567
8000380201396,false,שוקולד חלב ממולא קרם קרמל ועלי וופל פריכ,ליימן מותגים,AT,חטיף טורטינה קרמל 125 גר 6 יח,גרמים,125.00,100 גרם,false,1,17.90,14.3200,true,1,329394
8000380205400,false,וופלים קואדרטיני חמאת בוטנים לואקר 250 גרם,ליימן מותגים,AT,ופל קואדרטיני חמאת בוטנים 250 גר,גרמים,250.00,100 גרם,false,1,15.50,6.2000,true,1,335249
8000380205523,false,וופלים בטעם חמאת בוטנים לואקר 175 גרם,ליימן מותגים,AT,ופל לואקר חמאת בוטנים 175 גר,גרמים,175.00,100 גרם,false,1,11.90,6.8000,true,1,335255
8000380206896,false,וופל גרדנה חמאת בוטנים לואקר 200 גרם,ליימן מותגים,IT,ופל גרדנה מצופה חמאת בוטנים 200 גרם,גרמים,200.00,100 גרם,false,1,14.90,7.4500,true,1,335252
8000380207183,false,שוקולד לואקר טורטינה חמאת בוטנים 126 גר,ליימן מותגים,IT,חטיף טורטינה חמאת בוטנים 125 גר 6 יח,גרמים,125.00,100 גרם,false,1,17.90,14.3200,true,1,335253
8000392503136,false,פומפה+מקל,,CN,פומפה,יחידה,1.00,יחידה,false,12,9.90,9.9000,true,1,321070
8000420000491,false,יין מבעבע גנציה אסטי,,,יין מבעבע גנציה אסטי 750 מל,מיליליטרים,750.00,"100 מ""ל",false,1,45.00,6.0000,true,1,312531
8000500009673,false,בונבונרייה פררו רושר 300 גרם,פררו - אלבה,IT,בונבוניירה פררו רושר 300 ג,גרמים,300.00,100 גרם,false,1,42.90,14.3000,true,1,221928
8000500023624,false,חטיפי הפי היפו Happy Hippo במילוי קרם חלב וקקאו,פררו - אלבה,IT,חטיף הפי היפו 5 יח,גרמים,104.00,100 גרם,false,1,12.90,12.4038,true,1,224437
8000500023976,false,בונבוניירת רפאלו פררו 150 גרם,פררו - אלבה,PL,בונבוניירה רפאלו 150 גרם,גרמים,150.00,100 גרם,false,1,16.90,11.2667,true,1,218656
8000500026731,false,שוקולד ביצי הפתעה קינדר שלישייה,פררו אס.פי.אי,IT,ביצי הפתעה קינדר שלישיה,Unknown,0.00,Unknown,false,1,15.90,0.0000,true,1,267684
8000500028124,false,קינדר גוי ביצת הפתעה מארז שלישיה,ליימן שליסל,ZA,מארז 3 ביצי קינדר גוי פאנקו,Unknown,0.00,Unknown,false,32,15.90,0.0000,true,1,224209
8000500029350,false,מארז וופל מצופה 3יח' *43 גרם קינדר בואנו,פררו - אלבה,PL,חטיף קינדר בואנו שלישיה,גרמים,129.00,100 גרם,false,1,11.90,9.2248,true,1,218657
8000500032237,false,בונבונרייה פררו רושר 375 גרם,פררו - אלבה,IT,בונבוניירה פררו רושר 375 ג,גרמים,375.00,100 גרם,false,1,42.90,11.4400,true,1,219114
8000500032732,false,עוגת קינדר דליס קוקו,פררו,IT,עוגת קינדר דליס קוקוס 10 יח 390 גרם,גרמים,390.00,100 גרם,false,14,19.90,5.1026,true,1,327710
8000500037874,false,בונבונרייה פררו רושר 200 גרם,פררו - אלבה,IT,בונבוניירה פררו רושר 200 גרם,גרמים,200.00,100 גרם,false,1,25.90,12.9500,true,1,218659
8000500071083,false,אצבעות שוקולד קינדר Kinder שש עשרה יחידות,פררו - אלבה,IT,שוקולד קינדר אצבעות 200 ג,גרמים,200.00,100 גרם,false,1,12.90,6.4500,true,1,218660
8000500094976,false,"בונבוניירה פררו רושר רושה קונוס, 212 גרם T17X4",רושר,IT,בונבוניירה פררו רושר קונוס 212 ג,גרמים,212.00,100 גרם,false,1,36.90,17.4057,true,1,228477
8000500121436,false,מארז קינדר בואנו Kinder Bueno לבן שלוש יחידות,פררו - אלבה,PL,חטיף קינדר בואנו לבן שלישיה,גרמים,105.00,100 גרם,false,1,11.90,11.3333,true,1,229160
8000500126325,false,ביצי שוקולד הפתעה קינדר ג'וי ורוד בנות שלישיה,פררו - אלבה,ZA,מארז 3 ביצי קינדר גוי ורוד,Unknown,0.00,Unknown,false,1,15.90,0.0000,true,1,241493
8000500167656,false,קינדר שוקולד עם דגנים סיריאל 94 ג',פררו,IT,מארז 4יח חטיף קינדר קאנטרי 141 גר,Unknown,0.00,Unknown,false,1,8.50,0.0000,true,1,319207
8000500170359,false,ביצת הפתעה קינדר מקס,פררו,,ביצת הפתעה קינדר מקסי בנות100 גרם,גרמים,100.00,100 גרם,false,1,22.90,22.9000,true,1,334053
8000500172810,false,סוכריות בטעם תות שדה מנטה- מארז רביעייה,פררו - אלבה,EC,סוכריות טיק טק תות שדה רביעיה,Unknown,0.00,Unknown,false,1,10.00,0.0000,true,1,239467
8000500227848,false,נוטלה - בי רדי אצבעות ביסקוויט במילוי שוקולד 6 יח' * 22 גרם,פררו,IT,חטיף נוטלה בי רדי 6 יח 132 גר,גרמים,132.00,100 גרם,false,1,11.90,9.0152,true,1,307419
8000500247167,false,פררו קולקשן - כדורי וופל מצופים 24 יחידו,פררו,DE,בונבוניירה פררו רושר קולקשיין 269 גר,גרמים,269.00,100 גרם,false,1,45.90,17.0632,true,1,307283
8000500248744,false,פררו-קינדר עוגת תפוז במצופת שוקולד 36*10,פררו,IT,עוגה אישית קינדר פיאסטה תפוז10יח,גרמים,360.00,100 גרם,false,14,24.90,6.9167,true,1,338388
8000500267103,false,קינדר דליס עוגת ספוג קקאו במילוי חלבי*10,קינדר Kinder,IT,עוגת קינדר דליס 10 יח 420 גרם,גרמים,380.00,100 גרם,false,1,19.90,5.2368,true,1,314295
8000500269169,false,קינדר קארדס Kinder Cards - חמישייה,קריות זול,IT,חטיף קינדר קארדס חמישיה 128 גרם,גרמים,128.00,100 גרם,false,20,13.90,10.8594,true,1,324746
8000500272442,false,מארז 10 יח וופל חנוט,פררו,DE,מארז 10 יח וופל חנוטה,יחידה,10.00,יחידה,false,20,25.90,2.5900,true,1,335488
8000500294345,false,רושר איש שלג שוקולד חלב ואגוזי לוז 90 גר,פררו,PL,איש שלג פררו 90 גרם,Unknown,0.00,Unknown,false,12,14.90,0.0000,true,1,325800
8000500310397,false,נוטלה עוגיות נוטלה בגליל 12יח' - NUTELLA BISCUITTS,קריות זול,IT,ביסקויט נוטלה 166 גרם,גרמים,166.00,100 גרם,false,20,14.90,8.9759,true,1,338546
8000500331798,false,פררו חנותה ריגל חמישייה 172.5 גרם,פררו,DE,מארז 5 יח חטיף חנוטה 172.5 גרם,גרמים,173.00,100 גרם,false,18,16.90,9.7688,true,1,328498
8000500359488,false,טבלת שוקולד פררו רושה חלב 90 גרם,,DE,שוקולד פררו חלב קרם אגוזי לוז 90 גרם,Unknown,0.00,Unknown,false,1,14.90,0.0000,true,1,335001
8000500359815,false,שוקולד מריר מילוי קרם אגוזים 90 ג' פררו רושר,,DE,שוקולד פררו מריר קרם אגוזי לוז 90 גרם,Unknown,0.00,Unknown,false,1,14.90,0.0000,true,1,335003
8000500359884,false,שוקולד לבן ממולא קרם אגוזים 90 ג' פררו רושר,,DE,שוקולד פררו לבן קרם אגוזי לוז 90 גרם,Unknown,0.00,Unknown,false,1,14.90,0.0000,true,1,335002
8000500363492,false,"גלידת ""רפאלו"" חלבית בטעם קוקוס מצופה שקדים 188 גר",,US,מאגת 4יח גלידה רפאלו,יחידה,4.00,יחידה,false,12,41.90,10.4750,true,1,329058
8000500363539,false,גלידה פררו רושה חלבית בטעם אגוזי מצופה שוקולד ואגוזים 200 גרם,,FR,מאגדת 4 יח שלגון פררו רושר,יחידה,4.00,יחידה,false,8,41.90,10.4750,true,1,328359
8000500366073,false,נוטלה עוגיות נוטלה בשקית 20 יח'- NUTELLA BISCUITTS,נוטלה Nutella,IT,ביסקויט נוטלה 276 גרם,גרמים,276.00,100 גרם,false,20,21.90,7.9348,true,1,338547
8000500371374,false,מבחר חטיפי קינדר סנט,פררו,IT,מבחר חטיפי קינדר סנטה 157 גרם,גרמים,157.00,100 גרם,false,14,34.90,22.2293,true,1,338274
8000500374429,false,גרנד פררו רושה מעטפת שוקולד חלב עם אגוזי לוז,פררו Ferrero,PL,גרנד פררו רושר 125 גרם,גרמים,125.00,100 גרם,false,1,15.90,12.7200,true,1,329574
8000500386941,false,"ממרח קקאו עם אגוזי לוז, 900 גרם",קדבורי,IT,ממרח נוטלה 900 גרם,גרמים,900.00,100 גרם,false,1,30.90,3.4333,true,1,335086
8000570048022,false,"וורמוט מרטיני פיירו 750 מ""ל",בקרדי מרטיני,IT,מרטיני פיירו 750 מל,מיליליטרים,750.00,"100 מ""ל",false,6,60.00,8.0000,true,1,316504
8000570283607,false,"מרטיני אסטי מבעבע כשר 750 מ""ל קרטונית",מרטיני Martini,IT,יין מרטיני אסטי מבעבע כשר 750 מל,מיליליטרים,750.00,"100 מ""ל",false,1,70.00,9.3333,true,1,315517
8000570812708,false,"יין מבעבע מרטיני רוזה 750 מ""ל",,,יין מרטיני רוזה 750 מל פקדון,מיליליטרים,750.00,"100 מ""ל",false,1,70.00,9.3333,true,1,310733
8000698036642,false,בונבוניירה אלינור 450 גר FELETTI,HDI FELETTI,IT,בונבוניירה אלינור פילטי 450 גר,גרמים,450.00,100 גרם,false,6,68.90,15.3111,true,1,235431
8000798000925,false,מטאטא רך שיער איטלקי עבה,,IT,מטאטא יהלום,יחידה,1.00,יחידה,false,12,19.90,19.9000,true,1,321059
8000798038034,false,כף אשפה מתקפל ( איטל,שייני Shiny,IT,כף אשפה מתקפל,יחידה,1.00,יחידה,false,24,14.90,14.9000,true,1,321041
8000798085052,false,מטאטא זהב + מקל,מ.א. ייצור ויבוא מטליות,IT,מטאטא גולד,יחידה,1.00,יחידה,false,12,14.90,14.9000,true,1,321056
8000798397704,false,כף אשפה + מקל NEON,,IT,כף אשפה נאון,יחידה,1.00,יחידה,false,12,16.90,16.9000,true,1,321042
8000815004233,false,אקווה פנה מים מינרליים טבעיים,,,מים אקווא פנה 750 מל פקדון,מיליליטרים,750.00,"100 מ""ל",false,1,10.90,1.4533,true,1,227140
8001003100164,false,יוגטה סוכריות ג'לי בטעמי פירות 450 גרם,יוגטה yogueta,IT,סוכריות גלי פירות יוגטה 450 גרם,גרמים,450.00,100 גרם,false,20,10.90,2.4222,true,1,313857
8001003202028,false,סוכריות ג'לי בטעם מנטה יוגטה 80 גרם,צ'וקטה,IT,סוכריות גלי מנטה יוגטה 80 גרם,Unknown,0.00,Unknown,false,12,4.90,0.0000,true,1,336120
8001003202035,false,סוכריות ג'לי בטעם פירות יוגטה 80 גרם,צ'וקטה,IT,סוכריות גלי פירות יוגטה 80 גרם,Unknown,0.00,Unknown,false,12,4.90,0.0000,true,1,336119
8001010033721,false,רוטב פסטו חדש 135 ג' PONTI,,,רוטב פסטו פונטי 135 גר,גרמים,135.00,100 גרם,false,1,10.00,7.4074,true,1,298184
8001010039303,false,עגבניות מיובשות במים,,,עגבניות מיובשות במים פונטי 160 גר,גרמים,160.00,100 גרם,false,1,19.90,12.4375,true,1,232829
8001010039501,false,ארטישוק מתובל בפלפל ולימון 300 ג' PONTI ZERO,,,ארטישוק מתובל פלפל ולימון פונטי 160 גר,גרמים,300.00,100 גרם,false,1,17.90,5.9667,true,1,232830
8001010062844,false,"פונטי חומץ בלסמי כשר 500 מ""ל",מודנצטי ויה פראדה,IT,חומץ בלסמי פונטי 500 מל,מיליליטרים,500.00,"100 מ""ל",false,1,17.90,3.5800,true,1,320824
8001010071358,false,חומץ בן יין אדום פונ,,,חומץ בן יין אדום פונטי 500 מל,מיליליטרים,500.00,"100 מ""ל",false,1,10.00,2.0000,true,1,312257
8001010085454,false,עגבניות פונטי בשמן ח,,,עגבניות מיובשות שמן חמניות 280 גר פונטי,גרמים,280.00,100 גרם,false,1,26.90,9.6071,true,1,294901
8001090066046,false,תחבושות אולוויז דיסקרט לילה 6 יח לבריחת שתן,פרוקטר & גמבל,DE,תחבושות אולוויז דיסקרט לילה 6יח,יחידה,6.00,יחידה,false,1,19.90,3.3167,true,1,314456
8001090184412,false,"פיירי נוזל לניקוי כלים לימון שקוף, 900 מ""ל",פרוקטר אנד גמבל,GB,נוזל כלים פיירי לימון 900מל,מיליליטרים,900.00,"100 מ""ל",false,8,12.90,1.4333,true,1,335376
8001090222428,false,"הרבל אסנסס - שמפו חלב קוקוס 400 מ""ל",הרבל אסנס Herbal Essences,FR,שמפו הרבל אסנסס חלב קוקוס 400מל,מיליליטרים,400.00,"100 מ""ל",false,6,17.90,4.4750,true,1,324477
8001090222541,false,הרבל אסנסס שמפו תות שדה ומנטה 400 גרם,הרבל אסנס Herbal Essences,FR,שמפו הרבל אסנסס תות שדה מנטה 400מל,מיליליטרים,400.00,"100 מ""ל",false,6,17.90,4.4750,true,1,324475
8001090222572,false,הרבל אסנסס מרכך תות שדה ומנטה 400 גרם,הרבל אסנס Herbal Essences,FR,מרכך הרבל אסנסס תות שדה מנטה 400מל,מיליליטרים,400.00,"100 מ""ל",false,6,17.90,4.4750,true,1,324476
8001090222725,false,"הרבל אסנסס - שמפו שמן מורינגה 400 מ""ל",הרבל אסנס Herbal Essences,FR,שמפו הרבל אסנסס שמן מורינגה 400מל,מיליליטרים,400.00,"100 מ""ל",false,6,17.90,4.4750,true,1,318749
8001090222756,false,"הרבל אסנסס - מרכך שמן מורינגה 400 מ""ל",הרבל אסנס Herbal Essences,FR,מרכך הרבל אסנסס שמן מורינגה 400מל,מיליליטרים,400.00,"100 מ""ל",false,6,17.90,4.4750,true,1,318751
8001090222848,false,"הרבל אסנסס - שמפו שיקום שמן ארגן 400 מ""ל",הרבל אסנס Herbal Essences,FR,שמפו הרבל אסנסס שמן ארגן 400מל,מיליליטרים,400.00,"100 מ""ל",false,6,17.90,4.4750,true,1,318748
8001090222879,false,"הרבל אסנסס - מרכך שיקום שמן ארגן 400 מ""ל",הרבל אסנס Herbal Essences,FR,מרכך הרבל אסנסס שמן ארגן 400מל,מיליליטרים,400.00,"100 מ""ל",false,6,17.90,4.4750,true,1,318750
8001090290830,false,"אוראל בי משחת שיניים- להלבנה פנינה בוהקת 75 מ""ל",פרוקטר אנד גמבל,DE,משחת שיניים אורל בי פנינה בוהקת 75מל,Unknown,0.00,Unknown,false,1,19.90,0.0000,true,1,328770
8001090290939,false,"אוראל בי משחת שיניים- להלבנה לובן בוהק 75 מ""ל",פרוקטר אנד גמבל,DE,משחת שיניים אורל בי לבן בוהק 75מל,Unknown,0.00,Unknown,false,1,19.90,0.0000,true,1,328769
8001090336354,false,פמפרס בייבי דריי חיתולים מידה 2 46 יח,פרוקטר אנד גמבל,DE,חיתולי פמפרס מידה 2 בייבי דריי 46יחידות,יחידה,46.00,יחידה,false,4,34.90,0.7587,true,1,319810
8001090336408,false,חיתולים בייבי דריי מידה 3 38 יח' פמפרס,פרוקטר אנד גמבל,DE,חיתולי פמפרס מידה 3 בייבי דריי 38יחידות,יחידה,38.00,יחידה,false,4,34.90,0.9184,true,1,319811
8001090336446,false,פמפרס בייבי דריי חיתולים מידה 4 34 יח,פרוקטר אנד גמבל,DE,חיתולי פמפרס מידה 4 בייבי דריי 34יחידות,יחידה,34.00,יחידה,false,4,34.90,1.0265,true,1,319812
8001090336491,false,פמפרס בייבי דריי חיתולים מידה +4 31 יח,פרוקטר אנד גמבל,DE,חיתולי פמפרס מידה 4+ בייבי דריי 31יחידות,יחידה,31.00,יחידה,false,4,34.90,1.1258,true,1,319813
8001090336521,false,פמפרס בייבי דריי חיתולים מידה 5 30 יח,פרוקטר אנד גמבל,DE,חיתולי פמפרס מידה 5 בייבי דריי 30יחידות,יחידה,30.00,יחידה,false,4,34.90,1.1633,true,1,319814
8001090336606,false,פמפרס בייבי דריי חיתולים מידה 6 26 יח,פרוקטר אנד גמבל,DE,חיתולי פמפרס מידה 6 בייבי דריי 26יחידות,יחידה,26.00,יחידה,false,4,34.90,1.3423,true,1,319815
8001090364104,false,"משחת שיניים אורל בי G&E אורגינל 75 מ""ל",פרוקטר אנד גמבל,DE,משחת שיניים אורל בי 75מל אורגינל אי אנד,Unknown,0.00,Unknown,false,1,14.90,0.0000,true,1,328764
8001090364159,false,"משחת שיניים אורל בי G&E רעננות מוגברת 75 מ""ל",פרוקטר אנד גמבל,DE,משחת שיניים אורל בי 75מל רעננות אי אנד,Unknown,0.00,Unknown,false,1,14.90,0.0000,true,1,328765
8001090364203,false,"משחת שיניים אורל בי G&E להלבנה עדינה 75 מ""ל",פרוקטר אנד גמבל,DE,משחת שיניים אורל בי 75מל הלבנה אי אנד,Unknown,0.00,Unknown,false,1,14.90,0.0000,true,1,328766
8001090375186,false,"מרכך מרוכז 200 מ""ל לצבע מלא חיים ""פנטן""",פרוקטר אנד גמבל,FR,מרכך פנטן מרוכז 200מל לצבע מלא חיים,מיליליטרים,200.00,"100 מ""ל",false,6,17.90,8.9500,true,1,310999
8001090375230,false,"פנטן מרכך מרוכז 200 מ""ל לחות מוגברת",פרוקטר אנד גמבל,FR,מרכך פנטן מרוכז 200מל לחות מוגברת,מיליליטרים,200.00,"100 מ""ל",false,6,17.90,8.9500,true,1,311000
8001090375285,false,"פנטן מרכך מרוכז 200 מ""ל למגע רך כשמי",פרוקטר אנד גמבל,FR,מרכך פנטן מרוכז 200מל למגע רך כמשי,מיליליטרים,200.00,"100 מ""ל",false,6,17.90,8.9500,true,1,311001
8001090379337,false,פמפרס פרימיום קר חיתולים שלב 3 40 יח VP,פרוקטר אנד גמבל,PL,חיתולי פמפרס פרימיום וי פי מידה 3 40יח,יחידה,40.00,יחידה,false,4,31.90,0.7975,true,1,309077
8001090379368,false,פמפרס פרימיום קר חיתולים שלב 4 34 יח VP,פרוקטר אנד גמבל,PL,חיתולי פמפרס פרימיום וי פי מידה 4 34יח,יחידה,34.00,יחידה,false,4,31.90,0.9382,true,1,309078
8001090379399,false,פמפרס פרימיום קר חיתולים שלב 5 30 יח VP,פרוקטר אנד גמבל,PL,חיתולי פמפרס פרימיום וי פי מידה 5 30יח,יחידה,30.00,יחידה,false,4,31.90,1.0633,true,1,309074
8001090458322,false,פיירי ורדים משי 1.015 מלי,פרוקטר אנד גמבל,GB,נוזל כלים פיירי ורדים ומשי 1.015 מל,מיליליטרים,1015.00,"100 מ""ל",false,16,16.90,1.6650,true,1,306756
8001090458353,false,סבון כלים פעולה אנטי-בקטריאלית אקליפטוס,פרוקטר אנד גמבל,GB,נוזל כלים פיירי אנטי בקטריאלי 515 מל,מיליליטרים,515.00,"100 מ""ל",false,1,11.90,2.3107,true,1,306757
8001090493637,false,"הד אנד שולדרס שמפו אולטרא טוטאל קר 450 מ""ל",פרוקטר אנד גמבל,RO,שמפו הד אנד שולדרס אולטרא טוטל קר 450מל,מיליליטרים,450.00,"100 מ""ל",false,1,24.90,5.5333,true,1,308278
8001090580122,false,"הד אנד שולדרס שמפו סופרים משקם 400 מ""ל",פרוקטר אנד גמבל,FR,שמפו הד אנד שולדרס סופרים משקם 400מל,מיליליטרים,400.00,"100 מ""ל",false,1,24.90,6.2250,true,1,316400
8001090645487,false,"הרבל אסנסס שמפו ג'ינג'ר 400 מ""ל",הרבל אסנס Herbal Essences,FR,שמפו הרבל אסנסס 400מל גינגר,מיליליטרים,400.00,"100 מ""ל",false,6,17.90,4.4750,true,1,326885
8001090645517,false,"הרבל אסנסס מרכך ג'ינג'ר 400 מ""ל",הרבל אסנס Herbal Essences,FR,מרכך הרבל אסנסס 400מל גינגר,מיליליטרים,400.00,"100 מ""ל",false,6,17.90,4.4750,true,1,326884
8001090678195,false,"הד אנד שולדרס מרכך סופרים לחות 275 מ""ל",פרוקטר אנד גמבל,FR,מרכך הד אנד שולדרס סופרים לחות 275מל,מיליליטרים,275.00,"100 מ""ל",false,6,14.90,5.4182,true,1,316404
8001090678225,false,"הד אנד שולדרס מרכך סופרים משקם 275 מ""ל",פרוקטר אנד גמבל,FR,מרכך הד אנד שולדרס סופרים משקם 275מל,מיליליטרים,275.00,"100 מ""ל",false,6,14.90,5.4182,true,1,316403
8001090678614,false,"שמפו סופרים לחות הד אנד שולדרס 400 מ""ל",פרוקטר אנד גמבל,FR,שמפו הד אנד שולדרס סופרים לחות 400מל,מיליליטרים,400.00,"100 מ""ל",false,1,24.90,6.2250,true,1,316401
8001090721129,false,אריאל קפסולות גל לכביסה 3ב1 קולור 27 יח,פרוקטר אנד גמבל,FR,קפסולות לכביסה אריאל קולור 27 יח,יחידה,27.00,יחידה,false,3,39.90,1.4778,true,1,313987
8001090737809,false,מגן תחתון אולוויז סינגל טנגה 36 יחידות,פרוקטר אנד גמבל,ES,מגן תחתון אולוויז טנגה 36יח סינגל,יחידה,36.00,יחידה,false,1,16.90,0.4694,true,1,315338
8001090832450,false,"שמפו פנטן הנוסחה הקלאסית 660 מ""ל",פרוקטר אנד גמבל,RO,שמפו לשיער פנטן 660מל נוסחה קלאסית,מיליליטרים,660.00,"100 מ""ל",false,6,18.90,2.8636,true,1,325635
8001090832535,false,"שמפו פנטן שמן מרוקאי משקם 660 מ""ל",פרוקטר אנד גמבל,RO,שמפו לשיער פנטן 660מל שמן מרוקאי משקם,מיליליטרים,660.00,"100 מ""ל",false,6,18.90,2.8636,true,1,325636
8001090832573,false,"שמפו פנטן לחות מוגברת 660 מ""ל",פרוקטר אנד גמבל,RO,שמפו פנטן 660מל לחות מוגברת,מיליליטרים,660.00,"100 מ""ל",false,6,18.90,2.8636,true,1,325637
8001090832610,false,"שמפו פנטן למגע רך כמשי 660 מ""ל",פרוקטר אנד גמבל,RO,שמפו פנטן 660מל למגע רך כמשי,מיליליטרים,660.00,"100 מ""ל",false,6,18.90,2.8636,true,1,325638
8001090832696,false,"פנטן שמפו לתלתלים מושלמים 660 מ""ל",פרוקטר אנד גמבל,RO,שמפו פנטן 660מל לתלתלים מושלמים,מיליליטרים,660.00,"100 מ""ל",false,6,18.90,2.8636,true,1,325639
8001090832771,false,"פנטן שמפו להזנת קרטין 660 מ""ל",פרוקטר אנד גמבל,RO,שמפו פנטן 660מל קרטין,מיליליטרים,660.00,"100 מ""ל",false,6,18.90,2.8636,true,1,325640
8001090832818,false,מרכך פנטן הנוסחה הקלאסית לשיער רגיל ומעורב,פרוקטר אנד גמבל,RO,מרכך פנטן 660מל נוסחה קלאסית,מיליליטרים,660.00,"100 מ""ל",false,6,18.90,2.8636,true,1,325642
8001090832856,false,"פנטן 660 מ""ל קונדישינר מרוקאי משקם",פרוקטר אנד גמבל,RO,מרכך פנטן 660מל מרוקאי משקם,מיליליטרים,660.00,"100 מ""ל",false,6,18.90,2.8636,true,1,325643
8001090832894,false,מרכך לשיער חלש ופגום לחות מוגברת,פרוקטר אנד גמבל,RO,מרכך פנטן 660מל לחות מוגברת,מיליליטרים,660.00,"100 מ""ל",false,6,18.90,2.8636,true,1,325644
8001090832931,false,"קונדישנר פנטן למגע רך כמשי 660 מ""ל",פרוקטר אנד גמבל,RO,מרכך פנטן 660מל מגע רך כמשי,מיליליטרים,660.00,"100 מ""ל",false,6,18.90,2.8636,true,1,325645
8001090832979,false,"פנטן מרכך לתלתלים מושלמים 660 מ""ל",פנטן שמפו ומרכך ב 17,RO,מרכך פנטן 660מל תלתלים מושלמים,מיליליטרים,660.00,"100 מ""ל",false,6,18.90,2.8636,true,1,325646
8001090833051,false,"פנטן 660 מ""ל קונדישינר הזנת קרטין",פנטן שמפו ומרכך ב 17,RO,מרכך פנטן 660מל קרטין,מיליליטרים,660.00,"100 מ""ל",false,6,18.90,2.8636,true,1,325647
8001090833136,false,אריאל ג'ל כביסה בייבי 2.255 ליטר,פרוקטור אנד גמבל,FR,גל כביסה אריאל בייבי 2.255ליטר,מיליליטרים,2255.00,"100 מ""ל",false,4,34.90,1.5477,true,1,315579
8001090833167,false,גל כביסה אריאל בניחוח הרים 2.365 ליטר,פרוקטור אנד גמבל,FR,גל כביסה אריאל 2.365ליטר ניחוח הדרים,מיליליטרים,2365.00,"100 מ""ל",false,4,34.90,1.4757,true,1,315576
8001090833198,false,אריאל נוזל כביסה 2.47 ליטר ניחוח מרענן,פרוקטור אנד גמבל,FR,גל כביסה אריאל 2.365ליטר ניחוח מרענן,מיליליטרים,2365.00,"100 מ""ל",false,4,34.90,1.4757,true,1,315577
8001090833228,false,אריאל ג'ל כביסה קולור 2.365 ליטר,פרוקטור אנד גמבל,FR,גל כביסה אריאל קולור 2.365ליטר,מיליליטרים,2365.00,"100 מ""ל",false,4,34.90,1.4757,true,1,315578
8001090886385,false,לנור כדוריות הבושם בניחוח רענן 140 גרם,פרוקטור אנד גמבל,US,מבשם כביסה לנור כדוריות רענן 140גר,גרמים,140.00,100 גרם,false,1,19.90,14.2143,true,1,324636
8001090886460,false,לנור כדוריות הבושם בניחוח אביבי 140 גרם,פרוקטור אנד גמבל,US,מבשם כביסה לנור כדוריות אביבי 140גר,גרמים,140.00,100 גרם,false,1,19.90,14.2143,true,1,318097
8001090891273,false,לנור כדוריות בושם בניחוח סחלב 210 גרם,פרוקטר אנד גמבל,US,מבשם כביסה לנור כדוריות סחלב 210גר,גרמים,210.00,100 גרם,false,1,27.90,13.2857,true,1,324631
8001090899194,false,תחבושות אולוויז פלטינום נורמל 24 יחידות,פרוקטר אנד גמבל,DE,תחבושות אולוויז נורמל פלטינום 24יח,יחידה,24.00,יחידה,false,8,17.90,0.7458,true,1,319775
8001090899224,false,תחבושות אולוויז פלטינום לונג 20 יחידות,פרוקטר אנד גמבל,DE,תחבושות אולוויז לונג פלטינום 20יח,יחידה,20.00,יחידה,false,8,17.90,0.8950,true,1,319776
8001090899255,false,תחבושות אולוויז פלטינום לילה 16 יחידות,פרוקטר אנד גמבל,DE,תחבושות אולוויז לילה פלטינום 16יח,יחידה,16.00,יחידה,false,8,17.90,1.1187,true,1,319777
8001090899286,false,תחבושות אולוויז פלטינום לילה בטוח 14 יח',פרוקטר אנד גמבל,DE,תחבושות אולוויז לילה בטוח פלטינום 14יח,יחידה,14.00,יחידה,false,8,17.90,1.2786,true,1,319778
8001110016303,false,ליקר דיסארונו אמרטו 700,אילווה סרונו,IT,ליקר דיסארונו אמרטו 700 מל פקדון,מיליליטרים,700.00,"100 מ""ל",false,1,90.00,12.8571,true,1,230439
8001160000888,false,"גטורייד משקה ספורט תפוז 500 מ""ל",אקווה מינרלה סאן בנדטו,IT,משקה גטורייד ספורט תפוז 500 מל פיקדון,מיליליטרים,500.00,"100 מ""ל",false,1,10.00,2.0000,true,1,233484
8001160001786,false,"משקה אנרגיה גטורייד ספורט כחול 500מ""ל",אקווה מינרלה סאן בנדטו,IT,משקה גטורייד ספורט כחול 500 מל פיקדון,מיליליטרים,500.00,"100 מ""ל",false,1,10.00,2.0000,true,1,233483
8001160001892,false,"משקה אנרגיה גטורייד ספורט תפוז אדום 500מ""ל",אקווה מינרלה סאן בנדטו,IT,משקה גטורייד ספורט תפוז אדום 500מל פקדון,מיליליטרים,500.00,"100 מ""ל",false,1,10.00,2.0000,true,1,233485
8001250110015,false,דפי לזניה מקמח דורום,אולירה אחים דה צ'קו,IT,לזניה דה צקו 500 גר,גרמים,500.00,100 גרם,false,1,18.90,3.7800,true,1,222351
8001250121264,false,פסטה קנציליוני מס 12,דה צ'אקו DE CECCO,,פסטה קנציליוני מס 126 דה צקו 500 גר,גרמים,500.00,100 גרם,false,1,16.90,3.3800,true,1,225649
8001250121813,false,אטריות דה צקו פיליני,,,אטריות דה צקו פיליני 500 גרם,גרמים,500.00,100 גרם,false,1,10.90,2.1800,true,1,310980
8001250145345,false,פסטה פוזילי טריקולור,,,פסטה פוזילי טריקולור דה צקו 500 ג,גרמים,500.00,100 גרם,false,1,13.90,2.7800,true,1,223301
8001250145413,false,פסטה פנה טריקולור דה,,,פסטה פנה טריקולור דה צקו 500 ג,גרמים,500.00,100 גרם,false,1,13.90,2.7800,true,1,223300
8001250152015,false,פסטה דורום פפרדלה דה,דה צ'אקו DE CECCO,IT,פסטה פפרדלה קופסא דה צקו 500 ג,גרמים,500.00,100 גרם,false,1,14.90,2.9800,true,1,222350
8001250152091,false,דה ציקו פסטה קפלי דיאנג'לו 500 גרם,אולירה אחים דה צ'קו,IT,פסטה קפלי דאנגלו מס 209 דה צקו 500 ג,גרמים,500.00,100 גרם,false,1,14.90,2.9800,true,1,222349
8001250152336,false,פסטה פיטוציני דה צקו,General,,פסטה פיטוציני מס 233 דה צקו 500 ג,גרמים,500.00,100 גרם,false,1,14.90,2.9800,true,1,222352
8001250201003,false,קנלוני ביצים 250 גרם DE CECCO,אולירה אחים דה צ'קו,IT,פסטה קנלוני מס 100 דה צקו 250 ג,גרמים,250.00,100 גרם,false,1,14.90,5.9600,true,1,222348
8001250201010,false,פסטה פרפדלה ביצים מס,,,פסטה פרפדלה ביצים מס 103 דה צקו 250 גר,גרמים,250.00,100 גרם,false,1,12.90,5.1600,true,1,299371
8001250201034,false,פטוציני ביצים 250 גרם DE CECCO,DE CECCO,IT,פסטה פטוציני ביצים מס 103 דה צקו 250 גר,גרמים,250.00,100 גרם,false,1,12.90,5.1600,true,1,225647
8001250310125,false,ספגטי חיטה מלאה 500 גרם DE CECCO,,,ספגטי חיטה מלאה 12 דה צקו 500 גר,גרמים,500.00,100 גרם,false,1,11.90,2.3800,true,1,225659
8001250310415,false,פנה חיטה מלאה 500 גרם DE CECCO,,,פסטה פנה חיטה מלאה 41 דה צקו 500 גר,גרמים,500.00,100 גרם,false,1,11.90,2.3800,true,1,225660
8001420001327,false,אורז ריזוטו ארבוריו 500 גרם,ריזו גאלו,IT,אורז ריזוטו גאלו ארבוריו בוואקום 500 ג ג,גרמים,500.00,100 גרם,false,12,13.90,2.7800,true,1,294974
8001420006742,false,ריזוטו להכנה מהירה פ,ריזו גאלו,IT,ריזוטו להכנה מהירה פטריות פורציני175 גרם,גרמים,175.00,100 גרם,false,6,16.90,9.6571,true,1,327337
8001505000160,false,מעדן דובדבנים אורגני 250 גר FIORDIFRUTT,פיור די פרוטה,IT,מעדן דובדבן אורגני 250 גר,גרמים,250.00,100 גרם,false,1,18.90,7.5600,true,1,301258
8001505000177,false,נטורפוד מעדן משמש אורגני 250 גרם,פיור די פרוטה,IT,מעדן משמש אורגני 250 גר,גרמים,250.00,100 גרם,false,1,18.90,7.5600,true,1,301259
8001505000184,false,מעדן אוכמניות אורגני 250 גר FIORDIFRUTT,אף.סי תבליני בגליל ב,IT,מעדן אוכמניות אורגני 250 גר,גרמים,250.00,100 גרם,false,1,18.90,7.5600,true,1,301260
8001505000283,false,מעדן פטל אורגני 250 גר FIORDIFRUTTA,אף.סי תבליני בגליל ב,IT,מעדן פטל אורגני 250 גר,גרמים,250.00,100 גרם,false,1,18.90,7.5600,true,1,301261
8001505000306,false,מעדן פירות יער אורגני 250 ג FIORDIFRUTT,פיור די פרוטה,IT,מעדן פירות יער אורגני 250 גר,גרמים,250.00,100 גרם,false,1,18.90,7.5600,true,1,301262
8001505000313,false,ממרח אגוזי לוז אורגני 270 גרם NICCIOLATA,ריג'וני דה אסינו,IT,ממרח אגוזי לוז אורגני 270 גר,גרמים,270.00,100 גרם,false,6,19.90,7.3704,true,1,301268
8001505000320,false,מעדן תותי יער אורגני 250 ג FIORDIFRUTTA,אף.סי תבליני בגליל ב,IT,מעדן תותי בר אורגני 250 גר,גרמים,250.00,100 גרם,false,1,18.90,7.5600,true,1,301263
8001505000498,false,מעדן לימונים 250 ג FIORDIFRUTTA,פיור די פרוטה,IT,מעדן לימונים אורגני 250 גר,גרמים,250.00,100 גרם,false,1,18.90,7.5600,true,1,301266
8001505000573,false,מעדן דומדמניות שחורות 250 ג FIORDIFRUTTA,פיור די פרוטה,IT,מעדן דומדומניות שחורות אורגני 250 גר,גרמים,250.00,100 גרם,false,1,18.90,7.5600,true,1,301265
8001505000580,false,מעדן אפרסק 250 ג FIORDIFRUTTA,פיור די פרוטה,IT,מעדן אפרסק אורגני 250 גר,גרמים,250.00,100 גרם,false,1,18.90,7.5600,true,1,301267
8001505001105,false,ממרח אגוזי לוז פרווה אורגני 270 גרם,ריג'\וני דה אסינו,IT,ממרח אגוזי לוז לא חלבי אורגני 270 גר,גרמים,270.00,100 גרם,false,1,19.90,7.3704,true,1,304048
8001505001785,false,ממרח אגוזי לוז לבן אורגני 270 גרם,ריגוני די אסיי ישראל,IT,ממרח אגוזי לוז לבן אורגני 270 גר,גרמים,270.00,100 גרם,false,6,19.90,7.3704,true,1,318214
8001505002041,false,ריגוני מעדן חושחש אורגני 250 גרם,פיור די פרוטה,IT,מעדן חושחש אורגני 250 גר,גרמים,250.00,100 גרם,false,1,18.90,7.5600,true,1,337623
8001540002228,false,יין פרוסקו מאסקיו 75,מאסקיו,IT,יין פרוסקו מאסקיו 750 מל,מיליליטרים,750.00,"100 מ""ל",false,1,45.00,6.0000,true,1,315058
8001561015580,false,ריבת בצל סגול איטלקית 300 גרם,,,ריבת בצל אדום איטלקית 300 גרם,גרמים,300.00,100 גרם,false,1,25.90,8.6333,true,1,326016
8001561021383,false,טונה קליפו במים פח 1,,,טונה קליפו במים פח 160 גרם,גרמים,160.00,100 גרם,false,1,16.90,10.5625,true,1,312519
8001561024131,false,גושי טונה בהירה עם צילי חריף 3*80 גרם,גיאצינטו קליפו,IT,מארז 3 יח טונה קליפו בשמן זית חאיף 80 גר,גרמים,240.00,100 גרם,false,32,24.90,10.3750,true,1,329097
8001561101252,false,פילה טינה וונטרסקה ב,גיאצינטו קליפו,IT,פילה טינה וונטרסקה בשמן זית 125 גרם,גרמים,125.00,100 גרם,false,24,41.90,33.5200,true,1,329083
8001561301706,false,שימורי טונה 160 גרם CALLIPO,קליפו קונסרב,IT,טונה קליפו במן זית פח 160 גרם,גרמים,160.00,100 גרם,false,1,16.90,10.5625,true,1,312518
8001561321704,false,מארז טונה בשמן זית 2* 160 גר CALIPO,גיאצינטו קליפו,,זוג טונה בשמן זית קליפו 2/160גר,גרמים,320.00,100 גרם,false,24,32.90,10.2812,true,1,329076
8001561521708,false,גושי טונה במיי מלח זוגות 2*160 גר קליפו,גיאצינטו קליפו,IT,זוג טונה קליפו במים 160 גרם,גרמים,320.00,100 גרם,false,24,29.90,9.3437,true,1,329079
8001585001040,false,עוגה בלקוני מיקס מקס,קריות זול,,עוגה אישית 10יח מיקס בלקוני שוקולד,גרמים,350.00,100 גרם,false,1,13.90,3.9714,true,1,223939
8001585004164,false,עוגת טירמיסו בלקוני,BALCONI,,עוגת טירמיסו בלקוני 400 גר,גרמים,400.00,100 גרם,false,1,14.90,3.7250,true,1,240624
8001585004171,false,עוגת שוקו דיזרט בלקו,BALCONI,,עוגת שוקו דיזרט בלקוני 400 גר,גרמים,400.00,100 גרם,false,1,14.90,3.7250,true,1,240625
8001585008421,false,ביסקויט בלקוני קרוסק,בלקוני,IT,ביסקויט בלקוני קרוסקו 400 גרם,גרמים,500.00,100 גרם,false,1600,8.90,1.7800,true,1,325415
8001620015612,false,"משקה פירות פרוטה-גזר תפוז לימון 400 מ""ל סאן בנדטו",אקווה מינרלה סאן בנדטו ב,IT,משקה סן בנדטו תפוז לימון 400מל,מיליליטרים,400.00,"100 מ""ל",false,12,7.90,1.9750,true,1,327779
8001620015636,false,"משקה פירות פרוטה-מיקס פירות 400 מ""ל סאן בנדטו",אקווה מינרלה סאן בנדטו ב,IT,משקה סן בנדטו מיקס פירות 400מל,מיליליטרים,400.00,"100 מ""ל",false,12,7.90,1.9750,true,1,327780
8001620018408,false,"משקה פירות בטעם מנגו תפוח 400 מ""ל פרוטה",אקווה מינרלה סאן בנדטו ב,IT,משקה סן בנדטו מנגו תפוח 400מל,מיליליטרים,400.00,"100 מ""ל",false,12,7.90,1.9750,true,1,333406
8001660101757,false,יין רופינו קיאנטי 75,,,יין רופינו קיאנטי 750 מל פקדון,מיליליטרים,750.00,"100 מ""ל",false,1,45.00,6.0000,true,1,219740
8001660109739,false,יין רופינו קיאנטי דו,רופינו,IT,יין רופינו קיאנטי דוקלה 750 מל פיקדון,מיליליטרים,375.00,"100 מ""ל",false,12,85.00,22.6667,true,1,319062
8001660109753,false,יין רופינו קיאנטי קל,רופינו,IT,יין רופינו קיאנטי קלסיקו דוקלה750מל פקדו,מיליליטרים,750.00,"100 מ""ל",false,1,110.00,14.6667,true,1,221196
8001660126736,false,יין רופינו אורביטו,רופינו,IT,רופינו 375 מל אורבייטו פיקדון,מיליליטרים,375.00,"100 מ""ל",false,12,40.00,10.6667,true,1,319063
8001660126750,false,רופינו אורבייטו קלאס,,,יין רופינו אורבייטו קלסיקו 750 מל פקדון,מיליליטרים,750.00,"100 מ""ל",false,1,45.00,6.0000,true,1,221197
8001660197156,false,יין רופינו פינו גריג,,,יין רופינו פינו גריגיו 750 מל,מיליליטרים,750.00,"100 מ""ל",false,1,60.00,8.0000,true,1,311880
8001660251131,false,יין רופינו קיאנטי רז,,,יין רופינו קיאנטי רזרבה 750 מל,מיליליטרים,750.00,"100 מ""ל",false,1,75.00,10.0000,true,1,311881
8001720415848,false,עוגת פנדורו באולי קל,BAULI,IT,עוגת פנדורו באולי קלאסית 700 גרם,גרמים,700.00,100 גרם,false,12,54.90,7.8429,true,1,337934
8001720416401,false,פנדורו קרם שמנת ופיצ,BAULI,,עוגת פנדורו קרם שמנת פיצפוצי שוקולד750גר,גרמים,750.00,100 גרם,false,1,69.90,9.3200,true,1,319619
8001720425847,false,עוגת פנתוני באולי קל,BAULI,IT,עוגת פנתוני באולי קלאסית 700 גרם,גרמים,700.00,100 גרם,false,12,54.90,7.8429,true,1,337935
8001780499307,false,דובדבני אמרנה בסירופ,פאברי Fabbri,IT,דובדבני אמרנה 230 גר פאברי,גרמים,230.00,100 גרם,false,1,29.90,13.0000,true,1,319642
8001841006710,false,לנור כדוריות הריח בניחוח רענן 210 גרם,פרוקטר אנד גמבל,US,מבשם כביסה לנור כדוריות רענן 210גר,גרמים,210.00,100 גרם,false,1,27.90,13.2857,true,1,324632
8001841006833,false,לנור כדוריות הבושם בניחוח אביבי 210 ג',פרוקטר אנד גמבל,GB,מבשם כביסה לנור כדוריות אביבי 210גר,גרמים,275.00,100 גרם,false,1,27.90,10.1455,true,1,324633
8001841019291,false,קפסולות לכביסה בניחוח לנור אריאל 16 יחידות,פרוקטר אנד גמבל,FR,קפסולות לכביסה אריאל 16יח בניחוח לנור,יחידה,16.00,יחידה,false,6,19.90,1.2437,true,1,332127
8001841062624,false,פמפרס מגבונים לחים ללא בישום רביעייה,פרוקטר אנד גמבל.,DE,מארז מגבוני פמפרס 4יח ללא בישום 52יח,יחידה,204.00,יחידה,false,3,16.90,0.0828,true,1,326977
8001841077949,false,מארז מגבוני פמפרס בניחוח מרענן - רביעייה,פרוקטר אנד גמבל,DE,מארז מגבוני פמפרס 4יח פרש 52יח,יחידה,204.00,יחידה,false,3,16.90,0.0828,true,1,319816
8001841104751,false,פמפרס פרימיום קר חיתולים שלב 1 52 יח VP,פרוקטר אנד גמבל,PL,חיתולי פמפרס פרימיום וי פי מידה 1 52יח,יחידה,52.00,יחידה,false,1,31.90,0.6135,true,1,317701
8001841104799,false,פמפרס פרימיום קר חיתולים שלב 2 46 יח VP,פרוקטר אנד גמבל,PL,חיתולי פמפרס פרימיום וי פי מידה 2 46יח,יחידה,46.00,יחידה,false,1,31.90,0.6935,true,1,317699
8001841105093,false,פמפרס פרימיום קר חיתולים שלב 6 26 יח VP,פרוקטר אנד גמבל,PL,חיתולי פמפרס פרימיום וי פי מידה 6 26יח,יחידה,26.00,יחידה,false,1,31.90,1.2269,true,1,317700
8001841137179,false,קונדישינר הד&שולדרס הנוסחה הקלאסית 275מל,פרוקטר אנד גמבל,RO,מרכך הד אנד שולדרס קלאסי 275מל,מיליליטרים,275.00,"100 מ""ל",false,6,14.90,5.4182,true,1,319821
8001841137216,false,"קונדישנר למגע רך כמשי הד אנד שולדרס 275 מ""ל",פרוקטר אנד גמבל,RO,מרכך הד אנד שולדרס מגע רך 275מל,מיליליטרים,275.00,"100 מ""ל",false,6,14.90,5.4182,true,1,319822
8001841198347,false,"דאו ספריי לגבר קול וייב ג'ילט 150 מ""ל",פרוקטר אנד גמבל,GB,דאודורנט גילט ספריי קול וויב 150מל,מיליליטרים,150.00,"100 מ""ל",false,1,19.90,13.2667,true,1,320714
8001841272757,false,אורל-בי משחת שיניים להלבנה פחם- לניקוי עמוק,פרוקטור אנד גמבל,DE,משחת שיניים אורל בי להלבנה פחם 75מל,Unknown,0.00,Unknown,false,1,19.90,0.0000,true,1,333385
8001841427126,false,מגן תחתון אולוויז מגה פק פרו פרש נורמל 64 יחי,פרוקטר אנד גמבל,DE,מגן תחתון אולדייז מגה פק פרו פרש נורמל64,יחידה,64.00,יחידה,false,4,17.90,0.2797,true,1,322794
8001841500799,false,"הרבל אסנסס - שמפו ללא סולפטים אלוורה ומנגו 380 מ""ל",הרבל אסנס Herbal Essences,FR,שמפו הרבל אסנסס ללא סולפטים 380מל מנגו,מיליליטרים,380.00,"100 מ""ל",false,6,17.90,4.7105,true,1,325986
8001841500942,false,"הרבל אסנסס - שמפו ללא סולפטים אלוורה ובמבוק 380 מ""ל",הרבל אסנס Herbal Essences,FR,שמפו הרבל אסנסס ללא סולפטים 380מל במבוק,מיליליטרים,380.00,"100 מ""ל",false,6,17.90,4.7105,true,1,325987
8001841502298,false,"הרבל אסנסס - מרכך ללא סולפטים אלוורה ומנגו 275 מ""ל",הרבל אסנס Herbal Essences,FR,מרכך הרבל אסנסס ללא סולפטים 275מל מנגו,מיליליטרים,275.00,"100 מ""ל",false,6,17.90,6.5091,true,1,325988
8001841502601,false,"הרבל אסנסס - מרכך ללא סולפטים אלוורה ובמבוק 275 מ""ל",הרבל אסנס Herbal Essences,FR,מרכך הרבל אסנסס ללא סולפטים 275מל במבוק,מיליליטרים,275.00,"100 מ""ל",false,6,17.90,6.5091,true,1,325989
8001841566771,false,לנור כדוריות בושם בניחוח יסמין 210 גרם,פרוקטר אנד גמבל,US,מבשם כביסה לנור כדוריות יסמין 210גר,גרמים,210.00,100 גרם,false,1,27.90,13.2857,true,1,324635
8001841625188,false,סבון כלים פלטינום לימון X3 פעולות להסרת שומנים,פרוקטר אנד גמבל,GB,נוזל כלים פיירי פלטינום לימון 515מל,מיליליטרים,515.00,"100 מ""ל",false,16,11.90,2.3107,true,1,321879
8001841625362,false,"נוזל כלים בניחוח לימון פלטינום 780 מ""ל פיירי",פרוקטר אנד גמבל,GB,נוזל כלים פיירי פלטינום לימון 780מל,מיליליטרים,900.00,"100 מ""ל",false,8,12.90,1.4333,true,1,335377
8001841625461,false,סבון כלים פלטינום X3 פעולות להסרת שומנים,פרוקטר אנד גמבל,GB,נוזל כלים פיירי פלטינום אורגינל 515מל,מיליליטרים,515.00,"100 מ""ל",false,16,11.90,2.3107,true,1,321880
8001841660257,false,מסכת מינרלס במבוק לשיער חזק וארוך,פנטן Pantene,FR,מסכת שיער פנטן מיראקלס במבוק 160מל,מיליליטרים,160.00,"100 מ""ל",false,6,18.90,11.8125,true,1,328325
8001841660530,false,קרם לחות מינרלס במבוק + חלבון משקם לשיער ארוך,פנטן Pantene,FR,קרם לחות לשיער פנטן מיראקלס במבוק 270מל,מיליליטרים,270.00,"100 מ""ל",false,6,18.90,7.0000,true,1,328323
8001841669465,false,קפסולות לכביסה אריאל בניחוח לנור 24 יחידות,פרוקטר אנד גמבל,FR,קפסולות לכביסה אריאל קולור 24 יח,יחידה,27.00,יחידה,false,3,39.90,1.4778,true,1,326440
8001841669519,false,קפסולות לכביסה ALL IN ONE אריאל 55 יחידות,פרוקטר אנד גמבל,FR,קפסולות לכביסה אריאל 55 יח,יחידה,55.00,יחידה,false,2,67.90,1.2345,true,1,323721
8001841680989,false,מגן תחתון אולוויז מגה פק פרו פרש לארג' 60 יחי,פרוקטר אנד גמבל,DE,מגן תחתון אולדייז מגה פק פרו פרש לארג 60,יחידה,60.00,יחידה,false,4,17.90,0.2983,true,1,322795
8001841715957,false,"ג'ל רחצה ושמפו ניקוי אינטנסיסי האד אנד שולדרס 360 מ""ל","נארז ע""י : א.ג. גילר",FR,גל רחצה ושמפו שולדרס אינטנסיבי 360מל,מיליליטרים,360.00,"100 מ""ל",false,6,19.90,5.5278,true,1,328758
8001841716312,false,"ג'ל רחצה ושמפו ספורט האד אנד שולדרס 360 מ""ל","פרוקטר אנד גמבל, צרפ",FR,גל רחצה ושמפו שולדרס ספורט 360מל,מיליליטרים,360.00,"100 מ""ל",false,6,19.90,5.5278,true,1,328759
8001841716435,false,"ג'ל רחצה ושמפו לעור רגיש האד אנד שולדרס 360 מ""ל","נארז ע""י : א.ג. גילר",FR,גל רחצה ושמפו שולדרס לעור רגיש 360מל,מיליליטרים,360.00,"100 מ""ל",false,6,19.90,5.5278,true,1,328760
8001841716596,false,"ג'ל רחצה ושמפו מרענן האד אנד שולדרס 360 מ""ל","נארז ע""י : א.ג. גילר",FR,גל רחצה ושמפו שולדרס מרענן 360מל,מיליליטרים,360.00,"100 מ""ל",false,6,19.90,5.5278,true,1,328761
8001841893990,false,פיירי טבליות למדיח פלטינום פלוס - מארז 30 יח',פרוקטר אנד גמבל,BE,פיירי טבליות למדיח פלטינום פלוס 30 יח,יחידה,30.00,יחידה,false,4,39.90,1.3300,true,1,325803
8001841941929,false,אולוויז וליו פק לילה בטוח אקסטרא 16 יחידות,פרוקטר אנד גמבל,DE,תחבושות אולוויז לילה בטוח אקסטרא 16יח,יחידה,16.00,יחידה,false,1,17.90,1.1187,true,1,328762
8001841943961,false,לנור כדוריות בושם בניחוח אוקיינוס 210 גר,פרוקטר אנד גמבל,US,מבשם כביסה לנור כדוריות אוקיינוס 210גר,גרמים,210.00,100 גרם,false,1,27.90,13.2857,true,1,324634
8001841960081,false,פיירי טבליות למדיח פלטינום הכל באחד - מארז 37 יח',פרוקטר אנד גמבל,BE,פיירי טבליות למדיח פלטינום 37 יחידות,יחידה,37.00,יחידה,false,1,39.90,1.0784,true,1,325802
8001841982489,false,אבקת כביסה אריאל אוק,פרוקטר אנד גמבל,TR,אבקת כביסה אריאל אוקסי 6.8קג,גרמים,6800.00,100 גרם,false,3,69.90,1.0279,true,1,326437
8001876002107,false,אורז ארבוריו קולביטה,ריסרייה ויניולה גיוב,IT,אורז ארבוריו קולביטה 500 גרם,גרמים,500.00,100 גרם,false,12,15.90,3.1800,true,1,317812
8001876002152,false,קוסקוס קולביטה בנוני,סיפה אינטרנשיונל אס.,IT,קוסקוס קולביטה בנוני 500 גרם,גרמים,500.00,100 גרם,false,12,12.90,2.5800,true,1,317810
8001876012588,false,שמן זית כתית מעולה י,COLAVITA SpA,,שמן זית כתית מעולה ים תיכוני 750 מל,מיליליטרים,750.00,"100 מ""ל",false,1,45.00,6.0000,true,1,230967
8001876012595,false,COLAVITA שמן זית 750 EXTRA VIRGIN GREEK,COLAVITA SpA,,שמן זית קולאויטה כתית מעולה יווני 750 מל,מיליליטרים,750.00,"100 מ""ל",false,1,45.00,6.0000,true,1,230965
8001876020088,false,שמן זית קולאויטה כתי,COLAVITA SpA,IT,שמן זית קולאויטה כתית מעולה 750 מל,מיליליטרים,750.00,"100 מ""ל",false,6,45.00,6.0000,true,1,227839
8001876550028,false,חומץ יין לבן קולוויט,COLAVITA SpA,IT,COLAVITA חומץ יין לבן 500 מל,מיליליטרים,500.00,"100 מ""ל",false,12,22.50,4.5000,true,1,226201
8001876550042,false,חומץ יין אדום קולווי,COLAVITA SpA,IT,COLAVITA חומץ יין אדום 500 מל,מיליליטרים,500.00,"100 מ""ל",false,12,22.50,4.5000,true,1,226200
8001876550561,false,חומץ בלסמי מדנה קולו,COLAVITA SpA,IT,COLAVITA חומץ בלסמי מדנהTIMLESS 500ml,מיליליטרים,500.00,"100 מ""ל",false,12,27.50,5.5000,true,1,226198
8001876550646,false,חומץ פטל קולוויטה 50,COLAVITA SpA,IT,COLAVITA חומץ פטל 500 מל,מיליליטרים,500.00,"100 מ""ל",false,12,24.50,4.9000,true,1,226202
8001876552459,false,חומץ בלסמי מיושן ממו,DE NIGRIS,IT,חומץ בלסמי מיושן ממודנה 250 מל,מיליליטרים,250.00,"100 מ""ל",false,1,41.00,16.4000,true,1,230968
8001876552541,false,חומץ בלסמי לבן קולוו,DE NIGRIS,IT,COLAVITA חומץ בלסמי לבן 500 מל,מיליליטרים,500.00,"100 מ""ל",false,12,27.50,5.5000,true,1,226199
8001900234054,false,יין למברוסקו פריזנטה,איטליה גרופו איטליאנ,,יין רוזה למברוסקו מבעבע 750 מל פקדון,מיליליטרים,750.00,"100 מ""ל",false,1,35.00,4.6667,true,1,223640
8001900527057,false,יין למברוסקו פריזנטה,איטליה גרופו איטליאנ,,יין אדום למברוסקו מבעבע 750 מל פקדון,מיליליטרים,750.00,"100 מ""ל",false,1,35.00,4.6667,true,1,223638
8001900628051,false,יין למברוסקו פריזנטה,איטליה גרופו איטליאנ,,יין לבן למברוסקו מבעבע 750 מל פקדון,מיליליטרים,750.00,"100 מ""ל",false,1,35.00,4.6667,true,1,223639
8001906998561,false,"יין פרוסקו מבעבע לבן פרימו, 750 מ""ל י unknown",Unknown,,יין פרוסקו פרימוב לבן מבעבע 750 מל פיקדו,מיליליטרים,750.00,"100 מ""ל",false,1,60.00,8.0000,true,1,333445
8001929257041,false,יין שרדונה 250 מל,,IT,יין קוואנטו באסטה שרדונה 250 מל,מיליליטרים,250.00,"100 מ""ל",false,18,25.00,10.0000,true,1,317120
8001929274727,false,יין קוואנטו באסטה פי,,IT,יין קוואנטו באסטה פיניולטו 250 מל,מיליליטרים,200.00,"100 מ""ל",false,18,25.00,12.5000,true,1,317121
8001929316717,false,יין פינו גריגיו קי ב,,IT,יין פינו גריגיו קי בי 250 מל,מיליליטרים,250.00,"100 מ""ל",false,24,25.00,10.0000,true,1,332403
8001935002055,false,יין דונטו דלי אנטינו,איטליה אנטינורי,,יין דונטו דלי אנטינורי 750 מל פקדון,מיליליטרים,750.00,"100 מ""ל",false,1,70.00,9.3333,true,1,231751
8001935002079,false,יין איל ברושטו אנטינ,איטליה אנטינורי,,יין איל ברושטו אנטינורי 750 מל פקדון,מיליליטרים,750.00,"100 מ""ל",false,1,110.00,14.6667,true,1,230615
8001935004127,false,יין סנטה קריסטינה אנ,איטליה אנטינורי,,יין סנטה קריסטינה אנטינורי רוזה 750מל,מיליליטרים,750.00,"100 מ""ל",false,1,60.00,8.0000,true,1,333522
8001935005575,false,יין קונט הוגו אינטינ,אנטינורי,,יין קונט הוגו אינטינורי 750 מל,מיליליטרים,750.00,"100 מ""ל",false,1,185.00,24.6667,true,1,295746
8001935025504,false,יין אורבייטו גובאני,איטליה אנטינורי,,יין סאן גיובאני דלה סאלה 750מל פקדון,מיליליטרים,750.00,"100 מ""ל",false,1,75.00,10.0000,true,1,235735
8001935221401,false,וילה אנטינורי אדום 750 מל,איטליה אנטינורי,,יין אדום וילה אנטינורי 750 מל פקדון,מיליליטרים,750.00,"100 מ""ל",false,1,80.00,10.6667,true,1,219340
8001935294504,false,יין אדום פפולי קיאנט,איטליה אנטינורי,,יין אדום פפולי קיאנטי קלאסיקו 750מל פקדו,מיליליטרים,750.00,"100 מ""ל",false,1,80.00,10.6667,true,1,230621
8001935323204,false,יין אורבייטו קמפוגרנ,איטליה אנטינורי,,יין אורבייטו קמפוגרנדה 750 מל פקדון,מיליליטרים,750.00,"100 מ""ל",false,1,45.00,6.0000,true,1,230613
8001935333203,false,יין אורבייטו קאסאסול,איטליה אנטינורי,,יין אורבייטו קאסאסולה 750 מל פקדון,מיליליטרים,750.00,"100 מ""ל",false,1,60.00,8.0000,true,1,230614
8001935353201,false,ווילה אנטינורי לבן 750 מל,איטליה אנטינורי,,יין לבן וילה אנטינורי 750 מל פיקדן,מיליליטרים,750.00,"100 מ""ל",false,1,60.00,8.0000,true,1,225448
8001935650102,false,יין בראמיטו דל צרוו,אנטינורי,,יין בראמיטו דל צרוו 750 מל,מיליליטרים,750.00,"100 מ""ל",false,1,100.00,13.3333,true,1,308888
8001943549122,true,מטבעות שוקולד צוקטה,,IT,מטבעות שוקולד צוקטה 40 גרם,Unknown,0.00,Unknown,false,50,4.90,0.0000,true,1,332428
8002020731003,false,ליקר גראפה פרנציה קו,,,ליקר גראפה פרנציה קורטה בורגו אנטיקו700מ,מיליליטרים,700.00,"100 מ""ל",false,1,270.00,38.5714,true,1,310741
8002062000068,false,יין קמפיורין מאסי 75,מאסי,IT,יין קמפיורין מאסי 750 מל פיקדון,מיליליטרים,750.00,"100 מ""ל",false,1,100.00,13.3333,true,1,228752
8002062001652,false,"מאסינקו ביאנקו פינו גריגיו מאסי 750 מ""ל",מאסי,,יין מאסיאניקו פינו גריגיו 750 מל פיקדון,מיליליטרים,750.00,"100 מ""ל",false,1,70.00,9.3333,true,1,228750
8002062006510,false,יין רוזה די מאסי 750,מאסי,,יין רוזה די מאסי 750 מל פיקדון,מיליליטרים,750.00,"100 מ""ל",false,1,100.00,13.3333,true,1,302857
8002110383709,false,נוטרוגינה ס.נורבגית ק.ידיים לא מבושם 50מל,ניוטרוג'ינה Neutrogena,FR,קרם ידיים ניוטרוגינה לא מבושם 50 מל,Unknown,0.00,Unknown,false,1,25.90,0.0000,true,1,309062
8002130050216,false,אורז ארבוריו לריזוטו,ריזריה ויניולה ג'יוב,IT,אורז ארבוריו לריזוטו וינולה 500 גרם,גרמים,500.00,100 גרם,false,8,15.90,3.1800,true,1,301994
8002130202431,false,אורז אסור-ונורה וינו,ריזריה ויניולה ג'יוב,IT,אורז אסור-ונורה וינולה 500 גרם,גרמים,500.00,100 גרם,false,8,35.00,7.0000,true,1,301995
8002153007006,false,יין קיאנטי קסטלני 75,,,יין קיאנטי קסטלני 750 מל פיקדון,מיליליטרים,750.00,"100 מ""ל",false,1,45.00,6.0000,true,1,296948
8002153007808,false,יין מונטפולצאנו דארב,,,יין מונטפולצאנו דארברוצו 750מל 2015,מיליליטרים,750.00,"100 מ""ל",false,1,45.00,6.0000,true,1,302609
8002153007853,false,יין טומאילו אורביטו,,,יין טומאילו אורביטו קלאסיקו 750מל פיקדון,מיליליטרים,750.00,"100 מ""ל",false,1,45.00,6.0000,true,1,227607
8002153208526,false,יין קמפו די מרצו פרי,,,יין קמפו די מרצו פרימיטיבו 750 מל,מיליליטרים,750.00,"100 מ""ל",false,1,45.00,6.0000,true,1,299663
8002153208540,false,יין קמפו די מרצו נגר,,,יין קמפו די מרצו נגרו אמרו 750 מל,מיליליטרים,750.00,"100 מ""ל",false,1,45.00,6.0000,true,1,299664
8002153209066,false,יין פרימיטיבו גריפונ,,,יין פרימיטיבו גריפונה 750 מל,מיליליטרים,75000.00,"100 מ""ל",false,1,60.00,0.0800,true,1,241070
8002153210925,false,יין סנגובזה גריפונה,,,יין סנגובזה גריפונה 750 מל,מיליליטרים,75000.00,"100 מ""ל",false,1,60.00,0.0800,true,1,241071
8002153216002,false,יין קמפו די מרצו סנג,,,יין קמפו די מרצו סנגובזה 750 מל,מיליליטרים,750.00,"100 מ""ל",false,1,45.00,6.0000,true,1,299333
8002153220016,false,יין קורבלי קסטלני רו,,,יין קורבלי קסטלני רוזה 750 מל,מיליליטרים,750.00,"100 מ""ל",false,1,45.00,6.0000,true,1,318415
8002153992616,false,יין פוגיו אל קסונה ק,,,יין פוגיו אל קסונה קיאנטי ס 750מל פיקדון,מיליליטרים,750.00,"100 מ""ל",false,1,65.00,8.6667,true,1,227612
8002205319835,false,מזון לחתולים בוגרים בטעם סלמון פורינה ONE,נסטלה פורינה צרפת,FR,מזול חתול בוגר סלמון פורינה 800גר,גרמים,800.00,100 גרם,false,1,39.90,4.9875,true,1,319717
8002205319903,false,מזון לחתולים בוגרים בטעם עוף פורינה ONE,נסטלה פורינה צרפת,FR,מזול חתול בוגר עוף פורינה 800גר,גרמים,800.00,100 גרם,false,1,39.90,4.9875,true,1,319716
8002213004068,false,"קמח לפיצה pz2 {ורוד} 1 ק""ג",,,קמח לפיצה ורוד 1 קג,קילוגרמים,1.00,"ק""ג",false,1,11.90,11.9000,true,1,246587
8002213008349,false,תערובת להכנת לחם שיפ,,IT,תערובת להכנת לחם מלא ספאדוני 400 גרם,גרמים,400.00,100 גרם,false,6,17.90,4.4750,true,1,328548
8002230000012,false,מארז משקה קוקטייל אפ,אלכוהול (איי.בי.בי),IT,ליקר אפרול 1 ליטר פיקדון,ליטרים,1.00,ליטר,false,1,89.00,89.0000,true,1,232466
8002235367554,false,יין קסטלו דל פוגיו ד,,IT,יין קסטלו דל פוגיו די או סי גי 750 מל,מיליליטרים,750.00,"100 מ""ל",false,6,60.00,8.0000,true,1,332396
8002267002270,false,"מאגדת פולרטי חטיפי קרח בטעמי פירות 10*40מ""ל",שסטוביץ,IT,חטיפי קרח פולרטי פירות 18 יח,יחידה,18.00,יחידה,false,1,9.90,0.5500,true,1,245155
8002267014662,false,שלישייה ביצי שוקולד חלב עם צעצוע ברבי,צ'וקטה Chocketa,IT,ביצי הפתעה ברבי שלשות 60 גרם,Unknown,0.00,Unknown,false,16,11.90,0.0000,true,1,315289
8002267014945,false,שלישייה ביצי שוקולד חלב עם צעצוע הוט ווילס,ואל קור קורסניני אס אנ ס,IT,ביצי הפתעה הוט ווילס שלשות 60 גרם,Unknown,0.00,Unknown,false,16,11.90,0.0000,true,1,315290
8002267016475,false,ביצת שוקולד הפתעה בוב הבנאי שלישייה 60 ג,מולינו ניקולי s.p.a,IT,ביצי הפתעה בוב הבנאי שלשות 60 גרם,Unknown,0.00,Unknown,false,16,11.90,0.0000,true,1,334410
8002267016994,false,"ביצת שוקולד חלב מעולה עם הפתעה הוט ווילס, 110 גר'",דולפין,IT,ביצת הפתעה צוקטה הוט ווילס 110 גרם,גרמים,110.00,100 גרם,false,36,10.00,9.0909,true,1,334469
8002270015649,false,סן פלגרינו מים מינרלים טבעיים מוגזים,סן פלגרינו ס.פ.א לוק,IT,מים סן פלגרינו 250 מל פקדון,מיליליטרים,250.00,"100 מ""ל",false,1,8.00,3.2000,true,1,221973
8002270015656,false,מים מינרליים טבעיים מוגזים סן פלגרינו 750 מל זכוכית,סן פלגרינו ס.פ.א לוק,IT,מים סן פלגרינו 750 מל פקדון,מיליליטרים,750.00,"100 מ""ל",false,1,10.90,1.4533,true,1,220079
8002270166594,false,"שישיית מים ""סאן פלגרינו"" 250*6 מ""ל",טמפו,,מים סן פלגינו 6*250מל פקדון,ליטרים,1.50,ליטר,false,1,28.90,19.2667,true,1,299524
8002270866524,false,סן פלגרינו מים מינרליים טבעיים מוגזים,סן פלגרינו San Pellegrino,IT,מים סן פלגרינו 1ל פסטיק פקדון,ליטרים,1.00,ליטר,false,1,10.90,10.9000,true,1,234069
8002312991009,false,יין פוליזיאנו רוסו ד,,,יין פוליזיאנו רוסו די מונטפולציאנו 750מל,מיליליטרים,750.00,"100 מ""ל",false,1,70.00,9.3333,true,1,235347
8002365001403,false,יין רוברטו גאבי 750,,,יין רוברטו גאבי 750 מל פקדון,מיליליטרים,750.00,"100 מ""ל",false,1,115.00,15.3333,true,1,298259
8002365026505,false,יין ברברה דאסטי לא א,,,יין ברברה דאסטי סופריור 750מל פיקדון,מיליליטרים,750.00,"100 מ""ל",false,1,80.00,10.6667,true,1,314701
8002365035309,false,יין ברברסקו ריינה 75,,,יין ברברסקו ריינה 2013 750 מל פקדון,מיליליטרים,750.00,"100 מ""ל",false,1,210.00,28.0000,true,1,303036
8002365053600,false,יין מוסקטו דאסטי פאל,מיקלה קיארלו,,יין מוסקטו דאסטי פאלאס 2016 750 מל,מיליליטרים,750.00,"100 מ""ל",false,1,75.00,10.0000,true,1,303033
8002365054508,false,יין גאבי פאלאס 2015,,,יין גאבי פאלאס 2015 750 מל,מיליליטרים,750.00,"100 מ""ל",false,1,80.00,10.6667,true,1,303035
8002450201008,false,"רספברי ספרקלטיני 750 מ""ל",איטליה בוסקה,IT,יין ורדי רפסברי ספרקלטיני 750 מל פיקדון,מיליליטרים,750.00,"100 מ""ל",false,1,25.00,3.3333,true,1,226186
8002450203002,false,"ורדי בטעם אבטיח 750 מ""ל",איטליה בוסקה,IT,יין וורדי טעם אבטיח 750 מל,מיליליטרים,750.00,"100 מ""ל",false,1,25.00,3.3333,true,1,317070
8002450204009,false,ורדי ספרקלטיני אפרסק,"איי, בי, אינבוו",IT,יין נתזים ורדי אפרסק 750 מל פיקדון,מיליליטרים,750.00,"100 מ""ל",false,1,25.00,3.3333,true,1,226538
8002450205006,false,משקה כהלי מוגז ורדי,איטליה בוסקה,IT,שיכר ורדי תות 750 מל פיקדון,מיליליטרים,750.00,"100 מ""ל",false,1,25.00,3.3333,true,1,302878
8002450206003,false,ורדי רימונים ספרקלטיני,"איי, בי, אינבוו",IT,שיכר ורדי רימונים 750 מל פיקדון,מיליליטרים,750.00,"100 מ""ל",false,1,25.00,3.3333,true,1,226188
8002450208007,false,ורדי גרין אפל ספרקלטיני,איטליה בוסקה,IT,יין ורדי גרין אפל 750 מל פיקדון,מיליליטרים,750.00,"100 מ""ל",false,1,25.00,3.3333,true,1,226187
8002503213682,false,חטיף גרנה פדנו אמברוסי 80 גרם,"אמבורסי, איטליה",FR,חטיפי גבינת גרנה פדנו 80גר אמברוסי,Unknown,0.00,Unknown,false,12,21.90,0.0000,true,1,335017
8002530121028,false,קפסולות מאורו צנטופר,,IT,קפסולות מאורו לאספרסו צנטופרצנטו10 יח,יחידה,10.00,יחידה,false,12,16.90,1.6900,true,1,325453
8002530150226,false,פולי קפה מאורו צנטופ,,IT,פולי קפה מאורו צנטו פרצנטו 1 קג,קילוגרמים,1.00,"ק""ג",false,6,130.00,130.0000,true,1,314015
8002530151124,false,פולי קפה מאורו דה לו,,IT,פולי קפה מאורו דה לוקס 1 קג,קילוגרמים,1.00,"ק""ג",false,6,140.00,140.0000,true,1,325451
8002530155122,false,קפסולות מאורו פרמיום,,IT,קפסולות מאורו פרימיום לאספרסו 10 יח,יחידה,10.00,יחידה,false,12,16.90,1.6900,true,1,325455
8002530155221,false,קפה מאורו דלוקס קפסו,,IT,קפסולות מאורו דלוקס לאספרסו 10 יח,יחידה,10.00,יחידה,false,12,16.90,1.6900,true,1,325454
8002530164629,false,פולי קפה מאורו צנטופ,,IT,פולי קפה מאורו צנטופרצנטו 1 קג,קילוגרמים,1.00,"ק""ג",false,6,120.00,120.0000,true,1,334124
8002530164827,false,קפה מאורו דה לוקס שק,,IT,פולי קפה מאורו דה לוקס 1 קג,קילוגרמים,1.00,"ק""ג",false,6,130.00,130.0000,true,1,333534
8002530164926,false,קפה מאורו פרימיום שק,,IT,פולי קפה מאורו פרימיום 1 קג,קילוגרמים,1.00,"ק""ג",false,6,110.00,110.0000,true,1,334123
8002530180223,false,קפסולות קפה מאורו דה,,IT,פולי קפה מאורו דה לוקס 250 גרם,גרמים,250.00,100 גרם,false,10,39.90,15.9600,true,1,332555
8002530180322,false,קפסולות קפה מאורו פר,,IT,פולי קפה מאורו פרימיום 250 גרם,גרמים,250.00,100 גרם,false,10,39.90,15.9600,true,1,332554
8002550502203,false,יין פרוסקו די ואלדונ,איטליה קאנטין רגי,,יין פרוסקו די ואלדוניאדינה ריבה די 750 מ,מיליליטרים,750.00,"100 מ""ל",false,1,65.00,8.6667,true,1,307391
8002550502333,false,יין פרוסקו אקסטרא דר,איטליה קאנטין רגי,,יין פרוסקו אקסטרא דריי 750 מל,מיליליטרים,750.00,"100 מ""ל",false,1,45.00,6.0000,true,1,307388
8002550503637,false,יין מאסקיו רוזה מבעב,מאסקיו,IT,יין מאסקיו רוזה מבעבע 750 מל,מיליליטרים,750.00,"100 מ""ל",false,12,45.00,6.0000,true,1,316729
8002550503835,false,יין מאסקיו רוזה מבעב,,,יין מוגז פרוסקו רוזה מאסציו 200מל,מיליליטרים,200.00,"100 מ""ל",false,1,25.00,12.5000,true,1,310067
8002550504764,false,יין מאסקיו פרוסקו מב,מאסקיו,IT,יין מאסקיו פרוסקו מבעבע ברוט 200 מל,מיליליטרים,750.00,"100 מ""ל",false,12,25.00,3.3333,true,1,316728
8002550505457,false,יין פרוסקו אקסטרא דר,איטליה קאנטין רגי,,יין פרוסקו אקסטרא דריי 20 מל,יחידה,1.00,יחידה,false,1,25.00,25.0000,true,1,307389
8002793005370,false,יין פיציני ממורו רוס,,,יין פיציני ממורו רוסו 750 מל,מיליליטרים,750.00,"100 מ""ל",false,6,45.00,6.0000,true,1,335698
8002793006797,false,יין פיציני ממורו ביא,,,יין פיציני ממורו ביאנקו 750 מל,מיליליטרים,750.00,"100 מ""ל",false,6,45.00,6.0000,true,1,335699
8002793007435,false,יין פיציני ממורו רוז,,,יין פיציני ממורו רוזה 750 מל,מיליליטרים,750.00,"100 מ""ל",false,6,45.00,6.0000,true,1,335700
8002793012941,false,יין פיציני פוגיו אלט,,,יין פיציני פוגיו אלטו וטוסקנה 750 מל,מיליליטרים,750.00,"100 מ""ל",false,6,60.00,8.0000,true,1,333648
8002793018776,false,יין פראפאסו פרימיטיב,,,יין פראפאסו פרימיטיבו די מאנדוריה 750 מל,מיליליטרים,750.00,"100 מ""ל",false,6,60.00,8.0000,true,1,333639
8002793021196,false,יין פיציני פינוקיו ר,,,יין פיציני פינוקיו רוסו דה איטליה 750 מל,מיליליטרים,750.00,"100 מ""ל",false,6,45.00,6.0000,true,1,337164
8002793959789,false,יין לבן פיצינו פינו,,IT,יין לבן פיצינו פינו גריגיו דה לה וונציה,מיליליטרים,750.00,"100 מ""ל",false,12,45.00,6.0000,true,1,336599
8002795000274,false,רוטב בשמל 200מל,,IT,רוטב בשמל 200מל,מיליליטרים,200.00,"100 מ""ל",false,1,6.90,3.4500,true,1,329696
8002795001868,false,שלישיית משקה שוקו חל,,IT,מארז 3יח משקה שוקו איטלקי 200מל,מיליליטרים,600.00,"100 מ""ל",false,1,11.90,1.9833,true,1,333716
8002795002445,false,מארז 2יח קרם ונילה א,,IT,מארז 2יח קרם ונילה איטלקי 100גר,גרמים,200.00,100 גרם,false,1,6.90,3.4500,true,1,329693
8002795002469,false,גיבנה מסקרפונה איטלקי 200 ג',,IT,גבינת מסקרפונה איטלקי 200 גר,גרמים,200.00,100 גרם,false,1,16.90,8.4500,true,1,326863
8002795002742,false,גבינה לבנה ריקוטה איטלקית 500 ג',,IT,גבינת ריקוטה איטלקית 500גר,גרמים,500.00,100 גרם,false,1,24.90,4.9800,true,1,326864
8002910043476,false,ויט רצועות שעווה מוכנות לקו הביקיני 12 יחידות,רקיט בנקיזר צרפת,FR,ויט רצועות שעווה ביקיני מוכנות לשימוש,Unknown,0.00,Unknown,false,1,21.90,0.0000,true,1,308872
8002960103199,false,CA70W 'רוטב פומודורינה בצנצנת 370 ג MENU,מנורה,IT,רוטב פסטה מנו פומודורינה 370 גרם,גרמים,370.00,100 גרם,false,6,13.90,3.7568,true,1,335032
8002960103205,false,CR70W 'רוטב ארביאטה בצנצנת 370 ג MENU,מנורה,IT,רוטב פסטה מנו ארביאטה 370 גרם,גרמים,370.00,100 גרם,false,6,13.90,3.7568,true,1,335031
8002960103212,false,K070W 'רוטב שקשוקה בצנצנת 370 ג MENU,מנורה,IT,רוטב מנו לשקשוקה 370 גרם,גרמים,370.00,100 גרם,false,6,13.90,3.7568,true,1,335033
8003007800484,false,פסטה צוקה 4 טעמים 500 גרם,,IT,פסטה טראלורו צוקה 500 גר,גרמים,500.00,100 גרם,false,1,14.90,2.9800,true,1,224528
8003007800712,false,פסטה פיורי פרחים 4 טעמים 500 גרם,,IT,פסטה טראלורו פרחים4טעמים 500 גר,גרמים,500.00,100 גרם,false,1,14.90,2.9800,true,1,224517
8003007810001,false,פסטה פנטה 4 טעמים 500 גרם,,IT,פסטה טראלורו פנטה4טעמים 500 גר,גרמים,500.00,100 גרם,false,1,14.90,2.9800,true,1,224513
8003007811473,false,פסטה פנוני 4 טעמים 500 גרם,,,פסטה טראלורו פנוני ריגטה 500 גר,גרמים,500.00,100 גרם,false,1,14.90,2.9800,true,1,244864
8003007816683,false,פסטה טראלורו ארמוניק,,IT,פסטה טראלורו ארמוניקה4טעמים 500 גר,גרמים,500.00,100 גרם,false,1,14.90,2.9800,true,1,244480
8003007817000,false,פתיתים פוזילי טרפילט,,,פסטה טראלורו פוזילי טרפילטי 500 גרם,גרמים,500.00,100 גרם,false,1,14.90,2.9800,true,1,245564
8003007821144,false,פסטה ג'ירלה 4 טעמים 500 גרם,,,פסטה טראלורו גירלה4טעמים 500 גר,גרמים,500.00,100 גרם,false,1,14.90,2.9800,true,1,245411
8003015701018,false,יין קיאנטי קלאסיקו ר,,,יין קיאנטי קלאסיקו ריזרבה 750 מל פיקדון,מיליליטרים,750.00,"100 מ""ל",false,1,150.00,20.0000,true,1,227618
8003015703722,false,יין קרפינטו רוסו די,,,יין קרפינטו רוסו די מונטפוליציאנו 750מל,מיליליטרים,750.00,"100 מ""ל",false,1,60.00,8.0000,true,1,231902
8003015703753,false,יין דוגיולו ביאנקו 7,,,יין דוגיולו ביאנקו 750 מל פקדון,מיליליטרים,750.00,"100 מ""ל",false,1,65.00,8.6667,true,1,318949
8003015703791,false,יין וינו נובילה רזרב,,,יין וינו נובילה רזרבה די מונטפוליציאנו 7,מיליליטרים,750.00,"100 מ""ל",false,1,155.00,20.6667,true,1,231907
8003015703913,false,יין קברנה סוביניון פ,,,יין קברנה סוביניון פרניטו 750 מל פקדון,מיליליטרים,750.00,"100 מ""ל",false,1,165.00,22.0000,true,1,231901
8003015703937,false,יין ברונלו די מונטלצ,,,יין ברונלו די מונטלצינו 750 מל פקדון,מיליליטרים,750.00,"100 מ""ל",false,1,245.00,32.6667,true,1,231922
8003015706716,false,יין דוגיולו רוזה 75,,,יין דוגיולו רוזה 750 מל פקדון,מיליליטרים,750.00,"100 מ""ל",false,1,65.00,8.6667,true,1,242147
8003015707485,false,יין רוסו די מונטלצינ,קרפינטו,,יין רוסו די מונטלצינו 750 מל,מיליליטרים,750.00,"100 מ""ל",false,1,140.00,18.6667,true,1,302215
8003015709656,false,יין אוריגנלה אדום 75,קרפינטו,IT,יין אוריגנלה אדום 750 מל,מיליליטרים,750.00,"100 מ""ל",false,12,60.00,8.0000,true,1,328227
8003115851705,false,עוגת פינטא פנתוני קל,BISCOTTIFICIO PRIMAV,IT,עוגת פינטא פנתוני קלאסי 500 גרם,גרמים,500.00,100 גרם,false,1,39.90,7.9800,false,1,325259
8003115852047,false,עוגת פינטא פנטוני קל,BISCOTTIFICIO PRIMAV,IT,עוגת פינטא פנטוני קלאסי 908 גרם,גרמים,908.00,100 גרם,false,1,54.90,6.0463,false,1,325258
8003294529228,false,פילה טונה בהירה במים 190 גרם,ג'נרל קונסרבה,IT,פילה טונה בהירה במים 190 גרם,גרמים,190.00,100 גרם,false,12,31.90,16.7895,true,1,319581
8003340091280,false,לינדט לינדור בונבוניירה 60% מוצקי קקאו 200 גרם,לינדט ושפרונגלי קילשברג,IT,בונבוניירה לינדור 60% מריר 200 ג,גרמים,200.00,100 גרם,false,1,24.90,12.4500,true,1,226312
8003340098098,false,בונ.לינדור סטרוברי200גרם,לינדט ושפרונגלי אס.פ,IT,בונבוניירה לינדור סטרוברי 200 ג,גרמים,200.00,100 גרם,false,1,24.90,12.4500,true,1,298016
8003440992395,false,צופה צופ חמוץ גומי 150 גרם,פרפטי ואן מלה,ES,סוכריות צופה צופס גלי חמוצות 150 גרם,גרמים,150.00,100 גרם,false,18,8.90,5.9333,true,1,338255
8003440997833,false,מסטיק פיור פרש 100 יח בשקית בטעם פירות מנטה,פרפטי ואן מלה ברדה,TR,מסטיק מנטוס פיור פרש פירות מנטה100יח,יחידה,100.00,יחידה,false,1,19.90,0.1990,true,1,334647
8003440997857,false,מסטיק פיורפרש מנטה אריזת חיסכון 200 גר,פרפטי ואן מלה ברדה,TR,מסטיק מנטוס פיור פרש מנטה100יח שקית200גר,יחידה,100.00,יחידה,false,1,19.90,0.1990,true,1,334648
8003440997871,false,מסטיק פיורפרש תות אריזת חיסכון 200 ג,פרפטי ואן מלה ברדה,TR,מסטיק מנטוס פיור פרש תות100יח בשקית200ג,יחידה,100.00,יחידה,false,1,19.90,0.1990,true,1,334646
8003490038708,false,רוברטו-מקלות גריסיני רוזמרין 250 גר,,IT,גריסיני רוברטו עם רוזמרין 250 גרם,גרמים,250.00,100 גרם,false,14,24.90,9.9600,true,1,337982
8003490042804,false,רוברטו-מקלות גריסיני שמן זית 250 גר,,IT,גריסיני רוברטו עם שמן זית 250 גרם,גרמים,250.00,100 גרם,false,14,24.90,9.9600,true,1,337983
8003490043009,false,רוברטו-מקלות מיני גריסיני רוזמרין 150 גר,רוברטו אידוסטריה,IT,מיני גריסיני רוברטו עם רוזמרין 150 גרם,גרמים,150.00,100 גרם,false,10,12.90,8.6000,true,1,337981
8003490043207,false,רוברטו-מקלות מיני גריסיני שומשום 150 גר,,IT,מיני גריסיני רוברטו עם שומשום 150 גרם,גרמים,150.00,100 גרם,false,10,12.90,8.6000,true,1,337978
8003490044501,false,רוברטו-מקלות מיני גריסיני מלוחים 150 גר,רוברטו אידוסטריה,IT,מיני גריסיני רוברטו מלוח 150 גרם,גרמים,150.00,100 גרם,false,10,12.90,8.6000,true,1,337979
8003490044808,false,רוברטו-ברוסקטה שמן זית 100 גר,,IT,ברוסקטה רוברטו בשמן זית 100 גרם,גרמים,100.00,100 גרם,false,10,11.90,11.9000,true,1,337974
8003490044815,false,רוברטו-ברוסקטה רוזמרין 100 גר,,IT,ברוסקטה רוברטו עם רוזמרין 100 גרם,גרמים,100.00,100 גרם,false,10,11.90,11.9000,true,1,337975
8003490044822,false,רוברטו-ברוסקטה פסטו 100 גר,,IT,ברוסקטה רוברטו עם פסטו 100 גרם,גרמים,100.00,100 גרם,false,10,11.90,11.9000,true,1,337976
8003490044990,false,רוברטו-מקלות גריסיני שומשום 250,,IT,גריסיני רוברטו עם שומשום 250 גרם,גרמים,250.00,100 גרם,false,14,24.90,9.9600,true,1,337984
8003508011921,false,ממרח זיתים ופלפל חרי,מאדאמה אוליבה,IT,ממרח זיתים ופלפל חריף 190 גרם,גרמים,190.00,100 גרם,false,11,17.90,9.4211,true,1,314561
8003508011938,false,ממרח זיתים וארטישוק,מאדאמה אוליבה,IT,ממרח זיתים וארטישוק 190 גרם,גרמים,190.00,100 גרם,false,11,17.90,9.4211,true,1,314560
8003545000421,false,יין קיאנטי אדום יבש,,IT,יין קיאנטי אדום יבש 750 מל,מיליליטרים,750.00,"100 מ""ל",false,6,60.00,8.0000,true,1,337279
8003545805583,false,יין טוסקנה סאנגובזה,,IT,יין טוסקנה סאנגובזה 750 מל,מיליליטרים,750.00,"100 מ""ל",false,6,60.00,8.0000,true,1,337278
8003545805705,false,יין פינק זינפנדל פוג,,IT,יין פינק זינפנדל פוגליה 750 מל,מיליליטרים,750.00,"100 מ""ל",false,6,60.00,8.0000,true,1,337277
8003545995178,false,יין פרימיטיבו פוגליה,,IT,יין פרימיטיבו פוגליה 750 מל,מיליליטרים,750.00,"100 מ""ל",false,6,60.00,8.0000,true,1,337276
8003653001907,false,מגב ניקוי עם ספוג לה,טונקיטה,,מגב ניקוי עם ספוג להסרת מים,יחידה,1.00,יחידה,false,1,9.90,9.9000,true,1,296558
8003653002409,false,מברשת מעוצבת לניקוי אסלות,טונקיטה,IT,סט לניקוי אסלות מעוצב,יחידה,1.00,יחידה,false,12,19.90,19.9000,true,1,296561
8003653003000,false,מברשת לניקוי כלים,טונקיטה,IT,מברשת לניקוי כלים,יחידה,1.00,יחידה,false,24,9.90,9.9000,true,1,296577
8003653005301,false,מברשת עם ידית אחיזה לקרצוף,טונקיטה,IT,מברשת עם ידית אחיזה,יחידה,1.00,יחידה,false,12,12.90,12.9000,true,1,296562
8003653005400,false,יעה נצמד,טונקיטה,IT,יעה נצמד,יחידה,1.00,יחידה,false,12,8.90,8.9000,true,1,296575
8003653006407,false,מברשת לניקוי בקבוקים,טונקיטה,IT,מברשת לניקוי בקבוקים,יחידה,1.00,יחידה,false,12,9.90,9.9000,true,1,296576
8003653008258,false,"tonkitaTK854 מגב לריצפה 44 ס""מ+מקל",טונקיטה,IT,מגב ריצפה עם מקל 44 סמ,יחידה,1.00,יחידה,false,24,19.90,19.9000,true,1,296557
8003653008708,false,"tonkitaTK855 מגב לריצפה 55 ס""מ",טונקיטה,IT,מגב ריצפה 55 סמ,יחידה,1.00,יחידה,false,12,29.90,29.9000,true,1,296573
8003653010305,false,tonkitaTK605 מטאטא פנימי spazio+מקל,טונקיטה,IT,מטאטא סאפזיו,יחידה,1.00,יחידה,false,10,22.90,22.9000,true,1,296548
8003653013306,false,מקל מתכוונן למטאטא/מ,טונקיטה,,מקל מתכוונן למטאטא/מקל 150 סמ,יחידה,1.00,יחידה,false,1,16.90,16.9000,true,1,296556
8003653028706,false,tonkitaTK528 יעה עם מקל (ידית) מתקפל,טונקיטה,,כף אשפה עם מקל מתקפל,יחידה,1.00,יחידה,false,1,16.90,16.9000,true,1,300278
8003653033588,false,מטאטא פנימי/חיצוני יוניברסל,טונקיטה,IT,מטאטא אוניברסל,יחידה,1.00,יחידה,false,6,27.90,27.9000,true,1,296550
8003653033601,false,מטאטא בעל פעולה כפולה לשיער/אבק dual,טונקיטה,IT,מטאטא פעולה כפולה לשיער/אבק דואל,יחידה,1.00,יחידה,false,10,24.90,24.9000,true,1,296581
8003653033687,false,מטאטא קשה לקרצוף מגנ,טונקיטה,IT,מטאטא קשה לקרצוף מגנום,יחידה,1.00,יחידה,false,6,29.90,29.9000,true,1,296552
8003653033755,false,אטבי עץ 12 יחידות,טונקיטה,IT,אטבי עץ 12 יחידות,יחידה,12.00,יחידה,false,40,9.90,0.8250,true,1,296559
8003653033960,false,מטאטא פנימי אקולוגי+,אריקס,IT,מטאטא טונקיטה פנימי אקולוגי+מקל,יחידה,1.00,יחידה,false,10,29.90,29.9000,true,1,305805
8003753900438,false,קפה לנדוור אילי אספרסו טחון 250 גרם,קפה לנדוור,IT,קפה אספרסו אילי 250 גרם,גרמים,250.00,100 גרם,false,1,42.90,17.1600,true,1,221327
8003753900469,false,אילי - אספרסו טחון בקליה כהה בפחית 250גר,קפה לנדוור,IL,קפה אספרסו אילי טחון כהה 250 גר פחית,גרמים,250.00,100 גרם,false,1,42.90,17.1600,true,1,224782
8003753900520,false,קפה פולי קלויים לאספרסו 250 ג' לנדוור אילי,ILLY,IT,פולי קפה אילי לאספרסו 250 גרם,גרמים,250.00,100 גרם,false,6,49.90,19.9600,true,1,332395
8003866002111,false,קפסולות קפה 10 יח' (כחול) DIEMME MENTE,דאמה קפה Diemme Caffe,IT,קפסולות קפה כחול 10 יח דיים מנטה,יחידה,10.00,יחידה,false,1,18.90,1.8900,true,1,245909
8003866004214,false,קפסולות קפה 10 יח' (אדום) DIEMME CORPO,דאמה קפה Diemme Caffe,IT,קפסולות קפה אדום 10 יח דיים קורפו,יחידה,10.00,יחידה,false,1,18.90,1.8900,true,1,245908
8003866012011,false,פחית קפה טחון 100% ארביקה {מקינטה}250 גרם,DIEMME CAFFE,IT,קפה זהב טחון 100% ארביקה 250 גר דיים,גרמים,250.00,100 גרם,false,1,30.00,12.0000,true,1,230853
8003866016538,false,קפסולות קפה 10 יח' (כתום) DIEMME TANZANIA,קפה דיאמה,IT,קפסולות קפה כתום 10 יח דיים טנזניה,יחידה,10.00,יחידה,false,1,18.90,1.8900,true,1,245910
8003866116023,false,קפה זהב 100% ארביקה1,DIEMME CAFFE,IT,קפה זהב 100% ארביקה1קג,קילוגרמים,1.00,"ק""ג",false,1,110.00,110.0000,true,1,315581
8004030022010,false,ירקות גינה עם טונה ריו מרה אינסלטיסימי 160 ג',"בולטון אלימנטרי בע""\מ",IT,ריו מרה אינסלטיסימי ירקות גינה160גר,גרמים,160.00,100 גרם,false,1,16.90,10.5625,true,1,245069
8004030026018,false,"מקסיקני עם טונה ריו מרה אינסלטיסימי, 160 ג'","בולטון אלימנטרי בע""\מ",IT,ריו מרה אינסלטיסימי מקסיקני 160גרם,גרמים,160.00,100 גרם,false,1,16.90,10.5625,true,1,245068
8004030044005,false,נתחי טונה בהירה בשמן זית ריו מרה 112גרם,"בולטון אלימנטרי בע""\מ",IT,טונה ריו מרה בשמן זית 160 גרם,גרמים,160.00,100 גרם,false,1,18.90,11.8125,true,1,218662
8004030081024,false,נתחי טונה עם שום ופלפל אדום ריו מרה 160 ג',"בולטון אלימנטרי בע""\מ",IT,טונה ריו מרה בשמן זית שום ופלפל 160 גרם,גרמים,160.00,100 גרם,false,1,18.90,11.8125,true,1,218663
8004030102033,false,טונה בשמן זית עם מיץ לימון ופלפל שחור - מארז 3 יח',בולטון אלימנטרי,IT,שלישיית טונה ריו מרה שמן זית 80 גר,גרמים,240.00,100 גרם,false,1,27.90,11.6250,true,1,315456
8004030103399,false,ריו מרה טונה בשמן זית רביעיות 80 גרם,BOLTON GROUP- RIO,IT,מארז4יח טונה ריו מרה בשמן זית 80 גרם,גרמים,320.00,100 גרם,false,24,32.90,10.2812,true,1,324760
8004030177000,false,טונה בשמן זית וצ'ילי ריו מרה מארז 80X3 גר',ריו מארה Rio Mare,IT,מארז3יח טונה ריו מרה צילי 80 גר,גרמים,240.00,100 גרם,false,1,27.90,11.6250,true,1,313444
8004030344938,false,"ריו מרה טונה בשמן זית 3X80 גרם מתכון חדש כשל""פ","בולטון אלימנטרי בע""\מ",IT,מארז3יח טונה ריו מרה שמן זית 80 גר,גרמים,240.00,100 גרם,false,1,27.90,11.6250,true,1,243342
8004030381681,false,ריו מרה נתחי טונה בהירה בשמן זית זוג 160 גר,BOLTON GROUP- RIO,IT,זוג טונה ריו מרה בשמן זית 160 גרם,גרמים,320.00,100 גרם,false,1,32.90,10.2812,true,1,317941
8004030845046,false,טונה עם ירקות בתוספת עם אורז ריו מרה אינסלטיסימי 160 ג',בולטון אלימנטרי,IT,ריו מרה אינסלטיסימי אורז 160גרם,גרמים,160.00,100 גרם,false,1,16.90,10.5625,true,1,317178
8004030860001,false,ירקות עם קוקוס וטונה ריו מרה אינסלטיסימי 160 ג',"בולטון אלימנטרי בע""\מ",IT,ריו מרה אינסלטיסימי קוסקוס 160גרם,גרמים,160.00,100 גרם,false,1,16.90,10.5625,true,1,301707
8004091037985,false,תה תפזורת אינגלש ברק,LA VIA DEL TE,IT,תה תפזורת אינגלש ברקפסט 50גר לה וי דל טי,Unknown,0.00,Unknown,false,1,16.90,0.0000,true,1,319978
8004091038029,false,תה תפזורת פירות יער,LA VIA DEL TE,IT,תה תפזורת פירות יער 50גר לה וי דל טי,Unknown,0.00,Unknown,false,1,18.90,0.0000,true,1,319980
8004091038050,false,תה תפזורת גינגר לימו,LA VIA DEL TE,IT,תה תפזורת גינגר לימון 40גר לה וי דל טי,Unknown,0.00,Unknown,false,1,18.90,0.0000,true,1,319982
8004123002509,false,שמן זרעי ענבים מזוכך 1\2 ליטר,,IT,שמן זרעי ענבים מזוכך באסו אד 1 ליטר,ליטרים,1.00,ליטר,false,12,34.90,34.9000,true,1,328966
8004123004893,false,"שמן מתובל בטעם פטריות כמהין 250 מ""ל",באסו פדלה,IT,שמן זית בטעם פטריות כמהין באסו אד 250 מל,גרמים,250.00,100 גרם,false,12,29.90,11.9600,true,1,329090
8004123010726,false,"שמן זית כתית מעולה 750 מ""ל",,IT,שמן זית כתית מעולה באסו אד 750 מל איטלקי,מיליליטרים,750.00,"100 מ""ל",false,12,42.90,5.7200,true,1,336491
8004160205208,false,וורמוט לבן ברברו 1 ל,montenegro,,וורמוט ברברו לבן 1 ל פקדון,ליטרים,1.00,ליטר,false,1,35.00,35.0000,true,1,223410
8004160208100,false,וורמוט יבש ברברו 1 ל,montenegro,,וורמוט ברברו יבש 1 ל פקדון,ליטרים,1.00,ליטר,false,1,35.00,35.0000,true,1,223412
8004160215207,false,וורמוט ברברו אדום 1,montenegro,,וורמוט ברברו אדום 1 ל פקדון,ליטרים,1.00,ליטר,false,1,35.00,35.0000,true,1,223411
8004160521308,false,"יין מבעבע מונדרו אסטי 750 מ""ל",MONDORO,IT,יין מבעבע מונדרו אייסטי 750 מל,מיליליטרים,750.00,"100 מ""ל",false,6,65.00,8.6667,true,1,316126
8004160622500,false,גרפה לה ביאנקה ברברו,dcm,,גרפה לה ביאנקה ברברו 700 מל פקדון,מיליליטרים,700.00,"100 מ""ל",false,1,115.00,16.4286,true,1,234252
8004160660304,false,"פרנגיליקו ליקר 700 מ""ל",דויד קמפרי,IT,ליקר פרנגליקו 700 מל,מיליליטרים,70000.00,"100 מ""ל",false,1,89.00,0.1271,true,1,324062
8004309007298,false,גבינת מוצרלה בופאלו,,,גבינת מוצרלה בופאלו איטלקי 125גר,גרמים,125.00,100 גרם,false,1,22.90,18.3200,true,1,330379
8004309013305,false,גבינת בוקנציני בואפל,,IT,גבינת בוקנציני בואפלו איטלקי 220גר,גרמים,220.00,100 גרם,false,1,29.90,13.5909,true,1,329691
8004309015217,false,גבינת בורטה איטלקית,,IT,גבינת בורטה איטלקית 125גר,גרמים,125.00,100 גרם,false,1,22.90,18.3200,true,1,328593
8004312567000,false,יין סן מישל אפן סובי,,,יין סן מישל אפן סוביניון בלאן לבן 750מל,מיליליטרים,750.00,"100 מ""ל",false,1,155.00,20.6667,true,1,239088
8004323212654,false,פסטה קפליני 265 קולא,INDULCO,IT,COLAVITA קפליני מס 265 - 500 גר,גרמים,500.00,100 גרם,false,10,12.50,2.5000,true,1,226857
8004323212678,false,פסטה טליאטלה 267 קול,INDULCO,IT,COLAVITA טליאטלה מס 267 - 500 גר,גרמים,500.00,100 גרם,false,10,12.50,2.5000,true,1,226855
8004323212685,false,פסטה פטוציני 268 קול,INDULCO,,פסטה פטוציני 268 קולאויטא 500 גר,גרמים,500.00,100 גרם,false,1,12.50,2.5000,true,1,226922
8004323212708,false,פסטה פפארדלה 270 קול,INDULCO,,פסטה פפארדלה 270 קולאויטא 500 גר,גרמים,500.00,100 גרם,false,1,12.50,2.5000,true,1,226856
8004323933696,false,פסטה רדיאטורי ב3 צבע,INDULCO,,פסטה רדיאטורי ב3 צבעים קולויטה 500גר,גרמים,500.00,100 גרם,false,1,12.50,2.5000,true,1,229889
8004645230114,false,יין טומאסי פרוסקו טנ,,,יין טומאסי פרוסקו טנוטה פילודורה 750מל פ,מיליליטרים,750.00,"100 מ""ל",false,1,60.00,8.0000,true,1,234275
8004645305119,false,יין טומאסי ריפאסו קל,טומאסי,IT,יין טומאסי ריפאסו קליסקו 375 מל,מיליליטרים,375.00,"100 מ""ל",false,6,65.00,17.3333,true,1,298453
8004645404102,false,יין טומאסי אפסמיינטו,,,יין טומאסי אפסמיינטו אדום יבש 750מל פקדו,מיליליטרים,750.00,"100 מ""ל",false,1,60.00,8.0000,true,1,232902
8004645405109,false,יין טומאסי אפסמיינטו,,,יין טומאסי אפסמיינטו לבן חצי 750מל פקדו,מיליליטרים,750.00,"100 מ""ל",false,1,60.00,8.0000,true,1,232903
8004645406106,false,יין טומאסי אפסמיינטו,,,יין טומאסי אפסמיינטו רוזה 750 מל,מיליליטרים,750.00,"100 מ""ל",false,1,60.00,8.0000,true,1,328642
8004690050507,false,L.M פסטה איטלקית פטוצ'יני 500 גרם,לה מוליסנה,IT,פסטה פטוציני איטלקית 500 גרם אל אם,גרמים,500.00,100 גרם,false,1,7.90,1.5800,true,1,327749
8004690052044,false,פסטה פנה ריגטה 500 גרם,לה מוליזנה קמפובאסן,IT,פסטה פנה זיטי ריגטה איטלקית500 גרם אל אם,גרמים,500.00,100 גרם,false,1,7.90,1.5800,true,1,327754
8004690052600,false,פסטה לאמוליזנה קונכי,למוליזנה,IT,פסטה קונכיות ניוקי איטלקית 500 גרם אל אם,גרמים,500.00,100 גרם,false,1,7.90,1.5800,true,1,327750
8004690052815,false,פסטה קסיריס מוליסאנא,למוליזנה,IT,פסטה קסיריס מוליסאנא 500 גרם,גרמים,500.00,100 גרם,false,1,7.90,1.5800,true,1,328186
8004690052846,false,L.M פסטה איטלקית פוזילי 500 גרם,לה מוליסנה,IT,פסטה פוזילי איטלקית 500 גרם אל אם,גרמים,500.00,100 גרם,false,1,7.90,1.5800,true,1,327742
8004690053195,false,L.M פסטה איטלקית ריגטוני 500 גרם,לה מוליזנה קמפובאסן,IT,פסטה ריגטוני איטלקית 500 גרם אל אם,גרמים,500.00,100 גרם,false,1,7.90,1.5800,true,1,327744
8004690053225,false,פסטה מזי ריגטוני 500 גרם,לה מוליזנה קמפובאסן,IT,פסטה מזי ריגטוני איטלקית 500 גרם אל אם,גרמים,500.00,100 גרם,false,1,7.90,1.5800,true,1,327747
8004690054901,false,פסטה סדניני מוליסאנא,לה מוליזנה קמפובאסן,IT,פסטה סדניני איטלקית 500 גרם אל אם,גרמים,500.00,100 גרם,false,1,7.90,1.5800,true,1,327752
8004690055601,false,L.M פסטה איטלקית צ'ינסי 500 גרם,למוליזנה,IT,פסטה צינסי איטלקית 500 גרם אל אם,גרמים,500.00,100 גרם,false,1,7.90,1.5800,true,1,327753
8004690057308,false,L.M פסטה איטלקית רדיאטורי 500 גרם,לה מוליסנה,IT,פסטה רדיאטורי איטלקית 500 גרם אל אם,גרמים,500.00,100 גרם,false,1,7.90,1.5800,true,1,327751
8004690058008,false,L.M פסטה איטלקית ג'מלי 500 גרם,לה מוליזנה קמפובאסן,IT,פסטה גמלי איטלרית 500 גרם אל אם,גרמים,500.00,100 גרם,false,1,7.90,1.5800,true,1,327740
8004690101513,false,פסטה קוואדרטו מוליסא,לה מוליזנה קמפובאסן,IT,פסטה קוואדרטו איטלקית 500 גרם אל אם,גרמים,500.00,100 גרם,false,1,7.90,1.5800,true,1,327746
8004690106600,false,L.M פסטה איטלקית פרפאלה 500 גרם,לה מוליזנה קמפובאסן,IT,פסטה פראפלה איטלקית 500 גרם אל אם,גרמים,500.00,100 גרם,false,1,7.90,1.5800,true,1,327741
8004690107508,false,פסטה פנטצה מוליסאנא,,,פסטה פנטצה מוליסאנא 500 גרם,גרמים,500.00,100 גרם,false,1,7.90,1.5800,true,1,328193
8004690278246,false,"קמח דורום איטלקי לפיצה 1 ק""ג",,IT,קמח דורום איטלקי לפסטה 1 קג לה מוליסנה,קילוגרמים,1.00,"ק""ג",false,1,14.90,14.9000,true,1,313094
8004690278253,false,קמח דורום איטלקי לפס,,,קמח דורום איטלקי לפסטה 1 קג לה מוליסנה,קילוגרמים,1.00,"ק""ג",false,1,14.90,14.9000,true,1,313095
8004690278277,false,"קמח דורום מלא איטלקי 1 ק""ג",,IT,קמח דורום איטלקי מלא 1 קג לה מוליסנה,קילוגרמים,1.00,"ק""ג",false,1,14.90,14.9000,true,1,313097
8004690470022,false,לה מוליזנה ללא גלוטן-פסטה איטלקית ספגטי,למוליזנה,IT,פסטה איטלקית ללא גלוטן ספגטי 400 גר,גרמים,400.00,100 גרם,false,1,14.90,3.7250,true,1,311621
8004690611500,false,לה מוליסנה ספגטי קמח,General,,ספגטי חיטה מלאה איטלקי 500 גרם אל אם,גרמים,500.00,100 גרם,false,1,9.90,1.9800,true,1,327755
8004690612002,false,לה מוליסנה פסטה פנה קמח מלא 500גר,,,פסטה פנה חיטה מלאה איטלקי500גר,גרמים,500.00,100 גרם,false,1,9.90,1.9800,true,1,327757
8004708018963,false,מלח אפור אטלנטי מטחנה 70 ארומה דה טוסקנה,דרוגריה ואלימנטרי אס,IT,מלח אפור אטלנטי בטחנה טוסקנה,Unknown,0.00,Unknown,false,1,13.90,0.0000,true,1,237197
8004708018987,false,מלח ורוד הימלאיה במטחנה 90 ארומה דה טוסק,דרוגיה ואלימנטרי אס.אר.א,IT,מלח ורוד הימלאיה בטחנה טוסקנה,Unknown,0.00,Unknown,false,1,13.90,0.0000,true,1,237198
8004708036516,false,אורגנו במטחנה 12 גר ארומה דה טוסקנה,דרוגריה ואלימנטרי אס,IT,תבלין אורגנו מטחנה 12 גר טוסקנה,Unknown,0.00,Unknown,false,1,13.90,0.0000,true,1,233058
8004708046386,false,כורכום במטחנה ארומה דה טוסקנה 52 גרם,דרגוריה אלמנטריה,IT,כורכום במטחנה ארומה טוסקנה 52 גרם,Unknown,0.00,Unknown,false,1,13.90,0.0000,true,1,319944
8004708046409,false,תערובת מעושנת טוסקנה,דרגוריה אלמנטריה,,תערובת מעושנת במטחנה ארומה טוסקנה 45 גרם,Unknown,0.00,Unknown,false,1,13.90,0.0000,true,1,319945
8004730000141,false,יין פלוריובו מרסלה 7,איטליה דוקה די סלפרו,,יין פלוריובו מרסלה 750 מל פקדון,מיליליטרים,750.00,"100 מ""ל",false,1,40.00,5.3333,true,1,232895
8004800000064,false,לאגו פלאסיר- גלילי ופל קרם קקאו בציפוי ש.חלב - 100 ג',לגו גרופ ס.פ.א.,IT,ופל לאגו פלאסיר קרם קקאו מצופה 100גרם,גרמים,100.00,100 גרם,false,12,12.90,12.9000,true,1,337527
8004800000071,false,לאגו פלאסיר- גלילי ופל במילוי קרם אגוזי לוז שוקולד חלב - 100 ג',לגו גרופ ס.פ.א.,IT,ופל לאגו פלאסיר קרם אגוזי לוז מצופ100גרם,גרמים,100.00,100 גרם,false,12,12.90,12.9000,true,1,337526
8004800002013,false,וופל קוביות פארטי תו,אלדי,,וופל קוביות אלדי תות וניל 220 גר,גרמים,220.00,100 גרם,false,1,10.90,4.9545,true,1,324766
8004800004802,false,לאגו פלאסיר גליליוופל קרם דומדמניות 100 גרם,לגו גרופ ס.פ.א.,IT,ופל לאגו פלאסיר דומדומניות שחורות100גרם,גרמים,100.00,100 גרם,false,12,12.90,12.9000,true,1,337525
8004800004819,false,לאגו פלאסיר גלילי וופל קרם פסיפלורה 100 גרם,לגו גרופ ס.פ.א.,IT,ופל לאגו פלאסיר קרם פסיפלורה מצופה100גרם,גרמים,100.00,100 גרם,false,12,12.90,12.9000,true,1,337528
8004800004826,false,לאגו פלאסיר - וופלים במילוי קרם קוקוס שוקולד מריר - 98ג,לגו גרופ ס.פ.א.,IT,ופל לאגו פלאסיר קרם קוקוס מצופה 98 גרם,Unknown,0.00,Unknown,false,12,12.90,0.0000,true,1,337529
8004800005502,false,וופל מיני רול גלילי ופל במילוי קרם קקאו- 125 ג' לאגו,לגו גרופ ס.פ.א.,IT,ופל לאגו מיני רול קרם קקאו 125 גרם,גרמים,125.00,100 גרם,false,12,11.90,9.5200,true,1,337524
8004800005519,false,וופל רול גלילי במילוי קרם אגוזי לוז- 125 ג' לאגו,לגו גרופ ס.פ.א.,IT,ופל לאגו מיני רול קרם אגוזי לוז 125 גרם,גרמים,125.00,100 גרם,false,12,11.90,9.5200,true,1,337520
8004800005526,false,וופל מיני רול גלילי ופל במילוי קרם קוקוס- 125 ג' לאגו,לגו גרופ ס.פ.א.,IT,ופל לאגו מיני רול קרם קוקוס 125 גרם,גרמים,125.00,100 גרם,false,12,11.90,9.5200,true,1,337522
8004955000155,false,עוגיות אמארתיני שקדי,ASOLO DOLCE,IT,עוגיות בטעם שקדים 250 גר אמארתיני,גרמים,200.00,100 גרם,false,8,12.90,6.4500,true,1,228753
8004955060203,false,עוגיות אסולו דולצה 2,ASOLO DOLCE,IT,עוגיות עם שקדים 250 גר אסולו דולצה,גרמים,200.00,100 גרם,false,1,12.90,6.4500,true,1,227551
8005110000416,false,עגבניות חתוכ.במיץ 300*2ג,מוטי אס.פי.אי,IT,זוג עגבניות מוטטי דטריני 300 גרם,גרמים,600.00,100 גרם,false,1,14.90,2.4833,true,1,336692
8005110001413,false,מארז זוג רסק עגבניות 140 ג' MUTTI,"איי, בי, אינבוו",IT,זוג רסק עגבניות 140 גר מוטטי,גרמים,140.00,100 גרם,false,6,10.90,7.7857,true,1,319038
8005110002243,false,רכז עגבניות Doppio Concentr בשפופרת 185 ג' MUTTI,"איי, בי, אינבוו",IT,רכז עגבניות מוטטי185 גר שפופרת,גרמים,185.00,100 גרם,false,1,8.50,4.5946,true,1,324623
8005110060007,false,עגבניות מקולפות 400 גרם MUTTI,,IT,עגבניות מוטטי תמר מקולפות 400 גרם,גרמים,400.00,100 גרם,false,1,7.90,1.9750,true,1,220354
8005110060106,false,מארז זוג עגבניות מקולפות 400*2 גרם MUTTI,"איי, בי, אינבוו",IT,זוג עגבניות מוטטי תמר מקולפות 400 גרם,גרמים,800.00,100 גרם,false,1,15.90,1.9875,true,1,299865
8005110170300,false,עגבניות מרוסקות חתוכות מוטי MUTTI שלישיה *400,מוטי Mutti,IT,מארז 3 יח עגבניות חתוכות 400 גר,קילוגרמים,1.20,"ק""ג",false,1,17.90,14.9167,true,1,225663
8005110171215,false,עגבניות חתוכות 690 POLPAPEZZI ג' (כחול) MUTTI,"איי, בי, אינבוו",IT,עגבניות חתוכות 690 גר מוטטי,גרמים,690.00,100 גרם,false,1,15.90,2.3043,true,1,222666
8005110180002,false,קטשופ עגבניות 340 גרם MUTTI,,,קטשופ עגבניות מוטטי 340 גרם,גרמים,340.00,100 גרם,false,1,12.90,3.7941,true,1,222662
8005110191015,false,רסק עגבניות ובזיליקום 700 ג' (ירוק) MUTTI,"איי, בי, אינבוו",IT,רסק עגבניות עם בזיליקום 700 גר מוטטי,גרמים,700.00,100 גרם,false,1,14.90,2.1286,true,1,309232
8005110200014,false,רסק עגבניות מרוכז - מוטי,"איי, בי, אינבוו",IT,רכז עגבניות מוטטי 210 גר,גרמים,210.00,100 גרם,false,1,7.90,3.7619,true,1,223615
8005110516009,false,רוטב עגבניות וזיתים 400 ג' MUTTI,,,רוטב עגבניות וזיתים 400 גר מוטטי,גרמים,400.00,100 גרם,false,1,14.90,3.7250,true,1,318158
8005110550508,false,עגבניות שרי 400 גרם MUTTI,,,עגבניות שרי 400 גר מוטטי,גרמים,400.00,100 גרם,false,1,9.90,2.4750,true,1,223614
8005110551253,false,רוטב לפיצה להכנת פיצה איטלקית קלאסית,"איי, בי, אינבוו",IT,רוטב לפיצה מוטטי 400 גר,גרמים,400.00,100 גרם,false,1,8.90,2.2250,true,1,322087
8005140002138,false,חומץ בלסמי מיושן 10,,IT,חומץ בלסמי מיושן 10 שנים 250 מל,מיליליטרים,250.00,"100 מ""ל",false,1,84.90,33.9600,true,1,327313
8005140006051,false,חומץ בלסמי מיושן 5 ש,,IT,חומץ בלסמי מיושן 5 שנים 250 מל,מיליליטרים,250.00,"100 מ""ל",false,1,54.90,21.9600,true,1,327312
8005180150219,false,PAGANI רביולי גבינה 250 גרם,,IT,רביולי פאגאני גבינה 250 גרם,גרמים,250.00,100 גרם,false,12,18.90,7.5600,true,1,337800
8005180150233,false,PAGANI טורטליני גבינה ועגבניות 200 גרם,,IT,טורטליני פאגאני גבינה ועגבניות 200 גרם,גרמים,200.00,100 גרם,false,12,18.90,9.4500,true,1,337797
8005180150295,false,PAGANI טורטליני פטריות פורציני 250 גרם,,IT,טורטליני פאגאני פטריות פורציני 250 גרם,גרמים,250.00,100 גרם,false,12,18.90,7.5600,true,1,337798
8005180152640,false,PAGANI רביולי גבינה וכמהין 250 גרם,,IT,רביולי פאגאני גבינה וכמהין 250 גרם,גרמים,250.00,100 גרם,false,12,18.90,7.5600,true,1,337801
8005180152657,false,PAGANI טורטליני ריקוטה ותרד 200 גרם,,IT,טורטליני פאגאני ריקוטה ותרד 200 גרם,גרמים,200.00,100 גרם,false,12,18.90,9.4500,true,1,337799
8005200256587,false,נסטי - תה קר בטעם אפרסק 1.5 ליטר,מפעל סאנפלגרינו S.P.A,IT,משקה נסטי אפרסק 1.5ליטר בק.פקדון,ליטרים,1.50,ליטר,false,1,8.90,5.9333,true,1,333334
8005200286584,false,תה קר בטעם מנגו אננס נסטי 1.5 ליטר,מפעל סאנפלגרינו S.P.A,IT,משקה נסטי מנגו אננס 1.5ליטר בק.פקדון,ליטרים,1.50,ליטר,false,1,8.90,5.9333,true,1,333335
8005200316588,false,תה קר דיאט בטעם אפרסק נסטי 1.5 ליטר,מפעל סאנפלגרינו s.p.a,IT,משקה נסטי דיאט אפרסק 1.5ליטר בק.פקדון,ליטרים,1.50,ליטר,false,1,8.30,5.5333,true,1,333336
8005369000984,false,יין אדום ריפאסו 750,CANTINA ZENI S.R.L,,יין אדום ריפאסו 750 מל,מיליליטרים,750.00,"100 מ""ל",false,1,100.00,13.3333,true,1,244637
8005369001103,false,יין סואבה 750 מל,ZENI,IT,יין סואבה 750 מל,מיליליטרים,750.00,"100 מ""ל",false,6,60.00,8.0000,true,1,316951
8005369001141,false,יין ברדולינו 750 מל,ZENI,IT,יין ברדולינו 750 מל,מיליליטרים,750.00,"100 מ""ל",false,6,60.00,8.0000,true,1,316950
8005369001165,false,יין ולפוליצלה די או,ZENI,IT,יין ולפוליצלה די או סי 750 מל,מיליליטרים,750.00,"100 מ""ל",false,6,60.00,8.0000,true,1,316952
8005415049585,false,יין קברנה סוביניון 7,,,יין קברנה סוביניון 750 מל,מיליליטרים,750.00,"100 מ""ל",false,1,35.00,4.6667,true,1,314951
8005415049820,false,יין קנטי מרלו 750 מ,,,יין קנטי מרלו 750 מל,מיליליטרים,750.00,"100 מ""ל",false,1,35.00,4.6667,true,1,314950
8005469951452,false,ממרח אנשובי עם שמן חמניות,בנדטו סקלייה סרל,IT,ממרח אנשובי איטלקי 60 גר שפופרת,Unknown,0.00,Unknown,false,1,11.90,0.0000,true,1,298933
8005469981602,false,פילה אנשובי איטלקי בשמן חמניות 75 גרם,בנדטו סקילה,,פילה אנשובי סקאלה שמן צמחי 75 גרם,Unknown,0.00,Unknown,false,1,13.90,0.0000,true,1,312517
8005709207059,false,ספגטו כוסמין גרנו אר,GRANA ARMANDO,IT,ספגטו כוסמין גרנו ארמנדו 500 גר,גרמים,500.00,100 גרם,false,12,13.90,2.7800,true,1,304316
8005709207400,false,פסטה חונקי כמרים קמח,GRANA ARMANDO,IT,פסטה חונקי כמרים כוסמין גרנו ארמנ 500 גר,גרמים,500.00,100 גרם,false,12,13.90,2.7800,true,1,304314
8005709207738,false,פסטה פנה מקמח כוסמין מלא 500 גרם,GRANA ARMANDO,IT,פסטה פנה כוסמין גרנו ארמנדו 500גר,גרמים,500.00,100 גרם,false,12,13.90,2.7800,true,1,304315
8005709280267,false,פתיתי אורז גרנו ארמנ,GRANA ARMANDO,IT,פתיתי אורז גרנו ארמנדו 400 גרם,גרמים,400.00,100 גרם,false,2000,10.00,2.5000,true,1,336380
8005709280274,false,פסטה כוכבים גרנו ארמ,GRANA ARMANDO,IT,פסטה כוכבים גרנו ארמנדו 400 גרם,גרמים,400.00,100 גרם,false,2000,10.00,2.5000,true,1,336378
8005709280380,false,פסטה אותיות גרנו ארמ,GRANA ARMANDO,IT,פסטה אותיות גרנו ארמנדו 400 גרם,גרמים,400.00,100 גרם,false,2000,10.00,2.5000,true,1,336379
8005803010357,false,גריסיני קלאסי - מקלות אפויים עם שמן זית ומלח,"אינסטנטה בע""מ",IT,מקלות גריסיני קלאסי אמור 125 גרם,גרמים,125.00,100 גרם,false,1,6.90,5.5200,true,1,302963
8005803010371,false,"גריסיני רוזמרין - מקלות אפויים עם שמן זית, מלח ורוזמרין","אינסטנטה בע""מ",IT,מקלות גריסיני רוזמרין אמור 125 גרם,גרמים,125.00,100 גרם,false,1,6.90,5.5200,true,1,302966
8005803010586,false,"מקלות אפויים עם שמן זית, מלח, עגבניות ואורגנו, 125 גרם, אמור די פאן","הוסטה איטליה, ס.ר.ל.",IT,מקלות גריסיני פיצה אמור 125 גרם,גרמים,125.00,100 גרם,false,1,6.90,5.5200,true,1,302964
8005803010661,false,"מקלות אפויים עם שמן זית, מלח, ושומשום, 125 גרם, אמור די פאן","הוסטה איטליה, ס.ר.ל.",IT,מקלות גריסיני שומשום אמור 125 גרם,גרמים,125.00,100 גרם,false,1,6.90,5.5200,true,1,302965
8006070041167,false,אבקת קקאו ממותק איכם,,IT,אבקת קקאו ממותק איכם 250 גרם,גרמים,250.00,100 גרם,false,12,16.90,6.7600,true,1,338425
8006070042218,false,אבקת קקאו אמארו איכם,,IT,אבקת קקאו אמארו איכם 250 גרם,גרמים,250.00,100 גרם,false,12,16.90,6.7600,true,1,338426
8006070073656,false,שוקולד חלב איקם לאפי,,IT,שוקולד חלב איקם לאפיה 32% קקאו 200 גרם,גרמים,200.00,100 גרם,false,12,14.90,7.4500,true,1,338465
8006070073663,false,שוקולד מריר איקם לאפ,,IT,שוקולד מריר איקם לאפיה 60% קקאו 200 גרם,גרמים,200.00,100 גרם,false,12,14.90,7.4500,true,1,338466
8006070074189,false,פרלינים ואניני בלו ר,,IT,פרלינים ואניני בלו רוז מריר 120 גרם שקית,גרמים,120.00,100 גרם,false,10,16.90,14.0833,true,1,338470
8006070074196,false,פרלינים ואניני בלו ר,,IT,פרלינים ואניני בלו רוז בלונד120 גרם שקית,גרמים,120.00,100 גרם,false,10,16.90,14.0833,true,1,338471
8006070074219,false,פרלינים ואניני בלו ר,,IT,פרלינים ואניני בלו רוז חלב 120 גרם שקית,גרמים,120.00,100 גרם,false,10,16.90,14.0833,true,1,338472
8006227000399,false,סמנצאטו לחם מחמצת פרוס לבן 400 גרם,,IT,לחם סמנצאטו פרוס לבן 400גר,גרמים,400.00,100 גרם,false,8,16.90,4.2250,true,1,327636
8006227000405,false,סמנצאטו לחם מחמצת פרוס חיטה מלאה 400 גרם,,IT,לחם סמנצאטו חיטה מלאה 400גר פרוס,גרמים,400.00,100 גרם,false,8,16.90,4.2250,true,1,327634
8006227000412,false,סמנצאטו-לחם פרוס חיטת דורום 400 גרם,,IT,לחם סמנצאטו חיטת דורום 400גר פרוס,גרמים,400.00,100 גרם,false,8,16.90,4.2250,true,1,327635
8006227000429,false,סמנצאטו לחם מחמצת פרוס 8 דגנים 400 גר,,IT,לחם סמנצאטו פרוס מחמצת 8 דגנים 400גר,גרמים,400.00,100 גרם,false,8,16.90,4.2250,true,1,331287
8006227000733,false,סמנצאטו-טראמציני ח.מלאה 250 גרם,רו. מאר ס.ר.ל,IT,לחם סמנצאטו טראמציני חיטה מלאה 250גר,גרמים,250.00,100 גרם,false,1,14.90,5.9600,true,1,327629
8006227000870,false,סמנצאטו לחם מחמצת עג,,IT,לחם סמנצאטו חיטת דורום 350גר,גרמים,350.00,100 גרם,false,6,17.90,5.1143,true,1,327633
8006227001372,false,סמנצאטו – לחם מחמצת לבן עם שמן זית ללא קשה 1400 גרם,רו. מאר ס.ר.ל,IT,לחם סמנצאטו 400גר לבן עם שמן זית ללא קשה,גרמים,400.00,100 גרם,false,8,18.90,4.7250,true,1,328908
8006227001389,false,סמנצאטו – לחם מחמצת עם שמן זית ללא קשה 1400 גרם,רו. מאר ס.ר.ל,IT,לחם סמנצאטו 400גר מלא עם שמן זית ללא קשה,גרמים,400.00,100 גרם,false,8,18.90,4.7250,true,1,328909
8006227270945,false,סמנצאטו-טראמציני לבן 250 גרם,רו. מאר ס.ר.ל,IT,לחם סמנצאטו טראמציני לבן 250גר ללא קשה,גרמים,250.00,100 גרם,false,1,14.90,5.9600,true,1,327630
8006290803521,false,מים מינרליים מוגזים,נביעות,IT,מים מינרלים פררלה 750מל זכוכית פקדון,מיליליטרים,750.00,"100 מ""ל",false,12,10.90,1.4533,true,1,297188
8006423301856,false,בונבוניירה סוריני מעורבת 450 גר,HDI SORINI,IT,בונבוניירה דפילה סוריני 450 גרם,גרמים,450.00,100 גרם,false,6,89.90,19.9778,true,1,220101
8006423362208,false,שוקולד סוריני טופ חו,SORINI,,שוקולד סוריני טופ חום 250 גר שקית,גרמים,250.00,100 גרם,false,1,19.90,7.9600,true,1,308059
8006423362406,false,שוקולד סוריני טופ זה,SORINI,,שוקולד סוריני טופ זהב 250 גר שקית,גרמים,250.00,100 גרם,false,1,19.90,7.9600,true,1,295858
8006423461055,false,בונבוניירה בקבוק 280 גר FUEGO SORINI,SORINI-Holding Dolci,IT,בונבוניירה פוגו 280 גר סוריני,גרמים,280.00,100 גרם,false,1,44.90,16.0357,true,1,225158
8006423461888,false,בונבוניירה פרלינים ס,SORINI,,בונבוניירה פרלינים סוריני 400 גרם,גרמים,400.00,100 גרם,false,1,69.90,17.4750,true,1,314342
8006423462397,false,בונבוניירה לב מיוחד 475 גר SORINI,HDI SORINI,IT,בונבוניירה לב מיוחד 475 גר סוריני,גרמים,475.00,100 גרם,false,6,69.90,14.7158,true,1,225156
8006423462458,false,בונבוניירה קריסמס סוריני 400 גר,,,בונב.סוריני קריסמס פח מעבדה 400 גרם,גרמים,400.00,100 גרם,false,1,69.90,17.4750,true,1,314978
8006423462502,false,בונבוניירה קלאסיק 265 גרם SORINI,HDI SORINI,IT,בונ קלאסיק סוריני 265ג SORINI,גרמים,265.00,100 גרם,false,7,48.90,18.4528,true,1,222159
8006423467866,false,בונבוניירה קריסמס טי,SWEETITALY,,בונבוניירה קריסמס טיפאני 180 גרם סוריני,גרמים,180.00,100 גרם,false,1,17.90,9.9444,true,1,337820
8006423468276,false,סוריני סופייה פרליני,SORINI,IT,בונבוניירה סופיה 270 גר סוריני,גרמים,270.00,100 גרם,false,8,52.90,19.5926,true,1,225189
8006423468382,false,בונבוניירה סנטה עם פ,SWEETITALY,IT,בונבוניירה סנטה עם פפיון 300 גרם סוריני,גרמים,300.00,100 גרם,false,1,52.90,17.6333,true,1,337819
8006423468801,false,בונבוניירה סוריני טיפי כדור 30 גר,HDI SORINI,IT,בונבוניירה כדור טיפי 320 ג,גרמים,340.00,100 גרם,false,9,34.90,10.2647,true,1,222157
8006423469617,false,בונבוניירה ונציה 190 גר SORINI,HDI SORINI,IT,בוננבוניירה ונציה 200 ג סוריני,גרמים,200.00,100 גרם,false,8,34.90,17.4500,true,1,220555
8006540027042,false,"לנור מרכך כביסה מרוכז ורוד""פרח בר"" 897 מ""ל",פרוקטר אנד גמבל,FR,מרכך כביסה לנור מרוכז פרחי בר 897 מל,מיליליטרים,897.00,"100 מ""ל",false,12,16.90,1.8841,true,1,327887
8006540091906,false,לנור כדוריות הבושם בניחוח אריאל 140 גרם,פטר קרמר עבור פרוקטור אנ,US,מבשם כביסה לנור ריח אריאל 140גר,גרמים,140.00,100 גרם,false,1,19.90,14.2143,true,1,332112
8006540091937,false,לנור כדוריות הבושם בניחוח אריאל 210 גרם,פטר קרמר עבור פרוקטור אנ,US,מבשם כביסה לנור כדוריות אריאל 210גר,גרמים,275.00,100 גרם,false,1,27.90,10.1455,true,1,332113
8006540110317,false,שמפו מינרלס ביוטין + במבוק לשיער חזק וארוך,פרוקטר אנד גמבל,RO,שמפו פנטן מיראקלס במבוק 400מל,מיליליטרים,400.00,"100 מ""ל",false,6,18.90,4.7250,true,1,328324
8006540112793,false,"מרכך כביסה מרוכז בניחוח יסמין לנור 900 מ""ל",פרוקטר אנד גמבל,US,מרכך כביסה לנור מרוכז בניחוח יסמין 900,מיליליטרים,900.00,"100 מ""ל",false,12,16.90,1.8778,true,1,327882
8006540112823,false,"לנור מרכך כביסה מרוכז בניחוח האוקיינוס 900 מ""ל",פרוקטר אנד גמבל,FR,מרכך כביסה לנור מרוכז בניחוח אוקיינוס900,מיליליטרים,900.00,"100 מ""ל",false,12,16.90,1.8778,true,1,327883
8006540112854,false,"מרכך כביסה מרוכז בניחוח סחלב לנור 900 מ""ל",פרוקטר אנד גמבל,US,מרכך כביסה לנור מרוכז בניחוח סחלב 900,מיליליטרים,900.00,"100 מ""ל",false,12,16.90,1.8778,true,1,327884
8006540157374,false,מרכך מינרלס ביוטין + במבוק לשיער חזק וארוך,פנטן Pantene,FR,מרכך שיער פנטן מיראקלס במבוק 275מל,מיליליטרים,275.00,"100 מ""ל",false,6,18.90,6.8727,true,1,328326
8006540163986,false,קפסולות לכביסה אריאל 35 יח,פרוקטר אנד גמבל,FR,קפסולות לכביסה אריאל 35 יח,יחידה,35.00,יחידה,false,3,44.90,1.2829,true,1,327880
8006540222089,false,פמפרס מגבונים היגיינים לתינוקות וילדים TO GO 40 יח',פרוקטור אנד גמבל,DE,מגבוני פמפרס טו גו לתינוקות וילדים 40יח,יחידה,40.00,יחידה,false,12,6.90,0.1725,true,1,332518
8006540352960,false,טמפונים טמפקס פרל רגולר 20 יחידות,פרוקטר אנד גמבל,HU,טמפון טמפקס פרל רגולר 20יח,יחידה,20.00,יחידה,false,1,25.90,1.2950,true,1,332110
8006540353004,false,טמפקס פרל סופר 18 יחידות חדש,פרוקטר אנד גמבל,HU,טמפון טמפקס פרל סופר 18יח,יחידה,18.00,יחידה,false,1,25.90,1.4389,true,1,332111
8006540383018,false,טבליות למדיח פלטינום דיפ קלין 23 יח פיירי,פרוקטר אנד גמבל,BE,טבליות למדיח פיירי פלטינום דיפ קלין 23יח,יחידה,23.00,יחידה,false,5,39.90,1.7348,true,1,335371
8006540383087,false,טבליות למדיח פיירי פלטינום פלוס דיפ קלין 42 יחידות,פרוקטר אנד גמבל,BE,טבליות פיירי פלטינום למדיח דיפ קלין 42יח,יחידה,42.00,יחידה,false,4,59.90,1.4262,true,1,335372
8006540404850,false,דיסקריט תחבושות לבריחת שתן לונג 10 יח,פרוקטר & גמבל,DE,תחבושות אולוויז דיסקרט לונג 10יח,יחידה,10.00,יחידה,false,1,19.90,1.9900,true,1,337130
8006540404898,false,אולוויז דיסקריט לבריחת שתן לונג פלוס 8יח,פרוקטר & גמבל,DE,תחבושות אולוויז דיסקרט לונג פלוס 8יח,יחידה,8.00,יחידה,false,1,19.90,2.4875,true,1,337129
8006540404935,false,דיסקריט תחבושות לבריחת שתן נורמל 12 יח,פרוקטר & גמבל,DE,תחבושות אולוויז דיסקרט נורמל 12יח,יחידה,12.00,יחידה,false,1,19.90,1.6583,true,1,337131
8006540405031,false,דיסקריט תחבושות לבריחת שתן סמול פלוס 16,פרוקטר & גמבל,DE,תחבושות אולוויז דיסקרט סמול פלוס 16יח,יחידה,16.00,יחידה,false,8,19.90,1.2437,true,1,337132
8006540425930,false,אריאל קפסולות לכביסה ג'ל 24 יח' לכתמים קשים,פרוקטר אנד גמבל,FR,קפסולות לכביסה אריאל 24יח לכתמים קשים,יחידה,27.00,יחידה,false,3,39.90,1.4778,true,1,333384
8006540428368,false,חיתולי פמפרס בייבי דרי מידה 1 40 יחדות,פרוקטר אנד גמבל,TR,חיתולי פמפרס 40יחידות בייבי דריי מידה 1,יחידה,40.00,יחידה,false,4,34.90,0.8725,true,1,333813
8006540429327,false,פיירי מקס פאוור לימון עם מנגנון למניעת נזילות,פרוקטר אנד גמבל,CZ,נוזל כלים פיירי לימון 440מל,מיליליטרים,440.00,"100 מ""ל",false,8,11.90,2.7045,true,1,333793
8006540463550,false,פיירי טבליות למדיח פלטינום 63 יחידות,פרוקטר אנד גמבל,BE,פיירי טבליות למדיח פלטינום 63 יחידות,יחידה,63.00,יחידה,false,4,59.90,0.9508,true,1,336292
8006540491539,false,"נוזל כלים פיירי פלטינום אוריגינל 780 מ""ל",פרוקטר אנד גמבל,GB,נוזל כלים פיירי פלטינום אורגינל 780מל,מיליליטרים,900.00,"100 מ""ל",false,8,12.90,1.4333,true,1,335378
8006540495186,false,לנור מרכך כביסה מרוכז רגיש בייבי 900 מל,פרוקטר אנד גמבל,FR,מרכך כביסה לנור מרוכז בייבי 897מל,מיליליטרים,897.00,"100 מ""ל",false,12,16.90,1.8841,true,1,335660
8006540495216,false,"לנור מרכך כביסה מרוכז בניחוח אמאטיסט 900 מ""ל",פרוקטר אנד גמבל,FR,מרכך כביסה לנור מרוכז אמאטיסט 897 מל,מיליליטרים,897.00,"100 מ""ל",false,12,16.90,1.8841,true,1,335661
8006540495247,false,"לנור מרכך כביסה מרוכז בניחוח פרחי בר 900 מ""ל",פרוקטר אנד גמבל,FR,מרכך כביסה לנור מרוכז פרחי בר 897 מל,מיליליטרים,897.00,"100 מ""ל",false,12,16.90,1.8841,true,1,335662
8006540566701,false,אריאל ג'ל כביסה להסרת כתמים קשים 1.925 ליטר,פרוקטר אנד גמבל,IT,גל כביסה אריאל כתמים קשים 1.925ליטר,מיליליטרים,1925.00,"100 מ""ל",false,4,34.90,1.8130,true,1,336671
8006837000918,false,לחם בריוש לבן מורטו,,IT,לחם בריוש לבן 550 גרם מורטו,גרמים,550.00,100 גרם,false,9,13.90,2.5273,true,1,327064
8006837001083,false,לחמניות בריוש מורטו,,IT,לחמניות בריוש 400 גרם מורטו,גרמים,400.00,100 גרם,false,7,13.90,3.4750,true,1,327066
8006837001137,false,לחם בריוש מורטו חיטה,,IT,לחם בריוש חיטה מלאה 600גר מורטו,גרמים,600.00,100 גרם,false,9,13.90,2.3167,true,1,327063
8006837002332,false,לחם בריוש 400גרם ללא,,IT,לחם בריוש 400גרם ללא קשה מורטו,גרמים,400.00,100 גרם,false,10,15.90,3.9750,true,1,327065
8006837003346,false,לחם מורטו גרעיני חמנ,,IT,לחם מורטו גרעיני חמניות וזרעי פשתן 380גר,גרמים,380.00,100 גרם,false,10,13.90,3.6579,true,1,334076
8007063121019,false,יין לבן קורבו 750 מל,איטליה דוקה די סלפרו,,יין לבן קורבו 750 מל פקדון,מיליליטרים,750.00,"100 מ""ל",false,1,60.00,8.0000,true,1,230628
8007116011106,false,יין קיאנטי קנטינה לא,איטליה לאונרדו דה וי,,יין לאונרדו דה וינצי קיאנטי 750 מל פקדון,מיליליטרים,750.00,"100 מ""ל",false,1,45.00,6.0000,true,1,219337
8007116021105,false,יין אדום קיאנטי לאונ,איטליה לאונרדו דה וי,,יין אדום קיאנטי לאונרדו ריזרב 750מל פקדו,מיליליטרים,750.00,"100 מ""ל",false,1,70.00,9.3333,true,1,230624
8007150901623,false,שמן זרעי ענבים 1 ליטר +1/2 ליטר במארז,,,מארז שמן זרעי ענבים 1 ל+500 מל,מיליליטרים,1500.00,"100 מ""ל",false,1,54.90,3.6600,true,1,308209
8007150907175,false,שמן אורז אוליטליה 1ל,אולאיטליה,IT,שמן אורז אולאיטליה 1 לי,ליטרים,1.00,ליטר,false,9,36.90,36.9000,true,1,230132
8007178120310,false,חומץ בלסמי ד'מודנה Giacobazzi,פטורייה ג'יאקובאזי ס,IT,חומץ בלסמי גקובזי 500 מל,מיליליטרים,500.00,"100 מ""ל",false,1,23.90,4.7800,true,1,223033
8007178510685,false,"רוטב לתיבול בסגנון מ""ל 250 בלסמי לבן",זקובזי,IT,חומץ בלסמי לבן גקובזי 250 מל,מיליליטרים,250.00,"100 מ""ל",false,1,17.90,7.1600,true,1,313797
8007270126791,false,"שמן זית אורגני קוסטה דאורו 750 מ""ל",קוסטה דיאורו,IT,שמן זית אורגני קוסטה דאורו 750 מל,מיליליטרים,750.00,"100 מ""ל",false,12,45.00,6.0000,true,1,325895
8007537000543,false,"טורטיליה ציפס בטעם טבעי לל""ג 450 גרם",FOX,IT,חטיף טורטילה ציפס טיבעי 450 גר,גרמים,450.00,100 גרם,false,1,24.90,5.5333,true,1,315707
8007537006538,false,"טורטיליה ציפס תירס כחול לל""ג 450 גרם",FOX,IT,חטיף טורטילה ציפס תערס כחול 450 גר,גרמים,300.00,100 גרם,false,1,24.90,8.3000,true,1,315711
8007674005951,false,יין אדום פיציני ברונ,,IT,יין אדום פיציני ברונלו די מונטלצינו 750מ,מיליליטרים,750.00,"100 מ""ל",false,12,189.00,25.2000,true,1,336600
8007880120400,false,יין אמרונה בלאק לייב,,,יין אמרונה בלאק לייבל 750 מל פקדון,מיליליטרים,750.00,"100 מ""ל",false,1,205.00,27.3333,true,1,231919
8007880123104,false,יין פרוסקו טרויזו 75,פסקווה,,יין פרוסקו ספומנטה 750 מל,מיליליטרים,750.00,"100 מ""ל",false,1,60.00,8.0000,true,1,315347
8007880123302,false,יין פינו גריגיו פסקו,,,יין פינו גריגיו פסקווא 750 מל פקדון,מיליליטרים,750.00,"100 מ""ל",false,1,60.00,8.0000,true,1,309687
8007880123500,false,יין רוזה 11 מינוט פס,,,יין רוזה 11 מינוט פסקווא 750 מל,מיליליטרים,750.00,"100 מ""ל",false,,100.00,13.3333,true,1,323903
8007880123609,false,יין שרדונה גרילו פסק,,,יין שרדונה גרילו פסקווא 750 מל,מיליליטרים,750.00,"100 מ""ל",false,1,60.00,8.0000,true,1,318416
8007880123807,false,יין נור דאבולה שירז,,,יין נור דאבולה שירז 750מל,מיליליטרים,750.00,"100 מ""ל",false,1,60.00,8.0000,true,1,327282
8007880139006,false,יין פרימיטיבו די פול,,IT,יין פרימיטיבו די פוליה 750 מל,מיליליטרים,750.00,"100 מ""ל",false,12,60.00,8.0000,true,1,313888
8007880140101,false,יין פסימנטו לבן 750,פסקווא,,יין פסימנטו לבן 750 מל,מיליליטרים,750.00,"100 מ""ל",false,1,80.00,10.6667,true,1,302210
8007880140705,false,יין פאסימנטו רומאו ו,,,יין פאסימנטו רומאו וגולייט 750מל פקדון,מיליליטרים,75000.00,"100 מ""ל",false,1,80.00,0.1067,true,1,314448
8007880211009,false,יין מונטפולציאנו דיא,,,יין מונטפולציאנו דיאברוצו 750 מל,מיליליטרים,750.00,"100 מ""ל",false,1,60.00,8.0000,true,1,241060
8007880214802,false,יין נור דאבולה שירז,,,יין נור דאבולה שירז 750מל פיקדון,מיליליטרים,750.00,"100 מ""ל",false,1,60.00,8.0000,true,1,299412
8007880727807,false,יין ריפאסו ציצלה ברט,,,יין ריפאסו ציצלה ברטה 750 מל פיקדון,מיליליטרים,750.00,"100 מ""ל",false,1,110.00,14.6667,true,1,227624
8008090044012,false,טבליות ספירה רפיל 30 יח,זובלה,IT,ספירה 30 טבליות בקופסא,יחידה,30.00,יחידה,false,1,9.90,0.3300,true,1,312292
8008090604223,false,ספירה גרין רפיל טבליות 30 לילות טבעי,זובלה גרופ,IT,דוחה יתושים ספירה גרין טבליות 30יח,יחידה,30.00,יחידה,false,24,12.90,0.4300,true,1,327088
8008245004847,false,ממרח אגוזי לוז וקקאו מובנפיק 300 גרם,נאטקו,IT,ממרח מובנפיק אגוזי לוז וקקאו 300 גרם,גרמים,300.00,100 גרם,false,6,14.90,4.9667,true,1,326041
8008245004861,false,ממרח אגוזי לוז עם חלב מובנפיק 300 גרם,יבואן ומשווק: ש. שסט,IT,ממרח מובנפיק אגוזי לוז וחלב 300 גרם,גרמים,300.00,100 גרם,false,6,14.90,4.9667,true,1,326042
8008429299120,false,בונבוניירה פרמידה קר,SWEETITALY,IT,בונב.פרמידה קריסמס 200 גר,גרמים,200.00,100 גרם,false,1,36.90,18.4500,true,1,314989
8008440249425,false,בירה אסהי יבשה מאד 330 מל בקבוק,פרונרי,IT,בירה אסהי 330מל בקבוק פקדון,מיליליטרים,330.00,"100 מ""ל",false,1,10.00,3.0303,true,1,318608
8008440522016,false,"שישיית בירה פרוני 6*330 מ""ל",פרונרי,IT,מארז 6יח בירה פרוני נאסטרו אזורו 330מל,מיליליטרים,1980.00,"100 מ""ל",false,4,34.90,1.7626,true,1,322249
8008620009313,false,קריץ-קרקר מלוח 250 ג',nuova industria bisc,IT,קרקר קריץ מלוח 250 גרם,גרמים,250.00,100 גרם,false,12,8.90,3.5600,true,1,326479
8008620009337,false,קריץ-קרקר חיטה מלאה 250ג',nuova industria bisc,IT,קרקר אורגני חיטה מלאה 254 גר,גרמים,250.00,100 גרם,false,12,8.90,3.5600,true,1,310276
8008620063032,false,קריץ-קרקר שמן זית רוזמרין 250 ג',,IT,קרקר קריץ שמן זית רוזמרין 250 גרם,גרמים,250.00,100 גרם,false,12,9.90,3.9600,true,1,326480
8008620063049,false,קריץ-קרקר דגנים ושומשום 250ג',nuova industria bisc,IT,קרקר קריץ דגנים ושומשום 250 גרם,גרמים,250.00,100 גרם,false,12,9.90,3.9600,true,1,326481
8008660210014,false,מעדן משמש מנז אנד גאסר ויסוצקי 300 גרם,קריניציה ויטמינה אס,IT,מעדן משמש ריבה 300 גרם,גרמים,300.00,100 גרם,false,1,14.90,4.9667,true,1,300454
8008660210021,false,מעדן ריבה מנץ אנד גאססר דובדבן 300 גר,שוורצקוף& הנקל דיסלד,IT,מעדן דובדבן ריבה 300 גרם,גרמים,300.00,100 גרם,false,1,14.90,4.9667,true,1,300453
8008660210038,false,מעדן ריבה מנץ אנד גאססר תות שדה 300 גר,קריניציה ויטמינה אס,IT,מעדן תות שדה ריבה 300 גרם,גרמים,300.00,100 גרם,false,1,14.90,4.9667,true,1,300456
8008660210045,false,מעדן פירות יער מנז אנד גאסר ויסוצקי 300 גרם,שוורצקוף& הנקל דיסלד,IT,מעדן פירות יער ריבה 300 גרם,גרמים,300.00,100 גרם,false,1,14.90,4.9667,true,1,300455
8008660210052,false,מעדן פרי תפוז מנז אנד גאסר ויסוצקי 320 גרם,מנז אנד גאסר Menz&Gasser,IT,מעדן פרי תפוז 300 גרם,גרמים,300.00,100 גרם,false,1,14.90,4.9667,true,1,315294
8008660210069,false,מעדן פרי פסיפלורה מנז אנד גאסר ויסוצקי 320 גרם,מנז אנד גאסר ס.פ.א,IT,מעדן פרי אפרסק פסיפלורה 300 גרם,גרמים,300.00,100 גרם,false,1,14.90,4.9667,true,1,315295
8008698002049,false,קרקרים עגולים 175 גרם ללא גלוטן,ס.ר.ל פוסטל,IT,קרקרים עגולים 175 גר ללא גלוטן,גרמים,175.00,100 גרם,false,1,22.90,13.0857,true,1,233450
8008698002100,false,מקלות גריסיני 200 גרם ד''ר שר,"ד""ר שר ס.ר.ל",IT,גריסיני 150גר ללא גלוטן,גרמים,150.00,100 גרם,false,10,19.90,13.2667,true,1,310185
8008698002599,false,לחם הבית פרוס ללא גלוטן 240גרם שר,דר שר,IT,לחם הבית ללא גלוטן 240 גר,גרמים,240.00,100 גרם,false,5,19.90,8.2917,true,1,334004
8008698002810,false,"עוגה אישית לל""ג שר 10*35 גרם",,IT,עוגה אישית ללא גלוטן 10יח 350גר שר,גרמים,350.00,100 גרם,false,1,28.90,8.2571,true,1,337759
8008698003152,false,ג'בטה כפרית ללא גלוטן 4*50גרם שר,,DE,לחמניות גבטה כפרית ללג 4 יח שר 250 גר,גרמים,250.00,100 גרם,false,6,22.90,9.1600,true,1,334359
8008698003503,false,עוגיות שיבולת שועל עם צימוקים 250 גר,"דר שר ס.ר.ל פוסטל, א",IT,קרקרים מלבניים 210גר ללא גלוטן,גרמים,210.00,100 גרם,false,1,24.90,11.8571,true,1,233453
8008698003961,false,"שוקו סטיקס מקלוני עוגיות לל""ג 150 גר",דר שר דויטשלנד ג'\י אם ב,DE,מקלות בציפוי שוקולד 150גר ללא גלוטן שר,גרמים,150.00,100 גרם,false,1,18.90,12.6000,true,1,337758
8008698004548,false,שר ביסקוויט בציפוי קרם שוקולד חלב ללא גלוטן 150 גר',"ד""ר שר ס.ר.ל",DE,ביסקויט מצופה שוקולד ל.ג.ם דר שר 150 גר,גרמים,150.00,100 גרם,false,1,20.00,13.3333,true,1,301254
8008698004630,false,SORRISI עוגיות סנדוויץ' במילוי קרם קקאו 250 גר',ס.ר.ל פוסטל,FR,עוגיות דבל שוקולד 250גר ללא גלוטן,גרמים,250.00,100 גרם,false,1,24.90,9.9600,true,1,233454
8008698004807,false,מיקס - Bתערובת קמחים לאפיית לחמים ללא גלוטן 1קג,ס.ר.ל פוסטל,AT,קמח לאפיה ללא גלוטן דר שר 1 קג,קילוגרמים,1.00,"ק""ג",false,1,30.00,30.0000,true,1,223965
8008698005231,false,עוגיות סנדוויץ בטעם שוקולד ממולאות קרם חלב ללא גלוט,שר Schar,IT,עוגיות שוקולד דר שר 165 גר,גרמים,165.00,100 גרם,false,6,19.90,12.0606,true,1,322616
8008698005347,false,"ביסקוויט מצופות שוקולד מריר לל""ג 150 גר",שר Schar,IT,עוגיות מצופות שוקולד ללא גלוטן,גרמים,150.00,100 גרם,false,6,15.90,10.6000,true,1,310195
8008698008157,false,שר עוגיות שוקולד במילוי קרם שמנת ללא גלוטן 100 גר',דר שר ס.ר.ל פוסטל,IT,עוגיות דבל וניל 100 גר ללא גלוטן,גרמים,100.00,100 גרם,false,1,12.90,12.9000,true,1,233456
8008698012857,false,ביסקויט פתי בר בטעם חמאה 165 גרם ללא גלוטן petit,ס.ר.ל פוסטל,IT,ביסקוויט פתי בר שר160 גר ללא גלוטן,גרמים,165.00,100 גרם,false,1,18.00,10.9091,true,1,244374
8008698013021,false,שר עוגיות שוקולד ציפס מריר ללא גלוטן 100 ג',דר שר פוסטל,IT,עוגיות שוקוציפס פריכות ל.ג. דר שר 100גר,גרמים,100.00,100 גרם,false,1,13.50,13.5000,true,1,301255
8008698024065,false,פאן בלנקו-לחם ללא גלוטן 250 גרם,schar,IT,לחם ללא גלוטן 250 גר פאן בלנקו,גרמים,250.00,100 גרם,false,8,13.90,5.5600,true,1,315881
8008698024140,false,לחם ללא גלוטן פאן מולטי גראנו 250 גר,schar,DE,לחם ללא גלוטן 250 גר פאן מולטי גראנו,גרמים,250.00,100 גרם,false,8,13.90,5.5600,true,1,315882
8008698024188,false,פאן רוסטיקו-לחם ללא גלוטן 250 גרם,,IT,לחם ללא גלוטן 250 גר פאן רוסטיקו,גרמים,250.00,100 גרם,false,8,13.90,5.5600,true,1,315880
8008698031032,false,"חטיף קרוויס בטעם ברביקיו לל""ג 170 גרם",,FR,חטיף קרוויס ללא גלוטן בטעם ברביקיו 170גר,גרמים,170.00,100 גרם,false,,16.90,9.9412,true,1,337761
8008698031056,false,"חטיף קרוויס טבעי לל""ג 170 גרם",,FR,חטיף קרוויס ללא גלוטן בטעם טבעי 170גר שר,גרמים,170.00,100 גרם,false,,16.90,9.9412,true,1,337760
8008698032084,false,עוגיות מיני וחברים ללא גלוטן 125 גר,,DE,עוגיות מיני ללא גלוטן 125 גר,מיליליטרים,125.00,"100 מ""ל",false,6,12.90,10.3200,true,1,334057
8008698054109,false,מילוי גריס - ממרח אגוזי לוז עם קקאו בתוספות מקלות 52 גרם,"ד""ר שר ס.ר.ל",IT,מילי גריס ממרח אגוזי לוז+מקלות ללג 52גר,Unknown,0.00,Unknown,false,12,11.90,0.0000,true,1,320800
8008743002536,false,שוקולד מטבעות ברשת 5,,,מטבעות שוקולד ברשת 50 גרם,Unknown,0.00,Unknown,false,1,4.90,0.0000,true,1,295685
8008743015611,false,שוקולד פרצופים ברשת,,,שוקולד פרצופים ברשת 100 גרם,גרמים,100.00,100 גרם,false,1,7.90,7.9000,true,1,337296
8008743015741,false,שוקולד זיטונים ברשת,,,שוקולד זיטונים ברשת 100 גרם,גרמים,100.00,100 גרם,false,1,7.90,7.9000,true,1,337295
8008743023142,false,בונבוניירה מתומנת כח,,,בונ.פרלין כחול כסף 355 גר,גרמים,355.00,100 גרם,false,1,46.90,13.2113,true,1,318685
8008743030713,false,שוקולד כדורגל שוקו ב,,,שוקולד כדורגל שוקו ברשת 100 גרם,גרמים,100.00,100 גרם,false,1,7.90,7.9000,true,1,329637
8008743035633,false,שוקולד חיפושיות ברשת,,,שוקולד חיפושית ברשת 100 גרם,גרמים,100.00,100 גרם,false,1,7.90,7.9000,true,1,295684
8008743036609,false,שוקולד מכוניות ברשת,GUNZ WARENHANDELS,,שוקולד מכוניות ברשת 100 גר,גרמים,100.00,100 גרם,false,1,7.90,7.9000,true,1,307173
8008743037897,false,לבבות שוקולד ברשת 100 ג',GUNZ WARENHANDELS,,שוקולד לבבות ממולא ברשת 100 גר,גרמים,100.00,100 גרם,false,1,7.90,7.9000,true,1,329584
8008743037903,false,שוקולד שחקני כדורגל,,,שוקולד שחקני כדורגל ברשת 100 גרם,גרמים,100.00,100 גרם,false,1,7.90,7.9000,true,1,307175
8008743048695,false,שוקולד דובים ברשת 90,GUNZ WARENHANDELS,,שוקולד דובים ברשת 90 גר,Unknown,0.00,Unknown,false,1,7.90,0.0000,true,1,329585
8008743048824,false,פרלינים לייקה דובדבן,,IT,פרלינים לייקה דובדבן בליקר 90 גרם,Unknown,0.00,Unknown,false,14,7.90,0.0000,true,1,337426
8008743055266,false,פרלינים לייקה שוקולד,,IT,פרלינים לייקה שוקולד מריר72% 90 גרם,Unknown,0.00,Unknown,false,14,7.90,0.0000,true,1,337378
8008857200057,false,פסטה רג'ייה ספגטי שטוח 500 גר',רגיה,IT,ספגטי רגייה שטוח 500 גר,גרמים,500.00,100 גרם,false,20,5.90,1.1800,true,1,239830
8008857200194,false,פסטה רגיה 19 ספגטי תומר 500 גרם,רגיה,IT,ספגטי רגייה 500 גר,גרמים,500.00,100 גרם,false,1,5.90,1.1800,true,1,239825
8008857200200,false,פסטה רגיה 20 ספגטי דק תומר 500 גרם,,IT,ספגטי רגייה דק 500 גר,גרמים,500.00,100 גרם,false,1,5.90,1.1800,true,1,239826
8008857300238,false,פסטה רגיה 23 גליל תומר 500 גרם,פאסטופיציו אנטוניו,IT,פסטה רגייה גליל 500 גר,גרמים,500.00,100 גרם,false,1,5.90,1.1800,true,1,239831
8008857300344,false,פסטה רגיה 34. צינור תומר 500 גרם,רגיה,IT,פסטה רגייה צינור 500 גר,גרמים,500.00,100 גרם,false,1,5.90,1.1800,true,1,239827
8008857300481,false,פסטה רגיה 48 בורג תומר 500 גרם,רגיה,IT,פסטה בורג רגייה 500 גר,גרמים,500.00,100 גרם,false,1,5.90,1.1800,true,1,239829
8008857300580,false,פסטה רגיה 58 סהרון תומר 500 גרם,,IT,פסטה רגייה סהרון 500 גר,גרמים,500.00,100 גרם,false,1,5.90,1.1800,true,1,239833
8008857300603,false,פסטה רגיה 60 קונכיה 500 גרם,פאסטופיציו אנטוניו,IT,פסטה רגייה קונכיות 500 גר,גרמים,500.00,100 גרם,false,1,5.90,1.1800,true,1,239834
8008857300627,false,פסטה מספר 62 רגיה 500 גרם,,,פסטה צדף רגייה 500 גר,גרמים,500.00,100 גרם,false,1,5.90,1.1800,true,1,239835
8008857300634,false,פסטה רגיה 19 תלתל תומר 500 גרם,פאסטופיציו אנטוניו,IT,פסטה רגייה תלתל 500 גר,גרמים,500.00,100 גרם,false,1,5.90,1.1800,true,1,239836
8008857300641,false,פסטה רג'ייה כובע 500גר',רגיה,IT,פסטה צדף רגייה 500 גר,גרמים,500.00,100 גרם,false,1,5.90,1.1800,true,1,318035
8008857300771,false,ספגטי מספר 77 רגיה איטריות דקות 500 גרם,,,אטריות למרק רגייה 500 גר,גרמים,500.00,100 גרם,false,1,5.90,1.1800,true,1,239828
8008857704197,false,פסטה רג'ייה ח.מלאה ספגטי 500 גרם,,IT,ספגטי רגייה חיטה מלאה 500 גרם,גרמים,500.00,100 גרם,false,20,6.90,1.3800,true,1,336476
8008857704487,false,פסטה חיטה מלאה פוזילי,רגיה,IT,פסטה רגייה פוזילי חיטה מלאה 500 גרם,גרמים,500.00,100 גרם,false,20,6.90,1.3800,true,1,336474
8008900001037,false,יין צלו קברנה סוביני,,,יין צילו קברנה סוביניו 750 מל פקדון,מיליליטרים,750.00,"100 מ""ל",false,1,35.00,4.6667,true,1,313839
8008900001280,false,יין ביו ביו שרדונה 7,אי טרה אס פי,IT,יין ביו ביו שרדונה 750 מל,מיליליטרים,750.00,"100 מ""ל",false,6,45.00,6.0000,true,1,317058
8008900001297,false,יין ביו ביו מרלו 750,אי טרה אס פי,IT,יין ביו ביו מרלו 750 מל,מיליליטרים,750.00,"100 מ""ל",false,6,45.00,6.0000,true,1,317057
8008900002188,false,יין צילו פינו גריגיו,סיאלו אי טרה,,יין צילו פינו גריגיו 750 מל פקדון,מיליליטרים,750.00,"100 מ""ל",false,1,35.00,4.6667,true,1,313025
8008900004212,false,יין צילו מרלו 750 מל,,,צילו מרלו 750 מל פקדון,מיליליטרים,750.00,"100 מ""ל",false,1,35.00,4.6667,true,1,314757
8008900005684,false,יין קאזה דפרה פינו ג,,IT,יין קאזה דפרה פינו גריגיו 750מל בק.פקדון,מיליליטרים,750.00,"100 מ""ל",false,1,45.00,6.0000,true,1,336558
8008900006186,false,יין צילו פינו נואר 7,סיאלו אי טרה,IT,יין צילו אדום יבש פינו נואר 750 מל,מיליליטרים,750.00,"100 מ""ל",false,1,35.00,4.6667,true,1,307711
8008900006223,false,יין צלו אמרונה דלה ו,,IT,יין צלו אמרונה דלה ואלפוליצאלה 750מל פקד,מיליליטרים,750.00,"100 מ""ל",false,1,129.00,17.2000,true,1,336557
8008900006797,false,יין מאיסטרו ברימיטיב,,,יין צלו מאסטרו פרימיטיבו פוליה 750 מל,מיליליטרים,750.00,"100 מ""ל",false,6,45.00,6.0000,true,1,327499
8008900008692,false,יין קאזה דפרה ריזרבה,,IT,יין קאזה דפרה ריזרבה אדום 750מל בק.פקדון,מיליליטרים,750.00,"100 מ""ל",false,1,65.00,8.6667,true,1,336559
8008900009613,false,יין פאסיה טוסקנה רוס,,,יין פאסיה טוסקנה רוסו 750 מל,מיליליטרים,750.00,"100 מ""ל",false,12,60.00,8.0000,true,1,327498
8008900009811,false,יין צלו אפסיונמנטה ו,,IT,יין צלו אפסיונמנטה ונטו מארז 6 יח 750 מ,מיליליטרים,750.00,"100 מ""ל",false,6,350.00,46.6667,true,1,327642
8008912010034,false,ליגורי- ספגטי מספר 3 500גר,מנז'\ אנד גאסר ס.פ.א,IT,ספגטי לגיורי 500 גרם,גרמים,500.00,100 גרם,false,1,8.90,1.7800,true,1,328470
8008912010072,false,ליגורי- לינגוויני מספר 7 500גר,מנז'\ אנד גאסר ס.פ.א,IT,לינגוויני ליגורי 500 גרם,גרמים,500.00,100 גרם,false,1,8.90,1.7800,true,1,334246
8008912010270,false,LIGUORI פסטה קסרצ'ה מספר 27 500 גרם,מנז'\ אנד גאסר ס.פ.א,IT,פסטה ליגורי קסרצה 500 גרם,גרמים,500.00,100 גרם,false,1,8.90,1.7800,true,1,334245
8008912010300,false,LIGUORI פסטה פרפלה 500 גרם מספר 30,מנז'\ אנד גאסר ס.פ.א,IT,פסטה ליגורי פרפלה 500 גרם,גרמים,500.00,100 גרם,false,1,8.90,1.7800,true,1,328467
8008912010317,false,LIGUORI פסטה פוזילי 500 גרם מספר 31,מנז'\ אנד גאסר ס.פ.א,IT,פסטה ליגורי פוזילי 500 גרם,גרמים,500.00,100 גרם,false,1,8.90,1.7800,true,1,328468
8008912010331,false,פסטה ניוקטי סרדי בצורת קונכיות מס' 33,מנז'\ אנד גאסר ס.פ.א,IT,פסטה ליגורי ניוקטי סרי קונכיות 500 גרם,גרמים,500.00,100 גרם,false,1,8.90,1.7800,true,1,334244
8008912010423,false,"ליגורי פסטה פנה ריגטה מספר 42, 500 גר'",מנז'\ אנד גאסר ס.פ.א,IT,פסטה ליגורי פנה ריגטה 500 גרם,גרמים,500.00,100 גרם,false,1,8.90,1.7800,true,1,328469
8008920114069,false,יין וילה גובני מוסקט,,,יין וילה גובאני מוסקטו מבעבע 750 מל פקדו,מיליליטרים,750.00,"100 מ""ל",false,1,45.00,6.0000,true,1,229787
8008920150104,false,למברוסקו אמראדורי אד,דונלי גאטטיקו,,יין למברוסקו אדום אמראדורי 750 מל פיקדון,מיליליטרים,750.00,"100 מ""ל",false,1,25.00,3.3333,true,1,227434
8008920150111,false,אמרדורי למברוסקו רוזה,דונלי,IT,יין למברוסקו רוזה אמראדורי 750 מל פיקדון,מיליליטרים,750.00,"100 מ""ל",false,1,25.00,3.3333,true,1,227436
8008920150128,false,למברוסקו אמראדורי לב,דונלי גאטטיקו,,יין למברוסקו לבן אמראדורי 750 מל פיקדון,מיליליטרים,750.00,"100 מ""ל",false,1,25.00,3.3333,true,1,227435
8008990000040,false,tonkitaTK004 מטאטא פנימי practica+מקל,טונקיטה,IT,מטאטא פרקטיקה,יחידה,1.00,יחידה,false,1,22.90,22.9000,true,1,296818
8008990000101,false,tonkitaTK010 מטאטא חיצוני area+מקל,טונקיטה,IT,מטאטא אראה,יחידה,1.00,יחידה,false,6,27.90,27.9000,true,1,296551
8008990000262,false,ערכה ללכידת אבק עם,אריקס,IT,ערכה ללכידת אבק עם 10 מטליות למילוי,Unknown,0.00,Unknown,false,6,59.90,0.0000,true,1,328219
8008990000514,false,tonkitaTK051 מברשת ויעה,טונקיטה,,כף אשפה + מברשת,יחידה,1.00,יחידה,false,1,14.90,14.9000,true,1,296554
8008990000750,false,מברשת לניקוי אסלות,טונקיטה,IT,מברשת לניקוי אסלות,יחידה,1.00,יחידה,false,12,10.00,10.0000,true,1,296574
8008990002167,false,יעה עם מקל מתכת ארוך טונקיטה,טונקיטה,IT,יעם עם מקל מתכת ארוך טי איי 216 טונקיטה,יחידה,1.00,יחידה,false,12,19.90,19.9000,true,1,296584
8008990005809,false,מגב ניקוי טונקיטה להסרת מים מזכוכיות,אריקס,IT,מגב ניקוי להסרת מים מזכוכית/אריחים 26סמ,יחידה,1.00,יחידה,false,12,15.90,15.9000,true,1,319933
8008990006714,false,מטאטא טונקיטה קשה אק,אריקס,IT,מטאטא טונקיטה קשה אקולוגי+מקל,יחידה,1.00,יחידה,false,6,29.90,29.9000,true,1,305806
8008990006721,false,מטאטא טונקיטה חיצוני,אריקס,IT,מטאטא טונקיטה חיצוני אקולוגי+מקל,יחידה,1.00,יחידה,false,6,34.90,34.9000,true,1,305807
8008990006738,false,יעה טונקיטה אקולוגי,אריקס,IT,יעה טונקיטה אקולוגי,יחידה,1.00,יחידה,false,12,7.90,7.9000,true,1,305808
8008990008923,false,דלי אובלי טונקיטה 13 ליטר,טונקיטה,IT,דלי אובלי 13 ליטר,יחידה,1.00,יחידה,false,12,19.90,19.9000,true,1,296583
8008990061508,false,tonkitaTK615 מטאטא פנימי rapida+מקל,טונקיטה,IT,מטאטא ראפידה,יחידה,1.00,יחידה,false,6,24.90,24.9000,true,1,296549
8008990065100,false,מטאטא קשה לקרצוף פרק,טונקיטה,IT,מטאטא קשה לקרצוף פרקטיקו,יחידה,1.00,יחידה,false,6,24.90,24.9000,true,1,296553
8009149000119,false,"קמח תירס מולינו פיילה - פולנטה 1 ק""ג",פוקולוקו,IT,קמח תירס פולנטה מולינו פיילה 1 קג,קילוגרמים,1.00,"ק""ג",false,10,16.90,16.9000,true,1,338387
8009167091205,false,פסטה לינגוויני דיו ד,,,פסטה לינגוויני דיו דיונון 250 גר מורללי,גרמים,250.00,100 גרם,false,1,23.90,9.5600,true,1,230360
8009167141207,false,פסטה לינגוויני שום ב,,,פסטה לינגוויני שום בזיליקום250 גר מורללי,גרמים,250.00,100 גרם,false,1,23.90,9.5600,true,1,230362
8009167211207,false,פסטה לינגוויני כמהין,,,פסטה לינגוויני כמהין 250 גר מורללי,גרמים,250.00,100 גרם,false,1,24.90,9.9600,true,1,230363
8009167281200,false,פסטה לינגוויני לימון,,,פסטה לינגוויני לימון פלפל250 גר מורללי,גרמים,250.00,100 גרם,false,1,23.90,9.5600,true,1,230364
8009621006073,false,איטליה ניוקי תפוח אד,,,ניוקי תפוא וינצי 500 גר,גרמים,500.00,100 גרם,false,1,10.90,2.1800,true,1,225241
8009621006172,false,ניוקי תפוא מיני וינצ,,,ניוקי תפוא מיני וינצי 500 גר,גרמים,500.00,100 גרם,false,1,10.90,2.1800,true,1,244490
8009720626424,false,יין פאקמורה אינדוליה,B.C.A 1875 BAGLIO CU,,יין פאקמורה אינדוליה לבן 750 מל,מיליליטרים,750.00,"100 מ""ל",false,1,60.00,8.0000,true,1,244626
8009720659460,false,יין פאקמורה נרו אדום,B.C.A 1875 BAGLIO CU,,יין פאקמורה נרו אדום 750 מל,מיליליטרים,750.00,"100 מ""ל",false,1,60.00,8.0000,true,1,244627
8009915000374,false,פסטה דיטאליני ללא גל,LE VENEZIANE,IT,פסטה דיטאליני ללא גלוטן 250 גר,גרמים,250.00,100 גרם,false,1,12.90,5.1600,true,1,244641
8009915001227,false,פסטה פנה ללא גלוטן 250 גר' -פוריו,לה וואניציאני La Venezian,,פסטה פנה מקמח תירס ל.ג.250 גר,גרמים,250.00,100 גרם,false,1,12.90,5.1600,true,1,228705
8009915001340,false,פסטה אליקה ללא גלוטן 250 גר' -פוריו,לה וואניציאני La Venezian,IT,פסטה אליקה מקמח תירס ל.ג.250גר,גרמים,250.00,100 גרם,false,1,12.90,5.1600,true,1,228706
8011033011279,false,קוסקוס אמיתי 1 קג מר,אמירה,IT,קוסקוס אמיתי 1 קג מרקש,קילוגרמים,1.00,"ק""ג",false,1,15.90,15.9000,true,1,233899
8012901009367,false,קינוח טראפלס סולו אי,סולו,IT,קינוח טראפלס 100גר סולו איטליה,גרמים,100.00,100 גרם,false,8,6.90,6.9000,true,1,314322
8012901009374,false,קינוח לימונצ'לו סולו,סולו,IT,קינוח לימונצלו 90 גר סולו איטליה,Unknown,0.00,Unknown,false,8,6.90,0.0000,true,1,314323
8012901012800,false,סולו איטליה קינוח טי,סולו,IT,קינוח טירמיסו 90גרם סולו איטליה,Unknown,0.00,Unknown,false,8,6.90,0.0000,true,1,327778
8013108003509,false,בונבוניירה מיקס שוקולד 160 גר CAFFAREL,CAFFAREL,IT,בונבוניירה קורנט מיקס שוקולד 165 גרם,גרמים,165.00,100 גרם,false,1,29.90,18.1212,true,1,325429
8013108003523,false,בונבוניירה אגוזי פיימונטה 165 ג CAFFAREL,CAFFAREL,IT,בונבוניירה קורנט אגוזי פיימונטה 165 גרם,גרמים,165.00,100 גרם,false,1,29.90,18.1212,true,1,325428
8013108003547,false,בונבוניירה נוציולאטו 165 גר CAFFAREL,CAFFAREL,IT,בונבוניירה קורנט נוציולאטו 165 גרם קפרל,גרמים,165.00,100 גרם,false,1,29.90,18.1212,true,1,325427
8013108005312,false,בונבוניירה קורנט קרמ,Lindt & Spr?ngli AG,IT,בונבוניירה קורנט קרמינו מריר 165 גרם,גרמים,165.00,100 גרם,false,1,29.90,18.1212,true,1,337027
8013108005329,false,בונ קורנט פיימונטה מריר 165 ג CAFFAREL,Lindt & Spr?ngli AG,IT,בונבוניירה קורנט פיימונטה מריר 165 גרם,גרמים,165.00,100 גרם,false,1,29.90,18.1212,true,1,337028
8013108005336,false,בונ קורנט נוציולאטו מריר 165 ג CAFFAR,,,בונבוניירה קורנט נוציולאטו מריר 165 גרם,גרמים,165.00,100 גרם,false,1,29.90,18.1212,true,1,337029
8013399145315,false,סוכריות סטיביה דיטרול תות 70 גרם,קלואטה איטליה,IT,סוכ.דיטורל תות רך 70 גר סטיביה,Unknown,0.00,Unknown,false,1,8.90,0.0000,true,1,239227
8013774010009,false,יין סילבאנר 750 מל,קנטינה די גבריאל,,יין סילבאנר 750 מל,מיליליטרים,750.00,"100 מ""ל",false,1,80.00,10.6667,true,1,311727
8014037002373,false,רולדה אישית מוטטה גי,BAULI,IT,רולדה אישית מוטטה גירלה 10 יח 280 גרם,גרמים,280.00,100 גרם,false,12,10.00,3.5714,true,1,338422
8014037008634,false,עוגה אישית מוטטה בונ,BAULI,IT,עוגה אישית מוטטה בונדי שוקולד מצופה 6 יח,גרמים,276.00,100 גרם,false,12,10.00,3.6232,true,1,338423
8014037008733,false,עוגה אישית מוטטה בונ,BAULI,IT,עוגה אישית מוטטה בונדי וניל מצופה 6 יח,גרמים,276.00,100 גרם,false,12,10.00,3.6232,true,1,338424
8014207001106,false,אטריות מוסקוני טליאט,,IT,אטריות מוסקוני טליאטלה 250 גרם עבודת יד,גרמים,250.00,100 גרם,false,12,14.90,5.9600,true,1,337390
8014207001205,false,אטריות מוסקוני פטוצי,,IT,אטריות מוסקוני פטוציני 250 גרם עבודת יד,גרמים,250.00,100 גרם,false,12,14.90,5.9600,true,1,337387
8014207001304,false,אטריות מוסקוני פפרדל,,IT,אטריות מוסקוני פפרדלה 250 גרם עבודת יד,גרמים,250.00,100 גרם,false,12,14.90,5.9600,true,1,337389
8014207001502,false,אטריות מוסקוני טליול,,IT,אטריות מוסקוני טליוליני 250 גרם עבודת יד,גרמים,250.00,100 גרם,false,12,14.90,5.9600,true,1,337391
8014207001601,false,פסטה מוסקוני תרד 250,,IT,פסטה מוסקוני תרד 250 גרם עבודת יד,גרמים,250.00,100 גרם,false,12,14.90,5.9600,true,1,337388
8014601011565,false,קמח קונדיטוריה קאפוט,קאפוטו,IT,קמח קונדיטוריה קאפוטו 1 קג,קילוגרמים,1.00,"ק""ג",false,10,12.90,12.9000,true,1,326600
8014601012456,false,קמח נובולה קאפוטו 1,קאפוטו,IT,קמח נובולה קאפוטו 1 קג,קילוגרמים,1.00,"ק""ג",false,10,15.90,15.9000,true,1,326601
8014601026354,false,"קמח ""00"" איטלקי לפיצה שף אדום 1 ק""ג",אנטימו קפוטו אס.אר.אל,IT,קמח פיצה שף קאפוטו אדום 1 קג,קילוגרמים,1.00,"ק""ג",false,10,13.90,13.9000,true,1,326598
8014601028747,false,קמח 00 איטלקי כחול 1 קג CAPUTO,אנטימו קפוטו אס.אר.אל,IT,קמח אקסטרא קאפוטו לכל מטרה כחול 1 קג,קילוגרמים,1.00,"ק""ג",false,10,11.90,11.9000,true,1,326599
8014601999870,false,"קמח סמולינה דורום 1 ק""ג",אנטימו קפוטו אס.אר.אל,IT,סמולינה קאפוטו טחינה כפולה צהוב 1 קג,קילוגרמים,1.00,"ק""ג",false,10,13.90,13.9000,true,1,326583
8014745015092,false,גבינת בורטה 120גר קפ,,IT,גבינת בורטה 120גר קפואה,גרמים,120.00,100 גרם,false,1,19.90,16.5833,true,1,320450
8015565030203,false,חטיף קרקר עם רוזמרין175ג,לוריארי אס אל אר,IT,קרקר לאוריירי טעם רוזמרין 175גרם,גרמים,175.00,100 גרם,false,15,10.90,6.2286,true,1,337962
8015565030241,false,חטיף קרקר עם מלח ים175ג,לוריארי אס אל אר,IT,קרקר לאוריירי טעם מלוח 175גרם,גרמים,175.00,100 גרם,false,15,10.90,6.2286,true,1,337963
8015565030258,false,חטיף קרקר טעם פיצה 175 ג,לוריארי אס אל אר,IT,קרקר לאוריירי טעם פיצה 175גרם,גרמים,175.00,100 גרם,false,15,10.90,6.2286,true,1,337961
8015565030654,false,קרקר לאוריירי טעם פט,,IT,קרקר לאוריירי טעם פטריות כמהין175גר,גרמים,175.00,100 גרם,false,15,10.90,6.2286,true,1,337960
8015565030906,false,צנימים לאוריירי טעם,,IT,צנימים לאוריירי טעם פסטו 150גרם,גרמים,150.00,100 גרם,false,15,10.90,7.2667,true,1,337964
8015565030913,false,צנימים לאוריירי טעם,,IT,צנימים לאוריירי טעם רוטב פיצה150גרם,גרמים,150.00,100 גרם,false,15,10.90,7.2667,true,1,337965
8015822000031,false,יין אדום לה גרולה אל,איטליה אלגריני (Cort,,יין אדום לה גרולה אלגריני 750מל פקדון,מיליליטרים,750.00,"100 מ""ל",false,1,135.00,18.0000,true,1,230887
8015822000178,false,יין פאלאצו דלה טורה 750 מל,איטליה אלגריני (Cort,,יין אדום פלצו דלה טורה 750מל פקדון,מיליליטרים,750.00,"100 מ""ל",false,1,110.00,14.6667,true,1,230888
8015822000253,false,יין לבן שרדונה קורטג,איטליה אלגריני (Cort,,יין לבן שרדונה קורטגיארה 750 מל פקדון,מיליליטרים,750.00,"100 מ""ל",false,1,45.00,6.0000,true,1,230705
8015822000260,false,יין לבן קורטגיארה די,איטליה אלגריני (Cort,,יין לבן קורטגיארה דינו גריגיו 750 מל פק,מיליליטרים,750.00,"100 מ""ל",false,1,60.00,8.0000,true,1,230704
8015822000413,false,יין אדום אמרונה קורט,איטליה אלגריני (Cort,,יין אדום אמרונה קורטגיארה 750מל פקדון,מיליליטרים,750.00,"100 מ""ל",false,1,160.00,21.3333,true,1,230890
8015822010078,false,יין אדום ולפוליצלה ק,איטליה אלגריני (Cort,,יין אדום ולפוליצלה קורטגיארה 750מל פקדון,מיליליטרים,750.00,"100 מ""ל",false,1,60.00,8.0000,true,1,230891
8015822010092,false,יין לבן סואבה קורטגי,איטליה אלגריני (Cort,,יין אדום סואבה קורטגיארה 750 מל פקדון,מיליליטרים,750.00,"100 מ""ל",false,1,45.00,6.0000,true,1,230826
8015822010108,false,יין רוזה ברדולינו קי,איטליה אלגריני (Cort,,יין ברדולינו קיארטו קורטגיארה אלגריני 75,מיליליטרים,750.00,"100 מ""ל",false,1,45.00,6.0000,true,1,234655
8015822010115,false,יין אדום ריפאסו קורט,איטליה אלגריני (Cort,,יין אדום ריפאסו קורטגיארה 750מל פקדון,מיליליטרים,750.00,"100 מ""ל",false,1,70.00,9.3333,true,1,230626
8015822010184,false,יין לבן סואבה אלגרינ,איטליה אלגריני (Cort,,יין אדום סואבה אלגריני 750 מל פקדון,מיליליטרים,750.00,"100 מ""ל",false,1,65.00,8.6667,true,1,230825
8015822010474,false,יין אדום ולפוליצלה ס,איטליה אלגריני (Cort,,יין אדום ולפוליצלה סופריורה 750מל פקדון,מיליליטרים,750.00,"100 מ""ל",false,1,70.00,9.3333,true,1,230625
8015997000607,false,מאריני- בישקוטים פריכים 200 גרם,Biscottificio Verona,,בישקוטים פריכים מאריני 200 גר,גרמים,200.00,100 גרם,false,1,6.90,3.4500,true,1,317924
8015997000911,false,מאריני- בישקוטים פריכים 200 גרם,Biscottificio Verona,,בישקוטים פריכים מאריני 200 גר,גרמים,200.00,100 גרם,false,1,6.90,3.4500,true,1,308974
8016001000019,false,יין אדום ברולו פרונו,איטליה אנטינורי,,יין אדום ברולו פרונוטו 750מל פקדון,מיליליטרים,750.00,"100 מ""ל",false,1,190.00,25.3333,true,1,230618
8016001000026,false,יין אדום ברברסקו פרו,איטליה אנטינורי,,יין אדום ברברסקו פרונוטו 750 מל פקדון,מיליליטרים,750.00,"100 מ""ל",false,1,150.00,20.0000,true,1,230885
8016001000040,false,יין אדום ברברה דאסטי,איטליה אנטינורי,,יין אדום ברברה דאסטי פיולוט 750מל פקדון,מיליליטרים,750.00,"100 מ""ל",false,1,60.00,8.0000,true,1,230620
8016001000101,false,יין מוסקטו דאסטי פרו,איטליה אנטינורי,,יין מוסקטו דאסטי 750 מל פיקדון,מיליליטרים,750.00,"100 מ""ל",false,1,65.00,8.6667,true,1,225750
8016001000682,false,יין אדום מומפרטונה פ,איטליה אנטינורי,,"יין אדום מומפרטונה 750 מ""ל פקדון",מיליליטרים,750.00,"100 מ""ל",false,1,80.00,10.6667,true,1,230699
8016001001689,false,יין אדום ניצה באנזלה,,IT,יין ניצה באנזלה 750 מל,מיליליטרים,750.00,"100 מ""ל",false,6,85.00,11.3333,true,1,319854
8016608003215,false,יין קיאנטי סנטה טרינ,איטליה לה קיאנטי ג'י,,יין קיאנטי סנטה טרינטיה 750 מל פיקדון,מיליליטרים,750.00,"100 מ""ל",false,1,45.00,6.0000,true,1,237215
8016608003437,false,יין קיאנטי לה קיאנטי,איטליה לה קיאנטי ג'י,,יין קיאנטי לוגיה דל סול 750מל פקדון,מיליליטרים,750.00,"100 מ""ל",false,1,40.00,5.3333,true,1,231752
8016760001548,false,יין אדום נארו קול דא,איטליה קול ד'אורצ'יה,,יין אדום נארו קול דאורציה 750 מל פקדון,מיליליטרים,750.00,"100 מ""ל",false,1,115.00,15.3333,true,1,245835
8016867002646,false,מגן תחתון אורגניק ארוך במיוחד 20 יח,CORMAN,IT,מגן תחתון ארוך במיוחד,יחידה,24.00,יחידה,false,12,19.90,0.8292,true,1,243180
8016867003056,false,שטיפה אינטימית 250מל,,,שטיפה אינטימית 250מל אורגנית,מיליליטרים,250.00,"100 מ""ל",false,1,46.90,18.7600,true,1,337589
8016867008860,false,מגבונים אינטימיים 20,,IL,מגבונים אינטימיים 20יח כותנה אורגנית,יחידה,20.00,יחידה,false,1,24.90,1.2450,true,1,337593
8016867008945,false,מגן תחתון 24 אורגניק באריזת תפזורת,corman,IT,מגן תחתון 24יח באריזה כותנה אורגנית,יחידה,24.00,יחידה,false,1,19.90,0.8292,true,1,235132
8016867008976,false,טמפונים עם מוליך רגולר אורגניק,COTTON HITEC,DE,"טמפונים עם מוליך, רגולר",יחידה,16.00,יחידה,false,6,28.90,1.8062,true,1,235135
8016867009904,false,טמפונים ללא מוליך סופר פלוס אורגניק,ONTEX,,טמפונים ללא מוליך סופר+ 16יח אורגניק זון,יחידה,16.00,יחידה,false,1,24.90,1.5562,true,1,317594
8016867009911,false,טמפונים ללא מוליך סופר אורגניק,ontex,DE,טמפונים ללא מוליך סופר,יחידה,16.00,יחידה,false,12,24.90,1.5562,true,1,235134
8016867009928,false,טמפונים ללא מוליך רגולר אורגניק,ZONE ORGANYC,DE,"טמפונים ללא מוליך, רגולר",יחידה,16.00,יחידה,false,12,24.90,1.5562,true,1,235133
8016867009935,false,תחבושות דקות 03 לזרימה מוגברת אורגניק,corman,IT,תחבושות דקות לזרימה מוגברת10יח אורגניקזו,יחידה,10.00,יחידה,false,1,26.90,2.6900,true,1,235138
8016867009959,false,מגן תחתון באריזה אישית אורגניק,CORMAN,,מגן תחתון 24יח אריזה אישית כותנה אורגנית,יחידה,24.00,יחידה,false,1,20.00,0.8333,true,1,323498
8016867012584,false,תחבושת עבה עם כנפיים,CORMAN,,תחבושת עבה עם כנפיים לספיגה מוגברת 10יח,יחידה,10.00,יחידה,false,12,29.90,2.9900,true,1,328082
8016867015080,false,מגן תחתון תפזורת 48,,,מגן תחתון 48 יחידות כותנה אורגנית,יחידה,48.00,יחידה,false,1,27.90,0.5812,true,1,337588
8017070766530,false,קרקרים בתיבול רוזמרין 150 גרם,,IT,קרקר דק קאזה מילו רוזמרין 150 גרם,גרמים,150.00,100 גרם,false,12,10.90,7.2667,true,1,336467
8017070766554,false,קרקר סקיני קלאסי 150 גרם,,IT,קרקר דק קאזה מילו קלאסי 150 גרם,גרמים,150.00,100 גרם,false,12,10.90,7.2667,true,1,336465
8017070766578,false,קרקרים בתיבול עגבניות ואורגנו 150 גרם,,IT,קרקר דק קאזה מילו עגבניות אורגנו 150 גרם,גרמים,150.00,100 גרם,false,12,10.90,7.2667,true,1,336466
8017070766615,false,קרקרים בתוספת זרעי ציה 150 גרם,,IT,קרקר דק קאזה מילו זרעי ציה 150 גרם,גרמים,150.00,100 גרם,false,12,10.90,7.2667,true,1,336468
8017494062034,false,יין וילה סנדי פרוסקו,וילה סנדי,IT,יין וילה סנדי פרוסקו 750 מל פקדון,מיליליטרים,750.00,"100 מ""ל",false,6,60.00,8.0000,true,1,317122
8017494077038,false,יין וילה סנדי מוסקטו,,,יין וילה סנדי מוסקטו דולצה 750 מל פיקדון,מיליליטרים,750.00,"100 מ""ל",false,1,45.00,6.0000,true,1,226445
8017494738014,false,יין וילה סאנדי פרוסק,,,יין וילה סאנדי פרוסקו רוזה ברוט 750 מל,מיליליטרים,750.00,"100 מ""ל",false,1,60.00,8.0000,true,1,333436
8017704000948,false,יין לנגה נביולו קורד,קורדרו די מונטזמולו,,יין לנגה נביולו קורדרו 750 מל,מיליליטרים,750.00,"100 מ""ל",false,1,110.00,14.6667,true,1,308897
8017704000955,false,יין לנגה ארנייז קורד,איטליה קורדרו די מונ,,יין לנגה ארנייז קורדרו די מונטזמולו 750מ,מיליליטרים,750.00,"100 מ""ל",false,1,75.00,10.0000,true,1,234344
8017746286539,false,"יין קיאנטי פוגיו סו וינצי 750 מ""ל",פוגיו אל טאזורו,,יין קיאנטי פוגיו סו וינצי 750 מל,מיליליטרים,750.00,"100 מ""ל",false,1,60.00,8.0000,true,1,309894
8017938005122,false,חומץ תפוחים אורגני 750מל,מריה לוצ'יה מלצ'יורי,IT,חומץ תפוחים אורגני ביוטרנטינו 750מל,מיליליטרים,750.00,"100 מ""ל",false,12,20.00,2.6667,true,1,299716
8017938005146,false,"מיץ אוכמניות אורגני 330 מ""ל ביוטרנטינו",ביוטרנטינו,GB,מיץ אוכמניות אורגני 330 מלביוטרנטינו,מיליליטרים,330.00,"100 מ""ל",false,12,39.90,12.0909,true,1,325893
8017938005764,false,נטורפוד-מיץ תפוחים 100% אורגני 1 ליטר,לוצ'ה מריה,IT,מיץ תפוחים אורגני 1ליטר נטורפוד,ליטרים,1.00,ליטר,false,12,19.90,19.9000,true,1,307612
8019428000013,false,משקה אורז אורגני 1 ליטר,,,משקה אורז אורגני 1 ל,ליטרים,1.00,ליטר,false,1,12.90,12.9000,true,1,246581
8019428000099,false,משקה אורז אורגני בתוספת שקדים 1 ליטר,the bridge,IT,משקה אורז שקדים אורגני 1 ל,ליטרים,1.00,ליטר,false,1,12.90,12.9000,true,1,246582
8019428000105,false,משקה שיבולת שועל אורגני 1 ליטר,the bridge,IT,משקה שיבולת שועל 1ליטר,ליטרים,1.00,ליטר,false,1,12.90,12.9000,true,1,311287
8019428007005,false,משקה סויה אורגני 1 ליטר,the bridge,IT,משקה סויה אורגני 1 ל,ליטרים,1.00,ליטר,false,1,12.90,12.9000,true,1,246583
8019428007111,false,משקה שקדים אורגני 1 ליטר,THE BRIDGE,IT,משקה שקדים אמנדה אורגני 1 ל,ליטרים,1.00,ליטר,false,1,19.90,19.9000,true,1,295964
8019428007357,false,משקה אגוז ברזיל אורגני 1 ליטר,דה ברידג,IT,משקה אגוז ברזיל 1 ליטר קרטון,ליטרים,1.00,ליטר,false,1,15.90,15.9000,true,1,313458
8019428007364,false,משקה קוקוס אורגני 1 ליטר,דה ברידג,IT,משקה קוקוס 1ליטר קרטון,ליטרים,1.00,ליטר,false,1,14.90,14.9000,true,1,313492
8019428009078,false,מעדן אורז אורגני וני,The Bridge S.R.L,IT,מעדן אורז אורגני וניל 130 גר זוג,יחידה,130.00,יחידה,false,6,10.90,0.0838,true,1,335046
8019428009085,false,מעדן אורז אורגני שוק,The Bridge S.R.L,IT,מעדן אורז אורגני שוקולד 130 גר זוג,יחידה,130.00,יחידה,false,6,10.90,0.0838,true,1,335045
8019428009108,false,זוג מעדן שיבולת שועל אורגני -וניל 260 גרם,דה ברידג' ס.ר.ל,IT,מעדן שיבולת שועל וניל אורגני 130גר זוג,יחידה,130.00,יחידה,false,6,10.90,0.0838,true,1,335048
8019428009122,false,מעדן שיבולת שועל שוק,דה ברידג' ס.ר.ל,IT,מעדן שיבולת שועל אורגני 130 גר זוג,יחידה,130.00,יחידה,false,6,10.90,0.0838,true,1,335047
8019787003274,false,יין קולפיאנו ארנלדו,איטליה ארנלדו קאפראי,,יין קולפיאנו ארנלדו קאפראי 750 מל פקדון,מיליליטרים,750.00,"100 מ""ל",false,1,235.00,31.3333,true,1,233148
8019787003311,false,יין סגרנטינו 25 שנה,איטליה ארנלדו קאפראי,,יין סגרנטינו 25 שנה ארנלדו קאפראי 750מל,מיליליטרים,750.00,"100 מ""ל",false,1,395.00,52.6667,true,1,233149
8020735007008,false,יין לה סנרטה אדום פל,איטליה קלאווזנה,,יין לה סנרטה אדום פלאנטה 750 מל,מיליליטרים,750.00,"100 מ""ל",false,1,60.00,8.0000,true,1,307397
8021423011499,false,רבעי ארטישוק על הגריל בשמן חמניות 510 ג' (12),אהלרומנה,,רבעי ארטישוק על הגריל 510 גר,גרמים,510.00,100 גרם,false,1,30.00,5.8824,true,1,244484
8021904003111,false,יין גראן אפאסי אפסיט,,,יין גראן אפאסי אפסיטה 750 מל,מיליליטרים,750.00,"100 מ""ל",false,1,60.00,8.0000,true,1,333440
8021904031114,false,יין גראן אפאסי שרדונ,,,יין גראן אפאסי שרדונה 750 מל,מיליליטרים,750.00,"100 מ""ל",false,1,60.00,8.0000,true,1,333441
8021904060114,false,יין גראן אפאסי פרימי,,,יין גראן אפאסי פרימיטיבו 750 מל,מיליליטרים,750.00,"100 מ""ל",false,1,110.00,14.6667,true,1,333442
8022470213386,false,דרגיה שקד חלב 500 גר PRISCO MAX,ITALIANA CONFETTI-PR,IT,סוכ.דרגה שקד חלב 500 גר מקס,גרמים,500.00,100 גרם,false,12,35.90,7.1800,true,1,325434
8022470213393,false,דרגיה שקד מריר 500 גר PRISCO MAX,ITALIANA CONFETTI-PR,IT,סוכ.דרגה שקד מריר 500 גר מקס,גרמים,500.00,100 גרם,false,12,35.90,7.1800,true,1,325435
8022470213478,false,דרגיה דובדובן לבן 500 גר PRISCO MAX,,IT,סוכ.דרגה דובדבן חלב 500גר מקס,גרמים,500.00,100 גרם,false,10,35.90,7.1800,true,1,325438
8022470213485,false,דרגיה דובדובן מריר 500 ג PRISCO MAX,ITALIANA CONFETTI-PR,IT,סוכ.דרגה דובדבן מריר 500גר מקס,גרמים,500.00,100 גרם,false,10,35.90,7.1800,true,1,325439
8022470213508,false,דרגיה צימוקים חלב 500 גר PRISCO MAX,,IT,סוכ.דרגה צימוקים חלב 500 גר מקס,גרמים,500.00,100 גרם,false,12,29.90,5.9800,true,1,325432
8022470213515,false,דרגיה צימוקים מריר 500 גר PRISCO MAX,ITALIANA CONFETTI-PR,IT,סוכ.דרגה צימוקים מריר 500 גר מקס,גרמים,500.00,100 גרם,false,12,29.90,5.9800,true,1,325433
8022470226362,false,דרגיה קשיו חלב 500 גר PRISCO MAX,ITALIANA CONFETTI-PR,IT,דרגה פריסקו קשיו שוקולד חלב 500 גרם,גרמים,500.00,100 גרם,false,12,35.90,7.1800,true,1,325440
8022470226379,false,דרגיה קשיו מריר 500 גר PRISCO MAX,ITALIANA CONFETTI-PR,IT,דרגה פריסקו קשיו שוקולד מריר 500 גרם,גרמים,500.00,100 גרם,false,12,35.90,7.1800,true,1,325441
8022470253597,false,סוכריות פארטי אנד גו,,IT,סוכריות פארטי אנד גו עדשים כוכבי 250 גרם,גרמים,250.00,100 גרם,false,10,14.90,5.9600,true,1,327080
8023354024418,false,יין טראמארי רוזה 750,סאן מרזאנו,IT,יין טראמארי רוזה 750 מל,מיליליטרים,750.00,"100 מ""ל",false,6,60.00,8.0000,true,1,319855
8023354040111,false,יין נגרואמארו איל פו,,,יין נגרואמארו איל פומו 750 מל,מיליליטרים,750.00,"100 מ""ל",false,1,45.00,6.0000,true,1,311730
8023354051919,false,יין סאליצה סאלנטינו,,IT,יין סאליצה סאלנטינו טאלו 750 מל,מיליליטרים,750.00,"100 מ""ל",false,6,60.00,8.0000,true,1,319857
8023354131918,false,יין פרימיטיבו די מנד,סאן מרזאנו,IT,יין פרימיטיבו די מנדוריה טאלו 750 מל,מיליליטרים,750.00,"100 מ""ל",false,6,65.00,8.6667,true,1,319858
8023354133714,false,יין פרימיטיבו מנדורי,סאן מרזאנו,IT,יין פרימיטיבו מנדוריה ססאנטאני 750 מל,מיליליטרים,750.00,"100 מ""ל",false,6,129.00,17.2000,true,1,319856
8023492000091,false,סטיק שוקולד גינדויה חלב עם אגוז 150 DG 3,די.גי 3 דולצאריה ס.ר,IT,שוקולד גיאנדויה חלב אגוז 150 גרם,גרמים,150.00,100 גרם,false,24,15.90,10.6000,true,1,301379
8023492000237,false,סטיק נוגט טורונה שקד,די.גי 3 דולצאריה ס.ר,IT,טורונה גיאנדויה שקד ופיסטוק 150 גרם,גרמים,150.00,100 גרם,false,24,15.90,10.6000,true,1,327078
8023492000336,false,סטיק שוקולד מריר עם אגוזים 150 גר DG 3,די.גי 3 דולצאריה ס.ר,IT,שוקולד גיאנדויה מריר אגוז 150 גרם,גרמים,150.00,100 גרם,false,24,15.90,10.6000,true,1,301380
8023492000671,false,סטיק שוקולד מריר אגוזים ותפוז 150 ג DG 3,די.גי 3 דולצאריה ס.ר,IT,שוקולד גיאנדויה מריר אגוז ותפוז 150 גרם,גרמים,150.00,100 גרם,false,24,15.90,10.6000,true,1,328707
8023492004327,false,טורונה גיאנדויה אגוז,די.גי 3 דולצאריה ס.ר,IT,טורונה גיאנדויה אגוזי לוז 150 גרם,גרמים,150.00,100 גרם,false,24,15.90,10.6000,true,1,328708
8023492004334,false,טורונה גיאנדויה שקדי,די.גי 3 דולצאריה ס.ר,IT,טורונה גיאנדויה שקדים 150 גרם,גרמים,150.00,100 גרם,false,24,15.90,10.6000,true,1,329136
8023492004341,false,שוקולד גיאנדויה פיסט,די.גי 3 דולצאריה ס.ר,IT,שוקולד גיאנדויה פיסטוק ושקדים 150 גרם,גרמים,150.00,100 גרם,false,24,15.90,10.6000,true,1,328705
8023678161363,false,משקה שבלת שועל טבעי אורגני 1ל' ISOLA,איזולה ביו Isola Bio,IT,משקה שיבולת שועל אורגני 1 ליטר איזולה לי,ליטרים,1.00,ליטר,false,1,12.90,12.9000,true,1,308147
8023678161387,false,משקה סויה אורגני 1 ליטר ISOLA,איזולה ביו Isola Bio,,משקה סויה אורגני 1 ליטר איזולה ליב,ליטרים,1.00,ליטר,false,1,11.90,11.9000,true,1,231451
8023678162476,false,משקה אורז שקדים אורגני1ל,אבאפודס,IT,משקה אורז שקד טבעי אורגני איזולה 1 ליטר,ליטרים,1.00,ליטר,false,1,12.90,12.9000,true,1,308149
8023678164517,false,משקה שקדים ללא סוכר טבעי אורגני 1ליטר ISOLA,איזולה ביו Isola Bio,IT,משקה שקדים ללס אורגני איזולה 1 לי,ליטרים,1.00,ליטר,false,1,14.90,14.9000,true,1,326130
8023678728290,false,משקה איזולה סויה בריסטה 1 ליטר,,IT,משקה סויה בריסטה אורגני איזולה 1 לי,ליטרים,1.00,ליטר,false,1,12.90,12.9000,true,1,326129
8023678728832,false,משקה איזולה שיבולת שועל בריסטה 1 ליטר,,,משקה שבולת שועל בריסטה אורגני איזולה,ליטרים,1.00,ליטר,false,1,12.90,12.9000,true,1,326128
8023678729013,false,משקה אורז ללא סוכר 1,,,משקה אורז ללא סוכר 1ליטר איזולה,ליטרים,1.00,ליטר,false,1,12.90,12.9000,true,1,327938
8023678729112,false,ISOLA משקה שיבולת שועל 0% סוכר 1 ליטר,,IT,משקה שיבולת שועל ללא סוכר 1ליטר איזולה,ליטרים,1.00,ליטר,false,1,12.90,12.9000,true,1,327937
8023678729822,false,משקה צמחי בטעם מעודן אורגני 1 ליטר ISOLA,,,משקה צמחי טעם מעודן איזולה 1 ליי,ליטרים,1.00,ליטר,false,1,12.90,12.9000,true,1,332975
8024985000062,false,מחית תפוח אורגני 100% פרי 200 גר נטורה,"נטורפוד בע""מ",IT,זוג מחית תפוח אורגנית 100% פרי 200 גרם,גרמים,200.00,100 גרם,false,1,9.90,4.9500,true,1,300213
8024985000079,false,מחית תפוח משמש 100% פרי 200 ג נטורה נובה,נטורה נובה,IT,זוג מחית משמש תפוח אורגנית100%פרי200 גרם,גרמים,200.00,100 גרם,false,1,9.90,4.9500,true,1,300214
8024985000086,false,נטורה נובה מחית תפוח בננה אורגנית 100% פרי 200 גרם,"נטורפוד בע""מ",IT,זוג מחית בננה תפוח אורגנית100%פרי200 גרם,גרמים,200.00,100 גרם,false,1,9.90,4.9500,true,1,300215
8024985000093,false,מחית תפוח שזיף 100% פרי 200 ג נטורה נובה,"נטורפוד בע""מ",IT,זוג מחית שזיף תפוח אורגנית100%פרי200 גרם,גרמים,200.00,100 גרם,false,1,9.90,4.9500,true,1,300218
8024985000109,false,מחית אגס אורגנ 100% פרי 200 ג נטורה נובה,"נטורפוד בע""מ",IT,זוג מחית אגס אורגנית100%פרי200 גרם,גרמים,200.00,100 גרם,false,1,9.90,4.9500,true,1,300216
8024985000116,false,נטורה נובה - מחית תפוח אוכמניות אורגנית 100% פרי,"נטורפוד בע""מ",IT,זוג מחית אוכמניות אורגנית100%פרי200 גרם,גרמים,200.00,100 גרם,false,1,9.90,4.9500,true,1,300217
8024985002783,false,סמוזי נטורה נובה גזר ודלעת 100 גרם,נטורה נובה Natura Nuova,IT,מחית סמוזי פירות גזר דלעת 100 גר נובה,גרמים,100.00,100 גרם,false,1,5.90,5.9000,true,1,314282
8024985002912,false,סמוזי אגס בטטה 100 גר נטורה נובה,נטורה נובה,IT,מחית סמוזי תפוח אגס בטטה 100 גר נובה,גרמים,100.00,100 גרם,false,18,5.90,5.9000,true,1,318213
8024985002943,false,סמוזי נטורה נובה תפוח אננס קוקוס 100 גרם,נטורה נובה,IT,מחית סמוזי תפוח אננס קוקוס 100 גר,גרמים,100.00,100 גרם,false,18,5.90,5.9000,true,1,324313
8024985002950,false,נטורה נובה-סמוזי שזיף אורגני 100 גרם,נטורה נובה,IT,מחית סמוזי שזיף אורגני 100 גר,גרמים,100.00,100 גרם,false,18,5.90,5.9000,true,1,324312
8024985002967,false,סמוזי נטורה נובה בננה תרד 100 גרם,נטורה נובה,IT,מחית סמוזי בננה תרד100 גר,גרמים,100.00,100 גרם,false,18,5.90,5.9000,true,1,324314
8024985004282,false,סמוזי אגס רביעיה 400 גר נטורה נובה,נטורה נובה,IT,מחית סמוזי מיקס פירות ל.ס 4 יח 100 גר,גרמים,400.00,100 גרם,false,1,19.90,4.9750,true,1,298940
8024985004299,false,סמוזי מעורב תפוח/פירות רביעיה 400 גר,נטורה נובה,IT,מחית סמוזי אגס אורגני ל.ס.4יח100גר,גרמים,400.00,100 גרם,false,1,19.90,4.9750,true,1,298942
8024985004695,false,נטורה נובה סמוזי בננה רביעייה 100 גרם,נטורה נובה,IT,מחית סמוזי בננה אורגני ל.ס.4יח100גר,גרמים,400.00,100 גרם,false,1,19.90,4.9750,true,1,298941
8024985005234,false,סמוזי נטורה נובה סמוצי תפוח מנגו 100 גרם,נטורה נובה,IT,מחית סמוזי תפוח אפרסק מנגו 100גר נטורה,גרמים,100.00,100 גרם,false,18,5.90,5.9000,true,1,307598
8024985005296,false,סמוזי אגס בננה תפוח וקינואה אורגני,נטורה נובה,IT,מחית סמוזי נטורה נובה קינואה120גר אורגני,גרמים,120.00,100 גרם,false,8,6.90,5.7500,true,1,307597
8024985005302,false,סמוזי תפוח רימון פטל אוכמנויות ואסאי אורגני,נטורה נובה,IT,מחית סמוזי נטורה נובה פירות 120גר אורגני,גרמים,120.00,100 גרם,false,8,6.90,5.7500,true,1,307596
8024985006309,false,סמוזי מנגו רביעיה 400 גר נטורה נובה,נטורה נובה,IT,מחית סמוזי מנגו ל.ס 4 יח 100 גר,גרמים,400.00,100 גרם,false,14,19.90,4.9750,true,1,318236
8024985006415,false,פרולה סמוזי בננה 90ג,נטורה נובה,IT,מחית סמוזי בננה 90 גר נובה,גרמים,90.00,100 גרם,false,1,5.90,6.5556,true,1,325887
8024985008037,false,סמוזי נטורה נובה סמוצי תפוח 100 גרם,"נטורפוד בע""מ",IT,מחית סמוזי תפוח 100גר נטורה נובה,גרמים,100.00,100 גרם,false,18,5.90,5.9000,true,1,307601
8024985008044,false,נטורה משקה סמודי אגסים אורגני 100 גר,"נטורפוד בע""מ",IT,מחית סמוזי אגס 100גר נטורה נובה,גרמים,100.00,100 גרם,false,18,5.90,5.9000,true,1,307600
8024985008051,false,נטורה סמודי פירות אדומים אורגניים 100מל,נטורה נובה Natura Nuova,IT,מחית סמוזי פירות אדומים 100גר נטורה נובה,גרמים,100.00,100 גרם,false,18,5.90,5.9000,true,1,307602
8026530000077,false,יין שרדונה פייטראביא,איטליה אנטינורי,,יין שרדונה פייטראביאנקה אנטינורי 750מל פ,מיליליטרים,750.00,"100 מ""ל",false,1,100.00,13.3333,true,1,231667
8026530000176,false,יין אדום טורציקודה ט,איטליה אנטינורי,,יין אדום טורציקודה טורמרסקה 750מל פקדון,מיליליטרים,750.00,"100 מ""ל",false,1,80.00,10.6667,true,1,230623
8026705101103,false,יין אמאנו אדום 750 מ,amano,,יין אמאנו אדום 750 מל,מיליליטרים,750.00,"100 מ""ל",false,1,60.00,8.0000,true,1,306742
8026705201018,false,יין אמאנו לבן 750 מל,amano,,יין אמאנו לבן 750 מל,מיליליטרים,750.00,"100 מ""ל",false,1,60.00,8.0000,true,1,306741
8026705301206,false,יין א-מאנו אימפרינט,א-מאנו,IT,יין א-מאנו אימפרינט אפסימנטו 750 מל,מיליליטרים,750.00,"100 מ""ל",false,6,70.00,9.3333,true,1,316623
8026705971119,false,יין א מאנו רוזה 750,א-מאנו,IT,יין א מאנו רוזה 750 מל,מיליליטרים,750.00,"100 מ""ל",false,6,60.00,8.0000,true,1,316622
8026879004019,false,יין לאנגה ברברה לואי,איטליה פודרי לואיג'י,,יין ברברה פיימונטה לואיגי 750 מל פקדון,מיליליטרים,750.00,"100 מ""ל",false,1,110.00,14.6667,true,1,232657
8027403009449,false,גריסיני קלאסי סולו ק,סולו קוסה בואנה,IT,גריסיני קלאסי סולו קסה 200 גרם,גרמים,200.00,100 גרם,false,1,19.90,9.9500,true,1,317450
8027403009517,false,גריסיני עם שמן זית ס,סולו קוסה בואנה,IT,גריסיני עם שמן זית סולו קסה 200 גרם,גרמים,200.00,100 גרם,false,1,19.90,9.9500,true,1,317449
8027403009708,false,קרקר איטלקי שומשום ס,סולו קוסה בואנה,IT,קרקר איטלקי שומשום סולו קאסה 200 גרם,גרמים,200.00,100 גרם,false,1,19.90,9.9500,true,1,322479
8028695004013,false,ארטישוק אלה רומנה בש,ITALCARCIOFI,,ארטישוק אלה רומנה בשמן 510 גרם,גרמים,510.00,100 גרם,false,1,34.90,6.8431,true,1,299279
8028695041919,false,זיתים ירוקים 530 CASTELVETRANO ג' ITALCARCIOFI,ITALCARCIOFI,,זיתים ירוקים שלמים כבושים 530 גרם,גרמים,530.00,100 גרם,false,1,19.90,3.7547,true,1,299283
8028695057385,false,צלפים שלמים בחומץ 66,ITALCARCIOFI,,צלפים שלמים בחומץ 660 גרם,גרמים,660.00,100 גרם,false,1,31.90,4.8333,true,1,318484
8028695200231,false,רבעי ארטישוק בשמן חמניות 530 ג' ITALCARCIOFI,ITALCARCIOFI,,ארטישוק רבעים בשמן חמניות 510 גרם,גרמים,510.00,100 גרם,false,1,24.90,4.8824,true,1,299281
8030050000035,false,יין פינו גריגיו לה ט,איטליה לה קיאנטי ג'י,,יין פינו גריגיו לה טונלה 750 מל,מיליליטרים,750.00,"100 מ""ל",false,1,80.00,10.6667,true,1,307392
8030050000066,false,יין סוביניון בלאן ל,איטליה לה קיאנטי ג'י,,יין סוביניון בלאן לה טונלה 750 מל,מיליליטרים,750.00,"100 מ""ל",false,1,80.00,10.6667,true,1,307393
8030050000080,false,יין ביאנקוססטו לה טו,איטליה לה קיאנטי ג'י,,יין ביאנקוססטו לה טונלה 750 מל,מיליליטרים,750.00,"100 מ""ל",false,1,110.00,14.6667,true,1,307395
8032523530452,false,ממרח פיסטוק פיסטי אי,פיסטי,IT,ממרח פיסטוק פיסטי איטלקי 200 גרם,גרמים,200.00,100 גרם,false,10,35.90,17.9500,true,1,336377
8032685196770,false,עגבניות אורגניות מקולפות 400 גרם SOLANIA,נטורפוד,IT,עגבניות מקולפות אורגניות 400 גר,גרמים,400.00,100 גרם,false,24,6.90,1.7250,true,1,307603
8032685196787,false,עגבניות אורגניות חתוכות 400 גרם SOLANIA,פתח תקווה,IT,עגבניות חתוכות אורגניות 400 גר,גרמים,400.00,100 גרם,false,24,6.90,1.7250,true,1,307604
8032685196800,false,נטורפוד עגבניות אורגניות מרוסקות 700 גרם,פתח תקווה,IT,עגבניות מרוסקות אורגניות 700גר,גרמים,700.00,100 גרם,false,12,10.00,1.4286,true,1,307605
8032738680003,false,יין ויואלדי אמרונה 7,,,יין ויואלדי אמרונה 750 מל,מיליליטרים,750.00,"100 מ""ל",false,6,129.00,17.2000,true,1,327003
8032738680010,false,יין ויואלדי ריפאסו 7,,,יין ויואלדי ריפאסו 750 מל,מיליליטרים,750.00,"100 מ""ל",false,6,65.00,8.6667,true,1,327004
8032738680164,false,יין ויואלדי פינו גרי,,,יין ויואלדי פינו גריגיו 750 מל,מיליליטרים,750.00,"100 מ""ל",false,12,45.00,6.0000,true,1,327006
8032738680171,false,יין ויואלדי וולפופול,,,יין ויואלדי וולפופוליצלה 750 מל,מיליליטרים,750.00,"100 מ""ל",false,12,60.00,8.0000,true,1,327005
8032793151425,false,יין טלאמונטי טרבי טר,,,יין טלאמונטי טרבי טראביאנו 750 מל,מיליליטרים,750.00,"100 מ""ל",false,1,45.00,6.0000,true,1,313135
8032793151920,false,יין טלאמונטי טרהבוצי,,,יין טלאמונטי טרהבוציטו פקורינו 750 מל,מיליליטרים,750.00,"100 מ""ל",false,1,65.00,8.6667,true,1,314947
8032793153320,false,יין טלאמונטי מודה מו,,,יין טלאמונטי מודה מונפולציטנו 750 מל,מיליליטרים,750.00,"100 מ""ל",false,1,45.00,6.0000,true,1,313136
8032793154327,false,יין טלאמונטי דה סאגי,,,יין טלאמונטי דה סאגי מונטפולציאנו 750 מל,מיליליטרים,750.00,"100 מ""ל",false,1,65.00,8.6667,true,1,314948
8032804430471,false,פליסיה קופסא - סדניני עדשים אדומות 250 גרם,אף.סי תבליני בגליל ב,IT,פסטה100%עדשים אדומות אורגנית250גרם,גרמים,250.00,100 גרם,false,1,14.90,5.9600,true,1,300020
8032804430501,false,פליסיה קופסא פוזילי אפונה ירוקה נטורפוד 250 גרם,אף.סי תבליני בגליל ב,IT,פסטה100%קמח אפונה ירוקה אורגנית250גרם,גרמים,250.00,100 גרם,false,12,14.90,5.9600,true,1,300019
8032804430761,false,לזניה עדשים צהובות פליסיה 250 גרם,אף.סי תבליני בגליל ב,IT,פליסיה לזניה עדשים צהובות אורגני 250 גר,גרמים,250.00,100 גרם,false,12,19.90,7.9600,true,1,318223
8032804430815,false,פליסיה פוזילי שעועית מש אורגני 250 גרם,אנדריאני,IT,פליסיה מוזלי שעועית מש אורגני 250 גר,גרמים,250.00,100 גרם,false,12,14.90,5.9600,true,1,318218
8032804430846,false,פליסיה פוזילי חומוס אורגני 250 גרם,אנדריאני,IT,פליסיה פוזילי חומוס אורגני 250 גר,גרמים,250.00,100 גרם,false,12,14.90,5.9600,true,1,318224
8032804430914,false,"פנה שיבולת שועל לל""ג פליסיה 340 גרם",אף.סי תבליני בגליל ב,IT,פליסיה פנה שבולת שועל ללא גלוטן 340 גר,גרמים,340.00,100 גרם,false,12,16.90,4.9706,true,1,319233
8032804431287,false,פליסיה קופסא - ספגטי אורז מלא אורגני 400 גרם,פליסיה Felicia Bio,IT,ספגטי אורז מלא פליסיה אורגני 500 גרם,גרמים,500.00,100 גרם,false,12,14.90,2.9800,true,1,299727
8032804432024,false,דפי לזניה אורז-תירס אורגנית ללא גלוטן,מולינו אנדריאני,IT,לזניה אורז ותירס פליסיה אורגני 250 גרם,גרמים,250.00,100 גרם,false,1,19.90,7.9600,true,1,299726
8032804435636,false,אטריות פוזילי אורגניות 4 דגנים ללא גלוטן,פליסיה Felicia Bio,IT,פסטה פוזילי 4דגנים פליסיה אורגני340ג,גרמים,340.00,100 גרם,false,12,12.90,3.7941,true,1,299730
8032817240319,false,אגרומנטה רוטב עגבניות שרי,מנורה,IT,רוטב עגבניות שרי 330 גר אגרומונטה,גרמים,330.00,100 גרם,false,1,13.90,4.2121,true,1,230034
8032817246045,false,רוטב עגבניות שרי בזי,AGROMONTE,,רוטב עגבניות שרי בזיליקום330 אגרומונטה,גרמים,330.00,100 גרם,false,1,13.90,4.2121,true,1,300420
8032825760069,false,יין לוגאנה לה ציבאיי,,,יין לוגאנה לה ציבאייה מונטה זובו 750,מיליליטרים,750.00,"100 מ""ל",false,6,80.00,10.6667,true,1,337497
8032825760137,false,יין אמרונה מונטה זוב,מונטה זובו,,יין אמרונה דלה ולפוליצלה 750 מל,מיליליטרים,750.00,"100 מ""ל",false,1,185.00,24.6667,true,1,308887
8032825760212,false,יין ריפאסו מונטה זוב,מונטה זובו,,יין ולפוליצילה ריפאסו 750 מל,מיליליטרים,750.00,"100 מ""ל",false,1,85.00,11.3333,true,1,308893
8032825760304,false,יין פינו גריגיו מונט,,,יין פינו גריגיו מונטה זובו 750 מל,מיליליטרים,750.00,"100 מ""ל",false,6,60.00,8.0000,true,1,337498
8032825760403,false,יין ברדולינו מונטה ז,מונטה זובו,,יין ברדולינו מונטה זובו 750 מל,מיליליטרים,750.00,"100 מ""ל",false,1,60.00,8.0000,true,1,308889
8032825760786,false,יין סוביניון בלאן או,,,יין סוביניון בלאן אולטר מונטה זובו 750,מיליליטרים,750.00,"100 מ""ל",false,6,80.00,10.6667,true,1,337496
8032825760809,false,יין פינו קרוצוונטו מ,,,יין פינו קרוצוונטו מונטה זובו 750 מל,מיליליטרים,750.00,"100 מ""ל",false,6,110.00,14.6667,true,1,337495
8032825760823,false,יין רוסו ורונזה קאלי,,,יין רוסו ורונזה קאלינורנו מונטה זובו 75,מיליליטרים,750.00,"100 מ""ל",false,6,110.00,14.6667,true,1,337494
8032853723715,false,יין רוסו קונרו סראנו,אומני רונקי,,יין רוסו קונרו סראנו 750 מל,מיליליטרים,750.00,"100 מ""ל",false,1,59.70,7.9600,true,1,308908
8032853729519,false,יין אדום מונטפולציאנ,איטליה אומני רונקי,,יין אדום מונטפולציאנו דאברוצו 750מל פקדו,מיליליטרים,750.00,"100 מ""ל",false,1,45.00,6.0000,true,1,230630
8032880800243,false,פיקניק הפתעה - אגוזי לוז ומקלות אפויים,"הוסטה איטליה, ס.ר.ל.",IT,פיקניק הפתעה 50 גר,Unknown,0.00,Unknown,false,1,6.90,0.0000,true,1,224285
8032937583105,false,יין אנגנטיירה פוגיו,ארגנטיירה,IT,יין אנגנטיירה פוגיו אי גינפרי 750 מל,מיליליטרים,750.00,"100 מ""ל",false,6,100.00,13.3333,true,1,316625
8032942611657,false,קוסקוס תרד אורגני מר,סיפה אינטרנשיונל אס,IT,קוסקוס תרד אורגני מרטינו 400גר,גרמים,400.00,100 גרם,false,12,13.90,3.4750,true,1,328915
8032993003371,false,לזניה ביצים 250 גר פ,,,לזניה ביצים 250 גר פילוטה,גרמים,250.00,100 גרם,false,1,22.90,9.1600,true,1,320793
8032993003388,false,פסטה ביצים פטוציני 2,,,פסטה ביצים פטוציני 250 גר פילוטה,גרמים,250.00,100 גרם,false,1,20.90,8.3600,true,1,321423
8032993003395,false,פסטה לינגוויני ביצים,,,פסטה לינגוויני ביצים 250 גר פילוטה,גרמים,250.00,100 גרם,false,1,20.90,8.3600,true,1,322051
8032993003401,false,פסטה ביצים פפרדלה 25,,,פסטה ביצים פפרדלה 250 גר פילוטה,גרמים,250.00,100 גרם,false,1,20.90,8.3600,true,1,321377
8033020445973,false,"PIVETTI קמח 00 לכל מטרה 1 ק""ג",פיווטי Pivetti,IT,קמח איטלקי 00 רב תכליתי 1 קג פיווטי,קילוגרמים,1.00,"ק""ג",false,1,8.90,8.9000,true,1,317420
8033020445980,false,"קמח לפסטה 1 pasta fresca ק""ג 00 PIVETTI",PIVETTI,IT,קמח לפסטה טריה איטלקי 1 קג פיווטי,קילוגרמים,1.00,"ק""ג",false,1,14.90,14.9000,true,1,318157
8033020445997,false,"קמח איטלקי ללחמים 1 ק""ג 0 PIVETTI",PIVETTI,IT,קמח פיווטי ללחם איטלקי 1 קג,קילוגרמים,1.00,"ק""ג",false,1,12.90,12.9000,true,1,317421
8033020446000,false,"קמח איטלקי לפיצה ופוקצה 1 ק""ג 00 PIVETTI",פיווטי Pivetti,IT,קמח פיווטי לפיצה ופוקצה איטלקי 1 קג,קילוגרמים,1.00,"ק""ג",false,1,10.90,10.9000,true,1,317521
8033028700227,false,גראפה ברטה מונפרה בר,,,גראפה ברטה מונפרה ברברה נביולו 750 מל,מיליליטרים,750.00,"100 מ""ל",false,1,205.00,27.3333,true,1,245152
8033049450026,false,יין אדום סונדראיה פו,איטליה אלגריני (Cort,,יין אדום סונדראיה פוגיו אל 750מל פקדון,מיליליטרים,750.00,"100 מ""ל",false,1,155.00,20.6667,true,1,230889
8033049450040,false,יין מדיטרה פוגיו אל,אלגריני,,יין מדיטרה פוגיו אל טזורו 750 מל,מיליליטרים,750.00,"100 מ""ל",false,1,110.00,14.6667,true,1,308898
8033413430708,false,ליקר למונצ'ילו וילה מסה,וילה מאסה,DE,ליקר לימונצלו וילה מסה כשר 700 מל,מיליליטרים,700.00,"100 מ""ל",false,1,120.00,17.1429,true,1,242123
8034023209111,false,ארטישוק שלם 510 גר TERRE,,,ארטישוק שלם 510 ג אל רומנו,גרמים,510.00,100 גרם,false,1,35.00,6.8627,true,1,245352
8034097876325,false,עוגת פנדורו קלאסית 7,BAULI,IT,עוגת פנדורו קלאסית 700 גרם מוטה,גרמים,700.00,100 גרם,false,1,54.90,7.8429,true,1,337821
8034097876424,false,עוגת פנתוני קלאסית 7,BAULI,IT,עוגת פנתוני קלאסית 700 גרם מוטה,גרמים,700.00,100 גרם,false,1,54.90,7.8429,true,1,337822
8034141060212,false,ליקר אבסנט קסנטה 700,,,ליקר אבסנט קסנטה 700 מל,מיליליטרים,700.00,"100 מ""ל",false,6,169.00,24.1429,true,1,324736
8052204220120,false,ייין ספורצטו ריבטי ו,VINIBIO A.C.A,,ייין ספורצטו ריבטי וראולו 750 מל,מיליליטרים,750.00,"100 מ""ל",false,1,220.00,29.3333,true,1,301285
8052432831563,false,יין לוקאלה אפסימנטו,,,יין לוקאלה אפסימנטו 750 מל,מיליליטרים,750.00,"100 מ""ל",false,1,60.00,8.0000,true,1,337881
8052440756414,false,"שמן פשתן אורגני נטורפוד 250 מ""ל",תות תעשיות מזון (201,IT,שמן פשתן אורגני 250 מל,מיליליטרים,250.00,"100 מ""ל",false,6,18.90,7.5600,true,1,319232
8053259247292,false,רוטב בלסמי איי סולאי,i Solai,IT,חומץ בלסמי עם תות מצומצם 180 מל אי סולאי,מיליליטרים,180.00,"100 מ""ל",false,6,11.90,6.6111,true,1,296494
8055002120159,false,מחית פטריות כמהין לב,,IT,מחית קפריאני פטריות כמהין לבנה 80 גרם,Unknown,0.00,Unknown,false,12,32.90,0.0000,true,1,337472
8055002120203,false,חמאת כמהין לבנה 80 גרם,,IT,חמאת קפריאני פטריות כמהין לבנה 80 גרם,Unknown,0.00,Unknown,false,12,32.90,0.0000,true,1,337473
8076800195019,false,ברילה - צ.א ספגטי מס1 קפליני 500 גרם,ברילה גי.אי.אר פרטלי ס.פ,IT,פסטה ברילה ספגטי מס 1 קפליניי 500 גרם,גרמים,500.00,100 גרם,false,1,7.90,1.5800,true,1,221532
8076800195033,false,ברילה - צ.א ספגטיני מס3 חדש 500 גרם,ברילה גי.אי.אר פרטלי ס.פ,IT,פסטה ברילה 3 ספגטיני 500 גרם,גרמים,500.00,100 גרם,false,1,7.90,1.5800,true,1,218699
8076800195057,false,ברילה - צ.א ספגטי מס5 חדש 500 גרם,ברילה גי.אי.אר פרטלי ס.פ,IT,פסטה ברילה 5 ספגטיני 500 גרם,גרמים,500.00,100 גרם,false,1,7.90,1.5800,true,1,218700
8076800195132,false,ברילה - צ.א בבטה מס13 500 גרם,ברילה גי.אי.אר פרטלי ס.פ,IT,פסטה ברילה 13 בבטה 500 גרם,גרמים,500.00,100 גרם,false,1,7.90,1.5800,true,1,218701
8076800315097,false,פסטה מקרוני בוקטיני מספר 9 ברילה 500 גרם,ברילה גי.אי.אר פרטלי ס.פ,IT,פסטה ברילה 9 בוקטיני 500 גרם,גרמים,500.00,100 גרם,false,1,7.90,1.5800,true,1,218702
8076802085738,false,ברילה צ.ק פנה רגטה מס' 73 500 גרם,ברילה גי.אי.אר פרטלי ס.פ,IT,פסטה ברילה 73 פנה רגטה 500 גרם,גרמים,500.00,100 גרם,false,1,7.90,1.5800,true,1,218703
8076802085837,false,ברילה - צ.ק טורטליוני מס83 500 גרם,הנסיך- מפעל לייצור ט,IT,פסטה ברילה 83 טורטליני 500 גרם,גרמים,500.00,100 גרם,false,1,7.90,1.5800,true,1,218704
8076802085936,false,ברילה פסטה צ.ק. קונצילה ריגטה חדש,ברילה גי.אי.אר פרטלי ס.פ,IT,פסטה ברילה 93 קונצילה ריגטי 500 גרם,גרמים,500.00,100 גרם,false,1,7.90,1.5800,true,1,238312
8076802085981,false,ברילה - צ.ק פוזילי חדש 500 גרם,ברילה גי.אי.אר פרטלי ס.פ,IT,פסטה ברילה 98 פוזילי 500 גרם,גרמים,500.00,100 גרם,false,1,7.90,1.5800,true,1,218705
8076808050440,false,פסטה מקרוני מספר 44 ברילה 500 גרם,ברילה Barilla,IT,פסטה ברילה 44 מקרוני 500 גרם,גרמים,500.00,100 גרם,false,1,7.90,1.5800,true,1,218706
8076808060654,false,פסטה פרפלה מספר 65 ברילה 500 גרם,ברילה גי.אי.אר פרטלי ס.פ,IT,פסטה ברילה 65 פרפלה 500 גרם,גרמים,500.00,100 גרם,false,1,7.90,1.5800,true,1,218707
8076808070882,false,קנלוני מספר 88 ברילה 250 גרם,פאסטיפיקו ריגו אס.אר,IT,ברילה 88 קנלוני 250 גרם,גרמים,250.00,100 גרם,false,1,14.90,5.9600,true,1,218992
8076808150072,false,ברילה - צ.א ספגטוני מס7 חדש 500 גרם,ברילה גי.אי.אר פרטלי ס.פ,IT,פסטה ברילה 7 ספגטי 500 גר,גרמים,500.00,100 גרם,false,1,7.90,1.5800,true,1,218708
8076809500319,false,עוגיות מולינו ביאנקו,BARILLA,IT,עוגיות אברצי 350 ג ברילה,גרמים,350.00,100 גרם,false,12,17.90,5.1143,true,1,328028
8076809501415,false,ברילה קנלוני/פנה 500 ג' מצה פנה טרקולור 500 גרם,"ש. שסטוביץ בע""\מ",IT,ברילה 78 פנה טריקולור 500 גרם,גרמים,500.00,100 גרם,false,1,14.90,2.9800,true,1,220290
8076809512268,false,פסטה גירנדולה טורסדס מספר 34 ברילה 500 גרם,ברילה גי.אי.אר פרטלי ס.פ,IT,פסטה ברילה 34 גירנדולה 500 גרם,גרמים,500.00,100 גרם,false,1,7.90,1.5800,true,1,219549
8076809513388,false,רוטב לפסטה ארביאטה ברילה 400 גרם,ברילה גי.אי.אר פרטלי ס.פ,IT,רוטב ברילה ארביאטה 400 גרם,גרמים,400.00,100 גרם,false,1,14.90,3.7250,true,1,218709
8076809513395,false,ברילה פומודורו רוטב עגבניות קלאסי 400 גר,ברילה גי.אי.אר פרטלי ס.פ,IT,רוטב ברילה פומודורו 400 גרם,גרמים,400.00,100 גרם,false,1,14.90,3.7250,true,1,218710
8076809513654,false,בסיס רוטב עגבניות לבולונז ברילה 400 גרם,ברילה גי.אי.אר פרטלי ס.פ,IT,רוטב ברילה עגבניות לבולונז 400 גרם,גרמים,400.00,100 גרם,false,1,14.90,3.7250,true,1,221531
8076809513692,false,רוטב עגבניות נפולטנה בתוספת ירקות,ברילה גי.אי.אר פרטלי ס.פ,IT,רוטב ברילה נפוליטנה 400 גרם,גרמים,400.00,100 גרם,false,1,14.90,3.7250,true,1,218711
8076809513715,false,ברילה רוטב זיתים 400 גרם,ברילה סורג,IT,רוטב ברילה עם זיתים 400 גרם,גרמים,400.00,100 גרם,false,1,14.90,3.7250,true,1,317713
8076809513739,false,ברילה רוטב עגבניות עם בזיליקום 400 גרם,ברילה גי.אי.אר פרטלי ס.פ,IT,רוטב ברילה בזיליקום 400 גרם,גרמים,400.00,100 גרם,false,1,14.90,3.7250,true,1,222748
8076809513753,false,ממרח פסטו ברילה בזיל,פסטו קונסרב,,ממרח פסטו ברילה בזיליקום 190 גרם,גרמים,190.00,100 גרם,false,1,16.90,8.8947,true,1,337379
8076809514774,false,ברילה איטריות ביצים פפרדלה 250ג',ברילה גי.אי.אר פרטלי ס.פ,IT,ברילה פפרדלה 250 גרם,גרמים,250.00,100 גרם,false,1,18.90,7.5600,true,1,218993
8076809523561,false,רוטב עגבניות עם עשבי תיבול 400 ג' ברילה,ברילה גי.אי.אר פרטלי ס.פ,IT,רוטב ברילה לפיצה 400 גרם,גרמים,400.00,100 גרם,false,1,14.90,3.7250,true,1,225840
8076809523714,false,איטריות טליאטלה ברילה 500 גרם,"ש. שסטוביץ בע""\מ",IT,פסטה ברילה טליאטלה 500 גרם,גרמים,500.00,100 גרם,false,1,25.90,5.1800,true,1,221674
8076809523738,false,דפי לזניה ברילה 500 גרם,ברילה גי.אי.אר פרטלי ס.פ,IT,לזניה ברילה 500 גר,גרמים,500.00,100 גרם,false,1,24.90,4.9800,true,1,220752
8076809528320,false,לחם לטוסט מולינו ביא,,,לחם לטוסט מולינו ביאנקו 285גר,גרמים,285.00,100 גרם,false,1,7.90,2.7719,true,1,334080
8076809529419,false,ספגטי מחיטה מלאה מס' 5 500 ג' ברילה,ברילה גי. אי. אר פרט,IT,ספגטי ברילה מחיטה מלאה 500 ג,גרמים,500.00,100 גרם,false,1,14.90,2.9800,true,1,222867
8076809529433,false,פסטה פנה ריגטה חיטה מלאה ברילה 500 גרם,"ש. שסטוביץ בע""\מ",IT,פסטה ברילה פנה רגטה חיטה מלאה 500 ג,גרמים,500.00,100 גרם,false,1,14.90,2.9800,true,1,222868
8076809545396,false,ממרח פסטו ברילה עלי,פסטו קונסרב,,ממרח פסטו ברילה עלי רוקט 190 גרם,גרמים,190.00,100 גרם,false,12,16.90,8.8947,true,1,314199
8076809545440,false,ברילה איטריות ללא גלוטן 400 גר,ברילה ג'.אי.אר פרטלי,IT,ספגטי ברילה ללא גלוטן 400 גרם,גרמים,400.00,100 גרם,false,1,15.90,3.9750,true,1,295991
8076809545457,false,ברילה אטריות ללא גלוטן 400 ג' צינורות 400 ג',ברילה ג'.אי.אר פרטלי,IT,פסטה ברילה פנה ל.גלוטן 400 גרם,גרמים,400.00,100 גרם,false,1,15.90,3.9750,true,1,295992
8076809545464,false,ברילה פסטה ללא גלוטן צורת ספירלי 400 גר,מולינו אנדריאני אס.א,IT,פסטה ברילה פוזילי ללא גלוטן 400 גרם,גרמים,400.00,100 גרם,false,1,15.90,3.9750,true,1,295993
8076809547956,false,ברילה - צ.ק קיפרי 500 גרם,ברילה ג'.אי.אר פרטלי,IT,פסטה ברילה קיפרי 500 גרם,גרמים,500.00,100 גרם,false,1,7.90,1.5800,true,1,321845
8076809571302,false,"פסטה ברילה פוזילי 1 ק""ג",ברילה,IT,פסטה ברילה פוזילי 1 קג,קילוגרמים,1.00,"ק""ג",false,1,15.90,15.9000,true,1,303421
8076809576352,false,ברילה לזניה ללא גלוטן 250 גרם,ברילה גי.אי.אר פרטלי,IT,לזניה ברילה ללא גלוטן 250 גר,גרמים,250.00,100 גרם,false,10,19.90,7.9600,true,1,328651
8076809576635,false,עוגיות מולינו ביאנקו,BARILLA,IT,עוגיות מולינו ביאנקו מולינטי 350 גרם,גרמים,350.00,100 גרם,false,24,18.90,5.4000,true,1,328031
8076809578998,false,ברילה - צ.ק. סטלינה 500 גרם,ברילה גי. אי. אר פרטלי ס,IT,פסטה ברילה סטלינה500 גרם,גרמים,500.00,100 גרם,false,1,7.90,1.5800,true,1,328225
8076809580496,false,פסטה פפירי 450 ג' ברילה,"ש.שסטוביץ בע""\מ",IT,פסטה ברילה פפירי 450 גרם,גרמים,450.00,100 גרם,false,1,15.90,3.5333,true,1,332248
8076809580670,false,עוגיות מולינו ביאנקו,BARILLA,IT,עוגיות מולינו ביאנקו קורדימלה תפוחי350גר,גרמים,350.00,100 גרם,false,12,17.90,5.1143,true,1,337289
8076809580717,false,ממרח פסטו ברילה בזיל,,IT,ממרח פסטו ברילה בזיליקום רוקולה 190 גרם,גרמים,190.00,100 גרם,false,12,16.90,8.8947,true,1,335600
8076809580724,false,ממרח פסטו ברילה ללא,פסטו קונסרב,,ממרח פסטו ברילה ללא שום190 גרם,גרמים,190.00,100 גרם,false,1,16.90,8.8947,true,1,337383
8076809581318,false,עוגיות מולינו ביאנקו,BARILLA,IT,עוגיות מולינו ביאנקו קרם פיסטוק 168 גרם,גרמים,168.00,100 גרם,false,9,18.90,11.2500,true,1,338444
8109790016146,true,אבקת משקה אשכוליות ט,,US,אבקת משקה אשכוליות טרו טו גו 32יח,יחידה,32.00,יחידה,false,1,24.90,0.7781,true,1,325813
8119620112382,false,מעדן שזיפים דודה ברט,,IL,מעדן שזיפים דודה ברטה 284 גרם,גרמים,284.00,100 גרם,false,6,15.90,5.5986,true,1,335869
8121300206946,false,ממתיק סיטיביה טרוביה 80 שקיות אישיות,הרתסייד פוד,US,טרוביה סטיביה ממתיק 80 שקיקים,יחידה,80.00,יחידה,false,12,19.90,0.2487,true,1,320437
8121300207004,false,טרוביה - סטיביה ממתיק בצנצנת 270 גרם,קספרס פאקאגעהג,US,טרוביה סטיביה צצץיק בצנצנת 270 גרם,יחידה,270.00,יחידה,false,12,24.90,0.0922,true,1,320438
8121300208780,false,טרוביה תחליף סוכר לכל מטרה 360 גרם,טרוביה Truvia,US,טרוביה תחליף סוכר 360 גר,גרמים,360.00,100 גרם,false,6,27.90,7.7500,true,1,337910
8121300209466,false,טרוביה תחליף סוכר חום 320 גרם,טרוביה Truvia,US,טרוביה תחליף סוכר חום 320 גר,גרמים,320.00,100 גרם,false,6,27.90,8.7187,true,1,337911
8410001109978,false,ספוגי קרצוף ללכלוך קשה זוג,3m,ES,זוג ספוגי קרצוף ללכלוך קשה,יחידה,2.00,יחידה,false,24,11.90,5.9500,true,1,325552
8410001134833,false,זוג ספוגי ניקוי ללא שריטות שמזון אינו נלכד בתוכו,3m,US,זוג ספוגי ניקוי ללא שריטות שמזון אינו נל,יחידה,2.00,יחידה,false,14,14.90,7.4500,true,1,329274
8410001134864,false,זוג ספוגים לניקוי קשה שמזון אינו נלכד בתוכו,3m,US,זוג ספוגי ניקוי קשה שמזון אינו נלכד בתוכ,יחידה,2.00,יחידה,false,14,14.90,7.4500,true,1,329273
8410001134888,false,זוג ספוגים עם ידית אחיזה לניקוי קשה שמזון אינו נלכד בתוכו,3m,US,זוג ספוגים עם ידית אחיזה לניקוי קשה,יחידה,2.00,יחידה,false,14,14.90,7.4500,true,1,329276
8410001134918,false,זוג ספוגים עם ידית אחיזה ללא שריטות שמזון אינו נלכד בתוכו,3m,US,זוג ספוגים עם ידית אחיזה ללא שריטות,יחידה,2.00,יחידה,false,14,14.90,7.4500,true,1,329275
8410001135304,false,סקוטש ברייט כרית ניקוי לכיריים מזכוכית,3m,US,כרית ניקוי לכיריים מזכוכית סקוטש ברייט,יחידה,1.00,יחידה,false,12,18.90,18.9000,true,1,329272
8410024700015,false,ליקר מאליבו 700 מל פ,,,ליקר מאליבו 700 מל פיקדון,מיליליטרים,700.00,"100 מ""ל",false,1,79.00,11.2857,true,1,313705
8410028030903,false,יין שרי קסטה קרים 75,ספרד ויליאם אנד אומב,,יין שרי קסטה קרים 750 מל פקדון,מיליליטרים,750.00,"100 מ""ל",false,1,60.00,8.0000,true,1,230895
8410028071906,false,יין שרי דריי סאק פינ,ספרד ויליאם אנד אומב,,יין שרי דריי סאק פינו 750 מל פקדון,מיליליטרים,750.00,"100 מ""ל",false,1,60.00,8.0000,true,1,230896
8410028228706,false,"ברנדי מרקז דה מיסה 700 מ""ל",ספרד ויליאם אנד אומב,,ברנדי מרקז דה מיסה 700 מל פקדון,מיליליטרים,700.00,"100 מ""ל",false,1,79.90,11.4143,true,1,223642
8410028901807,false,יין שרי דון גידו 20,ספרד ויליאם אנד אומב,,יין שרי דון גידו 20 שנה 750מל פקדון,מיליליטרים,750.00,"100 מ""ל",false,1,130.00,17.3333,true,1,316147
8410031934892,false,סוכריות צופה צופ מלודי רביעייה 60 גרם,פרפטי ואן מלה,RU,מארז 4 יח לקקן צופה צופה מלודי,יחידה,4.00,יחידה,false,12,10.90,2.7250,true,1,328432
8410076600622,false,חטיפי גרנולה קראנצ'י עם שוקולד מריר נייצ'ר ואלי 210 גרם,ג'נרל מילס סאן אדריאן,ES,ח.דגנים נטשר ואלי קראנצי שוקולד6יח210גר,גרמים,210.00,100 גרם,false,1,17.90,8.5238,true,1,236086
8410076610379,false,"חטיף בוטנים, חלבון סויה ושוקולד מריר עם ציפוי בטעם שוקולד",סריילטו ספיין פודס,ES,חטיף פרוטאין נייטשר ואלי בוטן שוקולד4 יח,גרמים,160.00,100 גרם,false,1,22.90,14.3125,true,1,299570
8410076610386,false,נייטשר ואלי פרוטאין בוטנים עם ציפוי בטעם קרמל מלוח 160 ג',ג'\נרל מילס סאן אדריאן S,ES,חטיף פרוטאין נייטשר ואלי בוטן קרמל4 יח,גרמים,160.00,100 גרם,false,1,22.90,14.3125,true,1,299571
8410076610492,false,חטיף שיבולת שועל מלאה ובוטנים בציפוי עם חמאת בוטנים,יבואן ומשווק: ש. שסט,GB,חטיף דגנים צואי5יח סוויט בוטן מצופה150גר,גרמים,150.00,100 גרם,false,1,17.90,11.9333,true,1,301688
8410076610508,false,"חטיף שיבולת שועל מלאה עם בוטנים, שקדים ושוקולד מריר בציפוי בטעם שוקולד",נייצ'ר ואלי Nature Valley,ES,חטיף דגנים צואי5יח סוויט שוק.מריר150גר,גרמים,150.00,100 גרם,false,1,17.90,11.9333,true,1,301687
8410076620361,false,נ.וואלי נאט קרים שיבולת שועל וקרם שקדים,"סרלטו סינטרה מזון בע""מ",PT,חטיף נייטשר ואלי ממולא קרם שקדים 4 יח,גרמים,152.00,100 גרם,false,1,17.90,11.7763,true,1,308982
8410076621009,false,עוגות אישיות בטעם קרמל עם חתיכות בטעם קרמל מלוח,"גלאטס סירו בע""\מ",PT,חטיף דגנים פייבר 1 קרמל מלוח 5 יח,יחידה,5.00,יחידה,false,1,13.90,2.7800,true,1,326053
8410076621047,false,עוגות אישיות בטעם שוקולד עם חתיכות בטעם שוקולד,"גלאטס סירו בע""\מ",ES,חטיף דגנים פייבר 1 שוקולד 5 יח,יחידה,5.00,יחידה,false,1,13.90,2.7800,true,1,326052
8410104039134,false,"מנקה ומחדש מדיח כלים פיניש 250 מ""ל",הדקלאים אגודת שיתופי,PL,נוזל מנקה ומחדש פיניש למדיח 250 מל,מיליליטרים,250.00,"100 מ""ל",false,1,14.90,5.9600,true,1,218716
8410104044916,false,פיניש אבקה למדיח 2.7 לימון,רקיט בנקיזר,PL,אבקה למדיח פיניש רגיל 2.7 קג,קילוגרמים,2.70,"ק""ג",false,1,46.90,17.3704,true,1,218717
8410104045111,false,"פיניש מלח למדיח כלים 2ק""ג",רקיט בנקיזר,IL,מלח למדיח פיניש 2 קג,קילוגרמים,2.00,"ק""ג",false,6,14.90,7.4500,true,1,295587
8410104425906,false,שעווה חמה בניחוח יסמין,רקיט בנקיזר צרפת,FR,שעווה חמה ויט 250 גר עם שמנים,גרמים,250.00,100 גרם,false,1,27.90,11.1600,true,1,218720
8410104437268,false,פיניש מפיג ריח למדיח רגיל,רקיט בנקיזר,HU,פיניש סטופ לריח,Unknown,0.00,Unknown,false,1,16.90,0.0000,true,1,219083
8410104511340,false,ויט רצועות שעווה מוכנות לעור יבש 12 יחידות,רקיט בנקיזר צרפת,FR,רצועות שעווה ויט לעור רגיל/יבש,Unknown,0.00,Unknown,false,1,21.90,0.0000,true,1,222546
8410113001122,false,"יין וינייה אסמרלדה 750 מ""ל",טורס,ES,יין וינייה אסמרלדה טורז 750 מל פיקדון,מיליליטרים,750.00,"100 מ""ל",false,6,60.00,8.0000,true,1,322753
8410113001443,false,יין סנגרה דה טורו לב,,,יין סנגרה דה טורו לבן טורס 750 מל,מיליליטרים,750.00,"100 מ""ל",false,6,45.00,6.0000,true,1,331835
8410113002822,false,"סנגרה דה טורו רוזה (טורס) 750 מ""ל",,ES,יין סנגרה דה טורו רוזה טורס 750 מל,מיליליטרים,750.00,"100 מ""ל",false,6,45.00,6.0000,true,1,331836
8410113003089,false,יין קורונס טורס 750,טורס,ES,יין קורונס טורז 750 מל פיקדון,מיליליטרים,750.00,"100 מ""ל",false,6,60.00,8.0000,true,1,322754
8410113003119,false,יין קברנה.ס. גראן קו,טורס,ES,יין גראן קורונס טורז 750 מל פיקדון,מיליליטרים,750.00,"100 מ""ל",false,6,80.00,10.6667,true,1,322755
8410113009012,false,"ויניה אזמרלדה רוזה (טורס) יבש 750 מ""ל",טורס,ES,יין וינייה אזמרלדה רוזה טורס 750 מל,מיליליטרים,750.00,"100 מ""ל",false,6,60.00,8.0000,true,1,322756
8410128768294,false,משקה שיבולת שועל 1 ליטר,S.A.U\n PASCUAL CALIDAD,ES,משקה שיבולת שועל ויוה סוי 1ליטר קרטון,ליטרים,1.00,ליטר,false,1,11.90,11.9000,true,1,321854
8410128768324,false,משקה ויוה סוי שקדים קרטונים 1 ל',קלידאד פסקואל,ES,משקה שקדים ויוה סוי 1ליטר קרטון,ליטרים,1.00,ליטר,false,1,11.90,11.9000,true,1,321856
8410128768355,false,ויוה סוי משקה סויה קלאסי קרטונית ליטר,קלידאד פסקואל,ES,משקה סויה ויוה סוי 1ליטר קרטון,ליטרים,1.00,ליטר,false,1,10.90,10.9000,true,1,321853
8410128783587,false,ויוה סוי שיבולת שועל בריסטה קרטונית,קלידאד פסקואל,ES,משקה שיבולת שועל ויוה סוי בריסטה 1לי,ליטרים,1.00,ליטר,false,1,11.90,11.9000,true,1,337282
8410161202250,false,גין לונדון דה לוקס פ,,,גין לונדון דה לוקס פיפטי פאונדס 700 מל,מיליליטרים,700.00,"100 מ""ל",false,1,155.00,22.1429,true,1,295213
8410161511253,false,"ברנדי ספרדי רומטה סולרה חרז 700 מ""ל",רומטה,ES,ברנדי דה חרז סולרה רזרבה 700 מל,מיליליטרים,700.00,"100 מ""ל",false,1,75.00,10.7143,true,1,295193
8410179002767,false,זיתים ירוקים ממולאים באנשובי 300 גר ITLV,אסייטונס גואדלקוויר,ES,זיתים ירוקים ממולאים מחית אנשובי 300 גרם,גרמים,300.00,100 גרם,false,12,10.90,3.6333,true,1,320552
8410179002828,false,זיתים ירוקים ממולאים בסלמון 300 גר ITLV,אסייטונס גואדלקוויר,ES,זיתים ירוקים ממולאים מחית סלמון 300 גרם,גרמים,300.00,100 גרם,false,12,10.90,3.6333,true,1,320551
8410184010108,false,אורז לה סיגלה עגול 1,בני ג'ורג' שוקחה חיפ,,אורז לה סיגלה עגול 1 קג,קילוגרמים,1.00,"ק""ג",false,1,10.00,10.0000,true,1,305574
8410261151625,false,יין סנגריה גרסיה דון סימון אדום 1.5 ל,,,משקה סנגריה גרסיה דון סימון אדום 1.5ל,ליטרים,1.50,ליטר,false,1,24.70,16.4667,true,1,229313
8410261400051,false,יין דון לוציאנו קברנ,,,יין דון לוציאנו קברנה סוביניון 750 מל פי,מיליליטרים,750.00,"100 מ""ל",false,1,35.00,4.6667,true,1,222646
8410302105518,false,יין קאווה קמפו וייחו,,,יין קאווה קמפו וייחו גרנד 750 מל פיקדון,מיליליטרים,750.00,"100 מ""ל",false,1,60.00,8.0000,true,1,227616
8410302107697,false,יין קמפו וייחו ריזרב,,,יין קמפו וייחו ריזרבה ריו 750 מל פיקדון,מיליליטרים,750.00,"100 מ""ל",false,1,100.00,13.3333,true,1,227623
8410302606305,false,יין קמפו וייחו ריוחה,,,יין קמפו וייחו קריאנזה ריו 750 מל,מיליליטרים,750.00,"100 מ""ל",false,1,60.00,8.0000,true,1,335414
8410342003270,false,"טוראס-שוקולד מריר 72% אגוזים ללת""ס 150 ג",,ES,שוקולד מריר אגוז ללס וגלוטן 150 גר טוראס,גרמים,150.00,100 גרם,false,12,19.90,13.2667,true,1,336173
8410342003508,false,"טוראס- ממרח שוקולד ללת""ס 200 גרם",,ES,ממרח שוקולד ללס טוראס 200 גר,גרמים,200.00,100 גרם,false,1,19.90,9.9500,true,1,320726
8410342004789,false,טוראס-שוקולד מריר 72% ללא סוכר 100 גרם,,,שוקולד מריר 72% ללא סוכר 100גר טוראס,גרמים,100.00,100 גרם,false,12,13.90,13.9000,true,1,324944
8410342004796,false,שוקולד מריר 85% ללא סוכר טוראס 100ג',צ'יקולטס טוארס,ES,שוקולד מריר 85% ללא סוכר 100גר טוראס,גרמים,100.00,100 גרם,false,1,13.90,13.9000,true,1,320719
8410342004987,false,"טוראס-שוקולד מריר 52% קפה ללת""ס 100 גר",,ES,שוקולד מריר 72% ללא סוכר 100גר טוראס,גרמים,100.00,100 גרם,false,12,13.90,13.9000,true,1,320721
8410342005625,false,"טוראס-שוקולד חלב אגוז ללת""ס 75 גרם",,ES,שוקולד חלב אגוז ללס 75 גר טוראס,Unknown,0.00,Unknown,false,1,9.90,0.0000,true,1,320724
8410342005632,false,טוראס שוקולד חלב שקד ללא סוכר 75 גרם,,ES,שוקולד חלב שקד ללס 75 גר טוראס,Unknown,0.00,Unknown,false,1,9.90,0.0000,true,1,320725
8410342006585,false,"טוראס-שוקולד מריר 72% ללת""ס 75ג 1/12 (530)",,,שוקולד מריר ששבי 72% ללס 75 גר טוראס,Unknown,0.00,Unknown,false,12,9.90,0.0000,true,1,324947
8410342007049,false,"טוראס-שוקולד מריר 85% ללת""ס 75 גרם",,,שוקולד מריר ששבי 85% ללס 75 גר טוראס,Unknown,0.00,Unknown,false,12,9.90,0.0000,true,1,324948
8410342007063,false,שוקולד מריר95% ללא תוספת סוכר טוראס 100 ג',,ES,שוקולד מריר 955 100 גר טוראס,גרמים,100.00,100 גרם,false,1,13.90,13.9000,true,1,333196
8410342007117,false,"טוראס-שוק.מריר שבבי קקאו 72% ללת""ס 75ג",,ES,שוקולד מריר ששבי קקאו ללס 75 גר טוראס,גרמים,75.00,100 גרם,false,1,9.90,13.2000,true,1,333212
8410342007131,false,שוקולד מריר תפוז ללס,,,שוקולד מריר תפוז ללס 75 גר טוראס,גרמים,75.00,100 גרם,false,1,10.90,14.5333,true,1,333211
8410342007148,false,"טוראס-ש.מריר תפוז 72% ללת""ס 125ג",,ES,שוקולד מריר תפוז ללא סוכר 125 גר טוראס,גרמים,125.00,100 גרם,false,1,13.90,11.1200,true,1,333213
8410342007421,false,"טוראס-שוקולד חלב אגוזים ללת""ס 150 גר",,ES,שוקולד חלב אגוז ללס וגלוטן 150 גר טוראס,גרמים,150.00,100 גרם,false,12,19.90,13.2667,true,1,336171
8410376006070,false,בסקוויט גולון מריה 800 ג',גולון,ES,ביסקוויט מרי 800 גר גולון,גרמים,800.00,100 גרם,false,10,12.90,1.6125,true,1,312655
8410376009392,false,ביסקויט מחיטה מלאה ללא תוספת סוכר גולון 170 גרם,גאלטס גלון סא,ES,ביסקוויט מרי ח.מלאה ללא סוכר 170 גר גול,גרמים,170.00,100 גרם,false,1,10.50,6.1765,true,1,224579
8410376009408,false,גולון-דורדה ביסקוויט זהב ללא סוכר 330 גר'1/15,GULLON,,ביסקוויט דורה זהב ללא סוכר 330 גר גולון,גרמים,330.00,100 גרם,false,1,17.90,5.4242,true,1,224580
8410376010701,false,"ביסקוויט ללת""ס גולון גלטה מריה 400 גר",תות תעשיות מזון (201,ES,ביסקויט מרי ללא סוכר 400 גר גולון,גרמים,400.00,100 גרם,false,1,17.90,4.4750,true,1,224582
8410376013191,false,קרקר פיק קוקטייל בצילינדר 350 גר גולון,GULLON,ES,קרקר פיק קוקטייל 350 גר גולון,גרמים,350.00,100 גרם,false,1,12.90,3.6857,true,1,229365
8410376014051,false,גולון-קרקר פיק מיניס 350 גר,GULLON,,קרקר פיק מיניס 350 גר גולון,גרמים,350.00,100 גרם,false,1,12.90,3.6857,true,1,313146
8410376014068,false,גולון קרקר פיק דגיגים 350גר,GULLON,,קרקר פיק דגים 350 גר גולון,גרמים,350.00,100 גרם,false,1,12.90,3.6857,true,1,313147
8410376016789,false,דיאגסטיב ביסקויט חיטה מלאה גולון 400 ג',GULLON,,ביסקוויט גולון דיאגסטיב 400 גר,גרמים,300.00,100 גרם,false,1,12.90,4.3000,true,1,228141
8410376016857,false,גולון - ביסקוויט דיאגסטיב דל שומן 400,GULLON,,ביסקוויט דיאגסטיב דל שומן 400 גר,גרמים,400.00,100 גרם,false,1,12.90,3.2250,true,1,224583
8410376017113,false,גולון סיבקוויט סנדוויץ שוקו 500 גר,גולון,ES,ביסקוויט סנדביץ שוקו מגה דואו 500גר גולו,גרמים,500.00,100 גרם,false,20,10.90,2.1800,true,1,231500
8410376017359,false,ביסק.עמילן וקמח תירס200ג,גולון,ES,עוגיות גולון ללא גלוטן 200 גר,גרמים,200.00,100 גרם,false,1,17.90,8.9500,true,1,224564
8410376023831,false,גולון-ביסקוויט ח.מלאה 400 גר' ללא סוכר 1/15,גולון,ES,ביסקוויט מחיטה מלאה ללא סוכר 400 גר גולו,גרמים,400.00,100 גרם,false,1,17.50,4.3750,true,1,224588
8410376029079,false,גולון רונדיטוס ביסקויט ללא תוספת סוכר 186 גר,GULLON,,ביסקוויט רונדיטוס גולון ללא סוכר 186 גר,גרמים,186.00,100 גרם,false,1,18.50,9.9462,true,1,230808
8410376033267,false,גולון ביסקוויט דגנים ללא סוכר 410 ג',GULLON,,ביסקוויט דגנים גולון ללא סוכר 410 גר,גרמים,410.00,100 גרם,false,1,17.90,4.3659,true,1,230807
8410376036169,false,עוגיות מריה ללא גלוטן 380 ג' גולון,GULLON,,ביסקויט מרי גולון ל.גלוטן ולקטוז400 גר,גרמים,380.00,100 גרם,false,1,21.90,5.7632,true,1,238373
8410376036862,false,גולון ביסקוויט סנדוויץ וניל 500 גר,גולון,ES,ביסקוויט סנדויץ וניל מגה 500גר גולו,גרמים,500.00,100 גרם,false,1,10.90,2.1800,true,1,232789
8410376037784,false,גולון ביסקויט סנדויץ שוקו ללא סוכר 250ג,תות תעשיות מזון (201,ES,ביסקויט סנדוויץ ללא סוכר גולון 250 גר,גרמים,250.00,100 גרם,false,18,16.90,6.7600,true,1,314211
8410376042481,false,גולון ביסקווט קרם יוגורט ללא תוספת סוכר 220 גרם,גלטס גולון,ES,ביסקוויט קרם יוגורט ללא סוכר220 גר גולון,גרמים,220.00,100 גרם,false,1,16.90,7.6818,true,1,297266
8410376044393,false,עוגיות סנדוויץ וניל ללא תוספת סוכר 210,גולון,ES,ביסקוויט או 2 ללא סוכר 210 גר גולון,גרמים,210.00,100 גרם,false,1,20.90,9.9524,true,1,297267
8410376044409,false,גולון מגה סנדוויץ שוקו-שוקו 500ג,גולון,ES,ביסקוויט סנדוויץ שוקו שוקו 500גר גולון,גרמים,500.00,100 גרם,false,1,10.90,2.1800,true,1,314581
8410376044959,false,גולון דיבוס שרקיז ללא גלוטן ולקטוז 250גר,דן נקסט,ES,ביסקויט גולון דיבוס ל.גלוטן ולקטוז250 גר,גרמים,250.00,100 גרם,false,1,17.90,7.1600,true,1,298898
8410376045024,false,גולון-דיאג'סטיב ביסקויט ללא גלוטן ולקטוז 150 גרם,GULLON,,ביסקויט גולון דיאגסטיב ל.ג. ולקטוז 150 ג,גרמים,150.00,100 גרם,false,1,16.90,11.2667,true,1,298900
8410376047509,false,גולון ביסקויט ללא תוספת סוכר 400 גרם,גלטס גולון,ES,גולון ביסקוויט פתי בר ללא סוכר 400 גר,גרמים,400.00,100 גרם,false,7,17.90,4.4750,true,1,314210
8410376051940,false,גולון קרקר פיק קינואה וצ'יה,גולון,ES,קרקר גולון פיק קינואה ציה 240 גרם,גרמים,240.00,100 גרם,false,12,10.90,4.5417,true,1,320284
8410376057270,false,גולון-ביסקוויט ללא סוכר עם ש.מריר 150 גר' 1/12,גולון,ES,ביסקוויט ללא סוכר עם ש.מריר 150גר,גרמים,150.00,100 גרם,false,12,17.90,11.9333,true,1,322869
8410376059380,false,גולון וופל וניל ללא תוספת סוכר 180 גרם,GULLON,ES,גולון וופל וניל ללא סוכר 180 גר,גרמים,250.00,100 גרם,false,12,16.90,6.7600,true,1,324945
8410376061772,false,גולון ביסקויט ל.גלוטן דגנים שוקוציפס 220,,ES,ביסקוויט דגנים שוקוציפס גולון ללג 220גר,גרמים,220.00,100 גרם,false,8,16.90,7.6818,true,1,335365
8410376061789,false,גולון-סנדוויץ שוקולד ללא גלוטן 225 גר,,ES,עוגיות סנדוויץ שוקולד ללג גולון 225גר,גרמים,225.00,100 גרם,false,8,16.90,7.5111,true,1,335366
8410376064063,false,"גולון-שוקו רינג ביסקויט ללת""ס 150 גר",,ES,ביסקוויט רינג שוקו גולון 150גר,גרמים,150.00,100 גרם,false,18,16.90,11.2667,true,1,335362
8410376064438,false,"גולון-פינאס ביסקויט שוקו חלב ללת""ס 150ג",,ES,ביסקוויט דק שוקו חלב ללס גולון 150גר,גרמים,150.00,100 גרם,false,12,16.90,11.2667,true,1,335363
8410441000880,false,יין פאוסטינו וי אי,,,יין פאוסטינו וי אי אי גראנש 750 מל,מיליליטרים,750.00,"100 מ""ל",false,1,45.00,6.0000,true,1,338604
8410441001153,false,יין פאוסטינו קברנה,,,יין פאוסטינו קברנה סוביניון 750 מל,מיליליטרים,750.00,"100 מ""ל",false,1,45.00,6.0000,true,1,338603
8410441001399,false,יין פאוסטינו וי אי,,,יין פאוסטינו וי אי אי סובניון בלאן 750,מיליליטרים,750.00,"100 מ""ל",false,1,45.00,6.0000,true,1,338605
8410441211002,false,יין פאוסטינו ריוחה 7,faustion,,יין פאוסטינו ריוחה 7 אדום 750 מל,מיליליטרים,750.00,"100 מ""ל",false,1,45.00,6.0000,true,1,225249
8410441221001,false,יין פאוסטינו וי אי,,,יין פאוסטינו ריוחה 7 רוזה 750מל פקדון,מיליליטרים,750.00,"100 מ""ל",false,1,45.00,6.0000,true,1,229325
8410441231000,false,יין פאוסטינו ריוחה 7,faustion,,יין פאוסטינו ריוחה 7 לבן 750 מל,מיליליטרים,750.00,"100 מ""ל",false,1,45.00,6.0000,true,1,227789
8410441412065,false,יין פאוסטינו רזרבה ו,,,יין פאוסטינו רזרבה וי 750 מל פיקדון,מיליליטרים,750.00,"100 מ""ל",false,1,85.00,11.3333,true,1,227790
8410441512956,false,יין פאוסטינו גראן 19,,,יין פאוסטינו גראן 1998 רזרב750 מל פיקדון,מיליליטרים,750.00,"100 מ""ל",false,1,129.00,17.2000,true,1,227792
8410441612007,false,יין פאוסטינו ריוחה ק,,,יין פאוסטינו ריוחה קריאנזהאדום 750פיקדון,מיליליטרים,750.00,"100 מ""ל",false,1,60.00,8.0000,true,1,229973
8410441722058,false,יין פאוסטינו קווה בר,,,יין פאוסטינו קווה ברוט רוזה 750מל פיקדון,מיליליטרים,750.00,"100 מ""ל",false,1,65.00,8.6667,true,1,227795
8410441732101,false,יין פאוסטינו קווה בר,,,יין פאוסטינו קווה ברוט לבן מאוד750מל פיק,מיליליטרים,750.00,"100 מ""ל",false,1,60.00,8.0000,true,1,227796
8410441912176,false,יין פאוסטינו אייקון,,,יין פאוסטינו אייקון אדישן 750 מל,מיליליטרים,750.00,"100 מ""ל",false,1,199.00,26.5333,true,1,311884
8410628460605,false,טונה ספרדית בשמן זית בצנצנת 190 גרם,קונסורסיו ספרד,ES,טונה קפרימר בשמן זית 190 גרם,גרמים,190.00,100 גרם,false,12,27.90,14.6842,true,1,337347
8410628460612,false,טונה ספרדית בשמן זית ולימון 190 גרם,קונסורסיו ספרד,ES,טונה קפרימר בשמן זית ולימון 190 גרם,גרמים,190.00,100 גרם,false,12,27.90,14.6842,true,1,337348
8410628460629,false,טונה ספרדית בשמן זית וצילי 190 גרם,קונסורסיו ספרד,ES,טונה קפרימר בשמן זית וצילי 190 גרם,גרמים,190.00,100 גרם,false,12,27.90,14.6842,true,1,337349
8410702004312,false,יין ויניה לאנזאר אדו,ספרד פליקס סוליס,,יין ויניה לאנזאר אדום יבש 1 ליטר,ליטרים,1.00,ליטר,false,1,24.70,24.7000,true,1,244009
8410702005012,false,סנגריה פניאסול פליקס,ספרד פליקס סוליס,,סנגריה פניאסול פליקס סוליס 1 ליטר,ליטרים,1.00,ליטר,false,1,15.00,15.0000,true,1,242098
8410702037501,false,יין פניאסול מרלו 750,ספרד פליקס סוליס,,יין פניאסול מרלו 750 מל,מיליליטרים,750.00,"100 מ""ל",false,1,35.00,4.6667,true,1,307385
8410702037518,false,יין פניאסול קברנה סו,ספרד פליקס סוליס,,יין פניאסול קברנה סוביניון 750 מל,מיליליטרים,750.00,"100 מ""ל",false,1,35.00,4.6667,true,1,307387
8410702037532,false,יין פניאסול שרדונה 7,ספרד פליקס סוליס,,יין פניאסול שרדונה 750 מל,מיליליטרים,750.00,"100 מ""ל",false,1,35.00,4.6667,true,1,307386
8410793001764,false,"רביעיית בירה אסטרייה דאם 330 מ""ל בקבוק",אסטרייה Estrella,,מארז4יח בירה אסטריה דאם דאורה 330מל פקד,מיליליטרים,1980.00,"100 מ""ל",false,1,24.90,1.2576,true,1,329306
8410793022837,false,"רביעיית בירה אסטרייה דאם 330 מ""ל בקבוק","סי סי דאם, אס.אל, ברצלונ",ES,מארז 6יח בירה אסטריה דאם דאורה 330מל פקד,מיליליטרים,1980.00,"100 מ""ל",false,1,24.90,1.2576,true,1,325997
8410793262936,false,"אסטרייה דאם דאורה ללא גלוטן 330 מ""ל","סי סי דאם, אס.אל, בר",ES,בירה אסטרייה דאם דאורה ללא גלוטן 330מל,מיליליטרים,330.00,"100 מ""ל",false,1,11.90,3.6061,true,1,233689
8410793263834,false,שישיית אסטרייה דאם דאורה ללא גלוטן 6*330,"סי סי דאם, אס.אל, בר",ES,מארז 6יח בירה אסטריה ללא גלוטן 330מל פקד,מיליליטרים,1980.00,"100 מ""ל",false,1,59.90,3.0253,true,1,241640
8410869451202,false,יין מרקס דה ריסקל רי,,,יין מרקס דה ריסקל ריוחה קולדה750מל פיקדו,מיליליטרים,750.00,"100 מ""ל",false,1,60.00,8.0000,true,1,228738
8411277063049,false,קווה כשרה גאום סרה ב,ג'אום סרה,ES,יין קווה גום סרה ברוט 750 מל פיקדון,מיליליטרים,750.00,"100 מ""ל",false,1,35.00,4.6667,true,1,228733
8411277205654,false,יין קאווה גום סרה גו,ג'אום סרה,ES,יין קאווה גום סרה גולד 750 מל,מיליליטרים,750.00,"100 מ""ל",false,6,40.00,5.3333,true,1,316634
8411277350118,false,"קאווה ""ג'ום סרה"" חצי יבש",ג'אום סרה,ES,יין קווה גום סרה חצי יבש 750 מל פיקדון,מיליליטרים,750.00,"100 מ""ל",false,1,35.00,4.6667,true,1,228734
8411320105108,false,פילה אנשובי בשמן זית 95 גר ORTIZ צנצנת,אורטיז,ES,פילה אנשובי אורטיז בשמן זית 95 גר,גרמים,95.00,100 גרם,false,1,46.90,49.3684,true,1,227814
8411320382967,false,טונה צהובה בשמן זית (צנצנת) 220 גרם,אורטיז ORTIZ,ES,טונה אורטיז צהובה בשמן זית 220 גר,גרמים,220.00,100 גרם,false,1,37.90,17.2273,true,1,307413
8411423031113,false,יין אדום סרו אניון ר,ספרד בודגס אולארה,,יין אדום סרו אניון רזרבה 750 מל פקדון,מיליליטרים,750.00,"100 מ""ל",false,1,65.00,8.6667,true,1,230726
8411423041105,false,יין סרו אניון קריאנז,ספרד בודגס אולארה,,יין אדום סרו אניון קריאנזה 750 מל פקדון,מיליליטרים,750.00,"100 מ""ל",false,1,60.00,8.0000,true,1,230725
8411509162106,false,יין מורייטה מרקז דה,ספרד מרקז דה מורייטה,,יין מורייטה מרקז דה רזרבה 750 מל,מיליליטרים,750.00,"100 מ""ל",false,1,100.00,13.3333,true,1,326615
8411767040000,false,יין ריוחה רוזה 750 מ,,ES,יין ריוחה רוזה 750 מל,מיליליטרים,750.00,"100 מ""ל",false,1,60.00,8.0000,true,1,325267
8411767281250,false,יין אלטוס ריברה דל ד,,ES,יין אלטוס ריברה דל דוארו 750 מל,מיליליטרים,750.00,"100 מ""ל",false,1,60.00,8.0000,true,1,325268
8411767281281,false,יין ריאדמה ורדיחו 75,,ES,יין ריאדמה ורדיחו 750 מל,מיליליטרים,750.00,"100 מ""ל",false,1,60.00,8.0000,true,1,325265
8411767968359,false,יין ריוחה ויורה לבן,,ES,יין ריוחה ויורה לבן 750 מל,מיליליטרים,750.00,"100 מ""ל",false,1,60.00,8.0000,true,1,325266
8412168002529,false,מחייה 13 משקה כוהלי בטעם לימונים,דיסטילריאס לה הורטנה,ES,משקה מחייה לימון 700 מל,מיליליטרים,700.00,"100 מ""ל",false,1,56.90,8.1286,true,1,324460
8412168002543,false,מחייה 13 רוזטה משקה כוהלי בטעם שקדים,מחייה 13,,משקה מחייה רוזטה שקדים 700 מל,מיליליטרים,700.00,"100 מ""ל",false,1,56.90,8.1286,true,1,325071
8412168003106,false,"מחייה 13 פסיפלורה כרמל 700 מ""ל",דיסטילריאס לה הורטנה,ES,משקה מחייה פסיפלורה 700 מל,מיליליטרים,700.00,"100 מ""ל",false,1,56.90,8.1286,true,1,333430
8412168008903,false,מחייה 13 משקה כוהלי בטעם אשכולית אדומה,דיסטילריאס לה הורטנה,ES,משקה מחייה אשכוליות אדומות 700 מל,מיליליטרים,700.00,"100 מ""ל",false,,56.90,8.1286,true,1,324905
8412300801072,false,"קרם רב שימושי ניוואה 400 מ""ל",ביירסדורץ,DE,קרם ניוואה רב שימושי 400מל,גרמים,400.00,100 גרם,false,1,42.90,10.7250,true,1,322968
8412423121224,false,יין בודגאס בורסאו גר,בורסאו,ES,יין בודגאס בורסאו גרנש 750 מל,מיליליטרים,750.00,"100 מ""ל",false,6,45.00,6.0000,true,1,320946
8412423121255,false,יין בודגאס בורסאו שר,בורסאו,ES,יין בודגאס בורסאו שרדונה 750 מל,מיליליטרים,750.00,"100 מ""ל",false,6,45.00,6.0000,true,1,320947
8412497592630,false,קופסת אוכל מרובעת מו,,,קופסת אוכל מרובעת מותגים 1400 מל,Unknown,0.00,Unknown,false,1,27.90,0.0000,true,1,307990
8413393701010,false,יין אדום מרקיז דל גו,,,יין אדום מרקיז דל גוברה ריוחה קריאנז750מ,מיליליטרים,750.00,"100 מ""ל",false,6,60.00,8.0000,true,1,336162
8413393701027,false,יין אדום מרקיז דל גו,,,יין אדום מרקיז דל גוברה ריוחה רזרבה 750מ,מיליליטרים,750.00,"100 מ""ל",false,6,65.00,8.6667,true,1,336161
8413529821087,false,יין ויניה ארדנזה רזר,ספרד לה ריוחה אלטה,,יין ויניה ארדנזה רזרבה 750 מל פקדון,מיליליטרים,750.00,"100 מ""ל",false,1,145.00,19.3333,true,1,232220
8413529851039,false,ויניה אלברדי רזרבה לה ריוחה 98,ספרד לה ריוחה אלטה,,יין ויניה אלברדי רזרבה750מל פיקדון,מיליליטרים,750.00,"100 מ""ל",false,1,85.00,11.3333,true,1,231867
8413529901048,false,יין לגר דה צרברה 750,ספרד לה ריוחה אלטה,,יין לגר דה צרברה 750 מל פקדון,מיליליטרים,750.00,"100 מ""ל",false,1,80.00,10.6667,true,1,233006
8413529921053,false,יין אלבריניו פאזו דה,לה ריוחה אלטה,,יין אלבריניו פאזו דה סאואנה 750 מל,מיליליטרים,750.00,"100 מ""ל",false,1,60.00,8.0000,true,1,296067
8413664511218,false,פאפאס ארגנטה-מקלות צ'יפס 250 גרם,,ES,חטיף ציפס מקלות ארגנטה 250 גרם,גרמים,250.00,100 גרם,false,12,18.90,7.5600,true,1,329530
8413664511447,false,פאפאס ארגנטה-ברוסקטה שום פטרוזיליה 150 גרם,,ES,ברוסקטה פאפאס שום ופטרוזליה150 גרם,גרמים,150.00,100 גרם,false,12,9.90,6.6000,true,1,327859
8413664511706,false,פאפאס ארגנטה-ברוסקטה עגבניות ואורגנו 150 גרם,,ES,ברוסקטה פאפאס עגבניות ואורגנו 150 גרם,גרמים,150.00,100 גרם,false,12,9.90,6.6000,true,1,327858
8413664611611,false,פאפאס ארגנטה-ציפס דליקטס 180 גרם 1/12 121007,פאפאס ארג'\נטה ס.א.ו.,ES,חטיף ציפס דליקטס ארגנטה 180 גרם,גרמים,180.00,100 גרם,false,12,18.90,10.5000,true,1,329531
8413664611956,false,פאפאס ארגנטה-ציפס עם עשבי תיבול 160 ג,,,חטיף ציפס ארגנטה עשבי תיבול 160 גרם,גרמים,160.00,100 גרם,false,12,18.90,11.8125,true,1,334186
8413664811844,false,פאפאס ארגנטה ציפס עם,פאפאס ארג'\נטה ס.א.ו.,ES,חטיף ציפס שמן זית ארגנטה 180 גרם,גרמים,180.00,100 גרם,false,12,18.90,10.5000,true,1,329532
8413664811905,false,פאפאס ארגנטה-צ'יפס שמן זית קינואה 150 גרם,פאפאס ארג'\נטה ס.א.ו.,ES,חטיף ציפס קינואה מלח ים ארגנטה 180 גרם,גרמים,180.00,100 גרם,false,12,18.90,10.5000,true,1,329533
8413700669729,false,ארוחת פאייה ירקות קיט 256 גרם,,ES,תבשיל ארוחת פאייה ירקות 256 גרם,גרמים,256.00,100 גרם,false,10,25.90,10.1172,true,1,328541
8413831140326,false,יין קאווה פריול ברוט,קובידס קסניוס קאווה,,יין קאווה פריול ברוט קובידס 750 מל,מיליליטרים,750.00,"100 מ""ל",false,1,35.00,4.6667,true,1,309599
8413831140371,false,יין קאווה פריול סמי,קובידס קסניוס קאווה,,יין קאווה פריול סמי סקו 750 מל,מיליליטרים,750.00,"100 מ""ל",false,1,35.00,4.6667,true,1,296069
8414581000007,false,יין קאנטאברייה סיירה,,,יין אדום קאנטאברייה סיירה רוזה 750 מל,מיליליטרים,750.00,"100 מ""ל",false,6,45.00,6.0000,true,1,336168
8414581100004,false,יין קאנטאברייה סיירה,,,יין קאנטאברייה סיירה גארנאצה 750 מל,מיליליטרים,750.00,"100 מ""ל",false,6,85.00,11.3333,true,1,336169
8414581104002,false,יין אדום קאנטאברייה,,,יין אדום קאנטאברייה סיירה קריאנזה 750 מל,מיליליטרים,750.00,"100 מ""ל",false,6,65.00,8.6667,true,1,336166
8414581202005,false,יין אדום קאנטאברייה,,,יין אדום קאנטאברייה סיירה 750 מל,מיליליטרים,750.00,"100 מ""ל",false,6,110.00,14.6667,true,1,336165
8414581600009,false,יין אדום קאנטאברייה,,,יין אדום קאנטאברייה סיירה סלקסיון 750 מל,מיליליטרים,750.00,"100 מ""ל",false,6,45.00,6.0000,true,1,336167
8414581700006,false,יין קאנטאברייה סיירה,,,יין קאנטאברייה סיירה ריוחה רוזה 750 מל,ליטרים,1.50,ליטר,false,6,85.00,56.6667,true,1,336170
8414753700124,false,פילה אנשובי בשמן זית 100 גרם צנצנת,קונסורסיו,,פילה אנשובי בשמן זית 100 גר צנצנ,גרמים,100.00,100 גרם,false,1,20.00,20.0000,true,1,226774
8414825336633,false,יין מרטין קודאס אלבר,,,יין מרטין קודאס אלבריניו 750 מל,מיליליטרים,750.00,"100 מ""ל",false,1,65.00,8.6667,true,1,314957
8414825338163,false,יין מרטין קודאס פיזארס דה אוטרו 750 מ,מרטין קודאס,ES,יין מרטין קודאס פיזראס דה אוטרו 750 מל,מיליליטרים,750.00,"100 מ""ל",false,6,60.00,8.0000,true,1,316628
8414825338316,false,"יין מרטין קודאס אלבריניו מרייטה 750 מ""",,ES,יין מרטין קודאס אלבריניו מרייטה 750 מל,מיליליטרים,750.00,"100 מ""ל",false,1,60.00,8.0000,true,1,314956
8420071025702,false,גבינת עיזים קברה יין,ספניצ'יז,,גבינת עיזים קברה יין במשקל,קילוגרמים,1.00,"ק""ג",true,,189.00,189.0000,true,1,236214
8420675187110,false,יין אלקלה לבן 750מל,,,יין אלקלה לבן 750מל פיקדון,Unknown,0.00,Unknown,false,1,45.00,0.0000,true,1,307471
8420675187158,false,יין סרדה לבן 750 מל,,,יין סרדה לבן 750 מל פיקדון,Unknown,0.00,Unknown,false,1,45.00,0.0000,true,1,307470
8420675387114,false,יין אלקלה רזרבה 750,,,יין אלקלה רזרבה 750 מל,מיליליטרים,750.00,"100 מ""ל",false,1,80.00,10.6667,true,1,307466
8420675387152,false,יין סרדה אדום 750 מל,,,יין סרדה אדום 750 מל פיקדון,Unknown,0.00,Unknown,false,1,45.00,0.0000,true,1,307469
8420675388111,false,יין אלקלה אדום 750 מ,,,יין אלקלה אדום 750 מל פיקדון,Unknown,0.00,Unknown,false,1,60.00,0.0000,true,1,307468
8420675389118,false,יין אלקלה קריאנזה750,VINOS JEROMIN S.L,,יין אלקלה קריאנזה750מל פיקדון,מיליליטרים,750.00,"100 מ""ל",false,1,60.00,8.0000,true,1,307467
8420708012822,false,"גבינת קשקבל ספרדי, 200 גרם",מיוצר עי קונדיטוריית,ES,גבינת קשקבל בשלה 200 גרם,גרמים,200.00,100 גרם,false,1,22.90,11.4500,true,1,244153
8420708018817,false,גבינת מנצ'גו בשלה 150 גרם,האי נאם סי או אל.טי.,ES,גבינת מנצגו 150 גרם,גרמים,150.00,100 גרם,false,1,27.90,18.6000,true,1,300900
8420822130600,false,"ספריי סופר מסיר שומנים 750מ""ל יעקבי",קה לורדה,ES,מסיר שומנים סופר 750מל קיי אייץ7,מיליליטרים,750.00,"100 מ""ל",false,12,15.90,2.1200,true,1,333568
8420822130624,false,"ספריי סופר מסיר כתמים 750מ""ל יעקבי",קה לורדה,ES,מסיר כתמים סופר 750מל קיי אייץ7,מיליליטרים,750.00,"100 מ""ל",false,12,19.90,2.6533,true,1,333567
8420878580800,false,עוגת אוראו 350 גרם ק,,ES,עוגת אוראו 350 גרם קפואה,גרמים,350.00,100 גרם,false,6,31.90,9.1143,true,1,336550
8420878580817,false,עוגת פילדלפיה 350 גר,,ES,עוגת פילדלפיה 350גר קפואה,גרמים,350.00,100 גרם,false,6,31.90,9.1143,true,1,336549
8420878585744,false,עוגת מילקה 350 גרם ק,,ES,עוגת מילקה 350 גרם קפואה,גרמים,350.00,100 גרם,false,6,31.90,9.1143,true,1,336551
8420878599017,false,עוגת פילדלפיה בציפוי,,ES,עוגת פילדלפיה 350גר בציפוי פטל קפואה,גרמים,350.00,100 גרם,false,6,31.90,9.1143,true,1,336552
8421401301206,false,פפריקה מעושנת חריפה 70 ג,לה צ'ינטה קרטה,ES,פפריקה ספרדית מעושנת חריפה 70 גרם,Unknown,0.00,Unknown,false,12,14.90,0.0000,true,1,324294
8422019006002,false,חומץ שרי ספרדי 750 מ,חוזה פאז לובטו,,חומץ שרי ספרדי 750 מל,מיליליטרים,375.00,"100 מ""ל",false,1,39.90,10.6400,true,1,315677
8422019007009,false,חומץ שרי ספרדי 375 מ,חוזה פאז לובטו,,חומץ שרי ספרדי 375 מל,מיליליטרים,375.00,"100 מ""ל",false,1,25.90,6.9067,true,1,246264
8422864000330,false,יין זאן לאון רוזה 30,,ES,יין זאן לאון רוזה 3055 750 מל,מיליליטרים,750.00,"100 מ""ל",false,6,60.00,8.0000,true,1,337493
8422864310040,false,יין זאן לאון לבן 305,,ES,יין זאן לאון לבן 3055 750 מל,מיליליטרים,750.00,"100 מ""ל",false,6,60.00,8.0000,true,1,337492
8423207206488,false,סלים דליס חטיף דגנים מצופה שוקולד חלב מרבה 6*20 גרם,אף.סי תבליני בגליל ב,ES,ח.דגנים סלימדליס שוקולד חלב6יח,גרמים,120.00,100 גרם,false,1,11.90,9.9167,true,1,232818
8423207206495,false,סלים דליס חטיף דגנים מצופה שוקולד מריר מרבה 6*20 גרם,אף.סי תבליני בגליל ב,ES,ח.דגנים סלימדליס שוקולד מריר6יח,גרמים,120.00,100 גרם,false,1,11.90,9.9167,true,1,232819
8423207206501,false,סלים דליס חטיף דגנים עם שוקולד חלב מרבה 6*13 גרם,סלים דליס Slim Delis,ES,ח.דגנים סלימדליס שוקולד חלב6יח,גרמים,78.00,100 גרם,false,1,11.90,15.2564,true,1,232820
8423207207362,false,חטיפי סלים דליס שוקולד לבן מרבה 6 יחידות,ביסנצ'ורי אס.אל.יו,ES,ח.דגנים סלימדליס שוקולד לבן6יח,גרמים,120.00,100 גרם,false,1,11.90,9.9167,true,1,238321
8423207208260,false,מרבה סלים דליס 125 ג' ללא גלוטן שוקולד חלב,ביסנצ'ורי אס.אל.יו,ES,ח.דגנים סלימדליס ל.גלוטן 6יח,גרמים,120.00,100 גרם,false,1,11.90,9.9167,true,1,298535
8423207208680,false,חטיף דגנים שוקולד סלים דליס לילדים מרבה 6 יחידות,ביסנצ'ורי אס.אל.יו,ES,ח.דגנים ילדים סלימדליס שוקולד חלב6יח,גרמים,120.00,100 גרם,false,1,11.90,9.9167,true,1,296654
8423207208697,false,חטיפי סלים דליס לילדים שוקולד לבן מרבה 6 יחידות,ביסנצ'ורי אס.אל.יו,ES,ח.דגנים ילדים סלימדליס שוקולד לבן6יח,גרמים,120.00,100 גרם,false,1,11.90,9.9167,true,1,296655
8423207208703,false,חטיפי סלים דליס שוקולד מריר מרבה 6 יחידות,ביסנצ'ורי אס.אל.יו,ES,ח.דגנים ילדים סלימדליס שוקולד מריר6יח,גרמים,120.00,100 גרם,false,1,11.90,9.9167,true,1,296656
8423207208871,false,פריכיות תירס בטעם טבעי סלים דליס 130 גרם,סלים דליס Slim Delis,ES,פריכיות תירס טבעי סלים דליס 130 גר,גרמים,130.00,100 גרם,false,1,9.90,7.6154,true,1,298578
8423207208888,false,פריכיות תירס בטעם עגבניות ועשבי תיבול סלים דליס 123 ג',סלים דליס Slim Delis,ES,פריכיות תירס עגבניות סלים דליס123.5ג,גרמים,124.00,100 גרם,false,1,9.90,7.9839,true,1,298579
8423207208895,false,פריכיות תירס בטעם זיתים ועירית סלים דליס 123 ג',סלים דליס Slim Delis,ES,פריכיות תירס זיתים סלים דליס123.5ג,גרמים,124.00,100 גרם,false,1,9.90,7.9839,true,1,298580
8423207209885,false,מרבה חטיפי סלים דליס מהדורה מיוחדת שוקולד חלב,סלים דליס Slim Delis,ES,ח.דגנים סלימדליס שוקולד חלב 6 יח,גרמים,182.00,100 גרם,false,1,11.90,6.5385,true,1,311818
8423207210287,false,מרבה סלים דליס שוקולד לבן בטעם יוגורט 120 ג',סלים דליס Slim Delis,ES,ח.דגנים סלימדליס יוגורט שוקולד לבן6יח,גרמים,182.00,100 גרם,false,1,11.90,6.5385,true,1,314553
8423207210928,false,חטיף דגנים מצופה שוקולד חלב ואגוזי לוז - 5 במארז,נוטרישן אנד סנטה קוב,ES,ח.דגנים סלימדליס טופינג אגוזי לוז5יח,Unknown,0.00,Unknown,false,16,11.90,0.0000,true,1,323817
8423207210942,false,חטיף דגנים מצופה שוקולד לבן ופירות יער,נוטרישן אנד סנטה קוב,ES,ח.דגנים סלימדליס טופינג פירות יער 5יח,Unknown,0.00,Unknown,false,16,11.90,0.0000,true,1,323818
8423207210966,false,חטיף רב דגנים מצופה שוקולד לבן קוקוס ולימון,נוטרישן אנד סנטה קוב,ES,ח.דגנים סלימדליס טופינג קוקוס ולימון5יח,Unknown,0.00,Unknown,false,16,11.90,0.0000,true,1,323816
8423207210980,false,סלים דליס טופינג קליפת תפוז 90 גרם,נוטרישן אנד סנטה קוב,ES,ח.דגנים סלימדליס טופינג קליפת תפוז5יח,Unknown,0.00,Unknown,false,16,11.90,0.0000,true,1,323819
8423339924014,false,יין פסקוארה טינטו רי,,ES,יין פסקוארה טינטו ריאנזה 750מל פקדון,מיליליטרים,750.00,"100 מ""ל",false,1,125.00,16.6667,true,1,233389
8423339965338,false,יין קונדדו דה האזה ק,,,יין קונדדו דה האזה קריאנזה 750מל פקדון,מיליליטרים,750.00,"100 מ""ל",false,1,85.00,11.3333,true,1,229324
8423453905692,false,"בירה ווילדר לאגר 500 מ""ל פחית",פונט סאלם וולנסיה ספרד,ES,בירה ווילדר לאגר 500מל פחית פקדון,מיליליטרים,500.00,"100 מ""ל",false,24,8.90,1.7800,true,1,316957
8423453905715,false,בירה ווילדר חיטה פחית500,פונט סאלם וולנסיה,ES,בירה ווילדר חיטה 500מל פחית פקדון,מיליליטרים,500.00,"100 מ""ל",false,24,7.90,1.5800,true,1,316958
8423453905739,false,"שישיית בירה ווילדר לאגר 330 מ""ל בקבוק",פונט סאלם וולנסיה ספרד,ES,מארז 6 יח בירה ווילדר לאגר 330מל בק.פקדו,מיליליטרים,1980.00,"100 מ""ל",false,4,32.90,1.6616,true,1,316960
8424842050016,false,צ'יפס בטעם כמהין 125 גרם רביו,רובין,FR,חטיף רוביו ציפס טעם כמהין 125 גרם,לא מנהל יחידת מידה,125.00,לא מנהל יחידת מידה,false,18,13.90,0.1112,true,1,329223
8424842050030,false,צ'יפס בטעם מלח הימלאי 125 גרם רביו,רובין,FR,חטיף רוביו ציפס ומלח החמלאיה 125 גרם,לא מנהל יחידת מידה,125.00,לא מנהל יחידת מידה,false,18,13.90,0.1112,true,1,329221
8424842050085,false,צ'יפס בטעם חרדל ודבש 125 גרם רביו,רובין,FR,חטיף רוביו ציפס חרדל ודבש 125 גרם,לא מנהל יחידת מידה,125.00,לא מנהל יחידת מידה,false,18,13.90,0.1112,true,1,329220
8424842201340,false,צ'יפס בטעם מסורתי פרימיום 130 גרם רביו,,ES,חטיף רוביו ציפס מסורתי 125 גרם,לא מנהל יחידת מידה,125.00,לא מנהל יחידת מידה,false,18,13.90,0.1112,true,1,329222
8425206000081,false,ריבת חלב מרדל 450 גרם,כלורוקס אוקלנד,ES,ריבת חלב מרדל 450 גר צנצנת,גרמים,450.00,100 גרם,false,12,17.90,3.9778,true,1,243379
8425206000142,false,ריבת חלב מרדל בקבוק לחיץ 370 גרם,MARDEL,ES,ריבת חלב מרדל לחיץ 370 גר,גרמים,370.00,100 גרם,false,12,17.90,4.8378,true,1,303402
8425206001736,false,סירופ ריבת חלב עם מל,,ES,סירופ בטעם ריבת חלב מלח ים 550 גרם,גרמים,550.00,100 גרם,false,12,20.00,3.6364,true,1,331089
8425704071019,false,יין טורה דה אוניה רז,לה ריוחה אלטה,,יין טורה דה אוניה רזרבה 750 מל,מיליליטרים,750.00,"100 מ""ל",false,1,120.00,16.0000,true,1,308895
8427030007281,false,סימילאק גולד קומפורט 1 תרכובת מזון על בסיס חלב,סימילאק Similac,ES,ת.חלב סימילק קונפורט שלב 1 820 גר,גרמים,820.00,100 גרם,false,1,109.90,13.4024,true,1,325069
8427030007298,false,סימילאק גולד קומפורט 2 תרכובת מזון על בסיס חלב,אבוט לבורטוריס ס.א.,ES,ת.חלב סימילק קונפורט שלב 2 820 גר,גרמים,820.00,100 גרם,false,1,109.90,13.4024,true,1,325070
8428818164172,false,מלח ים אטלנטי אפור ל,,,מלח אטלנטי אפור לח טבעי 1 קג,קילוגרמים,1.00,"ק""ג",false,1,18.00,18.0000,true,1,245729
8429073021019,false,יין קאמין דל פריוראט,ספרד - אלווארו פאלסי,,יין קאמין דל פריוראט אדום 750מל,מיליליטרים,750.00,"100 מ""ל",false,1,100.00,13.3333,true,1,333685
8435495805168,false,"תינוקלין לכביסה לעור רגיש אולימפיק 1.25ק""ג",מולינו ניקולי s.p.a,PL,אבקת כביסה תינוקלין 1.25 קג,קילוגרמים,1.25,"ק""ג",false,1,24.90,19.9200,true,1,312757
8435495805199,false,"אבקת כביסה תינוקלין שקית 3 ק""ג.",מולינו ניקולי s.p.a,TR,אב.כביסה תינוקלין 3 קג בשקית,קילוגרמים,3.00,"ק""ג",false,1,49.90,16.6333,true,1,313491
8435495807605,false,תינוקלין מרכך כביסה היפואלרגני מרוכז 1 ליטר,מולינו ניקולי s.p.a,TR,מרכך כביסה תינוקלין היפואלרגני 1 ליטר,ליטרים,1.00,ליטר,false,15,19.90,19.9000,true,1,315803
8435495807636,false,ג'ל כביסה היפואלרגני 2 ל' תינוקלין,פרוקטר אנד גמבל,TR,גל כביסה תינוקלין 2 ליטר,ליטרים,2.00,ליטר,false,6,34.90,17.4500,true,1,317640
8435495819363,false,תינוקלין מרכך כביסה היפואלרגני 1 ליטר,פרוקטר אנד גמבל,TR,מרכך כביסה תינוקלין פרש 1 ליטר,ליטרים,1.00,ליטר,false,15,19.90,19.9000,true,1,333409
8436028380008,false,יין דינסטיה ויונקו20,bodegas vivanco,,יין דינסטיה ויונקו2005 קריאנזה750מל פיקו,מיליליטרים,750.00,"100 מ""ל",false,1,60.00,8.0000,true,1,228711
8436028380015,false,יין ויוואנקו רזרבה ר,bodegas vivanco,ES,יין ויוואנקו רזרבה ריוחה אדום 750 מל,מיליליטרים,750.00,"100 מ""ל",false,1,85.00,11.3333,true,1,228712
8436535580137,false,זעפרן ספרדי 0.5 גר א,,,זעפרן ספרדי 0.5 גר אלברולה בקופסא,Unknown,0.00,Unknown,false,1,16.90,0.0000,true,1,228886
8436536120028,false,שקדים קלופים מטוגנים,,ES,שקדים קלופים מטוגנים מרקונה 215 גרם,גרמים,215.00,100 גרם,false,24,36.90,17.1628,true,1,323011
8436575292205,false,ארטיק חמשושים מאגדת 15*12 גר',גלידות נסטלה )נגה גלידות,IL,מאגדת חמשושים 180גר,גרמים,180.00,100 גרם,false,6,17.90,9.9444,true,1,315922
8437000906209,false,"טורטיה ספרדי קמח 25 ס""מ 325 גרם",Azteca foods europe,ES,עלי טורטיה קמח מלא 16 יח 320 גר,גרמים,320.00,100 גרם,false,1,11.90,3.7188,true,1,231130
8437001603343,false,משקה פינה קולדה 700,,,משקה פינה קולדה 700 מל,מיליליטרים,700.00,"100 מ""ל",false,1,59.00,8.4286,true,1,324459
8437001603602,false,מוחיטו קומפאיי 700 מ,,,מוחיטו קוצפאיי 700 מל,מיליליטרים,700.00,"100 מ""ל",false,1,65.00,9.2857,true,1,241659
8437001603701,false,משקה סנגריה לוליילו,,,סנגריה לוליילו 750 מל פיקדון,Unknown,0.00,Unknown,false,1,35.00,0.0000,true,1,241657
8437001603732,false,סנגריה 3 ליטר בקרטון +ברז,,,סנגריה לוליילו 3 ל,ליטרים,3.00,ליטר,false,1,75.00,25.0000,true,1,225479
8437008915456,false,טורטיה ספרדי 5 דגנים 325 גרם,Azteca foods europe,ES,עלי טורטיה חמישה דגנים 20 יח 320 גר,גרמים,320.00,100 גרם,false,1,11.90,3.7188,true,1,242920
8437011284006,false,גין מומבסה קלאב לונד,,,גין מומבסה קלאב לונדון 700 מל,מיליליטרים,700.00,"100 מ""ל",false,1,155.00,22.1429,true,1,295204
8437012917019,false,יין לבן גרנש 750 מל,HERENCIA ALTES,,יין לבן גרנש 750 מל,מיליליטרים,750.00,"100 מ""ל",false,1,65.00,8.6667,true,1,244628
8437012917187,false,יין אדום בנופט 750 מ,HERENCIA ALTES,,יין אדום בנופט 750 מל,מיליליטרים,750.00,"100 מ""ל",false,1,100.00,13.3333,true,1,244630
8437017535256,false,יין בודגאס אלברו פול,,,יין בודגאס אלברו פוליזון אורגני 750 מל,מיליליטרים,750.00,"100 מ""ל",false,1,65.00,8.6667,true,1,333435
8445290341587,false,פנסי פיסט פטה דג לבן ועוף 85 ג,נסטלה פורינה USA ג',US,מזון חתולים פטה דג לבן ועוף 85 גרם,גרמים,85.00,100 גרם,false,24,6.50,7.6471,true,1,337072
8445290341617,false,פנסי פיסט פטה עוף וסלמון 85גר,נסטלה פורינה USA סט,US,מזון חתולים פטה עוף ווסלמון 85 גר,גרמים,85.00,100 גרם,false,24,6.50,7.6471,true,1,337071
8445290341655,false,פנסי פיסט פטה עוף 85 גרם,נסטלה פורינה USA ג',US,מזון חתולים פטה עוף 85 גר,גרמים,85.00,100 גרם,false,24,6.50,7.6471,true,1,337073
8445290427120,false,דגני פיטנס Fitness שוקולד מריר ובננה,נסטלה צרפת איטנקורט,FR,דגני פיטנס שוקולד מריר ובננה 330 ג,גרמים,330.00,100 גרם,false,1,19.90,6.0303,true,1,336716
8500001230021,false,לחם טוטם שטיינבך כ,,IL,לחם טוטם שטיינבך כ-600גרם,יחידה,1.00,יחידה,false,1,26.00,26.0000,true,1,322362
8500001230045,false,לחם סומסומון שטיינבך,,IL,לחם סומסומון שטיינבך כ-750גרם,יחידה,1.00,יחידה,false,1,26.00,26.0000,true,1,322744
8500001230076,false,לחם מלך ארגמן שטיינב,,IL,לחם מלך ארגמן שטיינבך כ-750גרם,יחידה,1.00,יחידה,false,1,26.00,26.0000,true,1,322364
8500001230083,false,לחם הודנא שחור לבן,,IL,לחם הודנא שחור לבן שטיינבך כ-750גרם,יחידה,1.00,יחידה,false,1,26.00,26.0000,true,1,322365
8500001230113,false,לחם פשוט בכפר פת שטי,,IL,לחם פשוט בכפר פת שטיינבך,יחידה,1.00,יחידה,false,1,22.00,22.0000,true,1,322366
8500001230120,false,לחם שועלי שבולת שועל,,IL,לחם שועלי שבולת שועל שטיינבך כ-750גרם,יחידה,1.00,יחידה,false,1,26.00,26.0000,true,1,322367
8500001230151,false,לחם זיתון כפרי בתוספ,,IL,לחם זיתון כפרי בתוספת זיתי קלמטה כ-750גר,יחידה,1.00,יחידה,false,1,26.00,26.0000,true,1,322370
8500001230496,false,לחם כוסמין לשועל שטי,,IL,לחם כוסמין לשועל שטיינבך כ-750גר,יחידה,1.00,יחידה,false,1,28.00,28.0000,true,1,322372
8500001230519,false,לחם רק כוסמין שטיינב,,IL,לחם רק כוסמין שטיינבך כ-750גר,יחידה,1.00,יחידה,false,1,26.00,26.0000,true,1,322371
8500001312154,false,עוגיות בטעמים בקופסא,פרוקטר אנד גמבל,,עוגיות בטעמים בקופסא,Unknown,0.00,Unknown,false,6,32.90,0.0000,true,1,323813
8593868000050,false,"סטארופרמן פרימיום בהיר 500 מ""ל פחית",סטארופרמן,CZ,בירה סטארופרמן בהירה פח 500 מל פקדון,מיליליטרים,500.00,"100 מ""ל",false,1,8.90,1.7800,true,1,321486
8593868002368,false,בירה סטארופרמן אנפילטר בירה 500 מל בקבוק,,CZ,בירה סטארופרמן 500מל לא מסונן בק.פקדון,מיליליטרים,500.00,"100 מ""ל",false,1,10.00,2.0000,true,1,321487
8593868004737,false,מארז 6 יח בירה מילר,Miller Europe,,מארז 6 יח בירה מילר בק 330 מל פקדון,ליטרים,1.98,ליטר,false,1,39.90,20.1515,true,1,318606
8593868006014,false,בירה בלו מון פחית 50,"איי, בי, אינבוו",CZ,בירה בלו מון 500 מל 5.4% פח. פקדון,מיליליטרים,500.00,"100 מ""ל",false,24,11.90,2.3800,true,1,326742
8594006931328,false,בירה פרימטור ויצן 500 מל צכיה,,CZ,בירה פרימטור וויצנביר 5% 500 מל,מיליליטרים,500.00,"100 מ""ל",false,1,11.90,2.3800,true,1,232038
8594196130549,false,משקה אנרגיה ט.קאנביס,,CZ,משקה אנרגיה ט.קאנביס 330מל פח.פקדון,מיליליטרים,330.00,"100 מ""ל",false,24,8.90,2.6970,true,1,335010
8594200060015,false,בירה צסקה פינטה 568 מל פחית,"""cesu alus""",,בירה צסקה פינטה 500מל פח.פקדון,מיליליטרים,500.00,"100 מ""ל",false,1,10.00,2.0000,true,1,337280
8594403707649,false,"בירה באדוויזר דארק לאגר 500 מ""ל פחית","מיוצר ע""\י מבשלת טוכרn\",CZ,בירה באדוויזר דארק לאגר 500מל פח.פקדון,מיליליטרים,500.00,"100 מ""ל",false,1,8.90,1.7800,true,1,335317
8594403707977,false,"בירה באדוויזר לאגר פחית 500 מ""ל","מיוצר ע""\י מבשלת טוכרn\",CZ,בירה באדוויזר לאגר 500מל פח.פקדון,מיליליטרים,500.00,"100 מ""ל",false,1,8.90,1.7800,true,1,336177
8594404110110,false,בירה פילסנר אוראקוול 500 מל,Plznsky,IT,בירה פילזנר אורקוול 500מל,מיליליטרים,500.00,"100 מ""ל",false,1,14.90,2.9800,true,1,219342
8594405105429,false,"ליקר בחרובקה 700 מ""ל-חדש",,,ליקר בחרובקה 700 מל,מיליליטרים,700.00,"100 מ""ל",false,1,99.00,14.1429,true,1,317372
8606018615827,false,גלידת וניל עם שברי עוגיות אוראו 480 גרם,פרונרי סרביה,RS,גלידה פיינט אוראו 480מל,מיליליטרים,480.00,"100 מ""ל",false,6,19.90,4.1458,true,1,334339
8606018615841,false,גלידה וניל עם ליבת שוקולד חלב מעולה 480 גרם,פרונרי סרביה,RS,גלידה פיינט מילקה וניל ליבת שוקולד 480מל,מיליליטרים,480.00,"100 מ""ל",false,6,19.90,4.1458,true,1,334340
8606018615865,false,פיינט מילקה קרמל ליבת שוקולד 480 גרם,פרונרי סרביה,RS,גלידה פיינט מילקה קרמל ליבת שוקולד 480מל,מיליליטרים,480.00,"100 מ""ל",false,6,19.90,4.1458,true,1,334341
8606109023593,false,"פרוויטה - מיץ תפוחי עץ ואגסים 750 מ""ל",פרובישקה,RS,מיץ פרוויטה תפוחי עץ אגסים 750מל פקדון,מיליליטרים,750.00,"100 מ""ל",false,6,12.90,1.7200,true,1,324471
8606109023609,false,"פרוויטה - מיץ תפוחי עץ ודובדבנים חמוצים 750 מ""ל",,IL,מיץ פרוויטה תפוחי עץ דובדבן 750מל פקדון,מיליליטרים,750.00,"100 מ""ל",false,6,12.90,1.7200,true,1,324472
8606109023623,false,"פרוויטה - מיץ תפוחי עץ ולימון ליים 750 מ""ל",פרובישקה,RS,מיץ פרוויטה תפוחי עץ לימון ליים750מל פק.,מיליליטרים,750.00,"100 מ""ל",false,6,12.90,1.7200,true,1,324474
8606109023715,false,"פרוויטה - מיץ תפוחי עץ ואפרסקים 750 מ""ל",פרובישקה,RS,מיץ פרוויטה תפוחי עץ אפרסקים 750מל פקדון,מיליליטרים,750.00,"100 מ""ל",false,6,12.90,1.7200,true,1,325272
8606109023722,false,"פרוויטה - מיץ תפוחי עץ ומשמשים 750 מ""ל",,RS,מיץ פרוויטה תפוחי עץ משמשים 750מל פקדון,מיליליטרים,750.00,"100 מ""ל",false,6,12.90,1.7200,true,1,325271
8683130008355,false,מיונז שום לחיץ אמיתי הלמנס 400 גרם,יוניליוור ישראל שיווק בע,TR,מיונז הלמנס שום לחיץ 400 גרם,גרמים,400.00,100 גרם,false,8,13.90,3.4750,true,1,332546
8683130008935,false,"הלמנס קטשיונז 425 גר{הרב רלב""ג}",יוניליוור ישראל שיוו,TR,הלמנס קטשיונז 425 גרם,גרמים,425.00,100 גרם,false,8,13.90,3.2706,true,1,333748
8683130025574,false,"מרכך כביסה מרוכז אקסטרה לבנדר בדין 960 מ""ל",יבוא ושיווק: יוניליוור י,TR,מרכך כביסה בדין אקסטרא לבנדר 960 מל,מיליליטרים,960.00,"100 מ""ל",false,1,16.90,1.7604,true,1,336333
8683130025581,false,"מרכך כביסה מרוכז אקסטרה ענבר בדין 960 מ""ל",יבוא ושיווק: יוניליוור י,TR,מרכך כביסה בדין אקסטרא ענבר 960 מל,מיליליטרים,960.00,"100 מ""ל",false,1,16.90,1.7604,true,1,336332
8683130028506,false,פנטסטיק סיף גל אקונמיקה בריח פרחים 750,יוניליוור,IL,גל אסלות סיף 750 מל אקונומיקה פרחים,מיליליטרים,750.00,"100 מ""ל",false,1,12.90,1.7200,true,1,337436
8683130028520,false,גל לנ.כללי סיף אקונומיקה בנ.רענן 750 מל,יוניליוור,IL,גל אסלות סיף 750 מל אקונומיקה רענן,מיליליטרים,750.00,"100 מ""ל",false,1,12.90,1.7200,true,1,337437
8683323063024,false,יוגטה שטיחים בטעם תותי פרוטי 220 גרם,ליימן מותגים,TR,ממתק יוגטה תותי פרוטי 220גרם,גרמים,220.00,100 גרם,false,1,6.90,3.1364,true,1,303814
8686868600044,false,המותג אביזרי שיער,,CN,אביזרי שיער,Unknown,0.00,Unknown,false,1,6.90,0.0000,true,1,308028
8686868600068,false,המותג אביזרי שיער,,CN,אביזרי שיער,Unknown,0.00,Unknown,false,1,8.90,0.0000,true,1,308030
8686868600075,false,המותג אביזרי שיער,,CN,אביזרי שיער,Unknown,0.00,Unknown,false,1,9.90,0.0000,true,1,308031
8686868600105,false,אביזרי שיער מברשות ה,,CN,אביזרי שיער,Unknown,0.00,Unknown,false,1,12.90,0.0000,true,1,308034
8686868600112,false,המותג אביזרי שיער,,CN,אביזרי שיער,Unknown,0.00,Unknown,false,1,13.90,0.0000,true,1,308035
8686868600129,false,המותג אביזרי שיער,,CN,אביזרי שיער,Unknown,0.00,Unknown,false,1,14.90,0.0000,true,1,308036
8686868600174,false,המותג אביזרי שיער,,CN,אביזרי רחצה,Unknown,0.00,Unknown,false,1,19.90,0.0000,true,1,308040
8686868600211,false,"מטריה לילדים 47 ס""מ",,,מטריית ילדים,Unknown,0.00,Unknown,false,1,19.90,0.0000,true,1,325000
8686868600235,false,אביזרי טיפוח שונים,,CN,אביזרי טיפוח שונים,Unknown,0.00,Unknown,false,1,12.90,0.0000,true,1,308204
8686868600259,false,"מטריה גדולה 70 ס""מ צבעונית",,CN,מטריה אוטומטית,Unknown,0.00,Unknown,false,1,29.90,0.0000,true,1,308644
8690504081913,false,מקוויטיס טינס מצופה שוקולד חלב 150 גרם,"אולקר ביסקווי סנאי,",TR,ביסקויט טינס מצופה חלב 150 גרם,גרמים,150.00,100 גרם,false,1,10.90,7.2667,true,1,312209
8690504081920,false,מקוויטיס טינס מצופה שוקולד מריר 150 גרם,"אולקר ביסקווי סנאי, א.ס.",TR,ביסקויט טינס מצופה מריר 150 גרם,גרמים,150.00,100 גרם,false,1,10.90,7.2667,true,1,312208
8690504081937,false,מקוויטיס טינס שוקולד חלב וקפוצינו 150 גר,"אולקר ביסקווי סנאי,",TR,ביסקויט טינס מצופה קפוצינו 150 גרם,גרמים,150.00,100 גרם,false,1,10.90,7.2667,true,1,312210
8690504153740,false,גודייבה שוקולד מריר במילוי קרם גנאש 86 גרם,ביסקוט ביסקווי סילבר,TR,שוקולד גודאיבה מריר גנאש מריר 86 גרם,Unknown,0.00,Unknown,false,18,13.90,0.0000,true,1,315713
8690504153849,false,גודייבה שוקולד חלב במילוי קרם בטעם פרלין אגוזים 83 גרם,"אולקר מקבוצת פלאדיס,",TR,שוקולד גודאיבה חלב ק.אגוז86 גרם,Unknown,0.00,Unknown,false,18,13.90,0.0000,true,1,315714
8690504156543,false,טבלת שוקלד חלב ממולא בקרם גנאש שוקולד חלב 88 גר',ביסקוט ביסקווי סילברי,TR,שוקולד גודאיבה גנאש חלב 88 גרם,Unknown,0.00,Unknown,false,18,13.90,0.0000,true,1,320774
8690520574703,false,מארז 6יח ב. אפס מלון,,,מארז 6יח ב. אפס מלון מנגו ל.אלכוהול 330מ,מיליליטרים,1980.00,"100 מ""ל",false,1,19.90,1.0051,true,1,329596
8690526009254,false,אתי מיני עוגות אישיות במילוי קרם קקאו144,"GIDA ETI , טורקיה n\",TR,מיני עוגה אישית מצופה מילוי קרם קקאו144,גרמים,144.00,100 גרם,false,20,9.90,6.8750,true,1,330902
8690526019147,false,אי טי אי - וופל במילוי קרם אגוזי לוז 142 גרם,"GIDA ETI , טורקיה n\",TR,וופל קקאו במילוי קרם אגוזי לוז 142 גרם,גרמים,142.00,100 גרם,false,20,7.90,5.5634,true,1,330898
8690526039213,false,עוג.מצופות וקוקס קלוי100,"GIDA ETI , טורקיה n\",TR,עוגיות מצופות שוקולד וקוקס קלוי 100 גרם,גרמים,100.00,100 גרם,false,20,7.90,7.9000,true,1,330900
8690531032377,false,פלפלים קטנים חריפים במי מלח 340 גרם,גנגיר גידה,TR,פלפל שיפקונית גורמט 340 גרם,גרמים,34000.00,100 גרם,false,12,7.90,0.0232,true,1,325378
8690572775288,false,"גליס מרכך סרום שיקום עמוק 400 מ""ל",שוורצקוף Schwarzkopf,TR,מרכך שיער גליס דיפ ריפייר 400 מל,מיליליטרים,400.00,"100 מ""ל",false,1,16.90,4.2250,true,1,298213
8690572778326,false,פה ד.ספרי אנטיפרספינט 200 מל 1/12,שוורצקופף והנקל,DE,דאו פה ספריי דריי פרוטקט כותנה 200 מל,מיליליטרים,200.00,"100 מ""ל",false,1,11.90,5.9500,true,1,303284
8690572783931,false,"פה - דאודורנט ספריי לגבר אינוויזיבל פאוואר 200 מ""ל",שוורצקופף והנקל,DE,דאו פה ספריי 200מל כח לא נראה,מיליליטרים,200.00,"100 מ""ל",false,12,11.90,5.9500,true,1,311455
8690572784303,false,"שוורצקוף גליס שמפו לשיער לאורך מושלם, 400 מ""ל",שוורצקופף והנקל,TR,שמפו גליס 400מל לאורך מושלם,מיליליטרים,400.00,"100 מ""ל",false,1,16.90,4.2250,true,1,314182
8690572784327,false,מסכה לשיער ארוך עם קצוות מפוצלים Supreme Length,שוורצקופף והנקל,SI,מסכת שיער גליס 300מל לאורך מושלם,מיליליטרים,300.00,"100 מ""ל",false,1,24.90,8.3000,true,1,314183
8690572786222,false,מרכך גליס Gliss לשיער ארוך Supreme Length,שוורצקופף והנקל,TR,מרכך שיער גליס 400מל לאורך מושלם,מיליליטרים,400.00,"100 מ""ל",false,1,16.90,4.2250,true,1,314181
8690572788851,false,"גליס - שמפו ביו טק 400 מ""ל",שוורצקופף והנקל,TR,שמפו גליס ביוטק 400 מל,מיליליטרים,400.00,"100 מ""ל",false,1,16.90,4.2250,true,1,320759
8690572788912,false,"גליס - ביו טק מרכך 400 מ""ל",שוורצקופף והנקל,TR,מרכך גליס ביוטק 400 מל,מיליליטרים,400.00,"100 מ""ל",false,1,16.90,4.2250,true,1,320760
8690572794692,false,"גליס - שמפו לאיזון והזנת הקרקפת 400 מ""ל","הובי קוסמטיק, חברת ייצור",TR,שמפו גליס נוטרי באלאנס 400 מל,מיליליטרים,400.00,"100 מ""ל",false,1,16.90,4.2250,true,1,327377
8690572794715,false,"גליס - מרכך לאיזון והזנת הקרקפת 400 מ""ל","הובי קוסמטיק, חברת ייצור",TR,מרכך שיער גליס נוטרי באלאנס 400 מל,מיליליטרים,400.00,"100 מ""ל",false,1,16.90,4.2250,true,1,327378
8690637073373,false,תה שחור ברגמוט ארל גריי ליפטון 25 יחידות,יונילוור - תורכיה,TR,ארל גריי - 25 סרוויס,יחידה,25.00,יחידה,false,12,8.00,0.3200,true,1,225059
8690637073434,false,תה ליפטון ארל גריי 100 שקיקים,ליפטון Lipton,,תה ארל גריי 100 יח ליפטון,יחידה,100.00,יחידה,false,1,20.90,0.2090,true,1,225060
8690637503856,false,ממרח הלמנס כ- 40% פחות שומן לעומת מיונז,אפפילד איסטנבול ייצור מז,TR,מיונז הלמנס אמיתי לחיץ 395 גר,גרמים,395.00,100 גרם,false,8,13.90,3.5190,true,1,325993
8690637504426,false,"קרם ניקוי סיף בניחוח לימון 500 מ""ל",יוניליוור סנאיי וי טיקאר,TR,קרם סיף לניקוי לימון 500 מל,מיליליטרים,500.00,"100 מ""ל",false,1,14.90,2.9800,true,1,333379
8690637505607,false,בדין אקסטרה מרכך כביסה בניחוח פינוק כחול,יוניליוור סנאיי וי טיקאר,TR,מרכך כביסה בדין אקסטרא 960מל פינוק קלאסי,מיליליטרים,960.00,"100 מ""ל",false,1,16.90,1.7604,true,1,328950
8690637505614,false,"מרכך כביסה בדין אקסטרה פינוק קוקוס 960 מ""ל",יוניליוור סנאיי וי טיקאר,TR,מרכך כביסה בדין אקסטרא 960מל פינוק קוקוס,מיליליטרים,960.00,"100 מ""ל",false,1,16.90,1.7604,true,1,328951
8690637505935,false,דאב תחליב רחצה לידיים שמן אבוקדו ותמצית קלנדולה,דאב Dove,TR,תרחיץ ידיים דאב 500מל ניחוח אבוקדו,מיליליטרים,500.00,"100 מ""ל",false,1,18.90,3.7800,true,1,333373
8690637505959,false,דאב סבון ידיים הזנה לוטוס 500 מל,General,TR,תרחיץ ידיים דאב 500מל ניחוח לוטוס,מיליליטרים,500.00,"100 מ""ל",false,1,18.90,3.7800,true,1,333374
8690637555084,false,"מרכך כביסה מרוכז אקסטרה פריחת התפוז בדין 960 מ""ל",יוניליוור סנאיי וי טיקאר,TR,בדין אקסטרא פריחת התפוז 960מל,מיליליטרים,960.00,"100 מ""ל",false,16,16.90,1.7604,true,1,226862
8690637688195,false,"תה ירוק קלאסי ליפטון 20 יחידות בד""צ",יונילוור - תורכיה,TR,תה ליפטון ירוק קלאסי 20 יח,יחידה,20.00,יחידה,false,1,15.90,0.7950,true,1,241742
8690637704277,false,"שמפו ומרכך לשיער רגיל 600 מ""ל דאב",יוניליוור טורקיה. אזור ת,TR,דאב שמפו יום יומי 2 ב-1 600מל,מיליליטרים,600.00,"100 מ""ל",false,16,18.90,3.1500,true,1,244229
8690637704291,false,שמפו לשיקום אינטנסיבי לשיער פגום,יוניליוור טורקיה. אזור ת,TR,דאב שמפו משקם 600מל,מיליליטרים,600.00,"100 מ""ל",false,16,18.90,3.1500,true,1,244222
8690637704376,false,"שמפו לטיפוח יום יומי דאב 600 מ""ל",יוניליוור סנאיי וי טיקאר,TR,שמפו דאב יום יומי 600 מל,מיליליטרים,600.00,"100 מ""ל",false,1,18.90,3.1500,true,1,244230
8690637704390,false,"מרכך שיער לטיפוח יום יומי דאב 600 מ""ל",יוניליוור טורקיה. אזור ת,TR,דאב מרכך יום יומי 600מל,מיליליטרים,600.00,"100 מ""ל",false,16,18.90,3.1500,true,1,244224
8690637704413,false,מרכך לשיקום אינטנסיבי לשיער פגום,יוניליוור טורקיה. אזור ת,TR,מרכך דאב לשיקום שיער פגום 600 מל,מיליליטרים,600.00,"100 מ""ל",false,1,18.90,3.1500,true,1,244223
8690637704437,false,שמפו עם שמני הזנה לטיפוח לשיער יבש,יוניליוור סנאיי וי טיקאר,TR,דאב שמפו שמני הזנה 600 מל,מיליליטרים,600.00,"100 מ""ל",false,16,18.90,3.1500,true,1,244231
8690637704451,false,מרכך עם שמני הזנה לטיפוח לשיער יבש,יוניליוור טורקיה. אזור ת,TR,דאב מרכך שמני הזנה 600 מל,מיליליטרים,600.00,"100 מ""ל",false,16,18.90,3.1500,true,1,244225
8690637799594,false,תה ירוק ליפטון נענע בסגנון מרוקאי 20יח',בסן בסין סנאיי וי טי,TR,תה ליפטון ירוק נענע מרוקאי 20 יח,יחידה,20.00,יחידה,false,1,15.90,0.7950,true,1,299982
8690637835643,false,"תה ירוק לימונית ולאויזה 30 גרם ""ליפטון""",יונילוור - תורכיה,TR,תה ליפטון ירוק לימונית לואיזה 20 יח,יחידה,20.00,יחידה,false,1,15.90,0.7950,true,1,307528
8690637842399,false,מאגדת מגנום מיני דאבל פרי יער שוקולד 6 יח' נסטלה,יוניליוור סנאי וי סי,TR,מאגדת מיני מגנום דאבל שוקולד פרי יער 6יח,גרמים,282.00,100 גרם,false,1,29.90,10.6028,true,1,311398
8690637858734,false,גל לנ.כללי סיף אקונומיקה בנ.לימון 750 מל,יוניליוור ניקיון,IL,סיף גל לאסלות לימון 750 מל,מיליליטרים,750.00,"100 מ""ל",false,1,12.90,1.7200,true,1,314255
8690637858741,false,פנטסטיק סיף גל אקונמיקה בריח רוח ים 750,יוניליוור ניקיון,IL,סיף גל לאסלות רוח ים 750 מל,מיליליטרים,750.00,"100 מ""ל",false,1,12.90,1.7200,true,1,314254
8690637858758,false,פנטסטיק סיף גל אקונמיקה בריח אורנים 750,יוניליוור ניקיון,IL,סיף גל לאסלות אורנים 750 מל,מיליליטרים,750.00,"100 מ""ל",false,1,12.90,1.7200,true,1,314256
8690637865589,false,"דאב תרחיץ ידיים בניחוח מלפפונים ותה ירוק 500 מ""ל",General,TR,תרחיץ ידיים דאב 500מל בניחוח מלפפון,מיליליטרים,500.00,"100 מ""ל",false,1,18.90,3.7800,true,1,317476
8690637865596,false,דאב תחליב רחצה לידיים 500 הזנה עמוקה,קוסטר אירוסול ולף סנ,TR,תרחיץ ידיים דאב הזנה 500מל,מיליליטרים,500.00,"100 מ""ל",false,1,18.90,3.7800,true,1,317477
8690637866753,false,"בדין מרכך כביסה מרוכז אקסטרה סגול 960 מ""ל",יונילוור - תורכיה,TR,מרכך כביסה בדין אקסטרא לבנדר 960 מל,מיליליטרים,960.00,"100 מ""ל",false,1,16.90,1.7604,true,1,312909
8690637871047,false,דאב שמפו בתוספת שמן קוקוס וכורכום 600 מל,יוניליוור סנאיי וי טיקאר,TR,שמפו דאב שמן קוקוס וכורכום 600 מל,מיליליטרים,600.00,"100 מ""ל",false,1,18.90,3.1500,true,1,315234
8690637871061,false,"דאב שמפו עם שמן אבוקדו ותמצית קלנדולה 600 מ""ל",יונילוור - תורכיה,TR,שמפו דאב שמן אבוקדו ותמציות קלנדולה 600מ,מיליליטרים,600.00,"100 מ""ל",false,1,18.90,3.1500,true,1,315235
8690637871085,false,הלמנ'ס רוטב ברביקיו 285 גרם,יוניליוור,TR,רוטב הלמנס ברביקיו לחיץ 250 גר,גרמים,250.00,100 גרם,false,12,11.90,4.7600,true,1,318874
8690637871108,false,הלמנ'ס ממרח חרדל 250 גרם,יוניליוור מזון,TR,חרדל הלמנס לחיץ 250 גר,גרמים,250.00,100 גרם,false,12,11.90,4.7600,true,1,318873
8690637871245,false,הלמנס מיונז אמיתי 395 גר' בקבוק לחיץ.,"בסטפוד - 3P ארה""ב Fo",TR,מיונז הלמנס אמיתי לחיץ 395 גר,גרמים,395.00,100 גרם,false,8,13.90,3.5190,true,1,317804
8690637890666,false,מאגדת מגנום מיני דאבל פיסטוק 6 יח' שטראוס,יוניליוור סנאיי וי ט,TR,מאגדת מיני מגנום דאבל פיסטוק 282גר 6יח,גרמים,282.00,100 גרם,false,1,29.90,10.6028,true,1,316867
8690637916977,false,מרכך עם שמן קוקוס וכורכום למראה שיער משוקם,יוניליוור סנאיי וי טיקאר,TR,מרכך דאב קוקוס 600מל,מיליליטרים,600.00,"100 מ""ל",false,1,18.90,3.1500,true,1,318767
8690637916991,false,מרכך דאב עם שמן אבוקדו ותמצית קלנדולה600,יונילוור - תורכיה,TR,מרכך דאב עם שמן אבוקדו 600 מל,מיליליטרים,600.00,"100 מ""ל",false,1,18.90,3.1500,true,1,318396
8690637946301,false,"בדין - מרכך כביסה אקסטרא בייביי כחול 960 מ""ל",יוניליוור סנאיי וי טיקאר,TR,מרכך כביסה בדין בייבי כחול 960 מל,מיליליטרים,960.00,"100 מ""ל",false,1,16.90,1.7604,true,1,321773
8690637946318,false,"מרכך כביסה בדין מרוכז אקסטרה בייבי טלק 960 מ""ל",יוניליוור סנאיי וי טיקאר,TR,מרכך כביסה בדין בייבי צהוב 960 מל,מיליליטרים,960.00,"100 מ""ל",false,1,16.90,1.7604,true,1,321772
8690637971310,false,"מרכך כביסה מרוכז אקסטרה בניחוח יערת הדבש בדין 960 מ""ל",יוניליוור סנאיי וי טיקאר,TR,מרכך כביסה בדין אקסטרא יערת דבש 960מל,מיליליטרים,960.00,"100 מ""ל",false,1,16.90,1.7604,true,1,324686
8690637976995,false,"מרכך כביסה מרוכז אקסטרה ורוד סחלבים פראי בדין 960 מ""ל",יוניליוור סנאיי וי טיקאר,TR,מרכך כביסה בדין אקסטרא ורוד 960מל,מיליליטרים,960.00,"100 מ""ל",false,1,16.90,1.7604,true,1,324687
8690637977794,false,תחליב רחצה לידיים בניחוח חמאת שיאה ווניל,קוסטר אירוסול ולף סנ,TR,תרחיץ ידיים דאב 500מל בניחוח שיאה ווניל,מיליליטרים,500.00,"100 מ""ל",false,1,18.90,3.7800,true,1,326218
8690637989612,false,שלגון שמנת בטעם וניל עם ריפל בטעם שוקולד 246 גרם,יונילוור סנאיי וי טיג'\,TR,מאגדת מיני מגנום דאבל דולצה גולד 6יח,גרמים,282.00,100 גרם,false,1,29.90,10.6028,true,1,327193
8690734354412,false,ספוגיות מתכת סקוטש ברייט אל חלד 2 יח,3m,CN,ספוגיות מתכת סקוטש ברייט אל חלד 2יח,יחידה,2.00,יחידה,false,24,8.90,4.4500,true,1,336753
8690757002444,false,"נוזל להברקת נעליים שחור 75 SILVERמ""ל",סילבר Silver,TR,נוזל להברקת נעלים שחור 75 מל,Unknown,0.00,Unknown,false,6,6.90,0.0000,true,1,308000
8690757002451,false,"נוזל להברקת נעליים חום 75 SILVERמ""ל",סילבר,TR,נוזל להברקת נעלים חום 75 מל,Unknown,0.00,Unknown,false,6,6.90,0.0000,true,1,307998
8690757002475,false,ספוג להברקת נעליים גדול SILVER -נטורל,סילבר Silver,TR,ספוג להברקת נעליים גדול נטורל סילבר,Unknown,0.00,Unknown,false,1,6.90,0.0000,true,1,308001
8690757002482,false,"ספוג מבריק נעליים עם צבע 6 מ""ל SILVER -שחור",סילבר,TR,ספוג להברקת נעליים עם צבע שחור סילבר,Unknown,0.00,Unknown,false,1,11.90,0.0000,true,1,308002
8690757002819,false,"תרסיס מונע ריח לנעליים סילבר 100 מ""ל",סילברמיל,TR,תרסיס מונע ריח לנעליים 100 מל סילבר,מיליליטרים,100.00,"100 מ""ל",false,6,26.90,26.9000,true,1,320699
8690766156367,false,גודייבה שוקולד חלב מעולה 90 גרם,"אולקר מקבוצת פלאדיס,",TR,שוקולד גודאיבה פיור חלב 90 גר,Unknown,0.00,Unknown,false,18,14.90,0.0000,true,1,320775
8690766156374,false,גודייבה שוקולד מריר מעולה 72% מוצקי קקאו 72גרם,"אולקר מקבוצת פלאדיס,",TR,שוקולד גודאיבה פיור 72% מריר 90גר,Unknown,0.00,Unknown,false,18,14.90,0.0000,true,1,320777
8690766156381,false,גודייבה שוקולד מריר 90% מוצקי קקאו 90 גרם,"אולקר מקבוצת פלאדיס,",TR,שוקולד גודאיבה פיור90% מריר 90 גר,Unknown,0.00,Unknown,false,18,14.90,0.0000,true,1,320778
8690766156398,false,"שוקולד חלב מעולה בתוספת שברי שקדים קלויים,דבש ומלח 90 גרם","אולקר מקבוצת פלאדיס, ציק",TR,שוקולד גודאיבה פיור חלב שברי שקדים 90גר,Unknown,0.00,Unknown,false,18,14.90,0.0000,true,1,320780
8690766156404,false,שוקולד מריר מעולה גודייבה תפוז אדום 90 גרם,גודייבה,TR,שוקולד גודאיבה פיור מריר תפוז90 גר,Unknown,0.00,Unknown,false,18,14.90,0.0000,true,1,320776
8690766156411,false,שוקולד מריר מעולה בטעם פלפל ורוד עם חתיכות תות מסוכר 90 גרם,"אולקר מקבוצת פלאדיס,",TR,שוקולד גודאיבה פיור מריר פלפל ורוד 90 גר,Unknown,0.00,Unknown,false,18,14.90,0.0000,true,1,320779
8690770322598,false,שמרים יבשים פוליבה הנמל 125 גרם,בראבו Bravo,TR,שמרים יבשים נמסים 125 גר בדץ,גרמים,125.00,100 גרם,false,1,4.90,3.9200,true,1,225319
8690777203012,false,פלפלים ירוקים כבושים לא חריפים סרה ויליפוד 600 גרם,יוליניבר,TR,פלפל ירוק כבוש לא חריף 600 גר סרא,גרמים,600.00,100 גרם,false,1,12.90,2.1500,true,1,225703
8690777204071,false,פלפלים כבושים חריפים סרה 320 גרם,יוליניבר,TR,פלפל חריף כבוש 640 גר סרא,גרמים,640.00,100 גרם,false,1,12.90,2.0156,true,1,225704
8690777206051,false,חציל קלוי על האש סרה ויליפוד 650 גרם,קוראהן פזלרמה וי דיס,TR,חציל קלוי על האש 650 גר,גרמים,650.00,100 גרם,false,1,12.90,1.9846,true,1,224480
8690777221405,false,פלפל אדום קלוי סרה ויליפוד 650 גרם,קוראהן פזלרמה וי דיס,TR,פלפל אדום קלוי על האש 650 גר סרא,גרמים,650.00,100 גרם,false,1,12.90,1.9846,true,1,225705
8690784516440,false,דאק נוזל לניקוי מתקדם בניחוח לבנדה בודד 750מל,"אס.סי.ג'\ונסון מידרכט, ה",NL,נוזל אסלות דאק 750מל לבנדר,מיליליטרים,750.00,"100 מ""ל",false,1,10.90,1.4533,true,1,308928
8690784611442,false,סבון מוצק לניקוי אסלה בניחוח הדרים בתוספת אקונומיקה,דאופלור אס פי אי כונ,PL,סבון אסלה דאק טיפות מקציף פי 4 הדרים,יחידה,1.00,יחידה,false,24,8.90,8.9000,true,1,320064
8690784614665,false,סבון דאק לניקוי אסלה בניחוח ים נתלה,דאופלור אס.פי.אי כונ,PL,סבון אסלה דאק טיפות מקציף פי 4 ים,יחידה,1.00,יחידה,false,24,8.90,8.9000,true,1,313784
8690784614771,false,סבון דאק לניקוי אסלה בניחוח רענן נתלה,דאופלור אס.פי.אי כונ,PL,סבון אסלה דאק טיפות מקציף פי 4 רענן,יחידה,1.00,יחידה,false,24,8.90,8.9000,true,1,313785
8690784616775,false,סבון מוצק לאסלה דאק אקווה בלו 4 ב-1 80 ג,טואלט דאק (ג'ונסון),RS,סבון אסלה מוצק דאק אקווה בלו 4 ב1,יחידה,1.00,יחידה,false,12,9.90,9.9000,true,1,314853
8690784711777,false,דאק סבון אקטיבי בתוספת אקונומיקה מקציפה בניחוח ים,דאופלור אס.פי.אי כונ,PL,סבון אסלה דאק אקונומיקה מקציפה פי 4 ים,יחידה,1.00,יחידה,false,24,8.90,8.9000,true,1,317958
8691451018335,false,"דבק בעט סופר גלו גל לוקטייט, כשרות עטרה, 4 גרם",יעקובי,IE,דבק סופר גלו גל לוקטייט בעט,Unknown,0.00,Unknown,false,6,24.90,0.0000,true,1,320924
8691530924670,false,סירופ רימונים נאטרסן345ג,נטורסן,TR,סירופ רימונים 345 מל נטורסן,ליטרים,1.00,ליטר,false,1,16.90,16.9000,true,1,311887
8691530924687,false,סירופ רימונים 1 ליטר,נטורסן,,סירופ רימונים 1 ל נטורסן,ליטרים,1.00,ליטר,false,1,39.90,39.9000,true,1,311886
8691588090204,false,רכז רימונים אורגני,,TR,רכז רימונים אורגני 350גר יורופוד,מיליליטרים,350.00,"100 מ""ל",false,12,24.90,7.1143,true,1,319190
8693323085100,false,גומי יוגטה שטיחים חמוצים טעם פירות 100 ג,יוגטה yogueta,TR,גומי שטיח יוגטה פירות 100 גר,גרמים,100.00,100 גרם,false,1,4.90,4.9000,true,1,314942
8693323099107,false,מרשמלו לבבות בטעם תות ווניל,ליימן שליסל,TR,מרשמלו יוגטה לבבות 150 גר,גרמים,180.00,100 גרם,false,1,5.90,3.2778,true,1,309700
8693495050333,false,"פלמוליב סבון נוזלי לגבר לימון ירוק 500 מ""ל",קולגייט-פלמוליב,TR,אלסבון פלמוליב לגבר לימון ירוק 500 מל,מיליליטרים,500.00,"100 מ""ל",false,1,16.90,3.3800,true,1,307182
8693495051002,false,קולגייט מברשת שיניים מיניונים 6+ לילדים,קולגייט פלמוליב,CN,מברשת שיניים קולגייט מיניונים 6פלוס,יחידה,1.00,יחידה,false,1,11.90,11.9000,true,1,307629
8693495051255,false,מברשת שיניים סלים סופט זהב קולגייט זוג,קולגייט - פלמוליב,CN,מברשת שיניים קולגייט זוג סלים סופט זהב,יחידה,2.00,יחידה,false,1,34.90,17.4500,true,1,308163
8693495052177,false,פלמוליב נטורלס תחליב רחצה זיתים 750 מל,קולגייט פלמוליב,TR,אלסבון פלמוליב משאבה זיתים 750 מל,מיליליטרים,750.00,"100 מ""ל",false,1,16.90,2.2533,true,1,310747
8693495052191,false,פלמוליב ס.נוזלי אפרסק 750 מל משאבה,קולגייט פלמוליב,TR,אלסבון פלמוליב משאבה אפרסק 750 מל,מיליליטרים,750.00,"100 מ""ל",false,1,16.90,2.2533,true,1,310748
8693495052931,false,זוג מברשות שיניים אדוונסט 360 לניקוי כל חלל הפה,קולגייט פלמוליב,CN,מברשת שיניים קולגייט זוג 360 אדוונס,יחידה,2.00,יחידה,false,12,25.90,12.9500,true,1,317998
8693495054058,false,פלמוליב ס.נוזלי לומינוס מקדמיה 750 משאבה,קולגייט פלמוליב,TR,אלסבון פלמוליב משאבה לומינוס מקדמיה750מל,מיליליטרים,750.00,"100 מ""ל",false,1,16.90,2.2533,true,1,332650
8693804012519,false,בצק פילאס טורקי 500 גר,פרינסיס און וה אונלו,TR,עלי בצק פילו יופקה 500 גרם,גרמים,500.00,100 גרם,false,12,15.90,3.1800,true,1,322114
8693804012533,false,עלי בצק פילו טורקי י,פרינסיס און וה אונלו,TR,עלי בצק פילו יופקה 1 קג,קילוגרמים,1.00,"ק""ג",false,12,29.90,29.9000,true,1,322113
8694732009275,false,סבון לאסלה אסותא בני,,TR,מארז 3 יח סבון אסלה אסותא בניחוח לימון,יחידה,3.00,יחידה,false,24,10.90,3.6333,true,1,320597
8697040108975,false,אסותא סבון נוזלי להיגיינה אישית 1/12,,TR,סבון היגיינה אסותא 400 מל,מיליליטרים,400.00,"100 מ""ל",false,12,12.90,3.2250,true,1,305846
8697040108982,false,אסותא סבון נוזלי לש.אינטמ,,TR,סבון נוזלי אסותא 400 מל,מיליליטרים,400.00,"100 מ""ל",false,12,12.90,3.2250,true,1,305847
8697040109323,false,אסותא סבון מוצק להיגיינה,אטש סונמז כימיה,TR,סבון מוצק אסותא 100 גר,גרמים,100.00,100 גרם,false,48,4.90,4.9000,true,1,305848
8697040109866,false,אסותא סבון נוזלי משא,,IL,סבון נוזלי אסותא 1ליטר משאבה ירוק,ליטרים,1.00,ליטר,false,12,9.90,9.9000,true,1,326461
8697040109873,false,אסותא סבון נוזלי משא,,IL,סבון נוזלי אסותא 1ליטר משאבה כחול,ליטרים,1.00,ליטר,false,12,9.90,9.9000,true,1,326462
8697040109903,false,אסותא גל רחצה אלוורה,,,גל רחצה אסותא 700מל אלוורה,מיליליטרים,700.00,"100 מ""ל",false,12,8.90,1.2714,true,1,325903
8697040109910,false,אסותא קר ג'ל רחצה פי,,,גל רחצה אסותא 700מל פירות יער,מיליליטרים,700.00,"100 מ""ל",false,12,8.90,1.2714,true,1,325904
8697040109927,false,אסותא גל רחצה שוקולד,,,גל רחצה אסותא 700מל שוקולד,מיליליטרים,700.00,"100 מ""ל",false,12,8.90,1.2714,true,1,325905
8697040109934,false,אסותא גל רחצה קוקוס,,,גל רחצה אסותא 700מל קוקוס,מיליליטרים,700.00,"100 מ""ל",false,12,8.90,1.2714,true,1,325906
8697040109941,false,אסותא גל רחצה ורדים,,,גל רחצה אסותא 700מל ורדים,מיליליטרים,700.00,"100 מ""ל",false,12,8.90,1.2714,true,1,325907
8697418280111,false,עלי טורטייה 25 סמ 840 גרם LAVALIA,פרינסיס און וה אונלו,TR,עלי טורטייה 840 גר 25 סמ,גרמים,840.00,100 גרם,false,12,23.90,2.8452,true,1,222811
8697418280128,false,עלי טורטייה 20 סמ 540 גרם LAVALIA,פרינסיס און וה אונלו,TR,עלי טורטייה לה וליה 540 גר 20סמ,גרמים,540.00,100 גרם,false,12,21.90,4.0556,true,1,223458
8697418280180,false,עלי טורטייה 360 גר LAVALIA,פרינסיס און וה אונלו,TR,עלי טורטיה לה וילה 360 גרם 30 יח,גרמים,360.00,100 גרם,false,12,14.90,4.1389,true,1,312040
8697418280333,false,שערות קדאיף מיובשות 500 גרם,פרינסיס און וה אונלו,TR,שערות קדאיף יבש לואליה 500 גר,גרמים,500.00,100 גרם,false,12,19.90,3.9800,true,1,312165
8697418280487,false,עלי טורטייה קמח תירס 20 סמ 540 ג LAVALIA,פרינסיס און וה אונלו,TR,עלי טורטיה קמח תירס לה ויליה 540 גרם,גרמים,540.00,100 גרם,false,12,21.90,4.0556,true,1,329078
8697431460064,false,קונפיטורה משמש 70% פרי פרופה 454 גר',פרוטנגו Fruitango,,קונפ.משמש 70% פרי 450 גר,גרמים,450.00,100 גרם,false,1,12.90,2.8667,true,1,219392
8697431460217,false,קונפיטורה 70% תפוזים 450 ג' FRUPPA,פרוטנגו Fruitango,,קונפ.תפוזים 70% פרי 450 גר,גרמים,450.00,100 גרם,false,1,12.90,2.8667,true,1,220309
8697431460378,false,קונפיטורה 70% שזיף פרופה 450 גרם,פרוטנגו Fruitango,,קונפ.שזיפים 70% פרי 450 גר,גרמים,450.00,100 גרם,false,1,12.90,2.8667,true,1,220542
8697431921701,false,קונפיטורה תות שדה 70% פרי פרופה 454 גר',פרוטנגו Fruitango,,קונפ.תות 70% פרי 450 גר,גרמים,450.00,100 גרם,false,1,12.90,2.8667,true,1,243144
8697431921718,false,קונפיטורה דובדבן חמוץ 70% פרי פרופה 454 גר',Barhan gida sanayi v,,קונפ.דובדבן חמוץ 70% פרי 450 גר,גרמים,450.00,100 גרם,false,1,12.90,2.8667,true,1,243200
8697431925143,false,קונפיטורה 70% פירות יער 450 ג' FRUPPA,פרוטנגו Fruitango,,קונפ.פירות יער 70% פרי 450 גר,גרמים,450.00,100 גרם,false,1,12.90,2.8667,true,1,243415
8697659224035,false,מטהר אוויר AQUA אטק 400 מל,יעקובי,,מטהר אויר אקווה 400מל,מיליליטרים,400.00,"100 מ""ל",false,1,10.90,2.7250,true,1,301893
8697659224042,false,מטהר אוויר 400 מ'ל OCEAN,יעקובי,,מטהר אויר אושן 400מל,מיליליטרים,400.00,"100 מ""ל",false,1,10.90,2.7250,true,1,301894
8697659224059,false,מטהר אוויר חולידאי 4,יעקובי,,מטהר אויר הולידיי 400מל,מיליליטרים,400.00,"100 מ""ל",false,1,10.90,2.7250,true,1,301892
8697659224066,false,מטהר אוויר 400 מ'ל TROPICAL,יעקובי,,מטהר אויר טרופיקל 400מל,מיליליטרים,400.00,"100 מ""ל",false,1,10.90,2.7250,true,1,301895
8697659225179,false,מטהר אוויר נענע פירות אדומים,יעקובי,TR,מטהר אויר עלי נענע פירות יער 250 מל,מיליליטרים,250.00,"100 מ""ל",false,12,12.90,5.1600,true,1,303651
8697659225186,false,"מטהר אוויר משב הכותנה יעקבי 250 מ""ל",כפרי בריא,TR,מטהר אויר משב הכותנה 250 מל,מיליליטרים,250.00,"100 מ""ל",false,12,12.90,5.1600,true,1,303649
8697659232733,false,"מבשם אריגים -פרש כותנה 425מ""ל",יעקובי,TR,מבשם אריגים 425 מל פרש כותנה,מיליליטרים,425.00,"100 מ""ל",false,1,14.90,3.5059,true,1,315559
8697659232757,false,"מבשם אריגים לבנדר יעקובי 425מ""ל",יעקובי,,מבשם אריגים 425 מל לבנדר,מיליליטרים,425.00,"100 מ""ל",false,1,14.90,3.5059,true,1,315560
8697659232788,false,"פרש& מור מבשם אריגים קצפת ותות שדה 425 מ""ל",יעקובי,,מבשם אריגים 425 מל בריח קצפת ותות שדה,מיליליטרים,425.00,"100 מ""ל",false,1,14.90,3.5059,true,1,319324
8697659232795,false,"פרש&מור מבשם אריגים מנטרל ריחות עישון 425 מ""ל",ATAK,TR,מבשם אריגים 425 מל מנטרל ריחות עישון,מיליליטרים,425.00,"100 מ""ל",false,1,14.90,3.5059,true,1,319325
8697659238100,false,"מטהר אוויר פרש& מור הכוכב הסגול 400 מ""ל",יעקובי,TR,מטהר אויר פרש אנד מור כוכב סגול 400מל,מיליליטרים,400.00,"100 מ""ל",false,12,19.90,4.9750,true,1,320919
8697659238117,false,"מטהר אוויר פרש& מור הכוכב הצהוב 400 מ""ל",,TR,מטהר אויר פרש אנד מור כוכב צהוב 400מל,מיליליטרים,400.00,"100 מ""ל",false,12,19.90,4.9750,true,1,320920
8697659238124,false,"מטהר אוויר פרש& מור הכוכב האדום 400 מ""ל",,TR,מטהר אויר פרש אנד מור כוכב אדום 400מל,מיליליטרים,400.00,"100 מ""ל",false,12,19.90,4.9750,true,1,320921
8697659238131,false,"מטהר אוויר פרש& מור הכוכב הכחול 400 מ""ל",,TR,מטהר אויר פרש אנד מור כוכב כחול 400מל,מיליליטרים,400.00,"100 מ""ל",false,12,19.90,4.9750,true,1,320922
8697826469092,false,טורטיה קטנה שקדיה 540 גרם 12 יחידות,דין שיווק,TR,טורטיה טורטילס קטנה 12 יח 540 גרם,גרמים,540.00,100 גרם,false,1,10.90,2.0185,true,1,227650
8697831371304,false,מילאנו מקרונים 102 גרם*6,,TR,עוגיות מקרון מילנו 6 יחידות,יחידה,6.00,יחידה,false,14,29.90,4.9833,true,1,332568
8698683781648,false,מגבוני טישו רכים מחו,איברהים האקיתשין,TR,מארז 5יח טישו דו שכבתי 200יח,יחידה,1000.00,יחידה,false,12,10.90,0.0109,true,1,305850
8698996006353,false,ממחטות אף 3 שכבות 100 יח',,,ממחטות אף 100יחידות בקרטון 3 שכבות,יחידה,100.00,יחידה,false,24,8.90,0.0890,true,1,338573
8699250035041,false,"זיתים שחורים טבעיים יבשים 700 גרם ""תומר""",מנסווי גידה,TR,זית שחור יבש 700 גרם,גרמים,700.00,100 גרם,false,1,19.90,2.8429,true,1,313209
8699568532003,false,וולה פלקס ספריי לעיצוב שיער מגה עמיד 250,אינטרספריי,FR,ספריי לעיצוב שיער וולה פלקס עמיד 250מל,מיליליטרים,250.00,"100 מ""ל",false,6,31.90,12.7600,true,1,328289
8699621150502,false,מיכל מילוי גז למצית,Unknown,,גז למילוי מצתים,יחידה,1.00,יחידה,false,1,9.90,9.9000,true,1,327543
8710103696094,false,זוג בקבוקי אוונט 260,פיליפס אוונט,GB,זוג בקבוקי אוונט 260מל קלאסי,יחידה,1.00,יחידה,false,6,69.90,69.9000,true,1,310795
8710103787402,false,פיליפס סכין וואן בלייד למכשיר ONE BLADE,פיליפס-גילוח,ID,סכין למכשיר עיצוב זיפים וואן בלייד,יחידה,1.00,יחידה,false,4,99.00,99.0000,true,1,328279
8710103797951,false,פיליפס ONE BLADE 3 מכשיר לעיצוב זיפים 45,פילפס,ID,מכשיר לעיצוב זיפים וואן בלייד,יחידה,1.00,יחידה,false,3,199.00,199.0000,true,1,328278
8710103811183,false,אוונט זוג מוצצים קלאסי 0-6 תכלת פסטל,פיליפס אוונט,GB,זוג מוצצי אוונט קלאסיק 0-6 בנים,יחידה,1.00,יחידה,false,1,34.90,34.9000,true,1,321275
8710103811299,false,אוונט זוג מוצצים קלאסי 6-18 ורוד ורוד,פיליפס אוונט,GB,זוג מוצצי אוונט קלאסיק 6-18 בנים,יחידה,1.00,יחידה,false,1,34.90,34.9000,true,1,321277
8710103868347,false,אוונט בקבוק פוליפרופילן חלבי קלאסי 260 מ,פיליפס אוונט,GB,בקבוק אוונט 260מל פוליפרופילן חלב קלאסיק,יחידה,1.00,יחידה,false,1,34.90,34.9000,true,1,321270
8710103868583,false,אוונט בקבוקי קלאסיק +260 מל,פיליפס אוונט,,בקבוק אוונט 260מל ורוד ללא בי פי איי,יחידה,1.00,יחידה,false,1,34.90,34.9000,true,1,321272
8710103868637,false,אוונט בקבוק פוליפרופילן תכלת קלאסי 260מל,פיליפס אוונט,GB,בקבוק אוונט 260מל תכלת ללא בי פי איי,יחידה,1.00,יחידה,false,1,34.90,34.9000,true,1,321273
8710243961533,false,אולד אמסטרדם חטיף בשקית 90 גרם,,NL,גבינת אולד אמסטרדם חטיף בשקית 90גר לבן,Unknown,0.00,Unknown,false,1,19.90,0.0000,true,1,328596
8710243962400,false,גבינת קרם אולד אמסטר,ווסטלנד,,גבינת קרם אולד אמסטרדם 125 גרם,גרמים,125.00,100 גרם,false,1,19.90,15.9200,true,1,243064
8710252130647,false,הבלה בלגיה-קונוס לגלידה 14יח 175 גר,,BE,ופל קונוס לגלידה האבלה 14 יח 175 גרם,גרמים,175.00,100 גרם,false,12,14.90,8.5143,true,1,337971
8710252138599,false,הבלה בלגיה-קעריות ופל לגלידה וקינוח 100ג,,BE,ופל קעריות לגלידה האבלה 100 גרם,גרמים,100.00,100 גרם,false,12,14.90,14.9000,true,1,337972
8710296166664,false,ברוסקטה שמן זית שום פנדרו 160 גרם,,ES,ברוסקטה פנדרו שמן זית 160 גרם,גרמים,160.00,100 גרם,false,10,9.90,6.1875,true,1,330907
8710296166688,false,ברוסקטה עגבניות פנדרו 160 גרם,,ES,ברוסקטה פנדרו שמן זית עגבניות 160 גרם,גרמים,160.00,100 גרם,false,10,9.90,6.1875,true,1,330908
8710418111213,false,עוגיות חמאה ברינק ספריטס הולנדי 400 גרם,CONTINENTAL BAKERIES,,עוגיות חמאה ברינק-ספריטס הולדי 400 גר,גרמים,400.00,100 גרם,false,1,10.00,2.5000,true,1,224172
8710428005755,false,תרכובת מזון לתינוקות על בסיס חלבון סויה איזומיל שלב 1,"אבוט מעבדות רפואיות בע""מ",NL,ת.חלב סימילק איזומיל 400 גר,גרמים,400.00,100 גרם,false,1,46.90,11.7250,true,1,312323
8710428005762,false,תרכובת מזון לתינוקות על בסיס חלבון סויה איזומיל טף שלב 2,"אבוט מעבדות רפואיות בע""מ",NL,ת.חלב סימילק איזומיל טף 400 גר,גרמים,400.00,100 גרם,false,1,46.90,11.7250,true,1,312324
8710428016348,false,אבקת משקה להשלמה תזונתית וניל 400 ג' פדיאשור,אבוט מעבדות רפואיות,NL,אבקת פדיאשור וניל 400 גרם,גרמים,400.00,100 גרם,false,1,49.90,12.4750,true,1,325933
8710428016355,false,אבקת משקה להשלמה תזונתית שוקו 400 ג' פדיאשור,אבוט מעבדות רפואיות,NL,אבקת פדיאשור שוקולד 400 גרם,גרמים,400.00,100 גרם,false,1,49.90,12.4750,true,1,325932
8710437003513,false,סירופ פנקייק קלאסי,Van gilse,,סירופ פנקייק קלאסי ואן גילס 600 גר,גרמים,600.00,100 גרם,false,6,19.90,3.3167,true,1,307287
8710437003520,false,סירופ קרמל ואן גילס,Van gilse,,סירופ קרמל ואן גילס 600 גר,גרמים,600.00,100 גרם,false,6,19.90,3.3167,true,1,336934
8710447211052,false,טרזמה בוטניק שמפו להזנה ושיקום 400 מל,יוניליוור פולין,PL,שמפו טרזמה בוטניק 400מל,מיליליטרים,400.00,"100 מ""ל",false,6,17.90,4.4750,true,1,316358
8710447224311,false,מרכך בוטניק בתוספת שמן קוקוס ואלוורה,יוניליוור פולין,PL,מרכך טרזמה בוטניק 400מל,מיליליטרים,400.00,"100 מ""ל",false,6,17.90,4.4750,true,1,316360
8710447224342,false,טרזמה שמפו עם קרטין 400 מל,"יוניליוור פולין, רחוב קר",PL,שמפו טרזמה קרטין 400מל,מיליליטרים,400.00,"100 מ""ל",false,6,17.90,4.4750,true,1,316357
8710447275306,false,"קרם ידיים לעור יבש עם שמן אבוקדו דאב 75 מ""ל","יוניליוור פולין, רחוב קר",PL,קרם ידיים דאב 75 מל שמן אבוקדו,מיליליטרים,75.00,"100 מ""ל",false,1,10.90,14.5333,true,1,317694
8710447275313,false,דאב קרם ידיים שמן קוקוס וחלב שקדים,"יוניליוור פולין, רחוב קר",PL,קרם ידיים דאב 75 מל שמן קוקוס,מיליליטרים,75.00,"100 מ""ל",false,1,10.90,14.5333,true,1,317695
8710447320662,false,דאודורנט ספריי בניחוח אפרסק ולימון ללא אלומיניום,"פרמול איטליה, קומון",GB,דאו. דאב ספריי ללא אלומיניום אפרסק 150מל,מיליליטרים,150.00,"100 מ""ל",false,1,16.90,11.2667,true,1,321369
8710447331095,false,טרזמה בוטניק מסכה לשיער 300 מל,יוניליוור פולין,PL,מסכת שיער טריזמה בוטניק 300מל,מיליליטרים,300.00,"100 מ""ל",false,1,29.90,9.9667,true,1,316315
8710448562283,false,מיונז הולנדי רמייה צ,,,מיונז הולנדי רמייה צנצנת 500 מל,מיליליטרים,500.00,"100 מ""ל",false,1,13.90,2.7800,true,1,300422
8710448569879,false,מיונז הולנדי לחיץ 750 גרם,רמייה,,מיונז הולנדי לחיץ750 מל,מיליליטרים,750.00,"100 מ""ל",false,1,20.00,2.6667,true,1,299335
8710448580089,false,מיונז אמיתי הולנדי 500מל,רמייה,NL,מיונז הולנדי רמייה לחיץ 500 גר,גרמים,480.00,100 גרם,false,1,11.90,2.4792,true,1,299336
8710448583561,false,רוטב צ'יפס הולנדי 523מל,רמייה,NL,רוטב מיו ציפס רמייה הולנדי 500 מל,מיליליטרים,500.00,"100 מ""ל",false,1,12.90,2.5800,true,1,309003
8710448588740,false,רוטב חרדל דבש רמייה 500 גר,וואן האוטן,NL,רוטב חרדל ודבש רמייה 500מל,מיליליטרים,500.00,"100 מ""ל",false,1,13.90,2.7800,true,1,307362
8710448588764,false,רוטב לסלט שום ועשבי תיבול רמייה 500 גר,רמייה,NL,רוטב רמייה עשבי תיבול לסלט 500 מל,מיליליטרים,500.00,"100 מ""ל",false,600,11.90,2.3800,true,1,323413
8710448588788,false,"רוטב קיסר 500 מ""ל רמייה",רמייה,NL,רוטב רמייה קיסר 500 מל לחיץ,מיליליטרים,500.00,"100 מ""ל",false,6,13.90,2.7800,true,1,325715
8710448595175,false,"רוטב מעושן 450 מ""ל BLACEJACK",רמייה,,רוטב ברביקיו רמייה מעושן 450 גר,גרמים,450.00,100 גרם,false,1,17.90,3.9778,true,1,296382
8710448595182,false,"רוטב ברביקיו מעושן דבש 500 מ""ל DALTON",רמייה,NL,רוטב ברביקיו רמייה דבש מעושן 450 מל,מיליליטרים,450.00,"100 מ""ל",false,1,17.90,3.9778,true,1,319742
8710448595199,false,"רוטב הוט צילי מעושן 450 מ""ל BOSS",רמייה,NL,רוטב ברביקיו רמייה צילי חריף 450 גר,גרמים,450.00,100 גרם,false,1,17.90,3.9778,true,1,296383
8710448595847,false,"רוטב בלו ציז רמיה 250 מ""ל",רמייה,NL,רוטב רמייה בלו ציז 250 מל,מיליליטרים,250.00,"100 מ""ל",false,6,14.90,5.9600,true,1,336841
8710448632856,false,רוטב רמייה הוואי חרד,רמייה,NL,רוטב רמייה הוואי חרדל אננס לחיץ 250 מל,מיליליטרים,250.00,"100 מ""ל",false,6,8.90,3.5600,true,1,325717
8710448634331,false,מיונז ללא ביצים טבעוני רמייה 350 גר,רמייה,NL,מיונז רמייה הולנדי ללא ביצים 350 גרם צנצ,גרמים,350.00,100 גרם,false,6,10.00,2.8571,true,1,317794
8710448634591,false,רוטב צילי חריף מתוק,,,רוטב צילי חריף מתוק גאודס 850 מל,מיליליטרים,850.00,"100 מ""ל",false,1,17.90,2.1059,true,1,330210
8710448634669,false,רוטב מיו פיקנטי אנדל,רמייה,NL,רוטב מיו פיקנטי אנדלוס גאודס 650 מל,מיליליטרים,650.00,"100 מ""ל",false,6,19.90,3.0615,true,1,330207
8710448634744,false,רוטב תאילנדי סריראצה,,NL,רוטב תאילנדי סרירצה 265 מל ילדריז,מיליליטרים,265.00,"100 מ""ל",false,6,12.90,4.8679,true,1,325722
8710448635239,false,מיונז כמהין רמייה לח,אהק בי.וקולברד,BE,מיונז כמהין רמיה לחיץ 300 מל,גרמים,300.00,100 גרם,false,12,14.90,4.9667,true,1,325984
8710448636540,false,רוטב סאטה רמייה 290,רמייה,,רוטב סאטה רמייה 290 מל,מיליליטרים,290.00,"100 מ""ל",false,1,10.90,3.7586,true,1,326131
8710448636977,false,"קטשופ הולנדי מופחת סוכר ומלח 500 מ""ל",רמייה,NL,קטשופ רמייה מופחת סוכר ומלח 500 מל,מיליליטרים,500.00,"100 מ""ל",false,1,9.90,1.9800,true,1,327945
8710448638131,false,מיונז גאודסמופחת שומ,,,מיונז גאודס מופחת שומן הולנדי 750 מל,מיליליטרים,750.00,"100 מ""ל",false,1,17.90,2.3867,true,1,337763
8710448638162,false,מיונז גאודס הולנדי,,,מיונז גאודס הולנדי 750 מל,מיליליטרים,750.00,"100 מ""ל",false,1,21.90,2.9200,true,1,337765
8710448680376,false,רוטב מיו ספייסי סמור,רמייה,NL,רוטב מיו ספייסי סמוראי גאודס 650 מל,מיליליטרים,650.00,"100 מ""ל",false,6,19.90,3.0615,true,1,330209
8710448692737,false,"מתבל עגבניות לחיץ 300מ""ל",רמייה,NL,קטשוף רמיה הולנדי לחיץ 300 מל,מיליליטרים,300.00,"100 מ""ל",false,6,7.90,2.6333,true,1,325752
8710448692744,false,קטשופ קארי רמייה 300 גר,רמייה,NL,קטשוף רמיה קארי לחיץ 300 מל,מיליליטרים,300.00,"100 מ""ל",false,6,7.90,2.6333,true,1,325753
8710449922086,false,חטיפי נאגטס צאדר חלפ,,NL,חטיפי נאגטס צאדר חלפינו אביקו 1 קג,קילוגרמים,1.00,"ק""ג",false,5,69.90,69.9000,true,1,330211
8710449937776,false,צורוס אביקו 1 קג,,NL,צורוס אביקו 1 קג,קילוגרמים,1.00,"ק""ג",false,5,35.00,35.0000,true,1,332523
8710449985043,false,חטיפי כדורי גבינה חל,,NL,חטיפי כדורי גבינה חלפינו אביקו 1 קג,קילוגרמים,1.00,"ק""ג",false,5,69.90,69.9000,true,1,330212
8710488190439,false,כרוב כבוש לבן מובחר 850 גרם,,,כרוב כבוש לבן מובחר 850 גר קרמר,גרמים,850.00,100 גרם,false,1,10.90,1.2824,true,1,298455
8710488190811,false,כרוב כבוש לבן מובחר,,NL,כרוב כבוש לבן מובחר 580 גר קרמר,גרמים,580.00,100 גרם,false,1,9.90,1.7069,true,1,322653
8710496503986,false,דה רויטל - פירורי שוקולד מריר 400 גר,De ruijter,,פצפוצי שוקולד מריר 400 גר,גרמים,400.00,100 גרם,false,1,22.90,5.7250,true,1,225377
8710496504983,false,דה רויטל - פירורי שוקולד חלב 400 גר,De ruijter,,פצפוצי שוקולד חלב 400 גר,גרמים,400.00,100 גרם,false,1,22.90,5.7250,true,1,225376
8710502064814,false,עוגיות מרבה שוקולד ציפס במרקם רך 175 גר,בנקטבקריי מרבה בי.וי,NL,עוגיות שוקוציפס מרבה רכות 175גר,גרמים,175.00,100 גרם,false,22,9.90,5.6571,true,1,246238
8710502139017,false,עוגיות מרבה טריפל שוקולד שוקוצ'יפס 180ג',בנקטבקריי מרבה בי.וי,NL,עוגיות שוקוציפס מרבה טריפל 180 גר,גרמים,180.00,100 גרם,false,22,9.90,5.5000,true,1,225442
8710502194801,false,"עוגיות שוקלד ציפס רכה פירות יער ""מרבה"" 175 גרם",בנקטבקריי מרבה בי.וי,NL,עוגיות שוקוציפס מרבה פירות יער 175 גר,גרמים,175.00,100 גרם,false,22,9.90,5.6571,true,1,300258
8710502279010,false,מרבה עוגיות שוקולד צ'יפס מצופות שוקולד 175 גרם,"י.מרבה ישראל בע""מ",NL,עוגיות שוקוציפס מרבה מצופות 175 גר,גרמים,175.00,100 גרם,false,22,9.90,5.6571,true,1,325953
8710502285509,false,מרבה - עוגיות לימון ושוקולד צ'יפס במרקם רך 175 גרם,בנקטבקריי מרבה בי.וי,NL,עוגיות שוקוציפס מרבה לימון 175 גר,גרמים,175.00,100 גרם,false,22,9.90,5.6571,true,1,331845
8710502405204,false,עוגיות שוקולד צ'יפס עם קרם שוקולד מרבה 175 גרם,קריניציה ויטמינה אס,NL,עוגיות שוקוציפס מרבה קרם שוקולד175 גר,גרמים,175.00,100 גרם,false,22,9.90,5.6571,true,1,231554
8710502470028,false,עוגיות שוקולד צ'יפס ממולאות בקרם נוגט,קריניציה ויטמינה אס,NL,עוגיות שוקוציפס מרבה נוגטלי 160 גר,גרמים,160.00,100 גרם,false,22,9.90,6.1875,true,1,228398
8710522893784,false,ממרח מיונז בקוננאיז,,,ממרח מיונז בקוננאיז טבעוני 270 גר,מיליליטרים,270.00,"100 מ""ל",false,1,19.90,7.3704,true,1,333014
8710522893807,false,ממרח מיונז תיפטולה ט,,,ממרח מיונז תיפטולה טבעוני 270 גר,מיליליטרים,270.00,"100 מ""ל",false,1,19.90,7.3704,true,1,333012
8710522893821,false,ממרח מיונז שום טבעונ,,,ממרח מיונז שום טבעוני 270 גר הלמנס,מיליליטרים,270.00,"100 מ""ל",false,1,19.90,7.3704,true,1,333016
8710522957769,false,"מיונז בלגי בצנצנת קאלווה 650 מ""ל",יוניליוור,NL,מיונז קאלווה בלגי 650 גרם צנצנת,מיליליטרים,650.00,"100 מ""ל",false,12,19.90,3.0615,true,1,334311
8710552274614,false,שמפו קצף לנ.שטיחים וניש קליה גולד 600 מל,קליה וניש Kalia Vanish,GB,קצף לניקוי שטיחים ואריגים וניש גולד600מל,מיליליטרים,600.00,"100 מ""ל",false,6,18.90,3.1500,true,1,314538
8710625508837,false,"מארז ליקר שרי הירינג 700 מ""ל + כוסות",peter heering,,ליקר שרי הרינג 700מל כוסות,מיליליטרים,700.00,"100 מ""ל",false,1,109.00,15.5714,true,1,332730
8710625522109,false,ליקר קוואי פה ליצי 7,צויה,NL,ליקר קוואי פה ליצי 700 מל,מיליליטרים,700.00,"100 מ""ל",false,12,89.90,12.8429,true,1,317423
8710625524707,false,ליקר אפרסק פיצטרי 70,,,ליקר אפרסק פיצטרי 700 מל,מיליליטרים,700.00,"100 מ""ל",false,6,79.90,11.4143,true,1,317938
8710625700392,false,ליקר מנדרין נפוליאון,דה קייפר,NL,ליקר מנדרין נפוליאון 700 מל,מיליליטרים,700.00,"100 מ""ל",false,6,139.00,19.8571,true,1,316482
8710631018221,false,לימונצילו פיוריטו 50,,NL,לימונצינו פיוריטו 500 מל,מיליליטרים,500.00,"100 מ""ל",false,6,89.00,17.8000,true,1,317118
8710676220122,false,סטרופ וופל חמאה הולנ,,,וופל סטרופ הולנדי חמאה 250 גרם,גרמים,250.00,100 גרם,false,1,11.90,4.7600,true,1,325756
8710800027573,false,סוכריות מיני בטעם פירות מנטוס 178 גרם,פרפטי ואן מלה ברדה,NL,סוכ.מיני מנטוס פירות 178 ג שקית,גרמים,178.00,100 גרם,false,1,13.90,7.8090,true,1,218728
8710800961310,false,סוכריות בטעם תות מנטוס 4*375 גרם,פרפטי ואן מלה ברדה,NL,מארז 4 יח סוכריות מנטוס תות,יחידה,4.00,יחידה,false,1,11.50,2.8750,true,1,218729
8710812001844,false,ריבת מיקס פירות ביתי,,,ריבת מיקס פירות ביתית 450 גר,גרמים,450.00,100 גרם,false,1,12.00,2.6667,true,1,329573
8710847860843,false,"רקסונה - דאודורנט רולאון לאישה אינביזיבל 50 מ""ל",יוניליוור אנגליה,GB,דאודורנט רקסונה רול און אינביזיבל 50מל,Unknown,0.00,Unknown,false,6,19.90,0.0000,true,1,319800
8710847942679,false,טרזמה שמפו לשיער יבש בתוספת שמן המפ,יוניליוור,PL,שמפו טרזמה המפ 400מל,מיליליטרים,400.00,"100 מ""ל",false,6,17.90,4.4750,true,1,328947
8710847942693,false,טרזמה מרכך לשיער יבש שמן המפ 400 מל,יוניליוור,PL,מרכך טרזמה המפ 400מל,מיליליטרים,400.00,"100 מ""ל",false,6,17.90,4.4750,true,1,328948
8710847962592,false,אקס דאודורנט בודי ספריי פינק פפר,"יוניליוור אנגליה, דרך קו",GB,דאודורנט אקס פינק פפר ספריי לגבר 150מל,מיליליטרים,150.00,"100 מ""ל",false,1,19.90,13.2667,true,1,321373
8710847973970,false,"תחליב רחצה דאב אלוורה מי עץ שדר, 750 מ""ל","יוניליוור גרמניה, Gmbh &",DE,סבון נוזלי דאב 750מל אלוורה ועץ שדר,מיליליטרים,750.00,"100 מ""ל",false,1,17.90,2.3867,true,1,326219
8710908326691,false,"תחליב רחצה פרח האדמונית דאב 750 מ""ל",יוניליוור גרמניה (בו,DE,סבון נוזלי דאב אדמונית 750 מל,מיליליטרים,750.00,"100 מ""ל",false,1,17.90,2.3867,true,1,299378
8711000362556,false,לור קפסולות קפה אספרסו סונטוזו 8,גיקובס דאו אגברטס צרפת,FR,קפסולות אספרסו לור 9 מאוזן 10 יח,יחידה,10.00,יחידה,false,10,19.90,1.9900,true,1,318407
8711000362570,false,קפסולות קפה תואמות נספרסו פורזה 9 ל'אור 10 יחידות,גיקובס דאו אגברטס צר,FR,קפסולות אספרסו לור 9 מלא 10 יח,יחידה,10.00,יחידה,false,10,19.90,1.9900,true,1,318406
8711000362617,false,לור קפסולות קפה אספרסו לונגו פרופונדו 8,ג'\קובס דאו אגברטס צרפת,FR,קפסולות אספרסו לור 8 עוצמתי 10 יח,יחידה,10.00,יחידה,false,10,19.90,1.9900,true,1,318408
8711000362631,false,קפסולות קפה תואמות נספרסו אוניקס 12 ל'אור 10 יחידות,גיקובס דאו אגברטס צרפת,FR,קפסולות אספרסו לור 12 מריר 10 יח,יחידה,10.00,יחידה,false,10,19.90,1.9900,true,1,318404
8711000362655,false,לור קפסולות קפה אספרסו אור אבס 52ג,"ג'\ייקובס דאו אגרבטס, צר",FR,קפסולות אספרסו לור9אינטנסיטי 10 יח,יחידה,10.00,יחידה,false,10,19.90,1.9900,true,1,325515
8711000362679,false,קפסולות קפה תואמות נספרסו קולומביה 8 ל'אור 10 יחידות,ג'\ייקובס דאו אגרבטס צרפ,FR,קפסולות אספרסו לור קולומביה 10 יח,יחידה,10.00,יחידה,false,10,19.90,1.9900,true,1,318428
8711000362693,false,לור קפסולות קפה אספרסו פפואה 7,"ג'\ייקובס דאו אגרבטס, צר",FR,קפסולות אספרסו לור פפואה 10 יח,יחידה,10.00,יחידה,false,10,19.90,1.9900,true,1,318429
8711000362747,false,קפסולות קפה תואמות נספרסו ריסטרטו 11 ל'אור 10 יחידות,גיקובס דאו אגברטס צרפת,FR,קפסולות אספרסו לור 11 אגוזי 10 יח,יחידה,10.00,יחידה,false,10,19.90,1.9900,true,1,318405
8711000431108,false,לור קפסולות קפה אספרסו הודו 52 גר,"ג'\ייקובס דאו אגרבטס, צר",FR,קפסולות אספרסו לור הודו 10 יח,יחידה,10.00,יחידה,false,10,19.90,1.9900,true,1,318430
8711000471296,false,קפסולות קפה תואמות נספרסו אולטימו 13 ל'אור 10 יחידות,ג'\ייקובס דאו אגרבטס צרפ,FR,קפסולות אספרסו לור13אולטימו 10 יח,יחידה,10.00,יחידה,false,10,19.90,1.9900,true,1,322774
8711151034500,false,ממרח תפוח עץ טבעי 450 גר,B.V SLUISGE,NL,ממרח תפוחי עץ טבעי הולנדי 450 גר,גרמים,450.00,100 גרם,false,1,9.50,2.1111,true,1,225379
8711200425990,false,חמאת בוטנים חלקה 350 גר Calve,יוניקורן פיקלס,NL,חמאת בוטנים קאלווה חלקה ללא סוכר 350 גר,גרמים,350.00,100 גרם,false,1,15.90,4.5429,true,1,319276
8711200426034,false,חמאת בוטנים קראנצי 350 גר Calve,יוניקורן פיקלס,NL,חמאת בוטנים קאלווה קראנצי 350 גר,גרמים,350.00,100 גרם,false,1,15.90,4.5429,true,1,319275
8711200443789,false,"חרדל דיז'ון גרגירים בבקבוק לחיץ סיימן 235 מ""ל",מיילי,FR,חרדל מאילי דיזון לחיץ גרגירים235 מל,מיליליטרים,235.00,"100 מ""ל",false,8,15.90,6.7660,true,1,316434
8711200443802,false,"חרדל דיזון בבקבוק לחיץ 235 מ""ל",מיילי,FR,חרדל מאילי דיזון לחיץ 235 מל,מיליליטרים,235.00,"100 מ""ל",false,8,15.90,6.7660,true,1,316433
8711200484874,false,"רוטב חרדל דבש בקבוק קאלווה 450 מ""ל",יוניליוור,NL,חרדל ודבש קאלווה לחיץ 450 מל,מיליליטרים,450.00,"100 מ""ל",false,12,24.90,5.5333,true,1,334315
8711200516636,false,קולמנס אבקת רוטב פלפ,,GB,קולמנס אבקת רוטב פלפל,Unknown,0.00,Unknown,false,12,10.90,0.0000,true,1,328407
8711271101014,false,ממרח פיקללי מקורי קש,,NL,ממרח פיקללי מקורי קשבאק 370 מל,מיליליטרים,370.00,"100 מ""ל",false,6,14.90,4.0270,true,1,329009
8711271105005,false,מלפפון חמוץ טבעות קא,,NL,מלפפון חמוץ טבעות קאשבאק 720 מל,מיליליטרים,720.00,"100 מ""ל",false,6,19.90,2.7639,true,1,336844
8711271109713,false,מלפפון חמוץ רצועות ק,,NL,מלפפון חמוץ רצועות קאשבאק 550 מל,מיליליטרים,550.00,"100 מ""ל",false,6,19.90,3.6182,true,1,336924
8711281013345,false,חרדל הולנדי מקורי גרגירים 335 גרם,מוסטאד מולן דה האוסמ,NL,חרדל הולנדי גרגרים 335 גר,גרמים,335.00,100 גרם,false,1,11.90,3.5522,true,1,308733
8711327475618,false,"מגנום פיינט וניל קלאסיק 440 מ""ל","מפעל גלידות בווספרם, רחו",HU,גלידה מגנום פיינט וניל קלאסיק 260גר,גרמים,260.00,100 גרם,false,8,21.90,8.4231,true,1,326370
8711327475663,false,מגנום פיינט וניל שוקולד לבן 260 גרם,"מפעל גלידות בווספרם, רחו",HU,גלידה מגנום פיינט וניל שוקולד לבן 260גר,גרמים,260.00,100 גרם,false,8,21.90,8.4231,true,1,326369
8711327475717,false,מגנום פיינט וניל שקדים 260 גרם,"מפעל גלידות בווספרם, רחו",HU,גלידה מגנום פיינט וניל שקדים 260גר,גרמים,260.00,100 גרם,false,8,21.90,8.4231,true,1,326371
8711327475762,false,מגנום פיינט שוקולד לבן עוגיות 260 גרם,"מפעל גלידות בווספרם, רחו",HU,גלידה מגנום פיינט שוקולד לבן עוגיות260גר,גרמים,260.00,100 גרם,false,8,21.90,8.4231,true,1,326372
8711406103876,false,בירה לה טראפ חיטה 75,לה טראפ,NL,בירה לה טראפ חיטה 750מל פקדון בקבוק,מיליליטרים,750.00,"100 מ""ל",false,12,29.90,3.9867,true,1,300615
8711406129777,false,"בירה לה טראפ דאבל 750 מ""ל",לה טראפ,NL,בירה לה טראפ דאבל 750מל פקדון בקבוק,מיליליטרים,750.00,"100 מ""ל",false,12,29.90,3.9867,true,1,300614
8711528211138,false,גבינת גאודה עיזים במ,הנרי ויליך,NL,גבינת גאודה עיזים במשקל,קילוגרמים,1.00,"ק""ג",true,,169.00,169.0000,true,1,219038
8711528211145,false,גבינת גאודה במשקל כש,מולינו ניקולי s.p.a,NL,גבינת גאודה במשקל כשרה,קילוגרמים,1.00,"ק""ג",true,,69.00,69.0000,true,1,222280
8711700665834,false,סבון מוצק ניחוח מלפפון תה ירוק דאב 600 גרם מארז 6 יחידות,יוניליוור גרמניה (בו,DE,סבון מוצק דאב מלפפון 6 יח 100 גר,גרמים,600.00,100 גרם,false,1,19.90,3.3167,true,1,231999
8712000051099,false,"שישיית בירה היינקן 0% אלכוהל בקבוק 330 מ""ל","מבשלת היינקן, ריטבלדנברג",NL,מארז 6יח בירה היינקן 0% 330מל בק.פקדון,ליטרים,1.98,ליטר,false,4,32.90,16.6162,true,1,317716
8712092005802,false,גבינה מעושנת טבעי 200 ג',,NL,גבינה מעושנת 200 גרם הייטצ דאיירי,גרמים,200.00,100 גרם,false,1,17.90,8.9500,true,1,336319
8712100712029,false,תה פיגי 40שקיקים פרמ,,GB,תה פיגי 40שקיקים פרמידה 116 גר,גרמים,116.00,100 גרם,false,12,19.90,17.1552,true,1,328085
8712100739231,false,תה פיגי 40שקיקים פרמ,,GB,תה פיגי 40שקיקים פרמידה 116 גר,גרמים,116.00,100 גרם,false,12,19.90,17.1552,true,1,246326
8712400802499,false,תרכובת מזון המשך לפעוטות על בסיס חלב שלב 1,נוטרישיה קאלק ב. ו.,NL,תחליף חלב נוטרלין שלב 1 800 גר,גרמים,800.00,100 גרם,false,1,65.90,8.2375,true,1,230861
8712400802512,false,תרכובת מזון המשך לפעוטות על בסיס חלב שלב 2,נוטרישיה קאלק ב. ו.,NL,תחליף חלב נוטרלין שלב 2 800 גר,גרמים,800.00,100 גרם,false,1,65.90,8.2375,true,1,230862
8712400802536,false,תרכובת מזון המשך לפעוטות על בסיס חלב שלב 3,נוטרישיה קאלק ב. ו.,NL,תחליף חלב נוטרלין שלב 3 800 גר,גרמים,800.00,100 גרם,false,1,65.90,8.2375,true,1,230863
8712514091949,false,לקריץ מינק הולנדי בט,,NL,לקריץ מינק הולנדי בטעמים 225 גרם,גרמים,225.00,100 גרם,false,12,16.90,7.5111,true,1,329510
8712514092304,false,מינק לקריץ הולנדי בציפוי פריך 225 גרם,,NL,לקריץ מינק הולנדי ציפוי פריך 225 גרם,גרמים,225.00,100 גרם,false,12,16.90,7.5111,true,1,329511
8712514092328,false,מינק לקריץ הולנדי מתוק 225 גרם,,NL,לקריץ מינק הולנדי מתוק 225 גרם,גרמים,225.00,100 גרם,false,12,16.90,7.5111,true,1,329512
8712514092342,false,מינק לקריץ הולנדי במילוי מלוח 225 גרם,,NL,לקריץ מינק הולנדי מלוח 225 גרם,גרמים,225.00,100 גרם,false,12,16.90,7.5111,true,1,329509
8712561594608,false,"דאב תחליב רחיצה להזנה עמוקה 750 מ""ל","יוניליוור גרמניה, Gmbh &",DE,סבון נוזלי דאב הזנה עמוקה 750 מל,מיליליטרים,750.00,"100 מ""ל",false,1,17.90,2.3867,true,1,245800
8712561611411,false,"תחליב רחצה בניחוח מלפפון ותה ירוק דאב 750 מ""ל","יוניליוור גרמניה, Gmbh &",DE,סבון נוזלי דאב מלפפונים 750 מל,מיליליטרים,750.00,"100 מ""ל",false,1,17.90,2.3867,true,1,245801
8712561626286,false,"תחליב רחצה דאב זוהר כמשי 750 מ""ל",יוניליוור גרמניה (בו,DE,סבון נוזלי דאב זוהר כמשי 750 מל,מיליליטרים,750.00,"100 מ""ל",false,1,17.90,2.3867,true,1,245802
8712561631570,false,"תחליב רחצה קוקוס ויסמין דאב 750 מ""ל",יוניליוור גרמניה (בו,DE,תחליב רחצה דאב חלב קוקוס 750 מל,מיליליטרים,750.00,"100 מ""ל",false,1,17.90,2.3867,true,1,245803
8712566412013,false,אטריות ביצים קונימיקס בסגנון סיני 250 גר,קונימיקס,,אטריות סיניות להקפצה 250 גרם הולנד,גרמים,250.00,100 גרם,false,1,12.00,4.8000,true,1,296384
8713323093483,false,ורוד-גאודה הולנדי פרוס 150 גרם,ווסטלנד,NL,גבינת גאודה הולנדי 150גר פרוס ורוד,גרמים,150.00,100 גרם,false,1,14.90,9.9333,true,1,326870
8713323093490,false,ירוק- אדם הולנדי פרוס 150 גרם,ווסטלנד,NL,גבינת אדם הולנדי 150גר פרוס ירוק,גרמים,150.00,100 גרם,false,1,14.90,9.9333,true,1,326869
8713323093506,false,כחול- מאסדם הולנדי פרוס 150 גרם,ווסטלנד,NL,גבינת מאסדאם הולנדי 150גר פרוס כחול,גרמים,150.00,100 גרם,false,1,14.90,9.9333,true,1,326871
8713800129261,false,טופי לונקה פאדג קרמל,לונקה בי וי אוסטראוט,NL,פרלינים לונקה פאדג קרמל 180 גרם,גרמים,180.00,100 גרם,false,12,14.90,8.2778,true,1,318388
8714100402016,false,אטריות אורז 250 גרם MIHOEN,,,אטריות אורז מלא מיהון 250 גר,גרמים,250.00,100 גרם,false,1,11.90,4.7600,true,1,242984
8714100536148,false,רוטב קולמנס טרטר 144,,GB,רוטב קולמנס טרטר 144 גרם,גרמים,144.00,100 גרם,false,6,13.90,9.6528,true,1,327561
8714100609804,false,רוטב קרנברי קולמנס 1,,GB,רוטב קולמנס קרנברי 165 גרם,גרמים,165.00,100 גרם,false,6,13.90,8.4242,true,1,327566
8714200207931,false,ונקו - ממתק לקריץ בטעם דבש 157 גרם,יושלם,NL,סוכריות לקריץ דבש168 גר,גרמים,168.00,100 גרם,false,12,7.90,4.7024,true,1,246568
8714200207962,false,ונקו -ממתק לקריץ בצורת חתולים 155 גרם,אחים מזרחי,NL,סוכריות לקריץ חתול 166 גר,גרמים,166.00,100 גרם,false,12,7.90,4.7590,true,1,246569
8714443620030,false,מרק ירקות אורגני 200 גרם,תות תעשיות מזון (201,NL,מרק ירקות אורגני 200 גר נטורפוד,גרמים,200.00,100 גרם,false,6,26.90,13.4500,true,1,299672
8714599410530,false,גייקובס קרונינג שקית רפיל 200 גרם,ג'יי.די.אי.,UA,קפה נמס גקובס 200גר שקית,גרמים,200.00,100 גרם,false,1,19.90,9.9500,true,1,308281
8714599410554,false,קפה גייקובס קרוננג מ,מונדליז,,קפה נמס גקובס 50 גרם בשקית,Unknown,0.00,Unknown,false,1,6.90,0.0000,true,1,325188
8714599410806,false,ג'ייקובס קרוננג מיובש בהקפאה 160 גרם סגירה חוזרת,ג'ייקובס Jacobs,RU,קפה נמס גקובס בשקית 160 גרם,גרמים,160.00,100 גרם,false,9,17.90,11.1875,true,1,325176
8714599412336,false,קפה נמס בריסטה אמריקנו קלוי וטחון 160 ג' ג'ייקובס,ג'\ייקובס דאו אגברטס רוס,RU,קפה נמס גקובס בריסטה אמריקנו 160 גרם,גרמים,160.00,100 גרם,false,1,27.90,17.4375,true,1,332147
8714599513781,false,"קפה נמס מיובש בהקפאה זהב צנצנת ג'ייקובס 200 גרם לל""ס",אל.אל. סי ג''יקובס דאו א,RU,קפה גקובס גולד מיובש 200 גר,גרמים,200.00,100 גרם,false,6,27.90,13.9500,true,1,297293
8714599513835,false,גי'קובס קרונונג נייט אנד דיי - נטול קופיאין,ג'ייקובס Jacobs,DE,קפה נמס גקובס נטול קפאין 200 גר,גרמים,200.00,100 גרם,false,1,34.90,17.4500,true,1,300089
8714599513866,false,"קפה נמס מיובש בהקפאה קרונג צנצנת ג'ייקובס 200 גרם לל""ס",אל.אל.סי גייקובס דאו,DE,קפה נמס גקובס קרונונג מיובש 200 גרם,גרמים,200.00,100 גרם,false,1,27.90,13.9500,true,1,297292
8714599630440,false,קפה נמס גקובס קרונונ,מונדליז,,קפה נמס גקובס קרונונג מיובש 270 גרם,גרמים,270.00,100 גרם,false,1,29.90,11.0741,true,1,338316
8714789177229,false,רבעיית מברשות שיניים קולגייט אקסטרה קלין 1 יחידה,הנסיך- מפעל לייצור ט,CN,מארז 4 מב.שיניים אקסטרא קלין,Unknown,0.00,Unknown,false,1,13.90,0.0000,true,1,224108
8714789218465,false,מברשת שיניים 360 סופט קולגייט 2 יחידות,הנסיך- מפעל לייצור ט,CN,זוג מב.שיניים קולגייט 360 יום סמול,יחידה,2.00,יחידה,false,1,32.90,16.4500,true,1,223190
8714789303925,false,מברשת שיניים 360 סנסטיב רכה במיוחד קולגייט 2 יחידות,קולגייט- פלמוליב,CH,זוג מב.שיניים קולגייט 360 יום סנסטיב,Unknown,0.00,Unknown,false,1,32.90,0.0000,true,1,225174
8714789402918,false,נוזל לניקוי כללי ורצפות בניחוח פרחי בר אג'קס 1.5 ליטר,הנסיך- מפעל לייצור ט,GR,נוזל לניקוי כללי אגקס אדום פרחים 1.5 ל,ליטרים,1.50,ליטר,false,1,16.90,11.2667,true,1,225422
8714789402932,false,נוזל לניקוי כללי ורצפות בניחוח ורדי בוקר אג'קס 1.5 ליטר,הנסיך- מפעל לייצור ט,GR,נוזל לניקוי כללי אגקס ורוד פרחים 1.5 ל,ליטרים,1.50,ליטר,false,1,16.90,11.2667,true,1,225423
8714789402970,false,נוזל לניקוי כללי ורצפות בניחוח פרחי אביב אגק'ס 1.5 ליטר,הנסיך- מפעל לייצור ט,GR,נוזל לניקוי כללי אגקס ירוק פרחים 1.5 ל,ליטרים,1.50,ליטר,false,1,16.90,11.2667,true,1,225424
8714789450315,false,פלמוליב נוזל כלים לימון 1.5 ליטר,הנסיך- מפעל לייצור ט,GR,נוזל כלים פלמוליב לימון שקוף 1.5 ל,ליטרים,1.50,ליטר,false,10,15.90,10.6000,true,1,244648
8714789529561,false,"משחת שיניים סנסטיב פרו ריליף להלבנה קולגייט 75 מ""ל",קולגייט-פלמוליב,BR,מש.קולגייט סנסיטיב פרו ריליף הלבנה75מל,מיליליטרים,75.00,"100 מ""ל",false,1,18.90,25.2000,true,1,229577
8714789582764,false,אג'קס ספריי לניקוי חלונות ומשטחים,קולגייט-פלמוליב,GR,מרסס אגקס חלונות טריגרם 750מל,מיליליטרים,750.00,"100 מ""ל",false,1,11.90,1.5867,true,1,242265
8714789740058,false,מברשת שיניים טוויסטר סופט קולגייט 2 יחידות,הנסיך- מפעל לייצור ט,CN,זוג מב.שיניים קולגייט טוויסטר סופט,Unknown,0.00,Unknown,false,12,20.90,0.0000,true,1,233205
8714789797786,false,"פלמוליב נוזל לניקוי כלים גריז בלסטר 750 מ""ל",יבואן ומשווק: ש. שסט,GR,נוזל כלים פלמוליב גרייס בלאסטר750מל,מיליליטרים,750.00,"100 מ""ל",false,1,11.90,1.5867,true,1,233198
8714789831275,false,מברשת שיניים 360 אופטיק ווייט קולגייט 2 יחידות,קולגייט-פלמוליב,CN,זוג מב.שיניים קולגייט 360 אופטיק וויט,יחידה,2.00,יחידה,false,1,32.90,16.4500,true,1,233737
8714789834467,false,פלמוליב נוזל לניקוי כלים קלאסי 1.5 ליטר,קולגייט-פלמוליב,GR,נוזל כלים פלמוליב שקוף קלאסי 1.5ליטר,ליטרים,1.50,ליטר,false,10,15.90,10.6000,true,1,235828
8714789835112,false,קולגייט מברשת360 אופטיק וייט סופט חשמלית,COLGATE PALMOLIVE,CN,מברשת שיניים קולגייט 360 אופטיק וייט חשמ,יחידה,1.00,יחידה,false,12,59.90,59.9000,true,1,313838
8714789930848,false,"משחת שיניים אופטיק וייט הלבנה מיידית קולגייט 75 מ""ל",הנסיך- מפעל לייצור ט,PL,מש.שיניים אופטיק וויט אינסטנט 75 מל,מיליליטרים,75.00,"100 מ""ל",false,1,21.90,29.2000,true,1,241497
8714789966403,false,ליידי ספיד סטיק פרו 5 ג'ל 65 גר',קולגייט פלמוליב,US,ליידי ספיד סטיק פרו 5 גל 65גרם,Unknown,0.00,Unknown,false,1,18.90,0.0000,true,1,329207
8714800004114,false,"בירה 8.6 אורגינל 500 מ""ל פחית",בווריה,NL,בירה בווריה 8.6 אורגינל 500מל פקדון,מיליליטרים,500.00,"100 מ""ל",false,1,10.00,2.0000,true,1,233473
8714800007191,false,"בירה בווריה פרמיום 500 מ""ל פחית",בווריה,NL,בירה בווריה פרימיום 500מל פקדון,מיליליטרים,500.00,"100 מ""ל",false,1,8.90,1.7800,true,1,233475
8714800014182,false,"בירה 8.6 רד 500 מ""ל פחית",בווריה,,בירה בווריה 8.6 אדום 500מל פקדון,מיליליטרים,500.00,"100 מ""ל",false,1,10.00,2.0000,true,1,234541
8714800017480,false,"בוואריה בטעם תפוח 330 מ""ל מארז שישייה",בוואריה,NL,מארז 6יח משקה מאלט בוואריה תפוח 330מל,מיליליטרים,1980.00,"100 מ""ל",false,1,27.90,1.4091,true,1,238418
8714800021395,false,"בירה 8.6 גולד 500 מ""ל פחית",בווריה,,בירה בווריה 8.6 גולד 500מל פקדון,מיליליטרים,500.00,"100 מ""ל",false,1,10.00,2.0000,true,1,233474
8714800024136,false,"בירה הולנדיה 5% 500 מ""ל פחית",בווריה,IL,בירה הולנדיה 5% 500 מל,מיליליטרים,500.00,"100 מ""ל",false,24,7.90,1.5800,true,1,297975
8714800025348,false,"בירה הולנדיה 12% חזקה מאוד 500 מ""ל פחית",בווריה,,בירה הולנדיה 12% 500מל פקדון,מיליליטרים,500.00,"100 מ""ל",false,1,10.00,2.0000,true,1,295476
8714800025898,false,"בירה 8.6 בלק חזקה 500 מ""ל פחית",בווריה,,"בירה בווריה 8.6בלק 7.9% 500 מ""ל",מיליליטרים,500.00,"100 מ""ל",false,1,10.00,2.0000,true,1,241582
8714800036214,false,בירה איי פי אל 500מל,בווריה,,בירה איי פי אל 500מל 8.6% פחית פקדון,מיליליטרים,500.00,"100 מ""ל",false,1,8.90,1.7800,true,1,318266
8714800039772,false,מארז 6יח בירה 8.6 או,בווריה,,מארז 6יח בירה 8.6 אורגינל 330מל בק.פקדון,מיליליטרים,1980.00,"100 מ""ל",false,4,29.90,1.5101,true,1,332425
8714800041645,false,"בירה 8.6 אקסטרים חזקה מאוד 500 מ""ל פחית",בווריה,,בירה בווריה 500 מל 8.6 אקסטרים 10.5%,מיליליטרים,500.00,"100 מ""ל",false,1,10.00,2.0000,true,1,327170
8714800043182,false,"בירה 8.6 איי.פי.אל 500 מ""ל פחית",בווריה,,בירה איי פי אל 500מל 8.6% פחית פקדון,מיליליטרים,500.00,"100 מ""ל",false,1,10.00,2.0000,true,1,334751
8715035150300,false,"רוטב סויה קיקומן ללא מ""ל 250 גלוטן",קיקומן פודז יורופ בי,NL,רוטב סויה קיקומן ללא גלוטן 250 מל,מיליליטרים,250.00,"100 מ""ל",false,1,19.90,7.9600,true,1,326163
8715035520301,false,פונזו רוטב יפני מסורתי מבוסס על רוטב סויה ולימון,קיקומן פודז יורופ בי,NL,רוטב פונזו קיקומן סויה ולימון 250 מל,מיליליטרים,250.00,"100 מ""ל",false,1,19.90,7.9600,true,1,318362
8715700110141,false,מיונז קרמי היינץ צנצנת 460ג',ה.י.היינץ הולדינג בי.וי,NL,מיונז היינץ אמיתי 460 גרם,גרמים,460.00,100 גרם,false,1,11.90,2.5870,true,1,309071
8715700115641,false,ממרח מיונז לחיץ לייט במרקם קרמי 420 ג' היינץ,"פודליצקי ספ.ז.או.או,.",PL,מיונז היינץ לייט לחיץ395 גר ל.חומר משמר,גרמים,395.00,100 גרם,false,1,15.90,4.0253,true,1,306740
8715700117805,false,"קטשופ היינץ מתבל עגבניות ללא תוספת סוכר ומלח 425 מ""ל","ה.י היינץ הולדינג בי.וי,",NL,קטשופ היינץ ללא מלח וסוכר 400 מל,מיליליטרים,400.00,"100 מ""ל",false,1,11.90,2.9750,true,1,321927
8715700118925,false,קטשופ היינץ חריף 460 גרם,ה.י. היינץ,NL,קטשופ היינץ חריף לחיץ 460 גרם,גרמים,460.00,100 גרם,false,10,13.90,3.0217,true,1,337926
8715700419695,false,רוטב ברביקיו מתוק היינץ 500 גרם,היינץ Heinz,NL,רוטב היינץ ברביקיו מתוק 500 גר,גרמים,500.00,100 גרם,false,10,16.90,3.3800,true,1,309070
8715700419732,false,מתבל עגבניות היינץ 700 גרם,ה.י. היינץ,NL,קטשופ היינץ לחיץ 700 גרם,גרמים,700.00,100 גרם,false,1,11.90,1.7000,true,1,241316
8715700420516,false,רוטב היינץ קארי קלאס,היינץ פודס,GB,רוטב היינץ קארי קלאסי 425 גרם,גרמים,425.00,100 גרם,false,12,22.90,5.3882,true,1,328410
8715700421322,false,היינץ רוטב ברביקיו צ'ילי 490 גרם,היינץ Heinz,NL,רוטב היינץ ברביקיו צילי 490 גר,גרמים,490.00,100 גרם,false,10,16.90,3.4490,true,1,309069
8715700422381,false,מיונז היינץ 420 גר' כשלפ,היינץ,ES,מיונז אמיתי היינץ 420 גרם,גרמים,420.00,100 גרם,false,1,8.90,2.1190,true,1,299966
8715700422473,false,ממרח לכריכים וסלטים ללא ח. משמרים היינץ 395 גרם,ה.י. היינץ,NL,מיונז היינץ לחיץ395 גר ל.חומר משמר,גרמים,395.00,100 גרם,false,1,15.90,4.0253,true,1,302283
8715700423906,false,היינץ מתבל עגבניות מופחת סוכר ומלח 50/50 550 גרם,היינץ צפון אמריקה מק,NL,מתבל עגבניות היינץ מופחת סוכר ונתרן555גר,גרמים,555.00,100 גרם,false,1,11.90,2.1441,true,1,311350
8716000968951,false,"ליקר בולס אדבוקט ליקר ביצים 700 מ""ל",קוימנס רויאל,IT,ליקר בולס אדבוקט ביצים 700 מל,מיליליטרים,700.00,"100 מ""ל",false,1,60.00,8.5714,true,1,316519
8716695028879,false,שעועית אפויה חומה אמ,אמה ואן טולי בי.וי,NL,שעועית אפויה חומה אמהא 340 גרם,גרמים,340.00,100 גרם,false,12,8.90,2.6176,true,1,336845
8716695033873,false,פרוסות סלק אדום אמה 340 גרם,אמה ואן טולי בי.וי,NL,סלק פרוס בחומץ אמהא 340 גרם,גרמים,340.00,100 גרם,false,12,8.90,2.6176,true,1,336846
8716695220686,false,רוטב עגבניות לפסטה א,אמה ואן טולי בי.וי,,רוטב עגבניות לפסטה אמה 520 גרם,גרמים,520.00,100 גרם,false,1,10.90,2.0962,true,1,309001
8716695354404,false,מלפפון קורנישון חמוץ,,,מלפפון קורנישון חמוץ מתוק אמהא 330 גר,גרמים,330.00,100 גרם,false,1,10.90,3.3030,true,1,325751
8716695413873,false,רסק תפוחי עץ אמהא 72,אהק בו.וי.גיסן,,רסק תפוחי עץ אמהא 720גר צנצנת,גרמים,720.00,100 גרם,false,1,10.00,1.3889,true,1,318805
8716695882877,false,"רסק תפוח עץ ללת""ס 360 גרם",,,רסק תפוחי עץ ל.ס. אמהא360גר,גרמים,360.00,100 גרם,false,1,7.90,2.1944,true,1,324229
8717038900579,false,וודקה סופר פרמיום מי,מפעל משקאות,,וודקה סופר פרמיום מידנייט מלון 750מל,מיליליטרים,750.00,"100 מ""ל",false,1,89.90,11.9867,true,1,303064
8717163607305,false,דאב סבון מוצק גרגירים לעיסוי עדין *4,יוניליוור גרמניה (בו,DE,דאב סבון מוצק גרגרים 100ג4x מ,גרמים,400.00,100 גרם,false,12,14.90,3.7250,true,1,220383
8717163630105,false,"שמפו טרזמה להחלקה וצביעה 400 מ""ל",יוניליוור,PL,שמפו טרזמה להחלקה וצבע 400מל,מיליליטרים,400.00,"100 מ""ל",false,6,24.90,6.2250,true,1,321781
8717163647226,false,"אקס דאודורנט ספריי גוף בלאק 150 מ""ל",ארנסט. רחוב קומבינצק,GB,דאודורנט אקס בלאק ספריי לגבר 150מל,מיליליטרים,150.00,"100 מ""ל",false,1,19.90,13.2667,true,1,317388
8717163647233,false,"אקס דאודורנט ספריי גוף בלאק נייט 150 מ""ל",ארנסט. רחוב קומבינצק,GB,דאודורנט אקס בלאק נייט ספריי לגבר 150מל,מיליליטרים,150.00,"100 מ""ל",false,1,19.90,13.2667,true,1,317387
8717163647240,false,"אקס דאודורנט ספריי גוף לגבר שוקולד 150 מ""ל",יוניליוור גרמניה (בו,GB,דאודורנט אקס שוקולד ספריי לגבר 150מל,מיליליטרים,150.00,"100 מ""ל",false,1,19.90,13.2667,true,1,317386
8717163647257,false,"אקס אנטיפרספירנט ספריי גוף גולד 150מ""ל",יוניליוור אנגליה,GB,דאודורנט אקס גולד ספריי 150מל,מיליליטרים,150.00,"100 מ""ל",false,1,19.90,13.2667,true,1,317384
8717163647264,false,"אקס דאודורנט ספריי גוף אייס צ'יל 150 מ""ל",יוניליוור אנגליה,GB,דאודורנט אקס ספריי גוף אייס ציל לגבר150מ,מיליליטרים,150.00,"100 מ""ל",false,1,19.90,13.2667,true,1,317382
8717163655764,false,"רקסונה - דאודורנט ספריי לאישה שוואר פרש 150 מ""ל","קוסטר אירוסול, גבזה 4140",GB,דאודורנט רקסונה ספריי שאוור פרש 150מל,מיליליטרים,150.00,"100 מ""ל",false,6,19.90,13.2667,true,1,319796
8717163658314,false,תחליב רחצה מים מיסלריים היפואלרגני לעור רגיש,יוניליוור גרמניה Gmbh &,DE,סבון נוזלי דאב 500מל מים מיסלריים סנסטיב,מיליליטרים,500.00,"100 מ""ל",false,1,15.90,3.1800,true,1,317366
8717163663493,false,"רקסונה - דאודורנט ספריי לגבר קובלט דריי 150 מ""ל","יוניליוור אנגליה, דרך קו",GB,דאודורנט רקסונה ספריי קובלט דריי 150מל,מיליליטרים,150.00,"100 מ""ל",false,6,19.90,13.2667,true,1,319798
8717163666753,false,"ספריי אנטיפרספרנט אייס צ'יל לגבר 150 מ""ל אקס","יוניליוור אנגליה, דרך קו",GB,דאודורנט אקס ספריי גוף אייס ציל לגבר150מ,מיליליטרים,150.00,"100 מ""ל",false,1,17.90,11.9333,true,1,317383
8717163842669,false,"תחליב רחצה חימר ירוק purifing דאב 500 מ""ל",יוניליוור גרמניה,DE,סבון נוזלי דאב 500מל חמר ירוק,מיליליטרים,500.00,"100 מ""ל",false,1,15.90,3.1800,true,1,320403
8717163947692,false,"אקס ג'ל רחצה לגבר פרש ברגמוט ופינק פפר 400 מ""ל","יוניליוור גרמניה, רח",DE,גל רחצה אקס פינק פפר400 מל,מיליליטרים,400.00,"100 מ""ל",false,1,12.90,3.2250,true,1,321372
8717399035217,false,סוכריות בטעם ליקריץ 150 גרם,נפוליאון בי.וי,NL,סוכריות נפוליאון ליקריץ 150 גרם,גרמים,150.00,100 גרם,false,1200,10.90,7.2667,true,1,313598
8717399035231,false,סוכריות בטעם פירות 150 גרם,נפוליאון בי.וי,NL,סוכריות נפוליאון פירות 150 גרם,גרמים,150.00,100 גרם,false,1200,10.90,7.2667,true,1,313599
8717399036184,false,סוכריות נפוליאון קול,נפוליאון בי.וי,NL,סוכריות נפוליאון קולה 150 גרם,גרמים,150.00,100 גרם,false,1200,10.90,7.2667,true,1,315958
8717399036290,false,סוכריות בטעם לימון 150 גרם,נפוליאון בי.וי,NL,סוכריות נפוליאון לימון 150 גרם,גרמים,150.00,100 גרם,false,1200,10.90,7.2667,true,1,313597
8717545620236,false,גבינת אולד אמסטרדם 1,,,גבינת אולד אמסטרדם 150 גרם פרוסות,גרמים,150.00,100 גרם,false,1,24.90,16.6000,true,1,303067
8717545810019,false,סטרופ וופל הולנדי 290 גרם,וואן האוטן,,וופל סטרופ הולנד דלמנס 175 גר,גרמים,175.00,100 גרם,false,1,10.90,6.2286,true,1,310771
8717644390566,false,סבון מוצר רביעיה תמצית מלפפון ותה ירוק,יוניליוור גרמניה (בו,DE,רביעיית סבון מוצק דאב ירוק 09,גרמים,400.00,100 גרם,false,12,14.90,3.7250,true,1,225326
8717677336593,false,טוניס שוקולד חלב 180 גרם רבנות - נוכרי,טוניס/שוקולונלי,NL,שוקולד טוניס 32% חלב 180 גרם,גרמים,180.00,100 גרם,false,15,17.90,9.9444,true,1,327339
8717677336616,false,שוקולד מריר עם שקדים ומלח טוניס' שוקולונלי 180 גרם,טוניס/שוקולונלי,NL,שוקולד טוניס מריר שקד ומלח ים 180 גרם,גרמים,180.00,100 גרם,false,15,17.90,9.9444,true,1,327340
8717677336630,false,שוקולד חלב עם שקדים ודבש טוניס' שוקולונלי 180 גרם,טוניס/שוקולונלי,NL,שוקולד טוניס שקד דבש נוגט 180 גרם,גרמים,180.00,100 גרם,false,15,17.90,9.9444,true,1,327341
8717677336661,false,טוניס שוקולד מריר מעולה 70% 180 גרם רבנות - נוכרי,טוניס/שוקולונלי,NL,שוקולד טוניס 70% מריר 180 גרם,גרמים,180.00,100 גרם,false,15,17.90,9.9444,true,1,327343
8717677338436,false,שוקולד חלב עם אגוזי לוז טוניס' שוקולונלי 180 גרם,טוניס/שוקולונלי,NL,שוקולד טוניס חלב אגוזי לוז 180 גרם,גרמים,180.00,100 גרם,false,15,17.90,9.9444,true,1,327344
8717677339891,false,שוקולד טוניס חלב פרצ,,NL,שוקולד טוניס חלב פרצל וטופי 180 גרם,גרמים,180.00,100 גרם,false,15,17.90,9.9444,true,1,334048
8717903961254,false,רוטב טורקי שווארמה 2,פוטורוס פוד,NL,רוטב טורקי לשוארמה 265 מל ילדריז,מיליליטרים,265.00,"100 מ""ל",false,6,12.90,4.8679,true,1,325721
8717903962459,false,רוטב נורווגי חרדל שמ,,NL,רוטב נורווגי חרדל ושמיר 265 מל ילדריז,מיליליטרים,265.00,"100 מ""ל",false,6,16.90,6.3774,true,1,325723
8718046012391,false,נוגט לונקה קרמל סופט,,NL,נוגט לונקה קרמל סופט 200 גרם,גרמים,200.00,100 גרם,false,12,14.90,7.4500,true,1,327948
8718114734484,false,מיונז מאילי 320 גר צ,יונילבר צרפת,FR,מיונז מאילי דיזון 320 גר צנצנת,גרמים,320.00,100 גרם,false,1,15.90,4.9688,true,1,297093
8718692610828,false,בקבוקים צבעוניים סודה סטרים 1 ל' * 3 יח',סודהסטרים sodastream,IL,שלישיית בקבוקים צבעוניים סודה סטרים,Unknown,0.00,Unknown,false,1,59.90,0.0000,true,1,241519
8718692610835,false,שלישית בקבוקי סודה סטרים פיוז 1 ליטר,סודה סטרים,IL,שלישיית בקבוקים סודה סטרים,Unknown,0.00,Unknown,false,1,59.90,0.0000,true,1,299605
8718692611979,false,סירופ סודה סטרים דיאט פירות יער 0.5 ל,סודה סטרים,IL,סירופ סודה סטרים דיאטפטל ופירות יער500מל,מיליליטרים,500.00,"100 מ""ל",false,1,22.90,4.5800,true,1,310056
8718692619463,false,בר משקאות ספיריט שחור+ בקבוק 1 ל' ומיכל הגזה 60 ל',סודהסטרים sodastream,,מכשיר סודה ספיריט שחור,יחידה,1.00,יחידה,false,1,499.00,499.0000,true,1,308355
8718692619470,false,בר משקאותSPIRIT אדום+מיכ,סודה סטרים,IL,מכשיר סודה ספיריט אדום,יחידה,1.00,יחידה,false,1,499.00,499.0000,true,1,308354
8718951001589,false,"אג'קס ספריי מסיר שומנים במטבח 600 מ""ל",הנסיך- מפעל לייצור ט,GR,מרסס אגקס מסיר שומנים למטבח 600מל,מיליליטרים,600.00,"100 מ""ל",false,1,11.90,1.9833,true,1,294544
8718951001596,false,"ספריי ניקוי לאמבטיה 600 מ""ל ""א'גקס""",הנסיך- מפעל לייצור ט,GR,מרסס אגקס אמבטיה 600מל,מיליליטרים,600.00,"100 מ""ל",false,1,11.90,1.9833,true,1,294545
8718951030169,false,"קולגייט סנסיטיב הלבנה המסייעת בהגנה לשיניים רגישות 75 מ""ל",קולגייט Colgate,PL,מש.שיניים קולגייט סנסטייב הלבנה 75מל,מיליליטרים,75.00,"100 מ""ל",false,48,17.90,23.8667,true,1,321873
8718951030206,false,"קולגייט סנסיטיב פרוטקשן משחת שיניים לשיניים רגישות 75 מ""ל",קולגייט-פלמוליב,PL,מש.שיניים קולגייט סנסטייב ש.רגישות 75מל,מיליליטרים,75.00,"100 מ""ל",false,48,17.90,23.8667,true,1,321872
8718951044913,false,מרידול משחת שיניים להלבנה 75 מל,קולגייט פלמוליב,PL,משחת שיניים מרידול להלבנת שיניים 75 מל,מיליליטרים,75.00,"100 מ""ל",false,1,19.90,26.5333,true,1,294548
8718951048669,false,אג'קס ספריי לניקוי חלונות בניחוח חגיגת הפרחים,SAS-VA COLGATE-PALMOLIVE,GR,מרסס אגקס חלונות 750מל בניחוח פרחים,מיליליטרים,750.00,"100 מ""ל",false,1,11.90,1.5867,true,1,334113
8718951079205,false,"קולגייט סנסיטיב פרו רליף רפיר אנד פריוונט 75 מ""ל",קולגייט-פלמוליב,PL,מש.קולגייט סנסיטיב פ.ריליף פריוונט 75מל,מיליליטרים,75.00,"100 מ""ל",false,1,18.90,25.2000,true,1,303642
8718951093331,false,מרידול זוג מברשות שיניים אקסטרה סופט,קולגייט פלמוליב,CH,זוג מברשות שיניים מרידול אקסטרא סופט,יחידה,2.00,יחידה,false,1,33.90,16.9500,true,1,298208
8718951144064,false,מרידול מברשת שיניים פרודונט אקספרט זוג,"ש. שסטוביץ בע""\מ",CH,זוג מב.שיניים מרידול פרדונט אקספרט,Unknown,0.00,Unknown,false,1,33.90,0.0000,true,1,302494
8718951160897,false,ספריי אקונומיקה עוצמת ה7 טריגר אגקס 500מ,קולגייט-פלמוליב,GR,מרסס אגקס אקונומיקה טריגר עוצמה7 500מל,מיליליטרים,500.00,"100 מ""ל",false,1,11.90,2.3800,true,1,307225
8718951166288,false,"משחת שיניים קולגייט מקס וייט 125 מ""ל",הנסיך- מפעל לייצור ט,PL,מש.שיניים קולגייט מקס וייט 125 מל,מיליליטרים,125.00,"100 מ""ל",false,12,17.90,14.3200,true,1,315158
8718951166561,false,משחת שיניים לרעננות מוגברת max fresh cooling crystals,הנסיך- מפעל לייצור ט,PL,מש.שיניים קולגייט מקס פרש כחול 125 מל,מיליליטרים,125.00,"100 מ""ל",false,12,17.90,14.3200,true,1,315157
8718951167094,false,נוזל כלים פלמוליב צילינדר תפוז וליים 1 ל,יבואן ומשווק: ש. שסט,GR,נוזל כלים פלמוליב צילנדר 1 ל תפוז ליים,ליטרים,1.00,ליטר,false,1,13.50,13.5000,true,1,309806
8718951175280,false,"קולגייט טוטאל משחת שיניים פרו ויזבל אקשן עם קצף פעיל 75 מ""ל",קולגייט Colgate,PL,משחת שיניים קולגיט טוטל פרו ויזבל 75חדש,Unknown,0.00,Unknown,false,48,16.90,0.0000,true,1,315835
8718951175631,false,מש.שיניים קולגייט טוטל פרו גאם אקשן 75מל,קולגייט Colgate,PL,משחת שיניים קולגייט טוטל פרו גאם 75מלחדש,Unknown,0.00,Unknown,false,48,16.90,0.0000,true,1,315841
8718951190191,false,"אג'קס טריגר בוסט לימון וסודה 500 מ""ל",קולגייט פלמוליב פירא,GR,מרסס אגקס טריגר בוסט לימון וסודה 500מל,מיליליטרים,500.00,"100 מ""ל",false,12,11.90,2.3800,true,1,315160
8718951222779,false,"מרידול פור משחה לשיניים וחניכיים בריאות 75 מ""ל",קולגייט פלמוליב,PL,משחת שיניים מרידול פור 75מל,מיליליטרים,75.00,"100 מ""ל",false,1,25.90,34.5333,true,1,319818
8718951228801,false,"קולגייט משחת מקס פרש כחול 125 מ""ל",קולגייט פלמוליב,PL,מש.שינים קולגייט מקס פרש כחול 125 מל,מיליליטרים,125.00,"100 מ""ל",false,12,17.90,14.3200,true,1,316819
8718951236790,false,"קולגייט טוטאל משחת שיניים קלין מינט לפה בריא 100 מ""ל",קולגייט פלמוליב,PL,משחת שיניים קולגייט טוטל קלין מינט100חדש,מיליליטרים,100.00,"100 מ""ל",false,48,16.90,16.9000,true,1,315838
8718951236806,false,"קולגייט טוטאל הלבנה משחת שיניים המסייעת בהסרת כתמים 100 מ""ל",קולגייט Colgate,PL,משחת שיניים קולגייט טוטל הלבנה 100מל חדש,מיליליטרים,100.00,"100 מ""ל",false,48,16.90,16.9000,true,1,315837
8718951236813,false,"קולגייט טוטאל משחת שיניים ניקוי מתקדם לפה בריא יותר 100 מ""ל",קולגייט פלמוליב,PL,משחת שיניים קולגיט טוטל ניקוי מתקדם חדש,מיליליטרים,100.00,"100 מ""ל",false,48,16.90,16.9000,true,1,315836
8718951240742,false,"קולגייט טוטאל משחת שיניים פסים מרעננים 100 מ""ל",קולגייט פלמוליב,PL,משחת שיניים קולגייט טוטל פסים 100מל חדש,מיליליטרים,100.00,"100 מ""ל",false,48,16.90,16.9000,true,1,315839
8718951254527,false,"קולגייט סנסטיב פרו לייף אקסטרה סטרנגט 75 מ""ל",קולגייט פלמוליב,PL,משחת שיניים קולגייט פרו ריליף סטרונג75מל,מיליליטרים,75.00,"100 מ""ל",false,48,18.90,25.2000,true,1,318712
8718951264618,false,"קולגייט אופטיק וייט פחם צ'רקול משחת שיניים, 75 מ""ל",קולגייט-פלמוליב,PL,משחת שיניים קולגייט אופטיק וויט פחם 75מל,Unknown,0.00,Unknown,false,48,25.90,0.0000,true,1,321874
8718951265103,false,מברשת שיניים קולגייט אולטרה סופט זוג,קולגייט פלמוליב,CN,מברשת שיניים קולגייט זוג אולטרה סופט,יחידה,2.00,יחידה,false,12,25.90,12.9500,true,1,318714
8718951286733,false,"קולגייט אופטיק וייט לסטינג וייט משחת שיניים 75 מ""ל",קולגייט Colgate,PL,משחת שיניים קולגייט אופטיק לסטינג ויט 75,Unknown,0.00,Unknown,false,48,25.90,0.0000,true,1,331292
8718951289833,false,פלמוליב סבון מוצק רביעייה לומינוס 360 ג,קולגייט פלמוליב,TR,מארז סבון פלמוליב מוצק לומינוס 4יח 90גר,גרמים,360.00,100 גרם,false,18,16.90,4.6944,true,1,320078
8718951313927,false,"סבון ידיים משאבה פלמוליב חימר טונוס 300 מ""ל",פלמוליב Palmolive,TR,סבון ידיים פלמוליב חימר טונוס 300מל,מיליליטרים,300.00,"100 מ""ל",false,1,11.90,3.9667,true,1,323953
8718951314009,false,"סבון נוזלי פלמוליב פטל שחור 750 מ""ל",קולגייט פלמוליב,TR,אלסבון פלמוליב משאבה פטל שחור 750 מל,מיליליטרים,750.00,"100 מ""ל",false,1,16.90,2.2533,true,1,332651
8718951314023,false,פלמוליב נטורלס תחליב רחצה אפרסק 750 מל,קולגייט פלמוליב,TR,אלסבון פלמוליב משאבה אפרסק 750 מל,מיליליטרים,750.00,"100 מ""ל",false,1,16.90,2.2533,true,1,332652
8718951315303,false,"קולגייט אדומה משחת שיניים להגנה מפני עששת 2*100 מ""ל",קולגייט-פלמוליב,PL,משחת שיניים קולגייט אדומה 100מל 2 יח,מיליליטרים,200.00,"100 מ""ל",false,24,19.90,9.9500,true,1,322760
8718951319806,false,פלמוליב לגבר גל רחצה ושמפו מרענן 750 משא,פלמוליב Palmolive,TR,גל רחצה שמפו פלמוליב לגבר 750מל,מיליליטרים,750.00,"100 מ""ל",false,12,16.90,2.2533,true,1,320968
8718951320093,false,זוג מברשות 360 אדוונס וויט שיניים קולגייט,קולגייט-פלמוליב,CN,מברשת שיניים קולגייט אדוונס וויט זוג,יחידה,2.00,יחידה,false,1,25.90,12.9500,true,1,322750
8718951329249,false,"דאורדורנט ליידי ספייד סטיק פירלס 150 מ""ל",קולגייט פלמוליב,RU,דאו.ספיד סטיק ספריי פירלט 24/7 150מל,מיליליטרים,150.00,"100 מ""ל",false,1,15.90,10.6000,true,1,323441
8718951329270,false,"ספיד סטיק ספריי מהדורה מוגבלת פלי 150 מ""ל",ספיד סטיק,RU,דאו.ספיד סטיק ספריי פליי 150מל לגבר,מיליליטרים,150.00,"100 מ""ל",false,1,15.90,10.6000,true,1,323444
8718951333048,false,"פלמוליב סבון לידיים למטבח, 300 מ""ל",הנסיך- מפעל לייצור ט,IT,סבון ידיים פלמוליב למטבח 300מל,מיליליטרים,300.00,"100 מ""ל",false,1,11.90,3.9667,true,1,326997
8718951334069,false,"אג'קס טריגר שירותים 500 מ""ל",שסטוביץ,GR,מרסס אגקס שירותים טריגר 500מל,מיליליטרים,500.00,"100 מ""ל",false,12,11.90,2.3800,true,1,336191
8718951334090,false,"סופלין מרכך כביסה מרוכז כחול 650 מ""ל",סופלין Soupline,GR,מרכך כביסה סופלין מרוכז כחול 650מל,מיליליטרים,650.00,"100 מ""ל",false,12,10.90,1.6769,true,1,321885
8718951334120,false,"סופלין מרכך כביסה מרוכז לבנדר 650 מ""ל",שסטוביץ,GR,מרכך כביסה סופלין מרוכז לבנדר 650מל,מיליליטרים,650.00,"100 מ""ל",false,12,10.90,1.6769,true,1,321886
8718951334427,false,סופלין מרכך כביסה מרוכז כחול 1.3 ליטר,שסטוביץ,GR,מרכך כביסה סופלין מרוכז כחול 1.3ליטר,מיליליטרים,1300.00,"100 מ""ל",false,12,18.90,1.4538,true,1,321881
8718951338128,false,"ליידי ספיד סטיק רול און שאוור פרש 50 מ""ל",קולגייט פלמוליב,IT,דאו. ליידי ספיד סטיק רול און שאור פרש 50,Unknown,0.00,Unknown,false,1,15.90,0.0000,true,1,329209
8718951338395,false,מרסס אגקס טריגר פיור הום סמבוק שחור 500,קולגייט פלמוליב,GR,מרסס אגקס טריגר פיור הום סמבוק שחור500מל,מיליליטרים,500.00,"100 מ""ל",false,1,11.90,2.3800,true,1,324756
8718951345119,false,נוזל לניקוי רצפות וכללי היביסקוס 2 ליטר,הנסיך- מפעל לייצור ט,GR,נוזל אגקס ניקוי כללי עוצמת ה7 היביסקוס2ל,ליטרים,2.00,ליטר,false,1,23.90,11.9500,true,1,325928
8718951354807,false,נוזל רצפות אגקס חגיגת הפרחים יסמין 1.5 ל,קולגייט פלמוליב,GR,נוזל ניקוי כללי אגקס יסמין ח. פרחים 1.5ל,ליטרים,1.50,ליטר,false,1,16.90,11.2667,true,1,324758
8718951365865,false,קולגייט זוג מברשות עם סיבי פחם בצפיפות ג,קולגייט פלמוליב,PL,מברשת שיניים קולגייט סיבי פחם זוג,יחידה,2.00,יחידה,false,1,32.90,16.4500,true,1,328624
8718951366015,false,"קולגייט - משחת שיניים אופטיק וויט אקס קומפ 75 מ""ל",CP-Poland swidnica,PL,משחת שיניים קולגייט אופטיק וויט אקספרט,מיליליטרים,75.00,"100 מ""ל",false,24,49.90,66.5333,true,1,337562
8718951368422,false,נוזל רצפות אגקס פיור הום תפוח 1.5 ל,Colgate - Greece,GR,נוזל אגקס 1.5 ליטר פיור הום תפוח חגיגת,ליטרים,1.50,ליטר,false,1,16.90,11.2667,true,1,324752
8718951370135,false,"סבון נוזלי ארומה סנסיישן גלואו 750 מ""ל פלמוליב",קולגייט פלמוליב,TR,אלסבון פלמוליב משאבה סנסיישן גלואו 750מל,מיליליטרים,750.00,"100 מ""ל",false,1,16.90,2.2533,true,1,323403
8718951377998,false,קולגייט סופט פואם זוג מברשות שיניים לניק,קולגייט פלמוליב,CN,מברשת שיניים קולגייט סופטנס זוג,יחידה,2.00,יחידה,false,1,25.90,12.9500,true,1,325482
8718951381292,false,"משחת שיניים מקס דיטוקס פואם קולגייט 125 מ""ל",קולגייט Colgate,PL,משחת שיניים קולגייט מקס דיטוקס פואם125מל,מיליליטרים,125.00,"100 מ""ל",false,12,17.90,14.3200,true,1,325931
8718951382640,false,"פלמוליב ג'ל רחצה חימר ואלוורה 750 מ""ל",קולגייט פלמוליב,TR,גל רחצה פלמוליב חימר דיטוקס 750מל,מיליליטרים,750.00,"100 מ""ל",false,1,16.90,2.2533,true,1,323956
8718951382664,false,"פלמוליב ג'ל רחצה חימר ואקליפטוס 750 מ""ל",קולגייט פלמוליב,TR,גל רחצה פלמוליב חימר טונוס 750מל,מיליליטרים,750.00,"100 מ""ל",false,1,16.90,2.2533,true,1,323958
8718951382718,false,"פלמוליב ג'ל רחצה חימר התחדשות 750 מ""ל",קולגייט פלמוליב,TR,גל רחצה פלמוליב חימר התחדשות 750מל,מיליליטרים,750.00,"100 מ""ל",false,1,16.90,2.2533,true,1,323957
8718951382787,false,"משחת שיניים אופטיק וויט חימר ומינרלים 75 מ""ל קולגייט",קולגייט Colgate,PL,משחת שיניים קולגייט אופטיק וויט חימר75מל,Unknown,0.00,Unknown,false,48,25.90,0.0000,true,1,333655
8718951385290,false,נוזל לניקוי כללי ורצפות אג'קס 2 ליטר,קולגייט פלמוליב,GR,נוזל לניקוי כללי אגקס כחול 2 ל,ליטרים,2.00,ליטר,false,1,23.90,11.9500,true,1,326737
8718951391284,false,נוזל אנטיבקטריאלי לניקוי כללי ורצפות רעננות הים,קולגייט-פלמוליב,GR,נוזל אגקס 1.5ליטר אנטיבקטריאלי אוקיינוס,מיליליטרים,1500.00,"100 מ""ל",false,8,21.90,1.4600,true,1,326994
8718951391314,false,"מרסס אגקס טריגר אנטי בקטריאלי 500 מ""ל",קולגייט-פלמוליב,GR,מרסס אגקס אנט בקטריאלי 500מל,מיליליטרים,500.00,"100 מ""ל",false,1,11.90,2.3800,true,1,326996
8718951400474,false,"תחליב רחצה קמליה ושקדים ללא משאבה750 מ""ל פלמולי",קולגייט פלמוליב,TR,תחליב רחצה פלמוליב קמליה שקדים 750מל ללא,מיליליטרים,750.00,"100 מ""ל",false,1,16.90,2.2533,true,1,336208
8718951400597,false,"תחליב רחצה קוקוס וחלב ללא משאבה750 מ""ל פלמוליב",קולגייט פלמוליב,TR,תחליב רחצה פלמוליב קוקוס חלב 750מל ללא,מיליליטרים,750.00,"100 מ""ל",false,1,16.90,2.2533,true,1,336207
8718951409798,false,זוג מברשות שיניים מקס וויט פחם קולגייט,הנסיך- מפעל לייצור ט,PL,מברשת שיניים קולגייט מקס וויט פחם זוג,יחידה,2.00,יחידה,false,12,24.90,12.4500,true,1,328211
8718951412378,false,משחת שיניים לחניכיים רגישות ולנשימה רעננה,קולגייט פלמוליב,PL,משחת שיניים מרידול נשימה רעננה 75מל,מיליליטרים,75.00,"100 מ""ל",false,1,25.90,34.5333,true,1,336190
8718951415836,false,קולגייט מי פה פלאקס פחם לחיוך לבן 500 מל,קולגייט Colgate,PL,מי פה קולגייט פלקס פחם 500מל,מיליליטרים,500.00,"100 מ""ל",false,1,24.90,4.9800,true,1,328625
8718951428492,false,"פלמוליב סבון רחצה לגבר 4ב1 מועשר בפחם 750 מ""ל",שסטוביץ,TR,אלסבון פלמוליב משאבה פחם 4ב1 לגבר 750מל,מיליליטרים,750.00,"100 מ""ל",false,1,16.90,2.2533,true,1,334112
8718951428522,false,"פלמוליב סבון רחצה לגבר 4 ב-1 המפ 750 מ""ל",שסטוביץ,TR,אלסבון פלמוליב משאבה המפ 4ב1 לגבר 750מל,מיליליטרים,750.00,"100 מ""ל",false,1,16.90,2.2533,true,1,332376
8718951433120,false,קולגייט טוטאל משחת שיניים לילדים לגילאי,קולגייט פלמוליב,PL,משחת שיניים קולגייט טוטל גוניור 50מל,Unknown,0.00,Unknown,false,12,16.90,0.0000,true,1,336713
8718951443358,false,"סבון ידיים פלמוליב מארז שלישייה 900 מ""ל",CP - Turkey+60,TR,מארז 3יח סבון ידיים פלמוליב 300מל,מיליליטרים,900.00,"100 מ""ל",false,6,24.90,2.7667,true,1,328212
8718951443396,false,"סבון ידיים חלב ודבש פלמוליב מארז 3*300 מ""ל",CP - Turkey+60,TR,מארז 3יח סבון ידיים פלמוליב חלב דבש 300,מיליליטרים,900.00,"100 מ""ל",false,6,24.90,2.7667,true,1,328213
8718951461413,false,"קולגייט טוטאל קלין מינט ביטיוב 100 מ""ל*2 כשל""פ",קולגייט פלמוליב,PL,מארז 2יח משחת שיניים קולגייט טוטל 100מל,מיליליטרים,200.00,"100 מ""ל",false,24,29.90,14.9500,true,1,334549
8718951470323,false,קולגייט סופט פואם פחם זוג מברשות שיניים,קולגייט פלמוליב,CN,מברשת שיניים קולגייט סופט פואם פחם זוג,יחידה,2.00,יחידה,false,1,25.90,12.9500,true,1,336189
8718951477384,false,"קולגייט משחת שיניים טוטאל ג'ל מתקדם פיור 75 מ""ל",קולגייט פלמוליב,PL,משחת שיניים קולגייט טוטל גל 75מל,מיליליטרים,75.00,"100 מ""ל",false,48,19.90,26.5333,true,1,333833
8718951509627,false,"קולגייט אופטיק וייט לאוהבי קפה ותה משחת שיניים 75 מ""ל",קולגייט פלמוליב,PL,משחת שיניים קולגייט אופטיק וייט קפה 75מל,Unknown,0.00,Unknown,false,48,25.90,0.0000,true,1,335186
8719128110325,false,"סירופ סודה סטרים לימונדה 500 מ""ל",סודה סטרים,IL,סירופ סודה סטרים לימונדה 500מל,מיליליטרים,500.00,"100 מ""ל",false,1,22.90,4.5800,true,1,310057
8719128110332,false,"סירופ סודה סטרים אנרגיה 500 מ""ל",סודהסטרים sodastream,IL,סירופ סודה סטרים אנרגיה 500 מל,מיליליטרים,500.00,"100 מ""ל",false,1,22.90,4.5800,true,1,310052
8719128110349,false,"סירופ פטל פירות יער סודה, 500 מ""ל",סודהסטרים sodastream,IL,סירופ סודה סטרים פטל ופירות יער 500מל,מיליליטרים,500.00,"100 מ""ל",false,1,22.90,4.5800,true,1,310055
8719128110363,false,סירופ סודה סטרים אשכולית אדומה 0.5 ל,סודה סטרים,IL,סירופ סודה סטרים אשכולית אדומה 500 מל,מיליליטרים,500.00,"100 מ""ל",false,1,22.90,4.5800,true,1,310053
8719128110387,false,סירופ סודה סטרים דיאט אשכולית אדומה 0.5ל,סודה סטרים,IL,סירופ סודה סטרים דיאט אשכולית אדומה500,מיליליטרים,500.00,"100 מ""ל",false,1,22.90,4.5800,true,1,310054
8719128112633,false,בקבוקי הגזה סודה סטרים לילדים 0.5 ל*2,סודה סטרים,IL,זוג בקבוקי סודה סטרים הגזה 500מל ילדים,יחידה,2.00,יחידה,false,1,39.00,19.5000,true,1,310046
8719128117232,false,"סירופ פפסי 440 מ""ל סודהסטרים",סודה סטרים,IL,סירופ פפסי 440 מל סודה סטרים,מיליליטרים,440.00,"100 מ""ל",false,1,22.90,5.2045,true,1,327597
8719128117249,false,"סירופ פפסי מקס 440 מ""ל סודהסטרים",סודה סטרים,IL,סירופ פפסי מקס 440מל סודה סטרים,מיליליטרים,440.00,"100 מ""ל",false,1,22.90,5.2045,true,1,327596
8719128117256,false,"סירופ סבן אפ 440 מ""ל סודהסטרים",סודה סטרים,IL,סירופ סבנאפ 440 מל סודה סטרים,מיליליטרים,440.00,"100 מ""ל",false,1,22.90,5.2045,true,1,327598
8719128117263,false,"סירופ מירנדה 440 מ""ל סודהסטרים",סודה סטרים,IL,סירופ מירנדה 440 מל סודה סטרים,מיליליטרים,440.00,"100 מ""ל",false,1,22.90,5.2045,true,1,327600
8719128117294,false,"סירופ דייט סבן אפ 440 מ""ל סודהסטרים",סודה סטרים,IL,סירופ סבנאפ דיאט 440מל סודה סטרים,מיליליטרים,440.00,"100 מ""ל",false,1,22.90,5.2045,true,1,327599
8719128118499,false,סודה סטרים - מיכל גז נוסף CQC עד 60 ליטר,,,מיכל גז עד 60ליטר חיבור מהיר,יחידה,1.00,יחידה,false,1,109.90,109.9000,true,1,336749
8719128118734,false,סודה סטרים - מילוי מיכל גז CQC עד 60 ליטר,,,מילוי מיכל גז עד 60 ליטר חיבור מהיר,יחידה,1.00,יחידה,false,1,62.90,62.9000,true,1,336748
8719200997998,false,מרגרינה למריחה בישול וטיגון 200 ג' בלו בנד,אתר חיפה מרגרינה - F,IL,מרגרינה עם מלח 200גר בלו בנד,גרמים,200.00,100 גרם,false,60,5.10,2.5500,true,1,320640
8719200998001,false,מרגרינה לאפיה ובישול בלי מלח 200 ג' בלו בנד,יוניליוור ישראל מזון בע\,IL,מרגרינה בלי מלח 200 גרם בלו בנד,גרמים,200.00,100 גרם,false,60,5.10,2.5500,true,1,320641
8719200998018,false,מחמאה מרגרינה בטעם חמאה בלובנד 200 גרם,"מיוצר ע""\י יוניליוור ישר",IL,מחמאה בלו בנד 200 גר,גרמים,200.00,100 גרם,false,1,5.50,2.7500,true,1,320650
8719200998049,false,"מרגרינה מזולה גלורי רגיל 250גר 8 יחידות -כשל""פ","מיוצר ע""\י יוניליוור ישר",IL,מרגרינה מזולה רגילה 250 גרם,גרמים,250.00,100 גרם,false,48,10.90,4.3600,true,1,320644
8719200998094,false,"מרגרינה מזולה לאפיה ללא תוספת מלח 200גר - 40 יח' -כשל""פ","מיוצר ע""\י יוניליוור ישר",IL,מרגרינה מזולה ללא מלח 200 גר,גרמים,200.00,100 גרם,false,1,7.10,3.5500,true,1,320649
8719200998100,false,מרגרינה מזולה לאפיה טעם חמאה 200גר - 40 יח',פארייפאבה אגרואינדוס,IL,מרגרינה מזולה טעם חמאה 200 גר,גרמים,200.00,100 גרם,false,1,7.10,3.5500,true,1,320648
8719324820431,false,חטיף טורטילה צילי 200 גרם,,NL,חטיף טורטיליה נאכו צילי 200 גרם,גרמים,200.00,100 גרם,false,10,16.90,8.4500,true,1,336851
8719325897562,false,גלילי וופל בטעם קוקוס 162 ג' ג'וי סאבור,,NL,גליליות סאבור קרם קוקוס 162 גרם,גרמים,150.00,100 גרם,false,18,10.90,7.2667,true,1,333587
8719326873503,false,זוג כוסות יין הפי גל,,NL,זוג כוסות יין הפי גלאס ליידי אביגיל,יחידה,2.00,יחידה,false,1,49.90,24.9500,true,1,329592
8719900516413,false,צעצוע מאוורר אמ אנד,General,CN,מאוורר אם אנד אמס,Unknown,0.00,Unknown,false,1,10.00,0.0000,true,1,326554
8719992179169,false,גלילי וופל 162 ג' ג'וי סאבור,,NL,גליליות סאבור קרם אגוזים 162 גרם,גרמים,150.00,100 גרם,false,18,10.90,7.2667,true,1,333586
8720100012445,false,וופל טוסט בלגי 6 יח 250 גרם בקרסלנד,דה בנקט גרופ,NL,וופל גנסן-וופל טוסט 12 יח במארז 250 גר 1,גרמים,250.00,100 גרם,false,12,12.90,5.1600,true,1,222723
8720181043093,false,"דאו אקס ספריי גוף לגבר אפולו 150 מ""ל","יוניליוור אנגליה, דרך קו",GB,דאודורנט אקס ספריי גוף אפולו לגבר150מ,מיליליטרים,150.00,"100 מ""ל",false,1,19.90,13.2667,true,1,337215
8720181045912,false,"אקס דאודורנט ספריי גוף אפריקה 150 מ""ל","יוניליוור אנגליה, דרך קו",GB,דאודורנט אקס ספריי אפריקה 150מל,מיליליטרים,150.00,"100 מ""ל",false,1,19.90,13.2667,true,1,324855
8720181046605,false,דאב - דאודורנט ספריי לאישה אורגינל כחול 150מל,"יוניליוור אנגליה, דרך קו",TR,דאו. דאב ספריי אורגינל 150 מל,מיליליטרים,150.00,"100 מ""ל",false,1,16.90,11.2667,true,1,325831
8720181046612,false,"דאב - דאודורנט רול און לאישה אורגינל 50 מ""ל","יוניליוור אנגליה, דרך קו",GB,דאב דאו.רולאון אורגינל 50 מל,Unknown,0.00,Unknown,false,1,16.90,0.0000,true,1,328452
8720181074745,false,דאב דאו ספריי בניחוח אסאי 150 מל,"יוניליוור אנגליה, דרך קו",GB,דאודורנט דאב ספריי אסאי 150מל,מיליליטרים,150.00,"100 מ""ל",false,1,16.90,11.2667,true,1,328935
8720181090219,false,תחליב רחצה רימונים ותמצית פרח היביסקוס,"יוניליוור גרמניה, Gmbh &",DE,סבון נוזלי דאב רימונים 750מל,מיליליטרים,750.00,"100 מ""ל",false,1,17.90,2.3867,true,1,327617
8720181123955,false,"אקס - ג'ל רחצה ריצארג קריד 400 מ""ל",יוניליוור גרמניה Gmbh &,GB,גל רחצה אקס 400מל ריצארג,מיליליטרים,400.00,"100 מ""ל",false,1,12.90,3.2250,true,1,333375
8720182253033,false,"רוטב חרדל לחיץ קאלווה 250 מ""ל",יוניליוור,NL,חרדל לחיץ קאלווה 250 מל,מיליליטרים,250.00,"100 מ""ל",false,12,18.90,7.5600,true,1,336418
8720182253194,false,סבון מוצק דאב מלפפונים ותה ירוק שישיית,יוניליוור גרמניה (בו,DE,סבון מוצק דאב 6 יחידות מלפפונים 90גר,גרמים,540.00,100 גרם,false,8,19.90,3.6852,true,1,338204
8720182256362,false,שישיית סבון מוצק דאב קלאסי 540 גר',יוניליוור גרמניה (בו,DE,סבון מוצק דאב 6 יחידות קלאסי 90גר,גרמים,540.00,100 גרם,false,8,19.90,3.6852,true,1,338203
8720600603594,false,רצועות מלפפון חמוץ מ,,,רצועות מלפפון חמוץ מתוק 510 גר,גרמים,510.00,100 גרם,false,1,19.90,3.9020,true,1,318128
8720600606731,false,רסק תפוחי עץ האק 715,אהק בו.וי.גיסן,NL,רסק תפוחי עץ האק 715גר צנצנת,גרמים,715.00,100 גרם,false,12,13.90,1.9441,true,1,313214
8720600613968,false,רסק תפוח עץ האק ללא,,NL,רסק תפוח עץ האק ללא תוספת סוכר 700 גרם,גרמים,700.00,100 גרם,false,12,18.90,2.7000,true,1,336850
8721200060107,false,וופל בקרסלנד סטרופ 250 גרם,דה בנקט גרופ,NL,בקרסלנד-סטרופ וופל הולנדי 250 גר 1/15,גרמים,250.00,100 גרם,false,15,12.90,5.1600,true,1,223257
8722100023308,false,מיונז הולנדי גאודס 8,Gauda glorie,,מיונז הולנדי גאודס 850 גר,גרמים,850.00,100 גרם,false,1,28.90,3.4000,true,1,225375
8722700202325,false,מלפפונים קורנישון מיני מיילי 400 גרם,מיילי,FR,מלפפון מאילי מיני קורנישון 400 גר,גרמים,400.00,100 גרם,false,1,25.90,6.4750,true,1,299402
8723400756552,false,מארז סוכריות מנטוס Mentos ריינבואו,פרפטי ואן מלה ברדה,NL,מארז 4 יח סוכריות מנטוס רינבוא,יחידה,4.00,יחידה,false,1,11.50,2.8750,true,1,232890
8723400793205,false,טופי אדווקט ואן מאל,,NL,טופי אדווקט ואן מאל 275 גרם,גרמים,275.00,100 גרם,false,12,15.90,5.7818,true,1,328927
8723400793922,false,מנטוס גליל בטעם דובדבן אריזת רביעיה 150 ג',פרפטי ואן מלה ברדה,NL,מארז 4 יח סוכריות מנטוס דובדבן,יחידה,4.00,יחידה,false,1,11.50,2.8750,true,1,327801
8727500033094,false,קקאו הולנדי בלוקר 250 גרם,BV COCOA DUTCH,NL,קקאו הולנדי בלוקר 250 גרם,גרמים,250.00,100 גרם,false,1,13.90,5.5600,true,1,311018
8801043025256,false,נונגשים ראמאן-נודלס שין חריף בקערה 114ג,,KR,נונגשים ראמאן נודלס שין חריף קערה 114 גר,גרמים,114.00,100 גרם,false,12,15.90,13.9474,true,1,336506
8801043028158,false,נודלס בטעם קימצי בכו,,KR,נונגשים ראמאן נודלס קימצי בכוס 75 גר,Unknown,0.00,Unknown,false,12,11.90,0.0000,true,1,336512
8801043029353,false,נודלס אודון טמפורה ב,,KR,נונגשים ראמאן נודלס טמפורה בכוס 75 גר,Unknown,0.00,Unknown,false,12,13.90,0.0000,true,1,336509
8801043031011,false,נונגשים ראמאן-נודלס שין חריף בכוס 68 ג,,KR,נונגשים ראמאן נודלס שיין חריףבכוס 68גר,Unknown,0.00,Unknown,false,12,11.90,0.0000,true,1,336511
8801043053167,false,נונגשים ראמאן-נודלס שין חריף מאוד 120 גר,,KR,נונגשים ראמאן נודלס שין חריף מאוד 120ג,גרמים,120.00,100 גרם,false,20,10.90,9.0833,true,1,336516
8801043055604,false,נודלס חריף בקערה כחו,,KR,נונגשים ראמאן נודלס חריף קערה 100 גר,גרמים,100.00,100 גרם,false,12,15.90,15.9000,true,1,336507
8801043055628,false,נונגשים ראמאן-נודלס קימצי בקערה 100 ג,,KR,נונגשים ראמאן נודלס קימצי קערה 100 גר,גרמים,100.00,100 גרם,false,12,15.90,15.9000,true,1,336508
8801043150620,false,נונגשים ראמאן נודלס,,KR,נונגשים ראמאן נודלס שין חריף שקית 120ג,גרמים,120.00,100 גרם,false,20,10.90,9.0833,true,1,336517
8801043157735,false,נודלס אנסונג חריף בש,,KR,נונגשים ראמאן נודלס אנסוג חריף שקית125גר,גרמים,125.00,100 גרם,false,20,11.90,9.5200,true,1,336514
8801043157742,false,נודלס בטעם קימצי שקי,,KR,נונגשים ראמאן נודלס קימצי שקית 120ג,גרמים,120.00,100 גרם,false,20,10.90,9.0833,true,1,336518
8801043157759,false,נונגשים ראמאן-נודלס צמפונג פירות ים 120ג,,KR,נונגשים ראמאן נודלס פירות ים בכוס125,גרמים,125.00,100 גרם,false,20,13.90,11.1200,true,1,336510
8801043157773,false,נונגשים ראמאן-נודלס נאוגרי פירות ים 120ג,,KR,נונגשים ראמאן נודלס נאוגרי פירות ים 120ג,גרמים,120.00,100 גרם,false,20,11.90,9.9167,true,1,336515
8801055706440,false,מנות אישיות קפה נמס טייסטרס צ'ויס Taster's Choice,נסטלה קוריאה - קפה,KR,קפה נמס טסטר צויס טו גו 1.8/20גר,יחידה,20.00,יחידה,false,15,12.00,0.6000,true,1,227379
8801055706952,false,נסקפה קפוצינו קרמל 10*17 גרם,נסטלה קוריאה - קפה,KR,נסקפה קפוצינו קרמל 10 יח 17 גר,גרמים,170.00,100 גרם,false,6,19.90,11.7059,true,1,232968
8801055707010,false,נסקפה קפוצינו קלאסיק 10*12.5 גרם,נסטלה קוריאה - קפה,KR,נסקפה קפוצינו קלאסיק 10 יח 12.5 גר,גרמים,125.00,100 גרם,false,12,19.90,15.9200,true,1,232974
8801055707188,false,נסקפה אבקת קפוצ'ינו אגוזים 180 גרם,נסטלה קוריאה - קפה,KR,נסקפה קפוצינו אגוזים 10 יח 18 גר,גרמים,180.00,100 גרם,false,6,19.90,11.0556,true,1,236532
8801055707966,false,קפה טייסטר צו'יס נס קפה בריסטה 180ג',נסטלה קוריאה - קפה,KR,נסקפה טסטר צויס בריסטה 180 גר,גרמים,180.00,100 גרם,false,1,32.90,18.2778,true,1,299505
8801055708772,false,קפה טייסטר צ'ויס 200גר+50גר' מארז,נסטלה קוריאה - קפה,IL,מארז נסקפה טסטר צויס 200 גרם+50גרם בשקית,גרמים,200.00,100 גרם,false,1,32.90,16.4500,true,1,313836
8801055709427,false,קפה נמס טסטר'ס צ'ויס אלטה ריקה 100 גרם,נסטלה קוריאה - קפה,KR,נסקפה טסטר צויס אלטה ריקה 100 גרם,גרמים,100.00,100 גרם,false,,21.90,21.9000,true,1,332446
8801055709434,false,קפה נמס טסטר'ס צ'ויס קולומביה 100 גרם,נסטלה קוריאה - קפה,KR,נסקפה טסטר צויס קולומביה 100 גרם,גרמים,100.00,100 גרם,false,,21.90,21.9000,true,1,332444
8801055709458,false,אבקה להכנת משקה קפה בטעם קפוצ'ינו קרמל,נסטלה קוריאה - קפה,IL,נסקפה קפוצינו קרמל 10 יח 17 גר,גרמים,170.00,100 גרם,false,1,19.90,11.7059,true,1,334377
8801055709465,false,אבקה להכנת משקה קפה בטעם קפוצ'ינו וניל,נסטלה קוריאה - קפה,KR,נסקפה קפוצינו וניל 10 יח 17 גר,גרמים,170.00,100 גרם,false,1,19.90,11.7059,true,1,334378
8801055709472,false,נסטלה - נסקפה קפוצ'ינו קלאסי 12.50 גרם * 10,נסטלה קוריאה - קפה,KR,נסקפה קפוצינו קלאסי 10 יח 17 גר,גרמים,170.00,100 גרם,false,1,19.90,11.7059,true,1,334379
8801055709489,false,אבקה להכנת משקה קפה בטעם קפוצ'ינו אגוזים,נסטלה קוריאה - קפה,IL,נסקפה קפוצינו אגוזים 10 יח 17 גר,גרמים,170.00,100 גרם,false,1,19.90,11.7059,true,1,334380
8801085020301,false,אטריות נאמה אודון 200 גרם,Alpha international,,אטריות נאמה אודון 200 גר,גרמים,200.00,100 גרם,false,1,8.50,4.2500,true,1,226833
8802241131664,false,חטיף אצות קלויות עם מלח ים Laverland Crunch,טעמי אסיה Taste of Asia,KR,מארז 9 יח חטיף אצות 40 גר,Unknown,0.00,Unknown,false,1,26.90,0.0000,true,1,308962
8802241131671,false,חטיף אצות בטעם ווסאבי 4.5/9gr,"מאן-גון פוד בע""מ",KR,מארז 9 יח חטיף אצות וואסבי 4.5 גר,Unknown,0.00,Unknown,false,1,35.90,0.0000,true,1,334712
8802241132821,false,חטיף אצות קלויות עם מלח 3 * 13.5 ג',"מאן גו'ן פוד בע""מ",KR,מארז 3 יח חטיף אצות 13.50 גר,Unknown,0.00,Unknown,false,1,12.90,0.0000,true,1,311551
8809168840471,false,חטיף אצות מיובשות 9*4.5 גרם,ג'י וואן גלובול נאט,KR,מארז 9 יח חטיף אצות מיובשות 40.50 גר,Unknown,0.00,Unknown,false,12,24.90,0.0000,true,1,327125
8809168840488,false,חטיף אצות מיובשות 4.5ג*3 יחידות,,KR,מארז 3 יח חטיף אצות מיובשות 40.50 גר,Unknown,0.00,Unknown,false,12,11.90,0.0000,true,1,325171
8850038400028,false,רוטב צדפות קטן מאקור,צ'או הוואד,,רוטב צדפות קטן מאקורה 300 מל,מיליליטרים,300.00,"100 מ""ל",false,1,16.90,5.6333,true,1,326883
8850038400073,false,רוטב צדפות קטן מאקור,צ'או הוואד,,רוטב צדפות קטן מאקורה 300 מל,מיליליטרים,300.00,"100 מ""ל",false,1,16.90,5.6333,true,1,237154
8850058000710,false,מחית צילי בשמן 227 גר,Super J Internationa,,מחית צילי בשמן 227 גר,גרמים,22700.00,100 גרם,false,1,18.00,0.0793,true,1,296831
8850100004833,false,אטריות אורז דקות 1 מ,תאי פריסרבר,,אטריות אורז דקות 1 ממ 500 גר,גרמים,500.00,100 גרם,false,1,11.90,2.3800,true,1,228551
8850100004840,false,אטריות אורז חום 500 גרם,תאי פריסרבר,,אטריות אורז חום 500 גר,גרמים,500.00,100 גרם,false,1,11.90,2.3800,true,1,228552
8850122103347,false,מארז סיבי שעועית דאב,,TH,מארז אטריות שעועית 10 יח 40 גרם,גרמים,400.00,100 גרם,false,25,19.90,4.9750,true,1,337780
8850122201104,false,דפי שעועית דאבל קירי,פאם ואן דונג סטריט,TH,דפי שעועית לאגרול 24 סמ 190 גרם,גרמים,190.00,100 גרם,false,25,15.90,8.3684,true,1,319535
8850122201111,false,שבבי שעועית דאבל דרג,,TH,שבבי אטריות שעועית 190 גרם,גרמים,190.00,100 גרם,false,25,16.90,8.8947,true,1,337767
8850161160851,false,"קוקו מקס 100% מי קוקוס 350 מ""ל",טויו סייקאן קו.אל.טי.די,TH,משקה מי קוקוס 350מל קוקו מקס,מיליליטרים,350.00,"100 מ""ל",false,24,8.90,2.5429,true,1,318448
8850161161247,false,קוקו מקס 100% מי קוקוס 1 ליטר,טויו סייקאן קו.אל.טי.די,TH,משקה מי קוקוס 1ליטר קוקו מקס,ליטרים,1.00,ליטר,false,12,15.90,15.9000,true,1,318450
8850161166204,false,"קרם קוקוס 17-19% 500 מ""ל - AMPAWA",אמפווה קוקונט פרודקט,TH,קרם קוקוס 17-19% אמפאוה 500 מל בקבוק,מיליליטרים,500.00,"100 מ""ל",false,24,12.90,2.5800,true,1,316868
8850161167089,false,קוקו וואי משקה קוקוס 1 ליטר,טויו טייקאן קו.אל.טי.די,TH,משקה חלב קוקוס 1ליטר קוקו וואי,ליטרים,1.00,ליטר,false,12,15.90,15.9000,true,1,318451
8850180040028,false,קמח טמפורה להכנת בלי,קרנחם אוטאי פחרה,TH,טמפורה 500גרם (GOGI),מיליליטרים,500.00,"100 מ""ל",false,24,10.90,2.1800,true,1,239976
8850206250592,false,רוטב צ'ילי סריראצ'ה 540 גרם (מזרח ומערב),יאן וואל יון קו.לטד,TH,רוטב צילי סיראצה 530 גרם,גרמים,530.00,100 גרם,false,1,19.90,3.7547,true,1,309615
8850206251988,false,רוטב צילי חריף סריראצה צהוב 280 גרם,Yan Wal Yun Corpora,TH,רוטב צילי צהוב סריראצה 280 גרם,גרמים,280.00,100 גרם,false,12,19.90,7.1071,true,1,324247
8850206280049,false,רוטב צ'ילי חריף מיו 250 גרם,יאן וואל יון קו.לטד,TH,רוטב צילי חריף מיו 250 גרם,גרמים,250.00,100 גרם,false,12,17.90,7.1600,true,1,334485
8850344000103,false,רוטב פאד טאי 295 מל,סורי אינטרפודס,TH,רוטב פאד פתאי תאילנדי 384,מיליליטרים,295.00,"100 מ""ל",false,12,10.90,3.6949,true,1,306195
8850344002480,false,רוטב צילי מתוק עם למ,סורי אינטרפודס,TH,רוטב צילי מתוק עם למון גראס 295 מל,מיליליטרים,295.00,"100 מ""ל",false,12,10.90,3.6949,true,1,320781
8850367300266,false,תערובת חמשת תבלינים 50 גרם,theppadungporn cocon,TH,תערובת חמשת התבלינים 50 גר,גרמים,50.00,100 גרם,false,1,11.90,23.8000,true,1,239972
8850367990443,false,"רוטב לסלט בסגנון אסייאתי 285 מ""לTCC (כ)ללא גלוטן",c coconut Theppadungporn,TH,רוטב לבלט סגנון אסיאתי 285 מל,מיליליטרים,285.00,"100 מ""ל",false,1,11.90,4.1754,true,1,245110
8850367992164,false,קרם קוקוס 250 מל 20-22% ללא חומר משמר,טאפאדונגפורן קוקנט,TH,קרם קוקוס22%ללא חומר משמר 250 מל,מיליליטרים,250.00,"100 מ""ל",false,1,7.90,3.1600,true,1,244528
8850367992171,false,קרם קוקוס 1 ליטר 20-22% ללא חומר משמר,טאפאדונגפורן קוקינט,TH,קרם קוקוס22%ללא חומר משמר1 ל,ליטרים,1.00,ליטר,false,1,24.90,24.9000,true,1,244529
8850367994021,false,"רוטב צ'ילי מתוק ללא סוכר מזרח ומערב ללא גלוטן 280 מ""ל",c coconut Theppadungporn,TH,רוטב צילי ללא סוכר טי.סי.סי 280 מל,מיליליטרים,280.00,"100 מ""ל",false,1,11.90,4.2500,true,1,335153
8850367994427,false,נוזל קוקוס מרוכז וממותק 330 גרם,c coconut Theppadungporn,TH,חלב קוקוס מרוכז וממותק 330 גרם,גרמים,330.00,100 גרם,false,24,12.90,3.9091,true,1,326186
8850367994779,false,מחית קארי ירוקה 50 גרם,טאפאדונגפורן קוקינט,TH,מחית קארי ירוקה טי.סי.סי 50 גרם,Unknown,0.00,Unknown,false,12,6.90,0.0000,true,1,329070
8850367994786,false,מחית קארי אדומה 50 גרם,טאפאדונגפורן קוקינט,TH,מחית קארי אדומה טי.סי.סי 50 גרם,Unknown,0.00,Unknown,false,12,6.90,0.0000,true,1,329069
8850367994793,false,מחית קארי צהובה 50 גרם,c coconut Theppadungporn,TH,מחית קארי צהובה טי.סי.סי 50 גרם,Unknown,0.00,Unknown,false,12,6.90,0.0000,true,1,329071
8850372000472,false,מקלוני שעועית תאילנד,טעמי אסיה Taste of Asia,TH,מקלוני שעועית תאילנדי 200 גרם,גרמים,200.00,100 גרם,false,1,11.90,5.9500,true,1,305966
8850389103159,false,"משקה ליצ'י עם חתיכות גלי קוקוס 320 מ""ל מוגו מוגו",סאפה פובליק קומפני לימיט,TH,משקה מוגו מוגו ליצי 300מל בק.פקדון,מיליליטרים,300.00,"100 מ""ל",false,1,8.90,2.9667,true,1,336096
8850389105825,false,משקה אלוורה בטעם ענבים סאפה 1 ליטר,סאפה פובליק קומפני לימיט,TH,משקה סאפה אלוורה ענבים 1 ל פיקדון,ליטרים,1.00,ליטר,false,1,15.90,15.9000,true,1,228621
8850389105832,false,סאפה משקה אלוורה בטעם תפוח עם קוביות אלוורה 1 ליטר,סאפה פובליק קומפני לימיט,TH,משקה סאפה אלוורה תפוחים 1 ל פיקדון,ליטרים,1.00,ליטר,false,1,15.90,15.9000,true,1,228620
8850389105849,false,סאפה משקה אלוורה מופחת קלוריות בטעם אפרסק 1 ליטר,סאפה פובליק קומפני לימיט,TH,משקה סאפה אלוורה אפרסק 1 ל פיקדון,ליטרים,1.00,ליטר,false,1,15.90,15.9000,true,1,228622
8850389111352,false,"משקה מלון עם חתיכות גלי קוקוס 320 מ""ל מוגו מוגו",סאפה פובליק קומפני לימיט,TH,משקה מוגו מוגו מלון 300מל בק.פקדון,מיליליטרים,300.00,"100 מ""ל",false,1,8.90,2.9667,true,1,336097
8850389115336,false,משקה אלוורה בטעם מלון סאפה 1 ליטר,סאפה פובליק קומפני לימיט,TH,משקה סאפה אלוורה מלון 1 ל פיקדון,ליטרים,1.00,ליטר,false,1,15.90,15.9000,true,1,311828
8850521151215,false,קמח אורז דביק 400 גר,Oriental food co. lt,TH,קמח אורז דביק 400 גרם (כ),גרמים,400.00,100 גרם,false,34,10.00,2.5000,true,1,219519
8850632604259,false,"יוגטה, חיספוסים, ממתק חמוץ בצורת מקלות בטעם תות שדה,50 גרם",ג'נרל קנדי בעמ,TH,מקלות יוגטה חמוץ בטעם תות שדה 50 גר,Unknown,0.00,Unknown,false,192,4.50,0.0000,true,1,228425
8850632604266,false,"יוגטה, ממתק חמוץ בצורת מקלות בטעם קולה, 50 גרם",ג'נרל קנדי בעמ,TH,מקלות יוגטה חמוץ בטעם קולה 50 גר,Unknown,0.00,Unknown,false,192,4.50,0.0000,true,1,228426
8850632604372,false,"יוגטה, חיספוסים בצורת שטיח בטעם תות שדה 50 גרם",ג'נרל קנדי בעמ,TH,ממתק יוגטה חמוץ בטעם תות שדה 50 גר שטיח,Unknown,0.00,Unknown,false,192,4.50,0.0000,true,1,228427
8850632604402,false,יוגטה חיספוסים בטעם מעורב תות שדה אבטיח ענבים בננה 50 גרם,"ג'נרל קנדי בע""מ",TH,ממתק יוגטה חמוץ בטעם מעורב 50 גר שטיח,Unknown,0.00,Unknown,false,192,4.50,0.0000,true,1,228428
8850632605201,false,"יוגטה, חיספוסים, ממתק חמוץ בצורת שטיח, בטעם מעורב- תות בננה, תפוח, תפוז, 50 גרם",הדקלאים אגודת שיתופי,TR,ממתק יוגטה חמוץ חיספוסים 50 גר שטיח,Unknown,0.00,Unknown,false,192,4.50,0.0000,true,1,228640
8850632606390,false,"יוגטה, חיספוסים, ממתק חמוץ בצורת שטיח בטעם אבטיח, 50 גרם",ג'נרל קנדי בעמ,TH,יוגטה שטיח אבטיח 50 גרם,Unknown,0.00,Unknown,false,192,4.50,0.0000,true,1,237806
8850999112107,false,בירה סינגה 330 מל בקבוק,,,בירה סינגה 330 מל בק. פיקדון,מיליליטרים,330.00,"100 מ""ל",false,1,7.90,2.3939,true,1,320656
8851019210117,false,פוקי מקלות שוקולד חלב 47 גר' 1/120,,TH,מקלות פוקי שוקולד חלב 47 גר,Unknown,0.00,Unknown,false,12,7.90,0.0000,true,1,328477
8851019210124,false,מקלות פוקי תות 45 גר,,TH,מקלות פוקי תות 45 גר,Unknown,0.00,Unknown,false,12,7.90,0.0000,true,1,328476
8851019210193,false,פוקי מקלות שוקולד בננה 42 גר' 1/120,,TH,מקלות פוקי שוקולד בננה 42 גר,Unknown,0.00,Unknown,false,12,7.90,0.0000,true,1,328478
8851019210223,false,מקלות פוקי תה ירוק מ,,TH,מקלות פוקי תה ירוק מאצה 33 גר,Unknown,0.00,Unknown,false,12,7.90,0.0000,true,1,328479
8851019210292,false,פוקי מקלות בציפוי קרם עוגיות 47 גרם,,TH,מקלות פוקי לבן ועודיות 40 גר,Unknown,0.00,Unknown,false,12,7.90,0.0000,true,1,328475
8851019510132,false,פוקי מקלות דאבל שוקולד 47 גרם,,TH,מקלות פוקי דאבל שוקולד 47 גר,Unknown,0.00,Unknown,false,12,7.90,0.0000,true,1,328474
8851613101378,false,"נוזל קוקוס ארוי די 250 מ""ל",תאי אגרי פוד פובליק קו'\,TH,מי קוקוס בקרטון 250 מל,מיליליטרים,250.00,"100 מ""ל",false,1,10.90,4.3600,true,1,241427
8851613101385,false,"חלב קוקוס ארוי-די קרטון 500מ""ל",תאי אגרי פוד פובליק קו'\,TH,חלב קוקוס בקרטון 500 מל,מיליליטרים,500.00,"100 מ""ל",false,1,13.90,2.7800,true,1,241428
8851613106106,false,חלב קוקוס ארוי די150,תאי וורלד,,מי קוקוס 150 מל ארוי די,מיליליטרים,150.00,"100 מ""ל",false,1,7.90,5.2667,true,1,299479
8851876001507,false,אטריות אורז מלא להכנ,פלייטקס מניפקטורינג,TH,אטריות אורז מלא 225 גרם,גרמים,225.00,100 גרם,false,6,7.50,3.3333,true,1,315672
8852072212018,false,ערמוני מים סילביה,Super J Internationa,TH,ערמוני מים 565 גרם,גרמים,565.00,100 גרם,false,24,14.90,2.6372,true,1,241034
8852116710258,false,אורז קוניו סמפטונג ד,,,אורז קוניו סמפטונג דביק 1 קג,קילוגרמים,1.00,"ק""ג",false,12,14.90,14.9000,true,1,333982
8852511010076,false,"מיונז יפני 520 מ""ל KEWPIE",KEWPIE (THAILAND)CO.,TH,מיונז יפני 520מל (Kewpie),גרמים,500.00,100 גרם,false,20,60.00,12.0000,true,1,237426
8852633020403,false,פניני טפיוקה 500 גרם (כשר),super j internationa,TH,פניני טפיוקה 500 ג,גרמים,500.00,100 גרם,false,1,11.90,2.3800,true,1,224286
8852633119077,false,רוטב דגים ירוק טעמי,,,רוטב דגים ירוק טעמי אסיה 700 מל,מיליליטרים,700.00,"100 מ""ל",false,1,13.90,1.9857,true,1,311104
8852633520408,false,סוכר דקלים 400 גרם SUP,Super J Internationa,TH,סוכר דקלים 400 גר,גרמים,400.00,100 גרם,false,50,15.00,3.7500,true,1,296854
8853662056098,false,"סריראצ'ה - רוטב צ'ילי חריף עם שום 455 מ""ל",EXOTIC FOOD PCL,,רוטב סריראצה עם שום 455 מל,מיליליטרים,455.00,"100 מ""ל",false,12,24.90,5.4725,true,1,328554
8853662056661,false,"רוטב סריראצ`ה מיו 455 מ""ל",EXOTIC FOOD PCL,,רוטב סריראצה מיו 455 מל,מיליליטרים,455.00,"100 מ""ל",false,1,24.90,5.4725,true,1,312574
8853662056982,false,"רוטב סריראצ'ה צ'ילי ירוק חריף 455 מ""ל",EXOTIC FOOD PCL,,רוטב סריראצה צילי ירוק חריף 455 מל,מיליליטרים,455.00,"100 מ""ל",false,1,24.90,5.4725,true,1,312577
8853662057019,false,"רוטב סריראצ'ה צ'ילי צהוב חריף 455 מ""ל",EXOTIC FOOD PCL,,רוטב סריראצה צילי צהוב חריף 455 מל,מיליליטרים,455.00,"100 מ""ל",false,1,24.90,5.4725,true,1,312576
8853662057187,false,רוטב סרירצה צילי חרי,EXOTIC FOOD PCL,TH,רוטב סרירצה צילי חריף 245 מל,מיליליטרים,245.00,"100 מ""ל",false,12,17.90,7.3061,true,1,320810
8853662060026,false,רוטב סריראצה חריף455,EXOTIC FOOD PCL,,רוטב סריראצה חריף455 מל,מיליליטרים,455.00,"100 מ""ל",false,1,24.90,5.4725,true,1,336150
8853662060316,false,רוטב סריראצ`ה צילי חריף קרם קוקוס 455 מ,EXOTIC FOOD PCL,,רוטב סריראצה עם קרם קוקוס 455 מל,מיליליטרים,455.00,"100 מ""ל",false,12,24.90,5.4725,true,1,328558
8853662060385,false,"רוטב סריראצ'ה שחור רוטב על בסיס צ'ילי 455 מ""ל",EXOTIC FOOD PCL,,רוטב סריראצה שחור 455 מל,מיליליטרים,455.00,"100 מ""ל",false,12,24.90,5.4725,true,1,328555
8854404000126,false,קרם קוקוס 18% בלו אל,"בלו ספייס קו. בע""מ",TH,קרם קוקוס 18% בלו אלפנט 400 גרם,מיליליטרים,400.00,"100 מ""ל",false,6,14.90,3.7250,true,1,316705
8854404000225,false,מחית קארי צהוב 70 גר' B.E,"בלו ספייס קו. בע""מ",TH,מחית קארי צהוב בלו אלפנט 70 גרם,Unknown,0.00,Unknown,false,6,14.90,0.0000,true,1,316679
8854404000621,false,מחית קארי ירוק 70 גר' B.E,"בלו ספייס קו. בע""מ",TH,מחית קארי ירוק בלו אלפנט 70 גרם,Unknown,0.00,Unknown,false,6,14.90,0.0000,true,1,316677
8854404000829,false,מחית קארי מסמאן 70 גר' B.E,"בלו ספייס קו. בע""מ",TH,מחית קארי מסמאן בלו אלפנט 70 גרם,Unknown,0.00,Unknown,false,6,14.90,0.0000,true,1,316680
8854404000928,false,מחית להכנת מרק טום יאם 70 גר' B.E,"בלו ספייס קו. בע""מ",TH,מחית למרק טום ים בלו אלפנט 70 גרם,Unknown,0.00,Unknown,false,6,14.90,0.0000,true,1,316681
8854404001055,false,מחית קארי אדום 70 גר' B.E,"בלו ספייס קו. בע""מ",TH,מחית קארי אדום בלו אלפנט 70 גרם,Unknown,0.00,Unknown,false,6,14.90,0.0000,true,1,316678
8854404001154,false,רוטב דגים בלו אלפנט,"בלו ספייס קו. בע""מ",TH,רוטב דגים בלו אלפנט 200 מל,מיליליטרים,200.00,"100 מ""ל",false,6,8.90,4.4500,true,1,316703
8854404002571,false,רוטב בוטנים בלו אלפנ,"בלו ספייס קו. בע""מ",TH,רוטב בוטנים בלו אלפנט 190 מל,מיליליטרים,190.00,"100 מ""ל",false,6,13.90,7.3158,true,1,332551
8854404002625,false,מחית להכנת מרק טום קה 70 גר' B.E,"בלו ספייס קו. בע""מ",TH,מחית למרק טום קה בלו אלפנט 70 גרם,Unknown,0.00,Unknown,false,6,14.90,0.0000,true,1,316682
8854404005220,false,רוטב קארי אדום 300 גרם,"בלו ספייס קו. בע""מ",TH,רוטב קארי אדום בלו אלפנט 300 גרם,גרמים,300.00,100 גרם,false,6,27.90,9.3000,true,1,316676
8854404005237,false,רוטב קארי ירוק 300 גרם,"בלו ספייס קו. בע""מ",TH,רוטב קארי ירוק בלו אלפנט 300 גרם,גרמים,300.00,100 גרם,false,6,27.90,9.3000,true,1,316675
8854404005664,false,ערכה להכנת פאד תאי ב,"בלו ספייס קו. בע""מ",TH,ערכה להכנת פאד תאי בלו אלפנט300 גרם,גרמים,300.00,100 גרם,false,6,27.90,9.3000,true,1,316686
8854404007002,false,בסיס להכנת מרק טום י,,,בסיס להכנת מרק טום יאם 250 גרם,גרמים,250.00,100 גרם,false,6,25.90,10.3600,true,1,327422
8854404007071,false,"רוטב פאד תאי בבקבוק 190 מ""ל.B.E","בלו ספייס קו. בע""מ",TH,רוטב פאד תאי בלו אלפנט 190 מל,גרמים,190.00,100 גרם,false,6,13.90,7.3158,true,1,333944
8857101301008,false,רוטב צילי מתוק ויליפוד 700 גרם,פאן אינטר,TH,רוטב צילי מתוק 700 מל ויליפוד,מיליליטרים,700.00,"100 מ""ל",false,1,9.90,1.4143,true,1,223171
8857122559198,false,"סיאם רוטב למון גראס ובזיליקום 250 מ""ל",,TH,רוטב סיאם למון גראס ובזיליקום 250 מל,מיליליטרים,250.00,"100 מ""ל",false,6,15.90,6.3600,true,1,336948
8857122559556,false,"סיאם רוטב סאטה בוטנים וקוקוס 250 מ""ל",,TH,רוטב סאטה סיאם בוטנים וקוקס 250 מל,מיליליטרים,250.00,"100 מ""ל",false,6,15.90,6.3600,true,1,336950
8857122559679,false,"סיאם רוטב צ'ילי מתוק ואננס 250 מ""ל",,TH,רוטב צילי מתוק ואננס סיאם 250 מל,מיליליטרים,250.00,"100 מ""ל",false,6,12.90,5.1600,true,1,336951
8857122559815,false,"סיאם רוטב צדפות 200 מ""ל",,TH,רוטב צדפות סיאם 200 מל,מיליליטרים,200.00,"100 מ""ל",false,6,11.90,5.9500,true,1,336957
8858271002870,false,רוטב פאד תאי 250 מ'ל - מקסצ'אפ,"ייאן וואל יון בע""מ",TH,רוטב פאד תאי 250 מל מקסצאפ,מיליליטרים,250.00,"100 מ""ל",false,1,11.90,4.7600,true,1,230065
8858271002887,false,רוטב טריאקי 250 מ'ל - מקסצ'אפ,דאנינג יוה פודס קו,TH,רוטב טרייאקי 250 מל מקסצאפ,מיליליטרים,250.00,"100 מ""ל",false,1,11.90,4.7600,true,1,230067
8858271003020,false,רוטב סויה פורמולה 1 - 700 מ'ל מקסצ'אפ,יאן ונזל יון,TH,רוטב סויה פורמולה 1 700 מל מקסצאפ,מיליליטרים,700.00,"100 מ""ל",false,1,16.90,2.4143,true,1,230059
8858271003044,false,רוטב סויה כהה פורמולה 5 700 גרם מקסצאפ,מזרח ומערב,,רוטב סויה כהה פורמולה 5 700 מל מקסצאפ,מיליליטרים,700.00,"100 מ""ל",false,1,16.90,2.4143,true,1,230061
8858271003068,false,"רוטב סויה מתוקה כהה 250 מ""ל מקסצאפ",מזרח ומערב,,רוטב סויה מתוקה כהה 250 מל מקסצאפ,מיליליטרים,250.00,"100 מ""ל",false,1,11.90,4.7600,true,1,230066
8858271003136,false,רוטב פטריות צמחוני 250 מ'ל - מקסצ'אפ,מזרח ומערב,TH,רוטב פטריות צמחוני 250 מל מקסצאפ,מיליליטרים,250.00,"100 מ""ל",false,1,11.90,4.7600,true,1,230069
8858271003174,false,רוטב שזיפים 700 מ'ל-מקסצ'אפ,מזרח ומערב,,רוטב שזיפים 700 מל מקסצאפ,מיליליטרים,700.00,"100 מ""ל",false,1,16.90,2.4143,true,1,230056
8858271003921,false,רוטב קארי אדום 250 מ'ל - מקסצ'אפ,יאן וואל יאן,TH,רוטב קארי אדום 250 מל מקסצאפ,מיליליטרים,250.00,"100 מ""ל",false,1,11.90,4.7600,true,1,230064
8858271003938,false,רוטב קארי ירוק 250 מ'ל - מקסצ'אפ,"ייאן וואל יון בע""מ",TH,רוטב קארי ירוק 250 מל מקסצאפ,מיליליטרים,250.00,"100 מ""ל",false,1,11.90,4.7600,true,1,230063
8858271003945,false,"רוטב קארי צהוב 250 מ""ל מקסצאפ",Yan Wal Yun Corpora,TH,רוטב קארי צהוב 250 מל מקסצאפ,מיליליטרים,250.00,"100 מ""ל",false,12,11.90,4.7600,true,1,326184
8858271004034,false,רוטב צ'ילי חריף 700 מ'ל מקסצ'אפ,דאנינג יוה פודס קו,TH,רוטב צילי חריף 700 מל מקסצאפ,מיליליטרים,700.00,"100 מ""ל",false,1,16.90,2.4143,true,1,230060
8858271004126,false,רוטב חמוץ מתוק 700 מ'ל - מקסצ'אפ,יאן ונזל יון,TH,רוטב חמוץ מתוק 700 מל מקסצאפ,מיליליטרים,700.00,"100 מ""ל",false,1,16.90,2.4143,true,1,230058
8858271004300,false,רוטב טריאקי 700 מ'ל מקסצ'אפ,דאנינג יוה פודס קו,TH,רוטב טריאקי 700 מל מקסצאפ,מיליליטרים,700.00,"100 מ""ל",false,1,21.90,3.1286,true,1,231885
8858271004423,false,"רוטב טום ים 250 מ""ל מקסצ'אפ",מזרח ומערב,,רוטב טום יאם 250 מל מקסצאפ,מיליליטרים,250.00,"100 מ""ל",false,1,11.90,4.7600,true,1,232418
8858271004461,false,מחית תמרינד מאקסצאפ,Yan Wal Yun Corpora,,מחית תמרינד מאקסצאפ 454 גר,גרמים,454.00,100 גרם,false,1,24.00,5.2863,true,1,296840
8858271004799,false,"רוטב צילי מתוק אל פורפסיס 700 מ""ל",יאן ונזל יון,TH,רוטב צילי מתוק 700 מל מקסצאפ כשלפ,מיליליטרים,700.00,"100 מ""ל",false,1,12.90,1.8429,true,1,239636
8858271005451,false,"רוטב סויה פורמולה 1 - 250 מ""ל מקסצ'אפ",yan wal yun corpara,TH,רוטב סויה 250 מל מקסצאפ,מיליליטרים,250.00,"100 מ""ל",false,1,11.90,4.7600,true,1,245111
8858271005499,false,"רוטב ברביקיו 250 מ""ל מקצ'אפ",Yan Wal Yun Corpora,,רוטב בקביקיו 250 מל מקסצאפ,מיליליטרים,250.00,"100 מ""ל",false,1,11.90,4.7600,true,1,245112
8858271005772,false,"רוטב סויה ללא גלוטן (תמרי)300 מ""ל (כ)",יאן ונזל יון,TH,רוטב סויה תמרי ללא גלוטן 300 מל,מיליליטרים,300.00,"100 מ""ל",false,1,16.90,5.6333,true,1,316731
8858359000255,false,עלי קפיר ליים יבשים 30 גר (שופרא),סופר גיי,TH,עלי קפיר ליים יבשים 30 גרם,Unknown,0.00,Unknown,false,60,10.90,0.0000,true,1,319570
8858960302878,false,סיאם רוטב קוקוס ותמרהינדי 100 ג',,TH,רוטב קוקוס סיאם ותמרהינדי 100 גרם,גרמים,100.00,100 גרם,false,6,11.90,11.9000,true,1,336956
8858960302892,false,סיאם רוטב צ'ילי ובזיליקום תאילנדי 100 ג',,TH,רוטב צילי סיאם ובזיליקום תאילנדי 100 גרם,גרמים,100.00,100 גרם,false,6,11.90,11.9000,true,1,336954
8858960302915,false,סיאם רוטב צ'ילי וסוכר קוקוס 100 ג',,TH,רוטב צילי סיאם וסוכר קוקוס 100 גרם,גרמים,100.00,100 גרם,false,6,11.90,11.9000,true,1,336955
8858960302939,false,סיאם ערכה להכנת קארי צהוב 260 ג',,TH,ערכת סיאם להכנת קארי צהוב 260 גרם,גרמים,260.00,100 גרם,false,6,24.90,9.5769,true,1,336952
8858960302953,false,סיאם ערכה להכנת קארי מאסאמן 260 ג',,TH,ערכת סיאם להכנת קארי מאסאמן 260 גרם,גרמים,260.00,100 גרם,false,6,24.90,9.5769,true,1,336953
8858960303233,false,"סיאם שמן בתיבול למון גראס 150 מ""ל",,TH,שמן למון גראס סיאם לבישול בווק 150 מל,מיליליטרים,150.00,"100 מ""ל",false,6,19.90,13.2667,true,1,336949
8858960303370,false,סיאם ערכה להכנת ספרינג רול 260 ג',,TH,ערכת סיאם להכנת ספרינג רול 260 גרם,גרמים,260.00,100 גרם,false,6,24.90,9.5769,true,1,336947
8888021200256,false,סוללות אנרג'ייזר AA מקס 8 יחידות,יצרן: אנרג'ייזר סינג,SG,סוללות אנרגייזר שמינייה AA,יחידה,8.00,יחידה,false,1,24.90,3.1125,true,1,221754
8888021200720,false,סוללות אנרג'ייזר AAA מקס 8 יחידות,יצרן: אנרג'ייזר סינג,SG,סוללות אנרגייזר AAA שמינייה,יחידה,8.00,יחידה,false,1,24.90,3.1125,true,1,220654
8888056700110,false,נודלס אינסטנט טעם ירקות קוקה 425 גרם,,SG,נודלס אינסטנט טעם ירקות 5 יח 425 גרם,גרמים,425.00,100 גרם,false,12,21.90,5.1529,true,1,332747
8888056701117,false,נודלס אינסטנט טעם עוף קוקה 425 גרם,,SG,נודלס אינסטנט טעם עוף 5 יח 425 גרם,גרמים,425.00,100 גרם,false,12,21.90,5.1529,true,1,332744
8888056702220,false,נודלס אינסטנט טעם בקר קוקה 425 גרם,,SG,נודלס אינסטנט טעם בקר 5 יח 425 גרם,גרמים,425.00,100 גרם,false,12,21.90,5.1529,true,1,332745
8888056706662,false,נודלס אינסטנט טעם פטריות קוקה 425 גרם,,SG,נודלס אינסטנט טעם פטריות 5 יח 425 גרם,גרמים,425.00,100 גרם,false,12,21.90,5.1529,true,1,332749
8888056708888,false,נודלס אינסטנט טעם טו,,SG,נודלס אינסטנט טעם טום יאם 5 יח 425 גרם,גרמים,425.00,100 גרם,false,12,21.90,5.1529,true,1,332748
8888056709991,false,נודלס אינסטנט טעם ספ,,SG,נודלס אינסטנט טעם ספייסי 5 יח 425 גרם,גרמים,425.00,100 גרם,false,12,21.90,5.1529,true,1,332746
8888757101506,false,100% שמן מזוכך משומשום קלוי,אוך אייק גואן פוד אי,,שמן שומשום טהור 150 מל,מיליליטרים,150.00,"100 מ""ל",false,1,12.00,8.0000,true,1,299471
8888757103005,false,"שמן שומשום טהור 300 מ""ל",אוך אייק גואן פוד אינדוס,SG,שמן שומשום טהור 300 מל,מיליליטרים,300.00,"100 מ""ל",false,1,20.00,6.6667,true,1,299472
8901138500306,false,משחת שיניים איורודית עם פלואוריד מן הטבע,הימלאיה Himalaya,IN,משחת שיניים הימלאיה 100 גרם,גרמים,100.00,100 גרם,false,1,17.90,17.9000,true,1,308871
8901138825577,false,"משחת שיניים הימלאיה להגנה מושלמת 75 מ""ל",הימלאיה Himalaya,IN,משחת שיניים הימלאיה הגנה מושלמת 75מל,מיליליטרים,75.00,"100 מ""ל",false,1,17.90,23.8667,true,1,308867
8901138825591,false,"משחת שיניים הימלאיה מלבינה 75 מ""ל",הימלאיה Himalaya,IN,משחת שיניים הימלאיה מלבינה 75מל,מיליליטרים,75.00,"100 מ""ל",false,1,17.90,23.8667,true,1,308868
8901138825614,false,"משחת שיניים הימלאיה מינט פרש 75 מ""ל",הימלאיה,IN,משחת שיניים הימלאיה מינט פרש 75מל,מיליליטרים,75.00,"100 מ""ל",false,1,17.90,23.8667,true,1,308870
8901537024014,false,"אורז בסמטי מובחר 1 ק""ג - דוואט) יורה דיעה",הנסיך- מפעל לייצור ט,IN,אורז בסמטי מובחר 1 קג דאוואט,קילוגרמים,1.00,"ק""ג",false,1,13.90,13.9000,true,1,226433
8901537076679,false,"אורז בסמטי חום מהדרין ויליפוד 1 ק""ג",האי נאם סי או אל.טי.,IN,אורז בסמטי דאוואט מלא 1 קג,קילוגרמים,1.00,"ק""ג",false,20,14.90,14.9000,true,1,313042
8904004402056,false,מהרג'ה - חטיף הודי הכל באחד,,IN,חטיף הודי הכל באחד 200 גרם,גרמים,200.00,100 גרם,false,40,10.90,5.4500,true,1,335899
8904004402810,false,מהרג'ה - חטיף הודי על בסיס תפוחי אדמה פנצ'רטן,,IN,חטיף הודי פנצרטן ביסי תפוא 150גרם,גרמים,150.00,100 גרם,false,40,12.90,8.6000,true,1,335900
8904004403756,false,חטיף הודי מונג דל עד,,IN,חטיף הודי מונג דל עדשים 150 גרם,גרמים,150.00,100 גרם,false,40,10.90,7.2667,true,1,335898
8904004405316,false,ממתק חלבה סון פפדי ב,,IN,ממתק חלבה סון פפדי בסיס קמח חיטה250גרם,גרמים,250.00,100 גרם,false,36,14.90,5.9600,true,1,335903
8904180001432,false,גראראם מסאלה נמסטה300 גרם,אלמק פודס,IN,ממרח נמאסטא גראראם מסאלה 300 גר,גרמים,300.00,100 גרם,false,6,21.90,7.3000,true,1,319573
8906059700385,false,תבשיל הודי צאנה מסאלה עם חומוס 300 גרם,טייסט'ל פיין פוד פי,IN,תבשיל סייטל הודי מסאלה חומוס 300 גרם,גרמים,300.00,100 גרם,false,20,15.90,5.3000,true,1,317457
8906059700408,false,תבשיל הודי דאל מקאני עם שעועית 300 גרם,טייסט'ל פיין פוד פי,IN,תבשיל סייטל הודי מאקאני שעועית 300 גרם,גרמים,300.00,100 גרם,false,20,15.90,5.3000,true,1,317455
8906059700507,false,תבשיל הודי דאל טדקה עם עדשים 300 גרם,טייסט'ל פיין פוד פי,IN,תבשיל סייטל הודי טדקה עם עדשים 300 גרם,גרמים,300.00,100 גרם,false,20,15.90,5.3000,true,1,317454
8906059702648,false,תבשיל אורגני עדשים ושעועית עם קארי 285 ג,טייסט'ל פיין פוד פי,IN,תבשיל סייטל הודי שעועית ברוטב קארי285גר,גרמים,285.00,100 גרם,false,20,17.90,6.2807,true,1,332266
8906059702655,false,תבשיל אורגני עדשים אדומות בקארי 285 ג,טייסט'ל פיין פוד פי,IN,תבשיל סייטל הודי עדשים ברוטב קארי285גר,גרמים,285.00,100 גרם,false,20,17.90,6.2807,true,1,332267
8906059702679,false,תבשיל אורגני עדשים ברוטב קארי 285 גרם,טייסט'ל פיין פוד פי,IN,תבשיל סייטל הודי עדשים צהובות רוטב קארי2,גרמים,285.00,100 גרם,false,20,17.90,6.2807,true,1,332268
8906059703614,false,תבשיל הודי דאל תרד 300 גרם,טייסט'ל פיין פוד פי,IN,תבשיל סייטל הודי דאל תרד 300 גרם,גרמים,300.00,100 גרם,false,20,15.90,5.3000,true,1,317456
8908001017213,false,חטיף תירס בטעם טבעי 150 גרם,,IN,חטיף קורנטי בטעם טבעי 150 גרם,גרמים,150.00,100 גרם,false,16,12.90,8.6000,true,1,336493
8908001017558,false,חטיף תירס בטעם צילי מתוק 150 גרם,,IN,חטיף קורנטי בטעם צילי מתוק 150 גרם,גרמים,150.00,100 גרם,false,16,12.90,8.6000,true,1,336495
8934878081712,false,אטריות אורז 5ממ רחב,Chanh Khang Company,,אטריות אורז 5ממ רחבות 454 ג,גרמים,454.00,100 גרם,false,1,10.90,2.4009,true,1,236207
8934878081781,false,דפי אורז מרובע 16 סמ,Chanh Khang Company,,דפי אורז מרובע 16 סמ 400 גרם,גרמים,400.00,100 גרם,false,1,13.90,3.4750,true,1,296838
8934878081811,false,"דפי אורז 22 ס""מ 400 גר'(Trav) ללא גלוטן",דאנינג יוה פודס קו,VN,דפי אורז עגול 22סמ 400 גרם,גרמים,400.00,100 גרם,false,1,13.90,3.4750,true,1,235470
8934878081835,false,"אטריות אורז דקות 1מ""מ 450גר' ורמיצלי(ba nam)ל.ג",Chanh Khang Company,VN,אטריות אורז דקות 1 ממ ורמצילי 450 גר,גרמים,450.00,100 גרם,false,1,10.90,2.4222,true,1,236164
8934878081866,false,"דפי אורז 22 ס""מ מרובעים 400 גרם TRAV",Chanh Khang Company,TH,דפי אורז מרובע 22סמ 400 גרם,גרמים,400.00,100 גרם,false,1,13.90,3.4750,true,1,296839
8936144250105,false,מי קוקוס אורגניים וי,,VN,ויקו מי קוקוס אורגני 100% 1 ליטר,ליטרים,1.00,ליטר,false,12,18.90,18.9000,true,1,329278
8938535541366,false,דפי אורז צבעוניים ללא גלוטן 400 גרם,Ltd Company Khang .Chanh,VN,דפי אורז צבעוני עגול 22 סמ 400 גרם,גרמים,400.00,100 גרם,false,25,14.90,3.7250,true,1,327270
9000100590938,false,"סאיוס - מוס לשיער ליצירת נפח 250 מ""ל",שוורצקוף,DE,מוס סאיוס ליצירת נפח 250מל,מיליליטרים,250.00,"100 מ""ל",false,6,24.90,9.9600,true,1,311473
9000100760591,false,"פה - דאודורנט רול און לגבר אינוויזיבל פאוואר 50 מ""ל",שוורצקופף והנקל,TR,דאו פה רול 50 מל כח ללא סימן,מיליליטרים,50.00,"100 מ""ל",false,,11.90,23.8000,true,1,311457
9000100798709,false,דאודורנט רול און לגבר Attracation force,שוורצקופף והנקל,DE,פה דאודורנט רולאון כח המשיכה 50 מל לגבר,מיליליטרים,50.00,"100 מ""ל",false,12,11.90,23.8000,true,1,243196
9000100806657,false,"פה - דאודורנט רול און לאישה בלתי נראה 50 מ""ל",שוורצקופף והנקל,DE,פה דאודורנט רולאון אינוויזיבל 50 מל לאשה,מיליליטרים,50.00,"100 מ""ל",false,12,11.90,23.8000,true,1,235183
9000101329322,false,סבון אסלה בניחוח מתחלף תפוח נופר 50 ג' ברף,הנקל סוד,RS,סבון אסלה ברף ניחוח מתחלף תפוח נופר 50גר,Unknown,0.00,Unknown,false,10,9.90,0.0000,true,1,331856
9000101329742,false,סבון אסלה בניחוח מתחלף אפרסק תפוח 50 ג' ברף,הנקל סוד,RS,סבון אסלה ברף ניחוח מתחלף אפרסק תפוח50גר,Unknown,0.00,Unknown,false,10,9.90,0.0000,true,1,331857
9000101372878,false,קפסולות דיסקס לניקוי כביסה לבנה וצבעונית Deep Clean,פרסיל Persil,HU,קפסולות פרסיל דיסקס לכביסה לבנה 22יח,יחידה,22.00,יחידה,false,6,34.90,1.5864,true,1,328418
9000101375268,false,ברף דלקס שלישייה ניחוח יסמין,הנקל,RS,מארז 3 יח סבון אסלה סוד ברף יסמין מתחלף,יחידה,3.00,יחידה,false,1,14.90,4.9667,true,1,337139
9000101375299,false,ברף דלקס שלישייה ניחוח מגנוליה,הנקל,RS,מארז 3 יח סבון אסלה סוד ברף מגנוליה מתחל,יחידה,3.00,יחידה,false,1,14.90,4.9667,true,1,337138
9000101380255,false,פרסיל דיסקס לכביסה ניקיון היגייני 22 יחידות,פרסיל Persil,HU,קפסולות פרסיל דיסקס ניקיון היגייני 22יח,יחידה,22.00,יחידה,false,6,34.90,1.5864,true,1,331848
9000101417081,false,סבון אסלה ברף דלקס מגנוליה 50 גרם,הנקל,RS,סבון אסלה סוד ברף דלקס מגנוליה כדוריות,Unknown,0.00,Unknown,false,1,8.90,0.0000,true,1,324285
9000101418163,false,שלישיית סבון אסלה בניחוח מתחלף תפוח ירוק ברף,ברף Bref,RS,מארז 3 יח סבון אסלה סוד ברף תפוח מתחלף,יחידה,3.00,יחידה,false,1,14.90,4.9667,true,1,335382
9000101509069,false,ברף - סבון אסלה ג'ל גשם אביב שלשות,הנקל,RS,מארז 3יח סבון אסלה ברף בריליאנט גשם אביב,יחידה,3.00,יחידה,false,1,14.90,4.9667,true,1,338405
9000101509151,false,ברף - סבון אסלה ג'ל אוקיינוס הקרח הצפוני שלשות,הנקל,RS,מארז 3יח סבון אסלה ברף בריליאנט אוקיינוס,יחידה,3.00,יחידה,false,1,14.90,4.9667,true,1,338404
9000101511635,false,קפסולות ג'ל לכביסה פרסיל דיסקס לעור רגיש,פרסיל Persil,HU,פרסיל דיסקס סנסיטיב 22יח,יחידה,22.00,יחידה,false,6,34.90,1.5864,true,1,335353
9000101512526,false,פרסיל - פאוור קאפס קפסולות ג'ל מרוכזות לכביסה 26 יח',קריות זול,RS,קפסולות פרסיל פאוור כביסה לבנה צבע 26יח,יחידה,26.00,יחידה,false,6,34.90,1.3423,true,1,331852
9000101515596,false,קפסולות ג'ל מרוכזות לכביסה צבעונית 56 יח' פרסיל,הנקל,RS,קפסולות פרסיל פאוור צבעוני 56יח,יחידה,56.00,יחידה,false,3,49.90,0.8911,true,1,331855
9000101520965,false,שלישיית סבון אסלה בניחוח מתחלף לוטוס עדין ברף,ברף Bref,RS,מארז 3 יח סבון אסלה סוד ברף לוטוס מתחלף,יחידה,3.00,יחידה,false,1,14.90,4.9667,true,1,335381
9000101521436,false,סבון אסלה בניחוח מתחלף לוטוס במבוק 50 ג' ברף,הנקל סוד,RS,סבון אסלה ברף ניחוח מתחלף לוטוס במבו50גר,Unknown,0.00,Unknown,false,10,9.90,0.0000,true,1,331858
9000101537550,false,פרסיל קאפסולות לכביסה לבנה וצבעונית 52 יח',הנקל סוד,HU,קפסולות גל כב. פרסיל פאוור 52יח,יחידה,52.00,יחידה,false,4,49.90,0.9596,true,1,336301
9000101537581,false,פרסיל קאפסולות לכביסה צבעונית 52 יחידו,הנקל סוד,HU,קפסולות גל כב. פרסיל פאוור 52יח,יחידה,52.00,יחידה,false,4,49.90,0.9596,true,1,336302
9000101548419,false,קולור קאצ`ר דפים למכונת לכביסה מחדש צבע לבן 18 יח',"הנקל סוד בע""\מ",IE,דפים למכונת כביסה למניעת מעבר צבעים 18דף,יחידה,18.00,יחידה,false,12,15.90,0.8833,true,1,337140
9000331607993,false,וופל מאנר קרם אגוזים,,AT,וופל מאנר קרם אגוזים מצופה 400 גרם,גרמים,400.00,100 גרם,false,1,22.90,5.7250,true,1,333162
9000331627540,false,וופל מאנר מילוי קרם,,AT,וופל מאנר מילוי קרם וניל 200 גרם,גרמים,200.00,100 גרם,false,1,13.90,6.9500,true,1,333147
9001511004823,false,"בירה גוסר בהירה 500 מ""ל",בראו יוניון,AT,בירה גוסר בהיר 500מל פקדון,מיליליטרים,500.00,"100 מ""ל",false,20,11.90,2.3800,true,1,237430
9001531947322,false,"מרכך כביסה פרוש לבנדר 750 מ""ל",ארדל רקס,,מרכך כביסה אקולוגי 750 מל לבנדר פרוש,מיליליטרים,750.00,"100 מ""ל",false,1,19.90,2.6533,true,1,315824
9001616202117,false,מאם מוצצים סיליקון 0-6 זמן לאהבה אפור,טרופיקל דגיל תעשיות,HU,זוג מוצצי מאמ סיליקון זמן לאהבה 0-6 אפור,יחידה,2.00,יחידה,false,1,34.90,17.4500,true,1,313323
9001616202186,false,"בקבוק לתינוק 330 מ""ל 4+ חודשים Easy Active",טרופיקל דגיל תעשיות,AT,בקבוק האכלה לתינוק מאמ 330מל תכלת,יחידה,1.00,יחידה,false,1,34.90,34.9000,true,1,313334
9001616202360,false,זוג מוצצי סיליקון זוהר בחושך 6+ חודשים Original Night,מאם Mam,HU,זוג מוצצי מאמ זוהרים בחושך 6+ בן תכלת,יחידה,2.00,יחידה,false,1,34.90,17.4500,true,1,313330
9001616202377,false,מאם מוצצים סיליקון 0-6 לילה זוהרים תכלת,General,AT,זוג מוצצי מאמ זוהרים בחושך 0-6 בן תכלת,יחידה,2.00,יחידה,false,1,34.90,17.4500,true,1,313331
9001616202445,false,מוצץ לתינוק מיני אולטי סיליקון עיגולים מאם 2 יחידות,אלפא,AT,זוג מוצצי מאמ סיליקון איי לאב מאמי 0-6בן,יחידה,2.00,יחידה,false,1,34.90,17.4500,true,1,313324
9001616205774,false,מאם אנימלס מוצצי סיליקון 0-6 תכלת,אלפא,HU,זוג מוצצי מאמ סיליקון בעלי חיים 0-6 בן,יחידה,2.00,יחידה,false,1,34.90,17.4500,true,1,313325
9001616205781,false,מאם מוצצים סיליקון 6+ אנימלס כחול,אלפא,HU,זוג מוצצי מאמ סיליקון קלירליין 6+ כחול,יחידה,2.00,יחידה,false,1,34.90,17.4500,true,1,313326
9001616661099,false,"בקבוק לתינוק 270 מ""ל 2+ חודשים Easy Active",מאם Mam,AT,בקבוק האכלה לתינוק מאמ 270מל תכלת,יחידה,1.00,יחידה,false,1,34.90,34.9000,true,1,313333
9001616680991,false,"בקבוק לתינוק אנטי קוליק מאמ 260 מ""ל",מאם Mam,AT,בקבוק האכלה לתינוק מאמ 260מל תכלת,יחידה,1.00,יחידה,false,1,34.90,34.9000,true,1,314501
9001616681363,false,"בקבוק לתינוק אנטי קוליק מאמ 260 מ""ל",General,HU,בקבוק האכלה לתינוק מאמ 260מל ורוד,יחידה,1.00,יחידה,false,1,34.90,34.9000,true,1,314502
9001616702600,false,זוג מוצצים סיליקון מאמ 0-2 ורוד,General,HU,זוג מוצצי מאמ סיליקון 0-2 בת ורוד,יחידה,2.00,יחידה,false,1,34.90,17.4500,true,1,314475
9001616702655,false,מאם מוצצים סיליקון 0-6 לילה זוהרים ורוד,General,HU,זוג מוצצי מאמ זוהרים בחושך 0-6 בת ורוד,יחידה,2.00,יחידה,false,1,34.90,17.4500,true,1,314477
9001616702662,false,זוג מוצצים סיליקון פרל מאמ 0-6 ורוד,General,HU,זוג מוצצי מאמ פרל סיליקון 0-6 בת ורוד,יחידה,2.00,יחידה,false,1,34.90,17.4500,true,1,314478
9001616702686,false,זוג מוצצים סיליקון אי לאב מאמי מאמ 0-6 ורוד,אלפא,HU,זוג מוצצי מאמ סיליקון איי לאב מאמי 0-6בת,יחידה,2.00,יחידה,false,1,34.90,17.4500,true,1,314480
9001616702716,false,זוג מוצצים סיליקון זוהרים בלילה מאמ +6 ורוד,General,HU,זוג מוצצי מאמ זוהרים בחושך 6+ בת ורוד,יחידה,2.00,יחידה,false,1,34.90,17.4500,true,1,314482
9001616702723,false,מאם מוצצים סיליקון 6+ לילה זוהרים ירוק,General,HU,זוג מוצצי מאמ זוהרים בחושך 6+ ירוק,יחידה,2.00,יחידה,false,1,34.90,17.4500,true,1,314483
9001616702808,false,זוג מוצצים סיליקון קלירליין מאמ +6 ורוד,אלפא,HU,זוג מוצצי מאמ סיליקון קלירליין 6+ ורוד,יחידה,2.00,יחידה,false,1,34.90,17.4500,true,1,314495
9001616702822,false,זוג מוצצים סיליקון קריסטל מאמ +6 ורוד,General,HU,זוג מוצצי מאמ סיליקון קריסטל 6+ ורוד,יחידה,2.00,יחידה,false,1,34.90,17.4500,true,1,314497
9001616702839,false,מאם מוצצים סיליקון 6+ ירוק קרם,General,HU,זוג מוצצי מאמ סיליקון קריסטל 6+ ירוק,יחידה,2.00,יחידה,false,1,34.90,17.4500,true,1,314498
9001616702877,false,זוג מוצצים סיליקון מאמ +16 ורוד,General,HU,זוג מוצצי מאמ סיליקון 16+ בן ורוד,יחידה,2.00,יחידה,false,1,34.90,17.4500,true,1,314500
9001616703010,false,"בקבוק תינוק 330 מ""ל ורוד",General,AT,בקבוק האכלה לתינוק מאמ 330מל ורוד,יחידה,1.00,יחידה,false,1,34.90,34.9000,true,1,314506
9001616703027,false,בקבוק האכלה לתינוק מ,General,AT,בקבוק האכלה לתינוק מאמ 330מל אפור,יחידה,1.00,יחידה,false,1,34.90,34.9000,true,1,314509
9001616813856,false,מוצצי +6 יום לילה מארז שלישיה,מאמ,AT,מארז שלישיית מוצצים מאם 6פלוס,יחידה,3.00,יחידה,false,1,36.90,12.3000,true,1,335964
9001616820687,false,זוג מוצצי סיליקון לילה 6+ורוד מאט,אלפא,AT,זוג מוצצי מאמ מאט אפור ותכלת,יחידה,2.00,יחידה,false,1,34.90,17.4500,true,1,334923
9002100017958,false,מרק מגי פסטה וירקות,נסטלה,SK,מרס ממרח שוקולד וקרמל 200 גרם,Unknown,0.00,Unknown,false,16,8.90,0.0000,true,1,326441
9002859018800,false,"מיץ לימון טבעי 200 מ""ל ""פיאצ'לי""",GUNZ WARENHANDELS,AT,פיאצלי-מיץ לימון טבעי(צהוב) 200 מל 1/12(,מיליליטרים,200.00,"100 מ""ל",false,12,4.50,2.2500,true,1,229922
9002859025204,false,פלחי מרמלדה 200 גרם גונץ,GUNZ WARENHANDELS,,פלחי מרמרלדה גונץ 200 גר,גרמים,200.00,100 גרם,false,1,9.90,4.9500,true,1,230459
9002859026270,false,צ'יטרי מיץ ליים ירוק 200 מל,GUNZ WARENHANDELS,,מיץ לימון ליים ירוק 200 מל,מיליליטרים,200.00,"100 מ""ל",false,1,4.50,2.2500,true,1,229921
9002859031434,false,גונץ-בוגי ג'לי פירות 250 גר' 1/10(83871),GUNZ WARENHANDELS,,סוכריות גלי פירות גונץ 250 גר,גרמים,250.00,100 גרם,false,1,11.00,4.4000,true,1,226750
9002859035494,false,מיקס תבלינים ארומה 500 גר גונץ,GUNZ WARENHANDELS,,מיקס תבלינים ארומה 500 גר גונץ,גרמים,500.00,100 גרם,false,1,13.50,2.7000,true,1,230814
9002859036583,false,לשונות חתול שוקולד חלב 100ג,GUNZ WARENHANDELS,,לשונות חתול חלב 100 גר גונץ,גרמים,100.00,100 גרם,false,1,11.00,11.0000,true,1,231498
9002859050725,false,תפזורת סנטה ברשת 100 גר גונץ,GUNZ WARENHANDELS,DE,שוקולד סנטה גונץ ברשת 100 גרם,Unknown,0.00,Unknown,false,22,11.00,0.0000,true,1,338320
9002859050749,false,גונץ-כדורי שוקולד קריסמיס רשת 100 גר,GUNZ WARENHANDELS,DE,כדורי שוקולד גונץ קריסמס ברשת 100 גרם,גרמים,100.00,100 גרם,false,24,11.00,11.0000,true,1,338318
9002859050763,false,חיפושיות שוקולד ברשת 100 גרם גונץ,GUNZ WARENHANDELS,DE,חיפושיות שוקולד גונץ ברשת 100 גרם,גרמים,100.00,100 גרם,false,24,11.00,11.0000,true,1,236940
9002859054099,false,גונץ בונבוניירת מוצרט משושה 300 גרם,GUNZ WARENHANDELS,AT,בונ.מוצרט כדורים משושה 297 גר גונץ,גרמים,300.00,100 גרם,false,1,32.90,10.9667,true,1,229100
9002859056963,false,אנשי שלג משוקולד ברשת 100 גר גונץ,GUNZ WARENHANDELS,DE,אנשי שלג משוקולד גונץ ברשת 100 גרם,גרמים,100.00,100 גרם,false,22,11.00,11.0000,true,1,338324
9002859058172,false,בונבוניירה בננה ציפוי שוקולד מריר 300 גר,GUNZ WARENHANDELS,AT,גונץ-בננה ציפוי מריר 300 גר1/15(86935),גרמים,300.00,100 גרם,false,15,14.90,4.9667,true,1,230815
9002859061240,false,ניקו - שבבי בצל מטוגן 250 גרם,GUNZ WARENHANDELS,,שבבי בצל מטוגן 250 גר ניקו,גרמים,250.00,100 גרם,false,1,10.90,4.3600,true,1,231833
9002859067570,false,דפדפי שוקולד תפוז - גונץ 200 גרם,GUNZ WARENHANDELS,,דפדפי שוקולדה תפוז גונץ 200 גר,גרמים,100.00,100 גרם,false,1,18.00,18.0000,true,1,234167
9002859073298,false,כדורגל שוקולד ברשת 100 גרם גונץ,GUNZ WARENHANDELS,DE,כדורגל שוקולד גונץ ברשת 100 גר,גרמים,100.00,100 גרם,false,24,11.00,11.0000,true,1,236941
9002859099373,false,גונץ-מטבעות קריסמס ברשת 85 גרם,GUNZ WARENHANDELS,DE,מטבעות שוקולד גונץ קריסמס ברשת 85 גרם,Unknown,0.00,Unknown,false,24,11.00,0.0000,true,1,338317
9002859100536,false,בונבוניירה אצבעות שוקולד מוצרט 200 גרם,GUNZ WARENHANDELS,,בונ.מוצרט אצבעות 200 גרם,גרמים,200.00,100 גרם,false,1,16.90,8.4500,true,1,311397
9002975393812,false,סוכריות גילי הריבו האפי צירי 70 גרם,"האריבו , ג'\י.אם.בי.אייץ",AT,סוכריות גומי הריבו הפי צירי 70 גרם,Unknown,0.00,Unknown,false,30,6.90,0.0000,true,1,327278
9002975393829,false,סוכריות גילי הריבו פיציס 70 גרם,"האריבו , ג'\י.אם.בי.אייץ",AT,סוכריות גומי הריבו פיציס 70 גרם,Unknown,0.00,Unknown,false,30,6.90,0.0000,true,1,327280
9002975393836,false,סוכריות גילי הריבו האפי קולה 70 גרם,"האריבו , ג'\י.אם.בי.אייץ",AT,סוכריות גומי הריבו הפי קולה 70 גרם,Unknown,0.00,Unknown,false,30,6.90,0.0000,true,1,327279
9002975393843,false,סוכריות גילי הריבו גולדברס 70 גרם,"האריבו , ג'\י.אם.בי.אייץ",AT,סוכריות גומי הריבו גולדברס 70 גרם,Unknown,0.00,Unknown,false,30,6.90,0.0000,true,1,327277
9002975393850,false,סוכריות גילי הריבו וורמס 70 גרם,"האריבו , ג'\י.אם.בי.אייץ",AT,סוכריות גומי הריבו וורמס 70 גרם,Unknown,0.00,Unknown,false,30,6.90,0.0000,true,1,327281
9003100120037,false,"בירה קייזר פחית 500 מ""ל",,AT,בירה קייזר 500מל פח.פקדון,מיליליטרים,500.00,"100 מ""ל",false,24,8.90,1.7800,true,1,336586
9003400304939,false,"בירה שטיגל וייז חיטה 500 מ""ל",מבשלת שטיגל,AT,בירה שטיגל וייז חיטה 500מל פקדון,מיליליטרים,500.00,"100 מ""ל",false,1,11.90,2.3800,true,1,302402
9003400393032,false,"פחית בירה הל שטיגל 500 מ""ל",,AT,בירה הל שטיגל 500מל פח. פקדון,מיליליטרים,500.00,"100 מ""ל",false,24,10.00,2.0000,true,1,335085
9003401681138,false,"שישייה בירה שטיגל גולדברו 6*330 מ""ל",,AT,מארז 6יח בירה שטיגל גולדבראו 330מל,מיליליטרים,1980.00,"100 מ""ל",false,1,34.90,1.7626,true,1,327040
9003402655084,false,"בירה שטיגל רדלר פטל פחית 500 מ""ל",,,בירה שטיגל רדלר פטל 500מל פחית פקדון,מיליליטרים,500.00,"100 מ""ל",false,24,7.90,1.5800,true,1,331295
9003402660088,false,"בירה שטיגל גולדבראו 500 מ""ל פחית",שטיגל Stiegl,AT,בירה שטיגל גולדברו 500מל פחית,מיליליטרים,500.00,"100 מ""ל",false,24,10.00,2.0000,true,1,313791
9003402663089,false,"בירה שטיגל רדלר אשכוליות 500 מ""ל פחית",,AT,בירה שטיגל רדלר 500מל פחית פקדון,מיליליטרים,500.00,"100 מ""ל",false,24,7.90,1.5800,true,1,313792
9003402664079,false,"בירה שטיגל רדלר לימון פחית 500 מ""ל",,,בירה שטיגל רדלר לימון 500מל פחית פקדון,מיליליטרים,500.00,"100 מ""ל",false,24,7.90,1.5800,true,1,331294
9005835312626,false,קלרו 50 טבליות למדיח ללא פוספטים,יעקובי,AT,טבליות למדיח כלים קלרו 50 יח,קילוגרמים,1.00,"ק""ג",false,4,49.90,49.9000,true,1,319678
9005835312640,false,קלרו 80 טבליות למדיח ללא פוספטים,יעקובי,AT,טבליות למדיח כלים קלרו 80 יח,יחידה,80.00,יחידה,false,4,69.90,0.8738,true,1,319793
9005835312718,false,"קלרו פירמידה מלח למדיח כלים 1 ק""ג CLARO",יעקובי,AT,מלח למדיח כלים קלרו 1 קג,קילוגרמים,1.00,"ק""ג",false,5,14.90,14.9000,true,1,319680
9005835312732,false,"קלרו נוזל הברקה למדיח כלים 500 מ""ל CLARO",יעקובי,AT,נוזל הברקה למדיח כלים קלרו 500מל,מיליליטרים,500.00,"100 מ""ל",false,12,14.90,2.9800,true,1,319681
9005835312756,false,"קלרו ניקוי יסודי למדיח כלים 250 מ""ל CLARO",יעקובי,AT,נוזל ניקוי למדיח כלים קלרו 250מל,מיליליטרים,250.00,"100 מ""ל",false,6,14.90,5.9600,true,1,319682
9005835313609,false,קלרו טבליות למדיח כלים 15 יחידות CLARO,קלרו,AT,טבליות קלרו למדיח כלים 15טבליות,יחידה,15.00,יחידה,false,5,9.90,0.6600,true,1,333561
9005835313661,false,טבליות ניקוי וחיטוי למדיח99.9% קלרו 30 יח',רלוי,AT,טבליות למדיח כלים קלרו 30 יח,יחידה,30.00,יחידה,false,5,29.90,0.9967,true,1,329761
9006332185553,false,יין צווייגלט פום האו,,AT,יין צווייגלט פום האוס 750 מל,מיליליטרים,750.00,"100 מ""ל",false,6,60.00,8.0000,true,1,324496
9006332187779,false,יין גרונר ולטלינר פו,,AT,יין גרונר ולטלינר פום האוס 750 מל,מיליליטרים,750.00,"100 מ""ל",false,6,60.00,8.0000,true,1,324497
9008700111546,false,נקטר דובדבנים חמוצים 1ל',Rauch fruchtsafte gm,HU,נקטר דובדבן 1 ל ראוך בקרטון,ליטרים,1.00,ליטר,false,1,11.90,11.9000,true,1,303806
9008700128971,false,מיץ חמוציות ראוך 1 ליטר,ראוך Rauch,,מיץ קרנברי ראוך 100% 1 ל בקרטון,ליטרים,1.00,ליטר,false,1,11.90,11.9000,true,1,225152
9008700146982,false,מיץ מולטיויטמין פרי אדומים 100% 1 ל ראוך,Rauch fruchtsafte gm,,מיץ 100% פירות אדומים 1 ל ראוך בקרטון,ליטרים,1.00,ליטר,false,1,11.90,11.9000,true,1,227597
9008700148146,false,נקטר לי'צי ראוץ' 1 ליטר,Rauch fruchtsafte gm,HU,נקטר ליצי 1 ל ראוך בקרטון,ליטרים,1.00,ליטר,false,1,11.90,11.9000,true,1,231834
9008700155458,false,נקטר גויאבה 1 ליטר ראוך,ראוך פרוכטסאפטה,AT,נקטר גויאבה 1 ל ראוך בקרטון,ליטרים,1.00,ליטר,false,1,11.90,11.9000,true,1,235063
9008700170666,false,מיץ תפוח פטל 1 ליטר ראוך,,,מיץ תפוחים פטל 1 ליטר ראוך בקרטון,ליטרים,1.00,ליטר,false,1,11.90,11.9000,true,1,323732
9009200018441,false,סוכ.גומי דובונים אורגני 100 גר BioBon,PEZ,AT,גלונים דובונים סוכריות גומי אורגניות ללא,גרמים,100.00,100 גרם,false,10,11.90,11.9000,true,1,235148
9028800139493,false,"בירה ציפפר לאגר 500 מ""ל פחית",,AT,בירה ציפפר 500מל פח.פקדון,מיליליטרים,500.00,"100 מ""ל",false,24,8.90,1.7800,true,1,336585
9028800627679,false,"בירה אדלוויס 500 מ""ל פחית",,,בירה אדלווייס 500מל פח. פקדון,מיליליטרים,500.00,"100 מ""ל",false,1,11.90,2.3800,true,1,336344
9028800639962,false,"אדלוויס בירה לבנה בקבוק 500 מ""ל",מבשלת בראו יוניון,AT,בירה אדלווייס הפטרובה 500מל פקדון,מיליליטרים,500.00,"100 מ""ל",false,20,12.90,2.5800,true,1,239661
9044400231009,false,סוכ.פז מילוי ט.פירות68גר,פופז,HU,סוכריות פז מילוי בטעם פירות,Unknown,0.00,Unknown,false,12,10.00,0.0000,true,1,235878
9044400841000,false,סוכריות פז מתחלפות + 3 מילויים,פופז,HU,פז דיספנסר,Unknown,0.00,Unknown,false,12,13.00,0.0000,true,1,222128
9044400843318,false,מארז פז בובה כריסמס 10+1 סוכריות 85 גר,PEZ,,סוכריות פז 10יח +1 חינם שקית,Unknown,0.00,Unknown,false,1,14.90,0.0000,true,1,332532
9044400843875,false,שיפר בובת פז,PEZ,,שיפר בובת פז,Unknown,0.00,Unknown,false,1,3000.00,0.0000,true,1,338421
9044400848931,false,מזודה פז מניונים 51 גרם,PEZ,HU,מזוודת פז מיניונים,Unknown,0.00,Unknown,false,1,59.90,0.0000,true,1,336579
9044400849105,false,סוכריות פז בשקית 10+1 85 גר,פז פרודוקשיין,HU,סוכריות פז 10יח +בובה שקית,Unknown,0.00,Unknown,false,1,14.90,0.0000,true,1,336879
9044400851672,false,סוכריות פז סוגים שונים + 3 מילויים,פז פרודקשיין יורו,HU,סוכריות דמויות פז,Unknown,0.00,Unknown,false,1,13.00,0.0000,true,1,335301
9044400885578,false,סוכ.פז מילוי ט.פירות68גר,PEZ,HU,סוכריות פז מילוי פירות שמיניה,Unknown,0.00,Unknown,false,1,10.00,0.0000,true,1,336878
9044400885745,false,סוכריות פז דחוסות פי,PEZ,,סוכריות בובת פז+מילוי,Unknown,0.00,Unknown,false,1,11.90,0.0000,true,1,337556
9120017113713,false,"יין קראכר ריזלינג 750 מ""ל",קראכר,AT,יין קראכר ריזלינג 750 מל,מיליליטרים,750.00,"100 מ""ל",false,1,65.00,8.6667,true,1,295208
9120017114635,false,"יין קראכר פינו גרי 750 מ""ל",,AT,יין קראכר ריזלינג 750 מל,מיליליטרים,750.00,"100 מ""ל",false,1,65.00,8.6667,true,1,314960
9120017115892,false,"יין קראכר גרונר ולטינר 750 מ""ל",,AT,יין קראכר גרונר ולטלינר 2018 750 מל,מיליליטרים,750.00,"100 מ""ל",false,1,65.00,8.6667,true,1,318796
9120025834723,false,חטיף אוראו מצונן 120 גרם רבנות,בובארד איטליה אס.פי.,IT,חטיף אוראו קפוא 120גר,גרמים,120.00,100 גרם,false,14,14.90,12.4167,true,1,337045
9120025839896,false,חטיף מילקה מצונן 128 גרם,בובארד איטליה אס.פי.,IT,חטיף מילקה קפוא 128גר,גרמים,128.00,100 גרם,false,14,14.90,11.6406,true,1,337216
9120097310583,false,חטיף שוקו בננה מיניונים מצונן 108 גרם רבנות,בובארד איטליה אס.פי.,IT,חטיף שוקו בננה מיניונים 108גר קפוא,גרמים,108.00,100 גרם,false,14,14.90,13.7963,true,1,337048
9300752305707,false,יין אוז שרדונה רזרב,,,יין אוז שרדונה רזרב 750 מל,מיליליטרים,75000.00,"100 מ""ל",false,1,60.00,0.0800,true,1,241074
9300752305721,false,יין אוז שיראז רזרב 7,,,יין אוז שיראז רזרב 750 מל,מיליליטרים,75000.00,"100 מ""ל",false,1,60.00,0.0800,true,1,241075
9300752650111,false,יין די בי גוורץ 3 לי,דה ברוטולי,,יין די בי גוורץ 3 ליטר,ליטרים,3.00,ליטר,false,1,109.00,36.3333,true,1,302211
9310072025155,false,ביסקויט טים טם שוקול,ארנולטס,AU,ביסקויט טים טם שוקולד לבן 165 גרם,גרמים,165.00,100 גרם,false,24,16.90,10.2424,true,1,325742
9310072028743,false,טים טם ביסקוויט במילוי שוקולד 200 גרם,"ארנוטס ביסקוויטס בע""",AU,ביסקויט טים טם אורגינל 200 ג,גרמים,200.00,100 גרם,false,24,16.90,8.4500,true,1,298944
9310072028750,false,טים טם Tim Tam וופל שוקולד ציפוי כפול,"ארנוטס ביסקוויטס בע""",AU,ביסקויט טים טם דאבל 200 ג,גרמים,200.00,100 גרם,false,24,16.90,8.4500,true,1,298364
9310088007015,false,דיפנד תחבושות אוברנייט בלילה,קימברלי-קלארק,VN,תחבושות דיפנד אובר נייט 8 יחידות,Unknown,0.00,Unknown,false,1,19.90,0.0000,true,1,234903
9310088009521,false,דיפנד תחתון סופג ACTIVE FIT נשים L,חוגלה קימברלי,IL,תחתון סופג דיפנד אקטיב פיט נשים לארג8יח,יחידה,8.00,יחידה,false,4,47.90,5.9875,true,1,323095
9310297005239,false,"יין ראוסונס רטריט שרדונה 750 מ""ל",יינות מטואה,,יין שרדונה רונסונס סמיליון 2015 750 מל,מיליליטרים,750.00,"100 מ""ל",false,1,60.00,8.0000,true,1,299891
9310297009428,false,"פנפולדס מקס שיראז קברנה 750 מ""ל",,AU,יין פנפולדס מקס שיראז קברנה 750 מל,מיליליטרים,750.00,"100 מ""ל",false,6,115.00,15.3333,true,1,327495
9310297009459,false,"פנפולדס מקס שיראז 750 מ""ל",,AU,יין פנפולדס מקס שיראז 750 מל,מיליליטרים,750.00,"100 מ""ל",false,6,115.00,15.3333,true,1,327494
9310297010905,false,"פנפולדס קונונגה היל שיראז קברנה 750 מ""ל",,AU,יין פנפולדס קונונגה היל שיראז .ק 750 מל,מיליליטרים,750.00,"100 מ""ל",false,6,65.00,8.6667,true,1,327496
9310297028917,false,יין פנפולדס קונונגה,,AU,יין פנפולדס קונונגה היל שרדונה .ק50 מל,מיליליטרים,750.00,"100 מ""ל",false,6,65.00,8.6667,true,1,337172
9310297646258,false,יין ראוסונס רטריט שיראז קברנה 750 מל,יינות מטואה,,יין שיראז קברנה רונסונס 2015 750 מל,מיליליטרים,750.00,"100 מ""ל",false,1,60.00,8.0000,true,1,299892
9311043023569,false,יין בנרוק סטיישן שיר,,GB,יין בנרוק סטיישן שיראז 750 מל,מיליליטרים,750.00,"100 מ""ל",false,6,40.00,5.3333,true,1,320959
9311218000166,false,יין לינדמנס בין 85 פינו גריגו 750 מל,יינות רוסונס,,יין פינו גריגו 85 לינדמנס 2015 750 מל,מיליליטרים,750.00,"100 מ""ל",false,1,60.00,8.0000,true,1,299889
9311218109562,false,"יין לינדמנס בין 50 שיראז 750 מ""ל",יינות רוסונס,,יין שיראז 50 לינדמנס 2015 750 מל,מיליליטרים,750.00,"100 מ""ל",false,1,60.00,8.0000,true,1,299887
9311218110223,false,יין ס.בלאן 95 לינדמנ,יינות רוסונס,,יין ס.בלאן 95 לינדמנס 2015 750 מל,מיליליטרים,750.00,"100 מ""ל",false,1,60.00,8.0000,true,1,299890
9311218110995,false,יין לינדמנס בין 45 קברנה סובניון 750 מל,יינות רוסונס,,יין ק.סובניון 45 לינדמנס 2015 750 מל,מיליליטרים,750.00,"100 מ""ל",false,1,60.00,8.0000,true,1,299886
9311218114078,false,"יין לינדמנס 40 מרלו 750 מ""ל",יינות רוסונס,,יין מרלו 40 לינדמנס 2015 750 מל,מיליליטרים,750.00,"100 מ""ל",false,1,60.00,8.0000,true,1,299885
9311218119486,false,"לינדמנס בין 65 שרדונה 750 מ""ל",יינות רוסונס,,יין שרדונה 65 לינדמנס 2015 750 מל,מיליליטרים,750.00,"100 מ""ל",false,1,60.00,8.0000,true,1,299896
9311789002019,false,יין שיראז קברנה דה ס,אוסטרליה נגוסיאנטס א,,יין שיראז קברנה דה סקריבלר ילומבה 750מל,מיליליטרים,750.00,"100 מ""ל",false,1,95.00,12.6667,true,1,234428
9311789002286,false,יין שיראז קברנה סובי,אוסטרליה נגוסיאנטס א,,יין שיראז קברנה סוביניון דה סיגאר 750מל,מיליליטרים,750.00,"100 מ""ל",false,1,145.00,19.3333,true,1,234429
9311910102069,false,יין קלאנסיז פיטר לימ,אוסטרליה פיטר לימן,,יין קלאנסיז פיטר לימן 750 מל פקדון,מיליליטרים,750.00,"100 מ""ל",false,1,80.00,10.6667,true,1,232995
9312931720300,false,סכיני גילוח שיק אינטואישן לנשים שלישייה,שסטוביץ,CN,סכיני גילוח שיק אינטואישן 3 יחידות,יחידה,3.00,יחידה,false,1,32.90,10.9667,true,1,312890
9314820024957,false,רוטב בלסמי קולויטה מ,COLAVITA SpA,IT,רוטב בלסמי קולויטה מצומצם 225 מל,מיליליטרים,225.00,"100 מ""ל",false,12,29.90,13.2889,true,1,336946
9320909001702,false,יין הנריז סבן הנשקי,אוסטרליה נגוסיאנטס א,,יין הנריז סבן הנשקי 750מל פקדון,מיליליטרים,750.00,"100 מ""ל",false,1,185.00,24.6667,true,1,234431
9322969000015,false,פריכיות תירס בטעם אורגינל ריל פודס 150 ג',אף.סי תבליני בגליל ב,AU,פרכיות תירס אורגינל 150 גר,גרמים,150.00,100 גרם,false,1,12.90,8.6000,true,1,218820
9322969000022,false,"ריל פוד פריכיות תירס עם סויה וזרעי פשתן, ללא גלוטן 150 גרם",אף.סי תבליני בגליל ב,AU,פרכיות תירס סויה וזרעי פשתן 150 גר,גרמים,150.00,100 גרם,false,1,12.90,8.6000,true,1,218822
9322969000046,false,פריכיות תירס שומשום אורגני ריל פודס 150 ג',אף.סי תבליני בגליל ב,AU,פרכיות תירס אורגני שומשום 150 גר,גרמים,150.00,100 גרם,false,1,12.90,8.6000,true,1,218821
9322969000053,false,פריכיות אורז מלא ריל פוד 150 גר,סנו מפעלי ברונוס.,AU,פרכיות אורז מלא 150 גר,גרמים,150.00,100 גרם,false,1,12.90,8.6000,true,1,333065
9324054906394,false,כלורוקס מגבוני ניקוי אקספרט פלופאק 30 יח,כלורקס,US,מגבוני כלורקס אקספרט 30יח פלופאק,יחידה,30.00,יחידה,false,30,11.90,0.3967,true,1,331839
9324054906400,false,כלורוקס מגבוני ניקוי אקספרט במיכל 30 יח,כלורקס,US,מגבוני כלורקס אקספרט 30יח במיכל,יחידה,30.00,יחידה,false,30,18.90,0.6300,true,1,331838
9330344004473,false,סכין גילוח שיק היידרו סילק חד פעמי 2 יח,"אם החיטה בע""מ",CN,סכיני גילוח שיק היידרו סילק חד פעמי 2 יח,יחידה,2.00,יחידה,false,6,29.90,14.9500,true,1,320967
9334921000001,false,יין פלקסוס גוהן דובא,אוסטרליה נגוסיאנטס א,,יין פלקסוס גוהן דובאל 750מל פקדון,מיליליטרים,750.00,"100 מ""ל",false,1,195.00,26.0000,true,1,234433
9334921000018,false,יין אנטיטי גוהן דובא,אוסטרליה נגוסיאנטס א,,יין אנטיטי גוהן דובאל 750מל פקדון,מיליליטרים,750.00,"100 מ""ל",false,1,220.00,29.3333,true,1,234434
9414416305528,false,יין פרייבט בין סוביניון בלאן 750 מל,ניו זילנד - וילה מרי,,יין פרייבט בין סוביניון בלאן 750 מל פקדו,מיליליטרים,750.00,"100 מ""ל",false,1,70.00,9.3333,true,1,232113
9414416501876,false,"יין פרייבט בין שרדונה 750 מ""ל וילה מריה",ניו זילנד - וילה מרי,,יין פרייבט בין שרדונה וילה מריה 750 מל,מיליליטרים,750.00,"100 מ""ל",false,1,70.00,9.3333,true,1,246384
9414416507229,false,יין הוקס ביי ורדליו,ניו זילנד - וילה מרי,,יין הוקס ביי ורדליו אסק ואלי 750 מל,מיליליטרים,750.00,"100 מ""ל",false,1,75.00,10.0000,true,1,246387
9414416921001,false,יין מרלבורו רזרב פינ,ניו זילנד - וילה מרי,,יין מרלבורו רזרב פינו נואר וילה מריה 750,מיליליטרים,750.00,"100 מ""ל",false,1,140.00,18.6667,true,1,235982
9415305122011,false,יין מטואה מרלבוך סוביניון בלאן 750 מל,יינות מטואה,,יין ס. בלאן מטואה מרלבוך 2015 750 מל,מיליליטרים,750.00,"100 מ""ל",false,1,80.00,10.6667,true,1,299893
9415305236053,false,"יין מטואה פינו נואר 750 מ""ל",יינות מטואה,,יין פינו נואר מטואה מרלבוך 2015 750 מל,מיליליטרים,750.00,"100 מ""ל",false,1,100.00,13.3333,true,1,299894
9419031001428,false,פרמניגהאם סובניון בלאן לבן יבש 750 מל,,NZ,יין ס.בלאן פרמניגהאם נובאדיז 750 מל,מיליליטרים,750.00,"100 מ""ל",false,6,65.00,8.6667,true,1,335247
9421018071430,false,יין מאד האוס סוביניו,מאד האוס,GB,יין מאד האוס סוביניון בלאן 375 מל,מיליליטרים,375.00,"100 מ""ל",false,6,45.00,12.0000,true,1,316636
9421018071492,false,יין מאד האוס סוביניון בלאן לבן יבש 750 מ,קראכר אילמיץ,ES,יין מאד האוס סובניון בלאן לבן 750מל,מיליליטרים,750.00,"100 מ""ל",false,1,60.00,8.0000,true,1,320755
9421901669003,false,יין סוביניון בלאן אי,,NZ,יין סוביניון בלאן אינביבו 750 מל,מיליליטרים,750.00,"100 מ""ל",false,1,60.00,8.0000,true,1,328677
9421901669058,false,יין פינו גרי אינביבו,,NZ,יין פינו גרי אינביבו 750 מל,מיליליטרים,750.00,"100 מ""ל",false,1,60.00,8.0000,true,1,328678
9421901669713,false,יין גראם נורטון סבונ,,NZ,יין גראם נורטון סבוניון בלאן 750 מל,מיליליטרים,750.00,"100 מ""ל",false,1,60.00,8.0000,true,1,328700
9421905673006,false,יין גסיקה פרקר ס.בלא,,NZ,יין גסיקה פרקר ס.בלאן אינביבו שרה 750 מל,מיליליטרים,750.00,"100 מ""ל",false,1,75.00,10.0000,true,1,328676
9421905673105,false,יין גסיקה פרקר רוזה,,FR,יין גסיקה פרקר רוזה אינביבו שרה 750 מל,מיליליטרים,750.00,"100 מ""ל",false,1,75.00,10.0000,true,1,328675
9555256600272,false,כפפות לטקס סמול 100י,,MY,כפפות לטקס סמול 100יח עם אבקה,יחידה,100.00,יחידה,false,10,44.90,0.4490,true,1,324989
9720006678751,false,כבד דגים איסלנד 115 גרם,איטל איסלנד,IS,כבד דג שיבוט במיץ טבעי 115 גרם,גרמים,115.00,100 גרם,false,24,7.90,6.8696,true,1,314605
9720188050109,false,ממרח על בסיס סויה בסגנון גבינה טופוטי 225 גרם,טופוטי ברנדס אינק.ג',IL,ממרח טופו 225 גרם,גרמים,225.00,100 גרם,false,1,21.90,9.7333,true,1,218740
9720188060108,false,ממרח על בסיס סויה בסגון שמנת טופוטי 340 גרם,טופוטי ברנדס אינק.ג',IL,טופוטי - ממרח טופו בטעם שמנת - 340 גר,גרמים,340.00,100 גרם,false,1,21.90,6.4412,true,1,218741
9771565039118,false,עיתון לאישה,,,חוברת לאישה,Unknown,0.00,Unknown,false,1,21.90,0.0000,true,1,219691
9771565039125,false,עיתון לאישה יום ב,ידיעות אחרונות,,חוברת לאישה,Unknown,0.00,Unknown,false,1,21.90,0.0000,true,1,219972
9771565051035,false,עיתון ידיעות אחרונות,,,עיתון ידיעות אחרונות ערב חג,Unknown,0.00,Unknown,false,1,20.00,0.0000,true,1,218749
9771565051059,false,עיתון ידיעות אחרונות,,,עיתון ידיעות אחרונות ערב חג,Unknown,0.00,Unknown,false,1,20.00,0.0000,true,1,242421
9771565051066,false,עיתון ידיעות אחרונות,ידיעות אחרונות,,ידיעות שישי,Unknown,0.00,Unknown,false,1,20.00,0.0000,true,1,220066
